recv_time,book_timestamp,n_bids,n_asks,mid,spread,bid_px_0,bid_vol_0,bid_px_1,bid_vol_1,bid_px_2,bid_vol_2,bid_px_3,bid_vol_3,bid_px_4,bid_vol_4,bid_px_5,bid_vol_5,bid_px_6,bid_vol_6,bid_px_7,bid_vol_7,bid_px_8,bid_vol_8,bid_px_9,bid_vol_9,ask_px_0,ask_vol_0,ask_px_1,ask_vol_1,ask_px_2,ask_vol_2,ask_px_3,ask_vol_3,ask_px_4,ask_vol_4,ask_px_5,ask_vol_5,ask_px_6,ask_vol_6,ask_px_7,ask_vol_7,ask_px_8,ask_vol_8,ask_px_9,ask_vol_9
2026-07-01T19:00:00.282089+00:00,2026-07-01T19:00:00.309263,2,2,82.45,0.3,82.3,55,82.1,150,,,,,,,,,,,,,,,,,82.6,150,82.8,100,,,,,,,,,,,,,,,,
2026-07-01T19:00:01.300154+00:00,2026-07-01T19:00:01.300031,3,2,82.5,0.2,82.4,5,82.3,55,82.1,150,,,,,,,,,,,,,,,82.6,150,82.8,100,,,,,,,,,,,,,,,,
2026-07-01T19:00:02.219275+00:00,2026-07-01T19:00:02.219217,2,1,82.5,0.2,82.4,5,82.1,150,,,,,,,,,,,,,,,,,82.6,150,,,,,,,,,,,,,,,,,,
2026-07-01T19:00:02.273154+00:00,2026-07-01T19:00:02.272979,3,1,82.5,0.2,82.4,5,82.3,100,82.1,150,,,,,,,,,,,,,,,82.6,150,,,,,,,,,,,,,,,,,,
2026-07-01T19:00:02.324522+00:00,2026-07-01T19:00:02.324446,3,2,82.5,0.2,82.4,5,82.3,100,82.1,150,,,,,,,,,,,,,,,82.6,150,82.8,100,,,,,,,,,,,,,,,,
2026-07-01T19:00:02.428570+00:00,2026-07-01T19:00:02.428442,2,2,82.45,0.3,82.3,55,82.1,150,,,,,,,,,,,,,,,,,82.6,150,82.8,100,,,,,,,,,,,,,,,,
2026-07-01T19:00:02.494826+00:00,2026-07-01T19:00:02.458808,2,2,82.45,0.3,82.3,55,82.1,150,,,,,,,,,,,,,,,,,82.6,147,82.8,100,,,,,,,,,,,,,,,,
2026-07-01T19:00:02.551959+00:00,2026-07-01T19:00:02.551909,3,2,82.5,0.2,82.4,6,82.3,55,82.1,150,,,,,,,,,,,,,,,82.6,147,82.8,100,,,,,,,,,,,,,,,,
2026-07-01T19:00:02.778390+00:00,2026-07-01T19:00:02.778311,2,1,82.6,0.4,82.4,6,82.3,55,,,,,,,,,,,,,,,,,82.8,100,,,,,,,,,,,,,,,,,,
2026-07-01T19:00:02.840704+00:00,2026-07-01T19:00:02.840570,3,1,82.6,0.4,82.4,6,82.3,55,82.2,150,,,,,,,,,,,,,,,82.8,100,,,,,,,,,,,,,,,,,,
2026-07-01T19:00:02.894792+00:00,2026-07-01T19:00:02.894918,3,2,82.55,0.3,82.4,6,82.3,55,82.2,150,,,,,,,,,,,,,,,82.7,150,82.8,100,,,,,,,,,,,,,,,,
2026-07-01T19:00:04.533422+00:00,2026-07-01T19:00:04.533583,2,2,82.5,0.4,82.3,11,82.2,150,,,,,,,,,,,,,,,,,82.7,150,82.8,100,,,,,,,,,,,,,,,,
2026-07-01T19:00:04.558715+00:00,2026-07-01T19:00:04.555246,2,2,82.5,0.4,82.3,17,82.2,150,,,,,,,,,,,,,,,,,82.7,150,82.8,100,,,,,,,,,,,,,,,,
2026-07-01T19:00:05.143900+00:00,2026-07-01T19:00:05.143804,2,2,82.5,0.4,82.3,16,82.2,150,,,,,,,,,,,,,,,,,82.7,150,82.8,100,,,,,,,,,,,,,,,,
2026-07-01T19:00:05.381269+00:00,2026-07-01T19:00:05.381430,2,1,82.5,0.4,82.3,5,82.2,150,,,,,,,,,,,,,,,,,82.7,150,,,,,,,,,,,,,,,,,,
2026-07-01T19:00:05.436516+00:00,2026-07-01T19:00:05.436434,3,1,82.5,0.4,82.3,5,82.2,150,82.1,100,,,,,,,,,,,,,,,82.7,150,,,,,,,,,,,,,,,,,,
2026-07-01T19:00:05.486800+00:00,2026-07-01T19:00:05.486732,3,2,82.45,0.3,82.3,5,82.2,150,82.1,100,,,,,,,,,,,,,,,82.6,100,82.7,150,,,,,,,,,,,,,,,,
2026-07-01T19:00:05.958911+00:00,2026-07-01T19:00:05.958733,2,1,82.45,0.3,82.3,5,82.1,100,,,,,,,,,,,,,,,,,82.6,100,,,,,,,,,,,,,,,,,,
2026-07-01T19:00:06.005746+00:00,2026-07-01T19:00:06.005647,3,1,82.45,0.3,82.3,5,82.2,150,82.1,100,,,,,,,,,,,,,,,82.6,100,,,,,,,,,,,,,,,,,,
2026-07-01T19:00:06.058578+00:00,2026-07-01T19:00:06.053036,3,2,82.45,0.3,82.3,5,82.2,150,82.1,100,,,,,,,,,,,,,,,82.6,100,82.7,150,,,,,,,,,,,,,,,,
2026-07-01T19:00:06.221379+00:00,2026-07-01T19:00:06.208215,3,2,82.45,0.3,82.3,5,82.2,150,82.1,100,,,,,,,,,,,,,,,82.6,55,82.7,150,,,,,,,,,,,,,,,,
2026-07-01T19:00:06.270469+00:00,2026-07-01T19:00:06.270373,2,2,82.4,0.4,82.2,107,82.1,100,,,,,,,,,,,,,,,,,82.6,55,82.7,150,,,,,,,,,,,,,,,,
2026-07-01T19:00:06.366178+00:00,2026-07-01T19:00:06.365994,3,2,82.45,0.3,82.3,6,82.2,107,82.1,100,,,,,,,,,,,,,,,82.6,55,82.7,150,,,,,,,,,,,,,,,,
2026-07-01T19:00:06.658660+00:00,2026-07-01T19:00:06.644884,2,2,82.4,0.4,82.2,63,82.1,100,,,,,,,,,,,,,,,,,82.6,55,82.7,150,,,,,,,,,,,,,,,,
2026-07-01T19:00:07.632818+00:00,2026-07-01T19:00:07.632680,3,2,82.45,0.3,82.3,5,82.2,63,82.1,100,,,,,,,,,,,,,,,82.6,55,82.7,150,,,,,,,,,,,,,,,,
2026-07-01T19:00:08.558607+00:00,2026-07-01T19:00:08.544769,2,1,82.5,0.4,82.3,5,82.2,63,,,,,,,,,,,,,,,,,82.7,150,,,,,,,,,,,,,,,,,,
2026-07-01T19:00:08.606093+00:00,2026-07-01T19:00:08.605993,3,1,82.5,0.4,82.3,5,82.2,63,82.1,100,,,,,,,,,,,,,,,82.7,150,,,,,,,,,,,,,,,,,,
2026-07-01T19:00:08.658643+00:00,2026-07-01T19:00:08.649510,3,2,82.45,0.3,82.3,5,82.2,63,82.1,100,,,,,,,,,,,,,,,82.6,100,82.7,150,,,,,,,,,,,,,,,,
2026-07-01T19:00:08.758608+00:00,2026-07-01T19:00:08.754582,2,2,82.4,0.4,82.2,18,82.1,100,,,,,,,,,,,,,,,,,82.6,100,82.7,150,,,,,,,,,,,,,,,,
2026-07-01T19:00:08.763818+00:00,2026-07-01T19:00:08.763740,3,2,82.45,0.3,82.3,5,82.2,18,82.1,100,,,,,,,,,,,,,,,82.6,100,82.7,150,,,,,,,,,,,,,,,,
2026-07-01T19:00:09.109248+00:00,2026-07-01T19:00:09.109160,2,1,82.45,0.3,82.3,5,82.1,100,,,,,,,,,,,,,,,,,82.6,100,,,,,,,,,,,,,,,,,,
2026-07-01T19:00:09.180419+00:00,2026-07-01T19:00:09.180314,3,1,82.45,0.3,82.3,5,82.1,100,81.7,150,,,,,,,,,,,,,,,82.6,100,,,,,,,,,,,,,,,,,,
2026-07-01T19:00:09.240055+00:00,2026-07-01T19:00:09.240142,2,2,82.15,0.1,82.1,100,81.7,150,,,,,,,,,,,,,,,,,82.2,145,82.6,100,,,,,,,,,,,,,,,,
2026-07-01T19:00:09.250269+00:00,2026-07-01T19:00:09.244552,2,2,82.15,0.1,82.1,100,81.7,150,,,,,,,,,,,,,,,,,82.2,99,82.6,100,,,,,,,,,,,,,,,,
2026-07-01T19:00:10.325524+00:00,2026-07-01T19:00:10.318801,2,2,82.15,0.1,82.1,88,81.7,150,,,,,,,,,,,,,,,,,82.2,99,82.6,100,,,,,,,,,,,,,,,,
2026-07-01T19:00:10.858596+00:00,2026-07-01T19:00:10.858439,2,2,82.15,0.1,82.1,38,81.7,150,,,,,,,,,,,,,,,,,82.2,99,82.6,100,,,,,,,,,,,,,,,,
2026-07-01T19:00:11.590298+00:00,2026-07-01T19:00:11.590467,2,2,82.15,0.1,82.1,38,81.7,150,,,,,,,,,,,,,,,,,82.2,57,82.6,100,,,,,,,,,,,,,,,,
2026-07-01T19:00:11.638843+00:00,2026-07-01T19:00:11.630406,2,2,82.15,0.1,82.1,27,81.7,150,,,,,,,,,,,,,,,,,82.2,57,82.6,100,,,,,,,,,,,,,,,,
2026-07-01T19:00:11.712788+00:00,2026-07-01T19:00:11.712631,1,1,81.95,0.5,81.7,150,,,,,,,,,,,,,,,,,,,82.2,57,,,,,,,,,,,,,,,,,,
2026-07-01T19:00:11.763971+00:00,2026-07-01T19:00:11.763933,2,1,81.95,0.5,81.7,150,81.6,100,,,,,,,,,,,,,,,,,82.2,57,,,,,,,,,,,,,,,,,,
2026-07-01T19:00:11.816189+00:00,2026-07-01T19:00:11.816127,2,2,81.9,0.4,81.7,150,81.6,100,,,,,,,,,,,,,,,,,82.1,100,82.2,57,,,,,,,,,,,,,,,,
2026-07-01T19:00:12.293482+00:00,2026-07-01T19:00:12.293389,1,1,81.85,0.5,81.6,100,,,,,,,,,,,,,,,,,,,82.1,100,,,,,,,,,,,,,,,,,,
2026-07-01T19:00:12.348293+00:00,2026-07-01T19:00:12.348171,2,1,81.9,0.4,81.7,150,81.6,100,,,,,,,,,,,,,,,,,82.1,100,,,,,,,,,,,,,,,,,,
2026-07-01T19:00:12.401701+00:00,2026-07-01T19:00:12.401648,2,2,81.9,0.4,81.7,150,81.6,100,,,,,,,,,,,,,,,,,82.1,100,82.2,150,,,,,,,,,,,,,,,,
2026-07-01T19:00:12.636155+00:00,2026-07-01T19:00:12.636095,2,2,81.9,0.4,81.7,102,81.6,100,,,,,,,,,,,,,,,,,82.1,100,82.2,150,,,,,,,,,,,,,,,,
2026-07-01T19:00:12.801788+00:00,2026-07-01T19:00:12.801715,2,3,81.9,0.4,81.7,102,81.6,100,,,,,,,,,,,,,,,,,82.1,100,82.2,150,82.4,5,,,,,,,,,,,,,,
2026-07-01T19:00:14.198070+00:00,2026-07-01T19:00:14.198284,2,3,81.9,0.4,81.7,102,81.6,100,,,,,,,,,,,,,,,,,82.1,58,82.2,150,82.4,4,,,,,,,,,,,,,,
2026-07-01T19:00:14.824487+00:00,2026-07-01T19:00:14.824648,2,3,81.9,0.4,81.7,56,81.6,100,,,,,,,,,,,,,,,,,82.1,58,82.2,150,82.4,4,,,,,,,,,,,,,,
2026-07-01T19:00:14.873419+00:00,2026-07-01T19:00:14.873558,1,2,81.95,0.5,81.7,56,,,,,,,,,,,,,,,,,,,82.2,150,82.4,4,,,,,,,,,,,,,,,,
2026-07-01T19:00:14.919542+00:00,2026-07-01T19:00:14.919491,1,2,81.95,0.5,81.7,156,,,,,,,,,,,,,,,,,,,82.2,150,82.4,4,,,,,,,,,,,,,,,,
2026-07-01T19:00:14.978240+00:00,2026-07-01T19:00:14.978195,1,2,81.95,0.5,81.7,156,,,,,,,,,,,,,,,,,,,82.2,250,82.4,4,,,,,,,,,,,,,,,,
2026-07-01T19:00:15.383072+00:00,2026-07-01T19:00:15.383288,1,2,81.95,0.5,81.7,156,,,,,,,,,,,,,,,,,,,82.2,204,82.4,4,,,,,,,,,,,,,,,,
2026-07-01T19:00:15.458502+00:00,2026-07-01T19:00:15.458699,1,2,81.95,0.5,81.7,100,,,,,,,,,,,,,,,,,,,82.2,100,82.4,4,,,,,,,,,,,,,,,,
2026-07-01T19:00:15.511660+00:00,2026-07-01T19:00:15.511573,2,2,81.95,0.5,81.7,100,81.4,150,,,,,,,,,,,,,,,,,82.2,100,82.4,4,,,,,,,,,,,,,,,,
2026-07-01T19:00:15.558623+00:00,2026-07-01T19:00:15.554856,2,3,81.8,0.2,81.7,100,81.4,150,,,,,,,,,,,,,,,,,81.9,150,82.2,100,82.4,4,,,,,,,,,,,,,,
2026-07-01T19:00:15.936090+00:00,2026-07-01T19:00:15.935965,2,3,81.8,0.2,81.7,100,81.4,150,,,,,,,,,,,,,,,,,81.9,110,82.2,100,82.4,4,,,,,,,,,,,,,,
2026-07-01T19:00:16.468948+00:00,2026-07-01T19:00:16.468883,2,3,81.8,0.2,81.7,58,81.4,150,,,,,,,,,,,,,,,,,81.9,110,82.2,100,82.4,4,,,,,,,,,,,,,,
2026-07-01T19:00:17.290956+00:00,2026-07-01T19:00:17.285355,2,3,81.8,0.2,81.7,58,81.4,150,,,,,,,,,,,,,,,,,81.9,107,82.2,100,82.4,4,,,,,,,,,,,,,,
2026-07-01T19:00:17.353938+00:00,2026-07-01T19:00:17.354046,2,2,81.8,0.2,81.7,58,81.4,150,,,,,,,,,,,,,,,,,81.9,107,82.2,100,,,,,,,,,,,,,,,,
2026-07-01T19:00:17.783884+00:00,2026-07-01T19:00:17.783841,2,2,81.8,0.2,81.7,58,81.4,150,,,,,,,,,,,,,,,,,81.9,107,82.2,105,,,,,,,,,,,,,,,,
2026-07-01T19:00:18.036290+00:00,2026-07-01T19:00:18.036209,1,2,81.65,0.5,81.4,150,,,,,,,,,,,,,,,,,,,81.9,107,82.2,5,,,,,,,,,,,,,,,,
2026-07-01T19:00:18.086473+00:00,2026-07-01T19:00:18.086433,2,2,81.75,0.3,81.6,100,81.4,150,,,,,,,,,,,,,,,,,81.9,107,82.2,5,,,,,,,,,,,,,,,,
2026-07-01T19:00:18.121189+00:00,2026-07-01T19:00:18.121068,2,2,81.75,0.3,81.6,100,81.4,150,,,,,,,,,,,,,,,,,81.9,62,82.2,5,,,,,,,,,,,,,,,,
2026-07-01T19:00:18.158577+00:00,2026-07-01T19:00:18.148631,2,3,81.75,0.3,81.6,100,81.4,150,,,,,,,,,,,,,,,,,81.9,62,82.1,100,82.2,5,,,,,,,,,,,,,,
2026-07-01T19:00:18.186646+00:00,2026-07-01T19:00:18.177917,2,3,81.75,0.3,81.6,100,81.4,150,,,,,,,,,,,,,,,,,81.9,54,82.1,100,82.2,5,,,,,,,,,,,,,,
2026-07-01T19:00:18.618883+00:00,2026-07-01T19:00:18.618812,1,2,81.85,0.5,81.6,100,,,,,,,,,,,,,,,,,,,82.1,100,82.2,5,,,,,,,,,,,,,,,,
2026-07-01T19:00:18.673225+00:00,2026-07-01T19:00:18.673094,2,2,82.0,0.2,81.9,150,81.6,100,,,,,,,,,,,,,,,,,82.1,100,82.2,5,,,,,,,,,,,,,,,,
2026-07-01T19:00:18.726988+00:00,2026-07-01T19:00:18.726865,2,3,82.0,0.2,81.9,150,81.6,100,,,,,,,,,,,,,,,,,82.1,100,82.2,5,82.4,150,,,,,,,,,,,,,,
2026-07-01T19:00:19.863983+00:00,2026-07-01T19:00:19.863852,2,3,82.0,0.2,81.9,150,81.6,100,,,,,,,,,,,,,,,,,82.1,100,82.2,4,82.4,150,,,,,,,,,,,,,,
2026-07-01T19:00:21.115972+00:00,2026-07-01T19:00:21.115883,2,3,82.0,0.2,81.9,150,81.6,100,,,,,,,,,,,,,,,,,82.1,100,82.2,2,82.4,150,,,,,,,,,,,,,,
2026-07-01T19:00:21.211485+00:00,2026-07-01T19:00:21.211424,1,2,82.05,0.3,81.9,150,,,,,,,,,,,,,,,,,,,82.2,2,82.4,150,,,,,,,,,,,,,,,,
2026-07-01T19:00:21.269297+00:00,2026-07-01T19:00:21.269202,2,2,82.05,0.3,81.9,150,81.6,100,,,,,,,,,,,,,,,,,82.2,2,82.4,150,,,,,,,,,,,,,,,,
2026-07-01T19:00:21.338932+00:00,2026-07-01T19:00:21.339194,2,3,82.0,0.2,81.9,150,81.6,100,,,,,,,,,,,,,,,,,82.1,100,82.2,2,82.4,150,,,,,,,,,,,,,,
2026-07-01T19:00:21.368993+00:00,2026-07-01T19:00:21.368840,2,3,82.0,0.2,81.9,150,81.6,100,,,,,,,,,,,,,,,,,82.1,50,82.2,2,82.4,150,,,,,,,,,,,,,,
2026-07-01T19:00:21.779685+00:00,2026-07-01T19:00:21.779516,1,2,81.85,0.5,81.6,100,,,,,,,,,,,,,,,,,,,82.1,50,82.2,2,,,,,,,,,,,,,,,,
2026-07-01T19:00:21.844071+00:00,2026-07-01T19:00:21.844000,2,2,82.0,0.2,81.9,150,81.6,100,,,,,,,,,,,,,,,,,82.1,50,82.2,2,,,,,,,,,,,,,,,,
2026-07-01T19:00:21.895232+00:00,2026-07-01T19:00:21.895188,2,3,82.0,0.2,81.9,150,81.6,100,,,,,,,,,,,,,,,,,82.1,50,82.2,2,82.4,150,,,,,,,,,,,,,,
2026-07-01T19:00:23.463868+00:00,2026-07-01T19:00:23.463779,2,2,82.05,0.3,81.9,150,81.6,100,,,,,,,,,,,,,,,,,82.2,2,82.4,150,,,,,,,,,,,,,,,,
2026-07-01T19:00:24.402122+00:00,2026-07-01T19:00:24.402033,1,2,82.05,0.3,81.9,150,,,,,,,,,,,,,,,,,,,82.2,2,82.4,150,,,,,,,,,,,,,,,,
2026-07-01T19:00:24.468982+00:00,2026-07-01T19:00:24.468898,1,2,82.05,0.3,81.9,250,,,,,,,,,,,,,,,,,,,82.2,2,82.4,150,,,,,,,,,,,,,,,,
2026-07-01T19:00:24.525149+00:00,2026-07-01T19:00:24.525019,1,2,82.05,0.3,81.9,250,,,,,,,,,,,,,,,,,,,82.2,2,82.4,250,,,,,,,,,,,,,,,,
2026-07-01T19:00:24.958598+00:00,2026-07-01T19:00:24.948072,1,2,82.05,0.3,81.9,100,,,,,,,,,,,,,,,,,,,82.2,2,82.4,100,,,,,,,,,,,,,,,,
2026-07-01T19:00:25.007882+00:00,2026-07-01T19:00:25.007809,1,2,82.05,0.3,81.9,250,,,,,,,,,,,,,,,,,,,82.2,2,82.4,100,,,,,,,,,,,,,,,,
2026-07-01T19:00:25.063818+00:00,2026-07-01T19:00:25.063774,1,2,82.05,0.3,81.9,250,,,,,,,,,,,,,,,,,,,82.2,2,82.4,250,,,,,,,,,,,,,,,,
2026-07-01T19:00:25.566106+00:00,2026-07-01T19:00:25.566042,1,1,82.15,0.5,81.9,250,,,,,,,,,,,,,,,,,,,82.4,202,,,,,,,,,,,,,,,,,,
2026-07-01T19:00:25.889562+00:00,2026-07-01T19:00:25.889463,1,2,82.05,0.3,81.9,250,,,,,,,,,,,,,,,,,,,82.2,5,82.4,202,,,,,,,,,,,,,,,,
2026-07-01T19:00:27.578562+00:00,2026-07-01T19:00:27.578415,1,2,82.05,0.3,81.9,150,,,,,,,,,,,,,,,,,,,82.2,5,82.4,150,,,,,,,,,,,,,,,,
2026-07-01T19:00:27.634244+00:00,2026-07-01T19:00:27.634355,2,2,82.1,0.2,82.0,100,81.9,150,,,,,,,,,,,,,,,,,82.2,5,82.4,150,,,,,,,,,,,,,,,,
2026-07-01T19:00:27.686803+00:00,2026-07-01T19:00:27.686741,2,3,82.1,0.2,82.0,100,81.9,150,,,,,,,,,,,,,,,,,82.2,5,82.4,150,82.5,100,,,,,,,,,,,,,,
2026-07-01T19:00:27.834359+00:00,2026-07-01T19:00:27.834248,2,3,82.1,0.2,82.0,53,81.9,150,,,,,,,,,,,,,,,,,82.2,5,82.4,150,82.5,100,,,,,,,,,,,,,,
2026-07-01T19:00:28.112780+00:00,2026-07-01T19:00:28.112946,1,2,82.1,0.2,82.0,53,,,,,,,,,,,,,,,,,,,82.2,5,82.5,100,,,,,,,,,,,,,,,,
2026-07-01T19:00:28.168981+00:00,2026-07-01T19:00:28.168901,2,2,82.1,0.2,82.0,53,81.8,150,,,,,,,,,,,,,,,,,82.2,5,82.5,100,,,,,,,,,,,,,,,,
2026-07-01T19:00:28.219079+00:00,2026-07-01T19:00:28.218972,2,3,82.1,0.2,82.0,53,81.8,150,,,,,,,,,,,,,,,,,82.2,5,82.3,150,82.5,100,,,,,,,,,,,,,,
2026-07-01T19:00:28.630826+00:00,2026-07-01T19:00:28.624302,2,3,82.1,0.2,82.0,42,81.8,150,,,,,,,,,,,,,,,,,82.2,5,82.3,150,82.5,100,,,,,,,,,,,,,,
2026-07-01T19:00:29.085091+00:00,2026-07-01T19:00:29.084984,2,3,82.1,0.2,82.0,42,81.8,150,,,,,,,,,,,,,,,,,82.2,4,82.3,150,82.5,100,,,,,,,,,,,,,,
2026-07-01T19:00:29.288604+00:00,2026-07-01T19:00:29.288455,2,2,82.15,0.3,82.0,42,81.8,150,,,,,,,,,,,,,,,,,82.3,108,82.5,100,,,,,,,,,,,,,,,,
2026-07-01T19:00:29.780715+00:00,2026-07-01T19:00:29.780596,2,2,82.15,0.3,82.0,42,81.8,150,,,,,,,,,,,,,,,,,82.3,58,82.5,100,,,,,,,,,,,,,,,,
2026-07-01T19:00:30.738252+00:00,2026-07-01T19:00:30.738154,2,1,82.15,0.3,82.0,42,81.8,150,,,,,,,,,,,,,,,,,82.3,58,,,,,,,,,,,,,,,,,,
2026-07-01T19:00:30.743560+00:00,2026-07-01T19:00:30.743397,1,1,82.05,0.5,81.8,150,,,,,,,,,,,,,,,,,,,82.3,58,,,,,,,,,,,,,,,,,,
2026-07-01T19:00:30.797663+00:00,2026-07-01T19:00:30.797514,2,1,82.1,0.4,81.9,100,81.8,150,,,,,,,,,,,,,,,,,82.3,58,,,,,,,,,,,,,,,,,,
2026-07-01T19:00:30.858863+00:00,2026-07-01T19:00:30.858716,2,2,82.1,0.4,81.9,100,81.8,150,,,,,,,,,,,,,,,,,82.3,58,82.4,100,,,,,,,,,,,,,,,,
2026-07-01T19:00:31.274935+00:00,2026-07-01T19:00:31.274839,1,1,82.15,0.5,81.9,100,,,,,,,,,,,,,,,,,,,82.4,100,,,,,,,,,,,,,,,,,,
2026-07-01T19:00:31.337773+00:00,2026-07-01T19:00:31.331921,2,1,82.35,0.1,82.3,138,81.9,100,,,,,,,,,,,,,,,,,82.4,100,,,,,,,,,,,,,,,,,,
2026-07-01T19:00:31.381239+00:00,2026-07-01T19:00:31.381118,2,2,82.35,0.1,82.3,138,81.9,100,,,,,,,,,,,,,,,,,82.4,100,82.8,150,,,,,,,,,,,,,,,,
2026-07-01T19:00:31.632164+00:00,2026-07-01T19:00:31.632369,2,2,82.35,0.1,82.3,133,81.9,100,,,,,,,,,,,,,,,,,82.4,100,82.8,150,,,,,,,,,,,,,,,,
2026-07-01T19:00:31.888231+00:00,2026-07-01T19:00:31.888067,2,2,82.35,0.1,82.3,133,81.9,100,,,,,,,,,,,,,,,,,82.4,50,82.8,150,,,,,,,,,,,,,,,,
2026-07-01T19:00:32.020340+00:00,2026-07-01T19:00:32.020488,2,2,82.35,0.1,82.3,84,81.9,100,,,,,,,,,,,,,,,,,82.4,50,82.8,150,,,,,,,,,,,,,,,,
2026-07-01T19:00:32.303251+00:00,2026-07-01T19:00:32.303367,2,2,82.35,0.1,82.3,79,81.9,100,,,,,,,,,,,,,,,,,82.4,50,82.8,150,,,,,,,,,,,,,,,,
2026-07-01T19:00:32.603571+00:00,2026-07-01T19:00:32.597800,2,2,82.35,0.1,82.3,68,81.9,100,,,,,,,,,,,,,,,,,82.4,50,82.8,150,,,,,,,,,,,,,,,,
2026-07-01T19:00:33.140922+00:00,2026-07-01T19:00:33.141077,2,2,82.35,0.1,82.3,63,81.9,100,,,,,,,,,,,,,,,,,82.4,50,82.8,150,,,,,,,,,,,,,,,,
2026-07-01T19:00:33.904290+00:00,2026-07-01T19:00:33.904259,1,1,82.55,0.5,82.3,63,,,,,,,,,,,,,,,,,,,82.8,150,,,,,,,,,,,,,,,,,,
2026-07-01T19:00:33.958598+00:00,2026-07-01T19:00:33.955875,2,1,82.55,0.5,82.3,63,82.0,100,,,,,,,,,,,,,,,,,82.8,150,,,,,,,,,,,,,,,,,,
2026-07-01T19:00:34.007687+00:00,2026-07-01T19:00:34.007578,2,1,82.55,0.5,82.3,63,82.0,100,,,,,,,,,,,,,,,,,82.8,100,,,,,,,,,,,,,,,,,,
2026-07-01T19:00:34.012681+00:00,2026-07-01T19:00:34.012753,2,2,82.4,0.2,82.3,63,82.0,100,,,,,,,,,,,,,,,,,82.5,100,82.8,100,,,,,,,,,,,,,,,,
2026-07-01T19:00:34.431531+00:00,2026-07-01T19:00:34.431478,2,1,82.4,0.2,82.3,63,82.0,100,,,,,,,,,,,,,,,,,82.5,100,,,,,,,,,,,,,,,,,,
2026-07-01T19:00:34.436769+00:00,2026-07-01T19:00:34.436682,1,1,82.25,0.5,82.0,100,,,,,,,,,,,,,,,,,,,82.5,100,,,,,,,,,,,,,,,,,,
2026-07-01T19:00:34.485893+00:00,2026-07-01T19:00:34.485842,2,1,82.3,0.4,82.1,150,82.0,100,,,,,,,,,,,,,,,,,82.5,100,,,,,,,,,,,,,,,,,,
2026-07-01T19:00:34.558667+00:00,2026-07-01T19:00:34.544029,2,2,82.3,0.4,82.1,150,82.0,100,,,,,,,,,,,,,,,,,82.5,100,82.6,150,,,,,,,,,,,,,,,,
2026-07-01T19:00:35.223333+00:00,2026-07-01T19:00:35.223291,2,2,82.3,0.4,82.1,150,82.0,104,,,,,,,,,,,,,,,,,82.5,100,82.6,150,,,,,,,,,,,,,,,,
2026-07-01T19:00:36.115228+00:00,2026-07-01T19:00:36.115137,2,2,82.3,0.4,82.1,150,82.0,104,,,,,,,,,,,,,,,,,82.5,50,82.6,150,,,,,,,,,,,,,,,,
2026-07-01T19:00:37.058679+00:00,2026-07-01T19:00:37.056649,2,1,82.35,0.5,82.1,150,82.0,104,,,,,,,,,,,,,,,,,82.6,150,,,,,,,,,,,,,,,,,,
2026-07-01T19:00:37.063801+00:00,2026-07-01T19:00:37.063697,2,1,82.35,0.5,82.1,150,82.0,4,,,,,,,,,,,,,,,,,82.6,150,,,,,,,,,,,,,,,,,,
2026-07-01T19:00:37.120406+00:00,2026-07-01T19:00:37.120254,2,1,82.35,0.5,82.1,250,82.0,4,,,,,,,,,,,,,,,,,82.6,150,,,,,,,,,,,,,,,,,,
2026-07-01T19:00:37.173259+00:00,2026-07-01T19:00:37.173161,2,1,82.35,0.5,82.1,250,82.0,4,,,,,,,,,,,,,,,,,82.6,250,,,,,,,,,,,,,,,,,,
2026-07-01T19:00:37.233842+00:00,2026-07-01T19:00:37.233778,2,1,82.35,0.5,82.1,250,82.0,2,,,,,,,,,,,,,,,,,82.6,250,,,,,,,,,,,,,,,,,,
2026-07-01T19:00:37.600421+00:00,2026-07-01T19:00:37.600238,2,1,82.35,0.5,82.1,100,82.0,2,,,,,,,,,,,,,,,,,82.6,100,,,,,,,,,,,,,,,,,,
2026-07-01T19:00:37.647309+00:00,2026-07-01T19:00:37.647585,2,1,82.35,0.5,82.1,250,82.0,2,,,,,,,,,,,,,,,,,82.6,100,,,,,,,,,,,,,,,,,,
2026-07-01T19:00:37.710696+00:00,2026-07-01T19:00:37.710495,2,1,82.35,0.5,82.1,250,82.0,2,,,,,,,,,,,,,,,,,82.6,250,,,,,,,,,,,,,,,,,,
2026-07-01T19:00:38.067912+00:00,2026-07-01T19:00:38.067786,2,1,82.35,0.5,82.1,250,82.0,1,,,,,,,,,,,,,,,,,82.6,250,,,,,,,,,,,,,,,,,,
2026-07-01T19:00:38.288681+00:00,2026-07-01T19:00:38.288559,2,1,82.35,0.5,82.1,200,82.0,1,,,,,,,,,,,,,,,,,82.6,250,,,,,,,,,,,,,,,,,,
2026-07-01T19:00:38.689897+00:00,2026-07-01T19:00:38.690070,2,1,82.35,0.5,82.1,152,82.0,1,,,,,,,,,,,,,,,,,82.6,250,,,,,,,,,,,,,,,,,,
2026-07-01T19:00:39.193247+00:00,2026-07-01T19:00:39.193155,1,1,82.35,0.5,82.1,152,,,,,,,,,,,,,,,,,,,82.6,250,,,,,,,,,,,,,,,,,,
2026-07-01T19:00:39.734652+00:00,2026-07-01T19:00:39.734794,1,2,82.25,0.3,82.1,152,,,,,,,,,,,,,,,,,,,82.4,5,82.6,250,,,,,,,,,,,,,,,,
2026-07-01T19:00:40.226501+00:00,2026-07-01T19:00:40.226439,1,2,82.25,0.3,82.1,152,,,,,,,,,,,,,,,,,,,82.4,5,82.6,150,,,,,,,,,,,,,,,,
2026-07-01T19:00:40.231758+00:00,2026-07-01T19:00:40.231595,1,2,82.25,0.3,82.1,150,,,,,,,,,,,,,,,,,,,82.4,5,82.6,150,,,,,,,,,,,,,,,,
2026-07-01T19:00:40.286556+00:00,2026-07-01T19:00:40.286405,2,2,82.25,0.3,82.1,150,81.9,100,,,,,,,,,,,,,,,,,82.4,5,82.6,150,,,,,,,,,,,,,,,,
2026-07-01T19:00:40.336494+00:00,2026-07-01T19:00:40.336402,2,2,82.25,0.3,82.1,150,81.9,100,,,,,,,,,,,,,,,,,82.4,105,82.6,150,,,,,,,,,,,,,,,,
2026-07-01T19:00:40.358615+00:00,2026-07-01T19:00:40.346827,2,2,82.25,0.3,82.1,150,81.9,100,,,,,,,,,,,,,,,,,82.4,55,82.6,150,,,,,,,,,,,,,,,,
2026-07-01T19:00:40.394834+00:00,2026-07-01T19:00:40.394802,2,2,82.25,0.3,82.1,150,81.9,100,,,,,,,,,,,,,,,,,82.4,60,82.6,150,,,,,,,,,,,,,,,,
2026-07-01T19:00:40.740029+00:00,2026-07-01T19:00:40.739884,2,2,82.25,0.3,82.1,150,81.9,100,,,,,,,,,,,,,,,,,82.4,58,82.6,150,,,,,,,,,,,,,,,,
2026-07-01T19:00:40.758613+00:00,2026-07-01T19:00:40.755520,2,1,82.25,0.3,82.1,150,81.9,100,,,,,,,,,,,,,,,,,82.4,58,,,,,,,,,,,,,,,,,,
2026-07-01T19:00:40.763748+00:00,2026-07-01T19:00:40.763694,1,1,82.15,0.5,81.9,100,,,,,,,,,,,,,,,,,,,82.4,58,,,,,,,,,,,,,,,,,,
2026-07-01T19:00:40.787456+00:00,2026-07-01T19:00:40.787373,1,1,82.15,0.5,81.9,100,,,,,,,,,,,,,,,,,,,82.4,57,,,,,,,,,,,,,,,,,,
2026-07-01T19:00:40.820721+00:00,2026-07-01T19:00:40.820637,2,1,82.3,0.2,82.2,150,81.9,100,,,,,,,,,,,,,,,,,82.4,57,,,,,,,,,,,,,,,,,,
2026-07-01T19:00:40.874442+00:00,2026-07-01T19:00:40.874331,2,2,82.3,0.2,82.2,150,81.9,100,,,,,,,,,,,,,,,,,82.4,57,82.7,150,,,,,,,,,,,,,,,,
2026-07-01T19:00:40.949982+00:00,2026-07-01T19:00:40.949853,2,2,82.3,0.2,82.2,150,81.9,100,,,,,,,,,,,,,,,,,82.4,56,82.7,150,,,,,,,,,,,,,,,,
2026-07-01T19:00:41.924730+00:00,2026-07-01T19:00:41.924626,2,2,82.3,0.2,82.2,150,81.9,100,,,,,,,,,,,,,,,,,82.4,55,82.7,150,,,,,,,,,,,,,,,,
2026-07-01T19:00:42.674102+00:00,2026-07-01T19:00:42.674262,2,2,82.3,0.2,82.2,150,81.9,100,,,,,,,,,,,,,,,,,82.4,6,82.7,150,,,,,,,,,,,,,,,,
2026-07-01T19:00:42.820133+00:00,2026-07-01T19:00:42.819993,3,2,82.3,0.2,82.2,150,82.1,6,81.9,100,,,,,,,,,,,,,,,82.4,6,82.7,150,,,,,,,,,,,,,,,,
2026-07-01T19:00:43.393626+00:00,2026-07-01T19:00:43.393811,2,1,82.45,0.5,82.2,150,82.1,6,,,,,,,,,,,,,,,,,82.7,150,,,,,,,,,,,,,,,,,,
2026-07-01T19:00:43.448497+00:00,2026-07-01T19:00:43.448656,3,1,82.5,0.4,82.3,100,82.2,150,82.1,6,,,,,,,,,,,,,,,82.7,150,,,,,,,,,,,,,,,,,,
2026-07-01T19:00:43.502043+00:00,2026-07-01T19:00:43.502007,3,2,82.5,0.4,82.3,100,82.2,150,82.1,6,,,,,,,,,,,,,,,82.7,150,82.8,100,,,,,,,,,,,,,,,,
2026-07-01T19:00:43.758632+00:00,2026-07-01T19:00:43.745258,3,2,82.5,0.4,82.3,53,82.2,150,82.1,6,,,,,,,,,,,,,,,82.7,150,82.8,100,,,,,,,,,,,,,,,,
2026-07-01T19:00:43.928051+00:00,2026-07-01T19:00:43.927944,2,1,82.55,0.5,82.3,53,82.1,6,,,,,,,,,,,,,,,,,82.8,100,,,,,,,,,,,,,,,,,,
2026-07-01T19:00:43.980884+00:00,2026-07-01T19:00:43.980804,2,1,82.55,0.5,82.3,203,82.1,6,,,,,,,,,,,,,,,,,82.8,100,,,,,,,,,,,,,,,,,,
2026-07-01T19:00:44.033020+00:00,2026-07-01T19:00:44.032938,2,1,82.55,0.5,82.3,203,82.1,6,,,,,,,,,,,,,,,,,82.8,250,,,,,,,,,,,,,,,,,,
2026-07-01T19:00:44.577370+00:00,2026-07-01T19:00:44.577532,2,1,82.55,0.5,82.3,203,82.1,6,,,,,,,,,,,,,,,,,82.8,200,,,,,,,,,,,,,,,,,,
2026-07-01T19:00:45.003141+00:00,2026-07-01T19:00:45.002924,2,1,82.55,0.5,82.3,203,82.1,2,,,,,,,,,,,,,,,,,82.8,200,,,,,,,,,,,,,,,,,,
2026-07-01T19:00:45.771056+00:00,2026-07-01T19:00:45.771204,2,1,82.55,0.5,82.3,203,82.1,2,,,,,,,,,,,,,,,,,82.8,159,,,,,,,,,,,,,,,,,,
2026-07-01T19:00:46.558669+00:00,2026-07-01T19:00:46.554895,1,1,82.55,0.5,82.3,150,,,,,,,,,,,,,,,,,,,82.8,150,,,,,,,,,,,,,,,,,,
2026-07-01T19:00:46.616781+00:00,2026-07-01T19:00:46.616696,2,1,82.75,0.1,82.7,100,82.3,150,,,,,,,,,,,,,,,,,82.8,150,,,,,,,,,,,,,,,,,,
2026-07-01T19:00:46.672459+00:00,2026-07-01T19:00:46.672366,2,2,82.75,0.1,82.7,100,82.3,150,,,,,,,,,,,,,,,,,82.8,150,83.2,100,,,,,,,,,,,,,,,,
2026-07-01T19:00:46.737163+00:00,2026-07-01T19:00:46.737059,2,2,82.75,0.1,82.7,50,82.3,150,,,,,,,,,,,,,,,,,82.8,150,83.2,100,,,,,,,,,,,,,,,,
2026-07-01T19:00:46.893997+00:00,2026-07-01T19:00:46.894170,2,2,82.75,0.1,82.7,8,82.3,150,,,,,,,,,,,,,,,,,82.8,150,83.2,100,,,,,,,,,,,,,,,,
2026-07-01T19:00:47.086627+00:00,2026-07-01T19:00:47.086589,1,1,82.95,0.5,82.7,8,,,,,,,,,,,,,,,,,,,83.2,100,,,,,,,,,,,,,,,,,,
2026-07-01T19:00:47.141863+00:00,2026-07-01T19:00:47.141759,2,1,82.95,0.5,82.7,8,82.6,150,,,,,,,,,,,,,,,,,83.2,100,,,,,,,,,,,,,,,,,,
2026-07-01T19:00:47.194956+00:00,2026-07-01T19:00:47.194874,2,2,82.9,0.4,82.7,8,82.6,150,,,,,,,,,,,,,,,,,83.1,150,83.2,100,,,,,,,,,,,,,,,,
2026-07-01T19:00:47.463916+00:00,2026-07-01T19:00:47.464140,1,2,82.85,0.5,82.6,110,,,,,,,,,,,,,,,,,,,83.1,150,83.2,100,,,,,,,,,,,,,,,,
2026-07-01T19:00:49.243954+00:00,2026-07-01T19:00:49.234373,1,2,82.85,0.5,82.6,107,,,,,,,,,,,,,,,,,,,83.1,150,83.2,100,,,,,,,,,,,,,,,,
2026-07-01T19:00:49.731951+00:00,2026-07-01T19:00:49.731854,1,1,82.85,0.5,82.6,107,,,,,,,,,,,,,,,,,,,83.1,150,,,,,,,,,,,,,,,,,,
2026-07-01T19:00:49.786245+00:00,2026-07-01T19:00:49.786329,2,1,82.85,0.5,82.6,107,82.2,100,,,,,,,,,,,,,,,,,83.1,150,,,,,,,,,,,,,,,,,,
2026-07-01T19:00:49.840257+00:00,2026-07-01T19:00:49.840111,2,2,82.65,0.1,82.6,107,82.2,100,,,,,,,,,,,,,,,,,82.7,100,83.1,150,,,,,,,,,,,,,,,,
2026-07-01T19:00:50.205408+00:00,2026-07-01T19:00:50.205318,3,2,82.65,0.1,82.6,107,82.3,6,82.2,100,,,,,,,,,,,,,,,82.7,100,83.1,150,,,,,,,,,,,,,,,,
2026-07-01T19:00:50.258943+00:00,2026-07-01T19:00:50.258769,2,1,82.5,0.4,82.3,6,82.2,100,,,,,,,,,,,,,,,,,82.7,100,,,,,,,,,,,,,,,,,,
2026-07-01T19:00:50.306777+00:00,2026-07-01T19:00:50.306634,3,1,82.5,0.4,82.3,6,82.2,100,82.1,150,,,,,,,,,,,,,,,82.7,100,,,,,,,,,,,,,,,,,,
2026-07-01T19:00:50.358544+00:00,2026-07-01T19:00:50.350748,3,2,82.45,0.3,82.3,6,82.2,100,82.1,150,,,,,,,,,,,,,,,82.6,150,82.7,100,,,,,,,,,,,,,,,,
2026-07-01T19:00:50.964218+00:00,2026-07-01T19:00:50.963860,2,2,82.4,0.4,82.2,56,82.1,150,,,,,,,,,,,,,,,,,82.6,150,82.7,100,,,,,,,,,,,,,,,,
2026-07-01T19:00:52.891109+00:00,2026-07-01T19:00:52.890996,2,1,82.4,0.4,82.2,56,82.1,150,,,,,,,,,,,,,,,,,82.6,150,,,,,,,,,,,,,,,,,,
2026-07-01T19:00:52.896301+00:00,2026-07-01T19:00:52.896184,1,1,82.35,0.5,82.1,150,,,,,,,,,,,,,,,,,,,82.6,150,,,,,,,,,,,,,,,,,,
2026-07-01T19:00:52.958587+00:00,2026-07-01T19:00:52.945321,1,1,82.35,0.5,82.1,250,,,,,,,,,,,,,,,,,,,82.6,150,,,,,,,,,,,,,,,,,,
2026-07-01T19:00:52.998959+00:00,2026-07-01T19:00:52.998870,1,1,82.35,0.5,82.1,250,,,,,,,,,,,,,,,,,,,82.6,250,,,,,,,,,,,,,,,,,,
2026-07-01T19:00:53.410656+00:00,2026-07-01T19:00:53.410772,1,1,82.35,0.5,82.1,100,,,,,,,,,,,,,,,,,,,82.6,100,,,,,,,,,,,,,,,,,,
2026-07-01T19:00:53.464069+00:00,2026-07-01T19:00:53.463910,2,1,82.4,0.4,82.2,150,82.1,100,,,,,,,,,,,,,,,,,82.6,100,,,,,,,,,,,,,,,,,,
2026-07-01T19:00:53.520884+00:00,2026-07-01T19:00:53.520720,2,2,82.4,0.4,82.2,150,82.1,100,,,,,,,,,,,,,,,,,82.6,100,82.7,150,,,,,,,,,,,,,,,,
2026-07-01T19:00:55.109272+00:00,2026-07-01T19:00:55.109135,2,2,82.4,0.4,82.2,150,82.1,100,,,,,,,,,,,,,,,,,82.6,50,82.7,150,,,,,,,,,,,,,,,,
2026-07-01T19:00:56.057269+00:00,2026-07-01T19:00:56.057381,1,1,82.45,0.5,82.2,150,,,,,,,,,,,,,,,,,,,82.7,150,,,,,,,,,,,,,,,,,,
2026-07-01T19:00:56.111078+00:00,2026-07-01T19:00:56.111290,2,1,82.5,0.4,82.3,100,82.2,150,,,,,,,,,,,,,,,,,82.7,150,,,,,,,,,,,,,,,,,,
2026-07-01T19:00:56.158588+00:00,2026-07-01T19:00:56.155087,2,2,82.5,0.4,82.3,100,82.2,150,,,,,,,,,,,,,,,,,82.7,150,82.8,100,,,,,,,,,,,,,,,,
2026-07-01T19:00:56.575095+00:00,2026-07-01T19:00:56.574959,1,1,82.55,0.5,82.3,100,,,,,,,,,,,,,,,,,,,82.8,100,,,,,,,,,,,,,,,,,,
2026-07-01T19:00:56.630477+00:00,2026-07-01T19:00:56.630413,2,1,82.55,0.5,82.3,100,82.0,150,,,,,,,,,,,,,,,,,82.8,100,,,,,,,,,,,,,,,,,,
2026-07-01T19:00:56.683825+00:00,2026-07-01T19:00:56.683743,2,2,82.4,0.2,82.3,100,82.0,150,,,,,,,,,,,,,,,,,82.5,150,82.8,100,,,,,,,,,,,,,,,,
2026-07-01T19:00:57.229175+00:00,2026-07-01T19:00:57.228968,2,2,82.4,0.2,82.3,105,82.0,150,,,,,,,,,,,,,,,,,82.5,150,82.8,100,,,,,,,,,,,,,,,,
2026-07-01T19:00:57.258682+00:00,2026-07-01T19:00:57.244745,2,2,82.4,0.2,82.3,105,82.0,150,,,,,,,,,,,,,,,,,82.5,100,82.8,100,,,,,,,,,,,,,,,,
2026-07-01T19:00:57.306959+00:00,2026-07-01T19:00:57.306842,2,3,82.4,0.2,82.3,105,82.0,150,,,,,,,,,,,,,,,,,82.5,100,82.6,1,82.8,100,,,,,,,,,,,,,,
2026-07-01T19:00:57.999980+00:00,2026-07-01T19:00:57.999875,2,2,82.4,0.2,82.3,105,82.0,150,,,,,,,,,,,,,,,,,82.5,100,82.8,100,,,,,,,,,,,,,,,,
2026-07-01T19:00:58.388941+00:00,2026-07-01T19:00:58.388891,2,2,82.4,0.2,82.3,100,82.0,150,,,,,,,,,,,,,,,,,82.5,100,82.8,100,,,,,,,,,,,,,,,,
2026-07-01T19:00:58.543071+00:00,2026-07-01T19:00:58.542922,2,2,82.4,0.2,82.3,100,82.0,150,,,,,,,,,,,,,,,,,82.5,54,82.8,100,,,,,,,,,,,,,,,,
2026-07-01T19:00:58.937781+00:00,2026-07-01T19:00:58.937963,3,2,82.4,0.2,82.3,100,82.2,4,82.0,150,,,,,,,,,,,,,,,82.5,54,82.8,100,,,,,,,,,,,,,,,,
2026-07-01T19:00:59.219986+00:00,2026-07-01T19:00:59.219888,2,1,82.35,0.3,82.2,4,82.0,150,,,,,,,,,,,,,,,,,82.5,54,,,,,,,,,,,,,,,,,,
2026-07-01T19:00:59.275285+00:00,2026-07-01T19:00:59.275152,2,1,82.35,0.3,82.2,104,82.0,150,,,,,,,,,,,,,,,,,82.5,54,,,,,,,,,,,,,,,,,,
2026-07-01T19:00:59.327836+00:00,2026-07-01T19:00:59.327718,2,2,82.35,0.3,82.2,104,82.0,150,,,,,,,,,,,,,,,,,82.5,55,82.7,100,,,,,,,,,,,,,,,,
2026-07-01T19:00:59.352532+00:00,2026-07-01T19:00:59.352664,2,2,82.35,0.3,82.2,104,82.0,150,,,,,,,,,,,,,,,,,82.5,5,82.7,100,,,,,,,,,,,,,,,,
2026-07-01T19:00:59.718475+00:00,2026-07-01T19:00:59.718372,2,1,82.45,0.5,82.2,104,82.0,150,,,,,,,,,,,,,,,,,82.7,63,,,,,,,,,,,,,,,,,,
2026-07-01T19:00:59.734676+00:00,2026-07-01T19:00:59.734581,2,2,82.35,0.3,82.2,104,82.0,150,,,,,,,,,,,,,,,,,82.5,1,82.7,63,,,,,,,,,,,,,,,,
2026-07-01T19:00:59.739824+00:00,2026-07-01T19:00:59.739733,1,2,82.35,0.3,82.2,104,,,,,,,,,,,,,,,,,,,82.5,1,82.7,63,,,,,,,,,,,,,,,,
2026-07-01T19:00:59.793827+00:00,2026-07-01T19:00:59.793764,2,0,,,82.7,86,82.2,104,,,,,,,,,,,,,,,,,,,,,,,,,,,,,,,,,,,,
2026-07-01T19:00:59.819519+00:00,2026-07-01T19:00:59.819455,2,0,,,82.7,85,82.2,104,,,,,,,,,,,,,,,,,,,,,,,,,,,,,,,,,,,,
2026-07-01T19:00:59.840322+00:00,2026-07-01T19:00:59.840244,2,0,,,82.7,84,82.2,104,,,,,,,,,,,,,,,,,,,,,,,,,,,,,,,,,,,,
2026-07-01T19:00:59.858586+00:00,2026-07-01T19:00:59.845581,2,1,82.95,0.5,82.7,84,82.2,104,,,,,,,,,,,,,,,,,83.2,150,,,,,,,,,,,,,,,,,,
2026-07-01T19:00:59.897297+00:00,2026-07-01T19:00:59.897251,2,1,82.95,0.5,82.7,83,82.2,104,,,,,,,,,,,,,,,,,83.2,150,,,,,,,,,,,,,,,,,,
2026-07-01T19:00:59.926770+00:00,2026-07-01T19:00:59.926674,2,1,82.95,0.5,82.7,82,82.2,104,,,,,,,,,,,,,,,,,83.2,150,,,,,,,,,,,,,,,,,,
2026-07-01T19:00:59.950900+00:00,2026-07-01T19:00:59.950778,2,1,82.95,0.5,82.7,81,82.2,104,,,,,,,,,,,,,,,,,83.2,150,,,,,,,,,,,,,,,,,,
2026-07-01T19:00:59.974007+00:00,2026-07-01T19:00:59.973945,2,1,82.95,0.5,82.7,80,82.2,104,,,,,,,,,,,,,,,,,83.2,150,,,,,,,,,,,,,,,,,,
2026-07-01T19:01:00.028652+00:00,2026-07-01T19:01:00.028601,2,1,82.95,0.5,82.7,79,82.2,104,,,,,,,,,,,,,,,,,83.2,150,,,,,,,,,,,,,,,,,,
2026-07-01T19:01:00.058751+00:00,2026-07-01T19:01:00.046037,2,1,82.95,0.5,82.7,78,82.2,104,,,,,,,,,,,,,,,,,83.2,150,,,,,,,,,,,,,,,,,,
2026-07-01T19:01:00.079720+00:00,2026-07-01T19:01:00.079859,2,1,82.95,0.5,82.7,77,82.2,104,,,,,,,,,,,,,,,,,83.2,150,,,,,,,,,,,,,,,,,,
2026-07-01T19:01:00.208652+00:00,2026-07-01T19:01:00.208541,2,1,82.95,0.5,82.7,33,82.2,104,,,,,,,,,,,,,,,,,83.2,150,,,,,,,,,,,,,,,,,,
2026-07-01T19:01:00.372765+00:00,2026-07-01T19:01:00.372857,2,1,82.95,0.5,82.7,32,82.2,104,,,,,,,,,,,,,,,,,83.2,150,,,,,,,,,,,,,,,,,,
2026-07-01T19:01:00.564209+00:00,2026-07-01T19:01:00.564153,2,1,82.95,0.5,82.7,31,82.2,104,,,,,,,,,,,,,,,,,83.2,150,,,,,,,,,,,,,,,,,,
2026-07-01T19:01:00.687911+00:00,2026-07-01T19:01:00.688100,2,1,82.95,0.5,82.7,30,82.2,104,,,,,,,,,,,,,,,,,83.2,150,,,,,,,,,,,,,,,,,,
2026-07-01T19:01:00.743085+00:00,2026-07-01T19:01:00.742933,2,1,82.95,0.5,82.7,29,82.2,104,,,,,,,,,,,,,,,,,83.2,150,,,,,,,,,,,,,,,,,,
2026-07-01T19:01:00.768714+00:00,2026-07-01T19:01:00.768837,2,1,82.95,0.5,82.7,28,82.2,104,,,,,,,,,,,,,,,,,83.2,150,,,,,,,,,,,,,,,,,,
2026-07-01T19:01:00.896944+00:00,2026-07-01T19:01:00.896849,2,1,82.95,0.5,82.7,27,82.2,104,,,,,,,,,,,,,,,,,83.2,150,,,,,,,,,,,,,,,,,,
2026-07-01T19:01:00.958565+00:00,2026-07-01T19:01:00.946356,2,1,82.95,0.5,82.7,26,82.2,104,,,,,,,,,,,,,,,,,83.2,150,,,,,,,,,,,,,,,,,,
2026-07-01T19:01:01.031324+00:00,2026-07-01T19:01:01.031269,2,1,82.95,0.5,82.7,25,82.2,104,,,,,,,,,,,,,,,,,83.2,150,,,,,,,,,,,,,,,,,,
2026-07-01T19:01:01.068313+00:00,2026-07-01T19:01:01.068249,2,1,82.95,0.5,82.7,24,82.2,104,,,,,,,,,,,,,,,,,83.2,150,,,,,,,,,,,,,,,,,,
2026-07-01T19:01:01.100341+00:00,2026-07-01T19:01:01.100516,2,1,82.95,0.5,82.7,23,82.2,104,,,,,,,,,,,,,,,,,83.2,150,,,,,,,,,,,,,,,,,,
2026-07-01T19:01:01.125745+00:00,2026-07-01T19:01:01.125693,2,1,82.95,0.5,82.7,22,82.2,104,,,,,,,,,,,,,,,,,83.2,150,,,,,,,,,,,,,,,,,,
2026-07-01T19:01:01.158824+00:00,2026-07-01T19:01:01.158689,2,1,82.95,0.5,82.7,21,82.2,104,,,,,,,,,,,,,,,,,83.2,150,,,,,,,,,,,,,,,,,,
2026-07-01T19:01:01.489799+00:00,2026-07-01T19:01:01.489976,2,1,82.95,0.5,82.7,21,82.2,104,,,,,,,,,,,,,,,,,83.2,100,,,,,,,,,,,,,,,,,,
2026-07-01T19:01:02.382427+00:00,2026-07-01T19:01:02.382343,1,1,82.95,0.5,82.7,21,,,,,,,,,,,,,,,,,,,83.2,100,,,,,,,,,,,,,,,,,,
2026-07-01T19:01:02.436499+00:00,2026-07-01T19:01:02.436437,2,1,82.95,0.5,82.7,21,82.4,100,,,,,,,,,,,,,,,,,83.2,100,,,,,,,,,,,,,,,,,,
2026-07-01T19:01:02.492865+00:00,2026-07-01T19:01:02.492722,2,2,82.8,0.2,82.7,21,82.4,100,,,,,,,,,,,,,,,,,82.9,100,83.2,100,,,,,,,,,,,,,,,,
2026-07-01T19:01:02.904765+00:00,2026-07-01T19:01:02.904911,1,1,82.65,0.5,82.4,100,,,,,,,,,,,,,,,,,,,82.9,100,,,,,,,,,,,,,,,,,,
2026-07-01T19:01:02.958625+00:00,2026-07-01T19:01:02.954211,2,1,82.65,0.5,82.4,100,82.3,150,,,,,,,,,,,,,,,,,82.9,100,,,,,,,,,,,,,,,,,,
2026-07-01T19:01:03.012096+00:00,2026-07-01T19:01:03.011924,2,2,82.6,0.4,82.4,100,82.3,150,,,,,,,,,,,,,,,,,82.8,150,82.9,100,,,,,,,,,,,,,,,,
2026-07-01T19:01:03.597453+00:00,2026-07-01T19:01:03.597347,2,2,82.6,0.4,82.4,100,82.3,150,,,,,,,,,,,,,,,,,82.8,100,82.9,100,,,,,,,,,,,,,,,,
2026-07-01T19:01:04.141091+00:00,2026-07-01T19:01:04.140988,2,2,82.6,0.4,82.4,100,82.3,150,,,,,,,,,,,,,,,,,82.8,56,82.9,100,,,,,,,,,,,,,,,,
2026-07-01T19:01:05.117779+00:00,2026-07-01T19:01:05.117624,2,2,82.6,0.4,82.4,106,82.3,150,,,,,,,,,,,,,,,,,82.8,56,82.9,100,,,,,,,,,,,,,,,,
2026-07-01T19:01:05.558662+00:00,2026-07-01T19:01:05.546145,2,1,82.6,0.4,82.4,6,82.3,150,,,,,,,,,,,,,,,,,82.8,56,,,,,,,,,,,,,,,,,,
2026-07-01T19:01:05.600260+00:00,2026-07-01T19:01:05.600387,2,1,82.6,0.4,82.4,6,82.3,250,,,,,,,,,,,,,,,,,82.8,56,,,,,,,,,,,,,,,,,,
2026-07-01T19:01:05.658630+00:00,2026-07-01T19:01:05.652864,2,1,82.6,0.4,82.4,6,82.3,250,,,,,,,,,,,,,,,,,82.8,156,,,,,,,,,,,,,,,,,,
2026-07-01T19:01:06.074720+00:00,2026-07-01T19:01:06.074664,2,1,82.6,0.4,82.4,6,82.3,250,,,,,,,,,,,,,,,,,82.8,100,,,,,,,,,,,,,,,,,,
2026-07-01T19:01:06.079948+00:00,2026-07-01T19:01:06.079860,2,1,82.6,0.4,82.4,6,82.3,100,,,,,,,,,,,,,,,,,82.8,100,,,,,,,,,,,,,,,,,,
2026-07-01T19:01:06.133997+00:00,2026-07-01T19:01:06.133807,3,1,82.7,0.2,82.6,150,82.4,6,82.3,100,,,,,,,,,,,,,,,82.8,100,,,,,,,,,,,,,,,,,,
2026-07-01T19:01:06.186970+00:00,2026-07-01T19:01:06.186805,3,2,82.7,0.2,82.6,150,82.4,6,82.3,100,,,,,,,,,,,,,,,82.8,100,83.1,150,,,,,,,,,,,,,,,,
2026-07-01T19:01:06.270408+00:00,2026-07-01T19:01:06.270345,3,3,82.65,0.1,82.6,150,82.4,6,82.3,100,,,,,,,,,,,,,,,82.7,1,82.8,100,83.1,150,,,,,,,,,,,,,,
2026-07-01T19:01:08.631719+00:00,2026-07-01T19:01:08.631690,3,2,82.7,0.2,82.6,150,82.4,6,82.3,100,,,,,,,,,,,,,,,82.8,100,83.1,150,,,,,,,,,,,,,,,,
2026-07-01T19:01:08.702955+00:00,2026-07-01T19:01:08.702881,3,1,82.85,0.5,82.6,150,82.4,6,82.3,100,,,,,,,,,,,,,,,83.1,150,,,,,,,,,,,,,,,,,,
2026-07-01T19:01:08.707955+00:00,2026-07-01T19:01:08.708050,2,1,82.85,0.5,82.6,150,82.4,6,,,,,,,,,,,,,,,,,83.1,150,,,,,,,,,,,,,,,,,,
2026-07-01T19:01:08.763949+00:00,2026-07-01T19:01:08.763886,2,1,82.85,0.5,82.6,250,82.4,6,,,,,,,,,,,,,,,,,83.1,150,,,,,,,,,,,,,,,,,,
2026-07-01T19:01:08.812387+00:00,2026-07-01T19:01:08.812329,2,1,82.85,0.5,82.6,250,82.4,6,,,,,,,,,,,,,,,,,83.1,250,,,,,,,,,,,,,,,,,,
2026-07-01T19:01:09.239379+00:00,2026-07-01T19:01:09.239295,2,1,82.85,0.5,82.6,100,82.4,6,,,,,,,,,,,,,,,,,83.1,100,,,,,,,,,,,,,,,,,,
2026-07-01T19:01:09.294252+00:00,2026-07-01T19:01:09.294128,3,1,83.0,0.2,82.9,150,82.6,100,82.4,6,,,,,,,,,,,,,,,83.1,100,,,,,,,,,,,,,,,,,,
2026-07-01T19:01:09.352058+00:00,2026-07-01T19:01:09.346559,3,2,83.0,0.2,82.9,147,82.6,100,82.4,6,,,,,,,,,,,,,,,83.1,100,83.4,150,,,,,,,,,,,,,,,,
2026-07-01T19:01:09.992419+00:00,2026-07-01T19:01:09.992325,3,2,83.0,0.2,82.9,97,82.6,100,82.4,6,,,,,,,,,,,,,,,83.1,100,83.4,150,,,,,,,,,,,,,,,,
2026-07-01T19:01:11.354064+00:00,2026-07-01T19:01:11.354019,3,2,83.0,0.2,82.9,49,82.6,100,82.4,6,,,,,,,,,,,,,,,83.1,100,83.4,150,,,,,,,,,,,,,,,,
2026-07-01T19:01:11.869320+00:00,2026-07-01T19:01:11.869243,2,1,83.15,0.5,82.9,49,82.4,6,,,,,,,,,,,,,,,,,83.4,150,,,,,,,,,,,,,,,,,,
2026-07-01T19:01:11.922801+00:00,2026-07-01T19:01:11.922713,3,1,83.15,0.5,82.9,49,82.5,100,82.4,6,,,,,,,,,,,,,,,83.4,150,,,,,,,,,,,,,,,,,,
2026-07-01T19:01:11.980032+00:00,2026-07-01T19:01:11.979921,3,2,82.95,0.1,82.9,49,82.5,100,82.4,6,,,,,,,,,,,,,,,83.0,100,83.4,150,,,,,,,,,,,,,,,,
2026-07-01T19:01:12.100823+00:00,2026-07-01T19:01:12.100719,2,2,82.75,0.5,82.5,99,82.4,6,,,,,,,,,,,,,,,,,83.0,100,83.4,150,,,,,,,,,,,,,,,,
2026-07-01T19:01:12.402713+00:00,2026-07-01T19:01:12.402865,2,1,82.75,0.5,82.5,99,82.4,6,,,,,,,,,,,,,,,,,83.0,100,,,,,,,,,,,,,,,,,,
2026-07-01T19:01:12.463987+00:00,2026-07-01T19:01:12.463855,3,1,82.75,0.5,82.5,99,82.4,6,82.2,150,,,,,,,,,,,,,,,83.0,100,,,,,,,,,,,,,,,,,,
2026-07-01T19:01:12.516493+00:00,2026-07-01T19:01:12.511243,3,2,82.6,0.2,82.5,99,82.4,6,82.2,150,,,,,,,,,,,,,,,82.7,147,83.0,100,,,,,,,,,,,,,,,,
2026-07-01T19:01:13.325430+00:00,2026-07-01T19:01:13.294845,3,2,82.6,0.2,82.5,99,82.4,6,82.2,150,,,,,,,,,,,,,,,82.7,144,83.0,100,,,,,,,,,,,,,,,,
2026-07-01T19:01:14.815061+00:00,2026-07-01T19:01:14.814886,3,2,82.6,0.2,82.5,99,82.4,5,82.2,150,,,,,,,,,,,,,,,82.7,144,83.0,100,,,,,,,,,,,,,,,,
2026-07-01T19:01:15.039614+00:00,2026-07-01T19:01:15.039562,2,1,82.55,0.3,82.4,5,82.2,150,,,,,,,,,,,,,,,,,82.7,144,,,,,,,,,,,,,,,,,,
2026-07-01T19:01:15.096649+00:00,2026-07-01T19:01:15.096558,2,1,82.55,0.3,82.4,5,82.2,150,,,,,,,,,,,,,,,,,82.7,44,,,,,,,,,,,,,,,,,,
2026-07-01T19:01:15.146197+00:00,2026-07-01T19:01:15.146475,2,2,82.55,0.3,82.4,5,82.2,150,,,,,,,,,,,,,,,,,82.7,44,83.2,100,,,,,,,,,,,,,,,,
2026-07-01T19:01:15.458564+00:00,2026-07-01T19:01:15.454007,2,2,82.55,0.3,82.4,5,82.2,150,,,,,,,,,,,,,,,,,82.7,3,83.2,100,,,,,,,,,,,,,,,,
2026-07-01T19:01:15.564096+00:00,2026-07-01T19:01:15.563945,1,1,82.8,0.8,82.4,5,,,,,,,,,,,,,,,,,,,83.2,100,,,,,,,,,,,,,,,,,,
2026-07-01T19:01:15.628320+00:00,2026-07-01T19:01:15.621941,2,1,83.1,0.2,83.0,147,82.4,5,,,,,,,,,,,,,,,,,83.2,100,,,,,,,,,,,,,,,,,,
2026-07-01T19:01:15.672477+00:00,2026-07-01T19:01:15.672436,2,2,83.1,0.2,83.0,147,82.4,5,,,,,,,,,,,,,,,,,83.2,100,83.5,150,,,,,,,,,,,,,,,,
2026-07-01T19:01:16.468955+00:00,2026-07-01T19:01:16.468827,2,2,83.1,0.2,83.0,104,82.4,5,,,,,,,,,,,,,,,,,83.2,100,83.5,150,,,,,,,,,,,,,,,,
2026-07-01T19:01:18.078567+00:00,2026-07-01T19:01:18.078430,1,2,83.1,0.2,83.0,56,,,,,,,,,,,,,,,,,,,83.2,100,83.5,150,,,,,,,,,,,,,,,,
2026-07-01T19:01:18.205959+00:00,2026-07-01T19:01:18.205815,1,1,83.25,0.5,83.0,56,,,,,,,,,,,,,,,,,,,83.5,150,,,,,,,,,,,,,,,,,,
2026-07-01T19:01:18.241793+00:00,2026-07-01T19:01:18.248013,2,1,83.25,0.5,83.0,56,82.5,100,,,,,,,,,,,,,,,,,83.5,150,,,,,,,,,,,,,,,,,,
2026-07-01T19:01:18.310268+00:00,2026-07-01T19:01:18.310179,1,2,82.75,0.5,82.5,100,,,,,,,,,,,,,,,,,,,83.0,44,83.5,150,,,,,,,,,,,,,,,,
2026-07-01T19:01:18.728662+00:00,2026-07-01T19:01:18.728757,1,1,82.75,0.5,82.5,100,,,,,,,,,,,,,,,,,,,83.0,44,,,,,,,,,,,,,,,,,,
2026-07-01T19:01:18.790062+00:00,2026-07-01T19:01:18.789966,1,1,82.75,0.5,82.5,250,,,,,,,,,,,,,,,,,,,83.0,44,,,,,,,,,,,,,,,,,,
2026-07-01T19:01:18.842272+00:00,2026-07-01T19:01:18.842180,2,1,82.8,0.4,82.6,6,82.5,250,,,,,,,,,,,,,,,,,83.0,194,,,,,,,,,,,,,,,,,,
2026-07-01T19:01:19.458658+00:00,2026-07-01T19:01:19.442825,2,1,82.8,0.4,82.6,5,82.5,250,,,,,,,,,,,,,,,,,83.0,194,,,,,,,,,,,,,,,,,,
2026-07-01T19:01:21.363940+00:00,2026-07-01T19:01:21.363806,2,1,82.8,0.4,82.6,5,82.5,150,,,,,,,,,,,,,,,,,83.0,150,,,,,,,,,,,,,,,,,,
2026-07-01T19:01:21.419848+00:00,2026-07-01T19:01:21.419802,2,1,82.8,0.4,82.6,5,82.5,250,,,,,,,,,,,,,,,,,83.0,150,,,,,,,,,,,,,,,,,,
2026-07-01T19:01:21.472565+00:00,2026-07-01T19:01:21.472704,2,1,82.8,0.4,82.6,5,82.5,250,,,,,,,,,,,,,,,,,83.0,250,,,,,,,,,,,,,,,,,,
2026-07-01T19:01:21.896209+00:00,2026-07-01T19:01:21.896359,2,1,82.8,0.4,82.6,5,82.5,100,,,,,,,,,,,,,,,,,83.0,100,,,,,,,,,,,,,,,,,,
2026-07-01T19:01:21.958767+00:00,2026-07-01T19:01:21.958725,3,1,82.8,0.4,82.6,5,82.5,100,82.4,150,,,,,,,,,,,,,,,83.0,100,,,,,,,,,,,,,,,,,,
2026-07-01T19:01:22.004307+00:00,2026-07-01T19:01:22.004445,3,2,82.75,0.3,82.6,5,82.5,100,82.4,150,,,,,,,,,,,,,,,82.9,150,83.0,100,,,,,,,,,,,,,,,,
2026-07-01T19:01:22.312442+00:00,2026-07-01T19:01:22.312316,3,2,82.75,0.3,82.6,5,82.5,100,82.4,150,,,,,,,,,,,,,,,82.9,106,83.0,100,,,,,,,,,,,,,,,,
2026-07-01T19:01:22.627404+00:00,2026-07-01T19:01:22.627358,2,2,82.7,0.4,82.5,55,82.4,150,,,,,,,,,,,,,,,,,82.9,106,83.0,100,,,,,,,,,,,,,,,,
2026-07-01T19:01:22.945840+00:00,2026-07-01T19:01:22.946038,2,2,82.7,0.4,82.5,9,82.4,150,,,,,,,,,,,,,,,,,82.9,106,83.0,100,,,,,,,,,,,,,,,,
2026-07-01T19:01:24.528196+00:00,2026-07-01T19:01:24.528157,1,1,82.65,0.5,82.4,150,,,,,,,,,,,,,,,,,,,82.9,106,,,,,,,,,,,,,,,,,,
2026-07-01T19:01:24.582116+00:00,2026-07-01T19:01:24.582207,2,1,82.65,0.5,82.4,150,82.2,100,,,,,,,,,,,,,,,,,82.9,106,,,,,,,,,,,,,,,,,,
2026-07-01T19:01:24.634972+00:00,2026-07-01T19:01:24.635072,2,2,82.55,0.3,82.4,150,82.2,100,,,,,,,,,,,,,,,,,82.7,100,82.9,106,,,,,,,,,,,,,,,,
2026-07-01T19:01:25.058606+00:00,2026-07-01T19:01:25.056621,1,1,82.45,0.5,82.2,100,,,,,,,,,,,,,,,,,,,82.7,100,,,,,,,,,,,,,,,,,,
2026-07-01T19:01:25.118286+00:00,2026-07-01T19:01:25.118172,2,1,82.6,0.2,82.5,150,82.2,100,,,,,,,,,,,,,,,,,82.7,100,,,,,,,,,,,,,,,,,,
2026-07-01T19:01:25.171527+00:00,2026-07-01T19:01:25.171435,2,2,82.6,0.2,82.5,150,82.2,100,,,,,,,,,,,,,,,,,82.7,100,83.0,150,,,,,,,,,,,,,,,,
2026-07-01T19:01:26.829493+00:00,2026-07-01T19:01:26.829443,2,2,82.6,0.2,82.5,100,82.2,100,,,,,,,,,,,,,,,,,82.7,100,83.0,150,,,,,,,,,,,,,,,,
2026-07-01T19:01:27.690087+00:00,2026-07-01T19:01:27.689994,1,1,82.75,0.5,82.5,100,,,,,,,,,,,,,,,,,,,83.0,150,,,,,,,,,,,,,,,,,,
2026-07-01T19:01:27.743112+00:00,2026-07-01T19:01:27.743028,2,1,82.75,0.5,82.5,100,82.3,100,,,,,,,,,,,,,,,,,83.0,150,,,,,,,,,,,,,,,,,,
2026-07-01T19:01:27.792747+00:00,2026-07-01T19:01:27.792634,2,2,82.65,0.3,82.5,100,82.3,100,,,,,,,,,,,,,,,,,82.8,100,83.0,150,,,,,,,,,,,,,,,,
2026-07-01T19:01:27.940623+00:00,2026-07-01T19:01:27.940485,2,2,82.65,0.3,82.5,100,82.3,100,,,,,,,,,,,,,,,,,82.8,105,83.0,150,,,,,,,,,,,,,,,,
2026-07-01T19:01:28.224710+00:00,2026-07-01T19:01:28.224635,1,1,82.55,0.5,82.3,100,,,,,,,,,,,,,,,,,,,82.8,105,,,,,,,,,,,,,,,,,,
2026-07-01T19:01:28.279179+00:00,2026-07-01T19:01:28.279259,2,1,82.55,0.5,82.3,100,82.2,150,,,,,,,,,,,,,,,,,82.8,105,,,,,,,,,,,,,,,,,,
2026-07-01T19:01:28.333244+00:00,2026-07-01T19:01:28.333334,2,2,82.5,0.4,82.3,100,82.2,150,,,,,,,,,,,,,,,,,82.7,150,82.8,105,,,,,,,,,,,,,,,,
2026-07-01T19:01:28.848491+00:00,2026-07-01T19:01:28.858697,2,2,82.5,0.4,82.3,100,82.2,150,,,,,,,,,,,,,,,,,82.7,104,82.8,105,,,,,,,,,,,,,,,,
2026-07-01T19:01:28.947998+00:00,2026-07-01T19:01:28.947902,2,2,82.5,0.4,82.3,50,82.2,150,,,,,,,,,,,,,,,,,82.7,104,82.8,105,,,,,,,,,,,,,,,,
2026-07-01T19:01:29.844467+00:00,2026-07-01T19:01:29.844367,2,2,82.5,0.4,82.3,50,82.2,150,,,,,,,,,,,,,,,,,82.7,104,82.8,103,,,,,,,,,,,,,,,,
2026-07-01T19:01:30.212276+00:00,2026-07-01T19:01:30.212219,2,2,82.5,0.4,82.3,50,82.2,150,,,,,,,,,,,,,,,,,82.7,104,82.8,102,,,,,,,,,,,,,,,,
2026-07-01T19:01:30.412433+00:00,2026-07-01T19:01:30.412598,2,2,82.5,0.4,82.3,50,82.2,150,,,,,,,,,,,,,,,,,82.7,58,82.8,102,,,,,,,,,,,,,,,,
2026-07-01T19:01:30.846582+00:00,2026-07-01T19:01:30.846512,1,2,82.45,0.5,82.2,150,,,,,,,,,,,,,,,,,,,82.7,58,82.8,2,,,,,,,,,,,,,,,,
2026-07-01T19:01:30.906037+00:00,2026-07-01T19:01:30.905969,1,2,82.45,0.5,82.2,250,,,,,,,,,,,,,,,,,,,82.7,58,82.8,2,,,,,,,,,,,,,,,,
2026-07-01T19:01:30.963970+00:00,2026-07-01T19:01:30.963890,1,2,82.45,0.5,82.2,250,,,,,,,,,,,,,,,,,,,82.7,158,82.8,2,,,,,,,,,,,,,,,,
2026-07-01T19:01:31.011514+00:00,2026-07-01T19:01:31.011406,1,2,82.45,0.5,82.2,250,,,,,,,,,,,,,,,,,,,82.7,158,82.8,1,,,,,,,,,,,,,,,,
2026-07-01T19:01:31.058611+00:00,2026-07-01T19:01:31.053722,1,2,82.45,0.5,82.2,200,,,,,,,,,,,,,,,,,,,82.7,158,82.8,1,,,,,,,,,,,,,,,,
2026-07-01T19:01:31.234090+00:00,2026-07-01T19:01:31.234202,1,1,82.45,0.5,82.2,200,,,,,,,,,,,,,,,,,,,82.7,158,,,,,,,,,,,,,,,,,,
2026-07-01T19:01:31.386769+00:00,2026-07-01T19:01:31.386671,1,1,82.45,0.5,82.2,100,,,,,,,,,,,,,,,,,,,82.7,100,,,,,,,,,,,,,,,,,,
2026-07-01T19:01:31.441053+00:00,2026-07-01T19:01:31.440772,2,1,82.6,0.2,82.5,150,82.2,100,,,,,,,,,,,,,,,,,82.7,100,,,,,,,,,,,,,,,,,,
2026-07-01T19:01:31.507393+00:00,2026-07-01T19:01:31.507279,2,1,82.6,0.2,82.5,109,82.2,100,,,,,,,,,,,,,,,,,82.7,100,,,,,,,,,,,,,,,,,,
2026-07-01T19:01:31.512694+00:00,2026-07-01T19:01:31.512481,2,2,82.6,0.2,82.5,109,82.2,100,,,,,,,,,,,,,,,,,82.7,100,83.0,150,,,,,,,,,,,,,,,,
2026-07-01T19:01:32.169516+00:00,2026-07-01T19:01:32.169367,2,2,82.6,0.2,82.5,115,82.2,100,,,,,,,,,,,,,,,,,82.7,100,83.0,150,,,,,,,,,,,,,,,,
2026-07-01T19:01:32.604711+00:00,2026-07-01T19:01:32.604632,2,3,82.6,0.2,82.5,115,82.2,100,,,,,,,,,,,,,,,,,82.7,100,82.8,1,83.0,150,,,,,,,,,,,,,,
2026-07-01T19:01:33.163926+00:00,2026-07-01T19:01:33.163800,2,3,82.6,0.2,82.5,65,82.2,100,,,,,,,,,,,,,,,,,82.7,100,82.8,1,83.0,150,,,,,,,,,,,,,,
2026-07-01T19:01:33.195304+00:00,2026-07-01T19:01:33.195190,2,3,82.6,0.2,82.5,64,82.2,100,,,,,,,,,,,,,,,,,82.7,100,82.8,1,83.0,150,,,,,,,,,,,,,,
2026-07-01T19:01:33.490781+00:00,2026-07-01T19:01:33.490631,2,3,82.6,0.2,82.5,64,82.2,100,,,,,,,,,,,,,,,,,82.7,56,82.8,1,83.0,150,,,,,,,,,,,,,,
2026-07-01T19:01:33.624567+00:00,2026-07-01T19:01:33.624468,2,3,82.6,0.2,82.5,61,82.2,100,,,,,,,,,,,,,,,,,82.7,56,82.8,1,83.0,150,,,,,,,,,,,,,,
2026-07-01T19:01:33.743064+00:00,2026-07-01T19:01:33.742933,2,3,82.6,0.2,82.5,60,82.2,100,,,,,,,,,,,,,,,,,82.7,56,82.8,1,83.0,150,,,,,,,,,,,,,,
2026-07-01T19:01:34.011822+00:00,2026-07-01T19:01:34.011680,1,2,82.65,0.3,82.5,60,,,,,,,,,,,,,,,,,,,82.8,1,83.0,150,,,,,,,,,,,,,,,,
2026-07-01T19:01:34.031292+00:00,2026-07-01T19:01:34.031145,1,2,82.65,0.3,82.5,59,,,,,,,,,,,,,,,,,,,82.8,1,83.0,150,,,,,,,,,,,,,,,,
2026-07-01T19:01:34.063946+00:00,2026-07-01T19:01:34.063784,2,2,82.65,0.3,82.5,59,82.3,100,,,,,,,,,,,,,,,,,82.8,1,83.0,150,,,,,,,,,,,,,,,,
2026-07-01T19:01:34.118314+00:00,2026-07-01T19:01:34.118189,2,2,82.65,0.3,82.5,59,82.3,100,,,,,,,,,,,,,,,,,82.8,101,83.0,150,,,,,,,,,,,,,,,,
2026-07-01T19:01:34.474495+00:00,2026-07-01T19:01:34.474451,2,2,82.65,0.3,82.5,59,82.3,100,,,,,,,,,,,,,,,,,82.8,55,83.0,150,,,,,,,,,,,,,,,,
2026-07-01T19:01:34.563968+00:00,2026-07-01T19:01:34.563882,1,1,82.55,0.5,82.3,100,,,,,,,,,,,,,,,,,,,82.8,55,,,,,,,,,,,,,,,,,,
2026-07-01T19:01:34.618476+00:00,2026-07-01T19:01:34.618399,2,1,82.55,0.5,82.3,100,82.2,150,,,,,,,,,,,,,,,,,82.8,55,,,,,,,,,,,,,,,,,,
2026-07-01T19:01:34.679012+00:00,2026-07-01T19:01:34.673152,2,2,82.5,0.4,82.3,100,82.2,150,,,,,,,,,,,,,,,,,82.7,147,82.8,55,,,,,,,,,,,,,,,,
2026-07-01T19:01:35.269520+00:00,2026-07-01T19:01:35.269414,2,2,82.5,0.4,82.3,50,82.2,150,,,,,,,,,,,,,,,,,82.7,147,82.8,55,,,,,,,,,,,,,,,,
2026-07-01T19:01:36.640914+00:00,2026-07-01T19:01:36.640719,2,2,82.5,0.4,82.3,6,82.2,150,,,,,,,,,,,,,,,,,82.7,147,82.8,55,,,,,,,,,,,,,,,,
2026-07-01T19:01:37.173970+00:00,2026-07-01T19:01:37.173850,1,1,82.45,0.5,82.2,150,,,,,,,,,,,,,,,,,,,82.7,147,,,,,,,,,,,,,,,,,,
2026-07-01T19:01:37.229797+00:00,2026-07-01T19:01:37.229708,2,1,82.45,0.5,82.2,150,82.1,100,,,,,,,,,,,,,,,,,82.7,147,,,,,,,,,,,,,,,,,,
2026-07-01T19:01:37.283648+00:00,2026-07-01T19:01:37.283558,3,2,82.5,0.2,82.4,6,82.2,150,82.1,100,,,,,,,,,,,,,,,82.6,100,82.7,147,,,,,,,,,,,,,,,,
2026-07-01T19:01:37.380113+00:00,2026-07-01T19:01:37.380016,2,2,82.4,0.4,82.2,106,82.1,100,,,,,,,,,,,,,,,,,82.6,100,82.7,147,,,,,,,,,,,,,,,,
2026-07-01T19:01:37.632533+00:00,2026-07-01T19:01:37.632361,3,2,82.5,0.2,82.4,6,82.2,106,82.1,100,,,,,,,,,,,,,,,82.6,100,82.7,147,,,,,,,,,,,,,,,,
2026-07-01T19:01:37.725862+00:00,2026-07-01T19:01:37.725794,2,1,82.5,0.2,82.4,6,82.1,100,,,,,,,,,,,,,,,,,82.6,100,,,,,,,,,,,,,,,,,,
2026-07-01T19:01:37.776023+00:00,2026-07-01T19:01:37.775931,3,1,82.5,0.2,82.4,6,82.1,100,82.0,150,,,,,,,,,,,,,,,82.6,100,,,,,,,,,,,,,,,,,,
2026-07-01T19:01:37.841904+00:00,2026-07-01T19:01:37.835717,3,2,82.45,0.1,82.4,6,82.1,100,82.0,150,,,,,,,,,,,,,,,82.5,139,82.6,100,,,,,,,,,,,,,,,,
2026-07-01T19:01:38.634488+00:00,2026-07-01T19:01:38.634323,3,2,82.45,0.1,82.4,3,82.1,100,82.0,150,,,,,,,,,,,,,,,82.5,139,82.6,100,,,,,,,,,,,,,,,,
2026-07-01T19:01:38.742820+00:00,2026-07-01T19:01:38.742725,3,2,82.45,0.1,82.4,2,82.1,100,82.0,150,,,,,,,,,,,,,,,82.5,139,82.6,100,,,,,,,,,,,,,,,,
2026-07-01T19:01:39.040621+00:00,2026-07-01T19:01:39.040510,2,2,82.3,0.4,82.1,55,82.0,150,,,,,,,,,,,,,,,,,82.5,139,82.6,100,,,,,,,,,,,,,,,,
2026-07-01T19:01:39.491019+00:00,2026-07-01T19:01:39.490954,2,2,82.3,0.4,82.1,5,82.0,150,,,,,,,,,,,,,,,,,82.5,139,82.6,100,,,,,,,,,,,,,,,,
2026-07-01T19:01:40.337900+00:00,2026-07-01T19:01:40.337756,1,1,82.25,0.5,82.0,150,,,,,,,,,,,,,,,,,,,82.5,139,,,,,,,,,,,,,,,,,,
2026-07-01T19:01:40.393624+00:00,2026-07-01T19:01:40.393601,2,1,82.25,0.5,82.0,150,81.5,100,,,,,,,,,,,,,,,,,82.5,139,,,,,,,,,,,,,,,,,,
2026-07-01T19:01:40.446787+00:00,2026-07-01T19:01:40.446635,2,1,82.25,0.5,82.0,50,81.5,100,,,,,,,,,,,,,,,,,82.5,139,,,,,,,,,,,,,,,,,,
2026-07-01T19:01:40.590636+00:00,2026-07-01T19:01:40.590544,2,1,82.25,0.5,82.0,50,81.5,100,,,,,,,,,,,,,,,,,82.5,96,,,,,,,,,,,,,,,,,,
2026-07-01T19:01:40.884855+00:00,2026-07-01T19:01:40.884757,1,0,,,81.5,100,,,,,,,,,,,,,,,,,,,,,,,,,,,,,,,,,,,,,,
2026-07-01T19:01:40.940201+00:00,2026-07-01T19:01:40.940088,2,0,,,81.6,150,81.5,100,,,,,,,,,,,,,,,,,,,,,,,,,,,,,,,,,,,,
2026-07-01T19:01:41.002832+00:00,2026-07-01T19:01:40.996714,2,1,81.85,0.5,81.6,150,81.5,100,,,,,,,,,,,,,,,,,82.1,127,,,,,,,,,,,,,,,,,,
2026-07-01T19:01:41.599535+00:00,2026-07-01T19:01:41.599376,2,1,81.85,0.5,81.6,100,81.5,100,,,,,,,,,,,,,,,,,82.1,127,,,,,,,,,,,,,,,,,,
2026-07-01T19:01:42.958656+00:00,2026-07-01T19:01:42.952920,2,2,81.85,0.5,81.6,100,81.5,100,,,,,,,,,,,,,,,,,82.1,127,82.5,4,,,,,,,,,,,,,,,,
2026-07-01T19:01:43.500968+00:00,2026-07-01T19:01:43.501078,1,2,81.85,0.5,81.6,100,,,,,,,,,,,,,,,,,,,82.1,127,82.5,4,,,,,,,,,,,,,,,,
2026-07-01T19:01:43.563926+00:00,2026-07-01T19:01:43.563766,2,2,82.0,0.2,81.9,100,81.6,100,,,,,,,,,,,,,,,,,82.1,127,82.5,4,,,,,,,,,,,,,,,,
2026-07-01T19:01:43.615874+00:00,2026-07-01T19:01:43.615819,2,3,82.0,0.2,81.9,100,81.6,100,,,,,,,,,,,,,,,,,82.1,127,82.4,100,82.5,4,,,,,,,,,,,,,,
2026-07-01T19:01:43.626198+00:00,2026-07-01T19:01:43.626134,2,3,82.0,0.2,81.9,55,81.6,100,,,,,,,,,,,,,,,,,82.1,127,82.4,100,82.5,4,,,,,,,,,,,,,,
2026-07-01T19:01:43.706226+00:00,2026-07-01T19:01:43.706381,2,3,82.0,0.2,81.9,5,81.6,100,,,,,,,,,,,,,,,,,82.1,127,82.4,100,82.5,4,,,,,,,,,,,,,,
2026-07-01T19:01:43.779145+00:00,2026-07-01T19:01:43.779014,2,3,82.0,0.2,81.9,5,81.6,100,,,,,,,,,,,,,,,,,82.1,127,82.4,100,82.5,2,,,,,,,,,,,,,,
2026-07-01T19:01:44.042515+00:00,2026-07-01T19:01:44.042405,2,2,82.15,0.5,81.9,5,81.6,100,,,,,,,,,,,,,,,,,82.4,100,82.5,2,,,,,,,,,,,,,,,,
2026-07-01T19:01:44.047588+00:00,2026-07-01T19:01:44.047540,1,2,82.15,0.5,81.9,5,,,,,,,,,,,,,,,,,,,82.4,100,82.5,2,,,,,,,,,,,,,,,,
2026-07-01T19:01:44.101447+00:00,2026-07-01T19:01:44.101335,2,2,82.15,0.5,81.9,5,81.5,150,,,,,,,,,,,,,,,,,82.4,100,82.5,2,,,,,,,,,,,,,,,,
2026-07-01T19:01:44.169508+00:00,2026-07-01T19:01:44.162569,2,3,81.95,0.1,81.9,5,81.5,150,,,,,,,,,,,,,,,,,82.0,147,82.4,100,82.5,2,,,,,,,,,,,,,,
2026-07-01T19:01:44.632001+00:00,2026-07-01T19:01:44.632122,2,3,81.95,0.1,81.9,5,81.5,150,,,,,,,,,,,,,,,,,82.0,105,82.4,100,82.5,2,,,,,,,,,,,,,,
2026-07-01T19:01:45.632678+00:00,2026-07-01T19:01:45.632571,1,3,81.75,0.5,81.5,150,,,,,,,,,,,,,,,,,,,82.0,105,82.4,100,82.5,2,,,,,,,,,,,,,,
2026-07-01T19:01:45.637794+00:00,2026-07-01T19:01:45.637734,1,2,81.75,0.5,81.5,150,,,,,,,,,,,,,,,,,,,82.0,105,82.4,100,,,,,,,,,,,,,,,,
2026-07-01T19:01:46.053388+00:00,2026-07-01T19:01:46.048089,1,2,81.75,0.5,81.5,150,,,,,,,,,,,,,,,,,,,82.0,96,82.4,100,,,,,,,,,,,,,,,,
2026-07-01T19:01:46.098806+00:00,2026-07-01T19:01:46.093301,1,2,81.75,0.5,81.5,150,,,,,,,,,,,,,,,,,,,82.0,74,82.4,100,,,,,,,,,,,,,,,,
2026-07-01T19:01:46.664107+00:00,2026-07-01T19:01:46.663997,1,1,81.75,0.5,81.5,150,,,,,,,,,,,,,,,,,,,82.0,74,,,,,,,,,,,,,,,,,,
2026-07-01T19:01:46.718065+00:00,2026-07-01T19:01:46.717976,2,1,81.9,0.2,81.8,100,81.5,150,,,,,,,,,,,,,,,,,82.0,74,,,,,,,,,,,,,,,,,,
2026-07-01T19:01:46.764025+00:00,2026-07-01T19:01:46.763921,2,2,81.9,0.2,81.8,100,81.5,150,,,,,,,,,,,,,,,,,82.0,25,82.3,4,,,,,,,,,,,,,,,,
2026-07-01T19:01:46.769189+00:00,2026-07-01T19:01:46.769118,2,2,81.9,0.2,81.8,100,81.5,150,,,,,,,,,,,,,,,,,82.0,25,82.3,104,,,,,,,,,,,,,,,,
2026-07-01T19:01:47.213041+00:00,2026-07-01T19:01:47.213170,1,1,82.05,0.5,81.8,100,,,,,,,,,,,,,,,,,,,82.3,104,,,,,,,,,,,,,,,,,,
2026-07-01T19:01:47.258580+00:00,2026-07-01T19:01:47.258481,1,1,82.05,0.5,81.8,54,,,,,,,,,,,,,,,,,,,82.3,104,,,,,,,,,,,,,,,,,,
2026-07-01T19:01:47.282239+00:00,2026-07-01T19:01:47.274956,2,1,82.25,0.1,82.2,139,81.8,54,,,,,,,,,,,,,,,,,82.3,104,,,,,,,,,,,,,,,,,,
2026-07-01T19:01:47.324674+00:00,2026-07-01T19:01:47.324632,2,2,82.25,0.1,82.2,139,81.8,54,,,,,,,,,,,,,,,,,82.3,104,82.7,150,,,,,,,,,,,,,,,,
2026-07-01T19:01:47.869080+00:00,2026-07-01T19:01:47.868928,2,2,82.25,0.1,82.2,139,81.8,54,,,,,,,,,,,,,,,,,82.3,54,82.7,150,,,,,,,,,,,,,,,,
2026-07-01T19:01:47.891650+00:00,2026-07-01T19:01:47.891619,2,2,82.25,0.1,82.2,139,81.8,54,,,,,,,,,,,,,,,,,82.3,58,82.7,150,,,,,,,,,,,,,,,,
2026-07-01T19:01:48.324814+00:00,2026-07-01T19:01:48.324721,2,2,82.25,0.1,82.2,139,81.8,54,,,,,,,,,,,,,,,,,82.3,15,82.7,150,,,,,,,,,,,,,,,,
2026-07-01T19:01:49.306520+00:00,2026-07-01T19:01:49.306454,2,2,82.25,0.1,82.2,95,81.8,54,,,,,,,,,,,,,,,,,82.3,15,82.7,150,,,,,,,,,,,,,,,,
2026-07-01T19:01:49.822903+00:00,2026-07-01T19:01:49.822871,2,2,82.25,0.1,82.2,95,81.8,54,,,,,,,,,,,,,,,,,82.3,4,82.7,150,,,,,,,,,,,,,,,,
2026-07-01T19:01:49.828109+00:00,2026-07-01T19:01:49.828016,1,2,82.25,0.1,82.2,95,,,,,,,,,,,,,,,,,,,82.3,4,82.7,150,,,,,,,,,,,,,,,,
2026-07-01T19:01:49.881792+00:00,2026-07-01T19:01:49.881726,2,2,82.25,0.1,82.2,95,82.0,100,,,,,,,,,,,,,,,,,82.3,4,82.7,150,,,,,,,,,,,,,,,,
2026-07-01T19:01:49.925213+00:00,2026-07-01T19:01:49.925192,2,2,82.25,0.1,82.2,95,82.0,101,,,,,,,,,,,,,,,,,82.3,4,82.7,150,,,,,,,,,,,,,,,,
2026-07-01T19:01:49.930278+00:00,2026-07-01T19:01:49.930397,2,3,82.25,0.1,82.2,95,82.0,101,,,,,,,,,,,,,,,,,82.3,4,82.4,100,82.7,150,,,,,,,,,,,,,,
2026-07-01T19:01:49.977201+00:00,2026-07-01T19:01:49.977091,2,2,82.3,0.2,82.2,95,82.0,101,,,,,,,,,,,,,,,,,82.4,54,82.7,150,,,,,,,,,,,,,,,,
2026-07-01T19:01:49.999635+00:00,2026-07-01T19:01:49.999533,2,3,82.25,0.1,82.2,95,82.0,101,,,,,,,,,,,,,,,,,82.3,4,82.4,54,82.7,150,,,,,,,,,,,,,,
2026-07-01T19:01:50.383597+00:00,2026-07-01T19:01:50.383729,1,2,82.15,0.3,82.0,101,,,,,,,,,,,,,,,,,,,82.3,4,82.4,54,,,,,,,,,,,,,,,,
2026-07-01T19:01:50.434083+00:00,2026-07-01T19:01:50.434049,1,2,82.15,0.3,82.0,251,,,,,,,,,,,,,,,,,,,82.3,4,82.4,54,,,,,,,,,,,,,,,,
2026-07-01T19:01:50.488575+00:00,2026-07-01T19:01:50.488431,1,3,82.15,0.3,82.0,251,,,,,,,,,,,,,,,,,,,82.3,4,82.4,54,82.5,150,,,,,,,,,,,,,,
2026-07-01T19:01:51.028794+00:00,2026-07-01T19:01:51.028759,1,3,82.15,0.3,82.0,251,,,,,,,,,,,,,,,,,,,82.3,3,82.4,54,82.5,150,,,,,,,,,,,,,,
2026-07-01T19:01:52.107356+00:00,2026-07-01T19:01:52.107247,1,2,82.2,0.4,82.0,251,,,,,,,,,,,,,,,,,,,82.4,7,82.5,150,,,,,,,,,,,,,,,,
2026-07-01T19:01:52.864492+00:00,2026-07-01T19:01:52.864461,1,1,82.25,0.5,82.0,251,,,,,,,,,,,,,,,,,,,82.5,108,,,,,,,,,,,,,,,,,,
2026-07-01T19:01:52.986993+00:00,2026-07-01T19:01:52.987067,1,1,82.25,0.5,82.0,151,,,,,,,,,,,,,,,,,,,82.5,108,,,,,,,,,,,,,,,,,,
2026-07-01T19:01:53.050012+00:00,2026-07-01T19:01:53.043377,2,1,82.45,0.1,82.4,89,82.0,151,,,,,,,,,,,,,,,,,82.5,108,,,,,,,,,,,,,,,,,,
2026-07-01T19:01:53.092148+00:00,2026-07-01T19:01:53.092258,2,2,82.45,0.1,82.4,89,82.0,151,,,,,,,,,,,,,,,,,82.5,108,82.9,100,,,,,,,,,,,,,,,,
2026-07-01T19:01:53.545430+00:00,2026-07-01T19:01:53.545339,2,1,82.65,0.5,82.4,89,82.0,1,,,,,,,,,,,,,,,,,82.9,100,,,,,,,,,,,,,,,,,,
2026-07-01T19:01:53.599208+00:00,2026-07-01T19:01:53.599090,3,1,82.65,0.5,82.4,89,82.2,150,82.0,1,,,,,,,,,,,,,,,82.9,100,,,,,,,,,,,,,,,,,,
2026-07-01T19:01:53.651692+00:00,2026-07-01T19:01:53.651615,3,2,82.55,0.3,82.4,89,82.2,150,82.0,1,,,,,,,,,,,,,,,82.7,150,82.9,100,,,,,,,,,,,,,,,,
2026-07-01T19:01:53.687169+00:00,2026-07-01T19:01:53.687130,3,2,82.55,0.3,82.4,84,82.2,150,82.0,1,,,,,,,,,,,,,,,82.7,150,82.9,100,,,,,,,,,,,,,,,,
2026-07-01T19:01:53.963875+00:00,2026-07-01T19:01:53.963706,2,2,82.55,0.3,82.4,84,82.2,150,,,,,,,,,,,,,,,,,82.7,150,82.9,100,,,,,,,,,,,,,,,,
2026-07-01T19:01:54.218079+00:00,2026-07-01T19:01:54.218054,2,2,82.55,0.3,82.4,84,82.2,150,,,,,,,,,,,,,,,,,82.7,100,82.9,100,,,,,,,,,,,,,,,,
2026-07-01T19:01:54.900454+00:00,2026-07-01T19:01:54.900288,2,2,82.55,0.3,82.4,79,82.2,150,,,,,,,,,,,,,,,,,82.7,100,82.9,100,,,,,,,,,,,,,,,,
2026-07-01T19:01:55.026075+00:00,2026-07-01T19:01:55.026014,2,2,82.55,0.3,82.4,74,82.2,150,,,,,,,,,,,,,,,,,82.7,100,82.9,100,,,,,,,,,,,,,,,,
2026-07-01T19:01:55.282037+00:00,2026-07-01T19:01:55.272155,2,2,82.55,0.3,82.4,62,82.2,150,,,,,,,,,,,,,,,,,82.7,100,82.9,100,,,,,,,,,,,,,,,,
2026-07-01T19:01:56.033835+00:00,2026-07-01T19:01:56.033773,2,2,82.55,0.3,82.4,57,82.2,150,,,,,,,,,,,,,,,,,82.7,100,82.9,100,,,,,,,,,,,,,,,,
2026-07-01T19:01:56.145154+00:00,2026-07-01T19:01:56.145259,1,1,82.45,0.5,82.2,150,,,,,,,,,,,,,,,,,,,82.7,100,,,,,,,,,,,,,,,,,,
2026-07-01T19:01:56.197647+00:00,2026-07-01T19:01:56.197563,2,1,82.45,0.5,82.2,150,82.1,100,,,,,,,,,,,,,,,,,82.7,100,,,,,,,,,,,,,,,,,,
2026-07-01T19:01:56.208088+00:00,2026-07-01T19:01:56.207893,2,2,82.35,0.3,82.2,150,82.1,100,,,,,,,,,,,,,,,,,82.5,5,82.7,100,,,,,,,,,,,,,,,,
2026-07-01T19:01:56.258530+00:00,2026-07-01T19:01:56.252464,2,3,82.35,0.3,82.2,150,82.1,100,,,,,,,,,,,,,,,,,82.5,5,82.6,100,82.7,100,,,,,,,,,,,,,,
2026-07-01T19:01:56.704213+00:00,2026-07-01T19:01:56.704346,1,2,82.3,0.4,82.1,100,,,,,,,,,,,,,,,,,,,82.5,5,82.6,100,,,,,,,,,,,,,,,,
2026-07-01T19:01:56.763639+00:00,2026-07-01T19:01:56.763777,2,2,82.35,0.3,82.2,150,82.1,100,,,,,,,,,,,,,,,,,82.5,5,82.6,100,,,,,,,,,,,,,,,,
2026-07-01T19:01:56.813137+00:00,2026-07-01T19:01:56.813245,2,3,82.35,0.3,82.2,150,82.1,100,,,,,,,,,,,,,,,,,82.5,5,82.6,100,82.7,150,,,,,,,,,,,,,,
2026-07-01T19:01:57.089974+00:00,2026-07-01T19:01:57.089786,2,3,82.35,0.3,82.2,102,82.1,100,,,,,,,,,,,,,,,,,82.5,5,82.6,100,82.7,150,,,,,,,,,,,,,,
2026-07-01T19:01:58.002806+00:00,2026-07-01T19:01:58.002704,2,3,82.35,0.3,82.2,57,82.1,100,,,,,,,,,,,,,,,,,82.5,5,82.6,100,82.7,150,,,,,,,,,,,,,,
2026-07-01T19:01:58.481681+00:00,2026-07-01T19:01:58.481581,2,3,82.35,0.3,82.2,7,82.1,100,,,,,,,,,,,,,,,,,82.5,5,82.6,100,82.7,150,,,,,,,,,,,,,,
2026-07-01T19:01:59.195313+00:00,2026-07-01T19:01:59.195233,2,2,82.4,0.4,82.2,7,82.1,100,,,,,,,,,,,,,,,,,82.6,59,82.7,150,,,,,,,,,,,,,,,,
2026-07-01T19:01:59.216231+00:00,2026-07-01T19:01:59.216072,2,3,82.35,0.3,82.2,7,82.1,100,,,,,,,,,,,,,,,,,82.5,5,82.6,59,82.7,150,,,,,,,,,,,,,,
2026-07-01T19:01:59.306645+00:00,2026-07-01T19:01:59.306597,1,2,82.35,0.3,82.2,7,,,,,,,,,,,,,,,,,,,82.5,5,82.7,150,,,,,,,,,,,,,,,,
2026-07-01T19:01:59.358623+00:00,2026-07-01T19:01:59.350301,2,2,82.4,0.2,82.3,100,82.2,7,,,,,,,,,,,,,,,,,82.5,5,82.7,150,,,,,,,,,,,,,,,,
2026-07-01T19:01:59.412952+00:00,2026-07-01T19:01:59.412826,2,3,82.4,0.2,82.3,100,82.2,7,,,,,,,,,,,,,,,,,82.5,5,82.7,150,82.8,100,,,,,,,,,,,,,,
2026-07-01T19:01:59.868134+00:00,2026-07-01T19:01:59.868024,1,2,82.4,0.2,82.3,100,,,,,,,,,,,,,,,,,,,82.5,5,82.8,100,,,,,,,,,,,,,,,,
2026-07-01T19:01:59.931113+00:00,2026-07-01T19:01:59.931201,2,2,82.4,0.2,82.3,100,81.9,150,,,,,,,,,,,,,,,,,82.5,5,82.8,100,,,,,,,,,,,,,,,,
2026-07-01T19:01:59.984282+00:00,2026-07-01T19:01:59.984234,2,3,82.35,0.1,82.3,100,81.9,150,,,,,,,,,,,,,,,,,82.4,150,82.5,5,82.8,100,,,,,,,,,,,,,,
2026-07-01T19:02:00.617491+00:00,2026-07-01T19:02:00.617375,2,3,82.35,0.1,82.3,50,81.9,150,,,,,,,,,,,,,,,,,82.4,150,82.5,5,82.8,100,,,,,,,,,,,,,,
2026-07-01T19:02:01.274198+00:00,2026-07-01T19:02:01.274166,2,3,82.35,0.1,82.3,50,81.9,150,,,,,,,,,,,,,,,,,82.4,106,82.5,5,82.8,100,,,,,,,,,,,,,,
2026-07-01T19:02:02.470451+00:00,2026-07-01T19:02:02.470328,1,2,82.15,0.5,81.9,150,,,,,,,,,,,,,,,,,,,82.4,106,82.5,5,,,,,,,,,,,,,,,,
2026-07-01T19:02:02.525077+00:00,2026-07-01T19:02:02.525175,2,2,82.3,0.2,82.2,100,81.9,150,,,,,,,,,,,,,,,,,82.4,106,82.5,5,,,,,,,,,,,,,,,,
2026-07-01T19:02:02.578620+00:00,2026-07-01T19:02:02.578535,2,3,82.3,0.2,82.2,100,81.9,150,,,,,,,,,,,,,,,,,82.4,106,82.5,5,82.7,100,,,,,,,,,,,,,,
2026-07-01T19:02:02.724805+00:00,2026-07-01T19:02:02.724764,2,3,82.3,0.2,82.2,50,81.9,150,,,,,,,,,,,,,,,,,82.4,106,82.5,5,82.7,100,,,,,,,,,,,,,,
2026-07-01T19:02:03.039472+00:00,2026-07-01T19:02:03.039418,1,2,82.35,0.3,82.2,50,,,,,,,,,,,,,,,,,,,82.5,5,82.7,100,,,,,,,,,,,,,,,,
2026-07-01T19:02:03.092838+00:00,2026-07-01T19:02:03.092790,2,2,82.35,0.3,82.2,50,82.0,150,,,,,,,,,,,,,,,,,82.5,5,82.7,100,,,,,,,,,,,,,,,,
2026-07-01T19:02:03.143353+00:00,2026-07-01T19:02:03.143309,2,2,82.35,0.3,82.2,50,82.0,150,,,,,,,,,,,,,,,,,82.5,155,82.7,100,,,,,,,,,,,,,,,,
2026-07-01T19:02:03.279003+00:00,2026-07-01T19:02:03.278980,2,2,82.35,0.3,82.2,10,82.0,150,,,,,,,,,,,,,,,,,82.5,155,82.7,100,,,,,,,,,,,,,,,,
2026-07-01T19:02:04.263945+00:00,2026-07-01T19:02:04.263791,2,2,82.35,0.3,82.2,10,82.0,150,,,,,,,,,,,,,,,,,82.5,109,82.7,100,,,,,,,,,,,,,,,,
2026-07-01T19:02:04.311068+00:00,2026-07-01T19:02:04.311169,2,2,82.35,0.3,82.2,10,82.0,150,,,,,,,,,,,,,,,,,82.5,114,82.7,100,,,,,,,,,,,,,,,,
2026-07-01T19:02:04.858546+00:00,2026-07-01T19:02:04.852203,1,2,82.25,0.5,82.0,110,,,,,,,,,,,,,,,,,,,82.5,114,82.7,100,,,,,,,,,,,,,,,,
2026-07-01T19:02:05.633823+00:00,2026-07-01T19:02:05.633729,1,1,82.25,0.5,82.0,110,,,,,,,,,,,,,,,,,,,82.5,114,,,,,,,,,,,,,,,,,,
2026-07-01T19:02:05.687882+00:00,2026-07-01T19:02:05.687694,2,1,82.25,0.5,82.0,110,81.9,100,,,,,,,,,,,,,,,,,82.5,114,,,,,,,,,,,,,,,,,,
2026-07-01T19:02:05.738846+00:00,2026-07-01T19:02:05.738668,2,2,82.2,0.4,82.0,110,81.9,100,,,,,,,,,,,,,,,,,82.4,100,82.5,114,,,,,,,,,,,,,,,,
2026-07-01T19:02:06.200341+00:00,2026-07-01T19:02:06.200295,1,2,82.15,0.5,81.9,100,,,,,,,,,,,,,,,,,,,82.4,100,82.5,5,,,,,,,,,,,,,,,,
2026-07-01T19:02:06.258608+00:00,2026-07-01T19:02:06.253736,2,2,82.2,0.4,82.0,150,81.9,100,,,,,,,,,,,,,,,,,82.4,100,82.5,5,,,,,,,,,,,,,,,,
2026-07-01T19:02:06.306096+00:00,2026-07-01T19:02:06.306040,2,2,82.2,0.4,82.0,150,81.9,100,,,,,,,,,,,,,,,,,82.4,100,82.5,155,,,,,,,,,,,,,,,,
2026-07-01T19:02:06.701950+00:00,2026-07-01T19:02:06.696510,2,2,82.2,0.4,82.0,150,81.9,100,,,,,,,,,,,,,,,,,82.4,88,82.5,155,,,,,,,,,,,,,,,,
2026-07-01T19:02:08.797925+00:00,2026-07-01T19:02:08.798093,1,1,82.25,0.5,82.0,150,,,,,,,,,,,,,,,,,,,82.5,155,,,,,,,,,,,,,,,,,,
2026-07-01T19:02:08.858573+00:00,2026-07-01T19:02:08.847892,1,1,82.25,0.5,82.0,250,,,,,,,,,,,,,,,,,,,82.5,155,,,,,,,,,,,,,,,,,,
2026-07-01T19:02:08.906351+00:00,2026-07-01T19:02:08.906476,1,1,82.25,0.5,82.0,250,,,,,,,,,,,,,,,,,,,82.5,255,,,,,,,,,,,,,,,,,,
2026-07-01T19:02:09.358606+00:00,2026-07-01T19:02:09.356517,1,1,82.25,0.5,82.0,100,,,,,,,,,,,,,,,,,,,82.5,104,,,,,,,,,,,,,,,,,,
2026-07-01T19:02:09.410784+00:00,2026-07-01T19:02:09.410876,2,1,82.3,0.4,82.1,150,82.0,100,,,,,,,,,,,,,,,,,82.5,104,,,,,,,,,,,,,,,,,,
2026-07-01T19:02:09.469367+00:00,2026-07-01T19:02:09.469304,2,2,82.3,0.4,82.1,150,82.0,100,,,,,,,,,,,,,,,,,82.5,104,82.6,150,,,,,,,,,,,,,,,,
2026-07-01T19:02:09.766785+00:00,2026-07-01T19:02:09.766761,2,2,82.3,0.4,82.1,104,82.0,100,,,,,,,,,,,,,,,,,82.5,104,82.6,150,,,,,,,,,,,,,,,,
2026-07-01T19:02:10.684076+00:00,2026-07-01T19:02:10.684047,2,2,82.3,0.4,82.1,104,82.0,100,,,,,,,,,,,,,,,,,82.5,55,82.6,150,,,,,,,,,,,,,,,,
2026-07-01T19:02:11.135559+00:00,2026-07-01T19:02:11.135425,2,2,82.3,0.4,82.1,104,82.0,100,,,,,,,,,,,,,,,,,82.5,5,82.6,150,,,,,,,,,,,,,,,,
2026-07-01T19:02:11.958552+00:00,2026-07-01T19:02:11.954088,1,1,82.35,0.5,82.1,104,,,,,,,,,,,,,,,,,,,82.6,150,,,,,,,,,,,,,,,,,,
2026-07-01T19:02:12.013069+00:00,2026-07-01T19:02:12.012927,2,1,82.4,0.4,82.2,100,82.1,104,,,,,,,,,,,,,,,,,82.6,150,,,,,,,,,,,,,,,,,,
2026-07-01T19:02:12.069099+00:00,2026-07-01T19:02:12.068996,2,2,82.4,0.4,82.2,100,82.1,104,,,,,,,,,,,,,,,,,82.6,150,82.7,100,,,,,,,,,,,,,,,,
2026-07-01T19:02:12.521731+00:00,2026-07-01T19:02:12.521671,1,1,82.45,0.5,82.2,100,,,,,,,,,,,,,,,,,,,82.7,100,,,,,,,,,,,,,,,,,,
2026-07-01T19:02:12.580286+00:00,2026-07-01T19:02:12.580235,2,1,82.45,0.5,82.2,100,81.8,150,,,,,,,,,,,,,,,,,82.7,100,,,,,,,,,,,,,,,,,,
2026-07-01T19:02:12.633651+00:00,2026-07-01T19:02:12.633611,2,2,82.25,0.1,82.2,100,81.8,150,,,,,,,,,,,,,,,,,82.3,150,82.7,100,,,,,,,,,,,,,,,,
2026-07-01T19:02:13.240191+00:00,2026-07-01T19:02:13.240142,2,2,82.25,0.1,82.2,100,81.8,150,,,,,,,,,,,,,,,,,82.3,100,82.7,100,,,,,,,,,,,,,,,,
2026-07-01T19:02:14.694553+00:00,2026-07-01T19:02:14.694450,2,3,82.25,0.1,82.2,100,81.8,150,,,,,,,,,,,,,,,,,82.3,100,82.5,3,82.7,100,,,,,,,,,,,,,,
2026-07-01T19:02:14.744158+00:00,2026-07-01T19:02:14.744077,2,3,82.25,0.1,82.2,102,81.8,150,,,,,,,,,,,,,,,,,82.3,100,82.5,3,82.7,100,,,,,,,,,,,,,,
2026-07-01T19:02:14.868894+00:00,2026-07-01T19:02:14.868839,2,3,82.25,0.1,82.2,102,81.8,150,,,,,,,,,,,,,,,,,82.3,52,82.5,3,82.7,100,,,,,,,,,,,,,,
2026-07-01T19:02:15.122276+00:00,2026-07-01T19:02:15.122397,2,2,82.25,0.1,82.2,2,81.8,150,,,,,,,,,,,,,,,,,82.3,52,82.5,3,,,,,,,,,,,,,,,,
2026-07-01T19:02:15.174294+00:00,2026-07-01T19:02:15.174438,3,2,82.25,0.1,82.2,2,82.1,100,81.8,150,,,,,,,,,,,,,,,82.3,52,82.5,3,,,,,,,,,,,,,,,,
2026-07-01T19:02:15.230852+00:00,2026-07-01T19:02:15.230690,3,3,82.25,0.1,82.2,2,82.1,100,81.8,150,,,,,,,,,,,,,,,82.3,52,82.5,3,82.6,100,,,,,,,,,,,,,,
2026-07-01T19:02:15.397741+00:00,2026-07-01T19:02:15.397904,2,3,82.2,0.2,82.1,52,81.8,150,,,,,,,,,,,,,,,,,82.3,52,82.5,3,82.6,100,,,,,,,,,,,,,,
2026-07-01T19:02:15.694967+00:00,2026-07-01T19:02:15.694939,2,2,82.3,0.4,82.1,52,81.8,150,,,,,,,,,,,,,,,,,82.5,3,82.6,100,,,,,,,,,,,,,,,,
2026-07-01T19:02:15.700188+00:00,2026-07-01T19:02:15.700092,1,2,82.3,0.4,82.1,52,,,,,,,,,,,,,,,,,,,82.5,3,82.6,100,,,,,,,,,,,,,,,,
2026-07-01T19:02:15.763969+00:00,2026-07-01T19:02:15.763891,1,2,82.3,0.4,82.1,202,,,,,,,,,,,,,,,,,,,82.5,3,82.6,100,,,,,,,,,,,,,,,,
2026-07-01T19:02:15.811140+00:00,2026-07-01T19:02:15.811083,1,2,82.3,0.4,82.1,202,,,,,,,,,,,,,,,,,,,82.5,3,82.6,250,,,,,,,,,,,,,,,,
2026-07-01T19:02:16.668982+00:00,2026-07-01T19:02:16.668904,2,2,82.35,0.3,82.2,2,82.1,202,,,,,,,,,,,,,,,,,82.5,3,82.6,250,,,,,,,,,,,,,,,,
2026-07-01T19:02:16.772457+00:00,2026-07-01T19:02:16.772365,1,2,82.3,0.4,82.1,202,,,,,,,,,,,,,,,,,,,82.5,3,82.6,250,,,,,,,,,,,,,,,,
2026-07-01T19:02:17.529691+00:00,2026-07-01T19:02:17.529770,1,2,82.3,0.4,82.1,152,,,,,,,,,,,,,,,,,,,82.5,3,82.6,250,,,,,,,,,,,,,,,,
2026-07-01T19:02:17.664019+00:00,2026-07-01T19:02:17.663739,1,2,82.3,0.4,82.1,152,,,,,,,,,,,,,,,,,,,82.5,2,82.6,250,,,,,,,,,,,,,,,,
2026-07-01T19:02:17.789707+00:00,2026-07-01T19:02:17.789628,1,2,82.3,0.4,82.1,155,,,,,,,,,,,,,,,,,,,82.5,2,82.6,250,,,,,,,,,,,,,,,,
2026-07-01T19:02:18.285424+00:00,2026-07-01T19:02:18.285573,1,2,82.3,0.4,82.1,153,,,,,,,,,,,,,,,,,,,82.5,2,82.6,150,,,,,,,,,,,,,,,,
2026-07-01T19:02:18.341034+00:00,2026-07-01T19:02:18.340917,2,2,82.3,0.4,82.1,153,81.8,100,,,,,,,,,,,,,,,,,82.5,2,82.6,150,,,,,,,,,,,,,,,,
2026-07-01T19:02:18.393506+00:00,2026-07-01T19:02:18.393381,2,3,82.2,0.2,82.1,153,81.8,100,,,,,,,,,,,,,,,,,82.3,100,82.5,2,82.6,150,,,,,,,,,,,,,,
2026-07-01T19:02:18.883531+00:00,2026-07-01T19:02:18.875985,2,2,82.2,0.2,82.1,3,81.8,100,,,,,,,,,,,,,,,,,82.3,89,82.5,2,,,,,,,,,,,,,,,,
2026-07-01T19:02:18.933361+00:00,2026-07-01T19:02:18.933232,2,2,82.2,0.2,82.1,153,81.8,100,,,,,,,,,,,,,,,,,82.3,89,82.5,2,,,,,,,,,,,,,,,,
2026-07-01T19:02:18.987915+00:00,2026-07-01T19:02:18.987813,2,3,82.2,0.2,82.1,153,81.8,100,,,,,,,,,,,,,,,,,82.3,89,82.5,2,82.6,150,,,,,,,,,,,,,,
2026-07-01T19:02:19.581571+00:00,2026-07-01T19:02:19.581661,2,3,82.2,0.2,82.1,153,81.8,100,,,,,,,,,,,,,,,,,82.3,39,82.5,2,82.6,150,,,,,,,,,,,,,,
2026-07-01T19:02:19.741744+00:00,2026-07-01T19:02:19.741640,2,3,82.2,0.2,82.1,152,81.8,100,,,,,,,,,,,,,,,,,82.3,39,82.5,2,82.6,150,,,,,,,,,,,,,,
2026-07-01T19:02:20.301055+00:00,2026-07-01T19:02:20.300922,2,3,82.2,0.2,82.1,108,81.8,100,,,,,,,,,,,,,,,,,82.3,39,82.5,2,82.6,150,,,,,,,,,,,,,,
2026-07-01T19:02:21.448082+00:00,2026-07-01T19:02:21.447953,1,2,82.3,0.4,82.1,108,,,,,,,,,,,,,,,,,,,82.5,2,82.6,150,,,,,,,,,,,,,,,,
2026-07-01T19:02:21.514371+00:00,2026-07-01T19:02:21.514256,1,2,82.3,0.4,82.1,208,,,,,,,,,,,,,,,,,,,82.5,2,82.6,150,,,,,,,,,,,,,,,,
2026-07-01T19:02:21.567803+00:00,2026-07-01T19:02:21.567661,1,2,82.3,0.4,82.1,208,,,,,,,,,,,,,,,,,,,82.5,2,82.6,250,,,,,,,,,,,,,,,,
2026-07-01T19:02:21.686818+00:00,2026-07-01T19:02:21.686922,1,1,82.35,0.5,82.1,208,,,,,,,,,,,,,,,,,,,82.6,202,,,,,,,,,,,,,,,,,,
2026-07-01T19:02:22.037274+00:00,2026-07-01T19:02:22.037164,1,1,82.35,0.5,82.1,208,,,,,,,,,,,,,,,,,,,82.6,100,,,,,,,,,,,,,,,,,,
2026-07-01T19:02:22.042430+00:00,2026-07-01T19:02:22.042354,1,1,82.35,0.5,82.1,100,,,,,,,,,,,,,,,,,,,82.6,100,,,,,,,,,,,,,,,,,,
2026-07-01T19:02:22.092299+00:00,2026-07-01T19:02:22.092270,2,1,82.5,0.2,82.4,150,82.1,100,,,,,,,,,,,,,,,,,82.6,100,,,,,,,,,,,,,,,,,,
2026-07-01T19:02:22.146815+00:00,2026-07-01T19:02:22.146973,2,2,82.5,0.2,82.4,150,82.1,100,,,,,,,,,,,,,,,,,82.6,100,82.9,150,,,,,,,,,,,,,,,,
2026-07-01T19:02:23.802159+00:00,2026-07-01T19:02:23.801992,2,2,82.5,0.2,82.4,150,82.1,100,,,,,,,,,,,,,,,,,82.6,50,82.9,150,,,,,,,,,,,,,,,,
2026-07-01T19:02:23.817768+00:00,2026-07-01T19:02:23.817708,3,2,82.5,0.2,82.4,150,82.2,5,82.1,100,,,,,,,,,,,,,,,82.6,50,82.9,150,,,,,,,,,,,,,,,,
2026-07-01T19:02:24.458773+00:00,2026-07-01T19:02:24.458701,3,2,82.5,0.2,82.4,150,82.2,2,82.1,100,,,,,,,,,,,,,,,82.6,50,82.9,150,,,,,,,,,,,,,,,,
2026-07-01T19:02:24.620931+00:00,2026-07-01T19:02:24.620895,2,1,82.65,0.5,82.4,150,82.2,2,,,,,,,,,,,,,,,,,82.9,150,,,,,,,,,,,,,,,,,,
2026-07-01T19:02:24.677581+00:00,2026-07-01T19:02:24.677475,3,1,82.7,0.4,82.5,100,82.4,150,82.2,2,,,,,,,,,,,,,,,82.9,150,,,,,,,,,,,,,,,,,,
2026-07-01T19:02:24.730052+00:00,2026-07-01T19:02:24.730150,3,2,82.7,0.4,82.5,100,82.4,150,82.2,2,,,,,,,,,,,,,,,82.9,150,83.0,100,,,,,,,,,,,,,,,,
2026-07-01T19:02:24.900363+00:00,2026-07-01T19:02:24.900489,3,2,82.7,0.4,82.5,59,82.4,150,82.2,2,,,,,,,,,,,,,,,82.9,150,83.0,100,,,,,,,,,,,,,,,,
2026-07-01T19:02:25.201170+00:00,2026-07-01T19:02:25.201069,2,1,82.75,0.5,82.5,59,82.2,2,,,,,,,,,,,,,,,,,83.0,100,,,,,,,,,,,,,,,,,,
2026-07-01T19:02:25.263799+00:00,2026-07-01T19:02:25.263748,2,1,82.75,0.5,82.5,209,82.2,2,,,,,,,,,,,,,,,,,83.0,100,,,,,,,,,,,,,,,,,,
2026-07-01T19:02:25.309014+00:00,2026-07-01T19:02:25.308934,2,1,82.75,0.5,82.5,209,82.2,2,,,,,,,,,,,,,,,,,83.0,250,,,,,,,,,,,,,,,,,,
2026-07-01T19:02:25.819255+00:00,2026-07-01T19:02:25.819138,2,1,82.75,0.5,82.5,206,82.2,2,,,,,,,,,,,,,,,,,83.0,250,,,,,,,,,,,,,,,,,,
2026-07-01T19:02:25.907046+00:00,2026-07-01T19:02:25.906972,2,1,82.75,0.5,82.5,206,82.2,2,,,,,,,,,,,,,,,,,83.0,200,,,,,,,,,,,,,,,,,,
2026-07-01T19:02:25.942133+00:00,2026-07-01T19:02:25.942230,2,2,82.55,0.1,82.5,206,82.2,2,,,,,,,,,,,,,,,,,82.6,3,83.0,200,,,,,,,,,,,,,,,,
2026-07-01T19:02:26.063633+00:00,2026-07-01T19:02:26.063762,2,1,82.75,0.5,82.5,206,82.2,2,,,,,,,,,,,,,,,,,83.0,200,,,,,,,,,,,,,,,,,,
2026-07-01T19:02:26.081000+00:00,2026-07-01T19:02:26.080960,2,2,82.55,0.1,82.5,206,82.2,2,,,,,,,,,,,,,,,,,82.6,3,83.0,200,,,,,,,,,,,,,,,,
2026-07-01T19:02:26.585514+00:00,2026-07-01T19:02:26.585431,2,1,82.75,0.5,82.5,206,82.2,2,,,,,,,,,,,,,,,,,83.0,200,,,,,,,,,,,,,,,,,,
2026-07-01T19:02:26.784095+00:00,2026-07-01T19:02:26.778548,2,1,82.75,0.5,82.5,183,82.2,2,,,,,,,,,,,,,,,,,83.0,200,,,,,,,,,,,,,,,,,,
2026-07-01T19:02:27.015934+00:00,2026-07-01T19:02:27.015831,2,2,82.55,0.1,82.5,183,82.2,2,,,,,,,,,,,,,,,,,82.6,3,83.0,200,,,,,,,,,,,,,,,,
2026-07-01T19:02:27.236407+00:00,2026-07-01T19:02:27.236337,2,1,82.75,0.5,82.5,183,82.2,2,,,,,,,,,,,,,,,,,83.0,200,,,,,,,,,,,,,,,,,,
2026-07-01T19:02:27.795394+00:00,2026-07-01T19:02:27.795358,2,1,82.75,0.5,82.5,183,82.2,2,,,,,,,,,,,,,,,,,83.0,150,,,,,,,,,,,,,,,,,,
2026-07-01T19:02:27.800686+00:00,2026-07-01T19:02:27.800527,2,1,82.75,0.5,82.5,150,82.2,2,,,,,,,,,,,,,,,,,83.0,150,,,,,,,,,,,,,,,,,,
2026-07-01T19:02:27.863964+00:00,2026-07-01T19:02:27.863911,2,2,82.55,0.1,82.5,150,82.2,102,,,,,,,,,,,,,,,,,82.6,4,83.0,150,,,,,,,,,,,,,,,,
2026-07-01T19:02:27.874429+00:00,2026-07-01T19:02:27.874365,2,1,82.75,0.5,82.5,150,82.2,102,,,,,,,,,,,,,,,,,83.0,150,,,,,,,,,,,,,,,,,,
2026-07-01T19:02:27.910833+00:00,2026-07-01T19:02:27.910714,2,2,82.6,0.2,82.5,150,82.2,102,,,,,,,,,,,,,,,,,82.7,100,83.0,150,,,,,,,,,,,,,,,,
2026-07-01T19:02:27.958605+00:00,2026-07-01T19:02:27.946820,2,3,82.55,0.1,82.5,150,82.2,102,,,,,,,,,,,,,,,,,82.6,4,82.7,100,83.0,150,,,,,,,,,,,,,,
2026-07-01T19:02:28.039767+00:00,2026-07-01T19:02:28.039711,2,2,82.6,0.2,82.5,150,82.2,102,,,,,,,,,,,,,,,,,82.7,54,83.0,150,,,,,,,,,,,,,,,,
2026-07-01T19:02:28.064023+00:00,2026-07-01T19:02:28.063933,2,3,82.55,0.1,82.5,150,82.2,102,,,,,,,,,,,,,,,,,82.6,3,82.7,54,83.0,150,,,,,,,,,,,,,,
2026-07-01T19:02:28.329224+00:00,2026-07-01T19:02:28.329132,2,2,82.6,0.2,82.5,150,82.2,102,,,,,,,,,,,,,,,,,82.7,16,83.0,150,,,,,,,,,,,,,,,,
2026-07-01T19:02:28.348291+00:00,2026-07-01T19:02:28.348473,2,3,82.55,0.1,82.5,150,82.2,102,,,,,,,,,,,,,,,,,82.6,3,82.7,16,83.0,150,,,,,,,,,,,,,,
2026-07-01T19:02:28.369017+00:00,2026-07-01T19:02:28.368913,1,2,82.4,0.4,82.2,102,,,,,,,,,,,,,,,,,,,82.6,3,82.7,16,,,,,,,,,,,,,,,,
2026-07-01T19:02:28.386973+00:00,2026-07-01T19:02:28.386948,1,2,82.4,0.4,82.2,53,,,,,,,,,,,,,,,,,,,82.6,3,82.7,16,,,,,,,,,,,,,,,,
2026-07-01T19:02:28.423651+00:00,2026-07-01T19:02:28.423625,3,2,82.5,0.2,82.4,150,82.3,2,82.2,53,,,,,,,,,,,,,,,82.6,3,82.7,16,,,,,,,,,,,,,,,,
2026-07-01T19:02:28.476356+00:00,2026-07-01T19:02:28.476232,3,3,82.5,0.2,82.4,150,82.3,2,82.2,53,,,,,,,,,,,,,,,82.6,3,82.7,16,82.9,150,,,,,,,,,,,,,,
2026-07-01T19:02:29.300374+00:00,2026-07-01T19:02:29.300230,3,3,82.5,0.2,82.4,150,82.3,2,82.2,53,,,,,,,,,,,,,,,82.6,1,82.7,16,82.9,150,,,,,,,,,,,,,,
2026-07-01T19:02:29.310653+00:00,2026-07-01T19:02:29.310586,3,2,82.55,0.3,82.4,150,82.3,2,82.2,53,,,,,,,,,,,,,,,82.7,16,82.9,150,,,,,,,,,,,,,,,,
2026-07-01T19:02:30.158574+00:00,2026-07-01T19:02:30.152476,3,1,82.65,0.5,82.4,150,82.3,2,82.2,53,,,,,,,,,,,,,,,82.9,116,,,,,,,,,,,,,,,,,,
2026-07-01T19:02:30.909613+00:00,2026-07-01T19:02:30.904043,3,1,82.65,0.5,82.4,139,82.3,2,82.2,53,,,,,,,,,,,,,,,82.9,116,,,,,,,,,,,,,,,,,,
2026-07-01T19:02:30.958659+00:00,2026-07-01T19:02:30.957137,2,1,82.65,0.5,82.4,139,82.3,2,,,,,,,,,,,,,,,,,82.9,116,,,,,,,,,,,,,,,,,,
2026-07-01T19:02:31.016740+00:00,2026-07-01T19:02:31.016808,3,1,82.65,0.5,82.4,139,82.3,2,82.2,100,,,,,,,,,,,,,,,82.9,116,,,,,,,,,,,,,,,,,,
2026-07-01T19:02:31.071248+00:00,2026-07-01T19:02:31.071153,3,2,82.55,0.3,82.4,139,82.3,2,82.2,100,,,,,,,,,,,,,,,82.7,100,82.9,116,,,,,,,,,,,,,,,,
2026-07-01T19:02:31.526724+00:00,2026-07-01T19:02:31.526854,3,1,82.55,0.3,82.4,139,82.3,2,82.2,100,,,,,,,,,,,,,,,82.7,100,,,,,,,,,,,,,,,,,,
2026-07-01T19:02:31.532102+00:00,2026-07-01T19:02:31.532002,2,1,82.5,0.4,82.3,2,82.2,100,,,,,,,,,,,,,,,,,82.7,100,,,,,,,,,,,,,,,,,,
2026-07-01T19:02:31.582898+00:00,2026-07-01T19:02:31.582751,2,1,82.5,0.4,82.3,2,82.2,250,,,,,,,,,,,,,,,,,82.7,100,,,,,,,,,,,,,,,,,,
2026-07-01T19:02:31.637332+00:00,2026-07-01T19:02:31.637236,2,1,82.5,0.4,82.3,2,82.2,250,,,,,,,,,,,,,,,,,82.7,250,,,,,,,,,,,,,,,,,,
2026-07-01T19:02:32.258171+00:00,2026-07-01T19:02:32.258313,2,1,82.5,0.4,82.3,2,82.2,250,,,,,,,,,,,,,,,,,82.7,200,,,,,,,,,,,,,,,,,,
2026-07-01T19:02:33.333893+00:00,2026-07-01T19:02:33.333823,2,1,82.5,0.4,82.3,2,82.2,250,,,,,,,,,,,,,,,,,82.7,155,,,,,,,,,,,,,,,,,,
2026-07-01T19:02:33.549468+00:00,2026-07-01T19:02:33.549378,2,1,82.5,0.4,82.3,1,82.2,250,,,,,,,,,,,,,,,,,82.7,155,,,,,,,,,,,,,,,,,,
2026-07-01T19:02:34.123647+00:00,2026-07-01T19:02:34.123611,2,1,82.5,0.4,82.3,1,82.2,150,,,,,,,,,,,,,,,,,82.7,150,,,,,,,,,,,,,,,,,,
2026-07-01T19:02:34.128890+00:00,2026-07-01T19:02:34.128743,1,1,82.45,0.5,82.2,150,,,,,,,,,,,,,,,,,,,82.7,150,,,,,,,,,,,,,,,,,,
2026-07-01T19:02:34.179684+00:00,2026-07-01T19:02:34.179595,2,1,82.65,0.1,82.6,100,82.2,150,,,,,,,,,,,,,,,,,82.7,150,,,,,,,,,,,,,,,,,,
2026-07-01T19:02:34.229442+00:00,2026-07-01T19:02:34.229334,2,2,82.65,0.1,82.6,100,82.2,150,,,,,,,,,,,,,,,,,82.7,150,83.1,100,,,,,,,,,,,,,,,,
2026-07-01T19:02:34.234408+00:00,2026-07-01T19:02:34.234524,2,2,82.65,0.1,82.6,52,82.2,150,,,,,,,,,,,,,,,,,82.7,150,83.1,100,,,,,,,,,,,,,,,,
2026-07-01T19:02:34.371324+00:00,2026-07-01T19:02:34.371193,2,2,82.65,0.1,82.6,52,82.2,150,,,,,,,,,,,,,,,,,82.7,100,83.1,100,,,,,,,,,,,,,,,,
2026-07-01T19:02:34.532512+00:00,2026-07-01T19:02:34.525636,2,2,82.65,0.1,82.6,40,82.2,150,,,,,,,,,,,,,,,,,82.7,100,83.1,100,,,,,,,,,,,,,,,,
2026-07-01T19:02:34.690726+00:00,2026-07-01T19:02:34.690842,1,1,82.85,0.5,82.6,40,,,,,,,,,,,,,,,,,,,83.1,100,,,,,,,,,,,,,,,,,,
2026-07-01T19:02:34.758606+00:00,2026-07-01T19:02:34.747702,2,1,82.85,0.5,82.6,40,82.5,150,,,,,,,,,,,,,,,,,83.1,100,,,,,,,,,,,,,,,,,,
2026-07-01T19:02:34.801170+00:00,2026-07-01T19:02:34.801057,2,2,82.8,0.4,82.6,40,82.5,150,,,,,,,,,,,,,,,,,83.0,150,83.1,100,,,,,,,,,,,,,,,,
2026-07-01T19:02:35.609042+00:00,2026-07-01T19:02:35.608983,2,3,82.65,0.1,82.6,40,82.5,150,,,,,,,,,,,,,,,,,82.7,5,83.0,150,83.1,100,,,,,,,,,,,,,,
2026-07-01T19:02:36.116682+00:00,2026-07-01T19:02:36.116564,2,2,82.8,0.4,82.6,40,82.5,150,,,,,,,,,,,,,,,,,83.0,150,83.1,100,,,,,,,,,,,,,,,,
2026-07-01T19:02:36.290606+00:00,2026-07-01T19:02:36.290492,1,2,82.75,0.5,82.5,149,,,,,,,,,,,,,,,,,,,83.0,150,83.1,100,,,,,,,,,,,,,,,,
2026-07-01T19:02:36.476524+00:00,2026-07-01T19:02:36.476465,1,2,82.75,0.5,82.5,149,,,,,,,,,,,,,,,,,,,83.0,100,83.1,100,,,,,,,,,,,,,,,,
2026-07-01T19:02:37.287192+00:00,2026-07-01T19:02:37.287103,1,1,82.75,0.5,82.5,149,,,,,,,,,,,,,,,,,,,83.0,100,,,,,,,,,,,,,,,,,,
2026-07-01T19:02:37.340254+00:00,2026-07-01T19:02:37.340403,2,1,82.75,0.5,82.5,149,82.2,100,,,,,,,,,,,,,,,,,83.0,100,,,,,,,,,,,,,,,,,,
2026-07-01T19:02:37.358584+00:00,2026-07-01T19:02:37.354688,2,1,82.75,0.5,82.5,149,82.2,100,,,,,,,,,,,,,,,,,83.0,53,,,,,,,,,,,,,,,,,,
2026-07-01T19:02:37.393004+00:00,2026-07-01T19:02:37.392916,2,2,82.6,0.2,82.5,149,82.2,100,,,,,,,,,,,,,,,,,82.7,100,83.0,53,,,,,,,,,,,,,,,,
2026-07-01T19:02:37.404661+00:00,2026-07-01T19:02:37.404797,2,2,82.6,0.2,82.5,104,82.2,100,,,,,,,,,,,,,,,,,82.7,100,83.0,53,,,,,,,,,,,,,,,,
2026-07-01T19:02:37.858613+00:00,2026-07-01T19:02:37.850526,1,1,82.45,0.5,82.2,100,,,,,,,,,,,,,,,,,,,82.7,100,,,,,,,,,,,,,,,,,,
2026-07-01T19:02:37.911296+00:00,2026-07-01T19:02:37.911214,2,1,82.65,0.1,82.6,150,82.2,100,,,,,,,,,,,,,,,,,82.7,100,,,,,,,,,,,,,,,,,,
2026-07-01T19:02:37.965819+00:00,2026-07-01T19:02:37.965688,2,2,82.65,0.1,82.6,150,82.2,100,,,,,,,,,,,,,,,,,82.7,100,83.1,150,,,,,,,,,,,,,,,,
2026-07-01T19:02:38.581552+00:00,2026-07-01T19:02:38.581463,2,2,82.65,0.1,82.6,150,82.2,100,,,,,,,,,,,,,,,,,82.7,50,83.1,150,,,,,,,,,,,,,,,,
2026-07-01T19:02:40.458640+00:00,2026-07-01T19:02:40.448128,1,1,82.85,0.5,82.6,150,,,,,,,,,,,,,,,,,,,83.1,150,,,,,,,,,,,,,,,,,,
2026-07-01T19:02:40.502584+00:00,2026-07-01T19:02:40.502387,2,1,82.85,0.5,82.6,150,82.3,100,,,,,,,,,,,,,,,,,83.1,150,,,,,,,,,,,,,,,,,,
2026-07-01T19:02:40.558630+00:00,2026-07-01T19:02:40.545514,2,2,82.7,0.2,82.6,150,82.3,100,,,,,,,,,,,,,,,,,82.8,100,83.1,150,,,,,,,,,,,,,,,,
2026-07-01T19:02:40.690985+00:00,2026-07-01T19:02:40.690888,2,2,82.7,0.2,82.6,150,82.3,100,,,,,,,,,,,,,,,,,82.8,50,83.1,150,,,,,,,,,,,,,,,,
2026-07-01T19:02:41.021249+00:00,2026-07-01T19:02:41.021200,2,2,82.7,0.2,82.6,4,82.3,100,,,,,,,,,,,,,,,,,82.8,50,82.9,50,,,,,,,,,,,,,,,,
2026-07-01T19:02:41.031639+00:00,2026-07-01T19:02:41.031539,2,2,82.7,0.2,82.6,1,82.3,100,,,,,,,,,,,,,,,,,82.8,50,82.9,50,,,,,,,,,,,,,,,,
2026-07-01T19:02:41.067984+00:00,2026-07-01T19:02:41.068091,2,2,82.7,0.2,82.6,1,82.3,100,,,,,,,,,,,,,,,,,82.8,50,82.9,17,,,,,,,,,,,,,,,,
2026-07-01T19:02:41.082324+00:00,2026-07-01T19:02:41.076932,3,2,82.75,0.1,82.7,139,82.6,1,82.3,100,,,,,,,,,,,,,,,82.8,50,82.9,17,,,,,,,,,,,,,,,,
2026-07-01T19:02:41.103201+00:00,2026-07-01T19:02:41.103081,2,2,82.75,0.1,82.7,139,82.3,100,,,,,,,,,,,,,,,,,82.8,50,82.9,5,,,,,,,,,,,,,,,,
2026-07-01T19:02:41.140036+00:00,2026-07-01T19:02:41.139801,2,3,82.75,0.1,82.7,139,82.3,100,,,,,,,,,,,,,,,,,82.8,50,82.9,5,83.2,150,,,,,,,,,,,,,,
2026-07-01T19:02:41.279714+00:00,2026-07-01T19:02:41.273538,2,3,82.75,0.1,82.7,136,82.3,100,,,,,,,,,,,,,,,,,82.8,50,82.9,5,83.2,150,,,,,,,,,,,,,,
2026-07-01T19:02:42.796571+00:00,2026-07-01T19:02:42.796515,2,2,82.8,0.2,82.7,136,82.3,100,,,,,,,,,,,,,,,,,82.9,5,83.2,150,,,,,,,,,,,,,,,,
2026-07-01T19:02:43.069569+00:00,2026-07-01T19:02:43.069769,2,2,82.8,0.2,82.7,136,82.3,100,,,,,,,,,,,,,,,,,82.9,2,83.2,150,,,,,,,,,,,,,,,,
2026-07-01T19:02:43.270046+00:00,2026-07-01T19:02:43.269955,2,1,82.95,0.5,82.7,136,82.3,100,,,,,,,,,,,,,,,,,83.2,150,,,,,,,,,,,,,,,,,,
2026-07-01T19:02:43.609281+00:00,2026-07-01T19:02:43.609082,1,1,82.95,0.5,82.7,136,,,,,,,,,,,,,,,,,,,83.2,150,,,,,,,,,,,,,,,,,,
2026-07-01T19:02:43.657112+00:00,2026-07-01T19:02:43.657230,2,1,82.95,0.5,82.7,136,82.6,100,,,,,,,,,,,,,,,,,83.2,150,,,,,,,,,,,,,,,,,,
2026-07-01T19:02:43.715722+00:00,2026-07-01T19:02:43.715633,2,2,82.9,0.4,82.7,136,82.6,100,,,,,,,,,,,,,,,,,83.1,100,83.2,150,,,,,,,,,,,,,,,,
2026-07-01T19:02:44.190830+00:00,2026-07-01T19:02:44.190720,1,1,82.85,0.5,82.6,100,,,,,,,,,,,,,,,,,,,83.1,100,,,,,,,,,,,,,,,,,,
2026-07-01T19:02:44.258656+00:00,2026-07-01T19:02:44.248068,2,1,82.85,0.5,82.6,100,82.5,150,,,,,,,,,,,,,,,,,83.1,100,,,,,,,,,,,,,,,,,,
2026-07-01T19:02:44.296159+00:00,2026-07-01T19:02:44.296120,2,2,82.8,0.4,82.6,100,82.5,150,,,,,,,,,,,,,,,,,83.0,150,83.1,100,,,,,,,,,,,,,,,,
2026-07-01T19:02:44.958586+00:00,2026-07-01T19:02:44.948651,2,2,82.8,0.4,82.6,50,82.5,150,,,,,,,,,,,,,,,,,83.0,150,83.1,100,,,,,,,,,,,,,,,,
2026-07-01T19:02:46.769260+00:00,2026-07-01T19:02:46.769177,1,1,82.75,0.5,82.5,150,,,,,,,,,,,,,,,,,,,83.0,150,,,,,,,,,,,,,,,,,,
2026-07-01T19:02:46.823370+00:00,2026-07-01T19:02:46.823289,2,1,82.75,0.5,82.5,150,82.3,100,,,,,,,,,,,,,,,,,83.0,150,,,,,,,,,,,,,,,,,,
2026-07-01T19:02:46.874195+00:00,2026-07-01T19:02:46.874315,2,2,82.65,0.3,82.5,150,82.3,100,,,,,,,,,,,,,,,,,82.8,100,83.0,150,,,,,,,,,,,,,,,,
2026-07-01T19:02:47.057393+00:00,2026-07-01T19:02:47.058705,2,2,82.65,0.3,82.5,100,82.3,100,,,,,,,,,,,,,,,,,82.8,100,83.0,150,,,,,,,,,,,,,,,,
2026-07-01T19:02:47.358640+00:00,2026-07-01T19:02:47.355245,1,1,82.55,0.5,82.3,100,,,,,,,,,,,,,,,,,,,82.8,100,,,,,,,,,,,,,,,,,,
2026-07-01T19:02:47.409830+00:00,2026-07-01T19:02:47.409920,2,1,82.55,0.5,82.3,100,82.2,150,,,,,,,,,,,,,,,,,82.8,100,,,,,,,,,,,,,,,,,,
2026-07-01T19:02:47.458763+00:00,2026-07-01T19:02:47.454059,2,2,82.5,0.4,82.3,100,82.2,150,,,,,,,,,,,,,,,,,82.7,150,82.8,100,,,,,,,,,,,,,,,,
2026-07-01T19:02:49.169833+00:00,2026-07-01T19:02:49.169763,2,2,82.5,0.4,82.3,50,82.2,150,,,,,,,,,,,,,,,,,82.7,150,82.8,100,,,,,,,,,,,,,,,,
2026-07-01T19:02:49.222010+00:00,2026-07-01T19:02:49.221960,2,3,82.5,0.4,82.3,50,82.2,150,,,,,,,,,,,,,,,,,82.7,150,82.8,100,82.9,4,,,,,,,,,,,,,,
2026-07-01T19:02:49.925248+00:00,2026-07-01T19:02:49.925196,2,2,82.5,0.4,82.3,50,82.2,150,,,,,,,,,,,,,,,,,82.7,150,82.9,4,,,,,,,,,,,,,,,,
2026-07-01T19:02:49.930580+00:00,2026-07-01T19:02:49.930426,1,2,82.45,0.5,82.2,150,,,,,,,,,,,,,,,,,,,82.7,150,82.9,4,,,,,,,,,,,,,,,,
2026-07-01T19:02:49.984730+00:00,2026-07-01T19:02:49.984626,2,2,82.55,0.3,82.4,100,82.2,150,,,,,,,,,,,,,,,,,82.7,150,82.9,4,,,,,,,,,,,,,,,,
2026-07-01T19:02:50.033582+00:00,2026-07-01T19:02:50.033533,2,2,82.55,0.3,82.4,100,82.2,150,,,,,,,,,,,,,,,,,82.7,150,82.9,104,,,,,,,,,,,,,,,,
2026-07-01T19:02:50.389648+00:00,2026-07-01T19:02:50.389514,2,2,82.55,0.3,82.4,100,82.2,150,,,,,,,,,,,,,,,,,82.7,150,82.9,103,,,,,,,,,,,,,,,,
2026-07-01T19:02:50.443766+00:00,2026-07-01T19:02:50.438681,2,2,82.55,0.3,82.4,100,82.2,150,,,,,,,,,,,,,,,,,82.7,147,82.9,103,,,,,,,,,,,,,,,,
2026-07-01T19:02:50.518174+00:00,2026-07-01T19:02:50.518091,1,1,82.65,0.5,82.4,100,,,,,,,,,,,,,,,,,,,82.9,103,,,,,,,,,,,,,,,,,,
2026-07-01T19:02:50.571832+00:00,2026-07-01T19:02:50.571716,2,1,82.7,0.4,82.5,150,82.4,100,,,,,,,,,,,,,,,,,82.9,103,,,,,,,,,,,,,,,,,,
2026-07-01T19:02:50.624540+00:00,2026-07-01T19:02:50.624492,2,2,82.7,0.4,82.5,150,82.4,100,,,,,,,,,,,,,,,,,82.9,103,83.0,150,,,,,,,,,,,,,,,,
2026-07-01T19:02:51.258601+00:00,2026-07-01T19:02:51.255344,2,2,82.7,0.4,82.5,150,82.4,100,,,,,,,,,,,,,,,,,82.9,102,83.0,150,,,,,,,,,,,,,,,,
2026-07-01T19:02:51.279710+00:00,2026-07-01T19:02:51.279636,2,2,82.7,0.4,82.5,100,82.4,100,,,,,,,,,,,,,,,,,82.9,102,83.0,150,,,,,,,,,,,,,,,,
2026-07-01T19:02:51.923397+00:00,2026-07-01T19:02:51.923320,2,2,82.7,0.4,82.5,57,82.4,100,,,,,,,,,,,,,,,,,82.9,102,83.0,150,,,,,,,,,,,,,,,,
2026-07-01T19:02:51.958606+00:00,2026-07-01T19:02:51.953882,2,2,82.7,0.4,82.5,57,82.4,100,,,,,,,,,,,,,,,,,82.9,101,83.0,150,,,,,,,,,,,,,,,,
2026-07-01T19:02:53.090579+00:00,2026-07-01T19:02:53.090685,1,2,82.7,0.4,82.5,57,,,,,,,,,,,,,,,,,,,82.9,1,83.0,150,,,,,,,,,,,,,,,,
2026-07-01T19:02:53.145832+00:00,2026-07-01T19:02:53.145762,1,2,82.7,0.4,82.5,157,,,,,,,,,,,,,,,,,,,82.9,1,83.0,150,,,,,,,,,,,,,,,,
2026-07-01T19:02:53.196362+00:00,2026-07-01T19:02:53.196321,1,2,82.7,0.4,82.5,157,,,,,,,,,,,,,,,,,,,82.9,1,83.0,250,,,,,,,,,,,,,,,,
2026-07-01T19:02:53.333791+00:00,2026-07-01T19:02:53.333769,1,1,82.75,0.5,82.5,157,,,,,,,,,,,,,,,,,,,83.0,201,,,,,,,,,,,,,,,,,,
2026-07-01T19:02:53.674281+00:00,2026-07-01T19:02:53.674419,1,1,82.75,0.5,82.5,157,,,,,,,,,,,,,,,,,,,83.0,100,,,,,,,,,,,,,,,,,,
2026-07-01T19:02:53.679483+00:00,2026-07-01T19:02:53.679559,1,1,82.75,0.5,82.5,100,,,,,,,,,,,,,,,,,,,83.0,100,,,,,,,,,,,,,,,,,,
2026-07-01T19:02:53.732090+00:00,2026-07-01T19:02:53.732220,2,1,82.75,0.5,82.5,100,82.3,150,,,,,,,,,,,,,,,,,83.0,100,,,,,,,,,,,,,,,,,,
2026-07-01T19:02:53.785261+00:00,2026-07-01T19:02:53.785180,2,2,82.65,0.3,82.5,100,82.3,150,,,,,,,,,,,,,,,,,82.8,150,83.0,100,,,,,,,,,,,,,,,,
2026-07-01T19:02:54.374533+00:00,2026-07-01T19:02:54.374420,2,2,82.65,0.3,82.5,100,82.3,150,,,,,,,,,,,,,,,,,82.8,104,83.0,100,,,,,,,,,,,,,,,,
2026-07-01T19:02:54.869048+00:00,2026-07-01T19:02:54.869192,2,2,82.65,0.3,82.5,100,82.3,150,,,,,,,,,,,,,,,,,82.8,57,83.0,100,,,,,,,,,,,,,,,,
2026-07-01T19:02:55.494339+00:00,2026-07-01T19:02:55.494226,2,2,82.65,0.3,82.5,50,82.3,150,,,,,,,,,,,,,,,,,82.8,57,83.0,100,,,,,,,,,,,,,,,,
2026-07-01T19:02:55.700233+00:00,2026-07-01T19:02:55.695138,2,2,82.65,0.3,82.5,50,82.3,150,,,,,,,,,,,,,,,,,82.8,46,83.0,100,,,,,,,,,,,,,,,,
2026-07-01T19:02:56.274936+00:00,2026-07-01T19:02:56.274878,1,1,82.55,0.5,82.3,150,,,,,,,,,,,,,,,,,,,82.8,46,,,,,,,,,,,,,,,,,,
2026-07-01T19:02:56.326890+00:00,2026-07-01T19:02:56.326825,2,1,82.65,0.3,82.5,100,82.3,150,,,,,,,,,,,,,,,,,82.8,46,,,,,,,,,,,,,,,,,,
2026-07-01T19:02:56.380248+00:00,2026-07-01T19:02:56.380202,2,2,82.65,0.3,82.5,100,82.3,150,,,,,,,,,,,,,,,,,82.8,46,83.0,100,,,,,,,,,,,,,,,,
2026-07-01T19:02:56.468953+00:00,2026-07-01T19:02:56.468867,2,2,82.65,0.3,82.5,55,82.3,150,,,,,,,,,,,,,,,,,82.8,46,83.0,100,,,,,,,,,,,,,,,,
2026-07-01T19:02:56.840881+00:00,2026-07-01T19:02:56.840741,1,1,82.75,0.5,82.5,55,,,,,,,,,,,,,,,,,,,83.0,100,,,,,,,,,,,,,,,,,,
2026-07-01T19:02:56.897557+00:00,2026-07-01T19:02:56.897410,2,1,82.8,0.4,82.6,150,82.5,55,,,,,,,,,,,,,,,,,83.0,100,,,,,,,,,,,,,,,,,,
2026-07-01T19:02:56.948496+00:00,2026-07-01T19:02:56.958630,2,2,82.8,0.4,82.6,150,82.5,55,,,,,,,,,,,,,,,,,83.0,100,83.1,150,,,,,,,,,,,,,,,,
2026-07-01T19:02:57.028668+00:00,2026-07-01T19:02:57.028620,2,2,82.8,0.4,82.6,150,82.5,55,,,,,,,,,,,,,,,,,83.0,60,83.1,150,,,,,,,,,,,,,,,,
2026-07-01T19:02:57.479441+00:00,2026-07-01T19:02:57.479317,2,2,82.8,0.4,82.6,156,82.5,55,,,,,,,,,,,,,,,,,83.0,60,83.1,150,,,,,,,,,,,,,,,,
2026-07-01T19:02:57.563764+00:00,2026-07-01T19:02:57.563717,2,2,82.8,0.4,82.6,155,82.5,55,,,,,,,,,,,,,,,,,83.0,60,83.1,150,,,,,,,,,,,,,,,,
2026-07-01T19:02:57.600992+00:00,2026-07-01T19:02:57.601173,2,2,82.8,0.4,82.6,105,82.5,55,,,,,,,,,,,,,,,,,83.0,60,83.1,150,,,,,,,,,,,,,,,,
2026-07-01T19:02:58.322433+00:00,2026-07-01T19:02:58.317118,2,2,82.8,0.4,82.6,91,82.5,55,,,,,,,,,,,,,,,,,83.0,60,83.1,150,,,,,,,,,,,,,,,,
2026-07-01T19:02:59.321479+00:00,2026-07-01T19:02:59.321373,2,2,82.8,0.4,82.6,45,82.5,55,,,,,,,,,,,,,,,,,83.0,60,83.1,150,,,,,,,,,,,,,,,,
2026-07-01T19:02:59.434070+00:00,2026-07-01T19:02:59.434189,1,1,82.85,0.5,82.6,45,,,,,,,,,,,,,,,,,,,83.1,150,,,,,,,,,,,,,,,,,,
2026-07-01T19:02:59.489455+00:00,2026-07-01T19:02:59.489554,2,1,82.85,0.5,82.6,45,81.9,100,,,,,,,,,,,,,,,,,83.1,150,,,,,,,,,,,,,,,,,,
2026-07-01T19:02:59.558581+00:00,2026-07-01T19:02:59.546106,1,2,82.15,0.5,81.9,100,,,,,,,,,,,,,,,,,,,82.4,55,83.1,150,,,,,,,,,,,,,,,,
2026-07-01T19:02:59.617011+00:00,2026-07-01T19:02:59.617154,1,2,82.15,0.5,81.9,100,,,,,,,,,,,,,,,,,,,82.4,49,83.1,150,,,,,,,,,,,,,,,,
2026-07-01T19:02:59.636391+00:00,2026-07-01T19:02:59.630975,1,2,82.15,0.5,81.9,100,,,,,,,,,,,,,,,,,,,82.4,46,83.1,150,,,,,,,,,,,,,,,,
2026-07-01T19:03:00.005144+00:00,2026-07-01T19:03:00.005043,1,1,82.15,0.5,81.9,100,,,,,,,,,,,,,,,,,,,82.4,46,,,,,,,,,,,,,,,,,,
2026-07-01T19:03:00.059606+00:00,2026-07-01T19:03:00.059541,1,1,82.15,0.5,81.9,250,,,,,,,,,,,,,,,,,,,82.4,46,,,,,,,,,,,,,,,,,,
2026-07-01T19:03:00.109816+00:00,2026-07-01T19:03:00.109932,1,1,82.15,0.5,81.9,250,,,,,,,,,,,,,,,,,,,82.4,196,,,,,,,,,,,,,,,,,,
2026-07-01T19:03:00.384826+00:00,2026-07-01T19:03:00.384769,1,1,82.15,0.5,81.9,250,,,,,,,,,,,,,,,,,,,82.4,150,,,,,,,,,,,,,,,,,,
2026-07-01T19:03:01.816435+00:00,2026-07-01T19:03:01.816561,1,1,82.15,0.5,81.9,200,,,,,,,,,,,,,,,,,,,82.4,150,,,,,,,,,,,,,,,,,,
2026-07-01T19:03:02.602652+00:00,2026-07-01T19:03:02.602563,1,1,82.15,0.5,81.9,150,,,,,,,,,,,,,,,,,,,82.4,150,,,,,,,,,,,,,,,,,,
2026-07-01T19:03:02.658543+00:00,2026-07-01T19:03:02.646637,2,1,82.3,0.2,82.2,100,81.9,150,,,,,,,,,,,,,,,,,82.4,150,,,,,,,,,,,,,,,,,,
2026-07-01T19:03:02.710541+00:00,2026-07-01T19:03:02.710399,2,2,82.3,0.2,82.2,100,81.9,150,,,,,,,,,,,,,,,,,82.4,150,82.7,100,,,,,,,,,,,,,,,,
2026-07-01T19:03:03.168335+00:00,2026-07-01T19:03:03.168306,1,1,82.45,0.5,82.2,100,,,,,,,,,,,,,,,,,,,82.7,100,,,,,,,,,,,,,,,,,,
2026-07-01T19:03:03.224393+00:00,2026-07-01T19:03:03.224494,2,1,82.45,0.5,82.2,100,81.9,150,,,,,,,,,,,,,,,,,82.7,100,,,,,,,,,,,,,,,,,,
2026-07-01T19:03:03.277234+00:00,2026-07-01T19:03:03.277322,2,2,82.3,0.2,82.2,100,81.9,150,,,,,,,,,,,,,,,,,82.4,150,82.7,100,,,,,,,,,,,,,,,,
2026-07-01T19:03:03.589698+00:00,2026-07-01T19:03:03.576056,2,2,82.3,0.2,82.2,100,81.9,150,,,,,,,,,,,,,,,,,82.4,127,82.7,100,,,,,,,,,,,,,,,,
2026-07-01T19:03:03.924942+00:00,2026-07-01T19:03:03.925081,2,2,82.3,0.2,82.2,50,81.9,150,,,,,,,,,,,,,,,,,82.4,127,82.7,100,,,,,,,,,,,,,,,,
2026-07-01T19:03:05.658638+00:00,2026-07-01T19:03:05.652145,2,2,82.3,0.2,82.2,50,81.9,150,,,,,,,,,,,,,,,,,82.4,122,82.7,100,,,,,,,,,,,,,,,,
2026-07-01T19:03:05.753725+00:00,2026-07-01T19:03:05.755312,1,1,82.15,0.5,81.9,150,,,,,,,,,,,,,,,,,,,82.4,122,,,,,,,,,,,,,,,,,,
2026-07-01T19:03:05.817188+00:00,2026-07-01T19:03:05.817147,2,1,82.25,0.3,82.1,100,81.9,150,,,,,,,,,,,,,,,,,82.4,122,,,,,,,,,,,,,,,,,,
2026-07-01T19:03:05.870740+00:00,2026-07-01T19:03:05.870689,2,2,82.25,0.3,82.1,100,81.9,150,,,,,,,,,,,,,,,,,82.4,122,82.6,100,,,,,,,,,,,,,,,,
2026-07-01T19:03:06.034962+00:00,2026-07-01T19:03:06.034898,2,2,82.25,0.3,82.1,50,81.9,150,,,,,,,,,,,,,,,,,82.4,122,82.6,100,,,,,,,,,,,,,,,,
2026-07-01T19:03:06.327842+00:00,2026-07-01T19:03:06.327812,1,1,82.35,0.5,82.1,50,,,,,,,,,,,,,,,,,,,82.6,100,,,,,,,,,,,,,,,,,,
2026-07-01T19:03:06.385081+00:00,2026-07-01T19:03:06.385175,2,1,82.4,0.4,82.2,150,82.1,50,,,,,,,,,,,,,,,,,82.6,100,,,,,,,,,,,,,,,,,,
2026-07-01T19:03:06.438039+00:00,2026-07-01T19:03:06.437931,2,2,82.4,0.4,82.2,150,82.1,50,,,,,,,,,,,,,,,,,82.6,100,82.7,150,,,,,,,,,,,,,,,,
2026-07-01T19:03:06.502351+00:00,2026-07-01T19:03:06.502189,3,2,82.45,0.3,82.3,4,82.2,150,82.1,50,,,,,,,,,,,,,,,82.6,100,82.7,150,,,,,,,,,,,,,,,,
2026-07-01T19:03:07.728659+00:00,2026-07-01T19:03:07.728780,3,2,82.45,0.3,82.3,2,82.2,150,82.1,50,,,,,,,,,,,,,,,82.6,100,82.7,150,,,,,,,,,,,,,,,,
2026-07-01T19:03:08.139528+00:00,2026-07-01T19:03:08.139430,2,2,82.4,0.4,82.2,102,82.1,50,,,,,,,,,,,,,,,,,82.6,100,82.7,150,,,,,,,,,,,,,,,,
2026-07-01T19:03:08.919428+00:00,2026-07-01T19:03:08.919387,2,1,82.45,0.5,82.2,102,82.1,50,,,,,,,,,,,,,,,,,82.7,150,,,,,,,,,,,,,,,,,,
2026-07-01T19:03:08.924463+00:00,2026-07-01T19:03:08.924551,1,1,82.45,0.5,82.2,102,,,,,,,,,,,,,,,,,,,82.7,150,,,,,,,,,,,,,,,,,,
2026-07-01T19:03:08.984462+00:00,2026-07-01T19:03:08.984589,2,1,82.45,0.5,82.2,102,81.9,100,,,,,,,,,,,,,,,,,82.7,150,,,,,,,,,,,,,,,,,,
2026-07-01T19:03:09.036876+00:00,2026-07-01T19:03:09.036782,2,2,82.3,0.2,82.2,102,81.9,100,,,,,,,,,,,,,,,,,82.4,100,82.7,150,,,,,,,,,,,,,,,,
2026-07-01T19:03:09.251671+00:00,2026-07-01T19:03:09.251564,2,2,82.3,0.2,82.2,102,81.9,100,,,,,,,,,,,,,,,,,82.4,59,82.7,150,,,,,,,,,,,,,,,,
2026-07-01T19:03:09.489775+00:00,2026-07-01T19:03:09.489697,1,1,82.15,0.5,81.9,100,,,,,,,,,,,,,,,,,,,82.4,59,,,,,,,,,,,,,,,,,,
2026-07-01T19:03:09.545728+00:00,2026-07-01T19:03:09.545684,2,1,82.15,0.5,81.9,100,81.8,150,,,,,,,,,,,,,,,,,82.4,59,,,,,,,,,,,,,,,,,,
2026-07-01T19:03:09.595080+00:00,2026-07-01T19:03:09.595023,2,2,82.1,0.4,81.9,100,81.8,150,,,,,,,,,,,,,,,,,82.3,150,82.4,59,,,,,,,,,,,,,,,,
2026-07-01T19:03:10.136347+00:00,2026-07-01T19:03:10.130680,2,2,82.1,0.4,81.9,100,81.8,150,,,,,,,,,,,,,,,,,82.3,139,82.4,59,,,,,,,,,,,,,,,,
2026-07-01T19:03:10.244163+00:00,2026-07-01T19:03:10.244072,2,2,82.1,0.4,81.9,50,81.8,150,,,,,,,,,,,,,,,,,82.3,139,82.4,59,,,,,,,,,,,,,,,,
2026-07-01T19:03:12.089548+00:00,2026-07-01T19:03:12.089504,2,1,82.1,0.4,81.9,50,81.8,150,,,,,,,,,,,,,,,,,82.3,139,,,,,,,,,,,,,,,,,,
2026-07-01T19:03:12.094793+00:00,2026-07-01T19:03:12.094680,1,1,82.05,0.5,81.8,150,,,,,,,,,,,,,,,,,,,82.3,139,,,,,,,,,,,,,,,,,,
2026-07-01T19:03:12.145175+00:00,2026-07-01T19:03:12.145114,2,1,82.15,0.3,82.0,100,81.8,150,,,,,,,,,,,,,,,,,82.3,139,,,,,,,,,,,,,,,,,,
2026-07-01T19:03:12.199968+00:00,2026-07-01T19:03:12.199937,2,2,82.15,0.3,82.0,100,81.8,150,,,,,,,,,,,,,,,,,82.3,139,82.5,100,,,,,,,,,,,,,,,,
2026-07-01T19:03:12.358570+00:00,2026-07-01T19:03:12.347569,2,2,82.15,0.3,82.0,50,81.8,150,,,,,,,,,,,,,,,,,82.3,139,82.5,100,,,,,,,,,,,,,,,,
2026-07-01T19:03:12.658753+00:00,2026-07-01T19:03:12.658622,1,1,82.25,0.5,82.0,50,,,,,,,,,,,,,,,,,,,82.5,100,,,,,,,,,,,,,,,,,,
2026-07-01T19:03:12.701923+00:00,2026-07-01T19:03:12.701984,2,1,82.25,0.5,82.0,50,81.9,150,,,,,,,,,,,,,,,,,82.5,100,,,,,,,,,,,,,,,,,,
2026-07-01T19:03:12.758683+00:00,2026-07-01T19:03:12.753523,2,2,82.2,0.4,82.0,50,81.9,150,,,,,,,,,,,,,,,,,82.4,150,82.5,100,,,,,,,,,,,,,,,,
2026-07-01T19:03:12.982517+00:00,2026-07-01T19:03:12.982636,2,2,82.2,0.4,82.0,8,81.9,150,,,,,,,,,,,,,,,,,82.4,150,82.5,100,,,,,,,,,,,,,,,,
2026-07-01T19:03:13.878251+00:00,2026-07-01T19:03:13.878370,3,2,82.3,0.2,82.2,5,82.0,8,81.9,150,,,,,,,,,,,,,,,82.4,150,82.5,100,,,,,,,,,,,,,,,,
2026-07-01T19:03:14.158691+00:00,2026-07-01T19:03:14.148164,1,2,82.15,0.5,81.9,118,,,,,,,,,,,,,,,,,,,82.4,150,82.5,100,,,,,,,,,,,,,,,,
2026-07-01T19:03:14.482394+00:00,2026-07-01T19:03:14.482307,1,2,82.15,0.5,81.9,68,,,,,,,,,,,,,,,,,,,82.4,150,82.5,100,,,,,,,,,,,,,,,,
2026-07-01T19:03:15.263969+00:00,2026-07-01T19:03:15.263947,1,1,82.15,0.5,81.9,68,,,,,,,,,,,,,,,,,,,82.4,150,,,,,,,,,,,,,,,,,,
2026-07-01T19:03:15.312003+00:00,2026-07-01T19:03:15.311936,2,1,82.15,0.5,81.9,68,81.7,100,,,,,,,,,,,,,,,,,82.4,150,,,,,,,,,,,,,,,,,,
2026-07-01T19:03:15.365394+00:00,2026-07-01T19:03:15.365346,2,2,82.05,0.3,81.9,68,81.7,100,,,,,,,,,,,,,,,,,82.2,100,82.4,150,,,,,,,,,,,,,,,,
2026-07-01T19:03:15.394456+00:00,2026-07-01T19:03:15.388933,2,2,82.05,0.3,81.9,68,81.7,100,,,,,,,,,,,,,,,,,82.2,88,82.4,150,,,,,,,,,,,,,,,,
2026-07-01T19:03:15.813555+00:00,2026-07-01T19:03:15.813432,2,2,82.05,0.3,81.9,68,81.7,100,,,,,,,,,,,,,,,,,82.2,88,82.4,154,,,,,,,,,,,,,,,,
2026-07-01T19:03:15.818832+00:00,2026-07-01T19:03:15.818738,2,2,82.15,0.1,82.1,1,81.7,100,,,,,,,,,,,,,,,,,82.2,88,82.4,4,,,,,,,,,,,,,,,,
2026-07-01T19:03:15.874481+00:00,2026-07-01T19:03:15.874370,2,2,82.15,0.1,82.1,1,81.7,250,,,,,,,,,,,,,,,,,82.2,88,82.4,4,,,,,,,,,,,,,,,,
2026-07-01T19:03:15.928726+00:00,2026-07-01T19:03:15.928643,2,2,82.15,0.1,82.1,1,81.7,250,,,,,,,,,,,,,,,,,82.2,238,82.4,4,,,,,,,,,,,,,,,,
2026-07-01T19:03:16.589714+00:00,2026-07-01T19:03:16.589660,1,2,81.95,0.5,81.7,201,,,,,,,,,,,,,,,,,,,82.2,238,82.4,4,,,,,,,,,,,,,,,,
2026-07-01T19:03:16.658541+00:00,2026-07-01T19:03:16.646686,2,2,82.15,0.1,82.1,1,81.7,201,,,,,,,,,,,,,,,,,82.2,238,82.4,4,,,,,,,,,,,,,,,,
2026-07-01T19:03:18.085018+00:00,2026-07-01T19:03:18.084884,1,2,81.95,0.5,81.7,201,,,,,,,,,,,,,,,,,,,82.2,238,82.4,4,,,,,,,,,,,,,,,,
2026-07-01T19:03:18.417370+00:00,2026-07-01T19:03:18.417480,1,2,81.95,0.5,81.7,201,,,,,,,,,,,,,,,,,,,82.2,150,82.4,4,,,,,,,,,,,,,,,,
2026-07-01T19:03:18.422545+00:00,2026-07-01T19:03:18.422618,1,2,81.95,0.5,81.7,150,,,,,,,,,,,,,,,,,,,82.2,150,82.4,4,,,,,,,,,,,,,,,,
2026-07-01T19:03:18.476069+00:00,2026-07-01T19:03:18.475987,2,2,81.95,0.5,81.7,150,81.4,100,,,,,,,,,,,,,,,,,82.2,150,82.4,4,,,,,,,,,,,,,,,,
2026-07-01T19:03:18.540995+00:00,2026-07-01T19:03:18.534566,2,3,81.8,0.2,81.7,150,81.4,100,,,,,,,,,,,,,,,,,81.9,89,82.2,150,82.4,2,,,,,,,,,,,,,,
2026-07-01T19:03:18.700973+00:00,2026-07-01T19:03:18.700808,2,3,81.8,0.2,81.7,100,81.4,100,,,,,,,,,,,,,,,,,81.9,89,82.2,150,82.4,2,,,,,,,,,,,,,,
2026-07-01T19:03:18.978835+00:00,2026-07-01T19:03:18.978709,1,2,81.65,0.5,81.4,100,,,,,,,,,,,,,,,,,,,81.9,89,82.4,2,,,,,,,,,,,,,,,,
2026-07-01T19:03:19.033263+00:00,2026-07-01T19:03:19.033168,2,2,81.65,0.5,81.4,100,81.3,150,,,,,,,,,,,,,,,,,81.9,89,82.4,2,,,,,,,,,,,,,,,,
2026-07-01T19:03:19.098621+00:00,2026-07-01T19:03:19.092128,2,3,81.6,0.4,81.4,100,81.3,150,,,,,,,,,,,,,,,,,81.8,139,81.9,89,82.4,2,,,,,,,,,,,,,,
2026-07-01T19:03:19.346911+00:00,2026-07-01T19:03:19.341827,2,3,81.6,0.4,81.4,100,81.3,150,,,,,,,,,,,,,,,,,81.8,127,81.9,89,82.4,2,,,,,,,,,,,,,,
2026-07-01T19:03:19.943599+00:00,2026-07-01T19:03:19.956343,2,3,81.6,0.4,81.4,100,81.3,150,,,,,,,,,,,,,,,,,81.8,127,81.9,89,82.4,1,,,,,,,,,,,,,,
2026-07-01T19:03:20.372469+00:00,2026-07-01T19:03:20.372408,2,3,81.6,0.4,81.4,100,81.3,150,,,,,,,,,,,,,,,,,81.8,78,81.9,89,82.4,1,,,,,,,,,,,,,,
2026-07-01T19:03:20.377663+00:00,2026-07-01T19:03:20.377563,2,2,81.6,0.4,81.4,100,81.3,150,,,,,,,,,,,,,,,,,81.8,78,81.9,89,,,,,,,,,,,,,,,,
2026-07-01T19:03:20.606730+00:00,2026-07-01T19:03:20.606622,2,2,81.6,0.4,81.4,100,81.3,150,,,,,,,,,,,,,,,,,81.8,73,81.9,89,,,,,,,,,,,,,,,,
2026-07-01T19:03:20.714182+00:00,2026-07-01T19:03:20.714036,2,2,81.6,0.4,81.4,100,81.3,150,,,,,,,,,,,,,,,,,81.8,68,81.9,89,,,,,,,,,,,,,,,,
2026-07-01T19:03:20.758655+00:00,2026-07-01T19:03:20.755639,2,2,81.6,0.4,81.4,100,81.3,150,,,,,,,,,,,,,,,,,81.8,14,81.9,89,,,,,,,,,,,,,,,,
2026-07-01T19:03:20.918861+00:00,2026-07-01T19:03:20.918830,2,1,81.65,0.5,81.4,100,81.3,150,,,,,,,,,,,,,,,,,81.9,58,,,,,,,,,,,,,,,,,,
2026-07-01T19:03:20.989025+00:00,2026-07-01T19:03:20.988952,2,1,81.65,0.5,81.4,100,81.3,150,,,,,,,,,,,,,,,,,81.9,54,,,,,,,,,,,,,,,,,,
2026-07-01T19:03:21.058576+00:00,2026-07-01T19:03:21.049595,2,1,81.65,0.5,81.4,100,81.3,150,,,,,,,,,,,,,,,,,81.9,50,,,,,,,,,,,,,,,,,,
2026-07-01T19:03:21.586161+00:00,2026-07-01T19:03:21.586076,1,0,,,81.3,150,,,,,,,,,,,,,,,,,,,,,,,,,,,,,,,,,,,,,,
2026-07-01T19:03:21.638999+00:00,2026-07-01T19:03:21.638916,2,0,,,81.7,100,81.3,150,,,,,,,,,,,,,,,,,,,,,,,,,,,,,,,,,,,,
2026-07-01T19:03:21.705346+00:00,2026-07-01T19:03:21.705235,2,1,81.95,0.5,81.7,100,81.3,150,,,,,,,,,,,,,,,,,82.2,100,,,,,,,,,,,,,,,,,,
2026-07-01T19:03:22.003449+00:00,2026-07-01T19:03:22.003336,2,1,81.95,0.5,81.7,55,81.3,150,,,,,,,,,,,,,,,,,82.2,100,,,,,,,,,,,,,,,,,,
2026-07-01T19:03:22.141612+00:00,2026-07-01T19:03:22.141508,1,1,81.95,0.5,81.7,55,,,,,,,,,,,,,,,,,,,82.2,100,,,,,,,,,,,,,,,,,,
