recv_time,book_timestamp,n_bids,n_asks,mid,spread,bid_px_0,bid_vol_0,bid_px_1,bid_vol_1,bid_px_2,bid_vol_2,bid_px_3,bid_vol_3,bid_px_4,bid_vol_4,bid_px_5,bid_vol_5,bid_px_6,bid_vol_6,bid_px_7,bid_vol_7,bid_px_8,bid_vol_8,bid_px_9,bid_vol_9,ask_px_0,ask_vol_0,ask_px_1,ask_vol_1,ask_px_2,ask_vol_2,ask_px_3,ask_vol_3,ask_px_4,ask_vol_4,ask_px_5,ask_vol_5,ask_px_6,ask_vol_6,ask_px_7,ask_vol_7,ask_px_8,ask_vol_8,ask_px_9,ask_vol_9
2026-07-09T05:00:00.014050+00:00,2026-07-09T05:00:00.013935,3,2,117.65,0.5,117.4,148,117.3,1,117.1,100,,,,,,,,,,,,,,,117.9,104,118.0,5,,,,,,,,,,,,,,,,
2026-07-09T05:00:00.035429+00:00,2026-07-09T05:00:00.057759,3,3,117.5,0.2,117.4,148,117.3,1,117.1,100,,,,,,,,,,,,,,,117.6,100,117.9,104,118.0,5,,,,,,,,,,,,,,
2026-07-09T05:00:00.453746+00:00,2026-07-09T05:00:00.453605,2,3,117.5,0.2,117.4,148,117.1,100,,,,,,,,,,,,,,,,,117.6,100,117.9,104,118.0,5,,,,,,,,,,,,,,
2026-07-09T05:00:00.458867+00:00,2026-07-09T05:00:00.458827,3,3,117.5,0.2,117.4,148,117.3,1,117.1,100,,,,,,,,,,,,,,,117.6,100,117.9,104,118.0,5,,,,,,,,,,,,,,
2026-07-09T05:00:00.531539+00:00,2026-07-09T05:00:00.531426,3,2,117.5,0.2,117.4,148,117.3,1,117.1,100,,,,,,,,,,,,,,,117.6,100,117.9,104,,,,,,,,,,,,,,,,
2026-07-09T05:00:00.581294+00:00,2026-07-09T05:00:00.564682,2,3,117.5,0.2,117.4,148,117.1,100,,,,,,,,,,,,,,,,,117.6,90,117.9,104,118.0,5,,,,,,,,,,,,,,
2026-07-09T05:00:01.469772+00:00,2026-07-09T05:00:01.469705,2,3,117.5,0.2,117.4,98,117.1,100,,,,,,,,,,,,,,,,,117.6,90,117.9,104,118.0,5,,,,,,,,,,,,,,
2026-07-09T05:00:01.565057+00:00,2026-07-09T05:00:01.565003,2,2,117.5,0.2,117.4,93,117.1,100,,,,,,,,,,,,,,,,,117.6,90,117.9,104,,,,,,,,,,,,,,,,
2026-07-09T05:00:01.580700+00:00,2026-07-09T05:00:01.580621,2,3,117.5,0.2,117.4,98,117.1,100,,,,,,,,,,,,,,,,,117.6,90,117.9,104,118.0,5,,,,,,,,,,,,,,
2026-07-09T05:00:01.585701+00:00,2026-07-09T05:00:01.585801,3,3,117.55,0.1,117.5,1,117.4,98,117.1,100,,,,,,,,,,,,,,,117.6,90,117.9,104,118.0,5,,,,,,,,,,,,,,
2026-07-09T05:00:01.888872+00:00,2026-07-09T05:00:01.883750,2,3,117.5,0.2,117.4,98,117.1,100,,,,,,,,,,,,,,,,,117.6,90,117.9,104,118.0,5,,,,,,,,,,,,,,
2026-07-09T05:00:01.909663+00:00,2026-07-09T05:00:01.909521,2,3,117.5,0.2,117.4,98,117.1,100,,,,,,,,,,,,,,,,,117.6,50,117.9,104,118.0,5,,,,,,,,,,,,,,
2026-07-09T05:00:02.004225+00:00,2026-07-09T05:00:02.004040,2,3,117.5,0.2,117.4,98,117.1,100,,,,,,,,,,,,,,,,,117.6,30,117.9,104,118.0,5,,,,,,,,,,,,,,
2026-07-09T05:00:02.061599+00:00,2026-07-09T05:00:02.061559,2,3,117.5,0.2,117.4,98,117.1,100,,,,,,,,,,,,,,,,,117.6,10,117.9,104,118.0,5,,,,,,,,,,,,,,
2026-07-09T05:00:02.104235+00:00,2026-07-09T05:00:02.104058,2,2,117.5,0.2,117.4,5,117.1,100,,,,,,,,,,,,,,,,,117.6,10,118.0,5,,,,,,,,,,,,,,,,
2026-07-09T05:00:02.109320+00:00,2026-07-09T05:00:02.109292,2,1,117.7,0.6,117.4,5,117.1,100,,,,,,,,,,,,,,,,,118.0,5,,,,,,,,,,,,,,,,,,
2026-07-09T05:00:02.159301+00:00,2026-07-09T05:00:02.159386,2,1,117.7,0.6,117.4,155,117.1,100,,,,,,,,,,,,,,,,,118.0,5,,,,,,,,,,,,,,,,,,
2026-07-09T05:00:02.212612+00:00,2026-07-09T05:00:02.212505,2,2,117.65,0.5,117.4,155,117.1,100,,,,,,,,,,,,,,,,,117.9,150,118.0,5,,,,,,,,,,,,,,,,
2026-07-09T05:00:02.595308+00:00,2026-07-09T05:00:02.595227,2,1,117.65,0.5,117.4,150,117.1,100,,,,,,,,,,,,,,,,,117.9,150,,,,,,,,,,,,,,,,,,
2026-07-09T05:00:02.605646+00:00,2026-07-09T05:00:02.605565,3,1,117.75,0.3,117.6,5,117.4,150,117.1,100,,,,,,,,,,,,,,,117.9,150,,,,,,,,,,,,,,,,,,
2026-07-09T05:00:02.610792+00:00,2026-07-09T05:00:02.610721,3,2,117.75,0.3,117.6,5,117.4,150,117.1,100,,,,,,,,,,,,,,,117.9,150,118.2,5,,,,,,,,,,,,,,,,
2026-07-09T05:00:02.724797+00:00,2026-07-09T05:00:02.724709,3,3,117.75,0.3,117.6,5,117.4,150,117.1,100,,,,,,,,,,,,,,,117.9,150,118.1,1,118.2,5,,,,,,,,,,,,,,
2026-07-09T05:00:03.118909+00:00,2026-07-09T05:00:03.118867,2,3,117.75,0.3,117.6,5,117.4,150,,,,,,,,,,,,,,,,,117.9,150,118.1,1,118.2,5,,,,,,,,,,,,,,
2026-07-09T05:00:03.175963+00:00,2026-07-09T05:00:03.175899,2,3,117.75,0.3,117.6,5,117.4,250,,,,,,,,,,,,,,,,,117.9,150,118.1,1,118.2,5,,,,,,,,,,,,,,
2026-07-09T05:00:03.234814+00:00,2026-07-09T05:00:03.228054,1,2,117.65,0.5,117.4,250,,,,,,,,,,,,,,,,,,,117.9,250,118.2,5,,,,,,,,,,,,,,,,
2026-07-09T05:00:03.622269+00:00,2026-07-09T05:00:03.622151,1,1,117.65,0.5,117.4,250,,,,,,,,,,,,,,,,,,,117.9,250,,,,,,,,,,,,,,,,,,
2026-07-09T05:00:03.632724+00:00,2026-07-09T05:00:03.632606,1,1,117.65,0.5,117.4,255,,,,,,,,,,,,,,,,,,,117.9,250,,,,,,,,,,,,,,,,,,
2026-07-09T05:00:03.637692+00:00,2026-07-09T05:00:03.637815,1,2,117.65,0.5,117.4,255,,,,,,,,,,,,,,,,,,,117.9,250,118.0,5,,,,,,,,,,,,,,,,
2026-07-09T05:00:03.851054+00:00,2026-07-09T05:00:03.850940,1,3,117.6,0.4,117.4,255,,,,,,,,,,,,,,,,,,,117.8,1,117.9,250,118.0,5,,,,,,,,,,,,,,
2026-07-09T05:00:04.649390+00:00,2026-07-09T05:00:04.649267,1,2,117.6,0.4,117.4,250,,,,,,,,,,,,,,,,,,,117.8,1,117.9,250,,,,,,,,,,,,,,,,
2026-07-09T05:00:04.664877+00:00,2026-07-09T05:00:04.664859,1,2,117.6,0.4,117.4,255,,,,,,,,,,,,,,,,,,,117.8,1,117.9,250,,,,,,,,,,,,,,,,
2026-07-09T05:00:04.670135+00:00,2026-07-09T05:00:04.670014,1,3,117.6,0.4,117.4,255,,,,,,,,,,,,,,,,,,,117.8,1,117.9,250,118.0,5,,,,,,,,,,,,,,
2026-07-09T05:00:04.958543+00:00,2026-07-09T05:00:04.957847,1,2,117.65,0.5,117.4,255,,,,,,,,,,,,,,,,,,,117.9,250,118.0,5,,,,,,,,,,,,,,,,
2026-07-09T05:00:04.969170+00:00,2026-07-09T05:00:04.969034,1,3,117.6,0.4,117.4,255,,,,,,,,,,,,,,,,,,,117.8,1,117.9,250,118.0,5,,,,,,,,,,,,,,
2026-07-09T05:00:05.266984+00:00,2026-07-09T05:00:05.267120,1,3,117.6,0.4,117.4,105,,,,,,,,,,,,,,,,,,,117.8,1,117.9,100,118.0,5,,,,,,,,,,,,,,
2026-07-09T05:00:05.321702+00:00,2026-07-09T05:00:05.321640,2,3,117.6,0.4,117.4,105,117.2,150,,,,,,,,,,,,,,,,,117.8,1,117.9,100,118.0,5,,,,,,,,,,,,,,
2026-07-09T05:00:05.379759+00:00,2026-07-09T05:00:05.379615,2,4,117.55,0.3,117.4,105,117.2,150,,,,,,,,,,,,,,,,,117.7,150,117.8,1,117.9,100,118.0,5,,,,,,,,,,,,
2026-07-09T05:00:05.682162+00:00,2026-07-09T05:00:05.682052,2,3,117.55,0.3,117.4,100,117.2,150,,,,,,,,,,,,,,,,,117.7,150,117.8,1,117.9,100,,,,,,,,,,,,,,
2026-07-09T05:00:05.697581+00:00,2026-07-09T05:00:05.697705,3,3,117.55,0.3,117.4,100,117.3,5,117.2,150,,,,,,,,,,,,,,,117.7,150,117.8,1,117.9,100,,,,,,,,,,,,,,
2026-07-09T05:00:05.708226+00:00,2026-07-09T05:00:05.708143,3,3,117.55,0.3,117.4,100,117.3,5,117.2,150,,,,,,,,,,,,,,,117.7,150,117.8,1,117.9,105,,,,,,,,,,,,,,
2026-07-09T05:00:06.068636+00:00,2026-07-09T05:00:06.065438,3,2,117.55,0.3,117.4,100,117.3,5,117.2,150,,,,,,,,,,,,,,,117.7,150,117.9,105,,,,,,,,,,,,,,,,
2026-07-09T05:00:06.079429+00:00,2026-07-09T05:00:06.079359,3,2,117.55,0.3,117.4,100,117.3,5,117.2,150,,,,,,,,,,,,,,,117.7,151,117.9,105,,,,,,,,,,,,,,,,
2026-07-09T05:00:06.277230+00:00,2026-07-09T05:00:06.275542,3,2,117.55,0.3,117.4,100,117.3,5,117.2,150,,,,,,,,,,,,,,,117.7,151,117.9,5,,,,,,,,,,,,,,,,
2026-07-09T05:00:06.287449+00:00,2026-07-09T05:00:06.287403,2,2,117.5,0.4,117.3,5,117.2,150,,,,,,,,,,,,,,,,,117.7,151,117.9,5,,,,,,,,,,,,,,,,
2026-07-09T05:00:06.340516+00:00,2026-07-09T05:00:06.340384,2,2,117.5,0.4,117.3,105,117.2,150,,,,,,,,,,,,,,,,,117.7,151,117.9,5,,,,,,,,,,,,,,,,
2026-07-09T05:00:06.392987+00:00,2026-07-09T05:00:06.393100,2,3,117.5,0.4,117.3,105,117.2,150,,,,,,,,,,,,,,,,,117.7,151,117.8,100,117.9,5,,,,,,,,,,,,,,
2026-07-09T05:00:06.721762+00:00,2026-07-09T05:00:06.721708,2,2,117.5,0.4,117.3,105,117.2,150,,,,,,,,,,,,,,,,,117.7,151,117.8,100,,,,,,,,,,,,,,,,
2026-07-09T05:00:06.727079+00:00,2026-07-09T05:00:06.726933,2,2,117.5,0.4,117.3,100,117.2,150,,,,,,,,,,,,,,,,,117.7,151,117.8,100,,,,,,,,,,,,,,,,
2026-07-09T05:00:06.732077+00:00,2026-07-09T05:00:06.732214,2,2,117.5,0.4,117.3,100,117.2,155,,,,,,,,,,,,,,,,,117.7,151,117.8,105,,,,,,,,,,,,,,,,
2026-07-09T05:00:07.215554+00:00,2026-07-09T05:00:07.215677,2,2,117.5,0.4,117.3,100,117.2,155,,,,,,,,,,,,,,,,,117.7,150,117.8,105,,,,,,,,,,,,,,,,
2026-07-09T05:00:07.221077+00:00,2026-07-09T05:00:07.220905,2,2,117.5,0.4,117.3,100,117.2,155,,,,,,,,,,,,,,,,,117.7,151,117.8,105,,,,,,,,,,,,,,,,
2026-07-09T05:00:07.747586+00:00,2026-07-09T05:00:07.747500,2,2,117.5,0.4,117.3,100,117.2,150,,,,,,,,,,,,,,,,,117.7,151,117.8,100,,,,,,,,,,,,,,,,
2026-07-09T05:00:07.758544+00:00,2026-07-09T05:00:07.758046,2,2,117.5,0.4,117.3,100,117.2,155,,,,,,,,,,,,,,,,,117.7,151,117.8,105,,,,,,,,,,,,,,,,
2026-07-09T05:00:07.778674+00:00,2026-07-09T05:00:07.778608,2,2,117.5,0.4,117.3,60,117.2,155,,,,,,,,,,,,,,,,,117.7,151,117.8,105,,,,,,,,,,,,,,,,
2026-07-09T05:00:07.820505+00:00,2026-07-09T05:00:07.820397,2,2,117.5,0.4,117.3,10,117.2,155,,,,,,,,,,,,,,,,,117.7,151,117.8,105,,,,,,,,,,,,,,,,
2026-07-09T05:00:08.324638+00:00,2026-07-09T05:00:08.324613,2,2,117.5,0.4,117.3,10,117.2,155,,,,,,,,,,,,,,,,,117.7,150,117.8,105,,,,,,,,,,,,,,,,
2026-07-09T05:00:08.329912+00:00,2026-07-09T05:00:08.329794,2,2,117.5,0.4,117.3,10,117.2,155,,,,,,,,,,,,,,,,,117.7,151,117.8,105,,,,,,,,,,,,,,,,
2026-07-09T05:00:08.432783+00:00,2026-07-09T05:00:08.432678,2,2,117.5,0.4,117.3,10,117.2,5,,,,,,,,,,,,,,,,,117.7,1,117.8,105,,,,,,,,,,,,,,,,
2026-07-09T05:00:08.485434+00:00,2026-07-09T05:00:08.485329,3,2,117.5,0.4,117.3,10,117.2,5,117.1,150,,,,,,,,,,,,,,,117.7,1,117.8,105,,,,,,,,,,,,,,,,
2026-07-09T05:00:08.546214+00:00,2026-07-09T05:00:08.546104,3,3,117.45,0.3,117.3,10,117.2,5,117.1,150,,,,,,,,,,,,,,,117.6,150,117.7,1,117.8,105,,,,,,,,,,,,,,
2026-07-09T05:00:08.770126+00:00,2026-07-09T05:00:08.770060,3,3,117.45,0.3,117.3,10,117.2,5,117.1,150,,,,,,,,,,,,,,,117.6,150,117.7,1,117.8,100,,,,,,,,,,,,,,
2026-07-09T05:00:08.775134+00:00,2026-07-09T05:00:08.775220,2,3,117.45,0.3,117.3,10,117.1,150,,,,,,,,,,,,,,,,,117.6,150,117.7,1,117.8,100,,,,,,,,,,,,,,
2026-07-09T05:00:08.780536+00:00,2026-07-09T05:00:08.780448,3,3,117.5,0.2,117.4,5,117.3,10,117.1,150,,,,,,,,,,,,,,,117.6,150,117.7,1,117.8,100,,,,,,,,,,,,,,
2026-07-09T05:00:08.785694+00:00,2026-07-09T05:00:08.785621,3,4,117.5,0.2,117.4,5,117.3,10,117.1,150,,,,,,,,,,,,,,,117.6,150,117.7,1,117.8,100,118.0,5,,,,,,,,,,,,
2026-07-09T05:00:09.437839+00:00,2026-07-09T05:00:09.437748,3,3,117.5,0.2,117.4,5,117.3,10,117.1,150,,,,,,,,,,,,,,,117.6,150,117.8,101,118.0,5,,,,,,,,,,,,,,
2026-07-09T05:00:09.448287+00:00,2026-07-09T05:00:09.448163,2,3,117.5,0.2,117.4,5,117.1,150,,,,,,,,,,,,,,,,,117.6,150,117.8,1,118.0,5,,,,,,,,,,,,,,
2026-07-09T05:00:09.502091+00:00,2026-07-09T05:00:09.501974,2,3,117.5,0.2,117.4,5,117.1,250,,,,,,,,,,,,,,,,,117.6,150,117.8,1,118.0,5,,,,,,,,,,,,,,
2026-07-09T05:00:09.549275+00:00,2026-07-09T05:00:09.549487,2,3,117.5,0.2,117.4,5,117.1,250,,,,,,,,,,,,,,,,,117.6,250,117.8,1,118.0,5,,,,,,,,,,,,,,
2026-07-09T05:00:09.730557+00:00,2026-07-09T05:00:09.730451,1,3,117.35,0.5,117.1,250,,,,,,,,,,,,,,,,,,,117.6,250,117.8,1,118.0,5,,,,,,,,,,,,,,
2026-07-09T05:00:09.795240+00:00,2026-07-09T05:00:09.795148,1,2,117.35,0.5,117.1,250,,,,,,,,,,,,,,,,,,,117.6,250,117.8,1,,,,,,,,,,,,,,,,
2026-07-09T05:00:09.821342+00:00,2026-07-09T05:00:09.821298,2,3,117.5,0.2,117.4,5,117.1,250,,,,,,,,,,,,,,,,,117.6,250,117.8,1,118.0,5,,,,,,,,,,,,,,
2026-07-09T05:00:09.926386+00:00,2026-07-09T05:00:09.926248,1,3,117.35,0.5,117.1,205,,,,,,,,,,,,,,,,,,,117.6,250,117.8,1,118.0,5,,,,,,,,,,,,,,
2026-07-09T05:00:10.547604+00:00,2026-07-09T05:00:10.547528,1,3,117.35,0.5,117.1,205,,,,,,,,,,,,,,,,,,,117.6,250,117.9,1,118.0,5,,,,,,,,,,,,,,
2026-07-09T05:00:10.858591+00:00,2026-07-09T05:00:10.853215,1,2,117.35,0.5,117.1,205,,,,,,,,,,,,,,,,,,,117.6,250,117.9,1,,,,,,,,,,,,,,,,
2026-07-09T05:00:10.869939+00:00,2026-07-09T05:00:10.870077,2,2,117.5,0.2,117.4,5,117.1,205,,,,,,,,,,,,,,,,,117.6,250,117.9,1,,,,,,,,,,,,,,,,
2026-07-09T05:00:10.875377+00:00,2026-07-09T05:00:10.875286,2,3,117.5,0.2,117.4,5,117.1,205,,,,,,,,,,,,,,,,,117.6,250,117.9,1,118.0,5,,,,,,,,,,,,,,
2026-07-09T05:00:11.600698+00:00,2026-07-09T05:00:11.600642,2,3,117.5,0.2,117.4,5,117.1,100,,,,,,,,,,,,,,,,,117.6,100,117.9,1,118.0,5,,,,,,,,,,,,,,
2026-07-09T05:00:11.663995+00:00,2026-07-09T05:00:11.663936,3,3,117.5,0.2,117.4,5,117.1,100,116.9,150,,,,,,,,,,,,,,,117.6,100,117.7,1,118.0,5,,,,,,,,,,,,,,
2026-07-09T05:00:11.709510+00:00,2026-07-09T05:00:11.709424,2,4,117.25,0.3,117.1,100,116.9,150,,,,,,,,,,,,,,,,,117.4,145,117.6,100,117.7,1,118.0,5,,,,,,,,,,,,
2026-07-09T05:00:11.887679+00:00,2026-07-09T05:00:11.887538,2,3,117.25,0.3,117.1,100,116.9,150,,,,,,,,,,,,,,,,,117.4,145,117.6,100,117.7,1,,,,,,,,,,,,,,
2026-07-09T05:00:11.894598+00:00,2026-07-09T05:00:11.894529,3,3,117.3,0.2,117.2,5,117.1,100,116.9,150,,,,,,,,,,,,,,,117.4,145,117.6,100,117.7,1,,,,,,,,,,,,,,
2026-07-09T05:00:11.906018+00:00,2026-07-09T05:00:11.905931,3,4,117.3,0.2,117.2,5,117.1,100,116.9,150,,,,,,,,,,,,,,,117.4,145,117.6,100,117.7,1,117.8,5,,,,,,,,,,,,
2026-07-09T05:00:12.049444+00:00,2026-07-09T05:00:12.049319,2,4,117.25,0.3,117.1,55,116.9,150,,,,,,,,,,,,,,,,,117.4,145,117.6,100,117.7,1,117.8,5,,,,,,,,,,,,
2026-07-09T05:00:12.394221+00:00,2026-07-09T05:00:12.387688,2,4,117.25,0.3,117.1,55,116.9,150,,,,,,,,,,,,,,,,,117.4,131,117.6,100,117.7,1,117.8,5,,,,,,,,,,,,
2026-07-09T05:00:12.464729+00:00,2026-07-09T05:00:12.464690,2,3,117.25,0.3,117.1,55,116.9,150,,,,,,,,,,,,,,,,,117.4,131,117.6,100,117.8,5,,,,,,,,,,,,,,
2026-07-09T05:00:12.475223+00:00,2026-07-09T05:00:12.475171,2,3,117.25,0.3,117.1,55,116.9,150,,,,,,,,,,,,,,,,,117.4,106,117.6,100,117.8,5,,,,,,,,,,,,,,
2026-07-09T05:00:12.485818+00:00,2026-07-09T05:00:12.485672,2,3,117.25,0.3,117.1,55,116.9,150,,,,,,,,,,,,,,,,,117.4,86,117.6,100,117.8,5,,,,,,,,,,,,,,
2026-07-09T05:00:12.574811+00:00,2026-07-09T05:00:12.574716,2,3,117.25,0.3,117.1,55,116.9,150,,,,,,,,,,,,,,,,,117.4,66,117.6,100,117.8,5,,,,,,,,,,,,,,
2026-07-09T05:00:12.644255+00:00,2026-07-09T05:00:12.644152,2,2,117.25,0.3,117.1,55,116.9,150,,,,,,,,,,,,,,,,,117.4,66,117.8,5,,,,,,,,,,,,,,,,
2026-07-09T05:00:12.658624+00:00,2026-07-09T05:00:12.658018,1,2,117.15,0.5,116.9,150,,,,,,,,,,,,,,,,,,,117.4,46,117.8,5,,,,,,,,,,,,,,,,
2026-07-09T05:00:12.704356+00:00,2026-07-09T05:00:12.704321,2,2,117.3,0.2,117.2,100,116.9,150,,,,,,,,,,,,,,,,,117.4,46,117.8,5,,,,,,,,,,,,,,,,
2026-07-09T05:00:12.764782+00:00,2026-07-09T05:00:12.764658,2,3,117.3,0.2,117.2,100,116.9,150,,,,,,,,,,,,,,,,,117.4,46,117.7,100,117.8,5,,,,,,,,,,,,,,
2026-07-09T05:00:12.775181+00:00,2026-07-09T05:00:12.775132,2,3,117.3,0.2,117.2,100,116.9,150,,,,,,,,,,,,,,,,,117.4,26,117.7,100,117.8,5,,,,,,,,,,,,,,
2026-07-09T05:00:12.790002+00:00,2026-07-09T05:00:12.789869,2,4,117.3,0.2,117.2,100,116.9,150,,,,,,,,,,,,,,,,,117.4,26,117.7,100,117.8,5,117.9,1,,,,,,,,,,,,
2026-07-09T05:00:12.800381+00:00,2026-07-09T05:00:12.800281,2,4,117.3,0.2,117.2,100,116.9,150,,,,,,,,,,,,,,,,,117.4,6,117.7,100,117.8,5,117.9,1,,,,,,,,,,,,
2026-07-09T05:00:12.834392+00:00,2026-07-09T05:00:12.834281,2,3,117.45,0.5,117.2,100,116.9,150,,,,,,,,,,,,,,,,,117.7,100,117.8,5,117.9,1,,,,,,,,,,,,,,
2026-07-09T05:00:12.863904+00:00,2026-07-09T05:00:12.863757,2,3,117.45,0.5,117.2,100,116.9,150,,,,,,,,,,,,,,,,,117.7,86,117.8,5,117.9,1,,,,,,,,,,,,,,
2026-07-09T05:00:12.911211+00:00,2026-07-09T05:00:12.911087,2,2,117.45,0.5,117.2,100,116.9,150,,,,,,,,,,,,,,,,,117.7,86,117.9,1,,,,,,,,,,,,,,,,
2026-07-09T05:00:12.931952+00:00,2026-07-09T05:00:12.931860,2,3,117.45,0.5,117.2,100,116.9,150,,,,,,,,,,,,,,,,,117.7,86,117.9,1,118.0,5,,,,,,,,,,,,,,
2026-07-09T05:00:13.706864+00:00,2026-07-09T05:00:13.698370,2,3,117.45,0.5,117.2,86,116.9,150,,,,,,,,,,,,,,,,,117.7,86,117.9,1,118.0,5,,,,,,,,,,,,,,
2026-07-09T05:00:13.794621+00:00,2026-07-09T05:00:13.794500,2,2,117.45,0.5,117.2,86,116.9,150,,,,,,,,,,,,,,,,,117.7,86,118.0,5,,,,,,,,,,,,,,,,
2026-07-09T05:00:13.799897+00:00,2026-07-09T05:00:13.799737,2,2,117.45,0.5,117.2,66,116.9,150,,,,,,,,,,,,,,,,,117.7,86,118.0,5,,,,,,,,,,,,,,,,
2026-07-09T05:00:13.912273+00:00,2026-07-09T05:00:13.912223,2,3,117.4,0.4,117.2,66,116.9,150,,,,,,,,,,,,,,,,,117.6,1,117.7,86,118.0,5,,,,,,,,,,,,,,
2026-07-09T05:00:13.942457+00:00,2026-07-09T05:00:13.942566,2,2,117.4,0.4,117.2,66,116.9,150,,,,,,,,,,,,,,,,,117.6,1,117.7,86,,,,,,,,,,,,,,,,
2026-07-09T05:00:13.958694+00:00,2026-07-09T05:00:13.948078,2,2,117.4,0.4,117.2,66,116.9,150,,,,,,,,,,,,,,,,,117.6,6,117.7,86,,,,,,,,,,,,,,,,
2026-07-09T05:00:14.163691+00:00,2026-07-09T05:00:14.163881,2,2,117.4,0.4,117.2,20,116.9,150,,,,,,,,,,,,,,,,,117.6,6,117.7,86,,,,,,,,,,,,,,,,
2026-07-09T05:00:14.764914+00:00,2026-07-09T05:00:14.764992,1,2,117.4,0.4,117.2,20,,,,,,,,,,,,,,,,,,,117.6,6,117.7,86,,,,,,,,,,,,,,,,
2026-07-09T05:00:14.817931+00:00,2026-07-09T05:00:14.817845,2,2,117.45,0.3,117.3,150,117.2,20,,,,,,,,,,,,,,,,,117.6,6,117.7,86,,,,,,,,,,,,,,,,
2026-07-09T05:00:14.869514+00:00,2026-07-09T05:00:14.869399,2,3,117.45,0.3,117.3,150,117.2,20,,,,,,,,,,,,,,,,,117.6,6,117.7,86,117.8,150,,,,,,,,,,,,,,
2026-07-09T05:00:14.918712+00:00,2026-07-09T05:00:14.918790,2,3,117.45,0.3,117.3,150,117.2,20,,,,,,,,,,,,,,,,,117.6,5,117.7,86,117.8,150,,,,,,,,,,,,,,
2026-07-09T05:00:14.924232+00:00,2026-07-09T05:00:14.924085,2,3,117.45,0.3,117.3,140,117.2,20,,,,,,,,,,,,,,,,,117.6,5,117.7,86,117.8,150,,,,,,,,,,,,,,
2026-07-09T05:00:14.958614+00:00,2026-07-09T05:00:14.957854,2,2,117.5,0.4,117.3,140,117.2,20,,,,,,,,,,,,,,,,,117.7,86,117.8,150,,,,,,,,,,,,,,,,
2026-07-09T05:00:14.982435+00:00,2026-07-09T05:00:14.982306,2,3,117.45,0.3,117.3,140,117.2,20,,,,,,,,,,,,,,,,,117.6,5,117.7,86,117.8,150,,,,,,,,,,,,,,
2026-07-09T05:00:15.038243+00:00,2026-07-09T05:00:15.038161,2,3,117.45,0.3,117.3,140,117.2,20,,,,,,,,,,,,,,,,,117.6,5,117.7,87,117.8,150,,,,,,,,,,,,,,
2026-07-09T05:00:15.821601+00:00,2026-07-09T05:00:15.821535,1,3,117.45,0.3,117.3,140,,,,,,,,,,,,,,,,,,,117.6,5,117.7,1,117.8,150,,,,,,,,,,,,,,
2026-07-09T05:00:15.881243+00:00,2026-07-09T05:00:15.881082,2,3,117.45,0.3,117.3,140,116.7,100,,,,,,,,,,,,,,,,,117.6,5,117.7,1,117.8,150,,,,,,,,,,,,,,
2026-07-09T05:00:15.933385+00:00,2026-07-09T05:00:15.933561,2,3,117.45,0.3,117.3,40,116.7,100,,,,,,,,,,,,,,,,,117.6,5,117.7,1,117.8,150,,,,,,,,,,,,,,
2026-07-09T05:00:15.992930+00:00,2026-07-09T05:00:15.992815,2,2,117.5,0.4,117.3,40,116.7,100,,,,,,,,,,,,,,,,,117.7,1,117.8,150,,,,,,,,,,,,,,,,
2026-07-09T05:00:16.008501+00:00,2026-07-09T05:00:16.008463,2,2,117.5,0.4,117.3,40,116.7,100,,,,,,,,,,,,,,,,,117.7,1,117.8,155,,,,,,,,,,,,,,,,
2026-07-09T05:00:16.147918+00:00,2026-07-09T05:00:16.147795,2,2,117.5,0.4,117.3,40,116.7,100,,,,,,,,,,,,,,,,,117.7,1,117.8,155,,,,,,,,,,,,,,,,
2026-07-09T05:00:16.814325+00:00,2026-07-09T05:00:16.814170,2,1,117.55,0.5,117.3,40,116.7,100,,,,,,,,,,,,,,,,,117.8,107,,,,,,,,,,,,,,,,,,
2026-07-09T05:00:17.018852+00:00,2026-07-09T05:00:17.018696,2,1,117.55,0.5,117.3,40,116.7,100,,,,,,,,,,,,,,,,,117.8,102,,,,,,,,,,,,,,,,,,
2026-07-09T05:00:17.029293+00:00,2026-07-09T05:00:17.029230,2,1,117.55,0.5,117.3,40,116.7,100,,,,,,,,,,,,,,,,,117.8,107,,,,,,,,,,,,,,,,,,
2026-07-09T05:00:17.269002+00:00,2026-07-09T05:00:17.268935,2,2,117.5,0.4,117.3,40,116.7,100,,,,,,,,,,,,,,,,,117.7,1,117.8,107,,,,,,,,,,,,,,,,
2026-07-09T05:00:17.926277+00:00,2026-07-09T05:00:17.926143,1,2,117.2,1.0,116.7,100,,,,,,,,,,,,,,,,,,,117.7,1,117.8,5,,,,,,,,,,,,,,,,
2026-07-09T05:00:17.981612+00:00,2026-07-09T05:00:17.981535,2,2,117.5,0.4,117.3,150,116.7,100,,,,,,,,,,,,,,,,,117.7,1,117.8,5,,,,,,,,,,,,,,,,
2026-07-09T05:00:18.033362+00:00,2026-07-09T05:00:18.033259,2,2,117.5,0.4,117.3,150,116.7,100,,,,,,,,,,,,,,,,,117.7,1,117.8,155,,,,,,,,,,,,,,,,
2026-07-09T05:00:18.043906+00:00,2026-07-09T05:00:18.043800,2,2,117.5,0.4,117.3,150,116.7,100,,,,,,,,,,,,,,,,,117.7,1,117.8,150,,,,,,,,,,,,,,,,
2026-07-09T05:00:18.058694+00:00,2026-07-09T05:00:18.054258,2,3,117.5,0.4,117.3,150,116.7,100,,,,,,,,,,,,,,,,,117.7,1,117.8,150,117.9,5,,,,,,,,,,,,,,
2026-07-09T05:00:18.358610+00:00,2026-07-09T05:00:18.355549,2,3,117.5,0.4,117.3,100,116.7,100,,,,,,,,,,,,,,,,,117.7,1,117.8,150,117.9,5,,,,,,,,,,,,,,
2026-07-09T05:00:18.374233+00:00,2026-07-09T05:00:18.374175,2,2,117.55,0.5,117.3,100,116.7,100,,,,,,,,,,,,,,,,,117.8,151,117.9,5,,,,,,,,,,,,,,,,
2026-07-09T05:00:18.958694+00:00,2026-07-09T05:00:18.955719,2,2,117.55,0.5,117.3,57,116.7,100,,,,,,,,,,,,,,,,,117.8,151,117.9,5,,,,,,,,,,,,,,,,
2026-07-09T05:00:18.990259+00:00,2026-07-09T05:00:18.990350,1,2,117.55,0.5,117.3,57,,,,,,,,,,,,,,,,,,,117.8,151,117.9,5,,,,,,,,,,,,,,,,
2026-07-09T05:00:19.043113+00:00,2026-07-09T05:00:19.043215,2,2,117.55,0.5,117.3,57,116.9,100,,,,,,,,,,,,,,,,,117.8,151,117.9,5,,,,,,,,,,,,,,,,
2026-07-09T05:00:19.064190+00:00,2026-07-09T05:00:19.064081,2,1,117.55,0.5,117.3,57,116.9,100,,,,,,,,,,,,,,,,,117.8,151,,,,,,,,,,,,,,,,,,
2026-07-09T05:00:19.074583+00:00,2026-07-09T05:00:19.074526,2,1,117.55,0.5,117.3,57,116.9,100,,,,,,,,,,,,,,,,,117.8,156,,,,,,,,,,,,,,,,,,
2026-07-09T05:00:19.097804+00:00,2026-07-09T05:00:19.097714,2,2,117.35,0.1,117.3,57,116.9,100,,,,,,,,,,,,,,,,,117.4,100,117.8,156,,,,,,,,,,,,,,,,
2026-07-09T05:00:19.484390+00:00,2026-07-09T05:00:19.484270,2,3,117.35,0.1,117.3,57,116.9,100,,,,,,,,,,,,,,,,,117.4,100,117.7,1,117.8,155,,,,,,,,,,,,,,
2026-07-09T05:00:20.081593+00:00,2026-07-09T05:00:20.081502,2,3,117.35,0.1,117.3,57,116.9,100,,,,,,,,,,,,,,,,,117.4,100,117.7,1,117.8,150,,,,,,,,,,,,,,
2026-07-09T05:00:20.086790+00:00,2026-07-09T05:00:20.086719,2,3,117.35,0.1,117.3,57,116.9,100,,,,,,,,,,,,,,,,,117.4,100,117.7,1,117.8,155,,,,,,,,,,,,,,
2026-07-09T05:00:20.293056+00:00,2026-07-09T05:00:20.292887,2,2,117.35,0.1,117.3,57,116.9,100,,,,,,,,,,,,,,,,,117.4,100,117.8,155,,,,,,,,,,,,,,,,
2026-07-09T05:00:20.298008+00:00,2026-07-09T05:00:20.298097,2,2,117.35,0.1,117.3,57,116.9,100,,,,,,,,,,,,,,,,,117.4,89,117.8,155,,,,,,,,,,,,,,,,
2026-07-09T05:00:20.468927+00:00,2026-07-09T05:00:20.469049,2,2,117.35,0.1,117.3,7,116.9,100,,,,,,,,,,,,,,,,,117.4,89,117.8,155,,,,,,,,,,,,,,,,
2026-07-09T05:00:20.541113+00:00,2026-07-09T05:00:20.541027,2,2,117.35,0.1,117.3,7,116.9,100,,,,,,,,,,,,,,,,,117.4,89,117.8,156,,,,,,,,,,,,,,,,
2026-07-09T05:00:20.643891+00:00,2026-07-09T05:00:20.643784,2,2,117.35,0.1,117.3,7,116.9,100,,,,,,,,,,,,,,,,,117.4,89,117.8,155,,,,,,,,,,,,,,,,
2026-07-09T05:00:21.092082+00:00,2026-07-09T05:00:21.091932,1,2,117.15,0.5,116.9,100,,,,,,,,,,,,,,,,,,,117.4,89,117.8,5,,,,,,,,,,,,,,,,
2026-07-09T05:00:21.097236+00:00,2026-07-09T05:00:21.097172,1,1,117.15,0.5,116.9,100,,,,,,,,,,,,,,,,,,,117.4,89,,,,,,,,,,,,,,,,,,
2026-07-09T05:00:21.139560+00:00,2026-07-09T05:00:21.139536,1,1,117.15,0.5,116.9,100,,,,,,,,,,,,,,,,,,,117.4,88,,,,,,,,,,,,,,,,,,
2026-07-09T05:00:21.144862+00:00,2026-07-09T05:00:21.144789,2,1,117.15,0.5,116.9,100,116.8,150,,,,,,,,,,,,,,,,,117.4,88,,,,,,,,,,,,,,,,,,
2026-07-09T05:00:21.150015+00:00,2026-07-09T05:00:21.149958,2,2,117.15,0.5,116.9,100,116.8,150,,,,,,,,,,,,,,,,,117.4,88,118.0,5,,,,,,,,,,,,,,,,
2026-07-09T05:00:21.227392+00:00,2026-07-09T05:00:21.219022,2,3,117.1,0.4,116.9,100,116.8,150,,,,,,,,,,,,,,,,,117.3,147,117.4,88,118.0,5,,,,,,,,,,,,,,
2026-07-09T05:00:21.261879+00:00,2026-07-09T05:00:21.261767,2,3,117.1,0.4,116.9,100,116.8,150,,,,,,,,,,,,,,,,,117.3,137,117.4,88,118.0,5,,,,,,,,,,,,,,
2026-07-09T05:00:21.674275+00:00,2026-07-09T05:00:21.674148,2,4,117.1,0.4,116.9,100,116.8,150,,,,,,,,,,,,,,,,,117.3,137,117.4,88,117.7,1,118.0,5,,,,,,,,,,,,
2026-07-09T05:00:22.152556+00:00,2026-07-09T05:00:22.152460,1,3,117.05,0.5,116.8,150,,,,,,,,,,,,,,,,,,,117.3,137,117.7,1,118.0,5,,,,,,,,,,,,,,
2026-07-09T05:00:22.158559+00:00,2026-07-09T05:00:22.157757,1,3,117.05,0.5,116.8,150,,,,,,,,,,,,,,,,,,,117.3,137,117.7,1,117.8,5,,,,,,,,,,,,,,
2026-07-09T05:00:22.208310+00:00,2026-07-09T05:00:22.208264,2,3,117.15,0.3,117.0,100,116.8,150,,,,,,,,,,,,,,,,,117.3,137,117.7,1,117.8,5,,,,,,,,,,,,,,
2026-07-09T05:00:22.258594+00:00,2026-07-09T05:00:22.256687,2,4,117.15,0.3,117.0,100,116.8,150,,,,,,,,,,,,,,,,,117.3,137,117.5,100,117.7,1,117.8,5,,,,,,,,,,,,
2026-07-09T05:00:22.525357+00:00,2026-07-09T05:00:22.525324,2,4,117.15,0.3,117.0,100,116.8,150,,,,,,,,,,,,,,,,,117.3,87,117.5,100,117.7,1,117.8,5,,,,,,,,,,,,
2026-07-09T05:00:22.781380+00:00,2026-07-09T05:00:22.781262,2,3,117.15,0.3,117.0,100,116.8,150,,,,,,,,,,,,,,,,,117.3,87,117.5,100,117.8,5,,,,,,,,,,,,,,
2026-07-09T05:00:22.786391+00:00,2026-07-09T05:00:22.786474,2,4,117.15,0.3,117.0,100,116.8,150,,,,,,,,,,,,,,,,,117.3,87,117.5,100,117.7,1,117.8,5,,,,,,,,,,,,
2026-07-09T05:00:23.169832+00:00,2026-07-09T05:00:23.169808,2,3,117.15,0.3,117.0,100,116.8,150,,,,,,,,,,,,,,,,,117.3,87,117.5,100,117.7,1,,,,,,,,,,,,,,
2026-07-09T05:00:23.180100+00:00,2026-07-09T05:00:23.180187,2,4,117.15,0.3,117.0,100,116.8,150,,,,,,,,,,,,,,,,,117.3,87,117.5,100,117.7,1,117.8,5,,,,,,,,,,,,
2026-07-09T05:00:23.893068+00:00,2026-07-09T05:00:23.892995,2,3,117.15,0.3,117.0,100,116.8,150,,,,,,,,,,,,,,,,,117.3,42,117.5,100,117.8,5,,,,,,,,,,,,,,
2026-07-09T05:00:23.898287+00:00,2026-07-09T05:00:23.898185,2,4,117.15,0.3,117.0,100,116.8,150,,,,,,,,,,,,,,,,,117.3,42,117.5,100,117.6,1,117.8,5,,,,,,,,,,,,
2026-07-09T05:00:24.192427+00:00,2026-07-09T05:00:24.192290,2,3,117.15,0.3,117.0,100,116.8,150,,,,,,,,,,,,,,,,,117.3,42,117.5,100,117.6,1,,,,,,,,,,,,,,
2026-07-09T05:00:24.202819+00:00,2026-07-09T05:00:24.202784,2,4,117.15,0.3,117.0,100,116.8,150,,,,,,,,,,,,,,,,,117.3,42,117.5,100,117.6,1,117.7,5,,,,,,,,,,,,
2026-07-09T05:00:24.258665+00:00,2026-07-09T05:00:24.257714,2,3,117.25,0.5,117.0,100,116.8,150,,,,,,,,,,,,,,,,,117.5,100,117.6,1,117.7,5,,,,,,,,,,,,,,
2026-07-09T05:00:24.269703+00:00,2026-07-09T05:00:24.269593,1,3,117.25,0.5,117.0,100,,,,,,,,,,,,,,,,,,,117.5,100,117.6,1,117.7,5,,,,,,,,,,,,,,
2026-07-09T05:00:24.317361+00:00,2026-07-09T05:00:24.317267,1,3,117.25,0.5,117.0,250,,,,,,,,,,,,,,,,,,,117.5,100,117.6,1,117.7,5,,,,,,,,,,,,,,
2026-07-09T05:00:24.374956+00:00,2026-07-09T05:00:24.374923,1,3,117.25,0.5,117.0,250,,,,,,,,,,,,,,,,,,,117.5,250,117.6,1,117.7,5,,,,,,,,,,,,,,
2026-07-09T05:00:24.684400+00:00,2026-07-09T05:00:24.684358,1,3,117.25,0.5,117.0,200,,,,,,,,,,,,,,,,,,,117.5,250,117.6,1,117.7,5,,,,,,,,,,,,,,
2026-07-09T05:00:25.006159+00:00,2026-07-09T05:00:25.006071,1,3,117.25,0.5,117.0,200,,,,,,,,,,,,,,,,,,,117.5,250,117.6,1,117.7,5,,,,,,,,,,,,,,
2026-07-09T05:00:25.089823+00:00,2026-07-09T05:00:25.090064,1,3,117.25,0.5,117.0,200,,,,,,,,,,,,,,,,,,,117.5,210,117.6,1,117.7,5,,,,,,,,,,,,,,
2026-07-09T05:00:25.212220+00:00,2026-07-09T05:00:25.212150,1,2,117.25,0.5,117.0,200,,,,,,,,,,,,,,,,,,,117.5,210,117.6,1,,,,,,,,,,,,,,,,
2026-07-09T05:00:25.217230+00:00,2026-07-09T05:00:25.217344,1,3,117.25,0.5,117.0,200,,,,,,,,,,,,,,,,,,,117.5,210,117.6,1,117.7,5,,,,,,,,,,,,,,
2026-07-09T05:00:25.316701+00:00,2026-07-09T05:00:25.316608,1,3,117.25,0.5,117.0,150,,,,,,,,,,,,,,,,,,,117.5,150,117.6,1,117.7,5,,,,,,,,,,,,,,
2026-07-09T05:00:25.390930+00:00,2026-07-09T05:00:25.390758,2,3,117.25,0.5,117.0,150,116.8,100,,,,,,,,,,,,,,,,,117.5,150,117.6,1,117.7,5,,,,,,,,,,,,,,
2026-07-09T05:00:25.443332+00:00,2026-07-09T05:00:25.443208,2,4,117.15,0.3,117.0,150,116.8,100,,,,,,,,,,,,,,,,,117.3,100,117.5,150,117.6,1,117.7,5,,,,,,,,,,,,
2026-07-09T05:00:26.114553+00:00,2026-07-09T05:00:26.114467,2,4,117.15,0.3,117.0,150,116.8,100,,,,,,,,,,,,,,,,,117.3,100,117.5,150,117.6,1,117.7,5,,,,,,,,,,,,
2026-07-09T05:00:26.229786+00:00,2026-07-09T05:00:26.229669,2,3,117.15,0.3,117.0,150,116.8,100,,,,,,,,,,,,,,,,,117.3,100,117.5,150,117.6,1,,,,,,,,,,,,,,
2026-07-09T05:00:26.234775+00:00,2026-07-09T05:00:26.234903,2,4,117.15,0.3,117.0,150,116.8,100,,,,,,,,,,,,,,,,,117.3,100,117.5,150,117.6,1,117.8,5,,,,,,,,,,,,
2026-07-09T05:00:26.788498+00:00,2026-07-09T05:00:26.788661,2,4,117.15,0.3,117.0,100,116.8,100,,,,,,,,,,,,,,,,,117.3,100,117.5,150,117.6,1,117.8,5,,,,,,,,,,,,
2026-07-09T05:00:27.227635+00:00,2026-07-09T05:00:27.227470,2,3,117.15,0.3,117.0,100,116.8,100,,,,,,,,,,,,,,,,,117.3,100,117.5,150,117.8,5,,,,,,,,,,,,,,
2026-07-09T05:00:27.232845+00:00,2026-07-09T05:00:27.232740,2,4,117.15,0.3,117.0,100,116.8,100,,,,,,,,,,,,,,,,,117.3,100,117.5,150,117.7,1,117.8,5,,,,,,,,,,,,
2026-07-09T05:00:27.243248+00:00,2026-07-09T05:00:27.243123,2,3,117.15,0.3,117.0,100,116.8,100,,,,,,,,,,,,,,,,,117.3,100,117.5,150,117.7,1,,,,,,,,,,,,,,
2026-07-09T05:00:27.253470+00:00,2026-07-09T05:00:27.253446,2,4,117.15,0.3,117.0,100,116.8,100,,,,,,,,,,,,,,,,,117.3,100,117.5,150,117.7,1,117.8,5,,,,,,,,,,,,
2026-07-09T05:00:27.428449+00:00,2026-07-09T05:00:27.428372,1,3,117.05,0.5,116.8,100,,,,,,,,,,,,,,,,,,,117.3,100,117.7,1,117.8,5,,,,,,,,,,,,,,
2026-07-09T05:00:27.480558+00:00,2026-07-09T05:00:27.480504,2,3,117.1,0.4,116.9,150,116.8,100,,,,,,,,,,,,,,,,,117.3,100,117.7,1,117.8,5,,,,,,,,,,,,,,
2026-07-09T05:00:27.534280+00:00,2026-07-09T05:00:27.534217,2,4,117.1,0.4,116.9,150,116.8,100,,,,,,,,,,,,,,,,,117.3,100,117.4,150,117.7,1,117.8,5,,,,,,,,,,,,
2026-07-09T05:00:27.800776+00:00,2026-07-09T05:00:27.800661,2,4,117.1,0.4,116.9,108,116.8,100,,,,,,,,,,,,,,,,,117.3,100,117.4,150,117.7,1,117.8,5,,,,,,,,,,,,
2026-07-09T05:00:28.258583+00:00,2026-07-09T05:00:28.256212,2,3,117.1,0.4,116.9,108,116.8,100,,,,,,,,,,,,,,,,,117.3,100,117.4,150,117.7,1,,,,,,,,,,,,,,
2026-07-09T05:00:28.284111+00:00,2026-07-09T05:00:28.284018,2,3,117.1,0.4,116.9,108,116.8,100,,,,,,,,,,,,,,,,,117.3,100,117.4,150,117.7,6,,,,,,,,,,,,,,
2026-07-09T05:00:28.343164+00:00,2026-07-09T05:00:28.343104,2,4,117.1,0.4,116.9,108,116.8,100,,,,,,,,,,,,,,,,,117.3,100,117.4,150,117.6,1,117.7,5,,,,,,,,,,,,
2026-07-09T05:00:28.498641+00:00,2026-07-09T05:00:28.498574,1,3,117.15,0.5,116.9,108,,,,,,,,,,,,,,,,,,,117.4,150,117.6,1,117.7,5,,,,,,,,,,,,,,
2026-07-09T05:00:28.558598+00:00,2026-07-09T05:00:28.554105,2,3,117.15,0.5,116.9,108,116.8,100,,,,,,,,,,,,,,,,,117.4,150,117.6,1,117.7,5,,,,,,,,,,,,,,
2026-07-09T05:00:28.607919+00:00,2026-07-09T05:00:28.607785,2,4,117.1,0.4,116.9,108,116.8,100,,,,,,,,,,,,,,,,,117.3,100,117.4,150,117.6,1,117.7,5,,,,,,,,,,,,
2026-07-09T05:00:28.898931+00:00,2026-07-09T05:00:28.898873,2,4,117.1,0.4,116.9,58,116.8,100,,,,,,,,,,,,,,,,,117.3,100,117.4,150,117.6,1,117.7,5,,,,,,,,,,,,
2026-07-09T05:00:29.293182+00:00,2026-07-09T05:00:29.293078,2,3,117.1,0.4,116.9,58,116.8,100,,,,,,,,,,,,,,,,,117.3,100,117.4,150,117.6,1,,,,,,,,,,,,,,
2026-07-09T05:00:29.303606+00:00,2026-07-09T05:00:29.303510,2,4,117.1,0.4,116.9,58,116.8,100,,,,,,,,,,,,,,,,,117.3,100,117.4,150,117.6,1,117.7,5,,,,,,,,,,,,
2026-07-09T05:00:29.455074+00:00,2026-07-09T05:00:29.455010,2,4,117.1,0.4,116.9,58,116.8,100,,,,,,,,,,,,,,,,,117.3,100,117.4,150,117.5,1,117.7,5,,,,,,,,,,,,
2026-07-09T05:00:30.316490+00:00,2026-07-09T05:00:30.316325,2,3,117.1,0.4,116.9,58,116.8,100,,,,,,,,,,,,,,,,,117.3,100,117.4,150,117.5,1,,,,,,,,,,,,,,
2026-07-09T05:00:30.321596+00:00,2026-07-09T05:00:30.321573,2,4,117.1,0.4,116.9,58,116.8,100,,,,,,,,,,,,,,,,,117.3,100,117.4,150,117.5,1,117.6,5,,,,,,,,,,,,
2026-07-09T05:00:30.558618+00:00,2026-07-09T05:00:30.556666,2,3,117.1,0.4,116.9,58,116.8,100,,,,,,,,,,,,,,,,,117.3,100,117.4,150,117.6,5,,,,,,,,,,,,,,
2026-07-09T05:00:30.569443+00:00,2026-07-09T05:00:30.569360,2,4,117.1,0.4,116.9,58,116.8,100,,,,,,,,,,,,,,,,,117.3,100,117.4,150,117.5,1,117.6,5,,,,,,,,,,,,
2026-07-09T05:00:30.591760+00:00,2026-07-09T05:00:30.591692,1,3,117.05,0.5,116.8,100,,,,,,,,,,,,,,,,,,,117.3,100,117.5,1,117.6,5,,,,,,,,,,,,,,
2026-07-09T05:00:30.646256+00:00,2026-07-09T05:00:30.646093,2,3,117.05,0.5,116.8,100,116.4,150,,,,,,,,,,,,,,,,,117.3,100,117.5,1,117.6,5,,,,,,,,,,,,,,
2026-07-09T05:00:30.710569+00:00,2026-07-09T05:00:30.703586,2,4,116.85,0.1,116.8,100,116.4,150,,,,,,,,,,,,,,,,,116.9,139,117.3,100,117.5,1,117.6,5,,,,,,,,,,,,
2026-07-09T05:00:30.772281+00:00,2026-07-09T05:00:30.772217,2,3,116.85,0.1,116.8,100,116.4,150,,,,,,,,,,,,,,,,,116.9,139,117.3,100,117.6,5,,,,,,,,,,,,,,
2026-07-09T05:00:30.777478+00:00,2026-07-09T05:00:30.777448,2,3,116.85,0.1,116.8,100,116.4,150,,,,,,,,,,,,,,,,,116.9,129,117.3,100,117.6,5,,,,,,,,,,,,,,
2026-07-09T05:00:31.009055+00:00,2026-07-09T05:00:31.009145,2,3,116.85,0.1,116.8,50,116.4,150,,,,,,,,,,,,,,,,,116.9,129,117.3,100,117.6,5,,,,,,,,,,,,,,
2026-07-09T05:00:31.297305+00:00,2026-07-09T05:00:31.297195,2,3,116.85,0.1,116.8,50,116.4,150,,,,,,,,,,,,,,,,,116.9,88,117.3,100,117.6,5,,,,,,,,,,,,,,
2026-07-09T05:00:31.329775+00:00,2026-07-09T05:00:31.329647,2,2,116.85,0.1,116.8,50,116.4,150,,,,,,,,,,,,,,,,,116.9,88,117.3,100,,,,,,,,,,,,,,,,
2026-07-09T05:00:31.334992+00:00,2026-07-09T05:00:31.334902,2,3,116.85,0.1,116.8,50,116.4,150,,,,,,,,,,,,,,,,,116.9,88,117.3,100,117.6,5,,,,,,,,,,,,,,
2026-07-09T05:00:31.663957+00:00,2026-07-09T05:00:31.663883,1,3,116.65,0.5,116.4,150,,,,,,,,,,,,,,,,,,,116.9,88,117.5,1,117.6,5,,,,,,,,,,,,,,
2026-07-09T05:00:31.717862+00:00,2026-07-09T05:00:31.717808,2,3,116.75,0.3,116.6,100,116.4,150,,,,,,,,,,,,,,,,,116.9,88,117.5,1,117.6,5,,,,,,,,,,,,,,
2026-07-09T05:00:31.771829+00:00,2026-07-09T05:00:31.771707,2,3,116.75,0.3,116.6,100,116.4,150,,,,,,,,,,,,,,,,,116.9,88,117.1,100,117.6,5,,,,,,,,,,,,,,
2026-07-09T05:00:32.086004+00:00,2026-07-09T05:00:32.076806,2,3,116.75,0.3,116.6,100,116.4,150,,,,,,,,,,,,,,,,,116.9,66,117.1,100,117.6,5,,,,,,,,,,,,,,
2026-07-09T05:00:32.344747+00:00,2026-07-09T05:00:32.344625,2,2,116.75,0.3,116.6,100,116.4,150,,,,,,,,,,,,,,,,,116.9,66,117.1,100,,,,,,,,,,,,,,,,
2026-07-09T05:00:32.358611+00:00,2026-07-09T05:00:32.354955,2,3,116.75,0.3,116.6,100,116.4,150,,,,,,,,,,,,,,,,,116.9,66,117.1,100,117.8,5,,,,,,,,,,,,,,
2026-07-09T05:00:32.802344+00:00,2026-07-09T05:00:32.802472,2,4,116.75,0.3,116.6,100,116.4,150,,,,,,,,,,,,,,,,,116.9,66,117.1,100,117.6,1,117.8,5,,,,,,,,,,,,
2026-07-09T05:00:33.361623+00:00,2026-07-09T05:00:33.361504,2,3,116.75,0.3,116.6,100,116.4,150,,,,,,,,,,,,,,,,,116.9,66,117.1,100,117.6,1,,,,,,,,,,,,,,
2026-07-09T05:00:33.371954+00:00,2026-07-09T05:00:33.371899,2,4,116.75,0.3,116.6,100,116.4,150,,,,,,,,,,,,,,,,,116.9,66,117.1,100,117.6,1,117.8,5,,,,,,,,,,,,
2026-07-09T05:00:33.758745+00:00,2026-07-09T05:00:33.758674,1,3,116.85,0.5,116.6,100,,,,,,,,,,,,,,,,,,,117.1,100,117.6,1,117.8,5,,,,,,,,,,,,,,
2026-07-09T05:00:33.809286+00:00,2026-07-09T05:00:33.809225,2,3,116.9,0.4,116.7,150,116.6,100,,,,,,,,,,,,,,,,,117.1,100,117.6,1,117.8,5,,,,,,,,,,,,,,
2026-07-09T05:00:33.871390+00:00,2026-07-09T05:00:33.871277,2,4,116.9,0.4,116.7,150,116.6,100,,,,,,,,,,,,,,,,,117.1,100,117.2,150,117.6,1,117.8,5,,,,,,,,,,,,
2026-07-09T05:00:33.911580+00:00,2026-07-09T05:00:33.911502,2,4,116.9,0.4,116.7,150,116.6,100,,,,,,,,,,,,,,,,,117.1,100,117.2,150,117.5,1,117.8,5,,,,,,,,,,,,
2026-07-09T05:00:34.377600+00:00,2026-07-09T05:00:34.377562,2,3,116.9,0.4,116.7,150,116.6,100,,,,,,,,,,,,,,,,,117.1,100,117.2,150,117.5,1,,,,,,,,,,,,,,
2026-07-09T05:00:34.388053+00:00,2026-07-09T05:00:34.387955,2,4,116.9,0.4,116.7,150,116.6,100,,,,,,,,,,,,,,,,,117.1,100,117.2,150,117.5,1,117.6,5,,,,,,,,,,,,
2026-07-09T05:00:34.830681+00:00,2026-07-09T05:00:34.830631,1,3,116.95,0.5,116.7,150,,,,,,,,,,,,,,,,,,,117.2,150,117.5,1,117.6,5,,,,,,,,,,,,,,
2026-07-09T05:00:34.883792+00:00,2026-07-09T05:00:34.883711,2,3,117.0,0.4,116.8,100,116.7,150,,,,,,,,,,,,,,,,,117.2,150,117.5,1,117.6,5,,,,,,,,,,,,,,
2026-07-09T05:00:34.937389+00:00,2026-07-09T05:00:34.937495,2,4,117.0,0.4,116.8,100,116.7,150,,,,,,,,,,,,,,,,,117.2,150,117.3,100,117.5,1,117.6,5,,,,,,,,,,,,
2026-07-09T05:00:35.022659+00:00,2026-07-09T05:00:35.022525,2,4,117.0,0.4,116.8,100,116.7,150,,,,,,,,,,,,,,,,,117.2,150,117.3,100,117.6,5,117.7,1,,,,,,,,,,,,
2026-07-09T05:00:35.394609+00:00,2026-07-09T05:00:35.394812,2,3,117.0,0.4,116.8,100,116.7,150,,,,,,,,,,,,,,,,,117.2,150,117.3,100,117.7,1,,,,,,,,,,,,,,
2026-07-09T05:00:35.405401+00:00,2026-07-09T05:00:35.405318,2,4,117.0,0.4,116.8,100,116.7,150,,,,,,,,,,,,,,,,,117.2,150,117.3,100,117.7,1,117.8,5,,,,,,,,,,,,
2026-07-09T05:00:36.133282+00:00,2026-07-09T05:00:36.133170,2,4,117.0,0.4,116.8,100,116.7,150,,,,,,,,,,,,,,,,,117.2,150,117.3,100,117.6,1,117.8,5,,,,,,,,,,,,
2026-07-09T05:00:36.412666+00:00,2026-07-09T05:00:36.412540,2,3,117.0,0.4,116.8,100,116.7,150,,,,,,,,,,,,,,,,,117.2,150,117.3,100,117.6,1,,,,,,,,,,,,,,
2026-07-09T05:00:36.417852+00:00,2026-07-09T05:00:36.417760,2,4,117.0,0.4,116.8,100,116.7,150,,,,,,,,,,,,,,,,,117.2,150,117.3,100,117.6,1,117.7,5,,,,,,,,,,,,
2026-07-09T05:00:36.924846+00:00,2026-07-09T05:00:36.924742,1,3,117.05,0.5,116.8,100,,,,,,,,,,,,,,,,,,,117.3,100,117.6,1,117.7,5,,,,,,,,,,,,,,
2026-07-09T05:00:36.982340+00:00,2026-07-09T05:00:36.982256,1,3,117.05,0.5,116.8,250,,,,,,,,,,,,,,,,,,,117.3,100,117.6,1,117.7,5,,,,,,,,,,,,,,
2026-07-09T05:00:37.058696+00:00,2026-07-09T05:00:37.025663,1,3,117.05,0.5,116.8,250,,,,,,,,,,,,,,,,,,,117.3,250,117.6,1,117.7,5,,,,,,,,,,,,,,
2026-07-09T05:00:37.242142+00:00,2026-07-09T05:00:37.241997,1,2,117.05,0.5,116.8,250,,,,,,,,,,,,,,,,,,,117.3,250,117.7,5,,,,,,,,,,,,,,,,
2026-07-09T05:00:37.247327+00:00,2026-07-09T05:00:37.247248,1,3,117.05,0.5,116.8,250,,,,,,,,,,,,,,,,,,,117.3,250,117.6,1,117.7,5,,,,,,,,,,,,,,
2026-07-09T05:00:37.429157+00:00,2026-07-09T05:00:37.429241,1,2,117.05,0.5,116.8,250,,,,,,,,,,,,,,,,,,,117.3,250,117.6,1,,,,,,,,,,,,,,,,
2026-07-09T05:00:37.434563+00:00,2026-07-09T05:00:37.434460,1,3,117.05,0.5,116.8,250,,,,,,,,,,,,,,,,,,,117.3,250,117.6,1,117.8,5,,,,,,,,,,,,,,
2026-07-09T05:00:37.992265+00:00,2026-07-09T05:00:37.992213,1,3,117.05,0.5,116.8,150,,,,,,,,,,,,,,,,,,,117.3,150,117.6,1,117.8,5,,,,,,,,,,,,,,
2026-07-09T05:00:38.047316+00:00,2026-07-09T05:00:38.047203,2,3,117.05,0.5,116.8,150,116.7,100,,,,,,,,,,,,,,,,,117.3,150,117.6,1,117.8,5,,,,,,,,,,,,,,
2026-07-09T05:00:38.130448+00:00,2026-07-09T05:00:38.130377,2,4,117.0,0.4,116.8,150,116.7,100,,,,,,,,,,,,,,,,,117.2,100,117.3,150,117.6,1,117.8,5,,,,,,,,,,,,
2026-07-09T05:00:38.352232+00:00,2026-07-09T05:00:38.352124,2,4,117.0,0.4,116.8,150,116.7,100,,,,,,,,,,,,,,,,,117.2,100,117.3,150,117.6,1,117.8,5,,,,,,,,,,,,
2026-07-09T05:00:38.442646+00:00,2026-07-09T05:00:38.442776,2,3,117.0,0.4,116.8,150,116.7,100,,,,,,,,,,,,,,,,,117.2,100,117.3,150,117.6,1,,,,,,,,,,,,,,
2026-07-09T05:00:38.458648+00:00,2026-07-09T05:00:38.453121,2,4,117.0,0.4,116.8,150,116.7,100,,,,,,,,,,,,,,,,,117.2,100,117.3,150,117.6,1,117.8,5,,,,,,,,,,,,
2026-07-09T05:00:39.023704+00:00,2026-07-09T05:00:39.023664,2,4,117.0,0.4,116.8,150,116.7,100,,,,,,,,,,,,,,,,,117.2,59,117.3,150,117.6,1,117.8,5,,,,,,,,,,,,
2026-07-09T05:00:39.458682+00:00,2026-07-09T05:00:39.457590,2,2,117.0,0.4,116.8,150,116.7,100,,,,,,,,,,,,,,,,,117.2,59,117.3,150,,,,,,,,,,,,,,,,
2026-07-09T05:00:39.469186+00:00,2026-07-09T05:00:39.469017,2,3,117.0,0.4,116.8,150,116.7,100,,,,,,,,,,,,,,,,,117.2,59,117.3,150,117.7,1,,,,,,,,,,,,,,
2026-07-09T05:00:39.474372+00:00,2026-07-09T05:00:39.474258,2,4,117.0,0.4,116.8,150,116.7,100,,,,,,,,,,,,,,,,,117.2,59,117.3,150,117.7,1,117.8,5,,,,,,,,,,,,
2026-07-09T05:00:39.998799+00:00,2026-07-09T05:00:39.998698,2,4,117.0,0.4,116.8,110,116.7,100,,,,,,,,,,,,,,,,,117.2,59,117.3,150,117.7,1,117.8,5,,,,,,,,,,,,
2026-07-09T05:00:40.087806+00:00,2026-07-09T05:00:40.087714,2,3,117.0,0.4,116.8,110,116.7,100,,,,,,,,,,,,,,,,,117.2,59,117.7,1,117.8,5,,,,,,,,,,,,,,
2026-07-09T05:00:40.093021+00:00,2026-07-09T05:00:40.092901,1,3,116.95,0.5,116.7,100,,,,,,,,,,,,,,,,,,,117.2,59,117.7,1,117.8,5,,,,,,,,,,,,,,
2026-07-09T05:00:40.145859+00:00,2026-07-09T05:00:40.145734,1,3,116.95,0.5,116.7,250,,,,,,,,,,,,,,,,,,,117.2,59,117.7,1,117.8,5,,,,,,,,,,,,,,
2026-07-09T05:00:40.199194+00:00,2026-07-09T05:00:40.199055,1,3,116.95,0.5,116.7,250,,,,,,,,,,,,,,,,,,,117.2,209,117.7,1,117.8,5,,,,,,,,,,,,,,
2026-07-09T05:00:40.479776+00:00,2026-07-09T05:00:40.479743,1,2,116.95,0.5,116.7,250,,,,,,,,,,,,,,,,,,,117.2,209,117.7,1,,,,,,,,,,,,,,,,
2026-07-09T05:00:40.490242+00:00,2026-07-09T05:00:40.490125,1,3,116.95,0.5,116.7,250,,,,,,,,,,,,,,,,,,,117.2,209,117.7,1,117.8,5,,,,,,,,,,,,,,
2026-07-09T05:00:40.574286+00:00,2026-07-09T05:00:40.574217,1,2,116.95,0.5,116.7,250,,,,,,,,,,,,,,,,,,,117.2,209,117.8,5,,,,,,,,,,,,,,,,
2026-07-09T05:00:40.579592+00:00,2026-07-09T05:00:40.579448,1,3,116.95,0.5,116.7,250,,,,,,,,,,,,,,,,,,,117.2,209,117.7,1,117.8,5,,,,,,,,,,,,,,
2026-07-09T05:00:41.186113+00:00,2026-07-09T05:00:41.186026,1,3,116.95,0.5,116.7,150,,,,,,,,,,,,,,,,,,,117.2,150,117.7,1,117.8,5,,,,,,,,,,,,,,
2026-07-09T05:00:41.243160+00:00,2026-07-09T05:00:41.243026,2,3,117.05,0.3,116.9,100,116.7,150,,,,,,,,,,,,,,,,,117.2,150,117.7,1,117.8,5,,,,,,,,,,,,,,
2026-07-09T05:00:41.296585+00:00,2026-07-09T05:00:41.296516,2,4,117.05,0.3,116.9,100,116.7,150,,,,,,,,,,,,,,,,,117.2,150,117.4,100,117.7,1,117.8,5,,,,,,,,,,,,
2026-07-09T05:00:41.498644+00:00,2026-07-09T05:00:41.498574,2,3,117.05,0.3,116.9,100,116.7,150,,,,,,,,,,,,,,,,,117.2,150,117.4,100,117.7,1,,,,,,,,,,,,,,
2026-07-09T05:00:41.503851+00:00,2026-07-09T05:00:41.503825,2,4,117.05,0.3,116.9,100,116.7,150,,,,,,,,,,,,,,,,,117.2,150,117.4,100,117.7,1,117.8,5,,,,,,,,,,,,
2026-07-09T05:00:41.690022+00:00,2026-07-09T05:00:41.689896,2,4,117.05,0.3,116.9,100,116.7,150,,,,,,,,,,,,,,,,,117.2,150,117.4,100,117.7,1,117.8,5,,,,,,,,,,,,
2026-07-09T05:00:42.510944+00:00,2026-07-09T05:00:42.510871,2,3,117.05,0.3,116.9,100,116.7,150,,,,,,,,,,,,,,,,,117.2,150,117.4,100,117.7,1,,,,,,,,,,,,,,
2026-07-09T05:00:42.521406+00:00,2026-07-09T05:00:42.521325,2,4,117.05,0.3,116.9,100,116.7,150,,,,,,,,,,,,,,,,,117.2,150,117.4,100,117.7,1,117.8,5,,,,,,,,,,,,
2026-07-09T05:00:42.800039+00:00,2026-07-09T05:00:42.799911,2,4,117.05,0.3,116.9,100,116.7,150,,,,,,,,,,,,,,,,,117.2,150,117.4,100,117.7,1,117.8,5,,,,,,,,,,,,
2026-07-09T05:00:43.253378+00:00,2026-07-09T05:00:43.253268,1,3,117.15,0.5,116.9,100,,,,,,,,,,,,,,,,,,,117.4,100,117.7,1,117.8,5,,,,,,,,,,,,,,
2026-07-09T05:00:43.310320+00:00,2026-07-09T05:00:43.310159,2,3,117.15,0.5,116.9,100,116.7,150,,,,,,,,,,,,,,,,,117.4,100,117.7,1,117.8,5,,,,,,,,,,,,,,
2026-07-09T05:00:43.358583+00:00,2026-07-09T05:00:43.357676,2,4,117.05,0.3,116.9,100,116.7,150,,,,,,,,,,,,,,,,,117.2,150,117.4,100,117.7,1,117.8,5,,,,,,,,,,,,
2026-07-09T05:00:43.530430+00:00,2026-07-09T05:00:43.530292,2,3,117.05,0.3,116.9,100,116.7,150,,,,,,,,,,,,,,,,,117.2,150,117.4,100,117.7,1,,,,,,,,,,,,,,
2026-07-09T05:00:43.535569+00:00,2026-07-09T05:00:43.535514,2,4,117.05,0.3,116.9,100,116.7,150,,,,,,,,,,,,,,,,,117.2,150,117.4,100,117.7,1,117.8,5,,,,,,,,,,,,
2026-07-09T05:00:43.595210+00:00,2026-07-09T05:00:43.595079,2,4,117.05,0.3,116.9,100,116.7,150,,,,,,,,,,,,,,,,,117.2,100,117.4,100,117.7,1,117.8,5,,,,,,,,,,,,
2026-07-09T05:00:43.865184+00:00,2026-07-09T05:00:43.864482,2,4,117.05,0.3,116.9,58,116.7,150,,,,,,,,,,,,,,,,,117.2,100,117.4,100,117.7,1,117.8,5,,,,,,,,,,,,
2026-07-09T05:00:43.958645+00:00,2026-07-09T05:00:43.903299,2,4,117.05,0.3,116.9,58,116.7,150,,,,,,,,,,,,,,,,,117.2,100,117.4,100,117.7,1,117.8,5,,,,,,,,,,,,
2026-07-09T05:00:44.346551+00:00,2026-07-09T05:00:44.346516,2,3,117.05,0.3,116.9,58,116.7,150,,,,,,,,,,,,,,,,,117.2,100,117.7,1,117.8,5,,,,,,,,,,,,,,
2026-07-09T05:00:44.351757+00:00,2026-07-09T05:00:44.351719,1,3,116.95,0.5,116.7,150,,,,,,,,,,,,,,,,,,,117.2,100,117.7,1,117.8,5,,,,,,,,,,,,,,
2026-07-09T05:00:44.404985+00:00,2026-07-09T05:00:44.404938,2,3,117.0,0.4,116.8,100,116.7,150,,,,,,,,,,,,,,,,,117.2,100,117.7,1,117.8,5,,,,,,,,,,,,,,
2026-07-09T05:00:44.453062+00:00,2026-07-09T05:00:44.453211,2,4,117.0,0.4,116.8,100,116.7,150,,,,,,,,,,,,,,,,,117.2,100,117.3,100,117.7,1,117.8,5,,,,,,,,,,,,
2026-07-09T05:00:44.541710+00:00,2026-07-09T05:00:44.541596,2,3,117.0,0.4,116.8,100,116.7,150,,,,,,,,,,,,,,,,,117.2,100,117.3,100,117.7,1,,,,,,,,,,,,,,
2026-07-09T05:00:44.552024+00:00,2026-07-09T05:00:44.551981,2,4,117.0,0.4,116.8,100,116.7,150,,,,,,,,,,,,,,,,,117.2,100,117.3,100,117.7,1,117.8,5,,,,,,,,,,,,
2026-07-09T05:00:45.014867+00:00,2026-07-09T05:00:45.014736,2,3,117.0,0.4,116.8,100,116.7,150,,,,,,,,,,,,,,,,,117.2,100,117.3,100,117.8,5,,,,,,,,,,,,,,
2026-07-09T05:00:45.019835+00:00,2026-07-09T05:00:45.019927,2,4,117.0,0.4,116.8,100,116.7,150,,,,,,,,,,,,,,,,,117.2,100,117.3,100,117.7,1,117.8,5,,,,,,,,,,,,
2026-07-09T05:00:45.379625+00:00,2026-07-09T05:00:45.379425,2,4,117.0,0.4,116.8,100,116.7,150,,,,,,,,,,,,,,,,,117.2,55,117.3,100,117.7,1,117.8,5,,,,,,,,,,,,
2026-07-09T05:00:45.558567+00:00,2026-07-09T05:00:45.556646,2,4,117.0,0.4,116.8,100,116.7,150,,,,,,,,,,,,,,,,,117.2,55,117.3,100,117.7,1,117.8,5,,,,,,,,,,,,
2026-07-09T05:00:45.755905+00:00,2026-07-09T05:00:45.755865,2,4,117.0,0.4,116.8,50,116.7,150,,,,,,,,,,,,,,,,,117.2,55,117.3,100,117.7,1,117.8,5,,,,,,,,,,,,
2026-07-09T05:00:46.129307+00:00,2026-07-09T05:00:46.129415,2,3,117.0,0.4,116.8,50,116.7,150,,,,,,,,,,,,,,,,,117.2,55,117.3,100,117.8,5,,,,,,,,,,,,,,
2026-07-09T05:00:46.134819+00:00,2026-07-09T05:00:46.134698,2,4,117.0,0.4,116.8,50,116.7,150,,,,,,,,,,,,,,,,,117.2,55,117.3,100,117.7,1,117.8,5,,,,,,,,,,,,
2026-07-09T05:00:46.358604+00:00,2026-07-09T05:00:46.356859,2,4,117.0,0.4,116.8,50,116.7,150,,,,,,,,,,,,,,,,,117.2,13,117.3,100,117.7,1,117.8,5,,,,,,,,,,,,
2026-07-09T05:00:46.413853+00:00,2026-07-09T05:00:46.413761,2,3,117.05,0.5,116.8,50,116.7,150,,,,,,,,,,,,,,,,,117.3,100,117.7,1,117.8,5,,,,,,,,,,,,,,
2026-07-09T05:00:46.419058+00:00,2026-07-09T05:00:46.418975,1,3,117.05,0.5,116.8,50,,,,,,,,,,,,,,,,,,,117.3,100,117.7,1,117.8,5,,,,,,,,,,,,,,
2026-07-09T05:00:46.472933+00:00,2026-07-09T05:00:46.472909,2,2,117.5,0.4,117.3,50,116.8,50,,,,,,,,,,,,,,,,,117.7,1,117.8,5,,,,,,,,,,,,,,,,
2026-07-09T05:00:46.485427+00:00,2026-07-09T05:00:46.478161,2,2,117.5,0.4,117.3,27,116.8,50,,,,,,,,,,,,,,,,,117.7,1,117.8,5,,,,,,,,,,,,,,,,
2026-07-09T05:00:46.513476+00:00,2026-07-09T05:00:46.506127,2,2,117.5,0.4,117.3,24,116.8,50,,,,,,,,,,,,,,,,,117.7,1,117.8,5,,,,,,,,,,,,,,,,
2026-07-09T05:00:46.529115+00:00,2026-07-09T05:00:46.528962,2,2,117.5,0.4,117.3,24,116.8,50,,,,,,,,,,,,,,,,,117.7,1,117.8,155,,,,,,,,,,,,,,,,
2026-07-09T05:00:46.543439+00:00,2026-07-09T05:00:46.539632,1,1,117.3,1.0,116.8,50,,,,,,,,,,,,,,,,,,,117.8,155,,,,,,,,,,,,,,,,,,
2026-07-09T05:00:46.601931+00:00,2026-07-09T05:00:46.601844,1,1,117.3,1.0,116.8,50,,,,,,,,,,,,,,,,,,,117.8,150,,,,,,,,,,,,,,,,,,
2026-07-09T05:00:46.607159+00:00,2026-07-09T05:00:46.607111,1,1,117.3,1.0,116.8,50,,,,,,,,,,,,,,,,,,,117.8,155,,,,,,,,,,,,,,,,,,
2026-07-09T05:00:47.257320+00:00,2026-07-09T05:00:47.257191,1,2,117.25,0.9,116.8,50,,,,,,,,,,,,,,,,,,,117.7,1,117.8,155,,,,,,,,,,,,,,,,
2026-07-09T05:00:47.511887+00:00,2026-07-09T05:00:47.511837,0,2,,,,,,,,,,,,,,,,,,,,,,,117.7,1,117.8,155,,,,,,,,,,,,,,,,
2026-07-09T05:00:47.565107+00:00,2026-07-09T05:00:47.565265,1,2,117.3,0.8,116.9,100,,,,,,,,,,,,,,,,,,,117.7,1,117.8,155,,,,,,,,,,,,,,,,
2026-07-09T05:00:47.615842+00:00,2026-07-09T05:00:47.615717,1,2,117.3,0.8,116.9,100,,,,,,,,,,,,,,,,,,,117.7,1,117.8,150,,,,,,,,,,,,,,,,
2026-07-09T05:00:47.621077+00:00,2026-07-09T05:00:47.620965,1,3,117.15,0.5,116.9,100,,,,,,,,,,,,,,,,,,,117.4,100,117.7,1,117.8,150,,,,,,,,,,,,,,
2026-07-09T05:00:47.631534+00:00,2026-07-09T05:00:47.631450,1,3,117.15,0.5,116.9,100,,,,,,,,,,,,,,,,,,,117.4,100,117.7,1,117.8,155,,,,,,,,,,,,,,
2026-07-09T05:00:47.816783+00:00,2026-07-09T05:00:47.816646,1,3,117.15,0.5,116.9,100,,,,,,,,,,,,,,,,,,,117.4,50,117.7,1,117.8,155,,,,,,,,,,,,,,
2026-07-09T05:00:48.358584+00:00,2026-07-09T05:00:48.358151,1,2,117.15,0.5,116.9,100,,,,,,,,,,,,,,,,,,,117.4,50,117.8,155,,,,,,,,,,,,,,,,
2026-07-09T05:00:48.395606+00:00,2026-07-09T05:00:48.395510,1,2,117.15,0.5,116.9,100,,,,,,,,,,,,,,,,,,,117.4,50,117.8,156,,,,,,,,,,,,,,,,
2026-07-09T05:00:48.637776+00:00,2026-07-09T05:00:48.637665,1,2,117.15,0.5,116.9,100,,,,,,,,,,,,,,,,,,,117.4,50,117.8,151,,,,,,,,,,,,,,,,
2026-07-09T05:00:48.642923+00:00,2026-07-09T05:00:48.642893,1,3,117.15,0.5,116.9,100,,,,,,,,,,,,,,,,,,,117.4,50,117.8,151,117.9,5,,,,,,,,,,,,,,
2026-07-09T05:00:49.503451+00:00,2026-07-09T05:00:49.503393,1,3,117.15,0.5,116.9,100,,,,,,,,,,,,,,,,,,,117.4,50,117.8,150,117.9,5,,,,,,,,,,,,,,
2026-07-09T05:00:49.508774+00:00,2026-07-09T05:00:49.508645,1,4,117.15,0.5,116.9,100,,,,,,,,,,,,,,,,,,,117.4,50,117.5,1,117.8,150,117.9,5,,,,,,,,,,,,
2026-07-09T05:00:49.583983+00:00,2026-07-09T05:00:49.583904,1,3,117.15,0.5,116.9,100,,,,,,,,,,,,,,,,,,,117.4,50,117.5,1,117.9,5,,,,,,,,,,,,,,
2026-07-09T05:00:49.637573+00:00,2026-07-09T05:00:49.637447,2,3,117.15,0.5,116.9,100,116.5,150,,,,,,,,,,,,,,,,,117.4,50,117.5,1,117.9,5,,,,,,,,,,,,,,
2026-07-09T05:00:49.658625+00:00,2026-07-09T05:00:49.650947,2,3,117.15,0.5,116.9,100,116.5,150,,,,,,,,,,,,,,,,,117.4,50,117.5,1,117.6,5,,,,,,,,,,,,,,
2026-07-09T05:00:49.702711+00:00,2026-07-09T05:00:49.695913,2,4,116.95,0.1,116.9,100,116.5,150,,,,,,,,,,,,,,,,,117.0,147,117.4,50,117.5,1,117.6,5,,,,,,,,,,,,
2026-07-09T05:00:49.718466+00:00,2026-07-09T05:00:49.718251,2,3,116.95,0.1,116.9,100,116.5,150,,,,,,,,,,,,,,,,,117.0,143,117.4,50,117.6,5,,,,,,,,,,,,,,
2026-07-09T05:00:49.922321+00:00,2026-07-09T05:00:49.922238,2,3,116.95,0.1,116.9,100,116.5,150,,,,,,,,,,,,,,,,,117.0,93,117.4,50,117.6,5,,,,,,,,,,,,,,
2026-07-09T05:00:49.963933+00:00,2026-07-09T05:00:49.963795,2,3,116.95,0.1,116.9,53,116.5,150,,,,,,,,,,,,,,,,,117.0,93,117.4,50,117.6,5,,,,,,,,,,,,,,
2026-07-09T05:00:50.269110+00:00,2026-07-09T05:00:50.261503,2,3,116.95,0.1,116.9,53,116.5,150,,,,,,,,,,,,,,,,,117.0,82,117.4,50,117.6,5,,,,,,,,,,,,,,
2026-07-09T05:00:50.339902+00:00,2026-07-09T05:00:50.339765,2,3,116.95,0.1,116.9,53,116.5,150,,,,,,,,,,,,,,,,,117.0,72,117.4,50,117.6,5,,,,,,,,,,,,,,
2026-07-09T05:00:50.457674+00:00,2026-07-09T05:00:50.448123,2,3,116.95,0.1,116.9,53,116.5,150,,,,,,,,,,,,,,,,,117.0,29,117.4,50,117.6,5,,,,,,,,,,,,,,
2026-07-09T05:00:50.571168+00:00,2026-07-09T05:00:50.571085,2,4,116.95,0.1,116.9,53,116.5,150,,,,,,,,,,,,,,,,,117.0,29,117.4,50,117.6,5,117.9,1,,,,,,,,,,,,
2026-07-09T05:00:50.665562+00:00,2026-07-09T05:00:50.665525,2,3,116.95,0.1,116.9,53,116.5,150,,,,,,,,,,,,,,,,,117.0,29,117.4,50,117.9,1,,,,,,,,,,,,,,
2026-07-09T05:00:50.670852+00:00,2026-07-09T05:00:50.670735,2,2,116.95,0.1,116.9,53,116.5,150,,,,,,,,,,,,,,,,,117.0,29,117.4,50,,,,,,,,,,,,,,,,
2026-07-09T05:00:50.675810+00:00,2026-07-09T05:00:50.675971,1,1,116.75,0.5,116.5,150,,,,,,,,,,,,,,,,,,,117.0,29,,,,,,,,,,,,,,,,,,
2026-07-09T05:00:50.681214+00:00,2026-07-09T05:00:50.681140,1,2,116.75,0.5,116.5,150,,,,,,,,,,,,,,,,,,,117.0,29,118.0,5,,,,,,,,,,,,,,,,
2026-07-09T05:00:50.738051+00:00,2026-07-09T05:00:50.737970,2,1,117.55,0.9,117.1,71,116.5,150,,,,,,,,,,,,,,,,,118.0,5,,,,,,,,,,,,,,,,,,
2026-07-09T05:00:50.789175+00:00,2026-07-09T05:00:50.789113,2,2,117.35,0.5,117.1,71,116.5,150,,,,,,,,,,,,,,,,,117.6,100,118.0,5,,,,,,,,,,,,,,,,
2026-07-09T05:00:51.682597+00:00,2026-07-09T05:00:51.682562,2,3,117.35,0.5,117.1,71,116.5,150,,,,,,,,,,,,,,,,,117.6,100,117.9,1,118.0,5,,,,,,,,,,,,,,
2026-07-09T05:00:51.697218+00:00,2026-07-09T05:00:51.697131,2,2,117.35,0.5,117.1,71,116.5,150,,,,,,,,,,,,,,,,,117.6,100,117.9,1,,,,,,,,,,,,,,,,
2026-07-09T05:00:51.707452+00:00,2026-07-09T05:00:51.707543,2,3,117.35,0.5,117.1,71,116.5,150,,,,,,,,,,,,,,,,,117.6,100,117.9,1,118.0,5,,,,,,,,,,,,,,
2026-07-09T05:00:51.769472+00:00,2026-07-09T05:00:51.762715,2,3,117.35,0.5,117.1,48,116.5,150,,,,,,,,,,,,,,,,,117.6,100,117.9,1,118.0,5,,,,,,,,,,,,,,
2026-07-09T05:00:51.785048+00:00,2026-07-09T05:00:51.784874,2,2,117.35,0.5,117.1,48,116.5,150,,,,,,,,,,,,,,,,,117.6,100,118.0,5,,,,,,,,,,,,,,,,
2026-07-09T05:00:51.790166+00:00,2026-07-09T05:00:51.790107,2,2,117.35,0.5,117.1,28,116.5,150,,,,,,,,,,,,,,,,,117.6,100,118.0,5,,,,,,,,,,,,,,,,
2026-07-09T05:00:52.099729+00:00,2026-07-09T05:00:52.099255,1,2,117.05,1.1,116.5,150,,,,,,,,,,,,,,,,,,,117.6,100,118.0,5,,,,,,,,,,,,,,,,
2026-07-09T05:00:52.715161+00:00,2026-07-09T05:00:52.715256,1,1,117.05,1.1,116.5,150,,,,,,,,,,,,,,,,,,,117.6,100,,,,,,,,,,,,,,,,,,
2026-07-09T05:00:52.725695+00:00,2026-07-09T05:00:52.725642,1,2,117.05,1.1,116.5,150,,,,,,,,,,,,,,,,,,,117.6,100,117.8,5,,,,,,,,,,,,,,,,
2026-07-09T05:00:52.746028+00:00,2026-07-09T05:00:52.746194,0,2,,,,,,,,,,,,,,,,,,,,,,,117.6,100,117.8,5,,,,,,,,,,,,,,,,
2026-07-09T05:00:52.800869+00:00,2026-07-09T05:00:52.801009,1,2,117.4,0.4,117.2,150,,,,,,,,,,,,,,,,,,,117.6,100,117.8,5,,,,,,,,,,,,,,,,
2026-07-09T05:00:52.813108+00:00,2026-07-09T05:00:52.808865,1,2,117.4,0.4,117.2,129,,,,,,,,,,,,,,,,,,,117.6,101,117.8,5,,,,,,,,,,,,,,,,
2026-07-09T05:00:52.854023+00:00,2026-07-09T05:00:52.853981,1,3,117.4,0.4,117.2,129,,,,,,,,,,,,,,,,,,,117.6,101,117.7,150,117.8,5,,,,,,,,,,,,,,
2026-07-09T05:00:52.919717+00:00,2026-07-09T05:00:52.919616,1,3,117.4,0.4,117.2,129,,,,,,,,,,,,,,,,,,,117.6,100,117.7,150,117.8,5,,,,,,,,,,,,,,
2026-07-09T05:00:53.737076+00:00,2026-07-09T05:00:53.736871,1,2,117.4,0.4,117.2,129,,,,,,,,,,,,,,,,,,,117.6,100,117.7,150,,,,,,,,,,,,,,,,
2026-07-09T05:00:53.742209+00:00,2026-07-09T05:00:53.742142,1,3,117.4,0.4,117.2,129,,,,,,,,,,,,,,,,,,,117.6,100,117.7,150,117.8,5,,,,,,,,,,,,,,
2026-07-09T05:00:53.858612+00:00,2026-07-09T05:00:53.856823,1,2,117.45,0.5,117.2,129,,,,,,,,,,,,,,,,,,,117.7,150,117.8,5,,,,,,,,,,,,,,,,
2026-07-09T05:00:53.902440+00:00,2026-07-09T05:00:53.902382,2,2,117.45,0.5,117.2,129,116.6,100,,,,,,,,,,,,,,,,,117.7,150,117.8,5,,,,,,,,,,,,,,,,
2026-07-09T05:00:53.937208+00:00,2026-07-09T05:00:53.937080,2,3,117.4,0.4,117.2,129,116.6,100,,,,,,,,,,,,,,,,,117.6,1,117.7,150,117.8,5,,,,,,,,,,,,,,
2026-07-09T05:00:53.958578+00:00,2026-07-09T05:00:53.954580,2,3,117.4,0.4,117.2,29,116.6,100,,,,,,,,,,,,,,,,,117.6,1,117.7,150,117.8,5,,,,,,,,,,,,,,
2026-07-09T05:00:54.040684+00:00,2026-07-09T05:00:54.040583,2,2,117.45,0.5,117.2,29,116.6,100,,,,,,,,,,,,,,,,,117.7,150,117.8,5,,,,,,,,,,,,,,,,
2026-07-09T05:00:54.207112+00:00,2026-07-09T05:00:54.207079,1,2,117.15,1.1,116.6,100,,,,,,,,,,,,,,,,,,,117.7,150,117.8,5,,,,,,,,,,,,,,,,
2026-07-09T05:00:54.749118+00:00,2026-07-09T05:00:54.749252,1,1,117.15,1.1,116.6,100,,,,,,,,,,,,,,,,,,,117.7,150,,,,,,,,,,,,,,,,,,
2026-07-09T05:00:54.759714+00:00,2026-07-09T05:00:54.759625,1,2,117.15,1.1,116.6,100,,,,,,,,,,,,,,,,,,,117.7,150,117.8,5,,,,,,,,,,,,,,,,
2026-07-09T05:00:55.079553+00:00,2026-07-09T05:00:55.079493,1,3,117.1,1.0,116.6,100,,,,,,,,,,,,,,,,,,,117.6,1,117.7,150,117.8,5,,,,,,,,,,,,,,
2026-07-09T05:00:55.765135+00:00,2026-07-09T05:00:55.765354,1,2,117.1,1.0,116.6,100,,,,,,,,,,,,,,,,,,,117.6,1,117.7,150,,,,,,,,,,,,,,,,
2026-07-09T05:00:55.775680+00:00,2026-07-09T05:00:55.775778,1,3,117.1,1.0,116.6,100,,,,,,,,,,,,,,,,,,,117.6,1,117.7,150,117.8,5,,,,,,,,,,,,,,
2026-07-09T05:00:55.908532+00:00,2026-07-09T05:00:55.908436,1,2,117.1,1.0,116.6,100,,,,,,,,,,,,,,,,,,,117.6,1,117.8,5,,,,,,,,,,,,,,,,
2026-07-09T05:00:55.956405+00:00,2026-07-09T05:00:55.956556,2,2,117.15,0.9,116.7,150,116.6,100,,,,,,,,,,,,,,,,,117.6,1,117.8,5,,,,,,,,,,,,,,,,
2026-07-09T05:00:56.016041+00:00,2026-07-09T05:00:56.015912,2,3,116.95,0.5,116.7,150,116.6,100,,,,,,,,,,,,,,,,,117.2,150,117.6,1,117.8,5,,,,,,,,,,,,,,
2026-07-09T05:00:56.186795+00:00,2026-07-09T05:00:56.186961,2,3,116.95,0.5,116.7,150,116.6,100,,,,,,,,,,,,,,,,,117.2,150,117.7,1,117.8,5,,,,,,,,,,,,,,
2026-07-09T05:00:56.291470+00:00,2026-07-09T05:00:56.291304,2,3,116.95,0.5,116.7,150,116.6,100,,,,,,,,,,,,,,,,,117.2,100,117.7,1,117.8,5,,,,,,,,,,,,,,
2026-07-09T05:00:56.797744+00:00,2026-07-09T05:00:56.797635,2,2,116.95,0.5,116.7,150,116.6,100,,,,,,,,,,,,,,,,,117.2,100,117.7,1,,,,,,,,,,,,,,,,
2026-07-09T05:00:56.808134+00:00,2026-07-09T05:00:56.808042,2,3,116.95,0.5,116.7,150,116.6,100,,,,,,,,,,,,,,,,,117.2,100,117.7,1,117.8,5,,,,,,,,,,,,,,
2026-07-09T05:00:56.958592+00:00,2026-07-09T05:00:56.958326,2,3,116.95,0.5,116.7,150,116.6,100,,,,,,,,,,,,,,,,,117.2,54,117.7,1,117.8,5,,,,,,,,,,,,,,
2026-07-09T05:00:57.013078+00:00,2026-07-09T05:00:57.013045,1,3,116.95,0.5,116.7,150,,,,,,,,,,,,,,,,,,,117.2,54,117.7,1,117.8,5,,,,,,,,,,,,,,
2026-07-09T05:00:57.071693+00:00,2026-07-09T05:00:57.071615,2,3,117.15,0.1,117.1,100,116.7,150,,,,,,,,,,,,,,,,,117.2,54,117.7,1,117.8,5,,,,,,,,,,,,,,
2026-07-09T05:00:57.125211+00:00,2026-07-09T05:00:57.125124,2,4,117.15,0.1,117.1,100,116.7,150,,,,,,,,,,,,,,,,,117.2,54,117.6,100,117.7,1,117.8,5,,,,,,,,,,,,
2026-07-09T05:00:57.299063+00:00,2026-07-09T05:00:57.298933,2,4,117.15,0.1,117.1,100,116.7,150,,,,,,,,,,,,,,,,,117.2,54,117.6,100,117.7,1,117.8,5,,,,,,,,,,,,
2026-07-09T05:00:57.818320+00:00,2026-07-09T05:00:57.818181,2,3,117.15,0.1,117.1,100,116.7,150,,,,,,,,,,,,,,,,,117.2,54,117.6,100,117.7,1,,,,,,,,,,,,,,
2026-07-09T05:00:57.823512+00:00,2026-07-09T05:00:57.823403,2,4,117.15,0.1,117.1,100,116.7,150,,,,,,,,,,,,,,,,,117.2,54,117.6,100,117.7,1,117.8,5,,,,,,,,,,,,
2026-07-09T05:00:57.888102+00:00,2026-07-09T05:00:57.887948,2,4,117.15,0.1,117.1,59,116.7,150,,,,,,,,,,,,,,,,,117.2,54,117.6,100,117.7,1,117.8,5,,,,,,,,,,,,
2026-07-09T05:00:58.404500+00:00,2026-07-09T05:00:58.404374,2,3,117.15,0.1,117.1,59,116.7,150,,,,,,,,,,,,,,,,,117.2,54,117.6,100,117.8,5,,,,,,,,,,,,,,
2026-07-09T05:00:58.409750+00:00,2026-07-09T05:00:58.409620,2,3,117.15,0.1,117.1,59,116.7,150,,,,,,,,,,,,,,,,,117.2,54,117.6,100,117.8,6,,,,,,,,,,,,,,
2026-07-09T05:00:58.442812+00:00,2026-07-09T05:00:58.442682,2,3,117.15,0.1,117.1,9,116.7,150,,,,,,,,,,,,,,,,,117.2,54,117.6,100,117.8,6,,,,,,,,,,,,,,
2026-07-09T05:00:58.830525+00:00,2026-07-09T05:00:58.830400,2,3,117.15,0.1,117.1,9,116.7,150,,,,,,,,,,,,,,,,,117.2,54,117.6,100,117.8,1,,,,,,,,,,,,,,
2026-07-09T05:00:58.840695+00:00,2026-07-09T05:00:58.840810,2,3,117.15,0.1,117.1,9,116.7,150,,,,,,,,,,,,,,,,,117.2,54,117.6,100,117.8,6,,,,,,,,,,,,,,
2026-07-09T05:00:59.071278+00:00,2026-07-09T05:00:59.071177,1,2,117.35,0.5,117.1,9,,,,,,,,,,,,,,,,,,,117.6,100,117.8,6,,,,,,,,,,,,,,,,
2026-07-09T05:00:59.126377+00:00,2026-07-09T05:00:59.126485,1,2,117.35,0.5,117.1,159,,,,,,,,,,,,,,,,,,,117.6,100,117.8,6,,,,,,,,,,,,,,,,
2026-07-09T05:00:59.178818+00:00,2026-07-09T05:00:59.178663,1,2,117.35,0.5,117.1,159,,,,,,,,,,,,,,,,,,,117.6,250,117.8,6,,,,,,,,,,,,,,,,
2026-07-09T05:00:59.516693+00:00,2026-07-09T05:00:59.516653,1,2,117.35,0.5,117.1,159,,,,,,,,,,,,,,,,,,,117.6,250,117.8,5,,,,,,,,,,,,,,,,
2026-07-09T05:00:59.521754+00:00,2026-07-09T05:00:59.521866,1,3,117.35,0.5,117.1,159,,,,,,,,,,,,,,,,,,,117.6,250,117.7,1,117.8,5,,,,,,,,,,,,,,
2026-07-09T05:00:59.858783+00:00,2026-07-09T05:00:59.858669,1,2,117.35,0.5,117.1,159,,,,,,,,,,,,,,,,,,,117.6,250,117.7,1,,,,,,,,,,,,,,,,
2026-07-09T05:00:59.864030+00:00,2026-07-09T05:00:59.863886,1,3,117.35,0.5,117.1,159,,,,,,,,,,,,,,,,,,,117.6,250,117.7,1,117.8,5,,,,,,,,,,,,,,
2026-07-09T05:01:00.176515+00:00,2026-07-09T05:01:00.176418,1,3,117.35,0.5,117.1,150,,,,,,,,,,,,,,,,,,,117.6,150,117.7,1,117.8,5,,,,,,,,,,,,,,
2026-07-09T05:01:00.230968+00:00,2026-07-09T05:01:00.230893,2,3,117.35,0.5,117.1,150,116.7,100,,,,,,,,,,,,,,,,,117.6,150,117.7,1,117.8,5,,,,,,,,,,,,,,
2026-07-09T05:01:00.285186+00:00,2026-07-09T05:01:00.285140,2,4,117.15,0.1,117.1,150,116.7,100,,,,,,,,,,,,,,,,,117.2,100,117.6,150,117.7,1,117.8,5,,,,,,,,,,,,
2026-07-09T05:01:00.628132+00:00,2026-07-09T05:01:00.628054,2,4,117.15,0.1,117.1,150,116.7,100,,,,,,,,,,,,,,,,,117.2,100,117.6,150,117.7,1,117.8,5,,,,,,,,,,,,
2026-07-09T05:01:00.648504+00:00,2026-07-09T05:01:00.658686,2,4,117.15,0.1,117.1,100,116.7,100,,,,,,,,,,,,,,,,,117.2,100,117.6,150,117.7,1,117.8,5,,,,,,,,,,,,
2026-07-09T05:01:00.857399+00:00,2026-07-09T05:01:00.857605,2,3,117.15,0.1,117.1,100,116.7,100,,,,,,,,,,,,,,,,,117.2,100,117.6,150,117.7,1,,,,,,,,,,,,,,
2026-07-09T05:01:00.879720+00:00,2026-07-09T05:01:00.879603,2,4,117.15,0.1,117.1,100,116.7,100,,,,,,,,,,,,,,,,,117.2,100,117.6,150,117.7,1,117.8,5,,,,,,,,,,,,
2026-07-09T05:01:01.058624+00:00,2026-07-09T05:01:01.050156,2,4,117.15,0.1,117.1,55,116.7,100,,,,,,,,,,,,,,,,,117.2,100,117.6,150,117.7,1,117.8,5,,,,,,,,,,,,
2026-07-09T05:01:01.737256+00:00,2026-07-09T05:01:01.737399,2,4,117.15,0.1,117.1,55,116.7,100,,,,,,,,,,,,,,,,,117.2,100,117.6,150,117.7,1,117.8,5,,,,,,,,,,,,
2026-07-09T05:01:01.888822+00:00,2026-07-09T05:01:01.888746,2,3,117.15,0.1,117.1,55,116.7,100,,,,,,,,,,,,,,,,,117.2,100,117.6,150,117.7,1,,,,,,,,,,,,,,
2026-07-09T05:01:01.910150+00:00,2026-07-09T05:01:01.910109,2,4,117.15,0.1,117.1,55,116.7,100,,,,,,,,,,,,,,,,,117.2,100,117.6,150,117.7,1,117.8,5,,,,,,,,,,,,
2026-07-09T05:01:02.228172+00:00,2026-07-09T05:01:02.228066,2,3,117.15,0.1,117.1,55,116.7,100,,,,,,,,,,,,,,,,,117.2,100,117.7,1,117.8,5,,,,,,,,,,,,,,
2026-07-09T05:01:02.233369+00:00,2026-07-09T05:01:02.233297,1,3,116.95,0.5,116.7,100,,,,,,,,,,,,,,,,,,,117.2,100,117.7,1,117.8,5,,,,,,,,,,,,,,
2026-07-09T05:01:02.287976+00:00,2026-07-09T05:01:02.287773,1,3,116.95,0.5,116.7,250,,,,,,,,,,,,,,,,,,,117.2,100,117.7,1,117.8,5,,,,,,,,,,,,,,
2026-07-09T05:01:02.346427+00:00,2026-07-09T05:01:02.346320,1,3,116.95,0.5,116.7,250,,,,,,,,,,,,,,,,,,,117.2,250,117.7,1,117.8,5,,,,,,,,,,,,,,
2026-07-09T05:01:02.758647+00:00,2026-07-09T05:01:02.757126,1,3,116.95,0.5,116.7,200,,,,,,,,,,,,,,,,,,,117.2,250,117.7,1,117.8,5,,,,,,,,,,,,,,
2026-07-09T05:01:02.847649+00:00,2026-07-09T05:01:02.847778,1,2,116.95,0.5,116.7,200,,,,,,,,,,,,,,,,,,,117.2,250,117.8,6,,,,,,,,,,,,,,,,
2026-07-09T05:01:02.947597+00:00,2026-07-09T05:01:02.947516,1,2,116.95,0.5,116.7,200,,,,,,,,,,,,,,,,,,,117.2,250,117.8,1,,,,,,,,,,,,,,,,
2026-07-09T05:01:02.952651+00:00,2026-07-09T05:01:02.952802,1,3,116.95,0.5,116.7,200,,,,,,,,,,,,,,,,,,,117.2,250,117.8,1,117.9,5,,,,,,,,,,,,,,
2026-07-09T05:01:03.340441+00:00,2026-07-09T05:01:03.340567,1,3,116.95,0.5,116.7,150,,,,,,,,,,,,,,,,,,,117.2,150,117.8,1,117.9,5,,,,,,,,,,,,,,
2026-07-09T05:01:03.394861+00:00,2026-07-09T05:01:03.394802,2,3,116.95,0.5,116.7,150,116.6,100,,,,,,,,,,,,,,,,,117.2,150,117.8,1,117.9,5,,,,,,,,,,,,,,
2026-07-09T05:01:03.461206+00:00,2026-07-09T05:01:03.453986,2,3,116.9,0.4,116.7,150,116.6,100,,,,,,,,,,,,,,,,,117.1,79,117.2,150,117.9,5,,,,,,,,,,,,,,
2026-07-09T05:01:03.958572+00:00,2026-07-09T05:01:03.957561,2,2,116.9,0.4,116.7,150,116.6,100,,,,,,,,,,,,,,,,,117.1,79,117.2,150,,,,,,,,,,,,,,,,
2026-07-09T05:01:03.976870+00:00,2026-07-09T05:01:03.976826,2,4,116.9,0.4,116.7,150,116.6,100,,,,,,,,,,,,,,,,,117.1,79,117.2,150,117.7,1,117.8,5,,,,,,,,,,,,
2026-07-09T05:01:04.875080+00:00,2026-07-09T05:01:04.875216,2,4,116.9,0.4,116.7,100,116.6,100,,,,,,,,,,,,,,,,,117.1,79,117.2,150,117.7,1,117.8,5,,,,,,,,,,,,
2026-07-09T05:01:04.986693+00:00,2026-07-09T05:01:04.986621,2,3,116.9,0.4,116.7,100,116.6,100,,,,,,,,,,,,,,,,,117.1,79,117.2,150,117.7,1,,,,,,,,,,,,,,
2026-07-09T05:01:04.997300+00:00,2026-07-09T05:01:04.997130,2,3,116.9,0.4,116.7,100,116.6,100,,,,,,,,,,,,,,,,,117.1,79,117.2,150,117.7,6,,,,,,,,,,,,,,
2026-07-09T05:01:05.083594+00:00,2026-07-09T05:01:05.083492,2,4,116.9,0.4,116.7,100,116.6,100,,,,,,,,,,,,,,,,,117.1,79,117.2,150,117.6,1,117.7,5,,,,,,,,,,,,
2026-07-09T05:01:05.399437+00:00,2026-07-09T05:01:05.399655,1,3,116.85,0.5,116.6,100,,,,,,,,,,,,,,,,,,,117.1,79,117.6,1,117.7,5,,,,,,,,,,,,,,
2026-07-09T05:01:05.453743+00:00,2026-07-09T05:01:05.453634,2,3,116.85,0.5,116.6,100,116.4,150,,,,,,,,,,,,,,,,,117.1,79,117.6,1,117.7,5,,,,,,,,,,,,,,
2026-07-09T05:01:05.506248+00:00,2026-07-09T05:01:05.506426,2,4,116.75,0.3,116.6,100,116.4,150,,,,,,,,,,,,,,,,,116.9,150,117.1,79,117.6,1,117.7,5,,,,,,,,,,,,
2026-07-09T05:01:05.587373+00:00,2026-07-09T05:01:05.587265,2,3,116.75,0.3,116.6,100,116.4,150,,,,,,,,,,,,,,,,,116.9,150,117.1,79,117.7,5,,,,,,,,,,,,,,
2026-07-09T05:01:06.002218+00:00,2026-07-09T05:01:06.002161,2,2,116.75,0.3,116.6,100,116.4,150,,,,,,,,,,,,,,,,,116.9,150,117.1,79,,,,,,,,,,,,,,,,
2026-07-09T05:01:06.012500+00:00,2026-07-09T05:01:06.012627,2,3,116.75,0.3,116.6,100,116.4,150,,,,,,,,,,,,,,,,,116.9,150,117.1,79,117.7,5,,,,,,,,,,,,,,
2026-07-09T05:01:06.217565+00:00,2026-07-09T05:01:06.217670,2,4,116.75,0.3,116.6,100,116.4,150,,,,,,,,,,,,,,,,,116.9,150,117.1,79,117.6,1,117.7,5,,,,,,,,,,,,
2026-07-09T05:01:06.317780+00:00,2026-07-09T05:01:06.317938,2,3,116.75,0.3,116.6,100,116.4,150,,,,,,,,,,,,,,,,,116.9,150,117.1,79,117.7,5,,,,,,,,,,,,,,
2026-07-09T05:01:06.501426+00:00,2026-07-09T05:01:06.501404,1,2,116.65,0.5,116.4,150,,,,,,,,,,,,,,,,,,,116.9,150,117.7,5,,,,,,,,,,,,,,,,
2026-07-09T05:01:06.551419+00:00,2026-07-09T05:01:06.550848,2,2,116.7,0.4,116.5,100,116.4,150,,,,,,,,,,,,,,,,,116.9,150,117.7,5,,,,,,,,,,,,,,,,
2026-07-09T05:01:06.611637+00:00,2026-07-09T05:01:06.611505,2,3,116.7,0.4,116.5,100,116.4,150,,,,,,,,,,,,,,,,,116.9,150,117.0,100,117.7,5,,,,,,,,,,,,,,
2026-07-09T05:01:06.981416+00:00,2026-07-09T05:01:06.981302,2,3,116.7,0.4,116.5,50,116.4,150,,,,,,,,,,,,,,,,,116.9,150,117.0,100,117.7,5,,,,,,,,,,,,,,
2026-07-09T05:01:07.020293+00:00,2026-07-09T05:01:07.020204,2,2,116.7,0.4,116.5,50,116.4,150,,,,,,,,,,,,,,,,,116.9,150,117.0,100,,,,,,,,,,,,,,,,
2026-07-09T05:01:07.030719+00:00,2026-07-09T05:01:07.030599,2,3,116.7,0.4,116.5,50,116.4,150,,,,,,,,,,,,,,,,,116.9,150,117.0,100,117.7,5,,,,,,,,,,,,,,
2026-07-09T05:01:07.284417+00:00,2026-07-09T05:01:07.284291,2,4,116.7,0.4,116.5,50,116.4,150,,,,,,,,,,,,,,,,,116.9,150,117.0,100,117.6,1,117.7,5,,,,,,,,,,,,
2026-07-09T05:01:07.389979+00:00,2026-07-09T05:01:07.389886,2,3,116.7,0.4,116.5,50,116.4,150,,,,,,,,,,,,,,,,,116.9,150,117.0,100,117.7,5,,,,,,,,,,,,,,
2026-07-09T05:01:07.529408+00:00,2026-07-09T05:01:07.522250,2,3,116.7,0.4,116.5,50,116.4,150,,,,,,,,,,,,,,,,,116.9,127,117.0,100,117.7,5,,,,,,,,,,,,,,
2026-07-09T05:01:07.597349+00:00,2026-07-09T05:01:07.597197,2,3,116.7,0.4,116.5,50,116.4,150,,,,,,,,,,,,,,,,,116.9,107,117.0,100,117.7,5,,,,,,,,,,,,,,
2026-07-09T05:01:08.037591+00:00,2026-07-09T05:01:08.037489,2,2,116.7,0.4,116.5,50,116.4,150,,,,,,,,,,,,,,,,,116.9,107,117.0,100,,,,,,,,,,,,,,,,
2026-07-09T05:01:08.058583+00:00,2026-07-09T05:01:08.054266,2,3,116.7,0.4,116.5,50,116.4,150,,,,,,,,,,,,,,,,,116.9,107,117.0,100,117.9,5,,,,,,,,,,,,,,
2026-07-09T05:01:08.416287+00:00,2026-07-09T05:01:08.416151,2,4,116.7,0.4,116.5,50,116.4,150,,,,,,,,,,,,,,,,,116.9,107,117.0,100,117.8,1,117.9,5,,,,,,,,,,,,
2026-07-09T05:01:08.565106+00:00,2026-07-09T05:01:08.564971,1,3,116.75,0.5,116.5,50,,,,,,,,,,,,,,,,,,,117.0,100,117.8,1,117.9,5,,,,,,,,,,,,,,
2026-07-09T05:01:08.619552+00:00,2026-07-09T05:01:08.619724,2,3,116.85,0.3,116.7,150,116.5,50,,,,,,,,,,,,,,,,,117.0,100,117.8,1,117.9,5,,,,,,,,,,,,,,
2026-07-09T05:01:08.673293+00:00,2026-07-09T05:01:08.673227,2,4,116.85,0.3,116.7,150,116.5,50,,,,,,,,,,,,,,,,,117.0,100,117.2,150,117.8,1,117.9,5,,,,,,,,,,,,
2026-07-09T05:01:08.703072+00:00,2026-07-09T05:01:08.702988,2,4,116.85,0.3,116.7,150,116.5,50,,,,,,,,,,,,,,,,,117.0,58,117.2,150,117.8,1,117.9,5,,,,,,,,,,,,
2026-07-09T05:01:09.058642+00:00,2026-07-09T05:01:09.058532,2,3,116.85,0.3,116.7,150,116.5,50,,,,,,,,,,,,,,,,,117.0,58,117.2,150,117.8,1,,,,,,,,,,,,,,
2026-07-09T05:01:09.071494+00:00,2026-07-09T05:01:09.071407,2,3,116.85,0.3,116.7,150,116.5,50,,,,,,,,,,,,,,,,,117.0,58,117.2,150,117.8,6,,,,,,,,,,,,,,
2026-07-09T05:01:09.088592+00:00,2026-07-09T05:01:09.088757,2,3,116.85,0.3,116.7,100,116.5,50,,,,,,,,,,,,,,,,,117.0,58,117.2,150,117.8,6,,,,,,,,,,,,,,
2026-07-09T05:01:09.523057+00:00,2026-07-09T05:01:09.522897,2,4,116.85,0.3,116.7,100,116.5,50,,,,,,,,,,,,,,,,,117.0,58,117.2,150,117.7,1,117.8,5,,,,,,,,,,,,
2026-07-09T05:01:09.658653+00:00,2026-07-09T05:01:09.656855,1,3,116.95,0.5,116.7,100,,,,,,,,,,,,,,,,,,,117.2,150,117.7,1,117.8,5,,,,,,,,,,,,,,
2026-07-09T05:01:09.716180+00:00,2026-07-09T05:01:09.716264,2,3,116.95,0.5,116.7,100,116.5,100,,,,,,,,,,,,,,,,,117.2,150,117.7,1,117.8,5,,,,,,,,,,,,,,
2026-07-09T05:01:09.772478+00:00,2026-07-09T05:01:09.772565,2,4,116.85,0.3,116.7,100,116.5,100,,,,,,,,,,,,,,,,,117.0,100,117.2,150,117.7,1,117.8,5,,,,,,,,,,,,
2026-07-09T05:01:10.079843+00:00,2026-07-09T05:01:10.079756,2,3,116.85,0.3,116.7,100,116.5,100,,,,,,,,,,,,,,,,,117.0,100,117.2,150,117.7,1,,,,,,,,,,,,,,
2026-07-09T05:01:10.090252+00:00,2026-07-09T05:01:10.090145,2,4,116.85,0.3,116.7,100,116.5,100,,,,,,,,,,,,,,,,,117.0,100,117.2,150,117.7,1,117.8,5,,,,,,,,,,,,
2026-07-09T05:01:10.632719+00:00,2026-07-09T05:01:10.632598,2,4,116.85,0.3,116.7,100,116.5,100,,,,,,,,,,,,,,,,,117.0,100,117.2,150,117.7,1,117.8,5,,,,,,,,,,,,
2026-07-09T05:01:11.095257+00:00,2026-07-09T05:01:11.095185,2,3,116.85,0.3,116.7,100,116.5,100,,,,,,,,,,,,,,,,,117.0,100,117.2,150,117.7,1,,,,,,,,,,,,,,
2026-07-09T05:01:11.105604+00:00,2026-07-09T05:01:11.105564,2,4,116.85,0.3,116.7,100,116.5,100,,,,,,,,,,,,,,,,,117.0,100,117.2,150,117.7,1,117.8,5,,,,,,,,,,,,
2026-07-09T05:01:11.198620+00:00,2026-07-09T05:01:11.198498,2,4,116.85,0.3,116.7,50,116.5,100,,,,,,,,,,,,,,,,,117.0,100,117.2,150,117.7,1,117.8,5,,,,,,,,,,,,
2026-07-09T05:01:11.724299+00:00,2026-07-09T05:01:11.724401,2,3,116.85,0.3,116.7,50,116.5,100,,,,,,,,,,,,,,,,,117.0,100,117.7,1,117.8,5,,,,,,,,,,,,,,
2026-07-09T05:01:11.729692+00:00,2026-07-09T05:01:11.729591,1,3,116.75,0.5,116.5,100,,,,,,,,,,,,,,,,,,,117.0,100,117.7,1,117.8,5,,,,,,,,,,,,,,
2026-07-09T05:01:11.739889+00:00,2026-07-09T05:01:11.739981,1,2,116.75,0.5,116.5,100,,,,,,,,,,,,,,,,,,,117.0,100,117.8,5,,,,,,,,,,,,,,,,
2026-07-09T05:01:11.745244+00:00,2026-07-09T05:01:11.745177,1,3,116.75,0.5,116.5,100,,,,,,,,,,,,,,,,,,,117.0,100,117.6,1,117.8,5,,,,,,,,,,,,,,
2026-07-09T05:01:11.783446+00:00,2026-07-09T05:01:11.783316,2,3,116.75,0.5,116.5,100,116.1,150,,,,,,,,,,,,,,,,,117.0,100,117.6,1,117.8,5,,,,,,,,,,,,,,
2026-07-09T05:01:11.849935+00:00,2026-07-09T05:01:11.845625,2,3,116.55,0.1,116.5,100,116.1,150,,,,,,,,,,,,,,,,,116.6,128,117.0,100,117.8,5,,,,,,,,,,,,,,
2026-07-09T05:01:12.054977+00:00,2026-07-09T05:01:12.048284,2,3,116.55,0.1,116.5,100,116.1,150,,,,,,,,,,,,,,,,,116.6,117,117.0,100,117.8,5,,,,,,,,,,,,,,
2026-07-09T05:01:12.076008+00:00,2026-07-09T05:01:12.075853,2,3,116.55,0.1,116.5,100,116.1,150,,,,,,,,,,,,,,,,,116.6,107,117.0,100,117.8,5,,,,,,,,,,,,,,
2026-07-09T05:01:12.111072+00:00,2026-07-09T05:01:12.110938,2,2,116.55,0.1,116.5,100,116.1,150,,,,,,,,,,,,,,,,,116.6,107,117.0,100,,,,,,,,,,,,,,,,
2026-07-09T05:01:12.126711+00:00,2026-07-09T05:01:12.126620,2,3,116.55,0.1,116.5,100,116.1,150,,,,,,,,,,,,,,,,,116.6,107,117.0,100,117.8,5,,,,,,,,,,,,,,
2026-07-09T05:01:12.796214+00:00,2026-07-09T05:01:12.796176,2,4,116.55,0.1,116.5,100,116.1,150,,,,,,,,,,,,,,,,,116.6,107,117.0,100,117.7,1,117.8,5,,,,,,,,,,,,
2026-07-09T05:01:12.822286+00:00,2026-07-09T05:01:12.822146,2,3,116.55,0.1,116.5,100,116.1,150,,,,,,,,,,,,,,,,,116.6,107,117.7,1,117.8,5,,,,,,,,,,,,,,
2026-07-09T05:01:12.827449+00:00,2026-07-09T05:01:12.827350,1,3,116.35,0.5,116.1,150,,,,,,,,,,,,,,,,,,,116.6,107,117.7,1,117.8,5,,,,,,,,,,,,,,
2026-07-09T05:01:12.878893+00:00,2026-07-09T05:01:12.879025,2,3,116.55,0.1,116.5,100,116.1,150,,,,,,,,,,,,,,,,,116.6,107,117.7,1,117.8,5,,,,,,,,,,,,,,
2026-07-09T05:01:12.933694+00:00,2026-07-09T05:01:12.933632,2,4,116.55,0.1,116.5,100,116.1,150,,,,,,,,,,,,,,,,,116.6,107,117.0,100,117.7,1,117.8,5,,,,,,,,,,,,
2026-07-09T05:01:13.134882+00:00,2026-07-09T05:01:13.134759,2,3,116.55,0.1,116.5,100,116.1,150,,,,,,,,,,,,,,,,,116.6,107,117.0,100,117.7,1,,,,,,,,,,,,,,
2026-07-09T05:01:13.145219+00:00,2026-07-09T05:01:13.145131,2,4,116.55,0.1,116.5,100,116.1,150,,,,,,,,,,,,,,,,,116.6,107,117.0,100,117.7,1,117.8,5,,,,,,,,,,,,
2026-07-09T05:01:13.304197+00:00,2026-07-09T05:01:13.304127,2,4,116.55,0.1,116.5,50,116.1,150,,,,,,,,,,,,,,,,,116.6,107,117.0,100,117.7,1,117.8,5,,,,,,,,,,,,
2026-07-09T05:01:13.902317+00:00,2026-07-09T05:01:13.902240,2,4,116.55,0.1,116.5,50,116.1,150,,,,,,,,,,,,,,,,,116.6,107,117.0,100,117.7,1,117.8,5,,,,,,,,,,,,
2026-07-09T05:01:14.076312+00:00,2026-07-09T05:01:14.069193,2,4,116.55,0.1,116.5,50,116.1,150,,,,,,,,,,,,,,,,,116.6,96,117.0,100,117.7,1,117.8,5,,,,,,,,,,,,
2026-07-09T05:01:14.109740+00:00,2026-07-09T05:01:14.109918,2,3,116.55,0.1,116.5,50,116.1,150,,,,,,,,,,,,,,,,,116.6,96,117.0,100,117.8,5,,,,,,,,,,,,,,
2026-07-09T05:01:14.115317+00:00,2026-07-09T05:01:14.115227,2,3,116.55,0.1,116.5,50,116.1,150,,,,,,,,,,,,,,,,,116.6,86,117.0,100,117.8,5,,,,,,,,,,,,,,
2026-07-09T05:01:14.154643+00:00,2026-07-09T05:01:14.154504,2,2,116.55,0.1,116.5,50,116.1,150,,,,,,,,,,,,,,,,,116.6,86,117.0,100,,,,,,,,,,,,,,,,
2026-07-09T05:01:14.159888+00:00,2026-07-09T05:01:14.159774,2,3,116.55,0.1,116.5,50,116.1,150,,,,,,,,,,,,,,,,,116.6,86,117.0,100,117.9,5,,,,,,,,,,,,,,
2026-07-09T05:01:14.468648+00:00,2026-07-09T05:01:14.462518,2,3,116.55,0.1,116.5,50,116.1,150,,,,,,,,,,,,,,,,,116.6,74,117.0,100,117.9,5,,,,,,,,,,,,,,
2026-07-09T05:01:14.526561+00:00,2026-07-09T05:01:14.526475,2,3,116.55,0.1,116.5,50,116.1,150,,,,,,,,,,,,,,,,,116.6,64,117.0,100,117.9,5,,,,,,,,,,,,,,
2026-07-09T05:01:14.896159+00:00,2026-07-09T05:01:14.896067,1,2,116.75,0.5,116.5,50,,,,,,,,,,,,,,,,,,,117.0,100,117.9,5,,,,,,,,,,,,,,,,
2026-07-09T05:01:14.950879+00:00,2026-07-09T05:01:14.950990,2,2,116.85,0.3,116.7,150,116.5,50,,,,,,,,,,,,,,,,,117.0,100,117.9,5,,,,,,,,,,,,,,,,
2026-07-09T05:01:15.003427+00:00,2026-07-09T05:01:15.003366,2,3,116.85,0.3,116.7,150,116.5,50,,,,,,,,,,,,,,,,,117.0,100,117.2,150,117.9,5,,,,,,,,,,,,,,
2026-07-09T05:01:15.058670+00:00,2026-07-09T05:01:15.055717,2,4,116.85,0.3,116.7,150,116.5,50,,,,,,,,,,,,,,,,,117.0,100,117.2,150,117.8,1,117.9,5,,,,,,,,,,,,
2026-07-09T05:01:15.172685+00:00,2026-07-09T05:01:15.172566,2,3,116.85,0.3,116.7,150,116.5,50,,,,,,,,,,,,,,,,,117.0,100,117.2,150,117.8,1,,,,,,,,,,,,,,
2026-07-09T05:01:15.183201+00:00,2026-07-09T05:01:15.183036,2,4,116.85,0.3,116.7,150,116.5,50,,,,,,,,,,,,,,,,,117.0,100,117.2,150,117.8,1,118.0,5,,,,,,,,,,,,
2026-07-09T05:01:15.296931+00:00,2026-07-09T05:01:15.296809,2,4,116.85,0.3,116.7,150,116.5,50,,,,,,,,,,,,,,,,,117.0,52,117.2,150,117.8,1,118.0,5,,,,,,,,,,,,
2026-07-09T05:01:15.358715+00:00,2026-07-09T05:01:15.357669,2,4,116.85,0.3,116.7,150,116.5,50,,,,,,,,,,,,,,,,,117.0,2,117.2,150,117.8,1,118.0,5,,,,,,,,,,,,
2026-07-09T05:01:15.992000+00:00,2026-07-09T05:01:15.991937,1,3,116.95,0.5,116.7,150,,,,,,,,,,,,,,,,,,,117.2,150,117.8,1,118.0,5,,,,,,,,,,,,,,
2026-07-09T05:01:16.047915+00:00,2026-07-09T05:01:16.048075,2,3,117.0,0.4,116.8,100,116.7,150,,,,,,,,,,,,,,,,,117.2,150,117.8,1,118.0,5,,,,,,,,,,,,,,
2026-07-09T05:01:16.061543+00:00,2026-07-09T05:01:16.055883,2,2,117.0,0.4,116.8,88,116.7,150,,,,,,,,,,,,,,,,,117.2,150,118.0,5,,,,,,,,,,,,,,,,
2026-07-09T05:01:16.077339+00:00,2026-07-09T05:01:16.077120,2,2,117.0,0.4,116.8,78,116.7,150,,,,,,,,,,,,,,,,,117.2,150,118.0,5,,,,,,,,,,,,,,,,
2026-07-09T05:01:16.101026+00:00,2026-07-09T05:01:16.100987,2,3,117.0,0.4,116.8,78,116.7,150,,,,,,,,,,,,,,,,,117.2,150,117.3,100,118.0,5,,,,,,,,,,,,,,
2026-07-09T05:01:16.186364+00:00,2026-07-09T05:01:16.186209,2,4,117.0,0.4,116.8,78,116.7,150,,,,,,,,,,,,,,,,,117.2,150,117.3,100,117.8,1,118.0,5,,,,,,,,,,,,
2026-07-09T05:01:16.191547+00:00,2026-07-09T05:01:16.191430,2,3,117.0,0.4,116.8,78,116.7,150,,,,,,,,,,,,,,,,,117.2,150,117.3,100,117.8,1,,,,,,,,,,,,,,
2026-07-09T05:01:16.196758+00:00,2026-07-09T05:01:16.196686,2,4,117.0,0.4,116.8,78,116.7,150,,,,,,,,,,,,,,,,,117.2,150,117.3,100,117.8,1,118.0,5,,,,,,,,,,,,
2026-07-09T05:01:16.290276+00:00,2026-07-09T05:01:16.290228,2,3,117.0,0.4,116.8,78,116.7,150,,,,,,,,,,,,,,,,,117.2,150,117.3,100,118.0,5,,,,,,,,,,,,,,
2026-07-09T05:01:17.204256+00:00,2026-07-09T05:01:17.204175,2,2,117.0,0.4,116.8,78,116.7,150,,,,,,,,,,,,,,,,,117.2,150,117.3,100,,,,,,,,,,,,,,,,
2026-07-09T05:01:17.214789+00:00,2026-07-09T05:01:17.214713,2,3,117.0,0.4,116.8,78,116.7,150,,,,,,,,,,,,,,,,,117.2,150,117.3,100,117.9,5,,,,,,,,,,,,,,
2026-07-09T05:01:17.317847+00:00,2026-07-09T05:01:17.317744,2,4,117.0,0.4,116.8,78,116.7,150,,,,,,,,,,,,,,,,,117.2,150,117.3,100,117.8,1,117.9,5,,,,,,,,,,,,
2026-07-09T05:01:17.421570+00:00,2026-07-09T05:01:17.421495,2,3,117.0,0.4,116.8,78,116.7,150,,,,,,,,,,,,,,,,,117.2,150,117.3,100,117.9,5,,,,,,,,,,,,,,
2026-07-09T05:01:18.067268+00:00,2026-07-09T05:01:18.067151,1,2,117.05,0.5,116.8,78,,,,,,,,,,,,,,,,,,,117.3,100,117.9,5,,,,,,,,,,,,,,,,
2026-07-09T05:01:18.125006+00:00,2026-07-09T05:01:18.125098,2,2,117.05,0.5,116.8,78,116.7,150,,,,,,,,,,,,,,,,,117.3,100,117.9,5,,,,,,,,,,,,,,,,
2026-07-09T05:01:18.175420+00:00,2026-07-09T05:01:18.175382,2,3,117.0,0.4,116.8,78,116.7,150,,,,,,,,,,,,,,,,,117.2,150,117.3,100,117.9,5,,,,,,,,,,,,,,
2026-07-09T05:01:18.219122+00:00,2026-07-09T05:01:18.219337,2,2,117.0,0.4,116.8,78,116.7,150,,,,,,,,,,,,,,,,,117.2,150,117.3,100,,,,,,,,,,,,,,,,
2026-07-09T05:01:18.235169+00:00,2026-07-09T05:01:18.235050,2,3,117.0,0.4,116.8,78,116.7,150,,,,,,,,,,,,,,,,,117.2,150,117.3,100,118.0,5,,,,,,,,,,,,,,
2026-07-09T05:01:18.383117+00:00,2026-07-09T05:01:18.383277,2,4,117.0,0.4,116.8,78,116.7,150,,,,,,,,,,,,,,,,,117.2,150,117.3,100,117.8,1,118.0,5,,,,,,,,,,,,
2026-07-09T05:01:18.487835+00:00,2026-07-09T05:01:18.487738,2,3,117.0,0.4,116.8,78,116.7,150,,,,,,,,,,,,,,,,,117.2,150,117.3,100,118.0,5,,,,,,,,,,,,,,
2026-07-09T05:01:19.152045+00:00,2026-07-09T05:01:19.151962,2,2,117.0,0.4,116.8,78,116.7,150,,,,,,,,,,,,,,,,,117.2,150,118.0,5,,,,,,,,,,,,,,,,
2026-07-09T05:01:19.158576+00:00,2026-07-09T05:01:19.157164,1,2,116.95,0.5,116.7,150,,,,,,,,,,,,,,,,,,,117.2,150,118.0,5,,,,,,,,,,,,,,,,
2026-07-09T05:01:19.211060+00:00,2026-07-09T05:01:19.210993,2,2,117.0,0.4,116.8,100,116.7,150,,,,,,,,,,,,,,,,,117.2,150,118.0,5,,,,,,,,,,,,,,,,
2026-07-09T05:01:19.274470+00:00,2026-07-09T05:01:19.274410,2,2,117.0,0.4,116.8,100,116.7,150,,,,,,,,,,,,,,,,,117.2,150,117.3,100,,,,,,,,,,,,,,,,
2026-07-09T05:01:19.300653+00:00,2026-07-09T05:01:19.300521,2,3,117.0,0.4,116.8,100,116.7,150,,,,,,,,,,,,,,,,,117.2,150,117.3,100,118.0,5,,,,,,,,,,,,,,
2026-07-09T05:01:19.340304+00:00,2026-07-09T05:01:19.327244,2,3,117.0,0.4,116.8,79,116.7,150,,,,,,,,,,,,,,,,,117.2,150,117.3,100,118.0,5,,,,,,,,,,,,,,
2026-07-09T05:01:19.447991+00:00,2026-07-09T05:01:19.447899,2,4,117.0,0.4,116.8,79,116.7,150,,,,,,,,,,,,,,,,,117.2,150,117.3,100,117.7,1,118.0,5,,,,,,,,,,,,
2026-07-09T05:01:19.558631+00:00,2026-07-09T05:01:19.552595,2,3,117.0,0.4,116.8,79,116.7,150,,,,,,,,,,,,,,,,,117.2,150,117.3,100,118.0,5,,,,,,,,,,,,,,
2026-07-09T05:01:20.309356+00:00,2026-07-09T05:01:20.309333,2,2,117.0,0.4,116.8,79,116.7,150,,,,,,,,,,,,,,,,,117.2,150,117.3,100,,,,,,,,,,,,,,,,
2026-07-09T05:01:20.319604+00:00,2026-07-09T05:01:20.319711,2,3,117.0,0.4,116.8,79,116.7,150,,,,,,,,,,,,,,,,,117.2,150,117.3,100,117.8,5,,,,,,,,,,,,,,
2026-07-09T05:01:20.578761+00:00,2026-07-09T05:01:20.578661,2,4,117.0,0.4,116.8,79,116.7,150,,,,,,,,,,,,,,,,,117.2,150,117.3,100,117.7,1,117.8,5,,,,,,,,,,,,
2026-07-09T05:01:20.994700+00:00,2026-07-09T05:01:20.994928,2,4,117.0,0.4,116.8,36,116.7,150,,,,,,,,,,,,,,,,,117.2,150,117.3,100,117.7,1,117.8,5,,,,,,,,,,,,
2026-07-09T05:01:21.231324+00:00,2026-07-09T05:01:21.231219,2,3,117.05,0.5,116.8,36,116.7,150,,,,,,,,,,,,,,,,,117.3,100,117.7,1,117.8,5,,,,,,,,,,,,,,
2026-07-09T05:01:21.236575+00:00,2026-07-09T05:01:21.236430,1,3,117.05,0.5,116.8,36,,,,,,,,,,,,,,,,,,,117.3,100,117.7,1,117.8,5,,,,,,,,,,,,,,
2026-07-09T05:01:21.289576+00:00,2026-07-09T05:01:21.289509,1,3,117.05,0.5,116.8,186,,,,,,,,,,,,,,,,,,,117.3,100,117.7,1,117.8,5,,,,,,,,,,,,,,
2026-07-09T05:01:21.325438+00:00,2026-07-09T05:01:21.325320,1,2,117.05,0.5,116.8,186,,,,,,,,,,,,,,,,,,,117.3,100,117.7,1,,,,,,,,,,,,,,,,
2026-07-09T05:01:21.335740+00:00,2026-07-09T05:01:21.335888,1,3,117.05,0.5,116.8,186,,,,,,,,,,,,,,,,,,,117.3,100,117.7,1,118.0,5,,,,,,,,,,,,,,
2026-07-09T05:01:21.341170+00:00,2026-07-09T05:01:21.341096,1,3,117.05,0.5,116.8,186,,,,,,,,,,,,,,,,,,,117.3,250,117.7,1,118.0,5,,,,,,,,,,,,,,
2026-07-09T05:01:21.678985+00:00,2026-07-09T05:01:21.678873,1,3,117.05,0.5,116.8,186,,,,,,,,,,,,,,,,,,,117.3,200,117.7,1,118.0,5,,,,,,,,,,,,,,
2026-07-09T05:01:21.715767+00:00,2026-07-09T05:01:21.715658,1,3,117.05,0.5,116.8,186,,,,,,,,,,,,,,,,,,,117.3,200,117.9,1,118.0,5,,,,,,,,,,,,,,
2026-07-09T05:01:22.321482+00:00,2026-07-09T05:01:22.321691,1,3,117.05,0.5,116.8,150,,,,,,,,,,,,,,,,,,,117.3,150,117.9,1,118.0,5,,,,,,,,,,,,,,
2026-07-09T05:01:22.342593+00:00,2026-07-09T05:01:22.342469,1,2,117.05,0.5,116.8,150,,,,,,,,,,,,,,,,,,,117.3,150,117.9,1,,,,,,,,,,,,,,,,
2026-07-09T05:01:22.347849+00:00,2026-07-09T05:01:22.347686,1,3,117.05,0.5,116.8,150,,,,,,,,,,,,,,,,,,,117.3,150,117.9,1,118.1,5,,,,,,,,,,,,,,
2026-07-09T05:01:22.380054+00:00,2026-07-09T05:01:22.379987,2,3,117.1,0.4,116.9,100,116.8,150,,,,,,,,,,,,,,,,,117.3,150,117.9,1,118.1,5,,,,,,,,,,,,,,
2026-07-09T05:01:22.434569+00:00,2026-07-09T05:01:22.434418,2,4,117.1,0.4,116.9,100,116.8,150,,,,,,,,,,,,,,,,,117.3,150,117.4,100,117.9,1,118.1,5,,,,,,,,,,,,
2026-07-09T05:01:22.827492+00:00,2026-07-09T05:01:22.827416,2,4,117.1,0.4,116.9,100,116.8,150,,,,,,,,,,,,,,,,,117.3,150,117.4,100,118.0,1,118.1,5,,,,,,,,,,,,
2026-07-09T05:01:23.285690+00:00,2026-07-09T05:01:23.278867,2,4,117.1,0.4,116.9,89,116.8,150,,,,,,,,,,,,,,,,,117.3,150,117.4,100,118.0,1,118.1,5,,,,,,,,,,,,
2026-07-09T05:01:23.333323+00:00,2026-07-09T05:01:23.333213,2,3,117.1,0.4,116.9,89,116.8,150,,,,,,,,,,,,,,,,,117.3,150,117.4,100,118.1,5,,,,,,,,,,,,,,
2026-07-09T05:01:23.343774+00:00,2026-07-09T05:01:23.343711,2,3,117.1,0.4,116.9,79,116.8,150,,,,,,,,,,,,,,,,,117.3,150,117.4,100,118.1,5,,,,,,,,,,,,,,
2026-07-09T05:01:23.359506+00:00,2026-07-09T05:01:23.359413,2,2,117.1,0.4,116.9,79,116.8,150,,,,,,,,,,,,,,,,,117.3,150,117.4,100,,,,,,,,,,,,,,,,
2026-07-09T05:01:23.364693+00:00,2026-07-09T05:01:23.364623,2,3,117.1,0.4,116.9,79,116.8,150,,,,,,,,,,,,,,,,,117.3,150,117.4,100,117.8,5,,,,,,,,,,,,,,
2026-07-09T05:01:23.787357+00:00,2026-07-09T05:01:23.787297,2,3,117.1,0.4,116.9,79,116.8,150,,,,,,,,,,,,,,,,,117.3,100,117.4,100,117.8,5,,,,,,,,,,,,,,
2026-07-09T05:01:23.958617+00:00,2026-07-09T05:01:23.953510,2,4,117.1,0.4,116.9,79,116.8,150,,,,,,,,,,,,,,,,,117.3,100,117.4,100,117.7,1,117.8,5,,,,,,,,,,,,
2026-07-09T05:01:24.020707+00:00,2026-07-09T05:01:24.020625,2,4,117.1,0.4,116.9,79,116.8,150,,,,,,,,,,,,,,,,,117.3,52,117.4,100,117.7,1,117.8,5,,,,,,,,,,,,
2026-07-09T05:01:24.377704+00:00,2026-07-09T05:01:24.377658,2,3,117.1,0.4,116.9,79,116.8,150,,,,,,,,,,,,,,,,,117.3,52,117.4,100,117.7,1,,,,,,,,,,,,,,
2026-07-09T05:01:24.383017+00:00,2026-07-09T05:01:24.382901,2,4,117.1,0.4,116.9,79,116.8,150,,,,,,,,,,,,,,,,,117.3,52,117.4,100,117.7,1,117.8,5,,,,,,,,,,,,
2026-07-09T05:01:24.393198+00:00,2026-07-09T05:01:24.393359,1,3,117.15,0.5,116.9,79,,,,,,,,,,,,,,,,,,,117.4,100,117.7,1,117.8,5,,,,,,,,,,,,,,
2026-07-09T05:01:24.460302+00:00,2026-07-09T05:01:24.455969,2,2,117.2,0.4,117.0,138,116.9,79,,,,,,,,,,,,,,,,,117.4,100,117.8,5,,,,,,,,,,,,,,,,
2026-07-09T05:01:24.476097+00:00,2026-07-09T05:01:24.475841,2,2,117.2,0.4,117.0,128,116.9,79,,,,,,,,,,,,,,,,,117.4,100,117.8,5,,,,,,,,,,,,,,,,
2026-07-09T05:01:24.501913+00:00,2026-07-09T05:01:24.501829,2,3,117.2,0.4,117.0,128,116.9,79,,,,,,,,,,,,,,,,,117.4,100,117.5,150,117.8,5,,,,,,,,,,,,,,
2026-07-09T05:01:25.084017+00:00,2026-07-09T05:01:25.083892,2,4,117.2,0.4,117.0,128,116.9,79,,,,,,,,,,,,,,,,,117.4,100,117.5,150,117.8,5,117.9,1,,,,,,,,,,,,
2026-07-09T05:01:25.195721+00:00,2026-07-09T05:01:25.195590,2,4,117.2,0.4,117.0,84,116.9,79,,,,,,,,,,,,,,,,,117.4,100,117.5,150,117.8,5,117.9,1,,,,,,,,,,,,
2026-07-09T05:01:25.396080+00:00,2026-07-09T05:01:25.396057,2,3,117.2,0.4,117.0,84,116.9,79,,,,,,,,,,,,,,,,,117.4,100,117.5,150,117.9,1,,,,,,,,,,,,,,
2026-07-09T05:01:25.406348+00:00,2026-07-09T05:01:25.406511,2,4,117.2,0.4,117.0,84,116.9,79,,,,,,,,,,,,,,,,,117.4,100,117.5,150,117.9,1,118.1,5,,,,,,,,,,,,
2026-07-09T05:01:25.490431+00:00,2026-07-09T05:01:25.490345,1,3,117.25,0.5,117.0,84,,,,,,,,,,,,,,,,,,,117.5,150,117.9,1,118.1,5,,,,,,,,,,,,,,
2026-07-09T05:01:25.545918+00:00,2026-07-09T05:01:25.545847,2,3,117.25,0.5,117.0,84,116.8,100,,,,,,,,,,,,,,,,,117.5,150,117.9,1,118.1,5,,,,,,,,,,,,,,
2026-07-09T05:01:25.599944+00:00,2026-07-09T05:01:25.599845,2,4,117.15,0.3,117.0,84,116.8,100,,,,,,,,,,,,,,,,,117.3,100,117.5,150,117.9,1,118.1,5,,,,,,,,,,,,
2026-07-09T05:01:25.901103+00:00,2026-07-09T05:01:25.901007,2,4,117.15,0.3,117.0,84,116.8,100,,,,,,,,,,,,,,,,,117.3,50,117.5,150,117.9,1,118.1,5,,,,,,,,,,,,
2026-07-09T05:01:26.190184+00:00,2026-07-09T05:01:26.190100,2,4,117.15,0.3,117.0,84,116.8,100,,,,,,,,,,,,,,,,,117.3,50,117.5,150,117.9,1,118.1,5,,,,,,,,,,,,
2026-07-09T05:01:26.415256+00:00,2026-07-09T05:01:26.415222,2,3,117.15,0.3,117.0,84,116.8,100,,,,,,,,,,,,,,,,,117.3,50,117.5,150,117.9,1,,,,,,,,,,,,,,
2026-07-09T05:01:26.425710+00:00,2026-07-09T05:01:26.425594,2,4,117.15,0.3,117.0,84,116.8,100,,,,,,,,,,,,,,,,,117.3,50,117.5,150,117.9,1,118.0,5,,,,,,,,,,,,
2026-07-09T05:01:26.923562+00:00,2026-07-09T05:01:26.923500,2,4,117.15,0.3,117.0,40,116.8,100,,,,,,,,,,,,,,,,,117.3,50,117.5,150,117.9,1,118.0,5,,,,,,,,,,,,
2026-07-09T05:01:27.310855+00:00,2026-07-09T05:01:27.310726,2,3,117.15,0.3,117.0,40,116.8,100,,,,,,,,,,,,,,,,,117.3,50,117.5,150,118.0,5,,,,,,,,,,,,,,
2026-07-09T05:01:27.337080+00:00,2026-07-09T05:01:27.336901,2,4,117.15,0.3,117.0,40,116.8,100,,,,,,,,,,,,,,,,,117.3,50,117.5,150,117.9,1,118.0,5,,,,,,,,,,,,
2026-07-09T05:01:27.432819+00:00,2026-07-09T05:01:27.432741,2,3,117.15,0.3,117.0,40,116.8,100,,,,,,,,,,,,,,,,,117.3,50,117.5,150,117.9,1,,,,,,,,,,,,,,
2026-07-09T05:01:27.443188+00:00,2026-07-09T05:01:27.443082,2,4,117.15,0.3,117.0,40,116.8,100,,,,,,,,,,,,,,,,,117.3,50,117.5,150,117.9,1,118.0,5,,,,,,,,,,,,
2026-07-09T05:01:27.559507+00:00,2026-07-09T05:01:27.559440,1,3,117.05,0.5,116.8,100,,,,,,,,,,,,,,,,,,,117.3,50,117.9,1,118.0,5,,,,,,,,,,,,,,
2026-07-09T05:01:27.615537+00:00,2026-07-09T05:01:27.615487,2,3,117.05,0.5,116.8,100,116.7,150,,,,,,,,,,,,,,,,,117.3,50,117.9,1,118.0,5,,,,,,,,,,,,,,
2026-07-09T05:01:27.663891+00:00,2026-07-09T05:01:27.663835,2,4,117.0,0.4,116.8,100,116.7,150,,,,,,,,,,,,,,,,,117.2,150,117.3,50,117.9,1,118.0,5,,,,,,,,,,,,
2026-07-09T05:01:28.028650+00:00,2026-07-09T05:01:28.028444,2,4,117.0,0.4,116.8,100,116.7,150,,,,,,,,,,,,,,,,,117.2,100,117.3,50,117.9,1,118.0,5,,,,,,,,,,,,
2026-07-09T05:01:28.440324+00:00,2026-07-09T05:01:28.440267,2,3,117.0,0.4,116.8,100,116.7,150,,,,,,,,,,,,,,,,,117.2,100,117.3,50,118.0,5,,,,,,,,,,,,,,
2026-07-09T05:01:28.445524+00:00,2026-07-09T05:01:28.445441,2,4,117.0,0.4,116.8,100,116.7,150,,,,,,,,,,,,,,,,,117.2,100,117.3,50,117.9,1,118.0,5,,,,,,,,,,,,
2026-07-09T05:01:28.450728+00:00,2026-07-09T05:01:28.450673,2,3,117.0,0.4,116.8,100,116.7,150,,,,,,,,,,,,,,,,,117.2,100,117.3,50,117.9,1,,,,,,,,,,,,,,
2026-07-09T05:01:28.458574+00:00,2026-07-09T05:01:28.455918,2,4,117.0,0.4,116.8,100,116.7,150,,,,,,,,,,,,,,,,,117.2,100,117.3,50,117.9,1,118.0,5,,,,,,,,,,,,
2026-07-09T05:01:28.580640+00:00,2026-07-09T05:01:28.580518,2,4,117.0,0.4,116.8,100,116.7,150,,,,,,,,,,,,,,,,,117.2,55,117.3,50,117.9,1,118.0,5,,,,,,,,,,,,
2026-07-09T05:01:28.658733+00:00,2026-07-09T05:01:28.658651,2,3,117.0,0.4,116.8,100,116.7,150,,,,,,,,,,,,,,,,,117.2,55,117.9,1,118.0,5,,,,,,,,,,,,,,
2026-07-09T05:01:28.663969+00:00,2026-07-09T05:01:28.663823,1,3,116.95,0.5,116.7,150,,,,,,,,,,,,,,,,,,,117.2,55,117.9,1,118.0,5,,,,,,,,,,,,,,
2026-07-09T05:01:28.708324+00:00,2026-07-09T05:01:28.708283,1,3,116.95,0.5,116.7,250,,,,,,,,,,,,,,,,,,,117.2,55,117.9,1,118.0,5,,,,,,,,,,,,,,
2026-07-09T05:01:28.758645+00:00,2026-07-09T05:01:28.756390,1,3,116.95,0.5,116.7,250,,,,,,,,,,,,,,,,,,,117.2,155,117.9,1,118.0,5,,,,,,,,,,,,,,
2026-07-09T05:01:29.469631+00:00,2026-07-09T05:01:29.469578,1,2,116.95,0.5,116.7,250,,,,,,,,,,,,,,,,,,,117.2,155,117.9,1,,,,,,,,,,,,,,,,
2026-07-09T05:01:29.474821+00:00,2026-07-09T05:01:29.474772,1,3,116.95,0.5,116.7,250,,,,,,,,,,,,,,,,,,,117.2,155,117.8,5,117.9,1,,,,,,,,,,,,,,
2026-07-09T05:01:29.581142+00:00,2026-07-09T05:01:29.580908,1,2,116.95,0.5,116.7,250,,,,,,,,,,,,,,,,,,,117.2,155,117.8,5,,,,,,,,,,,,,,,,
2026-07-09T05:01:29.591352+00:00,2026-07-09T05:01:29.591436,1,3,116.95,0.5,116.7,250,,,,,,,,,,,,,,,,,,,117.2,155,117.7,1,117.8,5,,,,,,,,,,,,,,
2026-07-09T05:01:30.134060+00:00,2026-07-09T05:01:30.133955,1,3,116.95,0.5,116.7,250,,,,,,,,,,,,,,,,,,,117.2,105,117.7,1,117.8,5,,,,,,,,,,,,,,
2026-07-09T05:01:30.483265+00:00,2026-07-09T05:01:30.483210,1,2,116.95,0.5,116.7,250,,,,,,,,,,,,,,,,,,,117.2,105,117.7,1,,,,,,,,,,,,,,,,
2026-07-09T05:01:30.488282+00:00,2026-07-09T05:01:30.488415,1,3,116.95,0.5,116.7,250,,,,,,,,,,,,,,,,,,,117.2,105,117.7,1,117.8,5,,,,,,,,,,,,,,
2026-07-09T05:01:30.699992+00:00,2026-07-09T05:01:30.699923,1,3,116.95,0.5,116.7,250,,,,,,,,,,,,,,,,,,,117.2,105,117.7,1,117.8,5,,,,,,,,,,,,,,
2026-07-09T05:01:30.721499+00:00,2026-07-09T05:01:30.721414,1,3,116.95,0.5,116.7,250,,,,,,,,,,,,,,,,,,,117.2,100,117.7,1,117.8,5,,,,,,,,,,,,,,
2026-07-09T05:01:30.726700+00:00,2026-07-09T05:01:30.726629,1,3,116.95,0.5,116.7,100,,,,,,,,,,,,,,,,,,,117.2,100,117.7,1,117.8,5,,,,,,,,,,,,,,
2026-07-09T05:01:30.843415+00:00,2026-07-09T05:01:30.834554,2,3,117.15,0.1,117.1,139,116.7,100,,,,,,,,,,,,,,,,,117.2,55,117.7,1,117.8,5,,,,,,,,,,,,,,
2026-07-09T05:01:30.880009+00:00,2026-07-09T05:01:30.879844,2,4,117.15,0.1,117.1,139,116.7,100,,,,,,,,,,,,,,,,,117.2,55,117.6,150,117.7,1,117.8,5,,,,,,,,,,,,
2026-07-09T05:01:30.904785+00:00,2026-07-09T05:01:30.904695,2,3,117.15,0.1,117.1,139,116.7,100,,,,,,,,,,,,,,,,,117.2,55,117.6,150,117.8,5,,,,,,,,,,,,,,
2026-07-09T05:01:30.909828+00:00,2026-07-09T05:01:30.909918,2,3,117.15,0.1,117.1,129,116.7,100,,,,,,,,,,,,,,,,,117.2,55,117.6,150,117.8,5,,,,,,,,,,,,,,
2026-07-09T05:01:31.497293+00:00,2026-07-09T05:01:31.497213,2,2,117.15,0.1,117.1,129,116.7,100,,,,,,,,,,,,,,,,,117.2,55,117.6,150,,,,,,,,,,,,,,,,
2026-07-09T05:01:31.507685+00:00,2026-07-09T05:01:31.507650,2,3,117.15,0.1,117.1,129,116.7,100,,,,,,,,,,,,,,,,,117.2,55,117.6,150,117.9,5,,,,,,,,,,,,,,
2026-07-09T05:01:31.816790+00:00,2026-07-09T05:01:31.816703,1,2,117.35,0.5,117.1,129,,,,,,,,,,,,,,,,,,,117.6,150,117.9,5,,,,,,,,,,,,,,,,
2026-07-09T05:01:31.821905+00:00,2026-07-09T05:01:31.821876,1,3,117.35,0.5,117.1,129,,,,,,,,,,,,,,,,,,,117.6,150,117.8,1,117.9,5,,,,,,,,,,,,,,
2026-07-09T05:01:31.869486+00:00,2026-07-09T05:01:31.869359,2,3,117.35,0.5,117.1,129,116.9,100,,,,,,,,,,,,,,,,,117.6,150,117.8,1,117.9,5,,,,,,,,,,,,,,
2026-07-09T05:01:31.925010+00:00,2026-07-09T05:01:31.924847,2,4,117.25,0.3,117.1,129,116.9,100,,,,,,,,,,,,,,,,,117.4,100,117.6,150,117.8,1,117.9,5,,,,,,,,,,,,
2026-07-09T05:01:32.244450+00:00,2026-07-09T05:01:32.244339,2,4,117.25,0.3,117.1,129,116.9,100,,,,,,,,,,,,,,,,,117.4,50,117.6,150,117.8,1,117.9,5,,,,,,,,,,,,
2026-07-09T05:01:32.514506+00:00,2026-07-09T05:01:32.514404,2,3,117.25,0.3,117.1,129,116.9,100,,,,,,,,,,,,,,,,,117.4,50,117.6,150,117.8,1,,,,,,,,,,,,,,
2026-07-09T05:01:32.524792+00:00,2026-07-09T05:01:32.524768,2,3,117.25,0.3,117.1,129,116.9,100,,,,,,,,,,,,,,,,,117.4,50,117.6,150,117.8,6,,,,,,,,,,,,,,
2026-07-09T05:01:32.930354+00:00,2026-07-09T05:01:32.930249,2,4,117.25,0.3,117.1,129,116.9,100,,,,,,,,,,,,,,,,,117.4,50,117.6,150,117.7,1,117.8,5,,,,,,,,,,,,
2026-07-09T05:01:33.532226+00:00,2026-07-09T05:01:33.532106,2,3,117.25,0.3,117.1,129,116.9,100,,,,,,,,,,,,,,,,,117.4,50,117.6,150,117.7,1,,,,,,,,,,,,,,
2026-07-09T05:01:33.542460+00:00,2026-07-09T05:01:33.542431,2,4,117.25,0.3,117.1,129,116.9,100,,,,,,,,,,,,,,,,,117.4,50,117.6,150,117.7,1,117.8,5,,,,,,,,,,,,
2026-07-09T05:01:33.934677+00:00,2026-07-09T05:01:33.934550,1,3,117.15,0.5,116.9,100,,,,,,,,,,,,,,,,,,,117.4,50,117.7,1,117.8,5,,,,,,,,,,,,,,
2026-07-09T05:01:33.991504+00:00,2026-07-09T05:01:33.991361,2,3,117.25,0.3,117.1,150,116.9,100,,,,,,,,,,,,,,,,,117.4,50,117.7,1,117.8,5,,,,,,,,,,,,,,
2026-07-09T05:01:34.040142+00:00,2026-07-09T05:01:34.040118,2,2,117.25,0.3,117.1,150,116.9,100,,,,,,,,,,,,,,,,,117.4,50,117.8,6,,,,,,,,,,,,,,,,
2026-07-09T05:01:34.045203+00:00,2026-07-09T05:01:34.045311,2,3,117.25,0.3,117.1,150,116.9,100,,,,,,,,,,,,,,,,,117.4,50,117.6,150,117.8,6,,,,,,,,,,,,,,
2026-07-09T05:01:34.358632+00:00,2026-07-09T05:01:34.354057,2,2,117.35,0.5,117.1,150,116.9,100,,,,,,,,,,,,,,,,,117.6,150,117.8,6,,,,,,,,,,,,,,,,
2026-07-09T05:01:34.550018+00:00,2026-07-09T05:01:34.550139,2,2,117.35,0.5,117.1,150,116.9,100,,,,,,,,,,,,,,,,,117.6,150,117.8,1,,,,,,,,,,,,,,,,
2026-07-09T05:01:34.558593+00:00,2026-07-09T05:01:34.555446,2,3,117.35,0.5,117.1,150,116.9,100,,,,,,,,,,,,,,,,,117.6,150,117.8,1,117.9,5,,,,,,,,,,,,,,
2026-07-09T05:01:34.979723+00:00,2026-07-09T05:01:34.979823,1,3,117.35,0.5,117.1,150,,,,,,,,,,,,,,,,,,,117.6,150,117.8,1,117.9,5,,,,,,,,,,,,,,
2026-07-09T05:01:35.030849+00:00,2026-07-09T05:01:35.030796,2,3,117.4,0.4,117.2,100,117.1,150,,,,,,,,,,,,,,,,,117.6,150,117.8,1,117.9,5,,,,,,,,,,,,,,
2026-07-09T05:01:35.091786+00:00,2026-07-09T05:01:35.083844,2,4,117.4,0.4,117.2,88,117.1,150,,,,,,,,,,,,,,,,,117.6,150,117.7,100,117.8,1,117.9,5,,,,,,,,,,,,
2026-07-09T05:01:35.147260+00:00,2026-07-09T05:01:35.147165,2,3,117.4,0.4,117.2,88,117.1,150,,,,,,,,,,,,,,,,,117.6,150,117.7,100,117.9,5,,,,,,,,,,,,,,
2026-07-09T05:01:35.157835+00:00,2026-07-09T05:01:35.157631,2,3,117.4,0.4,117.2,78,117.1,150,,,,,,,,,,,,,,,,,117.6,150,117.7,100,117.9,5,,,,,,,,,,,,,,
2026-07-09T05:01:35.162758+00:00,2026-07-09T05:01:35.162850,2,3,117.4,0.4,117.2,78,117.1,150,,,,,,,,,,,,,,,,,117.6,150,117.7,100,117.9,6,,,,,,,,,,,,,,
2026-07-09T05:01:35.270698+00:00,2026-07-09T05:01:35.270592,2,3,117.4,0.4,117.2,78,117.1,150,,,,,,,,,,,,,,,,,117.6,140,117.7,100,117.9,5,,,,,,,,,,,,,,
2026-07-09T05:01:35.429828+00:00,2026-07-09T05:01:35.429749,2,3,117.4,0.4,117.2,30,117.1,150,,,,,,,,,,,,,,,,,117.6,140,117.7,100,117.9,5,,,,,,,,,,,,,,
2026-07-09T05:01:35.569806+00:00,2026-07-09T05:01:35.569973,2,2,117.4,0.4,117.2,30,117.1,150,,,,,,,,,,,,,,,,,117.6,140,117.7,100,,,,,,,,,,,,,,,,
2026-07-09T05:01:35.580429+00:00,2026-07-09T05:01:35.580334,2,3,117.4,0.4,117.2,30,117.1,150,,,,,,,,,,,,,,,,,117.6,140,117.7,100,118.0,5,,,,,,,,,,,,,,
2026-07-09T05:01:36.279973+00:00,2026-07-09T05:01:36.279924,2,4,117.4,0.4,117.2,30,117.1,150,,,,,,,,,,,,,,,,,117.6,140,117.7,100,117.9,1,118.0,5,,,,,,,,,,,,
2026-07-09T05:01:36.486863+00:00,2026-07-09T05:01:36.487005,2,4,117.4,0.4,117.2,30,117.1,150,,,,,,,,,,,,,,,,,117.6,90,117.7,100,117.9,1,118.0,5,,,,,,,,,,,,
2026-07-09T05:01:36.492255+00:00,2026-07-09T05:01:36.492218,2,4,117.4,0.4,117.2,30,117.1,150,,,,,,,,,,,,,,,,,117.6,50,117.7,100,117.9,1,118.0,5,,,,,,,,,,,,
2026-07-09T05:01:36.585070+00:00,2026-07-09T05:01:36.585018,2,3,117.4,0.4,117.2,30,117.1,150,,,,,,,,,,,,,,,,,117.6,50,117.7,100,117.9,1,,,,,,,,,,,,,,
2026-07-09T05:01:36.590376+00:00,2026-07-09T05:01:36.590261,2,4,117.4,0.4,117.2,30,117.1,150,,,,,,,,,,,,,,,,,117.6,50,117.7,100,117.9,1,118.0,5,,,,,,,,,,,,
2026-07-09T05:01:37.099362+00:00,2026-07-09T05:01:37.099819,1,3,117.45,0.5,117.2,30,,,,,,,,,,,,,,,,,,,117.7,100,117.9,1,118.0,5,,,,,,,,,,,,,,
2026-07-09T05:01:37.154945+00:00,2026-07-09T05:01:37.155083,2,3,117.65,0.1,117.6,150,117.2,30,,,,,,,,,,,,,,,,,117.7,100,117.9,1,118.0,5,,,,,,,,,,,,,,
2026-07-09T05:01:37.173909+00:00,2026-07-09T05:01:37.164644,2,3,117.65,0.1,117.6,136,117.2,30,,,,,,,,,,,,,,,,,117.7,100,117.9,1,118.0,5,,,,,,,,,,,,,,
2026-07-09T05:01:37.189173+00:00,2026-07-09T05:01:37.189329,2,2,117.65,0.1,117.6,136,117.2,30,,,,,,,,,,,,,,,,,117.7,100,118.0,5,,,,,,,,,,,,,,,,
2026-07-09T05:01:37.194459+00:00,2026-07-09T05:01:37.194555,2,2,117.65,0.1,117.6,111,117.2,30,,,,,,,,,,,,,,,,,117.7,100,118.0,5,,,,,,,,,,,,,,,,
2026-07-09T05:01:37.205060+00:00,2026-07-09T05:01:37.204954,2,3,117.65,0.1,117.6,111,117.2,30,,,,,,,,,,,,,,,,,117.7,100,118.0,5,118.1,150,,,,,,,,,,,,,,
2026-07-09T05:01:37.305944+00:00,2026-07-09T05:01:37.306034,2,3,117.65,0.1,117.6,96,117.2,30,,,,,,,,,,,,,,,,,117.7,100,118.0,5,118.1,150,,,,,,,,,,,,,,
2026-07-09T05:01:37.470118+00:00,2026-07-09T05:01:37.470030,2,4,117.65,0.1,117.6,50,117.2,30,,,,,,,,,,,,,,,,,117.7,100,117.8,1,118.0,5,118.1,150,,,,,,,,,,,,
2026-07-09T05:01:37.599485+00:00,2026-07-09T05:01:37.599423,2,3,117.65,0.1,117.6,50,117.2,30,,,,,,,,,,,,,,,,,117.7,100,117.8,1,118.1,150,,,,,,,,,,,,,,
2026-07-09T05:01:37.609890+00:00,2026-07-09T05:01:37.609792,2,4,117.65,0.1,117.6,50,117.2,30,,,,,,,,,,,,,,,,,117.7,100,117.8,1,118.0,5,118.1,150,,,,,,,,,,,,
2026-07-09T05:01:38.148271+00:00,2026-07-09T05:01:38.148387,1,3,117.7,0.2,117.6,50,,,,,,,,,,,,,,,,,,,117.8,1,118.0,5,118.1,150,,,,,,,,,,,,,,
2026-07-09T05:01:38.201667+00:00,2026-07-09T05:01:38.201586,2,3,117.7,0.2,117.6,50,117.1,100,,,,,,,,,,,,,,,,,117.8,1,118.0,5,118.1,150,,,,,,,,,,,,,,
2026-07-09T05:01:38.258665+00:00,2026-07-09T05:01:38.251321,1,4,117.35,0.5,117.1,100,,,,,,,,,,,,,,,,,,,117.6,50,117.8,1,118.0,5,118.1,150,,,,,,,,,,,,
2026-07-09T05:01:38.453703+00:00,2026-07-09T05:01:38.453935,1,4,117.35,0.5,117.1,100,,,,,,,,,,,,,,,,,,,117.6,8,117.8,1,118.0,5,118.1,150,,,,,,,,,,,,
2026-07-09T05:01:38.580790+00:00,2026-07-09T05:01:38.580734,1,4,117.35,0.5,117.1,100,,,,,,,,,,,,,,,,,,,117.6,8,117.9,1,118.0,5,118.1,150,,,,,,,,,,,,
2026-07-09T05:01:38.614442+00:00,2026-07-09T05:01:38.614402,1,3,117.35,0.5,117.1,100,,,,,,,,,,,,,,,,,,,117.6,8,117.9,1,118.1,150,,,,,,,,,,,,,,
2026-07-09T05:01:38.624852+00:00,2026-07-09T05:01:38.624773,1,4,117.35,0.5,117.1,100,,,,,,,,,,,,,,,,,,,117.6,8,117.9,1,118.0,5,118.1,150,,,,,,,,,,,,
2026-07-09T05:01:38.674229+00:00,2026-07-09T05:01:38.674077,1,4,117.35,0.5,117.1,50,,,,,,,,,,,,,,,,,,,117.6,8,117.9,1,118.0,5,118.1,150,,,,,,,,,,,,
2026-07-09T05:01:39.633290+00:00,2026-07-09T05:01:39.633386,1,3,117.35,0.5,117.1,50,,,,,,,,,,,,,,,,,,,117.6,8,117.9,1,118.1,150,,,,,,,,,,,,,,
2026-07-09T05:01:39.638672+00:00,2026-07-09T05:01:39.638607,1,4,117.35,0.5,117.1,50,,,,,,,,,,,,,,,,,,,117.6,8,117.9,1,118.0,5,118.1,150,,,,,,,,,,,,
2026-07-09T05:01:39.691563+00:00,2026-07-09T05:01:39.691522,1,4,117.35,0.5,117.1,50,,,,,,,,,,,,,,,,,,,117.6,8,117.9,1,118.0,5,118.1,150,,,,,,,,,,,,
2026-07-09T05:01:40.258576+00:00,2026-07-09T05:01:40.257062,1,3,117.35,0.5,117.1,50,,,,,,,,,,,,,,,,,,,117.6,8,117.9,1,118.0,5,,,,,,,,,,,,,,
2026-07-09T05:01:40.319959+00:00,2026-07-09T05:01:40.319873,2,3,117.35,0.5,117.1,50,117.0,150,,,,,,,,,,,,,,,,,117.6,8,117.9,1,118.0,5,,,,,,,,,,,,,,
2026-07-09T05:01:40.372193+00:00,2026-07-09T05:01:40.372075,2,4,117.3,0.4,117.1,50,117.0,150,,,,,,,,,,,,,,,,,117.5,150,117.6,8,117.9,1,118.0,5,,,,,,,,,,,,
2026-07-09T05:01:40.398183+00:00,2026-07-09T05:01:40.398097,2,3,117.3,0.4,117.1,50,117.0,150,,,,,,,,,,,,,,,,,117.5,150,117.6,8,118.0,5,,,,,,,,,,,,,,
2026-07-09T05:01:40.647089+00:00,2026-07-09T05:01:40.647022,2,2,117.3,0.4,117.1,50,117.0,150,,,,,,,,,,,,,,,,,117.5,150,117.6,8,,,,,,,,,,,,,,,,
2026-07-09T05:01:40.652277+00:00,2026-07-09T05:01:40.652235,2,3,117.3,0.4,117.1,50,117.0,150,,,,,,,,,,,,,,,,,117.5,150,117.6,8,118.0,5,,,,,,,,,,,,,,
2026-07-09T05:01:40.658640+00:00,2026-07-09T05:01:40.657488,2,3,117.3,0.4,117.1,9,117.0,150,,,,,,,,,,,,,,,,,117.5,150,117.6,8,118.0,5,,,,,,,,,,,,,,
2026-07-09T05:01:40.808561+00:00,2026-07-09T05:01:40.808470,2,4,117.3,0.4,117.1,9,117.0,150,,,,,,,,,,,,,,,,,117.5,150,117.6,8,117.9,1,118.0,5,,,,,,,,,,,,
2026-07-09T05:01:40.913857+00:00,2026-07-09T05:01:40.913780,2,3,117.3,0.4,117.1,9,117.0,150,,,,,,,,,,,,,,,,,117.5,150,117.6,8,118.0,5,,,,,,,,,,,,,,
2026-07-09T05:01:41.273887+00:00,2026-07-09T05:01:41.274095,1,3,117.25,0.5,117.0,116,,,,,,,,,,,,,,,,,,,117.5,150,117.6,8,118.0,5,,,,,,,,,,,,,,
2026-07-09T05:01:41.319984+00:00,2026-07-09T05:01:41.319870,1,2,117.25,0.5,117.0,116,,,,,,,,,,,,,,,,,,,117.5,150,118.0,5,,,,,,,,,,,,,,,,
2026-07-09T05:01:41.371637+00:00,2026-07-09T05:01:41.371523,2,2,117.3,0.4,117.1,100,117.0,116,,,,,,,,,,,,,,,,,117.5,150,118.0,5,,,,,,,,,,,,,,,,
2026-07-09T05:01:41.427559+00:00,2026-07-09T05:01:41.427490,2,3,117.3,0.4,117.1,100,117.0,116,,,,,,,,,,,,,,,,,117.5,150,117.6,100,118.0,5,,,,,,,,,,,,,,
2026-07-09T05:01:41.696140+00:00,2026-07-09T05:01:41.695939,2,2,117.3,0.4,117.1,100,117.0,116,,,,,,,,,,,,,,,,,117.5,150,117.6,100,,,,,,,,,,,,,,,,
2026-07-09T05:01:41.716879+00:00,2026-07-09T05:01:41.716792,2,3,117.3,0.4,117.1,100,117.0,116,,,,,,,,,,,,,,,,,117.5,150,117.6,100,118.0,5,,,,,,,,,,,,,,
2026-07-09T05:01:41.948434+00:00,2026-07-09T05:01:41.948378,2,4,117.3,0.4,117.1,100,117.0,116,,,,,,,,,,,,,,,,,117.5,150,117.6,100,117.9,1,118.0,5,,,,,,,,,,,,
2026-07-09T05:01:42.052281+00:00,2026-07-09T05:01:42.052200,2,3,117.3,0.4,117.1,100,117.0,116,,,,,,,,,,,,,,,,,117.5,150,117.6,100,118.0,5,,,,,,,,,,,,,,
2026-07-09T05:01:42.395783+00:00,2026-07-09T05:01:42.395670,2,3,117.3,0.4,117.1,100,117.0,116,,,,,,,,,,,,,,,,,117.5,140,117.6,100,118.0,5,,,,,,,,,,,,,,
2026-07-09T05:01:42.723133+00:00,2026-07-09T05:01:42.722997,2,2,117.3,0.4,117.1,100,117.0,116,,,,,,,,,,,,,,,,,117.5,140,117.6,100,,,,,,,,,,,,,,,,
2026-07-09T05:01:42.733614+00:00,2026-07-09T05:01:42.733551,2,3,117.3,0.4,117.1,100,117.0,116,,,,,,,,,,,,,,,,,117.5,140,117.6,100,118.0,5,,,,,,,,,,,,,,
