recv_time,book_timestamp,n_bids,n_asks,mid,spread,bid_px_0,bid_vol_0,bid_px_1,bid_vol_1,bid_px_2,bid_vol_2,bid_px_3,bid_vol_3,bid_px_4,bid_vol_4,bid_px_5,bid_vol_5,bid_px_6,bid_vol_6,bid_px_7,bid_vol_7,bid_px_8,bid_vol_8,bid_px_9,bid_vol_9,ask_px_0,ask_vol_0,ask_px_1,ask_vol_1,ask_px_2,ask_vol_2,ask_px_3,ask_vol_3,ask_px_4,ask_vol_4,ask_px_5,ask_vol_5,ask_px_6,ask_vol_6,ask_px_7,ask_vol_7,ask_px_8,ask_vol_8,ask_px_9,ask_vol_9
2026-07-04T00:00:00.362089+00:00,2026-07-04T00:00:00.355427,2,2,134.25,0.3,134.1,100,133.9,150,,,,,,,,,,,,,,,,,134.4,55,134.6,100,,,,,,,,,,,,,,,,
2026-07-04T00:00:00.402426+00:00,2026-07-04T00:00:00.398592,2,2,134.25,0.3,134.1,100,133.9,150,,,,,,,,,,,,,,,,,134.4,5,134.6,100,,,,,,,,,,,,,,,,
2026-07-04T00:00:01.875822+00:00,2026-07-04T00:00:01.875708,1,1,134.35,0.5,134.1,100,,,,,,,,,,,,,,,,,,,134.6,100,,,,,,,,,,,,,,,,,,
2026-07-04T00:00:01.929496+00:00,2026-07-04T00:00:01.929581,2,1,134.55,0.1,134.5,150,134.1,100,,,,,,,,,,,,,,,,,134.6,100,,,,,,,,,,,,,,,,,,
2026-07-04T00:00:01.983928+00:00,2026-07-04T00:00:01.983803,2,2,134.55,0.1,134.5,150,134.1,100,,,,,,,,,,,,,,,,,134.6,100,135.0,150,,,,,,,,,,,,,,,,
2026-07-04T00:00:02.513603+00:00,2026-07-04T00:00:02.513735,2,2,134.55,0.1,134.5,150,134.1,100,,,,,,,,,,,,,,,,,134.6,50,135.0,150,,,,,,,,,,,,,,,,
2026-07-04T00:00:02.959372+00:00,2026-07-04T00:00:02.959334,2,1,134.75,0.5,134.5,150,134.1,100,,,,,,,,,,,,,,,,,135.0,150,,,,,,,,,,,,,,,,,,
2026-07-04T00:00:02.964412+00:00,2026-07-04T00:00:02.964503,1,1,134.75,0.5,134.5,150,,,,,,,,,,,,,,,,,,,135.0,150,,,,,,,,,,,,,,,,,,
2026-07-04T00:00:03.021026+00:00,2026-07-04T00:00:03.020932,1,1,134.75,0.5,134.5,250,,,,,,,,,,,,,,,,,,,135.0,150,,,,,,,,,,,,,,,,,,
2026-07-04T00:00:03.074451+00:00,2026-07-04T00:00:03.074307,1,1,134.75,0.5,134.5,250,,,,,,,,,,,,,,,,,,,135.0,250,,,,,,,,,,,,,,,,,,
2026-07-04T00:00:04.622551+00:00,2026-07-04T00:00:04.622429,1,1,134.75,0.5,134.5,250,,,,,,,,,,,,,,,,,,,135.0,200,,,,,,,,,,,,,,,,,,
2026-07-04T00:00:05.037049+00:00,2026-07-04T00:00:05.036986,1,1,134.75,0.5,134.5,100,,,,,,,,,,,,,,,,,,,135.0,100,,,,,,,,,,,,,,,,,,
2026-07-04T00:00:05.109809+00:00,2026-07-04T00:00:05.095941,2,1,134.9,0.2,134.8,138,134.5,100,,,,,,,,,,,,,,,,,135.0,100,,,,,,,,,,,,,,,,,,
2026-07-04T00:00:05.144991+00:00,2026-07-04T00:00:05.144880,2,2,134.9,0.2,134.8,138,134.5,100,,,,,,,,,,,,,,,,,135.0,100,135.3,150,,,,,,,,,,,,,,,,
2026-07-04T00:00:06.126509+00:00,2026-07-04T00:00:06.126389,1,1,135.05,0.5,134.8,138,,,,,,,,,,,,,,,,,,,135.3,150,,,,,,,,,,,,,,,,,,
2026-07-04T00:00:06.182194+00:00,2026-07-04T00:00:06.182116,2,1,135.05,0.5,134.8,138,134.5,100,,,,,,,,,,,,,,,,,135.3,150,,,,,,,,,,,,,,,,,,
2026-07-04T00:00:06.236064+00:00,2026-07-04T00:00:06.236006,2,2,134.9,0.2,134.8,138,134.5,100,,,,,,,,,,,,,,,,,135.0,100,135.3,150,,,,,,,,,,,,,,,,
2026-07-04T00:00:06.781507+00:00,2026-07-04T00:00:06.781427,2,2,134.9,0.2,134.8,88,134.5,100,,,,,,,,,,,,,,,,,135.0,100,135.3,150,,,,,,,,,,,,,,,,
2026-07-04T00:00:08.199453+00:00,2026-07-04T00:00:08.199749,1,1,134.75,0.5,134.5,100,,,,,,,,,,,,,,,,,,,135.0,100,,,,,,,,,,,,,,,,,,
2026-07-04T00:00:08.264054+00:00,2026-07-04T00:00:08.263902,2,1,134.85,0.3,134.7,150,134.5,100,,,,,,,,,,,,,,,,,135.0,100,,,,,,,,,,,,,,,,,,
2026-07-04T00:00:08.308186+00:00,2026-07-04T00:00:08.308115,2,2,134.85,0.3,134.7,150,134.5,100,,,,,,,,,,,,,,,,,135.0,100,135.2,150,,,,,,,,,,,,,,,,
2026-07-04T00:00:08.827716+00:00,2026-07-04T00:00:08.827642,2,2,134.85,0.3,134.7,108,134.5,100,,,,,,,,,,,,,,,,,135.0,100,135.2,150,,,,,,,,,,,,,,,,
2026-07-04T00:00:08.894186+00:00,2026-07-04T00:00:08.894123,2,2,134.85,0.3,134.7,58,134.5,100,,,,,,,,,,,,,,,,,135.0,100,135.2,150,,,,,,,,,,,,,,,,
2026-07-04T00:00:09.285221+00:00,2026-07-04T00:00:09.285137,2,1,134.95,0.5,134.7,58,134.5,100,,,,,,,,,,,,,,,,,135.2,150,,,,,,,,,,,,,,,,,,
2026-07-04T00:00:09.290337+00:00,2026-07-04T00:00:09.290288,1,1,134.95,0.5,134.7,58,,,,,,,,,,,,,,,,,,,135.2,150,,,,,,,,,,,,,,,,,,
2026-07-04T00:00:09.344187+00:00,2026-07-04T00:00:09.344100,2,1,134.95,0.5,134.7,58,134.5,100,,,,,,,,,,,,,,,,,135.2,150,,,,,,,,,,,,,,,,,,
2026-07-04T00:00:09.392597+00:00,2026-07-04T00:00:09.392480,2,2,134.85,0.3,134.7,58,134.5,100,,,,,,,,,,,,,,,,,135.0,100,135.2,150,,,,,,,,,,,,,,,,
2026-07-04T00:00:11.008042+00:00,2026-07-04T00:00:11.007932,2,2,134.85,0.3,134.7,8,134.5,100,,,,,,,,,,,,,,,,,135.0,100,135.2,150,,,,,,,,,,,,,,,,
2026-07-04T00:00:11.358648+00:00,2026-07-04T00:00:11.356505,1,1,134.75,0.5,134.5,100,,,,,,,,,,,,,,,,,,,135.0,100,,,,,,,,,,,,,,,,,,
2026-07-04T00:00:11.431094+00:00,2026-07-04T00:00:11.420193,2,1,134.75,0.5,134.5,100,134.2,150,,,,,,,,,,,,,,,,,135.0,100,,,,,,,,,,,,,,,,,,
2026-07-04T00:00:11.487499+00:00,2026-07-04T00:00:11.483393,2,2,134.6,0.2,134.5,52,134.2,150,,,,,,,,,,,,,,,,,134.7,138,135.0,100,,,,,,,,,,,,,,,,
2026-07-04T00:00:12.446725+00:00,2026-07-04T00:00:12.446671,2,1,134.6,0.2,134.5,52,134.2,150,,,,,,,,,,,,,,,,,134.7,138,,,,,,,,,,,,,,,,,,
2026-07-04T00:00:12.458643+00:00,2026-07-04T00:00:12.451836,1,1,134.45,0.5,134.2,150,,,,,,,,,,,,,,,,,,,134.7,138,,,,,,,,,,,,,,,,,,
2026-07-04T00:00:12.499708+00:00,2026-07-04T00:00:12.499659,2,1,134.6,0.2,134.5,100,134.2,150,,,,,,,,,,,,,,,,,134.7,138,,,,,,,,,,,,,,,,,,
2026-07-04T00:00:12.552950+00:00,2026-07-04T00:00:12.552922,2,2,134.6,0.2,134.5,100,134.2,150,,,,,,,,,,,,,,,,,134.7,138,135.0,100,,,,,,,,,,,,,,,,
2026-07-04T00:00:13.115283+00:00,2026-07-04T00:00:13.115132,2,2,134.6,0.2,134.5,50,134.2,150,,,,,,,,,,,,,,,,,134.7,138,135.0,100,,,,,,,,,,,,,,,,
2026-07-04T00:00:14.273073+00:00,2026-07-04T00:00:14.272995,2,2,134.6,0.2,134.5,7,134.2,150,,,,,,,,,,,,,,,,,134.7,138,135.0,100,,,,,,,,,,,,,,,,
2026-07-04T00:00:14.538148+00:00,2026-07-04T00:00:14.538115,1,1,134.75,0.5,134.5,7,,,,,,,,,,,,,,,,,,,135.0,100,,,,,,,,,,,,,,,,,,
2026-07-04T00:00:14.595246+00:00,2026-07-04T00:00:14.595162,2,1,134.75,0.5,134.5,7,134.1,150,,,,,,,,,,,,,,,,,135.0,100,,,,,,,,,,,,,,,,,,
2026-07-04T00:00:14.647508+00:00,2026-07-04T00:00:14.647394,1,2,134.3,0.4,134.1,150,,,,,,,,,,,,,,,,,,,134.5,143,135.0,100,,,,,,,,,,,,,,,,
2026-07-04T00:00:15.221776+00:00,2026-07-04T00:00:15.221649,1,2,134.3,0.4,134.1,100,,,,,,,,,,,,,,,,,,,134.5,143,135.0,100,,,,,,,,,,,,,,,,
2026-07-04T00:00:15.607972+00:00,2026-07-04T00:00:15.607851,1,1,134.3,0.4,134.1,100,,,,,,,,,,,,,,,,,,,134.5,143,,,,,,,,,,,,,,,,,,
2026-07-04T00:00:15.663823+00:00,2026-07-04T00:00:15.663726,2,1,134.3,0.4,134.1,100,134.0,100,,,,,,,,,,,,,,,,,134.5,143,,,,,,,,,,,,,,,,,,
2026-07-04T00:00:15.719771+00:00,2026-07-04T00:00:15.719708,2,1,134.3,0.4,134.1,100,134.0,100,,,,,,,,,,,,,,,,,134.5,243,,,,,,,,,,,,,,,,,,
2026-07-04T00:00:17.329078+00:00,2026-07-04T00:00:17.328944,2,1,134.3,0.4,134.1,50,134.0,100,,,,,,,,,,,,,,,,,134.5,243,,,,,,,,,,,,,,,,,,
2026-07-04T00:00:17.703441+00:00,2026-07-04T00:00:17.703378,1,1,134.25,0.5,134.0,100,,,,,,,,,,,,,,,,,,,134.5,100,,,,,,,,,,,,,,,,,,
2026-07-04T00:00:17.758604+00:00,2026-07-04T00:00:17.754401,2,1,134.25,0.5,134.0,100,133.7,150,,,,,,,,,,,,,,,,,134.5,100,,,,,,,,,,,,,,,,,,
2026-07-04T00:00:17.811028+00:00,2026-07-04T00:00:17.811146,2,2,134.1,0.2,134.0,100,133.7,150,,,,,,,,,,,,,,,,,134.2,150,134.5,100,,,,,,,,,,,,,,,,
2026-07-04T00:00:17.820344+00:00,2026-07-04T00:00:17.814867,2,2,134.1,0.2,134.0,100,133.7,150,,,,,,,,,,,,,,,,,134.2,136,134.5,100,,,,,,,,,,,,,,,,
2026-07-04T00:00:17.947986+00:00,2026-07-04T00:00:17.947914,2,2,134.1,0.2,134.0,100,133.7,150,,,,,,,,,,,,,,,,,134.2,90,134.5,100,,,,,,,,,,,,,,,,
2026-07-04T00:00:18.775043+00:00,2026-07-04T00:00:18.774978,1,1,133.95,0.5,133.7,150,,,,,,,,,,,,,,,,,,,134.2,90,,,,,,,,,,,,,,,,,,
2026-07-04T00:00:18.828142+00:00,2026-07-04T00:00:18.828102,2,1,134.15,0.1,134.1,100,133.7,150,,,,,,,,,,,,,,,,,134.2,90,,,,,,,,,,,,,,,,,,
2026-07-04T00:00:18.879900+00:00,2026-07-04T00:00:18.879815,2,2,134.15,0.1,134.1,100,133.7,150,,,,,,,,,,,,,,,,,134.2,90,134.6,100,,,,,,,,,,,,,,,,
2026-07-04T00:00:18.919785+00:00,2026-07-04T00:00:18.919709,2,2,134.15,0.1,134.1,100,133.7,150,,,,,,,,,,,,,,,,,134.2,50,134.6,100,,,,,,,,,,,,,,,,
2026-07-04T00:00:19.410009+00:00,2026-07-04T00:00:19.409953,2,2,134.15,0.1,134.1,100,133.7,150,,,,,,,,,,,,,,,,,134.2,6,134.6,100,,,,,,,,,,,,,,,,
2026-07-04T00:00:19.438910+00:00,2026-07-04T00:00:19.438799,2,2,134.15,0.1,134.1,50,133.7,150,,,,,,,,,,,,,,,,,134.2,6,134.6,100,,,,,,,,,,,,,,,,
2026-07-04T00:00:19.972513+00:00,2026-07-04T00:00:19.972715,2,2,134.15,0.1,134.1,7,133.7,150,,,,,,,,,,,,,,,,,134.2,6,134.6,100,,,,,,,,,,,,,,,,
2026-07-04T00:00:20.865078+00:00,2026-07-04T00:00:20.864967,1,1,134.35,0.5,134.1,7,,,,,,,,,,,,,,,,,,,134.6,100,,,,,,,,,,,,,,,,,,
2026-07-04T00:00:20.915108+00:00,2026-07-04T00:00:20.915056,2,1,134.4,0.4,134.2,150,134.1,7,,,,,,,,,,,,,,,,,134.6,100,,,,,,,,,,,,,,,,,,
2026-07-04T00:00:20.970991+00:00,2026-07-04T00:00:20.970939,2,2,134.4,0.4,134.2,150,134.1,7,,,,,,,,,,,,,,,,,134.6,100,134.7,150,,,,,,,,,,,,,,,,
2026-07-04T00:00:21.933296+00:00,2026-07-04T00:00:21.933473,1,1,134.45,0.5,134.2,150,,,,,,,,,,,,,,,,,,,134.7,150,,,,,,,,,,,,,,,,,,
2026-07-04T00:00:21.987550+00:00,2026-07-04T00:00:21.987703,2,1,134.45,0.5,134.2,150,133.9,100,,,,,,,,,,,,,,,,,134.7,150,,,,,,,,,,,,,,,,,,
2026-07-04T00:00:22.037097+00:00,2026-07-04T00:00:22.036992,2,2,134.3,0.2,134.2,150,133.9,100,,,,,,,,,,,,,,,,,134.4,100,134.7,150,,,,,,,,,,,,,,,,
2026-07-04T00:00:23.602604+00:00,2026-07-04T00:00:23.602570,2,2,134.3,0.2,134.2,150,133.9,100,,,,,,,,,,,,,,,,,134.4,50,134.7,150,,,,,,,,,,,,,,,,
2026-07-04T00:00:24.025228+00:00,2026-07-04T00:00:24.025178,1,1,134.15,0.5,133.9,100,,,,,,,,,,,,,,,,,,,134.4,50,,,,,,,,,,,,,,,,,,
2026-07-04T00:00:24.074038+00:00,2026-07-04T00:00:24.073980,2,1,134.35,0.1,134.3,150,133.9,100,,,,,,,,,,,,,,,,,134.4,50,,,,,,,,,,,,,,,,,,
2026-07-04T00:00:24.127466+00:00,2026-07-04T00:00:24.127398,2,2,134.35,0.1,134.3,150,133.9,100,,,,,,,,,,,,,,,,,134.4,50,134.8,150,,,,,,,,,,,,,,,,
2026-07-04T00:00:25.093831+00:00,2026-07-04T00:00:25.093728,1,1,134.55,0.5,134.3,150,,,,,,,,,,,,,,,,,,,134.8,150,,,,,,,,,,,,,,,,,,
2026-07-04T00:00:25.148083+00:00,2026-07-04T00:00:25.147972,2,1,134.55,0.5,134.3,150,133.9,100,,,,,,,,,,,,,,,,,134.8,150,,,,,,,,,,,,,,,,,,
2026-07-04T00:00:25.168834+00:00,2026-07-04T00:00:25.168974,2,1,134.55,0.5,134.3,105,133.9,100,,,,,,,,,,,,,,,,,134.8,150,,,,,,,,,,,,,,,,,,
2026-07-04T00:00:25.201516+00:00,2026-07-04T00:00:25.201397,2,2,134.35,0.1,134.3,105,133.9,100,,,,,,,,,,,,,,,,,134.4,100,134.8,150,,,,,,,,,,,,,,,,
2026-07-04T00:00:25.711651+00:00,2026-07-04T00:00:25.711519,2,2,134.35,0.1,134.3,105,133.9,100,,,,,,,,,,,,,,,,,134.4,50,134.8,150,,,,,,,,,,,,,,,,
2026-07-04T00:00:27.190274+00:00,2026-07-04T00:00:27.190089,1,1,134.15,0.5,133.9,100,,,,,,,,,,,,,,,,,,,134.4,50,,,,,,,,,,,,,,,,,,
2026-07-04T00:00:27.216404+00:00,2026-07-04T00:00:27.216260,1,1,134.15,0.5,133.9,100,,,,,,,,,,,,,,,,,,,134.4,7,,,,,,,,,,,,,,,,,,
2026-07-04T00:00:27.240760+00:00,2026-07-04T00:00:27.240597,2,1,134.3,0.2,134.2,150,133.9,100,,,,,,,,,,,,,,,,,134.4,7,,,,,,,,,,,,,,,,,,
2026-07-04T00:00:27.288346+00:00,2026-07-04T00:00:27.288230,2,2,134.3,0.2,134.2,150,133.9,100,,,,,,,,,,,,,,,,,134.4,7,134.7,150,,,,,,,,,,,,,,,,
2026-07-04T00:00:27.821678+00:00,2026-07-04T00:00:27.821600,2,1,134.45,0.5,134.2,150,133.9,100,,,,,,,,,,,,,,,,,134.7,61,,,,,,,,,,,,,,,,,,
2026-07-04T00:00:28.258589+00:00,2026-07-04T00:00:28.255918,1,1,134.45,0.5,134.2,150,,,,,,,,,,,,,,,,,,,134.7,61,,,,,,,,,,,,,,,,,,
2026-07-04T00:00:28.307599+00:00,2026-07-04T00:00:28.307486,2,1,134.55,0.3,134.4,100,134.2,150,,,,,,,,,,,,,,,,,134.7,61,,,,,,,,,,,,,,,,,,
2026-07-04T00:00:28.374680+00:00,2026-07-04T00:00:28.374557,2,2,134.55,0.3,134.4,100,134.2,150,,,,,,,,,,,,,,,,,134.7,61,134.9,100,,,,,,,,,,,,,,,,
2026-07-04T00:00:29.926985+00:00,2026-07-04T00:00:29.926763,2,2,134.55,0.3,134.4,100,134.2,150,,,,,,,,,,,,,,,,,134.7,11,134.9,100,,,,,,,,,,,,,,,,
2026-07-04T00:00:30.346169+00:00,2026-07-04T00:00:30.346016,1,1,134.65,0.5,134.4,100,,,,,,,,,,,,,,,,,,,134.9,100,,,,,,,,,,,,,,,,,,
2026-07-04T00:00:30.400450+00:00,2026-07-04T00:00:30.400329,2,1,134.85,0.1,134.8,150,134.4,100,,,,,,,,,,,,,,,,,134.9,100,,,,,,,,,,,,,,,,,,
2026-07-04T00:00:30.408745+00:00,2026-07-04T00:00:30.404036,2,1,134.85,0.1,134.8,136,134.4,100,,,,,,,,,,,,,,,,,134.9,100,,,,,,,,,,,,,,,,,,
2026-07-04T00:00:30.429450+00:00,2026-07-04T00:00:30.429388,2,1,134.85,0.1,134.8,92,134.4,100,,,,,,,,,,,,,,,,,134.9,100,,,,,,,,,,,,,,,,,,
2026-07-04T00:00:30.458706+00:00,2026-07-04T00:00:30.452478,2,2,134.85,0.1,134.8,92,134.4,100,,,,,,,,,,,,,,,,,134.9,100,135.3,150,,,,,,,,,,,,,,,,
2026-07-04T00:00:31.429239+00:00,2026-07-04T00:00:31.429120,1,1,135.05,0.5,134.8,92,,,,,,,,,,,,,,,,,,,135.3,150,,,,,,,,,,,,,,,,,,
2026-07-04T00:00:31.483246+00:00,2026-07-04T00:00:31.483156,2,1,135.05,0.5,134.8,92,134.3,100,,,,,,,,,,,,,,,,,135.3,150,,,,,,,,,,,,,,,,,,
2026-07-04T00:00:31.535020+00:00,2026-07-04T00:00:31.534990,1,2,134.55,0.5,134.3,100,,,,,,,,,,,,,,,,,,,134.8,8,135.3,150,,,,,,,,,,,,,,,,
2026-07-04T00:00:32.033919+00:00,2026-07-04T00:00:32.033802,1,1,134.8,1.0,134.3,100,,,,,,,,,,,,,,,,,,,135.3,108,,,,,,,,,,,,,,,,,,
2026-07-04T00:00:33.501538+00:00,2026-07-04T00:00:33.501494,1,0,,,134.3,100,,,,,,,,,,,,,,,,,,,,,,,,,,,,,,,,,,,,,,
2026-07-04T00:00:33.558615+00:00,2026-07-04T00:00:33.554240,2,0,,,134.3,100,134.2,150,,,,,,,,,,,,,,,,,,,,,,,,,,,,,,,,,,,,
2026-07-04T00:00:33.610731+00:00,2026-07-04T00:00:33.610848,2,1,134.5,0.4,134.3,100,134.2,150,,,,,,,,,,,,,,,,,134.7,150,,,,,,,,,,,,,,,,,,
2026-07-04T00:00:33.616307+00:00,2026-07-04T00:00:33.616168,2,1,134.5,0.4,134.3,100,134.2,150,,,,,,,,,,,,,,,,,134.7,106,,,,,,,,,,,,,,,,,,
2026-07-04T00:00:34.142234+00:00,2026-07-04T00:00:34.142192,2,1,134.5,0.4,134.3,100,134.2,150,,,,,,,,,,,,,,,,,134.7,56,,,,,,,,,,,,,,,,,,
2026-07-04T00:00:34.305817+00:00,2026-07-04T00:00:34.300428,2,1,134.5,0.4,134.3,100,134.2,150,,,,,,,,,,,,,,,,,134.7,45,,,,,,,,,,,,,,,,,,
2026-07-04T00:00:34.589333+00:00,2026-07-04T00:00:34.589260,1,1,134.45,0.5,134.2,150,,,,,,,,,,,,,,,,,,,134.7,45,,,,,,,,,,,,,,,,,,
2026-07-04T00:00:34.641934+00:00,2026-07-04T00:00:34.642117,2,0,,,134.8,55,134.2,150,,,,,,,,,,,,,,,,,,,,,,,,,,,,,,,,,,,,
2026-07-04T00:00:34.696814+00:00,2026-07-04T00:00:34.696753,2,1,135.05,0.5,134.8,55,134.2,150,,,,,,,,,,,,,,,,,135.3,100,,,,,,,,,,,,,,,,,,
2026-07-04T00:00:36.302184+00:00,2026-07-04T00:00:36.302017,2,1,135.05,0.5,134.8,5,134.2,150,,,,,,,,,,,,,,,,,135.3,100,,,,,,,,,,,,,,,,,,
2026-07-04T00:00:36.393593+00:00,2026-07-04T00:00:36.393474,1,1,134.75,1.1,134.2,112,,,,,,,,,,,,,,,,,,,135.3,100,,,,,,,,,,,,,,,,,,
2026-07-04T00:00:36.651860+00:00,2026-07-04T00:00:36.655148,0,1,,,,,,,,,,,,,,,,,,,,,,,135.3,100,,,,,,,,,,,,,,,,,,
2026-07-04T00:00:36.725345+00:00,2026-07-04T00:00:36.720316,1,1,135.1,0.4,134.9,139,,,,,,,,,,,,,,,,,,,135.3,100,,,,,,,,,,,,,,,,,,
2026-07-04T00:00:36.770058+00:00,2026-07-04T00:00:36.769935,1,2,135.1,0.4,134.9,139,,,,,,,,,,,,,,,,,,,135.3,100,135.4,150,,,,,,,,,,,,,,,,
2026-07-04T00:00:37.750950+00:00,2026-07-04T00:00:37.750811,1,1,135.15,0.5,134.9,139,,,,,,,,,,,,,,,,,,,135.4,150,,,,,,,,,,,,,,,,,,
2026-07-04T00:00:37.804396+00:00,2026-07-04T00:00:37.804561,2,1,135.15,0.5,134.9,139,134.5,100,,,,,,,,,,,,,,,,,135.4,150,,,,,,,,,,,,,,,,,,
2026-07-04T00:00:37.858561+00:00,2026-07-04T00:00:37.852142,2,2,134.95,0.1,134.9,139,134.5,100,,,,,,,,,,,,,,,,,135.0,100,135.4,150,,,,,,,,,,,,,,,,
2026-07-04T00:00:38.408954+00:00,2026-07-04T00:00:38.408918,2,2,134.95,0.1,134.9,89,134.5,100,,,,,,,,,,,,,,,,,135.0,100,135.4,150,,,,,,,,,,,,,,,,
2026-07-04T00:00:39.475330+00:00,2026-07-04T00:00:39.475265,2,2,134.95,0.1,134.9,45,134.5,100,,,,,,,,,,,,,,,,,135.0,100,135.4,150,,,,,,,,,,,,,,,,
2026-07-04T00:00:39.825832+00:00,2026-07-04T00:00:39.825686,1,1,134.75,0.5,134.5,100,,,,,,,,,,,,,,,,,,,135.0,100,,,,,,,,,,,,,,,,,,
2026-07-04T00:00:39.879556+00:00,2026-07-04T00:00:39.879471,2,1,134.8,0.4,134.6,150,134.5,100,,,,,,,,,,,,,,,,,135.0,100,,,,,,,,,,,,,,,,,,
2026-07-04T00:00:39.932921+00:00,2026-07-04T00:00:39.932811,2,2,134.8,0.4,134.6,150,134.5,100,,,,,,,,,,,,,,,,,135.0,100,135.1,150,,,,,,,,,,,,,,,,
2026-07-04T00:00:40.539983+00:00,2026-07-04T00:00:40.539895,2,2,134.8,0.4,134.6,100,134.5,100,,,,,,,,,,,,,,,,,135.0,100,135.1,150,,,,,,,,,,,,,,,,
2026-07-04T00:00:40.873956+00:00,2026-07-04T00:00:40.868201,2,2,134.8,0.4,134.6,100,134.5,100,,,,,,,,,,,,,,,,,135.0,89,135.1,150,,,,,,,,,,,,,,,,
2026-07-04T00:00:40.912048+00:00,2026-07-04T00:00:40.912223,1,1,134.85,0.5,134.6,100,,,,,,,,,,,,,,,,,,,135.1,150,,,,,,,,,,,,,,,,,,
2026-07-04T00:00:40.966615+00:00,2026-07-04T00:00:40.966526,2,1,134.95,0.3,134.8,100,134.6,100,,,,,,,,,,,,,,,,,135.1,150,,,,,,,,,,,,,,,,,,
2026-07-04T00:00:41.019483+00:00,2026-07-04T00:00:41.019445,2,2,134.95,0.3,134.8,100,134.6,100,,,,,,,,,,,,,,,,,135.1,150,135.3,100,,,,,,,,,,,,,,,,
2026-07-04T00:00:41.501932+00:00,2026-07-04T00:00:41.501870,2,2,134.95,0.3,134.8,100,134.6,100,,,,,,,,,,,,,,,,,135.1,110,135.3,100,,,,,,,,,,,,,,,,
2026-07-04T00:00:42.088035+00:00,2026-07-04T00:00:42.087959,2,2,134.95,0.3,134.8,100,134.6,100,,,,,,,,,,,,,,,,,135.1,63,135.3,100,,,,,,,,,,,,,,,,
2026-07-04T00:00:42.648267+00:00,2026-07-04T00:00:42.648135,2,2,134.95,0.3,134.8,50,134.6,100,,,,,,,,,,,,,,,,,135.1,63,135.3,100,,,,,,,,,,,,,,,,
2026-07-04T00:00:42.989280+00:00,2026-07-04T00:00:42.989440,1,1,135.05,0.5,134.8,50,,,,,,,,,,,,,,,,,,,135.3,100,,,,,,,,,,,,,,,,,,
2026-07-04T00:00:43.042844+00:00,2026-07-04T00:00:43.038274,2,1,135.1,0.4,134.9,150,134.8,50,,,,,,,,,,,,,,,,,135.3,100,,,,,,,,,,,,,,,,,,
2026-07-04T00:00:43.097805+00:00,2026-07-04T00:00:43.097682,2,2,135.1,0.4,134.9,150,134.8,50,,,,,,,,,,,,,,,,,135.3,100,135.4,150,,,,,,,,,,,,,,,,
2026-07-04T00:00:44.005835+00:00,2026-07-04T00:00:44.005776,2,2,135.1,0.4,134.9,104,134.8,50,,,,,,,,,,,,,,,,,135.3,100,135.4,150,,,,,,,,,,,,,,,,
2026-07-04T00:00:44.074717+00:00,2026-07-04T00:00:44.074632,1,1,135.15,0.5,134.9,104,,,,,,,,,,,,,,,,,,,135.4,150,,,,,,,,,,,,,,,,,,
2026-07-04T00:00:44.147197+00:00,2026-07-04T00:00:44.147041,2,1,135.15,0.5,134.9,104,134.6,100,,,,,,,,,,,,,,,,,135.4,150,,,,,,,,,,,,,,,,,,
2026-07-04T00:00:44.193905+00:00,2026-07-04T00:00:44.193839,2,2,135.0,0.2,134.9,104,134.6,100,,,,,,,,,,,,,,,,,135.1,100,135.4,150,,,,,,,,,,,,,,,,
2026-07-04T00:00:44.758679+00:00,2026-07-04T00:00:44.755988,2,2,135.0,0.2,134.9,54,134.6,100,,,,,,,,,,,,,,,,,135.1,100,135.4,150,,,,,,,,,,,,,,,,
2026-07-04T00:00:45.140416+00:00,2026-07-04T00:00:45.140295,2,2,135.0,0.2,134.9,54,134.6,100,,,,,,,,,,,,,,,,,135.1,57,135.4,150,,,,,,,,,,,,,,,,
2026-07-04T00:00:45.194418+00:00,2026-07-04T00:00:45.194361,2,2,135.0,0.2,134.9,11,134.6,100,,,,,,,,,,,,,,,,,135.1,57,135.4,150,,,,,,,,,,,,,,,,
2026-07-04T00:00:46.152928+00:00,2026-07-04T00:00:46.152825,1,1,134.85,0.5,134.6,100,,,,,,,,,,,,,,,,,,,135.1,57,,,,,,,,,,,,,,,,,,
2026-07-04T00:00:46.205061+00:00,2026-07-04T00:00:46.204960,2,1,134.85,0.5,134.6,100,134.4,150,,,,,,,,,,,,,,,,,135.1,57,,,,,,,,,,,,,,,,,,
2026-07-04T00:00:46.258541+00:00,2026-07-04T00:00:46.255832,2,2,134.75,0.3,134.6,100,134.4,150,,,,,,,,,,,,,,,,,134.9,150,135.1,57,,,,,,,,,,,,,,,,
2026-07-04T00:00:46.269243+00:00,2026-07-04T00:00:46.262531,2,2,134.75,0.3,134.6,100,134.4,150,,,,,,,,,,,,,,,,,134.9,147,135.1,57,,,,,,,,,,,,,,,,
2026-07-04T00:00:46.658598+00:00,2026-07-04T00:00:46.655008,2,2,134.75,0.3,134.6,100,134.4,150,,,,,,,,,,,,,,,,,134.9,102,135.1,57,,,,,,,,,,,,,,,,
2026-07-04T00:00:46.858631+00:00,2026-07-04T00:00:46.858293,2,2,134.75,0.3,134.6,50,134.4,150,,,,,,,,,,,,,,,,,134.9,102,135.1,57,,,,,,,,,,,,,,,,
2026-07-04T00:00:47.249766+00:00,2026-07-04T00:00:47.249972,1,1,134.65,0.5,134.4,150,,,,,,,,,,,,,,,,,,,134.9,102,,,,,,,,,,,,,,,,,,
2026-07-04T00:00:47.304805+00:00,2026-07-04T00:00:47.304681,2,1,134.8,0.2,134.7,100,134.4,150,,,,,,,,,,,,,,,,,134.9,102,,,,,,,,,,,,,,,,,,
2026-07-04T00:00:47.358598+00:00,2026-07-04T00:00:47.352311,2,2,134.8,0.2,134.7,100,134.4,150,,,,,,,,,,,,,,,,,134.9,102,135.2,100,,,,,,,,,,,,,,,,
2026-07-04T00:00:48.768633+00:00,2026-07-04T00:00:48.762382,2,2,134.8,0.2,134.7,100,134.4,150,,,,,,,,,,,,,,,,,134.9,99,135.2,100,,,,,,,,,,,,,,,,
2026-07-04T00:00:48.969579+00:00,2026-07-04T00:00:48.969723,2,2,134.8,0.2,134.7,50,134.4,150,,,,,,,,,,,,,,,,,134.9,99,135.2,100,,,,,,,,,,,,,,,,
2026-07-04T00:00:49.315958+00:00,2026-07-04T00:00:49.315841,1,1,134.95,0.5,134.7,50,,,,,,,,,,,,,,,,,,,135.2,100,,,,,,,,,,,,,,,,,,
2026-07-04T00:00:49.371144+00:00,2026-07-04T00:00:49.371275,2,1,135.05,0.3,134.9,150,134.7,50,,,,,,,,,,,,,,,,,135.2,100,,,,,,,,,,,,,,,,,,
2026-07-04T00:00:49.424920+00:00,2026-07-04T00:00:49.425045,2,2,135.05,0.3,134.9,150,134.7,50,,,,,,,,,,,,,,,,,135.2,100,135.4,150,,,,,,,,,,,,,,,,
2026-07-04T00:00:49.529270+00:00,2026-07-04T00:00:49.529150,2,2,135.05,0.3,134.9,107,134.7,50,,,,,,,,,,,,,,,,,135.2,100,135.4,150,,,,,,,,,,,,,,,,
2026-07-04T00:00:50.414256+00:00,2026-07-04T00:00:50.414164,1,1,135.15,0.5,134.9,107,,,,,,,,,,,,,,,,,,,135.4,150,,,,,,,,,,,,,,,,,,
2026-07-04T00:00:50.467501+00:00,2026-07-04T00:00:50.467397,2,1,135.15,0.5,134.9,107,134.8,100,,,,,,,,,,,,,,,,,135.4,150,,,,,,,,,,,,,,,,,,
2026-07-04T00:00:50.522042+00:00,2026-07-04T00:00:50.521923,2,2,135.1,0.4,134.9,107,134.8,100,,,,,,,,,,,,,,,,,135.3,100,135.4,150,,,,,,,,,,,,,,,,
2026-07-04T00:00:50.607004+00:00,2026-07-04T00:00:50.606844,2,2,135.1,0.4,134.9,62,134.8,100,,,,,,,,,,,,,,,,,135.3,100,135.4,150,,,,,,,,,,,,,,,,
2026-07-04T00:00:51.077561+00:00,2026-07-04T00:00:51.077447,2,2,135.1,0.4,134.9,12,134.8,100,,,,,,,,,,,,,,,,,135.3,100,135.4,150,,,,,,,,,,,,,,,,
2026-07-04T00:00:52.043228+00:00,2026-07-04T00:00:52.036910,2,2,135.1,0.4,134.9,9,134.8,100,,,,,,,,,,,,,,,,,135.3,100,135.4,150,,,,,,,,,,,,,,,,
2026-07-04T00:00:52.479227+00:00,2026-07-04T00:00:52.479105,1,1,135.05,0.5,134.8,100,,,,,,,,,,,,,,,,,,,135.3,100,,,,,,,,,,,,,,,,,,
2026-07-04T00:00:52.532707+00:00,2026-07-04T00:00:52.532464,2,1,135.05,0.5,134.8,100,134.1,150,,,,,,,,,,,,,,,,,135.3,100,,,,,,,,,,,,,,,,,,
2026-07-04T00:00:52.596065+00:00,2026-07-04T00:00:52.595985,1,2,134.35,0.5,134.1,150,,,,,,,,,,,,,,,,,,,134.6,50,135.3,100,,,,,,,,,,,,,,,,
2026-07-04T00:00:52.605211+00:00,2026-07-04T00:00:52.599938,1,2,134.35,0.5,134.1,150,,,,,,,,,,,,,,,,,,,134.6,36,135.3,100,,,,,,,,,,,,,,,,
2026-07-04T00:00:52.724624+00:00,2026-07-04T00:00:52.719669,1,2,134.35,0.5,134.1,150,,,,,,,,,,,,,,,,,,,134.6,13,135.3,100,,,,,,,,,,,,,,,,
2026-07-04T00:00:53.199142+00:00,2026-07-04T00:00:53.199074,1,2,134.35,0.5,134.1,100,,,,,,,,,,,,,,,,,,,134.6,13,135.3,100,,,,,,,,,,,,,,,,
2026-07-04T00:00:53.574118+00:00,2026-07-04T00:00:53.574193,1,1,134.35,0.5,134.1,100,,,,,,,,,,,,,,,,,,,134.6,13,,,,,,,,,,,,,,,,,,
2026-07-04T00:00:53.644081+00:00,2026-07-04T00:00:53.643932,2,1,134.55,0.1,134.5,100,134.1,100,,,,,,,,,,,,,,,,,134.6,13,,,,,,,,,,,,,,,,,,
2026-07-04T00:00:53.700648+00:00,2026-07-04T00:00:53.700541,2,2,134.55,0.1,134.5,100,134.1,100,,,,,,,,,,,,,,,,,134.6,13,135.0,100,,,,,,,,,,,,,,,,
2026-07-04T00:00:54.303994+00:00,2026-07-04T00:00:54.304192,2,1,134.75,0.5,134.5,100,134.1,100,,,,,,,,,,,,,,,,,135.0,64,,,,,,,,,,,,,,,,,,
2026-07-04T00:00:54.806483+00:00,2026-07-04T00:00:54.806431,2,1,134.75,0.5,134.5,100,134.1,100,,,,,,,,,,,,,,,,,135.0,15,,,,,,,,,,,,,,,,,,
2026-07-04T00:00:55.303876+00:00,2026-07-04T00:00:55.303805,2,1,134.75,0.5,134.5,50,134.1,100,,,,,,,,,,,,,,,,,135.0,15,,,,,,,,,,,,,,,,,,
2026-07-04T00:00:55.658565+00:00,2026-07-04T00:00:55.653455,1,1,134.75,0.5,134.5,50,,,,,,,,,,,,,,,,,,,135.0,15,,,,,,,,,,,,,,,,,,
2026-07-04T00:00:55.704958+00:00,2026-07-04T00:00:55.704789,2,1,134.8,0.4,134.6,150,134.5,50,,,,,,,,,,,,,,,,,135.0,15,,,,,,,,,,,,,,,,,,
2026-07-04T00:00:55.758588+00:00,2026-07-04T00:00:55.758168,2,2,134.8,0.4,134.6,150,134.5,50,,,,,,,,,,,,,,,,,135.0,15,135.1,150,,,,,,,,,,,,,,,,
2026-07-04T00:00:56.665346+00:00,2026-07-04T00:00:56.659972,2,2,134.8,0.4,134.6,139,134.5,50,,,,,,,,,,,,,,,,,135.0,15,135.1,150,,,,,,,,,,,,,,,,
2026-07-04T00:00:56.755808+00:00,2026-07-04T00:00:56.755788,1,1,134.85,0.5,134.6,139,,,,,,,,,,,,,,,,,,,135.1,150,,,,,,,,,,,,,,,,,,
2026-07-04T00:00:56.810306+00:00,2026-07-04T00:00:56.810171,2,1,134.85,0.5,134.6,139,134.3,100,,,,,,,,,,,,,,,,,135.1,150,,,,,,,,,,,,,,,,,,
2026-07-04T00:00:56.858640+00:00,2026-07-04T00:00:56.857683,2,2,134.7,0.2,134.6,139,134.3,100,,,,,,,,,,,,,,,,,134.8,100,135.1,150,,,,,,,,,,,,,,,,
2026-07-04T00:00:57.412763+00:00,2026-07-04T00:00:57.412644,2,2,134.7,0.2,134.6,89,134.3,100,,,,,,,,,,,,,,,,,134.8,100,135.1,150,,,,,,,,,,,,,,,,
2026-07-04T00:00:58.812328+00:00,2026-07-04T00:00:58.812286,2,1,134.7,0.2,134.6,89,134.3,100,,,,,,,,,,,,,,,,,134.8,100,,,,,,,,,,,,,,,,,,
2026-07-04T00:00:58.817398+00:00,2026-07-04T00:00:58.817591,1,1,134.55,0.5,134.3,100,,,,,,,,,,,,,,,,,,,134.8,100,,,,,,,,,,,,,,,,,,
2026-07-04T00:00:58.866303+00:00,2026-07-04T00:00:58.866186,1,1,134.55,0.5,134.3,250,,,,,,,,,,,,,,,,,,,134.8,100,,,,,,,,,,,,,,,,,,
2026-07-04T00:00:58.919401+00:00,2026-07-04T00:00:58.919553,1,1,134.55,0.5,134.3,250,,,,,,,,,,,,,,,,,,,134.8,250,,,,,,,,,,,,,,,,,,
2026-07-04T00:00:59.519193+00:00,2026-07-04T00:00:59.519144,1,1,134.55,0.5,134.3,200,,,,,,,,,,,,,,,,,,,134.8,250,,,,,,,,,,,,,,,,,,
2026-07-04T00:00:59.928192+00:00,2026-07-04T00:00:59.928151,1,1,134.55,0.5,134.3,150,,,,,,,,,,,,,,,,,,,134.8,150,,,,,,,,,,,,,,,,,,
2026-07-04T00:00:59.985506+00:00,2026-07-04T00:00:59.985601,2,1,134.55,0.5,134.3,150,134.2,100,,,,,,,,,,,,,,,,,134.8,150,,,,,,,,,,,,,,,,,,
2026-07-04T00:01:00.038695+00:00,2026-07-04T00:01:00.038790,2,2,134.5,0.4,134.3,150,134.2,100,,,,,,,,,,,,,,,,,134.7,100,134.8,150,,,,,,,,,,,,,,,,
2026-07-04T00:01:00.699712+00:00,2026-07-04T00:01:00.699673,2,2,134.5,0.4,134.3,104,134.2,100,,,,,,,,,,,,,,,,,134.7,100,134.8,150,,,,,,,,,,,,,,,,
2026-07-04T00:01:01.574699+00:00,2026-07-04T00:01:01.574822,2,2,134.5,0.4,134.3,104,134.2,100,,,,,,,,,,,,,,,,,134.7,50,134.8,150,,,,,,,,,,,,,,,,
2026-07-04T00:01:01.976583+00:00,2026-07-04T00:01:01.976459,1,1,134.45,0.5,134.2,100,,,,,,,,,,,,,,,,,,,134.7,50,,,,,,,,,,,,,,,,,,
2026-07-04T00:01:02.031802+00:00,2026-07-04T00:01:02.031665,1,1,134.45,0.5,134.2,250,,,,,,,,,,,,,,,,,,,134.7,50,,,,,,,,,,,,,,,,,,
2026-07-04T00:01:02.081746+00:00,2026-07-04T00:01:02.081630,1,1,134.45,0.5,134.2,250,,,,,,,,,,,,,,,,,,,134.7,200,,,,,,,,,,,,,,,,,,
2026-07-04T00:01:03.094355+00:00,2026-07-04T00:01:03.094236,1,1,134.45,0.5,134.2,150,,,,,,,,,,,,,,,,,,,134.7,150,,,,,,,,,,,,,,,,,,
2026-07-04T00:01:03.145617+00:00,2026-07-04T00:01:03.145575,2,1,134.55,0.3,134.4,100,134.2,150,,,,,,,,,,,,,,,,,134.7,150,,,,,,,,,,,,,,,,,,
2026-07-04T00:01:03.198582+00:00,2026-07-04T00:01:03.198426,2,2,134.55,0.3,134.4,100,134.2,150,,,,,,,,,,,,,,,,,134.7,150,134.9,100,,,,,,,,,,,,,,,,
2026-07-04T00:01:03.681472+00:00,2026-07-04T00:01:03.681368,2,2,134.55,0.3,134.4,100,134.2,150,,,,,,,,,,,,,,,,,134.7,100,134.9,100,,,,,,,,,,,,,,,,
2026-07-04T00:01:05.138723+00:00,2026-07-04T00:01:05.138637,1,1,134.65,0.5,134.4,100,,,,,,,,,,,,,,,,,,,134.9,100,,,,,,,,,,,,,,,,,,
2026-07-04T00:01:05.187141+00:00,2026-07-04T00:01:05.187082,1,1,134.65,0.5,134.4,250,,,,,,,,,,,,,,,,,,,134.9,100,,,,,,,,,,,,,,,,,,
2026-07-04T00:01:05.243643+00:00,2026-07-04T00:01:05.243731,1,1,134.65,0.5,134.4,250,,,,,,,,,,,,,,,,,,,134.9,250,,,,,,,,,,,,,,,,,,
2026-07-04T00:01:05.836304+00:00,2026-07-04T00:01:05.836431,1,1,134.65,0.5,134.4,200,,,,,,,,,,,,,,,,,,,134.9,250,,,,,,,,,,,,,,,,,,
2026-07-04T00:01:06.258637+00:00,2026-07-04T00:01:06.256486,1,1,134.65,0.5,134.4,150,,,,,,,,,,,,,,,,,,,134.9,150,,,,,,,,,,,,,,,,,,
2026-07-04T00:01:06.311289+00:00,2026-07-04T00:01:06.311256,2,1,134.65,0.5,134.4,150,134.3,100,,,,,,,,,,,,,,,,,134.9,150,,,,,,,,,,,,,,,,,,
2026-07-04T00:01:06.364628+00:00,2026-07-04T00:01:06.364740,2,2,134.6,0.4,134.4,150,134.3,100,,,,,,,,,,,,,,,,,134.8,100,134.9,150,,,,,,,,,,,,,,,,
2026-07-04T00:01:06.842821+00:00,2026-07-04T00:01:06.842747,2,2,134.6,0.4,134.4,150,134.3,100,,,,,,,,,,,,,,,,,134.8,58,134.9,150,,,,,,,,,,,,,,,,
2026-07-04T00:01:07.894153+00:00,2026-07-04T00:01:07.894071,2,2,134.6,0.4,134.4,150,134.3,100,,,,,,,,,,,,,,,,,134.8,8,134.9,150,,,,,,,,,,,,,,,,
2026-07-04T00:01:08.293667+00:00,2026-07-04T00:01:08.293626,2,1,134.6,0.4,134.4,150,134.3,100,,,,,,,,,,,,,,,,,134.8,8,,,,,,,,,,,,,,,,,,
2026-07-04T00:01:08.299033+00:00,2026-07-04T00:01:08.298834,1,1,134.55,0.5,134.3,100,,,,,,,,,,,,,,,,,,,134.8,8,,,,,,,,,,,,,,,,,,
2026-07-04T00:01:08.358689+00:00,2026-07-04T00:01:08.350980,2,1,134.6,0.4,134.4,150,134.3,100,,,,,,,,,,,,,,,,,134.8,8,,,,,,,,,,,,,,,,,,
2026-07-04T00:01:08.405141+00:00,2026-07-04T00:01:08.405020,2,2,134.6,0.4,134.4,150,134.3,100,,,,,,,,,,,,,,,,,134.8,8,134.9,150,,,,,,,,,,,,,,,,
2026-07-04T00:01:09.419003+00:00,2026-07-04T00:01:09.418970,1,1,134.65,0.5,134.4,150,,,,,,,,,,,,,,,,,,,134.9,150,,,,,,,,,,,,,,,,,,
2026-07-04T00:01:09.472144+00:00,2026-07-04T00:01:09.472064,2,1,134.75,0.3,134.6,100,134.4,150,,,,,,,,,,,,,,,,,134.9,150,,,,,,,,,,,,,,,,,,
2026-07-04T00:01:09.528960+00:00,2026-07-04T00:01:09.528817,2,2,134.75,0.3,134.6,100,134.4,150,,,,,,,,,,,,,,,,,134.9,150,135.1,100,,,,,,,,,,,,,,,,
2026-07-04T00:01:10.058653+00:00,2026-07-04T00:01:10.054957,2,2,134.75,0.3,134.6,50,134.4,150,,,,,,,,,,,,,,,,,134.9,150,135.1,100,,,,,,,,,,,,,,,,
2026-07-04T00:01:11.359163+00:00,2026-07-04T00:01:11.359043,2,2,134.75,0.3,134.6,50,134.4,150,,,,,,,,,,,,,,,,,134.9,102,135.1,100,,,,,,,,,,,,,,,,
2026-07-04T00:01:11.456438+00:00,2026-07-04T00:01:11.456634,1,1,134.85,0.5,134.6,50,,,,,,,,,,,,,,,,,,,135.1,100,,,,,,,,,,,,,,,,,,
2026-07-04T00:01:11.515850+00:00,2026-07-04T00:01:11.515746,2,1,134.9,0.4,134.7,150,134.6,50,,,,,,,,,,,,,,,,,135.1,100,,,,,,,,,,,,,,,,,,
2026-07-04T00:01:11.573261+00:00,2026-07-04T00:01:11.573356,2,2,134.9,0.4,134.7,150,134.6,50,,,,,,,,,,,,,,,,,135.1,100,135.2,150,,,,,,,,,,,,,,,,
2026-07-04T00:01:12.166867+00:00,2026-07-04T00:01:12.166733,2,2,134.9,0.4,134.7,100,134.6,50,,,,,,,,,,,,,,,,,135.1,100,135.2,150,,,,,,,,,,,,,,,,
2026-07-04T00:01:12.580516+00:00,2026-07-04T00:01:12.580442,1,1,134.95,0.5,134.7,100,,,,,,,,,,,,,,,,,,,135.2,150,,,,,,,,,,,,,,,,,,
2026-07-04T00:01:12.639267+00:00,2026-07-04T00:01:12.639181,2,1,134.95,0.5,134.7,100,134.5,100,,,,,,,,,,,,,,,,,135.2,150,,,,,,,,,,,,,,,,,,
2026-07-04T00:01:12.691203+00:00,2026-07-04T00:01:12.691142,2,2,134.85,0.3,134.7,100,134.5,100,,,,,,,,,,,,,,,,,135.0,100,135.2,150,,,,,,,,,,,,,,,,
2026-07-04T00:01:14.018256+00:00,2026-07-04T00:01:14.018495,2,2,134.85,0.3,134.7,58,134.5,100,,,,,,,,,,,,,,,,,135.0,100,135.2,150,,,,,,,,,,,,,,,,
2026-07-04T00:01:14.274245+00:00,2026-07-04T00:01:14.274149,2,2,134.85,0.3,134.7,8,134.5,100,,,,,,,,,,,,,,,,,135.0,100,135.2,150,,,,,,,,,,,,,,,,
2026-07-04T00:01:14.545001+00:00,2026-07-04T00:01:14.544869,1,2,134.75,0.5,134.5,66,,,,,,,,,,,,,,,,,,,135.0,100,135.2,150,,,,,,,,,,,,,,,,
2026-07-04T00:01:14.627578+00:00,2026-07-04T00:01:14.627666,1,1,134.75,0.5,134.5,66,,,,,,,,,,,,,,,,,,,135.0,100,,,,,,,,,,,,,,,,,,
2026-07-04T00:01:14.677822+00:00,2026-07-04T00:01:14.677795,2,1,134.75,0.5,134.5,66,134.0,150,,,,,,,,,,,,,,,,,135.0,100,,,,,,,,,,,,,,,,,,
2026-07-04T00:01:14.745613+00:00,2026-07-04T00:01:14.740145,1,2,134.25,0.5,134.0,150,,,,,,,,,,,,,,,,,,,134.5,73,135.0,100,,,,,,,,,,,,,,,,
2026-07-04T00:01:15.016520+00:00,2026-07-04T00:01:15.016402,1,2,134.25,0.5,134.0,150,,,,,,,,,,,,,,,,,,,134.5,31,135.0,100,,,,,,,,,,,,,,,,
2026-07-04T00:01:15.741766+00:00,2026-07-04T00:01:15.741701,1,1,134.25,0.5,134.0,150,,,,,,,,,,,,,,,,,,,134.5,31,,,,,,,,,,,,,,,,,,
2026-07-04T00:01:15.796205+00:00,2026-07-04T00:01:15.796081,2,1,134.35,0.3,134.2,100,134.0,150,,,,,,,,,,,,,,,,,134.5,31,,,,,,,,,,,,,,,,,,
2026-07-04T00:01:15.848669+00:00,2026-07-04T00:01:15.848790,2,2,134.35,0.3,134.2,100,134.0,150,,,,,,,,,,,,,,,,,134.5,31,134.7,100,,,,,,,,,,,,,,,,
2026-07-04T00:01:16.259798+00:00,2026-07-04T00:01:16.253105,2,2,134.35,0.3,134.2,100,134.0,150,,,,,,,,,,,,,,,,,134.5,19,134.7,100,,,,,,,,,,,,,,,,
2026-07-04T00:01:16.381551+00:00,2026-07-04T00:01:16.381514,2,2,134.35,0.3,134.2,50,134.0,150,,,,,,,,,,,,,,,,,134.5,19,134.7,100,,,,,,,,,,,,,,,,
2026-07-04T00:01:17.567773+00:00,2026-07-04T00:01:17.567671,2,2,134.35,0.3,134.2,7,134.0,150,,,,,,,,,,,,,,,,,134.5,19,134.7,100,,,,,,,,,,,,,,,,
2026-07-04T00:01:17.668578+00:00,2026-07-04T00:01:17.662254,2,2,134.35,0.3,134.2,7,134.0,150,,,,,,,,,,,,,,,,,134.5,8,134.7,100,,,,,,,,,,,,,,,,
2026-07-04T00:01:17.791292+00:00,2026-07-04T00:01:17.791183,1,1,134.45,0.5,134.2,7,,,,,,,,,,,,,,,,,,,134.7,100,,,,,,,,,,,,,,,,,,
2026-07-04T00:01:17.847489+00:00,2026-07-04T00:01:17.847403,2,0,,,134.8,50,134.2,7,,,,,,,,,,,,,,,,,,,,,,,,,,,,,,,,,,,,
2026-07-04T00:01:17.913017+00:00,2026-07-04T00:01:17.906942,2,1,135.05,0.5,134.8,39,134.2,7,,,,,,,,,,,,,,,,,135.3,150,,,,,,,,,,,,,,,,,,
2026-07-04T00:01:18.059270+00:00,2026-07-04T00:01:18.059147,2,1,135.05,0.5,134.8,39,134.2,7,,,,,,,,,,,,,,,,,135.3,108,,,,,,,,,,,,,,,,,,
2026-07-04T00:01:18.489745+00:00,2026-07-04T00:01:18.489709,0,1,,,,,,,,,,,,,,,,,,,,,,,135.3,108,,,,,,,,,,,,,,,,,,
2026-07-04T00:01:18.958619+00:00,2026-07-04T00:01:18.956483,1,1,134.85,0.9,134.4,100,,,,,,,,,,,,,,,,,,,135.3,108,,,,,,,,,,,,,,,,,,
2026-07-04T00:01:19.008753+00:00,2026-07-04T00:01:19.008843,1,2,134.65,0.5,134.4,100,,,,,,,,,,,,,,,,,,,134.9,100,135.3,108,,,,,,,,,,,,,,,,
2026-07-04T00:01:20.199197+00:00,2026-07-04T00:01:20.199432,1,2,134.65,0.5,134.4,100,,,,,,,,,,,,,,,,,,,134.9,51,135.3,108,,,,,,,,,,,,,,,,
2026-07-04T00:01:20.258666+00:00,2026-07-04T00:01:20.253856,1,2,134.65,0.5,134.4,58,,,,,,,,,,,,,,,,,,,134.9,51,135.3,108,,,,,,,,,,,,,,,,
2026-07-04T00:01:20.596657+00:00,2026-07-04T00:01:20.596528,1,2,134.65,0.5,134.4,8,,,,,,,,,,,,,,,,,,,134.9,51,135.3,108,,,,,,,,,,,,,,,,
2026-07-04T00:01:20.958615+00:00,2026-07-04T00:01:20.954983,1,1,134.65,0.5,134.4,8,,,,,,,,,,,,,,,,,,,134.9,51,,,,,,,,,,,,,,,,,,
2026-07-04T00:01:21.009801+00:00,2026-07-04T00:01:21.009748,1,1,134.65,0.5,134.4,158,,,,,,,,,,,,,,,,,,,134.9,51,,,,,,,,,,,,,,,,,,
2026-07-04T00:01:21.074362+00:00,2026-07-04T00:01:21.074244,1,1,134.65,0.5,134.4,158,,,,,,,,,,,,,,,,,,,134.9,201,,,,,,,,,,,,,,,,,,
2026-07-04T00:01:22.061742+00:00,2026-07-04T00:01:22.061563,1,1,134.65,0.5,134.4,150,,,,,,,,,,,,,,,,,,,134.9,150,,,,,,,,,,,,,,,,,,
2026-07-04T00:01:22.117588+00:00,2026-07-04T00:01:22.117429,2,1,134.65,0.5,134.4,150,134.2,100,,,,,,,,,,,,,,,,,134.9,150,,,,,,,,,,,,,,,,,,
2026-07-04T00:01:22.170509+00:00,2026-07-04T00:01:22.170350,2,2,134.55,0.3,134.4,150,134.2,100,,,,,,,,,,,,,,,,,134.7,100,134.9,150,,,,,,,,,,,,,,,,
2026-07-04T00:01:22.265373+00:00,2026-07-04T00:01:22.265330,2,2,134.55,0.3,134.4,104,134.2,100,,,,,,,,,,,,,,,,,134.7,100,134.9,150,,,,,,,,,,,,,,,,
2026-07-04T00:01:22.702298+00:00,2026-07-04T00:01:22.702180,2,2,134.55,0.3,134.4,54,134.2,100,,,,,,,,,,,,,,,,,134.7,100,134.9,150,,,,,,,,,,,,,,,,
2026-07-04T00:01:23.368819+00:00,2026-07-04T00:01:23.368679,2,2,134.55,0.3,134.4,54,134.2,100,,,,,,,,,,,,,,,,,134.7,51,134.9,150,,,,,,,,,,,,,,,,
2026-07-04T00:01:24.122878+00:00,2026-07-04T00:01:24.123103,1,1,134.45,0.5,134.2,100,,,,,,,,,,,,,,,,,,,134.7,51,,,,,,,,,,,,,,,,,,
2026-07-04T00:01:24.179051+00:00,2026-07-04T00:01:24.178864,2,1,134.45,0.5,134.2,100,134.0,150,,,,,,,,,,,,,,,,,134.7,51,,,,,,,,,,,,,,,,,,
2026-07-04T00:01:24.245565+00:00,2026-07-04T00:01:24.235418,2,2,134.35,0.3,134.2,100,134.0,150,,,,,,,,,,,,,,,,,134.5,139,134.7,51,,,,,,,,,,,,,,,,
2026-07-04T00:01:25.224061+00:00,2026-07-04T00:01:25.223991,1,1,134.25,0.5,134.0,150,,,,,,,,,,,,,,,,,,,134.5,139,,,,,,,,,,,,,,,,,,
2026-07-04T00:01:25.284813+00:00,2026-07-04T00:01:25.284729,2,1,134.45,0.1,134.4,100,134.0,150,,,,,,,,,,,,,,,,,134.5,139,,,,,,,,,,,,,,,,,,
2026-07-04T00:01:25.341326+00:00,2026-07-04T00:01:25.341177,2,2,134.45,0.1,134.4,100,134.0,150,,,,,,,,,,,,,,,,,134.5,139,134.9,100,,,,,,,,,,,,,,,,
2026-07-04T00:01:26.045134+00:00,2026-07-04T00:01:26.045014,2,2,134.45,0.1,134.4,100,134.0,150,,,,,,,,,,,,,,,,,134.5,94,134.9,100,,,,,,,,,,,,,,,,
2026-07-04T00:01:26.860407+00:00,2026-07-04T00:01:26.860332,2,2,134.45,0.1,134.4,100,134.0,150,,,,,,,,,,,,,,,,,134.5,44,134.9,100,,,,,,,,,,,,,,,,
2026-07-04T00:01:27.286105+00:00,2026-07-04T00:01:27.286012,1,1,134.65,0.5,134.4,100,,,,,,,,,,,,,,,,,,,134.9,100,,,,,,,,,,,,,,,,,,
2026-07-04T00:01:27.350580+00:00,2026-07-04T00:01:27.341513,2,1,134.65,0.5,134.4,100,134.2,150,,,,,,,,,,,,,,,,,134.9,100,,,,,,,,,,,,,,,,,,
2026-07-04T00:01:27.393855+00:00,2026-07-04T00:01:27.394014,2,2,134.55,0.3,134.4,100,134.2,150,,,,,,,,,,,,,,,,,134.7,150,134.9,100,,,,,,,,,,,,,,,,
2026-07-04T00:01:28.395074+00:00,2026-07-04T00:01:28.395051,1,1,134.45,0.5,134.2,150,,,,,,,,,,,,,,,,,,,134.7,150,,,,,,,,,,,,,,,,,,
2026-07-04T00:01:28.447719+00:00,2026-07-04T00:01:28.447847,2,1,134.5,0.4,134.3,100,134.2,150,,,,,,,,,,,,,,,,,134.7,150,,,,,,,,,,,,,,,,,,
2026-07-04T00:01:28.500297+00:00,2026-07-04T00:01:28.500202,2,2,134.5,0.4,134.3,100,134.2,150,,,,,,,,,,,,,,,,,134.7,150,134.8,100,,,,,,,,,,,,,,,,
2026-07-04T00:01:28.969710+00:00,2026-07-04T00:01:28.969579,2,2,134.5,0.4,134.3,100,134.2,150,,,,,,,,,,,,,,,,,134.7,100,134.8,100,,,,,,,,,,,,,,,,
2026-07-04T00:01:30.447969+00:00,2026-07-04T00:01:30.447917,1,1,134.55,0.5,134.3,100,,,,,,,,,,,,,,,,,,,134.8,100,,,,,,,,,,,,,,,,,,
2026-07-04T00:01:30.503143+00:00,2026-07-04T00:01:30.503026,2,1,134.65,0.3,134.5,150,134.3,100,,,,,,,,,,,,,,,,,134.8,100,,,,,,,,,,,,,,,,,,
2026-07-04T00:01:30.551749+00:00,2026-07-04T00:01:30.551659,2,2,134.65,0.3,134.5,150,134.3,100,,,,,,,,,,,,,,,,,134.8,100,135.0,150,,,,,,,,,,,,,,,,
2026-07-04T00:01:31.074780+00:00,2026-07-04T00:01:31.074658,2,2,134.65,0.3,134.5,150,134.3,100,,,,,,,,,,,,,,,,,134.8,50,135.0,150,,,,,,,,,,,,,,,,
2026-07-04T00:01:31.564070+00:00,2026-07-04T00:01:31.563999,1,1,134.75,0.5,134.5,150,,,,,,,,,,,,,,,,,,,135.0,150,,,,,,,,,,,,,,,,,,
2026-07-04T00:01:31.619982+00:00,2026-07-04T00:01:31.619896,1,1,134.75,0.5,134.5,250,,,,,,,,,,,,,,,,,,,135.0,150,,,,,,,,,,,,,,,,,,
2026-07-04T00:01:31.672698+00:00,2026-07-04T00:01:31.672570,1,1,134.75,0.5,134.5,250,,,,,,,,,,,,,,,,,,,135.0,250,,,,,,,,,,,,,,,,,,
2026-07-04T00:01:31.677958+00:00,2026-07-04T00:01:31.677817,1,1,134.75,0.5,134.5,203,,,,,,,,,,,,,,,,,,,135.0,250,,,,,,,,,,,,,,,,,,
2026-07-04T00:01:33.238406+00:00,2026-07-04T00:01:33.238269,1,1,134.75,0.5,134.5,153,,,,,,,,,,,,,,,,,,,135.0,250,,,,,,,,,,,,,,,,,,
2026-07-04T00:01:33.609722+00:00,2026-07-04T00:01:33.609849,1,1,134.75,0.5,134.5,100,,,,,,,,,,,,,,,,,,,135.0,100,,,,,,,,,,,,,,,,,,
2026-07-04T00:01:33.665068+00:00,2026-07-04T00:01:33.664935,2,1,134.75,0.5,134.5,100,134.3,150,,,,,,,,,,,,,,,,,135.0,100,,,,,,,,,,,,,,,,,,
2026-07-04T00:01:33.718169+00:00,2026-07-04T00:01:33.718069,2,2,134.65,0.3,134.5,100,134.3,150,,,,,,,,,,,,,,,,,134.8,150,135.0,100,,,,,,,,,,,,,,,,
2026-07-04T00:01:33.845053+00:00,2026-07-04T00:01:33.844975,2,2,134.65,0.3,134.5,56,134.3,150,,,,,,,,,,,,,,,,,134.8,150,135.0,100,,,,,,,,,,,,,,,,
2026-07-04T00:01:34.725974+00:00,2026-07-04T00:01:34.725790,2,1,134.65,0.3,134.5,56,134.3,150,,,,,,,,,,,,,,,,,134.8,150,,,,,,,,,,,,,,,,,,
2026-07-04T00:01:34.731159+00:00,2026-07-04T00:01:34.730966,1,1,134.55,0.5,134.3,150,,,,,,,,,,,,,,,,,,,134.8,150,,,,,,,,,,,,,,,,,,
2026-07-04T00:01:34.781599+00:00,2026-07-04T00:01:34.781471,2,1,134.65,0.3,134.5,100,134.3,150,,,,,,,,,,,,,,,,,134.8,150,,,,,,,,,,,,,,,,,,
2026-07-04T00:01:34.839109+00:00,2026-07-04T00:01:34.839031,2,2,134.65,0.3,134.5,100,134.3,150,,,,,,,,,,,,,,,,,134.8,150,135.0,100,,,,,,,,,,,,,,,,
2026-07-04T00:01:35.341817+00:00,2026-07-04T00:01:35.341673,2,2,134.65,0.3,134.5,50,134.3,150,,,,,,,,,,,,,,,,,134.8,150,135.0,100,,,,,,,,,,,,,,,,
2026-07-04T00:01:35.432407+00:00,2026-07-04T00:01:35.432326,2,2,134.65,0.3,134.5,50,134.3,150,,,,,,,,,,,,,,,,,134.8,109,135.0,100,,,,,,,,,,,,,,,,
2026-07-04T00:01:36.792540+00:00,2026-07-04T00:01:36.792450,1,1,134.75,0.5,134.5,50,,,,,,,,,,,,,,,,,,,135.0,100,,,,,,,,,,,,,,,,,,
2026-07-04T00:01:36.858769+00:00,2026-07-04T00:01:36.858710,2,1,134.75,0.5,134.5,50,134.3,150,,,,,,,,,,,,,,,,,135.0,100,,,,,,,,,,,,,,,,,,
2026-07-04T00:01:36.901937+00:00,2026-07-04T00:01:36.902077,2,2,134.65,0.3,134.5,50,134.3,150,,,,,,,,,,,,,,,,,134.8,150,135.0,100,,,,,,,,,,,,,,,,
2026-07-04T00:01:37.458648+00:00,2026-07-04T00:01:37.451911,1,2,134.55,0.5,134.3,150,,,,,,,,,,,,,,,,,,,134.8,150,135.0,100,,,,,,,,,,,,,,,,
2026-07-04T00:01:37.893076+00:00,2026-07-04T00:01:37.893030,1,1,134.55,0.5,134.3,150,,,,,,,,,,,,,,,,,,,134.8,150,,,,,,,,,,,,,,,,,,
2026-07-04T00:01:37.948053+00:00,2026-07-04T00:01:37.947987,2,1,134.55,0.5,134.3,150,133.9,100,,,,,,,,,,,,,,,,,134.8,150,,,,,,,,,,,,,,,,,,
2026-07-04T00:01:38.028133+00:00,2026-07-04T00:01:38.027988,2,2,134.35,0.1,134.3,150,133.9,100,,,,,,,,,,,,,,,,,134.4,100,134.8,150,,,,,,,,,,,,,,,,
2026-07-04T00:01:39.506861+00:00,2026-07-04T00:01:39.506791,2,2,134.35,0.1,134.3,150,133.9,100,,,,,,,,,,,,,,,,,134.4,5,134.8,150,,,,,,,,,,,,,,,,
2026-07-04T00:01:39.958621+00:00,2026-07-04T00:01:39.956500,1,1,134.15,0.5,133.9,100,,,,,,,,,,,,,,,,,,,134.4,5,,,,,,,,,,,,,,,,,,
2026-07-04T00:01:40.018457+00:00,2026-07-04T00:01:40.009029,2,1,134.3,0.2,134.2,150,133.9,100,,,,,,,,,,,,,,,,,134.4,5,,,,,,,,,,,,,,,,,,
2026-07-04T00:01:40.061553+00:00,2026-07-04T00:01:40.061401,2,2,134.3,0.2,134.2,150,133.9,100,,,,,,,,,,,,,,,,,134.4,5,134.7,150,,,,,,,,,,,,,,,,
2026-07-04T00:01:40.150438+00:00,2026-07-04T00:01:40.150368,2,2,134.3,0.2,134.2,105,133.9,100,,,,,,,,,,,,,,,,,134.4,5,134.7,150,,,,,,,,,,,,,,,,
2026-07-04T00:01:40.688760+00:00,2026-07-04T00:01:40.688731,2,1,134.45,0.5,134.2,105,133.9,100,,,,,,,,,,,,,,,,,134.7,113,,,,,,,,,,,,,,,,,,
2026-07-04T00:01:41.082134+00:00,2026-07-04T00:01:41.082105,1,1,134.45,0.5,134.2,105,,,,,,,,,,,,,,,,,,,134.7,113,,,,,,,,,,,,,,,,,,
2026-07-04T00:01:41.135519+00:00,2026-07-04T00:01:41.135437,1,1,134.45,0.5,134.2,205,,,,,,,,,,,,,,,,,,,134.7,113,,,,,,,,,,,,,,,,,,
2026-07-04T00:01:41.185889+00:00,2026-07-04T00:01:41.185830,1,1,134.45,0.5,134.2,205,,,,,,,,,,,,,,,,,,,134.7,213,,,,,,,,,,,,,,,,,,
2026-07-04T00:01:41.259490+00:00,2026-07-04T00:01:41.259291,1,1,134.45,0.5,134.2,159,,,,,,,,,,,,,,,,,,,134.7,213,,,,,,,,,,,,,,,,,,
2026-07-04T00:01:41.638822+00:00,2026-07-04T00:01:41.638912,1,1,134.45,0.5,134.2,159,,,,,,,,,,,,,,,,,,,134.7,163,,,,,,,,,,,,,,,,,,
2026-07-04T00:01:41.736885+00:00,2026-07-04T00:01:41.736726,1,1,134.45,0.5,134.2,159,,,,,,,,,,,,,,,,,,,134.7,122,,,,,,,,,,,,,,,,,,
2026-07-04T00:01:43.115686+00:00,2026-07-04T00:01:43.115615,1,1,134.45,0.5,134.2,100,,,,,,,,,,,,,,,,,,,134.7,100,,,,,,,,,,,,,,,,,,
2026-07-04T00:01:43.170311+00:00,2026-07-04T00:01:43.170233,1,1,134.45,0.5,134.2,250,,,,,,,,,,,,,,,,,,,134.7,100,,,,,,,,,,,,,,,,,,
2026-07-04T00:01:43.224209+00:00,2026-07-04T00:01:43.224326,1,1,134.45,0.5,134.2,250,,,,,,,,,,,,,,,,,,,134.7,250,,,,,,,,,,,,,,,,,,
2026-07-04T00:01:43.742472+00:00,2026-07-04T00:01:43.742348,1,1,134.45,0.5,134.2,250,,,,,,,,,,,,,,,,,,,134.7,200,,,,,,,,,,,,,,,,,,
2026-07-04T00:01:44.242209+00:00,2026-07-04T00:01:44.242091,1,1,134.45,0.5,134.2,150,,,,,,,,,,,,,,,,,,,134.7,150,,,,,,,,,,,,,,,,,,
2026-07-04T00:01:44.296782+00:00,2026-07-04T00:01:44.296622,1,1,134.45,0.5,134.2,250,,,,,,,,,,,,,,,,,,,134.7,150,,,,,,,,,,,,,,,,,,
2026-07-04T00:01:44.349236+00:00,2026-07-04T00:01:44.349325,1,1,134.45,0.5,134.2,250,,,,,,,,,,,,,,,,,,,134.7,250,,,,,,,,,,,,,,,,,,
2026-07-04T00:01:44.876967+00:00,2026-07-04T00:01:44.876887,1,1,134.45,0.5,134.2,208,,,,,,,,,,,,,,,,,,,134.7,250,,,,,,,,,,,,,,,,,,
2026-07-04T00:01:45.415408+00:00,2026-07-04T00:01:45.415258,1,1,134.45,0.5,134.2,208,,,,,,,,,,,,,,,,,,,134.7,204,,,,,,,,,,,,,,,,,,
2026-07-04T00:01:45.936656+00:00,2026-07-04T00:01:45.936576,1,1,134.45,0.5,134.2,168,,,,,,,,,,,,,,,,,,,134.7,204,,,,,,,,,,,,,,,,,,
2026-07-04T00:01:46.273304+00:00,2026-07-04T00:01:46.273255,1,1,134.45,0.5,134.2,100,,,,,,,,,,,,,,,,,,,134.7,100,,,,,,,,,,,,,,,,,,
2026-07-04T00:01:46.332756+00:00,2026-07-04T00:01:46.332682,2,1,134.45,0.5,134.2,100,134.1,150,,,,,,,,,,,,,,,,,134.7,100,,,,,,,,,,,,,,,,,,
2026-07-04T00:01:46.380908+00:00,2026-07-04T00:01:46.380764,2,2,134.4,0.4,134.2,100,134.1,150,,,,,,,,,,,,,,,,,134.6,150,134.7,100,,,,,,,,,,,,,,,,
2026-07-04T00:01:47.404204+00:00,2026-07-04T00:01:47.404147,1,1,134.35,0.5,134.1,150,,,,,,,,,,,,,,,,,,,134.6,150,,,,,,,,,,,,,,,,,,
2026-07-04T00:01:47.463944+00:00,2026-07-04T00:01:47.463840,2,1,134.4,0.4,134.2,100,134.1,150,,,,,,,,,,,,,,,,,134.6,150,,,,,,,,,,,,,,,,,,
2026-07-04T00:01:47.512479+00:00,2026-07-04T00:01:47.512561,2,2,134.4,0.4,134.2,100,134.1,150,,,,,,,,,,,,,,,,,134.6,150,134.7,100,,,,,,,,,,,,,,,,
2026-07-04T00:01:47.658591+00:00,2026-07-04T00:01:47.654203,2,2,134.4,0.4,134.2,59,134.1,150,,,,,,,,,,,,,,,,,134.6,150,134.7,100,,,,,,,,,,,,,,,,
2026-07-04T00:01:47.952909+00:00,2026-07-04T00:01:47.952881,2,2,134.4,0.4,134.2,59,134.1,150,,,,,,,,,,,,,,,,,134.6,100,134.7,100,,,,,,,,,,,,,,,,
2026-07-04T00:01:49.441114+00:00,2026-07-04T00:01:49.441051,1,1,134.45,0.5,134.2,59,,,,,,,,,,,,,,,,,,,134.7,100,,,,,,,,,,,,,,,,,,
2026-07-04T00:01:49.512225+00:00,2026-07-04T00:01:49.503043,2,1,134.55,0.3,134.4,150,134.2,59,,,,,,,,,,,,,,,,,134.7,100,,,,,,,,,,,,,,,,,,
2026-07-04T00:01:49.557776+00:00,2026-07-04T00:01:49.557869,2,2,134.55,0.3,134.4,150,134.2,59,,,,,,,,,,,,,,,,,134.7,100,134.9,150,,,,,,,,,,,,,,,,
2026-07-04T00:01:50.068130+00:00,2026-07-04T00:01:50.068015,2,2,134.55,0.3,134.4,150,134.2,59,,,,,,,,,,,,,,,,,134.7,50,134.9,150,,,,,,,,,,,,,,,,
2026-07-04T00:01:50.558600+00:00,2026-07-04T00:01:50.556849,1,1,134.65,0.5,134.4,150,,,,,,,,,,,,,,,,,,,134.9,150,,,,,,,,,,,,,,,,,,
2026-07-04T00:01:50.616194+00:00,2026-07-04T00:01:50.616116,2,1,134.7,0.4,134.5,100,134.4,150,,,,,,,,,,,,,,,,,134.9,150,,,,,,,,,,,,,,,,,,
2026-07-04T00:01:50.671102+00:00,2026-07-04T00:01:50.671001,2,2,134.7,0.4,134.5,100,134.4,150,,,,,,,,,,,,,,,,,134.9,150,135.0,100,,,,,,,,,,,,,,,,
2026-07-04T00:01:52.195189+00:00,2026-07-04T00:01:52.195116,2,2,134.7,0.4,134.5,100,134.4,150,,,,,,,,,,,,,,,,,134.9,100,135.0,100,,,,,,,,,,,,,,,,
2026-07-04T00:01:52.613515+00:00,2026-07-04T00:01:52.613439,1,1,134.75,0.5,134.5,100,,,,,,,,,,,,,,,,,,,135.0,100,,,,,,,,,,,,,,,,,,
2026-07-04T00:01:52.685499+00:00,2026-07-04T00:01:52.678838,2,1,134.85,0.3,134.7,139,134.5,100,,,,,,,,,,,,,,,,,135.0,100,,,,,,,,,,,,,,,,,,
2026-07-04T00:01:52.727471+00:00,2026-07-04T00:01:52.727409,2,2,134.85,0.3,134.7,139,134.5,100,,,,,,,,,,,,,,,,,135.0,100,135.2,150,,,,,,,,,,,,,,,,
2026-07-04T00:01:53.724909+00:00,2026-07-04T00:01:53.725021,1,1,134.95,0.5,134.7,139,,,,,,,,,,,,,,,,,,,135.2,150,,,,,,,,,,,,,,,,,,
2026-07-04T00:01:53.774246+00:00,2026-07-04T00:01:53.774165,2,1,134.95,0.5,134.7,139,134.5,100,,,,,,,,,,,,,,,,,135.2,150,,,,,,,,,,,,,,,,,,
2026-07-04T00:01:53.831221+00:00,2026-07-04T00:01:53.831084,2,2,134.85,0.3,134.7,139,134.5,100,,,,,,,,,,,,,,,,,135.0,100,135.2,150,,,,,,,,,,,,,,,,
2026-07-04T00:01:54.303466+00:00,2026-07-04T00:01:54.303339,2,2,134.85,0.3,134.7,139,134.5,100,,,,,,,,,,,,,,,,,135.0,50,135.2,150,,,,,,,,,,,,,,,,
2026-07-04T00:01:55.786765+00:00,2026-07-04T00:01:55.786690,1,1,134.75,0.5,134.5,100,,,,,,,,,,,,,,,,,,,135.0,50,,,,,,,,,,,,,,,,,,
2026-07-04T00:01:55.836417+00:00,2026-07-04T00:01:55.836302,2,1,134.8,0.4,134.6,150,134.5,100,,,,,,,,,,,,,,,,,135.0,50,,,,,,,,,,,,,,,,,,
2026-07-04T00:01:55.889786+00:00,2026-07-04T00:01:55.889684,2,2,134.8,0.4,134.6,150,134.5,100,,,,,,,,,,,,,,,,,135.0,50,135.1,150,,,,,,,,,,,,,,,,
2026-07-04T00:01:56.474409+00:00,2026-07-04T00:01:56.474211,2,2,134.8,0.4,134.6,100,134.5,100,,,,,,,,,,,,,,,,,135.0,50,135.1,150,,,,,,,,,,,,,,,,
2026-07-04T00:01:56.884258+00:00,2026-07-04T00:01:56.884136,1,1,134.85,0.5,134.6,100,,,,,,,,,,,,,,,,,,,135.1,150,,,,,,,,,,,,,,,,,,
2026-07-04T00:01:56.938931+00:00,2026-07-04T00:01:56.939019,1,1,134.85,0.5,134.6,200,,,,,,,,,,,,,,,,,,,135.1,150,,,,,,,,,,,,,,,,,,
2026-07-04T00:01:56.989682+00:00,2026-07-04T00:01:56.989585,1,1,134.85,0.5,134.6,200,,,,,,,,,,,,,,,,,,,135.1,250,,,,,,,,,,,,,,,,,,
2026-07-04T00:01:58.583665+00:00,2026-07-04T00:01:58.583487,1,1,134.85,0.5,134.6,150,,,,,,,,,,,,,,,,,,,135.1,250,,,,,,,,,,,,,,,,,,
2026-07-04T00:01:58.944548+00:00,2026-07-04T00:01:58.944399,1,1,134.85,0.5,134.6,150,,,,,,,,,,,,,,,,,,,135.1,100,,,,,,,,,,,,,,,,,,
2026-07-04T00:01:58.949638+00:00,2026-07-04T00:01:58.949552,1,1,134.85,0.5,134.6,100,,,,,,,,,,,,,,,,,,,135.1,100,,,,,,,,,,,,,,,,,,
2026-07-04T00:01:58.999786+00:00,2026-07-04T00:01:58.999635,2,1,134.85,0.5,134.6,100,134.4,150,,,,,,,,,,,,,,,,,135.1,100,,,,,,,,,,,,,,,,,,
2026-07-04T00:01:59.052246+00:00,2026-07-04T00:01:59.052182,2,2,134.75,0.3,134.6,100,134.4,150,,,,,,,,,,,,,,,,,134.9,150,135.1,100,,,,,,,,,,,,,,,,
2026-07-04T00:02:00.047391+00:00,2026-07-04T00:02:00.047294,1,1,134.65,0.5,134.4,150,,,,,,,,,,,,,,,,,,,134.9,150,,,,,,,,,,,,,,,,,,
2026-07-04T00:02:00.101859+00:00,2026-07-04T00:02:00.101748,2,1,134.75,0.3,134.6,100,134.4,150,,,,,,,,,,,,,,,,,134.9,150,,,,,,,,,,,,,,,,,,
2026-07-04T00:02:00.150050+00:00,2026-07-04T00:02:00.149922,2,2,134.75,0.3,134.6,100,134.4,150,,,,,,,,,,,,,,,,,134.9,150,135.1,100,,,,,,,,,,,,,,,,
2026-07-04T00:02:00.693920+00:00,2026-07-04T00:02:00.693841,2,2,134.75,0.3,134.6,50,134.4,150,,,,,,,,,,,,,,,,,134.9,150,135.1,100,,,,,,,,,,,,,,,,
2026-07-04T00:02:02.106674+00:00,2026-07-04T00:02:02.106902,2,1,134.85,0.5,134.6,50,134.4,150,,,,,,,,,,,,,,,,,135.1,100,,,,,,,,,,,,,,,,,,
2026-07-04T00:02:02.111979+00:00,2026-07-04T00:02:02.112085,1,1,134.85,0.5,134.6,50,,,,,,,,,,,,,,,,,,,135.1,100,,,,,,,,,,,,,,,,,,
2026-07-04T00:02:02.158618+00:00,2026-07-04T00:02:02.157698,2,1,134.85,0.5,134.6,50,134.1,150,,,,,,,,,,,,,,,,,135.1,100,,,,,,,,,,,,,,,,,,
2026-07-04T00:02:02.216409+00:00,2026-07-04T00:02:02.216243,1,2,134.35,0.5,134.1,150,,,,,,,,,,,,,,,,,,,134.6,100,135.1,100,,,,,,,,,,,,,,,,
2026-07-04T00:02:02.799701+00:00,2026-07-04T00:02:02.799612,1,2,134.35,0.5,134.1,100,,,,,,,,,,,,,,,,,,,134.6,100,135.1,100,,,,,,,,,,,,,,,,
2026-07-04T00:02:03.202360+00:00,2026-07-04T00:02:03.202270,1,1,134.35,0.5,134.1,100,,,,,,,,,,,,,,,,,,,134.6,100,,,,,,,,,,,,,,,,,,
2026-07-04T00:02:03.264100+00:00,2026-07-04T00:02:03.263873,2,1,134.5,0.2,134.4,100,134.1,100,,,,,,,,,,,,,,,,,134.6,100,,,,,,,,,,,,,,,,,,
2026-07-04T00:02:03.318859+00:00,2026-07-04T00:02:03.318790,2,2,134.5,0.2,134.4,100,134.1,100,,,,,,,,,,,,,,,,,134.6,100,134.9,100,,,,,,,,,,,,,,,,
2026-07-04T00:02:03.973551+00:00,2026-07-04T00:02:03.973398,2,2,134.5,0.2,134.4,100,134.1,100,,,,,,,,,,,,,,,,,134.6,53,134.9,100,,,,,,,,,,,,,,,,
2026-07-04T00:02:04.905777+00:00,2026-07-04T00:02:04.905737,2,2,134.5,0.2,134.4,50,134.1,100,,,,,,,,,,,,,,,,,134.6,53,134.9,100,,,,,,,,,,,,,,,,
2026-07-04T00:02:05.103315+00:00,2026-07-04T00:02:05.103142,2,2,134.5,0.2,134.4,50,134.1,100,,,,,,,,,,,,,,,,,134.6,13,134.9,100,,,,,,,,,,,,,,,,
2026-07-04T00:02:05.279485+00:00,2026-07-04T00:02:05.279407,1,1,134.65,0.5,134.4,50,,,,,,,,,,,,,,,,,,,134.9,100,,,,,,,,,,,,,,,,,,
2026-07-04T00:02:05.329767+00:00,2026-07-04T00:02:05.329676,2,1,134.65,0.5,134.4,50,134.1,150,,,,,,,,,,,,,,,,,134.9,100,,,,,,,,,,,,,,,,,,
2026-07-04T00:02:05.383231+00:00,2026-07-04T00:02:05.383054,2,2,134.5,0.2,134.4,50,134.1,150,,,,,,,,,,,,,,,,,134.6,150,134.9,100,,,,,,,,,,,,,,,,
2026-07-04T00:02:06.202915+00:00,2026-07-04T00:02:06.193821,2,2,134.5,0.2,134.4,38,134.1,150,,,,,,,,,,,,,,,,,134.6,150,134.9,100,,,,,,,,,,,,,,,,
2026-07-04T00:02:06.364782+00:00,2026-07-04T00:02:06.364730,1,1,134.35,0.5,134.1,150,,,,,,,,,,,,,,,,,,,134.6,150,,,,,,,,,,,,,,,,,,
2026-07-04T00:02:06.419283+00:00,2026-07-04T00:02:06.419086,2,1,134.35,0.5,134.1,150,133.7,100,,,,,,,,,,,,,,,,,134.6,150,,,,,,,,,,,,,,,,,,
2026-07-04T00:02:06.475030+00:00,2026-07-04T00:02:06.474934,2,2,134.15,0.1,134.1,150,133.7,100,,,,,,,,,,,,,,,,,134.2,100,134.6,150,,,,,,,,,,,,,,,,
2026-07-04T00:02:07.012468+00:00,2026-07-04T00:02:07.012625,2,2,134.15,0.1,134.1,100,133.7,100,,,,,,,,,,,,,,,,,134.2,100,134.6,150,,,,,,,,,,,,,,,,
2026-07-04T00:02:08.435521+00:00,2026-07-04T00:02:08.435471,1,1,133.95,0.5,133.7,100,,,,,,,,,,,,,,,,,,,134.2,100,,,,,,,,,,,,,,,,,,
2026-07-04T00:02:08.492735+00:00,2026-07-04T00:02:08.492621,2,1,134.1,0.2,134.0,150,133.7,100,,,,,,,,,,,,,,,,,134.2,100,,,,,,,,,,,,,,,,,,
2026-07-04T00:02:08.545737+00:00,2026-07-04T00:02:08.545633,2,2,134.1,0.2,134.0,150,133.7,100,,,,,,,,,,,,,,,,,134.2,100,134.5,150,,,,,,,,,,,,,,,,
2026-07-04T00:02:09.068730+00:00,2026-07-04T00:02:09.068604,2,2,134.1,0.2,134.0,150,133.7,100,,,,,,,,,,,,,,,,,134.2,50,134.5,150,,,,,,,,,,,,,,,,
2026-07-04T00:02:09.525921+00:00,2026-07-04T00:02:09.526051,1,1,134.25,0.5,134.0,150,,,,,,,,,,,,,,,,,,,134.5,150,,,,,,,,,,,,,,,,,,
2026-07-04T00:02:09.579451+00:00,2026-07-04T00:02:09.579568,2,1,134.25,0.5,134.0,150,133.9,100,,,,,,,,,,,,,,,,,134.5,150,,,,,,,,,,,,,,,,,,
2026-07-04T00:02:09.633750+00:00,2026-07-04T00:02:09.633677,2,2,134.2,0.4,134.0,150,133.9,100,,,,,,,,,,,,,,,,,134.4,100,134.5,150,,,,,,,,,,,,,,,,
2026-07-04T00:02:11.599469+00:00,2026-07-04T00:02:11.599327,1,1,134.15,0.5,133.9,100,,,,,,,,,,,,,,,,,,,134.4,100,,,,,,,,,,,,,,,,,,
2026-07-04T00:02:11.658682+00:00,2026-07-04T00:02:11.653884,1,1,134.15,0.5,133.9,250,,,,,,,,,,,,,,,,,,,134.4,100,,,,,,,,,,,,,,,,,,
2026-07-04T00:02:11.706978+00:00,2026-07-04T00:02:11.706864,1,1,134.15,0.5,133.9,250,,,,,,,,,,,,,,,,,,,134.4,250,,,,,,,,,,,,,,,,,,
2026-07-04T00:02:12.684807+00:00,2026-07-04T00:02:12.684697,1,1,134.15,0.5,133.9,150,,,,,,,,,,,,,,,,,,,134.4,150,,,,,,,,,,,,,,,,,,
2026-07-04T00:02:12.740000+00:00,2026-07-04T00:02:12.739938,2,1,134.15,0.5,133.9,150,133.8,100,,,,,,,,,,,,,,,,,134.4,150,,,,,,,,,,,,,,,,,,
2026-07-04T00:02:12.793877+00:00,2026-07-04T00:02:12.793762,2,2,134.1,0.4,133.9,150,133.8,100,,,,,,,,,,,,,,,,,134.3,100,134.4,150,,,,,,,,,,,,,,,,
2026-07-04T00:02:13.279539+00:00,2026-07-04T00:02:13.279398,2,2,134.1,0.4,133.9,150,133.8,100,,,,,,,,,,,,,,,,,134.3,50,134.4,150,,,,,,,,,,,,,,,,
2026-07-04T00:02:14.752442+00:00,2026-07-04T00:02:14.752601,1,1,134.05,0.5,133.8,100,,,,,,,,,,,,,,,,,,,134.3,50,,,,,,,,,,,,,,,,,,
2026-07-04T00:02:14.812592+00:00,2026-07-04T00:02:14.812464,2,1,134.1,0.4,133.9,150,133.8,100,,,,,,,,,,,,,,,,,134.3,50,,,,,,,,,,,,,,,,,,
2026-07-04T00:02:14.858606+00:00,2026-07-04T00:02:14.857431,2,2,134.1,0.4,133.9,150,133.8,100,,,,,,,,,,,,,,,,,134.3,50,134.4,150,,,,,,,,,,,,,,,,
2026-07-04T00:02:15.387155+00:00,2026-07-04T00:02:15.387042,2,1,134.15,0.5,133.9,150,133.8,100,,,,,,,,,,,,,,,,,134.4,150,,,,,,,,,,,,,,,,,,
2026-07-04T00:02:15.845690+00:00,2026-07-04T00:02:15.845615,1,1,134.15,0.5,133.9,150,,,,,,,,,,,,,,,,,,,134.4,150,,,,,,,,,,,,,,,,,,
2026-07-04T00:02:15.900631+00:00,2026-07-04T00:02:15.900728,2,1,134.35,0.1,134.3,100,133.9,150,,,,,,,,,,,,,,,,,134.4,150,,,,,,,,,,,,,,,,,,
2026-07-04T00:02:15.953664+00:00,2026-07-04T00:02:15.953609,2,2,134.35,0.1,134.3,100,133.9,150,,,,,,,,,,,,,,,,,134.4,150,134.8,100,,,,,,,,,,,,,,,,
2026-07-04T00:02:17.492754+00:00,2026-07-04T00:02:17.492636,2,2,134.35,0.1,134.3,100,133.9,150,,,,,,,,,,,,,,,,,134.4,100,134.8,100,,,,,,,,,,,,,,,,
2026-07-04T00:02:17.916322+00:00,2026-07-04T00:02:17.916258,1,1,134.55,0.5,134.3,100,,,,,,,,,,,,,,,,,,,134.8,100,,,,,,,,,,,,,,,,,,
2026-07-04T00:02:17.984928+00:00,2026-07-04T00:02:17.984739,2,1,134.55,0.5,134.3,100,134.1,150,,,,,,,,,,,,,,,,,134.8,100,,,,,,,,,,,,,,,,,,
2026-07-04T00:02:18.035617+00:00,2026-07-04T00:02:18.035425,2,2,134.45,0.3,134.3,100,134.1,150,,,,,,,,,,,,,,,,,134.6,150,134.8,100,,,,,,,,,,,,,,,,
2026-07-04T00:02:19.003919+00:00,2026-07-04T00:02:19.003804,1,1,134.35,0.5,134.1,150,,,,,,,,,,,,,,,,,,,134.6,150,,,,,,,,,,,,,,,,,,
2026-07-04T00:02:19.058605+00:00,2026-07-04T00:02:19.056857,2,1,134.45,0.3,134.3,100,134.1,150,,,,,,,,,,,,,,,,,134.6,150,,,,,,,,,,,,,,,,,,
2026-07-04T00:02:19.112568+00:00,2026-07-04T00:02:19.112504,2,2,134.45,0.3,134.3,100,134.1,150,,,,,,,,,,,,,,,,,134.6,150,134.8,100,,,,,,,,,,,,,,,,
2026-07-04T00:02:19.413248+00:00,2026-07-04T00:02:19.413172,2,2,134.45,0.3,134.3,55,134.1,150,,,,,,,,,,,,,,,,,134.6,150,134.8,100,,,,,,,,,,,,,,,,
2026-07-04T00:02:19.601191+00:00,2026-07-04T00:02:19.601358,2,2,134.45,0.3,134.3,55,134.1,150,,,,,,,,,,,,,,,,,134.6,100,134.8,100,,,,,,,,,,,,,,,,
2026-07-04T00:02:19.876920+00:00,2026-07-04T00:02:19.876786,2,2,134.45,0.3,134.3,15,134.1,150,,,,,,,,,,,,,,,,,134.6,100,134.8,100,,,,,,,,,,,,,,,,
2026-07-04T00:02:21.090562+00:00,2026-07-04T00:02:21.090676,1,1,134.55,0.5,134.3,15,,,,,,,,,,,,,,,,,,,134.8,100,,,,,,,,,,,,,,,,,,
2026-07-04T00:02:21.144310+00:00,2026-07-04T00:02:21.144254,2,1,134.6,0.4,134.4,150,134.3,15,,,,,,,,,,,,,,,,,134.8,100,,,,,,,,,,,,,,,,,,
2026-07-04T00:02:21.197058+00:00,2026-07-04T00:02:21.196963,2,2,134.6,0.4,134.4,150,134.3,15,,,,,,,,,,,,,,,,,134.8,100,134.9,150,,,,,,,,,,,,,,,,
2026-07-04T00:02:21.404338+00:00,2026-07-04T00:02:21.404497,2,2,134.6,0.4,134.4,108,134.3,15,,,,,,,,,,,,,,,,,134.8,100,134.9,150,,,,,,,,,,,,,,,,
2026-07-04T00:02:21.926455+00:00,2026-07-04T00:02:21.921263,2,2,134.6,0.4,134.4,85,134.3,15,,,,,,,,,,,,,,,,,134.8,100,134.9,150,,,,,,,,,,,,,,,,
2026-07-04T00:02:22.169712+00:00,2026-07-04T00:02:22.169647,1,1,134.65,0.5,134.4,85,,,,,,,,,,,,,,,,,,,134.9,150,,,,,,,,,,,,,,,,,,
2026-07-04T00:02:22.227495+00:00,2026-07-04T00:02:22.227425,2,1,134.65,0.5,134.4,85,133.7,100,,,,,,,,,,,,,,,,,134.9,150,,,,,,,,,,,,,,,,,,
2026-07-04T00:02:22.283708+00:00,2026-07-04T00:02:22.283655,1,2,133.95,0.5,133.7,100,,,,,,,,,,,,,,,,,,,134.2,15,134.9,150,,,,,,,,,,,,,,,,
2026-07-04T00:02:22.871591+00:00,2026-07-04T00:02:22.865862,1,2,133.95,0.5,133.7,100,,,,,,,,,,,,,,,,,,,134.2,3,134.9,150,,,,,,,,,,,,,,,,
2026-07-04T00:02:23.811298+00:00,2026-07-04T00:02:23.811172,1,1,134.3,1.2,133.7,100,,,,,,,,,,,,,,,,,,,134.9,150,,,,,,,,,,,,,,,,,,
2026-07-04T00:02:24.250914+00:00,2026-07-04T00:02:24.250807,1,0,,,133.7,100,,,,,,,,,,,,,,,,,,,,,,,,,,,,,,,,,,,,,,
2026-07-04T00:02:24.304335+00:00,2026-07-04T00:02:24.304109,2,0,,,133.7,100,133.6,150,,,,,,,,,,,,,,,,,,,,,,,,,,,,,,,,,,,,
2026-07-04T00:02:24.379111+00:00,2026-07-04T00:02:24.369483,2,1,133.9,0.4,133.7,100,133.6,150,,,,,,,,,,,,,,,,,134.1,139,,,,,,,,,,,,,,,,,,
2026-07-04T00:02:25.058547+00:00,2026-07-04T00:02:25.054704,2,1,133.9,0.4,133.7,100,133.6,150,,,,,,,,,,,,,,,,,134.1,91,,,,,,,,,,,,,,,,,,
2026-07-04T00:02:25.358635+00:00,2026-07-04T00:02:25.353730,1,1,133.85,0.5,133.6,150,,,,,,,,,,,,,,,,,,,134.1,91,,,,,,,,,,,,,,,,,,
2026-07-04T00:02:25.409152+00:00,2026-07-04T00:02:25.409089,2,0,,,134.1,9,133.6,150,,,,,,,,,,,,,,,,,,,,,,,,,,,,,,,,,,,,
2026-07-04T00:02:25.464372+00:00,2026-07-04T00:02:25.464248,2,1,134.35,0.5,134.1,9,133.6,150,,,,,,,,,,,,,,,,,134.6,100,,,,,,,,,,,,,,,,,,
2026-07-04T00:02:25.972753+00:00,2026-07-04T00:02:25.972717,1,1,134.1,1.0,133.6,109,,,,,,,,,,,,,,,,,,,134.6,100,,,,,,,,,,,,,,,,,,
2026-07-04T00:02:26.547024+00:00,2026-07-04T00:02:26.546910,1,1,134.1,1.0,133.6,109,,,,,,,,,,,,,,,,,,,134.6,58,,,,,,,,,,,,,,,,,,
2026-07-04T00:02:27.420426+00:00,2026-07-04T00:02:27.420308,0,1,,,,,,,,,,,,,,,,,,,,,,,134.6,58,,,,,,,,,,,,,,,,,,
2026-07-04T00:02:27.473454+00:00,2026-07-04T00:02:27.473374,1,1,134.4,0.4,134.2,150,,,,,,,,,,,,,,,,,,,134.6,58,,,,,,,,,,,,,,,,,,
2026-07-04T00:02:27.525527+00:00,2026-07-04T00:02:27.525451,1,2,134.4,0.4,134.2,150,,,,,,,,,,,,,,,,,,,134.6,58,134.7,150,,,,,,,,,,,,,,,,
2026-07-04T00:02:28.486308+00:00,2026-07-04T00:02:28.480122,1,2,134.4,0.4,134.2,139,,,,,,,,,,,,,,,,,,,134.6,58,134.7,150,,,,,,,,,,,,,,,,
2026-07-04T00:02:28.517917+00:00,2026-07-04T00:02:28.518035,1,1,134.45,0.5,134.2,139,,,,,,,,,,,,,,,,,,,134.7,150,,,,,,,,,,,,,,,,,,
2026-07-04T00:02:28.571165+00:00,2026-07-04T00:02:28.571134,2,1,134.45,0.5,134.2,139,133.8,100,,,,,,,,,,,,,,,,,134.7,150,,,,,,,,,,,,,,,,,,
2026-07-04T00:02:28.625048+00:00,2026-07-04T00:02:28.624924,2,2,134.25,0.1,134.2,139,133.8,100,,,,,,,,,,,,,,,,,134.3,100,134.7,150,,,,,,,,,,,,,,,,
2026-07-04T00:02:28.680302+00:00,2026-07-04T00:02:28.680244,2,2,134.25,0.1,134.2,97,133.8,100,,,,,,,,,,,,,,,,,134.3,100,134.7,150,,,,,,,,,,,,,,,,
2026-07-04T00:02:29.319745+00:00,2026-07-04T00:02:29.319606,2,2,134.25,0.1,134.2,56,133.8,100,,,,,,,,,,,,,,,,,134.3,100,134.7,150,,,,,,,,,,,,,,,,
2026-07-04T00:02:30.406157+00:00,2026-07-04T00:02:30.406052,2,2,134.25,0.1,134.2,56,133.8,100,,,,,,,,,,,,,,,,,134.3,51,134.7,150,,,,,,,,,,,,,,,,
2026-07-04T00:02:30.579797+00:00,2026-07-04T00:02:30.579726,1,1,134.05,0.5,133.8,100,,,,,,,,,,,,,,,,,,,134.3,51,,,,,,,,,,,,,,,,,,
2026-07-04T00:02:30.628692+00:00,2026-07-04T00:02:30.628651,2,1,134.05,0.5,133.8,100,133.7,150,,,,,,,,,,,,,,,,,134.3,51,,,,,,,,,,,,,,,,,,
2026-07-04T00:02:30.702954+00:00,2026-07-04T00:02:30.702788,2,2,134.0,0.4,133.8,100,133.7,150,,,,,,,,,,,,,,,,,134.2,150,134.3,51,,,,,,,,,,,,,,,,
2026-07-04T00:02:31.680238+00:00,2026-07-04T00:02:31.680159,1,1,133.95,0.5,133.7,150,,,,,,,,,,,,,,,,,,,134.2,150,,,,,,,,,,,,,,,,,,
2026-07-04T00:02:31.735756+00:00,2026-07-04T00:02:31.735698,2,1,134.1,0.2,134.0,100,133.7,150,,,,,,,,,,,,,,,,,134.2,150,,,,,,,,,,,,,,,,,,
2026-07-04T00:02:31.788327+00:00,2026-07-04T00:02:31.788201,2,2,134.1,0.2,134.0,100,133.7,150,,,,,,,,,,,,,,,,,134.2,150,134.5,100,,,,,,,,,,,,,,,,
2026-07-04T00:02:32.112918+00:00,2026-07-04T00:02:32.112887,2,2,134.1,0.2,134.0,100,133.7,150,,,,,,,,,,,,,,,,,134.2,108,134.5,100,,,,,,,,,,,,,,,,
2026-07-04T00:02:33.768952+00:00,2026-07-04T00:02:33.768800,1,1,134.25,0.5,134.0,100,,,,,,,,,,,,,,,,,,,134.5,100,,,,,,,,,,,,,,,,,,
2026-07-04T00:02:33.823633+00:00,2026-07-04T00:02:33.823760,2,1,134.25,0.5,134.0,100,133.8,150,,,,,,,,,,,,,,,,,134.5,100,,,,,,,,,,,,,,,,,,
2026-07-04T00:02:33.877507+00:00,2026-07-04T00:02:33.877397,2,2,134.15,0.3,134.0,100,133.8,150,,,,,,,,,,,,,,,,,134.3,150,134.5,100,,,,,,,,,,,,,,,,
2026-07-04T00:02:34.348030+00:00,2026-07-04T00:02:34.348142,2,2,134.15,0.3,134.0,100,133.8,150,,,,,,,,,,,,,,,,,134.3,100,134.5,100,,,,,,,,,,,,,,,,
2026-07-04T00:02:34.837871+00:00,2026-07-04T00:02:34.837807,1,1,134.05,0.5,133.8,150,,,,,,,,,,,,,,,,,,,134.3,100,,,,,,,,,,,,,,,,,,
2026-07-04T00:02:34.897083+00:00,2026-07-04T00:02:34.897227,2,1,134.15,0.3,134.0,100,133.8,150,,,,,,,,,,,,,,,,,134.3,100,,,,,,,,,,,,,,,,,,
2026-07-04T00:02:34.945801+00:00,2026-07-04T00:02:34.945753,2,2,134.15,0.3,134.0,100,133.8,150,,,,,,,,,,,,,,,,,134.3,100,134.5,100,,,,,,,,,,,,,,,,
2026-07-04T00:02:36.463992+00:00,2026-07-04T00:02:36.463822,2,2,134.15,0.3,134.0,100,133.8,150,,,,,,,,,,,,,,,,,134.3,50,134.5,100,,,,,,,,,,,,,,,,
2026-07-04T00:02:36.931013+00:00,2026-07-04T00:02:36.931186,1,1,134.25,0.5,134.0,100,,,,,,,,,,,,,,,,,,,134.5,100,,,,,,,,,,,,,,,,,,
2026-07-04T00:02:36.986719+00:00,2026-07-04T00:02:36.986550,2,1,134.4,0.2,134.3,150,134.0,100,,,,,,,,,,,,,,,,,134.5,100,,,,,,,,,,,,,,,,,,
2026-07-04T00:02:37.039506+00:00,2026-07-04T00:02:37.039413,2,2,134.4,0.2,134.3,150,134.0,100,,,,,,,,,,,,,,,,,134.5,100,134.8,150,,,,,,,,,,,,,,,,
2026-07-04T00:02:37.999975+00:00,2026-07-04T00:02:37.999869,1,1,134.55,0.5,134.3,150,,,,,,,,,,,,,,,,,,,134.8,150,,,,,,,,,,,,,,,,,,
2026-07-04T00:02:38.058644+00:00,2026-07-04T00:02:38.057553,2,1,134.55,0.5,134.3,150,134.2,100,,,,,,,,,,,,,,,,,134.8,150,,,,,,,,,,,,,,,,,,
2026-07-04T00:02:38.110719+00:00,2026-07-04T00:02:38.110644,2,2,134.5,0.4,134.3,150,134.2,100,,,,,,,,,,,,,,,,,134.7,100,134.8,150,,,,,,,,,,,,,,,,
2026-07-04T00:02:38.584600+00:00,2026-07-04T00:02:38.577312,2,2,134.5,0.4,134.3,138,134.2,100,,,,,,,,,,,,,,,,,134.7,100,134.8,150,,,,,,,,,,,,,,,,
2026-07-04T00:02:38.639508+00:00,2026-07-04T00:02:38.639444,2,2,134.5,0.4,134.3,88,134.2,100,,,,,,,,,,,,,,,,,134.7,100,134.8,150,,,,,,,,,,,,,,,,
2026-07-04T00:02:38.979104+00:00,2026-07-04T00:02:38.972873,2,2,134.5,0.4,134.3,77,134.2,100,,,,,,,,,,,,,,,,,134.7,100,134.8,150,,,,,,,,,,,,,,,,
2026-07-04T00:02:39.784824+00:00,2026-07-04T00:02:39.784705,2,2,134.5,0.4,134.3,35,134.2,100,,,,,,,,,,,,,,,,,134.7,100,134.8,150,,,,,,,,,,,,,,,,
2026-07-04T00:02:40.096039+00:00,2026-07-04T00:02:40.095954,1,1,134.45,0.5,134.2,100,,,,,,,,,,,,,,,,,,,134.7,100,,,,,,,,,,,,,,,,,,
2026-07-04T00:02:40.149856+00:00,2026-07-04T00:02:40.149810,2,1,134.45,0.5,134.2,100,133.5,150,,,,,,,,,,,,,,,,,134.7,100,,,,,,,,,,,,,,,,,,
2026-07-04T00:02:40.208037+00:00,2026-07-04T00:02:40.208012,1,2,133.75,0.5,133.5,150,,,,,,,,,,,,,,,,,,,134.0,50,134.7,100,,,,,,,,,,,,,,,,
2026-07-04T00:02:40.218770+00:00,2026-07-04T00:02:40.212591,1,2,133.75,0.5,133.5,150,,,,,,,,,,,,,,,,,,,134.0,39,134.7,100,,,,,,,,,,,,,,,,
2026-07-04T00:02:40.436786+00:00,2026-07-04T00:02:40.436912,1,1,134.1,1.2,133.5,150,,,,,,,,,,,,,,,,,,,134.7,100,,,,,,,,,,,,,,,,,,
2026-07-04T00:02:40.748029+00:00,2026-07-04T00:02:40.747981,1,1,134.1,1.2,133.5,100,,,,,,,,,,,,,,,,,,,134.7,100,,,,,,,,,,,,,,,,,,
2026-07-04T00:02:41.158593+00:00,2026-07-04T00:02:41.156420,1,0,,,133.5,100,,,,,,,,,,,,,,,,,,,,,,,,,,,,,,,,,,,,,,
2026-07-04T00:02:41.214713+00:00,2026-07-04T00:02:41.214886,2,0,,,133.6,100,133.5,100,,,,,,,,,,,,,,,,,,,,,,,,,,,,,,,,,,,,
2026-07-04T00:02:41.269561+00:00,2026-07-04T00:02:41.269667,2,1,133.8,0.4,133.6,100,133.5,100,,,,,,,,,,,,,,,,,134.0,100,,,,,,,,,,,,,,,,,,
2026-07-04T00:02:41.280854+00:00,2026-07-04T00:02:41.273931,2,1,133.8,0.4,133.6,100,133.5,100,,,,,,,,,,,,,,,,,134.0,88,,,,,,,,,,,,,,,,,,
2026-07-04T00:02:42.490175+00:00,2026-07-04T00:02:42.490078,2,1,133.8,0.4,133.6,59,133.5,100,,,,,,,,,,,,,,,,,134.0,88,,,,,,,,,,,,,,,,,,
2026-07-04T00:02:42.858577+00:00,2026-07-04T00:02:42.855563,2,1,133.8,0.4,133.6,9,133.5,100,,,,,,,,,,,,,,,,,134.0,88,,,,,,,,,,,,,,,,,,
2026-07-04T00:02:43.258571+00:00,2026-07-04T00:02:43.253668,1,1,133.8,0.4,133.6,9,,,,,,,,,,,,,,,,,,,134.0,88,,,,,,,,,,,,,,,,,,
2026-07-04T00:02:43.310054+00:00,2026-07-04T00:02:43.310180,2,1,133.95,0.1,133.9,150,133.6,9,,,,,,,,,,,,,,,,,134.0,88,,,,,,,,,,,,,,,,,,
2026-07-04T00:02:43.366410+00:00,2026-07-04T00:02:43.366383,2,2,133.95,0.1,133.9,150,133.6,9,,,,,,,,,,,,,,,,,134.0,88,134.4,150,,,,,,,,,,,,,,,,
2026-07-04T00:02:44.233386+00:00,2026-07-04T00:02:44.227842,2,2,133.95,0.1,133.9,150,133.6,9,,,,,,,,,,,,,,,,,134.0,77,134.4,150,,,,,,,,,,,,,,,,
2026-07-04T00:02:44.326074+00:00,2026-07-04T00:02:44.326022,1,1,134.15,0.5,133.9,150,,,,,,,,,,,,,,,,,,,134.4,150,,,,,,,,,,,,,,,,,,
2026-07-04T00:02:44.377870+00:00,2026-07-04T00:02:44.378045,2,1,134.15,0.5,133.9,150,133.4,100,,,,,,,,,,,,,,,,,134.4,150,,,,,,,,,,,,,,,,,,
2026-07-04T00:02:44.431522+00:00,2026-07-04T00:02:44.431676,2,1,134.15,0.5,133.9,50,133.4,100,,,,,,,,,,,,,,,,,134.4,150,,,,,,,,,,,,,,,,,,
2026-07-04T00:02:44.639076+00:00,2026-07-04T00:02:44.633685,2,1,134.15,0.5,133.9,39,133.4,100,,,,,,,,,,,,,,,,,134.4,150,,,,,,,,,,,,,,,,,,
2026-07-04T00:02:44.958593+00:00,2026-07-04T00:02:44.957053,1,1,133.9,1.0,133.4,89,,,,,,,,,,,,,,,,,,,134.4,150,,,,,,,,,,,,,,,,,,
2026-07-04T00:02:46.464088+00:00,2026-07-04T00:02:46.463877,1,0,,,133.4,89,,,,,,,,,,,,,,,,,,,,,,,,,,,,,,,,,,,,,,
2026-07-04T00:02:46.509141+00:00,2026-07-04T00:02:46.509025,2,0,,,133.4,89,133.3,150,,,,,,,,,,,,,,,,,,,,,,,,,,,,,,,,,,,,
2026-07-04T00:02:46.567236+00:00,2026-07-04T00:02:46.562017,2,1,133.55,0.3,133.4,89,133.3,150,,,,,,,,,,,,,,,,,133.7,139,,,,,,,,,,,,,,,,,,
2026-07-04T00:02:47.020528+00:00,2026-07-04T00:02:47.020424,2,1,133.55,0.3,133.4,89,133.3,150,,,,,,,,,,,,,,,,,133.7,89,,,,,,,,,,,,,,,,,,
2026-07-04T00:02:47.503620+00:00,2026-07-04T00:02:47.503534,1,1,133.5,0.4,133.3,150,,,,,,,,,,,,,,,,,,,133.7,89,,,,,,,,,,,,,,,,,,
2026-07-04T00:02:47.563994+00:00,2026-07-04T00:02:47.563862,1,1,133.5,0.4,133.3,250,,,,,,,,,,,,,,,,,,,133.7,89,,,,,,,,,,,,,,,,,,
2026-07-04T00:02:47.614816+00:00,2026-07-04T00:02:47.614899,1,2,133.5,0.4,133.3,250,,,,,,,,,,,,,,,,,,,133.7,89,133.8,100,,,,,,,,,,,,,,,,
2026-07-04T00:02:49.129029+00:00,2026-07-04T00:02:49.128883,1,2,133.5,0.4,133.3,250,,,,,,,,,,,,,,,,,,,133.7,39,133.8,100,,,,,,,,,,,,,,,,
2026-07-04T00:02:49.498704+00:00,2026-07-04T00:02:49.493379,1,2,133.5,0.4,133.3,250,,,,,,,,,,,,,,,,,,,133.7,16,133.8,100,,,,,,,,,,,,,,,,
2026-07-04T00:02:49.619144+00:00,2026-07-04T00:02:49.619270,1,1,133.55,0.5,133.3,100,,,,,,,,,,,,,,,,,,,133.8,100,,,,,,,,,,,,,,,,,,
2026-07-04T00:02:49.677736+00:00,2026-07-04T00:02:49.677706,2,0,,,133.9,50,133.3,100,,,,,,,,,,,,,,,,,,,,,,,,,,,,,,,,,,,,
2026-07-04T00:02:49.739501+00:00,2026-07-04T00:02:49.734334,2,1,134.15,0.5,133.9,39,133.3,100,,,,,,,,,,,,,,,,,134.4,150,,,,,,,,,,,,,,,,,,
2026-07-04T00:02:50.692140+00:00,2026-07-04T00:02:50.691992,1,1,134.15,0.5,133.9,39,,,,,,,,,,,,,,,,,,,134.4,150,,,,,,,,,,,,,,,,,,
2026-07-04T00:02:50.758654+00:00,2026-07-04T00:02:50.751889,1,1,134.15,0.5,133.9,139,,,,,,,,,,,,,,,,,,,134.4,150,,,,,,,,,,,,,,,,,,
2026-07-04T00:02:50.790635+00:00,2026-07-04T00:02:50.785324,1,1,134.15,0.5,133.9,127,,,,,,,,,,,,,,,,,,,134.4,150,,,,,,,,,,,,,,,,,,
2026-07-04T00:02:50.806219+00:00,2026-07-04T00:02:50.806092,1,1,134.15,0.5,133.9,127,,,,,,,,,,,,,,,,,,,134.4,250,,,,,,,,,,,,,,,,,,
2026-07-04T00:02:51.294821+00:00,2026-07-04T00:02:51.294669,1,1,134.15,0.5,133.9,77,,,,,,,,,,,,,,,,,,,134.4,250,,,,,,,,,,,,,,,,,,
2026-07-04T00:02:52.784161+00:00,2026-07-04T00:02:52.784132,1,1,134.15,0.5,133.9,77,,,,,,,,,,,,,,,,,,,134.4,100,,,,,,,,,,,,,,,,,,
2026-07-04T00:02:52.839320+00:00,2026-07-04T00:02:52.839270,2,1,134.15,0.5,133.9,77,133.3,150,,,,,,,,,,,,,,,,,134.4,100,,,,,,,,,,,,,,,,,,
2026-07-04T00:02:52.893121+00:00,2026-07-04T00:02:52.893067,1,2,133.55,0.5,133.3,150,,,,,,,,,,,,,,,,,,,133.8,73,134.4,100,,,,,,,,,,,,,,,,
2026-07-04T00:02:52.901233+00:00,2026-07-04T00:02:52.896513,1,2,133.55,0.5,133.3,150,,,,,,,,,,,,,,,,,,,133.8,61,134.4,100,,,,,,,,,,,,,,,,
2026-07-04T00:02:53.358806+00:00,2026-07-04T00:02:53.358657,1,2,133.55,0.5,133.3,150,,,,,,,,,,,,,,,,,,,133.8,11,134.4,100,,,,,,,,,,,,,,,,
2026-07-04T00:02:53.858583+00:00,2026-07-04T00:02:53.856543,1,1,133.55,0.5,133.3,150,,,,,,,,,,,,,,,,,,,133.8,11,,,,,,,,,,,,,,,,,,
2026-07-04T00:02:53.911160+00:00,2026-07-04T00:02:53.911056,2,1,133.7,0.2,133.6,100,133.3,150,,,,,,,,,,,,,,,,,133.8,11,,,,,,,,,,,,,,,,,,
2026-07-04T00:02:53.964045+00:00,2026-07-04T00:02:53.963976,2,2,133.7,0.2,133.6,100,133.3,150,,,,,,,,,,,,,,,,,133.8,11,134.1,100,,,,,,,,,,,,,,,,
2026-07-04T00:02:55.513776+00:00,2026-07-04T00:02:55.513735,2,2,133.7,0.2,133.6,50,133.3,150,,,,,,,,,,,,,,,,,133.8,11,134.1,100,,,,,,,,,,,,,,,,
2026-07-04T00:02:55.948600+00:00,2026-07-04T00:02:55.948535,1,1,133.85,0.5,133.6,50,,,,,,,,,,,,,,,,,,,134.1,100,,,,,,,,,,,,,,,,,,
2026-07-04T00:02:56.003388+00:00,2026-07-04T00:02:56.003462,2,1,134.0,0.2,133.9,150,133.6,50,,,,,,,,,,,,,,,,,134.1,100,,,,,,,,,,,,,,,,,,
2026-07-04T00:02:56.055977+00:00,2026-07-04T00:02:56.055888,2,2,134.0,0.2,133.9,150,133.6,50,,,,,,,,,,,,,,,,,134.1,100,134.4,150,,,,,,,,,,,,,,,,
2026-07-04T00:02:57.013267+00:00,2026-07-04T00:02:57.013173,2,1,134.15,0.5,133.9,150,133.6,50,,,,,,,,,,,,,,,,,134.4,150,,,,,,,,,,,,,,,,,,
2026-07-04T00:02:57.018375+00:00,2026-07-04T00:02:57.018308,1,1,134.15,0.5,133.9,150,,,,,,,,,,,,,,,,,,,134.4,150,,,,,,,,,,,,,,,,,,
2026-07-04T00:02:57.055222+00:00,2026-07-04T00:02:57.055332,1,1,134.15,0.5,133.9,150,,,,,,,,,,,,,,,,,,,134.4,104,,,,,,,,,,,,,,,,,,
2026-07-04T00:02:57.072018+00:00,2026-07-04T00:02:57.072095,2,1,134.15,0.5,133.9,150,133.6,100,,,,,,,,,,,,,,,,,134.4,104,,,,,,,,,,,,,,,,,,
2026-07-04T00:02:57.124648+00:00,2026-07-04T00:02:57.124545,2,2,134.0,0.2,133.9,150,133.6,100,,,,,,,,,,,,,,,,,134.1,100,134.4,104,,,,,,,,,,,,,,,,
2026-07-04T00:02:57.569630+00:00,2026-07-04T00:02:57.569540,2,2,134.0,0.2,133.9,150,133.6,100,,,,,,,,,,,,,,,,,134.1,50,134.4,104,,,,,,,,,,,,,,,,
2026-07-04T00:02:59.109996+00:00,2026-07-04T00:02:59.109878,1,1,133.85,0.5,133.6,100,,,,,,,,,,,,,,,,,,,134.1,50,,,,,,,,,,,,,,,,,,
2026-07-04T00:02:59.168918+00:00,2026-07-04T00:02:59.168819,2,0,,,134.1,100,133.6,100,,,,,,,,,,,,,,,,,,,,,,,,,,,,,,,,,,,,
2026-07-04T00:02:59.227333+00:00,2026-07-04T00:02:59.222693,2,1,134.35,0.5,134.1,77,133.6,100,,,,,,,,,,,,,,,,,134.6,150,,,,,,,,,,,,,,,,,,
2026-07-04T00:02:59.671748+00:00,2026-07-04T00:02:59.671646,2,1,134.35,0.5,134.1,77,133.6,100,,,,,,,,,,,,,,,,,134.6,100,,,,,,,,,,,,,,,,,,
2026-07-04T00:03:00.179852+00:00,2026-07-04T00:03:00.179757,1,1,134.35,0.5,134.1,77,,,,,,,,,,,,,,,,,,,134.6,100,,,,,,,,,,,,,,,,,,
2026-07-04T00:03:00.234492+00:00,2026-07-04T00:03:00.234405,2,1,134.35,0.5,134.1,77,133.7,100,,,,,,,,,,,,,,,,,134.6,100,,,,,,,,,,,,,,,,,,
2026-07-04T00:03:00.284558+00:00,2026-07-04T00:03:00.284504,2,2,134.15,0.1,134.1,77,133.7,100,,,,,,,,,,,,,,,,,134.2,100,134.6,100,,,,,,,,,,,,,,,,
2026-07-04T00:03:01.832112+00:00,2026-07-04T00:03:01.831981,2,2,134.15,0.1,134.1,27,133.7,100,,,,,,,,,,,,,,,,,134.2,100,134.6,100,,,,,,,,,,,,,,,,
2026-07-04T00:03:02.269009+00:00,2026-07-04T00:03:02.268893,2,1,134.15,0.1,134.1,27,133.7,100,,,,,,,,,,,,,,,,,134.2,100,,,,,,,,,,,,,,,,,,
2026-07-04T00:03:02.274188+00:00,2026-07-04T00:03:02.274051,1,1,133.95,0.5,133.7,100,,,,,,,,,,,,,,,,,,,134.2,100,,,,,,,,,,,,,,,,,,
2026-07-04T00:03:02.329255+00:00,2026-07-04T00:03:02.329193,2,1,134.05,0.3,133.9,150,133.7,100,,,,,,,,,,,,,,,,,134.2,100,,,,,,,,,,,,,,,,,,
2026-07-04T00:03:02.379015+00:00,2026-07-04T00:03:02.378930,2,2,134.05,0.3,133.9,150,133.7,100,,,,,,,,,,,,,,,,,134.2,100,134.4,150,,,,,,,,,,,,,,,,
2026-07-04T00:03:03.344253+00:00,2026-07-04T00:03:03.344191,2,1,134.15,0.5,133.9,150,133.7,100,,,,,,,,,,,,,,,,,134.4,150,,,,,,,,,,,,,,,,,,
2026-07-04T00:03:03.349486+00:00,2026-07-04T00:03:03.349347,1,1,134.15,0.5,133.9,150,,,,,,,,,,,,,,,,,,,134.4,150,,,,,,,,,,,,,,,,,,
2026-07-04T00:03:03.415433+00:00,2026-07-04T00:03:03.415347,2,1,134.15,0.5,133.9,150,133.8,100,,,,,,,,,,,,,,,,,134.4,150,,,,,,,,,,,,,,,,,,
2026-07-04T00:03:03.467066+00:00,2026-07-04T00:03:03.467192,2,2,134.1,0.4,133.9,150,133.8,100,,,,,,,,,,,,,,,,,134.3,100,134.4,150,,,,,,,,,,,,,,,,
2026-07-04T00:03:03.939953+00:00,2026-07-04T00:03:03.939878,2,2,134.1,0.4,133.9,100,133.8,100,,,,,,,,,,,,,,,,,134.3,100,134.4,150,,,,,,,,,,,,,,,,
2026-07-04T00:03:04.431902+00:00,2026-07-04T00:03:04.431854,2,2,134.1,0.4,133.9,60,133.8,100,,,,,,,,,,,,,,,,,134.3,100,134.4,150,,,,,,,,,,,,,,,,
2026-07-04T00:03:05.435866+00:00,2026-07-04T00:03:05.435758,1,1,134.05,0.5,133.8,100,,,,,,,,,,,,,,,,,,,134.3,100,,,,,,,,,,,,,,,,,,
2026-07-04T00:03:05.490218+00:00,2026-07-04T00:03:05.490119,2,1,134.05,0.5,133.8,100,133.6,150,,,,,,,,,,,,,,,,,134.3,100,,,,,,,,,,,,,,,,,,
2026-07-04T00:03:05.539429+00:00,2026-07-04T00:03:05.539397,2,2,133.95,0.3,133.8,100,133.6,150,,,,,,,,,,,,,,,,,134.1,150,134.3,100,,,,,,,,,,,,,,,,
2026-07-04T00:03:06.047129+00:00,2026-07-04T00:03:06.047101,2,2,133.95,0.3,133.8,50,133.6,150,,,,,,,,,,,,,,,,,134.1,150,134.3,100,,,,,,,,,,,,,,,,
2026-07-04T00:03:06.492440+00:00,2026-07-04T00:03:06.492381,2,2,133.95,0.3,133.8,50,133.6,150,,,,,,,,,,,,,,,,,134.1,103,134.3,100,,,,,,,,,,,,,,,,
2026-07-04T00:03:06.522195+00:00,2026-07-04T00:03:06.522338,1,1,133.85,0.5,133.6,150,,,,,,,,,,,,,,,,,,,134.1,103,,,,,,,,,,,,,,,,,,
2026-07-04T00:03:06.579986+00:00,2026-07-04T00:03:06.579933,2,1,133.9,0.4,133.7,100,133.6,150,,,,,,,,,,,,,,,,,134.1,103,,,,,,,,,,,,,,,,,,
2026-07-04T00:03:06.632468+00:00,2026-07-04T00:03:06.632348,2,2,133.9,0.4,133.7,100,133.6,150,,,,,,,,,,,,,,,,,134.1,103,134.2,100,,,,,,,,,,,,,,,,
2026-07-04T00:03:07.590236+00:00,2026-07-04T00:03:07.590359,2,2,133.9,0.4,133.7,58,133.6,150,,,,,,,,,,,,,,,,,134.1,103,134.2,100,,,,,,,,,,,,,,,,
2026-07-04T00:03:08.169674+00:00,2026-07-04T00:03:08.169577,2,2,133.9,0.4,133.7,8,133.6,150,,,,,,,,,,,,,,,,,134.1,103,134.2,100,,,,,,,,,,,,,,,,
2026-07-04T00:03:08.594959+00:00,2026-07-04T00:03:08.594843,1,1,133.95,0.5,133.7,8,,,,,,,,,,,,,,,,,,,134.2,100,,,,,,,,,,,,,,,,,,
2026-07-04T00:03:08.650196+00:00,2026-07-04T00:03:08.650081,1,1,133.95,0.5,133.7,158,,,,,,,,,,,,,,,,,,,134.2,100,,,,,,,,,,,,,,,,,,
2026-07-04T00:03:08.703510+00:00,2026-07-04T00:03:08.703311,1,1,133.95,0.5,133.7,158,,,,,,,,,,,,,,,,,,,134.2,250,,,,,,,,,,,,,,,,,,
2026-07-04T00:03:09.214536+00:00,2026-07-04T00:03:09.214425,1,1,133.95,0.5,133.7,158,,,,,,,,,,,,,,,,,,,134.2,206,,,,,,,,,,,,,,,,,,
2026-07-04T00:03:09.689900+00:00,2026-07-04T00:03:09.689808,1,1,133.95,0.5,133.7,150,,,,,,,,,,,,,,,,,,,134.2,150,,,,,,,,,,,,,,,,,,
2026-07-04T00:03:09.745254+00:00,2026-07-04T00:03:09.745153,1,1,133.95,0.5,133.7,250,,,,,,,,,,,,,,,,,,,134.2,150,,,,,,,,,,,,,,,,,,
2026-07-04T00:03:09.775158+00:00,2026-07-04T00:03:09.775062,1,1,133.95,0.5,133.7,209,,,,,,,,,,,,,,,,,,,134.2,150,,,,,,,,,,,,,,,,,,
2026-07-04T00:03:09.797980+00:00,2026-07-04T00:03:09.797941,1,1,133.95,0.5,133.7,209,,,,,,,,,,,,,,,,,,,134.2,250,,,,,,,,,,,,,,,,,,
2026-07-04T00:03:10.222072+00:00,2026-07-04T00:03:10.222016,1,1,133.95,0.5,133.7,209,,,,,,,,,,,,,,,,,,,134.2,200,,,,,,,,,,,,,,,,,,
2026-07-04T00:03:11.758651+00:00,2026-07-04T00:03:11.755171,1,1,133.95,0.5,133.7,100,,,,,,,,,,,,,,,,,,,134.2,100,,,,,,,,,,,,,,,,,,
2026-07-04T00:03:11.809130+00:00,2026-07-04T00:03:11.809272,2,1,133.95,0.5,133.7,100,133.5,150,,,,,,,,,,,,,,,,,134.2,100,,,,,,,,,,,,,,,,,,
2026-07-04T00:03:11.880725+00:00,2026-07-04T00:03:11.880681,2,2,133.85,0.3,133.7,100,133.5,150,,,,,,,,,,,,,,,,,134.0,150,134.2,100,,,,,,,,,,,,,,,,
2026-07-04T00:03:12.330429+00:00,2026-07-04T00:03:12.330337,2,2,133.85,0.3,133.7,100,133.5,150,,,,,,,,,,,,,,,,,134.0,100,134.2,100,,,,,,,,,,,,,,,,
2026-07-04T00:03:12.351308+00:00,2026-07-04T00:03:12.351442,2,2,133.85,0.3,133.7,100,133.5,150,,,,,,,,,,,,,,,,,134.0,60,134.2,100,,,,,,,,,,,,,,,,
2026-07-04T00:03:12.858663+00:00,2026-07-04T00:03:12.852702,1,1,133.75,0.5,133.5,150,,,,,,,,,,,,,,,,,,,134.0,60,,,,,,,,,,,,,,,,,,
2026-07-04T00:03:12.907993+00:00,2026-07-04T00:03:12.907941,2,1,133.75,0.5,133.5,150,133.4,100,,,,,,,,,,,,,,,,,134.0,60,,,,,,,,,,,,,,,,,,
2026-07-04T00:03:12.960717+00:00,2026-07-04T00:03:12.960637,2,2,133.7,0.4,133.5,150,133.4,100,,,,,,,,,,,,,,,,,133.9,100,134.0,60,,,,,,,,,,,,,,,,
2026-07-04T00:03:13.088760+00:00,2026-07-04T00:03:13.083426,2,2,133.7,0.4,133.5,150,133.4,100,,,,,,,,,,,,,,,,,133.9,77,134.0,60,,,,,,,,,,,,,,,,
2026-07-04T00:03:13.314020+00:00,2026-07-04T00:03:13.313891,2,2,133.7,0.4,133.5,150,133.4,100,,,,,,,,,,,,,,,,,133.9,30,134.0,60,,,,,,,,,,,,,,,,
2026-07-04T00:03:14.493358+00:00,2026-07-04T00:03:14.493224,2,2,133.7,0.4,133.5,100,133.4,100,,,,,,,,,,,,,,,,,133.9,30,134.0,60,,,,,,,,,,,,,,,,
2026-07-04T00:03:14.940733+00:00,2026-07-04T00:03:14.940666,1,1,133.65,0.5,133.4,100,,,,,,,,,,,,,,,,,,,133.9,30,,,,,,,,,,,,,,,,,,
2026-07-04T00:03:14.993948+00:00,2026-07-04T00:03:14.993830,2,1,133.85,0.1,133.8,150,133.4,100,,,,,,,,,,,,,,,,,133.9,30,,,,,,,,,,,,,,,,,,
2026-07-04T00:03:15.047588+00:00,2026-07-04T00:03:15.047660,2,2,133.85,0.1,133.8,150,133.4,100,,,,,,,,,,,,,,,,,133.9,30,134.3,150,,,,,,,,,,,,,,,,
2026-07-04T00:03:16.015294+00:00,2026-07-04T00:03:16.015176,1,1,134.05,0.5,133.8,150,,,,,,,,,,,,,,,,,,,134.3,150,,,,,,,,,,,,,,,,,,
2026-07-04T00:03:16.070066+00:00,2026-07-04T00:03:16.069991,2,1,134.05,0.5,133.8,150,133.6,100,,,,,,,,,,,,,,,,,134.3,150,,,,,,,,,,,,,,,,,,
2026-07-04T00:03:16.134259+00:00,2026-07-04T00:03:16.124857,2,2,133.95,0.3,133.8,150,133.6,100,,,,,,,,,,,,,,,,,134.1,100,134.3,150,,,,,,,,,,,,,,,,
2026-07-04T00:03:16.601806+00:00,2026-07-04T00:03:16.601759,2,2,133.95,0.3,133.8,100,133.6,100,,,,,,,,,,,,,,,,,134.1,100,134.3,150,,,,,,,,,,,,,,,,
2026-07-04T00:03:18.094319+00:00,2026-07-04T00:03:18.093864,1,1,133.85,0.5,133.6,100,,,,,,,,,,,,,,,,,,,134.1,100,,,,,,,,,,,,,,,,,,
2026-07-04T00:03:18.158643+00:00,2026-07-04T00:03:18.155558,1,1,133.85,0.5,133.6,250,,,,,,,,,,,,,,,,,,,134.1,100,,,,,,,,,,,,,,,,,,
2026-07-04T00:03:18.208755+00:00,2026-07-04T00:03:18.208645,1,1,133.85,0.5,133.6,250,,,,,,,,,,,,,,,,,,,134.1,250,,,,,,,,,,,,,,,,,,
2026-07-04T00:03:18.711490+00:00,2026-07-04T00:03:18.711436,1,1,133.85,0.5,133.6,200,,,,,,,,,,,,,,,,,,,134.1,250,,,,,,,,,,,,,,,,,,
2026-07-04T00:03:19.180951+00:00,2026-07-04T00:03:19.180830,1,1,133.85,0.5,133.6,150,,,,,,,,,,,,,,,,,,,134.1,150,,,,,,,,,,,,,,,,,,
2026-07-04T00:03:19.239045+00:00,2026-07-04T00:03:19.238804,1,1,133.85,0.5,133.6,250,,,,,,,,,,,,,,,,,,,134.1,150,,,,,,,,,,,,,,,,,,
2026-07-04T00:03:19.291089+00:00,2026-07-04T00:03:19.291033,1,1,133.85,0.5,133.6,250,,,,,,,,,,,,,,,,,,,134.1,250,,,,,,,,,,,,,,,,,,
2026-07-04T00:03:20.816077+00:00,2026-07-04T00:03:20.816016,1,1,133.85,0.5,133.6,200,,,,,,,,,,,,,,,,,,,134.1,250,,,,,,,,,,,,,,,,,,
2026-07-04T00:03:21.252239+00:00,2026-07-04T00:03:21.252967,1,1,133.85,0.5,133.6,100,,,,,,,,,,,,,,,,,,,134.1,100,,,,,,,,,,,,,,,,,,
2026-07-04T00:03:21.312609+00:00,2026-07-04T00:03:21.312553,2,1,133.85,0.5,133.6,100,133.5,150,,,,,,,,,,,,,,,,,134.1,100,,,,,,,,,,,,,,,,,,
2026-07-04T00:03:21.364466+00:00,2026-07-04T00:03:21.364602,2,2,133.8,0.4,133.6,100,133.5,150,,,,,,,,,,,,,,,,,134.0,150,134.1,100,,,,,,,,,,,,,,,,
2026-07-04T00:03:22.348522+00:00,2026-07-04T00:03:22.348485,1,1,133.75,0.5,133.5,150,,,,,,,,,,,,,,,,,,,134.0,150,,,,,,,,,,,,,,,,,,
2026-07-04T00:03:22.403957+00:00,2026-07-04T00:03:22.403899,2,1,133.8,0.4,133.6,100,133.5,150,,,,,,,,,,,,,,,,,134.0,150,,,,,,,,,,,,,,,,,,
2026-07-04T00:03:22.453045+00:00,2026-07-04T00:03:22.453183,2,2,133.8,0.4,133.6,100,133.5,150,,,,,,,,,,,,,,,,,134.0,150,134.1,100,,,,,,,,,,,,,,,,
2026-07-04T00:03:22.924074+00:00,2026-07-04T00:03:22.923997,2,2,133.8,0.4,133.6,50,133.5,150,,,,,,,,,,,,,,,,,134.0,150,134.1,100,,,,,,,,,,,,,,,,
2026-07-04T00:03:24.418387+00:00,2026-07-04T00:03:24.418319,1,1,133.85,0.5,133.6,50,,,,,,,,,,,,,,,,,,,134.1,100,,,,,,,,,,,,,,,,,,
2026-07-04T00:03:24.471357+00:00,2026-07-04T00:03:24.471291,1,1,133.85,0.5,133.6,200,,,,,,,,,,,,,,,,,,,134.1,100,,,,,,,,,,,,,,,,,,
2026-07-04T00:03:24.524120+00:00,2026-07-04T00:03:24.524066,1,1,133.85,0.5,133.6,200,,,,,,,,,,,,,,,,,,,134.1,250,,,,,,,,,,,,,,,,,,
2026-07-04T00:03:24.978936+00:00,2026-07-04T00:03:24.978807,1,1,133.85,0.5,133.6,200,,,,,,,,,,,,,,,,,,,134.1,200,,,,,,,,,,,,,,,,,,
2026-07-04T00:03:25.512888+00:00,2026-07-04T00:03:25.512796,1,1,133.85,0.5,133.6,150,,,,,,,,,,,,,,,,,,,134.1,150,,,,,,,,,,,,,,,,,,
2026-07-04T00:03:25.567349+00:00,2026-07-04T00:03:25.567298,2,1,133.85,0.5,133.6,150,133.4,100,,,,,,,,,,,,,,,,,134.1,150,,,,,,,,,,,,,,,,,,
2026-07-04T00:03:25.624199+00:00,2026-07-04T00:03:25.624101,2,2,133.75,0.3,133.6,150,133.4,100,,,,,,,,,,,,,,,,,133.9,100,134.1,150,,,,,,,,,,,,,,,,
2026-07-04T00:03:25.814788+00:00,2026-07-04T00:03:25.814725,2,2,133.75,0.3,133.6,110,133.4,100,,,,,,,,,,,,,,,,,133.9,100,134.1,150,,,,,,,,,,,,,,,,
2026-07-04T00:03:27.138600+00:00,2026-07-04T00:03:27.138535,2,2,133.75,0.3,133.6,60,133.4,100,,,,,,,,,,,,,,,,,133.9,100,134.1,150,,,,,,,,,,,,,,,,
2026-07-04T00:03:27.579139+00:00,2026-07-04T00:03:27.579101,2,1,133.75,0.3,133.6,60,133.4,100,,,,,,,,,,,,,,,,,133.9,100,,,,,,,,,,,,,,,,,,
2026-07-04T00:03:27.584395+00:00,2026-07-04T00:03:27.584258,1,1,133.65,0.5,133.4,100,,,,,,,,,,,,,,,,,,,133.9,100,,,,,,,,,,,,,,,,,,
2026-07-04T00:03:27.650769+00:00,2026-07-04T00:03:27.650679,2,1,133.65,0.5,133.4,100,133.2,150,,,,,,,,,,,,,,,,,133.9,100,,,,,,,,,,,,,,,,,,
2026-07-04T00:03:27.713533+00:00,2026-07-04T00:03:27.708232,2,2,133.55,0.3,133.4,100,133.2,150,,,,,,,,,,,,,,,,,133.7,128,133.9,100,,,,,,,,,,,,,,,,
2026-07-04T00:03:28.209022+00:00,2026-07-04T00:03:28.208894,2,2,133.55,0.3,133.4,53,133.2,150,,,,,,,,,,,,,,,,,133.7,128,133.9,100,,,,,,,,,,,,,,,,
2026-07-04T00:03:28.677861+00:00,2026-07-04T00:03:28.677751,1,1,133.45,0.5,133.2,150,,,,,,,,,,,,,,,,,,,133.7,128,,,,,,,,,,,,,,,,,,
2026-07-04T00:03:28.728963+00:00,2026-07-04T00:03:28.728926,2,1,133.6,0.2,133.5,100,133.2,150,,,,,,,,,,,,,,,,,133.7,128,,,,,,,,,,,,,,,,,,
2026-07-04T00:03:28.758852+00:00,2026-07-04T00:03:28.758697,2,1,133.6,0.2,133.5,100,133.2,150,,,,,,,,,,,,,,,,,133.7,82,,,,,,,,,,,,,,,,,,
2026-07-04T00:03:28.782807+00:00,2026-07-04T00:03:28.782642,2,2,133.6,0.2,133.5,100,133.2,150,,,,,,,,,,,,,,,,,133.7,82,134.0,100,,,,,,,,,,,,,,,,
2026-07-04T00:03:29.248872+00:00,2026-07-04T00:03:29.248759,2,2,133.6,0.2,133.5,50,133.2,150,,,,,,,,,,,,,,,,,133.7,82,134.0,100,,,,,,,,,,,,,,,,
2026-07-04T00:03:29.403528+00:00,2026-07-04T00:03:29.403454,2,2,133.6,0.2,133.5,50,133.2,150,,,,,,,,,,,,,,,,,133.7,33,134.0,100,,,,,,,,,,,,,,,,
2026-07-04T00:03:30.758576+00:00,2026-07-04T00:03:30.753334,1,1,133.75,0.5,133.5,50,,,,,,,,,,,,,,,,,,,134.0,100,,,,,,,,,,,,,,,,,,
2026-07-04T00:03:30.811594+00:00,2026-07-04T00:03:30.811409,1,1,133.75,0.5,133.5,200,,,,,,,,,,,,,,,,,,,134.0,100,,,,,,,,,,,,,,,,,,
2026-07-04T00:03:30.873813+00:00,2026-07-04T00:03:30.873683,1,1,133.75,0.5,133.5,200,,,,,,,,,,,,,,,,,,,134.0,250,,,,,,,,,,,,,,,,,,
2026-07-04T00:03:31.063846+00:00,2026-07-04T00:03:31.063802,1,1,133.75,0.5,133.5,153,,,,,,,,,,,,,,,,,,,134.0,250,,,,,,,,,,,,,,,,,,
2026-07-04T00:03:31.834549+00:00,2026-07-04T00:03:31.834524,1,1,133.75,0.5,133.5,150,,,,,,,,,,,,,,,,,,,134.0,150,,,,,,,,,,,,,,,,,,
2026-07-04T00:03:31.890153+00:00,2026-07-04T00:03:31.890090,2,1,133.75,0.5,133.5,150,133.2,100,,,,,,,,,,,,,,,,,134.0,150,,,,,,,,,,,,,,,,,,
2026-07-04T00:03:31.943425+00:00,2026-07-04T00:03:31.943332,2,2,133.6,0.2,133.5,150,133.2,100,,,,,,,,,,,,,,,,,133.7,100,134.0,150,,,,,,,,,,,,,,,,
2026-07-04T00:03:33.133839+00:00,2026-07-04T00:03:33.133790,2,2,133.6,0.2,133.5,150,133.2,100,,,,,,,,,,,,,,,,,133.7,54,134.0,150,,,,,,,,,,,,,,,,
2026-07-04T00:03:33.407353+00:00,2026-07-04T00:03:33.407195,2,2,133.6,0.2,133.5,150,133.2,100,,,,,,,,,,,,,,,,,133.7,4,134.0,150,,,,,,,,,,,,,,,,
2026-07-04T00:03:33.927830+00:00,2026-07-04T00:03:33.928015,1,1,133.45,0.5,133.2,100,,,,,,,,,,,,,,,,,,,133.7,4,,,,,,,,,,,,,,,,,,
2026-07-04T00:03:33.982972+00:00,2026-07-04T00:03:33.983076,2,1,133.65,0.1,133.6,150,133.2,100,,,,,,,,,,,,,,,,,133.7,4,,,,,,,,,,,,,,,,,,
2026-07-04T00:03:34.035682+00:00,2026-07-04T00:03:34.035550,2,2,133.65,0.1,133.6,150,133.2,100,,,,,,,,,,,,,,,,,133.7,4,134.1,150,,,,,,,,,,,,,,,,
2026-07-04T00:03:34.997953+00:00,2026-07-04T00:03:34.997843,1,1,133.85,0.5,133.6,150,,,,,,,,,,,,,,,,,,,134.1,150,,,,,,,,,,,,,,,,,,
2026-07-04T00:03:35.052189+00:00,2026-07-04T00:03:35.052130,2,1,133.85,0.5,133.6,150,133.3,100,,,,,,,,,,,,,,,,,134.1,150,,,,,,,,,,,,,,,,,,
2026-07-04T00:03:35.104747+00:00,2026-07-04T00:03:35.104691,2,2,133.7,0.2,133.6,150,133.3,100,,,,,,,,,,,,,,,,,133.8,100,134.1,150,,,,,,,,,,,,,,,,
2026-07-04T00:03:35.512539+00:00,2026-07-04T00:03:35.512501,2,2,133.7,0.2,133.6,150,133.3,100,,,,,,,,,,,,,,,,,133.8,50,134.1,150,,,,,,,,,,,,,,,,
2026-07-04T00:03:35.716124+00:00,2026-07-04T00:03:35.716276,2,2,133.7,0.2,133.6,107,133.3,100,,,,,,,,,,,,,,,,,133.8,50,134.1,150,,,,,,,,,,,,,,,,
2026-07-04T00:03:36.369231+00:00,2026-07-04T00:03:36.369107,2,2,133.7,0.2,133.6,107,133.3,100,,,,,,,,,,,,,,,,,133.8,4,134.1,150,,,,,,,,,,,,,,,,
2026-07-04T00:03:36.648625+00:00,2026-07-04T00:03:36.643537,2,2,133.7,0.2,133.6,85,133.3,100,,,,,,,,,,,,,,,,,133.8,4,134.1,150,,,,,,,,,,,,,,,,
2026-07-04T00:03:37.002782+00:00,2026-07-04T00:03:37.002717,2,2,133.7,0.2,133.6,42,133.3,100,,,,,,,,,,,,,,,,,133.8,4,134.1,150,,,,,,,,,,,,,,,,
2026-07-04T00:03:37.087381+00:00,2026-07-04T00:03:37.087475,1,1,133.55,0.5,133.3,100,,,,,,,,,,,,,,,,,,,133.8,4,,,,,,,,,,,,,,,,,,
2026-07-04T00:03:37.142540+00:00,2026-07-04T00:03:37.142459,2,1,133.55,0.5,133.3,100,132.7,150,,,,,,,,,,,,,,,,,133.8,4,,,,,,,,,,,,,,,,,,
2026-07-04T00:03:37.194682+00:00,2026-07-04T00:03:37.194792,1,2,132.95,0.5,132.7,150,,,,,,,,,,,,,,,,,,,133.2,50,133.8,4,,,,,,,,,,,,,,,,
2026-07-04T00:03:37.203424+00:00,2026-07-04T00:03:37.198271,1,2,132.95,0.5,132.7,150,,,,,,,,,,,,,,,,,,,133.2,28,133.8,4,,,,,,,,,,,,,,,,
2026-07-04T00:03:37.592359+00:00,2026-07-04T00:03:37.592241,1,2,132.95,0.5,132.7,107,,,,,,,,,,,,,,,,,,,133.2,28,133.8,4,,,,,,,,,,,,,,,,
2026-07-04T00:03:37.620237+00:00,2026-07-04T00:03:37.620370,1,0,,,132.7,107,,,,,,,,,,,,,,,,,,,,,,,,,,,,,,,,,,,,,,
2026-07-04T00:03:38.208823+00:00,2026-07-04T00:03:38.208767,2,0,,,133.2,100,132.7,107,,,,,,,,,,,,,,,,,,,,,,,,,,,,,,,,,,,,
2026-07-04T00:03:38.263649+00:00,2026-07-04T00:03:38.263758,2,1,133.45,0.5,133.2,100,132.7,107,,,,,,,,,,,,,,,,,133.7,100,,,,,,,,,,,,,,,,,,
2026-07-04T00:03:39.731964+00:00,2026-07-04T00:03:39.731806,2,1,133.45,0.5,133.2,100,132.7,107,,,,,,,,,,,,,,,,,133.7,50,,,,,,,,,,,,,,,,,,
2026-07-04T00:03:40.248943+00:00,2026-07-04T00:03:40.248846,1,1,133.45,0.5,133.2,100,,,,,,,,,,,,,,,,,,,133.7,50,,,,,,,,,,,,,,,,,,
2026-07-04T00:03:40.303676+00:00,2026-07-04T00:03:40.303589,2,1,133.55,0.3,133.4,150,133.2,100,,,,,,,,,,,,,,,,,133.7,50,,,,,,,,,,,,,,,,,,
2026-07-04T00:03:40.384401+00:00,2026-07-04T00:03:40.364103,2,2,133.55,0.3,133.4,150,133.2,100,,,,,,,,,,,,,,,,,133.7,50,133.9,150,,,,,,,,,,,,,,,,
2026-07-04T00:03:40.972329+00:00,2026-07-04T00:03:40.972449,2,2,133.55,0.3,133.4,150,133.2,100,,,,,,,,,,,,,,,,,133.7,5,133.9,150,,,,,,,,,,,,,,,,
2026-07-04T00:03:41.315304+00:00,2026-07-04T00:03:41.315202,1,1,133.65,0.5,133.4,150,,,,,,,,,,,,,,,,,,,133.9,150,,,,,,,,,,,,,,,,,,
2026-07-04T00:03:41.374980+00:00,2026-07-04T00:03:41.374882,1,1,133.65,0.5,133.4,250,,,,,,,,,,,,,,,,,,,133.9,150,,,,,,,,,,,,,,,,,,
2026-07-04T00:03:41.428110+00:00,2026-07-04T00:03:41.428052,1,1,133.65,0.5,133.4,250,,,,,,,,,,,,,,,,,,,133.9,250,,,,,,,,,,,,,,,,,,
2026-07-04T00:03:43.096559+00:00,2026-07-04T00:03:43.096429,1,1,133.65,0.5,133.4,202,,,,,,,,,,,,,,,,,,,133.9,250,,,,,,,,,,,,,,,,,,
2026-07-04T00:03:43.419644+00:00,2026-07-04T00:03:43.419583,1,1,133.65,0.5,133.4,100,,,,,,,,,,,,,,,,,,,133.9,100,,,,,,,,,,,,,,,,,,
2026-07-04T00:03:43.473632+00:00,2026-07-04T00:03:43.473588,2,1,133.65,0.5,133.4,100,133.0,150,,,,,,,,,,,,,,,,,133.9,100,,,,,,,,,,,,,,,,,,
2026-07-04T00:03:43.526701+00:00,2026-07-04T00:03:43.526876,2,2,133.45,0.1,133.4,100,133.0,150,,,,,,,,,,,,,,,,,133.5,150,133.9,100,,,,,,,,,,,,,,,,
2026-07-04T00:03:43.995601+00:00,2026-07-04T00:03:43.995487,2,2,133.45,0.1,133.4,50,133.0,150,,,,,,,,,,,,,,,,,133.5,150,133.9,100,,,,,,,,,,,,,,,,
2026-07-04T00:03:44.029184+00:00,2026-07-04T00:03:44.019905,2,2,133.45,0.1,133.4,39,133.0,150,,,,,,,,,,,,,,,,,133.5,150,133.9,100,,,,,,,,,,,,,,,,
2026-07-04T00:03:44.483118+00:00,2026-07-04T00:03:44.483056,1,1,133.25,0.5,133.0,150,,,,,,,,,,,,,,,,,,,133.5,150,,,,,,,,,,,,,,,,,,
2026-07-04T00:03:44.543638+00:00,2026-07-04T00:03:44.543552,2,1,133.3,0.4,133.1,100,133.0,150,,,,,,,,,,,,,,,,,133.5,150,,,,,,,,,,,,,,,,,,
2026-07-04T00:03:44.595794+00:00,2026-07-04T00:03:44.595642,2,2,133.3,0.4,133.1,100,133.0,150,,,,,,,,,,,,,,,,,133.5,150,133.6,100,,,,,,,,,,,,,,,,
2026-07-04T00:03:45.458655+00:00,2026-07-04T00:03:45.454258,2,2,133.3,0.4,133.1,100,133.0,150,,,,,,,,,,,,,,,,,133.5,109,133.6,100,,,,,,,,,,,,,,,,
2026-07-04T00:03:46.097019+00:00,2026-07-04T00:03:46.096883,2,2,133.3,0.4,133.1,2,133.0,150,,,,,,,,,,,,,,,,,133.5,109,133.6,100,,,,,,,,,,,,,,,,
2026-07-04T00:03:46.581126+00:00,2026-07-04T00:03:46.581041,2,1,133.35,0.5,133.1,2,133.0,150,,,,,,,,,,,,,,,,,133.6,100,,,,,,,,,,,,,,,,,,
2026-07-04T00:03:46.586301+00:00,2026-07-04T00:03:46.586229,1,1,133.35,0.5,133.1,2,,,,,,,,,,,,,,,,,,,133.6,100,,,,,,,,,,,,,,,,,,
2026-07-04T00:03:46.637583+00:00,2026-07-04T00:03:46.637655,2,1,133.35,0.5,133.1,2,133.0,150,,,,,,,,,,,,,,,,,133.6,100,,,,,,,,,,,,,,,,,,
2026-07-04T00:03:46.688862+00:00,2026-07-04T00:03:46.688765,2,2,133.3,0.4,133.1,2,133.0,150,,,,,,,,,,,,,,,,,133.5,150,133.6,100,,,,,,,,,,,,,,,,
2026-07-04T00:03:47.648319+00:00,2026-07-04T00:03:47.648442,1,1,133.25,0.5,133.0,150,,,,,,,,,,,,,,,,,,,133.5,150,,,,,,,,,,,,,,,,,,
2026-07-04T00:03:47.701560+00:00,2026-07-04T00:03:47.701482,2,1,133.25,0.5,133.0,150,132.5,100,,,,,,,,,,,,,,,,,133.5,150,,,,,,,,,,,,,,,,,,
2026-07-04T00:03:47.758552+00:00,2026-07-04T00:03:47.757911,2,1,133.25,0.5,133.0,50,132.5,100,,,,,,,,,,,,,,,,,133.5,150,,,,,,,,,,,,,,,,,,
2026-07-04T00:03:48.158587+00:00,2026-07-04T00:03:48.154244,2,1,133.25,0.5,133.0,50,132.5,100,,,,,,,,,,,,,,,,,133.5,100,,,,,,,,,,,,,,,,,,
2026-07-04T00:03:49.244668+00:00,2026-07-04T00:03:49.244557,2,1,133.25,0.5,133.0,50,132.5,100,,,,,,,,,,,,,,,,,133.5,59,,,,,,,,,,,,,,,,,,
2026-07-04T00:03:49.745299+00:00,2026-07-04T00:03:49.745208,1,0,,,132.5,100,,,,,,,,,,,,,,,,,,,,,,,,,,,,,,,,,,,,,,
2026-07-04T00:03:49.797800+00:00,2026-07-04T00:03:49.797742,2,0,,,132.7,150,132.5,100,,,,,,,,,,,,,,,,,,,,,,,,,,,,,,,,,,,,
2026-07-04T00:03:49.849872+00:00,2026-07-04T00:03:49.849781,2,1,132.95,0.5,132.7,150,132.5,100,,,,,,,,,,,,,,,,,133.2,150,,,,,,,,,,,,,,,,,,
2026-07-04T00:03:50.290822+00:00,2026-07-04T00:03:50.291040,2,1,132.95,0.5,132.7,150,132.5,100,,,,,,,,,,,,,,,,,133.2,100,,,,,,,,,,,,,,,,,,
2026-07-04T00:03:50.815342+00:00,2026-07-04T00:03:50.815205,1,1,132.95,0.5,132.7,150,,,,,,,,,,,,,,,,,,,133.2,100,,,,,,,,,,,,,,,,,,
2026-07-04T00:03:50.869093+00:00,2026-07-04T00:03:50.869246,2,1,133.05,0.3,132.9,100,132.7,150,,,,,,,,,,,,,,,,,133.2,100,,,,,,,,,,,,,,,,,,
2026-07-04T00:03:50.921442+00:00,2026-07-04T00:03:50.921402,2,2,133.05,0.3,132.9,100,132.7,150,,,,,,,,,,,,,,,,,133.2,100,133.4,100,,,,,,,,,,,,,,,,
2026-07-04T00:03:51.401354+00:00,2026-07-04T00:03:51.401191,2,2,133.05,0.3,132.9,58,132.7,150,,,,,,,,,,,,,,,,,133.2,100,133.4,100,,,,,,,,,,,,,,,,
2026-07-04T00:03:52.396848+00:00,2026-07-04T00:03:52.396762,2,2,133.05,0.3,132.9,58,132.7,150,,,,,,,,,,,,,,,,,133.2,50,133.4,100,,,,,,,,,,,,,,,,
2026-07-04T00:03:52.901556+00:00,2026-07-04T00:03:52.901810,1,1,133.15,0.5,132.9,58,,,,,,,,,,,,,,,,,,,133.4,100,,,,,,,,,,,,,,,,,,
2026-07-04T00:03:52.958559+00:00,2026-07-04T00:03:52.951774,2,1,133.3,0.2,133.2,150,132.9,58,,,,,,,,,,,,,,,,,133.4,100,,,,,,,,,,,,,,,,,,
2026-07-04T00:03:53.009884+00:00,2026-07-04T00:03:53.009814,2,2,133.3,0.2,133.2,150,132.9,58,,,,,,,,,,,,,,,,,133.4,100,133.7,150,,,,,,,,,,,,,,,,
2026-07-04T00:03:53.378415+00:00,2026-07-04T00:03:53.378321,2,2,133.3,0.2,133.2,150,132.9,58,,,,,,,,,,,,,,,,,133.4,60,133.7,150,,,,,,,,,,,,,,,,
2026-07-04T00:03:53.974172+00:00,2026-07-04T00:03:53.974281,1,1,133.45,0.5,133.2,150,,,,,,,,,,,,,,,,,,,133.7,150,,,,,,,,,,,,,,,,,,
2026-07-04T00:03:54.028069+00:00,2026-07-04T00:03:54.027941,2,1,133.45,0.5,133.2,150,133.0,100,,,,,,,,,,,,,,,,,133.7,150,,,,,,,,,,,,,,,,,,
2026-07-04T00:03:54.081520+00:00,2026-07-04T00:03:54.081338,2,2,133.35,0.3,133.2,150,133.0,100,,,,,,,,,,,,,,,,,133.5,100,133.7,150,,,,,,,,,,,,,,,,
2026-07-04T00:03:55.139400+00:00,2026-07-04T00:03:55.139587,2,2,133.35,0.3,133.2,101,133.0,100,,,,,,,,,,,,,,,,,133.5,100,133.7,150,,,,,,,,,,,,,,,,
2026-07-04T00:03:56.065246+00:00,2026-07-04T00:03:56.065185,2,1,133.35,0.3,133.2,101,133.0,100,,,,,,,,,,,,,,,,,133.5,100,,,,,,,,,,,,,,,,,,
2026-07-04T00:03:56.070494+00:00,2026-07-04T00:03:56.070389,1,1,133.25,0.5,133.0,100,,,,,,,,,,,,,,,,,,,133.5,100,,,,,,,,,,,,,,,,,,
2026-07-04T00:03:56.122888+00:00,2026-07-04T00:03:56.122801,1,1,133.25,0.5,133.0,250,,,,,,,,,,,,,,,,,,,133.5,100,,,,,,,,,,,,,,,,,,
2026-07-04T00:03:56.172986+00:00,2026-07-04T00:03:56.173108,1,1,133.25,0.5,133.0,250,,,,,,,,,,,,,,,,,,,133.5,250,,,,,,,,,,,,,,,,,,
2026-07-04T00:03:56.608028+00:00,2026-07-04T00:03:56.607923,1,1,133.25,0.5,133.0,250,,,,,,,,,,,,,,,,,,,133.5,200,,,,,,,,,,,,,,,,,,
2026-07-04T00:03:57.138549+00:00,2026-07-04T00:03:57.138435,1,1,133.25,0.5,133.0,150,,,,,,,,,,,,,,,,,,,133.5,150,,,,,,,,,,,,,,,,,,
2026-07-04T00:03:57.188171+00:00,2026-07-04T00:03:57.188058,1,1,133.25,0.5,133.0,250,,,,,,,,,,,,,,,,,,,133.5,150,,,,,,,,,,,,,,,,,,
2026-07-04T00:03:57.240494+00:00,2026-07-04T00:03:57.240626,1,1,133.25,0.5,133.0,250,,,,,,,,,,,,,,,,,,,133.5,250,,,,,,,,,,,,,,,,,,
2026-07-04T00:03:58.674205+00:00,2026-07-04T00:03:58.674071,1,1,133.25,0.5,133.0,250,,,,,,,,,,,,,,,,,,,133.5,202,,,,,,,,,,,,,,,,,,
2026-07-04T00:03:58.715262+00:00,2026-07-04T00:03:58.715145,1,1,133.25,0.5,133.0,250,,,,,,,,,,,,,,,,,,,133.5,152,,,,,,,,,,,,,,,,,,
2026-07-04T00:03:59.227544+00:00,2026-07-04T00:03:59.227449,1,1,133.25,0.5,133.0,250,,,,,,,,,,,,,,,,,,,133.5,100,,,,,,,,,,,,,,,,,,
2026-07-04T00:03:59.232526+00:00,2026-07-04T00:03:59.232612,1,1,133.25,0.5,133.0,100,,,,,,,,,,,,,,,,,,,133.5,100,,,,,,,,,,,,,,,,,,
2026-07-04T00:03:59.286785+00:00,2026-07-04T00:03:59.286735,2,0,,,133.5,50,133.0,100,,,,,,,,,,,,,,,,,,,,,,,,,,,,,,,,,,,,
2026-07-04T00:03:59.345139+00:00,2026-07-04T00:03:59.339137,2,1,133.75,0.5,133.5,27,133.0,100,,,,,,,,,,,,,,,,,134.0,150,,,,,,,,,,,,,,,,,,
2026-07-04T00:03:59.670347+00:00,2026-07-04T00:03:59.670211,1,1,133.5,1.0,133.0,86,,,,,,,,,,,,,,,,,,,134.0,150,,,,,,,,,,,,,,,,,,
2026-07-04T00:04:00.297250+00:00,2026-07-04T00:04:00.297190,0,1,,,,,,,,,,,,,,,,,,,,,,,134.0,150,,,,,,,,,,,,,,,,,,
2026-07-04T00:04:00.351317+00:00,2026-07-04T00:04:00.351136,1,1,133.7,0.6,133.4,100,,,,,,,,,,,,,,,,,,,134.0,150,,,,,,,,,,,,,,,,,,
2026-07-04T00:04:00.403347+00:00,2026-07-04T00:04:00.403296,1,2,133.65,0.5,133.4,100,,,,,,,,,,,,,,,,,,,133.9,100,134.0,150,,,,,,,,,,,,,,,,
2026-07-04T00:04:00.821617+00:00,2026-07-04T00:04:00.821576,1,2,133.65,0.5,133.4,100,,,,,,,,,,,,,,,,,,,133.9,10,134.0,150,,,,,,,,,,,,,,,,
2026-07-04T00:04:02.393830+00:00,2026-07-04T00:04:02.393945,1,1,133.65,0.5,133.4,100,,,,,,,,,,,,,,,,,,,133.9,10,,,,,,,,,,,,,,,,,,
2026-07-04T00:04:02.444422+00:00,2026-07-04T00:04:02.444349,2,1,133.65,0.5,133.4,100,132.8,150,,,,,,,,,,,,,,,,,133.9,10,,,,,,,,,,,,,,,,,,
2026-07-04T00:04:02.497937+00:00,2026-07-04T00:04:02.498111,1,2,133.05,0.5,132.8,150,,,,,,,,,,,,,,,,,,,133.3,50,133.9,10,,,,,,,,,,,,,,,,
2026-07-04T00:04:02.980489+00:00,2026-07-04T00:04:02.980341,1,2,133.05,0.5,132.8,100,,,,,,,,,,,,,,,,,,,133.3,50,133.9,10,,,,,,,,,,,,,,,,
2026-07-04T00:04:03.458586+00:00,2026-07-04T00:04:03.454161,1,1,133.05,0.5,132.8,100,,,,,,,,,,,,,,,,,,,133.3,50,,,,,,,,,,,,,,,,,,
2026-07-04T00:04:03.511695+00:00,2026-07-04T00:04:03.511559,2,0,,,133.3,50,132.8,100,,,,,,,,,,,,,,,,,,,,,,,,,,,,,,,,,,,,
2026-07-04T00:04:03.565919+00:00,2026-07-04T00:04:03.565791,2,1,133.55,0.5,133.3,50,132.8,100,,,,,,,,,,,,,,,,,133.8,100,,,,,,,,,,,,,,,,,,
2026-07-04T00:04:05.020265+00:00,2026-07-04T00:04:05.020111,2,1,133.55,0.5,133.3,8,132.8,100,,,,,,,,,,,,,,,,,133.8,100,,,,,,,,,,,,,,,,,,
2026-07-04T00:04:05.087085+00:00,2026-07-04T00:04:05.086952,1,1,133.3,1.0,132.8,58,,,,,,,,,,,,,,,,,,,133.8,100,,,,,,,,,,,,,,,,,,
2026-07-04T00:04:05.558799+00:00,2026-07-04T00:04:05.558729,0,1,,,,,,,,,,,,,,,,,,,,,,,133.8,100,,,,,,,,,,,,,,,,,,
2026-07-04T00:04:05.607722+00:00,2026-07-04T00:04:05.607620,1,1,133.4,0.8,133.0,150,,,,,,,,,,,,,,,,,,,133.8,100,,,,,,,,,,,,,,,,,,
2026-07-04T00:04:05.660765+00:00,2026-07-04T00:04:05.660679,1,2,133.25,0.5,133.0,150,,,,,,,,,,,,,,,,,,,133.5,150,133.8,100,,,,,,,,,,,,,,,,
2026-07-04T00:04:06.615993+00:00,2026-07-04T00:04:06.615869,1,1,133.25,0.5,133.0,150,,,,,,,,,,,,,,,,,,,133.5,150,,,,,,,,,,,,,,,,,,
2026-07-04T00:04:06.673179+00:00,2026-07-04T00:04:06.673074,2,1,133.25,0.5,133.0,150,132.9,100,,,,,,,,,,,,,,,,,133.5,150,,,,,,,,,,,,,,,,,,
2026-07-04T00:04:06.727022+00:00,2026-07-04T00:04:06.726913,2,2,133.2,0.4,133.0,150,132.9,100,,,,,,,,,,,,,,,,,133.4,100,133.5,150,,,,,,,,,,,,,,,,
2026-07-04T00:04:07.196364+00:00,2026-07-04T00:04:07.196290,2,2,133.2,0.4,133.0,100,132.9,100,,,,,,,,,,,,,,,,,133.4,100,133.5,150,,,,,,,,,,,,,,,,
2026-07-04T00:04:08.713835+00:00,2026-07-04T00:04:08.713781,1,1,133.15,0.5,132.9,100,,,,,,,,,,,,,,,,,,,133.4,100,,,,,,,,,,,,,,,,,,
2026-07-04T00:04:08.769605+00:00,2026-07-04T00:04:08.769544,2,1,133.2,0.4,133.0,150,132.9,100,,,,,,,,,,,,,,,,,133.4,100,,,,,,,,,,,,,,,,,,
2026-07-04T00:04:08.822096+00:00,2026-07-04T00:04:08.821986,2,2,133.2,0.4,133.0,150,132.9,100,,,,,,,,,,,,,,,,,133.4,100,133.5,150,,,,,,,,,,,,,,,,
2026-07-04T00:04:09.300406+00:00,2026-07-04T00:04:09.300270,2,2,133.2,0.4,133.0,100,132.9,100,,,,,,,,,,,,,,,,,133.4,100,133.5,150,,,,,,,,,,,,,,,,
2026-07-04T00:04:09.778184+00:00,2026-07-04T00:04:09.778110,1,1,133.25,0.5,133.0,100,,,,,,,,,,,,,,,,,,,133.5,150,,,,,,,,,,,,,,,,,,
2026-07-04T00:04:09.836629+00:00,2026-07-04T00:04:09.836442,1,1,133.25,0.5,133.0,200,,,,,,,,,,,,,,,,,,,133.5,150,,,,,,,,,,,,,,,,,,
2026-07-04T00:04:09.889164+00:00,2026-07-04T00:04:09.889086,1,1,133.25,0.5,133.0,200,,,,,,,,,,,,,,,,,,,133.5,250,,,,,,,,,,,,,,,,,,
2026-07-04T00:04:10.716361+00:00,2026-07-04T00:04:10.716299,1,1,133.25,0.5,133.0,200,,,,,,,,,,,,,,,,,,,133.5,201,,,,,,,,,,,,,,,,,,
2026-07-04T00:04:11.885525+00:00,2026-07-04T00:04:11.885442,1,1,133.25,0.5,133.0,100,,,,,,,,,,,,,,,,,,,133.5,100,,,,,,,,,,,,,,,,,,
2026-07-04T00:04:11.938385+00:00,2026-07-04T00:04:11.938322,2,1,133.25,0.5,133.0,100,132.8,150,,,,,,,,,,,,,,,,,133.5,100,,,,,,,,,,,,,,,,,,
2026-07-04T00:04:11.991848+00:00,2026-07-04T00:04:11.991751,2,2,133.15,0.3,133.0,100,132.8,150,,,,,,,,,,,,,,,,,133.3,150,133.5,100,,,,,,,,,,,,,,,,
2026-07-04T00:04:12.943255+00:00,2026-07-04T00:04:12.943150,1,1,133.05,0.5,132.8,150,,,,,,,,,,,,,,,,,,,133.3,150,,,,,,,,,,,,,,,,,,
2026-07-04T00:04:12.998135+00:00,2026-07-04T00:04:12.997996,2,1,133.1,0.4,132.9,100,132.8,150,,,,,,,,,,,,,,,,,133.3,150,,,,,,,,,,,,,,,,,,
