recv_time,book_timestamp,n_bids,n_asks,mid,spread,bid_px_0,bid_vol_0,bid_px_1,bid_vol_1,bid_px_2,bid_vol_2,bid_px_3,bid_vol_3,bid_px_4,bid_vol_4,bid_px_5,bid_vol_5,bid_px_6,bid_vol_6,bid_px_7,bid_vol_7,bid_px_8,bid_vol_8,bid_px_9,bid_vol_9,ask_px_0,ask_vol_0,ask_px_1,ask_vol_1,ask_px_2,ask_vol_2,ask_px_3,ask_vol_3,ask_px_4,ask_vol_4,ask_px_5,ask_vol_5,ask_px_6,ask_vol_6,ask_px_7,ask_vol_7,ask_px_8,ask_vol_8,ask_px_9,ask_vol_9
2026-07-09T11:00:00.337795+00:00,2026-07-09T11:00:00.345973,2,2,117.4,0.4,117.2,91,117.1,100,,,,,,,,,,,,,,,,,117.6,50,117.7,150,,,,,,,,,,,,,,,,
2026-07-09T11:00:00.558045+00:00,2026-07-09T11:00:00.552365,2,2,117.4,0.4,117.2,47,117.1,100,,,,,,,,,,,,,,,,,117.6,50,117.7,150,,,,,,,,,,,,,,,,
2026-07-09T11:00:00.653645+00:00,2026-07-09T11:00:00.653788,2,1,117.45,0.5,117.2,47,117.1,100,,,,,,,,,,,,,,,,,117.7,150,,,,,,,,,,,,,,,,,,
2026-07-09T11:00:00.659043+00:00,2026-07-09T11:00:00.658948,1,1,117.45,0.5,117.2,47,,,,,,,,,,,,,,,,,,,117.7,150,,,,,,,,,,,,,,,,,,
2026-07-09T11:00:00.712501+00:00,2026-07-09T11:00:00.712583,1,1,117.45,0.5,117.2,147,,,,,,,,,,,,,,,,,,,117.7,150,,,,,,,,,,,,,,,,,,
2026-07-09T11:00:00.758587+00:00,2026-07-09T11:00:00.756020,1,1,117.45,0.5,117.2,147,,,,,,,,,,,,,,,,,,,117.7,250,,,,,,,,,,,,,,,,,,
2026-07-09T11:00:01.758719+00:00,2026-07-09T11:00:01.758670,1,1,117.45,0.5,117.2,147,,,,,,,,,,,,,,,,,,,117.7,100,,,,,,,,,,,,,,,,,,
2026-07-09T11:00:01.764032+00:00,2026-07-09T11:00:01.763840,1,1,117.45,0.5,117.2,100,,,,,,,,,,,,,,,,,,,117.7,100,,,,,,,,,,,,,,,,,,
2026-07-09T11:00:01.817402+00:00,2026-07-09T11:00:01.817281,2,1,117.45,0.5,117.2,100,116.8,150,,,,,,,,,,,,,,,,,117.7,100,,,,,,,,,,,,,,,,,,
2026-07-09T11:00:01.867956+00:00,2026-07-09T11:00:01.867876,2,2,117.25,0.1,117.2,100,116.8,150,,,,,,,,,,,,,,,,,117.3,150,117.7,100,,,,,,,,,,,,,,,,
2026-07-09T11:00:02.516132+00:00,2026-07-09T11:00:02.516024,2,2,117.25,0.1,117.2,50,116.8,150,,,,,,,,,,,,,,,,,117.3,150,117.7,100,,,,,,,,,,,,,,,,
2026-07-09T11:00:03.820206+00:00,2026-07-09T11:00:03.820109,1,1,117.05,0.5,116.8,150,,,,,,,,,,,,,,,,,,,117.3,150,,,,,,,,,,,,,,,,,,
2026-07-09T11:00:03.876609+00:00,2026-07-09T11:00:03.876453,2,1,117.2,0.2,117.1,100,116.8,150,,,,,,,,,,,,,,,,,117.3,150,,,,,,,,,,,,,,,,,,
2026-07-09T11:00:03.929863+00:00,2026-07-09T11:00:03.929746,2,2,117.2,0.2,117.1,100,116.8,150,,,,,,,,,,,,,,,,,117.3,150,117.6,100,,,,,,,,,,,,,,,,
2026-07-09T11:00:04.624773+00:00,2026-07-09T11:00:04.624704,2,2,117.2,0.2,117.1,50,116.8,150,,,,,,,,,,,,,,,,,117.3,150,117.6,100,,,,,,,,,,,,,,,,
2026-07-09T11:00:04.927064+00:00,2026-07-09T11:00:04.927028,1,1,117.35,0.5,117.1,50,,,,,,,,,,,,,,,,,,,117.6,100,,,,,,,,,,,,,,,,,,
2026-07-09T11:00:04.980167+00:00,2026-07-09T11:00:04.980063,2,1,117.35,0.5,117.1,50,116.9,150,,,,,,,,,,,,,,,,,117.6,100,,,,,,,,,,,,,,,,,,
2026-07-09T11:00:05.032790+00:00,2026-07-09T11:00:05.032749,2,2,117.25,0.3,117.1,50,116.9,150,,,,,,,,,,,,,,,,,117.4,150,117.6,100,,,,,,,,,,,,,,,,
2026-07-09T11:00:05.790462+00:00,2026-07-09T11:00:05.790325,2,2,117.25,0.3,117.1,50,116.9,150,,,,,,,,,,,,,,,,,117.4,101,117.6,100,,,,,,,,,,,,,,,,
2026-07-09T11:00:06.733188+00:00,2026-07-09T11:00:06.733334,1,2,117.15,0.5,116.9,150,,,,,,,,,,,,,,,,,,,117.4,101,117.6,100,,,,,,,,,,,,,,,,
2026-07-09T11:00:06.858610+00:00,2026-07-09T11:00:06.851762,1,2,117.15,0.5,116.9,150,,,,,,,,,,,,,,,,,,,117.4,55,117.6,100,,,,,,,,,,,,,,,,
2026-07-09T11:00:06.983596+00:00,2026-07-09T11:00:06.983726,1,1,117.15,0.5,116.9,150,,,,,,,,,,,,,,,,,,,117.4,55,,,,,,,,,,,,,,,,,,
2026-07-09T11:00:07.039561+00:00,2026-07-09T11:00:07.039664,2,1,117.15,0.5,116.9,150,116.8,100,,,,,,,,,,,,,,,,,117.4,55,,,,,,,,,,,,,,,,,,
2026-07-09T11:00:07.092813+00:00,2026-07-09T11:00:07.092701,2,2,117.1,0.4,116.9,150,116.8,100,,,,,,,,,,,,,,,,,117.3,100,117.4,55,,,,,,,,,,,,,,,,
2026-07-09T11:00:08.087357+00:00,2026-07-09T11:00:08.087324,1,1,117.05,0.5,116.8,100,,,,,,,,,,,,,,,,,,,117.3,100,,,,,,,,,,,,,,,,,,
2026-07-09T11:00:08.143327+00:00,2026-07-09T11:00:08.143269,2,0,,,117.3,50,116.8,100,,,,,,,,,,,,,,,,,,,,,,,,,,,,,,,,,,,,
2026-07-09T11:00:08.199126+00:00,2026-07-09T11:00:08.199036,2,1,117.5,0.4,117.3,50,116.8,100,,,,,,,,,,,,,,,,,117.7,150,,,,,,,,,,,,,,,,,,
2026-07-09T11:00:08.841284+00:00,2026-07-09T11:00:08.841246,1,1,117.25,0.9,116.8,100,,,,,,,,,,,,,,,,,,,117.7,150,,,,,,,,,,,,,,,,,,
2026-07-09T11:00:09.429544+00:00,2026-07-09T11:00:09.429424,1,1,117.25,0.9,116.8,60,,,,,,,,,,,,,,,,,,,117.7,150,,,,,,,,,,,,,,,,,,
2026-07-09T11:00:10.147878+00:00,2026-07-09T11:00:10.147757,0,1,,,,,,,,,,,,,,,,,,,,,,,117.7,150,,,,,,,,,,,,,,,,,,
2026-07-09T11:00:10.212070+00:00,2026-07-09T11:00:10.211896,1,1,117.3,0.8,116.9,100,,,,,,,,,,,,,,,,,,,117.7,150,,,,,,,,,,,,,,,,,,
2026-07-09T11:00:10.264488+00:00,2026-07-09T11:00:10.264390,1,2,117.15,0.5,116.9,100,,,,,,,,,,,,,,,,,,,117.4,100,117.7,150,,,,,,,,,,,,,,,,
2026-07-09T11:00:10.948954+00:00,2026-07-09T11:00:10.948816,1,2,117.15,0.5,116.9,50,,,,,,,,,,,,,,,,,,,117.4,100,117.7,150,,,,,,,,,,,,,,,,
2026-07-09T11:00:11.258686+00:00,2026-07-09T11:00:11.254374,1,1,117.15,0.5,116.9,50,,,,,,,,,,,,,,,,,,,117.4,100,,,,,,,,,,,,,,,,,,
2026-07-09T11:00:11.307791+00:00,2026-07-09T11:00:11.307728,1,1,117.15,0.5,116.9,200,,,,,,,,,,,,,,,,,,,117.4,100,,,,,,,,,,,,,,,,,,
2026-07-09T11:00:11.360575+00:00,2026-07-09T11:00:11.360465,1,2,117.1,0.4,116.9,200,,,,,,,,,,,,,,,,,,,117.3,150,117.4,100,,,,,,,,,,,,,,,,
2026-07-09T11:00:12.103072+00:00,2026-07-09T11:00:12.096861,1,2,117.1,0.4,116.9,200,,,,,,,,,,,,,,,,,,,117.3,139,117.4,100,,,,,,,,,,,,,,,,
2026-07-09T11:00:13.057033+00:00,2026-07-09T11:00:13.057188,1,2,117.1,0.4,116.9,150,,,,,,,,,,,,,,,,,,,117.3,139,117.4,100,,,,,,,,,,,,,,,,
2026-07-09T11:00:13.322544+00:00,2026-07-09T11:00:13.322358,1,1,117.1,0.4,116.9,150,,,,,,,,,,,,,,,,,,,117.3,139,,,,,,,,,,,,,,,,,,
2026-07-09T11:00:13.379780+00:00,2026-07-09T11:00:13.379645,1,1,117.1,0.4,116.9,250,,,,,,,,,,,,,,,,,,,117.3,139,,,,,,,,,,,,,,,,,,
2026-07-09T11:00:13.433775+00:00,2026-07-09T11:00:13.433719,1,2,117.1,0.4,116.9,250,,,,,,,,,,,,,,,,,,,117.3,139,117.4,100,,,,,,,,,,,,,,,,
2026-07-09T11:00:13.629930+00:00,2026-07-09T11:00:13.629867,1,2,117.1,0.4,116.9,250,,,,,,,,,,,,,,,,,,,117.3,94,117.4,100,,,,,,,,,,,,,,,,
2026-07-09T11:00:14.199837+00:00,2026-07-09T11:00:14.199764,1,2,117.1,0.4,116.9,202,,,,,,,,,,,,,,,,,,,117.3,94,117.4,100,,,,,,,,,,,,,,,,
2026-07-09T11:00:14.417972+00:00,2026-07-09T11:00:14.417894,1,1,117.15,0.5,116.9,100,,,,,,,,,,,,,,,,,,,117.4,100,,,,,,,,,,,,,,,,,,
2026-07-09T11:00:14.475323+00:00,2026-07-09T11:00:14.475229,1,1,117.15,0.5,116.9,250,,,,,,,,,,,,,,,,,,,117.4,100,,,,,,,,,,,,,,,,,,
2026-07-09T11:00:14.529396+00:00,2026-07-09T11:00:14.529514,1,1,117.15,0.5,116.9,250,,,,,,,,,,,,,,,,,,,117.4,250,,,,,,,,,,,,,,,,,,
2026-07-09T11:00:14.733745+00:00,2026-07-09T11:00:14.727031,1,1,117.15,0.5,116.9,250,,,,,,,,,,,,,,,,,,,117.4,238,,,,,,,,,,,,,,,,,,
2026-07-09T11:00:15.170415+00:00,2026-07-09T11:00:15.170337,1,1,117.15,0.5,116.9,200,,,,,,,,,,,,,,,,,,,117.4,238,,,,,,,,,,,,,,,,,,
2026-07-09T11:00:16.098134+00:00,2026-07-09T11:00:16.098019,1,1,117.15,0.5,116.9,200,,,,,,,,,,,,,,,,,,,117.4,198,,,,,,,,,,,,,,,,,,
2026-07-09T11:00:16.483061+00:00,2026-07-09T11:00:16.483003,1,1,117.15,0.5,116.9,200,,,,,,,,,,,,,,,,,,,117.4,150,,,,,,,,,,,,,,,,,,
2026-07-09T11:00:16.494988+00:00,2026-07-09T11:00:16.494876,1,1,117.15,0.5,116.9,150,,,,,,,,,,,,,,,,,,,117.4,150,,,,,,,,,,,,,,,,,,
2026-07-09T11:00:16.545237+00:00,2026-07-09T11:00:16.545200,2,1,117.2,0.4,117.0,100,116.9,150,,,,,,,,,,,,,,,,,117.4,150,,,,,,,,,,,,,,,,,,
2026-07-09T11:00:16.600153+00:00,2026-07-09T11:00:16.600036,2,2,117.2,0.4,117.0,100,116.9,150,,,,,,,,,,,,,,,,,117.4,150,117.5,100,,,,,,,,,,,,,,,,
2026-07-09T11:00:17.123206+00:00,2026-07-09T11:00:17.123099,2,2,117.2,0.4,117.0,52,116.9,150,,,,,,,,,,,,,,,,,117.4,150,117.5,100,,,,,,,,,,,,,,,,
2026-07-09T11:00:17.278470+00:00,2026-07-09T11:00:17.278322,2,2,117.2,0.4,117.0,2,116.9,150,,,,,,,,,,,,,,,,,117.4,150,117.5,100,,,,,,,,,,,,,,,,
2026-07-09T11:00:17.582269+00:00,2026-07-09T11:00:17.582192,1,1,117.25,0.5,117.0,2,,,,,,,,,,,,,,,,,,,117.5,100,,,,,,,,,,,,,,,,,,
2026-07-09T11:00:17.635483+00:00,2026-07-09T11:00:17.635366,2,1,117.3,0.4,117.1,150,117.0,2,,,,,,,,,,,,,,,,,117.5,100,,,,,,,,,,,,,,,,,,
2026-07-09T11:00:17.689000+00:00,2026-07-09T11:00:17.688956,2,2,117.3,0.4,117.1,150,117.0,2,,,,,,,,,,,,,,,,,117.5,100,117.6,150,,,,,,,,,,,,,,,,
2026-07-09T11:00:17.758564+00:00,2026-07-09T11:00:17.756747,2,2,117.3,0.4,117.1,150,117.0,2,,,,,,,,,,,,,,,,,117.5,55,117.6,150,,,,,,,,,,,,,,,,
2026-07-09T11:00:19.384923+00:00,2026-07-09T11:00:19.384797,2,2,117.3,0.4,117.1,100,117.0,2,,,,,,,,,,,,,,,,,117.5,55,117.6,150,,,,,,,,,,,,,,,,
2026-07-09T11:00:19.669184+00:00,2026-07-09T11:00:19.668970,1,1,117.35,0.5,117.1,100,,,,,,,,,,,,,,,,,,,117.6,150,,,,,,,,,,,,,,,,,,
2026-07-09T11:00:19.710484+00:00,2026-07-09T11:00:19.710426,2,1,117.35,0.5,117.1,100,116.9,100,,,,,,,,,,,,,,,,,117.6,150,,,,,,,,,,,,,,,,,,
2026-07-09T11:00:19.764908+00:00,2026-07-09T11:00:19.764701,2,2,117.25,0.3,117.1,100,116.9,100,,,,,,,,,,,,,,,,,117.4,100,117.6,150,,,,,,,,,,,,,,,,
2026-07-09T11:00:19.991319+00:00,2026-07-09T11:00:19.984931,2,2,117.25,0.3,117.1,100,116.9,100,,,,,,,,,,,,,,,,,117.4,89,117.6,150,,,,,,,,,,,,,,,,
2026-07-09T11:00:20.742428+00:00,2026-07-09T11:00:20.742328,1,1,117.15,0.5,116.9,100,,,,,,,,,,,,,,,,,,,117.4,89,,,,,,,,,,,,,,,,,,
2026-07-09T11:00:20.799044+00:00,2026-07-09T11:00:20.798938,2,1,117.2,0.4,117.0,150,116.9,100,,,,,,,,,,,,,,,,,117.4,89,,,,,,,,,,,,,,,,,,
2026-07-09T11:00:20.851122+00:00,2026-07-09T11:00:20.851029,2,2,117.2,0.4,117.0,150,116.9,100,,,,,,,,,,,,,,,,,117.4,89,117.5,150,,,,,,,,,,,,,,,,
2026-07-09T11:00:21.491997+00:00,2026-07-09T11:00:21.491968,2,2,117.2,0.4,117.0,100,116.9,100,,,,,,,,,,,,,,,,,117.4,89,117.5,150,,,,,,,,,,,,,,,,
2026-07-09T11:00:22.825462+00:00,2026-07-09T11:00:22.825287,1,1,117.25,0.5,117.0,100,,,,,,,,,,,,,,,,,,,117.5,150,,,,,,,,,,,,,,,,,,
2026-07-09T11:00:22.880017+00:00,2026-07-09T11:00:22.880189,1,1,117.25,0.5,117.0,200,,,,,,,,,,,,,,,,,,,117.5,150,,,,,,,,,,,,,,,,,,
2026-07-09T11:00:22.932613+00:00,2026-07-09T11:00:22.932504,1,1,117.25,0.5,117.0,200,,,,,,,,,,,,,,,,,,,117.5,250,,,,,,,,,,,,,,,,,,
2026-07-09T11:00:23.604457+00:00,2026-07-09T11:00:23.604536,1,1,117.25,0.5,117.0,150,,,,,,,,,,,,,,,,,,,117.5,250,,,,,,,,,,,,,,,,,,
2026-07-09T11:00:23.904217+00:00,2026-07-09T11:00:23.904150,1,1,117.25,0.5,117.0,100,,,,,,,,,,,,,,,,,,,117.5,100,,,,,,,,,,,,,,,,,,
2026-07-09T11:00:23.958629+00:00,2026-07-09T11:00:23.957268,2,1,117.25,0.5,117.0,100,116.6,150,,,,,,,,,,,,,,,,,117.5,100,,,,,,,,,,,,,,,,,,
2026-07-09T11:00:24.026383+00:00,2026-07-09T11:00:24.019643,2,2,117.05,0.1,117.0,100,116.6,150,,,,,,,,,,,,,,,,,117.1,139,117.5,100,,,,,,,,,,,,,,,,
2026-07-09T11:00:24.408830+00:00,2026-07-09T11:00:24.403195,2,2,117.05,0.1,117.0,100,116.6,150,,,,,,,,,,,,,,,,,117.1,127,117.5,100,,,,,,,,,,,,,,,,
2026-07-09T11:00:25.709410+00:00,2026-07-09T11:00:25.709205,2,2,117.05,0.1,117.0,50,116.6,150,,,,,,,,,,,,,,,,,117.1,127,117.5,100,,,,,,,,,,,,,,,,
2026-07-09T11:00:25.730249+00:00,2026-07-09T11:00:25.730192,2,2,117.05,0.1,117.0,50,116.6,150,,,,,,,,,,,,,,,,,117.1,80,117.5,100,,,,,,,,,,,,,,,,
2026-07-09T11:00:25.990784+00:00,2026-07-09T11:00:25.990741,1,1,116.85,0.5,116.6,150,,,,,,,,,,,,,,,,,,,117.1,80,,,,,,,,,,,,,,,,,,
2026-07-09T11:00:26.046926+00:00,2026-07-09T11:00:26.046838,2,1,116.95,0.3,116.8,100,116.6,150,,,,,,,,,,,,,,,,,117.1,80,,,,,,,,,,,,,,,,,,
2026-07-09T11:00:26.094522+00:00,2026-07-09T11:00:26.094394,2,2,116.95,0.3,116.8,100,116.6,150,,,,,,,,,,,,,,,,,117.1,80,117.3,100,,,,,,,,,,,,,,,,
2026-07-09T11:00:26.758617+00:00,2026-07-09T11:00:26.754914,2,2,116.95,0.3,116.8,100,116.6,150,,,,,,,,,,,,,,,,,117.1,33,117.3,100,,,,,,,,,,,,,,,,
2026-07-09T11:00:27.072318+00:00,2026-07-09T11:00:27.072195,1,1,117.05,0.5,116.8,100,,,,,,,,,,,,,,,,,,,117.3,100,,,,,,,,,,,,,,,,,,
2026-07-09T11:00:27.124573+00:00,2026-07-09T11:00:27.124477,2,1,117.15,0.3,117.0,150,116.8,100,,,,,,,,,,,,,,,,,117.3,100,,,,,,,,,,,,,,,,,,
2026-07-09T11:00:27.179845+00:00,2026-07-09T11:00:27.179750,2,2,117.15,0.3,117.0,150,116.8,100,,,,,,,,,,,,,,,,,117.3,100,117.5,150,,,,,,,,,,,,,,,,
2026-07-09T11:00:29.158590+00:00,2026-07-09T11:00:29.154436,1,1,117.25,0.5,117.0,150,,,,,,,,,,,,,,,,,,,117.5,150,,,,,,,,,,,,,,,,,,
2026-07-09T11:00:29.209587+00:00,2026-07-09T11:00:29.209727,2,1,117.25,0.5,117.0,150,116.7,100,,,,,,,,,,,,,,,,,117.5,150,,,,,,,,,,,,,,,,,,
2026-07-09T11:00:29.261434+00:00,2026-07-09T11:00:29.261349,2,2,117.1,0.2,117.0,150,116.7,100,,,,,,,,,,,,,,,,,117.2,100,117.5,150,,,,,,,,,,,,,,,,
2026-07-09T11:00:29.878037+00:00,2026-07-09T11:00:29.877921,2,2,117.1,0.2,117.0,150,116.7,100,,,,,,,,,,,,,,,,,117.2,50,117.5,150,,,,,,,,,,,,,,,,
2026-07-09T11:00:30.236079+00:00,2026-07-09T11:00:30.236020,1,1,116.95,0.5,116.7,100,,,,,,,,,,,,,,,,,,,117.2,50,,,,,,,,,,,,,,,,,,
2026-07-09T11:00:30.290742+00:00,2026-07-09T11:00:30.290584,2,1,117.0,0.4,116.8,150,116.7,100,,,,,,,,,,,,,,,,,117.2,50,,,,,,,,,,,,,,,,,,
2026-07-09T11:00:30.344236+00:00,2026-07-09T11:00:30.344345,2,1,117.0,0.4,116.8,150,116.7,100,,,,,,,,,,,,,,,,,117.2,200,,,,,,,,,,,,,,,,,,
2026-07-09T11:00:31.989664+00:00,2026-07-09T11:00:31.989591,2,1,117.0,0.4,116.8,150,116.7,100,,,,,,,,,,,,,,,,,117.2,150,,,,,,,,,,,,,,,,,,
2026-07-09T11:00:32.320458+00:00,2026-07-09T11:00:32.320383,1,1,117.0,0.4,116.8,150,,,,,,,,,,,,,,,,,,,117.2,150,,,,,,,,,,,,,,,,,,
2026-07-09T11:00:32.373681+00:00,2026-07-09T11:00:32.373634,1,1,117.0,0.4,116.8,250,,,,,,,,,,,,,,,,,,,117.2,150,,,,,,,,,,,,,,,,,,
2026-07-09T11:00:32.424405+00:00,2026-07-09T11:00:32.424567,1,2,117.0,0.4,116.8,250,,,,,,,,,,,,,,,,,,,117.2,150,117.3,100,,,,,,,,,,,,,,,,
2026-07-09T11:00:33.399872+00:00,2026-07-09T11:00:33.399697,1,1,117.05,0.5,116.8,100,,,,,,,,,,,,,,,,,,,117.3,100,,,,,,,,,,,,,,,,,,
2026-07-09T11:00:33.458565+00:00,2026-07-09T11:00:33.455356,2,1,117.05,0.5,116.8,100,116.7,150,,,,,,,,,,,,,,,,,117.3,100,,,,,,,,,,,,,,,,,,
2026-07-09T11:00:33.509558+00:00,2026-07-09T11:00:33.509451,2,2,117.0,0.4,116.8,100,116.7,150,,,,,,,,,,,,,,,,,117.2,150,117.3,100,,,,,,,,,,,,,,,,
2026-07-09T11:00:34.099988+00:00,2026-07-09T11:00:34.099880,2,2,117.0,0.4,116.8,100,116.7,150,,,,,,,,,,,,,,,,,117.2,100,117.3,100,,,,,,,,,,,,,,,,
2026-07-09T11:00:35.489782+00:00,2026-07-09T11:00:35.489604,1,1,116.95,0.5,116.7,150,,,,,,,,,,,,,,,,,,,117.2,100,,,,,,,,,,,,,,,,,,
2026-07-09T11:00:35.535395+00:00,2026-07-09T11:00:35.535335,2,1,117.05,0.3,116.9,100,116.7,150,,,,,,,,,,,,,,,,,117.2,100,,,,,,,,,,,,,,,,,,
2026-07-09T11:00:35.593009+00:00,2026-07-09T11:00:35.592849,2,2,117.05,0.3,116.9,100,116.7,150,,,,,,,,,,,,,,,,,117.2,100,117.4,100,,,,,,,,,,,,,,,,
2026-07-09T11:00:36.258601+00:00,2026-07-09T11:00:36.255367,2,2,117.05,0.3,116.9,50,116.7,150,,,,,,,,,,,,,,,,,117.2,100,117.4,100,,,,,,,,,,,,,,,,
2026-07-09T11:00:36.565902+00:00,2026-07-09T11:00:36.566030,1,1,117.15,0.5,116.9,50,,,,,,,,,,,,,,,,,,,117.4,100,,,,,,,,,,,,,,,,,,
2026-07-09T11:00:36.621631+00:00,2026-07-09T11:00:36.621520,1,1,117.15,0.5,116.9,200,,,,,,,,,,,,,,,,,,,117.4,100,,,,,,,,,,,,,,,,,,
2026-07-09T11:00:36.675578+00:00,2026-07-09T11:00:36.675476,1,2,117.1,0.4,116.9,200,,,,,,,,,,,,,,,,,,,117.3,150,117.4,100,,,,,,,,,,,,,,,,
2026-07-09T11:00:38.658562+00:00,2026-07-09T11:00:38.646486,1,1,117.1,0.4,116.9,150,,,,,,,,,,,,,,,,,,,117.3,150,,,,,,,,,,,,,,,,,,
2026-07-09T11:00:38.700538+00:00,2026-07-09T11:00:38.700349,2,1,117.1,0.4,116.9,150,116.8,100,,,,,,,,,,,,,,,,,117.3,150,,,,,,,,,,,,,,,,,,
2026-07-09T11:00:38.755017+00:00,2026-07-09T11:00:38.754969,2,1,117.1,0.4,116.9,150,116.8,100,,,,,,,,,,,,,,,,,117.3,250,,,,,,,,,,,,,,,,,,
2026-07-09T11:00:39.046528+00:00,2026-07-09T11:00:39.046488,2,1,117.1,0.4,116.9,107,116.8,100,,,,,,,,,,,,,,,,,117.3,250,,,,,,,,,,,,,,,,,,
2026-07-09T11:00:39.598711+00:00,2026-07-09T11:00:39.598626,2,1,117.1,0.4,116.9,64,116.8,100,,,,,,,,,,,,,,,,,117.3,250,,,,,,,,,,,,,,,,,,
2026-07-09T11:00:39.730944+00:00,2026-07-09T11:00:39.730913,1,1,117.05,0.5,116.8,100,,,,,,,,,,,,,,,,,,,117.3,100,,,,,,,,,,,,,,,,,,
2026-07-09T11:00:39.785781+00:00,2026-07-09T11:00:39.785661,2,1,117.05,0.5,116.8,100,116.7,150,,,,,,,,,,,,,,,,,117.3,100,,,,,,,,,,,,,,,,,,
2026-07-09T11:00:39.839721+00:00,2026-07-09T11:00:39.839675,2,2,117.0,0.4,116.8,100,116.7,150,,,,,,,,,,,,,,,,,117.2,150,117.3,100,,,,,,,,,,,,,,,,
2026-07-09T11:00:40.419394+00:00,2026-07-09T11:00:40.419268,2,2,117.0,0.4,116.8,100,116.7,150,,,,,,,,,,,,,,,,,117.2,100,117.3,100,,,,,,,,,,,,,,,,
2026-07-09T11:00:41.809385+00:00,2026-07-09T11:00:41.809300,1,1,116.95,0.5,116.7,150,,,,,,,,,,,,,,,,,,,117.2,100,,,,,,,,,,,,,,,,,,
2026-07-09T11:00:41.864073+00:00,2026-07-09T11:00:41.864183,2,1,117.0,0.4,116.8,100,116.7,150,,,,,,,,,,,,,,,,,117.2,100,,,,,,,,,,,,,,,,,,
2026-07-09T11:00:41.916623+00:00,2026-07-09T11:00:41.916506,2,2,117.0,0.4,116.8,100,116.7,150,,,,,,,,,,,,,,,,,117.2,100,117.3,100,,,,,,,,,,,,,,,,
2026-07-09T11:00:42.558653+00:00,2026-07-09T11:00:42.556909,2,2,117.0,0.4,116.8,100,116.7,150,,,,,,,,,,,,,,,,,117.2,50,117.3,100,,,,,,,,,,,,,,,,
2026-07-09T11:00:42.894282+00:00,2026-07-09T11:00:42.894405,1,1,117.05,0.5,116.8,100,,,,,,,,,,,,,,,,,,,117.3,100,,,,,,,,,,,,,,,,,,
2026-07-09T11:00:42.949662+00:00,2026-07-09T11:00:42.949781,2,1,117.2,0.2,117.1,150,116.8,100,,,,,,,,,,,,,,,,,117.3,100,,,,,,,,,,,,,,,,,,
2026-07-09T11:00:43.002704+00:00,2026-07-09T11:00:43.002637,2,2,117.2,0.2,117.1,150,116.8,100,,,,,,,,,,,,,,,,,117.3,100,117.6,150,,,,,,,,,,,,,,,,
2026-07-09T11:00:44.238098+00:00,2026-07-09T11:00:44.238059,2,2,117.2,0.2,117.1,150,116.8,100,,,,,,,,,,,,,,,,,117.3,54,117.6,150,,,,,,,,,,,,,,,,
2026-07-09T11:00:44.669160+00:00,2026-07-09T11:00:44.669059,2,2,117.2,0.2,117.1,150,116.8,100,,,,,,,,,,,,,,,,,117.3,4,117.6,150,,,,,,,,,,,,,,,,
2026-07-09T11:00:44.991306+00:00,2026-07-09T11:00:44.991434,1,1,117.35,0.5,117.1,150,,,,,,,,,,,,,,,,,,,117.6,150,,,,,,,,,,,,,,,,,,
2026-07-09T11:00:45.045888+00:00,2026-07-09T11:00:45.045814,2,1,117.45,0.3,117.3,100,117.1,150,,,,,,,,,,,,,,,,,117.6,150,,,,,,,,,,,,,,,,,,
2026-07-09T11:00:45.098488+00:00,2026-07-09T11:00:45.098365,2,2,117.45,0.3,117.3,100,117.1,150,,,,,,,,,,,,,,,,,117.6,150,117.8,100,,,,,,,,,,,,,,,,
2026-07-09T11:00:46.058615+00:00,2026-07-09T11:00:46.057171,1,1,117.55,0.5,117.3,100,,,,,,,,,,,,,,,,,,,117.8,100,,,,,,,,,,,,,,,,,,
2026-07-09T11:00:46.119561+00:00,2026-07-09T11:00:46.112890,2,1,117.6,0.4,117.4,138,117.3,100,,,,,,,,,,,,,,,,,117.8,100,,,,,,,,,,,,,,,,,,
2026-07-09T11:00:46.160826+00:00,2026-07-09T11:00:46.160718,2,2,117.6,0.4,117.4,138,117.3,100,,,,,,,,,,,,,,,,,117.8,100,117.9,150,,,,,,,,,,,,,,,,
2026-07-09T11:00:46.853641+00:00,2026-07-09T11:00:46.853780,2,2,117.6,0.4,117.4,88,117.3,100,,,,,,,,,,,,,,,,,117.8,100,117.9,150,,,,,,,,,,,,,,,,
2026-07-09T11:00:47.510122+00:00,2026-07-09T11:00:47.509919,2,2,117.6,0.4,117.4,39,117.3,100,,,,,,,,,,,,,,,,,117.8,100,117.9,150,,,,,,,,,,,,,,,,
2026-07-09T11:00:48.158626+00:00,2026-07-09T11:00:48.156573,1,1,117.65,0.5,117.4,39,,,,,,,,,,,,,,,,,,,117.9,150,,,,,,,,,,,,,,,,,,
2026-07-09T11:00:48.208485+00:00,2026-07-09T11:00:48.208381,2,1,117.65,0.5,117.4,39,117.3,100,,,,,,,,,,,,,,,,,117.9,150,,,,,,,,,,,,,,,,,,
2026-07-09T11:00:48.254286+00:00,2026-07-09T11:00:48.254598,2,2,117.6,0.4,117.4,39,117.3,100,,,,,,,,,,,,,,,,,117.8,100,117.9,150,,,,,,,,,,,,,,,,
2026-07-09T11:00:48.996203+00:00,2026-07-09T11:00:48.996034,1,2,117.55,0.5,117.3,100,,,,,,,,,,,,,,,,,,,117.8,100,117.9,150,,,,,,,,,,,,,,,,
2026-07-09T11:00:49.219423+00:00,2026-07-09T11:00:49.219337,1,1,117.55,0.5,117.3,100,,,,,,,,,,,,,,,,,,,117.8,100,,,,,,,,,,,,,,,,,,
2026-07-09T11:00:49.274157+00:00,2026-07-09T11:00:49.274078,2,1,117.55,0.5,117.3,100,117.1,150,,,,,,,,,,,,,,,,,117.8,100,,,,,,,,,,,,,,,,,,
2026-07-09T11:00:49.327380+00:00,2026-07-09T11:00:49.327257,2,2,117.45,0.3,117.3,100,117.1,150,,,,,,,,,,,,,,,,,117.6,150,117.8,100,,,,,,,,,,,,,,,,
2026-07-09T11:00:50.258760+00:00,2026-07-09T11:00:50.258667,2,2,117.45,0.3,117.3,100,117.1,150,,,,,,,,,,,,,,,,,117.6,102,117.8,100,,,,,,,,,,,,,,,,
2026-07-09T11:00:51.013390+00:00,2026-07-09T11:00:51.013353,2,2,117.45,0.3,117.3,100,117.1,150,,,,,,,,,,,,,,,,,117.6,52,117.8,100,,,,,,,,,,,,,,,,
2026-07-09T11:00:51.315772+00:00,2026-07-09T11:00:51.315663,2,1,117.45,0.3,117.3,100,117.1,150,,,,,,,,,,,,,,,,,117.6,52,,,,,,,,,,,,,,,,,,
2026-07-09T11:00:51.320759+00:00,2026-07-09T11:00:51.320845,1,1,117.35,0.5,117.1,150,,,,,,,,,,,,,,,,,,,117.6,52,,,,,,,,,,,,,,,,,,
2026-07-09T11:00:51.371281+00:00,2026-07-09T11:00:51.371179,2,0,,,117.6,48,117.1,150,,,,,,,,,,,,,,,,,,,,,,,,,,,,,,,,,,,,
2026-07-09T11:00:51.429101+00:00,2026-07-09T11:00:51.428966,2,1,117.85,0.5,117.6,48,117.1,150,,,,,,,,,,,,,,,,,118.1,100,,,,,,,,,,,,,,,,,,
2026-07-09T11:00:51.556369+00:00,2026-07-09T11:00:51.549212,2,1,117.85,0.5,117.6,37,117.1,150,,,,,,,,,,,,,,,,,118.1,100,,,,,,,,,,,,,,,,,,
2026-07-09T11:00:52.236452+00:00,2026-07-09T11:00:52.227913,2,1,117.85,0.5,117.6,26,117.1,150,,,,,,,,,,,,,,,,,118.1,100,,,,,,,,,,,,,,,,,,
2026-07-09T11:00:52.382001+00:00,2026-07-09T11:00:52.381958,1,1,117.85,0.5,117.6,26,,,,,,,,,,,,,,,,,,,118.1,100,,,,,,,,,,,,,,,,,,
2026-07-09T11:00:52.436754+00:00,2026-07-09T11:00:52.436645,2,1,117.85,0.5,117.6,26,117.4,150,,,,,,,,,,,,,,,,,118.1,100,,,,,,,,,,,,,,,,,,
2026-07-09T11:00:52.489923+00:00,2026-07-09T11:00:52.489794,2,2,117.75,0.3,117.6,26,117.4,150,,,,,,,,,,,,,,,,,117.9,150,118.1,100,,,,,,,,,,,,,,,,
2026-07-09T11:00:53.448189+00:00,2026-07-09T11:00:53.448082,1,2,117.65,0.5,117.4,133,,,,,,,,,,,,,,,,,,,117.9,150,118.1,100,,,,,,,,,,,,,,,,
2026-07-09T11:00:54.489258+00:00,2026-07-09T11:00:54.489182,1,1,117.65,0.5,117.4,133,,,,,,,,,,,,,,,,,,,117.9,150,,,,,,,,,,,,,,,,,,
2026-07-09T11:00:54.540375+00:00,2026-07-09T11:00:54.540272,2,1,117.65,0.5,117.4,133,117.2,100,,,,,,,,,,,,,,,,,117.9,150,,,,,,,,,,,,,,,,,,
2026-07-09T11:00:54.594187+00:00,2026-07-09T11:00:54.594071,2,2,117.55,0.3,117.4,133,117.2,100,,,,,,,,,,,,,,,,,117.7,100,117.9,150,,,,,,,,,,,,,,,,
2026-07-09T11:00:55.226269+00:00,2026-07-09T11:00:55.226215,2,2,117.55,0.3,117.4,133,117.2,100,,,,,,,,,,,,,,,,,117.7,50,117.9,150,,,,,,,,,,,,,,,,
2026-07-09T11:00:55.544182+00:00,2026-07-09T11:00:55.544100,1,1,117.45,0.5,117.2,100,,,,,,,,,,,,,,,,,,,117.7,50,,,,,,,,,,,,,,,,,,
2026-07-09T11:00:55.592251+00:00,2026-07-09T11:00:55.589837,2,1,117.5,0.4,117.3,150,117.2,100,,,,,,,,,,,,,,,,,117.7,50,,,,,,,,,,,,,,,,,,
2026-07-09T11:00:55.658625+00:00,2026-07-09T11:00:55.655435,2,2,117.5,0.4,117.3,150,117.2,100,,,,,,,,,,,,,,,,,117.7,50,117.8,150,,,,,,,,,,,,,,,,
2026-07-09T11:00:57.334299+00:00,2026-07-09T11:00:57.334439,2,1,117.55,0.5,117.3,150,117.2,100,,,,,,,,,,,,,,,,,117.8,150,,,,,,,,,,,,,,,,,,
2026-07-09T11:00:57.645184+00:00,2026-07-09T11:00:57.645117,1,1,117.55,0.5,117.3,150,,,,,,,,,,,,,,,,,,,117.8,150,,,,,,,,,,,,,,,,,,
2026-07-09T11:00:57.697898+00:00,2026-07-09T11:00:57.698029,2,1,117.7,0.2,117.6,100,117.3,150,,,,,,,,,,,,,,,,,117.8,150,,,,,,,,,,,,,,,,,,
2026-07-09T11:00:57.753347+00:00,2026-07-09T11:00:57.753171,2,2,117.7,0.2,117.6,100,117.3,150,,,,,,,,,,,,,,,,,117.8,150,118.1,100,,,,,,,,,,,,,,,,
2026-07-09T11:00:58.716427+00:00,2026-07-09T11:00:58.716369,1,1,117.85,0.5,117.6,100,,,,,,,,,,,,,,,,,,,118.1,100,,,,,,,,,,,,,,,,,,
2026-07-09T11:00:58.774266+00:00,2026-07-09T11:00:58.774165,1,1,117.85,0.5,117.6,250,,,,,,,,,,,,,,,,,,,118.1,100,,,,,,,,,,,,,,,,,,
2026-07-09T11:00:58.822152+00:00,2026-07-09T11:00:58.822037,1,1,117.85,0.5,117.6,250,,,,,,,,,,,,,,,,,,,118.1,250,,,,,,,,,,,,,,,,,,
2026-07-09T11:00:59.441520+00:00,2026-07-09T11:00:59.441377,1,1,117.85,0.5,117.6,250,,,,,,,,,,,,,,,,,,,118.1,200,,,,,,,,,,,,,,,,,,
2026-07-09T11:01:00.196147+00:00,2026-07-09T11:01:00.196330,1,1,117.85,0.5,117.6,250,,,,,,,,,,,,,,,,,,,118.1,160,,,,,,,,,,,,,,,,,,
2026-07-09T11:01:00.251997+00:00,2026-07-09T11:01:00.252203,1,1,117.85,0.5,117.6,208,,,,,,,,,,,,,,,,,,,118.1,160,,,,,,,,,,,,,,,,,,
2026-07-09T11:01:00.807767+00:00,2026-07-09T11:01:00.807686,1,1,117.85,0.5,117.6,150,,,,,,,,,,,,,,,,,,,118.1,150,,,,,,,,,,,,,,,,,,
2026-07-09T11:01:00.865014+00:00,2026-07-09T11:01:00.864910,2,1,117.95,0.3,117.8,100,117.6,150,,,,,,,,,,,,,,,,,118.1,150,,,,,,,,,,,,,,,,,,
2026-07-09T11:01:00.918969+00:00,2026-07-09T11:01:00.918855,2,2,117.95,0.3,117.8,100,117.6,150,,,,,,,,,,,,,,,,,118.1,150,118.3,100,,,,,,,,,,,,,,,,
2026-07-09T11:01:01.880803+00:00,2026-07-09T11:01:01.880711,1,1,118.05,0.5,117.8,100,,,,,,,,,,,,,,,,,,,118.3,100,,,,,,,,,,,,,,,,,,
2026-07-09T11:01:01.932320+00:00,2026-07-09T11:01:01.932269,2,1,118.05,0.5,117.8,100,117.5,150,,,,,,,,,,,,,,,,,118.3,100,,,,,,,,,,,,,,,,,,
2026-07-09T11:01:01.987508+00:00,2026-07-09T11:01:01.987440,2,2,117.9,0.2,117.8,100,117.5,150,,,,,,,,,,,,,,,,,118.0,150,118.3,100,,,,,,,,,,,,,,,,
2026-07-09T11:01:02.257167+00:00,2026-07-09T11:01:02.257321,2,2,117.9,0.2,117.8,55,117.5,150,,,,,,,,,,,,,,,,,118.0,150,118.3,100,,,,,,,,,,,,,,,,
2026-07-09T11:01:03.358613+00:00,2026-07-09T11:01:03.356657,2,2,117.9,0.2,117.8,55,117.5,150,,,,,,,,,,,,,,,,,118.0,101,118.3,100,,,,,,,,,,,,,,,,
2026-07-09T11:01:03.663935+00:00,2026-07-09T11:01:03.663879,2,2,117.9,0.2,117.8,55,117.5,150,,,,,,,,,,,,,,,,,118.0,51,118.3,100,,,,,,,,,,,,,,,,
2026-07-09T11:01:03.975288+00:00,2026-07-09T11:01:03.975192,1,1,117.75,0.5,117.5,150,,,,,,,,,,,,,,,,,,,118.0,51,,,,,,,,,,,,,,,,,,
2026-07-09T11:01:04.031343+00:00,2026-07-09T11:01:04.031197,2,1,117.85,0.3,117.7,100,117.5,150,,,,,,,,,,,,,,,,,118.0,51,,,,,,,,,,,,,,,,,,
2026-07-09T11:01:04.084989+00:00,2026-07-09T11:01:04.084923,2,2,117.85,0.3,117.7,100,117.5,150,,,,,,,,,,,,,,,,,118.0,51,118.2,100,,,,,,,,,,,,,,,,
2026-07-09T11:01:05.036077+00:00,2026-07-09T11:01:05.035962,2,1,117.95,0.5,117.7,100,117.5,150,,,,,,,,,,,,,,,,,118.2,100,,,,,,,,,,,,,,,,,,
2026-07-09T11:01:05.041182+00:00,2026-07-09T11:01:05.041135,1,1,117.95,0.5,117.7,100,,,,,,,,,,,,,,,,,,,118.2,100,,,,,,,,,,,,,,,,,,
2026-07-09T11:01:05.090974+00:00,2026-07-09T11:01:05.090937,2,1,118.05,0.3,117.9,150,117.7,100,,,,,,,,,,,,,,,,,118.2,100,,,,,,,,,,,,,,,,,,
2026-07-09T11:01:05.144181+00:00,2026-07-09T11:01:05.144081,2,2,118.05,0.3,117.9,150,117.7,100,,,,,,,,,,,,,,,,,118.2,100,118.4,150,,,,,,,,,,,,,,,,
2026-07-09T11:01:05.608385+00:00,2026-07-09T11:01:05.608211,2,2,118.05,0.3,117.9,150,117.7,100,,,,,,,,,,,,,,,,,118.2,59,118.4,150,,,,,,,,,,,,,,,,
2026-07-09T11:01:05.658548+00:00,2026-07-09T11:01:05.655379,2,2,118.05,0.3,117.9,107,117.7,100,,,,,,,,,,,,,,,,,118.2,59,118.4,150,,,,,,,,,,,,,,,,
2026-07-09T11:01:05.815905+00:00,2026-07-09T11:01:05.815817,2,2,118.05,0.3,117.9,57,117.7,100,,,,,,,,,,,,,,,,,118.2,59,118.4,150,,,,,,,,,,,,,,,,
2026-07-09T11:01:06.016294+00:00,2026-07-09T11:01:06.009579,2,2,118.05,0.3,117.9,45,117.7,100,,,,,,,,,,,,,,,,,118.2,59,118.4,150,,,,,,,,,,,,,,,,
2026-07-09T11:01:06.185612+00:00,2026-07-09T11:01:06.185500,2,2,118.05,0.3,117.9,45,117.7,100,,,,,,,,,,,,,,,,,118.2,13,118.4,150,,,,,,,,,,,,,,,,
2026-07-09T11:01:06.241937+00:00,2026-07-09T11:01:06.241825,1,2,117.95,0.5,117.7,96,,,,,,,,,,,,,,,,,,,118.2,13,118.4,150,,,,,,,,,,,,,,,,
2026-07-09T11:01:07.153746+00:00,2026-07-09T11:01:07.156964,0,1,,,,,,,,,,,,,,,,,,,,,,,118.4,150,,,,,,,,,,,,,,,,,,
2026-07-09T11:01:07.226227+00:00,2026-07-09T11:01:07.226092,1,1,118.1,0.6,117.8,100,,,,,,,,,,,,,,,,,,,118.4,150,,,,,,,,,,,,,,,,,,
2026-07-09T11:01:07.249641+00:00,2026-07-09T11:01:07.249570,1,1,118.1,0.6,117.8,100,,,,,,,,,,,,,,,,,,,118.4,104,,,,,,,,,,,,,,,,,,
2026-07-09T11:01:07.280594+00:00,2026-07-09T11:01:07.280464,1,2,118.05,0.5,117.8,100,,,,,,,,,,,,,,,,,,,118.3,100,118.4,104,,,,,,,,,,,,,,,,
2026-07-09T11:01:07.869767+00:00,2026-07-09T11:01:07.869723,1,2,118.05,0.5,117.8,100,,,,,,,,,,,,,,,,,,,118.3,50,118.4,104,,,,,,,,,,,,,,,,
2026-07-09T11:01:08.201607+00:00,2026-07-09T11:01:08.201505,1,1,118.05,0.5,117.8,100,,,,,,,,,,,,,,,,,,,118.3,50,,,,,,,,,,,,,,,,,,
2026-07-09T11:01:08.254729+00:00,2026-07-09T11:01:08.254653,2,1,118.05,0.5,117.8,100,117.5,150,,,,,,,,,,,,,,,,,118.3,50,,,,,,,,,,,,,,,,,,
2026-07-09T11:01:08.307223+00:00,2026-07-09T11:01:08.307188,2,2,117.9,0.2,117.8,100,117.5,150,,,,,,,,,,,,,,,,,118.0,150,118.3,50,,,,,,,,,,,,,,,,
2026-07-09T11:01:09.976883+00:00,2026-07-09T11:01:09.977022,2,2,117.9,0.2,117.8,100,117.5,150,,,,,,,,,,,,,,,,,118.0,100,118.3,50,,,,,,,,,,,,,,,,
2026-07-09T11:01:10.334921+00:00,2026-07-09T11:01:10.334867,1,1,117.75,0.5,117.5,150,,,,,,,,,,,,,,,,,,,118.0,100,,,,,,,,,,,,,,,,,,
2026-07-09T11:01:10.390853+00:00,2026-07-09T11:01:10.390796,1,0,,,117.5,150,,,,,,,,,,,,,,,,,,,,,,,,,,,,,,,,,,,,,,
2026-07-09T11:01:10.443915+00:00,2026-07-09T11:01:10.443866,1,1,118.05,1.1,117.5,150,,,,,,,,,,,,,,,,,,,118.6,100,,,,,,,,,,,,,,,,,,
2026-07-09T11:01:11.379431+00:00,2026-07-09T11:01:11.379390,0,1,,,,,,,,,,,,,,,,,,,,,,,118.6,100,,,,,,,,,,,,,,,,,,
2026-07-09T11:01:11.439056+00:00,2026-07-09T11:01:11.438944,1,1,118.35,0.5,118.1,150,,,,,,,,,,,,,,,,,,,118.6,100,,,,,,,,,,,,,,,,,,
2026-07-09T11:01:11.495075+00:00,2026-07-09T11:01:11.495036,1,1,118.35,0.5,118.1,150,,,,,,,,,,,,,,,,,,,118.6,250,,,,,,,,,,,,,,,,,,
2026-07-09T11:01:11.587556+00:00,2026-07-09T11:01:11.581843,1,1,118.35,0.5,118.1,139,,,,,,,,,,,,,,,,,,,118.6,250,,,,,,,,,,,,,,,,,,
2026-07-09T11:01:12.019382+00:00,2026-07-09T11:01:12.019264,1,1,118.35,0.5,118.1,91,,,,,,,,,,,,,,,,,,,118.6,250,,,,,,,,,,,,,,,,,,
2026-07-09T11:01:12.083811+00:00,2026-07-09T11:01:12.083739,1,1,118.35,0.5,118.1,91,,,,,,,,,,,,,,,,,,,118.6,200,,,,,,,,,,,,,,,,,,
2026-07-09T11:01:13.501983+00:00,2026-07-09T11:01:13.501929,1,1,118.35,0.5,118.1,91,,,,,,,,,,,,,,,,,,,118.6,150,,,,,,,,,,,,,,,,,,
2026-07-09T11:01:13.558630+00:00,2026-07-09T11:01:13.555752,2,1,118.35,0.5,118.1,91,118.0,100,,,,,,,,,,,,,,,,,118.6,150,,,,,,,,,,,,,,,,,,
2026-07-09T11:01:13.624441+00:00,2026-07-09T11:01:13.624322,2,2,118.3,0.4,118.1,91,118.0,100,,,,,,,,,,,,,,,,,118.5,100,118.6,150,,,,,,,,,,,,,,,,
2026-07-09T11:01:14.249401+00:00,2026-07-09T11:01:14.249298,2,2,118.3,0.4,118.1,41,118.0,100,,,,,,,,,,,,,,,,,118.5,100,118.6,150,,,,,,,,,,,,,,,,
2026-07-09T11:01:14.558703+00:00,2026-07-09T11:01:14.558652,1,1,118.25,0.5,118.0,100,,,,,,,,,,,,,,,,,,,118.5,100,,,,,,,,,,,,,,,,,,
2026-07-09T11:01:14.604719+00:00,2026-07-09T11:01:14.604616,2,1,118.25,0.5,118.0,100,117.9,150,,,,,,,,,,,,,,,,,118.5,100,,,,,,,,,,,,,,,,,,
2026-07-09T11:01:14.658612+00:00,2026-07-09T11:01:14.652965,2,2,118.2,0.4,118.0,100,117.9,150,,,,,,,,,,,,,,,,,118.4,150,118.5,100,,,,,,,,,,,,,,,,
2026-07-09T11:01:15.811860+00:00,2026-07-09T11:01:15.811731,2,2,118.2,0.4,118.0,100,117.9,150,,,,,,,,,,,,,,,,,118.4,108,118.5,100,,,,,,,,,,,,,,,,
2026-07-09T11:01:16.323542+00:00,2026-07-09T11:01:16.323446,2,2,118.2,0.4,118.0,60,117.9,150,,,,,,,,,,,,,,,,,118.4,108,118.5,100,,,,,,,,,,,,,,,,
2026-07-09T11:01:16.358535+00:00,2026-07-09T11:01:16.358302,2,2,118.2,0.4,118.0,10,117.9,150,,,,,,,,,,,,,,,,,118.4,108,118.5,100,,,,,,,,,,,,,,,,
2026-07-09T11:01:16.680450+00:00,2026-07-09T11:01:16.680331,1,1,118.15,0.5,117.9,150,,,,,,,,,,,,,,,,,,,118.4,108,,,,,,,,,,,,,,,,,,
2026-07-09T11:01:16.737938+00:00,2026-07-09T11:01:16.737896,2,1,118.15,0.5,117.9,150,117.5,100,,,,,,,,,,,,,,,,,118.4,108,,,,,,,,,,,,,,,,,,
2026-07-09T11:01:16.790709+00:00,2026-07-09T11:01:16.790631,2,2,117.95,0.1,117.9,150,117.5,100,,,,,,,,,,,,,,,,,118.0,100,118.4,108,,,,,,,,,,,,,,,,
2026-07-09T11:01:17.443631+00:00,2026-07-09T11:01:17.443583,2,2,117.95,0.1,117.9,150,117.5,100,,,,,,,,,,,,,,,,,118.0,51,118.4,108,,,,,,,,,,,,,,,,
2026-07-09T11:01:17.712272+00:00,2026-07-09T11:01:17.712159,1,1,117.75,0.5,117.5,100,,,,,,,,,,,,,,,,,,,118.0,51,,,,,,,,,,,,,,,,,,
2026-07-09T11:01:17.766736+00:00,2026-07-09T11:01:17.766578,2,1,117.9,0.2,117.8,150,117.5,100,,,,,,,,,,,,,,,,,118.0,51,,,,,,,,,,,,,,,,,,
2026-07-09T11:01:17.819460+00:00,2026-07-09T11:01:17.819365,2,2,117.9,0.2,117.8,150,117.5,100,,,,,,,,,,,,,,,,,118.0,51,118.3,150,,,,,,,,,,,,,,,,
2026-07-09T11:01:18.416079+00:00,2026-07-09T11:01:18.416017,2,2,117.9,0.2,117.8,150,117.5,100,,,,,,,,,,,,,,,,,118.0,1,118.3,150,,,,,,,,,,,,,,,,
2026-07-09T11:01:19.081239+00:00,2026-07-09T11:01:19.081103,2,2,117.9,0.2,117.8,101,117.5,100,,,,,,,,,,,,,,,,,118.0,1,118.3,150,,,,,,,,,,,,,,,,
2026-07-09T11:01:19.843974+00:00,2026-07-09T11:01:19.843897,2,1,118.05,0.5,117.8,101,117.5,100,,,,,,,,,,,,,,,,,118.3,150,,,,,,,,,,,,,,,,,,
2026-07-09T11:01:19.864960+00:00,2026-07-09T11:01:19.864869,1,1,118.05,0.5,117.8,101,,,,,,,,,,,,,,,,,,,118.3,150,,,,,,,,,,,,,,,,,,
2026-07-09T11:01:19.917417+00:00,2026-07-09T11:01:19.917197,2,1,118.1,0.4,117.9,100,117.8,101,,,,,,,,,,,,,,,,,118.3,150,,,,,,,,,,,,,,,,,,
2026-07-09T11:01:19.971123+00:00,2026-07-09T11:01:19.971054,2,2,118.1,0.4,117.9,100,117.8,101,,,,,,,,,,,,,,,,,118.3,150,118.4,100,,,,,,,,,,,,,,,,
2026-07-09T11:01:20.103960+00:00,2026-07-09T11:01:20.103931,2,2,118.1,0.4,117.9,52,117.8,101,,,,,,,,,,,,,,,,,118.3,150,118.4,100,,,,,,,,,,,,,,,,
2026-07-09T11:01:20.575666+00:00,2026-07-09T11:01:20.575607,2,2,118.1,0.4,117.9,2,117.8,101,,,,,,,,,,,,,,,,,118.3,150,118.4,100,,,,,,,,,,,,,,,,
2026-07-09T11:01:20.616778+00:00,2026-07-09T11:01:20.616711,2,2,118.1,0.4,117.9,2,117.8,101,,,,,,,,,,,,,,,,,118.3,102,118.4,100,,,,,,,,,,,,,,,,
2026-07-09T11:01:20.874052+00:00,2026-07-09T11:01:20.873988,1,1,118.15,0.5,117.9,2,,,,,,,,,,,,,,,,,,,118.4,100,,,,,,,,,,,,,,,,,,
2026-07-09T11:01:20.929562+00:00,2026-07-09T11:01:20.929398,2,1,118.2,0.4,118.0,150,117.9,2,,,,,,,,,,,,,,,,,118.4,100,,,,,,,,,,,,,,,,,,
2026-07-09T11:01:20.982796+00:00,2026-07-09T11:01:20.982666,2,2,118.2,0.4,118.0,150,117.9,2,,,,,,,,,,,,,,,,,118.4,100,118.5,150,,,,,,,,,,,,,,,,
2026-07-09T11:01:22.630295+00:00,2026-07-09T11:01:22.630242,2,2,118.2,0.4,118.0,150,117.9,2,,,,,,,,,,,,,,,,,118.4,50,118.5,150,,,,,,,,,,,,,,,,
2026-07-09T11:01:23.022191+00:00,2026-07-09T11:01:23.022090,1,1,118.25,0.5,118.0,150,,,,,,,,,,,,,,,,,,,118.5,150,,,,,,,,,,,,,,,,,,
2026-07-09T11:01:23.075257+00:00,2026-07-09T11:01:23.075160,1,1,118.25,0.5,118.0,250,,,,,,,,,,,,,,,,,,,118.5,150,,,,,,,,,,,,,,,,,,
2026-07-09T11:01:23.127910+00:00,2026-07-09T11:01:23.127816,1,1,118.25,0.5,118.0,250,,,,,,,,,,,,,,,,,,,118.5,250,,,,,,,,,,,,,,,,,,
2026-07-09T11:01:24.037234+00:00,2026-07-09T11:01:24.037181,1,1,118.25,0.5,118.0,100,,,,,,,,,,,,,,,,,,,118.5,100,,,,,,,,,,,,,,,,,,
2026-07-09T11:01:24.096003+00:00,2026-07-09T11:01:24.095932,2,1,118.4,0.2,118.3,150,118.0,100,,,,,,,,,,,,,,,,,118.5,100,,,,,,,,,,,,,,,,,,
2026-07-09T11:01:24.158717+00:00,2026-07-09T11:01:24.158625,2,2,118.4,0.2,118.3,150,118.0,100,,,,,,,,,,,,,,,,,118.5,100,118.8,150,,,,,,,,,,,,,,,,
2026-07-09T11:01:24.709811+00:00,2026-07-09T11:01:24.709641,2,2,118.4,0.2,118.3,150,118.0,100,,,,,,,,,,,,,,,,,118.5,60,118.8,150,,,,,,,,,,,,,,,,
2026-07-09T11:01:24.791357+00:00,2026-07-09T11:01:24.791237,2,2,118.4,0.2,118.3,100,118.0,100,,,,,,,,,,,,,,,,,118.5,60,118.8,150,,,,,,,,,,,,,,,,
2026-07-09T11:01:25.169419+00:00,2026-07-09T11:01:25.169518,2,2,118.4,0.2,118.3,54,118.0,100,,,,,,,,,,,,,,,,,118.5,60,118.8,150,,,,,,,,,,,,,,,,
2026-07-09T11:01:26.171846+00:00,2026-07-09T11:01:26.171693,2,2,118.4,0.2,118.3,14,118.0,100,,,,,,,,,,,,,,,,,118.5,60,118.8,150,,,,,,,,,,,,,,,,
2026-07-09T11:01:26.182233+00:00,2026-07-09T11:01:26.182141,1,1,118.55,0.5,118.3,14,,,,,,,,,,,,,,,,,,,118.8,150,,,,,,,,,,,,,,,,,,
2026-07-09T11:01:26.236099+00:00,2026-07-09T11:01:26.236180,2,1,118.55,0.5,118.3,14,118.2,100,,,,,,,,,,,,,,,,,118.8,150,,,,,,,,,,,,,,,,,,
2026-07-09T11:01:26.293282+00:00,2026-07-09T11:01:26.293172,2,2,118.5,0.4,118.3,14,118.2,100,,,,,,,,,,,,,,,,,118.7,100,118.8,150,,,,,,,,,,,,,,,,
2026-07-09T11:01:26.906948+00:00,2026-07-09T11:01:26.906903,1,2,118.45,0.5,118.2,64,,,,,,,,,,,,,,,,,,,118.7,100,118.8,150,,,,,,,,,,,,,,,,
2026-07-09T11:01:27.204919+00:00,2026-07-09T11:01:27.204754,1,1,118.45,0.5,118.2,64,,,,,,,,,,,,,,,,,,,118.7,100,,,,,,,,,,,,,,,,,,
2026-07-09T11:01:27.257535+00:00,2026-07-09T11:01:27.257619,2,1,118.45,0.5,118.2,64,117.6,150,,,,,,,,,,,,,,,,,118.7,100,,,,,,,,,,,,,,,,,,
2026-07-09T11:01:27.308171+00:00,2026-07-09T11:01:27.308317,1,2,117.85,0.5,117.6,150,,,,,,,,,,,,,,,,,,,118.1,86,118.7,100,,,,,,,,,,,,,,,,
2026-07-09T11:01:27.318997+00:00,2026-07-09T11:01:27.312671,1,2,117.85,0.5,117.6,150,,,,,,,,,,,,,,,,,,,118.1,63,118.7,100,,,,,,,,,,,,,,,,
2026-07-09T11:01:27.700360+00:00,2026-07-09T11:01:27.700274,1,2,117.85,0.5,117.6,150,,,,,,,,,,,,,,,,,,,118.1,16,118.7,100,,,,,,,,,,,,,,,,
2026-07-09T11:01:28.275803+00:00,2026-07-09T11:01:28.275733,1,1,118.15,1.1,117.6,150,,,,,,,,,,,,,,,,,,,118.7,68,,,,,,,,,,,,,,,,,,
2026-07-09T11:01:28.958650+00:00,2026-07-09T11:01:28.956136,1,1,118.15,1.1,117.6,150,,,,,,,,,,,,,,,,,,,118.7,18,,,,,,,,,,,,,,,,,,
2026-07-09T11:01:29.342201+00:00,2026-07-09T11:01:29.342093,1,0,,,117.6,150,,,,,,,,,,,,,,,,,,,,,,,,,,,,,,,,,,,,,,
2026-07-09T11:01:29.396956+00:00,2026-07-09T11:01:29.396821,2,0,,,118.2,100,117.6,150,,,,,,,,,,,,,,,,,,,,,,,,,,,,,,,,,,,,
2026-07-09T11:01:29.458577+00:00,2026-07-09T11:01:29.455211,2,1,118.45,0.5,118.2,100,117.6,150,,,,,,,,,,,,,,,,,118.7,100,,,,,,,,,,,,,,,,,,
2026-07-09T11:01:29.740415+00:00,2026-07-09T11:01:29.734185,2,1,118.45,0.5,118.2,88,117.6,150,,,,,,,,,,,,,,,,,118.7,100,,,,,,,,,,,,,,,,,,
2026-07-09T11:01:30.384159+00:00,2026-07-09T11:01:30.384072,1,1,118.45,0.5,118.2,88,,,,,,,,,,,,,,,,,,,118.7,100,,,,,,,,,,,,,,,,,,
2026-07-09T11:01:30.437363+00:00,2026-07-09T11:01:30.437484,2,1,118.45,0.5,118.2,88,118.0,150,,,,,,,,,,,,,,,,,118.7,100,,,,,,,,,,,,,,,,,,
2026-07-09T11:01:30.491257+00:00,2026-07-09T11:01:30.491224,2,2,118.35,0.3,118.2,88,118.0,150,,,,,,,,,,,,,,,,,118.5,150,118.7,100,,,,,,,,,,,,,,,,
2026-07-09T11:01:31.064393+00:00,2026-07-09T11:01:31.064255,2,2,118.35,0.3,118.2,88,118.0,150,,,,,,,,,,,,,,,,,118.5,100,118.7,100,,,,,,,,,,,,,,,,
2026-07-09T11:01:32.506070+00:00,2026-07-09T11:01:32.505968,2,1,118.35,0.3,118.2,88,118.0,150,,,,,,,,,,,,,,,,,118.5,100,,,,,,,,,,,,,,,,,,
2026-07-09T11:01:32.511228+00:00,2026-07-09T11:01:32.511135,1,1,118.25,0.5,118.0,150,,,,,,,,,,,,,,,,,,,118.5,100,,,,,,,,,,,,,,,,,,
2026-07-09T11:01:32.558630+00:00,2026-07-09T11:01:32.555340,2,1,118.3,0.4,118.1,100,118.0,150,,,,,,,,,,,,,,,,,118.5,100,,,,,,,,,,,,,,,,,,
2026-07-09T11:01:32.618670+00:00,2026-07-09T11:01:32.618605,2,2,118.3,0.4,118.1,100,118.0,150,,,,,,,,,,,,,,,,,118.5,100,118.6,100,,,,,,,,,,,,,,,,
2026-07-09T11:01:33.258635+00:00,2026-07-09T11:01:33.254051,2,2,118.3,0.4,118.1,50,118.0,150,,,,,,,,,,,,,,,,,118.5,100,118.6,100,,,,,,,,,,,,,,,,
2026-07-09T11:01:33.544760+00:00,2026-07-09T11:01:33.544873,1,1,118.35,0.5,118.1,50,,,,,,,,,,,,,,,,,,,118.6,100,,,,,,,,,,,,,,,,,,
2026-07-09T11:01:33.594960+00:00,2026-07-09T11:01:33.595049,1,1,118.35,0.5,118.1,4,,,,,,,,,,,,,,,,,,,118.6,100,,,,,,,,,,,,,,,,,,
2026-07-09T11:01:33.600417+00:00,2026-07-09T11:01:33.600365,2,0,,,118.6,50,118.1,4,,,,,,,,,,,,,,,,,,,,,,,,,,,,,,,,,,,,
2026-07-09T11:01:33.674084+00:00,2026-07-09T11:01:33.668085,2,1,118.85,0.5,118.6,39,118.1,4,,,,,,,,,,,,,,,,,119.1,150,,,,,,,,,,,,,,,,,,
2026-07-09T11:01:34.644419+00:00,2026-07-09T11:01:34.644271,1,1,118.6,1.0,118.1,4,,,,,,,,,,,,,,,,,,,119.1,150,,,,,,,,,,,,,,,,,,
2026-07-09T11:01:35.367271+00:00,2026-07-09T11:01:35.367205,0,1,,,,,,,,,,,,,,,,,,,,,,,119.1,150,,,,,,,,,,,,,,,,,,
2026-07-09T11:01:35.759816+00:00,2026-07-09T11:01:35.759659,1,1,118.65,0.9,118.2,100,,,,,,,,,,,,,,,,,,,119.1,150,,,,,,,,,,,,,,,,,,
2026-07-09T11:01:35.815492+00:00,2026-07-09T11:01:35.815444,1,2,118.45,0.5,118.2,100,,,,,,,,,,,,,,,,,,,118.7,100,119.1,150,,,,,,,,,,,,,,,,
2026-07-09T11:01:36.706562+00:00,2026-07-09T11:01:36.706529,1,1,118.45,0.5,118.2,100,,,,,,,,,,,,,,,,,,,118.7,100,,,,,,,,,,,,,,,,,,
2026-07-09T11:01:36.760452+00:00,2026-07-09T11:01:36.760588,2,1,118.45,0.5,118.2,100,117.7,150,,,,,,,,,,,,,,,,,118.7,100,,,,,,,,,,,,,,,,,,
2026-07-09T11:01:36.823511+00:00,2026-07-09T11:01:36.823692,1,2,117.95,0.5,117.7,150,,,,,,,,,,,,,,,,,,,118.2,50,118.7,100,,,,,,,,,,,,,,,,
2026-07-09T11:01:37.469374+00:00,2026-07-09T11:01:37.462667,1,2,117.95,0.5,117.7,150,,,,,,,,,,,,,,,,,,,118.2,27,118.7,100,,,,,,,,,,,,,,,,
2026-07-09T11:01:37.508749+00:00,2026-07-09T11:01:37.508617,1,2,117.95,0.5,117.7,100,,,,,,,,,,,,,,,,,,,118.2,27,118.7,100,,,,,,,,,,,,,,,,
2026-07-09T11:01:38.868899+00:00,2026-07-09T11:01:38.868843,1,1,117.95,0.5,117.7,100,,,,,,,,,,,,,,,,,,,118.2,27,,,,,,,,,,,,,,,,,,
2026-07-09T11:01:38.918210+00:00,2026-07-09T11:01:38.918173,1,1,117.95,0.5,117.7,200,,,,,,,,,,,,,,,,,,,118.2,27,,,,,,,,,,,,,,,,,,
2026-07-09T11:01:38.971265+00:00,2026-07-09T11:01:38.971191,1,1,117.95,0.5,117.7,200,,,,,,,,,,,,,,,,,,,118.2,127,,,,,,,,,,,,,,,,,,
2026-07-09T11:01:39.297605+00:00,2026-07-09T11:01:39.297469,1,1,117.95,0.5,117.7,200,,,,,,,,,,,,,,,,,,,118.2,85,,,,,,,,,,,,,,,,,,
2026-07-09T11:01:39.618295+00:00,2026-07-09T11:01:39.618162,1,1,117.95,0.5,117.7,150,,,,,,,,,,,,,,,,,,,118.2,85,,,,,,,,,,,,,,,,,,
2026-07-09T11:01:39.875888+00:00,2026-07-09T11:01:39.875797,1,1,117.95,0.5,117.7,100,,,,,,,,,,,,,,,,,,,118.2,85,,,,,,,,,,,,,,,,,,
2026-07-09T11:01:39.929496+00:00,2026-07-09T11:01:39.929338,2,1,118.0,0.4,117.8,150,117.7,100,,,,,,,,,,,,,,,,,118.2,85,,,,,,,,,,,,,,,,,,
2026-07-09T11:01:39.989370+00:00,2026-07-09T11:01:39.989293,2,2,118.0,0.4,117.8,150,117.7,100,,,,,,,,,,,,,,,,,118.2,85,118.3,150,,,,,,,,,,,,,,,,
2026-07-09T11:01:41.733003+00:00,2026-07-09T11:01:41.733163,2,2,118.0,0.4,117.8,100,117.7,100,,,,,,,,,,,,,,,,,118.2,85,118.3,150,,,,,,,,,,,,,,,,
2026-07-09T11:01:42.027383+00:00,2026-07-09T11:01:42.027310,1,1,118.05,0.5,117.8,100,,,,,,,,,,,,,,,,,,,118.3,150,,,,,,,,,,,,,,,,,,
2026-07-09T11:01:42.083757+00:00,2026-07-09T11:01:42.083725,2,1,118.1,0.4,117.9,100,117.8,100,,,,,,,,,,,,,,,,,118.3,150,,,,,,,,,,,,,,,,,,
2026-07-09T11:01:42.137638+00:00,2026-07-09T11:01:42.137555,2,2,118.1,0.4,117.9,100,117.8,100,,,,,,,,,,,,,,,,,118.3,150,118.4,100,,,,,,,,,,,,,,,,
2026-07-09T11:01:43.039978+00:00,2026-07-09T11:01:43.039929,2,1,118.15,0.5,117.9,100,117.8,100,,,,,,,,,,,,,,,,,118.4,100,,,,,,,,,,,,,,,,,,
2026-07-09T11:01:43.045232+00:00,2026-07-09T11:01:43.045091,1,1,118.15,0.5,117.9,100,,,,,,,,,,,,,,,,,,,118.4,100,,,,,,,,,,,,,,,,,,
2026-07-09T11:01:43.097256+00:00,2026-07-09T11:01:43.097128,2,1,118.15,0.5,117.9,100,117.6,150,,,,,,,,,,,,,,,,,118.4,100,,,,,,,,,,,,,,,,,,
2026-07-09T11:01:43.149527+00:00,2026-07-09T11:01:43.149448,2,2,118.0,0.2,117.9,100,117.6,150,,,,,,,,,,,,,,,,,118.1,150,118.4,100,,,,,,,,,,,,,,,,
2026-07-09T11:01:43.422230+00:00,2026-07-09T11:01:43.422176,2,2,118.0,0.2,117.9,54,117.6,150,,,,,,,,,,,,,,,,,118.1,150,118.4,100,,,,,,,,,,,,,,,,
2026-07-09T11:01:43.842614+00:00,2026-07-09T11:01:43.842497,2,2,118.0,0.2,117.9,4,117.6,150,,,,,,,,,,,,,,,,,118.1,150,118.4,100,,,,,,,,,,,,,,,,
2026-07-09T11:01:45.192851+00:00,2026-07-09T11:01:45.192777,1,1,117.85,0.5,117.6,150,,,,,,,,,,,,,,,,,,,118.1,150,,,,,,,,,,,,,,,,,,
2026-07-09T11:01:45.245324+00:00,2026-07-09T11:01:45.245219,1,1,117.85,0.5,117.6,250,,,,,,,,,,,,,,,,,,,118.1,150,,,,,,,,,,,,,,,,,,
2026-07-09T11:01:45.320563+00:00,2026-07-09T11:01:45.320439,1,1,117.85,0.5,117.6,250,,,,,,,,,,,,,,,,,,,118.1,250,,,,,,,,,,,,,,,,,,
2026-07-09T11:01:45.925805+00:00,2026-07-09T11:01:45.925641,1,1,117.85,0.5,117.6,250,,,,,,,,,,,,,,,,,,,118.1,206,,,,,,,,,,,,,,,,,,
2026-07-09T11:01:45.979962+00:00,2026-07-09T11:01:45.979845,1,1,117.85,0.5,117.6,200,,,,,,,,,,,,,,,,,,,118.1,206,,,,,,,,,,,,,,,,,,
2026-07-09T11:01:46.202314+00:00,2026-07-09T11:01:46.202193,1,1,117.85,0.5,117.6,100,,,,,,,,,,,,,,,,,,,118.1,100,,,,,,,,,,,,,,,,,,
2026-07-09T11:01:46.258586+00:00,2026-07-09T11:01:46.256434,2,1,117.9,0.4,117.7,150,117.6,100,,,,,,,,,,,,,,,,,118.1,100,,,,,,,,,,,,,,,,,,
2026-07-09T11:01:46.315246+00:00,2026-07-09T11:01:46.315319,2,2,117.9,0.4,117.7,150,117.6,100,,,,,,,,,,,,,,,,,118.1,100,118.2,150,,,,,,,,,,,,,,,,
2026-07-09T11:01:48.033689+00:00,2026-07-09T11:01:48.033617,2,2,117.9,0.4,117.7,150,117.6,100,,,,,,,,,,,,,,,,,118.1,50,118.2,150,,,,,,,,,,,,,,,,
2026-07-09T11:01:48.377034+00:00,2026-07-09T11:01:48.376976,1,1,117.95,0.5,117.7,150,,,,,,,,,,,,,,,,,,,118.2,150,,,,,,,,,,,,,,,,,,
2026-07-09T11:01:48.427514+00:00,2026-07-09T11:01:48.427478,1,1,117.95,0.5,117.7,250,,,,,,,,,,,,,,,,,,,118.2,150,,,,,,,,,,,,,,,,,,
2026-07-09T11:01:48.485824+00:00,2026-07-09T11:01:48.485702,1,1,117.95,0.5,117.7,250,,,,,,,,,,,,,,,,,,,118.2,250,,,,,,,,,,,,,,,,,,
2026-07-09T11:01:49.366027+00:00,2026-07-09T11:01:49.365980,1,1,117.95,0.5,117.7,100,,,,,,,,,,,,,,,,,,,118.2,100,,,,,,,,,,,,,,,,,,
2026-07-09T11:01:49.420881+00:00,2026-07-09T11:01:49.420790,2,1,118.0,0.4,117.8,150,117.7,100,,,,,,,,,,,,,,,,,118.2,100,,,,,,,,,,,,,,,,,,
2026-07-09T11:01:49.474413+00:00,2026-07-09T11:01:49.474327,2,2,118.0,0.4,117.8,150,117.7,100,,,,,,,,,,,,,,,,,118.2,100,118.3,150,,,,,,,,,,,,,,,,
2026-07-09T11:01:50.218480+00:00,2026-07-09T11:01:50.218453,2,2,118.0,0.4,117.8,100,117.7,100,,,,,,,,,,,,,,,,,118.2,100,118.3,150,,,,,,,,,,,,,,,,
2026-07-09T11:01:51.535707+00:00,2026-07-09T11:01:51.535643,2,1,118.05,0.5,117.8,100,117.7,100,,,,,,,,,,,,,,,,,118.3,150,,,,,,,,,,,,,,,,,,
2026-07-09T11:01:51.540931+00:00,2026-07-09T11:01:51.540813,1,1,118.05,0.5,117.8,100,,,,,,,,,,,,,,,,,,,118.3,150,,,,,,,,,,,,,,,,,,
2026-07-09T11:01:51.598311+00:00,2026-07-09T11:01:51.598402,2,1,118.05,0.5,117.8,100,117.7,100,,,,,,,,,,,,,,,,,118.3,150,,,,,,,,,,,,,,,,,,
2026-07-09T11:01:51.658649+00:00,2026-07-09T11:01:51.648536,2,2,118.0,0.4,117.8,100,117.7,100,,,,,,,,,,,,,,,,,118.2,100,118.3,150,,,,,,,,,,,,,,,,
2026-07-09T11:01:52.330422+00:00,2026-07-09T11:01:52.330372,2,2,118.0,0.4,117.8,50,117.7,100,,,,,,,,,,,,,,,,,118.2,100,118.3,150,,,,,,,,,,,,,,,,
2026-07-09T11:01:52.526987+00:00,2026-07-09T11:01:52.526933,1,1,117.95,0.5,117.7,100,,,,,,,,,,,,,,,,,,,118.2,100,,,,,,,,,,,,,,,,,,
2026-07-09T11:01:52.585701+00:00,2026-07-09T11:01:52.585629,2,1,117.95,0.5,117.7,100,117.4,150,,,,,,,,,,,,,,,,,118.2,100,,,,,,,,,,,,,,,,,,
2026-07-09T11:01:52.648676+00:00,2026-07-09T11:01:52.642272,2,2,117.8,0.2,117.7,100,117.4,150,,,,,,,,,,,,,,,,,117.9,128,118.2,100,,,,,,,,,,,,,,,,
2026-07-09T11:01:54.395917+00:00,2026-07-09T11:01:54.395883,2,2,117.8,0.2,117.7,100,117.4,150,,,,,,,,,,,,,,,,,117.9,83,118.2,100,,,,,,,,,,,,,,,,
2026-07-09T11:01:54.442898+00:00,2026-07-09T11:01:54.443068,2,2,117.8,0.2,117.7,50,117.4,150,,,,,,,,,,,,,,,,,117.9,83,118.2,100,,,,,,,,,,,,,,,,
2026-07-09T11:01:54.701701+00:00,2026-07-09T11:01:54.701830,2,1,117.8,0.2,117.7,50,117.4,150,,,,,,,,,,,,,,,,,117.9,83,,,,,,,,,,,,,,,,,,
2026-07-09T11:01:54.706910+00:00,2026-07-09T11:01:54.706987,1,1,117.65,0.5,117.4,150,,,,,,,,,,,,,,,,,,,117.9,83,,,,,,,,,,,,,,,,,,
2026-07-09T11:01:54.757215+00:00,2026-07-09T11:01:54.757452,2,1,117.7,0.4,117.5,100,117.4,150,,,,,,,,,,,,,,,,,117.9,83,,,,,,,,,,,,,,,,,,
2026-07-09T11:01:54.813491+00:00,2026-07-09T11:01:54.813395,2,2,117.7,0.4,117.5,100,117.4,150,,,,,,,,,,,,,,,,,117.9,83,118.0,100,,,,,,,,,,,,,,,,
2026-07-09T11:01:55.698582+00:00,2026-07-09T11:01:55.698698,1,1,117.75,0.5,117.5,100,,,,,,,,,,,,,,,,,,,118.0,100,,,,,,,,,,,,,,,,,,
2026-07-09T11:01:55.758727+00:00,2026-07-09T11:01:55.752803,2,1,117.8,0.4,117.6,150,117.5,100,,,,,,,,,,,,,,,,,118.0,100,,,,,,,,,,,,,,,,,,
2026-07-09T11:01:55.814838+00:00,2026-07-09T11:01:55.815002,2,2,117.8,0.4,117.6,150,117.5,100,,,,,,,,,,,,,,,,,118.0,100,118.1,150,,,,,,,,,,,,,,,,
2026-07-09T11:01:56.550598+00:00,2026-07-09T11:01:56.550494,2,2,117.8,0.4,117.6,100,117.5,100,,,,,,,,,,,,,,,,,118.0,100,118.1,150,,,,,,,,,,,,,,,,
2026-07-09T11:01:56.828997+00:00,2026-07-09T11:01:56.828754,2,2,117.8,0.4,117.6,54,117.5,100,,,,,,,,,,,,,,,,,118.0,100,118.1,150,,,,,,,,,,,,,,,,
2026-07-09T11:01:57.874486+00:00,2026-07-09T11:01:57.874431,1,1,117.85,0.5,117.6,54,,,,,,,,,,,,,,,,,,,118.1,150,,,,,,,,,,,,,,,,,,
2026-07-09T11:01:57.927520+00:00,2026-07-09T11:01:57.927687,2,1,117.85,0.5,117.6,54,117.5,100,,,,,,,,,,,,,,,,,118.1,150,,,,,,,,,,,,,,,,,,
2026-07-09T11:01:57.981336+00:00,2026-07-09T11:01:57.981260,2,2,117.8,0.4,117.6,54,117.5,100,,,,,,,,,,,,,,,,,118.0,100,118.1,150,,,,,,,,,,,,,,,,
2026-07-09T11:01:58.677152+00:00,2026-07-09T11:01:58.677103,2,2,117.8,0.4,117.6,4,117.5,100,,,,,,,,,,,,,,,,,118.0,100,118.1,150,,,,,,,,,,,,,,,,
2026-07-09T11:01:58.868731+00:00,2026-07-09T11:01:58.868955,1,1,117.75,0.5,117.5,100,,,,,,,,,,,,,,,,,,,118.0,100,,,,,,,,,,,,,,,,,,
2026-07-09T11:01:58.919383+00:00,2026-07-09T11:01:58.919281,2,1,117.75,0.5,117.5,100,117.1,150,,,,,,,,,,,,,,,,,118.0,100,,,,,,,,,,,,,,,,,,
2026-07-09T11:01:58.988470+00:00,2026-07-09T11:01:58.981306,2,2,117.55,0.1,117.5,100,117.1,150,,,,,,,,,,,,,,,,,117.6,121,118.0,100,,,,,,,,,,,,,,,,
2026-07-09T11:02:00.124335+00:00,2026-07-09T11:02:00.124487,2,2,117.55,0.1,117.5,100,117.1,150,,,,,,,,,,,,,,,,,117.6,80,118.0,100,,,,,,,,,,,,,,,,
2026-07-09T11:02:00.732766+00:00,2026-07-09T11:02:00.732958,2,2,117.55,0.1,117.5,100,117.1,150,,,,,,,,,,,,,,,,,117.6,30,118.0,100,,,,,,,,,,,,,,,,
2026-07-09T11:02:00.738242+00:00,2026-07-09T11:02:00.738191,2,1,117.75,0.5,117.5,100,117.1,150,,,,,,,,,,,,,,,,,118.0,90,,,,,,,,,,,,,,,,,,
2026-07-09T11:02:01.040403+00:00,2026-07-09T11:02:01.040530,2,0,,,117.5,100,117.1,150,,,,,,,,,,,,,,,,,,,,,,,,,,,,,,,,,,,,
2026-07-09T11:02:01.045770+00:00,2026-07-09T11:02:01.045708,1,0,,,117.1,150,,,,,,,,,,,,,,,,,,,,,,,,,,,,,,,,,,,,,,
2026-07-09T11:02:01.096625+00:00,2026-07-09T11:02:01.096558,2,0,,,117.5,100,117.1,150,,,,,,,,,,,,,,,,,,,,,,,,,,,,,,,,,,,,
2026-07-09T11:02:01.148677+00:00,2026-07-09T11:02:01.148608,2,1,117.75,0.5,117.5,100,117.1,150,,,,,,,,,,,,,,,,,118.0,100,,,,,,,,,,,,,,,,,,
2026-07-09T11:02:02.031290+00:00,2026-07-09T11:02:02.031223,1,1,117.75,0.5,117.5,100,,,,,,,,,,,,,,,,,,,118.0,100,,,,,,,,,,,,,,,,,,
2026-07-09T11:02:02.084924+00:00,2026-07-09T11:02:02.084863,2,1,117.8,0.4,117.6,150,117.5,100,,,,,,,,,,,,,,,,,118.0,100,,,,,,,,,,,,,,,,,,
2026-07-09T11:02:02.138161+00:00,2026-07-09T11:02:02.138048,2,2,117.8,0.4,117.6,150,117.5,100,,,,,,,,,,,,,,,,,118.0,100,118.1,150,,,,,,,,,,,,,,,,
2026-07-09T11:02:02.398368+00:00,2026-07-09T11:02:02.398251,2,2,117.8,0.4,117.6,110,117.5,100,,,,,,,,,,,,,,,,,118.0,100,118.1,150,,,,,,,,,,,,,,,,
2026-07-09T11:02:02.842143+00:00,2026-07-09T11:02:02.842283,2,2,117.8,0.4,117.6,110,117.5,100,,,,,,,,,,,,,,,,,118.0,50,118.1,150,,,,,,,,,,,,,,,,
2026-07-09T11:02:04.206189+00:00,2026-07-09T11:02:04.206296,1,1,117.85,0.5,117.6,110,,,,,,,,,,,,,,,,,,,118.1,150,,,,,,,,,,,,,,,,,,
2026-07-09T11:02:04.256029+00:00,2026-07-09T11:02:04.256124,2,1,118.05,0.1,118.0,100,117.6,110,,,,,,,,,,,,,,,,,118.1,150,,,,,,,,,,,,,,,,,,
2026-07-09T11:02:04.269712+00:00,2026-07-09T11:02:04.263012,2,1,118.05,0.1,118.0,94,117.6,110,,,,,,,,,,,,,,,,,118.1,150,,,,,,,,,,,,,,,,,,
2026-07-09T11:02:04.313711+00:00,2026-07-09T11:02:04.313584,2,2,118.05,0.1,118.0,94,117.6,110,,,,,,,,,,,,,,,,,118.1,150,118.5,100,,,,,,,,,,,,,,,,
2026-07-09T11:02:04.958672+00:00,2026-07-09T11:02:04.952497,2,2,118.05,0.1,118.0,94,117.6,110,,,,,,,,,,,,,,,,,118.1,100,118.5,100,,,,,,,,,,,,,,,,
2026-07-09T11:02:05.193431+00:00,2026-07-09T11:02:05.193394,1,1,118.25,0.5,118.0,94,,,,,,,,,,,,,,,,,,,118.5,100,,,,,,,,,,,,,,,,,,
2026-07-09T11:02:05.249648+00:00,2026-07-09T11:02:05.249544,2,1,118.25,0.5,118.0,94,117.9,150,,,,,,,,,,,,,,,,,118.5,100,,,,,,,,,,,,,,,,,,
2026-07-09T11:02:05.306906+00:00,2026-07-09T11:02:05.306753,2,2,118.2,0.4,118.0,94,117.9,150,,,,,,,,,,,,,,,,,118.4,150,118.5,100,,,,,,,,,,,,,,,,
2026-07-09T11:02:06.010720+00:00,2026-07-09T11:02:06.010620,2,2,118.2,0.4,118.0,94,117.9,150,,,,,,,,,,,,,,,,,118.4,108,118.5,100,,,,,,,,,,,,,,,,
2026-07-09T11:02:07.058974+00:00,2026-07-09T11:02:07.058919,2,2,118.2,0.4,118.0,94,117.9,150,,,,,,,,,,,,,,,,,118.4,58,118.5,100,,,,,,,,,,,,,,,,
2026-07-09T11:02:07.369128+00:00,2026-07-09T11:02:07.369096,1,1,118.15,0.5,117.9,150,,,,,,,,,,,,,,,,,,,118.4,58,,,,,,,,,,,,,,,,,,
2026-07-09T11:02:07.424893+00:00,2026-07-09T11:02:07.425010,2,1,118.2,0.4,118.0,100,117.9,150,,,,,,,,,,,,,,,,,118.4,58,,,,,,,,,,,,,,,,,,
2026-07-09T11:02:07.479330+00:00,2026-07-09T11:02:07.479268,2,2,118.2,0.4,118.0,100,117.9,150,,,,,,,,,,,,,,,,,118.4,58,118.5,100,,,,,,,,,,,,,,,,
2026-07-09T11:02:07.634926+00:00,2026-07-09T11:02:07.628644,2,2,118.2,0.4,118.0,77,117.9,150,,,,,,,,,,,,,,,,,118.4,58,118.5,100,,,,,,,,,,,,,,,,
2026-07-09T11:02:08.358577+00:00,2026-07-09T11:02:08.356706,1,1,118.25,0.5,118.0,77,,,,,,,,,,,,,,,,,,,118.5,100,,,,,,,,,,,,,,,,,,
2026-07-09T11:02:08.415385+00:00,2026-07-09T11:02:08.415249,1,1,118.25,0.5,118.0,227,,,,,,,,,,,,,,,,,,,118.5,100,,,,,,,,,,,,,,,,,,
2026-07-09T11:02:08.466288+00:00,2026-07-09T11:02:08.466241,1,1,118.25,0.5,118.0,227,,,,,,,,,,,,,,,,,,,118.5,250,,,,,,,,,,,,,,,,,,
2026-07-09T11:02:09.170269+00:00,2026-07-09T11:02:09.170398,1,1,118.25,0.5,118.0,227,,,,,,,,,,,,,,,,,,,118.5,200,,,,,,,,,,,,,,,,,,
2026-07-09T11:02:09.871601+00:00,2026-07-09T11:02:09.871487,1,1,118.25,0.5,118.0,186,,,,,,,,,,,,,,,,,,,118.5,200,,,,,,,,,,,,,,,,,,
2026-07-09T11:02:10.293161+00:00,2026-07-09T11:02:10.284942,1,1,118.25,0.5,118.0,175,,,,,,,,,,,,,,,,,,,118.5,200,,,,,,,,,,,,,,,,,,
2026-07-09T11:02:10.531740+00:00,2026-07-09T11:02:10.531659,1,1,118.25,0.5,118.0,150,,,,,,,,,,,,,,,,,,,118.5,150,,,,,,,,,,,,,,,,,,
2026-07-09T11:02:10.588013+00:00,2026-07-09T11:02:10.587958,2,1,118.25,0.5,118.0,150,117.6,100,,,,,,,,,,,,,,,,,118.5,150,,,,,,,,,,,,,,,,,,
2026-07-09T11:02:10.642324+00:00,2026-07-09T11:02:10.642223,2,2,118.05,0.1,118.0,150,117.6,100,,,,,,,,,,,,,,,,,118.1,100,118.5,150,,,,,,,,,,,,,,,,
2026-07-09T11:02:10.800786+00:00,2026-07-09T11:02:10.800714,2,2,118.05,0.1,118.0,150,117.6,100,,,,,,,,,,,,,,,,,118.1,59,118.5,150,,,,,,,,,,,,,,,,
2026-07-09T11:02:11.279679+00:00,2026-07-09T11:02:11.279539,2,2,118.05,0.1,118.0,150,117.6,100,,,,,,,,,,,,,,,,,118.1,9,118.5,150,,,,,,,,,,,,,,,,
2026-07-09T11:02:11.519732+00:00,2026-07-09T11:02:11.519630,2,1,118.05,0.1,118.0,150,117.6,100,,,,,,,,,,,,,,,,,118.1,9,,,,,,,,,,,,,,,,,,
2026-07-09T11:02:11.524900+00:00,2026-07-09T11:02:11.524779,1,1,117.85,0.5,117.6,100,,,,,,,,,,,,,,,,,,,118.1,9,,,,,,,,,,,,,,,,,,
2026-07-09T11:02:11.577076+00:00,2026-07-09T11:02:11.577044,2,1,118.0,0.2,117.9,150,117.6,100,,,,,,,,,,,,,,,,,118.1,9,,,,,,,,,,,,,,,,,,
2026-07-09T11:02:11.628210+00:00,2026-07-09T11:02:11.628132,2,2,118.0,0.2,117.9,150,117.6,100,,,,,,,,,,,,,,,,,118.1,9,118.4,150,,,,,,,,,,,,,,,,
2026-07-09T11:02:13.415744+00:00,2026-07-09T11:02:13.415555,2,1,118.15,0.5,117.9,150,117.6,100,,,,,,,,,,,,,,,,,118.4,109,,,,,,,,,,,,,,,,,,
2026-07-09T11:02:13.695179+00:00,2026-07-09T11:02:13.695148,1,1,118.15,0.5,117.9,150,,,,,,,,,,,,,,,,,,,118.4,109,,,,,,,,,,,,,,,,,,
2026-07-09T11:02:13.750621+00:00,2026-07-09T11:02:13.750524,1,1,118.15,0.5,117.9,250,,,,,,,,,,,,,,,,,,,118.4,109,,,,,,,,,,,,,,,,,,
2026-07-09T11:02:13.801552+00:00,2026-07-09T11:02:13.801473,1,1,118.15,0.5,117.9,250,,,,,,,,,,,,,,,,,,,118.4,209,,,,,,,,,,,,,,,,,,
2026-07-09T11:02:14.411951+00:00,2026-07-09T11:02:14.411894,1,1,118.15,0.5,117.9,201,,,,,,,,,,,,,,,,,,,118.4,209,,,,,,,,,,,,,,,,,,
2026-07-09T11:02:14.681332+00:00,2026-07-09T11:02:14.681301,1,1,118.15,0.5,117.9,100,,,,,,,,,,,,,,,,,,,118.4,100,,,,,,,,,,,,,,,,,,
2026-07-09T11:02:14.738760+00:00,2026-07-09T11:02:14.738670,2,1,118.25,0.3,118.1,150,117.9,100,,,,,,,,,,,,,,,,,118.4,100,,,,,,,,,,,,,,,,,,
2026-07-09T11:02:14.792600+00:00,2026-07-09T11:02:14.792471,2,2,118.25,0.3,118.1,150,117.9,100,,,,,,,,,,,,,,,,,118.4,100,118.6,150,,,,,,,,,,,,,,,,
2026-07-09T11:02:15.453983+00:00,2026-07-09T11:02:15.437069,2,2,118.25,0.3,118.1,150,117.9,100,,,,,,,,,,,,,,,,,118.4,51,118.6,150,,,,,,,,,,,,,,,,
2026-07-09T11:02:15.522746+00:00,2026-07-09T11:02:15.522836,2,2,118.25,0.3,118.1,150,117.9,100,,,,,,,,,,,,,,,,,118.4,1,118.6,150,,,,,,,,,,,,,,,,
2026-07-09T11:02:16.855420+00:00,2026-07-09T11:02:16.851275,1,1,118.35,0.5,118.1,139,,,,,,,,,,,,,,,,,,,118.6,150,,,,,,,,,,,,,,,,,,
2026-07-09T11:02:16.920582+00:00,2026-07-09T11:02:16.914770,2,1,118.4,0.4,118.2,88,118.1,139,,,,,,,,,,,,,,,,,118.6,150,,,,,,,,,,,,,,,,,,
2026-07-09T11:02:16.964288+00:00,2026-07-09T11:02:16.964219,2,2,118.4,0.4,118.2,88,118.1,139,,,,,,,,,,,,,,,,,118.6,150,118.7,100,,,,,,,,,,,,,,,,
2026-07-09T11:02:17.013560+00:00,2026-07-09T11:02:17.013489,2,2,118.4,0.4,118.2,45,118.1,139,,,,,,,,,,,,,,,,,118.6,150,118.7,100,,,,,,,,,,,,,,,,
2026-07-09T11:02:17.630203+00:00,2026-07-09T11:02:17.630133,2,2,118.4,0.4,118.2,45,118.1,139,,,,,,,,,,,,,,,,,118.6,100,118.7,100,,,,,,,,,,,,,,,,
2026-07-09T11:02:17.713135+00:00,2026-07-09T11:02:17.713007,1,2,118.35,0.5,118.1,135,,,,,,,,,,,,,,,,,,,118.6,100,118.7,100,,,,,,,,,,,,,,,,
2026-07-09T11:02:17.842953+00:00,2026-07-09T11:02:17.843037,1,1,118.4,0.6,118.1,135,,,,,,,,,,,,,,,,,,,118.7,100,,,,,,,,,,,,,,,,,,
2026-07-09T11:02:17.848267+00:00,2026-07-09T11:02:17.848205,0,1,,,,,,,,,,,,,,,,,,,,,,,118.7,100,,,,,,,,,,,,,,,,,,
2026-07-09T11:02:17.901742+00:00,2026-07-09T11:02:17.901640,1,1,118.4,0.6,118.1,150,,,,,,,,,,,,,,,,,,,118.7,100,,,,,,,,,,,,,,,,,,
2026-07-09T11:02:17.958648+00:00,2026-07-09T11:02:17.954666,1,2,118.35,0.5,118.1,150,,,,,,,,,,,,,,,,,,,118.6,150,118.7,100,,,,,,,,,,,,,,,,
2026-07-09T11:02:19.798456+00:00,2026-07-09T11:02:19.798301,1,2,118.35,0.5,118.1,100,,,,,,,,,,,,,,,,,,,118.6,150,118.7,100,,,,,,,,,,,,,,,,
2026-07-09T11:02:20.034632+00:00,2026-07-09T11:02:20.034565,1,1,118.35,0.5,118.1,100,,,,,,,,,,,,,,,,,,,118.6,150,,,,,,,,,,,,,,,,,,
2026-07-09T11:02:20.086126+00:00,2026-07-09T11:02:20.086210,2,1,118.35,0.5,118.1,100,118.0,100,,,,,,,,,,,,,,,,,118.6,150,,,,,,,,,,,,,,,,,,
2026-07-09T11:02:20.142961+00:00,2026-07-09T11:02:20.142801,2,2,118.3,0.4,118.1,100,118.0,100,,,,,,,,,,,,,,,,,118.5,100,118.6,150,,,,,,,,,,,,,,,,
2026-07-09T11:02:21.009693+00:00,2026-07-09T11:02:21.009556,1,1,118.25,0.5,118.0,100,,,,,,,,,,,,,,,,,,,118.5,100,,,,,,,,,,,,,,,,,,
2026-07-09T11:02:21.080337+00:00,2026-07-09T11:02:21.080219,2,1,118.3,0.4,118.1,150,118.0,100,,,,,,,,,,,,,,,,,118.5,100,,,,,,,,,,,,,,,,,,
2026-07-09T11:02:21.128166+00:00,2026-07-09T11:02:21.128407,2,2,118.3,0.4,118.1,150,118.0,100,,,,,,,,,,,,,,,,,118.5,100,118.6,150,,,,,,,,,,,,,,,,
2026-07-09T11:02:21.854195+00:00,2026-07-09T11:02:21.854356,2,2,118.3,0.4,118.1,150,118.0,100,,,,,,,,,,,,,,,,,118.5,50,118.6,150,,,,,,,,,,,,,,,,
2026-07-09T11:02:23.198679+00:00,2026-07-09T11:02:23.198793,1,1,118.35,0.5,118.1,150,,,,,,,,,,,,,,,,,,,118.6,150,,,,,,,,,,,,,,,,,,
2026-07-09T11:02:23.254317+00:00,2026-07-09T11:02:23.254216,2,1,118.45,0.3,118.3,100,118.1,150,,,,,,,,,,,,,,,,,118.6,150,,,,,,,,,,,,,,,,,,
2026-07-09T11:02:23.306472+00:00,2026-07-09T11:02:23.306372,2,2,118.45,0.3,118.3,100,118.1,150,,,,,,,,,,,,,,,,,118.6,150,118.8,100,,,,,,,,,,,,,,,,
2026-07-09T11:02:24.015352+00:00,2026-07-09T11:02:24.015219,2,2,118.45,0.3,118.3,50,118.1,150,,,,,,,,,,,,,,,,,118.6,150,118.8,100,,,,,,,,,,,,,,,,
2026-07-09T11:02:24.179543+00:00,2026-07-09T11:02:24.179429,2,1,118.55,0.5,118.3,50,118.1,150,,,,,,,,,,,,,,,,,118.8,100,,,,,,,,,,,,,,,,,,
2026-07-09T11:02:24.184674+00:00,2026-07-09T11:02:24.184571,1,1,118.55,0.5,118.3,50,,,,,,,,,,,,,,,,,,,118.8,100,,,,,,,,,,,,,,,,,,
2026-07-09T11:02:24.232985+00:00,2026-07-09T11:02:24.233071,2,1,118.55,0.5,118.3,50,118.1,150,,,,,,,,,,,,,,,,,118.8,100,,,,,,,,,,,,,,,,,,
2026-07-09T11:02:24.287482+00:00,2026-07-09T11:02:24.287388,2,2,118.45,0.3,118.3,50,118.1,150,,,,,,,,,,,,,,,,,118.6,150,118.8,100,,,,,,,,,,,,,,,,
2026-07-09T11:02:26.124136+00:00,2026-07-09T11:02:26.124092,1,2,118.35,0.5,118.1,150,,,,,,,,,,,,,,,,,,,118.6,150,118.8,100,,,,,,,,,,,,,,,,
2026-07-09T11:02:26.363833+00:00,2026-07-09T11:02:26.363789,1,1,118.35,0.5,118.1,150,,,,,,,,,,,,,,,,,,,118.6,150,,,,,,,,,,,,,,,,,,
2026-07-09T11:02:26.416569+00:00,2026-07-09T11:02:26.416539,1,1,118.35,0.5,118.1,250,,,,,,,,,,,,,,,,,,,118.6,150,,,,,,,,,,,,,,,,,,
2026-07-09T11:02:26.470941+00:00,2026-07-09T11:02:26.470824,1,1,118.35,0.5,118.1,250,,,,,,,,,,,,,,,,,,,118.6,250,,,,,,,,,,,,,,,,,,
2026-07-09T11:02:27.340459+00:00,2026-07-09T11:02:27.340431,1,1,118.35,0.5,118.1,250,,,,,,,,,,,,,,,,,,,118.6,100,,,,,,,,,,,,,,,,,,
2026-07-09T11:02:27.345769+00:00,2026-07-09T11:02:27.345597,1,1,118.35,0.5,118.1,100,,,,,,,,,,,,,,,,,,,118.6,100,,,,,,,,,,,,,,,,,,
2026-07-09T11:02:27.399368+00:00,2026-07-09T11:02:27.399250,2,1,118.4,0.4,118.2,150,118.1,100,,,,,,,,,,,,,,,,,118.6,100,,,,,,,,,,,,,,,,,,
2026-07-09T11:02:27.451580+00:00,2026-07-09T11:02:27.451715,2,2,118.4,0.4,118.2,150,118.1,100,,,,,,,,,,,,,,,,,118.6,100,118.7,150,,,,,,,,,,,,,,,,
2026-07-09T11:02:28.230036+00:00,2026-07-09T11:02:28.229923,2,2,118.4,0.4,118.2,100,118.1,100,,,,,,,,,,,,,,,,,118.6,100,118.7,150,,,,,,,,,,,,,,,,
2026-07-09T11:02:29.540002+00:00,2026-07-09T11:02:29.539823,1,1,118.45,0.5,118.2,100,,,,,,,,,,,,,,,,,,,118.7,150,,,,,,,,,,,,,,,,,,
2026-07-09T11:02:29.595404+00:00,2026-07-09T11:02:29.595332,2,1,118.45,0.5,118.2,100,118.1,100,,,,,,,,,,,,,,,,,118.7,150,,,,,,,,,,,,,,,,,,
2026-07-09T11:02:29.647891+00:00,2026-07-09T11:02:29.647826,2,2,118.4,0.4,118.2,100,118.1,100,,,,,,,,,,,,,,,,,118.6,100,118.7,150,,,,,,,,,,,,,,,,
2026-07-09T11:02:30.334055+00:00,2026-07-09T11:02:30.334182,2,2,118.4,0.4,118.2,50,118.1,100,,,,,,,,,,,,,,,,,118.6,100,118.7,150,,,,,,,,,,,,,,,,
2026-07-09T11:02:30.502231+00:00,2026-07-09T11:02:30.502186,1,1,118.35,0.5,118.1,100,,,,,,,,,,,,,,,,,,,118.6,100,,,,,,,,,,,,,,,,,,
2026-07-09T11:02:30.558632+00:00,2026-07-09T11:02:30.554101,2,1,118.35,0.5,118.1,100,117.7,150,,,,,,,,,,,,,,,,,118.6,100,,,,,,,,,,,,,,,,,,
2026-07-09T11:02:30.624352+00:00,2026-07-09T11:02:30.617031,2,2,118.15,0.1,118.1,100,117.7,150,,,,,,,,,,,,,,,,,118.2,138,118.6,100,,,,,,,,,,,,,,,,
2026-07-09T11:02:31.277716+00:00,2026-07-09T11:02:31.271559,2,2,118.15,0.1,118.1,100,117.7,150,,,,,,,,,,,,,,,,,118.2,127,118.6,100,,,,,,,,,,,,,,,,
2026-07-09T11:02:32.393992+00:00,2026-07-09T11:02:32.393880,2,2,118.15,0.1,118.1,100,117.7,150,,,,,,,,,,,,,,,,,118.2,77,118.6,100,,,,,,,,,,,,,,,,
2026-07-09T11:02:32.607525+00:00,2026-07-09T11:02:32.599483,2,2,118.15,0.1,118.1,100,117.7,150,,,,,,,,,,,,,,,,,118.2,54,118.6,100,,,,,,,,,,,,,,,,
2026-07-09T11:02:32.699318+00:00,2026-07-09T11:02:32.699238,1,1,117.95,0.5,117.7,150,,,,,,,,,,,,,,,,,,,118.2,54,,,,,,,,,,,,,,,,,,
2026-07-09T11:02:32.758663+00:00,2026-07-09T11:02:32.757123,2,0,,,118.2,46,117.7,150,,,,,,,,,,,,,,,,,,,,,,,,,,,,,,,,,,,,
2026-07-09T11:02:32.805968+00:00,2026-07-09T11:02:32.805866,2,1,118.45,0.5,118.2,46,117.7,150,,,,,,,,,,,,,,,,,118.7,100,,,,,,,,,,,,,,,,,,
2026-07-09T11:02:33.669309+00:00,2026-07-09T11:02:33.669209,1,1,118.45,0.5,118.2,46,,,,,,,,,,,,,,,,,,,118.7,100,,,,,,,,,,,,,,,,,,
2026-07-09T11:02:33.732039+00:00,2026-07-09T11:02:33.725739,2,1,118.55,0.3,118.4,127,118.2,46,,,,,,,,,,,,,,,,,118.7,100,,,,,,,,,,,,,,,,,,
2026-07-09T11:02:33.784590+00:00,2026-07-09T11:02:33.784431,2,2,118.55,0.3,118.4,127,118.2,46,,,,,,,,,,,,,,,,,118.7,100,118.9,150,,,,,,,,,,,,,,,,
2026-07-09T11:02:33.860345+00:00,2026-07-09T11:02:33.854150,2,2,118.55,0.3,118.4,116,118.2,46,,,,,,,,,,,,,,,,,118.7,100,118.9,150,,,,,,,,,,,,,,,,
2026-07-09T11:02:33.912163+00:00,2026-07-09T11:02:33.905964,2,2,118.55,0.3,118.4,104,118.2,46,,,,,,,,,,,,,,,,,118.7,100,118.9,150,,,,,,,,,,,,,,,,
2026-07-09T11:02:34.500311+00:00,2026-07-09T11:02:34.500178,2,2,118.55,0.3,118.4,104,118.2,46,,,,,,,,,,,,,,,,,118.7,50,118.9,150,,,,,,,,,,,,,,,,
2026-07-09T11:02:35.858699+00:00,2026-07-09T11:02:35.855740,1,1,118.65,0.5,118.4,104,,,,,,,,,,,,,,,,,,,118.9,150,,,,,,,,,,,,,,,,,,
2026-07-09T11:02:35.917161+00:00,2026-07-09T11:02:35.917080,2,1,118.65,0.5,118.4,104,117.9,100,,,,,,,,,,,,,,,,,118.9,150,,,,,,,,,,,,,,,,,,
2026-07-09T11:02:35.969986+00:00,2026-07-09T11:02:35.969855,2,1,118.65,0.5,118.4,4,117.9,100,,,,,,,,,,,,,,,,,118.9,150,,,,,,,,,,,,,,,,,,
2026-07-09T11:02:36.609391+00:00,2026-07-09T11:02:36.609200,2,1,118.65,0.5,118.4,4,117.9,100,,,,,,,,,,,,,,,,,118.9,100,,,,,,,,,,,,,,,,,,
2026-07-09T11:02:36.834472+00:00,2026-07-09T11:02:36.834610,1,0,,,117.9,100,,,,,,,,,,,,,,,,,,,,,,,,,,,,,,,,,,,,,,
2026-07-09T11:02:36.887731+00:00,2026-07-09T11:02:36.887637,2,0,,,118.0,150,117.9,100,,,,,,,,,,,,,,,,,,,,,,,,,,,,,,,,,,,,
2026-07-09T11:02:36.942322+00:00,2026-07-09T11:02:36.942291,2,1,118.25,0.5,118.0,150,117.9,100,,,,,,,,,,,,,,,,,118.5,150,,,,,,,,,,,,,,,,,,
2026-07-09T11:02:38.770409+00:00,2026-07-09T11:02:38.770305,2,1,118.25,0.5,118.0,100,117.9,100,,,,,,,,,,,,,,,,,118.5,150,,,,,,,,,,,,,,,,,,
2026-07-09T11:02:39.024673+00:00,2026-07-09T11:02:39.024594,1,1,118.25,0.5,118.0,100,,,,,,,,,,,,,,,,,,,118.5,150,,,,,,,,,,,,,,,,,,
2026-07-09T11:02:39.079447+00:00,2026-07-09T11:02:39.079572,2,1,118.4,0.2,118.3,100,118.0,100,,,,,,,,,,,,,,,,,118.5,150,,,,,,,,,,,,,,,,,,
2026-07-09T11:02:39.119082+00:00,2026-07-09T11:02:39.118970,2,1,118.4,0.2,118.3,54,118.0,100,,,,,,,,,,,,,,,,,118.5,150,,,,,,,,,,,,,,,,,,
2026-07-09T11:02:39.129377+00:00,2026-07-09T11:02:39.129347,2,2,118.4,0.2,118.3,54,118.0,100,,,,,,,,,,,,,,,,,118.5,150,118.8,100,,,,,,,,,,,,,,,,
2026-07-09T11:02:39.996052+00:00,2026-07-09T11:02:39.996162,1,1,118.55,0.5,118.3,54,,,,,,,,,,,,,,,,,,,118.8,100,,,,,,,,,,,,,,,,,,
2026-07-09T11:02:40.048028+00:00,2026-07-09T11:02:40.047887,2,1,118.55,0.5,118.3,54,117.7,150,,,,,,,,,,,,,,,,,118.8,100,,,,,,,,,,,,,,,,,,
2026-07-09T11:02:40.112173+00:00,2026-07-09T11:02:40.106454,1,2,117.95,0.5,117.7,150,,,,,,,,,,,,,,,,,,,118.2,84,118.8,100,,,,,,,,,,,,,,,,
2026-07-09T11:02:40.875837+00:00,2026-07-09T11:02:40.875927,1,2,117.95,0.5,117.7,100,,,,,,,,,,,,,,,,,,,118.2,84,118.8,100,,,,,,,,,,,,,,,,
2026-07-09T11:02:41.781395+00:00,2026-07-09T11:02:41.775336,1,2,117.95,0.5,117.7,100,,,,,,,,,,,,,,,,,,,118.2,73,118.8,100,,,,,,,,,,,,,,,,
2026-07-09T11:02:42.184845+00:00,2026-07-09T11:02:42.184736,1,1,117.95,0.5,117.7,100,,,,,,,,,,,,,,,,,,,118.2,73,,,,,,,,,,,,,,,,,,
2026-07-09T11:02:42.248505+00:00,2026-07-09T11:02:42.258709,2,1,118.1,0.2,118.0,100,117.7,100,,,,,,,,,,,,,,,,,118.2,73,,,,,,,,,,,,,,,,,,
2026-07-09T11:02:42.305117+00:00,2026-07-09T11:02:42.305005,2,2,118.1,0.2,118.0,100,117.7,100,,,,,,,,,,,,,,,,,118.2,73,118.5,100,,,,,,,,,,,,,,,,
2026-07-09T11:02:42.931671+00:00,2026-07-09T11:02:42.931798,2,2,118.1,0.2,118.0,100,117.7,100,,,,,,,,,,,,,,,,,118.2,23,118.5,100,,,,,,,,,,,,,,,,
2026-07-09T11:02:43.159062+00:00,2026-07-09T11:02:43.158969,1,1,118.25,0.5,118.0,100,,,,,,,,,,,,,,,,,,,118.5,100,,,,,,,,,,,,,,,,,,
2026-07-09T11:02:43.212295+00:00,2026-07-09T11:02:43.212234,2,1,118.25,0.5,118.0,100,117.9,150,,,,,,,,,,,,,,,,,118.5,100,,,,,,,,,,,,,,,,,,
2026-07-09T11:02:43.268997+00:00,2026-07-09T11:02:43.268856,2,2,118.2,0.4,118.0,100,117.9,150,,,,,,,,,,,,,,,,,118.4,150,118.5,100,,,,,,,,,,,,,,,,
2026-07-09T11:02:43.658559+00:00,2026-07-09T11:02:43.656618,2,2,118.2,0.4,118.0,100,117.9,150,,,,,,,,,,,,,,,,,118.4,103,118.5,100,,,,,,,,,,,,,,,,
2026-07-09T11:02:45.094181+00:00,2026-07-09T11:02:45.094116,2,2,118.2,0.4,118.0,50,117.9,150,,,,,,,,,,,,,,,,,118.4,103,118.5,100,,,,,,,,,,,,,,,,
2026-07-09T11:02:45.360078+00:00,2026-07-09T11:02:45.359950,1,1,118.15,0.5,117.9,150,,,,,,,,,,,,,,,,,,,118.4,103,,,,,,,,,,,,,,,,,,
2026-07-09T11:02:45.414581+00:00,2026-07-09T11:02:45.414757,2,1,118.15,0.5,117.9,150,117.8,100,,,,,,,,,,,,,,,,,118.4,103,,,,,,,,,,,,,,,,,,
2026-07-09T11:02:45.458573+00:00,2026-07-09T11:02:45.457364,2,2,118.1,0.4,117.9,150,117.8,100,,,,,,,,,,,,,,,,,118.3,100,118.4,103,,,,,,,,,,,,,,,,
2026-07-09T11:02:46.318297+00:00,2026-07-09T11:02:46.318222,2,1,118.1,0.4,117.9,150,117.8,100,,,,,,,,,,,,,,,,,118.3,100,,,,,,,,,,,,,,,,,,
2026-07-09T11:02:46.323428+00:00,2026-07-09T11:02:46.323398,1,1,118.05,0.5,117.8,100,,,,,,,,,,,,,,,,,,,118.3,100,,,,,,,,,,,,,,,,,,
2026-07-09T11:02:46.378252+00:00,2026-07-09T11:02:46.378367,2,1,118.25,0.1,118.2,150,117.8,100,,,,,,,,,,,,,,,,,118.3,100,,,,,,,,,,,,,,,,,,
2026-07-09T11:02:46.430266+00:00,2026-07-09T11:02:46.430113,2,2,118.25,0.1,118.2,150,117.8,100,,,,,,,,,,,,,,,,,118.3,100,118.7,150,,,,,,,,,,,,,,,,
2026-07-09T11:02:47.202525+00:00,2026-07-09T11:02:47.202436,2,2,118.25,0.1,118.2,100,117.8,100,,,,,,,,,,,,,,,,,118.3,100,118.7,150,,,,,,,,,,,,,,,,
2026-07-09T11:02:47.408350+00:00,2026-07-09T11:02:47.408231,2,2,118.25,0.1,118.2,60,117.8,100,,,,,,,,,,,,,,,,,118.3,100,118.7,150,,,,,,,,,,,,,,,,
2026-07-09T11:02:47.984868+00:00,2026-07-09T11:02:47.984839,2,2,118.25,0.1,118.2,60,117.8,100,,,,,,,,,,,,,,,,,118.3,57,118.7,150,,,,,,,,,,,,,,,,
2026-07-09T11:02:48.521260+00:00,2026-07-09T11:02:48.521176,1,1,118.45,0.5,118.2,60,,,,,,,,,,,,,,,,,,,118.7,150,,,,,,,,,,,,,,,,,,
2026-07-09T11:02:48.576170+00:00,2026-07-09T11:02:48.575965,2,1,118.45,0.5,118.2,60,117.9,100,,,,,,,,,,,,,,,,,118.7,150,,,,,,,,,,,,,,,,,,
2026-07-09T11:02:48.629423+00:00,2026-07-09T11:02:48.629273,2,2,118.3,0.2,118.2,60,117.9,100,,,,,,,,,,,,,,,,,118.4,100,118.7,150,,,,,,,,,,,,,,,,
2026-07-09T11:02:49.515494+00:00,2026-07-09T11:02:49.515377,1,1,118.15,0.5,117.9,100,,,,,,,,,,,,,,,,,,,118.4,100,,,,,,,,,,,,,,,,,,
2026-07-09T11:02:49.570435+00:00,2026-07-09T11:02:49.570331,2,1,118.15,0.5,117.9,100,117.8,150,,,,,,,,,,,,,,,,,118.4,100,,,,,,,,,,,,,,,,,,
2026-07-09T11:02:49.624935+00:00,2026-07-09T11:02:49.624861,2,2,118.1,0.4,117.9,100,117.8,150,,,,,,,,,,,,,,,,,118.3,150,118.4,100,,,,,,,,,,,,,,,,
2026-07-09T11:02:51.363803+00:00,2026-07-09T11:02:51.363705,2,2,118.1,0.4,117.9,100,117.8,150,,,,,,,,,,,,,,,,,118.3,100,118.4,100,,,,,,,,,,,,,,,,
2026-07-09T11:02:51.680200+00:00,2026-07-09T11:02:51.680076,2,1,118.1,0.4,117.9,100,117.8,150,,,,,,,,,,,,,,,,,118.3,100,,,,,,,,,,,,,,,,,,
2026-07-09T11:02:51.685288+00:00,2026-07-09T11:02:51.685253,1,1,118.05,0.5,117.8,150,,,,,,,,,,,,,,,,,,,118.3,100,,,,,,,,,,,,,,,,,,
2026-07-09T11:02:51.734204+00:00,2026-07-09T11:02:51.734110,1,1,118.05,0.5,117.8,250,,,,,,,,,,,,,,,,,,,118.3,100,,,,,,,,,,,,,,,,,,
2026-07-09T11:02:51.791782+00:00,2026-07-09T11:02:51.791732,1,1,118.05,0.5,117.8,250,,,,,,,,,,,,,,,,,,,118.3,200,,,,,,,,,,,,,,,,,,
2026-07-09T11:02:52.678121+00:00,2026-07-09T11:02:52.678023,1,1,118.05,0.5,117.8,100,,,,,,,,,,,,,,,,,,,118.3,100,,,,,,,,,,,,,,,,,,
2026-07-09T11:02:52.730806+00:00,2026-07-09T11:02:52.730751,1,1,118.05,0.5,117.8,250,,,,,,,,,,,,,,,,,,,118.3,100,,,,,,,,,,,,,,,,,,
2026-07-09T11:02:52.786205+00:00,2026-07-09T11:02:52.786101,1,1,118.05,0.5,117.8,250,,,,,,,,,,,,,,,,,,,118.3,250,,,,,,,,,,,,,,,,,,
2026-07-09T11:02:53.473208+00:00,2026-07-09T11:02:53.473114,1,1,118.05,0.5,117.8,250,,,,,,,,,,,,,,,,,,,118.3,200,,,,,,,,,,,,,,,,,,
2026-07-09T11:02:54.842109+00:00,2026-07-09T11:02:54.842015,1,1,118.05,0.5,117.8,250,,,,,,,,,,,,,,,,,,,118.3,150,,,,,,,,,,,,,,,,,,
2026-07-09T11:02:54.847231+00:00,2026-07-09T11:02:54.847176,1,1,118.05,0.5,117.8,150,,,,,,,,,,,,,,,,,,,118.3,150,,,,,,,,,,,,,,,,,,
2026-07-09T11:02:54.900470+00:00,2026-07-09T11:02:54.900319,2,1,118.1,0.4,117.9,100,117.8,150,,,,,,,,,,,,,,,,,118.3,150,,,,,,,,,,,,,,,,,,
2026-07-09T11:02:54.969287+00:00,2026-07-09T11:02:54.969137,2,2,118.1,0.4,117.9,100,117.8,150,,,,,,,,,,,,,,,,,118.3,150,118.4,100,,,,,,,,,,,,,,,,
2026-07-09T11:02:55.600328+00:00,2026-07-09T11:02:55.600505,2,2,118.1,0.4,117.9,100,117.8,150,,,,,,,,,,,,,,,,,118.3,100,118.4,100,,,,,,,,,,,,,,,,
2026-07-09T11:02:55.843233+00:00,2026-07-09T11:02:55.843377,1,1,118.15,0.5,117.9,100,,,,,,,,,,,,,,,,,,,118.4,100,,,,,,,,,,,,,,,,,,
2026-07-09T11:02:55.898304+00:00,2026-07-09T11:02:55.898471,2,1,118.25,0.3,118.1,150,117.9,100,,,,,,,,,,,,,,,,,118.4,100,,,,,,,,,,,,,,,,,,
2026-07-09T11:02:55.952729+00:00,2026-07-09T11:02:55.952670,2,2,118.25,0.3,118.1,150,117.9,100,,,,,,,,,,,,,,,,,118.4,100,118.6,150,,,,,,,,,,,,,,,,
2026-07-09T11:02:56.407495+00:00,2026-07-09T11:02:56.407615,2,2,118.25,0.3,118.1,150,117.9,100,,,,,,,,,,,,,,,,,118.4,54,118.6,150,,,,,,,,,,,,,,,,
2026-07-09T11:02:57.763659+00:00,2026-07-09T11:02:57.763854,2,2,118.25,0.3,118.1,100,117.9,100,,,,,,,,,,,,,,,,,118.4,54,118.6,150,,,,,,,,,,,,,,,,
2026-07-09T11:02:57.902376+00:00,2026-07-09T11:02:57.902306,2,2,118.25,0.3,118.1,53,117.9,100,,,,,,,,,,,,,,,,,118.4,54,118.6,150,,,,,,,,,,,,,,,,
2026-07-09T11:02:58.019948+00:00,2026-07-09T11:02:58.020083,2,1,118.35,0.5,118.1,53,117.9,100,,,,,,,,,,,,,,,,,118.6,150,,,,,,,,,,,,,,,,,,
2026-07-09T11:02:58.025344+00:00,2026-07-09T11:02:58.025247,1,1,118.35,0.5,118.1,53,,,,,,,,,,,,,,,,,,,118.6,150,,,,,,,,,,,,,,,,,,
2026-07-09T11:02:58.080744+00:00,2026-07-09T11:02:58.080684,2,1,118.4,0.4,118.2,100,118.1,53,,,,,,,,,,,,,,,,,118.6,150,,,,,,,,,,,,,,,,,,
2026-07-09T11:02:58.136309+00:00,2026-07-09T11:02:58.136419,2,2,118.4,0.4,118.2,100,118.1,53,,,,,,,,,,,,,,,,,118.6,150,118.7,100,,,,,,,,,,,,,,,,
2026-07-09T11:02:59.006790+00:00,2026-07-09T11:02:59.006729,1,1,118.45,0.5,118.2,100,,,,,,,,,,,,,,,,,,,118.7,100,,,,,,,,,,,,,,,,,,
2026-07-09T11:02:59.058586+00:00,2026-07-09T11:02:59.057576,2,1,118.45,0.5,118.2,100,117.9,150,,,,,,,,,,,,,,,,,118.7,100,,,,,,,,,,,,,,,,,,
2026-07-09T11:02:59.116160+00:00,2026-07-09T11:02:59.116104,2,2,118.3,0.2,118.2,100,117.9,150,,,,,,,,,,,,,,,,,118.4,150,118.7,100,,,,,,,,,,,,,,,,
2026-07-09T11:02:59.870387+00:00,2026-07-09T11:02:59.870272,2,2,118.3,0.2,118.2,50,117.9,150,,,,,,,,,,,,,,,,,118.4,150,118.7,100,,,,,,,,,,,,,,,,
2026-07-09T11:03:01.187620+00:00,2026-07-09T11:03:01.187530,2,1,118.3,0.2,118.2,50,117.9,150,,,,,,,,,,,,,,,,,118.4,150,,,,,,,,,,,,,,,,,,
2026-07-09T11:03:01.192794+00:00,2026-07-09T11:03:01.192686,1,1,118.15,0.5,117.9,150,,,,,,,,,,,,,,,,,,,118.4,150,,,,,,,,,,,,,,,,,,
2026-07-09T11:03:01.241768+00:00,2026-07-09T11:03:01.241723,2,1,118.3,0.2,118.2,100,117.9,150,,,,,,,,,,,,,,,,,118.4,150,,,,,,,,,,,,,,,,,,
2026-07-09T11:03:01.294739+00:00,2026-07-09T11:03:01.294657,2,2,118.3,0.2,118.2,100,117.9,150,,,,,,,,,,,,,,,,,118.4,150,118.7,100,,,,,,,,,,,,,,,,
2026-07-09T11:03:01.933804+00:00,2026-07-09T11:03:01.933741,2,2,118.3,0.2,118.2,100,117.9,150,,,,,,,,,,,,,,,,,118.4,108,118.7,100,,,,,,,,,,,,,,,,
2026-07-09T11:03:01.987321+00:00,2026-07-09T11:03:01.987290,2,2,118.3,0.2,118.2,50,117.9,150,,,,,,,,,,,,,,,,,118.4,108,118.7,100,,,,,,,,,,,,,,,,
2026-07-09T11:03:02.169905+00:00,2026-07-09T11:03:02.169754,2,1,118.45,0.5,118.2,50,117.9,150,,,,,,,,,,,,,,,,,118.7,100,,,,,,,,,,,,,,,,,,
2026-07-09T11:03:02.174970+00:00,2026-07-09T11:03:02.174914,1,1,118.45,0.5,118.2,50,,,,,,,,,,,,,,,,,,,118.7,100,,,,,,,,,,,,,,,,,,
2026-07-09T11:03:02.252416+00:00,2026-07-09T11:03:02.252381,1,1,118.45,0.5,118.2,200,,,,,,,,,,,,,,,,,,,118.7,100,,,,,,,,,,,,,,,,,,
2026-07-09T11:03:02.306107+00:00,2026-07-09T11:03:02.306051,1,1,118.45,0.5,118.2,200,,,,,,,,,,,,,,,,,,,118.7,250,,,,,,,,,,,,,,,,,,
2026-07-09T11:03:04.076695+00:00,2026-07-09T11:03:04.076558,1,1,118.45,0.5,118.2,200,,,,,,,,,,,,,,,,,,,118.7,200,,,,,,,,,,,,,,,,,,
2026-07-09T11:03:04.353331+00:00,2026-07-09T11:03:04.353182,1,1,118.45,0.5,118.2,150,,,,,,,,,,,,,,,,,,,118.7,150,,,,,,,,,,,,,,,,,,
2026-07-09T11:03:04.406379+00:00,2026-07-09T11:03:04.406453,2,1,118.45,0.5,118.2,150,118.1,100,,,,,,,,,,,,,,,,,118.7,150,,,,,,,,,,,,,,,,,,
2026-07-09T11:03:04.459371+00:00,2026-07-09T11:03:04.459272,2,2,118.4,0.4,118.2,150,118.1,100,,,,,,,,,,,,,,,,,118.6,100,118.7,150,,,,,,,,,,,,,,,,
2026-07-09T11:03:05.365485+00:00,2026-07-09T11:03:05.365461,1,1,118.35,0.5,118.1,100,,,,,,,,,,,,,,,,,,,118.6,100,,,,,,,,,,,,,,,,,,
2026-07-09T11:03:05.426779+00:00,2026-07-09T11:03:05.426610,2,1,118.4,0.4,118.2,150,118.1,100,,,,,,,,,,,,,,,,,118.6,100,,,,,,,,,,,,,,,,,,
2026-07-09T11:03:05.474698+00:00,2026-07-09T11:03:05.474643,2,2,118.4,0.4,118.2,150,118.1,100,,,,,,,,,,,,,,,,,118.6,100,118.7,150,,,,,,,,,,,,,,,,
2026-07-09T11:03:06.226267+00:00,2026-07-09T11:03:06.226407,2,2,118.4,0.4,118.2,100,118.1,100,,,,,,,,,,,,,,,,,118.6,100,118.7,150,,,,,,,,,,,,,,,,
2026-07-09T11:03:07.512271+00:00,2026-07-09T11:03:07.512239,1,1,118.45,0.5,118.2,100,,,,,,,,,,,,,,,,,,,118.7,150,,,,,,,,,,,,,,,,,,
2026-07-09T11:03:07.569721+00:00,2026-07-09T11:03:07.569650,2,1,118.45,0.5,118.2,100,118.1,100,,,,,,,,,,,,,,,,,118.7,150,,,,,,,,,,,,,,,,,,
2026-07-09T11:03:07.622502+00:00,2026-07-09T11:03:07.622375,2,2,118.4,0.4,118.2,100,118.1,100,,,,,,,,,,,,,,,,,118.6,100,118.7,150,,,,,,,,,,,,,,,,
2026-07-09T11:03:07.958547+00:00,2026-07-09T11:03:07.956047,2,2,118.4,0.4,118.2,100,118.1,100,,,,,,,,,,,,,,,,,118.6,57,118.7,150,,,,,,,,,,,,,,,,
2026-07-09T11:03:08.279869+00:00,2026-07-09T11:03:08.280020,2,2,118.4,0.4,118.2,100,118.1,100,,,,,,,,,,,,,,,,,118.6,7,118.7,150,,,,,,,,,,,,,,,,
2026-07-09T11:03:08.489605+00:00,2026-07-09T11:03:08.489542,2,2,118.4,0.4,118.2,57,118.1,100,,,,,,,,,,,,,,,,,118.6,7,118.7,150,,,,,,,,,,,,,,,,
2026-07-09T11:03:08.530453+00:00,2026-07-09T11:03:08.530419,1,1,118.35,0.5,118.1,100,,,,,,,,,,,,,,,,,,,118.6,7,,,,,,,,,,,,,,,,,,
2026-07-09T11:03:08.588044+00:00,2026-07-09T11:03:08.587967,2,1,118.35,0.5,118.1,100,117.7,150,,,,,,,,,,,,,,,,,118.6,7,,,,,,,,,,,,,,,,,,
2026-07-09T11:03:08.638982+00:00,2026-07-09T11:03:08.638889,2,2,118.15,0.1,118.1,100,117.7,150,,,,,,,,,,,,,,,,,118.2,150,118.6,7,,,,,,,,,,,,,,,,
2026-07-09T11:03:10.387041+00:00,2026-07-09T11:03:10.386912,2,2,118.15,0.1,118.1,100,117.7,150,,,,,,,,,,,,,,,,,118.2,100,118.6,7,,,,,,,,,,,,,,,,
2026-07-09T11:03:10.679615+00:00,2026-07-09T11:03:10.679516,1,1,117.95,0.5,117.7,150,,,,,,,,,,,,,,,,,,,118.2,100,,,,,,,,,,,,,,,,,,
2026-07-09T11:03:10.740056+00:00,2026-07-09T11:03:10.740140,1,0,,,117.7,150,,,,,,,,,,,,,,,,,,,,,,,,,,,,,,,,,,,,,,
2026-07-09T11:03:10.794512+00:00,2026-07-09T11:03:10.794386,1,1,118.35,1.3,117.7,150,,,,,,,,,,,,,,,,,,,119.0,100,,,,,,,,,,,,,,,,,,
2026-07-09T11:03:11.695724+00:00,2026-07-09T11:03:11.695607,0,1,,,,,,,,,,,,,,,,,,,,,,,119.0,100,,,,,,,,,,,,,,,,,,
2026-07-09T11:03:11.748407+00:00,2026-07-09T11:03:11.748575,1,1,118.65,0.7,118.3,150,,,,,,,,,,,,,,,,,,,119.0,100,,,,,,,,,,,,,,,,,,
2026-07-09T11:03:11.802288+00:00,2026-07-09T11:03:11.802191,1,2,118.55,0.5,118.3,150,,,,,,,,,,,,,,,,,,,118.8,150,119.0,100,,,,,,,,,,,,,,,,
2026-07-09T11:03:12.496289+00:00,2026-07-09T11:03:12.496451,1,2,118.55,0.5,118.3,150,,,,,,,,,,,,,,,,,,,118.8,100,119.0,100,,,,,,,,,,,,,,,,
2026-07-09T11:03:13.704489+00:00,2026-07-09T11:03:13.704414,1,2,118.55,0.5,118.3,105,,,,,,,,,,,,,,,,,,,118.8,100,119.0,100,,,,,,,,,,,,,,,,
2026-07-09T11:03:13.849888+00:00,2026-07-09T11:03:13.849782,1,1,118.55,0.5,118.3,105,,,,,,,,,,,,,,,,,,,118.8,100,,,,,,,,,,,,,,,,,,
2026-07-09T11:03:13.905127+00:00,2026-07-09T11:03:13.905259,2,1,118.6,0.4,118.4,100,118.3,105,,,,,,,,,,,,,,,,,118.8,100,,,,,,,,,,,,,,,,,,
2026-07-09T11:03:13.958697+00:00,2026-07-09T11:03:13.953846,2,2,118.6,0.4,118.4,100,118.3,105,,,,,,,,,,,,,,,,,118.8,100,118.9,100,,,,,,,,,,,,,,,,
2026-07-09T11:03:14.224301+00:00,2026-07-09T11:03:14.224263,2,2,118.6,0.4,118.4,100,118.3,105,,,,,,,,,,,,,,,,,118.8,52,118.9,100,,,,,,,,,,,,,,,,
2026-07-09T11:03:14.608861+00:00,2026-07-09T11:03:14.608815,2,2,118.6,0.4,118.4,100,118.3,105,,,,,,,,,,,,,,,,,118.8,2,118.9,100,,,,,,,,,,,,,,,,
2026-07-09T11:03:14.852287+00:00,2026-07-09T11:03:14.852187,2,1,118.65,0.5,118.4,100,118.3,105,,,,,,,,,,,,,,,,,118.9,100,,,,,,,,,,,,,,,,,,
2026-07-09T11:03:14.857493+00:00,2026-07-09T11:03:14.857352,1,1,118.65,0.5,118.4,100,,,,,,,,,,,,,,,,,,,118.9,100,,,,,,,,,,,,,,,,,,
2026-07-09T11:03:14.911555+00:00,2026-07-09T11:03:14.911363,2,0,,,119.0,50,118.4,100,,,,,,,,,,,,,,,,,,,,,,,,,,,,,,,,,,,,
2026-07-09T11:03:14.987174+00:00,2026-07-09T11:03:14.976473,2,1,119.25,0.5,119.0,16,118.4,100,,,,,,,,,,,,,,,,,119.5,150,,,,,,,,,,,,,,,,,,
2026-07-09T11:03:15.584261+00:00,2026-07-09T11:03:15.576789,2,1,119.25,0.5,119.0,4,118.4,100,,,,,,,,,,,,,,,,,119.5,150,,,,,,,,,,,,,,,,,,
2026-07-09T11:03:16.722087+00:00,2026-07-09T11:03:16.721987,2,1,119.25,0.5,119.0,4,118.4,100,,,,,,,,,,,,,,,,,119.5,100,,,,,,,,,,,,,,,,,,
2026-07-09T11:03:16.785301+00:00,2026-07-09T11:03:16.785149,1,1,118.95,1.1,118.4,63,,,,,,,,,,,,,,,,,,,119.5,100,,,,,,,,,,,,,,,,,,
2026-07-09T11:03:17.013109+00:00,2026-07-09T11:03:17.013275,0,1,,,,,,,,,,,,,,,,,,,,,,,119.5,100,,,,,,,,,,,,,,,,,,
2026-07-09T11:03:17.071015+00:00,2026-07-09T11:03:17.070910,1,1,119.05,0.9,118.6,100,,,,,,,,,,,,,,,,,,,119.5,100,,,,,,,,,,,,,,,,,,
2026-07-09T11:03:17.127381+00:00,2026-07-09T11:03:17.127241,1,2,118.85,0.5,118.6,100,,,,,,,,,,,,,,,,,,,119.1,100,119.5,100,,,,,,,,,,,,,,,,
2026-07-09T11:03:18.030153+00:00,2026-07-09T11:03:18.030117,1,1,118.85,0.5,118.6,100,,,,,,,,,,,,,,,,,,,119.1,100,,,,,,,,,,,,,,,,,,
2026-07-09T11:03:18.083175+00:00,2026-07-09T11:03:18.083324,1,1,118.85,0.5,118.6,250,,,,,,,,,,,,,,,,,,,119.1,100,,,,,,,,,,,,,,,,,,
2026-07-09T11:03:18.138099+00:00,2026-07-09T11:03:18.137967,1,1,118.85,0.5,118.6,250,,,,,,,,,,,,,,,,,,,119.1,250,,,,,,,,,,,,,,,,,,
2026-07-09T11:03:18.435206+00:00,2026-07-09T11:03:18.435085,1,1,118.85,0.5,118.6,250,,,,,,,,,,,,,,,,,,,119.1,208,,,,,,,,,,,,,,,,,,
2026-07-09T11:03:18.840327+00:00,2026-07-09T11:03:18.840195,1,1,118.85,0.5,118.6,250,,,,,,,,,,,,,,,,,,,119.1,158,,,,,,,,,,,,,,,,,,
2026-07-09T11:03:19.591235+00:00,2026-07-09T11:03:19.591192,1,1,118.85,0.5,118.6,205,,,,,,,,,,,,,,,,,,,119.1,158,,,,,,,,,,,,,,,,,,
2026-07-09T11:03:20.183634+00:00,2026-07-09T11:03:20.183782,1,1,118.85,0.5,118.6,205,,,,,,,,,,,,,,,,,,,119.1,150,,,,,,,,,,,,,,,,,,
2026-07-09T11:03:20.189114+00:00,2026-07-09T11:03:20.188928,1,1,118.85,0.5,118.6,150,,,,,,,,,,,,,,,,,,,119.1,150,,,,,,,,,,,,,,,,,,
2026-07-09T11:03:20.239314+00:00,2026-07-09T11:03:20.239127,1,1,118.85,0.5,118.6,250,,,,,,,,,,,,,,,,,,,119.1,150,,,,,,,,,,,,,,,,,,
2026-07-09T11:03:20.244417+00:00,2026-07-09T11:03:20.244315,1,1,118.85,0.5,118.6,250,,,,,,,,,,,,,,,,,,,119.1,105,,,,,,,,,,,,,,,,,,
2026-07-09T11:03:20.292731+00:00,2026-07-09T11:03:20.292645,1,1,118.85,0.5,118.6,250,,,,,,,,,,,,,,,,,,,119.1,205,,,,,,,,,,,,,,,,,,
2026-07-09T11:03:20.945094+00:00,2026-07-09T11:03:20.945232,1,1,118.85,0.5,118.6,250,,,,,,,,,,,,,,,,,,,119.1,155,,,,,,,,,,,,,,,,,,
2026-07-09T11:03:21.197390+00:00,2026-07-09T11:03:21.197319,1,1,118.85,0.5,118.6,100,,,,,,,,,,,,,,,,,,,119.1,100,,,,,,,,,,,,,,,,,,
2026-07-09T11:03:21.248979+00:00,2026-07-09T11:03:21.248947,2,1,119.0,0.2,118.9,150,118.6,100,,,,,,,,,,,,,,,,,119.1,100,,,,,,,,,,,,,,,,,,
2026-07-09T11:03:21.301971+00:00,2026-07-09T11:03:21.302148,2,2,119.0,0.2,118.9,150,118.6,100,,,,,,,,,,,,,,,,,119.1,100,119.4,150,,,,,,,,,,,,,,,,
2026-07-09T11:03:22.236484+00:00,2026-07-09T11:03:22.231688,2,2,119.0,0.2,118.9,139,118.6,100,,,,,,,,,,,,,,,,,119.1,100,119.4,150,,,,,,,,,,,,,,,,
2026-07-09T11:03:22.538286+00:00,2026-07-09T11:03:22.529249,2,2,119.0,0.2,118.9,136,118.6,100,,,,,,,,,,,,,,,,,119.1,100,119.4,150,,,,,,,,,,,,,,,,
2026-07-09T11:03:22.952739+00:00,2026-07-09T11:03:22.952953,2,2,119.0,0.2,118.9,87,118.6,100,,,,,,,,,,,,,,,,,119.1,100,119.4,150,,,,,,,,,,,,,,,,
2026-07-09T11:03:23.081969+00:00,2026-07-09T11:03:23.082157,2,2,119.0,0.2,118.9,87,118.6,100,,,,,,,,,,,,,,,,,119.1,50,119.4,150,,,,,,,,,,,,,,,,
2026-07-09T11:03:23.353083+00:00,2026-07-09T11:03:23.353005,1,1,119.15,0.5,118.9,87,,,,,,,,,,,,,,,,,,,119.4,150,,,,,,,,,,,,,,,,,,
2026-07-09T11:03:23.411940+00:00,2026-07-09T11:03:23.411886,2,1,119.15,0.5,118.9,87,118.6,100,,,,,,,,,,,,,,,,,119.4,150,,,,,,,,,,,,,,,,,,
2026-07-09T11:03:23.466167+00:00,2026-07-09T11:03:23.466072,2,2,119.0,0.2,118.9,87,118.6,100,,,,,,,,,,,,,,,,,119.1,100,119.4,150,,,,,,,,,,,,,,,,
2026-07-09T11:03:24.358564+00:00,2026-07-09T11:03:24.356520,1,1,118.85,0.5,118.6,100,,,,,,,,,,,,,,,,,,,119.1,100,,,,,,,,,,,,,,,,,,
2026-07-09T11:03:24.417761+00:00,2026-07-09T11:03:24.417841,2,1,118.85,0.5,118.6,100,118.4,150,,,,,,,,,,,,,,,,,119.1,100,,,,,,,,,,,,,,,,,,
2026-07-09T11:03:24.468786+00:00,2026-07-09T11:03:24.468690,2,2,118.75,0.3,118.6,100,118.4,150,,,,,,,,,,,,,,,,,118.9,150,119.1,100,,,,,,,,,,,,,,,,
2026-07-09T11:03:24.948800+00:00,2026-07-09T11:03:24.948744,2,2,118.75,0.3,118.6,100,118.4,150,,,,,,,,,,,,,,,,,118.9,104,119.1,100,,,,,,,,,,,,,,,,
2026-07-09T11:03:25.190977+00:00,2026-07-09T11:03:25.190874,2,2,118.75,0.3,118.6,100,118.4,150,,,,,,,,,,,,,,,,,118.9,54,119.1,100,,,,,,,,,,,,,,,,
2026-07-09T11:03:26.520293+00:00,2026-07-09T11:03:26.520221,1,1,118.65,0.5,118.4,150,,,,,,,,,,,,,,,,,,,118.9,54,,,,,,,,,,,,,,,,,,
2026-07-09T11:03:26.571487+00:00,2026-07-09T11:03:26.571631,2,1,118.75,0.3,118.6,100,118.4,150,,,,,,,,,,,,,,,,,118.9,54,,,,,,,,,,,,,,,,,,
2026-07-09T11:03:26.627467+00:00,2026-07-09T11:03:26.627396,2,2,118.75,0.3,118.6,100,118.4,150,,,,,,,,,,,,,,,,,118.9,54,119.1,100,,,,,,,,,,,,,,,,
2026-07-09T11:03:27.317408+00:00,2026-07-09T11:03:27.317249,2,2,118.75,0.3,118.6,100,118.4,150,,,,,,,,,,,,,,,,,118.9,4,119.1,100,,,,,,,,,,,,,,,,
2026-07-09T11:03:27.420321+00:00,2026-07-09T11:03:27.420192,2,2,118.75,0.3,118.6,52,118.4,150,,,,,,,,,,,,,,,,,118.9,4,119.1,100,,,,,,,,,,,,,,,,
2026-07-09T11:03:27.527825+00:00,2026-07-09T11:03:27.527777,1,1,118.85,0.5,118.6,52,,,,,,,,,,,,,,,,,,,119.1,100,,,,,,,,,,,,,,,,,,
2026-07-09T11:03:27.583464+00:00,2026-07-09T11:03:27.583639,2,0,,,119.1,50,118.6,52,,,,,,,,,,,,,,,,,,,,,,,,,,,,,,,,,,,,
2026-07-09T11:03:27.636900+00:00,2026-07-09T11:03:27.636762,2,1,119.35,0.5,119.1,50,118.6,52,,,,,,,,,,,,,,,,,119.6,150,,,,,,,,,,,,,,,,,,
2026-07-09T11:03:27.798885+00:00,2026-07-09T11:03:27.792053,2,1,119.35,0.5,119.1,47,118.6,52,,,,,,,,,,,,,,,,,119.6,150,,,,,,,,,,,,,,,,,,
2026-07-09T11:03:27.977099+00:00,2026-07-09T11:03:27.977009,2,1,119.35,0.5,119.1,44,118.6,52,,,,,,,,,,,,,,,,,119.6,150,,,,,,,,,,,,,,,,,,
2026-07-09T11:03:29.000771+00:00,2026-07-09T11:03:29.001051,2,1,119.35,0.5,119.1,2,118.6,52,,,,,,,,,,,,,,,,,119.6,150,,,,,,,,,,,,,,,,,,
2026-07-09T11:03:29.425396+00:00,2026-07-09T11:03:29.425331,2,1,119.35,0.5,119.1,2,118.6,52,,,,,,,,,,,,,,,,,119.6,100,,,,,,,,,,,,,,,,,,
2026-07-09T11:03:29.527275+00:00,2026-07-09T11:03:29.527236,1,1,119.1,1.0,118.6,52,,,,,,,,,,,,,,,,,,,119.6,100,,,,,,,,,,,,,,,,,,
2026-07-09T11:03:29.681356+00:00,2026-07-09T11:03:29.681329,0,1,,,,,,,,,,,,,,,,,,,,,,,119.6,100,,,,,,,,,,,,,,,,,,
2026-07-09T11:03:29.736656+00:00,2026-07-09T11:03:29.736613,1,1,119.1,1.0,118.6,100,,,,,,,,,,,,,,,,,,,119.6,100,,,,,,,,,,,,,,,,,,
2026-07-09T11:03:29.790433+00:00,2026-07-09T11:03:29.790399,1,2,118.85,0.5,118.6,100,,,,,,,,,,,,,,,,,,,119.1,100,119.6,100,,,,,,,,,,,,,,,,
2026-07-09T11:03:30.468767+00:00,2026-07-09T11:03:30.468863,1,2,118.85,0.5,118.6,51,,,,,,,,,,,,,,,,,,,119.1,100,119.6,100,,,,,,,,,,,,,,,,
2026-07-09T11:03:30.709132+00:00,2026-07-09T11:03:30.709036,1,1,118.85,0.5,118.6,51,,,,,,,,,,,,,,,,,,,119.1,100,,,,,,,,,,,,,,,,,,
2026-07-09T11:03:30.758619+00:00,2026-07-09T11:03:30.756414,2,1,118.85,0.5,118.6,51,118.3,150,,,,,,,,,,,,,,,,,119.1,100,,,,,,,,,,,,,,,,,,
2026-07-09T11:03:30.820130+00:00,2026-07-09T11:03:30.820016,2,2,118.7,0.2,118.6,51,118.3,150,,,,,,,,,,,,,,,,,118.8,150,119.1,100,,,,,,,,,,,,,,,,
2026-07-09T11:03:31.564023+00:00,2026-07-09T11:03:31.563896,2,2,118.7,0.2,118.6,51,118.3,150,,,,,,,,,,,,,,,,,118.8,100,119.1,100,,,,,,,,,,,,,,,,
2026-07-09T11:03:32.843605+00:00,2026-07-09T11:03:32.843777,2,1,118.7,0.2,118.6,51,118.3,150,,,,,,,,,,,,,,,,,118.8,100,,,,,,,,,,,,,,,,,,
2026-07-09T11:03:32.848862+00:00,2026-07-09T11:03:32.848960,1,1,118.55,0.5,118.3,150,,,,,,,,,,,,,,,,,,,118.8,100,,,,,,,,,,,,,,,,,,
2026-07-09T11:03:32.901289+00:00,2026-07-09T11:03:32.901200,2,1,118.55,0.5,118.3,150,118.2,100,,,,,,,,,,,,,,,,,118.8,100,,,,,,,,,,,,,,,,,,
2026-07-09T11:03:32.953459+00:00,2026-07-09T11:03:32.953537,2,2,118.5,0.4,118.3,150,118.2,100,,,,,,,,,,,,,,,,,118.7,100,118.8,100,,,,,,,,,,,,,,,,
2026-07-09T11:03:32.999877+00:00,2026-07-09T11:03:32.999721,2,2,118.5,0.4,118.3,150,118.2,100,,,,,,,,,,,,,,,,,118.7,97,118.8,100,,,,,,,,,,,,,,,,
2026-07-09T11:03:33.044009+00:00,2026-07-09T11:03:33.036476,2,2,118.5,0.4,118.3,150,118.2,100,,,,,,,,,,,,,,,,,118.7,94,118.8,100,,,,,,,,,,,,,,,,
2026-07-09T11:03:33.252814+00:00,2026-07-09T11:03:33.252905,2,2,118.5,0.4,118.3,150,118.2,100,,,,,,,,,,,,,,,,,118.7,47,118.8,100,,,,,,,,,,,,,,,,
2026-07-09T11:03:33.755115+00:00,2026-07-09T11:03:33.755054,2,2,118.5,0.4,118.3,100,118.2,100,,,,,,,,,,,,,,,,,118.7,47,118.8,100,,,,,,,,,,,,,,,,
2026-07-09T11:03:33.778162+00:00,2026-07-09T11:03:33.778004,2,2,118.5,0.4,118.3,100,118.2,100,,,,,,,,,,,,,,,,,118.7,1,118.8,100,,,,,,,,,,,,,,,,
2026-07-09T11:03:33.874799+00:00,2026-07-09T11:03:33.874706,2,1,118.5,0.4,118.3,100,118.2,100,,,,,,,,,,,,,,,,,118.7,1,,,,,,,,,,,,,,,,,,
2026-07-09T11:03:33.879985+00:00,2026-07-09T11:03:33.879860,1,1,118.45,0.5,118.2,100,,,,,,,,,,,,,,,,,,,118.7,1,,,,,,,,,,,,,,,,,,
2026-07-09T11:03:33.934007+00:00,2026-07-09T11:03:33.933955,2,1,118.55,0.3,118.4,150,118.2,100,,,,,,,,,,,,,,,,,118.7,1,,,,,,,,,,,,,,,,,,
2026-07-09T11:03:33.984949+00:00,2026-07-09T11:03:33.985090,2,2,118.55,0.3,118.4,150,118.2,100,,,,,,,,,,,,,,,,,118.7,1,118.9,150,,,,,,,,,,,,,,,,
2026-07-09T11:03:35.869095+00:00,2026-07-09T11:03:35.868849,2,2,118.55,0.3,118.4,100,118.2,100,,,,,,,,,,,,,,,,,118.7,1,118.9,150,,,,,,,,,,,,,,,,
2026-07-09T11:03:36.007488+00:00,2026-07-09T11:03:36.007432,1,1,118.65,0.5,118.4,100,,,,,,,,,,,,,,,,,,,118.9,150,,,,,,,,,,,,,,,,,,
2026-07-09T11:03:36.068965+00:00,2026-07-09T11:03:36.056105,2,1,118.75,0.3,118.6,100,118.4,100,,,,,,,,,,,,,,,,,118.9,150,,,,,,,,,,,,,,,,,,
2026-07-09T11:03:36.117680+00:00,2026-07-09T11:03:36.117643,2,2,118.75,0.3,118.6,100,118.4,100,,,,,,,,,,,,,,,,,118.9,150,119.1,100,,,,,,,,,,,,,,,,
2026-07-09T11:03:37.009568+00:00,2026-07-09T11:03:37.009742,2,2,118.75,0.3,118.6,97,118.4,100,,,,,,,,,,,,,,,,,118.9,150,119.1,100,,,,,,,,,,,,,,,,
2026-07-09T11:03:37.038050+00:00,2026-07-09T11:03:37.037984,1,1,118.85,0.5,118.6,97,,,,,,,,,,,,,,,,,,,119.1,100,,,,,,,,,,,,,,,,,,
2026-07-09T11:03:37.093016+00:00,2026-07-09T11:03:37.092954,2,1,118.85,0.5,118.6,97,118.1,150,,,,,,,,,,,,,,,,,119.1,100,,,,,,,,,,,,,,,,,,
2026-07-09T11:03:37.146095+00:00,2026-07-09T11:03:37.146028,1,2,118.35,0.5,118.1,150,,,,,,,,,,,,,,,,,,,118.6,53,119.1,100,,,,,,,,,,,,,,,,
2026-07-09T11:03:37.968901+00:00,2026-07-09T11:03:37.969038,1,2,118.35,0.5,118.1,100,,,,,,,,,,,,,,,,,,,118.6,53,119.1,100,,,,,,,,,,,,,,,,
2026-07-09T11:03:39.027378+00:00,2026-07-09T11:03:39.027246,1,2,118.35,0.5,118.1,100,,,,,,,,,,,,,,,,,,,118.6,50,119.1,100,,,,,,,,,,,,,,,,
2026-07-09T11:03:39.196668+00:00,2026-07-09T11:03:39.196502,1,1,118.35,0.5,118.1,100,,,,,,,,,,,,,,,,,,,118.6,50,,,,,,,,,,,,,,,,,,
2026-07-09T11:03:39.254456+00:00,2026-07-09T11:03:39.254538,2,1,118.4,0.4,118.2,100,118.1,100,,,,,,,,,,,,,,,,,118.6,50,,,,,,,,,,,,,,,,,,
2026-07-09T11:03:39.306677+00:00,2026-07-09T11:03:39.306592,2,2,118.4,0.4,118.2,100,118.1,100,,,,,,,,,,,,,,,,,118.6,50,118.7,100,,,,,,,,,,,,,,,,
2026-07-09T11:03:40.204778+00:00,2026-07-09T11:03:40.204896,1,1,118.45,0.5,118.2,100,,,,,,,,,,,,,,,,,,,118.7,100,,,,,,,,,,,,,,,,,,
2026-07-09T11:03:40.254409+00:00,2026-07-09T11:03:40.254591,2,1,118.5,0.4,118.3,150,118.2,100,,,,,,,,,,,,,,,,,118.7,100,,,,,,,,,,,,,,,,,,
2026-07-09T11:03:40.313086+00:00,2026-07-09T11:03:40.313008,2,2,118.5,0.4,118.3,150,118.2,100,,,,,,,,,,,,,,,,,118.7,100,118.8,150,,,,,,,,,,,,,,,,
2026-07-09T11:03:40.685268+00:00,2026-07-09T11:03:40.685174,2,2,118.5,0.4,118.3,104,118.2,100,,,,,,,,,,,,,,,,,118.7,100,118.8,150,,,,,,,,,,,,,,,,
2026-07-09T11:03:42.358549+00:00,2026-07-09T11:03:42.355533,1,1,118.55,0.5,118.3,104,,,,,,,,,,,,,,,,,,,118.8,150,,,,,,,,,,,,,,,,,,
2026-07-09T11:03:42.415338+00:00,2026-07-09T11:03:42.415250,2,1,118.55,0.5,118.3,104,118.1,100,,,,,,,,,,,,,,,,,118.8,150,,,,,,,,,,,,,,,,,,
2026-07-09T11:03:42.468524+00:00,2026-07-09T11:03:42.468459,2,2,118.45,0.3,118.3,104,118.1,100,,,,,,,,,,,,,,,,,118.6,100,118.8,150,,,,,,,,,,,,,,,,
2026-07-09T11:03:43.368742+00:00,2026-07-09T11:03:43.368672,1,1,118.35,0.5,118.1,100,,,,,,,,,,,,,,,,,,,118.6,100,,,,,,,,,,,,,,,,,,
2026-07-09T11:03:43.420299+00:00,2026-07-09T11:03:43.420142,2,1,118.35,0.5,118.1,100,118.0,150,,,,,,,,,,,,,,,,,118.6,100,,,,,,,,,,,,,,,,,,
2026-07-09T11:03:43.477074+00:00,2026-07-09T11:03:43.477184,2,2,118.3,0.4,118.1,100,118.0,150,,,,,,,,,,,,,,,,,118.5,150,118.6,100,,,,,,,,,,,,,,,,
2026-07-09T11:03:43.701699+00:00,2026-07-09T11:03:43.701635,2,2,118.3,0.4,118.1,100,118.0,150,,,,,,,,,,,,,,,,,118.5,110,118.6,100,,,,,,,,,,,,,,,,
2026-07-09T11:03:44.721853+00:00,2026-07-09T11:03:44.721779,2,2,118.3,0.4,118.1,57,118.0,150,,,,,,,,,,,,,,,,,118.5,110,118.6,100,,,,,,,,,,,,,,,,
2026-07-09T11:03:45.349563+00:00,2026-07-09T11:03:45.349503,2,2,118.3,0.4,118.1,57,118.0,150,,,,,,,,,,,,,,,,,118.5,67,118.6,100,,,,,,,,,,,,,,,,
2026-07-09T11:03:45.522376+00:00,2026-07-09T11:03:45.522277,2,1,118.3,0.4,118.1,57,118.0,150,,,,,,,,,,,,,,,,,118.5,67,,,,,,,,,,,,,,,,,,
2026-07-09T11:03:45.527526+00:00,2026-07-09T11:03:45.527438,1,1,118.25,0.5,118.0,150,,,,,,,,,,,,,,,,,,,118.5,67,,,,,,,,,,,,,,,,,,
2026-07-09T11:03:45.581286+00:00,2026-07-09T11:03:45.581222,2,1,118.35,0.3,118.2,100,118.0,150,,,,,,,,,,,,,,,,,118.5,67,,,,,,,,,,,,,,,,,,
2026-07-09T11:03:45.634252+00:00,2026-07-09T11:03:45.634119,2,2,118.35,0.3,118.2,100,118.0,150,,,,,,,,,,,,,,,,,118.5,67,118.7,100,,,,,,,,,,,,,,,,
2026-07-09T11:03:45.886040+00:00,2026-07-09T11:03:45.885898,2,2,118.35,0.3,118.2,100,118.0,150,,,,,,,,,,,,,,,,,118.5,19,118.7,100,,,,,,,,,,,,,,,,
2026-07-09T11:03:46.190804+00:00,2026-07-09T11:03:46.184086,2,2,118.35,0.3,118.2,100,118.0,150,,,,,,,,,,,,,,,,,118.5,16,118.7,100,,,,,,,,,,,,,,,,
2026-07-09T11:03:46.335317+00:00,2026-07-09T11:03:46.335233,2,1,118.45,0.5,118.2,100,118.0,150,,,,,,,,,,,,,,,,,118.7,66,,,,,,,,,,,,,,,,,,
2026-07-09T11:03:46.533704+00:00,2026-07-09T11:03:46.533533,1,1,118.45,0.5,118.2,100,,,,,,,,,,,,,,,,,,,118.7,66,,,,,,,,,,,,,,,,,,
2026-07-09T11:03:46.587080+00:00,2026-07-09T11:03:46.586980,2,0,,,118.9,84,118.2,100,,,,,,,,,,,,,,,,,,,,,,,,,,,,,,,,,,,,
2026-07-09T11:03:46.654832+00:00,2026-07-09T11:03:46.646842,2,1,119.15,0.5,118.9,81,118.2,100,,,,,,,,,,,,,,,,,119.4,150,,,,,,,,,,,,,,,,,,
2026-07-09T11:03:47.074727+00:00,2026-07-09T11:03:47.074585,2,1,119.15,0.5,118.9,78,118.2,100,,,,,,,,,,,,,,,,,119.4,150,,,,,,,,,,,,,,,,,,
2026-07-09T11:03:47.896618+00:00,2026-07-09T11:03:47.896732,2,1,119.15,0.5,118.9,38,118.2,100,,,,,,,,,,,,,,,,,119.4,150,,,,,,,,,,,,,,,,,,
2026-07-09T11:03:48.688142+00:00,2026-07-09T11:03:48.688044,1,1,119.15,0.5,118.9,38,,,,,,,,,,,,,,,,,,,119.4,150,,,,,,,,,,,,,,,,,,
2026-07-09T11:03:48.740640+00:00,2026-07-09T11:03:48.740545,2,1,119.15,0.5,118.9,38,118.7,100,,,,,,,,,,,,,,,,,119.4,150,,,,,,,,,,,,,,,,,,
2026-07-09T11:03:48.793150+00:00,2026-07-09T11:03:48.793097,2,2,119.05,0.3,118.9,38,118.7,100,,,,,,,,,,,,,,,,,119.2,100,119.4,150,,,,,,,,,,,,,,,,
2026-07-09T11:03:48.815263+00:00,2026-07-09T11:03:48.808049,2,2,119.05,0.3,118.9,35,118.7,100,,,,,,,,,,,,,,,,,119.2,100,119.4,150,,,,,,,,,,,,,,,,
2026-07-09T11:03:49.091879+00:00,2026-07-09T11:03:49.091828,2,2,119.05,0.3,118.9,32,118.7,100,,,,,,,,,,,,,,,,,119.2,100,119.4,150,,,,,,,,,,,,,,,,
2026-07-09T11:03:49.704336+00:00,2026-07-09T11:03:49.704264,1,1,118.95,0.5,118.7,100,,,,,,,,,,,,,,,,,,,119.2,100,,,,,,,,,,,,,,,,,,
2026-07-09T11:03:49.756958+00:00,2026-07-09T11:03:49.757109,2,1,118.95,0.5,118.7,100,118.3,150,,,,,,,,,,,,,,,,,119.2,100,,,,,,,,,,,,,,,,,,
2026-07-09T11:03:49.814522+00:00,2026-07-09T11:03:49.814464,1,2,118.5,0.4,118.3,150,,,,,,,,,,,,,,,,,,,118.7,50,119.2,100,,,,,,,,,,,,,,,,
2026-07-09T11:03:50.079732+00:00,2026-07-09T11:03:50.079615,1,2,118.5,0.4,118.3,110,,,,,,,,,,,,,,,,,,,118.7,50,119.2,100,,,,,,,,,,,,,,,,
2026-07-09T11:03:50.122542+00:00,2026-07-09T11:03:50.115749,1,2,118.5,0.4,118.3,110,,,,,,,,,,,,,,,,,,,118.7,47,119.2,100,,,,,,,,,,,,,,,,
2026-07-09T11:03:50.603087+00:00,2026-07-09T11:03:50.603048,1,2,118.5,0.4,118.3,60,,,,,,,,,,,,,,,,,,,118.7,47,119.2,100,,,,,,,,,,,,,,,,
2026-07-09T11:03:51.109690+00:00,2026-07-09T11:03:51.109609,1,2,118.5,0.4,118.3,60,,,,,,,,,,,,,,,,,,,118.7,44,119.2,100,,,,,,,,,,,,,,,,
2026-07-09T11:03:51.852089+00:00,2026-07-09T11:03:51.852173,1,1,118.5,0.4,118.3,60,,,,,,,,,,,,,,,,,,,118.7,44,,,,,,,,,,,,,,,,,,
2026-07-09T11:03:51.922802+00:00,2026-07-09T11:03:51.922960,1,1,118.5,0.4,118.3,160,,,,,,,,,,,,,,,,,,,118.7,44,,,,,,,,,,,,,,,,,,
2026-07-09T11:03:51.977404+00:00,2026-07-09T11:03:51.977285,1,2,118.5,0.4,118.3,160,,,,,,,,,,,,,,,,,,,118.7,44,118.8,100,,,,,,,,,,,,,,,,
2026-07-09T11:03:52.664106+00:00,2026-07-09T11:03:52.663999,1,1,118.55,0.5,118.3,160,,,,,,,,,,,,,,,,,,,118.8,94,,,,,,,,,,,,,,,,,,
2026-07-09T11:03:52.870801+00:00,2026-07-09T11:03:52.870714,1,1,118.55,0.5,118.3,100,,,,,,,,,,,,,,,,,,,118.8,94,,,,,,,,,,,,,,,,,,
2026-07-09T11:03:52.920328+00:00,2026-07-09T11:03:52.920477,2,1,118.65,0.3,118.5,150,118.3,100,,,,,,,,,,,,,,,,,118.8,94,,,,,,,,,,,,,,,,,,
2026-07-09T11:03:52.974228+00:00,2026-07-09T11:03:52.974148,2,2,118.65,0.3,118.5,150,118.3,100,,,,,,,,,,,,,,,,,118.8,94,119.0,150,,,,,,,,,,,,,,,,
2026-07-09T11:03:53.799849+00:00,2026-07-09T11:03:53.799819,2,2,118.65,0.3,118.5,150,118.3,100,,,,,,,,,,,,,,,,,118.8,51,119.0,150,,,,,,,,,,,,,,,,
2026-07-09T11:03:54.770571+00:00,2026-07-09T11:03:54.770492,2,2,118.65,0.3,118.5,150,118.3,100,,,,,,,,,,,,,,,,,118.8,1,119.0,150,,,,,,,,,,,,,,,,
2026-07-09T11:03:55.028526+00:00,2026-07-09T11:03:55.028401,2,1,118.75,0.5,118.5,150,118.3,100,,,,,,,,,,,,,,,,,119.0,150,,,,,,,,,,,,,,,,,,
2026-07-09T11:03:55.033688+00:00,2026-07-09T11:03:55.033566,1,1,118.75,0.5,118.5,150,,,,,,,,,,,,,,,,,,,119.0,150,,,,,,,,,,,,,,,,,,
2026-07-09T11:03:55.086962+00:00,2026-07-09T11:03:55.086889,2,1,118.75,0.5,118.5,150,118.4,100,,,,,,,,,,,,,,,,,119.0,150,,,,,,,,,,,,,,,,,,
2026-07-09T11:03:55.139986+00:00,2026-07-09T11:03:55.140105,2,2,118.7,0.4,118.5,150,118.4,100,,,,,,,,,,,,,,,,,118.9,100,119.0,150,,,,,,,,,,,,,,,,
2026-07-09T11:03:55.617192+00:00,2026-07-09T11:03:55.617117,2,2,118.7,0.4,118.5,147,118.4,100,,,,,,,,,,,,,,,,,118.9,100,119.0,150,,,,,,,,,,,,,,,,
2026-07-09T11:03:56.032376+00:00,2026-07-09T11:03:56.032309,1,1,118.65,0.5,118.4,100,,,,,,,,,,,,,,,,,,,118.9,100,,,,,,,,,,,,,,,,,,
2026-07-09T11:03:56.087756+00:00,2026-07-09T11:03:56.087678,1,1,118.65,0.5,118.4,250,,,,,,,,,,,,,,,,,,,118.9,100,,,,,,,,,,,,,,,,,,
2026-07-09T11:03:56.140897+00:00,2026-07-09T11:03:56.140984,1,1,118.65,0.5,118.4,250,,,,,,,,,,,,,,,,,,,118.9,250,,,,,,,,,,,,,,,,,,
2026-07-09T11:03:57.632283+00:00,2026-07-09T11:03:57.632155,1,1,118.65,0.5,118.4,247,,,,,,,,,,,,,,,,,,,118.9,250,,,,,,,,,,,,,,,,,,
2026-07-09T11:03:58.189311+00:00,2026-07-09T11:03:58.189236,1,1,118.65,0.5,118.4,247,,,,,,,,,,,,,,,,,,,118.9,150,,,,,,,,,,,,,,,,,,
2026-07-09T11:03:58.194492+00:00,2026-07-09T11:03:58.194403,1,1,118.65,0.5,118.4,150,,,,,,,,,,,,,,,,,,,118.9,150,,,,,,,,,,,,,,,,,,
2026-07-09T11:03:58.258619+00:00,2026-07-09T11:03:58.256711,2,1,118.65,0.5,118.4,150,118.2,100,,,,,,,,,,,,,,,,,118.9,150,,,,,,,,,,,,,,,,,,
2026-07-09T11:03:58.305756+00:00,2026-07-09T11:03:58.305693,2,2,118.55,0.3,118.4,150,118.2,100,,,,,,,,,,,,,,,,,118.7,100,118.9,150,,,,,,,,,,,,,,,,
2026-07-09T11:03:58.977925+00:00,2026-07-09T11:03:58.978047,2,2,118.55,0.3,118.4,150,118.2,100,,,,,,,,,,,,,,,,,118.7,50,118.9,150,,,,,,,,,,,,,,,,
2026-07-09T11:03:59.195271+00:00,2026-07-09T11:03:59.195417,1,1,118.45,0.5,118.2,100,,,,,,,,,,,,,,,,,,,118.7,50,,,,,,,,,,,,,,,,,,
2026-07-09T11:03:59.257592+00:00,2026-07-09T11:03:59.257759,2,1,118.5,0.4,118.3,150,118.2,100,,,,,,,,,,,,,,,,,118.7,50,,,,,,,,,,,,,,,,,,
2026-07-09T11:03:59.305060+00:00,2026-07-09T11:03:59.304959,2,2,118.5,0.4,118.3,150,118.2,100,,,,,,,,,,,,,,,,,118.7,50,118.8,150,,,,,,,,,,,,,,,,
2026-07-09T11:04:00.426179+00:00,2026-07-09T11:04:00.426323,2,2,118.5,0.4,118.3,105,118.2,100,,,,,,,,,,,,,,,,,118.7,50,118.8,150,,,,,,,,,,,,,,,,
2026-07-09T11:04:01.047594+00:00,2026-07-09T11:04:01.047699,2,2,118.5,0.4,118.3,105,118.2,100,,,,,,,,,,,,,,,,,118.7,1,118.8,150,,,,,,,,,,,,,,,,
2026-07-09T11:04:01.089182+00:00,2026-07-09T11:04:01.089131,2,1,118.55,0.5,118.3,105,118.2,100,,,,,,,,,,,,,,,,,118.8,101,,,,,,,,,,,,,,,,,,
2026-07-09T11:04:01.358631+00:00,2026-07-09T11:04:01.356807,1,1,118.55,0.5,118.3,105,,,,,,,,,,,,,,,,,,,118.8,101,,,,,,,,,,,,,,,,,,
2026-07-09T11:04:01.411376+00:00,2026-07-09T11:04:01.411229,2,1,118.7,0.2,118.6,100,118.3,105,,,,,,,,,,,,,,,,,118.8,101,,,,,,,,,,,,,,,,,,
2026-07-09T11:04:01.458686+00:00,2026-07-09T11:04:01.457538,2,2,118.7,0.2,118.6,100,118.3,105,,,,,,,,,,,,,,,,,118.8,101,119.1,100,,,,,,,,,,,,,,,,
2026-07-09T11:04:01.646777+00:00,2026-07-09T11:04:01.646613,2,2,118.7,0.2,118.6,97,118.3,105,,,,,,,,,,,,,,,,,118.8,101,119.1,100,,,,,,,,,,,,,,,,
2026-07-09T11:04:02.358544+00:00,2026-07-09T11:04:02.356949,1,1,118.85,0.5,118.6,97,,,,,,,,,,,,,,,,,,,119.1,100,,,,,,,,,,,,,,,,,,
2026-07-09T11:04:02.415152+00:00,2026-07-09T11:04:02.415244,2,1,118.85,0.5,118.6,97,118.3,150,,,,,,,,,,,,,,,,,119.1,100,,,,,,,,,,,,,,,,,,
2026-07-09T11:04:02.469713+00:00,2026-07-09T11:04:02.469683,2,2,118.7,0.2,118.6,97,118.3,150,,,,,,,,,,,,,,,,,118.8,150,119.1,100,,,,,,,,,,,,,,,,
