recv_time,book_timestamp,n_bids,n_asks,mid,spread,bid_px_0,bid_vol_0,bid_px_1,bid_vol_1,bid_px_2,bid_vol_2,bid_px_3,bid_vol_3,bid_px_4,bid_vol_4,bid_px_5,bid_vol_5,bid_px_6,bid_vol_6,bid_px_7,bid_vol_7,bid_px_8,bid_vol_8,bid_px_9,bid_vol_9,ask_px_0,ask_vol_0,ask_px_1,ask_vol_1,ask_px_2,ask_vol_2,ask_px_3,ask_vol_3,ask_px_4,ask_vol_4,ask_px_5,ask_vol_5,ask_px_6,ask_vol_6,ask_px_7,ask_vol_7,ask_px_8,ask_vol_8,ask_px_9,ask_vol_9
2026-07-01T10:00:00.145686+00:00,2026-07-01T20:00:00.134686,1,1,81.95,0.5,81.7,211,,,,,,,,,,,,,,,,,,,82.2,250,,,,,,,,,,,,,,,,,,
2026-07-01T10:00:01.355633+00:00,2026-07-01T20:00:01.353634,2,1,82.0,0.4,81.8,10,81.7,211,,,,,,,,,,,,,,,,,82.2,250,,,,,,,,,,,,,,,,,,
2026-07-01T10:00:01.685633+00:00,2026-07-01T20:00:01.674633,1,1,81.95,0.5,81.7,175,,,,,,,,,,,,,,,,,,,82.2,250,,,,,,,,,,,,,,,,,,
2026-07-01T10:00:01.872642+00:00,2026-07-01T20:00:01.866643,1,1,81.95,0.5,81.7,100,,,,,,,,,,,,,,,,,,,82.2,100,,,,,,,,,,,,,,,,,,
2026-07-01T10:00:01.927634+00:00,2026-07-01T20:00:01.919633,2,1,81.95,0.5,81.7,100,81.5,150,,,,,,,,,,,,,,,,,82.2,100,,,,,,,,,,,,,,,,,,
2026-07-01T10:00:01.982634+00:00,2026-07-01T20:00:01.971633,2,2,81.85,0.3,81.7,100,81.5,150,,,,,,,,,,,,,,,,,82.0,150,82.2,100,,,,,,,,,,,,,,,,
2026-07-01T10:00:02.246635+00:00,2026-07-01T20:00:02.236633,2,2,81.85,0.3,81.7,50,81.5,150,,,,,,,,,,,,,,,,,82.0,150,82.2,100,,,,,,,,,,,,,,,,
2026-07-01T10:00:02.312635+00:00,2026-07-01T20:00:02.306635,2,3,81.85,0.3,81.7,50,81.5,150,,,,,,,,,,,,,,,,,82.0,150,82.1,6,82.2,100,,,,,,,,,,,,,,
2026-07-01T10:00:02.378152+00:00,2026-07-01T20:00:02.367152,2,3,81.85,0.3,81.7,50,81.5,150,,,,,,,,,,,,,,,,,82.0,160,82.1,6,82.2,100,,,,,,,,,,,,,,
2026-07-01T10:00:02.532152+00:00,2026-07-01T20:00:02.523152,1,2,81.75,0.5,81.5,150,,,,,,,,,,,,,,,,,,,82.0,160,82.1,6,,,,,,,,,,,,,,,,
2026-07-01T10:00:02.587167+00:00,2026-07-01T20:00:02.582152,2,2,81.75,0.5,81.5,150,81.4,100,,,,,,,,,,,,,,,,,82.0,160,82.1,6,,,,,,,,,,,,,,,,
2026-07-01T10:00:02.653152+00:00,2026-07-01T20:00:02.644152,2,3,81.7,0.4,81.5,150,81.4,100,,,,,,,,,,,,,,,,,81.9,100,82.0,160,82.1,6,,,,,,,,,,,,,,
2026-07-01T10:00:02.873152+00:00,2026-07-01T20:00:02.866152,3,3,81.85,0.1,81.8,1,81.5,150,81.4,100,,,,,,,,,,,,,,,81.9,100,82.0,160,82.1,5,,,,,,,,,,,,,,
2026-07-01T10:00:02.884152+00:00,2026-07-01T20:00:02.882152,3,3,81.85,0.1,81.8,1,81.5,150,81.4,100,,,,,,,,,,,,,,,81.9,110,82.0,150,82.1,5,,,,,,,,,,,,,,
2026-07-01T10:00:03.390165+00:00,2026-07-01T20:00:03.390165,3,3,81.85,0.1,81.8,1,81.5,150,81.4,100,,,,,,,,,,,,,,,81.9,110,82.0,150,82.1,5,,,,,,,,,,,,,,
2026-07-01T10:00:03.896165+00:00,2026-07-01T20:00:03.894165,3,3,81.85,0.1,81.8,1,81.5,150,81.4,100,,,,,,,,,,,,,,,81.9,100,82.0,150,82.1,5,,,,,,,,,,,,,,
2026-07-01T10:00:03.907165+00:00,2026-07-01T20:00:03.898165,3,3,81.85,0.1,81.8,11,81.5,150,81.4,100,,,,,,,,,,,,,,,81.9,100,82.0,150,82.1,5,,,,,,,,,,,,,,
2026-07-01T10:00:04.138165+00:00,2026-07-01T20:00:04.131165,3,3,81.85,0.1,81.8,10,81.5,150,81.4,100,,,,,,,,,,,,,,,81.9,100,82.0,150,82.1,5,,,,,,,,,,,,,,
2026-07-01T10:00:04.303165+00:00,2026-07-01T20:00:04.293165,3,3,81.85,0.1,81.8,10,81.5,150,81.4,100,,,,,,,,,,,,,,,81.9,50,82.0,150,82.1,5,,,,,,,,,,,,,,
2026-07-01T10:00:04.412680+00:00,2026-07-01T20:00:04.406680,3,3,81.75,0.3,81.6,10,81.5,150,81.4,100,,,,,,,,,,,,,,,81.9,50,82.0,150,82.1,5,,,,,,,,,,,,,,
2026-07-01T10:00:04.478680+00:00,2026-07-01T20:00:04.477680,3,3,81.75,0.3,81.6,10,81.5,150,81.4,100,,,,,,,,,,,,,,,81.9,9,82.0,150,82.1,5,,,,,,,,,,,,,,
2026-07-01T10:00:04.918681+00:00,2026-07-01T20:00:04.914680,3,3,81.75,0.3,81.6,10,81.5,150,81.4,100,,,,,,,,,,,,,,,81.9,9,82.0,150,82.1,5,,,,,,,,,,,,,,
2026-07-01T10:00:05.028680+00:00,2026-07-01T20:00:05.027681,2,2,81.75,0.3,81.6,10,81.4,100,,,,,,,,,,,,,,,,,81.9,9,82.1,5,,,,,,,,,,,,,,,,
2026-07-01T10:00:05.083680+00:00,2026-07-01T20:00:05.081680,3,2,81.75,0.3,81.6,10,81.5,150,81.4,100,,,,,,,,,,,,,,,81.9,9,82.1,5,,,,,,,,,,,,,,,,
2026-07-01T10:00:05.138680+00:00,2026-07-01T20:00:05.132680,3,3,81.75,0.3,81.6,10,81.5,150,81.4,100,,,,,,,,,,,,,,,81.9,9,82.0,150,82.1,5,,,,,,,,,,,,,,
2026-07-01T10:00:05.424689+00:00,2026-07-01T20:00:05.423689,3,3,81.75,0.3,81.6,10,81.5,150,81.4,100,,,,,,,,,,,,,,,81.9,9,82.0,150,82.1,5,,,,,,,,,,,,,,
2026-07-01T10:00:05.699680+00:00,2026-07-01T20:00:05.691680,2,2,81.8,0.4,81.6,10,81.5,150,,,,,,,,,,,,,,,,,82.0,150,82.1,5,,,,,,,,,,,,,,,,
2026-07-01T10:00:05.754680+00:00,2026-07-01T20:00:05.746680,2,2,81.8,0.4,81.6,10,81.5,150,,,,,,,,,,,,,,,,,82.0,50,82.1,5,,,,,,,,,,,,,,,,
2026-07-01T10:00:05.809680+00:00,2026-07-01T20:00:05.799681,2,3,81.8,0.4,81.6,10,81.5,150,,,,,,,,,,,,,,,,,82.0,50,82.1,5,82.5,100,,,,,,,,,,,,,,
2026-07-01T10:00:05.941680+00:00,2026-07-01T20:00:05.935680,2,3,81.85,0.3,81.7,10,81.5,150,,,,,,,,,,,,,,,,,82.0,50,82.1,5,82.5,100,,,,,,,,,,,,,,
2026-07-01T10:00:06.436226+00:00,2026-07-01T20:00:06.425421,2,2,81.9,0.4,81.7,10,81.5,150,,,,,,,,,,,,,,,,,82.1,5,82.5,100,,,,,,,,,,,,,,,,
2026-07-01T10:00:06.447225+00:00,2026-07-01T20:00:06.440226,1,2,81.8,0.6,81.5,150,,,,,,,,,,,,,,,,,,,82.1,5,82.5,100,,,,,,,,,,,,,,,,
2026-07-01T10:00:06.458226+00:00,2026-07-01T20:00:06.447225,2,2,81.85,0.5,81.6,10,81.5,150,,,,,,,,,,,,,,,,,82.1,5,82.5,100,,,,,,,,,,,,,,,,
2026-07-01T10:00:06.469226+00:00,2026-07-01T20:00:06.466227,1,2,81.8,0.6,81.5,116,,,,,,,,,,,,,,,,,,,82.1,5,82.5,100,,,,,,,,,,,,,,,,
2026-07-01T10:00:07.492237+00:00,2026-07-01T20:00:07.483238,1,1,82.0,1.0,81.5,116,,,,,,,,,,,,,,,,,,,82.5,59,,,,,,,,,,,,,,,,,,
2026-07-01T10:00:08.196237+00:00,2026-07-01T20:00:08.187237,0,1,,,,,,,,,,,,,,,,,,,,,,,82.5,59,,,,,,,,,,,,,,,,,,
2026-07-01T10:00:08.251237+00:00,2026-07-01T20:00:08.244237,1,1,82.25,0.5,82.0,150,,,,,,,,,,,,,,,,,,,82.5,59,,,,,,,,,,,,,,,,,,
2026-07-01T10:00:08.305275+00:00,2026-07-01T20:00:08.303276,1,1,82.25,0.5,82.0,150,,,,,,,,,,,,,,,,,,,82.5,209,,,,,,,,,,,,,,,,,,
2026-07-01T10:00:08.492275+00:00,2026-07-01T20:00:08.486276,1,2,82.2,0.4,82.0,150,,,,,,,,,,,,,,,,,,,82.4,10,82.5,209,,,,,,,,,,,,,,,,
2026-07-01T10:00:08.855276+00:00,2026-07-01T20:00:08.854276,1,2,82.2,0.4,82.0,150,,,,,,,,,,,,,,,,,,,82.4,10,82.5,150,,,,,,,,,,,,,,,,
2026-07-01T10:00:08.910275+00:00,2026-07-01T20:00:08.907276,2,2,82.2,0.4,82.0,150,81.6,100,,,,,,,,,,,,,,,,,82.4,10,82.5,150,,,,,,,,,,,,,,,,
2026-07-01T10:00:08.965276+00:00,2026-07-01T20:00:08.960276,2,3,82.05,0.1,82.0,150,81.6,100,,,,,,,,,,,,,,,,,82.1,100,82.4,10,82.5,150,,,,,,,,,,,,,,
2026-07-01T10:00:08.976276+00:00,2026-07-01T20:00:08.971275,2,3,82.05,0.1,82.0,150,81.6,100,,,,,,,,,,,,,,,,,82.1,107,82.4,10,82.5,150,,,,,,,,,,,,,,
2026-07-01T10:00:08.998276+00:00,2026-07-01T20:00:08.994276,2,2,82.05,0.1,82.0,150,81.6,100,,,,,,,,,,,,,,,,,82.1,107,82.5,150,,,,,,,,,,,,,,,,
2026-07-01T10:00:09.009275+00:00,2026-07-01T20:00:08.998528,2,2,82.05,0.1,82.0,150,81.6,100,,,,,,,,,,,,,,,,,82.1,117,82.5,150,,,,,,,,,,,,,,,,
2026-07-01T10:00:09.504275+00:00,2026-07-01T20:00:09.502275,2,2,82.05,0.1,82.0,150,81.6,100,,,,,,,,,,,,,,,,,82.1,107,82.5,150,,,,,,,,,,,,,,,,
2026-07-01T10:00:09.515276+00:00,2026-07-01T20:00:09.505275,2,2,82.05,0.1,82.0,150,81.6,100,,,,,,,,,,,,,,,,,82.1,117,82.5,150,,,,,,,,,,,,,,,,
2026-07-01T10:00:10.010275+00:00,2026-07-01T20:00:10.008276,2,2,82.05,0.1,82.0,150,81.6,100,,,,,,,,,,,,,,,,,82.1,107,82.5,150,,,,,,,,,,,,,,,,
2026-07-01T10:00:10.021276+00:00,2026-07-01T20:00:10.012276,2,2,82.05,0.1,82.0,150,81.6,100,,,,,,,,,,,,,,,,,82.1,117,82.5,150,,,,,,,,,,,,,,,,
2026-07-01T10:00:10.527276+00:00,2026-07-01T20:00:10.519275,2,2,82.05,0.1,82.0,150,81.6,100,,,,,,,,,,,,,,,,,82.1,117,82.5,150,,,,,,,,,,,,,,,,
2026-07-01T10:00:10.692276+00:00,2026-07-01T20:00:10.687276,2,2,82.05,0.1,82.0,100,81.6,100,,,,,,,,,,,,,,,,,82.1,117,82.5,150,,,,,,,,,,,,,,,,
2026-07-01T10:00:11.033276+00:00,2026-07-01T20:00:11.030276,2,2,82.05,0.1,82.0,100,81.6,100,,,,,,,,,,,,,,,,,82.1,107,82.5,150,,,,,,,,,,,,,,,,
2026-07-01T10:00:11.044276+00:00,2026-07-01T20:00:11.035276,2,2,82.05,0.1,82.0,100,81.6,100,,,,,,,,,,,,,,,,,82.1,117,82.5,150,,,,,,,,,,,,,,,,
2026-07-01T10:00:11.363276+00:00,2026-07-01T20:00:11.362276,1,1,81.85,0.5,81.6,100,,,,,,,,,,,,,,,,,,,82.1,117,,,,,,,,,,,,,,,,,,
2026-07-01T10:00:11.418276+00:00,2026-07-01T20:00:11.412276,2,1,81.85,0.5,81.6,100,81.5,150,,,,,,,,,,,,,,,,,82.1,117,,,,,,,,,,,,,,,,,,
2026-07-01T10:00:11.473276+00:00,2026-07-01T20:00:11.469276,2,2,81.8,0.4,81.6,100,81.5,150,,,,,,,,,,,,,,,,,82.0,150,82.1,117,,,,,,,,,,,,,,,,
2026-07-01T10:00:11.539275+00:00,2026-07-01T20:00:11.537276,2,2,81.8,0.4,81.6,100,81.5,150,,,,,,,,,,,,,,,,,82.0,150,82.1,107,,,,,,,,,,,,,,,,
2026-07-01T10:00:11.759275+00:00,2026-07-01T20:00:11.754276,2,2,81.8,0.4,81.6,58,81.5,150,,,,,,,,,,,,,,,,,82.0,150,82.1,107,,,,,,,,,,,,,,,,
2026-07-01T10:00:12.023277+00:00,2026-07-01T20:00:12.020276,1,2,81.75,0.5,81.5,150,,,,,,,,,,,,,,,,,,,82.0,150,82.1,7,,,,,,,,,,,,,,,,
2026-07-01T10:00:12.078275+00:00,2026-07-01T20:00:12.073275,2,2,81.75,0.5,81.5,150,81.4,100,,,,,,,,,,,,,,,,,82.0,150,82.1,7,,,,,,,,,,,,,,,,
2026-07-01T10:00:12.100276+00:00,2026-07-01T20:00:12.092275,2,2,81.75,0.5,81.5,150,81.4,100,,,,,,,,,,,,,,,,,82.0,150,82.1,6,,,,,,,,,,,,,,,,
2026-07-01T10:00:12.133275+00:00,2026-07-01T20:00:12.126276,2,3,81.7,0.4,81.5,150,81.4,100,,,,,,,,,,,,,,,,,81.9,100,82.0,150,82.1,6,,,,,,,,,,,,,,
2026-07-01T10:00:12.682791+00:00,2026-07-01T20:00:12.676791,2,3,81.7,0.4,81.5,150,81.4,100,,,,,,,,,,,,,,,,,81.9,53,82.0,150,82.1,6,,,,,,,,,,,,,,
2026-07-01T10:00:12.748791+00:00,2026-07-01T20:00:12.742791,2,3,81.7,0.4,81.5,150,81.4,100,,,,,,,,,,,,,,,,,81.9,3,82.0,150,82.1,6,,,,,,,,,,,,,,
2026-07-01T10:00:13.067791+00:00,2026-07-01T20:00:13.063791,2,4,81.65,0.3,81.5,150,81.4,100,,,,,,,,,,,,,,,,,81.8,10,81.9,3,82.0,150,82.1,6,,,,,,,,,,,,
2026-07-01T10:00:13.573351+00:00,2026-07-01T20:00:13.569351,2,3,81.7,0.4,81.5,150,81.4,100,,,,,,,,,,,,,,,,,81.9,3,82.0,150,82.1,6,,,,,,,,,,,,,,
2026-07-01T10:00:13.584351+00:00,2026-07-01T20:00:13.573351,2,4,81.65,0.3,81.5,150,81.4,100,,,,,,,,,,,,,,,,,81.8,10,81.9,3,82.0,150,82.1,6,,,,,,,,,,,,
2026-07-01T10:00:14.101342+00:00,2026-07-01T20:00:14.099342,2,3,81.7,0.4,81.5,150,81.4,100,,,,,,,,,,,,,,,,,81.9,3,82.0,150,82.1,6,,,,,,,,,,,,,,
2026-07-01T10:00:14.112343+00:00,2026-07-01T20:00:14.106343,2,4,81.65,0.3,81.5,150,81.4,100,,,,,,,,,,,,,,,,,81.8,10,81.9,3,82.0,150,82.1,6,,,,,,,,,,,,
2026-07-01T10:00:14.530342+00:00,2026-07-01T20:00:14.522342,1,3,81.6,0.4,81.4,100,,,,,,,,,,,,,,,,,,,81.8,10,81.9,3,82.1,6,,,,,,,,,,,,,,
2026-07-01T10:00:14.585342+00:00,2026-07-01T20:00:14.575343,2,3,81.7,0.2,81.6,150,81.4,100,,,,,,,,,,,,,,,,,81.8,10,81.9,3,82.1,6,,,,,,,,,,,,,,
2026-07-01T10:00:14.618343+00:00,2026-07-01T20:00:14.617342,2,2,81.75,0.3,81.6,160,81.4,100,,,,,,,,,,,,,,,,,81.9,13,82.1,6,,,,,,,,,,,,,,,,
2026-07-01T10:00:14.640342+00:00,2026-07-01T20:00:14.631342,2,2,81.75,0.3,81.6,160,81.4,100,,,,,,,,,,,,,,,,,81.9,13,82.1,156,,,,,,,,,,,,,,,,
2026-07-01T10:00:14.860351+00:00,2026-07-01T20:00:14.857343,2,1,81.85,0.5,81.6,160,81.4,100,,,,,,,,,,,,,,,,,82.1,119,,,,,,,,,,,,,,,,,,
2026-07-01T10:00:15.135342+00:00,2026-07-01T20:00:15.125342,2,1,81.85,0.5,81.6,150,81.4,100,,,,,,,,,,,,,,,,,82.1,119,,,,,,,,,,,,,,,,,,
2026-07-01T10:00:15.190342+00:00,2026-07-01T20:00:15.184343,1,1,81.85,0.5,81.6,150,,,,,,,,,,,,,,,,,,,82.1,125,,,,,,,,,,,,,,,,,,
2026-07-01T10:00:15.234351+00:00,2026-07-01T20:00:15.232351,2,1,81.95,0.3,81.8,100,81.6,150,,,,,,,,,,,,,,,,,82.1,125,,,,,,,,,,,,,,,,,,
2026-07-01T10:00:15.289351+00:00,2026-07-01T20:00:15.286351,2,2,81.95,0.3,81.8,100,81.6,150,,,,,,,,,,,,,,,,,82.1,125,82.3,100,,,,,,,,,,,,,,,,
2026-07-01T10:00:15.641342+00:00,2026-07-01T20:00:15.638342,2,2,81.95,0.3,81.8,100,81.6,150,,,,,,,,,,,,,,,,,82.1,135,82.3,100,,,,,,,,,,,,,,,,
2026-07-01T10:00:16.157905+00:00,2026-07-01T20:00:16.152905,2,2,81.95,0.3,81.8,100,81.6,150,,,,,,,,,,,,,,,,,82.1,135,82.3,100,,,,,,,,,,,,,,,,
2026-07-01T10:00:16.663650+00:00,2026-07-01T20:00:16.662650,2,2,81.95,0.3,81.8,100,81.6,150,,,,,,,,,,,,,,,,,82.1,135,82.3,100,,,,,,,,,,,,,,,,
2026-07-01T10:00:16.960651+00:00,2026-07-01T20:00:16.953652,2,2,81.95,0.3,81.8,52,81.6,150,,,,,,,,,,,,,,,,,82.1,135,82.3,100,,,,,,,,,,,,,,,,
2026-07-01T10:00:17.026652+00:00,2026-07-01T20:00:17.016653,2,2,81.95,0.3,81.8,2,81.6,150,,,,,,,,,,,,,,,,,82.1,135,82.3,100,,,,,,,,,,,,,,,,
2026-07-01T10:00:17.169652+00:00,2026-07-01T20:00:17.166651,2,2,81.95,0.3,81.8,2,81.6,150,,,,,,,,,,,,,,,,,82.1,125,82.3,100,,,,,,,,,,,,,,,,
2026-07-01T10:00:17.180652+00:00,2026-07-01T20:00:17.169950,2,2,81.95,0.3,81.8,2,81.6,150,,,,,,,,,,,,,,,,,82.1,135,82.3,100,,,,,,,,,,,,,,,,
2026-07-01T10:00:17.686651+00:00,2026-07-01T20:00:17.684651,2,2,81.95,0.3,81.8,2,81.6,150,,,,,,,,,,,,,,,,,82.1,6,82.3,100,,,,,,,,,,,,,,,,
2026-07-01T10:00:17.697653+00:00,2026-07-01T20:00:17.690653,1,2,81.95,0.3,81.8,2,,,,,,,,,,,,,,,,,,,82.1,16,82.3,100,,,,,,,,,,,,,,,,
2026-07-01T10:00:17.741652+00:00,2026-07-01T20:00:17.739651,2,2,81.95,0.3,81.8,2,81.6,150,,,,,,,,,,,,,,,,,82.1,16,82.3,100,,,,,,,,,,,,,,,,
2026-07-01T10:00:17.807651+00:00,2026-07-01T20:00:17.799652,2,2,81.95,0.3,81.8,2,81.6,150,,,,,,,,,,,,,,,,,82.1,166,82.3,100,,,,,,,,,,,,,,,,
2026-07-01T10:00:18.203651+00:00,2026-07-01T20:00:18.199651,2,2,81.95,0.3,81.8,2,81.6,150,,,,,,,,,,,,,,,,,82.1,166,82.3,100,,,,,,,,,,,,,,,,
2026-07-01T10:00:18.291651+00:00,2026-07-01T20:00:18.287651,2,2,81.95,0.3,81.8,2,81.6,150,,,,,,,,,,,,,,,,,82.1,163,82.3,100,,,,,,,,,,,,,,,,
2026-07-01T10:00:18.345638+00:00,2026-07-01T20:00:18.342637,1,1,81.85,0.5,81.6,150,,,,,,,,,,,,,,,,,,,82.1,163,,,,,,,,,,,,,,,,,,
2026-07-01T10:00:18.400637+00:00,2026-07-01T20:00:18.394637,2,1,81.85,0.5,81.6,150,81.3,100,,,,,,,,,,,,,,,,,82.1,163,,,,,,,,,,,,,,,,,,
2026-07-01T10:00:18.455637+00:00,2026-07-01T20:00:18.447638,2,2,81.7,0.2,81.6,150,81.3,100,,,,,,,,,,,,,,,,,81.8,100,82.1,163,,,,,,,,,,,,,,,,
2026-07-01T10:00:18.708637+00:00,2026-07-01T20:00:18.702638,2,2,81.7,0.2,81.6,150,81.3,100,,,,,,,,,,,,,,,,,81.8,100,82.1,153,,,,,,,,,,,,,,,,
2026-07-01T10:00:18.719638+00:00,2026-07-01T20:00:18.709639,2,2,81.7,0.2,81.6,150,81.3,100,,,,,,,,,,,,,,,,,81.8,110,82.1,153,,,,,,,,,,,,,,,,
2026-07-01T10:00:19.082638+00:00,2026-07-01T20:00:19.072637,2,2,81.7,0.2,81.6,150,81.3,100,,,,,,,,,,,,,,,,,81.8,60,82.1,153,,,,,,,,,,,,,,,,
2026-07-01T10:00:19.093638+00:00,2026-07-01T20:00:19.089638,2,2,81.7,0.2,81.6,150,81.3,100,,,,,,,,,,,,,,,,,81.8,12,82.1,153,,,,,,,,,,,,,,,,
2026-07-01T10:00:19.148638+00:00,2026-07-01T20:00:19.145637,2,2,81.7,0.2,81.6,109,81.3,100,,,,,,,,,,,,,,,,,81.8,12,82.1,153,,,,,,,,,,,,,,,,
2026-07-01T10:00:19.214637+00:00,2026-07-01T20:00:19.211638,2,2,81.7,0.2,81.6,109,81.3,100,,,,,,,,,,,,,,,,,81.8,2,82.1,153,,,,,,,,,,,,,,,,
2026-07-01T10:00:19.225637+00:00,2026-07-01T20:00:19.215638,2,2,81.7,0.2,81.6,109,81.3,100,,,,,,,,,,,,,,,,,81.8,12,82.1,153,,,,,,,,,,,,,,,,
2026-07-01T10:00:19.720637+00:00,2026-07-01T20:00:19.720637,2,2,81.7,0.2,81.6,109,81.3,100,,,,,,,,,,,,,,,,,81.8,2,82.1,153,,,,,,,,,,,,,,,,
2026-07-01T10:00:19.731637+00:00,2026-07-01T20:00:19.725638,2,2,81.7,0.2,81.6,109,81.3,100,,,,,,,,,,,,,,,,,81.8,12,82.1,153,,,,,,,,,,,,,,,,
2026-07-01T10:00:20.237637+00:00,2026-07-01T20:00:20.230637,2,2,81.7,0.2,81.6,109,81.3,100,,,,,,,,,,,,,,,,,81.8,2,82.1,153,,,,,,,,,,,,,,,,
2026-07-01T10:00:20.248637+00:00,2026-07-01T20:00:20.239637,2,2,81.7,0.2,81.6,109,81.3,100,,,,,,,,,,,,,,,,,81.8,12,82.1,153,,,,,,,,,,,,,,,,
2026-07-01T10:00:20.688637+00:00,2026-07-01T20:00:20.686638,2,1,81.85,0.5,81.6,109,81.3,100,,,,,,,,,,,,,,,,,82.1,153,,,,,,,,,,,,,,,,,,
2026-07-01T10:00:20.754638+00:00,2026-07-01T20:00:20.744638,2,2,81.8,0.4,81.6,109,81.3,100,,,,,,,,,,,,,,,,,82.0,10,82.1,153,,,,,,,,,,,,,,,,
2026-07-01T10:00:20.853638+00:00,2026-07-01T20:00:20.852637,2,2,81.8,0.4,81.6,109,81.3,100,,,,,,,,,,,,,,,,,82.0,10,82.1,3,,,,,,,,,,,,,,,,
2026-07-01T10:00:20.864637+00:00,2026-07-01T20:00:20.854638,1,2,81.65,0.7,81.3,100,,,,,,,,,,,,,,,,,,,82.0,10,82.1,3,,,,,,,,,,,,,,,,
2026-07-01T10:00:20.919646+00:00,2026-07-01T20:00:20.908646,1,2,81.65,0.7,81.3,250,,,,,,,,,,,,,,,,,,,82.0,10,82.1,3,,,,,,,,,,,,,,,,
2026-07-01T10:00:20.963637+00:00,2026-07-01T20:00:20.961637,1,3,81.55,0.5,81.3,250,,,,,,,,,,,,,,,,,,,81.8,150,82.0,10,82.1,3,,,,,,,,,,,,,,
2026-07-01T10:00:21.183637+00:00,2026-07-01T20:00:21.178638,1,3,81.55,0.5,81.3,250,,,,,,,,,,,,,,,,,,,81.8,100,82.0,10,82.1,3,,,,,,,,,,,,,,
2026-07-01T10:00:21.260637+00:00,2026-07-01T20:00:21.256637,1,2,81.55,0.5,81.3,250,,,,,,,,,,,,,,,,,,,81.8,100,82.1,3,,,,,,,,,,,,,,,,
2026-07-01T10:00:21.359637+00:00,2026-07-01T20:00:21.357637,1,2,81.55,0.5,81.3,250,,,,,,,,,,,,,,,,,,,81.8,54,82.1,3,,,,,,,,,,,,,,,,
2026-07-01T10:00:21.513638+00:00,2026-07-01T20:00:21.502823,1,2,81.55,0.5,81.3,150,,,,,,,,,,,,,,,,,,,81.8,54,82.1,3,,,,,,,,,,,,,,,,
2026-07-01T10:00:21.557637+00:00,2026-07-01T20:00:21.555637,2,2,81.65,0.3,81.5,100,81.3,150,,,,,,,,,,,,,,,,,81.8,54,82.1,3,,,,,,,,,,,,,,,,
2026-07-01T10:00:21.612637+00:00,2026-07-01T20:00:21.607637,2,3,81.65,0.3,81.5,100,81.3,150,,,,,,,,,,,,,,,,,81.8,54,82.0,100,82.1,3,,,,,,,,,,,,,,
2026-07-01T10:00:21.766638+00:00,2026-07-01T20:00:21.761637,3,3,81.7,0.2,81.6,10,81.5,100,81.3,150,,,,,,,,,,,,,,,81.8,54,82.0,100,82.1,3,,,,,,,,,,,,,,
2026-07-01T10:00:22.277637+00:00,2026-07-01T20:00:22.275637,3,3,81.7,0.2,81.6,10,81.5,100,81.3,150,,,,,,,,,,,,,,,81.8,54,82.0,100,82.1,3,,,,,,,,,,,,,,
2026-07-01T10:00:22.783515+00:00,2026-07-01T20:00:22.780515,3,3,81.7,0.2,81.6,10,81.5,100,81.3,150,,,,,,,,,,,,,,,81.8,54,82.0,100,82.1,3,,,,,,,,,,,,,,
2026-07-01T10:00:23.289514+00:00,2026-07-01T20:00:23.287516,3,3,81.7,0.2,81.6,10,81.5,100,81.3,150,,,,,,,,,,,,,,,81.8,4,82.0,100,82.1,3,,,,,,,,,,,,,,
2026-07-01T10:00:23.300614+00:00,2026-07-01T20:00:23.294615,3,3,81.7,0.2,81.6,10,81.5,100,81.3,150,,,,,,,,,,,,,,,81.8,4,82.0,100,82.1,3,,,,,,,,,,,,,,
2026-07-01T10:00:23.806614+00:00,2026-07-01T20:00:23.801614,3,3,81.7,0.2,81.6,10,81.5,100,81.3,150,,,,,,,,,,,,,,,81.8,4,82.0,100,82.1,3,,,,,,,,,,,,,,
2026-07-01T10:00:24.026613+00:00,2026-07-01T20:00:24.019613,2,2,81.8,0.4,81.6,10,81.5,100,,,,,,,,,,,,,,,,,82.0,100,82.1,3,,,,,,,,,,,,,,,,
2026-07-01T10:00:24.081613+00:00,2026-07-01T20:00:24.080613,3,0,,,82.1,47,81.6,10,81.5,100,,,,,,,,,,,,,,,,,,,,,,,,,,,,,,,,,,
2026-07-01T10:00:24.136613+00:00,2026-07-01T20:00:24.130613,3,1,82.35,0.5,82.1,47,81.6,10,81.5,100,,,,,,,,,,,,,,,82.6,150,,,,,,,,,,,,,,,,,,
2026-07-01T10:00:24.312613+00:00,2026-07-01T20:00:24.308613,2,1,82.35,0.5,82.1,47,81.5,100,,,,,,,,,,,,,,,,,82.6,150,,,,,,,,,,,,,,,,,,
2026-07-01T10:00:24.323612+00:00,2026-07-01T20:00:24.313614,2,2,82.3,0.4,82.1,47,81.5,100,,,,,,,,,,,,,,,,,82.5,10,82.6,150,,,,,,,,,,,,,,,,
2026-07-01T10:00:24.378613+00:00,2026-07-01T20:00:24.374613,2,2,82.3,0.4,82.1,43,81.5,100,,,,,,,,,,,,,,,,,82.5,10,82.6,150,,,,,,,,,,,,,,,,
2026-07-01T10:00:24.422613+00:00,2026-07-01T20:00:24.417613,3,2,82.3,0.4,82.1,43,81.7,2,81.5,100,,,,,,,,,,,,,,,82.5,10,82.6,150,,,,,,,,,,,,,,,,
2026-07-01T10:00:24.664613+00:00,2026-07-01T20:00:24.662613,2,2,82.3,0.4,82.1,43,81.7,2,,,,,,,,,,,,,,,,,82.5,10,82.6,150,,,,,,,,,,,,,,,,
2026-07-01T10:00:24.719613+00:00,2026-07-01T20:00:24.716612,3,2,82.3,0.4,82.1,43,82.0,100,81.7,2,,,,,,,,,,,,,,,82.5,10,82.6,150,,,,,,,,,,,,,,,,
2026-07-01T10:00:24.774613+00:00,2026-07-01T20:00:24.770613,3,2,82.3,0.4,82.1,43,82.0,100,81.7,2,,,,,,,,,,,,,,,82.5,110,82.6,150,,,,,,,,,,,,,,,,
2026-07-01T10:00:24.829612+00:00,2026-07-01T20:00:24.821613,3,3,82.25,0.3,82.1,43,82.0,100,81.7,2,,,,,,,,,,,,,,,82.4,10,82.5,100,82.6,150,,,,,,,,,,,,,,
2026-07-01T10:00:25.247612+00:00,2026-07-01T20:00:25.237613,2,3,82.2,0.4,82.0,99,81.7,2,,,,,,,,,,,,,,,,,82.4,10,82.5,100,82.6,150,,,,,,,,,,,,,,
2026-07-01T10:00:25.335613+00:00,2026-07-01T20:00:25.328613,2,3,82.2,0.4,82.0,99,81.7,2,,,,,,,,,,,,,,,,,82.4,10,82.5,100,82.6,150,,,,,,,,,,,,,,
2026-07-01T10:00:25.401613+00:00,2026-07-01T20:00:25.399613,2,2,82.25,0.5,82.0,99,81.7,2,,,,,,,,,,,,,,,,,82.5,60,82.6,150,,,,,,,,,,,,,,,,
2026-07-01T10:00:25.841613+00:00,2026-07-01T20:00:25.835613,2,3,82.2,0.4,82.0,99,81.7,2,,,,,,,,,,,,,,,,,82.4,10,82.5,60,82.6,150,,,,,,,,,,,,,,
2026-07-01T10:00:26.358625+00:00,2026-07-01T20:00:26.357624,2,3,82.05,0.1,82.0,99,81.7,2,,,,,,,,,,,,,,,,,82.1,2,82.5,60,82.6,150,,,,,,,,,,,,,,
2026-07-01T10:00:26.369624+00:00,2026-07-01T20:00:26.360625,2,3,82.05,0.1,82.0,99,81.7,2,,,,,,,,,,,,,,,,,82.1,12,82.5,60,82.6,150,,,,,,,,,,,,,,
2026-07-01T10:00:26.886140+00:00,2026-07-01T20:00:26.880140,2,3,82.05,0.1,82.0,99,81.7,2,,,,,,,,,,,,,,,,,82.1,12,82.5,60,82.6,150,,,,,,,,,,,,,,
2026-07-01T10:00:27.194140+00:00,2026-07-01T20:00:27.186140,2,2,82.05,0.1,82.0,99,81.7,2,,,,,,,,,,,,,,,,,82.1,12,82.5,60,,,,,,,,,,,,,,,,
2026-07-01T10:00:27.249140+00:00,2026-07-01T20:00:27.238140,3,2,82.05,0.1,82.0,99,81.7,2,81.4,150,,,,,,,,,,,,,,,82.1,12,82.5,60,,,,,,,,,,,,,,,,
2026-07-01T10:00:27.304140+00:00,2026-07-01T20:00:27.294141,2,3,81.8,0.2,81.7,2,81.4,150,,,,,,,,,,,,,,,,,81.9,51,82.1,12,82.5,60,,,,,,,,,,,,,,
2026-07-01T10:00:27.392141+00:00,2026-07-01T20:00:27.391140,2,3,81.8,0.2,81.7,2,81.4,150,,,,,,,,,,,,,,,,,81.9,51,82.1,2,82.5,60,,,,,,,,,,,,,,
2026-07-01T10:00:27.403140+00:00,2026-07-01T20:00:27.399140,2,3,81.8,0.2,81.7,12,81.4,150,,,,,,,,,,,,,,,,,81.9,51,82.1,2,82.5,60,,,,,,,,,,,,,,
2026-07-01T10:00:27.513140+00:00,2026-07-01T20:00:27.508140,2,3,81.8,0.2,81.7,12,81.4,150,,,,,,,,,,,,,,,,,81.9,1,82.1,2,82.5,60,,,,,,,,,,,,,,
2026-07-01T10:00:27.832140+00:00,2026-07-01T20:00:27.825140,2,2,81.8,0.2,81.7,12,81.4,150,,,,,,,,,,,,,,,,,81.9,1,82.1,2,,,,,,,,,,,,,,,,
2026-07-01T10:00:27.887140+00:00,2026-07-01T20:00:27.879141,3,1,82.0,0.2,81.9,99,81.7,12,81.4,150,,,,,,,,,,,,,,,82.1,2,,,,,,,,,,,,,,,,,,
2026-07-01T10:00:27.909140+00:00,2026-07-01T20:00:27.908140,3,1,82.0,0.2,81.9,109,81.7,2,81.4,150,,,,,,,,,,,,,,,82.1,2,,,,,,,,,,,,,,,,,,
2026-07-01T10:00:27.920141+00:00,2026-07-01T20:00:27.911140,3,1,82.0,0.2,81.9,109,81.7,2,81.4,150,,,,,,,,,,,,,,,82.1,12,,,,,,,,,,,,,,,,,,
2026-07-01T10:00:27.942140+00:00,2026-07-01T20:00:27.932141,3,2,82.0,0.2,81.9,109,81.7,2,81.4,150,,,,,,,,,,,,,,,82.1,12,82.4,100,,,,,,,,,,,,,,,,
2026-07-01T10:00:28.151149+00:00,2026-07-01T20:00:28.149149,3,2,82.0,0.2,81.9,109,81.7,2,81.4,150,,,,,,,,,,,,,,,82.1,11,82.4,100,,,,,,,,,,,,,,,,
2026-07-01T10:00:28.424852+00:00,2026-07-01T20:00:28.423851,3,2,82.0,0.2,81.9,109,81.7,2,81.4,150,,,,,,,,,,,,,,,82.1,11,82.4,100,,,,,,,,,,,,,,,,
2026-07-01T10:00:28.941370+00:00,2026-07-01T20:00:28.935371,3,2,82.0,0.2,81.9,109,81.7,2,81.4,150,,,,,,,,,,,,,,,82.1,1,82.4,100,,,,,,,,,,,,,,,,
2026-07-01T10:00:29.447370+00:00,2026-07-01T20:00:29.442370,3,2,82.0,0.2,81.9,109,81.7,2,81.4,150,,,,,,,,,,,,,,,82.1,1,82.4,100,,,,,,,,,,,,,,,,
2026-07-01T10:00:29.623370+00:00,2026-07-01T20:00:29.618369,3,1,82.15,0.5,81.9,109,81.7,2,81.4,150,,,,,,,,,,,,,,,82.4,51,,,,,,,,,,,,,,,,,,
2026-07-01T10:00:29.667371+00:00,2026-07-01T20:00:29.666370,2,1,82.15,0.5,81.9,109,81.4,150,,,,,,,,,,,,,,,,,82.4,51,,,,,,,,,,,,,,,,,,
2026-07-01T10:00:29.953370+00:00,2026-07-01T20:00:29.946369,2,1,82.15,0.5,81.9,99,81.4,150,,,,,,,,,,,,,,,,,82.4,51,,,,,,,,,,,,,,,,,,
2026-07-01T10:00:29.964369+00:00,2026-07-01T20:00:29.953370,2,2,82.1,0.4,81.9,99,81.4,150,,,,,,,,,,,,,,,,,82.3,10,82.4,51,,,,,,,,,,,,,,,,
2026-07-01T10:00:30.360368+00:00,2026-07-01T20:00:30.351368,1,3,82.05,0.3,81.9,99,,,,,,,,,,,,,,,,,,,82.2,5,82.3,10,82.4,51,,,,,,,,,,,,,,
2026-07-01T10:00:30.404369+00:00,2026-07-01T20:00:30.403369,2,3,82.15,0.1,82.1,150,81.9,99,,,,,,,,,,,,,,,,,82.2,5,82.3,10,82.4,51,,,,,,,,,,,,,,
2026-07-01T10:00:30.459369+00:00,2026-07-01T20:00:30.458368,2,3,82.15,0.1,82.1,150,81.9,99,,,,,,,,,,,,,,,,,82.2,15,82.4,51,82.6,150,,,,,,,,,,,,,,
2026-07-01T10:00:30.965369+00:00,2026-07-01T20:00:30.962370,2,3,82.15,0.1,82.1,150,81.9,99,,,,,,,,,,,,,,,,,82.2,5,82.4,51,82.6,150,,,,,,,,,,,,,,
2026-07-01T10:00:30.976369+00:00,2026-07-01T20:00:30.966370,2,3,82.15,0.1,82.1,150,81.9,99,,,,,,,,,,,,,,,,,82.2,15,82.4,51,82.6,150,,,,,,,,,,,,,,
2026-07-01T10:00:31.009369+00:00,2026-07-01T20:00:31.006368,1,2,82.15,0.1,82.1,150,,,,,,,,,,,,,,,,,,,82.2,15,82.6,150,,,,,,,,,,,,,,,,
2026-07-01T10:00:31.064369+00:00,2026-07-01T20:00:31.059368,1,2,82.15,0.1,82.1,250,,,,,,,,,,,,,,,,,,,82.2,15,82.6,150,,,,,,,,,,,,,,,,
2026-07-01T10:00:31.141368+00:00,2026-07-01T20:00:31.131369,1,2,82.15,0.1,82.1,250,,,,,,,,,,,,,,,,,,,82.2,15,82.6,250,,,,,,,,,,,,,,,,
2026-07-01T10:00:31.372368+00:00,2026-07-01T20:00:31.369368,2,2,82.15,0.1,82.1,250,81.9,1,,,,,,,,,,,,,,,,,82.2,15,82.6,250,,,,,,,,,,,,,,,,
2026-07-01T10:00:31.471369+00:00,2026-07-01T20:00:31.470368,2,2,82.15,0.1,82.1,250,81.9,1,,,,,,,,,,,,,,,,,82.2,5,82.6,250,,,,,,,,,,,,,,,,
2026-07-01T10:00:31.482369+00:00,2026-07-01T20:00:31.479368,2,2,82.15,0.1,82.1,250,81.9,1,,,,,,,,,,,,,,,,,82.2,15,82.6,250,,,,,,,,,,,,,,,,
2026-07-01T10:00:31.988368+00:00,2026-07-01T20:00:31.986368,2,2,82.15,0.1,82.1,260,81.9,1,,,,,,,,,,,,,,,,,82.2,5,82.6,250,,,,,,,,,,,,,,,,
2026-07-01T10:00:31.999368+00:00,2026-07-01T20:00:31.989369,2,2,82.15,0.1,82.1,260,81.9,1,,,,,,,,,,,,,,,,,82.2,15,82.6,250,,,,,,,,,,,,,,,,
2026-07-01T10:00:32.087368+00:00,2026-07-01T20:00:32.081369,2,1,82.35,0.5,82.1,260,81.9,1,,,,,,,,,,,,,,,,,82.6,250,,,,,,,,,,,,,,,,,,
2026-07-01T10:00:32.494369+00:00,2026-07-01T20:00:32.493369,2,1,82.35,0.5,82.1,250,81.9,1,,,,,,,,,,,,,,,,,82.6,250,,,,,,,,,,,,,,,,,,
2026-07-01T10:00:32.505369+00:00,2026-07-01T20:00:32.499368,2,2,82.3,0.4,82.1,250,81.9,1,,,,,,,,,,,,,,,,,82.5,10,82.6,250,,,,,,,,,,,,,,,,
2026-07-01T10:00:33.011369+00:00,2026-07-01T20:00:33.009368,2,1,82.35,0.5,82.1,250,81.9,1,,,,,,,,,,,,,,,,,82.6,250,,,,,,,,,,,,,,,,,,
2026-07-01T10:00:33.022369+00:00,2026-07-01T20:00:33.011369,2,2,82.3,0.4,82.1,250,81.9,1,,,,,,,,,,,,,,,,,82.5,10,82.6,250,,,,,,,,,,,,,,,,
2026-07-01T10:00:33.516923+00:00,2026-07-01T20:00:33.515923,1,2,82.3,0.4,82.1,250,,,,,,,,,,,,,,,,,,,82.5,10,82.6,250,,,,,,,,,,,,,,,,
2026-07-01T10:00:33.549923+00:00,2026-07-01T20:00:33.548923,1,1,82.35,0.5,82.1,100,,,,,,,,,,,,,,,,,,,82.6,100,,,,,,,,,,,,,,,,,,
2026-07-01T10:00:33.560923+00:00,2026-07-01T20:00:33.555923,1,2,82.25,0.3,82.1,100,,,,,,,,,,,,,,,,,,,82.4,10,82.6,100,,,,,,,,,,,,,,,,
2026-07-01T10:00:33.604923+00:00,2026-07-01T20:00:33.599923,2,2,82.3,0.2,82.2,150,82.1,100,,,,,,,,,,,,,,,,,82.4,10,82.6,100,,,,,,,,,,,,,,,,
2026-07-01T10:00:33.659923+00:00,2026-07-01T20:00:33.652924,2,3,82.3,0.2,82.2,150,82.1,100,,,,,,,,,,,,,,,,,82.4,10,82.6,100,82.7,150,,,,,,,,,,,,,,
2026-07-01T10:00:34.066936+00:00,2026-07-01T20:00:34.058935,2,2,82.4,0.4,82.2,150,82.1,100,,,,,,,,,,,,,,,,,82.6,100,82.7,150,,,,,,,,,,,,,,,,
2026-07-01T10:00:34.077936+00:00,2026-07-01T20:00:34.073935,3,2,82.45,0.3,82.3,10,82.2,150,82.1,100,,,,,,,,,,,,,,,82.6,100,82.7,150,,,,,,,,,,,,,,,,
2026-07-01T10:00:34.132936+00:00,2026-07-01T20:00:34.125936,2,2,82.4,0.4,82.2,116,82.1,100,,,,,,,,,,,,,,,,,82.6,100,82.7,150,,,,,,,,,,,,,,,,
2026-07-01T10:00:34.187936+00:00,2026-07-01T20:00:34.186936,1,1,82.45,0.5,82.2,116,,,,,,,,,,,,,,,,,,,82.7,150,,,,,,,,,,,,,,,,,,
2026-07-01T10:00:34.242936+00:00,2026-07-01T20:00:34.239936,2,1,82.55,0.3,82.4,100,82.2,116,,,,,,,,,,,,,,,,,82.7,150,,,,,,,,,,,,,,,,,,
2026-07-01T10:00:34.297935+00:00,2026-07-01T20:00:34.292935,2,2,82.55,0.3,82.4,100,82.2,116,,,,,,,,,,,,,,,,,82.7,150,82.9,100,,,,,,,,,,,,,,,,
2026-07-01T10:00:34.583936+00:00,2026-07-01T20:00:34.579935,2,2,82.55,0.3,82.4,100,82.2,116,,,,,,,,,,,,,,,,,82.7,160,82.9,100,,,,,,,,,,,,,,,,
2026-07-01T10:00:35.100936+00:00,2026-07-01T20:00:35.094935,2,2,82.55,0.3,82.4,100,82.2,116,,,,,,,,,,,,,,,,,82.7,160,82.9,100,,,,,,,,,,,,,,,,
2026-07-01T10:00:35.606936+00:00,2026-07-01T20:00:35.601936,2,2,82.55,0.3,82.4,100,82.2,116,,,,,,,,,,,,,,,,,82.7,160,82.9,100,,,,,,,,,,,,,,,,
2026-07-01T10:00:35.991936+00:00,2026-07-01T20:00:35.984936,2,2,82.55,0.3,82.4,50,82.2,116,,,,,,,,,,,,,,,,,82.7,160,82.9,100,,,,,,,,,,,,,,,,
2026-07-01T10:00:36.112936+00:00,2026-07-01T20:00:36.105936,2,2,82.55,0.3,82.4,50,82.2,116,,,,,,,,,,,,,,,,,82.7,150,82.9,100,,,,,,,,,,,,,,,,
2026-07-01T10:00:36.123936+00:00,2026-07-01T20:00:36.114936,2,2,82.55,0.3,82.4,50,82.2,116,,,,,,,,,,,,,,,,,82.7,160,82.9,100,,,,,,,,,,,,,,,,
2026-07-01T10:00:36.233935+00:00,2026-07-01T20:00:36.229936,2,2,82.55,0.3,82.4,1,82.2,116,,,,,,,,,,,,,,,,,82.7,160,82.9,100,,,,,,,,,,,,,,,,
2026-07-01T10:00:36.618936+00:00,2026-07-01T20:00:36.617936,2,2,82.55,0.3,82.4,1,82.2,116,,,,,,,,,,,,,,,,,82.7,160,82.9,100,,,,,,,,,,,,,,,,
2026-07-01T10:00:36.717936+00:00,2026-07-01T20:00:36.709936,1,2,82.55,0.3,82.4,1,,,,,,,,,,,,,,,,,,,82.7,10,82.9,100,,,,,,,,,,,,,,,,
2026-07-01T10:00:36.772936+00:00,2026-07-01T20:00:36.762166,2,2,82.55,0.3,82.4,1,82.1,150,,,,,,,,,,,,,,,,,82.7,10,82.9,100,,,,,,,,,,,,,,,,
2026-07-01T10:00:36.816936+00:00,2026-07-01T20:00:36.814936,2,3,82.5,0.2,82.4,1,82.1,150,,,,,,,,,,,,,,,,,82.6,150,82.7,10,82.9,100,,,,,,,,,,,,,,
2026-07-01T10:00:37.124936+00:00,2026-07-01T20:00:37.123936,2,2,82.5,0.2,82.4,1,82.1,150,,,,,,,,,,,,,,,,,82.6,160,82.9,100,,,,,,,,,,,,,,,,
2026-07-01T10:00:37.256936+00:00,2026-07-01T20:00:37.249936,1,2,82.35,0.5,82.1,150,,,,,,,,,,,,,,,,,,,82.6,160,82.9,100,,,,,,,,,,,,,,,,
2026-07-01T10:00:37.355936+00:00,2026-07-01T20:00:37.345936,1,1,82.35,0.5,82.1,150,,,,,,,,,,,,,,,,,,,82.6,160,,,,,,,,,,,,,,,,,,
2026-07-01T10:00:37.410935+00:00,2026-07-01T20:00:37.407936,2,1,82.35,0.5,82.1,150,81.8,100,,,,,,,,,,,,,,,,,82.6,160,,,,,,,,,,,,,,,,,,
2026-07-01T10:00:37.454936+00:00,2026-07-01T20:00:37.453935,2,2,82.2,0.2,82.1,150,81.8,100,,,,,,,,,,,,,,,,,82.3,100,82.6,160,,,,,,,,,,,,,,,,
2026-07-01T10:00:37.663937+00:00,2026-07-01T20:00:37.658936,2,2,82.2,0.2,82.1,150,81.8,100,,,,,,,,,,,,,,,,,82.3,100,82.6,150,,,,,,,,,,,,,,,,
2026-07-01T10:00:37.696937+00:00,2026-07-01T20:00:37.689936,2,2,82.2,0.2,82.1,150,81.8,100,,,,,,,,,,,,,,,,,82.3,110,82.6,150,,,,,,,,,,,,,,,,
2026-07-01T10:00:38.103457+00:00,2026-07-01T20:00:38.098456,2,2,82.2,0.2,82.1,100,81.8,100,,,,,,,,,,,,,,,,,82.3,110,82.6,150,,,,,,,,,,,,,,,,
2026-07-01T10:00:38.202457+00:00,2026-07-01T20:00:38.197456,2,2,82.2,0.2,82.1,110,81.8,100,,,,,,,,,,,,,,,,,82.3,100,82.6,150,,,,,,,,,,,,,,,,
2026-07-01T10:00:38.707504+00:00,2026-07-01T20:00:38.701505,2,2,82.2,0.2,82.1,100,81.8,100,,,,,,,,,,,,,,,,,82.3,100,82.6,150,,,,,,,,,,,,,,,,
2026-07-01T10:00:38.718505+00:00,2026-07-01T20:00:38.708505,2,2,82.2,0.2,82.1,110,81.8,100,,,,,,,,,,,,,,,,,82.3,100,82.6,150,,,,,,,,,,,,,,,,
2026-07-01T10:00:39.224505+00:00,2026-07-01T20:00:39.218504,2,2,82.2,0.2,82.1,110,81.8,100,,,,,,,,,,,,,,,,,82.3,100,82.6,150,,,,,,,,,,,,,,,,
2026-07-01T10:00:39.730514+00:00,2026-07-01T20:00:39.727514,2,2,82.2,0.2,82.1,110,81.8,100,,,,,,,,,,,,,,,,,82.3,100,82.6,150,,,,,,,,,,,,,,,,
2026-07-01T10:00:39.873514+00:00,2026-07-01T20:00:39.872514,2,1,82.2,0.2,82.1,10,81.8,100,,,,,,,,,,,,,,,,,82.3,100,,,,,,,,,,,,,,,,,,
2026-07-01T10:00:39.928514+00:00,2026-07-01T20:00:39.926514,3,1,82.2,0.2,82.1,10,82.0,150,81.8,100,,,,,,,,,,,,,,,82.3,100,,,,,,,,,,,,,,,,,,
2026-07-01T10:00:39.983038+00:00,2026-07-01T20:00:39.980038,3,2,82.2,0.2,82.1,10,82.0,150,81.8,100,,,,,,,,,,,,,,,82.3,100,82.5,150,,,,,,,,,,,,,,,,
2026-07-01T10:00:40.203039+00:00,2026-07-01T20:00:40.200038,2,2,82.15,0.3,82.0,110,81.8,100,,,,,,,,,,,,,,,,,82.3,100,82.5,150,,,,,,,,,,,,,,,,
2026-07-01T10:00:40.236039+00:00,2026-07-01T20:00:40.232038,2,3,82.1,0.2,82.0,110,81.8,100,,,,,,,,,,,,,,,,,82.2,10,82.3,100,82.5,150,,,,,,,,,,,,,,
2026-07-01T10:00:40.511038+00:00,2026-07-01T20:00:40.510038,2,2,82.1,0.2,82.0,110,81.8,100,,,,,,,,,,,,,,,,,82.2,10,82.5,150,,,,,,,,,,,,,,,,
2026-07-01T10:00:40.522038+00:00,2026-07-01T20:00:40.512039,1,2,82.1,0.2,82.0,110,,,,,,,,,,,,,,,,,,,82.2,10,82.5,150,,,,,,,,,,,,,,,,
2026-07-01T10:00:40.566039+00:00,2026-07-01T20:00:40.564038,1,2,82.1,0.2,82.0,210,,,,,,,,,,,,,,,,,,,82.2,10,82.5,150,,,,,,,,,,,,,,,,
2026-07-01T10:00:40.621039+00:00,2026-07-01T20:00:40.620038,1,2,82.1,0.2,82.0,210,,,,,,,,,,,,,,,,,,,82.2,10,82.5,250,,,,,,,,,,,,,,,,
2026-07-01T10:00:40.753038+00:00,2026-07-01T20:00:40.749039,2,2,82.25,0.3,82.1,10,82.0,210,,,,,,,,,,,,,,,,,82.4,10,82.5,250,,,,,,,,,,,,,,,,
2026-07-01T10:00:41.259038+00:00,2026-07-01T20:00:41.257038,1,1,82.25,0.5,82.0,210,,,,,,,,,,,,,,,,,,,82.5,250,,,,,,,,,,,,,,,,,,
2026-07-01T10:00:41.270039+00:00,2026-07-01T20:00:41.259038,1,2,82.2,0.4,82.0,210,,,,,,,,,,,,,,,,,,,82.4,10,82.5,250,,,,,,,,,,,,,,,,
2026-07-01T10:00:41.765038+00:00,2026-07-01T20:00:41.763039,1,1,82.25,0.5,82.0,210,,,,,,,,,,,,,,,,,,,82.5,250,,,,,,,,,,,,,,,,,,
2026-07-01T10:00:41.776038+00:00,2026-07-01T20:00:41.767038,1,2,82.2,0.4,82.0,210,,,,,,,,,,,,,,,,,,,82.4,10,82.5,250,,,,,,,,,,,,,,,,
2026-07-01T10:00:42.249039+00:00,2026-07-01T20:00:42.248038,1,1,82.25,0.5,82.0,210,,,,,,,,,,,,,,,,,,,82.5,215,,,,,,,,,,,,,,,,,,
2026-07-01T10:00:42.282039+00:00,2026-07-01T20:00:42.272038,1,2,82.2,0.4,82.0,210,,,,,,,,,,,,,,,,,,,82.4,10,82.5,215,,,,,,,,,,,,,,,,
2026-07-01T10:00:42.326047+00:00,2026-07-01T20:00:42.316048,1,2,82.2,0.4,82.0,160,,,,,,,,,,,,,,,,,,,82.4,10,82.5,215,,,,,,,,,,,,,,,,
2026-07-01T10:00:42.788039+00:00,2026-07-01T20:00:42.784039,1,2,82.2,0.4,82.0,160,,,,,,,,,,,,,,,,,,,82.4,10,82.5,215,,,,,,,,,,,,,,,,
2026-07-01T10:00:43.041053+00:00,2026-07-01T20:00:43.036052,1,2,82.2,0.4,82.0,100,,,,,,,,,,,,,,,,,,,82.4,10,82.5,100,,,,,,,,,,,,,,,,
2026-07-01T10:00:43.118053+00:00,2026-07-01T20:00:43.114053,2,2,82.2,0.4,82.0,100,81.7,150,,,,,,,,,,,,,,,,,82.4,10,82.5,100,,,,,,,,,,,,,,,,
2026-07-01T10:00:43.173053+00:00,2026-07-01T20:00:43.172053,2,3,82.1,0.2,82.0,100,81.7,150,,,,,,,,,,,,,,,,,82.2,150,82.4,10,82.5,100,,,,,,,,,,,,,,
2026-07-01T10:00:43.294053+00:00,2026-07-01T20:00:43.292053,2,2,82.1,0.2,82.0,110,81.7,150,,,,,,,,,,,,,,,,,82.2,150,82.5,100,,,,,,,,,,,,,,,,
2026-07-01T10:00:43.305053+00:00,2026-07-01T20:00:43.296053,2,2,82.1,0.2,82.0,110,81.7,150,,,,,,,,,,,,,,,,,82.2,160,82.5,100,,,,,,,,,,,,,,,,
2026-07-01T10:00:43.679053+00:00,2026-07-01T20:00:43.677053,2,1,82.1,0.2,82.0,110,81.7,150,,,,,,,,,,,,,,,,,82.2,160,,,,,,,,,,,,,,,,,,
2026-07-01T10:00:43.690053+00:00,2026-07-01T20:00:43.679053,2,1,82.1,0.2,82.0,10,81.7,150,,,,,,,,,,,,,,,,,82.2,160,,,,,,,,,,,,,,,,,,
2026-07-01T10:00:43.734053+00:00,2026-07-01T20:00:43.730054,3,1,82.1,0.2,82.0,10,81.9,100,81.7,150,,,,,,,,,,,,,,,82.2,160,,,,,,,,,,,,,,,,,,
2026-07-01T10:00:43.800054+00:00,2026-07-01T20:00:43.799054,3,2,82.1,0.2,82.0,10,81.9,100,81.7,150,,,,,,,,,,,,,,,82.2,160,82.4,100,,,,,,,,,,,,,,,,
2026-07-01T10:00:43.811054+00:00,2026-07-01T20:00:43.806054,2,2,82.05,0.3,81.9,110,81.7,150,,,,,,,,,,,,,,,,,82.2,150,82.4,100,,,,,,,,,,,,,,,,
2026-07-01T10:00:44.350053+00:00,2026-07-01T20:00:44.341053,2,2,82.05,0.3,81.9,100,81.7,150,,,,,,,,,,,,,,,,,82.2,150,82.4,100,,,,,,,,,,,,,,,,
2026-07-01T10:00:44.361053+00:00,2026-07-01T20:00:44.360053,2,2,82.05,0.3,81.9,110,81.7,150,,,,,,,,,,,,,,,,,82.2,150,82.4,100,,,,,,,,,,,,,,,,
2026-07-01T10:00:44.383053+00:00,2026-07-01T20:00:44.372251,2,2,82.05,0.3,81.9,110,81.7,150,,,,,,,,,,,,,,,,,82.2,100,82.4,100,,,,,,,,,,,,,,,,
2026-07-01T10:00:44.878052+00:00,2026-07-01T20:00:44.872053,2,2,82.05,0.3,81.9,110,81.7,150,,,,,,,,,,,,,,,,,82.2,100,82.4,100,,,,,,,,,,,,,,,,
2026-07-01T10:00:45.219062+00:00,2026-07-01T20:00:45.211062,2,2,82.05,0.3,81.9,70,81.7,150,,,,,,,,,,,,,,,,,82.2,100,82.4,100,,,,,,,,,,,,,,,,
2026-07-01T10:00:45.384061+00:00,2026-07-01T20:00:45.381053,2,2,82.05,0.3,81.9,70,81.7,150,,,,,,,,,,,,,,,,,82.2,100,82.4,100,,,,,,,,,,,,,,,,
2026-07-01T10:00:45.835053+00:00,2026-07-01T20:00:45.829053,2,2,82.05,0.3,81.9,70,81.7,150,,,,,,,,,,,,,,,,,82.2,58,82.4,100,,,,,,,,,,,,,,,,
2026-07-01T10:00:45.890053+00:00,2026-07-01T20:00:45.889053,2,2,82.05,0.3,81.9,60,81.7,150,,,,,,,,,,,,,,,,,82.2,58,82.4,100,,,,,,,,,,,,,,,,
2026-07-01T10:00:45.901053+00:00,2026-07-01T20:00:45.891053,2,2,82.05,0.3,81.9,70,81.7,150,,,,,,,,,,,,,,,,,82.2,58,82.4,100,,,,,,,,,,,,,,,,
2026-07-01T10:00:46.231099+00:00,2026-07-01T20:00:46.230099,1,1,82.15,0.5,81.9,70,,,,,,,,,,,,,,,,,,,82.4,100,,,,,,,,,,,,,,,,,,
2026-07-01T10:00:46.286099+00:00,2026-07-01T20:00:46.280099,2,1,82.25,0.3,82.1,150,81.9,70,,,,,,,,,,,,,,,,,82.4,100,,,,,,,,,,,,,,,,,,
2026-07-01T10:00:46.341099+00:00,2026-07-01T20:00:46.331099,2,2,82.25,0.3,82.1,150,81.9,70,,,,,,,,,,,,,,,,,82.4,100,82.6,150,,,,,,,,,,,,,,,,
2026-07-01T10:00:46.396099+00:00,2026-07-01T20:00:46.395099,2,2,82.25,0.3,82.1,150,81.9,60,,,,,,,,,,,,,,,,,82.4,100,82.6,150,,,,,,,,,,,,,,,,
2026-07-01T10:00:46.407100+00:00,2026-07-01T20:00:46.398099,2,2,82.25,0.3,82.1,150,81.9,60,,,,,,,,,,,,,,,,,82.4,110,82.6,150,,,,,,,,,,,,,,,,
2026-07-01T10:00:46.429099+00:00,2026-07-01T20:00:46.425099,2,2,82.25,0.3,82.1,109,81.9,60,,,,,,,,,,,,,,,,,82.4,110,82.6,150,,,,,,,,,,,,,,,,
2026-07-01T10:00:46.539099+00:00,2026-07-01T20:00:46.531099,2,2,82.25,0.3,82.1,59,81.9,60,,,,,,,,,,,,,,,,,82.4,110,82.6,150,,,,,,,,,,,,,,,,
2026-07-01T10:00:46.847099+00:00,2026-07-01T20:00:46.845099,1,2,82.25,0.3,82.1,59,,,,,,,,,,,,,,,,,,,82.4,10,82.6,150,,,,,,,,,,,,,,,,
2026-07-01T10:00:46.902099+00:00,2026-07-01T20:00:46.899099,2,2,82.25,0.3,82.1,59,81.9,100,,,,,,,,,,,,,,,,,82.4,10,82.6,150,,,,,,,,,,,,,,,,
2026-07-01T10:00:46.913100+00:00,2026-07-01T20:00:46.909099,2,2,82.3,0.4,82.1,59,81.9,100,,,,,,,,,,,,,,,,,82.5,10,82.6,150,,,,,,,,,,,,,,,,
2026-07-01T10:00:46.957099+00:00,2026-07-01T20:00:46.956098,2,3,82.25,0.3,82.1,59,81.9,100,,,,,,,,,,,,,,,,,82.4,100,82.5,10,82.6,150,,,,,,,,,,,,,,
2026-07-01T10:00:47.287099+00:00,2026-07-01T20:00:47.282100,2,4,82.2,0.2,82.1,59,81.9,100,,,,,,,,,,,,,,,,,82.3,3,82.4,100,82.5,10,82.6,150,,,,,,,,,,,,
2026-07-01T10:00:47.419099+00:00,2026-07-01T20:00:47.417099,2,3,82.2,0.2,82.1,59,81.9,100,,,,,,,,,,,,,,,,,82.3,13,82.4,100,82.6,150,,,,,,,,,,,,,,
2026-07-01T10:00:47.925098+00:00,2026-07-01T20:00:47.924099,2,3,82.2,0.2,82.1,59,81.9,100,,,,,,,,,,,,,,,,,82.3,13,82.4,100,82.6,150,,,,,,,,,,,,,,
2026-07-01T10:00:48.430695+00:00,2026-07-01T20:00:48.427695,2,3,82.2,0.2,82.1,59,81.9,100,,,,,,,,,,,,,,,,,82.3,3,82.4,100,82.6,150,,,,,,,,,,,,,,
2026-07-01T10:00:48.441695+00:00,2026-07-01T20:00:48.430695,2,3,82.2,0.2,82.1,59,81.9,100,,,,,,,,,,,,,,,,,82.3,13,82.4,100,82.6,150,,,,,,,,,,,,,,
2026-07-01T10:00:48.650696+00:00,2026-07-01T20:00:48.640696,2,3,82.2,0.2,82.1,9,81.9,100,,,,,,,,,,,,,,,,,82.3,13,82.4,100,82.6,150,,,,,,,,,,,,,,
2026-07-01T10:00:48.705695+00:00,2026-07-01T20:00:48.702695,2,3,82.2,0.2,82.1,9,81.9,100,,,,,,,,,,,,,,,,,82.3,11,82.4,100,82.6,150,,,,,,,,,,,,,,
2026-07-01T10:00:48.936697+00:00,2026-07-01T20:00:48.934695,2,3,82.2,0.2,82.1,9,81.9,100,,,,,,,,,,,,,,,,,82.3,1,82.4,100,82.6,150,,,,,,,,,,,,,,
2026-07-01T10:00:48.947696+00:00,2026-07-01T20:00:48.941696,2,3,82.2,0.2,82.1,9,81.9,100,,,,,,,,,,,,,,,,,82.3,11,82.4,100,82.6,150,,,,,,,,,,,,,,
2026-07-01T10:00:49.387695+00:00,2026-07-01T20:00:49.386695,2,2,82.2,0.2,82.1,9,81.9,100,,,,,,,,,,,,,,,,,82.3,11,82.4,100,,,,,,,,,,,,,,,,
2026-07-01T10:00:49.398696+00:00,2026-07-01T20:00:49.387695,1,2,82.1,0.4,81.9,100,,,,,,,,,,,,,,,,,,,82.3,11,82.4,100,,,,,,,,,,,,,,,,
2026-07-01T10:00:49.442695+00:00,2026-07-01T20:00:49.442695,2,2,82.1,0.4,81.9,100,81.5,150,,,,,,,,,,,,,,,,,82.3,1,82.4,100,,,,,,,,,,,,,,,,
2026-07-01T10:00:49.497696+00:00,2026-07-01T20:00:49.491695,2,3,81.95,0.1,81.9,100,81.5,150,,,,,,,,,,,,,,,,,82.0,150,82.3,1,82.4,100,,,,,,,,,,,,,,
2026-07-01T10:00:49.959696+00:00,2026-07-01T20:00:49.949029,2,3,81.95,0.1,81.9,110,81.5,150,,,,,,,,,,,,,,,,,82.0,150,82.3,1,82.4,100,,,,,,,,,,,,,,
2026-07-01T10:00:50.014696+00:00,2026-07-01T20:00:50.012696,2,2,81.95,0.1,81.9,10,81.5,150,,,,,,,,,,,,,,,,,82.0,150,82.3,1,,,,,,,,,,,,,,,,
2026-07-01T10:00:50.069697+00:00,2026-07-01T20:00:50.064696,2,2,81.95,0.1,81.9,10,81.5,150,,,,,,,,,,,,,,,,,82.0,50,82.3,1,,,,,,,,,,,,,,,,
2026-07-01T10:00:50.124697+00:00,2026-07-01T20:00:50.118696,2,3,81.95,0.1,81.9,10,81.5,150,,,,,,,,,,,,,,,,,82.0,50,82.3,1,82.5,100,,,,,,,,,,,,,,
2026-07-01T10:00:50.454695+00:00,2026-07-01T20:00:50.453695,1,3,81.75,0.5,81.5,150,,,,,,,,,,,,,,,,,,,82.0,50,82.3,1,82.5,100,,,,,,,,,,,,,,
2026-07-01T10:00:50.465695+00:00,2026-07-01T20:00:50.459695,2,3,81.8,0.4,81.6,10,81.5,150,,,,,,,,,,,,,,,,,82.0,50,82.3,1,82.5,100,,,,,,,,,,,,,,
2026-07-01T10:00:50.707696+00:00,2026-07-01T20:00:50.697164,2,2,81.95,0.7,81.6,10,81.5,150,,,,,,,,,,,,,,,,,82.3,1,82.5,100,,,,,,,,,,,,,,,,
2026-07-01T10:00:50.971695+00:00,2026-07-01T20:00:50.963695,1,2,81.9,0.8,81.5,150,,,,,,,,,,,,,,,,,,,82.3,1,82.5,100,,,,,,,,,,,,,,,,
2026-07-01T10:00:52.478704+00:00,2026-07-01T20:00:52.475704,2,2,81.95,0.7,81.6,10,81.5,150,,,,,,,,,,,,,,,,,82.3,1,82.5,100,,,,,,,,,,,,,,,,
2026-07-01T10:00:52.555695+00:00,2026-07-01T20:00:52.546695,1,2,81.95,0.7,81.6,10,,,,,,,,,,,,,,,,,,,82.3,1,82.5,100,,,,,,,,,,,,,,,,
2026-07-01T10:00:52.610695+00:00,2026-07-01T20:00:52.600695,2,2,82.25,0.1,82.2,150,81.6,10,,,,,,,,,,,,,,,,,82.3,1,82.5,100,,,,,,,,,,,,,,,,
2026-07-01T10:00:52.654695+00:00,2026-07-01T20:00:52.653695,2,3,82.25,0.1,82.2,150,81.6,10,,,,,,,,,,,,,,,,,82.3,1,82.5,100,82.7,150,,,,,,,,,,,,,,
2026-07-01T10:00:52.885695+00:00,2026-07-01T20:00:52.876695,2,3,82.25,0.1,82.2,100,81.6,10,,,,,,,,,,,,,,,,,82.3,1,82.5,100,82.7,150,,,,,,,,,,,,,,
2026-07-01T10:00:52.984695+00:00,2026-07-01T20:00:52.982696,1,3,82.25,0.1,82.2,110,,,,,,,,,,,,,,,,,,,82.3,1,82.5,100,82.7,150,,,,,,,,,,,,,,
2026-07-01T10:00:52.995696+00:00,2026-07-01T20:00:52.985695,1,3,82.25,0.1,82.2,110,,,,,,,,,,,,,,,,,,,82.3,11,82.5,100,82.7,150,,,,,,,,,,,,,,
2026-07-01T10:00:53.182696+00:00,2026-07-01T20:00:53.172697,1,2,82.25,0.1,82.2,110,,,,,,,,,,,,,,,,,,,82.3,11,82.7,150,,,,,,,,,,,,,,,,
2026-07-01T10:00:53.226697+00:00,2026-07-01T20:00:53.225696,2,2,82.25,0.1,82.2,110,81.7,100,,,,,,,,,,,,,,,,,82.3,11,82.7,150,,,,,,,,,,,,,,,,
2026-07-01T10:00:53.281695+00:00,2026-07-01T20:00:53.280696,2,2,82.25,0.1,82.2,10,81.7,100,,,,,,,,,,,,,,,,,82.3,11,82.7,150,,,,,,,,,,,,,,,,
2026-07-01T10:00:53.501325+00:00,2026-07-01T20:00:53.498325,2,3,82.0,0.4,81.8,10,81.7,100,,,,,,,,,,,,,,,,,82.2,10,82.3,1,82.7,150,,,,,,,,,,,,,,
2026-07-01T10:00:54.029325+00:00,2026-07-01T20:00:54.027325,1,2,82.0,0.6,81.7,100,,,,,,,,,,,,,,,,,,,82.3,1,82.7,150,,,,,,,,,,,,,,,,
2026-07-01T10:00:54.040324+00:00,2026-07-01T20:00:54.031325,2,2,82.1,0.4,81.9,10,81.7,100,,,,,,,,,,,,,,,,,82.3,1,82.7,150,,,,,,,,,,,,,,,,
2026-07-01T10:00:54.414325+00:00,2026-07-01T20:00:54.411325,2,2,82.1,0.4,81.9,14,81.7,100,,,,,,,,,,,,,,,,,82.3,1,82.7,150,,,,,,,,,,,,,,,,
2026-07-01T10:00:54.546324+00:00,2026-07-01T20:00:54.541324,3,2,82.15,0.3,82.0,10,81.9,4,81.7,100,,,,,,,,,,,,,,,82.3,1,82.7,150,,,,,,,,,,,,,,,,
2026-07-01T10:00:54.997324+00:00,2026-07-01T20:00:54.989324,1,2,82.0,0.6,81.7,64,,,,,,,,,,,,,,,,,,,82.3,1,82.7,150,,,,,,,,,,,,,,,,
2026-07-01T10:00:55.712335+00:00,2026-07-01T20:00:55.708335,1,1,82.0,0.6,81.7,64,,,,,,,,,,,,,,,,,,,82.3,1,,,,,,,,,,,,,,,,,,
2026-07-01T10:00:55.767335+00:00,2026-07-01T20:00:55.765336,2,1,82.0,0.6,81.7,64,81.6,150,,,,,,,,,,,,,,,,,82.3,1,,,,,,,,,,,,,,,,,,
2026-07-01T10:00:55.844335+00:00,2026-07-01T20:00:55.836335,2,2,81.9,0.4,81.7,64,81.6,150,,,,,,,,,,,,,,,,,82.1,150,82.3,1,,,,,,,,,,,,,,,,
2026-07-01T10:00:56.064335+00:00,2026-07-01T20:00:56.058335,3,2,81.95,0.3,81.8,10,81.7,64,81.6,150,,,,,,,,,,,,,,,82.1,150,82.3,1,,,,,,,,,,,,,,,,
2026-07-01T10:00:56.338885+00:00,2026-07-01T20:00:56.334885,2,2,81.95,0.3,81.8,10,81.6,150,,,,,,,,,,,,,,,,,82.1,150,82.3,1,,,,,,,,,,,,,,,,
2026-07-01T10:00:56.393884+00:00,2026-07-01T20:00:56.386885,3,2,81.95,0.3,81.8,10,81.7,100,81.6,150,,,,,,,,,,,,,,,82.1,150,82.3,1,,,,,,,,,,,,,,,,
2026-07-01T10:00:56.481885+00:00,2026-07-01T20:00:56.470885,3,2,81.95,0.3,81.8,10,81.7,100,81.6,150,,,,,,,,,,,,,,,82.1,250,82.3,1,,,,,,,,,,,,,,,,
2026-07-01T10:00:56.569885+00:00,2026-07-01T20:00:56.567884,3,2,81.95,0.3,81.8,10,81.7,100,81.6,150,,,,,,,,,,,,,,,82.1,250,82.3,1,,,,,,,,,,,,,,,,
2026-07-01T10:00:57.075886+00:00,2026-07-01T20:00:57.073885,2,2,81.9,0.4,81.7,100,81.6,150,,,,,,,,,,,,,,,,,82.1,250,82.3,1,,,,,,,,,,,,,,,,
2026-07-01T10:00:57.086886+00:00,2026-07-01T20:00:57.078887,3,2,81.95,0.3,81.8,10,81.7,100,81.6,150,,,,,,,,,,,,,,,82.1,250,82.3,1,,,,,,,,,,,,,,,,
2026-07-01T10:00:57.119887+00:00,2026-07-01T20:00:57.113887,2,2,81.9,0.4,81.7,60,81.6,150,,,,,,,,,,,,,,,,,82.1,250,82.3,1,,,,,,,,,,,,,,,,
2026-07-01T10:00:58.659480+00:00,2026-07-01T20:00:58.658480,2,1,81.9,0.4,81.7,60,81.6,150,,,,,,,,,,,,,,,,,82.1,205,,,,,,,,,,,,,,,,,,
2026-07-01T10:00:58.890481+00:00,2026-07-01T20:00:58.889480,2,1,81.9,0.4,81.7,60,81.6,150,,,,,,,,,,,,,,,,,82.1,100,,,,,,,,,,,,,,,,,,
2026-07-01T10:00:58.901480+00:00,2026-07-01T20:00:58.890481,1,1,81.9,0.4,81.7,60,,,,,,,,,,,,,,,,,,,82.1,100,,,,,,,,,,,,,,,,,,
2026-07-01T10:00:58.945480+00:00,2026-07-01T20:00:58.942480,1,1,81.9,0.4,81.7,210,,,,,,,,,,,,,,,,,,,82.1,100,,,,,,,,,,,,,,,,,,
2026-07-01T10:00:59.000481+00:00,2026-07-01T20:00:58.996480,1,2,81.9,0.4,81.7,210,,,,,,,,,,,,,,,,,,,82.1,100,82.2,150,,,,,,,,,,,,,,,,
2026-07-01T10:00:59.187480+00:00,2026-07-01T20:00:59.177481,1,2,81.9,0.4,81.7,210,,,,,,,,,,,,,,,,,,,82.1,59,82.2,150,,,,,,,,,,,,,,,,
2026-07-01T10:00:59.231480+00:00,2026-07-01T20:00:59.222480,1,2,81.9,0.4,81.7,160,,,,,,,,,,,,,,,,,,,82.1,59,82.2,150,,,,,,,,,,,,,,,,
2026-07-01T10:00:59.528481+00:00,2026-07-01T20:00:59.524481,1,2,81.9,0.4,81.7,150,,,,,,,,,,,,,,,,,,,82.1,4,82.2,150,,,,,,,,,,,,,,,,
2026-07-01T10:00:59.583480+00:00,2026-07-01T20:00:59.573481,2,2,81.9,0.4,81.7,150,81.5,100,,,,,,,,,,,,,,,,,82.1,4,82.2,150,,,,,,,,,,,,,,,,
2026-07-01T10:00:59.638481+00:00,2026-07-01T20:00:59.627701,2,3,81.85,0.3,81.7,150,81.5,100,,,,,,,,,,,,,,,,,82.0,100,82.1,4,82.2,150,,,,,,,,,,,,,,
2026-07-01T10:00:59.748481+00:00,2026-07-01T20:00:59.747480,2,3,81.85,0.3,81.7,150,81.5,100,,,,,,,,,,,,,,,,,82.0,58,82.1,4,82.2,150,,,,,,,,,,,,,,
2026-07-01T10:01:00.122480+00:00,2026-07-01T20:01:00.116480,2,3,81.85,0.3,81.7,160,81.5,100,,,,,,,,,,,,,,,,,82.0,58,82.1,4,82.2,150,,,,,,,,,,,,,,
2026-07-01T10:01:00.210481+00:00,2026-07-01T20:01:00.207480,2,3,81.85,0.3,81.7,160,81.5,100,,,,,,,,,,,,,,,,,82.0,58,82.1,2,82.2,150,,,,,,,,,,,,,,
2026-07-01T10:01:00.374997+00:00,2026-07-01T20:01:00.363997,2,3,81.85,0.3,81.7,111,81.5,100,,,,,,,,,,,,,,,,,82.0,58,82.1,2,82.2,150,,,,,,,,,,,,,,
2026-07-01T10:01:00.627997+00:00,2026-07-01T20:01:00.622997,2,3,81.85,0.3,81.7,111,81.5,100,,,,,,,,,,,,,,,,,82.0,58,82.1,2,82.2,150,,,,,,,,,,,,,,
2026-07-01T10:01:01.133997+00:00,2026-07-01T20:01:01.132997,2,3,81.85,0.3,81.7,111,81.5,100,,,,,,,,,,,,,,,,,82.0,58,82.1,2,82.2,150,,,,,,,,,,,,,,
2026-07-01T10:01:01.342998+00:00,2026-07-01T20:01:01.337996,2,3,81.85,0.3,81.7,61,81.5,100,,,,,,,,,,,,,,,,,82.0,58,82.1,2,82.2,150,,,,,,,,,,,,,,
2026-07-01T10:01:01.639997+00:00,2026-07-01T20:01:01.635997,2,3,81.85,0.3,81.7,51,81.5,100,,,,,,,,,,,,,,,,,82.0,58,82.1,2,82.2,150,,,,,,,,,,,,,,
2026-07-01T10:01:01.650997+00:00,2026-07-01T20:01:01.639997,2,3,81.85,0.3,81.7,61,81.5,100,,,,,,,,,,,,,,,,,82.0,58,82.1,2,82.2,150,,,,,,,,,,,,,,
2026-07-01T10:01:01.837997+00:00,2026-07-01T20:01:01.832997,2,3,81.85,0.3,81.7,12,81.5,100,,,,,,,,,,,,,,,,,82.0,58,82.1,2,82.2,150,,,,,,,,,,,,,,
2026-07-01T10:01:02.057997+00:00,2026-07-01T20:01:02.056997,3,2,81.9,0.2,81.8,3,81.7,10,81.5,100,,,,,,,,,,,,,,,82.0,58,82.1,2,,,,,,,,,,,,,,,,
2026-07-01T10:01:02.112997+00:00,2026-07-01T20:01:02.105997,4,2,81.9,0.2,81.8,3,81.7,10,81.5,100,81.1,150,,,,,,,,,,,,,82.0,58,82.1,2,,,,,,,,,,,,,,,,
2026-07-01T10:01:02.156997+00:00,2026-07-01T20:01:02.150997,3,2,81.9,0.2,81.8,13,81.5,100,81.1,150,,,,,,,,,,,,,,,82.0,58,82.1,2,,,,,,,,,,,,,,,,
2026-07-01T10:01:02.167997+00:00,2026-07-01T20:01:02.165997,2,3,81.55,0.1,81.5,100,81.1,150,,,,,,,,,,,,,,,,,81.6,137,82.0,58,82.1,2,,,,,,,,,,,,,,
2026-07-01T10:01:02.376997+00:00,2026-07-01T20:01:02.367997,2,3,81.55,0.1,81.5,100,81.1,150,,,,,,,,,,,,,,,,,81.6,90,82.0,58,82.1,2,,,,,,,,,,,,,,
2026-07-01T10:01:02.684997+00:00,2026-07-01T20:01:02.674997,2,3,81.55,0.1,81.5,110,81.1,150,,,,,,,,,,,,,,,,,81.6,90,82.0,58,82.1,2,,,,,,,,,,,,,,
2026-07-01T10:01:02.695997+00:00,2026-07-01T20:01:02.687997,2,2,81.55,0.1,81.5,10,81.1,150,,,,,,,,,,,,,,,,,81.6,90,82.1,2,,,,,,,,,,,,,,,,
2026-07-01T10:01:02.750997+00:00,2026-07-01T20:01:02.741997,3,1,81.9,0.4,81.7,10,81.5,10,81.1,150,,,,,,,,,,,,,,,82.1,2,,,,,,,,,,,,,,,,,,
2026-07-01T10:01:02.805997+00:00,2026-07-01T20:01:02.795997,3,2,81.9,0.4,81.7,10,81.5,10,81.1,150,,,,,,,,,,,,,,,82.1,2,82.2,100,,,,,,,,,,,,,,,,
2026-07-01T10:01:02.970997+00:00,2026-07-01T20:01:02.965996,3,1,81.95,0.5,81.7,10,81.5,10,81.1,150,,,,,,,,,,,,,,,82.2,58,,,,,,,,,,,,,,,,,,
2026-07-01T10:01:03.190997+00:00,2026-07-01T20:01:03.185996,2,1,81.95,0.5,81.7,10,81.1,150,,,,,,,,,,,,,,,,,82.2,58,,,,,,,,,,,,,,,,,,
2026-07-01T10:01:03.454535+00:00,2026-07-01T20:01:03.445535,1,1,81.65,1.1,81.1,110,,,,,,,,,,,,,,,,,,,82.2,58,,,,,,,,,,,,,,,,,,
2026-07-01T10:01:04.070535+00:00,2026-07-01T20:01:04.069535,2,1,82.0,0.4,81.8,4,81.1,110,,,,,,,,,,,,,,,,,82.2,58,,,,,,,,,,,,,,,,,,
2026-07-01T10:01:04.202535+00:00,2026-07-01T20:01:04.193535,2,2,81.95,0.3,81.8,4,81.1,110,,,,,,,,,,,,,,,,,82.1,10,82.2,58,,,,,,,,,,,,,,,,
2026-07-01T10:01:04.708536+00:00,2026-07-01T20:01:04.702534,2,2,81.95,0.3,81.8,4,81.1,110,,,,,,,,,,,,,,,,,82.1,10,82.2,58,,,,,,,,,,,,,,,,
2026-07-01T10:01:05.214534+00:00,2026-07-01T20:01:05.210534,2,2,81.95,0.3,81.8,4,81.1,110,,,,,,,,,,,,,,,,,82.1,10,82.2,58,,,,,,,,,,,,,,,,
2026-07-01T10:01:05.225535+00:00,2026-07-01T20:01:05.218534,1,2,81.95,0.3,81.8,4,,,,,,,,,,,,,,,,,,,82.1,10,82.2,58,,,,,,,,,,,,,,,,
2026-07-01T10:01:05.280544+00:00,2026-07-01T20:01:05.270535,2,2,81.95,0.3,81.8,4,81.6,150,,,,,,,,,,,,,,,,,82.1,10,82.2,58,,,,,,,,,,,,,,,,
2026-07-01T10:01:05.335544+00:00,2026-07-01T20:01:05.325535,2,2,81.95,0.3,81.8,4,81.6,150,,,,,,,,,,,,,,,,,82.1,160,82.2,58,,,,,,,,,,,,,,,,
2026-07-01T10:01:05.566534+00:00,2026-07-01T20:01:05.561534,1,2,81.85,0.5,81.6,104,,,,,,,,,,,,,,,,,,,82.1,160,82.2,58,,,,,,,,,,,,,,,,
2026-07-01T10:01:05.720535+00:00,2026-07-01T20:01:05.719534,2,2,81.9,0.4,81.7,10,81.6,104,,,,,,,,,,,,,,,,,82.1,150,82.2,58,,,,,,,,,,,,,,,,
2026-07-01T10:01:05.852534+00:00,2026-07-01T20:01:05.848535,2,1,81.9,0.4,81.7,10,81.6,104,,,,,,,,,,,,,,,,,82.1,150,,,,,,,,,,,,,,,,,,
2026-07-01T10:01:05.918535+00:00,2026-07-01T20:01:05.907534,2,1,81.9,0.4,81.7,110,81.6,104,,,,,,,,,,,,,,,,,82.1,150,,,,,,,,,,,,,,,,,,
2026-07-01T10:01:05.962534+00:00,2026-07-01T20:01:05.954535,2,2,81.9,0.4,81.7,110,81.6,104,,,,,,,,,,,,,,,,,82.1,150,82.2,100,,,,,,,,,,,,,,,,
2026-07-01T10:01:06.226083+00:00,2026-07-01T20:01:06.224083,2,2,81.9,0.4,81.7,100,81.6,104,,,,,,,,,,,,,,,,,82.1,150,82.2,100,,,,,,,,,,,,,,,,
2026-07-01T10:01:06.237083+00:00,2026-07-01T20:01:06.229083,3,2,81.95,0.3,81.8,10,81.7,100,81.6,104,,,,,,,,,,,,,,,82.1,150,82.2,100,,,,,,,,,,,,,,,,
2026-07-01T10:01:06.347092+00:00,2026-07-01T20:01:06.339084,2,2,81.9,0.4,81.7,62,81.6,104,,,,,,,,,,,,,,,,,82.1,150,82.2,100,,,,,,,,,,,,,,,,
2026-07-01T10:01:06.754084+00:00,2026-07-01T20:01:06.748083,2,3,81.85,0.3,81.7,62,81.6,104,,,,,,,,,,,,,,,,,82.0,10,82.1,150,82.2,100,,,,,,,,,,,,,,
2026-07-01T10:01:07.260083+00:00,2026-07-01T20:01:07.258084,2,2,81.9,0.4,81.7,62,81.6,104,,,,,,,,,,,,,,,,,82.1,150,82.2,100,,,,,,,,,,,,,,,,
2026-07-01T10:01:07.271084+00:00,2026-07-01T20:01:07.264084,2,3,81.85,0.3,81.7,62,81.6,104,,,,,,,,,,,,,,,,,82.0,10,82.1,150,82.2,100,,,,,,,,,,,,,,
2026-07-01T10:01:07.359084+00:00,2026-07-01T20:01:07.359084,2,2,81.9,0.4,81.7,62,81.6,104,,,,,,,,,,,,,,,,,82.1,112,82.2,100,,,,,,,,,,,,,,,,
2026-07-01T10:01:08.381885+00:00,2026-07-01T20:01:08.380885,2,1,81.95,0.5,81.7,62,81.6,104,,,,,,,,,,,,,,,,,82.2,100,,,,,,,,,,,,,,,,,,
2026-07-01T10:01:08.392885+00:00,2026-07-01T20:01:08.381885,1,1,81.95,0.5,81.7,62,,,,,,,,,,,,,,,,,,,82.2,100,,,,,,,,,,,,,,,,,,
2026-07-01T10:01:08.436885+00:00,2026-07-01T20:01:08.435885,2,1,81.95,0.5,81.7,62,81.6,150,,,,,,,,,,,,,,,,,82.2,100,,,,,,,,,,,,,,,,,,
2026-07-01T10:01:08.491885+00:00,2026-07-01T20:01:08.488885,2,2,81.9,0.4,81.7,62,81.6,150,,,,,,,,,,,,,,,,,82.1,150,82.2,100,,,,,,,,,,,,,,,,
2026-07-01T10:01:09.019885+00:00,2026-07-01T20:01:09.009886,1,1,81.85,0.5,81.6,150,,,,,,,,,,,,,,,,,,,82.1,150,,,,,,,,,,,,,,,,,,
2026-07-01T10:01:09.074885+00:00,2026-07-01T20:01:09.064885,2,1,81.85,0.5,81.6,150,81.5,100,,,,,,,,,,,,,,,,,82.1,150,,,,,,,,,,,,,,,,,,
2026-07-01T10:01:09.129885+00:00,2026-07-01T20:01:09.119886,2,2,81.8,0.4,81.6,150,81.5,100,,,,,,,,,,,,,,,,,82.0,100,82.1,150,,,,,,,,,,,,,,,,
2026-07-01T10:01:09.294886+00:00,2026-07-01T20:01:09.288885,3,2,81.85,0.3,81.7,10,81.6,150,81.5,100,,,,,,,,,,,,,,,82.0,100,82.1,150,,,,,,,,,,,,,,,,
2026-07-01T10:01:09.734885+00:00,2026-07-01T20:01:09.727885,3,2,81.85,0.3,81.7,14,81.6,150,81.5,100,,,,,,,,,,,,,,,82.0,50,82.1,150,,,,,,,,,,,,,,,,
2026-07-01T10:01:09.800885+00:00,2026-07-01T20:01:09.795885,3,2,81.85,0.3,81.7,4,81.6,150,81.5,100,,,,,,,,,,,,,,,82.0,60,82.1,150,,,,,,,,,,,,,,,,
2026-07-01T10:01:10.306885+00:00,2026-07-01T20:01:10.303885,3,2,81.85,0.3,81.7,4,81.6,150,81.5,100,,,,,,,,,,,,,,,82.0,50,82.1,150,,,,,,,,,,,,,,,,
2026-07-01T10:01:10.317885+00:00,2026-07-01T20:01:10.307168,3,2,81.85,0.3,81.7,4,81.6,150,81.5,100,,,,,,,,,,,,,,,82.0,60,82.1,150,,,,,,,,,,,,,,,,
2026-07-01T10:01:10.823885+00:00,2026-07-01T20:01:10.815885,3,2,81.85,0.3,81.7,4,81.6,150,81.5,100,,,,,,,,,,,,,,,82.0,60,82.1,150,,,,,,,,,,,,,,,,
2026-07-01T10:01:11.329885+00:00,2026-07-01T20:01:11.320885,3,2,81.85,0.3,81.7,4,81.6,150,81.5,100,,,,,,,,,,,,,,,82.0,50,82.1,150,,,,,,,,,,,,,,,,
2026-07-01T10:01:11.340885+00:00,2026-07-01T20:01:11.335884,3,2,81.85,0.3,81.7,4,81.6,150,81.5,100,,,,,,,,,,,,,,,82.0,60,82.1,150,,,,,,,,,,,,,,,,
2026-07-01T10:01:11.549896+00:00,2026-07-01T20:01:11.544896,2,1,81.85,0.3,81.7,4,81.5,100,,,,,,,,,,,,,,,,,82.0,60,,,,,,,,,,,,,,,,,,
2026-07-01T10:01:11.626896+00:00,2026-07-01T20:01:11.615896,3,1,81.85,0.3,81.7,4,81.5,100,81.4,150,,,,,,,,,,,,,,,82.0,60,,,,,,,,,,,,,,,,,,
2026-07-01T10:01:11.659896+00:00,2026-07-01T20:01:11.655896,3,2,81.8,0.2,81.7,4,81.5,100,81.4,150,,,,,,,,,,,,,,,81.9,150,82.0,60,,,,,,,,,,,,,,,,
2026-07-01T10:01:11.846895+00:00,2026-07-01T20:01:11.844896,3,2,81.8,0.2,81.7,4,81.5,100,81.4,150,,,,,,,,,,,,,,,81.9,110,82.0,50,,,,,,,,,,,,,,,,
2026-07-01T10:01:12.176905+00:00,2026-07-01T20:01:12.174905,3,1,81.8,0.2,81.7,4,81.5,100,81.4,150,,,,,,,,,,,,,,,81.9,110,,,,,,,,,,,,,,,,,,
2026-07-01T10:01:12.187905+00:00,2026-07-01T20:01:12.176905,2,1,81.8,0.2,81.7,4,81.4,150,,,,,,,,,,,,,,,,,81.9,110,,,,,,,,,,,,,,,,,,
2026-07-01T10:01:12.231905+00:00,2026-07-01T20:01:12.228905,2,1,81.8,0.2,81.7,4,81.4,250,,,,,,,,,,,,,,,,,81.9,110,,,,,,,,,,,,,,,,,,
2026-07-01T10:01:12.286896+00:00,2026-07-01T20:01:12.280895,2,1,81.8,0.2,81.7,4,81.4,250,,,,,,,,,,,,,,,,,81.9,210,,,,,,,,,,,,,,,,,,
2026-07-01T10:01:12.352896+00:00,2026-07-01T20:01:12.348896,2,1,81.8,0.2,81.7,4,81.4,250,,,,,,,,,,,,,,,,,81.9,200,,,,,,,,,,,,,,,,,,
2026-07-01T10:01:12.363896+00:00,2026-07-01T20:01:12.352896,2,1,81.8,0.2,81.7,4,81.4,250,,,,,,,,,,,,,,,,,81.9,210,,,,,,,,,,,,,,,,,,
2026-07-01T10:01:12.407896+00:00,2026-07-01T20:01:12.405895,2,1,81.8,0.2,81.7,3,81.4,250,,,,,,,,,,,,,,,,,81.9,210,,,,,,,,,,,,,,,,,,
2026-07-01T10:01:12.814896+00:00,2026-07-01T20:01:12.811895,2,2,81.8,0.2,81.7,3,81.4,250,,,,,,,,,,,,,,,,,81.9,210,82.0,3,,,,,,,,,,,,,,,,
2026-07-01T10:01:12.858896+00:00,2026-07-01T20:01:12.857896,2,2,81.8,0.2,81.7,3,81.4,250,,,,,,,,,,,,,,,,,81.9,200,82.0,3,,,,,,,,,,,,,,,,
2026-07-01T10:01:12.869895+00:00,2026-07-01T20:01:12.863896,2,2,81.8,0.2,81.7,3,81.4,250,,,,,,,,,,,,,,,,,81.9,210,82.0,3,,,,,,,,,,,,,,,,
2026-07-01T10:01:12.979897+00:00,2026-07-01T20:01:12.972896,1,2,81.65,0.5,81.4,208,,,,,,,,,,,,,,,,,,,81.9,210,82.0,3,,,,,,,,,,,,,,,,
2026-07-01T10:01:13.386429+00:00,2026-07-01T20:01:13.379427,1,2,81.65,0.5,81.4,208,,,,,,,,,,,,,,,,,,,81.9,200,82.0,3,,,,,,,,,,,,,,,,
2026-07-01T10:01:13.408427+00:00,2026-07-01T20:01:13.407429,2,2,81.7,0.4,81.5,10,81.4,208,,,,,,,,,,,,,,,,,81.9,200,82.0,3,,,,,,,,,,,,,,,,
2026-07-01T10:01:13.551429+00:00,2026-07-01T20:01:13.549428,1,2,81.65,0.5,81.4,208,,,,,,,,,,,,,,,,,,,81.9,200,82.0,3,,,,,,,,,,,,,,,,
2026-07-01T10:01:13.804428+00:00,2026-07-01T20:01:13.801430,2,2,81.8,0.2,81.7,3,81.4,208,,,,,,,,,,,,,,,,,81.9,200,82.0,3,,,,,,,,,,,,,,,,
2026-07-01T10:01:13.969430+00:00,2026-07-01T20:01:13.965429,2,2,81.8,0.2,81.7,3,81.4,208,,,,,,,,,,,,,,,,,81.9,210,82.0,3,,,,,,,,,,,,,,,,
2026-07-01T10:01:14.057427+00:00,2026-07-01T20:01:14.053429,2,2,81.8,0.2,81.7,3,81.4,208,,,,,,,,,,,,,,,,,81.9,160,82.0,3,,,,,,,,,,,,,,,,
2026-07-01T10:01:14.551947+00:00,2026-07-01T20:01:14.547947,2,2,81.8,0.2,81.7,3,81.4,208,,,,,,,,,,,,,,,,,81.9,115,82.0,3,,,,,,,,,,,,,,,,
2026-07-01T10:01:14.628947+00:00,2026-07-01T20:01:14.627948,2,2,81.8,0.2,81.7,3,81.4,208,,,,,,,,,,,,,,,,,81.9,115,82.0,3,,,,,,,,,,,,,,,,
2026-07-01T10:01:14.749946+00:00,2026-07-01T20:01:14.744947,2,2,81.8,0.2,81.7,3,81.4,100,,,,,,,,,,,,,,,,,81.9,110,82.0,3,,,,,,,,,,,,,,,,
2026-07-01T10:01:14.848946+00:00,2026-07-01T20:01:14.842947,3,2,81.85,0.1,81.8,150,81.7,3,81.4,100,,,,,,,,,,,,,,,81.9,110,82.0,3,,,,,,,,,,,,,,,,
2026-07-01T10:01:14.859947+00:00,2026-07-01T20:01:14.852947,3,3,81.85,0.1,81.8,150,81.7,3,81.4,100,,,,,,,,,,,,,,,81.9,110,82.0,3,82.3,150,,,,,,,,,,,,,,
2026-07-01T10:01:15.046947+00:00,2026-07-01T20:01:15.035947,3,3,81.85,0.1,81.8,150,81.7,3,81.4,100,,,,,,,,,,,,,,,81.9,100,82.0,3,82.3,150,,,,,,,,,,,,,,
2026-07-01T10:01:15.398949+00:00,2026-07-01T20:01:15.394949,2,3,81.85,0.1,81.8,150,81.7,3,,,,,,,,,,,,,,,,,81.9,10,82.0,3,82.3,150,,,,,,,,,,,,,,
2026-07-01T10:01:15.497947+00:00,2026-07-01T20:01:15.493949,3,2,81.9,0.2,81.8,150,81.7,3,81.4,100,,,,,,,,,,,,,,,82.0,3,82.3,150,,,,,,,,,,,,,,,,
2026-07-01T10:01:15.508949+00:00,2026-07-01T20:01:15.503948,3,3,81.85,0.1,81.8,150,81.7,3,81.4,100,,,,,,,,,,,,,,,81.9,100,82.0,13,82.3,150,,,,,,,,,,,,,,
2026-07-01T10:01:16.025948+00:00,2026-07-01T20:01:16.022949,3,3,81.85,0.1,81.8,150,81.7,3,81.4,100,,,,,,,,,,,,,,,81.9,100,82.0,3,82.3,150,,,,,,,,,,,,,,
2026-07-01T10:01:16.036949+00:00,2026-07-01T20:01:16.026948,3,3,81.85,0.1,81.8,150,81.7,3,81.4,100,,,,,,,,,,,,,,,81.9,110,82.0,3,82.3,150,,,,,,,,,,,,,,
2026-07-01T10:01:16.157044+00:00,2026-07-01T20:01:16.153044,3,3,81.85,0.1,81.8,150,81.7,3,81.4,100,,,,,,,,,,,,,,,81.9,60,82.0,3,82.3,150,,,,,,,,,,,,,,
2026-07-01T10:01:16.531043+00:00,2026-07-01T20:01:16.529042,3,3,81.85,0.1,81.8,150,81.7,3,81.4,100,,,,,,,,,,,,,,,81.9,50,82.0,3,82.3,150,,,,,,,,,,,,,,
2026-07-01T10:01:16.542042+00:00,2026-07-01T20:01:16.533042,3,3,81.85,0.1,81.8,150,81.7,3,81.4,100,,,,,,,,,,,,,,,81.9,60,82.0,3,82.3,150,,,,,,,,,,,,,,
2026-07-01T10:01:17.048043+00:00,2026-07-01T20:01:17.045044,3,3,81.85,0.1,81.8,150,81.7,3,81.4,100,,,,,,,,,,,,,,,81.9,50,82.0,3,82.3,150,,,,,,,,,,,,,,
2026-07-01T10:01:17.059043+00:00,2026-07-01T20:01:17.050043,3,3,81.85,0.1,81.8,150,81.7,3,81.4,100,,,,,,,,,,,,,,,81.9,60,82.0,3,82.3,150,,,,,,,,,,,,,,
2026-07-01T10:01:17.114043+00:00,2026-07-01T20:01:17.108044,3,3,81.85,0.1,81.8,150,81.7,2,81.4,100,,,,,,,,,,,,,,,81.9,60,82.0,3,82.3,150,,,,,,,,,,,,,,
2026-07-01T10:01:17.202044+00:00,2026-07-01T20:01:17.192044,3,3,81.85,0.1,81.8,105,81.7,2,81.4,100,,,,,,,,,,,,,,,81.9,60,82.0,3,82.3,150,,,,,,,,,,,,,,
2026-07-01T10:01:17.587044+00:00,2026-07-01T20:01:17.583044,3,3,81.85,0.1,81.8,105,81.7,2,81.4,100,,,,,,,,,,,,,,,81.9,60,82.0,3,82.3,150,,,,,,,,,,,,,,
2026-07-01T10:01:17.818045+00:00,2026-07-01T20:01:17.809044,3,3,81.85,0.1,81.8,105,81.7,2,81.4,100,,,,,,,,,,,,,,,81.9,15,82.0,3,82.3,150,,,,,,,,,,,,,,
2026-07-01T10:01:17.928045+00:00,2026-07-01T20:01:17.923043,2,2,81.8,0.2,81.7,2,81.4,100,,,,,,,,,,,,,,,,,81.9,15,82.0,3,,,,,,,,,,,,,,,,
2026-07-01T10:01:17.961043+00:00,2026-07-01T20:01:17.954043,3,2,81.85,0.1,81.8,150,81.7,2,81.4,100,,,,,,,,,,,,,,,81.9,15,82.0,3,,,,,,,,,,,,,,,,
2026-07-01T10:01:17.994044+00:00,2026-07-01T20:01:17.991043,3,3,81.85,0.1,81.8,150,81.7,2,81.4,100,,,,,,,,,,,,,,,81.9,5,82.0,3,82.3,150,,,,,,,,,,,,,,
2026-07-01T10:01:18.005045+00:00,2026-07-01T20:01:17.994330,3,3,81.85,0.1,81.8,150,81.7,2,81.4,100,,,,,,,,,,,,,,,81.9,15,82.0,3,82.3,150,,,,,,,,,,,,,,
2026-07-01T10:01:18.027044+00:00,2026-07-01T20:01:18.026044,3,3,81.85,0.1,81.8,150,81.7,2,81.4,100,,,,,,,,,,,,,,,81.9,15,82.0,2,82.3,150,,,,,,,,,,,,,,
2026-07-01T10:01:18.192044+00:00,2026-07-01T20:01:18.184044,3,1,82.05,0.5,81.8,150,81.7,2,81.4,100,,,,,,,,,,,,,,,82.3,117,,,,,,,,,,,,,,,,,,
2026-07-01T10:01:18.521581+00:00,2026-07-01T20:01:18.518581,3,2,82.0,0.4,81.8,150,81.7,2,81.4,100,,,,,,,,,,,,,,,82.2,10,82.3,117,,,,,,,,,,,,,,,,
2026-07-01T10:01:18.532581+00:00,2026-07-01T20:01:18.530582,2,2,82.0,0.4,81.8,150,81.7,2,,,,,,,,,,,,,,,,,82.2,10,82.3,117,,,,,,,,,,,,,,,,
2026-07-01T10:01:18.587581+00:00,2026-07-01T20:01:18.578581,2,2,82.0,0.4,81.8,250,81.7,2,,,,,,,,,,,,,,,,,82.2,10,82.3,117,,,,,,,,,,,,,,,,
2026-07-01T10:01:18.642051+00:00,2026-07-01T20:01:18.636051,2,2,82.0,0.4,81.8,250,81.7,2,,,,,,,,,,,,,,,,,82.2,10,82.3,217,,,,,,,,,,,,,,,,
2026-07-01T10:01:18.818052+00:00,2026-07-01T20:01:18.816051,2,2,82.0,0.4,81.8,201,81.7,2,,,,,,,,,,,,,,,,,82.2,10,82.3,217,,,,,,,,,,,,,,,,
2026-07-01T10:01:19.038052+00:00,2026-07-01T20:01:19.036051,2,1,82.05,0.5,81.8,201,81.7,2,,,,,,,,,,,,,,,,,82.3,217,,,,,,,,,,,,,,,,,,
2026-07-01T10:01:19.049052+00:00,2026-07-01T20:01:19.038052,2,2,82.0,0.4,81.8,201,81.7,2,,,,,,,,,,,,,,,,,82.2,10,82.3,217,,,,,,,,,,,,,,,,
2026-07-01T10:01:19.082052+00:00,2026-07-01T20:01:19.073052,2,3,81.9,0.2,81.8,201,81.7,2,,,,,,,,,,,,,,,,,82.0,1,82.2,10,82.3,217,,,,,,,,,,,,,,
2026-07-01T10:01:19.467061+00:00,2026-07-01T20:01:19.456060,2,3,81.9,0.2,81.8,157,81.7,2,,,,,,,,,,,,,,,,,82.0,1,82.2,10,82.3,217,,,,,,,,,,,,,,
2026-07-01T10:01:19.555052+00:00,2026-07-01T20:01:19.554052,2,2,81.9,0.2,81.8,157,81.7,2,,,,,,,,,,,,,,,,,82.0,1,82.3,217,,,,,,,,,,,,,,,,
2026-07-01T10:01:19.566051+00:00,2026-07-01T20:01:19.558052,2,2,81.9,0.2,81.8,157,81.7,2,,,,,,,,,,,,,,,,,82.0,11,82.3,217,,,,,,,,,,,,,,,,
2026-07-01T10:01:20.061052+00:00,2026-07-01T20:01:20.057052,2,2,81.9,0.2,81.8,157,81.7,2,,,,,,,,,,,,,,,,,82.0,1,82.3,217,,,,,,,,,,,,,,,,
2026-07-01T10:01:20.072052+00:00,2026-07-01T20:01:20.061052,2,2,81.9,0.2,81.8,157,81.7,2,,,,,,,,,,,,,,,,,82.0,11,82.3,217,,,,,,,,,,,,,,,,
2026-07-01T10:01:20.380051+00:00,2026-07-01T20:01:20.375052,2,1,82.05,0.5,81.8,157,81.7,2,,,,,,,,,,,,,,,,,82.3,178,,,,,,,,,,,,,,,,,,
2026-07-01T10:01:20.413052+00:00,2026-07-01T20:01:20.412051,2,2,81.9,0.2,81.8,157,81.7,2,,,,,,,,,,,,,,,,,82.0,1,82.3,178,,,,,,,,,,,,,,,,
2026-07-01T10:01:20.501053+00:00,2026-07-01T20:01:20.499052,2,1,82.05,0.5,81.8,157,81.7,2,,,,,,,,,,,,,,,,,82.3,135,,,,,,,,,,,,,,,,,,
2026-07-01T10:01:20.523052+00:00,2026-07-01T20:01:20.517052,2,2,81.9,0.2,81.8,157,81.7,2,,,,,,,,,,,,,,,,,82.0,1,82.3,135,,,,,,,,,,,,,,,,
2026-07-01T10:01:20.589052+00:00,2026-07-01T20:01:20.584052,2,2,81.9,0.2,81.8,167,81.7,2,,,,,,,,,,,,,,,,,82.0,1,82.3,135,,,,,,,,,,,,,,,,
2026-07-01T10:01:21.095051+00:00,2026-07-01T20:01:21.089052,2,2,81.9,0.2,81.8,110,81.7,2,,,,,,,,,,,,,,,,,82.0,1,82.3,100,,,,,,,,,,,,,,,,
2026-07-01T10:01:21.106052+00:00,2026-07-01T20:01:21.099052,2,2,81.9,0.2,81.8,110,81.7,2,,,,,,,,,,,,,,,,,82.0,11,82.3,100,,,,,,,,,,,,,,,,
2026-07-01T10:01:21.139052+00:00,2026-07-01T20:01:21.135052,2,2,81.9,0.2,81.8,260,81.7,2,,,,,,,,,,,,,,,,,82.0,11,82.3,100,,,,,,,,,,,,,,,,
2026-07-01T10:01:21.150051+00:00,2026-07-01T20:01:21.140052,2,2,81.9,0.2,81.8,260,81.7,2,,,,,,,,,,,,,,,,,82.0,10,82.3,100,,,,,,,,,,,,,,,,
2026-07-01T10:01:21.172052+00:00,2026-07-01T20:01:21.168051,2,2,81.9,0.2,81.8,260,81.7,2,,,,,,,,,,,,,,,,,82.0,10,82.3,250,,,,,,,,,,,,,,,,
2026-07-01T10:01:21.491052+00:00,2026-07-01T20:01:21.487052,2,2,81.9,0.2,81.8,220,81.7,2,,,,,,,,,,,,,,,,,82.0,10,82.3,250,,,,,,,,,,,,,,,,
2026-07-01T10:01:21.579052+00:00,2026-07-01T20:01:21.569053,2,3,81.9,0.2,81.8,220,81.7,2,,,,,,,,,,,,,,,,,82.0,10,82.1,2,82.3,250,,,,,,,,,,,,,,
2026-07-01T10:01:21.612052+00:00,2026-07-01T20:01:21.610051,2,2,81.95,0.3,81.8,210,81.7,2,,,,,,,,,,,,,,,,,82.1,2,82.3,250,,,,,,,,,,,,,,,,
2026-07-01T10:01:21.623052+00:00,2026-07-01T20:01:21.618052,2,2,81.95,0.3,81.8,220,81.7,2,,,,,,,,,,,,,,,,,82.1,12,82.3,250,,,,,,,,,,,,,,,,
2026-07-01T10:01:21.711052+00:00,2026-07-01T20:01:21.704052,2,2,81.95,0.3,81.8,160,81.7,2,,,,,,,,,,,,,,,,,82.1,12,82.3,150,,,,,,,,,,,,,,,,
2026-07-01T10:01:21.755052+00:00,2026-07-01T20:01:21.750052,2,2,81.95,0.3,81.8,160,81.7,102,,,,,,,,,,,,,,,,,82.1,12,82.3,150,,,,,,,,,,,,,,,,
2026-07-01T10:01:21.821052+00:00,2026-07-01T20:01:21.812052,2,3,81.95,0.3,81.8,160,81.7,102,,,,,,,,,,,,,,,,,82.1,12,82.2,100,82.3,150,,,,,,,,,,,,,,
2026-07-01T10:01:22.129052+00:00,2026-07-01T20:01:22.126051,2,3,81.95,0.3,81.8,150,81.7,102,,,,,,,,,,,,,,,,,82.1,2,82.2,100,82.3,150,,,,,,,,,,,,,,
2026-07-01T10:01:22.140052+00:00,2026-07-01T20:01:22.131052,2,3,81.95,0.3,81.8,150,81.7,102,,,,,,,,,,,,,,,,,82.1,12,82.2,100,82.3,150,,,,,,,,,,,,,,
2026-07-01T10:01:22.503052+00:00,2026-07-01T20:01:22.498052,2,2,82.0,0.4,81.8,150,81.7,102,,,,,,,,,,,,,,,,,82.2,62,82.3,150,,,,,,,,,,,,,,,,
2026-07-01T10:01:24.053220+00:00,2026-07-01T20:01:24.048211,2,2,82.0,0.4,81.8,150,81.7,102,,,,,,,,,,,,,,,,,82.2,22,82.3,150,,,,,,,,,,,,,,,,
2026-07-01T10:01:24.185220+00:00,2026-07-01T20:01:24.184220,2,3,81.95,0.3,81.8,150,81.7,102,,,,,,,,,,,,,,,,,82.1,1,82.2,22,82.3,150,,,,,,,,,,,,,,
2026-07-01T10:01:24.262211+00:00,2026-07-01T20:01:24.261210,2,2,81.95,0.3,81.8,150,81.7,102,,,,,,,,,,,,,,,,,82.1,1,82.2,22,,,,,,,,,,,,,,,,
2026-07-01T10:01:24.273211+00:00,2026-07-01T20:01:24.264211,1,2,81.9,0.4,81.7,102,,,,,,,,,,,,,,,,,,,82.1,1,82.2,22,,,,,,,,,,,,,,,,
2026-07-01T10:01:24.317211+00:00,2026-07-01T20:01:24.309210,2,2,82.0,0.2,81.9,150,81.7,102,,,,,,,,,,,,,,,,,82.1,1,82.2,22,,,,,,,,,,,,,,,,
2026-07-01T10:01:24.383211+00:00,2026-07-01T20:01:24.380211,2,3,82.0,0.2,81.9,150,81.7,102,,,,,,,,,,,,,,,,,82.1,1,82.2,22,82.4,150,,,,,,,,,,,,,,
2026-07-01T10:01:24.394210+00:00,2026-07-01T20:01:24.384210,2,2,82.05,0.3,81.9,150,81.7,102,,,,,,,,,,,,,,,,,82.2,22,82.4,150,,,,,,,,,,,,,,,,
2026-07-01T10:01:24.614210+00:00,2026-07-01T20:01:24.606211,2,1,82.15,0.5,81.9,150,81.7,102,,,,,,,,,,,,,,,,,82.4,122,,,,,,,,,,,,,,,,,,
2026-07-01T10:01:24.625210+00:00,2026-07-01T20:01:24.621210,2,1,82.15,0.5,81.9,150,81.7,102,,,,,,,,,,,,,,,,,82.4,74,,,,,,,,,,,,,,,,,,
2026-07-01T10:01:24.889211+00:00,2026-07-01T20:01:24.880210,2,1,82.15,0.5,81.9,150,81.7,2,,,,,,,,,,,,,,,,,82.4,74,,,,,,,,,,,,,,,,,,
2026-07-01T10:01:24.944211+00:00,2026-07-01T20:01:24.942211,3,1,82.2,0.4,82.0,100,81.9,150,81.7,2,,,,,,,,,,,,,,,82.4,74,,,,,,,,,,,,,,,,,,
2026-07-01T10:01:25.010212+00:00,2026-07-01T20:01:25.005211,3,2,82.2,0.4,82.0,100,81.9,150,81.7,2,,,,,,,,,,,,,,,82.4,74,82.5,100,,,,,,,,,,,,,,,,
2026-07-01T10:01:25.175211+00:00,2026-07-01T20:01:25.169212,3,3,82.15,0.3,82.0,100,81.9,150,81.7,2,,,,,,,,,,,,,,,82.3,10,82.4,74,82.5,100,,,,,,,,,,,,,,
2026-07-01T10:01:25.681211+00:00,2026-07-01T20:01:25.679212,3,3,82.15,0.3,82.0,100,81.9,150,81.7,2,,,,,,,,,,,,,,,82.3,10,82.4,74,82.5,100,,,,,,,,,,,,,,
2026-07-01T10:01:26.175755+00:00,2026-07-01T20:01:26.172755,3,3,82.15,0.3,82.0,54,81.9,150,81.7,2,,,,,,,,,,,,,,,82.3,10,82.4,74,82.5,100,,,,,,,,,,,,,,
2026-07-01T10:01:26.186755+00:00,2026-07-01T20:01:26.184755,2,2,82.2,0.4,82.0,54,81.9,150,,,,,,,,,,,,,,,,,82.4,74,82.5,100,,,,,,,,,,,,,,,,
2026-07-01T10:01:26.197754+00:00,2026-07-01T20:01:26.188755,3,2,82.25,0.3,82.1,10,82.0,54,81.9,150,,,,,,,,,,,,,,,82.4,74,82.5,100,,,,,,,,,,,,,,,,
2026-07-01T10:01:26.241754+00:00,2026-07-01T20:01:26.236755,3,2,82.25,0.3,82.1,10,82.0,54,81.9,156,,,,,,,,,,,,,,,82.4,74,82.5,100,,,,,,,,,,,,,,,,
2026-07-01T10:01:26.692755+00:00,2026-07-01T20:01:26.689754,2,2,82.2,0.4,82.0,54,81.9,156,,,,,,,,,,,,,,,,,82.4,74,82.5,100,,,,,,,,,,,,,,,,
2026-07-01T10:01:26.703755+00:00,2026-07-01T20:01:26.701754,2,3,82.15,0.3,82.0,9,81.9,156,,,,,,,,,,,,,,,,,82.3,10,82.4,74,82.5,100,,,,,,,,,,,,,,
2026-07-01T10:01:26.725755+00:00,2026-07-01T20:01:26.717755,2,2,82.2,0.4,82.0,9,81.9,156,,,,,,,,,,,,,,,,,82.4,34,82.5,100,,,,,,,,,,,,,,,,
2026-07-01T10:01:27.440763+00:00,2026-07-01T20:01:27.439764,2,1,82.25,0.5,82.0,9,81.9,156,,,,,,,,,,,,,,,,,82.5,100,,,,,,,,,,,,,,,,,,
2026-07-01T10:01:27.451764+00:00,2026-07-01T20:01:27.440763,2,1,82.25,0.5,82.0,9,81.9,6,,,,,,,,,,,,,,,,,82.5,100,,,,,,,,,,,,,,,,,,
2026-07-01T10:01:27.495764+00:00,2026-07-01T20:01:27.490763,3,1,82.45,0.1,82.4,150,82.0,9,81.9,6,,,,,,,,,,,,,,,82.5,100,,,,,,,,,,,,,,,,,,
2026-07-01T10:01:27.550764+00:00,2026-07-01T20:01:27.542764,3,2,82.45,0.1,82.4,150,82.0,9,81.9,6,,,,,,,,,,,,,,,82.5,100,82.9,150,,,,,,,,,,,,,,,,
2026-07-01T10:01:27.715764+00:00,2026-07-01T20:01:27.711764,3,2,82.45,0.1,82.4,150,82.0,9,81.9,6,,,,,,,,,,,,,,,82.5,110,82.9,150,,,,,,,,,,,,,,,,
2026-07-01T10:01:27.825755+00:00,2026-07-01T20:01:27.822755,3,2,82.45,0.1,82.4,150,82.0,9,81.9,5,,,,,,,,,,,,,,,82.5,110,82.9,150,,,,,,,,,,,,,,,,
2026-07-01T10:01:28.089754+00:00,2026-07-01T20:01:28.081755,2,2,82.45,0.1,82.4,150,81.9,5,,,,,,,,,,,,,,,,,82.5,10,82.9,150,,,,,,,,,,,,,,,,
2026-07-01T10:01:28.133763+00:00,2026-07-01T20:01:28.128764,3,2,82.45,0.1,82.4,150,81.9,5,81.8,100,,,,,,,,,,,,,,,82.5,10,82.9,150,,,,,,,,,,,,,,,,
2026-07-01T10:01:28.199754+00:00,2026-07-01T20:01:28.197754,3,2,82.45,0.1,82.4,50,81.9,5,81.8,100,,,,,,,,,,,,,,,82.5,10,82.9,150,,,,,,,,,,,,,,,,
2026-07-01T10:01:28.232755+00:00,2026-07-01T20:01:28.230755,3,2,82.6,0.4,82.4,50,81.9,4,81.8,100,,,,,,,,,,,,,,,82.8,10,82.9,150,,,,,,,,,,,,,,,,
2026-07-01T10:01:28.287755+00:00,2026-07-01T20:01:28.281755,3,1,82.65,0.5,82.4,50,81.9,4,81.8,100,,,,,,,,,,,,,,,82.9,113,,,,,,,,,,,,,,,,,,
2026-07-01T10:01:28.737610+00:00,2026-07-01T20:01:28.733610,3,2,82.6,0.4,82.4,50,81.9,4,81.8,100,,,,,,,,,,,,,,,82.8,10,82.9,113,,,,,,,,,,,,,,,,
2026-07-01T10:01:28.858803+00:00,2026-07-01T20:01:28.857803,3,1,82.65,0.5,82.4,50,81.9,4,81.8,100,,,,,,,,,,,,,,,82.9,73,,,,,,,,,,,,,,,,,,
2026-07-01T10:01:29.265812+00:00,2026-07-01T20:01:29.263812,3,2,82.6,0.4,82.4,50,81.9,4,81.8,100,,,,,,,,,,,,,,,82.8,10,82.9,73,,,,,,,,,,,,,,,,
2026-07-01T10:01:29.749812+00:00,2026-07-01T20:01:29.747811,3,1,82.65,0.5,82.4,50,81.9,4,81.8,100,,,,,,,,,,,,,,,82.9,73,,,,,,,,,,,,,,,,,,
2026-07-01T10:01:29.760812+00:00,2026-07-01T20:01:29.750812,3,2,82.6,0.4,82.4,50,81.9,4,81.8,100,,,,,,,,,,,,,,,82.8,10,82.9,73,,,,,,,,,,,,,,,,
2026-07-01T10:01:30.266803+00:00,2026-07-01T20:01:30.259803,3,1,82.65,0.5,82.4,50,81.9,4,81.8,100,,,,,,,,,,,,,,,82.9,73,,,,,,,,,,,,,,,,,,
2026-07-01T10:01:30.277802+00:00,2026-07-01T20:01:30.266803,3,2,82.6,0.4,82.4,50,81.9,4,81.8,100,,,,,,,,,,,,,,,82.8,10,82.9,73,,,,,,,,,,,,,,,,
2026-07-01T10:01:30.618803+00:00,2026-07-01T20:01:30.609802,2,1,82.35,0.9,81.9,4,81.8,100,,,,,,,,,,,,,,,,,82.8,10,,,,,,,,,,,,,,,,,,
2026-07-01T10:01:30.684802+00:00,2026-07-01T20:01:30.675803,3,1,82.6,0.4,82.4,150,81.9,4,81.8,100,,,,,,,,,,,,,,,82.8,10,,,,,,,,,,,,,,,,,,
2026-07-01T10:01:30.739803+00:00,2026-07-01T20:01:30.728803,3,2,82.6,0.4,82.4,150,81.9,4,81.8,100,,,,,,,,,,,,,,,82.8,10,82.9,150,,,,,,,,,,,,,,,,
2026-07-01T10:01:30.794803+00:00,2026-07-01T20:01:30.786803,3,2,82.6,0.4,82.4,150,81.9,4,81.8,100,,,,,,,,,,,,,,,82.8,10,82.9,150,,,,,,,,,,,,,,,,
2026-07-01T10:01:30.981802+00:00,2026-07-01T20:01:30.977802,2,1,82.65,0.5,82.4,150,81.8,100,,,,,,,,,,,,,,,,,82.9,110,,,,,,,,,,,,,,,,,,
2026-07-01T10:01:31.267803+00:00,2026-07-01T20:01:31.262803,1,1,82.65,0.5,82.4,150,,,,,,,,,,,,,,,,,,,82.9,110,,,,,,,,,,,,,,,,,,
2026-07-01T10:01:31.322802+00:00,2026-07-01T20:01:31.317802,2,1,82.65,0.5,82.4,150,82.1,100,,,,,,,,,,,,,,,,,82.9,110,,,,,,,,,,,,,,,,,,
2026-07-01T10:01:31.388803+00:00,2026-07-01T20:01:31.380802,2,2,82.5,0.2,82.4,150,82.1,100,,,,,,,,,,,,,,,,,82.6,100,82.9,110,,,,,,,,,,,,,,,,
2026-07-01T10:01:32.895802+00:00,2026-07-01T20:01:32.886803,2,2,82.5,0.2,82.4,110,82.1,100,,,,,,,,,,,,,,,,,82.6,100,82.9,110,,,,,,,,,,,,,,,,
2026-07-01T10:01:33.126802+00:00,2026-07-01T20:01:33.115803,2,2,82.5,0.2,82.4,110,82.1,100,,,,,,,,,,,,,,,,,82.6,50,82.9,110,,,,,,,,,,,,,,,,
2026-07-01T10:01:33.334742+00:00,2026-07-01T20:01:33.332743,2,2,82.5,0.2,82.4,110,82.1,100,,,,,,,,,,,,,,,,,82.6,60,82.9,110,,,,,,,,,,,,,,,,
2026-07-01T10:01:33.818742+00:00,2026-07-01T20:01:33.815743,1,1,82.35,0.5,82.1,100,,,,,,,,,,,,,,,,,,,82.6,60,,,,,,,,,,,,,,,,,,
2026-07-01T10:01:33.862742+00:00,2026-07-01T20:01:33.856743,1,1,82.35,0.5,82.1,100,,,,,,,,,,,,,,,,,,,82.6,50,,,,,,,,,,,,,,,,,,
2026-07-01T10:01:33.884742+00:00,2026-07-01T20:01:33.874743,1,1,82.35,0.5,82.1,250,,,,,,,,,,,,,,,,,,,82.6,50,,,,,,,,,,,,,,,,,,
2026-07-01T10:01:33.928742+00:00,2026-07-01T20:01:33.917743,1,1,82.35,0.5,82.1,250,,,,,,,,,,,,,,,,,,,82.6,200,,,,,,,,,,,,,,,,,,
2026-07-01T10:01:34.016742+00:00,2026-07-01T20:01:34.012742,1,1,82.35,0.5,82.1,203,,,,,,,,,,,,,,,,,,,82.6,200,,,,,,,,,,,,,,,,,,
2026-07-01T10:01:34.379742+00:00,2026-07-01T20:01:34.378743,1,1,82.35,0.5,82.1,150,,,,,,,,,,,,,,,,,,,82.6,150,,,,,,,,,,,,,,,,,,
2026-07-01T10:01:34.434742+00:00,2026-07-01T20:01:34.428742,2,1,82.35,0.5,82.1,150,82.0,100,,,,,,,,,,,,,,,,,82.6,150,,,,,,,,,,,,,,,,,,
2026-07-01T10:01:34.456742+00:00,2026-07-01T20:01:34.455743,2,1,82.35,0.5,82.1,155,82.0,100,,,,,,,,,,,,,,,,,82.6,150,,,,,,,,,,,,,,,,,,
2026-07-01T10:01:34.489742+00:00,2026-07-01T20:01:34.482742,2,2,82.3,0.4,82.1,155,82.0,100,,,,,,,,,,,,,,,,,82.5,100,82.6,150,,,,,,,,,,,,,,,,
2026-07-01T10:01:35.182752+00:00,2026-07-01T20:01:35.174751,2,2,82.3,0.4,82.1,155,82.0,100,,,,,,,,,,,,,,,,,82.5,50,82.6,150,,,,,,,,,,,,,,,,
2026-07-01T10:01:36.963804+00:00,2026-07-01T20:01:36.957804,2,1,82.3,0.4,82.1,5,82.0,100,,,,,,,,,,,,,,,,,82.5,50,,,,,,,,,,,,,,,,,,
2026-07-01T10:01:37.007813+00:00,2026-07-01T20:01:37.003813,3,1,82.4,0.2,82.3,150,82.1,5,82.0,100,,,,,,,,,,,,,,,82.5,50,,,,,,,,,,,,,,,,,,
2026-07-01T10:01:37.073805+00:00,2026-07-01T20:01:37.068804,3,2,82.4,0.2,82.3,150,82.1,5,82.0,100,,,,,,,,,,,,,,,82.5,50,82.8,150,,,,,,,,,,,,,,,,
2026-07-01T10:01:37.351804+00:00,2026-07-01T20:01:37.347804,3,1,82.55,0.5,82.3,150,82.1,5,82.0,100,,,,,,,,,,,,,,,82.8,150,,,,,,,,,,,,,,,,,,
2026-07-01T10:01:37.604804+00:00,2026-07-01T20:01:37.597804,2,1,82.55,0.5,82.3,150,82.1,5,,,,,,,,,,,,,,,,,82.8,150,,,,,,,,,,,,,,,,,,
2026-07-01T10:01:37.659804+00:00,2026-07-01T20:01:37.653804,3,1,82.65,0.3,82.5,100,82.3,150,82.1,5,,,,,,,,,,,,,,,82.8,150,,,,,,,,,,,,,,,,,,
2026-07-01T10:01:37.714803+00:00,2026-07-01T20:01:37.707804,3,2,82.65,0.3,82.5,100,82.3,150,82.1,5,,,,,,,,,,,,,,,82.8,150,83.0,100,,,,,,,,,,,,,,,,
2026-07-01T10:01:37.857804+00:00,2026-07-01T20:01:37.850804,3,3,82.6,0.2,82.5,100,82.3,150,82.1,5,,,,,,,,,,,,,,,82.7,10,82.8,150,83.0,100,,,,,,,,,,,,,,
2026-07-01T10:01:38.397004+00:00,2026-07-01T20:01:38.387005,3,3,82.6,0.2,82.5,100,82.3,150,82.1,5,,,,,,,,,,,,,,,82.7,10,82.8,150,83.0,100,,,,,,,,,,,,,,
2026-07-01T10:01:38.892005+00:00,2026-07-01T20:01:38.890004,3,2,82.65,0.3,82.5,100,82.3,150,82.1,5,,,,,,,,,,,,,,,82.8,150,83.0,100,,,,,,,,,,,,,,,,
2026-07-01T10:01:38.903005+00:00,2026-07-01T20:01:38.894005,3,3,82.6,0.2,82.5,100,82.3,150,82.1,5,,,,,,,,,,,,,,,82.7,10,82.8,150,83.0,100,,,,,,,,,,,,,,
2026-07-01T10:01:39.409004+00:00,2026-07-01T20:01:39.408004,3,2,82.65,0.3,82.5,100,82.3,150,82.1,5,,,,,,,,,,,,,,,82.8,150,83.0,100,,,,,,,,,,,,,,,,
2026-07-01T10:01:39.420005+00:00,2026-07-01T20:01:39.412005,3,3,82.6,0.2,82.5,100,82.3,150,82.1,5,,,,,,,,,,,,,,,82.7,10,82.8,150,83.0,100,,,,,,,,,,,,,,
2026-07-01T10:01:39.486006+00:00,2026-07-01T20:01:39.482005,3,2,82.65,0.3,82.5,100,82.3,150,82.1,5,,,,,,,,,,,,,,,82.8,110,83.0,100,,,,,,,,,,,,,,,,
2026-07-01T10:01:39.871006+00:00,2026-07-01T20:01:39.869005,3,3,82.6,0.2,82.5,100,82.3,150,82.1,5,,,,,,,,,,,,,,,82.7,10,82.8,110,83.0,100,,,,,,,,,,,,,,
2026-07-01T10:01:40.068520+00:00,2026-07-01T20:01:40.067519,3,2,82.6,0.2,82.5,100,82.3,150,82.1,5,,,,,,,,,,,,,,,82.7,10,83.0,100,,,,,,,,,,,,,,,,
2026-07-01T10:01:40.079520+00:00,2026-07-01T20:01:40.069519,2,2,82.6,0.2,82.5,100,82.1,5,,,,,,,,,,,,,,,,,82.7,10,83.0,100,,,,,,,,,,,,,,,,
2026-07-01T10:01:40.134521+00:00,2026-07-01T20:01:40.128520,2,2,82.6,0.2,82.5,100,82.4,150,,,,,,,,,,,,,,,,,82.7,10,83.0,100,,,,,,,,,,,,,,,,
2026-07-01T10:01:40.189519+00:00,2026-07-01T20:01:40.188519,2,3,82.6,0.2,82.5,100,82.4,150,,,,,,,,,,,,,,,,,82.7,10,82.9,150,83.0,100,,,,,,,,,,,,,,
2026-07-01T10:01:40.354519+00:00,2026-07-01T20:01:40.352519,2,2,82.7,0.4,82.5,100,82.4,150,,,,,,,,,,,,,,,,,82.9,150,83.0,100,,,,,,,,,,,,,,,,
2026-07-01T10:01:40.365520+00:00,2026-07-01T20:01:40.359519,2,3,82.65,0.3,82.5,100,82.4,150,,,,,,,,,,,,,,,,,82.8,10,82.9,150,83.0,100,,,,,,,,,,,,,,
2026-07-01T10:01:40.717519+00:00,2026-07-01T20:01:40.716519,2,2,82.65,0.3,82.5,100,82.4,150,,,,,,,,,,,,,,,,,82.8,10,82.9,150,,,,,,,,,,,,,,,,
2026-07-01T10:01:40.728520+00:00,2026-07-01T20:01:40.718520,1,2,82.6,0.4,82.4,150,,,,,,,,,,,,,,,,,,,82.8,10,82.9,150,,,,,,,,,,,,,,,,
2026-07-01T10:01:40.761519+00:00,2026-07-01T20:01:40.757519,1,2,82.6,0.4,82.4,250,,,,,,,,,,,,,,,,,,,82.8,10,82.9,150,,,,,,,,,,,,,,,,
2026-07-01T10:01:40.816519+00:00,2026-07-01T20:01:40.812519,1,2,82.6,0.4,82.4,250,,,,,,,,,,,,,,,,,,,82.8,10,82.9,250,,,,,,,,,,,,,,,,
2026-07-01T10:01:40.871519+00:00,2026-07-01T20:01:40.860519,1,1,82.65,0.5,82.4,250,,,,,,,,,,,,,,,,,,,82.9,250,,,,,,,,,,,,,,,,,,
2026-07-01T10:01:41.333519+00:00,2026-07-01T20:01:41.328519,2,1,82.65,0.5,82.4,250,82.3,6,,,,,,,,,,,,,,,,,82.9,250,,,,,,,,,,,,,,,,,,
2026-07-01T10:01:41.542519+00:00,2026-07-01T20:01:41.537519,2,1,82.65,0.5,82.4,250,82.3,6,,,,,,,,,,,,,,,,,82.9,200,,,,,,,,,,,,,,,,,,
2026-07-01T10:01:42.378519+00:00,2026-07-01T20:01:42.371519,2,1,82.65,0.5,82.4,250,82.3,4,,,,,,,,,,,,,,,,,82.9,200,,,,,,,,,,,,,,,,,,
2026-07-01T10:01:42.422520+00:00,2026-07-01T20:01:42.418520,2,2,82.6,0.4,82.4,250,82.3,4,,,,,,,,,,,,,,,,,82.8,10,82.9,200,,,,,,,,,,,,,,,,
2026-07-01T10:01:42.939520+00:00,2026-07-01T20:01:42.932519,2,2,82.6,0.4,82.4,250,82.3,4,,,,,,,,,,,,,,,,,82.8,10,82.9,200,,,,,,,,,,,,,,,,
2026-07-01T10:01:43.291520+00:00,2026-07-01T20:01:43.282520,2,2,82.6,0.4,82.4,100,82.3,4,,,,,,,,,,,,,,,,,82.8,10,82.9,100,,,,,,,,,,,,,,,,
2026-07-01T10:01:43.335063+00:00,2026-07-01T20:01:43.328063,3,2,82.65,0.3,82.5,150,82.4,100,82.3,4,,,,,,,,,,,,,,,82.8,10,82.9,100,,,,,,,,,,,,,,,,
2026-07-01T10:01:43.357061+00:00,2026-07-01T20:01:43.353061,3,2,82.65,0.3,82.5,115,82.4,100,82.3,4,,,,,,,,,,,,,,,82.8,10,82.9,100,,,,,,,,,,,,,,,,
2026-07-01T10:01:43.390061+00:00,2026-07-01T20:01:43.380063,3,3,82.65,0.3,82.5,115,82.4,100,82.3,4,,,,,,,,,,,,,,,82.8,10,82.9,100,83.0,150,,,,,,,,,,,,,,
2026-07-01T10:01:43.445062+00:00,2026-07-01T20:01:43.444063,3,2,82.7,0.4,82.5,115,82.4,100,82.3,4,,,,,,,,,,,,,,,82.9,100,83.0,150,,,,,,,,,,,,,,,,
2026-07-01T10:01:43.456063+00:00,2026-07-01T20:01:43.451061,3,3,82.65,0.3,82.5,115,82.4,100,82.3,4,,,,,,,,,,,,,,,82.8,10,82.9,100,83.0,150,,,,,,,,,,,,,,
2026-07-01T10:01:43.467061+00:00,2026-07-01T20:01:43.462063,3,3,82.65,0.3,82.5,80,82.4,100,82.3,4,,,,,,,,,,,,,,,82.8,10,82.9,100,83.0,150,,,,,,,,,,,,,,
2026-07-01T10:01:43.555062+00:00,2026-07-01T20:01:43.550063,3,3,82.65,0.3,82.5,45,82.4,100,82.3,4,,,,,,,,,,,,,,,82.8,10,82.9,100,83.0,150,,,,,,,,,,,,,,
2026-07-01T10:01:43.566062+00:00,2026-07-01T20:01:43.556063,3,3,82.65,0.3,82.5,20,82.4,100,82.3,4,,,,,,,,,,,,,,,82.8,10,82.9,100,83.0,150,,,,,,,,,,,,,,
2026-07-01T10:01:43.643063+00:00,2026-07-01T20:01:43.633061,2,3,82.6,0.4,82.4,100,82.3,4,,,,,,,,,,,,,,,,,82.8,10,82.9,100,83.0,150,,,,,,,,,,,,,,
2026-07-01T10:01:43.676062+00:00,2026-07-01T20:01:43.667062,2,2,82.65,0.5,82.4,100,82.3,4,,,,,,,,,,,,,,,,,82.9,60,83.0,150,,,,,,,,,,,,,,,,
2026-07-01T10:01:43.907062+00:00,2026-07-01T20:01:43.898061,1,1,82.65,0.7,82.3,4,,,,,,,,,,,,,,,,,,,83.0,150,,,,,,,,,,,,,,,,,,
2026-07-01T10:01:43.962061+00:00,2026-07-01T20:01:43.954061,2,1,82.8,0.4,82.6,100,82.3,4,,,,,,,,,,,,,,,,,83.0,150,,,,,,,,,,,,,,,,,,
2026-07-01T10:01:44.017063+00:00,2026-07-01T20:01:44.012062,2,2,82.8,0.4,82.6,100,82.3,4,,,,,,,,,,,,,,,,,83.0,150,83.1,100,,,,,,,,,,,,,,,,
2026-07-01T10:01:44.127072+00:00,2026-07-01T20:01:44.120073,2,2,82.8,0.4,82.6,100,82.3,4,,,,,,,,,,,,,,,,,83.0,108,83.1,100,,,,,,,,,,,,,,,,
2026-07-01T10:01:44.391074+00:00,2026-07-01T20:01:44.383074,2,2,82.8,0.4,82.6,100,82.3,3,,,,,,,,,,,,,,,,,83.0,108,83.1,100,,,,,,,,,,,,,,,,
2026-07-01T10:01:45.790072+00:00,2026-07-01T20:01:45.784072,2,2,82.8,0.4,82.6,100,82.3,3,,,,,,,,,,,,,,,,,83.0,58,83.1,100,,,,,,,,,,,,,,,,
2026-07-01T10:01:46.405620+00:00,2026-07-01T20:01:46.401620,2,2,82.8,0.4,82.6,65,82.3,3,,,,,,,,,,,,,,,,,83.0,58,83.1,100,,,,,,,,,,,,,,,,
2026-07-01T10:01:46.460620+00:00,2026-07-01T20:01:46.456621,2,1,82.85,0.5,82.6,65,82.3,3,,,,,,,,,,,,,,,,,83.1,100,,,,,,,,,,,,,,,,,,
2026-07-01T10:01:46.493621+00:00,2026-07-01T20:01:46.489620,2,2,82.8,0.4,82.6,47,82.3,3,,,,,,,,,,,,,,,,,83.0,10,83.1,100,,,,,,,,,,,,,,,,
2026-07-01T10:01:46.515620+00:00,2026-07-01T20:01:46.506620,3,2,82.8,0.4,82.6,47,82.4,150,82.3,3,,,,,,,,,,,,,,,83.0,10,83.1,100,,,,,,,,,,,,,,,,
2026-07-01T10:01:46.570621+00:00,2026-07-01T20:01:46.563621,3,3,82.75,0.3,82.6,47,82.4,150,82.3,3,,,,,,,,,,,,,,,82.9,150,83.0,10,83.1,100,,,,,,,,,,,,,,
2026-07-01T10:01:46.735621+00:00,2026-07-01T20:01:46.726620,2,3,82.65,0.5,82.4,148,82.3,3,,,,,,,,,,,,,,,,,82.9,150,83.0,10,83.1,100,,,,,,,,,,,,,,
2026-07-01T10:01:46.999620+00:00,2026-07-01T20:01:46.991620,2,2,82.65,0.5,82.4,148,82.3,3,,,,,,,,,,,,,,,,,82.9,150,83.1,100,,,,,,,,,,,,,,,,
2026-07-01T10:01:47.065620+00:00,2026-07-01T20:01:47.061621,2,1,82.65,0.5,82.4,148,82.3,3,,,,,,,,,,,,,,,,,82.9,150,,,,,,,,,,,,,,,,,,
2026-07-01T10:01:47.120620+00:00,2026-07-01T20:01:47.114621,3,1,82.65,0.5,82.4,148,82.3,3,82.2,100,,,,,,,,,,,,,,,82.9,150,,,,,,,,,,,,,,,,,,
2026-07-01T10:01:47.175620+00:00,2026-07-01T20:01:47.171621,3,2,82.55,0.3,82.4,148,82.3,3,82.2,100,,,,,,,,,,,,,,,82.7,100,82.9,150,,,,,,,,,,,,,,,,
2026-07-01T10:01:47.373620+00:00,2026-07-01T20:01:47.369620,3,2,82.55,0.3,82.4,148,82.3,3,82.2,100,,,,,,,,,,,,,,,82.7,60,82.9,150,,,,,,,,,,,,,,,,
2026-07-01T10:01:47.901621+00:00,2026-07-01T20:01:47.896621,3,1,82.65,0.5,82.4,148,82.3,3,82.2,100,,,,,,,,,,,,,,,82.9,114,,,,,,,,,,,,,,,,,,
2026-07-01T10:01:49.506892+00:00,2026-07-01T20:01:49.496893,3,1,82.65,0.5,82.4,148,82.3,2,82.2,100,,,,,,,,,,,,,,,82.9,114,,,,,,,,,,,,,,,,,,
2026-07-01T10:01:49.616901+00:00,2026-07-01T20:01:49.613902,2,0,,,82.3,2,82.2,100,,,,,,,,,,,,,,,,,,,,,,,,,,,,,,,,,,,,
2026-07-01T10:01:49.682902+00:00,2026-07-01T20:01:49.673902,3,0,,,82.5,150,82.3,2,82.2,100,,,,,,,,,,,,,,,,,,,,,,,,,,,,,,,,,,
2026-07-01T10:01:49.726892+00:00,2026-07-01T20:01:49.717893,2,1,82.75,0.5,82.5,150,82.2,100,,,,,,,,,,,,,,,,,83.0,150,,,,,,,,,,,,,,,,,,
2026-07-01T10:01:49.814893+00:00,2026-07-01T20:01:49.803893,2,2,82.65,0.3,82.5,150,82.2,100,,,,,,,,,,,,,,,,,82.8,3,83.0,150,,,,,,,,,,,,,,,,
2026-07-01T10:01:50.034894+00:00,2026-07-01T20:01:50.027893,2,1,82.75,0.5,82.5,150,82.2,100,,,,,,,,,,,,,,,,,83.0,103,,,,,,,,,,,,,,,,,,
2026-07-01T10:01:50.232894+00:00,2026-07-01T20:01:50.224894,1,1,82.75,0.5,82.5,150,,,,,,,,,,,,,,,,,,,83.0,103,,,,,,,,,,,,,,,,,,
2026-07-01T10:01:50.287894+00:00,2026-07-01T20:01:50.277188,1,1,82.75,0.5,82.5,250,,,,,,,,,,,,,,,,,,,83.0,103,,,,,,,,,,,,,,,,,,
2026-07-01T10:01:50.342895+00:00,2026-07-01T20:01:50.336893,1,1,82.75,0.5,82.5,250,,,,,,,,,,,,,,,,,,,83.0,203,,,,,,,,,,,,,,,,,,
2026-07-01T10:01:50.661895+00:00,2026-07-01T20:01:50.656893,1,1,82.75,0.5,82.5,201,,,,,,,,,,,,,,,,,,,83.0,203,,,,,,,,,,,,,,,,,,
2026-07-01T10:01:50.793892+00:00,2026-07-01T20:01:50.786893,1,2,82.65,0.3,82.5,201,,,,,,,,,,,,,,,,,,,82.8,3,83.0,203,,,,,,,,,,,,,,,,
2026-07-01T10:01:51.002893+00:00,2026-07-01T20:01:50.997893,1,2,82.65,0.3,82.5,203,,,,,,,,,,,,,,,,,,,82.8,3,83.0,203,,,,,,,,,,,,,,,,
2026-07-01T10:01:51.200893+00:00,2026-07-01T20:01:51.193894,1,2,82.65,0.3,82.5,154,,,,,,,,,,,,,,,,,,,82.8,3,83.0,203,,,,,,,,,,,,,,,,
2026-07-01T10:01:51.376894+00:00,2026-07-01T20:01:51.368894,0,2,,,,,,,,,,,,,,,,,,,,,,,82.8,3,83.0,203,,,,,,,,,,,,,,,,
2026-07-01T10:01:52.157273+00:00,2026-07-01T20:01:52.150273,0,1,,,,,,,,,,,,,,,,,,,,,,,83.0,156,,,,,,,,,,,,,,,,,,
2026-07-01T10:01:52.410273+00:00,2026-07-01T20:01:52.400273,0,2,,,,,,,,,,,,,,,,,,,,,,,82.8,4,83.0,156,,,,,,,,,,,,,,,,
2026-07-01T10:01:52.784272+00:00,2026-07-01T20:01:52.779272,0,2,,,,,,,,,,,,,,,,,,,,,,,82.8,4,83.0,100,,,,,,,,,,,,,,,,
2026-07-01T10:01:52.850274+00:00,2026-07-01T20:01:52.846274,1,2,82.5,0.6,82.2,150,,,,,,,,,,,,,,,,,,,82.8,4,83.0,100,,,,,,,,,,,,,,,,
2026-07-01T10:01:52.916274+00:00,2026-07-01T20:01:52.908272,1,3,82.45,0.5,82.2,150,,,,,,,,,,,,,,,,,,,82.7,150,82.8,4,83.0,100,,,,,,,,,,,,,,
2026-07-01T10:01:53.366819+00:00,2026-07-01T20:01:53.356817,1,3,82.45,0.5,82.2,150,,,,,,,,,,,,,,,,,,,82.7,107,82.8,4,83.0,100,,,,,,,,,,,,,,
2026-07-01T10:01:53.410818+00:00,2026-07-01T20:01:53.408817,1,2,82.45,0.5,82.2,150,,,,,,,,,,,,,,,,,,,82.7,107,82.8,4,,,,,,,,,,,,,,,,
2026-07-01T10:01:53.476820+00:00,2026-07-01T20:01:53.465819,2,2,82.45,0.5,82.2,150,82.0,100,,,,,,,,,,,,,,,,,82.7,107,82.8,4,,,,,,,,,,,,,,,,
2026-07-01T10:01:53.520817+00:00,2026-07-01T20:01:53.511818,2,3,82.35,0.3,82.2,150,82.0,100,,,,,,,,,,,,,,,,,82.5,100,82.7,107,82.8,4,,,,,,,,,,,,,,
2026-07-01T10:01:53.828817+00:00,2026-07-01T20:01:53.818817,2,3,82.35,0.3,82.2,150,82.0,100,,,,,,,,,,,,,,,,,82.5,99,82.7,107,82.8,4,,,,,,,,,,,,,,
2026-07-01T10:01:53.872817+00:00,2026-07-01T20:01:53.865817,2,3,82.35,0.3,82.2,150,82.0,100,,,,,,,,,,,,,,,,,82.5,98,82.7,107,82.8,4,,,,,,,,,,,,,,
2026-07-01T10:01:53.916817+00:00,2026-07-01T20:01:53.908817,2,3,82.35,0.3,82.2,150,82.0,100,,,,,,,,,,,,,,,,,82.5,97,82.7,107,82.8,4,,,,,,,,,,,,,,
2026-07-01T10:01:54.312830+00:00,2026-07-01T20:01:54.310831,2,3,82.35,0.3,82.2,150,82.0,100,,,,,,,,,,,,,,,,,82.5,47,82.7,107,82.8,4,,,,,,,,,,,,,,
2026-07-01T10:01:54.400830+00:00,2026-07-01T20:01:54.389830,2,3,82.35,0.3,82.2,150,82.0,100,,,,,,,,,,,,,,,,,82.5,46,82.7,107,82.8,4,,,,,,,,,,,,,,
2026-07-01T10:01:55.665830+00:00,2026-07-01T20:01:55.655049,2,3,82.35,0.3,82.2,150,82.0,100,,,,,,,,,,,,,,,,,82.5,45,82.7,107,82.8,4,,,,,,,,,,,,,,
2026-07-01T10:01:56.105394+00:00,2026-07-01T20:01:56.104394,2,2,82.4,0.2,82.3,150,82.0,100,,,,,,,,,,,,,,,,,82.5,45,82.8,154,,,,,,,,,,,,,,,,
2026-07-01T10:01:56.347394+00:00,2026-07-01T20:01:56.344395,2,1,82.55,0.5,82.3,150,82.0,100,,,,,,,,,,,,,,,,,82.8,149,,,,,,,,,,,,,,,,,,
2026-07-01T10:01:56.534394+00:00,2026-07-01T20:01:56.526394,1,1,82.55,0.5,82.3,150,,,,,,,,,,,,,,,,,,,82.8,149,,,,,,,,,,,,,,,,,,
2026-07-01T10:01:56.578394+00:00,2026-07-01T20:01:56.576394,2,1,82.6,0.4,82.4,100,82.3,150,,,,,,,,,,,,,,,,,82.8,149,,,,,,,,,,,,,,,,,,
2026-07-01T10:01:56.589395+00:00,2026-07-01T20:01:56.585395,2,2,82.55,0.3,82.4,100,82.3,150,,,,,,,,,,,,,,,,,82.7,5,82.8,149,,,,,,,,,,,,,,,,
2026-07-01T10:01:56.655395+00:00,2026-07-01T20:01:56.646394,2,3,82.55,0.3,82.4,100,82.3,150,,,,,,,,,,,,,,,,,82.7,5,82.8,149,82.9,100,,,,,,,,,,,,,,
2026-07-01T10:01:57.848393+00:00,2026-07-01T20:01:57.845394,2,3,82.55,0.3,82.4,101,82.3,150,,,,,,,,,,,,,,,,,82.7,5,82.8,149,82.9,100,,,,,,,,,,,,,,
2026-07-01T10:01:58.518526+00:00,2026-07-01T20:01:58.511527,2,2,82.6,0.4,82.4,101,82.3,150,,,,,,,,,,,,,,,,,82.8,104,82.9,100,,,,,,,,,,,,,,,,
2026-07-01T10:01:58.529526+00:00,2026-07-01T20:01:58.527526,2,3,82.55,0.3,82.4,101,82.3,150,,,,,,,,,,,,,,,,,82.7,5,82.8,104,82.9,100,,,,,,,,,,,,,,
2026-07-01T10:01:58.628526+00:00,2026-07-01T20:01:58.627526,2,3,82.55,0.3,82.4,101,82.3,150,,,,,,,,,,,,,,,,,82.7,4,82.8,104,82.9,100,,,,,,,,,,,,,,
2026-07-01T10:01:59.123526+00:00,2026-07-01T20:01:59.121527,2,2,82.55,0.3,82.4,101,82.3,150,,,,,,,,,,,,,,,,,82.7,4,82.9,100,,,,,,,,,,,,,,,,
2026-07-01T10:01:59.134526+00:00,2026-07-01T20:01:59.123526,1,2,82.55,0.3,82.4,101,,,,,,,,,,,,,,,,,,,82.7,4,82.9,100,,,,,,,,,,,,,,,,
2026-07-01T10:01:59.189526+00:00,2026-07-01T20:01:59.183526,2,2,82.65,0.1,82.6,150,82.4,101,,,,,,,,,,,,,,,,,82.7,4,82.9,100,,,,,,,,,,,,,,,,
2026-07-01T10:01:59.200526+00:00,2026-07-01T20:01:59.189526,2,2,82.65,0.1,82.6,104,82.4,101,,,,,,,,,,,,,,,,,82.7,4,82.9,100,,,,,,,,,,,,,,,,
2026-07-01T10:01:59.233526+00:00,2026-07-01T20:01:59.231526,2,3,82.65,0.1,82.6,104,82.4,101,,,,,,,,,,,,,,,,,82.7,4,82.9,100,83.1,150,,,,,,,,,,,,,,
2026-07-01T10:01:59.673526+00:00,2026-07-01T20:01:59.666526,2,3,82.65,0.1,82.6,104,82.4,101,,,,,,,,,,,,,,,,,82.7,14,82.9,100,83.1,150,,,,,,,,,,,,,,
2026-07-01T10:01:59.783526+00:00,2026-07-01T20:01:59.774526,2,2,82.65,0.1,82.6,104,82.4,1,,,,,,,,,,,,,,,,,82.7,14,83.1,150,,,,,,,,,,,,,,,,
2026-07-01T10:01:59.816526+00:00,2026-07-01T20:01:59.810526,3,2,82.65,0.1,82.6,104,82.5,100,82.4,1,,,,,,,,,,,,,,,82.7,14,83.1,150,,,,,,,,,,,,,,,,
2026-07-01T10:01:59.882526+00:00,2026-07-01T20:01:59.871685,3,3,82.65,0.1,82.6,104,82.5,100,82.4,1,,,,,,,,,,,,,,,82.7,14,83.0,100,83.1,150,,,,,,,,,,,,,,
2026-07-01T10:02:00.102526+00:00,2026-07-01T20:02:00.098528,3,3,82.65,0.1,82.6,104,82.5,100,82.4,1,,,,,,,,,,,,,,,82.7,4,83.0,100,83.1,150,,,,,,,,,,,,,,
2026-07-01T10:02:00.113526+00:00,2026-07-01T20:02:00.111527,3,3,82.65,0.1,82.6,104,82.5,100,82.4,1,,,,,,,,,,,,,,,82.7,10,83.0,100,83.1,150,,,,,,,,,,,,,,
2026-07-01T10:02:00.575527+00:00,2026-07-01T20:02:00.564527,3,2,82.8,0.4,82.6,104,82.5,100,82.4,1,,,,,,,,,,,,,,,83.0,60,83.1,150,,,,,,,,,,,,,,,,
2026-07-01T10:02:00.597527+00:00,2026-07-01T20:02:00.587527,3,3,82.75,0.3,82.6,104,82.5,100,82.4,1,,,,,,,,,,,,,,,82.9,10,83.0,60,83.1,150,,,,,,,,,,,,,,
2026-07-01T10:02:01.103527+00:00,2026-07-01T20:02:01.101526,3,2,82.8,0.4,82.6,104,82.5,100,82.4,1,,,,,,,,,,,,,,,83.0,60,83.1,150,,,,,,,,,,,,,,,,
2026-07-01T10:02:01.114526+00:00,2026-07-01T20:02:01.114526,3,3,82.75,0.3,82.6,62,82.5,100,82.4,1,,,,,,,,,,,,,,,82.9,10,83.0,60,83.1,150,,,,,,,,,,,,,,
2026-07-01T10:02:01.576526+00:00,2026-07-01T20:02:01.573526,3,4,82.7,0.2,82.6,62,82.5,100,82.4,1,,,,,,,,,,,,,,,82.8,3,82.9,10,83.0,60,83.1,150,,,,,,,,,,,,
2026-07-01T10:02:01.620526+00:00,2026-07-01T20:02:01.617526,3,3,82.7,0.2,82.6,62,82.5,100,82.4,1,,,,,,,,,,,,,,,82.8,13,83.0,60,83.1,150,,,,,,,,,,,,,,
2026-07-01T10:02:02.126526+00:00,2026-07-01T20:02:02.121526,3,3,82.7,0.2,82.6,62,82.5,100,82.4,1,,,,,,,,,,,,,,,82.8,13,83.0,60,83.1,150,,,,,,,,,,,,,,
2026-07-01T10:02:02.247526+00:00,2026-07-01T20:02:02.245526,3,2,82.7,0.2,82.6,62,82.5,100,82.4,1,,,,,,,,,,,,,,,82.8,13,83.0,60,,,,,,,,,,,,,,,,
2026-07-01T10:02:02.258527+00:00,2026-07-01T20:02:02.255526,2,1,82.75,0.5,82.5,100,82.4,1,,,,,,,,,,,,,,,,,83.0,26,,,,,,,,,,,,,,,,,,
2026-07-01T10:02:02.291526+00:00,2026-07-01T20:02:02.290526,3,2,82.65,0.3,82.5,100,82.4,1,82.2,150,,,,,,,,,,,,,,,82.8,3,83.0,26,,,,,,,,,,,,,,,,
2026-07-01T10:02:02.346526+00:00,2026-07-01T20:02:02.344527,3,3,82.6,0.2,82.5,100,82.4,1,82.2,150,,,,,,,,,,,,,,,82.7,150,82.8,3,83.0,26,,,,,,,,,,,,,,
2026-07-01T10:02:02.720535+00:00,2026-07-01T20:02:02.718535,3,3,82.6,0.2,82.5,100,82.4,1,82.2,150,,,,,,,,,,,,,,,82.7,100,82.8,3,83.0,26,,,,,,,,,,,,,,
2026-07-01T10:02:02.874526+00:00,2026-07-01T20:02:02.866526,2,2,82.55,0.3,82.4,1,82.2,150,,,,,,,,,,,,,,,,,82.7,100,82.8,3,,,,,,,,,,,,,,,,
2026-07-01T10:02:02.929526+00:00,2026-07-01T20:02:02.928526,2,1,82.55,0.3,82.4,1,82.2,150,,,,,,,,,,,,,,,,,82.7,100,,,,,,,,,,,,,,,,,,
2026-07-01T10:02:02.940526+00:00,2026-07-01T20:02:02.931526,1,1,82.45,0.5,82.2,150,,,,,,,,,,,,,,,,,,,82.7,100,,,,,,,,,,,,,,,,,,
2026-07-01T10:02:02.973526+00:00,2026-07-01T20:02:02.966526,2,1,82.65,0.1,82.6,60,82.2,150,,,,,,,,,,,,,,,,,82.7,100,,,,,,,,,,,,,,,,,,
2026-07-01T10:02:03.028526+00:00,2026-07-01T20:02:03.024526,2,2,82.65,0.1,82.6,60,82.2,150,,,,,,,,,,,,,,,,,82.7,100,83.1,100,,,,,,,,,,,,,,,,
2026-07-01T10:02:03.160526+00:00,2026-07-01T20:02:03.157526,2,2,82.65,0.1,82.6,60,82.2,150,,,,,,,,,,,,,,,,,82.7,110,83.1,100,,,,,,,,,,,,,,,,
2026-07-01T10:02:03.567098+00:00,2026-07-01T20:02:03.565099,2,2,82.65,0.1,82.6,35,82.2,150,,,,,,,,,,,,,,,,,82.7,110,83.1,100,,,,,,,,,,,,,,,,
2026-07-01T10:02:03.666099+00:00,2026-07-01T20:02:03.665100,2,2,82.65,0.1,82.6,35,82.2,150,,,,,,,,,,,,,,,,,82.7,100,83.1,100,,,,,,,,,,,,,,,,
2026-07-01T10:02:03.677100+00:00,2026-07-01T20:02:03.669098,2,2,82.65,0.1,82.6,35,82.2,150,,,,,,,,,,,,,,,,,82.7,110,83.1,100,,,,,,,,,,,,,,,,
2026-07-01T10:02:03.710100+00:00,2026-07-01T20:02:03.706100,2,2,82.65,0.1,82.6,31,82.2,150,,,,,,,,,,,,,,,,,82.7,110,83.1,100,,,,,,,,,,,,,,,,
2026-07-01T10:02:04.183099+00:00,2026-07-01T20:02:04.179099,2,2,82.65,0.1,82.6,31,82.2,150,,,,,,,,,,,,,,,,,82.7,100,83.1,100,,,,,,,,,,,,,,,,
2026-07-01T10:02:04.194099+00:00,2026-07-01T20:02:04.184099,2,2,82.65,0.1,82.6,31,82.2,150,,,,,,,,,,,,,,,,,82.7,110,83.1,100,,,,,,,,,,,,,,,,
2026-07-01T10:02:04.700099+00:00,2026-07-01T20:02:04.691099,2,2,82.65,0.1,82.6,31,82.2,150,,,,,,,,,,,,,,,,,82.7,100,83.1,100,,,,,,,,,,,,,,,,
2026-07-01T10:02:04.854099+00:00,2026-07-01T20:02:04.847099,2,2,82.65,0.1,82.6,31,82.2,150,,,,,,,,,,,,,,,,,82.7,50,83.1,100,,,,,,,,,,,,,,,,
2026-07-01T10:02:05.415108+00:00,2026-07-01T20:02:05.413099,2,1,82.85,0.5,82.6,31,82.2,150,,,,,,,,,,,,,,,,,83.1,100,,,,,,,,,,,,,,,,,,
2026-07-01T10:02:05.426108+00:00,2026-07-01T20:02:05.415400,1,1,82.85,0.5,82.6,31,,,,,,,,,,,,,,,,,,,83.1,100,,,,,,,,,,,,,,,,,,
2026-07-01T10:02:05.470108+00:00,2026-07-01T20:02:05.465108,2,1,82.95,0.3,82.8,150,82.6,31,,,,,,,,,,,,,,,,,83.1,100,,,,,,,,,,,,,,,,,,
2026-07-01T10:02:05.536108+00:00,2026-07-01T20:02:05.529108,2,2,82.95,0.3,82.8,150,82.6,31,,,,,,,,,,,,,,,,,83.1,100,83.3,150,,,,,,,,,,,,,,,,
2026-07-01T10:02:05.712107+00:00,2026-07-01T20:02:05.705108,2,2,82.95,0.3,82.8,150,82.6,31,,,,,,,,,,,,,,,,,83.1,110,83.3,150,,,,,,,,,,,,,,,,
2026-07-01T10:02:06.085682+00:00,2026-07-01T20:02:06.084682,1,2,82.95,0.3,82.8,150,,,,,,,,,,,,,,,,,,,83.1,10,83.3,150,,,,,,,,,,,,,,,,
2026-07-01T10:02:06.151681+00:00,2026-07-01T20:02:06.144681,2,2,82.95,0.3,82.8,150,82.6,100,,,,,,,,,,,,,,,,,83.1,10,83.3,150,,,,,,,,,,,,,,,,
2026-07-01T10:02:06.195681+00:00,2026-07-01T20:02:06.190681,2,2,82.95,0.3,82.8,150,82.6,100,,,,,,,,,,,,,,,,,83.1,110,83.3,150,,,,,,,,,,,,,,,,
2026-07-01T10:02:06.217681+00:00,2026-07-01T20:02:06.214681,2,2,82.95,0.3,82.8,150,82.6,100,,,,,,,,,,,,,,,,,83.1,110,83.3,150,,,,,,,,,,,,,,,,
2026-07-01T10:02:06.734681+00:00,2026-07-01T20:02:06.726681,2,2,82.95,0.3,82.8,150,82.6,100,,,,,,,,,,,,,,,,,83.1,110,83.3,150,,,,,,,,,,,,,,,,
2026-07-01T10:02:06.954690+00:00,2026-07-01T20:02:06.952690,2,2,82.95,0.3,82.8,146,82.6,100,,,,,,,,,,,,,,,,,83.1,110,83.3,150,,,,,,,,,,,,,,,,
2026-07-01T10:02:07.251690+00:00,2026-07-01T20:02:07.245690,2,2,82.95,0.3,82.8,146,82.6,100,,,,,,,,,,,,,,,,,83.1,110,83.3,150,,,,,,,,,,,,,,,,
2026-07-01T10:02:07.405690+00:00,2026-07-01T20:02:07.395691,2,2,82.95,0.3,82.8,146,82.6,100,,,,,,,,,,,,,,,,,83.1,66,83.3,150,,,,,,,,,,,,,,,,
2026-07-01T10:02:07.746690+00:00,2026-07-01T20:02:07.743690,2,2,82.95,0.3,82.8,146,82.6,100,,,,,,,,,,,,,,,,,83.1,66,83.3,150,,,,,,,,,,,,,,,,
2026-07-01T10:02:08.010681+00:00,2026-07-01T20:02:08.005681,2,2,82.95,0.3,82.8,104,82.6,100,,,,,,,,,,,,,,,,,83.1,66,83.3,150,,,,,,,,,,,,,,,,
2026-07-01T10:02:08.032680+00:00,2026-07-01T20:02:08.028681,2,2,82.95,0.3,82.8,104,82.6,100,,,,,,,,,,,,,,,,,83.1,91,83.3,150,,,,,,,,,,,,,,,,
2026-07-01T10:02:08.252681+00:00,2026-07-01T20:02:08.250681,2,2,82.95,0.3,82.8,104,82.6,100,,,,,,,,,,,,,,,,,83.1,91,83.3,150,,,,,,,,,,,,,,,,
2026-07-01T10:02:08.560227+00:00,2026-07-01T20:02:08.557225,1,1,82.85,0.5,82.6,100,,,,,,,,,,,,,,,,,,,83.1,91,,,,,,,,,,,,,,,,,,
2026-07-01T10:02:08.582227+00:00,2026-07-01T20:02:08.579227,1,1,82.85,0.5,82.6,75,,,,,,,,,,,,,,,,,,,83.1,91,,,,,,,,,,,,,,,,,,
2026-07-01T10:02:08.626227+00:00,2026-07-01T20:02:08.621226,2,1,82.85,0.5,82.6,75,82.5,150,,,,,,,,,,,,,,,,,83.1,91,,,,,,,,,,,,,,,,,,
2026-07-01T10:02:08.692227+00:00,2026-07-01T20:02:08.689226,2,2,82.8,0.4,82.6,75,82.5,150,,,,,,,,,,,,,,,,,83.0,150,83.1,91,,,,,,,,,,,,,,,,
2026-07-01T10:02:08.769228+00:00,2026-07-01T20:02:08.762228,2,2,82.8,0.4,82.6,75,82.5,150,,,,,,,,,,,,,,,,,83.0,150,83.1,81,,,,,,,,,,,,,,,,
2026-07-01T10:02:08.949228+00:00,2026-07-01T20:02:08.948227,2,2,82.8,0.4,82.6,75,82.5,150,,,,,,,,,,,,,,,,,83.0,103,83.1,81,,,,,,,,,,,,,,,,
2026-07-01T10:02:09.246227+00:00,2026-07-01T20:02:09.239228,1,2,82.75,0.5,82.5,150,,,,,,,,,,,,,,,,,,,83.0,103,83.1,25,,,,,,,,,,,,,,,,
2026-07-01T10:02:09.301228+00:00,2026-07-01T20:02:09.297228,2,2,82.85,0.3,82.7,100,82.5,150,,,,,,,,,,,,,,,,,83.0,103,83.1,25,,,,,,,,,,,,,,,,
2026-07-01T10:02:09.356228+00:00,2026-07-01T20:02:09.352226,2,3,82.85,0.3,82.7,100,82.5,150,,,,,,,,,,,,,,,,,83.0,103,83.1,25,83.2,100,,,,,,,,,,,,,,
2026-07-01T10:02:09.785226+00:00,2026-07-01T20:02:09.774226,2,3,82.85,0.3,82.7,100,82.5,150,,,,,,,,,,,,,,,,,83.0,113,83.1,25,83.2,100,,,,,,,,,,,,,,
2026-07-01T10:02:09.840226+00:00,2026-07-01T20:02:09.836226,2,3,82.85,0.3,82.7,100,82.5,150,,,,,,,,,,,,,,,,,83.0,113,83.1,6,83.2,100,,,,,,,,,,,,,,
2026-07-01T10:02:10.225227+00:00,2026-07-01T20:02:10.221226,2,3,82.85,0.3,82.7,96,82.5,150,,,,,,,,,,,,,,,,,83.0,113,83.1,6,83.2,100,,,,,,,,,,,,,,
2026-07-01T10:02:10.280226+00:00,2026-07-01T20:02:10.275226,2,3,82.85,0.3,82.7,96,82.5,150,,,,,,,,,,,,,,,,,83.0,103,83.1,6,83.2,100,,,,,,,,,,,,,,
2026-07-01T10:02:10.291228+00:00,2026-07-01T20:02:10.280226,2,3,82.85,0.3,82.7,96,82.5,150,,,,,,,,,,,,,,,,,83.0,113,83.1,6,83.2,100,,,,,,,,,,,,,,
2026-07-01T10:02:10.764227+00:00,2026-07-01T20:02:10.761226,2,3,82.85,0.3,82.7,96,82.5,150,,,,,,,,,,,,,,,,,83.0,103,83.1,6,83.2,100,,,,,,,,,,,,,,
2026-07-01T10:02:10.775227+00:00,2026-07-01T20:02:10.765227,2,3,82.85,0.3,82.7,96,82.5,150,,,,,,,,,,,,,,,,,83.0,113,83.1,6,83.2,100,,,,,,,,,,,,,,
2026-07-01T10:02:11.072227+00:00,2026-07-01T20:02:11.065227,2,3,82.85,0.3,82.7,96,82.5,150,,,,,,,,,,,,,,,,,83.0,113,83.1,5,83.2,100,,,,,,,,,,,,,,
2026-07-01T10:02:11.303227+00:00,2026-07-01T20:02:11.302226,2,3,82.85,0.3,82.7,96,82.5,150,,,,,,,,,,,,,,,,,83.0,113,83.1,5,83.2,100,,,,,,,,,,,,,,
2026-07-01T10:02:11.468227+00:00,2026-07-01T20:02:11.464226,2,3,82.85,0.3,82.7,48,82.5,150,,,,,,,,,,,,,,,,,83.0,113,83.1,5,83.2,100,,,,,,,,,,,,,,
2026-07-01T10:02:11.743225+00:00,2026-07-01T20:02:11.740226,2,3,82.85,0.3,82.7,48,82.5,150,,,,,,,,,,,,,,,,,83.0,10,83.1,5,83.2,100,,,,,,,,,,,,,,
2026-07-01T10:02:11.754226+00:00,2026-07-01T20:02:11.743225,1,3,82.85,0.3,82.7,48,,,,,,,,,,,,,,,,,,,83.0,10,83.1,5,83.2,100,,,,,,,,,,,,,,
2026-07-01T10:02:11.809226+00:00,2026-07-01T20:02:11.800226,2,3,82.85,0.3,82.7,48,82.5,150,,,,,,,,,,,,,,,,,83.0,10,83.1,5,83.2,100,,,,,,,,,,,,,,
2026-07-01T10:02:11.820225+00:00,2026-07-01T20:02:11.817226,2,3,82.85,0.3,82.7,48,82.5,150,,,,,,,,,,,,,,,,,83.0,10,83.1,5,83.2,100,,,,,,,,,,,,,,
2026-07-01T10:02:11.853226+00:00,2026-07-01T20:02:11.846226,2,3,82.85,0.3,82.7,48,82.5,150,,,,,,,,,,,,,,,,,83.0,160,83.1,5,83.2,100,,,,,,,,,,,,,,
2026-07-01T10:02:12.326226+00:00,2026-07-01T20:02:12.322226,2,3,82.85,0.3,82.7,48,82.5,150,,,,,,,,,,,,,,,,,83.0,150,83.1,5,83.2,100,,,,,,,,,,,,,,
2026-07-01T10:02:12.337226+00:00,2026-07-01T20:02:12.327226,2,3,82.85,0.3,82.7,48,82.5,150,,,,,,,,,,,,,,,,,83.0,160,83.1,5,83.2,100,,,,,,,,,,,,,,
2026-07-01T10:02:12.348226+00:00,2026-07-01T20:02:12.345226,2,3,82.85,0.3,82.7,2,82.5,150,,,,,,,,,,,,,,,,,83.0,160,83.1,5,83.2,100,,,,,,,,,,,,,,
2026-07-01T10:02:12.414226+00:00,2026-07-01T20:02:12.411226,1,2,82.75,0.5,82.5,150,,,,,,,,,,,,,,,,,,,83.0,160,83.1,5,,,,,,,,,,,,,,,,
2026-07-01T10:02:12.480226+00:00,2026-07-01T20:02:12.470226,2,2,82.75,0.5,82.5,150,82.1,100,,,,,,,,,,,,,,,,,83.0,160,83.1,5,,,,,,,,,,,,,,,,
2026-07-01T10:02:12.535226+00:00,2026-07-01T20:02:12.527226,2,3,82.55,0.1,82.5,150,82.1,100,,,,,,,,,,,,,,,,,82.6,100,83.0,160,83.1,5,,,,,,,,,,,,,,
2026-07-01T10:02:12.832226+00:00,2026-07-01T20:02:12.828226,2,3,82.55,0.1,82.5,150,82.1,100,,,,,,,,,,,,,,,,,82.6,100,83.0,150,83.1,5,,,,,,,,,,,,,,
2026-07-01T10:02:12.843226+00:00,2026-07-01T20:02:12.837226,2,3,82.55,0.1,82.5,150,82.1,100,,,,,,,,,,,,,,,,,82.6,65,83.0,150,83.1,5,,,,,,,,,,,,,,
2026-07-01T10:02:13.359763+00:00,2026-07-01T20:02:13.354763,2,3,82.55,0.1,82.5,150,82.1,100,,,,,,,,,,,,,,,,,82.6,65,83.0,150,83.1,5,,,,,,,,,,,,,,
2026-07-01T10:02:13.590763+00:00,2026-07-01T20:02:13.581764,2,3,82.55,0.1,82.5,146,82.1,100,,,,,,,,,,,,,,,,,82.6,65,83.0,150,83.1,5,,,,,,,,,,,,,,
2026-07-01T10:02:13.634764+00:00,2026-07-01T20:02:13.632764,2,3,82.55,0.1,82.5,121,82.1,100,,,,,,,,,,,,,,,,,82.6,65,83.0,150,83.1,5,,,,,,,,,,,,,,
2026-07-01T10:02:13.865763+00:00,2026-07-01T20:02:13.860764,2,3,82.55,0.1,82.5,121,82.1,100,,,,,,,,,,,,,,,,,82.6,65,83.0,150,83.1,5,,,,,,,,,,,,,,
2026-07-01T10:02:14.382764+00:00,2026-07-01T20:02:14.380763,2,3,82.55,0.1,82.5,121,82.1,100,,,,,,,,,,,,,,,,,82.6,55,83.0,150,83.1,5,,,,,,,,,,,,,,
2026-07-01T10:02:14.393764+00:00,2026-07-01T20:02:14.387764,2,3,82.55,0.1,82.5,121,82.1,100,,,,,,,,,,,,,,,,,82.6,65,83.0,150,83.1,5,,,,,,,,,,,,,,
2026-07-01T10:02:14.926763+00:00,2026-07-01T20:02:14.921763,2,3,82.55,0.1,82.5,121,82.1,100,,,,,,,,,,,,,,,,,82.6,65,83.0,150,83.1,5,,,,,,,,,,,,,,
2026-07-01T10:02:14.959764+00:00,2026-07-01T20:02:14.956764,1,2,82.35,0.5,82.1,100,,,,,,,,,,,,,,,,,,,82.6,65,83.1,5,,,,,,,,,,,,,,,,
2026-07-01T10:02:15.003764+00:00,2026-07-01T20:02:15.002763,2,2,82.45,0.3,82.3,150,82.1,100,,,,,,,,,,,,,,,,,82.6,65,83.1,5,,,,,,,,,,,,,,,,
2026-07-01T10:02:15.058764+00:00,2026-07-01T20:02:15.055763,2,3,82.45,0.3,82.3,150,82.1,100,,,,,,,,,,,,,,,,,82.6,65,82.8,150,83.1,5,,,,,,,,,,,,,,
