recv_time,book_timestamp,n_bids,n_asks,mid,spread,bid_px_0,bid_vol_0,bid_px_1,bid_vol_1,bid_px_2,bid_vol_2,bid_px_3,bid_vol_3,bid_px_4,bid_vol_4,bid_px_5,bid_vol_5,bid_px_6,bid_vol_6,bid_px_7,bid_vol_7,bid_px_8,bid_vol_8,bid_px_9,bid_vol_9,ask_px_0,ask_vol_0,ask_px_1,ask_vol_1,ask_px_2,ask_vol_2,ask_px_3,ask_vol_3,ask_px_4,ask_vol_4,ask_px_5,ask_vol_5,ask_px_6,ask_vol_6,ask_px_7,ask_vol_7,ask_px_8,ask_vol_8,ask_px_9,ask_vol_9
2026-07-05T15:00:00.020801+00:00,2026-07-05T15:00:00.020750,2,0,,,163.1,139,162.2,100,,,,,,,,,,,,,,,,,,,,,,,,,,,,,,,,,,,,
2026-07-05T15:00:00.121191+00:00,2026-07-05T15:00:00.151687,2,1,163.35,0.5,163.1,76,162.2,100,,,,,,,,,,,,,,,,,163.6,150,,,,,,,,,,,,,,,,,,
2026-07-05T15:00:01.154563+00:00,2026-07-05T15:00:01.154475,1,1,163.35,0.5,163.1,76,,,,,,,,,,,,,,,,,,,163.6,150,,,,,,,,,,,,,,,,,,
2026-07-05T15:00:01.208181+00:00,2026-07-05T15:00:01.208082,2,1,163.35,0.5,163.1,76,162.8,100,,,,,,,,,,,,,,,,,163.6,150,,,,,,,,,,,,,,,,,,
2026-07-05T15:00:01.265593+00:00,2026-07-05T15:00:01.265475,2,2,163.2,0.2,163.1,76,162.8,100,,,,,,,,,,,,,,,,,163.3,100,163.6,150,,,,,,,,,,,,,,,,
2026-07-05T15:00:01.341654+00:00,2026-07-05T15:00:01.341520,2,2,163.2,0.2,163.1,72,162.8,100,,,,,,,,,,,,,,,,,163.3,100,163.6,150,,,,,,,,,,,,,,,,
2026-07-05T15:00:01.625953+00:00,2026-07-05T15:00:01.625841,2,2,163.2,0.2,163.1,25,162.8,100,,,,,,,,,,,,,,,,,163.3,100,163.6,150,,,,,,,,,,,,,,,,
2026-07-05T15:00:01.694361+00:00,2026-07-05T15:00:01.688165,2,2,163.2,0.2,163.1,13,162.8,100,,,,,,,,,,,,,,,,,163.3,100,163.6,150,,,,,,,,,,,,,,,,
2026-07-05T15:00:02.100187+00:00,2026-07-05T15:00:02.100102,1,2,163.05,0.5,162.8,63,,,,,,,,,,,,,,,,,,,163.3,100,163.6,150,,,,,,,,,,,,,,,,
2026-07-05T15:00:03.129600+00:00,2026-07-05T15:00:03.129522,1,1,163.05,0.5,162.8,63,,,,,,,,,,,,,,,,,,,163.3,100,,,,,,,,,,,,,,,,,,
2026-07-05T15:00:03.196905+00:00,2026-07-05T15:00:03.183554,2,1,163.05,0.5,162.8,63,162.4,150,,,,,,,,,,,,,,,,,163.3,100,,,,,,,,,,,,,,,,,,
2026-07-05T15:00:03.247677+00:00,2026-07-05T15:00:03.247761,2,2,162.85,0.1,162.8,63,162.4,150,,,,,,,,,,,,,,,,,162.9,150,163.3,100,,,,,,,,,,,,,,,,
2026-07-05T15:00:03.260362+00:00,2026-07-05T15:00:03.254367,2,2,162.85,0.1,162.8,63,162.4,150,,,,,,,,,,,,,,,,,162.9,138,163.3,100,,,,,,,,,,,,,,,,
2026-07-05T15:00:03.291852+00:00,2026-07-05T15:00:03.291705,2,2,162.85,0.1,162.8,61,162.4,150,,,,,,,,,,,,,,,,,162.9,138,163.3,100,,,,,,,,,,,,,,,,
2026-07-05T15:00:03.313817+00:00,2026-07-05T15:00:03.306961,2,2,162.85,0.1,162.8,61,162.4,150,,,,,,,,,,,,,,,,,162.9,127,163.3,100,,,,,,,,,,,,,,,,
2026-07-05T15:00:04.213476+00:00,2026-07-05T15:00:04.213575,2,2,162.85,0.1,162.8,11,162.4,150,,,,,,,,,,,,,,,,,162.9,127,163.3,100,,,,,,,,,,,,,,,,
2026-07-05T15:00:04.229192+00:00,2026-07-05T15:00:04.229317,2,2,162.85,0.1,162.8,11,162.4,150,,,,,,,,,,,,,,,,,162.9,82,163.3,100,,,,,,,,,,,,,,,,
2026-07-05T15:00:04.317754+00:00,2026-07-05T15:00:04.317653,1,1,162.65,0.5,162.4,150,,,,,,,,,,,,,,,,,,,162.9,82,,,,,,,,,,,,,,,,,,
2026-07-05T15:00:04.383613+00:00,2026-07-05T15:00:04.370959,1,1,162.65,0.5,162.4,250,,,,,,,,,,,,,,,,,,,162.9,82,,,,,,,,,,,,,,,,,,
2026-07-05T15:00:04.429950+00:00,2026-07-05T15:00:04.429850,1,1,162.65,0.5,162.4,250,,,,,,,,,,,,,,,,,,,162.9,182,,,,,,,,,,,,,,,,,,
2026-07-05T15:00:06.269220+00:00,2026-07-05T15:00:06.269394,1,1,162.65,0.5,162.4,250,,,,,,,,,,,,,,,,,,,162.9,132,,,,,,,,,,,,,,,,,,
2026-07-05T15:00:06.299481+00:00,2026-07-05T15:00:06.299363,1,1,162.65,0.5,162.4,100,,,,,,,,,,,,,,,,,,,162.9,100,,,,,,,,,,,,,,,,,,
2026-07-05T15:00:06.358664+00:00,2026-07-05T15:00:06.353296,2,1,162.75,0.3,162.6,150,162.4,100,,,,,,,,,,,,,,,,,162.9,100,,,,,,,,,,,,,,,,,,
2026-07-05T15:00:06.404024+00:00,2026-07-05T15:00:06.403942,2,2,162.75,0.3,162.6,150,162.4,100,,,,,,,,,,,,,,,,,162.9,100,163.1,150,,,,,,,,,,,,,,,,
2026-07-05T15:00:07.208849+00:00,2026-07-05T15:00:07.208559,2,2,162.75,0.3,162.6,103,162.4,100,,,,,,,,,,,,,,,,,162.9,100,163.1,150,,,,,,,,,,,,,,,,
2026-07-05T15:00:07.483085+00:00,2026-07-05T15:00:07.483023,1,1,162.85,0.5,162.6,103,,,,,,,,,,,,,,,,,,,163.1,150,,,,,,,,,,,,,,,,,,
2026-07-05T15:00:07.536657+00:00,2026-07-05T15:00:07.536630,2,1,162.85,0.5,162.6,103,162.2,100,,,,,,,,,,,,,,,,,163.1,150,,,,,,,,,,,,,,,,,,
2026-07-05T15:00:07.591999+00:00,2026-07-05T15:00:07.591961,2,2,162.65,0.1,162.6,103,162.2,100,,,,,,,,,,,,,,,,,162.7,100,163.1,150,,,,,,,,,,,,,,,,
2026-07-05T15:00:08.308551+00:00,2026-07-05T15:00:08.308450,2,2,162.65,0.1,162.6,101,162.2,100,,,,,,,,,,,,,,,,,162.7,100,163.1,150,,,,,,,,,,,,,,,,
2026-07-05T15:00:08.376873+00:00,2026-07-05T15:00:08.376805,2,2,162.65,0.1,162.6,101,162.2,100,,,,,,,,,,,,,,,,,162.7,50,163.1,150,,,,,,,,,,,,,,,,
2026-07-05T15:00:09.463823+00:00,2026-07-05T15:00:09.463781,1,1,162.45,0.5,162.2,100,,,,,,,,,,,,,,,,,,,162.7,50,,,,,,,,,,,,,,,,,,
2026-07-05T15:00:09.515191+00:00,2026-07-05T15:00:09.515161,2,1,162.55,0.3,162.4,150,162.2,100,,,,,,,,,,,,,,,,,162.7,50,,,,,,,,,,,,,,,,,,
2026-07-05T15:00:09.605076+00:00,2026-07-05T15:00:09.561392,2,2,162.55,0.3,162.4,150,162.2,100,,,,,,,,,,,,,,,,,162.7,50,162.9,150,,,,,,,,,,,,,,,,
2026-07-05T15:00:09.791914+00:00,2026-07-05T15:00:09.791768,2,2,162.55,0.3,162.4,150,162.2,100,,,,,,,,,,,,,,,,,162.7,1,162.9,150,,,,,,,,,,,,,,,,
2026-07-05T15:00:10.480096+00:00,2026-07-05T15:00:10.480063,2,1,162.65,0.5,162.4,150,162.2,100,,,,,,,,,,,,,,,,,162.9,150,,,,,,,,,,,,,,,,,,
2026-07-05T15:00:10.646273+00:00,2026-07-05T15:00:10.646222,1,1,162.65,0.5,162.4,150,,,,,,,,,,,,,,,,,,,162.9,150,,,,,,,,,,,,,,,,,,
2026-07-05T15:00:10.699249+00:00,2026-07-05T15:00:10.699336,1,1,162.65,0.5,162.4,250,,,,,,,,,,,,,,,,,,,162.9,150,,,,,,,,,,,,,,,,,,
2026-07-05T15:00:10.758619+00:00,2026-07-05T15:00:10.755917,1,1,162.65,0.5,162.4,250,,,,,,,,,,,,,,,,,,,162.9,250,,,,,,,,,,,,,,,,,,
2026-07-05T15:00:11.319672+00:00,2026-07-05T15:00:11.319583,1,1,162.65,0.5,162.4,250,,,,,,,,,,,,,,,,,,,162.9,205,,,,,,,,,,,,,,,,,,
2026-07-05T15:00:12.625381+00:00,2026-07-05T15:00:12.625507,1,1,162.65,0.5,162.4,100,,,,,,,,,,,,,,,,,,,162.9,100,,,,,,,,,,,,,,,,,,
2026-07-05T15:00:12.646301+00:00,2026-07-05T15:00:12.646429,1,1,162.65,0.5,162.4,50,,,,,,,,,,,,,,,,,,,162.9,100,,,,,,,,,,,,,,,,,,
2026-07-05T15:00:12.681366+00:00,2026-07-05T15:00:12.681258,2,1,162.75,0.3,162.6,150,162.4,50,,,,,,,,,,,,,,,,,162.9,100,,,,,,,,,,,,,,,,,,
2026-07-05T15:00:12.735680+00:00,2026-07-05T15:00:12.735547,2,2,162.75,0.3,162.6,150,162.4,50,,,,,,,,,,,,,,,,,162.9,100,163.1,150,,,,,,,,,,,,,,,,
2026-07-05T15:00:13.810838+00:00,2026-07-05T15:00:13.810776,1,1,162.85,0.5,162.6,150,,,,,,,,,,,,,,,,,,,163.1,150,,,,,,,,,,,,,,,,,,
2026-07-05T15:00:13.858647+00:00,2026-07-05T15:00:13.857074,2,1,162.85,0.5,162.6,150,162.3,100,,,,,,,,,,,,,,,,,163.1,150,,,,,,,,,,,,,,,,,,
2026-07-05T15:00:13.919288+00:00,2026-07-05T15:00:13.919402,2,2,162.7,0.2,162.6,150,162.3,100,,,,,,,,,,,,,,,,,162.8,100,163.1,150,,,,,,,,,,,,,,,,
2026-07-05T15:00:14.758620+00:00,2026-07-05T15:00:14.753985,2,2,162.7,0.2,162.6,100,162.3,100,,,,,,,,,,,,,,,,,162.8,100,163.1,150,,,,,,,,,,,,,,,,
2026-07-05T15:00:15.791363+00:00,2026-07-05T15:00:15.791289,1,1,162.55,0.5,162.3,100,,,,,,,,,,,,,,,,,,,162.8,100,,,,,,,,,,,,,,,,,,
2026-07-05T15:00:15.844877+00:00,2026-07-05T15:00:15.844983,2,1,162.6,0.4,162.4,150,162.3,100,,,,,,,,,,,,,,,,,162.8,100,,,,,,,,,,,,,,,,,,
2026-07-05T15:00:15.898529+00:00,2026-07-05T15:00:15.898646,2,2,162.6,0.4,162.4,150,162.3,100,,,,,,,,,,,,,,,,,162.8,100,162.9,150,,,,,,,,,,,,,,,,
2026-07-05T15:00:16.858858+00:00,2026-07-05T15:00:16.858711,2,2,162.6,0.4,162.4,100,162.3,100,,,,,,,,,,,,,,,,,162.8,100,162.9,150,,,,,,,,,,,,,,,,
2026-07-05T15:00:16.975113+00:00,2026-07-05T15:00:16.975011,1,1,162.65,0.5,162.4,100,,,,,,,,,,,,,,,,,,,162.9,150,,,,,,,,,,,,,,,,,,
2026-07-05T15:00:17.024821+00:00,2026-07-05T15:00:17.024727,2,1,162.65,0.5,162.4,100,162.3,100,,,,,,,,,,,,,,,,,162.9,150,,,,,,,,,,,,,,,,,,
2026-07-05T15:00:17.078417+00:00,2026-07-05T15:00:17.078332,2,2,162.6,0.4,162.4,100,162.3,100,,,,,,,,,,,,,,,,,162.8,100,162.9,150,,,,,,,,,,,,,,,,
2026-07-05T15:00:18.951337+00:00,2026-07-05T15:00:18.951277,1,1,162.55,0.5,162.3,100,,,,,,,,,,,,,,,,,,,162.8,100,,,,,,,,,,,,,,,,,,
2026-07-05T15:00:18.971410+00:00,2026-07-05T15:00:18.971347,1,1,162.55,0.5,162.3,50,,,,,,,,,,,,,,,,,,,162.8,100,,,,,,,,,,,,,,,,,,
2026-07-05T15:00:19.004659+00:00,2026-07-05T15:00:19.004785,2,1,162.55,0.5,162.3,50,161.9,150,,,,,,,,,,,,,,,,,162.8,100,,,,,,,,,,,,,,,,,,
2026-07-05T15:00:19.058566+00:00,2026-07-05T15:00:19.055364,2,2,162.35,0.1,162.3,50,161.9,150,,,,,,,,,,,,,,,,,162.4,150,162.8,100,,,,,,,,,,,,,,,,
2026-07-05T15:00:20.136716+00:00,2026-07-05T15:00:20.136608,1,1,162.15,0.5,161.9,150,,,,,,,,,,,,,,,,,,,162.4,150,,,,,,,,,,,,,,,,,,
2026-07-05T15:00:20.172851+00:00,2026-07-05T15:00:20.172780,1,1,162.15,0.5,161.9,106,,,,,,,,,,,,,,,,,,,162.4,150,,,,,,,,,,,,,,,,,,
2026-07-05T15:00:20.189681+00:00,2026-07-05T15:00:20.189578,2,1,162.25,0.3,162.1,100,161.9,106,,,,,,,,,,,,,,,,,162.4,150,,,,,,,,,,,,,,,,,,
2026-07-05T15:00:20.238902+00:00,2026-07-05T15:00:20.239028,2,2,162.25,0.3,162.1,100,161.9,106,,,,,,,,,,,,,,,,,162.4,150,162.6,100,,,,,,,,,,,,,,,,
2026-07-05T15:00:20.367986+00:00,2026-07-05T15:00:20.362334,2,2,162.25,0.3,162.1,100,161.9,106,,,,,,,,,,,,,,,,,162.4,147,162.6,100,,,,,,,,,,,,,,,,
2026-07-05T15:00:20.680731+00:00,2026-07-05T15:00:20.680664,2,2,162.25,0.3,162.1,100,161.9,106,,,,,,,,,,,,,,,,,162.4,104,162.6,100,,,,,,,,,,,,,,,,
2026-07-05T15:00:21.108658+00:00,2026-07-05T15:00:21.108475,2,2,162.25,0.3,162.1,50,161.9,106,,,,,,,,,,,,,,,,,162.4,104,162.6,100,,,,,,,,,,,,,,,,
2026-07-05T15:00:22.110395+00:00,2026-07-05T15:00:22.110554,2,1,162.35,0.5,162.1,50,161.9,106,,,,,,,,,,,,,,,,,162.6,100,,,,,,,,,,,,,,,,,,
2026-07-05T15:00:22.115759+00:00,2026-07-05T15:00:22.115719,1,1,162.35,0.5,162.1,50,,,,,,,,,,,,,,,,,,,162.6,100,,,,,,,,,,,,,,,,,,
2026-07-05T15:00:22.166426+00:00,2026-07-05T15:00:22.166282,2,1,162.45,0.3,162.3,150,162.1,50,,,,,,,,,,,,,,,,,162.6,100,,,,,,,,,,,,,,,,,,
2026-07-05T15:00:22.229436+00:00,2026-07-05T15:00:22.229286,2,2,162.45,0.3,162.3,150,162.1,50,,,,,,,,,,,,,,,,,162.6,100,162.8,150,,,,,,,,,,,,,,,,
2026-07-05T15:00:23.219221+00:00,2026-07-05T15:00:23.219108,2,2,162.45,0.3,162.3,100,162.1,50,,,,,,,,,,,,,,,,,162.6,100,162.8,150,,,,,,,,,,,,,,,,
2026-07-05T15:00:23.295977+00:00,2026-07-05T15:00:23.295816,1,1,162.55,0.5,162.3,100,,,,,,,,,,,,,,,,,,,162.8,150,,,,,,,,,,,,,,,,,,
2026-07-05T15:00:23.349042+00:00,2026-07-05T15:00:23.348864,1,1,162.55,0.5,162.3,200,,,,,,,,,,,,,,,,,,,162.8,150,,,,,,,,,,,,,,,,,,
2026-07-05T15:00:23.404581+00:00,2026-07-05T15:00:23.404404,1,1,162.55,0.5,162.3,200,,,,,,,,,,,,,,,,,,,162.8,250,,,,,,,,,,,,,,,,,,
2026-07-05T15:00:25.305373+00:00,2026-07-05T15:00:25.305523,1,1,162.55,0.5,162.3,100,,,,,,,,,,,,,,,,,,,162.8,100,,,,,,,,,,,,,,,,,,
2026-07-05T15:00:25.326519+00:00,2026-07-05T15:00:25.326444,1,1,162.55,0.5,162.3,50,,,,,,,,,,,,,,,,,,,162.8,100,,,,,,,,,,,,,,,,,,
2026-07-05T15:00:25.364352+00:00,2026-07-05T15:00:25.364249,2,1,162.55,0.5,162.3,50,162.1,150,,,,,,,,,,,,,,,,,162.8,100,,,,,,,,,,,,,,,,,,
2026-07-05T15:00:25.417620+00:00,2026-07-05T15:00:25.417734,2,2,162.45,0.3,162.3,50,162.1,150,,,,,,,,,,,,,,,,,162.6,150,162.8,100,,,,,,,,,,,,,,,,
2026-07-05T15:00:25.837720+00:00,2026-07-05T15:00:25.837622,2,2,162.45,0.3,162.3,50,162.1,150,,,,,,,,,,,,,,,,,162.6,110,162.8,100,,,,,,,,,,,,,,,,
2026-07-05T15:00:26.463849+00:00,2026-07-05T15:00:26.463764,1,1,162.35,0.5,162.1,150,,,,,,,,,,,,,,,,,,,162.6,110,,,,,,,,,,,,,,,,,,
2026-07-05T15:00:26.474296+00:00,2026-07-05T15:00:26.474149,1,1,162.35,0.5,162.1,106,,,,,,,,,,,,,,,,,,,162.6,110,,,,,,,,,,,,,,,,,,
2026-07-05T15:00:26.511088+00:00,2026-07-05T15:00:26.511050,2,1,162.35,0.5,162.1,106,162.0,100,,,,,,,,,,,,,,,,,162.6,110,,,,,,,,,,,,,,,,,,
2026-07-05T15:00:26.558594+00:00,2026-07-05T15:00:26.557912,2,2,162.3,0.4,162.1,106,162.0,100,,,,,,,,,,,,,,,,,162.5,100,162.6,110,,,,,,,,,,,,,,,,
2026-07-05T15:00:27.378096+00:00,2026-07-05T15:00:27.377985,2,2,162.3,0.4,162.1,62,162.0,100,,,,,,,,,,,,,,,,,162.5,100,162.6,110,,,,,,,,,,,,,,,,
2026-07-05T15:00:27.383313+00:00,2026-07-05T15:00:27.383205,2,2,162.3,0.4,162.1,62,162.0,100,,,,,,,,,,,,,,,,,162.5,50,162.6,110,,,,,,,,,,,,,,,,
2026-07-05T15:00:28.472127+00:00,2026-07-05T15:00:28.472039,1,1,162.25,0.5,162.0,100,,,,,,,,,,,,,,,,,,,162.5,50,,,,,,,,,,,,,,,,,,
2026-07-05T15:00:28.527034+00:00,2026-07-05T15:00:28.526951,2,1,162.25,0.5,162.0,100,161.7,150,,,,,,,,,,,,,,,,,162.5,50,,,,,,,,,,,,,,,,,,
2026-07-05T15:00:28.575335+00:00,2026-07-05T15:00:28.575224,2,2,162.1,0.2,162.0,100,161.7,150,,,,,,,,,,,,,,,,,162.2,150,162.5,50,,,,,,,,,,,,,,,,
2026-07-05T15:00:28.816466+00:00,2026-07-05T15:00:28.816358,2,2,162.1,0.2,162.0,100,161.7,150,,,,,,,,,,,,,,,,,162.2,105,162.5,50,,,,,,,,,,,,,,,,
2026-07-05T15:00:29.489041+00:00,2026-07-05T15:00:29.489190,2,2,162.1,0.2,162.0,100,161.7,150,,,,,,,,,,,,,,,,,162.2,55,162.5,50,,,,,,,,,,,,,,,,
2026-07-05T15:00:29.595563+00:00,2026-07-05T15:00:29.589843,2,2,162.1,0.2,162.0,100,161.7,150,,,,,,,,,,,,,,,,,162.2,52,162.5,50,,,,,,,,,,,,,,,,
2026-07-05T15:00:29.622271+00:00,2026-07-05T15:00:29.622215,1,1,161.95,0.5,161.7,150,,,,,,,,,,,,,,,,,,,162.2,52,,,,,,,,,,,,,,,,,,
2026-07-05T15:00:29.676454+00:00,2026-07-05T15:00:29.676353,2,1,162.15,0.1,162.1,100,161.7,150,,,,,,,,,,,,,,,,,162.2,52,,,,,,,,,,,,,,,,,,
2026-07-05T15:00:29.728071+00:00,2026-07-05T15:00:29.728038,2,2,162.15,0.1,162.1,100,161.7,150,,,,,,,,,,,,,,,,,162.2,52,162.6,100,,,,,,,,,,,,,,,,
2026-07-05T15:00:30.808721+00:00,2026-07-05T15:00:30.802931,2,2,162.15,0.1,162.1,100,161.7,150,,,,,,,,,,,,,,,,,162.2,41,162.6,100,,,,,,,,,,,,,,,,
2026-07-05T15:00:30.850564+00:00,2026-07-05T15:00:30.850419,2,2,162.15,0.1,162.1,100,161.7,150,,,,,,,,,,,,,,,,,162.2,37,162.6,100,,,,,,,,,,,,,,,,
2026-07-05T15:00:31.384066+00:00,2026-07-05T15:00:31.384003,2,2,162.15,0.1,162.1,52,161.7,150,,,,,,,,,,,,,,,,,162.2,37,162.6,100,,,,,,,,,,,,,,,,
2026-07-05T15:00:31.634795+00:00,2026-07-05T15:00:31.634680,1,1,162.35,0.5,162.1,52,,,,,,,,,,,,,,,,,,,162.6,100,,,,,,,,,,,,,,,,,,
2026-07-05T15:00:31.658594+00:00,2026-07-05T15:00:31.651922,1,1,162.35,0.5,162.1,2,,,,,,,,,,,,,,,,,,,162.6,100,,,,,,,,,,,,,,,,,,
2026-07-05T15:00:31.690329+00:00,2026-07-05T15:00:31.690222,2,1,162.5,0.2,162.4,150,162.1,2,,,,,,,,,,,,,,,,,162.6,100,,,,,,,,,,,,,,,,,,
2026-07-05T15:00:31.738933+00:00,2026-07-05T15:00:31.738792,2,2,162.5,0.2,162.4,150,162.1,2,,,,,,,,,,,,,,,,,162.6,100,162.9,150,,,,,,,,,,,,,,,,
2026-07-05T15:00:32.782578+00:00,2026-07-05T15:00:32.782502,2,1,162.65,0.5,162.4,150,162.1,2,,,,,,,,,,,,,,,,,162.9,150,,,,,,,,,,,,,,,,,,
2026-07-05T15:00:32.787863+00:00,2026-07-05T15:00:32.787681,1,1,162.65,0.5,162.4,150,,,,,,,,,,,,,,,,,,,162.9,150,,,,,,,,,,,,,,,,,,
2026-07-05T15:00:32.835975+00:00,2026-07-05T15:00:32.835931,2,1,162.65,0.5,162.4,150,161.9,100,,,,,,,,,,,,,,,,,162.9,150,,,,,,,,,,,,,,,,,,
2026-07-05T15:00:32.893549+00:00,2026-07-05T15:00:32.893700,2,1,162.65,0.5,162.4,50,161.9,100,,,,,,,,,,,,,,,,,162.9,150,,,,,,,,,,,,,,,,,,
2026-07-05T15:00:34.448428+00:00,2026-07-05T15:00:34.442503,2,1,162.65,0.5,162.4,39,161.9,100,,,,,,,,,,,,,,,,,162.9,150,,,,,,,,,,,,,,,,,,
2026-07-05T15:00:34.798415+00:00,2026-07-05T15:00:34.798322,1,0,,,161.9,100,,,,,,,,,,,,,,,,,,,,,,,,,,,,,,,,,,,,,,
2026-07-05T15:00:34.858675+00:00,2026-07-05T15:00:34.854410,1,0,,,161.9,250,,,,,,,,,,,,,,,,,,,,,,,,,,,,,,,,,,,,,,
2026-07-05T15:00:34.908567+00:00,2026-07-05T15:00:34.908431,1,1,162.15,0.5,161.9,250,,,,,,,,,,,,,,,,,,,162.4,150,,,,,,,,,,,,,,,,,,
2026-07-05T15:00:35.948617+00:00,2026-07-05T15:00:35.948559,1,1,162.15,0.5,161.9,150,,,,,,,,,,,,,,,,,,,162.4,150,,,,,,,,,,,,,,,,,,
2026-07-05T15:00:35.997439+00:00,2026-07-05T15:00:35.997407,2,1,162.25,0.3,162.1,100,161.9,150,,,,,,,,,,,,,,,,,162.4,150,,,,,,,,,,,,,,,,,,
2026-07-05T15:00:36.058789+00:00,2026-07-05T15:00:36.058648,2,2,162.25,0.3,162.1,100,161.9,150,,,,,,,,,,,,,,,,,162.4,150,162.6,100,,,,,,,,,,,,,,,,
2026-07-05T15:00:37.917973+00:00,2026-07-05T15:00:37.917909,2,2,162.25,0.3,162.1,100,161.9,150,,,,,,,,,,,,,,,,,162.4,100,162.6,100,,,,,,,,,,,,,,,,
2026-07-05T15:00:37.958584+00:00,2026-07-05T15:00:37.955296,1,1,162.35,0.5,162.1,100,,,,,,,,,,,,,,,,,,,162.6,100,,,,,,,,,,,,,,,,,,
2026-07-05T15:00:38.015544+00:00,2026-07-05T15:00:38.015498,1,1,162.35,0.5,162.1,250,,,,,,,,,,,,,,,,,,,162.6,100,,,,,,,,,,,,,,,,,,
2026-07-05T15:00:38.071560+00:00,2026-07-05T15:00:38.071465,1,1,162.35,0.5,162.1,250,,,,,,,,,,,,,,,,,,,162.6,250,,,,,,,,,,,,,,,,,,
2026-07-05T15:00:39.109360+00:00,2026-07-05T15:00:39.109286,1,1,162.35,0.5,162.1,150,,,,,,,,,,,,,,,,,,,162.6,150,,,,,,,,,,,,,,,,,,
2026-07-05T15:00:39.164397+00:00,2026-07-05T15:00:39.164324,2,1,162.35,0.5,162.1,150,162.0,100,,,,,,,,,,,,,,,,,162.6,150,,,,,,,,,,,,,,,,,,
2026-07-05T15:00:39.216058+00:00,2026-07-05T15:00:39.215962,2,2,162.3,0.4,162.1,150,162.0,100,,,,,,,,,,,,,,,,,162.5,100,162.6,150,,,,,,,,,,,,,,,,
2026-07-05T15:00:40.025848+00:00,2026-07-05T15:00:40.025764,2,2,162.3,0.4,162.1,150,162.0,100,,,,,,,,,,,,,,,,,162.5,50,162.6,150,,,,,,,,,,,,,,,,
2026-07-05T15:00:41.125147+00:00,2026-07-05T15:00:41.125027,1,1,162.25,0.5,162.0,100,,,,,,,,,,,,,,,,,,,162.5,50,,,,,,,,,,,,,,,,,,
2026-07-05T15:00:41.185325+00:00,2026-07-05T15:00:41.185253,2,1,162.3,0.4,162.1,150,162.0,100,,,,,,,,,,,,,,,,,162.5,50,,,,,,,,,,,,,,,,,,
2026-07-05T15:00:41.240355+00:00,2026-07-05T15:00:41.240233,2,2,162.3,0.4,162.1,150,162.0,100,,,,,,,,,,,,,,,,,162.5,50,162.6,150,,,,,,,,,,,,,,,,
2026-07-05T15:00:41.958656+00:00,2026-07-05T15:00:41.957083,2,2,162.3,0.4,162.1,150,162.0,100,,,,,,,,,,,,,,,,,162.5,4,162.6,150,,,,,,,,,,,,,,,,
2026-07-05T15:00:42.132789+00:00,2026-07-05T15:00:42.132668,2,1,162.35,0.5,162.1,150,162.0,100,,,,,,,,,,,,,,,,,162.6,104,,,,,,,,,,,,,,,,,,
2026-07-05T15:00:42.272822+00:00,2026-07-05T15:00:42.272914,1,1,162.35,0.5,162.1,150,,,,,,,,,,,,,,,,,,,162.6,104,,,,,,,,,,,,,,,,,,
2026-07-05T15:00:42.326117+00:00,2026-07-05T15:00:42.326054,1,1,162.35,0.5,162.1,150,,,,,,,,,,,,,,,,,,,162.6,4,,,,,,,,,,,,,,,,,,
2026-07-05T15:00:42.380041+00:00,2026-07-05T15:00:42.380138,1,2,162.35,0.5,162.1,150,,,,,,,,,,,,,,,,,,,162.6,4,163.3,100,,,,,,,,,,,,,,,,
2026-07-05T15:00:43.141233+00:00,2026-07-05T15:00:43.141119,1,1,162.7,1.2,162.1,150,,,,,,,,,,,,,,,,,,,163.3,100,,,,,,,,,,,,,,,,,,
2026-07-05T15:00:44.295145+00:00,2026-07-05T15:00:44.295055,0,1,,,,,,,,,,,,,,,,,,,,,,,163.3,100,,,,,,,,,,,,,,,,,,
2026-07-05T15:00:44.348075+00:00,2026-07-05T15:00:44.348050,1,1,163.1,0.4,162.9,150,,,,,,,,,,,,,,,,,,,163.3,100,,,,,,,,,,,,,,,,,,
2026-07-05T15:00:44.358210+00:00,2026-07-05T15:00:44.352089,1,1,163.1,0.4,162.9,147,,,,,,,,,,,,,,,,,,,163.3,100,,,,,,,,,,,,,,,,,,
2026-07-05T15:00:44.399932+00:00,2026-07-05T15:00:44.400045,1,2,163.1,0.4,162.9,147,,,,,,,,,,,,,,,,,,,163.3,100,163.4,150,,,,,,,,,,,,,,,,
2026-07-05T15:00:45.434569+00:00,2026-07-05T15:00:45.434518,1,1,163.15,0.5,162.9,147,,,,,,,,,,,,,,,,,,,163.4,150,,,,,,,,,,,,,,,,,,
2026-07-05T15:00:45.487774+00:00,2026-07-05T15:00:45.487685,2,1,163.15,0.5,162.9,147,162.4,100,,,,,,,,,,,,,,,,,163.4,150,,,,,,,,,,,,,,,,,,
2026-07-05T15:00:45.541575+00:00,2026-07-05T15:00:45.541430,2,1,163.15,0.5,162.9,47,162.4,100,,,,,,,,,,,,,,,,,163.4,150,,,,,,,,,,,,,,,,,,
2026-07-05T15:00:46.386488+00:00,2026-07-05T15:00:46.386410,1,1,162.9,1.0,162.4,100,,,,,,,,,,,,,,,,,,,163.4,150,,,,,,,,,,,,,,,,,,
2026-07-05T15:00:46.397003+00:00,2026-07-05T15:00:46.396860,1,1,162.9,1.0,162.4,50,,,,,,,,,,,,,,,,,,,163.4,150,,,,,,,,,,,,,,,,,,
2026-07-05T15:00:46.975842+00:00,2026-07-05T15:00:46.975744,1,1,162.9,1.0,162.4,50,,,,,,,,,,,,,,,,,,,163.4,101,,,,,,,,,,,,,,,,,,
2026-07-05T15:00:47.458576+00:00,2026-07-05T15:00:47.445911,1,0,,,162.4,50,,,,,,,,,,,,,,,,,,,,,,,,,,,,,,,,,,,,,,
2026-07-05T15:00:47.501919+00:00,2026-07-05T15:00:47.501830,2,0,,,162.5,150,162.4,50,,,,,,,,,,,,,,,,,,,,,,,,,,,,,,,,,,,,
2026-07-05T15:00:47.558556+00:00,2026-07-05T15:00:47.554953,2,1,162.75,0.5,162.5,150,162.4,50,,,,,,,,,,,,,,,,,163.0,150,,,,,,,,,,,,,,,,,,
2026-07-05T15:00:48.031474+00:00,2026-07-05T15:00:48.031438,2,1,162.75,0.5,162.5,103,162.4,50,,,,,,,,,,,,,,,,,163.0,150,,,,,,,,,,,,,,,,,,
2026-07-05T15:00:48.596598+00:00,2026-07-05T15:00:48.596689,1,1,162.75,0.5,162.5,103,,,,,,,,,,,,,,,,,,,163.0,150,,,,,,,,,,,,,,,,,,
2026-07-05T15:00:48.658615+00:00,2026-07-05T15:00:48.655292,2,1,162.8,0.4,162.6,100,162.5,103,,,,,,,,,,,,,,,,,163.0,150,,,,,,,,,,,,,,,,,,
2026-07-05T15:00:48.707188+00:00,2026-07-05T15:00:48.707084,2,2,162.8,0.4,162.6,100,162.5,103,,,,,,,,,,,,,,,,,163.0,150,163.1,100,,,,,,,,,,,,,,,,
2026-07-05T15:00:50.558560+00:00,2026-07-05T15:00:50.557670,2,2,162.8,0.4,162.6,100,162.5,103,,,,,,,,,,,,,,,,,163.0,100,163.1,100,,,,,,,,,,,,,,,,
2026-07-05T15:00:50.612667+00:00,2026-07-05T15:00:50.612567,1,1,162.85,0.5,162.6,100,,,,,,,,,,,,,,,,,,,163.1,100,,,,,,,,,,,,,,,,,,
2026-07-05T15:00:50.617875+00:00,2026-07-05T15:00:50.617775,1,1,162.85,0.5,162.6,100,,,,,,,,,,,,,,,,,,,163.1,52,,,,,,,,,,,,,,,,,,
2026-07-05T15:00:50.666143+00:00,2026-07-05T15:00:50.666231,2,1,162.85,0.5,162.6,100,162.5,150,,,,,,,,,,,,,,,,,163.1,52,,,,,,,,,,,,,,,,,,
2026-07-05T15:00:50.717600+00:00,2026-07-05T15:00:50.717515,2,2,162.8,0.4,162.6,100,162.5,150,,,,,,,,,,,,,,,,,163.0,150,163.1,52,,,,,,,,,,,,,,,,
2026-07-05T15:00:51.765246+00:00,2026-07-05T15:00:51.765121,1,1,162.75,0.5,162.5,150,,,,,,,,,,,,,,,,,,,163.0,150,,,,,,,,,,,,,,,,,,
2026-07-05T15:00:51.820037+00:00,2026-07-05T15:00:51.819884,2,1,162.8,0.4,162.6,100,162.5,150,,,,,,,,,,,,,,,,,163.0,150,,,,,,,,,,,,,,,,,,
2026-07-05T15:00:51.884274+00:00,2026-07-05T15:00:51.884159,2,2,162.8,0.4,162.6,100,162.5,150,,,,,,,,,,,,,,,,,163.0,150,163.1,100,,,,,,,,,,,,,,,,
2026-07-05T15:00:52.721896+00:00,2026-07-05T15:00:52.721853,2,2,162.8,0.4,162.6,50,162.5,150,,,,,,,,,,,,,,,,,163.0,150,163.1,100,,,,,,,,,,,,,,,,
2026-07-05T15:00:53.775388+00:00,2026-07-05T15:00:53.775516,1,1,162.85,0.5,162.6,50,,,,,,,,,,,,,,,,,,,163.1,100,,,,,,,,,,,,,,,,,,
2026-07-05T15:00:53.829013+00:00,2026-07-05T15:00:53.828900,1,1,162.85,0.5,162.6,200,,,,,,,,,,,,,,,,,,,163.1,100,,,,,,,,,,,,,,,,,,
2026-07-05T15:00:53.883321+00:00,2026-07-05T15:00:53.883183,1,1,162.85,0.5,162.6,200,,,,,,,,,,,,,,,,,,,163.1,250,,,,,,,,,,,,,,,,,,
2026-07-05T15:00:54.829253+00:00,2026-07-05T15:00:54.829123,1,1,162.85,0.5,162.6,150,,,,,,,,,,,,,,,,,,,163.1,250,,,,,,,,,,,,,,,,,,
2026-07-05T15:00:54.958662+00:00,2026-07-05T15:00:54.954090,1,1,162.85,0.5,162.6,150,,,,,,,,,,,,,,,,,,,163.1,150,,,,,,,,,,,,,,,,,,
2026-07-05T15:00:55.004523+00:00,2026-07-05T15:00:55.004477,2,1,162.85,0.5,162.6,150,162.4,100,,,,,,,,,,,,,,,,,163.1,150,,,,,,,,,,,,,,,,,,
2026-07-05T15:00:55.056963+00:00,2026-07-05T15:00:55.057115,2,2,162.75,0.3,162.6,150,162.4,100,,,,,,,,,,,,,,,,,162.9,100,163.1,150,,,,,,,,,,,,,,,,
2026-07-05T15:00:56.463992+00:00,2026-07-05T15:00:56.463827,2,2,162.75,0.3,162.6,102,162.4,100,,,,,,,,,,,,,,,,,162.9,100,163.1,150,,,,,,,,,,,,,,,,
2026-07-05T15:00:56.936922+00:00,2026-07-05T15:00:56.936849,1,1,162.65,0.5,162.4,100,,,,,,,,,,,,,,,,,,,162.9,100,,,,,,,,,,,,,,,,,,
2026-07-05T15:00:56.995273+00:00,2026-07-05T15:00:56.995110,2,1,162.7,0.4,162.5,150,162.4,100,,,,,,,,,,,,,,,,,162.9,100,,,,,,,,,,,,,,,,,,
2026-07-05T15:00:57.047833+00:00,2026-07-05T15:00:57.047918,2,2,162.7,0.4,162.5,150,162.4,100,,,,,,,,,,,,,,,,,162.9,100,163.0,150,,,,,,,,,,,,,,,,
2026-07-05T15:00:58.117191+00:00,2026-07-05T15:00:58.117080,1,1,162.75,0.5,162.5,150,,,,,,,,,,,,,,,,,,,163.0,150,,,,,,,,,,,,,,,,,,
2026-07-05T15:00:58.171328+00:00,2026-07-05T15:00:58.171239,2,1,162.75,0.5,162.5,150,162.4,100,,,,,,,,,,,,,,,,,163.0,150,,,,,,,,,,,,,,,,,,
2026-07-05T15:00:58.224835+00:00,2026-07-05T15:00:58.224950,2,2,162.7,0.4,162.5,150,162.4,100,,,,,,,,,,,,,,,,,162.9,100,163.0,150,,,,,,,,,,,,,,,,
2026-07-05T15:00:59.049123+00:00,2026-07-05T15:00:59.049229,2,2,162.7,0.4,162.5,100,162.4,100,,,,,,,,,,,,,,,,,162.9,100,163.0,150,,,,,,,,,,,,,,,,
2026-07-05T15:01:00.101881+00:00,2026-07-05T15:01:00.101839,1,1,162.65,0.5,162.4,100,,,,,,,,,,,,,,,,,,,162.9,100,,,,,,,,,,,,,,,,,,
2026-07-05T15:01:00.158604+00:00,2026-07-05T15:01:00.153351,2,1,162.65,0.5,162.4,100,162.2,150,,,,,,,,,,,,,,,,,162.9,100,,,,,,,,,,,,,,,,,,
2026-07-05T15:01:00.210076+00:00,2026-07-05T15:01:00.209976,2,2,162.55,0.3,162.4,100,162.2,150,,,,,,,,,,,,,,,,,162.7,150,162.9,100,,,,,,,,,,,,,,,,
2026-07-05T15:01:00.722180+00:00,2026-07-05T15:01:00.722349,2,2,162.55,0.3,162.4,100,162.2,150,,,,,,,,,,,,,,,,,162.7,102,162.9,100,,,,,,,,,,,,,,,,
2026-07-05T15:01:01.158606+00:00,2026-07-05T15:01:01.154352,2,2,162.55,0.3,162.4,50,162.2,150,,,,,,,,,,,,,,,,,162.7,102,162.9,100,,,,,,,,,,,,,,,,
2026-07-05T15:01:01.275336+00:00,2026-07-05T15:01:01.275306,1,1,162.45,0.5,162.2,150,,,,,,,,,,,,,,,,,,,162.7,102,,,,,,,,,,,,,,,,,,
2026-07-05T15:01:01.332414+00:00,2026-07-05T15:01:01.332306,1,1,162.45,0.5,162.2,250,,,,,,,,,,,,,,,,,,,162.7,102,,,,,,,,,,,,,,,,,,
2026-07-05T15:01:01.386733+00:00,2026-07-05T15:01:01.386639,1,1,162.45,0.5,162.2,250,,,,,,,,,,,,,,,,,,,162.7,202,,,,,,,,,,,,,,,,,,
2026-07-05T15:01:02.284197+00:00,2026-07-05T15:01:02.284342,1,1,162.45,0.5,162.2,204,,,,,,,,,,,,,,,,,,,162.7,202,,,,,,,,,,,,,,,,,,
2026-07-05T15:01:03.258691+00:00,2026-07-05T15:01:03.258591,1,1,162.45,0.5,162.2,154,,,,,,,,,,,,,,,,,,,162.7,202,,,,,,,,,,,,,,,,,,
2026-07-05T15:01:03.264106+00:00,2026-07-05T15:01:03.263961,1,1,162.45,0.5,162.2,100,,,,,,,,,,,,,,,,,,,162.7,100,,,,,,,,,,,,,,,,,,
2026-07-05T15:01:03.319276+00:00,2026-07-05T15:01:03.319505,2,1,162.45,0.5,162.2,100,161.8,150,,,,,,,,,,,,,,,,,162.7,53,,,,,,,,,,,,,,,,,,
2026-07-05T15:01:03.414878+00:00,2026-07-05T15:01:03.407112,2,2,162.25,0.1,162.2,100,161.8,150,,,,,,,,,,,,,,,,,162.3,124,162.7,53,,,,,,,,,,,,,,,,
2026-07-05T15:01:03.430847+00:00,2026-07-05T15:01:03.430548,2,2,162.25,0.1,162.2,100,161.8,150,,,,,,,,,,,,,,,,,162.3,99,162.7,53,,,,,,,,,,,,,,,,
2026-07-05T15:01:03.574715+00:00,2026-07-05T15:01:03.574572,2,2,162.25,0.1,162.2,100,161.8,150,,,,,,,,,,,,,,,,,162.3,95,162.7,53,,,,,,,,,,,,,,,,
2026-07-05T15:01:04.447538+00:00,2026-07-05T15:01:04.447449,1,1,162.05,0.5,161.8,150,,,,,,,,,,,,,,,,,,,162.3,95,,,,,,,,,,,,,,,,,,
2026-07-05T15:01:04.502514+00:00,2026-07-05T15:01:04.502456,2,0,,,162.4,5,161.8,150,,,,,,,,,,,,,,,,,,,,,,,,,,,,,,,,,,,,
2026-07-05T15:01:04.563853+00:00,2026-07-05T15:01:04.563818,2,1,162.65,0.5,162.4,5,161.8,150,,,,,,,,,,,,,,,,,162.9,100,,,,,,,,,,,,,,,,,,
2026-07-05T15:01:05.368395+00:00,2026-07-05T15:01:05.368257,1,1,162.35,1.1,161.8,105,,,,,,,,,,,,,,,,,,,162.9,100,,,,,,,,,,,,,,,,,,
2026-07-05T15:01:06.429421+00:00,2026-07-05T15:01:06.429308,0,1,,,,,,,,,,,,,,,,,,,,,,,162.9,100,,,,,,,,,,,,,,,,,,
2026-07-05T15:01:06.486366+00:00,2026-07-05T15:01:06.486290,1,1,162.55,0.7,162.2,150,,,,,,,,,,,,,,,,,,,162.9,100,,,,,,,,,,,,,,,,,,
2026-07-05T15:01:06.539607+00:00,2026-07-05T15:01:06.539489,1,2,162.45,0.5,162.2,150,,,,,,,,,,,,,,,,,,,162.7,150,162.9,100,,,,,,,,,,,,,,,,
2026-07-05T15:01:07.480533+00:00,2026-07-05T15:01:07.480466,1,2,162.45,0.5,162.2,100,,,,,,,,,,,,,,,,,,,162.7,150,162.9,100,,,,,,,,,,,,,,,,
2026-07-05T15:01:07.611629+00:00,2026-07-05T15:01:07.611556,1,1,162.45,0.5,162.2,100,,,,,,,,,,,,,,,,,,,162.7,150,,,,,,,,,,,,,,,,,,
2026-07-05T15:01:07.665944+00:00,2026-07-05T15:01:07.665911,2,1,162.45,0.5,162.2,100,162.1,100,,,,,,,,,,,,,,,,,162.7,150,,,,,,,,,,,,,,,,,,
2026-07-05T15:01:07.716729+00:00,2026-07-05T15:01:07.716633,2,2,162.4,0.4,162.2,100,162.1,100,,,,,,,,,,,,,,,,,162.6,100,162.7,150,,,,,,,,,,,,,,,,
2026-07-05T15:01:08.158691+00:00,2026-07-05T15:01:08.152319,2,2,162.4,0.4,162.2,58,162.1,100,,,,,,,,,,,,,,,,,162.6,100,162.7,150,,,,,,,,,,,,,,,,
2026-07-05T15:01:08.458646+00:00,2026-07-05T15:01:08.446755,3,3,162.4,0.2,162.3,10,162.2,58,162.1,100,,,,,,,,,,,,,,,162.5,10,162.6,75,162.7,150,,,,,,,,,,,,,,
2026-07-05T15:01:09.594874+00:00,2026-07-05T15:01:09.594843,2,2,162.35,0.3,162.2,18,162.1,100,,,,,,,,,,,,,,,,,162.5,10,162.6,75,,,,,,,,,,,,,,,,
2026-07-05T15:01:09.600253+00:00,2026-07-05T15:01:09.600026,1,2,162.3,0.4,162.1,100,,,,,,,,,,,,,,,,,,,162.5,10,162.6,75,,,,,,,,,,,,,,,,
2026-07-05T15:01:09.652949+00:00,2026-07-05T15:01:09.652865,2,2,162.3,0.4,162.1,100,162.0,150,,,,,,,,,,,,,,,,,162.5,10,162.6,75,,,,,,,,,,,,,,,,
2026-07-05T15:01:09.705705+00:00,2026-07-05T15:01:09.705620,2,2,162.3,0.4,162.1,100,162.0,150,,,,,,,,,,,,,,,,,162.5,160,162.6,75,,,,,,,,,,,,,,,,
2026-07-05T15:01:10.117629+00:00,2026-07-05T15:01:10.117507,2,2,162.3,0.4,162.1,100,162.0,150,,,,,,,,,,,,,,,,,162.5,156,162.6,75,,,,,,,,,,,,,,,,
2026-07-05T15:01:10.768708+00:00,2026-07-05T15:01:10.768842,2,1,162.3,0.4,162.1,100,162.0,150,,,,,,,,,,,,,,,,,162.5,156,,,,,,,,,,,,,,,,,,
2026-07-05T15:01:10.774212+00:00,2026-07-05T15:01:10.774110,1,1,162.25,0.5,162.0,150,,,,,,,,,,,,,,,,,,,162.5,156,,,,,,,,,,,,,,,,,,
2026-07-05T15:01:10.828311+00:00,2026-07-05T15:01:10.828164,2,1,162.4,0.2,162.3,100,162.0,150,,,,,,,,,,,,,,,,,162.5,156,,,,,,,,,,,,,,,,,,
2026-07-05T15:01:10.882104+00:00,2026-07-05T15:01:10.882035,2,2,162.4,0.2,162.3,100,162.0,150,,,,,,,,,,,,,,,,,162.5,156,162.8,100,,,,,,,,,,,,,,,,
2026-07-05T15:01:11.758595+00:00,2026-07-05T15:01:11.697544,2,2,162.4,0.2,162.3,50,162.0,150,,,,,,,,,,,,,,,,,162.5,156,162.8,100,,,,,,,,,,,,,,,,
2026-07-05T15:01:12.758629+00:00,2026-07-05T15:01:12.752430,1,2,162.4,0.2,162.3,50,,,,,,,,,,,,,,,,,,,162.5,6,162.8,100,,,,,,,,,,,,,,,,
2026-07-05T15:01:12.809548+00:00,2026-07-05T15:01:12.809456,2,2,162.4,0.2,162.3,50,161.8,150,,,,,,,,,,,,,,,,,162.5,6,162.8,100,,,,,,,,,,,,,,,,
2026-07-05T15:01:12.875587+00:00,2026-07-05T15:01:12.869301,1,3,162.05,0.5,161.8,150,,,,,,,,,,,,,,,,,,,162.3,89,162.5,6,162.8,100,,,,,,,,,,,,,,
2026-07-05T15:01:13.370047+00:00,2026-07-05T15:01:13.369986,1,3,162.05,0.5,161.8,150,,,,,,,,,,,,,,,,,,,162.3,85,162.5,6,162.8,100,,,,,,,,,,,,,,
2026-07-05T15:01:13.465743+00:00,2026-07-05T15:01:13.465588,1,2,162.05,0.5,161.8,150,,,,,,,,,,,,,,,,,,,162.3,85,162.8,100,,,,,,,,,,,,,,,,
2026-07-05T15:01:13.470992+00:00,2026-07-05T15:01:13.470893,1,2,162.05,0.5,161.8,150,,,,,,,,,,,,,,,,,,,162.3,62,162.8,100,,,,,,,,,,,,,,,,
2026-07-05T15:01:13.485460+00:00,2026-07-05T15:01:13.476286,1,2,162.05,0.5,161.8,150,,,,,,,,,,,,,,,,,,,162.3,62,162.8,100,,,,,,,,,,,,,,,,
2026-07-05T15:01:13.764019+00:00,2026-07-05T15:01:13.763917,1,2,162.05,0.5,161.8,150,,,,,,,,,,,,,,,,,,,162.3,12,162.8,100,,,,,,,,,,,,,,,,
2026-07-05T15:01:13.932552+00:00,2026-07-05T15:01:13.932506,1,1,162.05,0.5,161.8,150,,,,,,,,,,,,,,,,,,,162.3,12,,,,,,,,,,,,,,,,,,
2026-07-05T15:01:13.985415+00:00,2026-07-05T15:01:13.985378,2,1,162.15,0.3,162.0,100,161.8,150,,,,,,,,,,,,,,,,,162.3,12,,,,,,,,,,,,,,,,,,
2026-07-05T15:01:14.039087+00:00,2026-07-05T15:01:14.039265,2,2,162.15,0.3,162.0,100,161.8,150,,,,,,,,,,,,,,,,,162.3,12,162.5,100,,,,,,,,,,,,,,,,
2026-07-05T15:01:15.874719+00:00,2026-07-05T15:01:15.874662,2,1,162.25,0.5,162.0,100,161.8,150,,,,,,,,,,,,,,,,,162.5,62,,,,,,,,,,,,,,,,,,
2026-07-05T15:01:15.921998+00:00,2026-07-05T15:01:15.921939,1,1,162.25,0.5,162.0,100,,,,,,,,,,,,,,,,,,,162.5,62,,,,,,,,,,,,,,,,,,
2026-07-05T15:01:15.980999+00:00,2026-07-05T15:01:15.975293,2,1,162.4,0.2,162.3,150,162.0,100,,,,,,,,,,,,,,,,,162.5,62,,,,,,,,,,,,,,,,,,
2026-07-05T15:01:16.028028+00:00,2026-07-05T15:01:16.027928,2,2,162.4,0.2,162.3,150,162.0,100,,,,,,,,,,,,,,,,,162.5,62,162.8,150,,,,,,,,,,,,,,,,
2026-07-05T15:01:17.091757+00:00,2026-07-05T15:01:17.091674,1,1,162.55,0.5,162.3,150,,,,,,,,,,,,,,,,,,,162.8,150,,,,,,,,,,,,,,,,,,
2026-07-05T15:01:17.158603+00:00,2026-07-05T15:01:17.151479,2,1,162.55,0.5,162.3,150,161.9,100,,,,,,,,,,,,,,,,,162.8,150,,,,,,,,,,,,,,,,,,
2026-07-05T15:01:17.199302+00:00,2026-07-05T15:01:17.199239,2,2,162.35,0.1,162.3,150,161.9,100,,,,,,,,,,,,,,,,,162.4,100,162.8,150,,,,,,,,,,,,,,,,
2026-07-05T15:01:17.530281+00:00,2026-07-05T15:01:17.530203,2,2,162.35,0.1,162.3,150,161.9,100,,,,,,,,,,,,,,,,,162.4,57,162.8,150,,,,,,,,,,,,,,,,
2026-07-05T15:01:17.981778+00:00,2026-07-05T15:01:17.981918,2,2,162.35,0.1,162.3,150,161.9,100,,,,,,,,,,,,,,,,,162.4,7,162.8,150,,,,,,,,,,,,,,,,
2026-07-05T15:01:18.622953+00:00,2026-07-05T15:01:18.623169,2,2,162.35,0.1,162.3,103,161.9,100,,,,,,,,,,,,,,,,,162.4,7,162.8,150,,,,,,,,,,,,,,,,
2026-07-05T15:01:19.082270+00:00,2026-07-05T15:01:19.082197,1,1,162.15,0.5,161.9,100,,,,,,,,,,,,,,,,,,,162.4,7,,,,,,,,,,,,,,,,,,
2026-07-05T15:01:19.145248+00:00,2026-07-05T15:01:19.145125,2,1,162.2,0.4,162.0,150,161.9,100,,,,,,,,,,,,,,,,,162.4,7,,,,,,,,,,,,,,,,,,
2026-07-05T15:01:19.150223+00:00,2026-07-05T15:01:19.150337,2,0,,,162.0,150,161.9,100,,,,,,,,,,,,,,,,,,,,,,,,,,,,,,,,,,,,
2026-07-05T15:01:19.188839+00:00,2026-07-05T15:01:19.188768,2,1,162.25,0.5,162.0,150,161.9,100,,,,,,,,,,,,,,,,,162.5,150,,,,,,,,,,,,,,,,,,
2026-07-05T15:01:20.142695+00:00,2026-07-05T15:01:20.142548,2,1,162.25,0.5,162.0,100,161.9,100,,,,,,,,,,,,,,,,,162.5,150,,,,,,,,,,,,,,,,,,
2026-07-05T15:01:20.255366+00:00,2026-07-05T15:01:20.255295,1,1,162.25,0.5,162.0,100,,,,,,,,,,,,,,,,,,,162.5,150,,,,,,,,,,,,,,,,,,
2026-07-05T15:01:20.307608+00:00,2026-07-05T15:01:20.307576,2,1,162.35,0.3,162.2,100,162.0,100,,,,,,,,,,,,,,,,,162.5,150,,,,,,,,,,,,,,,,,,
2026-07-05T15:01:20.369379+00:00,2026-07-05T15:01:20.369272,2,2,162.35,0.3,162.2,100,162.0,100,,,,,,,,,,,,,,,,,162.5,150,162.7,100,,,,,,,,,,,,,,,,
2026-07-05T15:01:21.786925+00:00,2026-07-05T15:01:21.786790,2,2,162.35,0.3,162.2,100,162.0,100,,,,,,,,,,,,,,,,,162.5,104,162.7,100,,,,,,,,,,,,,,,,
2026-07-05T15:01:22.247356+00:00,2026-07-05T15:01:22.247254,1,1,162.45,0.5,162.2,100,,,,,,,,,,,,,,,,,,,162.7,100,,,,,,,,,,,,,,,,,,
2026-07-05T15:01:22.301343+00:00,2026-07-05T15:01:22.301196,2,1,162.45,0.5,162.2,100,162.1,150,,,,,,,,,,,,,,,,,162.7,100,,,,,,,,,,,,,,,,,,
2026-07-05T15:01:22.358604+00:00,2026-07-05T15:01:22.354348,2,2,162.4,0.4,162.2,100,162.1,150,,,,,,,,,,,,,,,,,162.6,150,162.7,100,,,,,,,,,,,,,,,,
2026-07-05T15:01:22.400354+00:00,2026-07-05T15:01:22.400247,2,2,162.4,0.4,162.2,60,162.1,150,,,,,,,,,,,,,,,,,162.6,150,162.7,100,,,,,,,,,,,,,,,,
2026-07-05T15:01:22.953098+00:00,2026-07-05T15:01:22.952958,2,2,162.4,0.4,162.2,60,162.1,150,,,,,,,,,,,,,,,,,162.6,101,162.7,100,,,,,,,,,,,,,,,,
2026-07-05T15:01:23.427156+00:00,2026-07-05T15:01:23.427105,1,1,162.35,0.5,162.1,150,,,,,,,,,,,,,,,,,,,162.6,101,,,,,,,,,,,,,,,,,,
2026-07-05T15:01:23.482022+00:00,2026-07-05T15:01:23.482158,2,1,162.45,0.3,162.3,100,162.1,150,,,,,,,,,,,,,,,,,162.6,101,,,,,,,,,,,,,,,,,,
2026-07-05T15:01:23.534883+00:00,2026-07-05T15:01:23.534774,2,2,162.45,0.3,162.3,100,162.1,150,,,,,,,,,,,,,,,,,162.6,101,162.8,100,,,,,,,,,,,,,,,,
2026-07-05T15:01:24.358669+00:00,2026-07-05T15:01:24.352012,2,2,162.45,0.3,162.3,50,162.1,150,,,,,,,,,,,,,,,,,162.6,101,162.8,100,,,,,,,,,,,,,,,,
2026-07-05T15:01:25.408828+00:00,2026-07-05T15:01:25.408749,1,1,162.55,0.5,162.3,50,,,,,,,,,,,,,,,,,,,162.8,100,,,,,,,,,,,,,,,,,,
2026-07-05T15:01:25.468979+00:00,2026-07-05T15:01:25.468855,2,1,162.55,0.5,162.3,50,162.2,150,,,,,,,,,,,,,,,,,162.8,100,,,,,,,,,,,,,,,,,,
2026-07-05T15:01:25.516917+00:00,2026-07-05T15:01:25.516850,2,2,162.5,0.4,162.3,50,162.2,150,,,,,,,,,,,,,,,,,162.7,150,162.8,100,,,,,,,,,,,,,,,,
2026-07-05T15:01:26.479457+00:00,2026-07-05T15:01:26.479571,1,2,162.45,0.5,162.2,150,,,,,,,,,,,,,,,,,,,162.7,150,162.8,100,,,,,,,,,,,,,,,,
2026-07-05T15:01:26.589753+00:00,2026-07-05T15:01:26.589671,1,1,162.45,0.5,162.2,150,,,,,,,,,,,,,,,,,,,162.7,150,,,,,,,,,,,,,,,,,,
2026-07-05T15:01:26.641287+00:00,2026-07-05T15:01:26.641233,2,1,162.45,0.5,162.2,150,162.0,100,,,,,,,,,,,,,,,,,162.7,150,,,,,,,,,,,,,,,,,,
2026-07-05T15:01:26.692560+00:00,2026-07-05T15:01:26.692442,2,2,162.35,0.3,162.2,150,162.0,100,,,,,,,,,,,,,,,,,162.5,100,162.7,150,,,,,,,,,,,,,,,,
2026-07-05T15:01:28.358573+00:00,2026-07-05T15:01:28.358274,2,2,162.35,0.3,162.2,103,162.0,100,,,,,,,,,,,,,,,,,162.5,100,162.7,150,,,,,,,,,,,,,,,,
2026-07-05T15:01:28.570378+00:00,2026-07-05T15:01:28.570280,1,1,162.25,0.5,162.0,100,,,,,,,,,,,,,,,,,,,162.5,100,,,,,,,,,,,,,,,,,,
2026-07-05T15:01:28.625116+00:00,2026-07-05T15:01:28.625214,2,1,162.4,0.2,162.3,150,162.0,100,,,,,,,,,,,,,,,,,162.5,100,,,,,,,,,,,,,,,,,,
2026-07-05T15:01:28.677974+00:00,2026-07-05T15:01:28.677911,2,2,162.4,0.2,162.3,150,162.0,100,,,,,,,,,,,,,,,,,162.5,100,162.8,150,,,,,,,,,,,,,,,,
2026-07-05T15:01:29.269375+00:00,2026-07-05T15:01:29.269575,2,2,162.4,0.2,162.3,150,162.0,100,,,,,,,,,,,,,,,,,162.5,58,162.8,150,,,,,,,,,,,,,,,,
2026-07-05T15:01:29.746389+00:00,2026-07-05T15:01:29.746333,1,1,162.55,0.5,162.3,150,,,,,,,,,,,,,,,,,,,162.8,150,,,,,,,,,,,,,,,,,,
2026-07-05T15:01:29.804326+00:00,2026-07-05T15:01:29.804252,2,1,162.55,0.5,162.3,150,162.2,100,,,,,,,,,,,,,,,,,162.8,150,,,,,,,,,,,,,,,,,,
2026-07-05T15:01:29.858634+00:00,2026-07-05T15:01:29.857174,2,2,162.5,0.4,162.3,150,162.2,100,,,,,,,,,,,,,,,,,162.7,100,162.8,150,,,,,,,,,,,,,,,,
2026-07-05T15:01:29.888688+00:00,2026-07-05T15:01:29.888649,2,2,162.5,0.4,162.3,150,162.2,100,,,,,,,,,,,,,,,,,162.7,59,162.8,150,,,,,,,,,,,,,,,,
2026-07-05T15:01:30.507227+00:00,2026-07-05T15:01:30.507119,2,2,162.5,0.4,162.3,103,162.2,100,,,,,,,,,,,,,,,,,162.7,59,162.8,150,,,,,,,,,,,,,,,,
2026-07-05T15:01:31.732384+00:00,2026-07-05T15:01:31.732315,1,1,162.45,0.5,162.2,100,,,,,,,,,,,,,,,,,,,162.7,59,,,,,,,,,,,,,,,,,,
2026-07-05T15:01:31.790070+00:00,2026-07-05T15:01:31.789963,2,1,162.45,0.5,162.2,100,162.0,150,,,,,,,,,,,,,,,,,162.7,59,,,,,,,,,,,,,,,,,,
2026-07-05T15:01:31.840923+00:00,2026-07-05T15:01:31.841189,2,2,162.35,0.3,162.2,100,162.0,150,,,,,,,,,,,,,,,,,162.5,150,162.7,59,,,,,,,,,,,,,,,,
2026-07-05T15:01:32.908564+00:00,2026-07-05T15:01:32.908496,1,1,162.25,0.5,162.0,150,,,,,,,,,,,,,,,,,,,162.5,150,,,,,,,,,,,,,,,,,,
2026-07-05T15:01:32.958603+00:00,2026-07-05T15:01:32.954797,2,1,162.4,0.2,162.3,100,162.0,150,,,,,,,,,,,,,,,,,162.5,150,,,,,,,,,,,,,,,,,,
2026-07-05T15:01:33.017204+00:00,2026-07-05T15:01:33.017133,2,2,162.4,0.2,162.3,100,162.0,150,,,,,,,,,,,,,,,,,162.5,150,162.8,100,,,,,,,,,,,,,,,,
2026-07-05T15:01:34.885081+00:00,2026-07-05T15:01:34.884968,2,2,162.4,0.2,162.3,100,162.0,150,,,,,,,,,,,,,,,,,162.5,100,162.8,100,,,,,,,,,,,,,,,,
2026-07-05T15:01:34.898492+00:00,2026-07-05T15:01:34.898413,1,1,162.55,0.5,162.3,100,,,,,,,,,,,,,,,,,,,162.8,100,,,,,,,,,,,,,,,,,,
2026-07-05T15:01:34.949998+00:00,2026-07-05T15:01:34.950157,2,1,162.55,0.5,162.3,100,162.2,150,,,,,,,,,,,,,,,,,162.8,100,,,,,,,,,,,,,,,,,,
2026-07-05T15:01:35.005645+00:00,2026-07-05T15:01:35.005512,2,2,162.5,0.4,162.3,100,162.2,150,,,,,,,,,,,,,,,,,162.7,150,162.8,100,,,,,,,,,,,,,,,,
2026-07-05T15:01:36.090034+00:00,2026-07-05T15:01:36.089907,1,1,162.45,0.5,162.2,150,,,,,,,,,,,,,,,,,,,162.7,150,,,,,,,,,,,,,,,,,,
2026-07-05T15:01:36.158565+00:00,2026-07-05T15:01:36.155876,2,1,162.55,0.3,162.4,100,162.2,150,,,,,,,,,,,,,,,,,162.7,150,,,,,,,,,,,,,,,,,,
2026-07-05T15:01:36.214076+00:00,2026-07-05T15:01:36.213968,2,2,162.55,0.3,162.4,100,162.2,150,,,,,,,,,,,,,,,,,162.7,150,162.9,100,,,,,,,,,,,,,,,,
2026-07-05T15:01:36.691603+00:00,2026-07-05T15:01:36.691514,2,2,162.55,0.3,162.4,100,162.2,150,,,,,,,,,,,,,,,,,162.7,106,162.9,100,,,,,,,,,,,,,,,,
2026-07-05T15:01:36.758688+00:00,2026-07-05T15:01:36.747681,2,2,162.55,0.3,162.4,52,162.2,150,,,,,,,,,,,,,,,,,162.7,106,162.9,100,,,,,,,,,,,,,,,,
2026-07-05T15:01:36.998661+00:00,2026-07-05T15:01:36.998606,2,2,162.55,0.3,162.4,52,162.2,150,,,,,,,,,,,,,,,,,162.7,56,162.9,100,,,,,,,,,,,,,,,,
2026-07-05T15:01:37.731497+00:00,2026-07-05T15:01:37.721820,2,2,162.55,0.3,162.4,41,162.2,150,,,,,,,,,,,,,,,,,162.7,56,162.9,100,,,,,,,,,,,,,,,,
2026-07-05T15:01:38.058665+00:00,2026-07-05T15:01:38.054486,1,1,162.65,0.5,162.4,41,,,,,,,,,,,,,,,,,,,162.9,100,,,,,,,,,,,,,,,,,,
2026-07-05T15:01:38.115681+00:00,2026-07-05T15:01:38.115591,2,1,162.65,0.5,162.4,41,162.3,150,,,,,,,,,,,,,,,,,162.9,100,,,,,,,,,,,,,,,,,,
2026-07-05T15:01:38.168116+00:00,2026-07-05T15:01:38.168217,2,2,162.6,0.4,162.4,41,162.3,150,,,,,,,,,,,,,,,,,162.8,150,162.9,100,,,,,,,,,,,,,,,,
2026-07-05T15:01:38.395723+00:00,2026-07-05T15:01:38.395948,1,2,162.55,0.5,162.3,150,,,,,,,,,,,,,,,,,,,162.8,150,162.9,100,,,,,,,,,,,,,,,,
2026-07-05T15:01:39.106240+00:00,2026-07-05T15:01:39.106148,1,2,162.55,0.5,162.3,150,,,,,,,,,,,,,,,,,,,162.8,100,162.9,100,,,,,,,,,,,,,,,,
2026-07-05T15:01:39.265446+00:00,2026-07-05T15:01:39.265650,1,1,162.55,0.5,162.3,150,,,,,,,,,,,,,,,,,,,162.8,100,,,,,,,,,,,,,,,,,,
2026-07-05T15:01:39.319470+00:00,2026-07-05T15:01:39.319385,2,1,162.55,0.5,162.3,150,161.9,100,,,,,,,,,,,,,,,,,162.8,100,,,,,,,,,,,,,,,,,,
2026-07-05T15:01:39.374984+00:00,2026-07-05T15:01:39.374874,2,2,162.35,0.1,162.3,150,161.9,100,,,,,,,,,,,,,,,,,162.4,100,162.8,100,,,,,,,,,,,,,,,,
2026-07-05T15:01:41.133354+00:00,2026-07-05T15:01:41.133309,2,2,162.35,0.1,162.3,150,161.9,100,,,,,,,,,,,,,,,,,162.4,53,162.8,100,,,,,,,,,,,,,,,,
2026-07-05T15:01:41.214751+00:00,2026-07-05T15:01:41.214723,2,2,162.35,0.1,162.3,150,161.9,100,,,,,,,,,,,,,,,,,162.4,3,162.8,100,,,,,,,,,,,,,,,,
2026-07-05T15:01:41.220033+00:00,2026-07-05T15:01:41.219916,1,1,162.15,0.5,161.9,100,,,,,,,,,,,,,,,,,,,162.4,3,,,,,,,,,,,,,,,,,,
2026-07-05T15:01:41.276581+00:00,2026-07-05T15:01:41.276772,2,0,,,162.7,147,161.9,100,,,,,,,,,,,,,,,,,,,,,,,,,,,,,,,,,,,,
2026-07-05T15:01:41.343707+00:00,2026-07-05T15:01:41.336283,2,1,162.95,0.5,162.7,124,161.9,100,,,,,,,,,,,,,,,,,163.2,150,,,,,,,,,,,,,,,,,,
2026-07-05T15:01:42.428593+00:00,2026-07-05T15:01:42.428380,1,1,162.95,0.5,162.7,124,,,,,,,,,,,,,,,,,,,163.2,150,,,,,,,,,,,,,,,,,,
2026-07-05T15:01:42.484610+00:00,2026-07-05T15:01:42.484705,2,1,162.95,0.5,162.7,124,162.3,100,,,,,,,,,,,,,,,,,163.2,150,,,,,,,,,,,,,,,,,,
2026-07-05T15:01:42.538102+00:00,2026-07-05T15:01:42.537995,2,2,162.75,0.1,162.7,124,162.3,100,,,,,,,,,,,,,,,,,162.8,100,163.2,150,,,,,,,,,,,,,,,,
2026-07-05T15:01:42.982963+00:00,2026-07-05T15:01:42.977246,2,2,162.75,0.1,162.7,121,162.3,100,,,,,,,,,,,,,,,,,162.8,100,163.2,150,,,,,,,,,,,,,,,,
2026-07-05T15:01:43.182271+00:00,2026-07-05T15:01:43.182143,2,2,162.75,0.1,162.7,121,162.3,100,,,,,,,,,,,,,,,,,162.8,56,163.2,150,,,,,,,,,,,,,,,,
2026-07-05T15:01:43.240226+00:00,2026-07-05T15:01:43.240088,2,2,162.75,0.1,162.7,73,162.3,100,,,,,,,,,,,,,,,,,162.8,56,163.2,150,,,,,,,,,,,,,,,,
2026-07-05T15:01:43.322916+00:00,2026-07-05T15:01:43.322758,2,2,162.75,0.1,162.7,73,162.3,100,,,,,,,,,,,,,,,,,162.8,6,163.2,150,,,,,,,,,,,,,,,,
2026-07-05T15:01:44.381013+00:00,2026-07-05T15:01:44.381112,1,1,162.55,0.5,162.3,100,,,,,,,,,,,,,,,,,,,162.8,6,,,,,,,,,,,,,,,,,,
2026-07-05T15:01:44.433917+00:00,2026-07-05T15:01:44.433996,1,1,162.55,0.5,162.3,250,,,,,,,,,,,,,,,,,,,162.8,6,,,,,,,,,,,,,,,,,,
2026-07-05T15:01:44.490687+00:00,2026-07-05T15:01:44.490612,1,1,162.55,0.5,162.3,250,,,,,,,,,,,,,,,,,,,162.8,156,,,,,,,,,,,,,,,,,,
2026-07-05T15:01:45.434997+00:00,2026-07-05T15:01:45.434957,1,1,162.55,0.5,162.3,250,,,,,,,,,,,,,,,,,,,162.8,106,,,,,,,,,,,,,,,,,,
2026-07-05T15:01:45.589783+00:00,2026-07-05T15:01:45.589736,1,1,162.55,0.5,162.3,150,,,,,,,,,,,,,,,,,,,162.8,106,,,,,,,,,,,,,,,,,,
2026-07-05T15:01:45.644112+00:00,2026-07-05T15:01:45.644037,2,1,162.65,0.3,162.5,100,162.3,150,,,,,,,,,,,,,,,,,162.8,106,,,,,,,,,,,,,,,,,,
2026-07-05T15:01:45.699852+00:00,2026-07-05T15:01:45.699782,2,2,162.65,0.3,162.5,100,162.3,150,,,,,,,,,,,,,,,,,162.8,106,163.0,100,,,,,,,,,,,,,,,,
2026-07-05T15:01:46.266996+00:00,2026-07-05T15:01:46.267166,2,2,162.65,0.3,162.5,100,162.3,150,,,,,,,,,,,,,,,,,162.8,61,163.0,100,,,,,,,,,,,,,,,,
2026-07-05T15:01:47.544417+00:00,2026-07-05T15:01:47.544356,2,1,162.75,0.5,162.5,100,162.3,150,,,,,,,,,,,,,,,,,163.0,100,,,,,,,,,,,,,,,,,,
2026-07-05T15:01:47.548502+00:00,2026-07-05T15:01:47.558643,1,1,162.75,0.5,162.5,100,,,,,,,,,,,,,,,,,,,163.0,100,,,,,,,,,,,,,,,,,,
2026-07-05T15:01:47.603248+00:00,2026-07-05T15:01:47.603076,2,1,162.85,0.3,162.7,150,162.5,100,,,,,,,,,,,,,,,,,163.0,100,,,,,,,,,,,,,,,,,,
2026-07-05T15:01:47.657871+00:00,2026-07-05T15:01:47.657951,2,2,162.85,0.3,162.7,150,162.5,100,,,,,,,,,,,,,,,,,163.0,100,163.2,150,,,,,,,,,,,,,,,,
2026-07-05T15:01:48.414652+00:00,2026-07-05T15:01:48.414577,2,2,162.85,0.3,162.7,104,162.5,100,,,,,,,,,,,,,,,,,163.0,100,163.2,150,,,,,,,,,,,,,,,,
2026-07-05T15:01:48.758627+00:00,2026-07-05T15:01:48.755255,1,1,162.95,0.5,162.7,104,,,,,,,,,,,,,,,,,,,163.2,150,,,,,,,,,,,,,,,,,,
2026-07-05T15:01:48.810313+00:00,2026-07-05T15:01:48.810242,2,1,162.95,0.5,162.7,104,162.6,100,,,,,,,,,,,,,,,,,163.2,150,,,,,,,,,,,,,,,,,,
2026-07-05T15:01:48.858536+00:00,2026-07-05T15:01:48.857922,2,2,162.9,0.4,162.7,104,162.6,100,,,,,,,,,,,,,,,,,163.1,100,163.2,150,,,,,,,,,,,,,,,,
2026-07-05T15:01:48.893742+00:00,2026-07-05T15:01:48.893653,2,2,162.9,0.4,162.7,104,162.6,100,,,,,,,,,,,,,,,,,163.1,56,163.2,150,,,,,,,,,,,,,,,,
2026-07-05T15:01:49.658880+00:00,2026-07-05T15:01:49.658785,2,2,162.9,0.4,162.7,104,162.6,100,,,,,,,,,,,,,,,,,163.1,6,163.2,150,,,,,,,,,,,,,,,,
2026-07-05T15:01:50.710208+00:00,2026-07-05T15:01:50.710095,1,1,162.85,0.5,162.6,100,,,,,,,,,,,,,,,,,,,163.1,6,,,,,,,,,,,,,,,,,,
2026-07-05T15:01:50.758600+00:00,2026-07-05T15:01:50.755100,2,1,162.9,0.4,162.7,150,162.6,100,,,,,,,,,,,,,,,,,163.1,6,,,,,,,,,,,,,,,,,,
2026-07-05T15:01:50.817876+00:00,2026-07-05T15:01:50.817756,2,2,162.9,0.4,162.7,150,162.6,100,,,,,,,,,,,,,,,,,163.1,6,163.2,150,,,,,,,,,,,,,,,,
2026-07-05T15:01:50.944142+00:00,2026-07-05T15:01:50.944071,2,2,162.9,0.4,162.7,105,162.6,100,,,,,,,,,,,,,,,,,163.1,6,163.2,150,,,,,,,,,,,,,,,,
2026-07-05T15:01:51.843738+00:00,2026-07-05T15:01:51.843854,2,2,162.9,0.4,162.7,55,162.6,100,,,,,,,,,,,,,,,,,163.1,6,163.2,150,,,,,,,,,,,,,,,,
2026-07-05T15:01:51.918296+00:00,2026-07-05T15:01:51.918216,1,1,162.95,0.5,162.7,55,,,,,,,,,,,,,,,,,,,163.2,150,,,,,,,,,,,,,,,,,,
2026-07-05T15:01:51.973134+00:00,2026-07-05T15:01:51.973260,2,1,163.0,0.4,162.8,100,162.7,55,,,,,,,,,,,,,,,,,163.2,150,,,,,,,,,,,,,,,,,,
2026-07-05T15:01:52.027158+00:00,2026-07-05T15:01:52.027098,2,2,163.0,0.4,162.8,100,162.7,55,,,,,,,,,,,,,,,,,163.2,150,163.3,100,,,,,,,,,,,,,,,,
2026-07-05T15:01:53.870332+00:00,2026-07-05T15:01:53.870215,2,1,163.05,0.5,162.8,100,162.7,55,,,,,,,,,,,,,,,,,163.3,100,,,,,,,,,,,,,,,,,,
2026-07-05T15:01:53.875473+00:00,2026-07-05T15:01:53.875387,1,1,163.05,0.5,162.8,100,,,,,,,,,,,,,,,,,,,163.3,100,,,,,,,,,,,,,,,,,,
2026-07-05T15:01:53.927301+00:00,2026-07-05T15:01:53.927167,2,1,163.05,0.5,162.8,100,162.4,150,,,,,,,,,,,,,,,,,163.3,100,,,,,,,,,,,,,,,,,,
2026-07-05T15:01:53.958623+00:00,2026-07-05T15:01:53.952966,2,1,163.05,0.5,162.8,50,162.4,150,,,,,,,,,,,,,,,,,163.3,100,,,,,,,,,,,,,,,,,,
2026-07-05T15:01:53.980156+00:00,2026-07-05T15:01:53.980123,2,2,162.85,0.1,162.8,50,162.4,150,,,,,,,,,,,,,,,,,162.9,150,163.3,100,,,,,,,,,,,,,,,,
2026-07-05T15:01:55.079803+00:00,2026-07-05T15:01:55.080039,1,1,162.65,0.5,162.4,150,,,,,,,,,,,,,,,,,,,162.9,150,,,,,,,,,,,,,,,,,,
2026-07-05T15:01:55.136832+00:00,2026-07-05T15:01:55.136729,2,1,162.7,0.4,162.5,100,162.4,150,,,,,,,,,,,,,,,,,162.9,150,,,,,,,,,,,,,,,,,,
2026-07-05T15:01:55.187721+00:00,2026-07-05T15:01:55.187586,2,2,162.7,0.4,162.5,55,162.4,150,,,,,,,,,,,,,,,,,162.9,150,163.0,100,,,,,,,,,,,,,,,,
2026-07-05T15:01:56.060244+00:00,2026-07-05T15:01:56.060050,2,2,162.7,0.4,162.5,5,162.4,150,,,,,,,,,,,,,,,,,162.9,150,163.0,100,,,,,,,,,,,,,,,,
2026-07-05T15:01:57.034018+00:00,2026-07-05T15:01:57.033971,1,1,162.75,0.5,162.5,5,,,,,,,,,,,,,,,,,,,163.0,100,,,,,,,,,,,,,,,,,,
2026-07-05T15:01:57.091368+00:00,2026-07-05T15:01:57.091279,2,1,162.75,0.5,162.5,5,162.2,150,,,,,,,,,,,,,,,,,163.0,100,,,,,,,,,,,,,,,,,,
2026-07-05T15:01:57.143900+00:00,2026-07-05T15:01:57.143831,2,2,162.6,0.2,162.5,5,162.2,150,,,,,,,,,,,,,,,,,162.7,150,163.0,100,,,,,,,,,,,,,,,,
2026-07-05T15:01:58.168148+00:00,2026-07-05T15:01:58.168034,1,2,162.45,0.5,162.2,105,,,,,,,,,,,,,,,,,,,162.7,150,163.0,100,,,,,,,,,,,,,,,,
2026-07-05T15:01:58.241808+00:00,2026-07-05T15:01:58.241755,1,1,162.45,0.5,162.2,105,,,,,,,,,,,,,,,,,,,162.7,150,,,,,,,,,,,,,,,,,,
2026-07-05T15:01:58.294667+00:00,2026-07-05T15:01:58.294586,1,1,162.45,0.5,162.2,205,,,,,,,,,,,,,,,,,,,162.7,150,,,,,,,,,,,,,,,,,,
2026-07-05T15:01:58.347983+00:00,2026-07-05T15:01:58.347907,1,1,162.45,0.5,162.2,205,,,,,,,,,,,,,,,,,,,162.7,250,,,,,,,,,,,,,,,,,,
2026-07-05T15:02:00.198151+00:00,2026-07-05T15:02:00.198059,1,1,162.45,0.5,162.2,100,,,,,,,,,,,,,,,,,,,162.7,100,,,,,,,,,,,,,,,,,,
2026-07-05T15:02:00.258624+00:00,2026-07-05T15:02:00.253382,2,1,162.45,0.5,162.2,100,161.9,150,,,,,,,,,,,,,,,,,162.7,100,,,,,,,,,,,,,,,,,,
2026-07-05T15:02:00.277163+00:00,2026-07-05T15:02:00.277329,2,1,162.45,0.5,162.2,50,161.9,150,,,,,,,,,,,,,,,,,162.7,100,,,,,,,,,,,,,,,,,,
2026-07-05T15:02:00.319069+00:00,2026-07-05T15:02:00.319156,2,2,162.3,0.2,162.2,50,161.9,150,,,,,,,,,,,,,,,,,162.4,150,162.7,100,,,,,,,,,,,,,,,,
2026-07-05T15:02:00.646727+00:00,2026-07-05T15:02:00.646666,2,2,162.3,0.2,162.2,50,161.9,150,,,,,,,,,,,,,,,,,162.4,103,162.7,100,,,,,,,,,,,,,,,,
2026-07-05T15:02:01.401660+00:00,2026-07-05T15:02:01.401908,2,1,162.3,0.2,162.2,50,161.9,150,,,,,,,,,,,,,,,,,162.4,103,,,,,,,,,,,,,,,,,,
2026-07-05T15:02:01.407000+00:00,2026-07-05T15:02:01.407092,1,1,162.15,0.5,161.9,150,,,,,,,,,,,,,,,,,,,162.4,103,,,,,,,,,,,,,,,,,,
2026-07-05T15:02:01.460134+00:00,2026-07-05T15:02:01.459941,1,1,162.15,0.5,161.9,250,,,,,,,,,,,,,,,,,,,162.4,103,,,,,,,,,,,,,,,,,,
2026-07-05T15:02:01.517588+00:00,2026-07-05T15:02:01.517736,1,1,162.15,0.5,161.9,250,,,,,,,,,,,,,,,,,,,162.4,203,,,,,,,,,,,,,,,,,,
2026-07-05T15:02:02.384535+00:00,2026-07-05T15:02:02.384686,1,1,162.15,0.5,161.9,200,,,,,,,,,,,,,,,,,,,162.4,203,,,,,,,,,,,,,,,,,,
2026-07-05T15:02:03.369191+00:00,2026-07-05T15:02:03.369087,1,1,162.15,0.5,161.9,200,,,,,,,,,,,,,,,,,,,162.4,100,,,,,,,,,,,,,,,,,,
2026-07-05T15:02:03.374446+00:00,2026-07-05T15:02:03.374268,1,1,162.15,0.5,161.9,100,,,,,,,,,,,,,,,,,,,162.4,100,,,,,,,,,,,,,,,,,,
2026-07-05T15:02:03.427684+00:00,2026-07-05T15:02:03.427558,1,1,162.15,0.5,161.9,250,,,,,,,,,,,,,,,,,,,162.4,100,,,,,,,,,,,,,,,,,,
2026-07-05T15:02:03.475909+00:00,2026-07-05T15:02:03.475790,1,1,162.15,0.5,161.9,250,,,,,,,,,,,,,,,,,,,162.4,250,,,,,,,,,,,,,,,,,,
2026-07-05T15:02:04.568909+00:00,2026-07-05T15:02:04.568846,1,1,162.15,0.5,161.9,250,,,,,,,,,,,,,,,,,,,162.4,150,,,,,,,,,,,,,,,,,,
2026-07-05T15:02:04.574106+00:00,2026-07-05T15:02:04.574026,1,1,162.15,0.5,161.9,150,,,,,,,,,,,,,,,,,,,162.4,150,,,,,,,,,,,,,,,,,,
2026-07-05T15:02:04.627418+00:00,2026-07-05T15:02:04.627499,2,1,162.15,0.5,161.9,150,161.6,100,,,,,,,,,,,,,,,,,162.4,150,,,,,,,,,,,,,,,,,,
2026-07-05T15:02:04.680128+00:00,2026-07-05T15:02:04.680037,2,2,162.0,0.2,161.9,150,161.6,100,,,,,,,,,,,,,,,,,162.1,100,162.4,150,,,,,,,,,,,,,,,,
2026-07-05T15:02:05.239392+00:00,2026-07-05T15:02:05.232864,2,2,162.0,0.2,161.9,150,161.6,100,,,,,,,,,,,,,,,,,162.1,97,162.4,150,,,,,,,,,,,,,,,,
2026-07-05T15:02:06.530465+00:00,2026-07-05T15:02:06.530397,2,1,162.0,0.2,161.9,150,161.6,100,,,,,,,,,,,,,,,,,162.1,97,,,,,,,,,,,,,,,,,,
2026-07-05T15:02:06.535722+00:00,2026-07-05T15:02:06.535549,1,1,161.85,0.5,161.6,100,,,,,,,,,,,,,,,,,,,162.1,97,,,,,,,,,,,,,,,,,,
2026-07-05T15:02:06.588506+00:00,2026-07-05T15:02:06.588470,2,1,161.95,0.3,161.8,150,161.6,100,,,,,,,,,,,,,,,,,162.1,97,,,,,,,,,,,,,,,,,,
2026-07-05T15:02:06.598896+00:00,2026-07-05T15:02:06.598806,2,1,161.95,0.3,161.8,100,161.6,100,,,,,,,,,,,,,,,,,162.1,97,,,,,,,,,,,,,,,,,,
2026-07-05T15:02:06.641226+00:00,2026-07-05T15:02:06.641301,2,2,161.95,0.3,161.8,100,161.6,100,,,,,,,,,,,,,,,,,162.1,97,162.3,150,,,,,,,,,,,,,,,,
2026-07-05T15:02:07.373355+00:00,2026-07-05T15:02:07.373218,2,2,161.95,0.3,161.8,100,161.6,100,,,,,,,,,,,,,,,,,162.1,52,162.3,150,,,,,,,,,,,,,,,,
2026-07-05T15:02:07.733975+00:00,2026-07-05T15:02:07.733882,1,1,162.05,0.5,161.8,100,,,,,,,,,,,,,,,,,,,162.3,150,,,,,,,,,,,,,,,,,,
2026-07-05T15:02:07.785148+00:00,2026-07-05T15:02:07.785071,1,1,162.05,0.5,161.8,200,,,,,,,,,,,,,,,,,,,162.3,150,,,,,,,,,,,,,,,,,,
2026-07-05T15:02:07.840132+00:00,2026-07-05T15:02:07.840282,1,1,162.05,0.5,161.8,200,,,,,,,,,,,,,,,,,,,162.3,250,,,,,,,,,,,,,,,,,,
2026-07-05T15:02:08.702465+00:00,2026-07-05T15:02:08.702599,1,1,162.05,0.5,161.8,150,,,,,,,,,,,,,,,,,,,162.3,250,,,,,,,,,,,,,,,,,,
2026-07-05T15:02:09.695671+00:00,2026-07-05T15:02:09.695597,1,1,162.05,0.5,161.8,100,,,,,,,,,,,,,,,,,,,162.3,100,,,,,,,,,,,,,,,,,,
2026-07-05T15:02:09.750346+00:00,2026-07-05T15:02:09.750450,2,1,162.05,0.5,161.8,100,161.4,150,,,,,,,,,,,,,,,,,162.3,100,,,,,,,,,,,,,,,,,,
2026-07-05T15:02:09.821315+00:00,2026-07-05T15:02:09.807324,2,2,161.85,0.1,161.8,100,161.4,150,,,,,,,,,,,,,,,,,161.9,127,162.3,100,,,,,,,,,,,,,,,,
2026-07-05T15:02:10.811966+00:00,2026-07-05T15:02:10.811856,2,2,161.85,0.1,161.8,50,161.4,150,,,,,,,,,,,,,,,,,161.9,127,162.3,100,,,,,,,,,,,,,,,,
2026-07-05T15:02:10.894093+00:00,2026-07-05T15:02:10.893978,2,1,161.85,0.1,161.8,50,161.4,150,,,,,,,,,,,,,,,,,161.9,127,,,,,,,,,,,,,,,,,,
2026-07-05T15:02:10.899295+00:00,2026-07-05T15:02:10.899139,1,1,161.65,0.5,161.4,150,,,,,,,,,,,,,,,,,,,161.9,127,,,,,,,,,,,,,,,,,,
2026-07-05T15:02:10.925357+00:00,2026-07-05T15:02:10.925325,1,1,161.65,0.5,161.4,150,,,,,,,,,,,,,,,,,,,161.9,85,,,,,,,,,,,,,,,,,,
2026-07-05T15:02:10.958636+00:00,2026-07-05T15:02:10.951500,2,1,161.8,0.2,161.7,100,161.4,150,,,,,,,,,,,,,,,,,161.9,85,,,,,,,,,,,,,,,,,,
2026-07-05T15:02:11.003969+00:00,2026-07-05T15:02:11.003891,2,2,161.8,0.2,161.7,100,161.4,150,,,,,,,,,,,,,,,,,161.9,85,162.2,100,,,,,,,,,,,,,,,,
2026-07-05T15:02:12.863643+00:00,2026-07-05T15:02:12.863752,1,1,161.95,0.5,161.7,100,,,,,,,,,,,,,,,,,,,162.2,100,,,,,,,,,,,,,,,,,,
2026-07-05T15:02:12.912372+00:00,2026-07-05T15:02:12.912216,2,1,161.95,0.5,161.7,100,161.6,150,,,,,,,,,,,,,,,,,162.2,100,,,,,,,,,,,,,,,,,,
2026-07-05T15:02:12.917491+00:00,2026-07-05T15:02:12.917447,2,1,161.95,0.5,161.7,50,161.6,150,,,,,,,,,,,,,,,,,162.2,100,,,,,,,,,,,,,,,,,,
2026-07-05T15:02:12.965179+00:00,2026-07-05T15:02:12.965310,2,2,161.85,0.3,161.7,50,161.6,150,,,,,,,,,,,,,,,,,162.0,150,162.2,100,,,,,,,,,,,,,,,,
2026-07-05T15:02:13.445706+00:00,2026-07-05T15:02:13.445835,2,2,161.85,0.3,161.7,6,161.6,150,,,,,,,,,,,,,,,,,162.0,150,162.2,100,,,,,,,,,,,,,,,,
2026-07-05T15:02:14.017510+00:00,2026-07-05T15:02:14.017373,1,2,161.8,0.4,161.6,115,,,,,,,,,,,,,,,,,,,162.0,150,162.2,100,,,,,,,,,,,,,,,,
2026-07-05T15:02:14.058591+00:00,2026-07-05T15:02:14.055297,1,1,161.8,0.4,161.6,115,,,,,,,,,,,,,,,,,,,162.0,150,,,,,,,,,,,,,,,,,,
2026-07-05T15:02:14.112862+00:00,2026-07-05T15:02:14.112733,2,1,161.8,0.4,161.6,115,161.5,100,,,,,,,,,,,,,,,,,162.0,150,,,,,,,,,,,,,,,,,,
2026-07-05T15:02:14.158621+00:00,2026-07-05T15:02:14.156724,2,1,161.8,0.4,161.6,115,161.5,100,,,,,,,,,,,,,,,,,162.0,250,,,,,,,,,,,,,,,,,,
2026-07-05T15:02:15.023512+00:00,2026-07-05T15:02:15.023433,2,1,161.8,0.4,161.6,115,161.5,100,,,,,,,,,,,,,,,,,162.0,206,,,,,,,,,,,,,,,,,,
2026-07-05T15:02:15.976930+00:00,2026-07-05T15:02:15.976838,2,1,161.8,0.4,161.6,69,161.5,100,,,,,,,,,,,,,,,,,162.0,206,,,,,,,,,,,,,,,,,,
2026-07-05T15:02:16.017241+00:00,2026-07-05T15:02:16.017400,1,1,161.75,0.5,161.5,100,,,,,,,,,,,,,,,,,,,162.0,100,,,,,,,,,,,,,,,,,,
2026-07-05T15:02:16.069556+00:00,2026-07-05T15:02:16.069483,1,1,161.75,0.5,161.5,250,,,,,,,,,,,,,,,,,,,162.0,100,,,,,,,,,,,,,,,,,,
2026-07-05T15:02:16.125790+00:00,2026-07-05T15:02:16.125891,1,1,161.75,0.5,161.5,250,,,,,,,,,,,,,,,,,,,162.0,250,,,,,,,,,,,,,,,,,,
2026-07-05T15:02:16.588264+00:00,2026-07-05T15:02:16.588128,1,1,161.75,0.5,161.5,250,,,,,,,,,,,,,,,,,,,162.0,206,,,,,,,,,,,,,,,,,,
2026-07-05T15:02:17.230756+00:00,2026-07-05T15:02:17.230687,1,1,161.75,0.5,161.5,150,,,,,,,,,,,,,,,,,,,162.0,150,,,,,,,,,,,,,,,,,,
2026-07-05T15:02:17.279763+00:00,2026-07-05T15:02:17.279683,2,1,161.85,0.3,161.7,100,161.5,150,,,,,,,,,,,,,,,,,162.0,150,,,,,,,,,,,,,,,,,,
2026-07-05T15:02:17.332850+00:00,2026-07-05T15:02:17.332737,2,2,161.85,0.3,161.7,100,161.5,150,,,,,,,,,,,,,,,,,162.0,150,162.2,100,,,,,,,,,,,,,,,,
2026-07-05T15:02:19.180922+00:00,2026-07-05T15:02:19.180836,1,1,161.95,0.5,161.7,100,,,,,,,,,,,,,,,,,,,162.2,100,,,,,,,,,,,,,,,,,,
2026-07-05T15:02:19.191097+00:00,2026-07-05T15:02:19.191187,1,1,161.95,0.5,161.7,100,,,,,,,,,,,,,,,,,,,162.2,50,,,,,,,,,,,,,,,,,,
2026-07-05T15:02:19.236110+00:00,2026-07-05T15:02:19.236018,2,1,161.95,0.5,161.7,100,161.6,150,,,,,,,,,,,,,,,,,162.2,50,,,,,,,,,,,,,,,,,,
2026-07-05T15:02:19.290110+00:00,2026-07-05T15:02:19.289977,2,2,161.9,0.4,161.7,100,161.6,150,,,,,,,,,,,,,,,,,162.1,150,162.2,50,,,,,,,,,,,,,,,,
2026-07-05T15:02:20.387821+00:00,2026-07-05T15:02:20.387741,1,1,161.85,0.5,161.6,150,,,,,,,,,,,,,,,,,,,162.1,150,,,,,,,,,,,,,,,,,,
2026-07-05T15:02:20.442450+00:00,2026-07-05T15:02:20.442380,2,1,161.9,0.4,161.7,100,161.6,150,,,,,,,,,,,,,,,,,162.1,150,,,,,,,,,,,,,,,,,,
2026-07-05T15:02:20.495723+00:00,2026-07-05T15:02:20.495599,2,2,161.9,0.4,161.7,100,161.6,150,,,,,,,,,,,,,,,,,162.1,150,162.2,100,,,,,,,,,,,,,,,,
2026-07-05T15:02:21.185764+00:00,2026-07-05T15:02:21.185652,2,2,161.9,0.4,161.7,58,161.6,150,,,,,,,,,,,,,,,,,162.1,150,162.2,100,,,,,,,,,,,,,,,,
2026-07-05T15:02:21.302712+00:00,2026-07-05T15:02:21.302637,2,2,161.9,0.4,161.7,58,161.6,150,,,,,,,,,,,,,,,,,162.1,100,162.2,100,,,,,,,,,,,,,,,,
2026-07-05T15:02:22.344787+00:00,2026-07-05T15:02:22.344699,1,1,161.95,0.5,161.7,58,,,,,,,,,,,,,,,,,,,162.2,100,,,,,,,,,,,,,,,,,,
2026-07-05T15:02:22.399957+00:00,2026-07-05T15:02:22.399889,1,1,161.95,0.5,161.7,208,,,,,,,,,,,,,,,,,,,162.2,100,,,,,,,,,,,,,,,,,,
2026-07-05T15:02:22.458611+00:00,2026-07-05T15:02:22.447545,1,1,161.95,0.5,161.7,208,,,,,,,,,,,,,,,,,,,162.2,250,,,,,,,,,,,,,,,,,,
2026-07-05T15:02:23.458731+00:00,2026-07-05T15:02:23.453935,1,1,161.95,0.5,161.7,158,,,,,,,,,,,,,,,,,,,162.2,250,,,,,,,,,,,,,,,,,,
2026-07-05T15:02:23.550152+00:00,2026-07-05T15:02:23.550009,1,1,161.95,0.5,161.7,150,,,,,,,,,,,,,,,,,,,162.2,150,,,,,,,,,,,,,,,,,,
2026-07-05T15:02:23.605142+00:00,2026-07-05T15:02:23.605314,2,1,161.95,0.5,161.7,150,161.4,100,,,,,,,,,,,,,,,,,162.2,150,,,,,,,,,,,,,,,,,,
2026-07-05T15:02:23.658626+00:00,2026-07-05T15:02:23.652693,2,2,161.8,0.2,161.7,150,161.4,100,,,,,,,,,,,,,,,,,161.9,100,162.2,150,,,,,,,,,,,,,,,,
2026-07-05T15:02:24.604228+00:00,2026-07-05T15:02:24.598441,2,2,161.8,0.2,161.7,150,161.4,100,,,,,,,,,,,,,,,,,161.9,89,162.2,150,,,,,,,,,,,,,,,,
2026-07-05T15:02:25.506334+00:00,2026-07-05T15:02:25.506503,1,1,161.65,0.5,161.4,100,,,,,,,,,,,,,,,,,,,161.9,89,,,,,,,,,,,,,,,,,,
2026-07-05T15:02:25.558600+00:00,2026-07-05T15:02:25.557042,2,1,161.75,0.3,161.6,100,161.4,100,,,,,,,,,,,,,,,,,161.9,89,,,,,,,,,,,,,,,,,,
2026-07-05T15:02:25.609637+00:00,2026-07-05T15:02:25.609510,2,2,161.75,0.3,161.6,100,161.4,100,,,,,,,,,,,,,,,,,161.9,89,162.1,150,,,,,,,,,,,,,,,,
2026-07-05T15:02:26.711576+00:00,2026-07-05T15:02:26.711490,1,1,161.85,0.5,161.6,100,,,,,,,,,,,,,,,,,,,162.1,150,,,,,,,,,,,,,,,,,,
2026-07-05T15:02:26.767200+00:00,2026-07-05T15:02:26.767073,2,1,161.85,0.5,161.6,100,161.5,100,,,,,,,,,,,,,,,,,162.1,150,,,,,,,,,,,,,,,,,,
2026-07-05T15:02:26.821553+00:00,2026-07-05T15:02:26.821689,2,2,161.8,0.4,161.6,100,161.5,100,,,,,,,,,,,,,,,,,162.0,100,162.1,150,,,,,,,,,,,,,,,,
2026-07-05T15:02:27.621094+00:00,2026-07-05T15:02:27.620948,2,2,161.8,0.4,161.6,100,161.5,100,,,,,,,,,,,,,,,,,162.0,50,162.1,150,,,,,,,,,,,,,,,,
2026-07-05T15:02:28.132632+00:00,2026-07-05T15:02:28.132787,2,2,161.8,0.4,161.6,100,161.5,100,,,,,,,,,,,,,,,,,162.0,5,162.1,150,,,,,,,,,,,,,,,,
2026-07-05T15:02:28.665439+00:00,2026-07-05T15:02:28.665357,1,1,161.75,0.5,161.5,100,,,,,,,,,,,,,,,,,,,162.0,5,,,,,,,,,,,,,,,,,,
2026-07-05T15:02:28.722378+00:00,2026-07-05T15:02:28.722245,1,1,161.75,0.5,161.5,206,,,,,,,,,,,,,,,,,,,162.0,5,,,,,,,,,,,,,,,,,,
2026-07-05T15:02:28.774068+00:00,2026-07-05T15:02:28.774189,1,1,161.75,0.5,161.5,206,,,,,,,,,,,,,,,,,,,162.0,155,,,,,,,,,,,,,,,,,,
2026-07-05T15:02:29.781204+00:00,2026-07-05T15:02:29.781081,1,1,161.75,0.5,161.5,156,,,,,,,,,,,,,,,,,,,162.0,155,,,,,,,,,,,,,,,,,,
2026-07-05T15:02:29.810192+00:00,2026-07-05T15:02:29.810056,1,1,161.75,0.5,161.5,156,,,,,,,,,,,,,,,,,,,162.0,115,,,,,,,,,,,,,,,,,,
2026-07-05T15:02:29.871313+00:00,2026-07-05T15:02:29.871280,1,1,161.75,0.5,161.5,150,,,,,,,,,,,,,,,,,,,162.0,115,,,,,,,,,,,,,,,,,,
2026-07-05T15:02:29.924562+00:00,2026-07-05T15:02:29.924514,2,1,161.75,0.5,161.5,150,161.4,100,,,,,,,,,,,,,,,,,162.0,115,,,,,,,,,,,,,,,,,,
2026-07-05T15:02:29.984694+00:00,2026-07-05T15:02:29.984785,2,2,161.7,0.4,161.5,150,161.4,100,,,,,,,,,,,,,,,,,161.9,100,162.0,115,,,,,,,,,,,,,,,,
2026-07-05T15:02:30.881048+00:00,2026-07-05T15:02:30.881213,2,2,161.7,0.4,161.5,102,161.4,100,,,,,,,,,,,,,,,,,161.9,100,162.0,115,,,,,,,,,,,,,,,,
2026-07-05T15:02:31.829586+00:00,2026-07-05T15:02:31.829481,1,1,161.65,0.5,161.4,100,,,,,,,,,,,,,,,,,,,161.9,100,,,,,,,,,,,,,,,,,,
2026-07-05T15:02:31.884389+00:00,2026-07-05T15:02:31.884288,1,1,161.65,0.5,161.4,250,,,,,,,,,,,,,,,,,,,161.9,100,,,,,,,,,,,,,,,,,,
2026-07-05T15:02:31.935790+00:00,2026-07-05T15:02:31.935670,1,2,161.6,0.4,161.4,250,,,,,,,,,,,,,,,,,,,161.8,150,161.9,100,,,,,,,,,,,,,,,,
2026-07-05T15:02:33.042944+00:00,2026-07-05T15:02:33.042900,1,1,161.6,0.4,161.4,150,,,,,,,,,,,,,,,,,,,161.8,150,,,,,,,,,,,,,,,,,,
2026-07-05T15:02:33.095429+00:00,2026-07-05T15:02:33.095398,1,1,161.6,0.4,161.4,250,,,,,,,,,,,,,,,,,,,161.8,150,,,,,,,,,,,,,,,,,,
2026-07-05T15:02:33.149460+00:00,2026-07-05T15:02:33.149382,1,2,161.6,0.4,161.4,250,,,,,,,,,,,,,,,,,,,161.8,150,161.9,100,,,,,,,,,,,,,,,,
2026-07-05T15:02:33.941276+00:00,2026-07-05T15:02:33.941109,1,2,161.6,0.4,161.4,250,,,,,,,,,,,,,,,,,,,161.8,100,161.9,100,,,,,,,,,,,,,,,,
2026-07-05T15:02:34.991909+00:00,2026-07-05T15:02:34.991836,1,1,161.65,0.5,161.4,100,,,,,,,,,,,,,,,,,,,161.9,100,,,,,,,,,,,,,,,,,,
2026-07-05T15:02:35.048587+00:00,2026-07-05T15:02:35.048324,2,1,161.7,0.4,161.5,150,161.4,100,,,,,,,,,,,,,,,,,161.9,100,,,,,,,,,,,,,,,,,,
2026-07-05T15:02:35.100871+00:00,2026-07-05T15:02:35.101030,2,2,161.7,0.4,161.5,150,161.4,100,,,,,,,,,,,,,,,,,161.9,100,162.0,150,,,,,,,,,,,,,,,,
2026-07-05T15:02:36.203068+00:00,2026-07-05T15:02:36.203027,1,1,161.75,0.5,161.5,150,,,,,,,,,,,,,,,,,,,162.0,150,,,,,,,,,,,,,,,,,,
2026-07-05T15:02:36.255913+00:00,2026-07-05T15:02:36.255797,2,1,161.75,0.5,161.5,150,161.2,100,,,,,,,,,,,,,,,,,162.0,150,,,,,,,,,,,,,,,,,,
2026-07-05T15:02:36.310902+00:00,2026-07-05T15:02:36.310777,2,2,161.6,0.2,161.5,150,161.2,100,,,,,,,,,,,,,,,,,161.7,100,162.0,150,,,,,,,,,,,,,,,,
2026-07-05T15:02:38.158633+00:00,2026-07-05T15:02:38.155541,1,1,161.45,0.5,161.2,100,,,,,,,,,,,,,,,,,,,161.7,100,,,,,,,,,,,,,,,,,,
2026-07-05T15:02:38.210595+00:00,2026-07-05T15:02:38.210358,2,1,161.6,0.2,161.5,150,161.2,100,,,,,,,,,,,,,,,,,161.7,100,,,,,,,,,,,,,,,,,,
2026-07-05T15:02:38.258647+00:00,2026-07-05T15:02:38.258403,2,2,161.6,0.2,161.5,150,161.2,100,,,,,,,,,,,,,,,,,161.7,100,162.0,150,,,,,,,,,,,,,,,,
2026-07-05T15:02:39.353433+00:00,2026-07-05T15:02:39.355046,1,1,161.75,0.5,161.5,150,,,,,,,,,,,,,,,,,,,162.0,150,,,,,,,,,,,,,,,,,,
2026-07-05T15:02:39.412768+00:00,2026-07-05T15:02:39.412690,2,1,161.75,0.5,161.5,150,161.3,100,,,,,,,,,,,,,,,,,162.0,150,,,,,,,,,,,,,,,,,,
2026-07-05T15:02:39.470202+00:00,2026-07-05T15:02:39.470148,2,2,161.65,0.3,161.5,150,161.3,100,,,,,,,,,,,,,,,,,161.8,100,162.0,150,,,,,,,,,,,,,,,,
2026-07-05T15:02:40.275296+00:00,2026-07-05T15:02:40.275381,2,2,161.65,0.3,161.5,150,161.3,100,,,,,,,,,,,,,,,,,161.8,50,162.0,150,,,,,,,,,,,,,,,,
2026-07-05T15:02:41.314524+00:00,2026-07-05T15:02:41.314618,1,1,161.55,0.5,161.3,100,,,,,,,,,,,,,,,,,,,161.8,50,,,,,,,,,,,,,,,,,,
2026-07-05T15:02:41.340282+00:00,2026-07-05T15:02:41.340224,1,1,161.55,0.5,161.3,100,,,,,,,,,,,,,,,,,,,161.8,1,,,,,,,,,,,,,,,,,,
2026-07-05T15:02:41.369811+00:00,2026-07-05T15:02:41.369781,2,1,161.6,0.4,161.4,150,161.3,100,,,,,,,,,,,,,,,,,161.8,1,,,,,,,,,,,,,,,,,,
2026-07-05T15:02:41.425701+00:00,2026-07-05T15:02:41.425589,2,1,161.6,0.4,161.4,150,161.3,100,,,,,,,,,,,,,,,,,161.8,151,,,,,,,,,,,,,,,,,,
2026-07-05T15:02:42.386871+00:00,2026-07-05T15:02:42.386798,2,1,161.6,0.4,161.4,150,161.3,100,,,,,,,,,,,,,,,,,161.8,101,,,,,,,,,,,,,,,,,,
2026-07-05T15:02:42.520133+00:00,2026-07-05T15:02:42.520092,1,1,161.6,0.4,161.4,150,,,,,,,,,,,,,,,,,,,161.8,101,,,,,,,,,,,,,,,,,,
2026-07-05T15:02:42.573816+00:00,2026-07-05T15:02:42.573889,2,1,161.65,0.3,161.5,100,161.4,150,,,,,,,,,,,,,,,,,161.8,101,,,,,,,,,,,,,,,,,,
2026-07-05T15:02:42.627244+00:00,2026-07-05T15:02:42.627179,2,2,161.65,0.3,161.5,100,161.4,150,,,,,,,,,,,,,,,,,161.8,101,162.0,100,,,,,,,,,,,,,,,,
2026-07-05T15:02:43.823926+00:00,2026-07-05T15:02:43.823847,2,2,161.65,0.3,161.5,60,161.4,150,,,,,,,,,,,,,,,,,161.8,101,162.0,100,,,,,,,,,,,,,,,,
2026-07-05T15:02:44.476469+00:00,2026-07-05T15:02:44.476376,2,1,161.75,0.5,161.5,60,161.4,150,,,,,,,,,,,,,,,,,162.0,100,,,,,,,,,,,,,,,,,,
2026-07-05T15:02:44.481672+00:00,2026-07-05T15:02:44.481545,1,1,161.75,0.5,161.5,60,,,,,,,,,,,,,,,,,,,162.0,100,,,,,,,,,,,,,,,,,,
2026-07-05T15:02:44.528787+00:00,2026-07-05T15:02:44.528701,1,1,161.75,0.5,161.5,60,,,,,,,,,,,,,,,,,,,162.0,50,,,,,,,,,,,,,,,,,,
2026-07-05T15:02:44.539237+00:00,2026-07-05T15:02:44.539155,2,1,161.75,0.5,161.5,60,161.3,150,,,,,,,,,,,,,,,,,162.0,50,,,,,,,,,,,,,,,,,,
2026-07-05T15:02:44.589780+00:00,2026-07-05T15:02:44.589697,2,2,161.65,0.3,161.5,60,161.3,150,,,,,,,,,,,,,,,,,161.8,150,162.0,50,,,,,,,,,,,,,,,,
2026-07-05T15:02:45.680816+00:00,2026-07-05T15:02:45.680700,2,1,161.65,0.3,161.5,60,161.3,150,,,,,,,,,,,,,,,,,161.8,150,,,,,,,,,,,,,,,,,,
2026-07-05T15:02:45.685979+00:00,2026-07-05T15:02:45.685894,1,1,161.55,0.5,161.3,150,,,,,,,,,,,,,,,,,,,161.8,150,,,,,,,,,,,,,,,,,,
2026-07-05T15:02:45.734700+00:00,2026-07-05T15:02:45.734655,2,1,161.6,0.4,161.4,100,161.3,150,,,,,,,,,,,,,,,,,161.8,150,,,,,,,,,,,,,,,,,,
2026-07-05T15:02:45.792098+00:00,2026-07-05T15:02:45.792245,2,2,161.6,0.4,161.4,100,161.3,150,,,,,,,,,,,,,,,,,161.8,150,161.9,100,,,,,,,,,,,,,,,,
2026-07-05T15:02:46.517537+00:00,2026-07-05T15:02:46.517364,2,2,161.6,0.4,161.4,100,161.3,150,,,,,,,,,,,,,,,,,161.8,108,161.9,100,,,,,,,,,,,,,,,,
2026-07-05T15:02:46.641964+00:00,2026-07-05T15:02:46.642085,2,2,161.6,0.4,161.4,100,161.3,150,,,,,,,,,,,,,,,,,161.8,58,161.9,100,,,,,,,,,,,,,,,,
2026-07-05T15:02:47.648498+00:00,2026-07-05T15:02:47.648474,1,1,161.65,0.5,161.4,100,,,,,,,,,,,,,,,,,,,161.9,100,,,,,,,,,,,,,,,,,,
2026-07-05T15:02:47.713993+00:00,2026-07-05T15:02:47.707871,2,1,161.85,0.1,161.8,116,161.4,100,,,,,,,,,,,,,,,,,161.9,100,,,,,,,,,,,,,,,,,,
2026-07-05T15:02:47.758592+00:00,2026-07-05T15:02:47.756360,2,2,161.85,0.1,161.8,116,161.4,100,,,,,,,,,,,,,,,,,161.9,100,162.3,150,,,,,,,,,,,,,,,,
2026-07-05T15:02:48.748914+00:00,2026-07-05T15:02:48.749075,2,2,161.85,0.1,161.8,116,161.4,100,,,,,,,,,,,,,,,,,161.9,50,162.3,150,,,,,,,,,,,,,,,,
2026-07-05T15:02:48.845284+00:00,2026-07-05T15:02:48.845254,1,1,162.05,0.5,161.8,116,,,,,,,,,,,,,,,,,,,162.3,150,,,,,,,,,,,,,,,,,,
2026-07-05T15:02:48.898639+00:00,2026-07-05T15:02:48.898554,1,1,162.05,0.5,161.8,216,,,,,,,,,,,,,,,,,,,162.3,150,,,,,,,,,,,,,,,,,,
2026-07-05T15:02:48.951230+00:00,2026-07-05T15:02:48.951156,1,1,162.05,0.5,161.8,216,,,,,,,,,,,,,,,,,,,162.3,250,,,,,,,,,,,,,,,,,,
2026-07-05T15:02:49.194299+00:00,2026-07-05T15:02:49.194241,1,1,162.05,0.5,161.8,176,,,,,,,,,,,,,,,,,,,162.3,250,,,,,,,,,,,,,,,,,,
2026-07-05T15:02:50.808227+00:00,2026-07-05T15:02:50.808132,1,1,162.05,0.5,161.8,100,,,,,,,,,,,,,,,,,,,162.3,100,,,,,,,,,,,,,,,,,,
2026-07-05T15:02:50.863904+00:00,2026-07-05T15:02:50.863772,1,1,162.05,0.5,161.8,100,,,,,,,,,,,,,,,,,,,162.3,50,,,,,,,,,,,,,,,,,,
2026-07-05T15:02:50.869222+00:00,2026-07-05T15:02:50.869046,2,1,162.05,0.5,161.8,100,161.6,150,,,,,,,,,,,,,,,,,162.3,50,,,,,,,,,,,,,,,,,,
2026-07-05T15:02:50.920634+00:00,2026-07-05T15:02:50.920805,2,2,161.95,0.3,161.8,100,161.6,150,,,,,,,,,,,,,,,,,162.1,150,162.3,50,,,,,,,,,,,,,,,,
2026-07-05T15:02:51.032524+00:00,2026-07-05T15:02:51.032683,2,2,161.95,0.3,161.8,100,161.6,150,,,,,,,,,,,,,,,,,162.1,104,162.3,50,,,,,,,,,,,,,,,,
2026-07-05T15:02:52.004591+00:00,2026-07-05T15:02:52.004483,1,1,161.85,0.5,161.6,150,,,,,,,,,,,,,,,,,,,162.1,104,,,,,,,,,,,,,,,,,,
2026-07-05T15:02:52.058689+00:00,2026-07-05T15:02:52.058417,2,1,162.0,0.2,161.9,100,161.6,150,,,,,,,,,,,,,,,,,162.1,104,,,,,,,,,,,,,,,,,,
2026-07-05T15:02:52.111295+00:00,2026-07-05T15:02:52.111229,2,2,162.0,0.2,161.9,100,161.6,150,,,,,,,,,,,,,,,,,162.1,104,162.4,100,,,,,,,,,,,,,,,,
2026-07-05T15:02:52.980522+00:00,2026-07-05T15:02:52.980702,2,2,162.0,0.2,161.9,100,161.6,150,,,,,,,,,,,,,,,,,162.1,54,162.4,100,,,,,,,,,,,,,,,,
2026-07-05T15:02:53.980305+00:00,2026-07-05T15:02:53.980246,1,1,162.15,0.5,161.9,100,,,,,,,,,,,,,,,,,,,162.4,100,,,,,,,,,,,,,,,,,,
2026-07-05T15:02:54.030345+00:00,2026-07-05T15:02:54.030300,2,1,162.25,0.3,162.1,150,161.9,100,,,,,,,,,,,,,,,,,162.4,100,,,,,,,,,,,,,,,,,,
2026-07-05T15:02:54.083521+00:00,2026-07-05T15:02:54.083403,2,2,162.25,0.3,162.1,150,161.9,100,,,,,,,,,,,,,,,,,162.4,100,162.6,150,,,,,,,,,,,,,,,,
2026-07-05T15:02:54.190430+00:00,2026-07-05T15:02:54.190247,2,2,162.25,0.3,162.1,104,161.9,100,,,,,,,,,,,,,,,,,162.4,100,162.6,150,,,,,,,,,,,,,,,,
2026-07-05T15:02:55.093405+00:00,2026-07-05T15:02:55.093535,2,2,162.25,0.3,162.1,104,161.9,100,,,,,,,,,,,,,,,,,162.4,50,162.6,150,,,,,,,,,,,,,,,,
2026-07-05T15:02:55.158579+00:00,2026-07-05T15:02:55.158106,1,1,162.35,0.5,162.1,104,,,,,,,,,,,,,,,,,,,162.6,150,,,,,,,,,,,,,,,,,,
2026-07-05T15:02:55.219073+00:00,2026-07-05T15:02:55.219167,2,1,162.35,0.5,162.1,104,162.0,100,,,,,,,,,,,,,,,,,162.6,150,,,,,,,,,,,,,,,,,,
2026-07-05T15:02:55.272055+00:00,2026-07-05T15:02:55.271976,2,2,162.3,0.4,162.1,104,162.0,100,,,,,,,,,,,,,,,,,162.5,100,162.6,150,,,,,,,,,,,,,,,,
2026-07-05T15:02:57.137176+00:00,2026-07-05T15:02:57.137059,1,1,162.25,0.5,162.0,100,,,,,,,,,,,,,,,,,,,162.5,100,,,,,,,,,,,,,,,,,,
2026-07-05T15:02:57.204325+00:00,2026-07-05T15:02:57.204143,1,1,162.25,0.5,162.0,250,,,,,,,,,,,,,,,,,,,162.5,100,,,,,,,,,,,,,,,,,,
2026-07-05T15:02:57.258603+00:00,2026-07-05T15:02:57.253094,1,1,162.25,0.5,162.0,250,,,,,,,,,,,,,,,,,,,162.5,250,,,,,,,,,,,,,,,,,,
2026-07-05T15:02:57.625121+00:00,2026-07-05T15:02:57.625046,1,1,162.25,0.5,162.0,202,,,,,,,,,,,,,,,,,,,162.5,250,,,,,,,,,,,,,,,,,,
2026-07-05T15:02:58.322655+00:00,2026-07-05T15:02:58.322745,1,1,162.25,0.5,162.0,150,,,,,,,,,,,,,,,,,,,162.5,150,,,,,,,,,,,,,,,,,,
2026-07-05T15:02:58.380229+00:00,2026-07-05T15:02:58.380158,1,1,162.25,0.5,162.0,250,,,,,,,,,,,,,,,,,,,162.5,150,,,,,,,,,,,,,,,,,,
2026-07-05T15:02:58.431896+00:00,2026-07-05T15:02:58.431742,1,1,162.25,0.5,162.0,250,,,,,,,,,,,,,,,,,,,162.5,250,,,,,,,,,,,,,,,,,,
2026-07-05T15:02:59.369911+00:00,2026-07-05T15:02:59.369801,1,1,162.25,0.5,162.0,200,,,,,,,,,,,,,,,,,,,162.5,250,,,,,,,,,,,,,,,,,,
2026-07-05T15:03:00.311709+00:00,2026-07-05T15:03:00.311629,1,1,162.25,0.5,162.0,100,,,,,,,,,,,,,,,,,,,162.5,100,,,,,,,,,,,,,,,,,,
2026-07-05T15:03:00.368650+00:00,2026-07-05T15:03:00.368550,2,1,162.25,0.5,162.0,100,161.8,150,,,,,,,,,,,,,,,,,162.5,100,,,,,,,,,,,,,,,,,,
2026-07-05T15:03:00.420969+00:00,2026-07-05T15:03:00.420872,2,2,162.15,0.3,162.0,100,161.8,150,,,,,,,,,,,,,,,,,162.3,150,162.5,100,,,,,,,,,,,,,,,,
2026-07-05T15:03:01.258563+00:00,2026-07-05T15:03:01.258470,2,2,162.15,0.3,162.0,100,161.8,150,,,,,,,,,,,,,,,,,162.3,104,162.5,100,,,,,,,,,,,,,,,,
2026-07-05T15:03:01.486791+00:00,2026-07-05T15:03:01.486762,1,1,162.05,0.5,161.8,150,,,,,,,,,,,,,,,,,,,162.3,104,,,,,,,,,,,,,,,,,,
2026-07-05T15:03:01.544017+00:00,2026-07-05T15:03:01.543831,2,1,162.2,0.2,162.1,100,161.8,150,,,,,,,,,,,,,,,,,162.3,104,,,,,,,,,,,,,,,,,,
2026-07-05T15:03:01.592001+00:00,2026-07-05T15:03:01.591887,2,2,162.2,0.2,162.1,100,161.8,150,,,,,,,,,,,,,,,,,162.3,104,162.6,100,,,,,,,,,,,,,,,,
2026-07-05T15:03:03.477167+00:00,2026-07-05T15:03:03.477076,1,1,162.35,0.5,162.1,100,,,,,,,,,,,,,,,,,,,162.6,100,,,,,,,,,,,,,,,,,,
2026-07-05T15:03:03.532797+00:00,2026-07-05T15:03:03.532688,2,1,162.35,0.5,162.1,100,162.0,150,,,,,,,,,,,,,,,,,162.6,100,,,,,,,,,,,,,,,,,,
2026-07-05T15:03:03.551949+00:00,2026-07-05T15:03:03.551889,2,1,162.35,0.5,162.1,100,162.0,150,,,,,,,,,,,,,,,,,162.6,50,,,,,,,,,,,,,,,,,,
2026-07-05T15:03:03.586085+00:00,2026-07-05T15:03:03.586054,2,2,162.3,0.4,162.1,100,162.0,150,,,,,,,,,,,,,,,,,162.5,150,162.6,50,,,,,,,,,,,,,,,,
2026-07-05T15:03:04.658592+00:00,2026-07-05T15:03:04.650621,1,1,162.25,0.5,162.0,150,,,,,,,,,,,,,,,,,,,162.5,150,,,,,,,,,,,,,,,,,,
2026-07-05T15:03:04.704910+00:00,2026-07-05T15:03:04.704997,2,1,162.4,0.2,162.3,100,162.0,150,,,,,,,,,,,,,,,,,162.5,150,,,,,,,,,,,,,,,,,,
2026-07-05T15:03:04.755443+00:00,2026-07-05T15:03:04.755359,2,2,162.4,0.2,162.3,100,162.0,150,,,,,,,,,,,,,,,,,162.5,150,162.8,100,,,,,,,,,,,,,,,,
2026-07-05T15:03:05.719124+00:00,2026-07-05T15:03:05.718943,2,2,162.4,0.2,162.3,50,162.0,150,,,,,,,,,,,,,,,,,162.5,150,162.8,100,,,,,,,,,,,,,,,,
2026-07-05T15:03:05.800314+00:00,2026-07-05T15:03:05.795124,2,2,162.4,0.2,162.3,47,162.0,150,,,,,,,,,,,,,,,,,162.5,150,162.8,100,,,,,,,,,,,,,,,,
2026-07-05T15:03:06.636684+00:00,2026-07-05T15:03:06.636829,2,1,162.55,0.5,162.3,47,162.0,150,,,,,,,,,,,,,,,,,162.8,100,,,,,,,,,,,,,,,,,,
2026-07-05T15:03:06.642101+00:00,2026-07-05T15:03:06.641978,1,1,162.55,0.5,162.3,47,,,,,,,,,,,,,,,,,,,162.8,100,,,,,,,,,,,,,,,,,,
2026-07-05T15:03:06.695703+00:00,2026-07-05T15:03:06.695796,2,1,162.55,0.5,162.3,47,162.0,150,,,,,,,,,,,,,,,,,162.8,100,,,,,,,,,,,,,,,,,,
2026-07-05T15:03:06.748658+00:00,2026-07-05T15:03:06.748619,2,2,162.4,0.2,162.3,47,162.0,150,,,,,,,,,,,,,,,,,162.5,150,162.8,100,,,,,,,,,,,,,,,,
2026-07-05T15:03:07.810483+00:00,2026-07-05T15:03:07.810455,1,1,162.25,0.5,162.0,150,,,,,,,,,,,,,,,,,,,162.5,150,,,,,,,,,,,,,,,,,,
2026-07-05T15:03:07.828202+00:00,2026-07-05T15:03:07.828167,1,1,162.25,0.5,162.0,100,,,,,,,,,,,,,,,,,,,162.5,150,,,,,,,,,,,,,,,,,,
2026-07-05T15:03:07.874381+00:00,2026-07-05T15:03:07.874296,2,1,162.35,0.3,162.2,100,162.0,100,,,,,,,,,,,,,,,,,162.5,150,,,,,,,,,,,,,,,,,,
2026-07-05T15:03:07.930130+00:00,2026-07-05T15:03:07.929979,2,2,162.35,0.3,162.2,100,162.0,100,,,,,,,,,,,,,,,,,162.5,150,162.7,100,,,,,,,,,,,,,,,,
2026-07-05T15:03:09.803331+00:00,2026-07-05T15:03:09.803265,1,1,162.45,0.5,162.2,100,,,,,,,,,,,,,,,,,,,162.7,100,,,,,,,,,,,,,,,,,,
2026-07-05T15:03:09.858640+00:00,2026-07-05T15:03:09.853610,2,1,162.45,0.5,162.2,100,162.0,150,,,,,,,,,,,,,,,,,162.7,100,,,,,,,,,,,,,,,,,,
2026-07-05T15:03:09.934222+00:00,2026-07-05T15:03:09.934032,2,2,162.35,0.3,162.2,100,162.0,150,,,,,,,,,,,,,,,,,162.5,150,162.7,100,,,,,,,,,,,,,,,,
2026-07-05T15:03:09.939597+00:00,2026-07-05T15:03:09.939477,2,2,162.35,0.3,162.2,50,162.0,150,,,,,,,,,,,,,,,,,162.5,150,162.7,100,,,,,,,,,,,,,,,,
2026-07-05T15:03:10.986276+00:00,2026-07-05T15:03:10.986398,1,1,162.25,0.5,162.0,150,,,,,,,,,,,,,,,,,,,162.5,150,,,,,,,,,,,,,,,,,,
2026-07-05T15:03:11.040022+00:00,2026-07-05T15:03:11.040111,2,1,162.25,0.5,162.0,150,161.9,100,,,,,,,,,,,,,,,,,162.5,150,,,,,,,,,,,,,,,,,,
2026-07-05T15:03:11.092903+00:00,2026-07-05T15:03:11.093010,2,2,162.2,0.4,162.0,150,161.9,100,,,,,,,,,,,,,,,,,162.4,100,162.5,150,,,,,,,,,,,,,,,,
2026-07-05T15:03:11.143969+00:00,2026-07-05T15:03:11.143827,2,2,162.2,0.4,162.0,106,161.9,100,,,,,,,,,,,,,,,,,162.4,100,162.5,150,,,,,,,,,,,,,,,,
2026-07-05T15:03:11.997222+00:00,2026-07-05T15:03:11.997099,2,2,162.2,0.4,162.0,106,161.9,100,,,,,,,,,,,,,,,,,162.4,50,162.5,150,,,,,,,,,,,,,,,,
2026-07-05T15:03:12.627338+00:00,2026-07-05T15:03:12.627501,2,2,162.2,0.4,162.0,106,161.9,100,,,,,,,,,,,,,,,,,162.4,9,162.5,150,,,,,,,,,,,,,,,,
2026-07-05T15:03:12.988128+00:00,2026-07-05T15:03:12.988281,1,1,162.15,0.5,161.9,100,,,,,,,,,,,,,,,,,,,162.4,9,,,,,,,,,,,,,,,,,,
2026-07-05T15:03:13.046254+00:00,2026-07-05T15:03:13.046218,2,1,162.15,0.5,161.9,100,161.8,150,,,,,,,,,,,,,,,,,162.4,9,,,,,,,,,,,,,,,,,,
2026-07-05T15:03:13.098702+00:00,2026-07-05T15:03:13.098787,2,2,162.1,0.4,161.9,100,161.8,150,,,,,,,,,,,,,,,,,162.3,150,162.4,9,,,,,,,,,,,,,,,,
2026-07-05T15:03:14.158601+00:00,2026-07-05T15:03:14.156023,1,1,162.05,0.5,161.8,150,,,,,,,,,,,,,,,,,,,162.3,150,,,,,,,,,,,,,,,,,,
2026-07-05T15:03:14.168703+00:00,2026-07-05T15:03:14.168915,1,1,162.05,0.5,161.8,100,,,,,,,,,,,,,,,,,,,162.3,150,,,,,,,,,,,,,,,,,,
2026-07-05T15:03:14.221329+00:00,2026-07-05T15:03:14.221261,1,1,162.05,0.5,161.8,100,,,,,,,,,,,,,,,,,,,162.3,50,,,,,,,,,,,,,,,,,,
2026-07-05T15:03:14.273165+00:00,2026-07-05T15:03:14.273034,1,2,162.05,0.5,161.8,100,,,,,,,,,,,,,,,,,,,162.3,50,162.8,100,,,,,,,,,,,,,,,,
2026-07-05T15:03:16.152790+00:00,2026-07-05T15:03:16.152711,0,1,,,,,,,,,,,,,,,,,,,,,,,162.8,100,,,,,,,,,,,,,,,,,,
2026-07-05T15:03:16.207973+00:00,2026-07-05T15:03:16.208118,1,1,162.4,0.8,162.0,150,,,,,,,,,,,,,,,,,,,162.8,100,,,,,,,,,,,,,,,,,,
2026-07-05T15:03:16.261068+00:00,2026-07-05T15:03:16.260951,1,2,162.25,0.5,162.0,150,,,,,,,,,,,,,,,,,,,162.5,150,162.8,100,,,,,,,,,,,,,,,,
2026-07-05T15:03:17.325964+00:00,2026-07-05T15:03:17.325890,1,1,162.25,0.5,162.0,150,,,,,,,,,,,,,,,,,,,162.5,150,,,,,,,,,,,,,,,,,,
2026-07-05T15:03:17.378736+00:00,2026-07-05T15:03:17.378626,2,1,162.25,0.5,162.0,150,161.9,100,,,,,,,,,,,,,,,,,162.5,150,,,,,,,,,,,,,,,,,,
2026-07-05T15:03:17.437578+00:00,2026-07-05T15:03:17.437447,2,2,162.2,0.4,162.0,150,161.9,100,,,,,,,,,,,,,,,,,162.4,100,162.5,150,,,,,,,,,,,,,,,,
2026-07-05T15:03:17.751973+00:00,2026-07-05T15:03:17.751846,2,2,162.2,0.4,162.0,150,161.9,100,,,,,,,,,,,,,,,,,162.4,52,162.5,150,,,,,,,,,,,,,,,,
2026-07-05T15:03:17.808219+00:00,2026-07-05T15:03:17.808297,2,2,162.2,0.4,162.0,108,161.9,100,,,,,,,,,,,,,,,,,162.4,52,162.5,150,,,,,,,,,,,,,,,,
2026-07-05T15:03:18.317613+00:00,2026-07-05T15:03:18.317782,2,2,162.2,0.4,162.0,108,161.9,100,,,,,,,,,,,,,,,,,162.4,2,162.5,150,,,,,,,,,,,,,,,,
2026-07-05T15:03:19.310806+00:00,2026-07-05T15:03:19.310693,1,1,162.15,0.5,161.9,100,,,,,,,,,,,,,,,,,,,162.4,2,,,,,,,,,,,,,,,,,,
2026-07-05T15:03:19.368077+00:00,2026-07-05T15:03:19.368240,2,1,162.2,0.4,162.0,150,161.9,100,,,,,,,,,,,,,,,,,162.4,2,,,,,,,,,,,,,,,,,,
2026-07-05T15:03:19.418094+00:00,2026-07-05T15:03:19.418051,2,2,162.2,0.4,162.0,150,161.9,100,,,,,,,,,,,,,,,,,162.4,2,162.5,150,,,,,,,,,,,,,,,,
2026-07-05T15:03:20.309827+00:00,2026-07-05T15:03:20.304377,2,1,162.25,0.5,162.0,150,161.9,100,,,,,,,,,,,,,,,,,162.5,150,,,,,,,,,,,,,,,,,,
2026-07-05T15:03:20.487298+00:00,2026-07-05T15:03:20.487446,1,1,162.25,0.5,162.0,150,,,,,,,,,,,,,,,,,,,162.5,150,,,,,,,,,,,,,,,,,,
2026-07-05T15:03:20.521896+00:00,2026-07-05T15:03:20.521808,1,1,162.25,0.5,162.0,100,,,,,,,,,,,,,,,,,,,162.5,150,,,,,,,,,,,,,,,,,,
2026-07-05T15:03:20.539608+00:00,2026-07-05T15:03:20.539495,1,1,162.25,0.5,162.0,100,,,,,,,,,,,,,,,,,,,162.5,50,,,,,,,,,,,,,,,,,,
2026-07-05T15:03:20.598308+00:00,2026-07-05T15:03:20.598134,1,2,162.25,0.5,162.0,100,,,,,,,,,,,,,,,,,,,162.5,50,163.0,100,,,,,,,,,,,,,,,,
2026-07-05T15:03:22.475412+00:00,2026-07-05T15:03:22.475355,0,1,,,,,,,,,,,,,,,,,,,,,,,163.0,100,,,,,,,,,,,,,,,,,,
2026-07-05T15:03:22.527327+00:00,2026-07-05T15:03:22.527244,1,1,162.5,1.0,162.0,150,,,,,,,,,,,,,,,,,,,163.0,100,,,,,,,,,,,,,,,,,,
2026-07-05T15:03:22.581448+00:00,2026-07-05T15:03:22.581412,1,2,162.25,0.5,162.0,150,,,,,,,,,,,,,,,,,,,162.5,150,163.0,100,,,,,,,,,,,,,,,,
2026-07-05T15:03:22.648022+00:00,2026-07-05T15:03:22.647909,1,2,162.25,0.5,162.0,100,,,,,,,,,,,,,,,,,,,162.5,150,163.0,100,,,,,,,,,,,,,,,,
2026-07-05T15:03:23.651928+00:00,2026-07-05T15:03:23.651788,1,1,162.25,0.5,162.0,100,,,,,,,,,,,,,,,,,,,162.5,150,,,,,,,,,,,,,,,,,,
2026-07-05T15:03:23.705464+00:00,2026-07-05T15:03:23.705365,2,1,162.35,0.3,162.2,100,162.0,100,,,,,,,,,,,,,,,,,162.5,110,,,,,,,,,,,,,,,,,,
2026-07-05T15:03:23.759307+00:00,2026-07-05T15:03:23.759208,2,2,162.35,0.3,162.2,100,162.0,100,,,,,,,,,,,,,,,,,162.5,110,162.7,100,,,,,,,,,,,,,,,,
2026-07-05T15:03:23.949902+00:00,2026-07-05T15:03:23.943661,2,2,162.35,0.3,162.2,100,162.0,100,,,,,,,,,,,,,,,,,162.5,109,162.7,100,,,,,,,,,,,,,,,,
2026-07-05T15:03:24.273994+00:00,2026-07-05T15:03:24.273944,2,2,162.35,0.3,162.2,55,162.0,100,,,,,,,,,,,,,,,,,162.5,109,162.7,100,,,,,,,,,,,,,,,,
2026-07-05T15:03:24.763953+00:00,2026-07-05T15:03:24.763909,2,2,162.35,0.3,162.2,5,162.0,100,,,,,,,,,,,,,,,,,162.5,109,162.7,100,,,,,,,,,,,,,,,,
2026-07-05T15:03:25.634858+00:00,2026-07-05T15:03:25.634969,1,1,162.45,0.5,162.2,5,,,,,,,,,,,,,,,,,,,162.7,100,,,,,,,,,,,,,,,,,,
2026-07-05T15:03:25.686907+00:00,2026-07-05T15:03:25.686888,2,1,162.5,0.4,162.3,150,162.2,5,,,,,,,,,,,,,,,,,162.7,100,,,,,,,,,,,,,,,,,,
2026-07-05T15:03:25.744704+00:00,2026-07-05T15:03:25.744677,2,2,162.5,0.4,162.3,150,162.2,5,,,,,,,,,,,,,,,,,162.7,100,162.8,150,,,,,,,,,,,,,,,,
2026-07-05T15:03:26.808894+00:00,2026-07-05T15:03:26.808844,2,1,162.55,0.5,162.3,150,162.2,5,,,,,,,,,,,,,,,,,162.8,150,,,,,,,,,,,,,,,,,,
2026-07-05T15:03:26.814062+00:00,2026-07-05T15:03:26.813984,1,1,162.55,0.5,162.3,150,,,,,,,,,,,,,,,,,,,162.8,150,,,,,,,,,,,,,,,,,,
2026-07-05T15:03:26.874501+00:00,2026-07-05T15:03:26.874638,2,1,162.55,0.5,162.3,100,162.0,100,,,,,,,,,,,,,,,,,162.8,150,,,,,,,,,,,,,,,,,,
2026-07-05T15:03:26.921649+00:00,2026-07-05T15:03:26.921560,2,2,162.35,0.1,162.3,100,162.0,100,,,,,,,,,,,,,,,,,162.4,100,162.8,150,,,,,,,,,,,,,,,,
2026-07-05T15:03:27.021028+00:00,2026-07-05T15:03:27.021140,2,2,162.35,0.1,162.3,60,162.0,100,,,,,,,,,,,,,,,,,162.4,100,162.8,150,,,,,,,,,,,,,,,,
2026-07-05T15:03:27.585709+00:00,2026-07-05T15:03:27.579704,2,2,162.35,0.1,162.3,60,162.0,100,,,,,,,,,,,,,,,,,162.4,89,162.8,150,,,,,,,,,,,,,,,,
2026-07-05T15:03:28.796315+00:00,2026-07-05T15:03:28.796257,2,1,162.35,0.1,162.3,60,162.0,100,,,,,,,,,,,,,,,,,162.4,89,,,,,,,,,,,,,,,,,,
2026-07-05T15:03:28.801327+00:00,2026-07-05T15:03:28.801389,1,1,162.2,0.4,162.0,100,,,,,,,,,,,,,,,,,,,162.4,89,,,,,,,,,,,,,,,,,,
2026-07-05T15:03:28.858590+00:00,2026-07-05T15:03:28.854397,2,1,162.2,0.4,162.0,100,161.9,150,,,,,,,,,,,,,,,,,162.4,89,,,,,,,,,,,,,,,,,,
2026-07-05T15:03:28.907007+00:00,2026-07-05T15:03:28.906935,2,1,162.2,0.4,162.0,100,161.9,150,,,,,,,,,,,,,,,,,162.4,239,,,,,,,,,,,,,,,,,,
2026-07-05T15:03:28.980464+00:00,2026-07-05T15:03:28.980606,2,1,162.2,0.4,162.0,50,161.9,150,,,,,,,,,,,,,,,,,162.4,239,,,,,,,,,,,,,,,,,,
2026-07-05T15:03:29.976675+00:00,2026-07-05T15:03:29.976580,1,1,162.15,0.5,161.9,150,,,,,,,,,,,,,,,,,,,162.4,150,,,,,,,,,,,,,,,,,,
2026-07-05T15:03:30.030005+00:00,2026-07-05T15:03:30.029959,2,1,162.15,0.5,161.9,150,161.8,100,,,,,,,,,,,,,,,,,162.4,150,,,,,,,,,,,,,,,,,,
2026-07-05T15:03:30.087144+00:00,2026-07-05T15:03:30.087054,2,2,162.1,0.4,161.9,150,161.8,100,,,,,,,,,,,,,,,,,162.3,100,162.4,150,,,,,,,,,,,,,,,,
2026-07-05T15:03:31.117403+00:00,2026-07-05T15:03:31.117353,2,2,162.1,0.4,161.9,100,161.8,100,,,,,,,,,,,,,,,,,162.3,100,162.4,150,,,,,,,,,,,,,,,,
2026-07-05T15:03:31.953576+00:00,2026-07-05T15:03:31.953723,1,1,162.05,0.5,161.8,100,,,,,,,,,,,,,,,,,,,162.3,100,,,,,,,,,,,,,,,,,,
2026-07-05T15:03:32.011723+00:00,2026-07-05T15:03:32.011627,2,1,162.05,0.5,161.8,100,161.7,150,,,,,,,,,,,,,,,,,162.3,100,,,,,,,,,,,,,,,,,,
2026-07-05T15:03:32.079118+00:00,2026-07-05T15:03:32.072976,2,2,162.0,0.4,161.8,100,161.7,150,,,,,,,,,,,,,,,,,162.2,138,162.3,100,,,,,,,,,,,,,,,,
2026-07-05T15:03:33.139356+00:00,2026-07-05T15:03:33.139241,1,1,161.95,0.5,161.7,150,,,,,,,,,,,,,,,,,,,162.2,138,,,,,,,,,,,,,,,,,,
2026-07-05T15:03:33.171541+00:00,2026-07-05T15:03:33.171440,1,1,161.95,0.5,161.7,150,,,,,,,,,,,,,,,,,,,162.2,88,,,,,,,,,,,,,,,,,,
2026-07-05T15:03:33.191435+00:00,2026-07-05T15:03:33.191365,2,1,162.0,0.4,161.8,100,161.7,150,,,,,,,,,,,,,,,,,162.2,88,,,,,,,,,,,,,,,,,,
2026-07-05T15:03:33.247192+00:00,2026-07-05T15:03:33.247066,2,2,162.0,0.4,161.8,100,161.7,150,,,,,,,,,,,,,,,,,162.2,88,162.3,100,,,,,,,,,,,,,,,,
2026-07-05T15:03:35.121529+00:00,2026-07-05T15:03:35.121473,1,1,162.05,0.5,161.8,100,,,,,,,,,,,,,,,,,,,162.3,100,,,,,,,,,,,,,,,,,,
2026-07-05T15:03:35.179420+00:00,2026-07-05T15:03:35.179522,2,1,162.1,0.4,161.9,150,161.8,100,,,,,,,,,,,,,,,,,162.3,100,,,,,,,,,,,,,,,,,,
2026-07-05T15:03:35.228693+00:00,2026-07-05T15:03:35.228598,2,2,162.1,0.4,161.9,150,161.8,100,,,,,,,,,,,,,,,,,162.3,100,162.4,150,,,,,,,,,,,,,,,,
2026-07-05T15:03:35.358633+00:00,2026-07-05T15:03:35.354600,2,2,162.1,0.4,161.9,100,161.8,100,,,,,,,,,,,,,,,,,162.3,100,162.4,150,,,,,,,,,,,,,,,,
2026-07-05T15:03:36.300857+00:00,2026-07-05T15:03:36.300651,1,1,162.15,0.5,161.9,100,,,,,,,,,,,,,,,,,,,162.4,150,,,,,,,,,,,,,,,,,,
2026-07-05T15:03:36.358559+00:00,2026-07-05T15:03:36.354629,2,1,162.15,0.5,161.9,100,161.7,100,,,,,,,,,,,,,,,,,162.4,150,,,,,,,,,,,,,,,,,,
2026-07-05T15:03:36.407115+00:00,2026-07-05T15:03:36.406974,2,2,162.05,0.3,161.9,100,161.7,100,,,,,,,,,,,,,,,,,162.2,100,162.4,150,,,,,,,,,,,,,,,,
2026-07-05T15:03:37.410848+00:00,2026-07-05T15:03:37.410753,2,2,162.05,0.3,161.9,100,161.7,100,,,,,,,,,,,,,,,,,162.2,50,162.4,150,,,,,,,,,,,,,,,,
2026-07-05T15:03:37.922436+00:00,2026-07-05T15:03:37.922392,2,2,162.05,0.3,161.9,100,161.7,100,,,,,,,,,,,,,,,,,162.2,10,162.4,150,,,,,,,,,,,,,,,,
2026-07-05T15:03:38.285814+00:00,2026-07-05T15:03:38.285760,1,1,161.95,0.5,161.7,100,,,,,,,,,,,,,,,,,,,162.2,10,,,,,,,,,,,,,,,,,,
2026-07-05T15:03:38.342392+00:00,2026-07-05T15:03:38.342238,2,1,161.95,0.5,161.7,100,161.6,150,,,,,,,,,,,,,,,,,162.2,10,,,,,,,,,,,,,,,,,,
2026-07-05T15:03:38.400529+00:00,2026-07-05T15:03:38.400418,2,2,161.9,0.4,161.7,100,161.6,150,,,,,,,,,,,,,,,,,162.1,150,162.2,10,,,,,,,,,,,,,,,,
2026-07-05T15:03:38.427277+00:00,2026-07-05T15:03:38.427175,2,2,161.9,0.4,161.7,100,161.6,150,,,,,,,,,,,,,,,,,162.1,102,162.2,10,,,,,,,,,,,,,,,,
2026-07-05T15:03:39.458575+00:00,2026-07-05T15:03:39.451824,1,1,161.85,0.5,161.6,150,,,,,,,,,,,,,,,,,,,162.1,102,,,,,,,,,,,,,,,,,,
2026-07-05T15:03:39.514658+00:00,2026-07-05T15:03:39.514579,2,1,162.05,0.1,162.0,100,161.6,150,,,,,,,,,,,,,,,,,162.1,102,,,,,,,,,,,,,,,,,,
2026-07-05T15:03:39.525018+00:00,2026-07-05T15:03:39.524937,2,1,162.05,0.1,162.0,100,161.6,150,,,,,,,,,,,,,,,,,162.1,52,,,,,,,,,,,,,,,,,,
2026-07-05T15:03:39.566728+00:00,2026-07-05T15:03:39.566636,2,2,162.05,0.1,162.0,100,161.6,150,,,,,,,,,,,,,,,,,162.1,52,162.5,100,,,,,,,,,,,,,,,,
2026-07-05T15:03:41.158554+00:00,2026-07-05T15:03:41.152045,2,2,162.05,0.1,162.0,52,161.6,150,,,,,,,,,,,,,,,,,162.1,52,162.5,100,,,,,,,,,,,,,,,,
2026-07-05T15:03:41.458597+00:00,2026-07-05T15:03:41.451023,1,1,162.25,0.5,162.0,52,,,,,,,,,,,,,,,,,,,162.5,100,,,,,,,,,,,,,,,,,,
2026-07-05T15:03:41.507671+00:00,2026-07-05T15:03:41.507633,2,1,162.25,0.5,162.0,52,161.8,150,,,,,,,,,,,,,,,,,162.5,100,,,,,,,,,,,,,,,,,,
2026-07-05T15:03:41.558623+00:00,2026-07-05T15:03:41.558193,2,2,162.15,0.3,162.0,52,161.8,150,,,,,,,,,,,,,,,,,162.3,150,162.5,100,,,,,,,,,,,,,,,,
2026-07-05T15:03:42.624949+00:00,2026-07-05T15:03:42.624869,2,1,162.15,0.3,162.0,52,161.8,150,,,,,,,,,,,,,,,,,162.3,150,,,,,,,,,,,,,,,,,,
2026-07-05T15:03:42.630092+00:00,2026-07-05T15:03:42.630014,1,1,162.05,0.5,161.8,150,,,,,,,,,,,,,,,,,,,162.3,150,,,,,,,,,,,,,,,,,,
2026-07-05T15:03:42.654828+00:00,2026-07-05T15:03:42.654702,1,1,162.05,0.5,161.8,150,,,,,,,,,,,,,,,,,,,162.3,103,,,,,,,,,,,,,,,,,,
2026-07-05T15:03:42.679744+00:00,2026-07-05T15:03:42.679873,2,1,162.05,0.5,161.8,150,161.7,100,,,,,,,,,,,,,,,,,162.3,103,,,,,,,,,,,,,,,,,,
2026-07-05T15:03:42.734945+00:00,2026-07-05T15:03:42.734886,2,2,162.0,0.4,161.8,150,161.7,100,,,,,,,,,,,,,,,,,162.2,100,162.3,103,,,,,,,,,,,,,,,,
2026-07-05T15:03:44.618547+00:00,2026-07-05T15:03:44.618430,1,1,161.95,0.5,161.7,100,,,,,,,,,,,,,,,,,,,162.2,100,,,,,,,,,,,,,,,,,,
2026-07-05T15:03:44.675199+00:00,2026-07-05T15:03:44.675066,2,1,162.05,0.3,161.9,150,161.7,100,,,,,,,,,,,,,,,,,162.2,100,,,,,,,,,,,,,,,,,,
2026-07-05T15:03:44.728245+00:00,2026-07-05T15:03:44.728152,2,2,162.05,0.3,161.9,150,161.7,100,,,,,,,,,,,,,,,,,162.2,100,162.4,150,,,,,,,,,,,,,,,,
2026-07-05T15:03:45.122824+00:00,2026-07-05T15:03:45.122723,2,2,162.05,0.3,161.9,101,161.7,100,,,,,,,,,,,,,,,,,162.2,100,162.4,150,,,,,,,,,,,,,,,,
2026-07-05T15:03:45.784775+00:00,2026-07-05T15:03:45.784671,1,1,162.15,0.5,161.9,101,,,,,,,,,,,,,,,,,,,162.4,150,,,,,,,,,,,,,,,,,,
2026-07-05T15:03:45.838145+00:00,2026-07-05T15:03:45.838026,2,1,162.15,0.5,161.9,101,161.8,100,,,,,,,,,,,,,,,,,162.4,150,,,,,,,,,,,,,,,,,,
2026-07-05T15:03:45.895055+00:00,2026-07-05T15:03:45.885819,2,2,162.1,0.4,161.9,101,161.8,100,,,,,,,,,,,,,,,,,162.3,100,162.4,150,,,,,,,,,,,,,,,,
2026-07-05T15:03:45.910669+00:00,2026-07-05T15:03:45.910490,2,2,162.1,0.4,161.9,51,161.8,100,,,,,,,,,,,,,,,,,162.3,100,162.4,150,,,,,,,,,,,,,,,,
2026-07-05T15:03:47.334741+00:00,2026-07-05T15:03:47.334877,2,2,162.1,0.4,161.9,51,161.8,100,,,,,,,,,,,,,,,,,162.3,59,162.4,150,,,,,,,,,,,,,,,,
2026-07-05T15:03:47.783516+00:00,2026-07-05T15:03:47.783462,1,1,162.05,0.5,161.8,100,,,,,,,,,,,,,,,,,,,162.3,59,,,,,,,,,,,,,,,,,,
2026-07-05T15:03:47.839125+00:00,2026-07-05T15:03:47.839028,2,1,162.05,0.5,161.8,100,161.7,150,,,,,,,,,,,,,,,,,162.3,59,,,,,,,,,,,,,,,,,,
2026-07-05T15:03:47.891693+00:00,2026-07-05T15:03:47.891577,2,2,162.0,0.4,161.8,100,161.7,150,,,,,,,,,,,,,,,,,162.2,150,162.3,59,,,,,,,,,,,,,,,,
2026-07-05T15:03:48.012274+00:00,2026-07-05T15:03:48.012462,2,2,162.0,0.4,161.8,50,161.7,150,,,,,,,,,,,,,,,,,162.2,150,162.3,59,,,,,,,,,,,,,,,,
2026-07-05T15:03:48.949259+00:00,2026-07-05T15:03:48.949093,1,1,161.95,0.5,161.7,150,,,,,,,,,,,,,,,,,,,162.2,150,,,,,,,,,,,,,,,,,,
2026-07-05T15:03:49.004472+00:00,2026-07-05T15:03:49.004354,2,1,162.0,0.4,161.8,100,161.7,150,,,,,,,,,,,,,,,,,162.2,150,,,,,,,,,,,,,,,,,,
2026-07-05T15:03:49.058550+00:00,2026-07-05T15:03:49.056989,2,2,162.0,0.4,161.8,100,161.7,150,,,,,,,,,,,,,,,,,162.2,150,162.3,100,,,,,,,,,,,,,,,,
2026-07-05T15:03:50.120526+00:00,2026-07-05T15:03:50.120606,2,2,162.0,0.4,161.8,50,161.7,150,,,,,,,,,,,,,,,,,162.2,150,162.3,100,,,,,,,,,,,,,,,,
2026-07-05T15:03:50.945410+00:00,2026-07-05T15:03:50.945315,1,1,162.05,0.5,161.8,50,,,,,,,,,,,,,,,,,,,162.3,100,,,,,,,,,,,,,,,,,,
2026-07-05T15:03:50.998090+00:00,2026-07-05T15:03:50.998313,1,1,162.05,0.5,161.8,200,,,,,,,,,,,,,,,,,,,162.3,100,,,,,,,,,,,,,,,,,,
2026-07-05T15:03:51.043536+00:00,2026-07-05T15:03:51.043481,1,1,162.05,0.5,161.8,200,,,,,,,,,,,,,,,,,,,162.3,85,,,,,,,,,,,,,,,,,,
2026-07-05T15:03:51.053900+00:00,2026-07-05T15:03:51.055760,2,1,162.1,0.4,161.9,10,161.8,200,,,,,,,,,,,,,,,,,162.3,225,,,,,,,,,,,,,,,,,,
2026-07-05T15:03:51.069534+00:00,2026-07-05T15:03:51.069387,2,2,162.1,0.4,161.9,10,161.8,200,,,,,,,,,,,,,,,,,162.3,225,162.9,10,,,,,,,,,,,,,,,,
2026-07-05T15:03:51.329631+00:00,2026-07-05T15:03:51.329547,2,2,162.1,0.4,161.9,10,161.8,200,,,,,,,,,,,,,,,,,162.3,210,162.9,10,,,,,,,,,,,,,,,,
2026-07-05T15:03:51.340142+00:00,2026-07-05T15:03:51.340016,2,2,162.1,0.4,161.9,10,161.8,200,,,,,,,,,,,,,,,,,162.3,200,162.9,10,,,,,,,,,,,,,,,,
2026-07-05T15:03:51.608547+00:00,2026-07-05T15:03:51.608399,2,2,162.1,0.4,161.9,10,161.8,200,,,,,,,,,,,,,,,,,162.3,185,162.9,10,,,,,,,,,,,,,,,,
2026-07-05T15:03:51.613674+00:00,2026-07-05T15:03:51.613622,1,1,162.05,0.5,161.8,200,,,,,,,,,,,,,,,,,,,162.3,185,,,,,,,,,,,,,,,,,,
2026-07-05T15:03:51.618921+00:00,2026-07-05T15:03:51.618826,2,1,162.15,0.3,162.0,10,161.8,200,,,,,,,,,,,,,,,,,162.3,185,,,,,,,,,,,,,,,,,,
2026-07-05T15:03:51.624110+00:00,2026-07-05T15:03:51.624025,2,2,162.15,0.3,162.0,10,161.8,200,,,,,,,,,,,,,,,,,162.3,185,162.7,10,,,,,,,,,,,,,,,,
2026-07-05T15:03:51.889528+00:00,2026-07-05T15:03:51.889432,2,2,162.15,0.3,162.0,10,161.8,200,,,,,,,,,,,,,,,,,162.3,170,162.7,10,,,,,,,,,,,,,,,,
2026-07-05T15:03:52.113315+00:00,2026-07-05T15:03:52.113138,2,2,162.15,0.3,162.0,10,161.8,150,,,,,,,,,,,,,,,,,162.3,150,162.7,10,,,,,,,,,,,,,,,,
2026-07-05T15:03:52.153903+00:00,2026-07-05T15:03:52.153842,1,2,162.05,0.5,161.8,150,,,,,,,,,,,,,,,,,,,162.3,150,162.7,10,,,,,,,,,,,,,,,,
2026-07-05T15:03:52.159096+00:00,2026-07-05T15:03:52.159005,1,1,162.05,0.5,161.8,150,,,,,,,,,,,,,,,,,,,162.3,150,,,,,,,,,,,,,,,,,,
2026-07-05T15:03:52.164228+00:00,2026-07-05T15:03:52.164202,1,2,162.05,0.5,161.8,250,,,,,,,,,,,,,,,,,,,162.3,150,162.5,10,,,,,,,,,,,,,,,,
2026-07-05T15:03:52.211570+00:00,2026-07-05T15:03:52.211510,1,2,162.05,0.5,161.8,250,,,,,,,,,,,,,,,,,,,162.3,250,162.5,10,,,,,,,,,,,,,,,,
2026-07-05T15:03:52.225547+00:00,2026-07-05T15:03:52.225434,1,2,162.05,0.5,161.8,200,,,,,,,,,,,,,,,,,,,162.3,250,162.5,10,,,,,,,,,,,,,,,,
2026-07-05T15:03:52.670495+00:00,2026-07-05T15:03:52.670375,1,2,162.05,0.5,161.8,200,,,,,,,,,,,,,,,,,,,162.3,250,162.6,10,,,,,,,,,,,,,,,,
2026-07-05T15:03:53.180413+00:00,2026-07-05T15:03:53.180368,1,1,162.05,0.5,161.8,200,,,,,,,,,,,,,,,,,,,162.3,260,,,,,,,,,,,,,,,,,,
2026-07-05T15:03:53.689692+00:00,2026-07-05T15:03:53.689576,1,2,162.0,0.4,161.8,200,,,,,,,,,,,,,,,,,,,162.2,10,162.3,250,,,,,,,,,,,,,,,,
2026-07-05T15:03:54.131678+00:00,2026-07-05T15:03:54.131639,1,2,162.0,0.4,161.8,200,,,,,,,,,,,,,,,,,,,162.2,10,162.3,100,,,,,,,,,,,,,,,,
2026-07-05T15:03:54.136861+00:00,2026-07-05T15:03:54.136808,1,2,162.0,0.4,161.8,100,,,,,,,,,,,,,,,,,,,162.2,10,162.3,100,,,,,,,,,,,,,,,,
2026-07-05T15:03:54.190875+00:00,2026-07-05T15:03:54.190819,2,2,162.0,0.4,161.8,100,161.3,150,,,,,,,,,,,,,,,,,162.2,10,162.3,100,,,,,,,,,,,,,,,,
2026-07-05T15:03:54.196040+00:00,2026-07-05T15:03:54.196016,2,1,162.05,0.5,161.8,100,161.3,150,,,,,,,,,,,,,,,,,162.3,100,,,,,,,,,,,,,,,,,,
2026-07-05T15:03:54.201294+00:00,2026-07-05T15:03:54.201240,2,2,162.05,0.5,161.8,100,161.3,150,,,,,,,,,,,,,,,,,162.3,100,162.4,10,,,,,,,,,,,,,,,,
2026-07-05T15:03:54.244020+00:00,2026-07-05T15:03:54.243958,1,3,161.55,0.5,161.3,150,,,,,,,,,,,,,,,,,,,161.8,50,162.3,100,162.4,10,,,,,,,,,,,,,,
2026-07-05T15:03:54.281477+00:00,2026-07-05T15:03:54.281329,1,2,161.8,1.0,161.3,150,,,,,,,,,,,,,,,,,,,162.3,100,162.4,10,,,,,,,,,,,,,,,,
2026-07-05T15:03:54.463683+00:00,2026-07-05T15:03:54.463901,1,2,161.8,1.0,161.3,150,,,,,,,,,,,,,,,,,,,162.3,100,162.4,10,,,,,,,,,,,,,,,,
2026-07-05T15:03:55.258557+00:00,2026-07-05T15:03:55.254245,1,2,161.8,1.0,161.3,107,,,,,,,,,,,,,,,,,,,162.3,100,162.4,10,,,,,,,,,,,,,,,,
2026-07-05T15:03:55.270775+00:00,2026-07-05T15:03:55.270731,1,1,161.85,1.1,161.3,107,,,,,,,,,,,,,,,,,,,162.4,10,,,,,,,,,,,,,,,,,,
2026-07-05T15:03:55.348135+00:00,2026-07-05T15:03:55.347969,1,1,161.85,1.1,161.3,207,,,,,,,,,,,,,,,,,,,162.4,10,,,,,,,,,,,,,,,,,,
2026-07-05T15:03:55.412078+00:00,2026-07-05T15:03:55.405920,1,2,161.55,0.5,161.3,207,,,,,,,,,,,,,,,,,,,161.8,89,162.4,10,,,,,,,,,,,,,,,,
2026-07-05T15:03:55.969695+00:00,2026-07-05T15:03:55.969574,1,2,161.55,0.5,161.3,207,,,,,,,,,,,,,,,,,,,161.8,89,162.0,10,,,,,,,,,,,,,,,,
2026-07-05T15:03:56.385752+00:00,2026-07-05T15:03:56.385638,1,2,161.55,0.5,161.3,207,,,,,,,,,,,,,,,,,,,161.8,39,162.0,10,,,,,,,,,,,,,,,,
2026-07-05T15:03:56.727611+00:00,2026-07-05T15:03:56.727531,1,1,161.55,0.5,161.3,207,,,,,,,,,,,,,,,,,,,161.8,39,,,,,,,,,,,,,,,,,,
2026-07-05T15:03:56.732614+00:00,2026-07-05T15:03:56.732692,1,2,161.55,0.5,161.3,207,,,,,,,,,,,,,,,,,,,161.8,39,162.5,10,,,,,,,,,,,,,,,,
2026-07-05T15:03:56.882556+00:00,2026-07-05T15:03:56.882502,1,1,161.9,1.2,161.3,207,,,,,,,,,,,,,,,,,,,162.5,8,,,,,,,,,,,,,,,,,,
2026-07-05T15:03:57.295631+00:00,2026-07-05T15:03:57.295704,1,1,161.9,1.2,161.3,100,,,,,,,,,,,,,,,,,,,162.5,8,,,,,,,,,,,,,,,,,,
2026-07-05T15:03:57.349972+00:00,2026-07-05T15:03:57.349925,2,1,161.9,1.2,161.3,100,161.1,150,,,,,,,,,,,,,,,,,162.5,8,,,,,,,,,,,,,,,,,,
2026-07-05T15:03:57.401396+00:00,2026-07-05T15:03:57.401299,2,2,161.45,0.3,161.3,100,161.1,150,,,,,,,,,,,,,,,,,161.6,150,162.5,8,,,,,,,,,,,,,,,,
2026-07-05T15:03:57.495873+00:00,2026-07-05T15:03:57.495807,2,2,161.45,0.3,161.3,100,161.1,150,,,,,,,,,,,,,,,,,161.6,148,162.5,8,,,,,,,,,,,,,,,,
2026-07-05T15:03:57.511515+00:00,2026-07-05T15:03:57.511420,2,1,161.45,0.3,161.3,100,161.1,150,,,,,,,,,,,,,,,,,161.6,148,,,,,,,,,,,,,,,,,,
2026-07-05T15:03:57.516716+00:00,2026-07-05T15:03:57.516626,3,2,161.5,0.2,161.4,2,161.3,100,161.1,150,,,,,,,,,,,,,,,161.6,148,161.9,10,,,,,,,,,,,,,,,,
2026-07-05T15:03:57.784834+00:00,2026-07-05T15:03:57.784605,2,2,161.45,0.3,161.3,100,161.1,150,,,,,,,,,,,,,,,,,161.6,148,161.9,10,,,,,,,,,,,,,,,,
2026-07-05T15:03:57.800562+00:00,2026-07-05T15:03:57.800475,2,1,161.45,0.3,161.3,100,161.1,150,,,,,,,,,,,,,,,,,161.6,148,,,,,,,,,,,,,,,,,,
2026-07-05T15:03:57.805732+00:00,2026-07-05T15:03:57.805656,2,2,161.45,0.3,161.3,100,161.1,150,,,,,,,,,,,,,,,,,161.6,148,161.8,10,,,,,,,,,,,,,,,,
2026-07-05T15:03:58.315069+00:00,2026-07-05T15:03:58.315048,2,2,161.45,0.3,161.3,100,161.1,150,,,,,,,,,,,,,,,,,161.6,148,162.1,10,,,,,,,,,,,,,,,,
2026-07-05T15:03:58.458549+00:00,2026-07-05T15:03:58.451962,1,2,161.35,0.5,161.1,150,,,,,,,,,,,,,,,,,,,161.6,148,162.1,10,,,,,,,,,,,,,,,,
2026-07-05T15:03:58.491621+00:00,2026-07-05T15:03:58.491501,1,2,161.35,0.5,161.1,150,,,,,,,,,,,,,,,,,,,161.6,98,162.1,10,,,,,,,,,,,,,,,,
2026-07-05T15:03:58.507359+00:00,2026-07-05T15:03:58.507192,2,2,161.5,0.2,161.4,100,161.1,150,,,,,,,,,,,,,,,,,161.6,98,162.1,10,,,,,,,,,,,,,,,,
2026-07-05T15:03:58.558618+00:00,2026-07-05T15:03:58.557372,2,3,161.5,0.2,161.4,100,161.1,150,,,,,,,,,,,,,,,,,161.6,98,161.9,100,162.1,10,,,,,,,,,,,,,,
2026-07-05T15:03:59.482463+00:00,2026-07-05T15:03:59.482674,2,3,161.5,0.2,161.4,53,161.1,150,,,,,,,,,,,,,,,,,161.6,98,161.9,100,162.1,10,,,,,,,,,,,,,,
2026-07-05T15:04:00.444945+00:00,2026-07-05T15:04:00.448083,1,2,161.65,0.5,161.4,53,,,,,,,,,,,,,,,,,,,161.9,100,162.1,10,,,,,,,,,,,,,,,,
2026-07-05T15:04:00.511652+00:00,2026-07-05T15:04:00.511574,2,2,161.75,0.3,161.6,150,161.4,53,,,,,,,,,,,,,,,,,161.9,100,162.1,10,,,,,,,,,,,,,,,,
2026-07-05T15:04:00.565297+00:00,2026-07-05T15:04:00.565144,2,2,161.75,0.3,161.6,150,161.4,53,,,,,,,,,,,,,,,,,161.9,100,162.1,160,,,,,,,,,,,,,,,,
2026-07-05T15:04:00.581001+00:00,2026-07-05T15:04:00.580883,2,2,161.75,0.3,161.6,150,161.4,53,,,,,,,,,,,,,,,,,161.9,100,162.1,160,,,,,,,,,,,,,,,,
2026-07-05T15:04:00.596643+00:00,2026-07-05T15:04:00.596530,2,2,161.75,0.3,161.6,150,161.4,53,,,,,,,,,,,,,,,,,161.9,50,162.1,160,,,,,,,,,,,,,,,,
2026-07-05T15:04:00.843419+00:00,2026-07-05T15:04:00.843322,2,3,161.75,0.3,161.6,150,161.4,53,,,,,,,,,,,,,,,,,161.9,50,162.1,150,162.3,10,,,,,,,,,,,,,,
2026-07-05T15:04:01.614696+00:00,2026-07-05T15:04:01.614618,1,2,161.85,0.5,161.6,150,,,,,,,,,,,,,,,,,,,162.1,150,162.3,10,,,,,,,,,,,,,,,,
2026-07-05T15:04:01.671227+00:00,2026-07-05T15:04:01.671307,2,2,161.85,0.5,161.6,150,161.5,100,,,,,,,,,,,,,,,,,162.1,150,162.3,10,,,,,,,,,,,,,,,,
2026-07-05T15:04:01.725063+00:00,2026-07-05T15:04:01.725159,2,3,161.8,0.4,161.6,150,161.5,100,,,,,,,,,,,,,,,,,162.0,100,162.1,150,162.3,10,,,,,,,,,,,,,,
2026-07-05T15:04:02.099715+00:00,2026-07-05T15:04:02.099611,2,3,161.8,0.4,161.6,150,161.5,100,,,,,,,,,,,,,,,,,162.0,58,162.1,150,162.3,10,,,,,,,,,,,,,,
2026-07-05T15:04:02.758678+00:00,2026-07-05T15:04:02.755709,2,3,161.8,0.4,161.6,100,161.5,100,,,,,,,,,,,,,,,,,162.0,58,162.1,150,162.3,10,,,,,,,,,,,,,,
2026-07-05T15:04:03.169162+00:00,2026-07-05T15:04:03.169049,2,3,161.8,0.4,161.6,51,161.5,100,,,,,,,,,,,,,,,,,162.0,58,162.1,150,162.3,10,,,,,,,,,,,,,,
2026-07-05T15:04:03.619050+00:00,2026-07-05T15:04:03.618940,1,2,161.75,0.5,161.5,100,,,,,,,,,,,,,,,,,,,162.0,58,162.3,10,,,,,,,,,,,,,,,,
2026-07-05T15:04:03.674213+00:00,2026-07-05T15:04:03.674132,2,2,161.75,0.5,161.5,100,161.4,150,,,,,,,,,,,,,,,,,162.0,58,162.3,10,,,,,,,,,,,,,,,,
2026-07-05T15:04:03.727246+00:00,2026-07-05T15:04:03.727349,2,3,161.7,0.4,161.5,100,161.4,150,,,,,,,,,,,,,,,,,161.9,150,162.0,58,162.3,10,,,,,,,,,,,,,,
2026-07-05T15:04:03.868922+00:00,2026-07-05T15:04:03.868875,2,3,161.7,0.4,161.5,100,161.4,150,,,,,,,,,,,,,,,,,161.9,150,162.0,58,162.3,10,,,,,,,,,,,,,,
2026-07-05T15:04:04.778846+00:00,2026-07-05T15:04:04.778722,1,2,161.65,0.5,161.4,150,,,,,,,,,,,,,,,,,,,161.9,150,162.3,10,,,,,,,,,,,,,,,,
2026-07-05T15:04:04.833682+00:00,2026-07-05T15:04:04.833546,2,2,161.85,0.1,161.8,100,161.4,150,,,,,,,,,,,,,,,,,161.9,150,162.3,10,,,,,,,,,,,,,,,,
2026-07-05T15:04:04.858594+00:00,2026-07-05T15:04:04.857929,2,2,161.85,0.1,161.8,50,161.4,150,,,,,,,,,,,,,,,,,161.9,150,162.3,10,,,,,,,,,,,,,,,,
2026-07-05T15:04:04.876802+00:00,2026-07-05T15:04:04.876684,2,1,161.85,0.1,161.8,50,161.4,150,,,,,,,,,,,,,,,,,161.9,150,,,,,,,,,,,,,,,,,,
2026-07-05T15:04:04.881935+00:00,2026-07-05T15:04:04.881888,2,3,161.85,0.1,161.8,50,161.4,150,,,,,,,,,,,,,,,,,161.9,150,162.3,100,162.4,10,,,,,,,,,,,,,,
