recv_time,book_timestamp,n_bids,n_asks,mid,spread,bid_px_0,bid_vol_0,bid_px_1,bid_vol_1,bid_px_2,bid_vol_2,bid_px_3,bid_vol_3,bid_px_4,bid_vol_4,bid_px_5,bid_vol_5,bid_px_6,bid_vol_6,bid_px_7,bid_vol_7,bid_px_8,bid_vol_8,bid_px_9,bid_vol_9,ask_px_0,ask_vol_0,ask_px_1,ask_vol_1,ask_px_2,ask_vol_2,ask_px_3,ask_vol_3,ask_px_4,ask_vol_4,ask_px_5,ask_vol_5,ask_px_6,ask_vol_6,ask_px_7,ask_vol_7,ask_px_8,ask_vol_8,ask_px_9,ask_vol_9
2026-07-09T14:00:00.300080+00:00,2026-07-09T14:00:00.270751,3,3,114.65,0.1,114.6,63,114.4,18,114.2,100,,,,,,,,,,,,,,,114.7,112,115.0,40,115.1,150,,,,,,,,,,,,,,
2026-07-09T14:00:00.385406+00:00,2026-07-09T14:00:00.367817,3,3,114.65,0.1,114.6,63,114.4,18,114.2,100,,,,,,,,,,,,,,,114.7,62,115.0,40,115.1,150,,,,,,,,,,,,,,
2026-07-09T14:00:01.097383+00:00,2026-07-09T14:00:01.093228,3,3,114.65,0.1,114.6,63,114.4,17,114.2,100,,,,,,,,,,,,,,,114.7,63,115.0,40,115.1,150,,,,,,,,,,,,,,
2026-07-09T14:00:01.289516+00:00,2026-07-09T14:00:01.281272,2,2,114.55,0.3,114.4,17,114.2,100,,,,,,,,,,,,,,,,,114.7,63,115.0,40,,,,,,,,,,,,,,,,
2026-07-09T14:00:01.342050+00:00,2026-07-09T14:00:01.341949,2,2,114.55,0.3,114.4,17,114.2,250,,,,,,,,,,,,,,,,,114.7,63,115.0,40,,,,,,,,,,,,,,,,
2026-07-09T14:00:01.413342+00:00,2026-07-09T14:00:01.387971,2,2,114.55,0.3,114.4,17,114.2,250,,,,,,,,,,,,,,,,,114.7,213,115.0,40,,,,,,,,,,,,,,,,
2026-07-09T14:00:01.688133+00:00,2026-07-09T14:00:01.683267,1,2,114.45,0.5,114.2,262,,,,,,,,,,,,,,,,,,,114.7,213,115.0,40,,,,,,,,,,,,,,,,
2026-07-09T14:00:01.703872+00:00,2026-07-09T14:00:01.703648,1,3,114.4,0.4,114.2,262,,,,,,,,,,,,,,,,,,,114.6,12,114.7,213,115.0,40,,,,,,,,,,,,,,
2026-07-09T14:00:01.808724+00:00,2026-07-09T14:00:01.734811,1,2,114.4,0.4,114.2,262,,,,,,,,,,,,,,,,,,,114.6,52,114.7,213,,,,,,,,,,,,,,,,
2026-07-09T14:00:02.304616+00:00,2026-07-09T14:00:02.303166,1,2,114.4,0.4,114.2,262,,,,,,,,,,,,,,,,,,,114.6,52,114.7,213,,,,,,,,,,,,,,,,
2026-07-09T14:00:02.429523+00:00,2026-07-09T14:00:02.429480,1,2,114.4,0.4,114.2,162,,,,,,,,,,,,,,,,,,,114.6,52,114.7,151,,,,,,,,,,,,,,,,
2026-07-09T14:00:02.490075+00:00,2026-07-09T14:00:02.489960,2,2,114.4,0.4,114.2,162,114.0,100,,,,,,,,,,,,,,,,,114.6,2,114.7,151,,,,,,,,,,,,,,,,
2026-07-09T14:00:02.505734+00:00,2026-07-09T14:00:02.505645,2,2,114.4,0.4,114.2,169,114.0,100,,,,,,,,,,,,,,,,,114.6,2,114.7,151,,,,,,,,,,,,,,,,
2026-07-09T14:00:02.515891+00:00,2026-07-09T14:00:02.515981,2,1,114.45,0.5,114.2,169,114.0,100,,,,,,,,,,,,,,,,,114.7,151,,,,,,,,,,,,,,,,,,
2026-07-09T14:00:02.552091+00:00,2026-07-09T14:00:02.536619,2,3,114.35,0.3,114.2,169,114.0,100,,,,,,,,,,,,,,,,,114.5,100,114.7,151,114.8,40,,,,,,,,,,,,,,
2026-07-09T14:00:02.685509+00:00,2026-07-09T14:00:02.685463,2,3,114.35,0.3,114.2,169,114.0,100,,,,,,,,,,,,,,,,,114.5,93,114.7,151,114.8,40,,,,,,,,,,,,,,
2026-07-09T14:00:02.695873+00:00,2026-07-09T14:00:02.695845,2,3,114.35,0.3,114.2,162,114.0,100,,,,,,,,,,,,,,,,,114.5,93,114.7,151,114.8,40,,,,,,,,,,,,,,
2026-07-09T14:00:02.701130+00:00,2026-07-09T14:00:02.701010,3,3,114.35,0.3,114.2,162,114.1,7,114.0,100,,,,,,,,,,,,,,,114.5,93,114.7,151,114.8,40,,,,,,,,,,,,,,
2026-07-09T14:00:02.706254+00:00,2026-07-09T14:00:02.706210,3,2,114.35,0.3,114.2,162,114.1,7,114.0,100,,,,,,,,,,,,,,,114.5,93,114.7,151,,,,,,,,,,,,,,,,
2026-07-09T14:00:02.711518+00:00,2026-07-09T14:00:02.711394,3,2,114.35,0.3,114.2,162,114.1,7,114.0,100,,,,,,,,,,,,,,,114.5,93,114.7,191,,,,,,,,,,,,,,,,
2026-07-09T14:00:02.900173+00:00,2026-07-09T14:00:02.900283,2,2,114.35,0.3,114.2,162,114.0,100,,,,,,,,,,,,,,,,,114.5,93,114.7,191,,,,,,,,,,,,,,,,
2026-07-09T14:00:02.920972+00:00,2026-07-09T14:00:02.915622,3,2,114.45,0.1,114.4,4,114.2,162,114.0,131,,,,,,,,,,,,,,,114.5,45,114.7,191,,,,,,,,,,,,,,,,
2026-07-09T14:00:02.936686+00:00,2026-07-09T14:00:02.936477,3,2,114.45,0.1,114.4,2,114.2,162,114.0,131,,,,,,,,,,,,,,,114.5,45,114.7,191,,,,,,,,,,,,,,,,
2026-07-09T14:00:03.080532+00:00,2026-07-09T14:00:03.080355,3,2,114.45,0.1,114.4,2,114.2,162,114.0,100,,,,,,,,,,,,,,,114.5,45,114.7,191,,,,,,,,,,,,,,,,
2026-07-09T14:00:03.090896+00:00,2026-07-09T14:00:03.090798,4,2,114.45,0.1,114.4,2,114.3,31,114.2,162,114.0,100,,,,,,,,,,,,,114.5,45,114.7,151,,,,,,,,,,,,,,,,
2026-07-09T14:00:03.096016+00:00,2026-07-09T14:00:03.095959,4,3,114.45,0.1,114.4,2,114.3,31,114.2,162,114.0,100,,,,,,,,,,,,,114.5,45,114.7,151,115.0,40,,,,,,,,,,,,,,
2026-07-09T14:00:03.481065+00:00,2026-07-09T14:00:03.481175,2,3,114.35,0.3,114.2,162,114.0,100,,,,,,,,,,,,,,,,,114.5,45,114.7,151,115.0,40,,,,,,,,,,,,,,
2026-07-09T14:00:03.491744+00:00,2026-07-09T14:00:03.491644,3,3,114.45,0.1,114.4,4,114.2,162,114.0,100,,,,,,,,,,,,,,,114.5,45,114.7,151,115.0,40,,,,,,,,,,,,,,
2026-07-09T14:00:04.452500+00:00,2026-07-09T14:00:04.452412,3,3,114.45,0.1,114.4,4,114.2,12,114.0,100,,,,,,,,,,,,,,,114.5,45,114.7,1,115.0,40,,,,,,,,,,,,,,
2026-07-09T14:00:04.508485+00:00,2026-07-09T14:00:04.508442,3,3,114.45,0.1,114.4,4,114.2,162,114.0,100,,,,,,,,,,,,,,,114.5,45,114.7,1,115.0,40,,,,,,,,,,,,,,
2026-07-09T14:00:04.558559+00:00,2026-07-09T14:00:04.551294,3,3,114.45,0.1,114.4,4,114.2,162,114.0,100,,,,,,,,,,,,,,,114.5,45,114.7,151,115.0,40,,,,,,,,,,,,,,
2026-07-09T14:00:04.679713+00:00,2026-07-09T14:00:04.679538,2,3,114.35,0.3,114.2,116,114.0,100,,,,,,,,,,,,,,,,,114.5,45,114.7,151,115.0,40,,,,,,,,,,,,,,
2026-07-09T14:00:04.700523+00:00,2026-07-09T14:00:04.700425,3,3,114.4,0.2,114.3,4,114.2,116,114.0,100,,,,,,,,,,,,,,,114.5,45,114.7,151,115.0,40,,,,,,,,,,,,,,
2026-07-09T14:00:05.601846+00:00,2026-07-09T14:00:05.601788,2,2,114.5,0.4,114.3,4,114.2,116,,,,,,,,,,,,,,,,,114.7,151,115.0,40,,,,,,,,,,,,,,,,
2026-07-09T14:00:05.658583+00:00,2026-07-09T14:00:05.653131,3,2,114.55,0.3,114.4,100,114.3,4,114.2,116,,,,,,,,,,,,,,,114.7,151,115.0,40,,,,,,,,,,,,,,,,
2026-07-09T14:00:05.709579+00:00,2026-07-09T14:00:05.709320,3,3,114.55,0.3,114.4,100,114.3,4,114.2,116,,,,,,,,,,,,,,,114.7,151,114.9,100,115.0,40,,,,,,,,,,,,,,
2026-07-09T14:00:05.854311+00:00,2026-07-09T14:00:05.854143,3,3,114.55,0.3,114.4,100,114.3,3,114.2,116,,,,,,,,,,,,,,,114.7,151,114.9,100,115.0,40,,,,,,,,,,,,,,
2026-07-09T14:00:06.036201+00:00,2026-07-09T14:00:06.036121,3,3,114.55,0.3,114.4,112,114.3,3,114.2,116,,,,,,,,,,,,,,,114.7,151,114.9,100,115.0,40,,,,,,,,,,,,,,
2026-07-09T14:00:06.041433+00:00,2026-07-09T14:00:06.041332,3,3,114.55,0.3,114.4,112,114.3,3,114.2,116,,,,,,,,,,,,,,,114.7,163,114.9,100,115.0,40,,,,,,,,,,,,,,
2026-07-09T14:00:06.754206+00:00,2026-07-09T14:00:06.754102,3,3,114.55,0.3,114.4,112,114.3,2,114.2,116,,,,,,,,,,,,,,,114.7,163,114.9,100,115.0,40,,,,,,,,,,,,,,
2026-07-09T14:00:06.784048+00:00,2026-07-09T14:00:06.784217,3,3,114.55,0.3,114.4,62,114.3,2,114.2,116,,,,,,,,,,,,,,,114.7,163,114.9,100,115.0,40,,,,,,,,,,,,,,
2026-07-09T14:00:07.652387+00:00,2026-07-09T14:00:07.605933,2,3,114.55,0.3,114.4,62,114.3,2,,,,,,,,,,,,,,,,,114.7,13,114.9,100,115.0,40,,,,,,,,,,,,,,
2026-07-09T14:00:07.694679+00:00,2026-07-09T14:00:07.694530,3,3,114.55,0.3,114.4,62,114.3,2,114.2,150,,,,,,,,,,,,,,,114.7,13,114.9,100,115.0,40,,,,,,,,,,,,,,
2026-07-09T14:00:07.752815+00:00,2026-07-09T14:00:07.752938,3,3,114.55,0.3,114.4,62,114.3,2,114.2,150,,,,,,,,,,,,,,,114.7,163,114.9,100,115.0,40,,,,,,,,,,,,,,
2026-07-09T14:00:08.158584+00:00,2026-07-09T14:00:08.158534,3,3,114.55,0.3,114.4,62,114.3,2,114.2,150,,,,,,,,,,,,,,,114.7,120,114.9,100,115.0,40,,,,,,,,,,,,,,
2026-07-09T14:00:08.324090+00:00,2026-07-09T14:00:08.323899,3,3,114.55,0.3,114.4,50,114.3,2,114.2,150,,,,,,,,,,,,,,,114.7,120,114.9,100,115.0,40,,,,,,,,,,,,,,
2026-07-09T14:00:08.329277+00:00,2026-07-09T14:00:08.329213,4,3,114.6,0.2,114.5,12,114.4,50,114.3,2,114.2,150,,,,,,,,,,,,,114.7,120,114.9,100,115.0,40,,,,,,,,,,,,,,
2026-07-09T14:00:08.339789+00:00,2026-07-09T14:00:08.339659,4,3,114.6,0.2,114.5,12,114.4,50,114.3,2,114.2,150,,,,,,,,,,,,,114.7,120,114.9,112,115.0,40,,,,,,,,,,,,,,
2026-07-09T14:00:08.519802+00:00,2026-07-09T14:00:08.519969,4,3,114.6,0.2,114.5,12,114.4,50,114.3,2,114.2,150,,,,,,,,,,,,,114.7,120,114.9,112,115.2,40,,,,,,,,,,,,,,
2026-07-09T14:00:08.758608+00:00,2026-07-09T14:00:08.758271,3,3,114.6,0.2,114.5,12,114.3,1,114.2,150,,,,,,,,,,,,,,,114.7,120,114.9,12,115.2,40,,,,,,,,,,,,,,
2026-07-09T14:00:08.822692+00:00,2026-07-09T14:00:08.822824,3,3,114.6,0.2,114.5,112,114.3,1,114.2,150,,,,,,,,,,,,,,,114.7,120,114.9,12,115.2,40,,,,,,,,,,,,,,
2026-07-09T14:00:08.874617+00:00,2026-07-09T14:00:08.874530,3,4,114.6,0.2,114.5,112,114.3,1,114.2,150,,,,,,,,,,,,,,,114.7,124,114.9,12,115.0,100,115.2,40,,,,,,,,,,,,
2026-07-09T14:00:08.895493+00:00,2026-07-09T14:00:08.895403,3,4,114.6,0.2,114.5,62,114.3,1,114.2,150,,,,,,,,,,,,,,,114.7,124,114.9,12,115.0,100,115.2,40,,,,,,,,,,,,
2026-07-09T14:00:08.979344+00:00,2026-07-09T14:00:08.979257,3,3,114.6,0.2,114.5,62,114.3,1,114.2,150,,,,,,,,,,,,,,,114.7,124,114.9,12,115.0,100,,,,,,,,,,,,,,
2026-07-09T14:00:08.984551+00:00,2026-07-09T14:00:08.984460,3,3,114.6,0.2,114.5,62,114.3,1,114.2,150,,,,,,,,,,,,,,,114.7,124,114.9,12,115.0,109,,,,,,,,,,,,,,
2026-07-09T14:00:09.611750+00:00,2026-07-09T14:00:09.605380,3,3,114.6,0.2,114.5,62,114.3,1,114.2,150,,,,,,,,,,,,,,,114.7,113,114.9,12,115.0,109,,,,,,,,,,,,,,
2026-07-09T14:00:09.735722+00:00,2026-07-09T14:00:09.735916,3,3,114.6,0.2,114.5,62,114.3,1,114.2,150,,,,,,,,,,,,,,,114.7,113,114.9,12,115.0,100,,,,,,,,,,,,,,
2026-07-09T14:00:09.741225+00:00,2026-07-09T14:00:09.741114,3,4,114.6,0.2,114.5,62,114.3,1,114.2,150,,,,,,,,,,,,,,,114.7,113,114.9,12,115.0,100,115.2,40,,,,,,,,,,,,
2026-07-09T14:00:10.674446+00:00,2026-07-09T14:00:10.674370,3,4,114.6,0.2,114.5,62,114.3,1,114.2,150,,,,,,,,,,,,,,,114.7,69,114.9,12,115.0,100,115.2,40,,,,,,,,,,,,
2026-07-09T14:00:10.801128+00:00,2026-07-09T14:00:10.801042,3,4,114.6,0.2,114.5,62,114.3,1,114.2,150,,,,,,,,,,,,,,,114.7,4,114.9,12,115.0,100,115.2,40,,,,,,,,,,,,
2026-07-09T14:00:10.806342+00:00,2026-07-09T14:00:10.806222,2,4,114.6,0.2,114.5,62,114.3,1,,,,,,,,,,,,,,,,,114.7,4,114.9,12,115.0,100,115.2,40,,,,,,,,,,,,
2026-07-09T14:00:10.855293+00:00,2026-07-09T14:00:10.855482,3,3,114.8,0.2,114.7,146,114.5,62,114.3,1,,,,,,,,,,,,,,,114.9,12,115.0,100,115.2,40,,,,,,,,,,,,,,
2026-07-09T14:00:10.880349+00:00,2026-07-09T14:00:10.880167,3,2,114.85,0.3,114.7,146,114.5,62,114.3,1,,,,,,,,,,,,,,,115.0,100,115.2,40,,,,,,,,,,,,,,,,
2026-07-09T14:00:10.885533+00:00,2026-07-09T14:00:10.885504,3,2,114.85,0.3,114.7,143,114.5,62,114.3,1,,,,,,,,,,,,,,,115.0,100,115.2,40,,,,,,,,,,,,,,,,
2026-07-09T14:00:10.896081+00:00,2026-07-09T14:00:10.895942,3,2,114.85,0.3,114.7,155,114.5,62,114.3,1,,,,,,,,,,,,,,,115.0,100,115.2,40,,,,,,,,,,,,,,,,
2026-07-09T14:00:10.901313+00:00,2026-07-09T14:00:10.901193,3,2,114.85,0.3,114.7,155,114.5,62,114.3,1,,,,,,,,,,,,,,,115.0,112,115.2,40,,,,,,,,,,,,,,,,
2026-07-09T14:00:10.916365+00:00,2026-07-09T14:00:10.916296,3,2,114.85,0.3,114.7,155,114.5,62,114.3,1,,,,,,,,,,,,,,,115.0,112,115.2,190,,,,,,,,,,,,,,,,
2026-07-09T14:00:11.003996+00:00,2026-07-09T14:00:11.003867,3,2,114.85,0.3,114.7,105,114.5,62,114.3,1,,,,,,,,,,,,,,,115.0,112,115.2,190,,,,,,,,,,,,,,,,
2026-07-09T14:00:11.041920+00:00,2026-07-09T14:00:11.041819,3,2,114.85,0.3,114.7,102,114.5,62,114.3,1,,,,,,,,,,,,,,,115.0,112,115.2,190,,,,,,,,,,,,,,,,
2026-07-09T14:00:11.068807+00:00,2026-07-09T14:00:11.068622,3,2,114.85,0.3,114.7,99,114.5,62,114.3,1,,,,,,,,,,,,,,,115.0,112,115.2,190,,,,,,,,,,,,,,,,
2026-07-09T14:00:11.803858+00:00,2026-07-09T14:00:11.803806,3,2,114.85,0.3,114.7,96,114.5,62,114.3,1,,,,,,,,,,,,,,,115.0,112,115.2,190,,,,,,,,,,,,,,,,
2026-07-09T14:00:11.884932+00:00,2026-07-09T14:00:11.884842,3,2,114.85,0.3,114.7,93,114.5,62,114.3,1,,,,,,,,,,,,,,,115.0,112,115.2,190,,,,,,,,,,,,,,,,
2026-07-09T14:00:11.937321+00:00,2026-07-09T14:00:11.937225,2,2,114.85,0.3,114.7,93,114.3,1,,,,,,,,,,,,,,,,,115.0,12,115.2,190,,,,,,,,,,,,,,,,
2026-07-09T14:00:11.947604+00:00,2026-07-09T14:00:11.947732,2,2,114.85,0.3,114.7,90,114.3,1,,,,,,,,,,,,,,,,,115.0,12,115.2,190,,,,,,,,,,,,,,,,
2026-07-09T14:00:11.993458+00:00,2026-07-09T14:00:11.993433,3,2,114.85,0.3,114.7,90,114.4,100,114.3,1,,,,,,,,,,,,,,,115.0,12,115.2,190,,,,,,,,,,,,,,,,
2026-07-09T14:00:12.019826+00:00,2026-07-09T14:00:12.019689,3,2,114.85,0.3,114.7,87,114.4,100,114.3,1,,,,,,,,,,,,,,,115.0,12,115.2,190,,,,,,,,,,,,,,,,
2026-07-09T14:00:12.058794+00:00,2026-07-09T14:00:12.058661,3,3,114.8,0.2,114.7,87,114.4,100,114.3,1,,,,,,,,,,,,,,,114.9,100,115.0,12,115.2,190,,,,,,,,,,,,,,
2026-07-09T14:00:12.302357+00:00,2026-07-09T14:00:12.302289,3,3,114.8,0.2,114.7,87,114.4,100,114.3,1,,,,,,,,,,,,,,,114.9,100,115.0,12,115.2,150,,,,,,,,,,,,,,
2026-07-09T14:00:12.307616+00:00,2026-07-09T14:00:12.307495,3,3,114.8,0.2,114.7,87,114.4,100,114.3,1,,,,,,,,,,,,,,,114.9,100,115.0,52,115.2,150,,,,,,,,,,,,,,
2026-07-09T14:00:12.669270+00:00,2026-07-09T14:00:12.661324,4,3,114.8,0.2,114.7,75,114.5,12,114.4,100,114.3,1,,,,,,,,,,,,,114.9,112,115.0,40,115.2,150,,,,,,,,,,,,,,
2026-07-09T14:00:12.991525+00:00,2026-07-09T14:00:12.991390,4,3,114.8,0.2,114.7,73,114.5,12,114.4,100,114.3,1,,,,,,,,,,,,,114.9,112,115.0,40,115.2,150,,,,,,,,,,,,,,
2026-07-09T14:00:13.034405+00:00,2026-07-09T14:00:13.034348,3,3,114.8,0.2,114.7,73,114.5,12,114.4,100,,,,,,,,,,,,,,,114.9,112,115.0,40,115.2,150,,,,,,,,,,,,,,
2026-07-09T14:00:13.049912+00:00,2026-07-09T14:00:13.050052,3,3,114.8,0.2,114.7,73,114.5,16,114.4,100,,,,,,,,,,,,,,,114.9,112,115.0,40,115.2,150,,,,,,,,,,,,,,
2026-07-09T14:00:13.142984+00:00,2026-07-09T14:00:13.142871,3,4,114.75,0.1,114.7,73,114.5,16,114.4,100,,,,,,,,,,,,,,,114.8,2,114.9,112,115.0,40,115.2,150,,,,,,,,,,,,
2026-07-09T14:00:13.793178+00:00,2026-07-09T14:00:13.793095,3,4,114.75,0.1,114.7,73,114.5,15,114.4,100,,,,,,,,,,,,,,,114.8,2,114.9,112,115.0,40,115.2,150,,,,,,,,,,,,
2026-07-09T14:00:13.922915+00:00,2026-07-09T14:00:13.922806,3,4,114.75,0.1,114.7,73,114.5,3,114.4,100,,,,,,,,,,,,,,,114.8,2,114.9,112,115.0,40,115.2,150,,,,,,,,,,,,
2026-07-09T14:00:13.928063+00:00,2026-07-09T14:00:13.927984,3,4,114.75,0.1,114.7,73,114.5,3,114.4,100,,,,,,,,,,,,,,,114.8,2,114.9,100,115.0,40,115.2,150,,,,,,,,,,,,
2026-07-09T14:00:13.933295+00:00,2026-07-09T14:00:13.933221,4,4,114.75,0.1,114.7,73,114.6,12,114.5,3,114.4,100,,,,,,,,,,,,,114.8,2,114.9,112,115.0,40,115.2,150,,,,,,,,,,,,
2026-07-09T14:00:13.967445+00:00,2026-07-09T14:00:13.967331,4,3,114.75,0.1,114.7,73,114.6,12,114.5,3,114.4,100,,,,,,,,,,,,,114.8,2,114.9,112,115.0,40,,,,,,,,,,,,,,
2026-07-09T14:00:13.972614+00:00,2026-07-09T14:00:13.972519,3,3,114.7,0.2,114.6,12,114.5,3,114.4,100,,,,,,,,,,,,,,,114.8,2,114.9,112,115.0,40,,,,,,,,,,,,,,
2026-07-09T14:00:14.035740+00:00,2026-07-09T14:00:14.035659,4,3,114.7,0.2,114.6,12,114.5,3,114.4,100,114.3,150,,,,,,,,,,,,,114.8,2,114.9,112,115.0,40,,,,,,,,,,,,,,
2026-07-09T14:00:14.087817+00:00,2026-07-09T14:00:14.087766,4,3,114.7,0.2,114.6,12,114.5,3,114.4,100,114.3,150,,,,,,,,,,,,,114.8,152,114.9,112,115.0,40,,,,,,,,,,,,,,
2026-07-09T14:00:14.857596+00:00,2026-07-09T14:00:14.857798,4,2,114.7,0.2,114.6,12,114.5,3,114.4,100,114.3,150,,,,,,,,,,,,,114.8,152,114.9,112,,,,,,,,,,,,,,,,
2026-07-09T14:00:14.872457+00:00,2026-07-09T14:00:14.872404,4,3,114.7,0.2,114.6,12,114.5,3,114.4,100,114.3,150,,,,,,,,,,,,,114.8,152,114.9,112,115.2,40,,,,,,,,,,,,,,
2026-07-09T14:00:15.089943+00:00,2026-07-09T14:00:15.089822,4,3,114.7,0.2,114.6,12,114.5,3,114.4,100,114.3,150,,,,,,,,,,,,,114.8,151,114.9,112,115.2,40,,,,,,,,,,,,,,
2026-07-09T14:00:15.100422+00:00,2026-07-09T14:00:15.100300,4,3,114.7,0.2,114.6,12,114.5,3,114.4,100,114.3,150,,,,,,,,,,,,,114.8,151,114.9,12,115.2,40,,,,,,,,,,,,,,
2026-07-09T14:00:15.105617+00:00,2026-07-09T14:00:15.105502,3,3,114.7,0.2,114.6,12,114.5,3,114.3,150,,,,,,,,,,,,,,,114.8,151,114.9,12,115.2,40,,,,,,,,,,,,,,
2026-07-09T14:00:15.158681+00:00,2026-07-09T14:00:15.155710,4,3,114.7,0.2,114.6,12,114.5,3,114.4,100,114.3,150,,,,,,,,,,,,,114.8,151,114.9,12,115.2,40,,,,,,,,,,,,,,
2026-07-09T14:00:15.215424+00:00,2026-07-09T14:00:15.215551,4,3,114.7,0.2,114.6,12,114.5,3,114.4,100,114.3,150,,,,,,,,,,,,,114.8,151,114.9,112,115.2,40,,,,,,,,,,,,,,
2026-07-09T14:00:15.255521+00:00,2026-07-09T14:00:15.255417,2,3,114.6,0.4,114.4,65,114.3,150,,,,,,,,,,,,,,,,,114.8,151,114.9,112,115.2,40,,,,,,,,,,,,,,
2026-07-09T14:00:15.438873+00:00,2026-07-09T14:00:15.438771,2,3,114.6,0.4,114.4,65,114.3,150,,,,,,,,,,,,,,,,,114.8,151,114.9,100,115.2,40,,,,,,,,,,,,,,
2026-07-09T14:00:15.444049+00:00,2026-07-09T14:00:15.443971,3,3,114.65,0.3,114.5,12,114.4,65,114.3,150,,,,,,,,,,,,,,,114.8,151,114.9,100,115.2,40,,,,,,,,,,,,,,
2026-07-09T14:00:15.449357+00:00,2026-07-09T14:00:15.449159,3,4,114.65,0.3,114.5,12,114.4,65,114.3,150,,,,,,,,,,,,,,,114.8,151,114.9,100,115.0,12,115.2,40,,,,,,,,,,,,
2026-07-09T14:00:16.070029+00:00,2026-07-09T14:00:16.070230,3,4,114.65,0.3,114.5,17,114.4,65,114.3,150,,,,,,,,,,,,,,,114.8,151,114.9,100,115.0,12,115.2,40,,,,,,,,,,,,
2026-07-09T14:00:17.146930+00:00,2026-07-09T14:00:17.146846,2,4,114.65,0.3,114.5,17,114.4,65,,,,,,,,,,,,,,,,,114.8,1,114.9,100,115.0,12,115.2,40,,,,,,,,,,,,
2026-07-09T14:00:17.202897+00:00,2026-07-09T14:00:17.202835,2,4,114.65,0.3,114.5,167,114.4,65,,,,,,,,,,,,,,,,,114.8,1,114.9,100,115.0,12,115.2,40,,,,,,,,,,,,
2026-07-09T14:00:17.258708+00:00,2026-07-09T14:00:17.254170,2,4,114.65,0.3,114.5,167,114.4,65,,,,,,,,,,,,,,,,,114.8,1,114.9,100,115.0,162,115.2,40,,,,,,,,,,,,
2026-07-09T14:00:17.321625+00:00,2026-07-09T14:00:17.321519,2,3,114.7,0.4,114.5,167,114.4,65,,,,,,,,,,,,,,,,,114.9,100,115.0,162,115.2,40,,,,,,,,,,,,,,
2026-07-09T14:00:17.402177+00:00,2026-07-09T14:00:17.402326,2,3,114.7,0.4,114.5,117,114.4,65,,,,,,,,,,,,,,,,,114.9,100,115.0,162,115.2,40,,,,,,,,,,,,,,
2026-07-09T14:00:17.418270+00:00,2026-07-09T14:00:17.418162,2,4,114.65,0.3,114.5,117,114.4,65,,,,,,,,,,,,,,,,,114.8,1,114.9,100,115.0,162,115.2,40,,,,,,,,,,,,
2026-07-09T14:00:17.522633+00:00,2026-07-09T14:00:17.522586,2,3,114.7,0.4,114.5,117,114.4,65,,,,,,,,,,,,,,,,,114.9,100,115.0,162,115.2,40,,,,,,,,,,,,,,
2026-07-09T14:00:17.569249+00:00,2026-07-09T14:00:17.569404,2,3,114.7,0.4,114.5,117,114.4,65,,,,,,,,,,,,,,,,,114.9,90,115.0,162,115.2,40,,,,,,,,,,,,,,
2026-07-09T14:00:17.783110+00:00,2026-07-09T14:00:17.782997,2,3,114.7,0.4,114.5,117,114.4,65,,,,,,,,,,,,,,,,,114.9,80,115.0,162,115.2,40,,,,,,,,,,,,,,
2026-07-09T14:00:18.011758+00:00,2026-07-09T14:00:18.011688,2,3,114.7,0.4,114.5,117,114.4,65,,,,,,,,,,,,,,,,,114.9,70,115.0,162,115.2,40,,,,,,,,,,,,,,
2026-07-09T14:00:18.213772+00:00,2026-07-09T14:00:18.213665,2,3,114.7,0.4,114.5,76,114.4,65,,,,,,,,,,,,,,,,,114.9,70,115.0,162,115.2,40,,,,,,,,,,,,,,
2026-07-09T14:00:18.229320+00:00,2026-07-09T14:00:18.229284,2,3,114.7,0.4,114.5,76,114.4,65,,,,,,,,,,,,,,,,,114.9,60,115.0,162,115.2,40,,,,,,,,,,,,,,
2026-07-09T14:00:18.269266+00:00,2026-07-09T14:00:18.269140,1,2,114.75,0.5,114.5,76,,,,,,,,,,,,,,,,,,,115.0,162,115.2,40,,,,,,,,,,,,,,,,
2026-07-09T14:00:18.326525+00:00,2026-07-09T14:00:18.326381,1,2,114.75,0.5,114.5,176,,,,,,,,,,,,,,,,,,,115.0,162,115.2,40,,,,,,,,,,,,,,,,
2026-07-09T14:00:18.375544+00:00,2026-07-09T14:00:18.375411,1,2,114.75,0.5,114.5,176,,,,,,,,,,,,,,,,,,,115.0,262,115.2,40,,,,,,,,,,,,,,,,
2026-07-09T14:00:18.441722+00:00,2026-07-09T14:00:18.441866,1,2,114.75,0.5,114.5,176,,,,,,,,,,,,,,,,,,,115.0,257,115.2,40,,,,,,,,,,,,,,,,
2026-07-09T14:00:18.664110+00:00,2026-07-09T14:00:18.663994,1,2,114.75,0.5,114.5,176,,,,,,,,,,,,,,,,,,,115.0,255,115.2,40,,,,,,,,,,,,,,,,
2026-07-09T14:00:19.384913+00:00,2026-07-09T14:00:19.384771,1,1,114.75,0.5,114.5,176,,,,,,,,,,,,,,,,,,,115.0,255,,,,,,,,,,,,,,,,,,
2026-07-09T14:00:19.405465+00:00,2026-07-09T14:00:19.405391,1,2,114.75,0.5,114.5,176,,,,,,,,,,,,,,,,,,,115.0,255,115.4,40,,,,,,,,,,,,,,,,
2026-07-09T14:00:19.507927+00:00,2026-07-09T14:00:19.508090,1,2,114.75,0.5,114.5,126,,,,,,,,,,,,,,,,,,,115.0,255,115.4,40,,,,,,,,,,,,,,,,
2026-07-09T14:00:19.808361+00:00,2026-07-09T14:00:19.808478,1,2,114.75,0.5,114.5,126,,,,,,,,,,,,,,,,,,,115.0,208,115.4,40,,,,,,,,,,,,,,,,
2026-07-09T14:00:19.858601+00:00,2026-07-09T14:00:19.855253,1,1,114.75,0.5,114.5,126,,,,,,,,,,,,,,,,,,,115.0,208,,,,,,,,,,,,,,,,,,
2026-07-09T14:00:19.869596+00:00,2026-07-09T14:00:19.869440,1,2,114.75,0.5,114.5,126,,,,,,,,,,,,,,,,,,,115.0,208,115.2,40,,,,,,,,,,,,,,,,
2026-07-09T14:00:20.090478+00:00,2026-07-09T14:00:20.090359,1,2,114.75,0.5,114.5,126,,,,,,,,,,,,,,,,,,,115.0,211,115.2,40,,,,,,,,,,,,,,,,
2026-07-09T14:00:20.299385+00:00,2026-07-09T14:00:20.299299,1,2,114.75,0.5,114.5,126,,,,,,,,,,,,,,,,,,,115.0,208,115.2,40,,,,,,,,,,,,,,,,
2026-07-09T14:00:20.304434+00:00,2026-07-09T14:00:20.304547,1,2,114.75,0.5,114.5,126,,,,,,,,,,,,,,,,,,,115.0,211,115.2,40,,,,,,,,,,,,,,,,
2026-07-09T14:00:20.309846+00:00,2026-07-09T14:00:20.309784,1,2,114.75,0.5,114.5,100,,,,,,,,,,,,,,,,,,,115.0,103,115.2,40,,,,,,,,,,,,,,,,
2026-07-09T14:00:20.315149+00:00,2026-07-09T14:00:20.315045,1,2,114.75,0.5,114.5,51,,,,,,,,,,,,,,,,,,,115.0,103,115.2,40,,,,,,,,,,,,,,,,
2026-07-09T14:00:20.358621+00:00,2026-07-09T14:00:20.357216,2,2,114.75,0.5,114.5,51,114.0,150,,,,,,,,,,,,,,,,,115.0,103,115.2,40,,,,,,,,,,,,,,,,
2026-07-09T14:00:20.443831+00:00,2026-07-09T14:00:20.443954,1,3,114.25,0.5,114.0,150,,,,,,,,,,,,,,,,,,,114.5,99,115.0,103,115.2,40,,,,,,,,,,,,,,
2026-07-09T14:00:20.455830+00:00,2026-07-09T14:00:20.448756,1,3,114.25,0.5,114.0,150,,,,,,,,,,,,,,,,,,,114.5,87,115.0,103,115.2,40,,,,,,,,,,,,,,
2026-07-09T14:00:20.485685+00:00,2026-07-09T14:00:20.485623,2,4,114.3,0.4,114.1,12,114.0,150,,,,,,,,,,,,,,,,,114.5,87,114.9,12,115.0,103,115.2,40,,,,,,,,,,,,
2026-07-09T14:00:20.514004+00:00,2026-07-09T14:00:20.506600,2,4,114.3,0.4,114.1,12,114.0,150,,,,,,,,,,,,,,,,,114.5,76,114.9,12,115.0,100,115.2,40,,,,,,,,,,,,
2026-07-09T14:00:20.994862+00:00,2026-07-09T14:00:20.994804,1,3,114.25,0.5,114.0,150,,,,,,,,,,,,,,,,,,,114.5,76,115.0,100,115.2,40,,,,,,,,,,,,,,
2026-07-09T14:00:21.000043+00:00,2026-07-09T14:00:21.000017,2,4,114.35,0.3,114.2,12,114.0,150,,,,,,,,,,,,,,,,,114.5,76,114.9,12,115.0,100,115.2,40,,,,,,,,,,,,
2026-07-09T14:00:21.433861+00:00,2026-07-09T14:00:21.433737,2,3,114.35,0.3,114.2,12,114.0,150,,,,,,,,,,,,,,,,,114.5,76,114.9,12,115.2,40,,,,,,,,,,,,,,
2026-07-09T14:00:21.483282+00:00,2026-07-09T14:00:21.483429,2,3,114.35,0.3,114.2,112,114.0,150,,,,,,,,,,,,,,,,,114.5,76,114.9,12,115.2,40,,,,,,,,,,,,,,
2026-07-09T14:00:21.558632+00:00,2026-07-09T14:00:21.539991,2,4,114.35,0.3,114.2,112,114.0,150,,,,,,,,,,,,,,,,,114.5,76,114.7,100,114.9,12,115.2,40,,,,,,,,,,,,
2026-07-09T14:00:21.727906+00:00,2026-07-09T14:00:21.720442,2,4,114.35,0.3,114.2,112,114.0,150,,,,,,,,,,,,,,,,,114.5,64,114.7,100,114.9,12,115.2,40,,,,,,,,,,,,
2026-07-09T14:00:22.935273+00:00,2026-07-09T14:00:22.935448,2,4,114.35,0.3,114.2,112,114.0,150,,,,,,,,,,,,,,,,,114.5,21,114.7,100,114.9,12,115.2,40,,,,,,,,,,,,
2026-07-09T14:00:23.494071+00:00,2026-07-09T14:00:23.493934,1,3,114.45,0.5,114.2,112,,,,,,,,,,,,,,,,,,,114.7,100,114.9,12,115.2,40,,,,,,,,,,,,,,
2026-07-09T14:00:23.544828+00:00,2026-07-09T14:00:23.544710,2,3,114.6,0.2,114.5,150,114.2,112,,,,,,,,,,,,,,,,,114.7,100,114.9,12,115.2,40,,,,,,,,,,,,,,
2026-07-09T14:00:23.602400+00:00,2026-07-09T14:00:23.602315,2,4,114.6,0.2,114.5,150,114.2,112,,,,,,,,,,,,,,,,,114.7,100,114.9,12,115.0,150,115.2,40,,,,,,,,,,,,
2026-07-09T14:00:23.758630+00:00,2026-07-09T14:00:23.754420,2,4,114.6,0.2,114.5,100,114.2,100,,,,,,,,,,,,,,,,,114.7,100,114.9,12,115.0,150,115.2,40,,,,,,,,,,,,
2026-07-09T14:00:23.763850+00:00,2026-07-09T14:00:23.763762,2,3,114.6,0.2,114.5,100,114.2,100,,,,,,,,,,,,,,,,,114.7,100,115.0,150,115.2,40,,,,,,,,,,,,,,
2026-07-09T14:00:23.779950+00:00,2026-07-09T14:00:23.773065,2,4,114.6,0.2,114.5,100,114.2,100,,,,,,,,,,,,,,,,,114.7,100,114.9,12,115.0,150,115.2,40,,,,,,,,,,,,
2026-07-09T14:00:24.080304+00:00,2026-07-09T14:00:24.080226,2,3,114.6,0.2,114.5,100,114.2,100,,,,,,,,,,,,,,,,,114.7,100,114.9,12,115.0,150,,,,,,,,,,,,,,
2026-07-09T14:00:24.085531+00:00,2026-07-09T14:00:24.085468,2,4,114.6,0.2,114.5,100,114.2,100,,,,,,,,,,,,,,,,,114.7,100,114.9,12,115.0,150,115.4,40,,,,,,,,,,,,
2026-07-09T14:00:24.258620+00:00,2026-07-09T14:00:24.246256,2,3,114.6,0.2,114.5,100,114.2,100,,,,,,,,,,,,,,,,,114.7,100,114.9,12,115.0,150,,,,,,,,,,,,,,
2026-07-09T14:00:24.274730+00:00,2026-07-09T14:00:24.274605,2,4,114.6,0.2,114.5,100,114.2,100,,,,,,,,,,,,,,,,,114.7,100,114.9,12,115.0,150,115.2,40,,,,,,,,,,,,
2026-07-09T14:00:24.592832+00:00,2026-07-09T14:00:24.593001,1,3,114.7,0.4,114.5,100,,,,,,,,,,,,,,,,,,,114.9,12,115.0,150,115.2,40,,,,,,,,,,,,,,
2026-07-09T14:00:24.658561+00:00,2026-07-09T14:00:24.648185,2,3,114.7,0.4,114.5,57,114.1,100,,,,,,,,,,,,,,,,,114.9,12,115.0,150,115.2,40,,,,,,,,,,,,,,
2026-07-09T14:00:24.702925+00:00,2026-07-09T14:00:24.702792,2,4,114.55,0.1,114.5,57,114.1,100,,,,,,,,,,,,,,,,,114.6,100,114.9,12,115.0,150,115.2,40,,,,,,,,,,,,
2026-07-09T14:00:25.571045+00:00,2026-07-09T14:00:25.570904,3,4,114.55,0.1,114.5,57,114.3,7,114.1,100,,,,,,,,,,,,,,,114.6,100,114.9,12,115.0,150,115.2,40,,,,,,,,,,,,
2026-07-09T14:00:25.911950+00:00,2026-07-09T14:00:25.911910,3,4,114.55,0.1,114.5,7,114.3,7,114.1,100,,,,,,,,,,,,,,,114.6,100,114.9,12,115.0,150,115.2,40,,,,,,,,,,,,
2026-07-09T14:00:26.092447+00:00,2026-07-09T14:00:26.092303,2,4,114.45,0.3,114.3,7,114.1,100,,,,,,,,,,,,,,,,,114.6,100,114.9,12,115.0,150,115.2,40,,,,,,,,,,,,
2026-07-09T14:00:26.330049+00:00,2026-07-09T14:00:26.329966,2,3,114.45,0.3,114.3,7,114.1,100,,,,,,,,,,,,,,,,,114.6,100,115.0,150,115.2,40,,,,,,,,,,,,,,
2026-07-09T14:00:26.335085+00:00,2026-07-09T14:00:26.335190,3,3,114.5,0.2,114.4,12,114.3,7,114.1,100,,,,,,,,,,,,,,,114.6,100,115.0,150,115.2,40,,,,,,,,,,,,,,
2026-07-09T14:00:26.345828+00:00,2026-07-09T14:00:26.345723,3,4,114.5,0.2,114.4,12,114.3,7,114.1,100,,,,,,,,,,,,,,,114.6,100,114.9,12,115.0,150,115.2,40,,,,,,,,,,,,
2026-07-09T14:00:26.587705+00:00,2026-07-09T14:00:26.587899,3,4,114.5,0.2,114.4,12,114.3,7,114.1,100,,,,,,,,,,,,,,,114.6,97,114.9,12,115.0,150,115.2,40,,,,,,,,,,,,
2026-07-09T14:00:26.593010+00:00,2026-07-09T14:00:26.593133,3,5,114.5,0.2,114.4,12,114.3,7,114.1,100,,,,,,,,,,,,,,,114.6,97,114.9,12,115.0,150,115.2,40,116.4,3,,,,,,,,,,
2026-07-09T14:00:26.664006+00:00,2026-07-09T14:00:26.663801,3,4,114.5,0.2,114.4,12,114.3,7,114.1,100,,,,,,,,,,,,,,,114.6,97,114.9,12,115.2,40,116.4,3,,,,,,,,,,,,
2026-07-09T14:00:26.707610+00:00,2026-07-09T14:00:26.707526,4,4,114.5,0.2,114.4,12,114.3,7,114.1,100,113.9,150,,,,,,,,,,,,,114.6,97,114.9,12,115.2,40,116.4,3,,,,,,,,,,,,
2026-07-09T14:00:26.770223+00:00,2026-07-09T14:00:26.763054,3,5,114.35,0.1,114.3,7,114.1,100,113.9,150,,,,,,,,,,,,,,,114.4,126,114.6,97,114.9,12,115.2,40,116.4,3,,,,,,,,,,
2026-07-09T14:00:27.457374+00:00,2026-07-09T14:00:27.457269,3,5,114.35,0.1,114.3,6,114.1,100,113.9,150,,,,,,,,,,,,,,,114.4,126,114.6,97,114.9,12,115.2,40,116.4,3,,,,,,,,,,
2026-07-09T14:00:27.604193+00:00,2026-07-09T14:00:27.604116,3,4,114.35,0.1,114.3,6,114.1,100,113.9,150,,,,,,,,,,,,,,,114.4,126,114.6,97,114.9,12,115.2,40,,,,,,,,,,,,
2026-07-09T14:00:27.609391+00:00,2026-07-09T14:00:27.609360,3,4,114.35,0.1,114.3,9,114.1,100,113.9,150,,,,,,,,,,,,,,,114.4,126,114.6,97,114.9,12,115.2,40,,,,,,,,,,,,
2026-07-09T14:00:27.614650+00:00,2026-07-09T14:00:27.614575,3,4,114.35,0.1,114.3,9,114.1,100,113.9,150,,,,,,,,,,,,,,,114.4,129,114.6,97,114.9,12,115.2,40,,,,,,,,,,,,
2026-07-09T14:00:27.761578+00:00,2026-07-09T14:00:27.761472,2,3,114.35,0.1,114.3,9,113.9,150,,,,,,,,,,,,,,,,,114.4,129,114.9,12,115.2,40,,,,,,,,,,,,,,
2026-07-09T14:00:27.817566+00:00,2026-07-09T14:00:27.817706,3,3,114.35,0.1,114.3,9,114.1,100,113.9,150,,,,,,,,,,,,,,,114.4,129,114.9,12,115.2,40,,,,,,,,,,,,,,
2026-07-09T14:00:27.873344+00:00,2026-07-09T14:00:27.873277,3,4,114.35,0.1,114.3,9,114.1,100,113.9,150,,,,,,,,,,,,,,,114.4,129,114.6,100,114.9,12,115.2,40,,,,,,,,,,,,
2026-07-09T14:00:28.113125+00:00,2026-07-09T14:00:28.112945,3,3,114.35,0.1,114.3,9,114.1,100,113.9,150,,,,,,,,,,,,,,,114.4,129,114.6,100,115.2,40,,,,,,,,,,,,,,
2026-07-09T14:00:28.118292+00:00,2026-07-09T14:00:28.118235,3,4,114.35,0.1,114.3,9,114.1,100,113.9,150,,,,,,,,,,,,,,,114.4,117,114.6,100,114.8,12,115.2,40,,,,,,,,,,,,
2026-07-09T14:00:28.638976+00:00,2026-07-09T14:00:28.638883,3,4,114.35,0.1,114.3,6,114.1,100,113.9,150,,,,,,,,,,,,,,,114.4,117,114.6,100,114.8,12,115.2,40,,,,,,,,,,,,
2026-07-09T14:00:28.671677+00:00,2026-07-09T14:00:28.644261,3,4,114.35,0.1,114.3,9,114.1,100,113.9,150,,,,,,,,,,,,,,,114.4,117,114.6,100,114.8,12,115.2,40,,,,,,,,,,,,
2026-07-09T14:00:29.296336+00:00,2026-07-09T14:00:29.296240,3,4,114.35,0.1,114.3,6,114.1,100,113.9,150,,,,,,,,,,,,,,,114.4,117,114.6,100,114.8,12,115.2,40,,,,,,,,,,,,
2026-07-09T14:00:29.395887+00:00,2026-07-09T14:00:29.395826,3,3,114.35,0.1,114.3,6,114.1,100,113.9,150,,,,,,,,,,,,,,,114.4,117,114.6,100,115.2,40,,,,,,,,,,,,,,
2026-07-09T14:00:29.411722+00:00,2026-07-09T14:00:29.411598,3,3,114.35,0.1,114.3,6,114.1,100,113.9,150,,,,,,,,,,,,,,,114.4,105,114.6,100,115.2,40,,,,,,,,,,,,,,
2026-07-09T14:00:29.416884+00:00,2026-07-09T14:00:29.416834,3,4,114.35,0.1,114.3,6,114.1,100,113.9,150,,,,,,,,,,,,,,,114.4,105,114.6,100,114.9,12,115.2,40,,,,,,,,,,,,
2026-07-09T14:00:29.668970+00:00,2026-07-09T14:00:29.668940,3,4,114.35,0.1,114.3,3,114.1,100,113.9,150,,,,,,,,,,,,,,,114.4,105,114.6,100,114.9,12,115.2,40,,,,,,,,,,,,
2026-07-09T14:00:29.674283+00:00,2026-07-09T14:00:29.674180,3,4,114.35,0.1,114.3,3,114.1,100,113.9,150,,,,,,,,,,,,,,,114.4,102,114.6,100,114.9,12,115.2,40,,,,,,,,,,,,
2026-07-09T14:00:29.679460+00:00,2026-07-09T14:00:29.679368,3,4,114.35,0.1,114.3,6,114.1,100,113.9,150,,,,,,,,,,,,,,,114.4,102,114.6,100,114.9,12,115.2,40,,,,,,,,,,,,
2026-07-09T14:00:29.684773+00:00,2026-07-09T14:00:29.684686,3,4,114.35,0.1,114.3,6,114.1,100,113.9,150,,,,,,,,,,,,,,,114.4,105,114.6,100,114.9,12,115.2,40,,,,,,,,,,,,
2026-07-09T14:00:29.821457+00:00,2026-07-09T14:00:29.821334,2,4,114.35,0.1,114.3,6,114.1,100,,,,,,,,,,,,,,,,,114.4,3,114.6,100,114.9,12,115.2,40,,,,,,,,,,,,
2026-07-09T14:00:29.873949+00:00,2026-07-09T14:00:29.873868,2,4,114.35,0.1,114.3,6,114.1,250,,,,,,,,,,,,,,,,,114.4,3,114.6,100,114.9,12,115.2,40,,,,,,,,,,,,
2026-07-09T14:00:29.930219+00:00,2026-07-09T14:00:29.930337,2,4,114.35,0.1,114.3,6,114.1,250,,,,,,,,,,,,,,,,,114.4,3,114.6,250,114.9,12,115.2,40,,,,,,,,,,,,
2026-07-09T14:00:30.628326+00:00,2026-07-09T14:00:30.628226,2,4,114.35,0.1,114.3,6,114.1,250,,,,,,,,,,,,,,,,,114.4,3,114.6,253,114.9,12,115.2,40,,,,,,,,,,,,
2026-07-09T14:00:30.716779+00:00,2026-07-09T14:00:30.716665,2,3,114.45,0.3,114.3,6,114.1,250,,,,,,,,,,,,,,,,,114.6,211,114.9,12,115.2,40,,,,,,,,,,,,,,
2026-07-09T14:00:30.737833+00:00,2026-07-09T14:00:30.737739,2,3,114.45,0.3,114.3,6,114.1,250,,,,,,,,,,,,,,,,,114.6,211,114.9,12,115.2,40,,,,,,,,,,,,,,
2026-07-09T14:00:30.743010+00:00,2026-07-09T14:00:30.742961,2,3,114.45,0.3,114.3,6,114.1,250,,,,,,,,,,,,,,,,,114.6,214,114.9,12,115.2,40,,,,,,,,,,,,,,
2026-07-09T14:00:30.927986+00:00,2026-07-09T14:00:30.927934,2,3,114.45,0.3,114.3,6,114.1,150,,,,,,,,,,,,,,,,,114.6,156,114.9,12,115.2,40,,,,,,,,,,,,,,
2026-07-09T14:00:30.995583+00:00,2026-07-09T14:00:30.995520,2,3,114.45,0.3,114.3,106,114.1,150,,,,,,,,,,,,,,,,,114.6,156,114.9,12,115.2,40,,,,,,,,,,,,,,
2026-07-09T14:00:31.047816+00:00,2026-07-09T14:00:31.047777,2,4,114.45,0.3,114.3,106,114.1,150,,,,,,,,,,,,,,,,,114.6,156,114.8,100,114.9,12,115.2,40,,,,,,,,,,,,
2026-07-09T14:00:31.758624+00:00,2026-07-09T14:00:31.755856,2,4,114.45,0.3,114.3,103,114.1,150,,,,,,,,,,,,,,,,,114.6,153,114.8,100,114.9,12,115.2,40,,,,,,,,,,,,
2026-07-09T14:00:31.769072+00:00,2026-07-09T14:00:31.769196,2,4,114.45,0.3,114.3,106,114.1,150,,,,,,,,,,,,,,,,,114.6,153,114.8,100,114.9,12,115.2,40,,,,,,,,,,,,
2026-07-09T14:00:31.774394+00:00,2026-07-09T14:00:31.774542,2,4,114.45,0.3,114.3,106,114.1,150,,,,,,,,,,,,,,,,,114.6,156,114.8,100,114.9,12,115.2,40,,,,,,,,,,,,
2026-07-09T14:00:32.097045+00:00,2026-07-09T14:00:32.097216,2,3,114.45,0.3,114.3,106,114.1,150,,,,,,,,,,,,,,,,,114.6,156,114.8,100,114.9,12,,,,,,,,,,,,,,
2026-07-09T14:00:32.102340+00:00,2026-07-09T14:00:32.102461,2,4,114.45,0.3,114.3,106,114.1,150,,,,,,,,,,,,,,,,,114.6,156,114.8,100,114.9,12,115.0,40,,,,,,,,,,,,
2026-07-09T14:00:32.184963+00:00,2026-07-09T14:00:32.184813,2,3,114.45,0.3,114.3,107,114.1,150,,,,,,,,,,,,,,,,,114.6,156,114.8,100,115.0,40,,,,,,,,,,,,,,
2026-07-09T14:00:32.195381+00:00,2026-07-09T14:00:32.195329,2,4,114.45,0.3,114.3,107,114.1,150,,,,,,,,,,,,,,,,,114.6,156,114.7,12,114.8,100,115.0,40,,,,,,,,,,,,
2026-07-09T14:00:32.240709+00:00,2026-07-09T14:00:32.240638,2,4,114.45,0.3,114.3,57,114.1,150,,,,,,,,,,,,,,,,,114.6,156,114.7,12,114.8,100,115.0,40,,,,,,,,,,,,
2026-07-09T14:00:32.723129+00:00,2026-07-09T14:00:32.723350,2,4,114.45,0.3,114.3,57,114.1,150,,,,,,,,,,,,,,,,,114.6,155,114.7,12,114.8,100,115.0,40,,,,,,,,,,,,
2026-07-09T14:00:32.790510+00:00,2026-07-09T14:00:32.790475,2,4,114.45,0.3,114.3,54,114.1,150,,,,,,,,,,,,,,,,,114.6,155,114.7,12,114.8,100,115.0,40,,,,,,,,,,,,
2026-07-09T14:00:32.795834+00:00,2026-07-09T14:00:32.795745,2,4,114.45,0.3,114.3,57,114.1,150,,,,,,,,,,,,,,,,,114.6,152,114.7,12,114.8,100,115.0,40,,,,,,,,,,,,
2026-07-09T14:00:32.801067+00:00,2026-07-09T14:00:32.800958,2,4,114.45,0.3,114.3,57,114.1,150,,,,,,,,,,,,,,,,,114.6,155,114.7,12,114.8,100,115.0,40,,,,,,,,,,,,
2026-07-09T14:00:32.825463+00:00,2026-07-09T14:00:32.825416,2,4,114.45,0.3,114.3,57,114.1,150,,,,,,,,,,,,,,,,,114.6,113,114.7,12,114.8,100,115.0,40,,,,,,,,,,,,
2026-07-09T14:00:33.005029+00:00,2026-07-09T14:00:33.004982,1,4,114.45,0.3,114.3,57,,,,,,,,,,,,,,,,,,,114.6,5,114.7,12,114.8,100,115.0,40,,,,,,,,,,,,
2026-07-09T14:00:33.058640+00:00,2026-07-09T14:00:33.056873,2,4,114.45,0.3,114.3,57,114.2,150,,,,,,,,,,,,,,,,,114.6,5,114.7,12,114.8,100,115.0,40,,,,,,,,,,,,
2026-07-09T14:00:33.117209+00:00,2026-07-09T14:00:33.117132,2,4,114.45,0.3,114.3,57,114.2,150,,,,,,,,,,,,,,,,,114.6,5,114.7,162,114.8,100,115.0,40,,,,,,,,,,,,
2026-07-09T14:00:33.439563+00:00,2026-07-09T14:00:33.439498,2,4,114.45,0.3,114.3,57,114.2,150,,,,,,,,,,,,,,,,,114.6,4,114.7,162,114.8,100,115.0,40,,,,,,,,,,,,
2026-07-09T14:00:33.823783+00:00,2026-07-09T14:00:33.823717,2,4,114.45,0.3,114.3,54,114.2,150,,,,,,,,,,,,,,,,,114.6,4,114.7,162,114.8,100,115.0,40,,,,,,,,,,,,
2026-07-09T14:00:33.829054+00:00,2026-07-09T14:00:33.828986,2,4,114.45,0.3,114.3,57,114.2,150,,,,,,,,,,,,,,,,,114.6,1,114.7,162,114.8,100,115.0,40,,,,,,,,,,,,
2026-07-09T14:00:33.834297+00:00,2026-07-09T14:00:33.834219,2,4,114.45,0.3,114.3,57,114.2,150,,,,,,,,,,,,,,,,,114.6,4,114.7,162,114.8,100,115.0,40,,,,,,,,,,,,
2026-07-09T14:00:34.105067+00:00,2026-07-09T14:00:34.104984,2,3,114.45,0.3,114.3,4,114.2,150,,,,,,,,,,,,,,,,,114.6,4,114.7,162,115.0,40,,,,,,,,,,,,,,
2026-07-09T14:00:34.158614+00:00,2026-07-09T14:00:34.158080,3,3,114.45,0.3,114.3,4,114.2,150,114.0,100,,,,,,,,,,,,,,,114.6,4,114.7,162,115.0,40,,,,,,,,,,,,,,
2026-07-09T14:00:34.213119+00:00,2026-07-09T14:00:34.213005,3,4,114.4,0.2,114.3,4,114.2,150,114.0,100,,,,,,,,,,,,,,,114.5,100,114.6,4,114.7,162,115.0,40,,,,,,,,,,,,
2026-07-09T14:00:34.597671+00:00,2026-07-09T14:00:34.590729,2,4,114.35,0.3,114.2,150,114.0,100,,,,,,,,,,,,,,,,,114.5,100,114.6,4,114.7,162,115.0,40,,,,,,,,,,,,
2026-07-09T14:00:34.658465+00:00,2026-07-09T14:00:34.658392,2,3,114.35,0.3,114.2,150,114.0,100,,,,,,,,,,,,,,,,,114.5,100,114.6,4,114.7,162,,,,,,,,,,,,,,
2026-07-09T14:00:34.663705+00:00,2026-07-09T14:00:34.663608,2,4,114.35,0.3,114.2,150,114.0,100,,,,,,,,,,,,,,,,,114.5,100,114.6,4,114.7,162,114.8,40,,,,,,,,,,,,
2026-07-09T14:00:34.668935+00:00,2026-07-09T14:00:34.668859,2,4,114.35,0.3,114.2,150,114.0,100,,,,,,,,,,,,,,,,,114.5,100,114.6,3,114.7,162,114.8,40,,,,,,,,,,,,
2026-07-09T14:00:34.707325+00:00,2026-07-09T14:00:34.707163,2,4,114.35,0.3,114.2,150,114.0,100,,,,,,,,,,,,,,,,,114.5,100,114.6,3,114.7,150,114.8,40,,,,,,,,,,,,
2026-07-09T14:00:34.712501+00:00,2026-07-09T14:00:34.712413,2,4,114.35,0.3,114.2,150,114.0,100,,,,,,,,,,,,,,,,,114.5,100,114.6,15,114.7,150,114.8,40,,,,,,,,,,,,
2026-07-09T14:00:34.849634+00:00,2026-07-09T14:00:34.850131,2,4,114.35,0.3,114.2,153,114.0,100,,,,,,,,,,,,,,,,,114.5,103,114.6,12,114.7,150,114.8,40,,,,,,,,,,,,
2026-07-09T14:00:35.102169+00:00,2026-07-09T14:00:35.102055,2,4,114.35,0.3,114.2,113,114.0,100,,,,,,,,,,,,,,,,,114.5,103,114.6,12,114.7,150,114.8,40,,,,,,,,,,,,
2026-07-09T14:00:35.874231+00:00,2026-07-09T14:00:35.874150,2,4,114.35,0.3,114.2,110,114.0,100,,,,,,,,,,,,,,,,,114.5,100,114.6,12,114.7,150,114.8,40,,,,,,,,,,,,
2026-07-09T14:00:35.879506+00:00,2026-07-09T14:00:35.879369,2,4,114.35,0.3,114.2,113,114.0,100,,,,,,,,,,,,,,,,,114.5,100,114.6,12,114.7,150,114.8,40,,,,,,,,,,,,
2026-07-09T14:00:35.884765+00:00,2026-07-09T14:00:35.884588,2,4,114.35,0.3,114.2,113,114.0,100,,,,,,,,,,,,,,,,,114.5,103,114.6,12,114.7,150,114.8,40,,,,,,,,,,,,
2026-07-09T14:00:36.022765+00:00,2026-07-09T14:00:36.022642,2,3,114.35,0.3,114.2,113,114.0,100,,,,,,,,,,,,,,,,,114.5,103,114.6,12,114.7,150,,,,,,,,,,,,,,
2026-07-09T14:00:36.027926+00:00,2026-07-09T14:00:36.027850,2,4,114.35,0.3,114.2,113,114.0,100,,,,,,,,,,,,,,,,,114.5,103,114.6,12,114.7,150,115.0,40,,,,,,,,,,,,
2026-07-09T14:00:36.185147+00:00,2026-07-09T14:00:36.185055,2,3,114.35,0.3,114.2,113,114.0,100,,,,,,,,,,,,,,,,,114.5,103,114.6,12,115.0,40,,,,,,,,,,,,,,
2026-07-09T14:00:36.190391+00:00,2026-07-09T14:00:36.190251,2,3,114.35,0.3,114.2,3,114.0,100,,,,,,,,,,,,,,,,,114.5,103,114.6,12,115.0,40,,,,,,,,,,,,,,
2026-07-09T14:00:36.244411+00:00,2026-07-09T14:00:36.244331,2,3,114.35,0.3,114.2,3,114.0,250,,,,,,,,,,,,,,,,,114.5,103,114.6,12,115.0,40,,,,,,,,,,,,,,
2026-07-09T14:00:36.296229+00:00,2026-07-09T14:00:36.296157,2,3,114.35,0.3,114.2,3,114.0,250,,,,,,,,,,,,,,,,,114.5,253,114.6,12,115.0,40,,,,,,,,,,,,,,
2026-07-09T14:00:36.481221+00:00,2026-07-09T14:00:36.481081,1,3,114.25,0.5,114.0,203,,,,,,,,,,,,,,,,,,,114.5,253,114.6,12,115.0,40,,,,,,,,,,,,,,
2026-07-09T14:00:36.724419+00:00,2026-07-09T14:00:36.724310,1,2,114.25,0.5,114.0,203,,,,,,,,,,,,,,,,,,,114.5,253,115.0,40,,,,,,,,,,,,,,,,
2026-07-09T14:00:36.729658+00:00,2026-07-09T14:00:36.729538,1,3,114.25,0.5,114.0,203,,,,,,,,,,,,,,,,,,,114.5,253,114.7,12,115.0,40,,,,,,,,,,,,,,
2026-07-09T14:00:36.813798+00:00,2026-07-09T14:00:36.813705,2,3,114.4,0.2,114.3,4,114.0,203,,,,,,,,,,,,,,,,,114.5,253,114.7,12,115.0,40,,,,,,,,,,,,,,
2026-07-09T14:00:36.906555+00:00,2026-07-09T14:00:36.906473,2,3,114.4,0.2,114.3,4,114.0,203,,,,,,,,,,,,,,,,,114.5,250,114.7,12,115.0,40,,,,,,,,,,,,,,
2026-07-09T14:00:36.911813+00:00,2026-07-09T14:00:36.911720,2,3,114.4,0.2,114.3,8,114.0,203,,,,,,,,,,,,,,,,,114.5,254,114.7,12,115.0,40,,,,,,,,,,,,,,
2026-07-09T14:00:36.986270+00:00,2026-07-09T14:00:36.986433,2,3,114.4,0.2,114.3,8,114.0,203,,,,,,,,,,,,,,,,,114.5,254,114.6,12,115.0,40,,,,,,,,,,,,,,
2026-07-09T14:00:37.103656+00:00,2026-07-09T14:00:37.103485,1,3,114.25,0.5,114.0,168,,,,,,,,,,,,,,,,,,,114.5,254,114.6,12,115.0,40,,,,,,,,,,,,,,
2026-07-09T14:00:37.246877+00:00,2026-07-09T14:00:37.246826,1,3,114.25,0.5,114.0,168,,,,,,,,,,,,,,,,,,,114.5,254,114.6,12,115.0,40,,,,,,,,,,,,,,
2026-07-09T14:00:37.270028+00:00,2026-07-09T14:00:37.269987,1,3,114.25,0.5,114.0,150,,,,,,,,,,,,,,,,,,,114.5,154,114.6,12,115.0,40,,,,,,,,,,,,,,
2026-07-09T14:00:37.322560+00:00,2026-07-09T14:00:37.322691,2,3,114.25,0.5,114.0,150,113.7,100,,,,,,,,,,,,,,,,,114.5,154,114.6,12,115.0,40,,,,,,,,,,,,,,
2026-07-09T14:00:37.402404+00:00,2026-07-09T14:00:37.394926,2,4,114.1,0.2,114.0,150,113.7,100,,,,,,,,,,,,,,,,,114.2,96,114.5,154,114.6,12,115.0,40,,,,,,,,,,,,
2026-07-09T14:00:37.418127+00:00,2026-07-09T14:00:37.417956,2,4,114.1,0.2,114.0,150,113.7,100,,,,,,,,,,,,,,,,,114.2,92,114.5,154,114.6,12,115.0,40,,,,,,,,,,,,
2026-07-09T14:00:37.575269+00:00,2026-07-09T14:00:37.575141,2,4,114.1,0.2,114.0,150,113.7,100,,,,,,,,,,,,,,,,,114.2,88,114.5,154,114.6,12,115.0,40,,,,,,,,,,,,
2026-07-09T14:00:37.585860+00:00,2026-07-09T14:00:37.585761,2,4,114.1,0.2,114.0,150,113.7,100,,,,,,,,,,,,,,,,,114.2,39,114.5,154,114.6,12,115.0,40,,,,,,,,,,,,
2026-07-09T14:00:37.843528+00:00,2026-07-09T14:00:37.843466,2,4,114.1,0.2,114.0,150,113.7,100,,,,,,,,,,,,,,,,,114.2,35,114.5,154,114.6,12,115.0,40,,,,,,,,,,,,
2026-07-09T14:00:37.930912+00:00,2026-07-09T14:00:37.930871,2,4,114.1,0.2,114.0,150,113.7,100,,,,,,,,,,,,,,,,,114.2,35,114.5,150,114.6,12,115.0,40,,,,,,,,,,,,
2026-07-09T14:00:37.936203+00:00,2026-07-09T14:00:37.936077,2,4,114.1,0.2,114.0,154,113.7,100,,,,,,,,,,,,,,,,,114.2,35,114.5,150,114.6,12,115.0,40,,,,,,,,,,,,
2026-07-09T14:00:37.941381+00:00,2026-07-09T14:00:37.941279,2,4,114.1,0.2,114.0,154,113.7,100,,,,,,,,,,,,,,,,,114.2,39,114.5,150,114.6,12,115.0,40,,,,,,,,,,,,
2026-07-09T14:00:37.990329+00:00,2026-07-09T14:00:37.990198,2,4,114.1,0.2,114.0,154,113.7,100,,,,,,,,,,,,,,,,,114.2,35,114.5,150,114.6,12,115.0,40,,,,,,,,,,,,
2026-07-09T14:00:38.006110+00:00,2026-07-09T14:00:38.006002,2,3,114.1,0.2,114.0,154,113.7,100,,,,,,,,,,,,,,,,,114.2,35,114.5,150,114.6,12,,,,,,,,,,,,,,
2026-07-09T14:00:38.016591+00:00,2026-07-09T14:00:38.016501,2,4,114.1,0.2,114.0,154,113.7,100,,,,,,,,,,,,,,,,,114.2,35,114.5,150,114.6,12,114.8,40,,,,,,,,,,,,
2026-07-09T14:00:38.545627+00:00,2026-07-09T14:00:38.545512,2,3,114.25,0.5,114.0,154,113.7,100,,,,,,,,,,,,,,,,,114.5,135,114.6,12,114.8,40,,,,,,,,,,,,,,
2026-07-09T14:00:38.637932+00:00,2026-07-09T14:00:38.637795,2,2,114.25,0.5,114.0,154,113.7,100,,,,,,,,,,,,,,,,,114.5,135,114.6,12,,,,,,,,,,,,,,,,
2026-07-09T14:00:38.648388+00:00,2026-07-09T14:00:38.648360,2,3,114.25,0.5,114.0,154,113.7,100,,,,,,,,,,,,,,,,,114.5,135,114.6,12,115.0,40,,,,,,,,,,,,,,
2026-07-09T14:00:38.805262+00:00,2026-07-09T14:00:38.805129,2,2,114.25,0.5,114.0,154,113.7,100,,,,,,,,,,,,,,,,,114.5,135,114.6,12,,,,,,,,,,,,,,,,
2026-07-09T14:00:38.810515+00:00,2026-07-09T14:00:38.810379,2,3,114.25,0.5,114.0,154,113.7,100,,,,,,,,,,,,,,,,,114.5,135,114.6,12,114.8,40,,,,,,,,,,,,,,
2026-07-09T14:00:38.958599+00:00,2026-07-09T14:00:38.957340,2,3,114.25,0.5,114.0,154,113.7,100,,,,,,,,,,,,,,,,,114.5,139,114.6,12,114.8,40,,,,,,,,,,,,,,
2026-07-09T14:00:39.358650+00:00,2026-07-09T14:00:39.354679,2,3,114.25,0.5,114.0,4,113.7,100,,,,,,,,,,,,,,,,,114.5,4,114.6,12,114.8,40,,,,,,,,,,,,,,
2026-07-09T14:00:39.408375+00:00,2026-07-09T14:00:39.408283,3,3,114.25,0.5,114.0,4,113.9,150,113.7,100,,,,,,,,,,,,,,,114.5,4,114.6,12,114.8,40,,,,,,,,,,,,,,
2026-07-09T14:00:39.465911+00:00,2026-07-09T14:00:39.465818,3,4,114.2,0.4,114.0,4,113.9,150,113.7,100,,,,,,,,,,,,,,,114.4,150,114.5,8,114.6,12,114.8,40,,,,,,,,,,,,
2026-07-09T14:00:39.471145+00:00,2026-07-09T14:00:39.471061,4,4,114.3,0.2,114.2,2,114.0,4,113.9,150,113.7,100,,,,,,,,,,,,,114.4,150,114.5,8,114.6,12,114.8,40,,,,,,,,,,,,
2026-07-09T14:00:39.513246+00:00,2026-07-09T14:00:39.513115,4,4,114.3,0.2,114.2,2,114.0,4,113.9,150,113.7,100,,,,,,,,,,,,,114.4,150,114.5,8,114.6,12,114.8,40,,,,,,,,,,,,
2026-07-09T14:00:39.907186+00:00,2026-07-09T14:00:39.900247,3,4,114.2,0.4,114.0,4,113.9,150,113.7,100,,,,,,,,,,,,,,,114.4,150,114.5,8,114.6,12,114.8,40,,,,,,,,,,,,
2026-07-09T14:00:39.972938+00:00,2026-07-09T14:00:39.972868,2,4,114.15,0.5,113.9,150,113.7,100,,,,,,,,,,,,,,,,,114.4,150,114.5,8,114.6,12,114.8,40,,,,,,,,,,,,
2026-07-09T14:00:39.978185+00:00,2026-07-09T14:00:39.978068,2,4,114.15,0.5,113.9,150,113.7,100,,,,,,,,,,,,,,,,,114.4,150,114.5,4,114.6,12,114.8,40,,,,,,,,,,,,
2026-07-09T14:00:39.983409+00:00,2026-07-09T14:00:39.983351,3,4,114.2,0.4,114.0,4,113.9,150,113.7,100,,,,,,,,,,,,,,,114.4,154,114.5,4,114.6,12,114.8,40,,,,,,,,,,,,
2026-07-09T14:00:40.024791+00:00,2026-07-09T14:00:40.024730,3,3,114.2,0.4,114.0,4,113.9,150,113.7,100,,,,,,,,,,,,,,,114.4,154,114.5,4,114.8,40,,,,,,,,,,,,,,
2026-07-09T14:00:40.030048+00:00,2026-07-09T14:00:40.029928,3,3,114.2,0.4,114.0,4,113.9,150,113.7,100,,,,,,,,,,,,,,,114.4,154,114.5,16,114.8,40,,,,,,,,,,,,,,
2026-07-09T14:00:40.458586+00:00,2026-07-09T14:00:40.452091,2,3,114.2,0.4,114.0,4,113.9,150,,,,,,,,,,,,,,,,,114.4,154,114.5,16,114.8,40,,,,,,,,,,,,,,
2026-07-09T14:00:40.498652+00:00,2026-07-09T14:00:40.493431,3,3,114.2,0.4,114.0,4,113.9,150,113.8,100,,,,,,,,,,,,,,,114.4,154,114.5,16,114.8,40,,,,,,,,,,,,,,
2026-07-09T14:00:40.555215+00:00,2026-07-09T14:00:40.555112,3,4,114.15,0.3,114.0,4,113.9,150,113.8,100,,,,,,,,,,,,,,,114.3,100,114.4,154,114.5,16,114.8,40,,,,,,,,,,,,
2026-07-09T14:00:40.653324+00:00,2026-07-09T14:00:40.653487,3,4,114.15,0.3,114.0,4,113.9,150,113.8,100,,,,,,,,,,,,,,,114.3,50,114.4,154,114.5,16,114.8,40,,,,,,,,,,,,
2026-07-09T14:00:40.693089+00:00,2026-07-09T14:00:40.693274,2,4,114.1,0.4,113.9,110,113.8,100,,,,,,,,,,,,,,,,,114.3,50,114.4,154,114.5,16,114.8,40,,,,,,,,,,,,
2026-07-09T14:00:40.998766+00:00,2026-07-09T14:00:40.998695,2,4,114.1,0.4,113.9,110,113.8,100,,,,,,,,,,,,,,,,,114.3,50,114.4,150,114.5,16,114.8,40,,,,,,,,,,,,
2026-07-09T14:00:41.014378+00:00,2026-07-09T14:00:41.014486,2,4,114.1,0.4,113.9,114,113.8,100,,,,,,,,,,,,,,,,,114.3,50,114.4,150,114.5,16,114.8,40,,,,,,,,,,,,
2026-07-09T14:00:41.046123+00:00,2026-07-09T14:00:41.046023,2,4,114.1,0.4,113.9,114,113.8,100,,,,,,,,,,,,,,,,,114.3,54,114.4,150,114.5,16,114.8,40,,,,,,,,,,,,
2026-07-09T14:00:41.785847+00:00,2026-07-09T14:00:41.785725,2,4,114.1,0.4,113.9,114,113.8,100,,,,,,,,,,,,,,,,,114.3,54,114.4,150,114.5,4,114.8,40,,,,,,,,,,,,
2026-07-09T14:00:41.791130+00:00,2026-07-09T14:00:41.790991,2,4,114.1,0.4,113.9,114,113.8,100,,,,,,,,,,,,,,,,,114.3,54,114.4,162,114.5,4,114.8,40,,,,,,,,,,,,
2026-07-09T14:00:42.058587+00:00,2026-07-09T14:00:42.054861,2,4,114.1,0.4,113.9,110,113.8,100,,,,,,,,,,,,,,,,,114.3,50,114.4,162,114.5,4,114.8,40,,,,,,,,,,,,
2026-07-09T14:00:42.068892+00:00,2026-07-09T14:00:42.068856,2,4,114.1,0.4,113.9,114,113.8,100,,,,,,,,,,,,,,,,,114.3,54,114.4,162,114.5,4,114.8,40,,,,,,,,,,,,
2026-07-09T14:00:42.168931+00:00,2026-07-09T14:00:42.168854,3,4,114.2,0.2,114.1,2,113.9,114,113.8,100,,,,,,,,,,,,,,,114.3,54,114.4,162,114.5,4,114.8,40,,,,,,,,,,,,
2026-07-09T14:00:42.374823+00:00,2026-07-09T14:00:42.374735,2,4,114.1,0.4,113.9,114,113.8,100,,,,,,,,,,,,,,,,,114.3,54,114.4,162,114.5,4,114.8,40,,,,,,,,,,,,
2026-07-09T14:00:42.518012+00:00,2026-07-09T14:00:42.517972,2,4,114.1,0.4,113.9,4,113.8,100,,,,,,,,,,,,,,,,,114.3,54,114.4,12,114.5,4,114.8,40,,,,,,,,,,,,
2026-07-09T14:00:42.570641+00:00,2026-07-09T14:00:42.570533,3,4,114.1,0.4,113.9,4,113.8,100,113.6,150,,,,,,,,,,,,,,,114.3,54,114.4,12,114.5,4,114.8,40,,,,,,,,,,,,
2026-07-09T14:00:42.628181+00:00,2026-07-09T14:00:42.628322,3,5,114.0,0.2,113.9,4,113.8,100,113.6,150,,,,,,,,,,,,,,,114.1,150,114.3,54,114.4,12,114.5,4,114.8,40,,,,,,,,,,
2026-07-09T14:00:42.760296+00:00,2026-07-09T14:00:42.760234,3,5,114.0,0.2,113.9,4,113.8,100,113.6,150,,,,,,,,,,,,,,,114.1,100,114.3,54,114.4,12,114.5,4,114.8,40,,,,,,,,,,
2026-07-09T14:00:43.087466+00:00,2026-07-09T14:00:43.087397,2,5,113.95,0.3,113.8,100,113.6,150,,,,,,,,,,,,,,,,,114.1,100,114.3,54,114.4,12,114.5,4,114.8,40,,,,,,,,,,
2026-07-09T14:00:43.092730+00:00,2026-07-09T14:00:43.092660,2,5,113.95,0.3,113.8,100,113.6,150,,,,,,,,,,,,,,,,,114.1,100,114.3,50,114.4,12,114.5,4,114.8,40,,,,,,,,,,
2026-07-09T14:00:43.098036+00:00,2026-07-09T14:00:43.097941,3,5,114.0,0.2,113.9,4,113.8,100,113.6,150,,,,,,,,,,,,,,,114.1,104,114.3,50,114.4,12,114.5,4,114.8,40,,,,,,,,,,
2026-07-09T14:00:43.380530+00:00,2026-07-09T14:00:43.380388,3,5,114.0,0.2,113.9,4,113.8,100,113.6,150,,,,,,,,,,,,,,,114.1,62,114.3,50,114.4,12,114.5,4,114.8,40,,,,,,,,,,
2026-07-09T14:00:43.613894+00:00,2026-07-09T14:00:43.613754,3,4,114.0,0.2,113.9,4,113.8,100,113.6,150,,,,,,,,,,,,,,,114.1,62,114.4,12,114.5,4,114.8,40,,,,,,,,,,,,
2026-07-09T14:00:43.619093+00:00,2026-07-09T14:00:43.618993,2,4,114.0,0.2,113.9,4,113.6,150,,,,,,,,,,,,,,,,,114.1,62,114.4,12,114.5,4,114.8,40,,,,,,,,,,,,
2026-07-09T14:00:43.668997+00:00,2026-07-09T14:00:43.668916,2,4,114.0,0.2,113.9,104,113.6,150,,,,,,,,,,,,,,,,,114.1,62,114.4,12,114.5,4,114.8,40,,,,,,,,,,,,
2026-07-09T14:00:43.723106+00:00,2026-07-09T14:00:43.723040,2,4,114.0,0.2,113.9,104,113.6,150,,,,,,,,,,,,,,,,,114.1,62,114.4,112,114.5,4,114.8,40,,,,,,,,,,,,
2026-07-09T14:00:43.801117+00:00,2026-07-09T14:00:43.800971,2,4,114.0,0.2,113.9,104,113.6,150,,,,,,,,,,,,,,,,,114.1,62,114.4,100,114.5,4,114.8,40,,,,,,,,,,,,
2026-07-09T14:00:43.806358+00:00,2026-07-09T14:00:43.806300,2,4,114.0,0.2,113.9,104,113.6,150,,,,,,,,,,,,,,,,,114.1,62,114.4,100,114.5,16,114.8,40,,,,,,,,,,,,
2026-07-09T14:00:43.851726+00:00,2026-07-09T14:00:43.851665,2,4,114.0,0.2,113.9,104,113.6,150,,,,,,,,,,,,,,,,,114.1,14,114.4,100,114.5,16,114.8,40,,,,,,,,,,,,
2026-07-09T14:00:44.111274+00:00,2026-07-09T14:00:44.111187,2,4,114.0,0.2,113.9,100,113.6,150,,,,,,,,,,,,,,,,,114.1,14,114.4,100,114.5,16,114.8,40,,,,,,,,,,,,
2026-07-09T14:00:44.116598+00:00,2026-07-09T14:00:44.116528,2,4,114.0,0.2,113.9,100,113.6,150,,,,,,,,,,,,,,,,,114.1,10,114.4,100,114.5,16,114.8,40,,,,,,,,,,,,
2026-07-09T14:00:44.121876+00:00,2026-07-09T14:00:44.121770,2,4,114.0,0.2,113.9,104,113.6,150,,,,,,,,,,,,,,,,,114.1,10,114.4,100,114.5,16,114.8,40,,,,,,,,,,,,
2026-07-09T14:00:44.127188+00:00,2026-07-09T14:00:44.127021,2,4,114.0,0.2,113.9,104,113.6,150,,,,,,,,,,,,,,,,,114.1,14,114.4,100,114.5,16,114.8,40,,,,,,,,,,,,
2026-07-09T14:00:44.695327+00:00,2026-07-09T14:00:44.695237,2,4,114.0,0.2,113.9,104,113.6,150,,,,,,,,,,,,,,,,,114.1,12,114.4,100,114.5,16,114.8,40,,,,,,,,,,,,
2026-07-09T14:00:44.910037+00:00,2026-07-09T14:00:44.909859,2,3,114.15,0.5,113.9,104,113.6,150,,,,,,,,,,,,,,,,,114.4,62,114.5,16,114.8,40,,,,,,,,,,,,,,
2026-07-09T14:00:44.958548+00:00,2026-07-09T14:00:44.956225,3,3,114.25,0.3,114.1,1,113.9,104,113.6,150,,,,,,,,,,,,,,,114.4,62,114.5,16,114.8,40,,,,,,,,,,,,,,
2026-07-09T14:00:45.067222+00:00,2026-07-09T14:00:45.067149,3,3,114.25,0.3,114.1,1,113.9,104,113.6,150,,,,,,,,,,,,,,,114.4,62,114.5,4,114.8,40,,,,,,,,,,,,,,
2026-07-09T14:00:45.072589+00:00,2026-07-09T14:00:45.072407,3,3,114.25,0.3,114.1,1,113.9,104,113.6,150,,,,,,,,,,,,,,,114.4,62,114.5,16,114.8,40,,,,,,,,,,,,,,
2026-07-09T14:00:45.136703+00:00,2026-07-09T14:00:45.136670,3,3,114.25,0.3,114.1,1,113.9,100,113.6,150,,,,,,,,,,,,,,,114.4,62,114.5,16,114.8,40,,,,,,,,,,,,,,
2026-07-09T14:00:45.142013+00:00,2026-07-09T14:00:45.141928,3,3,114.25,0.3,114.1,5,113.9,100,113.6,150,,,,,,,,,,,,,,,114.4,62,114.5,16,114.8,40,,,,,,,,,,,,,,
2026-07-09T14:00:45.147257+00:00,2026-07-09T14:00:45.147139,3,3,114.25,0.3,114.1,5,113.9,100,113.6,150,,,,,,,,,,,,,,,114.4,66,114.5,16,114.8,40,,,,,,,,,,,,,,
2026-07-09T14:00:45.575620+00:00,2026-07-09T14:00:45.575575,3,3,114.25,0.3,114.1,5,113.9,100,113.6,150,,,,,,,,,,,,,,,114.4,66,114.5,4,114.8,40,,,,,,,,,,,,,,
2026-07-09T14:00:45.580884+00:00,2026-07-09T14:00:45.580824,3,3,114.25,0.3,114.1,5,113.9,100,113.6,150,,,,,,,,,,,,,,,114.4,78,114.5,4,114.8,40,,,,,,,,,,,,,,
2026-07-09T14:00:45.683468+00:00,2026-07-09T14:00:45.683587,2,3,114.25,0.3,114.1,5,113.9,100,,,,,,,,,,,,,,,,,114.4,78,114.5,4,114.8,40,,,,,,,,,,,,,,
2026-07-09T14:00:45.742393+00:00,2026-07-09T14:00:45.742303,3,3,114.3,0.2,114.2,150,114.1,5,113.9,100,,,,,,,,,,,,,,,114.4,78,114.5,4,114.8,40,,,,,,,,,,,,,,
2026-07-09T14:00:45.757148+00:00,2026-07-09T14:00:45.749149,3,3,114.3,0.2,114.2,140,114.1,5,113.9,100,,,,,,,,,,,,,,,114.4,78,114.5,4,114.8,40,,,,,,,,,,,,,,
2026-07-09T14:00:45.795918+00:00,2026-07-09T14:00:45.796093,3,4,114.3,0.2,114.2,140,114.1,5,113.9,100,,,,,,,,,,,,,,,114.4,78,114.5,4,114.7,150,114.8,40,,,,,,,,,,,,
2026-07-09T14:00:46.058573+00:00,2026-07-09T14:00:46.058496,3,4,114.3,0.2,114.2,140,114.1,5,113.9,100,,,,,,,,,,,,,,,114.4,78,114.5,3,114.7,150,114.8,40,,,,,,,,,,,,
2026-07-09T14:00:46.158593+00:00,2026-07-09T14:00:46.158209,3,4,114.3,0.2,114.2,144,114.1,1,113.9,100,,,,,,,,,,,,,,,114.4,74,114.5,3,114.7,150,114.8,40,,,,,,,,,,,,
2026-07-09T14:00:46.170174+00:00,2026-07-09T14:00:46.170121,3,4,114.3,0.2,114.2,144,114.1,1,113.9,100,,,,,,,,,,,,,,,114.4,78,114.5,3,114.7,150,114.8,40,,,,,,,,,,,,
2026-07-09T14:00:46.444150+00:00,2026-07-09T14:00:46.435067,3,4,114.3,0.2,114.2,92,114.1,1,113.9,100,,,,,,,,,,,,,,,114.4,78,114.5,3,114.7,150,114.8,40,,,,,,,,,,,,
2026-07-09T14:00:46.506721+00:00,2026-07-09T14:00:46.506864,3,3,114.3,0.2,114.2,92,114.1,1,113.9,100,,,,,,,,,,,,,,,114.4,78,114.5,3,114.7,150,,,,,,,,,,,,,,
2026-07-09T14:00:46.522782+00:00,2026-07-09T14:00:46.522591,3,4,114.3,0.2,114.2,92,114.1,1,113.9,100,,,,,,,,,,,,,,,114.4,78,114.5,3,114.6,40,114.7,150,,,,,,,,,,,,
2026-07-09T14:00:46.731570+00:00,2026-07-09T14:00:46.731419,3,4,114.3,0.2,114.2,92,114.1,1,113.9,100,,,,,,,,,,,,,,,114.4,78,114.5,2,114.6,40,114.7,150,,,,,,,,,,,,
2026-07-09T14:00:46.776342+00:00,2026-07-09T14:00:46.776287,2,4,114.3,0.2,114.2,92,114.1,1,,,,,,,,,,,,,,,,,114.4,16,114.5,2,114.6,40,114.7,150,,,,,,,,,,,,
2026-07-09T14:00:46.833960+00:00,2026-07-09T14:00:46.833817,3,4,114.3,0.2,114.2,92,114.1,1,113.9,100,,,,,,,,,,,,,,,114.4,16,114.5,2,114.6,40,114.7,150,,,,,,,,,,,,
2026-07-09T14:00:46.887640+00:00,2026-07-09T14:00:46.887534,3,4,114.3,0.2,114.2,92,114.1,1,113.9,100,,,,,,,,,,,,,,,114.4,116,114.5,2,114.6,40,114.7,150,,,,,,,,,,,,
2026-07-09T14:00:47.023486+00:00,2026-07-09T14:00:47.023418,3,4,114.3,0.2,114.2,92,114.1,1,113.9,100,,,,,,,,,,,,,,,114.4,66,114.5,2,114.6,40,114.7,150,,,,,,,,,,,,
2026-07-09T14:00:47.180842+00:00,2026-07-09T14:00:47.180699,3,4,114.3,0.2,114.2,88,114.1,1,113.9,100,,,,,,,,,,,,,,,114.4,66,114.5,2,114.6,40,114.7,150,,,,,,,,,,,,
2026-07-09T14:00:47.185806+00:00,2026-07-09T14:00:47.185952,3,4,114.3,0.2,114.2,91,114.1,1,113.9,100,,,,,,,,,,,,,,,114.4,69,114.5,2,114.6,40,114.7,150,,,,,,,,,,,,
2026-07-09T14:00:47.858710+00:00,2026-07-09T14:00:47.855218,3,4,114.3,0.2,114.2,103,114.1,1,113.9,100,,,,,,,,,,,,,,,114.4,69,114.5,14,114.6,40,114.7,150,,,,,,,,,,,,
2026-07-09T14:00:47.880089+00:00,2026-07-09T14:00:47.880045,3,3,114.3,0.2,114.2,103,114.1,1,113.9,100,,,,,,,,,,,,,,,114.4,69,114.5,14,114.7,150,,,,,,,,,,,,,,
2026-07-09T14:00:47.885374+00:00,2026-07-09T14:00:47.885266,3,4,114.3,0.2,114.2,103,114.1,1,113.9,100,,,,,,,,,,,,,,,114.4,69,114.5,14,114.7,150,114.8,40,,,,,,,,,,,,
2026-07-09T14:00:48.200929+00:00,2026-07-09T14:00:48.200832,3,4,114.3,0.2,114.2,100,114.1,1,113.9,100,,,,,,,,,,,,,,,114.4,66,114.5,14,114.7,150,114.8,40,,,,,,,,,,,,
2026-07-09T14:00:48.206138+00:00,2026-07-09T14:00:48.206044,3,4,114.3,0.2,114.2,103,114.1,1,113.9,100,,,,,,,,,,,,,,,114.4,66,114.5,14,114.7,150,114.8,40,,,,,,,,,,,,
2026-07-09T14:00:48.211343+00:00,2026-07-09T14:00:48.211252,3,4,114.3,0.2,114.2,103,114.1,1,113.9,100,,,,,,,,,,,,,,,114.4,69,114.5,14,114.7,150,114.8,40,,,,,,,,,,,,
2026-07-09T14:00:48.851286+00:00,2026-07-09T14:00:48.851439,3,3,114.3,0.2,114.2,15,114.1,1,113.9,100,,,,,,,,,,,,,,,114.4,69,114.5,14,114.8,40,,,,,,,,,,,,,,
2026-07-09T14:00:48.906122+00:00,2026-07-09T14:00:48.906254,4,3,114.3,0.2,114.2,15,114.1,1,114.0,150,113.9,100,,,,,,,,,,,,,114.4,69,114.5,14,114.8,40,,,,,,,,,,,,,,
2026-07-09T14:00:48.958634+00:00,2026-07-09T14:00:48.955788,4,3,114.3,0.2,114.2,15,114.1,1,114.0,150,113.9,100,,,,,,,,,,,,,114.4,69,114.5,164,114.8,40,,,,,,,,,,,,,,
2026-07-09T14:00:49.091961+00:00,2026-07-09T14:00:49.091843,4,3,114.3,0.2,114.2,15,114.1,1,114.0,150,113.9,100,,,,,,,,,,,,,114.4,69,114.5,164,114.6,40,,,,,,,,,,,,,,
2026-07-09T14:00:49.107632+00:00,2026-07-09T14:00:49.107521,2,3,114.2,0.4,114.0,123,113.9,100,,,,,,,,,,,,,,,,,114.4,69,114.5,164,114.6,40,,,,,,,,,,,,,,
2026-07-09T14:00:49.112920+00:00,2026-07-09T14:00:49.112821,2,3,114.2,0.4,114.0,123,113.9,100,,,,,,,,,,,,,,,,,114.4,69,114.5,152,114.6,40,,,,,,,,,,,,,,
2026-07-09T14:00:49.118122+00:00,2026-07-09T14:00:49.118015,2,3,114.2,0.4,114.0,123,113.9,100,,,,,,,,,,,,,,,,,114.4,81,114.5,152,114.6,40,,,,,,,,,,,,,,
2026-07-09T14:00:49.153544+00:00,2026-07-09T14:00:49.153400,2,3,114.2,0.4,114.0,123,113.9,100,,,,,,,,,,,,,,,,,114.4,31,114.5,152,114.6,40,,,,,,,,,,,,,,
2026-07-09T14:00:49.199779+00:00,2026-07-09T14:00:49.199624,3,3,114.25,0.3,114.1,5,114.0,123,113.9,100,,,,,,,,,,,,,,,114.4,31,114.5,152,114.6,40,,,,,,,,,,,,,,
2026-07-09T14:00:49.236409+00:00,2026-07-09T14:00:49.236376,3,3,114.25,0.3,114.1,5,114.0,123,113.9,100,,,,,,,,,,,,,,,114.4,28,114.5,152,114.6,40,,,,,,,,,,,,,,
2026-07-09T14:00:49.246955+00:00,2026-07-09T14:00:49.246876,3,3,114.25,0.3,114.1,9,114.0,123,113.9,100,,,,,,,,,,,,,,,114.4,32,114.5,152,114.6,40,,,,,,,,,,,,,,
2026-07-09T14:00:49.641923+00:00,2026-07-09T14:00:49.642035,2,3,114.2,0.4,114.0,85,113.9,100,,,,,,,,,,,,,,,,,114.4,32,114.5,152,114.6,40,,,,,,,,,,,,,,
2026-07-09T14:00:49.942592+00:00,2026-07-09T14:00:49.942468,1,3,114.2,0.4,114.0,85,,,,,,,,,,,,,,,,,,,114.4,16,114.5,152,114.6,40,,,,,,,,,,,,,,
2026-07-09T14:00:49.992331+00:00,2026-07-09T14:00:49.992430,2,3,114.3,0.2,114.2,100,114.0,85,,,,,,,,,,,,,,,,,114.4,16,114.5,152,114.6,40,,,,,,,,,,,,,,
2026-07-09T14:00:50.045952+00:00,2026-07-09T14:00:50.046105,2,4,114.3,0.2,114.2,100,114.0,85,,,,,,,,,,,,,,,,,114.4,16,114.5,152,114.6,40,114.7,100,,,,,,,,,,,,
2026-07-09T14:00:50.144622+00:00,2026-07-09T14:00:50.144483,2,3,114.35,0.3,114.2,100,114.0,85,,,,,,,,,,,,,,,,,114.5,120,114.6,40,114.7,100,,,,,,,,,,,,,,
2026-07-09T14:00:50.258600+00:00,2026-07-09T14:00:50.256040,2,3,114.35,0.3,114.2,104,114.0,85,,,,,,,,,,,,,,,,,114.5,124,114.6,40,114.7,100,,,,,,,,,,,,,,
2026-07-09T14:00:50.386117+00:00,2026-07-09T14:00:50.386018,2,3,114.35,0.3,114.2,116,114.0,85,,,,,,,,,,,,,,,,,114.5,124,114.6,40,114.7,100,,,,,,,,,,,,,,
2026-07-09T14:00:50.391328+00:00,2026-07-09T14:00:50.391194,2,3,114.35,0.3,114.2,116,114.0,85,,,,,,,,,,,,,,,,,114.5,136,114.6,40,114.7,100,,,,,,,,,,,,,,
2026-07-09T14:00:50.453075+00:00,2026-07-09T14:00:50.453177,2,2,114.35,0.3,114.2,116,114.0,85,,,,,,,,,,,,,,,,,114.5,136,114.7,100,,,,,,,,,,,,,,,,
2026-07-09T14:00:50.458755+00:00,2026-07-09T14:00:50.458706,2,3,114.35,0.3,114.2,116,114.0,85,,,,,,,,,,,,,,,,,114.5,136,114.7,100,114.8,40,,,,,,,,,,,,,,
2026-07-09T14:00:50.639387+00:00,2026-07-09T14:00:50.639328,2,3,114.35,0.3,114.2,76,114.0,85,,,,,,,,,,,,,,,,,114.5,136,114.7,100,114.8,40,,,,,,,,,,,,,,
2026-07-09T14:00:51.270136+00:00,2026-07-09T14:00:51.270020,2,3,114.35,0.3,114.2,76,114.0,85,,,,,,,,,,,,,,,,,114.5,86,114.7,100,114.8,40,,,,,,,,,,,,,,
2026-07-09T14:00:51.275352+00:00,2026-07-09T14:00:51.275280,2,3,114.35,0.3,114.2,72,114.0,85,,,,,,,,,,,,,,,,,114.5,86,114.7,100,114.8,40,,,,,,,,,,,,,,
2026-07-09T14:00:51.280578+00:00,2026-07-09T14:00:51.280480,2,3,114.35,0.3,114.2,72,114.0,85,,,,,,,,,,,,,,,,,114.5,82,114.7,100,114.8,40,,,,,,,,,,,,,,
2026-07-09T14:00:51.285793+00:00,2026-07-09T14:00:51.285726,2,3,114.35,0.3,114.2,76,114.0,85,,,,,,,,,,,,,,,,,114.5,86,114.7,100,114.8,40,,,,,,,,,,,,,,
2026-07-09T14:00:52.013763+00:00,2026-07-09T14:00:52.013645,1,3,114.35,0.3,114.2,76,,,,,,,,,,,,,,,,,,,114.5,16,114.7,100,114.8,40,,,,,,,,,,,,,,
2026-07-09T14:00:52.069586+00:00,2026-07-09T14:00:52.069446,2,3,114.35,0.3,114.2,76,114.1,150,,,,,,,,,,,,,,,,,114.5,16,114.7,100,114.8,40,,,,,,,,,,,,,,
2026-07-09T14:00:52.123736+00:00,2026-07-09T14:00:52.123656,2,4,114.35,0.3,114.2,76,114.1,150,,,,,,,,,,,,,,,,,114.5,16,114.6,150,114.7,100,114.8,40,,,,,,,,,,,,
2026-07-09T14:00:52.227803+00:00,2026-07-09T14:00:52.227742,2,5,114.3,0.2,114.2,76,114.1,150,,,,,,,,,,,,,,,,,114.4,5,114.5,16,114.6,150,114.7,100,114.8,40,,,,,,,,,,
2026-07-09T14:00:52.305558+00:00,2026-07-09T14:00:52.305493,2,5,114.3,0.2,114.2,72,114.1,150,,,,,,,,,,,,,,,,,114.4,5,114.5,16,114.6,150,114.7,100,114.8,40,,,,,,,,,,
2026-07-09T14:00:52.310831+00:00,2026-07-09T14:00:52.310755,2,5,114.3,0.2,114.2,76,114.1,150,,,,,,,,,,,,,,,,,114.4,5,114.5,12,114.6,150,114.7,100,114.8,40,,,,,,,,,,
2026-07-09T14:00:52.321385+00:00,2026-07-09T14:00:52.321284,2,5,114.3,0.2,114.2,76,114.1,150,,,,,,,,,,,,,,,,,114.4,9,114.5,12,114.6,150,114.7,100,114.8,40,,,,,,,,,,
2026-07-09T14:00:53.104676+00:00,2026-07-09T14:00:53.104840,2,4,114.3,0.2,114.2,16,114.1,150,,,,,,,,,,,,,,,,,114.4,9,114.5,12,114.6,150,114.8,40,,,,,,,,,,,,
2026-07-09T14:00:53.170018+00:00,2026-07-09T14:00:53.169942,2,4,114.3,0.2,114.2,116,114.1,150,,,,,,,,,,,,,,,,,114.4,9,114.5,12,114.6,150,114.8,40,,,,,,,,,,,,
2026-07-09T14:00:53.222598+00:00,2026-07-09T14:00:53.222512,2,5,114.3,0.2,114.2,116,114.1,150,,,,,,,,,,,,,,,,,114.4,9,114.5,12,114.6,150,114.7,100,114.8,40,,,,,,,,,,
2026-07-09T14:00:53.338766+00:00,2026-07-09T14:00:53.338681,2,5,114.3,0.2,114.2,112,114.1,150,,,,,,,,,,,,,,,,,114.4,9,114.5,12,114.6,150,114.7,100,114.8,40,,,,,,,,,,
2026-07-09T14:00:53.344000+00:00,2026-07-09T14:00:53.343893,2,5,114.3,0.2,114.2,112,114.1,150,,,,,,,,,,,,,,,,,114.4,5,114.5,12,114.6,150,114.7,100,114.8,40,,,,,,,,,,
2026-07-09T14:00:53.349321+00:00,2026-07-09T14:00:53.349227,2,5,114.3,0.2,114.2,116,114.1,150,,,,,,,,,,,,,,,,,114.4,9,114.5,12,114.6,150,114.7,100,114.8,40,,,,,,,,,,
2026-07-09T14:00:53.407340+00:00,2026-07-09T14:00:53.407237,2,3,114.4,0.4,114.2,116,114.1,150,,,,,,,,,,,,,,,,,114.6,121,114.7,100,114.8,40,,,,,,,,,,,,,,
2026-07-09T14:00:53.669652+00:00,2026-07-09T14:00:53.669538,2,3,114.4,0.4,114.2,104,114.1,150,,,,,,,,,,,,,,,,,114.6,121,114.7,100,114.8,40,,,,,,,,,,,,,,
2026-07-09T14:00:53.674630+00:00,2026-07-09T14:00:53.674741,2,3,114.4,0.4,114.2,116,114.1,150,,,,,,,,,,,,,,,,,114.6,121,114.7,100,114.8,40,,,,,,,,,,,,,,
2026-07-09T14:00:53.680115+00:00,2026-07-09T14:00:53.679947,2,3,114.4,0.4,114.2,116,114.1,150,,,,,,,,,,,,,,,,,114.6,133,114.7,100,114.8,40,,,,,,,,,,,,,,
2026-07-09T14:00:54.380237+00:00,2026-07-09T14:00:54.380380,2,3,114.4,0.4,114.2,112,114.1,150,,,,,,,,,,,,,,,,,114.6,133,114.7,100,114.8,40,,,,,,,,,,,,,,
2026-07-09T14:00:54.385535+00:00,2026-07-09T14:00:54.385700,2,3,114.4,0.4,114.2,115,114.1,150,,,,,,,,,,,,,,,,,114.6,136,114.7,100,114.8,40,,,,,,,,,,,,,,
2026-07-09T14:00:54.391028+00:00,2026-07-09T14:00:54.390942,2,3,114.4,0.4,114.2,115,114.1,150,,,,,,,,,,,,,,,,,114.6,139,114.7,100,114.8,40,,,,,,,,,,,,,,
2026-07-09T14:00:54.631976+00:00,2026-07-09T14:00:54.631659,2,3,114.4,0.4,114.2,115,114.1,150,,,,,,,,,,,,,,,,,114.6,136,114.7,100,114.8,40,,,,,,,,,,,,,,
2026-07-09T14:00:54.686269+00:00,2026-07-09T14:00:54.686144,2,3,114.4,0.4,114.2,115,114.1,150,,,,,,,,,,,,,,,,,114.6,139,114.7,100,114.8,40,,,,,,,,,,,,,,
2026-07-09T14:00:54.894304+00:00,2026-07-09T14:00:54.894185,2,3,114.4,0.4,114.2,115,114.1,150,,,,,,,,,,,,,,,,,114.6,136,114.7,100,114.8,40,,,,,,,,,,,,,,
2026-07-09T14:00:54.904553+00:00,2026-07-09T14:00:54.904726,2,3,114.4,0.4,114.2,115,114.1,150,,,,,,,,,,,,,,,,,114.6,139,114.7,100,114.8,40,,,,,,,,,,,,,,
2026-07-09T14:00:55.112956+00:00,2026-07-09T14:00:55.112858,2,3,114.4,0.4,114.2,115,114.1,150,,,,,,,,,,,,,,,,,114.6,136,114.7,100,114.8,40,,,,,,,,,,,,,,
2026-07-09T14:00:55.123371+00:00,2026-07-09T14:00:55.123300,2,3,114.4,0.4,114.2,115,114.1,150,,,,,,,,,,,,,,,,,114.6,139,114.7,100,114.8,40,,,,,,,,,,,,,,
2026-07-09T14:00:55.179055+00:00,2026-07-09T14:00:55.179017,1,3,114.4,0.4,114.2,115,,,,,,,,,,,,,,,,,,,114.6,18,114.7,100,114.8,40,,,,,,,,,,,,,,
2026-07-09T14:00:55.237329+00:00,2026-07-09T14:00:55.237261,2,3,114.4,0.4,114.2,115,114.1,150,,,,,,,,,,,,,,,,,114.6,18,114.7,100,114.8,40,,,,,,,,,,,,,,
2026-07-09T14:00:55.288739+00:00,2026-07-09T14:00:55.288681,2,3,114.4,0.4,114.2,115,114.1,150,,,,,,,,,,,,,,,,,114.6,168,114.7,100,114.8,40,,,,,,,,,,,,,,
2026-07-09T14:00:55.333467+00:00,2026-07-09T14:00:55.333344,2,3,114.4,0.4,114.2,115,114.1,150,,,,,,,,,,,,,,,,,114.6,165,114.7,100,114.8,40,,,,,,,,,,,,,,
2026-07-09T14:00:55.343900+00:00,2026-07-09T14:00:55.343834,2,3,114.4,0.4,114.2,115,114.1,150,,,,,,,,,,,,,,,,,114.6,168,114.7,100,114.8,40,,,,,,,,,,,,,,
2026-07-09T14:00:55.406980+00:00,2026-07-09T14:00:55.406941,2,3,114.4,0.4,114.2,112,114.1,150,,,,,,,,,,,,,,,,,114.6,168,114.7,100,114.8,40,,,,,,,,,,,,,,
2026-07-09T14:00:55.412265+00:00,2026-07-09T14:00:55.412141,2,3,114.4,0.4,114.2,112,114.1,150,,,,,,,,,,,,,,,,,114.6,165,114.7,100,114.8,40,,,,,,,,,,,,,,
2026-07-09T14:00:55.417468+00:00,2026-07-09T14:00:55.417395,2,3,114.4,0.4,114.2,115,114.1,150,,,,,,,,,,,,,,,,,114.6,168,114.7,100,114.8,40,,,,,,,,,,,,,,
2026-07-09T14:00:55.518921+00:00,2026-07-09T14:00:55.519061,2,3,114.4,0.4,114.2,115,114.1,150,,,,,,,,,,,,,,,,,114.6,118,114.7,100,114.8,40,,,,,,,,,,,,,,
2026-07-09T14:00:55.589888+00:00,2026-07-09T14:00:55.589993,2,3,114.4,0.4,114.2,115,114.1,150,,,,,,,,,,,,,,,,,114.6,115,114.7,100,114.8,40,,,,,,,,,,,,,,
2026-07-09T14:00:55.725512+00:00,2026-07-09T14:00:55.725409,2,2,114.4,0.4,114.2,115,114.1,150,,,,,,,,,,,,,,,,,114.6,115,114.7,100,,,,,,,,,,,,,,,,
2026-07-09T14:00:55.730520+00:00,2026-07-09T14:00:55.730619,2,3,114.4,0.4,114.2,115,114.1,150,,,,,,,,,,,,,,,,,114.6,115,114.7,100,115.0,40,,,,,,,,,,,,,,
2026-07-09T14:00:55.847655+00:00,2026-07-09T14:00:55.847778,2,3,114.4,0.4,114.2,115,114.1,157,,,,,,,,,,,,,,,,,114.6,115,114.7,100,115.0,40,,,,,,,,,,,,,,
2026-07-09T14:00:55.945202+00:00,2026-07-09T14:00:55.945053,2,3,114.4,0.4,114.2,103,114.1,157,,,,,,,,,,,,,,,,,114.6,115,114.7,100,115.0,40,,,,,,,,,,,,,,
2026-07-09T14:00:55.950497+00:00,2026-07-09T14:00:55.950398,3,3,114.45,0.3,114.3,12,114.2,103,114.1,157,,,,,,,,,,,,,,,114.6,115,114.7,112,115.0,40,,,,,,,,,,,,,,
2026-07-09T14:00:56.207680+00:00,2026-07-09T14:00:56.207577,2,3,114.4,0.4,114.2,103,114.1,157,,,,,,,,,,,,,,,,,114.6,115,114.7,100,115.0,40,,,,,,,,,,,,,,
2026-07-09T14:00:56.212907+00:00,2026-07-09T14:00:56.212795,3,3,114.5,0.2,114.4,12,114.2,103,114.1,157,,,,,,,,,,,,,,,114.6,115,114.7,100,115.0,40,,,,,,,,,,,,,,
2026-07-09T14:00:56.218113+00:00,2026-07-09T14:00:56.218041,3,3,114.5,0.2,114.4,12,114.2,103,114.1,157,,,,,,,,,,,,,,,114.6,115,114.7,112,115.0,40,,,,,,,,,,,,,,
2026-07-09T14:00:56.278141+00:00,2026-07-09T14:00:56.278293,3,3,114.5,0.2,114.4,12,114.2,3,114.1,157,,,,,,,,,,,,,,,114.6,115,114.7,12,115.0,40,,,,,,,,,,,,,,
2026-07-09T14:00:56.331852+00:00,2026-07-09T14:00:56.331759,3,3,114.5,0.2,114.4,112,114.2,3,114.1,157,,,,,,,,,,,,,,,114.6,115,114.7,12,115.0,40,,,,,,,,,,,,,,
2026-07-09T14:00:56.388463+00:00,2026-07-09T14:00:56.388385,3,4,114.5,0.2,114.4,112,114.2,3,114.1,157,,,,,,,,,,,,,,,114.6,115,114.7,12,114.9,100,115.0,40,,,,,,,,,,,,
2026-07-09T14:00:56.435492+00:00,2026-07-09T14:00:56.435458,2,4,114.5,0.2,114.4,112,114.1,157,,,,,,,,,,,,,,,,,114.6,115,114.7,12,114.9,100,115.0,40,,,,,,,,,,,,
2026-07-09T14:00:56.440724+00:00,2026-07-09T14:00:56.440688,2,4,114.5,0.2,114.4,115,114.1,157,,,,,,,,,,,,,,,,,114.6,112,114.7,12,114.9,100,115.0,40,,,,,,,,,,,,
2026-07-09T14:00:56.445960+00:00,2026-07-09T14:00:56.445903,2,4,114.5,0.2,114.4,115,114.1,157,,,,,,,,,,,,,,,,,114.6,115,114.7,12,114.9,100,115.0,40,,,,,,,,,,,,
2026-07-09T14:00:56.951939+00:00,2026-07-09T14:00:56.951868,2,4,114.5,0.2,114.4,115,114.1,155,,,,,,,,,,,,,,,,,114.6,115,114.7,12,114.9,100,115.0,40,,,,,,,,,,,,
2026-07-09T14:00:56.970336+00:00,2026-07-09T14:00:56.966080,2,3,114.5,0.2,114.4,103,114.1,155,,,,,,,,,,,,,,,,,114.6,115,114.9,100,115.0,40,,,,,,,,,,,,,,
2026-07-09T14:00:56.986003+00:00,2026-07-09T14:00:56.985794,3,3,114.5,0.2,114.4,103,114.3,12,114.1,155,,,,,,,,,,,,,,,114.6,127,114.9,100,115.0,40,,,,,,,,,,,,,,
2026-07-09T14:00:57.087136+00:00,2026-07-09T14:00:57.087066,3,2,114.5,0.2,114.4,103,114.3,12,114.1,155,,,,,,,,,,,,,,,114.6,127,114.9,100,,,,,,,,,,,,,,,,
2026-07-09T14:00:57.092209+00:00,2026-07-09T14:00:57.092356,3,3,114.5,0.2,114.4,103,114.3,12,114.1,155,,,,,,,,,,,,,,,114.6,127,114.8,40,114.9,100,,,,,,,,,,,,,,
2026-07-09T14:00:57.458550+00:00,2026-07-09T14:00:57.456050,3,3,114.5,0.2,114.4,100,114.3,12,114.1,155,,,,,,,,,,,,,,,114.6,124,114.8,40,114.9,100,,,,,,,,,,,,,,
2026-07-09T14:00:57.468960+00:00,2026-07-09T14:00:57.468897,3,3,114.5,0.2,114.4,103,114.3,12,114.1,154,,,,,,,,,,,,,,,114.6,127,114.8,40,114.9,100,,,,,,,,,,,,,,
2026-07-09T14:00:57.696166+00:00,2026-07-09T14:00:57.696011,3,3,114.5,0.2,114.4,53,114.3,12,114.1,154,,,,,,,,,,,,,,,114.6,127,114.8,40,114.9,100,,,,,,,,,,,,,,
2026-07-09T14:00:57.740568+00:00,2026-07-09T14:00:57.740727,2,3,114.5,0.2,114.4,53,114.1,154,,,,,,,,,,,,,,,,,114.6,127,114.8,40,114.9,100,,,,,,,,,,,,,,
2026-07-09T14:00:57.745969+00:00,2026-07-09T14:00:57.745909,2,3,114.5,0.2,114.4,53,114.1,154,,,,,,,,,,,,,,,,,114.6,115,114.8,40,114.9,100,,,,,,,,,,,,,,
2026-07-09T14:00:57.751191+00:00,2026-07-09T14:00:57.751144,3,3,114.5,0.2,114.4,53,114.2,12,114.1,154,,,,,,,,,,,,,,,114.6,127,114.8,40,114.9,100,,,,,,,,,,,,,,
2026-07-09T14:00:58.149098+00:00,2026-07-09T14:00:58.149235,3,2,114.5,0.2,114.4,53,114.2,12,114.1,154,,,,,,,,,,,,,,,114.6,127,114.9,100,,,,,,,,,,,,,,,,
2026-07-09T14:00:58.158643+00:00,2026-07-09T14:00:58.154424,3,3,114.5,0.2,114.4,53,114.2,12,114.1,154,,,,,,,,,,,,,,,114.6,127,114.9,100,115.0,40,,,,,,,,,,,,,,
2026-07-09T14:00:58.270517+00:00,2026-07-09T14:00:58.270388,3,3,114.5,0.2,114.4,53,114.2,12,114.1,153,,,,,,,,,,,,,,,114.6,127,114.9,100,115.0,40,,,,,,,,,,,,,,
2026-07-09T14:00:58.347533+00:00,2026-07-09T14:00:58.347420,3,3,114.5,0.2,114.4,53,114.2,12,114.1,3,,,,,,,,,,,,,,,114.6,15,114.9,100,115.0,40,,,,,,,,,,,,,,
2026-07-09T14:00:58.403815+00:00,2026-07-09T14:00:58.403753,4,3,114.55,0.1,114.5,150,114.4,53,114.2,12,114.1,3,,,,,,,,,,,,,114.6,15,114.9,100,115.0,40,,,,,,,,,,,,,,
2026-07-09T14:00:58.456298+00:00,2026-07-09T14:00:58.456395,4,3,114.55,0.1,114.5,150,114.4,53,114.2,12,114.1,3,,,,,,,,,,,,,114.6,15,114.9,100,115.0,190,,,,,,,,,,,,,,
2026-07-09T14:00:58.480415+00:00,2026-07-09T14:00:58.480291,4,3,114.55,0.1,114.5,150,114.4,50,114.2,12,114.1,3,,,,,,,,,,,,,114.6,15,114.9,100,115.0,190,,,,,,,,,,,,,,
2026-07-09T14:00:58.490858+00:00,2026-07-09T14:00:58.490814,4,3,114.55,0.1,114.5,153,114.4,50,114.2,12,114.1,3,,,,,,,,,,,,,114.6,12,114.9,100,115.0,190,,,,,,,,,,,,,,
2026-07-09T14:00:58.496100+00:00,2026-07-09T14:00:58.496029,4,3,114.55,0.1,114.5,153,114.4,50,114.2,12,114.1,3,,,,,,,,,,,,,114.6,15,114.9,100,115.0,190,,,,,,,,,,,,,,
2026-07-09T14:00:58.509241+00:00,2026-07-09T14:00:58.509370,3,3,114.55,0.1,114.5,153,114.4,50,114.1,3,,,,,,,,,,,,,,,114.6,15,114.9,100,115.0,190,,,,,,,,,,,,,,
2026-07-09T14:00:58.514740+00:00,2026-07-09T14:00:58.514641,3,3,114.55,0.1,114.5,153,114.4,62,114.1,3,,,,,,,,,,,,,,,114.6,3,114.9,100,115.0,190,,,,,,,,,,,,,,
2026-07-09T14:00:58.519961+00:00,2026-07-09T14:00:58.519848,3,4,114.55,0.1,114.5,153,114.4,62,114.1,3,,,,,,,,,,,,,,,114.6,3,114.7,12,114.9,100,115.0,190,,,,,,,,,,,,
2026-07-09T14:00:59.080541+00:00,2026-07-09T14:00:59.080713,3,4,114.55,0.1,114.5,153,114.4,62,114.1,2,,,,,,,,,,,,,,,114.6,3,114.7,12,114.9,100,115.0,190,,,,,,,,,,,,
2026-07-09T14:00:59.444556+00:00,2026-07-09T14:00:59.444475,3,3,114.55,0.1,114.5,153,114.4,12,114.1,2,,,,,,,,,,,,,,,114.6,3,114.7,12,115.0,190,,,,,,,,,,,,,,
2026-07-09T14:00:59.498623+00:00,2026-07-09T14:00:59.498494,4,3,114.55,0.1,114.5,153,114.4,12,114.2,100,114.1,2,,,,,,,,,,,,,114.6,3,114.7,12,115.0,190,,,,,,,,,,,,,,
2026-07-09T14:00:59.519688+00:00,2026-07-09T14:00:59.519605,4,3,114.55,0.1,114.5,150,114.4,12,114.2,100,114.1,2,,,,,,,,,,,,,114.6,3,114.7,12,115.0,190,,,,,,,,,,,,,,
2026-07-09T14:00:59.524727+00:00,2026-07-09T14:00:59.524911,4,2,114.6,0.2,114.5,153,114.4,12,114.2,100,114.1,2,,,,,,,,,,,,,114.7,12,115.0,190,,,,,,,,,,,,,,,,
2026-07-09T14:00:59.530196+00:00,2026-07-09T14:00:59.530121,4,3,114.55,0.1,114.5,153,114.4,12,114.2,100,114.1,2,,,,,,,,,,,,,114.6,3,114.7,12,115.0,190,,,,,,,,,,,,,,
2026-07-09T14:00:59.551557+00:00,2026-07-09T14:00:59.551434,4,3,114.55,0.1,114.5,153,114.4,12,114.2,100,114.1,2,,,,,,,,,,,,,114.6,3,114.7,112,115.0,190,,,,,,,,,,,,,,
2026-07-09T14:00:59.596729+00:00,2026-07-09T14:00:59.590795,4,2,114.6,0.2,114.5,153,114.4,12,114.2,100,114.1,2,,,,,,,,,,,,,114.7,112,115.0,190,,,,,,,,,,,,,,,,
2026-07-09T14:00:59.662541+00:00,2026-07-09T14:00:59.662710,4,3,114.6,0.2,114.5,153,114.4,12,114.2,100,114.1,2,,,,,,,,,,,,,114.7,112,115.0,150,115.2,40,,,,,,,,,,,,,,
2026-07-09T14:00:59.776328+00:00,2026-07-09T14:00:59.776213,3,3,114.6,0.2,114.5,153,114.2,100,114.1,2,,,,,,,,,,,,,,,114.7,100,115.0,150,115.2,40,,,,,,,,,,,,,,
2026-07-09T14:00:59.781516+00:00,2026-07-09T14:00:59.781431,3,4,114.6,0.2,114.5,165,114.2,100,114.1,2,,,,,,,,,,,,,,,114.7,100,114.9,12,115.0,150,115.2,40,,,,,,,,,,,,
2026-07-09T14:00:59.823299+00:00,2026-07-09T14:00:59.823504,3,4,114.6,0.2,114.5,115,114.2,100,114.1,2,,,,,,,,,,,,,,,114.7,100,114.9,12,115.0,150,115.2,40,,,,,,,,,,,,
2026-07-09T14:01:00.540621+00:00,2026-07-09T14:01:00.540756,3,4,114.6,0.2,114.5,112,114.2,100,114.1,2,,,,,,,,,,,,,,,114.7,100,114.9,12,115.0,150,115.2,40,,,,,,,,,,,,
2026-07-09T14:01:00.546077+00:00,2026-07-09T14:01:00.545950,3,4,114.6,0.2,114.5,115,114.2,100,114.1,2,,,,,,,,,,,,,,,114.7,100,114.9,12,115.0,150,115.2,40,,,,,,,,,,,,
2026-07-09T14:01:00.551305+00:00,2026-07-09T14:01:00.551190,3,4,114.6,0.2,114.5,115,114.2,100,114.1,2,,,,,,,,,,,,,,,114.7,103,114.9,12,115.0,150,115.2,40,,,,,,,,,,,,
2026-07-09T14:01:00.881051+00:00,2026-07-09T14:01:00.880926,3,4,114.6,0.2,114.5,115,114.2,100,114.1,2,,,,,,,,,,,,,,,114.7,62,114.9,12,115.0,150,115.2,40,,,,,,,,,,,,
2026-07-09T14:01:01.514925+00:00,2026-07-09T14:01:01.514816,3,3,114.6,0.2,114.5,15,114.2,100,114.1,2,,,,,,,,,,,,,,,114.7,62,114.9,12,115.2,40,,,,,,,,,,,,,,
2026-07-09T14:01:01.530815+00:00,2026-07-09T14:01:01.530658,2,3,114.45,0.5,114.2,100,114.1,2,,,,,,,,,,,,,,,,,114.7,62,114.9,12,115.2,40,,,,,,,,,,,,,,
2026-07-09T14:01:01.541190+00:00,2026-07-09T14:01:01.541091,2,2,114.45,0.5,114.2,100,114.1,2,,,,,,,,,,,,,,,,,114.7,62,115.2,40,,,,,,,,,,,,,,,,
2026-07-09T14:01:01.546386+00:00,2026-07-09T14:01:01.546276,3,2,114.5,0.4,114.3,12,114.2,100,114.1,2,,,,,,,,,,,,,,,114.7,62,115.2,40,,,,,,,,,,,,,,,,
2026-07-09T14:01:01.551603+00:00,2026-07-09T14:01:01.551477,3,3,114.5,0.4,114.3,12,114.2,100,114.1,2,,,,,,,,,,,,,,,114.7,62,114.8,12,115.2,40,,,,,,,,,,,,,,
2026-07-09T14:01:01.579541+00:00,2026-07-09T14:01:01.579403,4,3,114.6,0.2,114.5,150,114.3,12,114.2,100,114.1,2,,,,,,,,,,,,,114.7,62,114.8,12,115.2,40,,,,,,,,,,,,,,
2026-07-09T14:01:01.584772+00:00,2026-07-09T14:01:01.584681,4,3,114.6,0.2,114.5,153,114.3,12,114.2,100,114.1,2,,,,,,,,,,,,,114.7,59,114.8,12,115.2,40,,,,,,,,,,,,,,
2026-07-09T14:01:01.595288+00:00,2026-07-09T14:01:01.595097,4,3,114.6,0.2,114.5,153,114.3,12,114.2,100,114.1,2,,,,,,,,,,,,,114.7,62,114.8,12,115.2,40,,,,,,,,,,,,,,
2026-07-09T14:01:01.658674+00:00,2026-07-09T14:01:01.657174,4,4,114.6,0.2,114.5,153,114.3,12,114.2,100,114.1,2,,,,,,,,,,,,,114.7,62,114.8,12,115.0,150,115.2,40,,,,,,,,,,,,
2026-07-09T14:01:01.811076+00:00,2026-07-09T14:01:01.810951,3,4,114.6,0.2,114.5,153,114.2,100,114.1,2,,,,,,,,,,,,,,,114.7,62,114.8,12,115.0,150,115.2,40,,,,,,,,,,,,
2026-07-09T14:01:01.816263+00:00,2026-07-09T14:01:01.816180,3,3,114.6,0.2,114.5,165,114.2,100,114.1,2,,,,,,,,,,,,,,,114.7,62,115.0,150,115.2,40,,,,,,,,,,,,,,
2026-07-09T14:01:01.821466+00:00,2026-07-09T14:01:01.821398,3,4,114.6,0.2,114.5,165,114.2,100,114.1,2,,,,,,,,,,,,,,,114.7,62,114.8,12,115.0,150,115.2,40,,,,,,,,,,,,
2026-07-09T14:01:01.876772+00:00,2026-07-09T14:01:01.876735,2,4,114.6,0.2,114.5,165,114.2,100,,,,,,,,,,,,,,,,,114.7,62,114.8,12,115.0,150,115.2,40,,,,,,,,,,,,
2026-07-09T14:01:02.376237+00:00,2026-07-09T14:01:02.376193,2,3,114.6,0.2,114.5,165,114.2,100,,,,,,,,,,,,,,,,,114.7,62,114.8,12,115.0,190,,,,,,,,,,,,,,
2026-07-09T14:01:02.453159+00:00,2026-07-09T14:01:02.456949,2,3,114.6,0.2,114.5,125,114.2,100,,,,,,,,,,,,,,,,,114.7,62,114.8,12,115.0,190,,,,,,,,,,,,,,
2026-07-09T14:01:02.506510+00:00,2026-07-09T14:01:02.506681,3,3,114.6,0.2,114.5,125,114.3,7,114.2,100,,,,,,,,,,,,,,,114.7,62,114.8,12,115.0,190,,,,,,,,,,,,,,
2026-07-09T14:01:02.602995+00:00,2026-07-09T14:01:02.602911,3,3,114.6,0.2,114.5,125,114.3,7,114.2,100,,,,,,,,,,,,,,,114.7,3,114.8,12,115.0,190,,,,,,,,,,,,,,
2026-07-09T14:01:02.608224+00:00,2026-07-09T14:01:02.608162,2,3,114.6,0.2,114.5,122,114.3,7,,,,,,,,,,,,,,,,,114.7,3,114.8,12,115.0,190,,,,,,,,,,,,,,
2026-07-09T14:01:02.613437+00:00,2026-07-09T14:01:02.613353,2,2,114.65,0.3,114.5,122,114.3,7,,,,,,,,,,,,,,,,,114.8,12,115.0,190,,,,,,,,,,,,,,,,
2026-07-09T14:01:02.618447+00:00,2026-07-09T14:01:02.618601,2,3,114.6,0.2,114.5,125,114.3,7,,,,,,,,,,,,,,,,,114.7,3,114.8,12,115.0,190,,,,,,,,,,,,,,
2026-07-09T14:01:02.664679+00:00,2026-07-09T14:01:02.664554,2,3,114.6,0.2,114.5,225,114.3,7,,,,,,,,,,,,,,,,,114.7,3,114.8,12,115.0,190,,,,,,,,,,,,,,
2026-07-09T14:01:02.711443+00:00,2026-07-09T14:01:02.711021,2,3,114.6,0.2,114.5,225,114.3,7,,,,,,,,,,,,,,,,,114.7,3,114.8,12,115.0,290,,,,,,,,,,,,,,
2026-07-09T14:01:03.634374+00:00,2026-07-09T14:01:03.634291,2,3,114.6,0.2,114.5,222,114.3,7,,,,,,,,,,,,,,,,,114.7,3,114.8,12,115.0,290,,,,,,,,,,,,,,
2026-07-09T14:01:03.639602+00:00,2026-07-09T14:01:03.639550,2,2,114.65,0.3,114.5,225,114.3,7,,,,,,,,,,,,,,,,,114.8,12,115.0,290,,,,,,,,,,,,,,,,
2026-07-09T14:01:03.644881+00:00,2026-07-09T14:01:03.644824,2,3,114.6,0.2,114.5,225,114.3,7,,,,,,,,,,,,,,,,,114.7,3,114.8,12,115.0,290,,,,,,,,,,,,,,
2026-07-09T14:01:03.886951+00:00,2026-07-09T14:01:03.886920,2,3,114.6,0.2,114.5,225,114.3,5,,,,,,,,,,,,,,,,,114.7,3,114.8,12,115.0,290,,,,,,,,,,,,,,
2026-07-09T14:01:04.080294+00:00,2026-07-09T14:01:04.080231,2,3,114.6,0.2,114.5,175,114.3,5,,,,,,,,,,,,,,,,,114.7,3,114.8,12,115.0,290,,,,,,,,,,,,,,
2026-07-09T14:01:04.314320+00:00,2026-07-09T14:01:04.314208,2,3,114.6,0.2,114.5,175,114.3,4,,,,,,,,,,,,,,,,,114.7,3,114.8,12,115.0,290,,,,,,,,,,,,,,
2026-07-09T14:01:04.711736+00:00,2026-07-09T14:01:04.711611,2,3,114.6,0.2,114.5,172,114.3,4,,,,,,,,,,,,,,,,,114.7,3,114.8,12,115.0,290,,,,,,,,,,,,,,
2026-07-09T14:01:04.716940+00:00,2026-07-09T14:01:04.716887,2,3,114.6,0.2,114.5,112,114.3,4,,,,,,,,,,,,,,,,,114.7,3,114.8,12,115.0,140,,,,,,,,,,,,,,
2026-07-09T14:01:04.722006+00:00,2026-07-09T14:01:04.722144,2,2,114.65,0.3,114.5,112,114.3,4,,,,,,,,,,,,,,,,,114.8,12,115.0,140,,,,,,,,,,,,,,,,
2026-07-09T14:01:04.727677+00:00,2026-07-09T14:01:04.727433,2,2,114.65,0.3,114.5,115,114.3,4,,,,,,,,,,,,,,,,,114.8,12,115.0,140,,,,,,,,,,,,,,,,
2026-07-09T14:01:04.732885+00:00,2026-07-09T14:01:04.732782,2,3,114.6,0.2,114.5,115,114.3,4,,,,,,,,,,,,,,,,,114.7,3,114.8,12,115.0,140,,,,,,,,,,,,,,
2026-07-09T14:01:04.769818+00:00,2026-07-09T14:01:04.769998,3,3,114.6,0.2,114.5,115,114.3,4,114.1,150,,,,,,,,,,,,,,,114.7,3,114.8,12,115.0,140,,,,,,,,,,,,,,
2026-07-09T14:01:04.830993+00:00,2026-07-09T14:01:04.830878,3,4,114.55,0.1,114.5,115,114.3,4,114.1,150,,,,,,,,,,,,,,,114.6,150,114.7,3,114.8,12,115.0,140,,,,,,,,,,,,
2026-07-09T14:01:04.884879+00:00,2026-07-09T14:01:04.877394,3,4,114.55,0.1,114.5,115,114.3,4,114.1,150,,,,,,,,,,,,,,,114.6,130,114.7,3,114.8,12,115.0,140,,,,,,,,,,,,
2026-07-09T14:01:04.934621+00:00,2026-07-09T14:01:04.934759,3,4,114.55,0.1,114.5,115,114.3,4,114.1,150,,,,,,,,,,,,,,,114.6,130,114.7,3,114.8,12,115.0,100,,,,,,,,,,,,
2026-07-09T14:01:04.939853+00:00,2026-07-09T14:01:04.940010,3,5,114.55,0.1,114.5,115,114.3,4,114.1,150,,,,,,,,,,,,,,,114.6,130,114.7,3,114.8,12,115.0,100,115.4,40,,,,,,,,,,
2026-07-09T14:01:05.065840+00:00,2026-07-09T14:01:05.065643,3,5,114.55,0.1,114.5,115,114.3,3,114.1,150,,,,,,,,,,,,,,,114.6,130,114.7,3,114.8,12,115.0,100,115.4,40,,,,,,,,,,
2026-07-09T14:01:05.102485+00:00,2026-07-09T14:01:05.102413,3,5,114.55,0.1,114.5,103,114.3,3,114.1,150,,,,,,,,,,,,,,,114.6,130,114.7,3,114.8,12,115.0,100,115.4,40,,,,,,,,,,
2026-07-09T14:01:05.107668+00:00,2026-07-09T14:01:05.107642,3,4,114.55,0.1,114.5,103,114.3,3,114.1,150,,,,,,,,,,,,,,,114.6,130,114.7,3,115.0,100,115.4,40,,,,,,,,,,,,
2026-07-09T14:01:05.113103+00:00,2026-07-09T14:01:05.112975,3,5,114.55,0.1,114.5,115,114.3,3,114.1,150,,,,,,,,,,,,,,,114.6,130,114.7,3,114.9,12,115.0,100,115.4,40,,,,,,,,,,
2026-07-09T14:01:05.499150+00:00,2026-07-09T14:01:05.499110,3,5,114.55,0.1,114.5,115,114.3,3,114.1,150,,,,,,,,,,,,,,,114.6,90,114.7,3,114.9,12,115.0,100,115.4,40,,,,,,,,,,
2026-07-09T14:01:05.619192+00:00,2026-07-09T14:01:05.619083,3,5,114.55,0.1,114.5,103,114.3,3,114.1,150,,,,,,,,,,,,,,,114.6,90,114.7,3,114.9,12,115.0,100,115.4,40,,,,,,,,,,
2026-07-09T14:01:05.624413+00:00,2026-07-09T14:01:05.624277,3,4,114.55,0.1,114.5,103,114.3,3,114.1,150,,,,,,,,,,,,,,,114.6,90,114.7,3,115.0,100,115.4,40,,,,,,,,,,,,
2026-07-09T14:01:05.629677+00:00,2026-07-09T14:01:05.629556,3,4,114.55,0.1,114.5,103,114.3,3,114.1,150,,,,,,,,,,,,,,,114.6,78,114.7,3,115.0,100,115.4,40,,,,,,,,,,,,
2026-07-09T14:01:05.640193+00:00,2026-07-09T14:01:05.640054,3,4,114.55,0.1,114.5,103,114.3,3,114.1,150,,,,,,,,,,,,,,,114.6,78,114.7,3,115.0,112,115.4,40,,,,,,,,,,,,
2026-07-09T14:01:05.699408+00:00,2026-07-09T14:01:05.699338,3,3,114.55,0.1,114.5,103,114.3,3,114.1,150,,,,,,,,,,,,,,,114.6,78,114.7,3,115.0,112,,,,,,,,,,,,,,
2026-07-09T14:01:05.704632+00:00,2026-07-09T14:01:05.704566,3,4,114.55,0.1,114.5,103,114.3,3,114.1,150,,,,,,,,,,,,,,,114.6,78,114.7,3,115.0,112,115.2,8,,,,,,,,,,,,
2026-07-09T14:01:05.749232+00:00,2026-07-09T14:01:05.749142,3,4,114.55,0.1,114.5,100,114.3,3,114.1,150,,,,,,,,,,,,,,,114.6,78,114.7,3,115.0,112,115.2,8,,,,,,,,,,,,
2026-07-09T14:01:05.754249+00:00,2026-07-09T14:01:05.755465,3,3,114.55,0.1,114.5,103,114.3,3,114.1,150,,,,,,,,,,,,,,,114.6,81,115.0,112,115.2,8,,,,,,,,,,,,,,
2026-07-09T14:01:05.773402+00:00,2026-07-09T14:01:05.773345,3,3,114.55,0.1,114.5,3,114.3,3,114.1,150,,,,,,,,,,,,,,,114.6,81,115.0,12,115.2,8,,,,,,,,,,,,,,
2026-07-09T14:01:05.827223+00:00,2026-07-09T14:01:05.827171,4,2,114.85,0.3,114.7,19,114.5,3,114.3,3,114.1,150,,,,,,,,,,,,,115.0,12,115.2,8,,,,,,,,,,,,,,,,
2026-07-09T14:01:05.879958+00:00,2026-07-09T14:01:05.879844,4,2,114.85,0.3,114.7,19,114.5,3,114.3,3,114.1,150,,,,,,,,,,,,,115.0,12,115.2,108,,,,,,,,,,,,,,,,
2026-07-09T14:01:05.885186+00:00,2026-07-09T14:01:05.885041,4,2,114.85,0.3,114.7,19,114.5,3,114.3,2,114.1,150,,,,,,,,,,,,,115.0,12,115.2,108,,,,,,,,,,,,,,,,
2026-07-09T14:01:06.780878+00:00,2026-07-09T14:01:06.780751,3,2,114.85,0.3,114.7,19,114.3,2,114.1,150,,,,,,,,,,,,,,,115.0,12,115.2,108,,,,,,,,,,,,,,,,
2026-07-09T14:01:06.785877+00:00,2026-07-09T14:01:06.786037,3,2,114.85,0.3,114.7,22,114.3,2,114.1,150,,,,,,,,,,,,,,,115.0,15,115.2,108,,,,,,,,,,,,,,,,
2026-07-09T14:01:06.845190+00:00,2026-07-09T14:01:06.845093,3,2,114.85,0.3,114.7,22,114.3,1,114.1,150,,,,,,,,,,,,,,,115.0,15,115.2,108,,,,,,,,,,,,,,,,
2026-07-09T14:01:07.513137+00:00,2026-07-09T14:01:07.513068,3,2,114.85,0.3,114.7,22,114.3,1,114.1,150,,,,,,,,,,,,,,,115.0,15,115.2,100,,,,,,,,,,,,,,,,
2026-07-09T14:01:07.518423+00:00,2026-07-09T14:01:07.518337,3,3,114.85,0.3,114.7,22,114.3,1,114.1,150,,,,,,,,,,,,,,,115.0,15,115.2,100,115.4,40,,,,,,,,,,,,,,
2026-07-09T14:01:07.804887+00:00,2026-07-09T14:01:07.804850,3,3,114.85,0.3,114.7,19,114.3,1,114.1,150,,,,,,,,,,,,,,,115.0,15,115.2,100,115.4,40,,,,,,,,,,,,,,
2026-07-09T14:01:07.809929+00:00,2026-07-09T14:01:07.810052,3,3,114.85,0.3,114.7,19,114.3,1,114.1,150,,,,,,,,,,,,,,,115.0,12,115.2,100,115.4,40,,,,,,,,,,,,,,
2026-07-09T14:01:07.815401+00:00,2026-07-09T14:01:07.815342,3,3,114.85,0.3,114.7,22,114.3,1,114.1,150,,,,,,,,,,,,,,,115.0,15,115.2,100,115.4,40,,,,,,,,,,,,,,
2026-07-09T14:01:07.825895+00:00,2026-07-09T14:01:07.825827,3,3,114.85,0.3,114.7,22,114.3,1,114.1,150,,,,,,,,,,,,,,,115.0,15,115.2,100,115.6,40,,,,,,,,,,,,,,
2026-07-09T14:01:07.885458+00:00,2026-07-09T14:01:07.885298,2,3,114.85,0.3,114.7,22,114.3,1,,,,,,,,,,,,,,,,,115.0,15,115.2,100,115.6,40,,,,,,,,,,,,,,
2026-07-09T14:01:07.955329+00:00,2026-07-09T14:01:07.944249,3,2,115.15,0.1,115.1,124,114.7,22,114.3,1,,,,,,,,,,,,,,,115.2,100,115.6,40,,,,,,,,,,,,,,,,
2026-07-09T14:01:07.997666+00:00,2026-07-09T14:01:07.997633,3,2,115.15,0.1,115.1,124,114.7,22,114.3,1,,,,,,,,,,,,,,,115.2,100,115.6,190,,,,,,,,,,,,,,,,
2026-07-09T14:01:08.315991+00:00,2026-07-09T14:01:08.316101,3,2,115.15,0.1,115.1,74,114.7,22,114.3,1,,,,,,,,,,,,,,,115.2,100,115.6,190,,,,,,,,,,,,,,,,
2026-07-09T14:01:08.445023+00:00,2026-07-09T14:01:08.437280,3,2,115.15,0.1,115.1,71,114.7,22,114.3,1,,,,,,,,,,,,,,,115.2,100,115.6,190,,,,,,,,,,,,,,,,
2026-07-09T14:01:08.514720+00:00,2026-07-09T14:01:08.514867,3,2,115.15,0.1,115.1,25,114.7,22,114.3,1,,,,,,,,,,,,,,,115.2,100,115.6,190,,,,,,,,,,,,,,,,
2026-07-09T14:01:08.839306+00:00,2026-07-09T14:01:08.839189,3,2,115.15,0.1,115.1,25,114.7,19,114.3,1,,,,,,,,,,,,,,,115.2,100,115.6,190,,,,,,,,,,,,,,,,
2026-07-09T14:01:08.844525+00:00,2026-07-09T14:01:08.844427,3,2,115.15,0.1,115.1,28,114.7,19,114.3,1,,,,,,,,,,,,,,,115.2,103,115.6,190,,,,,,,,,,,,,,,,
2026-07-09T14:01:08.942339+00:00,2026-07-09T14:01:08.942481,2,2,115.15,0.1,115.1,28,114.3,1,,,,,,,,,,,,,,,,,115.2,3,115.6,190,,,,,,,,,,,,,,,,
2026-07-09T14:01:08.947832+00:00,2026-07-09T14:01:08.947720,1,2,115.15,0.1,115.1,28,,,,,,,,,,,,,,,,,,,115.2,3,115.6,190,,,,,,,,,,,,,,,,
2026-07-09T14:01:08.995360+00:00,2026-07-09T14:01:08.995266,3,2,115.15,0.1,115.1,28,114.7,100,114.5,7,,,,,,,,,,,,,,,115.2,3,115.6,190,,,,,,,,,,,,,,,,
2026-07-09T14:01:09.012790+00:00,2026-07-09T14:01:09.005373,3,2,115.15,0.1,115.1,19,114.7,100,114.5,7,,,,,,,,,,,,,,,115.2,3,115.6,190,,,,,,,,,,,,,,,,
2026-07-09T14:01:09.033534+00:00,2026-07-09T14:01:09.033675,3,2,115.15,0.1,115.1,19,114.7,100,114.5,7,,,,,,,,,,,,,,,115.2,3,115.6,150,,,,,,,,,,,,,,,,
2026-07-09T14:01:09.038765+00:00,2026-07-09T14:01:09.038896,3,3,115.15,0.1,115.1,19,114.7,100,114.5,7,,,,,,,,,,,,,,,115.2,3,115.4,40,115.6,150,,,,,,,,,,,,,,
2026-07-09T14:01:09.049433+00:00,2026-07-09T14:01:09.049325,3,3,115.15,0.1,115.1,19,114.7,100,114.5,7,,,,,,,,,,,,,,,115.2,103,115.4,40,115.6,150,,,,,,,,,,,,,,
2026-07-09T14:01:09.154776+00:00,2026-07-09T14:01:09.154726,3,3,115.15,0.1,115.1,19,114.7,100,114.5,7,,,,,,,,,,,,,,,115.2,55,115.4,40,115.6,150,,,,,,,,,,,,,,
2026-07-09T14:01:09.858283+00:00,2026-07-09T14:01:09.858804,3,3,115.15,0.1,115.1,16,114.7,100,114.5,7,,,,,,,,,,,,,,,115.2,55,115.4,40,115.6,150,,,,,,,,,,,,,,
2026-07-09T14:01:09.874516+00:00,2026-07-09T14:01:09.874429,3,3,115.15,0.1,115.1,19,114.7,100,114.5,7,,,,,,,,,,,,,,,115.2,55,115.4,40,115.6,150,,,,,,,,,,,,,,
2026-07-09T14:01:10.246636+00:00,2026-07-09T14:01:10.246426,3,2,115.15,0.1,115.1,19,114.7,100,114.5,7,,,,,,,,,,,,,,,115.2,55,115.6,150,,,,,,,,,,,,,,,,
2026-07-09T14:01:10.251837+00:00,2026-07-09T14:01:10.251771,3,3,115.15,0.1,115.1,19,114.7,100,114.5,7,,,,,,,,,,,,,,,115.2,55,115.6,150,115.8,40,,,,,,,,,,,,,,
2026-07-09T14:01:10.358608+00:00,2026-07-09T14:01:10.355447,3,3,115.15,0.1,115.1,19,114.7,100,114.5,7,,,,,,,,,,,,,,,115.2,5,115.6,150,115.8,40,,,,,,,,,,,,,,
2026-07-09T14:01:10.606291+00:00,2026-07-09T14:01:10.606229,2,3,114.95,0.5,114.7,100,114.5,7,,,,,,,,,,,,,,,,,115.2,5,115.6,150,115.8,40,,,,,,,,,,,,,,
2026-07-09T14:01:10.882578+00:00,2026-07-09T14:01:10.882464,2,3,114.95,0.5,114.7,103,114.5,7,,,,,,,,,,,,,,,,,115.2,8,115.6,150,115.8,40,,,,,,,,,,,,,,
2026-07-09T14:01:10.994065+00:00,2026-07-09T14:01:10.986887,2,3,114.95,0.5,114.7,115,114.5,7,,,,,,,,,,,,,,,,,115.2,8,115.6,150,115.8,40,,,,,,,,,,,,,,
2026-07-09T14:01:11.055568+00:00,2026-07-09T14:01:11.055469,2,2,114.95,0.5,114.7,115,114.5,7,,,,,,,,,,,,,,,,,115.2,8,115.8,40,,,,,,,,,,,,,,,,
2026-07-09T14:01:11.108014+00:00,2026-07-09T14:01:11.107808,2,2,114.95,0.5,114.7,265,114.5,7,,,,,,,,,,,,,,,,,115.2,8,115.8,40,,,,,,,,,,,,,,,,
2026-07-09T14:01:11.164847+00:00,2026-07-09T14:01:11.164782,2,2,114.95,0.5,114.7,265,114.5,7,,,,,,,,,,,,,,,,,115.2,158,115.8,40,,,,,,,,,,,,,,,,
2026-07-09T14:01:11.458691+00:00,2026-07-09T14:01:11.454356,2,1,114.95,0.5,114.7,265,114.5,7,,,,,,,,,,,,,,,,,115.2,158,,,,,,,,,,,,,,,,,,
2026-07-09T14:01:11.475080+00:00,2026-07-09T14:01:11.474993,2,2,114.95,0.5,114.7,265,114.5,7,,,,,,,,,,,,,,,,,115.2,158,115.6,40,,,,,,,,,,,,,,,,
2026-07-09T14:01:11.498115+00:00,2026-07-09T14:01:11.497994,2,2,114.95,0.5,114.7,253,114.5,7,,,,,,,,,,,,,,,,,115.2,158,115.6,40,,,,,,,,,,,,,,,,
2026-07-09T14:01:11.503275+00:00,2026-07-09T14:01:11.503230,3,2,115.0,0.4,114.8,12,114.7,253,114.5,7,,,,,,,,,,,,,,,115.2,170,115.6,40,,,,,,,,,,,,,,,,
2026-07-09T14:01:11.899083+00:00,2026-07-09T14:01:11.899003,3,2,115.0,0.4,114.8,12,114.7,250,114.5,7,,,,,,,,,,,,,,,115.2,170,115.6,40,,,,,,,,,,,,,,,,
2026-07-09T14:01:11.904094+00:00,2026-07-09T14:01:11.904203,3,2,115.0,0.4,114.8,12,114.7,250,114.5,7,,,,,,,,,,,,,,,115.2,167,115.6,40,,,,,,,,,,,,,,,,
2026-07-09T14:01:11.958613+00:00,2026-07-09T14:01:11.956948,3,2,115.0,0.4,114.8,15,114.7,250,114.5,7,,,,,,,,,,,,,,,115.2,170,115.6,40,,,,,,,,,,,,,,,,
2026-07-09T14:01:12.107022+00:00,2026-07-09T14:01:12.106885,3,2,115.0,0.4,114.8,15,114.7,150,114.5,7,,,,,,,,,,,,,,,115.2,165,115.6,40,,,,,,,,,,,,,,,,
2026-07-09T14:01:12.158687+00:00,2026-07-09T14:01:12.156330,4,2,115.05,0.3,114.9,100,114.8,15,114.7,150,114.5,7,,,,,,,,,,,,,115.2,165,115.6,40,,,,,,,,,,,,,,,,
2026-07-09T14:01:12.214836+00:00,2026-07-09T14:01:12.214708,4,3,115.05,0.3,114.9,100,114.8,15,114.7,150,114.5,7,,,,,,,,,,,,,115.2,165,115.4,100,115.6,40,,,,,,,,,,,,,,
2026-07-09T14:01:12.258573+00:00,2026-07-09T14:01:12.256803,4,3,115.05,0.3,114.9,100,114.8,3,114.7,150,114.5,7,,,,,,,,,,,,,115.2,153,115.4,100,115.6,40,,,,,,,,,,,,,,
2026-07-09T14:01:12.270574+00:00,2026-07-09T14:01:12.270440,4,3,115.05,0.3,114.9,112,114.8,3,114.7,150,114.5,7,,,,,,,,,,,,,115.2,153,115.4,100,115.6,40,,,,,,,,,,,,,,
2026-07-09T14:01:12.275789+00:00,2026-07-09T14:01:12.275744,4,3,115.05,0.3,114.9,112,114.8,3,114.7,150,114.5,7,,,,,,,,,,,,,115.2,165,115.4,100,115.6,40,,,,,,,,,,,,,,
2026-07-09T14:01:12.975374+00:00,2026-07-09T14:01:12.975326,3,3,115.05,0.3,114.9,112,114.7,150,114.5,7,,,,,,,,,,,,,,,115.2,162,115.4,100,115.6,40,,,,,,,,,,,,,,
2026-07-09T14:01:12.980646+00:00,2026-07-09T14:01:12.980528,3,3,115.05,0.3,114.9,115,114.7,150,114.5,7,,,,,,,,,,,,,,,115.2,162,115.4,100,115.6,40,,,,,,,,,,,,,,
2026-07-09T14:01:12.985834+00:00,2026-07-09T14:01:12.985736,3,3,115.05,0.3,114.9,115,114.7,150,114.5,7,,,,,,,,,,,,,,,115.2,165,115.4,100,115.6,40,,,,,,,,,,,,,,
2026-07-09T14:01:14.000341+00:00,2026-07-09T14:01:14.000306,3,3,115.05,0.3,114.9,112,114.7,150,114.5,7,,,,,,,,,,,,,,,115.2,162,115.4,100,115.6,40,,,,,,,,,,,,,,
2026-07-09T14:01:14.005668+00:00,2026-07-09T14:01:14.005602,3,3,115.05,0.3,114.9,115,114.7,150,114.5,7,,,,,,,,,,,,,,,115.2,165,115.4,100,115.6,40,,,,,,,,,,,,,,
2026-07-09T14:01:14.216794+00:00,2026-07-09T14:01:14.216727,3,3,115.05,0.3,114.9,115,114.7,150,114.5,7,,,,,,,,,,,,,,,115.2,15,115.4,100,115.6,40,,,,,,,,,,,,,,
2026-07-09T14:01:14.222026+00:00,2026-07-09T14:01:14.221930,2,3,115.05,0.3,114.9,115,114.5,7,,,,,,,,,,,,,,,,,115.2,15,115.4,100,115.6,40,,,,,,,,,,,,,,
2026-07-09T14:01:14.275852+00:00,2026-07-09T14:01:14.275801,3,3,115.05,0.3,114.9,115,114.6,150,114.5,7,,,,,,,,,,,,,,,115.2,15,115.4,100,115.6,40,,,,,,,,,,,,,,
2026-07-09T14:01:14.361077+00:00,2026-07-09T14:01:14.360937,3,4,115.0,0.2,114.9,115,114.6,150,114.5,7,,,,,,,,,,,,,,,115.1,150,115.2,15,115.4,100,115.6,40,,,,,,,,,,,,
2026-07-09T14:01:14.632217+00:00,2026-07-09T14:01:14.632133,3,4,115.0,0.2,114.9,115,114.6,150,114.5,7,,,,,,,,,,,,,,,115.1,100,115.2,15,115.4,100,115.6,40,,,,,,,,,,,,
2026-07-09T14:01:15.029289+00:00,2026-07-09T14:01:15.029248,3,4,115.0,0.2,114.9,112,114.6,150,114.5,7,,,,,,,,,,,,,,,115.1,100,115.2,15,115.4,100,115.6,40,,,,,,,,,,,,
2026-07-09T14:01:15.034572+00:00,2026-07-09T14:01:15.034438,3,4,115.0,0.2,114.9,112,114.6,150,114.5,7,,,,,,,,,,,,,,,115.1,100,115.2,12,115.4,100,115.6,40,,,,,,,,,,,,
2026-07-09T14:01:15.039554+00:00,2026-07-09T14:01:15.039691,3,4,115.0,0.2,114.9,115,114.6,150,114.5,7,,,,,,,,,,,,,,,115.1,103,115.2,12,115.4,100,115.6,40,,,,,,,,,,,,
2026-07-09T14:01:15.270997+00:00,2026-07-09T14:01:15.270869,3,3,115.0,0.2,114.9,15,114.6,150,114.5,7,,,,,,,,,,,,,,,115.1,103,115.2,12,115.6,40,,,,,,,,,,,,,,
2026-07-09T14:01:15.327031+00:00,2026-07-09T14:01:15.326942,4,3,115.05,0.1,115.0,100,114.9,15,114.6,150,114.5,7,,,,,,,,,,,,,115.1,103,115.2,12,115.6,40,,,,,,,,,,,,,,
2026-07-09T14:01:15.380067+00:00,2026-07-09T14:01:15.379925,4,4,115.05,0.1,115.0,100,114.9,15,114.6,150,114.5,7,,,,,,,,,,,,,115.1,103,115.2,12,115.5,100,115.6,40,,,,,,,,,,,,
2026-07-09T14:01:15.786973+00:00,2026-07-09T14:01:15.786881,3,4,115.05,0.1,115.0,100,114.9,3,114.6,150,,,,,,,,,,,,,,,115.1,103,115.2,12,115.5,100,115.6,40,,,,,,,,,,,,
2026-07-09T14:01:15.792266+00:00,2026-07-09T14:01:15.792093,3,3,115.05,0.1,115.0,100,114.9,3,114.6,150,,,,,,,,,,,,,,,115.1,103,115.5,100,115.6,40,,,,,,,,,,,,,,
2026-07-09T14:01:15.797517+00:00,2026-07-09T14:01:15.797432,4,3,115.05,0.1,115.0,112,114.9,3,114.7,7,114.6,150,,,,,,,,,,,,,115.1,103,115.5,100,115.6,40,,,,,,,,,,,,,,
2026-07-09T14:01:15.802832+00:00,2026-07-09T14:01:15.802641,4,4,115.05,0.1,115.0,112,114.9,3,114.7,7,114.6,150,,,,,,,,,,,,,115.1,103,115.3,12,115.5,100,115.6,40,,,,,,,,,,,,
2026-07-09T14:01:16.058567+00:00,2026-07-09T14:01:16.056150,3,4,115.05,0.1,115.0,112,114.7,7,114.6,150,,,,,,,,,,,,,,,115.1,100,115.3,12,115.5,100,115.6,40,,,,,,,,,,,,
2026-07-09T14:01:16.069416+00:00,2026-07-09T14:01:16.069591,3,4,115.05,0.1,115.0,115,114.7,7,114.6,150,,,,,,,,,,,,,,,115.1,103,115.3,12,115.5,100,115.6,40,,,,,,,,,,,,
2026-07-09T14:01:16.742372+00:00,2026-07-09T14:01:16.742232,3,4,115.05,0.1,115.0,115,114.7,7,114.6,150,,,,,,,,,,,,,,,115.1,53,115.3,12,115.5,100,115.6,40,,,,,,,,,,,,
2026-07-09T14:01:17.084532+00:00,2026-07-09T14:01:17.084448,3,4,115.05,0.1,115.0,112,114.7,7,114.6,150,,,,,,,,,,,,,,,115.1,53,115.3,12,115.5,100,115.6,40,,,,,,,,,,,,
2026-07-09T14:01:17.089723+00:00,2026-07-09T14:01:17.089633,3,4,115.05,0.1,115.0,112,114.7,7,114.6,150,,,,,,,,,,,,,,,115.1,50,115.3,12,115.5,100,115.6,40,,,,,,,,,,,,
2026-07-09T14:01:17.094990+00:00,2026-07-09T14:01:17.094880,3,4,115.05,0.1,115.0,115,114.7,7,114.6,150,,,,,,,,,,,,,,,115.1,53,115.3,12,115.5,100,115.6,40,,,,,,,,,,,,
2026-07-09T14:01:17.405957+00:00,2026-07-09T14:01:17.405895,2,4,115.05,0.1,115.0,115,114.7,7,,,,,,,,,,,,,,,,,115.1,3,115.3,12,115.5,100,115.6,40,,,,,,,,,,,,
2026-07-09T14:01:17.468694+00:00,2026-07-09T14:01:17.468820,3,3,115.2,0.2,115.1,147,115.0,115,114.7,7,,,,,,,,,,,,,,,115.3,12,115.5,100,115.6,40,,,,,,,,,,,,,,
2026-07-09T14:01:17.519307+00:00,2026-07-09T14:01:17.519189,3,3,115.2,0.2,115.1,147,115.0,115,114.7,7,,,,,,,,,,,,,,,115.3,12,115.5,100,115.6,190,,,,,,,,,,,,,,
2026-07-09T14:01:18.125082+00:00,2026-07-09T14:01:18.125019,3,3,115.2,0.2,115.1,150,115.0,112,114.7,7,,,,,,,,,,,,,,,115.3,12,115.5,100,115.6,190,,,,,,,,,,,,,,
2026-07-09T14:01:18.436049+00:00,2026-07-09T14:01:18.435924,3,2,115.2,0.2,115.1,150,115.0,12,114.7,7,,,,,,,,,,,,,,,115.3,12,115.6,190,,,,,,,,,,,,,,,,
2026-07-09T14:01:18.491290+00:00,2026-07-09T14:01:18.491148,3,2,115.2,0.2,115.1,250,115.0,12,114.7,7,,,,,,,,,,,,,,,115.3,12,115.6,190,,,,,,,,,,,,,,,,
2026-07-09T14:01:18.546549+00:00,2026-07-09T14:01:18.546460,3,2,115.2,0.2,115.1,250,115.0,12,114.7,7,,,,,,,,,,,,,,,115.3,12,115.6,290,,,,,,,,,,,,,,,,
2026-07-09T14:01:18.853275+00:00,2026-07-09T14:01:18.853507,3,1,115.35,0.5,115.1,250,115.0,12,114.7,7,,,,,,,,,,,,,,,115.6,252,,,,,,,,,,,,,,,,,,
2026-07-09T14:01:19.001719+00:00,2026-07-09T14:01:19.001672,3,1,115.35,0.5,115.1,250,115.0,50,114.7,7,,,,,,,,,,,,,,,115.6,250,,,,,,,,,,,,,,,,,,
2026-07-09T14:01:19.006987+00:00,2026-07-09T14:01:19.006911,3,2,115.35,0.5,115.1,250,115.0,50,114.7,7,,,,,,,,,,,,,,,115.6,250,115.7,40,,,,,,,,,,,,,,,,
2026-07-09T14:01:19.023254+00:00,2026-07-09T14:01:19.023183,3,2,115.35,0.5,115.1,250,115.0,50,114.7,7,,,,,,,,,,,,,,,115.6,253,115.7,40,,,,,,,,,,,,,,,,
2026-07-09T14:01:19.063794+00:00,2026-07-09T14:01:19.063764,3,2,115.35,0.5,115.1,250,115.0,50,114.7,7,,,,,,,,,,,,,,,115.6,253,115.7,40,,,,,,,,,,,,,,,,
2026-07-09T14:01:19.069045+00:00,2026-07-09T14:01:19.068946,3,3,115.3,0.4,115.1,250,115.0,50,114.7,7,,,,,,,,,,,,,,,115.5,12,115.6,253,115.7,40,,,,,,,,,,,,,,
2026-07-09T14:01:19.140271+00:00,2026-07-09T14:01:19.140215,3,3,115.3,0.4,115.1,250,115.0,50,114.7,7,,,,,,,,,,,,,,,115.5,12,115.6,253,115.7,40,,,,,,,,,,,,,,
2026-07-09T14:01:19.239009+00:00,2026-07-09T14:01:19.238887,3,3,115.3,0.4,115.1,250,115.0,50,114.7,7,,,,,,,,,,,,,,,115.5,12,115.6,250,115.7,40,,,,,,,,,,,,,,
2026-07-09T14:01:19.244262+00:00,2026-07-09T14:01:19.244152,3,4,115.25,0.3,115.1,250,115.0,50,114.7,7,,,,,,,,,,,,,,,115.4,3,115.5,12,115.6,250,115.7,40,,,,,,,,,,,,
2026-07-09T14:01:19.329887+00:00,2026-07-09T14:01:19.329790,3,3,115.25,0.3,115.1,250,115.0,38,114.7,7,,,,,,,,,,,,,,,115.4,3,115.6,250,115.7,40,,,,,,,,,,,,,,
2026-07-09T14:01:19.335072+00:00,2026-07-09T14:01:19.335027,3,3,115.25,0.3,115.1,250,115.0,50,114.7,7,,,,,,,,,,,,,,,115.4,15,115.6,250,115.7,40,,,,,,,,,,,,,,
2026-07-09T14:01:19.449050+00:00,2026-07-09T14:01:19.449166,3,3,115.25,0.3,115.1,250,115.0,50,114.7,7,,,,,,,,,,,,,,,115.4,12,115.6,250,115.7,40,,,,,,,,,,,,,,
2026-07-09T14:01:19.464835+00:00,2026-07-09T14:01:19.464757,3,3,115.25,0.3,115.1,288,115.0,12,114.7,7,,,,,,,,,,,,,,,115.4,12,115.6,250,115.7,40,,,,,,,,,,,,,,
2026-07-09T14:01:20.175445+00:00,2026-07-09T14:01:20.175326,3,3,115.25,0.3,115.1,285,115.0,12,114.7,7,,,,,,,,,,,,,,,115.4,12,115.6,250,115.7,40,,,,,,,,,,,,,,
2026-07-09T14:01:20.180686+00:00,2026-07-09T14:01:20.180609,3,3,115.25,0.3,115.1,288,115.0,12,114.7,7,,,,,,,,,,,,,,,115.4,12,115.6,250,115.7,40,,,,,,,,,,,,,,
2026-07-09T14:01:20.574299+00:00,2026-07-09T14:01:20.574234,3,3,115.25,0.3,115.1,141,115.0,12,114.7,7,,,,,,,,,,,,,,,115.4,12,115.6,100,115.7,40,,,,,,,,,,,,,,
2026-07-09T14:01:20.629400+00:00,2026-07-09T14:01:20.629256,3,3,115.25,0.3,115.1,141,115.0,162,114.7,7,,,,,,,,,,,,,,,115.4,12,115.6,100,115.7,40,,,,,,,,,,,,,,
2026-07-09T14:01:20.679660+00:00,2026-07-09T14:01:20.679574,3,4,115.25,0.3,115.1,141,115.0,162,114.7,7,,,,,,,,,,,,,,,115.4,12,115.5,150,115.6,100,115.7,40,,,,,,,,,,,,
2026-07-09T14:01:20.842321+00:00,2026-07-09T14:01:20.842166,3,4,115.25,0.3,115.1,141,115.0,150,114.7,7,,,,,,,,,,,,,,,115.4,12,115.5,150,115.6,100,115.7,40,,,,,,,,,,,,
2026-07-09T14:01:20.847306+00:00,2026-07-09T14:01:20.847422,3,3,115.3,0.4,115.1,141,115.0,150,114.7,7,,,,,,,,,,,,,,,115.5,150,115.6,100,115.7,40,,,,,,,,,,,,,,
2026-07-09T14:01:20.852755+00:00,2026-07-09T14:01:20.852659,4,3,115.3,0.4,115.1,141,115.0,150,114.9,12,114.7,7,,,,,,,,,,,,,115.5,150,115.6,100,115.7,40,,,,,,,,,,,,,,
2026-07-09T14:01:20.858558+00:00,2026-07-09T14:01:20.857897,4,4,115.2,0.2,115.1,141,115.0,150,114.9,12,114.7,7,,,,,,,,,,,,,115.3,12,115.5,150,115.6,100,115.7,40,,,,,,,,,,,,
2026-07-09T14:01:21.195446+00:00,2026-07-09T14:01:21.195396,4,4,115.2,0.2,115.1,138,115.0,150,114.9,12,114.7,7,,,,,,,,,,,,,115.3,12,115.5,150,115.6,100,115.7,40,,,,,,,,,,,,
2026-07-09T14:01:21.200717+00:00,2026-07-09T14:01:21.200616,4,4,115.2,0.2,115.1,141,115.0,150,114.9,12,114.7,7,,,,,,,,,,,,,115.3,12,115.5,150,115.6,100,115.7,40,,,,,,,,,,,,
2026-07-09T14:01:21.602976+00:00,2026-07-09T14:01:21.602874,3,3,115.2,0.2,115.1,41,115.0,150,114.9,12,,,,,,,,,,,,,,,115.3,12,115.5,150,115.7,40,,,,,,,,,,,,,,
2026-07-09T14:01:21.608108+00:00,2026-07-09T14:01:21.608075,3,3,115.2,0.2,115.1,41,115.0,150,114.9,19,,,,,,,,,,,,,,,115.3,12,115.5,150,115.7,40,,,,,,,,,,,,,,
2026-07-09T14:01:21.658600+00:00,2026-07-09T14:01:21.655351,3,3,115.2,0.2,115.1,41,115.0,250,114.9,19,,,,,,,,,,,,,,,115.3,12,115.5,150,115.7,40,,,,,,,,,,,,,,
2026-07-09T14:01:21.712052+00:00,2026-07-09T14:01:21.711909,3,3,115.2,0.2,115.1,41,115.0,250,114.9,19,,,,,,,,,,,,,,,115.3,12,115.5,250,115.7,40,,,,,,,,,,,,,,
2026-07-09T14:01:22.027292+00:00,2026-07-09T14:01:22.027171,4,3,115.25,0.1,115.2,38,115.1,3,115.0,250,114.9,19,,,,,,,,,,,,,115.3,12,115.5,250,115.7,40,,,,,,,,,,,,,,
2026-07-09T14:01:22.032424+00:00,2026-07-09T14:01:22.032361,4,2,115.25,0.1,115.2,38,115.1,3,115.0,250,114.9,19,,,,,,,,,,,,,115.3,12,115.5,250,,,,,,,,,,,,,,,,
2026-07-09T14:01:22.037716+00:00,2026-07-09T14:01:22.037586,4,3,115.25,0.1,115.2,38,115.1,3,115.0,250,114.9,19,,,,,,,,,,,,,115.3,12,115.5,250,115.9,40,,,,,,,,,,,,,,
2026-07-09T14:01:22.114859+00:00,2026-07-09T14:01:22.114814,4,3,115.25,0.1,115.2,38,115.1,3,115.0,250,114.9,7,,,,,,,,,,,,,115.3,12,115.5,250,115.9,40,,,,,,,,,,,,,,
2026-07-09T14:01:22.120154+00:00,2026-07-09T14:01:22.120043,4,2,115.35,0.3,115.2,38,115.1,15,115.0,250,114.9,7,,,,,,,,,,,,,115.5,250,115.9,40,,,,,,,,,,,,,,,,
2026-07-09T14:01:22.125333+00:00,2026-07-09T14:01:22.125234,4,3,115.3,0.2,115.2,38,115.1,15,115.0,250,114.9,7,,,,,,,,,,,,,115.4,12,115.5,250,115.9,40,,,,,,,,,,,,,,
2026-07-09T14:01:22.211891+00:00,2026-07-09T14:01:22.211812,4,3,115.3,0.2,115.2,38,115.1,12,115.0,250,114.9,7,,,,,,,,,,,,,115.4,12,115.5,250,115.9,40,,,,,,,,,,,,,,
2026-07-09T14:01:22.248593+00:00,2026-07-09T14:01:22.248811,4,3,115.3,0.2,115.2,41,115.1,12,115.0,250,114.9,7,,,,,,,,,,,,,115.4,12,115.5,250,115.9,40,,,,,,,,,,,,,,
