recv_time,book_timestamp,n_bids,n_asks,mid,spread,bid_px_0,bid_vol_0,bid_px_1,bid_vol_1,bid_px_2,bid_vol_2,bid_px_3,bid_vol_3,bid_px_4,bid_vol_4,bid_px_5,bid_vol_5,bid_px_6,bid_vol_6,bid_px_7,bid_vol_7,bid_px_8,bid_vol_8,bid_px_9,bid_vol_9,ask_px_0,ask_vol_0,ask_px_1,ask_vol_1,ask_px_2,ask_vol_2,ask_px_3,ask_vol_3,ask_px_4,ask_vol_4,ask_px_5,ask_vol_5,ask_px_6,ask_vol_6,ask_px_7,ask_vol_7,ask_px_8,ask_vol_8,ask_px_9,ask_vol_9
2026-07-02T02:00:00.003418+00:00,2026-07-02T02:00:00.022043,2,2,91.05,0.3,90.9,5,90.7,100,,,,,,,,,,,,,,,,,91.2,28,91.7,150,,,,,,,,,,,,,,,,
2026-07-02T02:00:00.274523+00:00,2026-07-02T02:00:00.243268,2,2,91.1,0.2,91.0,5,90.7,55,,,,,,,,,,,,,,,,,91.2,28,91.7,150,,,,,,,,,,,,,,,,
2026-07-02T02:00:00.875283+00:00,2026-07-02T02:00:00.875156,1,2,90.95,0.5,90.7,55,,,,,,,,,,,,,,,,,,,91.2,28,91.7,150,,,,,,,,,,,,,,,,
2026-07-02T02:00:01.125899+00:00,2026-07-02T02:00:01.125803,2,2,91.05,0.3,90.9,5,90.7,55,,,,,,,,,,,,,,,,,91.2,28,91.7,150,,,,,,,,,,,,,,,,
2026-07-02T02:00:01.497034+00:00,2026-07-02T02:00:01.486374,2,1,91.3,0.8,90.9,5,90.7,55,,,,,,,,,,,,,,,,,91.7,150,,,,,,,,,,,,,,,,,,
2026-07-02T02:00:01.615032+00:00,2026-07-02T02:00:01.614937,2,0,,,90.9,5,90.7,55,,,,,,,,,,,,,,,,,,,,,,,,,,,,,,,,,,,,
2026-07-02T02:00:01.669326+00:00,2026-07-02T02:00:01.669232,3,0,,,90.9,5,90.7,55,90.5,150,,,,,,,,,,,,,,,,,,,,,,,,,,,,,,,,,,
2026-07-02T02:00:01.729190+00:00,2026-07-02T02:00:01.722234,3,1,90.95,0.1,90.9,5,90.7,55,90.5,150,,,,,,,,,,,,,,,91.0,136,,,,,,,,,,,,,,,,,,
2026-07-02T02:00:02.295459+00:00,2026-07-02T02:00:02.295396,3,1,90.95,0.1,90.9,5,90.7,55,90.5,150,,,,,,,,,,,,,,,91.0,86,,,,,,,,,,,,,,,,,,
2026-07-02T02:00:03.103793+00:00,2026-07-02T02:00:03.103711,2,1,90.95,0.1,90.9,5,90.5,150,,,,,,,,,,,,,,,,,91.0,86,,,,,,,,,,,,,,,,,,
2026-07-02T02:00:03.158547+00:00,2026-07-02T02:00:03.156400,3,0,,,91.0,14,90.9,5,90.5,150,,,,,,,,,,,,,,,,,,,,,,,,,,,,,,,,,,
2026-07-02T02:00:03.228480+00:00,2026-07-02T02:00:03.221372,3,1,91.25,0.5,91.0,3,90.9,5,90.5,150,,,,,,,,,,,,,,,91.5,100,,,,,,,,,,,,,,,,,,
2026-07-02T02:00:03.352009+00:00,2026-07-02T02:00:03.351855,1,1,91.0,1.0,90.5,111,,,,,,,,,,,,,,,,,,,91.5,100,,,,,,,,,,,,,,,,,,
2026-07-02T02:00:03.653481+00:00,2026-07-02T02:00:03.653364,2,1,91.2,0.6,90.9,5,90.5,111,,,,,,,,,,,,,,,,,91.5,100,,,,,,,,,,,,,,,,,,
2026-07-02T02:00:03.949568+00:00,2026-07-02T02:00:03.949434,2,1,91.2,0.6,90.9,4,90.5,111,,,,,,,,,,,,,,,,,91.5,100,,,,,,,,,,,,,,,,,,
2026-07-02T02:00:03.983801+00:00,2026-07-02T02:00:03.983747,2,1,91.2,0.6,90.9,4,90.5,111,,,,,,,,,,,,,,,,,91.5,57,,,,,,,,,,,,,,,,,,
2026-07-02T02:00:04.670872+00:00,2026-07-02T02:00:04.670812,2,1,91.2,0.6,90.9,3,90.5,111,,,,,,,,,,,,,,,,,91.5,57,,,,,,,,,,,,,,,,,,
2026-07-02T02:00:04.773646+00:00,2026-07-02T02:00:04.773802,1,1,91.2,0.6,90.9,3,,,,,,,,,,,,,,,,,,,91.5,57,,,,,,,,,,,,,,,,,,
2026-07-02T02:00:04.832210+00:00,2026-07-02T02:00:04.832099,2,1,91.2,0.6,90.9,3,90.7,150,,,,,,,,,,,,,,,,,91.5,57,,,,,,,,,,,,,,,,,,
2026-07-02T02:00:04.883792+00:00,2026-07-02T02:00:04.883729,2,2,91.05,0.3,90.9,3,90.7,150,,,,,,,,,,,,,,,,,91.2,150,91.5,57,,,,,,,,,,,,,,,,
2026-07-02T02:00:05.013542+00:00,2026-07-02T02:00:05.013430,1,2,90.95,0.5,90.7,112,,,,,,,,,,,,,,,,,,,91.2,150,91.5,57,,,,,,,,,,,,,,,,
2026-07-02T02:00:05.698311+00:00,2026-07-02T02:00:05.698187,2,2,91.05,0.3,90.9,3,90.7,112,,,,,,,,,,,,,,,,,91.2,153,91.5,57,,,,,,,,,,,,,,,,
2026-07-02T02:00:06.152746+00:00,2026-07-02T02:00:06.152913,2,2,91.05,0.3,90.9,3,90.7,112,,,,,,,,,,,,,,,,,91.2,111,91.5,57,,,,,,,,,,,,,,,,
2026-07-02T02:00:06.208727+00:00,2026-07-02T02:00:06.208575,1,2,90.95,0.5,90.7,68,,,,,,,,,,,,,,,,,,,91.2,111,91.5,57,,,,,,,,,,,,,,,,
2026-07-02T02:00:06.226567+00:00,2026-07-02T02:00:06.226742,2,2,91.05,0.3,90.9,3,90.7,68,,,,,,,,,,,,,,,,,91.2,111,91.5,57,,,,,,,,,,,,,,,,
2026-07-02T02:00:06.271212+00:00,2026-07-02T02:00:06.271132,2,1,91.05,0.3,90.9,3,90.7,68,,,,,,,,,,,,,,,,,91.2,111,,,,,,,,,,,,,,,,,,
2026-07-02T02:00:06.324239+00:00,2026-07-02T02:00:06.324359,3,1,91.05,0.3,90.9,3,90.7,68,90.6,100,,,,,,,,,,,,,,,91.2,111,,,,,,,,,,,,,,,,,,
2026-07-02T02:00:06.399301+00:00,2026-07-02T02:00:06.366777,3,2,91.0,0.2,90.9,3,90.7,68,90.6,100,,,,,,,,,,,,,,,91.1,100,91.2,111,,,,,,,,,,,,,,,,
2026-07-02T02:00:06.506697+00:00,2026-07-02T02:00:06.506886,3,2,91.0,0.2,90.9,3,90.7,68,90.6,100,,,,,,,,,,,,,,,91.1,50,91.2,111,,,,,,,,,,,,,,,,
2026-07-02T02:00:06.694981+00:00,2026-07-02T02:00:06.694879,3,2,91.0,0.2,90.9,2,90.7,68,90.6,100,,,,,,,,,,,,,,,91.1,50,91.2,111,,,,,,,,,,,,,,,,
2026-07-02T02:00:06.769273+00:00,2026-07-02T02:00:06.769237,3,2,91.0,0.2,90.9,2,90.7,68,90.6,100,,,,,,,,,,,,,,,91.1,8,91.2,111,,,,,,,,,,,,,,,,
2026-07-02T02:00:07.169634+00:00,2026-07-02T02:00:07.169577,3,2,91.0,0.2,90.9,2,90.7,68,90.6,100,,,,,,,,,,,,,,,91.1,8,91.2,110,,,,,,,,,,,,,,,,
2026-07-02T02:00:07.383717+00:00,2026-07-02T02:00:07.383575,2,2,90.9,0.4,90.7,22,90.6,100,,,,,,,,,,,,,,,,,91.1,8,91.2,110,,,,,,,,,,,,,,,,
2026-07-02T02:00:07.693670+00:00,2026-07-02T02:00:07.693609,2,2,90.9,0.4,90.7,22,90.6,100,,,,,,,,,,,,,,,,,91.1,8,91.2,109,,,,,,,,,,,,,,,,
2026-07-02T02:00:07.937815+00:00,2026-07-02T02:00:07.938010,1,2,90.85,0.5,90.6,100,,,,,,,,,,,,,,,,,,,91.1,8,91.2,1,,,,,,,,,,,,,,,,
2026-07-02T02:00:07.996516+00:00,2026-07-02T02:00:07.996477,2,2,90.85,0.5,90.6,100,90.3,150,,,,,,,,,,,,,,,,,91.1,8,91.2,1,,,,,,,,,,,,,,,,
2026-07-02T02:00:08.049213+00:00,2026-07-02T02:00:08.049299,2,3,90.7,0.2,90.6,100,90.3,150,,,,,,,,,,,,,,,,,90.8,150,91.1,8,91.2,1,,,,,,,,,,,,,,
2026-07-02T02:00:08.067988+00:00,2026-07-02T02:00:08.062369,2,3,90.7,0.2,90.6,100,90.3,150,,,,,,,,,,,,,,,,,90.8,139,91.1,8,91.2,1,,,,,,,,,,,,,,
2026-07-02T02:00:08.613790+00:00,2026-07-02T02:00:08.613707,2,3,90.7,0.2,90.6,100,90.3,150,,,,,,,,,,,,,,,,,90.8,89,91.1,8,91.2,1,,,,,,,,,,,,,,
2026-07-02T02:00:08.805981+00:00,2026-07-02T02:00:08.806123,2,3,90.7,0.2,90.6,100,90.3,150,,,,,,,,,,,,,,,,,90.8,42,91.1,8,91.2,1,,,,,,,,,,,,,,
2026-07-02T02:00:09.242542+00:00,2026-07-02T02:00:09.242473,2,3,90.7,0.2,90.6,100,90.3,150,,,,,,,,,,,,,,,,,90.8,39,91.1,8,91.2,1,,,,,,,,,,,,,,
2026-07-02T02:00:09.430116+00:00,2026-07-02T02:00:09.429947,1,2,90.55,0.5,90.3,150,,,,,,,,,,,,,,,,,,,90.8,39,91.2,1,,,,,,,,,,,,,,,,
2026-07-02T02:00:09.495201+00:00,2026-07-02T02:00:09.488661,2,1,91.1,0.2,91.0,50,90.3,150,,,,,,,,,,,,,,,,,91.2,1,,,,,,,,,,,,,,,,,,
2026-07-02T02:00:09.537974+00:00,2026-07-02T02:00:09.537911,2,2,91.1,0.2,91.0,50,90.3,150,,,,,,,,,,,,,,,,,91.2,1,91.5,100,,,,,,,,,,,,,,,,
2026-07-02T02:00:09.743683+00:00,2026-07-02T02:00:09.743647,3,2,91.1,0.2,91.0,50,90.8,3,90.3,150,,,,,,,,,,,,,,,91.2,1,91.5,100,,,,,,,,,,,,,,,,
2026-07-02T02:00:10.218182+00:00,2026-07-02T02:00:10.218047,3,2,91.1,0.2,91.0,50,90.8,2,90.3,150,,,,,,,,,,,,,,,91.2,1,91.5,100,,,,,,,,,,,,,,,,
2026-07-02T02:00:10.358648+00:00,2026-07-02T02:00:10.357976,3,2,91.1,0.2,91.0,8,90.8,2,90.3,150,,,,,,,,,,,,,,,91.2,1,91.5,100,,,,,,,,,,,,,,,,
2026-07-02T02:00:11.013084+00:00,2026-07-02T02:00:11.013242,3,1,91.25,0.5,91.0,8,90.8,2,90.3,150,,,,,,,,,,,,,,,91.5,56,,,,,,,,,,,,,,,,,,
2026-07-02T02:00:11.069781+00:00,2026-07-02T02:00:11.069728,2,1,91.15,0.7,90.8,2,90.3,150,,,,,,,,,,,,,,,,,91.5,56,,,,,,,,,,,,,,,,,,
2026-07-02T02:00:11.100227+00:00,2026-07-02T02:00:11.100162,1,1,91.15,0.7,90.8,2,,,,,,,,,,,,,,,,,,,91.5,56,,,,,,,,,,,,,,,,,,
2026-07-02T02:00:11.152821+00:00,2026-07-02T02:00:11.152725,2,1,91.25,0.5,91.0,150,90.8,2,,,,,,,,,,,,,,,,,91.5,56,,,,,,,,,,,,,,,,,,
2026-07-02T02:00:11.205137+00:00,2026-07-02T02:00:11.205317,2,1,91.25,0.5,91.0,150,90.8,2,,,,,,,,,,,,,,,,,91.5,206,,,,,,,,,,,,,,,,,,
2026-07-02T02:00:11.221109+00:00,2026-07-02T02:00:11.221058,2,1,91.25,0.5,91.0,150,90.8,1,,,,,,,,,,,,,,,,,91.5,206,,,,,,,,,,,,,,,,,,
2026-07-02T02:00:11.936308+00:00,2026-07-02T02:00:11.936163,1,1,91.25,0.5,91.0,150,,,,,,,,,,,,,,,,,,,91.5,206,,,,,,,,,,,,,,,,,,
2026-07-02T02:00:12.592440+00:00,2026-07-02T02:00:12.592379,1,1,91.25,0.5,91.0,150,,,,,,,,,,,,,,,,,,,91.5,150,,,,,,,,,,,,,,,,,,
2026-07-02T02:00:12.645447+00:00,2026-07-02T02:00:12.645596,2,1,91.25,0.5,91.0,150,90.8,100,,,,,,,,,,,,,,,,,91.5,150,,,,,,,,,,,,,,,,,,
2026-07-02T02:00:12.693512+00:00,2026-07-02T02:00:12.693593,2,2,91.15,0.3,91.0,150,90.8,100,,,,,,,,,,,,,,,,,91.3,100,91.5,150,,,,,,,,,,,,,,,,
2026-07-02T02:00:13.814133+00:00,2026-07-02T02:00:13.814089,2,3,91.1,0.2,91.0,150,90.8,100,,,,,,,,,,,,,,,,,91.2,5,91.3,100,91.5,150,,,,,,,,,,,,,,
2026-07-02T02:00:14.096256+00:00,2026-07-02T02:00:14.096177,2,3,91.1,0.2,91.0,103,90.8,100,,,,,,,,,,,,,,,,,91.2,5,91.3,100,91.5,150,,,,,,,,,,,,,,
2026-07-02T02:00:14.269548+00:00,2026-07-02T02:00:14.269328,1,2,91.0,0.4,90.8,100,,,,,,,,,,,,,,,,,,,91.2,5,91.3,100,,,,,,,,,,,,,,,,
2026-07-02T02:00:14.280820+00:00,2026-07-02T02:00:14.280947,1,2,91.0,0.4,90.8,100,,,,,,,,,,,,,,,,,,,91.2,4,91.3,100,,,,,,,,,,,,,,,,
2026-07-02T02:00:14.324971+00:00,2026-07-02T02:00:14.324859,1,2,91.0,0.4,90.8,250,,,,,,,,,,,,,,,,,,,91.2,4,91.3,100,,,,,,,,,,,,,,,,
2026-07-02T02:00:14.374324+00:00,2026-07-02T02:00:14.374231,1,2,91.0,0.4,90.8,250,,,,,,,,,,,,,,,,,,,91.2,4,91.3,250,,,,,,,,,,,,,,,,
2026-07-02T02:00:14.811727+00:00,2026-07-02T02:00:14.811660,1,2,91.0,0.4,90.8,250,,,,,,,,,,,,,,,,,,,91.2,3,91.3,250,,,,,,,,,,,,,,,,
2026-07-02T02:00:14.935073+00:00,2026-07-02T02:00:14.934864,1,1,91.05,0.5,90.8,250,,,,,,,,,,,,,,,,,,,91.3,250,,,,,,,,,,,,,,,,,,
2026-07-02T02:00:15.750191+00:00,2026-07-02T02:00:15.750100,1,1,91.05,0.5,90.8,150,,,,,,,,,,,,,,,,,,,91.3,150,,,,,,,,,,,,,,,,,,
2026-07-02T02:00:15.805227+00:00,2026-07-02T02:00:15.805154,1,1,91.05,0.5,90.8,250,,,,,,,,,,,,,,,,,,,91.3,150,,,,,,,,,,,,,,,,,,
2026-07-02T02:00:15.844552+00:00,2026-07-02T02:00:15.844438,2,2,91.05,0.3,90.9,3,90.8,250,,,,,,,,,,,,,,,,,91.2,2,91.3,150,,,,,,,,,,,,,,,,
2026-07-02T02:00:15.856833+00:00,2026-07-02T02:00:15.856936,2,2,91.05,0.3,90.9,3,90.8,250,,,,,,,,,,,,,,,,,91.2,2,91.3,250,,,,,,,,,,,,,,,,
2026-07-02T02:00:17.042787+00:00,2026-07-02T02:00:17.042715,2,1,91.1,0.4,90.9,3,90.8,250,,,,,,,,,,,,,,,,,91.3,202,,,,,,,,,,,,,,,,,,
2026-07-02T02:00:17.080679+00:00,2026-07-02T02:00:17.080549,2,2,91.05,0.3,90.9,3,90.8,250,,,,,,,,,,,,,,,,,91.2,2,91.3,202,,,,,,,,,,,,,,,,
2026-07-02T02:00:17.432276+00:00,2026-07-02T02:00:17.432157,2,2,91.05,0.3,90.9,3,90.8,100,,,,,,,,,,,,,,,,,91.2,2,91.3,100,,,,,,,,,,,,,,,,
2026-07-02T02:00:17.484065+00:00,2026-07-02T02:00:17.484136,3,2,91.1,0.2,91.0,150,90.9,3,90.8,100,,,,,,,,,,,,,,,91.2,2,91.3,100,,,,,,,,,,,,,,,,
2026-07-02T02:00:17.547999+00:00,2026-07-02T02:00:17.547926,3,3,91.1,0.2,91.0,150,90.9,3,90.8,100,,,,,,,,,,,,,,,91.2,2,91.3,100,91.5,150,,,,,,,,,,,,,,
2026-07-02T02:00:18.910739+00:00,2026-07-02T02:00:18.910643,2,2,91.1,0.2,91.0,150,90.9,3,,,,,,,,,,,,,,,,,91.2,2,91.5,150,,,,,,,,,,,,,,,,
2026-07-02T02:00:18.965064+00:00,2026-07-02T02:00:18.964961,2,2,91.1,0.2,91.0,250,90.9,3,,,,,,,,,,,,,,,,,91.2,2,91.5,150,,,,,,,,,,,,,,,,
2026-07-02T02:00:19.016982+00:00,2026-07-02T02:00:19.017143,2,2,91.1,0.2,91.0,250,90.9,3,,,,,,,,,,,,,,,,,91.2,2,91.5,250,,,,,,,,,,,,,,,,
2026-07-02T02:00:19.152013+00:00,2026-07-02T02:00:19.151976,2,1,91.25,0.5,91.0,250,90.9,3,,,,,,,,,,,,,,,,,91.5,202,,,,,,,,,,,,,,,,,,
2026-07-02T02:00:19.358816+00:00,2026-07-02T02:00:19.358621,2,2,91.1,0.2,91.0,250,90.9,3,,,,,,,,,,,,,,,,,91.2,3,91.5,202,,,,,,,,,,,,,,,,
2026-07-02T02:00:20.404223+00:00,2026-07-02T02:00:20.404131,2,2,91.1,0.2,91.0,250,90.9,3,,,,,,,,,,,,,,,,,91.2,2,91.5,202,,,,,,,,,,,,,,,,
2026-07-02T02:00:20.621714+00:00,2026-07-02T02:00:20.621599,2,2,91.1,0.2,91.0,100,90.9,3,,,,,,,,,,,,,,,,,91.2,2,91.5,100,,,,,,,,,,,,,,,,
2026-07-02T02:00:20.679477+00:00,2026-07-02T02:00:20.673135,3,1,91.3,0.4,91.1,147,91.0,100,90.9,3,,,,,,,,,,,,,,,91.5,100,,,,,,,,,,,,,,,,,,
2026-07-02T02:00:20.721219+00:00,2026-07-02T02:00:20.721078,3,2,91.3,0.4,91.1,147,91.0,100,90.9,3,,,,,,,,,,,,,,,91.5,100,91.6,150,,,,,,,,,,,,,,,,
2026-07-02T02:00:21.260159+00:00,2026-07-02T02:00:21.260067,3,2,91.3,0.4,91.1,147,91.0,100,90.9,3,,,,,,,,,,,,,,,91.5,50,91.6,150,,,,,,,,,,,,,,,,
2026-07-02T02:00:21.658672+00:00,2026-07-02T02:00:21.651098,3,2,91.3,0.4,91.1,147,91.0,100,90.9,3,,,,,,,,,,,,,,,91.5,8,91.6,150,,,,,,,,,,,,,,,,
2026-07-02T02:00:21.710202+00:00,2026-07-02T02:00:21.710087,3,2,91.3,0.4,91.1,105,91.0,100,90.9,3,,,,,,,,,,,,,,,91.5,8,91.6,150,,,,,,,,,,,,,,,,
2026-07-02T02:00:22.068397+00:00,2026-07-02T02:00:22.068328,2,1,91.35,0.5,91.1,105,90.9,3,,,,,,,,,,,,,,,,,91.6,150,,,,,,,,,,,,,,,,,,
2026-07-02T02:00:22.121990+00:00,2026-07-02T02:00:22.121935,3,1,91.4,0.4,91.2,100,91.1,105,90.9,3,,,,,,,,,,,,,,,91.6,150,,,,,,,,,,,,,,,,,,
2026-07-02T02:00:22.177256+00:00,2026-07-02T02:00:22.177146,3,2,91.4,0.4,91.2,100,91.1,105,90.9,3,,,,,,,,,,,,,,,91.6,150,91.7,100,,,,,,,,,,,,,,,,
2026-07-02T02:00:23.369341+00:00,2026-07-02T02:00:23.369295,3,2,91.4,0.4,91.2,100,91.1,105,90.9,3,,,,,,,,,,,,,,,91.6,100,91.7,100,,,,,,,,,,,,,,,,
2026-07-02T02:00:23.779437+00:00,2026-07-02T02:00:23.779321,2,1,91.45,0.5,91.2,100,90.9,3,,,,,,,,,,,,,,,,,91.7,100,,,,,,,,,,,,,,,,,,
2026-07-02T02:00:23.832117+00:00,2026-07-02T02:00:23.832024,3,1,91.55,0.3,91.4,150,91.2,100,90.9,3,,,,,,,,,,,,,,,91.7,100,,,,,,,,,,,,,,,,,,
2026-07-02T02:00:23.883078+00:00,2026-07-02T02:00:23.882997,3,2,91.55,0.3,91.4,150,91.2,100,90.9,3,,,,,,,,,,,,,,,91.7,100,91.9,150,,,,,,,,,,,,,,,,
2026-07-02T02:00:24.814150+00:00,2026-07-02T02:00:24.814092,3,2,91.55,0.3,91.4,150,91.2,100,90.9,3,,,,,,,,,,,,,,,91.7,60,91.9,150,,,,,,,,,,,,,,,,
2026-07-02T02:00:24.869473+00:00,2026-07-02T02:00:24.869306,3,2,91.55,0.3,91.4,107,91.2,100,90.9,3,,,,,,,,,,,,,,,91.7,60,91.9,150,,,,,,,,,,,,,,,,
2026-07-02T02:00:24.879837+00:00,2026-07-02T02:00:24.879730,2,2,91.55,0.3,91.4,107,91.2,100,,,,,,,,,,,,,,,,,91.7,60,91.9,150,,,,,,,,,,,,,,,,
2026-07-02T02:00:25.230981+00:00,2026-07-02T02:00:25.230924,1,1,91.65,0.5,91.4,107,,,,,,,,,,,,,,,,,,,91.9,150,,,,,,,,,,,,,,,,,,
2026-07-02T02:00:25.283986+00:00,2026-07-02T02:00:25.283904,1,1,91.65,0.5,91.4,207,,,,,,,,,,,,,,,,,,,91.9,150,,,,,,,,,,,,,,,,,,
2026-07-02T02:00:25.337090+00:00,2026-07-02T02:00:25.337003,1,1,91.65,0.5,91.4,207,,,,,,,,,,,,,,,,,,,91.9,250,,,,,,,,,,,,,,,,,,
2026-07-02T02:00:25.469897+00:00,2026-07-02T02:00:25.470085,1,1,91.65,0.5,91.4,207,,,,,,,,,,,,,,,,,,,91.9,200,,,,,,,,,,,,,,,,,,
2026-07-02T02:00:25.938175+00:00,2026-07-02T02:00:25.938411,1,1,91.65,0.5,91.4,164,,,,,,,,,,,,,,,,,,,91.9,200,,,,,,,,,,,,,,,,,,
2026-07-02T02:00:26.617359+00:00,2026-07-02T02:00:26.617188,2,1,91.65,0.5,91.4,164,91.1,4,,,,,,,,,,,,,,,,,91.9,200,,,,,,,,,,,,,,,,,,
2026-07-02T02:00:26.823827+00:00,2026-07-02T02:00:26.823729,2,1,91.65,0.5,91.4,164,91.1,3,,,,,,,,,,,,,,,,,91.9,200,,,,,,,,,,,,,,,,,,
2026-07-02T02:00:26.938674+00:00,2026-07-02T02:00:26.938551,2,1,91.65,0.5,91.4,100,91.1,3,,,,,,,,,,,,,,,,,91.9,100,,,,,,,,,,,,,,,,,,
2026-07-02T02:00:26.992477+00:00,2026-07-02T02:00:26.992353,2,1,91.65,0.5,91.4,250,91.1,3,,,,,,,,,,,,,,,,,91.9,100,,,,,,,,,,,,,,,,,,
2026-07-02T02:00:27.042819+00:00,2026-07-02T02:00:27.042716,2,1,91.65,0.5,91.4,250,91.1,3,,,,,,,,,,,,,,,,,91.9,250,,,,,,,,,,,,,,,,,,
2026-07-02T02:00:27.058684+00:00,2026-07-02T02:00:27.054221,2,1,91.65,0.5,91.4,250,91.1,3,,,,,,,,,,,,,,,,,91.9,207,,,,,,,,,,,,,,,,,,
2026-07-02T02:00:27.580140+00:00,2026-07-02T02:00:27.580022,2,1,91.65,0.5,91.4,250,91.1,3,,,,,,,,,,,,,,,,,91.9,157,,,,,,,,,,,,,,,,,,
2026-07-02T02:00:27.619640+00:00,2026-07-02T02:00:27.619552,2,1,91.65,0.5,91.4,250,91.1,2,,,,,,,,,,,,,,,,,91.9,157,,,,,,,,,,,,,,,,,,
2026-07-02T02:00:27.639227+00:00,2026-07-02T02:00:27.639052,2,1,91.65,0.5,91.4,203,91.1,2,,,,,,,,,,,,,,,,,91.9,157,,,,,,,,,,,,,,,,,,
2026-07-02T02:00:28.393879+00:00,2026-07-02T02:00:28.393844,2,1,91.65,0.5,91.4,150,91.1,2,,,,,,,,,,,,,,,,,91.9,150,,,,,,,,,,,,,,,,,,
2026-07-02T02:00:28.458632+00:00,2026-07-02T02:00:28.456117,2,1,91.65,0.5,91.4,250,91.1,2,,,,,,,,,,,,,,,,,91.9,150,,,,,,,,,,,,,,,,,,
2026-07-02T02:00:28.516849+00:00,2026-07-02T02:00:28.516632,2,1,91.65,0.5,91.4,250,91.1,2,,,,,,,,,,,,,,,,,91.9,250,,,,,,,,,,,,,,,,,,
2026-07-02T02:00:29.413386+00:00,2026-07-02T02:00:29.407679,2,1,91.65,0.5,91.4,247,91.1,2,,,,,,,,,,,,,,,,,91.9,250,,,,,,,,,,,,,,,,,,
2026-07-02T02:00:29.688134+00:00,2026-07-02T02:00:29.687960,2,1,91.65,0.5,91.4,247,91.1,2,,,,,,,,,,,,,,,,,91.9,200,,,,,,,,,,,,,,,,,,
2026-07-02T02:00:30.097655+00:00,2026-07-02T02:00:30.097562,2,1,91.65,0.5,91.4,100,91.1,2,,,,,,,,,,,,,,,,,91.9,100,,,,,,,,,,,,,,,,,,
2026-07-02T02:00:30.154938+00:00,2026-07-02T02:00:30.154891,3,1,91.65,0.5,91.4,100,91.2,150,91.1,2,,,,,,,,,,,,,,,91.9,100,,,,,,,,,,,,,,,,,,
2026-07-02T02:00:30.204506+00:00,2026-07-02T02:00:30.204434,3,2,91.55,0.3,91.4,100,91.2,150,91.1,2,,,,,,,,,,,,,,,91.7,150,91.9,100,,,,,,,,,,,,,,,,
2026-07-02T02:00:31.383337+00:00,2026-07-02T02:00:31.383285,3,2,91.55,0.3,91.4,100,91.2,150,91.1,2,,,,,,,,,,,,,,,91.7,108,91.9,100,,,,,,,,,,,,,,,,
2026-07-02T02:00:31.570973+00:00,2026-07-02T02:00:31.570884,2,1,91.45,0.5,91.2,150,91.1,2,,,,,,,,,,,,,,,,,91.7,108,,,,,,,,,,,,,,,,,,
2026-07-02T02:00:31.625750+00:00,2026-07-02T02:00:31.625552,3,1,91.55,0.3,91.4,100,91.2,150,91.1,2,,,,,,,,,,,,,,,91.7,108,,,,,,,,,,,,,,,,,,
2026-07-02T02:00:31.673956+00:00,2026-07-02T02:00:31.674098,3,2,91.55,0.3,91.4,100,91.2,150,91.1,2,,,,,,,,,,,,,,,91.7,108,91.9,100,,,,,,,,,,,,,,,,
2026-07-02T02:00:31.848942+00:00,2026-07-02T02:00:31.848885,3,2,91.55,0.3,91.4,50,91.2,150,91.1,2,,,,,,,,,,,,,,,91.7,108,91.9,100,,,,,,,,,,,,,,,,
2026-07-02T02:00:32.029376+00:00,2026-07-02T02:00:32.023160,2,2,91.45,0.5,91.2,150,91.1,2,,,,,,,,,,,,,,,,,91.7,108,91.9,100,,,,,,,,,,,,,,,,
2026-07-02T02:00:32.394983+00:00,2026-07-02T02:00:32.394923,1,2,91.45,0.5,91.2,150,,,,,,,,,,,,,,,,,,,91.7,108,91.9,100,,,,,,,,,,,,,,,,
2026-07-02T02:00:33.259538+00:00,2026-07-02T02:00:33.259510,0,1,,,,,,,,,,,,,,,,,,,,,,,91.9,100,,,,,,,,,,,,,,,,,,
2026-07-02T02:00:33.321982+00:00,2026-07-02T02:00:33.321923,1,1,91.7,0.4,91.5,150,,,,,,,,,,,,,,,,,,,91.9,100,,,,,,,,,,,,,,,,,,
2026-07-02T02:00:33.379210+00:00,2026-07-02T02:00:33.379050,1,2,91.7,0.4,91.5,150,,,,,,,,,,,,,,,,,,,91.9,100,92.0,150,,,,,,,,,,,,,,,,
2026-07-02T02:00:33.972649+00:00,2026-07-02T02:00:33.972560,1,2,91.7,0.4,91.5,150,,,,,,,,,,,,,,,,,,,91.9,59,92.0,150,,,,,,,,,,,,,,,,
2026-07-02T02:00:34.732341+00:00,2026-07-02T02:00:34.732236,1,1,91.75,0.5,91.5,150,,,,,,,,,,,,,,,,,,,92.0,150,,,,,,,,,,,,,,,,,,
2026-07-02T02:00:34.780157+00:00,2026-07-02T02:00:34.780104,2,1,91.75,0.5,91.5,150,91.3,100,,,,,,,,,,,,,,,,,92.0,150,,,,,,,,,,,,,,,,,,
2026-07-02T02:00:34.837303+00:00,2026-07-02T02:00:34.837262,2,2,91.65,0.3,91.5,150,91.3,100,,,,,,,,,,,,,,,,,91.8,100,92.0,150,,,,,,,,,,,,,,,,
2026-07-02T02:00:36.021075+00:00,2026-07-02T02:00:36.020996,2,2,91.65,0.3,91.5,150,91.3,100,,,,,,,,,,,,,,,,,91.8,50,92.0,150,,,,,,,,,,,,,,,,
2026-07-02T02:00:36.346709+00:00,2026-07-02T02:00:36.344430,1,2,91.55,0.5,91.3,100,,,,,,,,,,,,,,,,,,,91.8,50,92.0,150,,,,,,,,,,,,,,,,
2026-07-02T02:00:36.425119+00:00,2026-07-02T02:00:36.424974,1,1,91.55,0.5,91.3,100,,,,,,,,,,,,,,,,,,,91.8,50,,,,,,,,,,,,,,,,,,
2026-07-02T02:00:36.474791+00:00,2026-07-02T02:00:36.474704,2,1,91.55,0.5,91.3,100,90.8,150,,,,,,,,,,,,,,,,,91.8,50,,,,,,,,,,,,,,,,,,
2026-07-02T02:00:36.534978+00:00,2026-07-02T02:00:36.530377,1,2,91.05,0.5,90.8,150,,,,,,,,,,,,,,,,,,,91.3,50,91.8,50,,,,,,,,,,,,,,,,
2026-07-02T02:00:37.887863+00:00,2026-07-02T02:00:37.887938,1,1,91.05,0.5,90.8,150,,,,,,,,,,,,,,,,,,,91.3,50,,,,,,,,,,,,,,,,,,
2026-07-02T02:00:37.905874+00:00,2026-07-02T02:00:37.906030,2,1,91.15,0.3,91.0,50,90.8,150,,,,,,,,,,,,,,,,,91.3,87,,,,,,,,,,,,,,,,,,
2026-07-02T02:00:37.941864+00:00,2026-07-02T02:00:37.941793,2,1,91.15,0.3,91.0,150,90.8,150,,,,,,,,,,,,,,,,,91.3,87,,,,,,,,,,,,,,,,,,
2026-07-02T02:00:37.979237+00:00,2026-07-02T02:00:37.979118,2,1,91.15,0.3,91.0,138,90.8,150,,,,,,,,,,,,,,,,,91.3,55,,,,,,,,,,,,,,,,,,
2026-07-02T02:00:37.989665+00:00,2026-07-02T02:00:37.989586,2,2,91.15,0.3,91.0,138,90.8,150,,,,,,,,,,,,,,,,,91.3,55,91.5,100,,,,,,,,,,,,,,,,
2026-07-02T02:00:38.141550+00:00,2026-07-02T02:00:38.135644,2,2,91.15,0.3,91.0,138,90.8,150,,,,,,,,,,,,,,,,,91.3,52,91.5,100,,,,,,,,,,,,,,,,
2026-07-02T02:00:38.888626+00:00,2026-07-02T02:00:38.888591,2,2,91.15,0.3,91.0,104,90.8,150,,,,,,,,,,,,,,,,,91.3,52,91.5,100,,,,,,,,,,,,,,,,
2026-07-02T02:00:38.936662+00:00,2026-07-02T02:00:38.936856,2,2,91.15,0.3,91.0,104,90.8,150,,,,,,,,,,,,,,,,,91.3,48,91.5,100,,,,,,,,,,,,,,,,
2026-07-02T02:00:39.518849+00:00,2026-07-02T02:00:39.518793,2,2,91.15,0.3,91.0,57,90.8,150,,,,,,,,,,,,,,,,,91.3,48,91.5,100,,,,,,,,,,,,,,,,
2026-07-02T02:00:39.581447+00:00,2026-07-02T02:00:39.581409,2,2,91.15,0.3,91.0,57,90.8,150,,,,,,,,,,,,,,,,,91.3,1,91.5,100,,,,,,,,,,,,,,,,
2026-07-02T02:00:39.586741+00:00,2026-07-02T02:00:39.586584,1,2,91.15,0.3,91.0,57,,,,,,,,,,,,,,,,,,,91.3,1,91.5,100,,,,,,,,,,,,,,,,
2026-07-02T02:00:39.639533+00:00,2026-07-02T02:00:39.639441,2,1,91.4,0.2,91.3,149,91.0,57,,,,,,,,,,,,,,,,,91.5,100,,,,,,,,,,,,,,,,,,
2026-07-02T02:00:39.694075+00:00,2026-07-02T02:00:39.693896,2,2,91.4,0.2,91.3,149,91.0,57,,,,,,,,,,,,,,,,,91.5,100,91.8,150,,,,,,,,,,,,,,,,
2026-07-02T02:00:40.107171+00:00,2026-07-02T02:00:40.107104,2,2,91.4,0.2,91.3,149,91.0,57,,,,,,,,,,,,,,,,,91.5,56,91.8,150,,,,,,,,,,,,,,,,
2026-07-02T02:00:40.180388+00:00,2026-07-02T02:00:40.180232,2,2,91.4,0.2,91.3,99,91.0,57,,,,,,,,,,,,,,,,,91.5,56,91.8,150,,,,,,,,,,,,,,,,
2026-07-02T02:00:40.642742+00:00,2026-07-02T02:00:40.642604,2,2,91.4,0.2,91.3,50,91.0,57,,,,,,,,,,,,,,,,,91.5,56,91.8,150,,,,,,,,,,,,,,,,
2026-07-02T02:00:41.042450+00:00,2026-07-02T02:00:41.042396,2,1,91.55,0.5,91.3,50,91.0,57,,,,,,,,,,,,,,,,,91.8,150,,,,,,,,,,,,,,,,,,
2026-07-02T02:00:41.058599+00:00,2026-07-02T02:00:41.047580,1,1,91.55,0.5,91.3,50,,,,,,,,,,,,,,,,,,,91.8,150,,,,,,,,,,,,,,,,,,
2026-07-02T02:00:41.100330+00:00,2026-07-02T02:00:41.100207,2,1,91.55,0.5,91.3,50,91.1,100,,,,,,,,,,,,,,,,,91.8,150,,,,,,,,,,,,,,,,,,
2026-07-02T02:00:41.172948+00:00,2026-07-02T02:00:41.172606,2,2,91.45,0.3,91.3,50,91.1,100,,,,,,,,,,,,,,,,,91.6,100,91.8,150,,,,,,,,,,,,,,,,
2026-07-02T02:00:41.709912+00:00,2026-07-02T02:00:41.709774,2,2,91.45,0.3,91.3,6,91.1,100,,,,,,,,,,,,,,,,,91.6,100,91.8,150,,,,,,,,,,,,,,,,
2026-07-02T02:00:42.743254+00:00,2026-07-02T02:00:42.743373,1,1,91.35,0.5,91.1,100,,,,,,,,,,,,,,,,,,,91.6,100,,,,,,,,,,,,,,,,,,
2026-07-02T02:00:42.797460+00:00,2026-07-02T02:00:42.797375,2,1,91.35,0.5,91.1,100,90.8,150,,,,,,,,,,,,,,,,,91.6,100,,,,,,,,,,,,,,,,,,
2026-07-02T02:00:42.858763+00:00,2026-07-02T02:00:42.858718,2,2,91.2,0.2,91.1,100,90.8,150,,,,,,,,,,,,,,,,,91.3,150,91.6,100,,,,,,,,,,,,,,,,
2026-07-02T02:00:43.343813+00:00,2026-07-02T02:00:43.343778,2,2,91.2,0.2,91.1,100,90.8,150,,,,,,,,,,,,,,,,,91.3,105,91.6,100,,,,,,,,,,,,,,,,
2026-07-02T02:00:44.225722+00:00,2026-07-02T02:00:44.225898,2,1,91.2,0.2,91.1,100,90.8,150,,,,,,,,,,,,,,,,,91.3,105,,,,,,,,,,,,,,,,,,
2026-07-02T02:00:44.231210+00:00,2026-07-02T02:00:44.231087,1,1,91.05,0.5,90.8,150,,,,,,,,,,,,,,,,,,,91.3,105,,,,,,,,,,,,,,,,,,
2026-07-02T02:00:44.284745+00:00,2026-07-02T02:00:44.284642,2,1,91.25,0.1,91.2,100,90.8,150,,,,,,,,,,,,,,,,,91.3,105,,,,,,,,,,,,,,,,,,
2026-07-02T02:00:44.332534+00:00,2026-07-02T02:00:44.332395,2,2,91.25,0.1,91.2,100,90.8,150,,,,,,,,,,,,,,,,,91.3,59,91.7,100,,,,,,,,,,,,,,,,
2026-07-02T02:00:44.390448+00:00,2026-07-02T02:00:44.390383,2,2,91.25,0.1,91.2,50,90.8,150,,,,,,,,,,,,,,,,,91.3,59,91.7,100,,,,,,,,,,,,,,,,
2026-07-02T02:00:45.910522+00:00,2026-07-02T02:00:45.910424,1,1,91.45,0.5,91.2,50,,,,,,,,,,,,,,,,,,,91.7,100,,,,,,,,,,,,,,,,,,
2026-07-02T02:00:45.964756+00:00,2026-07-02T02:00:45.964679,2,1,91.45,0.5,91.2,50,91.1,150,,,,,,,,,,,,,,,,,91.7,100,,,,,,,,,,,,,,,,,,
2026-07-02T02:00:45.996282+00:00,2026-07-02T02:00:45.996093,2,2,91.25,0.1,91.2,50,91.1,150,,,,,,,,,,,,,,,,,91.3,6,91.7,100,,,,,,,,,,,,,,,,
2026-07-02T02:00:46.027909+00:00,2026-07-02T02:00:46.027748,2,3,91.25,0.1,91.2,50,91.1,150,,,,,,,,,,,,,,,,,91.3,6,91.6,150,91.7,100,,,,,,,,,,,,,,
2026-07-02T02:00:46.124988+00:00,2026-07-02T02:00:46.124799,2,3,91.25,0.1,91.2,50,91.1,150,,,,,,,,,,,,,,,,,91.3,4,91.6,150,91.7,100,,,,,,,,,,,,,,
2026-07-02T02:00:46.495604+00:00,2026-07-02T02:00:46.495557,1,3,91.2,0.2,91.1,150,,,,,,,,,,,,,,,,,,,91.3,4,91.6,150,91.7,100,,,,,,,,,,,,,,
2026-07-02T02:00:47.041277+00:00,2026-07-02T02:00:47.041180,1,3,91.2,0.2,91.1,150,,,,,,,,,,,,,,,,,,,91.3,3,91.6,150,91.7,100,,,,,,,,,,,,,,
2026-07-02T02:00:47.391622+00:00,2026-07-02T02:00:47.391778,1,2,91.2,0.2,91.1,150,,,,,,,,,,,,,,,,,,,91.3,3,91.6,150,,,,,,,,,,,,,,,,
2026-07-02T02:00:47.444683+00:00,2026-07-02T02:00:47.444627,2,2,91.2,0.2,91.1,150,90.8,100,,,,,,,,,,,,,,,,,91.3,3,91.6,150,,,,,,,,,,,,,,,,
2026-07-02T02:00:47.497775+00:00,2026-07-02T02:00:47.497736,2,2,91.2,0.2,91.1,150,90.8,100,,,,,,,,,,,,,,,,,91.3,103,91.6,150,,,,,,,,,,,,,,,,
2026-07-02T02:00:48.609472+00:00,2026-07-02T02:00:48.609331,2,2,91.2,0.2,91.1,100,90.8,100,,,,,,,,,,,,,,,,,91.3,103,91.6,150,,,,,,,,,,,,,,,,
2026-07-02T02:00:49.085228+00:00,2026-07-02T02:00:49.085357,1,1,91.05,0.5,90.8,100,,,,,,,,,,,,,,,,,,,91.3,103,,,,,,,,,,,,,,,,,,
2026-07-02T02:00:49.140558+00:00,2026-07-02T02:00:49.140439,2,1,91.1,0.4,90.9,150,90.8,100,,,,,,,,,,,,,,,,,91.3,101,,,,,,,,,,,,,,,,,,
2026-07-02T02:00:49.193177+00:00,2026-07-02T02:00:49.193060,2,2,91.1,0.4,90.9,150,90.8,100,,,,,,,,,,,,,,,,,91.3,101,91.4,150,,,,,,,,,,,,,,,,
2026-07-02T02:00:50.395223+00:00,2026-07-02T02:00:50.395128,2,2,91.1,0.4,90.9,150,90.8,100,,,,,,,,,,,,,,,,,91.3,100,91.4,150,,,,,,,,,,,,,,,,
2026-07-02T02:00:50.428837+00:00,2026-07-02T02:00:50.421670,2,1,91.15,0.5,90.9,150,90.8,100,,,,,,,,,,,,,,,,,91.4,150,,,,,,,,,,,,,,,,,,
2026-07-02T02:00:50.459468+00:00,2026-07-02T02:00:50.459338,2,1,91.15,0.5,90.9,150,90.8,100,,,,,,,,,,,,,,,,,91.4,50,,,,,,,,,,,,,,,,,,
2026-07-02T02:00:50.553245+00:00,2026-07-02T02:00:50.553126,1,1,91.15,0.5,90.9,150,,,,,,,,,,,,,,,,,,,91.4,50,,,,,,,,,,,,,,,,,,
2026-07-02T02:00:50.605679+00:00,2026-07-02T02:00:50.605628,2,0,,,91.5,50,90.9,150,,,,,,,,,,,,,,,,,,,,,,,,,,,,,,,,,,,,
2026-07-02T02:00:50.658601+00:00,2026-07-02T02:00:50.656265,2,1,91.75,0.5,91.5,50,90.9,150,,,,,,,,,,,,,,,,,92.0,100,,,,,,,,,,,,,,,,,,
2026-07-02T02:00:50.716228+00:00,2026-07-02T02:00:50.716177,1,1,91.45,1.1,90.9,150,,,,,,,,,,,,,,,,,,,92.0,100,,,,,,,,,,,,,,,,,,
2026-07-02T02:00:52.085232+00:00,2026-07-02T02:00:52.085125,2,1,91.5,1.0,91.0,5,90.9,150,,,,,,,,,,,,,,,,,92.0,100,,,,,,,,,,,,,,,,,,
2026-07-02T02:00:52.246800+00:00,2026-07-02T02:00:52.246733,1,1,91.5,1.0,91.0,5,,,,,,,,,,,,,,,,,,,92.0,100,,,,,,,,,,,,,,,,,,
2026-07-02T02:00:52.300220+00:00,2026-07-02T02:00:52.300175,2,1,91.75,0.5,91.5,150,91.0,5,,,,,,,,,,,,,,,,,92.0,100,,,,,,,,,,,,,,,,,,
2026-07-02T02:00:52.353153+00:00,2026-07-02T02:00:52.353114,2,1,91.75,0.5,91.5,150,91.0,5,,,,,,,,,,,,,,,,,92.0,250,,,,,,,,,,,,,,,,,,
2026-07-02T02:00:52.825235+00:00,2026-07-02T02:00:52.825162,2,1,91.75,0.5,91.5,100,91.0,5,,,,,,,,,,,,,,,,,92.0,250,,,,,,,,,,,,,,,,,,
2026-07-02T02:00:53.334561+00:00,2026-07-02T02:00:53.328699,2,1,91.75,0.5,91.5,97,91.0,5,,,,,,,,,,,,,,,,,92.0,250,,,,,,,,,,,,,,,,,,
2026-07-02T02:00:53.715680+00:00,2026-07-02T02:00:53.715572,2,1,91.75,0.5,91.5,97,91.0,5,,,,,,,,,,,,,,,,,92.0,150,,,,,,,,,,,,,,,,,,
2026-07-02T02:00:53.772753+00:00,2026-07-02T02:00:53.772711,3,1,91.75,0.5,91.5,97,91.0,5,90.8,100,,,,,,,,,,,,,,,92.0,150,,,,,,,,,,,,,,,,,,
2026-07-02T02:00:53.836533+00:00,2026-07-02T02:00:53.829853,2,1,91.5,1.0,91.0,5,90.8,100,,,,,,,,,,,,,,,,,92.0,150,,,,,,,,,,,,,,,,,,
2026-07-02T02:00:54.264468+00:00,2026-07-02T02:00:54.264331,1,1,91.4,1.2,90.8,59,,,,,,,,,,,,,,,,,,,92.0,150,,,,,,,,,,,,,,,,,,
2026-07-02T02:00:54.289238+00:00,2026-07-02T02:00:54.289195,2,1,91.55,0.9,91.1,5,90.8,59,,,,,,,,,,,,,,,,,92.0,150,,,,,,,,,,,,,,,,,,
2026-07-02T02:00:54.930387+00:00,2026-07-02T02:00:54.930330,1,1,91.4,1.2,90.8,14,,,,,,,,,,,,,,,,,,,92.0,150,,,,,,,,,,,,,,,,,,
2026-07-02T02:00:55.385567+00:00,2026-07-02T02:00:55.385345,2,1,91.55,0.9,91.1,5,90.8,14,,,,,,,,,,,,,,,,,92.0,150,,,,,,,,,,,,,,,,,,
2026-07-02T02:00:55.406202+00:00,2026-07-02T02:00:55.406295,2,0,,,91.1,5,90.8,14,,,,,,,,,,,,,,,,,,,,,,,,,,,,,,,,,,,,
2026-07-02T02:00:55.458577+00:00,2026-07-02T02:00:55.455550,3,0,,,91.1,5,91.0,150,90.8,14,,,,,,,,,,,,,,,,,,,,,,,,,,,,,,,,,,
2026-07-02T02:00:55.520360+00:00,2026-07-02T02:00:55.520213,3,1,91.3,0.4,91.1,5,91.0,150,90.8,14,,,,,,,,,,,,,,,91.5,150,,,,,,,,,,,,,,,,,,
2026-07-02T02:00:56.881530+00:00,2026-07-02T02:00:56.881450,2,1,91.3,0.4,91.1,5,91.0,150,,,,,,,,,,,,,,,,,91.5,150,,,,,,,,,,,,,,,,,,
2026-07-02T02:00:56.892013+00:00,2026-07-02T02:00:56.891893,1,1,91.25,0.5,91.0,150,,,,,,,,,,,,,,,,,,,91.5,150,,,,,,,,,,,,,,,,,,
2026-07-02T02:00:56.971031+00:00,2026-07-02T02:00:56.970867,2,1,91.25,0.5,91.0,150,90.8,100,,,,,,,,,,,,,,,,,91.5,150,,,,,,,,,,,,,,,,,,
2026-07-02T02:00:57.018319+00:00,2026-07-02T02:00:57.018475,2,2,91.15,0.3,91.0,150,90.8,100,,,,,,,,,,,,,,,,,91.3,100,91.5,150,,,,,,,,,,,,,,,,
2026-07-02T02:00:57.058622+00:00,2026-07-02T02:00:57.050779,2,2,91.15,0.3,91.0,100,90.8,100,,,,,,,,,,,,,,,,,91.3,100,91.5,150,,,,,,,,,,,,,,,,
2026-07-02T02:00:57.300410+00:00,2026-07-02T02:00:57.300194,2,2,91.15,0.3,91.0,105,90.8,100,,,,,,,,,,,,,,,,,91.3,100,91.5,150,,,,,,,,,,,,,,,,
2026-07-02T02:00:57.331821+00:00,2026-07-02T02:00:57.331762,2,2,91.15,0.3,91.0,105,90.8,100,,,,,,,,,,,,,,,,,91.3,52,91.5,150,,,,,,,,,,,,,,,,
2026-07-02T02:00:58.574213+00:00,2026-07-02T02:00:58.574122,2,1,91.15,0.3,91.0,5,90.8,100,,,,,,,,,,,,,,,,,91.3,52,,,,,,,,,,,,,,,,,,
2026-07-02T02:00:58.622802+00:00,2026-07-02T02:00:58.622762,3,1,91.15,0.3,91.0,5,90.8,100,90.7,150,,,,,,,,,,,,,,,91.3,52,,,,,,,,,,,,,,,,,,
2026-07-02T02:00:58.680522+00:00,2026-07-02T02:00:58.680452,3,2,91.1,0.2,91.0,5,90.8,100,90.7,150,,,,,,,,,,,,,,,91.2,150,91.3,52,,,,,,,,,,,,,,,,
2026-07-02T02:00:59.154092+00:00,2026-07-02T02:00:59.154306,2,2,91.0,0.4,90.8,55,90.7,150,,,,,,,,,,,,,,,,,91.2,150,91.3,52,,,,,,,,,,,,,,,,
2026-07-02T02:00:59.186458+00:00,2026-07-02T02:00:59.186376,3,2,91.1,0.2,91.0,4,90.8,55,90.7,150,,,,,,,,,,,,,,,91.2,150,91.3,52,,,,,,,,,,,,,,,,
2026-07-02T02:00:59.376118+00:00,2026-07-02T02:00:59.376330,2,2,91.0,0.4,90.8,16,90.7,150,,,,,,,,,,,,,,,,,91.2,150,91.3,52,,,,,,,,,,,,,,,,
2026-07-02T02:01:00.075078+00:00,2026-07-02T02:01:00.074988,1,1,90.95,0.5,90.7,150,,,,,,,,,,,,,,,,,,,91.2,150,,,,,,,,,,,,,,,,,,
2026-07-02T02:01:00.139786+00:00,2026-07-02T02:01:00.139612,2,1,91.0,0.4,90.8,100,90.7,150,,,,,,,,,,,,,,,,,91.2,150,,,,,,,,,,,,,,,,,,
2026-07-02T02:01:00.199618+00:00,2026-07-02T02:01:00.199464,2,2,91.0,0.4,90.8,100,90.7,150,,,,,,,,,,,,,,,,,91.2,150,91.3,100,,,,,,,,,,,,,,,,
2026-07-02T02:01:00.316930+00:00,2026-07-02T02:01:00.316875,3,2,91.1,0.2,91.0,4,90.8,100,90.7,150,,,,,,,,,,,,,,,91.2,150,91.3,100,,,,,,,,,,,,,,,,
2026-07-02T02:01:01.195003+00:00,2026-07-02T02:01:01.194767,3,2,91.1,0.2,91.0,3,90.8,100,90.7,150,,,,,,,,,,,,,,,91.2,150,91.3,100,,,,,,,,,,,,,,,,
2026-07-02T02:01:01.217370+00:00,2026-07-02T02:01:01.217238,3,2,91.1,0.2,91.0,3,90.8,100,90.7,150,,,,,,,,,,,,,,,91.2,100,91.3,100,,,,,,,,,,,,,,,,
2026-07-02T02:01:01.734949+00:00,2026-07-02T02:01:01.734833,2,1,91.15,0.3,91.0,3,90.8,100,,,,,,,,,,,,,,,,,91.3,100,,,,,,,,,,,,,,,,,,
2026-07-02T02:01:01.787314+00:00,2026-07-02T02:01:01.787232,2,1,91.15,0.3,91.0,153,90.8,100,,,,,,,,,,,,,,,,,91.3,100,,,,,,,,,,,,,,,,,,
2026-07-02T02:01:01.852826+00:00,2026-07-02T02:01:01.852721,2,2,91.15,0.3,91.0,153,90.8,100,,,,,,,,,,,,,,,,,91.3,100,91.5,150,,,,,,,,,,,,,,,,
2026-07-02T02:01:03.021601+00:00,2026-07-02T02:01:03.021749,2,2,91.15,0.3,91.0,153,90.8,100,,,,,,,,,,,,,,,,,91.3,58,91.5,150,,,,,,,,,,,,,,,,
2026-07-02T02:01:03.249703+00:00,2026-07-02T02:01:03.249608,1,1,91.25,0.5,91.0,153,,,,,,,,,,,,,,,,,,,91.5,150,,,,,,,,,,,,,,,,,,
2026-07-02T02:01:03.302560+00:00,2026-07-02T02:01:03.302402,2,1,91.3,0.4,91.1,100,91.0,153,,,,,,,,,,,,,,,,,91.5,150,,,,,,,,,,,,,,,,,,
2026-07-02T02:01:03.354574+00:00,2026-07-02T02:01:03.354692,2,2,91.3,0.4,91.1,100,91.0,153,,,,,,,,,,,,,,,,,91.5,150,91.6,100,,,,,,,,,,,,,,,,
2026-07-02T02:01:03.549678+00:00,2026-07-02T02:01:03.549811,2,2,91.3,0.4,91.1,53,91.0,153,,,,,,,,,,,,,,,,,91.5,150,91.6,100,,,,,,,,,,,,,,,,
2026-07-02T02:01:04.904595+00:00,2026-07-02T02:01:04.904566,2,1,91.35,0.5,91.1,53,91.0,3,,,,,,,,,,,,,,,,,91.6,100,,,,,,,,,,,,,,,,,,
2026-07-02T02:01:04.958606+00:00,2026-07-02T02:01:04.957237,3,1,91.4,0.4,91.2,150,91.1,53,91.0,3,,,,,,,,,,,,,,,91.6,100,,,,,,,,,,,,,,,,,,
2026-07-02T02:01:05.014502+00:00,2026-07-02T02:01:05.014451,3,2,91.4,0.4,91.2,150,91.1,53,91.0,3,,,,,,,,,,,,,,,91.6,100,91.7,150,,,,,,,,,,,,,,,,
2026-07-02T02:01:05.432659+00:00,2026-07-02T02:01:05.432490,3,2,91.4,0.4,91.2,150,91.1,53,91.0,3,,,,,,,,,,,,,,,91.6,50,91.7,150,,,,,,,,,,,,,,,,
2026-07-02T02:01:06.412729+00:00,2026-07-02T02:01:06.412874,2,1,91.45,0.5,91.2,150,91.0,3,,,,,,,,,,,,,,,,,91.7,150,,,,,,,,,,,,,,,,,,
2026-07-02T02:01:06.467261+00:00,2026-07-02T02:01:06.467114,3,1,91.45,0.5,91.2,150,91.1,100,91.0,3,,,,,,,,,,,,,,,91.7,150,,,,,,,,,,,,,,,,,,
2026-07-02T02:01:06.519414+00:00,2026-07-02T02:01:06.519547,3,2,91.4,0.4,91.2,150,91.1,100,91.0,3,,,,,,,,,,,,,,,91.6,100,91.7,150,,,,,,,,,,,,,,,,
2026-07-02T02:01:06.827156+00:00,2026-07-02T02:01:06.827396,3,2,91.4,0.4,91.2,150,91.1,100,91.0,3,,,,,,,,,,,,,,,91.6,52,91.7,150,,,,,,,,,,,,,,,,
2026-07-02T02:01:07.816319+00:00,2026-07-02T02:01:07.816239,3,2,91.4,0.4,91.2,150,91.1,100,91.0,3,,,,,,,,,,,,,,,91.6,11,91.7,150,,,,,,,,,,,,,,,,
2026-07-02T02:01:08.069053+00:00,2026-07-02T02:01:08.068979,2,1,91.35,0.5,91.1,100,91.0,3,,,,,,,,,,,,,,,,,91.6,11,,,,,,,,,,,,,,,,,,
2026-07-02T02:01:08.121454+00:00,2026-07-02T02:01:08.121343,2,1,91.35,0.5,91.1,100,91.0,153,,,,,,,,,,,,,,,,,91.6,11,,,,,,,,,,,,,,,,,,
2026-07-02T02:01:08.175232+00:00,2026-07-02T02:01:08.175383,2,2,91.3,0.4,91.1,100,91.0,153,,,,,,,,,,,,,,,,,91.5,150,91.6,11,,,,,,,,,,,,,,,,
2026-07-02T02:01:09.572565+00:00,2026-07-02T02:01:09.572778,1,1,91.25,0.5,91.0,153,,,,,,,,,,,,,,,,,,,91.5,150,,,,,,,,,,,,,,,,,,
2026-07-02T02:01:09.647422+00:00,2026-07-02T02:01:09.647302,2,1,91.45,0.1,91.4,100,91.0,153,,,,,,,,,,,,,,,,,91.5,150,,,,,,,,,,,,,,,,,,
2026-07-02T02:01:09.698158+00:00,2026-07-02T02:01:09.698045,2,2,91.45,0.1,91.4,100,91.0,153,,,,,,,,,,,,,,,,,91.5,150,91.9,100,,,,,,,,,,,,,,,,
2026-07-02T02:01:09.708496+00:00,2026-07-02T02:01:09.708409,2,2,91.45,0.1,91.4,50,91.0,153,,,,,,,,,,,,,,,,,91.5,150,91.9,100,,,,,,,,,,,,,,,,
2026-07-02T02:01:11.230219+00:00,2026-07-02T02:01:11.230184,2,1,91.65,0.5,91.4,50,91.0,3,,,,,,,,,,,,,,,,,91.9,100,,,,,,,,,,,,,,,,,,
2026-07-02T02:01:11.281801+00:00,2026-07-02T02:01:11.281683,3,1,91.65,0.5,91.4,50,91.2,150,91.0,3,,,,,,,,,,,,,,,91.9,100,,,,,,,,,,,,,,,,,,
2026-07-02T02:01:11.336538+00:00,2026-07-02T02:01:11.336432,3,2,91.55,0.3,91.4,50,91.2,150,91.0,3,,,,,,,,,,,,,,,91.7,150,91.9,100,,,,,,,,,,,,,,,,
2026-07-02T02:01:12.758589+00:00,2026-07-02T02:01:12.757515,2,1,91.45,0.5,91.2,150,91.0,3,,,,,,,,,,,,,,,,,91.7,150,,,,,,,,,,,,,,,,,,
2026-07-02T02:01:12.813159+00:00,2026-07-02T02:01:12.813269,3,1,91.5,0.4,91.3,100,91.2,150,91.0,3,,,,,,,,,,,,,,,91.7,150,,,,,,,,,,,,,,,,,,
2026-07-02T02:01:12.866145+00:00,2026-07-02T02:01:12.866250,3,2,91.5,0.4,91.3,100,91.2,150,91.0,3,,,,,,,,,,,,,,,91.7,150,91.8,100,,,,,,,,,,,,,,,,
2026-07-02T02:01:14.392716+00:00,2026-07-02T02:01:14.392627,1,1,91.55,0.5,91.3,100,,,,,,,,,,,,,,,,,,,91.8,100,,,,,,,,,,,,,,,,,,
2026-07-02T02:01:14.474207+00:00,2026-07-02T02:01:14.474082,2,1,91.55,0.5,91.3,100,90.9,150,,,,,,,,,,,,,,,,,91.8,100,,,,,,,,,,,,,,,,,,
2026-07-02T02:01:14.527322+00:00,2026-07-02T02:01:14.527032,2,2,91.35,0.1,91.3,100,90.9,150,,,,,,,,,,,,,,,,,91.4,150,91.8,100,,,,,,,,,,,,,,,,
2026-07-02T02:01:15.921617+00:00,2026-07-02T02:01:15.921491,1,1,91.15,0.5,90.9,150,,,,,,,,,,,,,,,,,,,91.4,150,,,,,,,,,,,,,,,,,,
2026-07-02T02:01:15.976914+00:00,2026-07-02T02:01:15.976762,2,1,91.2,0.4,91.0,100,90.9,150,,,,,,,,,,,,,,,,,91.4,150,,,,,,,,,,,,,,,,,,
2026-07-02T02:01:15.981894+00:00,2026-07-02T02:01:15.981998,2,1,91.2,0.4,91.0,100,90.9,150,,,,,,,,,,,,,,,,,91.4,100,,,,,,,,,,,,,,,,,,
2026-07-02T02:01:16.030157+00:00,2026-07-02T02:01:16.030026,2,2,91.2,0.4,91.0,100,90.9,150,,,,,,,,,,,,,,,,,91.4,100,91.5,100,,,,,,,,,,,,,,,,
2026-07-02T02:01:16.501558+00:00,2026-07-02T02:01:16.501373,3,2,91.25,0.3,91.1,3,91.0,100,90.9,150,,,,,,,,,,,,,,,91.4,100,91.5,100,,,,,,,,,,,,,,,,
2026-07-02T02:01:16.718802+00:00,2026-07-02T02:01:16.718733,2,2,91.2,0.4,91.0,63,90.9,150,,,,,,,,,,,,,,,,,91.4,100,91.5,100,,,,,,,,,,,,,,,,
2026-07-02T02:01:17.358592+00:00,2026-07-02T02:01:17.357113,2,2,91.2,0.4,91.0,15,90.9,150,,,,,,,,,,,,,,,,,91.4,100,91.5,100,,,,,,,,,,,,,,,,
2026-07-02T02:01:17.579740+00:00,2026-07-02T02:01:17.579865,1,1,91.25,0.5,91.0,15,,,,,,,,,,,,,,,,,,,91.5,100,,,,,,,,,,,,,,,,,,
2026-07-02T02:01:17.629714+00:00,2026-07-02T02:01:17.629867,2,1,91.35,0.3,91.2,150,91.0,15,,,,,,,,,,,,,,,,,91.5,100,,,,,,,,,,,,,,,,,,
2026-07-02T02:01:17.683295+00:00,2026-07-02T02:01:17.683203,2,2,91.35,0.3,91.2,150,91.0,15,,,,,,,,,,,,,,,,,91.5,100,91.7,150,,,,,,,,,,,,,,,,
2026-07-02T02:01:18.087673+00:00,2026-07-02T02:01:18.087551,2,2,91.35,0.3,91.2,150,91.0,15,,,,,,,,,,,,,,,,,91.5,50,91.7,150,,,,,,,,,,,,,,,,
2026-07-02T02:01:19.085236+00:00,2026-07-02T02:01:19.085149,1,1,91.45,0.5,91.2,150,,,,,,,,,,,,,,,,,,,91.7,150,,,,,,,,,,,,,,,,,,
2026-07-02T02:01:19.140761+00:00,2026-07-02T02:01:19.140915,2,1,91.45,0.5,91.2,150,90.9,100,,,,,,,,,,,,,,,,,91.7,150,,,,,,,,,,,,,,,,,,
2026-07-02T02:01:19.193957+00:00,2026-07-02T02:01:19.194052,2,2,91.3,0.2,91.2,150,90.9,100,,,,,,,,,,,,,,,,,91.4,100,91.7,150,,,,,,,,,,,,,,,,
2026-07-02T02:01:20.198780+00:00,2026-07-02T02:01:20.198654,2,2,91.3,0.2,91.2,150,90.9,100,,,,,,,,,,,,,,,,,91.4,50,91.7,150,,,,,,,,,,,,,,,,
2026-07-02T02:01:20.737577+00:00,2026-07-02T02:01:20.737455,1,1,91.15,0.5,90.9,100,,,,,,,,,,,,,,,,,,,91.4,50,,,,,,,,,,,,,,,,,,
2026-07-02T02:01:20.790176+00:00,2026-07-02T02:01:20.790096,2,1,91.2,0.4,91.0,150,90.9,100,,,,,,,,,,,,,,,,,91.4,50,,,,,,,,,,,,,,,,,,
2026-07-02T02:01:20.842250+00:00,2026-07-02T02:01:20.842376,2,2,91.2,0.4,91.0,150,90.9,100,,,,,,,,,,,,,,,,,91.4,50,91.5,150,,,,,,,,,,,,,,,,
2026-07-02T02:01:21.347424+00:00,2026-07-02T02:01:21.347270,2,2,91.2,0.4,91.0,150,90.9,100,,,,,,,,,,,,,,,,,91.4,3,91.5,150,,,,,,,,,,,,,,,,
2026-07-02T02:01:22.248339+00:00,2026-07-02T02:01:22.248243,1,1,91.25,0.5,91.0,150,,,,,,,,,,,,,,,,,,,91.5,150,,,,,,,,,,,,,,,,,,
2026-07-02T02:01:22.269391+00:00,2026-07-02T02:01:22.269279,1,1,91.25,0.5,91.0,150,,,,,,,,,,,,,,,,,,,91.5,102,,,,,,,,,,,,,,,,,,
2026-07-02T02:01:22.302976+00:00,2026-07-02T02:01:22.303072,2,1,91.4,0.2,91.3,100,91.0,150,,,,,,,,,,,,,,,,,91.5,102,,,,,,,,,,,,,,,,,,
2026-07-02T02:01:22.308564+00:00,2026-07-02T02:01:22.308321,2,1,91.4,0.2,91.3,100,91.0,150,,,,,,,,,,,,,,,,,91.5,52,,,,,,,,,,,,,,,,,,
2026-07-02T02:01:22.368978+00:00,2026-07-02T02:01:22.368872,2,2,91.4,0.2,91.3,100,91.0,150,,,,,,,,,,,,,,,,,91.5,52,91.8,100,,,,,,,,,,,,,,,,
2026-07-02T02:01:23.899889+00:00,2026-07-02T02:01:23.899772,1,1,91.55,0.5,91.3,100,,,,,,,,,,,,,,,,,,,91.8,100,,,,,,,,,,,,,,,,,,
2026-07-02T02:01:23.968821+00:00,2026-07-02T02:01:23.963459,2,1,91.6,0.4,91.4,147,91.3,100,,,,,,,,,,,,,,,,,91.8,100,,,,,,,,,,,,,,,,,,
2026-07-02T02:01:24.005977+00:00,2026-07-02T02:01:24.005849,2,2,91.6,0.4,91.4,147,91.3,100,,,,,,,,,,,,,,,,,91.8,100,91.9,150,,,,,,,,,,,,,,,,
2026-07-02T02:01:24.475197+00:00,2026-07-02T02:01:24.475337,2,2,91.6,0.4,91.4,97,91.3,100,,,,,,,,,,,,,,,,,91.8,100,91.9,150,,,,,,,,,,,,,,,,
2026-07-02T02:01:24.591310+00:00,2026-07-02T02:01:24.584546,1,2,91.55,0.5,91.3,89,,,,,,,,,,,,,,,,,,,91.8,100,91.9,150,,,,,,,,,,,,,,,,
2026-07-02T02:01:25.044702+00:00,2026-07-02T02:01:25.044658,1,2,91.55,0.5,91.3,43,,,,,,,,,,,,,,,,,,,91.8,100,91.9,150,,,,,,,,,,,,,,,,
2026-07-02T02:01:25.418528+00:00,2026-07-02T02:01:25.418449,0,1,,,,,,,,,,,,,,,,,,,,,,,91.9,150,,,,,,,,,,,,,,,,,,
2026-07-02T02:01:25.475514+00:00,2026-07-02T02:01:25.475599,1,1,91.35,1.1,90.8,100,,,,,,,,,,,,,,,,,,,91.9,150,,,,,,,,,,,,,,,,,,
2026-07-02T02:01:25.534794+00:00,2026-07-02T02:01:25.534722,1,2,91.05,0.5,90.8,100,,,,,,,,,,,,,,,,,,,91.3,100,91.9,150,,,,,,,,,,,,,,,,
2026-07-02T02:01:25.895336+00:00,2026-07-02T02:01:25.889083,1,2,91.05,0.5,90.8,100,,,,,,,,,,,,,,,,,,,91.3,89,91.9,150,,,,,,,,,,,,,,,,
2026-07-02T02:01:26.105389+00:00,2026-07-02T02:01:26.105359,1,2,91.05,0.5,90.8,59,,,,,,,,,,,,,,,,,,,91.3,89,91.9,150,,,,,,,,,,,,,,,,
2026-07-02T02:01:27.063650+00:00,2026-07-02T02:01:27.063759,1,1,91.05,0.5,90.8,59,,,,,,,,,,,,,,,,,,,91.3,89,,,,,,,,,,,,,,,,,,
2026-07-02T02:01:27.111446+00:00,2026-07-02T02:01:27.111552,1,1,91.05,0.5,90.8,209,,,,,,,,,,,,,,,,,,,91.3,89,,,,,,,,,,,,,,,,,,
2026-07-02T02:01:27.163975+00:00,2026-07-02T02:01:27.163797,1,1,91.05,0.5,90.8,209,,,,,,,,,,,,,,,,,,,91.3,239,,,,,,,,,,,,,,,,,,
2026-07-02T02:01:28.589111+00:00,2026-07-02T02:01:28.589050,1,1,91.05,0.5,90.8,150,,,,,,,,,,,,,,,,,,,91.3,150,,,,,,,,,,,,,,,,,,
2026-07-02T02:01:28.643814+00:00,2026-07-02T02:01:28.643696,1,1,91.05,0.5,90.8,250,,,,,,,,,,,,,,,,,,,91.3,150,,,,,,,,,,,,,,,,,,
2026-07-02T02:01:28.696850+00:00,2026-07-02T02:01:28.696800,1,1,91.05,0.5,90.8,200,,,,,,,,,,,,,,,,,,,91.3,250,,,,,,,,,,,,,,,,,,
2026-07-02T02:01:28.805475+00:00,2026-07-02T02:01:28.805633,1,2,91.05,0.5,90.8,200,,,,,,,,,,,,,,,,,,,91.3,250,91.4,5,,,,,,,,,,,,,,,,
2026-07-02T02:01:30.231019+00:00,2026-07-02T02:01:30.230845,1,2,91.05,0.5,90.8,100,,,,,,,,,,,,,,,,,,,91.3,100,91.4,5,,,,,,,,,,,,,,,,
2026-07-02T02:01:30.284996+00:00,2026-07-02T02:01:30.284873,2,2,91.05,0.5,90.8,100,90.6,150,,,,,,,,,,,,,,,,,91.3,100,91.4,5,,,,,,,,,,,,,,,,
2026-07-02T02:01:30.346888+00:00,2026-07-02T02:01:30.339557,2,3,90.95,0.3,90.8,100,90.6,150,,,,,,,,,,,,,,,,,91.1,147,91.3,100,91.4,5,,,,,,,,,,,,,,
2026-07-02T02:01:30.501257+00:00,2026-07-02T02:01:30.501198,2,3,90.95,0.3,90.8,100,90.6,150,,,,,,,,,,,,,,,,,91.1,104,91.3,100,91.4,5,,,,,,,,,,,,,,
2026-07-02T02:01:30.833393+00:00,2026-07-02T02:01:30.833236,2,3,90.95,0.3,90.8,50,90.6,150,,,,,,,,,,,,,,,,,91.1,104,91.3,100,91.4,5,,,,,,,,,,,,,,
2026-07-02T02:01:31.750589+00:00,2026-07-02T02:01:31.750697,1,2,90.85,0.5,90.6,150,,,,,,,,,,,,,,,,,,,91.1,104,91.4,5,,,,,,,,,,,,,,,,
2026-07-02T02:01:31.799312+00:00,2026-07-02T02:01:31.799260,1,2,90.85,0.5,90.6,150,,,,,,,,,,,,,,,,,,,91.1,104,91.4,4,,,,,,,,,,,,,,,,
2026-07-02T02:01:31.804549+00:00,2026-07-02T02:01:31.804464,2,2,90.9,0.4,90.7,100,90.6,150,,,,,,,,,,,,,,,,,91.1,104,91.4,4,,,,,,,,,,,,,,,,
2026-07-02T02:01:31.858562+00:00,2026-07-02T02:01:31.857909,2,3,90.9,0.4,90.7,100,90.6,150,,,,,,,,,,,,,,,,,91.1,104,91.2,100,91.4,4,,,,,,,,,,,,,,
2026-07-02T02:01:31.928823+00:00,2026-07-02T02:01:31.928752,2,3,90.9,0.4,90.7,60,90.6,150,,,,,,,,,,,,,,,,,91.1,104,91.2,100,91.4,4,,,,,,,,,,,,,,
2026-07-02T02:01:32.940355+00:00,2026-07-02T02:01:32.940249,2,3,90.9,0.4,90.7,10,90.6,150,,,,,,,,,,,,,,,,,91.1,104,91.2,100,91.4,4,,,,,,,,,,,,,,
2026-07-02T02:01:33.310729+00:00,2026-07-02T02:01:33.310852,2,2,90.9,0.4,90.7,10,90.6,150,,,,,,,,,,,,,,,,,91.1,7,91.2,100,,,,,,,,,,,,,,,,
2026-07-02T02:01:33.395931+00:00,2026-07-02T02:01:33.396055,1,1,90.95,0.5,90.7,10,,,,,,,,,,,,,,,,,,,91.2,100,,,,,,,,,,,,,,,,,,
2026-07-02T02:01:33.448782+00:00,2026-07-02T02:01:33.448679,2,0,,,91.2,50,90.7,10,,,,,,,,,,,,,,,,,,,,,,,,,,,,,,,,,,,,
2026-07-02T02:01:33.504671+00:00,2026-07-02T02:01:33.504550,2,1,91.45,0.5,91.2,50,90.7,10,,,,,,,,,,,,,,,,,91.7,150,,,,,,,,,,,,,,,,,,
2026-07-02T02:01:33.839624+00:00,2026-07-02T02:01:33.839552,2,1,91.45,0.5,91.2,45,90.7,10,,,,,,,,,,,,,,,,,91.7,150,,,,,,,,,,,,,,,,,,
2026-07-02T02:01:33.906294+00:00,2026-07-02T02:01:33.906263,2,2,91.25,0.1,91.2,45,90.7,10,,,,,,,,,,,,,,,,,91.3,4,91.7,150,,,,,,,,,,,,,,,,
2026-07-02T02:01:34.058606+00:00,2026-07-02T02:01:34.051342,3,2,91.25,0.1,91.2,45,91.0,1,90.7,10,,,,,,,,,,,,,,,91.3,4,91.7,150,,,,,,,,,,,,,,,,
2026-07-02T02:01:34.138231+00:00,2026-07-02T02:01:34.138124,2,2,91.25,0.1,91.2,45,90.7,10,,,,,,,,,,,,,,,,,91.3,4,91.7,150,,,,,,,,,,,,,,,,
2026-07-02T02:01:34.913450+00:00,2026-07-02T02:01:34.913323,1,2,91.25,0.1,91.2,45,,,,,,,,,,,,,,,,,,,91.3,4,91.7,150,,,,,,,,,,,,,,,,
2026-07-02T02:01:34.966015+00:00,2026-07-02T02:01:34.966124,2,2,91.25,0.1,91.2,45,90.9,100,,,,,,,,,,,,,,,,,91.3,4,91.7,150,,,,,,,,,,,,,,,,
2026-07-02T02:01:35.000586+00:00,2026-07-02T02:01:35.000476,2,1,91.45,0.5,91.2,45,90.9,100,,,,,,,,,,,,,,,,,91.7,150,,,,,,,,,,,,,,,,,,
2026-07-02T02:01:35.016401+00:00,2026-07-02T02:01:35.016292,2,2,91.3,0.2,91.2,45,90.9,100,,,,,,,,,,,,,,,,,91.4,100,91.7,150,,,,,,,,,,,,,,,,
2026-07-02T02:01:35.085266+00:00,2026-07-02T02:01:35.085205,2,3,91.25,0.1,91.2,45,90.9,100,,,,,,,,,,,,,,,,,91.3,5,91.4,100,91.7,150,,,,,,,,,,,,,,
2026-07-02T02:01:36.564010+00:00,2026-07-02T02:01:36.563882,1,2,91.1,0.4,90.9,100,,,,,,,,,,,,,,,,,,,91.3,5,91.4,100,,,,,,,,,,,,,,,,
2026-07-02T02:01:36.614440+00:00,2026-07-02T02:01:36.614299,2,2,91.15,0.3,91.0,150,90.9,100,,,,,,,,,,,,,,,,,91.3,5,91.4,100,,,,,,,,,,,,,,,,
2026-07-02T02:01:36.663998+00:00,2026-07-02T02:01:36.663830,2,3,91.15,0.3,91.0,150,90.9,100,,,,,,,,,,,,,,,,,91.3,5,91.4,100,91.5,150,,,,,,,,,,,,,,
2026-07-02T02:01:36.894183+00:00,2026-07-02T02:01:36.894097,2,3,91.15,0.3,91.0,150,90.9,100,,,,,,,,,,,,,,,,,91.3,4,91.4,100,91.5,150,,,,,,,,,,,,,,
2026-07-02T02:01:37.158627+00:00,2026-07-02T02:01:37.157495,2,3,91.15,0.3,91.0,100,90.9,100,,,,,,,,,,,,,,,,,91.3,4,91.4,100,91.5,150,,,,,,,,,,,,,,
2026-07-02T02:01:37.769998+00:00,2026-07-02T02:01:37.770114,2,2,91.2,0.4,91.0,100,90.9,100,,,,,,,,,,,,,,,,,91.4,60,91.5,150,,,,,,,,,,,,,,,,
2026-07-02T02:01:37.911856+00:00,2026-07-02T02:01:37.911700,2,3,91.15,0.3,91.0,100,90.9,100,,,,,,,,,,,,,,,,,91.3,5,91.4,60,91.5,150,,,,,,,,,,,,,,
2026-07-02T02:01:38.074368+00:00,2026-07-02T02:01:38.074316,1,2,91.15,0.3,91.0,100,,,,,,,,,,,,,,,,,,,91.3,5,91.5,150,,,,,,,,,,,,,,,,
2026-07-02T02:01:38.128970+00:00,2026-07-02T02:01:38.128942,2,2,91.2,0.2,91.1,100,91.0,100,,,,,,,,,,,,,,,,,91.3,5,91.5,150,,,,,,,,,,,,,,,,
2026-07-02T02:01:38.184623+00:00,2026-07-02T02:01:38.184574,2,3,91.2,0.2,91.1,100,91.0,100,,,,,,,,,,,,,,,,,91.3,5,91.5,150,91.6,100,,,,,,,,,,,,,,
2026-07-02T02:01:39.058680+00:00,2026-07-02T02:01:39.050165,2,3,91.2,0.2,91.1,100,91.0,101,,,,,,,,,,,,,,,,,91.3,5,91.5,150,91.6,100,,,,,,,,,,,,,,
2026-07-02T02:01:39.217826+00:00,2026-07-02T02:01:39.217716,2,2,91.3,0.4,91.1,100,91.0,101,,,,,,,,,,,,,,,,,91.5,105,91.6,100,,,,,,,,,,,,,,,,
2026-07-02T02:01:39.715599+00:00,2026-07-02T02:01:39.715507,2,1,91.35,0.5,91.1,100,91.0,101,,,,,,,,,,,,,,,,,91.6,100,,,,,,,,,,,,,,,,,,
2026-07-02T02:01:39.720579+00:00,2026-07-02T02:01:39.720679,2,1,91.35,0.5,91.1,100,91.0,1,,,,,,,,,,,,,,,,,91.6,100,,,,,,,,,,,,,,,,,,
2026-07-02T02:01:39.775805+00:00,2026-07-02T02:01:39.775739,3,1,91.35,0.5,91.1,100,91.0,1,90.9,150,,,,,,,,,,,,,,,91.6,100,,,,,,,,,,,,,,,,,,
2026-07-02T02:01:39.824724+00:00,2026-07-02T02:01:39.824609,3,2,91.25,0.3,91.1,100,91.0,1,90.9,150,,,,,,,,,,,,,,,91.4,150,91.6,100,,,,,,,,,,,,,,,,
2026-07-02T02:01:39.836412+00:00,2026-07-02T02:01:39.836337,3,2,91.25,0.3,91.1,100,91.0,1,90.9,150,,,,,,,,,,,,,,,91.4,107,91.6,100,,,,,,,,,,,,,,,,
2026-07-02T02:01:39.950225+00:00,2026-07-02T02:01:39.950322,3,3,91.2,0.2,91.1,100,91.0,1,90.9,150,,,,,,,,,,,,,,,91.3,5,91.4,107,91.6,100,,,,,,,,,,,,,,
2026-07-02T02:01:41.237797+00:00,2026-07-02T02:01:41.237706,3,2,91.2,0.2,91.1,100,91.0,1,90.9,150,,,,,,,,,,,,,,,91.3,5,91.4,107,,,,,,,,,,,,,,,,
2026-07-02T02:01:41.242938+00:00,2026-07-02T02:01:41.242889,2,2,91.15,0.3,91.0,1,90.9,150,,,,,,,,,,,,,,,,,91.3,5,91.4,107,,,,,,,,,,,,,,,,
2026-07-02T02:01:41.292700+00:00,2026-07-02T02:01:41.292643,2,2,91.15,0.3,91.0,101,90.9,150,,,,,,,,,,,,,,,,,91.3,5,91.4,107,,,,,,,,,,,,,,,,
2026-07-02T02:01:41.324902+00:00,2026-07-02T02:01:41.324770,2,1,91.2,0.4,91.0,101,90.9,150,,,,,,,,,,,,,,,,,91.4,62,,,,,,,,,,,,,,,,,,
2026-07-02T02:01:41.350212+00:00,2026-07-02T02:01:41.350302,2,2,91.2,0.4,91.0,101,90.9,150,,,,,,,,,,,,,,,,,91.4,62,91.5,100,,,,,,,,,,,,,,,,
2026-07-02T02:01:41.355491+00:00,2026-07-02T02:01:41.355570,2,3,91.15,0.3,91.0,101,90.9,150,,,,,,,,,,,,,,,,,91.3,5,91.4,62,91.5,100,,,,,,,,,,,,,,
2026-07-02T02:01:41.850051+00:00,2026-07-02T02:01:41.849925,2,3,91.15,0.3,91.0,60,90.9,150,,,,,,,,,,,,,,,,,91.3,5,91.4,62,91.5,100,,,,,,,,,,,,,,
2026-07-02T02:01:41.974507+00:00,2026-07-02T02:01:41.974457,2,3,91.15,0.3,91.0,61,90.9,150,,,,,,,,,,,,,,,,,91.3,5,91.4,62,91.5,100,,,,,,,,,,,,,,
2026-07-02T02:01:42.877007+00:00,2026-07-02T02:01:42.876927,2,2,91.15,0.3,91.0,61,90.9,150,,,,,,,,,,,,,,,,,91.3,5,91.5,100,,,,,,,,,,,,,,,,
2026-07-02T02:01:42.882191+00:00,2026-07-02T02:01:42.882094,1,2,91.15,0.3,91.0,61,,,,,,,,,,,,,,,,,,,91.3,5,91.5,100,,,,,,,,,,,,,,,,
2026-07-02T02:01:42.950492+00:00,2026-07-02T02:01:42.950318,2,2,91.25,0.1,91.2,150,91.0,61,,,,,,,,,,,,,,,,,91.3,5,91.5,100,,,,,,,,,,,,,,,,
2026-07-02T02:01:43.008364+00:00,2026-07-02T02:01:43.008549,2,3,91.25,0.1,91.2,150,91.0,61,,,,,,,,,,,,,,,,,91.3,5,91.5,100,91.7,150,,,,,,,,,,,,,,
2026-07-02T02:01:43.436489+00:00,2026-07-02T02:01:43.436354,2,2,91.35,0.3,91.2,150,91.0,61,,,,,,,,,,,,,,,,,91.5,55,91.7,150,,,,,,,,,,,,,,,,
2026-07-02T02:01:43.458622+00:00,2026-07-02T02:01:43.451585,2,3,91.25,0.1,91.2,150,91.0,61,,,,,,,,,,,,,,,,,91.3,5,91.5,55,91.7,150,,,,,,,,,,,,,,
2026-07-02T02:01:44.298206+00:00,2026-07-02T02:01:44.298030,2,3,91.25,0.1,91.2,150,91.0,60,,,,,,,,,,,,,,,,,91.3,5,91.5,55,91.7,150,,,,,,,,,,,,,,
2026-07-02T02:01:44.404309+00:00,2026-07-02T02:01:44.404248,1,2,91.25,0.1,91.2,150,,,,,,,,,,,,,,,,,,,91.3,5,91.7,150,,,,,,,,,,,,,,,,
2026-07-02T02:01:44.458554+00:00,2026-07-02T02:01:44.457993,2,2,91.25,0.1,91.2,150,91.0,100,,,,,,,,,,,,,,,,,91.3,5,91.7,150,,,,,,,,,,,,,,,,
2026-07-02T02:01:44.510720+00:00,2026-07-02T02:01:44.510625,2,3,91.25,0.1,91.2,150,91.0,100,,,,,,,,,,,,,,,,,91.3,5,91.5,100,91.7,150,,,,,,,,,,,,,,
2026-07-02T02:01:45.540931+00:00,2026-07-02T02:01:45.540901,2,2,91.35,0.3,91.2,150,91.0,100,,,,,,,,,,,,,,,,,91.5,55,91.7,150,,,,,,,,,,,,,,,,
2026-07-02T02:01:46.033114+00:00,2026-07-02T02:01:46.033033,2,2,91.35,0.3,91.2,150,91.0,100,,,,,,,,,,,,,,,,,91.5,13,91.7,150,,,,,,,,,,,,,,,,
2026-07-02T02:01:46.066807+00:00,2026-07-02T02:01:46.066925,1,1,91.25,0.5,91.0,100,,,,,,,,,,,,,,,,,,,91.5,13,,,,,,,,,,,,,,,,,,
2026-07-02T02:01:46.122781+00:00,2026-07-02T02:01:46.122673,2,1,91.35,0.3,91.2,150,91.0,100,,,,,,,,,,,,,,,,,91.5,13,,,,,,,,,,,,,,,,,,
2026-07-02T02:01:46.173420+00:00,2026-07-02T02:01:46.173338,2,2,91.35,0.3,91.2,150,91.0,100,,,,,,,,,,,,,,,,,91.5,13,91.7,150,,,,,,,,,,,,,,,,
2026-07-02T02:01:47.513362+00:00,2026-07-02T02:01:47.513143,2,3,91.3,0.2,91.2,150,91.0,100,,,,,,,,,,,,,,,,,91.4,6,91.5,13,91.7,150,,,,,,,,,,,,,,
2026-07-02T02:01:47.564484+00:00,2026-07-02T02:01:47.564447,1,2,91.3,0.2,91.2,150,,,,,,,,,,,,,,,,,,,91.4,6,91.7,150,,,,,,,,,,,,,,,,
2026-07-02T02:01:47.619459+00:00,2026-07-02T02:01:47.619396,2,2,91.35,0.1,91.3,100,91.2,150,,,,,,,,,,,,,,,,,91.4,6,91.7,150,,,,,,,,,,,,,,,,
2026-07-02T02:01:47.671083+00:00,2026-07-02T02:01:47.670983,2,3,91.35,0.1,91.3,100,91.2,150,,,,,,,,,,,,,,,,,91.4,6,91.7,150,91.8,100,,,,,,,,,,,,,,
2026-07-02T02:01:47.700153+00:00,2026-07-02T02:01:47.700106,2,3,91.35,0.1,91.3,50,91.2,150,,,,,,,,,,,,,,,,,91.4,6,91.7,150,91.8,100,,,,,,,,,,,,,,
2026-07-02T02:01:49.233326+00:00,2026-07-02T02:01:49.233198,1,2,91.35,0.1,91.3,50,,,,,,,,,,,,,,,,,,,91.4,6,91.8,100,,,,,,,,,,,,,,,,
2026-07-02T02:01:49.286719+00:00,2026-07-02T02:01:49.286932,1,2,91.35,0.1,91.3,200,,,,,,,,,,,,,,,,,,,91.4,4,91.8,100,,,,,,,,,,,,,,,,
2026-07-02T02:01:49.342126+00:00,2026-07-02T02:01:49.342080,1,2,91.35,0.1,91.3,200,,,,,,,,,,,,,,,,,,,91.4,4,91.8,250,,,,,,,,,,,,,,,,
2026-07-02T02:01:50.724165+00:00,2026-07-02T02:01:50.724064,1,2,91.35,0.1,91.3,150,,,,,,,,,,,,,,,,,,,91.4,4,91.8,150,,,,,,,,,,,,,,,,
2026-07-02T02:01:50.775260+00:00,2026-07-02T02:01:50.775218,1,2,91.35,0.1,91.3,250,,,,,,,,,,,,,,,,,,,91.4,4,91.8,150,,,,,,,,,,,,,,,,
2026-07-02T02:01:50.827598+00:00,2026-07-02T02:01:50.827546,1,2,91.35,0.1,91.3,250,,,,,,,,,,,,,,,,,,,91.4,4,91.8,250,,,,,,,,,,,,,,,,
2026-07-02T02:01:51.858542+00:00,2026-07-02T02:01:51.857333,1,1,91.55,0.5,91.3,250,,,,,,,,,,,,,,,,,,,91.8,250,,,,,,,,,,,,,,,,,,
2026-07-02T02:01:52.403756+00:00,2026-07-02T02:01:52.403695,1,1,91.55,0.5,91.3,100,,,,,,,,,,,,,,,,,,,91.8,100,,,,,,,,,,,,,,,,,,
2026-07-02T02:01:52.458550+00:00,2026-07-02T02:01:52.455571,2,1,91.55,0.5,91.3,100,91.2,150,,,,,,,,,,,,,,,,,91.8,100,,,,,,,,,,,,,,,,,,
2026-07-02T02:01:52.519228+00:00,2026-07-02T02:01:52.519091,2,2,91.5,0.4,91.3,100,91.2,150,,,,,,,,,,,,,,,,,91.7,150,91.8,100,,,,,,,,,,,,,,,,
2026-07-02T02:01:53.668951+00:00,2026-07-02T02:01:53.668916,2,3,91.4,0.2,91.3,100,91.2,154,,,,,,,,,,,,,,,,,91.5,2,91.7,150,91.8,100,,,,,,,,,,,,,,
2026-07-02T02:01:53.881964+00:00,2026-07-02T02:01:53.881859,1,2,91.35,0.3,91.2,154,,,,,,,,,,,,,,,,,,,91.5,2,91.7,150,,,,,,,,,,,,,,,,
2026-07-02T02:01:53.933697+00:00,2026-07-02T02:01:53.933613,1,2,91.35,0.3,91.2,254,,,,,,,,,,,,,,,,,,,91.5,2,91.7,150,,,,,,,,,,,,,,,,
2026-07-02T02:01:53.988472+00:00,2026-07-02T02:01:53.988384,1,2,91.35,0.3,91.2,254,,,,,,,,,,,,,,,,,,,91.5,2,91.7,250,,,,,,,,,,,,,,,,
2026-07-02T02:01:54.020678+00:00,2026-07-02T02:01:54.020594,1,2,91.35,0.3,91.2,204,,,,,,,,,,,,,,,,,,,91.5,2,91.7,250,,,,,,,,,,,,,,,,
2026-07-02T02:01:54.375627+00:00,2026-07-02T02:01:54.375509,1,2,91.35,0.3,91.2,203,,,,,,,,,,,,,,,,,,,91.5,2,91.7,250,,,,,,,,,,,,,,,,
2026-07-02T02:01:54.649516+00:00,2026-07-02T02:01:54.649415,1,2,91.35,0.3,91.2,156,,,,,,,,,,,,,,,,,,,91.5,2,91.7,250,,,,,,,,,,,,,,,,
2026-07-02T02:01:55.108071+00:00,2026-07-02T02:01:55.107953,1,1,91.45,0.5,91.2,156,,,,,,,,,,,,,,,,,,,91.7,212,,,,,,,,,,,,,,,,,,
2026-07-02T02:01:55.570417+00:00,2026-07-02T02:01:55.570253,1,1,91.45,0.5,91.2,156,,,,,,,,,,,,,,,,,,,91.7,100,,,,,,,,,,,,,,,,,,
2026-07-02T02:01:55.575586+00:00,2026-07-02T02:01:55.575439,1,1,91.45,0.5,91.2,103,,,,,,,,,,,,,,,,,,,91.7,100,,,,,,,,,,,,,,,,,,
2026-07-02T02:01:55.624707+00:00,2026-07-02T02:01:55.624676,2,1,91.5,0.4,91.3,150,91.2,103,,,,,,,,,,,,,,,,,91.7,100,,,,,,,,,,,,,,,,,,
2026-07-02T02:01:55.679201+00:00,2026-07-02T02:01:55.679351,2,2,91.5,0.4,91.3,150,91.2,103,,,,,,,,,,,,,,,,,91.7,100,91.8,150,,,,,,,,,,,,,,,,
2026-07-02T02:01:56.128713+00:00,2026-07-02T02:01:56.128648,2,2,91.5,0.4,91.3,100,91.2,103,,,,,,,,,,,,,,,,,91.7,100,91.8,150,,,,,,,,,,,,,,,,
2026-07-02T02:01:56.774138+00:00,2026-07-02T02:01:56.774302,2,2,91.5,0.4,91.3,60,91.2,103,,,,,,,,,,,,,,,,,91.7,100,91.8,150,,,,,,,,,,,,,,,,
2026-07-02T02:01:57.039639+00:00,2026-07-02T02:01:57.039520,2,1,91.55,0.5,91.3,60,91.2,103,,,,,,,,,,,,,,,,,91.8,150,,,,,,,,,,,,,,,,,,
2026-07-02T02:01:57.044597+00:00,2026-07-02T02:01:57.044681,2,1,91.55,0.5,91.3,60,91.2,3,,,,,,,,,,,,,,,,,91.8,150,,,,,,,,,,,,,,,,,,
2026-07-02T02:01:57.101253+00:00,2026-07-02T02:01:57.101209,3,1,91.6,0.4,91.4,100,91.3,60,91.2,3,,,,,,,,,,,,,,,91.8,150,,,,,,,,,,,,,,,,,,
2026-07-02T02:01:57.158596+00:00,2026-07-02T02:01:57.149994,3,2,91.6,0.4,91.4,100,91.3,60,91.2,3,,,,,,,,,,,,,,,91.8,150,91.9,100,,,,,,,,,,,,,,,,
2026-07-02T02:01:58.236444+00:00,2026-07-02T02:01:58.236298,3,2,91.6,0.4,91.4,50,91.3,60,91.2,3,,,,,,,,,,,,,,,91.8,150,91.9,100,,,,,,,,,,,,,,,,
2026-07-02T02:01:58.748844+00:00,2026-07-02T02:01:58.748992,2,1,91.65,0.5,91.4,50,91.2,3,,,,,,,,,,,,,,,,,91.9,100,,,,,,,,,,,,,,,,,,
2026-07-02T02:01:58.804810+00:00,2026-07-02T02:01:58.804723,3,1,91.65,0.5,91.4,50,91.2,3,90.9,150,,,,,,,,,,,,,,,91.9,100,,,,,,,,,,,,,,,,,,
2026-07-02T02:01:58.869729+00:00,2026-07-02T02:01:58.863049,2,2,91.3,0.2,91.2,3,90.9,150,,,,,,,,,,,,,,,,,91.4,97,91.9,100,,,,,,,,,,,,,,,,
2026-07-02T02:01:59.064102+00:00,2026-07-02T02:01:59.063976,2,2,91.3,0.2,91.2,2,90.9,150,,,,,,,,,,,,,,,,,91.4,97,91.9,100,,,,,,,,,,,,,,,,
2026-07-02T02:02:00.205620+00:00,2026-07-02T02:02:00.205558,2,1,91.3,0.2,91.2,2,90.9,150,,,,,,,,,,,,,,,,,91.4,97,,,,,,,,,,,,,,,,,,
2026-07-02T02:02:00.256654+00:00,2026-07-02T02:02:00.256866,3,1,91.3,0.2,91.2,2,91.0,100,90.9,150,,,,,,,,,,,,,,,91.4,97,,,,,,,,,,,,,,,,,,
2026-07-02T02:02:00.313306+00:00,2026-07-02T02:02:00.313233,3,2,91.3,0.2,91.2,2,91.0,100,90.9,150,,,,,,,,,,,,,,,91.4,97,91.5,100,,,,,,,,,,,,,,,,
2026-07-02T02:02:00.343929+00:00,2026-07-02T02:02:00.343804,2,2,91.2,0.4,91.0,52,90.9,150,,,,,,,,,,,,,,,,,91.4,97,91.5,100,,,,,,,,,,,,,,,,
2026-07-02T02:02:01.914437+00:00,2026-07-02T02:02:01.914541,1,1,91.25,0.5,91.0,52,,,,,,,,,,,,,,,,,,,91.5,100,,,,,,,,,,,,,,,,,,
2026-07-02T02:02:01.969873+00:00,2026-07-02T02:02:01.969768,1,1,91.25,0.5,91.0,202,,,,,,,,,,,,,,,,,,,91.5,100,,,,,,,,,,,,,,,,,,
2026-07-02T02:02:02.023172+00:00,2026-07-02T02:02:02.023289,1,1,91.25,0.5,91.0,202,,,,,,,,,,,,,,,,,,,91.5,250,,,,,,,,,,,,,,,,,,
2026-07-02T02:02:02.343985+00:00,2026-07-02T02:02:02.343863,1,1,91.25,0.5,91.0,202,,,,,,,,,,,,,,,,,,,91.5,205,,,,,,,,,,,,,,,,,,
2026-07-02T02:02:02.400568+00:00,2026-07-02T02:02:02.400449,1,1,91.25,0.5,91.0,202,,,,,,,,,,,,,,,,,,,91.5,155,,,,,,,,,,,,,,,,,,
2026-07-02T02:02:03.368874+00:00,2026-07-02T02:02:03.368785,1,1,91.25,0.5,91.0,150,,,,,,,,,,,,,,,,,,,91.5,150,,,,,,,,,,,,,,,,,,
2026-07-02T02:02:03.424586+00:00,2026-07-02T02:02:03.424668,1,1,91.25,0.5,91.0,250,,,,,,,,,,,,,,,,,,,91.5,150,,,,,,,,,,,,,,,,,,
2026-07-02T02:02:03.477271+00:00,2026-07-02T02:02:03.477235,1,1,91.25,0.5,91.0,250,,,,,,,,,,,,,,,,,,,91.5,250,,,,,,,,,,,,,,,,,,
2026-07-02T02:02:03.547524+00:00,2026-07-02T02:02:03.547456,2,1,91.35,0.3,91.2,5,91.0,250,,,,,,,,,,,,,,,,,91.5,250,,,,,,,,,,,,,,,,,,
2026-07-02T02:02:03.587490+00:00,2026-07-02T02:02:03.582010,2,1,91.35,0.3,91.2,2,91.0,250,,,,,,,,,,,,,,,,,91.5,250,,,,,,,,,,,,,,,,,,
2026-07-02T02:02:04.554277+00:00,2026-07-02T02:02:04.554625,2,1,91.35,0.3,91.2,2,91.0,250,,,,,,,,,,,,,,,,,91.5,253,,,,,,,,,,,,,,,,,,
2026-07-02T02:02:04.568905+00:00,2026-07-02T02:02:04.568749,1,1,91.25,0.5,91.0,202,,,,,,,,,,,,,,,,,,,91.5,253,,,,,,,,,,,,,,,,,,
2026-07-02T02:02:04.732288+00:00,2026-07-02T02:02:04.732104,2,1,91.35,0.3,91.2,3,91.0,202,,,,,,,,,,,,,,,,,91.5,253,,,,,,,,,,,,,,,,,,
2026-07-02T02:02:05.078368+00:00,2026-07-02T02:02:05.078329,2,1,91.35,0.3,91.2,3,91.0,100,,,,,,,,,,,,,,,,,91.5,103,,,,,,,,,,,,,,,,,,
2026-07-02T02:02:05.133910+00:00,2026-07-02T02:02:05.133794,3,1,91.35,0.3,91.2,3,91.0,100,90.6,150,,,,,,,,,,,,,,,91.5,103,,,,,,,,,,,,,,,,,,
2026-07-02T02:02:05.186213+00:00,2026-07-02T02:02:05.186154,2,2,91.05,0.1,91.0,100,90.6,150,,,,,,,,,,,,,,,,,91.1,147,91.5,103,,,,,,,,,,,,,,,,
2026-07-02T02:02:06.533253+00:00,2026-07-02T02:02:06.533164,1,2,90.85,0.5,90.6,150,,,,,,,,,,,,,,,,,,,91.1,147,91.5,3,,,,,,,,,,,,,,,,
2026-07-02T02:02:06.574257+00:00,2026-07-02T02:02:06.574146,1,2,90.85,0.5,90.6,150,,,,,,,,,,,,,,,,,,,91.1,144,91.5,3,,,,,,,,,,,,,,,,
2026-07-02T02:02:06.584689+00:00,2026-07-02T02:02:06.584579,2,2,91.0,0.2,90.9,100,90.6,150,,,,,,,,,,,,,,,,,91.1,144,91.5,3,,,,,,,,,,,,,,,,
2026-07-02T02:02:06.641120+00:00,2026-07-02T02:02:06.641067,2,3,91.0,0.2,90.9,100,90.6,150,,,,,,,,,,,,,,,,,91.1,144,91.4,100,91.5,3,,,,,,,,,,,,,,
2026-07-02T02:02:06.670868+00:00,2026-07-02T02:02:06.670662,2,3,91.0,0.2,90.9,50,90.6,150,,,,,,,,,,,,,,,,,91.1,144,91.4,100,91.5,3,,,,,,,,,,,,,,
2026-07-02T02:02:07.209722+00:00,2026-07-02T02:02:07.203213,2,3,91.0,0.2,90.9,50,90.6,150,,,,,,,,,,,,,,,,,91.1,141,91.4,100,91.5,3,,,,,,,,,,,,,,
2026-07-02T02:02:08.240844+00:00,2026-07-02T02:02:08.241034,1,2,91.15,0.5,90.9,50,,,,,,,,,,,,,,,,,,,91.4,100,91.5,3,,,,,,,,,,,,,,,,
2026-07-02T02:02:08.295339+00:00,2026-07-02T02:02:08.295204,2,2,91.15,0.5,90.9,50,90.6,150,,,,,,,,,,,,,,,,,91.4,100,91.5,3,,,,,,,,,,,,,,,,
2026-07-02T02:02:08.358617+00:00,2026-07-02T02:02:08.357462,2,3,91.0,0.2,90.9,50,90.6,150,,,,,,,,,,,,,,,,,91.1,150,91.4,100,91.5,3,,,,,,,,,,,,,,
2026-07-02T02:02:08.725617+00:00,2026-07-02T02:02:08.725547,2,3,91.0,0.2,90.9,50,90.6,150,,,,,,,,,,,,,,,,,91.1,100,91.4,100,91.5,3,,,,,,,,,,,,,,
2026-07-02T02:02:08.857865+00:00,2026-07-02T02:02:08.858117,2,3,91.0,0.2,90.9,4,90.6,150,,,,,,,,,,,,,,,,,91.1,100,91.4,100,91.5,3,,,,,,,,,,,,,,
2026-07-02T02:02:08.868766+00:00,2026-07-02T02:02:08.868658,2,2,91.0,0.2,90.9,4,90.6,150,,,,,,,,,,,,,,,,,91.1,100,91.4,100,,,,,,,,,,,,,,,,
2026-07-02T02:02:09.694803+00:00,2026-07-02T02:02:09.694711,1,1,90.85,0.5,90.6,150,,,,,,,,,,,,,,,,,,,91.1,100,,,,,,,,,,,,,,,,,,
2026-07-02T02:02:09.749605+00:00,2026-07-02T02:02:09.749496,1,1,90.85,0.5,90.6,250,,,,,,,,,,,,,,,,,,,91.1,100,,,,,,,,,,,,,,,,,,
2026-07-02T02:02:09.800857+00:00,2026-07-02T02:02:09.800782,1,1,90.85,0.5,90.6,250,,,,,,,,,,,,,,,,,,,91.1,200,,,,,,,,,,,,,,,,,,
2026-07-02T02:02:10.836221+00:00,2026-07-02T02:02:10.836152,1,1,90.85,0.5,90.6,250,,,,,,,,,,,,,,,,,,,91.1,150,,,,,,,,,,,,,,,,,,
2026-07-02T02:02:11.419907+00:00,2026-07-02T02:02:11.419835,1,1,90.85,0.5,90.6,100,,,,,,,,,,,,,,,,,,,91.1,100,,,,,,,,,,,,,,,,,,
2026-07-02T02:02:11.474192+00:00,2026-07-02T02:02:11.474106,2,1,91.0,0.2,90.9,150,90.6,100,,,,,,,,,,,,,,,,,91.1,100,,,,,,,,,,,,,,,,,,
2026-07-02T02:02:11.527109+00:00,2026-07-02T02:02:11.526937,2,2,91.0,0.2,90.9,150,90.6,100,,,,,,,,,,,,,,,,,91.1,100,91.4,150,,,,,,,,,,,,,,,,
2026-07-02T02:02:12.858598+00:00,2026-07-02T02:02:12.858348,1,1,91.15,0.5,90.9,150,,,,,,,,,,,,,,,,,,,91.4,150,,,,,,,,,,,,,,,,,,
2026-07-02T02:02:12.902960+00:00,2026-07-02T02:02:12.902840,1,1,91.15,0.5,90.9,150,,,,,,,,,,,,,,,,,,,91.4,101,,,,,,,,,,,,,,,,,,
2026-07-02T02:02:12.915440+00:00,2026-07-02T02:02:12.915368,2,1,91.15,0.5,90.9,150,90.6,100,,,,,,,,,,,,,,,,,91.4,101,,,,,,,,,,,,,,,,,,
2026-07-02T02:02:12.967662+00:00,2026-07-02T02:02:12.967567,2,2,91.0,0.2,90.9,150,90.6,100,,,,,,,,,,,,,,,,,91.1,100,91.4,101,,,,,,,,,,,,,,,,
2026-07-02T02:02:14.378720+00:00,2026-07-02T02:02:14.378664,2,2,91.0,0.2,90.9,107,90.6,100,,,,,,,,,,,,,,,,,91.1,100,91.4,101,,,,,,,,,,,,,,,,
2026-07-02T02:02:14.581369+00:00,2026-07-02T02:02:14.581485,1,1,90.85,0.5,90.6,100,,,,,,,,,,,,,,,,,,,91.1,100,,,,,,,,,,,,,,,,,,
2026-07-02T02:02:14.630419+00:00,2026-07-02T02:02:14.630268,2,1,91.05,0.1,91.0,150,90.6,100,,,,,,,,,,,,,,,,,91.1,100,,,,,,,,,,,,,,,,,,
2026-07-02T02:02:14.683801+00:00,2026-07-02T02:02:14.683771,2,2,91.05,0.1,91.0,150,90.6,100,,,,,,,,,,,,,,,,,91.1,100,91.5,150,,,,,,,,,,,,,,,,
2026-07-02T02:02:14.843191+00:00,2026-07-02T02:02:14.843129,2,2,91.05,0.1,91.0,106,90.6,100,,,,,,,,,,,,,,,,,91.1,100,91.5,150,,,,,,,,,,,,,,,,
2026-07-02T02:02:15.093621+00:00,2026-07-02T02:02:15.093562,2,2,91.05,0.1,91.0,56,90.6,100,,,,,,,,,,,,,,,,,91.1,100,91.5,150,,,,,,,,,,,,,,,,
2026-07-02T02:02:15.897835+00:00,2026-07-02T02:02:15.897973,2,3,91.05,0.1,91.0,56,90.6,100,,,,,,,,,,,,,,,,,91.1,100,91.2,4,91.5,150,,,,,,,,,,,,,,
2026-07-02T02:02:16.022004+00:00,2026-07-02T02:02:16.021938,1,2,91.1,0.2,91.0,56,,,,,,,,,,,,,,,,,,,91.2,4,91.5,150,,,,,,,,,,,,,,,,
2026-07-02T02:02:16.075907+00:00,2026-07-02T02:02:16.075811,2,2,91.1,0.2,91.0,56,90.5,100,,,,,,,,,,,,,,,,,91.2,4,91.5,150,,,,,,,,,,,,,,,,
2026-07-02T02:02:16.129816+00:00,2026-07-02T02:02:16.129790,1,3,90.75,0.5,90.5,100,,,,,,,,,,,,,,,,,,,91.0,44,91.2,4,91.5,150,,,,,,,,,,,,,,
2026-07-02T02:02:16.295837+00:00,2026-07-02T02:02:16.295931,1,3,90.75,0.5,90.5,100,,,,,,,,,,,,,,,,,,,91.0,44,91.2,3,91.5,150,,,,,,,,,,,,,,
2026-07-02T02:02:17.156407+00:00,2026-07-02T02:02:17.156304,1,1,91.0,1.0,90.5,100,,,,,,,,,,,,,,,,,,,91.5,147,,,,,,,,,,,,,,,,,,
2026-07-02T02:02:17.278618+00:00,2026-07-02T02:02:17.278535,1,1,91.0,1.0,90.5,100,,,,,,,,,,,,,,,,,,,91.5,107,,,,,,,,,,,,,,,,,,
2026-07-02T02:02:17.741039+00:00,2026-07-02T02:02:17.740779,1,0,,,90.5,100,,,,,,,,,,,,,,,,,,,,,,,,,,,,,,,,,,,,,,
2026-07-02T02:02:17.790885+00:00,2026-07-02T02:02:17.790810,1,0,,,90.5,250,,,,,,,,,,,,,,,,,,,,,,,,,,,,,,,,,,,,,,
2026-07-02T02:02:17.849205+00:00,2026-07-02T02:02:17.849103,1,1,90.75,0.5,90.5,250,,,,,,,,,,,,,,,,,,,91.0,150,,,,,,,,,,,,,,,,,,
2026-07-02T02:02:18.056604+00:00,2026-07-02T02:02:18.049622,1,1,90.75,0.5,90.5,250,,,,,,,,,,,,,,,,,,,91.0,139,,,,,,,,,,,,,,,,,,
2026-07-02T02:02:18.246356+00:00,2026-07-02T02:02:18.246227,2,2,90.95,0.1,90.9,4,90.5,250,,,,,,,,,,,,,,,,,91.0,139,91.2,2,,,,,,,,,,,,,,,,
2026-07-02T02:02:18.327669+00:00,2026-07-02T02:02:18.327515,2,2,90.95,0.1,90.9,4,90.5,250,,,,,,,,,,,,,,,,,91.0,90,91.2,2,,,,,,,,,,,,,,,,
2026-07-02T02:02:19.186079+00:00,2026-07-02T02:02:19.185905,2,2,90.95,0.1,90.9,4,90.5,150,,,,,,,,,,,,,,,,,91.0,90,91.2,2,,,,,,,,,,,,,,,,
2026-07-02T02:02:19.260071+00:00,2026-07-02T02:02:19.259944,3,1,91.15,0.1,91.1,10,90.9,4,90.5,150,,,,,,,,,,,,,,,91.2,2,,,,,,,,,,,,,,,,,,
2026-07-02T02:02:19.314806+00:00,2026-07-02T02:02:19.314748,3,2,91.15,0.1,91.1,10,90.9,4,90.5,150,,,,,,,,,,,,,,,91.2,2,91.6,100,,,,,,,,,,,,,,,,
2026-07-02T02:02:19.356254+00:00,2026-07-02T02:02:19.356395,1,2,90.85,0.7,90.5,115,,,,,,,,,,,,,,,,,,,91.2,2,91.6,100,,,,,,,,,,,,,,,,
2026-07-02T02:02:19.764069+00:00,2026-07-02T02:02:19.763937,1,2,90.85,0.7,90.5,115,,,,,,,,,,,,,,,,,,,91.2,1,91.6,100,,,,,,,,,,,,,,,,
2026-07-02T02:02:20.406103+00:00,2026-07-02T02:02:20.406027,1,1,91.05,1.1,90.5,115,,,,,,,,,,,,,,,,,,,91.6,58,,,,,,,,,,,,,,,,,,
2026-07-02T02:02:20.898706+00:00,2026-07-02T02:02:20.898669,0,1,,,,,,,,,,,,,,,,,,,,,,,91.6,58,,,,,,,,,,,,,,,,,,
2026-07-02T02:02:20.968733+00:00,2026-07-02T02:02:20.962452,1,1,91.4,0.4,91.2,139,,,,,,,,,,,,,,,,,,,91.6,58,,,,,,,,,,,,,,,,,,
2026-07-02T02:02:21.009154+00:00,2026-07-02T02:02:21.009037,1,2,91.4,0.4,91.2,139,,,,,,,,,,,,,,,,,,,91.6,58,91.7,150,,,,,,,,,,,,,,,,
2026-07-02T02:02:21.371134+00:00,2026-07-02T02:02:21.371106,1,2,91.4,0.4,91.2,139,,,,,,,,,,,,,,,,,,,91.6,8,91.7,150,,,,,,,,,,,,,,,,
2026-07-02T02:02:22.369102+00:00,2026-07-02T02:02:22.369064,1,1,91.45,0.5,91.2,139,,,,,,,,,,,,,,,,,,,91.7,150,,,,,,,,,,,,,,,,,,
2026-07-02T02:02:22.421977+00:00,2026-07-02T02:02:22.421860,2,1,91.45,0.5,91.2,139,91.1,100,,,,,,,,,,,,,,,,,91.7,150,,,,,,,,,,,,,,,,,,
2026-07-02T02:02:22.474773+00:00,2026-07-02T02:02:22.474588,2,2,91.4,0.4,91.2,139,91.1,100,,,,,,,,,,,,,,,,,91.6,100,91.7,150,,,,,,,,,,,,,,,,
2026-07-02T02:02:23.481921+00:00,2026-07-02T02:02:23.481751,2,2,91.4,0.4,91.2,139,91.1,100,,,,,,,,,,,,,,,,,91.6,50,91.7,150,,,,,,,,,,,,,,,,
2026-07-02T02:02:23.672389+00:00,2026-07-02T02:02:23.672310,2,2,91.4,0.4,91.2,94,91.1,100,,,,,,,,,,,,,,,,,91.6,50,91.7,150,,,,,,,,,,,,,,,,
2026-07-02T02:02:24.063915+00:00,2026-07-02T02:02:24.063823,1,1,91.35,0.5,91.1,100,,,,,,,,,,,,,,,,,,,91.6,50,,,,,,,,,,,,,,,,,,
2026-07-02T02:02:24.118138+00:00,2026-07-02T02:02:24.118078,2,1,91.35,0.5,91.1,100,91.0,150,,,,,,,,,,,,,,,,,91.6,50,,,,,,,,,,,,,,,,,,
2026-07-02T02:02:24.169406+00:00,2026-07-02T02:02:24.169307,2,2,91.3,0.4,91.1,100,91.0,150,,,,,,,,,,,,,,,,,91.5,150,91.6,50,,,,,,,,,,,,,,,,
2026-07-02T02:02:24.334589+00:00,2026-07-02T02:02:24.334548,2,2,91.3,0.4,91.1,100,91.0,155,,,,,,,,,,,,,,,,,91.5,150,91.6,50,,,,,,,,,,,,,,,,
2026-07-02T02:02:24.604242+00:00,2026-07-02T02:02:24.604165,2,2,91.3,0.4,91.1,100,91.0,154,,,,,,,,,,,,,,,,,91.5,150,91.6,50,,,,,,,,,,,,,,,,
2026-07-02T02:02:25.170424+00:00,2026-07-02T02:02:25.170281,2,3,91.2,0.2,91.1,100,91.0,154,,,,,,,,,,,,,,,,,91.3,1,91.5,150,91.6,50,,,,,,,,,,,,,,
2026-07-02T02:02:25.175667+00:00,2026-07-02T02:02:25.175538,2,2,91.3,0.4,91.1,100,91.0,154,,,,,,,,,,,,,,,,,91.5,109,91.6,50,,,,,,,,,,,,,,,,
2026-07-02T02:02:25.258541+00:00,2026-07-02T02:02:25.255359,2,3,91.2,0.2,91.1,100,91.0,154,,,,,,,,,,,,,,,,,91.3,1,91.5,109,91.6,50,,,,,,,,,,,,,,
2026-07-02T02:02:25.526952+00:00,2026-07-02T02:02:25.526906,1,2,91.15,0.3,91.0,154,,,,,,,,,,,,,,,,,,,91.3,1,91.5,109,,,,,,,,,,,,,,,,
2026-07-02T02:02:25.581394+00:00,2026-07-02T02:02:25.581298,2,2,91.2,0.2,91.1,100,91.0,154,,,,,,,,,,,,,,,,,91.3,1,91.5,109,,,,,,,,,,,,,,,,
2026-07-02T02:02:25.591711+00:00,2026-07-02T02:02:25.591663,2,1,91.3,0.4,91.1,100,91.0,154,,,,,,,,,,,,,,,,,91.5,60,,,,,,,,,,,,,,,,,,
2026-07-02T02:02:25.634514+00:00,2026-07-02T02:02:25.634447,2,2,91.3,0.4,91.1,100,91.0,154,,,,,,,,,,,,,,,,,91.5,60,91.6,100,,,,,,,,,,,,,,,,
2026-07-02T02:02:26.258558+00:00,2026-07-02T02:02:26.254955,2,3,91.2,0.2,91.1,100,91.0,154,,,,,,,,,,,,,,,,,91.3,1,91.5,60,91.6,100,,,,,,,,,,,,,,
2026-07-02T02:02:26.845687+00:00,2026-07-02T02:02:26.845607,2,3,91.2,0.2,91.1,59,91.0,154,,,,,,,,,,,,,,,,,91.3,1,91.5,60,91.6,100,,,,,,,,,,,,,,
2026-07-02T02:02:27.254573+00:00,2026-07-02T02:02:27.254798,2,2,91.2,0.2,91.1,59,91.0,4,,,,,,,,,,,,,,,,,91.3,1,91.6,100,,,,,,,,,,,,,,,,
2026-07-02T02:02:27.318885+00:00,2026-07-02T02:02:27.318738,3,1,91.45,0.3,91.3,149,91.1,59,91.0,4,,,,,,,,,,,,,,,91.6,100,,,,,,,,,,,,,,,,,,
2026-07-02T02:02:27.335212+00:00,2026-07-02T02:02:27.335135,3,1,91.45,0.3,91.3,148,91.1,59,91.0,4,,,,,,,,,,,,,,,91.6,100,,,,,,,,,,,,,,,,,,
2026-07-02T02:02:27.359937+00:00,2026-07-02T02:02:27.359759,3,1,91.45,0.3,91.3,147,91.1,59,91.0,4,,,,,,,,,,,,,,,91.6,100,,,,,,,,,,,,,,,,,,
2026-07-02T02:02:27.375513+00:00,2026-07-02T02:02:27.375405,3,2,91.45,0.3,91.3,147,91.1,59,91.0,4,,,,,,,,,,,,,,,91.6,100,91.8,150,,,,,,,,,,,,,,,,
2026-07-02T02:02:27.437812+00:00,2026-07-02T02:02:27.437760,3,2,91.45,0.3,91.3,147,91.1,59,91.0,4,,,,,,,,,,,,,,,91.6,53,91.8,150,,,,,,,,,,,,,,,,
2026-07-02T02:02:27.618870+00:00,2026-07-02T02:02:27.618738,3,2,91.45,0.3,91.3,145,91.1,59,91.0,4,,,,,,,,,,,,,,,91.6,53,91.8,150,,,,,,,,,,,,,,,,
2026-07-02T02:02:27.696618+00:00,2026-07-02T02:02:27.696755,3,2,91.45,0.3,91.3,145,91.1,59,91.0,4,,,,,,,,,,,,,,,91.6,3,91.8,150,,,,,,,,,,,,,,,,
2026-07-02T02:02:27.769287+00:00,2026-07-02T02:02:27.769132,3,2,91.45,0.3,91.3,143,91.1,59,91.0,4,,,,,,,,,,,,,,,91.6,3,91.8,150,,,,,,,,,,,,,,,,
2026-07-02T02:02:27.790189+00:00,2026-07-02T02:02:27.790060,3,3,91.35,0.1,91.3,143,91.1,59,91.0,4,,,,,,,,,,,,,,,91.4,2,91.6,3,91.8,150,,,,,,,,,,,,,,
2026-07-02T02:02:28.343400+00:00,2026-07-02T02:02:28.343214,3,3,91.35,0.1,91.3,143,91.1,59,91.0,3,,,,,,,,,,,,,,,91.4,2,91.6,3,91.8,150,,,,,,,,,,,,,,
2026-07-02T02:02:28.684815+00:00,2026-07-02T02:02:28.684693,3,2,91.35,0.1,91.3,143,91.1,59,91.0,3,,,,,,,,,,,,,,,91.4,2,91.8,150,,,,,,,,,,,,,,,,
2026-07-02T02:02:28.689881+00:00,2026-07-02T02:02:28.689858,2,2,91.35,0.1,91.3,143,91.0,3,,,,,,,,,,,,,,,,,91.4,2,91.8,150,,,,,,,,,,,,,,,,
2026-07-02T02:02:28.742358+00:00,2026-07-02T02:02:28.742438,2,2,91.35,0.1,91.3,243,91.0,3,,,,,,,,,,,,,,,,,91.4,2,91.8,150,,,,,,,,,,,,,,,,
2026-07-02T02:02:28.794259+00:00,2026-07-02T02:02:28.794185,2,2,91.35,0.1,91.3,243,91.0,3,,,,,,,,,,,,,,,,,91.4,2,91.8,250,,,,,,,,,,,,,,,,
2026-07-02T02:02:28.804518+00:00,2026-07-02T02:02:28.804604,2,2,91.35,0.1,91.3,243,91.0,2,,,,,,,,,,,,,,,,,91.4,2,91.8,250,,,,,,,,,,,,,,,,
2026-07-02T02:02:29.031727+00:00,2026-07-02T02:02:29.026042,2,2,91.35,0.1,91.3,240,91.0,2,,,,,,,,,,,,,,,,,91.4,2,91.8,250,,,,,,,,,,,,,,,,
2026-07-02T02:02:29.380349+00:00,2026-07-02T02:02:29.380221,2,2,91.35,0.1,91.3,240,91.0,1,,,,,,,,,,,,,,,,,91.4,2,91.8,250,,,,,,,,,,,,,,,,
2026-07-02T02:02:29.821226+00:00,2026-07-02T02:02:29.821428,2,1,91.55,0.5,91.3,240,91.0,1,,,,,,,,,,,,,,,,,91.8,202,,,,,,,,,,,,,,,,,,
2026-07-02T02:02:30.029659+00:00,2026-07-02T02:02:30.029550,2,2,91.35,0.1,91.3,240,91.0,1,,,,,,,,,,,,,,,,,91.4,4,91.8,202,,,,,,,,,,,,,,,,
2026-07-02T02:02:30.425467+00:00,2026-07-02T02:02:30.425667,2,2,91.35,0.1,91.3,100,91.0,1,,,,,,,,,,,,,,,,,91.4,4,91.8,100,,,,,,,,,,,,,,,,
2026-07-02T02:02:30.475950+00:00,2026-07-02T02:02:30.475838,2,2,91.35,0.1,91.3,100,91.0,1,,,,,,,,,,,,,,,,,91.4,3,91.8,100,,,,,,,,,,,,,,,,
2026-07-02T02:02:30.481216+00:00,2026-07-02T02:02:30.481159,3,1,91.65,0.3,91.5,147,91.3,100,91.0,1,,,,,,,,,,,,,,,91.8,100,,,,,,,,,,,,,,,,,,
2026-07-02T02:02:30.533526+00:00,2026-07-02T02:02:30.533692,3,1,91.65,0.3,91.5,144,91.3,100,91.0,1,,,,,,,,,,,,,,,91.8,100,,,,,,,,,,,,,,,,,,
2026-07-02T02:02:30.538965+00:00,2026-07-02T02:02:30.538882,3,2,91.65,0.3,91.5,144,91.3,100,91.0,1,,,,,,,,,,,,,,,91.8,100,92.0,150,,,,,,,,,,,,,,,,
2026-07-02T02:02:30.590903+00:00,2026-07-02T02:02:30.590778,3,2,91.65,0.3,91.5,141,91.3,100,91.0,1,,,,,,,,,,,,,,,91.8,100,92.0,150,,,,,,,,,,,,,,,,
2026-07-02T02:02:30.658552+00:00,2026-07-02T02:02:30.658067,3,2,91.65,0.3,91.5,139,91.3,100,91.0,1,,,,,,,,,,,,,,,91.8,100,92.0,150,,,,,,,,,,,,,,,,
2026-07-02T02:02:30.775395+00:00,2026-07-02T02:02:30.775291,2,2,91.65,0.3,91.5,139,91.3,100,,,,,,,,,,,,,,,,,91.8,100,92.0,150,,,,,,,,,,,,,,,,
2026-07-02T02:02:31.486223+00:00,2026-07-02T02:02:31.485748,3,2,91.65,0.3,91.5,139,91.3,100,91.2,4,,,,,,,,,,,,,,,91.8,100,92.0,150,,,,,,,,,,,,,,,,
2026-07-02T02:02:31.538546+00:00,2026-07-02T02:02:31.538438,3,2,91.65,0.3,91.5,98,91.3,100,91.2,4,,,,,,,,,,,,,,,91.8,100,92.0,150,,,,,,,,,,,,,,,,
2026-07-02T02:02:31.670461+00:00,2026-07-02T02:02:31.670343,3,2,91.65,0.3,91.5,96,91.3,100,91.2,4,,,,,,,,,,,,,,,91.8,100,92.0,150,,,,,,,,,,,,,,,,
2026-07-02T02:02:31.774904+00:00,2026-07-02T02:02:31.774768,3,2,91.65,0.3,91.5,94,91.3,100,91.2,4,,,,,,,,,,,,,,,91.8,100,92.0,150,,,,,,,,,,,,,,,,
2026-07-02T02:02:31.846576+00:00,2026-07-02T02:02:31.846700,3,1,91.75,0.5,91.5,94,91.3,100,91.2,4,,,,,,,,,,,,,,,92.0,150,,,,,,,,,,,,,,,,,,
2026-07-02T02:02:31.851985+00:00,2026-07-02T02:02:31.851871,2,1,91.75,0.5,91.5,94,91.2,4,,,,,,,,,,,,,,,,,92.0,150,,,,,,,,,,,,,,,,,,
2026-07-02T02:02:31.906752+00:00,2026-07-02T02:02:31.906840,2,1,91.75,0.5,91.5,194,91.2,4,,,,,,,,,,,,,,,,,92.0,150,,,,,,,,,,,,,,,,,,
2026-07-02T02:02:31.932720+00:00,2026-07-02T02:02:31.932573,2,1,91.75,0.5,91.5,194,91.2,4,,,,,,,,,,,,,,,,,92.0,100,,,,,,,,,,,,,,,,,,
2026-07-02T02:02:31.959865+00:00,2026-07-02T02:02:31.959752,2,1,91.75,0.5,91.5,194,91.2,4,,,,,,,,,,,,,,,,,92.0,200,,,,,,,,,,,,,,,,,,
2026-07-02T02:02:32.414398+00:00,2026-07-02T02:02:32.414350,2,1,91.75,0.5,91.5,193,91.2,4,,,,,,,,,,,,,,,,,92.0,200,,,,,,,,,,,,,,,,,,
2026-07-02T02:02:32.675145+00:00,2026-07-02T02:02:32.675040,2,1,91.75,0.5,91.5,191,91.2,4,,,,,,,,,,,,,,,,,92.0,200,,,,,,,,,,,,,,,,,,
2026-07-02T02:02:32.738747+00:00,2026-07-02T02:02:32.738637,2,1,91.75,0.5,91.5,190,91.2,4,,,,,,,,,,,,,,,,,92.0,200,,,,,,,,,,,,,,,,,,
2026-07-02T02:02:32.776809+00:00,2026-07-02T02:02:32.776753,2,1,91.75,0.5,91.5,189,91.2,4,,,,,,,,,,,,,,,,,92.0,200,,,,,,,,,,,,,,,,,,
2026-07-02T02:02:32.801290+00:00,2026-07-02T02:02:32.801153,2,1,91.75,0.5,91.5,188,91.2,4,,,,,,,,,,,,,,,,,92.0,200,,,,,,,,,,,,,,,,,,
2026-07-02T02:02:33.592170+00:00,2026-07-02T02:02:33.592356,2,1,91.75,0.5,91.5,100,91.2,4,,,,,,,,,,,,,,,,,92.0,100,,,,,,,,,,,,,,,,,,
2026-07-02T02:02:33.646321+00:00,2026-07-02T02:02:33.646179,3,1,91.8,0.4,91.6,150,91.5,100,91.2,4,,,,,,,,,,,,,,,92.0,100,,,,,,,,,,,,,,,,,,
2026-07-02T02:02:33.698599+00:00,2026-07-02T02:02:33.698535,3,2,91.8,0.4,91.6,150,91.5,100,91.2,4,,,,,,,,,,,,,,,92.0,100,92.1,150,,,,,,,,,,,,,,,,
2026-07-02T02:02:34.044523+00:00,2026-07-02T02:02:34.044415,3,2,91.8,0.4,91.6,150,91.5,100,91.2,4,,,,,,,,,,,,,,,92.0,50,92.1,150,,,,,,,,,,,,,,,,
2026-07-02T02:02:35.029758+00:00,2026-07-02T02:02:35.029658,2,1,91.85,0.5,91.6,150,91.2,4,,,,,,,,,,,,,,,,,92.1,150,,,,,,,,,,,,,,,,,,
2026-07-02T02:02:35.085461+00:00,2026-07-02T02:02:35.085377,2,1,91.85,0.5,91.6,250,91.2,4,,,,,,,,,,,,,,,,,92.1,150,,,,,,,,,,,,,,,,,,
2026-07-02T02:02:35.138601+00:00,2026-07-02T02:02:35.138486,2,1,91.85,0.5,91.6,250,91.2,4,,,,,,,,,,,,,,,,,92.1,250,,,,,,,,,,,,,,,,,,
2026-07-02T02:02:35.188220+00:00,2026-07-02T02:02:35.188082,2,1,91.85,0.5,91.6,249,91.2,4,,,,,,,,,,,,,,,,,92.1,250,,,,,,,,,,,,,,,,,,
2026-07-02T02:02:35.450622+00:00,2026-07-02T02:02:35.445087,2,1,91.85,0.5,91.6,35,91.2,4,,,,,,,,,,,,,,,,,92.1,250,,,,,,,,,,,,,,,,,,
2026-07-02T02:02:36.212745+00:00,2026-07-02T02:02:36.212550,2,1,91.85,0.5,91.6,34,91.2,4,,,,,,,,,,,,,,,,,92.1,250,,,,,,,,,,,,,,,,,,
2026-07-02T02:02:36.279602+00:00,2026-07-02T02:02:36.279768,1,1,91.85,0.5,91.6,34,,,,,,,,,,,,,,,,,,,92.1,250,,,,,,,,,,,,,,,,,,
2026-07-02T02:02:36.284994+00:00,2026-07-02T02:02:36.284912,1,2,91.65,0.1,91.6,34,,,,,,,,,,,,,,,,,,,91.7,1,92.1,250,,,,,,,,,,,,,,,,
2026-07-02T02:02:36.302399+00:00,2026-07-02T02:02:36.302322,2,2,91.65,0.1,91.6,34,91.4,4,,,,,,,,,,,,,,,,,91.7,1,92.1,250,,,,,,,,,,,,,,,,
2026-07-02T02:02:36.763469+00:00,2026-07-02T02:02:36.757720,2,1,91.85,0.5,91.6,34,91.4,4,,,,,,,,,,,,,,,,,92.1,100,,,,,,,,,,,,,,,,,,
2026-07-02T02:02:36.799800+00:00,2026-07-02T02:02:36.793814,2,1,91.85,0.5,91.6,34,91.4,4,,,,,,,,,,,,,,,,,92.1,100,,,,,,,,,,,,,,,,,,
2026-07-02T02:02:36.815372+00:00,2026-07-02T02:02:36.815236,3,1,91.85,0.5,91.6,34,91.4,4,91.0,150,,,,,,,,,,,,,,,92.1,100,,,,,,,,,,,,,,,,,,
2026-07-02T02:02:36.850620+00:00,2026-07-02T02:02:36.845160,3,1,91.85,0.5,91.6,34,91.4,4,91.0,150,,,,,,,,,,,,,,,92.1,100,,,,,,,,,,,,,,,,,,
2026-07-02T02:02:36.865857+00:00,2026-07-02T02:02:36.866035,2,2,91.45,0.1,91.4,4,91.0,150,,,,,,,,,,,,,,,,,91.5,116,92.1,100,,,,,,,,,,,,,,,,
2026-07-02T02:02:36.876213+00:00,2026-07-02T02:02:36.870629,2,2,91.45,0.1,91.4,4,91.0,150,,,,,,,,,,,,,,,,,91.5,105,92.1,100,,,,,,,,,,,,,,,,
2026-07-02T02:02:37.214269+00:00,2026-07-02T02:02:37.214132,2,3,91.45,0.1,91.4,4,91.0,150,,,,,,,,,,,,,,,,,91.5,105,91.7,1,92.1,100,,,,,,,,,,,,,,
2026-07-02T02:02:37.357896+00:00,2026-07-02T02:02:37.358010,2,2,91.45,0.1,91.4,4,91.0,150,,,,,,,,,,,,,,,,,91.5,105,92.1,100,,,,,,,,,,,,,,,,
2026-07-02T02:02:38.074739+00:00,2026-07-02T02:02:38.074600,2,1,91.75,0.7,91.4,4,91.0,150,,,,,,,,,,,,,,,,,92.1,100,,,,,,,,,,,,,,,,,,
2026-07-02T02:02:38.193869+00:00,2026-07-02T02:02:38.193944,2,0,,,91.4,4,91.0,150,,,,,,,,,,,,,,,,,,,,,,,,,,,,,,,,,,,,
2026-07-02T02:02:38.246233+00:00,2026-07-02T02:02:38.246148,2,0,,,91.4,104,91.0,150,,,,,,,,,,,,,,,,,,,,,,,,,,,,,,,,,,,,
2026-07-02T02:02:38.294891+00:00,2026-07-02T02:02:38.294967,2,1,91.65,0.5,91.4,104,91.0,150,,,,,,,,,,,,,,,,,91.9,100,,,,,,,,,,,,,,,,,,
2026-07-02T02:02:38.307238+00:00,2026-07-02T02:02:38.307213,2,1,91.65,0.5,91.4,54,91.0,150,,,,,,,,,,,,,,,,,91.9,100,,,,,,,,,,,,,,,,,,
2026-07-02T02:02:38.441873+00:00,2026-07-02T02:02:38.441821,2,1,91.65,0.5,91.4,59,91.0,150,,,,,,,,,,,,,,,,,91.9,100,,,,,,,,,,,,,,,,,,
2026-07-02T02:02:39.925211+00:00,2026-07-02T02:02:39.924959,1,1,91.65,0.5,91.4,59,,,,,,,,,,,,,,,,,,,91.9,100,,,,,,,,,,,,,,,,,,
2026-07-02T02:02:39.973337+00:00,2026-07-02T02:02:39.973265,2,1,91.8,0.2,91.7,150,91.4,59,,,,,,,,,,,,,,,,,91.9,100,,,,,,,,,,,,,,,,,,
2026-07-02T02:02:40.025112+00:00,2026-07-02T02:02:40.025011,2,2,91.8,0.2,91.7,150,91.4,59,,,,,,,,,,,,,,,,,91.9,100,92.2,150,,,,,,,,,,,,,,,,
2026-07-02T02:02:40.414072+00:00,2026-07-02T02:02:40.414036,2,2,91.8,0.2,91.7,100,91.4,59,,,,,,,,,,,,,,,,,91.9,100,92.2,150,,,,,,,,,,,,,,,,
2026-07-02T02:02:41.358588+00:00,2026-07-02T02:02:41.348031,2,1,91.95,0.5,91.7,100,91.4,5,,,,,,,,,,,,,,,,,92.2,150,,,,,,,,,,,,,,,,,,
2026-07-02T02:02:41.395019+00:00,2026-07-02T02:02:41.395311,3,1,91.95,0.5,91.7,53,91.4,5,91.3,100,,,,,,,,,,,,,,,92.2,150,,,,,,,,,,,,,,,,,,
2026-07-02T02:02:41.453613+00:00,2026-07-02T02:02:41.453502,3,2,91.75,0.1,91.7,53,91.4,5,91.3,100,,,,,,,,,,,,,,,91.8,100,92.2,150,,,,,,,,,,,,,,,,
2026-07-02T02:02:42.520254+00:00,2026-07-02T02:02:42.520102,3,2,91.75,0.1,91.7,3,91.4,5,91.3,100,,,,,,,,,,,,,,,91.8,100,92.2,150,,,,,,,,,,,,,,,,
2026-07-02T02:02:43.083248+00:00,2026-07-02T02:02:43.083151,2,1,91.6,0.4,91.4,5,91.3,100,,,,,,,,,,,,,,,,,91.8,100,,,,,,,,,,,,,,,,,,
2026-07-02T02:02:43.137623+00:00,2026-07-02T02:02:43.137545,3,1,91.6,0.4,91.4,5,91.3,100,91.1,150,,,,,,,,,,,,,,,91.8,100,,,,,,,,,,,,,,,,,,
2026-07-02T02:02:43.190718+00:00,2026-07-02T02:02:43.190588,3,2,91.5,0.2,91.4,5,91.3,100,91.1,150,,,,,,,,,,,,,,,91.6,150,91.8,100,,,,,,,,,,,,,,,,
2026-07-02T02:02:43.684640+00:00,2026-07-02T02:02:43.684582,3,2,91.5,0.2,91.4,5,91.3,100,91.1,150,,,,,,,,,,,,,,,91.6,110,91.8,100,,,,,,,,,,,,,,,,
2026-07-02T02:02:44.509334+00:00,2026-07-02T02:02:44.509242,2,1,91.5,0.2,91.4,5,91.1,150,,,,,,,,,,,,,,,,,91.6,110,,,,,,,,,,,,,,,,,,
2026-07-02T02:02:44.564252+00:00,2026-07-02T02:02:44.564074,3,1,91.5,0.2,91.4,5,91.2,100,91.1,150,,,,,,,,,,,,,,,91.6,110,,,,,,,,,,,,,,,,,,
2026-07-02T02:02:44.575239+00:00,2026-07-02T02:02:44.575186,3,1,91.5,0.2,91.4,5,91.2,100,91.1,150,,,,,,,,,,,,,,,91.6,60,,,,,,,,,,,,,,,,,,
2026-07-02T02:02:44.614520+00:00,2026-07-02T02:02:44.614443,3,2,91.5,0.2,91.4,5,91.2,100,91.1,150,,,,,,,,,,,,,,,91.6,60,91.7,100,,,,,,,,,,,,,,,,
2026-07-02T02:02:45.155596+00:00,2026-07-02T02:02:45.155445,3,2,91.5,0.2,91.4,5,91.2,100,91.1,150,,,,,,,,,,,,,,,91.6,20,91.7,100,,,,,,,,,,,,,,,,
2026-07-02T02:02:45.700095+00:00,2026-07-02T02:02:45.700048,2,2,91.4,0.4,91.2,61,91.1,150,,,,,,,,,,,,,,,,,91.6,20,91.7,100,,,,,,,,,,,,,,,,
2026-07-02T02:02:45.958589+00:00,2026-07-02T02:02:45.956487,3,2,91.5,0.2,91.4,6,91.2,61,91.1,150,,,,,,,,,,,,,,,91.6,20,91.7,100,,,,,,,,,,,,,,,,
2026-07-02T02:02:46.244195+00:00,2026-07-02T02:02:46.244088,2,1,91.55,0.3,91.4,6,91.2,61,,,,,,,,,,,,,,,,,91.7,100,,,,,,,,,,,,,,,,,,
2026-07-02T02:02:46.298313+00:00,2026-07-02T02:02:46.298262,3,1,91.6,0.2,91.5,150,91.4,6,91.2,61,,,,,,,,,,,,,,,91.7,100,,,,,,,,,,,,,,,,,,
2026-07-02T02:02:46.350755+00:00,2026-07-02T02:02:46.350674,3,2,91.6,0.2,91.5,150,91.4,6,91.2,61,,,,,,,,,,,,,,,91.7,100,92.0,150,,,,,,,,,,,,,,,,
2026-07-02T02:02:46.591864+00:00,2026-07-02T02:02:46.591778,3,2,91.6,0.2,91.5,150,91.4,5,91.2,61,,,,,,,,,,,,,,,91.7,100,92.0,150,,,,,,,,,,,,,,,,
2026-07-02T02:02:46.685302+00:00,2026-07-02T02:02:46.685436,3,2,91.6,0.2,91.5,150,91.4,5,91.2,61,,,,,,,,,,,,,,,91.7,50,92.0,150,,,,,,,,,,,,,,,,
2026-07-02T02:02:47.333559+00:00,2026-07-02T02:02:47.333431,3,2,91.6,0.2,91.5,150,91.4,5,91.2,61,,,,,,,,,,,,,,,91.7,7,92.0,150,,,,,,,,,,,,,,,,
2026-07-02T02:02:47.673144+00:00,2026-07-02T02:02:47.673075,2,1,91.75,0.5,91.5,150,91.4,5,,,,,,,,,,,,,,,,,92.0,150,,,,,,,,,,,,,,,,,,
2026-07-02T02:02:47.735103+00:00,2026-07-02T02:02:47.735276,3,1,91.75,0.5,91.5,150,91.4,5,91.3,100,,,,,,,,,,,,,,,92.0,150,,,,,,,,,,,,,,,,,,
2026-07-02T02:02:47.790570+00:00,2026-07-02T02:02:47.790742,3,2,91.65,0.3,91.5,150,91.4,5,91.3,100,,,,,,,,,,,,,,,91.8,100,92.0,150,,,,,,,,,,,,,,,,
2026-07-02T02:02:48.458585+00:00,2026-07-02T02:02:48.456435,3,2,91.65,0.3,91.5,110,91.4,5,91.3,100,,,,,,,,,,,,,,,91.8,100,92.0,150,,,,,,,,,,,,,,,,
2026-07-02T02:02:48.791777+00:00,2026-07-02T02:02:48.791635,3,2,91.65,0.3,91.5,110,91.4,5,91.3,100,,,,,,,,,,,,,,,91.8,50,92.0,150,,,,,,,,,,,,,,,,
2026-07-02T02:02:49.405291+00:00,2026-07-02T02:02:49.405162,2,1,91.6,0.4,91.4,5,91.3,100,,,,,,,,,,,,,,,,,91.8,50,,,,,,,,,,,,,,,,,,
2026-07-02T02:02:49.455873+00:00,2026-07-02T02:02:49.455950,2,1,91.6,0.4,91.4,5,91.3,250,,,,,,,,,,,,,,,,,91.8,50,,,,,,,,,,,,,,,,,,
2026-07-02T02:02:49.511285+00:00,2026-07-02T02:02:49.511146,2,1,91.6,0.4,91.4,5,91.3,250,,,,,,,,,,,,,,,,,91.8,200,,,,,,,,,,,,,,,,,,
2026-07-02T02:02:49.606462+00:00,2026-07-02T02:02:49.606423,2,1,91.6,0.4,91.4,4,91.3,250,,,,,,,,,,,,,,,,,91.8,200,,,,,,,,,,,,,,,,,,
2026-07-02T02:02:49.831857+00:00,2026-07-02T02:02:49.831769,2,2,91.55,0.3,91.4,4,91.3,250,,,,,,,,,,,,,,,,,91.7,1,91.8,200,,,,,,,,,,,,,,,,
2026-07-02T02:02:50.848054+00:00,2026-07-02T02:02:50.847979,2,2,91.55,0.3,91.4,4,91.3,150,,,,,,,,,,,,,,,,,91.7,1,91.8,150,,,,,,,,,,,,,,,,
2026-07-02T02:02:50.901055+00:00,2026-07-02T02:02:50.900948,2,2,91.55,0.3,91.4,4,91.3,250,,,,,,,,,,,,,,,,,91.7,1,91.8,150,,,,,,,,,,,,,,,,
2026-07-02T02:02:50.958623+00:00,2026-07-02T02:02:50.950534,2,2,91.55,0.3,91.4,4,91.3,250,,,,,,,,,,,,,,,,,91.7,1,91.8,250,,,,,,,,,,,,,,,,
2026-07-02T02:02:51.990849+00:00,2026-07-02T02:02:51.990688,2,2,91.55,0.3,91.4,3,91.3,250,,,,,,,,,,,,,,,,,91.7,1,91.8,250,,,,,,,,,,,,,,,,
2026-07-02T02:02:52.584764+00:00,2026-07-02T02:02:52.584664,2,2,91.55,0.3,91.4,3,91.3,250,,,,,,,,,,,,,,,,,91.7,1,91.8,100,,,,,,,,,,,,,,,,
2026-07-02T02:02:52.589905+00:00,2026-07-02T02:02:52.589814,2,2,91.55,0.3,91.4,3,91.3,100,,,,,,,,,,,,,,,,,91.7,1,91.8,100,,,,,,,,,,,,,,,,
2026-07-02T02:02:52.644069+00:00,2026-07-02T02:02:52.643930,2,2,91.55,0.3,91.4,3,91.3,250,,,,,,,,,,,,,,,,,91.7,1,91.8,100,,,,,,,,,,,,,,,,
2026-07-02T02:02:52.696352+00:00,2026-07-02T02:02:52.696161,2,2,91.55,0.3,91.4,3,91.3,250,,,,,,,,,,,,,,,,,91.7,1,91.8,250,,,,,,,,,,,,,,,,
2026-07-02T02:02:54.009502+00:00,2026-07-02T02:02:54.009475,2,2,91.55,0.3,91.4,3,91.3,150,,,,,,,,,,,,,,,,,91.7,1,91.8,150,,,,,,,,,,,,,,,,
2026-07-02T02:02:54.058591+00:00,2026-07-02T02:02:54.052761,2,2,91.55,0.3,91.4,103,91.3,150,,,,,,,,,,,,,,,,,91.7,1,91.8,150,,,,,,,,,,,,,,,,
2026-07-02T02:02:54.116588+00:00,2026-07-02T02:02:54.116502,2,3,91.55,0.3,91.4,103,91.3,150,,,,,,,,,,,,,,,,,91.7,1,91.8,150,91.9,100,,,,,,,,,,,,,,
2026-07-02T02:02:54.538391+00:00,2026-07-02T02:02:54.538261,2,3,91.55,0.3,91.4,102,91.3,150,,,,,,,,,,,,,,,,,91.7,1,91.8,150,91.9,100,,,,,,,,,,,,,,
2026-07-02T02:02:55.037910+00:00,2026-07-02T02:02:55.037800,2,3,91.55,0.3,91.4,101,91.3,150,,,,,,,,,,,,,,,,,91.7,1,91.8,150,91.9,100,,,,,,,,,,,,,,
2026-07-02T02:02:55.164537+00:00,2026-07-02T02:02:55.164709,2,3,91.55,0.3,91.4,51,91.3,150,,,,,,,,,,,,,,,,,91.7,1,91.8,150,91.9,100,,,,,,,,,,,,,,
2026-07-02T02:02:55.758612+00:00,2026-07-02T02:02:55.754184,1,2,91.55,0.3,91.4,51,,,,,,,,,,,,,,,,,,,91.7,1,91.9,100,,,,,,,,,,,,,,,,
2026-07-02T02:02:55.810383+00:00,2026-07-02T02:02:55.810282,2,2,91.55,0.3,91.4,51,91.3,150,,,,,,,,,,,,,,,,,91.7,1,91.9,100,,,,,,,,,,,,,,,,
2026-07-02T02:02:55.858546+00:00,2026-07-02T02:02:55.857879,2,3,91.55,0.3,91.4,51,91.3,150,,,,,,,,,,,,,,,,,91.7,1,91.8,150,91.9,100,,,,,,,,,,,,,,
2026-07-02T02:02:57.170065+00:00,2026-07-02T02:02:57.170007,1,2,91.5,0.4,91.3,150,,,,,,,,,,,,,,,,,,,91.7,1,91.8,150,,,,,,,,,,,,,,,,
2026-07-02T02:02:57.224349+00:00,2026-07-02T02:02:57.224299,2,2,91.6,0.2,91.5,100,91.3,150,,,,,,,,,,,,,,,,,91.7,1,91.8,150,,,,,,,,,,,,,,,,
2026-07-02T02:02:57.271711+00:00,2026-07-02T02:02:57.271633,2,2,91.6,0.2,91.5,50,91.3,150,,,,,,,,,,,,,,,,,91.7,1,91.8,150,,,,,,,,,,,,,,,,
2026-07-02T02:02:57.276855+00:00,2026-07-02T02:02:57.276824,2,3,91.6,0.2,91.5,50,91.3,150,,,,,,,,,,,,,,,,,91.7,1,91.8,150,92.0,100,,,,,,,,,,,,,,
2026-07-02T02:02:58.312195+00:00,2026-07-02T02:02:58.312121,2,2,91.65,0.3,91.5,50,91.3,150,,,,,,,,,,,,,,,,,91.8,150,92.0,100,,,,,,,,,,,,,,,,
2026-07-02T02:02:58.917540+00:00,2026-07-02T02:02:58.917687,1,1,91.75,0.5,91.5,50,,,,,,,,,,,,,,,,,,,92.0,100,,,,,,,,,,,,,,,,,,
2026-07-02T02:02:58.974107+00:00,2026-07-02T02:02:58.974023,2,1,91.75,0.5,91.5,50,91.4,150,,,,,,,,,,,,,,,,,92.0,100,,,,,,,,,,,,,,,,,,
2026-07-02T02:02:59.028291+00:00,2026-07-02T02:02:59.028219,2,2,91.7,0.4,91.5,50,91.4,150,,,,,,,,,,,,,,,,,91.9,150,92.0,100,,,,,,,,,,,,,,,,
2026-07-02T02:03:00.330851+00:00,2026-07-02T02:03:00.330750,2,1,91.7,0.4,91.5,50,91.4,150,,,,,,,,,,,,,,,,,91.9,150,,,,,,,,,,,,,,,,,,
2026-07-02T02:03:00.336017+00:00,2026-07-02T02:03:00.335927,1,1,91.65,0.5,91.4,150,,,,,,,,,,,,,,,,,,,91.9,150,,,,,,,,,,,,,,,,,,
2026-07-02T02:03:00.389612+00:00,2026-07-02T02:03:00.389580,2,1,91.65,0.5,91.4,150,91.2,100,,,,,,,,,,,,,,,,,91.9,150,,,,,,,,,,,,,,,,,,
2026-07-02T02:03:00.454665+00:00,2026-07-02T02:03:00.454586,2,2,91.55,0.3,91.4,150,91.2,100,,,,,,,,,,,,,,,,,91.7,100,91.9,150,,,,,,,,,,,,,,,,
2026-07-02T02:03:00.800721+00:00,2026-07-02T02:03:00.800613,2,2,91.55,0.3,91.4,150,91.2,100,,,,,,,,,,,,,,,,,91.7,52,91.9,150,,,,,,,,,,,,,,,,
2026-07-02T02:03:00.854528+00:00,2026-07-02T02:03:00.854653,2,2,91.55,0.3,91.4,108,91.2,100,,,,,,,,,,,,,,,,,91.7,52,91.9,150,,,,,,,,,,,,,,,,
2026-07-02T02:03:01.431453+00:00,2026-07-02T02:03:01.431408,2,2,91.55,0.3,91.4,108,91.2,100,,,,,,,,,,,,,,,,,91.7,2,91.9,150,,,,,,,,,,,,,,,,
2026-07-02T02:03:02.081600+00:00,2026-07-02T02:03:02.081511,1,1,91.45,0.5,91.2,100,,,,,,,,,,,,,,,,,,,91.7,2,,,,,,,,,,,,,,,,,,
2026-07-02T02:03:02.135854+00:00,2026-07-02T02:03:02.135617,2,1,91.5,0.4,91.3,150,91.2,100,,,,,,,,,,,,,,,,,91.7,2,,,,,,,,,,,,,,,,,,
2026-07-02T02:03:02.188115+00:00,2026-07-02T02:03:02.188011,2,2,91.5,0.4,91.3,150,91.2,100,,,,,,,,,,,,,,,,,91.7,2,91.8,150,,,,,,,,,,,,,,,,
2026-07-02T02:03:02.329464+00:00,2026-07-02T02:03:02.329352,2,1,91.55,0.5,91.3,150,91.2,100,,,,,,,,,,,,,,,,,91.8,150,,,,,,,,,,,,,,,,,,
2026-07-02T02:03:03.512508+00:00,2026-07-02T02:03:03.512597,1,1,91.55,0.5,91.3,150,,,,,,,,,,,,,,,,,,,91.8,150,,,,,,,,,,,,,,,,,,
2026-07-02T02:03:03.537447+00:00,2026-07-02T02:03:03.537270,1,1,91.55,0.5,91.3,150,,,,,,,,,,,,,,,,,,,91.8,100,,,,,,,,,,,,,,,,,,
2026-07-02T02:03:03.574113+00:00,2026-07-02T02:03:03.574005,2,1,91.7,0.2,91.6,100,91.3,150,,,,,,,,,,,,,,,,,91.8,100,,,,,,,,,,,,,,,,,,
2026-07-02T02:03:03.624551+00:00,2026-07-02T02:03:03.624658,2,2,91.7,0.2,91.6,100,91.3,150,,,,,,,,,,,,,,,,,91.8,100,92.1,100,,,,,,,,,,,,,,,,
2026-07-02T02:03:04.387577+00:00,2026-07-02T02:03:04.387476,2,2,91.7,0.2,91.6,58,91.3,150,,,,,,,,,,,,,,,,,91.8,100,92.1,100,,,,,,,,,,,,,,,,
2026-07-02T02:03:04.449420+00:00,2026-07-02T02:03:04.449357,2,3,91.65,0.1,91.6,58,91.3,150,,,,,,,,,,,,,,,,,91.7,5,91.8,100,92.1,100,,,,,,,,,,,,,,
2026-07-02T02:03:05.238484+00:00,2026-07-02T02:03:05.238405,1,2,91.65,0.1,91.6,58,,,,,,,,,,,,,,,,,,,91.7,5,92.1,100,,,,,,,,,,,,,,,,
2026-07-02T02:03:05.308362+00:00,2026-07-02T02:03:05.308318,2,2,91.65,0.1,91.6,58,91.3,150,,,,,,,,,,,,,,,,,91.7,5,92.1,100,,,,,,,,,,,,,,,,
2026-07-02T02:03:05.360498+00:00,2026-07-02T02:03:05.360469,2,3,91.65,0.1,91.6,58,91.3,150,,,,,,,,,,,,,,,,,91.7,5,91.8,150,92.1,100,,,,,,,,,,,,,,
2026-07-02T02:03:05.447681+00:00,2026-07-02T02:03:05.447517,2,3,91.65,0.1,91.6,13,91.3,150,,,,,,,,,,,,,,,,,91.7,5,91.8,150,92.1,100,,,,,,,,,,,,,,
2026-07-02T02:03:05.534784+00:00,2026-07-02T02:03:05.534903,2,2,91.7,0.2,91.6,13,91.3,150,,,,,,,,,,,,,,,,,91.8,150,92.1,100,,,,,,,,,,,,,,,,
2026-07-02T02:03:05.698306+00:00,2026-07-02T02:03:05.698147,1,2,91.55,0.5,91.3,113,,,,,,,,,,,,,,,,,,,91.8,150,92.1,100,,,,,,,,,,,,,,,,
2026-07-02T02:03:06.679704+00:00,2026-07-02T02:03:06.679764,1,1,91.55,0.5,91.3,113,,,,,,,,,,,,,,,,,,,91.8,150,,,,,,,,,,,,,,,,,,
2026-07-02T02:03:06.732285+00:00,2026-07-02T02:03:06.732375,1,1,91.55,0.5,91.3,213,,,,,,,,,,,,,,,,,,,91.8,150,,,,,,,,,,,,,,,,,,
2026-07-02T02:03:06.785878+00:00,2026-07-02T02:03:06.785757,1,1,91.55,0.5,91.3,213,,,,,,,,,,,,,,,,,,,91.8,250,,,,,,,,,,,,,,,,,,
2026-07-02T02:03:07.725554+00:00,2026-07-02T02:03:07.725385,1,1,91.55,0.5,91.3,213,,,,,,,,,,,,,,,,,,,91.8,207,,,,,,,,,,,,,,,,,,
2026-07-02T02:03:07.804948+00:00,2026-07-02T02:03:07.805080,1,1,91.55,0.5,91.3,163,,,,,,,,,,,,,,,,,,,91.8,207,,,,,,,,,,,,,,,,,,
2026-07-02T02:03:08.410356+00:00,2026-07-02T02:03:08.410251,1,1,91.55,0.5,91.3,100,,,,,,,,,,,,,,,,,,,91.8,100,,,,,,,,,,,,,,,,,,
2026-07-02T02:03:08.463919+00:00,2026-07-02T02:03:08.463837,1,1,91.55,0.5,91.3,250,,,,,,,,,,,,,,,,,,,91.8,100,,,,,,,,,,,,,,,,,,
2026-07-02T02:03:08.520918+00:00,2026-07-02T02:03:08.520854,1,1,91.55,0.5,91.3,250,,,,,,,,,,,,,,,,,,,91.8,250,,,,,,,,,,,,,,,,,,
2026-07-02T02:03:08.683990+00:00,2026-07-02T02:03:08.683917,2,1,91.6,0.4,91.4,3,91.3,250,,,,,,,,,,,,,,,,,91.8,250,,,,,,,,,,,,,,,,,,
2026-07-02T02:03:08.689335+00:00,2026-07-02T02:03:08.689130,2,2,91.55,0.3,91.4,3,91.3,250,,,,,,,,,,,,,,,,,91.7,2,91.8,250,,,,,,,,,,,,,,,,
2026-07-02T02:03:08.758627+00:00,2026-07-02T02:03:08.750661,2,1,91.6,0.4,91.4,3,91.3,250,,,,,,,,,,,,,,,,,91.8,212,,,,,,,,,,,,,,,,,,
2026-07-02T02:03:09.578675+00:00,2026-07-02T02:03:09.578417,2,1,91.6,0.4,91.4,2,91.3,250,,,,,,,,,,,,,,,,,91.8,212,,,,,,,,,,,,,,,,,,
2026-07-02T02:03:09.840230+00:00,2026-07-02T02:03:09.840195,2,1,91.6,0.4,91.4,2,91.3,150,,,,,,,,,,,,,,,,,91.8,150,,,,,,,,,,,,,,,,,,
2026-07-02T02:03:09.895488+00:00,2026-07-02T02:03:09.895381,2,1,91.6,0.4,91.4,102,91.3,150,,,,,,,,,,,,,,,,,91.8,150,,,,,,,,,,,,,,,,,,
2026-07-02T02:03:09.910754+00:00,2026-07-02T02:03:09.910648,2,1,91.6,0.4,91.4,102,91.3,150,,,,,,,,,,,,,,,,,91.8,103,,,,,,,,,,,,,,,,,,
2026-07-02T02:03:09.915888+00:00,2026-07-02T02:03:09.915859,2,1,91.6,0.4,91.4,52,91.3,150,,,,,,,,,,,,,,,,,91.8,103,,,,,,,,,,,,,,,,,,
2026-07-02T02:03:09.948890+00:00,2026-07-02T02:03:09.948833,2,2,91.6,0.4,91.4,52,91.3,150,,,,,,,,,,,,,,,,,91.8,103,91.9,100,,,,,,,,,,,,,,,,
2026-07-02T02:03:10.586899+00:00,2026-07-02T02:03:10.586803,2,3,91.55,0.3,91.4,52,91.3,150,,,,,,,,,,,,,,,,,91.7,4,91.8,103,91.9,100,,,,,,,,,,,,,,
2026-07-02T02:03:11.574559+00:00,2026-07-02T02:03:11.574509,1,2,91.55,0.3,91.4,52,,,,,,,,,,,,,,,,,,,91.7,4,91.9,100,,,,,,,,,,,,,,,,
2026-07-02T02:03:11.628486+00:00,2026-07-02T02:03:11.628430,2,1,91.8,0.2,91.7,146,91.4,52,,,,,,,,,,,,,,,,,91.9,100,,,,,,,,,,,,,,,,,,
2026-07-02T02:03:11.681171+00:00,2026-07-02T02:03:11.681044,2,2,91.8,0.2,91.7,146,91.4,52,,,,,,,,,,,,,,,,,91.9,100,92.2,150,,,,,,,,,,,,,,,,
2026-07-02T02:03:12.028230+00:00,2026-07-02T02:03:12.028104,2,2,91.8,0.2,91.7,96,91.4,52,,,,,,,,,,,,,,,,,91.9,100,92.2,150,,,,,,,,,,,,,,,,
2026-07-02T02:03:13.001881+00:00,2026-07-02T02:03:13.001764,1,1,91.95,0.5,91.7,96,,,,,,,,,,,,,,,,,,,92.2,150,,,,,,,,,,,,,,,,,,
2026-07-02T02:03:13.063937+00:00,2026-07-02T02:03:13.063755,2,1,91.95,0.5,91.7,96,91.3,100,,,,,,,,,,,,,,,,,92.2,150,,,,,,,,,,,,,,,,,,
2026-07-02T02:03:13.110214+00:00,2026-07-02T02:03:13.110130,2,2,91.75,0.1,91.7,96,91.3,100,,,,,,,,,,,,,,,,,91.8,100,92.2,150,,,,,,,,,,,,,,,,
2026-07-02T02:03:13.433018+00:00,2026-07-02T02:03:13.432913,2,2,91.75,0.1,91.7,48,91.3,100,,,,,,,,,,,,,,,,,91.8,100,92.2,150,,,,,,,,,,,,,,,,
2026-07-02T02:03:14.083340+00:00,2026-07-02T02:03:14.083297,2,2,91.75,0.1,91.7,48,91.3,100,,,,,,,,,,,,,,,,,91.8,50,92.2,150,,,,,,,,,,,,,,,,
2026-07-02T02:03:14.734071+00:00,2026-07-02T02:03:14.734054,2,1,91.75,0.1,91.7,48,91.3,100,,,,,,,,,,,,,,,,,91.8,50,,,,,,,,,,,,,,,,,,
2026-07-02T02:03:14.739121+00:00,2026-07-02T02:03:14.739195,1,1,91.55,0.5,91.3,100,,,,,,,,,,,,,,,,,,,91.8,50,,,,,,,,,,,,,,,,,,
2026-07-02T02:03:14.794256+00:00,2026-07-02T02:03:14.794071,2,1,91.55,0.5,91.3,100,91.1,150,,,,,,,,,,,,,,,,,91.8,50,,,,,,,,,,,,,,,,,,
2026-07-02T02:03:14.847354+00:00,2026-07-02T02:03:14.847263,2,2,91.45,0.3,91.3,100,91.1,150,,,,,,,,,,,,,,,,,91.6,150,91.8,50,,,,,,,,,,,,,,,,
2026-07-02T02:03:15.796867+00:00,2026-07-02T02:03:15.796782,3,2,91.55,0.1,91.5,5,91.3,100,91.1,150,,,,,,,,,,,,,,,91.6,150,91.8,50,,,,,,,,,,,,,,,,
2026-07-02T02:03:16.164413+00:00,2026-07-02T02:03:16.164573,2,1,91.55,0.1,91.5,5,91.1,150,,,,,,,,,,,,,,,,,91.6,150,,,,,,,,,,,,,,,,,,
2026-07-02T02:03:16.200795+00:00,2026-07-02T02:03:16.200740,2,1,91.55,0.1,91.5,5,91.1,150,,,,,,,,,,,,,,,,,91.6,100,,,,,,,,,,,,,,,,,,
2026-07-02T02:03:16.221427+00:00,2026-07-02T02:03:16.221542,3,1,91.55,0.1,91.5,5,91.2,100,91.1,150,,,,,,,,,,,,,,,91.6,100,,,,,,,,,,,,,,,,,,
2026-07-02T02:03:16.276535+00:00,2026-07-02T02:03:16.276445,3,2,91.55,0.1,91.5,5,91.2,100,91.1,150,,,,,,,,,,,,,,,91.6,100,91.7,100,,,,,,,,,,,,,,,,
2026-07-02T02:03:17.668216+00:00,2026-07-02T02:03:17.668339,3,2,91.55,0.1,91.5,3,91.2,100,91.1,150,,,,,,,,,,,,,,,91.6,100,91.7,100,,,,,,,,,,,,,,,,
2026-07-02T02:03:17.805512+00:00,2026-07-02T02:03:17.805410,3,2,91.55,0.1,91.5,3,91.2,100,91.1,150,,,,,,,,,,,,,,,91.6,100,91.7,102,,,,,,,,,,,,,,,,
2026-07-02T02:03:17.900734+00:00,2026-07-02T02:03:17.900650,2,1,91.6,0.2,91.5,3,91.2,100,,,,,,,,,,,,,,,,,91.7,102,,,,,,,,,,,,,,,,,,
2026-07-02T02:03:17.950310+00:00,2026-07-02T02:03:17.950217,2,1,91.6,0.2,91.5,3,91.2,250,,,,,,,,,,,,,,,,,91.7,102,,,,,,,,,,,,,,,,,,
2026-07-02T02:03:18.015271+00:00,2026-07-02T02:03:18.015144,2,1,91.6,0.2,91.5,3,91.2,250,,,,,,,,,,,,,,,,,91.7,252,,,,,,,,,,,,,,,,,,
2026-07-02T02:03:18.309973+00:00,2026-07-02T02:03:18.309835,2,1,91.6,0.2,91.5,3,91.2,250,,,,,,,,,,,,,,,,,91.7,202,,,,,,,,,,,,,,,,,,
2026-07-02T02:03:19.327757+00:00,2026-07-02T02:03:19.327647,2,1,91.6,0.2,91.5,3,91.2,250,,,,,,,,,,,,,,,,,91.7,152,,,,,,,,,,,,,,,,,,
2026-07-02T02:03:19.332893+00:00,2026-07-02T02:03:19.332778,2,1,91.6,0.2,91.5,3,91.2,150,,,,,,,,,,,,,,,,,91.7,152,,,,,,,,,,,,,,,,,,
2026-07-02T02:03:19.385887+00:00,2026-07-02T02:03:19.385785,2,1,91.6,0.2,91.5,103,91.2,150,,,,,,,,,,,,,,,,,91.7,152,,,,,,,,,,,,,,,,,,
2026-07-02T02:03:19.439226+00:00,2026-07-02T02:03:19.439191,2,2,91.6,0.2,91.5,103,91.2,150,,,,,,,,,,,,,,,,,91.7,152,92.0,100,,,,,,,,,,,,,,,,
2026-07-02T02:03:19.918376+00:00,2026-07-02T02:03:19.918354,2,2,91.6,0.2,91.5,103,91.2,150,,,,,,,,,,,,,,,,,91.7,151,92.0,100,,,,,,,,,,,,,,,,
2026-07-02T02:03:20.271016+00:00,2026-07-02T02:03:20.270882,2,2,91.6,0.2,91.5,103,91.2,150,,,,,,,,,,,,,,,,,91.7,103,92.0,100,,,,,,,,,,,,,,,,
2026-07-02T02:03:20.430259+00:00,2026-07-02T02:03:20.430227,2,2,91.6,0.2,91.5,103,91.2,150,,,,,,,,,,,,,,,,,91.7,53,92.0,100,,,,,,,,,,,,,,,,
2026-07-02T02:03:20.843213+00:00,2026-07-02T02:03:20.843091,2,2,91.6,0.2,91.5,59,91.2,150,,,,,,,,,,,,,,,,,91.7,53,92.0,100,,,,,,,,,,,,,,,,
2026-07-02T02:03:21.068979+00:00,2026-07-02T02:03:21.068876,1,1,91.75,0.5,91.5,59,,,,,,,,,,,,,,,,,,,92.0,100,,,,,,,,,,,,,,,,,,
2026-07-02T02:03:21.123246+00:00,2026-07-02T02:03:21.123176,2,1,91.8,0.4,91.6,150,91.5,59,,,,,,,,,,,,,,,,,92.0,100,,,,,,,,,,,,,,,,,,
2026-07-02T02:03:21.184754+00:00,2026-07-02T02:03:21.184665,2,2,91.8,0.4,91.6,150,91.5,59,,,,,,,,,,,,,,,,,92.0,100,92.1,150,,,,,,,,,,,,,,,,
2026-07-02T02:03:21.518270+00:00,2026-07-02T02:03:21.518169,3,2,91.8,0.4,91.6,150,91.5,59,91.4,5,,,,,,,,,,,,,,,92.0,100,92.1,150,,,,,,,,,,,,,,,,
2026-07-02T02:03:21.816665+00:00,2026-07-02T02:03:21.816587,3,2,91.8,0.4,91.6,107,91.5,59,91.4,5,,,,,,,,,,,,,,,92.0,100,92.1,150,,,,,,,,,,,,,,,,
2026-07-02T02:03:22.469306+00:00,2026-07-02T02:03:22.469490,3,2,91.8,0.4,91.6,58,91.5,59,91.4,5,,,,,,,,,,,,,,,92.0,100,92.1,150,,,,,,,,,,,,,,,,
2026-07-02T02:03:22.495988+00:00,2026-07-02T02:03:22.496113,2,1,91.85,0.5,91.6,58,91.4,5,,,,,,,,,,,,,,,,,92.1,150,,,,,,,,,,,,,,,,,,
2026-07-02T02:03:22.549882+00:00,2026-07-02T02:03:22.549807,3,1,91.85,0.5,91.6,58,91.4,5,91.3,100,,,,,,,,,,,,,,,92.1,150,,,,,,,,,,,,,,,,,,
2026-07-02T02:03:22.600092+00:00,2026-07-02T02:03:22.599978,3,2,91.7,0.2,91.6,8,91.4,5,91.3,100,,,,,,,,,,,,,,,91.8,100,92.1,150,,,,,,,,,,,,,,,,
2026-07-02T02:03:22.996922+00:00,2026-07-02T02:03:22.996821,3,2,91.7,0.2,91.6,8,91.4,5,91.3,100,,,,,,,,,,,,,,,91.8,54,92.1,150,,,,,,,,,,,,,,,,
2026-07-02T02:03:23.549325+00:00,2026-07-02T02:03:23.549180,3,2,91.7,0.2,91.6,8,91.4,3,91.3,100,,,,,,,,,,,,,,,91.8,54,92.1,150,,,,,,,,,,,,,,,,
2026-07-02T02:03:23.945902+00:00,2026-07-02T02:03:23.945826,3,2,91.7,0.2,91.6,8,91.4,3,91.3,100,,,,,,,,,,,,,,,91.8,8,92.1,150,,,,,,,,,,,,,,,,
2026-07-02T02:03:24.229655+00:00,2026-07-02T02:03:24.229559,2,1,91.6,0.4,91.4,3,91.3,100,,,,,,,,,,,,,,,,,91.8,8,,,,,,,,,,,,,,,,,,
2026-07-02T02:03:24.283049+00:00,2026-07-02T02:03:24.282961,3,1,91.6,0.4,91.4,3,91.3,100,90.9,150,,,,,,,,,,,,,,,91.8,8,,,,,,,,,,,,,,,,,,
2026-07-02T02:03:24.335808+00:00,2026-07-02T02:03:24.335769,2,2,91.35,0.1,91.3,100,90.9,150,,,,,,,,,,,,,,,,,91.4,147,91.8,8,,,,,,,,,,,,,,,,
2026-07-02T02:03:24.664082+00:00,2026-07-02T02:03:24.664054,2,2,91.35,0.1,91.3,100,90.9,150,,,,,,,,,,,,,,,,,91.4,97,91.8,8,,,,,,,,,,,,,,,,
2026-07-02T02:03:25.656913+00:00,2026-07-02T02:03:25.656828,1,1,91.15,0.5,90.9,150,,,,,,,,,,,,,,,,,,,91.4,97,,,,,,,,,,,,,,,,,,
2026-07-02T02:03:25.709951+00:00,2026-07-02T02:03:25.709827,2,0,,,91.5,3,90.9,150,,,,,,,,,,,,,,,,,,,,,,,,,,,,,,,,,,,,
2026-07-02T02:03:25.758532+00:00,2026-07-02T02:03:25.757413,2,1,91.75,0.5,91.5,3,90.9,150,,,,,,,,,,,,,,,,,92.0,100,,,,,,,,,,,,,,,,,,
2026-07-02T02:03:26.513626+00:00,2026-07-02T02:03:26.513564,1,1,91.45,1.1,90.9,105,,,,,,,,,,,,,,,,,,,92.0,100,,,,,,,,,,,,,,,,,,
2026-07-02T02:03:27.390162+00:00,2026-07-02T02:03:27.390096,0,1,,,,,,,,,,,,,,,,,,,,,,,92.0,100,,,,,,,,,,,,,,,,,,
2026-07-02T02:03:27.442696+00:00,2026-07-02T02:03:27.442841,1,1,91.65,0.7,91.3,150,,,,,,,,,,,,,,,,,,,92.0,100,,,,,,,,,,,,,,,,,,
2026-07-02T02:03:27.506527+00:00,2026-07-02T02:03:27.506638,1,2,91.55,0.5,91.3,150,,,,,,,,,,,,,,,,,,,91.8,150,92.0,100,,,,,,,,,,,,,,,,
2026-07-02T02:03:27.665400+00:00,2026-07-02T02:03:27.665308,1,2,91.55,0.5,91.3,150,,,,,,,,,,,,,,,,,,,91.8,102,92.0,100,,,,,,,,,,,,,,,,
2026-07-02T02:03:28.758659+00:00,2026-07-02T02:03:28.753420,1,2,91.55,0.5,91.3,109,,,,,,,,,,,,,,,,,,,91.8,102,92.0,100,,,,,,,,,,,,,,,,
2026-07-02T02:03:28.818959+00:00,2026-07-02T02:03:28.818890,1,1,91.55,0.5,91.3,109,,,,,,,,,,,,,,,,,,,91.8,102,,,,,,,,,,,,,,,,,,
2026-07-02T02:03:28.875894+00:00,2026-07-02T02:03:28.875838,2,1,91.55,0.5,91.3,109,91.1,100,,,,,,,,,,,,,,,,,91.8,102,,,,,,,,,,,,,,,,,,
2026-07-02T02:03:28.924258+00:00,2026-07-02T02:03:28.924142,2,2,91.45,0.3,91.3,109,91.1,100,,,,,,,,,,,,,,,,,91.6,100,91.8,102,,,,,,,,,,,,,,,,
2026-07-02T02:03:29.660865+00:00,2026-07-02T02:03:29.660763,2,3,91.45,0.3,91.3,109,91.1,100,,,,,,,,,,,,,,,,,91.6,100,91.7,5,91.8,102,,,,,,,,,,,,,,
2026-07-02T02:03:29.719866+00:00,2026-07-02T02:03:29.719830,2,3,91.45,0.3,91.3,68,91.1,100,,,,,,,,,,,,,,,,,91.6,100,91.7,5,91.8,102,,,,,,,,,,,,,,
