recv_time,book_timestamp,n_bids,n_asks,mid,spread,bid_px_0,bid_vol_0,bid_px_1,bid_vol_1,bid_px_2,bid_vol_2,bid_px_3,bid_vol_3,bid_px_4,bid_vol_4,bid_px_5,bid_vol_5,bid_px_6,bid_vol_6,bid_px_7,bid_vol_7,bid_px_8,bid_vol_8,bid_px_9,bid_vol_9,ask_px_0,ask_vol_0,ask_px_1,ask_vol_1,ask_px_2,ask_vol_2,ask_px_3,ask_vol_3,ask_px_4,ask_vol_4,ask_px_5,ask_vol_5,ask_px_6,ask_vol_6,ask_px_7,ask_vol_7,ask_px_8,ask_vol_8,ask_px_9,ask_vol_9
2026-07-04T10:00:00.074431+00:00,2026-07-04T10:00:00.045200,1,1,143.15,0.5,142.9,150,,,,,,,,,,,,,,,,,,,143.4,36,,,,,,,,,,,,,,,,,,
2026-07-04T10:00:00.133502+00:00,2026-07-04T10:00:00.099939,2,1,143.25,0.3,143.1,100,142.9,150,,,,,,,,,,,,,,,,,143.4,36,,,,,,,,,,,,,,,,,,
2026-07-04T10:00:00.175533+00:00,2026-07-04T10:00:00.154741,2,2,143.25,0.3,143.1,100,142.9,150,,,,,,,,,,,,,,,,,143.4,36,143.6,100,,,,,,,,,,,,,,,,
2026-07-04T10:00:00.458342+00:00,2026-07-04T10:00:00.229595,3,2,143.3,0.2,143.2,10,143.1,100,142.9,150,,,,,,,,,,,,,,,143.4,36,143.6,100,,,,,,,,,,,,,,,,
2026-07-04T10:00:00.806718+00:00,2026-07-04T10:00:00.802807,3,2,143.3,0.2,143.2,10,143.1,100,142.9,150,,,,,,,,,,,,,,,143.4,24,143.6,100,,,,,,,,,,,,,,,,
2026-07-04T10:00:00.932876+00:00,2026-07-04T10:00:00.932816,2,2,143.25,0.3,143.1,60,142.9,150,,,,,,,,,,,,,,,,,143.4,24,143.6,100,,,,,,,,,,,,,,,,
2026-07-04T10:00:01.542082+00:00,2026-07-04T10:00:01.536469,2,2,143.25,0.3,143.1,60,142.9,150,,,,,,,,,,,,,,,,,143.4,1,143.6,100,,,,,,,,,,,,,,,,
2026-07-04T10:00:01.615049+00:00,2026-07-04T10:00:01.607786,2,1,143.35,0.5,143.1,60,142.9,150,,,,,,,,,,,,,,,,,143.6,100,,,,,,,,,,,,,,,,,,
2026-07-04T10:00:02.181004+00:00,2026-07-04T10:00:02.181150,2,1,143.35,0.5,143.1,60,142.9,150,,,,,,,,,,,,,,,,,143.6,91,,,,,,,,,,,,,,,,,,
2026-07-04T10:00:02.825582+00:00,2026-07-04T10:00:02.825531,1,1,143.35,0.5,143.1,60,,,,,,,,,,,,,,,,,,,143.6,91,,,,,,,,,,,,,,,,,,
2026-07-04T10:00:02.883823+00:00,2026-07-04T10:00:02.883756,2,0,,,143.8,59,143.1,60,,,,,,,,,,,,,,,,,,,,,,,,,,,,,,,,,,,,
2026-07-04T10:00:02.947944+00:00,2026-07-04T10:00:02.941857,2,1,144.05,0.5,143.8,13,143.1,60,,,,,,,,,,,,,,,,,144.3,150,,,,,,,,,,,,,,,,,,
2026-07-04T10:00:02.985025+00:00,2026-07-04T10:00:02.984923,1,1,143.7,1.2,143.1,60,,,,,,,,,,,,,,,,,,,144.3,150,,,,,,,,,,,,,,,,,,
2026-07-04T10:00:03.218835+00:00,2026-07-04T10:00:03.218774,0,1,,,,,,,,,,,,,,,,,,,,,,,144.3,150,,,,,,,,,,,,,,,,,,
2026-07-04T10:00:03.276267+00:00,2026-07-04T10:00:03.276137,1,1,143.9,0.8,143.5,100,,,,,,,,,,,,,,,,,,,144.3,150,,,,,,,,,,,,,,,,,,
2026-07-04T10:00:03.339462+00:00,2026-07-04T10:00:03.327168,1,2,143.75,0.5,143.5,100,,,,,,,,,,,,,,,,,,,144.0,100,144.3,150,,,,,,,,,,,,,,,,
2026-07-04T10:00:04.003360+00:00,2026-07-04T10:00:04.003229,1,2,143.75,0.5,143.5,105,,,,,,,,,,,,,,,,,,,144.0,100,144.3,150,,,,,,,,,,,,,,,,
2026-07-04T10:00:04.310446+00:00,2026-07-04T10:00:04.310375,1,2,143.75,0.5,143.5,100,,,,,,,,,,,,,,,,,,,144.0,100,144.3,150,,,,,,,,,,,,,,,,
2026-07-04T10:00:04.342259+00:00,2026-07-04T10:00:04.342153,2,2,143.8,0.4,143.6,5,143.5,100,,,,,,,,,,,,,,,,,144.0,100,144.3,150,,,,,,,,,,,,,,,,
2026-07-04T10:00:04.638947+00:00,2026-07-04T10:00:04.638901,1,2,143.75,0.5,143.5,100,,,,,,,,,,,,,,,,,,,144.0,100,144.3,150,,,,,,,,,,,,,,,,
2026-07-04T10:00:04.918827+00:00,2026-07-04T10:00:04.918799,1,2,143.75,0.5,143.5,105,,,,,,,,,,,,,,,,,,,144.0,100,144.3,150,,,,,,,,,,,,,,,,
2026-07-04T10:00:05.145160+00:00,2026-07-04T10:00:05.145316,1,2,143.75,0.5,143.5,55,,,,,,,,,,,,,,,,,,,144.0,100,144.3,150,,,,,,,,,,,,,,,,
2026-07-04T10:00:05.444104+00:00,2026-07-04T10:00:05.444029,1,2,143.75,0.5,143.5,55,,,,,,,,,,,,,,,,,,,144.0,53,144.3,150,,,,,,,,,,,,,,,,
2026-07-04T10:00:05.992236+00:00,2026-07-04T10:00:05.992132,1,1,143.75,0.5,143.5,55,,,,,,,,,,,,,,,,,,,144.0,53,,,,,,,,,,,,,,,,,,
2026-07-04T10:00:06.047426+00:00,2026-07-04T10:00:06.047328,2,1,143.75,0.5,143.5,55,143.3,150,,,,,,,,,,,,,,,,,144.0,53,,,,,,,,,,,,,,,,,,
2026-07-04T10:00:06.113392+00:00,2026-07-04T10:00:06.101444,2,2,143.65,0.3,143.5,55,143.3,150,,,,,,,,,,,,,,,,,143.8,150,144.0,53,,,,,,,,,,,,,,,,
2026-07-04T10:00:06.122857+00:00,2026-07-04T10:00:06.116993,2,2,143.65,0.3,143.5,55,143.3,150,,,,,,,,,,,,,,,,,143.8,139,144.0,53,,,,,,,,,,,,,,,,
2026-07-04T10:00:06.307892+00:00,2026-07-04T10:00:06.299433,2,2,143.65,0.3,143.5,50,143.3,150,,,,,,,,,,,,,,,,,143.8,139,144.0,53,,,,,,,,,,,,,,,,
2026-07-04T10:00:06.385944+00:00,2026-07-04T10:00:06.386079,1,1,143.55,0.5,143.3,150,,,,,,,,,,,,,,,,,,,143.8,139,,,,,,,,,,,,,,,,,,
2026-07-04T10:00:06.440045+00:00,2026-07-04T10:00:06.439979,2,1,143.7,0.2,143.6,100,143.3,150,,,,,,,,,,,,,,,,,143.8,139,,,,,,,,,,,,,,,,,,
2026-07-04T10:00:06.492945+00:00,2026-07-04T10:00:06.492862,2,2,143.7,0.2,143.6,100,143.3,150,,,,,,,,,,,,,,,,,143.8,139,144.1,100,,,,,,,,,,,,,,,,
2026-07-04T10:00:06.814928+00:00,2026-07-04T10:00:06.815066,2,2,143.7,0.2,143.6,80,143.3,150,,,,,,,,,,,,,,,,,143.8,139,144.1,100,,,,,,,,,,,,,,,,
2026-07-04T10:00:07.043307+00:00,2026-07-04T10:00:07.043248,2,2,143.7,0.2,143.6,80,143.3,150,,,,,,,,,,,,,,,,,143.8,95,144.1,100,,,,,,,,,,,,,,,,
2026-07-04T10:00:07.256518+00:00,2026-07-04T10:00:07.244051,2,2,143.7,0.2,143.6,30,143.3,150,,,,,,,,,,,,,,,,,143.8,95,144.1,100,,,,,,,,,,,,,,,,
2026-07-04T10:00:07.604468+00:00,2026-07-04T10:00:07.604389,2,2,143.7,0.2,143.6,35,143.3,150,,,,,,,,,,,,,,,,,143.8,95,144.1,100,,,,,,,,,,,,,,,,
2026-07-04T10:00:08.458556+00:00,2026-07-04T10:00:08.448493,2,2,143.7,0.2,143.6,30,143.3,150,,,,,,,,,,,,,,,,,143.8,95,144.1,100,,,,,,,,,,,,,,,,
2026-07-04T10:00:08.478599+00:00,2026-07-04T10:00:08.478489,3,2,143.75,0.1,143.7,10,143.6,30,143.3,150,,,,,,,,,,,,,,,143.8,95,144.1,100,,,,,,,,,,,,,,,,
2026-07-04T10:00:09.107264+00:00,2026-07-04T10:00:09.107143,3,2,143.75,0.1,143.7,10,143.6,30,143.3,150,,,,,,,,,,,,,,,143.8,51,144.1,100,,,,,,,,,,,,,,,,
2026-07-04T10:00:09.158613+00:00,2026-07-04T10:00:09.155770,2,1,143.9,0.4,143.7,10,143.6,30,,,,,,,,,,,,,,,,,144.1,100,,,,,,,,,,,,,,,,,,
2026-07-04T10:00:09.219190+00:00,2026-07-04T10:00:09.219095,2,1,143.9,0.4,143.7,160,143.6,30,,,,,,,,,,,,,,,,,144.1,100,,,,,,,,,,,,,,,,,,
2026-07-04T10:00:09.270844+00:00,2026-07-04T10:00:09.270947,2,2,143.9,0.4,143.7,160,143.6,30,,,,,,,,,,,,,,,,,144.1,100,144.2,150,,,,,,,,,,,,,,,,
2026-07-04T10:00:09.323213+00:00,2026-07-04T10:00:09.323096,2,2,143.9,0.4,143.7,150,143.6,30,,,,,,,,,,,,,,,,,144.1,100,144.2,150,,,,,,,,,,,,,,,,
2026-07-04T10:00:09.358555+00:00,2026-07-04T10:00:09.356140,2,2,143.9,0.4,143.7,110,143.6,30,,,,,,,,,,,,,,,,,144.1,100,144.2,150,,,,,,,,,,,,,,,,
2026-07-04T10:00:09.548646+00:00,2026-07-04T10:00:09.548561,1,1,143.95,0.5,143.7,110,,,,,,,,,,,,,,,,,,,144.2,150,,,,,,,,,,,,,,,,,,
2026-07-04T10:00:09.598798+00:00,2026-07-04T10:00:09.598738,2,1,143.95,0.5,143.7,110,143.4,100,,,,,,,,,,,,,,,,,144.2,150,,,,,,,,,,,,,,,,,,
2026-07-04T10:00:09.658746+00:00,2026-07-04T10:00:09.651740,2,2,143.8,0.2,143.7,110,143.4,100,,,,,,,,,,,,,,,,,143.9,100,144.2,150,,,,,,,,,,,,,,,,
2026-07-04T10:00:09.687781+00:00,2026-07-04T10:00:09.687941,3,2,143.85,0.1,143.8,10,143.7,110,143.4,100,,,,,,,,,,,,,,,143.9,100,144.2,150,,,,,,,,,,,,,,,,
2026-07-04T10:00:09.979105+00:00,2026-07-04T10:00:09.978989,2,2,143.8,0.2,143.7,110,143.4,100,,,,,,,,,,,,,,,,,143.9,100,144.2,150,,,,,,,,,,,,,,,,
2026-07-04T10:00:10.258572+00:00,2026-07-04T10:00:10.255059,2,2,143.8,0.2,143.7,120,143.4,100,,,,,,,,,,,,,,,,,143.9,100,144.2,150,,,,,,,,,,,,,,,,
2026-07-04T10:00:10.828323+00:00,2026-07-04T10:00:10.828442,2,2,143.8,0.2,143.7,110,143.4,100,,,,,,,,,,,,,,,,,143.9,100,144.2,150,,,,,,,,,,,,,,,,
2026-07-04T10:00:11.467602+00:00,2026-07-04T10:00:11.467472,2,2,143.8,0.2,143.7,60,143.4,100,,,,,,,,,,,,,,,,,143.9,100,144.2,150,,,,,,,,,,,,,,,,
2026-07-04T10:00:12.328404+00:00,2026-07-04T10:00:12.328554,1,1,143.65,0.5,143.4,100,,,,,,,,,,,,,,,,,,,143.9,100,,,,,,,,,,,,,,,,,,
2026-07-04T10:00:12.382624+00:00,2026-07-04T10:00:12.382528,1,1,143.65,0.5,143.4,250,,,,,,,,,,,,,,,,,,,143.9,100,,,,,,,,,,,,,,,,,,
2026-07-04T10:00:12.437528+00:00,2026-07-04T10:00:12.437414,1,1,143.65,0.5,143.4,250,,,,,,,,,,,,,,,,,,,143.9,250,,,,,,,,,,,,,,,,,,
2026-07-04T10:00:12.708251+00:00,2026-07-04T10:00:12.708216,1,1,143.65,0.5,143.4,150,,,,,,,,,,,,,,,,,,,143.9,150,,,,,,,,,,,,,,,,,,
2026-07-04T10:00:12.758561+00:00,2026-07-04T10:00:12.756003,2,1,143.7,0.4,143.5,100,143.4,150,,,,,,,,,,,,,,,,,143.9,150,,,,,,,,,,,,,,,,,,
2026-07-04T10:00:12.809296+00:00,2026-07-04T10:00:12.809430,2,2,143.7,0.4,143.5,100,143.4,150,,,,,,,,,,,,,,,,,143.9,150,144.0,100,,,,,,,,,,,,,,,,
2026-07-04T10:00:12.828204+00:00,2026-07-04T10:00:12.828075,3,2,143.75,0.3,143.6,10,143.5,100,143.4,150,,,,,,,,,,,,,,,143.9,150,144.0,100,,,,,,,,,,,,,,,,
2026-07-04T10:00:13.120599+00:00,2026-07-04T10:00:13.120530,2,2,143.7,0.4,143.5,100,143.4,150,,,,,,,,,,,,,,,,,143.9,150,144.0,100,,,,,,,,,,,,,,,,
2026-07-04T10:00:13.153599+00:00,2026-07-04T10:00:13.153741,3,2,143.8,0.2,143.7,10,143.5,100,143.4,150,,,,,,,,,,,,,,,143.9,150,144.0,100,,,,,,,,,,,,,,,,
2026-07-04T10:00:13.374801+00:00,2026-07-04T10:00:13.374653,2,2,143.7,0.4,143.5,63,143.4,150,,,,,,,,,,,,,,,,,143.9,150,144.0,100,,,,,,,,,,,,,,,,
2026-07-04T10:00:13.463994+00:00,2026-07-04T10:00:13.463921,3,2,143.8,0.2,143.7,10,143.5,63,143.4,150,,,,,,,,,,,,,,,143.9,150,144.0,100,,,,,,,,,,,,,,,,
2026-07-04T10:00:13.745281+00:00,2026-07-04T10:00:13.745172,2,2,143.7,0.4,143.5,63,143.4,150,,,,,,,,,,,,,,,,,143.9,150,144.0,100,,,,,,,,,,,,,,,,
2026-07-04T10:00:14.025135+00:00,2026-07-04T10:00:14.025066,3,2,143.75,0.3,143.6,10,143.5,63,143.4,150,,,,,,,,,,,,,,,143.9,150,144.0,100,,,,,,,,,,,,,,,,
2026-07-04T10:00:14.542452+00:00,2026-07-04T10:00:14.542335,2,2,143.7,0.4,143.5,28,143.4,150,,,,,,,,,,,,,,,,,143.9,150,144.0,100,,,,,,,,,,,,,,,,
2026-07-04T10:00:14.609023+00:00,2026-07-04T10:00:14.609147,3,2,143.75,0.3,143.6,3,143.5,28,143.4,150,,,,,,,,,,,,,,,143.9,150,144.0,100,,,,,,,,,,,,,,,,
2026-07-04T10:00:15.487845+00:00,2026-07-04T10:00:15.487759,3,1,143.8,0.4,143.6,3,143.5,28,143.4,150,,,,,,,,,,,,,,,144.0,100,,,,,,,,,,,,,,,,,,
2026-07-04T10:00:15.493013+00:00,2026-07-04T10:00:15.492985,2,1,143.8,0.4,143.6,3,143.5,28,,,,,,,,,,,,,,,,,144.0,100,,,,,,,,,,,,,,,,,,
2026-07-04T10:00:15.546513+00:00,2026-07-04T10:00:15.546441,3,1,143.8,0.4,143.6,3,143.5,28,143.1,150,,,,,,,,,,,,,,,144.0,100,,,,,,,,,,,,,,,,,,
2026-07-04T10:00:15.596435+00:00,2026-07-04T10:00:15.596621,2,2,143.55,0.1,143.5,28,143.1,150,,,,,,,,,,,,,,,,,143.6,147,144.0,100,,,,,,,,,,,,,,,,
2026-07-04T10:00:15.661740+00:00,2026-07-04T10:00:15.661620,2,2,143.55,0.1,143.5,28,143.1,150,,,,,,,,,,,,,,,,,143.6,102,144.0,100,,,,,,,,,,,,,,,,
2026-07-04T10:00:15.677725+00:00,2026-07-04T10:00:15.677655,1,2,143.35,0.5,143.1,150,,,,,,,,,,,,,,,,,,,143.6,102,144.0,100,,,,,,,,,,,,,,,,
2026-07-04T10:00:15.858631+00:00,2026-07-04T10:00:15.857491,1,1,143.35,0.5,143.1,150,,,,,,,,,,,,,,,,,,,143.6,102,,,,,,,,,,,,,,,,,,
2026-07-04T10:00:15.918253+00:00,2026-07-04T10:00:15.918212,2,1,143.35,0.5,143.1,150,143.0,100,,,,,,,,,,,,,,,,,143.6,102,,,,,,,,,,,,,,,,,,
2026-07-04T10:00:15.958409+00:00,2026-07-04T10:00:15.952522,2,1,143.35,0.5,143.1,150,143.0,100,,,,,,,,,,,,,,,,,143.6,90,,,,,,,,,,,,,,,,,,
2026-07-04T10:00:15.984303+00:00,2026-07-04T10:00:15.979338,2,2,143.3,0.4,143.1,150,143.0,100,,,,,,,,,,,,,,,,,143.5,89,143.6,90,,,,,,,,,,,,,,,,
2026-07-04T10:00:16.800550+00:00,2026-07-04T10:00:16.800480,2,2,143.3,0.4,143.1,150,143.0,100,,,,,,,,,,,,,,,,,143.5,44,143.6,90,,,,,,,,,,,,,,,,
2026-07-04T10:00:17.784774+00:00,2026-07-04T10:00:17.784587,2,2,143.3,0.4,143.1,100,143.0,100,,,,,,,,,,,,,,,,,143.5,44,143.6,90,,,,,,,,,,,,,,,,
2026-07-04T10:00:18.376088+00:00,2026-07-04T10:00:18.370330,2,2,143.3,0.4,143.1,100,143.0,100,,,,,,,,,,,,,,,,,143.5,21,143.6,90,,,,,,,,,,,,,,,,
2026-07-04T10:00:18.552602+00:00,2026-07-04T10:00:18.545602,2,2,143.3,0.4,143.1,100,143.0,100,,,,,,,,,,,,,,,,,143.5,10,143.6,90,,,,,,,,,,,,,,,,
2026-07-04T10:00:18.651076+00:00,2026-07-04T10:00:18.651031,1,1,143.25,0.5,143.0,100,,,,,,,,,,,,,,,,,,,143.5,10,,,,,,,,,,,,,,,,,,
2026-07-04T10:00:18.706232+00:00,2026-07-04T10:00:18.706176,2,0,,,143.7,140,143.0,100,,,,,,,,,,,,,,,,,,,,,,,,,,,,,,,,,,,,
2026-07-04T10:00:18.765114+00:00,2026-07-04T10:00:18.764995,2,1,143.95,0.5,143.7,140,143.0,100,,,,,,,,,,,,,,,,,144.2,150,,,,,,,,,,,,,,,,,,
2026-07-04T10:00:19.031587+00:00,2026-07-04T10:00:19.031348,1,1,143.95,0.5,143.7,140,,,,,,,,,,,,,,,,,,,144.2,150,,,,,,,,,,,,,,,,,,
2026-07-04T10:00:19.082630+00:00,2026-07-04T10:00:19.082546,2,1,144.0,0.4,143.8,100,143.7,140,,,,,,,,,,,,,,,,,144.2,150,,,,,,,,,,,,,,,,,,
2026-07-04T10:00:19.135893+00:00,2026-07-04T10:00:19.135822,2,2,144.0,0.4,143.8,100,143.7,140,,,,,,,,,,,,,,,,,144.2,150,144.3,100,,,,,,,,,,,,,,,,
2026-07-04T10:00:19.893743+00:00,2026-07-04T10:00:19.893649,2,2,144.0,0.4,143.8,50,143.7,140,,,,,,,,,,,,,,,,,144.2,150,144.3,100,,,,,,,,,,,,,,,,
2026-07-04T10:00:21.008015+00:00,2026-07-04T10:00:21.007935,2,2,144.0,0.4,143.8,6,143.7,140,,,,,,,,,,,,,,,,,144.2,150,144.3,100,,,,,,,,,,,,,,,,
2026-07-04T10:00:21.814434+00:00,2026-07-04T10:00:21.814299,1,1,144.05,0.5,143.8,6,,,,,,,,,,,,,,,,,,,144.3,100,,,,,,,,,,,,,,,,,,
2026-07-04T10:00:21.869118+00:00,2026-07-04T10:00:21.869048,2,1,144.05,0.5,143.8,6,143.7,150,,,,,,,,,,,,,,,,,144.3,100,,,,,,,,,,,,,,,,,,
2026-07-04T10:00:21.921731+00:00,2026-07-04T10:00:21.921640,2,2,144.0,0.4,143.8,6,143.7,150,,,,,,,,,,,,,,,,,144.2,150,144.3,100,,,,,,,,,,,,,,,,
2026-07-04T10:00:22.017166+00:00,2026-07-04T10:00:22.017403,1,2,143.95,0.5,143.7,106,,,,,,,,,,,,,,,,,,,144.2,150,144.3,100,,,,,,,,,,,,,,,,
2026-07-04T10:00:22.191246+00:00,2026-07-04T10:00:22.191188,1,1,143.95,0.5,143.7,106,,,,,,,,,,,,,,,,,,,144.2,150,,,,,,,,,,,,,,,,,,
2026-07-04T10:00:22.243786+00:00,2026-07-04T10:00:22.243758,2,1,143.95,0.5,143.7,106,143.6,100,,,,,,,,,,,,,,,,,144.2,150,,,,,,,,,,,,,,,,,,
2026-07-04T10:00:22.296425+00:00,2026-07-04T10:00:22.296297,2,2,143.9,0.4,143.7,106,143.6,100,,,,,,,,,,,,,,,,,144.1,100,144.2,150,,,,,,,,,,,,,,,,
2026-07-04T10:00:24.973254+00:00,2026-07-04T10:00:24.973208,1,1,143.85,0.5,143.6,100,,,,,,,,,,,,,,,,,,,144.1,100,,,,,,,,,,,,,,,,,,
2026-07-04T10:00:25.029109+00:00,2026-07-04T10:00:25.029002,1,1,143.85,0.5,143.6,250,,,,,,,,,,,,,,,,,,,144.1,100,,,,,,,,,,,,,,,,,,
2026-07-04T10:00:25.080121+00:00,2026-07-04T10:00:25.080021,1,1,143.85,0.5,143.6,250,,,,,,,,,,,,,,,,,,,144.1,250,,,,,,,,,,,,,,,,,,
2026-07-04T10:00:25.351005+00:00,2026-07-04T10:00:25.350919,1,1,143.85,0.5,143.6,150,,,,,,,,,,,,,,,,,,,144.1,150,,,,,,,,,,,,,,,,,,
2026-07-04T10:00:25.403810+00:00,2026-07-04T10:00:25.403619,2,1,143.95,0.3,143.8,100,143.6,150,,,,,,,,,,,,,,,,,144.1,150,,,,,,,,,,,,,,,,,,
2026-07-04T10:00:25.464022+00:00,2026-07-04T10:00:25.463847,2,2,143.95,0.3,143.8,100,143.6,150,,,,,,,,,,,,,,,,,144.1,150,144.3,100,,,,,,,,,,,,,,,,
2026-07-04T10:00:26.236472+00:00,2026-07-04T10:00:26.236350,2,2,143.95,0.3,143.8,50,143.6,150,,,,,,,,,,,,,,,,,144.1,150,144.3,100,,,,,,,,,,,,,,,,
2026-07-04T10:00:26.647912+00:00,2026-07-04T10:00:26.647805,2,2,143.95,0.3,143.8,50,143.6,150,,,,,,,,,,,,,,,,,144.1,103,144.3,100,,,,,,,,,,,,,,,,
2026-07-04T10:00:28.137906+00:00,2026-07-04T10:00:28.138112,1,1,144.05,0.5,143.8,50,,,,,,,,,,,,,,,,,,,144.3,100,,,,,,,,,,,,,,,,,,
2026-07-04T10:00:28.193042+00:00,2026-07-04T10:00:28.192878,2,1,144.1,0.4,143.9,150,143.8,50,,,,,,,,,,,,,,,,,144.3,100,,,,,,,,,,,,,,,,,,
2026-07-04T10:00:28.246099+00:00,2026-07-04T10:00:28.246258,2,2,144.1,0.4,143.9,150,143.8,50,,,,,,,,,,,,,,,,,144.3,100,144.4,150,,,,,,,,,,,,,,,,
2026-07-04T10:00:28.511932+00:00,2026-07-04T10:00:28.511813,1,1,144.15,0.5,143.9,150,,,,,,,,,,,,,,,,,,,144.4,150,,,,,,,,,,,,,,,,,,
2026-07-04T10:00:28.558556+00:00,2026-07-04T10:00:28.557105,2,1,144.15,0.5,143.9,150,143.6,100,,,,,,,,,,,,,,,,,144.4,150,,,,,,,,,,,,,,,,,,
2026-07-04T10:00:28.615962+00:00,2026-07-04T10:00:28.615907,2,2,144.0,0.2,143.9,150,143.6,100,,,,,,,,,,,,,,,,,144.1,100,144.4,150,,,,,,,,,,,,,,,,
2026-07-04T10:00:28.772673+00:00,2026-07-04T10:00:28.772591,2,2,144.0,0.2,143.9,150,143.6,100,,,,,,,,,,,,,,,,,144.1,60,144.4,150,,,,,,,,,,,,,,,,
2026-07-04T10:00:30.400071+00:00,2026-07-04T10:00:30.400015,2,2,144.0,0.2,143.9,150,143.6,100,,,,,,,,,,,,,,,,,144.1,10,144.4,150,,,,,,,,,,,,,,,,
2026-07-04T10:00:31.301423+00:00,2026-07-04T10:00:31.301315,1,1,143.85,0.5,143.6,100,,,,,,,,,,,,,,,,,,,144.1,10,,,,,,,,,,,,,,,,,,
2026-07-04T10:00:31.358632+00:00,2026-07-04T10:00:31.356522,2,1,144.0,0.2,143.9,150,143.6,100,,,,,,,,,,,,,,,,,144.1,10,,,,,,,,,,,,,,,,,,
2026-07-04T10:00:31.409502+00:00,2026-07-04T10:00:31.409384,2,2,144.0,0.2,143.9,150,143.6,100,,,,,,,,,,,,,,,,,144.1,10,144.4,150,,,,,,,,,,,,,,,,
2026-07-04T10:00:31.435875+00:00,2026-07-04T10:00:31.436045,2,2,144.0,0.2,143.9,102,143.6,100,,,,,,,,,,,,,,,,,144.1,10,144.4,150,,,,,,,,,,,,,,,,
2026-07-04T10:00:31.689996+00:00,2026-07-04T10:00:31.689877,1,1,144.15,0.5,143.9,102,,,,,,,,,,,,,,,,,,,144.4,150,,,,,,,,,,,,,,,,,,
2026-07-04T10:00:31.758652+00:00,2026-07-04T10:00:31.754678,2,1,144.25,0.3,144.1,100,143.9,102,,,,,,,,,,,,,,,,,144.4,150,,,,,,,,,,,,,,,,,,
2026-07-04T10:00:31.799092+00:00,2026-07-04T10:00:31.798999,2,2,144.25,0.3,144.1,100,143.9,102,,,,,,,,,,,,,,,,,144.4,150,144.6,100,,,,,,,,,,,,,,,,
2026-07-04T10:00:32.003587+00:00,2026-07-04T10:00:32.003515,2,2,144.25,0.3,144.1,52,143.9,102,,,,,,,,,,,,,,,,,144.4,150,144.6,100,,,,,,,,,,,,,,,,
2026-07-04T10:00:32.506557+00:00,2026-07-04T10:00:32.506781,2,2,144.25,0.3,144.1,52,143.9,102,,,,,,,,,,,,,,,,,144.4,100,144.6,100,,,,,,,,,,,,,,,,
2026-07-04T10:00:32.957199+00:00,2026-07-04T10:00:32.951906,2,2,144.25,0.3,144.1,30,143.9,102,,,,,,,,,,,,,,,,,144.4,100,144.6,100,,,,,,,,,,,,,,,,
2026-07-04T10:00:33.483210+00:00,2026-07-04T10:00:33.483052,1,2,144.15,0.5,143.9,92,,,,,,,,,,,,,,,,,,,144.4,100,144.6,100,,,,,,,,,,,,,,,,
2026-07-04T10:00:33.968085+00:00,2026-07-04T10:00:33.968013,1,2,144.15,0.5,143.9,92,,,,,,,,,,,,,,,,,,,144.4,55,144.6,100,,,,,,,,,,,,,,,,
2026-07-04T10:00:34.463934+00:00,2026-07-04T10:00:34.463873,0,1,,,,,,,,,,,,,,,,,,,,,,,144.6,100,,,,,,,,,,,,,,,,,,
2026-07-04T10:00:34.518072+00:00,2026-07-04T10:00:34.517945,1,1,144.25,0.7,143.9,150,,,,,,,,,,,,,,,,,,,144.6,100,,,,,,,,,,,,,,,,,,
2026-07-04T10:00:34.570907+00:00,2026-07-04T10:00:34.570861,1,2,144.15,0.5,143.9,150,,,,,,,,,,,,,,,,,,,144.4,150,144.6,100,,,,,,,,,,,,,,,,
2026-07-04T10:00:34.665751+00:00,2026-07-04T10:00:34.665631,1,2,144.15,0.5,143.9,100,,,,,,,,,,,,,,,,,,,144.4,150,144.6,100,,,,,,,,,,,,,,,,
2026-07-04T10:00:34.854608+00:00,2026-07-04T10:00:34.854440,1,1,144.15,0.5,143.9,100,,,,,,,,,,,,,,,,,,,144.4,150,,,,,,,,,,,,,,,,,,
2026-07-04T10:00:34.886817+00:00,2026-07-04T10:00:34.886762,1,1,144.15,0.5,143.9,55,,,,,,,,,,,,,,,,,,,144.4,150,,,,,,,,,,,,,,,,,,
2026-07-04T10:00:34.904995+00:00,2026-07-04T10:00:34.905145,2,1,144.15,0.5,143.9,55,143.5,100,,,,,,,,,,,,,,,,,144.4,150,,,,,,,,,,,,,,,,,,
2026-07-04T10:00:34.952692+00:00,2026-07-04T10:00:34.952914,2,2,143.95,0.1,143.9,55,143.5,100,,,,,,,,,,,,,,,,,144.0,100,144.4,150,,,,,,,,,,,,,,,,
2026-07-04T10:00:35.859172+00:00,2026-07-04T10:00:35.859064,2,2,143.95,0.1,143.9,55,143.5,100,,,,,,,,,,,,,,,,,144.0,55,144.4,150,,,,,,,,,,,,,,,,
2026-07-04T10:00:36.774255+00:00,2026-07-04T10:00:36.774202,2,2,143.95,0.1,143.9,5,143.5,100,,,,,,,,,,,,,,,,,144.0,55,144.4,150,,,,,,,,,,,,,,,,
2026-07-04T10:00:37.527095+00:00,2026-07-04T10:00:37.527313,2,2,143.95,0.1,143.9,5,143.5,100,,,,,,,,,,,,,,,,,144.0,11,144.4,150,,,,,,,,,,,,,,,,
2026-07-04T10:00:37.624840+00:00,2026-07-04T10:00:37.624998,1,1,143.75,0.5,143.5,100,,,,,,,,,,,,,,,,,,,144.0,11,,,,,,,,,,,,,,,,,,
2026-07-04T10:00:37.679556+00:00,2026-07-04T10:00:37.679424,2,1,143.75,0.5,143.5,100,143.4,150,,,,,,,,,,,,,,,,,144.0,11,,,,,,,,,,,,,,,,,,
2026-07-04T10:00:37.763557+00:00,2026-07-04T10:00:37.750260,2,2,143.7,0.4,143.5,100,143.4,150,,,,,,,,,,,,,,,,,143.9,139,144.0,11,,,,,,,,,,,,,,,,
2026-07-04T10:00:38.014647+00:00,2026-07-04T10:00:38.014534,1,1,143.65,0.5,143.4,150,,,,,,,,,,,,,,,,,,,143.9,139,,,,,,,,,,,,,,,,,,
2026-07-04T10:00:38.066835+00:00,2026-07-04T10:00:38.066802,2,1,143.85,0.1,143.8,100,143.4,150,,,,,,,,,,,,,,,,,143.9,139,,,,,,,,,,,,,,,,,,
2026-07-04T10:00:38.122756+00:00,2026-07-04T10:00:38.122691,2,2,143.85,0.1,143.8,100,143.4,150,,,,,,,,,,,,,,,,,143.9,139,144.3,100,,,,,,,,,,,,,,,,
2026-07-04T10:00:38.416748+00:00,2026-07-04T10:00:38.416703,2,2,143.85,0.1,143.8,100,143.4,150,,,,,,,,,,,,,,,,,143.9,99,144.3,100,,,,,,,,,,,,,,,,
2026-07-04T10:00:38.878393+00:00,2026-07-04T10:00:38.878212,2,2,143.85,0.1,143.8,51,143.4,150,,,,,,,,,,,,,,,,,143.9,99,144.3,100,,,,,,,,,,,,,,,,
2026-07-04T10:00:38.883342+00:00,2026-07-04T10:00:38.883440,2,2,143.85,0.1,143.8,1,143.4,150,,,,,,,,,,,,,,,,,143.9,99,144.3,100,,,,,,,,,,,,,,,,
2026-07-04T10:00:39.521852+00:00,2026-07-04T10:00:39.521789,1,2,143.65,0.5,143.4,105,,,,,,,,,,,,,,,,,,,143.9,99,144.3,100,,,,,,,,,,,,,,,,
2026-07-04T10:00:40.800387+00:00,2026-07-04T10:00:40.800301,0,1,,,,,,,,,,,,,,,,,,,,,,,144.3,100,,,,,,,,,,,,,,,,,,
2026-07-04T10:00:40.864019+00:00,2026-07-04T10:00:40.863927,1,1,143.8,1.0,143.3,150,,,,,,,,,,,,,,,,,,,144.3,100,,,,,,,,,,,,,,,,,,
2026-07-04T10:00:40.908222+00:00,2026-07-04T10:00:40.908389,1,2,143.55,0.5,143.3,150,,,,,,,,,,,,,,,,,,,143.8,150,144.3,100,,,,,,,,,,,,,,,,
2026-07-04T10:00:40.916757+00:00,2026-07-04T10:00:40.911872,1,2,143.55,0.5,143.3,150,,,,,,,,,,,,,,,,,,,143.8,139,144.3,100,,,,,,,,,,,,,,,,
2026-07-04T10:00:40.937435+00:00,2026-07-04T10:00:40.937367,1,2,143.55,0.5,143.3,150,,,,,,,,,,,,,,,,,,,143.8,89,144.3,100,,,,,,,,,,,,,,,,
2026-07-04T10:00:41.178993+00:00,2026-07-04T10:00:41.178950,1,1,143.55,0.5,143.3,150,,,,,,,,,,,,,,,,,,,143.8,89,,,,,,,,,,,,,,,,,,
2026-07-04T10:00:41.230191+00:00,2026-07-04T10:00:41.230114,2,1,143.65,0.3,143.5,100,143.3,150,,,,,,,,,,,,,,,,,143.8,89,,,,,,,,,,,,,,,,,,
2026-07-04T10:00:41.282523+00:00,2026-07-04T10:00:41.282376,2,2,143.65,0.3,143.5,100,143.3,150,,,,,,,,,,,,,,,,,143.8,89,144.0,100,,,,,,,,,,,,,,,,
2026-07-04T10:00:42.854752+00:00,2026-07-04T10:00:42.849502,2,2,143.65,0.3,143.5,100,143.3,150,,,,,,,,,,,,,,,,,143.8,48,144.0,100,,,,,,,,,,,,,,,,
2026-07-04T10:00:43.044167+00:00,2026-07-04T10:00:43.044064,2,1,143.75,0.5,143.5,100,143.3,150,,,,,,,,,,,,,,,,,144.0,98,,,,,,,,,,,,,,,,,,
2026-07-04T10:00:43.958600+00:00,2026-07-04T10:00:43.954609,1,1,143.75,0.5,143.5,100,,,,,,,,,,,,,,,,,,,144.0,98,,,,,,,,,,,,,,,,,,
2026-07-04T10:00:44.019433+00:00,2026-07-04T10:00:44.019327,2,0,,,144.0,52,143.5,100,,,,,,,,,,,,,,,,,,,,,,,,,,,,,,,,,,,,
2026-07-04T10:00:44.084504+00:00,2026-07-04T10:00:44.078099,2,1,144.25,0.5,144.0,41,143.5,100,,,,,,,,,,,,,,,,,144.5,150,,,,,,,,,,,,,,,,,,
2026-07-04T10:00:44.340362+00:00,2026-07-04T10:00:44.340482,1,1,144.25,0.5,144.0,41,,,,,,,,,,,,,,,,,,,144.5,150,,,,,,,,,,,,,,,,,,
2026-07-04T10:00:44.416542+00:00,2026-07-04T10:00:44.416514,2,1,144.25,0.5,144.0,41,143.7,100,,,,,,,,,,,,,,,,,144.5,150,,,,,,,,,,,,,,,,,,
2026-07-04T10:00:44.469650+00:00,2026-07-04T10:00:44.469517,2,2,144.1,0.2,144.0,41,143.7,100,,,,,,,,,,,,,,,,,144.2,100,144.5,150,,,,,,,,,,,,,,,,
2026-07-04T10:00:44.807955+00:00,2026-07-04T10:00:44.807882,2,2,144.1,0.2,144.0,41,143.7,100,,,,,,,,,,,,,,,,,144.2,54,144.5,150,,,,,,,,,,,,,,,,
2026-07-04T10:00:45.152272+00:00,2026-07-04T10:00:45.152151,2,2,144.1,0.2,144.0,41,143.7,100,,,,,,,,,,,,,,,,,144.2,4,144.5,150,,,,,,,,,,,,,,,,
2026-07-04T10:00:47.127680+00:00,2026-07-04T10:00:47.127640,1,1,143.95,0.5,143.7,100,,,,,,,,,,,,,,,,,,,144.2,4,,,,,,,,,,,,,,,,,,
2026-07-04T10:00:47.182833+00:00,2026-07-04T10:00:47.182713,2,1,143.95,0.5,143.7,100,143.6,150,,,,,,,,,,,,,,,,,144.2,4,,,,,,,,,,,,,,,,,,
2026-07-04T10:00:47.235656+00:00,2026-07-04T10:00:47.235776,2,2,143.9,0.4,143.7,100,143.6,150,,,,,,,,,,,,,,,,,144.1,150,144.2,4,,,,,,,,,,,,,,,,
2026-07-04T10:00:47.264237+00:00,2026-07-04T10:00:47.263991,2,2,143.9,0.4,143.7,100,143.6,150,,,,,,,,,,,,,,,,,144.1,100,144.2,4,,,,,,,,,,,,,,,,
2026-07-04T10:00:47.528496+00:00,2026-07-04T10:00:47.528407,1,1,143.85,0.5,143.6,150,,,,,,,,,,,,,,,,,,,144.1,100,,,,,,,,,,,,,,,,,,
2026-07-04T10:00:47.576743+00:00,2026-07-04T10:00:47.576866,1,1,143.85,0.5,143.6,103,,,,,,,,,,,,,,,,,,,144.1,100,,,,,,,,,,,,,,,,,,
2026-07-04T10:00:47.581953+00:00,2026-07-04T10:00:47.582105,2,1,144.05,0.1,144.0,100,143.6,103,,,,,,,,,,,,,,,,,144.1,100,,,,,,,,,,,,,,,,,,
2026-07-04T10:00:47.592372+00:00,2026-07-04T10:00:47.586192,2,1,144.05,0.1,144.0,89,143.6,103,,,,,,,,,,,,,,,,,144.1,100,,,,,,,,,,,,,,,,,,
2026-07-04T10:00:47.635805+00:00,2026-07-04T10:00:47.635965,2,2,144.05,0.1,144.0,89,143.6,103,,,,,,,,,,,,,,,,,144.1,100,144.5,100,,,,,,,,,,,,,,,,
2026-07-04T10:00:48.673534+00:00,2026-07-04T10:00:48.662639,2,2,144.05,0.1,144.0,89,143.6,103,,,,,,,,,,,,,,,,,144.1,89,144.5,100,,,,,,,,,,,,,,,,
2026-07-04T10:00:49.371070+00:00,2026-07-04T10:00:49.370927,2,2,144.05,0.1,144.0,89,143.6,103,,,,,,,,,,,,,,,,,144.1,39,144.5,100,,,,,,,,,,,,,,,,
2026-07-04T10:00:49.934073+00:00,2026-07-04T10:00:49.933947,2,1,144.25,0.5,144.0,89,143.6,103,,,,,,,,,,,,,,,,,144.5,97,,,,,,,,,,,,,,,,,,
2026-07-04T10:00:50.290848+00:00,2026-07-04T10:00:50.290731,1,1,144.25,0.5,144.0,89,,,,,,,,,,,,,,,,,,,144.5,97,,,,,,,,,,,,,,,,,,
2026-07-04T10:00:50.340205+00:00,2026-07-04T10:00:50.340135,2,1,144.3,0.4,144.1,150,144.0,89,,,,,,,,,,,,,,,,,144.5,97,,,,,,,,,,,,,,,,,,
2026-07-04T10:00:50.397014+00:00,2026-07-04T10:00:50.396870,2,2,144.3,0.4,144.1,150,144.0,89,,,,,,,,,,,,,,,,,144.5,97,144.6,150,,,,,,,,,,,,,,,,
2026-07-04T10:00:50.691508+00:00,2026-07-04T10:00:50.691659,1,1,144.35,0.5,144.1,150,,,,,,,,,,,,,,,,,,,144.6,150,,,,,,,,,,,,,,,,,,
2026-07-04T10:00:50.744814+00:00,2026-07-04T10:00:50.744718,2,1,144.4,0.4,144.2,100,144.1,150,,,,,,,,,,,,,,,,,144.6,150,,,,,,,,,,,,,,,,,,
2026-07-04T10:00:50.799585+00:00,2026-07-04T10:00:50.799485,2,2,144.4,0.4,144.2,100,144.1,150,,,,,,,,,,,,,,,,,144.6,150,144.7,100,,,,,,,,,,,,,,,,
2026-07-04T10:00:51.479656+00:00,2026-07-04T10:00:51.479529,2,2,144.4,0.4,144.2,100,144.1,150,,,,,,,,,,,,,,,,,144.6,100,144.7,100,,,,,,,,,,,,,,,,
2026-07-04T10:00:52.158622+00:00,2026-07-04T10:00:52.156319,2,2,144.4,0.4,144.2,58,144.1,150,,,,,,,,,,,,,,,,,144.6,100,144.7,100,,,,,,,,,,,,,,,,
2026-07-04T10:00:53.458811+00:00,2026-07-04T10:00:53.458735,1,1,144.45,0.5,144.2,58,,,,,,,,,,,,,,,,,,,144.7,100,,,,,,,,,,,,,,,,,,
2026-07-04T10:00:53.515684+00:00,2026-07-04T10:00:53.508615,2,1,144.6,0.2,144.5,127,144.2,58,,,,,,,,,,,,,,,,,144.7,100,,,,,,,,,,,,,,,,,,
2026-07-04T10:00:53.557432+00:00,2026-07-04T10:00:53.557323,2,2,144.6,0.2,144.5,127,144.2,58,,,,,,,,,,,,,,,,,144.7,100,145.0,150,,,,,,,,,,,,,,,,
2026-07-04T10:00:53.585621+00:00,2026-07-04T10:00:53.585828,2,2,144.6,0.2,144.5,127,144.2,58,,,,,,,,,,,,,,,,,144.7,50,145.0,150,,,,,,,,,,,,,,,,
2026-07-04T10:00:53.858647+00:00,2026-07-04T10:00:53.855961,1,1,144.75,0.5,144.5,127,,,,,,,,,,,,,,,,,,,145.0,150,,,,,,,,,,,,,,,,,,
2026-07-04T10:00:53.907411+00:00,2026-07-04T10:00:53.907529,2,1,144.75,0.5,144.5,127,144.4,100,,,,,,,,,,,,,,,,,145.0,150,,,,,,,,,,,,,,,,,,
2026-07-04T10:00:53.958722+00:00,2026-07-04T10:00:53.956156,2,2,144.7,0.4,144.5,127,144.4,100,,,,,,,,,,,,,,,,,144.9,100,145.0,150,,,,,,,,,,,,,,,,
2026-07-04T10:00:55.694500+00:00,2026-07-04T10:00:55.694415,2,2,144.7,0.4,144.5,127,144.4,100,,,,,,,,,,,,,,,,,144.9,50,145.0,150,,,,,,,,,,,,,,,,
2026-07-04T10:00:56.613029+00:00,2026-07-04T10:00:56.612969,1,1,144.65,0.5,144.4,100,,,,,,,,,,,,,,,,,,,144.9,50,,,,,,,,,,,,,,,,,,
2026-07-04T10:00:56.667726+00:00,2026-07-04T10:00:56.667566,2,1,144.75,0.3,144.6,150,144.4,100,,,,,,,,,,,,,,,,,144.9,50,,,,,,,,,,,,,,,,,,
2026-07-04T10:00:56.720369+00:00,2026-07-04T10:00:56.720158,2,2,144.75,0.3,144.6,150,144.4,100,,,,,,,,,,,,,,,,,144.9,50,145.1,150,,,,,,,,,,,,,,,,
2026-07-04T10:00:57.018643+00:00,2026-07-04T10:00:57.018807,1,1,144.85,0.5,144.6,150,,,,,,,,,,,,,,,,,,,145.1,150,,,,,,,,,,,,,,,,,,
2026-07-04T10:00:57.074012+00:00,2026-07-04T10:00:57.073966,2,1,144.9,0.4,144.7,100,144.6,150,,,,,,,,,,,,,,,,,145.1,150,,,,,,,,,,,,,,,,,,
2026-07-04T10:00:57.126667+00:00,2026-07-04T10:00:57.126476,2,2,144.9,0.4,144.7,100,144.6,150,,,,,,,,,,,,,,,,,145.1,150,145.2,100,,,,,,,,,,,,,,,,
2026-07-04T10:00:57.801613+00:00,2026-07-04T10:00:57.801531,2,2,144.9,0.4,144.7,100,144.6,150,,,,,,,,,,,,,,,,,145.1,100,145.2,100,,,,,,,,,,,,,,,,
2026-07-04T10:00:58.563701+00:00,2026-07-04T10:00:58.563902,2,2,144.9,0.4,144.7,57,144.6,150,,,,,,,,,,,,,,,,,145.1,100,145.2,100,,,,,,,,,,,,,,,,
2026-07-04T10:00:59.000643+00:00,2026-07-04T10:00:58.994950,2,2,144.9,0.4,144.7,46,144.6,150,,,,,,,,,,,,,,,,,145.1,100,145.2,100,,,,,,,,,,,,,,,,
2026-07-04T10:00:59.056490+00:00,2026-07-04T10:00:59.056416,2,2,144.9,0.4,144.7,1,144.6,150,,,,,,,,,,,,,,,,,145.1,100,145.2,100,,,,,,,,,,,,,,,,
2026-07-04T10:00:59.774078+00:00,2026-07-04T10:00:59.774020,1,1,144.95,0.5,144.7,1,,,,,,,,,,,,,,,,,,,145.2,100,,,,,,,,,,,,,,,,,,
2026-07-04T10:00:59.829299+00:00,2026-07-04T10:00:59.829109,2,1,144.95,0.5,144.7,1,144.6,150,,,,,,,,,,,,,,,,,145.2,100,,,,,,,,,,,,,,,,,,
2026-07-04T10:00:59.882123+00:00,2026-07-04T10:00:59.882006,2,2,144.9,0.4,144.7,1,144.6,150,,,,,,,,,,,,,,,,,145.1,150,145.2,100,,,,,,,,,,,,,,,,
2026-07-04T10:00:59.908285+00:00,2026-07-04T10:00:59.908122,2,2,144.9,0.4,144.7,1,144.6,150,,,,,,,,,,,,,,,,,145.1,100,145.2,100,,,,,,,,,,,,,,,,
2026-07-04T10:01:00.190022+00:00,2026-07-04T10:01:00.189909,1,1,144.85,0.5,144.6,150,,,,,,,,,,,,,,,,,,,145.1,100,,,,,,,,,,,,,,,,,,
2026-07-04T10:01:00.241338+00:00,2026-07-04T10:01:00.241276,2,1,144.85,0.5,144.6,150,144.2,100,,,,,,,,,,,,,,,,,145.1,100,,,,,,,,,,,,,,,,,,
2026-07-04T10:01:00.294497+00:00,2026-07-04T10:01:00.294429,2,2,144.65,0.1,144.6,150,144.2,100,,,,,,,,,,,,,,,,,144.7,100,145.1,100,,,,,,,,,,,,,,,,
2026-07-04T10:01:01.770049+00:00,2026-07-04T10:01:01.763043,2,2,144.65,0.1,144.6,138,144.2,100,,,,,,,,,,,,,,,,,144.7,100,145.1,100,,,,,,,,,,,,,,,,
2026-07-04T10:01:02.013601+00:00,2026-07-04T10:01:02.013447,2,2,144.65,0.1,144.6,138,144.2,100,,,,,,,,,,,,,,,,,144.7,50,145.1,100,,,,,,,,,,,,,,,,
2026-07-04T10:01:02.326103+00:00,2026-07-04T10:01:02.326068,2,2,144.65,0.1,144.6,118,144.2,100,,,,,,,,,,,,,,,,,144.7,50,145.1,100,,,,,,,,,,,,,,,,
2026-07-04T10:01:02.937124+00:00,2026-07-04T10:01:02.937030,1,1,144.45,0.5,144.2,100,,,,,,,,,,,,,,,,,,,144.7,50,,,,,,,,,,,,,,,,,,
2026-07-04T10:01:02.992094+00:00,2026-07-04T10:01:02.992031,2,1,144.6,0.2,144.5,150,144.2,100,,,,,,,,,,,,,,,,,144.7,50,,,,,,,,,,,,,,,,,,
2026-07-04T10:01:03.044284+00:00,2026-07-04T10:01:03.044224,2,2,144.6,0.2,144.5,150,144.2,100,,,,,,,,,,,,,,,,,144.7,50,145.0,150,,,,,,,,,,,,,,,,
2026-07-04T10:01:03.358686+00:00,2026-07-04T10:01:03.350878,1,1,144.75,0.5,144.5,150,,,,,,,,,,,,,,,,,,,145.0,150,,,,,,,,,,,,,,,,,,
2026-07-04T10:01:03.407351+00:00,2026-07-04T10:01:03.407451,2,1,144.75,0.5,144.5,150,144.4,100,,,,,,,,,,,,,,,,,145.0,150,,,,,,,,,,,,,,,,,,
2026-07-04T10:01:03.458580+00:00,2026-07-04T10:01:03.456128,2,2,144.7,0.4,144.5,150,144.4,100,,,,,,,,,,,,,,,,,144.9,100,145.0,150,,,,,,,,,,,,,,,,
2026-07-04T10:01:04.123716+00:00,2026-07-04T10:01:04.123914,2,2,144.7,0.4,144.5,150,144.4,100,,,,,,,,,,,,,,,,,144.9,50,145.0,150,,,,,,,,,,,,,,,,
2026-07-04T10:01:06.097740+00:00,2026-07-04T10:01:06.097672,1,1,144.65,0.5,144.4,100,,,,,,,,,,,,,,,,,,,144.9,50,,,,,,,,,,,,,,,,,,
2026-07-04T10:01:06.158577+00:00,2026-07-04T10:01:06.153056,2,1,144.7,0.4,144.5,150,144.4,100,,,,,,,,,,,,,,,,,144.9,50,,,,,,,,,,,,,,,,,,
2026-07-04T10:01:06.220187+00:00,2026-07-04T10:01:06.220116,2,2,144.7,0.4,144.5,150,144.4,100,,,,,,,,,,,,,,,,,144.9,50,145.0,150,,,,,,,,,,,,,,,,
2026-07-04T10:01:06.285187+00:00,2026-07-04T10:01:06.285090,2,2,144.7,0.4,144.5,100,144.4,100,,,,,,,,,,,,,,,,,144.9,50,145.0,150,,,,,,,,,,,,,,,,
2026-07-04T10:01:06.515948+00:00,2026-07-04T10:01:06.515839,1,1,144.75,0.5,144.5,100,,,,,,,,,,,,,,,,,,,145.0,150,,,,,,,,,,,,,,,,,,
2026-07-04T10:01:06.578597+00:00,2026-07-04T10:01:06.578447,2,1,144.75,0.5,144.5,100,144.4,100,,,,,,,,,,,,,,,,,145.0,150,,,,,,,,,,,,,,,,,,
2026-07-04T10:01:06.633465+00:00,2026-07-04T10:01:06.633427,2,2,144.7,0.4,144.5,100,144.4,100,,,,,,,,,,,,,,,,,144.9,100,145.0,150,,,,,,,,,,,,,,,,
2026-07-04T10:01:08.391162+00:00,2026-07-04T10:01:08.391051,2,2,144.7,0.4,144.5,50,144.4,100,,,,,,,,,,,,,,,,,144.9,100,145.0,150,,,,,,,,,,,,,,,,
2026-07-04T10:01:08.974023+00:00,2026-07-04T10:01:08.973937,2,2,144.7,0.4,144.5,50,144.4,100,,,,,,,,,,,,,,,,,144.9,55,145.0,150,,,,,,,,,,,,,,,,
2026-07-04T10:01:09.281619+00:00,2026-07-04T10:01:09.281504,1,1,144.65,0.5,144.4,100,,,,,,,,,,,,,,,,,,,144.9,55,,,,,,,,,,,,,,,,,,
2026-07-04T10:01:09.337724+00:00,2026-07-04T10:01:09.337680,2,1,144.65,0.5,144.4,100,144.1,150,,,,,,,,,,,,,,,,,144.9,55,,,,,,,,,,,,,,,,,,
2026-07-04T10:01:09.387504+00:00,2026-07-04T10:01:09.387399,2,2,144.5,0.2,144.4,100,144.1,150,,,,,,,,,,,,,,,,,144.6,150,144.9,55,,,,,,,,,,,,,,,,
2026-07-04T10:01:09.574667+00:00,2026-07-04T10:01:09.574595,2,2,144.5,0.2,144.4,59,144.1,150,,,,,,,,,,,,,,,,,144.6,150,144.9,55,,,,,,,,,,,,,,,,
2026-07-04T10:01:09.687608+00:00,2026-07-04T10:01:09.687480,1,1,144.35,0.5,144.1,150,,,,,,,,,,,,,,,,,,,144.6,150,,,,,,,,,,,,,,,,,,
2026-07-04T10:01:09.739189+00:00,2026-07-04T10:01:09.739119,2,1,144.5,0.2,144.4,100,144.1,150,,,,,,,,,,,,,,,,,144.6,150,,,,,,,,,,,,,,,,,,
2026-07-04T10:01:09.794633+00:00,2026-07-04T10:01:09.794541,2,2,144.5,0.2,144.4,100,144.1,150,,,,,,,,,,,,,,,,,144.6,150,144.9,100,,,,,,,,,,,,,,,,
2026-07-04T10:01:10.521421+00:00,2026-07-04T10:01:10.521531,2,2,144.5,0.2,144.4,50,144.1,150,,,,,,,,,,,,,,,,,144.6,150,144.9,100,,,,,,,,,,,,,,,,
2026-07-04T10:01:12.443938+00:00,2026-07-04T10:01:12.443876,1,1,144.65,0.5,144.4,50,,,,,,,,,,,,,,,,,,,144.9,100,,,,,,,,,,,,,,,,,,
2026-07-04T10:01:12.498842+00:00,2026-07-04T10:01:12.498734,2,1,144.65,0.5,144.4,50,144.2,150,,,,,,,,,,,,,,,,,144.9,100,,,,,,,,,,,,,,,,,,
2026-07-04T10:01:12.551255+00:00,2026-07-04T10:01:12.551213,2,2,144.55,0.3,144.4,50,144.2,150,,,,,,,,,,,,,,,,,144.7,150,144.9,100,,,,,,,,,,,,,,,,
2026-07-04T10:01:12.626367+00:00,2026-07-04T10:01:12.626526,1,2,144.45,0.5,144.2,150,,,,,,,,,,,,,,,,,,,144.7,150,144.9,100,,,,,,,,,,,,,,,,
2026-07-04T10:01:12.870291+00:00,2026-07-04T10:01:12.870224,1,1,144.45,0.5,144.2,150,,,,,,,,,,,,,,,,,,,144.7,150,,,,,,,,,,,,,,,,,,
2026-07-04T10:01:12.900275+00:00,2026-07-04T10:01:12.900357,1,1,144.45,0.5,144.2,160,,,,,,,,,,,,,,,,,,,144.7,150,,,,,,,,,,,,,,,,,,
2026-07-04T10:01:12.922455+00:00,2026-07-04T10:01:12.922412,2,1,144.45,0.5,144.2,160,144.1,100,,,,,,,,,,,,,,,,,144.7,150,,,,,,,,,,,,,,,,,,
2026-07-04T10:01:12.980135+00:00,2026-07-04T10:01:12.979898,2,2,144.4,0.4,144.2,160,144.1,100,,,,,,,,,,,,,,,,,144.6,100,144.7,150,,,,,,,,,,,,,,,,
2026-07-04T10:01:14.730983+00:00,2026-07-04T10:01:14.731121,2,2,144.4,0.4,144.2,110,144.1,100,,,,,,,,,,,,,,,,,144.6,100,144.7,150,,,,,,,,,,,,,,,,
2026-07-04T10:01:14.838021+00:00,2026-07-04T10:01:14.837928,2,2,144.4,0.4,144.2,100,144.1,100,,,,,,,,,,,,,,,,,144.6,100,144.7,150,,,,,,,,,,,,,,,,
2026-07-04T10:01:14.870596+00:00,2026-07-04T10:01:14.870454,2,2,144.4,0.4,144.2,100,144.1,100,,,,,,,,,,,,,,,,,144.6,54,144.7,150,,,,,,,,,,,,,,,,
2026-07-04T10:01:15.603827+00:00,2026-07-04T10:01:15.604062,1,1,144.35,0.5,144.1,100,,,,,,,,,,,,,,,,,,,144.6,54,,,,,,,,,,,,,,,,,,
2026-07-04T10:01:15.658602+00:00,2026-07-04T10:01:15.657819,2,1,144.35,0.5,144.1,100,143.7,150,,,,,,,,,,,,,,,,,144.6,54,,,,,,,,,,,,,,,,,,
2026-07-04T10:01:15.718827+00:00,2026-07-04T10:01:15.718693,2,2,144.15,0.1,144.1,100,143.7,150,,,,,,,,,,,,,,,,,144.2,150,144.6,54,,,,,,,,,,,,,,,,
2026-07-04T10:01:16.033838+00:00,2026-07-04T10:01:16.033792,1,1,143.95,0.5,143.7,150,,,,,,,,,,,,,,,,,,,144.2,150,,,,,,,,,,,,,,,,,,
2026-07-04T10:01:16.089634+00:00,2026-07-04T10:01:16.089552,2,1,144.1,0.2,144.0,100,143.7,150,,,,,,,,,,,,,,,,,144.2,150,,,,,,,,,,,,,,,,,,
2026-07-04T10:01:16.142080+00:00,2026-07-04T10:01:16.141885,2,2,144.1,0.2,144.0,100,143.7,150,,,,,,,,,,,,,,,,,144.2,150,144.5,100,,,,,,,,,,,,,,,,
2026-07-04T10:01:16.215704+00:00,2026-07-04T10:01:16.209943,2,2,144.1,0.2,144.0,100,143.7,150,,,,,,,,,,,,,,,,,144.2,115,144.5,100,,,,,,,,,,,,,,,,
2026-07-04T10:01:16.842766+00:00,2026-07-04T10:01:16.842611,2,2,144.1,0.2,144.0,50,143.7,150,,,,,,,,,,,,,,,,,144.2,115,144.5,100,,,,,,,,,,,,,,,,
2026-07-04T10:01:18.499092+00:00,2026-07-04T10:01:18.498997,3,2,144.15,0.1,144.1,10,144.0,50,143.7,150,,,,,,,,,,,,,,,144.2,115,144.5,100,,,,,,,,,,,,,,,,
2026-07-04T10:01:18.773990+00:00,2026-07-04T10:01:18.774154,2,1,144.3,0.4,144.1,10,144.0,50,,,,,,,,,,,,,,,,,144.5,100,,,,,,,,,,,,,,,,,,
2026-07-04T10:01:18.828032+00:00,2026-07-04T10:01:18.827900,2,1,144.3,0.4,144.1,160,144.0,50,,,,,,,,,,,,,,,,,144.5,100,,,,,,,,,,,,,,,,,,
2026-07-04T10:01:18.882017+00:00,2026-07-04T10:01:18.881930,2,2,144.3,0.4,144.1,160,144.0,50,,,,,,,,,,,,,,,,,144.5,100,144.6,150,,,,,,,,,,,,,,,,
2026-07-04T10:01:18.946603+00:00,2026-07-04T10:01:18.946486,2,2,144.3,0.4,144.1,110,144.0,50,,,,,,,,,,,,,,,,,144.5,100,144.6,150,,,,,,,,,,,,,,,,
2026-07-04T10:01:19.088505+00:00,2026-07-04T10:01:19.088474,3,2,144.35,0.3,144.2,10,144.1,110,144.0,50,,,,,,,,,,,,,,,144.5,100,144.6,150,,,,,,,,,,,,,,,,
2026-07-04T10:01:19.195392+00:00,2026-07-04T10:01:19.195270,2,1,144.4,0.4,144.2,10,144.1,110,,,,,,,,,,,,,,,,,144.6,150,,,,,,,,,,,,,,,,,,
2026-07-04T10:01:19.258792+00:00,2026-07-04T10:01:19.258649,2,1,144.4,0.4,144.2,110,144.1,110,,,,,,,,,,,,,,,,,144.6,150,,,,,,,,,,,,,,,,,,
2026-07-04T10:01:19.298694+00:00,2026-07-04T10:01:19.298634,2,2,144.4,0.4,144.2,110,144.1,110,,,,,,,,,,,,,,,,,144.6,150,144.7,100,,,,,,,,,,,,,,,,
2026-07-04T10:01:19.380228+00:00,2026-07-04T10:01:19.380105,2,2,144.4,0.4,144.2,100,144.1,110,,,,,,,,,,,,,,,,,144.6,150,144.7,100,,,,,,,,,,,,,,,,
2026-07-04T10:01:19.410102+00:00,2026-07-04T10:01:19.409968,3,2,144.5,0.2,144.4,10,144.2,100,144.1,110,,,,,,,,,,,,,,,144.6,150,144.7,100,,,,,,,,,,,,,,,,
2026-07-04T10:01:19.538148+00:00,2026-07-04T10:01:19.531554,2,2,144.4,0.4,144.2,100,144.1,110,,,,,,,,,,,,,,,,,144.6,150,144.7,100,,,,,,,,,,,,,,,,
2026-07-04T10:01:19.699865+00:00,2026-07-04T10:01:19.699746,2,2,144.4,0.4,144.2,80,144.1,110,,,,,,,,,,,,,,,,,144.6,150,144.7,100,,,,,,,,,,,,,,,,
2026-07-04T10:01:19.983141+00:00,2026-07-04T10:01:19.983026,2,2,144.4,0.4,144.2,60,144.1,110,,,,,,,,,,,,,,,,,144.6,150,144.7,100,,,,,,,,,,,,,,,,
2026-07-04T10:01:20.279378+00:00,2026-07-04T10:01:20.279483,2,2,144.4,0.4,144.2,65,144.1,110,,,,,,,,,,,,,,,,,144.6,150,144.7,100,,,,,,,,,,,,,,,,
2026-07-04T10:01:21.051707+00:00,2026-07-04T10:01:21.051910,2,2,144.4,0.4,144.2,15,144.1,110,,,,,,,,,,,,,,,,,144.6,150,144.7,100,,,,,,,,,,,,,,,,
2026-07-04T10:01:21.110189+00:00,2026-07-04T10:01:21.110128,2,2,144.4,0.4,144.2,10,144.1,110,,,,,,,,,,,,,,,,,144.6,150,144.7,100,,,,,,,,,,,,,,,,
2026-07-04T10:01:21.278993+00:00,2026-07-04T10:01:21.278889,2,2,144.4,0.4,144.2,10,144.1,110,,,,,,,,,,,,,,,,,144.6,104,144.7,100,,,,,,,,,,,,,,,,
2026-07-04T10:01:21.632955+00:00,2026-07-04T10:01:21.633084,2,2,144.4,0.4,144.2,20,144.1,110,,,,,,,,,,,,,,,,,144.6,104,144.7,100,,,,,,,,,,,,,,,,
2026-07-04T10:01:21.936319+00:00,2026-07-04T10:01:21.936230,1,1,144.45,0.5,144.2,20,,,,,,,,,,,,,,,,,,,144.7,100,,,,,,,,,,,,,,,,,,
2026-07-04T10:01:22.000274+00:00,2026-07-04T10:01:22.000212,2,1,144.45,0.5,144.2,20,144.0,150,,,,,,,,,,,,,,,,,144.7,100,,,,,,,,,,,,,,,,,,
2026-07-04T10:01:22.058655+00:00,2026-07-04T10:01:22.056983,2,2,144.35,0.3,144.2,20,144.0,150,,,,,,,,,,,,,,,,,144.5,150,144.7,100,,,,,,,,,,,,,,,,
2026-07-04T10:01:22.194303+00:00,2026-07-04T10:01:22.194229,1,2,144.25,0.5,144.0,121,,,,,,,,,,,,,,,,,,,144.5,150,144.7,100,,,,,,,,,,,,,,,,
2026-07-04T10:01:22.357636+00:00,2026-07-04T10:01:22.357496,1,1,144.25,0.5,144.0,121,,,,,,,,,,,,,,,,,,,144.5,150,,,,,,,,,,,,,,,,,,
2026-07-04T10:01:22.408349+00:00,2026-07-04T10:01:22.408329,2,1,144.25,0.5,144.0,121,143.7,100,,,,,,,,,,,,,,,,,144.5,150,,,,,,,,,,,,,,,,,,
2026-07-04T10:01:22.474364+00:00,2026-07-04T10:01:22.474206,2,2,144.1,0.2,144.0,121,143.7,100,,,,,,,,,,,,,,,,,144.2,100,144.5,150,,,,,,,,,,,,,,,,
2026-07-04T10:01:22.493421+00:00,2026-07-04T10:01:22.493309,2,2,144.1,0.2,144.0,131,143.7,100,,,,,,,,,,,,,,,,,144.2,100,144.5,150,,,,,,,,,,,,,,,,
2026-07-04T10:01:22.767521+00:00,2026-07-04T10:01:22.762092,2,2,144.1,0.2,144.0,131,143.7,100,,,,,,,,,,,,,,,,,144.2,90,144.5,150,,,,,,,,,,,,,,,,
2026-07-04T10:01:23.069717+00:00,2026-07-04T10:01:23.069592,2,2,144.1,0.2,144.0,121,143.7,100,,,,,,,,,,,,,,,,,144.2,90,144.5,150,,,,,,,,,,,,,,,,
2026-07-04T10:01:23.109099+00:00,2026-07-04T10:01:23.108993,2,2,144.1,0.2,144.0,121,143.7,100,,,,,,,,,,,,,,,,,144.2,40,144.5,150,,,,,,,,,,,,,,,,
2026-07-04T10:01:23.191251+00:00,2026-07-04T10:01:23.191126,2,1,144.25,0.5,144.0,121,143.7,100,,,,,,,,,,,,,,,,,144.5,150,,,,,,,,,,,,,,,,,,
2026-07-04T10:01:24.812853+00:00,2026-07-04T10:01:24.812715,2,1,144.25,0.5,144.0,131,143.7,100,,,,,,,,,,,,,,,,,144.5,150,,,,,,,,,,,,,,,,,,
2026-07-04T10:01:25.111493+00:00,2026-07-04T10:01:25.111383,2,0,,,144.0,10,143.7,100,,,,,,,,,,,,,,,,,,,,,,,,,,,,,,,,,,,,
2026-07-04T10:01:25.166121+00:00,2026-07-04T10:01:25.166011,3,0,,,144.0,10,143.9,150,143.7,100,,,,,,,,,,,,,,,,,,,,,,,,,,,,,,,,,,
2026-07-04T10:01:25.219065+00:00,2026-07-04T10:01:25.218952,3,1,144.2,0.4,144.0,10,143.9,150,143.7,100,,,,,,,,,,,,,,,144.4,150,,,,,,,,,,,,,,,,,,
2026-07-04T10:01:25.240284+00:00,2026-07-04T10:01:25.240484,3,1,144.2,0.4,144.0,10,143.9,150,143.7,100,,,,,,,,,,,,,,,144.4,100,,,,,,,,,,,,,,,,,,
2026-07-04T10:01:25.263946+00:00,2026-07-04T10:01:25.263911,2,1,144.15,0.5,143.9,114,143.7,100,,,,,,,,,,,,,,,,,144.4,100,,,,,,,,,,,,,,,,,,
2026-07-04T10:01:25.530373+00:00,2026-07-04T10:01:25.530246,1,1,144.15,0.5,143.9,114,,,,,,,,,,,,,,,,,,,144.4,100,,,,,,,,,,,,,,,,,,
2026-07-04T10:01:25.596012+00:00,2026-07-04T10:01:25.595942,2,1,144.2,0.4,144.0,100,143.9,114,,,,,,,,,,,,,,,,,144.4,100,,,,,,,,,,,,,,,,,,
2026-07-04T10:01:25.645146+00:00,2026-07-04T10:01:25.645269,2,2,144.2,0.4,144.0,100,143.9,114,,,,,,,,,,,,,,,,,144.4,100,144.5,100,,,,,,,,,,,,,,,,
2026-07-04T10:01:25.882103+00:00,2026-07-04T10:01:25.882066,2,2,144.2,0.4,144.0,110,143.9,114,,,,,,,,,,,,,,,,,144.4,57,144.5,100,,,,,,,,,,,,,,,,
2026-07-04T10:01:27.351624+00:00,2026-07-04T10:01:27.351599,2,2,144.2,0.4,144.0,110,143.9,114,,,,,,,,,,,,,,,,,144.4,7,144.5,100,,,,,,,,,,,,,,,,
2026-07-04T10:01:27.545256+00:00,2026-07-04T10:01:27.545126,2,2,144.2,0.4,144.0,100,143.9,114,,,,,,,,,,,,,,,,,144.4,7,144.5,100,,,,,,,,,,,,,,,,
2026-07-04T10:01:27.585582+00:00,2026-07-04T10:01:27.579896,2,2,144.2,0.4,144.0,100,143.9,114,,,,,,,,,,,,,,,,,144.4,7,144.5,100,,,,,,,,,,,,,,,,
2026-07-04T10:01:27.901494+00:00,2026-07-04T10:01:27.901362,2,2,144.2,0.4,144.0,105,143.9,114,,,,,,,,,,,,,,,,,144.4,7,144.5,100,,,,,,,,,,,,,,,,
2026-07-04T10:01:27.919183+00:00,2026-07-04T10:01:27.919112,2,2,144.2,0.4,144.0,100,143.9,114,,,,,,,,,,,,,,,,,144.4,7,144.5,100,,,,,,,,,,,,,,,,
2026-07-04T10:01:27.953063+00:00,2026-07-04T10:01:27.953005,2,2,144.2,0.4,144.0,100,143.9,114,,,,,,,,,,,,,,,,,144.4,2,144.5,100,,,,,,,,,,,,,,,,
2026-07-04T10:01:28.209580+00:00,2026-07-04T10:01:28.209481,2,2,144.2,0.4,144.0,105,143.9,114,,,,,,,,,,,,,,,,,144.4,2,144.5,100,,,,,,,,,,,,,,,,
2026-07-04T10:01:28.273232+00:00,2026-07-04T10:01:28.273187,1,1,144.25,0.5,144.0,105,,,,,,,,,,,,,,,,,,,144.5,100,,,,,,,,,,,,,,,,,,
2026-07-04T10:01:28.338440+00:00,2026-07-04T10:01:28.332699,2,1,144.4,0.2,144.3,148,144.0,105,,,,,,,,,,,,,,,,,144.5,100,,,,,,,,,,,,,,,,,,
2026-07-04T10:01:28.382092+00:00,2026-07-04T10:01:28.382012,2,2,144.4,0.2,144.3,148,144.0,105,,,,,,,,,,,,,,,,,144.5,100,144.8,150,,,,,,,,,,,,,,,,
2026-07-04T10:01:28.504197+00:00,2026-07-04T10:01:28.504371,2,2,144.4,0.2,144.3,148,144.0,100,,,,,,,,,,,,,,,,,144.5,100,144.8,150,,,,,,,,,,,,,,,,
2026-07-04T10:01:28.695620+00:00,2026-07-04T10:01:28.695570,2,1,144.55,0.5,144.3,148,144.0,100,,,,,,,,,,,,,,,,,144.8,150,,,,,,,,,,,,,,,,,,
2026-07-04T10:01:28.700852+00:00,2026-07-04T10:01:28.700738,1,1,144.55,0.5,144.3,148,,,,,,,,,,,,,,,,,,,144.8,150,,,,,,,,,,,,,,,,,,
2026-07-04T10:01:28.763867+00:00,2026-07-04T10:01:28.763957,2,1,144.55,0.5,144.3,148,144.0,100,,,,,,,,,,,,,,,,,144.8,150,,,,,,,,,,,,,,,,,,
2026-07-04T10:01:28.811637+00:00,2026-07-04T10:01:28.811527,2,2,144.4,0.2,144.3,148,144.0,100,,,,,,,,,,,,,,,,,144.5,100,144.8,150,,,,,,,,,,,,,,,,
2026-07-04T10:01:29.458576+00:00,2026-07-04T10:01:29.453520,2,2,144.4,0.2,144.3,148,144.0,100,,,,,,,,,,,,,,,,,144.5,50,144.8,150,,,,,,,,,,,,,,,,
2026-07-04T10:01:31.435711+00:00,2026-07-04T10:01:31.435637,1,1,144.25,0.5,144.0,100,,,,,,,,,,,,,,,,,,,144.5,50,,,,,,,,,,,,,,,,,,
2026-07-04T10:01:31.502094+00:00,2026-07-04T10:01:31.495707,2,1,144.45,0.1,144.4,139,144.0,100,,,,,,,,,,,,,,,,,144.5,50,,,,,,,,,,,,,,,,,,
2026-07-04T10:01:31.544845+00:00,2026-07-04T10:01:31.544802,2,2,144.45,0.1,144.4,139,144.0,100,,,,,,,,,,,,,,,,,144.5,50,144.9,150,,,,,,,,,,,,,,,,
2026-07-04T10:01:31.566353+00:00,2026-07-04T10:01:31.566498,2,1,144.65,0.5,144.4,139,144.0,100,,,,,,,,,,,,,,,,,144.9,150,,,,,,,,,,,,,,,,,,
2026-07-04T10:01:31.695605+00:00,2026-07-04T10:01:31.695529,2,1,144.65,0.5,144.4,119,144.0,100,,,,,,,,,,,,,,,,,144.9,150,,,,,,,,,,,,,,,,,,
2026-07-04T10:01:31.869238+00:00,2026-07-04T10:01:31.869111,1,1,144.65,0.5,144.4,119,,,,,,,,,,,,,,,,,,,144.9,150,,,,,,,,,,,,,,,,,,
2026-07-04T10:01:31.925078+00:00,2026-07-04T10:01:31.925012,2,1,144.65,0.5,144.4,119,144.3,100,,,,,,,,,,,,,,,,,144.9,150,,,,,,,,,,,,,,,,,,
2026-07-04T10:01:31.975667+00:00,2026-07-04T10:01:31.975545,2,2,144.6,0.4,144.4,119,144.3,100,,,,,,,,,,,,,,,,,144.8,100,144.9,150,,,,,,,,,,,,,,,,
2026-07-04T10:01:34.595406+00:00,2026-07-04T10:01:34.595533,1,1,144.55,0.5,144.3,100,,,,,,,,,,,,,,,,,,,144.8,100,,,,,,,,,,,,,,,,,,
2026-07-04T10:01:34.658581+00:00,2026-07-04T10:01:34.652408,1,1,144.55,0.5,144.3,250,,,,,,,,,,,,,,,,,,,144.8,100,,,,,,,,,,,,,,,,,,
2026-07-04T10:01:34.703709+00:00,2026-07-04T10:01:34.703610,1,1,144.55,0.5,144.3,250,,,,,,,,,,,,,,,,,,,144.8,250,,,,,,,,,,,,,,,,,,
2026-07-04T10:01:35.027680+00:00,2026-07-04T10:01:35.027630,1,1,144.55,0.5,144.3,150,,,,,,,,,,,,,,,,,,,144.8,150,,,,,,,,,,,,,,,,,,
2026-07-04T10:01:35.078099+00:00,2026-07-04T10:01:35.078018,2,1,144.6,0.4,144.4,100,144.3,150,,,,,,,,,,,,,,,,,144.8,150,,,,,,,,,,,,,,,,,,
2026-07-04T10:01:35.133504+00:00,2026-07-04T10:01:35.133375,2,2,144.6,0.4,144.4,100,144.3,150,,,,,,,,,,,,,,,,,144.8,150,144.9,100,,,,,,,,,,,,,,,,
2026-07-04T10:01:35.341795+00:00,2026-07-04T10:01:35.341681,2,2,144.6,0.4,144.4,53,144.3,150,,,,,,,,,,,,,,,,,144.8,150,144.9,100,,,,,,,,,,,,,,,,
2026-07-04T10:01:36.419056+00:00,2026-07-04T10:01:36.418921,2,2,144.6,0.4,144.4,53,144.3,150,,,,,,,,,,,,,,,,,144.8,109,144.9,100,,,,,,,,,,,,,,,,
2026-07-04T10:01:37.213554+00:00,2026-07-04T10:01:37.208185,2,2,144.6,0.4,144.4,41,144.3,150,,,,,,,,,,,,,,,,,144.8,109,144.9,100,,,,,,,,,,,,,,,,
2026-07-04T10:01:37.758616+00:00,2026-07-04T10:01:37.751857,1,1,144.65,0.5,144.4,41,,,,,,,,,,,,,,,,,,,144.9,100,,,,,,,,,,,,,,,,,,
2026-07-04T10:01:37.810078+00:00,2026-07-04T10:01:37.809948,2,1,144.65,0.5,144.4,41,144.3,150,,,,,,,,,,,,,,,,,144.9,100,,,,,,,,,,,,,,,,,,
2026-07-04T10:01:37.860939+00:00,2026-07-04T10:01:37.861085,2,2,144.6,0.4,144.4,41,144.3,150,,,,,,,,,,,,,,,,,144.8,150,144.9,100,,,,,,,,,,,,,,,,
2026-07-04T10:01:37.912328+00:00,2026-07-04T10:01:37.912166,2,2,144.6,0.4,144.4,41,144.3,150,,,,,,,,,,,,,,,,,144.8,100,144.9,100,,,,,,,,,,,,,,,,
2026-07-04T10:01:38.190039+00:00,2026-07-04T10:01:38.189954,2,1,144.6,0.4,144.4,41,144.3,150,,,,,,,,,,,,,,,,,144.8,100,,,,,,,,,,,,,,,,,,
2026-07-04T10:01:38.195172+00:00,2026-07-04T10:01:38.195123,1,1,144.55,0.5,144.3,150,,,,,,,,,,,,,,,,,,,144.8,100,,,,,,,,,,,,,,,,,,
2026-07-04T10:01:38.246419+00:00,2026-07-04T10:01:38.246316,2,1,144.55,0.5,144.3,150,144.0,100,,,,,,,,,,,,,,,,,144.8,100,,,,,,,,,,,,,,,,,,
2026-07-04T10:01:38.296284+00:00,2026-07-04T10:01:38.296239,2,2,144.4,0.2,144.3,150,144.0,100,,,,,,,,,,,,,,,,,144.5,100,144.8,100,,,,,,,,,,,,,,,,
2026-07-04T10:01:40.020299+00:00,2026-07-04T10:01:40.020255,2,2,144.4,0.2,144.3,150,144.0,100,,,,,,,,,,,,,,,,,144.5,50,144.8,100,,,,,,,,,,,,,,,,
2026-07-04T10:01:40.919542+00:00,2026-07-04T10:01:40.919485,1,1,144.25,0.5,144.0,100,,,,,,,,,,,,,,,,,,,144.5,50,,,,,,,,,,,,,,,,,,
2026-07-04T10:01:40.972577+00:00,2026-07-04T10:01:40.972500,2,0,,,144.5,100,144.0,100,,,,,,,,,,,,,,,,,,,,,,,,,,,,,,,,,,,,
2026-07-04T10:01:41.035837+00:00,2026-07-04T10:01:41.030394,2,1,144.75,0.5,144.5,89,144.0,100,,,,,,,,,,,,,,,,,145.0,150,,,,,,,,,,,,,,,,,,
2026-07-04T10:01:41.079914+00:00,2026-07-04T10:01:41.079788,2,1,144.75,0.5,144.5,43,144.0,100,,,,,,,,,,,,,,,,,145.0,150,,,,,,,,,,,,,,,,,,
2026-07-04T10:01:41.358678+00:00,2026-07-04T10:01:41.349612,1,1,144.75,0.5,144.5,43,,,,,,,,,,,,,,,,,,,145.0,150,,,,,,,,,,,,,,,,,,
2026-07-04T10:01:41.407011+00:00,2026-07-04T10:01:41.407134,2,1,144.75,0.5,144.5,43,144.3,100,,,,,,,,,,,,,,,,,145.0,150,,,,,,,,,,,,,,,,,,
2026-07-04T10:01:41.455216+00:00,2026-07-04T10:01:41.455372,2,2,144.65,0.3,144.5,43,144.3,100,,,,,,,,,,,,,,,,,144.8,100,145.0,150,,,,,,,,,,,,,,,,
2026-07-04T10:01:41.641900+00:00,2026-07-04T10:01:41.641759,2,2,144.65,0.3,144.5,43,144.3,100,,,,,,,,,,,,,,,,,144.8,53,145.0,150,,,,,,,,,,,,,,,,
2026-07-04T10:01:42.132546+00:00,2026-07-04T10:01:42.132434,2,2,144.65,0.3,144.5,43,144.3,100,,,,,,,,,,,,,,,,,144.8,3,145.0,150,,,,,,,,,,,,,,,,
2026-07-04T10:01:44.082379+00:00,2026-07-04T10:01:44.082321,1,1,144.55,0.5,144.3,100,,,,,,,,,,,,,,,,,,,144.8,3,,,,,,,,,,,,,,,,,,
2026-07-04T10:01:44.137075+00:00,2026-07-04T10:01:44.137034,2,1,144.55,0.5,144.3,100,144.0,150,,,,,,,,,,,,,,,,,144.8,3,,,,,,,,,,,,,,,,,,
2026-07-04T10:01:44.187466+00:00,2026-07-04T10:01:44.187335,2,2,144.4,0.2,144.3,100,144.0,150,,,,,,,,,,,,,,,,,144.5,150,144.8,3,,,,,,,,,,,,,,,,
2026-07-04T10:01:44.515049+00:00,2026-07-04T10:01:44.515006,1,1,144.25,0.5,144.0,150,,,,,,,,,,,,,,,,,,,144.5,150,,,,,,,,,,,,,,,,,,
2026-07-04T10:01:44.569484+00:00,2026-07-04T10:01:44.569308,1,1,144.25,0.5,144.0,150,,,,,,,,,,,,,,,,,,,144.5,50,,,,,,,,,,,,,,,,,,
2026-07-04T10:01:44.624523+00:00,2026-07-04T10:01:44.624427,1,2,144.25,0.5,144.0,150,,,,,,,,,,,,,,,,,,,144.5,50,145.0,100,,,,,,,,,,,,,,,,
2026-07-04T10:01:46.340503+00:00,2026-07-04T10:01:46.340432,2,2,144.3,0.4,144.1,10,144.0,150,,,,,,,,,,,,,,,,,144.5,50,145.0,100,,,,,,,,,,,,,,,,
2026-07-04T10:01:46.470357+00:00,2026-07-04T10:01:46.470226,2,2,144.3,0.4,144.1,10,144.0,150,,,,,,,,,,,,,,,,,144.5,8,145.0,100,,,,,,,,,,,,,,,,
2026-07-04T10:01:46.636897+00:00,2026-07-04T10:01:46.636817,1,2,144.25,0.5,144.0,150,,,,,,,,,,,,,,,,,,,144.5,8,145.0,100,,,,,,,,,,,,,,,,
2026-07-04T10:01:46.664624+00:00,2026-07-04T10:01:46.664598,2,2,144.4,0.2,144.3,10,144.0,150,,,,,,,,,,,,,,,,,144.5,8,145.0,100,,,,,,,,,,,,,,,,
2026-07-04T10:01:47.241516+00:00,2026-07-04T10:01:47.241435,1,1,144.65,0.7,144.3,10,,,,,,,,,,,,,,,,,,,145.0,100,,,,,,,,,,,,,,,,,,
2026-07-04T10:01:47.307577+00:00,2026-07-04T10:01:47.301153,2,1,144.9,0.2,144.8,147,144.3,10,,,,,,,,,,,,,,,,,145.0,100,,,,,,,,,,,,,,,,,,
2026-07-04T10:01:47.351768+00:00,2026-07-04T10:01:47.351725,2,2,144.9,0.2,144.8,147,144.3,10,,,,,,,,,,,,,,,,,145.0,100,145.3,150,,,,,,,,,,,,,,,,
2026-07-04T10:01:47.504146+00:00,2026-07-04T10:01:47.504055,1,2,144.9,0.2,144.8,147,,,,,,,,,,,,,,,,,,,145.0,100,145.3,150,,,,,,,,,,,,,,,,
2026-07-04T10:01:47.676480+00:00,2026-07-04T10:01:47.676374,1,1,145.05,0.5,144.8,147,,,,,,,,,,,,,,,,,,,145.3,150,,,,,,,,,,,,,,,,,,
2026-07-04T10:01:47.730420+00:00,2026-07-04T10:01:47.730339,2,1,145.05,0.5,144.8,147,144.5,100,,,,,,,,,,,,,,,,,145.3,150,,,,,,,,,,,,,,,,,,
2026-07-04T10:01:47.781138+00:00,2026-07-04T10:01:47.781086,2,2,144.9,0.2,144.8,147,144.5,100,,,,,,,,,,,,,,,,,145.0,100,145.3,150,,,,,,,,,,,,,,,,
2026-07-04T10:01:49.077538+00:00,2026-07-04T10:01:49.077657,2,2,144.9,0.2,144.8,98,144.5,100,,,,,,,,,,,,,,,,,145.0,100,145.3,150,,,,,,,,,,,,,,,,
2026-07-04T10:01:49.558568+00:00,2026-07-04T10:01:49.556960,2,2,144.9,0.2,144.8,50,144.5,100,,,,,,,,,,,,,,,,,145.0,100,145.3,150,,,,,,,,,,,,,,,,
2026-07-04T10:01:50.406697+00:00,2026-07-04T10:01:50.406801,1,1,144.75,0.5,144.5,100,,,,,,,,,,,,,,,,,,,145.0,100,,,,,,,,,,,,,,,,,,
2026-07-04T10:01:50.458607+00:00,2026-07-04T10:01:50.451953,1,1,144.75,0.5,144.5,250,,,,,,,,,,,,,,,,,,,145.0,100,,,,,,,,,,,,,,,,,,
2026-07-04T10:01:50.514194+00:00,2026-07-04T10:01:50.514102,1,1,144.75,0.5,144.5,250,,,,,,,,,,,,,,,,,,,145.0,250,,,,,,,,,,,,,,,,,,
2026-07-04T10:01:50.550872+00:00,2026-07-04T10:01:50.550751,1,1,144.75,0.5,144.5,250,,,,,,,,,,,,,,,,,,,145.0,200,,,,,,,,,,,,,,,,,,
2026-07-04T10:01:50.838275+00:00,2026-07-04T10:01:50.838165,1,1,144.75,0.5,144.5,150,,,,,,,,,,,,,,,,,,,145.0,150,,,,,,,,,,,,,,,,,,
2026-07-04T10:01:50.892772+00:00,2026-07-04T10:01:50.892687,2,1,144.85,0.3,144.7,100,144.5,150,,,,,,,,,,,,,,,,,145.0,150,,,,,,,,,,,,,,,,,,
2026-07-04T10:01:50.942919+00:00,2026-07-04T10:01:50.942818,2,2,144.85,0.3,144.7,100,144.5,150,,,,,,,,,,,,,,,,,145.0,150,145.2,100,,,,,,,,,,,,,,,,
2026-07-04T10:01:52.653930+00:00,2026-07-04T10:01:52.654094,2,2,144.85,0.3,144.7,100,144.5,150,,,,,,,,,,,,,,,,,145.0,100,145.2,100,,,,,,,,,,,,,,,,
2026-07-04T10:01:53.251609+00:00,2026-07-04T10:01:53.251828,2,2,144.85,0.3,144.7,100,144.5,150,,,,,,,,,,,,,,,,,145.0,52,145.2,100,,,,,,,,,,,,,,,,
2026-07-04T10:01:53.567483+00:00,2026-07-04T10:01:53.567381,1,1,144.95,0.5,144.7,100,,,,,,,,,,,,,,,,,,,145.2,100,,,,,,,,,,,,,,,,,,
2026-07-04T10:01:53.619011+00:00,2026-07-04T10:01:53.618884,2,1,145.0,0.4,144.8,150,144.7,100,,,,,,,,,,,,,,,,,145.2,100,,,,,,,,,,,,,,,,,,
2026-07-04T10:01:53.675744+00:00,2026-07-04T10:01:53.675519,2,2,145.0,0.4,144.8,150,144.7,100,,,,,,,,,,,,,,,,,145.2,100,145.3,150,,,,,,,,,,,,,,,,
2026-07-04T10:01:54.000259+00:00,2026-07-04T10:01:54.000125,1,1,145.05,0.5,144.8,150,,,,,,,,,,,,,,,,,,,145.3,150,,,,,,,,,,,,,,,,,,
2026-07-04T10:01:54.049409+00:00,2026-07-04T10:01:54.049375,2,1,145.05,0.5,144.8,150,144.7,100,,,,,,,,,,,,,,,,,145.3,150,,,,,,,,,,,,,,,,,,
2026-07-04T10:01:54.103318+00:00,2026-07-04T10:01:54.103225,2,2,145.0,0.4,144.8,150,144.7,100,,,,,,,,,,,,,,,,,145.2,100,145.3,150,,,,,,,,,,,,,,,,
2026-07-04T10:01:55.312640+00:00,2026-07-04T10:01:55.312567,2,3,144.95,0.3,144.8,150,144.7,100,,,,,,,,,,,,,,,,,145.1,10,145.2,100,145.3,150,,,,,,,,,,,,,,
2026-07-04T10:01:55.346570+00:00,2026-07-04T10:01:55.346528,2,3,144.95,0.3,144.8,107,144.7,100,,,,,,,,,,,,,,,,,145.1,10,145.2,100,145.3,150,,,,,,,,,,,,,,
2026-07-04T10:01:56.730368+00:00,2026-07-04T10:01:56.730297,1,2,144.9,0.4,144.7,100,,,,,,,,,,,,,,,,,,,145.1,10,145.2,100,,,,,,,,,,,,,,,,
2026-07-04T10:01:56.784993+00:00,2026-07-04T10:01:56.784876,1,2,144.9,0.4,144.7,250,,,,,,,,,,,,,,,,,,,145.1,10,145.2,100,,,,,,,,,,,,,,,,
2026-07-04T10:01:56.842734+00:00,2026-07-04T10:01:56.842583,1,2,144.9,0.4,144.7,250,,,,,,,,,,,,,,,,,,,145.1,10,145.2,250,,,,,,,,,,,,,,,,
2026-07-04T10:01:56.879859+00:00,2026-07-04T10:01:56.879753,1,1,144.95,0.5,144.7,250,,,,,,,,,,,,,,,,,,,145.2,210,,,,,,,,,,,,,,,,,,
2026-07-04T10:01:56.988672+00:00,2026-07-04T10:01:56.988563,1,2,144.9,0.4,144.7,250,,,,,,,,,,,,,,,,,,,145.1,10,145.2,210,,,,,,,,,,,,,,,,
2026-07-04T10:01:57.159633+00:00,2026-07-04T10:01:57.159577,1,2,144.9,0.4,144.7,150,,,,,,,,,,,,,,,,,,,145.1,10,145.2,150,,,,,,,,,,,,,,,,
2026-07-04T10:01:57.214171+00:00,2026-07-04T10:01:57.214237,2,2,144.95,0.3,144.8,100,144.7,150,,,,,,,,,,,,,,,,,145.1,10,145.2,150,,,,,,,,,,,,,,,,
2026-07-04T10:01:57.267805+00:00,2026-07-04T10:01:57.267879,2,3,144.95,0.3,144.8,100,144.7,150,,,,,,,,,,,,,,,,,145.1,10,145.2,150,145.3,100,,,,,,,,,,,,,,
2026-07-04T10:01:57.278295+00:00,2026-07-04T10:01:57.278187,2,2,145.0,0.4,144.8,100,144.7,150,,,,,,,,,,,,,,,,,145.2,150,145.3,100,,,,,,,,,,,,,,,,
2026-07-04T10:01:57.790540+00:00,2026-07-04T10:01:57.790448,2,2,145.0,0.4,144.8,100,144.7,150,,,,,,,,,,,,,,,,,145.2,160,145.3,100,,,,,,,,,,,,,,,,
2026-07-04T10:01:58.911436+00:00,2026-07-04T10:01:58.911542,2,2,145.0,0.4,144.8,100,144.7,150,,,,,,,,,,,,,,,,,145.2,150,145.3,100,,,,,,,,,,,,,,,,
2026-07-04T10:01:58.984873+00:00,2026-07-04T10:01:58.984794,2,2,145.0,0.4,144.8,100,144.7,150,,,,,,,,,,,,,,,,,145.2,100,145.3,100,,,,,,,,,,,,,,,,
2026-07-04T10:01:59.889126+00:00,2026-07-04T10:01:59.889052,2,1,145.05,0.5,144.8,100,144.7,150,,,,,,,,,,,,,,,,,145.3,100,,,,,,,,,,,,,,,,,,
2026-07-04T10:01:59.894327+00:00,2026-07-04T10:01:59.894214,1,1,145.05,0.5,144.8,100,,,,,,,,,,,,,,,,,,,145.3,100,,,,,,,,,,,,,,,,,,
2026-07-04T10:01:59.942712+00:00,2026-07-04T10:01:59.942652,2,1,145.1,0.4,144.9,150,144.8,100,,,,,,,,,,,,,,,,,145.3,100,,,,,,,,,,,,,,,,,,
2026-07-04T10:01:59.973619+00:00,2026-07-04T10:01:59.973756,2,1,145.1,0.4,144.9,110,144.8,100,,,,,,,,,,,,,,,,,145.3,100,,,,,,,,,,,,,,,,,,
2026-07-04T10:01:59.998304+00:00,2026-07-04T10:01:59.998233,2,2,145.1,0.4,144.9,110,144.8,100,,,,,,,,,,,,,,,,,145.3,100,145.4,150,,,,,,,,,,,,,,,,
2026-07-04T10:02:00.321423+00:00,2026-07-04T10:02:00.321345,1,1,145.15,0.5,144.9,110,,,,,,,,,,,,,,,,,,,145.4,150,,,,,,,,,,,,,,,,,,
2026-07-04T10:02:00.375855+00:00,2026-07-04T10:02:00.375789,2,1,145.15,0.5,144.9,110,144.8,100,,,,,,,,,,,,,,,,,145.4,150,,,,,,,,,,,,,,,,,,
2026-07-04T10:02:00.428345+00:00,2026-07-04T10:02:00.428279,2,2,145.1,0.4,144.9,110,144.8,100,,,,,,,,,,,,,,,,,145.3,100,145.4,150,,,,,,,,,,,,,,,,
2026-07-04T10:02:01.063983+00:00,2026-07-04T10:02:01.063882,2,2,145.1,0.4,144.9,110,144.8,100,,,,,,,,,,,,,,,,,145.3,58,145.4,150,,,,,,,,,,,,,,,,
2026-07-04T10:02:01.102225+00:00,2026-07-04T10:02:01.091980,2,2,145.1,0.4,144.9,110,144.8,100,,,,,,,,,,,,,,,,,145.3,8,145.4,150,,,,,,,,,,,,,,,,
2026-07-04T10:02:01.117834+00:00,2026-07-04T10:02:01.117684,2,2,145.1,0.4,144.9,62,144.8,100,,,,,,,,,,,,,,,,,145.3,8,145.4,150,,,,,,,,,,,,,,,,
2026-07-04T10:02:02.096383+00:00,2026-07-04T10:02:02.090209,2,2,145.1,0.4,144.9,59,144.8,100,,,,,,,,,,,,,,,,,145.3,8,145.4,150,,,,,,,,,,,,,,,,
2026-07-04T10:02:02.194852+00:00,2026-07-04T10:02:02.194766,2,2,145.1,0.4,144.9,16,144.8,100,,,,,,,,,,,,,,,,,145.3,8,145.4,150,,,,,,,,,,,,,,,,
2026-07-04T10:02:02.395038+00:00,2026-07-04T10:02:02.394968,2,3,145.0,0.2,144.9,16,144.8,100,,,,,,,,,,,,,,,,,145.1,5,145.3,8,145.4,150,,,,,,,,,,,,,,
2026-07-04T10:02:02.690993+00:00,2026-07-04T10:02:02.690845,2,2,145.1,0.4,144.9,16,144.8,100,,,,,,,,,,,,,,,,,145.3,8,145.4,150,,,,,,,,,,,,,,,,
2026-07-04T10:02:02.696136+00:00,2026-07-04T10:02:02.696058,2,1,145.15,0.5,144.9,16,144.8,100,,,,,,,,,,,,,,,,,145.4,111,,,,,,,,,,,,,,,,,,
2026-07-04T10:02:02.969255+00:00,2026-07-04T10:02:02.969173,2,2,145.05,0.3,144.9,16,144.8,100,,,,,,,,,,,,,,,,,145.2,10,145.4,111,,,,,,,,,,,,,,,,
2026-07-04T10:02:03.058830+00:00,2026-07-04T10:02:03.058752,1,1,145.0,0.4,144.8,100,,,,,,,,,,,,,,,,,,,145.2,10,,,,,,,,,,,,,,,,,,
2026-07-04T10:02:03.123301+00:00,2026-07-04T10:02:03.123209,2,1,145.0,0.4,144.8,100,144.2,150,,,,,,,,,,,,,,,,,145.2,10,,,,,,,,,,,,,,,,,,
2026-07-04T10:02:03.189660+00:00,2026-07-04T10:02:03.183848,1,2,144.45,0.5,144.2,150,,,,,,,,,,,,,,,,,,,144.7,47,145.2,10,,,,,,,,,,,,,,,,
2026-07-04T10:02:03.205204+00:00,2026-07-04T10:02:03.205050,1,1,144.7,1.0,144.2,150,,,,,,,,,,,,,,,,,,,145.2,7,,,,,,,,,,,,,,,,,,
2026-07-04T10:02:03.269778+00:00,2026-07-04T10:02:03.269663,1,0,,,144.2,150,,,,,,,,,,,,,,,,,,,,,,,,,,,,,,,,,,,,,,
2026-07-04T10:02:03.304356+00:00,2026-07-04T10:02:03.304440,1,1,144.6,0.8,144.2,150,,,,,,,,,,,,,,,,,,,145.0,10,,,,,,,,,,,,,,,,,,
2026-07-04T10:02:03.535248+00:00,2026-07-04T10:02:03.535118,2,1,144.8,0.4,144.6,100,144.2,150,,,,,,,,,,,,,,,,,145.0,10,,,,,,,,,,,,,,,,,,
2026-07-04T10:02:03.588797+00:00,2026-07-04T10:02:03.588726,2,2,144.8,0.4,144.6,100,144.2,150,,,,,,,,,,,,,,,,,145.0,10,145.1,100,,,,,,,,,,,,,,,,
2026-07-04T10:02:03.906187+00:00,2026-07-04T10:02:03.906089,2,2,144.8,0.4,144.6,58,144.2,150,,,,,,,,,,,,,,,,,145.0,10,145.1,100,,,,,,,,,,,,,,,,
2026-07-04T10:02:04.444041+00:00,2026-07-04T10:02:04.443962,2,1,144.85,0.5,144.6,58,144.2,150,,,,,,,,,,,,,,,,,145.1,100,,,,,,,,,,,,,,,,,,
2026-07-04T10:02:04.734053+00:00,2026-07-04T10:02:04.734028,2,1,144.85,0.5,144.6,58,144.2,150,,,,,,,,,,,,,,,,,145.1,110,,,,,,,,,,,,,,,,,,
2026-07-04T10:02:05.317660+00:00,2026-07-04T10:02:05.317887,2,1,144.85,0.5,144.6,58,144.2,150,,,,,,,,,,,,,,,,,145.1,60,,,,,,,,,,,,,,,,,,
2026-07-04T10:02:05.564253+00:00,2026-07-04T10:02:05.564095,2,1,144.85,0.5,144.6,58,144.2,150,,,,,,,,,,,,,,,,,145.1,50,,,,,,,,,,,,,,,,,,
2026-07-04T10:02:06.235142+00:00,2026-07-04T10:02:06.235214,1,1,144.85,0.5,144.6,58,,,,,,,,,,,,,,,,,,,145.1,50,,,,,,,,,,,,,,,,,,
2026-07-04T10:02:06.289738+00:00,2026-07-04T10:02:06.289688,1,1,144.85,0.5,144.6,208,,,,,,,,,,,,,,,,,,,145.1,50,,,,,,,,,,,,,,,,,,
2026-07-04T10:02:06.343283+00:00,2026-07-04T10:02:06.343362,1,1,144.85,0.5,144.6,208,,,,,,,,,,,,,,,,,,,145.1,200,,,,,,,,,,,,,,,,,,
2026-07-04T10:02:06.642577+00:00,2026-07-04T10:02:06.642527,1,1,144.85,0.5,144.6,150,,,,,,,,,,,,,,,,,,,145.1,150,,,,,,,,,,,,,,,,,,
2026-07-04T10:02:06.693077+00:00,2026-07-04T10:02:06.692989,2,1,144.85,0.5,144.6,150,144.4,100,,,,,,,,,,,,,,,,,145.1,150,,,,,,,,,,,,,,,,,,
2026-07-04T10:02:06.758539+00:00,2026-07-04T10:02:06.756038,2,2,144.75,0.3,144.6,150,144.4,100,,,,,,,,,,,,,,,,,144.9,100,145.1,150,,,,,,,,,,,,,,,,
2026-07-04T10:02:06.812884+00:00,2026-07-04T10:02:06.812800,2,2,144.75,0.3,144.6,150,144.4,100,,,,,,,,,,,,,,,,,144.9,110,145.1,150,,,,,,,,,,,,,,,,
2026-07-04T10:02:07.105654+00:00,2026-07-04T10:02:07.105794,2,2,144.75,0.3,144.6,150,144.4,100,,,,,,,,,,,,,,,,,144.9,100,145.1,150,,,,,,,,,,,,,,,,
2026-07-04T10:02:07.137696+00:00,2026-07-04T10:02:07.137803,2,3,144.7,0.2,144.6,150,144.4,100,,,,,,,,,,,,,,,,,144.8,10,144.9,100,145.1,150,,,,,,,,,,,,,,
2026-07-04T10:02:07.424395+00:00,2026-07-04T10:02:07.424368,2,2,144.75,0.3,144.6,150,144.4,100,,,,,,,,,,,,,,,,,144.9,60,145.1,150,,,,,,,,,,,,,,,,
2026-07-04T10:02:07.463841+00:00,2026-07-04T10:02:07.463736,2,3,144.65,0.1,144.6,150,144.4,100,,,,,,,,,,,,,,,,,144.7,10,144.9,60,145.1,150,,,,,,,,,,,,,,
2026-07-04T10:02:07.748895+00:00,2026-07-04T10:02:07.748792,2,2,144.75,0.3,144.6,150,144.4,100,,,,,,,,,,,,,,,,,144.9,60,145.1,150,,,,,,,,,,,,,,,,
2026-07-04T10:02:07.843878+00:00,2026-07-04T10:02:07.843797,2,3,144.65,0.1,144.6,150,144.4,100,,,,,,,,,,,,,,,,,144.7,10,144.9,60,145.1,150,,,,,,,,,,,,,,
2026-07-04T10:02:08.150361+00:00,2026-07-04T10:02:08.150239,2,2,144.75,0.3,144.6,150,144.4,100,,,,,,,,,,,,,,,,,144.9,60,145.1,150,,,,,,,,,,,,,,,,
2026-07-04T10:02:08.491482+00:00,2026-07-04T10:02:08.491581,2,3,144.7,0.2,144.6,150,144.4,100,,,,,,,,,,,,,,,,,144.8,10,144.9,60,145.1,150,,,,,,,,,,,,,,
2026-07-04T10:02:08.781886+00:00,2026-07-04T10:02:08.781778,2,2,144.75,0.3,144.6,150,144.4,100,,,,,,,,,,,,,,,,,144.9,60,145.1,150,,,,,,,,,,,,,,,,
2026-07-04T10:02:09.058561+00:00,2026-07-04T10:02:09.055120,2,2,144.75,0.3,144.6,150,144.4,100,,,,,,,,,,,,,,,,,144.9,70,145.1,150,,,,,,,,,,,,,,,,
2026-07-04T10:02:09.345639+00:00,2026-07-04T10:02:09.345544,2,2,144.75,0.3,144.6,150,144.4,100,,,,,,,,,,,,,,,,,144.9,60,145.1,150,,,,,,,,,,,,,,,,
2026-07-04T10:02:09.392625+00:00,2026-07-04T10:02:09.392590,2,1,144.75,0.3,144.6,150,144.4,100,,,,,,,,,,,,,,,,,144.9,60,,,,,,,,,,,,,,,,,,
2026-07-04T10:02:09.397675+00:00,2026-07-04T10:02:09.397745,1,1,144.65,0.5,144.4,100,,,,,,,,,,,,,,,,,,,144.9,60,,,,,,,,,,,,,,,,,,
2026-07-04T10:02:09.448501+00:00,2026-07-04T10:02:09.458639,2,1,144.75,0.3,144.6,150,144.4,100,,,,,,,,,,,,,,,,,144.9,60,,,,,,,,,,,,,,,,,,
2026-07-04T10:02:09.505542+00:00,2026-07-04T10:02:09.505482,2,2,144.75,0.3,144.6,150,144.4,100,,,,,,,,,,,,,,,,,144.9,60,145.1,150,,,,,,,,,,,,,,,,
2026-07-04T10:02:09.531585+00:00,2026-07-04T10:02:09.531451,2,2,144.75,0.3,144.6,150,144.4,100,,,,,,,,,,,,,,,,,144.9,10,145.1,150,,,,,,,,,,,,,,,,
2026-07-04T10:02:09.802264+00:00,2026-07-04T10:02:09.802202,2,1,144.85,0.5,144.6,150,144.4,100,,,,,,,,,,,,,,,,,145.1,113,,,,,,,,,,,,,,,,,,
2026-07-04T10:02:09.812771+00:00,2026-07-04T10:02:09.812677,1,1,144.85,0.5,144.6,150,,,,,,,,,,,,,,,,,,,145.1,113,,,,,,,,,,,,,,,,,,
2026-07-04T10:02:09.877814+00:00,2026-07-04T10:02:09.871446,2,1,144.9,0.4,144.7,97,144.6,150,,,,,,,,,,,,,,,,,145.1,113,,,,,,,,,,,,,,,,,,
2026-07-04T10:02:09.919512+00:00,2026-07-04T10:02:09.919433,2,2,144.9,0.4,144.7,97,144.6,150,,,,,,,,,,,,,,,,,145.1,113,145.2,100,,,,,,,,,,,,,,,,
2026-07-04T10:02:10.100027+00:00,2026-07-04T10:02:10.099909,2,2,144.9,0.4,144.7,97,144.6,150,,,,,,,,,,,,,,,,,145.1,123,145.2,100,,,,,,,,,,,,,,,,
2026-07-04T10:02:10.458613+00:00,2026-07-04T10:02:10.452098,2,2,144.9,0.4,144.7,72,144.6,150,,,,,,,,,,,,,,,,,145.1,123,145.2,100,,,,,,,,,,,,,,,,
2026-07-04T10:02:10.664357+00:00,2026-07-04T10:02:10.664444,2,2,144.9,0.4,144.7,72,144.6,150,,,,,,,,,,,,,,,,,145.1,113,145.2,100,,,,,,,,,,,,,,,,
2026-07-04T10:02:10.695614+00:00,2026-07-04T10:02:10.695759,2,3,144.85,0.3,144.7,72,144.6,150,,,,,,,,,,,,,,,,,145.0,10,145.1,113,145.2,100,,,,,,,,,,,,,,
2026-07-04T10:02:10.895611+00:00,2026-07-04T10:02:10.895503,2,2,144.9,0.4,144.7,72,144.6,150,,,,,,,,,,,,,,,,,145.1,113,145.2,100,,,,,,,,,,,,,,,,
2026-07-04T10:02:11.018340+00:00,2026-07-04T10:02:11.018239,2,3,144.85,0.3,144.7,72,144.6,150,,,,,,,,,,,,,,,,,145.0,10,145.1,113,145.2,100,,,,,,,,,,,,,,
2026-07-04T10:02:11.308714+00:00,2026-07-04T10:02:11.302130,1,2,144.85,0.5,144.6,150,,,,,,,,,,,,,,,,,,,145.1,113,145.2,100,,,,,,,,,,,,,,,,
2026-07-04T10:02:11.339006+00:00,2026-07-04T10:02:11.338904,1,3,144.75,0.3,144.6,22,,,,,,,,,,,,,,,,,,,144.9,10,145.1,113,145.2,100,,,,,,,,,,,,,,
2026-07-04T10:02:11.626957+00:00,2026-07-04T10:02:11.626808,1,2,144.85,0.5,144.6,22,,,,,,,,,,,,,,,,,,,145.1,113,145.2,100,,,,,,,,,,,,,,,,
2026-07-04T10:02:11.637346+00:00,2026-07-04T10:02:11.637272,1,2,144.85,0.5,144.6,22,,,,,,,,,,,,,,,,,,,145.1,63,145.2,100,,,,,,,,,,,,,,,,
2026-07-04T10:02:11.658554+00:00,2026-07-04T10:02:11.655571,1,3,144.65,0.1,144.6,22,,,,,,,,,,,,,,,,,,,144.7,10,145.1,63,145.2,100,,,,,,,,,,,,,,
2026-07-04T10:02:11.924187+00:00,2026-07-04T10:02:11.924058,0,3,,,,,,,,,,,,,,,,,,,,,,,144.7,10,145.1,63,145.2,100,,,,,,,,,,,,,,
2026-07-04T10:02:11.963928+00:00,2026-07-04T10:02:11.963866,0,2,,,,,,,,,,,,,,,,,,,,,,,145.1,63,145.2,100,,,,,,,,,,,,,,,,
2026-07-04T10:02:12.561369+00:00,2026-07-04T10:02:12.561472,0,1,,,,,,,,,,,,,,,,,,,,,,,145.2,100,,,,,,,,,,,,,,,,,,
2026-07-04T10:02:12.610173+00:00,2026-07-04T10:02:12.610081,1,1,144.7,1.0,144.2,150,,,,,,,,,,,,,,,,,,,145.2,100,,,,,,,,,,,,,,,,,,
2026-07-04T10:02:12.673587+00:00,2026-07-04T10:02:12.667315,1,2,144.45,0.5,144.2,150,,,,,,,,,,,,,,,,,,,144.7,150,145.2,100,,,,,,,,,,,,,,,,
2026-07-04T10:02:12.815956+00:00,2026-07-04T10:02:12.815921,1,2,144.45,0.5,144.2,150,,,,,,,,,,,,,,,,,,,144.7,130,145.2,100,,,,,,,,,,,,,,,,
2026-07-04T10:02:12.847142+00:00,2026-07-04T10:02:12.847098,1,2,144.45,0.5,144.2,130,,,,,,,,,,,,,,,,,,,144.7,130,145.2,100,,,,,,,,,,,,,,,,
2026-07-04T10:02:12.880809+00:00,2026-07-04T10:02:12.880747,1,2,144.45,0.5,144.2,130,,,,,,,,,,,,,,,,,,,144.7,140,145.2,100,,,,,,,,,,,,,,,,
2026-07-04T10:02:12.973521+00:00,2026-07-04T10:02:12.973405,1,1,144.45,0.5,144.2,130,,,,,,,,,,,,,,,,,,,144.7,140,,,,,,,,,,,,,,,,,,
2026-07-04T10:02:13.027451+00:00,2026-07-04T10:02:13.027311,2,1,144.45,0.5,144.2,130,143.9,100,,,,,,,,,,,,,,,,,144.7,140,,,,,,,,,,,,,,,,,,
2026-07-04T10:02:13.080412+00:00,2026-07-04T10:02:13.080310,2,2,144.3,0.2,144.2,130,143.9,100,,,,,,,,,,,,,,,,,144.4,100,144.7,140,,,,,,,,,,,,,,,,
2026-07-04T10:02:13.169885+00:00,2026-07-04T10:02:13.169749,2,2,144.3,0.2,144.2,130,143.9,100,,,,,,,,,,,,,,,,,144.4,100,144.7,130,,,,,,,,,,,,,,,,
2026-07-04T10:02:13.214698+00:00,2026-07-04T10:02:13.214661,2,2,144.3,0.2,144.2,130,143.9,100,,,,,,,,,,,,,,,,,144.4,54,144.7,130,,,,,,,,,,,,,,,,
2026-07-04T10:02:13.744026+00:00,2026-07-04T10:02:13.743916,2,2,144.3,0.2,144.2,130,143.9,100,,,,,,,,,,,,,,,,,144.4,4,144.7,130,,,,,,,,,,,,,,,,
2026-07-04T10:02:14.113261+00:00,2026-07-04T10:02:14.113179,2,1,144.45,0.5,144.2,130,143.9,100,,,,,,,,,,,,,,,,,144.7,130,,,,,,,,,,,,,,,,,,
2026-07-04T10:02:14.405145+00:00,2026-07-04T10:02:14.405051,2,2,144.35,0.3,144.2,130,143.9,100,,,,,,,,,,,,,,,,,144.5,5,144.7,130,,,,,,,,,,,,,,,,
2026-07-04T10:02:15.237249+00:00,2026-07-04T10:02:15.237104,2,1,144.45,0.5,144.2,130,143.9,100,,,,,,,,,,,,,,,,,144.7,130,,,,,,,,,,,,,,,,,,
2026-07-04T10:02:15.508816+00:00,2026-07-04T10:02:15.508709,2,2,144.35,0.3,144.2,130,143.9,100,,,,,,,,,,,,,,,,,144.5,10,144.7,130,,,,,,,,,,,,,,,,
2026-07-04T10:02:15.722410+00:00,2026-07-04T10:02:15.722377,1,1,144.2,0.6,143.9,100,,,,,,,,,,,,,,,,,,,144.5,10,,,,,,,,,,,,,,,,,,
2026-07-04T10:02:15.777208+00:00,2026-07-04T10:02:15.777143,2,1,144.35,0.3,144.2,150,143.9,100,,,,,,,,,,,,,,,,,144.5,10,,,,,,,,,,,,,,,,,,
2026-07-04T10:02:15.837349+00:00,2026-07-04T10:02:15.837273,2,2,144.35,0.3,144.2,150,143.9,100,,,,,,,,,,,,,,,,,144.5,10,144.7,150,,,,,,,,,,,,,,,,
2026-07-04T10:02:16.135325+00:00,2026-07-04T10:02:16.135268,1,2,144.35,0.3,144.2,150,,,,,,,,,,,,,,,,,,,144.5,10,144.7,150,,,,,,,,,,,,,,,,
2026-07-04T10:02:16.190469+00:00,2026-07-04T10:02:16.190554,2,1,144.6,0.2,144.5,90,144.2,150,,,,,,,,,,,,,,,,,144.7,150,,,,,,,,,,,,,,,,,,
2026-07-04T10:02:16.244950+00:00,2026-07-04T10:02:16.244881,2,2,144.6,0.2,144.5,90,144.2,150,,,,,,,,,,,,,,,,,144.7,150,145.0,100,,,,,,,,,,,,,,,,
2026-07-04T10:02:16.356802+00:00,2026-07-04T10:02:16.356944,2,3,144.55,0.1,144.5,90,144.2,150,,,,,,,,,,,,,,,,,144.6,10,144.7,150,145.0,100,,,,,,,,,,,,,,
2026-07-04T10:02:16.637207+00:00,2026-07-04T10:02:16.637105,2,2,144.6,0.2,144.5,90,144.2,150,,,,,,,,,,,,,,,,,144.7,150,145.0,100,,,,,,,,,,,,,,,,
2026-07-04T10:02:16.729969+00:00,2026-07-04T10:02:16.729854,2,3,144.55,0.1,144.5,90,144.2,150,,,,,,,,,,,,,,,,,144.6,10,144.7,150,145.0,100,,,,,,,,,,,,,,
2026-07-04T10:02:17.005350+00:00,2026-07-04T10:02:17.005168,2,2,144.6,0.2,144.5,90,144.2,150,,,,,,,,,,,,,,,,,144.7,150,145.0,100,,,,,,,,,,,,,,,,
2026-07-04T10:02:17.114929+00:00,2026-07-04T10:02:17.114891,2,3,144.55,0.1,144.5,90,144.2,150,,,,,,,,,,,,,,,,,144.6,10,144.7,150,145.0,100,,,,,,,,,,,,,,
2026-07-04T10:02:17.394479+00:00,2026-07-04T10:02:17.394365,2,2,144.6,0.2,144.5,90,144.2,150,,,,,,,,,,,,,,,,,144.7,150,145.0,100,,,,,,,,,,,,,,,,
2026-07-04T10:02:17.508466+00:00,2026-07-04T10:02:17.508414,2,3,144.55,0.1,144.5,90,144.2,150,,,,,,,,,,,,,,,,,144.6,10,144.7,150,145.0,100,,,,,,,,,,,,,,
2026-07-04T10:02:17.788249+00:00,2026-07-04T10:02:17.788159,2,2,144.6,0.2,144.5,90,144.2,150,,,,,,,,,,,,,,,,,144.7,150,145.0,100,,,,,,,,,,,,,,,,
2026-07-04T10:02:17.817660+00:00,2026-07-04T10:02:17.817553,2,2,144.6,0.2,144.5,49,144.2,150,,,,,,,,,,,,,,,,,144.7,150,145.0,100,,,,,,,,,,,,,,,,
2026-07-04T10:02:17.888935+00:00,2026-07-04T10:02:17.888852,2,3,144.55,0.1,144.5,49,144.2,150,,,,,,,,,,,,,,,,,144.6,10,144.7,150,145.0,100,,,,,,,,,,,,,,
2026-07-04T10:02:18.003781+00:00,2026-07-04T10:02:18.003651,1,3,144.4,0.4,144.2,150,,,,,,,,,,,,,,,,,,,144.6,10,144.7,150,145.0,100,,,,,,,,,,,,,,
2026-07-04T10:02:18.178178+00:00,2026-07-04T10:02:18.178106,1,2,144.45,0.5,144.2,150,,,,,,,,,,,,,,,,,,,144.7,150,145.0,100,,,,,,,,,,,,,,,,
2026-07-04T10:02:18.209121+00:00,2026-07-04T10:02:18.209197,1,3,144.35,0.3,144.2,150,,,,,,,,,,,,,,,,,,,144.5,10,144.7,150,145.0,100,,,,,,,,,,,,,,
2026-07-04T10:02:18.442220+00:00,2026-07-04T10:02:18.442375,1,2,144.45,0.5,144.2,150,,,,,,,,,,,,,,,,,,,144.7,150,145.0,100,,,,,,,,,,,,,,,,
2026-07-04T10:02:18.516142+00:00,2026-07-04T10:02:18.515951,1,3,144.35,0.3,144.2,150,,,,,,,,,,,,,,,,,,,144.5,10,144.7,150,145.0,100,,,,,,,,,,,,,,
2026-07-04T10:02:18.900528+00:00,2026-07-04T10:02:18.900397,0,2,,,,,,,,,,,,,,,,,,,,,,,144.5,10,145.0,100,,,,,,,,,,,,,,,,
2026-07-04T10:02:18.963951+00:00,2026-07-04T10:02:18.963887,1,2,144.35,0.3,144.2,150,,,,,,,,,,,,,,,,,,,144.5,10,145.0,100,,,,,,,,,,,,,,,,
2026-07-04T10:02:19.017196+00:00,2026-07-04T10:02:19.017167,1,3,144.35,0.3,144.2,150,,,,,,,,,,,,,,,,,,,144.5,10,144.7,150,145.0,100,,,,,,,,,,,,,,
2026-07-04T10:02:19.065071+00:00,2026-07-04T10:02:19.064938,1,2,144.45,0.5,144.2,150,,,,,,,,,,,,,,,,,,,144.7,150,145.0,100,,,,,,,,,,,,,,,,
2026-07-04T10:02:19.167038+00:00,2026-07-04T10:02:19.166963,1,3,144.35,0.3,144.2,150,,,,,,,,,,,,,,,,,,,144.5,10,144.7,150,145.0,100,,,,,,,,,,,,,,
2026-07-04T10:02:19.301028+00:00,2026-07-04T10:02:19.300905,1,2,144.35,0.3,144.2,150,,,,,,,,,,,,,,,,,,,144.5,10,144.7,150,,,,,,,,,,,,,,,,
2026-07-04T10:02:19.364055+00:00,2026-07-04T10:02:19.363880,2,2,144.4,0.2,144.3,100,144.2,150,,,,,,,,,,,,,,,,,144.5,10,144.7,150,,,,,,,,,,,,,,,,
2026-07-04T10:02:19.407838+00:00,2026-07-04T10:02:19.407976,2,3,144.4,0.2,144.3,100,144.2,150,,,,,,,,,,,,,,,,,144.5,10,144.7,150,144.8,100,,,,,,,,,,,,,,
2026-07-04T10:02:19.464094+00:00,2026-07-04T10:02:19.464172,2,2,144.5,0.4,144.3,100,144.2,150,,,,,,,,,,,,,,,,,144.7,150,144.8,100,,,,,,,,,,,,,,,,
2026-07-04T10:02:19.804988+00:00,2026-07-04T10:02:19.804910,2,3,144.45,0.3,144.3,100,144.2,150,,,,,,,,,,,,,,,,,144.6,5,144.7,150,144.8,100,,,,,,,,,,,,,,
2026-07-04T10:02:20.068979+00:00,2026-07-04T10:02:20.069154,2,2,144.5,0.4,144.3,100,144.2,150,,,,,,,,,,,,,,,,,144.7,105,144.8,100,,,,,,,,,,,,,,,,
2026-07-04T10:02:20.146309+00:00,2026-07-04T10:02:20.146218,2,3,144.45,0.3,144.3,100,144.2,150,,,,,,,,,,,,,,,,,144.6,10,144.7,105,144.8,100,,,,,,,,,,,,,,
2026-07-04T10:02:20.707540+00:00,2026-07-04T10:02:20.707452,2,2,144.5,0.4,144.3,100,144.2,150,,,,,,,,,,,,,,,,,144.7,105,144.8,100,,,,,,,,,,,,,,,,
2026-07-04T10:02:21.704787+00:00,2026-07-04T10:02:21.704612,2,3,144.45,0.3,144.3,100,144.2,150,,,,,,,,,,,,,,,,,144.6,10,144.7,105,144.8,100,,,,,,,,,,,,,,
2026-07-04T10:02:21.990695+00:00,2026-07-04T10:02:21.990568,2,2,144.5,0.4,144.3,100,144.2,150,,,,,,,,,,,,,,,,,144.7,105,144.8,100,,,,,,,,,,,,,,,,
2026-07-04T10:02:22.072776+00:00,2026-07-04T10:02:22.072662,1,1,144.55,0.5,144.3,100,,,,,,,,,,,,,,,,,,,144.8,100,,,,,,,,,,,,,,,,,,
2026-07-04T10:02:22.115922+00:00,2026-07-04T10:02:22.116075,1,1,144.55,0.5,144.3,54,,,,,,,,,,,,,,,,,,,144.8,100,,,,,,,,,,,,,,,,,,
2026-07-04T10:02:22.127689+00:00,2026-07-04T10:02:22.127598,2,1,144.65,0.3,144.5,150,144.3,54,,,,,,,,,,,,,,,,,144.8,100,,,,,,,,,,,,,,,,,,
2026-07-04T10:02:22.181064+00:00,2026-07-04T10:02:22.180957,2,2,144.65,0.3,144.5,150,144.3,54,,,,,,,,,,,,,,,,,144.8,100,145.0,150,,,,,,,,,,,,,,,,
2026-07-04T10:02:22.258580+00:00,2026-07-04T10:02:22.256118,2,3,144.6,0.2,144.5,150,144.3,54,,,,,,,,,,,,,,,,,144.7,10,144.8,100,145.0,150,,,,,,,,,,,,,,
2026-07-04T10:02:22.458669+00:00,2026-07-04T10:02:22.453238,1,2,144.6,0.2,144.5,150,,,,,,,,,,,,,,,,,,,144.7,10,145.0,150,,,,,,,,,,,,,,,,
2026-07-04T10:02:22.529564+00:00,2026-07-04T10:02:22.528480,2,2,144.6,0.2,144.5,139,144.1,100,,,,,,,,,,,,,,,,,144.7,10,145.0,150,,,,,,,,,,,,,,,,
2026-07-04T10:02:22.569349+00:00,2026-07-04T10:02:22.569504,2,3,144.55,0.1,144.5,139,144.1,100,,,,,,,,,,,,,,,,,144.6,100,144.7,10,145.0,150,,,,,,,,,,,,,,
2026-07-04T10:02:22.827636+00:00,2026-07-04T10:02:22.827491,2,2,144.55,0.1,144.5,139,144.1,100,,,,,,,,,,,,,,,,,144.6,100,145.0,150,,,,,,,,,,,,,,,,
2026-07-04T10:02:22.863863+00:00,2026-07-04T10:02:22.863808,2,2,144.55,0.1,144.5,139,144.1,100,,,,,,,,,,,,,,,,,144.6,110,145.0,150,,,,,,,,,,,,,,,,
2026-07-04T10:02:23.158764+00:00,2026-07-04T10:02:23.156936,2,2,144.55,0.1,144.5,139,144.1,100,,,,,,,,,,,,,,,,,144.6,61,145.0,150,,,,,,,,,,,,,,,,
2026-07-04T10:02:23.418411+00:00,2026-07-04T10:02:23.418582,2,2,144.55,0.1,144.5,139,144.1,100,,,,,,,,,,,,,,,,,144.6,51,145.0,150,,,,,,,,,,,,,,,,
2026-07-04T10:02:23.939172+00:00,2026-07-04T10:02:23.939102,2,2,144.55,0.1,144.5,139,144.1,100,,,,,,,,,,,,,,,,,144.6,61,145.0,150,,,,,,,,,,,,,,,,
2026-07-04T10:02:24.332973+00:00,2026-07-04T10:02:24.332943,2,2,144.55,0.1,144.5,89,144.1,100,,,,,,,,,,,,,,,,,144.6,61,145.0,150,,,,,,,,,,,,,,,,
2026-07-04T10:02:24.447251+00:00,2026-07-04T10:02:24.441447,2,2,144.55,0.1,144.5,77,144.1,100,,,,,,,,,,,,,,,,,144.6,61,145.0,150,,,,,,,,,,,,,,,,
2026-07-04T10:02:24.504626+00:00,2026-07-04T10:02:24.504505,2,2,144.55,0.1,144.5,77,144.1,100,,,,,,,,,,,,,,,,,144.6,51,145.0,150,,,,,,,,,,,,,,,,
2026-07-04T10:02:24.536084+00:00,2026-07-04T10:02:24.536010,2,2,144.55,0.1,144.5,57,144.1,100,,,,,,,,,,,,,,,,,144.6,51,145.0,150,,,,,,,,,,,,,,,,
2026-07-04T10:02:24.595603+00:00,2026-07-04T10:02:24.595534,2,2,144.55,0.1,144.5,57,144.1,100,,,,,,,,,,,,,,,,,144.6,61,145.0,150,,,,,,,,,,,,,,,,
2026-07-04T10:02:24.888668+00:00,2026-07-04T10:02:24.888577,2,2,144.55,0.1,144.5,57,144.1,100,,,,,,,,,,,,,,,,,144.6,51,145.0,150,,,,,,,,,,,,,,,,
2026-07-04T10:02:24.925162+00:00,2026-07-04T10:02:24.925048,2,2,144.55,0.1,144.5,37,144.1,100,,,,,,,,,,,,,,,,,144.6,51,145.0,150,,,,,,,,,,,,,,,,
2026-07-04T10:02:25.217940+00:00,2026-07-04T10:02:25.218079,2,2,144.55,0.1,144.5,27,144.1,100,,,,,,,,,,,,,,,,,144.6,51,145.0,150,,,,,,,,,,,,,,,,
2026-07-04T10:02:25.236322+00:00,2026-07-04T10:02:25.236522,1,1,144.35,0.5,144.1,100,,,,,,,,,,,,,,,,,,,144.6,51,,,,,,,,,,,,,,,,,,
2026-07-04T10:02:25.289818+00:00,2026-07-04T10:02:25.289927,2,1,144.35,0.5,144.1,100,143.7,150,,,,,,,,,,,,,,,,,144.6,51,,,,,,,,,,,,,,,,,,
2026-07-04T10:02:25.345897+00:00,2026-07-04T10:02:25.345995,2,2,144.15,0.1,144.1,100,143.7,150,,,,,,,,,,,,,,,,,144.2,150,144.6,51,,,,,,,,,,,,,,,,
2026-07-04T10:02:25.358172+00:00,2026-07-04T10:02:25.350676,2,2,144.15,0.1,144.1,100,143.7,150,,,,,,,,,,,,,,,,,144.2,138,144.6,51,,,,,,,,,,,,,,,,
2026-07-04T10:02:25.499211+00:00,2026-07-04T10:02:25.499350,2,2,144.15,0.1,144.1,100,143.7,150,,,,,,,,,,,,,,,,,144.2,118,144.6,51,,,,,,,,,,,,,,,,
2026-07-04T10:02:25.624489+00:00,2026-07-04T10:02:25.624433,1,1,143.95,0.5,143.7,150,,,,,,,,,,,,,,,,,,,144.2,118,,,,,,,,,,,,,,,,,,
2026-07-04T10:02:25.645164+00:00,2026-07-04T10:02:25.645139,1,1,143.95,0.5,143.7,104,,,,,,,,,,,,,,,,,,,144.2,118,,,,,,,,,,,,,,,,,,
2026-07-04T10:02:25.679190+00:00,2026-07-04T10:02:25.679037,2,1,144.1,0.2,144.0,100,143.7,104,,,,,,,,,,,,,,,,,144.2,118,,,,,,,,,,,,,,,,,,
2026-07-04T10:02:25.731558+00:00,2026-07-04T10:02:25.731406,2,2,144.1,0.2,144.0,100,143.7,104,,,,,,,,,,,,,,,,,144.2,118,144.5,100,,,,,,,,,,,,,,,,
2026-07-04T10:02:25.752338+00:00,2026-07-04T10:02:25.747108,2,2,144.1,0.2,144.0,100,143.7,104,,,,,,,,,,,,,,,,,144.2,104,144.5,100,,,,,,,,,,,,,,,,
2026-07-04T10:02:25.789468+00:00,2026-07-04T10:02:25.789400,2,2,144.1,0.2,144.0,100,143.7,104,,,,,,,,,,,,,,,,,144.2,84,144.5,100,,,,,,,,,,,,,,,,
2026-07-04T10:02:26.084560+00:00,2026-07-04T10:02:26.084359,2,2,144.1,0.2,144.0,100,143.7,104,,,,,,,,,,,,,,,,,144.2,64,144.5,100,,,,,,,,,,,,,,,,
2026-07-04T10:02:26.365592+00:00,2026-07-04T10:02:26.365424,2,2,144.1,0.2,144.0,100,143.7,104,,,,,,,,,,,,,,,,,144.2,44,144.5,100,,,,,,,,,,,,,,,,
2026-07-04T10:02:26.392237+00:00,2026-07-04T10:02:26.392045,2,1,144.25,0.5,144.0,100,143.7,104,,,,,,,,,,,,,,,,,144.5,94,,,,,,,,,,,,,,,,,,
2026-07-04T10:02:26.658579+00:00,2026-07-04T10:02:26.653713,2,2,144.2,0.4,144.0,100,143.7,104,,,,,,,,,,,,,,,,,144.4,10,144.5,94,,,,,,,,,,,,,,,,
2026-07-04T10:02:26.944310+00:00,2026-07-04T10:02:26.944239,2,1,144.25,0.5,144.0,100,143.7,104,,,,,,,,,,,,,,,,,144.5,94,,,,,,,,,,,,,,,,,,
2026-07-04T10:02:27.217464+00:00,2026-07-04T10:02:27.217396,2,1,144.25,0.5,144.0,100,143.7,104,,,,,,,,,,,,,,,,,144.5,104,,,,,,,,,,,,,,,,,,
2026-07-04T10:02:27.375220+00:00,2026-07-04T10:02:27.375154,2,1,144.25,0.5,144.0,100,143.7,104,,,,,,,,,,,,,,,,,144.5,57,,,,,,,,,,,,,,,,,,
2026-07-04T10:02:27.509816+00:00,2026-07-04T10:02:27.509697,2,1,144.25,0.5,144.0,100,143.7,104,,,,,,,,,,,,,,,,,144.5,47,,,,,,,,,,,,,,,,,,
2026-07-04T10:02:28.032152+00:00,2026-07-04T10:02:28.032061,2,1,144.25,0.5,144.0,100,143.7,104,,,,,,,,,,,,,,,,,144.5,57,,,,,,,,,,,,,,,,,,
2026-07-04T10:02:28.393972+00:00,2026-07-04T10:02:28.394102,2,1,144.25,0.5,144.0,100,143.7,104,,,,,,,,,,,,,,,,,144.5,11,,,,,,,,,,,,,,,,,,
2026-07-04T10:02:28.399373+00:00,2026-07-04T10:02:28.399310,1,1,144.25,0.5,144.0,100,,,,,,,,,,,,,,,,,,,144.5,11,,,,,,,,,,,,,,,,,,
2026-07-04T10:02:28.474152+00:00,2026-07-04T10:02:28.474253,2,1,144.4,0.2,144.3,150,144.0,100,,,,,,,,,,,,,,,,,144.5,11,,,,,,,,,,,,,,,,,,
2026-07-04T10:02:28.496186+00:00,2026-07-04T10:02:28.496339,2,0,,,144.3,150,144.0,100,,,,,,,,,,,,,,,,,,,,,,,,,,,,,,,,,,,,
2026-07-04T10:02:28.528130+00:00,2026-07-04T10:02:28.528065,2,1,144.55,0.5,144.3,150,144.0,100,,,,,,,,,,,,,,,,,144.8,150,,,,,,,,,,,,,,,,,,
2026-07-04T10:02:28.622869+00:00,2026-07-04T10:02:28.622772,2,2,144.5,0.4,144.3,150,144.0,100,,,,,,,,,,,,,,,,,144.7,10,144.8,150,,,,,,,,,,,,,,,,
2026-07-04T10:02:28.788703+00:00,2026-07-04T10:02:28.788642,1,2,144.5,0.4,144.3,150,,,,,,,,,,,,,,,,,,,144.7,10,144.8,150,,,,,,,,,,,,,,,,
2026-07-04T10:02:28.853425+00:00,2026-07-04T10:02:28.845172,2,2,144.6,0.2,144.5,97,144.3,150,,,,,,,,,,,,,,,,,144.7,10,144.8,150,,,,,,,,,,,,,,,,
2026-07-04T10:02:28.896057+00:00,2026-07-04T10:02:28.895967,2,3,144.6,0.2,144.5,97,144.3,150,,,,,,,,,,,,,,,,,144.7,10,144.8,150,145.0,100,,,,,,,,,,,,,,
2026-07-04T10:02:28.913900+00:00,2026-07-04T10:02:28.913980,2,2,144.65,0.3,144.5,97,144.3,150,,,,,,,,,,,,,,,,,144.8,150,145.0,100,,,,,,,,,,,,,,,,
2026-07-04T10:02:28.956926+00:00,2026-07-04T10:02:28.956886,2,2,144.65,0.3,144.5,50,144.3,150,,,,,,,,,,,,,,,,,144.8,150,145.0,100,,,,,,,,,,,,,,,,
2026-07-04T10:02:29.185140+00:00,2026-07-04T10:02:29.184978,2,2,144.65,0.3,144.5,50,144.3,150,,,,,,,,,,,,,,,,,144.8,160,145.0,100,,,,,,,,,,,,,,,,
2026-07-04T10:02:29.477297+00:00,2026-07-04T10:02:29.477250,2,2,144.65,0.3,144.5,50,144.3,150,,,,,,,,,,,,,,,,,144.8,150,145.0,100,,,,,,,,,,,,,,,,
2026-07-04T10:02:30.476794+00:00,2026-07-04T10:02:30.476762,2,2,144.65,0.3,144.5,25,144.3,150,,,,,,,,,,,,,,,,,144.8,150,145.0,100,,,,,,,,,,,,,,,,
2026-07-04T10:02:30.631656+00:00,2026-07-04T10:02:30.631601,2,2,144.65,0.3,144.5,25,144.3,150,,,,,,,,,,,,,,,,,144.8,100,145.0,100,,,,,,,,,,,,,,,,
2026-07-04T10:02:31.212722+00:00,2026-07-04T10:02:31.212688,2,3,144.6,0.2,144.5,25,144.3,150,,,,,,,,,,,,,,,,,144.7,10,144.8,100,145.0,100,,,,,,,,,,,,,,
2026-07-04T10:02:31.500759+00:00,2026-07-04T10:02:31.500683,2,2,144.65,0.3,144.5,25,144.3,150,,,,,,,,,,,,,,,,,144.8,100,145.0,100,,,,,,,,,,,,,,,,
2026-07-04T10:02:31.529775+00:00,2026-07-04T10:02:31.529686,2,3,144.55,0.1,144.5,25,144.3,150,,,,,,,,,,,,,,,,,144.6,10,144.8,100,145.0,100,,,,,,,,,,,,,,
2026-07-04T10:02:31.590133+00:00,2026-07-04T10:02:31.589999,2,2,144.55,0.1,144.5,25,144.3,150,,,,,,,,,,,,,,,,,144.6,10,145.0,100,,,,,,,,,,,,,,,,
2026-07-04T10:02:31.595268+00:00,2026-07-04T10:02:31.595169,1,2,144.55,0.1,144.5,25,,,,,,,,,,,,,,,,,,,144.6,10,145.0,100,,,,,,,,,,,,,,,,
2026-07-04T10:02:31.646488+00:00,2026-07-04T10:02:31.646459,1,2,144.55,0.1,144.5,175,,,,,,,,,,,,,,,,,,,144.6,10,145.0,100,,,,,,,,,,,,,,,,
2026-07-04T10:02:31.701932+00:00,2026-07-04T10:02:31.701821,1,2,144.55,0.1,144.5,175,,,,,,,,,,,,,,,,,,,144.6,10,145.0,250,,,,,,,,,,,,,,,,
2026-07-04T10:02:31.821392+00:00,2026-07-04T10:02:31.821273,1,1,144.75,0.5,144.5,175,,,,,,,,,,,,,,,,,,,145.0,250,,,,,,,,,,,,,,,,,,
2026-07-04T10:02:31.949925+00:00,2026-07-04T10:02:31.950037,1,1,144.75,0.5,144.5,150,,,,,,,,,,,,,,,,,,,145.0,150,,,,,,,,,,,,,,,,,,
2026-07-04T10:02:32.002143+00:00,2026-07-04T10:02:32.002046,2,1,144.75,0.5,144.5,150,144.3,100,,,,,,,,,,,,,,,,,145.0,150,,,,,,,,,,,,,,,,,,
2026-07-04T10:02:32.058835+00:00,2026-07-04T10:02:32.058733,2,2,144.65,0.3,144.5,150,144.3,100,,,,,,,,,,,,,,,,,144.8,100,145.0,150,,,,,,,,,,,,,,,,
2026-07-04T10:02:32.334615+00:00,2026-07-04T10:02:32.329968,2,3,144.6,0.2,144.5,127,144.3,100,,,,,,,,,,,,,,,,,144.7,10,144.8,100,145.0,150,,,,,,,,,,,,,,
2026-07-04T10:02:32.627942+00:00,2026-07-04T10:02:32.627919,2,2,144.65,0.3,144.5,127,144.3,100,,,,,,,,,,,,,,,,,144.8,100,145.0,150,,,,,,,,,,,,,,,,
2026-07-04T10:02:32.653753+00:00,2026-07-04T10:02:32.653934,2,2,144.65,0.3,144.5,107,144.3,100,,,,,,,,,,,,,,,,,144.8,100,145.0,150,,,,,,,,,,,,,,,,
2026-07-04T10:02:32.738176+00:00,2026-07-04T10:02:32.738011,2,2,144.65,0.3,144.5,107,144.3,100,,,,,,,,,,,,,,,,,144.8,50,145.0,150,,,,,,,,,,,,,,,,
2026-07-04T10:02:32.951009+00:00,2026-07-04T10:02:32.950884,2,2,144.65,0.3,144.5,87,144.3,100,,,,,,,,,,,,,,,,,144.8,50,145.0,150,,,,,,,,,,,,,,,,
2026-07-04T10:02:32.999898+00:00,2026-07-04T10:02:32.999830,2,2,144.65,0.3,144.5,87,144.3,100,,,,,,,,,,,,,,,,,144.8,60,145.0,150,,,,,,,,,,,,,,,,
2026-07-04T10:02:33.288987+00:00,2026-07-04T10:02:33.288887,2,2,144.65,0.3,144.5,87,144.3,100,,,,,,,,,,,,,,,,,144.8,50,145.0,150,,,,,,,,,,,,,,,,
2026-07-04T10:02:33.321167+00:00,2026-07-04T10:02:33.321041,2,2,144.65,0.3,144.5,67,144.3,100,,,,,,,,,,,,,,,,,144.8,50,145.0,150,,,,,,,,,,,,,,,,
2026-07-04T10:02:33.612254+00:00,2026-07-04T10:02:33.612138,2,2,144.65,0.3,144.5,57,144.3,100,,,,,,,,,,,,,,,,,144.8,50,145.0,150,,,,,,,,,,,,,,,,
2026-07-04T10:02:33.905155+00:00,2026-07-04T10:02:33.905073,2,2,144.65,0.3,144.5,47,144.3,100,,,,,,,,,,,,,,,,,144.8,50,145.0,150,,,,,,,,,,,,,,,,
2026-07-04T10:02:34.196689+00:00,2026-07-04T10:02:34.196840,2,2,144.65,0.3,144.5,37,144.3,100,,,,,,,,,,,,,,,,,144.8,50,145.0,150,,,,,,,,,,,,,,,,
2026-07-04T10:02:34.491134+00:00,2026-07-04T10:02:34.491027,2,2,144.65,0.3,144.5,27,144.3,100,,,,,,,,,,,,,,,,,144.8,50,145.0,150,,,,,,,,,,,,,,,,
2026-07-04T10:02:34.757007+00:00,2026-07-04T10:02:34.757113,1,1,144.55,0.5,144.3,100,,,,,,,,,,,,,,,,,,,144.8,50,,,,,,,,,,,,,,,,,,
2026-07-04T10:02:34.812457+00:00,2026-07-04T10:02:34.812322,2,1,144.55,0.5,144.3,100,143.8,150,,,,,,,,,,,,,,,,,144.8,50,,,,,,,,,,,,,,,,,,
2026-07-04T10:02:34.855714+00:00,2026-07-04T10:02:34.855630,2,0,,,144.3,100,143.8,150,,,,,,,,,,,,,,,,,,,,,,,,,,,,,,,,,,,,
2026-07-04T10:02:34.865905+00:00,2026-07-04T10:02:34.865989,1,1,144.05,0.5,143.8,150,,,,,,,,,,,,,,,,,,,144.3,50,,,,,,,,,,,,,,,,,,
2026-07-04T10:02:35.084031+00:00,2026-07-04T10:02:35.083928,1,1,144.05,0.5,143.8,160,,,,,,,,,,,,,,,,,,,144.3,50,,,,,,,,,,,,,,,,,,
2026-07-04T10:02:35.164348+00:00,2026-07-04T10:02:35.164235,2,1,144.2,0.2,144.1,100,143.8,160,,,,,,,,,,,,,,,,,144.3,50,,,,,,,,,,,,,,,,,,
2026-07-04T10:02:35.231109+00:00,2026-07-04T10:02:35.230946,2,2,144.2,0.2,144.1,100,143.8,160,,,,,,,,,,,,,,,,,144.3,50,144.6,100,,,,,,,,,,,,,,,,
2026-07-04T10:02:35.374101+00:00,2026-07-04T10:02:35.374027,2,2,144.2,0.2,144.1,100,143.8,150,,,,,,,,,,,,,,,,,144.3,50,144.6,100,,,,,,,,,,,,,,,,
2026-07-04T10:02:35.870016+00:00,2026-07-04T10:02:35.863524,2,2,144.2,0.2,144.1,52,143.8,150,,,,,,,,,,,,,,,,,144.3,38,144.6,100,,,,,,,,,,,,,,,,
2026-07-04T10:02:36.125532+00:00,2026-07-04T10:02:36.125366,2,2,144.2,0.2,144.1,52,143.8,150,,,,,,,,,,,,,,,,,144.3,18,144.6,100,,,,,,,,,,,,,,,,
2026-07-04T10:02:36.458651+00:00,2026-07-04T10:02:36.453094,2,2,144.2,0.2,144.1,9,143.8,150,,,,,,,,,,,,,,,,,144.3,18,144.6,100,,,,,,,,,,,,,,,,
2026-07-04T10:02:37.042687+00:00,2026-07-04T10:02:37.042824,1,2,144.05,0.5,143.8,109,,,,,,,,,,,,,,,,,,,144.3,18,144.6,100,,,,,,,,,,,,,,,,
2026-07-04T10:02:37.915199+00:00,2026-07-04T10:02:37.915117,1,1,144.2,0.8,143.8,109,,,,,,,,,,,,,,,,,,,144.6,100,,,,,,,,,,,,,,,,,,
2026-07-04T10:02:37.920196+00:00,2026-07-04T10:02:37.920274,0,1,,,,,,,,,,,,,,,,,,,,,,,144.6,100,,,,,,,,,,,,,,,,,,
2026-07-04T10:02:37.968935+00:00,2026-07-04T10:02:37.968844,1,1,144.3,0.6,144.0,150,,,,,,,,,,,,,,,,,,,144.6,100,,,,,,,,,,,,,,,,,,
2026-07-04T10:02:38.022975+00:00,2026-07-04T10:02:38.022912,1,2,144.25,0.5,144.0,150,,,,,,,,,,,,,,,,,,,144.5,150,144.6,100,,,,,,,,,,,,,,,,
2026-07-04T10:02:38.284560+00:00,2026-07-04T10:02:38.284685,1,1,144.25,0.5,144.0,150,,,,,,,,,,,,,,,,,,,144.5,150,,,,,,,,,,,,,,,,,,
2026-07-04T10:02:38.338902+00:00,2026-07-04T10:02:38.338814,2,1,144.25,0.5,144.0,150,143.6,100,,,,,,,,,,,,,,,,,144.5,150,,,,,,,,,,,,,,,,,,
2026-07-04T10:02:38.391907+00:00,2026-07-04T10:02:38.391850,2,2,144.05,0.1,144.0,150,143.6,100,,,,,,,,,,,,,,,,,144.1,100,144.5,150,,,,,,,,,,,,,,,,
2026-07-04T10:02:38.883695+00:00,2026-07-04T10:02:38.877855,2,2,144.05,0.1,144.0,150,143.6,100,,,,,,,,,,,,,,,,,144.1,89,144.5,150,,,,,,,,,,,,,,,,
2026-07-04T10:02:39.094013+00:00,2026-07-04T10:02:39.093881,2,2,144.05,0.1,144.0,150,143.6,100,,,,,,,,,,,,,,,,,144.1,69,144.5,150,,,,,,,,,,,,,,,,
2026-07-04T10:02:39.149467+00:00,2026-07-04T10:02:39.149326,2,2,144.05,0.1,144.0,100,143.6,100,,,,,,,,,,,,,,,,,144.1,69,144.5,150,,,,,,,,,,,,,,,,
2026-07-04T10:02:39.373074+00:00,2026-07-04T10:02:39.373051,2,2,144.05,0.1,144.0,100,143.6,100,,,,,,,,,,,,,,,,,144.1,49,144.5,150,,,,,,,,,,,,,,,,
2026-07-04T10:02:39.652011+00:00,2026-07-04T10:02:39.651892,2,2,144.05,0.1,144.0,100,143.6,100,,,,,,,,,,,,,,,,,144.1,29,144.5,150,,,,,,,,,,,,,,,,
2026-07-04T10:02:39.939703+00:00,2026-07-04T10:02:39.939621,2,2,144.05,0.1,144.0,100,143.6,100,,,,,,,,,,,,,,,,,144.1,9,144.5,150,,,,,,,,,,,,,,,,
2026-07-04T10:02:41.080120+00:00,2026-07-04T10:02:41.080055,1,1,143.85,0.5,143.6,100,,,,,,,,,,,,,,,,,,,144.1,9,,,,,,,,,,,,,,,,,,
2026-07-04T10:02:41.134574+00:00,2026-07-04T10:02:41.134676,2,1,143.95,0.3,143.8,150,143.6,100,,,,,,,,,,,,,,,,,144.1,9,,,,,,,,,,,,,,,,,,
2026-07-04T10:02:41.187741+00:00,2026-07-04T10:02:41.187629,2,2,143.95,0.3,143.8,150,143.6,100,,,,,,,,,,,,,,,,,144.1,9,144.3,150,,,,,,,,,,,,,,,,
2026-07-04T10:02:41.258642+00:00,2026-07-04T10:02:41.251501,2,2,143.95,0.3,143.8,100,143.6,100,,,,,,,,,,,,,,,,,144.1,9,144.3,150,,,,,,,,,,,,,,,,
2026-07-04T10:02:41.438341+00:00,2026-07-04T10:02:41.438247,2,2,143.95,0.3,143.8,100,143.6,100,,,,,,,,,,,,,,,,,144.1,19,144.3,150,,,,,,,,,,,,,,,,
2026-07-04T10:02:41.443550+00:00,2026-07-04T10:02:41.443462,1,2,143.95,0.3,143.8,100,,,,,,,,,,,,,,,,,,,144.1,10,144.3,150,,,,,,,,,,,,,,,,
2026-07-04T10:02:41.494596+00:00,2026-07-04T10:02:41.494518,2,2,144.0,0.2,143.9,100,143.8,100,,,,,,,,,,,,,,,,,144.1,10,144.3,150,,,,,,,,,,,,,,,,
2026-07-04T10:02:41.550711+00:00,2026-07-04T10:02:41.550600,2,3,144.0,0.2,143.9,100,143.8,100,,,,,,,,,,,,,,,,,144.1,10,144.3,150,144.4,100,,,,,,,,,,,,,,
2026-07-04T10:02:41.727011+00:00,2026-07-04T10:02:41.726857,2,2,144.1,0.4,143.9,100,143.8,100,,,,,,,,,,,,,,,,,144.3,150,144.4,100,,,,,,,,,,,,,,,,
2026-07-04T10:02:42.003648+00:00,2026-07-04T10:02:42.003734,2,2,144.1,0.4,143.9,100,143.8,100,,,,,,,,,,,,,,,,,144.3,160,144.4,100,,,,,,,,,,,,,,,,
2026-07-04T10:02:43.368970+00:00,2026-07-04T10:02:43.369062,2,2,144.1,0.4,143.9,50,143.8,100,,,,,,,,,,,,,,,,,144.3,160,144.4,100,,,,,,,,,,,,,,,,
2026-07-04T10:02:44.208556+00:00,2026-07-04T10:02:44.208418,2,2,144.1,0.4,143.9,50,143.8,100,,,,,,,,,,,,,,,,,144.3,150,144.4,100,,,,,,,,,,,,,,,,
2026-07-04T10:02:44.238629+00:00,2026-07-04T10:02:44.238564,2,1,144.15,0.5,143.9,50,143.8,100,,,,,,,,,,,,,,,,,144.4,100,,,,,,,,,,,,,,,,,,
2026-07-04T10:02:44.243875+00:00,2026-07-04T10:02:44.243747,1,1,144.15,0.5,143.9,50,,,,,,,,,,,,,,,,,,,144.4,100,,,,,,,,,,,,,,,,,,
2026-07-04T10:02:44.306990+00:00,2026-07-04T10:02:44.306902,1,1,144.15,0.5,143.9,200,,,,,,,,,,,,,,,,,,,144.4,100,,,,,,,,,,,,,,,,,,
2026-07-04T10:02:44.358552+00:00,2026-07-04T10:02:44.355971,1,1,144.15,0.5,143.9,200,,,,,,,,,,,,,,,,,,,144.4,250,,,,,,,,,,,,,,,,,,
2026-07-04T10:02:44.480987+00:00,2026-07-04T10:02:44.480909,1,1,144.15,0.5,143.9,210,,,,,,,,,,,,,,,,,,,144.4,250,,,,,,,,,,,,,,,,,,
2026-07-04T10:02:44.604853+00:00,2026-07-04T10:02:44.604742,1,1,144.15,0.5,143.9,160,,,,,,,,,,,,,,,,,,,144.4,150,,,,,,,,,,,,,,,,,,
2026-07-04T10:02:44.656457+00:00,2026-07-04T10:02:44.656522,2,1,144.2,0.4,144.0,100,143.9,160,,,,,,,,,,,,,,,,,144.4,150,,,,,,,,,,,,,,,,,,
2026-07-04T10:02:44.712062+00:00,2026-07-04T10:02:44.711965,2,2,144.2,0.4,144.0,100,143.9,160,,,,,,,,,,,,,,,,,144.4,150,144.5,100,,,,,,,,,,,,,,,,
2026-07-04T10:02:44.771301+00:00,2026-07-04T10:02:44.771189,2,2,144.2,0.4,144.0,100,143.9,150,,,,,,,,,,,,,,,,,144.4,150,144.5,100,,,,,,,,,,,,,,,,
2026-07-04T10:02:44.801511+00:00,2026-07-04T10:02:44.801388,2,2,144.2,0.4,144.0,110,143.9,150,,,,,,,,,,,,,,,,,144.4,150,144.5,100,,,,,,,,,,,,,,,,
2026-07-04T10:02:45.086528+00:00,2026-07-04T10:02:45.086446,2,2,144.2,0.4,144.0,100,143.9,150,,,,,,,,,,,,,,,,,144.4,150,144.5,100,,,,,,,,,,,,,,,,
2026-07-04T10:02:45.473920+00:00,2026-07-04T10:02:45.473864,2,2,144.2,0.4,144.0,50,143.9,150,,,,,,,,,,,,,,,,,144.4,150,144.5,100,,,,,,,,,,,,,,,,
2026-07-04T10:02:45.603167+00:00,2026-07-04T10:02:45.603059,2,2,144.2,0.4,144.0,50,143.9,150,,,,,,,,,,,,,,,,,144.4,160,144.5,100,,,,,,,,,,,,,,,,
2026-07-04T10:02:46.991265+00:00,2026-07-04T10:02:46.991197,2,2,144.2,0.4,144.0,50,143.9,150,,,,,,,,,,,,,,,,,144.4,150,144.5,100,,,,,,,,,,,,,,,,
2026-07-04T10:02:47.017177+00:00,2026-07-04T10:02:47.017093,2,2,144.2,0.4,144.0,60,143.9,150,,,,,,,,,,,,,,,,,144.4,150,144.5,100,,,,,,,,,,,,,,,,
2026-07-04T10:02:47.410424+00:00,2026-07-04T10:02:47.410360,2,1,144.25,0.5,144.0,60,143.9,150,,,,,,,,,,,,,,,,,144.5,100,,,,,,,,,,,,,,,,,,
2026-07-04T10:02:47.415605+00:00,2026-07-04T10:02:47.415538,1,1,144.25,0.5,144.0,60,,,,,,,,,,,,,,,,,,,144.5,100,,,,,,,,,,,,,,,,,,
2026-07-04T10:02:47.469156+00:00,2026-07-04T10:02:47.468938,2,1,144.25,0.5,144.0,60,143.9,150,,,,,,,,,,,,,,,,,144.5,100,,,,,,,,,,,,,,,,,,
2026-07-04T10:02:47.518094+00:00,2026-07-04T10:02:47.517979,2,2,144.2,0.4,144.0,60,143.9,150,,,,,,,,,,,,,,,,,144.4,150,144.5,100,,,,,,,,,,,,,,,,
2026-07-04T10:02:47.589501+00:00,2026-07-04T10:02:47.589428,2,2,144.2,0.4,144.0,10,143.9,150,,,,,,,,,,,,,,,,,144.4,150,144.5,100,,,,,,,,,,,,,,,,
2026-07-04T10:02:47.683037+00:00,2026-07-04T10:02:47.683248,2,2,144.2,0.4,144.0,10,143.9,150,,,,,,,,,,,,,,,,,144.4,106,144.5,100,,,,,,,,,,,,,,,,
2026-07-04T10:02:47.768858+00:00,2026-07-04T10:02:47.768813,2,1,144.2,0.4,144.0,10,143.9,150,,,,,,,,,,,,,,,,,144.4,106,,,,,,,,,,,,,,,,,,
2026-07-04T10:02:47.818407+00:00,2026-07-04T10:02:47.818332,3,1,144.2,0.4,144.0,10,143.9,150,143.7,100,,,,,,,,,,,,,,,144.4,106,,,,,,,,,,,,,,,,,,
2026-07-04T10:02:47.855169+00:00,2026-07-04T10:02:47.855298,2,1,144.15,0.5,143.9,150,143.7,100,,,,,,,,,,,,,,,,,144.4,106,,,,,,,,,,,,,,,,,,
2026-07-04T10:02:47.870286+00:00,2026-07-04T10:02:47.870450,2,2,144.05,0.3,143.9,150,143.7,100,,,,,,,,,,,,,,,,,144.2,100,144.4,106,,,,,,,,,,,,,,,,
2026-07-04T10:02:48.074608+00:00,2026-07-04T10:02:48.068948,2,2,144.05,0.3,143.9,150,143.7,100,,,,,,,,,,,,,,,,,144.2,97,144.4,106,,,,,,,,,,,,,,,,
2026-07-04T10:02:48.116445+00:00,2026-07-04T10:02:48.116296,2,2,144.05,0.3,143.9,150,143.7,100,,,,,,,,,,,,,,,,,144.2,77,144.4,106,,,,,,,,,,,,,,,,
2026-07-04T10:02:48.322128+00:00,2026-07-04T10:02:48.322001,2,2,144.05,0.3,143.9,150,143.7,100,,,,,,,,,,,,,,,,,144.2,32,144.4,106,,,,,,,,,,,,,,,,
2026-07-04T10:02:48.396597+00:00,2026-07-04T10:02:48.396539,2,2,144.05,0.3,143.9,150,143.7,100,,,,,,,,,,,,,,,,,144.2,28,144.4,106,,,,,,,,,,,,,,,,
2026-07-04T10:02:48.444623+00:00,2026-07-04T10:02:48.444586,2,2,144.05,0.3,143.9,160,143.7,100,,,,,,,,,,,,,,,,,144.2,28,144.4,106,,,,,,,,,,,,,,,,
2026-07-04T10:02:49.005331+00:00,2026-07-04T10:02:49.005234,2,2,144.05,0.3,143.9,150,143.7,100,,,,,,,,,,,,,,,,,144.2,28,144.4,106,,,,,,,,,,,,,,,,
2026-07-04T10:02:49.039791+00:00,2026-07-04T10:02:49.039668,3,2,144.1,0.2,144.0,10,143.9,150,143.7,100,,,,,,,,,,,,,,,144.2,28,144.4,106,,,,,,,,,,,,,,,,
2026-07-04T10:02:49.694981+00:00,2026-07-04T10:02:49.694868,2,2,144.05,0.3,143.9,110,143.7,100,,,,,,,,,,,,,,,,,144.2,28,144.4,106,,,,,,,,,,,,,,,,
2026-07-04T10:02:49.891824+00:00,2026-07-04T10:02:49.891763,3,2,144.1,0.2,144.0,10,143.9,110,143.7,100,,,,,,,,,,,,,,,144.2,28,144.4,106,,,,,,,,,,,,,,,,
2026-07-04T10:02:50.053652+00:00,2026-07-04T10:02:50.053929,3,1,144.2,0.4,144.0,10,143.9,110,143.7,100,,,,,,,,,,,,,,,144.4,89,,,,,,,,,,,,,,,,,,
2026-07-04T10:02:50.571431+00:00,2026-07-04T10:02:50.571331,3,0,,,144.0,10,143.9,110,143.7,100,,,,,,,,,,,,,,,,,,,,,,,,,,,,,,,,,,
2026-07-04T10:02:50.576610+00:00,2026-07-04T10:02:50.576495,2,0,,,144.0,10,143.7,100,,,,,,,,,,,,,,,,,,,,,,,,,,,,,,,,,,,,
2026-07-04T10:02:50.630401+00:00,2026-07-04T10:02:50.630361,3,0,,,144.1,150,144.0,10,143.7,100,,,,,,,,,,,,,,,,,,,,,,,,,,,,,,,,,,
2026-07-04T10:02:50.683227+00:00,2026-07-04T10:02:50.683097,3,1,144.3,0.4,144.1,150,144.0,10,143.7,100,,,,,,,,,,,,,,,144.5,150,,,,,,,,,,,,,,,,,,
2026-07-04T10:02:50.924423+00:00,2026-07-04T10:02:50.924333,1,1,144.3,0.4,144.1,150,,,,,,,,,,,,,,,,,,,144.5,150,,,,,,,,,,,,,,,,,,
2026-07-04T10:02:50.975854+00:00,2026-07-04T10:02:50.975747,1,1,144.3,0.4,144.1,250,,,,,,,,,,,,,,,,,,,144.5,150,,,,,,,,,,,,,,,,,,
2026-07-04T10:02:51.031091+00:00,2026-07-04T10:02:51.030996,1,2,144.3,0.4,144.1,250,,,,,,,,,,,,,,,,,,,144.5,150,144.6,100,,,,,,,,,,,,,,,,
2026-07-04T10:02:51.203590+00:00,2026-07-04T10:02:51.203494,1,2,144.3,0.4,144.1,260,,,,,,,,,,,,,,,,,,,144.5,150,144.6,100,,,,,,,,,,,,,,,,
2026-07-04T10:02:51.489815+00:00,2026-07-04T10:02:51.489698,1,2,144.3,0.4,144.1,250,,,,,,,,,,,,,,,,,,,144.5,150,144.6,100,,,,,,,,,,,,,,,,
2026-07-04T10:02:51.759733+00:00,2026-07-04T10:02:51.759648,1,2,144.3,0.4,144.1,260,,,,,,,,,,,,,,,,,,,144.5,150,144.6,100,,,,,,,,,,,,,,,,
2026-07-04T10:02:51.799916+00:00,2026-07-04T10:02:51.799790,1,2,144.3,0.4,144.1,210,,,,,,,,,,,,,,,,,,,144.5,150,144.6,100,,,,,,,,,,,,,,,,
2026-07-04T10:02:52.324945+00:00,2026-07-04T10:02:52.324883,1,2,144.3,0.4,144.1,200,,,,,,,,,,,,,,,,,,,144.5,150,144.6,100,,,,,,,,,,,,,,,,
2026-07-04T10:02:52.640315+00:00,2026-07-04T10:02:52.640162,1,2,144.3,0.4,144.1,153,,,,,,,,,,,,,,,,,,,144.5,150,144.6,100,,,,,,,,,,,,,,,,
2026-07-04T10:02:53.120630+00:00,2026-07-04T10:02:53.120779,1,2,144.3,0.4,144.1,153,,,,,,,,,,,,,,,,,,,144.5,103,144.6,100,,,,,,,,,,,,,,,,
2026-07-04T10:02:53.318374+00:00,2026-07-04T10:02:53.318288,1,2,144.3,0.4,144.1,163,,,,,,,,,,,,,,,,,,,144.5,103,144.6,100,,,,,,,,,,,,,,,,
2026-07-04T10:02:53.611435+00:00,2026-07-04T10:02:53.611315,1,2,144.3,0.4,144.1,153,,,,,,,,,,,,,,,,,,,144.5,103,144.6,100,,,,,,,,,,,,,,,,
2026-07-04T10:02:53.737855+00:00,2026-07-04T10:02:53.737756,1,1,144.35,0.5,144.1,100,,,,,,,,,,,,,,,,,,,144.6,100,,,,,,,,,,,,,,,,,,
2026-07-04T10:02:53.792750+00:00,2026-07-04T10:02:53.792625,2,1,144.35,0.5,144.1,100,143.7,150,,,,,,,,,,,,,,,,,144.6,100,,,,,,,,,,,,,,,,,,
2026-07-04T10:02:53.845593+00:00,2026-07-04T10:02:53.845564,2,2,144.15,0.1,144.1,100,143.7,150,,,,,,,,,,,,,,,,,144.2,150,144.6,100,,,,,,,,,,,,,,,,
2026-07-04T10:02:53.906245+00:00,2026-07-04T10:02:53.906447,2,2,144.15,0.1,144.1,50,143.7,150,,,,,,,,,,,,,,,,,144.2,150,144.6,100,,,,,,,,,,,,,,,,
2026-07-04T10:02:54.085270+00:00,2026-07-04T10:02:54.085172,1,1,143.95,0.5,143.7,150,,,,,,,,,,,,,,,,,,,144.2,150,,,,,,,,,,,,,,,,,,
2026-07-04T10:02:54.129480+00:00,2026-07-04T10:02:54.129437,1,1,143.95,0.5,143.7,160,,,,,,,,,,,,,,,,,,,144.2,150,,,,,,,,,,,,,,,,,,
2026-07-04T10:02:54.134628+00:00,2026-07-04T10:02:54.134584,2,1,144.0,0.4,143.8,100,143.7,160,,,,,,,,,,,,,,,,,144.2,150,,,,,,,,,,,,,,,,,,
2026-07-04T10:02:54.191416+00:00,2026-07-04T10:02:54.191292,2,2,144.0,0.4,143.8,100,143.7,160,,,,,,,,,,,,,,,,,144.2,150,144.3,100,,,,,,,,,,,,,,,,
2026-07-04T10:02:54.419066+00:00,2026-07-04T10:02:54.419189,2,2,144.0,0.4,143.8,100,143.7,150,,,,,,,,,,,,,,,,,144.2,150,144.3,100,,,,,,,,,,,,,,,,
2026-07-04T10:02:54.458731+00:00,2026-07-04T10:02:54.458664,3,2,144.05,0.3,143.9,10,143.8,100,143.7,150,,,,,,,,,,,,,,,144.2,150,144.3,100,,,,,,,,,,,,,,,,
2026-07-04T10:02:54.627958+00:00,2026-07-04T10:02:54.610318,2,2,144.0,0.4,143.8,64,143.7,150,,,,,,,,,,,,,,,,,144.2,150,144.3,100,,,,,,,,,,,,,,,,
2026-07-04T10:02:54.749678+00:00,2026-07-04T10:02:54.749552,2,2,144.0,0.4,143.8,74,143.7,150,,,,,,,,,,,,,,,,,144.2,150,144.3,100,,,,,,,,,,,,,,,,
2026-07-04T10:02:55.515151+00:00,2026-07-04T10:02:55.515078,2,2,144.0,0.4,143.8,74,143.7,150,,,,,,,,,,,,,,,,,144.2,125,144.3,100,,,,,,,,,,,,,,,,
2026-07-04T10:02:55.582444+00:00,2026-07-04T10:02:55.582324,2,2,144.0,0.4,143.8,64,143.7,150,,,,,,,,,,,,,,,,,144.2,125,144.3,100,,,,,,,,,,,,,,,,
2026-07-04T10:02:55.612669+00:00,2026-07-04T10:02:55.612525,3,2,144.05,0.3,143.9,10,143.8,64,143.7,150,,,,,,,,,,,,,,,144.2,125,144.3,100,,,,,,,,,,,,,,,,
2026-07-04T10:02:55.904565+00:00,2026-07-04T10:02:55.904488,2,2,144.0,0.4,143.8,64,143.7,150,,,,,,,,,,,,,,,,,144.2,125,144.3,100,,,,,,,,,,,,,,,,
2026-07-04T10:02:55.936615+00:00,2026-07-04T10:02:55.936529,3,2,144.1,0.2,144.0,10,143.8,64,143.7,150,,,,,,,,,,,,,,,144.2,125,144.3,100,,,,,,,,,,,,,,,,
2026-07-04T10:02:55.958608+00:00,2026-07-04T10:02:55.957011,3,2,144.1,0.2,144.0,10,143.8,64,143.7,150,,,,,,,,,,,,,,,144.2,75,144.3,100,,,,,,,,,,,,,,,,
2026-07-04T10:02:56.225506+00:00,2026-07-04T10:02:56.225439,2,2,144.0,0.4,143.8,64,143.7,150,,,,,,,,,,,,,,,,,144.2,75,144.3,100,,,,,,,,,,,,,,,,
2026-07-04T10:02:56.505631+00:00,2026-07-04T10:02:56.505531,3,2,144.1,0.2,144.0,10,143.8,64,143.7,150,,,,,,,,,,,,,,,144.2,75,144.3,100,,,,,,,,,,,,,,,,
2026-07-04T10:02:56.796390+00:00,2026-07-04T10:02:56.796322,2,2,144.0,0.4,143.8,64,143.7,150,,,,,,,,,,,,,,,,,144.2,75,144.3,100,,,,,,,,,,,,,,,,
