recv_time,book_timestamp,n_bids,n_asks,mid,spread,bid_px_0,bid_vol_0,bid_px_1,bid_vol_1,bid_px_2,bid_vol_2,bid_px_3,bid_vol_3,bid_px_4,bid_vol_4,bid_px_5,bid_vol_5,bid_px_6,bid_vol_6,bid_px_7,bid_vol_7,bid_px_8,bid_vol_8,bid_px_9,bid_vol_9,ask_px_0,ask_vol_0,ask_px_1,ask_vol_1,ask_px_2,ask_vol_2,ask_px_3,ask_vol_3,ask_px_4,ask_vol_4,ask_px_5,ask_vol_5,ask_px_6,ask_vol_6,ask_px_7,ask_vol_7,ask_px_8,ask_vol_8,ask_px_9,ask_vol_9
2026-07-04T21:00:00.088914+00:00,2026-07-04T21:00:00.103963,1,2,128.05,0.5,127.8,150,,,,,,,,,,,,,,,,,,,128.3,150,128.4,100,,,,,,,,,,,,,,,,
2026-07-04T21:00:00.416717+00:00,2026-07-04T21:00:00.294608,1,2,128.05,0.5,127.8,150,,,,,,,,,,,,,,,,,,,128.3,150,128.4,100,,,,,,,,,,,,,,,,
2026-07-04T21:00:00.741626+00:00,2026-07-04T21:00:00.741781,1,2,128.05,0.5,127.8,150,,,,,,,,,,,,,,,,,,,128.3,108,128.4,100,,,,,,,,,,,,,,,,
2026-07-04T21:00:00.962816+00:00,2026-07-04T21:00:00.962684,1,1,128.05,0.5,127.8,150,,,,,,,,,,,,,,,,,,,128.3,108,,,,,,,,,,,,,,,,,,
2026-07-04T21:00:01.015821+00:00,2026-07-04T21:00:01.015687,2,1,128.05,0.5,127.8,150,127.7,100,,,,,,,,,,,,,,,,,128.3,108,,,,,,,,,,,,,,,,,,
2026-07-04T21:00:01.069056+00:00,2026-07-04T21:00:01.068879,2,2,128.0,0.4,127.8,150,127.7,100,,,,,,,,,,,,,,,,,128.2,100,128.3,108,,,,,,,,,,,,,,,,
2026-07-04T21:00:01.349564+00:00,2026-07-04T21:00:01.349705,2,2,128.0,0.4,127.8,150,127.7,100,,,,,,,,,,,,,,,,,128.2,55,128.3,108,,,,,,,,,,,,,,,,
2026-07-04T21:00:02.169881+00:00,2026-07-04T21:00:02.169797,2,2,128.0,0.4,127.8,150,127.7,100,,,,,,,,,,,,,,,,,128.2,5,128.3,108,,,,,,,,,,,,,,,,
2026-07-04T21:00:02.401194+00:00,2026-07-04T21:00:02.401103,2,2,128.0,0.4,127.8,104,127.7,100,,,,,,,,,,,,,,,,,128.2,5,128.3,108,,,,,,,,,,,,,,,,
2026-07-04T21:00:03.358580+00:00,2026-07-04T21:00:03.357992,1,1,127.95,0.5,127.7,100,,,,,,,,,,,,,,,,,,,128.2,5,,,,,,,,,,,,,,,,,,
2026-07-04T21:00:03.411669+00:00,2026-07-04T21:00:03.411632,1,1,127.95,0.5,127.7,250,,,,,,,,,,,,,,,,,,,128.2,5,,,,,,,,,,,,,,,,,,
2026-07-04T21:00:03.464639+00:00,2026-07-04T21:00:03.464569,1,1,127.95,0.5,127.7,250,,,,,,,,,,,,,,,,,,,128.2,155,,,,,,,,,,,,,,,,,,
2026-07-04T21:00:04.123207+00:00,2026-07-04T21:00:04.123326,1,1,127.95,0.5,127.7,150,,,,,,,,,,,,,,,,,,,128.2,150,,,,,,,,,,,,,,,,,,
2026-07-04T21:00:04.179145+00:00,2026-07-04T21:00:04.179020,2,1,128.05,0.3,127.9,100,127.7,150,,,,,,,,,,,,,,,,,128.2,150,,,,,,,,,,,,,,,,,,
2026-07-04T21:00:04.232667+00:00,2026-07-04T21:00:04.232589,2,2,128.05,0.3,127.9,100,127.7,150,,,,,,,,,,,,,,,,,128.2,150,128.4,100,,,,,,,,,,,,,,,,
2026-07-04T21:00:04.329668+00:00,2026-07-04T21:00:04.329797,2,2,128.05,0.3,127.9,50,127.7,150,,,,,,,,,,,,,,,,,128.2,150,128.4,100,,,,,,,,,,,,,,,,
2026-07-04T21:00:06.440037+00:00,2026-07-04T21:00:06.439911,1,2,127.95,0.5,127.7,150,,,,,,,,,,,,,,,,,,,128.2,150,128.4,100,,,,,,,,,,,,,,,,
2026-07-04T21:00:06.518452+00:00,2026-07-04T21:00:06.518423,0,1,,,,,,,,,,,,,,,,,,,,,,,128.4,100,,,,,,,,,,,,,,,,,,
2026-07-04T21:00:06.569211+00:00,2026-07-04T21:00:06.569114,1,1,128.1,0.6,127.8,150,,,,,,,,,,,,,,,,,,,128.4,100,,,,,,,,,,,,,,,,,,
2026-07-04T21:00:06.625651+00:00,2026-07-04T21:00:06.625608,1,2,128.05,0.5,127.8,150,,,,,,,,,,,,,,,,,,,128.3,150,128.4,100,,,,,,,,,,,,,,,,
2026-07-04T21:00:07.287931+00:00,2026-07-04T21:00:07.287820,1,1,128.05,0.5,127.8,150,,,,,,,,,,,,,,,,,,,128.3,150,,,,,,,,,,,,,,,,,,
2026-07-04T21:00:07.337438+00:00,2026-07-04T21:00:07.337330,2,1,128.05,0.5,127.8,150,127.6,100,,,,,,,,,,,,,,,,,128.3,150,,,,,,,,,,,,,,,,,,
2026-07-04T21:00:07.389261+00:00,2026-07-04T21:00:07.389132,2,2,127.95,0.3,127.8,150,127.6,100,,,,,,,,,,,,,,,,,128.1,100,128.3,150,,,,,,,,,,,,,,,,
2026-07-04T21:00:08.487135+00:00,2026-07-04T21:00:08.487013,2,2,127.95,0.3,127.8,150,127.6,100,,,,,,,,,,,,,,,,,128.1,57,128.3,150,,,,,,,,,,,,,,,,
2026-07-04T21:00:08.545301+00:00,2026-07-04T21:00:08.545188,2,2,127.95,0.3,127.8,100,127.6,100,,,,,,,,,,,,,,,,,128.1,57,128.3,150,,,,,,,,,,,,,,,,
2026-07-04T21:00:09.679063+00:00,2026-07-04T21:00:09.678997,1,1,127.85,0.5,127.6,100,,,,,,,,,,,,,,,,,,,128.1,57,,,,,,,,,,,,,,,,,,
2026-07-04T21:00:09.730505+00:00,2026-07-04T21:00:09.730411,2,1,127.85,0.5,127.6,100,127.5,150,,,,,,,,,,,,,,,,,128.1,57,,,,,,,,,,,,,,,,,,
2026-07-04T21:00:09.783847+00:00,2026-07-04T21:00:09.783798,2,2,127.8,0.4,127.6,100,127.5,150,,,,,,,,,,,,,,,,,128.0,150,128.1,57,,,,,,,,,,,,,,,,
2026-07-04T21:00:10.439431+00:00,2026-07-04T21:00:10.436446,1,1,127.75,0.5,127.5,150,,,,,,,,,,,,,,,,,,,128.0,150,,,,,,,,,,,,,,,,,,
2026-07-04T21:00:10.489846+00:00,2026-07-04T21:00:10.489709,1,1,127.75,0.5,127.5,103,,,,,,,,,,,,,,,,,,,128.0,150,,,,,,,,,,,,,,,,,,
2026-07-04T21:00:10.536865+00:00,2026-07-04T21:00:10.536810,2,1,127.85,0.3,127.7,100,127.5,103,,,,,,,,,,,,,,,,,128.0,150,,,,,,,,,,,,,,,,,,
2026-07-04T21:00:10.599236+00:00,2026-07-04T21:00:10.592147,2,2,127.85,0.3,127.7,100,127.5,103,,,,,,,,,,,,,,,,,128.0,100,128.2,100,,,,,,,,,,,,,,,,
2026-07-04T21:00:11.534171+00:00,2026-07-04T21:00:11.534133,2,2,127.85,0.3,127.7,100,127.5,103,,,,,,,,,,,,,,,,,128.0,58,128.2,100,,,,,,,,,,,,,,,,
2026-07-04T21:00:12.007712+00:00,2026-07-04T21:00:12.007605,2,2,127.85,0.3,127.7,100,127.5,103,,,,,,,,,,,,,,,,,128.0,14,128.2,100,,,,,,,,,,,,,,,,
2026-07-04T21:00:12.707774+00:00,2026-07-04T21:00:12.707618,2,1,127.95,0.5,127.7,100,127.5,103,,,,,,,,,,,,,,,,,128.2,64,,,,,,,,,,,,,,,,,,
2026-07-04T21:00:12.841023+00:00,2026-07-04T21:00:12.840900,1,1,127.95,0.5,127.7,100,,,,,,,,,,,,,,,,,,,128.2,64,,,,,,,,,,,,,,,,,,
2026-07-04T21:00:12.894538+00:00,2026-07-04T21:00:12.894422,2,1,128.0,0.4,127.8,150,127.7,100,,,,,,,,,,,,,,,,,128.2,64,,,,,,,,,,,,,,,,,,
2026-07-04T21:00:12.941721+00:00,2026-07-04T21:00:12.941684,2,2,128.0,0.4,127.8,150,127.7,100,,,,,,,,,,,,,,,,,128.2,64,128.3,150,,,,,,,,,,,,,,,,
2026-07-04T21:00:13.528071+00:00,2026-07-04T21:00:13.527990,2,2,128.0,0.4,127.8,103,127.7,100,,,,,,,,,,,,,,,,,128.2,64,128.3,150,,,,,,,,,,,,,,,,
2026-07-04T21:00:13.643975+00:00,2026-07-04T21:00:13.643843,2,1,128.05,0.5,127.8,103,127.7,100,,,,,,,,,,,,,,,,,128.3,150,,,,,,,,,,,,,,,,,,
2026-07-04T21:00:13.649085+00:00,2026-07-04T21:00:13.649045,1,1,128.05,0.5,127.8,103,,,,,,,,,,,,,,,,,,,128.3,150,,,,,,,,,,,,,,,,,,
2026-07-04T21:00:13.702432+00:00,2026-07-04T21:00:13.702347,2,1,128.05,0.5,127.8,103,127.6,100,,,,,,,,,,,,,,,,,128.3,150,,,,,,,,,,,,,,,,,,
2026-07-04T21:00:13.758604+00:00,2026-07-04T21:00:13.750072,2,2,127.95,0.3,127.8,103,127.6,100,,,,,,,,,,,,,,,,,128.1,100,128.3,150,,,,,,,,,,,,,,,,
2026-07-04T21:00:14.097433+00:00,2026-07-04T21:00:14.097585,2,2,127.95,0.3,127.8,103,127.6,100,,,,,,,,,,,,,,,,,128.1,59,128.3,150,,,,,,,,,,,,,,,,
2026-07-04T21:00:15.758737+00:00,2026-07-04T21:00:15.751878,2,2,127.95,0.3,127.8,59,127.6,100,,,,,,,,,,,,,,,,,128.1,59,128.3,150,,,,,,,,,,,,,,,,
2026-07-04T21:00:16.000032+00:00,2026-07-04T21:00:15.999924,1,1,127.85,0.5,127.6,100,,,,,,,,,,,,,,,,,,,128.1,59,,,,,,,,,,,,,,,,,,
2026-07-04T21:00:16.053838+00:00,2026-07-04T21:00:16.053749,1,1,127.85,0.5,127.6,250,,,,,,,,,,,,,,,,,,,128.1,59,,,,,,,,,,,,,,,,,,
2026-07-04T21:00:16.107312+00:00,2026-07-04T21:00:16.107125,1,1,127.85,0.5,127.6,250,,,,,,,,,,,,,,,,,,,128.1,209,,,,,,,,,,,,,,,,,,
2026-07-04T21:00:16.810534+00:00,2026-07-04T21:00:16.810502,1,1,127.85,0.5,127.6,150,,,,,,,,,,,,,,,,,,,128.1,150,,,,,,,,,,,,,,,,,,
2026-07-04T21:00:16.864248+00:00,2026-07-04T21:00:16.864047,2,1,128.05,0.1,128.0,100,127.6,150,,,,,,,,,,,,,,,,,128.1,150,,,,,,,,,,,,,,,,,,
2026-07-04T21:00:16.916085+00:00,2026-07-04T21:00:16.915937,2,1,128.05,0.1,128.0,100,127.6,150,,,,,,,,,,,,,,,,,128.1,100,,,,,,,,,,,,,,,,,,
2026-07-04T21:00:16.921363+00:00,2026-07-04T21:00:16.921209,2,2,128.05,0.1,128.0,100,127.6,150,,,,,,,,,,,,,,,,,128.1,100,128.5,100,,,,,,,,,,,,,,,,
2026-07-04T21:00:18.373386+00:00,2026-07-04T21:00:18.373311,2,2,128.05,0.1,128.0,56,127.6,150,,,,,,,,,,,,,,,,,128.1,100,128.5,100,,,,,,,,,,,,,,,,
2026-07-04T21:00:19.023720+00:00,2026-07-04T21:00:19.023594,2,2,128.05,0.1,128.0,56,127.6,150,,,,,,,,,,,,,,,,,128.1,50,128.5,100,,,,,,,,,,,,,,,,
2026-07-04T21:00:19.158546+00:00,2026-07-04T21:00:19.157018,1,1,128.25,0.5,128.0,56,,,,,,,,,,,,,,,,,,,128.5,100,,,,,,,,,,,,,,,,,,
2026-07-04T21:00:19.211883+00:00,2026-07-04T21:00:19.211817,1,1,128.25,0.5,128.0,206,,,,,,,,,,,,,,,,,,,128.5,100,,,,,,,,,,,,,,,,,,
2026-07-04T21:00:19.267723+00:00,2026-07-04T21:00:19.267647,1,1,128.25,0.5,128.0,206,,,,,,,,,,,,,,,,,,,128.5,250,,,,,,,,,,,,,,,,,,
2026-07-04T21:00:19.977386+00:00,2026-07-04T21:00:19.977262,1,1,128.25,0.5,128.0,150,,,,,,,,,,,,,,,,,,,128.5,150,,,,,,,,,,,,,,,,,,
2026-07-04T21:00:20.032902+00:00,2026-07-04T21:00:20.032835,2,1,128.25,0.5,128.0,150,127.9,100,,,,,,,,,,,,,,,,,128.5,150,,,,,,,,,,,,,,,,,,
2026-07-04T21:00:20.085168+00:00,2026-07-04T21:00:20.085315,2,2,128.2,0.4,128.0,150,127.9,100,,,,,,,,,,,,,,,,,128.4,100,128.5,150,,,,,,,,,,,,,,,,
2026-07-04T21:00:21.132006+00:00,2026-07-04T21:00:21.131826,2,2,128.2,0.4,128.0,150,127.9,100,,,,,,,,,,,,,,,,,128.4,50,128.5,150,,,,,,,,,,,,,,,,
2026-07-04T21:00:22.321713+00:00,2026-07-04T21:00:22.321676,1,1,128.15,0.5,127.9,100,,,,,,,,,,,,,,,,,,,128.4,50,,,,,,,,,,,,,,,,,,
2026-07-04T21:00:22.375978+00:00,2026-07-04T21:00:22.376150,2,1,128.2,0.4,128.0,150,127.9,100,,,,,,,,,,,,,,,,,128.4,50,,,,,,,,,,,,,,,,,,
2026-07-04T21:00:22.429377+00:00,2026-07-04T21:00:22.429214,2,1,128.2,0.4,128.0,150,127.9,100,,,,,,,,,,,,,,,,,128.4,200,,,,,,,,,,,,,,,,,,
2026-07-04T21:00:23.139335+00:00,2026-07-04T21:00:23.139289,1,1,128.2,0.4,128.0,150,,,,,,,,,,,,,,,,,,,128.4,150,,,,,,,,,,,,,,,,,,
2026-07-04T21:00:23.193023+00:00,2026-07-04T21:00:23.192829,2,1,128.25,0.3,128.1,100,128.0,150,,,,,,,,,,,,,,,,,128.4,150,,,,,,,,,,,,,,,,,,
2026-07-04T21:00:23.243012+00:00,2026-07-04T21:00:23.243208,2,2,128.25,0.3,128.1,100,128.0,150,,,,,,,,,,,,,,,,,128.4,100,128.6,100,,,,,,,,,,,,,,,,
2026-07-04T21:00:24.594505+00:00,2026-07-04T21:00:24.594409,2,2,128.25,0.3,128.1,100,128.0,150,,,,,,,,,,,,,,,,,128.4,55,128.6,100,,,,,,,,,,,,,,,,
2026-07-04T21:00:25.351445+00:00,2026-07-04T21:00:25.351294,2,2,128.25,0.3,128.1,100,128.0,150,,,,,,,,,,,,,,,,,128.4,5,128.6,100,,,,,,,,,,,,,,,,
2026-07-04T21:00:25.484439+00:00,2026-07-04T21:00:25.484393,1,1,128.35,0.5,128.1,100,,,,,,,,,,,,,,,,,,,128.6,100,,,,,,,,,,,,,,,,,,
2026-07-04T21:00:25.543118+00:00,2026-07-04T21:00:25.543213,2,0,,,128.6,50,128.1,100,,,,,,,,,,,,,,,,,,,,,,,,,,,,,,,,,,,,
2026-07-04T21:00:25.634521+00:00,2026-07-04T21:00:25.599093,2,1,128.85,0.5,128.6,16,128.1,100,,,,,,,,,,,,,,,,,129.1,150,,,,,,,,,,,,,,,,,,
2026-07-04T21:00:26.311381+00:00,2026-07-04T21:00:26.311171,1,1,128.85,0.5,128.6,16,,,,,,,,,,,,,,,,,,,129.1,150,,,,,,,,,,,,,,,,,,
2026-07-04T21:00:26.350155+00:00,2026-07-04T21:00:26.350097,2,1,128.85,0.5,128.6,16,128.4,100,,,,,,,,,,,,,,,,,129.1,150,,,,,,,,,,,,,,,,,,
2026-07-04T21:00:26.407844+00:00,2026-07-04T21:00:26.407672,2,2,128.75,0.3,128.6,16,128.4,100,,,,,,,,,,,,,,,,,128.9,100,129.1,150,,,,,,,,,,,,,,,,
2026-07-04T21:00:27.469076+00:00,2026-07-04T21:00:27.469007,1,2,128.65,0.5,128.4,75,,,,,,,,,,,,,,,,,,,128.9,100,129.1,150,,,,,,,,,,,,,,,,
2026-07-04T21:00:28.664081+00:00,2026-07-04T21:00:28.663993,1,1,128.65,0.5,128.4,75,,,,,,,,,,,,,,,,,,,128.9,100,,,,,,,,,,,,,,,,,,
2026-07-04T21:00:28.718620+00:00,2026-07-04T21:00:28.718482,2,1,128.65,0.5,128.4,75,128.2,150,,,,,,,,,,,,,,,,,128.9,100,,,,,,,,,,,,,,,,,,
2026-07-04T21:00:28.772383+00:00,2026-07-04T21:00:28.772313,2,2,128.55,0.3,128.4,75,128.2,150,,,,,,,,,,,,,,,,,128.7,150,128.9,100,,,,,,,,,,,,,,,,
2026-07-04T21:00:29.464004+00:00,2026-07-04T21:00:29.463882,1,1,128.45,0.5,128.2,150,,,,,,,,,,,,,,,,,,,128.7,150,,,,,,,,,,,,,,,,,,
2026-07-04T21:00:29.516984+00:00,2026-07-04T21:00:29.516880,2,1,128.55,0.3,128.4,100,128.2,150,,,,,,,,,,,,,,,,,128.7,150,,,,,,,,,,,,,,,,,,
2026-07-04T21:00:29.570044+00:00,2026-07-04T21:00:29.569953,2,2,128.55,0.3,128.4,100,128.2,150,,,,,,,,,,,,,,,,,128.7,150,128.9,100,,,,,,,,,,,,,,,,
2026-07-04T21:00:31.743197+00:00,2026-07-04T21:00:31.743157,2,2,128.55,0.3,128.4,50,128.2,150,,,,,,,,,,,,,,,,,128.7,150,128.9,100,,,,,,,,,,,,,,,,
2026-07-04T21:00:31.826660+00:00,2026-07-04T21:00:31.826803,1,1,128.65,0.5,128.4,50,,,,,,,,,,,,,,,,,,,128.9,100,,,,,,,,,,,,,,,,,,
2026-07-04T21:00:31.882034+00:00,2026-07-04T21:00:31.881929,2,1,128.65,0.5,128.4,50,128.1,150,,,,,,,,,,,,,,,,,128.9,100,,,,,,,,,,,,,,,,,,
2026-07-04T21:00:31.934970+00:00,2026-07-04T21:00:31.934935,2,2,128.5,0.2,128.4,50,128.1,150,,,,,,,,,,,,,,,,,128.6,150,128.9,100,,,,,,,,,,,,,,,,
2026-07-04T21:00:32.625057+00:00,2026-07-04T21:00:32.625026,1,1,128.35,0.5,128.1,150,,,,,,,,,,,,,,,,,,,128.6,150,,,,,,,,,,,,,,,,,,
2026-07-04T21:00:32.678460+00:00,2026-07-04T21:00:32.678572,2,1,128.4,0.4,128.2,100,128.1,150,,,,,,,,,,,,,,,,,128.6,150,,,,,,,,,,,,,,,,,,
2026-07-04T21:00:32.731476+00:00,2026-07-04T21:00:32.731385,2,2,128.4,0.4,128.2,100,128.1,150,,,,,,,,,,,,,,,,,128.6,150,128.7,100,,,,,,,,,,,,,,,,
2026-07-04T21:00:33.420771+00:00,2026-07-04T21:00:33.420699,2,2,128.4,0.4,128.2,100,128.1,150,,,,,,,,,,,,,,,,,128.6,102,128.7,100,,,,,,,,,,,,,,,,
2026-07-04T21:00:33.853147+00:00,2026-07-04T21:00:33.853105,2,2,128.4,0.4,128.2,50,128.1,150,,,,,,,,,,,,,,,,,128.6,102,128.7,100,,,,,,,,,,,,,,,,
2026-07-04T21:00:34.989422+00:00,2026-07-04T21:00:34.989270,1,1,128.45,0.5,128.2,50,,,,,,,,,,,,,,,,,,,128.7,100,,,,,,,,,,,,,,,,,,
2026-07-04T21:00:34.994609+00:00,2026-07-04T21:00:34.994513,1,1,128.45,0.5,128.2,5,,,,,,,,,,,,,,,,,,,128.7,100,,,,,,,,,,,,,,,,,,
2026-07-04T21:00:35.043853+00:00,2026-07-04T21:00:35.043744,2,1,128.5,0.4,128.3,150,128.2,5,,,,,,,,,,,,,,,,,128.7,100,,,,,,,,,,,,,,,,,,
2026-07-04T21:00:35.097299+00:00,2026-07-04T21:00:35.097255,2,2,128.5,0.4,128.3,150,128.2,5,,,,,,,,,,,,,,,,,128.7,100,128.8,150,,,,,,,,,,,,,,,,
2026-07-04T21:00:35.785980+00:00,2026-07-04T21:00:35.785942,1,1,128.55,0.5,128.3,150,,,,,,,,,,,,,,,,,,,128.8,150,,,,,,,,,,,,,,,,,,
2026-07-04T21:00:35.839581+00:00,2026-07-04T21:00:35.839468,2,1,128.55,0.5,128.3,150,128.0,100,,,,,,,,,,,,,,,,,128.8,150,,,,,,,,,,,,,,,,,,
2026-07-04T21:00:35.938921+00:00,2026-07-04T21:00:35.928819,2,2,128.4,0.2,128.3,150,128.0,100,,,,,,,,,,,,,,,,,128.5,89,128.8,150,,,,,,,,,,,,,,,,
2026-07-04T21:00:35.992523+00:00,2026-07-04T21:00:35.992445,2,2,128.4,0.2,128.3,100,128.0,100,,,,,,,,,,,,,,,,,128.5,89,128.8,150,,,,,,,,,,,,,,,,
2026-07-04T21:00:38.100698+00:00,2026-07-04T21:00:38.100574,2,2,128.4,0.2,128.3,50,128.0,100,,,,,,,,,,,,,,,,,128.5,89,128.8,150,,,,,,,,,,,,,,,,
2026-07-04T21:00:38.151751+00:00,2026-07-04T21:00:38.151633,1,1,128.25,0.5,128.0,100,,,,,,,,,,,,,,,,,,,128.5,89,,,,,,,,,,,,,,,,,,
2026-07-04T21:00:38.202278+00:00,2026-07-04T21:00:38.202449,2,1,128.25,0.5,128.0,100,127.7,150,,,,,,,,,,,,,,,,,128.5,89,,,,,,,,,,,,,,,,,,
2026-07-04T21:00:38.258611+00:00,2026-07-04T21:00:38.253968,2,2,128.1,0.2,128.0,100,127.7,150,,,,,,,,,,,,,,,,,128.2,150,128.5,89,,,,,,,,,,,,,,,,
2026-07-04T21:00:38.433726+00:00,2026-07-04T21:00:38.433671,2,2,128.1,0.2,128.0,57,127.7,150,,,,,,,,,,,,,,,,,128.2,150,128.5,89,,,,,,,,,,,,,,,,
2026-07-04T21:00:38.945314+00:00,2026-07-04T21:00:38.945192,1,1,127.95,0.5,127.7,150,,,,,,,,,,,,,,,,,,,128.2,150,,,,,,,,,,,,,,,,,,
2026-07-04T21:00:38.995403+00:00,2026-07-04T21:00:38.995309,2,1,127.95,0.5,127.7,150,127.6,100,,,,,,,,,,,,,,,,,128.2,150,,,,,,,,,,,,,,,,,,
2026-07-04T21:00:39.046973+00:00,2026-07-04T21:00:39.046898,2,2,127.9,0.4,127.7,150,127.6,100,,,,,,,,,,,,,,,,,128.1,100,128.2,150,,,,,,,,,,,,,,,,
2026-07-04T21:00:39.377679+00:00,2026-07-04T21:00:39.371958,2,2,127.9,0.4,127.7,150,127.6,100,,,,,,,,,,,,,,,,,128.1,77,128.2,150,,,,,,,,,,,,,,,,
2026-07-04T21:00:40.180078+00:00,2026-07-04T21:00:40.179898,2,2,127.9,0.4,127.7,150,127.6,100,,,,,,,,,,,,,,,,,128.1,27,128.2,150,,,,,,,,,,,,,,,,
2026-07-04T21:00:41.313314+00:00,2026-07-04T21:00:41.313271,1,1,127.85,0.5,127.6,100,,,,,,,,,,,,,,,,,,,128.1,27,,,,,,,,,,,,,,,,,,
2026-07-04T21:00:41.379832+00:00,2026-07-04T21:00:41.379962,2,1,127.95,0.3,127.8,150,127.6,100,,,,,,,,,,,,,,,,,128.1,27,,,,,,,,,,,,,,,,,,
2026-07-04T21:00:41.435063+00:00,2026-07-04T21:00:41.434948,2,2,127.95,0.3,127.8,150,127.6,100,,,,,,,,,,,,,,,,,128.1,27,128.3,150,,,,,,,,,,,,,,,,
2026-07-04T21:00:42.105852+00:00,2026-07-04T21:00:42.105974,1,1,128.05,0.5,127.8,150,,,,,,,,,,,,,,,,,,,128.3,150,,,,,,,,,,,,,,,,,,
2026-07-04T21:00:42.158637+00:00,2026-07-04T21:00:42.150235,2,1,128.1,0.4,127.9,100,127.8,150,,,,,,,,,,,,,,,,,128.3,150,,,,,,,,,,,,,,,,,,
2026-07-04T21:00:42.213414+00:00,2026-07-04T21:00:42.213320,2,2,128.1,0.4,127.9,100,127.8,150,,,,,,,,,,,,,,,,,128.3,150,128.4,100,,,,,,,,,,,,,,,,
2026-07-04T21:00:42.277186+00:00,2026-07-04T21:00:42.277340,2,2,128.1,0.4,127.9,100,127.8,150,,,,,,,,,,,,,,,,,128.3,109,128.4,100,,,,,,,,,,,,,,,,
2026-07-04T21:00:42.287642+00:00,2026-07-04T21:00:42.287792,2,2,128.1,0.4,127.9,100,127.8,150,,,,,,,,,,,,,,,,,128.3,59,128.4,100,,,,,,,,,,,,,,,,
2026-07-04T21:00:43.307169+00:00,2026-07-04T21:00:43.301740,2,2,128.1,0.4,127.9,100,127.8,150,,,,,,,,,,,,,,,,,128.3,48,128.4,100,,,,,,,,,,,,,,,,
2026-07-04T21:00:44.489022+00:00,2026-07-04T21:00:44.489212,1,1,128.15,0.5,127.9,100,,,,,,,,,,,,,,,,,,,128.4,100,,,,,,,,,,,,,,,,,,
2026-07-04T21:00:44.544112+00:00,2026-07-04T21:00:44.543995,2,0,,,128.5,50,127.9,100,,,,,,,,,,,,,,,,,,,,,,,,,,,,,,,,,,,,
2026-07-04T21:00:44.599311+00:00,2026-07-04T21:00:44.599224,2,1,128.75,0.5,128.5,50,127.9,100,,,,,,,,,,,,,,,,,129.0,150,,,,,,,,,,,,,,,,,,
2026-07-04T21:00:44.625192+00:00,2026-07-04T21:00:44.618893,2,1,128.75,0.5,128.5,39,127.9,100,,,,,,,,,,,,,,,,,129.0,150,,,,,,,,,,,,,,,,,,
2026-07-04T21:00:45.251041+00:00,2026-07-04T21:00:45.258250,1,1,128.75,0.5,128.5,39,,,,,,,,,,,,,,,,,,,129.0,150,,,,,,,,,,,,,,,,,,
2026-07-04T21:00:45.315792+00:00,2026-07-04T21:00:45.315758,1,1,128.75,0.5,128.5,139,,,,,,,,,,,,,,,,,,,129.0,150,,,,,,,,,,,,,,,,,,
2026-07-04T21:00:45.374079+00:00,2026-07-04T21:00:45.373962,1,1,128.75,0.5,128.5,139,,,,,,,,,,,,,,,,,,,129.0,250,,,,,,,,,,,,,,,,,,
2026-07-04T21:00:45.671510+00:00,2026-07-04T21:00:45.666764,1,1,128.75,0.5,128.5,128,,,,,,,,,,,,,,,,,,,129.0,250,,,,,,,,,,,,,,,,,,
2026-07-04T21:00:46.556323+00:00,2026-07-04T21:00:46.556509,1,1,128.75,0.5,128.5,78,,,,,,,,,,,,,,,,,,,129.0,250,,,,,,,,,,,,,,,,,,
2026-07-04T21:00:47.658650+00:00,2026-07-04T21:00:47.654814,1,1,128.75,0.5,128.5,78,,,,,,,,,,,,,,,,,,,129.0,100,,,,,,,,,,,,,,,,,,
2026-07-04T21:00:47.707968+00:00,2026-07-04T21:00:47.707875,2,1,128.75,0.5,128.5,78,127.8,150,,,,,,,,,,,,,,,,,129.0,100,,,,,,,,,,,,,,,,,,
2026-07-04T21:00:47.769002+00:00,2026-07-04T21:00:47.762977,1,2,128.05,0.5,127.8,150,,,,,,,,,,,,,,,,,,,128.3,61,129.0,100,,,,,,,,,,,,,,,,
2026-07-04T21:00:48.428651+00:00,2026-07-04T21:00:48.428587,1,1,128.05,0.5,127.8,150,,,,,,,,,,,,,,,,,,,128.3,61,,,,,,,,,,,,,,,,,,
2026-07-04T21:00:48.481647+00:00,2026-07-04T21:00:48.481512,2,1,128.25,0.1,128.2,100,127.8,150,,,,,,,,,,,,,,,,,128.3,61,,,,,,,,,,,,,,,,,,
2026-07-04T21:00:48.533534+00:00,2026-07-04T21:00:48.533371,2,2,128.25,0.1,128.2,100,127.8,150,,,,,,,,,,,,,,,,,128.3,61,128.7,100,,,,,,,,,,,,,,,,
2026-07-04T21:00:48.695233+00:00,2026-07-04T21:00:48.695367,2,2,128.25,0.1,128.2,50,127.8,150,,,,,,,,,,,,,,,,,128.3,61,128.7,100,,,,,,,,,,,,,,,,
2026-07-04T21:00:50.709903+00:00,2026-07-04T21:00:50.709768,2,2,128.25,0.1,128.2,2,127.8,150,,,,,,,,,,,,,,,,,128.3,61,128.7,100,,,,,,,,,,,,,,,,
2026-07-04T21:00:50.802788+00:00,2026-07-04T21:00:50.802756,1,2,128.05,0.5,127.8,102,,,,,,,,,,,,,,,,,,,128.3,61,128.7,100,,,,,,,,,,,,,,,,
2026-07-04T21:00:50.818366+00:00,2026-07-04T21:00:50.818539,0,1,,,,,,,,,,,,,,,,,,,,,,,128.7,100,,,,,,,,,,,,,,,,,,
2026-07-04T21:00:50.871939+00:00,2026-07-04T21:00:50.871877,1,1,128.25,0.9,127.8,150,,,,,,,,,,,,,,,,,,,128.7,100,,,,,,,,,,,,,,,,,,
2026-07-04T21:00:50.927469+00:00,2026-07-04T21:00:50.927341,1,2,128.05,0.5,127.8,150,,,,,,,,,,,,,,,,,,,128.3,150,128.7,100,,,,,,,,,,,,,,,,
2026-07-04T21:00:51.587659+00:00,2026-07-04T21:00:51.587554,1,1,128.05,0.5,127.8,150,,,,,,,,,,,,,,,,,,,128.3,150,,,,,,,,,,,,,,,,,,
2026-07-04T21:00:51.603325+00:00,2026-07-04T21:00:51.603212,1,1,128.05,0.5,127.8,150,,,,,,,,,,,,,,,,,,,128.3,108,,,,,,,,,,,,,,,,,,
2026-07-04T21:00:51.640927+00:00,2026-07-04T21:00:51.640854,2,1,128.05,0.5,127.8,150,127.6,100,,,,,,,,,,,,,,,,,128.3,108,,,,,,,,,,,,,,,,,,
2026-07-04T21:00:51.689630+00:00,2026-07-04T21:00:51.689774,2,2,127.95,0.3,127.8,150,127.6,100,,,,,,,,,,,,,,,,,128.1,100,128.3,108,,,,,,,,,,,,,,,,
2026-07-04T21:00:52.874773+00:00,2026-07-04T21:00:52.874643,2,2,127.95,0.3,127.8,150,127.6,100,,,,,,,,,,,,,,,,,128.1,50,128.3,108,,,,,,,,,,,,,,,,
2026-07-04T21:00:53.982953+00:00,2026-07-04T21:00:53.982857,1,1,127.85,0.5,127.6,100,,,,,,,,,,,,,,,,,,,128.1,50,,,,,,,,,,,,,,,,,,
2026-07-04T21:00:54.037350+00:00,2026-07-04T21:00:54.037229,2,1,127.9,0.4,127.7,150,127.6,100,,,,,,,,,,,,,,,,,128.1,50,,,,,,,,,,,,,,,,,,
2026-07-04T21:00:54.090098+00:00,2026-07-04T21:00:54.089998,2,2,127.9,0.4,127.7,150,127.6,100,,,,,,,,,,,,,,,,,128.1,50,128.2,150,,,,,,,,,,,,,,,,
2026-07-04T21:00:54.747026+00:00,2026-07-04T21:00:54.746946,1,1,127.95,0.5,127.7,150,,,,,,,,,,,,,,,,,,,128.2,150,,,,,,,,,,,,,,,,,,
2026-07-04T21:00:54.800532+00:00,2026-07-04T21:00:54.800485,2,1,127.95,0.5,127.7,150,127.5,100,,,,,,,,,,,,,,,,,128.2,150,,,,,,,,,,,,,,,,,,
2026-07-04T21:00:54.854262+00:00,2026-07-04T21:00:54.854343,2,2,127.85,0.3,127.7,150,127.5,100,,,,,,,,,,,,,,,,,128.0,100,128.2,150,,,,,,,,,,,,,,,,
2026-07-04T21:00:54.977591+00:00,2026-07-04T21:00:54.977782,2,2,127.85,0.3,127.7,150,127.5,100,,,,,,,,,,,,,,,,,128.0,50,128.2,150,,,,,,,,,,,,,,,,
2026-07-04T21:00:56.316159+00:00,2026-07-04T21:00:56.315990,2,2,127.85,0.3,127.7,150,127.5,100,,,,,,,,,,,,,,,,,128.0,8,128.2,150,,,,,,,,,,,,,,,,
2026-07-04T21:00:57.094452+00:00,2026-07-04T21:00:57.090336,2,1,127.95,0.5,127.7,150,127.5,100,,,,,,,,,,,,,,,,,128.2,150,,,,,,,,,,,,,,,,,,
2026-07-04T21:00:57.143115+00:00,2026-07-04T21:00:57.143092,1,0,,,127.5,100,,,,,,,,,,,,,,,,,,,,,,,,,,,,,,,,,,,,,,
2026-07-04T21:00:57.195026+00:00,2026-07-04T21:00:57.194938,2,0,,,127.9,150,127.5,100,,,,,,,,,,,,,,,,,,,,,,,,,,,,,,,,,,,,
2026-07-04T21:00:57.258713+00:00,2026-07-04T21:00:57.249562,2,1,128.15,0.5,127.9,150,127.5,100,,,,,,,,,,,,,,,,,128.4,150,,,,,,,,,,,,,,,,,,
2026-07-04T21:00:57.491501+00:00,2026-07-04T21:00:57.491361,2,1,128.15,0.5,127.9,150,127.5,100,,,,,,,,,,,,,,,,,128.4,102,,,,,,,,,,,,,,,,,,
2026-07-04T21:00:57.908919+00:00,2026-07-04T21:00:57.909009,1,1,128.15,0.5,127.9,150,,,,,,,,,,,,,,,,,,,128.4,102,,,,,,,,,,,,,,,,,,
2026-07-04T21:00:57.957277+00:00,2026-07-04T21:00:57.957403,2,1,128.25,0.3,128.1,100,127.9,150,,,,,,,,,,,,,,,,,128.4,102,,,,,,,,,,,,,,,,,,
2026-07-04T21:00:58.015606+00:00,2026-07-04T21:00:58.015562,2,2,128.25,0.3,128.1,52,127.9,150,,,,,,,,,,,,,,,,,128.4,102,128.6,100,,,,,,,,,,,,,,,,
2026-07-04T21:00:59.132074+00:00,2026-07-04T21:00:59.132313,2,2,128.25,0.3,128.1,52,127.9,150,,,,,,,,,,,,,,,,,128.4,57,128.6,100,,,,,,,,,,,,,,,,
2026-07-04T21:01:00.106258+00:00,2026-07-04T21:01:00.106190,2,2,128.25,0.3,128.1,10,127.9,150,,,,,,,,,,,,,,,,,128.4,57,128.6,100,,,,,,,,,,,,,,,,
2026-07-04T21:01:00.299077+00:00,2026-07-04T21:01:00.298925,2,1,128.35,0.5,128.1,10,127.9,150,,,,,,,,,,,,,,,,,128.6,100,,,,,,,,,,,,,,,,,,
2026-07-04T21:01:00.304167+00:00,2026-07-04T21:01:00.304105,1,1,128.35,0.5,128.1,10,,,,,,,,,,,,,,,,,,,128.6,100,,,,,,,,,,,,,,,,,,
2026-07-04T21:01:00.352685+00:00,2026-07-04T21:01:00.352863,2,1,128.45,0.3,128.3,150,128.1,10,,,,,,,,,,,,,,,,,128.6,100,,,,,,,,,,,,,,,,,,
2026-07-04T21:01:00.362000+00:00,2026-07-04T21:01:00.356750,2,1,128.45,0.3,128.3,131,128.1,10,,,,,,,,,,,,,,,,,128.6,100,,,,,,,,,,,,,,,,,,
2026-07-04T21:01:00.405682+00:00,2026-07-04T21:01:00.405624,2,2,128.45,0.3,128.3,131,128.1,10,,,,,,,,,,,,,,,,,128.6,100,128.8,150,,,,,,,,,,,,,,,,
2026-07-04T21:01:01.069290+00:00,2026-07-04T21:01:01.069189,1,1,128.55,0.5,128.3,131,,,,,,,,,,,,,,,,,,,128.8,150,,,,,,,,,,,,,,,,,,
2026-07-04T21:01:01.122901+00:00,2026-07-04T21:01:01.122810,2,1,128.55,0.5,128.3,131,127.8,100,,,,,,,,,,,,,,,,,128.8,150,,,,,,,,,,,,,,,,,,
2026-07-04T21:01:01.176283+00:00,2026-07-04T21:01:01.176116,2,1,128.55,0.5,128.3,31,127.8,100,,,,,,,,,,,,,,,,,128.8,150,,,,,,,,,,,,,,,,,,
2026-07-04T21:01:01.220108+00:00,2026-07-04T21:01:01.220037,1,1,128.3,1.0,127.8,91,,,,,,,,,,,,,,,,,,,128.8,150,,,,,,,,,,,,,,,,,,
2026-07-04T21:01:01.364017+00:00,2026-07-04T21:01:01.363948,1,1,128.3,1.0,127.8,41,,,,,,,,,,,,,,,,,,,128.8,150,,,,,,,,,,,,,,,,,,
2026-07-04T21:01:03.458658+00:00,2026-07-04T21:01:03.452465,1,0,,,127.8,41,,,,,,,,,,,,,,,,,,,,,,,,,,,,,,,,,,,,,,
2026-07-04T21:01:03.477768+00:00,2026-07-04T21:01:03.477694,0,0,,,,,,,,,,,,,,,,,,,,,,,,,,,,,,,,,,,,,,,,,,
2026-07-04T21:01:03.534487+00:00,2026-07-04T21:01:03.534294,1,0,,,127.9,150,,,,,,,,,,,,,,,,,,,,,,,,,,,,,,,,,,,,,,
2026-07-04T21:01:03.587870+00:00,2026-07-04T21:01:03.587982,1,1,128.15,0.5,127.9,150,,,,,,,,,,,,,,,,,,,128.4,150,,,,,,,,,,,,,,,,,,
2026-07-04T21:01:04.281707+00:00,2026-07-04T21:01:04.281556,2,1,128.25,0.3,128.1,100,127.9,150,,,,,,,,,,,,,,,,,128.4,150,,,,,,,,,,,,,,,,,,
2026-07-04T21:01:04.343774+00:00,2026-07-04T21:01:04.343741,2,2,128.25,0.3,128.1,100,127.9,150,,,,,,,,,,,,,,,,,128.4,150,128.6,100,,,,,,,,,,,,,,,,
2026-07-04T21:01:05.602465+00:00,2026-07-04T21:01:05.602252,2,2,128.25,0.3,128.1,50,127.9,150,,,,,,,,,,,,,,,,,128.4,150,128.6,100,,,,,,,,,,,,,,,,
2026-07-04T21:01:06.642969+00:00,2026-07-04T21:01:06.642886,1,1,128.35,0.5,128.1,50,,,,,,,,,,,,,,,,,,,128.6,100,,,,,,,,,,,,,,,,,,
2026-07-04T21:01:06.696070+00:00,2026-07-04T21:01:06.696293,2,1,128.35,0.5,128.1,50,127.7,150,,,,,,,,,,,,,,,,,128.6,100,,,,,,,,,,,,,,,,,,
2026-07-04T21:01:06.758721+00:00,2026-07-04T21:01:06.758669,2,2,128.15,0.1,128.1,50,127.7,150,,,,,,,,,,,,,,,,,128.2,150,128.6,100,,,,,,,,,,,,,,,,
2026-07-04T21:01:07.405550+00:00,2026-07-04T21:01:07.401459,1,1,127.95,0.5,127.7,150,,,,,,,,,,,,,,,,,,,128.2,139,,,,,,,,,,,,,,,,,,
2026-07-04T21:01:07.456712+00:00,2026-07-04T21:01:07.456856,2,1,128.15,0.1,128.1,100,127.7,150,,,,,,,,,,,,,,,,,128.2,139,,,,,,,,,,,,,,,,,,
2026-07-04T21:01:07.511603+00:00,2026-07-04T21:01:07.511537,2,2,128.15,0.1,128.1,100,127.7,150,,,,,,,,,,,,,,,,,128.2,139,128.6,100,,,,,,,,,,,,,,,,
2026-07-04T21:01:07.704673+00:00,2026-07-04T21:01:07.704841,2,2,128.15,0.1,128.1,50,127.7,150,,,,,,,,,,,,,,,,,128.2,139,128.6,100,,,,,,,,,,,,,,,,
2026-07-04T21:01:08.609957+00:00,2026-07-04T21:01:08.609779,2,2,128.15,0.1,128.1,50,127.7,150,,,,,,,,,,,,,,,,,128.2,90,128.6,100,,,,,,,,,,,,,,,,
2026-07-04T21:01:09.568214+00:00,2026-07-04T21:01:09.562851,2,2,128.15,0.1,128.1,39,127.7,150,,,,,,,,,,,,,,,,,128.2,90,128.6,100,,,,,,,,,,,,,,,,
2026-07-04T21:01:09.599470+00:00,2026-07-04T21:01:09.599380,1,2,127.95,0.5,127.7,140,,,,,,,,,,,,,,,,,,,128.2,90,128.6,100,,,,,,,,,,,,,,,,
2026-07-04T21:01:09.801325+00:00,2026-07-04T21:01:09.801247,1,1,128.15,0.9,127.7,140,,,,,,,,,,,,,,,,,,,128.6,100,,,,,,,,,,,,,,,,,,
2026-07-04T21:01:09.806584+00:00,2026-07-04T21:01:09.806422,0,1,,,,,,,,,,,,,,,,,,,,,,,128.6,100,,,,,,,,,,,,,,,,,,
2026-07-04T21:01:09.858621+00:00,2026-07-04T21:01:09.855864,1,1,128.1,1.0,127.6,150,,,,,,,,,,,,,,,,,,,128.6,100,,,,,,,,,,,,,,,,,,
2026-07-04T21:01:09.922894+00:00,2026-07-04T21:01:09.917515,1,2,127.85,0.5,127.6,150,,,,,,,,,,,,,,,,,,,128.1,128,128.6,100,,,,,,,,,,,,,,,,
2026-07-04T21:01:10.565378+00:00,2026-07-04T21:01:10.565283,1,1,127.85,0.5,127.6,150,,,,,,,,,,,,,,,,,,,128.1,128,,,,,,,,,,,,,,,,,,
2026-07-04T21:01:10.621244+00:00,2026-07-04T21:01:10.621403,2,1,127.9,0.4,127.7,100,127.6,150,,,,,,,,,,,,,,,,,128.1,128,,,,,,,,,,,,,,,,,,
2026-07-04T21:01:10.675209+00:00,2026-07-04T21:01:10.670878,2,2,127.9,0.4,127.7,100,127.6,150,,,,,,,,,,,,,,,,,128.1,128,128.2,100,,,,,,,,,,,,,,,,
2026-07-04T21:01:11.141613+00:00,2026-07-04T21:01:11.141557,2,2,127.9,0.4,127.7,100,127.6,150,,,,,,,,,,,,,,,,,128.1,86,128.2,100,,,,,,,,,,,,,,,,
2026-07-04T21:01:11.774342+00:00,2026-07-04T21:01:11.774564,2,2,127.9,0.4,127.7,100,127.6,150,,,,,,,,,,,,,,,,,128.1,43,128.2,100,,,,,,,,,,,,,,,,
2026-07-04T21:01:11.964451+00:00,2026-07-04T21:01:11.964167,2,2,127.9,0.4,127.7,50,127.6,150,,,,,,,,,,,,,,,,,128.1,43,128.2,100,,,,,,,,,,,,,,,,
2026-07-04T21:01:12.774621+00:00,2026-07-04T21:01:12.774559,2,2,127.9,0.4,127.7,50,127.6,150,,,,,,,,,,,,,,,,,128.1,3,128.2,100,,,,,,,,,,,,,,,,
2026-07-04T21:01:12.963768+00:00,2026-07-04T21:01:12.963968,1,1,127.95,0.5,127.7,50,,,,,,,,,,,,,,,,,,,128.2,100,,,,,,,,,,,,,,,,,,
2026-07-04T21:01:13.018651+00:00,2026-07-04T21:01:13.018799,2,0,,,128.6,50,127.7,50,,,,,,,,,,,,,,,,,,,,,,,,,,,,,,,,,,,,
2026-07-04T21:01:13.081022+00:00,2026-07-04T21:01:13.075684,2,1,128.85,0.5,128.6,16,127.7,50,,,,,,,,,,,,,,,,,129.1,150,,,,,,,,,,,,,,,,,,
2026-07-04T21:01:13.482793+00:00,2026-07-04T21:01:13.478092,2,1,128.85,0.5,128.6,5,127.7,50,,,,,,,,,,,,,,,,,129.1,150,,,,,,,,,,,,,,,,,,
2026-07-04T21:01:13.724101+00:00,2026-07-04T21:01:13.724009,1,1,128.85,0.5,128.6,5,,,,,,,,,,,,,,,,,,,129.1,150,,,,,,,,,,,,,,,,,,
2026-07-04T21:01:13.777384+00:00,2026-07-04T21:01:13.777344,2,1,128.85,0.5,128.6,5,127.6,100,,,,,,,,,,,,,,,,,129.1,150,,,,,,,,,,,,,,,,,,
2026-07-04T21:01:13.839183+00:00,2026-07-04T21:01:13.833872,1,2,127.85,0.5,127.6,100,,,,,,,,,,,,,,,,,,,128.1,61,129.1,150,,,,,,,,,,,,,,,,
2026-07-04T21:01:14.074726+00:00,2026-07-04T21:01:14.074554,1,2,127.85,0.5,127.6,50,,,,,,,,,,,,,,,,,,,128.1,61,129.1,150,,,,,,,,,,,,,,,,
2026-07-04T21:01:14.791560+00:00,2026-07-04T21:01:14.785673,1,2,127.85,0.5,127.6,50,,,,,,,,,,,,,,,,,,,128.1,50,129.1,150,,,,,,,,,,,,,,,,
2026-07-04T21:01:16.127833+00:00,2026-07-04T21:01:16.127921,1,1,127.85,0.5,127.6,50,,,,,,,,,,,,,,,,,,,128.1,50,,,,,,,,,,,,,,,,,,
2026-07-04T21:01:16.176184+00:00,2026-07-04T21:01:16.176070,0,1,,,,,,,,,,,,,,,,,,,,,,,128.1,50,,,,,,,,,,,,,,,,,,
2026-07-04T21:01:16.181372+00:00,2026-07-04T21:01:16.181253,1,1,128.0,0.2,127.9,150,,,,,,,,,,,,,,,,,,,128.1,50,,,,,,,,,,,,,,,,,,
2026-07-04T21:01:16.235716+00:00,2026-07-04T21:01:16.235666,1,2,128.0,0.2,127.9,150,,,,,,,,,,,,,,,,,,,128.1,50,128.4,150,,,,,,,,,,,,,,,,
2026-07-04T21:01:16.886498+00:00,2026-07-04T21:01:16.886391,1,1,128.15,0.5,127.9,150,,,,,,,,,,,,,,,,,,,128.4,150,,,,,,,,,,,,,,,,,,
2026-07-04T21:01:16.939789+00:00,2026-07-04T21:01:16.939709,2,1,128.15,0.5,127.9,150,127.4,100,,,,,,,,,,,,,,,,,128.4,150,,,,,,,,,,,,,,,,,,
2026-07-04T21:01:16.992936+00:00,2026-07-04T21:01:16.992819,2,1,128.15,0.5,127.9,50,127.4,100,,,,,,,,,,,,,,,,,128.4,150,,,,,,,,,,,,,,,,,,
2026-07-04T21:01:18.296247+00:00,2026-07-04T21:01:18.296189,1,1,127.9,1.0,127.4,100,,,,,,,,,,,,,,,,,,,128.4,150,,,,,,,,,,,,,,,,,,
2026-07-04T21:01:19.287200+00:00,2026-07-04T21:01:19.287156,1,0,,,127.4,100,,,,,,,,,,,,,,,,,,,,,,,,,,,,,,,,,,,,,,
2026-07-04T21:01:19.344113+00:00,2026-07-04T21:01:19.344025,2,0,,,127.5,150,127.4,100,,,,,,,,,,,,,,,,,,,,,,,,,,,,,,,,,,,,
2026-07-04T21:01:19.403663+00:00,2026-07-04T21:01:19.397714,2,1,127.75,0.5,127.5,150,127.4,100,,,,,,,,,,,,,,,,,128.0,127,,,,,,,,,,,,,,,,,,
2026-07-04T21:01:20.023571+00:00,2026-07-04T21:01:20.018235,2,1,127.75,0.5,127.5,150,127.4,100,,,,,,,,,,,,,,,,,128.0,121,,,,,,,,,,,,,,,,,,
2026-07-04T21:01:20.044232+00:00,2026-07-04T21:01:20.044116,1,1,127.75,0.5,127.5,150,,,,,,,,,,,,,,,,,,,128.0,121,,,,,,,,,,,,,,,,,,
2026-07-04T21:01:20.103835+00:00,2026-07-04T21:01:20.103753,1,1,127.75,0.5,127.5,150,,,,,,,,,,,,,,,,,,,128.0,21,,,,,,,,,,,,,,,,,,
2026-07-04T21:01:20.154546+00:00,2026-07-04T21:01:20.154764,1,2,127.75,0.5,127.5,150,,,,,,,,,,,,,,,,,,,128.0,21,128.5,100,,,,,,,,,,,,,,,,
2026-07-04T21:01:22.160426+00:00,2026-07-04T21:01:22.160398,1,2,127.75,0.5,127.5,103,,,,,,,,,,,,,,,,,,,128.0,21,128.5,100,,,,,,,,,,,,,,,,
2026-07-04T21:01:22.458608+00:00,2026-07-04T21:01:22.448443,0,1,,,,,,,,,,,,,,,,,,,,,,,128.5,50,,,,,,,,,,,,,,,,,,
2026-07-04T21:01:22.501503+00:00,2026-07-04T21:01:22.501413,1,1,128.2,0.6,127.9,150,,,,,,,,,,,,,,,,,,,128.5,50,,,,,,,,,,,,,,,,,,
2026-07-04T21:01:22.558644+00:00,2026-07-04T21:01:22.554971,1,2,128.15,0.5,127.9,150,,,,,,,,,,,,,,,,,,,128.4,150,128.5,50,,,,,,,,,,,,,,,,
2026-07-04T21:01:23.212684+00:00,2026-07-04T21:01:23.212786,1,1,128.15,0.5,127.9,150,,,,,,,,,,,,,,,,,,,128.4,150,,,,,,,,,,,,,,,,,,
2026-07-04T21:01:23.266613+00:00,2026-07-04T21:01:23.266564,2,1,128.15,0.5,127.9,150,127.7,100,,,,,,,,,,,,,,,,,128.4,150,,,,,,,,,,,,,,,,,,
2026-07-04T21:01:23.320313+00:00,2026-07-04T21:01:23.320241,2,2,128.05,0.3,127.9,150,127.7,100,,,,,,,,,,,,,,,,,128.2,100,128.4,150,,,,,,,,,,,,,,,,
2026-07-04T21:01:23.863649+00:00,2026-07-04T21:01:23.863814,2,2,128.05,0.3,127.9,150,127.7,100,,,,,,,,,,,,,,,,,128.2,57,128.4,150,,,,,,,,,,,,,,,,
2026-07-04T21:01:24.503773+00:00,2026-07-04T21:01:24.503646,2,2,128.05,0.3,127.9,103,127.7,100,,,,,,,,,,,,,,,,,128.2,57,128.4,150,,,,,,,,,,,,,,,,
2026-07-04T21:01:24.564359+00:00,2026-07-04T21:01:24.564288,2,2,128.05,0.3,127.9,103,127.7,100,,,,,,,,,,,,,,,,,128.2,7,128.4,150,,,,,,,,,,,,,,,,
2026-07-04T21:01:25.607794+00:00,2026-07-04T21:01:25.607708,1,1,127.95,0.5,127.7,100,,,,,,,,,,,,,,,,,,,128.2,7,,,,,,,,,,,,,,,,,,
2026-07-04T21:01:25.658567+00:00,2026-07-04T21:01:25.657370,2,1,128.0,0.4,127.8,150,127.7,100,,,,,,,,,,,,,,,,,128.2,7,,,,,,,,,,,,,,,,,,
2026-07-04T21:01:25.715516+00:00,2026-07-04T21:01:25.715424,2,2,128.0,0.4,127.8,150,127.7,100,,,,,,,,,,,,,,,,,128.2,7,128.3,150,,,,,,,,,,,,,,,,
2026-07-04T21:01:26.349248+00:00,2026-07-04T21:01:26.349109,2,2,128.0,0.4,127.8,103,127.7,100,,,,,,,,,,,,,,,,,128.2,7,128.3,150,,,,,,,,,,,,,,,,
2026-07-04T21:01:26.373222+00:00,2026-07-04T21:01:26.373123,1,1,128.05,0.5,127.8,103,,,,,,,,,,,,,,,,,,,128.3,150,,,,,,,,,,,,,,,,,,
2026-07-04T21:01:26.426012+00:00,2026-07-04T21:01:26.425927,2,1,128.25,0.1,128.2,100,127.8,103,,,,,,,,,,,,,,,,,128.3,150,,,,,,,,,,,,,,,,,,
2026-07-04T21:01:26.477680+00:00,2026-07-04T21:01:26.477843,2,2,128.25,0.1,128.2,100,127.8,103,,,,,,,,,,,,,,,,,128.3,150,128.7,100,,,,,,,,,,,,,,,,
2026-07-04T21:01:26.723406+00:00,2026-07-04T21:01:26.723278,2,2,128.25,0.1,128.2,50,127.8,103,,,,,,,,,,,,,,,,,128.3,150,128.7,100,,,,,,,,,,,,,,,,
2026-07-04T21:01:27.405400+00:00,2026-07-04T21:01:27.405273,2,2,128.25,0.1,128.2,50,127.8,103,,,,,,,,,,,,,,,,,128.3,107,128.7,100,,,,,,,,,,,,,,,,
2026-07-04T21:01:28.062530+00:00,2026-07-04T21:01:28.057290,2,2,128.25,0.1,128.2,44,127.8,103,,,,,,,,,,,,,,,,,128.3,107,128.7,100,,,,,,,,,,,,,,,,
2026-07-04T21:01:28.771634+00:00,2026-07-04T21:01:28.771559,1,1,128.45,0.5,128.2,44,,,,,,,,,,,,,,,,,,,128.7,100,,,,,,,,,,,,,,,,,,
2026-07-04T21:01:28.776879+00:00,2026-07-04T21:01:28.776777,1,1,128.45,0.5,128.2,44,,,,,,,,,,,,,,,,,,,128.7,50,,,,,,,,,,,,,,,,,,
2026-07-04T21:01:28.826663+00:00,2026-07-04T21:01:28.826617,2,1,128.45,0.5,128.2,44,127.8,150,,,,,,,,,,,,,,,,,128.7,50,,,,,,,,,,,,,,,,,,
2026-07-04T21:01:28.879291+00:00,2026-07-04T21:01:28.879160,2,2,128.25,0.1,128.2,44,127.8,150,,,,,,,,,,,,,,,,,128.3,150,128.7,50,,,,,,,,,,,,,,,,
2026-07-04T21:01:29.016725+00:00,2026-07-04T21:01:29.016592,1,2,128.05,0.5,127.8,148,,,,,,,,,,,,,,,,,,,128.3,150,128.7,50,,,,,,,,,,,,,,,,
2026-07-04T21:01:29.535856+00:00,2026-07-04T21:01:29.535793,1,1,128.05,0.5,127.8,148,,,,,,,,,,,,,,,,,,,128.3,150,,,,,,,,,,,,,,,,,,
2026-07-04T21:01:29.589119+00:00,2026-07-04T21:01:29.589001,2,1,128.2,0.2,128.1,100,127.8,148,,,,,,,,,,,,,,,,,128.3,150,,,,,,,,,,,,,,,,,,
2026-07-04T21:01:29.641763+00:00,2026-07-04T21:01:29.641717,2,2,128.2,0.2,128.1,100,127.8,148,,,,,,,,,,,,,,,,,128.3,150,128.6,100,,,,,,,,,,,,,,,,
2026-07-04T21:01:30.883008+00:00,2026-07-04T21:01:30.882945,2,2,128.2,0.2,128.1,100,127.8,148,,,,,,,,,,,,,,,,,128.3,100,128.6,100,,,,,,,,,,,,,,,,
2026-07-04T21:01:31.683188+00:00,2026-07-04T21:01:31.683149,2,2,128.2,0.2,128.1,59,127.8,148,,,,,,,,,,,,,,,,,128.3,100,128.6,100,,,,,,,,,,,,,,,,
2026-07-04T21:01:31.932572+00:00,2026-07-04T21:01:31.932784,1,1,128.35,0.5,128.1,59,,,,,,,,,,,,,,,,,,,128.6,100,,,,,,,,,,,,,,,,,,
2026-07-04T21:01:31.987770+00:00,2026-07-04T21:01:31.987683,2,1,128.35,0.5,128.1,59,127.9,150,,,,,,,,,,,,,,,,,128.6,100,,,,,,,,,,,,,,,,,,
2026-07-04T21:01:32.040576+00:00,2026-07-04T21:01:32.040742,2,2,128.25,0.3,128.1,59,127.9,150,,,,,,,,,,,,,,,,,128.4,150,128.6,100,,,,,,,,,,,,,,,,
2026-07-04T21:01:32.258718+00:00,2026-07-04T21:01:32.252700,2,2,128.25,0.3,128.1,59,127.9,150,,,,,,,,,,,,,,,,,128.4,102,128.6,100,,,,,,,,,,,,,,,,
2026-07-04T21:01:32.690418+00:00,2026-07-04T21:01:32.690325,2,1,128.25,0.3,128.1,59,127.9,150,,,,,,,,,,,,,,,,,128.4,102,,,,,,,,,,,,,,,,,,
2026-07-04T21:01:32.695601+00:00,2026-07-04T21:01:32.695503,1,1,128.15,0.5,127.9,150,,,,,,,,,,,,,,,,,,,128.4,102,,,,,,,,,,,,,,,,,,
2026-07-04T21:01:32.749182+00:00,2026-07-04T21:01:32.749042,2,1,128.15,0.5,127.9,150,127.8,100,,,,,,,,,,,,,,,,,128.4,102,,,,,,,,,,,,,,,,,,
2026-07-04T21:01:32.816504+00:00,2026-07-04T21:01:32.816393,2,2,128.1,0.4,127.9,150,127.8,100,,,,,,,,,,,,,,,,,128.3,100,128.4,102,,,,,,,,,,,,,,,,
2026-07-04T21:01:32.858735+00:00,2026-07-04T21:01:32.858647,2,2,128.1,0.4,127.9,150,127.8,100,,,,,,,,,,,,,,,,,128.3,54,128.4,102,,,,,,,,,,,,,,,,
2026-07-04T21:01:32.991276+00:00,2026-07-04T21:01:32.991403,2,2,128.1,0.4,127.9,150,127.8,100,,,,,,,,,,,,,,,,,128.3,4,128.4,102,,,,,,,,,,,,,,,,
2026-07-04T21:01:33.458573+00:00,2026-07-04T21:01:33.444569,2,2,128.1,0.4,127.9,105,127.8,100,,,,,,,,,,,,,,,,,128.3,4,128.4,102,,,,,,,,,,,,,,,,
2026-07-04T21:01:35.094554+00:00,2026-07-04T21:01:35.094499,1,1,128.05,0.5,127.8,100,,,,,,,,,,,,,,,,,,,128.3,4,,,,,,,,,,,,,,,,,,
2026-07-04T21:01:35.099777+00:00,2026-07-04T21:01:35.099715,1,0,,,127.8,100,,,,,,,,,,,,,,,,,,,,,,,,,,,,,,,,,,,,,,
2026-07-04T21:01:35.148348+00:00,2026-07-04T21:01:35.148299,2,0,,,128.1,150,127.8,100,,,,,,,,,,,,,,,,,,,,,,,,,,,,,,,,,,,,
2026-07-04T21:01:35.203561+00:00,2026-07-04T21:01:35.203731,2,1,128.3,0.4,128.1,150,127.8,100,,,,,,,,,,,,,,,,,128.5,150,,,,,,,,,,,,,,,,,,
2026-07-04T21:01:35.869304+00:00,2026-07-04T21:01:35.869199,1,1,128.3,0.4,128.1,150,,,,,,,,,,,,,,,,,,,128.5,150,,,,,,,,,,,,,,,,,,
2026-07-04T21:01:35.919370+00:00,2026-07-04T21:01:35.919458,2,1,128.35,0.3,128.2,100,128.1,150,,,,,,,,,,,,,,,,,128.5,150,,,,,,,,,,,,,,,,,,
2026-07-04T21:01:35.974576+00:00,2026-07-04T21:01:35.974695,2,2,128.35,0.3,128.2,100,128.1,150,,,,,,,,,,,,,,,,,128.5,150,128.7,100,,,,,,,,,,,,,,,,
2026-07-04T21:01:37.206272+00:00,2026-07-04T21:01:37.206183,2,2,128.35,0.3,128.2,100,128.1,150,,,,,,,,,,,,,,,,,128.5,100,128.7,100,,,,,,,,,,,,,,,,
2026-07-04T21:01:37.658647+00:00,2026-07-04T21:01:37.654915,2,2,128.35,0.3,128.2,51,128.1,150,,,,,,,,,,,,,,,,,128.5,100,128.7,100,,,,,,,,,,,,,,,,
2026-07-04T21:01:38.258542+00:00,2026-07-04T21:01:38.255955,1,1,128.45,0.5,128.2,51,,,,,,,,,,,,,,,,,,,128.7,100,,,,,,,,,,,,,,,,,,
2026-07-04T21:01:38.319024+00:00,2026-07-04T21:01:38.318958,2,1,128.5,0.4,128.3,150,128.2,51,,,,,,,,,,,,,,,,,128.7,100,,,,,,,,,,,,,,,,,,
2026-07-04T21:01:38.376089+00:00,2026-07-04T21:01:38.375900,2,1,128.5,0.4,128.3,150,128.2,51,,,,,,,,,,,,,,,,,128.7,250,,,,,,,,,,,,,,,,,,
2026-07-04T21:01:39.024546+00:00,2026-07-04T21:01:39.024700,1,1,128.5,0.4,128.3,150,,,,,,,,,,,,,,,,,,,128.7,150,,,,,,,,,,,,,,,,,,
2026-07-04T21:01:39.076614+00:00,2026-07-04T21:01:39.076745,2,1,128.5,0.4,128.3,150,128.2,100,,,,,,,,,,,,,,,,,128.7,150,,,,,,,,,,,,,,,,,,
2026-07-04T21:01:39.130107+00:00,2026-07-04T21:01:39.129957,2,1,128.5,0.4,128.3,150,128.2,100,,,,,,,,,,,,,,,,,128.7,250,,,,,,,,,,,,,,,,,,
2026-07-04T21:01:39.179361+00:00,2026-07-04T21:01:39.179254,2,1,128.5,0.4,128.3,150,128.2,100,,,,,,,,,,,,,,,,,128.7,210,,,,,,,,,,,,,,,,,,
2026-07-04T21:01:39.314786+00:00,2026-07-04T21:01:39.314672,2,1,128.5,0.4,128.3,150,128.2,100,,,,,,,,,,,,,,,,,128.7,160,,,,,,,,,,,,,,,,,,
2026-07-04T21:01:41.423071+00:00,2026-07-04T21:01:41.422957,2,1,128.5,0.4,128.3,150,128.2,100,,,,,,,,,,,,,,,,,128.7,110,,,,,,,,,,,,,,,,,,
2026-07-04T21:01:41.428207+00:00,2026-07-04T21:01:41.428142,1,1,128.45,0.5,128.2,100,,,,,,,,,,,,,,,,,,,128.7,100,,,,,,,,,,,,,,,,,,
2026-07-04T21:01:41.484180+00:00,2026-07-04T21:01:41.484122,2,0,,,128.9,50,128.2,100,,,,,,,,,,,,,,,,,,,,,,,,,,,,,,,,,,,,
2026-07-04T21:01:41.549087+00:00,2026-07-04T21:01:41.543531,1,1,128.8,1.2,128.2,100,,,,,,,,,,,,,,,,,,,129.4,150,,,,,,,,,,,,,,,,,,
2026-07-04T21:01:42.187910+00:00,2026-07-04T21:01:42.188067,0,1,,,,,,,,,,,,,,,,,,,,,,,129.4,150,,,,,,,,,,,,,,,,,,
2026-07-04T21:01:42.240986+00:00,2026-07-04T21:01:42.240921,1,1,128.95,0.9,128.5,100,,,,,,,,,,,,,,,,,,,129.4,150,,,,,,,,,,,,,,,,,,
2026-07-04T21:01:42.296474+00:00,2026-07-04T21:01:42.296328,1,2,128.75,0.5,128.5,100,,,,,,,,,,,,,,,,,,,129.0,100,129.4,150,,,,,,,,,,,,,,,,
2026-07-04T21:01:43.528430+00:00,2026-07-04T21:01:43.528396,1,2,128.75,0.5,128.5,100,,,,,,,,,,,,,,,,,,,129.0,50,129.4,150,,,,,,,,,,,,,,,,
2026-07-04T21:01:44.418033+00:00,2026-07-04T21:01:44.417923,1,2,128.75,0.5,128.5,58,,,,,,,,,,,,,,,,,,,129.0,50,129.4,150,,,,,,,,,,,,,,,,
2026-07-04T21:01:44.590640+00:00,2026-07-04T21:01:44.590543,1,1,128.75,0.5,128.5,58,,,,,,,,,,,,,,,,,,,129.0,50,,,,,,,,,,,,,,,,,,
2026-07-04T21:01:44.645873+00:00,2026-07-04T21:01:44.645816,2,1,128.75,0.5,128.5,58,128.0,150,,,,,,,,,,,,,,,,,129.0,50,,,,,,,,,,,,,,,,,,
2026-07-04T21:01:44.699935+00:00,2026-07-04T21:01:44.699852,1,2,128.25,0.5,128.0,150,,,,,,,,,,,,,,,,,,,128.5,92,129.0,50,,,,,,,,,,,,,,,,
2026-07-04T21:01:45.350231+00:00,2026-07-04T21:01:45.350155,1,1,128.25,0.5,128.0,150,,,,,,,,,,,,,,,,,,,128.5,92,,,,,,,,,,,,,,,,,,
2026-07-04T21:01:45.403039+00:00,2026-07-04T21:01:45.403113,2,1,128.3,0.4,128.1,100,128.0,150,,,,,,,,,,,,,,,,,128.5,92,,,,,,,,,,,,,,,,,,
2026-07-04T21:01:45.463771+00:00,2026-07-04T21:01:45.463738,2,2,128.3,0.4,128.1,100,128.0,150,,,,,,,,,,,,,,,,,128.5,92,128.6,100,,,,,,,,,,,,,,,,
2026-07-04T21:01:45.638620+00:00,2026-07-04T21:01:45.638808,2,2,128.3,0.4,128.1,100,128.0,150,,,,,,,,,,,,,,,,,128.5,42,128.6,100,,,,,,,,,,,,,,,,
2026-07-04T21:01:47.746399+00:00,2026-07-04T21:01:47.746278,2,1,128.35,0.5,128.1,100,128.0,150,,,,,,,,,,,,,,,,,128.6,92,,,,,,,,,,,,,,,,,,
2026-07-04T21:01:47.751551+00:00,2026-07-04T21:01:47.751459,1,1,128.35,0.5,128.1,100,,,,,,,,,,,,,,,,,,,128.6,92,,,,,,,,,,,,,,,,,,
2026-07-04T21:01:47.805193+00:00,2026-07-04T21:01:47.805080,2,1,128.5,0.2,128.4,150,128.1,100,,,,,,,,,,,,,,,,,128.6,92,,,,,,,,,,,,,,,,,,
2026-07-04T21:01:47.858598+00:00,2026-07-04T21:01:47.853705,2,2,128.5,0.2,128.4,150,128.1,100,,,,,,,,,,,,,,,,,128.6,92,128.9,150,,,,,,,,,,,,,,,,
2026-07-04T21:01:48.513900+00:00,2026-07-04T21:01:48.513817,1,1,128.65,0.5,128.4,150,,,,,,,,,,,,,,,,,,,128.9,150,,,,,,,,,,,,,,,,,,
2026-07-04T21:01:48.565938+00:00,2026-07-04T21:01:48.565998,2,1,128.65,0.5,128.4,150,127.9,100,,,,,,,,,,,,,,,,,128.9,150,,,,,,,,,,,,,,,,,,
2026-07-04T21:01:48.623429+00:00,2026-07-04T21:01:48.623343,2,1,128.65,0.5,128.4,50,127.9,100,,,,,,,,,,,,,,,,,128.9,150,,,,,,,,,,,,,,,,,,
2026-07-04T21:01:49.227523+00:00,2026-07-04T21:01:49.227406,2,1,128.65,0.5,128.4,6,127.9,100,,,,,,,,,,,,,,,,,128.9,150,,,,,,,,,,,,,,,,,,
2026-07-04T21:01:49.858588+00:00,2026-07-04T21:01:49.855603,2,1,128.65,0.5,128.4,6,127.9,100,,,,,,,,,,,,,,,,,128.9,100,,,,,,,,,,,,,,,,,,
2026-07-04T21:01:50.912301+00:00,2026-07-04T21:01:50.912526,1,0,,,127.9,100,,,,,,,,,,,,,,,,,,,,,,,,,,,,,,,,,,,,,,
2026-07-04T21:01:50.974504+00:00,2026-07-04T21:01:50.974301,2,0,,,128.1,150,127.9,100,,,,,,,,,,,,,,,,,,,,,,,,,,,,,,,,,,,,
2026-07-04T21:01:51.025275+00:00,2026-07-04T21:01:51.025210,2,1,128.35,0.5,128.1,150,127.9,100,,,,,,,,,,,,,,,,,128.6,150,,,,,,,,,,,,,,,,,,
2026-07-04T21:01:51.676926+00:00,2026-07-04T21:01:51.676875,1,1,128.35,0.5,128.1,150,,,,,,,,,,,,,,,,,,,128.6,150,,,,,,,,,,,,,,,,,,
2026-07-04T21:01:51.729749+00:00,2026-07-04T21:01:51.729631,2,1,128.45,0.3,128.3,100,128.1,150,,,,,,,,,,,,,,,,,128.6,150,,,,,,,,,,,,,,,,,,
2026-07-04T21:01:51.781182+00:00,2026-07-04T21:01:51.781107,2,2,128.45,0.3,128.3,100,128.1,150,,,,,,,,,,,,,,,,,128.6,150,128.8,100,,,,,,,,,,,,,,,,
2026-07-04T21:01:51.974650+00:00,2026-07-04T21:01:51.974470,2,2,128.45,0.3,128.3,100,128.1,150,,,,,,,,,,,,,,,,,128.6,100,128.8,100,,,,,,,,,,,,,,,,
2026-07-04T21:01:53.636852+00:00,2026-07-04T21:01:53.636721,2,2,128.45,0.3,128.3,100,128.1,150,,,,,,,,,,,,,,,,,128.6,51,128.8,100,,,,,,,,,,,,,,,,
2026-07-04T21:01:54.078431+00:00,2026-07-04T21:01:54.078656,1,1,128.55,0.5,128.3,100,,,,,,,,,,,,,,,,,,,128.8,50,,,,,,,,,,,,,,,,,,
2026-07-04T21:01:54.126455+00:00,2026-07-04T21:01:54.126371,2,1,128.6,0.4,128.4,150,128.3,100,,,,,,,,,,,,,,,,,128.8,50,,,,,,,,,,,,,,,,,,
2026-07-04T21:01:54.183473+00:00,2026-07-04T21:01:54.183344,2,2,128.6,0.4,128.4,150,128.3,100,,,,,,,,,,,,,,,,,128.8,50,128.9,150,,,,,,,,,,,,,,,,
2026-07-04T21:01:54.837982+00:00,2026-07-04T21:01:54.837958,1,1,128.65,0.5,128.4,150,,,,,,,,,,,,,,,,,,,128.9,150,,,,,,,,,,,,,,,,,,
2026-07-04T21:01:54.893903+00:00,2026-07-04T21:01:54.893981,2,1,128.75,0.3,128.6,100,128.4,150,,,,,,,,,,,,,,,,,128.9,150,,,,,,,,,,,,,,,,,,
2026-07-04T21:01:54.946579+00:00,2026-07-04T21:01:54.946464,2,2,128.75,0.3,128.6,100,128.4,150,,,,,,,,,,,,,,,,,128.9,150,129.1,100,,,,,,,,,,,,,,,,
2026-07-04T21:01:55.279410+00:00,2026-07-04T21:01:55.279308,2,2,128.75,0.3,128.6,53,128.4,150,,,,,,,,,,,,,,,,,128.9,150,129.1,100,,,,,,,,,,,,,,,,
2026-07-04T21:01:55.435069+00:00,2026-07-04T21:01:55.429915,2,2,128.75,0.3,128.6,23,128.4,150,,,,,,,,,,,,,,,,,128.9,150,129.1,100,,,,,,,,,,,,,,,,
2026-07-04T21:01:56.186543+00:00,2026-07-04T21:01:56.186397,2,2,128.75,0.3,128.6,23,128.4,150,,,,,,,,,,,,,,,,,128.9,100,129.1,100,,,,,,,,,,,,,,,,
2026-07-04T21:01:57.236381+00:00,2026-07-04T21:01:57.236328,1,1,128.85,0.5,128.6,23,,,,,,,,,,,,,,,,,,,129.1,100,,,,,,,,,,,,,,,,,,
2026-07-04T21:01:57.291049+00:00,2026-07-04T21:01:57.290994,1,1,128.85,0.5,128.6,173,,,,,,,,,,,,,,,,,,,129.1,100,,,,,,,,,,,,,,,,,,
2026-07-04T21:01:57.348285+00:00,2026-07-04T21:01:57.348141,1,1,128.85,0.5,128.6,173,,,,,,,,,,,,,,,,,,,129.1,250,,,,,,,,,,,,,,,,,,
2026-07-04T21:01:58.000744+00:00,2026-07-04T21:01:58.000698,1,1,128.85,0.5,128.6,150,,,,,,,,,,,,,,,,,,,129.1,150,,,,,,,,,,,,,,,,,,
2026-07-04T21:01:58.050667+00:00,2026-07-04T21:01:58.050627,2,1,128.85,0.5,128.6,150,128.1,100,,,,,,,,,,,,,,,,,129.1,150,,,,,,,,,,,,,,,,,,
2026-07-04T21:01:58.106185+00:00,2026-07-04T21:01:58.106140,2,1,128.85,0.5,128.6,50,128.1,100,,,,,,,,,,,,,,,,,129.1,150,,,,,,,,,,,,,,,,,,
2026-07-04T21:01:58.298040+00:00,2026-07-04T21:01:58.297913,2,1,128.85,0.5,128.6,50,128.1,100,,,,,,,,,,,,,,,,,129.1,100,,,,,,,,,,,,,,,,,,
2026-07-04T21:02:00.401817+00:00,2026-07-04T21:02:00.401712,1,0,,,128.1,100,,,,,,,,,,,,,,,,,,,,,,,,,,,,,,,,,,,,,,
2026-07-04T21:02:00.458805+00:00,2026-07-04T21:02:00.458609,2,0,,,128.3,150,128.1,100,,,,,,,,,,,,,,,,,,,,,,,,,,,,,,,,,,,,
2026-07-04T21:02:00.508635+00:00,2026-07-04T21:02:00.508501,2,1,128.55,0.5,128.3,150,128.1,100,,,,,,,,,,,,,,,,,128.8,150,,,,,,,,,,,,,,,,,,
2026-07-04T21:02:01.158538+00:00,2026-07-04T21:02:01.155641,1,1,128.55,0.5,128.3,150,,,,,,,,,,,,,,,,,,,128.8,150,,,,,,,,,,,,,,,,,,
2026-07-04T21:02:01.214307+00:00,2026-07-04T21:02:01.214410,2,1,128.65,0.3,128.5,100,128.3,150,,,,,,,,,,,,,,,,,128.8,150,,,,,,,,,,,,,,,,,,
2026-07-04T21:02:01.276045+00:00,2026-07-04T21:02:01.275946,2,2,128.65,0.3,128.5,100,128.3,150,,,,,,,,,,,,,,,,,128.8,150,129.0,100,,,,,,,,,,,,,,,,
2026-07-04T21:02:02.513394+00:00,2026-07-04T21:02:02.513290,2,2,128.65,0.3,128.5,100,128.3,150,,,,,,,,,,,,,,,,,128.8,100,129.0,100,,,,,,,,,,,,,,,,
2026-07-04T21:02:02.887866+00:00,2026-07-04T21:02:02.887736,2,2,128.65,0.3,128.5,100,128.3,150,,,,,,,,,,,,,,,,,128.8,59,129.0,100,,,,,,,,,,,,,,,,
2026-07-04T21:02:03.564329+00:00,2026-07-04T21:02:03.564239,1,1,128.75,0.5,128.5,100,,,,,,,,,,,,,,,,,,,129.0,100,,,,,,,,,,,,,,,,,,
2026-07-04T21:02:03.628732+00:00,2026-07-04T21:02:03.623598,2,1,128.9,0.2,128.8,139,128.5,100,,,,,,,,,,,,,,,,,129.0,100,,,,,,,,,,,,,,,,,,
2026-07-04T21:02:03.688359+00:00,2026-07-04T21:02:03.688253,2,2,128.9,0.2,128.8,139,128.5,100,,,,,,,,,,,,,,,,,129.0,100,129.3,150,,,,,,,,,,,,,,,,
2026-07-04T21:02:04.329992+00:00,2026-07-04T21:02:04.330099,1,1,129.05,0.5,128.8,139,,,,,,,,,,,,,,,,,,,129.3,150,,,,,,,,,,,,,,,,,,
2026-07-04T21:02:04.384807+00:00,2026-07-04T21:02:04.384770,2,1,129.05,0.5,128.8,139,128.5,100,,,,,,,,,,,,,,,,,129.3,150,,,,,,,,,,,,,,,,,,
2026-07-04T21:02:04.436466+00:00,2026-07-04T21:02:04.436388,2,2,128.9,0.2,128.8,139,128.5,100,,,,,,,,,,,,,,,,,129.0,100,129.3,150,,,,,,,,,,,,,,,,
2026-07-04T21:02:04.675130+00:00,2026-07-04T21:02:04.675055,2,2,128.9,0.2,128.8,89,128.5,100,,,,,,,,,,,,,,,,,129.0,100,129.3,150,,,,,,,,,,,,,,,,
2026-07-04T21:02:06.738971+00:00,2026-07-04T21:02:06.739114,2,1,128.9,0.2,128.8,89,128.5,100,,,,,,,,,,,,,,,,,129.0,100,,,,,,,,,,,,,,,,,,
2026-07-04T21:02:06.744377+00:00,2026-07-04T21:02:06.744266,1,1,128.75,0.5,128.5,100,,,,,,,,,,,,,,,,,,,129.0,100,,,,,,,,,,,,,,,,,,
2026-07-04T21:02:06.790604+00:00,2026-07-04T21:02:06.790469,1,1,128.75,0.5,128.5,50,,,,,,,,,,,,,,,,,,,129.0,100,,,,,,,,,,,,,,,,,,
2026-07-04T21:02:06.795797+00:00,2026-07-04T21:02:06.795674,1,1,128.75,0.5,128.5,200,,,,,,,,,,,,,,,,,,,129.0,100,,,,,,,,,,,,,,,,,,
2026-07-04T21:02:06.844210+00:00,2026-07-04T21:02:06.844086,1,1,128.75,0.5,128.5,200,,,,,,,,,,,,,,,,,,,129.0,250,,,,,,,,,,,,,,,,,,
2026-07-04T21:02:07.486454+00:00,2026-07-04T21:02:07.486416,1,1,128.75,0.5,128.5,200,,,,,,,,,,,,,,,,,,,129.0,150,,,,,,,,,,,,,,,,,,
2026-07-04T21:02:07.491647+00:00,2026-07-04T21:02:07.491576,1,1,128.75,0.5,128.5,150,,,,,,,,,,,,,,,,,,,129.0,150,,,,,,,,,,,,,,,,,,
2026-07-04T21:02:07.544844+00:00,2026-07-04T21:02:07.544749,2,1,128.75,0.5,128.5,150,128.3,100,,,,,,,,,,,,,,,,,129.0,150,,,,,,,,,,,,,,,,,,
2026-07-04T21:02:07.593891+00:00,2026-07-04T21:02:07.593775,2,2,128.65,0.3,128.5,150,128.3,100,,,,,,,,,,,,,,,,,128.8,100,129.0,150,,,,,,,,,,,,,,,,
2026-07-04T21:02:09.042166+00:00,2026-07-04T21:02:09.041990,2,2,128.65,0.3,128.5,150,128.3,100,,,,,,,,,,,,,,,,,128.8,59,129.0,150,,,,,,,,,,,,,,,,
2026-07-04T21:02:09.901693+00:00,2026-07-04T21:02:09.901559,1,1,128.55,0.5,128.3,100,,,,,,,,,,,,,,,,,,,128.8,59,,,,,,,,,,,,,,,,,,
2026-07-04T21:02:09.958587+00:00,2026-07-04T21:02:09.952145,2,1,128.75,0.1,128.7,150,128.3,100,,,,,,,,,,,,,,,,,128.8,59,,,,,,,,,,,,,,,,,,
2026-07-04T21:02:10.011731+00:00,2026-07-04T21:02:10.011851,2,2,128.75,0.1,128.7,150,128.3,100,,,,,,,,,,,,,,,,,128.8,59,129.1,150,,,,,,,,,,,,,,,,
2026-07-04T21:02:10.230473+00:00,2026-07-04T21:02:10.230350,2,2,128.75,0.1,128.7,150,128.3,100,,,,,,,,,,,,,,,,,128.8,16,129.1,150,,,,,,,,,,,,,,,,
2026-07-04T21:02:10.658640+00:00,2026-07-04T21:02:10.652187,1,1,128.9,0.4,128.7,150,,,,,,,,,,,,,,,,,,,129.1,150,,,,,,,,,,,,,,,,,,
2026-07-04T21:02:10.705553+00:00,2026-07-04T21:02:10.705646,2,1,128.9,0.4,128.7,150,128.6,100,,,,,,,,,,,,,,,,,129.1,150,,,,,,,,,,,,,,,,,,
2026-07-04T21:02:10.757199+00:00,2026-07-04T21:02:10.757285,2,1,128.9,0.4,128.7,150,128.6,100,,,,,,,,,,,,,,,,,129.1,250,,,,,,,,,,,,,,,,,,
2026-07-04T21:02:11.028262+00:00,2026-07-04T21:02:11.028136,2,1,128.9,0.4,128.7,100,128.6,100,,,,,,,,,,,,,,,,,129.1,250,,,,,,,,,,,,,,,,,,
2026-07-04T21:02:12.140789+00:00,2026-07-04T21:02:12.140673,2,1,128.9,0.4,128.7,53,128.6,100,,,,,,,,,,,,,,,,,129.1,250,,,,,,,,,,,,,,,,,,
2026-07-04T21:02:13.067463+00:00,2026-07-04T21:02:13.067406,1,1,128.85,0.5,128.6,100,,,,,,,,,,,,,,,,,,,129.1,100,,,,,,,,,,,,,,,,,,
2026-07-04T21:02:13.121015+00:00,2026-07-04T21:02:13.120945,2,1,128.85,0.5,128.6,100,128.5,150,,,,,,,,,,,,,,,,,129.1,100,,,,,,,,,,,,,,,,,,
2026-07-04T21:02:13.134844+00:00,2026-07-04T21:02:13.134738,2,1,128.85,0.5,128.6,50,128.5,150,,,,,,,,,,,,,,,,,129.1,100,,,,,,,,,,,,,,,,,,
2026-07-04T21:02:13.174152+00:00,2026-07-04T21:02:13.174049,2,2,128.8,0.4,128.6,50,128.5,150,,,,,,,,,,,,,,,,,129.0,150,129.1,100,,,,,,,,,,,,,,,,
2026-07-04T21:02:13.806933+00:00,2026-07-04T21:02:13.806795,2,1,128.8,0.4,128.6,50,128.5,150,,,,,,,,,,,,,,,,,129.0,150,,,,,,,,,,,,,,,,,,
2026-07-04T21:02:13.811883+00:00,2026-07-04T21:02:13.811961,1,1,128.75,0.5,128.5,150,,,,,,,,,,,,,,,,,,,129.0,150,,,,,,,,,,,,,,,,,,
2026-07-04T21:02:13.864641+00:00,2026-07-04T21:02:13.864552,1,1,128.75,0.5,128.5,250,,,,,,,,,,,,,,,,,,,129.0,150,,,,,,,,,,,,,,,,,,
2026-07-04T21:02:13.917622+00:00,2026-07-04T21:02:13.917591,1,1,128.75,0.5,128.5,250,,,,,,,,,,,,,,,,,,,129.0,250,,,,,,,,,,,,,,,,,,
2026-07-04T21:02:14.415759+00:00,2026-07-04T21:02:14.415892,1,1,128.75,0.5,128.5,208,,,,,,,,,,,,,,,,,,,129.0,250,,,,,,,,,,,,,,,,,,
2026-07-04T21:02:14.953713+00:00,2026-07-04T21:02:14.953664,1,1,128.75,0.5,128.5,208,,,,,,,,,,,,,,,,,,,129.0,202,,,,,,,,,,,,,,,,,,
2026-07-04T21:02:15.246286+00:00,2026-07-04T21:02:15.246169,1,1,128.75,0.5,128.5,158,,,,,,,,,,,,,,,,,,,129.0,202,,,,,,,,,,,,,,,,,,
2026-07-04T21:02:16.239759+00:00,2026-07-04T21:02:16.229588,1,1,128.75,0.5,128.5,100,,,,,,,,,,,,,,,,,,,129.0,100,,,,,,,,,,,,,,,,,,
2026-07-04T21:02:16.287060+00:00,2026-07-04T21:02:16.287009,2,1,128.75,0.5,128.5,100,128.1,150,,,,,,,,,,,,,,,,,129.0,100,,,,,,,,,,,,,,,,,,
2026-07-04T21:02:16.349193+00:00,2026-07-04T21:02:16.343844,2,2,128.55,0.1,128.5,100,128.1,150,,,,,,,,,,,,,,,,,128.6,139,129.0,100,,,,,,,,,,,,,,,,
2026-07-04T21:02:16.482876+00:00,2026-07-04T21:02:16.477277,2,2,128.55,0.1,128.5,54,128.1,150,,,,,,,,,,,,,,,,,128.6,127,129.0,100,,,,,,,,,,,,,,,,
2026-07-04T21:02:16.972535+00:00,2026-07-04T21:02:16.972476,1,1,128.35,0.5,128.1,150,,,,,,,,,,,,,,,,,,,128.6,127,,,,,,,,,,,,,,,,,,
2026-07-04T21:02:17.028471+00:00,2026-07-04T21:02:17.028648,2,1,128.4,0.4,128.2,100,128.1,150,,,,,,,,,,,,,,,,,128.6,127,,,,,,,,,,,,,,,,,,
2026-07-04T21:02:17.083196+00:00,2026-07-04T21:02:17.083152,2,2,128.4,0.4,128.2,100,128.1,150,,,,,,,,,,,,,,,,,128.6,127,128.7,100,,,,,,,,,,,,,,,,
2026-07-04T21:02:17.352999+00:00,2026-07-04T21:02:17.352959,2,2,128.4,0.4,128.2,50,128.1,150,,,,,,,,,,,,,,,,,128.6,127,128.7,100,,,,,,,,,,,,,,,,
2026-07-04T21:02:19.389779+00:00,2026-07-04T21:02:19.389698,2,1,128.45,0.5,128.2,50,128.1,150,,,,,,,,,,,,,,,,,128.7,100,,,,,,,,,,,,,,,,,,
2026-07-04T21:02:19.394931+00:00,2026-07-04T21:02:19.394884,1,1,128.45,0.5,128.2,50,,,,,,,,,,,,,,,,,,,128.7,100,,,,,,,,,,,,,,,,,,
2026-07-04T21:02:19.444308+00:00,2026-07-04T21:02:19.444251,2,1,128.5,0.4,128.3,150,128.2,50,,,,,,,,,,,,,,,,,128.7,100,,,,,,,,,,,,,,,,,,
2026-07-04T21:02:19.463924+00:00,2026-07-04T21:02:19.463814,2,1,128.5,0.4,128.3,100,128.2,50,,,,,,,,,,,,,,,,,128.7,100,,,,,,,,,,,,,,,,,,
2026-07-04T21:02:19.496780+00:00,2026-07-04T21:02:19.496721,2,2,128.5,0.4,128.3,100,128.2,50,,,,,,,,,,,,,,,,,128.7,100,128.8,150,,,,,,,,,,,,,,,,
2026-07-04T21:02:20.136242+00:00,2026-07-04T21:02:20.136139,1,1,128.55,0.5,128.3,100,,,,,,,,,,,,,,,,,,,128.8,150,,,,,,,,,,,,,,,,,,
2026-07-04T21:02:20.194260+00:00,2026-07-04T21:02:20.194162,1,1,128.55,0.5,128.3,200,,,,,,,,,,,,,,,,,,,128.8,150,,,,,,,,,,,,,,,,,,
2026-07-04T21:02:20.242523+00:00,2026-07-04T21:02:20.242423,1,1,128.55,0.5,128.3,200,,,,,,,,,,,,,,,,,,,128.8,250,,,,,,,,,,,,,,,,,,
2026-07-04T21:02:21.572660+00:00,2026-07-04T21:02:21.572739,1,1,128.55,0.5,128.3,150,,,,,,,,,,,,,,,,,,,128.8,250,,,,,,,,,,,,,,,,,,
2026-07-04T21:02:21.909581+00:00,2026-07-04T21:02:21.909434,1,1,128.55,0.5,128.3,150,,,,,,,,,,,,,,,,,,,128.8,210,,,,,,,,,,,,,,,,,,
2026-07-04T21:02:22.505280+00:00,2026-07-04T21:02:22.505452,1,1,128.55,0.5,128.3,150,,,,,,,,,,,,,,,,,,,128.8,164,,,,,,,,,,,,,,,,,,
2026-07-04T21:02:22.554305+00:00,2026-07-04T21:02:22.554189,1,1,128.55,0.5,128.3,100,,,,,,,,,,,,,,,,,,,128.8,100,,,,,,,,,,,,,,,,,,
2026-07-04T21:02:22.607599+00:00,2026-07-04T21:02:22.607502,2,1,128.55,0.5,128.3,100,128.1,150,,,,,,,,,,,,,,,,,128.8,100,,,,,,,,,,,,,,,,,,
2026-07-04T21:02:22.658587+00:00,2026-07-04T21:02:22.656484,2,2,128.45,0.3,128.3,100,128.1,150,,,,,,,,,,,,,,,,,128.6,150,128.8,100,,,,,,,,,,,,,,,,
2026-07-04T21:02:23.297596+00:00,2026-07-04T21:02:23.297444,1,1,128.35,0.5,128.1,150,,,,,,,,,,,,,,,,,,,128.6,150,,,,,,,,,,,,,,,,,,
2026-07-04T21:02:23.358831+00:00,2026-07-04T21:02:23.358662,2,1,128.4,0.4,128.2,100,128.1,150,,,,,,,,,,,,,,,,,128.6,150,,,,,,,,,,,,,,,,,,
2026-07-04T21:02:23.403055+00:00,2026-07-04T21:02:23.403238,2,2,128.4,0.4,128.2,100,128.1,150,,,,,,,,,,,,,,,,,128.6,150,128.7,100,,,,,,,,,,,,,,,,
2026-07-04T21:02:23.685839+00:00,2026-07-04T21:02:23.685709,2,2,128.4,0.4,128.2,50,128.1,150,,,,,,,,,,,,,,,,,128.6,150,128.7,100,,,,,,,,,,,,,,,,
2026-07-04T21:02:25.716612+00:00,2026-07-04T21:02:25.716552,1,1,128.45,0.5,128.2,50,,,,,,,,,,,,,,,,,,,128.7,100,,,,,,,,,,,,,,,,,,
2026-07-04T21:02:25.771616+00:00,2026-07-04T21:02:25.771573,2,1,128.45,0.5,128.2,50,128.1,150,,,,,,,,,,,,,,,,,128.7,100,,,,,,,,,,,,,,,,,,
2026-07-04T21:02:25.793170+00:00,2026-07-04T21:02:25.793012,1,1,128.4,0.6,128.1,150,,,,,,,,,,,,,,,,,,,128.7,100,,,,,,,,,,,,,,,,,,
2026-07-04T21:02:25.819219+00:00,2026-07-04T21:02:25.819116,1,2,128.35,0.5,128.1,150,,,,,,,,,,,,,,,,,,,128.6,150,128.7,100,,,,,,,,,,,,,,,,
2026-07-04T21:02:26.458568+00:00,2026-07-04T21:02:26.455668,1,1,128.35,0.5,128.1,150,,,,,,,,,,,,,,,,,,,128.6,150,,,,,,,,,,,,,,,,,,
2026-07-04T21:02:26.513551+00:00,2026-07-04T21:02:26.513677,2,1,128.35,0.5,128.1,150,127.9,100,,,,,,,,,,,,,,,,,128.6,150,,,,,,,,,,,,,,,,,,
2026-07-04T21:02:26.576841+00:00,2026-07-04T21:02:26.571364,2,2,128.25,0.3,128.1,150,127.9,100,,,,,,,,,,,,,,,,,128.4,89,128.6,150,,,,,,,,,,,,,,,,
2026-07-04T21:02:26.969529+00:00,2026-07-04T21:02:26.964591,2,2,128.25,0.3,128.1,150,127.9,100,,,,,,,,,,,,,,,,,128.4,77,128.6,150,,,,,,,,,,,,,,,,
2026-07-04T21:02:27.367245+00:00,2026-07-04T21:02:27.362416,2,2,128.25,0.3,128.1,150,127.9,100,,,,,,,,,,,,,,,,,128.4,66,128.6,150,,,,,,,,,,,,,,,,
2026-07-04T21:02:27.905620+00:00,2026-07-04T21:02:27.905577,2,2,128.25,0.3,128.1,100,127.9,100,,,,,,,,,,,,,,,,,128.4,66,128.6,150,,,,,,,,,,,,,,,,
2026-07-04T21:02:28.878145+00:00,2026-07-04T21:02:28.878085,1,1,128.15,0.5,127.9,100,,,,,,,,,,,,,,,,,,,128.4,66,,,,,,,,,,,,,,,,,,
2026-07-04T21:02:28.930733+00:00,2026-07-04T21:02:28.930685,2,1,128.25,0.3,128.1,150,127.9,100,,,,,,,,,,,,,,,,,128.4,66,,,,,,,,,,,,,,,,,,
2026-07-04T21:02:28.983841+00:00,2026-07-04T21:02:28.983808,2,2,128.25,0.3,128.1,150,127.9,100,,,,,,,,,,,,,,,,,128.4,66,128.6,150,,,,,,,,,,,,,,,,
2026-07-04T21:02:29.321212+00:00,2026-07-04T21:02:29.321142,2,2,128.25,0.3,128.1,103,127.9,100,,,,,,,,,,,,,,,,,128.4,66,128.6,150,,,,,,,,,,,,,,,,
2026-07-04T21:02:29.620625+00:00,2026-07-04T21:02:29.620554,1,1,128.35,0.5,128.1,103,,,,,,,,,,,,,,,,,,,128.6,150,,,,,,,,,,,,,,,,,,
2026-07-04T21:02:29.676775+00:00,2026-07-04T21:02:29.676657,2,1,128.4,0.4,128.2,100,128.1,103,,,,,,,,,,,,,,,,,128.6,150,,,,,,,,,,,,,,,,,,
2026-07-04T21:02:29.732227+00:00,2026-07-04T21:02:29.732124,2,2,128.4,0.4,128.2,100,128.1,103,,,,,,,,,,,,,,,,,128.6,150,128.7,100,,,,,,,,,,,,,,,,
2026-07-04T21:02:29.786360+00:00,2026-07-04T21:02:29.786323,2,2,128.4,0.4,128.2,100,128.1,103,,,,,,,,,,,,,,,,,128.6,103,128.7,100,,,,,,,,,,,,,,,,
2026-07-04T21:02:30.007632+00:00,2026-07-04T21:02:30.007495,2,2,128.4,0.4,128.2,50,128.1,103,,,,,,,,,,,,,,,,,128.6,103,128.7,100,,,,,,,,,,,,,,,,
2026-07-04T21:02:31.476175+00:00,2026-07-04T21:02:31.476073,2,2,128.4,0.4,128.2,5,128.1,103,,,,,,,,,,,,,,,,,128.6,103,128.7,100,,,,,,,,,,,,,,,,
2026-07-04T21:02:32.038589+00:00,2026-07-04T21:02:32.038465,1,1,128.45,0.5,128.2,5,,,,,,,,,,,,,,,,,,,128.7,100,,,,,,,,,,,,,,,,,,
2026-07-04T21:02:32.093339+00:00,2026-07-04T21:02:32.093252,2,1,128.45,0.5,128.2,5,128.1,150,,,,,,,,,,,,,,,,,128.7,100,,,,,,,,,,,,,,,,,,
2026-07-04T21:02:32.117408+00:00,2026-07-04T21:02:32.117255,1,1,128.4,0.6,128.1,105,,,,,,,,,,,,,,,,,,,128.7,100,,,,,,,,,,,,,,,,,,
2026-07-04T21:02:32.143539+00:00,2026-07-04T21:02:32.143479,1,2,128.35,0.5,128.1,105,,,,,,,,,,,,,,,,,,,128.6,150,128.7,100,,,,,,,,,,,,,,,,
2026-07-04T21:02:32.787272+00:00,2026-07-04T21:02:32.787182,1,1,128.35,0.5,128.1,105,,,,,,,,,,,,,,,,,,,128.6,150,,,,,,,,,,,,,,,,,,
2026-07-04T21:02:32.841077+00:00,2026-07-04T21:02:32.841030,2,1,128.35,0.5,128.1,105,127.9,100,,,,,,,,,,,,,,,,,128.6,150,,,,,,,,,,,,,,,,,,
2026-07-04T21:02:32.893272+00:00,2026-07-04T21:02:32.893349,2,2,128.25,0.3,128.1,105,127.9,100,,,,,,,,,,,,,,,,,128.4,100,128.6,150,,,,,,,,,,,,,,,,
2026-07-04T21:02:34.170585+00:00,2026-07-04T21:02:34.170709,2,2,128.25,0.3,128.1,105,127.9,100,,,,,,,,,,,,,,,,,128.4,50,128.6,150,,,,,,,,,,,,,,,,
2026-07-04T21:02:35.198763+00:00,2026-07-04T21:02:35.198684,1,1,128.15,0.5,127.9,100,,,,,,,,,,,,,,,,,,,128.4,50,,,,,,,,,,,,,,,,,,
2026-07-04T21:02:35.252380+00:00,2026-07-04T21:02:35.252526,1,1,128.15,0.5,127.9,250,,,,,,,,,,,,,,,,,,,128.4,50,,,,,,,,,,,,,,,,,,
2026-07-04T21:02:35.306446+00:00,2026-07-04T21:02:35.306371,1,1,128.15,0.5,127.9,250,,,,,,,,,,,,,,,,,,,128.4,200,,,,,,,,,,,,,,,,,,
2026-07-04T21:02:35.948390+00:00,2026-07-04T21:02:35.948288,1,1,128.15,0.5,127.9,150,,,,,,,,,,,,,,,,,,,128.4,150,,,,,,,,,,,,,,,,,,
2026-07-04T21:02:36.002362+00:00,2026-07-04T21:02:36.002328,2,1,128.2,0.4,128.0,100,127.9,150,,,,,,,,,,,,,,,,,128.4,150,,,,,,,,,,,,,,,,,,
2026-07-04T21:02:36.058629+00:00,2026-07-04T21:02:36.051506,2,2,128.2,0.4,128.0,100,127.9,150,,,,,,,,,,,,,,,,,128.4,150,128.5,100,,,,,,,,,,,,,,,,
2026-07-04T21:02:36.329443+00:00,2026-07-04T21:02:36.329335,2,2,128.2,0.4,128.0,50,127.9,150,,,,,,,,,,,,,,,,,128.4,150,128.5,100,,,,,,,,,,,,,,,,
2026-07-04T21:02:36.396317+00:00,2026-07-04T21:02:36.391767,2,2,128.2,0.4,128.0,50,127.9,150,,,,,,,,,,,,,,,,,128.4,139,128.5,100,,,,,,,,,,,,,,,,
2026-07-04T21:02:38.358566+00:00,2026-07-04T21:02:38.357215,1,1,128.25,0.5,128.0,50,,,,,,,,,,,,,,,,,,,128.5,100,,,,,,,,,,,,,,,,,,
2026-07-04T21:02:38.385465+00:00,2026-07-04T21:02:38.385344,1,1,128.25,0.5,128.0,50,,,,,,,,,,,,,,,,,,,128.5,50,,,,,,,,,,,,,,,,,,
2026-07-04T21:02:38.417096+00:00,2026-07-04T21:02:38.416913,2,1,128.3,0.4,128.1,150,128.0,50,,,,,,,,,,,,,,,,,128.5,50,,,,,,,,,,,,,,,,,,
2026-07-04T21:02:38.469979+00:00,2026-07-04T21:02:38.469896,2,2,128.3,0.4,128.1,150,128.0,50,,,,,,,,,,,,,,,,,128.5,50,128.6,150,,,,,,,,,,,,,,,,
2026-07-04T21:02:38.810645+00:00,2026-07-04T21:02:38.810514,2,2,128.3,0.4,128.1,150,128.0,50,,,,,,,,,,,,,,,,,128.5,7,128.6,150,,,,,,,,,,,,,,,,
2026-07-04T21:02:39.106132+00:00,2026-07-04T21:02:39.106262,2,1,128.35,0.5,128.1,150,128.0,50,,,,,,,,,,,,,,,,,128.6,150,,,,,,,,,,,,,,,,,,
2026-07-04T21:02:39.111531+00:00,2026-07-04T21:02:39.111418,1,1,128.35,0.5,128.1,150,,,,,,,,,,,,,,,,,,,128.6,150,,,,,,,,,,,,,,,,,,
2026-07-04T21:02:39.158554+00:00,2026-07-04T21:02:39.155444,2,1,128.4,0.4,128.2,100,128.1,150,,,,,,,,,,,,,,,,,128.6,150,,,,,,,,,,,,,,,,,,
2026-07-04T21:02:39.213723+00:00,2026-07-04T21:02:39.213616,2,2,128.4,0.4,128.2,100,128.1,150,,,,,,,,,,,,,,,,,128.6,150,128.7,100,,,,,,,,,,,,,,,,
2026-07-04T21:02:39.415346+00:00,2026-07-04T21:02:39.415263,2,2,128.4,0.4,128.2,100,128.1,150,,,,,,,,,,,,,,,,,128.6,109,128.7,100,,,,,,,,,,,,,,,,
2026-07-04T21:02:40.492419+00:00,2026-07-04T21:02:40.492312,2,2,128.4,0.4,128.2,100,128.1,150,,,,,,,,,,,,,,,,,128.6,59,128.7,100,,,,,,,,,,,,,,,,
2026-07-04T21:02:41.524522+00:00,2026-07-04T21:02:41.524411,1,1,128.45,0.5,128.2,100,,,,,,,,,,,,,,,,,,,128.7,100,,,,,,,,,,,,,,,,,,
2026-07-04T21:02:41.576696+00:00,2026-07-04T21:02:41.576779,2,1,128.6,0.2,128.5,150,128.2,100,,,,,,,,,,,,,,,,,128.7,100,,,,,,,,,,,,,,,,,,
2026-07-04T21:02:41.626959+00:00,2026-07-04T21:02:41.626823,2,2,128.6,0.2,128.5,150,128.2,100,,,,,,,,,,,,,,,,,128.7,100,128.9,150,,,,,,,,,,,,,,,,
2026-07-04T21:02:42.270349+00:00,2026-07-04T21:02:42.270279,1,1,128.7,0.4,128.5,150,,,,,,,,,,,,,,,,,,,128.9,150,,,,,,,,,,,,,,,,,,
2026-07-04T21:02:42.324395+00:00,2026-07-04T21:02:42.324243,2,1,128.7,0.4,128.5,150,128.3,100,,,,,,,,,,,,,,,,,128.9,150,,,,,,,,,,,,,,,,,,
2026-07-04T21:02:42.376844+00:00,2026-07-04T21:02:42.376751,2,2,128.65,0.3,128.5,150,128.3,100,,,,,,,,,,,,,,,,,128.8,100,128.9,150,,,,,,,,,,,,,,,,
2026-07-04T21:02:42.599176+00:00,2026-07-04T21:02:42.599064,2,2,128.65,0.3,128.5,150,128.3,100,,,,,,,,,,,,,,,,,128.8,50,128.9,150,,,,,,,,,,,,,,,,
2026-07-04T21:02:44.513775+00:00,2026-07-04T21:02:44.513706,2,2,128.65,0.3,128.5,104,128.3,100,,,,,,,,,,,,,,,,,128.8,50,128.9,150,,,,,,,,,,,,,,,,
2026-07-04T21:02:44.683425+00:00,2026-07-04T21:02:44.683556,1,1,128.55,0.5,128.3,100,,,,,,,,,,,,,,,,,,,128.8,50,,,,,,,,,,,,,,,,,,
2026-07-04T21:02:44.707421+00:00,2026-07-04T21:02:44.707360,1,0,,,128.3,100,,,,,,,,,,,,,,,,,,,,,,,,,,,,,,,,,,,,,,
2026-07-04T21:02:44.737357+00:00,2026-07-04T21:02:44.737285,2,0,,,128.4,150,128.3,100,,,,,,,,,,,,,,,,,,,,,,,,,,,,,,,,,,,,
2026-07-04T21:02:44.790447+00:00,2026-07-04T21:02:44.790371,2,1,128.65,0.5,128.4,150,128.3,100,,,,,,,,,,,,,,,,,128.9,150,,,,,,,,,,,,,,,,,,
2026-07-04T21:02:45.458805+00:00,2026-07-04T21:02:45.458708,1,1,128.65,0.5,128.4,150,,,,,,,,,,,,,,,,,,,128.9,150,,,,,,,,,,,,,,,,,,
2026-07-04T21:02:45.504006+00:00,2026-07-04T21:02:45.503911,2,1,128.8,0.2,128.7,100,128.4,150,,,,,,,,,,,,,,,,,128.9,150,,,,,,,,,,,,,,,,,,
2026-07-04T21:02:45.559198+00:00,2026-07-04T21:02:45.559094,2,2,128.8,0.2,128.7,100,128.4,150,,,,,,,,,,,,,,,,,128.9,150,129.2,100,,,,,,,,,,,,,,,,
2026-07-04T21:02:46.815264+00:00,2026-07-04T21:02:46.815194,2,2,128.8,0.2,128.7,100,128.4,150,,,,,,,,,,,,,,,,,128.9,100,129.2,100,,,,,,,,,,,,,,,,
2026-07-04T21:02:47.843350+00:00,2026-07-04T21:02:47.843524,1,1,128.95,0.5,128.7,100,,,,,,,,,,,,,,,,,,,129.2,100,,,,,,,,,,,,,,,,,,
2026-07-04T21:02:47.910475+00:00,2026-07-04T21:02:47.910367,2,1,128.95,0.5,128.7,100,128.6,150,,,,,,,,,,,,,,,,,129.2,100,,,,,,,,,,,,,,,,,,
2026-07-04T21:02:47.958614+00:00,2026-07-04T21:02:47.956741,2,2,128.9,0.4,128.7,100,128.6,150,,,,,,,,,,,,,,,,,129.1,150,129.2,100,,,,,,,,,,,,,,,,
2026-07-04T21:02:48.613834+00:00,2026-07-04T21:02:48.613965,1,1,128.85,0.5,128.6,150,,,,,,,,,,,,,,,,,,,129.1,150,,,,,,,,,,,,,,,,,,
2026-07-04T21:02:48.669084+00:00,2026-07-04T21:02:48.669018,2,1,128.95,0.3,128.8,100,128.6,150,,,,,,,,,,,,,,,,,129.1,150,,,,,,,,,,,,,,,,,,
2026-07-04T21:02:48.721627+00:00,2026-07-04T21:02:48.721517,2,2,128.95,0.3,128.8,100,128.6,150,,,,,,,,,,,,,,,,,129.1,150,129.3,100,,,,,,,,,,,,,,,,
2026-07-04T21:02:48.858674+00:00,2026-07-04T21:02:48.854752,2,2,128.95,0.3,128.8,58,128.6,150,,,,,,,,,,,,,,,,,129.1,150,129.3,100,,,,,,,,,,,,,,,,
2026-07-04T21:02:48.920029+00:00,2026-07-04T21:02:48.919967,2,2,128.95,0.3,128.8,58,128.6,150,,,,,,,,,,,,,,,,,129.1,100,129.3,100,,,,,,,,,,,,,,,,
2026-07-04T21:02:50.358670+00:00,2026-07-04T21:02:50.353695,2,2,128.95,0.3,128.8,58,128.6,150,,,,,,,,,,,,,,,,,129.1,57,129.3,100,,,,,,,,,,,,,,,,
2026-07-04T21:02:50.408640+00:00,2026-07-04T21:02:50.408554,2,2,128.95,0.3,128.8,9,128.6,150,,,,,,,,,,,,,,,,,129.1,57,129.3,100,,,,,,,,,,,,,,,,
2026-07-04T21:02:50.984749+00:00,2026-07-04T21:02:50.984669,1,2,128.85,0.5,128.6,150,,,,,,,,,,,,,,,,,,,129.1,57,129.3,100,,,,,,,,,,,,,,,,
2026-07-04T21:02:51.010170+00:00,2026-07-04T21:02:51.010052,1,1,128.95,0.7,128.6,150,,,,,,,,,,,,,,,,,,,129.3,100,,,,,,,,,,,,,,,,,,
2026-07-04T21:02:51.015328+00:00,2026-07-04T21:02:51.015206,0,1,,,,,,,,,,,,,,,,,,,,,,,129.3,100,,,,,,,,,,,,,,,,,,
2026-07-04T21:02:51.028801+00:00,2026-07-04T21:02:51.028694,0,1,,,,,,,,,,,,,,,,,,,,,,,129.3,50,,,,,,,,,,,,,,,,,,
2026-07-04T21:02:51.068254+00:00,2026-07-04T21:02:51.062884,1,1,129.15,0.3,129.0,128,,,,,,,,,,,,,,,,,,,129.3,50,,,,,,,,,,,,,,,,,,
2026-07-04T21:02:51.116526+00:00,2026-07-04T21:02:51.116370,1,2,129.15,0.3,129.0,128,,,,,,,,,,,,,,,,,,,129.3,50,129.5,150,,,,,,,,,,,,,,,,
2026-07-04T21:02:51.567976+00:00,2026-07-04T21:02:51.562983,1,2,129.15,0.3,129.0,116,,,,,,,,,,,,,,,,,,,129.3,50,129.5,150,,,,,,,,,,,,,,,,
2026-07-04T21:02:51.775187+00:00,2026-07-04T21:02:51.775078,1,1,129.25,0.5,129.0,116,,,,,,,,,,,,,,,,,,,129.5,150,,,,,,,,,,,,,,,,,,
2026-07-04T21:02:51.827688+00:00,2026-07-04T21:02:51.827765,2,1,129.25,0.5,129.0,116,128.6,100,,,,,,,,,,,,,,,,,129.5,150,,,,,,,,,,,,,,,,,,
2026-07-04T21:02:51.881213+00:00,2026-07-04T21:02:51.881117,2,2,129.05,0.1,129.0,116,128.6,100,,,,,,,,,,,,,,,,,129.1,100,129.5,150,,,,,,,,,,,,,,,,
2026-07-04T21:02:51.935346+00:00,2026-07-04T21:02:51.935209,2,2,129.05,0.1,129.0,116,128.6,100,,,,,,,,,,,,,,,,,129.1,54,129.5,150,,,,,,,,,,,,,,,,
2026-07-04T21:02:51.991555+00:00,2026-07-04T21:02:51.991454,2,2,129.05,0.1,129.0,68,128.6,100,,,,,,,,,,,,,,,,,129.1,54,129.5,150,,,,,,,,,,,,,,,,
2026-07-04T21:02:52.910008+00:00,2026-07-04T21:02:52.909865,2,2,129.05,0.1,129.0,28,128.6,100,,,,,,,,,,,,,,,,,129.1,54,129.5,150,,,,,,,,,,,,,,,,
2026-07-04T21:02:53.134508+00:00,2026-07-04T21:02:53.134407,2,2,129.05,0.1,129.0,28,128.6,100,,,,,,,,,,,,,,,,,129.1,4,129.5,150,,,,,,,,,,,,,,,,
2026-07-04T21:02:54.170139+00:00,2026-07-04T21:02:54.170074,2,1,129.05,0.1,129.0,28,128.6,100,,,,,,,,,,,,,,,,,129.1,4,,,,,,,,,,,,,,,,,,
2026-07-04T21:02:54.175289+00:00,2026-07-04T21:02:54.175229,1,1,128.85,0.5,128.6,100,,,,,,,,,,,,,,,,,,,129.1,4,,,,,,,,,,,,,,,,,,
2026-07-04T21:02:54.229118+00:00,2026-07-04T21:02:54.229007,2,1,128.85,0.5,128.6,100,128.5,150,,,,,,,,,,,,,,,,,129.1,4,,,,,,,,,,,,,,,,,,
2026-07-04T21:02:54.277444+00:00,2026-07-04T21:02:54.277382,2,2,128.8,0.4,128.6,100,128.5,150,,,,,,,,,,,,,,,,,129.0,150,129.1,4,,,,,,,,,,,,,,,,
2026-07-04T21:02:54.934930+00:00,2026-07-04T21:02:54.935055,1,1,128.75,0.5,128.5,150,,,,,,,,,,,,,,,,,,,129.0,150,,,,,,,,,,,,,,,,,,
2026-07-04T21:02:54.988965+00:00,2026-07-04T21:02:54.988828,1,1,128.75,0.5,128.5,150,,,,,,,,,,,,,,,,,,,129.0,50,,,,,,,,,,,,,,,,,,
2026-07-04T21:02:55.043746+00:00,2026-07-04T21:02:55.043607,1,2,128.75,0.5,128.5,150,,,,,,,,,,,,,,,,,,,129.0,50,129.5,100,,,,,,,,,,,,,,,,
2026-07-04T21:02:55.240226+00:00,2026-07-04T21:02:55.240148,1,1,129.0,1.0,128.5,150,,,,,,,,,,,,,,,,,,,129.5,100,,,,,,,,,,,,,,,,,,
2026-07-04T21:02:57.336847+00:00,2026-07-04T21:02:57.336772,0,1,,,,,,,,,,,,,,,,,,,,,,,129.5,100,,,,,,,,,,,,,,,,,,
2026-07-04T21:02:57.401049+00:00,2026-07-04T21:02:57.395548,1,1,129.3,0.4,129.1,139,,,,,,,,,,,,,,,,,,,129.5,100,,,,,,,,,,,,,,,,,,
2026-07-04T21:02:57.441667+00:00,2026-07-04T21:02:57.441598,1,2,129.3,0.4,129.1,139,,,,,,,,,,,,,,,,,,,129.5,100,129.6,150,,,,,,,,,,,,,,,,
2026-07-04T21:02:58.097631+00:00,2026-07-04T21:02:58.097537,1,1,129.35,0.5,129.1,139,,,,,,,,,,,,,,,,,,,129.6,150,,,,,,,,,,,,,,,,,,
2026-07-04T21:02:58.169176+00:00,2026-07-04T21:02:58.169069,2,1,129.35,0.5,129.1,139,128.6,100,,,,,,,,,,,,,,,,,129.6,150,,,,,,,,,,,,,,,,,,
2026-07-04T21:02:58.224334+00:00,2026-07-04T21:02:58.224218,2,1,129.35,0.5,129.1,39,128.6,100,,,,,,,,,,,,,,,,,129.6,150,,,,,,,,,,,,,,,,,,
2026-07-04T21:02:58.588869+00:00,2026-07-04T21:02:58.588835,2,1,129.35,0.5,129.1,39,128.6,100,,,,,,,,,,,,,,,,,129.6,102,,,,,,,,,,,,,,,,,,
2026-07-04T21:02:59.504414+00:00,2026-07-04T21:02:59.504650,1,1,129.1,1.0,128.6,89,,,,,,,,,,,,,,,,,,,129.6,102,,,,,,,,,,,,,,,,,,
2026-07-04T21:03:00.491012+00:00,2026-07-04T21:03:00.490899,1,0,,,128.6,89,,,,,,,,,,,,,,,,,,,,,,,,,,,,,,,,,,,,,,
2026-07-04T21:03:00.544334+00:00,2026-07-04T21:03:00.544278,2,0,,,128.7,150,128.6,89,,,,,,,,,,,,,,,,,,,,,,,,,,,,,,,,,,,,
2026-07-04T21:03:00.611595+00:00,2026-07-04T21:03:00.611469,2,1,128.95,0.5,128.7,150,128.6,89,,,,,,,,,,,,,,,,,129.2,150,,,,,,,,,,,,,,,,,,
2026-07-04T21:03:01.105376+00:00,2026-07-04T21:03:01.105450,2,1,128.95,0.5,128.7,150,128.6,89,,,,,,,,,,,,,,,,,129.2,101,,,,,,,,,,,,,,,,,,
2026-07-04T21:03:01.279082+00:00,2026-07-04T21:03:01.279054,1,1,128.95,0.5,128.7,150,,,,,,,,,,,,,,,,,,,129.2,101,,,,,,,,,,,,,,,,,,
2026-07-04T21:03:01.332657+00:00,2026-07-04T21:03:01.332557,2,1,129.05,0.3,128.9,100,128.7,150,,,,,,,,,,,,,,,,,129.2,101,,,,,,,,,,,,,,,,,,
2026-07-04T21:03:01.386215+00:00,2026-07-04T21:03:01.386143,2,2,129.05,0.3,128.9,100,128.7,150,,,,,,,,,,,,,,,,,129.2,101,129.4,100,,,,,,,,,,,,,,,,
2026-07-04T21:03:01.614190+00:00,2026-07-04T21:03:01.614119,2,2,129.05,0.3,128.9,50,128.7,150,,,,,,,,,,,,,,,,,129.2,101,129.4,100,,,,,,,,,,,,,,,,
2026-07-04T21:03:03.658552+00:00,2026-07-04T21:03:03.655042,1,1,129.15,0.5,128.9,50,,,,,,,,,,,,,,,,,,,129.4,100,,,,,,,,,,,,,,,,,,
2026-07-04T21:03:03.717566+00:00,2026-07-04T21:03:03.717399,2,1,129.25,0.3,129.1,150,128.9,50,,,,,,,,,,,,,,,,,129.4,100,,,,,,,,,,,,,,,,,,
2026-07-04T21:03:03.722825+00:00,2026-07-04T21:03:03.722754,2,1,129.25,0.3,129.1,100,128.9,50,,,,,,,,,,,,,,,,,129.4,100,,,,,,,,,,,,,,,,,,
2026-07-04T21:03:03.769898+00:00,2026-07-04T21:03:03.769743,2,2,129.25,0.3,129.1,100,128.9,50,,,,,,,,,,,,,,,,,129.4,100,129.6,150,,,,,,,,,,,,,,,,
2026-07-04T21:03:04.440916+00:00,2026-07-04T21:03:04.440854,1,1,129.35,0.5,129.1,100,,,,,,,,,,,,,,,,,,,129.6,150,,,,,,,,,,,,,,,,,,
2026-07-04T21:03:04.494252+00:00,2026-07-04T21:03:04.494144,2,1,129.35,0.5,129.1,100,128.9,100,,,,,,,,,,,,,,,,,129.6,150,,,,,,,,,,,,,,,,,,
2026-07-04T21:03:04.545430+00:00,2026-07-04T21:03:04.545517,2,2,129.25,0.3,129.1,100,128.9,100,,,,,,,,,,,,,,,,,129.4,100,129.6,150,,,,,,,,,,,,,,,,
2026-07-04T21:03:04.610646+00:00,2026-07-04T21:03:04.610606,2,2,129.25,0.3,129.1,52,128.9,100,,,,,,,,,,,,,,,,,129.4,100,129.6,150,,,,,,,,,,,,,,,,
2026-07-04T21:03:05.825827+00:00,2026-07-04T21:03:05.825792,2,2,129.25,0.3,129.1,2,128.9,100,,,,,,,,,,,,,,,,,129.4,100,129.6,150,,,,,,,,,,,,,,,,
2026-07-04T21:03:06.822632+00:00,2026-07-04T21:03:06.822533,1,1,129.15,0.5,128.9,100,,,,,,,,,,,,,,,,,,,129.4,100,,,,,,,,,,,,,,,,,,
2026-07-04T21:03:06.877284+00:00,2026-07-04T21:03:06.877097,2,1,129.15,0.5,128.9,100,128.5,150,,,,,,,,,,,,,,,,,129.4,100,,,,,,,,,,,,,,,,,,
2026-07-04T21:03:06.930198+00:00,2026-07-04T21:03:06.930108,2,2,128.95,0.1,128.9,100,128.5,150,,,,,,,,,,,,,,,,,129.0,150,129.4,100,,,,,,,,,,,,,,,,
2026-07-04T21:03:06.939746+00:00,2026-07-04T21:03:06.933900,2,2,128.95,0.1,128.9,100,128.5,150,,,,,,,,,,,,,,,,,129.0,139,129.4,100,,,,,,,,,,,,,,,,
2026-07-04T21:03:07.513926+00:00,2026-07-04T21:03:07.513849,2,2,128.95,0.1,128.9,100,128.5,150,,,,,,,,,,,,,,,,,129.0,90,129.4,100,,,,,,,,,,,,,,,,
2026-07-04T21:03:07.598717+00:00,2026-07-04T21:03:07.598649,1,1,128.75,0.5,128.5,150,,,,,,,,,,,,,,,,,,,129.0,90,,,,,,,,,,,,,,,,,,
2026-07-04T21:03:07.653263+00:00,2026-07-04T21:03:07.653461,2,1,128.9,0.2,128.8,100,128.5,150,,,,,,,,,,,,,,,,,129.0,90,,,,,,,,,,,,,,,,,,
2026-07-04T21:03:07.703915+00:00,2026-07-04T21:03:07.703861,2,2,128.9,0.2,128.8,100,128.5,150,,,,,,,,,,,,,,,,,129.0,90,129.3,100,,,,,,,,,,,,,,,,
2026-07-04T21:03:07.935639+00:00,2026-07-04T21:03:07.935777,2,2,128.9,0.2,128.8,50,128.5,150,,,,,,,,,,,,,,,,,129.0,90,129.3,100,,,,,,,,,,,,,,,,
2026-07-04T21:03:08.501223+00:00,2026-07-04T21:03:08.501111,2,2,128.9,0.2,128.8,5,128.5,150,,,,,,,,,,,,,,,,,129.0,90,129.3,100,,,,,,,,,,,,,,,,
2026-07-04T21:03:08.880799+00:00,2026-07-04T21:03:08.875759,2,2,128.9,0.2,128.8,5,128.5,150,,,,,,,,,,,,,,,,,129.0,67,129.3,100,,,,,,,,,,,,,,,,
2026-07-04T21:03:09.985511+00:00,2026-07-04T21:03:09.985405,1,1,129.05,0.5,128.8,5,,,,,,,,,,,,,,,,,,,129.3,100,,,,,,,,,,,,,,,,,,
2026-07-04T21:03:09.990763+00:00,2026-07-04T21:03:09.990627,1,1,129.05,0.5,128.8,5,,,,,,,,,,,,,,,,,,,129.3,50,,,,,,,,,,,,,,,,,,
2026-07-04T21:03:10.041585+00:00,2026-07-04T21:03:10.041472,2,1,129.1,0.4,128.9,150,128.8,5,,,,,,,,,,,,,,,,,129.3,50,,,,,,,,,,,,,,,,,,
2026-07-04T21:03:10.096513+00:00,2026-07-04T21:03:10.096434,2,2,129.1,0.4,128.9,150,128.8,5,,,,,,,,,,,,,,,,,129.3,50,129.4,150,,,,,,,,,,,,,,,,
2026-07-04T21:03:10.758545+00:00,2026-07-04T21:03:10.756514,1,1,129.15,0.5,128.9,150,,,,,,,,,,,,,,,,,,,129.4,150,,,,,,,,,,,,,,,,,,
2026-07-04T21:03:10.816876+00:00,2026-07-04T21:03:10.816833,2,1,129.15,0.5,128.9,150,128.8,100,,,,,,,,,,,,,,,,,129.4,150,,,,,,,,,,,,,,,,,,
2026-07-04T21:03:10.869923+00:00,2026-07-04T21:03:10.869862,2,2,129.1,0.4,128.9,150,128.8,100,,,,,,,,,,,,,,,,,129.3,100,129.4,150,,,,,,,,,,,,,,,,
2026-07-04T21:03:12.117218+00:00,2026-07-04T21:03:12.117023,2,2,129.1,0.4,128.9,150,128.8,100,,,,,,,,,,,,,,,,,129.3,50,129.4,150,,,,,,,,,,,,,,,,
2026-07-04T21:03:13.158571+00:00,2026-07-04T21:03:13.152157,1,1,129.05,0.5,128.8,100,,,,,,,,,,,,,,,,,,,129.3,50,,,,,,,,,,,,,,,,,,
2026-07-04T21:03:13.207734+00:00,2026-07-04T21:03:13.207626,2,1,129.2,0.2,129.1,150,128.8,100,,,,,,,,,,,,,,,,,129.3,50,,,,,,,,,,,,,,,,,,
2026-07-04T21:03:13.258590+00:00,2026-07-04T21:03:13.256240,2,2,129.2,0.2,129.1,150,128.8,100,,,,,,,,,,,,,,,,,129.3,50,129.6,150,,,,,,,,,,,,,,,,
2026-07-04T21:03:13.559317+00:00,2026-07-04T21:03:13.559487,2,2,129.2,0.2,129.1,150,128.8,100,,,,,,,,,,,,,,,,,129.3,7,129.6,150,,,,,,,,,,,,,,,,
2026-07-04T21:03:13.929089+00:00,2026-07-04T21:03:13.929273,2,1,129.35,0.5,129.1,150,128.8,100,,,,,,,,,,,,,,,,,129.6,150,,,,,,,,,,,,,,,,,,
2026-07-04T21:03:13.934549+00:00,2026-07-04T21:03:13.934448,1,1,129.35,0.5,129.1,150,,,,,,,,,,,,,,,,,,,129.6,150,,,,,,,,,,,,,,,,,,
2026-07-04T21:03:13.987556+00:00,2026-07-04T21:03:13.987512,2,1,129.45,0.3,129.3,100,129.1,150,,,,,,,,,,,,,,,,,129.6,150,,,,,,,,,,,,,,,,,,
2026-07-04T21:03:14.042231+00:00,2026-07-04T21:03:14.042188,2,2,129.45,0.3,129.3,100,129.1,150,,,,,,,,,,,,,,,,,129.6,150,129.8,100,,,,,,,,,,,,,,,,
2026-07-04T21:03:14.219217+00:00,2026-07-04T21:03:14.219141,2,2,129.45,0.3,129.3,100,129.1,150,,,,,,,,,,,,,,,,,129.6,100,129.8,100,,,,,,,,,,,,,,,,
2026-07-04T21:03:15.541435+00:00,2026-07-04T21:03:15.541325,2,2,129.45,0.3,129.3,57,129.1,150,,,,,,,,,,,,,,,,,129.6,100,129.8,100,,,,,,,,,,,,,,,,
2026-07-04T21:03:16.358547+00:00,2026-07-04T21:03:16.354624,1,1,129.55,0.5,129.3,57,,,,,,,,,,,,,,,,,,,129.8,100,,,,,,,,,,,,,,,,,,
2026-07-04T21:03:16.411401+00:00,2026-07-04T21:03:16.411357,1,1,129.55,0.5,129.3,157,,,,,,,,,,,,,,,,,,,129.8,100,,,,,,,,,,,,,,,,,,
2026-07-04T21:03:16.467112+00:00,2026-07-04T21:03:16.467061,1,1,129.55,0.5,129.3,157,,,,,,,,,,,,,,,,,,,129.8,250,,,,,,,,,,,,,,,,,,
2026-07-04T21:03:17.096913+00:00,2026-07-04T21:03:17.097093,1,1,129.55,0.5,129.3,150,,,,,,,,,,,,,,,,,,,129.8,150,,,,,,,,,,,,,,,,,,
2026-07-04T21:03:17.149794+00:00,2026-07-04T21:03:17.149712,2,1,129.55,0.5,129.3,150,129.2,100,,,,,,,,,,,,,,,,,129.8,150,,,,,,,,,,,,,,,,,,
2026-07-04T21:03:17.204640+00:00,2026-07-04T21:03:17.204481,2,2,129.5,0.4,129.3,150,129.2,100,,,,,,,,,,,,,,,,,129.7,100,129.8,150,,,,,,,,,,,,,,,,
2026-07-04T21:03:18.466479+00:00,2026-07-04T21:03:18.466625,2,2,129.5,0.4,129.3,150,129.2,100,,,,,,,,,,,,,,,,,129.7,50,129.8,150,,,,,,,,,,,,,,,,
2026-07-04T21:03:19.034039+00:00,2026-07-04T21:03:19.033915,2,2,129.5,0.4,129.3,105,129.2,100,,,,,,,,,,,,,,,,,129.7,50,129.8,150,,,,,,,,,,,,,,,,
2026-07-04T21:03:19.518757+00:00,2026-07-04T21:03:19.518648,1,1,129.45,0.5,129.2,100,,,,,,,,,,,,,,,,,,,129.7,50,,,,,,,,,,,,,,,,,,
2026-07-04T21:03:19.572127+00:00,2026-07-04T21:03:19.572055,1,1,129.45,0.5,129.2,250,,,,,,,,,,,,,,,,,,,129.7,50,,,,,,,,,,,,,,,,,,
2026-07-04T21:03:19.624666+00:00,2026-07-04T21:03:19.624603,1,1,129.45,0.5,129.2,250,,,,,,,,,,,,,,,,,,,129.7,200,,,,,,,,,,,,,,,,,,
2026-07-04T21:03:20.253345+00:00,2026-07-04T21:03:20.253581,1,1,129.45,0.5,129.2,150,,,,,,,,,,,,,,,,,,,129.7,150,,,,,,,,,,,,,,,,,,
2026-07-04T21:03:20.311565+00:00,2026-07-04T21:03:20.311504,1,1,129.45,0.5,129.2,250,,,,,,,,,,,,,,,,,,,129.7,150,,,,,,,,,,,,,,,,,,
2026-07-04T21:03:20.368673+00:00,2026-07-04T21:03:20.368763,1,1,129.45,0.5,129.2,250,,,,,,,,,,,,,,,,,,,129.7,250,,,,,,,,,,,,,,,,,,
2026-07-04T21:03:20.648464+00:00,2026-07-04T21:03:20.648607,1,1,129.45,0.5,129.2,200,,,,,,,,,,,,,,,,,,,129.7,250,,,,,,,,,,,,,,,,,,
2026-07-04T21:03:22.096968+00:00,2026-07-04T21:03:22.096935,1,1,129.45,0.5,129.2,200,,,,,,,,,,,,,,,,,,,129.7,207,,,,,,,,,,,,,,,,,,
2026-07-04T21:03:22.677134+00:00,2026-07-04T21:03:22.677099,1,1,129.45,0.5,129.2,200,,,,,,,,,,,,,,,,,,,129.7,100,,,,,,,,,,,,,,,,,,
2026-07-04T21:03:22.682338+00:00,2026-07-04T21:03:22.682250,1,1,129.45,0.5,129.2,100,,,,,,,,,,,,,,,,,,,129.7,100,,,,,,,,,,,,,,,,,,
2026-07-04T21:03:22.734678+00:00,2026-07-04T21:03:22.734750,2,1,129.5,0.4,129.3,150,129.2,100,,,,,,,,,,,,,,,,,129.7,100,,,,,,,,,,,,,,,,,,
2026-07-04T21:03:22.755557+00:00,2026-07-04T21:03:22.755484,2,1,129.5,0.4,129.3,100,129.2,100,,,,,,,,,,,,,,,,,129.7,100,,,,,,,,,,,,,,,,,,
2026-07-04T21:03:22.788304+00:00,2026-07-04T21:03:22.788226,2,2,129.5,0.4,129.3,100,129.2,100,,,,,,,,,,,,,,,,,129.7,100,129.8,150,,,,,,,,,,,,,,,,
2026-07-04T21:03:23.013012+00:00,2026-07-04T21:03:23.012904,2,2,129.5,0.4,129.3,100,129.2,100,,,,,,,,,,,,,,,,,129.7,59,129.8,150,,,,,,,,,,,,,,,,
2026-07-04T21:03:23.417422+00:00,2026-07-04T21:03:23.417303,2,1,129.55,0.5,129.3,100,129.2,100,,,,,,,,,,,,,,,,,129.8,150,,,,,,,,,,,,,,,,,,
2026-07-04T21:03:23.422490+00:00,2026-07-04T21:03:23.422438,1,1,129.55,0.5,129.3,100,,,,,,,,,,,,,,,,,,,129.8,150,,,,,,,,,,,,,,,,,,
2026-07-04T21:03:23.476885+00:00,2026-07-04T21:03:23.476764,2,1,129.6,0.4,129.4,100,129.3,100,,,,,,,,,,,,,,,,,129.8,150,,,,,,,,,,,,,,,,,,
2026-07-04T21:03:23.534191+00:00,2026-07-04T21:03:23.534111,2,2,129.6,0.4,129.4,100,129.3,100,,,,,,,,,,,,,,,,,129.8,150,129.9,100,,,,,,,,,,,,,,,,
2026-07-04T21:03:24.870566+00:00,2026-07-04T21:03:24.870477,2,2,129.6,0.4,129.4,50,129.3,100,,,,,,,,,,,,,,,,,129.8,150,129.9,100,,,,,,,,,,,,,,,,
2026-07-04T21:03:25.070252+00:00,2026-07-04T21:03:25.070151,2,2,129.6,0.4,129.4,10,129.3,100,,,,,,,,,,,,,,,,,129.8,150,129.9,100,,,,,,,,,,,,,,,,
2026-07-04T21:03:25.467634+00:00,2026-07-04T21:03:25.462296,1,2,129.55,0.5,129.3,100,,,,,,,,,,,,,,,,,,,129.8,150,129.9,100,,,,,,,,,,,,,,,,
2026-07-04T21:03:25.842952+00:00,2026-07-04T21:03:25.842825,0,1,,,,,,,,,,,,,,,,,,,,,,,129.9,100,,,,,,,,,,,,,,,,,,
2026-07-04T21:03:25.897452+00:00,2026-07-04T21:03:25.897332,1,1,129.4,1.0,128.9,150,,,,,,,,,,,,,,,,,,,129.9,100,,,,,,,,,,,,,,,,,,
2026-07-04T21:03:25.950326+00:00,2026-07-04T21:03:25.950272,1,2,129.15,0.5,128.9,150,,,,,,,,,,,,,,,,,,,129.4,150,129.9,100,,,,,,,,,,,,,,,,
2026-07-04T21:03:26.589288+00:00,2026-07-04T21:03:26.589244,1,1,129.15,0.5,128.9,150,,,,,,,,,,,,,,,,,,,129.4,150,,,,,,,,,,,,,,,,,,
2026-07-04T21:03:26.638712+00:00,2026-07-04T21:03:26.638630,2,1,129.3,0.2,129.2,100,128.9,150,,,,,,,,,,,,,,,,,129.4,150,,,,,,,,,,,,,,,,,,
2026-07-04T21:03:26.695376+00:00,2026-07-04T21:03:26.695339,2,2,129.3,0.2,129.2,100,128.9,150,,,,,,,,,,,,,,,,,129.4,150,129.7,100,,,,,,,,,,,,,,,,
2026-07-04T21:03:27.240577+00:00,2026-07-04T21:03:27.235871,2,2,129.3,0.2,129.2,100,128.9,150,,,,,,,,,,,,,,,,,129.4,129,129.7,100,,,,,,,,,,,,,,,,
2026-07-04T21:03:28.602981+00:00,2026-07-04T21:03:28.602914,2,2,129.3,0.2,129.2,100,128.9,150,,,,,,,,,,,,,,,,,129.4,81,129.7,100,,,,,,,,,,,,,,,,
2026-07-04T21:03:29.004223+00:00,2026-07-04T21:03:29.004146,1,1,129.45,0.5,129.2,100,,,,,,,,,,,,,,,,,,,129.7,100,,,,,,,,,,,,,,,,,,
2026-07-04T21:03:29.069031+00:00,2026-07-04T21:03:29.068937,2,1,129.55,0.3,129.4,150,129.2,100,,,,,,,,,,,,,,,,,129.7,100,,,,,,,,,,,,,,,,,,
2026-07-04T21:03:29.124886+00:00,2026-07-04T21:03:29.124805,2,2,129.55,0.3,129.4,150,129.2,100,,,,,,,,,,,,,,,,,129.7,100,129.9,150,,,,,,,,,,,,,,,,
2026-07-04T21:03:29.748967+00:00,2026-07-04T21:03:29.748942,1,1,129.65,0.5,129.4,150,,,,,,,,,,,,,,,,,,,129.9,150,,,,,,,,,,,,,,,,,,
2026-07-04T21:03:29.806175+00:00,2026-07-04T21:03:29.806095,2,1,129.65,0.5,129.4,150,129.3,100,,,,,,,,,,,,,,,,,129.9,150,,,,,,,,,,,,,,,,,,
2026-07-04T21:03:29.856616+00:00,2026-07-04T21:03:29.856698,2,2,129.6,0.4,129.4,150,129.3,100,,,,,,,,,,,,,,,,,129.8,100,129.9,150,,,,,,,,,,,,,,,,
2026-07-04T21:03:31.137700+00:00,2026-07-04T21:03:31.137667,2,2,129.6,0.4,129.4,150,129.3,100,,,,,,,,,,,,,,,,,129.8,50,129.9,150,,,,,,,,,,,,,,,,
2026-07-04T21:03:31.172737+00:00,2026-07-04T21:03:31.167666,2,2,129.6,0.4,129.4,139,129.3,100,,,,,,,,,,,,,,,,,129.8,50,129.9,150,,,,,,,,,,,,,,,,
2026-07-04T21:03:31.490147+00:00,2026-07-04T21:03:31.490051,2,2,129.6,0.4,129.4,94,129.3,100,,,,,,,,,,,,,,,,,129.8,50,129.9,150,,,,,,,,,,,,,,,,
2026-07-04T21:03:32.177425+00:00,2026-07-04T21:03:32.177311,1,1,129.55,0.5,129.3,100,,,,,,,,,,,,,,,,,,,129.8,50,,,,,,,,,,,,,,,,,,
2026-07-04T21:03:32.229637+00:00,2026-07-04T21:03:32.229543,2,1,129.55,0.5,129.3,100,129.0,150,,,,,,,,,,,,,,,,,129.8,50,,,,,,,,,,,,,,,,,,
2026-07-04T21:03:32.281927+00:00,2026-07-04T21:03:32.281858,2,2,129.4,0.2,129.3,100,129.0,150,,,,,,,,,,,,,,,,,129.5,150,129.8,50,,,,,,,,,,,,,,,,
2026-07-04T21:03:32.908021+00:00,2026-07-04T21:03:32.907962,2,1,129.4,0.2,129.3,100,129.0,150,,,,,,,,,,,,,,,,,129.5,150,,,,,,,,,,,,,,,,,,
2026-07-04T21:03:32.913216+00:00,2026-07-04T21:03:32.913111,1,1,129.25,0.5,129.0,150,,,,,,,,,,,,,,,,,,,129.5,150,,,,,,,,,,,,,,,,,,
2026-07-04T21:03:32.966199+00:00,2026-07-04T21:03:32.966140,2,1,129.4,0.2,129.3,100,129.0,150,,,,,,,,,,,,,,,,,129.5,150,,,,,,,,,,,,,,,,,,
2026-07-04T21:03:33.018697+00:00,2026-07-04T21:03:33.018562,2,2,129.4,0.2,129.3,100,129.0,150,,,,,,,,,,,,,,,,,129.5,150,129.8,100,,,,,,,,,,,,,,,,
2026-07-04T21:03:33.246393+00:00,2026-07-04T21:03:33.246522,2,2,129.4,0.2,129.3,100,129.0,150,,,,,,,,,,,,,,,,,129.5,100,129.8,100,,,,,,,,,,,,,,,,
2026-07-04T21:03:33.955393+00:00,2026-07-04T21:03:33.955342,2,2,129.4,0.2,129.3,60,129.0,150,,,,,,,,,,,,,,,,,129.5,100,129.8,100,,,,,,,,,,,,,,,,
2026-07-04T21:03:35.337325+00:00,2026-07-04T21:03:35.337221,1,1,129.55,0.5,129.3,60,,,,,,,,,,,,,,,,,,,129.8,100,,,,,,,,,,,,,,,,,,
2026-07-04T21:03:35.358658+00:00,2026-07-04T21:03:35.349795,1,1,129.55,0.5,129.3,60,,,,,,,,,,,,,,,,,,,129.8,50,,,,,,,,,,,,,,,,,,
2026-07-04T21:03:35.389997+00:00,2026-07-04T21:03:35.389847,2,1,129.55,0.5,129.3,60,129.2,150,,,,,,,,,,,,,,,,,129.8,50,,,,,,,,,,,,,,,,,,
2026-07-04T21:03:35.445288+00:00,2026-07-04T21:03:35.445153,2,2,129.5,0.4,129.3,60,129.2,150,,,,,,,,,,,,,,,,,129.7,150,129.8,50,,,,,,,,,,,,,,,,
2026-07-04T21:03:36.027469+00:00,2026-07-04T21:03:36.027421,2,2,129.5,0.4,129.3,60,129.2,150,,,,,,,,,,,,,,,,,129.7,106,129.8,50,,,,,,,,,,,,,,,,
2026-07-04T21:03:36.072897+00:00,2026-07-04T21:03:36.072820,1,1,129.45,0.5,129.2,150,,,,,,,,,,,,,,,,,,,129.7,106,,,,,,,,,,,,,,,,,,
2026-07-04T21:03:36.126665+00:00,2026-07-04T21:03:36.126529,1,1,129.45,0.5,129.2,250,,,,,,,,,,,,,,,,,,,129.7,106,,,,,,,,,,,,,,,,,,
2026-07-04T21:03:36.179191+00:00,2026-07-04T21:03:36.179151,1,1,129.45,0.5,129.2,250,,,,,,,,,,,,,,,,,,,129.7,206,,,,,,,,,,,,,,,,,,
2026-07-04T21:03:37.463646+00:00,2026-07-04T21:03:37.463774,1,1,129.45,0.5,129.2,250,,,,,,,,,,,,,,,,,,,129.7,156,,,,,,,,,,,,,,,,,,
2026-07-04T21:03:38.508201+00:00,2026-07-04T21:03:38.508148,1,1,129.45,0.5,129.2,100,,,,,,,,,,,,,,,,,,,129.7,100,,,,,,,,,,,,,,,,,,
2026-07-04T21:03:38.556468+00:00,2026-07-04T21:03:38.556623,2,0,,,129.8,50,129.2,100,,,,,,,,,,,,,,,,,,,,,,,,,,,,,,,,,,,,
2026-07-04T21:03:38.611471+00:00,2026-07-04T21:03:38.611570,2,1,130.05,0.5,129.8,50,129.2,100,,,,,,,,,,,,,,,,,130.3,150,,,,,,,,,,,,,,,,,,
2026-07-04T21:03:38.620782+00:00,2026-07-04T21:03:38.615324,2,1,130.05,0.5,129.8,39,129.2,100,,,,,,,,,,,,,,,,,130.3,150,,,,,,,,,,,,,,,,,,
2026-07-04T21:03:38.789557+00:00,2026-07-04T21:03:38.783940,2,1,130.05,0.5,129.8,27,129.2,100,,,,,,,,,,,,,,,,,130.3,150,,,,,,,,,,,,,,,,,,
2026-07-04T21:03:39.233655+00:00,2026-07-04T21:03:39.233816,1,1,130.05,0.5,129.8,27,,,,,,,,,,,,,,,,,,,130.3,150,,,,,,,,,,,,,,,,,,
2026-07-04T21:03:39.286702+00:00,2026-07-04T21:03:39.286820,2,1,130.05,0.5,129.8,27,129.7,100,,,,,,,,,,,,,,,,,130.3,150,,,,,,,,,,,,,,,,,,
2026-07-04T21:03:39.346262+00:00,2026-07-04T21:03:39.346121,2,2,130.0,0.4,129.8,27,129.7,100,,,,,,,,,,,,,,,,,130.2,100,130.3,150,,,,,,,,,,,,,,,,
2026-07-04T21:03:39.581716+00:00,2026-07-04T21:03:39.581821,2,2,130.0,0.4,129.8,27,129.7,100,,,,,,,,,,,,,,,,,130.2,50,130.3,150,,,,,,,,,,,,,,,,
2026-07-04T21:03:40.002752+00:00,2026-07-04T21:03:39.996473,2,2,130.0,0.4,129.8,16,129.7,100,,,,,,,,,,,,,,,,,130.2,50,130.3,150,,,,,,,,,,,,,,,,
2026-07-04T21:03:40.345052+00:00,2026-07-04T21:03:40.338650,2,2,130.0,0.4,129.8,4,129.7,100,,,,,,,,,,,,,,,,,130.2,50,130.3,150,,,,,,,,,,,,,,,,
2026-07-04T21:03:41.667043+00:00,2026-07-04T21:03:41.666967,1,1,129.95,0.5,129.7,100,,,,,,,,,,,,,,,,,,,130.2,50,,,,,,,,,,,,,,,,,,
2026-07-04T21:03:41.694409+00:00,2026-07-04T21:03:41.694288,1,0,,,129.7,100,,,,,,,,,,,,,,,,,,,,,,,,,,,,,,,,,,,,,,
2026-07-04T21:03:41.722444+00:00,2026-07-04T21:03:41.722389,2,0,,,129.7,100,129.0,150,,,,,,,,,,,,,,,,,,,,,,,,,,,,,,,,,,,,
2026-07-04T21:03:41.797102+00:00,2026-07-04T21:03:41.787116,1,1,129.25,0.5,129.0,150,,,,,,,,,,,,,,,,,,,129.5,38,,,,,,,,,,,,,,,,,,
2026-07-04T21:03:42.418672+00:00,2026-07-04T21:03:42.413980,1,1,129.25,0.5,129.0,150,,,,,,,,,,,,,,,,,,,129.5,27,,,,,,,,,,,,,,,,,,
2026-07-04T21:03:42.453189+00:00,2026-07-04T21:03:42.453080,2,0,,,129.5,73,129.0,150,,,,,,,,,,,,,,,,,,,,,,,,,,,,,,,,,,,,
2026-07-04T21:03:42.507705+00:00,2026-07-04T21:03:42.507644,2,1,129.75,0.5,129.5,73,129.0,150,,,,,,,,,,,,,,,,,130.0,100,,,,,,,,,,,,,,,,,,
2026-07-04T21:03:43.825456+00:00,2026-07-04T21:03:43.825569,2,1,129.75,0.5,129.5,73,129.0,150,,,,,,,,,,,,,,,,,130.0,50,,,,,,,,,,,,,,,,,,
2026-07-04T21:03:44.058608+00:00,2026-07-04T21:03:44.051703,2,1,129.75,0.5,129.5,30,129.0,150,,,,,,,,,,,,,,,,,130.0,50,,,,,,,,,,,,,,,,,,
2026-07-04T21:03:44.833642+00:00,2026-07-04T21:03:44.833463,1,1,129.75,0.5,129.5,30,,,,,,,,,,,,,,,,,,,130.0,50,,,,,,,,,,,,,,,,,,
2026-07-04T21:03:44.885611+00:00,2026-07-04T21:03:44.885503,2,1,129.8,0.4,129.6,150,129.5,30,,,,,,,,,,,,,,,,,130.0,50,,,,,,,,,,,,,,,,,,
2026-07-04T21:03:44.939054+00:00,2026-07-04T21:03:44.938991,2,2,129.8,0.4,129.6,150,129.5,30,,,,,,,,,,,,,,,,,130.0,50,130.1,150,,,,,,,,,,,,,,,,
2026-07-04T21:03:45.395431+00:00,2026-07-04T21:03:45.395359,2,2,129.8,0.4,129.6,150,129.5,30,,,,,,,,,,,,,,,,,130.0,6,130.1,150,,,,,,,,,,,,,,,,
2026-07-04T21:03:45.558605+00:00,2026-07-04T21:03:45.552250,2,1,129.85,0.5,129.6,150,129.5,30,,,,,,,,,,,,,,,,,130.1,150,,,,,,,,,,,,,,,,,,
2026-07-04T21:03:45.568862+00:00,2026-07-04T21:03:45.568764,1,1,129.85,0.5,129.6,150,,,,,,,,,,,,,,,,,,,130.1,150,,,,,,,,,,,,,,,,,,
2026-07-04T21:03:45.612558+00:00,2026-07-04T21:03:45.612520,2,1,129.9,0.4,129.7,100,129.6,150,,,,,,,,,,,,,,,,,130.1,150,,,,,,,,,,,,,,,,,,
2026-07-04T21:03:45.663917+00:00,2026-07-04T21:03:45.663803,2,2,129.9,0.4,129.7,100,129.6,150,,,,,,,,,,,,,,,,,130.1,150,130.2,100,,,,,,,,,,,,,,,,
2026-07-04T21:03:45.930043+00:00,2026-07-04T21:03:45.929913,2,2,129.9,0.4,129.7,100,129.6,150,,,,,,,,,,,,,,,,,130.1,100,130.2,100,,,,,,,,,,,,,,,,
2026-07-04T21:03:47.992698+00:00,2026-07-04T21:03:47.992826,1,1,129.95,0.5,129.7,100,,,,,,,,,,,,,,,,,,,130.2,100,,,,,,,,,,,,,,,,,,
2026-07-04T21:03:48.055346+00:00,2026-07-04T21:03:48.049955,2,1,130.05,0.3,129.9,127,129.7,100,,,,,,,,,,,,,,,,,130.2,50,,,,,,,,,,,,,,,,,,
2026-07-04T21:03:48.103195+00:00,2026-07-04T21:03:48.103004,2,2,130.05,0.3,129.9,127,129.7,100,,,,,,,,,,,,,,,,,130.2,50,130.4,150,,,,,,,,,,,,,,,,
2026-07-04T21:03:48.255983+00:00,2026-07-04T21:03:48.256089,2,2,130.05,0.3,129.9,85,129.7,100,,,,,,,,,,,,,,,,,130.2,50,130.4,150,,,,,,,,,,,,,,,,
2026-07-04T21:03:48.722248+00:00,2026-07-04T21:03:48.722202,1,1,130.15,0.5,129.9,85,,,,,,,,,,,,,,,,,,,130.4,150,,,,,,,,,,,,,,,,,,
2026-07-04T21:03:48.751962+00:00,2026-07-04T21:03:48.752083,1,1,130.15,0.5,129.9,43,,,,,,,,,,,,,,,,,,,130.4,150,,,,,,,,,,,,,,,,,,
2026-07-04T21:03:48.772290+00:00,2026-07-04T21:03:48.772131,1,1,130.15,0.5,129.9,143,,,,,,,,,,,,,,,,,,,130.4,150,,,,,,,,,,,,,,,,,,
2026-07-04T21:03:48.824724+00:00,2026-07-04T21:03:48.824620,1,1,130.15,0.5,129.9,143,,,,,,,,,,,,,,,,,,,130.4,250,,,,,,,,,,,,,,,,,,
2026-07-04T21:03:49.989325+00:00,2026-07-04T21:03:49.989282,1,1,130.15,0.5,129.9,143,,,,,,,,,,,,,,,,,,,130.4,201,,,,,,,,,,,,,,,,,,
2026-07-04T21:03:50.153375+00:00,2026-07-04T21:03:50.153248,1,1,130.15,0.5,129.9,143,,,,,,,,,,,,,,,,,,,130.4,151,,,,,,,,,,,,,,,,,,
2026-07-04T21:03:50.494942+00:00,2026-07-04T21:03:50.494873,1,1,130.15,0.5,129.9,143,,,,,,,,,,,,,,,,,,,130.4,106,,,,,,,,,,,,,,,,,,
2026-07-04T21:03:51.085372+00:00,2026-07-04T21:03:51.085546,1,1,130.15,0.5,129.9,99,,,,,,,,,,,,,,,,,,,130.4,106,,,,,,,,,,,,,,,,,,
2026-07-04T21:03:51.158750+00:00,2026-07-04T21:03:51.158501,1,1,130.15,0.5,129.9,99,,,,,,,,,,,,,,,,,,,130.4,100,,,,,,,,,,,,,,,,,,
2026-07-04T21:03:51.211639+00:00,2026-07-04T21:03:51.211513,2,1,130.2,0.4,130.0,150,129.9,99,,,,,,,,,,,,,,,,,130.4,100,,,,,,,,,,,,,,,,,,
2026-07-04T21:03:51.259012+00:00,2026-07-04T21:03:51.254417,2,2,130.2,0.4,130.0,150,129.9,99,,,,,,,,,,,,,,,,,130.4,100,130.5,150,,,,,,,,,,,,,,,,
2026-07-04T21:03:51.882516+00:00,2026-07-04T21:03:51.882459,1,1,130.25,0.5,130.0,150,,,,,,,,,,,,,,,,,,,130.5,150,,,,,,,,,,,,,,,,,,
2026-07-04T21:03:51.935768+00:00,2026-07-04T21:03:51.935930,1,1,130.25,0.5,130.0,250,,,,,,,,,,,,,,,,,,,130.5,150,,,,,,,,,,,,,,,,,,
2026-07-04T21:03:51.987194+00:00,2026-07-04T21:03:51.983245,1,1,130.25,0.5,130.0,250,,,,,,,,,,,,,,,,,,,130.5,250,,,,,,,,,,,,,,,,,,
2026-07-04T21:03:52.258654+00:00,2026-07-04T21:03:52.252809,1,1,130.25,0.5,130.0,250,,,,,,,,,,,,,,,,,,,130.5,200,,,,,,,,,,,,,,,,,,
2026-07-04T21:03:54.319652+00:00,2026-07-04T21:03:54.319615,1,1,130.25,0.5,130.0,100,,,,,,,,,,,,,,,,,,,130.5,100,,,,,,,,,,,,,,,,,,
2026-07-04T21:03:54.380387+00:00,2026-07-04T21:03:54.375163,2,1,130.35,0.3,130.2,136,130.0,100,,,,,,,,,,,,,,,,,130.5,50,,,,,,,,,,,,,,,,,,
2026-07-04T21:03:54.453997+00:00,2026-07-04T21:03:54.454094,2,2,130.35,0.3,130.2,136,130.0,100,,,,,,,,,,,,,,,,,130.5,50,130.7,150,,,,,,,,,,,,,,,,
2026-07-04T21:03:55.059058+00:00,2026-07-04T21:03:55.058697,1,1,130.45,0.5,130.2,136,,,,,,,,,,,,,,,,,,,130.7,150,,,,,,,,,,,,,,,,,,
2026-07-04T21:03:55.106234+00:00,2026-07-04T21:03:55.106134,1,1,130.45,0.5,130.2,236,,,,,,,,,,,,,,,,,,,130.7,150,,,,,,,,,,,,,,,,,,
2026-07-04T21:03:55.160509+00:00,2026-07-04T21:03:55.160459,1,1,130.45,0.5,130.2,236,,,,,,,,,,,,,,,,,,,130.7,250,,,,,,,,,,,,,,,,,,
2026-07-04T21:03:57.508271+00:00,2026-07-04T21:03:57.508157,1,1,130.45,0.5,130.2,100,,,,,,,,,,,,,,,,,,,130.7,100,,,,,,,,,,,,,,,,,,
2026-07-04T21:03:57.558597+00:00,2026-07-04T21:03:57.556925,2,1,130.5,0.4,130.3,150,130.2,100,,,,,,,,,,,,,,,,,130.7,100,,,,,,,,,,,,,,,,,,
2026-07-04T21:03:57.614822+00:00,2026-07-04T21:03:57.614777,2,2,130.5,0.4,130.3,150,130.2,100,,,,,,,,,,,,,,,,,130.7,100,130.8,150,,,,,,,,,,,,,,,,
2026-07-04T21:03:58.214379+00:00,2026-07-04T21:03:58.214243,1,1,130.55,0.5,130.3,150,,,,,,,,,,,,,,,,,,,130.8,150,,,,,,,,,,,,,,,,,,
2026-07-04T21:03:58.269009+00:00,2026-07-04T21:03:58.269169,1,1,130.55,0.5,130.3,250,,,,,,,,,,,,,,,,,,,130.8,150,,,,,,,,,,,,,,,,,,
2026-07-04T21:03:58.319899+00:00,2026-07-04T21:03:58.319773,1,1,130.55,0.5,130.3,250,,,,,,,,,,,,,,,,,,,130.8,250,,,,,,,,,,,,,,,,,,
2026-07-04T21:03:58.631219+00:00,2026-07-04T21:03:58.631105,1,1,130.55,0.5,130.3,200,,,,,,,,,,,,,,,,,,,130.8,250,,,,,,,,,,,,,,,,,,
2026-07-04T21:04:00.571793+00:00,2026-07-04T21:04:00.566193,1,1,130.55,0.5,130.3,197,,,,,,,,,,,,,,,,,,,130.8,250,,,,,,,,,,,,,,,,,,
2026-07-04T21:04:00.669989+00:00,2026-07-04T21:04:00.670120,1,1,130.55,0.5,130.3,100,,,,,,,,,,,,,,,,,,,130.8,100,,,,,,,,,,,,,,,,,,
2026-07-04T21:04:00.725394+00:00,2026-07-04T21:04:00.725513,2,1,130.55,0.5,130.3,100,129.7,150,,,,,,,,,,,,,,,,,130.8,100,,,,,,,,,,,,,,,,,,
2026-07-04T21:04:00.778825+00:00,2026-07-04T21:04:00.778995,1,2,129.95,0.5,129.7,150,,,,,,,,,,,,,,,,,,,130.2,50,130.8,100,,,,,,,,,,,,,,,,
2026-07-04T21:04:01.375355+00:00,2026-07-04T21:04:01.375279,1,1,129.95,0.5,129.7,150,,,,,,,,,,,,,,,,,,,130.2,50,,,,,,,,,,,,,,,,,,
2026-07-04T21:04:01.428671+00:00,2026-07-04T21:04:01.428607,2,1,129.95,0.5,129.7,150,129.6,100,,,,,,,,,,,,,,,,,130.2,50,,,,,,,,,,,,,,,,,,
2026-07-04T21:04:01.484504+00:00,2026-07-04T21:04:01.484385,2,2,129.9,0.4,129.7,150,129.6,100,,,,,,,,,,,,,,,,,130.1,100,130.2,50,,,,,,,,,,,,,,,,
2026-07-04T21:04:02.384399+00:00,2026-07-04T21:04:02.353723,2,2,129.9,0.4,129.7,150,129.6,100,,,,,,,,,,,,,,,,,130.1,97,130.2,50,,,,,,,,,,,,,,,,
2026-07-04T21:04:02.790774+00:00,2026-07-04T21:04:02.790716,2,2,129.9,0.4,129.7,150,129.6,100,,,,,,,,,,,,,,,,,130.1,47,130.2,50,,,,,,,,,,,,,,,,
2026-07-04T21:04:03.563796+00:00,2026-07-04T21:04:03.564094,2,2,129.9,0.4,129.7,105,129.6,100,,,,,,,,,,,,,,,,,130.1,47,130.2,50,,,,,,,,,,,,,,,,
2026-07-04T21:04:03.836585+00:00,2026-07-04T21:04:03.836523,1,1,129.85,0.5,129.6,100,,,,,,,,,,,,,,,,,,,130.1,47,,,,,,,,,,,,,,,,,,
2026-07-04T21:04:03.890631+00:00,2026-07-04T21:04:03.890515,2,1,130.05,0.1,130.0,150,129.6,100,,,,,,,,,,,,,,,,,130.1,47,,,,,,,,,,,,,,,,,,
2026-07-04T21:04:03.943960+00:00,2026-07-04T21:04:03.943877,2,2,130.05,0.1,130.0,150,129.6,100,,,,,,,,,,,,,,,,,130.1,47,130.5,150,,,,,,,,,,,,,,,,
2026-07-04T21:04:04.541328+00:00,2026-07-04T21:04:04.541232,1,1,130.25,0.5,130.0,150,,,,,,,,,,,,,,,,,,,130.5,150,,,,,,,,,,,,,,,,,,
2026-07-04T21:04:04.595593+00:00,2026-07-04T21:04:04.595690,2,1,130.25,0.5,130.0,150,129.8,100,,,,,,,,,,,,,,,,,130.5,150,,,,,,,,,,,,,,,,,,
2026-07-04T21:04:04.648588+00:00,2026-07-04T21:04:04.648486,2,2,130.15,0.3,130.0,150,129.8,100,,,,,,,,,,,,,,,,,130.3,100,130.5,150,,,,,,,,,,,,,,,,
2026-07-04T21:04:04.958687+00:00,2026-07-04T21:04:04.953556,2,2,130.15,0.3,130.0,100,129.8,100,,,,,,,,,,,,,,,,,130.3,100,130.5,150,,,,,,,,,,,,,,,,
2026-07-04T21:04:05.803747+00:00,2026-07-04T21:04:05.803711,2,2,130.15,0.3,130.0,100,129.8,100,,,,,,,,,,,,,,,,,130.3,54,130.5,150,,,,,,,,,,,,,,,,
2026-07-04T21:04:06.839237+00:00,2026-07-04T21:04:06.839151,2,2,130.15,0.3,130.0,100,129.8,100,,,,,,,,,,,,,,,,,130.3,8,130.5,150,,,,,,,,,,,,,,,,
2026-07-04T21:04:06.997817+00:00,2026-07-04T21:04:06.997712,1,1,130.05,0.5,129.8,100,,,,,,,,,,,,,,,,,,,130.3,8,,,,,,,,,,,,,,,,,,
2026-07-04T21:04:07.058645+00:00,2026-07-04T21:04:07.051514,2,1,130.1,0.4,129.9,150,129.8,100,,,,,,,,,,,,,,,,,130.3,8,,,,,,,,,,,,,,,,,,
2026-07-04T21:04:07.074072+00:00,2026-07-04T21:04:07.074273,2,1,130.1,0.4,129.9,100,129.8,100,,,,,,,,,,,,,,,,,130.3,8,,,,,,,,,,,,,,,,,,
2026-07-04T21:04:07.101872+00:00,2026-07-04T21:04:07.101754,2,2,130.1,0.4,129.9,100,129.8,100,,,,,,,,,,,,,,,,,130.3,8,130.4,150,,,,,,,,,,,,,,,,
2026-07-04T21:04:07.358655+00:00,2026-07-04T21:04:07.357674,2,2,130.1,0.4,129.9,52,129.8,100,,,,,,,,,,,,,,,,,130.3,8,130.4,150,,,,,,,,,,,,,,,,
2026-07-04T21:04:07.697092+00:00,2026-07-04T21:04:07.697312,2,1,130.15,0.5,129.9,52,129.8,100,,,,,,,,,,,,,,,,,130.4,150,,,,,,,,,,,,,,,,,,
2026-07-04T21:04:07.702587+00:00,2026-07-04T21:04:07.702517,1,1,130.15,0.5,129.9,52,,,,,,,,,,,,,,,,,,,130.4,150,,,,,,,,,,,,,,,,,,
2026-07-04T21:04:07.750793+00:00,2026-07-04T21:04:07.750876,2,1,130.35,0.1,130.3,100,129.9,52,,,,,,,,,,,,,,,,,130.4,150,,,,,,,,,,,,,,,,,,
2026-07-04T21:04:07.806462+00:00,2026-07-04T21:04:07.806363,2,2,130.35,0.1,130.3,100,129.9,52,,,,,,,,,,,,,,,,,130.4,150,130.8,100,,,,,,,,,,,,,,,,
2026-07-04T21:04:09.028968+00:00,2026-07-04T21:04:09.018532,2,2,130.35,0.1,130.3,97,129.9,52,,,,,,,,,,,,,,,,,130.4,150,130.8,100,,,,,,,,,,,,,,,,
2026-07-04T21:04:09.131656+00:00,2026-07-04T21:04:09.131565,2,2,130.35,0.1,130.3,97,129.9,52,,,,,,,,,,,,,,,,,130.4,100,130.8,100,,,,,,,,,,,,,,,,
2026-07-04T21:04:10.158670+00:00,2026-07-04T21:04:10.154238,1,1,130.55,0.5,130.3,97,,,,,,,,,,,,,,,,,,,130.8,100,,,,,,,,,,,,,,,,,,
2026-07-04T21:04:10.211841+00:00,2026-07-04T21:04:10.211746,2,1,130.55,0.5,130.3,97,129.6,150,,,,,,,,,,,,,,,,,130.8,100,,,,,,,,,,,,,,,,,,
2026-07-04T21:04:10.238939+00:00,2026-07-04T21:04:10.231741,2,1,130.55,0.5,130.3,74,129.6,150,,,,,,,,,,,,,,,,,130.8,100,,,,,,,,,,,,,,,,,,
2026-07-04T21:04:10.275722+00:00,2026-07-04T21:04:10.269199,1,2,129.85,0.5,129.6,150,,,,,,,,,,,,,,,,,,,130.1,64,130.8,100,,,,,,,,,,,,,,,,
2026-07-04T21:04:10.808920+00:00,2026-07-04T21:04:10.803772,1,2,129.85,0.5,129.6,150,,,,,,,,,,,,,,,,,,,130.1,53,130.8,100,,,,,,,,,,,,,,,,
2026-07-04T21:04:10.861839+00:00,2026-07-04T21:04:10.861718,1,1,129.85,0.5,129.6,150,,,,,,,,,,,,,,,,,,,130.1,53,,,,,,,,,,,,,,,,,,
2026-07-04T21:04:10.910294+00:00,2026-07-04T21:04:10.910260,2,1,129.9,0.4,129.7,100,129.6,150,,,,,,,,,,,,,,,,,130.1,53,,,,,,,,,,,,,,,,,,
2026-07-04T21:04:10.967683+00:00,2026-07-04T21:04:10.967569,2,2,129.9,0.4,129.7,100,129.6,150,,,,,,,,,,,,,,,,,130.1,53,130.2,100,,,,,,,,,,,,,,,,
2026-07-04T21:04:11.233335+00:00,2026-07-04T21:04:11.233259,2,2,129.9,0.4,129.7,100,129.6,150,,,,,,,,,,,,,,,,,130.1,3,130.2,100,,,,,,,,,,,,,,,,
2026-07-04T21:04:12.640292+00:00,2026-07-04T21:04:12.636283,2,1,129.95,0.5,129.7,100,129.6,150,,,,,,,,,,,,,,,,,130.2,100,,,,,,,,,,,,,,,,,,
2026-07-04T21:04:13.097148+00:00,2026-07-04T21:04:13.097049,2,1,129.95,0.5,129.7,100,129.6,150,,,,,,,,,,,,,,,,,130.2,60,,,,,,,,,,,,,,,,,,
2026-07-04T21:04:13.317680+00:00,2026-07-04T21:04:13.317620,1,1,129.95,0.5,129.7,100,,,,,,,,,,,,,,,,,,,130.2,60,,,,,,,,,,,,,,,,,,
2026-07-04T21:04:13.342967+00:00,2026-07-04T21:04:13.342929,1,1,129.95,0.5,129.7,100,,,,,,,,,,,,,,,,,,,130.2,10,,,,,,,,,,,,,,,,,,
2026-07-04T21:04:13.376399+00:00,2026-07-04T21:04:13.376330,2,0,,,130.5,140,129.7,100,,,,,,,,,,,,,,,,,,,,,,,,,,,,,,,,,,,,
2026-07-04T21:04:13.430318+00:00,2026-07-04T21:04:13.430202,2,1,130.7,0.4,130.5,140,129.7,100,,,,,,,,,,,,,,,,,130.9,150,,,,,,,,,,,,,,,,,,
