recv_time,book_timestamp,n_bids,n_asks,mid,spread,bid_px_0,bid_vol_0,bid_px_1,bid_vol_1,bid_px_2,bid_vol_2,bid_px_3,bid_vol_3,bid_px_4,bid_vol_4,bid_px_5,bid_vol_5,bid_px_6,bid_vol_6,bid_px_7,bid_vol_7,bid_px_8,bid_vol_8,bid_px_9,bid_vol_9,ask_px_0,ask_vol_0,ask_px_1,ask_vol_1,ask_px_2,ask_vol_2,ask_px_3,ask_vol_3,ask_px_4,ask_vol_4,ask_px_5,ask_vol_5,ask_px_6,ask_vol_6,ask_px_7,ask_vol_7,ask_px_8,ask_vol_8,ask_px_9,ask_vol_9
2026-07-07T02:00:00.056373+00:00,2026-07-07T02:00:00.031714,2,3,163.85,0.3,163.7,220,163.4,50,,,,,,,,,,,,,,,,,164.0,10,164.1,20,164.2,250,,,,,,,,,,,,,,
2026-07-07T02:00:00.199635+00:00,2026-07-07T02:00:00.266606,2,3,163.8,0.2,163.7,220,163.4,50,,,,,,,,,,,,,,,,,163.9,43,164.1,20,164.2,250,,,,,,,,,,,,,,
2026-07-07T02:00:00.341613+00:00,2026-07-07T02:00:00.345473,2,3,163.8,0.2,163.7,220,163.4,50,,,,,,,,,,,,,,,,,163.9,32,164.1,20,164.2,250,,,,,,,,,,,,,,
2026-07-07T02:00:00.426266+00:00,2026-07-07T02:00:00.426161,2,3,163.8,0.2,163.7,170,163.4,50,,,,,,,,,,,,,,,,,163.9,32,164.1,20,164.2,150,,,,,,,,,,,,,,
2026-07-07T02:00:00.487673+00:00,2026-07-07T02:00:00.487619,2,3,163.8,0.2,163.7,270,163.4,50,,,,,,,,,,,,,,,,,163.9,32,164.1,20,164.2,150,,,,,,,,,,,,,,
2026-07-07T02:00:00.532994+00:00,2026-07-07T02:00:00.531589,2,3,163.8,0.2,163.7,270,163.4,50,,,,,,,,,,,,,,,,,163.9,32,164.1,20,164.2,250,,,,,,,,,,,,,,
2026-07-07T02:00:00.559606+00:00,2026-07-07T02:00:00.559808,2,2,163.8,0.2,163.7,250,163.4,50,,,,,,,,,,,,,,,,,163.9,32,164.2,250,,,,,,,,,,,,,,,,
2026-07-07T02:00:00.565049+00:00,2026-07-07T02:00:00.565012,2,3,163.8,0.2,163.7,270,163.4,50,,,,,,,,,,,,,,,,,163.9,32,164.1,20,164.2,250,,,,,,,,,,,,,,
2026-07-07T02:00:00.763161+00:00,2026-07-07T02:00:00.769481,2,3,163.8,0.2,163.7,270,163.4,50,,,,,,,,,,,,,,,,,163.9,32,164.1,20,164.2,250,,,,,,,,,,,,,,
2026-07-07T02:00:00.982975+00:00,2026-07-07T02:00:00.982920,2,2,163.8,0.2,163.7,270,163.4,50,,,,,,,,,,,,,,,,,163.9,32,164.2,250,,,,,,,,,,,,,,,,
2026-07-07T02:00:00.988177+00:00,2026-07-07T02:00:00.988079,2,3,163.8,0.2,163.7,270,163.4,50,,,,,,,,,,,,,,,,,163.9,32,164.1,20,164.2,250,,,,,,,,,,,,,,
2026-07-07T02:00:01.216778+00:00,2026-07-07T02:00:01.194942,2,3,163.8,0.2,163.7,270,163.4,50,,,,,,,,,,,,,,,,,163.9,32,164.1,20,164.2,250,,,,,,,,,,,,,,
2026-07-07T02:00:01.356086+00:00,2026-07-07T02:00:01.402820,2,2,163.8,0.2,163.7,270,163.4,50,,,,,,,,,,,,,,,,,163.9,32,164.2,250,,,,,,,,,,,,,,,,
2026-07-07T02:00:01.437336+00:00,2026-07-07T02:00:01.405841,2,3,163.8,0.2,163.7,270,163.4,50,,,,,,,,,,,,,,,,,163.9,32,164.1,20,164.2,250,,,,,,,,,,,,,,
2026-07-07T02:00:01.619639+00:00,2026-07-07T02:00:01.619601,2,2,163.8,0.2,163.7,270,163.4,50,,,,,,,,,,,,,,,,,163.9,32,164.2,250,,,,,,,,,,,,,,,,
2026-07-07T02:00:01.624931+00:00,2026-07-07T02:00:01.624847,2,3,163.8,0.2,163.7,270,163.4,50,,,,,,,,,,,,,,,,,163.9,32,164.1,20,164.2,250,,,,,,,,,,,,,,
2026-07-07T02:00:01.833163+00:00,2026-07-07T02:00:01.833049,2,2,163.8,0.2,163.7,250,163.4,50,,,,,,,,,,,,,,,,,163.9,32,164.2,250,,,,,,,,,,,,,,,,
2026-07-07T02:00:01.838380+00:00,2026-07-07T02:00:01.838265,3,3,163.8,0.2,163.7,250,163.6,20,163.4,50,,,,,,,,,,,,,,,163.9,32,164.0,20,164.2,250,,,,,,,,,,,,,,
2026-07-07T02:00:02.044613+00:00,2026-07-07T02:00:02.044498,2,2,163.8,0.2,163.7,250,163.4,50,,,,,,,,,,,,,,,,,163.9,32,164.2,250,,,,,,,,,,,,,,,,
2026-07-07T02:00:02.049788+00:00,2026-07-07T02:00:02.049735,3,3,163.8,0.2,163.7,250,163.6,20,163.4,50,,,,,,,,,,,,,,,163.9,32,164.0,20,164.2,250,,,,,,,,,,,,,,
2026-07-07T02:00:02.094616+00:00,2026-07-07T02:00:02.094502,3,2,163.85,0.3,163.7,250,163.6,20,163.4,50,,,,,,,,,,,,,,,164.0,2,164.2,250,,,,,,,,,,,,,,,,
2026-07-07T02:00:02.258733+00:00,2026-07-07T02:00:02.249747,2,1,163.95,0.5,163.7,250,163.4,50,,,,,,,,,,,,,,,,,164.2,250,,,,,,,,,,,,,,,,,,
2026-07-07T02:00:02.274775+00:00,2026-07-07T02:00:02.274687,2,1,163.95,0.5,163.7,270,163.4,50,,,,,,,,,,,,,,,,,164.2,250,,,,,,,,,,,,,,,,,,
2026-07-07T02:00:02.321469+00:00,2026-07-07T02:00:02.306274,2,2,163.9,0.4,163.7,270,163.4,50,,,,,,,,,,,,,,,,,164.1,11,164.2,250,,,,,,,,,,,,,,,,
2026-07-07T02:00:02.517957+00:00,2026-07-07T02:00:02.517880,2,1,163.95,0.5,163.7,250,163.4,50,,,,,,,,,,,,,,,,,164.2,250,,,,,,,,,,,,,,,,,,
2026-07-07T02:00:02.523163+00:00,2026-07-07T02:00:02.523114,1,2,163.9,0.4,163.7,270,,,,,,,,,,,,,,,,,,,164.1,11,164.2,250,,,,,,,,,,,,,,,,
2026-07-07T02:00:02.562924+00:00,2026-07-07T02:00:02.562877,1,2,163.9,0.4,163.7,170,,,,,,,,,,,,,,,,,,,164.1,11,164.2,100,,,,,,,,,,,,,,,,
2026-07-07T02:00:02.633813+00:00,2026-07-07T02:00:02.633725,1,2,163.9,0.4,163.7,320,,,,,,,,,,,,,,,,,,,164.1,11,164.2,100,,,,,,,,,,,,,,,,
2026-07-07T02:00:02.687168+00:00,2026-07-07T02:00:02.686955,1,2,163.9,0.4,163.7,320,,,,,,,,,,,,,,,,,,,164.1,11,164.2,250,,,,,,,,,,,,,,,,
2026-07-07T02:00:02.731080+00:00,2026-07-07T02:00:02.731215,1,1,163.95,0.5,163.7,300,,,,,,,,,,,,,,,,,,,164.2,250,,,,,,,,,,,,,,,,,,
2026-07-07T02:00:02.736281+00:00,2026-07-07T02:00:02.736396,1,2,163.9,0.4,163.7,320,,,,,,,,,,,,,,,,,,,164.1,11,164.2,250,,,,,,,,,,,,,,,,
2026-07-07T02:00:02.747128+00:00,2026-07-07T02:00:02.747301,1,1,163.95,0.5,163.7,320,,,,,,,,,,,,,,,,,,,164.2,218,,,,,,,,,,,,,,,,,,
2026-07-07T02:00:02.942838+00:00,2026-07-07T02:00:02.942723,1,1,163.95,0.5,163.7,300,,,,,,,,,,,,,,,,,,,164.2,218,,,,,,,,,,,,,,,,,,
2026-07-07T02:00:02.948069+00:00,2026-07-07T02:00:02.948004,2,1,163.95,0.5,163.7,300,163.6,20,,,,,,,,,,,,,,,,,164.2,218,,,,,,,,,,,,,,,,,,
2026-07-07T02:00:03.158642+00:00,2026-07-07T02:00:03.149921,1,1,163.95,0.5,163.7,320,,,,,,,,,,,,,,,,,,,164.2,218,,,,,,,,,,,,,,,,,,
2026-07-07T02:00:03.363963+00:00,2026-07-07T02:00:03.363945,1,1,163.95,0.5,163.7,320,,,,,,,,,,,,,,,,,,,164.2,218,,,,,,,,,,,,,,,,,,
2026-07-07T02:00:03.570671+00:00,2026-07-07T02:00:03.570590,1,1,163.95,0.5,163.7,320,,,,,,,,,,,,,,,,,,,164.2,218,,,,,,,,,,,,,,,,,,
2026-07-07T02:00:03.597041+00:00,2026-07-07T02:00:03.596939,1,1,163.95,0.5,163.7,220,,,,,,,,,,,,,,,,,,,164.2,150,,,,,,,,,,,,,,,,,,
2026-07-07T02:00:03.649116+00:00,2026-07-07T02:00:03.649058,2,1,164.0,0.4,163.8,100,163.7,220,,,,,,,,,,,,,,,,,164.2,150,,,,,,,,,,,,,,,,,,
2026-07-07T02:00:03.703783+00:00,2026-07-07T02:00:03.703614,2,2,164.0,0.4,163.8,100,163.7,220,,,,,,,,,,,,,,,,,164.2,150,164.3,100,,,,,,,,,,,,,,,,
2026-07-07T02:00:03.777488+00:00,2026-07-07T02:00:03.777615,2,2,164.0,0.4,163.8,100,163.7,220,,,,,,,,,,,,,,,,,164.2,150,164.3,100,,,,,,,,,,,,,,,,
2026-07-07T02:00:03.981365+00:00,2026-07-07T02:00:03.981297,2,2,164.0,0.4,163.8,100,163.7,200,,,,,,,,,,,,,,,,,164.2,150,164.3,100,,,,,,,,,,,,,,,,
2026-07-07T02:00:03.986380+00:00,2026-07-07T02:00:03.986479,2,2,164.0,0.4,163.8,100,163.7,220,,,,,,,,,,,,,,,,,164.2,150,164.3,100,,,,,,,,,,,,,,,,
2026-07-07T02:00:04.190943+00:00,2026-07-07T02:00:04.190827,3,2,164.05,0.3,163.9,20,163.8,100,163.7,200,,,,,,,,,,,,,,,164.2,150,164.3,100,,,,,,,,,,,,,,,,
2026-07-07T02:00:04.397849+00:00,2026-07-07T02:00:04.397751,2,2,164.0,0.4,163.8,100,163.7,220,,,,,,,,,,,,,,,,,164.2,150,164.3,100,,,,,,,,,,,,,,,,
2026-07-07T02:00:04.605440+00:00,2026-07-07T02:00:04.605401,2,2,164.0,0.4,163.8,100,163.7,220,,,,,,,,,,,,,,,,,164.2,150,164.3,100,,,,,,,,,,,,,,,,
2026-07-07T02:00:04.812831+00:00,2026-07-07T02:00:04.812718,2,2,164.0,0.4,163.8,100,163.7,220,,,,,,,,,,,,,,,,,164.2,150,164.3,100,,,,,,,,,,,,,,,,
2026-07-07T02:00:05.020626+00:00,2026-07-07T02:00:05.020477,2,2,164.0,0.4,163.8,100,163.7,220,,,,,,,,,,,,,,,,,164.2,150,164.3,100,,,,,,,,,,,,,,,,
2026-07-07T02:00:05.226025+00:00,2026-07-07T02:00:05.225935,2,2,164.0,0.4,163.8,100,163.7,220,,,,,,,,,,,,,,,,,164.2,150,164.3,100,,,,,,,,,,,,,,,,
2026-07-07T02:00:05.432776+00:00,2026-07-07T02:00:05.432699,2,2,164.0,0.4,163.8,100,163.7,200,,,,,,,,,,,,,,,,,164.2,150,164.3,100,,,,,,,,,,,,,,,,
2026-07-07T02:00:05.438006+00:00,2026-07-07T02:00:05.437924,2,2,164.0,0.4,163.8,100,163.7,220,,,,,,,,,,,,,,,,,164.2,150,164.3,100,,,,,,,,,,,,,,,,
2026-07-07T02:00:05.644023+00:00,2026-07-07T02:00:05.644181,2,2,164.0,0.4,163.8,100,163.7,220,,,,,,,,,,,,,,,,,164.2,150,164.3,100,,,,,,,,,,,,,,,,
2026-07-07T02:00:05.736723+00:00,2026-07-07T02:00:05.736637,2,1,164.05,0.5,163.8,100,163.7,220,,,,,,,,,,,,,,,,,164.3,100,,,,,,,,,,,,,,,,,,
2026-07-07T02:00:05.741900+00:00,2026-07-07T02:00:05.741795,2,1,164.05,0.5,163.8,100,163.7,70,,,,,,,,,,,,,,,,,164.3,100,,,,,,,,,,,,,,,,,,
2026-07-07T02:00:05.795213+00:00,2026-07-07T02:00:05.795094,2,1,164.05,0.5,163.8,100,163.7,220,,,,,,,,,,,,,,,,,164.3,100,,,,,,,,,,,,,,,,,,
2026-07-07T02:00:05.858611+00:00,2026-07-07T02:00:05.843521,2,2,164.0,0.4,163.8,100,163.7,220,,,,,,,,,,,,,,,,,164.2,150,164.3,100,,,,,,,,,,,,,,,,
2026-07-07T02:00:06.058590+00:00,2026-07-07T02:00:06.057044,2,2,164.0,0.4,163.8,100,163.7,220,,,,,,,,,,,,,,,,,164.2,150,164.3,100,,,,,,,,,,,,,,,,
2026-07-07T02:00:06.264786+00:00,2026-07-07T02:00:06.264687,2,2,164.0,0.4,163.8,100,163.7,200,,,,,,,,,,,,,,,,,164.2,150,164.3,100,,,,,,,,,,,,,,,,
2026-07-07T02:00:06.270052+00:00,2026-07-07T02:00:06.269901,2,2,164.0,0.4,163.8,100,163.7,220,,,,,,,,,,,,,,,,,164.2,150,164.3,100,,,,,,,,,,,,,,,,
2026-07-07T02:00:06.360216+00:00,2026-07-07T02:00:06.360130,2,2,164.0,0.4,163.8,50,163.7,220,,,,,,,,,,,,,,,,,164.2,150,164.3,100,,,,,,,,,,,,,,,,
2026-07-07T02:00:06.473776+00:00,2026-07-07T02:00:06.473909,2,2,164.0,0.4,163.8,50,163.7,220,,,,,,,,,,,,,,,,,164.2,150,164.3,100,,,,,,,,,,,,,,,,
2026-07-07T02:00:06.647159+00:00,2026-07-07T02:00:06.647080,2,2,164.0,0.4,163.8,50,163.7,170,,,,,,,,,,,,,,,,,164.2,150,164.3,100,,,,,,,,,,,,,,,,
2026-07-07T02:00:06.681341+00:00,2026-07-07T02:00:06.681274,2,2,164.0,0.4,163.8,70,163.7,150,,,,,,,,,,,,,,,,,164.2,150,164.3,100,,,,,,,,,,,,,,,,
2026-07-07T02:00:06.686577+00:00,2026-07-07T02:00:06.686528,3,2,164.0,0.4,163.8,70,163.7,150,163.6,50,,,,,,,,,,,,,,,164.2,150,164.3,100,,,,,,,,,,,,,,,,
2026-07-07T02:00:06.758639+00:00,2026-07-07T02:00:06.758092,3,1,164.0,0.4,163.8,20,163.7,150,163.6,50,,,,,,,,,,,,,,,164.2,150,,,,,,,,,,,,,,,,,,
2026-07-07T02:00:06.813291+00:00,2026-07-07T02:00:06.813162,3,1,164.0,0.4,163.8,20,163.7,250,163.6,50,,,,,,,,,,,,,,,164.2,150,,,,,,,,,,,,,,,,,,
2026-07-07T02:00:06.871670+00:00,2026-07-07T02:00:06.871777,3,1,164.0,0.4,163.8,20,163.7,250,163.6,50,,,,,,,,,,,,,,,164.2,250,,,,,,,,,,,,,,,,,,
2026-07-07T02:00:06.887516+00:00,2026-07-07T02:00:06.887476,2,1,163.95,0.5,163.7,250,163.6,50,,,,,,,,,,,,,,,,,164.2,250,,,,,,,,,,,,,,,,,,
2026-07-07T02:00:06.892798+00:00,2026-07-07T02:00:06.892728,3,1,164.05,0.3,163.9,20,163.7,250,163.6,50,,,,,,,,,,,,,,,164.2,250,,,,,,,,,,,,,,,,,,
2026-07-07T02:00:07.097958+00:00,2026-07-07T02:00:07.097899,3,1,164.05,0.3,163.9,20,163.7,250,163.6,50,,,,,,,,,,,,,,,164.2,250,,,,,,,,,,,,,,,,,,
2026-07-07T02:00:07.304118+00:00,2026-07-07T02:00:07.304022,2,1,163.95,0.5,163.7,250,163.6,50,,,,,,,,,,,,,,,,,164.2,250,,,,,,,,,,,,,,,,,,
2026-07-07T02:00:07.309120+00:00,2026-07-07T02:00:07.309216,3,1,164.05,0.3,163.9,20,163.7,250,163.6,50,,,,,,,,,,,,,,,164.2,250,,,,,,,,,,,,,,,,,,
2026-07-07T02:00:07.512621+00:00,2026-07-07T02:00:07.512443,2,1,163.95,0.5,163.7,250,163.6,50,,,,,,,,,,,,,,,,,164.2,250,,,,,,,,,,,,,,,,,,
2026-07-07T02:00:07.517721+00:00,2026-07-07T02:00:07.517684,3,1,164.05,0.3,163.9,20,163.7,250,163.6,50,,,,,,,,,,,,,,,164.2,250,,,,,,,,,,,,,,,,,,
2026-07-07T02:00:07.741106+00:00,2026-07-07T02:00:07.741001,3,1,164.05,0.3,163.9,20,163.7,250,163.6,50,,,,,,,,,,,,,,,164.2,250,,,,,,,,,,,,,,,,,,
2026-07-07T02:00:07.894417+00:00,2026-07-07T02:00:07.894294,2,1,163.95,0.5,163.7,222,163.6,50,,,,,,,,,,,,,,,,,164.2,250,,,,,,,,,,,,,,,,,,
2026-07-07T02:00:07.951265+00:00,2026-07-07T02:00:07.951183,3,1,164.05,0.3,163.9,20,163.7,222,163.6,50,,,,,,,,,,,,,,,164.2,250,,,,,,,,,,,,,,,,,,
2026-07-07T02:00:07.956287+00:00,2026-07-07T02:00:07.956376,3,2,164.05,0.3,163.9,20,163.7,222,163.6,50,,,,,,,,,,,,,,,164.2,250,164.3,20,,,,,,,,,,,,,,,,
2026-07-07T02:00:08.164067+00:00,2026-07-07T02:00:08.163956,3,1,164.05,0.3,163.9,20,163.7,222,163.6,50,,,,,,,,,,,,,,,164.2,250,,,,,,,,,,,,,,,,,,
2026-07-07T02:00:08.169405+00:00,2026-07-07T02:00:08.169238,3,2,164.05,0.3,163.9,20,163.7,222,163.6,50,,,,,,,,,,,,,,,164.2,250,164.3,20,,,,,,,,,,,,,,,,
2026-07-07T02:00:08.369642+00:00,2026-07-07T02:00:08.369612,3,1,164.05,0.3,163.9,20,163.7,222,163.6,50,,,,,,,,,,,,,,,164.2,250,,,,,,,,,,,,,,,,,,
2026-07-07T02:00:08.374934+00:00,2026-07-07T02:00:08.374817,3,1,164.05,0.3,163.9,20,163.7,222,163.6,50,,,,,,,,,,,,,,,164.2,250,,,,,,,,,,,,,,,,,,
2026-07-07T02:00:08.380158+00:00,2026-07-07T02:00:08.380012,3,2,164.05,0.3,163.9,20,163.7,222,163.6,50,,,,,,,,,,,,,,,164.2,250,164.3,20,,,,,,,,,,,,,,,,
2026-07-07T02:00:08.490274+00:00,2026-07-07T02:00:08.460240,2,2,163.95,0.5,163.7,192,163.6,50,,,,,,,,,,,,,,,,,164.2,250,164.3,20,,,,,,,,,,,,,,,,
2026-07-07T02:00:08.584088+00:00,2026-07-07T02:00:08.583998,2,1,163.95,0.5,163.7,192,163.6,50,,,,,,,,,,,,,,,,,164.2,250,,,,,,,,,,,,,,,,,,
2026-07-07T02:00:08.589384+00:00,2026-07-07T02:00:08.589265,3,1,164.05,0.3,163.9,20,163.7,192,163.6,50,,,,,,,,,,,,,,,164.2,250,,,,,,,,,,,,,,,,,,
2026-07-07T02:00:08.594553+00:00,2026-07-07T02:00:08.594449,3,2,164.05,0.3,163.9,20,163.7,192,163.6,50,,,,,,,,,,,,,,,164.2,250,164.3,20,,,,,,,,,,,,,,,,
2026-07-07T02:00:08.793585+00:00,2026-07-07T02:00:08.793562,3,1,164.05,0.3,163.9,20,163.7,192,163.6,50,,,,,,,,,,,,,,,164.2,250,,,,,,,,,,,,,,,,,,
2026-07-07T02:00:08.798794+00:00,2026-07-07T02:00:08.798750,3,1,164.05,0.3,163.9,20,163.7,192,163.6,50,,,,,,,,,,,,,,,164.2,250,,,,,,,,,,,,,,,,,,
2026-07-07T02:00:08.804010+00:00,2026-07-07T02:00:08.803918,3,2,164.05,0.3,163.9,20,163.7,192,163.6,50,,,,,,,,,,,,,,,164.2,250,164.3,20,,,,,,,,,,,,,,,,
2026-07-07T02:00:08.896402+00:00,2026-07-07T02:00:08.896306,3,2,164.05,0.3,163.9,20,163.7,192,163.6,50,,,,,,,,,,,,,,,164.2,100,164.3,20,,,,,,,,,,,,,,,,
2026-07-07T02:00:08.901554+00:00,2026-07-07T02:00:08.901468,3,2,164.05,0.3,163.9,20,163.7,100,163.6,50,,,,,,,,,,,,,,,164.2,100,164.3,20,,,,,,,,,,,,,,,,
2026-07-07T02:00:08.958566+00:00,2026-07-07T02:00:08.948484,3,2,164.05,0.3,163.9,20,163.7,250,163.6,50,,,,,,,,,,,,,,,164.2,100,164.3,20,,,,,,,,,,,,,,,,
2026-07-07T02:00:09.002728+00:00,2026-07-07T02:00:09.002601,3,2,164.05,0.3,163.9,20,163.7,250,163.6,50,,,,,,,,,,,,,,,164.2,250,164.3,20,,,,,,,,,,,,,,,,
2026-07-07T02:00:09.007896+00:00,2026-07-07T02:00:09.007839,3,1,164.05,0.3,163.9,20,163.7,250,163.6,50,,,,,,,,,,,,,,,164.2,250,,,,,,,,,,,,,,,,,,
2026-07-07T02:00:09.013047+00:00,2026-07-07T02:00:09.013016,3,2,164.05,0.3,163.9,20,163.7,250,163.6,50,,,,,,,,,,,,,,,164.2,250,164.3,20,,,,,,,,,,,,,,,,
2026-07-07T02:00:09.216856+00:00,2026-07-07T02:00:09.216751,2,1,163.95,0.5,163.7,250,163.6,50,,,,,,,,,,,,,,,,,164.2,250,,,,,,,,,,,,,,,,,,
2026-07-07T02:00:09.222009+00:00,2026-07-07T02:00:09.221941,3,2,164.05,0.3,163.9,20,163.7,250,163.6,50,,,,,,,,,,,,,,,164.2,250,164.3,20,,,,,,,,,,,,,,,,
2026-07-07T02:00:09.428715+00:00,2026-07-07T02:00:09.428642,3,1,164.05,0.3,163.9,20,163.7,250,163.6,50,,,,,,,,,,,,,,,164.2,250,,,,,,,,,,,,,,,,,,
2026-07-07T02:00:09.433906+00:00,2026-07-07T02:00:09.433805,3,2,164.05,0.3,163.9,20,163.7,250,163.6,50,,,,,,,,,,,,,,,164.2,250,164.3,20,,,,,,,,,,,,,,,,
2026-07-07T02:00:09.640143+00:00,2026-07-07T02:00:09.640041,2,1,163.95,0.5,163.7,250,163.6,50,,,,,,,,,,,,,,,,,164.2,250,,,,,,,,,,,,,,,,,,
2026-07-07T02:00:09.645420+00:00,2026-07-07T02:00:09.645298,3,1,164.0,0.4,163.8,20,163.7,250,163.6,50,,,,,,,,,,,,,,,164.2,270,,,,,,,,,,,,,,,,,,
2026-07-07T02:00:09.848833+00:00,2026-07-07T02:00:09.848800,2,1,163.95,0.5,163.7,250,163.6,50,,,,,,,,,,,,,,,,,164.2,250,,,,,,,,,,,,,,,,,,
2026-07-07T02:00:09.854060+00:00,2026-07-07T02:00:09.853951,3,1,164.0,0.4,163.8,20,163.7,250,163.6,50,,,,,,,,,,,,,,,164.2,250,,,,,,,,,,,,,,,,,,
2026-07-07T02:00:09.859226+00:00,2026-07-07T02:00:09.859117,3,1,164.0,0.4,163.8,20,163.7,250,163.6,50,,,,,,,,,,,,,,,164.2,270,,,,,,,,,,,,,,,,,,
2026-07-07T02:00:09.920799+00:00,2026-07-07T02:00:09.920704,3,1,164.0,0.4,163.8,20,163.7,150,163.6,50,,,,,,,,,,,,,,,164.2,170,,,,,,,,,,,,,,,,,,
2026-07-07T02:00:09.974015+00:00,2026-07-07T02:00:09.973972,2,1,164.0,0.4,163.8,120,163.7,150,,,,,,,,,,,,,,,,,164.2,170,,,,,,,,,,,,,,,,,,
2026-07-07T02:00:10.015907+00:00,2026-07-07T02:00:10.015819,2,1,164.0,0.4,163.8,170,163.7,150,,,,,,,,,,,,,,,,,164.2,170,,,,,,,,,,,,,,,,,,
2026-07-07T02:00:10.028805+00:00,2026-07-07T02:00:10.028715,2,2,164.0,0.4,163.8,170,163.7,150,,,,,,,,,,,,,,,,,164.2,170,164.3,100,,,,,,,,,,,,,,,,
2026-07-07T02:00:10.063976+00:00,2026-07-07T02:00:10.063941,2,2,164.0,0.4,163.8,170,163.7,150,,,,,,,,,,,,,,,,,164.2,150,164.3,100,,,,,,,,,,,,,,,,
2026-07-07T02:00:10.069018+00:00,2026-07-07T02:00:10.069133,2,2,164.0,0.4,163.8,170,163.7,150,,,,,,,,,,,,,,,,,164.2,170,164.3,100,,,,,,,,,,,,,,,,
2026-07-07T02:00:10.272801+00:00,2026-07-07T02:00:10.272707,2,2,164.0,0.4,163.8,170,163.7,150,,,,,,,,,,,,,,,,,164.2,150,164.3,100,,,,,,,,,,,,,,,,
2026-07-07T02:00:10.277935+00:00,2026-07-07T02:00:10.277890,2,2,164.0,0.4,163.8,170,163.7,150,,,,,,,,,,,,,,,,,164.2,170,164.3,100,,,,,,,,,,,,,,,,
2026-07-07T02:00:10.478221+00:00,2026-07-07T02:00:10.478134,2,2,164.0,0.4,163.8,170,163.7,150,,,,,,,,,,,,,,,,,164.2,150,164.3,100,,,,,,,,,,,,,,,,
2026-07-07T02:00:10.483377+00:00,2026-07-07T02:00:10.483329,2,2,164.0,0.4,163.8,170,163.7,150,,,,,,,,,,,,,,,,,164.2,150,164.3,100,,,,,,,,,,,,,,,,
2026-07-07T02:00:10.488553+00:00,2026-07-07T02:00:10.488488,2,2,164.0,0.4,163.8,170,163.7,150,,,,,,,,,,,,,,,,,164.2,170,164.3,100,,,,,,,,,,,,,,,,
2026-07-07T02:00:10.574999+00:00,2026-07-07T02:00:10.574932,2,2,164.0,0.4,163.8,120,163.7,150,,,,,,,,,,,,,,,,,164.2,170,164.3,100,,,,,,,,,,,,,,,,
2026-07-07T02:00:10.693045+00:00,2026-07-07T02:00:10.692958,2,2,164.0,0.4,163.8,100,163.7,150,,,,,,,,,,,,,,,,,164.2,150,164.3,100,,,,,,,,,,,,,,,,
2026-07-07T02:00:10.698304+00:00,2026-07-07T02:00:10.698182,2,2,164.0,0.4,163.8,120,163.7,150,,,,,,,,,,,,,,,,,164.2,170,164.3,100,,,,,,,,,,,,,,,,
2026-07-07T02:00:10.903940+00:00,2026-07-07T02:00:10.903846,3,2,164.1,0.2,164.0,20,163.8,100,163.7,150,,,,,,,,,,,,,,,164.2,150,164.3,100,,,,,,,,,,,,,,,,
2026-07-07T02:00:10.908920+00:00,2026-07-07T02:00:10.909006,3,3,164.1,0.2,164.0,20,163.8,100,163.7,150,,,,,,,,,,,,,,,164.2,150,164.3,100,164.4,20,,,,,,,,,,,,,,
2026-07-07T02:00:11.113836+00:00,2026-07-07T02:00:11.113714,3,2,164.1,0.2,164.0,20,163.8,100,163.7,150,,,,,,,,,,,,,,,164.2,150,164.3,100,,,,,,,,,,,,,,,,
2026-07-07T02:00:11.118914+00:00,2026-07-07T02:00:11.118882,3,3,164.1,0.2,164.0,20,163.8,100,163.7,150,,,,,,,,,,,,,,,164.2,150,164.3,100,164.4,20,,,,,,,,,,,,,,
2026-07-07T02:00:11.334217+00:00,2026-07-07T02:00:11.334094,2,2,164.0,0.4,163.8,100,163.7,150,,,,,,,,,,,,,,,,,164.2,150,164.3,100,,,,,,,,,,,,,,,,
2026-07-07T02:00:11.339204+00:00,2026-07-07T02:00:11.339395,3,2,164.1,0.2,164.0,20,163.8,100,163.7,150,,,,,,,,,,,,,,,164.2,150,164.3,100,,,,,,,,,,,,,,,,
2026-07-07T02:00:11.350648+00:00,2026-07-07T02:00:11.339598,3,3,164.1,0.2,164.0,20,163.8,100,163.7,150,,,,,,,,,,,,,,,164.2,150,164.3,100,164.4,20,,,,,,,,,,,,,,
2026-07-07T02:00:11.542162+00:00,2026-07-07T02:00:11.541999,2,3,164.0,0.4,163.8,100,163.7,150,,,,,,,,,,,,,,,,,164.2,150,164.3,100,164.4,20,,,,,,,,,,,,,,
2026-07-07T02:00:11.547274+00:00,2026-07-07T02:00:11.547227,2,2,164.0,0.4,163.8,100,163.7,150,,,,,,,,,,,,,,,,,164.2,150,164.3,100,,,,,,,,,,,,,,,,
2026-07-07T02:00:11.558565+00:00,2026-07-07T02:00:11.557597,2,3,163.95,0.3,163.8,100,163.7,170,,,,,,,,,,,,,,,,,164.1,20,164.2,150,164.3,100,,,,,,,,,,,,,,
2026-07-07T02:00:11.758548+00:00,2026-07-07T02:00:11.757404,2,2,164.0,0.4,163.8,100,163.7,170,,,,,,,,,,,,,,,,,164.2,150,164.3,100,,,,,,,,,,,,,,,,
2026-07-07T02:00:11.770251+00:00,2026-07-07T02:00:11.770217,2,3,163.95,0.3,163.8,100,163.7,170,,,,,,,,,,,,,,,,,164.1,20,164.2,150,164.3,100,,,,,,,,,,,,,,
2026-07-07T02:00:11.990069+00:00,2026-07-07T02:00:11.990213,2,2,164.0,0.4,163.8,100,163.7,150,,,,,,,,,,,,,,,,,164.2,150,164.3,100,,,,,,,,,,,,,,,,
2026-07-07T02:00:11.995599+00:00,2026-07-07T02:00:11.995489,2,3,163.95,0.3,163.8,100,163.7,170,,,,,,,,,,,,,,,,,164.1,20,164.2,150,164.3,100,,,,,,,,,,,,,,
2026-07-07T02:00:12.057461+00:00,2026-07-07T02:00:12.057609,2,2,163.95,0.3,163.8,100,163.7,20,,,,,,,,,,,,,,,,,164.1,20,164.3,100,,,,,,,,,,,,,,,,
2026-07-07T02:00:12.112919+00:00,2026-07-07T02:00:12.112755,3,2,163.95,0.3,163.8,100,163.7,20,163.6,150,,,,,,,,,,,,,,,164.1,20,164.3,100,,,,,,,,,,,,,,,,
2026-07-07T02:00:12.164198+00:00,2026-07-07T02:00:12.164076,3,2,163.95,0.3,163.8,100,163.7,20,163.6,150,,,,,,,,,,,,,,,164.1,170,164.3,100,,,,,,,,,,,,,,,,
2026-07-07T02:00:12.202463+00:00,2026-07-07T02:00:12.202345,2,2,163.95,0.3,163.8,100,163.6,150,,,,,,,,,,,,,,,,,164.1,150,164.3,100,,,,,,,,,,,,,,,,
2026-07-07T02:00:12.207656+00:00,2026-07-07T02:00:12.207572,3,2,163.95,0.3,163.8,100,163.7,20,163.6,150,,,,,,,,,,,,,,,164.1,170,164.3,100,,,,,,,,,,,,,,,,
2026-07-07T02:00:12.414598+00:00,2026-07-07T02:00:12.414759,3,2,163.95,0.3,163.8,100,163.7,20,163.6,150,,,,,,,,,,,,,,,164.1,150,164.3,100,,,,,,,,,,,,,,,,
2026-07-07T02:00:12.419834+00:00,2026-07-07T02:00:12.419917,3,2,163.95,0.3,163.8,100,163.7,20,163.6,150,,,,,,,,,,,,,,,164.1,170,164.3,100,,,,,,,,,,,,,,,,
2026-07-07T02:00:12.624468+00:00,2026-07-07T02:00:12.624626,3,2,163.95,0.3,163.8,100,163.7,20,163.6,150,,,,,,,,,,,,,,,164.1,150,164.3,100,,,,,,,,,,,,,,,,
2026-07-07T02:00:12.629938+00:00,2026-07-07T02:00:12.629789,3,2,163.95,0.3,163.8,100,163.7,20,163.6,150,,,,,,,,,,,,,,,164.1,170,164.3,100,,,,,,,,,,,,,,,,
2026-07-07T02:00:12.684517+00:00,2026-07-07T02:00:12.684478,3,2,163.95,0.3,163.8,50,163.7,20,163.6,150,,,,,,,,,,,,,,,164.1,170,164.3,100,,,,,,,,,,,,,,,,
2026-07-07T02:00:12.829538+00:00,2026-07-07T02:00:12.829426,3,2,163.95,0.3,163.8,50,163.7,20,163.6,150,,,,,,,,,,,,,,,164.1,150,164.3,100,,,,,,,,,,,,,,,,
2026-07-07T02:00:12.834682+00:00,2026-07-07T02:00:12.834653,3,2,163.95,0.3,163.8,50,163.7,20,163.6,150,,,,,,,,,,,,,,,164.1,150,164.3,100,,,,,,,,,,,,,,,,
2026-07-07T02:00:12.839964+00:00,2026-07-07T02:00:12.839852,3,2,163.95,0.3,163.8,50,163.7,20,163.6,150,,,,,,,,,,,,,,,164.1,170,164.3,100,,,,,,,,,,,,,,,,
2026-07-07T02:00:13.046259+00:00,2026-07-07T02:00:13.046178,2,2,163.95,0.3,163.8,50,163.6,150,,,,,,,,,,,,,,,,,164.1,150,164.3,100,,,,,,,,,,,,,,,,
2026-07-07T02:00:13.058551+00:00,2026-07-07T02:00:13.051463,3,2,163.95,0.3,163.8,50,163.7,20,163.6,150,,,,,,,,,,,,,,,164.1,170,164.3,100,,,,,,,,,,,,,,,,
2026-07-07T02:00:13.082824+00:00,2026-07-07T02:00:13.082738,3,1,163.95,0.3,163.8,50,163.7,20,163.6,150,,,,,,,,,,,,,,,164.1,170,,,,,,,,,,,,,,,,,,
2026-07-07T02:00:13.131703+00:00,2026-07-07T02:00:13.131645,4,1,163.95,0.3,163.8,50,163.7,20,163.6,150,163.4,100,,,,,,,,,,,,,164.1,170,,,,,,,,,,,,,,,,,,
2026-07-07T02:00:13.196100+00:00,2026-07-07T02:00:13.195967,4,2,163.85,0.1,163.8,50,163.7,20,163.6,150,163.4,100,,,,,,,,,,,,,163.9,100,164.1,170,,,,,,,,,,,,,,,,
2026-07-07T02:00:13.258753+00:00,2026-07-07T02:00:13.249836,4,2,163.85,0.1,163.8,50,163.7,20,163.6,150,163.4,100,,,,,,,,,,,,,163.9,100,164.1,150,,,,,,,,,,,,,,,,
2026-07-07T02:00:13.263896+00:00,2026-07-07T02:00:13.263852,4,2,163.85,0.1,163.8,50,163.7,20,163.6,150,163.4,100,,,,,,,,,,,,,163.9,100,164.1,170,,,,,,,,,,,,,,,,
2026-07-07T02:00:13.438584+00:00,2026-07-07T02:00:13.431108,4,2,163.85,0.1,163.8,50,163.7,20,163.6,150,163.4,100,,,,,,,,,,,,,163.9,88,164.1,170,,,,,,,,,,,,,,,,
2026-07-07T02:00:13.480378+00:00,2026-07-07T02:00:13.480238,3,2,163.85,0.1,163.8,50,163.6,150,163.4,100,,,,,,,,,,,,,,,163.9,88,164.1,150,,,,,,,,,,,,,,,,
2026-07-07T02:00:13.485525+00:00,2026-07-07T02:00:13.485487,3,3,163.85,0.1,163.8,70,163.6,150,163.4,100,,,,,,,,,,,,,,,163.9,88,164.1,150,164.2,20,,,,,,,,,,,,,,
2026-07-07T02:00:13.691818+00:00,2026-07-07T02:00:13.692060,3,2,163.85,0.1,163.8,70,163.6,150,163.4,100,,,,,,,,,,,,,,,163.9,88,164.1,150,,,,,,,,,,,,,,,,
2026-07-07T02:00:13.697158+00:00,2026-07-07T02:00:13.697281,3,3,163.85,0.1,163.8,70,163.6,150,163.4,100,,,,,,,,,,,,,,,163.9,88,164.1,150,164.2,20,,,,,,,,,,,,,,
2026-07-07T02:00:13.899671+00:00,2026-07-07T02:00:13.899600,3,2,163.85,0.1,163.8,50,163.6,150,163.4,100,,,,,,,,,,,,,,,163.9,88,164.1,150,,,,,,,,,,,,,,,,
2026-07-07T02:00:13.904896+00:00,2026-07-07T02:00:13.904813,3,3,163.85,0.1,163.8,70,163.6,150,163.4,100,,,,,,,,,,,,,,,163.9,88,164.1,150,164.2,20,,,,,,,,,,,,,,
2026-07-07T02:00:14.110581+00:00,2026-07-07T02:00:14.110480,3,2,163.85,0.1,163.8,50,163.6,150,163.4,100,,,,,,,,,,,,,,,163.9,88,164.1,150,,,,,,,,,,,,,,,,
2026-07-07T02:00:14.115807+00:00,2026-07-07T02:00:14.115742,3,3,163.85,0.1,163.8,70,163.6,150,163.4,100,,,,,,,,,,,,,,,163.9,88,164.1,150,164.2,20,,,,,,,,,,,,,,
2026-07-07T02:00:14.318025+00:00,2026-07-07T02:00:14.317885,3,2,163.85,0.1,163.8,70,163.6,150,163.4,100,,,,,,,,,,,,,,,163.9,88,164.1,150,,,,,,,,,,,,,,,,
2026-07-07T02:00:14.323183+00:00,2026-07-07T02:00:14.323123,3,2,163.85,0.1,163.8,70,163.6,150,163.4,100,,,,,,,,,,,,,,,163.9,88,164.1,150,,,,,,,,,,,,,,,,
2026-07-07T02:00:14.328414+00:00,2026-07-07T02:00:14.328304,3,3,163.85,0.1,163.8,70,163.6,150,163.4,100,,,,,,,,,,,,,,,163.9,88,164.1,150,164.2,20,,,,,,,,,,,,,,
2026-07-07T02:00:14.335554+00:00,2026-07-07T02:00:14.350476,3,3,163.85,0.1,163.8,20,163.6,150,163.4,100,,,,,,,,,,,,,,,163.9,88,164.1,150,164.2,20,,,,,,,,,,,,,,
2026-07-07T02:00:14.400988+00:00,2026-07-07T02:00:14.400907,4,3,163.85,0.1,163.8,20,163.7,50,163.6,150,163.4,100,,,,,,,,,,,,,163.9,88,164.1,150,164.2,20,,,,,,,,,,,,,,
2026-07-07T02:00:14.532999+00:00,2026-07-07T02:00:14.532966,4,2,163.85,0.1,163.8,20,163.7,50,163.6,150,163.4,100,,,,,,,,,,,,,163.9,88,164.1,150,,,,,,,,,,,,,,,,
2026-07-07T02:00:14.538239+00:00,2026-07-07T02:00:14.538133,4,3,163.85,0.1,163.8,20,163.7,50,163.6,150,163.4,100,,,,,,,,,,,,,163.9,88,164.1,150,164.2,20,,,,,,,,,,,,,,
2026-07-07T02:00:14.741007+00:00,2026-07-07T02:00:14.740903,3,2,163.8,0.2,163.7,50,163.6,150,163.4,100,,,,,,,,,,,,,,,163.9,88,164.1,150,,,,,,,,,,,,,,,,
2026-07-07T02:00:14.745968+00:00,2026-07-07T02:00:14.746113,4,3,163.85,0.1,163.8,20,163.7,50,163.6,150,163.4,100,,,,,,,,,,,,,163.9,88,164.1,150,164.2,20,,,,,,,,,,,,,,
2026-07-07T02:00:14.794505+00:00,2026-07-07T02:00:14.794430,3,3,163.8,0.2,163.7,20,163.6,150,163.4,100,,,,,,,,,,,,,,,163.9,88,164.1,150,164.2,20,,,,,,,,,,,,,,
2026-07-07T02:00:14.964047+00:00,2026-07-07T02:00:14.963895,3,2,163.8,0.2,163.7,40,163.6,150,163.4,100,,,,,,,,,,,,,,,163.9,88,164.1,170,,,,,,,,,,,,,,,,
2026-07-07T02:00:15.037409+00:00,2026-07-07T02:00:15.031883,3,2,163.8,0.2,163.7,40,163.6,150,163.4,100,,,,,,,,,,,,,,,163.9,77,164.1,170,,,,,,,,,,,,,,,,
2026-07-07T02:00:15.168026+00:00,2026-07-07T02:00:15.167945,3,2,163.8,0.2,163.7,20,163.6,150,163.4,100,,,,,,,,,,,,,,,163.9,77,164.1,150,,,,,,,,,,,,,,,,
2026-07-07T02:00:15.173278+00:00,2026-07-07T02:00:15.173177,4,3,163.85,0.1,163.8,20,163.7,20,163.6,150,163.4,100,,,,,,,,,,,,,163.9,77,164.1,150,164.2,20,,,,,,,,,,,,,,
2026-07-07T02:00:15.218740+00:00,2026-07-07T02:00:15.218684,3,2,163.85,0.1,163.8,20,163.7,20,163.4,100,,,,,,,,,,,,,,,163.9,77,164.2,20,,,,,,,,,,,,,,,,
2026-07-07T02:00:15.275386+00:00,2026-07-07T02:00:15.275291,3,2,163.85,0.1,163.8,20,163.7,170,163.4,100,,,,,,,,,,,,,,,163.9,77,164.2,20,,,,,,,,,,,,,,,,
2026-07-07T02:00:15.327774+00:00,2026-07-07T02:00:15.327737,3,2,163.85,0.1,163.8,20,163.7,170,163.4,100,,,,,,,,,,,,,,,163.9,77,164.2,170,,,,,,,,,,,,,,,,
2026-07-07T02:00:15.380967+00:00,2026-07-07T02:00:15.380878,2,2,163.8,0.2,163.7,170,163.4,100,,,,,,,,,,,,,,,,,163.9,77,164.2,150,,,,,,,,,,,,,,,,
2026-07-07T02:00:15.386168+00:00,2026-07-07T02:00:15.386059,3,2,163.85,0.1,163.8,20,163.7,170,163.4,100,,,,,,,,,,,,,,,163.9,77,164.2,170,,,,,,,,,,,,,,,,
2026-07-07T02:00:15.619791+00:00,2026-07-07T02:00:15.619712,2,2,163.8,0.2,163.7,170,163.4,100,,,,,,,,,,,,,,,,,163.9,77,164.2,150,,,,,,,,,,,,,,,,
2026-07-07T02:00:15.625101+00:00,2026-07-07T02:00:15.624969,3,2,163.85,0.1,163.8,20,163.7,170,163.4,100,,,,,,,,,,,,,,,163.9,77,164.2,150,,,,,,,,,,,,,,,,
2026-07-07T02:00:15.640714+00:00,2026-07-07T02:00:15.640666,3,2,163.85,0.1,163.8,20,163.7,170,163.4,100,,,,,,,,,,,,,,,163.9,77,164.2,170,,,,,,,,,,,,,,,,
2026-07-07T02:00:15.845677+00:00,2026-07-07T02:00:15.845640,3,2,163.85,0.1,163.8,20,163.7,170,163.4,100,,,,,,,,,,,,,,,163.9,77,164.2,150,,,,,,,,,,,,,,,,
2026-07-07T02:00:15.858698+00:00,2026-07-07T02:00:15.850813,3,2,163.85,0.1,163.8,20,163.7,170,163.4,100,,,,,,,,,,,,,,,163.9,77,164.2,170,,,,,,,,,,,,,,,,
2026-07-07T02:00:16.054138+00:00,2026-07-07T02:00:16.054313,2,2,163.8,0.2,163.7,170,163.4,100,,,,,,,,,,,,,,,,,163.9,77,164.2,150,,,,,,,,,,,,,,,,
2026-07-07T02:00:16.059661+00:00,2026-07-07T02:00:16.059611,3,2,163.85,0.1,163.8,20,163.7,170,163.4,100,,,,,,,,,,,,,,,163.9,77,164.2,170,,,,,,,,,,,,,,,,
2026-07-07T02:00:16.245468+00:00,2026-07-07T02:00:16.245440,2,1,164.0,0.4,163.8,20,163.7,170,,,,,,,,,,,,,,,,,164.2,170,,,,,,,,,,,,,,,,,,
2026-07-07T02:00:16.267773+00:00,2026-07-07T02:00:16.267713,2,1,164.0,0.4,163.8,20,163.7,170,,,,,,,,,,,,,,,,,164.2,150,,,,,,,,,,,,,,,,,,
2026-07-07T02:00:16.272984+00:00,2026-07-07T02:00:16.272910,2,1,164.0,0.4,163.8,20,163.7,170,,,,,,,,,,,,,,,,,164.2,170,,,,,,,,,,,,,,,,,,
2026-07-07T02:00:16.302325+00:00,2026-07-07T02:00:16.302202,3,1,164.0,0.4,163.8,20,163.7,170,163.6,100,,,,,,,,,,,,,,,164.2,170,,,,,,,,,,,,,,,,,,
2026-07-07T02:00:16.363648+00:00,2026-07-07T02:00:16.363754,3,2,163.95,0.3,163.8,20,163.7,170,163.6,100,,,,,,,,,,,,,,,164.1,100,164.2,170,,,,,,,,,,,,,,,,
2026-07-07T02:00:16.443440+00:00,2026-07-07T02:00:16.443377,3,2,163.95,0.3,163.8,20,163.7,170,163.6,100,,,,,,,,,,,,,,,164.1,135,164.2,170,,,,,,,,,,,,,,,,
2026-07-07T02:00:16.477947+00:00,2026-07-07T02:00:16.478105,2,2,163.9,0.4,163.7,170,163.6,100,,,,,,,,,,,,,,,,,164.1,135,164.2,150,,,,,,,,,,,,,,,,
2026-07-07T02:00:16.483185+00:00,2026-07-07T02:00:16.483311,3,2,163.95,0.3,163.8,20,163.7,170,163.6,100,,,,,,,,,,,,,,,164.1,135,164.2,170,,,,,,,,,,,,,,,,
2026-07-07T02:00:16.689710+00:00,2026-07-07T02:00:16.689574,3,2,163.95,0.3,163.8,20,163.7,170,163.6,100,,,,,,,,,,,,,,,164.1,135,164.2,150,,,,,,,,,,,,,,,,
2026-07-07T02:00:16.694862+00:00,2026-07-07T02:00:16.694832,3,2,163.95,0.3,163.8,20,163.7,170,163.6,100,,,,,,,,,,,,,,,164.1,135,164.2,170,,,,,,,,,,,,,,,,
2026-07-07T02:00:16.867777+00:00,2026-07-07T02:00:16.846267,3,2,163.95,0.3,163.8,20,163.7,170,163.6,100,,,,,,,,,,,,,,,164.1,85,164.2,170,,,,,,,,,,,,,,,,
2026-07-07T02:00:16.893804+00:00,2026-07-07T02:00:16.893724,3,2,163.95,0.3,163.8,20,163.7,170,163.6,100,,,,,,,,,,,,,,,164.1,85,164.2,150,,,,,,,,,,,,,,,,
2026-07-07T02:00:16.899047+00:00,2026-07-07T02:00:16.898971,3,2,163.95,0.3,163.8,20,163.7,170,163.6,100,,,,,,,,,,,,,,,164.1,85,164.2,150,,,,,,,,,,,,,,,,
2026-07-07T02:00:16.904055+00:00,2026-07-07T02:00:16.904167,3,2,163.95,0.3,163.8,20,163.7,170,163.6,100,,,,,,,,,,,,,,,164.1,85,164.2,170,,,,,,,,,,,,,,,,
2026-07-07T02:00:17.108743+00:00,2026-07-07T02:00:17.108958,2,2,163.9,0.4,163.7,170,163.6,100,,,,,,,,,,,,,,,,,164.1,85,164.2,150,,,,,,,,,,,,,,,,
2026-07-07T02:00:17.114421+00:00,2026-07-07T02:00:17.114299,3,2,163.95,0.3,163.8,20,163.7,170,163.6,100,,,,,,,,,,,,,,,164.1,85,164.2,170,,,,,,,,,,,,,,,,
2026-07-07T02:00:17.149440+00:00,2026-07-07T02:00:17.149665,3,2,163.95,0.3,163.8,20,163.7,170,163.6,100,,,,,,,,,,,,,,,164.1,45,164.2,170,,,,,,,,,,,,,,,,
2026-07-07T02:00:17.322240+00:00,2026-07-07T02:00:17.322186,3,2,163.95,0.3,163.8,20,163.7,170,163.6,100,,,,,,,,,,,,,,,164.1,45,164.2,150,,,,,,,,,,,,,,,,
2026-07-07T02:00:17.327266+00:00,2026-07-07T02:00:17.327384,3,2,163.95,0.3,163.8,20,163.7,170,163.6,100,,,,,,,,,,,,,,,164.1,45,164.2,170,,,,,,,,,,,,,,,,
2026-07-07T02:00:17.532005+00:00,2026-07-07T02:00:17.531862,2,2,163.9,0.4,163.7,170,163.6,100,,,,,,,,,,,,,,,,,164.1,45,164.2,150,,,,,,,,,,,,,,,,
2026-07-07T02:00:17.537160+00:00,2026-07-07T02:00:17.537108,3,2,163.95,0.3,163.8,20,163.7,170,163.6,100,,,,,,,,,,,,,,,164.1,45,164.2,170,,,,,,,,,,,,,,,,
2026-07-07T02:00:17.738920+00:00,2026-07-07T02:00:17.738881,3,2,163.95,0.3,163.8,20,163.7,170,163.6,100,,,,,,,,,,,,,,,164.1,45,164.2,150,,,,,,,,,,,,,,,,
2026-07-07T02:00:17.744212+00:00,2026-07-07T02:00:17.744096,3,2,163.95,0.3,163.8,20,163.7,170,163.6,100,,,,,,,,,,,,,,,164.1,45,164.2,150,,,,,,,,,,,,,,,,
2026-07-07T02:00:17.749349+00:00,2026-07-07T02:00:17.749270,3,2,163.95,0.3,163.8,20,163.7,170,163.6,100,,,,,,,,,,,,,,,164.1,45,164.2,170,,,,,,,,,,,,,,,,
2026-07-07T02:00:17.804719+00:00,2026-07-07T02:00:17.804572,3,2,163.95,0.3,163.8,20,163.7,170,163.6,100,,,,,,,,,,,,,,,164.1,3,164.2,170,,,,,,,,,,,,,,,,
2026-07-07T02:00:17.958623+00:00,2026-07-07T02:00:17.951630,3,2,163.95,0.3,163.8,20,163.7,170,163.6,100,,,,,,,,,,,,,,,164.1,3,164.2,170,,,,,,,,,,,,,,,,
2026-07-07T02:00:18.165346+00:00,2026-07-07T02:00:18.165267,2,2,163.9,0.4,163.7,170,163.6,100,,,,,,,,,,,,,,,,,164.1,3,164.2,150,,,,,,,,,,,,,,,,
2026-07-07T02:00:18.170698+00:00,2026-07-07T02:00:18.170596,3,2,163.95,0.3,163.8,20,163.7,150,163.6,100,,,,,,,,,,,,,,,164.1,3,164.2,170,,,,,,,,,,,,,,,,
2026-07-07T02:00:18.259083+00:00,2026-07-07T02:00:18.258826,4,1,164.05,0.3,163.9,50,163.8,20,163.7,150,163.6,100,,,,,,,,,,,,,164.2,170,,,,,,,,,,,,,,,,,,
2026-07-07T02:00:18.377064+00:00,2026-07-07T02:00:18.376965,3,1,164.05,0.3,163.9,50,163.7,150,163.6,100,,,,,,,,,,,,,,,164.2,150,,,,,,,,,,,,,,,,,,
2026-07-07T02:00:18.382235+00:00,2026-07-07T02:00:18.382206,3,0,,,163.9,50,163.8,20,163.6,100,,,,,,,,,,,,,,,,,,,,,,,,,,,,,,,,,,
2026-07-07T02:00:18.387308+00:00,2026-07-07T02:00:18.387395,3,1,164.05,0.3,163.9,50,163.8,20,163.6,100,,,,,,,,,,,,,,,164.2,20,,,,,,,,,,,,,,,,,,
2026-07-07T02:00:18.436082+00:00,2026-07-07T02:00:18.435973,3,1,164.05,0.3,163.9,50,163.8,170,163.6,100,,,,,,,,,,,,,,,164.2,20,,,,,,,,,,,,,,,,,,
2026-07-07T02:00:18.488765+00:00,2026-07-07T02:00:18.488731,3,1,164.05,0.3,163.9,50,163.8,170,163.6,100,,,,,,,,,,,,,,,164.2,170,,,,,,,,,,,,,,,,,,
2026-07-07T02:00:18.590832+00:00,2026-07-07T02:00:18.590989,3,1,164.05,0.3,163.9,50,163.8,150,163.6,100,,,,,,,,,,,,,,,164.2,150,,,,,,,,,,,,,,,,,,
2026-07-07T02:00:18.596350+00:00,2026-07-07T02:00:18.596227,3,1,164.05,0.3,163.9,50,163.8,170,163.6,100,,,,,,,,,,,,,,,164.2,170,,,,,,,,,,,,,,,,,,
2026-07-07T02:00:18.803497+00:00,2026-07-07T02:00:18.803375,3,1,164.05,0.3,163.9,50,163.8,170,163.6,100,,,,,,,,,,,,,,,164.2,150,,,,,,,,,,,,,,,,,,
2026-07-07T02:00:18.808708+00:00,2026-07-07T02:00:18.808593,3,1,164.05,0.3,163.9,50,163.8,170,163.6,100,,,,,,,,,,,,,,,164.2,170,,,,,,,,,,,,,,,,,,
2026-07-07T02:00:19.007230+00:00,2026-07-07T02:00:19.007125,2,1,164.0,0.4,163.8,170,163.6,100,,,,,,,,,,,,,,,,,164.2,170,,,,,,,,,,,,,,,,,,
2026-07-07T02:00:19.012394+00:00,2026-07-07T02:00:19.012349,2,1,164.0,0.4,163.8,170,163.6,100,,,,,,,,,,,,,,,,,164.2,150,,,,,,,,,,,,,,,,,,
2026-07-07T02:00:19.017624+00:00,2026-07-07T02:00:19.017517,2,1,164.0,0.4,163.8,170,163.6,100,,,,,,,,,,,,,,,,,164.2,170,,,,,,,,,,,,,,,,,,
2026-07-07T02:00:19.241860+00:00,2026-07-07T02:00:19.241764,2,1,164.0,0.4,163.8,150,163.6,100,,,,,,,,,,,,,,,,,164.2,150,,,,,,,,,,,,,,,,,,
2026-07-07T02:00:19.258806+00:00,2026-07-07T02:00:19.258710,2,1,164.0,0.4,163.8,170,163.6,100,,,,,,,,,,,,,,,,,164.2,170,,,,,,,,,,,,,,,,,,
2026-07-07T02:00:19.407394+00:00,2026-07-07T02:00:19.407283,1,1,164.0,0.4,163.8,170,,,,,,,,,,,,,,,,,,,164.2,170,,,,,,,,,,,,,,,,,,
2026-07-07T02:00:19.450990+00:00,2026-07-07T02:00:19.450938,1,1,164.0,0.4,163.8,170,,,,,,,,,,,,,,,,,,,164.2,150,,,,,,,,,,,,,,,,,,
2026-07-07T02:00:19.458588+00:00,2026-07-07T02:00:19.456229,2,1,164.05,0.3,163.9,100,163.8,170,,,,,,,,,,,,,,,,,164.2,170,,,,,,,,,,,,,,,,,,
2026-07-07T02:00:19.512257+00:00,2026-07-07T02:00:19.512346,2,2,164.05,0.3,163.9,100,163.8,170,,,,,,,,,,,,,,,,,164.2,170,164.4,100,,,,,,,,,,,,,,,,
2026-07-07T02:00:19.667389+00:00,2026-07-07T02:00:19.667283,2,2,164.05,0.3,163.9,100,163.8,170,,,,,,,,,,,,,,,,,164.2,150,164.4,100,,,,,,,,,,,,,,,,
2026-07-07T02:00:19.672372+00:00,2026-07-07T02:00:19.672469,2,2,164.05,0.3,163.9,100,163.8,170,,,,,,,,,,,,,,,,,164.2,170,164.4,100,,,,,,,,,,,,,,,,
2026-07-07T02:00:19.874402+00:00,2026-07-07T02:00:19.874318,2,2,164.05,0.3,163.9,100,163.8,150,,,,,,,,,,,,,,,,,164.2,150,164.4,100,,,,,,,,,,,,,,,,
2026-07-07T02:00:19.879537+00:00,2026-07-07T02:00:19.879513,3,3,164.0,0.2,163.9,100,163.8,150,163.7,20,,,,,,,,,,,,,,,164.1,20,164.2,150,164.4,100,,,,,,,,,,,,,,
2026-07-07T02:00:20.081470+00:00,2026-07-07T02:00:20.081411,3,2,164.05,0.3,163.9,100,163.8,150,163.7,20,,,,,,,,,,,,,,,164.2,150,164.4,100,,,,,,,,,,,,,,,,
2026-07-07T02:00:20.086715+00:00,2026-07-07T02:00:20.086623,2,2,164.05,0.3,163.9,100,163.8,170,,,,,,,,,,,,,,,,,164.2,150,164.4,100,,,,,,,,,,,,,,,,
2026-07-07T02:00:20.091913+00:00,2026-07-07T02:00:20.091816,2,2,164.05,0.3,163.9,100,163.8,170,,,,,,,,,,,,,,,,,164.2,170,164.4,100,,,,,,,,,,,,,,,,
2026-07-07T02:00:20.118988+00:00,2026-07-07T02:00:20.118827,2,2,164.05,0.3,163.9,52,163.8,170,,,,,,,,,,,,,,,,,164.2,170,164.4,100,,,,,,,,,,,,,,,,
2026-07-07T02:00:20.301775+00:00,2026-07-07T02:00:20.301715,2,2,164.05,0.3,163.9,52,163.8,170,,,,,,,,,,,,,,,,,164.2,150,164.4,100,,,,,,,,,,,,,,,,
2026-07-07T02:00:20.307048+00:00,2026-07-07T02:00:20.306954,2,2,164.05,0.3,163.9,52,163.8,170,,,,,,,,,,,,,,,,,164.2,170,164.4,100,,,,,,,,,,,,,,,,
2026-07-07T02:00:20.331701+00:00,2026-07-07T02:00:20.331806,2,3,164.0,0.2,163.9,52,163.8,170,,,,,,,,,,,,,,,,,164.1,50,164.2,170,164.4,100,,,,,,,,,,,,,,
2026-07-07T02:00:20.512736+00:00,2026-07-07T02:00:20.512948,2,3,164.0,0.2,163.9,52,163.8,170,,,,,,,,,,,,,,,,,164.1,50,164.2,150,164.4,100,,,,,,,,,,,,,,
2026-07-07T02:00:20.518240+00:00,2026-07-07T02:00:20.518125,2,3,164.0,0.2,163.9,52,163.8,170,,,,,,,,,,,,,,,,,164.1,50,164.2,170,164.4,100,,,,,,,,,,,,,,
2026-07-07T02:00:20.723630+00:00,2026-07-07T02:00:20.723588,2,3,164.0,0.2,163.9,52,163.8,150,,,,,,,,,,,,,,,,,164.1,50,164.2,150,164.4,100,,,,,,,,,,,,,,
2026-07-07T02:00:20.728933+00:00,2026-07-07T02:00:20.728814,2,3,164.0,0.2,163.9,52,163.8,170,,,,,,,,,,,,,,,,,164.1,50,164.2,170,164.4,100,,,,,,,,,,,,,,
2026-07-07T02:00:20.932476+00:00,2026-07-07T02:00:20.932338,2,3,164.0,0.2,163.9,52,163.8,150,,,,,,,,,,,,,,,,,164.1,50,164.2,150,164.4,100,,,,,,,,,,,,,,
2026-07-07T02:00:20.937789+00:00,2026-07-07T02:00:20.937625,2,3,164.0,0.2,163.9,52,163.8,170,,,,,,,,,,,,,,,,,164.1,50,164.2,170,164.4,100,,,,,,,,,,,,,,
2026-07-07T02:00:21.144812+00:00,2026-07-07T02:00:21.144777,2,3,164.0,0.2,163.9,52,163.8,150,,,,,,,,,,,,,,,,,164.1,50,164.2,150,164.4,100,,,,,,,,,,,,,,
2026-07-07T02:00:21.158636+00:00,2026-07-07T02:00:21.150011,3,3,164.0,0.2,163.9,52,163.8,150,163.7,20,,,,,,,,,,,,,,,164.1,70,164.2,150,164.4,100,,,,,,,,,,,,,,
2026-07-07T02:00:21.357890+00:00,2026-07-07T02:00:21.358124,2,3,164.0,0.2,163.9,52,163.8,170,,,,,,,,,,,,,,,,,164.1,50,164.2,170,164.4,100,,,,,,,,,,,,,,
2026-07-07T02:00:21.542405+00:00,2026-07-07T02:00:21.542353,2,3,164.0,0.2,163.9,52,163.8,20,,,,,,,,,,,,,,,,,164.1,50,164.2,20,164.4,100,,,,,,,,,,,,,,
2026-07-07T02:00:21.569116+00:00,2026-07-07T02:00:21.569265,1,2,164.0,0.2,163.9,52,,,,,,,,,,,,,,,,,,,164.1,50,164.4,100,,,,,,,,,,,,,,,,
2026-07-07T02:00:21.574618+00:00,2026-07-07T02:00:21.574555,2,3,164.0,0.2,163.9,52,163.8,20,,,,,,,,,,,,,,,,,164.1,50,164.2,20,164.4,100,,,,,,,,,,,,,,
2026-07-07T02:00:21.597136+00:00,2026-07-07T02:00:21.597013,3,3,164.0,0.2,163.9,52,163.8,20,163.7,150,,,,,,,,,,,,,,,164.1,50,164.2,20,164.4,100,,,,,,,,,,,,,,
2026-07-07T02:00:21.664326+00:00,2026-07-07T02:00:21.664096,3,3,164.0,0.2,163.9,52,163.8,20,163.7,150,,,,,,,,,,,,,,,164.1,50,164.2,170,164.4,100,,,,,,,,,,,,,,
2026-07-07T02:00:21.782963+00:00,2026-07-07T02:00:21.782746,2,3,164.0,0.2,163.9,52,163.7,150,,,,,,,,,,,,,,,,,164.1,50,164.2,150,164.4,100,,,,,,,,,,,,,,
2026-07-07T02:00:21.788232+00:00,2026-07-07T02:00:21.788097,3,3,164.0,0.2,163.9,52,163.8,20,163.7,150,,,,,,,,,,,,,,,164.1,50,164.2,170,164.4,100,,,,,,,,,,,,,,
2026-07-07T02:00:21.994210+00:00,2026-07-07T02:00:21.994182,3,3,164.0,0.2,163.9,52,163.8,20,163.7,150,,,,,,,,,,,,,,,164.1,50,164.2,150,164.4,100,,,,,,,,,,,,,,
2026-07-07T02:00:21.999473+00:00,2026-07-07T02:00:21.999327,3,3,164.0,0.2,163.9,52,163.8,20,163.7,150,,,,,,,,,,,,,,,164.1,50,164.2,170,164.4,100,,,,,,,,,,,,,,
2026-07-07T02:00:22.203775+00:00,2026-07-07T02:00:22.204044,3,3,164.0,0.2,163.9,52,163.8,20,163.7,150,,,,,,,,,,,,,,,164.1,50,164.2,150,164.4,100,,,,,,,,,,,,,,
2026-07-07T02:00:22.209311+00:00,2026-07-07T02:00:22.209265,3,3,164.0,0.2,163.9,52,163.8,70,163.7,150,,,,,,,,,,,,,,,164.1,50,164.2,170,164.4,100,,,,,,,,,,,,,,
2026-07-07T02:00:22.414667+00:00,2026-07-07T02:00:22.414631,3,3,164.0,0.2,163.9,52,163.8,70,163.7,150,,,,,,,,,,,,,,,164.1,50,164.2,150,164.4,100,,,,,,,,,,,,,,
2026-07-07T02:00:22.419875+00:00,2026-07-07T02:00:22.419796,3,3,164.0,0.2,163.9,52,163.8,70,163.7,150,,,,,,,,,,,,,,,164.1,50,164.2,170,164.4,100,,,,,,,,,,,,,,
2026-07-07T02:00:22.558586+00:00,2026-07-07T02:00:22.558019,2,2,163.95,0.3,163.8,70,163.7,150,,,,,,,,,,,,,,,,,164.1,50,164.2,170,,,,,,,,,,,,,,,,
2026-07-07T02:00:22.575005+00:00,2026-07-07T02:00:22.575143,2,2,163.95,0.3,163.8,70,163.7,150,,,,,,,,,,,,,,,,,164.1,4,164.2,170,,,,,,,,,,,,,,,,
2026-07-07T02:00:22.622586+00:00,2026-07-07T02:00:22.622477,2,2,163.95,0.3,163.8,150,163.7,150,,,,,,,,,,,,,,,,,164.1,4,164.2,150,,,,,,,,,,,,,,,,
2026-07-07T02:00:22.627755+00:00,2026-07-07T02:00:22.627630,2,2,163.95,0.3,163.8,170,163.7,150,,,,,,,,,,,,,,,,,164.1,4,164.2,150,,,,,,,,,,,,,,,,
2026-07-07T02:00:22.632732+00:00,2026-07-07T02:00:22.632812,2,2,163.95,0.3,163.8,170,163.7,150,,,,,,,,,,,,,,,,,164.1,4,164.2,170,,,,,,,,,,,,,,,,
2026-07-07T02:00:22.675661+00:00,2026-07-07T02:00:22.675592,2,3,163.95,0.3,163.8,170,163.7,150,,,,,,,,,,,,,,,,,164.1,4,164.2,170,164.3,100,,,,,,,,,,,,,,
2026-07-07T02:00:22.838114+00:00,2026-07-07T02:00:22.838014,2,3,163.95,0.3,163.8,150,163.7,150,,,,,,,,,,,,,,,,,164.1,4,164.2,150,164.3,100,,,,,,,,,,,,,,
2026-07-07T02:00:22.858750+00:00,2026-07-07T02:00:22.843331,2,3,163.95,0.3,163.8,170,163.7,150,,,,,,,,,,,,,,,,,164.1,4,164.2,170,164.3,100,,,,,,,,,,,,,,
2026-07-07T02:00:23.051185+00:00,2026-07-07T02:00:23.051372,2,3,163.95,0.3,163.8,170,163.7,150,,,,,,,,,,,,,,,,,164.1,4,164.2,150,164.3,100,,,,,,,,,,,,,,
2026-07-07T02:00:23.058650+00:00,2026-07-07T02:00:23.056607,2,3,163.95,0.3,163.8,170,163.7,150,,,,,,,,,,,,,,,,,164.1,4,164.2,170,164.3,100,,,,,,,,,,,,,,
2026-07-07T02:00:23.258562+00:00,2026-07-07T02:00:23.210540,2,3,163.95,0.3,163.8,120,163.7,150,,,,,,,,,,,,,,,,,164.1,4,164.2,170,164.3,100,,,,,,,,,,,,,,
2026-07-07T02:00:23.269357+00:00,2026-07-07T02:00:23.269163,2,3,163.95,0.3,163.8,120,163.7,150,,,,,,,,,,,,,,,,,164.1,4,164.2,170,164.3,100,,,,,,,,,,,,,,
2026-07-07T02:00:23.495531+00:00,2026-07-07T02:00:23.495476,2,3,163.95,0.3,163.8,100,163.7,150,,,,,,,,,,,,,,,,,164.1,4,164.2,150,164.3,100,,,,,,,,,,,,,,
2026-07-07T02:00:23.500778+00:00,2026-07-07T02:00:23.500726,2,3,163.95,0.3,163.8,120,163.7,150,,,,,,,,,,,,,,,,,164.1,4,164.2,150,164.3,100,,,,,,,,,,,,,,
2026-07-07T02:00:23.512312+00:00,2026-07-07T02:00:23.506726,2,3,163.95,0.3,163.8,120,163.7,150,,,,,,,,,,,,,,,,,164.1,4,164.2,170,164.3,100,,,,,,,,,,,,,,
2026-07-07T02:00:23.716606+00:00,2026-07-07T02:00:23.716552,2,3,163.95,0.3,163.8,100,163.7,150,,,,,,,,,,,,,,,,,164.1,4,164.2,150,164.3,100,,,,,,,,,,,,,,
2026-07-07T02:00:23.721882+00:00,2026-07-07T02:00:23.721797,2,3,163.95,0.3,163.8,100,163.7,170,,,,,,,,,,,,,,,,,164.1,24,164.2,150,164.3,100,,,,,,,,,,,,,,
2026-07-07T02:00:23.930599+00:00,2026-07-07T02:00:23.930482,2,3,163.95,0.3,163.8,100,163.7,150,,,,,,,,,,,,,,,,,164.1,4,164.2,150,164.3,100,,,,,,,,,,,,,,
2026-07-07T02:00:23.935804+00:00,2026-07-07T02:00:23.935707,2,3,163.95,0.3,163.8,100,163.7,170,,,,,,,,,,,,,,,,,164.1,24,164.2,150,164.3,100,,,,,,,,,,,,,,
2026-07-07T02:00:24.158605+00:00,2026-07-07T02:00:24.142970,2,3,163.95,0.3,163.8,100,163.7,170,,,,,,,,,,,,,,,,,164.1,24,164.2,150,164.3,100,,,,,,,,,,,,,,
2026-07-07T02:00:24.364029+00:00,2026-07-07T02:00:24.363986,2,3,163.95,0.3,163.8,100,163.7,170,,,,,,,,,,,,,,,,,164.1,24,164.2,150,164.3,100,,,,,,,,,,,,,,
2026-07-07T02:00:24.567297+00:00,2026-07-07T02:00:24.567182,2,3,163.95,0.3,163.8,100,163.7,170,,,,,,,,,,,,,,,,,164.1,4,164.2,150,164.3,100,,,,,,,,,,,,,,
2026-07-07T02:00:24.572566+00:00,2026-07-07T02:00:24.572453,2,3,163.95,0.3,163.8,100,163.7,170,,,,,,,,,,,,,,,,,164.1,24,164.2,150,164.3,100,,,,,,,,,,,,,,
2026-07-07T02:00:24.707087+00:00,2026-07-07T02:00:24.706989,2,2,163.95,0.3,163.8,100,163.7,20,,,,,,,,,,,,,,,,,164.1,24,164.3,100,,,,,,,,,,,,,,,,
2026-07-07T02:00:24.764020+00:00,2026-07-07T02:00:24.763851,3,2,163.95,0.3,163.8,100,163.7,20,163.6,150,,,,,,,,,,,,,,,164.1,24,164.3,100,,,,,,,,,,,,,,,,
2026-07-07T02:00:24.774563+00:00,2026-07-07T02:00:24.774450,2,2,163.95,0.3,163.8,100,163.6,150,,,,,,,,,,,,,,,,,164.1,4,164.3,100,,,,,,,,,,,,,,,,
2026-07-07T02:00:24.779898+00:00,2026-07-07T02:00:24.779801,2,3,163.9,0.2,163.8,100,163.6,170,,,,,,,,,,,,,,,,,164.0,20,164.1,4,164.3,100,,,,,,,,,,,,,,
2026-07-07T02:00:24.810638+00:00,2026-07-07T02:00:24.810496,2,3,163.9,0.2,163.8,100,163.6,170,,,,,,,,,,,,,,,,,164.0,20,164.1,154,164.3,100,,,,,,,,,,,,,,
2026-07-07T02:00:24.987971+00:00,2026-07-07T02:00:24.987890,2,2,163.95,0.3,163.8,100,163.6,150,,,,,,,,,,,,,,,,,164.1,154,164.3,100,,,,,,,,,,,,,,,,
2026-07-07T02:00:24.993001+00:00,2026-07-07T02:00:24.993220,2,3,163.9,0.2,163.8,100,163.6,170,,,,,,,,,,,,,,,,,164.0,20,164.1,154,164.3,100,,,,,,,,,,,,,,
2026-07-07T02:00:25.197455+00:00,2026-07-07T02:00:25.197375,2,2,163.95,0.3,163.8,100,163.6,150,,,,,,,,,,,,,,,,,164.1,154,164.3,100,,,,,,,,,,,,,,,,
2026-07-07T02:00:25.202653+00:00,2026-07-07T02:00:25.202592,2,3,163.9,0.2,163.8,100,163.6,170,,,,,,,,,,,,,,,,,164.0,20,164.1,154,164.3,100,,,,,,,,,,,,,,
2026-07-07T02:00:25.342011+00:00,2026-07-07T02:00:25.341910,2,3,163.9,0.2,163.8,50,163.6,170,,,,,,,,,,,,,,,,,164.0,20,164.1,154,164.3,100,,,,,,,,,,,,,,
2026-07-07T02:00:25.410882+00:00,2026-07-07T02:00:25.410778,3,2,163.95,0.3,163.8,50,163.6,150,163.5,20,,,,,,,,,,,,,,,164.1,154,164.3,100,,,,,,,,,,,,,,,,
2026-07-07T02:00:25.415987+00:00,2026-07-07T02:00:25.415951,3,3,163.85,0.1,163.8,50,163.6,150,163.5,20,,,,,,,,,,,,,,,163.9,20,164.1,154,164.3,100,,,,,,,,,,,,,,
2026-07-07T02:00:25.615486+00:00,2026-07-07T02:00:25.615614,3,2,163.95,0.3,163.8,50,163.6,150,163.5,20,,,,,,,,,,,,,,,164.1,154,164.3,100,,,,,,,,,,,,,,,,
2026-07-07T02:00:25.620911+00:00,2026-07-07T02:00:25.620820,3,2,163.95,0.3,163.8,50,163.6,150,163.5,20,,,,,,,,,,,,,,,164.1,154,164.3,100,,,,,,,,,,,,,,,,
2026-07-07T02:00:25.626032+00:00,2026-07-07T02:00:25.625998,3,3,163.85,0.1,163.8,50,163.6,150,163.5,20,,,,,,,,,,,,,,,163.9,20,164.1,154,164.3,100,,,,,,,,,,,,,,
2026-07-07T02:00:25.725207+00:00,2026-07-07T02:00:25.725145,3,2,163.85,0.1,163.8,50,163.6,150,163.5,20,,,,,,,,,,,,,,,163.9,20,164.1,154,,,,,,,,,,,,,,,,
2026-07-07T02:00:25.730377+00:00,2026-07-07T02:00:25.730322,2,2,163.75,0.3,163.6,150,163.5,20,,,,,,,,,,,,,,,,,163.9,20,164.1,154,,,,,,,,,,,,,,,,
2026-07-07T02:00:25.783164+00:00,2026-07-07T02:00:25.783099,3,2,163.75,0.3,163.6,150,163.5,20,163.3,100,,,,,,,,,,,,,,,163.9,20,164.1,154,,,,,,,,,,,,,,,,
2026-07-07T02:00:25.829902+00:00,2026-07-07T02:00:25.829803,2,1,163.85,0.5,163.6,150,163.3,100,,,,,,,,,,,,,,,,,164.1,154,,,,,,,,,,,,,,,,,,
2026-07-07T02:00:25.845060+00:00,2026-07-07T02:00:25.845271,3,3,163.7,0.2,163.6,150,163.5,20,163.3,100,,,,,,,,,,,,,,,163.8,100,163.9,20,164.1,154,,,,,,,,,,,,,,
2026-07-07T02:00:26.043408+00:00,2026-07-07T02:00:26.043277,3,2,163.7,0.2,163.6,150,163.5,20,163.3,100,,,,,,,,,,,,,,,163.8,100,164.1,154,,,,,,,,,,,,,,,,
2026-07-07T02:00:26.048659+00:00,2026-07-07T02:00:26.048567,3,3,163.7,0.2,163.6,150,163.5,20,163.3,100,,,,,,,,,,,,,,,163.8,100,163.9,20,164.1,154,,,,,,,,,,,,,,
2026-07-07T02:00:26.254346+00:00,2026-07-07T02:00:26.254261,3,2,163.7,0.2,163.6,150,163.5,20,163.3,100,,,,,,,,,,,,,,,163.8,100,164.1,154,,,,,,,,,,,,,,,,
2026-07-07T02:00:26.259652+00:00,2026-07-07T02:00:26.259521,3,3,163.7,0.2,163.6,150,163.5,20,163.3,100,,,,,,,,,,,,,,,163.8,100,163.9,20,164.1,154,,,,,,,,,,,,,,
2026-07-07T02:00:26.458675+00:00,2026-07-07T02:00:26.458142,3,2,163.7,0.2,163.6,150,163.5,20,163.3,100,,,,,,,,,,,,,,,163.8,100,164.1,154,,,,,,,,,,,,,,,,
2026-07-07T02:00:26.470849+00:00,2026-07-07T02:00:26.470948,3,3,163.7,0.2,163.6,150,163.5,20,163.3,100,,,,,,,,,,,,,,,163.8,100,163.9,20,164.1,154,,,,,,,,,,,,,,
2026-07-07T02:00:26.673502+00:00,2026-07-07T02:00:26.673443,2,2,163.7,0.2,163.6,150,163.3,100,,,,,,,,,,,,,,,,,163.8,100,164.1,154,,,,,,,,,,,,,,,,
2026-07-07T02:00:26.678752+00:00,2026-07-07T02:00:26.678652,3,2,163.7,0.2,163.6,150,163.4,20,163.3,100,,,,,,,,,,,,,,,163.8,100,164.1,154,,,,,,,,,,,,,,,,
2026-07-07T02:00:26.683735+00:00,2026-07-07T02:00:26.683836,3,2,163.7,0.2,163.6,150,163.4,20,163.3,100,,,,,,,,,,,,,,,163.8,120,164.1,154,,,,,,,,,,,,,,,,
2026-07-07T02:00:26.721878+00:00,2026-07-07T02:00:26.721742,4,2,163.75,0.1,163.7,50,163.6,150,163.4,20,163.3,100,,,,,,,,,,,,,163.8,120,164.1,154,,,,,,,,,,,,,,,,
2026-07-07T02:00:26.758558+00:00,2026-07-07T02:00:26.758386,4,2,163.75,0.1,163.7,50,163.6,150,163.4,20,163.3,100,,,,,,,,,,,,,163.8,120,164.1,150,,,,,,,,,,,,,,,,
2026-07-07T02:00:26.808160+00:00,2026-07-07T02:00:26.808256,4,3,163.75,0.1,163.7,50,163.6,150,163.4,20,163.3,100,,,,,,,,,,,,,163.8,120,164.0,50,164.1,150,,,,,,,,,,,,,,
2026-07-07T02:00:26.886072+00:00,2026-07-07T02:00:26.885922,3,3,163.75,0.1,163.7,50,163.6,150,163.3,100,,,,,,,,,,,,,,,163.8,100,164.0,50,164.1,150,,,,,,,,,,,,,,
2026-07-07T02:00:26.890997+00:00,2026-07-07T02:00:26.891111,4,3,163.75,0.1,163.7,50,163.6,150,163.4,20,163.3,100,,,,,,,,,,,,,163.8,120,164.0,50,164.1,150,,,,,,,,,,,,,,
2026-07-07T02:00:27.101845+00:00,2026-07-07T02:00:27.101786,3,3,163.75,0.1,163.7,50,163.6,150,163.3,100,,,,,,,,,,,,,,,163.8,100,164.0,50,164.1,150,,,,,,,,,,,,,,
2026-07-07T02:00:27.112158+00:00,2026-07-07T02:00:27.112091,4,3,163.75,0.1,163.7,50,163.6,150,163.4,20,163.3,100,,,,,,,,,,,,,163.8,120,164.0,50,164.1,150,,,,,,,,,,,,,,
2026-07-07T02:00:27.314595+00:00,2026-07-07T02:00:27.314523,4,3,163.75,0.1,163.7,50,163.6,150,163.5,20,163.3,100,,,,,,,,,,,,,163.8,100,164.0,50,164.1,150,,,,,,,,,,,,,,
2026-07-07T02:00:27.319805+00:00,2026-07-07T02:00:27.319702,4,4,163.75,0.1,163.7,50,163.6,150,163.5,20,163.3,100,,,,,,,,,,,,,163.8,100,163.9,20,164.0,50,164.1,150,,,,,,,,,,,,
2026-07-07T02:00:27.449027+00:00,2026-07-07T02:00:27.448902,3,4,163.7,0.2,163.6,150,163.5,20,163.3,100,,,,,,,,,,,,,,,163.8,100,163.9,20,164.0,50,164.1,150,,,,,,,,,,,,
2026-07-07T02:00:27.525934+00:00,2026-07-07T02:00:27.525822,3,3,163.7,0.2,163.6,150,163.5,20,163.3,100,,,,,,,,,,,,,,,163.8,100,164.0,50,164.1,150,,,,,,,,,,,,,,
2026-07-07T02:00:27.531157+00:00,2026-07-07T02:00:27.531006,3,4,163.7,0.2,163.6,150,163.5,20,163.3,100,,,,,,,,,,,,,,,163.8,100,163.9,20,164.0,50,164.1,150,,,,,,,,,,,,
2026-07-07T02:00:27.734867+00:00,2026-07-07T02:00:27.734811,2,3,163.7,0.2,163.6,150,163.3,100,,,,,,,,,,,,,,,,,163.8,100,164.0,50,164.1,150,,,,,,,,,,,,,,
2026-07-07T02:00:27.758857+00:00,2026-07-07T02:00:27.758653,3,3,163.7,0.2,163.6,150,163.5,20,163.3,100,,,,,,,,,,,,,,,163.8,100,164.0,50,164.1,150,,,,,,,,,,,,,,
2026-07-07T02:00:27.763818+00:00,2026-07-07T02:00:27.763952,3,4,163.7,0.2,163.6,150,163.5,20,163.3,100,,,,,,,,,,,,,,,163.8,100,163.9,20,164.0,50,164.1,150,,,,,,,,,,,,
2026-07-07T02:00:27.823000+00:00,2026-07-07T02:00:27.822878,3,4,163.7,0.2,163.6,110,163.5,20,163.3,100,,,,,,,,,,,,,,,163.8,100,163.9,20,164.0,50,164.1,150,,,,,,,,,,,,
2026-07-07T02:00:27.862663+00:00,2026-07-07T02:00:27.862595,2,3,163.65,0.3,163.5,20,163.3,100,,,,,,,,,,,,,,,,,163.8,100,163.9,20,164.0,50,,,,,,,,,,,,,,
2026-07-07T02:00:27.918153+00:00,2026-07-07T02:00:27.918054,2,3,163.65,0.3,163.5,20,163.3,250,,,,,,,,,,,,,,,,,163.8,100,163.9,20,164.0,50,,,,,,,,,,,,,,
2026-07-07T02:00:27.945489+00:00,2026-07-07T02:00:27.945434,2,2,163.65,0.3,163.5,20,163.3,250,,,,,,,,,,,,,,,,,163.8,100,164.0,50,,,,,,,,,,,,,,,,
2026-07-07T02:00:27.950518+00:00,2026-07-07T02:00:27.950646,2,2,163.7,0.2,163.6,20,163.3,250,,,,,,,,,,,,,,,,,163.8,100,164.0,50,,,,,,,,,,,,,,,,
2026-07-07T02:00:27.955886+00:00,2026-07-07T02:00:27.955839,2,2,163.7,0.2,163.6,20,163.3,250,,,,,,,,,,,,,,,,,163.8,100,164.0,70,,,,,,,,,,,,,,,,
2026-07-07T02:00:27.972470+00:00,2026-07-07T02:00:27.972402,2,2,163.7,0.2,163.6,20,163.3,250,,,,,,,,,,,,,,,,,163.8,250,164.0,70,,,,,,,,,,,,,,,,
2026-07-07T02:00:28.158630+00:00,2026-07-07T02:00:28.152536,1,2,163.55,0.5,163.3,250,,,,,,,,,,,,,,,,,,,163.8,250,164.0,50,,,,,,,,,,,,,,,,
2026-07-07T02:00:28.183769+00:00,2026-07-07T02:00:28.184000,2,2,163.7,0.2,163.6,20,163.3,250,,,,,,,,,,,,,,,,,163.8,250,164.0,70,,,,,,,,,,,,,,,,
2026-07-07T02:00:28.394198+00:00,2026-07-07T02:00:28.394140,2,2,163.7,0.2,163.6,20,163.3,250,,,,,,,,,,,,,,,,,163.8,250,164.0,50,,,,,,,,,,,,,,,,
2026-07-07T02:00:28.399407+00:00,2026-07-07T02:00:28.399347,2,2,163.7,0.2,163.6,20,163.3,250,,,,,,,,,,,,,,,,,163.8,250,164.0,70,,,,,,,,,,,,,,,,
2026-07-07T02:00:28.603990+00:00,2026-07-07T02:00:28.603863,1,2,163.55,0.5,163.3,250,,,,,,,,,,,,,,,,,,,163.8,250,164.0,50,,,,,,,,,,,,,,,,
2026-07-07T02:00:28.609207+00:00,2026-07-07T02:00:28.609082,2,2,163.7,0.2,163.6,20,163.3,250,,,,,,,,,,,,,,,,,163.8,250,164.0,70,,,,,,,,,,,,,,,,
2026-07-07T02:00:28.812241+00:00,2026-07-07T02:00:28.812411,1,2,163.55,0.5,163.3,250,,,,,,,,,,,,,,,,,,,163.8,250,164.0,50,,,,,,,,,,,,,,,,
2026-07-07T02:00:28.817803+00:00,2026-07-07T02:00:28.817686,2,2,163.7,0.2,163.6,20,163.3,250,,,,,,,,,,,,,,,,,163.8,250,164.0,50,,,,,,,,,,,,,,,,
2026-07-07T02:00:28.822994+00:00,2026-07-07T02:00:28.822908,2,2,163.7,0.2,163.6,20,163.3,250,,,,,,,,,,,,,,,,,163.8,250,164.0,70,,,,,,,,,,,,,,,,
2026-07-07T02:00:28.886990+00:00,2026-07-07T02:00:28.886907,2,2,163.7,0.2,163.6,20,163.3,250,,,,,,,,,,,,,,,,,163.8,150,164.0,70,,,,,,,,,,,,,,,,
2026-07-07T02:00:28.892183+00:00,2026-07-07T02:00:28.892098,2,2,163.7,0.2,163.6,20,163.3,150,,,,,,,,,,,,,,,,,163.8,150,164.0,70,,,,,,,,,,,,,,,,
2026-07-07T02:00:28.958615+00:00,2026-07-07T02:00:28.945238,3,2,163.7,0.2,163.6,20,163.4,100,163.3,150,,,,,,,,,,,,,,,163.8,150,164.0,70,,,,,,,,,,,,,,,,
2026-07-07T02:00:28.993195+00:00,2026-07-07T02:00:28.993362,3,3,163.7,0.2,163.6,20,163.4,100,163.3,150,,,,,,,,,,,,,,,163.8,150,163.9,100,164.0,70,,,,,,,,,,,,,,
2026-07-07T02:00:29.027943+00:00,2026-07-07T02:00:29.027846,3,3,163.7,0.2,163.6,20,163.4,100,163.3,150,,,,,,,,,,,,,,,163.8,150,163.9,100,164.0,50,,,,,,,,,,,,,,
2026-07-07T02:00:29.033073+00:00,2026-07-07T02:00:29.033012,3,3,163.7,0.2,163.6,20,163.4,100,163.3,150,,,,,,,,,,,,,,,163.8,150,163.9,100,164.0,70,,,,,,,,,,,,,,
2026-07-07T02:00:29.233890+00:00,2026-07-07T02:00:29.234086,3,3,163.7,0.2,163.6,20,163.4,100,163.3,150,,,,,,,,,,,,,,,163.8,150,163.9,100,164.0,50,,,,,,,,,,,,,,
2026-07-07T02:00:29.239508+00:00,2026-07-07T02:00:29.239451,3,3,163.75,0.1,163.7,20,163.4,100,163.3,150,,,,,,,,,,,,,,,163.8,150,163.9,100,164.0,50,,,,,,,,,,,,,,
2026-07-07T02:00:29.244767+00:00,2026-07-07T02:00:29.244675,3,4,163.75,0.1,163.7,20,163.4,100,163.3,150,,,,,,,,,,,,,,,163.8,150,163.9,100,164.0,50,164.1,20,,,,,,,,,,,,
2026-07-07T02:00:29.450369+00:00,2026-07-07T02:00:29.450316,2,3,163.6,0.4,163.4,100,163.3,150,,,,,,,,,,,,,,,,,163.8,150,163.9,100,164.0,50,,,,,,,,,,,,,,
2026-07-07T02:00:29.455616+00:00,2026-07-07T02:00:29.455565,3,4,163.75,0.1,163.7,20,163.4,100,163.3,150,,,,,,,,,,,,,,,163.8,150,163.9,100,164.0,50,164.1,20,,,,,,,,,,,,
2026-07-07T02:00:29.569269+00:00,2026-07-07T02:00:29.568994,2,4,163.6,0.4,163.4,70,163.3,150,,,,,,,,,,,,,,,,,163.8,150,163.9,100,164.0,50,164.1,20,,,,,,,,,,,,
2026-07-07T02:00:29.660259+00:00,2026-07-07T02:00:29.660120,2,3,163.6,0.4,163.4,70,163.3,150,,,,,,,,,,,,,,,,,163.8,150,163.9,100,164.0,50,,,,,,,,,,,,,,
2026-07-07T02:00:29.670704+00:00,2026-07-07T02:00:29.670602,3,3,163.7,0.2,163.6,20,163.4,70,163.3,150,,,,,,,,,,,,,,,163.8,150,163.9,100,164.0,50,,,,,,,,,,,,,,
2026-07-07T02:00:29.675891+00:00,2026-07-07T02:00:29.675792,3,3,163.7,0.2,163.6,20,163.4,70,163.3,150,,,,,,,,,,,,,,,163.8,150,163.9,100,164.0,70,,,,,,,,,,,,,,
2026-07-07T02:00:29.878972+00:00,2026-07-07T02:00:29.878928,2,3,163.6,0.4,163.4,70,163.3,150,,,,,,,,,,,,,,,,,163.8,150,163.9,100,164.0,50,,,,,,,,,,,,,,
2026-07-07T02:00:29.884261+00:00,2026-07-07T02:00:29.884182,3,3,163.7,0.2,163.6,20,163.4,70,163.3,150,,,,,,,,,,,,,,,163.8,150,163.9,100,164.0,70,,,,,,,,,,,,,,
2026-07-07T02:00:30.088506+00:00,2026-07-07T02:00:30.088406,3,3,163.7,0.2,163.6,20,163.4,70,163.3,150,,,,,,,,,,,,,,,163.8,150,163.9,100,164.0,50,,,,,,,,,,,,,,
2026-07-07T02:00:30.093498+00:00,2026-07-07T02:00:30.093720,3,3,163.7,0.2,163.6,20,163.4,70,163.3,150,,,,,,,,,,,,,,,163.8,150,163.9,100,164.0,50,,,,,,,,,,,,,,
2026-07-07T02:00:30.098995+00:00,2026-07-07T02:00:30.098914,3,3,163.7,0.2,163.6,20,163.4,70,163.3,150,,,,,,,,,,,,,,,163.8,150,163.9,100,164.0,70,,,,,,,,,,,,,,
2026-07-07T02:00:30.304075+00:00,2026-07-07T02:00:30.304277,3,3,163.7,0.2,163.6,20,163.4,70,163.3,150,,,,,,,,,,,,,,,163.8,150,163.9,100,164.0,50,,,,,,,,,,,,,,
2026-07-07T02:00:30.309366+00:00,2026-07-07T02:00:30.309468,3,3,163.7,0.2,163.6,20,163.4,70,163.3,150,,,,,,,,,,,,,,,163.8,150,163.9,100,164.0,70,,,,,,,,,,,,,,
2026-07-07T02:00:30.514603+00:00,2026-07-07T02:00:30.514522,2,3,163.6,0.4,163.4,70,163.3,150,,,,,,,,,,,,,,,,,163.8,150,163.9,100,164.0,50,,,,,,,,,,,,,,
2026-07-07T02:00:30.519841+00:00,2026-07-07T02:00:30.519795,3,3,163.7,0.2,163.6,20,163.4,70,163.3,150,,,,,,,,,,,,,,,163.8,150,163.9,100,164.0,70,,,,,,,,,,,,,,
2026-07-07T02:00:30.758582+00:00,2026-07-07T02:00:30.745174,3,3,163.7,0.2,163.6,20,163.4,70,163.3,150,,,,,,,,,,,,,,,163.8,150,163.9,100,164.0,70,,,,,,,,,,,,,,
2026-07-07T02:00:30.791818+00:00,2026-07-07T02:00:30.791690,2,3,163.6,0.4,163.4,70,163.3,150,,,,,,,,,,,,,,,,,163.8,150,163.9,100,164.0,70,,,,,,,,,,,,,,
2026-07-07T02:00:30.959077+00:00,2026-07-07T02:00:30.958943,2,3,163.6,0.4,163.4,70,163.3,150,,,,,,,,,,,,,,,,,163.8,150,163.9,100,164.0,50,,,,,,,,,,,,,,
2026-07-07T02:00:30.964302+00:00,2026-07-07T02:00:30.964209,3,3,163.7,0.2,163.6,20,163.4,70,163.3,150,,,,,,,,,,,,,,,163.8,150,163.9,100,164.0,50,,,,,,,,,,,,,,
2026-07-07T02:00:30.969412+00:00,2026-07-07T02:00:30.969371,3,3,163.7,0.2,163.6,20,163.4,70,163.3,150,,,,,,,,,,,,,,,163.8,150,163.9,100,164.0,70,,,,,,,,,,,,,,
2026-07-07T02:00:31.023844+00:00,2026-07-07T02:00:31.023748,2,2,163.75,0.3,163.6,20,163.4,70,,,,,,,,,,,,,,,,,163.9,100,164.0,70,,,,,,,,,,,,,,,,
2026-07-07T02:00:31.079305+00:00,2026-07-07T02:00:31.079192,2,2,163.75,0.3,163.6,20,163.4,220,,,,,,,,,,,,,,,,,163.9,100,164.0,70,,,,,,,,,,,,,,,,
2026-07-07T02:00:31.127025+00:00,2026-07-07T02:00:31.126980,2,2,163.75,0.3,163.6,20,163.4,220,,,,,,,,,,,,,,,,,163.9,250,164.0,70,,,,,,,,,,,,,,,,
2026-07-07T02:00:31.174102+00:00,2026-07-07T02:00:31.174002,2,2,163.75,0.3,163.6,20,163.4,220,,,,,,,,,,,,,,,,,163.9,250,164.0,50,,,,,,,,,,,,,,,,
2026-07-07T02:00:31.179321+00:00,2026-07-07T02:00:31.179212,2,2,163.75,0.3,163.6,20,163.4,220,,,,,,,,,,,,,,,,,163.9,250,164.0,70,,,,,,,,,,,,,,,,
2026-07-07T02:00:31.205208+00:00,2026-07-07T02:00:31.205131,2,2,163.75,0.3,163.6,70,163.4,220,,,,,,,,,,,,,,,,,163.9,250,164.0,70,,,,,,,,,,,,,,,,
2026-07-07T02:00:31.258658+00:00,2026-07-07T02:00:31.246804,2,2,163.75,0.3,163.6,70,163.4,220,,,,,,,,,,,,,,,,,163.9,250,164.0,20,,,,,,,,,,,,,,,,
2026-07-07T02:00:31.284017+00:00,2026-07-07T02:00:31.283925,2,2,163.75,0.3,163.6,70,163.4,220,,,,,,,,,,,,,,,,,163.9,300,164.0,20,,,,,,,,,,,,,,,,
2026-07-07T02:00:31.384921+00:00,2026-07-07T02:00:31.384839,3,1,163.75,0.3,163.6,50,163.5,20,163.4,220,,,,,,,,,,,,,,,163.9,300,,,,,,,,,,,,,,,,,,
2026-07-07T02:00:31.390085+00:00,2026-07-07T02:00:31.390011,3,1,163.75,0.3,163.6,50,163.5,20,163.4,220,,,,,,,,,,,,,,,163.9,320,,,,,,,,,,,,,,,,,,
2026-07-07T02:00:31.595142+00:00,2026-07-07T02:00:31.595008,2,1,163.75,0.3,163.6,50,163.4,220,,,,,,,,,,,,,,,,,163.9,300,,,,,,,,,,,,,,,,,,
2026-07-07T02:00:31.600353+00:00,2026-07-07T02:00:31.600246,3,1,163.75,0.3,163.6,50,163.5,20,163.4,220,,,,,,,,,,,,,,,163.9,320,,,,,,,,,,,,,,,,,,
2026-07-07T02:00:31.668104+00:00,2026-07-07T02:00:31.667936,2,1,163.7,0.4,163.5,20,163.4,220,,,,,,,,,,,,,,,,,163.9,320,,,,,,,,,,,,,,,,,,
2026-07-07T02:00:31.806891+00:00,2026-07-07T02:00:31.806855,1,1,163.65,0.5,163.4,220,,,,,,,,,,,,,,,,,,,163.9,300,,,,,,,,,,,,,,,,,,
2026-07-07T02:00:31.812139+00:00,2026-07-07T02:00:31.812071,2,1,163.7,0.4,163.5,20,163.4,220,,,,,,,,,,,,,,,,,163.9,320,,,,,,,,,,,,,,,,,,
2026-07-07T02:00:32.013626+00:00,2026-07-07T02:00:32.010183,1,1,163.65,0.5,163.4,220,,,,,,,,,,,,,,,,,,,163.9,300,,,,,,,,,,,,,,,,,,
2026-07-07T02:00:32.029251+00:00,2026-07-07T02:00:32.029145,2,1,163.7,0.4,163.5,20,163.4,220,,,,,,,,,,,,,,,,,163.9,320,,,,,,,,,,,,,,,,,,
2026-07-07T02:00:32.052103+00:00,2026-07-07T02:00:32.051957,2,1,163.7,0.4,163.5,20,163.4,150,,,,,,,,,,,,,,,,,163.9,220,,,,,,,,,,,,,,,,,,
2026-07-07T02:00:32.106478+00:00,2026-07-07T02:00:32.106416,3,1,163.7,0.4,163.5,20,163.4,150,163.3,100,,,,,,,,,,,,,,,163.9,220,,,,,,,,,,,,,,,,,,
2026-07-07T02:00:32.163977+00:00,2026-07-07T02:00:32.163852,3,2,163.65,0.3,163.5,20,163.4,150,163.3,100,,,,,,,,,,,,,,,163.8,100,163.9,220,,,,,,,,,,,,,,,,
2026-07-07T02:00:32.230236+00:00,2026-07-07T02:00:32.230382,2,2,163.6,0.4,163.4,150,163.3,100,,,,,,,,,,,,,,,,,163.8,100,163.9,200,,,,,,,,,,,,,,,,
2026-07-07T02:00:32.235674+00:00,2026-07-07T02:00:32.235602,3,2,163.65,0.3,163.5,20,163.4,150,163.3,100,,,,,,,,,,,,,,,163.8,100,163.9,220,,,,,,,,,,,,,,,,
2026-07-07T02:00:32.442164+00:00,2026-07-07T02:00:32.442099,2,2,163.6,0.4,163.4,150,163.3,100,,,,,,,,,,,,,,,,,163.8,100,163.9,200,,,,,,,,,,,,,,,,
2026-07-07T02:00:32.447458+00:00,2026-07-07T02:00:32.447346,3,2,163.65,0.3,163.5,20,163.4,150,163.3,100,,,,,,,,,,,,,,,163.8,100,163.9,220,,,,,,,,,,,,,,,,
2026-07-07T02:00:32.663646+00:00,2026-07-07T02:00:32.663817,3,2,163.65,0.3,163.5,20,163.4,150,163.3,100,,,,,,,,,,,,,,,163.8,100,163.9,220,,,,,,,,,,,,,,,,
2026-07-07T02:00:32.864001+00:00,2026-07-07T02:00:32.864208,2,2,163.6,0.4,163.4,150,163.3,100,,,,,,,,,,,,,,,,,163.8,100,163.9,200,,,,,,,,,,,,,,,,
2026-07-07T02:00:32.869505+00:00,2026-07-07T02:00:32.869469,3,2,163.65,0.3,163.5,20,163.4,150,163.3,100,,,,,,,,,,,,,,,163.8,100,163.9,220,,,,,,,,,,,,,,,,
2026-07-07T02:00:33.078068+00:00,2026-07-07T02:00:33.077969,3,2,163.65,0.3,163.5,20,163.4,150,163.3,100,,,,,,,,,,,,,,,163.8,100,163.9,200,,,,,,,,,,,,,,,,
2026-07-07T02:00:33.083307+00:00,2026-07-07T02:00:33.083177,3,2,163.65,0.3,163.5,20,163.4,150,163.3,100,,,,,,,,,,,,,,,163.8,100,163.9,220,,,,,,,,,,,,,,,,
2026-07-07T02:00:33.259458+00:00,2026-07-07T02:00:33.259299,3,2,163.65,0.3,163.5,20,163.4,150,163.3,100,,,,,,,,,,,,,,,163.8,53,163.9,220,,,,,,,,,,,,,,,,
2026-07-07T02:00:33.283903+00:00,2026-07-07T02:00:33.283691,3,2,163.65,0.3,163.5,20,163.4,150,163.3,100,,,,,,,,,,,,,,,163.8,53,163.9,200,,,,,,,,,,,,,,,,
2026-07-07T02:00:33.290775+00:00,2026-07-07T02:00:33.290659,3,2,163.65,0.3,163.5,20,163.4,150,163.3,100,,,,,,,,,,,,,,,163.8,53,163.9,220,,,,,,,,,,,,,,,,
2026-07-07T02:00:33.499082+00:00,2026-07-07T02:00:33.499035,3,2,163.65,0.3,163.5,20,163.4,150,163.3,100,,,,,,,,,,,,,,,163.8,53,163.9,200,,,,,,,,,,,,,,,,
2026-07-07T02:00:33.504127+00:00,2026-07-07T02:00:33.504223,3,2,163.65,0.3,163.5,20,163.4,150,163.3,100,,,,,,,,,,,,,,,163.8,53,163.9,220,,,,,,,,,,,,,,,,
2026-07-07T02:00:33.709041+00:00,2026-07-07T02:00:33.708985,3,2,163.65,0.3,163.5,20,163.4,150,163.3,100,,,,,,,,,,,,,,,163.8,53,163.9,200,,,,,,,,,,,,,,,,
2026-07-07T02:00:33.714357+00:00,2026-07-07T02:00:33.714281,3,2,163.65,0.3,163.5,20,163.4,150,163.3,100,,,,,,,,,,,,,,,163.8,53,163.9,220,,,,,,,,,,,,,,,,
2026-07-07T02:00:33.774830+00:00,2026-07-07T02:00:33.774648,2,2,163.6,0.4,163.4,120,163.3,100,,,,,,,,,,,,,,,,,163.8,53,163.9,220,,,,,,,,,,,,,,,,
2026-07-07T02:00:33.920693+00:00,2026-07-07T02:00:33.920602,2,2,163.6,0.4,163.4,120,163.3,100,,,,,,,,,,,,,,,,,163.8,53,163.9,200,,,,,,,,,,,,,,,,
2026-07-07T02:00:33.925943+00:00,2026-07-07T02:00:33.925913,3,2,163.65,0.3,163.5,20,163.4,120,163.3,100,,,,,,,,,,,,,,,163.8,53,163.9,200,,,,,,,,,,,,,,,,
2026-07-07T02:00:33.931190+00:00,2026-07-07T02:00:33.931107,3,2,163.65,0.3,163.5,20,163.4,120,163.3,100,,,,,,,,,,,,,,,163.8,53,163.9,220,,,,,,,,,,,,,,,,
2026-07-07T02:00:34.136735+00:00,2026-07-07T02:00:34.136663,2,2,163.6,0.4,163.4,120,163.3,100,,,,,,,,,,,,,,,,,163.8,53,163.9,200,,,,,,,,,,,,,,,,
2026-07-07T02:00:34.142026+00:00,2026-07-07T02:00:34.141861,3,2,163.65,0.3,163.5,20,163.4,120,163.3,100,,,,,,,,,,,,,,,163.8,53,163.9,200,,,,,,,,,,,,,,,,
2026-07-07T02:00:34.158740+00:00,2026-07-07T02:00:34.147108,3,2,163.65,0.3,163.5,20,163.4,120,163.3,100,,,,,,,,,,,,,,,163.8,53,163.9,220,,,,,,,,,,,,,,,,
2026-07-07T02:00:34.185046+00:00,2026-07-07T02:00:34.184973,2,2,163.65,0.3,163.5,20,163.3,100,,,,,,,,,,,,,,,,,163.8,53,163.9,70,,,,,,,,,,,,,,,,
2026-07-07T02:00:34.241767+00:00,2026-07-07T02:00:34.241685,3,2,163.65,0.3,163.5,20,163.3,100,163.2,150,,,,,,,,,,,,,,,163.8,53,163.9,70,,,,,,,,,,,,,,,,
2026-07-07T02:00:34.296099+00:00,2026-07-07T02:00:34.295926,3,3,163.6,0.2,163.5,20,163.3,100,163.2,150,,,,,,,,,,,,,,,163.7,150,163.8,53,163.9,70,,,,,,,,,,,,,,
2026-07-07T02:00:34.358947+00:00,2026-07-07T02:00:34.358771,2,3,163.5,0.4,163.3,100,163.2,150,,,,,,,,,,,,,,,,,163.7,150,163.8,53,163.9,50,,,,,,,,,,,,,,
2026-07-07T02:00:34.363886+00:00,2026-07-07T02:00:34.364143,3,3,163.6,0.2,163.5,20,163.3,100,163.2,150,,,,,,,,,,,,,,,163.7,150,163.8,53,163.9,70,,,,,,,,,,,,,,
2026-07-07T02:00:34.563638+00:00,2026-07-07T02:00:34.563860,3,3,163.6,0.2,163.5,20,163.3,100,163.2,150,,,,,,,,,,,,,,,163.7,150,163.8,53,163.9,50,,,,,,,,,,,,,,
2026-07-07T02:00:34.569108+00:00,2026-07-07T02:00:34.569039,3,3,163.6,0.2,163.5,20,163.3,100,163.2,150,,,,,,,,,,,,,,,163.7,150,163.8,53,163.9,70,,,,,,,,,,,,,,
2026-07-07T02:00:34.774903+00:00,2026-07-07T02:00:34.774848,2,3,163.5,0.4,163.3,100,163.2,150,,,,,,,,,,,,,,,,,163.7,150,163.8,53,163.9,50,,,,,,,,,,,,,,
2026-07-07T02:00:34.780147+00:00,2026-07-07T02:00:34.780037,3,3,163.6,0.2,163.5,20,163.3,100,163.2,150,,,,,,,,,,,,,,,163.7,150,163.8,53,163.9,50,,,,,,,,,,,,,,
2026-07-07T02:00:34.785388+00:00,2026-07-07T02:00:34.785274,3,3,163.6,0.2,163.5,20,163.3,100,163.2,150,,,,,,,,,,,,,,,163.7,150,163.8,53,163.9,70,,,,,,,,,,,,,,
2026-07-07T02:00:35.001209+00:00,2026-07-07T02:00:35.001140,2,3,163.5,0.4,163.3,100,163.2,150,,,,,,,,,,,,,,,,,163.7,150,163.8,53,163.9,50,,,,,,,,,,,,,,
2026-07-07T02:00:35.032743+00:00,2026-07-07T02:00:35.032688,3,3,163.6,0.2,163.5,20,163.3,100,163.2,150,,,,,,,,,,,,,,,163.7,150,163.8,53,163.9,70,,,,,,,,,,,,,,
2026-07-07T02:00:35.213816+00:00,2026-07-07T02:00:35.213734,2,2,163.6,0.2,163.5,20,163.2,150,,,,,,,,,,,,,,,,,163.7,150,163.9,70,,,,,,,,,,,,,,,,
2026-07-07T02:00:35.234658+00:00,2026-07-07T02:00:35.234600,2,2,163.6,0.2,163.5,20,163.2,150,,,,,,,,,,,,,,,,,163.7,150,163.9,50,,,,,,,,,,,,,,,,
2026-07-07T02:00:35.239888+00:00,2026-07-07T02:00:35.239823,2,2,163.6,0.2,163.5,20,163.2,150,,,,,,,,,,,,,,,,,163.7,150,163.9,50,,,,,,,,,,,,,,,,
2026-07-07T02:00:35.258574+00:00,2026-07-07T02:00:35.257412,3,2,163.6,0.2,163.5,20,163.4,100,163.2,150,,,,,,,,,,,,,,,163.7,150,163.9,70,,,,,,,,,,,,,,,,
2026-07-07T02:00:35.316345+00:00,2026-07-07T02:00:35.316250,3,2,163.6,0.2,163.5,20,163.4,100,163.2,150,,,,,,,,,,,,,,,163.7,150,163.9,170,,,,,,,,,,,,,,,,
2026-07-07T02:00:35.448377+00:00,2026-07-07T02:00:35.448630,3,2,163.6,0.2,163.5,20,163.4,100,163.2,150,,,,,,,,,,,,,,,163.7,150,163.9,150,,,,,,,,,,,,,,,,
2026-07-07T02:00:35.453731+00:00,2026-07-07T02:00:35.453831,3,2,163.6,0.2,163.5,20,163.4,100,163.2,150,,,,,,,,,,,,,,,163.7,150,163.9,170,,,,,,,,,,,,,,,,
2026-07-07T02:00:35.524889+00:00,2026-07-07T02:00:35.524820,3,2,163.6,0.2,163.5,20,163.4,123,163.2,150,,,,,,,,,,,,,,,163.7,150,163.9,170,,,,,,,,,,,,,,,,
2026-07-07T02:00:35.566510+00:00,2026-07-07T02:00:35.566408,3,2,163.6,0.2,163.5,20,163.4,123,163.2,150,,,,,,,,,,,,,,,163.7,150,163.9,120,,,,,,,,,,,,,,,,
2026-07-07T02:00:35.603516+00:00,2026-07-07T02:00:35.603426,3,2,163.6,0.2,163.5,20,163.4,123,163.2,150,,,,,,,,,,,,,,,163.7,200,163.9,120,,,,,,,,,,,,,,,,
2026-07-07T02:00:35.663804+00:00,2026-07-07T02:00:35.664084,3,2,163.6,0.2,163.5,20,163.4,123,163.2,150,,,,,,,,,,,,,,,163.7,200,163.9,120,,,,,,,,,,,,,,,,
2026-07-07T02:00:35.869678+00:00,2026-07-07T02:00:35.869618,3,2,163.6,0.2,163.5,20,163.4,123,163.2,150,,,,,,,,,,,,,,,163.7,200,163.9,100,,,,,,,,,,,,,,,,
2026-07-07T02:00:35.874731+00:00,2026-07-07T02:00:35.874829,3,2,163.6,0.2,163.5,20,163.4,123,163.2,150,,,,,,,,,,,,,,,163.7,200,163.9,120,,,,,,,,,,,,,,,,
2026-07-07T02:00:35.885171+00:00,2026-07-07T02:00:35.885256,2,2,163.55,0.3,163.4,93,163.2,150,,,,,,,,,,,,,,,,,163.7,200,163.9,120,,,,,,,,,,,,,,,,
2026-07-07T02:00:36.080907+00:00,2026-07-07T02:00:36.080757,2,2,163.55,0.3,163.4,93,163.2,150,,,,,,,,,,,,,,,,,163.7,200,163.9,100,,,,,,,,,,,,,,,,
2026-07-07T02:00:36.086087+00:00,2026-07-07T02:00:36.086048,2,2,163.55,0.3,163.4,113,163.2,150,,,,,,,,,,,,,,,,,163.7,200,163.9,100,,,,,,,,,,,,,,,,
2026-07-07T02:00:36.091367+00:00,2026-07-07T02:00:36.091244,2,3,163.55,0.3,163.4,113,163.2,150,,,,,,,,,,,,,,,,,163.7,200,163.8,20,163.9,100,,,,,,,,,,,,,,
2026-07-07T02:00:36.292434+00:00,2026-07-07T02:00:36.292407,2,2,163.55,0.3,163.4,93,163.2,150,,,,,,,,,,,,,,,,,163.7,200,163.9,100,,,,,,,,,,,,,,,,
2026-07-07T02:00:36.297773+00:00,2026-07-07T02:00:36.297591,2,2,163.55,0.3,163.4,113,163.2,150,,,,,,,,,,,,,,,,,163.7,200,163.9,100,,,,,,,,,,,,,,,,
2026-07-07T02:00:36.302936+00:00,2026-07-07T02:00:36.302807,2,3,163.55,0.3,163.4,113,163.2,150,,,,,,,,,,,,,,,,,163.7,200,163.8,20,163.9,100,,,,,,,,,,,,,,
2026-07-07T02:00:36.507383+00:00,2026-07-07T02:00:36.507314,2,2,163.55,0.3,163.4,113,163.2,150,,,,,,,,,,,,,,,,,163.7,200,163.9,100,,,,,,,,,,,,,,,,
2026-07-07T02:00:36.512396+00:00,2026-07-07T02:00:36.512539,2,3,163.55,0.3,163.4,113,163.2,150,,,,,,,,,,,,,,,,,163.7,200,163.8,20,163.9,100,,,,,,,,,,,,,,
2026-07-07T02:00:36.718256+00:00,2026-07-07T02:00:36.718167,2,2,163.55,0.3,163.4,113,163.2,150,,,,,,,,,,,,,,,,,163.7,200,163.9,100,,,,,,,,,,,,,,,,
2026-07-07T02:00:36.723467+00:00,2026-07-07T02:00:36.723352,2,3,163.55,0.3,163.4,113,163.2,150,,,,,,,,,,,,,,,,,163.7,200,163.8,20,163.9,100,,,,,,,,,,,,,,
2026-07-07T02:00:36.797888+00:00,2026-07-07T02:00:36.793881,2,3,163.55,0.3,163.4,113,163.2,150,,,,,,,,,,,,,,,,,163.7,189,163.8,20,163.9,100,,,,,,,,,,,,,,
2026-07-07T02:00:36.928993+00:00,2026-07-07T02:00:36.928898,3,2,163.6,0.2,163.5,20,163.4,93,163.2,150,,,,,,,,,,,,,,,163.7,189,163.9,100,,,,,,,,,,,,,,,,
2026-07-07T02:00:36.934159+00:00,2026-07-07T02:00:36.934084,3,2,163.6,0.2,163.5,20,163.4,93,163.2,150,,,,,,,,,,,,,,,163.7,189,163.9,120,,,,,,,,,,,,,,,,
2026-07-07T02:00:37.069370+00:00,2026-07-07T02:00:37.062684,3,2,163.6,0.2,163.5,20,163.4,93,163.2,150,,,,,,,,,,,,,,,163.7,177,163.9,120,,,,,,,,,,,,,,,,
2026-07-07T02:00:37.138815+00:00,2026-07-07T02:00:37.138789,3,2,163.65,0.1,163.6,20,163.4,93,163.2,150,,,,,,,,,,,,,,,163.7,177,163.9,100,,,,,,,,,,,,,,,,
2026-07-07T02:00:37.144063+00:00,2026-07-07T02:00:37.144008,3,3,163.65,0.1,163.6,20,163.4,93,163.2,150,,,,,,,,,,,,,,,163.7,177,163.9,100,164.1,20,,,,,,,,,,,,,,
2026-07-07T02:00:37.350567+00:00,2026-07-07T02:00:37.350509,1,2,163.55,0.3,163.4,93,,,,,,,,,,,,,,,,,,,163.7,50,163.9,100,,,,,,,,,,,,,,,,
2026-07-07T02:00:37.358634+00:00,2026-07-07T02:00:37.355758,2,3,163.65,0.1,163.6,20,163.4,93,,,,,,,,,,,,,,,,,163.7,50,163.9,100,164.1,20,,,,,,,,,,,,,,
2026-07-07T02:00:37.409671+00:00,2026-07-07T02:00:37.409630,2,3,163.65,0.1,163.6,170,163.4,93,,,,,,,,,,,,,,,,,163.7,50,163.9,100,164.1,20,,,,,,,,,,,,,,
2026-07-07T02:00:37.464251+00:00,2026-07-07T02:00:37.464156,2,3,163.65,0.1,163.6,170,163.4,93,,,,,,,,,,,,,,,,,163.7,50,163.9,100,164.1,170,,,,,,,,,,,,,,
2026-07-07T02:00:37.558421+00:00,2026-07-07T02:00:37.558611,2,3,163.65,0.1,163.6,150,163.4,93,,,,,,,,,,,,,,,,,163.7,50,163.9,100,164.1,150,,,,,,,,,,,,,,
2026-07-07T02:00:37.569188+00:00,2026-07-07T02:00:37.569309,2,3,163.65,0.1,163.6,170,163.4,93,,,,,,,,,,,,,,,,,163.7,50,163.9,100,164.1,170,,,,,,,,,,,,,,
2026-07-07T02:00:37.775212+00:00,2026-07-07T02:00:37.775157,2,3,163.65,0.1,163.6,170,163.4,93,,,,,,,,,,,,,,,,,163.7,50,163.9,100,164.1,150,,,,,,,,,,,,,,
2026-07-07T02:00:37.780250+00:00,2026-07-07T02:00:37.780401,2,3,163.65,0.1,163.6,170,163.4,93,,,,,,,,,,,,,,,,,163.7,50,163.9,100,164.1,170,,,,,,,,,,,,,,
2026-07-07T02:00:38.006812+00:00,2026-07-07T02:00:38.006718,2,3,163.65,0.1,163.6,150,163.4,93,,,,,,,,,,,,,,,,,163.7,50,163.9,100,164.1,150,,,,,,,,,,,,,,
2026-07-07T02:00:38.012166+00:00,2026-07-07T02:00:38.011966,2,3,163.65,0.1,163.6,100,163.4,93,,,,,,,,,,,,,,,,,163.7,50,163.9,100,164.1,150,,,,,,,,,,,,,,
2026-07-07T02:00:38.017385+00:00,2026-07-07T02:00:38.017311,2,3,163.65,0.1,163.6,120,163.4,93,,,,,,,,,,,,,,,,,163.7,50,163.9,100,164.1,150,,,,,,,,,,,,,,
2026-07-07T02:00:38.034767+00:00,2026-07-07T02:00:38.034644,2,3,163.65,0.1,163.6,120,163.4,93,,,,,,,,,,,,,,,,,163.7,50,163.9,100,164.1,170,,,,,,,,,,,,,,
2026-07-07T02:00:38.264242+00:00,2026-07-07T02:00:38.264167,2,3,163.65,0.1,163.6,120,163.4,93,,,,,,,,,,,,,,,,,163.7,50,163.9,100,164.1,170,,,,,,,,,,,,,,
2026-07-07T02:00:38.369483+00:00,2026-07-07T02:00:38.369366,2,2,163.65,0.1,163.6,120,163.4,93,,,,,,,,,,,,,,,,,163.7,50,164.1,170,,,,,,,,,,,,,,,,
2026-07-07T02:00:38.374724+00:00,2026-07-07T02:00:38.374554,2,2,163.65,0.1,163.6,120,163.4,23,,,,,,,,,,,,,,,,,163.7,50,164.1,170,,,,,,,,,,,,,,,,
2026-07-07T02:00:38.427458+00:00,2026-07-07T02:00:38.427413,2,2,163.65,0.1,163.6,220,163.4,23,,,,,,,,,,,,,,,,,163.7,50,164.1,170,,,,,,,,,,,,,,,,
2026-07-07T02:00:38.451778+00:00,2026-07-07T02:00:38.451718,2,2,163.65,0.1,163.6,220,163.4,23,,,,,,,,,,,,,,,,,163.7,50,164.1,150,,,,,,,,,,,,,,,,
2026-07-07T02:00:38.458584+00:00,2026-07-07T02:00:38.456902,2,2,163.65,0.1,163.6,220,163.4,23,,,,,,,,,,,,,,,,,163.7,50,164.1,170,,,,,,,,,,,,,,,,
2026-07-07T02:00:38.480031+00:00,2026-07-07T02:00:38.480134,2,2,163.65,0.1,163.6,220,163.4,23,,,,,,,,,,,,,,,,,163.7,50,164.1,270,,,,,,,,,,,,,,,,
2026-07-07T02:00:38.669477+00:00,2026-07-07T02:00:38.669332,2,2,163.65,0.1,163.6,220,163.4,23,,,,,,,,,,,,,,,,,163.7,50,164.1,270,,,,,,,,,,,,,,,,
2026-07-07T02:00:38.871896+00:00,2026-07-07T02:00:38.871850,2,2,163.65,0.1,163.6,200,163.4,23,,,,,,,,,,,,,,,,,163.7,50,164.1,250,,,,,,,,,,,,,,,,
2026-07-07T02:00:38.876952+00:00,2026-07-07T02:00:38.877068,2,2,163.65,0.1,163.6,220,163.4,23,,,,,,,,,,,,,,,,,163.7,50,164.1,250,,,,,,,,,,,,,,,,
2026-07-07T02:00:38.882371+00:00,2026-07-07T02:00:38.882275,2,2,163.65,0.1,163.6,220,163.4,23,,,,,,,,,,,,,,,,,163.7,50,164.1,270,,,,,,,,,,,,,,,,
2026-07-07T02:00:39.084715+00:00,2026-07-07T02:00:39.084684,2,2,163.65,0.1,163.6,220,163.4,23,,,,,,,,,,,,,,,,,163.7,50,164.1,250,,,,,,,,,,,,,,,,
2026-07-07T02:00:39.089947+00:00,2026-07-07T02:00:39.089877,2,2,163.65,0.1,163.6,220,163.4,23,,,,,,,,,,,,,,,,,163.7,50,164.1,270,,,,,,,,,,,,,,,,
2026-07-07T02:00:39.258710+00:00,2026-07-07T02:00:39.247332,1,2,163.65,0.1,163.6,220,,,,,,,,,,,,,,,,,,,163.7,50,164.1,270,,,,,,,,,,,,,,,,
2026-07-07T02:00:39.289124+00:00,2026-07-07T02:00:39.289056,1,2,163.65,0.1,163.6,225,,,,,,,,,,,,,,,,,,,163.7,50,164.1,270,,,,,,,,,,,,,,,,
2026-07-07T02:00:39.294168+00:00,2026-07-07T02:00:39.294301,1,2,163.65,0.1,163.6,205,,,,,,,,,,,,,,,,,,,163.7,50,164.1,250,,,,,,,,,,,,,,,,
2026-07-07T02:00:39.299535+00:00,2026-07-07T02:00:39.299499,1,2,163.65,0.1,163.6,225,,,,,,,,,,,,,,,,,,,163.7,50,164.1,270,,,,,,,,,,,,,,,,
2026-07-07T02:00:39.328144+00:00,2026-07-07T02:00:39.328078,1,1,163.85,0.5,163.6,225,,,,,,,,,,,,,,,,,,,164.1,270,,,,,,,,,,,,,,,,,,
2026-07-07T02:00:39.372560+00:00,2026-07-07T02:00:39.372471,1,2,163.8,0.4,163.6,225,,,,,,,,,,,,,,,,,,,164.0,50,164.1,270,,,,,,,,,,,,,,,,
2026-07-07T02:00:39.505333+00:00,2026-07-07T02:00:39.505295,2,2,163.85,0.3,163.7,20,163.6,205,,,,,,,,,,,,,,,,,164.0,50,164.1,250,,,,,,,,,,,,,,,,
2026-07-07T02:00:39.510574+00:00,2026-07-07T02:00:39.510468,2,2,163.85,0.3,163.7,20,163.6,205,,,,,,,,,,,,,,,,,164.0,50,164.1,270,,,,,,,,,,,,,,,,
2026-07-07T02:00:39.716119+00:00,2026-07-07T02:00:39.716063,1,2,163.8,0.4,163.6,205,,,,,,,,,,,,,,,,,,,164.0,50,164.1,250,,,,,,,,,,,,,,,,
2026-07-07T02:00:39.721330+00:00,2026-07-07T02:00:39.721278,1,2,163.8,0.4,163.6,225,,,,,,,,,,,,,,,,,,,164.0,70,164.1,250,,,,,,,,,,,,,,,,
2026-07-07T02:00:39.928501+00:00,2026-07-07T02:00:39.928472,1,2,163.8,0.4,163.6,205,,,,,,,,,,,,,,,,,,,164.0,50,164.1,250,,,,,,,,,,,,,,,,
2026-07-07T02:00:39.933753+00:00,2026-07-07T02:00:39.933662,1,2,163.8,0.4,163.6,225,,,,,,,,,,,,,,,,,,,164.0,50,164.1,250,,,,,,,,,,,,,,,,
2026-07-07T02:00:39.938813+00:00,2026-07-07T02:00:39.938939,1,2,163.8,0.4,163.6,225,,,,,,,,,,,,,,,,,,,164.0,70,164.1,250,,,,,,,,,,,,,,,,
2026-07-07T02:00:40.048436+00:00,2026-07-07T02:00:40.048287,1,2,163.8,0.4,163.6,178,,,,,,,,,,,,,,,,,,,164.0,70,164.1,250,,,,,,,,,,,,,,,,
2026-07-07T02:00:40.114754+00:00,2026-07-07T02:00:40.114681,1,2,163.8,0.4,163.6,128,,,,,,,,,,,,,,,,,,,164.0,70,164.1,250,,,,,,,,,,,,,,,,
2026-07-07T02:00:40.158666+00:00,2026-07-07T02:00:40.144857,1,2,163.8,0.4,163.6,128,,,,,,,,,,,,,,,,,,,164.0,70,164.1,250,,,,,,,,,,,,,,,,
2026-07-07T02:00:40.353109+00:00,2026-07-07T02:00:40.352919,1,2,163.8,0.4,163.6,108,,,,,,,,,,,,,,,,,,,164.0,50,164.1,250,,,,,,,,,,,,,,,,
2026-07-07T02:00:40.358612+00:00,2026-07-07T02:00:40.358155,1,2,163.8,0.4,163.6,128,,,,,,,,,,,,,,,,,,,164.0,70,164.1,250,,,,,,,,,,,,,,,,
2026-07-07T02:00:40.518816+00:00,2026-07-07T02:00:40.518752,1,2,163.8,0.4,163.6,125,,,,,,,,,,,,,,,,,,,164.0,70,164.1,100,,,,,,,,,,,,,,,,
2026-07-07T02:00:40.563983+00:00,2026-07-07T02:00:40.563862,1,2,163.8,0.4,163.6,125,,,,,,,,,,,,,,,,,,,164.0,50,164.1,100,,,,,,,,,,,,,,,,
2026-07-07T02:00:40.569127+00:00,2026-07-07T02:00:40.569093,2,2,163.8,0.4,163.6,105,162.9,150,,,,,,,,,,,,,,,,,164.0,50,164.1,100,,,,,,,,,,,,,,,,
2026-07-07T02:00:40.574347+00:00,2026-07-07T02:00:40.574296,2,2,163.8,0.4,163.6,125,162.9,150,,,,,,,,,,,,,,,,,164.0,70,164.1,100,,,,,,,,,,,,,,,,
2026-07-07T02:00:40.639014+00:00,2026-07-07T02:00:40.632200,1,3,163.15,0.5,162.9,150,,,,,,,,,,,,,,,,,,,163.4,8,164.0,70,164.1,100,,,,,,,,,,,,,,
2026-07-07T02:00:40.779440+00:00,2026-07-07T02:00:40.779348,1,3,163.15,0.5,162.9,150,,,,,,,,,,,,,,,,,,,163.4,8,164.0,50,164.1,100,,,,,,,,,,,,,,
2026-07-07T02:00:40.789864+00:00,2026-07-07T02:00:40.789791,2,4,163.35,0.1,163.3,20,162.9,150,,,,,,,,,,,,,,,,,163.4,8,163.9,20,164.0,50,164.1,100,,,,,,,,,,,,
2026-07-07T02:00:40.993676+00:00,2026-07-07T02:00:40.993559,2,3,163.35,0.1,163.3,20,162.9,150,,,,,,,,,,,,,,,,,163.4,8,164.0,50,164.1,100,,,,,,,,,,,,,,
2026-07-07T02:00:40.998926+00:00,2026-07-07T02:00:40.998782,2,3,163.35,0.1,163.3,20,162.9,150,,,,,,,,,,,,,,,,,163.4,8,164.0,50,164.1,100,,,,,,,,,,,,,,
2026-07-07T02:00:41.004067+00:00,2026-07-07T02:00:41.003997,2,3,163.35,0.1,163.3,20,162.9,150,,,,,,,,,,,,,,,,,163.4,8,164.0,50,164.1,120,,,,,,,,,,,,,,
2026-07-07T02:00:41.203822+00:00,2026-07-07T02:00:41.203774,2,3,163.35,0.1,163.3,20,162.9,150,,,,,,,,,,,,,,,,,163.4,8,164.0,50,164.1,100,,,,,,,,,,,,,,
2026-07-07T02:00:41.209034+00:00,2026-07-07T02:00:41.208977,2,3,163.35,0.1,163.3,20,162.9,150,,,,,,,,,,,,,,,,,163.4,8,164.0,50,164.1,100,,,,,,,,,,,,,,
2026-07-07T02:00:41.214054+00:00,2026-07-07T02:00:41.214143,2,3,163.35,0.1,163.3,20,162.9,150,,,,,,,,,,,,,,,,,163.4,8,164.0,50,164.1,120,,,,,,,,,,,,,,
2026-07-07T02:00:41.417846+00:00,2026-07-07T02:00:41.417989,1,3,163.15,0.5,162.9,150,,,,,,,,,,,,,,,,,,,163.4,8,164.0,50,164.1,100,,,,,,,,,,,,,,
2026-07-07T02:00:41.423394+00:00,2026-07-07T02:00:41.423271,2,3,163.35,0.1,163.3,20,162.9,150,,,,,,,,,,,,,,,,,163.4,8,164.0,50,164.1,120,,,,,,,,,,,,,,
2026-07-07T02:00:41.533989+00:00,2026-07-07T02:00:41.533880,2,3,163.35,0.1,163.3,20,162.9,150,,,,,,,,,,,,,,,,,163.4,8,164.0,50,164.1,20,,,,,,,,,,,,,,
2026-07-07T02:00:41.587438+00:00,2026-07-07T02:00:41.587327,3,2,163.7,0.6,163.4,92,163.3,20,162.9,150,,,,,,,,,,,,,,,164.0,50,164.1,20,,,,,,,,,,,,,,,,
2026-07-07T02:00:41.648080+00:00,2026-07-07T02:00:41.647873,2,1,163.7,0.6,163.4,92,162.9,150,,,,,,,,,,,,,,,,,164.0,50,,,,,,,,,,,,,,,,,,
2026-07-07T02:00:41.658543+00:00,2026-07-07T02:00:41.653425,3,3,163.8,0.2,163.7,20,163.4,92,162.9,150,,,,,,,,,,,,,,,163.9,100,164.0,50,164.1,20,,,,,,,,,,,,,,
2026-07-07T02:00:41.669238+00:00,2026-07-07T02:00:41.669409,3,3,163.8,0.2,163.7,20,163.4,92,162.9,150,,,,,,,,,,,,,,,163.9,56,164.0,50,164.1,20,,,,,,,,,,,,,,
2026-07-07T02:00:41.856674+00:00,2026-07-07T02:00:41.857990,2,2,163.65,0.5,163.4,92,162.9,150,,,,,,,,,,,,,,,,,163.9,56,164.0,50,,,,,,,,,,,,,,,,
2026-07-07T02:00:41.871315+00:00,2026-07-07T02:00:41.871221,3,3,163.8,0.2,163.7,20,163.4,92,162.9,150,,,,,,,,,,,,,,,163.9,56,164.0,50,164.1,20,,,,,,,,,,,,,,
2026-07-07T02:00:42.074606+00:00,2026-07-07T02:00:42.074845,2,2,163.65,0.5,163.4,92,162.9,150,,,,,,,,,,,,,,,,,163.9,56,164.0,50,,,,,,,,,,,,,,,,
2026-07-07T02:00:42.080218+00:00,2026-07-07T02:00:42.080104,3,3,163.8,0.2,163.7,20,163.4,92,162.9,150,,,,,,,,,,,,,,,163.9,56,164.0,50,164.1,20,,,,,,,,,,,,,,
2026-07-07T02:00:42.222466+00:00,2026-07-07T02:00:42.222414,2,3,163.65,0.5,163.4,62,162.9,150,,,,,,,,,,,,,,,,,163.9,56,164.0,50,164.1,20,,,,,,,,,,,,,,
2026-07-07T02:00:42.302030+00:00,2026-07-07T02:00:42.301913,2,2,163.65,0.5,163.4,62,162.9,150,,,,,,,,,,,,,,,,,163.9,56,164.0,50,,,,,,,,,,,,,,,,
2026-07-07T02:00:42.322945+00:00,2026-07-07T02:00:42.322843,2,2,163.65,0.5,163.4,62,162.9,150,,,,,,,,,,,,,,,,,163.9,56,164.0,70,,,,,,,,,,,,,,,,
2026-07-07T02:00:42.528294+00:00,2026-07-07T02:00:42.528221,2,2,163.65,0.5,163.4,62,162.9,150,,,,,,,,,,,,,,,,,163.9,56,164.0,70,,,,,,,,,,,,,,,,
2026-07-07T02:00:42.735099+00:00,2026-07-07T02:00:42.735040,2,2,163.65,0.5,163.4,62,162.9,150,,,,,,,,,,,,,,,,,163.9,56,164.0,50,,,,,,,,,,,,,,,,
2026-07-07T02:00:42.740318+00:00,2026-07-07T02:00:42.740260,2,2,163.65,0.5,163.4,62,162.9,150,,,,,,,,,,,,,,,,,163.9,56,164.0,70,,,,,,,,,,,,,,,,
2026-07-07T02:00:42.964035+00:00,2026-07-07T02:00:42.963843,2,2,163.65,0.5,163.4,62,162.9,150,,,,,,,,,,,,,,,,,163.9,56,164.0,70,,,,,,,,,,,,,,,,
2026-07-07T02:00:43.164008+00:00,2026-07-07T02:00:43.163892,2,2,163.65,0.5,163.4,62,162.9,150,,,,,,,,,,,,,,,,,163.9,56,164.0,70,,,,,,,,,,,,,,,,
2026-07-07T02:00:43.264136+00:00,2026-07-07T02:00:43.264010,2,2,163.65,0.5,163.4,62,162.9,150,,,,,,,,,,,,,,,,,163.9,12,164.0,70,,,,,,,,,,,,,,,,
2026-07-07T02:00:43.371227+00:00,2026-07-07T02:00:43.371154,2,2,163.65,0.5,163.4,62,162.9,150,,,,,,,,,,,,,,,,,163.9,12,164.0,70,,,,,,,,,,,,,,,,
2026-07-07T02:00:43.576257+00:00,2026-07-07T02:00:43.576087,2,2,163.65,0.5,163.4,62,162.9,150,,,,,,,,,,,,,,,,,163.9,12,164.0,50,,,,,,,,,,,,,,,,
2026-07-07T02:00:43.581452+00:00,2026-07-07T02:00:43.581337,2,2,163.65,0.5,163.4,62,162.9,150,,,,,,,,,,,,,,,,,163.9,12,164.0,70,,,,,,,,,,,,,,,,
2026-07-07T02:00:43.688003+00:00,2026-07-07T02:00:43.687827,1,2,163.65,0.5,163.4,62,,,,,,,,,,,,,,,,,,,163.9,12,164.0,70,,,,,,,,,,,,,,,,
2026-07-07T02:00:43.737682+00:00,2026-07-07T02:00:43.737832,2,2,163.75,0.3,163.6,150,163.4,62,,,,,,,,,,,,,,,,,163.9,12,164.0,70,,,,,,,,,,,,,,,,
2026-07-07T02:00:43.785333+00:00,2026-07-07T02:00:43.785223,2,2,163.75,0.3,163.6,150,163.4,62,,,,,,,,,,,,,,,,,163.9,12,164.0,50,,,,,,,,,,,,,,,,
2026-07-07T02:00:43.790636+00:00,2026-07-07T02:00:43.790438,2,2,163.75,0.3,163.6,150,163.4,62,,,,,,,,,,,,,,,,,163.9,12,164.0,70,,,,,,,,,,,,,,,,
2026-07-07T02:00:43.795599+00:00,2026-07-07T02:00:43.795695,2,3,163.75,0.3,163.6,150,163.4,62,,,,,,,,,,,,,,,,,163.9,12,164.0,70,164.1,150,,,,,,,,,,,,,,
2026-07-07T02:00:43.907153+00:00,2026-07-07T02:00:43.907050,3,3,163.8,0.2,163.7,18,163.6,150,163.4,62,,,,,,,,,,,,,,,163.9,12,164.0,70,164.1,150,,,,,,,,,,,,,,
2026-07-07T02:00:43.994028+00:00,2026-07-07T02:00:43.994002,3,3,163.8,0.2,163.7,18,163.6,150,163.4,62,,,,,,,,,,,,,,,163.9,12,164.0,70,164.1,150,,,,,,,,,,,,,,
2026-07-07T02:00:44.201554+00:00,2026-07-07T02:00:44.201433,3,3,163.8,0.2,163.7,18,163.6,150,163.4,62,,,,,,,,,,,,,,,163.9,32,164.0,50,164.1,150,,,,,,,,,,,,,,
2026-07-07T02:00:44.279753+00:00,2026-07-07T02:00:44.279701,3,2,163.85,0.3,163.7,18,163.6,150,163.4,62,,,,,,,,,,,,,,,164.0,32,164.1,150,,,,,,,,,,,,,,,,
2026-07-07T02:00:44.409711+00:00,2026-07-07T02:00:44.409600,3,2,163.85,0.3,163.7,18,163.6,170,163.4,62,,,,,,,,,,,,,,,164.0,32,164.1,150,,,,,,,,,,,,,,,,
2026-07-07T02:00:44.414959+00:00,2026-07-07T02:00:44.414822,3,2,163.85,0.3,163.7,18,163.6,170,163.4,62,,,,,,,,,,,,,,,164.0,52,164.1,150,,,,,,,,,,,,,,,,
2026-07-07T02:00:44.620568+00:00,2026-07-07T02:00:44.620493,3,2,163.85,0.3,163.7,18,163.6,150,163.4,62,,,,,,,,,,,,,,,164.0,32,164.1,150,,,,,,,,,,,,,,,,
2026-07-07T02:00:44.625820+00:00,2026-07-07T02:00:44.625704,3,2,163.85,0.3,163.7,18,163.6,170,163.4,62,,,,,,,,,,,,,,,164.0,52,164.1,150,,,,,,,,,,,,,,,,
2026-07-07T02:00:44.703957+00:00,2026-07-07T02:00:44.703851,2,2,163.85,0.3,163.7,18,163.6,170,,,,,,,,,,,,,,,,,164.0,52,164.1,150,,,,,,,,,,,,,,,,
2026-07-07T02:00:44.758564+00:00,2026-07-07T02:00:44.746480,3,2,163.85,0.3,163.7,18,163.6,170,163.4,100,,,,,,,,,,,,,,,164.0,52,164.1,150,,,,,,,,,,,,,,,,
2026-07-07T02:00:44.809566+00:00,2026-07-07T02:00:44.809657,3,3,163.8,0.2,163.7,18,163.6,170,163.4,100,,,,,,,,,,,,,,,163.9,100,164.0,52,164.1,150,,,,,,,,,,,,,,
2026-07-07T02:00:44.833417+00:00,2026-07-07T02:00:44.833293,3,3,163.8,0.2,163.7,18,163.6,150,163.4,100,,,,,,,,,,,,,,,163.9,100,164.0,32,164.1,150,,,,,,,,,,,,,,
2026-07-07T02:00:44.838683+00:00,2026-07-07T02:00:44.838560,3,3,163.8,0.2,163.7,18,163.6,170,163.4,100,,,,,,,,,,,,,,,163.9,100,164.0,32,164.1,150,,,,,,,,,,,,,,
2026-07-07T02:00:44.843913+00:00,2026-07-07T02:00:44.843776,3,3,163.8,0.2,163.7,18,163.6,170,163.4,100,,,,,,,,,,,,,,,163.9,100,164.0,52,164.1,150,,,,,,,,,,,,,,
2026-07-07T02:00:45.047149+00:00,2026-07-07T02:00:45.047299,3,3,163.8,0.2,163.7,18,163.6,150,163.4,100,,,,,,,,,,,,,,,163.9,100,164.0,32,164.1,150,,,,,,,,,,,,,,
2026-07-07T02:00:45.058629+00:00,2026-07-07T02:00:45.052501,3,3,163.8,0.2,163.7,38,163.6,150,163.4,100,,,,,,,,,,,,,,,163.9,100,164.0,32,164.1,170,,,,,,,,,,,,,,
2026-07-07T02:00:45.263899+00:00,2026-07-07T02:00:45.263843,3,3,163.8,0.2,163.7,18,163.6,150,163.4,100,,,,,,,,,,,,,,,163.9,100,164.0,32,164.1,150,,,,,,,,,,,,,,
2026-07-07T02:00:45.269163+00:00,2026-07-07T02:00:45.269081,3,3,163.8,0.2,163.7,38,163.6,150,163.4,100,,,,,,,,,,,,,,,163.9,100,164.0,32,164.1,170,,,,,,,,,,,,,,
2026-07-07T02:00:45.473537+00:00,2026-07-07T02:00:45.473459,3,3,163.8,0.2,163.7,18,163.6,150,163.4,100,,,,,,,,,,,,,,,163.9,100,164.0,32,164.1,150,,,,,,,,,,,,,,
2026-07-07T02:00:45.478771+00:00,2026-07-07T02:00:45.478661,3,3,163.8,0.2,163.7,38,163.6,150,163.4,100,,,,,,,,,,,,,,,163.9,100,164.0,32,164.1,170,,,,,,,,,,,,,,
2026-07-07T02:00:45.593688+00:00,2026-07-07T02:00:45.593574,2,3,163.75,0.3,163.6,140,163.4,100,,,,,,,,,,,,,,,,,163.9,100,164.0,32,164.1,170,,,,,,,,,,,,,,
2026-07-07T02:00:45.687270+00:00,2026-07-07T02:00:45.687160,2,3,163.75,0.3,163.6,140,163.4,100,,,,,,,,,,,,,,,,,163.9,100,164.0,32,164.1,150,,,,,,,,,,,,,,
2026-07-07T02:00:45.692568+00:00,2026-07-07T02:00:45.692476,2,3,163.75,0.3,163.6,140,163.4,100,,,,,,,,,,,,,,,,,163.9,100,164.0,52,164.1,150,,,,,,,,,,,,,,
2026-07-07T02:00:45.900038+00:00,2026-07-07T02:00:45.899943,2,3,163.75,0.3,163.6,140,163.4,100,,,,,,,,,,,,,,,,,163.9,100,164.0,52,164.1,150,,,,,,,,,,,,,,
2026-07-07T02:00:46.106201+00:00,2026-07-07T02:00:46.106142,2,3,163.75,0.3,163.6,140,163.4,100,,,,,,,,,,,,,,,,,163.9,100,164.0,52,164.1,150,,,,,,,,,,,,,,
2026-07-07T02:00:46.135776+00:00,2026-07-07T02:00:46.135693,2,3,163.75,0.3,163.6,140,163.4,100,,,,,,,,,,,,,,,,,163.9,51,164.0,52,164.1,150,,,,,,,,,,,,,,
2026-07-07T02:00:46.249736+00:00,2026-07-07T02:00:46.249638,2,3,163.75,0.3,163.6,140,163.4,100,,,,,,,,,,,,,,,,,163.9,51,164.0,20,164.1,150,,,,,,,,,,,,,,
2026-07-07T02:00:46.294634+00:00,2026-07-07T02:00:46.294553,2,3,163.75,0.3,163.6,140,163.4,100,,,,,,,,,,,,,,,,,163.9,101,164.0,20,164.1,150,,,,,,,,,,,,,,
2026-07-07T02:00:46.312377+00:00,2026-07-07T02:00:46.312228,2,3,163.75,0.3,163.6,140,163.4,100,,,,,,,,,,,,,,,,,163.9,101,164.0,20,164.1,150,,,,,,,,,,,,,,
2026-07-07T02:00:46.388293+00:00,2026-07-07T02:00:46.388259,2,3,163.75,0.3,163.6,140,163.4,100,,,,,,,,,,,,,,,,,163.9,51,164.0,20,164.1,150,,,,,,,,,,,,,,
2026-07-07T02:00:46.516401+00:00,2026-07-07T02:00:46.516295,2,2,163.75,0.3,163.6,140,163.4,100,,,,,,,,,,,,,,,,,163.9,51,164.1,150,,,,,,,,,,,,,,,,
2026-07-07T02:00:46.521526+00:00,2026-07-07T02:00:46.521476,2,3,163.75,0.3,163.6,140,163.4,100,,,,,,,,,,,,,,,,,163.9,51,164.0,20,164.1,150,,,,,,,,,,,,,,
2026-07-07T02:00:46.725876+00:00,2026-07-07T02:00:46.725756,2,3,163.75,0.3,163.6,140,163.4,100,,,,,,,,,,,,,,,,,163.9,51,164.0,20,164.1,150,,,,,,,,,,,,,,
2026-07-07T02:00:46.845641+00:00,2026-07-07T02:00:46.845814,2,2,163.75,0.3,163.6,140,163.4,100,,,,,,,,,,,,,,,,,163.9,51,164.0,20,,,,,,,,,,,,,,,,
2026-07-07T02:00:46.850909+00:00,2026-07-07T02:00:46.851006,1,2,163.65,0.5,163.4,100,,,,,,,,,,,,,,,,,,,163.9,51,164.0,20,,,,,,,,,,,,,,,,
2026-07-07T02:00:46.900919+00:00,2026-07-07T02:00:46.900843,2,2,163.7,0.4,163.5,150,163.4,100,,,,,,,,,,,,,,,,,163.9,51,164.0,20,,,,,,,,,,,,,,,,
2026-07-07T02:00:46.932600+00:00,2026-07-07T02:00:46.932541,2,2,163.7,0.4,163.5,150,163.4,100,,,,,,,,,,,,,,,,,163.9,51,164.0,20,,,,,,,,,,,,,,,,
2026-07-07T02:00:46.958619+00:00,2026-07-07T02:00:46.953523,2,2,163.7,0.4,163.5,150,163.4,100,,,,,,,,,,,,,,,,,163.9,51,164.0,170,,,,,,,,,,,,,,,,
2026-07-07T02:00:47.169328+00:00,2026-07-07T02:00:47.169245,2,2,163.7,0.4,163.5,150,163.4,100,,,,,,,,,,,,,,,,,163.9,51,164.0,150,,,,,,,,,,,,,,,,
2026-07-07T02:00:47.174484+00:00,2026-07-07T02:00:47.174440,2,2,163.7,0.4,163.5,150,163.4,100,,,,,,,,,,,,,,,,,163.9,51,164.0,170,,,,,,,,,,,,,,,,
2026-07-07T02:00:47.375293+00:00,2026-07-07T02:00:47.375242,2,2,163.7,0.4,163.5,150,163.4,100,,,,,,,,,,,,,,,,,163.9,51,164.0,150,,,,,,,,,,,,,,,,
2026-07-07T02:00:47.380473+00:00,2026-07-07T02:00:47.380412,2,2,163.7,0.4,163.5,150,163.4,100,,,,,,,,,,,,,,,,,163.9,51,164.0,170,,,,,,,,,,,,,,,,
2026-07-07T02:00:47.586370+00:00,2026-07-07T02:00:47.586305,2,2,163.7,0.4,163.5,150,163.4,100,,,,,,,,,,,,,,,,,163.9,71,164.0,150,,,,,,,,,,,,,,,,
2026-07-07T02:00:47.793382+00:00,2026-07-07T02:00:47.793542,2,2,163.7,0.4,163.5,150,163.4,100,,,,,,,,,,,,,,,,,163.9,71,164.0,150,,,,,,,,,,,,,,,,
2026-07-07T02:00:47.863943+00:00,2026-07-07T02:00:47.863894,1,2,163.7,0.4,163.5,150,,,,,,,,,,,,,,,,,,,163.9,70,164.0,150,,,,,,,,,,,,,,,,
2026-07-07T02:00:47.912878+00:00,2026-07-07T02:00:47.913000,2,2,163.8,0.2,163.7,100,163.5,150,,,,,,,,,,,,,,,,,163.9,70,164.0,150,,,,,,,,,,,,,,,,
2026-07-07T02:00:47.965131+00:00,2026-07-07T02:00:47.965048,2,3,163.8,0.2,163.7,100,163.5,150,,,,,,,,,,,,,,,,,163.9,70,164.0,150,164.2,100,,,,,,,,,,,,,,
2026-07-07T02:00:48.000209+00:00,2026-07-07T02:00:48.000164,2,3,163.8,0.2,163.7,100,163.5,150,,,,,,,,,,,,,,,,,163.9,70,164.0,150,164.2,100,,,,,,,,,,,,,,
2026-07-07T02:00:48.203454+00:00,2026-07-07T02:00:48.203365,2,3,163.8,0.2,163.7,100,163.5,150,,,,,,,,,,,,,,,,,163.9,50,164.0,150,164.2,100,,,,,,,,,,,,,,
2026-07-07T02:00:48.258618+00:00,2026-07-07T02:00:48.208871,2,3,163.8,0.2,163.7,100,163.5,150,,,,,,,,,,,,,,,,,163.9,70,164.0,150,164.2,100,,,,,,,,,,,,,,
2026-07-07T02:00:48.417872+00:00,2026-07-07T02:00:48.417797,2,3,163.8,0.2,163.7,100,163.5,150,,,,,,,,,,,,,,,,,163.9,70,164.0,150,164.2,100,,,,,,,,,,,,,,
2026-07-07T02:00:48.473134+00:00,2026-07-07T02:00:48.473027,3,3,163.8,0.2,163.7,100,163.6,18,163.5,150,,,,,,,,,,,,,,,163.9,70,164.0,150,164.2,100,,,,,,,,,,,,,,
2026-07-07T02:00:48.495362+00:00,2026-07-07T02:00:48.495253,3,3,163.8,0.2,163.7,100,163.6,18,163.5,150,,,,,,,,,,,,,,,163.9,20,164.0,150,164.2,100,,,,,,,,,,,,,,
2026-07-07T02:00:48.624804+00:00,2026-07-07T02:00:48.624766,3,3,163.8,0.2,163.7,100,163.6,18,163.5,150,,,,,,,,,,,,,,,163.9,20,164.0,150,164.2,100,,,,,,,,,,,,,,
2026-07-07T02:00:48.832903+00:00,2026-07-07T02:00:48.832818,3,3,163.8,0.2,163.7,100,163.6,18,163.5,150,,,,,,,,,,,,,,,163.9,20,164.0,150,164.2,100,,,,,,,,,,,,,,
2026-07-07T02:00:48.905732+00:00,2026-07-07T02:00:48.899036,3,3,163.8,0.2,163.7,94,163.6,18,163.5,150,,,,,,,,,,,,,,,163.9,20,164.0,150,164.2,100,,,,,,,,,,,,,,
2026-07-07T02:00:49.040616+00:00,2026-07-07T02:00:49.040485,3,3,163.8,0.2,163.7,94,163.6,18,163.5,150,,,,,,,,,,,,,,,163.9,20,164.0,150,164.2,100,,,,,,,,,,,,,,
2026-07-07T02:00:49.246327+00:00,2026-07-07T02:00:49.246259,3,3,163.8,0.2,163.7,94,163.6,18,163.5,150,,,,,,,,,,,,,,,163.9,20,164.0,150,164.2,100,,,,,,,,,,,,,,
2026-07-07T02:00:49.452338+00:00,2026-07-07T02:00:49.452272,3,2,163.85,0.3,163.7,94,163.6,18,163.5,150,,,,,,,,,,,,,,,164.0,150,164.2,100,,,,,,,,,,,,,,,,
2026-07-07T02:00:49.458607+00:00,2026-07-07T02:00:49.457476,3,3,163.8,0.2,163.7,94,163.6,18,163.5,150,,,,,,,,,,,,,,,163.9,20,164.0,150,164.2,100,,,,,,,,,,,,,,
2026-07-07T02:00:49.663925+00:00,2026-07-07T02:00:49.663861,3,3,163.8,0.2,163.7,94,163.6,18,163.5,150,,,,,,,,,,,,,,,163.9,20,164.0,150,164.2,100,,,,,,,,,,,,,,
2026-07-07T02:00:49.868951+00:00,2026-07-07T02:00:49.868832,3,3,163.8,0.2,163.7,94,163.6,18,163.5,150,,,,,,,,,,,,,,,163.9,20,164.0,150,164.2,100,,,,,,,,,,,,,,
2026-07-07T02:00:49.950747+00:00,2026-07-07T02:00:49.950709,3,3,163.8,0.2,163.7,94,163.6,18,163.5,150,,,,,,,,,,,,,,,163.9,20,164.0,200,164.2,100,,,,,,,,,,,,,,
2026-07-07T02:00:50.010278+00:00,2026-07-07T02:00:50.010185,2,3,163.8,0.2,163.7,94,163.6,18,,,,,,,,,,,,,,,,,163.9,20,164.0,50,164.2,100,,,,,,,,,,,,,,
2026-07-07T02:00:50.064302+00:00,2026-07-07T02:00:50.064250,3,3,163.8,0.2,163.7,94,163.6,18,163.4,150,,,,,,,,,,,,,,,163.9,20,164.0,50,164.2,100,,,,,,,,,,,,,,
2026-07-07T02:00:50.074555+00:00,2026-07-07T02:00:50.074680,3,2,163.85,0.3,163.7,94,163.6,18,163.4,150,,,,,,,,,,,,,,,164.0,50,164.2,100,,,,,,,,,,,,,,,,
2026-07-07T02:00:50.080016+00:00,2026-07-07T02:00:50.079905,3,3,163.8,0.2,163.7,94,163.6,18,163.4,150,,,,,,,,,,,,,,,163.9,20,164.0,50,164.2,100,,,,,,,,,,,,,,
2026-07-07T02:00:50.116641+00:00,2026-07-07T02:00:50.116776,3,3,163.8,0.2,163.7,94,163.6,18,163.4,150,,,,,,,,,,,,,,,163.9,170,164.0,50,164.2,100,,,,,,,,,,,,,,
2026-07-07T02:00:50.283126+00:00,2026-07-07T02:00:50.283281,3,3,163.8,0.2,163.7,94,163.6,18,163.4,150,,,,,,,,,,,,,,,163.9,170,164.0,50,164.2,100,,,,,,,,,,,,,,
2026-07-07T02:00:50.491356+00:00,2026-07-07T02:00:50.491313,3,3,163.8,0.2,163.7,94,163.6,18,163.4,150,,,,,,,,,,,,,,,163.9,170,164.0,50,164.2,100,,,,,,,,,,,,,,
2026-07-07T02:00:50.601335+00:00,2026-07-07T02:00:50.601561,3,3,163.8,0.2,163.7,94,163.6,18,163.4,150,,,,,,,,,,,,,,,163.9,120,164.0,50,164.2,100,,,,,,,,,,,,,,
2026-07-07T02:00:50.713838+00:00,2026-07-07T02:00:50.713694,3,3,163.8,0.2,163.7,94,163.6,18,163.4,150,,,,,,,,,,,,,,,163.9,100,164.0,50,164.2,100,,,,,,,,,,,,,,
2026-07-07T02:00:50.719141+00:00,2026-07-07T02:00:50.718997,3,3,163.8,0.2,163.7,94,163.6,18,163.4,150,,,,,,,,,,,,,,,163.9,120,164.0,50,164.2,100,,,,,,,,,,,,,,
2026-07-07T02:00:50.925356+00:00,2026-07-07T02:00:50.925235,3,3,163.8,0.2,163.7,94,163.6,18,163.4,150,,,,,,,,,,,,,,,163.9,120,164.0,50,164.2,100,,,,,,,,,,,,,,
2026-07-07T02:00:51.020523+00:00,2026-07-07T02:00:51.020470,3,2,163.8,0.2,163.7,94,163.6,18,163.4,150,,,,,,,,,,,,,,,163.9,120,164.0,50,,,,,,,,,,,,,,,,
2026-07-07T02:00:51.025551+00:00,2026-07-07T02:00:51.025681,2,2,163.75,0.3,163.6,18,163.4,150,,,,,,,,,,,,,,,,,163.9,120,164.0,50,,,,,,,,,,,,,,,,
2026-07-07T02:00:51.074086+00:00,2026-07-07T02:00:51.073967,3,2,163.8,0.2,163.7,100,163.6,18,163.4,150,,,,,,,,,,,,,,,163.9,120,164.0,50,,,,,,,,,,,,,,,,
2026-07-07T02:00:51.130781+00:00,2026-07-07T02:00:51.130705,3,3,163.8,0.2,163.7,100,163.6,18,163.4,150,,,,,,,,,,,,,,,163.9,120,164.0,50,164.2,100,,,,,,,,,,,,,,
2026-07-07T02:00:51.136016+00:00,2026-07-07T02:00:51.135959,3,3,163.8,0.2,163.7,100,163.6,18,163.4,150,,,,,,,,,,,,,,,163.9,120,164.0,50,164.2,100,,,,,,,,,,,,,,
2026-07-07T02:00:51.340928+00:00,2026-07-07T02:00:51.340819,3,3,163.8,0.2,163.7,100,163.6,18,163.4,150,,,,,,,,,,,,,,,163.9,100,164.0,50,164.2,100,,,,,,,,,,,,,,
2026-07-07T02:00:51.346106+00:00,2026-07-07T02:00:51.345994,3,3,163.8,0.2,163.7,100,163.6,18,163.4,150,,,,,,,,,,,,,,,163.9,120,164.0,50,164.2,100,,,,,,,,,,,,,,
2026-07-07T02:00:51.548892+00:00,2026-07-07T02:00:51.549025,3,3,163.8,0.2,163.7,100,163.6,18,163.4,150,,,,,,,,,,,,,,,163.9,120,164.0,50,164.2,100,,,,,,,,,,,,,,
2026-07-07T02:00:51.758598+00:00,2026-07-07T02:00:51.752458,3,3,163.8,0.2,163.7,100,163.6,18,163.4,150,,,,,,,,,,,,,,,163.9,120,164.0,50,164.2,100,,,,,,,,,,,,,,
2026-07-07T02:00:51.958626+00:00,2026-07-07T02:00:51.957533,3,3,163.8,0.2,163.7,100,163.6,18,163.4,150,,,,,,,,,,,,,,,163.9,120,164.0,50,164.2,100,,,,,,,,,,,,,,
2026-07-07T02:00:52.170062+00:00,2026-07-07T02:00:52.169904,3,3,163.8,0.2,163.7,100,163.6,18,163.4,150,,,,,,,,,,,,,,,163.9,100,164.0,50,164.2,100,,,,,,,,,,,,,,
2026-07-07T02:00:52.175187+00:00,2026-07-07T02:00:52.175119,3,3,163.8,0.2,163.7,100,163.6,18,163.4,150,,,,,,,,,,,,,,,163.9,120,164.0,50,164.2,100,,,,,,,,,,,,,,
2026-07-07T02:00:52.379826+00:00,2026-07-07T02:00:52.379696,3,3,163.8,0.2,163.7,100,163.6,18,163.4,150,,,,,,,,,,,,,,,163.9,100,164.0,50,164.2,100,,,,,,,,,,,,,,
2026-07-07T02:00:52.384883+00:00,2026-07-07T02:00:52.384998,3,3,163.8,0.2,163.7,100,163.6,18,163.4,150,,,,,,,,,,,,,,,163.9,120,164.0,50,164.2,100,,,,,,,,,,,,,,
2026-07-07T02:00:52.588665+00:00,2026-07-07T02:00:52.588590,3,4,163.75,0.1,163.7,100,163.6,18,163.4,150,,,,,,,,,,,,,,,163.8,20,163.9,100,164.0,50,164.2,100,,,,,,,,,,,,
2026-07-07T02:00:52.707045+00:00,2026-07-07T02:00:52.706924,3,3,163.8,0.2,163.7,100,163.6,18,163.4,150,,,,,,,,,,,,,,,163.9,70,164.0,50,164.2,100,,,,,,,,,,,,,,
2026-07-07T02:00:52.804098+00:00,2026-07-07T02:00:52.804019,3,3,163.8,0.2,163.7,100,163.6,18,163.4,170,,,,,,,,,,,,,,,163.9,70,164.0,50,164.2,100,,,,,,,,,,,,,,
2026-07-07T02:00:52.809316+00:00,2026-07-07T02:00:52.809207,3,4,163.75,0.1,163.7,100,163.6,18,163.4,170,,,,,,,,,,,,,,,163.8,20,163.9,70,164.0,50,164.2,100,,,,,,,,,,,,
2026-07-07T02:00:53.014601+00:00,2026-07-07T02:00:53.014564,3,3,163.8,0.2,163.7,100,163.6,18,163.4,150,,,,,,,,,,,,,,,163.9,70,164.0,50,164.2,100,,,,,,,,,,,,,,
2026-07-07T02:00:53.019875+00:00,2026-07-07T02:00:53.019824,3,3,163.8,0.2,163.7,100,163.6,38,163.4,150,,,,,,,,,,,,,,,163.9,70,164.0,50,164.2,100,,,,,,,,,,,,,,
2026-07-07T02:00:53.024903+00:00,2026-07-07T02:00:53.025003,3,3,163.8,0.2,163.7,100,163.6,38,163.4,150,,,,,,,,,,,,,,,163.9,70,164.0,70,164.2,100,,,,,,,,,,,,,,
2026-07-07T02:00:53.169775+00:00,2026-07-07T02:00:53.169705,2,2,163.85,0.3,163.7,100,163.6,38,,,,,,,,,,,,,,,,,164.0,70,164.2,100,,,,,,,,,,,,,,,,
2026-07-07T02:00:53.268764+00:00,2026-07-07T02:00:53.269195,3,2,163.95,0.1,163.9,150,163.7,100,163.6,38,,,,,,,,,,,,,,,164.0,70,164.2,100,,,,,,,,,,,,,,,,
2026-07-07T02:00:53.279830+00:00,2026-07-07T02:00:53.273459,3,3,163.95,0.1,163.9,139,163.7,100,163.6,38,,,,,,,,,,,,,,,164.0,70,164.2,100,164.4,150,,,,,,,,,,,,,,
2026-07-07T02:00:53.439533+00:00,2026-07-07T02:00:53.439453,3,3,163.95,0.1,163.9,139,163.7,100,163.6,18,,,,,,,,,,,,,,,164.0,50,164.2,100,164.4,150,,,,,,,,,,,,,,
2026-07-07T02:00:53.444784+00:00,2026-07-07T02:00:53.444755,3,3,163.95,0.1,163.9,139,163.7,100,163.6,38,,,,,,,,,,,,,,,164.0,70,164.2,100,164.4,150,,,,,,,,,,,,,,
2026-07-07T02:00:53.658599+00:00,2026-07-07T02:00:53.652247,3,3,163.95,0.1,163.9,139,163.7,100,163.6,38,,,,,,,,,,,,,,,164.0,70,164.2,100,164.4,150,,,,,,,,,,,,,,
2026-07-07T02:00:53.864002+00:00,2026-07-07T02:00:53.863902,2,3,163.95,0.1,163.9,139,163.7,100,,,,,,,,,,,,,,,,,164.0,50,164.2,100,164.4,150,,,,,,,,,,,,,,
2026-07-07T02:00:53.869192+00:00,2026-07-07T02:00:53.869149,3,3,163.95,0.1,163.9,139,163.7,100,163.6,20,,,,,,,,,,,,,,,164.0,70,164.2,100,164.4,150,,,,,,,,,,,,,,
2026-07-07T02:00:53.910342+00:00,2026-07-07T02:00:53.910229,3,3,163.95,0.1,163.9,139,163.7,150,163.6,20,,,,,,,,,,,,,,,164.0,70,164.2,100,164.4,150,,,,,,,,,,,,,,
2026-07-07T02:00:54.075647+00:00,2026-07-07T02:00:54.075534,3,3,163.95,0.1,163.9,139,163.7,150,163.6,20,,,,,,,,,,,,,,,164.0,50,164.2,100,164.4,150,,,,,,,,,,,,,,
2026-07-07T02:00:54.080910+00:00,2026-07-07T02:00:54.080780,3,3,163.95,0.1,163.9,139,163.7,150,163.6,20,,,,,,,,,,,,,,,164.0,70,164.2,100,164.4,150,,,,,,,,,,,,,,
2026-07-07T02:00:54.189393+00:00,2026-07-07T02:00:54.189307,3,2,163.95,0.1,163.9,139,163.7,50,163.6,20,,,,,,,,,,,,,,,164.0,70,164.4,150,,,,,,,,,,,,,,,,
2026-07-07T02:00:54.242845+00:00,2026-07-07T02:00:54.242722,4,2,163.95,0.1,163.9,139,163.8,100,163.7,50,163.6,20,,,,,,,,,,,,,164.0,70,164.4,150,,,,,,,,,,,,,,,,
2026-07-07T02:00:54.285996+00:00,2026-07-07T02:00:54.285925,4,2,163.95,0.1,163.9,139,163.8,100,163.7,50,163.6,20,,,,,,,,,,,,,164.0,50,164.4,150,,,,,,,,,,,,,,,,
