recv_time,book_timestamp,n_bids,n_asks,mid,spread,bid_px_0,bid_vol_0,bid_px_1,bid_vol_1,bid_px_2,bid_vol_2,bid_px_3,bid_vol_3,bid_px_4,bid_vol_4,bid_px_5,bid_vol_5,bid_px_6,bid_vol_6,bid_px_7,bid_vol_7,bid_px_8,bid_vol_8,bid_px_9,bid_vol_9,ask_px_0,ask_vol_0,ask_px_1,ask_vol_1,ask_px_2,ask_vol_2,ask_px_3,ask_vol_3,ask_px_4,ask_vol_4,ask_px_5,ask_vol_5,ask_px_6,ask_vol_6,ask_px_7,ask_vol_7,ask_px_8,ask_vol_8,ask_px_9,ask_vol_9
2026-06-28T20:00:00.393511+00:00,2026-06-29T06:00:00.389511,2,2,91.25,0.5,91.0,89,90.9,1,,,,,,,,,,,,,,,,,91.5,100,91.6,1,,,,,,,,,,,,,,,,
2026-06-28T20:00:00.459510+00:00,2026-06-29T06:00:00.455503,2,2,91.25,0.5,91.0,239,90.9,1,,,,,,,,,,,,,,,,,91.5,100,91.6,1,,,,,,,,,,,,,,,,
2026-06-28T20:00:00.514502+00:00,2026-06-29T06:00:00.503761,2,2,91.25,0.5,91.0,239,90.9,1,,,,,,,,,,,,,,,,,91.5,250,91.6,1,,,,,,,,,,,,,,,,
2026-06-28T20:00:00.525511+00:00,2026-06-29T06:00:00.523511,2,2,91.25,0.5,91.0,150,90.9,1,,,,,,,,,,,,,,,,,91.5,150,91.6,1,,,,,,,,,,,,,,,,
2026-06-28T20:00:00.580510+00:00,2026-06-29T06:00:00.575511,3,2,91.3,0.4,91.1,100,91.0,150,90.9,1,,,,,,,,,,,,,,,91.5,150,91.6,1,,,,,,,,,,,,,,,,
2026-06-28T20:00:00.602510+00:00,2026-06-29T06:00:00.599511,2,1,91.3,0.4,91.1,100,91.0,150,,,,,,,,,,,,,,,,,91.5,150,,,,,,,,,,,,,,,,,,
2026-06-28T20:00:00.613505+00:00,2026-06-29T06:00:00.612510,3,2,91.3,0.4,91.1,100,91.0,150,90.9,1,,,,,,,,,,,,,,,91.5,150,91.6,1,,,,,,,,,,,,,,,,
2026-06-28T20:00:00.635510+00:00,2026-06-29T06:00:00.627511,3,2,91.3,0.4,91.1,100,91.0,150,90.9,1,,,,,,,,,,,,,,,91.5,150,91.6,101,,,,,,,,,,,,,,,,
2026-06-28T20:00:00.756502+00:00,2026-06-29T06:00:00.750502,3,2,91.3,0.4,91.1,100,91.0,150,90.9,1,,,,,,,,,,,,,,,91.5,102,91.6,101,,,,,,,,,,,,,,,,
2026-06-28T20:00:01.911502+00:00,2026-06-29T06:00:01.906502,3,2,91.3,0.4,91.1,100,91.0,150,90.9,1,,,,,,,,,,,,,,,91.5,52,91.6,101,,,,,,,,,,,,,,,,
2026-06-28T20:00:01.944502+00:00,2026-06-29T06:00:01.943502,3,2,91.3,0.4,91.1,59,91.0,150,90.9,1,,,,,,,,,,,,,,,91.5,52,91.6,101,,,,,,,,,,,,,,,,
2026-06-28T20:00:02.142502+00:00,2026-06-29T06:00:02.135502,4,2,91.3,0.4,91.1,59,91.0,150,90.9,1,90.8,5,,,,,,,,,,,,,91.5,52,91.6,101,,,,,,,,,,,,,,,,
2026-06-28T20:00:02.494502+00:00,2026-06-29T06:00:02.492502,4,2,91.3,0.4,91.1,59,91.0,150,90.9,1,90.8,5,,,,,,,,,,,,,91.5,3,91.6,101,,,,,,,,,,,,,,,,
2026-06-28T20:00:03.560590+00:00,2026-06-29T06:00:03.558590,3,1,91.35,0.5,91.1,59,90.9,1,90.8,5,,,,,,,,,,,,,,,91.6,101,,,,,,,,,,,,,,,,,,
2026-06-28T20:00:03.626590+00:00,2026-06-29T06:00:03.623590,3,0,,,91.6,49,91.1,59,90.8,5,,,,,,,,,,,,,,,,,,,,,,,,,,,,,,,,,,
2026-06-28T20:00:03.670599+00:00,2026-06-29T06:00:03.668599,3,1,91.85,0.5,91.6,49,91.1,59,90.8,5,,,,,,,,,,,,,,,92.1,150,,,,,,,,,,,,,,,,,,
2026-06-28T20:00:03.692599+00:00,2026-06-29T06:00:03.682600,2,1,91.85,0.5,91.6,49,90.8,5,,,,,,,,,,,,,,,,,92.1,150,,,,,,,,,,,,,,,,,,
2026-06-28T20:00:03.747591+00:00,2026-06-29T06:00:03.739600,3,1,91.85,0.5,91.6,49,91.3,100,90.8,5,,,,,,,,,,,,,,,92.1,150,,,,,,,,,,,,,,,,,,
2026-06-28T20:00:03.802590+00:00,2026-06-29T06:00:03.791590,3,2,91.7,0.2,91.6,49,91.3,100,90.8,5,,,,,,,,,,,,,,,91.8,100,92.1,150,,,,,,,,,,,,,,,,
2026-06-28T20:00:03.857591+00:00,2026-06-29T06:00:03.850591,3,2,91.7,0.2,91.6,48,91.3,100,90.8,5,,,,,,,,,,,,,,,91.8,100,92.1,150,,,,,,,,,,,,,,,,
2026-06-28T20:00:04.088590+00:00,2026-06-29T06:00:04.079590,2,2,91.55,0.5,91.3,100,90.8,5,,,,,,,,,,,,,,,,,91.8,100,92.1,150,,,,,,,,,,,,,,,,
2026-06-28T20:00:04.187590+00:00,2026-06-29T06:00:04.181590,2,2,91.55,0.5,91.3,99,90.8,5,,,,,,,,,,,,,,,,,91.8,100,92.1,150,,,,,,,,,,,,,,,,
2026-06-28T20:00:04.297590+00:00,2026-06-29T06:00:04.288590,2,2,91.55,0.5,91.3,98,90.8,5,,,,,,,,,,,,,,,,,91.8,100,92.1,150,,,,,,,,,,,,,,,,
2026-06-28T20:00:04.462590+00:00,2026-06-29T06:00:04.451591,2,2,91.55,0.5,91.3,97,90.8,5,,,,,,,,,,,,,,,,,91.8,100,92.1,150,,,,,,,,,,,,,,,,
2026-06-28T20:00:04.517599+00:00,2026-06-29T06:00:04.510590,2,2,91.55,0.5,91.3,50,90.8,5,,,,,,,,,,,,,,,,,91.8,100,92.1,150,,,,,,,,,,,,,,,,
2026-06-28T20:00:04.781599+00:00,2026-06-29T06:00:04.773600,2,2,91.55,0.5,91.3,49,90.8,5,,,,,,,,,,,,,,,,,91.8,100,92.1,150,,,,,,,,,,,,,,,,
2026-06-28T20:00:05.111590+00:00,2026-06-29T06:00:05.106592,2,2,91.55,0.5,91.3,49,90.8,5,,,,,,,,,,,,,,,,,91.8,53,92.1,150,,,,,,,,,,,,,,,,
2026-06-28T20:00:05.210590+00:00,2026-06-29T06:00:05.202590,2,2,91.55,0.5,91.3,48,90.8,5,,,,,,,,,,,,,,,,,91.8,53,92.1,150,,,,,,,,,,,,,,,,
2026-06-28T20:00:06.134139+00:00,2026-06-29T06:00:06.127140,1,2,91.55,0.5,91.3,48,,,,,,,,,,,,,,,,,,,91.8,3,92.1,150,,,,,,,,,,,,,,,,
2026-06-28T20:00:06.519139+00:00,2026-06-29T06:00:06.512140,2,2,91.55,0.5,91.3,48,91.0,6,,,,,,,,,,,,,,,,,91.8,3,92.1,150,,,,,,,,,,,,,,,,
2026-06-28T20:00:06.651149+00:00,2026-06-29T06:00:06.645139,3,3,91.45,0.3,91.3,48,91.0,6,90.9,1,,,,,,,,,,,,,,,91.6,1,91.8,3,92.1,150,,,,,,,,,,,,,,
2026-06-28T20:00:06.739148+00:00,2026-06-29T06:00:06.729149,3,2,91.45,0.3,91.3,48,91.0,6,90.9,1,,,,,,,,,,,,,,,91.6,1,91.8,3,,,,,,,,,,,,,,,,
2026-06-28T20:00:06.783148+00:00,2026-06-29T06:00:06.780148,4,2,91.45,0.3,91.3,48,91.1,150,91.0,6,90.9,1,,,,,,,,,,,,,91.6,1,91.8,3,,,,,,,,,,,,,,,,
2026-06-28T20:00:06.838148+00:00,2026-06-29T06:00:06.833149,4,2,91.45,0.3,91.3,48,91.1,150,91.0,6,90.9,1,,,,,,,,,,,,,91.6,151,91.8,3,,,,,,,,,,,,,,,,
2026-06-28T20:00:06.849148+00:00,2026-06-29T06:00:06.847149,3,1,91.35,0.5,91.1,150,91.0,6,90.9,1,,,,,,,,,,,,,,,91.6,151,,,,,,,,,,,,,,,,,,
2026-06-28T20:00:06.904149+00:00,2026-06-29T06:00:06.900148,4,1,91.55,0.1,91.5,100,91.1,150,91.0,6,90.9,1,,,,,,,,,,,,,91.6,151,,,,,,,,,,,,,,,,,,
2026-06-28T20:00:06.959148+00:00,2026-06-29T06:00:06.951148,4,2,91.55,0.1,91.5,100,91.1,150,91.0,6,90.9,1,,,,,,,,,,,,,91.6,151,92.0,100,,,,,,,,,,,,,,,,
2026-06-28T20:00:07.509160+00:00,2026-06-29T06:00:07.506159,4,2,91.55,0.1,91.5,100,91.1,150,91.0,5,90.9,1,,,,,,,,,,,,,91.6,151,92.0,100,,,,,,,,,,,,,,,,
2026-06-28T20:00:08.244418+00:00,2026-06-29T06:00:08.233418,4,2,91.55,0.1,91.5,100,91.1,150,91.0,5,90.9,1,,,,,,,,,,,,,91.6,101,92.0,100,,,,,,,,,,,,,,,,
2026-06-28T20:00:08.519418+00:00,2026-06-29T06:00:08.513418,4,2,91.55,0.1,91.5,58,91.1,150,91.0,5,90.9,1,,,,,,,,,,,,,91.6,101,92.0,100,,,,,,,,,,,,,,,,
2026-06-28T20:00:09.531427+00:00,2026-06-29T06:00:09.530427,4,2,91.55,0.1,91.5,58,91.1,150,91.0,5,90.9,1,,,,,,,,,,,,,91.6,53,92.0,100,,,,,,,,,,,,,,,,
2026-06-28T20:00:09.663427+00:00,2026-06-29T06:00:09.656427,3,2,91.55,0.1,91.5,58,91.1,150,91.0,5,,,,,,,,,,,,,,,91.6,53,92.0,100,,,,,,,,,,,,,,,,
2026-06-28T20:00:09.674427+00:00,2026-06-29T06:00:09.669427,4,3,91.55,0.1,91.5,58,91.3,1,91.1,150,91.0,5,,,,,,,,,,,,,91.6,53,91.9,1,92.0,100,,,,,,,,,,,,,,
2026-06-28T20:00:09.894427+00:00,2026-06-29T06:00:09.887427,3,2,91.7,0.4,91.5,58,91.3,1,91.0,5,,,,,,,,,,,,,,,91.9,1,92.0,100,,,,,,,,,,,,,,,,
2026-06-28T20:00:09.949427+00:00,2026-06-29T06:00:09.940427,4,2,91.7,0.4,91.5,58,91.4,150,91.3,1,91.0,5,,,,,,,,,,,,,91.9,1,92.0,100,,,,,,,,,,,,,,,,
2026-06-28T20:00:09.993428+00:00,2026-06-29T06:00:09.992427,4,2,91.7,0.4,91.5,58,91.4,150,91.3,1,91.0,5,,,,,,,,,,,,,91.9,151,92.0,100,,,,,,,,,,,,,,,,
2026-06-28T20:00:10.015427+00:00,2026-06-29T06:00:10.006427,3,1,91.65,0.5,91.4,150,91.3,1,91.0,5,,,,,,,,,,,,,,,91.9,151,,,,,,,,,,,,,,,,,,
2026-06-28T20:00:10.070427+00:00,2026-06-29T06:00:10.063427,3,1,91.65,0.5,91.4,150,91.3,101,91.0,5,,,,,,,,,,,,,,,91.9,151,,,,,,,,,,,,,,,,,,
2026-06-28T20:00:10.125427+00:00,2026-06-29T06:00:10.123427,3,2,91.6,0.4,91.4,150,91.3,101,91.0,5,,,,,,,,,,,,,,,91.8,100,91.9,151,,,,,,,,,,,,,,,,
2026-06-28T20:00:10.378427+00:00,2026-06-29T06:00:10.369427,3,2,91.6,0.4,91.4,150,91.3,101,91.0,5,,,,,,,,,,,,,,,91.8,50,91.9,151,,,,,,,,,,,,,,,,
2026-06-28T20:00:10.884418+00:00,2026-06-29T06:00:10.874418,3,2,91.6,0.4,91.4,149,91.3,101,91.0,5,,,,,,,,,,,,,,,91.8,50,91.9,151,,,,,,,,,,,,,,,,
2026-06-28T20:00:10.906427+00:00,2026-06-29T06:00:10.905427,2,2,91.6,0.4,91.4,149,91.3,101,,,,,,,,,,,,,,,,,91.8,50,91.9,151,,,,,,,,,,,,,,,,
2026-06-28T20:00:10.983427+00:00,2026-06-29T06:00:10.978427,3,2,91.6,0.4,91.4,149,91.3,101,91.2,5,,,,,,,,,,,,,,,91.8,50,91.9,151,,,,,,,,,,,,,,,,
2026-06-28T20:00:11.005427+00:00,2026-06-29T06:00:10.997427,3,2,91.6,0.4,91.4,106,91.3,101,91.2,5,,,,,,,,,,,,,,,91.8,50,91.9,151,,,,,,,,,,,,,,,,
2026-06-28T20:00:12.578427+00:00,2026-06-29T06:00:12.567427,3,2,91.6,0.4,91.4,60,91.3,101,91.2,5,,,,,,,,,,,,,,,91.8,50,91.9,151,,,,,,,,,,,,,,,,
2026-06-28T20:00:12.687662+00:00,2026-06-29T06:00:12.684656,3,2,91.6,0.4,91.4,60,91.3,100,91.2,5,,,,,,,,,,,,,,,91.8,50,91.9,150,,,,,,,,,,,,,,,,
2026-06-28T20:00:12.709662+00:00,2026-06-29T06:00:12.703662,3,2,91.6,0.4,91.4,60,91.3,100,91.2,6,,,,,,,,,,,,,,,91.8,50,91.9,151,,,,,,,,,,,,,,,,
2026-06-28T20:00:13.050662+00:00,2026-06-29T06:00:13.046663,2,2,91.55,0.5,91.3,100,91.2,6,,,,,,,,,,,,,,,,,91.8,50,91.9,1,,,,,,,,,,,,,,,,
2026-06-28T20:00:13.105662+00:00,2026-06-29T06:00:13.099662,3,2,91.55,0.5,91.3,100,91.2,6,91.0,150,,,,,,,,,,,,,,,91.8,50,91.9,1,,,,,,,,,,,,,,,,
2026-06-28T20:00:13.160654+00:00,2026-06-29T06:00:13.155653,3,3,91.4,0.2,91.3,100,91.2,6,91.0,150,,,,,,,,,,,,,,,91.5,150,91.8,50,91.9,1,,,,,,,,,,,,,,
2026-06-28T20:00:13.182653+00:00,2026-06-29T06:00:13.171795,2,2,91.35,0.3,91.2,6,91.0,150,,,,,,,,,,,,,,,,,91.5,150,91.9,1,,,,,,,,,,,,,,,,
2026-06-28T20:00:13.226653+00:00,2026-06-29T06:00:13.223653,3,2,91.45,0.1,91.4,100,91.2,6,91.0,150,,,,,,,,,,,,,,,91.5,150,91.9,1,,,,,,,,,,,,,,,,
2026-06-28T20:00:13.281653+00:00,2026-06-29T06:00:13.275653,3,2,91.45,0.1,91.4,100,91.2,6,91.0,150,,,,,,,,,,,,,,,91.5,150,91.9,101,,,,,,,,,,,,,,,,
2026-06-28T20:00:13.545662+00:00,2026-06-29T06:00:13.535663,3,2,91.45,0.1,91.4,100,91.2,6,91.0,150,,,,,,,,,,,,,,,91.5,106,91.9,101,,,,,,,,,,,,,,,,
2026-06-28T20:00:14.447662+00:00,2026-06-29T06:00:14.445662,3,2,91.45,0.1,91.4,100,91.2,6,91.0,150,,,,,,,,,,,,,,,91.5,59,91.9,101,,,,,,,,,,,,,,,,
2026-06-28T20:00:14.623662+00:00,2026-06-29T06:00:14.612783,3,2,91.45,0.1,91.4,100,91.2,6,91.0,150,,,,,,,,,,,,,,,91.5,9,91.9,101,,,,,,,,,,,,,,,,
2026-06-28T20:00:15.646662+00:00,2026-06-29T06:00:15.636662,3,2,91.45,0.1,91.4,52,91.2,6,91.0,150,,,,,,,,,,,,,,,91.5,9,91.9,101,,,,,,,,,,,,,,,,
2026-06-28T20:00:15.734662+00:00,2026-06-29T06:00:15.724663,3,2,91.45,0.1,91.4,52,91.2,5,91.0,150,,,,,,,,,,,,,,,91.5,9,91.9,100,,,,,,,,,,,,,,,,
2026-06-28T20:00:15.745662+00:00,2026-06-29T06:00:15.737662,3,3,91.45,0.1,91.4,52,91.2,5,91.0,151,,,,,,,,,,,,,,,91.5,9,91.7,1,91.9,100,,,,,,,,,,,,,,
2026-06-28T20:00:16.207225+00:00,2026-06-29T06:00:16.205225,3,3,91.45,0.1,91.4,7,91.2,5,91.0,151,,,,,,,,,,,,,,,91.5,9,91.7,1,91.9,100,,,,,,,,,,,,,,
2026-06-28T20:00:16.218225+00:00,2026-06-29T06:00:16.210225,3,2,91.55,0.3,91.4,7,91.2,5,91.0,1,,,,,,,,,,,,,,,91.7,1,91.9,100,,,,,,,,,,,,,,,,
2026-06-28T20:00:16.273225+00:00,2026-06-29T06:00:16.262225,4,2,91.6,0.2,91.5,150,91.4,7,91.2,5,91.0,1,,,,,,,,,,,,,91.7,1,91.9,100,,,,,,,,,,,,,,,,
2026-06-28T20:00:16.317225+00:00,2026-06-29T06:00:16.316225,4,3,91.6,0.2,91.5,150,91.4,7,91.2,5,91.0,1,,,,,,,,,,,,,91.7,1,91.9,100,92.0,150,,,,,,,,,,,,,,
2026-06-28T20:00:16.339225+00:00,2026-06-29T06:00:16.331225,3,2,91.6,0.2,91.5,150,91.2,5,91.0,1,,,,,,,,,,,,,,,91.7,1,92.0,150,,,,,,,,,,,,,,,,
2026-06-28T20:00:16.394344+00:00,2026-06-29T06:00:16.383343,4,2,91.6,0.2,91.5,150,91.2,5,91.1,100,91.0,1,,,,,,,,,,,,,91.7,1,92.0,150,,,,,,,,,,,,,,,,
2026-06-28T20:00:16.438344+00:00,2026-06-29T06:00:16.436344,4,3,91.55,0.1,91.5,150,91.2,5,91.1,100,91.0,1,,,,,,,,,,,,,91.6,100,91.7,1,92.0,150,,,,,,,,,,,,,,
2026-06-28T20:00:16.768343+00:00,2026-06-29T06:00:16.762344,4,3,91.55,0.1,91.5,150,91.2,5,91.1,100,91.0,1,,,,,,,,,,,,,91.6,52,91.7,1,92.0,150,,,,,,,,,,,,,,
2026-06-28T20:00:16.779344+00:00,2026-06-29T06:00:16.771344,4,3,91.55,0.1,91.5,100,91.2,5,91.1,100,91.0,1,,,,,,,,,,,,,91.6,52,91.7,1,92.0,150,,,,,,,,,,,,,,
2026-06-28T20:00:18.307816+00:00,2026-06-29T06:00:18.297012,4,3,91.55,0.1,91.5,60,91.2,5,91.1,100,91.0,1,,,,,,,,,,,,,91.6,52,91.7,1,92.0,150,,,,,,,,,,,,,,
2026-06-28T20:00:18.758807+00:00,2026-06-29T06:00:18.750807,3,2,91.55,0.1,91.5,60,91.2,5,91.1,100,,,,,,,,,,,,,,,91.6,52,92.0,150,,,,,,,,,,,,,,,,
2026-06-28T20:00:18.769807+00:00,2026-06-29T06:00:18.763807,4,3,91.55,0.1,91.5,60,91.2,5,91.1,100,91.0,1,,,,,,,,,,,,,91.6,52,91.7,1,92.0,150,,,,,,,,,,,,,,
2026-06-28T20:00:18.901816+00:00,2026-06-29T06:00:18.894816,4,3,91.55,0.1,91.5,10,91.2,5,91.1,100,91.0,1,,,,,,,,,,,,,91.6,52,91.7,1,92.0,150,,,,,,,,,,,,,,
2026-06-28T20:00:19.319322+00:00,2026-06-29T06:00:19.313322,4,3,91.55,0.1,91.5,10,91.2,4,91.1,100,91.0,1,,,,,,,,,,,,,91.6,52,91.7,1,92.0,150,,,,,,,,,,,,,,
2026-06-28T20:00:19.374322+00:00,2026-06-29T06:00:19.371322,3,2,91.4,0.4,91.2,4,91.1,100,91.0,1,,,,,,,,,,,,,,,91.6,52,91.7,1,,,,,,,,,,,,,,,,
2026-06-28T20:00:19.429331+00:00,2026-06-29T06:00:19.423331,3,2,91.4,0.4,91.2,4,91.1,250,91.0,1,,,,,,,,,,,,,,,91.6,52,91.7,1,,,,,,,,,,,,,,,,
2026-06-28T20:00:19.484331+00:00,2026-06-29T06:00:19.475331,3,2,91.4,0.4,91.2,4,91.1,250,91.0,1,,,,,,,,,,,,,,,91.6,202,91.7,1,,,,,,,,,,,,,,,,
2026-06-28T20:00:19.495322+00:00,2026-06-29T06:00:19.492331,3,2,91.4,0.4,91.2,4,91.1,150,91.0,1,,,,,,,,,,,,,,,91.6,150,91.7,1,,,,,,,,,,,,,,,,
2026-06-28T20:00:19.550331+00:00,2026-06-29T06:00:19.544331,4,2,91.45,0.3,91.3,100,91.2,4,91.1,150,91.0,1,,,,,,,,,,,,,91.6,150,91.7,1,,,,,,,,,,,,,,,,
2026-06-28T20:00:19.605331+00:00,2026-06-29T06:00:19.597331,4,3,91.45,0.3,91.3,100,91.2,4,91.1,150,91.0,1,,,,,,,,,,,,,91.6,150,91.7,1,91.8,100,,,,,,,,,,,,,,
2026-06-28T20:00:19.627331+00:00,2026-06-29T06:00:19.623331,4,3,91.45,0.3,91.3,100,91.2,3,91.1,150,91.0,1,,,,,,,,,,,,,91.6,150,91.7,1,91.8,100,,,,,,,,,,,,,,
2026-06-28T20:00:20.375322+00:00,2026-06-29T06:00:20.368322,4,3,91.45,0.3,91.3,100,91.2,3,91.1,150,91.0,1,,,,,,,,,,,,,91.6,154,91.7,1,91.8,100,,,,,,,,,,,,,,
2026-06-28T20:00:21.783331+00:00,2026-06-29T06:00:21.778331,3,2,91.45,0.3,91.3,100,91.2,3,91.1,150,,,,,,,,,,,,,,,91.6,154,91.8,100,,,,,,,,,,,,,,,,
2026-06-28T20:00:21.794331+00:00,2026-06-29T06:00:21.792323,3,3,91.45,0.3,91.3,100,91.2,3,91.1,150,,,,,,,,,,,,,,,91.6,154,91.7,1,91.8,100,,,,,,,,,,,,,,
2026-06-28T20:00:21.805331+00:00,2026-06-29T06:00:21.795332,4,3,91.45,0.3,91.3,100,91.2,3,91.1,150,91.0,1,,,,,,,,,,,,,91.6,154,91.7,1,91.8,100,,,,,,,,,,,,,,
2026-06-28T20:00:22.091331+00:00,2026-06-29T06:00:22.081331,4,3,91.45,0.3,91.3,100,91.2,3,91.1,150,91.0,1,,,,,,,,,,,,,91.6,108,91.7,1,91.8,100,,,,,,,,,,,,,,
2026-06-28T20:00:22.399322+00:00,2026-06-29T06:00:22.392322,4,3,91.45,0.3,91.3,100,91.2,1,91.1,150,91.0,1,,,,,,,,,,,,,91.6,108,91.7,1,91.8,100,,,,,,,,,,,,,,
2026-06-28T20:00:22.531322+00:00,2026-06-29T06:00:22.530322,4,3,91.45,0.3,91.3,100,91.2,1,91.1,150,91.0,1,,,,,,,,,,,,,91.6,4,91.7,1,91.8,100,,,,,,,,,,,,,,
2026-06-28T20:00:22.542322+00:00,2026-06-29T06:00:22.532322,3,3,91.45,0.3,91.3,100,91.2,1,91.0,1,,,,,,,,,,,,,,,91.6,4,91.7,1,91.8,100,,,,,,,,,,,,,,
2026-06-28T20:00:22.597322+00:00,2026-06-29T06:00:22.586560,3,3,91.45,0.3,91.3,250,91.2,1,91.0,1,,,,,,,,,,,,,,,91.6,4,91.7,1,91.8,100,,,,,,,,,,,,,,
2026-06-28T20:00:22.641441+00:00,2026-06-29T06:00:22.638441,3,3,91.45,0.3,91.3,250,91.2,1,91.0,1,,,,,,,,,,,,,,,91.6,4,91.7,1,91.8,250,,,,,,,,,,,,,,
2026-06-28T20:00:22.663441+00:00,2026-06-29T06:00:22.654441,3,3,91.45,0.3,91.3,150,91.2,1,91.0,1,,,,,,,,,,,,,,,91.6,4,91.7,1,91.8,150,,,,,,,,,,,,,,
2026-06-28T20:00:22.707141+00:00,2026-06-29T06:00:22.706141,3,3,91.45,0.3,91.3,250,91.2,1,91.0,1,,,,,,,,,,,,,,,91.6,4,91.7,1,91.8,150,,,,,,,,,,,,,,
2026-06-28T20:00:22.762140+00:00,2026-06-29T06:00:22.759141,3,3,91.45,0.3,91.3,250,91.2,1,91.0,1,,,,,,,,,,,,,,,91.6,4,91.7,1,91.8,250,,,,,,,,,,,,,,
2026-06-28T20:00:23.136141+00:00,2026-06-29T06:00:23.127141,3,3,91.45,0.3,91.3,200,91.2,1,91.0,1,,,,,,,,,,,,,,,91.6,4,91.7,1,91.8,250,,,,,,,,,,,,,,
2026-06-28T20:00:24.180022+00:00,2026-06-29T06:00:24.173022,3,3,91.45,0.3,91.3,152,91.2,1,91.0,1,,,,,,,,,,,,,,,91.6,4,91.7,1,91.8,250,,,,,,,,,,,,,,
2026-06-28T20:00:24.818031+00:00,2026-06-29T06:00:24.809031,2,2,91.45,0.3,91.3,152,91.2,1,,,,,,,,,,,,,,,,,91.6,4,91.8,250,,,,,,,,,,,,,,,,
2026-06-28T20:00:24.829031+00:00,2026-06-29T06:00:24.823031,3,3,91.45,0.3,91.3,152,91.2,1,91.0,1,,,,,,,,,,,,,,,91.6,4,91.7,1,91.8,250,,,,,,,,,,,,,,
2026-06-28T20:00:25.698031+00:00,2026-06-29T06:00:25.696031,3,3,91.45,0.3,91.3,100,91.2,1,91.0,1,,,,,,,,,,,,,,,91.6,4,91.7,1,91.8,100,,,,,,,,,,,,,,
2026-06-28T20:00:25.753031+00:00,2026-06-29T06:00:25.746031,3,3,91.45,0.3,91.3,100,91.2,1,91.0,151,,,,,,,,,,,,,,,91.6,4,91.7,1,91.8,100,,,,,,,,,,,,,,
2026-06-28T20:00:25.808031+00:00,2026-06-29T06:00:25.799031,3,4,91.4,0.2,91.3,100,91.2,1,91.0,151,,,,,,,,,,,,,,,91.5,150,91.6,4,91.7,1,91.8,100,,,,,,,,,,,,
2026-06-28T20:00:25.830031+00:00,2026-06-29T06:00:25.819031,2,3,91.35,0.3,91.2,1,91.0,151,,,,,,,,,,,,,,,,,91.5,150,91.6,4,91.7,1,,,,,,,,,,,,,,
2026-06-28T20:00:25.874031+00:00,2026-06-29T06:00:25.868031,2,3,91.35,0.3,91.2,1,91.0,151,,,,,,,,,,,,,,,,,91.5,50,91.6,4,91.7,1,,,,,,,,,,,,,,
2026-06-28T20:00:25.929031+00:00,2026-06-29T06:00:25.926031,2,4,91.35,0.3,91.2,1,91.0,151,,,,,,,,,,,,,,,,,91.5,50,91.6,4,91.7,1,92.0,100,,,,,,,,,,,,
2026-06-28T20:00:26.247623+00:00,2026-06-29T06:00:26.243622,2,4,91.35,0.3,91.2,1,91.0,151,,,,,,,,,,,,,,,,,91.5,8,91.6,4,91.7,1,92.0,100,,,,,,,,,,,,
2026-06-28T20:00:27.369613+00:00,2026-06-29T06:00:27.365614,1,4,91.25,0.5,91.0,102,,,,,,,,,,,,,,,,,,,91.5,8,91.6,4,91.7,1,92.0,100,,,,,,,,,,,,
2026-06-28T20:00:27.457614+00:00,2026-06-29T06:00:27.449614,2,4,91.4,0.2,91.3,2,91.0,102,,,,,,,,,,,,,,,,,91.5,8,91.6,4,91.7,1,92.0,100,,,,,,,,,,,,
2026-06-28T20:00:27.842292+00:00,2026-06-29T06:00:27.835291,2,3,91.4,0.2,91.3,2,91.0,102,,,,,,,,,,,,,,,,,91.5,8,91.6,4,92.0,100,,,,,,,,,,,,,,
2026-06-28T20:00:27.853292+00:00,2026-06-29T06:00:27.849292,3,4,91.4,0.2,91.3,2,91.2,1,91.0,102,,,,,,,,,,,,,,,91.5,8,91.6,4,91.9,1,92.0,100,,,,,,,,,,,,
2026-06-28T20:00:28.854292+00:00,2026-06-29T06:00:28.852292,3,3,91.45,0.3,91.3,2,91.2,1,91.0,102,,,,,,,,,,,,,,,91.6,4,91.9,1,92.0,100,,,,,,,,,,,,,,
2026-06-28T20:00:28.865292+00:00,2026-06-29T06:00:28.854292,2,3,91.45,0.3,91.3,2,91.2,1,,,,,,,,,,,,,,,,,91.6,4,91.9,1,92.0,100,,,,,,,,,,,,,,
2026-06-28T20:00:28.920292+00:00,2026-06-29T06:00:28.914292,3,3,91.5,0.2,91.4,150,91.3,2,91.2,1,,,,,,,,,,,,,,,91.6,4,91.9,1,92.0,100,,,,,,,,,,,,,,
2026-06-28T20:00:28.975291+00:00,2026-06-29T06:00:28.967292,3,3,91.5,0.2,91.4,150,91.3,2,91.2,1,,,,,,,,,,,,,,,91.6,4,91.9,151,92.0,100,,,,,,,,,,,,,,
2026-06-28T20:00:28.986291+00:00,2026-06-29T06:00:28.979292,3,2,91.5,0.2,91.4,150,91.3,2,91.2,1,,,,,,,,,,,,,,,91.6,4,91.9,151,,,,,,,,,,,,,,,,
2026-06-28T20:00:29.041292+00:00,2026-06-29T06:00:29.032283,3,2,91.5,0.2,91.4,150,91.3,2,91.2,101,,,,,,,,,,,,,,,91.6,4,91.9,151,,,,,,,,,,,,,,,,
2026-06-28T20:00:29.096291+00:00,2026-06-29T06:00:29.085291,3,3,91.5,0.2,91.4,150,91.3,2,91.2,101,,,,,,,,,,,,,,,91.6,4,91.7,100,91.9,151,,,,,,,,,,,,,,
2026-06-28T20:00:29.338292+00:00,2026-06-29T06:00:29.337292,3,3,91.5,0.2,91.4,150,91.3,2,91.2,101,,,,,,,,,,,,,,,91.6,2,91.7,100,91.9,151,,,,,,,,,,,,,,
2026-06-28T20:00:29.481292+00:00,2026-06-29T06:00:29.471292,3,3,91.5,0.2,91.4,100,91.3,2,91.2,101,,,,,,,,,,,,,,,91.6,2,91.7,100,91.9,151,,,,,,,,,,,,,,
2026-06-28T20:00:29.877292+00:00,2026-06-29T06:00:29.876292,3,2,91.55,0.3,91.4,100,91.3,2,91.2,101,,,,,,,,,,,,,,,91.7,53,91.9,151,,,,,,,,,,,,,,,,
2026-06-28T20:00:30.866413+00:00,2026-06-29T06:00:30.860413,3,2,91.55,0.3,91.4,100,91.3,2,91.2,100,,,,,,,,,,,,,,,91.7,53,91.9,150,,,,,,,,,,,,,,,,
2026-06-28T20:00:30.877413+00:00,2026-06-29T06:00:30.874412,4,3,91.55,0.3,91.4,100,91.3,2,91.2,100,91.1,1,,,,,,,,,,,,,91.7,53,91.8,1,91.9,150,,,,,,,,,,,,,,
2026-06-28T20:00:31.537412+00:00,2026-06-29T06:00:31.527413,4,3,91.55,0.3,91.4,100,91.3,2,91.2,100,91.1,1,,,,,,,,,,,,,91.7,3,91.8,1,91.9,150,,,,,,,,,,,,,,
2026-06-28T20:00:32.021422+00:00,2026-06-29T06:00:32.020421,4,2,91.55,0.3,91.4,100,91.3,2,91.2,100,91.1,1,,,,,,,,,,,,,91.7,3,91.8,1,,,,,,,,,,,,,,,,
2026-06-28T20:00:32.032421+00:00,2026-06-29T06:00:32.022422,3,2,91.5,0.4,91.3,2,91.2,100,91.1,1,,,,,,,,,,,,,,,91.7,3,91.8,1,,,,,,,,,,,,,,,,
2026-06-28T20:00:32.076422+00:00,2026-06-29T06:00:32.075422,3,2,91.5,0.4,91.3,2,91.2,250,91.1,1,,,,,,,,,,,,,,,91.7,3,91.8,1,,,,,,,,,,,,,,,,
2026-06-28T20:00:32.131422+00:00,2026-06-29T06:00:32.127421,3,2,91.5,0.4,91.3,2,91.2,250,91.1,1,,,,,,,,,,,,,,,91.7,153,91.8,1,,,,,,,,,,,,,,,,
2026-06-28T20:00:32.142422+00:00,2026-06-29T06:00:32.140422,3,2,91.5,0.4,91.3,2,91.2,150,91.1,1,,,,,,,,,,,,,,,91.7,150,91.8,1,,,,,,,,,,,,,,,,
2026-06-28T20:00:32.197422+00:00,2026-06-29T06:00:32.193413,4,2,91.6,0.2,91.5,100,91.3,2,91.2,150,91.1,1,,,,,,,,,,,,,91.7,150,91.8,1,,,,,,,,,,,,,,,,
2026-06-28T20:00:32.252422+00:00,2026-06-29T06:00:32.246422,4,3,91.6,0.2,91.5,100,91.3,2,91.2,150,91.1,1,,,,,,,,,,,,,91.7,150,91.8,1,92.0,100,,,,,,,,,,,,,,
2026-06-28T20:00:32.856170+00:00,2026-06-29T06:00:32.849170,3,3,91.6,0.2,91.5,100,91.2,150,91.1,1,,,,,,,,,,,,,,,91.7,150,91.8,1,92.0,100,,,,,,,,,,,,,,
2026-06-28T20:00:33.637161+00:00,2026-06-29T06:00:33.634161,3,3,91.6,0.2,91.5,100,91.2,150,91.1,1,,,,,,,,,,,,,,,91.7,100,91.8,1,92.0,100,,,,,,,,,,,,,,
2026-06-28T20:00:33.890161+00:00,2026-06-29T06:00:33.887161,2,2,91.6,0.2,91.5,100,91.2,150,,,,,,,,,,,,,,,,,91.7,100,92.0,100,,,,,,,,,,,,,,,,
2026-06-28T20:00:33.901161+00:00,2026-06-29T06:00:33.900161,3,2,91.6,0.2,91.5,100,91.3,1,91.2,150,,,,,,,,,,,,,,,91.7,100,92.0,101,,,,,,,,,,,,,,,,
2026-06-28T20:00:34.429170+00:00,2026-06-29T06:00:34.427170,3,2,91.6,0.2,91.5,100,91.3,1,91.2,150,,,,,,,,,,,,,,,91.7,107,92.0,101,,,,,,,,,,,,,,,,
2026-06-28T20:00:35.188246+00:00,2026-06-29T06:00:35.184246,2,2,91.6,0.2,91.5,100,91.3,1,,,,,,,,,,,,,,,,,91.7,7,92.0,101,,,,,,,,,,,,,,,,
2026-06-28T20:00:35.243253+00:00,2026-06-29T06:00:35.236252,3,2,91.6,0.2,91.5,100,91.4,150,91.3,1,,,,,,,,,,,,,,,91.7,7,92.0,101,,,,,,,,,,,,,,,,
2026-06-28T20:00:35.298260+00:00,2026-06-29T06:00:35.291259,3,3,91.6,0.2,91.5,100,91.4,150,91.3,1,,,,,,,,,,,,,,,91.7,7,91.9,150,92.0,101,,,,,,,,,,,,,,
2026-06-28T20:00:35.309262+00:00,2026-06-29T06:00:35.306261,2,3,91.55,0.3,91.4,150,91.3,1,,,,,,,,,,,,,,,,,91.7,7,91.9,150,92.0,1,,,,,,,,,,,,,,
2026-06-28T20:00:35.375270+00:00,2026-06-29T06:00:35.368269,3,3,91.6,0.2,91.5,100,91.4,150,91.3,1,,,,,,,,,,,,,,,91.7,7,91.9,150,92.0,1,,,,,,,,,,,,,,
2026-06-28T20:00:35.441278+00:00,2026-06-29T06:00:35.437278,3,3,91.6,0.2,91.5,100,91.4,150,91.3,1,,,,,,,,,,,,,,,91.7,7,91.9,150,92.0,101,,,,,,,,,,,,,,
2026-06-28T20:00:36.452842+00:00,2026-06-29T06:00:36.451842,3,3,91.6,0.2,91.5,100,91.4,150,91.3,1,,,,,,,,,,,,,,,91.7,6,91.9,150,92.0,101,,,,,,,,,,,,,,
2026-06-28T20:00:36.781842+00:00,2026-06-29T06:00:36.772841,3,3,91.6,0.2,91.5,100,91.4,150,91.3,1,,,,,,,,,,,,,,,91.7,5,91.9,150,92.0,101,,,,,,,,,,,,,,
2026-06-28T20:00:36.913842+00:00,2026-06-29T06:00:36.912723,2,3,91.6,0.2,91.5,100,91.4,150,,,,,,,,,,,,,,,,,91.7,5,91.9,150,92.0,101,,,,,,,,,,,,,,
2026-06-28T20:00:36.924842+00:00,2026-06-29T06:00:36.913842,2,3,91.6,0.2,91.5,100,91.4,150,,,,,,,,,,,,,,,,,91.7,5,91.9,150,92.0,100,,,,,,,,,,,,,,
2026-06-28T20:00:36.935842+00:00,2026-06-29T06:00:36.928842,3,3,91.6,0.2,91.5,100,91.4,150,91.3,1,,,,,,,,,,,,,,,91.7,5,91.9,150,92.0,101,,,,,,,,,,,,,,
2026-06-28T20:00:37.770257+00:00,2026-06-29T06:00:37.769257,3,3,91.6,0.2,91.5,100,91.4,150,91.3,1,,,,,,,,,,,,,,,91.7,4,91.9,150,92.0,101,,,,,,,,,,,,,,
2026-06-28T20:00:37.858257+00:00,2026-06-29T06:00:37.848257,3,2,91.7,0.4,91.5,100,91.4,150,91.3,1,,,,,,,,,,,,,,,91.9,104,92.0,101,,,,,,,,,,,,,,,,
2026-06-28T20:00:38.353257+00:00,2026-06-29T06:00:38.346257,2,1,91.75,0.5,91.5,100,91.3,1,,,,,,,,,,,,,,,,,92.0,101,,,,,,,,,,,,,,,,,,
2026-06-28T20:00:38.375257+00:00,2026-06-29T06:00:38.370257,2,1,91.75,0.5,91.5,56,91.3,1,,,,,,,,,,,,,,,,,92.0,101,,,,,,,,,,,,,,,,,,
2026-06-28T20:00:38.408257+00:00,2026-06-29T06:00:38.400257,3,1,91.8,0.4,91.6,150,91.5,56,91.3,1,,,,,,,,,,,,,,,92.0,101,,,,,,,,,,,,,,,,,,
2026-06-28T20:00:38.463257+00:00,2026-06-29T06:00:38.461257,2,2,91.8,0.4,91.6,150,91.3,1,,,,,,,,,,,,,,,,,92.0,1,92.1,150,,,,,,,,,,,,,,,,
2026-06-28T20:00:38.518257+00:00,2026-06-29T06:00:38.514257,3,2,91.8,0.4,91.6,150,91.4,100,91.3,1,,,,,,,,,,,,,,,92.0,1,92.1,150,,,,,,,,,,,,,,,,
2026-06-28T20:00:38.573248+00:00,2026-06-29T06:00:38.571247,3,3,91.75,0.3,91.6,150,91.4,100,91.3,1,,,,,,,,,,,,,,,91.9,100,92.0,1,92.1,150,,,,,,,,,,,,,,
2026-06-28T20:00:39.420257+00:00,2026-06-29T06:00:39.418257,3,3,91.75,0.3,91.6,106,91.4,100,91.3,1,,,,,,,,,,,,,,,91.9,100,92.0,1,92.1,150,,,,,,,,,,,,,,
2026-06-28T20:00:39.947771+00:00,2026-06-29T06:00:39.941771,2,2,91.75,0.3,91.6,106,91.4,100,,,,,,,,,,,,,,,,,91.9,100,92.1,150,,,,,,,,,,,,,,,,
2026-06-28T20:00:39.958771+00:00,2026-06-29T06:00:39.955762,2,2,91.75,0.3,91.6,106,91.4,101,,,,,,,,,,,,,,,,,91.9,100,92.1,151,,,,,,,,,,,,,,,,
2026-06-28T20:00:40.013771+00:00,2026-06-29T06:00:40.006771,2,2,91.75,0.3,91.6,56,91.4,101,,,,,,,,,,,,,,,,,91.9,100,92.1,151,,,,,,,,,,,,,,,,
2026-06-28T20:00:40.783762+00:00,2026-06-29T06:00:40.781762,2,3,91.7,0.2,91.6,56,91.4,101,,,,,,,,,,,,,,,,,91.8,9,91.9,100,92.1,151,,,,,,,,,,,,,,
2026-06-28T20:00:41.035771+00:00,2026-06-29T06:00:41.025763,2,3,91.7,0.2,91.6,56,91.4,101,,,,,,,,,,,,,,,,,91.8,8,91.9,100,92.1,151,,,,,,,,,,,,,,
2026-06-28T20:00:41.508771+00:00,2026-06-29T06:00:41.506771,2,3,91.7,0.2,91.6,56,91.4,101,,,,,,,,,,,,,,,,,91.8,8,91.9,100,92.1,1,,,,,,,,,,,,,,
2026-06-28T20:00:41.519771+00:00,2026-06-29T06:00:41.508771,1,3,91.6,0.4,91.4,101,,,,,,,,,,,,,,,,,,,91.8,8,91.9,100,92.1,1,,,,,,,,,,,,,,
2026-06-28T20:00:41.563771+00:00,2026-06-29T06:00:41.561766,2,3,91.6,0.4,91.4,101,91.1,150,,,,,,,,,,,,,,,,,91.8,8,91.9,100,92.1,1,,,,,,,,,,,,,,
2026-06-28T20:00:41.629762+00:00,2026-06-29T06:00:41.623763,2,4,91.5,0.2,91.4,101,91.1,150,,,,,,,,,,,,,,,,,91.6,150,91.8,8,91.9,100,92.1,1,,,,,,,,,,,,
2026-06-28T20:00:41.640763+00:00,2026-06-29T06:00:41.638762,2,3,91.5,0.2,91.4,1,91.1,150,,,,,,,,,,,,,,,,,91.6,150,91.8,8,92.1,1,,,,,,,,,,,,,,
2026-06-28T20:00:41.695762+00:00,2026-06-29T06:00:41.690762,3,3,91.5,0.2,91.4,1,91.3,100,91.1,150,,,,,,,,,,,,,,,91.6,150,91.8,8,92.1,1,,,,,,,,,,,,,,
2026-06-28T20:00:41.750762+00:00,2026-06-29T06:00:41.743762,3,3,91.5,0.2,91.4,1,91.3,100,91.1,150,,,,,,,,,,,,,,,91.6,150,91.8,108,92.1,1,,,,,,,,,,,,,,
2026-06-28T20:00:41.794771+00:00,2026-06-29T06:00:41.785771,3,3,91.5,0.2,91.4,1,91.3,100,91.1,150,,,,,,,,,,,,,,,91.6,108,91.8,108,92.1,1,,,,,,,,,,,,,,
2026-06-28T20:00:42.124762+00:00,2026-06-29T06:00:42.115763,2,3,91.45,0.3,91.3,51,91.1,150,,,,,,,,,,,,,,,,,91.6,108,91.8,108,92.1,1,,,,,,,,,,,,,,
2026-06-28T20:00:42.311762+00:00,2026-06-29T06:00:42.308762,2,3,91.45,0.3,91.3,51,91.1,150,,,,,,,,,,,,,,,,,91.6,62,91.8,108,92.1,1,,,,,,,,,,,,,,
2026-06-28T20:00:42.971540+00:00,2026-06-29T06:00:42.967536,2,2,91.45,0.3,91.3,51,91.1,150,,,,,,,,,,,,,,,,,91.6,62,91.8,108,,,,,,,,,,,,,,,,
2026-06-28T20:00:42.982540+00:00,2026-06-29T06:00:42.978540,2,2,91.45,0.3,91.3,51,91.1,151,,,,,,,,,,,,,,,,,91.6,62,91.8,109,,,,,,,,,,,,,,,,
2026-06-28T20:00:44.235540+00:00,2026-06-29T06:00:44.228540,2,2,91.45,0.3,91.3,1,91.1,151,,,,,,,,,,,,,,,,,91.6,62,91.8,109,,,,,,,,,,,,,,,,
2026-06-28T20:00:44.686531+00:00,2026-06-29T06:00:44.677531,2,1,91.55,0.5,91.3,1,91.1,1,,,,,,,,,,,,,,,,,91.8,109,,,,,,,,,,,,,,,,,,
2026-06-28T20:00:44.730532+00:00,2026-06-29T06:00:44.728531,3,1,91.65,0.3,91.5,150,91.3,1,91.1,1,,,,,,,,,,,,,,,91.8,109,,,,,,,,,,,,,,,,,,
2026-06-28T20:00:44.785531+00:00,2026-06-29T06:00:44.781531,3,2,91.65,0.3,91.5,150,91.3,1,91.1,1,,,,,,,,,,,,,,,91.8,109,91.9,150,,,,,,,,,,,,,,,,
2026-06-28T20:00:44.807531+00:00,2026-06-29T06:00:44.799531,2,2,91.65,0.3,91.5,150,91.1,1,,,,,,,,,,,,,,,,,91.8,9,91.9,150,,,,,,,,,,,,,,,,
2026-06-28T20:00:44.862531+00:00,2026-06-29T06:00:44.857531,4,2,91.65,0.3,91.5,150,91.4,1,91.1,1,90.9,100,,,,,,,,,,,,,91.8,9,91.9,150,,,,,,,,,,,,,,,,
2026-06-28T20:00:44.917540+00:00,2026-06-29T06:00:44.908540,4,2,91.65,0.3,91.5,50,91.4,1,91.1,1,90.9,100,,,,,,,,,,,,,91.8,9,91.9,150,,,,,,,,,,,,,,,,
2026-06-28T20:00:45.566540+00:00,2026-06-29T06:00:45.563540,4,2,91.65,0.3,91.5,50,91.4,1,91.1,1,90.9,100,,,,,,,,,,,,,91.8,6,91.9,150,,,,,,,,,,,,,,,,
2026-06-28T20:00:45.852540+00:00,2026-06-29T06:00:45.849540,4,2,91.65,0.3,91.5,9,91.4,1,91.1,1,90.9,100,,,,,,,,,,,,,91.8,6,91.9,150,,,,,,,,,,,,,,,,
2026-06-28T20:00:46.006540+00:00,2026-06-29T06:00:45.997540,3,2,91.65,0.3,91.5,9,91.4,1,90.9,100,,,,,,,,,,,,,,,91.8,5,91.9,150,,,,,,,,,,,,,,,,
2026-06-28T20:00:46.017540+00:00,2026-06-29T06:00:46.009540,4,2,91.65,0.3,91.5,9,91.4,1,91.1,1,90.9,100,,,,,,,,,,,,,91.8,6,91.9,150,,,,,,,,,,,,,,,,
2026-06-28T20:00:46.347101+00:00,2026-06-29T06:00:46.336093,1,2,91.35,0.9,90.9,61,,,,,,,,,,,,,,,,,,,91.8,6,91.9,150,,,,,,,,,,,,,,,,
2026-06-28T20:00:47.842345+00:00,2026-06-29T06:00:47.836345,1,1,91.35,0.9,90.9,61,,,,,,,,,,,,,,,,,,,91.8,6,,,,,,,,,,,,,,,,,,
2026-06-28T20:00:47.897345+00:00,2026-06-29T06:00:47.889345,2,1,91.35,0.9,90.9,61,90.8,150,,,,,,,,,,,,,,,,,91.8,6,,,,,,,,,,,,,,,,,,
2026-06-28T20:00:47.951463+00:00,2026-06-29T06:00:47.942463,2,2,91.1,0.4,90.9,61,90.8,150,,,,,,,,,,,,,,,,,91.3,150,91.8,6,,,,,,,,,,,,,,,,
2026-06-28T20:00:47.973464+00:00,2026-06-29T06:00:47.965464,1,2,91.05,0.5,90.8,150,,,,,,,,,,,,,,,,,,,91.3,150,91.8,6,,,,,,,,,,,,,,,,
2026-06-28T20:00:48.039464+00:00,2026-06-29T06:00:48.028669,2,2,91.2,0.2,91.1,100,90.8,150,,,,,,,,,,,,,,,,,91.3,150,91.8,6,,,,,,,,,,,,,,,,
2026-06-28T20:00:48.083464+00:00,2026-06-29T06:00:48.080464,2,3,91.2,0.2,91.1,100,90.8,150,,,,,,,,,,,,,,,,,91.3,150,91.6,100,91.8,6,,,,,,,,,,,,,,
2026-06-28T20:00:48.446464+00:00,2026-06-29T06:00:48.442464,2,3,91.2,0.2,91.1,50,90.8,150,,,,,,,,,,,,,,,,,91.3,150,91.6,100,91.8,6,,,,,,,,,,,,,,
2026-06-28T20:00:49.029345+00:00,2026-06-29T06:00:49.024345,2,3,91.2,0.2,91.1,50,90.8,150,,,,,,,,,,,,,,,,,91.3,148,91.6,100,91.8,5,,,,,,,,,,,,,,
2026-06-28T20:00:49.040345+00:00,2026-06-29T06:00:49.036345,3,3,91.2,0.2,91.1,50,90.9,1,90.8,150,,,,,,,,,,,,,,,91.3,148,91.6,101,91.8,5,,,,,,,,,,,,,,
2026-06-28T20:00:49.226464+00:00,2026-06-29T06:00:49.217463,3,3,91.2,0.2,91.1,50,90.9,1,90.8,150,,,,,,,,,,,,,,,91.3,146,91.6,101,91.8,5,,,,,,,,,,,,,,
2026-06-28T20:00:49.391464+00:00,2026-06-29T06:00:49.384464,3,3,91.2,0.2,91.1,50,90.9,1,90.8,150,,,,,,,,,,,,,,,91.3,145,91.6,101,91.8,5,,,,,,,,,,,,,,
2026-06-28T20:00:49.523354+00:00,2026-06-29T06:00:49.518365,3,3,91.2,0.2,91.1,50,90.9,1,90.8,150,,,,,,,,,,,,,,,91.3,103,91.6,101,91.8,5,,,,,,,,,,,,,,
2026-06-28T20:00:49.578354+00:00,2026-06-29T06:00:49.572354,3,3,91.2,0.2,91.1,7,90.9,1,90.8,150,,,,,,,,,,,,,,,91.3,103,91.6,101,91.8,5,,,,,,,,,,,,,,
2026-06-28T20:00:50.304354+00:00,2026-06-29T06:00:50.301354,3,3,91.2,0.2,91.1,7,90.9,1,90.8,150,,,,,,,,,,,,,,,91.3,103,91.6,101,91.8,3,,,,,,,,,,,,,,
2026-06-28T20:00:50.326354+00:00,2026-06-29T06:00:50.321354,3,2,91.2,0.2,91.1,7,90.9,1,90.8,150,,,,,,,,,,,,,,,91.3,103,91.6,101,,,,,,,,,,,,,,,,
2026-06-28T20:00:51.008354+00:00,2026-06-29T06:00:50.999354,2,1,91.35,0.5,91.1,7,90.9,1,,,,,,,,,,,,,,,,,91.6,101,,,,,,,,,,,,,,,,,,
2026-06-28T20:00:51.063354+00:00,2026-06-29T06:00:51.056354,3,1,91.35,0.5,91.1,7,91.0,150,90.9,1,,,,,,,,,,,,,,,91.6,101,,,,,,,,,,,,,,,,,,
2026-06-28T20:00:51.118354+00:00,2026-06-29T06:00:51.108354,3,2,91.3,0.4,91.1,7,91.0,150,90.9,1,,,,,,,,,,,,,,,91.5,150,91.6,101,,,,,,,,,,,,,,,,
2026-06-28T20:00:51.140354+00:00,2026-06-29T06:00:51.136354,2,2,91.25,0.5,91.0,150,90.9,1,,,,,,,,,,,,,,,,,91.5,150,91.6,1,,,,,,,,,,,,,,,,
2026-06-28T20:00:51.173355+00:00,2026-06-29T06:00:51.165354,2,2,91.25,0.5,91.0,108,90.9,1,,,,,,,,,,,,,,,,,91.5,150,91.6,1,,,,,,,,,,,,,,,,
2026-06-28T20:00:51.195354+00:00,2026-06-29T06:00:51.188354,3,2,91.25,0.5,91.0,108,90.9,1,90.8,100,,,,,,,,,,,,,,,91.5,150,91.6,1,,,,,,,,,,,,,,,,
2026-06-28T20:00:51.250354+00:00,2026-06-29T06:00:51.241354,3,3,91.15,0.3,91.0,108,90.9,1,90.8,100,,,,,,,,,,,,,,,91.3,100,91.5,150,91.6,1,,,,,,,,,,,,,,
2026-06-28T20:00:51.404354+00:00,2026-06-29T06:00:51.398354,3,3,91.15,0.3,91.0,108,90.9,1,90.8,100,,,,,,,,,,,,,,,91.3,96,91.5,150,91.6,1,,,,,,,,,,,,,,
2026-06-28T20:00:51.492354+00:00,2026-06-29T06:00:51.489354,3,3,91.15,0.3,91.0,108,90.9,1,90.8,100,,,,,,,,,,,,,,,91.3,93,91.5,150,91.6,1,,,,,,,,,,,,,,
2026-06-28T20:00:52.052868+00:00,2026-06-29T06:00:52.048868,2,2,91.15,0.3,91.0,108,90.8,100,,,,,,,,,,,,,,,,,91.3,93,91.5,150,,,,,,,,,,,,,,,,
2026-06-28T20:00:52.063868+00:00,2026-06-29T06:00:52.060868,2,2,91.15,0.3,91.0,108,90.8,100,,,,,,,,,,,,,,,,,91.3,93,91.5,151,,,,,,,,,,,,,,,,
2026-06-28T20:00:52.074868+00:00,2026-06-29T06:00:52.067868,2,3,91.15,0.3,91.0,108,90.8,101,,,,,,,,,,,,,,,,,91.3,93,91.5,151,91.6,5,,,,,,,,,,,,,,
2026-06-28T20:00:52.602869+00:00,2026-06-29T06:00:52.601860,2,3,91.15,0.3,91.0,108,90.8,101,,,,,,,,,,,,,,,,,91.3,41,91.5,151,91.6,5,,,,,,,,,,,,,,
2026-06-28T20:00:53.306189+00:00,2026-06-29T06:00:53.298180,2,2,91.25,0.5,91.0,108,90.8,101,,,,,,,,,,,,,,,,,91.5,146,91.6,5,,,,,,,,,,,,,,,,
2026-06-28T20:00:53.339189+00:00,2026-06-29T06:00:53.335189,2,1,91.25,0.5,91.0,108,90.8,101,,,,,,,,,,,,,,,,,91.5,146,,,,,,,,,,,,,,,,,,
2026-06-28T20:00:53.911180+00:00,2026-06-29T06:00:53.903179,2,1,91.25,0.5,91.0,108,90.8,101,,,,,,,,,,,,,,,,,91.5,103,,,,,,,,,,,,,,,,,,
2026-06-28T20:00:54.164180+00:00,2026-06-29T06:00:54.162180,2,1,91.25,0.5,91.0,108,90.8,101,,,,,,,,,,,,,,,,,91.5,1,,,,,,,,,,,,,,,,,,
2026-06-28T20:00:54.175179+00:00,2026-06-29T06:00:54.164180,1,1,91.15,0.7,90.8,101,,,,,,,,,,,,,,,,,,,91.5,1,,,,,,,,,,,,,,,,,,
2026-06-28T20:00:54.230179+00:00,2026-06-29T06:00:54.226180,2,1,91.25,0.5,91.0,150,90.8,101,,,,,,,,,,,,,,,,,91.5,1,,,,,,,,,,,,,,,,,,
2026-06-28T20:00:54.296179+00:00,2026-06-29T06:00:54.289180,2,1,91.25,0.5,91.0,150,90.8,101,,,,,,,,,,,,,,,,,91.5,151,,,,,,,,,,,,,,,,,,
2026-06-28T20:00:54.329180+00:00,2026-06-29T06:00:54.319180,2,1,91.25,0.5,91.0,150,90.8,1,,,,,,,,,,,,,,,,,91.5,151,,,,,,,,,,,,,,,,,,
2026-06-28T20:00:54.395179+00:00,2026-06-29T06:00:54.391179,2,1,91.25,0.5,91.0,250,90.8,1,,,,,,,,,,,,,,,,,91.5,151,,,,,,,,,,,,,,,,,,
2026-06-28T20:00:54.417180+00:00,2026-06-29T06:00:54.407181,2,1,91.25,0.5,91.0,201,90.8,1,,,,,,,,,,,,,,,,,91.5,151,,,,,,,,,,,,,,,,,,
2026-06-28T20:00:54.428179+00:00,2026-06-29T06:00:54.423180,2,1,91.25,0.5,91.0,201,90.8,1,,,,,,,,,,,,,,,,,91.5,251,,,,,,,,,,,,,,,,,,
2026-06-28T20:00:54.714188+00:00,2026-06-29T06:00:54.709189,2,1,91.25,0.5,91.0,201,90.8,1,,,,,,,,,,,,,,,,,91.5,201,,,,,,,,,,,,,,,,,,
2026-06-28T20:00:55.087299+00:00,2026-06-29T06:00:55.086298,1,2,91.25,0.5,91.0,201,,,,,,,,,,,,,,,,,,,91.5,201,91.6,1,,,,,,,,,,,,,,,,
2026-06-28T20:00:55.098298+00:00,2026-06-29T06:00:55.090181,2,2,91.25,0.5,91.0,201,90.9,1,,,,,,,,,,,,,,,,,91.5,201,91.6,1,,,,,,,,,,,,,,,,
2026-06-28T20:00:56.823288+00:00,2026-06-29T06:00:56.817288,2,2,91.25,0.5,91.0,201,90.9,1,,,,,,,,,,,,,,,,,91.5,151,91.6,1,,,,,,,,,,,,,,,,
2026-06-28T20:00:56.878288+00:00,2026-06-29T06:00:56.872288,2,2,91.25,0.5,91.0,201,90.9,1,,,,,,,,,,,,,,,,,91.5,109,91.6,1,,,,,,,,,,,,,,,,
2026-06-28T20:00:57.328288+00:00,2026-06-29T06:00:57.323288,2,2,91.25,0.5,91.0,100,90.9,1,,,,,,,,,,,,,,,,,91.5,100,91.6,1,,,,,,,,,,,,,,,,
2026-06-28T20:00:57.361288+00:00,2026-06-29T06:00:57.360288,2,2,91.25,0.5,91.0,100,90.9,1,,,,,,,,,,,,,,,,,91.5,60,91.6,1,,,,,,,,,,,,,,,,
2026-06-28T20:00:57.383288+00:00,2026-06-29T06:00:57.380288,3,0,,,91.6,89,91.0,100,90.9,1,,,,,,,,,,,,,,,,,,,,,,,,,,,,,,,,,,
2026-06-28T20:00:57.440288+00:00,2026-06-29T06:00:57.433289,3,1,91.85,0.5,91.6,89,91.0,100,90.9,1,,,,,,,,,,,,,,,92.1,150,,,,,,,,,,,,,,,,,,
2026-06-28T20:00:57.473288+00:00,2026-06-29T06:00:57.463289,2,1,91.85,0.5,91.6,89,90.9,1,,,,,,,,,,,,,,,,,92.1,150,,,,,,,,,,,,,,,,,,
2026-06-28T20:00:57.517288+00:00,2026-06-29T06:00:57.508288,2,1,91.85,0.5,91.6,189,90.9,1,,,,,,,,,,,,,,,,,92.1,150,,,,,,,,,,,,,,,,,,
2026-06-28T20:00:57.561289+00:00,2026-06-29T06:00:57.560288,2,1,91.85,0.5,91.6,189,90.9,1,,,,,,,,,,,,,,,,,92.1,250,,,,,,,,,,,,,,,,,,
2026-06-28T20:00:58.109798+00:00,2026-06-29T06:00:58.100798,1,1,91.85,0.5,91.6,189,,,,,,,,,,,,,,,,,,,92.1,250,,,,,,,,,,,,,,,,,,
2026-06-28T20:00:58.120798+00:00,2026-06-29T06:00:58.116798,2,2,91.85,0.5,91.6,189,91.5,1,,,,,,,,,,,,,,,,,92.1,250,92.2,1,,,,,,,,,,,,,,,,
2026-06-28T20:00:58.978798+00:00,2026-06-29T06:00:58.973798,2,2,91.85,0.5,91.6,139,91.5,1,,,,,,,,,,,,,,,,,92.1,250,92.2,1,,,,,,,,,,,,,,,,
2026-06-28T20:00:59.000798+00:00,2026-06-29T06:00:58.993798,2,2,91.85,0.5,91.6,98,91.5,1,,,,,,,,,,,,,,,,,92.1,250,92.2,1,,,,,,,,,,,,,,,,
2026-06-28T20:01:00.495807+00:00,2026-06-29T06:01:00.487807,2,2,91.85,0.5,91.6,98,91.5,1,,,,,,,,,,,,,,,,,92.1,100,92.2,1,,,,,,,,,,,,,,,,
2026-06-28T20:01:00.550807+00:00,2026-06-29T06:01:00.539807,3,2,91.85,0.5,91.6,98,91.5,1,90.9,150,,,,,,,,,,,,,,,92.1,100,92.2,1,,,,,,,,,,,,,,,,
2026-06-28T20:01:00.594798+00:00,2026-06-29T06:01:00.594798,1,3,91.15,0.5,90.9,150,,,,,,,,,,,,,,,,,,,91.4,51,92.1,100,92.2,1,,,,,,,,,,,,,,
2026-06-28T20:01:00.616807+00:00,2026-06-29T06:01:00.615807,1,2,91.15,0.5,90.9,150,,,,,,,,,,,,,,,,,,,91.4,51,92.2,1,,,,,,,,,,,,,,,,
2026-06-28T20:01:00.671807+00:00,2026-06-29T06:01:00.668807,2,2,91.3,0.2,91.2,100,90.9,150,,,,,,,,,,,,,,,,,91.4,51,92.2,1,,,,,,,,,,,,,,,,
2026-06-28T20:01:00.726807+00:00,2026-06-29T06:01:00.719807,2,3,91.3,0.2,91.2,100,90.9,150,,,,,,,,,,,,,,,,,91.4,51,91.7,100,92.2,1,,,,,,,,,,,,,,
2026-06-28T20:01:01.034798+00:00,2026-06-29T06:01:01.029798,2,3,91.3,0.2,91.2,100,90.9,150,,,,,,,,,,,,,,,,,91.4,1,91.7,100,92.2,1,,,,,,,,,,,,,,
2026-06-28T20:01:01.144798+00:00,2026-06-29T06:01:01.139799,2,2,91.3,0.2,91.2,100,90.9,150,,,,,,,,,,,,,,,,,91.4,1,91.7,100,,,,,,,,,,,,,,,,
2026-06-28T20:01:01.155798+00:00,2026-06-29T06:01:01.148798,2,2,91.3,0.2,91.2,100,90.9,150,,,,,,,,,,,,,,,,,91.4,1,91.7,101,,,,,,,,,,,,,,,,
2026-06-28T20:01:01.166798+00:00,2026-06-29T06:01:01.155798,3,2,91.3,0.2,91.2,100,91.0,1,90.9,150,,,,,,,,,,,,,,,91.4,1,91.7,101,,,,,,,,,,,,,,,,
2026-06-28T20:01:02.397917+00:00,2026-06-29T06:01:02.390916,3,3,91.3,0.2,91.2,100,91.0,1,90.9,150,,,,,,,,,,,,,,,91.4,1,91.7,101,91.9,7,,,,,,,,,,,,,,
2026-06-28T20:01:03.199301+00:00,2026-06-29T06:01:03.192301,3,3,91.3,0.2,91.2,50,91.0,1,90.9,150,,,,,,,,,,,,,,,91.4,1,91.7,101,91.9,7,,,,,,,,,,,,,,
2026-06-28T20:01:03.650301+00:00,2026-06-29T06:01:03.649301,3,2,91.45,0.5,91.2,50,91.0,1,90.9,150,,,,,,,,,,,,,,,91.7,101,91.9,7,,,,,,,,,,,,,,,,
2026-06-28T20:01:03.661301+00:00,2026-06-29T06:01:03.651302,2,2,91.45,0.5,91.2,50,91.0,1,,,,,,,,,,,,,,,,,91.7,101,91.9,7,,,,,,,,,,,,,,,,
2026-06-28T20:01:03.705301+00:00,2026-06-29T06:01:03.703301,3,2,91.6,0.2,91.5,150,91.2,50,91.0,1,,,,,,,,,,,,,,,91.7,101,91.9,7,,,,,,,,,,,,,,,,
2026-06-28T20:01:03.760301+00:00,2026-06-29T06:01:03.756301,3,3,91.6,0.2,91.5,150,91.2,50,91.0,1,,,,,,,,,,,,,,,91.7,101,91.9,7,92.0,150,,,,,,,,,,,,,,
2026-06-28T20:01:03.782301+00:00,2026-06-29T06:01:03.772301,3,3,91.6,0.2,91.5,150,91.2,50,91.0,1,,,,,,,,,,,,,,,91.7,1,91.9,7,92.0,150,,,,,,,,,,,,,,
2026-06-28T20:01:03.793301+00:00,2026-06-29T06:01:03.787301,2,3,91.6,0.2,91.5,150,91.0,1,,,,,,,,,,,,,,,,,91.7,1,91.9,7,92.0,150,,,,,,,,,,,,,,
2026-06-28T20:01:03.837301+00:00,2026-06-29T06:01:03.829301,2,3,91.6,0.2,91.5,150,91.0,101,,,,,,,,,,,,,,,,,91.7,1,91.9,7,92.0,150,,,,,,,,,,,,,,
2026-06-28T20:01:03.892301+00:00,2026-06-29T06:01:03.883301,2,3,91.6,0.2,91.5,50,91.0,101,,,,,,,,,,,,,,,,,91.7,1,91.9,7,92.0,150,,,,,,,,,,,,,,
2026-06-28T20:01:04.199816+00:00,2026-06-29T06:01:04.190815,2,2,91.7,0.4,91.5,50,91.0,100,,,,,,,,,,,,,,,,,91.9,6,92.0,150,,,,,,,,,,,,,,,,
2026-06-28T20:01:04.210816+00:00,2026-06-29T06:01:04.200816,3,3,91.65,0.3,91.5,50,91.1,1,91.0,100,,,,,,,,,,,,,,,91.8,1,91.9,6,92.0,150,,,,,,,,,,,,,,
2026-06-28T20:01:04.309816+00:00,2026-06-29T06:01:04.301816,3,3,91.65,0.3,91.5,50,91.1,1,91.0,100,,,,,,,,,,,,,,,91.8,1,91.9,5,92.0,150,,,,,,,,,,,,,,
2026-06-28T20:01:05.299807+00:00,2026-06-29T06:01:05.297807,2,3,91.45,0.7,91.1,1,91.0,100,,,,,,,,,,,,,,,,,91.8,1,91.9,5,92.0,150,,,,,,,,,,,,,,
2026-06-28T20:01:06.816978+00:00,2026-06-29T06:01:06.811978,2,1,91.45,0.7,91.1,1,91.0,100,,,,,,,,,,,,,,,,,91.8,1,,,,,,,,,,,,,,,,,,
2026-06-28T20:01:06.871978+00:00,2026-06-29T06:01:06.861979,2,1,91.45,0.7,91.1,1,91.0,250,,,,,,,,,,,,,,,,,91.8,1,,,,,,,,,,,,,,,,,,
2026-06-28T20:01:06.915978+00:00,2026-06-29T06:01:06.913860,2,2,91.3,0.4,91.1,1,91.0,250,,,,,,,,,,,,,,,,,91.5,150,91.8,1,,,,,,,,,,,,,,,,
2026-06-28T20:01:06.948979+00:00,2026-06-29T06:01:06.938860,2,2,91.3,0.4,91.1,1,91.0,150,,,,,,,,,,,,,,,,,91.5,150,91.8,1,,,,,,,,,,,,,,,,
2026-06-28T20:01:06.992859+00:00,2026-06-29T06:01:06.990859,3,2,91.45,0.1,91.4,100,91.1,1,91.0,150,,,,,,,,,,,,,,,91.5,150,91.8,1,,,,,,,,,,,,,,,,
2026-06-28T20:01:07.047859+00:00,2026-06-29T06:01:07.042859,3,3,91.45,0.1,91.4,100,91.1,1,91.0,150,,,,,,,,,,,,,,,91.5,150,91.8,1,91.9,100,,,,,,,,,,,,,,
2026-06-28T20:01:07.058860+00:00,2026-06-29T06:01:07.048860,3,3,91.45,0.1,91.4,54,91.1,1,91.0,150,,,,,,,,,,,,,,,91.5,150,91.8,1,91.9,100,,,,,,,,,,,,,,
2026-06-28T20:01:07.201859+00:00,2026-06-29T06:01:07.198859,2,2,91.45,0.1,91.4,54,91.0,150,,,,,,,,,,,,,,,,,91.5,150,91.9,100,,,,,,,,,,,,,,,,
2026-06-28T20:01:07.212859+00:00,2026-06-29T06:01:07.210859,3,2,91.45,0.1,91.4,54,91.1,1,91.0,150,,,,,,,,,,,,,,,91.5,150,91.9,101,,,,,,,,,,,,,,,,
2026-06-28T20:01:07.234859+00:00,2026-06-29T06:01:07.224860,3,3,91.45,0.1,91.4,54,91.1,1,91.0,150,,,,,,,,,,,,,,,91.5,150,91.7,6,91.9,101,,,,,,,,,,,,,,
2026-06-28T20:01:07.366860+00:00,2026-06-29T06:01:07.363859,3,3,91.45,0.1,91.4,56,91.1,1,91.0,150,,,,,,,,,,,,,,,91.5,150,91.7,6,91.9,101,,,,,,,,,,,,,,
2026-06-28T20:01:07.410859+00:00,2026-06-29T06:01:07.407859,3,3,91.45,0.1,91.4,6,91.1,1,91.0,150,,,,,,,,,,,,,,,91.5,150,91.7,6,91.9,101,,,,,,,,,,,,,,
2026-06-28T20:01:07.794086+00:00,2026-06-29T06:01:07.792086,3,3,91.45,0.1,91.4,5,91.1,1,91.0,150,,,,,,,,,,,,,,,91.5,150,91.7,6,91.9,101,,,,,,,,,,,,,,
2026-06-28T20:01:08.575086+00:00,2026-06-29T06:01:08.571086,3,3,91.45,0.1,91.4,4,91.1,1,91.0,150,,,,,,,,,,,,,,,91.5,150,91.7,6,91.9,101,,,,,,,,,,,,,,
2026-06-28T20:01:09.510086+00:00,2026-06-29T06:01:09.506086,3,2,91.45,0.1,91.4,4,91.1,1,91.0,150,,,,,,,,,,,,,,,91.5,150,91.9,101,,,,,,,,,,,,,,,,
2026-06-28T20:01:09.543087+00:00,2026-06-29T06:01:09.536087,1,2,91.25,0.5,91.0,105,,,,,,,,,,,,,,,,,,,91.5,150,91.9,101,,,,,,,,,,,,,,,,
2026-06-28T20:01:09.972086+00:00,2026-06-29T06:01:09.968086,0,1,,,,,,,,,,,,,,,,,,,,,,,91.9,101,,,,,,,,,,,,,,,,,,
2026-06-28T20:01:10.027077+00:00,2026-06-29T06:01:10.021077,1,1,91.35,1.1,90.8,150,,,,,,,,,,,,,,,,,,,91.9,101,,,,,,,,,,,,,,,,,,
2026-06-28T20:01:10.082077+00:00,2026-06-29T06:01:10.074077,1,2,91.05,0.5,90.8,150,,,,,,,,,,,,,,,,,,,91.3,150,91.9,101,,,,,,,,,,,,,,,,
2026-06-28T20:01:10.104078+00:00,2026-06-29T06:01:10.096077,1,2,91.05,0.5,90.8,150,,,,,,,,,,,,,,,,,,,91.3,150,91.9,1,,,,,,,,,,,,,,,,
2026-06-28T20:01:10.159077+00:00,2026-06-29T06:01:10.149078,2,2,91.2,0.2,91.1,100,90.8,150,,,,,,,,,,,,,,,,,91.3,150,91.9,1,,,,,,,,,,,,,,,,
2026-06-28T20:01:10.214077+00:00,2026-06-29T06:01:10.203174,2,3,91.2,0.2,91.1,100,90.8,150,,,,,,,,,,,,,,,,,91.3,150,91.6,100,91.9,1,,,,,,,,,,,,,,
2026-06-28T20:01:10.225077+00:00,2026-06-29T06:01:10.222077,2,2,91.2,0.2,91.1,100,90.8,150,,,,,,,,,,,,,,,,,91.3,150,91.6,100,,,,,,,,,,,,,,,,
2026-06-28T20:01:10.236077+00:00,2026-06-29T06:01:10.234077,3,2,91.2,0.2,91.1,100,90.9,1,90.8,150,,,,,,,,,,,,,,,91.3,150,91.6,101,,,,,,,,,,,,,,,,
2026-06-28T20:01:11.633087+00:00,2026-06-29T06:01:11.632087,3,2,91.2,0.2,91.1,50,90.9,1,90.8,150,,,,,,,,,,,,,,,91.3,150,91.6,101,,,,,,,,,,,,,,,,
2026-06-28T20:01:13.138875+00:00,2026-06-29T06:01:13.130875,2,1,91.35,0.5,91.1,50,90.9,1,,,,,,,,,,,,,,,,,91.6,101,,,,,,,,,,,,,,,,,,
2026-06-28T20:01:13.193875+00:00,2026-06-29T06:01:13.182876,3,1,91.35,0.5,91.1,50,91.0,150,90.9,1,,,,,,,,,,,,,,,91.6,101,,,,,,,,,,,,,,,,,,
2026-06-28T20:01:13.237875+00:00,2026-06-29T06:01:13.234875,3,2,91.3,0.4,91.1,50,91.0,150,90.9,1,,,,,,,,,,,,,,,91.5,150,91.6,101,,,,,,,,,,,,,,,,
2026-06-28T20:01:13.248875+00:00,2026-06-29T06:01:13.246876,2,2,91.3,0.4,91.1,50,91.0,150,,,,,,,,,,,,,,,,,91.5,150,91.6,100,,,,,,,,,,,,,,,,
2026-06-28T20:01:13.270875+00:00,2026-06-29T06:01:13.264875,2,2,91.25,0.5,91.0,150,90.9,1,,,,,,,,,,,,,,,,,91.5,150,91.6,1,,,,,,,,,,,,,,,,
2026-06-28T20:01:13.314876+00:00,2026-06-29T06:01:13.311875,3,2,91.35,0.3,91.2,100,91.0,150,90.9,1,,,,,,,,,,,,,,,91.5,150,91.6,1,,,,,,,,,,,,,,,,
2026-06-28T20:01:13.369875+00:00,2026-06-29T06:01:13.364875,3,3,91.35,0.3,91.2,100,91.0,150,90.9,1,,,,,,,,,,,,,,,91.5,150,91.6,1,91.7,100,,,,,,,,,,,,,,
2026-06-28T20:01:15.810884+00:00,2026-06-29T06:01:15.802876,3,3,91.35,0.3,91.2,100,91.0,150,90.9,1,,,,,,,,,,,,,,,91.5,100,91.6,1,91.7,100,,,,,,,,,,,,,,
2026-06-28T20:01:16.282951+00:00,2026-06-29T06:01:16.278960,2,2,91.35,0.3,91.2,100,91.0,150,,,,,,,,,,,,,,,,,91.5,100,91.7,100,,,,,,,,,,,,,,,,
2026-06-28T20:01:16.293960+00:00,2026-06-29T06:01:16.292960,2,1,91.45,0.5,91.2,100,91.0,1,,,,,,,,,,,,,,,,,91.7,101,,,,,,,,,,,,,,,,,,
2026-06-28T20:01:16.348960+00:00,2026-06-29T06:01:16.343952,3,1,91.45,0.5,91.2,100,91.1,150,91.0,1,,,,,,,,,,,,,,,91.7,101,,,,,,,,,,,,,,,,,,
2026-06-28T20:01:16.403959+00:00,2026-06-29T06:01:16.396960,3,2,91.4,0.4,91.2,100,91.1,150,91.0,1,,,,,,,,,,,,,,,91.6,150,91.7,101,,,,,,,,,,,,,,,,
2026-06-28T20:01:16.425960+00:00,2026-06-29T06:01:16.421960,2,2,91.35,0.5,91.1,150,91.0,1,,,,,,,,,,,,,,,,,91.6,150,91.7,1,,,,,,,,,,,,,,,,
2026-06-28T20:01:16.480960+00:00,2026-06-29T06:01:16.476951,2,2,91.35,0.5,91.1,250,91.0,1,,,,,,,,,,,,,,,,,91.6,150,91.7,1,,,,,,,,,,,,,,,,
2026-06-28T20:01:16.524960+00:00,2026-06-29T06:01:16.514960,2,3,91.3,0.4,91.1,250,91.0,1,,,,,,,,,,,,,,,,,91.5,8,91.6,150,91.7,1,,,,,,,,,,,,,,
2026-06-28T20:01:16.535960+00:00,2026-06-29T06:01:16.525960,2,3,91.3,0.4,91.1,250,91.0,1,,,,,,,,,,,,,,,,,91.5,8,91.6,250,91.7,1,,,,,,,,,,,,,,
2026-06-28T20:01:17.965203+00:00,2026-06-29T06:01:17.959203,2,3,91.3,0.4,91.1,200,91.0,1,,,,,,,,,,,,,,,,,91.5,8,91.6,250,91.7,1,,,,,,,,,,,,,,
2026-06-28T20:01:18.493204+00:00,2026-06-29T06:01:18.482204,2,3,91.3,0.4,91.1,200,91.0,1,,,,,,,,,,,,,,,,,91.5,5,91.6,250,91.7,1,,,,,,,,,,,,,,
2026-06-28T20:01:18.603204+00:00,2026-06-29T06:01:18.594204,2,3,91.3,0.4,91.1,200,91.0,1,,,,,,,,,,,,,,,,,91.5,2,91.6,250,91.7,1,,,,,,,,,,,,,,
2026-06-28T20:01:19.307195+00:00,2026-06-29T06:01:19.306194,1,3,91.3,0.4,91.1,200,,,,,,,,,,,,,,,,,,,91.5,2,91.6,250,91.7,1,,,,,,,,,,,,,,
2026-06-28T20:01:19.318194+00:00,2026-06-29T06:01:19.316195,1,3,91.3,0.4,91.1,200,,,,,,,,,,,,,,,,,,,91.5,2,91.6,250,91.9,1,,,,,,,,,,,,,,
2026-06-28T20:01:19.329194+00:00,2026-06-29T06:01:19.319195,1,3,91.3,0.4,91.1,201,,,,,,,,,,,,,,,,,,,91.5,2,91.6,250,91.9,1,,,,,,,,,,,,,,
2026-06-28T20:01:19.461194+00:00,2026-06-29T06:01:19.453195,1,3,91.3,0.4,91.1,101,,,,,,,,,,,,,,,,,,,91.5,2,91.6,100,91.9,1,,,,,,,,,,,,,,
2026-06-28T20:01:19.505195+00:00,2026-06-29T06:01:19.504194,2,3,91.3,0.4,91.1,101,90.9,150,,,,,,,,,,,,,,,,,91.5,2,91.6,100,91.9,1,,,,,,,,,,,,,,
2026-06-28T20:01:19.560194+00:00,2026-06-29T06:01:19.557194,2,4,91.25,0.3,91.1,101,90.9,150,,,,,,,,,,,,,,,,,91.4,150,91.5,2,91.6,100,91.9,1,,,,,,,,,,,,
2026-06-28T20:01:19.582204+00:00,2026-06-29T06:01:19.581203,2,3,91.25,0.3,91.1,101,90.9,150,,,,,,,,,,,,,,,,,91.4,150,91.5,2,91.9,1,,,,,,,,,,,,,,
2026-06-28T20:01:19.593204+00:00,2026-06-29T06:01:19.582380,2,3,91.25,0.3,91.1,1,90.9,150,,,,,,,,,,,,,,,,,91.4,150,91.5,2,91.9,1,,,,,,,,,,,,,,
2026-06-28T20:01:19.648203+00:00,2026-06-29T06:01:19.640204,2,3,91.25,0.3,91.1,101,90.9,150,,,,,,,,,,,,,,,,,91.4,150,91.5,2,91.9,1,,,,,,,,,,,,,,
2026-06-28T20:01:19.703203+00:00,2026-06-29T06:01:19.692203,2,4,91.25,0.3,91.1,101,90.9,150,,,,,,,,,,,,,,,,,91.4,150,91.5,2,91.6,100,91.9,1,,,,,,,,,,,,
2026-06-28T20:01:21.562194+00:00,2026-06-29T06:01:21.559194,2,4,91.25,0.3,91.1,101,90.9,150,,,,,,,,,,,,,,,,,91.4,150,91.5,1,91.6,100,91.9,1,,,,,,,,,,,,
2026-06-28T20:01:22.123203+00:00,2026-06-29T06:01:22.117204,2,4,91.25,0.3,91.1,101,90.9,150,,,,,,,,,,,,,,,,,91.4,100,91.5,1,91.6,100,91.9,1,,,,,,,,,,,,
2026-06-28T20:01:22.332214+00:00,2026-06-29T06:01:22.330214,2,4,91.25,0.3,91.1,100,90.9,150,,,,,,,,,,,,,,,,,91.4,100,91.5,1,91.6,100,91.9,1,,,,,,,,,,,,
2026-06-28T20:01:22.343215+00:00,2026-06-29T06:01:22.341214,2,4,91.25,0.3,91.1,100,90.9,150,,,,,,,,,,,,,,,,,91.4,100,91.5,1,91.6,100,91.7,1,,,,,,,,,,,,
2026-06-28T20:01:22.354214+00:00,2026-06-29T06:01:22.343215,3,4,91.25,0.3,91.1,100,91.0,1,90.9,150,,,,,,,,,,,,,,,91.4,100,91.5,1,91.6,100,91.7,1,,,,,,,,,,,,
2026-06-28T20:01:22.618223+00:00,2026-06-29T06:01:22.615224,2,3,91.3,0.4,91.1,100,91.0,1,,,,,,,,,,,,,,,,,91.5,1,91.6,100,91.7,1,,,,,,,,,,,,,,
2026-06-28T20:01:22.673223+00:00,2026-06-29T06:01:22.663224,2,3,91.3,0.4,91.1,250,91.0,1,,,,,,,,,,,,,,,,,91.5,1,91.6,100,91.7,1,,,,,,,,,,,,,,
2026-06-28T20:01:22.716465+00:00,2026-06-29T06:01:22.715464,2,3,91.3,0.4,91.1,250,91.0,1,,,,,,,,,,,,,,,,,91.5,1,91.6,250,91.7,1,,,,,,,,,,,,,,
2026-06-28T20:01:22.804465+00:00,2026-06-29T06:01:22.803465,2,3,91.3,0.4,91.1,250,91.0,1,,,,,,,,,,,,,,,,,91.5,1,91.6,150,91.7,1,,,,,,,,,,,,,,
2026-06-28T20:01:22.815465+00:00,2026-06-29T06:01:22.805465,2,3,91.3,0.4,91.1,150,91.0,1,,,,,,,,,,,,,,,,,91.5,1,91.6,150,91.7,1,,,,,,,,,,,,,,
2026-06-28T20:01:22.870464+00:00,2026-06-29T06:01:22.860465,2,3,91.3,0.4,91.1,250,91.0,1,,,,,,,,,,,,,,,,,91.5,1,91.6,150,91.7,1,,,,,,,,,,,,,,
2026-06-28T20:01:22.914465+00:00,2026-06-29T06:01:22.912465,2,3,91.3,0.4,91.1,250,91.0,1,,,,,,,,,,,,,,,,,91.5,1,91.6,250,91.7,1,,,,,,,,,,,,,,
2026-06-28T20:01:23.332455+00:00,2026-06-29T06:01:23.324457,2,2,91.35,0.5,91.1,250,91.0,1,,,,,,,,,,,,,,,,,91.6,206,91.7,1,,,,,,,,,,,,,,,,
2026-06-28T20:01:23.596465+00:00,2026-06-29T06:01:23.590465,2,3,91.25,0.3,91.1,250,91.0,1,,,,,,,,,,,,,,,,,91.4,5,91.6,206,91.7,1,,,,,,,,,,,,,,
2026-06-28T20:01:23.981465+00:00,2026-06-29T06:01:23.976465,2,2,91.35,0.5,91.1,250,91.0,1,,,,,,,,,,,,,,,,,91.6,164,91.7,1,,,,,,,,,,,,,,,,
2026-06-28T20:01:24.234465+00:00,2026-06-29T06:01:24.227465,2,2,91.35,0.5,91.1,250,91.0,1,,,,,,,,,,,,,,,,,91.6,114,91.7,1,,,,,,,,,,,,,,,,
2026-06-28T20:01:24.630465+00:00,2026-06-29T06:01:24.621465,2,2,91.35,0.5,91.1,206,91.0,1,,,,,,,,,,,,,,,,,91.6,114,91.7,1,,,,,,,,,,,,,,,,
2026-06-28T20:01:25.356456+00:00,2026-06-29T06:01:25.351456,1,1,91.35,0.5,91.1,206,,,,,,,,,,,,,,,,,,,91.6,114,,,,,,,,,,,,,,,,,,
2026-06-28T20:01:25.367455+00:00,2026-06-29T06:01:25.364456,1,2,91.35,0.5,91.1,207,,,,,,,,,,,,,,,,,,,91.6,114,91.8,1,,,,,,,,,,,,,,,,
2026-06-28T20:01:25.774464+00:00,2026-06-29T06:01:25.772465,1,2,91.35,0.5,91.1,101,,,,,,,,,,,,,,,,,,,91.6,100,91.8,1,,,,,,,,,,,,,,,,
2026-06-28T20:01:25.829465+00:00,2026-06-29T06:01:25.825464,2,1,91.75,0.1,91.7,50,91.1,101,,,,,,,,,,,,,,,,,91.8,1,,,,,,,,,,,,,,,,,,
2026-06-28T20:01:25.884464+00:00,2026-06-29T06:01:25.877465,2,2,91.75,0.1,91.7,50,91.1,101,,,,,,,,,,,,,,,,,91.8,1,92.2,150,,,,,,,,,,,,,,,,
2026-06-28T20:01:25.972465+00:00,2026-06-29T06:01:25.968465,2,2,91.75,0.1,91.7,50,91.1,1,,,,,,,,,,,,,,,,,91.8,1,92.2,150,,,,,,,,,,,,,,,,
2026-06-28T20:01:26.027465+00:00,2026-06-29T06:01:26.024465,3,2,91.75,0.1,91.7,50,91.6,100,91.1,1,,,,,,,,,,,,,,,91.8,1,92.2,150,,,,,,,,,,,,,,,,
2026-06-28T20:01:26.082484+00:00,2026-06-29T06:01:26.077485,3,3,91.75,0.1,91.7,50,91.6,100,91.1,1,,,,,,,,,,,,,,,91.8,1,92.1,100,92.2,150,,,,,,,,,,,,,,
2026-06-28T20:01:26.390476+00:00,2026-06-29T06:01:26.384476,2,3,91.7,0.2,91.6,100,91.1,1,,,,,,,,,,,,,,,,,91.8,1,92.1,100,92.2,150,,,,,,,,,,,,,,
2026-06-28T20:01:28.280771+00:00,2026-06-29T06:01:28.278771,3,3,91.7,0.2,91.6,100,91.2,5,91.1,1,,,,,,,,,,,,,,,91.8,1,92.1,100,92.2,150,,,,,,,,,,,,,,
2026-06-28T20:01:28.379762+00:00,2026-06-29T06:01:28.374763,2,2,91.85,0.5,91.6,100,91.2,5,,,,,,,,,,,,,,,,,92.1,100,92.2,150,,,,,,,,,,,,,,,,
2026-06-28T20:01:28.390762+00:00,2026-06-29T06:01:28.388762,2,3,91.75,0.3,91.6,100,91.2,6,,,,,,,,,,,,,,,,,91.9,1,92.1,100,92.2,150,,,,,,,,,,,,,,
2026-06-28T20:01:28.610771+00:00,2026-06-29T06:01:28.602771,2,3,91.75,0.3,91.6,99,91.2,6,,,,,,,,,,,,,,,,,91.9,1,92.1,100,92.2,150,,,,,,,,,,,,,,
2026-06-28T20:01:28.852771+00:00,2026-06-29T06:01:28.846771,2,3,91.75,0.3,91.6,99,91.2,5,,,,,,,,,,,,,,,,,91.9,1,92.1,100,92.2,150,,,,,,,,,,,,,,
2026-06-28T20:01:28.863772+00:00,2026-06-29T06:01:28.852771,2,3,91.75,0.3,91.6,97,91.2,5,,,,,,,,,,,,,,,,,91.9,1,92.1,100,92.2,150,,,,,,,,,,,,,,
2026-06-28T20:01:28.940771+00:00,2026-06-29T06:01:28.931771,2,2,91.75,0.3,91.6,97,91.2,5,,,,,,,,,,,,,,,,,91.9,1,92.1,100,,,,,,,,,,,,,,,,
2026-06-28T20:01:28.984771+00:00,2026-06-29T06:01:28.983771,3,2,91.75,0.3,91.6,97,91.2,5,91.1,150,,,,,,,,,,,,,,,91.9,1,92.1,100,,,,,,,,,,,,,,,,
2026-06-28T20:01:29.050771+00:00,2026-06-29T06:01:29.040762,2,3,91.4,0.4,91.2,5,91.1,150,,,,,,,,,,,,,,,,,91.6,53,91.9,1,92.1,100,,,,,,,,,,,,,,
2026-06-28T20:01:29.138772+00:00,2026-06-29T06:01:29.134771,2,2,91.4,0.4,91.2,5,91.1,150,,,,,,,,,,,,,,,,,91.6,53,91.9,1,,,,,,,,,,,,,,,,
2026-06-28T20:01:29.193771+00:00,2026-06-29T06:01:29.186772,3,2,91.45,0.3,91.3,100,91.2,5,91.1,150,,,,,,,,,,,,,,,91.6,53,91.9,1,,,,,,,,,,,,,,,,
2026-06-28T20:01:29.248771+00:00,2026-06-29T06:01:29.239771,3,3,91.45,0.3,91.3,100,91.2,5,91.1,150,,,,,,,,,,,,,,,91.6,53,91.8,100,91.9,1,,,,,,,,,,,,,,
2026-06-28T20:01:29.457762+00:00,2026-06-29T06:01:29.457762,3,3,91.45,0.3,91.3,100,91.2,4,91.1,150,,,,,,,,,,,,,,,91.6,53,91.8,100,91.9,1,,,,,,,,,,,,,,
2026-06-28T20:01:30.677771+00:00,2026-06-29T06:01:30.672771,3,3,91.45,0.3,91.3,54,91.2,4,91.1,150,,,,,,,,,,,,,,,91.6,56,91.8,100,91.9,1,,,,,,,,,,,,,,
2026-06-28T20:01:31.403762+00:00,2026-06-29T06:01:31.399763,3,2,91.45,0.3,91.3,54,91.2,3,91.1,150,,,,,,,,,,,,,,,91.6,56,91.8,100,,,,,,,,,,,,,,,,
2026-06-28T20:01:31.414762+00:00,2026-06-29T06:01:31.412762,3,3,91.45,0.3,91.3,54,91.2,3,91.1,150,,,,,,,,,,,,,,,91.6,56,91.7,1,91.8,100,,,,,,,,,,,,,,
2026-06-28T20:01:31.425762+00:00,2026-06-29T06:01:31.416762,4,3,91.45,0.3,91.3,54,91.2,3,91.1,150,91.0,1,,,,,,,,,,,,,91.6,56,91.7,1,91.8,100,,,,,,,,,,,,,,
2026-06-28T20:01:32.096771+00:00,2026-06-29T06:01:32.094771,4,3,91.45,0.3,91.3,54,91.2,3,91.1,150,91.0,1,,,,,,,,,,,,,91.6,3,91.7,1,91.8,100,,,,,,,,,,,,,,
2026-06-28T20:01:32.107771+00:00,2026-06-29T06:01:32.096771,3,3,91.45,0.3,91.3,54,91.2,3,91.0,1,,,,,,,,,,,,,,,91.6,3,91.7,1,91.8,100,,,,,,,,,,,,,,
2026-06-28T20:01:32.162771+00:00,2026-06-29T06:01:32.151903,4,3,91.5,0.2,91.4,150,91.3,54,91.2,3,91.0,1,,,,,,,,,,,,,91.6,3,91.7,1,91.8,100,,,,,,,,,,,,,,
2026-06-28T20:01:32.206771+00:00,2026-06-29T06:01:32.204771,4,4,91.5,0.2,91.4,150,91.3,54,91.2,3,91.0,1,,,,,,,,,,,,,91.6,3,91.7,1,91.8,100,91.9,150,,,,,,,,,,,,
2026-06-28T20:01:32.250771+00:00,2026-06-29T06:01:32.242771,4,4,91.5,0.2,91.4,150,91.3,54,91.2,3,91.0,1,,,,,,,,,,,,,91.6,2,91.7,1,91.8,100,91.9,150,,,,,,,,,,,,
2026-06-28T20:01:32.305771+00:00,2026-06-29T06:01:32.297771,3,3,91.5,0.2,91.4,150,91.2,3,91.0,1,,,,,,,,,,,,,,,91.6,2,91.7,1,91.9,150,,,,,,,,,,,,,,
2026-06-28T20:01:32.360771+00:00,2026-06-29T06:01:32.357771,3,3,91.5,0.2,91.4,150,91.2,3,91.0,101,,,,,,,,,,,,,,,91.6,2,91.7,1,91.9,150,,,,,,,,,,,,,,
2026-06-28T20:01:32.404762+00:00,2026-06-29T06:01:32.402762,3,4,91.45,0.1,91.4,150,91.2,3,91.0,101,,,,,,,,,,,,,,,91.5,100,91.6,2,91.7,1,91.9,150,,,,,,,,,,,,
2026-06-28T20:01:32.558762+00:00,2026-06-29T06:01:32.556762,3,4,91.45,0.1,91.4,150,91.2,3,91.0,101,,,,,,,,,,,,,,,91.5,100,91.6,1,91.7,1,91.9,150,,,,,,,,,,,,
2026-06-28T20:01:32.657771+00:00,2026-06-29T06:01:32.651771,3,3,91.45,0.1,91.4,150,91.2,3,91.0,101,,,,,,,,,,,,,,,91.5,50,91.7,1,91.9,150,,,,,,,,,,,,,,
2026-06-28T20:01:34.428030+00:00,2026-06-29T06:01:34.426039,3,2,91.45,0.1,91.4,150,91.2,3,91.0,100,,,,,,,,,,,,,,,91.5,50,91.9,150,,,,,,,,,,,,,,,,
2026-06-28T20:01:34.439039+00:00,2026-06-29T06:01:34.436039,3,3,91.45,0.1,91.4,150,91.2,3,91.0,100,,,,,,,,,,,,,,,91.5,50,91.7,1,91.9,150,,,,,,,,,,,,,,
2026-06-28T20:01:34.450039+00:00,2026-06-29T06:01:34.439039,3,3,91.45,0.1,91.4,150,91.2,3,91.0,101,,,,,,,,,,,,,,,91.5,50,91.7,1,91.9,150,,,,,,,,,,,,,,
2026-06-28T20:01:34.571039+00:00,2026-06-29T06:01:34.560039,3,4,91.45,0.1,91.4,150,91.2,3,91.0,101,,,,,,,,,,,,,,,91.5,50,91.6,2,91.7,1,91.9,150,,,,,,,,,,,,
2026-06-28T20:01:34.769039+00:00,2026-06-29T06:01:34.760039,3,3,91.5,0.2,91.4,150,91.2,3,91.0,101,,,,,,,,,,,,,,,91.6,2,91.7,1,91.9,150,,,,,,,,,,,,,,
2026-06-28T20:01:34.901039+00:00,2026-06-29T06:01:34.895039,3,1,91.65,0.5,91.4,150,91.2,3,91.0,101,,,,,,,,,,,,,,,91.9,112,,,,,,,,,,,,,,,,,,
2026-06-28T20:01:34.923039+00:00,2026-06-29T06:01:34.915039,3,2,91.5,0.2,91.4,150,91.2,3,91.0,101,,,,,,,,,,,,,,,91.6,1,91.9,112,,,,,,,,,,,,,,,,
2026-06-28T20:01:35.264039+00:00,2026-06-29T06:01:35.262039,2,1,91.4,0.4,91.2,3,91.0,101,,,,,,,,,,,,,,,,,91.6,1,,,,,,,,,,,,,,,,,,
2026-06-28T20:01:35.319039+00:00,2026-06-29T06:01:35.314039,3,1,91.5,0.2,91.4,150,91.2,3,91.0,101,,,,,,,,,,,,,,,91.6,1,,,,,,,,,,,,,,,,,,
2026-06-28T20:01:35.374039+00:00,2026-06-29T06:01:35.366039,3,2,91.5,0.2,91.4,150,91.2,3,91.0,101,,,,,,,,,,,,,,,91.6,1,91.9,150,,,,,,,,,,,,,,,,
2026-06-28T20:01:35.462030+00:00,2026-06-29T06:01:35.458030,3,2,91.5,0.2,91.4,150,91.2,3,91.0,1,,,,,,,,,,,,,,,91.6,1,91.9,150,,,,,,,,,,,,,,,,
2026-06-28T20:01:35.550030+00:00,2026-06-29T06:01:35.542030,3,2,91.5,0.2,91.4,150,91.2,103,91.0,1,,,,,,,,,,,,,,,91.6,1,91.9,150,,,,,,,,,,,,,,,,
2026-06-28T20:01:35.594030+00:00,2026-06-29T06:01:35.592030,3,3,91.5,0.2,91.4,150,91.2,103,91.0,1,,,,,,,,,,,,,,,91.6,1,91.7,100,91.9,150,,,,,,,,,,,,,,
2026-06-28T20:01:36.056039+00:00,2026-06-29T06:01:36.054039,3,3,91.5,0.2,91.4,150,91.2,102,91.0,1,,,,,,,,,,,,,,,91.6,1,91.7,100,91.9,150,,,,,,,,,,,,,,
2026-06-28T20:01:36.429652+00:00,2026-06-29T06:01:36.426643,3,3,91.5,0.2,91.4,102,91.2,102,91.0,1,,,,,,,,,,,,,,,91.6,1,91.7,100,91.9,150,,,,,,,,,,,,,,
2026-06-28T20:01:36.869652+00:00,2026-06-29T06:01:36.868652,3,2,91.55,0.3,91.4,102,91.2,102,91.0,1,,,,,,,,,,,,,,,91.7,51,91.9,150,,,,,,,,,,,,,,,,
2026-06-28T20:01:36.990652+00:00,2026-06-29T06:01:36.988652,3,2,91.55,0.3,91.4,102,91.2,102,91.0,1,,,,,,,,,,,,,,,91.7,2,91.9,150,,,,,,,,,,,,,,,,
2026-06-28T20:01:37.276652+00:00,2026-06-29T06:01:37.271652,3,3,91.5,0.2,91.4,102,91.2,102,91.0,1,,,,,,,,,,,,,,,91.6,5,91.7,2,91.9,150,,,,,,,,,,,,,,
2026-06-28T20:01:37.452652+00:00,2026-06-29T06:01:37.450652,2,3,91.5,0.2,91.4,102,91.2,102,,,,,,,,,,,,,,,,,91.6,5,91.7,2,91.9,150,,,,,,,,,,,,,,
2026-06-28T20:01:37.463642+00:00,2026-06-29T06:01:37.461642,2,4,91.5,0.2,91.4,102,91.2,102,,,,,,,,,,,,,,,,,91.6,5,91.7,2,91.9,150,92.0,1,,,,,,,,,,,,
2026-06-28T20:01:37.474643+00:00,2026-06-29T06:01:37.465642,3,4,91.5,0.2,91.4,102,91.3,1,91.2,102,,,,,,,,,,,,,,,91.6,5,91.7,2,91.9,150,92.0,1,,,,,,,,,,,,
2026-06-28T20:01:38.297904+00:00,2026-06-29T06:01:38.288904,3,4,91.5,0.2,91.4,102,91.3,1,91.2,101,,,,,,,,,,,,,,,91.6,5,91.7,2,91.9,150,92.0,1,,,,,,,,,,,,
2026-06-28T20:01:38.352904+00:00,2026-06-29T06:01:38.347904,3,3,91.55,0.3,91.4,102,91.3,1,91.2,100,,,,,,,,,,,,,,,91.7,2,91.9,150,92.0,1,,,,,,,,,,,,,,
2026-06-28T20:01:38.429904+00:00,2026-06-29T06:01:38.422904,2,2,91.5,0.4,91.3,1,91.2,100,,,,,,,,,,,,,,,,,91.7,2,92.0,1,,,,,,,,,,,,,,,,
2026-06-28T20:01:38.484896+00:00,2026-06-29T06:01:38.474895,3,2,91.55,0.3,91.4,150,91.3,1,91.2,100,,,,,,,,,,,,,,,91.7,2,92.0,1,,,,,,,,,,,,,,,,
2026-06-28T20:01:38.550895+00:00,2026-06-29T06:01:38.541896,3,3,91.55,0.3,91.4,150,91.3,1,91.2,100,,,,,,,,,,,,,,,91.7,2,91.9,150,92.0,1,,,,,,,,,,,,,,
2026-06-28T20:01:38.649895+00:00,2026-06-29T06:01:38.647895,2,2,91.65,0.5,91.4,150,91.3,1,,,,,,,,,,,,,,,,,91.9,150,92.0,1,,,,,,,,,,,,,,,,
2026-06-28T20:01:38.704904+00:00,2026-06-29T06:01:38.700904,3,2,91.8,0.2,91.7,100,91.4,150,91.3,1,,,,,,,,,,,,,,,91.9,150,92.0,1,,,,,,,,,,,,,,,,
2026-06-28T20:01:38.759904+00:00,2026-06-29T06:01:38.755904,3,3,91.8,0.2,91.7,100,91.4,150,91.3,1,,,,,,,,,,,,,,,91.9,150,92.0,1,92.2,100,,,,,,,,,,,,,,
2026-06-28T20:01:38.979905+00:00,2026-06-29T06:01:38.977904,3,3,91.8,0.2,91.7,100,91.4,150,91.3,1,,,,,,,,,,,,,,,91.9,100,92.0,1,92.2,100,,,,,,,,,,,,,,
2026-06-28T20:01:40.046904+00:00,2026-06-29T06:01:40.035904,3,3,91.8,0.2,91.7,57,91.4,150,91.3,1,,,,,,,,,,,,,,,91.9,100,92.0,1,92.2,100,,,,,,,,,,,,,,
2026-06-28T20:01:40.497904+00:00,2026-06-29T06:01:40.493904,2,2,91.8,0.2,91.7,57,91.4,150,,,,,,,,,,,,,,,,,91.9,100,92.2,100,,,,,,,,,,,,,,,,
2026-06-28T20:01:40.508895+00:00,2026-06-29T06:01:40.504895,2,2,91.8,0.2,91.7,57,91.4,150,,,,,,,,,,,,,,,,,91.9,100,92.2,101,,,,,,,,,,,,,,,,
2026-06-28T20:01:40.530895+00:00,2026-06-29T06:01:40.521895,3,2,91.8,0.2,91.7,57,91.5,1,91.4,150,,,,,,,,,,,,,,,91.9,100,92.2,101,,,,,,,,,,,,,,,,
2026-06-28T20:01:41.091014+00:00,2026-06-29T06:01:41.088014,3,2,91.8,0.2,91.7,57,91.5,1,91.4,150,,,,,,,,,,,,,,,91.9,50,92.2,101,,,,,,,,,,,,,,,,
2026-06-28T20:01:41.344014+00:00,2026-06-29T06:01:41.343014,3,2,91.8,0.2,91.7,51,91.5,1,91.4,150,,,,,,,,,,,,,,,91.9,50,92.2,101,,,,,,,,,,,,,,,,
2026-06-28T20:01:41.388014+00:00,2026-06-29T06:01:41.378015,3,2,91.8,0.2,91.7,45,91.5,1,91.4,150,,,,,,,,,,,,,,,91.9,50,92.2,101,,,,,,,,,,,,,,,,
2026-06-28T20:01:41.596896+00:00,2026-06-29T06:01:41.596896,2,1,91.95,0.5,91.7,45,91.5,1,,,,,,,,,,,,,,,,,92.2,101,,,,,,,,,,,,,,,,,,
2026-06-28T20:01:41.662895+00:00,2026-06-29T06:01:41.654895,3,1,91.95,0.5,91.7,45,91.6,150,91.5,1,,,,,,,,,,,,,,,92.2,101,,,,,,,,,,,,,,,,,,
2026-06-28T20:01:41.706895+00:00,2026-06-29T06:01:41.704895,3,2,91.9,0.4,91.7,45,91.6,150,91.5,1,,,,,,,,,,,,,,,92.1,150,92.2,101,,,,,,,,,,,,,,,,
2026-06-28T20:01:41.817014+00:00,2026-06-29T06:01:41.811014,2,2,91.85,0.5,91.6,150,91.5,1,,,,,,,,,,,,,,,,,92.1,150,92.2,1,,,,,,,,,,,,,,,,
2026-06-28T20:01:41.872014+00:00,2026-06-29T06:01:41.864013,2,2,91.85,0.5,91.6,250,91.5,1,,,,,,,,,,,,,,,,,92.1,150,92.2,1,,,,,,,,,,,,,,,,
2026-06-28T20:01:41.927014+00:00,2026-06-29T06:01:41.917014,2,2,91.85,0.5,91.6,250,91.5,1,,,,,,,,,,,,,,,,,92.1,250,92.2,1,,,,,,,,,,,,,,,,
2026-06-28T20:01:42.212895+00:00,2026-06-29T06:01:42.201895,2,3,91.7,0.2,91.6,250,91.5,1,,,,,,,,,,,,,,,,,91.8,5,92.1,250,92.2,1,,,,,,,,,,,,,,
2026-06-28T20:01:42.322896+00:00,2026-06-29T06:01:42.318896,2,3,91.7,0.2,91.6,250,91.5,3,,,,,,,,,,,,,,,,,91.8,5,92.1,250,92.2,1,,,,,,,,,,,,,,
2026-06-28T20:01:43.124441+00:00,2026-06-29T06:01:43.119441,2,3,91.7,0.2,91.6,204,91.5,3,,,,,,,,,,,,,,,,,91.8,5,92.1,250,92.2,1,,,,,,,,,,,,,,
2026-06-28T20:01:43.201441+00:00,2026-06-29T06:01:43.193433,2,2,91.85,0.5,91.6,204,91.5,3,,,,,,,,,,,,,,,,,92.1,250,92.2,1,,,,,,,,,,,,,,,,
2026-06-28T20:01:43.399442+00:00,2026-06-29T06:01:43.397441,2,3,91.7,0.2,91.6,204,91.5,3,,,,,,,,,,,,,,,,,91.8,5,92.1,250,92.2,1,,,,,,,,,,,,,,
2026-06-28T20:01:43.531441+00:00,2026-06-29T06:01:43.521442,2,2,91.7,0.2,91.6,204,91.5,2,,,,,,,,,,,,,,,,,91.8,5,92.1,250,,,,,,,,,,,,,,,,
2026-06-28T20:01:43.542441+00:00,2026-06-29T06:01:43.536441,3,3,91.7,0.2,91.6,204,91.5,2,91.3,1,,,,,,,,,,,,,,,91.8,5,92.0,1,92.1,250,,,,,,,,,,,,,,
2026-06-28T20:01:44.763432+00:00,2026-06-29T06:01:44.760433,3,3,91.7,0.2,91.6,100,91.5,2,91.3,1,,,,,,,,,,,,,,,91.8,5,92.0,1,92.1,100,,,,,,,,,,,,,,
2026-06-28T20:01:44.818433+00:00,2026-06-29T06:01:44.813433,3,3,91.7,0.2,91.6,100,91.5,152,91.3,1,,,,,,,,,,,,,,,91.8,5,92.0,1,92.1,100,,,,,,,,,,,,,,
2026-06-28T20:01:44.873432+00:00,2026-06-29T06:01:44.865432,3,3,91.7,0.2,91.6,100,91.5,152,91.3,1,,,,,,,,,,,,,,,91.8,5,92.0,151,92.1,100,,,,,,,,,,,,,,
2026-06-28T20:01:44.972432+00:00,2026-06-29T06:01:44.970432,3,2,91.7,0.2,91.6,100,91.5,152,91.3,1,,,,,,,,,,,,,,,91.8,5,92.0,151,,,,,,,,,,,,,,,,
2026-06-28T20:01:44.983432+00:00,2026-06-29T06:01:44.974432,2,2,91.65,0.3,91.5,152,91.3,1,,,,,,,,,,,,,,,,,91.8,5,92.0,151,,,,,,,,,,,,,,,,
2026-06-28T20:01:45.027432+00:00,2026-06-29T06:01:45.025432,2,2,91.65,0.3,91.5,252,91.3,1,,,,,,,,,,,,,,,,,91.8,5,92.0,151,,,,,,,,,,,,,,,,
2026-06-28T20:01:45.082433+00:00,2026-06-29T06:01:45.079432,2,2,91.65,0.3,91.5,252,91.3,1,,,,,,,,,,,,,,,,,91.8,5,92.0,251,,,,,,,,,,,,,,,,
2026-06-28T20:01:45.368441+00:00,2026-06-29T06:01:45.357441,2,2,91.65,0.3,91.5,202,91.3,1,,,,,,,,,,,,,,,,,91.8,5,92.0,251,,,,,,,,,,,,,,,,
2026-06-28T20:01:45.379441+00:00,2026-06-29T06:01:45.371441,2,2,91.65,0.3,91.5,204,91.3,1,,,,,,,,,,,,,,,,,91.8,5,92.0,251,,,,,,,,,,,,,,,,
2026-06-28T20:01:45.687432+00:00,2026-06-29T06:01:45.682433,2,2,91.65,0.3,91.5,203,91.3,1,,,,,,,,,,,,,,,,,91.8,5,92.0,251,,,,,,,,,,,,,,,,
2026-06-28T20:01:46.193462+00:00,2026-06-29T06:01:46.189453,2,2,91.65,0.3,91.5,203,91.3,1,,,,,,,,,,,,,,,,,91.8,3,92.0,251,,,,,,,,,,,,,,,,
2026-06-28T20:01:46.556462+00:00,2026-06-29T06:01:46.549462,1,2,91.65,0.3,91.5,203,,,,,,,,,,,,,,,,,,,91.8,3,92.0,250,,,,,,,,,,,,,,,,
2026-06-28T20:01:46.567462+00:00,2026-06-29T06:01:46.561462,2,3,91.65,0.3,91.5,203,91.4,1,,,,,,,,,,,,,,,,,91.8,3,92.0,250,92.2,1,,,,,,,,,,,,,,
2026-06-28T20:01:47.271086+00:00,2026-06-29T06:01:47.260085,2,2,91.75,0.5,91.5,203,91.4,1,,,,,,,,,,,,,,,,,92.0,211,92.2,1,,,,,,,,,,,,,,,,
2026-06-28T20:01:47.457976+00:00,2026-06-29T06:01:47.457085,2,2,91.75,0.5,91.5,153,91.4,1,,,,,,,,,,,,,,,,,92.0,211,92.2,1,,,,,,,,,,,,,,,,
2026-06-28T20:01:47.920197+00:00,2026-06-29T06:01:47.919197,2,2,91.75,0.5,91.5,153,91.4,1,,,,,,,,,,,,,,,,,92.0,100,92.2,1,,,,,,,,,,,,,,,,
2026-06-28T20:01:47.931197+00:00,2026-06-29T06:01:47.920197,2,2,91.75,0.5,91.5,101,91.4,1,,,,,,,,,,,,,,,,,92.0,100,92.2,1,,,,,,,,,,,,,,,,
2026-06-28T20:01:47.975197+00:00,2026-06-29T06:01:47.973197,3,2,91.75,0.5,91.5,101,91.4,1,91.3,150,,,,,,,,,,,,,,,92.0,100,92.2,1,,,,,,,,,,,,,,,,
2026-06-28T20:01:48.030197+00:00,2026-06-29T06:01:48.026197,3,3,91.65,0.3,91.5,101,91.4,1,91.3,150,,,,,,,,,,,,,,,91.8,150,92.0,100,92.2,1,,,,,,,,,,,,,,
2026-06-28T20:01:48.140197+00:00,2026-06-29T06:01:48.137197,3,2,91.65,0.3,91.5,1,91.4,1,91.3,150,,,,,,,,,,,,,,,91.8,150,92.2,1,,,,,,,,,,,,,,,,
2026-06-28T20:01:48.195197+00:00,2026-06-29T06:01:48.189197,3,2,91.65,0.3,91.5,101,91.4,1,91.3,150,,,,,,,,,,,,,,,91.8,150,92.2,1,,,,,,,,,,,,,,,,
2026-06-28T20:01:48.261197+00:00,2026-06-29T06:01:48.258197,3,3,91.65,0.3,91.5,101,91.4,1,91.3,150,,,,,,,,,,,,,,,91.8,150,92.0,100,92.2,1,,,,,,,,,,,,,,
2026-06-28T20:01:48.756079+00:00,2026-06-29T06:01:48.746079,3,3,91.65,0.3,91.5,101,91.4,1,91.3,150,,,,,,,,,,,,,,,91.8,155,92.0,100,92.2,1,,,,,,,,,,,,,,
2026-06-28T20:01:49.580088+00:00,2026-06-29T06:01:49.573088,2,2,91.65,0.3,91.5,101,91.3,150,,,,,,,,,,,,,,,,,91.8,155,92.0,100,,,,,,,,,,,,,,,,
2026-06-28T20:01:49.591087+00:00,2026-06-29T06:01:49.585088,2,2,91.65,0.3,91.5,101,91.3,151,,,,,,,,,,,,,,,,,91.8,155,92.0,101,,,,,,,,,,,,,,,,
2026-06-28T20:01:49.855078+00:00,2026-06-29T06:01:49.852078,2,2,91.65,0.3,91.5,100,91.3,151,,,,,,,,,,,,,,,,,91.8,155,92.0,101,,,,,,,,,,,,,,,,
2026-06-28T20:01:50.515087+00:00,2026-06-29T06:01:50.506087,2,2,91.65,0.3,91.5,100,91.3,151,,,,,,,,,,,,,,,,,91.8,108,92.0,101,,,,,,,,,,,,,,,,
2026-06-28T20:01:51.086197+00:00,2026-06-29T06:01:51.080197,2,2,91.65,0.3,91.5,100,91.3,1,,,,,,,,,,,,,,,,,91.8,5,92.0,101,,,,,,,,,,,,,,,,
2026-06-28T20:01:51.141197+00:00,2026-06-29T06:01:51.136197,3,2,91.75,0.1,91.7,150,91.5,100,91.3,1,,,,,,,,,,,,,,,91.8,5,92.0,101,,,,,,,,,,,,,,,,
2026-06-28T20:01:51.196197+00:00,2026-06-29T06:01:51.186198,3,3,91.75,0.1,91.7,150,91.5,100,91.3,1,,,,,,,,,,,,,,,91.8,5,92.0,101,92.2,150,,,,,,,,,,,,,,
2026-06-28T20:01:51.317197+00:00,2026-06-29T06:01:51.307197,2,3,91.75,0.1,91.7,150,91.3,1,,,,,,,,,,,,,,,,,91.8,5,92.0,1,92.2,150,,,,,,,,,,,,,,
2026-06-28T20:01:51.361079+00:00,2026-06-29T06:01:51.361079,2,3,91.75,0.1,91.7,250,91.3,1,,,,,,,,,,,,,,,,,91.8,5,92.0,1,92.2,150,,,,,,,,,,,,,,
2026-06-28T20:01:51.416197+00:00,2026-06-29T06:01:51.413080,2,3,91.75,0.1,91.7,250,91.3,1,,,,,,,,,,,,,,,,,91.8,5,92.0,1,92.2,250,,,,,,,,,,,,,,
2026-06-28T20:01:51.625197+00:00,2026-06-29T06:01:51.621079,2,1,91.95,0.5,91.7,250,91.3,1,,,,,,,,,,,,,,,,,92.2,206,,,,,,,,,,,,,,,,,,
2026-06-28T20:01:52.603699+00:00,2026-06-29T06:01:52.597698,1,1,91.95,0.5,91.7,250,,,,,,,,,,,,,,,,,,,92.2,206,,,,,,,,,,,,,,,,,,
2026-06-28T20:01:52.614699+00:00,2026-06-29T06:01:52.612699,2,2,91.95,0.5,91.7,250,91.6,1,,,,,,,,,,,,,,,,,92.2,206,92.4,1,,,,,,,,,,,,,,,,
2026-06-28T20:01:53.735937+00:00,2026-06-29T06:01:53.726938,2,2,91.95,0.5,91.7,250,91.6,1,,,,,,,,,,,,,,,,,92.2,156,92.4,1,,,,,,,,,,,,,,,,
2026-06-28T20:01:54.242056+00:00,2026-06-29T06:01:54.240056,2,2,91.95,0.5,91.7,250,91.6,1,,,,,,,,,,,,,,,,,92.2,100,92.4,1,,,,,,,,,,,,,,,,
2026-06-28T20:01:54.253056+00:00,2026-06-29T06:01:54.242223,2,2,91.95,0.5,91.7,100,91.6,1,,,,,,,,,,,,,,,,,92.2,100,92.4,1,,,,,,,,,,,,,,,,
2026-06-28T20:01:54.318982+00:00,2026-06-29T06:01:54.308292,3,2,92.1,0.2,92.0,150,91.7,100,91.6,1,,,,,,,,,,,,,,,92.2,100,92.4,1,,,,,,,,,,,,,,,,
2026-06-28T20:01:54.362938+00:00,2026-06-29T06:01:54.358056,3,3,92.1,0.2,92.0,150,91.7,100,91.6,1,,,,,,,,,,,,,,,92.2,100,92.4,1,92.5,150,,,,,,,,,,,,,,
2026-06-28T20:01:54.472989+00:00,2026-06-29T06:01:54.468056,2,2,92.2,0.4,92.0,150,91.6,1,,,,,,,,,,,,,,,,,92.4,1,92.5,150,,,,,,,,,,,,,,,,
2026-06-28T20:01:54.527946+00:00,2026-06-29T06:01:54.520946,3,2,92.2,0.4,92.0,150,91.7,100,91.6,1,,,,,,,,,,,,,,,92.4,1,92.5,150,,,,,,,,,,,,,,,,
2026-06-28T20:01:54.582946+00:00,2026-06-29T06:01:54.572947,3,3,92.1,0.2,92.0,150,91.7,100,91.6,1,,,,,,,,,,,,,,,92.2,100,92.4,1,92.5,150,,,,,,,,,,,,,,
2026-06-28T20:01:55.660185+00:00,2026-06-29T06:01:55.650186,2,2,92.1,0.2,92.0,150,91.7,101,,,,,,,,,,,,,,,,,92.2,100,92.5,151,,,,,,,,,,,,,,,,
2026-06-28T20:01:56.045067+00:00,2026-06-29T06:01:56.040067,2,2,92.1,0.2,92.0,102,91.7,101,,,,,,,,,,,,,,,,,92.2,100,92.5,151,,,,,,,,,,,,,,,,
2026-06-28T20:01:57.418969+00:00,2026-06-29T06:01:57.412861,1,2,91.95,0.5,91.7,101,,,,,,,,,,,,,,,,,,,92.2,100,92.5,1,,,,,,,,,,,,,,,,
2026-06-28T20:01:57.473970+00:00,2026-06-29T06:01:57.465969,1,2,91.95,0.5,91.7,251,,,,,,,,,,,,,,,,,,,92.2,100,92.5,1,,,,,,,,,,,,,,,,
2026-06-28T20:01:57.528969+00:00,2026-06-29T06:01:57.518969,1,2,91.95,0.5,91.7,251,,,,,,,,,,,,,,,,,,,92.2,250,92.5,1,,,,,,,,,,,,,,,,
2026-06-28T20:01:57.594969+00:00,2026-06-29T06:01:57.586968,1,2,91.95,0.5,91.7,251,,,,,,,,,,,,,,,,,,,92.2,202,92.5,1,,,,,,,,,,,,,,,,
2026-06-28T20:01:57.638969+00:00,2026-06-29T06:01:57.628969,1,2,91.95,0.5,91.7,151,,,,,,,,,,,,,,,,,,,92.2,150,92.5,1,,,,,,,,,,,,,,,,
2026-06-28T20:01:57.682969+00:00,2026-06-29T06:01:57.681850,2,2,91.95,0.5,91.7,151,91.6,100,,,,,,,,,,,,,,,,,92.2,150,92.5,1,,,,,,,,,,,,,,,,
2026-06-28T20:01:57.737384+00:00,2026-06-29T06:01:57.734384,2,3,91.9,0.4,91.7,151,91.6,100,,,,,,,,,,,,,,,,,92.1,100,92.2,150,92.5,1,,,,,,,,,,,,,,
2026-06-28T20:01:58.649384+00:00,2026-06-29T06:01:58.647266,2,2,91.9,0.4,91.7,150,91.6,100,,,,,,,,,,,,,,,,,92.1,100,92.2,150,,,,,,,,,,,,,,,,
2026-06-28T20:01:58.660384+00:00,2026-06-29T06:01:58.658346,2,3,91.9,0.4,91.7,150,91.6,100,,,,,,,,,,,,,,,,,92.1,100,92.2,150,92.3,1,,,,,,,,,,,,,,
2026-06-28T20:01:58.671384+00:00,2026-06-29T06:01:58.661267,3,3,91.9,0.4,91.7,150,91.6,100,91.5,1,,,,,,,,,,,,,,,92.1,100,92.2,150,92.3,1,,,,,,,,,,,,,,
2026-06-28T20:02:00.046265+00:00,2026-06-29T06:02:00.041265,3,3,91.9,0.4,91.7,150,91.6,100,91.5,1,,,,,,,,,,,,,,,92.1,50,92.2,150,92.3,1,,,,,,,,,,,,,,
2026-06-28T20:02:00.057266+00:00,2026-06-29T06:02:00.056266,3,3,91.9,0.4,91.7,150,91.6,100,91.5,1,,,,,,,,,,,,,,,92.1,50,92.2,200,92.3,1,,,,,,,,,,,,,,
2026-06-28T20:02:00.156265+00:00,2026-06-29T06:02:00.151265,4,3,92.0,0.2,91.9,15,91.7,150,91.6,100,91.5,1,,,,,,,,,,,,,92.1,50,92.2,200,92.3,1,,,,,,,,,,,,,,
2026-06-28T20:02:00.200266+00:00,2026-06-29T06:02:00.199265,4,3,92.0,0.2,91.9,15,91.7,150,91.6,100,91.5,1,,,,,,,,,,,,,92.1,50,92.2,157,92.3,1,,,,,,,,,,,,,,
2026-06-28T20:02:00.211265+00:00,2026-06-29T06:02:00.201266,4,3,92.0,0.2,91.9,1,91.7,150,91.6,100,91.5,1,,,,,,,,,,,,,92.1,50,92.2,157,92.3,1,,,,,,,,,,,,,,
2026-06-28T20:02:00.574274+00:00,2026-06-29T06:02:00.573274,4,3,92.0,0.2,91.9,1,91.7,150,91.6,100,91.5,1,,,,,,,,,,,,,92.1,50,92.2,7,92.3,1,,,,,,,,,,,,,,
2026-06-28T20:02:00.585274+00:00,2026-06-29T06:02:00.574274,3,3,92.0,0.2,91.9,1,91.6,100,91.5,1,,,,,,,,,,,,,,,92.1,50,92.2,7,92.3,1,,,,,,,,,,,,,,
2026-06-28T20:02:00.629274+00:00,2026-06-29T06:02:00.627274,4,3,92.0,0.2,91.9,1,91.7,150,91.6,100,91.5,1,,,,,,,,,,,,,92.1,50,92.2,7,92.3,1,,,,,,,,,,,,,,
2026-06-28T20:02:00.684274+00:00,2026-06-29T06:02:00.682274,4,3,92.0,0.2,91.9,1,91.7,150,91.6,100,91.5,1,,,,,,,,,,,,,92.1,50,92.2,157,92.3,1,,,,,,,,,,,,,,
2026-06-28T20:02:00.794274+00:00,2026-06-29T06:02:00.791275,3,2,92.05,0.3,91.9,1,91.7,150,91.5,1,,,,,,,,,,,,,,,92.2,157,92.3,1,,,,,,,,,,,,,,,,
2026-06-28T20:02:00.849265+00:00,2026-06-29T06:02:00.840266,4,2,92.05,0.3,91.9,1,91.8,100,91.7,150,91.5,1,,,,,,,,,,,,,92.2,157,92.3,1,,,,,,,,,,,,,,,,
2026-06-28T20:02:00.904265+00:00,2026-06-29T06:02:00.894266,4,2,92.05,0.3,91.9,1,91.8,100,91.7,150,91.5,1,,,,,,,,,,,,,92.2,157,92.3,101,,,,,,,,,,,,,,,,
2026-06-28T20:02:01.673384+00:00,2026-06-29T06:02:01.672384,3,2,92.05,0.3,91.9,1,91.8,100,91.7,150,,,,,,,,,,,,,,,92.2,157,92.3,100,,,,,,,,,,,,,,,,
2026-06-28T20:02:01.684306+00:00,2026-06-29T06:02:01.681384,3,3,92.05,0.3,91.9,1,91.8,100,91.7,150,,,,,,,,,,,,,,,92.2,157,92.3,100,92.4,1,,,,,,,,,,,,,,
2026-06-28T20:02:01.695384+00:00,2026-06-29T06:02:01.684306,4,3,92.05,0.3,91.9,1,91.8,100,91.7,150,91.6,1,,,,,,,,,,,,,92.2,157,92.3,100,92.4,1,,,,,,,,,,,,,,
2026-06-28T20:02:02.168396+00:00,2026-06-29T06:02:02.166395,4,3,92.05,0.3,91.9,1,91.8,100,91.7,150,91.6,1,,,,,,,,,,,,,92.2,107,92.3,100,92.4,1,,,,,,,,,,,,,,
2026-06-28T20:02:03.738261+00:00,2026-06-29T06:02:03.734261,3,2,92.1,0.4,91.9,1,91.8,100,91.6,1,,,,,,,,,,,,,,,92.3,100,92.4,1,,,,,,,,,,,,,,,,
2026-06-28T20:02:03.793261+00:00,2026-06-29T06:02:03.787261,4,2,92.2,0.2,92.1,150,91.9,1,91.8,100,91.6,1,,,,,,,,,,,,,92.3,100,92.4,1,,,,,,,,,,,,,,,,
2026-06-28T20:02:03.848261+00:00,2026-06-29T06:02:03.841162,4,3,92.2,0.2,92.1,150,91.9,1,91.8,100,91.6,1,,,,,,,,,,,,,92.3,100,92.4,1,92.6,150,,,,,,,,,,,,,,
2026-06-28T20:02:03.936272+00:00,2026-06-29T06:02:03.932272,4,3,92.2,0.2,92.1,106,91.9,1,91.8,100,91.6,1,,,,,,,,,,,,,92.3,100,92.4,1,92.6,150,,,,,,,,,,,,,,
2026-06-28T20:02:03.980272+00:00,2026-06-29T06:02:03.977271,3,2,92.25,0.3,92.1,106,91.9,1,91.6,1,,,,,,,,,,,,,,,92.4,1,92.6,150,,,,,,,,,,,,,,,,
2026-06-28T20:02:04.046272+00:00,2026-06-29T06:02:04.035272,4,2,92.25,0.3,92.1,106,92.0,100,91.9,1,91.6,1,,,,,,,,,,,,,92.4,1,92.6,150,,,,,,,,,,,,,,,,
2026-06-28T20:02:04.090272+00:00,2026-06-29T06:02:04.087272,4,3,92.25,0.3,92.1,106,92.0,100,91.9,1,91.6,1,,,,,,,,,,,,,92.4,1,92.5,100,92.6,150,,,,,,,,,,,,,,
2026-06-28T20:02:04.287391+00:00,2026-06-29T06:02:04.286391,4,2,92.3,0.4,92.1,106,92.0,100,91.9,1,91.6,1,,,,,,,,,,,,,92.5,51,92.6,150,,,,,,,,,,,,,,,,
2026-06-28T20:02:04.705281+00:00,2026-06-29T06:02:04.695281,3,2,92.3,0.4,92.1,106,92.0,100,91.9,1,,,,,,,,,,,,,,,92.5,51,92.6,150,,,,,,,,,,,,,,,,
2026-06-28T20:02:04.716281+00:00,2026-06-29T06:02:04.709281,3,3,92.3,0.4,92.1,106,92.0,100,91.9,2,,,,,,,,,,,,,,,92.5,51,92.6,150,92.7,1,,,,,,,,,,,,,,
2026-06-28T20:02:06.420339+00:00,2026-06-29T06:02:06.419330,3,3,92.3,0.4,92.1,106,92.0,100,91.9,2,,,,,,,,,,,,,,,92.5,1,92.6,150,92.7,1,,,,,,,,,,,,,,
2026-06-28T20:02:06.838339+00:00,2026-06-29T06:02:06.827479,3,3,92.3,0.4,92.1,66,92.0,100,91.9,2,,,,,,,,,,,,,,,92.5,1,92.6,150,92.7,1,,,,,,,,,,,,,,
2026-06-28T20:02:06.904339+00:00,2026-06-29T06:02:06.895339,2,2,92.25,0.5,92.0,100,91.9,2,,,,,,,,,,,,,,,,,92.5,1,92.7,1,,,,,,,,,,,,,,,,
2026-06-28T20:02:06.948330+00:00,2026-06-29T06:02:06.947330,3,2,92.25,0.5,92.0,100,91.9,2,91.6,150,,,,,,,,,,,,,,,92.5,1,92.7,1,,,,,,,,,,,,,,,,
2026-06-28T20:02:07.025330+00:00,2026-06-29T06:02:07.015330,3,3,92.05,0.1,92.0,100,91.9,2,91.6,150,,,,,,,,,,,,,,,92.1,150,92.5,1,92.7,1,,,,,,,,,,,,,,
2026-06-28T20:02:07.146330+00:00,2026-06-29T06:02:07.144330,2,2,92.0,0.2,91.9,2,91.6,150,,,,,,,,,,,,,,,,,92.1,150,92.7,1,,,,,,,,,,,,,,,,
2026-06-28T20:02:07.201339+00:00,2026-06-29T06:02:07.197339,2,2,92.0,0.2,91.9,2,91.6,150,,,,,,,,,,,,,,,,,92.1,50,92.7,1,,,,,,,,,,,,,,,,
2026-06-28T20:02:07.256339+00:00,2026-06-29T06:02:07.249331,2,2,92.0,0.2,91.9,2,91.6,150,,,,,,,,,,,,,,,,,92.1,50,92.7,101,,,,,,,,,,,,,,,,
2026-06-28T20:02:07.729459+00:00,2026-06-29T06:02:07.722459,2,2,92.0,0.2,91.9,1,91.6,150,,,,,,,,,,,,,,,,,92.1,50,92.7,100,,,,,,,,,,,,,,,,
2026-06-28T20:02:07.740459+00:00,2026-06-29T06:02:07.733459,3,3,92.0,0.2,91.9,1,91.8,1,91.6,150,,,,,,,,,,,,,,,92.1,50,92.6,1,92.7,100,,,,,,,,,,,,,,
2026-06-28T20:02:08.279459+00:00,2026-06-29T06:02:08.276451,3,3,92.0,0.2,91.9,1,91.8,1,91.6,150,,,,,,,,,,,,,,,92.1,6,92.6,1,92.7,100,,,,,,,,,,,,,,
2026-06-28T20:02:08.532459+00:00,2026-06-29T06:02:08.524459,3,1,92.3,0.8,91.9,1,91.8,1,91.6,150,,,,,,,,,,,,,,,92.7,100,,,,,,,,,,,,,,,,,,
2026-06-28T20:02:09.874479+00:00,2026-06-29T06:02:09.866479,1,1,92.15,1.1,91.6,103,,,,,,,,,,,,,,,,,,,92.7,100,,,,,,,,,,,,,,,,,,
2026-06-28T20:02:10.072470+00:00,2026-06-29T06:02:10.070470,0,1,,,,,,,,,,,,,,,,,,,,,,,92.7,100,,,,,,,,,,,,,,,,,,
2026-06-28T20:02:10.127470+00:00,2026-06-29T06:02:10.122470,1,1,92.35,0.7,92.0,150,,,,,,,,,,,,,,,,,,,92.7,100,,,,,,,,,,,,,,,,,,
2026-06-28T20:02:10.182470+00:00,2026-06-29T06:02:10.175471,1,2,92.25,0.5,92.0,150,,,,,,,,,,,,,,,,,,,92.5,150,92.7,100,,,,,,,,,,,,,,,,
2026-06-28T20:02:10.313470+00:00,2026-06-29T06:02:10.308485,1,1,92.25,0.5,92.0,150,,,,,,,,,,,,,,,,,,,92.5,150,,,,,,,,,,,,,,,,,,
2026-06-28T20:02:10.368588+00:00,2026-06-29T06:02:10.366589,2,1,92.25,0.5,92.0,150,91.9,100,,,,,,,,,,,,,,,,,92.5,150,,,,,,,,,,,,,,,,,,
2026-06-28T20:02:10.423589+00:00,2026-06-29T06:02:10.418589,2,2,92.2,0.4,92.0,150,91.9,100,,,,,,,,,,,,,,,,,92.4,100,92.5,150,,,,,,,,,,,,,,,,
2026-06-28T20:02:10.643589+00:00,2026-06-29T06:02:10.638589,2,2,92.2,0.4,92.0,150,91.9,100,,,,,,,,,,,,,,,,,92.4,50,92.5,150,,,,,,,,,,,,,,,,
2026-06-28T20:02:10.764588+00:00,2026-06-29T06:02:10.760589,2,3,92.2,0.4,92.0,150,91.9,100,,,,,,,,,,,,,,,,,92.4,50,92.5,150,92.6,1,,,,,,,,,,,,,,
2026-06-28T20:02:10.775588+00:00,2026-06-29T06:02:10.764777,3,3,92.2,0.4,92.0,150,91.9,100,91.8,1,,,,,,,,,,,,,,,92.4,50,92.5,150,92.6,1,,,,,,,,,,,,,,
2026-06-28T20:02:12.260470+00:00,2026-06-29T06:02:12.251470,3,3,92.2,0.4,92.0,150,91.9,100,91.8,1,,,,,,,,,,,,,,,92.4,4,92.5,150,92.6,1,,,,,,,,,,,,,,
2026-06-28T20:02:12.765983+00:00,2026-06-29T06:02:12.755866,3,2,92.25,0.5,92.0,150,91.9,100,91.8,1,,,,,,,,,,,,,,,92.5,104,92.6,1,,,,,,,,,,,,,,,,
2026-06-28T20:02:13.238865+00:00,2026-06-29T06:02:13.229865,2,1,92.25,0.7,91.9,100,91.8,1,,,,,,,,,,,,,,,,,92.6,1,,,,,,,,,,,,,,,,,,
2026-06-28T20:02:13.293874+00:00,2026-06-29T06:02:13.282983,3,1,92.4,0.4,92.2,150,91.9,100,91.8,1,,,,,,,,,,,,,,,92.6,1,,,,,,,,,,,,,,,,,,
2026-06-28T20:02:13.337874+00:00,2026-06-29T06:02:13.336873,3,2,92.4,0.4,92.2,150,91.9,100,91.8,1,,,,,,,,,,,,,,,92.6,1,92.7,150,,,,,,,,,,,,,,,,
2026-06-28T20:02:13.480873+00:00,2026-06-29T06:02:13.476874,2,2,92.4,0.4,92.2,150,91.8,1,,,,,,,,,,,,,,,,,92.6,1,92.7,150,,,,,,,,,,,,,,,,
2026-06-28T20:02:13.535865+00:00,2026-06-29T06:02:13.530864,2,2,92.4,0.4,92.2,250,91.8,1,,,,,,,,,,,,,,,,,92.6,1,92.7,150,,,,,,,,,,,,,,,,
2026-06-28T20:02:13.590865+00:00,2026-06-29T06:02:13.587865,2,2,92.4,0.4,92.2,250,91.8,1,,,,,,,,,,,,,,,,,92.6,1,92.7,250,,,,,,,,,,,,,,,,
2026-06-28T20:02:13.755864+00:00,2026-06-29T06:02:13.752865,2,3,92.3,0.2,92.2,250,91.8,1,,,,,,,,,,,,,,,,,92.4,7,92.6,1,92.7,250,,,,,,,,,,,,,,
2026-06-28T20:02:13.777865+00:00,2026-06-29T06:02:13.776865,1,2,92.3,0.2,92.2,250,,,,,,,,,,,,,,,,,,,92.4,7,92.7,250,,,,,,,,,,,,,,,,
2026-06-28T20:02:13.788865+00:00,2026-06-29T06:02:13.785865,1,3,92.3,0.2,92.2,250,,,,,,,,,,,,,,,,,,,92.4,7,92.7,250,92.8,1,,,,,,,,,,,,,,
2026-06-28T20:02:13.799865+00:00,2026-06-29T06:02:13.789865,2,3,92.3,0.2,92.2,250,92.0,1,,,,,,,,,,,,,,,,,92.4,7,92.7,250,92.8,1,,,,,,,,,,,,,,
2026-06-28T20:02:14.502004+00:00,2026-06-29T06:02:14.495977,3,3,92.3,0.2,92.2,250,92.1,1,92.0,1,,,,,,,,,,,,,,,92.4,7,92.7,250,92.8,1,,,,,,,,,,,,,,
2026-06-28T20:02:14.941894+00:00,2026-06-29T06:02:14.932894,3,3,92.3,0.2,92.2,200,92.1,1,92.0,1,,,,,,,,,,,,,,,92.4,7,92.7,250,92.8,1,,,,,,,,,,,,,,
2026-06-28T20:02:15.974894+00:00,2026-06-29T06:02:15.972894,3,3,92.3,0.2,92.2,200,92.1,1,92.0,1,,,,,,,,,,,,,,,92.4,6,92.7,250,92.8,1,,,,,,,,,,,,,,
2026-06-28T20:02:16.391562+00:00,2026-06-29T06:02:16.390562,3,3,92.3,0.2,92.2,200,92.1,1,92.0,1,,,,,,,,,,,,,,,92.4,6,92.7,100,92.8,1,,,,,,,,,,,,,,
2026-06-28T20:02:16.402562+00:00,2026-06-29T06:02:16.391726,3,3,92.3,0.2,92.2,100,92.1,1,92.0,1,,,,,,,,,,,,,,,92.4,6,92.7,100,92.8,1,,,,,,,,,,,,,,
2026-06-28T20:02:16.446562+00:00,2026-06-29T06:02:16.443562,3,3,92.3,0.2,92.2,100,92.1,1,92.0,151,,,,,,,,,,,,,,,92.4,6,92.7,100,92.8,1,,,,,,,,,,,,,,
2026-06-28T20:02:16.501562+00:00,2026-06-29T06:02:16.498562,3,4,92.3,0.2,92.2,100,92.1,1,92.0,151,,,,,,,,,,,,,,,92.4,6,92.5,150,92.7,100,92.8,1,,,,,,,,,,,,
2026-06-28T20:02:16.644562+00:00,2026-06-29T06:02:16.640562,2,3,92.25,0.3,92.1,1,92.0,151,,,,,,,,,,,,,,,,,92.4,6,92.5,150,92.8,1,,,,,,,,,,,,,,
2026-06-28T20:02:16.710562+00:00,2026-06-29T06:02:16.701562,3,3,92.3,0.2,92.2,100,92.1,1,92.0,151,,,,,,,,,,,,,,,92.4,6,92.5,150,92.8,1,,,,,,,,,,,,,,
2026-06-28T20:02:16.765563+00:00,2026-06-29T06:02:16.755563,3,4,92.3,0.2,92.2,100,92.1,1,92.0,151,,,,,,,,,,,,,,,92.4,6,92.5,150,92.7,100,92.8,1,,,,,,,,,,,,
2026-06-28T20:02:16.809562+00:00,2026-06-29T06:02:16.802470,3,3,92.3,0.2,92.2,100,92.1,1,92.0,150,,,,,,,,,,,,,,,92.4,6,92.5,150,92.7,100,,,,,,,,,,,,,,
2026-06-28T20:02:16.820562+00:00,2026-06-29T06:02:16.816448,4,3,92.3,0.2,92.2,100,92.1,1,92.0,150,91.9,1,,,,,,,,,,,,,92.4,6,92.5,150,92.7,101,,,,,,,,,,,,,,
2026-06-28T20:02:17.040562+00:00,2026-06-29T06:02:17.039562,4,3,92.3,0.2,92.2,50,92.1,1,92.0,150,91.9,1,,,,,,,,,,,,,92.4,6,92.5,150,92.7,101,,,,,,,,,,,,,,
2026-06-28T20:02:17.227443+00:00,2026-06-29T06:02:17.220443,4,3,92.3,0.2,92.2,2,92.1,1,92.0,150,91.9,1,,,,,,,,,,,,,92.4,6,92.5,150,92.7,101,,,,,,,,,,,,,,
2026-06-28T20:02:17.699391+00:00,2026-06-29T06:02:17.691407,4,3,92.3,0.2,92.2,2,92.1,1,92.0,150,91.9,1,,,,,,,,,,,,,92.4,5,92.5,150,92.7,101,,,,,,,,,,,,,,
2026-06-28T20:02:18.700411+00:00,2026-06-29T06:02:18.690411,4,3,92.3,0.2,92.2,2,92.1,1,92.0,150,91.9,1,,,,,,,,,,,,,92.4,2,92.5,150,92.7,101,,,,,,,,,,,,,,
2026-06-28T20:02:19.107521+00:00,2026-06-29T06:02:19.102521,4,2,92.35,0.3,92.2,2,92.1,1,92.0,150,91.9,1,,,,,,,,,,,,,92.5,102,92.7,101,,,,,,,,,,,,,,,,
2026-06-28T20:02:19.558520+00:00,2026-06-29T06:02:19.554402,3,1,92.45,0.5,92.2,2,92.1,1,91.9,1,,,,,,,,,,,,,,,92.7,101,,,,,,,,,,,,,,,,,,
2026-06-28T20:02:19.613411+00:00,2026-06-29T06:02:19.607411,4,1,92.55,0.3,92.4,150,92.2,2,92.1,1,91.9,1,,,,,,,,,,,,,92.7,101,,,,,,,,,,,,,,,,,,
2026-06-28T20:02:19.668411+00:00,2026-06-29T06:02:19.659411,4,2,92.55,0.3,92.4,150,92.2,2,92.1,1,91.9,1,,,,,,,,,,,,,92.7,101,92.9,150,,,,,,,,,,,,,,,,
2026-06-28T20:02:19.811411+00:00,2026-06-29T06:02:19.810411,4,2,92.55,0.3,92.4,150,92.2,2,92.1,1,91.9,1,,,,,,,,,,,,,92.7,1,92.9,150,,,,,,,,,,,,,,,,
2026-06-28T20:02:19.822411+00:00,2026-06-29T06:02:19.811411,3,2,92.55,0.3,92.4,150,92.1,1,91.9,1,,,,,,,,,,,,,,,92.7,1,92.9,150,,,,,,,,,,,,,,,,
2026-06-28T20:02:19.844411+00:00,2026-06-29T06:02:19.838411,2,1,92.65,0.5,92.4,150,92.1,1,,,,,,,,,,,,,,,,,92.9,150,,,,,,,,,,,,,,,,,,
2026-06-28T20:02:19.866411+00:00,2026-06-29T06:02:19.865411,2,2,92.65,0.5,92.4,150,92.1,101,,,,,,,,,,,,,,,,,92.9,150,93.1,1,,,,,,,,,,,,,,,,
2026-06-28T20:02:19.877411+00:00,2026-06-29T06:02:19.867411,3,2,92.65,0.5,92.4,150,92.2,1,92.1,101,,,,,,,,,,,,,,,92.9,150,93.1,1,,,,,,,,,,,,,,,,
2026-06-28T20:02:19.921411+00:00,2026-06-29T06:02:19.918404,3,3,92.5,0.2,92.4,150,92.2,1,92.1,101,,,,,,,,,,,,,,,92.6,100,92.9,150,93.1,1,,,,,,,,,,,,,,
2026-06-28T20:02:20.559478+00:00,2026-06-29T06:02:20.557415,3,3,92.5,0.2,92.4,108,92.2,1,92.1,101,,,,,,,,,,,,,,,92.6,100,92.9,150,93.1,1,,,,,,,,,,,,,,
2026-06-28T20:02:20.735411+00:00,2026-06-29T06:02:20.731500,3,3,92.5,0.2,92.4,107,92.2,1,92.1,101,,,,,,,,,,,,,,,92.6,100,92.9,150,93.1,1,,,,,,,,,,,,,,
2026-06-28T20:02:20.823411+00:00,2026-06-29T06:02:20.820411,3,3,92.5,0.2,92.4,106,92.2,1,92.1,101,,,,,,,,,,,,,,,92.6,100,92.9,150,93.1,1,,,,,,,,,,,,,,
2026-06-28T20:02:21.099402+00:00,2026-06-29T06:02:21.089402,3,3,92.5,0.2,92.4,105,92.2,1,92.1,101,,,,,,,,,,,,,,,92.6,100,92.9,150,93.1,1,,,,,,,,,,,,,,
2026-06-28T20:02:21.726411+00:00,2026-06-29T06:02:21.722411,3,4,92.45,0.1,92.4,105,92.2,1,92.1,101,,,,,,,,,,,,,,,92.5,1,92.6,100,92.9,150,93.1,1,,,,,,,,,,,,
2026-06-28T20:02:22.738326+00:00,2026-06-29T06:02:22.737326,3,3,92.45,0.1,92.4,105,92.2,1,92.1,101,,,,,,,,,,,,,,,92.5,1,92.6,100,93.1,1,,,,,,,,,,,,,,
2026-06-28T20:02:22.749327+00:00,2026-06-29T06:02:22.739327,2,3,92.35,0.3,92.2,1,92.1,101,,,,,,,,,,,,,,,,,92.5,1,92.6,100,93.1,1,,,,,,,,,,,,,,
2026-06-28T20:02:22.793326+00:00,2026-06-29T06:02:22.792326,2,3,92.35,0.3,92.2,151,92.1,101,,,,,,,,,,,,,,,,,92.5,1,92.6,100,93.1,1,,,,,,,,,,,,,,
2026-06-28T20:02:22.848326+00:00,2026-06-29T06:02:22.843326,2,4,92.35,0.3,92.2,151,92.1,101,,,,,,,,,,,,,,,,,92.5,1,92.6,100,92.7,150,93.1,1,,,,,,,,,,,,
2026-06-28T20:02:22.892326+00:00,2026-06-29T06:02:22.884208,2,3,92.35,0.3,92.2,150,92.1,101,,,,,,,,,,,,,,,,,92.5,1,92.6,100,92.7,150,,,,,,,,,,,,,,
2026-06-28T20:02:22.903219+00:00,2026-06-29T06:02:22.896326,3,4,92.35,0.3,92.2,150,92.1,101,92.0,1,,,,,,,,,,,,,,,92.5,1,92.6,100,92.7,150,92.9,1,,,,,,,,,,,,
2026-06-28T20:02:22.980326+00:00,2026-06-29T06:02:22.973326,3,3,92.35,0.3,92.2,150,92.1,1,92.0,1,,,,,,,,,,,,,,,92.5,1,92.7,150,92.9,1,,,,,,,,,,,,,,
2026-06-28T20:02:23.035326+00:00,2026-06-29T06:02:23.025327,3,3,92.35,0.3,92.2,150,92.1,101,92.0,1,,,,,,,,,,,,,,,92.5,1,92.7,150,92.9,1,,,,,,,,,,,,,,
2026-06-28T20:02:23.079327+00:00,2026-06-29T06:02:23.078326,3,4,92.35,0.3,92.2,150,92.1,101,92.0,1,,,,,,,,,,,,,,,92.5,1,92.6,100,92.7,150,92.9,1,,,,,,,,,,,,
2026-06-28T20:02:25.905216+00:00,2026-06-29T06:02:25.898216,2,3,92.3,0.4,92.1,101,92.0,1,,,,,,,,,,,,,,,,,92.5,1,92.6,100,92.9,1,,,,,,,,,,,,,,
2026-06-28T20:02:25.916216+00:00,2026-06-29T06:02:25.907217,1,2,92.3,0.4,92.1,101,,,,,,,,,,,,,,,,,,,92.5,1,92.6,100,,,,,,,,,,,,,,,,
2026-06-28T20:02:25.927217+00:00,2026-06-29T06:02:25.920209,2,3,92.3,0.4,92.1,101,92.0,1,,,,,,,,,,,,,,,,,92.5,1,92.6,100,92.9,1,,,,,,,,,,,,,,
2026-06-28T20:02:25.960216+00:00,2026-06-29T06:02:25.950217,3,3,92.35,0.3,92.2,150,92.1,101,92.0,1,,,,,,,,,,,,,,,92.5,1,92.6,100,92.9,1,,,,,,,,,,,,,,
2026-06-28T20:02:26.004217+00:00,2026-06-29T06:02:26.003216,3,4,92.35,0.3,92.2,150,92.1,101,92.0,1,,,,,,,,,,,,,,,92.5,1,92.6,100,92.7,150,92.9,1,,,,,,,,,,,,
2026-06-28T20:02:26.135797+00:00,2026-06-29T06:02:26.134797,3,3,92.35,0.3,92.2,150,92.1,1,92.0,1,,,,,,,,,,,,,,,92.5,1,92.7,150,92.9,1,,,,,,,,,,,,,,
2026-06-28T20:02:26.190797+00:00,2026-06-29T06:02:26.187797,3,3,92.35,0.3,92.2,150,92.1,101,92.0,1,,,,,,,,,,,,,,,92.5,1,92.7,150,92.9,1,,,,,,,,,,,,,,
2026-06-28T20:02:26.245808+00:00,2026-06-29T06:02:26.240809,3,4,92.35,0.3,92.2,150,92.1,101,92.0,1,,,,,,,,,,,,,,,92.5,1,92.6,100,92.7,150,92.9,1,,,,,,,,,,,,
2026-06-28T20:02:27.136817+00:00,2026-06-29T06:02:27.133817,3,3,92.4,0.4,92.2,150,92.1,101,92.0,1,,,,,,,,,,,,,,,92.6,58,92.7,150,92.9,1,,,,,,,,,,,,,,
2026-06-28T20:02:27.598817+00:00,2026-06-29T06:02:27.594817,3,3,92.4,0.4,92.2,100,92.1,101,92.0,1,,,,,,,,,,,,,,,92.6,58,92.7,150,92.9,1,,,,,,,,,,,,,,
2026-06-28T20:02:28.940531+00:00,2026-06-29T06:02:28.933530,2,2,92.4,0.4,92.2,100,92.1,101,,,,,,,,,,,,,,,,,92.6,58,92.7,150,,,,,,,,,,,,,,,,
2026-06-28T20:02:28.951532+00:00,2026-06-29T06:02:28.945531,3,3,92.4,0.4,92.2,100,92.1,101,91.9,1,,,,,,,,,,,,,,,92.6,58,92.7,150,92.8,1,,,,,,,,,,,,,,
2026-06-28T20:02:29.061545+00:00,2026-06-29T06:02:29.059440,2,2,92.35,0.5,92.1,101,91.9,1,,,,,,,,,,,,,,,,,92.6,58,92.8,1,,,,,,,,,,,,,,,,
2026-06-28T20:02:29.116440+00:00,2026-06-29T06:02:29.114553,2,2,92.35,0.5,92.1,101,91.9,151,,,,,,,,,,,,,,,,,92.6,58,92.8,1,,,,,,,,,,,,,,,,
2026-06-28T20:02:29.182560+00:00,2026-06-29T06:02:29.180551,2,4,92.25,0.3,92.1,101,91.9,151,,,,,,,,,,,,,,,,,92.4,150,92.5,1,92.6,58,92.8,1,,,,,,,,,,,,
2026-06-28T20:02:29.303440+00:00,2026-06-29T06:02:29.298440,2,3,92.25,0.3,92.1,1,91.9,151,,,,,,,,,,,,,,,,,92.4,150,92.5,1,92.8,1,,,,,,,,,,,,,,
2026-06-28T20:02:29.358440+00:00,2026-06-29T06:02:29.352440,2,3,92.25,0.3,92.1,101,91.9,151,,,,,,,,,,,,,,,,,92.4,150,92.5,1,92.8,1,,,,,,,,,,,,,,
2026-06-28T20:02:29.413440+00:00,2026-06-29T06:02:29.403441,2,4,92.25,0.3,92.1,101,91.9,151,,,,,,,,,,,,,,,,,92.4,150,92.5,1,92.6,100,92.8,1,,,,,,,,,,,,
2026-06-28T20:02:29.644440+00:00,2026-06-29T06:02:29.642441,2,4,92.25,0.3,92.1,101,91.9,151,,,,,,,,,,,,,,,,,92.4,100,92.5,1,92.6,100,92.8,1,,,,,,,,,,,,
2026-06-28T20:02:30.315440+00:00,2026-06-29T06:02:30.308440,2,3,92.25,0.3,92.1,101,91.9,151,,,,,,,,,,,,,,,,,92.4,100,92.6,100,92.8,1,,,,,,,,,,,,,,
2026-06-28T20:02:31.756470+00:00,2026-06-29T06:02:31.749470,2,3,92.25,0.3,92.1,101,91.9,151,,,,,,,,,,,,,,,,,92.4,50,92.6,100,92.8,1,,,,,,,,,,,,,,
2026-06-28T20:02:31.767470+00:00,2026-06-29T06:02:31.756654,2,3,92.25,0.3,92.1,58,91.9,151,,,,,,,,,,,,,,,,,92.4,50,92.6,100,92.8,1,,,,,,,,,,,,,,
2026-06-28T20:02:31.965470+00:00,2026-06-29T06:02:31.957470,2,2,92.25,0.3,92.1,58,91.9,150,,,,,,,,,,,,,,,,,92.4,50,92.6,100,,,,,,,,,,,,,,,,
2026-06-28T20:02:31.976470+00:00,2026-06-29T06:02:31.969469,2,3,92.25,0.3,92.1,58,91.9,151,,,,,,,,,,,,,,,,,92.4,50,92.6,100,92.7,1,,,,,,,,,,,,,,
2026-06-28T20:02:32.240470+00:00,2026-06-29T06:02:32.236469,2,2,92.35,0.5,92.1,58,91.9,1,,,,,,,,,,,,,,,,,92.6,100,92.7,1,,,,,,,,,,,,,,,,
2026-06-28T20:02:32.295469+00:00,2026-06-29T06:02:32.287470,3,2,92.5,0.2,92.4,150,92.1,58,91.9,1,,,,,,,,,,,,,,,92.6,100,92.7,1,,,,,,,,,,,,,,,,
2026-06-28T20:02:32.339461+00:00,2026-06-29T06:02:32.335460,3,3,92.45,0.1,92.4,150,92.1,58,91.9,1,,,,,,,,,,,,,,,92.5,4,92.6,100,92.7,1,,,,,,,,,,,,,,
2026-06-28T20:02:32.350460+00:00,2026-06-29T06:02:32.340461,3,4,92.45,0.1,92.4,150,92.1,58,91.9,1,,,,,,,,,,,,,,,92.5,4,92.6,100,92.7,1,92.9,150,,,,,,,,,,,,
2026-06-28T20:02:32.471461+00:00,2026-06-29T06:02:32.469461,2,3,92.45,0.1,92.4,150,91.9,1,,,,,,,,,,,,,,,,,92.5,4,92.7,1,92.9,150,,,,,,,,,,,,,,
2026-06-28T20:02:32.537461+00:00,2026-06-29T06:02:32.529460,3,3,92.45,0.1,92.4,150,92.0,100,91.9,1,,,,,,,,,,,,,,,92.5,4,92.7,1,92.9,150,,,,,,,,,,,,,,
2026-06-28T20:02:32.592461+00:00,2026-06-29T06:02:32.588461,3,3,92.45,0.1,92.4,150,92.0,100,91.9,1,,,,,,,,,,,,,,,92.5,104,92.7,1,92.9,150,,,,,,,,,,,,,,
2026-06-28T20:02:33.251707+00:00,2026-06-29T06:02:33.244707,3,3,92.45,0.1,92.4,150,92.0,100,91.9,1,,,,,,,,,,,,,,,92.5,59,92.7,1,92.9,150,,,,,,,,,,,,,,
2026-06-28T20:02:33.933716+00:00,2026-06-29T06:02:33.930716,3,3,92.45,0.1,92.4,100,92.0,100,91.9,1,,,,,,,,,,,,,,,92.5,59,92.7,1,92.9,150,,,,,,,,,,,,,,
2026-06-28T20:02:34.076716+00:00,2026-06-29T06:02:34.070716,3,3,92.45,0.1,92.4,100,92.0,100,91.9,1,,,,,,,,,,,,,,,92.5,63,92.7,1,92.9,150,,,,,,,,,,,,,,
2026-06-28T20:02:34.186716+00:00,2026-06-29T06:02:34.175903,4,3,92.45,0.1,92.4,100,92.2,2,92.0,100,91.9,1,,,,,,,,,,,,,92.5,63,92.7,1,92.9,150,,,,,,,,,,,,,,
2026-06-28T20:02:34.351716+00:00,2026-06-29T06:02:34.343716,4,3,92.45,0.1,92.4,52,92.2,2,92.0,100,91.9,1,,,,,,,,,,,,,92.5,63,92.7,1,92.9,150,,,,,,,,,,,,,,
2026-06-28T20:02:34.989716+00:00,2026-06-29T06:02:34.982716,3,2,92.45,0.1,92.4,52,92.2,2,92.0,100,,,,,,,,,,,,,,,92.5,59,92.9,150,,,,,,,,,,,,,,,,
2026-06-28T20:02:35.000716+00:00,2026-06-29T06:02:34.993716,4,3,92.45,0.1,92.4,52,92.2,2,92.0,100,91.9,1,,,,,,,,,,,,,92.5,59,92.8,1,92.9,150,,,,,,,,,,,,,,
2026-06-28T20:02:35.407708+00:00,2026-06-29T06:02:35.397708,3,2,92.35,0.3,92.2,2,92.0,100,91.9,1,,,,,,,,,,,,,,,92.5,59,92.8,1,,,,,,,,,,,,,,,,
2026-06-28T20:02:35.451708+00:00,2026-06-29T06:02:35.446707,4,2,92.35,0.3,92.2,2,92.0,100,91.9,1,91.8,150,,,,,,,,,,,,,92.5,59,92.8,1,,,,,,,,,,,,,,,,
2026-06-28T20:02:35.506707+00:00,2026-06-29T06:02:35.500708,4,3,92.25,0.1,92.2,2,92.0,100,91.9,1,91.8,150,,,,,,,,,,,,,92.3,150,92.5,59,92.8,1,,,,,,,,,,,,,,
2026-06-28T20:02:35.649716+00:00,2026-06-29T06:02:35.645717,3,2,92.25,0.1,92.2,2,91.9,1,91.8,150,,,,,,,,,,,,,,,92.3,150,92.8,1,,,,,,,,,,,,,,,,
2026-06-28T20:02:35.704716+00:00,2026-06-29T06:02:35.697716,4,2,92.25,0.1,92.2,2,92.0,100,91.9,1,91.8,150,,,,,,,,,,,,,92.3,150,92.8,1,,,,,,,,,,,,,,,,
2026-06-28T20:02:35.759716+00:00,2026-06-29T06:02:35.750716,4,3,92.25,0.1,92.2,2,92.0,100,91.9,1,91.8,150,,,,,,,,,,,,,92.3,150,92.5,100,92.8,1,,,,,,,,,,,,,,
2026-06-28T20:02:36.045717+00:00,2026-06-29T06:02:36.038716,3,3,92.15,0.3,92.0,52,91.9,1,91.8,150,,,,,,,,,,,,,,,92.3,150,92.5,100,92.8,1,,,,,,,,,,,,,,
2026-06-28T20:02:38.022671+00:00,2026-06-29T06:02:38.018642,2,2,92.15,0.3,92.0,52,91.8,150,,,,,,,,,,,,,,,,,92.3,150,92.5,100,,,,,,,,,,,,,,,,
2026-06-28T20:02:38.033643+00:00,2026-06-29T06:02:38.026634,3,3,92.15,0.3,92.0,52,91.8,150,91.7,1,,,,,,,,,,,,,,,92.3,150,92.5,100,92.6,1,,,,,,,,,,,,,,
2026-06-28T20:02:38.121642+00:00,2026-06-29T06:02:38.120634,3,3,92.15,0.3,92.0,52,91.8,150,91.7,1,,,,,,,,,,,,,,,92.3,150,92.5,105,92.6,1,,,,,,,,,,,,,,
2026-06-28T20:02:38.154643+00:00,2026-06-29T06:02:38.144642,3,3,92.15,0.3,92.0,2,91.8,150,91.7,1,,,,,,,,,,,,,,,92.3,150,92.5,105,92.6,1,,,,,,,,,,,,,,
2026-06-28T20:02:38.561642+00:00,2026-06-29T06:02:38.557635,2,2,92.25,0.5,92.0,2,91.7,1,,,,,,,,,,,,,,,,,92.5,105,92.6,1,,,,,,,,,,,,,,,,
2026-06-28T20:02:38.616642+00:00,2026-06-29T06:02:38.609642,3,2,92.25,0.5,92.0,2,91.8,150,91.7,1,,,,,,,,,,,,,,,92.5,105,92.6,1,,,,,,,,,,,,,,,,
2026-06-28T20:02:38.671642+00:00,2026-06-29T06:02:38.661643,3,3,92.15,0.3,92.0,2,91.8,150,91.7,1,,,,,,,,,,,,,,,92.3,150,92.5,105,92.6,1,,,,,,,,,,,,,,
2026-06-28T20:02:38.814643+00:00,2026-06-29T06:02:38.805642,2,3,92.05,0.5,91.8,150,91.7,1,,,,,,,,,,,,,,,,,92.3,150,92.5,5,92.6,1,,,,,,,,,,,,,,
2026-06-28T20:02:38.858643+00:00,2026-06-29T06:02:38.857642,2,3,92.05,0.5,91.8,150,91.7,101,,,,,,,,,,,,,,,,,92.3,150,92.5,5,92.6,1,,,,,,,,,,,,,,
2026-06-28T20:02:38.913643+00:00,2026-06-29T06:02:38.910643,2,4,92.0,0.4,91.8,150,91.7,101,,,,,,,,,,,,,,,,,92.2,100,92.3,150,92.5,5,92.6,1,,,,,,,,,,,,
2026-06-28T20:02:40.255642+00:00,2026-06-29T06:02:40.250642,2,4,92.0,0.4,91.8,100,91.7,101,,,,,,,,,,,,,,,,,92.2,100,92.3,150,92.5,5,92.6,1,,,,,,,,,,,,
2026-06-28T20:02:40.453634+00:00,2026-06-29T06:02:40.446642,2,4,92.0,0.4,91.8,100,91.7,101,,,,,,,,,,,,,,,,,92.2,54,92.3,150,92.5,5,92.6,1,,,,,,,,,,,,
2026-06-28T20:02:41.047752+00:00,2026-06-29T06:02:41.040752,2,3,92.0,0.4,91.8,100,91.7,100,,,,,,,,,,,,,,,,,92.2,54,92.3,150,92.5,5,,,,,,,,,,,,,,
2026-06-28T20:02:41.058752+00:00,2026-06-29T06:02:41.052752,3,4,92.0,0.4,91.8,100,91.7,100,91.5,1,,,,,,,,,,,,,,,92.2,54,92.3,150,92.4,1,92.5,5,,,,,,,,,,,,
2026-06-28T20:02:41.344752+00:00,2026-06-29T06:02:41.337752,4,4,92.15,0.1,92.1,1,91.8,100,91.7,100,91.5,1,,,,,,,,,,,,,92.2,54,92.3,150,92.4,1,92.5,5,,,,,,,,,,,,
2026-06-28T20:02:41.718773+00:00,2026-06-29T06:02:41.717772,3,3,92.15,0.1,92.1,1,91.7,100,91.5,1,,,,,,,,,,,,,,,92.2,54,92.4,1,92.5,5,,,,,,,,,,,,,,
2026-06-28T20:02:41.784772+00:00,2026-06-29T06:02:41.778767,3,3,92.15,0.1,92.1,1,91.7,250,91.5,1,,,,,,,,,,,,,,,92.2,54,92.4,1,92.5,5,,,,,,,,,,,,,,
2026-06-28T20:02:41.839772+00:00,2026-06-29T06:02:41.834772,3,3,92.15,0.1,92.1,1,91.7,250,91.5,1,,,,,,,,,,,,,,,92.2,204,92.4,1,92.5,5,,,,,,,,,,,,,,
2026-06-28T20:02:41.982772+00:00,2026-06-29T06:02:41.980772,3,3,92.15,0.1,92.1,1,91.7,150,91.5,1,,,,,,,,,,,,,,,92.2,150,92.4,1,92.5,5,,,,,,,,,,,,,,
2026-06-28T20:02:42.026772+00:00,2026-06-29T06:02:42.019772,4,3,92.15,0.1,92.1,1,91.9,100,91.7,150,91.5,1,,,,,,,,,,,,,92.2,150,92.4,1,92.5,5,,,,,,,,,,,,,,
2026-06-28T20:02:42.081772+00:00,2026-06-29T06:02:42.071773,4,3,92.15,0.1,92.1,1,91.9,100,91.7,150,91.5,1,,,,,,,,,,,,,92.2,150,92.4,101,92.5,5,,,,,,,,,,,,,,
2026-06-28T20:02:42.345772+00:00,2026-06-29T06:02:42.334932,4,3,92.15,0.1,92.1,1,91.9,100,91.7,150,91.5,1,,,,,,,,,,,,,92.2,150,92.4,101,92.5,3,,,,,,,,,,,,,,
2026-06-28T20:02:42.367772+00:00,2026-06-29T06:02:42.360773,3,3,92.05,0.3,91.9,51,91.7,150,91.5,1,,,,,,,,,,,,,,,92.2,150,92.4,101,92.5,3,,,,,,,,,,,,,,
2026-06-28T20:02:42.598763+00:00,2026-06-29T06:02:42.595763,4,3,92.15,0.1,92.1,3,91.9,51,91.7,150,91.5,1,,,,,,,,,,,,,92.2,150,92.4,101,92.5,3,,,,,,,,,,,,,,
2026-06-28T20:02:42.927562+00:00,2026-06-29T06:02:42.916562,4,3,92.15,0.1,92.1,3,91.9,51,91.7,150,91.5,1,,,,,,,,,,,,,92.2,107,92.4,101,92.5,3,,,,,,,,,,,,,,
2026-06-28T20:02:42.982562+00:00,2026-06-29T06:02:42.971707,3,3,92.05,0.3,91.9,51,91.7,150,91.5,1,,,,,,,,,,,,,,,92.2,107,92.4,101,92.5,3,,,,,,,,,,,,,,
2026-06-28T20:02:43.356562+00:00,2026-06-29T06:02:43.345748,4,3,92.15,0.1,92.1,3,91.9,51,91.7,150,91.5,1,,,,,,,,,,,,,92.2,107,92.4,101,92.5,3,,,,,,,,,,,,,,
2026-06-28T20:02:43.741464+00:00,2026-06-29T06:02:43.733464,4,3,92.15,0.1,92.1,2,91.9,51,91.7,150,91.5,1,,,,,,,,,,,,,92.2,107,92.4,101,92.5,3,,,,,,,,,,,,,,
2026-06-28T20:02:44.071473+00:00,2026-06-29T06:02:44.068473,3,3,92.15,0.1,92.1,2,91.9,51,91.7,150,,,,,,,,,,,,,,,92.2,107,92.4,100,92.5,3,,,,,,,,,,,,,,
2026-06-28T20:02:44.082472+00:00,2026-06-29T06:02:44.077472,3,4,92.15,0.1,92.1,2,91.9,51,91.7,150,,,,,,,,,,,,,,,92.2,107,92.4,100,92.5,3,92.7,1,,,,,,,,,,,,
2026-06-28T20:02:44.093473+00:00,2026-06-29T06:02:44.082472,4,4,92.15,0.1,92.1,2,91.9,51,91.8,1,91.7,150,,,,,,,,,,,,,92.2,107,92.4,100,92.5,3,92.7,1,,,,,,,,,,,,
2026-06-28T20:02:44.214465+00:00,2026-06-29T06:02:44.213473,3,3,92.05,0.3,91.9,51,91.8,1,91.7,150,,,,,,,,,,,,,,,92.2,107,92.4,100,92.7,1,,,,,,,,,,,,,,
2026-06-28T20:02:44.423473+00:00,2026-06-29T06:02:44.415472,3,3,92.05,0.3,91.9,51,91.8,1,91.7,150,,,,,,,,,,,,,,,92.2,57,92.4,100,92.7,1,,,,,,,,,,,,,,
2026-06-28T20:02:44.555464+00:00,2026-06-29T06:02:44.545464,3,3,92.05,0.3,91.9,51,91.8,1,91.7,150,,,,,,,,,,,,,,,92.2,10,92.4,100,92.7,1,,,,,,,,,,,,,,
2026-06-28T20:02:44.885463+00:00,2026-06-29T06:02:44.880463,2,2,92.15,0.5,91.9,51,91.8,1,,,,,,,,,,,,,,,,,92.4,100,92.7,1,,,,,,,,,,,,,,,,
2026-06-28T20:02:44.940473+00:00,2026-06-29T06:02:44.932473,3,2,92.25,0.3,92.1,150,91.9,51,91.8,1,,,,,,,,,,,,,,,92.4,100,92.7,1,,,,,,,,,,,,,,,,
2026-06-28T20:02:44.995472+00:00,2026-06-29T06:02:44.984472,3,3,92.25,0.3,92.1,150,91.9,51,91.8,1,,,,,,,,,,,,,,,92.4,100,92.6,150,92.7,1,,,,,,,,,,,,,,
2026-06-28T20:02:45.072472+00:00,2026-06-29T06:02:45.070473,4,4,92.2,0.2,92.1,150,92.0,2,91.9,51,91.8,1,,,,,,,,,,,,,92.3,4,92.4,100,92.6,150,92.7,1,,,,,,,,,,,,
2026-06-28T20:02:45.149472+00:00,2026-06-29T06:02:45.144472,3,3,92.2,0.2,92.1,150,92.0,2,91.8,1,,,,,,,,,,,,,,,92.3,4,92.6,150,92.7,1,,,,,,,,,,,,,,
2026-06-28T20:02:45.204473+00:00,2026-06-29T06:02:45.202472,4,3,92.2,0.2,92.1,150,92.0,2,91.8,1,91.6,100,,,,,,,,,,,,,92.3,4,92.6,150,92.7,1,,,,,,,,,,,,,,
2026-06-28T20:02:45.270473+00:00,2026-06-29T06:02:45.264473,4,3,92.2,0.2,92.1,50,92.0,2,91.8,1,91.6,100,,,,,,,,,,,,,92.3,4,92.6,150,92.7,1,,,,,,,,,,,,,,
2026-06-28T20:02:45.863582+00:00,2026-06-29T06:02:45.852582,4,3,92.2,0.2,92.1,50,92.0,1,91.8,1,91.6,100,,,,,,,,,,,,,92.3,4,92.6,150,92.7,1,,,,,,,,,,,,,,
2026-06-28T20:02:46.072465+00:00,2026-06-29T06:02:46.072465,3,3,92.2,0.2,92.1,50,91.8,1,91.6,100,,,,,,,,,,,,,,,92.3,4,92.6,150,92.7,1,,,,,,,,,,,,,,
2026-06-28T20:02:46.534361+00:00,2026-06-29T06:02:46.524361,3,2,92.35,0.5,92.1,50,91.8,1,91.6,100,,,,,,,,,,,,,,,92.6,104,92.7,1,,,,,,,,,,,,,,,,
2026-06-28T20:02:47.104380+00:00,2026-06-29T06:02:47.099381,2,1,92.35,0.5,92.1,50,91.6,100,,,,,,,,,,,,,,,,,92.6,104,,,,,,,,,,,,,,,,,,
2026-06-28T20:02:47.115380+00:00,2026-06-29T06:02:47.112380,3,2,92.35,0.5,92.1,50,91.8,1,91.6,100,,,,,,,,,,,,,,,92.6,104,92.7,1,,,,,,,,,,,,,,,,
2026-06-28T20:02:47.423381+00:00,2026-06-29T06:02:47.419380,3,3,92.25,0.3,92.1,50,91.8,1,91.6,100,,,,,,,,,,,,,,,92.4,6,92.6,104,92.7,1,,,,,,,,,,,,,,
2026-06-28T20:02:47.797473+00:00,2026-06-29T06:02:47.788473,3,3,92.25,0.3,92.1,50,91.8,1,91.6,100,,,,,,,,,,,,,,,92.4,5,92.6,104,92.7,1,,,,,,,,,,,,,,
2026-06-28T20:02:48.039473+00:00,2026-06-29T06:02:48.038473,3,2,92.25,0.3,92.1,50,91.8,1,91.6,100,,,,,,,,,,,,,,,92.4,5,92.7,1,,,,,,,,,,,,,,,,
2026-06-28T20:02:48.050473+00:00,2026-06-29T06:02:48.041473,2,2,92.1,0.6,91.8,1,91.6,100,,,,,,,,,,,,,,,,,92.4,5,92.7,1,,,,,,,,,,,,,,,,
2026-06-28T20:02:48.105473+00:00,2026-06-29T06:02:48.094474,3,2,92.15,0.5,91.9,150,91.8,1,91.6,100,,,,,,,,,,,,,,,92.4,5,92.7,1,,,,,,,,,,,,,,,,
2026-06-28T20:02:48.149473+00:00,2026-06-29T06:02:48.146473,3,2,92.15,0.5,91.9,150,91.8,1,91.6,100,,,,,,,,,,,,,,,92.4,155,92.7,1,,,,,,,,,,,,,,,,
2026-06-28T20:02:48.314473+00:00,2026-06-29T06:02:48.312474,2,2,92.15,0.5,91.9,150,91.8,1,,,,,,,,,,,,,,,,,92.4,155,92.7,1,,,,,,,,,,,,,,,,
2026-06-28T20:02:48.369473+00:00,2026-06-29T06:02:48.365473,2,2,92.15,0.5,91.9,250,91.8,1,,,,,,,,,,,,,,,,,92.4,155,92.7,1,,,,,,,,,,,,,,,,
2026-06-28T20:02:48.424473+00:00,2026-06-29T06:02:48.418473,2,2,92.15,0.5,91.9,250,91.8,1,,,,,,,,,,,,,,,,,92.4,255,92.7,1,,,,,,,,,,,,,,,,
2026-06-28T20:02:48.644473+00:00,2026-06-29T06:02:48.638473,2,2,92.15,0.5,91.9,250,91.8,1,,,,,,,,,,,,,,,,,92.4,205,92.7,1,,,,,,,,,,,,,,,,
2026-06-28T20:02:49.667464+00:00,2026-06-29T06:02:49.659464,2,2,92.15,0.5,91.9,207,91.8,1,,,,,,,,,,,,,,,,,92.4,205,92.7,1,,,,,,,,,,,,,,,,
2026-06-28T20:02:50.129473+00:00,2026-06-29T06:02:50.122473,1,1,92.15,0.5,91.9,207,,,,,,,,,,,,,,,,,,,92.4,205,,,,,,,,,,,,,,,,,,
2026-06-28T20:02:50.140473+00:00,2026-06-29T06:02:50.135464,2,2,92.15,0.5,91.9,207,91.7,1,,,,,,,,,,,,,,,,,92.4,205,92.6,1,,,,,,,,,,,,,,,,
