recv_time,book_timestamp,n_bids,n_asks,mid,spread,bid_px_0,bid_vol_0,bid_px_1,bid_vol_1,bid_px_2,bid_vol_2,bid_px_3,bid_vol_3,bid_px_4,bid_vol_4,bid_px_5,bid_vol_5,bid_px_6,bid_vol_6,bid_px_7,bid_vol_7,bid_px_8,bid_vol_8,bid_px_9,bid_vol_9,ask_px_0,ask_vol_0,ask_px_1,ask_vol_1,ask_px_2,ask_vol_2,ask_px_3,ask_vol_3,ask_px_4,ask_vol_4,ask_px_5,ask_vol_5,ask_px_6,ask_vol_6,ask_px_7,ask_vol_7,ask_px_8,ask_vol_8,ask_px_9,ask_vol_9
2026-07-03T21:00:00.000410+00:00,2026-07-03T21:00:00.007636,2,2,118.9,0.4,118.7,100,118.6,100,,,,,,,,,,,,,,,,,119.1,44,119.2,61,,,,,,,,,,,,,,,,
2026-07-03T21:00:00.238610+00:00,2026-07-03T21:00:00.238588,1,1,118.85,0.5,118.6,100,,,,,,,,,,,,,,,,,,,119.1,44,,,,,,,,,,,,,,,,,,
2026-07-03T21:00:00.288962+00:00,2026-07-03T21:00:00.288895,2,1,119.0,0.2,118.9,150,118.6,100,,,,,,,,,,,,,,,,,119.1,44,,,,,,,,,,,,,,,,,,
2026-07-03T21:00:00.346200+00:00,2026-07-03T21:00:00.346092,2,2,119.0,0.2,118.9,150,118.6,100,,,,,,,,,,,,,,,,,119.1,44,119.4,150,,,,,,,,,,,,,,,,
2026-07-03T21:00:01.814350+00:00,2026-07-03T21:00:01.814479,1,1,119.15,0.5,118.9,150,,,,,,,,,,,,,,,,,,,119.4,150,,,,,,,,,,,,,,,,,,
2026-07-03T21:00:01.869511+00:00,2026-07-03T21:00:01.869426,2,1,119.15,0.5,118.9,150,118.6,100,,,,,,,,,,,,,,,,,119.4,150,,,,,,,,,,,,,,,,,,
2026-07-03T21:00:01.923108+00:00,2026-07-03T21:00:01.922961,2,2,119.0,0.2,118.9,150,118.6,100,,,,,,,,,,,,,,,,,119.1,100,119.4,150,,,,,,,,,,,,,,,,
2026-07-03T21:00:02.200032+00:00,2026-07-03T21:00:02.114260,2,2,119.0,0.2,118.9,100,118.6,100,,,,,,,,,,,,,,,,,119.1,100,119.4,150,,,,,,,,,,,,,,,,
2026-07-03T21:00:03.187968+00:00,2026-07-03T21:00:03.188113,2,2,119.0,0.2,118.9,53,118.6,100,,,,,,,,,,,,,,,,,119.1,100,119.4,150,,,,,,,,,,,,,,,,
2026-07-03T21:00:03.400410+00:00,2026-07-03T21:00:03.400322,1,1,118.85,0.5,118.6,100,,,,,,,,,,,,,,,,,,,119.1,100,,,,,,,,,,,,,,,,,,
2026-07-03T21:00:03.455141+00:00,2026-07-03T21:00:03.455098,2,1,118.85,0.5,118.6,100,118.2,150,,,,,,,,,,,,,,,,,119.1,100,,,,,,,,,,,,,,,,,,
2026-07-03T21:00:03.512959+00:00,2026-07-03T21:00:03.513115,2,2,118.65,0.1,118.6,100,118.2,150,,,,,,,,,,,,,,,,,118.7,150,119.1,100,,,,,,,,,,,,,,,,
2026-07-03T21:00:03.522737+00:00,2026-07-03T21:00:03.517203,2,2,118.65,0.1,118.6,100,118.2,150,,,,,,,,,,,,,,,,,118.7,147,119.1,100,,,,,,,,,,,,,,,,
2026-07-03T21:00:04.179950+00:00,2026-07-03T21:00:04.179867,2,2,118.65,0.1,118.6,100,118.2,150,,,,,,,,,,,,,,,,,118.7,97,119.1,100,,,,,,,,,,,,,,,,
2026-07-03T21:00:04.978713+00:00,2026-07-03T21:00:04.978650,1,1,118.45,0.5,118.2,150,,,,,,,,,,,,,,,,,,,118.7,97,,,,,,,,,,,,,,,,,,
2026-07-03T21:00:05.033165+00:00,2026-07-03T21:00:05.033074,2,1,118.6,0.2,118.5,100,118.2,150,,,,,,,,,,,,,,,,,118.7,97,,,,,,,,,,,,,,,,,,
2026-07-03T21:00:05.085796+00:00,2026-07-03T21:00:05.085718,2,2,118.6,0.2,118.5,100,118.2,150,,,,,,,,,,,,,,,,,118.7,97,119.0,100,,,,,,,,,,,,,,,,
2026-07-03T21:00:06.567870+00:00,2026-07-03T21:00:06.567842,1,1,118.75,0.5,118.5,100,,,,,,,,,,,,,,,,,,,119.0,100,,,,,,,,,,,,,,,,,,
2026-07-03T21:00:06.620411+00:00,2026-07-03T21:00:06.620299,2,1,118.75,0.5,118.5,100,118.3,150,,,,,,,,,,,,,,,,,119.0,100,,,,,,,,,,,,,,,,,,
2026-07-03T21:00:06.684334+00:00,2026-07-03T21:00:06.684238,2,2,118.65,0.3,118.5,100,118.3,150,,,,,,,,,,,,,,,,,118.8,150,119.0,100,,,,,,,,,,,,,,,,
2026-07-03T21:00:07.983970+00:00,2026-07-03T21:00:07.983856,2,2,118.65,0.3,118.5,56,118.3,150,,,,,,,,,,,,,,,,,118.8,150,119.0,100,,,,,,,,,,,,,,,,
2026-07-03T21:00:08.139390+00:00,2026-07-03T21:00:08.139319,1,1,118.55,0.5,118.3,150,,,,,,,,,,,,,,,,,,,118.8,150,,,,,,,,,,,,,,,,,,
2026-07-03T21:00:08.192511+00:00,2026-07-03T21:00:08.192427,1,1,118.55,0.5,118.3,250,,,,,,,,,,,,,,,,,,,118.8,150,,,,,,,,,,,,,,,,,,
2026-07-03T21:00:08.244013+00:00,2026-07-03T21:00:08.243910,1,1,118.55,0.5,118.3,250,,,,,,,,,,,,,,,,,,,118.8,250,,,,,,,,,,,,,,,,,,
2026-07-03T21:00:08.458657+00:00,2026-07-03T21:00:08.447160,1,1,118.55,0.5,118.3,250,,,,,,,,,,,,,,,,,,,118.8,209,,,,,,,,,,,,,,,,,,
2026-07-03T21:00:09.741487+00:00,2026-07-03T21:00:09.741342,1,1,118.55,0.5,118.3,100,,,,,,,,,,,,,,,,,,,118.8,100,,,,,,,,,,,,,,,,,,
2026-07-03T21:00:09.796296+00:00,2026-07-03T21:00:09.796218,2,1,118.6,0.4,118.4,150,118.3,100,,,,,,,,,,,,,,,,,118.8,100,,,,,,,,,,,,,,,,,,
2026-07-03T21:00:09.847313+00:00,2026-07-03T21:00:09.847283,2,2,118.6,0.4,118.4,150,118.3,100,,,,,,,,,,,,,,,,,118.8,100,118.9,150,,,,,,,,,,,,,,,,
2026-07-03T21:00:09.946543+00:00,2026-07-03T21:00:09.946674,2,2,118.6,0.4,118.4,107,118.3,100,,,,,,,,,,,,,,,,,118.8,100,118.9,150,,,,,,,,,,,,,,,,
2026-07-03T21:00:11.027017+00:00,2026-07-03T21:00:11.026943,2,2,118.6,0.4,118.4,107,118.3,100,,,,,,,,,,,,,,,,,118.8,58,118.9,150,,,,,,,,,,,,,,,,
2026-07-03T21:00:11.326592+00:00,2026-07-03T21:00:11.326528,1,1,118.65,0.5,118.4,107,,,,,,,,,,,,,,,,,,,118.9,150,,,,,,,,,,,,,,,,,,
2026-07-03T21:00:11.380705+00:00,2026-07-03T21:00:11.380633,2,1,118.75,0.3,118.6,100,118.4,107,,,,,,,,,,,,,,,,,118.9,150,,,,,,,,,,,,,,,,,,
2026-07-03T21:00:11.436754+00:00,2026-07-03T21:00:11.436656,2,2,118.75,0.3,118.6,100,118.4,107,,,,,,,,,,,,,,,,,118.9,150,119.1,100,,,,,,,,,,,,,,,,
2026-07-03T21:00:12.594907+00:00,2026-07-03T21:00:12.595055,2,2,118.75,0.3,118.6,100,118.4,107,,,,,,,,,,,,,,,,,118.9,100,119.1,100,,,,,,,,,,,,,,,,
2026-07-03T21:00:12.907547+00:00,2026-07-03T21:00:12.907520,1,1,118.85,0.5,118.6,100,,,,,,,,,,,,,,,,,,,119.1,100,,,,,,,,,,,,,,,,,,
2026-07-03T21:00:12.958308+00:00,2026-07-03T21:00:12.958456,2,1,119.05,0.1,119.0,150,118.6,100,,,,,,,,,,,,,,,,,119.1,100,,,,,,,,,,,,,,,,,,
2026-07-03T21:00:13.009598+00:00,2026-07-03T21:00:13.009734,2,2,119.05,0.1,119.0,150,118.6,100,,,,,,,,,,,,,,,,,119.1,100,119.5,150,,,,,,,,,,,,,,,,
2026-07-03T21:00:13.783482+00:00,2026-07-03T21:00:13.778140,2,2,119.05,0.1,119.0,147,118.6,100,,,,,,,,,,,,,,,,,119.1,100,119.5,150,,,,,,,,,,,,,,,,
2026-07-03T21:00:13.954890+00:00,2026-07-03T21:00:13.955063,2,2,119.05,0.1,119.0,104,118.6,100,,,,,,,,,,,,,,,,,119.1,100,119.5,150,,,,,,,,,,,,,,,,
2026-07-03T21:00:14.490010+00:00,2026-07-03T21:00:14.489967,1,1,119.25,0.5,119.0,104,,,,,,,,,,,,,,,,,,,119.5,150,,,,,,,,,,,,,,,,,,
2026-07-03T21:00:14.541360+00:00,2026-07-03T21:00:14.541288,1,1,119.25,0.5,119.0,104,,,,,,,,,,,,,,,,,,,119.5,109,,,,,,,,,,,,,,,,,,
2026-07-03T21:00:14.546580+00:00,2026-07-03T21:00:14.546466,2,1,119.25,0.5,119.0,104,118.6,100,,,,,,,,,,,,,,,,,119.5,109,,,,,,,,,,,,,,,,,,
2026-07-03T21:00:14.600482+00:00,2026-07-03T21:00:14.600360,2,2,119.05,0.1,119.0,104,118.6,100,,,,,,,,,,,,,,,,,119.1,100,119.5,109,,,,,,,,,,,,,,,,
2026-07-03T21:00:14.702256+00:00,2026-07-03T21:00:14.702128,2,2,119.05,0.1,119.0,104,118.6,100,,,,,,,,,,,,,,,,,119.1,50,119.5,109,,,,,,,,,,,,,,,,
2026-07-03T21:00:16.069784+00:00,2026-07-03T21:00:16.069668,1,1,118.85,0.5,118.6,100,,,,,,,,,,,,,,,,,,,119.1,50,,,,,,,,,,,,,,,,,,
2026-07-03T21:00:16.119910+00:00,2026-07-03T21:00:16.119829,2,1,118.9,0.4,118.7,150,118.6,100,,,,,,,,,,,,,,,,,119.1,50,,,,,,,,,,,,,,,,,,
2026-07-03T21:00:16.206660+00:00,2026-07-03T21:00:16.206608,2,2,118.9,0.4,118.7,150,118.6,100,,,,,,,,,,,,,,,,,119.1,50,119.2,150,,,,,,,,,,,,,,,,
2026-07-03T21:00:16.809340+00:00,2026-07-03T21:00:16.809301,2,1,118.95,0.5,118.7,150,118.6,100,,,,,,,,,,,,,,,,,119.2,150,,,,,,,,,,,,,,,,,,
2026-07-03T21:00:17.658548+00:00,2026-07-03T21:00:17.655101,1,1,118.95,0.5,118.7,150,,,,,,,,,,,,,,,,,,,119.2,150,,,,,,,,,,,,,,,,,,
2026-07-03T21:00:17.711817+00:00,2026-07-03T21:00:17.711629,2,1,119.15,0.1,119.1,100,118.7,150,,,,,,,,,,,,,,,,,119.2,150,,,,,,,,,,,,,,,,,,
2026-07-03T21:00:17.764322+00:00,2026-07-03T21:00:17.764228,2,2,119.15,0.1,119.1,100,118.7,150,,,,,,,,,,,,,,,,,119.2,150,119.6,100,,,,,,,,,,,,,,,,
2026-07-03T21:00:17.817972+00:00,2026-07-03T21:00:17.818109,2,2,119.15,0.1,119.1,52,118.7,150,,,,,,,,,,,,,,,,,119.2,150,119.6,100,,,,,,,,,,,,,,,,
2026-07-03T21:00:18.916641+00:00,2026-07-03T21:00:18.916853,2,2,119.15,0.1,119.1,52,118.7,150,,,,,,,,,,,,,,,,,119.2,100,119.6,100,,,,,,,,,,,,,,,,
2026-07-03T21:00:19.031205+00:00,2026-07-03T21:00:19.025584,2,2,119.15,0.1,119.1,41,118.7,150,,,,,,,,,,,,,,,,,119.2,100,119.6,100,,,,,,,,,,,,,,,,
2026-07-03T21:00:19.258653+00:00,2026-07-03T21:00:19.256124,1,1,119.35,0.5,119.1,41,,,,,,,,,,,,,,,,,,,119.6,100,,,,,,,,,,,,,,,,,,
2026-07-03T21:00:19.320728+00:00,2026-07-03T21:00:19.320692,2,1,119.4,0.4,119.2,150,119.1,41,,,,,,,,,,,,,,,,,119.6,100,,,,,,,,,,,,,,,,,,
2026-07-03T21:00:19.373372+00:00,2026-07-03T21:00:19.373187,2,2,119.4,0.4,119.2,150,119.1,41,,,,,,,,,,,,,,,,,119.6,100,119.7,150,,,,,,,,,,,,,,,,
2026-07-03T21:00:20.817782+00:00,2026-07-03T21:00:20.817701,1,1,119.45,0.5,119.2,150,,,,,,,,,,,,,,,,,,,119.7,150,,,,,,,,,,,,,,,,,,
2026-07-03T21:00:20.868437+00:00,2026-07-03T21:00:20.868311,2,1,119.45,0.5,119.2,150,118.9,100,,,,,,,,,,,,,,,,,119.7,150,,,,,,,,,,,,,,,,,,
2026-07-03T21:00:20.925917+00:00,2026-07-03T21:00:20.925854,2,2,119.3,0.2,119.2,150,118.9,100,,,,,,,,,,,,,,,,,119.4,100,119.7,150,,,,,,,,,,,,,,,,
2026-07-03T21:00:21.023207+00:00,2026-07-03T21:00:21.023155,2,2,119.3,0.2,119.2,150,118.9,100,,,,,,,,,,,,,,,,,119.4,50,119.7,150,,,,,,,,,,,,,,,,
2026-07-03T21:00:21.654756+00:00,2026-07-03T21:00:21.648647,2,2,119.3,0.2,119.2,127,118.9,100,,,,,,,,,,,,,,,,,119.4,50,119.7,150,,,,,,,,,,,,,,,,
2026-07-03T21:00:22.071373+00:00,2026-07-03T21:00:22.071250,2,2,119.3,0.2,119.2,80,118.9,100,,,,,,,,,,,,,,,,,119.4,50,119.7,150,,,,,,,,,,,,,,,,
2026-07-03T21:00:22.428409+00:00,2026-07-03T21:00:22.428346,1,1,119.15,0.5,118.9,100,,,,,,,,,,,,,,,,,,,119.4,50,,,,,,,,,,,,,,,,,,
2026-07-03T21:00:22.482398+00:00,2026-07-03T21:00:22.482261,2,1,119.2,0.4,119.0,150,118.9,100,,,,,,,,,,,,,,,,,119.4,50,,,,,,,,,,,,,,,,,,
2026-07-03T21:00:22.535101+00:00,2026-07-03T21:00:22.535021,2,2,119.2,0.4,119.0,150,118.9,100,,,,,,,,,,,,,,,,,119.4,50,119.5,150,,,,,,,,,,,,,,,,
2026-07-03T21:00:23.179473+00:00,2026-07-03T21:00:23.179355,2,2,119.2,0.4,119.0,100,118.9,100,,,,,,,,,,,,,,,,,119.4,50,119.5,150,,,,,,,,,,,,,,,,
2026-07-03T21:00:23.979636+00:00,2026-07-03T21:00:23.979539,1,1,119.25,0.5,119.0,100,,,,,,,,,,,,,,,,,,,119.5,150,,,,,,,,,,,,,,,,,,
2026-07-03T21:00:24.033973+00:00,2026-07-03T21:00:24.033774,2,1,119.3,0.4,119.1,100,119.0,100,,,,,,,,,,,,,,,,,119.5,150,,,,,,,,,,,,,,,,,,
2026-07-03T21:00:24.084541+00:00,2026-07-03T21:00:24.084677,2,2,119.3,0.4,119.1,100,119.0,100,,,,,,,,,,,,,,,,,119.5,150,119.6,100,,,,,,,,,,,,,,,,
2026-07-03T21:00:25.315626+00:00,2026-07-03T21:00:25.315532,2,2,119.3,0.4,119.1,50,119.0,100,,,,,,,,,,,,,,,,,119.5,150,119.6,100,,,,,,,,,,,,,,,,
2026-07-03T21:00:25.586509+00:00,2026-07-03T21:00:25.586427,1,1,119.35,0.5,119.1,50,,,,,,,,,,,,,,,,,,,119.6,100,,,,,,,,,,,,,,,,,,
2026-07-03T21:00:25.639293+00:00,2026-07-03T21:00:25.639183,2,1,119.35,0.5,119.1,50,118.5,150,,,,,,,,,,,,,,,,,119.6,100,,,,,,,,,,,,,,,,,,
2026-07-03T21:00:25.706728+00:00,2026-07-03T21:00:25.700566,1,2,118.75,0.5,118.5,150,,,,,,,,,,,,,,,,,,,119.0,66,119.6,100,,,,,,,,,,,,,,,,
2026-07-03T21:00:25.871168+00:00,2026-07-03T21:00:25.865193,1,2,118.75,0.5,118.5,150,,,,,,,,,,,,,,,,,,,119.0,63,119.6,100,,,,,,,,,,,,,,,,
2026-07-03T21:00:27.140431+00:00,2026-07-03T21:00:27.140345,1,1,118.75,0.5,118.5,150,,,,,,,,,,,,,,,,,,,119.0,63,,,,,,,,,,,,,,,,,,
2026-07-03T21:00:27.192615+00:00,2026-07-03T21:00:27.192573,2,1,118.95,0.1,118.9,100,118.5,150,,,,,,,,,,,,,,,,,119.0,63,,,,,,,,,,,,,,,,,,
2026-07-03T21:00:27.244292+00:00,2026-07-03T21:00:27.244200,2,2,118.95,0.1,118.9,100,118.5,150,,,,,,,,,,,,,,,,,119.0,63,119.4,100,,,,,,,,,,,,,,,,
2026-07-03T21:00:27.421979+00:00,2026-07-03T21:00:27.421892,2,2,118.95,0.1,118.9,50,118.5,150,,,,,,,,,,,,,,,,,119.0,63,119.4,100,,,,,,,,,,,,,,,,
2026-07-03T21:00:28.749753+00:00,2026-07-03T21:00:28.749686,1,1,119.15,0.5,118.9,50,,,,,,,,,,,,,,,,,,,119.4,100,,,,,,,,,,,,,,,,,,
2026-07-03T21:00:28.803361+00:00,2026-07-03T21:00:28.803220,2,1,119.3,0.2,119.2,150,118.9,50,,,,,,,,,,,,,,,,,119.4,100,,,,,,,,,,,,,,,,,,
2026-07-03T21:00:28.874972+00:00,2026-07-03T21:00:28.874883,2,2,119.3,0.2,119.2,150,118.9,50,,,,,,,,,,,,,,,,,119.4,100,119.7,150,,,,,,,,,,,,,,,,
2026-07-03T21:00:29.534570+00:00,2026-07-03T21:00:29.534429,2,2,119.3,0.2,119.2,100,118.9,50,,,,,,,,,,,,,,,,,119.4,100,119.7,150,,,,,,,,,,,,,,,,
2026-07-03T21:00:30.295321+00:00,2026-07-03T21:00:30.295268,1,1,119.45,0.5,119.2,100,,,,,,,,,,,,,,,,,,,119.7,150,,,,,,,,,,,,,,,,,,
2026-07-03T21:00:30.358720+00:00,2026-07-03T21:00:30.358633,2,1,119.45,0.5,119.2,100,118.7,100,,,,,,,,,,,,,,,,,119.7,150,,,,,,,,,,,,,,,,,,
2026-07-03T21:00:30.403949+00:00,2026-07-03T21:00:30.403855,1,1,119.2,1.0,118.7,100,,,,,,,,,,,,,,,,,,,119.7,150,,,,,,,,,,,,,,,,,,
2026-07-03T21:00:31.148480+00:00,2026-07-03T21:00:31.148360,1,1,119.2,1.0,118.7,100,,,,,,,,,,,,,,,,,,,119.7,107,,,,,,,,,,,,,,,,,,
2026-07-03T21:00:31.642557+00:00,2026-07-03T21:00:31.642486,1,1,119.2,1.0,118.7,50,,,,,,,,,,,,,,,,,,,119.7,107,,,,,,,,,,,,,,,,,,
2026-07-03T21:00:31.926336+00:00,2026-07-03T21:00:31.926210,1,0,,,118.7,50,,,,,,,,,,,,,,,,,,,,,,,,,,,,,,,,,,,,,,
2026-07-03T21:00:31.977985+00:00,2026-07-03T21:00:31.977944,1,0,,,118.7,200,,,,,,,,,,,,,,,,,,,,,,,,,,,,,,,,,,,,,,
2026-07-03T21:00:32.032227+00:00,2026-07-03T21:00:32.032078,1,1,118.95,0.5,118.7,200,,,,,,,,,,,,,,,,,,,119.2,150,,,,,,,,,,,,,,,,,,
2026-07-03T21:00:32.102501+00:00,2026-07-03T21:00:32.102361,1,1,118.95,0.5,118.7,200,,,,,,,,,,,,,,,,,,,119.2,105,,,,,,,,,,,,,,,,,,
2026-07-03T21:00:33.458812+00:00,2026-07-03T21:00:33.458689,1,1,118.95,0.5,118.7,150,,,,,,,,,,,,,,,,,,,119.2,105,,,,,,,,,,,,,,,,,,
2026-07-03T21:00:33.512550+00:00,2026-07-03T21:00:33.512428,2,1,119.05,0.3,118.9,100,118.7,150,,,,,,,,,,,,,,,,,119.2,105,,,,,,,,,,,,,,,,,,
2026-07-03T21:00:33.561768+00:00,2026-07-03T21:00:33.561891,2,2,119.05,0.3,118.9,100,118.7,150,,,,,,,,,,,,,,,,,119.2,105,119.4,100,,,,,,,,,,,,,,,,
2026-07-03T21:00:35.089818+00:00,2026-07-03T21:00:35.089776,1,1,119.15,0.5,118.9,100,,,,,,,,,,,,,,,,,,,119.4,100,,,,,,,,,,,,,,,,,,
2026-07-03T21:00:35.143025+00:00,2026-07-03T21:00:35.142855,1,1,119.15,0.5,118.9,250,,,,,,,,,,,,,,,,,,,119.4,100,,,,,,,,,,,,,,,,,,
2026-07-03T21:00:35.192829+00:00,2026-07-03T21:00:35.192710,1,1,119.15,0.5,118.9,250,,,,,,,,,,,,,,,,,,,119.4,250,,,,,,,,,,,,,,,,,,
2026-07-03T21:00:35.869455+00:00,2026-07-03T21:00:35.869390,1,1,119.15,0.5,118.9,200,,,,,,,,,,,,,,,,,,,119.4,250,,,,,,,,,,,,,,,,,,
2026-07-03T21:00:36.621147+00:00,2026-07-03T21:00:36.621070,1,1,119.15,0.5,118.9,150,,,,,,,,,,,,,,,,,,,119.4,150,,,,,,,,,,,,,,,,,,
2026-07-03T21:00:36.674869+00:00,2026-07-03T21:00:36.674818,2,1,119.15,0.5,118.9,150,118.8,100,,,,,,,,,,,,,,,,,119.4,150,,,,,,,,,,,,,,,,,,
2026-07-03T21:00:36.746369+00:00,2026-07-03T21:00:36.746158,2,2,119.1,0.4,118.9,150,118.8,100,,,,,,,,,,,,,,,,,119.3,100,119.4,150,,,,,,,,,,,,,,,,
2026-07-03T21:00:37.583133+00:00,2026-07-03T21:00:37.583086,2,2,119.1,0.4,118.9,150,118.8,100,,,,,,,,,,,,,,,,,119.3,53,119.4,150,,,,,,,,,,,,,,,,
2026-07-03T21:00:37.924432+00:00,2026-07-03T21:00:37.924361,2,2,119.1,0.4,118.9,150,118.8,100,,,,,,,,,,,,,,,,,119.3,3,119.4,150,,,,,,,,,,,,,,,,
2026-07-03T21:00:38.258591+00:00,2026-07-03T21:00:38.251912,1,1,119.05,0.5,118.8,100,,,,,,,,,,,,,,,,,,,119.3,3,,,,,,,,,,,,,,,,,,
2026-07-03T21:00:38.306773+00:00,2026-07-03T21:00:38.306569,2,1,119.15,0.3,119.0,150,118.8,100,,,,,,,,,,,,,,,,,119.3,3,,,,,,,,,,,,,,,,,,
2026-07-03T21:00:38.359793+00:00,2026-07-03T21:00:38.359717,2,2,119.15,0.3,119.0,150,118.8,100,,,,,,,,,,,,,,,,,119.3,3,119.5,150,,,,,,,,,,,,,,,,
2026-07-03T21:00:39.129093+00:00,2026-07-03T21:00:39.129002,2,2,119.15,0.3,119.0,108,118.8,100,,,,,,,,,,,,,,,,,119.3,3,119.5,150,,,,,,,,,,,,,,,,
2026-07-03T21:00:39.677037+00:00,2026-07-03T21:00:39.677202,2,1,119.25,0.5,119.0,108,118.8,100,,,,,,,,,,,,,,,,,119.5,105,,,,,,,,,,,,,,,,,,
2026-07-03T21:00:39.732489+00:00,2026-07-03T21:00:39.732442,2,1,119.25,0.5,119.0,67,118.8,100,,,,,,,,,,,,,,,,,119.5,105,,,,,,,,,,,,,,,,,,
2026-07-03T21:00:39.799821+00:00,2026-07-03T21:00:39.799916,1,1,119.25,0.5,119.0,67,,,,,,,,,,,,,,,,,,,119.5,105,,,,,,,,,,,,,,,,,,
2026-07-03T21:00:39.853351+00:00,2026-07-03T21:00:39.853267,1,1,119.25,0.5,119.0,167,,,,,,,,,,,,,,,,,,,119.5,105,,,,,,,,,,,,,,,,,,
2026-07-03T21:00:39.906054+00:00,2026-07-03T21:00:39.905963,1,1,119.25,0.5,119.0,167,,,,,,,,,,,,,,,,,,,119.5,205,,,,,,,,,,,,,,,,,,
2026-07-03T21:00:40.080056+00:00,2026-07-03T21:00:40.080279,1,1,119.25,0.5,119.0,117,,,,,,,,,,,,,,,,,,,119.5,205,,,,,,,,,,,,,,,,,,
2026-07-03T21:00:41.413525+00:00,2026-07-03T21:00:41.413409,1,1,119.25,0.5,119.0,100,,,,,,,,,,,,,,,,,,,119.5,100,,,,,,,,,,,,,,,,,,
2026-07-03T21:00:41.468196+00:00,2026-07-03T21:00:41.468061,2,1,119.25,0.5,119.0,100,118.6,150,,,,,,,,,,,,,,,,,119.5,100,,,,,,,,,,,,,,,,,,
2026-07-03T21:00:41.521381+00:00,2026-07-03T21:00:41.521129,2,2,119.05,0.1,119.0,100,118.6,150,,,,,,,,,,,,,,,,,119.1,150,119.5,100,,,,,,,,,,,,,,,,
2026-07-03T21:00:42.205973+00:00,2026-07-03T21:00:42.205856,2,2,119.05,0.1,119.0,50,118.6,150,,,,,,,,,,,,,,,,,119.1,150,119.5,100,,,,,,,,,,,,,,,,
2026-07-03T21:00:42.387836+00:00,2026-07-03T21:00:42.387800,2,2,119.05,0.1,119.0,50,118.6,150,,,,,,,,,,,,,,,,,119.1,102,119.5,100,,,,,,,,,,,,,,,,
2026-07-03T21:00:42.640758+00:00,2026-07-03T21:00:42.635673,2,2,119.05,0.1,119.0,50,118.6,150,,,,,,,,,,,,,,,,,119.1,99,119.5,100,,,,,,,,,,,,,,,,
2026-07-03T21:00:42.958668+00:00,2026-07-03T21:00:42.955164,1,1,118.85,0.5,118.6,150,,,,,,,,,,,,,,,,,,,119.1,99,,,,,,,,,,,,,,,,,,
2026-07-03T21:00:43.015391+00:00,2026-07-03T21:00:43.015333,2,0,,,119.1,1,118.6,150,,,,,,,,,,,,,,,,,,,,,,,,,,,,,,,,,,,,
2026-07-03T21:00:43.070856+00:00,2026-07-03T21:00:43.070776,2,1,119.35,0.5,119.1,1,118.6,150,,,,,,,,,,,,,,,,,119.6,100,,,,,,,,,,,,,,,,,,
2026-07-03T21:00:44.307262+00:00,2026-07-03T21:00:44.307424,1,1,119.1,1.0,118.6,101,,,,,,,,,,,,,,,,,,,119.6,100,,,,,,,,,,,,,,,,,,
2026-07-03T21:00:44.574867+00:00,2026-07-03T21:00:44.574769,0,1,,,,,,,,,,,,,,,,,,,,,,,119.6,100,,,,,,,,,,,,,,,,,,
2026-07-03T21:00:44.625872+00:00,2026-07-03T21:00:44.625798,1,1,119.35,0.5,119.1,150,,,,,,,,,,,,,,,,,,,119.6,100,,,,,,,,,,,,,,,,,,
2026-07-03T21:00:44.681466+00:00,2026-07-03T21:00:44.681345,1,1,119.35,0.5,119.1,150,,,,,,,,,,,,,,,,,,,119.6,250,,,,,,,,,,,,,,,,,,
2026-07-03T21:00:46.124487+00:00,2026-07-03T21:00:46.124314,1,1,119.35,0.5,119.1,150,,,,,,,,,,,,,,,,,,,119.6,150,,,,,,,,,,,,,,,,,,
2026-07-03T21:00:46.173134+00:00,2026-07-03T21:00:46.173035,2,1,119.35,0.5,119.1,150,118.7,100,,,,,,,,,,,,,,,,,119.6,150,,,,,,,,,,,,,,,,,,
2026-07-03T21:00:46.232048+00:00,2026-07-03T21:00:46.231902,2,2,119.15,0.1,119.1,150,118.7,100,,,,,,,,,,,,,,,,,119.2,100,119.6,150,,,,,,,,,,,,,,,,
2026-07-03T21:00:46.448494+00:00,2026-07-03T21:00:46.458629,2,2,119.15,0.1,119.1,100,118.7,100,,,,,,,,,,,,,,,,,119.2,100,119.6,150,,,,,,,,,,,,,,,,
2026-07-03T21:00:46.464233+00:00,2026-07-03T21:00:46.463853,2,2,119.15,0.1,119.1,100,118.7,100,,,,,,,,,,,,,,,,,119.2,59,119.6,150,,,,,,,,,,,,,,,,
2026-07-03T21:00:47.739335+00:00,2026-07-03T21:00:47.739278,1,1,118.95,0.5,118.7,100,,,,,,,,,,,,,,,,,,,119.2,59,,,,,,,,,,,,,,,,,,
2026-07-03T21:00:47.789642+00:00,2026-07-03T21:00:47.789467,2,1,119.1,0.2,119.0,150,118.7,100,,,,,,,,,,,,,,,,,119.2,59,,,,,,,,,,,,,,,,,,
2026-07-03T21:00:47.841094+00:00,2026-07-03T21:00:47.840960,2,2,119.1,0.2,119.0,150,118.7,100,,,,,,,,,,,,,,,,,119.2,59,119.5,150,,,,,,,,,,,,,,,,
2026-07-03T21:00:48.558606+00:00,2026-07-03T21:00:48.553161,2,2,119.1,0.2,119.0,100,118.7,100,,,,,,,,,,,,,,,,,119.2,59,119.5,150,,,,,,,,,,,,,,,,
2026-07-03T21:00:49.289335+00:00,2026-07-03T21:00:49.289236,1,1,119.25,0.5,119.0,100,,,,,,,,,,,,,,,,,,,119.5,150,,,,,,,,,,,,,,,,,,
2026-07-03T21:00:49.344265+00:00,2026-07-03T21:00:49.344125,2,1,119.25,0.5,119.0,100,118.7,100,,,,,,,,,,,,,,,,,119.5,150,,,,,,,,,,,,,,,,,,
2026-07-03T21:00:49.398480+00:00,2026-07-03T21:00:49.398358,2,2,119.1,0.2,119.0,100,118.7,100,,,,,,,,,,,,,,,,,119.2,100,119.5,150,,,,,,,,,,,,,,,,
2026-07-03T21:00:50.679611+00:00,2026-07-03T21:00:50.679546,2,2,119.1,0.2,119.0,50,118.7,100,,,,,,,,,,,,,,,,,119.2,100,119.5,150,,,,,,,,,,,,,,,,
2026-07-03T21:00:50.897742+00:00,2026-07-03T21:00:50.897708,1,1,118.95,0.5,118.7,100,,,,,,,,,,,,,,,,,,,119.2,100,,,,,,,,,,,,,,,,,,
2026-07-03T21:00:50.958640+00:00,2026-07-03T21:00:50.952570,2,1,118.95,0.5,118.7,100,118.5,150,,,,,,,,,,,,,,,,,119.2,100,,,,,,,,,,,,,,,,,,
2026-07-03T21:00:51.004318+00:00,2026-07-03T21:00:51.004250,2,2,118.85,0.3,118.7,100,118.5,150,,,,,,,,,,,,,,,,,119.0,150,119.2,100,,,,,,,,,,,,,,,,
2026-07-03T21:00:52.458579+00:00,2026-07-03T21:00:52.446480,1,1,118.75,0.5,118.5,150,,,,,,,,,,,,,,,,,,,119.0,150,,,,,,,,,,,,,,,,,,
2026-07-03T21:00:52.505092+00:00,2026-07-03T21:00:52.504934,2,1,118.8,0.4,118.6,100,118.5,150,,,,,,,,,,,,,,,,,119.0,150,,,,,,,,,,,,,,,,,,
2026-07-03T21:00:52.558399+00:00,2026-07-03T21:00:52.558495,2,2,118.8,0.4,118.6,100,118.5,150,,,,,,,,,,,,,,,,,119.0,150,119.1,100,,,,,,,,,,,,,,,,
2026-07-03T21:00:54.058647+00:00,2026-07-03T21:00:54.054763,1,1,118.85,0.5,118.6,100,,,,,,,,,,,,,,,,,,,119.1,100,,,,,,,,,,,,,,,,,,
2026-07-03T21:00:54.116022+00:00,2026-07-03T21:00:54.115960,2,1,118.85,0.5,118.6,100,118.2,150,,,,,,,,,,,,,,,,,119.1,100,,,,,,,,,,,,,,,,,,
2026-07-03T21:00:54.178070+00:00,2026-07-03T21:00:54.172797,2,2,118.65,0.1,118.6,100,118.2,150,,,,,,,,,,,,,,,,,118.7,139,119.1,100,,,,,,,,,,,,,,,,
2026-07-03T21:00:54.356121+00:00,2026-07-03T21:00:54.350920,2,2,118.65,0.1,118.6,100,118.2,150,,,,,,,,,,,,,,,,,118.7,127,119.1,100,,,,,,,,,,,,,,,,
2026-07-03T21:00:54.841611+00:00,2026-07-03T21:00:54.841556,2,2,118.65,0.1,118.6,100,118.2,150,,,,,,,,,,,,,,,,,118.7,77,119.1,100,,,,,,,,,,,,,,,,
2026-07-03T21:00:55.209371+00:00,2026-07-03T21:00:55.209308,2,2,118.65,0.1,118.6,100,118.2,150,,,,,,,,,,,,,,,,,118.7,31,119.1,100,,,,,,,,,,,,,,,,
2026-07-03T21:00:55.613236+00:00,2026-07-03T21:00:55.613208,1,1,118.45,0.5,118.2,150,,,,,,,,,,,,,,,,,,,118.7,31,,,,,,,,,,,,,,,,,,
2026-07-03T21:00:55.668330+00:00,2026-07-03T21:00:55.668260,2,0,,,118.7,69,118.2,150,,,,,,,,,,,,,,,,,,,,,,,,,,,,,,,,,,,,
2026-07-03T21:00:55.723049+00:00,2026-07-03T21:00:55.723013,2,1,118.95,0.5,118.7,69,118.2,150,,,,,,,,,,,,,,,,,119.2,100,,,,,,,,,,,,,,,,,,
2026-07-03T21:00:56.400175+00:00,2026-07-03T21:00:56.400134,2,1,118.95,0.5,118.7,24,118.2,150,,,,,,,,,,,,,,,,,119.2,100,,,,,,,,,,,,,,,,,,
2026-07-03T21:00:56.996750+00:00,2026-07-03T21:00:56.996687,1,1,118.7,1.0,118.2,133,,,,,,,,,,,,,,,,,,,119.2,100,,,,,,,,,,,,,,,,,,
2026-07-03T21:00:57.223981+00:00,2026-07-03T21:00:57.224132,0,1,,,,,,,,,,,,,,,,,,,,,,,119.2,100,,,,,,,,,,,,,,,,,,
2026-07-03T21:00:57.295862+00:00,2026-07-03T21:00:57.291691,1,1,119.05,0.3,118.9,138,,,,,,,,,,,,,,,,,,,119.2,100,,,,,,,,,,,,,,,,,,
2026-07-03T21:00:57.327608+00:00,2026-07-03T21:00:57.327410,1,2,119.05,0.3,118.9,138,,,,,,,,,,,,,,,,,,,119.2,100,119.4,150,,,,,,,,,,,,,,,,
2026-07-03T21:00:58.778996+00:00,2026-07-03T21:00:58.778929,1,1,119.15,0.5,118.9,138,,,,,,,,,,,,,,,,,,,119.4,150,,,,,,,,,,,,,,,,,,
2026-07-03T21:00:58.831801+00:00,2026-07-03T21:00:58.831916,2,1,119.15,0.5,118.9,138,118.4,100,,,,,,,,,,,,,,,,,119.4,150,,,,,,,,,,,,,,,,,,
2026-07-03T21:00:58.885950+00:00,2026-07-03T21:00:58.885845,2,1,119.15,0.5,118.9,38,118.4,100,,,,,,,,,,,,,,,,,119.4,150,,,,,,,,,,,,,,,,,,
2026-07-03T21:00:59.106679+00:00,2026-07-03T21:00:59.106864,1,1,118.9,1.0,118.4,88,,,,,,,,,,,,,,,,,,,119.4,150,,,,,,,,,,,,,,,,,,
2026-07-03T21:01:00.382199+00:00,2026-07-03T21:01:00.382115,1,0,,,118.4,88,,,,,,,,,,,,,,,,,,,,,,,,,,,,,,,,,,,,,,
2026-07-03T21:01:00.437093+00:00,2026-07-03T21:01:00.437049,1,0,,,118.4,238,,,,,,,,,,,,,,,,,,,,,,,,,,,,,,,,,,,,,,
2026-07-03T21:01:00.490033+00:00,2026-07-03T21:01:00.489908,1,1,118.65,0.5,118.4,238,,,,,,,,,,,,,,,,,,,118.9,150,,,,,,,,,,,,,,,,,,
2026-07-03T21:01:01.015716+00:00,2026-07-03T21:01:01.010507,1,1,118.65,0.5,118.4,238,,,,,,,,,,,,,,,,,,,118.9,138,,,,,,,,,,,,,,,,,,
2026-07-03T21:01:01.215052+00:00,2026-07-03T21:01:01.214941,1,1,118.65,0.5,118.4,188,,,,,,,,,,,,,,,,,,,118.9,138,,,,,,,,,,,,,,,,,,
2026-07-03T21:01:01.343709+00:00,2026-07-03T21:01:01.343607,1,1,118.65,0.5,118.4,188,,,,,,,,,,,,,,,,,,,118.9,95,,,,,,,,,,,,,,,,,,
2026-07-03T21:01:01.941561+00:00,2026-07-03T21:01:01.941675,1,1,118.65,0.5,118.4,150,,,,,,,,,,,,,,,,,,,118.9,95,,,,,,,,,,,,,,,,,,
2026-07-03T21:01:01.994738+00:00,2026-07-03T21:01:01.994572,2,1,118.85,0.1,118.8,100,118.4,150,,,,,,,,,,,,,,,,,118.9,95,,,,,,,,,,,,,,,,,,
2026-07-03T21:01:02.047448+00:00,2026-07-03T21:01:02.047370,2,2,118.85,0.1,118.8,100,118.4,150,,,,,,,,,,,,,,,,,118.9,95,119.3,100,,,,,,,,,,,,,,,,
2026-07-03T21:01:02.858589+00:00,2026-07-03T21:01:02.853929,2,2,118.85,0.1,118.8,51,118.4,150,,,,,,,,,,,,,,,,,118.9,95,119.3,100,,,,,,,,,,,,,,,,
2026-07-03T21:01:03.321769+00:00,2026-07-03T21:01:03.321652,2,2,118.85,0.1,118.8,1,118.4,150,,,,,,,,,,,,,,,,,118.9,95,119.3,100,,,,,,,,,,,,,,,,
2026-07-03T21:01:03.543895+00:00,2026-07-03T21:01:03.543818,1,1,119.05,0.5,118.8,1,,,,,,,,,,,,,,,,,,,119.3,100,,,,,,,,,,,,,,,,,,
2026-07-03T21:01:03.598722+00:00,2026-07-03T21:01:03.598817,2,1,119.05,0.5,118.8,1,118.4,150,,,,,,,,,,,,,,,,,119.3,100,,,,,,,,,,,,,,,,,,
2026-07-03T21:01:03.651339+00:00,2026-07-03T21:01:03.651263,2,2,118.85,0.1,118.8,1,118.4,150,,,,,,,,,,,,,,,,,118.9,150,119.3,100,,,,,,,,,,,,,,,,
2026-07-03T21:01:04.905349+00:00,2026-07-03T21:01:04.905250,1,2,118.65,0.5,118.4,150,,,,,,,,,,,,,,,,,,,118.9,150,119.3,100,,,,,,,,,,,,,,,,
2026-07-03T21:01:05.101270+00:00,2026-07-03T21:01:05.101205,1,1,118.65,0.5,118.4,150,,,,,,,,,,,,,,,,,,,118.9,150,,,,,,,,,,,,,,,,,,
2026-07-03T21:01:05.158556+00:00,2026-07-03T21:01:05.153338,1,1,118.65,0.5,118.4,250,,,,,,,,,,,,,,,,,,,118.9,150,,,,,,,,,,,,,,,,,,
2026-07-03T21:01:05.201268+00:00,2026-07-03T21:01:05.201357,1,1,118.65,0.5,118.4,250,,,,,,,,,,,,,,,,,,,118.9,250,,,,,,,,,,,,,,,,,,
2026-07-03T21:01:05.428595+00:00,2026-07-03T21:01:05.428497,1,1,118.65,0.5,118.4,200,,,,,,,,,,,,,,,,,,,118.9,250,,,,,,,,,,,,,,,,,,
2026-07-03T21:01:06.705759+00:00,2026-07-03T21:01:06.705884,1,1,118.65,0.5,118.4,100,,,,,,,,,,,,,,,,,,,118.9,100,,,,,,,,,,,,,,,,,,
2026-07-03T21:01:06.758635+00:00,2026-07-03T21:01:06.755481,2,1,118.65,0.5,118.4,100,118.2,150,,,,,,,,,,,,,,,,,118.9,100,,,,,,,,,,,,,,,,,,
2026-07-03T21:01:06.814822+00:00,2026-07-03T21:01:06.814620,2,2,118.55,0.3,118.4,100,118.2,150,,,,,,,,,,,,,,,,,118.7,150,118.9,100,,,,,,,,,,,,,,,,
2026-07-03T21:01:07.535306+00:00,2026-07-03T21:01:07.535255,2,2,118.55,0.3,118.4,50,118.2,150,,,,,,,,,,,,,,,,,118.7,150,118.9,100,,,,,,,,,,,,,,,,
2026-07-03T21:01:08.264192+00:00,2026-07-03T21:01:08.264017,1,1,118.45,0.5,118.2,150,,,,,,,,,,,,,,,,,,,118.7,150,,,,,,,,,,,,,,,,,,
2026-07-03T21:01:08.313376+00:00,2026-07-03T21:01:08.313247,2,1,118.45,0.5,118.2,150,118.1,100,,,,,,,,,,,,,,,,,118.7,150,,,,,,,,,,,,,,,,,,
2026-07-03T21:01:08.366535+00:00,2026-07-03T21:01:08.366462,2,2,118.4,0.4,118.2,150,118.1,100,,,,,,,,,,,,,,,,,118.6,100,118.7,150,,,,,,,,,,,,,,,,
2026-07-03T21:01:08.878047+00:00,2026-07-03T21:01:08.872606,2,2,118.4,0.4,118.2,150,118.1,100,,,,,,,,,,,,,,,,,118.6,89,118.7,150,,,,,,,,,,,,,,,,
2026-07-03T21:01:09.549530+00:00,2026-07-03T21:01:09.549467,2,2,118.4,0.4,118.2,150,118.1,100,,,,,,,,,,,,,,,,,118.6,43,118.7,150,,,,,,,,,,,,,,,,
2026-07-03T21:01:09.868827+00:00,2026-07-03T21:01:09.868719,1,1,118.35,0.5,118.1,100,,,,,,,,,,,,,,,,,,,118.6,43,,,,,,,,,,,,,,,,,,
2026-07-03T21:01:09.923900+00:00,2026-07-03T21:01:09.923837,2,1,118.45,0.3,118.3,150,118.1,100,,,,,,,,,,,,,,,,,118.6,43,,,,,,,,,,,,,,,,,,
2026-07-03T21:01:09.977074+00:00,2026-07-03T21:01:09.976994,2,2,118.45,0.3,118.3,150,118.1,100,,,,,,,,,,,,,,,,,118.6,43,118.8,150,,,,,,,,,,,,,,,,
2026-07-03T21:01:11.013086+00:00,2026-07-03T21:01:11.013060,2,1,118.55,0.5,118.3,150,118.1,100,,,,,,,,,,,,,,,,,118.8,150,,,,,,,,,,,,,,,,,,
2026-07-03T21:01:11.420233+00:00,2026-07-03T21:01:11.420158,1,1,118.55,0.5,118.3,150,,,,,,,,,,,,,,,,,,,118.8,150,,,,,,,,,,,,,,,,,,
2026-07-03T21:01:11.474527+00:00,2026-07-03T21:01:11.474444,2,1,118.65,0.3,118.5,100,118.3,150,,,,,,,,,,,,,,,,,118.8,150,,,,,,,,,,,,,,,,,,
2026-07-03T21:01:11.528133+00:00,2026-07-03T21:01:11.528032,2,2,118.65,0.3,118.5,100,118.3,150,,,,,,,,,,,,,,,,,118.8,150,119.0,100,,,,,,,,,,,,,,,,
2026-07-03T21:01:11.758588+00:00,2026-07-03T21:01:11.756829,2,2,118.65,0.3,118.5,50,118.3,150,,,,,,,,,,,,,,,,,118.8,150,119.0,100,,,,,,,,,,,,,,,,
2026-07-03T21:01:13.064240+00:00,2026-07-03T21:01:13.064115,1,1,118.75,0.5,118.5,50,,,,,,,,,,,,,,,,,,,119.0,100,,,,,,,,,,,,,,,,,,
2026-07-03T21:01:13.115711+00:00,2026-07-03T21:01:13.115677,2,1,118.75,0.5,118.5,50,118.4,150,,,,,,,,,,,,,,,,,119.0,100,,,,,,,,,,,,,,,,,,
2026-07-03T21:01:13.158595+00:00,2026-07-03T21:01:13.158449,2,2,118.7,0.4,118.5,50,118.4,150,,,,,,,,,,,,,,,,,118.9,150,119.0,100,,,,,,,,,,,,,,,,
2026-07-03T21:01:13.865269+00:00,2026-07-03T21:01:13.865218,1,2,118.65,0.5,118.4,150,,,,,,,,,,,,,,,,,,,118.9,150,119.0,100,,,,,,,,,,,,,,,,
2026-07-03T21:01:14.582637+00:00,2026-07-03T21:01:14.582572,1,1,118.65,0.5,118.4,150,,,,,,,,,,,,,,,,,,,118.9,150,,,,,,,,,,,,,,,,,,
2026-07-03T21:01:14.635644+00:00,2026-07-03T21:01:14.635578,2,1,118.65,0.5,118.4,150,118.1,100,,,,,,,,,,,,,,,,,118.9,150,,,,,,,,,,,,,,,,,,
2026-07-03T21:01:14.688893+00:00,2026-07-03T21:01:14.688780,2,2,118.5,0.2,118.4,150,118.1,100,,,,,,,,,,,,,,,,,118.6,100,118.9,150,,,,,,,,,,,,,,,,
2026-07-03T21:01:15.972530+00:00,2026-07-03T21:01:15.972414,2,2,118.5,0.2,118.4,100,118.1,100,,,,,,,,,,,,,,,,,118.6,100,118.9,150,,,,,,,,,,,,,,,,
2026-07-03T21:01:16.211236+00:00,2026-07-03T21:01:16.211409,2,2,118.5,0.2,118.4,55,118.1,100,,,,,,,,,,,,,,,,,118.6,100,118.9,150,,,,,,,,,,,,,,,,
2026-07-03T21:01:16.221795+00:00,2026-07-03T21:01:16.221929,1,1,118.35,0.5,118.1,100,,,,,,,,,,,,,,,,,,,118.6,100,,,,,,,,,,,,,,,,,,
2026-07-03T21:01:16.274142+00:00,2026-07-03T21:01:16.274049,2,1,118.35,0.5,118.1,100,117.8,150,,,,,,,,,,,,,,,,,118.6,100,,,,,,,,,,,,,,,,,,
2026-07-03T21:01:16.326928+00:00,2026-07-03T21:01:16.326907,2,2,118.2,0.2,118.1,100,117.8,150,,,,,,,,,,,,,,,,,118.3,150,118.6,100,,,,,,,,,,,,,,,,
2026-07-03T21:01:16.336711+00:00,2026-07-03T21:01:16.331070,2,2,118.2,0.2,118.1,100,117.8,150,,,,,,,,,,,,,,,,,118.3,127,118.6,100,,,,,,,,,,,,,,,,
2026-07-03T21:01:16.841762+00:00,2026-07-03T21:01:16.841710,2,2,118.2,0.2,118.1,100,117.8,150,,,,,,,,,,,,,,,,,118.3,86,118.6,100,,,,,,,,,,,,,,,,
2026-07-03T21:01:17.742849+00:00,2026-07-03T21:01:17.742795,1,1,118.05,0.5,117.8,150,,,,,,,,,,,,,,,,,,,118.3,86,,,,,,,,,,,,,,,,,,
2026-07-03T21:01:17.769624+00:00,2026-07-03T21:01:17.769775,1,1,118.05,0.5,117.8,107,,,,,,,,,,,,,,,,,,,118.3,86,,,,,,,,,,,,,,,,,,
2026-07-03T21:01:17.796815+00:00,2026-07-03T21:01:17.796744,2,1,118.15,0.3,118.0,100,117.8,107,,,,,,,,,,,,,,,,,118.3,86,,,,,,,,,,,,,,,,,,
2026-07-03T21:01:17.850180+00:00,2026-07-03T21:01:17.850083,2,2,118.15,0.3,118.0,100,117.8,107,,,,,,,,,,,,,,,,,118.3,86,118.5,100,,,,,,,,,,,,,,,,
2026-07-03T21:01:19.386530+00:00,2026-07-03T21:01:19.386447,1,1,118.25,0.5,118.0,100,,,,,,,,,,,,,,,,,,,118.5,100,,,,,,,,,,,,,,,,,,
2026-07-03T21:01:19.440705+00:00,2026-07-03T21:01:19.440591,2,1,118.25,0.5,118.0,100,117.9,150,,,,,,,,,,,,,,,,,118.5,100,,,,,,,,,,,,,,,,,,
2026-07-03T21:01:19.495876+00:00,2026-07-03T21:01:19.495727,2,2,118.2,0.4,118.0,100,117.9,150,,,,,,,,,,,,,,,,,118.4,150,118.5,100,,,,,,,,,,,,,,,,
2026-07-03T21:01:19.815669+00:00,2026-07-03T21:01:19.815521,2,2,118.2,0.4,118.0,100,117.9,150,,,,,,,,,,,,,,,,,118.4,104,118.5,100,,,,,,,,,,,,,,,,
2026-07-03T21:01:20.133055+00:00,2026-07-03T21:01:20.132973,2,2,118.2,0.4,118.0,100,117.9,150,,,,,,,,,,,,,,,,,118.4,54,118.5,100,,,,,,,,,,,,,,,,
2026-07-03T21:01:20.905499+00:00,2026-07-03T21:01:20.905435,1,1,118.15,0.5,117.9,150,,,,,,,,,,,,,,,,,,,118.4,54,,,,,,,,,,,,,,,,,,
2026-07-03T21:01:20.958598+00:00,2026-07-03T21:01:20.956420,2,1,118.25,0.3,118.1,100,117.9,150,,,,,,,,,,,,,,,,,118.4,54,,,,,,,,,,,,,,,,,,
2026-07-03T21:01:21.019406+00:00,2026-07-03T21:01:21.019244,2,2,118.25,0.3,118.1,100,117.9,150,,,,,,,,,,,,,,,,,118.4,54,118.6,100,,,,,,,,,,,,,,,,
2026-07-03T21:01:21.798113+00:00,2026-07-03T21:01:21.798055,2,2,118.25,0.3,118.1,53,117.9,150,,,,,,,,,,,,,,,,,118.4,54,118.6,100,,,,,,,,,,,,,,,,
2026-07-03T21:01:22.013382+00:00,2026-07-03T21:01:22.007985,2,2,118.25,0.3,118.1,53,117.9,150,,,,,,,,,,,,,,,,,118.4,43,118.6,100,,,,,,,,,,,,,,,,
2026-07-03T21:01:22.199516+00:00,2026-07-03T21:01:22.194096,2,2,118.25,0.3,118.1,53,117.9,150,,,,,,,,,,,,,,,,,118.4,31,118.6,100,,,,,,,,,,,,,,,,
2026-07-03T21:01:22.242605+00:00,2026-07-03T21:01:22.242569,2,1,118.35,0.5,118.1,53,117.9,150,,,,,,,,,,,,,,,,,118.6,81,,,,,,,,,,,,,,,,,,
2026-07-03T21:01:22.385780+00:00,2026-07-03T21:01:22.385742,2,1,118.35,0.5,118.1,53,117.9,150,,,,,,,,,,,,,,,,,118.6,41,,,,,,,,,,,,,,,,,,
2026-07-03T21:01:22.549355+00:00,2026-07-03T21:01:22.549234,1,1,118.35,0.5,118.1,53,,,,,,,,,,,,,,,,,,,118.6,41,,,,,,,,,,,,,,,,,,
2026-07-03T21:01:22.604202+00:00,2026-07-03T21:01:22.604088,2,0,,,118.8,109,118.1,53,,,,,,,,,,,,,,,,,,,,,,,,,,,,,,,,,,,,
2026-07-03T21:01:22.667181+00:00,2026-07-03T21:01:22.661899,2,1,119.05,0.5,118.8,75,118.1,53,,,,,,,,,,,,,,,,,119.3,150,,,,,,,,,,,,,,,,,,
2026-07-03T21:01:23.359945+00:00,2026-07-03T21:01:23.353431,2,1,119.05,0.5,118.8,63,118.1,53,,,,,,,,,,,,,,,,,119.3,150,,,,,,,,,,,,,,,,,,
2026-07-03T21:01:24.069406+00:00,2026-07-03T21:01:24.069313,1,1,119.05,0.5,118.8,63,,,,,,,,,,,,,,,,,,,119.3,150,,,,,,,,,,,,,,,,,,
2026-07-03T21:01:24.123438+00:00,2026-07-03T21:01:24.123345,2,1,119.05,0.5,118.8,63,118.3,100,,,,,,,,,,,,,,,,,119.3,150,,,,,,,,,,,,,,,,,,
2026-07-03T21:01:24.181432+00:00,2026-07-03T21:01:24.181535,1,2,118.55,0.5,118.3,100,,,,,,,,,,,,,,,,,,,118.8,37,119.3,150,,,,,,,,,,,,,,,,
2026-07-03T21:01:24.358681+00:00,2026-07-03T21:01:24.353299,1,1,118.8,1.0,118.3,100,,,,,,,,,,,,,,,,,,,119.3,137,,,,,,,,,,,,,,,,,,
2026-07-03T21:01:25.710895+00:00,2026-07-03T21:01:25.710818,1,0,,,118.3,100,,,,,,,,,,,,,,,,,,,,,,,,,,,,,,,,,,,,,,
2026-07-03T21:01:25.785932+00:00,2026-07-03T21:01:25.785854,2,0,,,118.3,100,118.2,150,,,,,,,,,,,,,,,,,,,,,,,,,,,,,,,,,,,,
2026-07-03T21:01:25.842343+00:00,2026-07-03T21:01:25.842282,2,1,118.5,0.4,118.3,100,118.2,150,,,,,,,,,,,,,,,,,118.7,150,,,,,,,,,,,,,,,,,,
2026-07-03T21:01:26.464034+00:00,2026-07-03T21:01:26.463918,2,1,118.5,0.4,118.3,100,118.2,150,,,,,,,,,,,,,,,,,118.7,100,,,,,,,,,,,,,,,,,,
2026-07-03T21:01:27.235682+00:00,2026-07-03T21:01:27.235644,1,1,118.45,0.5,118.2,150,,,,,,,,,,,,,,,,,,,118.7,100,,,,,,,,,,,,,,,,,,
2026-07-03T21:01:27.268733+00:00,2026-07-03T21:01:27.263278,1,1,118.45,0.5,118.2,150,,,,,,,,,,,,,,,,,,,118.7,77,,,,,,,,,,,,,,,,,,
2026-07-03T21:01:27.289534+00:00,2026-07-03T21:01:27.289385,2,0,,,118.7,23,118.2,150,,,,,,,,,,,,,,,,,,,,,,,,,,,,,,,,,,,,
2026-07-03T21:01:27.342315+00:00,2026-07-03T21:01:27.342207,2,1,118.95,0.5,118.7,23,118.2,150,,,,,,,,,,,,,,,,,119.2,100,,,,,,,,,,,,,,,,,,
2026-07-03T21:01:28.580380+00:00,2026-07-03T21:01:28.575011,2,1,118.95,0.5,118.7,12,118.2,150,,,,,,,,,,,,,,,,,119.2,50,,,,,,,,,,,,,,,,,,
2026-07-03T21:01:28.896506+00:00,2026-07-03T21:01:28.896430,1,1,118.95,0.5,118.7,12,,,,,,,,,,,,,,,,,,,119.2,50,,,,,,,,,,,,,,,,,,
2026-07-03T21:01:28.949572+00:00,2026-07-03T21:01:28.949660,1,1,118.95,0.5,118.7,162,,,,,,,,,,,,,,,,,,,119.2,50,,,,,,,,,,,,,,,,,,
2026-07-03T21:01:29.005271+00:00,2026-07-03T21:01:29.005208,1,1,118.95,0.5,118.7,162,,,,,,,,,,,,,,,,,,,119.2,200,,,,,,,,,,,,,,,,,,
2026-07-03T21:01:29.575045+00:00,2026-07-03T21:01:29.574969,1,1,118.95,0.5,118.7,114,,,,,,,,,,,,,,,,,,,119.2,200,,,,,,,,,,,,,,,,,,
2026-07-03T21:01:30.396347+00:00,2026-07-03T21:01:30.396468,1,1,118.95,0.5,118.7,114,,,,,,,,,,,,,,,,,,,119.2,150,,,,,,,,,,,,,,,,,,
2026-07-03T21:01:30.449970+00:00,2026-07-03T21:01:30.449807,2,1,118.95,0.5,118.7,114,118.5,100,,,,,,,,,,,,,,,,,119.2,150,,,,,,,,,,,,,,,,,,
2026-07-03T21:01:30.503113+00:00,2026-07-03T21:01:30.503017,2,2,118.85,0.3,118.7,114,118.5,100,,,,,,,,,,,,,,,,,119.0,100,119.2,150,,,,,,,,,,,,,,,,
2026-07-03T21:01:30.678530+00:00,2026-07-03T21:01:30.678382,2,2,118.85,0.3,118.7,114,118.5,100,,,,,,,,,,,,,,,,,119.0,50,119.2,150,,,,,,,,,,,,,,,,
2026-07-03T21:01:31.674702+00:00,2026-07-03T21:01:31.674647,2,2,118.85,0.3,118.7,114,118.5,100,,,,,,,,,,,,,,,,,119.0,1,119.2,150,,,,,,,,,,,,,,,,
2026-07-03T21:01:32.058669+00:00,2026-07-03T21:01:32.054681,1,1,118.75,0.5,118.5,100,,,,,,,,,,,,,,,,,,,119.0,1,,,,,,,,,,,,,,,,,,
2026-07-03T21:01:32.109318+00:00,2026-07-03T21:01:32.109187,2,1,118.8,0.4,118.6,150,118.5,100,,,,,,,,,,,,,,,,,119.0,1,,,,,,,,,,,,,,,,,,
2026-07-03T21:01:32.158583+00:00,2026-07-03T21:01:32.156266,2,2,118.8,0.4,118.6,150,118.5,100,,,,,,,,,,,,,,,,,119.0,1,119.1,150,,,,,,,,,,,,,,,,
2026-07-03T21:01:32.690570+00:00,2026-07-03T21:01:32.690508,2,2,118.8,0.4,118.6,109,118.5,100,,,,,,,,,,,,,,,,,119.0,1,119.1,150,,,,,,,,,,,,,,,,
2026-07-03T21:01:32.787415+00:00,2026-07-03T21:01:32.787366,2,1,118.85,0.5,118.6,109,118.5,100,,,,,,,,,,,,,,,,,119.1,101,,,,,,,,,,,,,,,,,,
2026-07-03T21:01:33.558630+00:00,2026-07-03T21:01:33.557845,1,1,118.85,0.5,118.6,109,,,,,,,,,,,,,,,,,,,119.1,101,,,,,,,,,,,,,,,,,,
2026-07-03T21:01:33.611034+00:00,2026-07-03T21:01:33.610928,2,1,118.95,0.3,118.8,100,118.6,109,,,,,,,,,,,,,,,,,119.1,101,,,,,,,,,,,,,,,,,,
2026-07-03T21:01:33.664274+00:00,2026-07-03T21:01:33.664075,2,2,118.95,0.3,118.8,100,118.6,109,,,,,,,,,,,,,,,,,119.1,101,119.3,100,,,,,,,,,,,,,,,,
2026-07-03T21:01:33.823167+00:00,2026-07-03T21:01:33.816572,2,2,118.95,0.3,118.8,77,118.6,109,,,,,,,,,,,,,,,,,119.1,101,119.3,100,,,,,,,,,,,,,,,,
2026-07-03T21:01:34.374741+00:00,2026-07-03T21:01:34.374620,2,2,118.95,0.3,118.8,35,118.6,109,,,,,,,,,,,,,,,,,119.1,101,119.3,100,,,,,,,,,,,,,,,,
2026-07-03T21:01:34.894410+00:00,2026-07-03T21:01:34.894345,2,2,118.95,0.3,118.8,35,118.6,109,,,,,,,,,,,,,,,,,119.1,51,119.3,100,,,,,,,,,,,,,,,,
2026-07-03T21:01:35.137887+00:00,2026-07-03T21:01:35.132415,2,2,118.95,0.3,118.8,12,118.6,109,,,,,,,,,,,,,,,,,119.1,51,119.3,100,,,,,,,,,,,,,,,,
2026-07-03T21:01:35.215022+00:00,2026-07-03T21:01:35.214954,1,1,119.05,0.5,118.8,12,,,,,,,,,,,,,,,,,,,119.3,100,,,,,,,,,,,,,,,,,,
2026-07-03T21:01:35.269500+00:00,2026-07-03T21:01:35.269406,2,1,119.05,0.5,118.8,12,118.5,150,,,,,,,,,,,,,,,,,119.3,100,,,,,,,,,,,,,,,,,,
2026-07-03T21:01:35.318159+00:00,2026-07-03T21:01:35.318335,2,2,118.9,0.2,118.8,12,118.5,150,,,,,,,,,,,,,,,,,119.0,150,119.3,100,,,,,,,,,,,,,,,,
2026-07-03T21:01:35.358727+00:00,2026-07-03T21:01:35.358650,1,2,118.75,0.5,118.5,121,,,,,,,,,,,,,,,,,,,119.0,150,119.3,100,,,,,,,,,,,,,,,,
2026-07-03T21:01:36.718485+00:00,2026-07-03T21:01:36.718410,1,1,118.75,0.5,118.5,121,,,,,,,,,,,,,,,,,,,119.0,150,,,,,,,,,,,,,,,,,,
2026-07-03T21:01:36.774835+00:00,2026-07-03T21:01:36.774757,2,1,118.75,0.5,118.5,121,118.4,100,,,,,,,,,,,,,,,,,119.0,150,,,,,,,,,,,,,,,,,,
2026-07-03T21:01:36.828016+00:00,2026-07-03T21:01:36.827899,2,2,118.7,0.4,118.5,121,118.4,100,,,,,,,,,,,,,,,,,118.9,100,119.0,150,,,,,,,,,,,,,,,,
2026-07-03T21:01:37.000354+00:00,2026-07-03T21:01:37.000161,2,2,118.7,0.4,118.5,121,118.4,100,,,,,,,,,,,,,,,,,118.9,50,119.0,150,,,,,,,,,,,,,,,,
2026-07-03T21:01:37.759021+00:00,2026-07-03T21:01:37.750904,2,2,118.7,0.4,118.5,121,118.4,100,,,,,,,,,,,,,,,,,118.9,39,119.0,150,,,,,,,,,,,,,,,,
2026-07-03T21:01:38.376903+00:00,2026-07-03T21:01:38.376863,1,1,118.65,0.5,118.4,100,,,,,,,,,,,,,,,,,,,118.9,39,,,,,,,,,,,,,,,,,,
2026-07-03T21:01:38.427217+00:00,2026-07-03T21:01:38.427138,2,1,118.85,0.1,118.8,150,118.4,100,,,,,,,,,,,,,,,,,118.9,39,,,,,,,,,,,,,,,,,,
2026-07-03T21:01:38.503215+00:00,2026-07-03T21:01:38.503087,2,2,118.85,0.1,118.8,150,118.4,100,,,,,,,,,,,,,,,,,118.9,39,119.2,150,,,,,,,,,,,,,,,,
2026-07-03T21:01:39.106227+00:00,2026-07-03T21:01:39.106151,2,1,119.0,0.4,118.8,150,118.4,100,,,,,,,,,,,,,,,,,119.2,139,,,,,,,,,,,,,,,,,,
2026-07-03T21:01:39.883753+00:00,2026-07-03T21:01:39.883685,1,1,119.0,0.4,118.8,150,,,,,,,,,,,,,,,,,,,119.2,139,,,,,,,,,,,,,,,,,,
2026-07-03T21:01:39.936641+00:00,2026-07-03T21:01:39.936539,2,1,119.1,0.2,119.0,100,118.8,150,,,,,,,,,,,,,,,,,119.2,139,,,,,,,,,,,,,,,,,,
2026-07-03T21:01:39.989755+00:00,2026-07-03T21:01:39.989886,2,2,119.1,0.2,119.0,100,118.8,150,,,,,,,,,,,,,,,,,119.2,139,119.5,100,,,,,,,,,,,,,,,,
2026-07-03T21:01:41.214406+00:00,2026-07-03T21:01:41.214322,2,2,119.1,0.2,119.0,100,118.8,150,,,,,,,,,,,,,,,,,119.2,89,119.5,100,,,,,,,,,,,,,,,,
2026-07-03T21:01:41.527181+00:00,2026-07-03T21:01:41.527110,2,2,119.1,0.2,119.0,100,118.8,150,,,,,,,,,,,,,,,,,119.2,46,119.5,100,,,,,,,,,,,,,,,,
2026-07-03T21:01:41.560954+00:00,2026-07-03T21:01:41.560801,1,1,119.25,0.5,119.0,100,,,,,,,,,,,,,,,,,,,119.5,100,,,,,,,,,,,,,,,,,,
2026-07-03T21:01:41.624870+00:00,2026-07-03T21:01:41.616770,2,1,119.35,0.3,119.2,139,119.0,100,,,,,,,,,,,,,,,,,119.5,100,,,,,,,,,,,,,,,,,,
2026-07-03T21:01:41.668131+00:00,2026-07-03T21:01:41.668041,2,2,119.35,0.3,119.2,139,119.0,100,,,,,,,,,,,,,,,,,119.5,100,119.7,150,,,,,,,,,,,,,,,,
2026-07-03T21:01:42.673702+00:00,2026-07-03T21:01:42.673639,2,2,119.35,0.3,119.2,95,119.0,100,,,,,,,,,,,,,,,,,119.5,100,119.7,150,,,,,,,,,,,,,,,,
2026-07-03T21:01:43.044403+00:00,2026-07-03T21:01:43.044301,1,1,119.45,0.5,119.2,95,,,,,,,,,,,,,,,,,,,119.7,150,,,,,,,,,,,,,,,,,,
2026-07-03T21:01:43.098056+00:00,2026-07-03T21:01:43.097955,2,1,119.45,0.5,119.2,95,118.8,100,,,,,,,,,,,,,,,,,119.7,150,,,,,,,,,,,,,,,,,,
2026-07-03T21:01:43.163831+00:00,2026-07-03T21:01:43.163753,2,2,119.25,0.1,119.2,95,118.8,100,,,,,,,,,,,,,,,,,119.3,100,119.7,150,,,,,,,,,,,,,,,,
2026-07-03T21:01:43.327749+00:00,2026-07-03T21:01:43.327686,2,2,119.25,0.1,119.2,49,118.8,100,,,,,,,,,,,,,,,,,119.3,100,119.7,150,,,,,,,,,,,,,,,,
2026-07-03T21:01:43.332754+00:00,2026-07-03T21:01:43.332935,2,2,119.25,0.1,119.2,49,118.8,100,,,,,,,,,,,,,,,,,119.3,50,119.7,150,,,,,,,,,,,,,,,,
2026-07-03T21:01:44.725046+00:00,2026-07-03T21:01:44.725219,1,1,119.05,0.5,118.8,100,,,,,,,,,,,,,,,,,,,119.3,50,,,,,,,,,,,,,,,,,,
2026-07-03T21:01:44.776065+00:00,2026-07-03T21:01:44.776032,1,1,119.05,0.5,118.8,250,,,,,,,,,,,,,,,,,,,119.3,50,,,,,,,,,,,,,,,,,,
2026-07-03T21:01:44.832034+00:00,2026-07-03T21:01:44.831948,1,1,119.05,0.5,118.8,250,,,,,,,,,,,,,,,,,,,119.3,200,,,,,,,,,,,,,,,,,,
2026-07-03T21:01:45.393122+00:00,2026-07-03T21:01:45.393086,1,1,119.05,0.5,118.8,250,,,,,,,,,,,,,,,,,,,119.3,156,,,,,,,,,,,,,,,,,,
2026-07-03T21:01:45.435429+00:00,2026-07-03T21:01:45.435322,1,1,119.05,0.5,118.8,250,,,,,,,,,,,,,,,,,,,119.3,106,,,,,,,,,,,,,,,,,,
2026-07-03T21:01:46.220694+00:00,2026-07-03T21:01:46.220558,1,1,119.05,0.5,118.8,150,,,,,,,,,,,,,,,,,,,119.3,106,,,,,,,,,,,,,,,,,,
2026-07-03T21:01:46.272849+00:00,2026-07-03T21:01:46.272765,2,1,119.25,0.1,119.2,100,118.8,150,,,,,,,,,,,,,,,,,119.3,106,,,,,,,,,,,,,,,,,,
2026-07-03T21:01:46.328865+00:00,2026-07-03T21:01:46.328787,2,2,119.25,0.1,119.2,100,118.8,150,,,,,,,,,,,,,,,,,119.3,106,119.7,100,,,,,,,,,,,,,,,,
2026-07-03T21:01:46.949639+00:00,2026-07-03T21:01:46.938545,2,2,119.25,0.1,119.2,97,118.8,150,,,,,,,,,,,,,,,,,119.3,106,119.7,100,,,,,,,,,,,,,,,,
2026-07-03T21:01:47.430610+00:00,2026-07-03T21:01:47.430742,2,2,119.25,0.1,119.2,57,118.8,150,,,,,,,,,,,,,,,,,119.3,106,119.7,100,,,,,,,,,,,,,,,,
2026-07-03T21:01:47.888218+00:00,2026-07-03T21:01:47.888150,1,1,119.45,0.5,119.2,57,,,,,,,,,,,,,,,,,,,119.7,100,,,,,,,,,,,,,,,,,,
2026-07-03T21:01:47.940782+00:00,2026-07-03T21:01:47.940958,2,1,119.45,0.5,119.2,57,118.9,150,,,,,,,,,,,,,,,,,119.7,100,,,,,,,,,,,,,,,,,,
2026-07-03T21:01:48.001607+00:00,2026-07-03T21:01:48.001578,2,2,119.3,0.2,119.2,57,118.9,150,,,,,,,,,,,,,,,,,119.4,150,119.7,100,,,,,,,,,,,,,,,,
2026-07-03T21:01:49.396434+00:00,2026-07-03T21:01:49.396326,1,1,119.15,0.5,118.9,150,,,,,,,,,,,,,,,,,,,119.4,150,,,,,,,,,,,,,,,,,,
2026-07-03T21:01:49.446633+00:00,2026-07-03T21:01:49.446524,2,1,119.2,0.4,119.0,100,118.9,150,,,,,,,,,,,,,,,,,119.4,150,,,,,,,,,,,,,,,,,,
2026-07-03T21:01:49.499649+00:00,2026-07-03T21:01:49.499570,2,2,119.2,0.4,119.0,100,118.9,150,,,,,,,,,,,,,,,,,119.4,150,119.5,100,,,,,,,,,,,,,,,,
2026-07-03T21:01:50.358579+00:00,2026-07-03T21:01:50.355578,2,2,119.2,0.4,119.0,100,118.9,150,,,,,,,,,,,,,,,,,119.4,105,119.5,100,,,,,,,,,,,,,,,,
2026-07-03T21:01:50.986179+00:00,2026-07-03T21:01:50.986392,2,2,119.2,0.4,119.0,100,118.9,150,,,,,,,,,,,,,,,,,119.4,62,119.5,100,,,,,,,,,,,,,,,,
2026-07-03T21:01:51.052937+00:00,2026-07-03T21:01:51.052875,1,1,119.25,0.5,119.0,100,,,,,,,,,,,,,,,,,,,119.5,100,,,,,,,,,,,,,,,,,,
2026-07-03T21:01:51.103998+00:00,2026-07-03T21:01:51.103853,2,1,119.35,0.3,119.2,150,119.0,100,,,,,,,,,,,,,,,,,119.5,100,,,,,,,,,,,,,,,,,,
2026-07-03T21:01:51.158603+00:00,2026-07-03T21:01:51.158720,2,2,119.35,0.3,119.2,150,119.0,100,,,,,,,,,,,,,,,,,119.5,100,119.7,150,,,,,,,,,,,,,,,,
2026-07-03T21:01:51.751640+00:00,2026-07-03T21:01:51.751538,2,2,119.35,0.3,119.2,150,119.0,100,,,,,,,,,,,,,,,,,119.5,50,119.7,150,,,,,,,,,,,,,,,,
2026-07-03T21:01:52.558578+00:00,2026-07-03T21:01:52.557556,1,1,119.45,0.5,119.2,150,,,,,,,,,,,,,,,,,,,119.7,150,,,,,,,,,,,,,,,,,,
2026-07-03T21:01:52.608288+00:00,2026-07-03T21:01:52.608249,1,1,119.45,0.5,119.2,250,,,,,,,,,,,,,,,,,,,119.7,150,,,,,,,,,,,,,,,,,,
2026-07-03T21:01:52.658549+00:00,2026-07-03T21:01:52.657577,1,1,119.45,0.5,119.2,250,,,,,,,,,,,,,,,,,,,119.7,250,,,,,,,,,,,,,,,,,,
2026-07-03T21:01:53.587277+00:00,2026-07-03T21:01:53.587424,1,1,119.45,0.5,119.2,209,,,,,,,,,,,,,,,,,,,119.7,250,,,,,,,,,,,,,,,,,,
2026-07-03T21:01:53.886718+00:00,2026-07-03T21:01:53.886595,1,1,119.45,0.5,119.2,209,,,,,,,,,,,,,,,,,,,119.7,200,,,,,,,,,,,,,,,,,,
2026-07-03T21:01:54.214221+00:00,2026-07-03T21:01:54.214188,1,1,119.45,0.5,119.2,100,,,,,,,,,,,,,,,,,,,119.7,100,,,,,,,,,,,,,,,,,,
2026-07-03T21:01:54.272546+00:00,2026-07-03T21:01:54.272443,2,1,119.5,0.4,119.3,150,119.2,100,,,,,,,,,,,,,,,,,119.7,100,,,,,,,,,,,,,,,,,,
2026-07-03T21:01:54.320481+00:00,2026-07-03T21:01:54.320379,2,2,119.5,0.4,119.3,150,119.2,100,,,,,,,,,,,,,,,,,119.7,100,119.8,150,,,,,,,,,,,,,,,,
2026-07-03T21:01:54.579031+00:00,2026-07-03T21:01:54.578975,2,2,119.5,0.4,119.3,105,119.2,100,,,,,,,,,,,,,,,,,119.7,100,119.8,150,,,,,,,,,,,,,,,,
2026-07-03T21:01:55.714371+00:00,2026-07-03T21:01:55.714278,2,1,119.55,0.5,119.3,105,119.2,100,,,,,,,,,,,,,,,,,119.8,150,,,,,,,,,,,,,,,,,,
2026-07-03T21:01:55.719502+00:00,2026-07-03T21:01:55.719448,1,1,119.55,0.5,119.3,105,,,,,,,,,,,,,,,,,,,119.8,150,,,,,,,,,,,,,,,,,,
2026-07-03T21:01:55.770060+00:00,2026-07-03T21:01:55.769975,2,1,119.55,0.5,119.3,105,119.2,100,,,,,,,,,,,,,,,,,119.8,150,,,,,,,,,,,,,,,,,,
2026-07-03T21:01:55.825013+00:00,2026-07-03T21:01:55.824909,2,2,119.5,0.4,119.3,105,119.2,100,,,,,,,,,,,,,,,,,119.7,100,119.8,150,,,,,,,,,,,,,,,,
2026-07-03T21:01:56.040748+00:00,2026-07-03T21:01:56.040719,2,2,119.5,0.4,119.3,55,119.2,100,,,,,,,,,,,,,,,,,119.7,100,119.8,150,,,,,,,,,,,,,,,,
2026-07-03T21:01:57.378595+00:00,2026-07-03T21:01:57.378545,1,1,119.45,0.5,119.2,100,,,,,,,,,,,,,,,,,,,119.7,100,,,,,,,,,,,,,,,,,,
2026-07-03T21:01:57.431445+00:00,2026-07-03T21:01:57.431337,2,1,119.45,0.5,119.2,100,118.9,150,,,,,,,,,,,,,,,,,119.7,100,,,,,,,,,,,,,,,,,,
2026-07-03T21:01:57.484195+00:00,2026-07-03T21:01:57.484096,2,2,119.3,0.2,119.2,100,118.9,150,,,,,,,,,,,,,,,,,119.4,150,119.7,100,,,,,,,,,,,,,,,,
2026-07-03T21:01:57.621716+00:00,2026-07-03T21:01:57.621507,2,2,119.3,0.2,119.2,100,118.9,150,,,,,,,,,,,,,,,,,119.4,104,119.7,100,,,,,,,,,,,,,,,,
2026-07-03T21:01:58.250756+00:00,2026-07-03T21:01:58.250684,2,2,119.3,0.2,119.2,100,118.9,150,,,,,,,,,,,,,,,,,119.4,63,119.7,100,,,,,,,,,,,,,,,,
2026-07-03T21:01:58.879880+00:00,2026-07-03T21:01:58.879842,1,1,119.15,0.5,118.9,150,,,,,,,,,,,,,,,,,,,119.4,63,,,,,,,,,,,,,,,,,,
2026-07-03T21:01:58.931632+00:00,2026-07-03T21:01:58.931594,2,1,119.35,0.1,119.3,100,118.9,150,,,,,,,,,,,,,,,,,119.4,63,,,,,,,,,,,,,,,,,,
2026-07-03T21:01:58.981438+00:00,2026-07-03T21:01:58.981382,2,2,119.35,0.1,119.3,100,118.9,150,,,,,,,,,,,,,,,,,119.4,63,119.8,100,,,,,,,,,,,,,,,,
2026-07-03T21:01:59.908360+00:00,2026-07-03T21:01:59.908202,2,2,119.35,0.1,119.3,100,118.9,150,,,,,,,,,,,,,,,,,119.4,14,119.8,100,,,,,,,,,,,,,,,,
2026-07-03T21:02:00.202116+00:00,2026-07-03T21:02:00.202001,2,1,119.55,0.5,119.3,100,118.9,150,,,,,,,,,,,,,,,,,119.8,64,,,,,,,,,,,,,,,,,,
2026-07-03T21:02:00.538949+00:00,2026-07-03T21:02:00.539060,1,1,119.55,0.5,119.3,100,,,,,,,,,,,,,,,,,,,119.8,64,,,,,,,,,,,,,,,,,,
2026-07-03T21:02:00.603221+00:00,2026-07-03T21:02:00.597729,2,1,119.75,0.1,119.7,147,119.3,100,,,,,,,,,,,,,,,,,119.8,64,,,,,,,,,,,,,,,,,,
2026-07-03T21:02:00.645033+00:00,2026-07-03T21:02:00.644962,2,2,119.75,0.1,119.7,147,119.3,100,,,,,,,,,,,,,,,,,119.8,64,120.2,150,,,,,,,,,,,,,,,,
2026-07-03T21:02:01.145501+00:00,2026-07-03T21:02:01.145304,2,2,119.75,0.1,119.7,98,119.3,100,,,,,,,,,,,,,,,,,119.8,64,120.2,150,,,,,,,,,,,,,,,,
2026-07-03T21:02:02.035249+00:00,2026-07-03T21:02:02.035225,1,1,119.95,0.5,119.7,98,,,,,,,,,,,,,,,,,,,120.2,150,,,,,,,,,,,,,,,,,,
2026-07-03T21:02:02.092389+00:00,2026-07-03T21:02:02.092359,2,1,119.95,0.5,119.7,98,119.5,100,,,,,,,,,,,,,,,,,120.2,150,,,,,,,,,,,,,,,,,,
2026-07-03T21:02:02.155152+00:00,2026-07-03T21:02:02.155079,2,2,119.85,0.3,119.7,98,119.5,100,,,,,,,,,,,,,,,,,120.0,100,120.2,150,,,,,,,,,,,,,,,,
2026-07-03T21:02:02.319462+00:00,2026-07-03T21:02:02.319348,2,2,119.85,0.3,119.7,52,119.5,100,,,,,,,,,,,,,,,,,120.0,100,120.2,150,,,,,,,,,,,,,,,,
2026-07-03T21:02:02.358106+00:00,2026-07-03T21:02:02.358235,2,2,119.85,0.3,119.7,2,119.5,100,,,,,,,,,,,,,,,,,120.0,100,120.2,150,,,,,,,,,,,,,,,,
2026-07-03T21:02:03.698441+00:00,2026-07-03T21:02:03.698341,1,1,119.75,0.5,119.5,100,,,,,,,,,,,,,,,,,,,120.0,100,,,,,,,,,,,,,,,,,,
2026-07-03T21:02:03.758554+00:00,2026-07-03T21:02:03.752475,2,1,119.75,0.5,119.5,100,119.1,150,,,,,,,,,,,,,,,,,120.0,100,,,,,,,,,,,,,,,,,,
2026-07-03T21:02:03.806635+00:00,2026-07-03T21:02:03.806551,2,2,119.55,0.1,119.5,100,119.1,150,,,,,,,,,,,,,,,,,119.6,150,120.0,100,,,,,,,,,,,,,,,,
2026-07-03T21:02:03.880521+00:00,2026-07-03T21:02:03.880406,2,2,119.55,0.1,119.5,53,119.1,150,,,,,,,,,,,,,,,,,119.6,150,120.0,100,,,,,,,,,,,,,,,,
2026-07-03T21:02:04.007449+00:00,2026-07-03T21:02:04.002218,2,2,119.55,0.1,119.5,53,119.1,150,,,,,,,,,,,,,,,,,119.6,147,120.0,100,,,,,,,,,,,,,,,,
2026-07-03T21:02:05.208706+00:00,2026-07-03T21:02:05.208589,1,1,119.35,0.5,119.1,150,,,,,,,,,,,,,,,,,,,119.6,147,,,,,,,,,,,,,,,,,,
2026-07-03T21:02:05.258588+00:00,2026-07-03T21:02:05.258385,2,1,119.45,0.3,119.3,100,119.1,150,,,,,,,,,,,,,,,,,119.6,147,,,,,,,,,,,,,,,,,,
2026-07-03T21:02:05.315319+00:00,2026-07-03T21:02:05.315468,2,2,119.45,0.3,119.3,100,119.1,150,,,,,,,,,,,,,,,,,119.6,147,119.8,100,,,,,,,,,,,,,,,,
2026-07-03T21:02:05.388117+00:00,2026-07-03T21:02:05.388042,2,2,119.45,0.3,119.3,100,119.1,150,,,,,,,,,,,,,,,,,119.6,98,119.8,100,,,,,,,,,,,,,,,,
2026-07-03T21:02:06.571187+00:00,2026-07-03T21:02:06.571318,2,2,119.45,0.3,119.3,50,119.1,150,,,,,,,,,,,,,,,,,119.6,98,119.8,100,,,,,,,,,,,,,,,,
2026-07-03T21:02:06.855931+00:00,2026-07-03T21:02:06.856130,1,1,119.55,0.5,119.3,50,,,,,,,,,,,,,,,,,,,119.8,100,,,,,,,,,,,,,,,,,,
2026-07-03T21:02:06.916831+00:00,2026-07-03T21:02:06.916772,2,1,119.6,0.4,119.4,150,119.3,50,,,,,,,,,,,,,,,,,119.8,100,,,,,,,,,,,,,,,,,,
2026-07-03T21:02:06.958587+00:00,2026-07-03T21:02:06.958480,2,2,119.6,0.4,119.4,150,119.3,50,,,,,,,,,,,,,,,,,119.8,100,119.9,150,,,,,,,,,,,,,,,,
2026-07-03T21:02:07.892751+00:00,2026-07-03T21:02:07.892687,2,2,119.6,0.4,119.4,110,119.3,50,,,,,,,,,,,,,,,,,119.8,100,119.9,150,,,,,,,,,,,,,,,,
2026-07-03T21:02:08.368243+00:00,2026-07-03T21:02:08.368154,2,1,119.65,0.5,119.4,110,119.3,50,,,,,,,,,,,,,,,,,119.9,150,,,,,,,,,,,,,,,,,,
2026-07-03T21:02:08.373443+00:00,2026-07-03T21:02:08.373328,1,1,119.65,0.5,119.4,110,,,,,,,,,,,,,,,,,,,119.9,150,,,,,,,,,,,,,,,,,,
2026-07-03T21:02:08.426100+00:00,2026-07-03T21:02:08.426057,2,1,119.65,0.5,119.4,110,119.2,100,,,,,,,,,,,,,,,,,119.9,150,,,,,,,,,,,,,,,,,,
2026-07-03T21:02:08.474959+00:00,2026-07-03T21:02:08.474889,2,2,119.55,0.3,119.4,110,119.2,100,,,,,,,,,,,,,,,,,119.7,100,119.9,150,,,,,,,,,,,,,,,,
2026-07-03T21:02:08.677183+00:00,2026-07-03T21:02:08.677361,2,2,119.55,0.3,119.4,60,119.2,100,,,,,,,,,,,,,,,,,119.7,100,119.9,150,,,,,,,,,,,,,,,,
2026-07-03T21:02:10.023151+00:00,2026-07-03T21:02:10.023082,1,1,119.45,0.5,119.2,100,,,,,,,,,,,,,,,,,,,119.7,100,,,,,,,,,,,,,,,,,,
2026-07-03T21:02:10.077307+00:00,2026-07-03T21:02:10.077262,2,1,119.45,0.5,119.2,100,119.0,150,,,,,,,,,,,,,,,,,119.7,100,,,,,,,,,,,,,,,,,,
2026-07-03T21:02:10.129945+00:00,2026-07-03T21:02:10.129889,2,2,119.35,0.3,119.2,100,119.0,150,,,,,,,,,,,,,,,,,119.5,150,119.7,100,,,,,,,,,,,,,,,,
2026-07-03T21:02:11.532337+00:00,2026-07-03T21:02:11.532227,1,1,119.25,0.5,119.0,150,,,,,,,,,,,,,,,,,,,119.5,150,,,,,,,,,,,,,,,,,,
2026-07-03T21:02:11.582011+00:00,2026-07-03T21:02:11.581871,2,1,119.25,0.5,119.0,150,118.8,100,,,,,,,,,,,,,,,,,119.5,150,,,,,,,,,,,,,,,,,,
2026-07-03T21:02:11.636232+00:00,2026-07-03T21:02:11.636182,2,2,119.15,0.3,119.0,150,118.8,100,,,,,,,,,,,,,,,,,119.3,100,119.5,150,,,,,,,,,,,,,,,,
2026-07-03T21:02:12.834089+00:00,2026-07-03T21:02:12.834019,2,2,119.15,0.3,119.0,150,118.8,100,,,,,,,,,,,,,,,,,119.3,50,119.5,150,,,,,,,,,,,,,,,,
2026-07-03T21:02:13.184532+00:00,2026-07-03T21:02:13.184421,1,1,119.05,0.5,118.8,100,,,,,,,,,,,,,,,,,,,119.3,50,,,,,,,,,,,,,,,,,,
2026-07-03T21:02:13.238819+00:00,2026-07-03T21:02:13.238685,1,1,119.05,0.5,118.8,250,,,,,,,,,,,,,,,,,,,119.3,50,,,,,,,,,,,,,,,,,,
2026-07-03T21:02:13.292111+00:00,2026-07-03T21:02:13.292008,1,1,119.05,0.5,118.8,250,,,,,,,,,,,,,,,,,,,119.3,200,,,,,,,,,,,,,,,,,,
2026-07-03T21:02:13.900608+00:00,2026-07-03T21:02:13.900540,1,1,119.05,0.5,118.8,250,,,,,,,,,,,,,,,,,,,119.3,156,,,,,,,,,,,,,,,,,,
2026-07-03T21:02:14.360804+00:00,2026-07-03T21:02:14.361018,1,1,119.05,0.5,118.8,250,,,,,,,,,,,,,,,,,,,119.3,116,,,,,,,,,,,,,,,,,,
2026-07-03T21:02:14.691144+00:00,2026-07-03T21:02:14.691063,1,1,119.05,0.5,118.8,150,,,,,,,,,,,,,,,,,,,119.3,116,,,,,,,,,,,,,,,,,,
2026-07-03T21:02:14.741005+00:00,2026-07-03T21:02:14.740939,2,1,119.2,0.2,119.1,100,118.8,150,,,,,,,,,,,,,,,,,119.3,116,,,,,,,,,,,,,,,,,,
2026-07-03T21:02:14.797608+00:00,2026-07-03T21:02:14.797551,2,2,119.2,0.2,119.1,100,118.8,150,,,,,,,,,,,,,,,,,119.3,116,119.6,100,,,,,,,,,,,,,,,,
2026-07-03T21:02:14.944640+00:00,2026-07-03T21:02:14.944522,2,2,119.2,0.2,119.1,100,118.8,150,,,,,,,,,,,,,,,,,119.3,66,119.6,100,,,,,,,,,,,,,,,,
2026-07-03T21:02:16.345986+00:00,2026-07-03T21:02:16.345903,1,1,119.35,0.5,119.1,100,,,,,,,,,,,,,,,,,,,119.6,100,,,,,,,,,,,,,,,,,,
2026-07-03T21:02:16.400584+00:00,2026-07-03T21:02:16.400694,2,1,119.35,0.5,119.1,100,118.9,150,,,,,,,,,,,,,,,,,119.6,100,,,,,,,,,,,,,,,,,,
2026-07-03T21:02:16.463838+00:00,2026-07-03T21:02:16.463746,2,2,119.25,0.3,119.1,100,118.9,150,,,,,,,,,,,,,,,,,119.4,150,119.6,100,,,,,,,,,,,,,,,,
2026-07-03T21:02:17.857355+00:00,2026-07-03T21:02:17.857499,1,1,119.15,0.5,118.9,150,,,,,,,,,,,,,,,,,,,119.4,150,,,,,,,,,,,,,,,,,,
2026-07-03T21:02:17.909684+00:00,2026-07-03T21:02:17.909578,2,1,119.3,0.2,119.2,100,118.9,150,,,,,,,,,,,,,,,,,119.4,150,,,,,,,,,,,,,,,,,,
2026-07-03T21:02:17.963841+00:00,2026-07-03T21:02:17.963739,2,2,119.3,0.2,119.2,100,118.9,150,,,,,,,,,,,,,,,,,119.4,150,119.7,100,,,,,,,,,,,,,,,,
2026-07-03T21:02:18.369483+00:00,2026-07-03T21:02:18.369357,2,2,119.3,0.2,119.2,54,118.9,150,,,,,,,,,,,,,,,,,119.4,150,119.7,100,,,,,,,,,,,,,,,,
2026-07-03T21:02:19.209957+00:00,2026-07-03T21:02:19.210104,2,2,119.3,0.2,119.2,4,118.9,150,,,,,,,,,,,,,,,,,119.4,150,119.7,100,,,,,,,,,,,,,,,,
2026-07-03T21:02:19.509886+00:00,2026-07-03T21:02:19.509750,1,1,119.45,0.5,119.2,4,,,,,,,,,,,,,,,,,,,119.7,100,,,,,,,,,,,,,,,,,,
2026-07-03T21:02:19.564296+00:00,2026-07-03T21:02:19.564144,2,1,119.45,0.5,119.2,4,119.0,150,,,,,,,,,,,,,,,,,119.7,100,,,,,,,,,,,,,,,,,,
2026-07-03T21:02:19.616982+00:00,2026-07-03T21:02:19.616871,2,2,119.35,0.3,119.2,4,119.0,150,,,,,,,,,,,,,,,,,119.5,150,119.7,100,,,,,,,,,,,,,,,,
2026-07-03T21:02:20.148286+00:00,2026-07-03T21:02:20.148213,2,2,119.35,0.3,119.2,4,119.0,150,,,,,,,,,,,,,,,,,119.5,101,119.7,100,,,,,,,,,,,,,,,,
2026-07-03T21:02:21.019797+00:00,2026-07-03T21:02:21.019763,1,1,119.25,0.5,119.0,150,,,,,,,,,,,,,,,,,,,119.5,101,,,,,,,,,,,,,,,,,,
2026-07-03T21:02:21.070880+00:00,2026-07-03T21:02:21.070969,2,1,119.3,0.4,119.1,100,119.0,150,,,,,,,,,,,,,,,,,119.5,101,,,,,,,,,,,,,,,,,,
2026-07-03T21:02:21.126063+00:00,2026-07-03T21:02:21.126144,2,2,119.3,0.4,119.1,100,119.0,150,,,,,,,,,,,,,,,,,119.5,101,119.6,100,,,,,,,,,,,,,,,,
2026-07-03T21:02:21.316896+00:00,2026-07-03T21:02:21.316829,2,2,119.3,0.4,119.1,50,119.0,150,,,,,,,,,,,,,,,,,119.5,101,119.6,100,,,,,,,,,,,,,,,,
2026-07-03T21:02:22.310287+00:00,2026-07-03T21:02:22.310418,2,2,119.3,0.4,119.1,6,119.0,150,,,,,,,,,,,,,,,,,119.5,101,119.6,100,,,,,,,,,,,,,,,,
2026-07-03T21:02:22.670695+00:00,2026-07-03T21:02:22.670553,1,1,119.35,0.5,119.1,6,,,,,,,,,,,,,,,,,,,119.6,100,,,,,,,,,,,,,,,,,,
2026-07-03T21:02:22.722666+00:00,2026-07-03T21:02:22.722809,2,1,119.45,0.3,119.3,150,119.1,6,,,,,,,,,,,,,,,,,119.6,100,,,,,,,,,,,,,,,,,,
2026-07-03T21:02:22.777385+00:00,2026-07-03T21:02:22.774690,2,2,119.45,0.3,119.3,150,119.1,6,,,,,,,,,,,,,,,,,119.6,100,119.8,150,,,,,,,,,,,,,,,,
2026-07-03T21:02:22.838575+00:00,2026-07-03T21:02:22.838468,2,2,119.45,0.3,119.3,150,119.1,6,,,,,,,,,,,,,,,,,119.6,58,119.8,150,,,,,,,,,,,,,,,,
2026-07-03T21:02:23.374632+00:00,2026-07-03T21:02:23.374517,2,2,119.45,0.3,119.3,150,119.1,6,,,,,,,,,,,,,,,,,119.6,8,119.8,150,,,,,,,,,,,,,,,,
2026-07-03T21:02:24.178958+00:00,2026-07-03T21:02:24.178884,1,1,119.55,0.5,119.3,150,,,,,,,,,,,,,,,,,,,119.8,150,,,,,,,,,,,,,,,,,,
2026-07-03T21:02:24.231862+00:00,2026-07-03T21:02:24.231771,2,1,119.55,0.5,119.3,150,119.0,100,,,,,,,,,,,,,,,,,119.8,150,,,,,,,,,,,,,,,,,,
2026-07-03T21:02:24.286241+00:00,2026-07-03T21:02:24.286118,2,2,119.4,0.2,119.3,150,119.0,100,,,,,,,,,,,,,,,,,119.5,100,119.8,150,,,,,,,,,,,,,,,,
2026-07-03T21:02:25.481629+00:00,2026-07-03T21:02:25.481524,2,2,119.4,0.2,119.3,150,119.0,100,,,,,,,,,,,,,,,,,119.5,50,119.8,150,,,,,,,,,,,,,,,,
2026-07-03T21:02:25.832315+00:00,2026-07-03T21:02:25.832285,1,1,119.25,0.5,119.0,100,,,,,,,,,,,,,,,,,,,119.5,50,,,,,,,,,,,,,,,,,,
2026-07-03T21:02:25.888025+00:00,2026-07-03T21:02:25.887916,2,1,119.45,0.1,119.4,150,119.0,100,,,,,,,,,,,,,,,,,119.5,50,,,,,,,,,,,,,,,,,,
2026-07-03T21:02:25.941161+00:00,2026-07-03T21:02:25.941132,2,2,119.45,0.1,119.4,150,119.0,100,,,,,,,,,,,,,,,,,119.5,50,119.9,150,,,,,,,,,,,,,,,,
2026-07-03T21:02:27.340423+00:00,2026-07-03T21:02:27.340299,1,1,119.65,0.5,119.4,150,,,,,,,,,,,,,,,,,,,119.9,150,,,,,,,,,,,,,,,,,,
2026-07-03T21:02:27.393106+00:00,2026-07-03T21:02:27.392987,2,1,119.65,0.5,119.4,150,119.2,100,,,,,,,,,,,,,,,,,119.9,150,,,,,,,,,,,,,,,,,,
2026-07-03T21:02:27.458704+00:00,2026-07-03T21:02:27.446784,2,2,119.55,0.3,119.4,150,119.2,100,,,,,,,,,,,,,,,,,119.7,100,119.9,150,,,,,,,,,,,,,,,,
2026-07-03T21:02:27.643839+00:00,2026-07-03T21:02:27.643763,2,2,119.55,0.3,119.4,100,119.2,100,,,,,,,,,,,,,,,,,119.7,100,119.9,150,,,,,,,,,,,,,,,,
2026-07-03T21:02:28.767436+00:00,2026-07-03T21:02:28.762257,2,2,119.55,0.3,119.4,97,119.2,100,,,,,,,,,,,,,,,,,119.7,100,119.9,150,,,,,,,,,,,,,,,,
2026-07-03T21:02:28.997846+00:00,2026-07-03T21:02:28.997769,1,1,119.45,0.5,119.2,100,,,,,,,,,,,,,,,,,,,119.7,100,,,,,,,,,,,,,,,,,,
2026-07-03T21:02:29.051320+00:00,2026-07-03T21:02:29.051277,2,1,119.45,0.5,119.2,100,119.1,150,,,,,,,,,,,,,,,,,119.7,100,,,,,,,,,,,,,,,,,,
2026-07-03T21:02:29.105312+00:00,2026-07-03T21:02:29.105211,2,2,119.4,0.4,119.2,100,119.1,150,,,,,,,,,,,,,,,,,119.6,150,119.7,100,,,,,,,,,,,,,,,,
2026-07-03T21:02:30.217009+00:00,2026-07-03T21:02:30.216876,2,2,119.4,0.4,119.2,59,119.1,150,,,,,,,,,,,,,,,,,119.6,150,119.7,100,,,,,,,,,,,,,,,,
2026-07-03T21:02:30.501573+00:00,2026-07-03T21:02:30.501546,1,1,119.35,0.5,119.1,150,,,,,,,,,,,,,,,,,,,119.6,150,,,,,,,,,,,,,,,,,,
2026-07-03T21:02:30.561614+00:00,2026-07-03T21:02:30.561501,2,1,119.35,0.5,119.1,150,118.8,100,,,,,,,,,,,,,,,,,119.6,150,,,,,,,,,,,,,,,,,,
2026-07-03T21:02:30.617351+00:00,2026-07-03T21:02:30.617318,2,2,119.2,0.2,119.1,150,118.8,100,,,,,,,,,,,,,,,,,119.3,100,119.6,150,,,,,,,,,,,,,,,,
2026-07-03T21:02:30.726449+00:00,2026-07-03T21:02:30.726368,2,2,119.2,0.2,119.1,150,118.8,100,,,,,,,,,,,,,,,,,119.3,56,119.6,150,,,,,,,,,,,,,,,,
2026-07-03T21:02:31.856309+00:00,2026-07-03T21:02:31.856463,2,2,119.2,0.2,119.1,100,118.8,100,,,,,,,,,,,,,,,,,119.3,56,119.6,150,,,,,,,,,,,,,,,,
2026-07-03T21:02:32.158639+00:00,2026-07-03T21:02:32.155364,1,1,119.05,0.5,118.8,100,,,,,,,,,,,,,,,,,,,119.3,56,,,,,,,,,,,,,,,,,,
2026-07-03T21:02:32.215584+00:00,2026-07-03T21:02:32.215468,2,1,119.05,0.5,118.8,100,118.5,150,,,,,,,,,,,,,,,,,119.3,56,,,,,,,,,,,,,,,,,,
2026-07-03T21:02:32.268606+00:00,2026-07-03T21:02:32.268472,2,2,118.9,0.2,118.8,100,118.5,150,,,,,,,,,,,,,,,,,119.0,150,119.3,56,,,,,,,,,,,,,,,,
2026-07-03T21:02:32.304354+00:00,2026-07-03T21:02:32.304490,2,2,118.9,0.2,118.8,56,118.5,150,,,,,,,,,,,,,,,,,119.0,150,119.3,56,,,,,,,,,,,,,,,,
2026-07-03T21:02:32.440262+00:00,2026-07-03T21:02:32.434563,2,2,118.9,0.2,118.8,56,118.5,150,,,,,,,,,,,,,,,,,119.0,147,119.3,56,,,,,,,,,,,,,,,,
2026-07-03T21:02:33.671469+00:00,2026-07-03T21:02:33.671587,1,1,118.75,0.5,118.5,150,,,,,,,,,,,,,,,,,,,119.0,147,,,,,,,,,,,,,,,,,,
2026-07-03T21:02:33.725453+00:00,2026-07-03T21:02:33.725390,2,1,118.9,0.2,118.8,100,118.5,150,,,,,,,,,,,,,,,,,119.0,147,,,,,,,,,,,,,,,,,,
2026-07-03T21:02:33.774335+00:00,2026-07-03T21:02:33.774456,2,2,118.9,0.2,118.8,100,118.5,150,,,,,,,,,,,,,,,,,119.0,147,119.3,100,,,,,,,,,,,,,,,,
2026-07-03T21:02:33.970573+00:00,2026-07-03T21:02:33.970512,2,2,118.9,0.2,118.8,50,118.5,150,,,,,,,,,,,,,,,,,119.0,147,119.3,100,,,,,,,,,,,,,,,,
2026-07-03T21:02:34.511227+00:00,2026-07-03T21:02:34.511162,2,2,118.9,0.2,118.8,50,118.5,150,,,,,,,,,,,,,,,,,119.0,106,119.3,100,,,,,,,,,,,,,,,,
2026-07-03T21:02:35.323541+00:00,2026-07-03T21:02:35.323442,1,1,119.05,0.5,118.8,50,,,,,,,,,,,,,,,,,,,119.3,100,,,,,,,,,,,,,,,,,,
2026-07-03T21:02:35.373002+00:00,2026-07-03T21:02:35.372930,2,1,119.05,0.5,118.8,50,118.6,150,,,,,,,,,,,,,,,,,119.3,100,,,,,,,,,,,,,,,,,,
2026-07-03T21:02:35.426597+00:00,2026-07-03T21:02:35.426543,2,2,118.95,0.3,118.8,50,118.6,150,,,,,,,,,,,,,,,,,119.1,150,119.3,100,,,,,,,,,,,,,,,,
2026-07-03T21:02:36.081781+00:00,2026-07-03T21:02:36.081734,1,2,118.85,0.5,118.6,150,,,,,,,,,,,,,,,,,,,119.1,150,119.3,100,,,,,,,,,,,,,,,,
2026-07-03T21:02:36.831914+00:00,2026-07-03T21:02:36.831822,1,1,118.85,0.5,118.6,150,,,,,,,,,,,,,,,,,,,119.1,150,,,,,,,,,,,,,,,,,,
2026-07-03T21:02:36.889582+00:00,2026-07-03T21:02:36.889508,2,1,118.85,0.5,118.6,150,118.3,100,,,,,,,,,,,,,,,,,119.1,150,,,,,,,,,,,,,,,,,,
2026-07-03T21:02:36.945000+00:00,2026-07-03T21:02:36.944935,2,2,118.7,0.2,118.6,150,118.3,100,,,,,,,,,,,,,,,,,118.8,100,119.1,150,,,,,,,,,,,,,,,,
2026-07-03T21:02:37.744412+00:00,2026-07-03T21:02:37.744310,2,2,118.7,0.2,118.6,108,118.3,100,,,,,,,,,,,,,,,,,118.8,100,119.1,150,,,,,,,,,,,,,,,,
2026-07-03T21:02:38.187024+00:00,2026-07-03T21:02:38.186927,2,2,118.7,0.2,118.6,58,118.3,100,,,,,,,,,,,,,,,,,118.8,100,119.1,150,,,,,,,,,,,,,,,,
2026-07-03T21:02:38.479614+00:00,2026-07-03T21:02:38.479545,1,1,118.55,0.5,118.3,100,,,,,,,,,,,,,,,,,,,118.8,100,,,,,,,,,,,,,,,,,,
2026-07-03T21:02:38.537757+00:00,2026-07-03T21:02:38.537650,2,1,118.6,0.4,118.4,150,118.3,100,,,,,,,,,,,,,,,,,118.8,100,,,,,,,,,,,,,,,,,,
2026-07-03T21:02:38.588479+00:00,2026-07-03T21:02:38.588432,2,2,118.6,0.4,118.4,150,118.3,100,,,,,,,,,,,,,,,,,118.8,100,118.9,150,,,,,,,,,,,,,,,,
2026-07-03T21:02:39.999440+00:00,2026-07-03T21:02:39.999395,1,1,118.65,0.5,118.4,150,,,,,,,,,,,,,,,,,,,118.9,150,,,,,,,,,,,,,,,,,,
2026-07-03T21:02:40.051174+00:00,2026-07-03T21:02:40.051093,1,1,118.65,0.5,118.4,250,,,,,,,,,,,,,,,,,,,118.9,150,,,,,,,,,,,,,,,,,,
2026-07-03T21:02:40.105729+00:00,2026-07-03T21:02:40.105612,1,1,118.65,0.5,118.4,250,,,,,,,,,,,,,,,,,,,118.9,250,,,,,,,,,,,,,,,,,,
2026-07-03T21:02:40.295370+00:00,2026-07-03T21:02:40.295344,1,1,118.65,0.5,118.4,200,,,,,,,,,,,,,,,,,,,118.9,250,,,,,,,,,,,,,,,,,,
2026-07-03T21:02:41.646742+00:00,2026-07-03T21:02:41.646861,1,1,118.65,0.5,118.4,100,,,,,,,,,,,,,,,,,,,118.9,100,,,,,,,,,,,,,,,,,,
2026-07-03T21:02:41.696988+00:00,2026-07-03T21:02:41.696893,2,1,118.65,0.5,118.4,100,118.3,150,,,,,,,,,,,,,,,,,118.9,100,,,,,,,,,,,,,,,,,,
2026-07-03T21:02:41.763343+00:00,2026-07-03T21:02:41.753696,2,2,118.6,0.4,118.4,100,118.3,150,,,,,,,,,,,,,,,,,118.8,147,118.9,100,,,,,,,,,,,,,,,,
2026-07-03T21:02:42.402671+00:00,2026-07-03T21:02:42.402616,2,2,118.6,0.4,118.4,50,118.3,150,,,,,,,,,,,,,,,,,118.8,147,118.9,100,,,,,,,,,,,,,,,,
2026-07-03T21:02:43.154431+00:00,2026-07-03T21:02:43.154600,1,1,118.55,0.5,118.3,150,,,,,,,,,,,,,,,,,,,118.8,147,,,,,,,,,,,,,,,,,,
2026-07-03T21:02:43.212189+00:00,2026-07-03T21:02:43.212060,1,1,118.55,0.5,118.3,250,,,,,,,,,,,,,,,,,,,118.8,147,,,,,,,,,,,,,,,,,,
2026-07-03T21:02:43.289877+00:00,2026-07-03T21:02:43.289789,1,1,118.55,0.5,118.3,250,,,,,,,,,,,,,,,,,,,118.8,247,,,,,,,,,,,,,,,,,,
2026-07-03T21:02:44.524568+00:00,2026-07-03T21:02:44.524343,1,1,118.55,0.5,118.3,200,,,,,,,,,,,,,,,,,,,118.8,247,,,,,,,,,,,,,,,,,,
2026-07-03T21:02:44.807757+00:00,2026-07-03T21:02:44.807685,1,1,118.55,0.5,118.3,100,,,,,,,,,,,,,,,,,,,118.8,100,,,,,,,,,,,,,,,,,,
2026-07-03T21:02:44.858617+00:00,2026-07-03T21:02:44.857711,2,1,118.55,0.5,118.3,100,117.8,150,,,,,,,,,,,,,,,,,118.8,100,,,,,,,,,,,,,,,,,,
2026-07-03T21:02:44.922758+00:00,2026-07-03T21:02:44.917217,1,2,118.05,0.5,117.8,150,,,,,,,,,,,,,,,,,,,118.3,27,118.8,100,,,,,,,,,,,,,,,,
2026-07-03T21:02:46.070000+00:00,2026-07-03T21:02:46.064697,1,2,118.05,0.5,117.8,150,,,,,,,,,,,,,,,,,,,118.3,16,118.8,100,,,,,,,,,,,,,,,,
2026-07-03T21:02:46.344855+00:00,2026-07-03T21:02:46.344752,1,1,118.05,0.5,117.8,150,,,,,,,,,,,,,,,,,,,118.3,16,,,,,,,,,,,,,,,,,,
2026-07-03T21:02:46.397789+00:00,2026-07-03T21:02:46.397733,2,1,118.1,0.4,117.9,100,117.8,150,,,,,,,,,,,,,,,,,118.3,16,,,,,,,,,,,,,,,,,,
2026-07-03T21:02:46.458626+00:00,2026-07-03T21:02:46.447720,2,2,118.1,0.4,117.9,100,117.8,150,,,,,,,,,,,,,,,,,118.3,16,118.4,100,,,,,,,,,,,,,,,,
2026-07-03T21:02:46.579492+00:00,2026-07-03T21:02:46.579407,2,1,118.15,0.5,117.9,100,117.8,150,,,,,,,,,,,,,,,,,118.4,66,,,,,,,,,,,,,,,,,,
2026-07-03T21:02:47.234213+00:00,2026-07-03T21:02:47.234140,2,1,118.15,0.5,117.9,100,117.8,150,,,,,,,,,,,,,,,,,118.4,17,,,,,,,,,,,,,,,,,,
2026-07-03T21:02:47.972924+00:00,2026-07-03T21:02:47.972879,1,1,118.15,0.5,117.9,100,,,,,,,,,,,,,,,,,,,118.4,17,,,,,,,,,,,,,,,,,,
2026-07-03T21:02:48.028671+00:00,2026-07-03T21:02:48.028609,2,0,,,118.4,133,117.9,100,,,,,,,,,,,,,,,,,,,,,,,,,,,,,,,,,,,,
2026-07-03T21:02:48.090860+00:00,2026-07-03T21:02:48.085669,2,1,118.65,0.5,118.4,122,117.9,100,,,,,,,,,,,,,,,,,118.9,150,,,,,,,,,,,,,,,,,,
2026-07-03T21:02:48.691824+00:00,2026-07-03T21:02:48.691675,2,1,118.65,0.5,118.4,122,117.9,100,,,,,,,,,,,,,,,,,118.9,100,,,,,,,,,,,,,,,,,,
2026-07-03T21:02:49.508019+00:00,2026-07-03T21:02:49.507970,1,1,118.65,0.5,118.4,122,,,,,,,,,,,,,,,,,,,118.9,100,,,,,,,,,,,,,,,,,,
2026-07-03T21:02:49.559293+00:00,2026-07-03T21:02:49.559261,2,1,118.65,0.5,118.4,122,118.1,100,,,,,,,,,,,,,,,,,118.9,100,,,,,,,,,,,,,,,,,,
2026-07-03T21:02:49.609541+00:00,2026-07-03T21:02:49.609449,2,2,118.5,0.2,118.4,122,118.1,100,,,,,,,,,,,,,,,,,118.6,100,118.9,100,,,,,,,,,,,,,,,,
2026-07-03T21:02:49.858554+00:00,2026-07-03T21:02:49.856981,2,2,118.5,0.2,118.4,122,118.1,100,,,,,,,,,,,,,,,,,118.6,52,118.9,100,,,,,,,,,,,,,,,,
2026-07-03T21:02:49.917284+00:00,2026-07-03T21:02:49.917166,2,2,118.5,0.2,118.4,82,118.1,100,,,,,,,,,,,,,,,,,118.6,52,118.9,100,,,,,,,,,,,,,,,,
2026-07-03T21:02:50.523215+00:00,2026-07-03T21:02:50.523101,2,2,118.5,0.2,118.4,82,118.1,100,,,,,,,,,,,,,,,,,118.6,10,118.9,100,,,,,,,,,,,,,,,,
2026-07-03T21:02:50.802040+00:00,2026-07-03T21:02:50.802147,2,1,118.65,0.5,118.4,82,118.1,100,,,,,,,,,,,,,,,,,118.9,60,,,,,,,,,,,,,,,,,,
2026-07-03T21:02:51.132877+00:00,2026-07-03T21:02:51.132817,2,0,,,118.4,82,118.1,100,,,,,,,,,,,,,,,,,,,,,,,,,,,,,,,,,,,,
2026-07-03T21:02:51.137928+00:00,2026-07-03T21:02:51.138011,1,0,,,118.1,100,,,,,,,,,,,,,,,,,,,,,,,,,,,,,,,,,,,,,,
2026-07-03T21:02:51.195319+00:00,2026-07-03T21:02:51.195281,2,0,,,118.5,150,118.1,100,,,,,,,,,,,,,,,,,,,,,,,,,,,,,,,,,,,,
2026-07-03T21:02:51.252130+00:00,2026-07-03T21:02:51.246966,2,1,118.75,0.5,118.5,138,118.1,100,,,,,,,,,,,,,,,,,119.0,150,,,,,,,,,,,,,,,,,,
2026-07-03T21:02:52.158565+00:00,2026-07-03T21:02:52.157255,2,1,118.75,0.5,118.5,89,118.1,100,,,,,,,,,,,,,,,,,119.0,150,,,,,,,,,,,,,,,,,,
2026-07-03T21:02:52.667340+00:00,2026-07-03T21:02:52.667231,1,1,118.75,0.5,118.5,89,,,,,,,,,,,,,,,,,,,119.0,150,,,,,,,,,,,,,,,,,,
2026-07-03T21:02:52.720991+00:00,2026-07-03T21:02:52.720859,1,1,118.75,0.5,118.5,189,,,,,,,,,,,,,,,,,,,119.0,150,,,,,,,,,,,,,,,,,,
2026-07-03T21:02:52.773545+00:00,2026-07-03T21:02:52.773466,1,1,118.75,0.5,118.5,189,,,,,,,,,,,,,,,,,,,119.0,250,,,,,,,,,,,,,,,,,,
2026-07-03T21:02:54.302243+00:00,2026-07-03T21:02:54.302192,1,1,118.75,0.5,118.5,100,,,,,,,,,,,,,,,,,,,119.0,100,,,,,,,,,,,,,,,,,,
2026-07-03T21:02:54.358635+00:00,2026-07-03T21:02:54.357209,2,1,118.75,0.5,118.5,100,118.3,150,,,,,,,,,,,,,,,,,119.0,100,,,,,,,,,,,,,,,,,,
2026-07-03T21:02:54.409292+00:00,2026-07-03T21:02:54.409183,2,2,118.65,0.3,118.5,100,118.3,150,,,,,,,,,,,,,,,,,118.8,150,119.0,100,,,,,,,,,,,,,,,,
2026-07-03T21:02:54.976932+00:00,2026-07-03T21:02:54.976888,2,2,118.65,0.3,118.5,53,118.3,150,,,,,,,,,,,,,,,,,118.8,150,119.0,100,,,,,,,,,,,,,,,,
2026-07-03T21:02:55.079163+00:00,2026-07-03T21:02:55.079122,2,2,118.65,0.3,118.5,3,118.3,150,,,,,,,,,,,,,,,,,118.8,150,119.0,100,,,,,,,,,,,,,,,,
2026-07-03T21:02:55.828129+00:00,2026-07-03T21:02:55.828267,1,1,118.55,0.5,118.3,150,,,,,,,,,,,,,,,,,,,118.8,150,,,,,,,,,,,,,,,,,,
2026-07-03T21:02:55.881640+00:00,2026-07-03T21:02:55.881597,2,1,118.55,0.5,118.3,150,118.2,100,,,,,,,,,,,,,,,,,118.8,150,,,,,,,,,,,,,,,,,,
2026-07-03T21:02:55.940962+00:00,2026-07-03T21:02:55.940858,2,2,118.5,0.4,118.3,150,118.2,100,,,,,,,,,,,,,,,,,118.7,100,118.8,150,,,,,,,,,,,,,,,,
2026-07-03T21:02:57.189754+00:00,2026-07-03T21:02:57.189639,2,2,118.5,0.4,118.3,100,118.2,100,,,,,,,,,,,,,,,,,118.7,100,118.8,150,,,,,,,,,,,,,,,,
2026-07-03T21:02:57.463636+00:00,2026-07-03T21:02:57.463744,1,1,118.45,0.5,118.2,100,,,,,,,,,,,,,,,,,,,118.7,100,,,,,,,,,,,,,,,,,,
2026-07-03T21:02:57.516958+00:00,2026-07-03T21:02:57.517040,2,1,118.45,0.5,118.2,100,118.1,150,,,,,,,,,,,,,,,,,118.7,100,,,,,,,,,,,,,,,,,,
2026-07-03T21:02:57.566418+00:00,2026-07-03T21:02:57.566316,2,2,118.4,0.4,118.2,100,118.1,150,,,,,,,,,,,,,,,,,118.6,150,118.7,100,,,,,,,,,,,,,,,,
2026-07-03T21:02:58.993000+00:00,2026-07-03T21:02:58.992944,1,1,118.35,0.5,118.1,150,,,,,,,,,,,,,,,,,,,118.6,150,,,,,,,,,,,,,,,,,,
2026-07-03T21:02:59.048198+00:00,2026-07-03T21:02:59.048121,2,1,118.35,0.5,118.1,150,118.0,100,,,,,,,,,,,,,,,,,118.6,150,,,,,,,,,,,,,,,,,,
2026-07-03T21:02:59.097329+00:00,2026-07-03T21:02:59.097225,2,2,118.3,0.4,118.1,150,118.0,100,,,,,,,,,,,,,,,,,118.5,100,118.6,150,,,,,,,,,,,,,,,,
2026-07-03T21:02:59.897743+00:00,2026-07-03T21:02:59.897870,2,2,118.3,0.4,118.1,150,118.0,100,,,,,,,,,,,,,,,,,118.5,57,118.6,150,,,,,,,,,,,,,,,,
2026-07-03T21:03:00.622621+00:00,2026-07-03T21:03:00.622744,1,1,118.25,0.5,118.0,100,,,,,,,,,,,,,,,,,,,118.5,57,,,,,,,,,,,,,,,,,,
2026-07-03T21:03:00.677431+00:00,2026-07-03T21:03:00.677343,2,1,118.35,0.3,118.2,150,118.0,100,,,,,,,,,,,,,,,,,118.5,57,,,,,,,,,,,,,,,,,,
2026-07-03T21:03:00.728067+00:00,2026-07-03T21:03:00.728027,2,2,118.35,0.3,118.2,150,118.0,100,,,,,,,,,,,,,,,,,118.5,57,118.7,150,,,,,,,,,,,,,,,,
2026-07-03T21:03:01.402414+00:00,2026-07-03T21:03:01.402285,2,2,118.35,0.3,118.2,100,118.0,100,,,,,,,,,,,,,,,,,118.5,57,118.7,150,,,,,,,,,,,,,,,,
2026-07-03T21:03:01.497682+00:00,2026-07-03T21:03:01.491660,2,2,118.35,0.3,118.2,100,118.0,100,,,,,,,,,,,,,,,,,118.5,45,118.7,150,,,,,,,,,,,,,,,,
2026-07-03T21:03:02.153562+00:00,2026-07-03T21:03:02.153444,1,1,118.45,0.5,118.2,100,,,,,,,,,,,,,,,,,,,118.7,150,,,,,,,,,,,,,,,,,,
2026-07-03T21:03:02.207152+00:00,2026-07-03T21:03:02.207244,2,1,118.5,0.4,118.3,100,118.2,100,,,,,,,,,,,,,,,,,118.7,150,,,,,,,,,,,,,,,,,,
2026-07-03T21:03:02.258610+00:00,2026-07-03T21:03:02.253815,2,2,118.5,0.4,118.3,100,118.2,100,,,,,,,,,,,,,,,,,118.7,150,118.8,100,,,,,,,,,,,,,,,,
2026-07-03T21:03:03.715663+00:00,2026-07-03T21:03:03.715526,2,2,118.5,0.4,118.3,59,118.2,100,,,,,,,,,,,,,,,,,118.7,150,118.8,100,,,,,,,,,,,,,,,,
2026-07-03T21:03:03.784541+00:00,2026-07-03T21:03:03.784422,1,1,118.55,0.5,118.3,59,,,,,,,,,,,,,,,,,,,118.8,100,,,,,,,,,,,,,,,,,,
2026-07-03T21:03:03.837910+00:00,2026-07-03T21:03:03.838001,2,1,118.55,0.5,118.3,59,118.1,150,,,,,,,,,,,,,,,,,118.8,100,,,,,,,,,,,,,,,,,,
2026-07-03T21:03:03.890198+00:00,2026-07-03T21:03:03.890353,2,2,118.45,0.3,118.3,59,118.1,150,,,,,,,,,,,,,,,,,118.6,150,118.8,100,,,,,,,,,,,,,,,,
2026-07-03T21:03:04.435189+00:00,2026-07-03T21:03:04.429990,2,2,118.45,0.3,118.3,59,118.1,150,,,,,,,,,,,,,,,,,118.6,139,118.8,100,,,,,,,,,,,,,,,,
2026-07-03T21:03:05.312802+00:00,2026-07-03T21:03:05.312742,1,1,118.35,0.5,118.1,150,,,,,,,,,,,,,,,,,,,118.6,139,,,,,,,,,,,,,,,,,,
2026-07-03T21:03:05.369139+00:00,2026-07-03T21:03:05.369018,1,1,118.35,0.5,118.1,150,,,,,,,,,,,,,,,,,,,118.6,39,,,,,,,,,,,,,,,,,,
2026-07-03T21:03:05.423570+00:00,2026-07-03T21:03:05.423502,1,2,118.35,0.5,118.1,150,,,,,,,,,,,,,,,,,,,118.6,39,119.1,100,,,,,,,,,,,,,,,,
2026-07-03T21:03:05.609836+00:00,2026-07-03T21:03:05.609810,1,2,118.35,0.5,118.1,100,,,,,,,,,,,,,,,,,,,118.6,39,119.1,100,,,,,,,,,,,,,,,,
2026-07-03T21:03:06.945911+00:00,2026-07-03T21:03:06.945855,0,1,,,,,,,,,,,,,,,,,,,,,,,119.1,100,,,,,,,,,,,,,,,,,,
2026-07-03T21:03:07.000896+00:00,2026-07-03T21:03:07.000827,1,1,118.7,0.8,118.3,150,,,,,,,,,,,,,,,,,,,119.1,100,,,,,,,,,,,,,,,,,,
2026-07-03T21:03:07.058590+00:00,2026-07-03T21:03:07.053264,1,2,118.55,0.5,118.3,150,,,,,,,,,,,,,,,,,,,118.8,150,119.1,100,,,,,,,,,,,,,,,,
2026-07-03T21:03:07.718389+00:00,2026-07-03T21:03:07.718356,1,2,118.55,0.5,118.3,100,,,,,,,,,,,,,,,,,,,118.8,150,119.1,100,,,,,,,,,,,,,,,,
2026-07-03T21:03:08.477432+00:00,2026-07-03T21:03:08.477394,1,1,118.55,0.5,118.3,100,,,,,,,,,,,,,,,,,,,118.8,150,,,,,,,,,,,,,,,,,,
2026-07-03T21:03:08.530738+00:00,2026-07-03T21:03:08.530613,2,1,118.55,0.5,118.3,100,118.0,100,,,,,,,,,,,,,,,,,118.8,150,,,,,,,,,,,,,,,,,,
2026-07-03T21:03:08.583617+00:00,2026-07-03T21:03:08.583500,2,2,118.4,0.2,118.3,100,118.0,100,,,,,,,,,,,,,,,,,118.5,100,118.8,150,,,,,,,,,,,,,,,,
2026-07-03T21:03:09.824550+00:00,2026-07-03T21:03:09.824490,2,2,118.4,0.2,118.3,50,118.0,100,,,,,,,,,,,,,,,,,118.5,100,118.8,150,,,,,,,,,,,,,,,,
2026-07-03T21:03:10.109440+00:00,2026-07-03T21:03:10.109407,1,1,118.25,0.5,118.0,100,,,,,,,,,,,,,,,,,,,118.5,100,,,,,,,,,,,,,,,,,,
2026-07-03T21:03:10.164018+00:00,2026-07-03T21:03:10.163954,2,1,118.25,0.5,118.0,100,117.9,150,,,,,,,,,,,,,,,,,118.5,100,,,,,,,,,,,,,,,,,,
2026-07-03T21:03:10.216595+00:00,2026-07-03T21:03:10.216497,2,2,118.2,0.4,118.0,100,117.9,150,,,,,,,,,,,,,,,,,118.4,150,118.5,100,,,,,,,,,,,,,,,,
2026-07-03T21:03:10.978981+00:00,2026-07-03T21:03:10.975638,2,2,118.2,0.4,118.0,100,117.9,150,,,,,,,,,,,,,,,,,118.4,79,118.5,100,,,,,,,,,,,,,,,,
2026-07-03T21:03:11.183815+00:00,2026-07-03T21:03:11.178442,2,2,118.2,0.4,118.0,100,117.9,150,,,,,,,,,,,,,,,,,118.4,68,118.5,100,,,,,,,,,,,,,,,,
2026-07-03T21:03:11.634934+00:00,2026-07-03T21:03:11.635098,2,1,118.2,0.4,118.0,100,117.9,150,,,,,,,,,,,,,,,,,118.4,68,,,,,,,,,,,,,,,,,,
2026-07-03T21:03:11.640347+00:00,2026-07-03T21:03:11.640264,1,1,118.15,0.5,117.9,150,,,,,,,,,,,,,,,,,,,118.4,68,,,,,,,,,,,,,,,,,,
2026-07-03T21:03:11.691211+00:00,2026-07-03T21:03:11.691068,2,0,,,118.4,32,117.9,150,,,,,,,,,,,,,,,,,,,,,,,,,,,,,,,,,,,,
2026-07-03T21:03:11.758605+00:00,2026-07-03T21:03:11.755177,2,1,118.65,0.5,118.4,32,117.9,150,,,,,,,,,,,,,,,,,118.9,100,,,,,,,,,,,,,,,,,,
2026-07-03T21:03:11.932092+00:00,2026-07-03T21:03:11.932032,1,1,118.4,1.0,117.9,132,,,,,,,,,,,,,,,,,,,118.9,100,,,,,,,,,,,,,,,,,,
2026-07-03T21:03:13.271545+00:00,2026-07-03T21:03:13.271425,0,1,,,,,,,,,,,,,,,,,,,,,,,118.9,100,,,,,,,,,,,,,,,,,,
2026-07-03T21:03:13.334511+00:00,2026-07-03T21:03:13.329011,1,1,118.85,0.1,118.8,128,,,,,,,,,,,,,,,,,,,118.9,100,,,,,,,,,,,,,,,,,,
2026-07-03T21:03:13.376001+00:00,2026-07-03T21:03:13.376097,1,2,118.85,0.1,118.8,128,,,,,,,,,,,,,,,,,,,118.9,100,119.3,150,,,,,,,,,,,,,,,,
2026-07-03T21:03:13.624209+00:00,2026-07-03T21:03:13.614947,1,2,118.85,0.1,118.8,116,,,,,,,,,,,,,,,,,,,118.9,100,119.3,150,,,,,,,,,,,,,,,,
2026-07-03T21:03:14.038128+00:00,2026-07-03T21:03:14.038049,1,2,118.85,0.1,118.8,66,,,,,,,,,,,,,,,,,,,118.9,100,119.3,150,,,,,,,,,,,,,,,,
2026-07-03T21:03:14.201160+00:00,2026-07-03T21:03:14.201136,1,2,118.85,0.1,118.8,66,,,,,,,,,,,,,,,,,,,118.9,56,119.3,150,,,,,,,,,,,,,,,,
2026-07-03T21:03:14.798199+00:00,2026-07-03T21:03:14.798144,1,2,118.85,0.1,118.8,18,,,,,,,,,,,,,,,,,,,118.9,56,119.3,150,,,,,,,,,,,,,,,,
2026-07-03T21:03:14.817162+00:00,2026-07-03T21:03:14.817032,1,1,119.05,0.5,118.8,18,,,,,,,,,,,,,,,,,,,119.3,150,,,,,,,,,,,,,,,,,,
2026-07-03T21:03:14.870076+00:00,2026-07-03T21:03:14.870029,2,1,119.05,0.5,118.8,18,118.1,100,,,,,,,,,,,,,,,,,119.3,150,,,,,,,,,,,,,,,,,,
2026-07-03T21:03:14.935616+00:00,2026-07-03T21:03:14.930375,1,2,118.35,0.5,118.1,100,,,,,,,,,,,,,,,,,,,118.6,59,119.3,150,,,,,,,,,,,,,,,,
2026-07-03T21:03:16.146349+00:00,2026-07-03T21:03:16.146210,1,2,118.35,0.5,118.1,50,,,,,,,,,,,,,,,,,,,118.6,59,119.3,150,,,,,,,,,,,,,,,,
2026-07-03T21:03:16.430623+00:00,2026-07-03T21:03:16.430599,1,1,118.35,0.5,118.1,50,,,,,,,,,,,,,,,,,,,118.6,59,,,,,,,,,,,,,,,,,,
2026-07-03T21:03:16.483120+00:00,2026-07-03T21:03:16.483001,2,1,118.4,0.4,118.2,150,118.1,50,,,,,,,,,,,,,,,,,118.6,59,,,,,,,,,,,,,,,,,,
2026-07-03T21:03:16.535742+00:00,2026-07-03T21:03:16.535712,2,2,118.4,0.4,118.2,150,118.1,50,,,,,,,,,,,,,,,,,118.6,59,118.7,150,,,,,,,,,,,,,,,,
2026-07-03T21:03:17.082467+00:00,2026-07-03T21:03:17.082399,2,2,118.4,0.4,118.2,150,118.1,50,,,,,,,,,,,,,,,,,118.6,15,118.7,150,,,,,,,,,,,,,,,,
2026-07-03T21:03:17.710920+00:00,2026-07-03T21:03:17.710718,2,1,118.45,0.5,118.2,150,118.1,50,,,,,,,,,,,,,,,,,118.7,118,,,,,,,,,,,,,,,,,,
2026-07-03T21:03:17.980547+00:00,2026-07-03T21:03:17.980430,1,1,118.45,0.5,118.2,150,,,,,,,,,,,,,,,,,,,118.7,118,,,,,,,,,,,,,,,,,,
2026-07-03T21:03:18.029450+00:00,2026-07-03T21:03:18.029390,2,1,118.5,0.4,118.3,100,118.2,150,,,,,,,,,,,,,,,,,118.7,118,,,,,,,,,,,,,,,,,,
2026-07-03T21:03:18.082366+00:00,2026-07-03T21:03:18.082261,2,2,118.5,0.4,118.3,100,118.2,150,,,,,,,,,,,,,,,,,118.7,118,118.8,100,,,,,,,,,,,,,,,,
2026-07-03T21:03:18.253121+00:00,2026-07-03T21:03:18.253231,2,2,118.5,0.4,118.3,50,118.2,150,,,,,,,,,,,,,,,,,118.7,118,118.8,100,,,,,,,,,,,,,,,,
2026-07-03T21:03:19.591002+00:00,2026-07-03T21:03:19.590918,1,1,118.55,0.5,118.3,50,,,,,,,,,,,,,,,,,,,118.8,100,,,,,,,,,,,,,,,,,,
2026-07-03T21:03:19.645632+00:00,2026-07-03T21:03:19.645541,2,1,118.55,0.5,118.3,50,118.2,150,,,,,,,,,,,,,,,,,118.8,100,,,,,,,,,,,,,,,,,,
2026-07-03T21:03:19.697898+00:00,2026-07-03T21:03:19.697865,2,2,118.5,0.4,118.3,50,118.2,150,,,,,,,,,,,,,,,,,118.7,150,118.8,100,,,,,,,,,,,,,,,,
2026-07-03T21:03:20.355408+00:00,2026-07-03T21:03:20.355565,1,2,118.45,0.5,118.2,150,,,,,,,,,,,,,,,,,,,118.7,150,118.8,100,,,,,,,,,,,,,,,,
2026-07-03T21:03:21.136753+00:00,2026-07-03T21:03:21.136883,1,1,118.45,0.5,118.2,150,,,,,,,,,,,,,,,,,,,118.7,150,,,,,,,,,,,,,,,,,,
2026-07-03T21:03:21.191255+00:00,2026-07-03T21:03:21.191165,2,1,118.45,0.5,118.2,150,117.9,100,,,,,,,,,,,,,,,,,118.7,150,,,,,,,,,,,,,,,,,,
2026-07-03T21:03:21.258548+00:00,2026-07-03T21:03:21.249708,2,2,118.3,0.2,118.2,150,117.9,100,,,,,,,,,,,,,,,,,118.4,100,118.7,150,,,,,,,,,,,,,,,,
2026-07-03T21:03:21.482401+00:00,2026-07-03T21:03:21.477802,2,2,118.3,0.2,118.2,150,117.9,100,,,,,,,,,,,,,,,,,118.4,89,118.7,150,,,,,,,,,,,,,,,,
2026-07-03T21:03:22.112557+00:00,2026-07-03T21:03:22.112483,2,2,118.3,0.2,118.2,110,117.9,100,,,,,,,,,,,,,,,,,118.4,89,118.7,150,,,,,,,,,,,,,,,,
2026-07-03T21:03:22.464048+00:00,2026-07-03T21:03:22.463913,2,2,118.3,0.2,118.2,60,117.9,100,,,,,,,,,,,,,,,,,118.4,89,118.7,150,,,,,,,,,,,,,,,,
2026-07-03T21:03:22.752615+00:00,2026-07-03T21:03:22.752582,1,1,118.15,0.5,117.9,100,,,,,,,,,,,,,,,,,,,118.4,89,,,,,,,,,,,,,,,,,,
2026-07-03T21:03:22.793232+00:00,2026-07-03T21:03:22.787212,1,1,118.15,0.5,117.9,100,,,,,,,,,,,,,,,,,,,118.4,77,,,,,,,,,,,,,,,,,,
2026-07-03T21:03:22.809319+00:00,2026-07-03T21:03:22.809429,1,1,118.15,0.5,117.9,250,,,,,,,,,,,,,,,,,,,118.4,77,,,,,,,,,,,,,,,,,,
2026-07-03T21:03:22.860256+00:00,2026-07-03T21:03:22.860174,1,1,118.15,0.5,117.9,250,,,,,,,,,,,,,,,,,,,118.4,227,,,,,,,,,,,,,,,,,,
2026-07-03T21:03:23.692023+00:00,2026-07-03T21:03:23.691964,1,1,118.15,0.5,117.9,250,,,,,,,,,,,,,,,,,,,118.4,184,,,,,,,,,,,,,,,,,,
2026-07-03T21:03:24.101873+00:00,2026-07-03T21:03:24.096359,1,1,118.15,0.5,117.9,250,,,,,,,,,,,,,,,,,,,118.4,173,,,,,,,,,,,,,,,,,,
2026-07-03T21:03:24.303621+00:00,2026-07-03T21:03:24.303519,1,1,118.15,0.5,117.9,150,,,,,,,,,,,,,,,,,,,118.4,150,,,,,,,,,,,,,,,,,,
2026-07-03T21:03:24.358571+00:00,2026-07-03T21:03:24.357294,1,1,118.15,0.5,117.9,150,,,,,,,,,,,,,,,,,,,118.4,50,,,,,,,,,,,,,,,,,,
2026-07-03T21:03:24.412966+00:00,2026-07-03T21:03:24.413092,1,2,118.15,0.5,117.9,150,,,,,,,,,,,,,,,,,,,118.4,50,118.9,100,,,,,,,,,,,,,,,,
2026-07-03T21:03:24.519878+00:00,2026-07-03T21:03:24.519767,1,1,118.4,1.0,117.9,150,,,,,,,,,,,,,,,,,,,118.9,100,,,,,,,,,,,,,,,,,,
2026-07-03T21:03:25.915187+00:00,2026-07-03T21:03:25.915107,0,1,,,,,,,,,,,,,,,,,,,,,,,118.9,100,,,,,,,,,,,,,,,,,,
2026-07-03T21:03:25.979108+00:00,2026-07-03T21:03:25.972689,1,1,118.55,0.7,118.2,139,,,,,,,,,,,,,,,,,,,118.9,100,,,,,,,,,,,,,,,,,,
2026-07-03T21:03:26.017650+00:00,2026-07-03T21:03:26.017545,1,2,118.45,0.5,118.2,139,,,,,,,,,,,,,,,,,,,118.7,150,118.9,100,,,,,,,,,,,,,,,,
2026-07-03T21:03:26.629243+00:00,2026-07-03T21:03:26.629191,1,2,118.45,0.5,118.2,139,,,,,,,,,,,,,,,,,,,118.7,100,118.9,100,,,,,,,,,,,,,,,,
2026-07-03T21:03:27.467664+00:00,2026-07-03T21:03:27.467537,1,1,118.45,0.5,118.2,139,,,,,,,,,,,,,,,,,,,118.7,100,,,,,,,,,,,,,,,,,,
2026-07-03T21:03:27.524902+00:00,2026-07-03T21:03:27.524976,2,1,118.45,0.5,118.2,139,118.1,100,,,,,,,,,,,,,,,,,118.7,100,,,,,,,,,,,,,,,,,,
2026-07-03T21:03:27.579049+00:00,2026-07-03T21:03:27.578990,2,2,118.4,0.4,118.2,139,118.1,100,,,,,,,,,,,,,,,,,118.6,100,118.7,100,,,,,,,,,,,,,,,,
2026-07-03T21:03:28.735558+00:00,2026-07-03T21:03:28.735443,2,2,118.4,0.4,118.2,139,118.1,100,,,,,,,,,,,,,,,,,118.6,50,118.7,100,,,,,,,,,,,,,,,,
2026-07-03T21:03:29.069771+00:00,2026-07-03T21:03:29.069670,1,1,118.35,0.5,118.1,100,,,,,,,,,,,,,,,,,,,118.6,50,,,,,,,,,,,,,,,,,,
2026-07-03T21:03:29.129613+00:00,2026-07-03T21:03:29.129500,2,0,,,118.7,100,118.1,100,,,,,,,,,,,,,,,,,,,,,,,,,,,,,,,,,,,,
2026-07-03T21:03:29.188649+00:00,2026-07-03T21:03:29.182927,2,1,118.95,0.5,118.7,77,118.1,100,,,,,,,,,,,,,,,,,119.2,150,,,,,,,,,,,,,,,,,,
2026-07-03T21:03:29.204187+00:00,2026-07-03T21:03:29.204131,2,1,118.95,0.5,118.7,32,118.1,100,,,,,,,,,,,,,,,,,119.2,150,,,,,,,,,,,,,,,,,,
2026-07-03T21:03:30.116720+00:00,2026-07-03T21:03:30.116680,1,1,118.65,1.1,118.1,84,,,,,,,,,,,,,,,,,,,119.2,150,,,,,,,,,,,,,,,,,,
2026-07-03T21:03:30.634264+00:00,2026-07-03T21:03:30.634098,0,1,,,,,,,,,,,,,,,,,,,,,,,119.2,150,,,,,,,,,,,,,,,,,,
2026-07-03T21:03:30.687755+00:00,2026-07-03T21:03:30.687671,1,1,118.75,0.9,118.3,100,,,,,,,,,,,,,,,,,,,119.2,150,,,,,,,,,,,,,,,,,,
2026-07-03T21:03:30.740684+00:00,2026-07-03T21:03:30.740656,1,2,118.55,0.5,118.3,100,,,,,,,,,,,,,,,,,,,118.8,100,119.2,150,,,,,,,,,,,,,,,,
2026-07-03T21:03:30.837919+00:00,2026-07-03T21:03:30.837873,1,2,118.55,0.5,118.3,100,,,,,,,,,,,,,,,,,,,118.8,50,119.2,150,,,,,,,,,,,,,,,,
2026-07-03T21:03:32.238325+00:00,2026-07-03T21:03:32.238287,1,1,118.55,0.5,118.3,100,,,,,,,,,,,,,,,,,,,118.8,50,,,,,,,,,,,,,,,,,,
2026-07-03T21:03:32.291296+00:00,2026-07-03T21:03:32.291209,2,1,118.55,0.5,118.3,100,118.0,150,,,,,,,,,,,,,,,,,118.8,50,,,,,,,,,,,,,,,,,,
2026-07-03T21:03:32.343855+00:00,2026-07-03T21:03:32.343735,2,2,118.4,0.2,118.3,100,118.0,150,,,,,,,,,,,,,,,,,118.5,150,118.8,50,,,,,,,,,,,,,,,,
2026-07-03T21:03:32.954108+00:00,2026-07-03T21:03:32.954262,2,2,118.4,0.2,118.3,100,118.0,150,,,,,,,,,,,,,,,,,118.5,100,118.8,50,,,,,,,,,,,,,,,,
2026-07-03T21:03:33.792349+00:00,2026-07-03T21:03:33.792268,1,1,118.25,0.5,118.0,150,,,,,,,,,,,,,,,,,,,118.5,100,,,,,,,,,,,,,,,,,,
2026-07-03T21:03:33.845768+00:00,2026-07-03T21:03:33.845647,2,1,118.45,0.1,118.4,100,118.0,150,,,,,,,,,,,,,,,,,118.5,100,,,,,,,,,,,,,,,,,,
2026-07-03T21:03:33.899847+00:00,2026-07-03T21:03:33.899784,2,2,118.45,0.1,118.4,100,118.0,150,,,,,,,,,,,,,,,,,118.5,100,118.9,100,,,,,,,,,,,,,,,,
2026-07-03T21:03:35.398742+00:00,2026-07-03T21:03:35.398682,1,1,118.65,0.5,118.4,100,,,,,,,,,,,,,,,,,,,118.9,100,,,,,,,,,,,,,,,,,,
2026-07-03T21:03:35.458622+00:00,2026-07-03T21:03:35.447710,2,1,118.65,0.5,118.4,100,118.0,150,,,,,,,,,,,,,,,,,118.9,100,,,,,,,,,,,,,,,,,,
2026-07-03T21:03:35.505904+00:00,2026-07-03T21:03:35.505782,2,2,118.45,0.1,118.4,100,118.0,150,,,,,,,,,,,,,,,,,118.5,150,118.9,100,,,,,,,,,,,,,,,,
2026-07-03T21:03:35.908318+00:00,2026-07-03T21:03:35.901761,2,2,118.45,0.1,118.4,89,118.0,150,,,,,,,,,,,,,,,,,118.5,150,118.9,100,,,,,,,,,,,,,,,,
2026-07-03T21:03:36.958575+00:00,2026-07-03T21:03:36.955418,1,1,118.25,0.5,118.0,150,,,,,,,,,,,,,,,,,,,118.5,150,,,,,,,,,,,,,,,,,,
2026-07-03T21:03:37.005104+00:00,2026-07-03T21:03:37.005171,2,1,118.25,0.5,118.0,150,117.9,100,,,,,,,,,,,,,,,,,118.5,150,,,,,,,,,,,,,,,,,,
2026-07-03T21:03:37.058579+00:00,2026-07-03T21:03:37.056140,2,2,118.2,0.4,118.0,150,117.9,100,,,,,,,,,,,,,,,,,118.4,100,118.5,150,,,,,,,,,,,,,,,,
2026-07-03T21:03:37.179637+00:00,2026-07-03T21:03:37.179567,2,2,118.2,0.4,118.0,150,117.9,100,,,,,,,,,,,,,,,,,118.4,50,118.5,150,,,,,,,,,,,,,,,,
2026-07-03T21:03:37.223568+00:00,2026-07-03T21:03:37.214541,2,2,118.2,0.4,118.0,150,117.9,100,,,,,,,,,,,,,,,,,118.4,39,118.5,150,,,,,,,,,,,,,,,,
2026-07-03T21:03:38.558644+00:00,2026-07-03T21:03:38.555118,1,1,118.15,0.5,117.9,100,,,,,,,,,,,,,,,,,,,118.4,39,,,,,,,,,,,,,,,,,,
2026-07-03T21:03:38.615540+00:00,2026-07-03T21:03:38.615370,2,1,118.15,0.5,117.9,100,117.8,150,,,,,,,,,,,,,,,,,118.4,39,,,,,,,,,,,,,,,,,,
2026-07-03T21:03:38.649035+00:00,2026-07-03T21:03:38.648933,2,0,,,117.9,100,117.8,150,,,,,,,,,,,,,,,,,,,,,,,,,,,,,,,,,,,,
2026-07-03T21:03:38.667978+00:00,2026-07-03T21:03:38.667925,2,1,118.1,0.4,117.9,100,117.8,150,,,,,,,,,,,,,,,,,118.3,150,,,,,,,,,,,,,,,,,,
2026-07-03T21:03:39.276449+00:00,2026-07-03T21:03:39.276555,2,1,118.1,0.4,117.9,100,117.8,150,,,,,,,,,,,,,,,,,118.3,100,,,,,,,,,,,,,,,,,,
2026-07-03T21:03:40.110811+00:00,2026-07-03T21:03:40.110773,1,1,118.05,0.5,117.8,150,,,,,,,,,,,,,,,,,,,118.3,100,,,,,,,,,,,,,,,,,,
2026-07-03T21:03:40.163920+00:00,2026-07-03T21:03:40.164025,2,1,118.15,0.3,118.0,100,117.8,150,,,,,,,,,,,,,,,,,118.3,100,,,,,,,,,,,,,,,,,,
2026-07-03T21:03:40.229713+00:00,2026-07-03T21:03:40.229593,2,2,118.15,0.3,118.0,100,117.8,150,,,,,,,,,,,,,,,,,118.3,100,118.5,100,,,,,,,,,,,,,,,,
2026-07-03T21:03:41.269837+00:00,2026-07-03T21:03:41.269740,2,2,118.15,0.3,118.0,51,117.8,150,,,,,,,,,,,,,,,,,118.3,100,118.5,100,,,,,,,,,,,,,,,,
2026-07-03T21:03:41.384745+00:00,2026-07-03T21:03:41.384663,2,2,118.15,0.3,118.0,51,117.8,150,,,,,,,,,,,,,,,,,118.3,50,118.5,100,,,,,,,,,,,,,,,,
2026-07-03T21:03:41.722791+00:00,2026-07-03T21:03:41.722696,1,1,118.25,0.5,118.0,51,,,,,,,,,,,,,,,,,,,118.5,100,,,,,,,,,,,,,,,,,,
2026-07-03T21:03:41.777352+00:00,2026-07-03T21:03:41.777281,2,1,118.3,0.4,118.1,150,118.0,51,,,,,,,,,,,,,,,,,118.5,100,,,,,,,,,,,,,,,,,,
2026-07-03T21:03:41.829392+00:00,2026-07-03T21:03:41.829495,2,2,118.3,0.4,118.1,150,118.0,51,,,,,,,,,,,,,,,,,118.5,100,118.6,150,,,,,,,,,,,,,,,,
2026-07-03T21:03:41.841451+00:00,2026-07-03T21:03:41.841409,2,2,118.3,0.4,118.1,150,118.0,51,,,,,,,,,,,,,,,,,118.5,54,118.6,150,,,,,,,,,,,,,,,,
2026-07-03T21:03:42.383082+00:00,2026-07-03T21:03:42.383017,2,2,118.3,0.4,118.1,108,118.0,51,,,,,,,,,,,,,,,,,118.5,54,118.6,150,,,,,,,,,,,,,,,,
2026-07-03T21:03:43.281880+00:00,2026-07-03T21:03:43.282006,1,1,118.35,0.5,118.1,108,,,,,,,,,,,,,,,,,,,118.6,150,,,,,,,,,,,,,,,,,,
2026-07-03T21:03:43.332982+00:00,2026-07-03T21:03:43.332894,2,1,118.4,0.4,118.2,100,118.1,108,,,,,,,,,,,,,,,,,118.6,150,,,,,,,,,,,,,,,,,,
2026-07-03T21:03:43.385764+00:00,2026-07-03T21:03:43.385674,2,2,118.4,0.4,118.2,100,118.1,108,,,,,,,,,,,,,,,,,118.6,150,118.7,100,,,,,,,,,,,,,,,,
2026-07-03T21:03:43.501102+00:00,2026-07-03T21:03:43.501228,2,2,118.4,0.4,118.2,100,118.1,108,,,,,,,,,,,,,,,,,118.6,100,118.7,100,,,,,,,,,,,,,,,,
2026-07-03T21:03:43.786860+00:00,2026-07-03T21:03:43.781458,2,2,118.4,0.4,118.2,89,118.1,108,,,,,,,,,,,,,,,,,118.6,100,118.7,100,,,,,,,,,,,,,,,,
2026-07-03T21:03:44.883126+00:00,2026-07-03T21:03:44.883015,1,1,118.45,0.5,118.2,89,,,,,,,,,,,,,,,,,,,118.7,100,,,,,,,,,,,,,,,,,,
2026-07-03T21:03:44.937371+00:00,2026-07-03T21:03:44.937284,2,1,118.45,0.5,118.2,89,118.1,150,,,,,,,,,,,,,,,,,118.7,100,,,,,,,,,,,,,,,,,,
2026-07-03T21:03:44.989876+00:00,2026-07-03T21:03:44.989780,2,2,118.4,0.4,118.2,89,118.1,150,,,,,,,,,,,,,,,,,118.6,150,118.7,100,,,,,,,,,,,,,,,,
2026-07-03T21:03:45.608314+00:00,2026-07-03T21:03:45.608201,2,2,118.4,0.4,118.2,89,118.1,150,,,,,,,,,,,,,,,,,118.6,100,118.7,100,,,,,,,,,,,,,,,,
2026-07-03T21:03:46.444700+00:00,2026-07-03T21:03:46.444661,1,1,118.35,0.5,118.1,150,,,,,,,,,,,,,,,,,,,118.6,100,,,,,,,,,,,,,,,,,,
2026-07-03T21:03:46.498317+00:00,2026-07-03T21:03:46.498222,1,1,118.35,0.5,118.1,250,,,,,,,,,,,,,,,,,,,118.6,100,,,,,,,,,,,,,,,,,,
2026-07-03T21:03:46.547753+00:00,2026-07-03T21:03:46.547594,1,1,118.35,0.5,118.1,250,,,,,,,,,,,,,,,,,,,118.6,200,,,,,,,,,,,,,,,,,,
2026-07-03T21:03:46.600353+00:00,2026-07-03T21:03:46.600286,1,1,118.35,0.5,118.1,203,,,,,,,,,,,,,,,,,,,118.6,200,,,,,,,,,,,,,,,,,,
2026-07-03T21:03:47.796136+00:00,2026-07-03T21:03:47.795750,1,1,118.35,0.5,118.1,203,,,,,,,,,,,,,,,,,,,118.6,160,,,,,,,,,,,,,,,,,,
2026-07-03T21:03:48.046727+00:00,2026-07-03T21:03:48.046676,1,1,118.35,0.5,118.1,100,,,,,,,,,,,,,,,,,,,118.6,100,,,,,,,,,,,,,,,,,,
2026-07-03T21:03:48.110246+00:00,2026-07-03T21:03:48.103208,2,1,118.5,0.2,118.4,138,118.1,100,,,,,,,,,,,,,,,,,118.6,100,,,,,,,,,,,,,,,,,,
2026-07-03T21:03:48.153468+00:00,2026-07-03T21:03:48.153573,2,2,118.5,0.2,118.4,138,118.1,100,,,,,,,,,,,,,,,,,118.6,100,118.9,150,,,,,,,,,,,,,,,,
2026-07-03T21:03:48.307658+00:00,2026-07-03T21:03:48.307535,2,2,118.5,0.2,118.4,92,118.1,100,,,,,,,,,,,,,,,,,118.6,100,118.9,150,,,,,,,,,,,,,,,,
2026-07-03T21:03:48.718622+00:00,2026-07-03T21:03:48.713168,2,2,118.5,0.2,118.4,81,118.1,100,,,,,,,,,,,,,,,,,118.6,100,118.9,150,,,,,,,,,,,,,,,,
2026-07-03T21:03:49.601055+00:00,2026-07-03T21:03:49.601017,1,1,118.65,0.5,118.4,81,,,,,,,,,,,,,,,,,,,118.9,150,,,,,,,,,,,,,,,,,,
2026-07-03T21:03:49.654469+00:00,2026-07-03T21:03:49.654368,2,1,118.65,0.5,118.4,81,118.2,100,,,,,,,,,,,,,,,,,118.9,150,,,,,,,,,,,,,,,,,,
2026-07-03T21:03:49.707754+00:00,2026-07-03T21:03:49.707874,2,2,118.55,0.3,118.4,81,118.2,100,,,,,,,,,,,,,,,,,118.7,100,118.9,150,,,,,,,,,,,,,,,,
2026-07-03T21:03:49.887241+00:00,2026-07-03T21:03:49.887169,2,2,118.55,0.3,118.4,31,118.2,100,,,,,,,,,,,,,,,,,118.7,100,118.9,150,,,,,,,,,,,,,,,,
2026-07-03T21:03:50.516439+00:00,2026-07-03T21:03:50.516374,2,2,118.55,0.3,118.4,31,118.2,100,,,,,,,,,,,,,,,,,118.7,51,118.9,150,,,,,,,,,,,,,,,,
2026-07-03T21:03:51.208689+00:00,2026-07-03T21:03:51.208659,1,1,118.45,0.5,118.2,100,,,,,,,,,,,,,,,,,,,118.7,51,,,,,,,,,,,,,,,,,,
2026-07-03T21:03:51.264177+00:00,2026-07-03T21:03:51.264067,2,1,118.45,0.5,118.2,100,117.9,150,,,,,,,,,,,,,,,,,118.7,51,,,,,,,,,,,,,,,,,,
2026-07-03T21:03:51.317660+00:00,2026-07-03T21:03:51.317785,2,2,118.3,0.2,118.2,100,117.9,150,,,,,,,,,,,,,,,,,118.4,150,118.7,51,,,,,,,,,,,,,,,,
2026-07-03T21:03:51.576427+00:00,2026-07-03T21:03:51.576526,2,2,118.3,0.2,118.2,100,117.9,150,,,,,,,,,,,,,,,,,118.4,107,118.7,51,,,,,,,,,,,,,,,,
2026-07-03T21:03:51.990815+00:00,2026-07-03T21:03:51.990960,2,2,118.3,0.2,118.2,50,117.9,150,,,,,,,,,,,,,,,,,118.4,107,118.7,51,,,,,,,,,,,,,,,,
2026-07-03T21:03:52.224009+00:00,2026-07-03T21:03:52.223960,2,2,118.3,0.2,118.2,8,117.9,150,,,,,,,,,,,,,,,,,118.4,107,118.7,51,,,,,,,,,,,,,,,,
2026-07-03T21:03:52.764031+00:00,2026-07-03T21:03:52.763883,1,1,118.15,0.5,117.9,150,,,,,,,,,,,,,,,,,,,118.4,107,,,,,,,,,,,,,,,,,,
2026-07-03T21:03:52.818566+00:00,2026-07-03T21:03:52.818439,2,1,118.2,0.4,118.0,100,117.9,150,,,,,,,,,,,,,,,,,118.4,107,,,,,,,,,,,,,,,,,,
2026-07-03T21:03:52.869111+00:00,2026-07-03T21:03:52.869022,2,2,118.2,0.4,118.0,100,117.9,150,,,,,,,,,,,,,,,,,118.4,107,118.5,100,,,,,,,,,,,,,,,,
2026-07-03T21:03:54.098628+00:00,2026-07-03T21:03:54.098435,2,2,118.2,0.4,118.0,50,117.9,150,,,,,,,,,,,,,,,,,118.4,107,118.5,100,,,,,,,,,,,,,,,,
2026-07-03T21:03:54.373763+00:00,2026-07-03T21:03:54.373648,1,1,118.25,0.5,118.0,50,,,,,,,,,,,,,,,,,,,118.5,100,,,,,,,,,,,,,,,,,,
2026-07-03T21:03:54.422344+00:00,2026-07-03T21:03:54.422291,2,1,118.35,0.3,118.2,150,118.0,50,,,,,,,,,,,,,,,,,118.5,100,,,,,,,,,,,,,,,,,,
2026-07-03T21:03:54.478335+00:00,2026-07-03T21:03:54.478215,2,2,118.35,0.3,118.2,150,118.0,50,,,,,,,,,,,,,,,,,118.5,100,118.7,150,,,,,,,,,,,,,,,,
2026-07-03T21:03:54.657051+00:00,2026-07-03T21:03:54.657280,2,2,118.35,0.3,118.2,105,118.0,50,,,,,,,,,,,,,,,,,118.5,100,118.7,150,,,,,,,,,,,,,,,,
2026-07-03T21:03:55.250364+00:00,2026-07-03T21:03:55.250503,2,2,118.35,0.3,118.2,105,118.0,50,,,,,,,,,,,,,,,,,118.5,55,118.7,150,,,,,,,,,,,,,,,,
2026-07-03T21:03:55.941340+00:00,2026-07-03T21:03:55.941451,1,1,118.45,0.5,118.2,105,,,,,,,,,,,,,,,,,,,118.7,150,,,,,,,,,,,,,,,,,,
2026-07-03T21:03:55.994186+00:00,2026-07-03T21:03:55.994123,1,1,118.45,0.5,118.2,205,,,,,,,,,,,,,,,,,,,118.7,150,,,,,,,,,,,,,,,,,,
2026-07-03T21:03:56.047634+00:00,2026-07-03T21:03:56.047598,1,1,118.45,0.5,118.2,205,,,,,,,,,,,,,,,,,,,118.7,250,,,,,,,,,,,,,,,,,,
2026-07-03T21:03:56.209336+00:00,2026-07-03T21:03:56.209255,1,1,118.45,0.5,118.2,155,,,,,,,,,,,,,,,,,,,118.7,250,,,,,,,,,,,,,,,,,,
2026-07-03T21:03:57.533162+00:00,2026-07-03T21:03:57.533053,1,1,118.45,0.5,118.2,100,,,,,,,,,,,,,,,,,,,118.7,100,,,,,,,,,,,,,,,,,,
2026-07-03T21:03:57.588101+00:00,2026-07-03T21:03:57.587992,2,1,118.45,0.5,118.2,100,117.9,150,,,,,,,,,,,,,,,,,118.7,100,,,,,,,,,,,,,,,,,,
2026-07-03T21:03:57.641615+00:00,2026-07-03T21:03:57.641546,2,2,118.3,0.2,118.2,100,117.9,150,,,,,,,,,,,,,,,,,118.4,150,118.7,100,,,,,,,,,,,,,,,,
2026-07-03T21:03:57.651052+00:00,2026-07-03T21:03:57.645441,2,2,118.3,0.2,118.2,100,117.9,150,,,,,,,,,,,,,,,,,118.4,139,118.7,100,,,,,,,,,,,,,,,,
2026-07-03T21:03:58.230626+00:00,2026-07-03T21:03:58.226529,2,2,118.3,0.2,118.2,100,117.9,150,,,,,,,,,,,,,,,,,118.4,127,118.7,100,,,,,,,,,,,,,,,,
2026-07-03T21:03:58.314079+00:00,2026-07-03T21:03:58.314280,2,2,118.3,0.2,118.2,50,117.9,150,,,,,,,,,,,,,,,,,118.4,127,118.7,100,,,,,,,,,,,,,,,,
2026-07-03T21:03:59.104358+00:00,2026-07-03T21:03:59.104502,1,1,118.15,0.5,117.9,150,,,,,,,,,,,,,,,,,,,118.4,127,,,,,,,,,,,,,,,,,,
2026-07-03T21:03:59.159405+00:00,2026-07-03T21:03:59.159368,2,1,118.25,0.3,118.1,100,117.9,150,,,,,,,,,,,,,,,,,118.4,127,,,,,,,,,,,,,,,,,,
2026-07-03T21:03:59.212321+00:00,2026-07-03T21:03:59.212257,2,2,118.25,0.3,118.1,100,117.9,150,,,,,,,,,,,,,,,,,118.4,127,118.6,100,,,,,,,,,,,,,,,,
2026-07-03T21:03:59.548435+00:00,2026-07-03T21:03:59.543066,2,2,118.25,0.3,118.1,100,117.9,150,,,,,,,,,,,,,,,,,118.4,116,118.6,100,,,,,,,,,,,,,,,,
2026-07-03T21:04:00.420793+00:00,2026-07-03T21:04:00.421007,2,2,118.25,0.3,118.1,50,117.9,150,,,,,,,,,,,,,,,,,118.4,116,118.6,100,,,,,,,,,,,,,,,,
2026-07-03T21:04:00.696935+00:00,2026-07-03T21:04:00.696911,1,1,118.35,0.5,118.1,50,,,,,,,,,,,,,,,,,,,118.6,100,,,,,,,,,,,,,,,,,,
2026-07-03T21:04:00.751662+00:00,2026-07-03T21:04:00.751541,2,1,118.4,0.4,118.2,150,118.1,50,,,,,,,,,,,,,,,,,118.6,100,,,,,,,,,,,,,,,,,,
2026-07-03T21:04:00.801080+00:00,2026-07-03T21:04:00.800997,2,2,118.4,0.4,118.2,150,118.1,50,,,,,,,,,,,,,,,,,118.6,100,118.7,150,,,,,,,,,,,,,,,,
2026-07-03T21:04:01.825614+00:00,2026-07-03T21:04:01.825495,2,2,118.4,0.4,118.2,150,118.1,50,,,,,,,,,,,,,,,,,118.6,53,118.7,150,,,,,,,,,,,,,,,,
2026-07-03T21:04:02.273977+00:00,2026-07-03T21:04:02.273863,1,1,118.45,0.5,118.2,150,,,,,,,,,,,,,,,,,,,118.7,150,,,,,,,,,,,,,,,,,,
2026-07-03T21:04:02.330127+00:00,2026-07-03T21:04:02.330004,2,1,118.45,0.5,118.2,150,118.0,100,,,,,,,,,,,,,,,,,118.7,150,,,,,,,,,,,,,,,,,,
2026-07-03T21:04:02.380189+00:00,2026-07-03T21:04:02.380119,2,2,118.35,0.3,118.2,150,118.0,100,,,,,,,,,,,,,,,,,118.5,100,118.7,150,,,,,,,,,,,,,,,,
2026-07-03T21:04:02.528309+00:00,2026-07-03T21:04:02.528202,2,2,118.35,0.3,118.2,100,118.0,100,,,,,,,,,,,,,,,,,118.5,100,118.7,150,,,,,,,,,,,,,,,,
2026-07-03T21:04:02.909290+00:00,2026-07-03T21:04:02.909214,2,2,118.35,0.3,118.2,59,118.0,100,,,,,,,,,,,,,,,,,118.5,100,118.7,150,,,,,,,,,,,,,,,,
2026-07-03T21:04:03.858614+00:00,2026-07-03T21:04:03.854588,1,1,118.25,0.5,118.0,100,,,,,,,,,,,,,,,,,,,118.5,57,,,,,,,,,,,,,,,,,,
2026-07-03T21:04:03.912310+00:00,2026-07-03T21:04:03.912199,2,1,118.25,0.5,118.0,100,117.7,150,,,,,,,,,,,,,,,,,118.5,57,,,,,,,,,,,,,,,,,,
2026-07-03T21:04:03.976292+00:00,2026-07-03T21:04:03.970318,2,2,118.1,0.2,118.0,100,117.7,150,,,,,,,,,,,,,,,,,118.2,139,118.5,57,,,,,,,,,,,,,,,,
2026-07-03T21:04:04.403900+00:00,2026-07-03T21:04:04.403841,2,2,118.1,0.2,118.0,58,117.7,150,,,,,,,,,,,,,,,,,118.2,139,118.5,57,,,,,,,,,,,,,,,,
2026-07-03T21:04:04.635984+00:00,2026-07-03T21:04:04.635902,2,2,118.1,0.2,118.0,8,117.7,150,,,,,,,,,,,,,,,,,118.2,139,118.5,57,,,,,,,,,,,,,,,,
2026-07-03T21:04:05.437979+00:00,2026-07-03T21:04:05.437849,1,1,117.95,0.5,117.7,150,,,,,,,,,,,,,,,,,,,118.2,139,,,,,,,,,,,,,,,,,,
2026-07-03T21:04:05.491869+00:00,2026-07-03T21:04:05.491749,2,1,118.0,0.4,117.8,100,117.7,150,,,,,,,,,,,,,,,,,118.2,139,,,,,,,,,,,,,,,,,,
2026-07-03T21:04:05.546224+00:00,2026-07-03T21:04:05.546152,2,2,118.0,0.4,117.8,100,117.7,150,,,,,,,,,,,,,,,,,118.2,139,118.3,100,,,,,,,,,,,,,,,,
2026-07-03T21:04:06.691022+00:00,2026-07-03T21:04:06.690985,2,2,118.0,0.4,117.8,100,117.7,150,,,,,,,,,,,,,,,,,118.2,89,118.3,100,,,,,,,,,,,,,,,,
2026-07-03T21:04:07.020479+00:00,2026-07-03T21:04:07.020416,1,1,118.05,0.5,117.8,100,,,,,,,,,,,,,,,,,,,118.3,100,,,,,,,,,,,,,,,,,,
2026-07-03T21:04:07.074151+00:00,2026-07-03T21:04:07.074120,1,1,118.05,0.5,117.8,250,,,,,,,,,,,,,,,,,,,118.3,100,,,,,,,,,,,,,,,,,,
2026-07-03T21:04:07.126441+00:00,2026-07-03T21:04:07.126383,1,1,118.05,0.5,117.8,250,,,,,,,,,,,,,,,,,,,118.3,250,,,,,,,,,,,,,,,,,,
2026-07-03T21:04:08.599729+00:00,2026-07-03T21:04:08.599652,1,1,118.05,0.5,117.8,150,,,,,,,,,,,,,,,,,,,118.3,150,,,,,,,,,,,,,,,,,,
2026-07-03T21:04:08.652649+00:00,2026-07-03T21:04:08.652599,1,1,118.05,0.5,117.8,250,,,,,,,,,,,,,,,,,,,118.3,150,,,,,,,,,,,,,,,,,,
2026-07-03T21:04:08.706788+00:00,2026-07-03T21:04:08.706673,1,1,118.05,0.5,117.8,250,,,,,,,,,,,,,,,,,,,118.3,250,,,,,,,,,,,,,,,,,,
2026-07-03T21:04:08.799776+00:00,2026-07-03T21:04:08.799733,1,1,118.05,0.5,117.8,250,,,,,,,,,,,,,,,,,,,118.3,200,,,,,,,,,,,,,,,,,,
2026-07-03T21:04:10.175078+00:00,2026-07-03T21:04:10.175181,1,1,118.05,0.5,117.8,250,,,,,,,,,,,,,,,,,,,118.3,100,,,,,,,,,,,,,,,,,,
2026-07-03T21:04:10.180417+00:00,2026-07-03T21:04:10.180358,1,1,118.05,0.5,117.8,100,,,,,,,,,,,,,,,,,,,118.3,100,,,,,,,,,,,,,,,,,,
2026-07-03T21:04:10.228418+00:00,2026-07-03T21:04:10.228304,2,1,118.1,0.4,117.9,150,117.8,100,,,,,,,,,,,,,,,,,118.3,100,,,,,,,,,,,,,,,,,,
2026-07-03T21:04:10.282986+00:00,2026-07-03T21:04:10.282889,2,2,118.1,0.4,117.9,150,117.8,100,,,,,,,,,,,,,,,,,118.3,100,118.4,150,,,,,,,,,,,,,,,,
2026-07-03T21:04:10.908118+00:00,2026-07-03T21:04:10.908061,2,2,118.1,0.4,117.9,150,117.8,100,,,,,,,,,,,,,,,,,118.3,50,118.4,150,,,,,,,,,,,,,,,,
2026-07-03T21:04:11.752339+00:00,2026-07-03T21:04:11.752533,1,1,118.15,0.5,117.9,150,,,,,,,,,,,,,,,,,,,118.4,150,,,,,,,,,,,,,,,,,,
2026-07-03T21:04:11.813956+00:00,2026-07-03T21:04:11.813848,2,1,118.15,0.5,117.9,150,117.7,100,,,,,,,,,,,,,,,,,118.4,150,,,,,,,,,,,,,,,,,,
