recv_time,book_timestamp,n_bids,n_asks,mid,spread,bid_px_0,bid_vol_0,bid_px_1,bid_vol_1,bid_px_2,bid_vol_2,bid_px_3,bid_vol_3,bid_px_4,bid_vol_4,bid_px_5,bid_vol_5,bid_px_6,bid_vol_6,bid_px_7,bid_vol_7,bid_px_8,bid_vol_8,bid_px_9,bid_vol_9,ask_px_0,ask_vol_0,ask_px_1,ask_vol_1,ask_px_2,ask_vol_2,ask_px_3,ask_vol_3,ask_px_4,ask_vol_4,ask_px_5,ask_vol_5,ask_px_6,ask_vol_6,ask_px_7,ask_vol_7,ask_px_8,ask_vol_8,ask_px_9,ask_vol_9
2026-07-07T13:00:00.401513+00:00,2026-07-07T13:00:00.421395,2,2,139.7,0.4,139.5,150,139.4,112,,,,,,,,,,,,,,,,,139.9,100,140.0,150,,,,,,,,,,,,,,,,
2026-07-07T13:00:01.975989+00:00,2026-07-07T13:00:01.956936,1,1,139.65,0.5,139.4,112,,,,,,,,,,,,,,,,,,,139.9,100,,,,,,,,,,,,,,,,,,
2026-07-07T13:00:02.015774+00:00,2026-07-07T13:00:02.015673,2,1,139.65,0.5,139.4,112,139.3,150,,,,,,,,,,,,,,,,,139.9,100,,,,,,,,,,,,,,,,,,
2026-07-07T13:00:02.069785+00:00,2026-07-07T13:00:02.069871,2,2,139.6,0.4,139.4,112,139.3,150,,,,,,,,,,,,,,,,,139.8,150,139.9,100,,,,,,,,,,,,,,,,
2026-07-07T13:00:02.286980+00:00,2026-07-07T13:00:02.286955,2,1,139.6,0.4,139.4,12,139.3,150,,,,,,,,,,,,,,,,,139.8,150,,,,,,,,,,,,,,,,,,
2026-07-07T13:00:02.341345+00:00,2026-07-07T13:00:02.341287,2,1,139.6,0.4,139.4,112,139.3,150,,,,,,,,,,,,,,,,,139.8,150,,,,,,,,,,,,,,,,,,
2026-07-07T13:00:02.398008+00:00,2026-07-07T13:00:02.398114,2,2,139.6,0.4,139.4,112,139.3,150,,,,,,,,,,,,,,,,,139.8,150,139.9,100,,,,,,,,,,,,,,,,
2026-07-07T13:00:02.942009+00:00,2026-07-07T13:00:02.941896,2,2,139.6,0.4,139.4,100,139.3,162,,,,,,,,,,,,,,,,,139.8,150,139.9,100,,,,,,,,,,,,,,,,
2026-07-07T13:00:03.892631+00:00,2026-07-07T13:00:03.892570,2,2,139.6,0.4,139.4,100,139.3,162,,,,,,,,,,,,,,,,,139.8,107,139.9,100,,,,,,,,,,,,,,,,
2026-07-07T13:00:05.127821+00:00,2026-07-07T13:00:05.127721,2,1,139.65,0.5,139.4,100,139.3,12,,,,,,,,,,,,,,,,,139.9,100,,,,,,,,,,,,,,,,,,
2026-07-07T13:00:05.184845+00:00,2026-07-07T13:00:05.185008,2,1,139.65,0.5,139.4,100,139.3,162,,,,,,,,,,,,,,,,,139.9,100,,,,,,,,,,,,,,,,,,
2026-07-07T13:00:05.238721+00:00,2026-07-07T13:00:05.238863,2,2,139.6,0.4,139.4,100,139.3,162,,,,,,,,,,,,,,,,,139.8,150,139.9,100,,,,,,,,,,,,,,,,
2026-07-07T13:00:05.451060+00:00,2026-07-07T13:00:05.451229,1,1,139.55,0.5,139.3,162,,,,,,,,,,,,,,,,,,,139.8,150,,,,,,,,,,,,,,,,,,
2026-07-07T13:00:05.505516+00:00,2026-07-07T13:00:05.505360,1,1,139.55,0.5,139.3,262,,,,,,,,,,,,,,,,,,,139.8,150,,,,,,,,,,,,,,,,,,
2026-07-07T13:00:05.558596+00:00,2026-07-07T13:00:05.555906,1,1,139.55,0.5,139.3,262,,,,,,,,,,,,,,,,,,,139.8,250,,,,,,,,,,,,,,,,,,
2026-07-07T13:00:05.702873+00:00,2026-07-07T13:00:05.702799,1,1,139.55,0.5,139.3,250,,,,,,,,,,,,,,,,,,,139.8,250,,,,,,,,,,,,,,,,,,
2026-07-07T13:00:05.708000+00:00,2026-07-07T13:00:05.707966,2,1,139.55,0.5,139.3,250,139.0,12,,,,,,,,,,,,,,,,,139.8,250,,,,,,,,,,,,,,,,,,
2026-07-07T13:00:06.117800+00:00,2026-07-07T13:00:06.117772,2,1,139.55,0.5,139.3,250,139.0,12,,,,,,,,,,,,,,,,,139.8,200,,,,,,,,,,,,,,,,,,
2026-07-07T13:00:06.464448+00:00,2026-07-07T13:00:06.464385,2,1,139.55,0.5,139.3,250,138.9,12,,,,,,,,,,,,,,,,,139.8,200,,,,,,,,,,,,,,,,,,
2026-07-07T13:00:06.970031+00:00,2026-07-07T13:00:06.969973,1,1,139.55,0.5,139.3,250,,,,,,,,,,,,,,,,,,,139.8,200,,,,,,,,,,,,,,,,,,
2026-07-07T13:00:06.975365+00:00,2026-07-07T13:00:06.975220,2,1,139.55,0.5,139.3,250,139.0,12,,,,,,,,,,,,,,,,,139.8,200,,,,,,,,,,,,,,,,,,
2026-07-07T13:00:07.483828+00:00,2026-07-07T13:00:07.483729,1,1,139.55,0.5,139.3,250,,,,,,,,,,,,,,,,,,,139.8,200,,,,,,,,,,,,,,,,,,
2026-07-07T13:00:07.520579+00:00,2026-07-07T13:00:07.520436,2,1,139.55,0.5,139.3,250,139.1,12,,,,,,,,,,,,,,,,,139.8,200,,,,,,,,,,,,,,,,,,
2026-07-07T13:00:08.223738+00:00,2026-07-07T13:00:08.223658,2,1,139.55,0.5,139.3,250,139.1,12,,,,,,,,,,,,,,,,,139.8,150,,,,,,,,,,,,,,,,,,
2026-07-07T13:00:08.295078+00:00,2026-07-07T13:00:08.294996,2,1,139.55,0.5,139.3,100,139.1,12,,,,,,,,,,,,,,,,,139.8,100,,,,,,,,,,,,,,,,,,
2026-07-07T13:00:08.347145+00:00,2026-07-07T13:00:08.347056,3,1,139.65,0.3,139.5,150,139.3,100,139.1,12,,,,,,,,,,,,,,,139.8,100,,,,,,,,,,,,,,,,,,
2026-07-07T13:00:08.402825+00:00,2026-07-07T13:00:08.402721,3,2,139.65,0.3,139.5,150,139.3,100,139.1,12,,,,,,,,,,,,,,,139.8,100,140.0,150,,,,,,,,,,,,,,,,
2026-07-07T13:00:08.615789+00:00,2026-07-07T13:00:08.615758,2,1,139.75,0.5,139.5,150,139.1,12,,,,,,,,,,,,,,,,,140.0,150,,,,,,,,,,,,,,,,,,
2026-07-07T13:00:08.670003+00:00,2026-07-07T13:00:08.669866,3,1,139.75,0.5,139.5,150,139.2,100,139.1,12,,,,,,,,,,,,,,,140.0,150,,,,,,,,,,,,,,,,,,
2026-07-07T13:00:08.741818+00:00,2026-07-07T13:00:08.741732,3,2,139.6,0.2,139.5,150,139.2,100,139.1,12,,,,,,,,,,,,,,,139.7,100,140.0,150,,,,,,,,,,,,,,,,
2026-07-07T13:00:09.552479+00:00,2026-07-07T13:00:09.544782,3,2,139.6,0.2,139.5,150,139.2,100,139.1,12,,,,,,,,,,,,,,,139.7,89,140.0,150,,,,,,,,,,,,,,,,
2026-07-07T13:00:09.780939+00:00,2026-07-07T13:00:09.781075,3,2,139.6,0.2,139.5,150,139.3,12,139.2,100,,,,,,,,,,,,,,,139.7,89,140.0,150,,,,,,,,,,,,,,,,
2026-07-07T13:00:10.036605+00:00,2026-07-07T13:00:10.036568,2,2,139.6,0.2,139.5,150,139.2,100,,,,,,,,,,,,,,,,,139.7,89,140.0,150,,,,,,,,,,,,,,,,
2026-07-07T13:00:10.041843+00:00,2026-07-07T13:00:10.041755,2,2,139.6,0.2,139.5,150,139.2,112,,,,,,,,,,,,,,,,,139.7,89,140.0,150,,,,,,,,,,,,,,,,
2026-07-07T13:00:10.335156+00:00,2026-07-07T13:00:10.334999,2,2,139.6,0.2,139.5,150,139.2,112,,,,,,,,,,,,,,,,,139.7,39,140.0,150,,,,,,,,,,,,,,,,
2026-07-07T13:00:10.547058+00:00,2026-07-07T13:00:10.547000,2,2,139.6,0.2,139.5,150,139.2,100,,,,,,,,,,,,,,,,,139.7,39,140.0,150,,,,,,,,,,,,,,,,
2026-07-07T13:00:10.552300+00:00,2026-07-07T13:00:10.552216,3,2,139.6,0.2,139.5,150,139.2,100,139.0,12,,,,,,,,,,,,,,,139.7,39,140.0,150,,,,,,,,,,,,,,,,
2026-07-07T13:00:11.060819+00:00,2026-07-07T13:00:11.060976,2,2,139.6,0.2,139.5,150,139.2,112,,,,,,,,,,,,,,,,,139.7,39,140.0,150,,,,,,,,,,,,,,,,
2026-07-07T13:00:11.454389+00:00,2026-07-07T13:00:11.454297,1,1,139.45,0.5,139.2,112,,,,,,,,,,,,,,,,,,,139.7,39,,,,,,,,,,,,,,,,,,
2026-07-07T13:00:11.511049+00:00,2026-07-07T13:00:11.510956,2,1,139.65,0.1,139.6,150,139.2,112,,,,,,,,,,,,,,,,,139.7,39,,,,,,,,,,,,,,,,,,
2026-07-07T13:00:11.558570+00:00,2026-07-07T13:00:11.556996,2,2,139.65,0.1,139.6,150,139.2,112,,,,,,,,,,,,,,,,,139.7,39,140.1,150,,,,,,,,,,,,,,,,
2026-07-07T13:00:11.797698+00:00,2026-07-07T13:00:11.790640,2,1,139.85,0.5,139.6,150,139.2,12,,,,,,,,,,,,,,,,,140.1,150,,,,,,,,,,,,,,,,,,
2026-07-07T13:00:11.819182+00:00,2026-07-07T13:00:11.819313,2,1,139.85,0.5,139.6,150,139.2,12,,,,,,,,,,,,,,,,,140.1,150,,,,,,,,,,,,,,,,,,
2026-07-07T13:00:11.853640+00:00,2026-07-07T13:00:11.853544,3,1,139.85,0.5,139.6,150,139.5,100,139.2,12,,,,,,,,,,,,,,,140.1,150,,,,,,,,,,,,,,,,,,
2026-07-07T13:00:11.904567+00:00,2026-07-07T13:00:11.904449,3,2,139.8,0.4,139.6,150,139.5,100,139.2,12,,,,,,,,,,,,,,,140.0,100,140.1,150,,,,,,,,,,,,,,,,
2026-07-07T13:00:12.328474+00:00,2026-07-07T13:00:12.328418,3,2,139.8,0.4,139.6,150,139.5,100,139.3,12,,,,,,,,,,,,,,,140.0,100,140.1,150,,,,,,,,,,,,,,,,
2026-07-07T13:00:13.089289+00:00,2026-07-07T13:00:13.089254,2,2,139.8,0.4,139.6,150,139.5,100,,,,,,,,,,,,,,,,,140.0,100,140.1,150,,,,,,,,,,,,,,,,
2026-07-07T13:00:13.094560+00:00,2026-07-07T13:00:13.094469,3,2,139.8,0.4,139.6,150,139.5,100,139.2,12,,,,,,,,,,,,,,,140.0,100,140.1,150,,,,,,,,,,,,,,,,
2026-07-07T13:00:13.852404+00:00,2026-07-07T13:00:13.852286,2,2,139.8,0.4,139.6,150,139.5,100,,,,,,,,,,,,,,,,,140.0,100,140.1,150,,,,,,,,,,,,,,,,
2026-07-07T13:00:13.858586+00:00,2026-07-07T13:00:13.857491,3,2,139.8,0.4,139.6,150,139.5,100,139.3,12,,,,,,,,,,,,,,,140.0,100,140.1,150,,,,,,,,,,,,,,,,
2026-07-07T13:00:14.545666+00:00,2026-07-07T13:00:14.545616,3,2,139.8,0.4,139.6,150,139.5,100,139.3,12,,,,,,,,,,,,,,,140.0,50,140.1,150,,,,,,,,,,,,,,,,
2026-07-07T13:00:14.617923+00:00,2026-07-07T13:00:14.617766,2,1,139.75,0.5,139.5,100,139.3,12,,,,,,,,,,,,,,,,,140.0,50,,,,,,,,,,,,,,,,,,
2026-07-07T13:00:14.682099+00:00,2026-07-07T13:00:14.676101,3,1,139.85,0.3,139.7,139,139.5,100,139.3,12,,,,,,,,,,,,,,,140.0,50,,,,,,,,,,,,,,,,,,
2026-07-07T13:00:14.719501+00:00,2026-07-07T13:00:14.719421,3,2,139.85,0.3,139.7,139,139.5,100,139.3,12,,,,,,,,,,,,,,,140.0,50,140.2,150,,,,,,,,,,,,,,,,
2026-07-07T13:00:14.958643+00:00,2026-07-07T13:00:14.956844,2,1,139.95,0.5,139.7,139,139.3,12,,,,,,,,,,,,,,,,,140.2,150,,,,,,,,,,,,,,,,,,
2026-07-07T13:00:15.010243+00:00,2026-07-07T13:00:15.010182,2,1,139.95,0.5,139.7,239,139.3,12,,,,,,,,,,,,,,,,,140.2,150,,,,,,,,,,,,,,,,,,
2026-07-07T13:00:15.058574+00:00,2026-07-07T13:00:15.056604,2,1,139.95,0.5,139.7,239,139.3,12,,,,,,,,,,,,,,,,,140.2,250,,,,,,,,,,,,,,,,,,
2026-07-07T13:00:15.111711+00:00,2026-07-07T13:00:15.111810,1,1,139.95,0.5,139.7,239,,,,,,,,,,,,,,,,,,,140.2,250,,,,,,,,,,,,,,,,,,
2026-07-07T13:00:15.117053+00:00,2026-07-07T13:00:15.116967,2,1,139.95,0.5,139.7,239,139.3,12,,,,,,,,,,,,,,,,,140.2,250,,,,,,,,,,,,,,,,,,
2026-07-07T13:00:16.653239+00:00,2026-07-07T13:00:16.653173,2,1,139.95,0.5,139.7,239,139.3,12,,,,,,,,,,,,,,,,,140.2,200,,,,,,,,,,,,,,,,,,
2026-07-07T13:00:17.791524+00:00,2026-07-07T13:00:17.791382,2,1,139.95,0.5,139.7,239,139.3,12,,,,,,,,,,,,,,,,,140.2,100,,,,,,,,,,,,,,,,,,
2026-07-07T13:00:17.796690+00:00,2026-07-07T13:00:17.796576,2,1,139.95,0.5,139.7,100,139.3,12,,,,,,,,,,,,,,,,,140.2,100,,,,,,,,,,,,,,,,,,
2026-07-07T13:00:17.860477+00:00,2026-07-07T13:00:17.854618,3,1,140.05,0.3,139.9,138,139.7,100,139.3,12,,,,,,,,,,,,,,,140.2,100,,,,,,,,,,,,,,,,,,
2026-07-07T13:00:17.904521+00:00,2026-07-07T13:00:17.904448,3,2,140.05,0.3,139.9,138,139.7,100,139.3,12,,,,,,,,,,,,,,,140.2,100,140.4,150,,,,,,,,,,,,,,,,
2026-07-07T13:00:17.983885+00:00,2026-07-07T13:00:17.978043,3,2,140.05,0.3,139.9,127,139.7,100,139.3,12,,,,,,,,,,,,,,,140.2,100,140.4,150,,,,,,,,,,,,,,,,
2026-07-07T13:00:18.125599+00:00,2026-07-07T13:00:18.118166,1,1,140.15,0.5,139.9,127,,,,,,,,,,,,,,,,,,,140.4,150,,,,,,,,,,,,,,,,,,
2026-07-07T13:00:18.141290+00:00,2026-07-07T13:00:18.141072,2,1,140.15,0.5,139.9,127,139.3,12,,,,,,,,,,,,,,,,,140.4,150,,,,,,,,,,,,,,,,,,
2026-07-07T13:00:18.171526+00:00,2026-07-07T13:00:18.171488,3,1,140.15,0.5,139.9,127,139.6,100,139.3,12,,,,,,,,,,,,,,,140.4,150,,,,,,,,,,,,,,,,,,
2026-07-07T13:00:18.228558+00:00,2026-07-07T13:00:18.228399,3,2,140.0,0.2,139.9,127,139.6,100,139.3,12,,,,,,,,,,,,,,,140.1,100,140.4,150,,,,,,,,,,,,,,,,
2026-07-07T13:00:18.393847+00:00,2026-07-07T13:00:18.394008,2,2,140.0,0.2,139.9,127,139.6,100,,,,,,,,,,,,,,,,,140.1,100,140.4,150,,,,,,,,,,,,,,,,
2026-07-07T13:00:18.425637+00:00,2026-07-07T13:00:18.425566,3,2,140.0,0.2,139.9,127,139.6,100,139.3,12,,,,,,,,,,,,,,,140.1,100,140.4,150,,,,,,,,,,,,,,,,
2026-07-07T13:00:18.812059+00:00,2026-07-07T13:00:18.812021,3,2,140.0,0.2,139.9,77,139.6,100,139.3,12,,,,,,,,,,,,,,,140.1,100,140.4,150,,,,,,,,,,,,,,,,
2026-07-07T13:00:19.184748+00:00,2026-07-07T13:00:19.184650,2,2,140.0,0.2,139.9,77,139.6,100,,,,,,,,,,,,,,,,,140.1,100,140.4,150,,,,,,,,,,,,,,,,
2026-07-07T13:00:19.190055+00:00,2026-07-07T13:00:19.189916,3,2,140.0,0.2,139.9,77,139.6,100,139.2,12,,,,,,,,,,,,,,,140.1,100,140.4,150,,,,,,,,,,,,,,,,
2026-07-07T13:00:20.046313+00:00,2026-07-07T13:00:20.039980,3,2,140.0,0.2,139.9,65,139.6,100,139.2,12,,,,,,,,,,,,,,,140.1,100,140.4,150,,,,,,,,,,,,,,,,
2026-07-07T13:00:20.958579+00:00,2026-07-07T13:00:20.957682,2,1,139.85,0.5,139.6,100,139.2,12,,,,,,,,,,,,,,,,,140.1,100,,,,,,,,,,,,,,,,,,
2026-07-07T13:00:21.017461+00:00,2026-07-07T13:00:21.017389,3,1,139.85,0.5,139.6,100,139.4,150,139.2,12,,,,,,,,,,,,,,,140.1,100,,,,,,,,,,,,,,,,,,
2026-07-07T13:00:21.065519+00:00,2026-07-07T13:00:21.065662,3,2,139.75,0.3,139.6,100,139.4,150,139.2,12,,,,,,,,,,,,,,,139.9,150,140.1,100,,,,,,,,,,,,,,,,
2026-07-07T13:00:21.196245+00:00,2026-07-07T13:00:21.196213,2,2,139.75,0.3,139.6,100,139.4,150,,,,,,,,,,,,,,,,,139.9,150,140.1,100,,,,,,,,,,,,,,,,
2026-07-07T13:00:21.201579+00:00,2026-07-07T13:00:21.201451,3,2,139.75,0.3,139.6,100,139.4,150,139.1,12,,,,,,,,,,,,,,,139.9,150,140.1,100,,,,,,,,,,,,,,,,
2026-07-07T13:00:21.280675+00:00,2026-07-07T13:00:21.280578,2,1,139.65,0.5,139.4,150,139.1,12,,,,,,,,,,,,,,,,,139.9,150,,,,,,,,,,,,,,,,,,
2026-07-07T13:00:21.334905+00:00,2026-07-07T13:00:21.335001,3,1,139.7,0.4,139.5,100,139.4,150,139.1,12,,,,,,,,,,,,,,,139.9,150,,,,,,,,,,,,,,,,,,
2026-07-07T13:00:21.390389+00:00,2026-07-07T13:00:21.390287,3,2,139.7,0.4,139.5,100,139.4,150,139.1,12,,,,,,,,,,,,,,,139.9,150,140.0,100,,,,,,,,,,,,,,,,
2026-07-07T13:00:21.435992+00:00,2026-07-07T13:00:21.436160,3,2,139.7,0.4,139.5,58,139.4,150,139.1,12,,,,,,,,,,,,,,,139.9,150,140.0,100,,,,,,,,,,,,,,,,
2026-07-07T13:00:21.702136+00:00,2026-07-07T13:00:21.702034,2,2,139.7,0.4,139.5,58,139.4,150,,,,,,,,,,,,,,,,,139.9,150,140.0,100,,,,,,,,,,,,,,,,
2026-07-07T13:00:21.707291+00:00,2026-07-07T13:00:21.707245,3,2,139.7,0.4,139.5,58,139.4,150,139.2,12,,,,,,,,,,,,,,,139.9,150,140.0,100,,,,,,,,,,,,,,,,
2026-07-07T13:00:22.074113+00:00,2026-07-07T13:00:22.073987,3,2,139.7,0.4,139.5,11,139.4,150,139.2,12,,,,,,,,,,,,,,,139.9,150,140.0,100,,,,,,,,,,,,,,,,
2026-07-07T13:00:22.971356+00:00,2026-07-07T13:00:22.971241,3,2,139.7,0.4,139.5,11,139.4,150,139.2,12,,,,,,,,,,,,,,,139.9,100,140.0,100,,,,,,,,,,,,,,,,
2026-07-07T13:00:23.636637+00:00,2026-07-07T13:00:23.636455,2,2,139.65,0.5,139.4,150,139.2,12,,,,,,,,,,,,,,,,,139.9,100,140.0,100,,,,,,,,,,,,,,,,
2026-07-07T13:00:24.123827+00:00,2026-07-07T13:00:24.123734,1,1,139.6,0.8,139.2,12,,,,,,,,,,,,,,,,,,,140.0,100,,,,,,,,,,,,,,,,,,
2026-07-07T13:00:24.178315+00:00,2026-07-07T13:00:24.178429,2,1,139.8,0.4,139.6,150,139.2,12,,,,,,,,,,,,,,,,,140.0,100,,,,,,,,,,,,,,,,,,
2026-07-07T13:00:24.227348+00:00,2026-07-07T13:00:24.227216,2,2,139.8,0.4,139.6,150,139.2,12,,,,,,,,,,,,,,,,,140.0,100,140.1,150,,,,,,,,,,,,,,,,
2026-07-07T13:00:24.272790+00:00,2026-07-07T13:00:24.272708,2,2,139.8,0.4,139.6,150,139.2,12,,,,,,,,,,,,,,,,,140.0,52,140.1,150,,,,,,,,,,,,,,,,
2026-07-07T13:00:24.474322+00:00,2026-07-07T13:00:24.474277,2,1,139.85,0.5,139.6,150,139.2,12,,,,,,,,,,,,,,,,,140.1,150,,,,,,,,,,,,,,,,,,
2026-07-07T13:00:24.528459+00:00,2026-07-07T13:00:24.528254,3,1,139.85,0.5,139.6,150,139.4,100,139.2,12,,,,,,,,,,,,,,,140.1,150,,,,,,,,,,,,,,,,,,
2026-07-07T13:00:24.581061+00:00,2026-07-07T13:00:24.581012,3,2,139.75,0.3,139.6,150,139.4,100,139.2,12,,,,,,,,,,,,,,,139.9,100,140.1,150,,,,,,,,,,,,,,,,
2026-07-07T13:00:25.079470+00:00,2026-07-07T13:00:25.079682,3,2,139.75,0.3,139.6,150,139.4,100,139.2,12,,,,,,,,,,,,,,,139.9,50,140.1,150,,,,,,,,,,,,,,,,
2026-07-07T13:00:25.680136+00:00,2026-07-07T13:00:25.680050,3,2,139.75,0.3,139.6,150,139.4,100,139.2,12,,,,,,,,,,,,,,,139.9,5,140.1,150,,,,,,,,,,,,,,,,
2026-07-07T13:00:26.765825+00:00,2026-07-07T13:00:26.765999,3,2,139.75,0.3,139.6,103,139.4,100,139.2,12,,,,,,,,,,,,,,,139.9,5,140.1,150,,,,,,,,,,,,,,,,
2026-07-07T13:00:27.195049+00:00,2026-07-07T13:00:27.194926,3,1,139.85,0.5,139.6,103,139.4,100,139.2,12,,,,,,,,,,,,,,,140.1,105,,,,,,,,,,,,,,,,,,
2026-07-07T13:00:27.286754+00:00,2026-07-07T13:00:27.286624,2,0,,,139.4,100,139.2,12,,,,,,,,,,,,,,,,,,,,,,,,,,,,,,,,,,,,
2026-07-07T13:00:27.342343+00:00,2026-07-07T13:00:27.342216,3,0,,,139.6,150,139.4,100,139.2,12,,,,,,,,,,,,,,,,,,,,,,,,,,,,,,,,,,
2026-07-07T13:00:27.395915+00:00,2026-07-07T13:00:27.395843,3,1,139.85,0.5,139.6,150,139.4,100,139.2,12,,,,,,,,,,,,,,,140.1,150,,,,,,,,,,,,,,,,,,
2026-07-07T13:00:27.636491+00:00,2026-07-07T13:00:27.636613,2,1,139.85,0.5,139.6,150,139.2,12,,,,,,,,,,,,,,,,,140.1,150,,,,,,,,,,,,,,,,,,
2026-07-07T13:00:27.689630+00:00,2026-07-07T13:00:27.689579,3,1,139.9,0.4,139.7,100,139.6,150,139.2,12,,,,,,,,,,,,,,,140.1,150,,,,,,,,,,,,,,,,,,
2026-07-07T13:00:27.742027+00:00,2026-07-07T13:00:27.741926,3,2,139.9,0.4,139.7,100,139.6,150,139.2,12,,,,,,,,,,,,,,,140.1,150,140.2,100,,,,,,,,,,,,,,,,
2026-07-07T13:00:27.854899+00:00,2026-07-07T13:00:27.854774,3,2,139.9,0.4,139.7,57,139.6,150,139.2,12,,,,,,,,,,,,,,,140.1,150,140.2,100,,,,,,,,,,,,,,,,
2026-07-07T13:00:28.495385+00:00,2026-07-07T13:00:28.495559,3,2,139.9,0.4,139.7,57,139.6,150,139.2,12,,,,,,,,,,,,,,,140.1,104,140.2,100,,,,,,,,,,,,,,,,
2026-07-07T13:00:29.299348+00:00,2026-07-07T13:00:29.299220,3,2,139.9,0.4,139.7,57,139.6,150,139.2,12,,,,,,,,,,,,,,,140.1,54,140.2,100,,,,,,,,,,,,,,,,
2026-07-07T13:00:30.143080+00:00,2026-07-07T13:00:30.143387,3,2,139.9,0.4,139.7,57,139.6,150,139.3,12,,,,,,,,,,,,,,,140.1,54,140.2,100,,,,,,,,,,,,,,,,
2026-07-07T13:00:30.431792+00:00,2026-07-07T13:00:30.431734,3,2,139.9,0.4,139.7,9,139.6,150,139.3,12,,,,,,,,,,,,,,,140.1,54,140.2,100,,,,,,,,,,,,,,,,
2026-07-07T13:00:30.450465+00:00,2026-07-07T13:00:30.450359,2,1,139.95,0.5,139.7,9,139.3,12,,,,,,,,,,,,,,,,,140.2,100,,,,,,,,,,,,,,,,,,
2026-07-07T13:00:30.520865+00:00,2026-07-07T13:00:30.520795,3,1,140.05,0.3,139.9,150,139.7,9,139.3,12,,,,,,,,,,,,,,,140.2,100,,,,,,,,,,,,,,,,,,
2026-07-07T13:00:30.580065+00:00,2026-07-07T13:00:30.579850,3,2,140.05,0.3,139.9,150,139.7,9,139.3,12,,,,,,,,,,,,,,,140.2,100,140.4,150,,,,,,,,,,,,,,,,
2026-07-07T13:00:30.650112+00:00,2026-07-07T13:00:30.650007,2,2,140.05,0.3,139.9,150,139.7,9,,,,,,,,,,,,,,,,,140.2,100,140.4,150,,,,,,,,,,,,,,,,
2026-07-07T13:00:30.658634+00:00,2026-07-07T13:00:30.655246,3,2,140.05,0.3,139.9,150,139.7,9,139.4,12,,,,,,,,,,,,,,,140.2,100,140.4,150,,,,,,,,,,,,,,,,
2026-07-07T13:00:30.797778+00:00,2026-07-07T13:00:30.797702,2,1,140.15,0.5,139.9,150,139.4,12,,,,,,,,,,,,,,,,,140.4,150,,,,,,,,,,,,,,,,,,
2026-07-07T13:00:30.852469+00:00,2026-07-07T13:00:30.852329,3,1,140.15,0.5,139.9,150,139.5,100,139.4,12,,,,,,,,,,,,,,,140.4,150,,,,,,,,,,,,,,,,,,
2026-07-07T13:00:30.901365+00:00,2026-07-07T13:00:30.901286,3,2,139.95,0.1,139.9,150,139.5,100,139.4,12,,,,,,,,,,,,,,,140.0,100,140.4,150,,,,,,,,,,,,,,,,
2026-07-07T13:00:30.906605+00:00,2026-07-07T13:00:30.906489,2,2,139.95,0.1,139.9,150,139.5,100,,,,,,,,,,,,,,,,,140.0,100,140.4,150,,,,,,,,,,,,,,,,
2026-07-07T13:00:30.911721+00:00,2026-07-07T13:00:30.911681,3,2,139.95,0.1,139.9,150,139.5,100,139.4,12,,,,,,,,,,,,,,,140.0,100,140.4,150,,,,,,,,,,,,,,,,
2026-07-07T13:00:31.419135+00:00,2026-07-07T13:00:31.406793,3,2,139.95,0.1,139.9,150,139.5,100,139.4,12,,,,,,,,,,,,,,,140.0,50,140.4,150,,,,,,,,,,,,,,,,
2026-07-07T13:00:32.007298+00:00,2026-07-07T13:00:32.007251,3,2,139.95,0.1,139.9,107,139.5,100,139.4,12,,,,,,,,,,,,,,,140.0,50,140.4,150,,,,,,,,,,,,,,,,
2026-07-07T13:00:33.593726+00:00,2026-07-07T13:00:33.593640,3,2,139.95,0.1,139.9,57,139.5,100,139.4,12,,,,,,,,,,,,,,,140.0,50,140.4,150,,,,,,,,,,,,,,,,
2026-07-07T13:00:33.635768+00:00,2026-07-07T13:00:33.635631,2,1,139.75,0.5,139.5,100,139.4,12,,,,,,,,,,,,,,,,,140.0,50,,,,,,,,,,,,,,,,,,
2026-07-07T13:00:33.688368+00:00,2026-07-07T13:00:33.688301,3,1,139.85,0.3,139.7,150,139.5,100,139.4,12,,,,,,,,,,,,,,,140.0,50,,,,,,,,,,,,,,,,,,
2026-07-07T13:00:33.745579+00:00,2026-07-07T13:00:33.745549,3,2,139.85,0.3,139.7,150,139.5,100,139.4,12,,,,,,,,,,,,,,,140.0,50,140.2,150,,,,,,,,,,,,,,,,
2026-07-07T13:00:33.960276+00:00,2026-07-07T13:00:33.960221,2,1,139.95,0.5,139.7,150,139.4,12,,,,,,,,,,,,,,,,,140.2,150,,,,,,,,,,,,,,,,,,
2026-07-07T13:00:34.017758+00:00,2026-07-07T13:00:34.017618,2,1,139.95,0.5,139.7,250,139.4,12,,,,,,,,,,,,,,,,,140.2,150,,,,,,,,,,,,,,,,,,
2026-07-07T13:00:34.065467+00:00,2026-07-07T13:00:34.065414,2,1,139.95,0.5,139.7,250,139.4,12,,,,,,,,,,,,,,,,,140.2,250,,,,,,,,,,,,,,,,,,
2026-07-07T13:00:34.173914+00:00,2026-07-07T13:00:34.174122,2,1,139.95,0.5,139.7,250,139.4,12,,,,,,,,,,,,,,,,,140.2,250,,,,,,,,,,,,,,,,,,
2026-07-07T13:00:34.681176+00:00,2026-07-07T13:00:34.681335,2,1,139.95,0.5,139.7,250,139.3,12,,,,,,,,,,,,,,,,,140.2,250,,,,,,,,,,,,,,,,,,
2026-07-07T13:00:35.704188+00:00,2026-07-07T13:00:35.704040,2,1,139.95,0.5,139.7,200,139.3,12,,,,,,,,,,,,,,,,,140.2,250,,,,,,,,,,,,,,,,,,
2026-07-07T13:00:36.800469+00:00,2026-07-07T13:00:36.800362,2,1,139.95,0.5,139.7,100,139.3,12,,,,,,,,,,,,,,,,,140.2,100,,,,,,,,,,,,,,,,,,
2026-07-07T13:00:36.854842+00:00,2026-07-07T13:00:36.854712,2,1,139.95,0.5,139.7,100,139.3,162,,,,,,,,,,,,,,,,,140.2,100,,,,,,,,,,,,,,,,,,
2026-07-07T13:00:36.907866+00:00,2026-07-07T13:00:36.907976,2,2,139.75,0.1,139.7,100,139.3,162,,,,,,,,,,,,,,,,,139.8,150,140.2,100,,,,,,,,,,,,,,,,
2026-07-07T13:00:36.944108+00:00,2026-07-07T13:00:36.944024,2,2,139.75,0.1,139.7,100,139.3,162,,,,,,,,,,,,,,,,,139.8,150,140.2,100,,,,,,,,,,,,,,,,
2026-07-07T13:00:37.122965+00:00,2026-07-07T13:00:37.122937,1,1,139.55,0.5,139.3,162,,,,,,,,,,,,,,,,,,,139.8,150,,,,,,,,,,,,,,,,,,
2026-07-07T13:00:37.185306+00:00,2026-07-07T13:00:37.185190,2,1,139.65,0.3,139.5,100,139.3,162,,,,,,,,,,,,,,,,,139.8,150,,,,,,,,,,,,,,,,,,
2026-07-07T13:00:37.240467+00:00,2026-07-07T13:00:37.240324,2,2,139.65,0.3,139.5,100,139.3,162,,,,,,,,,,,,,,,,,139.8,150,140.0,100,,,,,,,,,,,,,,,,
2026-07-07T13:00:37.842371+00:00,2026-07-07T13:00:37.842304,2,2,139.65,0.3,139.5,50,139.3,162,,,,,,,,,,,,,,,,,139.8,150,140.0,100,,,,,,,,,,,,,,,,
2026-07-07T13:00:39.858666+00:00,2026-07-07T13:00:39.855472,2,2,139.65,0.3,139.5,50,139.3,162,,,,,,,,,,,,,,,,,139.8,103,140.0,100,,,,,,,,,,,,,,,,
2026-07-07T13:00:39.950637+00:00,2026-07-07T13:00:39.950561,1,2,139.55,0.5,139.3,162,,,,,,,,,,,,,,,,,,,139.8,103,140.0,100,,,,,,,,,,,,,,,,
2026-07-07T13:00:39.958593+00:00,2026-07-07T13:00:39.958020,1,1,139.65,0.7,139.3,12,,,,,,,,,,,,,,,,,,,140.0,100,,,,,,,,,,,,,,,,,,
2026-07-07T13:00:40.018792+00:00,2026-07-07T13:00:40.018688,2,1,139.75,0.5,139.5,150,139.3,12,,,,,,,,,,,,,,,,,140.0,100,,,,,,,,,,,,,,,,,,
2026-07-07T13:00:40.072621+00:00,2026-07-07T13:00:40.072583,2,1,139.75,0.5,139.5,150,139.3,12,,,,,,,,,,,,,,,,,140.0,250,,,,,,,,,,,,,,,,,,
2026-07-07T13:00:40.206995+00:00,2026-07-07T13:00:40.206906,1,1,139.75,0.5,139.5,150,,,,,,,,,,,,,,,,,,,140.0,250,,,,,,,,,,,,,,,,,,
2026-07-07T13:00:40.212249+00:00,2026-07-07T13:00:40.212152,2,1,139.75,0.5,139.5,150,139.2,12,,,,,,,,,,,,,,,,,140.0,250,,,,,,,,,,,,,,,,,,
2026-07-07T13:00:40.297431+00:00,2026-07-07T13:00:40.297380,2,1,139.75,0.5,139.5,150,139.2,12,,,,,,,,,,,,,,,,,140.0,150,,,,,,,,,,,,,,,,,,
2026-07-07T13:00:40.350939+00:00,2026-07-07T13:00:40.350845,2,1,139.75,0.5,139.5,150,139.2,112,,,,,,,,,,,,,,,,,140.0,150,,,,,,,,,,,,,,,,,,
2026-07-07T13:00:40.405180+00:00,2026-07-07T13:00:40.405084,2,2,139.6,0.2,139.5,150,139.2,112,,,,,,,,,,,,,,,,,139.7,100,140.0,150,,,,,,,,,,,,,,,,
2026-07-07T13:00:40.465652+00:00,2026-07-07T13:00:40.465823,2,2,139.6,0.2,139.5,150,139.2,112,,,,,,,,,,,,,,,,,139.7,100,140.0,150,,,,,,,,,,,,,,,,
2026-07-07T13:00:40.944603+00:00,2026-07-07T13:00:40.944487,2,2,139.6,0.2,139.5,150,139.2,112,,,,,,,,,,,,,,,,,139.7,57,140.0,150,,,,,,,,,,,,,,,,
2026-07-07T13:00:42.058669+00:00,2026-07-07T13:00:42.056105,2,2,139.6,0.2,139.5,100,139.2,112,,,,,,,,,,,,,,,,,139.7,57,140.0,150,,,,,,,,,,,,,,,,
2026-07-07T13:00:42.372546+00:00,2026-07-07T13:00:42.363890,2,2,139.6,0.2,139.5,100,139.2,112,,,,,,,,,,,,,,,,,139.7,45,140.0,150,,,,,,,,,,,,,,,,
2026-07-07T13:00:42.478398+00:00,2026-07-07T13:00:42.478358,3,2,139.6,0.2,139.5,100,139.3,12,139.2,100,,,,,,,,,,,,,,,139.7,45,140.0,150,,,,,,,,,,,,,,,,
2026-07-07T13:00:43.126933+00:00,2026-07-07T13:00:43.126897,2,1,139.5,0.4,139.3,12,139.2,100,,,,,,,,,,,,,,,,,139.7,45,,,,,,,,,,,,,,,,,,
2026-07-07T13:00:43.181726+00:00,2026-07-07T13:00:43.181644,3,1,139.6,0.2,139.5,150,139.3,12,139.2,100,,,,,,,,,,,,,,,139.7,45,,,,,,,,,,,,,,,,,,
2026-07-07T13:00:43.251121+00:00,2026-07-07T13:00:43.250916,3,2,139.6,0.2,139.5,150,139.3,12,139.2,100,,,,,,,,,,,,,,,139.7,45,139.9,150,,,,,,,,,,,,,,,,
2026-07-07T13:00:43.458642+00:00,2026-07-07T13:00:43.456006,2,1,139.7,0.4,139.5,150,139.3,12,,,,,,,,,,,,,,,,,139.9,150,,,,,,,,,,,,,,,,,,
2026-07-07T13:00:43.516034+00:00,2026-07-07T13:00:43.516144,2,1,139.7,0.4,139.5,250,139.3,12,,,,,,,,,,,,,,,,,139.9,150,,,,,,,,,,,,,,,,,,
2026-07-07T13:00:43.569533+00:00,2026-07-07T13:00:43.569643,2,2,139.7,0.4,139.5,250,139.3,12,,,,,,,,,,,,,,,,,139.9,150,140.0,100,,,,,,,,,,,,,,,,
2026-07-07T13:00:44.185793+00:00,2026-07-07T13:00:44.185727,2,2,139.7,0.4,139.5,200,139.3,12,,,,,,,,,,,,,,,,,139.9,150,140.0,100,,,,,,,,,,,,,,,,
2026-07-07T13:00:44.563647+00:00,2026-07-07T13:00:44.563887,2,2,139.7,0.4,139.5,155,139.3,12,,,,,,,,,,,,,,,,,139.9,150,140.0,100,,,,,,,,,,,,,,,,
2026-07-07T13:00:45.152521+00:00,2026-07-07T13:00:45.152349,2,2,139.7,0.4,139.5,155,139.3,12,,,,,,,,,,,,,,,,,139.9,105,140.0,100,,,,,,,,,,,,,,,,
2026-07-07T13:00:46.304150+00:00,2026-07-07T13:00:46.304081,2,1,139.75,0.5,139.5,155,139.3,12,,,,,,,,,,,,,,,,,140.0,100,,,,,,,,,,,,,,,,,,
2026-07-07T13:00:46.309503+00:00,2026-07-07T13:00:46.309322,2,1,139.75,0.5,139.5,100,139.3,12,,,,,,,,,,,,,,,,,140.0,100,,,,,,,,,,,,,,,,,,
2026-07-07T13:00:46.371151+00:00,2026-07-07T13:00:46.371036,3,1,139.75,0.5,139.5,100,139.3,12,139.2,150,,,,,,,,,,,,,,,140.0,100,,,,,,,,,,,,,,,,,,
2026-07-07T13:00:46.418086+00:00,2026-07-07T13:00:46.417968,3,2,139.6,0.2,139.5,100,139.3,12,139.2,150,,,,,,,,,,,,,,,139.7,150,140.0,100,,,,,,,,,,,,,,,,
2026-07-07T13:00:46.622193+00:00,2026-07-07T13:00:46.622150,2,1,139.5,0.4,139.3,12,139.2,150,,,,,,,,,,,,,,,,,139.7,150,,,,,,,,,,,,,,,,,,
2026-07-07T13:00:46.674881+00:00,2026-07-07T13:00:46.675033,3,1,139.55,0.3,139.4,100,139.3,12,139.2,150,,,,,,,,,,,,,,,139.7,150,,,,,,,,,,,,,,,,,,
2026-07-07T13:00:46.734274+00:00,2026-07-07T13:00:46.734400,3,2,139.55,0.3,139.4,100,139.3,12,139.2,150,,,,,,,,,,,,,,,139.7,150,139.9,100,,,,,,,,,,,,,,,,
2026-07-07T13:00:46.885766+00:00,2026-07-07T13:00:46.885691,3,2,139.55,0.3,139.4,100,139.3,12,139.2,150,,,,,,,,,,,,,,,139.7,104,139.9,100,,,,,,,,,,,,,,,,
2026-07-07T13:00:48.917933+00:00,2026-07-07T13:00:48.909237,3,2,139.55,0.3,139.4,100,139.3,12,139.2,150,,,,,,,,,,,,,,,139.7,93,139.9,100,,,,,,,,,,,,,,,,
2026-07-07T13:00:48.963063+00:00,2026-07-07T13:00:48.963014,3,2,139.55,0.3,139.4,60,139.3,12,139.2,150,,,,,,,,,,,,,,,139.7,93,139.9,100,,,,,,,,,,,,,,,,
2026-07-07T13:00:49.476982+00:00,2026-07-07T13:00:49.476899,2,1,139.65,0.5,139.4,60,139.3,12,,,,,,,,,,,,,,,,,139.9,100,,,,,,,,,,,,,,,,,,
2026-07-07T13:00:49.530539+00:00,2026-07-07T13:00:49.530435,3,1,139.75,0.3,139.6,150,139.4,60,139.3,12,,,,,,,,,,,,,,,139.9,100,,,,,,,,,,,,,,,,,,
2026-07-07T13:00:49.582820+00:00,2026-07-07T13:00:49.582737,3,2,139.75,0.3,139.6,150,139.4,60,139.3,12,,,,,,,,,,,,,,,139.9,100,140.1,150,,,,,,,,,,,,,,,,
2026-07-07T13:00:49.787914+00:00,2026-07-07T13:00:49.787817,2,1,139.85,0.5,139.6,150,139.3,12,,,,,,,,,,,,,,,,,140.1,150,,,,,,,,,,,,,,,,,,
2026-07-07T13:00:49.844275+00:00,2026-07-07T13:00:49.844395,3,1,139.85,0.5,139.6,150,139.5,100,139.3,12,,,,,,,,,,,,,,,140.1,150,,,,,,,,,,,,,,,,,,
2026-07-07T13:00:49.901016+00:00,2026-07-07T13:00:49.900845,3,2,139.8,0.4,139.6,150,139.5,100,139.3,12,,,,,,,,,,,,,,,140.0,100,140.1,150,,,,,,,,,,,,,,,,
2026-07-07T13:00:50.003233+00:00,2026-07-07T13:00:50.003159,2,2,139.8,0.4,139.6,150,139.5,100,,,,,,,,,,,,,,,,,140.0,60,140.1,150,,,,,,,,,,,,,,,,
2026-07-07T13:00:50.008274+00:00,2026-07-07T13:00:50.008396,3,2,139.8,0.4,139.6,150,139.5,100,139.4,12,,,,,,,,,,,,,,,140.0,60,140.1,150,,,,,,,,,,,,,,,,
2026-07-07T13:00:50.469060+00:00,2026-07-07T13:00:50.468863,3,2,139.8,0.4,139.6,150,139.5,100,139.4,12,,,,,,,,,,,,,,,140.0,10,140.1,150,,,,,,,,,,,,,,,,
2026-07-07T13:00:51.758568+00:00,2026-07-07T13:00:51.758093,2,2,139.8,0.4,139.6,150,139.5,100,,,,,,,,,,,,,,,,,140.0,10,140.1,150,,,,,,,,,,,,,,,,
2026-07-07T13:00:51.771671+00:00,2026-07-07T13:00:51.771558,2,2,139.8,0.4,139.6,162,139.5,100,,,,,,,,,,,,,,,,,140.0,10,140.1,150,,,,,,,,,,,,,,,,
2026-07-07T13:00:51.788125+00:00,2026-07-07T13:00:51.788043,2,2,139.8,0.4,139.6,116,139.5,100,,,,,,,,,,,,,,,,,140.0,10,140.1,150,,,,,,,,,,,,,,,,
2026-07-07T13:00:52.625570+00:00,2026-07-07T13:00:52.625457,2,2,139.8,0.4,139.6,66,139.5,100,,,,,,,,,,,,,,,,,140.0,10,140.1,150,,,,,,,,,,,,,,,,
2026-07-07T13:00:52.637272+00:00,2026-07-07T13:00:52.637148,2,1,139.8,0.4,139.6,12,139.5,100,,,,,,,,,,,,,,,,,140.0,10,,,,,,,,,,,,,,,,,,
2026-07-07T13:00:52.692921+00:00,2026-07-07T13:00:52.692762,3,1,139.8,0.4,139.6,12,139.5,100,139.1,150,,,,,,,,,,,,,,,140.0,10,,,,,,,,,,,,,,,,,,
2026-07-07T13:00:52.758737+00:00,2026-07-07T13:00:52.745780,2,2,139.55,0.1,139.5,100,139.1,150,,,,,,,,,,,,,,,,,139.6,138,140.0,10,,,,,,,,,,,,,,,,
2026-07-07T13:00:52.777221+00:00,2026-07-07T13:00:52.777089,3,3,139.55,0.1,139.5,100,139.4,12,139.1,150,,,,,,,,,,,,,,,139.6,138,139.7,12,140.0,10,,,,,,,,,,,,,,
2026-07-07T13:00:52.847212+00:00,2026-07-07T13:00:52.841019,3,3,139.55,0.1,139.5,100,139.4,12,139.1,150,,,,,,,,,,,,,,,139.6,126,139.7,12,140.0,10,,,,,,,,,,,,,,
2026-07-07T13:00:52.949569+00:00,2026-07-07T13:00:52.949456,3,2,139.55,0.1,139.5,100,139.4,12,139.1,150,,,,,,,,,,,,,,,139.6,126,139.7,12,,,,,,,,,,,,,,,,
2026-07-07T13:00:52.954709+00:00,2026-07-07T13:00:52.954677,2,2,139.5,0.2,139.4,12,139.1,150,,,,,,,,,,,,,,,,,139.6,126,139.7,12,,,,,,,,,,,,,,,,
2026-07-07T13:00:53.007156+00:00,2026-07-07T13:00:53.007011,2,2,139.5,0.2,139.4,12,139.1,150,,,,,,,,,,,,,,,,,139.6,26,139.7,12,,,,,,,,,,,,,,,,
2026-07-07T13:00:53.063914+00:00,2026-07-07T13:00:53.063830,2,3,139.5,0.2,139.4,12,139.1,150,,,,,,,,,,,,,,,,,139.6,26,139.7,12,140.2,100,,,,,,,,,,,,,,
2026-07-07T13:00:54.750721+00:00,2026-07-07T13:00:54.750585,1,3,139.35,0.5,139.1,112,,,,,,,,,,,,,,,,,,,139.6,26,139.7,12,140.2,100,,,,,,,,,,,,,,
2026-07-07T13:00:54.793848+00:00,2026-07-07T13:00:54.793791,2,2,139.4,0.4,139.2,12,139.1,112,,,,,,,,,,,,,,,,,139.6,26,140.2,100,,,,,,,,,,,,,,,,
2026-07-07T13:00:54.798878+00:00,2026-07-07T13:00:54.799003,2,3,139.4,0.4,139.2,12,139.1,112,,,,,,,,,,,,,,,,,139.6,26,139.7,12,140.2,100,,,,,,,,,,,,,,
2026-07-07T13:00:55.053090+00:00,2026-07-07T13:00:55.058381,2,3,139.45,0.3,139.3,12,139.1,112,,,,,,,,,,,,,,,,,139.6,26,139.7,12,140.2,100,,,,,,,,,,,,,,
2026-07-07T13:00:55.468365+00:00,2026-07-07T13:00:55.462328,2,3,139.45,0.3,139.3,12,139.1,112,,,,,,,,,,,,,,,,,139.6,15,139.7,12,140.2,100,,,,,,,,,,,,,,
2026-07-07T13:00:55.804002+00:00,2026-07-07T13:00:55.803905,2,2,139.5,0.4,139.3,12,139.1,112,,,,,,,,,,,,,,,,,139.7,12,140.2,100,,,,,,,,,,,,,,,,
2026-07-07T13:00:55.809238+00:00,2026-07-07T13:00:55.809123,1,2,139.5,0.4,139.3,12,,,,,,,,,,,,,,,,,,,139.7,12,140.2,100,,,,,,,,,,,,,,,,
2026-07-07T13:00:55.823878+00:00,2026-07-07T13:00:55.824010,0,1,,,,,,,,,,,,,,,,,,,,,,,140.2,100,,,,,,,,,,,,,,,,,,
2026-07-07T13:00:55.829360+00:00,2026-07-07T13:00:55.829202,1,1,139.8,0.8,139.4,12,,,,,,,,,,,,,,,,,,,140.2,100,,,,,,,,,,,,,,,,,,
2026-07-07T13:00:55.834511+00:00,2026-07-07T13:00:55.834484,1,2,139.6,0.4,139.4,12,,,,,,,,,,,,,,,,,,,139.8,12,140.2,100,,,,,,,,,,,,,,,,
2026-07-07T13:00:55.858676+00:00,2026-07-07T13:00:55.855478,2,2,139.75,0.1,139.7,150,139.4,12,,,,,,,,,,,,,,,,,139.8,12,140.2,100,,,,,,,,,,,,,,,,
2026-07-07T13:00:55.915678+00:00,2026-07-07T13:00:55.915535,2,2,139.75,0.1,139.7,150,139.4,12,,,,,,,,,,,,,,,,,139.8,12,140.2,250,,,,,,,,,,,,,,,,
2026-07-07T13:00:56.113339+00:00,2026-07-07T13:00:56.113284,2,2,139.75,0.1,139.7,150,139.4,12,,,,,,,,,,,,,,,,,139.8,12,140.2,150,,,,,,,,,,,,,,,,
2026-07-07T13:00:56.169902+00:00,2026-07-07T13:00:56.170040,3,2,139.75,0.1,139.7,150,139.5,100,139.4,12,,,,,,,,,,,,,,,139.8,12,140.2,150,,,,,,,,,,,,,,,,
2026-07-07T13:00:56.220579+00:00,2026-07-07T13:00:56.220708,3,3,139.75,0.1,139.7,150,139.5,100,139.4,12,,,,,,,,,,,,,,,139.8,12,140.0,100,140.2,150,,,,,,,,,,,,,,
2026-07-07T13:00:56.805338+00:00,2026-07-07T13:00:56.805523,3,2,139.85,0.3,139.7,150,139.5,100,139.4,12,,,,,,,,,,,,,,,140.0,62,140.2,150,,,,,,,,,,,,,,,,
2026-07-07T13:00:56.838698+00:00,2026-07-07T13:00:56.838230,2,2,139.85,0.3,139.7,150,139.5,100,,,,,,,,,,,,,,,,,140.0,62,140.2,150,,,,,,,,,,,,,,,,
2026-07-07T13:00:56.849034+00:00,2026-07-07T13:00:56.849190,3,3,139.8,0.2,139.7,150,139.6,12,139.5,100,,,,,,,,,,,,,,,139.9,12,140.0,62,140.2,150,,,,,,,,,,,,,,
2026-07-07T13:00:57.858563+00:00,2026-07-07T13:00:57.857678,2,2,139.85,0.3,139.7,150,139.5,112,,,,,,,,,,,,,,,,,140.0,62,140.2,150,,,,,,,,,,,,,,,,
2026-07-07T13:00:57.870564+00:00,2026-07-07T13:00:57.870527,2,3,139.75,0.1,139.7,150,139.5,112,,,,,,,,,,,,,,,,,139.8,12,140.0,62,140.2,150,,,,,,,,,,,,,,
2026-07-07T13:00:58.792677+00:00,2026-07-07T13:00:58.792614,2,3,139.75,0.1,139.7,101,139.5,112,,,,,,,,,,,,,,,,,139.8,12,140.0,62,140.2,150,,,,,,,,,,,,,,
2026-07-07T13:00:59.019874+00:00,2026-07-07T13:00:59.019753,2,3,139.75,0.1,139.7,51,139.5,112,,,,,,,,,,,,,,,,,139.8,12,140.0,62,140.2,150,,,,,,,,,,,,,,
2026-07-07T13:00:59.030285+00:00,2026-07-07T13:00:59.030191,2,2,139.75,0.1,139.7,51,139.5,112,,,,,,,,,,,,,,,,,139.8,12,140.0,62,,,,,,,,,,,,,,,,
2026-07-07T13:00:59.035463+00:00,2026-07-07T13:00:59.035402,1,2,139.65,0.3,139.5,112,,,,,,,,,,,,,,,,,,,139.8,12,140.0,62,,,,,,,,,,,,,,,,
2026-07-07T13:00:59.085793+00:00,2026-07-07T13:00:59.085732,2,2,139.65,0.3,139.5,112,139.3,150,,,,,,,,,,,,,,,,,139.8,12,140.0,62,,,,,,,,,,,,,,,,
2026-07-07T13:00:59.141371+00:00,2026-07-07T13:00:59.141308,2,2,139.65,0.3,139.5,112,139.3,150,,,,,,,,,,,,,,,,,139.8,162,140.0,62,,,,,,,,,,,,,,,,
2026-07-07T13:00:59.279539+00:00,2026-07-07T13:00:59.279447,2,1,139.65,0.3,139.5,12,139.3,150,,,,,,,,,,,,,,,,,139.8,162,,,,,,,,,,,,,,,,,,
2026-07-07T13:00:59.334909+00:00,2026-07-07T13:00:59.334818,3,1,139.7,0.2,139.6,100,139.5,12,139.3,150,,,,,,,,,,,,,,,139.8,162,,,,,,,,,,,,,,,,,,
2026-07-07T13:00:59.374338+00:00,2026-07-07T13:00:59.374272,2,1,139.7,0.2,139.6,100,139.3,150,,,,,,,,,,,,,,,,,139.8,162,,,,,,,,,,,,,,,,,,
2026-07-07T13:00:59.379586+00:00,2026-07-07T13:00:59.379488,2,1,139.7,0.2,139.6,100,139.3,162,,,,,,,,,,,,,,,,,139.8,150,,,,,,,,,,,,,,,,,,
2026-07-07T13:00:59.384806+00:00,2026-07-07T13:00:59.384733,2,2,139.65,0.1,139.6,100,139.3,162,,,,,,,,,,,,,,,,,139.7,12,139.8,150,,,,,,,,,,,,,,,,
2026-07-07T13:00:59.390128+00:00,2026-07-07T13:00:59.389959,2,3,139.65,0.1,139.6,100,139.3,162,,,,,,,,,,,,,,,,,139.7,12,139.8,150,140.1,100,,,,,,,,,,,,,,
2026-07-07T13:01:00.718665+00:00,2026-07-07T13:01:00.712016,2,3,139.65,0.1,139.6,89,139.3,162,,,,,,,,,,,,,,,,,139.7,12,139.8,150,140.1,100,,,,,,,,,,,,,,
2026-07-07T13:01:01.112379+00:00,2026-07-07T13:01:01.112255,2,3,139.65,0.1,139.6,39,139.3,162,,,,,,,,,,,,,,,,,139.7,12,139.8,150,140.1,100,,,,,,,,,,,,,,
2026-07-07T13:01:01.408335+00:00,2026-07-07T13:01:01.408304,2,2,139.7,0.2,139.6,39,139.3,150,,,,,,,,,,,,,,,,,139.8,150,140.1,100,,,,,,,,,,,,,,,,
2026-07-07T13:01:01.413650+00:00,2026-07-07T13:01:01.413544,3,2,139.7,0.2,139.6,39,139.3,150,139.2,12,,,,,,,,,,,,,,,139.8,150,140.1,100,,,,,,,,,,,,,,,,
2026-07-07T13:01:01.418873+00:00,2026-07-07T13:01:01.418836,3,2,139.7,0.2,139.6,27,139.3,150,139.2,12,,,,,,,,,,,,,,,139.8,150,140.1,100,,,,,,,,,,,,,,,,
2026-07-07T13:01:02.198569+00:00,2026-07-07T13:01:02.198426,2,1,139.85,0.5,139.6,27,139.2,12,,,,,,,,,,,,,,,,,140.1,100,,,,,,,,,,,,,,,,,,
2026-07-07T13:01:02.253334+00:00,2026-07-07T13:01:02.253215,3,1,139.85,0.5,139.6,27,139.2,12,139.1,150,,,,,,,,,,,,,,,140.1,100,,,,,,,,,,,,,,,,,,
2026-07-07T13:01:02.306249+00:00,2026-07-07T13:01:02.306187,2,2,139.4,0.4,139.2,12,139.1,150,,,,,,,,,,,,,,,,,139.6,123,140.1,100,,,,,,,,,,,,,,,,
2026-07-07T13:01:02.446681+00:00,2026-07-07T13:01:02.446592,2,1,139.4,0.4,139.2,12,139.1,150,,,,,,,,,,,,,,,,,139.6,123,,,,,,,,,,,,,,,,,,
2026-07-07T13:01:02.498213+00:00,2026-07-07T13:01:02.498114,2,1,139.4,0.4,139.2,112,139.1,150,,,,,,,,,,,,,,,,,139.6,123,,,,,,,,,,,,,,,,,,
2026-07-07T13:01:02.551462+00:00,2026-07-07T13:01:02.551398,2,2,139.4,0.4,139.2,112,139.1,150,,,,,,,,,,,,,,,,,139.6,123,139.7,100,,,,,,,,,,,,,,,,
2026-07-07T13:01:03.221829+00:00,2026-07-07T13:01:03.221718,2,2,139.4,0.4,139.2,62,139.1,150,,,,,,,,,,,,,,,,,139.6,123,139.7,100,,,,,,,,,,,,,,,,
2026-07-07T13:01:03.558635+00:00,2026-07-07T13:01:03.558438,2,2,139.4,0.4,139.2,62,139.1,150,,,,,,,,,,,,,,,,,139.6,80,139.7,100,,,,,,,,,,,,,,,,
2026-07-07T13:01:04.189918+00:00,2026-07-07T13:01:04.189840,2,2,139.4,0.4,139.2,74,139.1,150,,,,,,,,,,,,,,,,,139.6,80,139.7,100,,,,,,,,,,,,,,,,
2026-07-07T13:01:04.195185+00:00,2026-07-07T13:01:04.195077,2,3,139.35,0.3,139.2,74,139.1,150,,,,,,,,,,,,,,,,,139.5,12,139.6,80,139.7,100,,,,,,,,,,,,,,
2026-07-07T13:01:04.701104+00:00,2026-07-07T13:01:04.701252,2,2,139.4,0.4,139.2,62,139.1,150,,,,,,,,,,,,,,,,,139.6,80,139.7,100,,,,,,,,,,,,,,,,
2026-07-07T13:01:04.706360+00:00,2026-07-07T13:01:04.706508,3,2,139.45,0.3,139.3,12,139.2,62,139.1,150,,,,,,,,,,,,,,,139.6,92,139.7,100,,,,,,,,,,,,,,,,
2026-07-07T13:01:05.328727+00:00,2026-07-07T13:01:05.328678,2,2,139.4,0.4,139.2,24,139.1,150,,,,,,,,,,,,,,,,,139.6,92,139.7,100,,,,,,,,,,,,,,,,
2026-07-07T13:01:05.358270+00:00,2026-07-07T13:01:05.358221,1,2,139.4,0.4,139.2,24,,,,,,,,,,,,,,,,,,,139.6,12,139.7,100,,,,,,,,,,,,,,,,
2026-07-07T13:01:05.416994+00:00,2026-07-07T13:01:05.416954,2,2,139.5,0.2,139.4,150,139.2,24,,,,,,,,,,,,,,,,,139.6,12,139.7,100,,,,,,,,,,,,,,,,
2026-07-07T13:01:05.469304+00:00,2026-07-07T13:01:05.469199,2,3,139.5,0.2,139.4,150,139.2,24,,,,,,,,,,,,,,,,,139.6,12,139.7,100,139.9,150,,,,,,,,,,,,,,
2026-07-07T13:01:05.615859+00:00,2026-07-07T13:01:05.615809,2,2,139.5,0.2,139.4,150,139.2,24,,,,,,,,,,,,,,,,,139.6,12,139.9,150,,,,,,,,,,,,,,,,
2026-07-07T13:01:05.620886+00:00,2026-07-07T13:01:05.620986,1,2,139.5,0.2,139.4,150,,,,,,,,,,,,,,,,,,,139.6,12,139.9,150,,,,,,,,,,,,,,,,
2026-07-07T13:01:05.675021+00:00,2026-07-07T13:01:05.674897,2,2,139.5,0.2,139.4,150,138.9,100,,,,,,,,,,,,,,,,,139.6,12,139.9,150,,,,,,,,,,,,,,,,
2026-07-07T13:01:05.730053+00:00,2026-07-07T13:01:05.729902,2,2,139.5,0.2,139.4,50,138.9,100,,,,,,,,,,,,,,,,,139.6,12,139.9,150,,,,,,,,,,,,,,,,
2026-07-07T13:01:06.249928+00:00,2026-07-07T13:01:06.249815,3,1,139.65,0.5,139.4,50,139.2,12,138.9,100,,,,,,,,,,,,,,,139.9,150,,,,,,,,,,,,,,,,,,
2026-07-07T13:01:06.258618+00:00,2026-07-07T13:01:06.254998,3,2,139.45,0.1,139.4,50,139.2,12,138.9,100,,,,,,,,,,,,,,,139.5,12,139.9,150,,,,,,,,,,,,,,,,
2026-07-07T13:01:07.449772+00:00,2026-07-07T13:01:07.450029,2,2,139.35,0.3,139.2,12,138.9,100,,,,,,,,,,,,,,,,,139.5,12,139.9,150,,,,,,,,,,,,,,,,
2026-07-07T13:01:08.524434+00:00,2026-07-07T13:01:08.524279,2,1,139.35,0.3,139.2,12,138.9,100,,,,,,,,,,,,,,,,,139.5,12,,,,,,,,,,,,,,,,,,
2026-07-07T13:01:08.572334+00:00,2026-07-07T13:01:08.572238,3,1,139.35,0.3,139.2,12,138.9,100,138.6,150,,,,,,,,,,,,,,,139.5,12,,,,,,,,,,,,,,,,,,
2026-07-07T13:01:08.582823+00:00,2026-07-07T13:01:08.582750,3,0,,,139.2,12,138.9,100,138.6,150,,,,,,,,,,,,,,,,,,,,,,,,,,,,,,,,,,
2026-07-07T13:01:08.697124+00:00,2026-07-07T13:01:08.690661,2,1,139.0,0.2,138.9,100,138.6,150,,,,,,,,,,,,,,,,,139.1,116,,,,,,,,,,,,,,,,,,
2026-07-07T13:01:08.774397+00:00,2026-07-07T13:01:08.774298,3,1,139.05,0.1,139.0,12,138.9,100,138.6,150,,,,,,,,,,,,,,,139.1,116,,,,,,,,,,,,,,,,,,
2026-07-07T13:01:08.779526+00:00,2026-07-07T13:01:08.779488,3,2,139.05,0.1,139.0,12,138.9,100,138.6,150,,,,,,,,,,,,,,,139.1,116,139.5,12,,,,,,,,,,,,,,,,
2026-07-07T13:01:08.789947+00:00,2026-07-07T13:01:08.789892,2,2,139.05,0.1,139.0,12,138.6,150,,,,,,,,,,,,,,,,,139.1,116,139.5,12,,,,,,,,,,,,,,,,
2026-07-07T13:01:08.849487+00:00,2026-07-07T13:01:08.849274,2,2,139.05,0.1,139.0,112,138.6,150,,,,,,,,,,,,,,,,,139.1,116,139.5,12,,,,,,,,,,,,,,,,
2026-07-07T13:01:08.901832+00:00,2026-07-07T13:01:08.901653,2,2,139.05,0.1,139.0,112,138.6,150,,,,,,,,,,,,,,,,,139.1,116,139.5,112,,,,,,,,,,,,,,,,
2026-07-07T13:01:09.564490+00:00,2026-07-07T13:01:09.564331,2,2,139.05,0.1,139.0,62,138.6,150,,,,,,,,,,,,,,,,,139.1,116,139.5,112,,,,,,,,,,,,,,,,
2026-07-07T13:01:10.043966+00:00,2026-07-07T13:01:10.043847,2,2,139.05,0.1,139.0,62,138.6,150,,,,,,,,,,,,,,,,,139.1,116,139.5,100,,,,,,,,,,,,,,,,
2026-07-07T13:01:10.049153+00:00,2026-07-07T13:01:10.049122,2,2,139.05,0.1,139.0,74,138.6,150,,,,,,,,,,,,,,,,,139.1,116,139.5,100,,,,,,,,,,,,,,,,
2026-07-07T13:01:10.058593+00:00,2026-07-07T13:01:10.054322,2,3,139.05,0.1,139.0,74,138.6,150,,,,,,,,,,,,,,,,,139.1,116,139.3,12,139.5,100,,,,,,,,,,,,,,
2026-07-07T13:01:11.737537+00:00,2026-07-07T13:01:11.737461,1,2,139.15,0.3,139.0,74,,,,,,,,,,,,,,,,,,,139.3,12,139.5,100,,,,,,,,,,,,,,,,
2026-07-07T13:01:11.794886+00:00,2026-07-07T13:01:11.795051,2,2,139.15,0.3,139.0,74,138.7,150,,,,,,,,,,,,,,,,,139.3,12,139.5,100,,,,,,,,,,,,,,,,
2026-07-07T13:01:11.848120+00:00,2026-07-07T13:01:11.847973,2,3,139.1,0.2,139.0,74,138.7,150,,,,,,,,,,,,,,,,,139.2,150,139.3,12,139.5,100,,,,,,,,,,,,,,
2026-07-07T13:01:11.958742+00:00,2026-07-07T13:01:11.949217,2,2,139.1,0.2,139.0,74,138.7,150,,,,,,,,,,,,,,,,,139.2,150,139.3,12,,,,,,,,,,,,,,,,
2026-07-07T13:01:11.963965+00:00,2026-07-07T13:01:11.963784,2,2,139.1,0.2,139.0,12,138.7,150,,,,,,,,,,,,,,,,,139.2,150,139.3,12,,,,,,,,,,,,,,,,
2026-07-07T13:01:12.010087+00:00,2026-07-07T13:01:12.010277,3,2,139.1,0.2,139.0,12,138.9,100,138.7,150,,,,,,,,,,,,,,,139.2,150,139.3,12,,,,,,,,,,,,,,,,
2026-07-07T13:01:12.065386+00:00,2026-07-07T13:01:12.065251,3,3,139.1,0.2,139.0,12,138.9,100,138.7,150,,,,,,,,,,,,,,,139.2,150,139.3,12,139.4,100,,,,,,,,,,,,,,
2026-07-07T13:01:13.729366+00:00,2026-07-07T13:01:13.729283,3,3,139.1,0.2,139.0,12,138.9,100,138.7,150,,,,,,,,,,,,,,,139.2,100,139.3,12,139.4,100,,,,,,,,,,,,,,
2026-07-07T13:01:13.815092+00:00,2026-07-07T13:01:13.814994,2,3,139.05,0.3,138.9,100,138.7,150,,,,,,,,,,,,,,,,,139.2,100,139.3,12,139.4,100,,,,,,,,,,,,,,
2026-07-07T13:01:13.820243+00:00,2026-07-07T13:01:13.820218,3,2,139.15,0.1,139.1,12,138.9,100,138.7,150,,,,,,,,,,,,,,,139.2,100,139.4,100,,,,,,,,,,,,,,,,
2026-07-07T13:01:13.825449+00:00,2026-07-07T13:01:13.825413,3,2,139.15,0.1,139.1,12,138.9,100,138.7,150,,,,,,,,,,,,,,,139.2,100,139.4,112,,,,,,,,,,,,,,,,
2026-07-07T13:01:14.308922+00:00,2026-07-07T13:01:14.308783,3,2,139.15,0.1,139.1,12,138.9,100,138.7,150,,,,,,,,,,,,,,,139.2,55,139.4,112,,,,,,,,,,,,,,,,
2026-07-07T13:01:14.898715+00:00,2026-07-07T13:01:14.898631,3,1,139.25,0.3,139.1,12,138.9,100,138.7,150,,,,,,,,,,,,,,,139.4,112,,,,,,,,,,,,,,,,,,
2026-07-07T13:01:14.903871+00:00,2026-07-07T13:01:14.903829,2,1,139.25,0.3,139.1,12,138.9,100,,,,,,,,,,,,,,,,,139.4,112,,,,,,,,,,,,,,,,,,
2026-07-07T13:01:14.952508+00:00,2026-07-07T13:01:14.952650,2,1,139.25,0.3,139.1,162,138.9,100,,,,,,,,,,,,,,,,,139.4,112,,,,,,,,,,,,,,,,,,
2026-07-07T13:01:15.011511+00:00,2026-07-07T13:01:15.011384,2,2,139.25,0.3,139.1,162,138.9,100,,,,,,,,,,,,,,,,,139.4,112,139.6,150,,,,,,,,,,,,,,,,
2026-07-07T13:01:15.121313+00:00,2026-07-07T13:01:15.121497,1,2,139.25,0.3,139.1,162,,,,,,,,,,,,,,,,,,,139.4,12,139.6,150,,,,,,,,,,,,,,,,
2026-07-07T13:01:15.179065+00:00,2026-07-07T13:01:15.178833,2,2,139.25,0.3,139.1,162,139.0,100,,,,,,,,,,,,,,,,,139.4,12,139.6,150,,,,,,,,,,,,,,,,
2026-07-07T13:01:15.233059+00:00,2026-07-07T13:01:15.232982,2,3,139.25,0.3,139.1,162,139.0,100,,,,,,,,,,,,,,,,,139.4,12,139.5,100,139.6,150,,,,,,,,,,,,,,
2026-07-07T13:01:15.334074+00:00,2026-07-07T13:01:15.333956,2,2,139.3,0.4,139.1,150,139.0,100,,,,,,,,,,,,,,,,,139.5,100,139.6,150,,,,,,,,,,,,,,,,
2026-07-07T13:01:15.339279+00:00,2026-07-07T13:01:15.339216,3,2,139.35,0.3,139.2,12,139.1,150,139.0,100,,,,,,,,,,,,,,,139.5,100,139.6,150,,,,,,,,,,,,,,,,
2026-07-07T13:01:15.344524+00:00,2026-07-07T13:01:15.344427,3,2,139.35,0.3,139.2,12,139.1,150,139.0,100,,,,,,,,,,,,,,,139.5,100,139.6,162,,,,,,,,,,,,,,,,
2026-07-07T13:01:17.979479+00:00,2026-07-07T13:01:17.979401,3,2,139.35,0.3,139.2,12,139.1,150,139.0,100,,,,,,,,,,,,,,,139.5,50,139.6,162,,,,,,,,,,,,,,,,
2026-07-07T13:01:18.068233+00:00,2026-07-07T13:01:18.068160,2,2,139.35,0.3,139.2,12,139.0,100,,,,,,,,,,,,,,,,,139.5,50,139.6,12,,,,,,,,,,,,,,,,
2026-07-07T13:01:18.121881+00:00,2026-07-07T13:01:18.121769,2,2,139.35,0.3,139.2,162,139.0,100,,,,,,,,,,,,,,,,,139.5,50,139.6,12,,,,,,,,,,,,,,,,
2026-07-07T13:01:18.174059+00:00,2026-07-07T13:01:18.174194,2,3,139.35,0.3,139.2,162,139.0,100,,,,,,,,,,,,,,,,,139.5,50,139.6,12,139.7,150,,,,,,,,,,,,,,
2026-07-07T13:01:18.287373+00:00,2026-07-07T13:01:18.287503,1,2,139.4,0.4,139.2,162,,,,,,,,,,,,,,,,,,,139.6,12,139.7,150,,,,,,,,,,,,,,,,
2026-07-07T13:01:18.341671+00:00,2026-07-07T13:01:18.341585,1,2,139.4,0.4,139.2,262,,,,,,,,,,,,,,,,,,,139.6,12,139.7,150,,,,,,,,,,,,,,,,
2026-07-07T13:01:18.395978+00:00,2026-07-07T13:01:18.395929,1,2,139.4,0.4,139.2,262,,,,,,,,,,,,,,,,,,,139.6,12,139.7,250,,,,,,,,,,,,,,,,
2026-07-07T13:01:19.108252+00:00,2026-07-07T13:01:19.108175,1,1,139.45,0.5,139.2,250,,,,,,,,,,,,,,,,,,,139.7,250,,,,,,,,,,,,,,,,,,
2026-07-07T13:01:19.113559+00:00,2026-07-07T13:01:19.113443,2,2,139.45,0.3,139.3,12,139.2,250,,,,,,,,,,,,,,,,,139.6,12,139.7,250,,,,,,,,,,,,,,,,
2026-07-07T13:01:20.191066+00:00,2026-07-07T13:01:20.190972,1,2,139.4,0.4,139.2,219,,,,,,,,,,,,,,,,,,,139.6,12,139.7,250,,,,,,,,,,,,,,,,
2026-07-07T13:01:21.127257+00:00,2026-07-07T13:01:21.127181,1,1,139.45,0.5,139.2,219,,,,,,,,,,,,,,,,,,,139.7,250,,,,,,,,,,,,,,,,,,
2026-07-07T13:01:21.132452+00:00,2026-07-07T13:01:21.132415,1,2,139.35,0.3,139.2,231,,,,,,,,,,,,,,,,,,,139.5,12,139.7,250,,,,,,,,,,,,,,,,
2026-07-07T13:01:21.228889+00:00,2026-07-07T13:01:21.228853,1,2,139.35,0.3,139.2,231,,,,,,,,,,,,,,,,,,,139.5,12,139.7,100,,,,,,,,,,,,,,,,
2026-07-07T13:01:21.233944+00:00,2026-07-07T13:01:21.234045,1,2,139.35,0.3,139.2,112,,,,,,,,,,,,,,,,,,,139.5,12,139.7,100,,,,,,,,,,,,,,,,
2026-07-07T13:01:21.287471+00:00,2026-07-07T13:01:21.287378,2,2,139.35,0.3,139.2,112,139.1,150,,,,,,,,,,,,,,,,,139.5,12,139.7,100,,,,,,,,,,,,,,,,
2026-07-07T13:01:21.358579+00:00,2026-07-07T13:01:21.357732,2,3,139.35,0.3,139.2,112,139.1,150,,,,,,,,,,,,,,,,,139.5,12,139.6,150,139.7,100,,,,,,,,,,,,,,
2026-07-07T13:01:21.455445+00:00,2026-07-07T13:01:21.455323,2,2,139.35,0.3,139.2,12,139.1,150,,,,,,,,,,,,,,,,,139.5,12,139.6,150,,,,,,,,,,,,,,,,
2026-07-07T13:01:21.504938+00:00,2026-07-07T13:01:21.505101,2,2,139.35,0.3,139.2,112,139.1,150,,,,,,,,,,,,,,,,,139.5,12,139.6,150,,,,,,,,,,,,,,,,
2026-07-07T13:01:21.561257+00:00,2026-07-07T13:01:21.561394,2,3,139.35,0.3,139.2,112,139.1,150,,,,,,,,,,,,,,,,,139.5,12,139.6,150,139.7,100,,,,,,,,,,,,,,
2026-07-07T13:01:22.280462+00:00,2026-07-07T13:01:22.280310,2,3,139.35,0.3,139.2,62,139.1,150,,,,,,,,,,,,,,,,,139.5,12,139.6,150,139.7,100,,,,,,,,,,,,,,
2026-07-07T13:01:23.922076+00:00,2026-07-07T13:01:23.921981,2,2,139.4,0.4,139.2,62,139.1,150,,,,,,,,,,,,,,,,,139.6,122,139.7,100,,,,,,,,,,,,,,,,
2026-07-07T13:01:24.421543+00:00,2026-07-07T13:01:24.421511,1,1,139.45,0.5,139.2,62,,,,,,,,,,,,,,,,,,,139.7,100,,,,,,,,,,,,,,,,,,
2026-07-07T13:01:24.476535+00:00,2026-07-07T13:01:24.476477,1,1,139.45,0.5,139.2,212,,,,,,,,,,,,,,,,,,,139.7,100,,,,,,,,,,,,,,,,,,
2026-07-07T13:01:24.525861+00:00,2026-07-07T13:01:24.525758,1,1,139.45,0.5,139.2,212,,,,,,,,,,,,,,,,,,,139.7,250,,,,,,,,,,,,,,,,,,
2026-07-07T13:01:24.617462+00:00,2026-07-07T13:01:24.617403,1,1,139.45,0.5,139.2,150,,,,,,,,,,,,,,,,,,,139.7,150,,,,,,,,,,,,,,,,,,
2026-07-07T13:01:24.658675+00:00,2026-07-07T13:01:24.657992,1,2,139.4,0.4,139.2,162,,,,,,,,,,,,,,,,,,,139.6,12,139.7,150,,,,,,,,,,,,,,,,
2026-07-07T13:01:24.679167+00:00,2026-07-07T13:01:24.679058,2,2,139.4,0.4,139.2,162,139.1,100,,,,,,,,,,,,,,,,,139.6,12,139.7,150,,,,,,,,,,,,,,,,
2026-07-07T13:01:24.726208+00:00,2026-07-07T13:01:24.726151,2,2,139.4,0.4,139.2,162,139.1,100,,,,,,,,,,,,,,,,,139.6,112,139.7,150,,,,,,,,,,,,,,,,
2026-07-07T13:01:25.917584+00:00,2026-07-07T13:01:25.917563,2,2,139.4,0.4,139.2,150,139.1,100,,,,,,,,,,,,,,,,,139.6,112,139.7,150,,,,,,,,,,,,,,,,
2026-07-07T13:01:25.922886+00:00,2026-07-07T13:01:25.922794,3,2,139.45,0.3,139.3,12,139.2,150,139.1,100,,,,,,,,,,,,,,,139.6,100,139.7,150,,,,,,,,,,,,,,,,
2026-07-07T13:01:25.945261+00:00,2026-07-07T13:01:25.945420,3,2,139.45,0.3,139.3,12,139.2,150,139.1,100,,,,,,,,,,,,,,,139.6,100,139.7,162,,,,,,,,,,,,,,,,
2026-07-07T13:01:26.441919+00:00,2026-07-07T13:01:26.441811,3,2,139.45,0.3,139.3,12,139.2,150,139.1,100,,,,,,,,,,,,,,,139.6,50,139.7,162,,,,,,,,,,,,,,,,
2026-07-07T13:01:27.558654+00:00,2026-07-07T13:01:27.556783,3,2,139.45,0.3,139.3,12,139.2,150,139.1,100,,,,,,,,,,,,,,,139.6,5,139.7,162,,,,,,,,,,,,,,,,
2026-07-07T13:01:27.583092+00:00,2026-07-07T13:01:27.583273,3,2,139.45,0.3,139.3,12,139.2,150,139.1,100,,,,,,,,,,,,,,,139.6,5,139.7,12,,,,,,,,,,,,,,,,
2026-07-07T13:01:27.588617+00:00,2026-07-07T13:01:27.588467,2,2,139.45,0.3,139.3,12,139.1,100,,,,,,,,,,,,,,,,,139.6,5,139.7,12,,,,,,,,,,,,,,,,
2026-07-07T13:01:27.641984+00:00,2026-07-07T13:01:27.641956,3,2,139.5,0.2,139.4,150,139.3,12,139.1,100,,,,,,,,,,,,,,,139.6,5,139.7,12,,,,,,,,,,,,,,,,
2026-07-07T13:01:27.695646+00:00,2026-07-07T13:01:27.695754,3,3,139.5,0.2,139.4,150,139.3,12,139.1,100,,,,,,,,,,,,,,,139.6,5,139.7,12,139.9,150,,,,,,,,,,,,,,
2026-07-07T13:01:27.778757+00:00,2026-07-07T13:01:27.778670,3,2,139.55,0.3,139.4,150,139.3,12,139.1,100,,,,,,,,,,,,,,,139.7,12,139.9,150,,,,,,,,,,,,,,,,
2026-07-07T13:01:27.783759+00:00,2026-07-07T13:01:27.783853,2,2,139.55,0.3,139.4,150,139.3,12,,,,,,,,,,,,,,,,,139.7,12,139.9,150,,,,,,,,,,,,,,,,
2026-07-07T13:01:27.834350+00:00,2026-07-07T13:01:27.834260,3,2,139.65,0.1,139.6,100,139.4,150,139.3,12,,,,,,,,,,,,,,,139.7,12,139.9,150,,,,,,,,,,,,,,,,
2026-07-07T13:01:27.893821+00:00,2026-07-07T13:01:27.893742,3,3,139.65,0.1,139.6,100,139.4,150,139.3,12,,,,,,,,,,,,,,,139.7,12,139.9,150,140.1,100,,,,,,,,,,,,,,
2026-07-07T13:01:27.958594+00:00,2026-07-07T13:01:27.956970,2,2,139.75,0.3,139.6,100,139.4,150,,,,,,,,,,,,,,,,,139.9,150,140.1,100,,,,,,,,,,,,,,,,
2026-07-07T13:01:27.968969+00:00,2026-07-07T13:01:27.968858,3,3,139.7,0.2,139.6,100,139.5,12,139.4,150,,,,,,,,,,,,,,,139.8,12,139.9,150,140.1,100,,,,,,,,,,,,,,
2026-07-07T13:01:28.037084+00:00,2026-07-07T13:01:28.037029,3,3,139.7,0.2,139.6,51,139.5,12,139.4,150,,,,,,,,,,,,,,,139.8,12,139.9,150,140.1,100,,,,,,,,,,,,,,
2026-07-07T13:01:28.637631+00:00,2026-07-07T13:01:28.637748,3,3,139.7,0.2,139.6,1,139.5,12,139.4,150,,,,,,,,,,,,,,,139.8,12,139.9,150,140.1,100,,,,,,,,,,,,,,
2026-07-07T13:01:29.270234+00:00,2026-07-07T13:01:29.270327,3,2,139.75,0.3,139.6,1,139.5,12,139.4,150,,,,,,,,,,,,,,,139.9,115,140.1,100,,,,,,,,,,,,,,,,
2026-07-07T13:01:30.242918+00:00,2026-07-07T13:01:30.242846,2,2,139.75,0.3,139.6,1,139.4,162,,,,,,,,,,,,,,,,,139.9,115,140.1,100,,,,,,,,,,,,,,,,
2026-07-07T13:01:30.248182+00:00,2026-07-07T13:01:30.248019,2,3,139.7,0.2,139.6,1,139.4,162,,,,,,,,,,,,,,,,,139.8,12,139.9,115,140.1,100,,,,,,,,,,,,,,
2026-07-07T13:01:30.742454+00:00,2026-07-07T13:01:30.742349,1,3,139.6,0.4,139.4,113,,,,,,,,,,,,,,,,,,,139.8,12,139.9,115,140.1,100,,,,,,,,,,,,,,
2026-07-07T13:01:30.747602+00:00,2026-07-07T13:01:30.747564,1,2,139.6,0.4,139.4,12,,,,,,,,,,,,,,,,,,,139.8,12,140.1,100,,,,,,,,,,,,,,,,
2026-07-07T13:01:30.803898+00:00,2026-07-07T13:01:30.803821,2,2,139.6,0.4,139.4,12,139.3,150,,,,,,,,,,,,,,,,,139.8,12,140.1,100,,,,,,,,,,,,,,,,
2026-07-07T13:01:30.858653+00:00,2026-07-07T13:01:30.857749,2,2,139.6,0.4,139.4,12,139.3,150,,,,,,,,,,,,,,,,,139.8,162,140.1,100,,,,,,,,,,,,,,,,
2026-07-07T13:01:30.947171+00:00,2026-07-07T13:01:30.947085,2,1,139.6,0.4,139.4,12,139.3,150,,,,,,,,,,,,,,,,,139.8,162,,,,,,,,,,,,,,,,,,
2026-07-07T13:01:30.999858+00:00,2026-07-07T13:01:30.999795,2,1,139.6,0.4,139.4,12,139.3,250,,,,,,,,,,,,,,,,,139.8,162,,,,,,,,,,,,,,,,,,
2026-07-07T13:01:31.063612+00:00,2026-07-07T13:01:31.063726,2,1,139.6,0.4,139.4,12,139.3,250,,,,,,,,,,,,,,,,,139.8,262,,,,,,,,,,,,,,,,,,
2026-07-07T13:01:32.879749+00:00,2026-07-07T13:01:32.879608,1,1,139.55,0.5,139.3,212,,,,,,,,,,,,,,,,,,,139.8,262,,,,,,,,,,,,,,,,,,
2026-07-07T13:01:33.404423+00:00,2026-07-07T13:01:33.404399,1,1,139.55,0.5,139.3,172,,,,,,,,,,,,,,,,,,,139.8,262,,,,,,,,,,,,,,,,,,
2026-07-07T13:01:33.912410+00:00,2026-07-07T13:01:33.912316,1,1,139.55,0.5,139.3,100,,,,,,,,,,,,,,,,,,,139.8,112,,,,,,,,,,,,,,,,,,
2026-07-07T13:01:33.968893+00:00,2026-07-07T13:01:33.968788,2,1,139.55,0.5,139.3,100,139.0,150,,,,,,,,,,,,,,,,,139.8,112,,,,,,,,,,,,,,,,,,
2026-07-07T13:01:34.019929+00:00,2026-07-07T13:01:34.019859,2,2,139.4,0.2,139.3,100,139.0,150,,,,,,,,,,,,,,,,,139.5,150,139.8,112,,,,,,,,,,,,,,,,
2026-07-07T13:01:34.086047+00:00,2026-07-07T13:01:34.085868,2,2,139.4,0.2,139.3,100,139.0,150,,,,,,,,,,,,,,,,,139.5,107,139.8,112,,,,,,,,,,,,,,,,
2026-07-07T13:01:34.122244+00:00,2026-07-07T13:01:34.122186,1,2,139.25,0.5,139.0,150,,,,,,,,,,,,,,,,,,,139.5,107,139.8,12,,,,,,,,,,,,,,,,
2026-07-07T13:01:34.177094+00:00,2026-07-07T13:01:34.177018,2,2,139.35,0.3,139.2,100,139.0,150,,,,,,,,,,,,,,,,,139.5,107,139.8,12,,,,,,,,,,,,,,,,
2026-07-07T13:01:34.234547+00:00,2026-07-07T13:01:34.234516,2,3,139.35,0.3,139.2,100,139.0,150,,,,,,,,,,,,,,,,,139.5,107,139.7,100,139.8,12,,,,,,,,,,,,,,
2026-07-07T13:01:34.987245+00:00,2026-07-07T13:01:34.987131,2,3,139.35,0.3,139.2,50,139.0,150,,,,,,,,,,,,,,,,,139.5,107,139.7,100,139.8,12,,,,,,,,,,,,,,
2026-07-07T13:01:35.531659+00:00,2026-07-07T13:01:35.531586,2,3,139.35,0.3,139.2,4,139.0,150,,,,,,,,,,,,,,,,,139.5,107,139.7,100,139.8,12,,,,,,,,,,,,,,
2026-07-07T13:01:35.942742+00:00,2026-07-07T13:01:35.942692,2,2,139.35,0.3,139.2,4,139.0,150,,,,,,,,,,,,,,,,,139.5,107,139.7,100,,,,,,,,,,,,,,,,
2026-07-07T13:01:35.947972+00:00,2026-07-07T13:01:35.947904,3,2,139.4,0.2,139.3,12,139.2,4,139.0,150,,,,,,,,,,,,,,,139.5,107,139.7,100,,,,,,,,,,,,,,,,
2026-07-07T13:01:35.953287+00:00,2026-07-07T13:01:35.953096,3,2,139.4,0.2,139.3,12,139.2,4,139.0,150,,,,,,,,,,,,,,,139.5,107,139.7,112,,,,,,,,,,,,,,,,
2026-07-07T13:01:37.074949+00:00,2026-07-07T13:01:37.075094,2,1,139.5,0.4,139.3,12,139.2,4,,,,,,,,,,,,,,,,,139.7,112,,,,,,,,,,,,,,,,,,
2026-07-07T13:01:37.133110+00:00,2026-07-07T13:01:37.132962,0,1,,,,,,,,,,,,,,,,,,,,,,,139.7,112,,,,,,,,,,,,,,,,,,
2026-07-07T13:01:37.138342+00:00,2026-07-07T13:01:37.138267,1,1,139.4,0.6,139.1,150,,,,,,,,,,,,,,,,,,,139.7,112,,,,,,,,,,,,,,,,,,
2026-07-07T13:01:37.185374+00:00,2026-07-07T13:01:37.185261,1,2,139.35,0.5,139.1,150,,,,,,,,,,,,,,,,,,,139.6,150,139.7,112,,,,,,,,,,,,,,,,
2026-07-07T13:01:37.232364+00:00,2026-07-07T13:01:37.232339,1,2,139.35,0.5,139.1,150,,,,,,,,,,,,,,,,,,,139.6,150,139.7,100,,,,,,,,,,,,,,,,
2026-07-07T13:01:37.247900+00:00,2026-07-07T13:01:37.248026,2,2,139.4,0.4,139.2,12,139.1,150,,,,,,,,,,,,,,,,,139.6,150,139.7,100,,,,,,,,,,,,,,,,
2026-07-07T13:01:37.258610+00:00,2026-07-07T13:01:37.253340,2,2,139.4,0.4,139.2,12,139.1,150,,,,,,,,,,,,,,,,,139.6,150,139.7,112,,,,,,,,,,,,,,,,
2026-07-07T13:01:37.290161+00:00,2026-07-07T13:01:37.290066,2,2,139.4,0.4,139.2,12,139.1,150,,,,,,,,,,,,,,,,,139.6,150,139.7,12,,,,,,,,,,,,,,,,
2026-07-07T13:01:37.343123+00:00,2026-07-07T13:01:37.342966,3,2,139.4,0.4,139.2,12,139.1,150,138.9,100,,,,,,,,,,,,,,,139.6,150,139.7,12,,,,,,,,,,,,,,,,
2026-07-07T13:01:37.392680+00:00,2026-07-07T13:01:37.392847,3,3,139.3,0.2,139.2,12,139.1,150,138.9,100,,,,,,,,,,,,,,,139.4,100,139.6,150,139.7,12,,,,,,,,,,,,,,
2026-07-07T13:01:37.419131+00:00,2026-07-07T13:01:37.419053,3,3,139.3,0.2,139.2,12,139.1,150,138.9,100,,,,,,,,,,,,,,,139.4,56,139.6,150,139.7,12,,,,,,,,,,,,,,
2026-07-07T13:01:37.474961+00:00,2026-07-07T13:01:37.474851,2,3,139.25,0.3,139.1,118,138.9,100,,,,,,,,,,,,,,,,,139.4,56,139.6,150,139.7,12,,,,,,,,,,,,,,
2026-07-07T13:01:37.777095+00:00,2026-07-07T13:01:37.777036,2,2,139.25,0.3,139.1,118,138.9,100,,,,,,,,,,,,,,,,,139.4,56,139.6,150,,,,,,,,,,,,,,,,
2026-07-07T13:01:37.782347+00:00,2026-07-07T13:01:37.782236,3,2,139.3,0.2,139.2,12,139.1,118,138.9,100,,,,,,,,,,,,,,,139.4,56,139.6,162,,,,,,,,,,,,,,,,
2026-07-07T13:01:38.579302+00:00,2026-07-07T13:01:38.579198,3,2,139.3,0.2,139.2,12,139.1,118,138.9,100,,,,,,,,,,,,,,,139.4,8,139.6,162,,,,,,,,,,,,,,,,
2026-07-07T13:01:38.791203+00:00,2026-07-07T13:01:38.791138,2,2,139.25,0.3,139.1,118,138.9,100,,,,,,,,,,,,,,,,,139.4,8,139.6,150,,,,,,,,,,,,,,,,
2026-07-07T13:01:38.796417+00:00,2026-07-07T13:01:38.796394,3,2,139.35,0.1,139.3,12,139.1,118,138.9,100,,,,,,,,,,,,,,,139.4,8,139.6,162,,,,,,,,,,,,,,,,
2026-07-07T13:01:39.240966+00:00,2026-07-07T13:01:39.240941,2,2,139.25,0.3,139.1,80,138.9,100,,,,,,,,,,,,,,,,,139.4,8,139.6,162,,,,,,,,,,,,,,,,
2026-07-07T13:01:39.300647+00:00,2026-07-07T13:01:39.300572,2,2,139.25,0.3,139.1,80,138.9,100,,,,,,,,,,,,,,,,,139.4,8,139.6,150,,,,,,,,,,,,,,,,
2026-07-07T13:01:39.305854+00:00,2026-07-07T13:01:39.305810,3,2,139.3,0.2,139.2,12,139.1,80,138.9,100,,,,,,,,,,,,,,,139.4,8,139.6,150,,,,,,,,,,,,,,,,
2026-07-07T13:01:39.311160+00:00,2026-07-07T13:01:39.310994,3,2,139.3,0.2,139.2,12,139.1,80,138.9,100,,,,,,,,,,,,,,,139.4,8,139.6,162,,,,,,,,,,,,,,,,
2026-07-07T13:01:39.820340+00:00,2026-07-07T13:01:39.820482,2,2,139.25,0.3,139.1,80,138.9,100,,,,,,,,,,,,,,,,,139.4,8,139.6,150,,,,,,,,,,,,,,,,
2026-07-07T13:01:39.825564+00:00,2026-07-07T13:01:39.825656,3,2,139.35,0.1,139.3,12,139.1,80,138.9,100,,,,,,,,,,,,,,,139.4,8,139.6,150,,,,,,,,,,,,,,,,
2026-07-07T13:01:39.831006+00:00,2026-07-07T13:01:39.830856,3,2,139.35,0.1,139.3,12,139.1,80,138.9,100,,,,,,,,,,,,,,,139.4,8,139.6,162,,,,,,,,,,,,,,,,
2026-07-07T13:01:40.239988+00:00,2026-07-07T13:01:40.239903,2,2,139.35,0.1,139.3,12,138.9,100,,,,,,,,,,,,,,,,,139.4,8,139.6,12,,,,,,,,,,,,,,,,
2026-07-07T13:01:40.295450+00:00,2026-07-07T13:01:40.295558,3,2,139.35,0.1,139.3,12,138.9,100,138.8,150,,,,,,,,,,,,,,,139.4,8,139.6,12,,,,,,,,,,,,,,,,
2026-07-07T13:01:40.349073+00:00,2026-07-07T13:01:40.349225,2,3,139.1,0.4,138.9,100,138.8,150,,,,,,,,,,,,,,,,,139.3,138,139.4,8,139.6,12,,,,,,,,,,,,,,
2026-07-07T13:01:40.360580+00:00,2026-07-07T13:01:40.354026,2,3,139.1,0.4,138.9,100,138.8,150,,,,,,,,,,,,,,,,,139.3,126,139.4,8,139.6,12,,,,,,,,,,,,,,
2026-07-07T13:01:40.451893+00:00,2026-07-07T13:01:40.451783,1,2,139.05,0.5,138.8,150,,,,,,,,,,,,,,,,,,,139.3,126,139.6,12,,,,,,,,,,,,,,,,
2026-07-07T13:01:40.507375+00:00,2026-07-07T13:01:40.507327,2,2,139.25,0.1,139.2,100,138.8,150,,,,,,,,,,,,,,,,,139.3,126,139.6,12,,,,,,,,,,,,,,,,
2026-07-07T13:01:40.558629+00:00,2026-07-07T13:01:40.555779,2,3,139.25,0.1,139.2,100,138.8,150,,,,,,,,,,,,,,,,,139.3,126,139.6,12,139.7,100,,,,,,,,,,,,,,
2026-07-07T13:01:41.352396+00:00,2026-07-07T13:01:41.352263,2,3,139.25,0.1,139.2,50,138.8,150,,,,,,,,,,,,,,,,,139.3,126,139.6,12,139.7,100,,,,,,,,,,,,,,
2026-07-07T13:01:41.602198+00:00,2026-07-07T13:01:41.596295,2,3,139.25,0.1,139.2,50,138.8,150,,,,,,,,,,,,,,,,,139.3,115,139.6,12,139.7,100,,,,,,,,,,,,,,
2026-07-07T13:01:42.365351+00:00,2026-07-07T13:01:42.365495,2,3,139.25,0.1,139.2,8,138.8,150,,,,,,,,,,,,,,,,,139.3,115,139.6,12,139.7,100,,,,,,,,,,,,,,
2026-07-07T13:01:43.407233+00:00,2026-07-07T13:01:43.407136,1,2,139.4,0.4,139.2,8,,,,,,,,,,,,,,,,,,,139.6,12,139.7,100,,,,,,,,,,,,,,,,
2026-07-07T13:01:43.458619+00:00,2026-07-07T13:01:43.453503,1,2,139.35,0.5,139.1,150,,,,,,,,,,,,,,,,,,,139.6,12,139.7,100,,,,,,,,,,,,,,,,
2026-07-07T13:01:43.515476+00:00,2026-07-07T13:01:43.515578,1,2,139.35,0.5,139.1,150,,,,,,,,,,,,,,,,,,,139.6,162,139.7,100,,,,,,,,,,,,,,,,
2026-07-07T13:01:43.600830+00:00,2026-07-07T13:01:43.600774,2,2,139.4,0.4,139.2,12,139.1,150,,,,,,,,,,,,,,,,,139.6,150,139.7,100,,,,,,,,,,,,,,,,
2026-07-07T13:01:43.605971+00:00,2026-07-07T13:01:43.605945,2,2,139.4,0.4,139.2,12,139.1,150,,,,,,,,,,,,,,,,,139.6,150,139.7,112,,,,,,,,,,,,,,,,
2026-07-07T13:01:43.611176+00:00,2026-07-07T13:01:43.611125,2,2,139.4,0.4,139.2,12,139.1,150,,,,,,,,,,,,,,,,,139.6,150,139.7,12,,,,,,,,,,,,,,,,
2026-07-07T13:01:43.658593+00:00,2026-07-07T13:01:43.657835,3,2,139.4,0.4,139.2,12,139.1,150,139.0,100,,,,,,,,,,,,,,,139.6,150,139.7,12,,,,,,,,,,,,,,,,
2026-07-07T13:01:43.723930+00:00,2026-07-07T13:01:43.723897,3,3,139.35,0.3,139.2,12,139.1,150,139.0,100,,,,,,,,,,,,,,,139.5,100,139.6,150,139.7,12,,,,,,,,,,,,,,
2026-07-07T13:01:43.858596+00:00,2026-07-07T13:01:43.857220,3,2,139.4,0.2,139.3,12,139.1,150,139.0,100,,,,,,,,,,,,,,,139.5,100,139.6,150,,,,,,,,,,,,,,,,
2026-07-07T13:01:43.868920+00:00,2026-07-07T13:01:43.869043,3,3,139.4,0.2,139.3,12,139.1,150,139.0,100,,,,,,,,,,,,,,,139.5,100,139.6,150,139.7,12,,,,,,,,,,,,,,
2026-07-07T13:01:44.374327+00:00,2026-07-07T13:01:44.374241,2,3,139.3,0.4,139.1,150,139.0,100,,,,,,,,,,,,,,,,,139.5,100,139.6,150,139.7,12,,,,,,,,,,,,,,
2026-07-07T13:01:44.379518+00:00,2026-07-07T13:01:44.379476,3,2,139.45,0.1,139.4,12,139.1,150,139.0,100,,,,,,,,,,,,,,,139.5,100,139.6,150,,,,,,,,,,,,,,,,
2026-07-07T13:01:44.384788+00:00,2026-07-07T13:01:44.384699,3,3,139.45,0.1,139.4,12,139.1,150,139.0,100,,,,,,,,,,,,,,,139.5,100,139.6,150,139.8,12,,,,,,,,,,,,,,
2026-07-07T13:01:45.393888+00:00,2026-07-07T13:01:45.393816,2,2,139.3,0.4,139.1,150,139.0,100,,,,,,,,,,,,,,,,,139.5,100,139.6,150,,,,,,,,,,,,,,,,
2026-07-07T13:01:45.399103+00:00,2026-07-07T13:01:45.399013,3,3,139.45,0.1,139.4,12,139.1,150,139.0,100,,,,,,,,,,,,,,,139.5,100,139.6,150,139.7,12,,,,,,,,,,,,,,
2026-07-07T13:01:45.413295+00:00,2026-07-07T13:01:45.413181,2,3,139.3,0.4,139.1,120,139.0,100,,,,,,,,,,,,,,,,,139.5,100,139.6,150,139.7,12,,,,,,,,,,,,,,
2026-07-07T13:01:45.586144+00:00,2026-07-07T13:01:45.585982,2,3,139.3,0.4,139.1,70,139.0,100,,,,,,,,,,,,,,,,,139.5,100,139.6,150,139.7,12,,,,,,,,,,,,,,
2026-07-07T13:01:45.913131+00:00,2026-07-07T13:01:45.913063,3,2,139.35,0.3,139.2,12,139.1,70,139.0,100,,,,,,,,,,,,,,,139.5,100,139.6,150,,,,,,,,,,,,,,,,
2026-07-07T13:01:45.918305+00:00,2026-07-07T13:01:45.918230,3,2,139.35,0.3,139.2,12,139.1,70,139.0,100,,,,,,,,,,,,,,,139.5,100,139.6,162,,,,,,,,,,,,,,,,
2026-07-07T13:01:46.571225+00:00,2026-07-07T13:01:46.571104,2,2,139.35,0.3,139.2,12,139.0,100,,,,,,,,,,,,,,,,,139.5,100,139.6,12,,,,,,,,,,,,,,,,
2026-07-07T13:01:46.627366+00:00,2026-07-07T13:01:46.627282,3,2,139.35,0.3,139.2,12,139.0,100,138.8,150,,,,,,,,,,,,,,,139.5,100,139.6,12,,,,,,,,,,,,,,,,
2026-07-07T13:01:46.674192+00:00,2026-07-07T13:01:46.674101,2,1,139.25,0.5,139.0,100,138.8,150,,,,,,,,,,,,,,,,,139.5,100,,,,,,,,,,,,,,,,,,
2026-07-07T13:01:46.679460+00:00,2026-07-07T13:01:46.679341,2,2,139.15,0.3,139.0,100,138.8,150,,,,,,,,,,,,,,,,,139.3,138,139.5,100,,,,,,,,,,,,,,,,
2026-07-07T13:01:46.684675+00:00,2026-07-07T13:01:46.684518,2,3,139.15,0.3,139.0,100,138.8,150,,,,,,,,,,,,,,,,,139.3,138,139.5,100,139.7,12,,,,,,,,,,,,,,
2026-07-07T13:01:46.785785+00:00,2026-07-07T13:01:46.785660,1,2,139.05,0.5,138.8,150,,,,,,,,,,,,,,,,,,,139.3,138,139.7,12,,,,,,,,,,,,,,,,
2026-07-07T13:01:46.837898+00:00,2026-07-07T13:01:46.837798,2,2,139.15,0.3,139.0,100,138.8,150,,,,,,,,,,,,,,,,,139.3,138,139.7,12,,,,,,,,,,,,,,,,
2026-07-07T13:01:46.890848+00:00,2026-07-07T13:01:46.890772,2,3,139.15,0.3,139.0,100,138.8,150,,,,,,,,,,,,,,,,,139.3,138,139.5,100,139.7,12,,,,,,,,,,,,,,
2026-07-07T13:01:46.942704+00:00,2026-07-07T13:01:46.942631,2,2,139.15,0.3,139.0,100,138.8,150,,,,,,,,,,,,,,,,,139.3,135,139.5,100,,,,,,,,,,,,,,,,
2026-07-07T13:01:46.947882+00:00,2026-07-07T13:01:46.947826,3,2,139.2,0.2,139.1,10,139.0,100,138.8,150,,,,,,,,,,,,,,,139.3,135,139.5,100,,,,,,,,,,,,,,,,
2026-07-07T13:01:46.958639+00:00,2026-07-07T13:01:46.952982,3,3,139.2,0.2,139.1,10,139.0,100,138.8,150,,,,,,,,,,,,,,,139.3,135,139.5,100,139.7,12,,,,,,,,,,,,,,
2026-07-07T13:01:47.211309+00:00,2026-07-07T13:01:47.211256,3,3,139.2,0.2,139.1,10,139.0,100,138.8,150,,,,,,,,,,,,,,,139.3,132,139.5,100,139.7,12,,,,,,,,,,,,,,
2026-07-07T13:01:47.670228+00:00,2026-07-07T13:01:47.662479,3,3,139.2,0.2,139.1,10,139.0,100,138.8,150,,,,,,,,,,,,,,,139.3,126,139.5,100,139.7,12,,,,,,,,,,,,,,
2026-07-07T13:01:47.694679+00:00,2026-07-07T13:01:47.694567,2,3,139.15,0.3,139.0,60,138.8,150,,,,,,,,,,,,,,,,,139.3,126,139.5,100,139.7,12,,,,,,,,,,,,,,
2026-07-07T13:01:49.733590+00:00,2026-07-07T13:01:49.733561,1,2,139.25,0.5,139.0,60,,,,,,,,,,,,,,,,,,,139.5,100,139.7,12,,,,,,,,,,,,,,,,
2026-07-07T13:01:49.789021+00:00,2026-07-07T13:01:49.788923,1,2,139.25,0.5,139.0,210,,,,,,,,,,,,,,,,,,,139.5,100,139.7,12,,,,,,,,,,,,,,,,
2026-07-07T13:01:49.841192+00:00,2026-07-07T13:01:49.841110,1,2,139.25,0.5,139.0,210,,,,,,,,,,,,,,,,,,,139.5,250,139.7,12,,,,,,,,,,,,,,,,
2026-07-07T13:01:49.948121+00:00,2026-07-07T13:01:49.948074,1,2,139.25,0.5,139.0,150,,,,,,,,,,,,,,,,,,,139.5,150,139.7,12,,,,,,,,,,,,,,,,
2026-07-07T13:01:50.002965+00:00,2026-07-07T13:01:50.002901,1,2,139.25,0.5,139.0,250,,,,,,,,,,,,,,,,,,,139.5,150,139.7,12,,,,,,,,,,,,,,,,
2026-07-07T13:01:50.053834+00:00,2026-07-07T13:01:50.053766,1,2,139.25,0.5,139.0,250,,,,,,,,,,,,,,,,,,,139.5,250,139.7,12,,,,,,,,,,,,,,,,
2026-07-07T13:01:50.735227+00:00,2026-07-07T13:01:50.735185,1,1,139.25,0.5,139.0,250,,,,,,,,,,,,,,,,,,,139.5,250,,,,,,,,,,,,,,,,,,
2026-07-07T13:01:50.740448+00:00,2026-07-07T13:01:50.740329,1,2,139.25,0.5,139.0,250,,,,,,,,,,,,,,,,,,,139.5,250,139.8,12,,,,,,,,,,,,,,,,
2026-07-07T13:01:52.895788+00:00,2026-07-07T13:01:52.895652,1,2,139.25,0.5,139.0,100,,,,,,,,,,,,,,,,,,,139.5,100,139.8,12,,,,,,,,,,,,,,,,
2026-07-07T13:01:52.950572+00:00,2026-07-07T13:01:52.950456,2,2,139.35,0.3,139.2,150,139.0,100,,,,,,,,,,,,,,,,,139.5,100,139.8,12,,,,,,,,,,,,,,,,
2026-07-07T13:01:53.010502+00:00,2026-07-07T13:01:52.998035,2,3,139.35,0.3,139.2,150,139.0,100,,,,,,,,,,,,,,,,,139.5,100,139.7,150,139.8,12,,,,,,,,,,,,,,
2026-07-07T13:01:53.111224+00:00,2026-07-07T13:01:53.111130,1,2,139.45,0.5,139.2,150,,,,,,,,,,,,,,,,,,,139.7,150,139.8,12,,,,,,,,,,,,,,,,
2026-07-07T13:01:53.166751+00:00,2026-07-07T13:01:53.166688,2,2,139.45,0.5,139.2,150,139.1,100,,,,,,,,,,,,,,,,,139.7,150,139.8,12,,,,,,,,,,,,,,,,
2026-07-07T13:01:53.220533+00:00,2026-07-07T13:01:53.220427,2,3,139.4,0.4,139.2,150,139.1,100,,,,,,,,,,,,,,,,,139.6,100,139.7,150,139.8,12,,,,,,,,,,,,,,
2026-07-07T13:01:56.063779+00:00,2026-07-07T13:01:56.063903,1,2,139.35,0.5,139.1,100,,,,,,,,,,,,,,,,,,,139.6,100,139.8,12,,,,,,,,,,,,,,,,
2026-07-07T13:01:56.111196+00:00,2026-07-07T13:01:56.111124,2,2,139.4,0.4,139.2,150,139.1,100,,,,,,,,,,,,,,,,,139.6,50,139.8,12,,,,,,,,,,,,,,,,
2026-07-07T13:01:56.164257+00:00,2026-07-07T13:01:56.164140,2,3,139.4,0.4,139.2,150,139.1,100,,,,,,,,,,,,,,,,,139.6,50,139.7,150,139.8,12,,,,,,,,,,,,,,
2026-07-07T13:01:56.269369+00:00,2026-07-07T13:01:56.269313,2,3,139.4,0.4,139.2,150,139.1,100,,,,,,,,,,,,,,,,,139.6,50,139.7,150,139.9,12,,,,,,,,,,,,,,
2026-07-07T13:01:56.274598+00:00,2026-07-07T13:01:56.274514,1,2,139.45,0.5,139.2,150,,,,,,,,,,,,,,,,,,,139.7,150,139.9,12,,,,,,,,,,,,,,,,
2026-07-07T13:01:56.330309+00:00,2026-07-07T13:01:56.330175,2,2,139.5,0.4,139.3,100,139.2,150,,,,,,,,,,,,,,,,,139.7,150,139.9,12,,,,,,,,,,,,,,,,
2026-07-07T13:01:56.383910+00:00,2026-07-07T13:01:56.383748,2,3,139.5,0.4,139.3,100,139.2,150,,,,,,,,,,,,,,,,,139.7,150,139.8,100,139.9,12,,,,,,,,,,,,,,
2026-07-07T13:01:56.899388+00:00,2026-07-07T13:01:56.899355,2,3,139.5,0.4,139.3,100,139.2,150,,,,,,,,,,,,,,,,,139.7,102,139.8,100,139.9,12,,,,,,,,,,,,,,
2026-07-07T13:01:57.278857+00:00,2026-07-07T13:01:57.278787,2,2,139.5,0.4,139.3,100,139.2,150,,,,,,,,,,,,,,,,,139.7,114,139.8,100,,,,,,,,,,,,,,,,
2026-07-07T13:01:58.220356+00:00,2026-07-07T13:01:58.220243,2,2,139.5,0.4,139.3,100,139.2,150,,,,,,,,,,,,,,,,,139.7,64,139.8,100,,,,,,,,,,,,,,,,
2026-07-07T13:01:59.223283+00:00,2026-07-07T13:01:59.223151,1,2,139.5,0.4,139.3,100,,,,,,,,,,,,,,,,,,,139.7,12,139.8,100,,,,,,,,,,,,,,,,
2026-07-07T13:01:59.277928+00:00,2026-07-07T13:01:59.277828,2,2,139.55,0.3,139.4,150,139.3,100,,,,,,,,,,,,,,,,,139.7,12,139.8,100,,,,,,,,,,,,,,,,
2026-07-07T13:01:59.331327+00:00,2026-07-07T13:01:59.331149,2,3,139.55,0.3,139.4,150,139.3,100,,,,,,,,,,,,,,,,,139.7,12,139.8,100,139.9,150,,,,,,,,,,,,,,
2026-07-07T13:01:59.432067+00:00,2026-07-07T13:01:59.431990,1,2,139.55,0.3,139.4,150,,,,,,,,,,,,,,,,,,,139.7,12,139.9,150,,,,,,,,,,,,,,,,
2026-07-07T13:01:59.497726+00:00,2026-07-07T13:01:59.497675,2,2,139.55,0.3,139.4,150,139.1,100,,,,,,,,,,,,,,,,,139.7,12,139.9,150,,,,,,,,,,,,,,,,
2026-07-07T13:01:59.551872+00:00,2026-07-07T13:01:59.551851,2,3,139.5,0.2,139.4,150,139.1,100,,,,,,,,,,,,,,,,,139.6,100,139.7,12,139.9,150,,,,,,,,,,,,,,
2026-07-07T13:02:00.038666+00:00,2026-07-07T13:02:00.038582,2,2,139.5,0.2,139.4,150,139.1,100,,,,,,,,,,,,,,,,,139.6,100,139.9,150,,,,,,,,,,,,,,,,
2026-07-07T13:02:00.043829+00:00,2026-07-07T13:02:00.043776,2,2,139.5,0.2,139.4,150,139.1,100,,,,,,,,,,,,,,,,,139.6,112,139.9,150,,,,,,,,,,,,,,,,
2026-07-07T13:02:00.401361+00:00,2026-07-07T13:02:00.401283,2,2,139.5,0.2,139.4,100,139.1,100,,,,,,,,,,,,,,,,,139.6,112,139.9,150,,,,,,,,,,,,,,,,
2026-07-07T13:02:01.174236+00:00,2026-07-07T13:02:01.168121,2,2,139.5,0.2,139.4,83,139.1,100,,,,,,,,,,,,,,,,,139.6,112,139.9,150,,,,,,,,,,,,,,,,
2026-07-07T13:02:01.333289+00:00,2026-07-07T13:02:01.333128,2,2,139.5,0.2,139.4,83,139.1,100,,,,,,,,,,,,,,,,,139.6,100,139.9,150,,,,,,,,,,,,,,,,
2026-07-07T13:02:01.338259+00:00,2026-07-07T13:02:01.338351,2,3,139.45,0.1,139.4,83,139.1,100,,,,,,,,,,,,,,,,,139.5,12,139.6,100,139.9,150,,,,,,,,,,,,,,
2026-07-07T13:02:02.382567+00:00,2026-07-07T13:02:02.382512,1,2,139.3,0.4,139.1,100,,,,,,,,,,,,,,,,,,,139.5,12,139.6,100,,,,,,,,,,,,,,,,
2026-07-07T13:02:02.441108+00:00,2026-07-07T13:02:02.441038,2,2,139.3,0.4,139.1,100,138.8,150,,,,,,,,,,,,,,,,,139.5,12,139.6,100,,,,,,,,,,,,,,,,
2026-07-07T13:02:02.458547+00:00,2026-07-07T13:02:02.454150,2,1,139.35,0.5,139.1,100,138.8,150,,,,,,,,,,,,,,,,,139.6,62,,,,,,,,,,,,,,,,,,
2026-07-07T13:02:02.494176+00:00,2026-07-07T13:02:02.494293,2,2,139.2,0.2,139.1,100,138.8,150,,,,,,,,,,,,,,,,,139.3,150,139.6,62,,,,,,,,,,,,,,,,
2026-07-07T13:02:02.608726+00:00,2026-07-07T13:02:02.608650,1,1,139.05,0.5,138.8,150,,,,,,,,,,,,,,,,,,,139.3,150,,,,,,,,,,,,,,,,,,
2026-07-07T13:02:02.658546+00:00,2026-07-07T13:02:02.656171,2,1,139.2,0.2,139.1,100,138.8,150,,,,,,,,,,,,,,,,,139.3,150,,,,,,,,,,,,,,,,,,
2026-07-07T13:02:02.715040+00:00,2026-07-07T13:02:02.714958,2,2,139.2,0.2,139.1,100,138.8,150,,,,,,,,,,,,,,,,,139.3,150,139.6,100,,,,,,,,,,,,,,,,
2026-07-07T13:02:02.843801+00:00,2026-07-07T13:02:02.843763,2,2,139.2,0.2,139.1,100,138.8,150,,,,,,,,,,,,,,,,,139.3,102,139.6,100,,,,,,,,,,,,,,,,
2026-07-07T13:02:03.440213+00:00,2026-07-07T13:02:03.429718,2,2,139.2,0.2,139.1,100,138.8,150,,,,,,,,,,,,,,,,,139.3,91,139.6,100,,,,,,,,,,,,,,,,
2026-07-07T13:02:05.558616+00:00,2026-07-07T13:02:05.553970,1,1,139.35,0.5,139.1,100,,,,,,,,,,,,,,,,,,,139.6,100,,,,,,,,,,,,,,,,,,
2026-07-07T13:02:05.599518+00:00,2026-07-07T13:02:05.599401,1,1,139.35,0.5,139.1,51,,,,,,,,,,,,,,,,,,,139.6,100,,,,,,,,,,,,,,,,,,
2026-07-07T13:02:05.609892+00:00,2026-07-07T13:02:05.609840,1,1,139.35,0.5,139.1,201,,,,,,,,,,,,,,,,,,,139.6,100,,,,,,,,,,,,,,,,,,
2026-07-07T13:02:05.669895+00:00,2026-07-07T13:02:05.670041,1,1,139.35,0.5,139.1,201,,,,,,,,,,,,,,,,,,,139.6,250,,,,,,,,,,,,,,,,,,
2026-07-07T13:02:05.773318+00:00,2026-07-07T13:02:05.773252,1,1,139.35,0.5,139.1,150,,,,,,,,,,,,,,,,,,,139.6,150,,,,,,,,,,,,,,,,,,
2026-07-07T13:02:05.824124+00:00,2026-07-07T13:02:05.824267,2,1,139.35,0.5,139.1,150,138.9,100,,,,,,,,,,,,,,,,,139.6,150,,,,,,,,,,,,,,,,,,
2026-07-07T13:02:05.878822+00:00,2026-07-07T13:02:05.878942,2,2,139.25,0.3,139.1,150,138.9,100,,,,,,,,,,,,,,,,,139.4,100,139.6,150,,,,,,,,,,,,,,,,
2026-07-07T13:02:06.701082+00:00,2026-07-07T13:02:06.700924,2,2,139.25,0.3,139.1,150,138.9,100,,,,,,,,,,,,,,,,,139.4,50,139.6,150,,,,,,,,,,,,,,,,
2026-07-07T13:02:07.525616+00:00,2026-07-07T13:02:07.525566,2,2,139.25,0.3,139.1,101,138.9,100,,,,,,,,,,,,,,,,,139.4,50,139.6,150,,,,,,,,,,,,,,,,
2026-07-07T13:02:08.114559+00:00,2026-07-07T13:02:08.114462,2,2,139.25,0.3,139.1,107,138.9,100,,,,,,,,,,,,,,,,,139.4,50,139.6,150,,,,,,,,,,,,,,,,
2026-07-07T13:02:08.119554+00:00,2026-07-07T13:02:08.119665,2,2,139.25,0.3,139.1,107,138.9,100,,,,,,,,,,,,,,,,,139.4,62,139.6,150,,,,,,,,,,,,,,,,
2026-07-07T13:02:08.168979+00:00,2026-07-07T13:02:08.168881,2,2,139.25,0.3,139.1,107,138.9,100,,,,,,,,,,,,,,,,,139.4,22,139.6,150,,,,,,,,,,,,,,,,
2026-07-07T13:02:08.721766+00:00,2026-07-07T13:02:08.721948,2,1,139.25,0.3,139.1,6,138.9,100,,,,,,,,,,,,,,,,,139.4,22,,,,,,,,,,,,,,,,,,
2026-07-07T13:02:08.779687+00:00,2026-07-07T13:02:08.779639,3,1,139.25,0.3,139.1,6,138.9,100,138.8,150,,,,,,,,,,,,,,,139.4,22,,,,,,,,,,,,,,,,,,
2026-07-07T13:02:08.815898+00:00,2026-07-07T13:02:08.815837,3,0,,,139.1,6,138.9,100,138.8,150,,,,,,,,,,,,,,,,,,,,,,,,,,,,,,,,,,
2026-07-07T13:02:08.832519+00:00,2026-07-07T13:02:08.832642,3,1,139.2,0.2,139.1,6,138.9,100,138.8,150,,,,,,,,,,,,,,,139.3,150,,,,,,,,,,,,,,,,,,
2026-07-07T13:02:08.933679+00:00,2026-07-07T13:02:08.933777,2,1,139.2,0.2,139.1,6,138.8,150,,,,,,,,,,,,,,,,,139.3,150,,,,,,,,,,,,,,,,,,
2026-07-07T13:02:08.986549+00:00,2026-07-07T13:02:08.986515,3,1,139.2,0.2,139.1,6,139.0,100,138.8,150,,,,,,,,,,,,,,,139.3,150,,,,,,,,,,,,,,,,,,
2026-07-07T13:02:09.044070+00:00,2026-07-07T13:02:09.044231,3,2,139.2,0.2,139.1,6,139.0,100,138.8,150,,,,,,,,,,,,,,,139.3,150,139.5,100,,,,,,,,,,,,,,,,
2026-07-07T13:02:09.382689+00:00,2026-07-07T13:02:09.382601,3,2,139.15,0.3,139.0,100,138.9,12,138.8,150,,,,,,,,,,,,,,,139.3,150,139.5,100,,,,,,,,,,,,,,,,
2026-07-07T13:02:09.387863+00:00,2026-07-07T13:02:09.387751,3,2,139.15,0.3,139.0,100,138.9,12,138.8,150,,,,,,,,,,,,,,,139.3,162,139.5,100,,,,,,,,,,,,,,,,
2026-07-07T13:02:10.924116+00:00,2026-07-07T13:02:10.924011,3,2,139.15,0.3,139.0,100,138.9,12,138.8,150,,,,,,,,,,,,,,,139.3,112,139.5,100,,,,,,,,,,,,,,,,
2026-07-07T13:02:11.647503+00:00,2026-07-07T13:02:11.647314,3,2,139.15,0.3,139.0,100,138.9,12,138.8,150,,,,,,,,,,,,,,,139.3,66,139.5,100,,,,,,,,,,,,,,,,
2026-07-07T13:02:11.678905+00:00,2026-07-07T13:02:11.672808,3,2,139.15,0.3,139.0,89,138.9,12,138.8,150,,,,,,,,,,,,,,,139.3,66,139.5,100,,,,,,,,,,,,,,,,
2026-07-07T13:02:11.703399+00:00,2026-07-07T13:02:11.703295,3,2,139.15,0.3,139.0,49,138.9,12,138.8,150,,,,,,,,,,,,,,,139.3,66,139.5,100,,,,,,,,,,,,,,,,
2026-07-07T13:02:11.882870+00:00,2026-07-07T13:02:11.882385,2,2,139.15,0.3,139.0,49,138.9,12,,,,,,,,,,,,,,,,,139.3,12,139.5,100,,,,,,,,,,,,,,,,
2026-07-07T13:02:11.937824+00:00,2026-07-07T13:02:11.937763,2,2,139.15,0.3,139.0,49,138.9,162,,,,,,,,,,,,,,,,,139.3,12,139.5,100,,,,,,,,,,,,,,,,
2026-07-07T13:02:11.992250+00:00,2026-07-07T13:02:11.992161,2,3,139.15,0.3,139.0,49,138.9,162,,,,,,,,,,,,,,,,,139.3,12,139.4,150,139.5,100,,,,,,,,,,,,,,
2026-07-07T13:02:12.098131+00:00,2026-07-07T13:02:12.098102,2,2,139.15,0.3,139.0,49,138.9,162,,,,,,,,,,,,,,,,,139.3,12,139.4,150,,,,,,,,,,,,,,,,
2026-07-07T13:02:12.103300+00:00,2026-07-07T13:02:12.103250,1,2,139.1,0.4,138.9,162,,,,,,,,,,,,,,,,,,,139.3,12,139.4,150,,,,,,,,,,,,,,,,
2026-07-07T13:02:12.148722+00:00,2026-07-07T13:02:12.148588,1,1,139.15,0.5,138.9,150,,,,,,,,,,,,,,,,,,,139.4,150,,,,,,,,,,,,,,,,,,
2026-07-07T13:02:12.158547+00:00,2026-07-07T13:02:12.153825,3,2,139.05,0.3,138.9,150,138.8,12,138.6,100,,,,,,,,,,,,,,,139.2,12,139.4,150,,,,,,,,,,,,,,,,
2026-07-07T13:02:12.207134+00:00,2026-07-07T13:02:12.207042,3,3,139.0,0.2,138.9,150,138.8,12,138.6,100,,,,,,,,,,,,,,,139.1,100,139.2,12,139.4,150,,,,,,,,,,,,,,
2026-07-07T13:02:13.068666+00:00,2026-07-07T13:02:13.068606,3,3,139.0,0.2,138.9,150,138.8,12,138.6,100,,,,,,,,,,,,,,,139.1,50,139.2,12,139.4,150,,,,,,,,,,,,,,
2026-07-07T13:02:13.158626+00:00,2026-07-07T13:02:13.148585,3,3,139.0,0.2,138.9,150,138.8,12,138.6,100,,,,,,,,,,,,,,,139.1,8,139.2,12,139.4,150,,,,,,,,,,,,,,
2026-07-07T13:02:13.722727+00:00,2026-07-07T13:02:13.722632,3,3,139.0,0.2,138.9,106,138.8,12,138.6,100,,,,,,,,,,,,,,,139.1,8,139.2,12,139.4,150,,,,,,,,,,,,,,
2026-07-07T13:02:14.917841+00:00,2026-07-07T13:02:14.917798,2,3,139.0,0.2,138.9,106,138.6,100,,,,,,,,,,,,,,,,,139.1,8,139.2,12,139.4,150,,,,,,,,,,,,,,
2026-07-07T13:02:14.923101+00:00,2026-07-07T13:02:14.923059,3,2,139.05,0.1,139.0,12,138.9,106,138.6,100,,,,,,,,,,,,,,,139.1,8,139.4,150,,,,,,,,,,,,,,,,
2026-07-07T13:02:14.928316+00:00,2026-07-07T13:02:14.928224,3,3,139.05,0.1,139.0,12,138.9,106,138.6,100,,,,,,,,,,,,,,,139.1,8,139.3,12,139.4,150,,,,,,,,,,,,,,
2026-07-07T13:02:15.049325+00:00,2026-07-07T13:02:15.049255,2,2,139.05,0.1,139.0,12,138.6,100,,,,,,,,,,,,,,,,,139.1,8,139.3,12,,,,,,,,,,,,,,,,
2026-07-07T13:02:15.105559+00:00,2026-07-07T13:02:15.105678,3,2,139.05,0.1,139.0,12,138.9,150,138.6,100,,,,,,,,,,,,,,,139.1,8,139.3,12,,,,,,,,,,,,,,,,
2026-07-07T13:02:15.158626+00:00,2026-07-07T13:02:15.149060,3,3,139.05,0.1,139.0,12,138.9,150,138.6,100,,,,,,,,,,,,,,,139.1,8,139.3,12,139.4,150,,,,,,,,,,,,,,
2026-07-07T13:02:15.179991+00:00,2026-07-07T13:02:15.179848,3,1,139.2,0.4,139.0,12,138.9,150,138.6,100,,,,,,,,,,,,,,,139.4,120,,,,,,,,,,,,,,,,,,
2026-07-07T13:02:15.260759+00:00,2026-07-07T13:02:15.260690,2,1,139.2,0.4,139.0,12,138.9,150,,,,,,,,,,,,,,,,,139.4,120,,,,,,,,,,,,,,,,,,
2026-07-07T13:02:15.314951+00:00,2026-07-07T13:02:15.314789,3,1,139.25,0.3,139.1,100,139.0,12,138.9,150,,,,,,,,,,,,,,,139.4,120,,,,,,,,,,,,,,,,,,
2026-07-07T13:02:15.370156+00:00,2026-07-07T13:02:15.370082,3,2,139.25,0.3,139.1,100,139.0,12,138.9,150,,,,,,,,,,,,,,,139.4,120,139.6,100,,,,,,,,,,,,,,,,
2026-07-07T13:02:15.618533+00:00,2026-07-07T13:02:15.612563,3,2,139.25,0.3,139.1,88,139.0,12,138.9,150,,,,,,,,,,,,,,,139.4,120,139.6,100,,,,,,,,,,,,,,,,
2026-07-07T13:02:15.924580+00:00,2026-07-07T13:02:15.924469,3,2,139.25,0.3,139.1,44,139.0,12,138.9,150,,,,,,,,,,,,,,,139.4,120,139.6,100,,,,,,,,,,,,,,,,
2026-07-07T13:02:15.942890+00:00,2026-07-07T13:02:15.942766,2,2,139.25,0.3,139.1,44,138.9,162,,,,,,,,,,,,,,,,,139.4,120,139.6,100,,,,,,,,,,,,,,,,
2026-07-07T13:02:15.947853+00:00,2026-07-07T13:02:15.947975,2,3,139.2,0.2,139.1,44,138.9,162,,,,,,,,,,,,,,,,,139.3,12,139.4,120,139.6,100,,,,,,,,,,,,,,
2026-07-07T13:02:16.452927+00:00,2026-07-07T13:02:16.452885,2,3,139.2,0.2,139.1,44,138.9,150,,,,,,,,,,,,,,,,,139.3,12,139.4,120,139.6,100,,,,,,,,,,,,,,
2026-07-07T13:02:16.458612+00:00,2026-07-07T13:02:16.458129,3,3,139.2,0.2,139.1,44,139.0,12,138.9,150,,,,,,,,,,,,,,,139.3,12,139.4,120,139.6,100,,,,,,,,,,,,,,
2026-07-07T13:02:16.768888+00:00,2026-07-07T13:02:16.762329,3,2,139.25,0.3,139.1,44,139.0,12,138.9,150,,,,,,,,,,,,,,,139.4,120,139.6,100,,,,,,,,,,,,,,,,
2026-07-07T13:02:16.969746+00:00,2026-07-07T13:02:16.969649,2,2,139.25,0.3,139.1,56,138.9,150,,,,,,,,,,,,,,,,,139.4,120,139.6,100,,,,,,,,,,,,,,,,
2026-07-07T13:02:16.974958+00:00,2026-07-07T13:02:16.974819,2,2,139.25,0.3,139.1,56,138.9,150,,,,,,,,,,,,,,,,,139.4,132,139.6,100,,,,,,,,,,,,,,,,
2026-07-07T13:02:17.302884+00:00,2026-07-07T13:02:17.302819,2,2,139.25,0.3,139.1,56,138.9,150,,,,,,,,,,,,,,,,,139.4,82,139.6,100,,,,,,,,,,,,,,,,
2026-07-07T13:02:18.211973+00:00,2026-07-07T13:02:18.211940,2,2,139.25,0.3,139.1,56,138.9,150,,,,,,,,,,,,,,,,,139.4,12,139.6,100,,,,,,,,,,,,,,,,
2026-07-07T13:02:18.217030+00:00,2026-07-07T13:02:18.217141,1,2,139.25,0.3,139.1,56,,,,,,,,,,,,,,,,,,,139.4,12,139.6,100,,,,,,,,,,,,,,,,
2026-07-07T13:02:18.269591+00:00,2026-07-07T13:02:18.269476,1,2,139.25,0.3,139.1,44,,,,,,,,,,,,,,,,,,,139.4,12,139.6,100,,,,,,,,,,,,,,,,
2026-07-07T13:02:18.274790+00:00,2026-07-07T13:02:18.274721,3,1,139.5,0.2,139.4,138,139.2,12,139.1,44,,,,,,,,,,,,,,,139.6,100,,,,,,,,,,,,,,,,,,
2026-07-07T13:02:18.279971+00:00,2026-07-07T13:02:18.279905,3,1,139.5,0.2,139.4,138,139.2,12,139.1,44,,,,,,,,,,,,,,,139.6,112,,,,,,,,,,,,,,,,,,
2026-07-07T13:02:18.330270+00:00,2026-07-07T13:02:18.330162,3,2,139.5,0.2,139.4,138,139.2,12,139.1,44,,,,,,,,,,,,,,,139.6,112,139.9,150,,,,,,,,,,,,,,,,
2026-07-07T13:02:18.422440+00:00,2026-07-07T13:02:18.422286,3,2,139.5,0.2,139.4,138,139.2,12,139.1,44,,,,,,,,,,,,,,,139.6,12,139.9,150,,,,,,,,,,,,,,,,
2026-07-07T13:02:18.427376+00:00,2026-07-07T13:02:18.427524,2,2,139.5,0.2,139.4,138,139.2,12,,,,,,,,,,,,,,,,,139.6,12,139.9,150,,,,,,,,,,,,,,,,
2026-07-07T13:02:18.480961+00:00,2026-07-07T13:02:18.480836,3,2,139.5,0.2,139.4,138,139.2,12,139.1,100,,,,,,,,,,,,,,,139.6,12,139.9,150,,,,,,,,,,,,,,,,
2026-07-07T13:02:18.534000+00:00,2026-07-07T13:02:18.533943,3,2,139.5,0.2,139.4,138,139.2,12,139.1,100,,,,,,,,,,,,,,,139.6,112,139.9,150,,,,,,,,,,,,,,,,
2026-07-07T13:02:18.539140+00:00,2026-07-07T13:02:18.539109,2,2,139.5,0.2,139.4,138,139.1,100,,,,,,,,,,,,,,,,,139.6,112,139.9,150,,,,,,,,,,,,,,,,
2026-07-07T13:02:18.544407+00:00,2026-07-07T13:02:18.544309,3,2,139.5,0.2,139.4,138,139.3,12,139.1,100,,,,,,,,,,,,,,,139.6,100,139.9,150,,,,,,,,,,,,,,,,
2026-07-07T13:02:18.549601+00:00,2026-07-07T13:02:18.549492,3,2,139.5,0.2,139.4,138,139.3,12,139.1,100,,,,,,,,,,,,,,,139.6,112,139.9,150,,,,,,,,,,,,,,,,
2026-07-07T13:02:19.410617+00:00,2026-07-07T13:02:19.410754,3,2,139.5,0.2,139.4,138,139.3,12,139.1,100,,,,,,,,,,,,,,,139.6,62,139.9,150,,,,,,,,,,,,,,,,
2026-07-07T13:02:20.058559+00:00,2026-07-07T13:02:20.057975,2,2,139.5,0.2,139.4,138,139.1,100,,,,,,,,,,,,,,,,,139.6,50,139.9,150,,,,,,,,,,,,,,,,
2026-07-07T13:02:20.100298+00:00,2026-07-07T13:02:20.100391,2,2,139.5,0.2,139.4,150,139.1,100,,,,,,,,,,,,,,,,,139.6,50,139.9,150,,,,,,,,,,,,,,,,
2026-07-07T13:02:20.124266+00:00,2026-07-07T13:02:20.124208,2,3,139.5,0.2,139.4,150,139.1,100,,,,,,,,,,,,,,,,,139.6,50,139.8,12,139.9,150,,,,,,,,,,,,,,
2026-07-07T13:02:21.381446+00:00,2026-07-07T13:02:21.381409,2,2,139.5,0.2,139.4,12,139.1,100,,,,,,,,,,,,,,,,,139.6,50,139.8,12,,,,,,,,,,,,,,,,
2026-07-07T13:02:21.437967+00:00,2026-07-07T13:02:21.437853,3,2,139.55,0.1,139.5,150,139.4,12,139.1,100,,,,,,,,,,,,,,,139.6,50,139.8,12,,,,,,,,,,,,,,,,
2026-07-07T13:02:21.491264+00:00,2026-07-07T13:02:21.491169,3,3,139.55,0.1,139.5,150,139.4,12,139.1,100,,,,,,,,,,,,,,,139.6,50,139.8,12,140.0,150,,,,,,,,,,,,,,
2026-07-07T13:02:21.544472+00:00,2026-07-07T13:02:21.544372,3,2,139.65,0.3,139.5,150,139.4,12,139.1,100,,,,,,,,,,,,,,,139.8,12,140.0,150,,,,,,,,,,,,,,,,
2026-07-07T13:02:21.585072+00:00,2026-07-07T13:02:21.585024,2,2,139.65,0.3,139.5,150,139.4,12,,,,,,,,,,,,,,,,,139.8,12,140.0,150,,,,,,,,,,,,,,,,
2026-07-07T13:02:21.643499+00:00,2026-07-07T13:02:21.643372,2,2,139.65,0.3,139.5,250,139.4,12,,,,,,,,,,,,,,,,,139.8,12,140.0,150,,,,,,,,,,,,,,,,
2026-07-07T13:02:21.696390+00:00,2026-07-07T13:02:21.696501,2,2,139.65,0.3,139.5,250,139.4,12,,,,,,,,,,,,,,,,,139.8,12,140.0,250,,,,,,,,,,,,,,,,
2026-07-07T13:02:23.575428+00:00,2026-07-07T13:02:23.575314,2,2,139.65,0.3,139.5,207,139.4,12,,,,,,,,,,,,,,,,,139.8,12,140.0,250,,,,,,,,,,,,,,,,
2026-07-07T13:02:23.658629+00:00,2026-07-07T13:02:23.655092,2,1,139.75,0.5,139.5,207,139.4,12,,,,,,,,,,,,,,,,,140.0,212,,,,,,,,,,,,,,,,,,
2026-07-07T13:02:23.887751+00:00,2026-07-07T13:02:23.887689,1,1,139.75,0.5,139.5,219,,,,,,,,,,,,,,,,,,,140.0,212,,,,,,,,,,,,,,,,,,
2026-07-07T13:02:23.892998+00:00,2026-07-07T13:02:23.892886,1,2,139.7,0.4,139.5,219,,,,,,,,,,,,,,,,,,,139.9,12,140.0,212,,,,,,,,,,,,,,,,
2026-07-07T13:02:24.549209+00:00,2026-07-07T13:02:24.549092,1,2,139.7,0.4,139.5,112,,,,,,,,,,,,,,,,,,,139.9,12,140.0,100,,,,,,,,,,,,,,,,
2026-07-07T13:02:24.605451+00:00,2026-07-07T13:02:24.605587,1,2,139.7,0.4,139.5,262,,,,,,,,,,,,,,,,,,,139.9,12,140.0,100,,,,,,,,,,,,,,,,
2026-07-07T13:02:24.610905+00:00,2026-07-07T13:02:24.610847,1,1,139.75,0.5,139.5,262,,,,,,,,,,,,,,,,,,,140.0,65,,,,,,,,,,,,,,,,,,
2026-07-07T13:02:24.656436+00:00,2026-07-07T13:02:24.656391,1,1,139.75,0.5,139.5,262,,,,,,,,,,,,,,,,,,,140.0,215,,,,,,,,,,,,,,,,,,
2026-07-07T13:02:24.750239+00:00,2026-07-07T13:02:24.750183,1,1,139.75,0.5,139.5,162,,,,,,,,,,,,,,,,,,,140.0,150,,,,,,,,,,,,,,,,,,
2026-07-07T13:02:24.815597+00:00,2026-07-07T13:02:24.809607,2,1,139.85,0.3,139.7,88,139.5,162,,,,,,,,,,,,,,,,,140.0,150,,,,,,,,,,,,,,,,,,
2026-07-07T13:02:24.859126+00:00,2026-07-07T13:02:24.859036,2,2,139.85,0.3,139.7,88,139.5,162,,,,,,,,,,,,,,,,,140.0,150,140.2,100,,,,,,,,,,,,,,,,
2026-07-07T13:02:25.774008+00:00,2026-07-07T13:02:25.773886,2,2,139.85,0.3,139.7,88,139.5,162,,,,,,,,,,,,,,,,,140.0,100,140.2,100,,,,,,,,,,,,,,,,
2026-07-07T13:02:26.163800+00:00,2026-07-07T13:02:26.163709,2,2,139.85,0.3,139.7,88,139.5,150,,,,,,,,,,,,,,,,,140.0,100,140.2,100,,,,,,,,,,,,,,,,
2026-07-07T13:02:26.178528+00:00,2026-07-07T13:02:26.172744,3,2,139.85,0.3,139.7,77,139.6,12,139.5,150,,,,,,,,,,,,,,,140.0,112,140.2,100,,,,,,,,,,,,,,,,
2026-07-07T13:02:26.677134+00:00,2026-07-07T13:02:26.677287,2,2,139.85,0.3,139.7,77,139.5,150,,,,,,,,,,,,,,,,,140.0,100,140.2,100,,,,,,,,,,,,,,,,
2026-07-07T13:02:26.682670+00:00,2026-07-07T13:02:26.682550,3,2,139.85,0.3,139.7,77,139.5,150,139.4,12,,,,,,,,,,,,,,,140.0,100,140.2,100,,,,,,,,,,,,,,,,
2026-07-07T13:02:26.687936+00:00,2026-07-07T13:02:26.687865,3,3,139.8,0.2,139.7,77,139.5,150,139.4,12,,,,,,,,,,,,,,,139.9,12,140.0,100,140.2,100,,,,,,,,,,,,,,
2026-07-07T13:02:27.274732+00:00,2026-07-07T13:02:27.274698,3,2,139.85,0.3,139.7,77,139.5,150,139.4,12,,,,,,,,,,,,,,,140.0,64,140.2,100,,,,,,,,,,,,,,,,
2026-07-07T13:02:27.494719+00:00,2026-07-07T13:02:27.487503,3,2,139.85,0.3,139.7,66,139.5,150,139.4,12,,,,,,,,,,,,,,,140.0,64,140.2,100,,,,,,,,,,,,,,,,
2026-07-07T13:02:27.710819+00:00,2026-07-07T13:02:27.711017,3,1,139.95,0.5,139.7,66,139.5,150,139.4,12,,,,,,,,,,,,,,,140.2,100,,,,,,,,,,,,,,,,,,
2026-07-07T13:02:27.716345+00:00,2026-07-07T13:02:27.716217,2,1,139.95,0.5,139.7,66,139.4,12,,,,,,,,,,,,,,,,,140.2,100,,,,,,,,,,,,,,,,,,
2026-07-07T13:02:27.764685+00:00,2026-07-07T13:02:27.764816,2,1,139.95,0.5,139.7,216,139.4,12,,,,,,,,,,,,,,,,,140.2,100,,,,,,,,,,,,,,,,,,
2026-07-07T13:02:27.818188+00:00,2026-07-07T13:02:27.818098,2,1,139.95,0.5,139.7,216,139.4,12,,,,,,,,,,,,,,,,,140.2,250,,,,,,,,,,,,,,,,,,
2026-07-07T13:02:27.881381+00:00,2026-07-07T13:02:27.881537,2,1,139.95,0.5,139.7,216,139.4,12,,,,,,,,,,,,,,,,,140.2,200,,,,,,,,,,,,,,,,,,
2026-07-07T13:02:27.913077+00:00,2026-07-07T13:02:27.913229,2,1,139.95,0.5,139.7,150,139.4,12,,,,,,,,,,,,,,,,,140.2,150,,,,,,,,,,,,,,,,,,
2026-07-07T13:02:27.950095+00:00,2026-07-07T13:02:27.950030,1,1,139.95,0.5,139.7,150,,,,,,,,,,,,,,,,,,,140.2,150,,,,,,,,,,,,,,,,,,
2026-07-07T13:02:27.955295+00:00,2026-07-07T13:02:27.955236,2,2,139.9,0.4,139.7,150,139.4,12,,,,,,,,,,,,,,,,,140.1,12,140.2,150,,,,,,,,,,,,,,,,
2026-07-07T13:02:27.968878+00:00,2026-07-07T13:02:27.968818,3,2,139.9,0.4,139.7,150,139.6,100,139.4,12,,,,,,,,,,,,,,,140.1,12,140.2,150,,,,,,,,,,,,,,,,
2026-07-07T13:02:28.019743+00:00,2026-07-07T13:02:28.019522,3,2,139.9,0.4,139.7,150,139.6,100,139.4,12,,,,,,,,,,,,,,,140.1,112,140.2,150,,,,,,,,,,,,,,,,
2026-07-07T13:02:28.458569+00:00,2026-07-07T13:02:28.457752,2,2,139.9,0.4,139.7,150,139.6,100,,,,,,,,,,,,,,,,,140.1,100,140.2,150,,,,,,,,,,,,,,,,
2026-07-07T13:02:28.469194+00:00,2026-07-07T13:02:28.469093,3,3,139.85,0.3,139.7,150,139.6,100,139.4,12,,,,,,,,,,,,,,,140.0,12,140.1,100,140.2,150,,,,,,,,,,,,,,
2026-07-07T13:02:28.976485+00:00,2026-07-07T13:02:28.976369,2,3,139.85,0.3,139.7,150,139.6,100,,,,,,,,,,,,,,,,,140.0,12,140.1,100,140.2,150,,,,,,,,,,,,,,
2026-07-07T13:02:28.981735+00:00,2026-07-07T13:02:28.981634,3,2,139.9,0.4,139.7,150,139.6,100,139.5,12,,,,,,,,,,,,,,,140.1,100,140.2,150,,,,,,,,,,,,,,,,
2026-07-07T13:02:28.986890+00:00,2026-07-07T13:02:28.986807,3,3,139.8,0.2,139.7,150,139.6,100,139.5,12,,,,,,,,,,,,,,,139.9,12,140.1,100,140.2,150,,,,,,,,,,,,,,
2026-07-07T13:02:30.013492+00:00,2026-07-07T13:02:30.013417,3,2,139.9,0.4,139.7,150,139.6,100,139.5,12,,,,,,,,,,,,,,,140.1,62,140.2,150,,,,,,,,,,,,,,,,
2026-07-07T13:02:30.501492+00:00,2026-07-07T13:02:30.501349,2,2,139.9,0.4,139.7,150,139.6,100,,,,,,,,,,,,,,,,,140.1,62,140.2,150,,,,,,,,,,,,,,,,
2026-07-07T13:02:30.506424+00:00,2026-07-07T13:02:30.506534,2,2,139.9,0.4,139.7,150,139.6,112,,,,,,,,,,,,,,,,,140.1,62,140.2,150,,,,,,,,,,,,,,,,
2026-07-07T13:02:30.511856+00:00,2026-07-07T13:02:30.511684,2,3,139.85,0.3,139.7,150,139.6,112,,,,,,,,,,,,,,,,,140.0,12,140.1,62,140.2,150,,,,,,,,,,,,,,
2026-07-07T13:02:30.874483+00:00,2026-07-07T13:02:30.874431,1,2,139.8,0.4,139.6,112,,,,,,,,,,,,,,,,,,,140.0,12,140.1,62,,,,,,,,,,,,,,,,
2026-07-07T13:02:30.929768+00:00,2026-07-07T13:02:30.929686,2,2,139.95,0.1,139.9,150,139.6,112,,,,,,,,,,,,,,,,,140.0,12,140.1,62,,,,,,,,,,,,,,,,
2026-07-07T13:02:30.979794+00:00,2026-07-07T13:02:30.979911,2,3,139.95,0.1,139.9,150,139.6,112,,,,,,,,,,,,,,,,,140.0,12,140.1,62,140.4,150,,,,,,,,,,,,,,
2026-07-07T13:02:31.026877+00:00,2026-07-07T13:02:31.026802,2,3,139.95,0.1,139.9,107,139.6,112,,,,,,,,,,,,,,,,,140.0,12,140.1,62,140.4,150,,,,,,,,,,,,,,
2026-07-07T13:02:31.073994+00:00,2026-07-07T13:02:31.073906,2,2,139.95,0.1,139.9,107,139.6,12,,,,,,,,,,,,,,,,,140.0,12,140.4,150,,,,,,,,,,,,,,,,
2026-07-07T13:02:31.125730+00:00,2026-07-07T13:02:31.121566,2,2,139.95,0.1,139.9,207,139.6,12,,,,,,,,,,,,,,,,,140.0,12,140.4,150,,,,,,,,,,,,,,,,
2026-07-07T13:02:31.180372+00:00,2026-07-07T13:02:31.180252,2,2,139.95,0.1,139.9,207,139.6,12,,,,,,,,,,,,,,,,,140.0,12,140.4,250,,,,,,,,,,,,,,,,
2026-07-07T13:02:31.517235+00:00,2026-07-07T13:02:31.517184,1,1,140.15,0.5,139.9,207,,,,,,,,,,,,,,,,,,,140.4,250,,,,,,,,,,,,,,,,,,
2026-07-07T13:02:31.522500+00:00,2026-07-07T13:02:31.522384,2,2,139.95,0.1,139.9,207,139.7,12,,,,,,,,,,,,,,,,,140.0,12,140.4,250,,,,,,,,,,,,,,,,
2026-07-07T13:02:32.120527+00:00,2026-07-07T13:02:32.120458,2,1,140.15,0.5,139.9,207,139.7,12,,,,,,,,,,,,,,,,,140.4,212,,,,,,,,,,,,,,,,,,
2026-07-07T13:02:32.281390+00:00,2026-07-07T13:02:32.281354,2,1,140.15,0.5,139.9,207,139.8,12,,,,,,,,,,,,,,,,,140.4,212,,,,,,,,,,,,,,,,,,
2026-07-07T13:02:32.286610+00:00,2026-07-07T13:02:32.286550,2,2,140.1,0.4,139.9,207,139.8,12,,,,,,,,,,,,,,,,,140.3,12,140.4,212,,,,,,,,,,,,,,,,
2026-07-07T13:02:33.047947+00:00,2026-07-07T13:02:33.047915,1,1,140.15,0.5,139.9,207,,,,,,,,,,,,,,,,,,,140.4,212,,,,,,,,,,,,,,,,,,
2026-07-07T13:02:33.058573+00:00,2026-07-07T13:02:33.053246,1,2,140.05,0.3,139.9,219,,,,,,,,,,,,,,,,,,,140.2,12,140.4,212,,,,,,,,,,,,,,,,
2026-07-07T13:02:33.167969+00:00,2026-07-07T13:02:33.167837,1,1,140.15,0.5,139.9,219,,,,,,,,,,,,,,,,,,,140.4,178,,,,,,,,,,,,,,,,,,
2026-07-07T13:02:34.036141+00:00,2026-07-07T13:02:34.036020,1,1,140.15,0.5,139.9,112,,,,,,,,,,,,,,,,,,,140.4,100,,,,,,,,,,,,,,,,,,
2026-07-07T13:02:34.101534+00:00,2026-07-07T13:02:34.095254,2,1,140.35,0.1,140.3,138,139.9,112,,,,,,,,,,,,,,,,,140.4,100,,,,,,,,,,,,,,,,,,
2026-07-07T13:02:34.141776+00:00,2026-07-07T13:02:34.141850,2,2,140.35,0.1,140.3,138,139.9,112,,,,,,,,,,,,,,,,,140.4,100,140.8,150,,,,,,,,,,,,,,,,
2026-07-07T13:02:34.239919+00:00,2026-07-07T13:02:34.239806,2,1,140.55,0.5,140.3,138,139.9,12,,,,,,,,,,,,,,,,,140.8,150,,,,,,,,,,,,,,,,,,
2026-07-07T13:02:34.258611+00:00,2026-07-07T13:02:34.255757,2,1,140.55,0.5,140.3,138,139.9,12,,,,,,,,,,,,,,,,,140.8,100,,,,,,,,,,,,,,,,,,
2026-07-07T13:02:34.294766+00:00,2026-07-07T13:02:34.294686,3,1,140.55,0.5,140.3,138,140.2,100,139.9,12,,,,,,,,,,,,,,,140.8,100,,,,,,,,,,,,,,,,,,
2026-07-07T13:02:34.318759+00:00,2026-07-07T13:02:34.318653,2,1,140.55,0.5,140.3,138,140.2,100,,,,,,,,,,,,,,,,,140.8,100,,,,,,,,,,,,,,,,,,
2026-07-07T13:02:34.323948+00:00,2026-07-07T13:02:34.323846,3,2,140.5,0.4,140.3,138,140.2,100,140.0,12,,,,,,,,,,,,,,,140.7,4,140.8,100,,,,,,,,,,,,,,,,
2026-07-07T13:02:34.363971+00:00,2026-07-07T13:02:34.364076,3,2,140.5,0.4,140.3,138,140.2,100,140.0,12,,,,,,,,,,,,,,,140.7,104,140.8,100,,,,,,,,,,,,,,,,
2026-07-07T13:02:34.797114+00:00,2026-07-07T13:02:34.797008,3,2,140.5,0.4,140.3,93,140.2,100,140.0,12,,,,,,,,,,,,,,,140.7,104,140.8,100,,,,,,,,,,,,,,,,
2026-07-07T13:02:36.275594+00:00,2026-07-07T13:02:36.275482,3,2,140.5,0.4,140.3,53,140.2,100,140.0,12,,,,,,,,,,,,,,,140.7,104,140.8,100,,,,,,,,,,,,,,,,
2026-07-07T13:02:36.434166+00:00,2026-07-07T13:02:36.434088,3,2,140.5,0.4,140.3,3,140.2,100,140.0,12,,,,,,,,,,,,,,,140.7,104,140.8,100,,,,,,,,,,,,,,,,
2026-07-07T13:02:36.880864+00:00,2026-07-07T13:02:36.880734,2,2,140.45,0.5,140.2,100,140.0,12,,,,,,,,,,,,,,,,,140.7,104,140.8,100,,,,,,,,,,,,,,,,
2026-07-07T13:02:37.195869+00:00,2026-07-07T13:02:37.195842,2,1,140.45,0.5,140.2,100,140.0,12,,,,,,,,,,,,,,,,,140.7,104,,,,,,,,,,,,,,,,,,
2026-07-07T13:02:37.249268+00:00,2026-07-07T13:02:37.249174,2,1,140.45,0.5,140.2,100,140.0,162,,,,,,,,,,,,,,,,,140.7,104,,,,,,,,,,,,,,,,,,
2026-07-07T13:02:37.303271+00:00,2026-07-07T13:02:37.303158,2,2,140.35,0.3,140.2,100,140.0,162,,,,,,,,,,,,,,,,,140.5,150,140.7,104,,,,,,,,,,,,,,,,
2026-07-07T13:02:37.419611+00:00,2026-07-07T13:02:37.419533,1,2,140.25,0.5,140.0,162,,,,,,,,,,,,,,,,,,,140.5,150,140.7,4,,,,,,,,,,,,,,,,
2026-07-07T13:02:37.473851+00:00,2026-07-07T13:02:37.473761,2,2,140.4,0.2,140.3,100,140.0,162,,,,,,,,,,,,,,,,,140.5,150,140.7,4,,,,,,,,,,,,,,,,
2026-07-07T13:02:37.502621+00:00,2026-07-07T13:02:37.502477,2,2,140.4,0.2,140.3,58,140.0,162,,,,,,,,,,,,,,,,,140.5,150,140.7,4,,,,,,,,,,,,,,,,
2026-07-07T13:02:37.528380+00:00,2026-07-07T13:02:37.528344,2,3,140.4,0.2,140.3,58,140.0,162,,,,,,,,,,,,,,,,,140.5,150,140.7,4,140.8,100,,,,,,,,,,,,,,
2026-07-07T13:02:38.435828+00:00,2026-07-07T13:02:38.435686,2,3,140.4,0.2,140.3,58,140.0,162,,,,,,,,,,,,,,,,,140.5,101,140.7,4,140.8,100,,,,,,,,,,,,,,
2026-07-07T13:02:39.017483+00:00,2026-07-07T13:02:39.017413,2,3,140.4,0.2,140.3,13,140.0,162,,,,,,,,,,,,,,,,,140.5,101,140.7,4,140.8,100,,,,,,,,,,,,,,
2026-07-07T13:02:40.358602+00:00,2026-07-07T13:02:40.353569,2,2,140.5,0.4,140.3,13,140.0,12,,,,,,,,,,,,,,,,,140.7,4,140.8,100,,,,,,,,,,,,,,,,
2026-07-07T13:02:40.408468+00:00,2026-07-07T13:02:40.408402,2,2,140.5,0.4,140.3,163,140.0,12,,,,,,,,,,,,,,,,,140.7,4,140.8,100,,,,,,,,,,,,,,,,
2026-07-07T13:02:40.460876+00:00,2026-07-07T13:02:40.460789,2,2,140.5,0.4,140.3,163,140.0,12,,,,,,,,,,,,,,,,,140.7,4,140.8,250,,,,,,,,,,,,,,,,
2026-07-07T13:02:40.580516+00:00,2026-07-07T13:02:40.580401,2,2,140.5,0.4,140.3,150,140.0,12,,,,,,,,,,,,,,,,,140.7,4,140.8,150,,,,,,,,,,,,,,,,
2026-07-07T13:02:40.637754+00:00,2026-07-07T13:02:40.637633,3,2,140.5,0.4,140.3,150,140.1,100,140.0,12,,,,,,,,,,,,,,,140.7,4,140.8,150,,,,,,,,,,,,,,,,
2026-07-07T13:02:40.675026+00:00,2026-07-07T13:02:40.674966,3,2,140.5,0.4,140.3,100,140.1,100,140.0,12,,,,,,,,,,,,,,,140.7,4,140.8,150,,,,,,,,,,,,,,,,
2026-07-07T13:02:40.696222+00:00,2026-07-07T13:02:40.696136,3,3,140.45,0.3,140.3,100,140.1,100,140.0,12,,,,,,,,,,,,,,,140.6,100,140.7,4,140.8,150,,,,,,,,,,,,,,
2026-07-07T13:02:41.646466+00:00,2026-07-07T13:02:41.646418,2,3,140.45,0.3,140.3,100,140.1,100,,,,,,,,,,,,,,,,,140.6,100,140.7,4,140.8,150,,,,,,,,,,,,,,
2026-07-07T13:02:41.651511+00:00,2026-07-07T13:02:41.651643,3,2,140.45,0.3,140.3,100,140.2,12,140.1,100,,,,,,,,,,,,,,,140.6,100,140.8,150,,,,,,,,,,,,,,,,
2026-07-07T13:02:41.656930+00:00,2026-07-07T13:02:41.656830,3,3,140.4,0.2,140.3,100,140.2,12,140.1,100,,,,,,,,,,,,,,,140.5,4,140.6,100,140.8,150,,,,,,,,,,,,,,
2026-07-07T13:02:41.670876+00:00,2026-07-07T13:02:41.670805,3,2,140.45,0.3,140.3,100,140.2,12,140.1,100,,,,,,,,,,,,,,,140.6,63,140.8,150,,,,,,,,,,,,,,,,
2026-07-07T13:02:41.907812+00:00,2026-07-07T13:02:41.907683,2,2,140.45,0.3,140.3,100,140.1,100,,,,,,,,,,,,,,,,,140.6,63,140.8,150,,,,,,,,,,,,,,,,
2026-07-07T13:02:41.913043+00:00,2026-07-07T13:02:41.912994,2,2,140.45,0.3,140.3,112,140.1,100,,,,,,,,,,,,,,,,,140.6,63,140.8,150,,,,,,,,,,,,,,,,
2026-07-07T13:02:42.733624+00:00,2026-07-07T13:02:42.733488,2,2,140.45,0.3,140.3,112,140.1,100,,,,,,,,,,,,,,,,,140.6,13,140.8,150,,,,,,,,,,,,,,,,
2026-07-07T13:02:43.518614+00:00,2026-07-07T13:02:43.518556,2,1,140.45,0.3,140.3,12,140.1,100,,,,,,,,,,,,,,,,,140.6,13,,,,,,,,,,,,,,,,,,
2026-07-07T13:02:43.574458+00:00,2026-07-07T13:02:43.574371,2,1,140.45,0.3,140.3,162,140.1,100,,,,,,,,,,,,,,,,,140.6,13,,,,,,,,,,,,,,,,,,
2026-07-07T13:02:43.625639+00:00,2026-07-07T13:02:43.625585,2,2,140.45,0.3,140.3,162,140.1,100,,,,,,,,,,,,,,,,,140.6,13,140.8,150,,,,,,,,,,,,,,,,
2026-07-07T13:02:43.752878+00:00,2026-07-07T13:02:43.752812,1,1,140.55,0.5,140.3,162,,,,,,,,,,,,,,,,,,,140.8,150,,,,,,,,,,,,,,,,,,
2026-07-07T13:02:43.806644+00:00,2026-07-07T13:02:43.806564,2,1,140.7,0.2,140.6,100,140.3,162,,,,,,,,,,,,,,,,,140.8,150,,,,,,,,,,,,,,,,,,
2026-07-07T13:02:43.858581+00:00,2026-07-07T13:02:43.856703,2,2,140.7,0.2,140.6,52,140.3,162,,,,,,,,,,,,,,,,,140.8,150,141.1,100,,,,,,,,,,,,,,,,
2026-07-07T13:02:44.893935+00:00,2026-07-07T13:02:44.893858,2,2,140.7,0.2,140.6,2,140.3,162,,,,,,,,,,,,,,,,,140.8,150,141.1,100,,,,,,,,,,,,,,,,
2026-07-07T13:02:46.681046+00:00,2026-07-07T13:02:46.680980,2,1,140.85,0.5,140.6,2,140.3,12,,,,,,,,,,,,,,,,,141.1,100,,,,,,,,,,,,,,,,,,
2026-07-07T13:02:46.686239+00:00,2026-07-07T13:02:46.686190,2,1,140.85,0.5,140.6,2,140.4,12,,,,,,,,,,,,,,,,,141.1,100,,,,,,,,,,,,,,,,,,
2026-07-07T13:02:46.734908+00:00,2026-07-07T13:02:46.734885,2,1,140.85,0.5,140.6,2,140.4,162,,,,,,,,,,,,,,,,,141.1,100,,,,,,,,,,,,,,,,,,
2026-07-07T13:02:46.797688+00:00,2026-07-07T13:02:46.797658,2,2,140.75,0.3,140.6,2,140.4,162,,,,,,,,,,,,,,,,,140.9,150,141.1,100,,,,,,,,,,,,,,,,
2026-07-07T13:02:46.912300+00:00,2026-07-07T13:02:46.907193,1,1,140.65,0.5,140.4,162,,,,,,,,,,,,,,,,,,,140.9,150,,,,,,,,,,,,,,,,,,
2026-07-07T13:02:46.945338+00:00,2026-07-07T13:02:46.945274,1,1,140.65,0.5,140.4,162,,,,,,,,,,,,,,,,,,,140.9,150,,,,,,,,,,,,,,,,,,
2026-07-07T13:02:46.965517+00:00,2026-07-07T13:02:46.965664,1,1,140.65,0.5,140.4,262,,,,,,,,,,,,,,,,,,,140.9,150,,,,,,,,,,,,,,,,,,
2026-07-07T13:02:47.017999+00:00,2026-07-07T13:02:47.017962,1,1,140.65,0.5,140.4,262,,,,,,,,,,,,,,,,,,,140.9,250,,,,,,,,,,,,,,,,,,
2026-07-07T13:02:47.458700+00:00,2026-07-07T13:02:47.452181,2,1,140.65,0.5,140.4,250,140.2,12,,,,,,,,,,,,,,,,,140.9,250,,,,,,,,,,,,,,,,,,
2026-07-07T13:02:47.965963+00:00,2026-07-07T13:02:47.966116,1,1,140.65,0.5,140.4,262,,,,,,,,,,,,,,,,,,,140.9,250,,,,,,,,,,,,,,,,,,
2026-07-07T13:02:49.107351+00:00,2026-07-07T13:02:49.107270,1,1,140.65,0.5,140.4,212,,,,,,,,,,,,,,,,,,,140.9,250,,,,,,,,,,,,,,,,,,
2026-07-07T13:02:49.850947+00:00,2026-07-07T13:02:49.850879,1,1,140.65,0.5,140.4,112,,,,,,,,,,,,,,,,,,,140.9,100,,,,,,,,,,,,,,,,,,
2026-07-07T13:02:49.904564+00:00,2026-07-07T13:02:49.904715,2,1,140.65,0.5,140.4,112,140.0,150,,,,,,,,,,,,,,,,,140.9,100,,,,,,,,,,,,,,,,,,
2026-07-07T13:02:49.958612+00:00,2026-07-07T13:02:49.955855,2,2,140.45,0.1,140.4,112,140.0,150,,,,,,,,,,,,,,,,,140.5,150,140.9,100,,,,,,,,,,,,,,,,
2026-07-07T13:02:49.974293+00:00,2026-07-07T13:02:49.974265,2,2,140.45,0.1,140.4,100,140.0,150,,,,,,,,,,,,,,,,,140.5,150,140.9,100,,,,,,,,,,,,,,,,
2026-07-07T13:02:49.979343+00:00,2026-07-07T13:02:49.979416,3,2,140.45,0.1,140.4,100,140.3,12,140.0,150,,,,,,,,,,,,,,,140.5,150,140.9,100,,,,,,,,,,,,,,,,
2026-07-07T13:02:50.076706+00:00,2026-07-07T13:02:50.076859,2,1,140.4,0.2,140.3,12,140.0,150,,,,,,,,,,,,,,,,,140.5,150,,,,,,,,,,,,,,,,,,
2026-07-07T13:02:50.129374+00:00,2026-07-07T13:02:50.129215,3,1,140.4,0.2,140.3,12,140.2,100,140.0,150,,,,,,,,,,,,,,,140.5,150,,,,,,,,,,,,,,,,,,
2026-07-07T13:02:50.184793+00:00,2026-07-07T13:02:50.184896,3,2,140.4,0.2,140.3,12,140.2,100,140.0,150,,,,,,,,,,,,,,,140.5,150,140.7,100,,,,,,,,,,,,,,,,
2026-07-07T13:02:51.925024+00:00,2026-07-07T13:02:51.918768,3,2,140.4,0.2,140.3,12,140.2,100,140.0,150,,,,,,,,,,,,,,,140.5,138,140.7,100,,,,,,,,,,,,,,,,
2026-07-07T13:02:53.007376+00:00,2026-07-07T13:02:53.007260,3,1,140.5,0.4,140.3,12,140.2,100,140.0,150,,,,,,,,,,,,,,,140.7,100,,,,,,,,,,,,,,,,,,
2026-07-07T13:02:53.012495+00:00,2026-07-07T13:02:53.012413,2,1,140.5,0.4,140.3,12,140.2,100,,,,,,,,,,,,,,,,,140.7,100,,,,,,,,,,,,,,,,,,
2026-07-07T13:02:53.063970+00:00,2026-07-07T13:02:53.063858,2,1,140.5,0.4,140.3,12,140.2,250,,,,,,,,,,,,,,,,,140.7,100,,,,,,,,,,,,,,,,,,
2026-07-07T13:02:53.114596+00:00,2026-07-07T13:02:53.114429,2,1,140.5,0.4,140.3,12,140.2,250,,,,,,,,,,,,,,,,,140.7,250,,,,,,,,,,,,,,,,,,
2026-07-07T13:02:53.240901+00:00,2026-07-07T13:02:53.241036,2,1,140.5,0.4,140.3,12,140.2,150,,,,,,,,,,,,,,,,,140.7,150,,,,,,,,,,,,,,,,,,
2026-07-07T13:02:53.291036+00:00,2026-07-07T13:02:53.290913,2,1,140.5,0.4,140.3,112,140.2,150,,,,,,,,,,,,,,,,,140.7,150,,,,,,,,,,,,,,,,,,
2026-07-07T13:02:53.326236+00:00,2026-07-07T13:02:53.326074,2,1,140.5,0.4,140.3,62,140.2,150,,,,,,,,,,,,,,,,,140.7,150,,,,,,,,,,,,,,,,,,
2026-07-07T13:02:53.348030+00:00,2026-07-07T13:02:53.347928,2,2,140.5,0.4,140.3,62,140.2,150,,,,,,,,,,,,,,,,,140.7,150,140.8,100,,,,,,,,,,,,,,,,
2026-07-07T13:02:53.434814+00:00,2026-07-07T13:02:53.434635,2,2,140.5,0.4,140.3,62,140.2,150,,,,,,,,,,,,,,,,,140.7,105,140.8,100,,,,,,,,,,,,,,,,
2026-07-07T13:02:53.997438+00:00,2026-07-07T13:02:53.997590,3,2,140.55,0.3,140.4,12,140.3,62,140.2,150,,,,,,,,,,,,,,,140.7,105,140.8,112,,,,,,,,,,,,,,,,
2026-07-07T13:02:55.006187+00:00,2026-07-07T13:02:55.006351,3,2,140.55,0.3,140.4,12,140.3,62,140.2,150,,,,,,,,,,,,,,,140.7,61,140.8,112,,,,,,,,,,,,,,,,
2026-07-07T13:02:55.435642+00:00,2026-07-07T13:02:55.435573,2,2,140.5,0.4,140.3,24,140.2,150,,,,,,,,,,,,,,,,,140.7,61,140.8,112,,,,,,,,,,,,,,,,
