recv_time,book_timestamp,n_bids,n_asks,mid,spread,bid_px_0,bid_vol_0,bid_px_1,bid_vol_1,bid_px_2,bid_vol_2,bid_px_3,bid_vol_3,bid_px_4,bid_vol_4,bid_px_5,bid_vol_5,bid_px_6,bid_vol_6,bid_px_7,bid_vol_7,bid_px_8,bid_vol_8,bid_px_9,bid_vol_9,ask_px_0,ask_vol_0,ask_px_1,ask_vol_1,ask_px_2,ask_vol_2,ask_px_3,ask_vol_3,ask_px_4,ask_vol_4,ask_px_5,ask_vol_5,ask_px_6,ask_vol_6,ask_px_7,ask_vol_7,ask_px_8,ask_vol_8,ask_px_9,ask_vol_9
2026-06-29T21:00:00.015307+00:00,2026-06-30T07:00:00.010298,1,1,126.45,0.5,126.2,250,,,,,,,,,,,,,,,,,,,126.7,161,,,,,,,,,,,,,,,,,,
2026-06-29T21:00:00.427581+00:00,2026-06-30T07:00:00.419554,1,1,126.45,0.5,126.2,200,,,,,,,,,,,,,,,,,,,126.7,161,,,,,,,,,,,,,,,,,,
2026-06-29T21:00:00.711993+00:00,2026-06-30T07:00:00.703928,2,1,126.6,0.2,126.5,5,126.2,200,,,,,,,,,,,,,,,,,126.7,161,,,,,,,,,,,,,,,,,,
2026-06-29T21:00:00.829950+00:00,2026-06-30T07:00:00.827940,2,1,126.6,0.2,126.5,5,126.2,200,,,,,,,,,,,,,,,,,126.7,150,,,,,,,,,,,,,,,,,,
2026-06-29T21:00:00.841013+00:00,2026-06-30T07:00:00.830103,2,1,126.6,0.2,126.5,5,126.2,150,,,,,,,,,,,,,,,,,126.7,150,,,,,,,,,,,,,,,,,,
2026-06-29T21:00:00.884291+00:00,2026-06-30T07:00:00.882291,3,1,126.6,0.2,126.5,5,126.4,100,126.2,150,,,,,,,,,,,,,,,126.7,150,,,,,,,,,,,,,,,,,,
2026-06-29T21:00:00.938644+00:00,2026-06-30T07:00:00.934644,3,2,126.6,0.2,126.5,5,126.4,100,126.2,150,,,,,,,,,,,,,,,126.7,150,126.9,100,,,,,,,,,,,,,,,,
2026-06-29T21:00:01.558495+00:00,2026-06-30T07:00:01.557990,2,2,126.55,0.3,126.4,61,126.2,150,,,,,,,,,,,,,,,,,126.7,150,126.9,100,,,,,,,,,,,,,,,,
2026-06-29T21:00:02.081072+00:00,2026-06-30T07:00:02.078062,2,2,126.55,0.3,126.4,61,126.2,150,,,,,,,,,,,,,,,,,126.7,102,126.9,100,,,,,,,,,,,,,,,,
2026-06-29T21:00:02.527533+00:00,2026-06-30T07:00:02.524487,2,2,126.55,0.3,126.4,11,126.2,150,,,,,,,,,,,,,,,,,126.7,102,126.9,100,,,,,,,,,,,,,,,,
2026-06-29T21:00:02.604103+00:00,2026-06-30T07:00:02.602104,1,1,126.65,0.5,126.4,11,,,,,,,,,,,,,,,,,,,126.9,100,,,,,,,,,,,,,,,,,,
2026-06-29T21:00:02.657521+00:00,2026-06-30T07:00:02.654475,2,1,126.65,0.5,126.4,11,126.3,150,,,,,,,,,,,,,,,,,126.9,100,,,,,,,,,,,,,,,,,,
2026-06-29T21:00:02.734003+00:00,2026-06-30T07:00:02.723143,2,2,126.6,0.4,126.4,11,126.3,150,,,,,,,,,,,,,,,,,126.8,150,126.9,100,,,,,,,,,,,,,,,,
2026-06-29T21:00:03.998360+00:00,2026-06-30T07:00:03.993788,1,1,126.55,0.5,126.3,150,,,,,,,,,,,,,,,,,,,126.8,150,,,,,,,,,,,,,,,,,,
2026-06-29T21:00:04.053203+00:00,2026-06-30T07:00:04.046130,2,1,126.55,0.5,126.3,150,126.1,100,,,,,,,,,,,,,,,,,126.8,150,,,,,,,,,,,,,,,,,,
2026-06-29T21:00:04.108099+00:00,2026-06-30T07:00:04.098529,2,2,126.45,0.3,126.3,150,126.1,100,,,,,,,,,,,,,,,,,126.6,100,126.8,150,,,,,,,,,,,,,,,,
2026-06-29T21:00:04.369955+00:00,2026-06-30T07:00:04.361902,2,3,126.45,0.3,126.3,150,126.1,100,,,,,,,,,,,,,,,,,126.6,100,126.7,7,126.8,150,,,,,,,,,,,,,,
2026-06-29T21:00:04.631945+00:00,2026-06-30T07:00:04.630945,2,3,126.45,0.3,126.3,100,126.1,100,,,,,,,,,,,,,,,,,126.6,100,126.7,7,126.8,150,,,,,,,,,,,,,,
2026-06-29T21:00:05.787413+00:00,2026-06-30T07:00:05.777403,1,2,126.35,0.5,126.1,100,,,,,,,,,,,,,,,,,,,126.6,100,126.7,7,,,,,,,,,,,,,,,,
2026-06-29T21:00:05.840830+00:00,2026-06-30T07:00:05.829766,1,2,126.35,0.5,126.1,250,,,,,,,,,,,,,,,,,,,126.6,100,126.7,7,,,,,,,,,,,,,,,,
2026-06-29T21:00:05.885138+00:00,2026-06-30T07:00:05.883138,1,2,126.35,0.5,126.1,250,,,,,,,,,,,,,,,,,,,126.6,250,126.7,7,,,,,,,,,,,,,,,,
2026-06-29T21:00:06.755288+00:00,2026-06-30T07:00:06.750288,1,2,126.35,0.5,126.1,200,,,,,,,,,,,,,,,,,,,126.6,250,126.7,7,,,,,,,,,,,,,,,,
2026-06-29T21:00:07.155473+00:00,2026-06-30T07:00:07.154473,1,2,126.35,0.5,126.1,150,,,,,,,,,,,,,,,,,,,126.6,150,126.7,7,,,,,,,,,,,,,,,,
2026-06-29T21:00:07.208866+00:00,2026-06-30T07:00:07.207306,2,2,126.35,0.5,126.1,150,125.8,100,,,,,,,,,,,,,,,,,126.6,150,126.7,7,,,,,,,,,,,,,,,,
2026-06-29T21:00:07.264230+00:00,2026-06-30T07:00:07.261231,2,3,126.2,0.2,126.1,150,125.8,100,,,,,,,,,,,,,,,,,126.3,100,126.6,150,126.7,7,,,,,,,,,,,,,,
2026-06-29T21:00:07.406630+00:00,2026-06-30T07:00:07.396566,2,3,126.2,0.2,126.1,150,125.8,100,,,,,,,,,,,,,,,,,126.3,75,126.6,150,126.7,7,,,,,,,,,,,,,,
2026-06-29T21:00:07.428320+00:00,2026-06-30T07:00:07.420750,2,3,126.2,0.2,126.1,150,125.8,100,,,,,,,,,,,,,,,,,126.3,50,126.6,150,126.7,7,,,,,,,,,,,,,,
2026-06-29T21:00:07.614071+00:00,2026-06-30T07:00:07.611071,2,3,126.2,0.2,126.1,150,125.8,100,,,,,,,,,,,,,,,,,126.3,25,126.6,150,126.7,7,,,,,,,,,,,,,,
2026-06-29T21:00:07.636197+00:00,2026-06-30T07:00:07.631194,2,2,126.35,0.5,126.1,150,125.8,100,,,,,,,,,,,,,,,,,126.6,150,126.7,7,,,,,,,,,,,,,,,,
2026-06-29T21:00:08.027376+00:00,2026-06-30T07:00:08.017435,2,2,126.35,0.5,126.1,106,125.8,100,,,,,,,,,,,,,,,,,126.6,150,126.7,7,,,,,,,,,,,,,,,,
2026-06-29T21:00:08.844404+00:00,2026-06-30T07:00:08.844404,2,2,126.35,0.5,126.1,56,125.8,100,,,,,,,,,,,,,,,,,126.6,150,126.7,7,,,,,,,,,,,,,,,,
2026-06-29T21:00:08.941067+00:00,2026-06-30T07:00:08.939066,1,1,126.25,0.9,125.8,100,,,,,,,,,,,,,,,,,,,126.7,7,,,,,,,,,,,,,,,,,,
2026-06-29T21:00:08.996377+00:00,2026-06-30T07:00:08.991377,2,1,126.25,0.9,125.8,100,125.5,150,,,,,,,,,,,,,,,,,126.7,7,,,,,,,,,,,,,,,,,,
2026-06-29T21:00:09.050838+00:00,2026-06-30T07:00:09.043776,2,2,125.9,0.2,125.8,100,125.5,150,,,,,,,,,,,,,,,,,126.0,150,126.7,7,,,,,,,,,,,,,,,,
2026-06-29T21:00:09.236546+00:00,2026-06-30T07:00:09.226483,2,2,125.9,0.2,125.8,100,125.5,150,,,,,,,,,,,,,,,,,126.0,125,126.7,7,,,,,,,,,,,,,,,,
2026-06-29T21:00:09.258232+00:00,2026-06-30T07:00:09.249665,2,2,125.9,0.2,125.8,100,125.5,150,,,,,,,,,,,,,,,,,126.0,100,126.7,7,,,,,,,,,,,,,,,,
2026-06-29T21:00:09.443932+00:00,2026-06-30T07:00:09.436855,2,2,125.9,0.2,125.8,100,125.5,150,,,,,,,,,,,,,,,,,126.0,75,126.7,7,,,,,,,,,,,,,,,,
2026-06-29T21:00:09.455044+00:00,2026-06-30T07:00:09.452045,2,2,125.9,0.2,125.8,100,125.5,150,,,,,,,,,,,,,,,,,126.0,50,126.7,7,,,,,,,,,,,,,,,,
2026-06-29T21:00:09.660865+00:00,2026-06-30T07:00:09.649951,2,2,125.9,0.2,125.8,100,125.5,150,,,,,,,,,,,,,,,,,126.0,25,126.7,7,,,,,,,,,,,,,,,,
2026-06-29T21:00:09.671963+00:00,2026-06-30T07:00:09.660865,2,1,126.25,0.9,125.8,100,125.5,150,,,,,,,,,,,,,,,,,126.7,7,,,,,,,,,,,,,,,,,,
2026-06-29T21:00:10.324965+00:00,2026-06-30T07:00:10.320965,1,1,126.1,1.2,125.5,150,,,,,,,,,,,,,,,,,,,126.7,7,,,,,,,,,,,,,,,,,,
2026-06-29T21:00:10.378351+00:00,2026-06-30T07:00:10.374793,2,1,126.4,0.6,126.1,100,125.5,150,,,,,,,,,,,,,,,,,126.7,7,,,,,,,,,,,,,,,,,,
2026-06-29T21:00:10.433209+00:00,2026-06-30T07:00:10.428209,2,2,126.35,0.5,126.1,100,125.5,150,,,,,,,,,,,,,,,,,126.6,100,126.7,7,,,,,,,,,,,,,,,,
2026-06-29T21:00:10.957653+00:00,2026-06-30T07:00:10.950653,2,2,126.35,0.5,126.1,50,125.5,150,,,,,,,,,,,,,,,,,126.6,100,126.7,7,,,,,,,,,,,,,,,,
2026-06-29T21:00:12.097500+00:00,2026-06-30T07:00:12.097500,1,2,126.35,0.5,126.1,50,,,,,,,,,,,,,,,,,,,126.6,100,126.7,7,,,,,,,,,,,,,,,,
2026-06-29T21:00:12.151873+00:00,2026-06-30T07:00:12.149873,2,2,126.35,0.5,126.1,50,126.0,150,,,,,,,,,,,,,,,,,126.6,100,126.7,7,,,,,,,,,,,,,,,,
2026-06-29T21:00:12.207183+00:00,2026-06-30T07:00:12.202174,2,3,126.3,0.4,126.1,50,126.0,150,,,,,,,,,,,,,,,,,126.5,150,126.6,100,126.7,7,,,,,,,,,,,,,,
2026-06-29T21:00:13.108357+00:00,2026-06-30T07:00:13.101797,1,3,126.25,0.5,126.0,150,,,,,,,,,,,,,,,,,,,126.5,150,126.6,100,126.7,7,,,,,,,,,,,,,,
2026-06-29T21:00:13.489847+00:00,2026-06-30T07:00:13.482777,1,2,126.25,0.5,126.0,150,,,,,,,,,,,,,,,,,,,126.5,150,126.7,7,,,,,,,,,,,,,,,,
2026-06-29T21:00:13.545170+00:00,2026-06-30T07:00:13.535104,2,2,126.25,0.5,126.0,150,125.6,100,,,,,,,,,,,,,,,,,126.5,150,126.7,7,,,,,,,,,,,,,,,,
2026-06-29T21:00:13.599074+00:00,2026-06-30T07:00:13.589515,2,3,126.05,0.1,126.0,150,125.6,100,,,,,,,,,,,,,,,,,126.1,100,126.5,150,126.7,7,,,,,,,,,,,,,,
2026-06-29T21:00:13.687645+00:00,2026-06-30T07:00:13.676581,2,3,126.05,0.1,126.0,150,125.6,100,,,,,,,,,,,,,,,,,126.1,75,126.5,150,126.7,7,,,,,,,,,,,,,,
2026-06-29T21:00:13.917232+00:00,2026-06-30T07:00:13.913206,2,3,126.05,0.1,126.0,150,125.6,100,,,,,,,,,,,,,,,,,126.1,35,126.5,150,126.7,7,,,,,,,,,,,,,,
2026-06-29T21:00:14.068853+00:00,2026-06-30T07:00:14.065293,2,3,126.05,0.1,126.0,150,125.6,100,,,,,,,,,,,,,,,,,126.1,34,126.5,150,126.7,7,,,,,,,,,,,,,,
2026-06-29T21:00:14.471088+00:00,2026-06-30T07:00:14.465997,2,3,126.05,0.1,126.0,108,125.6,100,,,,,,,,,,,,,,,,,126.1,34,126.5,150,126.7,7,,,,,,,,,,,,,,
2026-06-29T21:00:14.678253+00:00,2026-06-30T07:00:14.675696,2,3,126.05,0.1,126.0,108,125.6,100,,,,,,,,,,,,,,,,,126.1,33,126.5,150,126.7,7,,,,,,,,,,,,,,
2026-06-29T21:00:14.864267+00:00,2026-06-30T07:00:14.863267,2,2,126.05,0.1,126.0,108,125.6,100,,,,,,,,,,,,,,,,,126.1,33,126.5,150,,,,,,,,,,,,,,,,
2026-06-29T21:00:15.015718+00:00,2026-06-30T07:00:15.014718,2,1,126.25,0.5,126.0,108,125.6,100,,,,,,,,,,,,,,,,,126.5,150,,,,,,,,,,,,,,,,,,
2026-06-29T21:00:15.188912+00:00,2026-06-30T07:00:15.188398,2,1,126.25,0.5,126.0,58,125.6,100,,,,,,,,,,,,,,,,,126.5,150,,,,,,,,,,,,,,,,,,
2026-06-29T21:00:15.266385+00:00,2026-06-30T07:00:15.258384,1,0,,,125.6,100,,,,,,,,,,,,,,,,,,,,,,,,,,,,,,,,,,,,,,
2026-06-29T21:00:15.318774+00:00,2026-06-30T07:00:15.311215,1,0,,,125.6,250,,,,,,,,,,,,,,,,,,,,,,,,,,,,,,,,,,,,,,
2026-06-29T21:00:15.374105+00:00,2026-06-30T07:00:15.363042,1,1,125.85,0.5,125.6,250,,,,,,,,,,,,,,,,,,,126.1,150,,,,,,,,,,,,,,,,,,
2026-06-29T21:00:15.407292+00:00,2026-06-30T07:00:15.403292,1,2,125.85,0.5,125.6,250,,,,,,,,,,,,,,,,,,,126.1,150,126.5,9,,,,,,,,,,,,,,,,
2026-06-29T21:00:15.734098+00:00,2026-06-30T07:00:15.725036,1,2,125.85,0.5,125.6,250,,,,,,,,,,,,,,,,,,,126.1,150,126.5,8,,,,,,,,,,,,,,,,
2026-06-29T21:00:16.658686+00:00,2026-06-30T07:00:16.652127,1,2,125.85,0.5,125.6,150,,,,,,,,,,,,,,,,,,,126.1,150,126.5,8,,,,,,,,,,,,,,,,
2026-06-29T21:00:16.680860+00:00,2026-06-30T07:00:16.675767,1,2,125.85,0.5,125.6,150,,,,,,,,,,,,,,,,,,,126.1,150,126.5,7,,,,,,,,,,,,,,,,
2026-06-29T21:00:16.714048+00:00,2026-06-30T07:00:16.706985,2,2,126.0,0.2,125.9,100,125.6,150,,,,,,,,,,,,,,,,,126.1,150,126.5,7,,,,,,,,,,,,,,,,
2026-06-29T21:00:16.767921+00:00,2026-06-30T07:00:16.762361,2,3,126.0,0.2,125.9,100,125.6,150,,,,,,,,,,,,,,,,,126.1,150,126.4,100,126.5,7,,,,,,,,,,,,,,
2026-06-29T21:00:17.314855+00:00,2026-06-30T07:00:17.310855,2,3,126.0,0.2,125.9,50,125.6,150,,,,,,,,,,,,,,,,,126.1,150,126.4,100,126.5,7,,,,,,,,,,,,,,
2026-06-29T21:00:17.478939+00:00,2026-06-30T07:00:17.478433,2,3,126.0,0.2,125.9,50,125.6,150,,,,,,,,,,,,,,,,,126.1,150,126.4,100,126.5,6,,,,,,,,,,,,,,
2026-06-29T21:00:17.697860+00:00,2026-06-30T07:00:17.689287,2,3,126.0,0.2,125.9,50,125.6,150,,,,,,,,,,,,,,,,,126.1,150,126.4,100,126.5,4,,,,,,,,,,,,,,
2026-06-29T21:00:18.427406+00:00,2026-06-30T07:00:18.423362,1,2,126.15,0.5,125.9,50,,,,,,,,,,,,,,,,,,,126.4,100,126.5,3,,,,,,,,,,,,,,,,
2026-06-29T21:00:18.481791+00:00,2026-06-30T07:00:18.478791,2,2,126.15,0.5,125.9,50,125.7,150,,,,,,,,,,,,,,,,,126.4,100,126.5,3,,,,,,,,,,,,,,,,
2026-06-29T21:00:18.537076+00:00,2026-06-30T07:00:18.531076,2,3,126.05,0.3,125.9,50,125.7,150,,,,,,,,,,,,,,,,,126.2,150,126.4,100,126.5,3,,,,,,,,,,,,,,
2026-06-29T21:00:18.601044+00:00,2026-06-30T07:00:18.594982,2,3,126.05,0.3,125.9,1,125.7,150,,,,,,,,,,,,,,,,,126.2,150,126.4,100,126.5,3,,,,,,,,,,,,,,
2026-06-29T21:00:19.375123+00:00,2026-06-30T07:00:19.366055,2,3,126.05,0.3,125.9,1,125.7,150,,,,,,,,,,,,,,,,,126.2,100,126.4,100,126.5,3,,,,,,,,,,,,,,
2026-06-29T21:00:19.820917+00:00,2026-06-30T07:00:19.817916,1,2,125.95,0.5,125.7,150,,,,,,,,,,,,,,,,,,,126.2,100,126.5,3,,,,,,,,,,,,,,,,
2026-06-29T21:00:19.875226+00:00,2026-06-30T07:00:19.870226,2,2,125.95,0.5,125.7,150,125.6,100,,,,,,,,,,,,,,,,,126.2,100,126.5,3,,,,,,,,,,,,,,,,
2026-06-29T21:00:19.928217+00:00,2026-06-30T07:00:19.925217,2,3,125.9,0.4,125.7,150,125.6,100,,,,,,,,,,,,,,,,,126.1,100,126.2,100,126.5,3,,,,,,,,,,,,,,
2026-06-29T21:00:21.585272+00:00,2026-06-30T07:00:21.584272,2,2,125.9,0.4,125.7,150,125.6,100,,,,,,,,,,,,,,,,,126.1,100,126.5,3,,,,,,,,,,,,,,,,
2026-06-29T21:00:21.596335+00:00,2026-06-30T07:00:21.587325,1,2,125.85,0.5,125.6,100,,,,,,,,,,,,,,,,,,,126.1,100,126.5,3,,,,,,,,,,,,,,,,
2026-06-29T21:00:21.648816+00:00,2026-06-30T07:00:21.639255,2,2,126.0,0.2,125.9,150,125.6,100,,,,,,,,,,,,,,,,,126.1,100,126.5,3,,,,,,,,,,,,,,,,
2026-06-29T21:00:21.693082+00:00,2026-06-30T07:00:21.692082,2,3,126.0,0.2,125.9,150,125.6,100,,,,,,,,,,,,,,,,,126.1,100,126.4,150,126.5,3,,,,,,,,,,,,,,
2026-06-29T21:00:21.715204+00:00,2026-06-30T07:00:21.710203,2,3,126.0,0.2,125.9,102,125.6,100,,,,,,,,,,,,,,,,,126.1,100,126.4,150,126.5,3,,,,,,,,,,,,,,
2026-06-29T21:00:21.778670+00:00,2026-06-30T07:00:21.770110,2,3,126.0,0.2,125.9,102,125.6,100,,,,,,,,,,,,,,,,,126.1,96,126.4,150,126.5,3,,,,,,,,,,,,,,
2026-06-29T21:00:21.800821+00:00,2026-06-30T07:00:21.797810,2,2,126.0,0.2,125.9,102,125.6,100,,,,,,,,,,,,,,,,,126.1,96,126.4,150,,,,,,,,,,,,,,,,
2026-06-29T21:00:22.050995+00:00,2026-06-30T07:00:22.041933,2,3,126.0,0.2,125.9,102,125.6,100,,,,,,,,,,,,,,,,,126.1,96,126.3,4,126.4,150,,,,,,,,,,,,,,
2026-06-29T21:00:22.149655+00:00,2026-06-30T07:00:22.141584,3,3,126.05,0.1,126.0,3,125.9,102,125.6,100,,,,,,,,,,,,,,,126.1,96,126.3,4,126.4,150,,,,,,,,,,,,,,
2026-06-29T21:00:22.727977+00:00,2026-06-30T07:00:22.717562,3,3,126.05,0.1,126.0,3,125.9,102,125.6,100,,,,,,,,,,,,,,,126.1,88,126.3,4,126.4,150,,,,,,,,,,,,,,
2026-06-29T21:00:22.760700+00:00,2026-06-30T07:00:22.759700,3,3,126.05,0.1,126.0,3,125.9,102,125.6,100,,,,,,,,,,,,,,,126.1,88,126.3,3,126.4,150,,,,,,,,,,,,,,
2026-06-29T21:00:22.989821+00:00,2026-06-30T07:00:22.987811,2,2,126.15,0.3,126.0,3,125.9,102,,,,,,,,,,,,,,,,,126.3,3,126.4,150,,,,,,,,,,,,,,,,
2026-06-29T21:00:23.045135+00:00,2026-06-30T07:00:23.040134,3,2,126.15,0.3,126.0,3,125.9,102,125.6,100,,,,,,,,,,,,,,,126.3,3,126.4,150,,,,,,,,,,,,,,,,
2026-06-29T21:00:23.097943+00:00,2026-06-30T07:00:23.092385,3,3,126.05,0.1,126.0,3,125.9,102,125.6,100,,,,,,,,,,,,,,,126.1,100,126.3,3,126.4,150,,,,,,,,,,,,,,
2026-06-29T21:00:23.611320+00:00,2026-06-30T07:00:23.605321,3,3,126.05,0.1,126.0,3,125.9,102,125.6,100,,,,,,,,,,,,,,,126.1,50,126.3,3,126.4,150,,,,,,,,,,,,,,
2026-06-29T21:00:24.746049+00:00,2026-06-30T07:00:24.745042,3,2,126.05,0.1,126.0,3,125.9,102,125.6,100,,,,,,,,,,,,,,,126.1,50,126.3,3,,,,,,,,,,,,,,,,
2026-06-29T21:00:24.757150+00:00,2026-06-30T07:00:24.748114,2,2,126.05,0.1,126.0,3,125.6,100,,,,,,,,,,,,,,,,,126.1,50,126.3,3,,,,,,,,,,,,,,,,
2026-06-29T21:00:24.811094+00:00,2026-06-30T07:00:24.800031,3,2,126.05,0.1,126.0,3,125.8,150,125.6,100,,,,,,,,,,,,,,,126.1,50,126.3,3,,,,,,,,,,,,,,,,
2026-06-29T21:00:24.855341+00:00,2026-06-30T07:00:24.853340,3,2,126.05,0.1,126.0,3,125.8,150,125.6,100,,,,,,,,,,,,,,,126.1,50,126.3,153,,,,,,,,,,,,,,,,
2026-06-29T21:00:25.038327+00:00,2026-06-30T07:00:25.035767,3,2,126.05,0.1,126.0,2,125.8,150,125.6,100,,,,,,,,,,,,,,,126.1,50,126.3,153,,,,,,,,,,,,,,,,
2026-06-29T21:00:26.158918+00:00,2026-06-30T07:00:26.150358,2,1,126.15,0.3,126.0,2,125.8,150,,,,,,,,,,,,,,,,,126.3,153,,,,,,,,,,,,,,,,,,
2026-06-29T21:00:26.203175+00:00,2026-06-30T07:00:26.201176,2,1,126.15,0.3,126.0,2,125.8,250,,,,,,,,,,,,,,,,,126.3,153,,,,,,,,,,,,,,,,,,
2026-06-29T21:00:26.268147+00:00,2026-06-30T07:00:26.258579,2,1,126.15,0.3,126.0,2,125.8,250,,,,,,,,,,,,,,,,,126.3,253,,,,,,,,,,,,,,,,,,
2026-06-29T21:00:27.672978+00:00,2026-06-30T07:00:27.670979,2,1,126.15,0.3,126.0,2,125.8,250,,,,,,,,,,,,,,,,,126.3,207,,,,,,,,,,,,,,,,,,
2026-06-29T21:00:27.912090+00:00,2026-06-30T07:00:27.909090,2,1,126.15,0.3,126.0,2,125.8,100,,,,,,,,,,,,,,,,,126.3,100,,,,,,,,,,,,,,,,,,
2026-06-29T21:00:27.967401+00:00,2026-06-30T07:00:27.961400,2,1,126.15,0.3,126.0,2,125.8,250,,,,,,,,,,,,,,,,,126.3,100,,,,,,,,,,,,,,,,,,
2026-06-29T21:00:28.020811+00:00,2026-06-30T07:00:28.014740,2,1,126.15,0.3,126.0,2,125.8,250,,,,,,,,,,,,,,,,,126.3,250,,,,,,,,,,,,,,,,,,
2026-06-29T21:00:28.042956+00:00,2026-06-30T07:00:28.038964,2,1,126.15,0.3,126.0,2,125.8,250,,,,,,,,,,,,,,,,,126.3,255,,,,,,,,,,,,,,,,,,
2026-06-29T21:00:28.248874+00:00,2026-06-30T07:00:28.242304,2,1,126.15,0.3,126.0,2,125.8,250,,,,,,,,,,,,,,,,,126.3,215,,,,,,,,,,,,,,,,,,
2026-06-29T21:00:28.815229+00:00,2026-06-30T07:00:28.804310,1,1,126.05,0.5,125.8,207,,,,,,,,,,,,,,,,,,,126.3,215,,,,,,,,,,,,,,,,,,
2026-06-29T21:00:29.316508+00:00,2026-06-30T07:00:29.311509,1,1,126.05,0.5,125.8,150,,,,,,,,,,,,,,,,,,,126.3,155,,,,,,,,,,,,,,,,,,
2026-06-29T21:00:29.381000+00:00,2026-06-30T07:00:29.369937,2,1,126.1,0.4,125.9,100,125.8,150,,,,,,,,,,,,,,,,,126.3,155,,,,,,,,,,,,,,,,,,
2026-06-29T21:00:29.425272+00:00,2026-06-30T07:00:29.419271,2,2,126.1,0.4,125.9,100,125.8,150,,,,,,,,,,,,,,,,,126.3,155,126.4,100,,,,,,,,,,,,,,,,
2026-06-29T21:00:30.882126+00:00,2026-06-30T07:00:30.872063,3,2,126.15,0.3,126.0,2,125.9,100,125.8,150,,,,,,,,,,,,,,,126.3,155,126.4,100,,,,,,,,,,,,,,,,
2026-06-29T21:00:31.077792+00:00,2026-06-30T07:00:31.069230,2,2,126.15,0.3,126.0,2,125.9,100,,,,,,,,,,,,,,,,,126.3,5,126.4,100,,,,,,,,,,,,,,,,
2026-06-29T21:00:31.132150+00:00,2026-06-30T07:00:31.121253,3,2,126.15,0.3,126.0,2,125.9,100,125.8,150,,,,,,,,,,,,,,,126.3,5,126.4,100,,,,,,,,,,,,,,,,
2026-06-29T21:00:31.198089+00:00,2026-06-30T07:00:31.195528,3,2,126.15,0.3,126.0,2,125.9,100,125.8,150,,,,,,,,,,,,,,,126.3,155,126.4,100,,,,,,,,,,,,,,,,
2026-06-29T21:00:31.698530+00:00,2026-06-30T07:00:31.692969,3,2,126.15,0.3,126.0,2,125.9,100,125.8,150,,,,,,,,,,,,,,,126.3,154,126.4,100,,,,,,,,,,,,,,,,
2026-06-29T21:00:31.863181+00:00,2026-06-30T07:00:31.856118,3,2,126.15,0.3,126.0,2,125.9,100,125.8,150,,,,,,,,,,,,,,,126.3,107,126.4,100,,,,,,,,,,,,,,,,
2026-06-29T21:00:31.917541+00:00,2026-06-30T07:00:31.911486,2,2,126.1,0.4,125.9,53,125.8,150,,,,,,,,,,,,,,,,,126.3,107,126.4,100,,,,,,,,,,,,,,,,
2026-06-29T21:00:32.102266+00:00,2026-06-30T07:00:32.101266,2,2,126.1,0.4,125.9,3,125.8,150,,,,,,,,,,,,,,,,,126.3,107,126.4,100,,,,,,,,,,,,,,,,
2026-06-29T21:00:32.480869+00:00,2026-06-30T07:00:32.474806,1,1,126.05,0.5,125.8,150,,,,,,,,,,,,,,,,,,,126.3,107,,,,,,,,,,,,,,,,,,
2026-06-29T21:00:32.536201+00:00,2026-06-30T07:00:32.527190,2,1,126.05,0.5,125.8,150,125.5,100,,,,,,,,,,,,,,,,,126.3,107,,,,,,,,,,,,,,,,,,
2026-06-29T21:00:32.589633+00:00,2026-06-30T07:00:32.580571,2,2,125.9,0.2,125.8,150,125.5,100,,,,,,,,,,,,,,,,,126.0,100,126.3,107,,,,,,,,,,,,,,,,
2026-06-29T21:00:32.698329+00:00,2026-06-30T07:00:32.696769,2,2,125.9,0.2,125.8,150,125.5,100,,,,,,,,,,,,,,,,,126.0,98,126.3,111,,,,,,,,,,,,,,,,
2026-06-29T21:00:32.753176+00:00,2026-06-30T07:00:32.745113,2,2,125.9,0.2,125.8,150,125.5,100,,,,,,,,,,,,,,,,,126.0,92,126.3,111,,,,,,,,,,,,,,,,
2026-06-29T21:00:32.958570+00:00,2026-06-30T07:00:32.955010,2,2,125.9,0.2,125.8,150,125.5,100,,,,,,,,,,,,,,,,,126.0,87,126.3,111,,,,,,,,,,,,,,,,
2026-06-29T21:00:32.980737+00:00,2026-06-30T07:00:32.973675,2,2,125.9,0.2,125.8,150,125.5,100,,,,,,,,,,,,,,,,,126.0,85,126.3,111,,,,,,,,,,,,,,,,
2026-06-29T21:00:33.395444+00:00,2026-06-30T07:00:33.388443,2,2,125.9,0.2,125.8,150,125.5,100,,,,,,,,,,,,,,,,,126.0,85,126.3,110,,,,,,,,,,,,,,,,
2026-06-29T21:00:34.027593+00:00,2026-06-30T07:00:34.023584,2,2,125.9,0.2,125.8,150,125.5,100,,,,,,,,,,,,,,,,,126.0,85,126.3,108,,,,,,,,,,,,,,,,
2026-06-29T21:00:34.169102+00:00,2026-06-30T07:00:34.162040,2,2,125.9,0.2,125.8,150,125.5,100,,,,,,,,,,,,,,,,,126.0,35,126.3,108,,,,,,,,,,,,,,,,
2026-06-29T21:00:34.257614+00:00,2026-06-30T07:00:34.249606,1,2,125.75,0.5,125.5,100,,,,,,,,,,,,,,,,,,,126.0,35,126.3,1,,,,,,,,,,,,,,,,
2026-06-29T21:00:34.312023+00:00,2026-06-30T07:00:34.304961,2,1,126.15,0.3,126.0,115,125.5,100,,,,,,,,,,,,,,,,,126.3,1,,,,,,,,,,,,,,,,,,
2026-06-29T21:00:34.367359+00:00,2026-06-30T07:00:34.365359,2,2,126.15,0.3,126.0,115,125.5,100,,,,,,,,,,,,,,,,,126.3,1,126.5,150,,,,,,,,,,,,,,,,
2026-06-29T21:00:34.453975+00:00,2026-06-30T07:00:34.444912,2,2,126.15,0.3,126.0,68,125.5,100,,,,,,,,,,,,,,,,,126.3,1,126.5,150,,,,,,,,,,,,,,,,
2026-06-29T21:00:35.049677+00:00,2026-06-30T07:00:35.044613,2,2,126.15,0.3,126.0,72,125.5,100,,,,,,,,,,,,,,,,,126.3,1,126.5,150,,,,,,,,,,,,,,,,
2026-06-29T21:00:35.637209+00:00,2026-06-30T07:00:35.635159,1,2,126.15,0.3,126.0,72,,,,,,,,,,,,,,,,,,,126.3,1,126.5,150,,,,,,,,,,,,,,,,
2026-06-29T21:00:35.691140+00:00,2026-06-30T07:00:35.688140,2,2,126.15,0.3,126.0,72,125.6,100,,,,,,,,,,,,,,,,,126.3,1,126.5,150,,,,,,,,,,,,,,,,
2026-06-29T21:00:35.746458+00:00,2026-06-30T07:00:35.741458,2,3,126.05,0.1,126.0,72,125.6,100,,,,,,,,,,,,,,,,,126.1,100,126.3,1,126.5,150,,,,,,,,,,,,,,
2026-06-29T21:00:36.323300+00:00,2026-06-30T07:00:36.318300,2,3,126.05,0.1,126.0,22,125.6,100,,,,,,,,,,,,,,,,,126.1,100,126.3,1,126.5,150,,,,,,,,,,,,,,
2026-06-29T21:00:36.377654+00:00,2026-06-30T07:00:36.370627,2,2,126.05,0.1,126.0,22,125.6,100,,,,,,,,,,,,,,,,,126.1,100,126.5,150,,,,,,,,,,,,,,,,
2026-06-29T21:00:36.997839+00:00,2026-06-30T07:00:36.993278,2,2,126.05,0.1,126.0,22,125.6,100,,,,,,,,,,,,,,,,,126.1,52,126.5,150,,,,,,,,,,,,,,,,
2026-06-29T21:00:37.421221+00:00,2026-06-30T07:00:37.415130,2,1,126.05,0.1,126.0,4,125.6,100,,,,,,,,,,,,,,,,,126.1,52,,,,,,,,,,,,,,,,,,
2026-06-29T21:00:37.476577+00:00,2026-06-30T07:00:37.468569,3,1,126.05,0.1,126.0,4,125.6,100,125.4,150,,,,,,,,,,,,,,,126.1,52,,,,,,,,,,,,,,,,,,
2026-06-29T21:00:37.528978+00:00,2026-06-30T07:00:37.525414,2,2,125.75,0.3,125.6,100,125.4,150,,,,,,,,,,,,,,,,,125.9,146,126.1,52,,,,,,,,,,,,,,,,
2026-06-29T21:00:38.118151+00:00,2026-06-30T07:00:38.111582,2,2,125.75,0.3,125.6,100,125.4,150,,,,,,,,,,,,,,,,,125.9,141,126.1,52,,,,,,,,,,,,,,,,
2026-06-29T21:00:38.379874+00:00,2026-06-30T07:00:38.372811,2,2,125.75,0.3,125.6,100,125.4,150,,,,,,,,,,,,,,,,,125.9,91,126.1,52,,,,,,,,,,,,,,,,
2026-06-29T21:00:38.653199+00:00,2026-06-30T07:00:38.648199,2,3,125.75,0.3,125.6,100,125.4,150,,,,,,,,,,,,,,,,,125.9,86,126.1,52,126.2,1,,,,,,,,,,,,,,
2026-06-29T21:00:38.707559+00:00,2026-06-30T07:00:38.703530,2,3,125.75,0.3,125.6,100,125.4,150,,,,,,,,,,,,,,,,,125.9,81,126.1,52,126.2,1,,,,,,,,,,,,,,
2026-06-29T21:00:38.784064+00:00,2026-06-30T07:00:38.773002,2,3,125.75,0.3,125.6,100,125.4,150,,,,,,,,,,,,,,,,,125.9,76,126.1,52,126.2,1,,,,,,,,,,,,,,
2026-06-29T21:00:38.806189+00:00,2026-06-30T07:00:38.796126,1,2,125.65,0.5,125.4,150,,,,,,,,,,,,,,,,,,,125.9,76,126.2,1,,,,,,,,,,,,,,,,
2026-06-29T21:00:38.859089+00:00,2026-06-30T07:00:38.850530,2,1,126.05,0.3,125.9,24,125.4,150,,,,,,,,,,,,,,,,,126.2,1,,,,,,,,,,,,,,,,,,
2026-06-29T21:00:38.881234+00:00,2026-06-30T07:00:38.878234,2,1,126.05,0.3,125.9,28,125.4,150,,,,,,,,,,,,,,,,,126.2,1,,,,,,,,,,,,,,,,,,
2026-06-29T21:00:38.903356+00:00,2026-06-30T07:00:38.901356,2,2,126.05,0.3,125.9,28,125.4,150,,,,,,,,,,,,,,,,,126.2,1,126.4,100,,,,,,,,,,,,,,,,
2026-06-29T21:00:39.218993+00:00,2026-06-30T07:00:39.208549,2,1,126.15,0.5,125.9,28,125.4,150,,,,,,,,,,,,,,,,,126.4,54,,,,,,,,,,,,,,,,,,
2026-06-29T21:00:39.688170+00:00,2026-06-30T07:00:39.681601,2,2,126.05,0.3,125.9,28,125.4,150,,,,,,,,,,,,,,,,,126.2,1,126.4,54,,,,,,,,,,,,,,,,
2026-06-29T21:00:40.377785+00:00,2026-06-30T07:00:40.376738,2,1,126.15,0.5,125.9,28,125.4,150,,,,,,,,,,,,,,,,,126.4,54,,,,,,,,,,,,,,,,,,
2026-06-29T21:00:40.487455+00:00,2026-06-30T07:00:40.480455,2,1,126.15,0.5,125.9,28,125.4,150,,,,,,,,,,,,,,,,,126.4,4,,,,,,,,,,,,,,,,,,
2026-06-29T21:00:40.586102+00:00,2026-06-30T07:00:40.580103,1,1,126.15,0.5,125.9,28,,,,,,,,,,,,,,,,,,,126.4,4,,,,,,,,,,,,,,,,,,
2026-06-29T21:00:40.638497+00:00,2026-06-30T07:00:40.633936,2,1,126.25,0.3,126.1,150,125.9,28,,,,,,,,,,,,,,,,,126.4,4,,,,,,,,,,,,,,,,,,
2026-06-29T21:00:40.693388+00:00,2026-06-30T07:00:40.687378,2,2,126.25,0.3,126.1,150,125.9,28,,,,,,,,,,,,,,,,,126.4,4,126.6,150,,,,,,,,,,,,,,,,
2026-06-29T21:00:41.965624+00:00,2026-06-30T07:00:41.957624,2,1,126.35,0.5,126.1,150,125.9,4,,,,,,,,,,,,,,,,,126.6,150,,,,,,,,,,,,,,,,,,
2026-06-29T21:00:42.019046+00:00,2026-06-30T07:00:42.010487,2,1,126.35,0.5,126.1,250,125.9,4,,,,,,,,,,,,,,,,,126.6,150,,,,,,,,,,,,,,,,,,
2026-06-29T21:00:42.073375+00:00,2026-06-30T07:00:42.063311,2,1,126.35,0.5,126.1,250,125.9,4,,,,,,,,,,,,,,,,,126.6,250,,,,,,,,,,,,,,,,,,
2026-06-29T21:00:43.715424+00:00,2026-06-30T07:00:43.709424,2,1,126.35,0.5,126.1,250,125.9,3,,,,,,,,,,,,,,,,,126.6,250,,,,,,,,,,,,,,,,,,
2026-06-29T21:00:43.747712+00:00,2026-06-30T07:00:43.743676,2,1,126.35,0.5,126.1,100,125.9,3,,,,,,,,,,,,,,,,,126.6,100,,,,,,,,,,,,,,,,,,
2026-06-29T21:00:43.802131+00:00,2026-06-30T07:00:43.796069,3,1,126.4,0.4,126.2,150,126.1,100,125.9,3,,,,,,,,,,,,,,,126.6,100,,,,,,,,,,,,,,,,,,
2026-06-29T21:00:43.857467+00:00,2026-06-30T07:00:43.848467,3,2,126.4,0.4,126.2,150,126.1,100,125.9,3,,,,,,,,,,,,,,,126.6,100,126.7,150,,,,,,,,,,,,,,,,
2026-06-29T21:00:44.748022+00:00,2026-06-30T07:00:44.739451,3,2,126.4,0.4,126.2,100,126.1,100,125.9,3,,,,,,,,,,,,,,,126.6,100,126.7,150,,,,,,,,,,,,,,,,
2026-06-29T21:00:45.127725+00:00,2026-06-30T07:00:45.122165,2,1,126.45,0.5,126.2,100,125.9,3,,,,,,,,,,,,,,,,,126.7,150,,,,,,,,,,,,,,,,,,
2026-06-29T21:00:45.182178+00:00,2026-06-30T07:00:45.173106,3,1,126.45,0.5,126.2,100,126.1,100,125.9,3,,,,,,,,,,,,,,,126.7,150,,,,,,,,,,,,,,,,,,
2026-06-29T21:00:45.226392+00:00,2026-06-30T07:00:45.225391,3,2,126.4,0.4,126.2,100,126.1,100,125.9,3,,,,,,,,,,,,,,,126.6,100,126.7,150,,,,,,,,,,,,,,,,
2026-06-29T21:00:45.419992+00:00,2026-06-30T07:00:45.412936,3,3,126.25,0.1,126.2,100,126.1,100,125.9,3,,,,,,,,,,,,,,,126.3,3,126.6,100,126.7,150,,,,,,,,,,,,,,
2026-06-29T21:00:45.529716+00:00,2026-06-30T07:00:45.520652,3,3,126.25,0.1,126.2,51,126.1,100,125.9,3,,,,,,,,,,,,,,,126.3,3,126.6,100,126.7,150,,,,,,,,,,,,,,
2026-06-29T21:00:46.709016+00:00,2026-06-30T07:00:46.702456,2,3,126.25,0.1,126.2,11,126.1,100,,,,,,,,,,,,,,,,,126.3,3,126.6,100,126.7,150,,,,,,,,,,,,,,
2026-06-29T21:00:46.927976+00:00,2026-06-30T07:00:46.923416,1,2,126.2,0.2,126.1,100,,,,,,,,,,,,,,,,,,,126.3,2,126.6,100,,,,,,,,,,,,,,,,
2026-06-29T21:00:46.982826+00:00,2026-06-30T07:00:46.977815,2,2,126.2,0.2,126.1,100,125.8,150,,,,,,,,,,,,,,,,,126.3,2,126.6,100,,,,,,,,,,,,,,,,
2026-06-29T21:00:47.004952+00:00,2026-06-30T07:00:46.996889,2,1,126.35,0.5,126.1,100,125.8,150,,,,,,,,,,,,,,,,,126.6,100,,,,,,,,,,,,,,,,,,
2026-06-29T21:00:47.037200+00:00,2026-06-30T07:00:47.029173,2,2,126.2,0.2,126.1,100,125.8,150,,,,,,,,,,,,,,,,,126.3,150,126.6,100,,,,,,,,,,,,,,,,
2026-06-29T21:00:48.286354+00:00,2026-06-30T07:00:48.281355,1,1,126.05,0.5,125.8,150,,,,,,,,,,,,,,,,,,,126.3,150,,,,,,,,,,,,,,,,,,
2026-06-29T21:00:48.339769+00:00,2026-06-30T07:00:48.334694,2,1,126.25,0.1,126.2,100,125.8,150,,,,,,,,,,,,,,,,,126.3,150,,,,,,,,,,,,,,,,,,
2026-06-29T21:00:48.395093+00:00,2026-06-30T07:00:48.386029,2,2,126.25,0.1,126.2,100,125.8,150,,,,,,,,,,,,,,,,,126.3,150,126.7,100,,,,,,,,,,,,,,,,
2026-06-29T21:00:48.958960+00:00,2026-06-30T07:00:48.949400,2,2,126.25,0.1,126.2,50,125.8,150,,,,,,,,,,,,,,,,,126.3,150,126.7,100,,,,,,,,,,,,,,,,
2026-06-29T21:00:49.134102+00:00,2026-06-30T07:00:49.129102,3,2,126.25,0.1,126.2,50,126.1,6,125.8,150,,,,,,,,,,,,,,,126.3,150,126.7,100,,,,,,,,,,,,,,,,
2026-06-29T21:00:49.210152+00:00,2026-06-30T07:00:49.203089,3,2,126.25,0.1,126.2,50,126.1,5,125.8,150,,,,,,,,,,,,,,,126.3,150,126.7,100,,,,,,,,,,,,,,,,
2026-06-29T21:00:50.082323+00:00,2026-06-30T07:00:50.081323,3,1,126.45,0.5,126.2,50,126.1,5,125.8,150,,,,,,,,,,,,,,,126.7,100,,,,,,,,,,,,,,,,,,
2026-06-29T21:00:50.093385+00:00,2026-06-30T07:00:50.083323,2,1,126.45,0.5,126.2,50,126.1,5,,,,,,,,,,,,,,,,,126.7,100,,,,,,,,,,,,,,,,,,
2026-06-29T21:00:50.137631+00:00,2026-06-30T07:00:50.135631,3,1,126.45,0.5,126.2,50,126.1,5,125.6,150,,,,,,,,,,,,,,,126.7,100,,,,,,,,,,,,,,,,,,
2026-06-29T21:00:50.202121+00:00,2026-06-30T07:00:50.191059,1,2,125.85,0.5,125.6,150,,,,,,,,,,,,,,,,,,,126.1,95,126.7,100,,,,,,,,,,,,,,,,
2026-06-29T21:00:50.213185+00:00,2026-06-30T07:00:50.202121,1,2,125.85,0.5,125.6,150,,,,,,,,,,,,,,,,,,,126.1,55,126.7,100,,,,,,,,,,,,,,,,
2026-06-29T21:00:50.355084+00:00,2026-06-30T07:00:50.354076,1,2,125.85,0.5,125.6,150,,,,,,,,,,,,,,,,,,,126.1,50,126.7,100,,,,,,,,,,,,,,,,
2026-06-29T21:00:51.057912+00:00,2026-06-30T07:00:51.054913,1,2,125.85,0.5,125.6,100,,,,,,,,,,,,,,,,,,,126.1,50,126.7,100,,,,,,,,,,,,,,,,
2026-06-29T21:00:51.068025+00:00,2026-06-30T07:00:51.061978,1,2,125.85,0.5,125.6,100,,,,,,,,,,,,,,,,,,,126.1,45,126.7,100,,,,,,,,,,,,,,,,
2026-06-29T21:00:51.375014+00:00,2026-06-30T07:00:51.366950,2,2,126.05,0.1,126.0,5,125.6,100,,,,,,,,,,,,,,,,,126.1,45,126.7,100,,,,,,,,,,,,,,,,
2026-06-29T21:00:51.440009+00:00,2026-06-30T07:00:51.439008,2,1,126.05,0.1,126.0,5,125.6,100,,,,,,,,,,,,,,,,,126.1,45,,,,,,,,,,,,,,,,,,
2026-06-29T21:00:51.495318+00:00,2026-06-30T07:00:51.492318,3,1,126.05,0.1,126.0,5,125.7,100,125.6,100,,,,,,,,,,,,,,,126.1,45,,,,,,,,,,,,,,,,,,
2026-06-29T21:00:51.548712+00:00,2026-06-30T07:00:51.546153,3,2,126.05,0.1,126.0,5,125.7,100,125.6,100,,,,,,,,,,,,,,,126.1,45,126.2,100,,,,,,,,,,,,,,,,
2026-06-29T21:00:53.174264+00:00,2026-06-30T07:00:53.164198,2,2,125.9,0.4,125.7,55,125.6,100,,,,,,,,,,,,,,,,,126.1,45,126.2,100,,,,,,,,,,,,,,,,
2026-06-29T21:00:53.249793+00:00,2026-06-30T07:00:53.246729,1,1,125.95,0.5,125.7,55,,,,,,,,,,,,,,,,,,,126.2,100,,,,,,,,,,,,,,,,,,
2026-06-29T21:00:53.305137+00:00,2026-06-30T07:00:53.299137,2,1,126.05,0.3,125.9,150,125.7,55,,,,,,,,,,,,,,,,,126.2,100,,,,,,,,,,,,,,,,,,
2026-06-29T21:00:53.359068+00:00,2026-06-30T07:00:53.352487,2,2,126.05,0.3,125.9,150,125.7,55,,,,,,,,,,,,,,,,,126.2,100,126.4,150,,,,,,,,,,,,,,,,
2026-06-29T21:00:54.608944+00:00,2026-06-30T07:00:54.601385,1,1,126.15,0.5,125.9,150,,,,,,,,,,,,,,,,,,,126.4,150,,,,,,,,,,,,,,,,,,
2026-06-29T21:00:54.675336+00:00,2026-06-30T07:00:54.664273,2,1,126.15,0.5,125.9,150,125.7,100,,,,,,,,,,,,,,,,,126.4,150,,,,,,,,,,,,,,,,,,
2026-06-29T21:00:54.718155+00:00,2026-06-30T07:00:54.717642,2,2,126.05,0.3,125.9,150,125.7,100,,,,,,,,,,,,,,,,,126.2,100,126.4,150,,,,,,,,,,,,,,,,
2026-06-29T21:00:55.272047+00:00,2026-06-30T07:00:55.269047,2,2,126.05,0.3,125.9,100,125.7,100,,,,,,,,,,,,,,,,,126.2,100,126.4,150,,,,,,,,,,,,,,,,
2026-06-29T21:00:55.327378+00:00,2026-06-30T07:00:55.320378,2,2,126.05,0.3,125.9,100,125.7,100,,,,,,,,,,,,,,,,,126.2,51,126.4,150,,,,,,,,,,,,,,,,
2026-06-29T21:00:55.436118+00:00,2026-06-30T07:00:55.425294,3,2,126.1,0.2,126.0,4,125.9,100,125.7,100,,,,,,,,,,,,,,,126.2,51,126.4,150,,,,,,,,,,,,,,,,
2026-06-29T21:00:55.618428+00:00,2026-06-30T07:00:55.608011,3,3,126.1,0.2,126.0,4,125.9,100,125.7,100,,,,,,,,,,,,,,,126.2,51,126.3,2,126.4,150,,,,,,,,,,,,,,
2026-06-29T21:00:56.217519+00:00,2026-06-30T07:00:56.215520,3,3,126.1,0.2,126.0,4,125.9,100,125.7,100,,,,,,,,,,,,,,,126.2,7,126.3,2,126.4,150,,,,,,,,,,,,,,
2026-06-29T21:00:56.412822+00:00,2026-06-30T07:00:56.407812,2,2,126.1,0.2,126.0,4,125.7,100,,,,,,,,,,,,,,,,,126.2,7,126.3,2,,,,,,,,,,,,,,,,
2026-06-29T21:00:56.467667+00:00,2026-06-30T07:00:56.461676,3,2,126.1,0.2,126.0,4,125.7,100,125.6,150,,,,,,,,,,,,,,,126.2,7,126.3,2,,,,,,,,,,,,,,,,
2026-06-29T21:00:56.522068+00:00,2026-06-30T07:00:56.515005,3,3,126.05,0.1,126.0,4,125.7,100,125.6,150,,,,,,,,,,,,,,,126.1,150,126.2,7,126.3,2,,,,,,,,,,,,,,
2026-06-29T21:00:56.686135+00:00,2026-06-30T07:00:56.684135,3,3,126.05,0.1,126.0,2,125.7,100,125.6,150,,,,,,,,,,,,,,,126.1,150,126.2,7,126.3,2,,,,,,,,,,,,,,
2026-06-29T21:00:57.379741+00:00,2026-06-30T07:00:57.377731,2,3,125.9,0.4,125.7,52,125.6,150,,,,,,,,,,,,,,,,,126.1,150,126.2,7,126.3,2,,,,,,,,,,,,,,
2026-06-29T21:00:57.630942+00:00,2026-06-30T07:00:57.620879,3,3,126.05,0.1,126.0,3,125.7,52,125.6,150,,,,,,,,,,,,,,,126.1,150,126.2,7,126.3,2,,,,,,,,,,,,,,
2026-06-29T21:00:57.783986+00:00,2026-06-30T07:00:57.773909,2,2,126.05,0.1,126.0,3,125.6,150,,,,,,,,,,,,,,,,,126.1,150,126.3,2,,,,,,,,,,,,,,,,
2026-06-29T21:00:57.848957+00:00,2026-06-30T07:00:57.846397,3,2,126.05,0.1,126.0,3,125.7,100,125.6,150,,,,,,,,,,,,,,,126.1,150,126.3,2,,,,,,,,,,,,,,,,
2026-06-29T21:00:57.893250+00:00,2026-06-30T07:00:57.888250,3,3,126.05,0.1,126.0,3,125.7,100,125.6,150,,,,,,,,,,,,,,,126.1,150,126.2,100,126.3,2,,,,,,,,,,,,,,
2026-06-29T21:00:58.187166+00:00,2026-06-30T07:00:58.185166,3,3,126.05,0.1,126.0,1,125.7,100,125.6,150,,,,,,,,,,,,,,,126.1,150,126.2,100,126.3,2,,,,,,,,,,,,,,
2026-06-29T21:00:58.274272+00:00,2026-06-30T07:00:58.265207,2,3,125.9,0.4,125.7,54,125.6,150,,,,,,,,,,,,,,,,,126.1,150,126.2,100,126.3,2,,,,,,,,,,,,,,
2026-06-29T21:00:58.777267+00:00,2026-06-30T07:00:58.773220,2,3,125.9,0.4,125.7,54,125.6,150,,,,,,,,,,,,,,,,,126.1,103,126.2,100,126.3,2,,,,,,,,,,,,,,
2026-06-29T21:00:58.831178+00:00,2026-06-30T07:00:58.827167,2,3,125.9,0.4,125.7,12,125.6,150,,,,,,,,,,,,,,,,,126.1,103,126.2,100,126.3,2,,,,,,,,,,,,,,
2026-06-29T21:00:59.342943+00:00,2026-06-30T07:00:59.336880,1,3,125.85,0.5,125.6,119,,,,,,,,,,,,,,,,,,,126.1,103,126.2,100,126.3,2,,,,,,,,,,,,,,
2026-06-29T21:00:59.484425+00:00,2026-06-30T07:00:59.478425,2,3,126.0,0.2,125.9,1,125.6,119,,,,,,,,,,,,,,,,,126.1,103,126.2,100,126.3,2,,,,,,,,,,,,,,
2026-06-29T21:00:59.571046+00:00,2026-06-30T07:00:59.570046,2,2,126.05,0.3,125.9,1,125.6,119,,,,,,,,,,,,,,,,,126.2,100,126.3,2,,,,,,,,,,,,,,,,
2026-06-29T21:00:59.582109+00:00,2026-06-30T07:00:59.572046,1,2,126.05,0.3,125.9,1,,,,,,,,,,,,,,,,,,,126.2,100,126.3,2,,,,,,,,,,,,,,,,
2026-06-29T21:00:59.669703+00:00,2026-06-30T07:00:59.665640,1,2,126.05,0.3,125.9,151,,,,,,,,,,,,,,,,,,,126.2,100,126.3,2,,,,,,,,,,,,,,,,
2026-06-29T21:00:59.725017+00:00,2026-06-30T07:00:59.719016,1,3,126.05,0.3,125.9,151,,,,,,,,,,,,,,,,,,,126.2,100,126.3,2,126.4,150,,,,,,,,,,,,,,
2026-06-29T21:01:00.943219+00:00,2026-06-30T07:01:00.942219,1,2,126.1,0.4,125.9,151,,,,,,,,,,,,,,,,,,,126.3,2,126.4,150,,,,,,,,,,,,,,,,
2026-06-29T21:01:01.008200+00:00,2026-06-30T07:01:00.998618,2,2,126.1,0.4,125.9,151,125.5,100,,,,,,,,,,,,,,,,,126.3,2,126.4,150,,,,,,,,,,,,,,,,
2026-06-29T21:01:01.051987+00:00,2026-06-30T07:01:01.050987,2,3,125.95,0.1,125.9,151,125.5,100,,,,,,,,,,,,,,,,,126.0,100,126.3,2,126.4,150,,,,,,,,,,,,,,
2026-06-29T21:01:01.543347+00:00,2026-06-30T07:01:01.535274,2,3,125.95,0.1,125.9,151,125.5,100,,,,,,,,,,,,,,,,,126.0,50,126.3,2,126.4,150,,,,,,,,,,,,,,
2026-06-29T21:01:02.087356+00:00,2026-06-30T07:01:02.083356,2,3,125.95,0.1,125.9,151,125.5,100,,,,,,,,,,,,,,,,,126.0,50,126.3,1,126.4,150,,,,,,,,,,,,,,
2026-06-29T21:01:02.783111+00:00,2026-06-30T07:01:02.775048,2,2,125.95,0.1,125.9,1,125.5,100,,,,,,,,,,,,,,,,,126.0,50,126.3,1,,,,,,,,,,,,,,,,
2026-06-29T21:01:02.837982+00:00,2026-06-30T07:01:02.834422,3,2,125.95,0.1,125.9,1,125.7,150,125.5,100,,,,,,,,,,,,,,,126.0,50,126.3,1,,,,,,,,,,,,,,,,
2026-06-29T21:01:02.848561+00:00,2026-06-30T07:01:02.838165,3,2,125.95,0.1,125.9,1,125.7,150,125.5,100,,,,,,,,,,,,,,,126.0,6,126.3,1,,,,,,,,,,,,,,,,
2026-06-29T21:01:02.892855+00:00,2026-06-30T07:01:02.886792,3,3,125.95,0.1,125.9,1,125.7,150,125.5,100,,,,,,,,,,,,,,,126.0,6,126.2,150,126.3,1,,,,,,,,,,,,,,
2026-06-29T21:01:03.628822+00:00,2026-06-30T07:01:03.623262,3,2,125.95,0.1,125.9,1,125.7,150,125.5,100,,,,,,,,,,,,,,,126.0,6,126.2,150,,,,,,,,,,,,,,,,
2026-06-29T21:01:03.650966+00:00,2026-06-30T07:01:03.644902,3,1,126.05,0.3,125.9,1,125.7,150,125.5,100,,,,,,,,,,,,,,,126.2,106,,,,,,,,,,,,,,,,,,
2026-06-29T21:01:04.108086+00:00,2026-06-30T07:01:04.103526,2,1,126.05,0.3,125.9,1,125.7,150,,,,,,,,,,,,,,,,,126.2,106,,,,,,,,,,,,,,,,,,
2026-06-29T21:01:04.173999+00:00,2026-06-30T07:01:04.172999,2,1,126.05,0.3,125.9,1,125.7,250,,,,,,,,,,,,,,,,,126.2,106,,,,,,,,,,,,,,,,,,
2026-06-29T21:01:04.227861+00:00,2026-06-30T07:01:04.218292,2,1,126.05,0.3,125.9,1,125.7,250,,,,,,,,,,,,,,,,,126.2,206,,,,,,,,,,,,,,,,,,
2026-06-29T21:01:05.512829+00:00,2026-06-30T07:01:05.506759,1,1,125.95,0.5,125.7,250,,,,,,,,,,,,,,,,,,,126.2,206,,,,,,,,,,,,,,,,,,
2026-06-29T21:01:05.765003+00:00,2026-06-30T07:01:05.754940,1,1,125.95,0.5,125.7,250,,,,,,,,,,,,,,,,,,,126.2,156,,,,,,,,,,,,,,,,,,
2026-06-29T21:01:05.948816+00:00,2026-06-30T07:01:05.942244,1,1,125.95,0.5,125.7,100,,,,,,,,,,,,,,,,,,,126.2,100,,,,,,,,,,,,,,,,,,
2026-06-29T21:01:05.982019+00:00,2026-06-30T07:01:05.976955,1,1,125.95,0.5,125.7,58,,,,,,,,,,,,,,,,,,,126.2,100,,,,,,,,,,,,,,,,,,
2026-06-29T21:01:06.004143+00:00,2026-06-30T07:01:05.995080,2,1,126.1,0.2,126.0,150,125.7,58,,,,,,,,,,,,,,,,,126.2,100,,,,,,,,,,,,,,,,,,
2026-06-29T21:01:06.057531+00:00,2026-06-30T07:01:06.048475,2,2,126.1,0.2,126.0,150,125.7,58,,,,,,,,,,,,,,,,,126.2,100,126.5,150,,,,,,,,,,,,,,,,
2026-06-29T21:01:07.277204+00:00,2026-06-30T07:01:07.273204,1,1,126.25,0.5,126.0,150,,,,,,,,,,,,,,,,,,,126.5,150,,,,,,,,,,,,,,,,,,
2026-06-29T21:01:07.328661+00:00,2026-06-30T07:01:07.327060,2,1,126.25,0.5,126.0,150,125.5,100,,,,,,,,,,,,,,,,,126.5,150,,,,,,,,,,,,,,,,,,
2026-06-29T21:01:07.383999+00:00,2026-06-30T07:01:07.381991,2,1,126.25,0.5,126.0,50,125.5,100,,,,,,,,,,,,,,,,,126.5,150,,,,,,,,,,,,,,,,,,
2026-06-29T21:01:07.646250+00:00,2026-06-30T07:01:07.641250,2,1,126.25,0.5,126.0,50,125.5,100,,,,,,,,,,,,,,,,,126.5,103,,,,,,,,,,,,,,,,,,
2026-06-29T21:01:07.862210+00:00,2026-06-30T07:01:07.860203,2,1,126.25,0.5,126.0,50,125.5,100,,,,,,,,,,,,,,,,,126.5,53,,,,,,,,,,,,,,,,,,
2026-06-29T21:01:08.144163+00:00,2026-06-30T07:01:08.137153,2,1,126.25,0.5,126.0,4,125.5,100,,,,,,,,,,,,,,,,,126.5,53,,,,,,,,,,,,,,,,,,
2026-06-29T21:01:09.113171+00:00,2026-06-30T07:01:09.104100,1,0,,,125.5,100,,,,,,,,,,,,,,,,,,,,,,,,,,,,,,,,,,,,,,
2026-06-29T21:01:09.157446+00:00,2026-06-30T07:01:09.157446,2,0,,,125.8,150,125.5,100,,,,,,,,,,,,,,,,,,,,,,,,,,,,,,,,,,,,
2026-06-29T21:01:09.222904+00:00,2026-06-30T07:01:09.212841,2,1,126.05,0.5,125.8,150,125.5,100,,,,,,,,,,,,,,,,,126.3,150,,,,,,,,,,,,,,,,,,
2026-06-29T21:01:09.972582+00:00,2026-06-30T07:01:09.965517,2,1,126.05,0.5,125.8,150,125.5,100,,,,,,,,,,,,,,,,,126.3,100,,,,,,,,,,,,,,,,,,
2026-06-29T21:01:10.441196+00:00,2026-06-30T07:01:10.435133,1,1,126.05,0.5,125.8,150,,,,,,,,,,,,,,,,,,,126.3,100,,,,,,,,,,,,,,,,,,
2026-06-29T21:01:10.452259+00:00,2026-06-30T07:01:10.446188,2,1,126.15,0.3,126.0,2,125.8,150,,,,,,,,,,,,,,,,,126.3,116,,,,,,,,,,,,,,,,,,
2026-06-29T21:01:10.496509+00:00,2026-06-30T07:01:10.488508,3,1,126.15,0.3,126.0,2,125.9,100,125.8,150,,,,,,,,,,,,,,,126.3,116,,,,,,,,,,,,,,,,,,
2026-06-29T21:01:10.548941+00:00,2026-06-30T07:01:10.545380,2,1,126.1,0.4,125.9,100,125.8,150,,,,,,,,,,,,,,,,,126.3,116,,,,,,,,,,,,,,,,,,
2026-06-29T21:01:10.571086+00:00,2026-06-30T07:01:10.561023,2,2,126.1,0.4,125.9,100,125.8,150,,,,,,,,,,,,,,,,,126.3,116,126.4,100,,,,,,,,,,,,,,,,
2026-06-29T21:01:11.168632+00:00,2026-06-30T07:01:11.163063,2,2,126.1,0.4,125.9,100,125.8,150,,,,,,,,,,,,,,,,,126.3,70,126.4,100,,,,,,,,,,,,,,,,
2026-06-29T21:01:11.223989+00:00,2026-06-30T07:01:11.214905,2,2,126.1,0.4,125.9,55,125.8,150,,,,,,,,,,,,,,,,,126.3,70,126.4,100,,,,,,,,,,,,,,,,
2026-06-29T21:01:11.343317+00:00,2026-06-30T07:01:11.339317,2,2,126.1,0.4,125.9,55,125.8,150,,,,,,,,,,,,,,,,,126.3,58,126.4,100,,,,,,,,,,,,,,,,
2026-06-29T21:01:11.811067+00:00,2026-06-30T07:01:11.803003,2,2,126.1,0.4,125.9,55,125.8,150,,,,,,,,,,,,,,,,,126.3,15,126.4,100,,,,,,,,,,,,,,,,
2026-06-29T21:01:12.081941+00:00,2026-06-30T07:01:12.075878,2,1,126.15,0.5,125.9,55,125.8,150,,,,,,,,,,,,,,,,,126.4,65,,,,,,,,,,,,,,,,,,
2026-06-29T21:01:12.267617+00:00,2026-06-30T07:01:12.266617,1,1,126.15,0.5,125.9,55,,,,,,,,,,,,,,,,,,,126.4,65,,,,,,,,,,,,,,,,,,
2026-06-29T21:01:12.321021+00:00,2026-06-30T07:01:12.320020,2,1,126.35,0.1,126.3,150,125.9,55,,,,,,,,,,,,,,,,,126.4,65,,,,,,,,,,,,,,,,,,
2026-06-29T21:01:12.398039+00:00,2026-06-30T07:01:12.391487,2,2,126.35,0.1,126.3,150,125.9,55,,,,,,,,,,,,,,,,,126.4,65,126.8,150,,,,,,,,,,,,,,,,
2026-06-29T21:01:13.607224+00:00,2026-06-30T07:01:13.606224,1,1,126.55,0.5,126.3,150,,,,,,,,,,,,,,,,,,,126.8,150,,,,,,,,,,,,,,,,,,
2026-06-29T21:01:13.672208+00:00,2026-06-30T07:01:13.663145,2,1,126.55,0.5,126.3,150,125.8,100,,,,,,,,,,,,,,,,,126.8,150,,,,,,,,,,,,,,,,,,
2026-06-29T21:01:13.727520+00:00,2026-06-30T07:01:13.716457,2,1,126.55,0.5,126.3,50,125.8,100,,,,,,,,,,,,,,,,,126.8,150,,,,,,,,,,,,,,,,,,
2026-06-29T21:01:14.259854+00:00,2026-06-30T07:01:14.249790,1,1,126.3,1.0,125.8,100,,,,,,,,,,,,,,,,,,,126.8,150,,,,,,,,,,,,,,,,,,
2026-06-29T21:01:15.456285+00:00,2026-06-30T07:01:15.453284,1,0,,,125.8,100,,,,,,,,,,,,,,,,,,,,,,,,,,,,,,,,,,,,,,
2026-06-29T21:01:15.499632+00:00,2026-06-30T07:01:15.498631,2,0,,,125.9,150,125.8,100,,,,,,,,,,,,,,,,,,,,,,,,,,,,,,,,,,,,
2026-06-29T21:01:15.554998+00:00,2026-06-30T07:01:15.550990,2,1,126.15,0.5,125.9,150,125.8,100,,,,,,,,,,,,,,,,,126.4,150,,,,,,,,,,,,,,,,,,
2026-06-29T21:01:15.566062+00:00,2026-06-30T07:01:15.556989,2,2,126.1,0.4,125.9,150,125.8,100,,,,,,,,,,,,,,,,,126.3,6,126.4,150,,,,,,,,,,,,,,,,
2026-06-29T21:01:16.359094+00:00,2026-06-30T07:01:16.357534,2,2,126.1,0.4,125.9,100,125.8,100,,,,,,,,,,,,,,,,,126.3,6,126.4,150,,,,,,,,,,,,,,,,
2026-06-29T21:01:16.774396+00:00,2026-06-30T07:01:16.773397,1,2,126.1,0.4,125.9,100,,,,,,,,,,,,,,,,,,,126.3,6,126.4,150,,,,,,,,,,,,,,,,
2026-06-29T21:01:16.838851+00:00,2026-06-30T07:01:16.831291,2,2,126.25,0.1,126.2,100,125.9,100,,,,,,,,,,,,,,,,,126.3,6,126.4,150,,,,,,,,,,,,,,,,
2026-06-29T21:01:16.894180+00:00,2026-06-30T07:01:16.886116,2,3,126.25,0.1,126.2,100,125.9,100,,,,,,,,,,,,,,,,,126.3,6,126.4,150,126.7,100,,,,,,,,,,,,,,
2026-06-29T21:01:16.905243+00:00,2026-06-30T07:01:16.897232,2,3,126.25,0.1,126.2,54,125.9,100,,,,,,,,,,,,,,,,,126.3,6,126.4,150,126.7,100,,,,,,,,,,,,,,
2026-06-29T21:01:17.578772+00:00,2026-06-30T07:01:17.571188,2,3,126.25,0.1,126.2,54,125.9,100,,,,,,,,,,,,,,,,,126.3,4,126.4,150,126.7,100,,,,,,,,,,,,,,
2026-06-29T21:01:18.328297+00:00,2026-06-30T07:01:18.319738,2,2,126.3,0.2,126.2,54,125.9,100,,,,,,,,,,,,,,,,,126.4,112,126.7,100,,,,,,,,,,,,,,,,
2026-06-29T21:01:18.383138+00:00,2026-06-30T07:01:18.374075,2,2,126.3,0.2,126.2,10,125.9,100,,,,,,,,,,,,,,,,,126.4,112,126.7,100,,,,,,,,,,,,,,,,
2026-06-29T21:01:18.611229+00:00,2026-06-30T07:01:18.606164,1,1,126.45,0.5,126.2,10,,,,,,,,,,,,,,,,,,,126.7,100,,,,,,,,,,,,,,,,,,
2026-06-29T21:01:18.666537+00:00,2026-06-30T07:01:18.658537,2,1,126.45,0.5,126.2,10,126.0,150,,,,,,,,,,,,,,,,,126.7,100,,,,,,,,,,,,,,,,,,
2026-06-29T21:01:18.719948+00:00,2026-06-30T07:01:18.711886,2,2,126.35,0.3,126.2,10,126.0,150,,,,,,,,,,,,,,,,,126.5,150,126.7,100,,,,,,,,,,,,,,,,
2026-06-29T21:01:19.578767+00:00,2026-06-30T07:01:19.571188,2,2,126.35,0.3,126.2,10,126.0,150,,,,,,,,,,,,,,,,,126.5,110,126.7,100,,,,,,,,,,,,,,,,
2026-06-29T21:01:19.645177+00:00,2026-06-30T07:01:19.641177,1,2,126.25,0.5,126.0,150,,,,,,,,,,,,,,,,,,,126.5,110,126.7,100,,,,,,,,,,,,,,,,
2026-06-29T21:01:19.947347+00:00,2026-06-30T07:01:19.940313,1,1,126.25,0.5,126.0,150,,,,,,,,,,,,,,,,,,,126.5,110,,,,,,,,,,,,,,,,,,
2026-06-29T21:01:20.001238+00:00,2026-06-30T07:01:19.993176,2,1,126.3,0.4,126.1,100,126.0,150,,,,,,,,,,,,,,,,,126.5,110,,,,,,,,,,,,,,,,,,
2026-06-29T21:01:20.056563+00:00,2026-06-30T07:01:20.046501,2,2,126.3,0.4,126.1,100,126.0,150,,,,,,,,,,,,,,,,,126.5,110,126.6,100,,,,,,,,,,,,,,,,
2026-06-29T21:01:20.545325+00:00,2026-06-30T07:01:20.544325,2,2,126.3,0.4,126.1,100,126.0,150,,,,,,,,,,,,,,,,,126.5,60,126.6,100,,,,,,,,,,,,,,,,
2026-06-29T21:01:21.765068+00:00,2026-06-30T07:01:21.764068,2,1,126.35,0.5,126.1,100,126.0,150,,,,,,,,,,,,,,,,,126.6,100,,,,,,,,,,,,,,,,,,
2026-06-29T21:01:21.776131+00:00,2026-06-30T07:01:21.766059,1,1,126.35,0.5,126.1,100,,,,,,,,,,,,,,,,,,,126.6,100,,,,,,,,,,,,,,,,,,
2026-06-29T21:01:21.829069+00:00,2026-06-30T07:01:21.818603,2,1,126.45,0.3,126.3,150,126.1,100,,,,,,,,,,,,,,,,,126.6,100,,,,,,,,,,,,,,,,,,
2026-06-29T21:01:21.873345+00:00,2026-06-30T07:01:21.871345,2,2,126.45,0.3,126.3,150,126.1,100,,,,,,,,,,,,,,,,,126.6,100,126.8,150,,,,,,,,,,,,,,,,
2026-06-29T21:01:22.668202+00:00,2026-06-30T07:01:22.662632,2,2,126.45,0.3,126.3,150,126.1,105,,,,,,,,,,,,,,,,,126.6,100,126.8,150,,,,,,,,,,,,,,,,
2026-06-29T21:01:22.712031+00:00,2026-06-30T07:01:22.710031,2,2,126.45,0.3,126.3,100,126.1,105,,,,,,,,,,,,,,,,,126.6,100,126.8,150,,,,,,,,,,,,,,,,
2026-06-29T21:01:22.777454+00:00,2026-06-30T07:01:22.775398,2,2,126.45,0.3,126.3,100,126.1,105,,,,,,,,,,,,,,,,,126.6,56,126.8,150,,,,,,,,,,,,,,,,
2026-06-29T21:01:23.104170+00:00,2026-06-30T07:01:23.101170,2,1,126.55,0.5,126.3,100,126.1,5,,,,,,,,,,,,,,,,,126.8,150,,,,,,,,,,,,,,,,,,
2026-06-29T21:01:23.158067+00:00,2026-06-30T07:01:23.153501,3,1,126.6,0.4,126.4,100,126.3,100,126.1,5,,,,,,,,,,,,,,,126.8,150,,,,,,,,,,,,,,,,,,
2026-06-29T21:01:23.212919+00:00,2026-06-30T07:01:23.207886,3,2,126.6,0.4,126.4,100,126.3,100,126.1,5,,,,,,,,,,,,,,,126.8,150,126.9,100,,,,,,,,,,,,,,,,
2026-06-29T21:01:23.746100+00:00,2026-06-30T07:01:23.744101,2,2,126.6,0.4,126.4,100,126.3,100,,,,,,,,,,,,,,,,,126.8,150,126.9,100,,,,,,,,,,,,,,,,
2026-06-29T21:01:24.825436+00:00,2026-06-30T07:01:24.817398,2,2,126.6,0.4,126.4,50,126.3,100,,,,,,,,,,,,,,,,,126.8,150,126.9,100,,,,,,,,,,,,,,,,
2026-06-29T21:01:24.933279+00:00,2026-06-30T07:01:24.926679,1,1,126.65,0.5,126.4,50,,,,,,,,,,,,,,,,,,,126.9,100,,,,,,,,,,,,,,,,,,
2026-06-29T21:01:24.987655+00:00,2026-06-30T07:01:24.978607,2,1,126.65,0.5,126.4,50,126.3,150,,,,,,,,,,,,,,,,,126.9,100,,,,,,,,,,,,,,,,,,
2026-06-29T21:01:25.030961+00:00,2026-06-30T07:01:25.029961,2,2,126.6,0.4,126.4,50,126.3,150,,,,,,,,,,,,,,,,,126.8,150,126.9,100,,,,,,,,,,,,,,,,
2026-06-29T21:01:26.262328+00:00,2026-06-30T07:01:26.261327,2,1,126.6,0.4,126.4,50,126.3,150,,,,,,,,,,,,,,,,,126.8,150,,,,,,,,,,,,,,,,,,
2026-06-29T21:01:26.273390+00:00,2026-06-30T07:01:26.262328,1,1,126.55,0.5,126.3,150,,,,,,,,,,,,,,,,,,,126.8,150,,,,,,,,,,,,,,,,,,
2026-06-29T21:01:26.317676+00:00,2026-06-30T07:01:26.315676,1,1,126.55,0.5,126.3,250,,,,,,,,,,,,,,,,,,,126.8,150,,,,,,,,,,,,,,,,,,
2026-06-29T21:01:26.372079+00:00,2026-06-30T07:01:26.368069,1,1,126.55,0.5,126.3,250,,,,,,,,,,,,,,,,,,,126.8,250,,,,,,,,,,,,,,,,,,
2026-06-29T21:01:26.938448+00:00,2026-06-30T07:01:26.931881,1,1,126.55,0.5,126.3,200,,,,,,,,,,,,,,,,,,,126.8,250,,,,,,,,,,,,,,,,,,
2026-06-29T21:01:27.690056+00:00,2026-06-30T07:01:27.688046,1,1,126.55,0.5,126.3,151,,,,,,,,,,,,,,,,,,,126.8,250,,,,,,,,,,,,,,,,,,
2026-06-29T21:01:28.105306+00:00,2026-06-30T07:01:28.104306,1,1,126.55,0.5,126.3,151,,,,,,,,,,,,,,,,,,,126.8,100,,,,,,,,,,,,,,,,,,
2026-06-29T21:01:28.116378+00:00,2026-06-30T07:01:28.106306,1,1,126.55,0.5,126.3,100,,,,,,,,,,,,,,,,,,,126.8,100,,,,,,,,,,,,,,,,,,
2026-06-29T21:01:28.169800+00:00,2026-06-30T07:01:28.160738,2,1,126.55,0.5,126.3,100,126.1,150,,,,,,,,,,,,,,,,,126.8,100,,,,,,,,,,,,,,,,,,
2026-06-29T21:01:28.214046+00:00,2026-06-30T07:01:28.213046,2,2,126.45,0.3,126.3,100,126.1,150,,,,,,,,,,,,,,,,,126.6,150,126.8,100,,,,,,,,,,,,,,,,
2026-06-29T21:01:28.997433+00:00,2026-06-30T07:01:28.987500,2,2,126.45,0.3,126.3,100,126.1,150,,,,,,,,,,,,,,,,,126.6,100,126.8,100,,,,,,,,,,,,,,,,
2026-06-29T21:01:29.432856+00:00,2026-06-30T07:01:29.423793,1,1,126.35,0.5,126.1,150,,,,,,,,,,,,,,,,,,,126.6,100,,,,,,,,,,,,,,,,,,
2026-06-29T21:01:29.477102+00:00,2026-06-30T07:01:29.476102,2,1,126.55,0.1,126.5,100,126.1,150,,,,,,,,,,,,,,,,,126.6,100,,,,,,,,,,,,,,,,,,
2026-06-29T21:01:29.530055+00:00,2026-06-30T07:01:29.529055,2,2,126.55,0.1,126.5,100,126.1,150,,,,,,,,,,,,,,,,,126.6,100,127.0,100,,,,,,,,,,,,,,,,
2026-06-29T21:01:29.541118+00:00,2026-06-30T07:01:29.532055,3,3,126.55,0.1,126.5,100,126.4,50,126.1,150,,,,,,,,,,,,,,,126.6,100,126.7,13,127.0,100,,,,,,,,,,,,,,
2026-06-29T21:01:29.628197+00:00,2026-06-30T07:01:29.627684,3,3,126.55,0.1,126.5,100,126.4,50,126.1,150,,,,,,,,,,,,,,,126.6,100,126.7,5,127.0,100,,,,,,,,,,,,,,
2026-06-29T21:01:29.923144+00:00,2026-06-30T07:01:29.919144,3,3,126.55,0.1,126.5,100,126.4,22,126.1,150,,,,,,,,,,,,,,,126.6,100,126.7,2,127.0,100,,,,,,,,,,,,,,
2026-06-29T21:01:31.171861+00:00,2026-06-30T07:01:31.160797,3,3,126.55,0.1,126.5,50,126.4,22,126.1,150,,,,,,,,,,,,,,,126.6,100,126.7,2,127.0,100,,,,,,,,,,,,,,
2026-06-29T21:01:31.279656+00:00,2026-06-30T07:01:31.274584,2,2,126.6,0.2,126.5,50,126.4,22,,,,,,,,,,,,,,,,,126.7,2,127.0,100,,,,,,,,,,,,,,,,
2026-06-29T21:01:31.334971+00:00,2026-06-30T07:01:31.332971,2,2,126.6,0.2,126.5,50,126.4,172,,,,,,,,,,,,,,,,,126.7,2,127.0,100,,,,,,,,,,,,,,,,
2026-06-29T21:01:31.387863+00:00,2026-06-30T07:01:31.378282,2,3,126.6,0.2,126.5,50,126.4,172,,,,,,,,,,,,,,,,,126.7,2,126.9,150,127.0,100,,,,,,,,,,,,,,
2026-06-29T21:01:31.680890+00:00,2026-06-30T07:01:31.678881,2,3,126.6,0.2,126.5,50,126.4,154,,,,,,,,,,,,,,,,,126.7,2,126.9,150,127.0,100,,,,,,,,,,,,,,
2026-06-29T21:01:31.867621+00:00,2026-06-30T07:01:31.862622,2,3,126.6,0.2,126.5,50,126.4,154,,,,,,,,,,,,,,,,,126.7,1,126.9,150,127.0,100,,,,,,,,,,,,,,
2026-06-29T21:01:31.997557+00:00,2026-06-30T07:01:31.994502,2,2,126.7,0.4,126.5,50,126.4,154,,,,,,,,,,,,,,,,,126.9,150,127.0,100,,,,,,,,,,,,,,,,
2026-06-29T21:01:32.587055+00:00,2026-06-30T07:01:32.586054,2,1,126.7,0.4,126.5,50,126.4,154,,,,,,,,,,,,,,,,,126.9,150,,,,,,,,,,,,,,,,,,
2026-06-29T21:01:32.597696+00:00,2026-06-30T07:01:32.588129,1,1,126.65,0.5,126.4,154,,,,,,,,,,,,,,,,,,,126.9,150,,,,,,,,,,,,,,,,,,
2026-06-29T21:01:32.652087+00:00,2026-06-30T07:01:32.644024,2,1,126.65,0.5,126.4,154,126.3,100,,,,,,,,,,,,,,,,,126.9,150,,,,,,,,,,,,,,,,,,
2026-06-29T21:01:32.707406+00:00,2026-06-30T07:01:32.696342,2,2,126.6,0.4,126.4,154,126.3,100,,,,,,,,,,,,,,,,,126.8,100,126.9,150,,,,,,,,,,,,,,,,
2026-06-29T21:01:32.912298+00:00,2026-06-30T07:01:32.911298,2,2,126.6,0.4,126.4,153,126.3,100,,,,,,,,,,,,,,,,,126.8,100,126.9,150,,,,,,,,,,,,,,,,
2026-06-29T21:01:33.043203+00:00,2026-06-30T07:01:33.040203,2,2,126.6,0.4,126.4,152,126.3,100,,,,,,,,,,,,,,,,,126.8,100,126.9,150,,,,,,,,,,,,,,,,
2026-06-29T21:01:33.271763+00:00,2026-06-30T07:01:33.262700,2,2,126.6,0.4,126.4,102,126.3,100,,,,,,,,,,,,,,,,,126.8,100,126.9,150,,,,,,,,,,,,,,,,
2026-06-29T21:01:34.439672+00:00,2026-06-30T07:01:34.431599,1,1,126.55,0.5,126.3,100,,,,,,,,,,,,,,,,,,,126.8,100,,,,,,,,,,,,,,,,,,
2026-06-29T21:01:34.495035+00:00,2026-06-30T07:01:34.484972,2,1,126.55,0.5,126.3,100,126.2,150,,,,,,,,,,,,,,,,,126.8,100,,,,,,,,,,,,,,,,,,
2026-06-29T21:01:34.547944+00:00,2026-06-30T07:01:34.537506,2,2,126.5,0.4,126.3,100,126.2,150,,,,,,,,,,,,,,,,,126.7,150,126.8,100,,,,,,,,,,,,,,,,
2026-06-29T21:01:35.376346+00:00,2026-06-30T07:01:35.371346,2,2,126.5,0.4,126.3,50,126.2,150,,,,,,,,,,,,,,,,,126.7,150,126.8,100,,,,,,,,,,,,,,,,
2026-06-29T21:01:35.755482+00:00,2026-06-30T07:01:35.750482,2,1,126.5,0.4,126.3,50,126.2,150,,,,,,,,,,,,,,,,,126.7,150,,,,,,,,,,,,,,,,,,
2026-06-29T21:01:35.766544+00:00,2026-06-30T07:01:35.758544,1,1,126.45,0.5,126.2,150,,,,,,,,,,,,,,,,,,,126.7,150,,,,,,,,,,,,,,,,,,
2026-06-29T21:01:35.808371+00:00,2026-06-30T07:01:35.804811,2,1,126.45,0.5,126.2,150,126.1,100,,,,,,,,,,,,,,,,,126.7,150,,,,,,,,,,,,,,,,,,
2026-06-29T21:01:35.863221+00:00,2026-06-30T07:01:35.857211,2,2,126.4,0.4,126.2,150,126.1,100,,,,,,,,,,,,,,,,,126.6,100,126.7,150,,,,,,,,,,,,,,,,
2026-06-29T21:01:36.787483+00:00,2026-06-30T07:01:36.786474,2,2,126.4,0.4,126.2,150,126.1,100,,,,,,,,,,,,,,,,,126.6,100,126.7,154,,,,,,,,,,,,,,,,
2026-06-29T21:01:37.082002+00:00,2026-06-30T07:01:37.076939,3,2,126.5,0.2,126.4,3,126.2,150,126.1,100,,,,,,,,,,,,,,,126.6,100,126.7,154,,,,,,,,,,,,,,,,
2026-06-29T21:01:37.486232+00:00,2026-06-30T07:01:37.479232,2,2,126.4,0.4,126.2,103,126.1,100,,,,,,,,,,,,,,,,,126.6,100,126.7,154,,,,,,,,,,,,,,,,
2026-06-29T21:01:37.594982+00:00,2026-06-30T07:01:37.593982,1,2,126.35,0.5,126.1,100,,,,,,,,,,,,,,,,,,,126.6,100,126.7,4,,,,,,,,,,,,,,,,
2026-06-29T21:01:37.648910+00:00,2026-06-30T07:01:37.645351,2,2,126.35,0.5,126.1,100,126.0,150,,,,,,,,,,,,,,,,,126.6,100,126.7,4,,,,,,,,,,,,,,,,
2026-06-29T21:01:37.704234+00:00,2026-06-30T07:01:37.699234,2,3,126.3,0.4,126.1,100,126.0,150,,,,,,,,,,,,,,,,,126.5,150,126.6,100,126.7,4,,,,,,,,,,,,,,
2026-06-29T21:01:38.093960+00:00,2026-06-30T07:01:38.083898,3,3,126.45,0.1,126.4,2,126.1,100,126.0,150,,,,,,,,,,,,,,,126.5,150,126.6,100,126.7,4,,,,,,,,,,,,,,
2026-06-29T21:01:38.911750+00:00,2026-06-30T07:01:38.911750,3,2,126.45,0.1,126.4,2,126.1,100,126.0,150,,,,,,,,,,,,,,,126.5,150,126.7,4,,,,,,,,,,,,,,,,
2026-06-29T21:01:38.922829+00:00,2026-06-30T07:01:38.912758,2,2,126.45,0.1,126.4,2,126.0,150,,,,,,,,,,,,,,,,,126.5,150,126.7,4,,,,,,,,,,,,,,,,
2026-06-29T21:01:38.967098+00:00,2026-06-30T07:01:38.965098,2,2,126.45,0.1,126.4,2,126.0,250,,,,,,,,,,,,,,,,,126.5,150,126.7,4,,,,,,,,,,,,,,,,
2026-06-29T21:01:39.020030+00:00,2026-06-30T07:01:39.019031,2,2,126.45,0.1,126.4,2,126.0,250,,,,,,,,,,,,,,,,,126.5,250,126.7,4,,,,,,,,,,,,,,,,
2026-06-29T21:01:39.031093+00:00,2026-06-30T07:01:39.022030,2,2,126.45,0.1,126.4,2,126.0,250,,,,,,,,,,,,,,,,,126.5,250,126.7,3,,,,,,,,,,,,,,,,
2026-06-29T21:01:39.597423+00:00,2026-06-30T07:01:39.593329,1,2,126.25,0.5,126.0,202,,,,,,,,,,,,,,,,,,,126.5,250,126.7,3,,,,,,,,,,,,,,,,
2026-06-29T21:01:40.761818+00:00,2026-06-30T07:01:40.752756,1,2,126.25,0.5,126.0,202,,,,,,,,,,,,,,,,,,,126.5,100,126.7,3,,,,,,,,,,,,,,,,
2026-06-29T21:01:40.772881+00:00,2026-06-30T07:01:40.761818,1,2,126.25,0.5,126.0,100,,,,,,,,,,,,,,,,,,,126.5,100,126.7,3,,,,,,,,,,,,,,,,
2026-06-29T21:01:40.827756+00:00,2026-06-30T07:01:40.825197,2,2,126.25,0.5,126.0,100,125.8,150,,,,,,,,,,,,,,,,,126.5,100,126.7,3,,,,,,,,,,,,,,,,
2026-06-29T21:01:40.893202+00:00,2026-06-30T07:01:40.882139,2,3,126.15,0.3,126.0,100,125.8,150,,,,,,,,,,,,,,,,,126.3,150,126.5,100,126.7,3,,,,,,,,,,,,,,
2026-06-29T21:01:41.001948+00:00,2026-06-30T07:01:40.992885,2,3,126.15,0.3,126.0,57,125.8,150,,,,,,,,,,,,,,,,,126.3,150,126.5,100,126.7,3,,,,,,,,,,,,,,
2026-06-29T21:01:41.709609+00:00,2026-06-30T07:01:41.704537,2,3,126.15,0.3,126.0,7,125.8,150,,,,,,,,,,,,,,,,,126.3,150,126.5,100,126.7,3,,,,,,,,,,,,,,
2026-06-29T21:01:42.079787+00:00,2026-06-30T07:01:42.078787,2,2,126.15,0.3,126.0,7,125.8,150,,,,,,,,,,,,,,,,,126.3,150,126.7,3,,,,,,,,,,,,,,,,
2026-06-29T21:01:42.090838+00:00,2026-06-30T07:01:42.080788,1,2,126.05,0.5,125.8,150,,,,,,,,,,,,,,,,,,,126.3,150,126.7,3,,,,,,,,,,,,,,,,
2026-06-29T21:01:42.135025+00:00,2026-06-30T07:01:42.132025,2,2,126.15,0.3,126.0,100,125.8,150,,,,,,,,,,,,,,,,,126.3,150,126.7,3,,,,,,,,,,,,,,,,
2026-06-29T21:01:42.188893+00:00,2026-06-30T07:01:42.186334,2,3,126.15,0.3,126.0,100,125.8,150,,,,,,,,,,,,,,,,,126.3,150,126.5,100,126.7,3,,,,,,,,,,,,,,
2026-06-29T21:01:43.811181+00:00,2026-06-30T07:01:43.810181,2,2,126.15,0.3,126.0,50,125.8,150,,,,,,,,,,,,,,,,,126.3,150,126.5,107,,,,,,,,,,,,,,,,
2026-06-29T21:01:43.943092+00:00,2026-06-30T07:01:43.938081,1,1,126.25,0.5,126.0,50,,,,,,,,,,,,,,,,,,,126.5,107,,,,,,,,,,,,,,,,,,
2026-06-29T21:01:43.997430+00:00,2026-06-30T07:01:43.988430,1,1,126.25,0.5,126.0,200,,,,,,,,,,,,,,,,,,,126.5,107,,,,,,,,,,,,,,,,,,
2026-06-29T21:01:44.050833+00:00,2026-06-30T07:01:44.041771,1,1,126.25,0.5,126.0,200,,,,,,,,,,,,,,,,,,,126.5,257,,,,,,,,,,,,,,,,,,
2026-06-29T21:01:45.246479+00:00,2026-06-30T07:01:45.240479,1,1,126.25,0.5,126.0,150,,,,,,,,,,,,,,,,,,,126.5,157,,,,,,,,,,,,,,,,,,
2026-06-29T21:01:45.299919+00:00,2026-06-30T07:01:45.291854,2,1,126.25,0.5,126.0,150,125.7,100,,,,,,,,,,,,,,,,,126.5,157,,,,,,,,,,,,,,,,,,
2026-06-29T21:01:45.355234+00:00,2026-06-30T07:01:45.345171,2,2,126.1,0.2,126.0,150,125.7,100,,,,,,,,,,,,,,,,,126.2,100,126.5,157,,,,,,,,,,,,,,,,
2026-06-29T21:01:45.865216+00:00,2026-06-30T07:01:45.862216,2,2,126.1,0.2,126.0,150,125.7,100,,,,,,,,,,,,,,,,,126.2,50,126.5,157,,,,,,,,,,,,,,,,
2026-06-29T21:01:46.234239+00:00,2026-06-30T07:01:46.227229,2,2,126.1,0.2,126.0,150,125.7,100,,,,,,,,,,,,,,,,,126.2,50,126.5,156,,,,,,,,,,,,,,,,
2026-06-29T21:01:47.104089+00:00,2026-06-30T07:01:47.099089,1,2,125.95,0.5,125.7,100,,,,,,,,,,,,,,,,,,,126.2,50,126.5,6,,,,,,,,,,,,,,,,
2026-06-29T21:01:47.157959+00:00,2026-06-30T07:01:47.147517,2,2,126.05,0.3,125.9,150,125.7,100,,,,,,,,,,,,,,,,,126.2,50,126.5,6,,,,,,,,,,,,,,,,
2026-06-29T21:01:47.201772+00:00,2026-06-30T07:01:47.199772,2,3,126.05,0.3,125.9,150,125.7,100,,,,,,,,,,,,,,,,,126.2,50,126.4,150,126.5,6,,,,,,,,,,,,,,
2026-06-29T21:01:47.725273+00:00,2026-06-30T07:01:47.723274,2,3,126.05,0.3,125.9,150,125.7,100,,,,,,,,,,,,,,,,,126.2,3,126.4,150,126.5,6,,,,,,,,,,,,,,
2026-06-29T21:01:48.345371+00:00,2026-06-30T07:01:48.337370,2,2,126.15,0.5,125.9,150,125.7,100,,,,,,,,,,,,,,,,,126.4,109,126.5,6,,,,,,,,,,,,,,,,
2026-06-29T21:01:48.398770+00:00,2026-06-30T07:01:48.391192,2,2,126.15,0.5,125.9,102,125.7,100,,,,,,,,,,,,,,,,,126.4,109,126.5,6,,,,,,,,,,,,,,,,
2026-06-29T21:01:48.409852+00:00,2026-06-30T07:01:48.399789,1,2,126.15,0.5,125.9,102,,,,,,,,,,,,,,,,,,,126.4,109,126.5,6,,,,,,,,,,,,,,,,
2026-06-29T21:01:48.465162+00:00,2026-06-30T07:01:48.456097,2,2,126.25,0.3,126.1,100,125.9,102,,,,,,,,,,,,,,,,,126.4,109,126.5,6,,,,,,,,,,,,,,,,
2026-06-29T21:01:48.518072+00:00,2026-06-30T07:01:48.507632,2,3,126.25,0.3,126.1,100,125.9,102,,,,,,,,,,,,,,,,,126.4,109,126.5,6,126.6,100,,,,,,,,,,,,,,
2026-06-29T21:01:48.910845+00:00,2026-06-30T07:01:48.903746,2,3,126.25,0.3,126.1,57,125.9,102,,,,,,,,,,,,,,,,,126.4,109,126.5,6,126.6,100,,,,,,,,,,,,,,
2026-06-29T21:01:50.260699+00:00,2026-06-30T07:01:50.255636,1,2,126.3,0.4,126.1,57,,,,,,,,,,,,,,,,,,,126.5,6,126.6,100,,,,,,,,,,,,,,,,
2026-06-29T21:01:50.315937+00:00,2026-06-30T07:01:50.306899,2,2,126.3,0.4,126.1,57,126.0,150,,,,,,,,,,,,,,,,,126.5,6,126.6,100,,,,,,,,,,,,,,,,
2026-06-29T21:01:50.369789+00:00,2026-06-30T07:01:50.358890,2,2,126.3,0.4,126.1,57,126.0,150,,,,,,,,,,,,,,,,,126.5,156,126.6,100,,,,,,,,,,,,,,,,
2026-06-29T21:01:50.425026+00:00,2026-06-30T07:01:50.421026,2,2,126.3,0.4,126.1,57,126.0,150,,,,,,,,,,,,,,,,,126.5,154,126.6,100,,,,,,,,,,,,,,,,
2026-06-29T21:01:51.566185+00:00,2026-06-30T07:01:51.562185,1,1,126.25,0.5,126.0,150,,,,,,,,,,,,,,,,,,,126.5,154,,,,,,,,,,,,,,,,,,
2026-06-29T21:01:51.618644+00:00,2026-06-30T07:01:51.614060,2,1,126.25,0.5,126.0,150,125.8,100,,,,,,,,,,,,,,,,,126.5,154,,,,,,,,,,,,,,,,,,
2026-06-29T21:01:51.674013+00:00,2026-06-30T07:01:51.666948,2,2,126.15,0.3,126.0,150,125.8,100,,,,,,,,,,,,,,,,,126.3,100,126.5,154,,,,,,,,,,,,,,,,
2026-06-29T21:01:52.187517+00:00,2026-06-30T07:01:52.177577,2,2,126.15,0.3,126.0,150,125.8,100,,,,,,,,,,,,,,,,,126.3,50,126.5,154,,,,,,,,,,,,,,,,
2026-06-29T21:01:53.417377+00:00,2026-06-30T07:01:53.415322,1,2,126.05,0.5,125.8,100,,,,,,,,,,,,,,,,,,,126.3,50,126.5,4,,,,,,,,,,,,,,,,
2026-06-29T21:01:53.471731+00:00,2026-06-30T07:01:53.466675,1,2,126.05,0.5,125.8,250,,,,,,,,,,,,,,,,,,,126.3,50,126.5,4,,,,,,,,,,,,,,,,
2026-06-29T21:01:53.537679+00:00,2026-06-30T07:01:53.530118,1,2,126.05,0.5,125.8,250,,,,,,,,,,,,,,,,,,,126.3,200,126.5,4,,,,,,,,,,,,,,,,
2026-06-29T21:01:53.874989+00:00,2026-06-30T07:01:53.867979,1,2,126.05,0.5,125.8,250,,,,,,,,,,,,,,,,,,,126.3,200,126.5,2,,,,,,,,,,,,,,,,
2026-06-29T21:01:53.983304+00:00,2026-06-30T07:01:53.976240,1,2,126.05,0.5,125.8,250,,,,,,,,,,,,,,,,,,,126.3,158,126.5,2,,,,,,,,,,,,,,,,
2026-06-29T21:01:54.297922+00:00,2026-06-30T07:01:54.288362,1,2,126.05,0.5,125.8,250,,,,,,,,,,,,,,,,,,,126.3,108,126.5,2,,,,,,,,,,,,,,,,
2026-06-29T21:01:54.527451+00:00,2026-06-30T07:01:54.519423,1,2,126.05,0.5,125.8,205,,,,,,,,,,,,,,,,,,,126.3,108,126.5,2,,,,,,,,,,,,,,,,
2026-06-29T21:01:54.722291+00:00,2026-06-30T07:01:54.719291,1,2,126.05,0.5,125.8,150,,,,,,,,,,,,,,,,,,,126.3,108,126.5,2,,,,,,,,,,,,,,,,
2026-06-29T21:01:54.777661+00:00,2026-06-30T07:01:54.771661,2,2,126.15,0.3,126.0,100,125.8,150,,,,,,,,,,,,,,,,,126.3,108,126.5,2,,,,,,,,,,,,,,,,
2026-06-29T21:01:54.832085+00:00,2026-06-30T07:01:54.823022,2,2,126.15,0.3,126.0,100,125.8,150,,,,,,,,,,,,,,,,,126.3,108,126.5,102,,,,,,,,,,,,,,,,
2026-06-29T21:01:56.402250+00:00,2026-06-30T07:01:56.397175,2,2,126.15,0.3,126.0,100,125.8,150,,,,,,,,,,,,,,,,,126.3,58,126.5,102,,,,,,,,,,,,,,,,
2026-06-29T21:01:56.587440+00:00,2026-06-30T07:01:56.579409,1,1,126.25,0.5,126.0,100,,,,,,,,,,,,,,,,,,,126.5,102,,,,,,,,,,,,,,,,,,
2026-06-29T21:01:56.641854+00:00,2026-06-30T07:01:56.631793,2,1,126.35,0.3,126.2,150,126.0,100,,,,,,,,,,,,,,,,,126.5,102,,,,,,,,,,,,,,,,,,
2026-06-29T21:01:56.675058+00:00,2026-06-30T07:01:56.671058,2,1,126.35,0.3,126.2,106,126.0,100,,,,,,,,,,,,,,,,,126.5,102,,,,,,,,,,,,,,,,,,
2026-06-29T21:01:56.686121+00:00,2026-06-30T07:01:56.683121,2,2,126.35,0.3,126.2,106,126.0,100,,,,,,,,,,,,,,,,,126.5,102,126.7,150,,,,,,,,,,,,,,,,
2026-06-29T21:01:56.978947+00:00,2026-06-30T07:01:56.969387,3,2,126.35,0.3,126.2,106,126.1,1,126.0,100,,,,,,,,,,,,,,,126.5,102,126.7,150,,,,,,,,,,,,,,,,
2026-06-29T21:01:57.883010+00:00,2026-06-30T07:01:57.879010,2,2,126.35,0.3,126.2,106,126.1,1,,,,,,,,,,,,,,,,,126.5,2,126.7,150,,,,,,,,,,,,,,,,
2026-06-29T21:01:57.937372+00:00,2026-06-30T07:01:57.931372,3,2,126.35,0.3,126.2,106,126.1,1,125.9,100,,,,,,,,,,,,,,,126.5,2,126.7,150,,,,,,,,,,,,,,,,
2026-06-29T21:01:57.969679+00:00,2026-06-30T07:01:57.967669,3,2,126.35,0.3,126.2,106,126.1,1,125.9,100,,,,,,,,,,,,,,,126.5,1,126.7,150,,,,,,,,,,,,,,,,
2026-06-29T21:01:57.991806+00:00,2026-06-30T07:01:57.981744,3,3,126.3,0.2,126.2,106,126.1,1,125.9,100,,,,,,,,,,,,,,,126.4,100,126.5,1,126.7,150,,,,,,,,,,,,,,
2026-06-29T21:01:58.514415+00:00,2026-06-30T07:01:58.509415,3,3,126.3,0.2,126.2,106,126.1,1,125.9,100,,,,,,,,,,,,,,,126.4,50,126.5,1,126.7,150,,,,,,,,,,,,,,
2026-06-29T21:01:58.687600+00:00,2026-06-30T07:01:58.687600,3,2,126.3,0.2,126.2,106,126.1,1,125.9,100,,,,,,,,,,,,,,,126.4,50,126.7,150,,,,,,,,,,,,,,,,
2026-06-29T21:01:59.099976+00:00,2026-06-30T07:01:59.093913,3,2,126.3,0.2,126.2,106,126.1,1,125.9,100,,,,,,,,,,,,,,,126.4,7,126.7,150,,,,,,,,,,,,,,,,
2026-06-29T21:01:59.741834+00:00,2026-06-30T07:01:59.738834,2,1,126.25,0.3,126.1,1,125.9,100,,,,,,,,,,,,,,,,,126.4,7,,,,,,,,,,,,,,,,,,
2026-06-29T21:01:59.797141+00:00,2026-06-30T07:01:59.791141,2,1,126.25,0.3,126.1,1,125.9,250,,,,,,,,,,,,,,,,,126.4,7,,,,,,,,,,,,,,,,,,
2026-06-29T21:01:59.850070+00:00,2026-06-30T07:01:59.845008,2,1,126.25,0.3,126.1,1,125.9,250,,,,,,,,,,,,,,,,,126.4,157,,,,,,,,,,,,,,,,,,
2026-06-29T21:02:00.623933+00:00,2026-06-30T07:02:00.621933,2,1,126.25,0.3,126.1,1,125.9,250,,,,,,,,,,,,,,,,,126.4,107,,,,,,,,,,,,,,,,,,
2026-06-29T21:02:01.037189+00:00,2026-06-30T07:02:01.035189,2,1,126.25,0.3,126.1,1,125.9,150,,,,,,,,,,,,,,,,,126.4,107,,,,,,,,,,,,,,,,,,
2026-06-29T21:02:01.090138+00:00,2026-06-30T07:02:01.088128,3,1,126.3,0.2,126.2,100,126.1,1,125.9,150,,,,,,,,,,,,,,,126.4,107,,,,,,,,,,,,,,,,,,
2026-06-29T21:02:01.145446+00:00,2026-06-30T07:02:01.141446,3,2,126.3,0.2,126.2,100,126.1,1,125.9,150,,,,,,,,,,,,,,,126.4,107,126.7,100,,,,,,,,,,,,,,,,
2026-06-29T21:02:02.724124+00:00,2026-06-30T07:02:02.716061,3,2,126.3,0.2,126.2,60,126.1,1,125.9,150,,,,,,,,,,,,,,,126.4,107,126.7,100,,,,,,,,,,,,,,,,
2026-06-29T21:02:02.735185+00:00,2026-06-30T07:02:02.729186,3,2,126.3,0.2,126.2,60,126.1,1,125.9,150,,,,,,,,,,,,,,,126.4,57,126.7,100,,,,,,,,,,,,,,,,
2026-06-29T21:02:02.907887+00:00,2026-06-30T07:02:02.899329,2,1,126.45,0.5,126.2,60,126.1,1,,,,,,,,,,,,,,,,,126.7,100,,,,,,,,,,,,,,,,,,
2026-06-29T21:02:02.962265+00:00,2026-06-30T07:02:02.952187,2,1,126.45,0.5,126.2,210,126.1,1,,,,,,,,,,,,,,,,,126.7,100,,,,,,,,,,,,,,,,,,
2026-06-29T21:02:03.017576+00:00,2026-06-30T07:02:03.006506,2,1,126.45,0.5,126.2,210,126.1,1,,,,,,,,,,,,,,,,,126.7,250,,,,,,,,,,,,,,,,,,
2026-06-29T21:02:04.196205+00:00,2026-06-30T07:02:04.195205,2,1,126.45,0.5,126.2,210,126.1,1,,,,,,,,,,,,,,,,,126.7,150,,,,,,,,,,,,,,,,,,
2026-06-29T21:02:04.207270+00:00,2026-06-30T07:02:04.197259,2,1,126.45,0.5,126.2,150,126.1,1,,,,,,,,,,,,,,,,,126.7,150,,,,,,,,,,,,,,,,,,
2026-06-29T21:02:04.261191+00:00,2026-06-30T07:02:04.251129,3,1,126.45,0.5,126.2,150,126.1,1,126.0,100,,,,,,,,,,,,,,,126.7,150,,,,,,,,,,,,,,,,,,
2026-06-29T21:02:04.305436+00:00,2026-06-30T07:02:04.302436,3,2,126.35,0.3,126.2,150,126.1,1,126.0,100,,,,,,,,,,,,,,,126.5,100,126.7,150,,,,,,,,,,,,,,,,
2026-06-29T21:02:04.894934+00:00,2026-06-30T07:02:04.885871,3,2,126.35,0.3,126.2,100,126.1,1,126.0,100,,,,,,,,,,,,,,,126.5,100,126.7,150,,,,,,,,,,,,,,,,
2026-06-29T21:02:05.850027+00:00,2026-06-30T07:02:05.843964,3,2,126.35,0.3,126.2,100,126.1,1,126.0,100,,,,,,,,,,,,,,,126.5,55,126.7,150,,,,,,,,,,,,,,,,
2026-06-29T21:02:06.067973+00:00,2026-06-30T07:02:06.059415,2,1,126.3,0.4,126.1,1,126.0,100,,,,,,,,,,,,,,,,,126.5,55,,,,,,,,,,,,,,,,,,
2026-06-29T21:02:06.122362+00:00,2026-06-30T07:02:06.111298,2,1,126.3,0.4,126.1,1,126.0,250,,,,,,,,,,,,,,,,,126.5,55,,,,,,,,,,,,,,,,,,
2026-06-29T21:02:06.165644+00:00,2026-06-30T07:02:06.164644,2,1,126.3,0.4,126.1,1,126.0,250,,,,,,,,,,,,,,,,,126.5,205,,,,,,,,,,,,,,,,,,
2026-06-29T21:02:06.999882+00:00,2026-06-30T07:02:06.994819,1,1,126.25,0.5,126.0,201,,,,,,,,,,,,,,,,,,,126.5,205,,,,,,,,,,,,,,,,,,
2026-06-29T21:02:07.066262+00:00,2026-06-30T07:02:07.057252,2,1,126.35,0.3,126.2,4,126.0,201,,,,,,,,,,,,,,,,,126.5,205,,,,,,,,,,,,,,,,,,
2026-06-29T21:02:07.358876+00:00,2026-06-30T07:02:07.357283,2,1,126.35,0.3,126.2,4,126.0,150,,,,,,,,,,,,,,,,,126.5,150,,,,,,,,,,,,,,,,,,
2026-06-29T21:02:07.414199+00:00,2026-06-30T07:02:07.410199,3,1,126.35,0.3,126.2,4,126.1,100,126.0,150,,,,,,,,,,,,,,,126.5,150,,,,,,,,,,,,,,,,,,
2026-06-29T21:02:07.468591+00:00,2026-06-30T07:02:07.462032,3,2,126.35,0.3,126.2,4,126.1,100,126.0,150,,,,,,,,,,,,,,,126.5,150,126.6,100,,,,,,,,,,,,,,,,
2026-06-29T21:02:07.557196+00:00,2026-06-30T07:02:07.554196,3,2,126.35,0.3,126.2,4,126.1,100,126.0,150,,,,,,,,,,,,,,,126.5,109,126.6,100,,,,,,,,,,,,,,,,
2026-06-29T21:02:07.676530+00:00,2026-06-30T07:02:07.673530,3,2,126.35,0.3,126.2,4,126.1,100,126.0,150,,,,,,,,,,,,,,,126.5,110,126.6,100,,,,,,,,,,,,,,,,
2026-06-29T21:02:08.632971+00:00,2026-06-30T07:02:08.627961,2,2,126.3,0.4,126.1,62,126.0,150,,,,,,,,,,,,,,,,,126.5,110,126.6,100,,,,,,,,,,,,,,,,
2026-06-29T21:02:08.697970+00:00,2026-06-30T07:02:08.690401,3,2,126.35,0.3,126.2,4,126.1,62,126.0,150,,,,,,,,,,,,,,,126.5,110,126.6,100,,,,,,,,,,,,,,,,
2026-06-29T21:02:09.112846+00:00,2026-06-30T07:02:09.102799,2,2,126.3,0.4,126.1,16,126.0,150,,,,,,,,,,,,,,,,,126.5,110,126.6,100,,,,,,,,,,,,,,,,
2026-06-29T21:02:09.220935+00:00,2026-06-30T07:02:09.218927,1,2,126.3,0.4,126.1,16,,,,,,,,,,,,,,,,,,,126.5,1,126.6,100,,,,,,,,,,,,,,,,
2026-06-29T21:02:09.276250+00:00,2026-06-30T07:02:09.271250,2,2,126.4,0.2,126.3,150,126.1,16,,,,,,,,,,,,,,,,,126.5,1,126.6,100,,,,,,,,,,,,,,,,
2026-06-29T21:02:09.330174+00:00,2026-06-30T07:02:09.323111,2,3,126.4,0.2,126.3,150,126.1,16,,,,,,,,,,,,,,,,,126.5,1,126.6,100,126.8,150,,,,,,,,,,,,,,
2026-06-29T21:02:09.735058+00:00,2026-06-30T07:02:09.729059,2,3,126.4,0.2,126.3,105,126.1,16,,,,,,,,,,,,,,,,,126.5,1,126.6,100,126.8,150,,,,,,,,,,,,,,
2026-06-29T21:02:10.365432+00:00,2026-06-30T07:02:10.359424,2,2,126.45,0.3,126.3,105,126.1,16,,,,,,,,,,,,,,,,,126.6,52,126.8,150,,,,,,,,,,,,,,,,
2026-06-29T21:02:10.517539+00:00,2026-06-30T07:02:10.516540,1,1,126.55,0.5,126.3,105,,,,,,,,,,,,,,,,,,,126.8,150,,,,,,,,,,,,,,,,,,
2026-06-29T21:02:10.570949+00:00,2026-06-30T07:02:10.568949,2,1,126.55,0.5,126.3,105,126.1,100,,,,,,,,,,,,,,,,,126.8,150,,,,,,,,,,,,,,,,,,
2026-06-29T21:02:10.625797+00:00,2026-06-30T07:02:10.621798,2,2,126.45,0.3,126.3,105,126.1,100,,,,,,,,,,,,,,,,,126.6,100,126.8,150,,,,,,,,,,,,,,,,
2026-06-29T21:02:10.636856+00:00,2026-06-30T07:02:10.626797,3,2,126.45,0.3,126.3,105,126.2,3,126.1,100,,,,,,,,,,,,,,,126.6,100,126.8,150,,,,,,,,,,,,,,,,
2026-06-29T21:02:10.690246+00:00,2026-06-30T07:02:10.685182,3,3,126.4,0.2,126.3,105,126.2,3,126.1,100,,,,,,,,,,,,,,,126.5,2,126.6,100,126.8,150,,,,,,,,,,,,,,
2026-06-29T21:02:11.224296+00:00,2026-06-30T07:02:11.213353,3,3,126.4,0.2,126.3,55,126.2,3,126.1,100,,,,,,,,,,,,,,,126.5,2,126.6,100,126.8,150,,,,,,,,,,,,,,
2026-06-29T21:02:12.387328+00:00,2026-06-30T07:02:12.379279,2,2,126.35,0.3,126.2,3,126.1,100,,,,,,,,,,,,,,,,,126.5,2,126.6,100,,,,,,,,,,,,,,,,
2026-06-29T21:02:12.440792+00:00,2026-06-30T07:02:12.431730,3,2,126.35,0.3,126.2,3,126.1,100,125.8,150,,,,,,,,,,,,,,,126.5,2,126.6,100,,,,,,,,,,,,,,,,
2026-06-29T21:02:12.496107+00:00,2026-06-30T07:02:12.485149,3,3,126.25,0.1,126.2,3,126.1,100,125.8,150,,,,,,,,,,,,,,,126.3,150,126.5,2,126.6,100,,,,,,,,,,,,,,
2026-06-29T21:02:13.322803+00:00,2026-06-30T07:02:13.320803,2,3,126.2,0.2,126.1,53,125.8,150,,,,,,,,,,,,,,,,,126.3,150,126.5,2,126.6,100,,,,,,,,,,,,,,
2026-06-29T21:02:13.638412+00:00,2026-06-30T07:02:13.630850,3,3,126.25,0.1,126.2,3,126.1,53,125.8,150,,,,,,,,,,,,,,,126.3,150,126.5,2,126.6,100,,,,,,,,,,,,,,
2026-06-29T21:02:13.681239+00:00,2026-06-30T07:02:13.678239,2,2,126.25,0.1,126.2,3,125.8,150,,,,,,,,,,,,,,,,,126.3,150,126.5,2,,,,,,,,,,,,,,,,
2026-06-29T21:02:13.736548+00:00,2026-06-30T07:02:13.731548,3,2,126.25,0.1,126.2,3,125.8,150,125.7,100,,,,,,,,,,,,,,,126.3,150,126.5,2,,,,,,,,,,,,,,,,
2026-06-29T21:02:13.790000+00:00,2026-06-30T07:02:13.786935,2,3,126.0,0.4,125.8,150,125.7,100,,,,,,,,,,,,,,,,,126.2,97,126.3,150,126.5,2,,,,,,,,,,,,,,
2026-06-29T21:02:15.379983+00:00,2026-06-30T07:02:15.374921,2,3,126.0,0.4,125.8,150,125.7,100,,,,,,,,,,,,,,,,,126.2,47,126.3,150,126.5,2,,,,,,,,,,,,,,
2026-06-29T21:02:15.544033+00:00,2026-06-30T07:02:15.541033,1,2,125.95,0.5,125.7,100,,,,,,,,,,,,,,,,,,,126.2,47,126.5,2,,,,,,,,,,,,,,,,
2026-06-29T21:02:15.597942+00:00,2026-06-30T07:02:15.593382,2,2,126.05,0.3,125.9,150,125.7,100,,,,,,,,,,,,,,,,,126.2,47,126.5,2,,,,,,,,,,,,,,,,
2026-06-29T21:02:15.652306+00:00,2026-06-30T07:02:15.649306,2,3,126.05,0.3,125.9,150,125.7,100,,,,,,,,,,,,,,,,,126.2,47,126.4,150,126.5,2,,,,,,,,,,,,,,
2026-06-29T21:02:15.674433+00:00,2026-06-30T07:02:15.669433,3,3,126.15,0.1,126.1,1,125.9,150,125.7,100,,,,,,,,,,,,,,,126.2,47,126.4,150,126.5,2,,,,,,,,,,,,,,
2026-06-29T21:02:16.480898+00:00,2026-06-30T07:02:16.476818,2,3,126.05,0.3,125.9,150,125.7,100,,,,,,,,,,,,,,,,,126.2,47,126.4,150,126.5,2,,,,,,,,,,,,,,
2026-06-29T21:02:16.842257+00:00,2026-06-30T07:02:16.840257,2,2,126.15,0.5,125.9,150,125.7,100,,,,,,,,,,,,,,,,,126.4,150,126.5,2,,,,,,,,,,,,,,,,
2026-06-29T21:02:16.853320+00:00,2026-06-30T07:02:16.842402,1,2,126.15,0.5,125.9,150,,,,,,,,,,,,,,,,,,,126.4,150,126.5,2,,,,,,,,,,,,,,,,
2026-06-29T21:02:16.897601+00:00,2026-06-30T07:02:16.894601,1,2,126.15,0.5,125.9,250,,,,,,,,,,,,,,,,,,,126.4,150,126.5,2,,,,,,,,,,,,,,,,
2026-06-29T21:02:16.952009+00:00,2026-06-30T07:02:16.945947,1,2,126.15,0.5,125.9,250,,,,,,,,,,,,,,,,,,,126.4,250,126.5,2,,,,,,,,,,,,,,,,
2026-06-29T21:02:17.487114+00:00,2026-06-30T07:02:17.482114,1,2,126.15,0.5,125.9,250,,,,,,,,,,,,,,,,,,,126.4,200,126.5,2,,,,,,,,,,,,,,,,
2026-06-29T21:02:18.128784+00:00,2026-06-30T07:02:18.121225,2,2,126.25,0.3,126.1,2,125.9,250,,,,,,,,,,,,,,,,,126.4,200,126.5,2,,,,,,,,,,,,,,,,
2026-06-29T21:02:18.595459+00:00,2026-06-30T07:02:18.588458,2,2,126.25,0.3,126.1,2,125.9,250,,,,,,,,,,,,,,,,,126.4,155,126.5,2,,,,,,,,,,,,,,,,
2026-06-29T21:02:18.703211+00:00,2026-06-30T07:02:18.702211,2,2,126.25,0.3,126.1,2,125.9,250,,,,,,,,,,,,,,,,,126.4,100,126.5,2,,,,,,,,,,,,,,,,
2026-06-29T21:02:18.714274+00:00,2026-06-30T07:02:18.704211,2,2,126.25,0.3,126.1,2,125.9,100,,,,,,,,,,,,,,,,,126.4,100,126.5,2,,,,,,,,,,,,,,,,
2026-06-29T21:02:18.757542+00:00,2026-06-30T07:02:18.756515,2,2,126.25,0.3,126.1,152,125.9,100,,,,,,,,,,,,,,,,,126.4,100,126.5,2,,,,,,,,,,,,,,,,
2026-06-29T21:02:18.811950+00:00,2026-06-30T07:02:18.809950,2,3,126.25,0.3,126.1,152,125.9,100,,,,,,,,,,,,,,,,,126.4,100,126.5,2,126.6,150,,,,,,,,,,,,,,
2026-06-29T21:02:18.856196+00:00,2026-06-30T07:02:18.854195,2,3,126.25,0.3,126.1,151,125.9,100,,,,,,,,,,,,,,,,,126.4,100,126.5,2,126.6,150,,,,,,,,,,,,,,
2026-06-29T21:02:19.606156+00:00,2026-06-30T07:02:19.595257,2,3,126.25,0.3,126.1,151,125.9,100,,,,,,,,,,,,,,,,,126.4,50,126.5,2,126.6,150,,,,,,,,,,,,,,
2026-06-29T21:02:20.006167+00:00,2026-06-30T07:02:20.001167,1,2,126.3,0.4,126.1,151,,,,,,,,,,,,,,,,,,,126.5,2,126.6,150,,,,,,,,,,,,,,,,
2026-06-29T21:02:20.059073+00:00,2026-06-30T07:02:20.057513,2,2,126.3,0.4,126.1,151,126.0,100,,,,,,,,,,,,,,,,,126.5,2,126.6,150,,,,,,,,,,,,,,,,
2026-06-29T21:02:20.114401+00:00,2026-06-30T07:02:20.109401,2,2,126.3,0.4,126.1,151,126.0,100,,,,,,,,,,,,,,,,,126.5,102,126.6,150,,,,,,,,,,,,,,,,
2026-06-29T21:02:21.712047+00:00,2026-06-30T07:02:21.702984,2,2,126.3,0.4,126.1,151,126.0,100,,,,,,,,,,,,,,,,,126.5,52,126.6,150,,,,,,,,,,,,,,,,
2026-06-29T21:02:21.865021+00:00,2026-06-30T07:02:21.864012,2,1,126.3,0.4,126.1,151,126.0,100,,,,,,,,,,,,,,,,,126.5,52,,,,,,,,,,,,,,,,,,
2026-06-29T21:02:21.876084+00:00,2026-06-30T07:02:21.865021,2,1,126.3,0.4,126.1,1,126.0,100,,,,,,,,,,,,,,,,,126.5,52,,,,,,,,,,,,,,,,,,
2026-06-29T21:02:21.918407+00:00,2026-06-30T07:02:21.917893,3,1,126.35,0.3,126.2,150,126.1,1,126.0,100,,,,,,,,,,,,,,,126.5,52,,,,,,,,,,,,,,,,,,
2026-06-29T21:02:21.995391+00:00,2026-06-30T07:02:21.986317,3,2,126.35,0.3,126.2,150,126.1,1,126.0,100,,,,,,,,,,,,,,,126.5,52,126.7,150,,,,,,,,,,,,,,,,
2026-06-29T21:02:22.071920+00:00,2026-06-30T07:02:22.067910,3,3,126.3,0.2,126.2,150,126.1,1,126.0,100,,,,,,,,,,,,,,,126.4,5,126.5,52,126.7,150,,,,,,,,,,,,,,
2026-06-29T21:02:23.168806+00:00,2026-06-30T07:02:23.164242,2,2,126.3,0.2,126.2,150,126.1,1,,,,,,,,,,,,,,,,,126.4,5,126.7,150,,,,,,,,,,,,,,,,
2026-06-29T21:02:23.224142+00:00,2026-06-30T07:02:23.219142,2,2,126.3,0.2,126.2,250,126.1,1,,,,,,,,,,,,,,,,,126.4,5,126.7,150,,,,,,,,,,,,,,,,
2026-06-29T21:02:23.278019+00:00,2026-06-30T07:02:23.271450,2,2,126.3,0.2,126.2,250,126.1,1,,,,,,,,,,,,,,,,,126.4,5,126.7,250,,,,,,,,,,,,,,,,
2026-06-29T21:02:23.819680+00:00,2026-06-30T07:02:23.812626,2,1,126.45,0.5,126.2,250,126.1,1,,,,,,,,,,,,,,,,,126.7,205,,,,,,,,,,,,,,,,,,
2026-06-29T21:02:25.044321+00:00,2026-06-30T07:02:25.041321,2,1,126.45,0.5,126.2,100,126.1,1,,,,,,,,,,,,,,,,,126.7,100,,,,,,,,,,,,,,,,,,
2026-06-29T21:02:25.098207+00:00,2026-06-30T07:02:25.093647,3,1,126.55,0.3,126.4,150,126.2,100,126.1,1,,,,,,,,,,,,,,,126.7,100,,,,,,,,,,,,,,,,,,
2026-06-29T21:02:25.164124+00:00,2026-06-30T07:02:25.159125,3,2,126.55,0.3,126.4,150,126.2,100,126.1,1,,,,,,,,,,,,,,,126.7,100,126.9,150,,,,,,,,,,,,,,,,
2026-06-29T21:02:25.920830+00:00,2026-06-30T07:02:25.917820,3,2,126.55,0.3,126.4,150,126.2,100,126.1,1,,,,,,,,,,,,,,,126.7,50,126.9,150,,,,,,,,,,,,,,,,
2026-06-29T21:02:26.335079+00:00,2026-06-30T07:02:26.327017,2,1,126.65,0.5,126.4,150,126.1,1,,,,,,,,,,,,,,,,,126.9,150,,,,,,,,,,,,,,,,,,
2026-06-29T21:02:26.388468+00:00,2026-06-30T07:02:26.378908,3,1,126.75,0.3,126.6,100,126.4,150,126.1,1,,,,,,,,,,,,,,,126.9,150,,,,,,,,,,,,,,,,,,
2026-06-29T21:02:26.443307+00:00,2026-06-30T07:02:26.432246,3,2,126.75,0.3,126.6,100,126.4,150,126.1,1,,,,,,,,,,,,,,,126.9,150,127.1,100,,,,,,,,,,,,,,,,
2026-06-29T21:02:28.040014+00:00,2026-06-30T07:02:28.034951,2,2,126.75,0.3,126.6,100,126.4,150,,,,,,,,,,,,,,,,,126.9,100,127.1,100,,,,,,,,,,,,,,,,
2026-06-29T21:02:28.205035+00:00,2026-06-30T07:02:28.204035,1,1,126.85,0.5,126.6,100,,,,,,,,,,,,,,,,,,,127.1,100,,,,,,,,,,,,,,,,,,
2026-06-29T21:02:28.237246+00:00,2026-06-30T07:02:28.233219,2,1,126.85,0.5,126.6,100,126.3,4,,,,,,,,,,,,,,,,,127.1,100,,,,,,,,,,,,,,,,,,
2026-06-29T21:02:28.258433+00:00,2026-06-30T07:02:28.256862,3,1,126.95,0.3,126.8,150,126.6,100,126.3,4,,,,,,,,,,,,,,,127.1,100,,,,,,,,,,,,,,,,,,
2026-06-29T21:02:28.313293+00:00,2026-06-30T07:02:28.310284,3,2,126.95,0.3,126.8,150,126.6,100,126.3,4,,,,,,,,,,,,,,,127.1,100,127.3,150,,,,,,,,,,,,,,,,
2026-06-29T21:02:28.682238+00:00,2026-06-30T07:02:28.672176,3,2,126.95,0.3,126.8,110,126.6,100,126.3,4,,,,,,,,,,,,,,,127.1,100,127.3,150,,,,,,,,,,,,,,,,
2026-06-29T21:02:29.074449+00:00,2026-06-30T07:02:29.071449,3,2,126.95,0.3,126.8,110,126.6,100,126.3,2,,,,,,,,,,,,,,,127.1,100,127.3,150,,,,,,,,,,,,,,,,
2026-06-29T21:02:29.258191+00:00,2026-06-30T07:02:29.252630,3,2,126.95,0.3,126.8,110,126.6,100,126.3,1,,,,,,,,,,,,,,,127.1,100,127.3,150,,,,,,,,,,,,,,,,
2026-06-29T21:02:29.487201+00:00,2026-06-30T07:02:29.486201,3,1,127.05,0.5,126.8,110,126.6,100,126.3,1,,,,,,,,,,,,,,,127.3,150,,,,,,,,,,,,,,,,,,
2026-06-29T21:02:29.497292+00:00,2026-06-30T07:02:29.487351,2,1,127.05,0.5,126.8,110,126.3,1,,,,,,,,,,,,,,,,,127.3,150,,,,,,,,,,,,,,,,,,
2026-06-29T21:02:29.551206+00:00,2026-06-30T07:02:29.547196,3,1,127.05,0.5,126.8,110,126.6,100,126.3,1,,,,,,,,,,,,,,,127.3,150,,,,,,,,,,,,,,,,,,
2026-06-29T21:02:29.595473+00:00,2026-06-30T07:02:29.594464,3,2,126.95,0.3,126.8,110,126.6,100,126.3,1,,,,,,,,,,,,,,,127.1,100,127.3,150,,,,,,,,,,,,,,,,
2026-06-29T21:02:30.084331+00:00,2026-06-30T07:02:30.076267,3,2,126.95,0.3,126.8,106,126.6,100,126.3,1,,,,,,,,,,,,,,,127.1,100,127.3,150,,,,,,,,,,,,,,,,
2026-06-29T21:02:30.148818+00:00,2026-06-30T07:02:30.143256,3,2,126.95,0.3,126.8,102,126.6,100,126.3,1,,,,,,,,,,,,,,,127.1,50,127.3,150,,,,,,,,,,,,,,,,
2026-06-29T21:02:30.258038+00:00,2026-06-30T07:02:30.249478,3,2,126.95,0.3,126.8,98,126.6,100,126.3,1,,,,,,,,,,,,,,,127.1,50,127.3,150,,,,,,,,,,,,,,,,
2026-06-29T21:02:30.279693+00:00,2026-06-30T07:02:30.268743,3,2,126.95,0.3,126.8,53,126.6,100,126.3,1,,,,,,,,,,,,,,,127.1,50,127.3,150,,,,,,,,,,,,,,,,
2026-06-29T21:02:30.290761+00:00,2026-06-30T07:02:30.288761,3,2,126.95,0.3,126.8,50,126.6,100,126.3,1,,,,,,,,,,,,,,,127.1,50,127.3,150,,,,,,,,,,,,,,,,
2026-06-29T21:02:30.377296+00:00,2026-06-30T07:02:30.374250,3,2,126.95,0.3,126.8,47,126.6,100,126.3,1,,,,,,,,,,,,,,,127.1,50,127.3,150,,,,,,,,,,,,,,,,
2026-06-29T21:02:30.398454+00:00,2026-06-30T07:02:30.394894,3,2,126.95,0.3,126.8,44,126.6,100,126.3,1,,,,,,,,,,,,,,,127.1,50,127.3,150,,,,,,,,,,,,,,,,
2026-06-29T21:02:31.368400+00:00,2026-06-30T07:02:31.367887,1,1,126.85,0.5,126.6,100,,,,,,,,,,,,,,,,,,,127.1,50,,,,,,,,,,,,,,,,,,
2026-06-29T21:02:31.423247+00:00,2026-06-30T07:02:31.418247,2,1,126.85,0.5,126.6,100,126.3,150,,,,,,,,,,,,,,,,,127.1,50,,,,,,,,,,,,,,,,,,
2026-06-29T21:02:31.477615+00:00,2026-06-30T07:02:31.472589,2,2,126.7,0.2,126.6,100,126.3,150,,,,,,,,,,,,,,,,,126.8,150,127.1,50,,,,,,,,,,,,,,,,
2026-06-29T21:02:32.253207+00:00,2026-06-30T07:02:32.248208,2,2,126.7,0.2,126.6,100,126.3,150,,,,,,,,,,,,,,,,,126.8,100,127.1,50,,,,,,,,,,,,,,,,
2026-06-29T21:02:32.547731+00:00,2026-06-30T07:02:32.542684,2,2,126.7,0.2,126.6,51,126.3,150,,,,,,,,,,,,,,,,,126.8,100,127.1,50,,,,,,,,,,,,,,,,
2026-06-29T21:02:32.657434+00:00,2026-06-30T07:02:32.650435,1,1,126.55,0.5,126.3,150,,,,,,,,,,,,,,,,,,,126.8,100,,,,,,,,,,,,,,,,,,
2026-06-29T21:02:32.710839+00:00,2026-06-30T07:02:32.702777,2,1,126.65,0.3,126.5,100,126.3,150,,,,,,,,,,,,,,,,,126.8,100,,,,,,,,,,,,,,,,,,
2026-06-29T21:02:32.766152+00:00,2026-06-30T07:02:32.756089,2,2,126.65,0.3,126.5,100,126.3,150,,,,,,,,,,,,,,,,,126.8,100,127.0,100,,,,,,,,,,,,,,,,
2026-06-29T21:02:33.158403+00:00,2026-06-30T07:02:33.148843,2,2,126.65,0.3,126.5,103,126.3,150,,,,,,,,,,,,,,,,,126.8,100,127.0,100,,,,,,,,,,,,,,,,
2026-06-29T21:02:33.452880+00:00,2026-06-30T07:02:33.447869,2,2,126.65,0.3,126.5,103,126.3,150,,,,,,,,,,,,,,,,,126.8,54,127.0,100,,,,,,,,,,,,,,,,
2026-06-29T21:02:34.159757+00:00,2026-06-30T07:02:34.149695,2,2,126.65,0.3,126.5,103,126.3,150,,,,,,,,,,,,,,,,,126.8,56,127.0,100,,,,,,,,,,,,,,,,
2026-06-29T21:02:34.367597+00:00,2026-06-30T07:02:34.362597,2,2,126.65,0.3,126.5,103,126.3,150,,,,,,,,,,,,,,,,,126.8,6,127.0,100,,,,,,,,,,,,,,,,
2026-06-29T21:02:34.530766+00:00,2026-06-30T07:02:34.529766,2,2,126.65,0.3,126.5,103,126.3,150,,,,,,,,,,,,,,,,,126.8,2,127.0,100,,,,,,,,,,,,,,,,
2026-06-29T21:02:34.541829+00:00,2026-06-30T07:02:34.530766,1,2,126.65,0.3,126.5,103,,,,,,,,,,,,,,,,,,,126.8,2,127.0,100,,,,,,,,,,,,,,,,
2026-06-29T21:02:34.586077+00:00,2026-06-30T07:02:34.585077,2,1,126.9,0.2,126.8,148,126.5,103,,,,,,,,,,,,,,,,,127.0,100,,,,,,,,,,,,,,,,,,
2026-06-29T21:02:34.628392+00:00,2026-06-30T07:02:34.620832,2,1,126.9,0.2,126.8,146,126.5,103,,,,,,,,,,,,,,,,,127.0,100,,,,,,,,,,,,,,,,,,
2026-06-29T21:02:34.650048+00:00,2026-06-30T07:02:34.639080,2,2,126.9,0.2,126.8,146,126.5,103,,,,,,,,,,,,,,,,,127.0,100,127.3,150,,,,,,,,,,,,,,,,
2026-06-29T21:02:34.661103+00:00,2026-06-30T07:02:34.653048,2,2,126.9,0.2,126.8,144,126.5,103,,,,,,,,,,,,,,,,,127.0,100,127.3,150,,,,,,,,,,,,,,,,
2026-06-29T21:02:34.803053+00:00,2026-06-30T07:02:34.802053,2,2,126.9,0.2,126.8,96,126.5,103,,,,,,,,,,,,,,,,,127.0,100,127.3,150,,,,,,,,,,,,,,,,
2026-06-29T21:02:35.435332+00:00,2026-06-30T07:02:35.425268,2,2,126.9,0.2,126.8,96,126.5,103,,,,,,,,,,,,,,,,,127.0,57,127.3,150,,,,,,,,,,,,,,,,
2026-06-29T21:02:35.813912+00:00,2026-06-30T07:02:35.813912,2,1,127.05,0.5,126.8,96,126.5,3,,,,,,,,,,,,,,,,,127.3,150,,,,,,,,,,,,,,,,,,
2026-06-29T21:02:35.867783+00:00,2026-06-30T07:02:35.864223,3,1,127.05,0.5,126.8,96,126.7,100,126.5,3,,,,,,,,,,,,,,,127.3,150,,,,,,,,,,,,,,,,,,
2026-06-29T21:02:35.922149+00:00,2026-06-30T07:02:35.917139,3,2,127.0,0.4,126.8,96,126.7,100,126.5,3,,,,,,,,,,,,,,,127.2,100,127.3,150,,,,,,,,,,,,,,,,
2026-06-29T21:02:36.477402+00:00,2026-06-30T07:02:36.470356,3,2,127.0,0.4,126.8,96,126.7,100,126.5,3,,,,,,,,,,,,,,,127.2,50,127.3,150,,,,,,,,,,,,,,,,
2026-06-29T21:02:36.998960+00:00,2026-06-30T07:02:36.989401,3,3,126.85,0.1,126.8,96,126.7,100,126.5,3,,,,,,,,,,,,,,,126.9,2,127.2,50,127.3,150,,,,,,,,,,,,,,
2026-06-29T21:02:37.436376+00:00,2026-06-30T07:02:37.428376,3,3,126.85,0.1,126.8,50,126.7,100,126.5,3,,,,,,,,,,,,,,,126.9,2,127.2,50,127.3,150,,,,,,,,,,,,,,
2026-06-29T21:02:37.697630+00:00,2026-06-30T07:02:37.692629,2,2,126.8,0.2,126.7,100,126.5,3,,,,,,,,,,,,,,,,,126.9,2,127.2,50,,,,,,,,,,,,,,,,
2026-06-29T21:02:37.774186+00:00,2026-06-30T07:02:37.763097,3,2,126.8,0.2,126.7,100,126.5,3,126.3,150,,,,,,,,,,,,,,,126.9,2,127.2,50,,,,,,,,,,,,,,,,
2026-06-29T21:02:37.817490+00:00,2026-06-30T07:02:37.815434,3,3,126.75,0.1,126.7,100,126.5,3,126.3,150,,,,,,,,,,,,,,,126.8,150,126.9,2,127.2,50,,,,,,,,,,,,,,
2026-06-29T21:02:38.228270+00:00,2026-06-30T07:02:38.219710,3,3,126.75,0.1,126.7,100,126.5,2,126.3,150,,,,,,,,,,,,,,,126.8,150,126.9,2,127.2,50,,,,,,,,,,,,,,
2026-06-29T21:02:38.359650+00:00,2026-06-30T07:02:38.349586,3,3,126.75,0.1,126.7,100,126.5,1,126.3,150,,,,,,,,,,,,,,,126.8,150,126.9,2,127.2,50,,,,,,,,,,,,,,
2026-06-29T21:02:38.414960+00:00,2026-06-30T07:02:38.407950,3,3,126.75,0.1,126.7,100,126.5,1,126.3,150,,,,,,,,,,,,,,,126.8,107,126.9,2,127.2,50,,,,,,,,,,,,,,
2026-06-29T21:02:38.588139+00:00,2026-06-30T07:02:38.582578,3,3,126.75,0.1,126.7,100,126.5,1,126.3,150,,,,,,,,,,,,,,,126.8,57,126.9,2,127.2,50,,,,,,,,,,,,,,
2026-06-29T21:02:38.980104+00:00,2026-06-30T07:02:38.975104,2,2,126.65,0.3,126.5,1,126.3,150,,,,,,,,,,,,,,,,,126.8,57,126.9,2,,,,,,,,,,,,,,,,
2026-06-29T21:02:39.035263+00:00,2026-06-30T07:02:39.025217,3,2,126.75,0.1,126.7,100,126.5,1,126.3,150,,,,,,,,,,,,,,,126.8,57,126.9,2,,,,,,,,,,,,,,,,
2026-06-29T21:02:39.088093+00:00,2026-06-30T07:02:39.077644,3,3,126.75,0.1,126.7,100,126.5,1,126.3,150,,,,,,,,,,,,,,,126.8,57,126.9,2,127.2,100,,,,,,,,,,,,,,
2026-06-29T21:02:39.404238+00:00,2026-06-30T07:02:39.403238,3,3,126.75,0.1,126.7,100,126.5,1,126.3,150,,,,,,,,,,,,,,,126.8,16,126.9,2,127.2,100,,,,,,,,,,,,,,
2026-06-29T21:02:39.468693+00:00,2026-06-30T07:02:39.458258,3,3,126.75,0.1,126.7,54,126.5,1,126.3,150,,,,,,,,,,,,,,,126.8,16,126.9,2,127.2,100,,,,,,,,,,,,,,
2026-06-29T21:02:40.023264+00:00,2026-06-30T07:02:40.019264,2,3,126.75,0.1,126.7,54,126.3,150,,,,,,,,,,,,,,,,,126.8,16,126.9,2,127.2,100,,,,,,,,,,,,,,
2026-06-29T21:02:40.547170+00:00,2026-06-30T07:02:40.538170,2,1,126.95,0.5,126.7,54,126.3,150,,,,,,,,,,,,,,,,,127.2,69,,,,,,,,,,,,,,,,,,
2026-06-29T21:02:40.600140+00:00,2026-06-30T07:02:40.592075,2,1,126.95,0.5,126.7,14,126.3,150,,,,,,,,,,,,,,,,,127.2,69,,,,,,,,,,,,,,,,,,
2026-06-29T21:02:40.698269+00:00,2026-06-30T07:02:40.688709,2,1,126.95,0.5,126.7,14,126.3,150,,,,,,,,,,,,,,,,,127.2,19,,,,,,,,,,,,,,,,,,
2026-06-29T21:02:40.871918+00:00,2026-06-30T07:02:40.869918,1,1,126.95,0.5,126.7,14,,,,,,,,,,,,,,,,,,,127.2,19,,,,,,,,,,,,,,,,,,
2026-06-29T21:02:40.927228+00:00,2026-06-30T07:02:40.923228,2,1,127.1,0.2,127.0,150,126.7,14,,,,,,,,,,,,,,,,,127.2,19,,,,,,,,,,,,,,,,,,
2026-06-29T21:02:40.959009+00:00,2026-06-30T07:02:40.957441,2,1,127.1,0.2,127.0,125,126.7,14,,,,,,,,,,,,,,,,,127.2,19,,,,,,,,,,,,,,,,,,
2026-06-29T21:02:40.981154+00:00,2026-06-30T07:02:40.976090,2,2,127.1,0.2,127.0,125,126.7,14,,,,,,,,,,,,,,,,,127.2,19,127.5,150,,,,,,,,,,,,,,,,
2026-06-29T21:02:41.047592+00:00,2026-06-30T07:02:41.042592,2,2,127.1,0.2,127.0,100,126.7,14,,,,,,,,,,,,,,,,,127.2,19,127.5,150,,,,,,,,,,,,,,,,
2026-06-29T21:02:41.178019+00:00,2026-06-30T07:02:41.175429,2,2,127.1,0.2,127.0,75,126.7,14,,,,,,,,,,,,,,,,,127.2,19,127.5,150,,,,,,,,,,,,,,,,
2026-06-29T21:02:41.254980+00:00,2026-06-30T07:02:41.252989,2,2,127.1,0.2,127.0,45,126.7,14,,,,,,,,,,,,,,,,,127.2,19,127.5,150,,,,,,,,,,,,,,,,
2026-06-29T21:02:41.266062+00:00,2026-06-30T07:02:41.256989,3,2,127.1,0.2,127.0,45,126.7,14,126.6,1,,,,,,,,,,,,,,,127.2,19,127.5,150,,,,,,,,,,,,,,,,
2026-06-29T21:02:41.394988+00:00,2026-06-30T07:02:41.393988,3,2,127.1,0.2,127.0,20,126.7,14,126.6,1,,,,,,,,,,,,,,,127.2,19,127.5,150,,,,,,,,,,,,,,,,
2026-06-29T21:02:41.470037+00:00,2026-06-30T07:02:41.460974,2,2,126.95,0.5,126.7,14,126.6,1,,,,,,,,,,,,,,,,,127.2,19,127.5,150,,,,,,,,,,,,,,,,
2026-06-29T21:02:41.970295+00:00,2026-06-30T07:02:41.968295,1,3,126.85,0.3,126.7,14,,,,,,,,,,,,,,,,,,,127.0,5,127.2,19,127.5,150,,,,,,,,,,,,,,
2026-06-29T21:02:42.134013+00:00,2026-06-30T07:02:42.133012,1,2,126.85,0.3,126.7,14,,,,,,,,,,,,,,,,,,,127.0,5,127.5,150,,,,,,,,,,,,,,,,
2026-06-29T21:02:42.145062+00:00,2026-06-30T07:02:42.135013,0,2,,,,,,,,,,,,,,,,,,,,,,,127.0,5,127.5,150,,,,,,,,,,,,,,,,
2026-06-29T21:02:42.187844+00:00,2026-06-30T07:02:42.187330,1,2,126.85,0.3,126.7,100,,,,,,,,,,,,,,,,,,,127.0,5,127.5,150,,,,,,,,,,,,,,,,
2026-06-29T21:02:42.242217+00:00,2026-06-30T07:02:42.238217,1,3,126.85,0.3,126.7,100,,,,,,,,,,,,,,,,,,,127.0,5,127.2,100,127.5,150,,,,,,,,,,,,,,
2026-06-29T21:02:42.373079+00:00,2026-06-30T07:02:42.364016,1,3,126.85,0.3,126.7,100,,,,,,,,,,,,,,,,,,,127.0,4,127.2,100,127.5,150,,,,,,,,,,,,,,
2026-06-29T21:02:42.720920+00:00,2026-06-30T07:02:42.716855,1,3,126.85,0.3,126.7,58,,,,,,,,,,,,,,,,,,,127.0,4,127.2,100,127.5,150,,,,,,,,,,,,,,
2026-06-29T21:02:42.818565+00:00,2026-06-30T07:02:42.817989,1,2,126.95,0.5,126.7,58,,,,,,,,,,,,,,,,,,,127.2,54,127.5,150,,,,,,,,,,,,,,,,
2026-06-29T21:02:43.047497+00:00,2026-06-30T07:02:43.039489,1,2,126.95,0.5,126.7,58,,,,,,,,,,,,,,,,,,,127.2,52,127.5,150,,,,,,,,,,,,,,,,
2026-06-29T21:02:43.254931+00:00,2026-06-30T07:02:43.244867,1,2,126.95,0.5,126.7,58,,,,,,,,,,,,,,,,,,,127.2,50,127.5,150,,,,,,,,,,,,,,,,
2026-06-29T21:02:43.460845+00:00,2026-06-30T07:02:43.450784,1,2,126.95,0.5,126.7,58,,,,,,,,,,,,,,,,,,,127.2,48,127.5,150,,,,,,,,,,,,,,,,
2026-06-29T21:02:43.657166+00:00,2026-06-30T07:02:43.655119,1,2,126.95,0.5,126.7,58,,,,,,,,,,,,,,,,,,,127.2,46,127.5,150,,,,,,,,,,,,,,,,
2026-06-29T21:02:44.047861+00:00,2026-06-30T07:02:44.038301,1,1,126.95,0.5,126.7,58,,,,,,,,,,,,,,,,,,,127.2,46,,,,,,,,,,,,,,,,,,
2026-06-29T21:02:44.091191+00:00,2026-06-30T07:02:44.083129,2,1,126.95,0.5,126.7,58,126.6,150,,,,,,,,,,,,,,,,,127.2,46,,,,,,,,,,,,,,,,,,
2026-06-29T21:02:44.135465+00:00,2026-06-30T07:02:44.134465,2,2,126.9,0.4,126.7,58,126.6,150,,,,,,,,,,,,,,,,,127.1,150,127.2,46,,,,,,,,,,,,,,,,
2026-06-29T21:02:45.004842+00:00,2026-06-30T07:02:44.998842,2,2,126.9,0.4,126.7,8,126.6,150,,,,,,,,,,,,,,,,,127.1,150,127.2,46,,,,,,,,,,,,,,,,
2026-06-29T21:02:45.298362+00:00,2026-06-30T07:02:45.295799,1,1,126.85,0.5,126.6,150,,,,,,,,,,,,,,,,,,,127.1,150,,,,,,,,,,,,,,,,,,
2026-06-29T21:02:45.353212+00:00,2026-06-30T07:02:45.345149,2,1,127.0,0.2,126.9,100,126.6,150,,,,,,,,,,,,,,,,,127.1,150,,,,,,,,,,,,,,,,,,
2026-06-29T21:02:45.408082+00:00,2026-06-30T07:02:45.397713,2,2,127.0,0.2,126.9,100,126.6,150,,,,,,,,,,,,,,,,,127.1,150,127.4,100,,,,,,,,,,,,,,,,
2026-06-29T21:02:46.441929+00:00,2026-06-30T07:02:46.434866,3,2,127.0,0.2,126.9,100,126.7,5,126.6,150,,,,,,,,,,,,,,,127.1,150,127.4,100,,,,,,,,,,,,,,,,
2026-06-29T21:02:47.105368+00:00,2026-06-30T07:02:47.104368,3,2,127.0,0.2,126.9,50,126.7,5,126.6,150,,,,,,,,,,,,,,,127.1,150,127.4,100,,,,,,,,,,,,,,,,
2026-06-29T21:02:47.191991+00:00,2026-06-30T07:02:47.188991,3,1,127.15,0.5,126.9,50,126.7,5,126.6,150,,,,,,,,,,,,,,,127.4,100,,,,,,,,,,,,,,,,,,
2026-06-29T21:02:47.203049+00:00,2026-06-30T07:02:47.191991,2,1,127.15,0.5,126.9,50,126.7,5,,,,,,,,,,,,,,,,,127.4,100,,,,,,,,,,,,,,,,,,
2026-06-29T21:02:47.247319+00:00,2026-06-30T07:02:47.244319,3,1,127.15,0.5,126.9,50,126.7,5,126.6,150,,,,,,,,,,,,,,,127.4,100,,,,,,,,,,,,,,,,,,
2026-06-29T21:02:47.300761+00:00,2026-06-30T07:02:47.298761,3,2,127.0,0.2,126.9,50,126.7,5,126.6,150,,,,,,,,,,,,,,,127.1,150,127.4,100,,,,,,,,,,,,,,,,
2026-06-29T21:02:48.226026+00:00,2026-06-30T07:02:48.220026,3,2,127.0,0.2,126.9,50,126.7,4,126.6,150,,,,,,,,,,,,,,,127.1,150,127.4,100,,,,,,,,,,,,,,,,
2026-06-29T21:02:48.464198+00:00,2026-06-30T07:02:48.458198,2,1,126.9,0.4,126.7,4,126.6,150,,,,,,,,,,,,,,,,,127.1,150,,,,,,,,,,,,,,,,,,
2026-06-29T21:02:48.518071+00:00,2026-06-30T07:02:48.512511,2,1,126.9,0.4,126.7,104,126.6,150,,,,,,,,,,,,,,,,,127.1,150,,,,,,,,,,,,,,,,,,
2026-06-29T21:02:48.572914+00:00,2026-06-30T07:02:48.564851,2,2,126.9,0.4,126.7,104,126.6,150,,,,,,,,,,,,,,,,,127.1,150,127.2,100,,,,,,,,,,,,,,,,
2026-06-29T21:02:49.217295+00:00,2026-06-30T07:02:49.214294,2,2,126.9,0.4,126.7,54,126.6,150,,,,,,,,,,,,,,,,,127.1,150,127.2,100,,,,,,,,,,,,,,,,
2026-06-29T21:02:49.337100+00:00,2026-06-30T07:02:49.329100,2,2,126.9,0.4,126.7,54,126.6,150,,,,,,,,,,,,,,,,,127.1,109,127.2,100,,,,,,,,,,,,,,,,
2026-06-29T21:02:50.261170+00:00,2026-06-30T07:02:50.256118,2,2,126.9,0.4,126.7,59,126.6,150,,,,,,,,,,,,,,,,,127.1,109,127.2,100,,,,,,,,,,,,,,,,
2026-06-29T21:02:50.369910+00:00,2026-06-30T07:02:50.366858,1,1,126.95,0.5,126.7,59,,,,,,,,,,,,,,,,,,,127.2,100,,,,,,,,,,,,,,,,,,
2026-06-29T21:02:50.457466+00:00,2026-06-30T07:02:50.449466,2,1,127.0,0.4,126.8,150,126.7,59,,,,,,,,,,,,,,,,,127.2,100,,,,,,,,,,,,,,,,,,
2026-06-29T21:02:50.511888+00:00,2026-06-30T07:02:50.504825,2,2,127.0,0.4,126.8,150,126.7,59,,,,,,,,,,,,,,,,,127.2,100,127.3,150,,,,,,,,,,,,,,,,
2026-06-29T21:02:51.338483+00:00,2026-06-30T07:02:51.328043,2,2,127.0,0.4,126.8,100,126.7,59,,,,,,,,,,,,,,,,,127.2,100,127.3,150,,,,,,,,,,,,,,,,
2026-06-29T21:02:51.621870+00:00,2026-06-30T07:02:51.619869,2,1,127.05,0.5,126.8,100,126.7,5,,,,,,,,,,,,,,,,,127.3,150,,,,,,,,,,,,,,,,,,
2026-06-29T21:02:51.677238+00:00,2026-06-30T07:02:51.675238,3,1,127.05,0.5,126.8,100,126.7,5,126.6,100,,,,,,,,,,,,,,,127.3,150,,,,,,,,,,,,,,,,,,
2026-06-29T21:02:51.731163+00:00,2026-06-30T07:02:51.729155,3,2,126.95,0.3,126.8,100,126.7,5,126.6,100,,,,,,,,,,,,,,,127.1,100,127.3,150,,,,,,,,,,,,,,,,
2026-06-29T21:02:52.481747+00:00,2026-06-30T07:02:52.477737,3,2,126.95,0.3,126.8,55,126.7,5,126.6,100,,,,,,,,,,,,,,,127.1,100,127.3,150,,,,,,,,,,,,,,,,
2026-06-29T21:02:53.286155+00:00,2026-06-30T07:02:53.280155,3,2,126.95,0.3,126.8,55,126.7,2,126.6,100,,,,,,,,,,,,,,,127.1,100,127.3,150,,,,,,,,,,,,,,,,
2026-06-29T21:02:53.470043+00:00,2026-06-30T07:02:53.459979,3,2,126.95,0.3,126.8,5,126.7,2,126.6,100,,,,,,,,,,,,,,,127.1,100,127.3,150,,,,,,,,,,,,,,,,
2026-06-29T21:02:53.557576+00:00,2026-06-30T07:02:53.556547,3,1,126.95,0.3,126.8,5,126.7,2,126.6,100,,,,,,,,,,,,,,,127.1,100,,,,,,,,,,,,,,,,,,
2026-06-29T21:02:53.568173+00:00,2026-06-30T07:02:53.558614,2,1,126.9,0.4,126.7,2,126.6,100,,,,,,,,,,,,,,,,,127.1,100,,,,,,,,,,,,,,,,,,
2026-06-29T21:02:53.578752+00:00,2026-06-30T07:02:53.577191,2,1,126.9,0.4,126.7,2,126.6,100,,,,,,,,,,,,,,,,,127.1,53,,,,,,,,,,,,,,,,,,
2026-06-29T21:02:53.623063+00:00,2026-06-30T07:02:53.612001,3,1,126.9,0.4,126.7,2,126.6,100,126.2,150,,,,,,,,,,,,,,,127.1,53,,,,,,,,,,,,,,,,,,
2026-06-29T21:02:53.677405+00:00,2026-06-30T07:02:53.671379,2,2,126.65,0.1,126.6,100,126.2,150,,,,,,,,,,,,,,,,,126.7,148,127.1,53,,,,,,,,,,,,,,,,
2026-06-29T21:02:53.688007+00:00,2026-06-30T07:02:53.686443,2,2,126.65,0.1,126.6,100,126.2,150,,,,,,,,,,,,,,,,,126.7,123,127.1,53,,,,,,,,,,,,,,,,
2026-06-29T21:02:53.709668+00:00,2026-06-30T07:02:53.700605,2,2,126.65,0.1,126.6,100,126.2,150,,,,,,,,,,,,,,,,,126.7,98,127.1,53,,,,,,,,,,,,,,,,
2026-06-29T21:02:53.906456+00:00,2026-06-30T07:02:53.897378,2,2,126.65,0.1,126.6,100,126.2,150,,,,,,,,,,,,,,,,,126.7,73,127.1,53,,,,,,,,,,,,,,,,
2026-06-29T21:02:53.917519+00:00,2026-06-30T07:02:53.909519,2,2,126.65,0.1,126.6,100,126.2,150,,,,,,,,,,,,,,,,,126.7,48,127.1,53,,,,,,,,,,,,,,,,
2026-06-29T21:02:54.123923+00:00,2026-06-30T07:02:54.113042,2,2,126.65,0.1,126.6,100,126.2,150,,,,,,,,,,,,,,,,,126.7,31,127.1,53,,,,,,,,,,,,,,,,
2026-06-29T21:02:54.797959+00:00,2026-06-30T07:02:54.794398,1,1,126.45,0.5,126.2,150,,,,,,,,,,,,,,,,,,,126.7,31,,,,,,,,,,,,,,,,,,
2026-06-29T21:02:54.841768+00:00,2026-06-30T07:02:54.836705,2,1,126.55,0.3,126.4,100,126.2,150,,,,,,,,,,,,,,,,,126.7,31,,,,,,,,,,,,,,,,,,
2026-06-29T21:02:54.897080+00:00,2026-06-30T07:02:54.889080,2,2,126.55,0.3,126.4,100,126.2,150,,,,,,,,,,,,,,,,,126.7,31,126.9,100,,,,,,,,,,,,,,,,
2026-06-29T21:02:56.734378+00:00,2026-06-30T07:02:56.727368,1,1,126.65,0.5,126.4,100,,,,,,,,,,,,,,,,,,,126.9,100,,,,,,,,,,,,,,,,,,
2026-06-29T21:02:56.787776+00:00,2026-06-30T07:02:56.780749,2,1,126.85,0.1,126.8,150,126.4,100,,,,,,,,,,,,,,,,,126.9,100,,,,,,,,,,,,,,,,,,
2026-06-29T21:02:56.842152+00:00,2026-06-30T07:02:56.833089,2,2,126.85,0.1,126.8,150,126.4,100,,,,,,,,,,,,,,,,,126.9,100,127.3,150,,,,,,,,,,,,,,,,
2026-06-29T21:02:57.257386+00:00,2026-06-30T07:02:57.251386,2,2,126.85,0.1,126.8,150,126.4,100,,,,,,,,,,,,,,,,,126.9,59,127.3,150,,,,,,,,,,,,,,,,
2026-06-29T21:02:57.627371+00:00,2026-06-30T07:02:57.617427,2,2,126.85,0.1,126.8,150,126.4,100,,,,,,,,,,,,,,,,,126.9,9,127.3,150,,,,,,,,,,,,,,,,
2026-06-29T21:02:57.944080+00:00,2026-06-30T07:02:57.942080,2,1,127.05,0.5,126.8,150,126.4,100,,,,,,,,,,,,,,,,,127.3,150,,,,,,,,,,,,,,,,,,
2026-06-29T21:02:57.955142+00:00,2026-06-30T07:02:57.944080,1,1,127.05,0.5,126.8,150,,,,,,,,,,,,,,,,,,,127.3,150,,,,,,,,,,,,,,,,,,
2026-06-29T21:02:57.997435+00:00,2026-06-30T07:02:57.996388,2,1,127.1,0.4,126.9,100,126.8,150,,,,,,,,,,,,,,,,,127.3,150,,,,,,,,,,,,,,,,,,
2026-06-29T21:02:58.051792+00:00,2026-06-30T07:02:58.049792,2,2,127.1,0.4,126.9,100,126.8,150,,,,,,,,,,,,,,,,,127.3,150,127.4,100,,,,,,,,,,,,,,,,
2026-06-29T21:02:58.913912+00:00,2026-06-30T07:02:58.906846,3,2,127.1,0.4,126.9,100,126.8,150,126.7,5,,,,,,,,,,,,,,,127.3,150,127.4,100,,,,,,,,,,,,,,,,
2026-06-29T21:02:59.894314+00:00,2026-06-30T07:02:59.889305,2,1,127.15,0.5,126.9,100,126.7,5,,,,,,,,,,,,,,,,,127.4,100,,,,,,,,,,,,,,,,,,
2026-06-29T21:02:59.948272+00:00,2026-06-30T07:02:59.942081,3,1,127.15,0.5,126.9,100,126.7,5,126.5,150,,,,,,,,,,,,,,,127.4,100,,,,,,,,,,,,,,,,,,
2026-06-29T21:03:00.002671+00:00,2026-06-30T07:02:59.994609,3,2,126.95,0.1,126.9,100,126.7,5,126.5,150,,,,,,,,,,,,,,,127.0,150,127.4,100,,,,,,,,,,,,,,,,
2026-06-29T21:03:00.241812+00:00,2026-06-30T07:03:00.239812,3,2,126.95,0.1,126.9,100,126.7,4,126.5,150,,,,,,,,,,,,,,,127.0,150,127.4,100,,,,,,,,,,,,,,,,
2026-06-29T21:03:00.349879+00:00,2026-06-30T07:03:00.346824,3,2,126.95,0.1,126.9,100,126.7,3,126.5,150,,,,,,,,,,,,,,,127.0,150,127.4,100,,,,,,,,,,,,,,,,
2026-06-29T21:03:00.729744+00:00,2026-06-30T07:03:00.721685,3,2,126.95,0.1,126.9,100,126.7,2,126.5,150,,,,,,,,,,,,,,,127.0,150,127.4,100,,,,,,,,,,,,,,,,
2026-06-29T21:03:00.937333+00:00,2026-06-30T07:03:00.930333,3,2,126.95,0.1,126.9,50,126.7,2,126.5,150,,,,,,,,,,,,,,,127.0,150,127.4,100,,,,,,,,,,,,,,,,
2026-06-29T21:03:01.112346+00:00,2026-06-30T07:03:01.105299,2,1,126.85,0.3,126.7,2,126.5,150,,,,,,,,,,,,,,,,,127.0,150,,,,,,,,,,,,,,,,,,
2026-06-29T21:03:01.166645+00:00,2026-06-30T07:03:01.156597,2,1,126.85,0.3,126.7,2,126.5,250,,,,,,,,,,,,,,,,,127.0,150,,,,,,,,,,,,,,,,,,
2026-06-29T21:03:01.219947+00:00,2026-06-30T07:03:01.210900,2,1,126.85,0.3,126.7,2,126.5,250,,,,,,,,,,,,,,,,,127.0,250,,,,,,,,,,,,,,,,,,
2026-06-29T21:03:01.361958+00:00,2026-06-30T07:03:01.356894,1,1,126.75,0.5,126.5,203,,,,,,,,,,,,,,,,,,,127.0,250,,,,,,,,,,,,,,,,,,
2026-06-29T21:03:01.885245+00:00,2026-06-30T07:03:01.883245,1,1,126.75,0.5,126.5,153,,,,,,,,,,,,,,,,,,,127.0,250,,,,,,,,,,,,,,,,,,
2026-06-29T21:03:02.819829+00:00,2026-06-30T07:03:02.808903,1,1,126.75,0.5,126.5,153,,,,,,,,,,,,,,,,,,,127.0,202,,,,,,,,,,,,,,,,,,
2026-06-29T21:03:03.058892+00:00,2026-06-30T07:03:03.053332,1,1,126.75,0.5,126.5,100,,,,,,,,,,,,,,,,,,,127.0,100,,,,,,,,,,,,,,,,,,
2026-06-29T21:03:03.114219+00:00,2026-06-30T07:03:03.105156,1,1,126.75,0.5,126.5,250,,,,,,,,,,,,,,,,,,,127.0,100,,,,,,,,,,,,,,,,,,
2026-06-29T21:03:03.168636+00:00,2026-06-30T07:03:03.159075,1,1,126.75,0.5,126.5,250,,,,,,,,,,,,,,,,,,,127.0,250,,,,,,,,,,,,,,,,,,
2026-06-29T21:03:03.387578+00:00,2026-06-30T07:03:03.379579,1,1,126.75,0.5,126.5,250,,,,,,,,,,,,,,,,,,,127.0,206,,,,,,,,,,,,,,,,,,
2026-06-29T21:03:03.943979+00:00,2026-06-30T07:03:03.938979,1,1,126.75,0.5,126.5,250,,,,,,,,,,,,,,,,,,,127.0,156,,,,,,,,,,,,,,,,,,
2026-06-29T21:03:04.268687+00:00,2026-06-30T07:03:04.268173,1,1,126.75,0.5,126.5,150,,,,,,,,,,,,,,,,,,,127.0,150,,,,,,,,,,,,,,,,,,
2026-06-29T21:03:04.324018+00:00,2026-06-30T07:03:04.323010,1,1,126.75,0.5,126.5,150,,,,,,,,,,,,,,,,,,,127.0,50,,,,,,,,,,,,,,,,,,
2026-06-29T21:03:04.389009+00:00,2026-06-30T07:03:04.381440,1,2,126.75,0.5,126.5,150,,,,,,,,,,,,,,,,,,,127.0,50,127.5,100,,,,,,,,,,,,,,,,
2026-06-29T21:03:05.400101+00:00,2026-06-30T07:03:05.389233,1,2,126.75,0.5,126.5,101,,,,,,,,,,,,,,,,,,,127.0,50,127.5,100,,,,,,,,,,,,,,,,
2026-06-29T21:03:05.857730+00:00,2026-06-30T07:03:05.848170,2,2,126.85,0.3,126.7,5,126.5,101,,,,,,,,,,,,,,,,,127.0,50,127.5,100,,,,,,,,,,,,,,,,
2026-06-29T21:03:06.020809+00:00,2026-06-30T07:03:06.017799,2,2,126.85,0.3,126.7,5,126.5,101,,,,,,,,,,,,,,,,,127.0,6,127.5,100,,,,,,,,,,,,,,,,
2026-06-29T21:03:06.217643+00:00,2026-06-30T07:03:06.212642,1,1,127.1,0.8,126.7,5,,,,,,,,,,,,,,,,,,,127.5,100,,,,,,,,,,,,,,,,,,
2026-06-29T21:03:06.271048+00:00,2026-06-30T07:03:06.264985,2,1,127.15,0.7,126.8,150,126.7,5,,,,,,,,,,,,,,,,,127.5,100,,,,,,,,,,,,,,,,,,
2026-06-29T21:03:06.326356+00:00,2026-06-30T07:03:06.321356,2,2,127.05,0.5,126.8,150,126.7,5,,,,,,,,,,,,,,,,,127.3,150,127.5,100,,,,,,,,,,,,,,,,
2026-06-29T21:03:07.436250+00:00,2026-06-30T07:03:07.434250,2,1,127.05,0.5,126.8,150,126.7,5,,,,,,,,,,,,,,,,,127.3,150,,,,,,,,,,,,,,,,,,
2026-06-29T21:03:07.489686+00:00,2026-06-30T07:03:07.486623,2,1,127.05,0.5,126.8,150,126.7,105,,,,,,,,,,,,,,,,,127.3,150,,,,,,,,,,,,,,,,,,
2026-06-29T21:03:07.544655+00:00,2026-06-30T07:03:07.540655,2,2,127.0,0.4,126.8,150,126.7,103,,,,,,,,,,,,,,,,,127.2,100,127.3,150,,,,,,,,,,,,,,,,
2026-06-29T21:03:08.208195+00:00,2026-06-30T07:03:08.201636,2,2,127.0,0.4,126.8,100,126.7,103,,,,,,,,,,,,,,,,,127.2,100,127.3,150,,,,,,,,,,,,,,,,
2026-06-29T21:03:09.384157+00:00,2026-06-30T07:03:09.375109,1,1,126.95,0.5,126.7,103,,,,,,,,,,,,,,,,,,,127.2,100,,,,,,,,,,,,,,,,,,
2026-06-29T21:03:09.438455+00:00,2026-06-30T07:03:09.428041,2,1,126.95,0.5,126.7,103,126.6,150,,,,,,,,,,,,,,,,,127.2,100,,,,,,,,,,,,,,,,,,
2026-06-29T21:03:09.482213+00:00,2026-06-30T07:03:09.481213,2,2,126.9,0.4,126.7,103,126.6,150,,,,,,,,,,,,,,,,,127.1,150,127.2,100,,,,,,,,,,,,,,,,
2026-06-29T21:03:10.267219+00:00,2026-06-30T07:03:10.259219,2,2,126.9,0.4,126.7,103,126.6,150,,,,,,,,,,,,,,,,,127.1,100,127.2,100,,,,,,,,,,,,,,,,
2026-06-29T21:03:10.593925+00:00,2026-06-30T07:03:10.592925,2,1,126.9,0.4,126.7,103,126.6,150,,,,,,,,,,,,,,,,,127.1,100,,,,,,,,,,,,,,,,,,
2026-06-29T21:03:10.604988+00:00,2026-06-30T07:03:10.593925,2,1,126.9,0.4,126.7,3,126.6,150,,,,,,,,,,,,,,,,,127.1,100,,,,,,,,,,,,,,,,,,
2026-06-29T21:03:10.647814+00:00,2026-06-30T07:03:10.647300,3,1,127.0,0.2,126.9,100,126.7,3,126.6,150,,,,,,,,,,,,,,,127.1,100,,,,,,,,,,,,,,,,,,
2026-06-29T21:03:10.702179+00:00,2026-06-30T07:03:10.699178,3,2,127.0,0.2,126.9,100,126.7,3,126.6,150,,,,,,,,,,,,,,,127.1,100,127.4,100,,,,,,,,,,,,,,,,
2026-06-29T21:03:12.423203+00:00,2026-06-30T07:03:12.418203,3,2,127.0,0.2,126.9,50,126.7,3,126.6,150,,,,,,,,,,,,,,,127.1,100,127.4,100,,,,,,,,,,,,,,,,
2026-06-29T21:03:12.542010+00:00,2026-06-30T07:03:12.536946,2,1,127.15,0.5,126.9,50,126.7,3,,,,,,,,,,,,,,,,,127.4,100,,,,,,,,,,,,,,,,,,
2026-06-29T21:03:12.597339+00:00,2026-06-30T07:03:12.588339,3,1,127.2,0.4,127.0,150,126.9,50,126.7,3,,,,,,,,,,,,,,,127.4,100,,,,,,,,,,,,,,,,,,
2026-06-29T21:03:12.650756+00:00,2026-06-30T07:03:12.640693,3,2,127.2,0.4,127.0,150,126.9,50,126.7,3,,,,,,,,,,,,,,,127.4,100,127.5,150,,,,,,,,,,,,,,,,
2026-06-29T21:03:13.762303+00:00,2026-06-30T07:03:13.754231,2,1,127.25,0.5,127.0,150,126.7,3,,,,,,,,,,,,,,,,,127.5,150,,,,,,,,,,,,,,,,,,
2026-06-29T21:03:13.817617+00:00,2026-06-30T07:03:13.806554,3,1,127.25,0.5,127.0,150,126.9,100,126.7,3,,,,,,,,,,,,,,,127.5,150,,,,,,,,,,,,,,,,,,
2026-06-29T21:03:13.859968+00:00,2026-06-30T07:03:13.857958,3,2,127.2,0.4,127.0,150,126.9,100,126.7,3,,,,,,,,,,,,,,,127.4,100,127.5,150,,,,,,,,,,,,,,,,
2026-06-29T21:03:15.698429+00:00,2026-06-30T07:03:15.694869,2,1,127.15,0.5,126.9,100,126.7,3,,,,,,,,,,,,,,,,,127.4,100,,,,,,,,,,,,,,,,,,
2026-06-29T21:03:15.753296+00:00,2026-06-30T07:03:15.747286,3,1,127.2,0.4,127.0,150,126.9,100,126.7,3,,,,,,,,,,,,,,,127.4,100,,,,,,,,,,,,,,,,,,
