recv_time,book_timestamp,n_bids,n_asks,mid,spread,bid_px_0,bid_vol_0,bid_px_1,bid_vol_1,bid_px_2,bid_vol_2,bid_px_3,bid_vol_3,bid_px_4,bid_vol_4,bid_px_5,bid_vol_5,bid_px_6,bid_vol_6,bid_px_7,bid_vol_7,bid_px_8,bid_vol_8,bid_px_9,bid_vol_9,ask_px_0,ask_vol_0,ask_px_1,ask_vol_1,ask_px_2,ask_vol_2,ask_px_3,ask_vol_3,ask_px_4,ask_vol_4,ask_px_5,ask_vol_5,ask_px_6,ask_vol_6,ask_px_7,ask_vol_7,ask_px_8,ask_vol_8,ask_px_9,ask_vol_9
2026-07-05T02:00:00.424753+00:00,2026-07-05T02:00:00.378726,2,2,145.4,0.4,145.2,8,145.1,150,,,,,,,,,,,,,,,,,145.6,100,145.7,100,,,,,,,,,,,,,,,,
2026-07-05T02:00:00.792404+00:00,2026-07-05T02:00:00.792378,1,1,145.35,0.5,145.1,150,,,,,,,,,,,,,,,,,,,145.6,100,,,,,,,,,,,,,,,,,,
2026-07-05T02:00:00.865348+00:00,2026-07-05T02:00:00.873846,2,1,145.35,0.5,145.1,150,144.8,100,,,,,,,,,,,,,,,,,145.6,99,,,,,,,,,,,,,,,,,,
2026-07-05T02:00:00.896193+00:00,2026-07-05T02:00:00.893618,2,2,145.2,0.2,145.1,150,144.8,100,,,,,,,,,,,,,,,,,145.3,100,145.6,99,,,,,,,,,,,,,,,,
2026-07-05T02:00:02.000639+00:00,2026-07-05T02:00:02.000554,2,2,145.2,0.2,145.1,150,144.8,100,,,,,,,,,,,,,,,,,145.3,57,145.6,99,,,,,,,,,,,,,,,,
2026-07-05T02:00:02.036805+00:00,2026-07-05T02:00:02.036703,1,1,145.05,0.5,144.8,100,,,,,,,,,,,,,,,,,,,145.3,57,,,,,,,,,,,,,,,,,,
2026-07-05T02:00:02.091080+00:00,2026-07-05T02:00:02.091001,2,0,,,145.3,93,144.8,100,,,,,,,,,,,,,,,,,,,,,,,,,,,,,,,,,,,,
2026-07-05T02:00:02.147617+00:00,2026-07-05T02:00:02.147501,2,1,145.55,0.5,145.3,93,144.8,100,,,,,,,,,,,,,,,,,145.8,150,,,,,,,,,,,,,,,,,,
2026-07-05T02:00:02.546043+00:00,2026-07-05T02:00:02.545935,2,1,145.55,0.5,145.3,43,144.8,100,,,,,,,,,,,,,,,,,145.8,150,,,,,,,,,,,,,,,,,,
2026-07-05T02:00:02.584251+00:00,2026-07-05T02:00:02.584060,1,1,145.3,1.0,144.8,100,,,,,,,,,,,,,,,,,,,145.8,150,,,,,,,,,,,,,,,,,,
2026-07-05T02:00:02.895108+00:00,2026-07-05T02:00:02.894999,1,1,145.3,1.0,144.8,100,,,,,,,,,,,,,,,,,,,145.8,146,,,,,,,,,,,,,,,,,,
2026-07-05T02:00:03.905668+00:00,2026-07-05T02:00:03.905605,1,1,145.3,1.0,144.8,100,,,,,,,,,,,,,,,,,,,145.8,144,,,,,,,,,,,,,,,,,,
2026-07-05T02:00:03.958550+00:00,2026-07-05T02:00:03.952522,0,1,,,,,,,,,,,,,,,,,,,,,,,145.8,144,,,,,,,,,,,,,,,,,,
2026-07-05T02:00:04.007608+00:00,2026-07-05T02:00:04.007559,1,1,145.45,0.7,145.1,100,,,,,,,,,,,,,,,,,,,145.8,144,,,,,,,,,,,,,,,,,,
2026-07-05T02:00:04.064227+00:00,2026-07-05T02:00:04.064131,1,2,145.35,0.5,145.1,100,,,,,,,,,,,,,,,,,,,145.6,100,145.8,144,,,,,,,,,,,,,,,,
2026-07-05T02:00:04.604888+00:00,2026-07-05T02:00:04.604773,1,2,145.35,0.5,145.1,100,,,,,,,,,,,,,,,,,,,145.6,50,145.8,144,,,,,,,,,,,,,,,,
2026-07-05T02:00:05.201758+00:00,2026-07-05T02:00:05.201657,1,1,145.35,0.5,145.1,100,,,,,,,,,,,,,,,,,,,145.6,50,,,,,,,,,,,,,,,,,,
2026-07-05T02:00:05.262944+00:00,2026-07-05T02:00:05.250200,2,1,145.35,0.5,145.1,100,144.8,150,,,,,,,,,,,,,,,,,145.6,50,,,,,,,,,,,,,,,,,,
2026-07-05T02:00:05.309721+00:00,2026-07-05T02:00:05.309646,2,2,145.2,0.2,145.1,100,144.8,150,,,,,,,,,,,,,,,,,145.3,150,145.6,50,,,,,,,,,,,,,,,,
2026-07-05T02:00:07.119059+00:00,2026-07-05T02:00:07.119192,1,1,145.05,0.5,144.8,150,,,,,,,,,,,,,,,,,,,145.3,150,,,,,,,,,,,,,,,,,,
2026-07-05T02:00:07.174278+00:00,2026-07-05T02:00:07.174408,2,1,145.2,0.2,145.1,100,144.8,150,,,,,,,,,,,,,,,,,145.3,150,,,,,,,,,,,,,,,,,,
2026-07-05T02:00:07.228393+00:00,2026-07-05T02:00:07.228333,2,2,145.2,0.2,145.1,100,144.8,150,,,,,,,,,,,,,,,,,145.3,150,145.6,100,,,,,,,,,,,,,,,,
2026-07-05T02:00:08.365008+00:00,2026-07-05T02:00:08.364933,1,1,145.35,0.5,145.1,100,,,,,,,,,,,,,,,,,,,145.6,100,,,,,,,,,,,,,,,,,,
2026-07-05T02:00:08.417735+00:00,2026-07-05T02:00:08.417619,2,1,145.35,0.5,145.1,100,144.7,150,,,,,,,,,,,,,,,,,145.6,100,,,,,,,,,,,,,,,,,,
2026-07-05T02:00:08.469149+00:00,2026-07-05T02:00:08.469025,2,2,145.15,0.1,145.1,100,144.7,150,,,,,,,,,,,,,,,,,145.2,150,145.6,100,,,,,,,,,,,,,,,,
2026-07-05T02:00:08.891873+00:00,2026-07-05T02:00:08.891771,2,2,145.15,0.1,145.1,50,144.7,150,,,,,,,,,,,,,,,,,145.2,150,145.6,100,,,,,,,,,,,,,,,,
2026-07-05T02:00:09.140785+00:00,2026-07-05T02:00:09.140717,2,2,145.15,0.1,145.1,50,144.7,150,,,,,,,,,,,,,,,,,145.2,107,145.6,100,,,,,,,,,,,,,,,,
2026-07-05T02:00:10.284112+00:00,2026-07-05T02:00:10.284045,1,1,144.95,0.5,144.7,150,,,,,,,,,,,,,,,,,,,145.2,107,,,,,,,,,,,,,,,,,,
2026-07-05T02:00:10.338896+00:00,2026-07-05T02:00:10.339025,2,1,145.15,0.1,145.1,100,144.7,150,,,,,,,,,,,,,,,,,145.2,107,,,,,,,,,,,,,,,,,,
2026-07-05T02:00:10.392722+00:00,2026-07-05T02:00:10.392632,2,2,145.15,0.1,145.1,100,144.7,150,,,,,,,,,,,,,,,,,145.2,107,145.6,100,,,,,,,,,,,,,,,,
2026-07-05T02:00:10.551702+00:00,2026-07-05T02:00:10.551543,2,2,145.15,0.1,145.1,54,144.7,150,,,,,,,,,,,,,,,,,145.2,107,145.6,100,,,,,,,,,,,,,,,,
2026-07-05T02:00:10.947108+00:00,2026-07-05T02:00:10.947272,2,2,145.15,0.1,145.1,54,144.7,150,,,,,,,,,,,,,,,,,145.2,57,145.6,100,,,,,,,,,,,,,,,,
2026-07-05T02:00:11.525572+00:00,2026-07-05T02:00:11.525479,1,1,145.35,0.5,145.1,54,,,,,,,,,,,,,,,,,,,145.6,100,,,,,,,,,,,,,,,,,,
2026-07-05T02:00:11.580589+00:00,2026-07-05T02:00:11.580546,2,1,145.45,0.3,145.3,150,145.1,54,,,,,,,,,,,,,,,,,145.6,100,,,,,,,,,,,,,,,,,,
2026-07-05T02:00:11.585812+00:00,2026-07-05T02:00:11.585767,2,1,145.45,0.3,145.3,150,145.1,54,,,,,,,,,,,,,,,,,145.6,60,,,,,,,,,,,,,,,,,,
2026-07-05T02:00:11.658678+00:00,2026-07-05T02:00:11.626241,2,2,145.45,0.3,145.3,150,145.1,54,,,,,,,,,,,,,,,,,145.6,60,145.8,150,,,,,,,,,,,,,,,,
2026-07-05T02:00:11.919281+00:00,2026-07-05T02:00:11.919236,2,2,145.45,0.3,145.3,147,145.1,54,,,,,,,,,,,,,,,,,145.6,60,145.8,150,,,,,,,,,,,,,,,,
2026-07-05T02:00:12.928114+00:00,2026-07-05T02:00:12.922890,2,2,145.45,0.3,145.3,146,145.1,54,,,,,,,,,,,,,,,,,145.6,60,145.8,150,,,,,,,,,,,,,,,,
2026-07-05T02:00:13.108905+00:00,2026-07-05T02:00:13.109035,2,2,145.45,0.3,145.3,96,145.1,54,,,,,,,,,,,,,,,,,145.6,60,145.8,150,,,,,,,,,,,,,,,,
2026-07-05T02:00:13.458628+00:00,2026-07-05T02:00:13.448075,1,1,145.55,0.5,145.3,96,,,,,,,,,,,,,,,,,,,145.8,150,,,,,,,,,,,,,,,,,,
2026-07-05T02:00:13.502927+00:00,2026-07-05T02:00:13.502855,2,1,145.55,0.5,145.3,96,145.1,100,,,,,,,,,,,,,,,,,145.8,150,,,,,,,,,,,,,,,,,,
2026-07-05T02:00:13.558562+00:00,2026-07-05T02:00:13.557571,2,2,145.45,0.3,145.3,96,145.1,100,,,,,,,,,,,,,,,,,145.6,100,145.8,150,,,,,,,,,,,,,,,,
2026-07-05T02:00:13.612017+00:00,2026-07-05T02:00:13.612211,2,2,145.45,0.3,145.3,96,145.1,100,,,,,,,,,,,,,,,,,145.6,52,145.8,150,,,,,,,,,,,,,,,,
2026-07-05T02:00:13.942630+00:00,2026-07-05T02:00:13.942499,2,2,145.45,0.3,145.3,95,145.1,100,,,,,,,,,,,,,,,,,145.6,52,145.8,150,,,,,,,,,,,,,,,,
2026-07-05T02:00:14.689514+00:00,2026-07-05T02:00:14.689645,1,1,145.35,0.5,145.1,100,,,,,,,,,,,,,,,,,,,145.6,52,,,,,,,,,,,,,,,,,,
2026-07-05T02:00:14.743660+00:00,2026-07-05T02:00:14.743624,2,1,145.35,0.5,145.1,100,144.8,150,,,,,,,,,,,,,,,,,145.6,52,,,,,,,,,,,,,,,,,,
2026-07-05T02:00:14.797223+00:00,2026-07-05T02:00:14.797076,2,2,145.2,0.2,145.1,100,144.8,150,,,,,,,,,,,,,,,,,145.3,150,145.6,52,,,,,,,,,,,,,,,,
2026-07-05T02:00:15.158643+00:00,2026-07-05T02:00:15.156785,2,2,145.2,0.2,145.1,100,144.8,150,,,,,,,,,,,,,,,,,145.3,100,145.6,52,,,,,,,,,,,,,,,,
2026-07-05T02:00:16.620026+00:00,2026-07-05T02:00:16.620192,1,1,145.05,0.5,144.8,150,,,,,,,,,,,,,,,,,,,145.3,100,,,,,,,,,,,,,,,,,,
2026-07-05T02:00:16.672096+00:00,2026-07-05T02:00:16.672008,2,1,145.2,0.2,145.1,100,144.8,150,,,,,,,,,,,,,,,,,145.3,100,,,,,,,,,,,,,,,,,,
2026-07-05T02:00:16.723712+00:00,2026-07-05T02:00:16.723865,2,2,145.2,0.2,145.1,100,144.8,150,,,,,,,,,,,,,,,,,145.3,100,145.6,100,,,,,,,,,,,,,,,,
2026-07-05T02:00:17.332762+00:00,2026-07-05T02:00:17.332631,2,2,145.2,0.2,145.1,50,144.8,150,,,,,,,,,,,,,,,,,145.3,100,145.6,100,,,,,,,,,,,,,,,,
2026-07-05T02:00:17.849375+00:00,2026-07-05T02:00:17.849262,1,1,145.35,0.5,145.1,50,,,,,,,,,,,,,,,,,,,145.6,100,,,,,,,,,,,,,,,,,,
2026-07-05T02:00:17.907364+00:00,2026-07-05T02:00:17.907266,1,1,145.35,0.5,145.1,200,,,,,,,,,,,,,,,,,,,145.6,100,,,,,,,,,,,,,,,,,,
2026-07-05T02:00:17.958590+00:00,2026-07-05T02:00:17.950732,1,1,145.35,0.5,145.1,200,,,,,,,,,,,,,,,,,,,145.6,250,,,,,,,,,,,,,,,,,,
2026-07-05T02:00:19.437205+00:00,2026-07-05T02:00:19.437160,1,1,145.35,0.5,145.1,150,,,,,,,,,,,,,,,,,,,145.6,250,,,,,,,,,,,,,,,,,,
2026-07-05T02:00:19.782081+00:00,2026-07-05T02:00:19.781986,1,1,145.35,0.5,145.1,150,,,,,,,,,,,,,,,,,,,145.6,150,,,,,,,,,,,,,,,,,,
2026-07-05T02:00:19.835130+00:00,2026-07-05T02:00:19.835099,2,1,145.35,0.5,145.1,150,144.9,100,,,,,,,,,,,,,,,,,145.6,150,,,,,,,,,,,,,,,,,,
2026-07-05T02:00:19.888680+00:00,2026-07-05T02:00:19.888581,2,2,145.25,0.3,145.1,150,144.9,100,,,,,,,,,,,,,,,,,145.4,100,145.6,150,,,,,,,,,,,,,,,,
2026-07-05T02:00:21.014021+00:00,2026-07-05T02:00:21.013917,1,1,145.15,0.5,144.9,100,,,,,,,,,,,,,,,,,,,145.4,100,,,,,,,,,,,,,,,,,,
2026-07-05T02:00:21.068138+00:00,2026-07-05T02:00:21.068000,2,1,145.2,0.4,145.0,150,144.9,100,,,,,,,,,,,,,,,,,145.4,100,,,,,,,,,,,,,,,,,,
2026-07-05T02:00:21.120712+00:00,2026-07-05T02:00:21.120486,2,2,145.2,0.4,145.0,150,144.9,100,,,,,,,,,,,,,,,,,145.4,100,145.5,150,,,,,,,,,,,,,,,,
2026-07-05T02:00:21.544753+00:00,2026-07-05T02:00:21.544916,2,2,145.2,0.4,145.0,100,144.9,100,,,,,,,,,,,,,,,,,145.4,100,145.5,150,,,,,,,,,,,,,,,,
2026-07-05T02:00:21.741417+00:00,2026-07-05T02:00:21.741309,2,2,145.2,0.4,145.0,55,144.9,100,,,,,,,,,,,,,,,,,145.4,100,145.5,150,,,,,,,,,,,,,,,,
2026-07-05T02:00:22.293589+00:00,2026-07-05T02:00:22.293479,2,2,145.2,0.4,145.0,55,144.9,100,,,,,,,,,,,,,,,,,145.4,55,145.5,150,,,,,,,,,,,,,,,,
2026-07-05T02:00:22.942375+00:00,2026-07-05T02:00:22.942511,1,1,145.25,0.5,145.0,55,,,,,,,,,,,,,,,,,,,145.5,150,,,,,,,,,,,,,,,,,,
2026-07-05T02:00:22.998006+00:00,2026-07-05T02:00:22.997962,2,1,145.25,0.5,145.0,55,144.9,100,,,,,,,,,,,,,,,,,145.5,150,,,,,,,,,,,,,,,,,,
2026-07-05T02:00:23.058578+00:00,2026-07-05T02:00:23.050562,2,2,145.2,0.4,145.0,55,144.9,100,,,,,,,,,,,,,,,,,145.4,100,145.5,150,,,,,,,,,,,,,,,,
2026-07-05T02:00:23.658606+00:00,2026-07-05T02:00:23.649624,2,2,145.2,0.4,145.0,5,144.9,100,,,,,,,,,,,,,,,,,145.4,100,145.5,150,,,,,,,,,,,,,,,,
2026-07-05T02:00:24.175299+00:00,2026-07-05T02:00:24.175648,1,1,145.15,0.5,144.9,100,,,,,,,,,,,,,,,,,,,145.4,100,,,,,,,,,,,,,,,,,,
2026-07-05T02:00:24.229821+00:00,2026-07-05T02:00:24.229651,2,1,145.15,0.5,144.9,100,144.4,150,,,,,,,,,,,,,,,,,145.4,100,,,,,,,,,,,,,,,,,,
2026-07-05T02:00:24.283045+00:00,2026-07-05T02:00:24.282874,1,2,144.65,0.5,144.4,150,,,,,,,,,,,,,,,,,,,144.9,50,145.4,100,,,,,,,,,,,,,,,,
2026-07-05T02:00:24.705223+00:00,2026-07-05T02:00:24.705360,1,2,144.65,0.5,144.4,150,,,,,,,,,,,,,,,,,,,144.9,25,145.4,100,,,,,,,,,,,,,,,,
2026-07-05T02:00:24.887870+00:00,2026-07-05T02:00:24.887811,1,1,144.9,1.0,144.4,150,,,,,,,,,,,,,,,,,,,145.4,100,,,,,,,,,,,,,,,,,,
2026-07-05T02:00:24.958592+00:00,2026-07-05T02:00:24.956594,1,1,144.9,1.0,144.4,149,,,,,,,,,,,,,,,,,,,145.4,100,,,,,,,,,,,,,,,,,,
2026-07-05T02:00:25.784511+00:00,2026-07-05T02:00:25.784353,1,1,144.9,1.0,144.4,99,,,,,,,,,,,,,,,,,,,145.4,100,,,,,,,,,,,,,,,,,,
2026-07-05T02:00:25.976738+00:00,2026-07-05T02:00:25.976637,1,1,144.9,1.0,144.4,95,,,,,,,,,,,,,,,,,,,145.4,100,,,,,,,,,,,,,,,,,,
2026-07-05T02:00:26.105959+00:00,2026-07-05T02:00:26.105923,1,0,,,144.4,95,,,,,,,,,,,,,,,,,,,,,,,,,,,,,,,,,,,,,,
2026-07-05T02:00:26.159012+00:00,2026-07-05T02:00:26.158957,2,0,,,144.5,100,144.4,95,,,,,,,,,,,,,,,,,,,,,,,,,,,,,,,,,,,,
2026-07-05T02:00:26.211059+00:00,2026-07-05T02:00:26.211006,2,1,144.75,0.5,144.5,100,144.4,95,,,,,,,,,,,,,,,,,145.0,100,,,,,,,,,,,,,,,,,,
2026-07-05T02:00:26.444304+00:00,2026-07-05T02:00:26.444160,2,1,144.75,0.5,144.5,58,144.4,95,,,,,,,,,,,,,,,,,145.0,100,,,,,,,,,,,,,,,,,,
2026-07-05T02:00:26.921256+00:00,2026-07-05T02:00:26.921379,2,1,144.75,0.5,144.5,14,144.4,95,,,,,,,,,,,,,,,,,145.0,100,,,,,,,,,,,,,,,,,,
2026-07-05T02:00:27.340398+00:00,2026-07-05T02:00:27.340319,1,1,144.75,0.5,144.5,14,,,,,,,,,,,,,,,,,,,145.0,100,,,,,,,,,,,,,,,,,,
2026-07-05T02:00:27.379095+00:00,2026-07-05T02:00:27.379289,1,1,144.75,0.5,144.5,14,,,,,,,,,,,,,,,,,,,145.0,51,,,,,,,,,,,,,,,,,,
2026-07-05T02:00:27.394137+00:00,2026-07-05T02:00:27.394034,2,1,144.8,0.4,144.6,150,144.5,14,,,,,,,,,,,,,,,,,145.0,51,,,,,,,,,,,,,,,,,,
2026-07-05T02:00:27.458584+00:00,2026-07-05T02:00:27.446614,2,2,144.8,0.4,144.6,150,144.5,14,,,,,,,,,,,,,,,,,145.0,51,145.1,150,,,,,,,,,,,,,,,,
2026-07-05T02:00:27.891866+00:00,2026-07-05T02:00:27.891805,2,2,144.8,0.4,144.6,100,144.5,14,,,,,,,,,,,,,,,,,145.0,51,145.1,150,,,,,,,,,,,,,,,,
2026-07-05T02:00:29.268930+00:00,2026-07-05T02:00:29.268883,1,1,144.85,0.5,144.6,100,,,,,,,,,,,,,,,,,,,145.1,150,,,,,,,,,,,,,,,,,,
2026-07-05T02:00:29.320817+00:00,2026-07-05T02:00:29.320725,2,1,144.85,0.5,144.6,100,144.3,100,,,,,,,,,,,,,,,,,145.1,150,,,,,,,,,,,,,,,,,,
2026-07-05T02:00:29.373692+00:00,2026-07-05T02:00:29.373609,2,2,144.7,0.2,144.6,100,144.3,100,,,,,,,,,,,,,,,,,144.8,100,145.1,150,,,,,,,,,,,,,,,,
2026-07-05T02:00:29.564001+00:00,2026-07-05T02:00:29.563916,2,2,144.7,0.2,144.6,59,144.3,100,,,,,,,,,,,,,,,,,144.8,100,145.1,150,,,,,,,,,,,,,,,,
2026-07-05T02:00:29.719926+00:00,2026-07-05T02:00:29.720075,2,2,144.7,0.2,144.6,59,144.3,100,,,,,,,,,,,,,,,,,144.8,80,145.1,150,,,,,,,,,,,,,,,,
2026-07-05T02:00:30.004989+00:00,2026-07-05T02:00:30.004786,2,2,144.7,0.2,144.6,59,144.3,100,,,,,,,,,,,,,,,,,144.8,79,145.1,150,,,,,,,,,,,,,,,,
2026-07-05T02:00:30.106608+00:00,2026-07-05T02:00:30.106498,2,2,144.7,0.2,144.6,59,144.3,100,,,,,,,,,,,,,,,,,144.8,33,145.1,150,,,,,,,,,,,,,,,,
2026-07-05T02:00:30.500643+00:00,2026-07-05T02:00:30.500591,1,1,144.55,0.5,144.3,100,,,,,,,,,,,,,,,,,,,144.8,33,,,,,,,,,,,,,,,,,,
2026-07-05T02:00:30.565916+00:00,2026-07-05T02:00:30.554811,2,1,144.55,0.5,144.3,100,144.1,150,,,,,,,,,,,,,,,,,144.8,33,,,,,,,,,,,,,,,,,,
2026-07-05T02:00:30.618576+00:00,2026-07-05T02:00:30.618442,2,2,144.45,0.3,144.3,100,144.1,150,,,,,,,,,,,,,,,,,144.6,150,144.8,33,,,,,,,,,,,,,,,,
2026-07-05T02:00:30.678178+00:00,2026-07-05T02:00:30.678060,2,2,144.45,0.3,144.3,54,144.1,150,,,,,,,,,,,,,,,,,144.6,150,144.8,33,,,,,,,,,,,,,,,,
2026-07-05T02:00:32.427654+00:00,2026-07-05T02:00:32.427531,1,1,144.35,0.5,144.1,150,,,,,,,,,,,,,,,,,,,144.6,150,,,,,,,,,,,,,,,,,,
2026-07-05T02:00:32.482471+00:00,2026-07-05T02:00:32.482361,2,1,144.4,0.4,144.2,100,144.1,150,,,,,,,,,,,,,,,,,144.6,150,,,,,,,,,,,,,,,,,,
2026-07-05T02:00:32.538079+00:00,2026-07-05T02:00:32.537955,2,2,144.4,0.4,144.2,100,144.1,150,,,,,,,,,,,,,,,,,144.6,150,144.7,100,,,,,,,,,,,,,,,,
2026-07-05T02:00:32.880169+00:00,2026-07-05T02:00:32.873648,2,2,144.4,0.4,144.2,100,144.1,150,,,,,,,,,,,,,,,,,144.6,147,144.7,100,,,,,,,,,,,,,,,,
2026-07-05T02:00:33.017665+00:00,2026-07-05T02:00:33.017548,2,2,144.4,0.4,144.2,100,144.1,150,,,,,,,,,,,,,,,,,144.6,146,144.7,100,,,,,,,,,,,,,,,,
2026-07-05T02:00:33.670463+00:00,2026-07-05T02:00:33.670420,1,1,144.45,0.5,144.2,100,,,,,,,,,,,,,,,,,,,144.7,100,,,,,,,,,,,,,,,,,,
2026-07-05T02:00:33.726656+00:00,2026-07-05T02:00:33.726616,1,1,144.45,0.5,144.2,250,,,,,,,,,,,,,,,,,,,144.7,100,,,,,,,,,,,,,,,,,,
2026-07-05T02:00:33.778858+00:00,2026-07-05T02:00:33.778743,1,1,144.45,0.5,144.2,250,,,,,,,,,,,,,,,,,,,144.7,250,,,,,,,,,,,,,,,,,,
2026-07-05T02:00:35.592322+00:00,2026-07-05T02:00:35.592521,1,1,144.45,0.5,144.2,150,,,,,,,,,,,,,,,,,,,144.7,150,,,,,,,,,,,,,,,,,,
2026-07-05T02:00:35.648309+00:00,2026-07-05T02:00:35.648457,2,1,144.5,0.4,144.3,100,144.2,150,,,,,,,,,,,,,,,,,144.7,150,,,,,,,,,,,,,,,,,,
2026-07-05T02:00:35.701840+00:00,2026-07-05T02:00:35.701784,2,2,144.5,0.4,144.3,100,144.2,150,,,,,,,,,,,,,,,,,144.7,150,144.8,100,,,,,,,,,,,,,,,,
2026-07-05T02:00:36.371199+00:00,2026-07-05T02:00:36.371124,2,2,144.5,0.4,144.3,50,144.2,150,,,,,,,,,,,,,,,,,144.7,150,144.8,100,,,,,,,,,,,,,,,,
2026-07-05T02:00:36.832828+00:00,2026-07-05T02:00:36.832770,1,1,144.55,0.5,144.3,50,,,,,,,,,,,,,,,,,,,144.8,100,,,,,,,,,,,,,,,,,,
2026-07-05T02:00:36.886852+00:00,2026-07-05T02:00:36.886731,2,1,144.55,0.5,144.3,50,144.2,150,,,,,,,,,,,,,,,,,144.8,100,,,,,,,,,,,,,,,,,,
2026-07-05T02:00:36.936814+00:00,2026-07-05T02:00:36.936759,2,2,144.5,0.4,144.3,50,144.2,150,,,,,,,,,,,,,,,,,144.7,150,144.8,100,,,,,,,,,,,,,,,,
2026-07-05T02:00:38.478634+00:00,2026-07-05T02:00:38.478482,1,2,144.45,0.5,144.2,150,,,,,,,,,,,,,,,,,,,144.7,150,144.8,100,,,,,,,,,,,,,,,,
2026-07-05T02:00:38.758631+00:00,2026-07-05T02:00:38.756026,1,1,144.45,0.5,144.2,150,,,,,,,,,,,,,,,,,,,144.7,150,,,,,,,,,,,,,,,,,,
2026-07-05T02:00:38.790754+00:00,2026-07-05T02:00:38.790714,1,1,144.45,0.5,144.2,150,,,,,,,,,,,,,,,,,,,144.7,109,,,,,,,,,,,,,,,,,,
2026-07-05T02:00:38.809426+00:00,2026-07-05T02:00:38.809312,2,1,144.45,0.5,144.2,150,143.9,100,,,,,,,,,,,,,,,,,144.7,109,,,,,,,,,,,,,,,,,,
2026-07-05T02:00:38.858589+00:00,2026-07-05T02:00:38.857262,2,2,144.3,0.2,144.2,150,143.9,100,,,,,,,,,,,,,,,,,144.4,100,144.7,109,,,,,,,,,,,,,,,,
2026-07-05T02:00:39.035610+00:00,2026-07-05T02:00:39.035548,2,2,144.3,0.2,144.2,150,143.9,100,,,,,,,,,,,,,,,,,144.4,99,144.7,109,,,,,,,,,,,,,,,,
2026-07-05T02:00:39.458629+00:00,2026-07-05T02:00:39.444650,2,2,144.3,0.2,144.2,110,143.9,100,,,,,,,,,,,,,,,,,144.4,99,144.7,109,,,,,,,,,,,,,,,,
2026-07-05T02:00:39.991480+00:00,2026-07-05T02:00:39.991438,2,1,144.3,0.2,144.2,110,143.9,100,,,,,,,,,,,,,,,,,144.4,99,,,,,,,,,,,,,,,,,,
2026-07-05T02:00:39.996749+00:00,2026-07-05T02:00:39.996626,1,1,144.15,0.5,143.9,100,,,,,,,,,,,,,,,,,,,144.4,99,,,,,,,,,,,,,,,,,,
2026-07-05T02:00:40.049113+00:00,2026-07-05T02:00:40.048990,2,1,144.25,0.3,144.1,150,143.9,100,,,,,,,,,,,,,,,,,144.4,99,,,,,,,,,,,,,,,,,,
2026-07-05T02:00:40.076241+00:00,2026-07-05T02:00:40.076114,2,1,144.25,0.3,144.1,150,143.9,100,,,,,,,,,,,,,,,,,144.4,55,,,,,,,,,,,,,,,,,,
2026-07-05T02:00:40.099630+00:00,2026-07-05T02:00:40.099522,2,2,144.25,0.3,144.1,150,143.9,100,,,,,,,,,,,,,,,,,144.4,55,144.6,150,,,,,,,,,,,,,,,,
2026-07-05T02:00:40.718321+00:00,2026-07-05T02:00:40.718196,2,2,144.25,0.3,144.1,103,143.9,100,,,,,,,,,,,,,,,,,144.4,55,144.6,150,,,,,,,,,,,,,,,,
2026-07-05T02:00:41.917130+00:00,2026-07-05T02:00:41.917010,1,1,144.35,0.5,144.1,103,,,,,,,,,,,,,,,,,,,144.6,150,,,,,,,,,,,,,,,,,,
2026-07-05T02:00:41.971473+00:00,2026-07-05T02:00:41.971385,1,1,144.35,0.5,144.1,203,,,,,,,,,,,,,,,,,,,144.6,150,,,,,,,,,,,,,,,,,,
2026-07-05T02:00:42.024021+00:00,2026-07-05T02:00:42.024165,1,1,144.35,0.5,144.1,203,,,,,,,,,,,,,,,,,,,144.6,250,,,,,,,,,,,,,,,,,,
2026-07-05T02:00:42.636644+00:00,2026-07-05T02:00:42.636595,1,1,144.35,0.5,144.1,203,,,,,,,,,,,,,,,,,,,144.6,200,,,,,,,,,,,,,,,,,,
2026-07-05T02:00:43.158576+00:00,2026-07-05T02:00:43.154129,1,1,144.35,0.5,144.1,100,,,,,,,,,,,,,,,,,,,144.6,100,,,,,,,,,,,,,,,,,,
2026-07-05T02:00:43.209074+00:00,2026-07-05T02:00:43.209038,2,1,144.35,0.5,144.1,100,144.0,150,,,,,,,,,,,,,,,,,144.6,100,,,,,,,,,,,,,,,,,,
2026-07-05T02:00:43.260085+00:00,2026-07-05T02:00:43.259961,2,2,144.3,0.4,144.1,100,144.0,150,,,,,,,,,,,,,,,,,144.5,150,144.6,100,,,,,,,,,,,,,,,,
2026-07-05T02:00:44.744445+00:00,2026-07-05T02:00:44.744358,2,2,144.3,0.4,144.1,100,144.0,150,,,,,,,,,,,,,,,,,144.5,100,144.6,100,,,,,,,,,,,,,,,,
2026-07-05T02:00:45.078191+00:00,2026-07-05T02:00:45.078407,1,1,144.25,0.5,144.0,150,,,,,,,,,,,,,,,,,,,144.5,100,,,,,,,,,,,,,,,,,,
2026-07-05T02:00:45.133989+00:00,2026-07-05T02:00:45.133872,2,1,144.25,0.5,144.0,150,143.9,100,,,,,,,,,,,,,,,,,144.5,100,,,,,,,,,,,,,,,,,,
2026-07-05T02:00:45.184996+00:00,2026-07-05T02:00:45.184880,2,2,144.2,0.4,144.0,150,143.9,100,,,,,,,,,,,,,,,,,144.4,100,144.5,100,,,,,,,,,,,,,,,,
2026-07-05T02:00:46.313542+00:00,2026-07-05T02:00:46.313472,1,1,144.15,0.5,143.9,100,,,,,,,,,,,,,,,,,,,144.4,100,,,,,,,,,,,,,,,,,,
2026-07-05T02:00:46.369928+00:00,2026-07-05T02:00:46.369831,2,1,144.3,0.2,144.2,150,143.9,100,,,,,,,,,,,,,,,,,144.4,100,,,,,,,,,,,,,,,,,,
2026-07-05T02:00:46.420115+00:00,2026-07-05T02:00:46.419967,2,2,144.3,0.2,144.2,150,143.9,100,,,,,,,,,,,,,,,,,144.4,100,144.7,150,,,,,,,,,,,,,,,,
2026-07-05T02:00:46.849929+00:00,2026-07-05T02:00:46.849847,2,2,144.3,0.2,144.2,150,143.9,100,,,,,,,,,,,,,,,,,144.4,50,144.7,150,,,,,,,,,,,,,,,,
2026-07-05T02:00:48.244208+00:00,2026-07-05T02:00:48.244122,1,1,144.45,0.5,144.2,150,,,,,,,,,,,,,,,,,,,144.7,150,,,,,,,,,,,,,,,,,,
2026-07-05T02:00:48.300753+00:00,2026-07-05T02:00:48.300660,2,1,144.45,0.5,144.2,150,144.0,100,,,,,,,,,,,,,,,,,144.7,150,,,,,,,,,,,,,,,,,,
2026-07-05T02:00:48.354270+00:00,2026-07-05T02:00:48.354148,2,2,144.35,0.3,144.2,150,144.0,100,,,,,,,,,,,,,,,,,144.5,100,144.7,150,,,,,,,,,,,,,,,,
2026-07-05T02:00:48.683891+00:00,2026-07-05T02:00:48.683820,2,2,144.35,0.3,144.2,150,144.0,100,,,,,,,,,,,,,,,,,144.5,54,144.7,150,,,,,,,,,,,,,,,,
2026-07-05T02:00:48.958572+00:00,2026-07-05T02:00:48.954259,2,2,144.35,0.3,144.2,150,144.0,100,,,,,,,,,,,,,,,,,144.5,4,144.7,150,,,,,,,,,,,,,,,,
2026-07-05T02:00:49.474353+00:00,2026-07-05T02:00:49.474327,1,1,144.25,0.5,144.0,100,,,,,,,,,,,,,,,,,,,144.5,4,,,,,,,,,,,,,,,,,,
2026-07-05T02:00:49.531607+00:00,2026-07-05T02:00:49.531451,1,1,144.25,0.5,144.0,250,,,,,,,,,,,,,,,,,,,144.5,4,,,,,,,,,,,,,,,,,,
2026-07-05T02:00:49.583555+00:00,2026-07-05T02:00:49.583443,1,1,144.25,0.5,144.0,250,,,,,,,,,,,,,,,,,,,144.5,154,,,,,,,,,,,,,,,,,,
2026-07-05T02:00:51.067184+00:00,2026-07-05T02:00:51.067353,1,1,144.25,0.5,144.0,250,,,,,,,,,,,,,,,,,,,144.5,104,,,,,,,,,,,,,,,,,,
2026-07-05T02:00:51.409462+00:00,2026-07-05T02:00:51.409404,1,1,144.25,0.5,144.0,150,,,,,,,,,,,,,,,,,,,144.5,104,,,,,,,,,,,,,,,,,,
2026-07-05T02:00:51.463871+00:00,2026-07-05T02:00:51.463815,2,1,144.3,0.4,144.1,100,144.0,150,,,,,,,,,,,,,,,,,144.5,104,,,,,,,,,,,,,,,,,,
2026-07-05T02:00:51.515562+00:00,2026-07-05T02:00:51.515449,2,2,144.3,0.4,144.1,100,144.0,150,,,,,,,,,,,,,,,,,144.5,104,144.6,100,,,,,,,,,,,,,,,,
2026-07-05T02:00:52.634442+00:00,2026-07-05T02:00:52.634547,2,1,144.35,0.5,144.1,100,144.0,150,,,,,,,,,,,,,,,,,144.6,100,,,,,,,,,,,,,,,,,,
2026-07-05T02:00:52.639786+00:00,2026-07-05T02:00:52.639714,1,1,144.35,0.5,144.1,100,,,,,,,,,,,,,,,,,,,144.6,100,,,,,,,,,,,,,,,,,,
2026-07-05T02:00:52.693129+00:00,2026-07-05T02:00:52.693032,2,1,144.35,0.5,144.1,100,144.0,150,,,,,,,,,,,,,,,,,144.6,100,,,,,,,,,,,,,,,,,,
2026-07-05T02:00:52.743211+00:00,2026-07-05T02:00:52.743102,2,2,144.3,0.4,144.1,100,144.0,150,,,,,,,,,,,,,,,,,144.5,150,144.6,100,,,,,,,,,,,,,,,,
2026-07-05T02:00:53.175682+00:00,2026-07-05T02:00:53.175510,2,2,144.3,0.4,144.1,100,144.0,150,,,,,,,,,,,,,,,,,144.5,100,144.6,100,,,,,,,,,,,,,,,,
2026-07-05T02:00:54.571967+00:00,2026-07-05T02:00:54.571935,1,1,144.25,0.5,144.0,150,,,,,,,,,,,,,,,,,,,144.5,100,,,,,,,,,,,,,,,,,,
2026-07-05T02:00:54.626765+00:00,2026-07-05T02:00:54.626618,2,1,144.3,0.4,144.1,100,144.0,150,,,,,,,,,,,,,,,,,144.5,100,,,,,,,,,,,,,,,,,,
2026-07-05T02:00:54.679744+00:00,2026-07-05T02:00:54.679715,2,2,144.3,0.4,144.1,100,144.0,150,,,,,,,,,,,,,,,,,144.5,100,144.6,100,,,,,,,,,,,,,,,,
2026-07-05T02:00:55.050834+00:00,2026-07-05T02:00:55.050776,2,2,144.3,0.4,144.1,60,144.0,150,,,,,,,,,,,,,,,,,144.5,100,144.6,100,,,,,,,,,,,,,,,,
2026-07-05T02:00:55.282645+00:00,2026-07-05T02:00:55.282559,2,2,144.3,0.4,144.1,60,144.0,150,,,,,,,,,,,,,,,,,144.5,50,144.6,100,,,,,,,,,,,,,,,,
2026-07-05T02:00:55.799390+00:00,2026-07-05T02:00:55.799541,1,1,144.35,0.5,144.1,60,,,,,,,,,,,,,,,,,,,144.6,100,,,,,,,,,,,,,,,,,,
2026-07-05T02:00:55.869178+00:00,2026-07-05T02:00:55.863201,2,1,144.5,0.2,144.4,147,144.1,60,,,,,,,,,,,,,,,,,144.6,100,,,,,,,,,,,,,,,,,,
2026-07-05T02:00:55.906441+00:00,2026-07-05T02:00:55.906589,2,2,144.5,0.2,144.4,147,144.1,60,,,,,,,,,,,,,,,,,144.6,100,144.9,150,,,,,,,,,,,,,,,,
2026-07-05T02:00:57.396340+00:00,2026-07-05T02:00:57.396202,2,2,144.5,0.2,144.4,147,144.1,60,,,,,,,,,,,,,,,,,144.6,50,144.9,150,,,,,,,,,,,,,,,,
2026-07-05T02:00:57.735644+00:00,2026-07-05T02:00:57.735535,1,1,144.65,0.5,144.4,147,,,,,,,,,,,,,,,,,,,144.9,150,,,,,,,,,,,,,,,,,,
2026-07-05T02:00:57.793111+00:00,2026-07-05T02:00:57.793029,2,1,144.65,0.5,144.4,147,144.2,100,,,,,,,,,,,,,,,,,144.9,150,,,,,,,,,,,,,,,,,,
2026-07-05T02:00:57.879553+00:00,2026-07-05T02:00:57.879662,2,2,144.55,0.3,144.4,147,144.2,100,,,,,,,,,,,,,,,,,144.7,100,144.9,150,,,,,,,,,,,,,,,,
2026-07-05T02:00:58.658608+00:00,2026-07-05T02:00:58.654687,2,2,144.55,0.3,144.4,147,144.2,100,,,,,,,,,,,,,,,,,144.7,52,144.9,150,,,,,,,,,,,,,,,,
2026-07-05T02:00:58.960203+00:00,2026-07-05T02:00:58.960131,1,1,144.45,0.5,144.2,100,,,,,,,,,,,,,,,,,,,144.7,52,,,,,,,,,,,,,,,,,,
2026-07-05T02:00:59.013259+00:00,2026-07-05T02:00:59.013215,2,1,144.6,0.2,144.5,150,144.2,100,,,,,,,,,,,,,,,,,144.7,52,,,,,,,,,,,,,,,,,,
2026-07-05T02:00:59.075042+00:00,2026-07-05T02:00:59.074938,2,2,144.6,0.2,144.5,150,144.2,100,,,,,,,,,,,,,,,,,144.7,52,145.0,150,,,,,,,,,,,,,,,,
2026-07-05T02:00:59.501929+00:00,2026-07-05T02:00:59.501787,2,2,144.6,0.2,144.5,150,144.2,100,,,,,,,,,,,,,,,,,144.7,2,145.0,150,,,,,,,,,,,,,,,,
2026-07-05T02:01:00.290249+00:00,2026-07-05T02:01:00.290154,2,2,144.6,0.2,144.5,108,144.2,100,,,,,,,,,,,,,,,,,144.7,2,145.0,150,,,,,,,,,,,,,,,,
2026-07-05T02:01:00.367342+00:00,2026-07-05T02:01:00.362064,2,2,144.6,0.2,144.5,105,144.2,100,,,,,,,,,,,,,,,,,144.7,2,145.0,150,,,,,,,,,,,,,,,,
2026-07-05T02:01:00.922450+00:00,2026-07-05T02:01:00.922420,2,1,144.75,0.5,144.5,105,144.2,100,,,,,,,,,,,,,,,,,145.0,150,,,,,,,,,,,,,,,,,,
2026-07-05T02:01:00.932885+00:00,2026-07-05T02:01:00.932839,1,1,144.75,0.5,144.5,105,,,,,,,,,,,,,,,,,,,145.0,150,,,,,,,,,,,,,,,,,,
2026-07-05T02:01:00.987666+00:00,2026-07-05T02:01:00.987503,2,1,144.75,0.5,144.5,105,144.4,100,,,,,,,,,,,,,,,,,145.0,150,,,,,,,,,,,,,,,,,,
2026-07-05T02:01:01.040909+00:00,2026-07-05T02:01:01.040789,2,2,144.7,0.4,144.5,105,144.4,100,,,,,,,,,,,,,,,,,144.9,100,145.0,150,,,,,,,,,,,,,,,,
2026-07-05T02:01:01.610903+00:00,2026-07-05T02:01:01.610842,2,2,144.7,0.4,144.5,105,144.4,100,,,,,,,,,,,,,,,,,144.9,50,145.0,150,,,,,,,,,,,,,,,,
2026-07-05T02:01:01.981022+00:00,2026-07-05T02:01:01.981189,2,2,144.7,0.4,144.5,63,144.4,100,,,,,,,,,,,,,,,,,144.9,50,145.0,150,,,,,,,,,,,,,,,,
2026-07-05T02:01:02.131679+00:00,2026-07-05T02:01:02.131613,1,1,144.65,0.5,144.4,100,,,,,,,,,,,,,,,,,,,144.9,50,,,,,,,,,,,,,,,,,,
2026-07-05T02:01:02.185630+00:00,2026-07-05T02:01:02.185577,2,1,144.65,0.5,144.4,100,144.2,150,,,,,,,,,,,,,,,,,144.9,50,,,,,,,,,,,,,,,,,,
2026-07-05T02:01:02.238353+00:00,2026-07-05T02:01:02.238253,2,2,144.55,0.3,144.4,100,144.2,150,,,,,,,,,,,,,,,,,144.7,150,144.9,50,,,,,,,,,,,,,,,,
2026-07-05T02:01:03.079459+00:00,2026-07-05T02:01:03.079556,2,2,144.55,0.3,144.4,100,144.2,150,,,,,,,,,,,,,,,,,144.7,145,144.9,50,,,,,,,,,,,,,,,,
2026-07-05T02:01:03.097333+00:00,2026-07-05T02:01:03.097216,2,2,144.55,0.3,144.4,100,144.2,150,,,,,,,,,,,,,,,,,144.7,104,144.9,50,,,,,,,,,,,,,,,,
2026-07-05T02:01:03.720164+00:00,2026-07-05T02:01:03.720037,2,2,144.55,0.3,144.4,100,144.2,150,,,,,,,,,,,,,,,,,144.7,54,144.9,50,,,,,,,,,,,,,,,,
2026-07-05T02:01:04.090216+00:00,2026-07-05T02:01:04.090135,2,2,144.55,0.3,144.4,98,144.2,150,,,,,,,,,,,,,,,,,144.7,54,144.9,50,,,,,,,,,,,,,,,,
2026-07-05T02:01:04.095467+00:00,2026-07-05T02:01:04.095380,1,1,144.45,0.5,144.2,150,,,,,,,,,,,,,,,,,,,144.7,54,,,,,,,,,,,,,,,,,,
2026-07-05T02:01:04.149616+00:00,2026-07-05T02:01:04.149582,2,1,144.6,0.2,144.5,100,144.2,150,,,,,,,,,,,,,,,,,144.7,54,,,,,,,,,,,,,,,,,,
2026-07-05T02:01:04.197904+00:00,2026-07-05T02:01:04.197817,2,2,144.6,0.2,144.5,100,144.2,150,,,,,,,,,,,,,,,,,144.7,54,145.0,100,,,,,,,,,,,,,,,,
2026-07-05T02:01:04.392836+00:00,2026-07-05T02:01:04.387126,2,2,144.6,0.2,144.5,77,144.2,150,,,,,,,,,,,,,,,,,144.7,54,145.0,100,,,,,,,,,,,,,,,,
2026-07-05T02:01:04.758640+00:00,2026-07-05T02:01:04.755451,2,2,144.6,0.2,144.5,52,144.2,150,,,,,,,,,,,,,,,,,144.7,54,145.0,100,,,,,,,,,,,,,,,,
2026-07-05T02:01:05.130350+00:00,2026-07-05T02:01:05.130231,2,2,144.6,0.2,144.5,50,144.2,150,,,,,,,,,,,,,,,,,144.7,54,145.0,100,,,,,,,,,,,,,,,,
2026-07-05T02:01:05.292445+00:00,2026-07-05T02:01:05.292308,1,1,144.75,0.5,144.5,50,,,,,,,,,,,,,,,,,,,145.0,100,,,,,,,,,,,,,,,,,,
2026-07-05T02:01:05.347691+00:00,2026-07-05T02:01:05.347637,2,1,144.75,0.5,144.5,50,144.2,150,,,,,,,,,,,,,,,,,145.0,100,,,,,,,,,,,,,,,,,,
2026-07-05T02:01:05.400667+00:00,2026-07-05T02:01:05.400519,2,2,144.6,0.2,144.5,50,144.2,150,,,,,,,,,,,,,,,,,144.7,150,145.0,100,,,,,,,,,,,,,,,,
2026-07-05T02:01:05.731118+00:00,2026-07-05T02:01:05.725343,2,2,144.6,0.2,144.5,39,144.2,150,,,,,,,,,,,,,,,,,144.7,150,145.0,100,,,,,,,,,,,,,,,,
2026-07-05T02:01:05.829261+00:00,2026-07-05T02:01:05.829198,2,2,144.6,0.2,144.5,39,144.2,150,,,,,,,,,,,,,,,,,144.7,100,145.0,100,,,,,,,,,,,,,,,,
2026-07-05T02:01:06.141694+00:00,2026-07-05T02:01:06.141579,2,2,144.6,0.2,144.5,37,144.2,150,,,,,,,,,,,,,,,,,144.7,100,145.0,100,,,,,,,,,,,,,,,,
2026-07-05T02:01:07.251465+00:00,2026-07-05T02:01:07.251638,1,1,144.45,0.5,144.2,150,,,,,,,,,,,,,,,,,,,144.7,100,,,,,,,,,,,,,,,,,,
2026-07-05T02:01:07.309249+00:00,2026-07-05T02:01:07.309351,2,1,144.45,0.5,144.2,150,144.1,100,,,,,,,,,,,,,,,,,144.7,100,,,,,,,,,,,,,,,,,,
2026-07-05T02:01:07.364927+00:00,2026-07-05T02:01:07.364868,2,2,144.4,0.4,144.2,150,144.1,100,,,,,,,,,,,,,,,,,144.6,100,144.7,100,,,,,,,,,,,,,,,,
2026-07-05T02:01:07.936324+00:00,2026-07-05T02:01:07.936203,2,2,144.4,0.4,144.2,150,144.1,100,,,,,,,,,,,,,,,,,144.6,50,144.7,100,,,,,,,,,,,,,,,,
2026-07-05T02:01:08.464018+00:00,2026-07-05T02:01:08.463905,1,1,144.35,0.5,144.1,100,,,,,,,,,,,,,,,,,,,144.6,50,,,,,,,,,,,,,,,,,,
2026-07-05T02:01:08.509863+00:00,2026-07-05T02:01:08.509734,2,1,144.5,0.2,144.4,150,144.1,100,,,,,,,,,,,,,,,,,144.6,50,,,,,,,,,,,,,,,,,,
2026-07-05T02:01:08.558639+00:00,2026-07-05T02:01:08.558482,2,2,144.5,0.2,144.4,150,144.1,100,,,,,,,,,,,,,,,,,144.6,50,144.9,150,,,,,,,,,,,,,,,,
2026-07-05T02:01:09.776548+00:00,2026-07-05T02:01:09.776406,2,2,144.5,0.2,144.4,125,144.1,100,,,,,,,,,,,,,,,,,144.6,50,144.9,150,,,,,,,,,,,,,,,,
2026-07-05T02:01:09.814742+00:00,2026-07-05T02:01:09.814865,2,2,144.5,0.2,144.4,85,144.1,100,,,,,,,,,,,,,,,,,144.6,50,144.9,150,,,,,,,,,,,,,,,,
2026-07-05T02:01:10.042897+00:00,2026-07-05T02:01:10.042710,2,1,144.65,0.5,144.4,85,144.1,100,,,,,,,,,,,,,,,,,144.9,150,,,,,,,,,,,,,,,,,,
2026-07-05T02:01:10.418119+00:00,2026-07-05T02:01:10.418029,1,1,144.65,0.5,144.4,85,,,,,,,,,,,,,,,,,,,144.9,150,,,,,,,,,,,,,,,,,,
2026-07-05T02:01:10.471504+00:00,2026-07-05T02:01:10.471378,1,1,144.65,0.5,144.4,185,,,,,,,,,,,,,,,,,,,144.9,150,,,,,,,,,,,,,,,,,,
2026-07-05T02:01:10.524085+00:00,2026-07-05T02:01:10.524036,1,1,144.65,0.5,144.4,185,,,,,,,,,,,,,,,,,,,144.9,250,,,,,,,,,,,,,,,,,,
2026-07-05T02:01:11.658641+00:00,2026-07-05T02:01:11.609985,1,1,144.65,0.5,144.4,100,,,,,,,,,,,,,,,,,,,144.9,100,,,,,,,,,,,,,,,,,,
2026-07-05T02:01:11.673081+00:00,2026-07-05T02:01:11.673210,2,1,144.65,0.5,144.4,100,144.1,150,,,,,,,,,,,,,,,,,144.9,100,,,,,,,,,,,,,,,,,,
2026-07-05T02:01:11.764348+00:00,2026-07-05T02:01:11.763923,2,2,144.5,0.2,144.4,100,144.1,150,,,,,,,,,,,,,,,,,144.6,150,144.9,100,,,,,,,,,,,,,,,,
2026-07-05T02:01:12.149416+00:00,2026-07-05T02:01:12.149314,2,2,144.5,0.2,144.4,100,144.1,150,,,,,,,,,,,,,,,,,144.6,100,144.9,100,,,,,,,,,,,,,,,,
2026-07-05T02:01:13.614609+00:00,2026-07-05T02:01:13.577618,1,1,144.35,0.5,144.1,150,,,,,,,,,,,,,,,,,,,144.6,100,,,,,,,,,,,,,,,,,,
2026-07-05T02:01:13.645445+00:00,2026-07-05T02:01:13.639055,2,1,144.55,0.1,144.5,77,144.1,150,,,,,,,,,,,,,,,,,144.6,100,,,,,,,,,,,,,,,,,,
2026-07-05T02:01:13.702458+00:00,2026-07-05T02:01:13.702400,2,2,144.55,0.1,144.5,77,144.1,150,,,,,,,,,,,,,,,,,144.6,100,145.0,100,,,,,,,,,,,,,,,,
2026-07-05T02:01:14.158633+00:00,2026-07-05T02:01:14.157465,2,2,144.55,0.1,144.5,70,144.1,150,,,,,,,,,,,,,,,,,144.6,100,145.0,100,,,,,,,,,,,,,,,,
2026-07-05T02:01:14.780783+00:00,2026-07-05T02:01:14.780682,1,1,144.75,0.5,144.5,70,,,,,,,,,,,,,,,,,,,145.0,100,,,,,,,,,,,,,,,,,,
2026-07-05T02:01:14.791151+00:00,2026-07-05T02:01:14.791041,1,1,144.75,0.5,144.5,45,,,,,,,,,,,,,,,,,,,145.0,100,,,,,,,,,,,,,,,,,,
2026-07-05T02:01:14.833103+00:00,2026-07-05T02:01:14.833019,2,1,144.75,0.5,144.5,45,144.1,150,,,,,,,,,,,,,,,,,145.0,100,,,,,,,,,,,,,,,,,,
2026-07-05T02:01:14.895344+00:00,2026-07-05T02:01:14.895292,2,2,144.55,0.1,144.5,45,144.1,150,,,,,,,,,,,,,,,,,144.6,150,145.0,100,,,,,,,,,,,,,,,,
2026-07-05T02:01:16.370112+00:00,2026-07-05T02:01:16.370212,2,2,144.55,0.1,144.5,45,144.1,150,,,,,,,,,,,,,,,,,144.6,100,145.0,100,,,,,,,,,,,,,,,,
2026-07-05T02:01:16.558632+00:00,2026-07-05T02:01:16.552827,2,2,144.55,0.1,144.5,45,144.1,150,,,,,,,,,,,,,,,,,144.6,56,145.0,100,,,,,,,,,,,,,,,,
2026-07-05T02:01:16.752631+00:00,2026-07-05T02:01:16.752600,1,1,144.35,0.5,144.1,150,,,,,,,,,,,,,,,,,,,144.6,56,,,,,,,,,,,,,,,,,,
2026-07-05T02:01:16.808129+00:00,2026-07-05T02:01:16.808066,1,1,144.35,0.5,144.1,250,,,,,,,,,,,,,,,,,,,144.6,56,,,,,,,,,,,,,,,,,,
2026-07-05T02:01:16.858702+00:00,2026-07-05T02:01:16.856443,1,1,144.35,0.5,144.1,250,,,,,,,,,,,,,,,,,,,144.6,156,,,,,,,,,,,,,,,,,,
2026-07-05T02:01:17.175533+00:00,2026-07-05T02:01:17.175450,1,1,144.35,0.5,144.1,250,,,,,,,,,,,,,,,,,,,144.6,152,,,,,,,,,,,,,,,,,,
2026-07-05T02:01:17.948816+00:00,2026-07-05T02:01:17.948719,1,1,144.35,0.5,144.1,250,,,,,,,,,,,,,,,,,,,144.6,100,,,,,,,,,,,,,,,,,,
2026-07-05T02:01:17.958700+00:00,2026-07-05T02:01:17.953891,1,1,144.35,0.5,144.1,100,,,,,,,,,,,,,,,,,,,144.6,100,,,,,,,,,,,,,,,,,,
2026-07-05T02:01:18.003310+00:00,2026-07-05T02:01:18.003470,2,0,,,144.6,50,144.1,100,,,,,,,,,,,,,,,,,,,,,,,,,,,,,,,,,,,,
2026-07-05T02:01:18.056219+00:00,2026-07-05T02:01:18.056174,2,1,144.85,0.5,144.6,50,144.1,100,,,,,,,,,,,,,,,,,145.1,150,,,,,,,,,,,,,,,,,,
2026-07-05T02:01:18.187093+00:00,2026-07-05T02:01:18.187004,2,1,144.85,0.5,144.6,48,144.1,100,,,,,,,,,,,,,,,,,145.1,150,,,,,,,,,,,,,,,,,,
2026-07-05T02:01:18.479075+00:00,2026-07-05T02:01:18.479203,2,1,144.85,0.5,144.6,48,144.1,100,,,,,,,,,,,,,,,,,145.1,100,,,,,,,,,,,,,,,,,,
2026-07-05T02:01:19.197936+00:00,2026-07-05T02:01:19.197872,2,1,144.85,0.5,144.6,47,144.1,100,,,,,,,,,,,,,,,,,145.1,100,,,,,,,,,,,,,,,,,,
2026-07-05T02:01:19.318188+00:00,2026-07-05T02:01:19.318083,2,1,144.85,0.5,144.6,3,144.1,100,,,,,,,,,,,,,,,,,145.1,100,,,,,,,,,,,,,,,,,,
2026-07-05T02:01:19.804546+00:00,2026-07-05T02:01:19.804404,1,1,144.6,1.0,144.1,100,,,,,,,,,,,,,,,,,,,145.1,100,,,,,,,,,,,,,,,,,,
2026-07-05T02:01:19.917590+00:00,2026-07-05T02:01:19.917471,0,1,,,,,,,,,,,,,,,,,,,,,,,145.1,100,,,,,,,,,,,,,,,,,,
2026-07-05T02:01:19.970705+00:00,2026-07-05T02:01:19.970636,1,1,144.75,0.7,144.4,100,,,,,,,,,,,,,,,,,,,145.1,100,,,,,,,,,,,,,,,,,,
2026-07-05T02:01:20.023338+00:00,2026-07-05T02:01:20.023264,1,2,144.65,0.5,144.4,100,,,,,,,,,,,,,,,,,,,144.9,100,145.1,100,,,,,,,,,,,,,,,,
2026-07-05T02:01:20.372332+00:00,2026-07-05T02:01:20.372248,1,2,144.65,0.5,144.4,100,,,,,,,,,,,,,,,,,,,144.9,53,145.1,100,,,,,,,,,,,,,,,,
2026-07-05T02:01:20.427144+00:00,2026-07-05T02:01:20.427105,1,2,144.65,0.5,144.4,56,,,,,,,,,,,,,,,,,,,144.9,53,145.1,100,,,,,,,,,,,,,,,,
2026-07-05T02:01:20.586857+00:00,2026-07-05T02:01:20.586732,1,2,144.65,0.5,144.4,56,,,,,,,,,,,,,,,,,,,144.9,3,145.1,100,,,,,,,,,,,,,,,,
2026-07-05T02:01:21.114701+00:00,2026-07-05T02:01:21.114664,1,1,144.65,0.5,144.4,56,,,,,,,,,,,,,,,,,,,144.9,3,,,,,,,,,,,,,,,,,,
2026-07-05T02:01:21.167831+00:00,2026-07-05T02:01:21.167774,1,1,144.65,0.5,144.4,206,,,,,,,,,,,,,,,,,,,144.9,3,,,,,,,,,,,,,,,,,,
2026-07-05T02:01:21.220770+00:00,2026-07-05T02:01:21.220679,1,1,144.65,0.5,144.4,206,,,,,,,,,,,,,,,,,,,144.9,153,,,,,,,,,,,,,,,,,,
2026-07-05T02:01:22.750122+00:00,2026-07-05T02:01:22.750209,1,1,144.65,0.5,144.4,156,,,,,,,,,,,,,,,,,,,144.9,153,,,,,,,,,,,,,,,,,,
2026-07-05T02:01:23.076982+00:00,2026-07-05T02:01:23.076860,1,1,144.65,0.5,144.4,150,,,,,,,,,,,,,,,,,,,144.9,150,,,,,,,,,,,,,,,,,,
2026-07-05T02:01:23.131103+00:00,2026-07-05T02:01:23.131059,2,1,144.75,0.3,144.6,100,144.4,150,,,,,,,,,,,,,,,,,144.9,150,,,,,,,,,,,,,,,,,,
2026-07-05T02:01:23.183682+00:00,2026-07-05T02:01:23.183843,2,2,144.75,0.3,144.6,100,144.4,150,,,,,,,,,,,,,,,,,144.9,150,145.1,100,,,,,,,,,,,,,,,,
2026-07-05T02:01:24.273438+00:00,2026-07-05T02:01:24.273388,2,1,144.85,0.5,144.6,100,144.4,150,,,,,,,,,,,,,,,,,145.1,100,,,,,,,,,,,,,,,,,,
2026-07-05T02:01:24.278662+00:00,2026-07-05T02:01:24.278585,1,1,144.85,0.5,144.6,100,,,,,,,,,,,,,,,,,,,145.1,100,,,,,,,,,,,,,,,,,,
2026-07-05T02:01:24.328873+00:00,2026-07-05T02:01:24.328832,2,1,144.85,0.5,144.6,100,144.4,150,,,,,,,,,,,,,,,,,145.1,100,,,,,,,,,,,,,,,,,,
2026-07-05T02:01:24.381756+00:00,2026-07-05T02:01:24.381635,2,2,144.75,0.3,144.6,100,144.4,150,,,,,,,,,,,,,,,,,144.9,150,145.1,100,,,,,,,,,,,,,,,,
2026-07-05T02:01:24.818313+00:00,2026-07-05T02:01:24.818179,2,2,144.75,0.3,144.6,75,144.4,150,,,,,,,,,,,,,,,,,144.9,150,145.1,100,,,,,,,,,,,,,,,,
2026-07-05T02:01:24.864029+00:00,2026-07-05T02:01:24.863918,2,2,144.75,0.3,144.6,25,144.4,150,,,,,,,,,,,,,,,,,144.9,150,145.1,100,,,,,,,,,,,,,,,,
2026-07-05T02:01:25.889171+00:00,2026-07-05T02:01:25.889087,1,2,144.65,0.5,144.4,128,,,,,,,,,,,,,,,,,,,144.9,150,145.1,100,,,,,,,,,,,,,,,,
2026-07-05T02:01:26.237520+00:00,2026-07-05T02:01:26.237376,1,1,144.65,0.5,144.4,128,,,,,,,,,,,,,,,,,,,144.9,150,,,,,,,,,,,,,,,,,,
2026-07-05T02:01:26.324043+00:00,2026-07-05T02:01:26.323982,2,1,144.65,0.5,144.4,128,144.3,100,,,,,,,,,,,,,,,,,144.9,150,,,,,,,,,,,,,,,,,,
2026-07-05T02:01:26.377090+00:00,2026-07-05T02:01:26.376971,2,2,144.6,0.4,144.4,128,144.3,100,,,,,,,,,,,,,,,,,144.8,100,144.9,150,,,,,,,,,,,,,,,,
2026-07-05T02:01:26.987409+00:00,2026-07-05T02:01:26.987275,2,2,144.6,0.4,144.4,78,144.3,100,,,,,,,,,,,,,,,,,144.8,100,144.9,150,,,,,,,,,,,,,,,,
2026-07-05T02:01:27.437603+00:00,2026-07-05T02:01:27.437476,1,1,144.55,0.5,144.3,100,,,,,,,,,,,,,,,,,,,144.8,100,,,,,,,,,,,,,,,,,,
2026-07-05T02:01:27.492112+00:00,2026-07-05T02:01:27.492080,2,1,144.55,0.5,144.3,100,144.0,150,,,,,,,,,,,,,,,,,144.8,100,,,,,,,,,,,,,,,,,,
2026-07-05T02:01:27.546017+00:00,2026-07-05T02:01:27.546115,2,2,144.4,0.2,144.3,100,144.0,150,,,,,,,,,,,,,,,,,144.5,150,144.8,100,,,,,,,,,,,,,,,,
2026-07-05T02:01:27.556458+00:00,2026-07-05T02:01:27.551120,2,2,144.4,0.2,144.3,100,144.0,150,,,,,,,,,,,,,,,,,144.5,127,144.8,100,,,,,,,,,,,,,,,,
2026-07-05T02:01:28.145456+00:00,2026-07-05T02:01:28.139885,2,2,144.4,0.2,144.3,100,144.0,150,,,,,,,,,,,,,,,,,144.5,116,144.8,100,,,,,,,,,,,,,,,,
2026-07-05T02:01:29.095605+00:00,2026-07-05T02:01:29.095754,2,2,144.4,0.2,144.3,50,144.0,150,,,,,,,,,,,,,,,,,144.5,116,144.8,100,,,,,,,,,,,,,,,,
2026-07-05T02:01:29.433370+00:00,2026-07-05T02:01:29.433289,1,1,144.25,0.5,144.0,150,,,,,,,,,,,,,,,,,,,144.5,116,,,,,,,,,,,,,,,,,,
2026-07-05T02:01:29.489890+00:00,2026-07-05T02:01:29.489759,2,1,144.4,0.2,144.3,100,144.0,150,,,,,,,,,,,,,,,,,144.5,116,,,,,,,,,,,,,,,,,,
2026-07-05T02:01:29.543203+00:00,2026-07-05T02:01:29.543296,2,2,144.4,0.2,144.3,100,144.0,150,,,,,,,,,,,,,,,,,144.5,116,144.8,100,,,,,,,,,,,,,,,,
2026-07-05T02:01:30.600090+00:00,2026-07-05T02:01:30.599938,1,1,144.55,0.5,144.3,100,,,,,,,,,,,,,,,,,,,144.8,100,,,,,,,,,,,,,,,,,,
2026-07-05T02:01:30.658671+00:00,2026-07-05T02:01:30.650852,2,1,144.6,0.4,144.4,150,144.3,100,,,,,,,,,,,,,,,,,144.8,100,,,,,,,,,,,,,,,,,,
2026-07-05T02:01:30.708332+00:00,2026-07-05T02:01:30.708223,2,2,144.6,0.4,144.4,150,144.3,100,,,,,,,,,,,,,,,,,144.8,100,144.9,150,,,,,,,,,,,,,,,,
2026-07-05T02:01:32.595588+00:00,2026-07-05T02:01:32.595700,1,1,144.65,0.5,144.4,150,,,,,,,,,,,,,,,,,,,144.9,150,,,,,,,,,,,,,,,,,,
2026-07-05T02:01:32.649155+00:00,2026-07-05T02:01:32.649120,2,1,144.65,0.5,144.4,150,144.2,100,,,,,,,,,,,,,,,,,144.9,150,,,,,,,,,,,,,,,,,,
2026-07-05T02:01:32.702577+00:00,2026-07-05T02:01:32.702451,2,2,144.55,0.3,144.4,150,144.2,100,,,,,,,,,,,,,,,,,144.7,100,144.9,150,,,,,,,,,,,,,,,,
2026-07-05T02:01:33.224562+00:00,2026-07-05T02:01:33.224668,2,2,144.55,0.3,144.4,149,144.2,100,,,,,,,,,,,,,,,,,144.7,100,144.9,150,,,,,,,,,,,,,,,,
2026-07-05T02:01:33.264172+00:00,2026-07-05T02:01:33.264145,2,2,144.55,0.3,144.4,149,144.2,100,,,,,,,,,,,,,,,,,144.7,50,144.9,150,,,,,,,,,,,,,,,,
2026-07-05T02:01:33.758608+00:00,2026-07-05T02:01:33.758016,1,1,144.45,0.5,144.2,100,,,,,,,,,,,,,,,,,,,144.7,50,,,,,,,,,,,,,,,,,,
2026-07-05T02:01:33.814312+00:00,2026-07-05T02:01:33.814214,2,1,144.5,0.4,144.3,150,144.2,100,,,,,,,,,,,,,,,,,144.7,50,,,,,,,,,,,,,,,,,,
2026-07-05T02:01:33.871896+00:00,2026-07-05T02:01:33.871776,2,2,144.5,0.4,144.3,150,144.2,100,,,,,,,,,,,,,,,,,144.7,50,144.8,150,,,,,,,,,,,,,,,,
2026-07-05T02:01:34.003868+00:00,2026-07-05T02:01:34.004023,2,2,144.5,0.4,144.3,150,144.2,100,,,,,,,,,,,,,,,,,144.7,3,144.8,150,,,,,,,,,,,,,,,,
2026-07-05T02:01:35.058676+00:00,2026-07-05T02:01:35.056247,2,2,144.5,0.4,144.3,110,144.2,100,,,,,,,,,,,,,,,,,144.7,3,144.8,150,,,,,,,,,,,,,,,,
2026-07-05T02:01:35.377441+00:00,2026-07-05T02:01:35.377388,2,1,144.55,0.5,144.3,110,144.2,100,,,,,,,,,,,,,,,,,144.8,103,,,,,,,,,,,,,,,,,,
2026-07-05T02:01:35.748504+00:00,2026-07-05T02:01:35.758702,1,1,144.55,0.5,144.3,110,,,,,,,,,,,,,,,,,,,144.8,103,,,,,,,,,,,,,,,,,,
2026-07-05T02:01:35.807293+00:00,2026-07-05T02:01:35.807383,2,1,144.7,0.2,144.6,100,144.3,110,,,,,,,,,,,,,,,,,144.8,103,,,,,,,,,,,,,,,,,,
2026-07-05T02:01:35.858679+00:00,2026-07-05T02:01:35.857667,2,2,144.7,0.2,144.6,100,144.3,110,,,,,,,,,,,,,,,,,144.8,103,145.1,100,,,,,,,,,,,,,,,,
2026-07-05T02:01:36.811924+00:00,2026-07-05T02:01:36.812150,2,2,144.7,0.2,144.6,100,144.3,110,,,,,,,,,,,,,,,,,144.8,59,145.1,100,,,,,,,,,,,,,,,,
2026-07-05T02:01:36.925949+00:00,2026-07-05T02:01:36.925900,1,1,144.85,0.5,144.6,100,,,,,,,,,,,,,,,,,,,145.1,100,,,,,,,,,,,,,,,,,,
2026-07-05T02:01:36.980223+00:00,2026-07-05T02:01:36.980128,2,1,144.95,0.3,144.8,150,144.6,100,,,,,,,,,,,,,,,,,145.1,100,,,,,,,,,,,,,,,,,,
2026-07-05T02:01:37.032785+00:00,2026-07-05T02:01:37.032658,2,2,144.95,0.3,144.8,150,144.6,100,,,,,,,,,,,,,,,,,145.1,100,145.3,150,,,,,,,,,,,,,,,,
2026-07-05T02:01:37.248691+00:00,2026-07-05T02:01:37.243136,2,2,144.95,0.3,144.8,139,144.6,100,,,,,,,,,,,,,,,,,145.1,100,145.3,150,,,,,,,,,,,,,,,,
2026-07-05T02:01:38.917924+00:00,2026-07-05T02:01:38.917853,1,1,145.05,0.5,144.8,139,,,,,,,,,,,,,,,,,,,145.3,150,,,,,,,,,,,,,,,,,,
2026-07-05T02:01:38.981997+00:00,2026-07-05T02:01:38.981889,2,1,145.05,0.5,144.8,139,144.7,100,,,,,,,,,,,,,,,,,145.3,150,,,,,,,,,,,,,,,,,,
2026-07-05T02:01:39.044585+00:00,2026-07-05T02:01:39.044414,2,2,145.0,0.4,144.8,139,144.7,100,,,,,,,,,,,,,,,,,145.2,100,145.3,150,,,,,,,,,,,,,,,,
2026-07-05T02:01:39.463876+00:00,2026-07-05T02:01:39.464021,2,2,145.0,0.4,144.8,97,144.7,100,,,,,,,,,,,,,,,,,145.2,100,145.3,150,,,,,,,,,,,,,,,,
2026-07-05T02:01:39.589975+00:00,2026-07-05T02:01:39.589826,2,2,145.0,0.4,144.8,97,144.7,100,,,,,,,,,,,,,,,,,145.2,50,145.3,150,,,,,,,,,,,,,,,,
2026-07-05T02:01:39.844792+00:00,2026-07-05T02:01:39.844703,2,2,145.0,0.4,144.8,72,144.7,100,,,,,,,,,,,,,,,,,145.2,50,145.3,150,,,,,,,,,,,,,,,,
2026-07-05T02:01:40.086743+00:00,2026-07-05T02:01:40.086661,1,1,144.95,0.5,144.7,100,,,,,,,,,,,,,,,,,,,145.2,50,,,,,,,,,,,,,,,,,,
2026-07-05T02:01:40.139921+00:00,2026-07-05T02:01:40.139809,2,1,144.95,0.5,144.7,100,144.3,150,,,,,,,,,,,,,,,,,145.2,50,,,,,,,,,,,,,,,,,,
2026-07-05T02:01:40.191450+00:00,2026-07-05T02:01:40.191328,2,2,144.75,0.1,144.7,100,144.3,150,,,,,,,,,,,,,,,,,144.8,150,145.2,50,,,,,,,,,,,,,,,,
2026-07-05T02:01:41.184924+00:00,2026-07-05T02:01:41.179323,2,2,144.75,0.1,144.7,88,144.3,150,,,,,,,,,,,,,,,,,144.8,150,145.2,50,,,,,,,,,,,,,,,,
2026-07-05T02:01:41.704242+00:00,2026-07-05T02:01:41.704374,2,2,144.75,0.1,144.7,88,144.3,150,,,,,,,,,,,,,,,,,144.8,100,145.2,50,,,,,,,,,,,,,,,,
2026-07-05T02:01:42.101283+00:00,2026-07-05T02:01:42.101179,1,1,144.55,0.5,144.3,150,,,,,,,,,,,,,,,,,,,144.8,100,,,,,,,,,,,,,,,,,,
2026-07-05T02:01:42.158623+00:00,2026-07-05T02:01:42.155638,2,1,144.65,0.3,144.5,100,144.3,150,,,,,,,,,,,,,,,,,144.8,100,,,,,,,,,,,,,,,,,,
2026-07-05T02:01:42.208397+00:00,2026-07-05T02:01:42.208294,2,2,144.65,0.3,144.5,100,144.3,150,,,,,,,,,,,,,,,,,144.8,100,145.0,100,,,,,,,,,,,,,,,,
2026-07-05T02:01:42.663818+00:00,2026-07-05T02:01:42.663720,2,2,144.65,0.3,144.5,100,144.3,150,,,,,,,,,,,,,,,,,144.8,56,145.0,100,,,,,,,,,,,,,,,,
2026-07-05T02:01:43.256738+00:00,2026-07-05T02:01:43.257055,1,1,144.75,0.5,144.5,100,,,,,,,,,,,,,,,,,,,145.0,100,,,,,,,,,,,,,,,,,,
2026-07-05T02:01:43.318541+00:00,2026-07-05T02:01:43.318458,1,1,144.75,0.5,144.5,250,,,,,,,,,,,,,,,,,,,145.0,100,,,,,,,,,,,,,,,,,,
2026-07-05T02:01:43.370846+00:00,2026-07-05T02:01:43.370764,1,1,144.75,0.5,144.5,250,,,,,,,,,,,,,,,,,,,145.0,250,,,,,,,,,,,,,,,,,,
2026-07-05T02:01:43.740472+00:00,2026-07-05T02:01:43.740331,1,1,144.75,0.5,144.5,202,,,,,,,,,,,,,,,,,,,145.0,250,,,,,,,,,,,,,,,,,,
2026-07-05T02:01:43.858602+00:00,2026-07-05T02:01:43.858186,1,1,144.75,0.5,144.5,152,,,,,,,,,,,,,,,,,,,145.0,250,,,,,,,,,,,,,,,,,,
2026-07-05T02:01:44.243654+00:00,2026-07-05T02:01:44.243455,1,1,144.75,0.5,144.5,152,,,,,,,,,,,,,,,,,,,145.0,246,,,,,,,,,,,,,,,,,,
2026-07-05T02:01:45.258887+00:00,2026-07-05T02:01:45.258849,1,1,144.75,0.5,144.5,150,,,,,,,,,,,,,,,,,,,145.0,150,,,,,,,,,,,,,,,,,,
2026-07-05T02:01:45.316756+00:00,2026-07-05T02:01:45.316639,2,1,144.8,0.4,144.6,100,144.5,150,,,,,,,,,,,,,,,,,145.0,150,,,,,,,,,,,,,,,,,,
2026-07-05T02:01:45.370649+00:00,2026-07-05T02:01:45.370549,2,2,144.8,0.4,144.6,100,144.5,150,,,,,,,,,,,,,,,,,145.0,150,145.1,100,,,,,,,,,,,,,,,,
2026-07-05T02:01:45.830392+00:00,2026-07-05T02:01:45.830291,2,2,144.8,0.4,144.6,100,144.5,150,,,,,,,,,,,,,,,,,145.0,106,145.1,100,,,,,,,,,,,,,,,,
2026-07-05T02:01:45.973125+00:00,2026-07-05T02:01:45.973290,2,2,144.8,0.4,144.6,50,144.5,150,,,,,,,,,,,,,,,,,145.0,106,145.1,100,,,,,,,,,,,,,,,,
2026-07-05T02:01:46.268945+00:00,2026-07-05T02:01:46.268820,2,2,144.8,0.4,144.6,50,144.5,150,,,,,,,,,,,,,,,,,145.0,105,145.1,100,,,,,,,,,,,,,,,,
2026-07-05T02:01:46.425086+00:00,2026-07-05T02:01:46.425016,1,1,144.85,0.5,144.6,50,,,,,,,,,,,,,,,,,,,145.1,100,,,,,,,,,,,,,,,,,,
2026-07-05T02:01:46.479225+00:00,2026-07-05T02:01:46.479342,2,1,145.0,0.2,144.9,150,144.6,50,,,,,,,,,,,,,,,,,145.1,100,,,,,,,,,,,,,,,,,,
2026-07-05T02:01:46.532223+00:00,2026-07-05T02:01:46.532128,2,2,145.0,0.2,144.9,150,144.6,50,,,,,,,,,,,,,,,,,145.1,100,145.4,150,,,,,,,,,,,,,,,,
2026-07-05T02:01:47.279530+00:00,2026-07-05T02:01:47.279484,2,2,145.0,0.2,144.9,146,144.6,50,,,,,,,,,,,,,,,,,145.1,100,145.4,150,,,,,,,,,,,,,,,,
2026-07-05T02:01:48.082734+00:00,2026-07-05T02:01:48.082602,2,2,145.0,0.2,144.9,96,144.6,50,,,,,,,,,,,,,,,,,145.1,100,145.4,150,,,,,,,,,,,,,,,,
2026-07-05T02:01:48.288278+00:00,2026-07-05T02:01:48.288221,2,2,145.0,0.2,144.9,94,144.6,50,,,,,,,,,,,,,,,,,145.1,100,145.4,150,,,,,,,,,,,,,,,,
2026-07-05T02:01:48.425937+00:00,2026-07-05T02:01:48.425871,1,1,145.15,0.5,144.9,94,,,,,,,,,,,,,,,,,,,145.4,150,,,,,,,,,,,,,,,,,,
2026-07-05T02:01:48.480447+00:00,2026-07-05T02:01:48.480385,2,1,145.15,0.5,144.9,94,144.3,100,,,,,,,,,,,,,,,,,145.4,150,,,,,,,,,,,,,,,,,,
2026-07-05T02:01:48.534198+00:00,2026-07-05T02:01:48.534089,1,2,144.55,0.5,144.3,100,,,,,,,,,,,,,,,,,,,144.8,6,145.4,150,,,,,,,,,,,,,,,,
2026-07-05T02:01:49.587217+00:00,2026-07-05T02:01:49.587179,1,1,144.55,0.5,144.3,100,,,,,,,,,,,,,,,,,,,144.8,6,,,,,,,,,,,,,,,,,,
2026-07-05T02:01:49.640972+00:00,2026-07-05T02:01:49.640937,1,1,144.55,0.5,144.3,250,,,,,,,,,,,,,,,,,,,144.8,6,,,,,,,,,,,,,,,,,,
2026-07-05T02:01:49.694399+00:00,2026-07-05T02:01:49.694321,1,1,144.55,0.5,144.3,250,,,,,,,,,,,,,,,,,,,144.8,156,,,,,,,,,,,,,,,,,,
2026-07-05T02:01:50.189445+00:00,2026-07-05T02:01:50.189624,1,1,144.55,0.5,144.3,200,,,,,,,,,,,,,,,,,,,144.8,156,,,,,,,,,,,,,,,,,,
2026-07-05T02:01:50.290111+00:00,2026-07-05T02:01:50.289978,1,1,144.55,0.5,144.3,200,,,,,,,,,,,,,,,,,,,144.8,109,,,,,,,,,,,,,,,,,,
2026-07-05T02:01:50.300625+00:00,2026-07-05T02:01:50.300494,1,1,144.55,0.5,144.3,200,,,,,,,,,,,,,,,,,,,144.8,106,,,,,,,,,,,,,,,,,,
2026-07-05T02:01:50.346749+00:00,2026-07-05T02:01:50.346671,1,1,144.55,0.5,144.3,159,,,,,,,,,,,,,,,,,,,144.8,106,,,,,,,,,,,,,,,,,,
2026-07-05T02:01:51.306362+00:00,2026-07-05T02:01:51.306325,1,1,144.55,0.5,144.3,159,,,,,,,,,,,,,,,,,,,144.8,104,,,,,,,,,,,,,,,,,,
2026-07-05T02:01:51.480507+00:00,2026-07-05T02:01:51.480365,1,1,144.55,0.5,144.3,159,,,,,,,,,,,,,,,,,,,144.8,55,,,,,,,,,,,,,,,,,,
2026-07-05T02:01:51.536574+00:00,2026-07-05T02:01:51.536740,1,1,144.55,0.5,144.3,118,,,,,,,,,,,,,,,,,,,144.8,55,,,,,,,,,,,,,,,,,,
2026-07-05T02:01:51.642241+00:00,2026-07-05T02:01:51.642155,1,1,144.55,0.5,144.3,218,,,,,,,,,,,,,,,,,,,144.8,55,,,,,,,,,,,,,,,,,,
2026-07-05T02:01:51.697817+00:00,2026-07-05T02:01:51.697703,1,1,144.55,0.5,144.3,218,,,,,,,,,,,,,,,,,,,144.8,155,,,,,,,,,,,,,,,,,,
2026-07-05T02:01:52.300673+00:00,2026-07-05T02:01:52.300501,1,1,144.55,0.5,144.3,168,,,,,,,,,,,,,,,,,,,144.8,155,,,,,,,,,,,,,,,,,,
2026-07-05T02:01:52.318636+00:00,2026-07-05T02:01:52.318504,1,1,144.55,0.5,144.3,168,,,,,,,,,,,,,,,,,,,144.8,154,,,,,,,,,,,,,,,,,,
2026-07-05T02:01:52.747447+00:00,2026-07-05T02:01:52.747364,1,1,144.55,0.5,144.3,100,,,,,,,,,,,,,,,,,,,144.8,100,,,,,,,,,,,,,,,,,,
2026-07-05T02:01:52.801468+00:00,2026-07-05T02:01:52.801562,2,1,144.6,0.4,144.4,150,144.3,100,,,,,,,,,,,,,,,,,144.8,100,,,,,,,,,,,,,,,,,,
2026-07-05T02:01:52.853664+00:00,2026-07-05T02:01:52.853572,2,2,144.6,0.4,144.4,150,144.3,100,,,,,,,,,,,,,,,,,144.8,100,144.9,150,,,,,,,,,,,,,,,,
2026-07-05T02:01:53.331579+00:00,2026-07-05T02:01:53.331734,2,2,144.6,0.4,144.4,150,144.3,100,,,,,,,,,,,,,,,,,144.8,99,144.9,150,,,,,,,,,,,,,,,,
2026-07-05T02:01:53.889777+00:00,2026-07-05T02:01:53.889644,2,2,144.6,0.4,144.4,106,144.3,100,,,,,,,,,,,,,,,,,144.8,99,144.9,150,,,,,,,,,,,,,,,,
2026-07-05T02:01:54.410833+00:00,2026-07-05T02:01:54.410669,2,2,144.6,0.4,144.4,56,144.3,100,,,,,,,,,,,,,,,,,144.8,99,144.9,150,,,,,,,,,,,,,,,,
2026-07-05T02:01:54.784824+00:00,2026-07-05T02:01:54.784676,1,1,144.65,0.5,144.4,56,,,,,,,,,,,,,,,,,,,144.9,150,,,,,,,,,,,,,,,,,,
2026-07-05T02:01:54.837242+00:00,2026-07-05T02:01:54.837056,2,1,144.65,0.5,144.4,56,144.3,100,,,,,,,,,,,,,,,,,144.9,150,,,,,,,,,,,,,,,,,,
2026-07-05T02:01:54.886679+00:00,2026-07-05T02:01:54.886646,2,2,144.6,0.4,144.4,56,144.3,100,,,,,,,,,,,,,,,,,144.8,100,144.9,150,,,,,,,,,,,,,,,,
2026-07-05T02:01:55.912335+00:00,2026-07-05T02:01:55.912300,1,1,144.55,0.5,144.3,100,,,,,,,,,,,,,,,,,,,144.8,100,,,,,,,,,,,,,,,,,,
2026-07-05T02:01:55.977252+00:00,2026-07-05T02:01:55.977168,2,1,144.55,0.5,144.3,100,143.9,150,,,,,,,,,,,,,,,,,144.8,100,,,,,,,,,,,,,,,,,,
2026-07-05T02:01:56.036367+00:00,2026-07-05T02:01:56.031015,2,2,144.35,0.1,144.3,100,143.9,150,,,,,,,,,,,,,,,,,144.4,104,144.8,100,,,,,,,,,,,,,,,,
2026-07-05T02:01:56.513221+00:00,2026-07-05T02:01:56.513165,2,2,144.35,0.1,144.3,50,143.9,150,,,,,,,,,,,,,,,,,144.4,104,144.8,100,,,,,,,,,,,,,,,,
2026-07-05T02:01:57.941196+00:00,2026-07-05T02:01:57.941081,1,1,144.15,0.5,143.9,150,,,,,,,,,,,,,,,,,,,144.4,104,,,,,,,,,,,,,,,,,,
2026-07-05T02:01:58.004445+00:00,2026-07-05T02:01:58.004387,2,1,144.25,0.3,144.1,100,143.9,150,,,,,,,,,,,,,,,,,144.4,104,,,,,,,,,,,,,,,,,,
2026-07-05T02:01:58.026757+00:00,2026-07-05T02:01:58.026703,2,1,144.25,0.3,144.1,100,143.9,150,,,,,,,,,,,,,,,,,144.4,57,,,,,,,,,,,,,,,,,,
2026-07-05T02:01:58.052069+00:00,2026-07-05T02:01:58.052005,2,2,144.25,0.3,144.1,100,143.9,150,,,,,,,,,,,,,,,,,144.4,57,144.6,100,,,,,,,,,,,,,,,,
2026-07-05T02:01:58.623362+00:00,2026-07-05T02:01:58.623282,2,2,144.25,0.3,144.1,50,143.9,150,,,,,,,,,,,,,,,,,144.4,57,144.6,100,,,,,,,,,,,,,,,,
2026-07-05T02:01:59.085325+00:00,2026-07-05T02:01:59.085472,1,1,144.35,0.5,144.1,50,,,,,,,,,,,,,,,,,,,144.6,100,,,,,,,,,,,,,,,,,,
2026-07-05T02:01:59.138969+00:00,2026-07-05T02:01:59.139127,2,1,144.45,0.3,144.3,150,144.1,50,,,,,,,,,,,,,,,,,144.6,100,,,,,,,,,,,,,,,,,,
2026-07-05T02:01:59.191688+00:00,2026-07-05T02:01:59.191880,2,2,144.45,0.3,144.3,150,144.1,50,,,,,,,,,,,,,,,,,144.6,100,144.8,150,,,,,,,,,,,,,,,,
2026-07-05T02:02:00.072641+00:00,2026-07-05T02:02:00.072605,2,2,144.45,0.3,144.3,150,144.1,50,,,,,,,,,,,,,,,,,144.6,52,144.8,150,,,,,,,,,,,,,,,,
2026-07-05T02:02:00.730308+00:00,2026-07-05T02:02:00.730232,2,2,144.45,0.3,144.3,100,144.1,50,,,,,,,,,,,,,,,,,144.6,52,144.8,150,,,,,,,,,,,,,,,,
2026-07-05T02:02:01.110719+00:00,2026-07-05T02:02:01.110602,1,1,144.55,0.5,144.3,100,,,,,,,,,,,,,,,,,,,144.8,150,,,,,,,,,,,,,,,,,,
2026-07-05T02:02:01.164907+00:00,2026-07-05T02:02:01.164789,2,1,144.6,0.4,144.4,100,144.3,100,,,,,,,,,,,,,,,,,144.8,150,,,,,,,,,,,,,,,,,,
2026-07-05T02:02:01.217493+00:00,2026-07-05T02:02:01.217402,2,2,144.6,0.4,144.4,100,144.3,100,,,,,,,,,,,,,,,,,144.8,150,144.9,100,,,,,,,,,,,,,,,,
2026-07-05T02:02:02.246998+00:00,2026-07-05T02:02:02.246879,1,1,144.65,0.5,144.4,100,,,,,,,,,,,,,,,,,,,144.9,100,,,,,,,,,,,,,,,,,,
2026-07-05T02:02:02.300608+00:00,2026-07-05T02:02:02.300474,2,1,144.65,0.5,144.4,100,144.2,150,,,,,,,,,,,,,,,,,144.9,100,,,,,,,,,,,,,,,,,,
2026-07-05T02:02:02.353732+00:00,2026-07-05T02:02:02.353665,2,2,144.55,0.3,144.4,100,144.2,150,,,,,,,,,,,,,,,,,144.7,150,144.9,100,,,,,,,,,,,,,,,,
2026-07-05T02:02:02.837358+00:00,2026-07-05T02:02:02.837323,2,2,144.55,0.3,144.4,50,144.2,150,,,,,,,,,,,,,,,,,144.7,150,144.9,100,,,,,,,,,,,,,,,,
2026-07-05T02:02:04.269189+00:00,2026-07-05T02:02:04.269147,1,1,144.45,0.5,144.2,150,,,,,,,,,,,,,,,,,,,144.7,150,,,,,,,,,,,,,,,,,,
2026-07-05T02:02:04.323178+00:00,2026-07-05T02:02:04.323249,2,1,144.45,0.5,144.2,150,144.1,100,,,,,,,,,,,,,,,,,144.7,150,,,,,,,,,,,,,,,,,,
2026-07-05T02:02:04.349459+00:00,2026-07-05T02:02:04.349397,2,1,144.45,0.5,144.2,149,144.1,100,,,,,,,,,,,,,,,,,144.7,150,,,,,,,,,,,,,,,,,,
2026-07-05T02:02:04.373987+00:00,2026-07-05T02:02:04.374159,2,2,144.4,0.4,144.2,149,144.1,100,,,,,,,,,,,,,,,,,144.6,100,144.7,150,,,,,,,,,,,,,,,,
2026-07-05T02:02:04.944501+00:00,2026-07-05T02:02:04.944340,2,2,144.4,0.4,144.2,99,144.1,100,,,,,,,,,,,,,,,,,144.6,100,144.7,150,,,,,,,,,,,,,,,,
2026-07-05T02:02:05.408625+00:00,2026-07-05T02:02:05.408556,1,1,144.35,0.5,144.1,100,,,,,,,,,,,,,,,,,,,144.6,100,,,,,,,,,,,,,,,,,,
2026-07-05T02:02:05.463820+00:00,2026-07-05T02:02:05.463753,2,1,144.35,0.5,144.1,100,144.0,150,,,,,,,,,,,,,,,,,144.6,100,,,,,,,,,,,,,,,,,,
2026-07-05T02:02:05.517810+00:00,2026-07-05T02:02:05.517785,2,2,144.3,0.4,144.1,100,144.0,150,,,,,,,,,,,,,,,,,144.5,150,144.6,100,,,,,,,,,,,,,,,,
2026-07-05T02:02:06.745731+00:00,2026-07-05T02:02:06.745605,2,2,144.3,0.4,144.1,58,144.0,150,,,,,,,,,,,,,,,,,144.5,150,144.6,100,,,,,,,,,,,,,,,,
2026-07-05T02:02:07.050095+00:00,2026-07-05T02:02:07.050062,2,2,144.3,0.4,144.1,8,144.0,150,,,,,,,,,,,,,,,,,144.5,150,144.6,100,,,,,,,,,,,,,,,,
2026-07-05T02:02:07.427568+00:00,2026-07-05T02:02:07.427516,2,1,144.3,0.4,144.1,8,144.0,150,,,,,,,,,,,,,,,,,144.5,150,,,,,,,,,,,,,,,,,,
2026-07-05T02:02:07.432755+00:00,2026-07-05T02:02:07.432669,1,1,144.25,0.5,144.0,150,,,,,,,,,,,,,,,,,,,144.5,150,,,,,,,,,,,,,,,,,,
2026-07-05T02:02:07.485473+00:00,2026-07-05T02:02:07.485546,2,1,144.25,0.5,144.0,150,143.7,100,,,,,,,,,,,,,,,,,144.5,150,,,,,,,,,,,,,,,,,,
2026-07-05T02:02:07.535350+00:00,2026-07-05T02:02:07.535268,2,2,144.1,0.2,144.0,150,143.7,100,,,,,,,,,,,,,,,,,144.2,100,144.5,150,,,,,,,,,,,,,,,,
2026-07-05T02:02:07.958549+00:00,2026-07-05T02:02:07.958327,2,2,144.1,0.2,144.0,150,143.7,100,,,,,,,,,,,,,,,,,144.2,53,144.5,150,,,,,,,,,,,,,,,,
2026-07-05T02:02:08.566895+00:00,2026-07-05T02:02:08.567058,2,1,144.1,0.2,144.0,150,143.7,100,,,,,,,,,,,,,,,,,144.2,53,,,,,,,,,,,,,,,,,,
2026-07-05T02:02:08.572329+00:00,2026-07-05T02:02:08.572213,1,1,143.95,0.5,143.7,100,,,,,,,,,,,,,,,,,,,144.2,53,,,,,,,,,,,,,,,,,,
2026-07-05T02:02:08.625272+00:00,2026-07-05T02:02:08.625221,2,1,144.0,0.4,143.8,150,143.7,100,,,,,,,,,,,,,,,,,144.2,53,,,,,,,,,,,,,,,,,,
2026-07-05T02:02:08.684631+00:00,2026-07-05T02:02:08.684520,2,2,144.0,0.4,143.8,150,143.7,100,,,,,,,,,,,,,,,,,144.2,53,144.3,150,,,,,,,,,,,,,,,,
2026-07-05T02:02:09.158545+00:00,2026-07-05T02:02:09.157705,2,2,144.0,0.4,143.8,100,143.7,100,,,,,,,,,,,,,,,,,144.2,53,144.3,150,,,,,,,,,,,,,,,,
2026-07-05T02:02:10.090988+00:00,2026-07-05T02:02:10.087157,2,2,144.0,0.4,143.8,100,143.7,100,,,,,,,,,,,,,,,,,144.2,50,144.3,150,,,,,,,,,,,,,,,,
2026-07-05T02:02:10.590690+00:00,2026-07-05T02:02:10.590594,1,1,144.05,0.5,143.8,100,,,,,,,,,,,,,,,,,,,144.3,150,,,,,,,,,,,,,,,,,,
2026-07-05T02:02:10.644714+00:00,2026-07-05T02:02:10.644578,2,1,144.1,0.4,143.9,100,143.8,100,,,,,,,,,,,,,,,,,144.3,150,,,,,,,,,,,,,,,,,,
2026-07-05T02:02:10.699791+00:00,2026-07-05T02:02:10.699683,2,2,144.1,0.4,143.9,100,143.8,100,,,,,,,,,,,,,,,,,144.3,150,144.4,100,,,,,,,,,,,,,,,,
2026-07-05T02:02:11.265312+00:00,2026-07-05T02:02:11.265246,2,2,144.1,0.4,143.9,50,143.8,100,,,,,,,,,,,,,,,,,144.3,150,144.4,100,,,,,,,,,,,,,,,,
2026-07-05T02:02:11.664116+00:00,2026-07-05T02:02:11.664006,2,2,144.1,0.4,143.9,50,143.8,100,,,,,,,,,,,,,,,,,144.3,106,144.4,100,,,,,,,,,,,,,,,,
2026-07-05T02:02:11.768694+00:00,2026-07-05T02:02:11.769401,1,1,144.15,0.5,143.9,50,,,,,,,,,,,,,,,,,,,144.4,100,,,,,,,,,,,,,,,,,,
2026-07-05T02:02:11.796708+00:00,2026-07-05T02:02:11.796666,2,1,144.2,0.4,144.0,150,143.9,50,,,,,,,,,,,,,,,,,144.4,100,,,,,,,,,,,,,,,,,,
2026-07-05T02:02:11.864219+00:00,2026-07-05T02:02:11.864031,2,2,144.2,0.4,144.0,150,143.9,50,,,,,,,,,,,,,,,,,144.4,100,144.5,150,,,,,,,,,,,,,,,,
2026-07-05T02:02:13.372285+00:00,2026-07-05T02:02:13.372238,2,2,144.2,0.4,144.0,100,143.9,50,,,,,,,,,,,,,,,,,144.4,100,144.5,150,,,,,,,,,,,,,,,,
2026-07-05T02:02:13.758552+00:00,2026-07-05T02:02:13.753727,1,1,144.25,0.5,144.0,100,,,,,,,,,,,,,,,,,,,144.5,150,,,,,,,,,,,,,,,,,,
2026-07-05T02:02:13.808987+00:00,2026-07-05T02:02:13.808914,2,1,144.25,0.5,144.0,100,143.8,100,,,,,,,,,,,,,,,,,144.5,150,,,,,,,,,,,,,,,,,,
2026-07-05T02:02:13.858574+00:00,2026-07-05T02:02:13.857415,2,2,144.15,0.3,144.0,100,143.8,100,,,,,,,,,,,,,,,,,144.3,100,144.5,150,,,,,,,,,,,,,,,,
2026-07-05T02:02:13.999962+00:00,2026-07-05T02:02:14.000083,2,2,144.15,0.3,144.0,52,143.8,100,,,,,,,,,,,,,,,,,144.3,100,144.5,150,,,,,,,,,,,,,,,,
2026-07-05T02:02:14.899895+00:00,2026-07-05T02:02:14.899812,2,1,144.15,0.3,144.0,52,143.8,100,,,,,,,,,,,,,,,,,144.3,100,,,,,,,,,,,,,,,,,,
2026-07-05T02:02:14.905000+00:00,2026-07-05T02:02:14.904971,1,1,144.05,0.5,143.8,100,,,,,,,,,,,,,,,,,,,144.3,100,,,,,,,,,,,,,,,,,,
2026-07-05T02:02:14.958549+00:00,2026-07-05T02:02:14.958408,2,1,144.05,0.5,143.8,100,143.6,150,,,,,,,,,,,,,,,,,144.3,100,,,,,,,,,,,,,,,,,,
2026-07-05T02:02:15.017972+00:00,2026-07-05T02:02:15.012254,2,2,143.9,0.2,143.8,100,143.6,150,,,,,,,,,,,,,,,,,144.0,147,144.3,100,,,,,,,,,,,,,,,,
2026-07-05T02:02:15.372388+00:00,2026-07-05T02:02:15.359541,2,2,143.9,0.2,143.8,100,143.6,150,,,,,,,,,,,,,,,,,144.0,136,144.3,100,,,,,,,,,,,,,,,,
2026-07-05T02:02:15.387937+00:00,2026-07-05T02:02:15.387795,2,2,143.9,0.2,143.8,100,143.6,150,,,,,,,,,,,,,,,,,144.0,134,144.3,100,,,,,,,,,,,,,,,,
2026-07-05T02:02:15.488565+00:00,2026-07-05T02:02:15.488421,2,2,143.9,0.2,143.8,50,143.6,150,,,,,,,,,,,,,,,,,144.0,134,144.3,100,,,,,,,,,,,,,,,,
2026-07-05T02:02:16.393726+00:00,2026-07-05T02:02:16.393701,2,2,143.9,0.2,143.8,50,143.6,150,,,,,,,,,,,,,,,,,144.0,133,144.3,100,,,,,,,,,,,,,,,,
2026-07-05T02:02:16.913063+00:00,2026-07-05T02:02:16.912940,1,1,143.8,0.4,143.6,150,,,,,,,,,,,,,,,,,,,144.0,133,,,,,,,,,,,,,,,,,,
2026-07-05T02:02:16.968948+00:00,2026-07-05T02:02:16.968875,2,1,143.85,0.3,143.7,100,143.6,150,,,,,,,,,,,,,,,,,144.0,133,,,,,,,,,,,,,,,,,,
2026-07-05T02:02:17.020993+00:00,2026-07-05T02:02:17.020871,2,2,143.85,0.3,143.7,100,143.6,150,,,,,,,,,,,,,,,,,144.0,133,144.2,100,,,,,,,,,,,,,,,,
2026-07-05T02:02:17.117479+00:00,2026-07-05T02:02:17.117416,2,2,143.85,0.3,143.7,52,143.6,150,,,,,,,,,,,,,,,,,144.0,133,144.2,100,,,,,,,,,,,,,,,,
2026-07-05T02:02:18.065331+00:00,2026-07-05T02:02:18.065263,1,1,143.95,0.5,143.7,52,,,,,,,,,,,,,,,,,,,144.2,100,,,,,,,,,,,,,,,,,,
2026-07-05T02:02:18.119122+00:00,2026-07-05T02:02:18.119053,1,1,143.95,0.5,143.7,202,,,,,,,,,,,,,,,,,,,144.2,100,,,,,,,,,,,,,,,,,,
2026-07-05T02:02:18.169229+00:00,2026-07-05T02:02:18.169186,1,1,143.95,0.5,143.7,202,,,,,,,,,,,,,,,,,,,144.2,250,,,,,,,,,,,,,,,,,,
2026-07-05T02:02:19.651902+00:00,2026-07-05T02:02:19.651748,1,1,143.95,0.5,143.7,202,,,,,,,,,,,,,,,,,,,144.2,200,,,,,,,,,,,,,,,,,,
2026-07-05T02:02:19.809729+00:00,2026-07-05T02:02:19.809661,1,1,143.95,0.5,143.7,202,,,,,,,,,,,,,,,,,,,144.2,157,,,,,,,,,,,,,,,,,,
2026-07-05T02:02:20.075740+00:00,2026-07-05T02:02:20.075657,1,1,143.95,0.5,143.7,202,,,,,,,,,,,,,,,,,,,144.2,150,,,,,,,,,,,,,,,,,,
2026-07-05T02:02:20.080926+00:00,2026-07-05T02:02:20.080835,1,1,143.95,0.5,143.7,150,,,,,,,,,,,,,,,,,,,144.2,150,,,,,,,,,,,,,,,,,,
2026-07-05T02:02:20.133234+00:00,2026-07-05T02:02:20.133199,2,1,143.95,0.5,143.7,150,143.6,100,,,,,,,,,,,,,,,,,144.2,150,,,,,,,,,,,,,,,,,,
2026-07-05T02:02:20.186157+00:00,2026-07-05T02:02:20.186072,2,2,143.9,0.4,143.7,150,143.6,100,,,,,,,,,,,,,,,,,144.1,100,144.2,150,,,,,,,,,,,,,,,,
2026-07-05T02:02:21.225249+00:00,2026-07-05T02:02:21.225130,1,1,143.85,0.5,143.6,100,,,,,,,,,,,,,,,,,,,144.1,100,,,,,,,,,,,,,,,,,,
2026-07-05T02:02:21.279257+00:00,2026-07-05T02:02:21.279335,2,1,143.85,0.5,143.6,100,143.5,150,,,,,,,,,,,,,,,,,144.1,100,,,,,,,,,,,,,,,,,,
2026-07-05T02:02:21.330764+00:00,2026-07-05T02:02:21.330685,2,2,143.8,0.4,143.6,100,143.5,150,,,,,,,,,,,,,,,,,144.0,150,144.1,100,,,,,,,,,,,,,,,,
2026-07-05T02:02:21.758574+00:00,2026-07-05T02:02:21.756878,2,2,143.8,0.4,143.6,100,143.5,150,,,,,,,,,,,,,,,,,144.0,100,144.1,100,,,,,,,,,,,,,,,,
2026-07-05T02:02:23.243265+00:00,2026-07-05T02:02:23.243202,1,1,143.75,0.5,143.5,150,,,,,,,,,,,,,,,,,,,144.0,100,,,,,,,,,,,,,,,,,,
2026-07-05T02:02:23.297355+00:00,2026-07-05T02:02:23.297307,2,1,143.8,0.4,143.6,100,143.5,150,,,,,,,,,,,,,,,,,144.0,100,,,,,,,,,,,,,,,,,,
2026-07-05T02:02:23.350258+00:00,2026-07-05T02:02:23.350185,2,2,143.8,0.4,143.6,100,143.5,150,,,,,,,,,,,,,,,,,144.0,100,144.1,100,,,,,,,,,,,,,,,,
2026-07-05T02:02:23.923110+00:00,2026-07-05T02:02:23.923011,2,2,143.8,0.4,143.6,50,143.5,150,,,,,,,,,,,,,,,,,144.0,100,144.1,100,,,,,,,,,,,,,,,,
2026-07-05T02:02:24.386136+00:00,2026-07-05T02:02:24.386063,1,1,143.85,0.5,143.6,50,,,,,,,,,,,,,,,,,,,144.1,100,,,,,,,,,,,,,,,,,,
2026-07-05T02:02:24.439874+00:00,2026-07-05T02:02:24.439802,2,1,143.95,0.3,143.8,150,143.6,50,,,,,,,,,,,,,,,,,144.1,100,,,,,,,,,,,,,,,,,,
2026-07-05T02:02:24.498828+00:00,2026-07-05T02:02:24.498670,2,2,143.95,0.3,143.8,150,143.6,50,,,,,,,,,,,,,,,,,144.1,100,144.3,150,,,,,,,,,,,,,,,,
2026-07-05T02:02:24.900026+00:00,2026-07-05T02:02:24.899963,2,2,143.95,0.3,143.8,150,143.6,50,,,,,,,,,,,,,,,,,144.1,75,144.3,150,,,,,,,,,,,,,,,,
2026-07-05T02:02:26.027410+00:00,2026-07-05T02:02:26.027543,2,2,143.95,0.3,143.8,100,143.6,50,,,,,,,,,,,,,,,,,144.1,75,144.3,150,,,,,,,,,,,,,,,,
2026-07-05T02:02:26.404255+00:00,2026-07-05T02:02:26.404165,1,1,144.05,0.5,143.8,100,,,,,,,,,,,,,,,,,,,144.3,150,,,,,,,,,,,,,,,,,,
2026-07-05T02:02:26.458648+00:00,2026-07-05T02:02:26.447975,2,1,144.05,0.5,143.8,100,143.5,100,,,,,,,,,,,,,,,,,144.3,150,,,,,,,,,,,,,,,,,,
2026-07-05T02:02:26.510194+00:00,2026-07-05T02:02:26.510294,2,2,143.9,0.2,143.8,100,143.5,100,,,,,,,,,,,,,,,,,144.0,100,144.3,150,,,,,,,,,,,,,,,,
2026-07-05T02:02:27.558543+00:00,2026-07-05T02:02:27.554665,1,1,143.75,0.5,143.5,100,,,,,,,,,,,,,,,,,,,144.0,100,,,,,,,,,,,,,,,,,,
2026-07-05T02:02:27.609831+00:00,2026-07-05T02:02:27.609937,1,1,143.75,0.5,143.5,250,,,,,,,,,,,,,,,,,,,144.0,100,,,,,,,,,,,,,,,,,,
2026-07-05T02:02:27.663762+00:00,2026-07-05T02:02:27.663711,1,1,143.75,0.5,143.5,250,,,,,,,,,,,,,,,,,,,144.0,250,,,,,,,,,,,,,,,,,,
2026-07-05T02:02:29.556313+00:00,2026-07-05T02:02:29.556478,1,1,143.75,0.5,143.5,150,,,,,,,,,,,,,,,,,,,144.0,150,,,,,,,,,,,,,,,,,,
2026-07-05T02:02:29.617464+00:00,2026-07-05T02:02:29.617373,2,1,143.75,0.5,143.5,150,143.4,100,,,,,,,,,,,,,,,,,144.0,150,,,,,,,,,,,,,,,,,,
2026-07-05T02:02:29.646595+00:00,2026-07-05T02:02:29.646722,2,1,143.75,0.5,143.5,150,143.4,100,,,,,,,,,,,,,,,,,144.0,107,,,,,,,,,,,,,,,,,,
2026-07-05T02:02:29.669825+00:00,2026-07-05T02:02:29.669735,2,2,143.7,0.4,143.5,150,143.4,100,,,,,,,,,,,,,,,,,143.9,100,144.0,107,,,,,,,,,,,,,,,,
2026-07-05T02:02:29.912544+00:00,2026-07-05T02:02:29.912447,2,2,143.7,0.4,143.5,150,143.4,100,,,,,,,,,,,,,,,,,143.9,75,144.0,107,,,,,,,,,,,,,,,,
2026-07-05T02:02:30.225950+00:00,2026-07-05T02:02:30.225896,2,2,143.7,0.4,143.5,106,143.4,100,,,,,,,,,,,,,,,,,143.9,75,144.0,107,,,,,,,,,,,,,,,,
2026-07-05T02:02:30.720774+00:00,2026-07-05T02:02:30.720700,1,1,143.65,0.5,143.4,100,,,,,,,,,,,,,,,,,,,143.9,75,,,,,,,,,,,,,,,,,,
2026-07-05T02:02:30.774624+00:00,2026-07-05T02:02:30.774770,2,1,143.65,0.5,143.4,100,143.3,150,,,,,,,,,,,,,,,,,143.9,75,,,,,,,,,,,,,,,,,,
2026-07-05T02:02:30.827943+00:00,2026-07-05T02:02:30.827823,2,2,143.6,0.4,143.4,100,143.3,150,,,,,,,,,,,,,,,,,143.8,150,143.9,75,,,,,,,,,,,,,,,,
2026-07-05T02:02:32.358629+00:00,2026-07-05T02:02:32.355114,2,2,143.6,0.4,143.4,50,143.3,150,,,,,,,,,,,,,,,,,143.8,150,143.9,75,,,,,,,,,,,,,,,,
2026-07-05T02:02:32.723089+00:00,2026-07-05T02:02:32.723030,1,1,143.55,0.5,143.3,150,,,,,,,,,,,,,,,,,,,143.8,150,,,,,,,,,,,,,,,,,,
2026-07-05T02:02:32.777697+00:00,2026-07-05T02:02:32.777649,2,1,143.55,0.5,143.3,150,143.2,100,,,,,,,,,,,,,,,,,143.8,150,,,,,,,,,,,,,,,,,,
2026-07-05T02:02:32.830133+00:00,2026-07-05T02:02:32.830070,2,2,143.5,0.4,143.3,150,143.2,100,,,,,,,,,,,,,,,,,143.7,100,143.8,150,,,,,,,,,,,,,,,,
2026-07-05T02:02:32.850724+00:00,2026-07-05T02:02:32.850872,2,2,143.5,0.4,143.3,105,143.2,100,,,,,,,,,,,,,,,,,143.7,100,143.8,150,,,,,,,,,,,,,,,,
2026-07-05T02:02:33.882161+00:00,2026-07-05T02:02:33.882083,1,1,143.45,0.5,143.2,100,,,,,,,,,,,,,,,,,,,143.7,100,,,,,,,,,,,,,,,,,,
2026-07-05T02:02:33.937248+00:00,2026-07-05T02:02:33.937379,2,1,143.45,0.5,143.2,100,143.0,150,,,,,,,,,,,,,,,,,143.7,100,,,,,,,,,,,,,,,,,,
2026-07-05T02:02:33.987880+00:00,2026-07-05T02:02:33.987818,2,2,143.35,0.3,143.2,100,143.0,150,,,,,,,,,,,,,,,,,143.5,150,143.7,100,,,,,,,,,,,,,,,,
2026-07-05T02:02:34.426925+00:00,2026-07-05T02:02:34.426874,2,2,143.35,0.3,143.2,100,143.0,150,,,,,,,,,,,,,,,,,143.5,149,143.7,100,,,,,,,,,,,,,,,,
2026-07-05T02:02:34.463765+00:00,2026-07-05T02:02:34.463869,2,2,143.35,0.3,143.2,50,143.0,150,,,,,,,,,,,,,,,,,143.5,149,143.7,100,,,,,,,,,,,,,,,,
2026-07-05T02:02:34.929922+00:00,2026-07-05T02:02:34.930039,2,2,143.35,0.3,143.2,50,143.0,150,,,,,,,,,,,,,,,,,143.5,124,143.7,100,,,,,,,,,,,,,,,,
2026-07-05T02:02:34.989012+00:00,2026-07-05T02:02:34.983298,2,2,143.35,0.3,143.2,50,143.0,150,,,,,,,,,,,,,,,,,143.5,112,143.7,100,,,,,,,,,,,,,,,,
2026-07-05T02:02:35.438593+00:00,2026-07-05T02:02:35.438673,2,2,143.35,0.3,143.2,50,143.0,150,,,,,,,,,,,,,,,,,143.5,109,143.7,100,,,,,,,,,,,,,,,,
2026-07-05T02:02:35.884786+00:00,2026-07-05T02:02:35.884670,1,1,143.25,0.5,143.0,150,,,,,,,,,,,,,,,,,,,143.5,109,,,,,,,,,,,,,,,,,,
2026-07-05T02:02:35.937219+00:00,2026-07-05T02:02:35.937093,2,1,143.3,0.4,143.1,100,143.0,150,,,,,,,,,,,,,,,,,143.5,109,,,,,,,,,,,,,,,,,,
2026-07-05T02:02:35.991025+00:00,2026-07-05T02:02:35.990915,2,2,143.3,0.4,143.1,100,143.0,150,,,,,,,,,,,,,,,,,143.5,109,143.6,100,,,,,,,,,,,,,,,,
2026-07-05T02:02:36.601364+00:00,2026-07-05T02:02:36.601287,2,2,143.3,0.4,143.1,50,143.0,150,,,,,,,,,,,,,,,,,143.5,109,143.6,100,,,,,,,,,,,,,,,,
2026-07-05T02:02:37.047385+00:00,2026-07-05T02:02:37.047301,1,1,143.35,0.5,143.1,50,,,,,,,,,,,,,,,,,,,143.6,100,,,,,,,,,,,,,,,,,,
2026-07-05T02:02:37.104051+00:00,2026-07-05T02:02:37.103936,1,1,143.35,0.5,143.1,200,,,,,,,,,,,,,,,,,,,143.6,100,,,,,,,,,,,,,,,,,,
2026-07-05T02:02:37.158606+00:00,2026-07-05T02:02:37.154331,1,1,143.35,0.5,143.1,200,,,,,,,,,,,,,,,,,,,143.6,250,,,,,,,,,,,,,,,,,,
2026-07-05T02:02:38.707909+00:00,2026-07-05T02:02:38.707793,1,1,143.35,0.5,143.1,150,,,,,,,,,,,,,,,,,,,143.6,250,,,,,,,,,,,,,,,,,,
2026-07-05T02:02:39.058604+00:00,2026-07-05T02:02:39.046248,1,1,143.35,0.5,143.1,150,,,,,,,,,,,,,,,,,,,143.6,150,,,,,,,,,,,,,,,,,,
2026-07-05T02:02:39.099603+00:00,2026-07-05T02:02:39.099557,2,1,143.35,0.5,143.1,150,142.5,100,,,,,,,,,,,,,,,,,143.6,150,,,,,,,,,,,,,,,,,,
2026-07-05T02:02:39.158709+00:00,2026-07-05T02:02:39.152717,2,1,143.35,0.5,143.1,50,142.5,100,,,,,,,,,,,,,,,,,143.6,150,,,,,,,,,,,,,,,,,,
2026-07-05T02:02:39.532154+00:00,2026-07-05T02:02:39.532431,2,1,143.35,0.5,143.1,50,142.5,100,,,,,,,,,,,,,,,,,143.6,107,,,,,,,,,,,,,,,,,,
2026-07-05T02:02:39.941809+00:00,2026-07-05T02:02:39.941676,2,1,143.35,0.5,143.1,50,142.5,100,,,,,,,,,,,,,,,,,143.6,82,,,,,,,,,,,,,,,,,,
2026-07-05T02:02:40.018666+00:00,2026-07-05T02:02:40.018641,2,1,143.35,0.5,143.1,50,142.5,100,,,,,,,,,,,,,,,,,143.6,33,,,,,,,,,,,,,,,,,,
2026-07-05T02:02:40.210000+00:00,2026-07-05T02:02:40.209883,1,0,,,142.5,100,,,,,,,,,,,,,,,,,,,,,,,,,,,,,,,,,,,,,,
2026-07-05T02:02:40.265311+00:00,2026-07-05T02:02:40.265220,2,0,,,143.0,150,142.5,100,,,,,,,,,,,,,,,,,,,,,,,,,,,,,,,,,,,,
2026-07-05T02:02:40.319542+00:00,2026-07-05T02:02:40.319628,2,1,143.25,0.5,143.0,150,142.5,100,,,,,,,,,,,,,,,,,143.5,150,,,,,,,,,,,,,,,,,,
2026-07-05T02:02:40.477312+00:00,2026-07-05T02:02:40.477172,2,1,143.25,0.5,143.0,105,142.5,100,,,,,,,,,,,,,,,,,143.5,150,,,,,,,,,,,,,,,,,,
2026-07-05T02:02:40.811432+00:00,2026-07-05T02:02:40.811321,2,1,143.25,0.5,143.0,55,142.5,100,,,,,,,,,,,,,,,,,143.5,150,,,,,,,,,,,,,,,,,,
2026-07-05T02:02:41.029585+00:00,2026-07-05T02:02:41.029549,2,1,143.25,0.5,143.0,55,142.5,100,,,,,,,,,,,,,,,,,143.5,102,,,,,,,,,,,,,,,,,,
2026-07-05T02:02:42.208301+00:00,2026-07-05T02:02:42.208174,1,1,143.25,0.5,143.0,55,,,,,,,,,,,,,,,,,,,143.5,102,,,,,,,,,,,,,,,,,,
2026-07-05T02:02:42.258569+00:00,2026-07-05T02:02:42.256795,2,1,143.25,0.5,143.0,55,142.9,100,,,,,,,,,,,,,,,,,143.5,102,,,,,,,,,,,,,,,,,,
2026-07-05T02:02:42.314048+00:00,2026-07-05T02:02:42.313927,2,2,143.2,0.4,143.0,55,142.9,100,,,,,,,,,,,,,,,,,143.4,100,143.5,102,,,,,,,,,,,,,,,,
2026-07-05T02:02:42.920662+00:00,2026-07-05T02:02:42.920575,2,2,143.2,0.4,143.0,5,142.9,100,,,,,,,,,,,,,,,,,143.4,100,143.5,102,,,,,,,,,,,,,,,,
2026-07-05T02:02:43.373357+00:00,2026-07-05T02:02:43.373276,1,1,143.15,0.5,142.9,100,,,,,,,,,,,,,,,,,,,143.4,100,,,,,,,,,,,,,,,,,,
2026-07-05T02:02:43.429051+00:00,2026-07-05T02:02:43.429150,2,1,143.15,0.5,142.9,100,142.7,150,,,,,,,,,,,,,,,,,143.4,100,,,,,,,,,,,,,,,,,,
2026-07-05T02:02:43.487151+00:00,2026-07-05T02:02:43.481349,2,2,143.05,0.3,142.9,100,142.7,150,,,,,,,,,,,,,,,,,143.2,139,143.4,100,,,,,,,,,,,,,,,,
2026-07-05T02:02:44.092275+00:00,2026-07-05T02:02:44.092160,2,2,143.05,0.3,142.9,54,142.7,150,,,,,,,,,,,,,,,,,143.2,139,143.4,100,,,,,,,,,,,,,,,,
2026-07-05T02:02:44.458585+00:00,2026-07-05T02:02:44.452095,2,2,143.05,0.3,142.9,54,142.7,150,,,,,,,,,,,,,,,,,143.2,138,143.4,100,,,,,,,,,,,,,,,,
2026-07-05T02:02:44.665986+00:00,2026-07-05T02:02:44.665884,2,2,143.05,0.3,142.9,54,142.7,150,,,,,,,,,,,,,,,,,143.2,91,143.4,100,,,,,,,,,,,,,,,,
2026-07-05T02:02:44.958602+00:00,2026-07-05T02:02:44.954288,2,2,143.05,0.3,142.9,54,142.7,150,,,,,,,,,,,,,,,,,143.2,66,143.4,100,,,,,,,,,,,,,,,,
2026-07-05T02:02:45.039988+00:00,2026-07-05T02:02:45.039872,2,2,143.05,0.3,142.9,4,142.7,150,,,,,,,,,,,,,,,,,143.2,66,143.4,100,,,,,,,,,,,,,,,,
2026-07-05T02:02:45.152336+00:00,2026-07-05T02:02:45.152255,2,2,143.05,0.3,142.9,4,142.7,150,,,,,,,,,,,,,,,,,143.2,20,143.4,100,,,,,,,,,,,,,,,,
2026-07-05T02:02:45.358100+00:00,2026-07-05T02:02:45.358325,2,1,143.05,0.3,142.9,4,142.7,150,,,,,,,,,,,,,,,,,143.2,20,,,,,,,,,,,,,,,,,,
2026-07-05T02:02:45.369297+00:00,2026-07-05T02:02:45.369220,1,1,142.95,0.5,142.7,150,,,,,,,,,,,,,,,,,,,143.2,20,,,,,,,,,,,,,,,,,,
2026-07-05T02:02:45.421686+00:00,2026-07-05T02:02:45.421569,2,1,142.95,0.5,142.7,150,142.6,100,,,,,,,,,,,,,,,,,143.2,20,,,,,,,,,,,,,,,,,,
2026-07-05T02:02:45.468710+00:00,2026-07-05T02:02:45.468875,2,1,142.95,0.5,142.7,150,142.6,100,,,,,,,,,,,,,,,,,143.2,19,,,,,,,,,,,,,,,,,,
2026-07-05T02:02:45.474131+00:00,2026-07-05T02:02:45.474057,2,2,142.9,0.4,142.7,150,142.6,100,,,,,,,,,,,,,,,,,143.1,100,143.2,19,,,,,,,,,,,,,,,,
2026-07-05T02:02:46.536201+00:00,2026-07-05T02:02:46.536098,1,1,142.85,0.5,142.6,100,,,,,,,,,,,,,,,,,,,143.1,100,,,,,,,,,,,,,,,,,,
2026-07-05T02:02:46.590256+00:00,2026-07-05T02:02:46.590224,2,0,,,143.2,50,142.6,100,,,,,,,,,,,,,,,,,,,,,,,,,,,,,,,,,,,,
2026-07-05T02:02:46.644663+00:00,2026-07-05T02:02:46.644612,2,1,143.45,0.5,143.2,50,142.6,100,,,,,,,,,,,,,,,,,143.7,150,,,,,,,,,,,,,,,,,,
2026-07-05T02:02:47.144276+00:00,2026-07-05T02:02:47.144148,1,1,143.15,1.1,142.6,100,,,,,,,,,,,,,,,,,,,143.7,150,,,,,,,,,,,,,,,,,,
2026-07-05T02:02:47.479448+00:00,2026-07-05T02:02:47.479352,1,1,143.15,1.1,142.6,97,,,,,,,,,,,,,,,,,,,143.7,150,,,,,,,,,,,,,,,,,,
2026-07-05T02:02:48.492645+00:00,2026-07-05T02:02:48.492609,1,1,143.15,1.1,142.6,96,,,,,,,,,,,,,,,,,,,143.7,150,,,,,,,,,,,,,,,,,,
2026-07-05T02:02:48.524683+00:00,2026-07-05T02:02:48.524886,0,1,,,,,,,,,,,,,,,,,,,,,,,143.7,150,,,,,,,,,,,,,,,,,,
2026-07-05T02:02:48.574617+00:00,2026-07-05T02:02:48.574710,1,1,143.3,0.8,142.9,100,,,,,,,,,,,,,,,,,,,143.7,150,,,,,,,,,,,,,,,,,,
2026-07-05T02:02:48.646743+00:00,2026-07-05T02:02:48.646644,1,2,143.15,0.5,142.9,100,,,,,,,,,,,,,,,,,,,143.4,100,143.7,150,,,,,,,,,,,,,,,,
2026-07-05T02:02:49.258538+00:00,2026-07-05T02:02:49.254327,1,2,143.15,0.5,142.9,3,,,,,,,,,,,,,,,,,,,143.4,100,143.7,150,,,,,,,,,,,,,,,,
2026-07-05T02:02:49.698383+00:00,2026-07-05T02:02:49.698490,1,1,143.15,0.5,142.9,3,,,,,,,,,,,,,,,,,,,143.4,100,,,,,,,,,,,,,,,,,,
2026-07-05T02:02:49.752162+00:00,2026-07-05T02:02:49.752279,2,1,143.15,0.5,142.9,3,142.6,150,,,,,,,,,,,,,,,,,143.4,100,,,,,,,,,,,,,,,,,,
2026-07-05T02:02:49.803620+00:00,2026-07-05T02:02:49.803523,2,2,143.0,0.2,142.9,3,142.6,150,,,,,,,,,,,,,,,,,143.1,150,143.4,100,,,,,,,,,,,,,,,,
2026-07-05T02:02:49.975164+00:00,2026-07-05T02:02:49.975058,2,2,143.0,0.2,142.9,3,142.6,150,,,,,,,,,,,,,,,,,143.1,147,143.4,100,,,,,,,,,,,,,,,,
2026-07-05T02:02:50.140062+00:00,2026-07-05T02:02:50.140006,1,2,142.85,0.5,142.6,110,,,,,,,,,,,,,,,,,,,143.1,147,143.4,100,,,,,,,,,,,,,,,,
2026-07-05T02:02:50.502181+00:00,2026-07-05T02:02:50.502048,1,2,142.85,0.5,142.6,110,,,,,,,,,,,,,,,,,,,143.1,141,143.4,100,,,,,,,,,,,,,,,,
2026-07-05T02:02:51.309746+00:00,2026-07-05T02:02:51.309663,1,2,142.85,0.5,142.6,110,,,,,,,,,,,,,,,,,,,143.1,91,143.4,100,,,,,,,,,,,,,,,,
2026-07-05T02:02:51.514296+00:00,2026-07-05T02:02:51.514264,1,2,142.85,0.5,142.6,110,,,,,,,,,,,,,,,,,,,143.1,88,143.4,100,,,,,,,,,,,,,,,,
2026-07-05T02:02:51.701181+00:00,2026-07-05T02:02:51.701073,1,1,142.85,0.5,142.6,110,,,,,,,,,,,,,,,,,,,143.1,88,,,,,,,,,,,,,,,,,,
2026-07-05T02:02:51.758644+00:00,2026-07-05T02:02:51.756121,2,1,142.85,0.5,142.6,110,142.5,100,,,,,,,,,,,,,,,,,143.1,88,,,,,,,,,,,,,,,,,,
2026-07-05T02:02:51.803466+00:00,2026-07-05T02:02:51.803547,2,2,142.8,0.4,142.6,110,142.5,100,,,,,,,,,,,,,,,,,143.0,100,143.1,88,,,,,,,,,,,,,,,,
2026-07-05T02:02:51.813576+00:00,2026-07-05T02:02:51.807424,2,2,142.8,0.4,142.6,110,142.5,100,,,,,,,,,,,,,,,,,143.0,88,143.1,88,,,,,,,,,,,,,,,,
2026-07-05T02:02:52.523216+00:00,2026-07-05T02:02:52.523381,2,2,142.8,0.4,142.6,110,142.5,100,,,,,,,,,,,,,,,,,143.0,87,143.1,88,,,,,,,,,,,,,,,,
2026-07-05T02:02:52.858582+00:00,2026-07-05T02:02:52.856200,1,1,142.75,0.5,142.5,100,,,,,,,,,,,,,,,,,,,143.0,87,,,,,,,,,,,,,,,,,,
2026-07-05T02:02:52.916450+00:00,2026-07-05T02:02:52.916404,2,1,142.8,0.4,142.6,150,142.5,100,,,,,,,,,,,,,,,,,143.0,87,,,,,,,,,,,,,,,,,,
2026-07-05T02:02:52.972098+00:00,2026-07-05T02:02:52.971994,2,2,142.8,0.4,142.6,150,142.5,100,,,,,,,,,,,,,,,,,143.0,87,143.1,150,,,,,,,,,,,,,,,,
2026-07-05T02:02:53.417660+00:00,2026-07-05T02:02:53.417545,2,2,142.8,0.4,142.6,150,142.5,100,,,,,,,,,,,,,,,,,143.0,37,143.1,150,,,,,,,,,,,,,,,,
2026-07-05T02:02:53.531596+00:00,2026-07-05T02:02:53.531755,2,2,142.8,0.4,142.6,150,142.5,100,,,,,,,,,,,,,,,,,143.0,31,143.1,150,,,,,,,,,,,,,,,,
2026-07-05T02:02:54.546013+00:00,2026-07-05T02:02:54.545975,2,2,142.8,0.4,142.6,150,142.5,100,,,,,,,,,,,,,,,,,143.0,28,143.1,150,,,,,,,,,,,,,,,,
2026-07-05T02:02:54.856408+00:00,2026-07-05T02:02:54.856569,1,1,142.85,0.5,142.6,150,,,,,,,,,,,,,,,,,,,143.1,150,,,,,,,,,,,,,,,,,,
2026-07-05T02:02:54.916276+00:00,2026-07-05T02:02:54.916211,2,1,142.95,0.3,142.8,100,142.6,150,,,,,,,,,,,,,,,,,143.1,150,,,,,,,,,,,,,,,,,,
2026-07-05T02:02:54.968925+00:00,2026-07-05T02:02:54.968857,2,2,142.95,0.3,142.8,100,142.6,150,,,,,,,,,,,,,,,,,143.1,150,143.3,100,,,,,,,,,,,,,,,,
2026-07-05T02:02:55.368801+00:00,2026-07-05T02:02:55.362746,2,2,142.95,0.3,142.8,100,142.6,150,,,,,,,,,,,,,,,,,143.1,139,143.3,100,,,,,,,,,,,,,,,,
2026-07-05T02:02:55.553754+00:00,2026-07-05T02:02:55.553921,2,2,142.95,0.3,142.8,100,142.6,150,,,,,,,,,,,,,,,,,143.1,81,143.3,100,,,,,,,,,,,,,,,,
2026-07-05T02:02:56.026281+00:00,2026-07-05T02:02:56.026183,1,1,143.05,0.5,142.8,100,,,,,,,,,,,,,,,,,,,143.3,100,,,,,,,,,,,,,,,,,,
2026-07-05T02:02:56.080916+00:00,2026-07-05T02:02:56.080823,2,1,143.2,0.2,143.1,150,142.8,100,,,,,,,,,,,,,,,,,143.3,100,,,,,,,,,,,,,,,,,,
2026-07-05T02:02:56.134742+00:00,2026-07-05T02:02:56.134545,2,2,143.2,0.2,143.1,150,142.8,100,,,,,,,,,,,,,,,,,143.3,100,143.6,150,,,,,,,,,,,,,,,,
2026-07-05T02:02:57.658542+00:00,2026-07-05T02:02:57.654145,2,2,143.2,0.2,143.1,150,142.8,100,,,,,,,,,,,,,,,,,143.3,50,143.6,150,,,,,,,,,,,,,,,,
2026-07-05T02:02:58.022614+00:00,2026-07-05T02:02:58.022718,1,1,143.35,0.5,143.1,150,,,,,,,,,,,,,,,,,,,143.6,150,,,,,,,,,,,,,,,,,,
2026-07-05T02:02:58.076865+00:00,2026-07-05T02:02:58.076721,2,1,143.4,0.4,143.2,100,143.1,150,,,,,,,,,,,,,,,,,143.6,150,,,,,,,,,,,,,,,,,,
2026-07-05T02:02:58.129452+00:00,2026-07-05T02:02:58.129388,2,2,143.4,0.4,143.2,100,143.1,150,,,,,,,,,,,,,,,,,143.6,150,143.7,100,,,,,,,,,,,,,,,,
2026-07-05T02:02:59.183552+00:00,2026-07-05T02:02:59.183471,2,1,143.45,0.5,143.2,100,143.1,150,,,,,,,,,,,,,,,,,143.7,100,,,,,,,,,,,,,,,,,,
2026-07-05T02:02:59.188706+00:00,2026-07-05T02:02:59.188631,1,1,143.45,0.5,143.2,100,,,,,,,,,,,,,,,,,,,143.7,100,,,,,,,,,,,,,,,,,,
2026-07-05T02:02:59.243643+00:00,2026-07-05T02:02:59.243777,2,1,143.45,0.5,143.2,100,143.1,150,,,,,,,,,,,,,,,,,143.7,100,,,,,,,,,,,,,,,,,,
2026-07-05T02:02:59.298702+00:00,2026-07-05T02:02:59.298612,2,2,143.4,0.4,143.2,100,143.1,150,,,,,,,,,,,,,,,,,143.6,150,143.7,100,,,,,,,,,,,,,,,,
2026-07-05T02:02:59.799275+00:00,2026-07-05T02:02:59.799429,2,2,143.4,0.4,143.2,100,143.1,150,,,,,,,,,,,,,,,,,143.6,100,143.7,100,,,,,,,,,,,,,,,,
2026-07-05T02:02:59.903245+00:00,2026-07-05T02:02:59.897868,2,2,143.4,0.4,143.2,77,143.1,150,,,,,,,,,,,,,,,,,143.6,100,143.7,100,,,,,,,,,,,,,,,,
2026-07-05T02:03:01.182838+00:00,2026-07-05T02:03:01.183034,1,1,143.35,0.5,143.1,150,,,,,,,,,,,,,,,,,,,143.6,100,,,,,,,,,,,,,,,,,,
2026-07-05T02:03:01.231981+00:00,2026-07-05T02:03:01.232103,2,1,143.35,0.5,143.1,150,142.8,100,,,,,,,,,,,,,,,,,143.6,100,,,,,,,,,,,,,,,,,,
2026-07-05T02:03:01.284535+00:00,2026-07-05T02:03:01.284416,2,2,143.2,0.2,143.1,150,142.8,100,,,,,,,,,,,,,,,,,143.3,100,143.6,100,,,,,,,,,,,,,,,,
2026-07-05T02:03:01.904282+00:00,2026-07-05T02:03:01.904259,2,2,143.2,0.2,143.1,150,142.8,100,,,,,,,,,,,,,,,,,143.3,50,143.6,100,,,,,,,,,,,,,,,,
2026-07-05T02:03:02.358623+00:00,2026-07-05T02:03:02.353596,1,1,143.05,0.5,142.8,100,,,,,,,,,,,,,,,,,,,143.3,50,,,,,,,,,,,,,,,,,,
2026-07-05T02:03:02.409666+00:00,2026-07-05T02:03:02.409535,2,1,143.25,0.1,143.2,150,142.8,100,,,,,,,,,,,,,,,,,143.3,50,,,,,,,,,,,,,,,,,,
2026-07-05T02:03:02.458604+00:00,2026-07-05T02:03:02.456070,2,2,143.25,0.1,143.2,150,142.8,100,,,,,,,,,,,,,,,,,143.3,50,143.7,150,,,,,,,,,,,,,,,,
2026-07-05T02:03:04.017821+00:00,2026-07-05T02:03:04.017606,2,2,143.25,0.1,143.2,150,142.8,100,,,,,,,,,,,,,,,,,143.3,5,143.7,150,,,,,,,,,,,,,,,,
2026-07-05T02:03:04.022938+00:00,2026-07-05T02:03:04.022842,2,1,143.45,0.5,143.2,150,142.8,100,,,,,,,,,,,,,,,,,143.7,105,,,,,,,,,,,,,,,,,,
2026-07-05T02:03:04.339072+00:00,2026-07-05T02:03:04.339000,1,1,143.45,0.5,143.2,150,,,,,,,,,,,,,,,,,,,143.7,105,,,,,,,,,,,,,,,,,,
2026-07-05T02:03:04.398704+00:00,2026-07-05T02:03:04.398657,2,1,143.5,0.4,143.3,100,143.2,150,,,,,,,,,,,,,,,,,143.7,105,,,,,,,,,,,,,,,,,,
2026-07-05T02:03:04.458785+00:00,2026-07-05T02:03:04.458656,2,2,143.5,0.4,143.3,100,143.2,150,,,,,,,,,,,,,,,,,143.7,105,143.8,100,,,,,,,,,,,,,,,,
2026-07-05T02:03:04.487687+00:00,2026-07-05T02:03:04.487533,2,2,143.5,0.4,143.3,59,143.2,150,,,,,,,,,,,,,,,,,143.7,105,143.8,100,,,,,,,,,,,,,,,,
2026-07-05T02:03:05.102920+00:00,2026-07-05T02:03:05.102789,2,2,143.5,0.4,143.3,13,143.2,150,,,,,,,,,,,,,,,,,143.7,105,143.8,100,,,,,,,,,,,,,,,,
2026-07-05T02:03:05.518047+00:00,2026-07-05T02:03:05.518010,1,1,143.55,0.5,143.3,13,,,,,,,,,,,,,,,,,,,143.8,100,,,,,,,,,,,,,,,,,,
2026-07-05T02:03:05.623737+00:00,2026-07-05T02:03:05.616725,2,1,143.65,0.3,143.5,139,143.3,13,,,,,,,,,,,,,,,,,143.8,100,,,,,,,,,,,,,,,,,,
2026-07-05T02:03:05.637519+00:00,2026-07-05T02:03:05.637181,2,1,143.65,0.3,143.5,139,143.3,13,,,,,,,,,,,,,,,,,143.8,54,,,,,,,,,,,,,,,,,,
2026-07-05T02:03:05.659079+00:00,2026-07-05T02:03:05.658910,2,2,143.65,0.3,143.5,139,143.3,13,,,,,,,,,,,,,,,,,143.8,54,144.0,150,,,,,,,,,,,,,,,,
2026-07-05T02:03:06.128060+00:00,2026-07-05T02:03:06.127950,2,2,143.65,0.3,143.5,139,143.3,13,,,,,,,,,,,,,,,,,143.8,4,144.0,150,,,,,,,,,,,,,,,,
2026-07-05T02:03:06.802881+00:00,2026-07-05T02:03:06.797776,2,2,143.65,0.3,143.5,127,143.3,13,,,,,,,,,,,,,,,,,143.8,4,144.0,150,,,,,,,,,,,,,,,,
2026-07-05T02:03:07.505367+00:00,2026-07-05T02:03:07.505346,1,1,143.75,0.5,143.5,127,,,,,,,,,,,,,,,,,,,144.0,150,,,,,,,,,,,,,,,,,,
2026-07-05T02:03:07.558535+00:00,2026-07-05T02:03:07.554749,2,1,143.75,0.5,143.5,127,143.3,100,,,,,,,,,,,,,,,,,144.0,150,,,,,,,,,,,,,,,,,,
2026-07-05T02:03:07.612384+00:00,2026-07-05T02:03:07.612522,2,2,143.65,0.3,143.5,127,143.3,100,,,,,,,,,,,,,,,,,143.8,100,144.0,150,,,,,,,,,,,,,,,,
2026-07-05T02:03:08.306563+00:00,2026-07-05T02:03:08.306740,2,2,143.65,0.3,143.5,77,143.3,100,,,,,,,,,,,,,,,,,143.8,100,144.0,150,,,,,,,,,,,,,,,,
2026-07-05T02:03:08.713989+00:00,2026-07-05T02:03:08.713920,1,1,143.55,0.5,143.3,100,,,,,,,,,,,,,,,,,,,143.8,100,,,,,,,,,,,,,,,,,,
2026-07-05T02:03:08.769645+00:00,2026-07-05T02:03:08.769592,2,1,143.55,0.5,143.3,100,143.2,150,,,,,,,,,,,,,,,,,143.8,100,,,,,,,,,,,,,,,,,,
2026-07-05T02:03:08.821935+00:00,2026-07-05T02:03:08.822026,2,2,143.5,0.4,143.3,100,143.2,150,,,,,,,,,,,,,,,,,143.7,150,143.8,100,,,,,,,,,,,,,,,,
2026-07-05T02:03:10.303168+00:00,2026-07-05T02:03:10.303121,2,2,143.5,0.4,143.3,100,143.2,150,,,,,,,,,,,,,,,,,143.7,106,143.8,100,,,,,,,,,,,,,,,,
2026-07-05T02:03:10.658544+00:00,2026-07-05T02:03:10.657635,1,1,143.45,0.5,143.2,150,,,,,,,,,,,,,,,,,,,143.7,106,,,,,,,,,,,,,,,,,,
2026-07-05T02:03:10.722164+00:00,2026-07-05T02:03:10.721973,2,1,143.45,0.5,143.2,150,143.1,100,,,,,,,,,,,,,,,,,143.7,106,,,,,,,,,,,,,,,,,,
2026-07-05T02:03:10.775662+00:00,2026-07-05T02:03:10.775425,2,2,143.4,0.4,143.2,150,143.1,100,,,,,,,,,,,,,,,,,143.6,100,143.7,106,,,,,,,,,,,,,,,,
2026-07-05T02:03:11.871855+00:00,2026-07-05T02:03:11.871769,1,1,143.35,0.5,143.1,100,,,,,,,,,,,,,,,,,,,143.6,100,,,,,,,,,,,,,,,,,,
2026-07-05T02:03:11.930941+00:00,2026-07-05T02:03:11.930902,2,1,143.45,0.3,143.3,150,143.1,100,,,,,,,,,,,,,,,,,143.6,100,,,,,,,,,,,,,,,,,,
2026-07-05T02:03:11.979706+00:00,2026-07-05T02:03:11.979780,2,2,143.45,0.3,143.3,150,143.1,100,,,,,,,,,,,,,,,,,143.6,100,143.8,150,,,,,,,,,,,,,,,,
2026-07-05T02:03:12.516576+00:00,2026-07-05T02:03:12.516448,2,2,143.45,0.3,143.3,100,143.1,100,,,,,,,,,,,,,,,,,143.6,100,143.8,150,,,,,,,,,,,,,,,,
2026-07-05T02:03:13.829733+00:00,2026-07-05T02:03:13.829642,1,1,143.55,0.5,143.3,100,,,,,,,,,,,,,,,,,,,143.8,150,,,,,,,,,,,,,,,,,,
2026-07-05T02:03:13.884576+00:00,2026-07-05T02:03:13.884657,1,1,143.55,0.5,143.3,200,,,,,,,,,,,,,,,,,,,143.8,150,,,,,,,,,,,,,,,,,,
2026-07-05T02:03:13.889985+00:00,2026-07-05T02:03:13.889849,1,1,143.55,0.5,143.3,156,,,,,,,,,,,,,,,,,,,143.8,150,,,,,,,,,,,,,,,,,,
2026-07-05T02:03:13.937624+00:00,2026-07-05T02:03:13.937547,1,1,143.55,0.5,143.3,156,,,,,,,,,,,,,,,,,,,143.8,250,,,,,,,,,,,,,,,,,,
2026-07-05T02:03:15.037274+00:00,2026-07-05T02:03:15.037186,1,1,143.55,0.5,143.3,100,,,,,,,,,,,,,,,,,,,143.8,100,,,,,,,,,,,,,,,,,,
2026-07-05T02:03:15.091962+00:00,2026-07-05T02:03:15.092088,2,1,143.55,0.5,143.3,100,142.8,150,,,,,,,,,,,,,,,,,143.8,100,,,,,,,,,,,,,,,,,,
2026-07-05T02:03:15.145287+00:00,2026-07-05T02:03:15.145209,1,2,143.05,0.5,142.8,150,,,,,,,,,,,,,,,,,,,143.3,50,143.8,100,,,,,,,,,,,,,,,,
2026-07-05T02:03:16.676360+00:00,2026-07-05T02:03:16.676463,1,1,143.3,1.0,142.8,150,,,,,,,,,,,,,,,,,,,143.8,100,,,,,,,,,,,,,,,,,,
2026-07-05T02:03:16.990875+00:00,2026-07-05T02:03:16.990772,1,0,,,142.8,150,,,,,,,,,,,,,,,,,,,,,,,,,,,,,,,,,,,,,,
2026-07-05T02:03:17.043946+00:00,2026-07-05T02:03:17.043910,1,0,,,142.8,250,,,,,,,,,,,,,,,,,,,,,,,,,,,,,,,,,,,,,,
2026-07-05T02:03:17.100192+00:00,2026-07-05T02:03:17.100319,1,1,143.05,0.5,142.8,250,,,,,,,,,,,,,,,,,,,143.3,100,,,,,,,,,,,,,,,,,,
2026-07-05T02:03:18.202295+00:00,2026-07-05T02:03:18.202195,1,1,143.05,0.5,142.8,100,,,,,,,,,,,,,,,,,,,143.3,100,,,,,,,,,,,,,,,,,,
2026-07-05T02:03:18.258669+00:00,2026-07-05T02:03:18.257950,2,0,,,143.4,50,142.8,100,,,,,,,,,,,,,,,,,,,,,,,,,,,,,,,,,,,,
2026-07-05T02:03:18.326214+00:00,2026-07-05T02:03:18.320758,2,1,143.65,0.5,143.4,39,142.8,100,,,,,,,,,,,,,,,,,143.9,150,,,,,,,,,,,,,,,,,,
2026-07-05T02:03:18.780906+00:00,2026-07-05T02:03:18.780832,2,1,143.65,0.5,143.4,39,142.8,100,,,,,,,,,,,,,,,,,143.9,100,,,,,,,,,,,,,,,,,,
2026-07-05T02:03:19.594109+00:00,2026-07-05T02:03:19.588340,2,1,143.65,0.5,143.4,36,142.8,100,,,,,,,,,,,,,,,,,143.9,100,,,,,,,,,,,,,,,,,,
2026-07-05T02:03:20.158548+00:00,2026-07-05T02:03:20.156101,1,1,143.65,0.5,143.4,36,,,,,,,,,,,,,,,,,,,143.9,100,,,,,,,,,,,,,,,,,,
2026-07-05T02:03:20.210176+00:00,2026-07-05T02:03:20.210024,2,1,143.65,0.5,143.4,36,143.0,100,,,,,,,,,,,,,,,,,143.9,100,,,,,,,,,,,,,,,,,,
2026-07-05T02:03:20.266552+00:00,2026-07-05T02:03:20.266427,2,2,143.45,0.1,143.4,36,143.0,100,,,,,,,,,,,,,,,,,143.5,100,143.9,100,,,,,,,,,,,,,,,,
2026-07-05T02:03:20.888872+00:00,2026-07-05T02:03:20.888801,2,2,143.45,0.1,143.4,36,143.0,100,,,,,,,,,,,,,,,,,143.5,50,143.9,100,,,,,,,,,,,,,,,,
2026-07-05T02:03:21.379476+00:00,2026-07-05T02:03:21.379446,1,1,143.25,0.5,143.0,100,,,,,,,,,,,,,,,,,,,143.5,50,,,,,,,,,,,,,,,,,,
2026-07-05T02:03:21.434620+00:00,2026-07-05T02:03:21.434505,1,1,143.25,0.5,143.0,250,,,,,,,,,,,,,,,,,,,143.5,50,,,,,,,,,,,,,,,,,,
2026-07-05T02:03:21.487183+00:00,2026-07-05T02:03:21.487292,1,1,143.25,0.5,143.0,250,,,,,,,,,,,,,,,,,,,143.5,200,,,,,,,,,,,,,,,,,,
2026-07-05T02:03:21.597902+00:00,2026-07-05T02:03:21.597791,1,1,143.25,0.5,143.0,250,,,,,,,,,,,,,,,,,,,143.5,195,,,,,,,,,,,,,,,,,,
2026-07-05T02:03:22.603074+00:00,2026-07-05T02:03:22.603181,1,1,143.25,0.5,143.0,250,,,,,,,,,,,,,,,,,,,143.5,153,,,,,,,,,,,,,,,,,,
2026-07-05T02:03:22.997773+00:00,2026-07-05T02:03:22.997715,1,1,143.25,0.5,143.0,250,,,,,,,,,,,,,,,,,,,143.5,103,,,,,,,,,,,,,,,,,,
2026-07-05T02:03:23.320681+00:00,2026-07-05T02:03:23.320490,1,1,143.25,0.5,143.0,150,,,,,,,,,,,,,,,,,,,143.5,103,,,,,,,,,,,,,,,,,,
2026-07-05T02:03:23.374913+00:00,2026-07-05T02:03:23.374846,2,1,143.45,0.1,143.4,100,143.0,150,,,,,,,,,,,,,,,,,143.5,103,,,,,,,,,,,,,,,,,,
2026-07-05T02:03:23.428055+00:00,2026-07-05T02:03:23.427950,2,2,143.45,0.1,143.4,100,143.0,150,,,,,,,,,,,,,,,,,143.5,103,143.9,100,,,,,,,,,,,,,,,,
2026-07-05T02:03:24.542433+00:00,2026-07-05T02:03:24.542367,1,1,143.65,0.5,143.4,100,,,,,,,,,,,,,,,,,,,143.9,100,,,,,,,,,,,,,,,,,,
2026-07-05T02:03:24.593498+00:00,2026-07-05T02:03:24.593636,2,1,143.65,0.5,143.4,100,143.2,150,,,,,,,,,,,,,,,,,143.9,100,,,,,,,,,,,,,,,,,,
2026-07-05T02:03:24.649056+00:00,2026-07-05T02:03:24.649020,2,2,143.55,0.3,143.4,100,143.2,150,,,,,,,,,,,,,,,,,143.7,150,143.9,100,,,,,,,,,,,,,,,,
2026-07-05T02:03:25.114618+00:00,2026-07-05T02:03:25.114570,2,2,143.55,0.3,143.4,100,143.2,150,,,,,,,,,,,,,,,,,143.7,100,143.9,100,,,,,,,,,,,,,,,,
2026-07-05T02:03:26.479530+00:00,2026-07-05T02:03:26.479435,1,1,143.45,0.5,143.2,150,,,,,,,,,,,,,,,,,,,143.7,100,,,,,,,,,,,,,,,,,,
2026-07-05T02:03:26.536570+00:00,2026-07-05T02:03:26.536531,2,1,143.65,0.1,143.6,100,143.2,150,,,,,,,,,,,,,,,,,143.7,100,,,,,,,,,,,,,,,,,,
2026-07-05T02:03:26.586238+00:00,2026-07-05T02:03:26.586152,2,2,143.65,0.1,143.6,100,143.2,150,,,,,,,,,,,,,,,,,143.7,100,144.1,100,,,,,,,,,,,,,,,,
2026-07-05T02:03:27.222368+00:00,2026-07-05T02:03:27.222490,2,2,143.65,0.1,143.6,100,143.2,150,,,,,,,,,,,,,,,,,143.7,50,144.1,100,,,,,,,,,,,,,,,,
2026-07-05T02:03:27.702050+00:00,2026-07-05T02:03:27.701968,2,1,143.85,0.5,143.6,100,143.2,150,,,,,,,,,,,,,,,,,144.1,100,,,,,,,,,,,,,,,,,,
2026-07-05T02:03:27.707245+00:00,2026-07-05T02:03:27.707119,1,1,143.85,0.5,143.6,100,,,,,,,,,,,,,,,,,,,144.1,100,,,,,,,,,,,,,,,,,,
2026-07-05T02:03:27.758606+00:00,2026-07-05T02:03:27.757556,2,1,143.95,0.3,143.8,150,143.6,100,,,,,,,,,,,,,,,,,144.1,100,,,,,,,,,,,,,,,,,,
2026-07-05T02:03:27.811210+00:00,2026-07-05T02:03:27.811163,2,2,143.95,0.3,143.8,150,143.6,100,,,,,,,,,,,,,,,,,144.1,100,144.3,150,,,,,,,,,,,,,,,,
2026-07-05T02:03:28.188974+00:00,2026-07-05T02:03:28.188867,2,2,143.95,0.3,143.8,105,143.6,100,,,,,,,,,,,,,,,,,144.1,100,144.3,150,,,,,,,,,,,,,,,,
2026-07-05T02:03:29.328980+00:00,2026-07-05T02:03:29.329166,2,2,143.95,0.3,143.8,105,143.6,100,,,,,,,,,,,,,,,,,144.1,50,144.3,150,,,,,,,,,,,,,,,,
2026-07-05T02:03:29.644277+00:00,2026-07-05T02:03:29.644400,1,1,144.05,0.5,143.8,105,,,,,,,,,,,,,,,,,,,144.3,150,,,,,,,,,,,,,,,,,,
2026-07-05T02:03:29.698682+00:00,2026-07-05T02:03:29.698641,2,1,144.05,0.5,143.8,105,143.7,100,,,,,,,,,,,,,,,,,144.3,150,,,,,,,,,,,,,,,,,,
2026-07-05T02:03:29.758611+00:00,2026-07-05T02:03:29.751781,2,2,144.0,0.4,143.8,105,143.7,100,,,,,,,,,,,,,,,,,144.2,100,144.3,150,,,,,,,,,,,,,,,,
2026-07-05T02:03:30.510017+00:00,2026-07-05T02:03:30.509843,2,2,144.0,0.4,143.8,62,143.7,100,,,,,,,,,,,,,,,,,144.2,100,144.3,150,,,,,,,,,,,,,,,,
2026-07-05T02:03:30.616864+00:00,2026-07-05T02:03:30.616815,2,2,144.0,0.4,143.8,45,143.7,100,,,,,,,,,,,,,,,,,144.2,100,144.3,150,,,,,,,,,,,,,,,,
2026-07-05T02:03:30.871044+00:00,2026-07-05T02:03:30.870938,1,1,143.95,0.5,143.7,100,,,,,,,,,,,,,,,,,,,144.2,100,,,,,,,,,,,,,,,,,,
2026-07-05T02:03:30.926202+00:00,2026-07-05T02:03:30.926141,2,1,143.95,0.5,143.7,100,143.3,150,,,,,,,,,,,,,,,,,144.2,100,,,,,,,,,,,,,,,,,,
2026-07-05T02:03:30.982129+00:00,2026-07-05T02:03:30.981962,2,2,143.75,0.1,143.7,100,143.3,150,,,,,,,,,,,,,,,,,143.8,150,144.2,100,,,,,,,,,,,,,,,,
2026-07-05T02:03:31.436921+00:00,2026-07-05T02:03:31.436876,2,2,143.75,0.1,143.7,100,143.3,150,,,,,,,,,,,,,,,,,143.8,100,144.2,100,,,,,,,,,,,,,,,,
2026-07-05T02:03:32.820224+00:00,2026-07-05T02:03:32.820388,2,1,143.75,0.1,143.7,100,143.3,150,,,,,,,,,,,,,,,,,143.8,100,,,,,,,,,,,,,,,,,,
2026-07-05T02:03:32.825449+00:00,2026-07-05T02:03:32.825522,1,1,143.55,0.5,143.3,150,,,,,,,,,,,,,,,,,,,143.8,100,,,,,,,,,,,,,,,,,,
2026-07-05T02:03:32.874238+00:00,2026-07-05T02:03:32.874131,2,1,143.7,0.2,143.6,100,143.3,150,,,,,,,,,,,,,,,,,143.8,100,,,,,,,,,,,,,,,,,,
2026-07-05T02:03:32.933823+00:00,2026-07-05T02:03:32.933716,2,2,143.7,0.2,143.6,100,143.3,150,,,,,,,,,,,,,,,,,143.8,100,144.1,100,,,,,,,,,,,,,,,,
2026-07-05T02:03:33.595492+00:00,2026-07-05T02:03:33.595367,2,2,143.7,0.2,143.6,50,143.3,150,,,,,,,,,,,,,,,,,143.8,100,144.1,100,,,,,,,,,,,,,,,,
2026-07-05T02:03:34.056872+00:00,2026-07-05T02:03:34.057071,1,1,143.85,0.5,143.6,50,,,,,,,,,,,,,,,,,,,144.1,100,,,,,,,,,,,,,,,,,,
2026-07-05T02:03:34.109464+00:00,2026-07-05T02:03:34.109319,2,1,143.85,0.5,143.6,50,143.5,150,,,,,,,,,,,,,,,,,144.1,100,,,,,,,,,,,,,,,,,,
2026-07-05T02:03:34.163716+00:00,2026-07-05T02:03:34.163932,2,2,143.8,0.4,143.6,50,143.5,150,,,,,,,,,,,,,,,,,144.0,150,144.1,100,,,,,,,,,,,,,,,,
2026-07-05T02:03:34.543906+00:00,2026-07-05T02:03:34.543806,2,2,143.8,0.4,143.6,4,143.5,150,,,,,,,,,,,,,,,,,144.0,150,144.1,100,,,,,,,,,,,,,,,,
2026-07-05T02:03:35.092423+00:00,2026-07-05T02:03:35.092298,2,2,143.8,0.4,143.6,4,143.5,150,,,,,,,,,,,,,,,,,144.0,103,144.1,100,,,,,,,,,,,,,,,,
2026-07-05T02:03:35.702124+00:00,2026-07-05T02:03:35.702302,1,2,143.75,0.5,143.5,104,,,,,,,,,,,,,,,,,,,144.0,103,144.1,100,,,,,,,,,,,,,,,,
2026-07-05T02:03:35.987076+00:00,2026-07-05T02:03:35.987047,1,1,143.75,0.5,143.5,104,,,,,,,,,,,,,,,,,,,144.0,103,,,,,,,,,,,,,,,,,,
2026-07-05T02:03:36.039843+00:00,2026-07-05T02:03:36.039948,2,1,143.75,0.5,143.5,104,143.4,100,,,,,,,,,,,,,,,,,144.0,103,,,,,,,,,,,,,,,,,,
2026-07-05T02:03:36.092864+00:00,2026-07-05T02:03:36.092791,2,2,143.7,0.4,143.5,104,143.4,100,,,,,,,,,,,,,,,,,143.9,100,144.0,103,,,,,,,,,,,,,,,,
2026-07-05T02:03:37.219160+00:00,2026-07-05T02:03:37.219056,2,1,143.7,0.4,143.5,104,143.4,100,,,,,,,,,,,,,,,,,143.9,100,,,,,,,,,,,,,,,,,,
2026-07-05T02:03:37.224134+00:00,2026-07-05T02:03:37.224210,1,1,143.65,0.5,143.4,100,,,,,,,,,,,,,,,,,,,143.9,100,,,,,,,,,,,,,,,,,,
2026-07-05T02:03:37.276389+00:00,2026-07-05T02:03:37.276464,2,1,143.75,0.3,143.6,150,143.4,100,,,,,,,,,,,,,,,,,143.9,100,,,,,,,,,,,,,,,,,,
2026-07-05T02:03:37.330208+00:00,2026-07-05T02:03:37.330274,2,2,143.75,0.3,143.6,150,143.4,100,,,,,,,,,,,,,,,,,143.9,100,144.1,150,,,,,,,,,,,,,,,,
2026-07-05T02:03:37.756732+00:00,2026-07-05T02:03:37.756874,2,2,143.75,0.3,143.6,150,143.4,100,,,,,,,,,,,,,,,,,143.9,50,144.1,150,,,,,,,,,,,,,,,,
2026-07-05T02:03:39.147553+00:00,2026-07-05T02:03:39.147450,1,1,143.85,0.5,143.6,150,,,,,,,,,,,,,,,,,,,144.1,150,,,,,,,,,,,,,,,,,,
2026-07-05T02:03:39.202175+00:00,2026-07-05T02:03:39.202080,2,1,143.9,0.4,143.7,100,143.6,150,,,,,,,,,,,,,,,,,144.1,150,,,,,,,,,,,,,,,,,,
2026-07-05T02:03:39.258626+00:00,2026-07-05T02:03:39.254815,2,2,143.9,0.4,143.7,100,143.6,150,,,,,,,,,,,,,,,,,144.1,150,144.2,100,,,,,,,,,,,,,,,,
2026-07-05T02:03:39.817080+00:00,2026-07-05T02:03:39.816951,2,2,143.9,0.4,143.7,58,143.6,150,,,,,,,,,,,,,,,,,144.1,150,144.2,100,,,,,,,,,,,,,,,,
2026-07-05T02:03:39.866545+00:00,2026-07-05T02:03:39.866485,2,2,143.9,0.4,143.7,58,143.6,150,,,,,,,,,,,,,,,,,144.1,100,144.2,100,,,,,,,,,,,,,,,,
2026-07-05T02:03:40.389244+00:00,2026-07-05T02:03:40.389215,1,1,143.95,0.5,143.7,58,,,,,,,,,,,,,,,,,,,144.2,100,,,,,,,,,,,,,,,,,,
2026-07-05T02:03:40.445537+00:00,2026-07-05T02:03:40.445478,2,1,144.05,0.3,143.9,150,143.7,58,,,,,,,,,,,,,,,,,144.2,100,,,,,,,,,,,,,,,,,,
2026-07-05T02:03:40.494172+00:00,2026-07-05T02:03:40.494066,2,2,144.05,0.3,143.9,150,143.7,58,,,,,,,,,,,,,,,,,144.2,100,144.4,150,,,,,,,,,,,,,,,,
2026-07-05T02:03:41.952336+00:00,2026-07-05T02:03:41.939114,2,2,144.05,0.3,143.9,150,143.7,58,,,,,,,,,,,,,,,,,144.2,55,144.4,150,,,,,,,,,,,,,,,,
2026-07-05T02:03:41.972907+00:00,2026-07-05T02:03:41.972981,2,2,144.05,0.3,143.9,150,143.7,58,,,,,,,,,,,,,,,,,144.2,5,144.4,150,,,,,,,,,,,,,,,,
2026-07-05T02:03:42.303949+00:00,2026-07-05T02:03:42.303875,2,1,144.15,0.5,143.9,150,143.7,58,,,,,,,,,,,,,,,,,144.4,150,,,,,,,,,,,,,,,,,,
2026-07-05T02:03:42.308949+00:00,2026-07-05T02:03:42.309019,1,1,144.15,0.5,143.9,150,,,,,,,,,,,,,,,,,,,144.4,150,,,,,,,,,,,,,,,,,,
2026-07-05T02:03:42.358639+00:00,2026-07-05T02:03:42.356981,2,1,144.15,0.5,143.9,150,143.7,100,,,,,,,,,,,,,,,,,144.4,150,,,,,,,,,,,,,,,,,,
2026-07-05T02:03:42.414882+00:00,2026-07-05T02:03:42.414811,2,2,144.05,0.3,143.9,150,143.7,100,,,,,,,,,,,,,,,,,144.2,100,144.4,150,,,,,,,,,,,,,,,,
2026-07-05T02:03:42.641996+00:00,2026-07-05T02:03:42.641893,2,2,144.05,0.3,143.9,141,143.7,100,,,,,,,,,,,,,,,,,144.2,100,144.4,150,,,,,,,,,,,,,,,,
2026-07-05T02:03:43.265663+00:00,2026-07-05T02:03:43.259121,2,2,144.05,0.3,143.9,138,143.7,100,,,,,,,,,,,,,,,,,144.2,100,144.4,150,,,,,,,,,,,,,,,,
2026-07-05T02:03:43.558607+00:00,2026-07-05T02:03:43.553987,1,1,143.95,0.5,143.7,100,,,,,,,,,,,,,,,,,,,144.2,100,,,,,,,,,,,,,,,,,,
2026-07-05T02:03:43.607274+00:00,2026-07-05T02:03:43.607217,2,1,143.95,0.5,143.7,100,143.6,150,,,,,,,,,,,,,,,,,144.2,100,,,,,,,,,,,,,,,,,,
2026-07-05T02:03:43.658611+00:00,2026-07-05T02:03:43.656426,2,2,143.9,0.4,143.7,100,143.6,150,,,,,,,,,,,,,,,,,144.1,150,144.2,100,,,,,,,,,,,,,,,,
2026-07-05T02:03:43.915588+00:00,2026-07-05T02:03:43.915505,2,2,143.9,0.4,143.7,56,143.6,150,,,,,,,,,,,,,,,,,144.1,150,144.2,100,,,,,,,,,,,,,,,,
2026-07-05T02:03:44.131069+00:00,2026-07-05T02:03:44.131203,2,2,143.9,0.4,143.7,6,143.6,150,,,,,,,,,,,,,,,,,144.1,150,144.2,100,,,,,,,,,,,,,,,,
2026-07-05T02:03:45.468701+00:00,2026-07-05T02:03:45.468634,1,1,143.85,0.5,143.6,150,,,,,,,,,,,,,,,,,,,144.1,150,,,,,,,,,,,,,,,,,,
2026-07-05T02:03:45.554644+00:00,2026-07-05T02:03:45.554516,2,1,143.85,0.5,143.6,150,143.4,100,,,,,,,,,,,,,,,,,144.1,150,,,,,,,,,,,,,,,,,,
2026-07-05T02:03:45.607866+00:00,2026-07-05T02:03:45.607675,2,2,143.7,0.2,143.6,150,143.4,100,,,,,,,,,,,,,,,,,143.8,100,144.1,150,,,,,,,,,,,,,,,,
2026-07-05T02:03:46.241645+00:00,2026-07-05T02:03:46.241580,2,2,143.7,0.2,143.6,100,143.4,100,,,,,,,,,,,,,,,,,143.8,100,144.1,150,,,,,,,,,,,,,,,,
2026-07-05T02:03:46.718981+00:00,2026-07-05T02:03:46.718947,1,1,143.6,0.4,143.4,100,,,,,,,,,,,,,,,,,,,143.8,100,,,,,,,,,,,,,,,,,,
2026-07-05T02:03:46.772698+00:00,2026-07-05T02:03:46.772610,1,1,143.6,0.4,143.4,250,,,,,,,,,,,,,,,,,,,143.8,100,,,,,,,,,,,,,,,,,,
2026-07-05T02:03:46.828881+00:00,2026-07-05T02:03:46.828961,1,2,143.6,0.4,143.4,250,,,,,,,,,,,,,,,,,,,143.8,100,143.9,150,,,,,,,,,,,,,,,,
2026-07-05T02:03:48.279076+00:00,2026-07-05T02:03:48.279197,1,2,143.6,0.4,143.4,250,,,,,,,,,,,,,,,,,,,143.8,58,143.9,150,,,,,,,,,,,,,,,,
2026-07-05T02:03:48.296702+00:00,2026-07-05T02:03:48.296813,1,2,143.6,0.4,143.4,250,,,,,,,,,,,,,,,,,,,143.8,8,143.9,150,,,,,,,,,,,,,,,,
2026-07-05T02:03:48.658609+00:00,2026-07-05T02:03:48.657620,1,1,143.65,0.5,143.4,150,,,,,,,,,,,,,,,,,,,143.9,150,,,,,,,,,,,,,,,,,,
2026-07-05T02:03:48.716183+00:00,2026-07-05T02:03:48.716082,2,1,143.8,0.2,143.7,100,143.4,150,,,,,,,,,,,,,,,,,143.9,150,,,,,,,,,,,,,,,,,,
2026-07-05T02:03:48.769179+00:00,2026-07-05T02:03:48.769112,2,2,143.8,0.2,143.7,100,143.4,150,,,,,,,,,,,,,,,,,143.9,150,144.2,100,,,,,,,,,,,,,,,,
2026-07-05T02:03:48.819699+00:00,2026-07-05T02:03:48.819640,2,2,143.8,0.2,143.7,100,143.4,150,,,,,,,,,,,,,,,,,143.9,105,144.2,100,,,,,,,,,,,,,,,,
2026-07-05T02:03:49.883452+00:00,2026-07-05T02:03:49.883605,1,1,143.95,0.5,143.7,100,,,,,,,,,,,,,,,,,,,144.2,100,,,,,,,,,,,,,,,,,,
2026-07-05T02:03:49.938143+00:00,2026-07-05T02:03:49.938250,2,1,143.95,0.5,143.7,100,143.6,150,,,,,,,,,,,,,,,,,144.2,100,,,,,,,,,,,,,,,,,,
2026-07-05T02:03:49.991825+00:00,2026-07-05T02:03:49.991718,2,2,143.9,0.4,143.7,100,143.6,150,,,,,,,,,,,,,,,,,144.1,150,144.2,100,,,,,,,,,,,,,,,,
2026-07-05T02:03:50.402978+00:00,2026-07-05T02:03:50.402932,2,2,143.9,0.4,143.7,100,143.6,150,,,,,,,,,,,,,,,,,144.1,100,144.2,100,,,,,,,,,,,,,,,,
2026-07-05T02:03:51.823460+00:00,2026-07-05T02:03:51.823383,1,1,143.85,0.5,143.6,150,,,,,,,,,,,,,,,,,,,144.1,100,,,,,,,,,,,,,,,,,,
2026-07-05T02:03:51.877196+00:00,2026-07-05T02:03:51.877142,2,1,143.9,0.4,143.7,100,143.6,150,,,,,,,,,,,,,,,,,144.1,100,,,,,,,,,,,,,,,,,,
2026-07-05T02:03:51.929544+00:00,2026-07-05T02:03:51.929647,2,2,143.9,0.4,143.7,100,143.6,150,,,,,,,,,,,,,,,,,144.1,100,144.2,100,,,,,,,,,,,,,,,,
2026-07-05T02:03:52.509456+00:00,2026-07-05T02:03:52.509386,2,2,143.9,0.4,143.7,100,143.6,150,,,,,,,,,,,,,,,,,144.1,50,144.2,100,,,,,,,,,,,,,,,,
2026-07-05T02:03:53.046375+00:00,2026-07-05T02:03:53.046282,1,1,143.95,0.5,143.7,100,,,,,,,,,,,,,,,,,,,144.2,100,,,,,,,,,,,,,,,,,,
2026-07-05T02:03:53.102185+00:00,2026-07-05T02:03:53.102062,2,0,,,144.2,50,143.7,100,,,,,,,,,,,,,,,,,,,,,,,,,,,,,,,,,,,,
2026-07-05T02:03:53.168489+00:00,2026-07-05T02:03:53.162418,2,1,144.45,0.5,144.2,39,143.7,100,,,,,,,,,,,,,,,,,144.7,150,,,,,,,,,,,,,,,,,,
2026-07-05T02:03:53.658577+00:00,2026-07-05T02:03:53.657019,2,1,144.45,0.5,144.2,34,143.7,100,,,,,,,,,,,,,,,,,144.7,150,,,,,,,,,,,,,,,,,,
2026-07-05T02:03:54.676714+00:00,2026-07-05T02:03:54.676613,2,1,144.45,0.5,144.2,32,143.7,100,,,,,,,,,,,,,,,,,144.7,150,,,,,,,,,,,,,,,,,,
2026-07-05T02:03:54.681872+00:00,2026-07-05T02:03:54.681801,1,1,144.2,1.0,143.7,100,,,,,,,,,,,,,,,,,,,144.7,150,,,,,,,,,,,,,,,,,,
2026-07-05T02:03:54.983690+00:00,2026-07-05T02:03:54.983592,0,1,,,,,,,,,,,,,,,,,,,,,,,144.7,150,,,,,,,,,,,,,,,,,,
2026-07-05T02:03:55.036117+00:00,2026-07-05T02:03:55.035990,1,1,144.4,0.6,144.1,100,,,,,,,,,,,,,,,,,,,144.7,150,,,,,,,,,,,,,,,,,,
