recv_time,book_timestamp,n_bids,n_asks,mid,spread,bid_px_0,bid_vol_0,bid_px_1,bid_vol_1,bid_px_2,bid_vol_2,bid_px_3,bid_vol_3,bid_px_4,bid_vol_4,bid_px_5,bid_vol_5,bid_px_6,bid_vol_6,bid_px_7,bid_vol_7,bid_px_8,bid_vol_8,bid_px_9,bid_vol_9,ask_px_0,ask_vol_0,ask_px_1,ask_vol_1,ask_px_2,ask_vol_2,ask_px_3,ask_vol_3,ask_px_4,ask_vol_4,ask_px_5,ask_vol_5,ask_px_6,ask_vol_6,ask_px_7,ask_vol_7,ask_px_8,ask_vol_8,ask_px_9,ask_vol_9
2026-07-07T16:00:00.093998+00:00,2026-07-07T16:00:00.039327,2,2,139.55,0.1,139.5,112,139.1,150,,,,,,,,,,,,,,,,,139.6,31,140.0,100,,,,,,,,,,,,,,,,
2026-07-07T16:00:00.227809+00:00,2026-07-07T16:00:00.226069,2,1,139.75,0.5,139.5,100,139.1,150,,,,,,,,,,,,,,,,,140.0,100,,,,,,,,,,,,,,,,,,
2026-07-07T16:00:00.272643+00:00,2026-07-07T16:00:00.230316,2,1,139.75,0.5,139.5,112,139.1,150,,,,,,,,,,,,,,,,,140.0,100,,,,,,,,,,,,,,,,,,
2026-07-07T16:00:00.411777+00:00,2026-07-07T16:00:00.411648,2,1,139.75,0.5,139.5,112,139.1,150,,,,,,,,,,,,,,,,,140.0,53,,,,,,,,,,,,,,,,,,
2026-07-07T16:00:00.956120+00:00,2026-07-07T16:00:00.948316,2,1,139.75,0.5,139.5,62,139.1,150,,,,,,,,,,,,,,,,,140.0,53,,,,,,,,,,,,,,,,,,
2026-07-07T16:00:01.069283+00:00,2026-07-07T16:00:01.069215,1,1,139.75,0.5,139.5,62,,,,,,,,,,,,,,,,,,,140.0,53,,,,,,,,,,,,,,,,,,
2026-07-07T16:00:01.141708+00:00,2026-07-07T16:00:01.141550,2,1,139.9,0.2,139.8,150,139.5,62,,,,,,,,,,,,,,,,,140.0,53,,,,,,,,,,,,,,,,,,
2026-07-07T16:00:01.191690+00:00,2026-07-07T16:00:01.191513,2,2,139.9,0.2,139.8,150,139.5,62,,,,,,,,,,,,,,,,,140.0,53,140.3,150,,,,,,,,,,,,,,,,
2026-07-07T16:00:01.245269+00:00,2026-07-07T16:00:01.245445,2,2,139.9,0.2,139.8,150,139.5,50,,,,,,,,,,,,,,,,,140.0,53,140.3,150,,,,,,,,,,,,,,,,
2026-07-07T16:00:01.250760+00:00,2026-07-07T16:00:01.250672,3,2,139.9,0.2,139.8,150,139.6,12,139.5,50,,,,,,,,,,,,,,,140.0,53,140.3,150,,,,,,,,,,,,,,,,
2026-07-07T16:00:02.273392+00:00,2026-07-07T16:00:02.273307,2,1,140.05,0.5,139.8,150,139.6,12,,,,,,,,,,,,,,,,,140.3,150,,,,,,,,,,,,,,,,,,
2026-07-07T16:00:02.351623+00:00,2026-07-07T16:00:02.351752,3,1,140.05,0.5,139.8,150,139.7,100,139.6,12,,,,,,,,,,,,,,,140.3,150,,,,,,,,,,,,,,,,,,
2026-07-07T16:00:02.402699+00:00,2026-07-07T16:00:02.402625,3,2,140.0,0.4,139.8,150,139.7,100,139.6,12,,,,,,,,,,,,,,,140.2,100,140.3,150,,,,,,,,,,,,,,,,
2026-07-07T16:00:02.507640+00:00,2026-07-07T16:00:02.507581,2,2,140.0,0.4,139.8,150,139.7,100,,,,,,,,,,,,,,,,,140.2,100,140.3,150,,,,,,,,,,,,,,,,
2026-07-07T16:00:02.518066+00:00,2026-07-07T16:00:02.518024,3,2,140.0,0.4,139.8,150,139.7,100,139.6,12,,,,,,,,,,,,,,,140.2,100,140.3,150,,,,,,,,,,,,,,,,
2026-07-07T16:00:02.776743+00:00,2026-07-07T16:00:02.776706,2,2,140.0,0.4,139.8,150,139.7,112,,,,,,,,,,,,,,,,,140.2,100,140.3,150,,,,,,,,,,,,,,,,
2026-07-07T16:00:03.057240+00:00,2026-07-07T16:00:03.057518,2,2,140.0,0.4,139.8,100,139.7,112,,,,,,,,,,,,,,,,,140.2,100,140.3,150,,,,,,,,,,,,,,,,
2026-07-07T16:00:04.249008+00:00,2026-07-07T16:00:04.248943,1,1,139.95,0.5,139.7,112,,,,,,,,,,,,,,,,,,,140.2,100,,,,,,,,,,,,,,,,,,
2026-07-07T16:00:04.305224+00:00,2026-07-07T16:00:04.305394,2,1,140.0,0.4,139.8,150,139.7,112,,,,,,,,,,,,,,,,,140.2,100,,,,,,,,,,,,,,,,,,
2026-07-07T16:00:04.358598+00:00,2026-07-07T16:00:04.356553,2,2,140.0,0.4,139.8,150,139.7,112,,,,,,,,,,,,,,,,,140.2,100,140.3,150,,,,,,,,,,,,,,,,
2026-07-07T16:00:05.169761+00:00,2026-07-07T16:00:05.169702,2,2,140.0,0.4,139.8,100,139.7,112,,,,,,,,,,,,,,,,,140.2,100,140.3,150,,,,,,,,,,,,,,,,
2026-07-07T16:00:05.455731+00:00,2026-07-07T16:00:05.455698,2,1,140.05,0.5,139.8,100,139.7,112,,,,,,,,,,,,,,,,,140.3,150,,,,,,,,,,,,,,,,,,
2026-07-07T16:00:05.460933+00:00,2026-07-07T16:00:05.460847,2,1,140.05,0.5,139.8,100,139.7,12,,,,,,,,,,,,,,,,,140.3,150,,,,,,,,,,,,,,,,,,
2026-07-07T16:00:05.510223+00:00,2026-07-07T16:00:05.510325,2,1,140.05,0.5,139.8,200,139.7,12,,,,,,,,,,,,,,,,,140.3,150,,,,,,,,,,,,,,,,,,
2026-07-07T16:00:05.558558+00:00,2026-07-07T16:00:05.558135,2,1,140.05,0.5,139.8,200,139.7,12,,,,,,,,,,,,,,,,,140.3,250,,,,,,,,,,,,,,,,,,
2026-07-07T16:00:06.622361+00:00,2026-07-07T16:00:06.622302,2,1,140.05,0.5,139.8,156,139.7,12,,,,,,,,,,,,,,,,,140.3,250,,,,,,,,,,,,,,,,,,
2026-07-07T16:00:07.045566+00:00,2026-07-07T16:00:07.045470,2,1,140.05,0.5,139.8,156,139.6,12,,,,,,,,,,,,,,,,,140.3,250,,,,,,,,,,,,,,,,,,
2026-07-07T16:00:07.277922+00:00,2026-07-07T16:00:07.277867,2,1,140.05,0.5,139.8,106,139.6,12,,,,,,,,,,,,,,,,,140.3,250,,,,,,,,,,,,,,,,,,
2026-07-07T16:00:07.301880+00:00,2026-07-07T16:00:07.302051,1,1,140.05,0.5,139.8,106,,,,,,,,,,,,,,,,,,,140.3,250,,,,,,,,,,,,,,,,,,
2026-07-07T16:00:07.307182+00:00,2026-07-07T16:00:07.307265,1,1,140.05,0.5,139.8,118,,,,,,,,,,,,,,,,,,,140.3,250,,,,,,,,,,,,,,,,,,
2026-07-07T16:00:07.415799+00:00,2026-07-07T16:00:07.415697,1,1,140.05,0.5,139.8,112,,,,,,,,,,,,,,,,,,,140.3,100,,,,,,,,,,,,,,,,,,
2026-07-07T16:00:07.472615+00:00,2026-07-07T16:00:07.472743,2,1,140.05,0.5,139.8,112,139.5,150,,,,,,,,,,,,,,,,,140.3,100,,,,,,,,,,,,,,,,,,
2026-07-07T16:00:07.521734+00:00,2026-07-07T16:00:07.521618,2,2,139.9,0.2,139.8,112,139.5,150,,,,,,,,,,,,,,,,,140.0,150,140.3,100,,,,,,,,,,,,,,,,
2026-07-07T16:00:07.981593+00:00,2026-07-07T16:00:07.981540,2,2,139.9,0.2,139.8,70,139.5,150,,,,,,,,,,,,,,,,,140.0,150,140.3,100,,,,,,,,,,,,,,,,
2026-07-07T16:00:08.437992+00:00,2026-07-07T16:00:08.437876,2,2,139.9,0.2,139.8,70,139.5,150,,,,,,,,,,,,,,,,,140.0,104,140.3,100,,,,,,,,,,,,,,,,
2026-07-07T16:00:08.621375+00:00,2026-07-07T16:00:08.621477,2,1,139.9,0.2,139.8,12,139.5,150,,,,,,,,,,,,,,,,,140.0,104,,,,,,,,,,,,,,,,,,
2026-07-07T16:00:08.675341+00:00,2026-07-07T16:00:08.675256,3,1,139.9,0.2,139.8,12,139.7,100,139.5,150,,,,,,,,,,,,,,,140.0,104,,,,,,,,,,,,,,,,,,
2026-07-07T16:00:08.728931+00:00,2026-07-07T16:00:08.728857,3,2,139.9,0.2,139.8,12,139.7,100,139.5,150,,,,,,,,,,,,,,,140.0,104,140.2,100,,,,,,,,,,,,,,,,
2026-07-07T16:00:09.385176+00:00,2026-07-07T16:00:09.385000,2,2,139.85,0.3,139.7,62,139.5,150,,,,,,,,,,,,,,,,,140.0,104,140.2,100,,,,,,,,,,,,,,,,
2026-07-07T16:00:10.312718+00:00,2026-07-07T16:00:10.312654,2,2,139.85,0.3,139.7,62,139.5,150,,,,,,,,,,,,,,,,,140.0,55,140.2,100,,,,,,,,,,,,,,,,
2026-07-07T16:00:10.582794+00:00,2026-07-07T16:00:10.582936,1,1,139.95,0.5,139.7,62,,,,,,,,,,,,,,,,,,,140.2,100,,,,,,,,,,,,,,,,,,
2026-07-07T16:00:10.637039+00:00,2026-07-07T16:00:10.636987,2,1,139.95,0.5,139.7,62,139.4,150,,,,,,,,,,,,,,,,,140.2,100,,,,,,,,,,,,,,,,,,
2026-07-07T16:00:10.694174+00:00,2026-07-07T16:00:10.694028,2,2,139.8,0.2,139.7,62,139.4,150,,,,,,,,,,,,,,,,,139.9,150,140.2,100,,,,,,,,,,,,,,,,
2026-07-07T16:00:11.442702+00:00,2026-07-07T16:00:11.442861,2,2,139.8,0.2,139.7,62,139.4,150,,,,,,,,,,,,,,,,,139.9,100,140.2,100,,,,,,,,,,,,,,,,
2026-07-07T16:00:11.782960+00:00,2026-07-07T16:00:11.782880,1,1,139.65,0.5,139.4,150,,,,,,,,,,,,,,,,,,,139.9,100,,,,,,,,,,,,,,,,,,
2026-07-07T16:00:11.838334+00:00,2026-07-07T16:00:11.838189,1,1,139.65,0.5,139.4,250,,,,,,,,,,,,,,,,,,,139.9,100,,,,,,,,,,,,,,,,,,
2026-07-07T16:00:11.890609+00:00,2026-07-07T16:00:11.889660,2,2,139.85,0.1,139.8,12,139.4,250,,,,,,,,,,,,,,,,,139.9,200,140.1,10,,,,,,,,,,,,,,,,
2026-07-07T16:00:12.158606+00:00,2026-07-07T16:00:12.155320,2,1,139.75,0.3,139.6,12,139.4,250,,,,,,,,,,,,,,,,,139.9,210,,,,,,,,,,,,,,,,,,
2026-07-07T16:00:13.173839+00:00,2026-07-07T16:00:13.173980,1,1,139.65,0.5,139.4,250,,,,,,,,,,,,,,,,,,,139.9,210,,,,,,,,,,,,,,,,,,
2026-07-07T16:00:13.179060+00:00,2026-07-07T16:00:13.179145,1,1,139.65,0.5,139.4,250,,,,,,,,,,,,,,,,,,,139.9,200,,,,,,,,,,,,,,,,,,
2026-07-07T16:00:13.184356+00:00,2026-07-07T16:00:13.184335,2,1,139.7,0.4,139.5,12,139.4,250,,,,,,,,,,,,,,,,,139.9,210,,,,,,,,,,,,,,,,,,
2026-07-07T16:00:13.414902+00:00,2026-07-07T16:00:13.414771,1,1,139.65,0.5,139.4,220,,,,,,,,,,,,,,,,,,,139.9,210,,,,,,,,,,,,,,,,,,
2026-07-07T16:00:13.437070+00:00,2026-07-07T16:00:13.436958,1,1,139.65,0.5,139.4,220,,,,,,,,,,,,,,,,,,,139.9,200,,,,,,,,,,,,,,,,,,
2026-07-07T16:00:13.442219+00:00,2026-07-07T16:00:13.442125,1,1,139.65,0.5,139.4,232,,,,,,,,,,,,,,,,,,,139.9,200,,,,,,,,,,,,,,,,,,
2026-07-07T16:00:13.447201+00:00,2026-07-07T16:00:13.447284,1,2,139.6,0.4,139.4,232,,,,,,,,,,,,,,,,,,,139.8,12,139.9,200,,,,,,,,,,,,,,,,
2026-07-07T16:00:13.558695+00:00,2026-07-07T16:00:13.553946,1,1,139.65,0.5,139.4,232,,,,,,,,,,,,,,,,,,,139.9,162,,,,,,,,,,,,,,,,,,
2026-07-07T16:00:13.749082+00:00,2026-07-07T16:00:13.748992,1,1,139.65,0.5,139.4,112,,,,,,,,,,,,,,,,,,,139.9,100,,,,,,,,,,,,,,,,,,
2026-07-07T16:00:13.803736+00:00,2026-07-07T16:00:13.803821,2,1,139.75,0.3,139.6,150,139.4,112,,,,,,,,,,,,,,,,,139.9,100,,,,,,,,,,,,,,,,,,
2026-07-07T16:00:13.858775+00:00,2026-07-07T16:00:13.858678,2,2,139.75,0.3,139.6,150,139.4,112,,,,,,,,,,,,,,,,,139.9,100,140.1,150,,,,,,,,,,,,,,,,
2026-07-07T16:00:13.962023+00:00,2026-07-07T16:00:13.961902,2,2,139.75,0.3,139.6,150,139.4,100,,,,,,,,,,,,,,,,,139.9,100,140.1,150,,,,,,,,,,,,,,,,
2026-07-07T16:00:13.967193+00:00,2026-07-07T16:00:13.967109,3,2,139.75,0.3,139.6,150,139.5,12,139.4,100,,,,,,,,,,,,,,,139.9,110,140.1,150,,,,,,,,,,,,,,,,
2026-07-07T16:00:14.946934+00:00,2026-07-07T16:00:14.947153,2,2,139.75,0.3,139.6,150,139.5,12,,,,,,,,,,,,,,,,,139.9,10,140.1,150,,,,,,,,,,,,,,,,
2026-07-07T16:00:15.002208+00:00,2026-07-07T16:00:15.002155,3,2,139.75,0.3,139.6,150,139.5,12,139.4,100,,,,,,,,,,,,,,,139.9,10,140.1,150,,,,,,,,,,,,,,,,
2026-07-07T16:00:15.058563+00:00,2026-07-07T16:00:15.058498,3,2,139.75,0.3,139.6,150,139.5,12,139.4,100,,,,,,,,,,,,,,,139.9,110,140.1,150,,,,,,,,,,,,,,,,
2026-07-07T16:00:16.911121+00:00,2026-07-07T16:00:16.910973,2,1,139.7,0.4,139.5,12,139.4,100,,,,,,,,,,,,,,,,,139.9,110,,,,,,,,,,,,,,,,,,
2026-07-07T16:00:16.964511+00:00,2026-07-07T16:00:16.964471,3,1,139.75,0.3,139.6,150,139.5,12,139.4,100,,,,,,,,,,,,,,,139.9,110,,,,,,,,,,,,,,,,,,
2026-07-07T16:00:17.016287+00:00,2026-07-07T16:00:17.016386,3,2,139.75,0.3,139.6,150,139.5,12,139.4,100,,,,,,,,,,,,,,,139.9,110,140.1,150,,,,,,,,,,,,,,,,
2026-07-07T16:00:17.829655+00:00,2026-07-07T16:00:17.829586,3,2,139.75,0.3,139.6,100,139.5,12,139.4,100,,,,,,,,,,,,,,,139.9,110,140.1,150,,,,,,,,,,,,,,,,
2026-07-07T16:00:18.114567+00:00,2026-07-07T16:00:18.114520,2,2,139.75,0.3,139.6,100,139.5,12,,,,,,,,,,,,,,,,,139.9,10,140.1,150,,,,,,,,,,,,,,,,
2026-07-07T16:00:18.169133+00:00,2026-07-07T16:00:18.168995,3,2,139.75,0.3,139.6,100,139.5,12,139.3,100,,,,,,,,,,,,,,,139.9,10,140.1,150,,,,,,,,,,,,,,,,
2026-07-07T16:00:18.222586+00:00,2026-07-07T16:00:18.222514,3,3,139.7,0.2,139.6,100,139.5,12,139.3,100,,,,,,,,,,,,,,,139.8,100,139.9,10,140.1,150,,,,,,,,,,,,,,
2026-07-07T16:00:19.963913+00:00,2026-07-07T16:00:19.963737,3,3,139.7,0.2,139.6,50,139.5,12,139.3,100,,,,,,,,,,,,,,,139.8,100,139.9,10,140.1,150,,,,,,,,,,,,,,
2026-07-07T16:00:20.070238+00:00,2026-07-07T16:00:20.070130,2,2,139.65,0.3,139.5,12,139.3,100,,,,,,,,,,,,,,,,,139.8,100,139.9,10,,,,,,,,,,,,,,,,
2026-07-07T16:00:20.124497+00:00,2026-07-07T16:00:20.124336,3,2,139.65,0.3,139.5,12,139.3,100,139.1,150,,,,,,,,,,,,,,,139.8,100,139.9,10,,,,,,,,,,,,,,,,
2026-07-07T16:00:20.178585+00:00,2026-07-07T16:00:20.178434,3,3,139.55,0.1,139.5,12,139.3,100,139.1,150,,,,,,,,,,,,,,,139.6,150,139.8,100,139.9,10,,,,,,,,,,,,,,
2026-07-07T16:00:20.235634+00:00,2026-07-07T16:00:20.235765,2,3,139.45,0.3,139.3,100,139.1,150,,,,,,,,,,,,,,,,,139.6,150,139.8,100,139.9,10,,,,,,,,,,,,,,
2026-07-07T16:00:20.240847+00:00,2026-07-07T16:00:20.240964,2,2,139.45,0.3,139.3,112,139.1,150,,,,,,,,,,,,,,,,,139.6,150,139.8,100,,,,,,,,,,,,,,,,
2026-07-07T16:00:20.246196+00:00,2026-07-07T16:00:20.246127,2,2,139.45,0.3,139.3,112,139.1,150,,,,,,,,,,,,,,,,,139.6,160,139.8,100,,,,,,,,,,,,,,,,
2026-07-07T16:00:21.128980+00:00,2026-07-07T16:00:21.128880,2,2,139.45,0.3,139.3,112,139.1,150,,,,,,,,,,,,,,,,,139.6,114,139.8,100,,,,,,,,,,,,,,,,
2026-07-07T16:00:21.285340+00:00,2026-07-07T16:00:21.285249,2,1,139.45,0.3,139.3,12,139.1,150,,,,,,,,,,,,,,,,,139.6,114,,,,,,,,,,,,,,,,,,
2026-07-07T16:00:21.334938+00:00,2026-07-07T16:00:21.335160,3,1,139.45,0.3,139.3,12,139.2,100,139.1,150,,,,,,,,,,,,,,,139.6,114,,,,,,,,,,,,,,,,,,
2026-07-07T16:00:21.393816+00:00,2026-07-07T16:00:21.393733,3,2,139.45,0.3,139.3,12,139.2,100,139.1,150,,,,,,,,,,,,,,,139.6,114,139.7,100,,,,,,,,,,,,,,,,
2026-07-07T16:00:22.070367+00:00,2026-07-07T16:00:22.070292,2,2,139.4,0.4,139.2,62,139.1,150,,,,,,,,,,,,,,,,,139.6,114,139.7,100,,,,,,,,,,,,,,,,
2026-07-07T16:00:22.889922+00:00,2026-07-07T16:00:22.890063,2,2,139.4,0.4,139.2,15,139.1,150,,,,,,,,,,,,,,,,,139.6,114,139.7,100,,,,,,,,,,,,,,,,
2026-07-07T16:00:23.233011+00:00,2026-07-07T16:00:23.232933,1,2,139.4,0.4,139.2,15,,,,,,,,,,,,,,,,,,,139.6,10,139.7,100,,,,,,,,,,,,,,,,
2026-07-07T16:00:23.287531+00:00,2026-07-07T16:00:23.287426,2,2,139.45,0.3,139.3,150,139.2,15,,,,,,,,,,,,,,,,,139.6,10,139.7,100,,,,,,,,,,,,,,,,
2026-07-07T16:00:23.341195+00:00,2026-07-07T16:00:23.341117,2,3,139.45,0.3,139.3,150,139.2,15,,,,,,,,,,,,,,,,,139.6,10,139.7,100,139.8,150,,,,,,,,,,,,,,
2026-07-07T16:00:23.496152+00:00,2026-07-07T16:00:23.496026,2,3,139.45,0.3,139.3,105,139.2,15,,,,,,,,,,,,,,,,,139.6,10,139.7,100,139.8,150,,,,,,,,,,,,,,
2026-07-07T16:00:23.765624+00:00,2026-07-07T16:00:23.765554,3,2,139.55,0.3,139.4,12,139.3,105,139.2,15,,,,,,,,,,,,,,,139.7,100,139.8,150,,,,,,,,,,,,,,,,
2026-07-07T16:00:23.770793+00:00,2026-07-07T16:00:23.770734,3,2,139.55,0.3,139.4,12,139.3,105,139.2,15,,,,,,,,,,,,,,,139.7,100,139.8,162,,,,,,,,,,,,,,,,
2026-07-07T16:00:24.215293+00:00,2026-07-07T16:00:24.215406,2,2,139.5,0.4,139.3,67,139.2,15,,,,,,,,,,,,,,,,,139.7,100,139.8,162,,,,,,,,,,,,,,,,
2026-07-07T16:00:24.448180+00:00,2026-07-07T16:00:24.448076,1,1,139.55,0.5,139.3,67,,,,,,,,,,,,,,,,,,,139.8,162,,,,,,,,,,,,,,,,,,
2026-07-07T16:00:24.502793+00:00,2026-07-07T16:00:24.502964,2,1,139.55,0.5,139.3,67,139.0,100,,,,,,,,,,,,,,,,,139.8,162,,,,,,,,,,,,,,,,,,
2026-07-07T16:00:24.558660+00:00,2026-07-07T16:00:24.550957,2,2,139.4,0.2,139.3,67,139.0,100,,,,,,,,,,,,,,,,,139.5,100,139.8,162,,,,,,,,,,,,,,,,
2026-07-07T16:00:24.599895+00:00,2026-07-07T16:00:24.599861,2,2,139.4,0.2,139.3,67,139.0,100,,,,,,,,,,,,,,,,,139.5,65,139.8,162,,,,,,,,,,,,,,,,
2026-07-07T16:00:24.688636+00:00,2026-07-07T16:00:24.688492,2,2,139.4,0.2,139.3,67,139.0,100,,,,,,,,,,,,,,,,,139.5,59,139.8,162,,,,,,,,,,,,,,,,
2026-07-07T16:00:24.928851+00:00,2026-07-07T16:00:24.922461,2,2,139.4,0.2,139.3,67,139.0,100,,,,,,,,,,,,,,,,,139.5,56,139.8,162,,,,,,,,,,,,,,,,
2026-07-07T16:00:26.332218+00:00,2026-07-07T16:00:26.332154,2,2,139.4,0.2,139.3,17,139.0,100,,,,,,,,,,,,,,,,,139.5,56,139.8,162,,,,,,,,,,,,,,,,
2026-07-07T16:00:26.390312+00:00,2026-07-07T16:00:26.390269,2,2,139.4,0.2,139.3,17,139.0,100,,,,,,,,,,,,,,,,,139.5,56,139.8,12,,,,,,,,,,,,,,,,
2026-07-07T16:00:26.395366+00:00,2026-07-07T16:00:26.395457,1,2,139.25,0.5,139.0,100,,,,,,,,,,,,,,,,,,,139.5,56,139.8,12,,,,,,,,,,,,,,,,
2026-07-07T16:00:26.464161+00:00,2026-07-07T16:00:26.464083,2,2,139.25,0.5,139.0,100,138.7,150,,,,,,,,,,,,,,,,,139.5,56,139.8,12,,,,,,,,,,,,,,,,
2026-07-07T16:00:26.514371+00:00,2026-07-07T16:00:26.514548,2,3,139.1,0.2,139.0,100,138.7,150,,,,,,,,,,,,,,,,,139.2,150,139.5,56,139.8,12,,,,,,,,,,,,,,
2026-07-07T16:00:26.580453+00:00,2026-07-07T16:00:26.577666,3,2,139.15,0.1,139.1,12,139.0,100,138.7,150,,,,,,,,,,,,,,,139.2,139,139.5,56,,,,,,,,,,,,,,,,
2026-07-07T16:00:26.596095+00:00,2026-07-07T16:00:26.595971,3,3,139.15,0.1,139.1,12,139.0,100,138.7,150,,,,,,,,,,,,,,,139.2,139,139.5,56,139.6,12,,,,,,,,,,,,,,
2026-07-07T16:00:27.612860+00:00,2026-07-07T16:00:27.612743,2,2,139.15,0.1,139.1,12,138.7,150,,,,,,,,,,,,,,,,,139.2,139,139.6,12,,,,,,,,,,,,,,,,
2026-07-07T16:00:27.666909+00:00,2026-07-07T16:00:27.666882,2,2,139.15,0.1,139.1,112,138.7,150,,,,,,,,,,,,,,,,,139.2,139,139.6,12,,,,,,,,,,,,,,,,
2026-07-07T16:00:27.719706+00:00,2026-07-07T16:00:27.719576,2,2,139.15,0.1,139.1,112,138.7,150,,,,,,,,,,,,,,,,,139.2,139,139.6,112,,,,,,,,,,,,,,,,
2026-07-07T16:00:27.958578+00:00,2026-07-07T16:00:27.952378,2,2,139.15,0.1,139.1,112,138.7,150,,,,,,,,,,,,,,,,,139.2,91,139.6,112,,,,,,,,,,,,,,,,
2026-07-07T16:00:28.458606+00:00,2026-07-07T16:00:28.456947,2,2,139.15,0.1,139.1,62,138.7,150,,,,,,,,,,,,,,,,,139.2,91,139.6,112,,,,,,,,,,,,,,,,
2026-07-07T16:00:28.913993+00:00,2026-07-07T16:00:28.907773,2,2,139.15,0.1,139.1,62,138.7,150,,,,,,,,,,,,,,,,,139.2,68,139.6,112,,,,,,,,,,,,,,,,
2026-07-07T16:00:29.107631+00:00,2026-07-07T16:00:29.107514,2,2,139.15,0.1,139.1,62,138.7,150,,,,,,,,,,,,,,,,,139.2,68,139.6,100,,,,,,,,,,,,,,,,
2026-07-07T16:00:29.112924+00:00,2026-07-07T16:00:29.112861,2,3,139.15,0.1,139.1,62,138.7,150,,,,,,,,,,,,,,,,,139.2,56,139.6,100,139.8,12,,,,,,,,,,,,,,
2026-07-07T16:00:29.573999+00:00,2026-07-07T16:00:29.574131,1,2,139.35,0.5,139.1,62,,,,,,,,,,,,,,,,,,,139.6,100,139.8,12,,,,,,,,,,,,,,,,
2026-07-07T16:00:29.626499+00:00,2026-07-07T16:00:29.626472,2,2,139.45,0.3,139.3,150,139.1,62,,,,,,,,,,,,,,,,,139.6,100,139.8,12,,,,,,,,,,,,,,,,
2026-07-07T16:00:29.682061+00:00,2026-07-07T16:00:29.681940,2,2,139.45,0.3,139.3,150,139.1,62,,,,,,,,,,,,,,,,,139.6,100,139.8,162,,,,,,,,,,,,,,,,
2026-07-07T16:00:29.879729+00:00,2026-07-07T16:00:29.879964,3,2,139.5,0.2,139.4,12,139.3,150,139.1,62,,,,,,,,,,,,,,,139.6,100,139.8,150,,,,,,,,,,,,,,,,
2026-07-07T16:00:29.890363+00:00,2026-07-07T16:00:29.884141,3,2,139.5,0.2,139.4,1,139.3,150,139.1,62,,,,,,,,,,,,,,,139.6,100,139.8,162,,,,,,,,,,,,,,,,
2026-07-07T16:00:30.293272+00:00,2026-07-07T16:00:30.293245,2,2,139.45,0.3,139.3,107,139.1,62,,,,,,,,,,,,,,,,,139.6,100,139.8,162,,,,,,,,,,,,,,,,
2026-07-07T16:00:30.567741+00:00,2026-07-07T16:00:30.567959,2,2,139.45,0.3,139.3,57,139.1,62,,,,,,,,,,,,,,,,,139.6,100,139.8,162,,,,,,,,,,,,,,,,
2026-07-07T16:00:30.773878+00:00,2026-07-07T16:00:30.773840,1,1,139.55,0.5,139.3,57,,,,,,,,,,,,,,,,,,,139.8,162,,,,,,,,,,,,,,,,,,
2026-07-07T16:00:30.826169+00:00,2026-07-07T16:00:30.826034,2,1,139.55,0.5,139.3,57,139.1,100,,,,,,,,,,,,,,,,,139.8,162,,,,,,,,,,,,,,,,,,
2026-07-07T16:00:30.882237+00:00,2026-07-07T16:00:30.882203,2,2,139.45,0.3,139.3,57,139.1,100,,,,,,,,,,,,,,,,,139.6,100,139.8,162,,,,,,,,,,,,,,,,
2026-07-07T16:00:31.149473+00:00,2026-07-07T16:00:31.149615,2,2,139.45,0.3,139.3,69,139.1,100,,,,,,,,,,,,,,,,,139.6,100,139.8,150,,,,,,,,,,,,,,,,
2026-07-07T16:00:31.154923+00:00,2026-07-07T16:00:31.154818,2,3,139.45,0.3,139.3,69,139.1,100,,,,,,,,,,,,,,,,,139.6,100,139.7,12,139.8,150,,,,,,,,,,,,,,
2026-07-07T16:00:32.245710+00:00,2026-07-07T16:00:32.245600,2,3,139.45,0.3,139.3,69,139.1,100,,,,,,,,,,,,,,,,,139.6,52,139.7,12,139.8,150,,,,,,,,,,,,,,
2026-07-07T16:00:32.683548+00:00,2026-07-07T16:00:32.683418,2,3,139.45,0.3,139.3,19,139.1,100,,,,,,,,,,,,,,,,,139.6,52,139.7,12,139.8,150,,,,,,,,,,,,,,
2026-07-07T16:00:32.735925+00:00,2026-07-07T16:00:32.735821,2,3,139.45,0.3,139.3,19,139.1,100,,,,,,,,,,,,,,,,,139.6,8,139.7,12,139.8,150,,,,,,,,,,,,,,
2026-07-07T16:00:32.741174+00:00,2026-07-07T16:00:32.741085,2,2,139.45,0.3,139.3,12,139.1,100,,,,,,,,,,,,,,,,,139.6,8,139.7,12,,,,,,,,,,,,,,,,
2026-07-07T16:00:32.793360+00:00,2026-07-07T16:00:32.793317,3,2,139.45,0.3,139.3,12,139.1,100,138.7,150,,,,,,,,,,,,,,,139.6,8,139.7,12,,,,,,,,,,,,,,,,
2026-07-07T16:00:32.845093+00:00,2026-07-07T16:00:32.845030,2,3,139.15,0.1,139.1,100,138.7,150,,,,,,,,,,,,,,,,,139.2,138,139.6,8,139.7,12,,,,,,,,,,,,,,
2026-07-07T16:00:32.913444+00:00,2026-07-07T16:00:32.913371,2,2,139.15,0.1,139.1,100,138.7,150,,,,,,,,,,,,,,,,,139.2,126,139.6,8,,,,,,,,,,,,,,,,
2026-07-07T16:00:32.918659+00:00,2026-07-07T16:00:32.918598,2,3,139.15,0.1,139.1,100,138.7,150,,,,,,,,,,,,,,,,,139.2,126,139.6,8,139.7,12,,,,,,,,,,,,,,
2026-07-07T16:00:33.936264+00:00,2026-07-07T16:00:33.936212,1,2,138.95,0.5,138.7,150,,,,,,,,,,,,,,,,,,,139.2,126,139.7,12,,,,,,,,,,,,,,,,
2026-07-07T16:00:33.991421+00:00,2026-07-07T16:00:33.991562,1,2,138.95,0.5,138.7,150,,,,,,,,,,,,,,,,,,,139.2,26,139.7,12,,,,,,,,,,,,,,,,
2026-07-07T16:00:34.046627+00:00,2026-07-07T16:00:34.046777,1,3,138.95,0.5,138.7,150,,,,,,,,,,,,,,,,,,,139.2,26,139.7,12,139.9,100,,,,,,,,,,,,,,
2026-07-07T16:00:34.161814+00:00,2026-07-07T16:00:34.151885,1,3,138.95,0.5,138.7,150,,,,,,,,,,,,,,,,,,,139.2,15,139.7,12,139.9,100,,,,,,,,,,,,,,
2026-07-07T16:00:34.177474+00:00,2026-07-07T16:00:34.177362,1,2,138.95,0.5,138.7,150,,,,,,,,,,,,,,,,,,,139.2,15,139.9,100,,,,,,,,,,,,,,,,
2026-07-07T16:00:34.182696+00:00,2026-07-07T16:00:34.182655,2,3,139.0,0.4,138.8,12,138.7,150,,,,,,,,,,,,,,,,,139.2,15,139.7,12,139.9,100,,,,,,,,,,,,,,
2026-07-07T16:00:34.741477+00:00,2026-07-07T16:00:34.741427,2,1,139.35,1.1,138.8,12,138.7,150,,,,,,,,,,,,,,,,,139.9,77,,,,,,,,,,,,,,,,,,
2026-07-07T16:00:35.869089+00:00,2026-07-07T16:00:35.868945,1,1,139.3,1.2,138.7,115,,,,,,,,,,,,,,,,,,,139.9,77,,,,,,,,,,,,,,,,,,
2026-07-07T16:00:35.904445+00:00,2026-07-07T16:00:35.904317,0,1,,,,,,,,,,,,,,,,,,,,,,,139.9,77,,,,,,,,,,,,,,,,,,
2026-07-07T16:00:35.958619+00:00,2026-07-07T16:00:35.958096,1,1,139.5,0.8,139.1,150,,,,,,,,,,,,,,,,,,,139.9,77,,,,,,,,,,,,,,,,,,
2026-07-07T16:00:36.012446+00:00,2026-07-07T16:00:36.012387,1,2,139.35,0.5,139.1,150,,,,,,,,,,,,,,,,,,,139.6,150,139.9,77,,,,,,,,,,,,,,,,
2026-07-07T16:00:36.201010+00:00,2026-07-07T16:00:36.200979,2,2,139.4,0.4,139.2,12,139.1,150,,,,,,,,,,,,,,,,,139.6,162,139.9,77,,,,,,,,,,,,,,,,
2026-07-07T16:00:36.870099+00:00,2026-07-07T16:00:36.869936,2,2,139.4,0.4,139.2,12,139.1,150,,,,,,,,,,,,,,,,,139.6,112,139.9,77,,,,,,,,,,,,,,,,
2026-07-07T16:00:36.958942+00:00,2026-07-07T16:00:36.959178,1,2,139.35,0.5,139.1,150,,,,,,,,,,,,,,,,,,,139.6,112,139.9,77,,,,,,,,,,,,,,,,
2026-07-07T16:00:36.964279+00:00,2026-07-07T16:00:36.964413,2,2,139.4,0.4,139.2,12,139.1,150,,,,,,,,,,,,,,,,,139.6,100,139.9,77,,,,,,,,,,,,,,,,
2026-07-07T16:00:36.969629+00:00,2026-07-07T16:00:36.969600,2,3,139.35,0.3,139.2,12,139.1,150,,,,,,,,,,,,,,,,,139.5,12,139.6,100,139.9,77,,,,,,,,,,,,,,
2026-07-07T16:00:37.058584+00:00,2026-07-07T16:00:37.054751,1,3,139.3,0.4,139.1,119,,,,,,,,,,,,,,,,,,,139.5,12,139.6,100,139.9,77,,,,,,,,,,,,,,
2026-07-07T16:00:37.102980+00:00,2026-07-07T16:00:37.102909,1,2,139.3,0.4,139.1,119,,,,,,,,,,,,,,,,,,,139.5,12,139.6,100,,,,,,,,,,,,,,,,
2026-07-07T16:00:37.158617+00:00,2026-07-07T16:00:37.152832,1,2,139.3,0.4,139.1,219,,,,,,,,,,,,,,,,,,,139.5,12,139.6,100,,,,,,,,,,,,,,,,
2026-07-07T16:00:37.211201+00:00,2026-07-07T16:00:37.211130,1,2,139.3,0.4,139.1,219,,,,,,,,,,,,,,,,,,,139.5,12,139.6,200,,,,,,,,,,,,,,,,
2026-07-07T16:00:37.930561+00:00,2026-07-07T16:00:37.930483,1,1,139.35,0.5,139.1,219,,,,,,,,,,,,,,,,,,,139.6,170,,,,,,,,,,,,,,,,,,
2026-07-07T16:00:39.027753+00:00,2026-07-07T16:00:39.027639,1,1,139.35,0.5,139.1,169,,,,,,,,,,,,,,,,,,,139.6,170,,,,,,,,,,,,,,,,,,
2026-07-07T16:00:39.067799+00:00,2026-07-07T16:00:39.067713,1,1,139.35,0.5,139.1,100,,,,,,,,,,,,,,,,,,,139.6,100,,,,,,,,,,,,,,,,,,
2026-07-07T16:00:39.122992+00:00,2026-07-07T16:00:39.122926,2,1,139.35,0.5,139.1,100,139.0,150,,,,,,,,,,,,,,,,,139.6,100,,,,,,,,,,,,,,,,,,
2026-07-07T16:00:39.176372+00:00,2026-07-07T16:00:39.176301,2,2,139.3,0.4,139.1,100,139.0,150,,,,,,,,,,,,,,,,,139.5,150,139.6,100,,,,,,,,,,,,,,,,
2026-07-07T16:00:39.912985+00:00,2026-07-07T16:00:39.912836,2,2,139.3,0.4,139.1,57,139.0,150,,,,,,,,,,,,,,,,,139.5,150,139.6,100,,,,,,,,,,,,,,,,
2026-07-07T16:00:40.258621+00:00,2026-07-07T16:00:40.258310,2,1,139.3,0.4,139.1,57,139.0,150,,,,,,,,,,,,,,,,,139.5,150,,,,,,,,,,,,,,,,,,
2026-07-07T16:00:40.269044+00:00,2026-07-07T16:00:40.268920,1,1,139.25,0.5,139.0,150,,,,,,,,,,,,,,,,,,,139.5,150,,,,,,,,,,,,,,,,,,
2026-07-07T16:00:40.321949+00:00,2026-07-07T16:00:40.321878,2,1,139.25,0.5,139.0,150,138.9,100,,,,,,,,,,,,,,,,,139.5,150,,,,,,,,,,,,,,,,,,
2026-07-07T16:00:40.375362+00:00,2026-07-07T16:00:40.375233,2,2,139.2,0.4,139.0,150,138.9,100,,,,,,,,,,,,,,,,,139.4,100,139.5,150,,,,,,,,,,,,,,,,
2026-07-07T16:00:40.995388+00:00,2026-07-07T16:00:40.995363,2,2,139.2,0.4,139.0,162,138.9,100,,,,,,,,,,,,,,,,,139.4,112,139.5,150,,,,,,,,,,,,,,,,
2026-07-07T16:00:41.164060+00:00,2026-07-07T16:00:41.163934,2,2,139.2,0.4,139.0,112,138.9,100,,,,,,,,,,,,,,,,,139.4,112,139.5,150,,,,,,,,,,,,,,,,
2026-07-07T16:00:42.230556+00:00,2026-07-07T16:00:42.230435,2,1,139.2,0.4,139.0,12,138.9,100,,,,,,,,,,,,,,,,,139.4,112,,,,,,,,,,,,,,,,,,
2026-07-07T16:00:42.313856+00:00,2026-07-07T16:00:42.313954,3,1,139.2,0.4,139.0,12,138.9,100,138.8,150,,,,,,,,,,,,,,,139.4,112,,,,,,,,,,,,,,,,,,
2026-07-07T16:00:42.368306+00:00,2026-07-07T16:00:42.368217,3,2,139.15,0.3,139.0,12,138.9,100,138.8,150,,,,,,,,,,,,,,,139.3,150,139.4,112,,,,,,,,,,,,,,,,
2026-07-07T16:00:43.429503+00:00,2026-07-07T16:00:43.429430,2,2,139.15,0.3,139.0,12,138.8,150,,,,,,,,,,,,,,,,,139.3,150,139.4,12,,,,,,,,,,,,,,,,
2026-07-07T16:00:43.484833+00:00,2026-07-07T16:00:43.484772,2,2,139.15,0.3,139.0,112,138.8,150,,,,,,,,,,,,,,,,,139.3,150,139.4,12,,,,,,,,,,,,,,,,
2026-07-07T16:00:43.526718+00:00,2026-07-07T16:00:43.526636,2,2,139.15,0.3,139.0,100,138.8,150,,,,,,,,,,,,,,,,,139.3,150,139.4,12,,,,,,,,,,,,,,,,
2026-07-07T16:00:43.531969+00:00,2026-07-07T16:00:43.531872,3,1,139.2,0.2,139.1,12,139.0,100,138.8,150,,,,,,,,,,,,,,,139.3,150,,,,,,,,,,,,,,,,,,
2026-07-07T16:00:43.537181+00:00,2026-07-07T16:00:43.537090,3,2,139.2,0.2,139.1,12,139.0,100,138.8,150,,,,,,,,,,,,,,,139.3,150,139.5,112,,,,,,,,,,,,,,,,
2026-07-07T16:00:43.612809+00:00,2026-07-07T16:00:43.612675,3,2,139.2,0.2,139.1,12,139.0,100,138.8,150,,,,,,,,,,,,,,,139.3,106,139.5,112,,,,,,,,,,,,,,,,
2026-07-07T16:00:44.165736+00:00,2026-07-07T16:00:44.165622,2,2,139.15,0.3,139.0,64,138.8,150,,,,,,,,,,,,,,,,,139.3,106,139.5,112,,,,,,,,,,,,,,,,
2026-07-07T16:00:45.054009+00:00,2026-07-07T16:00:45.053833,2,2,139.15,0.3,139.0,64,138.8,150,,,,,,,,,,,,,,,,,139.3,106,139.5,100,,,,,,,,,,,,,,,,
2026-07-07T16:00:45.059170+00:00,2026-07-07T16:00:45.059128,3,2,139.2,0.2,139.1,12,139.0,64,138.8,150,,,,,,,,,,,,,,,139.3,106,139.5,100,,,,,,,,,,,,,,,,
2026-07-07T16:00:45.064368+00:00,2026-07-07T16:00:45.064290,3,3,139.2,0.2,139.1,12,139.0,64,138.8,150,,,,,,,,,,,,,,,139.3,106,139.5,100,139.6,12,,,,,,,,,,,,,,
2026-07-07T16:00:45.327939+00:00,2026-07-07T16:00:45.327903,3,3,139.2,0.2,139.1,12,139.0,64,138.8,150,,,,,,,,,,,,,,,139.3,56,139.5,100,139.6,12,,,,,,,,,,,,,,
2026-07-07T16:00:45.422221+00:00,2026-07-07T16:00:45.422143,2,2,139.3,0.4,139.1,12,139.0,64,,,,,,,,,,,,,,,,,139.5,100,139.6,12,,,,,,,,,,,,,,,,
2026-07-07T16:00:45.476556+00:00,2026-07-07T16:00:45.476527,3,2,139.45,0.1,139.4,150,139.1,12,139.0,64,,,,,,,,,,,,,,,139.5,100,139.6,12,,,,,,,,,,,,,,,,
2026-07-07T16:00:45.528080+00:00,2026-07-07T16:00:45.527950,3,3,139.45,0.1,139.4,150,139.1,12,139.0,64,,,,,,,,,,,,,,,139.5,100,139.6,12,139.9,150,,,,,,,,,,,,,,
2026-07-07T16:00:45.543609+00:00,2026-07-07T16:00:45.537360,3,3,139.45,0.1,139.4,139,139.1,12,139.0,64,,,,,,,,,,,,,,,139.5,100,139.6,12,139.9,150,,,,,,,,,,,,,,
2026-07-07T16:00:45.569360+00:00,2026-07-07T16:00:45.569273,2,2,139.45,0.1,139.4,139,139.0,64,,,,,,,,,,,,,,,,,139.5,100,139.9,150,,,,,,,,,,,,,,,,
2026-07-07T16:00:45.574589+00:00,2026-07-07T16:00:45.574506,2,2,139.45,0.1,139.4,151,139.0,64,,,,,,,,,,,,,,,,,139.5,100,139.9,150,,,,,,,,,,,,,,,,
2026-07-07T16:00:45.579760+00:00,2026-07-07T16:00:45.579708,2,3,139.45,0.1,139.4,151,139.0,64,,,,,,,,,,,,,,,,,139.5,100,139.7,12,139.9,150,,,,,,,,,,,,,,
2026-07-07T16:00:46.333052+00:00,2026-07-07T16:00:46.333014,2,3,139.45,0.1,139.4,139,139.0,64,,,,,,,,,,,,,,,,,139.5,100,139.7,12,139.9,150,,,,,,,,,,,,,,
2026-07-07T16:00:46.338107+00:00,2026-07-07T16:00:46.338236,2,2,139.45,0.1,139.4,151,139.0,64,,,,,,,,,,,,,,,,,139.5,100,139.9,150,,,,,,,,,,,,,,,,
2026-07-07T16:00:46.358659+00:00,2026-07-07T16:00:46.343425,2,3,139.45,0.1,139.4,151,139.0,64,,,,,,,,,,,,,,,,,139.5,100,139.8,12,139.9,150,,,,,,,,,,,,,,
2026-07-07T16:00:46.590259+00:00,2026-07-07T16:00:46.590189,2,2,139.6,0.4,139.4,151,139.0,64,,,,,,,,,,,,,,,,,139.8,12,139.9,150,,,,,,,,,,,,,,,,
2026-07-07T16:00:46.595452+00:00,2026-07-07T16:00:46.595383,1,2,139.6,0.4,139.4,151,,,,,,,,,,,,,,,,,,,139.8,12,139.9,150,,,,,,,,,,,,,,,,
2026-07-07T16:00:46.658691+00:00,2026-07-07T16:00:46.655207,2,2,139.6,0.4,139.4,151,139.2,100,,,,,,,,,,,,,,,,,139.8,12,139.9,150,,,,,,,,,,,,,,,,
2026-07-07T16:00:46.711347+00:00,2026-07-07T16:00:46.711206,2,3,139.55,0.3,139.4,151,139.2,100,,,,,,,,,,,,,,,,,139.7,100,139.8,12,139.9,150,,,,,,,,,,,,,,
2026-07-07T16:00:47.311991+00:00,2026-07-07T16:00:47.312132,2,3,139.55,0.3,139.4,151,139.2,100,,,,,,,,,,,,,,,,,139.7,53,139.8,12,139.9,150,,,,,,,,,,,,,,
2026-07-07T16:00:47.489519+00:00,2026-07-07T16:00:47.489461,2,3,139.55,0.3,139.4,101,139.2,100,,,,,,,,,,,,,,,,,139.7,53,139.8,12,139.9,150,,,,,,,,,,,,,,
2026-07-07T16:00:48.584268+00:00,2026-07-07T16:00:48.584244,2,2,139.55,0.3,139.4,12,139.2,100,,,,,,,,,,,,,,,,,139.7,53,139.8,12,,,,,,,,,,,,,,,,
2026-07-07T16:00:48.640032+00:00,2026-07-07T16:00:48.639962,3,2,139.55,0.3,139.4,12,139.3,150,139.2,100,,,,,,,,,,,,,,,139.7,53,139.8,12,,,,,,,,,,,,,,,,
2026-07-07T16:00:48.692834+00:00,2026-07-07T16:00:48.692710,3,2,139.55,0.3,139.4,12,139.3,150,139.2,100,,,,,,,,,,,,,,,139.7,53,139.8,162,,,,,,,,,,,,,,,,
2026-07-07T16:00:49.596290+00:00,2026-07-07T16:00:49.596208,2,2,139.5,0.4,139.3,112,139.2,100,,,,,,,,,,,,,,,,,139.7,53,139.8,162,,,,,,,,,,,,,,,,
2026-07-07T16:00:49.766801+00:00,2026-07-07T16:00:49.766775,1,1,139.55,0.5,139.3,112,,,,,,,,,,,,,,,,,,,139.8,162,,,,,,,,,,,,,,,,,,
2026-07-07T16:00:49.823354+00:00,2026-07-07T16:00:49.823302,1,1,139.55,0.5,139.3,212,,,,,,,,,,,,,,,,,,,139.8,162,,,,,,,,,,,,,,,,,,
2026-07-07T16:00:49.875648+00:00,2026-07-07T16:00:49.875496,1,1,139.55,0.5,139.3,212,,,,,,,,,,,,,,,,,,,139.8,262,,,,,,,,,,,,,,,,,,
2026-07-07T16:00:49.968963+00:00,2026-07-07T16:00:49.968864,1,1,139.55,0.5,139.3,212,,,,,,,,,,,,,,,,,,,139.8,222,,,,,,,,,,,,,,,,,,
2026-07-07T16:00:51.619681+00:00,2026-07-07T16:00:51.619602,1,2,139.5,0.4,139.3,224,,,,,,,,,,,,,,,,,,,139.7,12,139.8,222,,,,,,,,,,,,,,,,
2026-07-07T16:00:51.747044+00:00,2026-07-07T16:00:51.747015,1,2,139.5,0.4,139.3,112,,,,,,,,,,,,,,,,,,,139.7,12,139.8,100,,,,,,,,,,,,,,,,
2026-07-07T16:00:51.800699+00:00,2026-07-07T16:00:51.800571,2,2,139.5,0.4,139.3,112,139.1,150,,,,,,,,,,,,,,,,,139.7,12,139.8,100,,,,,,,,,,,,,,,,
2026-07-07T16:00:51.858651+00:00,2026-07-07T16:00:51.856156,2,3,139.45,0.3,139.3,112,139.1,150,,,,,,,,,,,,,,,,,139.6,150,139.7,12,139.8,100,,,,,,,,,,,,,,
2026-07-07T16:00:51.878176+00:00,2026-07-07T16:00:51.878097,2,2,139.45,0.3,139.3,100,139.1,150,,,,,,,,,,,,,,,,,139.6,150,139.8,100,,,,,,,,,,,,,,,,
2026-07-07T16:00:51.883348+00:00,2026-07-07T16:00:51.883295,2,2,139.45,0.3,139.3,112,139.1,150,,,,,,,,,,,,,,,,,139.6,162,139.8,100,,,,,,,,,,,,,,,,
2026-07-07T16:00:52.135048+00:00,2026-07-07T16:00:52.135013,2,2,139.45,0.3,139.3,70,139.1,150,,,,,,,,,,,,,,,,,139.6,162,139.8,100,,,,,,,,,,,,,,,,
2026-07-07T16:00:52.928099+00:00,2026-07-07T16:00:52.928030,2,1,139.45,0.3,139.3,12,139.1,150,,,,,,,,,,,,,,,,,139.6,162,,,,,,,,,,,,,,,,,,
2026-07-07T16:00:52.980876+00:00,2026-07-07T16:00:52.980967,2,1,139.45,0.3,139.3,12,139.1,250,,,,,,,,,,,,,,,,,139.6,162,,,,,,,,,,,,,,,,,,
2026-07-07T16:00:53.035924+00:00,2026-07-07T16:00:53.035882,2,1,139.45,0.3,139.3,12,139.1,250,,,,,,,,,,,,,,,,,139.6,262,,,,,,,,,,,,,,,,,,
2026-07-07T16:00:54.911601+00:00,2026-07-07T16:00:54.911538,2,1,139.45,0.3,139.3,12,139.1,100,,,,,,,,,,,,,,,,,139.6,112,,,,,,,,,,,,,,,,,,
2026-07-07T16:00:54.967252+00:00,2026-07-07T16:00:54.967190,3,1,139.45,0.3,139.3,12,139.2,150,139.1,100,,,,,,,,,,,,,,,139.6,112,,,,,,,,,,,,,,,,,,
2026-07-07T16:00:55.035785+00:00,2026-07-07T16:00:55.035667,3,2,139.45,0.3,139.3,12,139.2,150,139.1,100,,,,,,,,,,,,,,,139.6,112,139.7,150,,,,,,,,,,,,,,,,
2026-07-07T16:00:55.158812+00:00,2026-07-07T16:00:55.158682,2,2,139.4,0.4,139.2,150,139.1,100,,,,,,,,,,,,,,,,,139.6,100,139.7,150,,,,,,,,,,,,,,,,
2026-07-07T16:00:55.164105+00:00,2026-07-07T16:00:55.164008,2,2,139.4,0.4,139.2,150,139.1,100,,,,,,,,,,,,,,,,,139.6,100,139.7,162,,,,,,,,,,,,,,,,
2026-07-07T16:00:55.647511+00:00,2026-07-07T16:00:55.647421,2,2,139.4,0.4,139.2,150,139.1,100,,,,,,,,,,,,,,,,,139.6,60,139.7,162,,,,,,,,,,,,,,,,
2026-07-07T16:00:55.882456+00:00,2026-07-07T16:00:55.882305,2,2,139.4,0.4,139.2,150,139.1,100,,,,,,,,,,,,,,,,,139.6,10,139.7,162,,,,,,,,,,,,,,,,
2026-07-07T16:00:56.092481+00:00,2026-07-07T16:00:56.092430,1,1,139.45,0.5,139.2,150,,,,,,,,,,,,,,,,,,,139.7,162,,,,,,,,,,,,,,,,,,
2026-07-07T16:00:56.147622+00:00,2026-07-07T16:00:56.147723,2,1,139.55,0.3,139.4,100,139.2,150,,,,,,,,,,,,,,,,,139.7,162,,,,,,,,,,,,,,,,,,
2026-07-07T16:00:56.200647+00:00,2026-07-07T16:00:56.200550,2,2,139.55,0.3,139.4,100,139.2,150,,,,,,,,,,,,,,,,,139.7,162,139.9,100,,,,,,,,,,,,,,,,
2026-07-07T16:00:56.274840+00:00,2026-07-07T16:00:56.274638,2,2,139.55,0.3,139.4,60,139.2,150,,,,,,,,,,,,,,,,,139.7,162,139.9,100,,,,,,,,,,,,,,,,
2026-07-07T16:00:57.674905+00:00,2026-07-07T16:00:57.674815,3,2,139.6,0.2,139.5,12,139.4,60,139.2,150,,,,,,,,,,,,,,,139.7,150,139.9,100,,,,,,,,,,,,,,,,
2026-07-07T16:00:57.680075+00:00,2026-07-07T16:00:57.680002,3,3,139.6,0.2,139.5,12,139.4,60,139.2,150,,,,,,,,,,,,,,,139.7,150,139.8,12,139.9,100,,,,,,,,,,,,,,
2026-07-07T16:00:57.818081+00:00,2026-07-07T16:00:57.818231,3,3,139.6,0.2,139.5,12,139.4,60,139.2,150,,,,,,,,,,,,,,,139.7,103,139.8,12,139.9,100,,,,,,,,,,,,,,
2026-07-07T16:00:57.991775+00:00,2026-07-07T16:00:57.991592,3,3,139.6,0.2,139.5,12,139.4,60,139.2,150,,,,,,,,,,,,,,,139.7,53,139.8,12,139.9,100,,,,,,,,,,,,,,
2026-07-07T16:00:58.088787+00:00,2026-07-07T16:00:58.088727,2,2,139.65,0.3,139.5,12,139.4,60,,,,,,,,,,,,,,,,,139.8,12,139.9,100,,,,,,,,,,,,,,,,
2026-07-07T16:00:58.142869+00:00,2026-07-07T16:00:58.142760,3,0,,,139.9,38,139.5,12,139.4,60,,,,,,,,,,,,,,,,,,,,,,,,,,,,,,,,,,
2026-07-07T16:00:58.198677+00:00,2026-07-07T16:00:58.198539,3,1,140.15,0.5,139.9,38,139.5,12,139.4,60,,,,,,,,,,,,,,,140.4,150,,,,,,,,,,,,,,,,,,
2026-07-07T16:00:58.436554+00:00,2026-07-07T16:00:58.436440,3,1,140.15,0.5,139.9,38,139.7,12,139.4,60,,,,,,,,,,,,,,,140.4,150,,,,,,,,,,,,,,,,,,
2026-07-07T16:00:58.441724+00:00,2026-07-07T16:00:58.441609,3,2,140.1,0.4,139.9,38,139.7,12,139.4,60,,,,,,,,,,,,,,,140.3,12,140.4,150,,,,,,,,,,,,,,,,
2026-07-07T16:00:59.089896+00:00,2026-07-07T16:00:59.083690,3,2,140.1,0.4,139.9,26,139.7,12,139.4,60,,,,,,,,,,,,,,,140.3,12,140.4,150,,,,,,,,,,,,,,,,
2026-07-07T16:00:59.280972+00:00,2026-07-07T16:00:59.280840,2,2,140.1,0.4,139.9,26,139.7,12,,,,,,,,,,,,,,,,,140.3,12,140.4,150,,,,,,,,,,,,,,,,
2026-07-07T16:00:59.336730+00:00,2026-07-07T16:00:59.336585,3,2,140.1,0.4,139.9,26,139.8,100,139.7,12,,,,,,,,,,,,,,,140.3,12,140.4,150,,,,,,,,,,,,,,,,
2026-07-07T16:00:59.391943+00:00,2026-07-07T16:00:59.391837,3,2,140.1,0.4,139.9,26,139.8,100,139.7,12,,,,,,,,,,,,,,,140.3,112,140.4,150,,,,,,,,,,,,,,,,
2026-07-07T16:00:59.880619+00:00,2026-07-07T16:00:59.880586,2,2,140.05,0.5,139.8,79,139.7,12,,,,,,,,,,,,,,,,,140.3,112,140.4,150,,,,,,,,,,,,,,,,
2026-07-07T16:01:00.158683+00:00,2026-07-07T16:01:00.153899,2,2,140.05,0.5,139.8,29,139.7,12,,,,,,,,,,,,,,,,,140.3,112,140.4,150,,,,,,,,,,,,,,,,
2026-07-07T16:01:01.208364+00:00,2026-07-07T16:01:01.208276,1,2,140.05,0.5,139.8,29,,,,,,,,,,,,,,,,,,,140.3,100,140.4,150,,,,,,,,,,,,,,,,
2026-07-07T16:01:01.213650+00:00,2026-07-07T16:01:01.213495,1,3,140.0,0.4,139.8,41,,,,,,,,,,,,,,,,,,,140.2,12,140.3,100,140.4,150,,,,,,,,,,,,,,
2026-07-07T16:01:01.258641+00:00,2026-07-07T16:01:01.253742,1,2,140.0,0.4,139.8,41,,,,,,,,,,,,,,,,,,,140.2,12,140.3,100,,,,,,,,,,,,,,,,
2026-07-07T16:01:01.306031+00:00,2026-07-07T16:01:01.305983,2,2,140.0,0.4,139.8,41,139.5,150,,,,,,,,,,,,,,,,,140.2,12,140.3,100,,,,,,,,,,,,,,,,
2026-07-07T16:01:01.358781+00:00,2026-07-07T16:01:01.358737,2,3,139.9,0.2,139.8,41,139.5,150,,,,,,,,,,,,,,,,,140.0,150,140.2,12,140.3,100,,,,,,,,,,,,,,
2026-07-07T16:01:01.717634+00:00,2026-07-07T16:01:01.717532,2,3,139.9,0.2,139.8,29,139.5,150,,,,,,,,,,,,,,,,,140.0,150,140.2,12,140.3,100,,,,,,,,,,,,,,
2026-07-07T16:01:01.722824+00:00,2026-07-07T16:01:01.722733,2,2,139.9,0.2,139.8,41,139.5,150,,,,,,,,,,,,,,,,,140.0,150,140.3,100,,,,,,,,,,,,,,,,
2026-07-07T16:01:01.727961+00:00,2026-07-07T16:01:01.727909,2,3,139.9,0.2,139.8,41,139.5,150,,,,,,,,,,,,,,,,,140.0,150,140.1,12,140.3,100,,,,,,,,,,,,,,
2026-07-07T16:01:02.290105+00:00,2026-07-07T16:01:02.289965,1,3,139.75,0.5,139.5,141,,,,,,,,,,,,,,,,,,,140.0,150,140.1,12,140.3,100,,,,,,,,,,,,,,
2026-07-07T16:01:02.446345+00:00,2026-07-07T16:01:02.446434,1,2,139.75,0.5,139.5,141,,,,,,,,,,,,,,,,,,,140.0,150,140.1,12,,,,,,,,,,,,,,,,
2026-07-07T16:01:02.485124+00:00,2026-07-07T16:01:02.485051,2,1,139.8,0.4,139.6,12,139.5,141,,,,,,,,,,,,,,,,,140.0,150,,,,,,,,,,,,,,,,,,
2026-07-07T16:01:02.490304+00:00,2026-07-07T16:01:02.490227,2,2,139.8,0.4,139.6,12,139.5,141,,,,,,,,,,,,,,,,,140.0,150,140.1,12,,,,,,,,,,,,,,,,
2026-07-07T16:01:02.495333+00:00,2026-07-07T16:01:02.495506,3,2,139.85,0.3,139.7,100,139.6,12,139.5,141,,,,,,,,,,,,,,,140.0,150,140.1,12,,,,,,,,,,,,,,,,
2026-07-07T16:01:02.552145+00:00,2026-07-07T16:01:02.552327,3,3,139.85,0.3,139.7,100,139.6,12,139.5,141,,,,,,,,,,,,,,,140.0,150,140.1,12,140.2,100,,,,,,,,,,,,,,
2026-07-07T16:01:02.750635+00:00,2026-07-07T16:01:02.750568,2,3,139.85,0.3,139.7,100,139.5,141,,,,,,,,,,,,,,,,,140.0,150,140.1,12,140.2,100,,,,,,,,,,,,,,
2026-07-07T16:01:02.758559+00:00,2026-07-07T16:01:02.755841,2,3,139.85,0.3,139.7,112,139.5,141,,,,,,,,,,,,,,,,,140.0,150,140.1,12,140.2,100,,,,,,,,,,,,,,
2026-07-07T16:01:04.396801+00:00,2026-07-07T16:01:04.396753,2,3,139.85,0.3,139.7,62,139.5,141,,,,,,,,,,,,,,,,,140.0,150,140.1,12,140.2,100,,,,,,,,,,,,,,
2026-07-07T16:01:04.415167+00:00,2026-07-07T16:01:04.415084,1,2,139.9,0.4,139.7,62,,,,,,,,,,,,,,,,,,,140.1,12,140.2,100,,,,,,,,,,,,,,,,
2026-07-07T16:01:04.469558+00:00,2026-07-07T16:01:04.469505,2,2,139.9,0.4,139.7,62,139.5,150,,,,,,,,,,,,,,,,,140.1,12,140.2,100,,,,,,,,,,,,,,,,
2026-07-07T16:01:04.522463+00:00,2026-07-07T16:01:04.522363,2,3,139.85,0.3,139.7,62,139.5,150,,,,,,,,,,,,,,,,,140.0,150,140.1,12,140.2,100,,,,,,,,,,,,,,
2026-07-07T16:01:05.270669+00:00,2026-07-07T16:01:05.270640,2,2,139.85,0.3,139.7,50,139.5,150,,,,,,,,,,,,,,,,,140.0,150,140.2,100,,,,,,,,,,,,,,,,
2026-07-07T16:01:05.275717+00:00,2026-07-07T16:01:05.275842,3,2,139.9,0.2,139.8,12,139.7,50,139.5,150,,,,,,,,,,,,,,,140.0,150,140.2,112,,,,,,,,,,,,,,,,
2026-07-07T16:01:05.607622+00:00,2026-07-07T16:01:05.607535,2,2,139.9,0.2,139.8,12,139.5,150,,,,,,,,,,,,,,,,,140.0,150,140.2,12,,,,,,,,,,,,,,,,
2026-07-07T16:01:05.661782+00:00,2026-07-07T16:01:05.661732,3,2,139.9,0.2,139.8,12,139.7,100,139.5,150,,,,,,,,,,,,,,,140.0,150,140.2,12,,,,,,,,,,,,,,,,
2026-07-07T16:01:05.714971+00:00,2026-07-07T16:01:05.714872,3,2,139.9,0.2,139.8,12,139.7,100,139.5,150,,,,,,,,,,,,,,,140.0,150,140.2,112,,,,,,,,,,,,,,,,
2026-07-07T16:01:06.146865+00:00,2026-07-07T16:01:06.141070,3,2,139.9,0.2,139.8,12,139.7,100,139.5,150,,,,,,,,,,,,,,,140.0,127,140.2,112,,,,,,,,,,,,,,,,
2026-07-07T16:01:07.576486+00:00,2026-07-07T16:01:07.576380,2,1,140.0,0.4,139.8,12,139.7,100,,,,,,,,,,,,,,,,,140.2,112,,,,,,,,,,,,,,,,,,
2026-07-07T16:01:07.631921+00:00,2026-07-07T16:01:07.631838,3,1,140.0,0.4,139.8,12,139.7,100,139.6,150,,,,,,,,,,,,,,,140.2,112,,,,,,,,,,,,,,,,,,
2026-07-07T16:01:07.685083+00:00,2026-07-07T16:01:07.684941,3,2,139.95,0.3,139.8,12,139.7,100,139.6,150,,,,,,,,,,,,,,,140.1,150,140.2,112,,,,,,,,,,,,,,,,
2026-07-07T16:01:08.539815+00:00,2026-07-07T16:01:08.539749,2,2,139.9,0.4,139.7,100,139.6,150,,,,,,,,,,,,,,,,,140.1,150,140.2,112,,,,,,,,,,,,,,,,
2026-07-07T16:01:08.544951+00:00,2026-07-07T16:01:08.544923,2,2,139.9,0.4,139.7,100,139.6,150,,,,,,,,,,,,,,,,,140.1,150,140.2,100,,,,,,,,,,,,,,,,
2026-07-07T16:01:08.550236+00:00,2026-07-07T16:01:08.550125,3,3,140.0,0.2,139.9,12,139.7,100,139.6,150,,,,,,,,,,,,,,,140.1,150,140.2,100,140.3,12,,,,,,,,,,,,,,
2026-07-07T16:01:08.558608+00:00,2026-07-07T16:01:08.555330,3,3,140.0,0.2,139.9,12,139.7,100,139.6,150,,,,,,,,,,,,,,,140.1,100,140.2,100,140.3,12,,,,,,,,,,,,,,
2026-07-07T16:01:08.769811+00:00,2026-07-07T16:01:08.769669,3,2,140.0,0.2,139.9,12,139.7,100,139.6,150,,,,,,,,,,,,,,,140.1,100,140.3,12,,,,,,,,,,,,,,,,
2026-07-07T16:01:08.774748+00:00,2026-07-07T16:01:08.774850,2,2,140.0,0.2,139.9,12,139.6,150,,,,,,,,,,,,,,,,,140.1,100,140.3,12,,,,,,,,,,,,,,,,
2026-07-07T16:01:08.826661+00:00,2026-07-07T16:01:08.826517,3,2,140.0,0.2,139.9,12,139.8,100,139.6,150,,,,,,,,,,,,,,,140.1,100,140.3,12,,,,,,,,,,,,,,,,
2026-07-07T16:01:08.882158+00:00,2026-07-07T16:01:08.881992,3,2,140.0,0.2,139.9,12,139.8,100,139.6,150,,,,,,,,,,,,,,,140.1,100,140.3,112,,,,,,,,,,,,,,,,
2026-07-07T16:01:10.652418+00:00,2026-07-07T16:01:10.652288,3,2,140.0,0.2,139.9,12,139.8,100,139.6,150,,,,,,,,,,,,,,,140.1,50,140.3,112,,,,,,,,,,,,,,,,
2026-07-07T16:01:10.739278+00:00,2026-07-07T16:01:10.739169,2,1,140.1,0.4,139.9,12,139.8,100,,,,,,,,,,,,,,,,,140.3,112,,,,,,,,,,,,,,,,,,
2026-07-07T16:01:10.790671+00:00,2026-07-07T16:01:10.790792,3,1,140.2,0.2,140.1,150,139.9,12,139.8,100,,,,,,,,,,,,,,,140.3,112,,,,,,,,,,,,,,,,,,
2026-07-07T16:01:10.807344+00:00,2026-07-07T16:01:10.807318,2,1,140.2,0.2,140.1,150,139.8,100,,,,,,,,,,,,,,,,,140.3,112,,,,,,,,,,,,,,,,,,
2026-07-07T16:01:10.812519+00:00,2026-07-07T16:01:10.812482,2,1,140.2,0.2,140.1,150,139.8,100,,,,,,,,,,,,,,,,,140.3,100,,,,,,,,,,,,,,,,,,
2026-07-07T16:01:10.817565+00:00,2026-07-07T16:01:10.817687,3,1,140.2,0.2,140.1,150,140.0,12,139.8,100,,,,,,,,,,,,,,,140.3,112,,,,,,,,,,,,,,,,,,
2026-07-07T16:01:10.849472+00:00,2026-07-07T16:01:10.849390,3,2,140.2,0.2,140.1,150,140.0,12,139.8,100,,,,,,,,,,,,,,,140.3,112,140.6,150,,,,,,,,,,,,,,,,
2026-07-07T16:01:11.565617+00:00,2026-07-07T16:01:11.565553,3,2,140.2,0.2,140.1,105,140.0,12,139.8,100,,,,,,,,,,,,,,,140.3,112,140.6,150,,,,,,,,,,,,,,,,
2026-07-07T16:01:11.937211+00:00,2026-07-07T16:01:11.937134,2,2,140.2,0.2,140.1,105,140.0,12,,,,,,,,,,,,,,,,,140.3,12,140.6,150,,,,,,,,,,,,,,,,
2026-07-07T16:01:11.990357+00:00,2026-07-07T16:01:11.990246,3,2,140.2,0.2,140.1,105,140.0,12,139.8,100,,,,,,,,,,,,,,,140.3,12,140.6,150,,,,,,,,,,,,,,,,
2026-07-07T16:01:12.047582+00:00,2026-07-07T16:01:12.047701,3,2,140.2,0.2,140.1,105,140.0,12,139.8,100,,,,,,,,,,,,,,,140.3,112,140.6,150,,,,,,,,,,,,,,,,
2026-07-07T16:01:12.470371+00:00,2026-07-07T16:01:12.470274,3,2,140.2,0.2,140.1,105,140.0,12,139.8,100,,,,,,,,,,,,,,,140.3,69,140.6,150,,,,,,,,,,,,,,,,
2026-07-07T16:01:12.768227+00:00,2026-07-07T16:01:12.768084,3,2,140.2,0.2,140.1,105,140.0,12,139.8,100,,,,,,,,,,,,,,,140.3,19,140.6,150,,,,,,,,,,,,,,,,
2026-07-07T16:01:13.082898+00:00,2026-07-07T16:01:13.082773,3,1,140.35,0.5,140.1,105,140.0,12,139.8,100,,,,,,,,,,,,,,,140.6,123,,,,,,,,,,,,,,,,,,
2026-07-07T16:01:13.412806+00:00,2026-07-07T16:01:13.406484,3,1,140.35,0.5,140.1,94,140.0,12,139.8,100,,,,,,,,,,,,,,,140.6,123,,,,,,,,,,,,,,,,,,
2026-07-07T16:01:13.631791+00:00,2026-07-07T16:01:13.631748,3,1,140.35,0.5,140.1,50,140.0,12,139.8,100,,,,,,,,,,,,,,,140.6,123,,,,,,,,,,,,,,,,,,
2026-07-07T16:01:13.907101+00:00,2026-07-07T16:01:13.907032,2,0,,,140.0,12,139.8,100,,,,,,,,,,,,,,,,,,,,,,,,,,,,,,,,,,,,
2026-07-07T16:01:13.956659+00:00,2026-07-07T16:01:13.956803,3,0,,,140.0,12,139.8,100,139.7,150,,,,,,,,,,,,,,,,,,,,,,,,,,,,,,,,,,
2026-07-07T16:01:14.017122+00:00,2026-07-07T16:01:14.016950,3,1,140.1,0.2,140.0,12,139.8,100,139.7,150,,,,,,,,,,,,,,,140.2,150,,,,,,,,,,,,,,,,,,
2026-07-07T16:01:14.875327+00:00,2026-07-07T16:01:14.875469,3,1,140.1,0.2,140.0,12,139.8,100,139.7,150,,,,,,,,,,,,,,,140.2,100,,,,,,,,,,,,,,,,,,
2026-07-07T16:01:15.102113+00:00,2026-07-07T16:01:15.101993,2,1,140.1,0.2,140.0,12,139.7,150,,,,,,,,,,,,,,,,,140.2,100,,,,,,,,,,,,,,,,,,
2026-07-07T16:01:15.151454+00:00,2026-07-07T16:01:15.151617,3,1,140.1,0.2,140.0,12,139.9,100,139.7,150,,,,,,,,,,,,,,,140.2,100,,,,,,,,,,,,,,,,,,
2026-07-07T16:01:15.211134+00:00,2026-07-07T16:01:15.211252,3,2,140.1,0.2,140.0,12,139.9,100,139.7,150,,,,,,,,,,,,,,,140.2,100,140.4,100,,,,,,,,,,,,,,,,
2026-07-07T16:01:16.624105+00:00,2026-07-07T16:01:16.623921,2,2,140.05,0.3,139.9,100,139.7,150,,,,,,,,,,,,,,,,,140.2,100,140.4,100,,,,,,,,,,,,,,,,
2026-07-07T16:01:16.629286+00:00,2026-07-07T16:01:16.629204,3,2,140.05,0.3,139.9,100,139.8,12,139.7,150,,,,,,,,,,,,,,,140.2,100,140.4,100,,,,,,,,,,,,,,,,
2026-07-07T16:01:16.634431+00:00,2026-07-07T16:01:16.634405,3,2,140.05,0.3,139.9,100,139.8,12,139.7,150,,,,,,,,,,,,,,,140.2,112,140.4,100,,,,,,,,,,,,,,,,
2026-07-07T16:01:16.983638+00:00,2026-07-07T16:01:16.983525,3,2,140.05,0.3,139.9,100,139.8,12,139.7,150,,,,,,,,,,,,,,,140.2,62,140.4,100,,,,,,,,,,,,,,,,
2026-07-07T16:01:17.070271+00:00,2026-07-07T16:01:17.070147,2,2,140.05,0.3,139.9,100,139.8,12,,,,,,,,,,,,,,,,,140.2,12,140.4,100,,,,,,,,,,,,,,,,
2026-07-07T16:01:17.124360+00:00,2026-07-07T16:01:17.124257,3,2,140.1,0.2,140.0,150,139.9,100,139.8,12,,,,,,,,,,,,,,,140.2,12,140.4,100,,,,,,,,,,,,,,,,
2026-07-07T16:01:17.174923+00:00,2026-07-07T16:01:17.174817,3,3,140.1,0.2,140.0,150,139.9,100,139.8,12,,,,,,,,,,,,,,,140.2,12,140.4,100,140.5,150,,,,,,,,,,,,,,
2026-07-07T16:01:17.683326+00:00,2026-07-07T16:01:17.683245,3,2,140.2,0.4,140.0,150,139.9,100,139.8,12,,,,,,,,,,,,,,,140.4,70,140.5,150,,,,,,,,,,,,,,,,
2026-07-07T16:01:18.265868+00:00,2026-07-07T16:01:18.266003,2,1,140.25,0.5,140.0,150,139.8,12,,,,,,,,,,,,,,,,,140.5,150,,,,,,,,,,,,,,,,,,
2026-07-07T16:01:18.321927+00:00,2026-07-07T16:01:18.321772,2,1,140.25,0.5,140.0,250,139.8,12,,,,,,,,,,,,,,,,,140.5,150,,,,,,,,,,,,,,,,,,
2026-07-07T16:01:18.376513+00:00,2026-07-07T16:01:18.376428,2,1,140.25,0.5,140.0,250,139.8,12,,,,,,,,,,,,,,,,,140.5,250,,,,,,,,,,,,,,,,,,
2026-07-07T16:01:18.400090+00:00,2026-07-07T16:01:18.400013,1,1,140.25,0.5,140.0,262,,,,,,,,,,,,,,,,,,,140.5,250,,,,,,,,,,,,,,,,,,
2026-07-07T16:01:18.405101+00:00,2026-07-07T16:01:18.405196,1,2,140.2,0.4,140.0,262,,,,,,,,,,,,,,,,,,,140.4,12,140.5,250,,,,,,,,,,,,,,,,
2026-07-07T16:01:19.092814+00:00,2026-07-07T16:01:19.092711,1,1,140.25,0.5,140.0,262,,,,,,,,,,,,,,,,,,,140.5,212,,,,,,,,,,,,,,,,,,
2026-07-07T16:01:20.231553+00:00,2026-07-07T16:01:20.231684,1,1,140.25,0.5,140.0,112,,,,,,,,,,,,,,,,,,,140.5,100,,,,,,,,,,,,,,,,,,
2026-07-07T16:01:20.287362+00:00,2026-07-07T16:01:20.287494,2,1,140.35,0.3,140.2,150,140.0,112,,,,,,,,,,,,,,,,,140.5,100,,,,,,,,,,,,,,,,,,
2026-07-07T16:01:20.299060+00:00,2026-07-07T16:01:20.292145,2,1,140.35,0.3,140.2,127,140.0,112,,,,,,,,,,,,,,,,,140.5,100,,,,,,,,,,,,,,,,,,
2026-07-07T16:01:20.341146+00:00,2026-07-07T16:01:20.340984,2,2,140.35,0.3,140.2,127,140.0,112,,,,,,,,,,,,,,,,,140.5,100,140.7,150,,,,,,,,,,,,,,,,
2026-07-07T16:01:21.201528+00:00,2026-07-07T16:01:21.201718,2,2,140.35,0.3,140.2,127,140.0,112,,,,,,,,,,,,,,,,,140.5,50,140.7,150,,,,,,,,,,,,,,,,
2026-07-07T16:01:21.431289+00:00,2026-07-07T16:01:21.431419,2,1,140.45,0.5,140.2,127,140.0,12,,,,,,,,,,,,,,,,,140.7,150,,,,,,,,,,,,,,,,,,
2026-07-07T16:01:21.487450+00:00,2026-07-07T16:01:21.487306,3,1,140.45,0.5,140.2,127,140.1,100,140.0,12,,,,,,,,,,,,,,,140.7,150,,,,,,,,,,,,,,,,,,
2026-07-07T16:01:21.540918+00:00,2026-07-07T16:01:21.540816,3,2,140.4,0.4,140.2,127,140.1,100,140.0,12,,,,,,,,,,,,,,,140.6,100,140.7,150,,,,,,,,,,,,,,,,
2026-07-07T16:01:23.310236+00:00,2026-07-07T16:01:23.310406,3,2,140.4,0.4,140.2,127,140.1,100,140.0,12,,,,,,,,,,,,,,,140.6,50,140.7,150,,,,,,,,,,,,,,,,
2026-07-07T16:01:23.395599+00:00,2026-07-07T16:01:23.395481,2,1,140.35,0.5,140.1,100,140.0,12,,,,,,,,,,,,,,,,,140.6,50,,,,,,,,,,,,,,,,,,
2026-07-07T16:01:23.450411+00:00,2026-07-07T16:01:23.450320,2,1,140.35,0.5,140.1,250,140.0,12,,,,,,,,,,,,,,,,,140.6,50,,,,,,,,,,,,,,,,,,
2026-07-07T16:01:23.506662+00:00,2026-07-07T16:01:23.506557,2,1,140.35,0.5,140.1,250,140.0,12,,,,,,,,,,,,,,,,,140.6,200,,,,,,,,,,,,,,,,,,
2026-07-07T16:01:24.596746+00:00,2026-07-07T16:01:24.596667,2,1,140.35,0.5,140.1,150,140.0,12,,,,,,,,,,,,,,,,,140.6,150,,,,,,,,,,,,,,,,,,
2026-07-07T16:01:24.652441+00:00,2026-07-07T16:01:24.652401,3,1,140.5,0.2,140.4,100,140.1,150,140.0,12,,,,,,,,,,,,,,,140.6,150,,,,,,,,,,,,,,,,,,
2026-07-07T16:01:24.699300+00:00,2026-07-07T16:01:24.657636,3,1,140.5,0.2,140.4,97,140.1,150,140.0,12,,,,,,,,,,,,,,,140.6,150,,,,,,,,,,,,,,,,,,
2026-07-07T16:01:24.714572+00:00,2026-07-07T16:01:24.714742,3,2,140.5,0.2,140.4,97,140.1,150,140.0,12,,,,,,,,,,,,,,,140.6,150,140.9,100,,,,,,,,,,,,,,,,
2026-07-07T16:01:25.415545+00:00,2026-07-07T16:01:25.415424,3,2,140.5,0.2,140.4,97,140.1,150,140.0,12,,,,,,,,,,,,,,,140.6,100,140.9,100,,,,,,,,,,,,,,,,
2026-07-07T16:01:26.558648+00:00,2026-07-07T16:01:26.557752,2,1,140.65,0.5,140.4,97,140.0,12,,,,,,,,,,,,,,,,,140.9,100,,,,,,,,,,,,,,,,,,
2026-07-07T16:01:26.617931+00:00,2026-07-07T16:01:26.617873,2,1,140.65,0.5,140.4,247,140.0,12,,,,,,,,,,,,,,,,,140.9,100,,,,,,,,,,,,,,,,,,
2026-07-07T16:01:26.670896+00:00,2026-07-07T16:01:26.670826,2,1,140.65,0.5,140.4,247,140.0,12,,,,,,,,,,,,,,,,,140.9,250,,,,,,,,,,,,,,,,,,
2026-07-07T16:01:26.685547+00:00,2026-07-07T16:01:26.685525,1,1,140.65,0.5,140.4,244,,,,,,,,,,,,,,,,,,,140.9,250,,,,,,,,,,,,,,,,,,
2026-07-07T16:01:26.690750+00:00,2026-07-07T16:01:26.690699,2,1,140.65,0.5,140.4,244,139.9,12,,,,,,,,,,,,,,,,,140.9,250,,,,,,,,,,,,,,,,,,
2026-07-07T16:01:26.696017+00:00,2026-07-07T16:01:26.695865,2,2,140.6,0.4,140.4,244,139.9,12,,,,,,,,,,,,,,,,,140.8,12,140.9,250,,,,,,,,,,,,,,,,
2026-07-07T16:01:26.958650+00:00,2026-07-07T16:01:26.954055,2,2,140.6,0.4,140.4,241,139.9,12,,,,,,,,,,,,,,,,,140.8,12,140.9,250,,,,,,,,,,,,,,,,
2026-07-07T16:01:27.213368+00:00,2026-07-07T16:01:27.213280,2,2,140.6,0.4,140.4,238,139.9,12,,,,,,,,,,,,,,,,,140.8,12,140.9,250,,,,,,,,,,,,,,,,
2026-07-07T16:01:27.475431+00:00,2026-07-07T16:01:27.475328,2,2,140.6,0.4,140.4,235,139.9,12,,,,,,,,,,,,,,,,,140.8,12,140.9,250,,,,,,,,,,,,,,,,
2026-07-07T16:01:27.524301+00:00,2026-07-07T16:01:27.524177,2,1,140.65,0.5,140.4,235,139.9,12,,,,,,,,,,,,,,,,,140.9,212,,,,,,,,,,,,,,,,,,
2026-07-07T16:01:27.732018+00:00,2026-07-07T16:01:27.732205,2,1,140.65,0.5,140.4,232,139.9,12,,,,,,,,,,,,,,,,,140.9,212,,,,,,,,,,,,,,,,,,
2026-07-07T16:01:27.763649+00:00,2026-07-07T16:01:27.763769,2,1,140.65,0.5,140.4,150,139.9,12,,,,,,,,,,,,,,,,,140.9,150,,,,,,,,,,,,,,,,,,
2026-07-07T16:01:27.818725+00:00,2026-07-07T16:01:27.818661,2,1,140.65,0.5,140.4,250,139.9,12,,,,,,,,,,,,,,,,,140.9,150,,,,,,,,,,,,,,,,,,
2026-07-07T16:01:27.871920+00:00,2026-07-07T16:01:27.871878,2,1,140.65,0.5,140.4,250,139.9,12,,,,,,,,,,,,,,,,,140.9,250,,,,,,,,,,,,,,,,,,
2026-07-07T16:01:27.996519+00:00,2026-07-07T16:01:27.996417,1,1,140.65,0.5,140.4,250,,,,,,,,,,,,,,,,,,,140.9,250,,,,,,,,,,,,,,,,,,
2026-07-07T16:01:28.001734+00:00,2026-07-07T16:01:28.001621,2,2,140.6,0.4,140.4,250,140.0,12,,,,,,,,,,,,,,,,,140.8,12,140.9,250,,,,,,,,,,,,,,,,
2026-07-07T16:01:29.634515+00:00,2026-07-07T16:01:29.634447,2,1,140.65,0.5,140.4,250,140.0,12,,,,,,,,,,,,,,,,,140.9,212,,,,,,,,,,,,,,,,,,
2026-07-07T16:01:29.726653+00:00,2026-07-07T16:01:29.726773,2,1,140.65,0.5,140.4,100,140.0,12,,,,,,,,,,,,,,,,,140.9,100,,,,,,,,,,,,,,,,,,
2026-07-07T16:01:29.781910+00:00,2026-07-07T16:01:29.781796,3,1,140.7,0.4,140.5,150,140.4,100,140.0,12,,,,,,,,,,,,,,,140.9,100,,,,,,,,,,,,,,,,,,
2026-07-07T16:01:29.835060+00:00,2026-07-07T16:01:29.835158,3,2,140.7,0.4,140.5,150,140.4,100,140.0,12,,,,,,,,,,,,,,,140.9,100,141.0,150,,,,,,,,,,,,,,,,
2026-07-07T16:01:29.878649+00:00,2026-07-07T16:01:29.878615,3,2,140.7,0.4,140.5,104,140.4,100,140.0,12,,,,,,,,,,,,,,,140.9,100,141.0,150,,,,,,,,,,,,,,,,
2026-07-07T16:01:30.770806+00:00,2026-07-07T16:01:30.770774,3,2,140.7,0.4,140.5,104,140.4,100,140.2,12,,,,,,,,,,,,,,,140.9,100,141.0,150,,,,,,,,,,,,,,,,
2026-07-07T16:01:30.776103+00:00,2026-07-07T16:01:30.775969,3,3,140.65,0.3,140.5,104,140.4,100,140.2,12,,,,,,,,,,,,,,,140.8,12,140.9,100,141.0,150,,,,,,,,,,,,,,
2026-07-07T16:01:30.925632+00:00,2026-07-07T16:01:30.925582,2,2,140.65,0.3,140.5,104,140.2,12,,,,,,,,,,,,,,,,,140.8,12,141.0,150,,,,,,,,,,,,,,,,
2026-07-07T16:01:30.981967+00:00,2026-07-07T16:01:30.981861,3,1,140.9,0.2,140.8,88,140.5,104,140.2,12,,,,,,,,,,,,,,,141.0,150,,,,,,,,,,,,,,,,,,
2026-07-07T16:01:31.035167+00:00,2026-07-07T16:01:31.035090,3,2,140.9,0.2,140.8,88,140.5,104,140.2,12,,,,,,,,,,,,,,,141.0,150,141.3,100,,,,,,,,,,,,,,,,
2026-07-07T16:01:31.258694+00:00,2026-07-07T16:01:31.257325,3,2,140.9,0.2,140.8,88,140.5,104,140.2,12,,,,,,,,,,,,,,,141.0,106,141.3,100,,,,,,,,,,,,,,,,
2026-07-07T16:01:31.758562+00:00,2026-07-07T16:01:31.755359,3,2,140.9,0.2,140.8,88,140.5,104,140.2,12,,,,,,,,,,,,,,,141.0,56,141.3,100,,,,,,,,,,,,,,,,
2026-07-07T16:01:31.786806+00:00,2026-07-07T16:01:31.786768,3,2,140.9,0.2,140.8,88,140.5,104,140.4,12,,,,,,,,,,,,,,,141.0,56,141.3,100,,,,,,,,,,,,,,,,
2026-07-07T16:01:31.792055+00:00,2026-07-07T16:01:31.791966,3,3,140.85,0.1,140.8,88,140.5,104,140.4,12,,,,,,,,,,,,,,,140.9,12,141.0,56,141.3,100,,,,,,,,,,,,,,
2026-07-07T16:01:32.889906+00:00,2026-07-07T16:01:32.889834,2,2,140.85,0.1,140.8,88,140.4,12,,,,,,,,,,,,,,,,,140.9,12,141.3,100,,,,,,,,,,,,,,,,
2026-07-07T16:01:32.954478+00:00,2026-07-07T16:01:32.948232,3,1,141.1,0.4,140.9,135,140.8,88,140.4,12,,,,,,,,,,,,,,,141.3,100,,,,,,,,,,,,,,,,,,
2026-07-07T16:01:32.999142+00:00,2026-07-07T16:01:32.999057,3,2,141.1,0.4,140.9,135,140.8,88,140.4,12,,,,,,,,,,,,,,,141.3,100,141.4,150,,,,,,,,,,,,,,,,
2026-07-07T16:01:33.027765+00:00,2026-07-07T16:01:33.027733,3,2,141.1,0.4,140.9,100,140.8,88,140.4,12,,,,,,,,,,,,,,,141.3,100,141.4,150,,,,,,,,,,,,,,,,
2026-07-07T16:01:33.050338+00:00,2026-07-07T16:01:33.050260,3,2,141.1,0.4,140.9,97,140.8,88,140.4,12,,,,,,,,,,,,,,,141.3,100,141.4,150,,,,,,,,,,,,,,,,
2026-07-07T16:01:33.055372+00:00,2026-07-07T16:01:33.055561,3,3,141.05,0.3,140.9,97,140.8,88,140.3,12,,,,,,,,,,,,,,,141.2,12,141.3,100,141.4,150,,,,,,,,,,,,,,
2026-07-07T16:01:33.122559+00:00,2026-07-07T16:01:33.122640,3,3,141.05,0.3,140.9,62,140.8,88,140.3,12,,,,,,,,,,,,,,,141.2,12,141.3,100,141.4,150,,,,,,,,,,,,,,
2026-07-07T16:01:33.211921+00:00,2026-07-07T16:01:33.211810,3,3,141.05,0.3,140.9,27,140.8,88,140.3,12,,,,,,,,,,,,,,,141.2,12,141.3,100,141.4,150,,,,,,,,,,,,,,
2026-07-07T16:01:33.300483+00:00,2026-07-07T16:01:33.300442,2,3,141.0,0.4,140.8,88,140.3,12,,,,,,,,,,,,,,,,,141.2,12,141.3,100,141.4,150,,,,,,,,,,,,,,
2026-07-07T16:01:33.319264+00:00,2026-07-07T16:01:33.319398,2,3,141.0,0.4,140.8,85,140.3,12,,,,,,,,,,,,,,,,,141.2,12,141.3,100,141.4,150,,,,,,,,,,,,,,
2026-07-07T16:01:33.580673+00:00,2026-07-07T16:01:33.580836,2,3,141.0,0.4,140.8,82,140.3,12,,,,,,,,,,,,,,,,,141.2,12,141.3,100,141.4,150,,,,,,,,,,,,,,
2026-07-07T16:01:33.719924+00:00,2026-07-07T16:01:33.719825,2,3,141.0,0.4,140.8,39,140.3,12,,,,,,,,,,,,,,,,,141.2,12,141.3,100,141.4,150,,,,,,,,,,,,,,
2026-07-07T16:01:33.845484+00:00,2026-07-07T16:01:33.845617,2,3,141.0,0.4,140.8,36,140.3,12,,,,,,,,,,,,,,,,,141.2,12,141.3,100,141.4,150,,,,,,,,,,,,,,
2026-07-07T16:01:33.858598+00:00,2026-07-07T16:01:33.857648,2,2,141.05,0.5,140.8,36,140.3,12,,,,,,,,,,,,,,,,,141.3,62,141.4,150,,,,,,,,,,,,,,,,
2026-07-07T16:01:34.092115+00:00,2026-07-07T16:01:34.092031,1,1,140.85,1.1,140.3,12,,,,,,,,,,,,,,,,,,,141.4,150,,,,,,,,,,,,,,,,,,
2026-07-07T16:01:34.158814+00:00,2026-07-07T16:01:34.158703,2,1,141.0,0.8,140.6,100,140.3,12,,,,,,,,,,,,,,,,,141.4,150,,,,,,,,,,,,,,,,,,
2026-07-07T16:01:34.214198+00:00,2026-07-07T16:01:34.214068,2,2,140.85,0.5,140.6,100,140.3,12,,,,,,,,,,,,,,,,,141.1,100,141.4,150,,,,,,,,,,,,,,,,
2026-07-07T16:01:34.404492+00:00,2026-07-07T16:01:34.404582,1,2,140.85,0.5,140.6,100,,,,,,,,,,,,,,,,,,,141.1,100,141.4,150,,,,,,,,,,,,,,,,
2026-07-07T16:01:34.420393+00:00,2026-07-07T16:01:34.420333,2,2,140.85,0.5,140.6,100,140.4,12,,,,,,,,,,,,,,,,,141.1,100,141.4,150,,,,,,,,,,,,,,,,
2026-07-07T16:01:35.971786+00:00,2026-07-07T16:01:35.971762,2,2,140.85,0.5,140.6,100,140.4,12,,,,,,,,,,,,,,,,,141.1,50,141.4,150,,,,,,,,,,,,,,,,
2026-07-07T16:01:36.054510+00:00,2026-07-07T16:01:36.054409,2,1,140.85,0.5,140.6,100,140.4,12,,,,,,,,,,,,,,,,,141.1,50,,,,,,,,,,,,,,,,,,
2026-07-07T16:01:36.108446+00:00,2026-07-07T16:01:36.108400,3,1,140.85,0.5,140.6,100,140.5,150,140.4,12,,,,,,,,,,,,,,,141.1,50,,,,,,,,,,,,,,,,,,
2026-07-07T16:01:36.158622+00:00,2026-07-07T16:01:36.156876,3,2,140.8,0.4,140.6,100,140.5,150,140.4,12,,,,,,,,,,,,,,,141.0,150,141.1,50,,,,,,,,,,,,,,,,
2026-07-07T16:01:37.236409+00:00,2026-07-07T16:01:37.236621,3,2,140.8,0.4,140.6,54,140.5,150,140.4,12,,,,,,,,,,,,,,,141.0,150,141.1,50,,,,,,,,,,,,,,,,
2026-07-07T16:01:37.268369+00:00,2026-07-07T16:01:37.268278,2,1,140.75,0.5,140.5,150,140.4,12,,,,,,,,,,,,,,,,,141.0,150,,,,,,,,,,,,,,,,,,
2026-07-07T16:01:37.322618+00:00,2026-07-07T16:01:37.322705,3,1,140.85,0.3,140.7,100,140.5,150,140.4,12,,,,,,,,,,,,,,,141.0,150,,,,,,,,,,,,,,,,,,
2026-07-07T16:01:37.374233+00:00,2026-07-07T16:01:37.374092,3,2,140.85,0.3,140.7,100,140.5,150,140.4,12,,,,,,,,,,,,,,,141.0,150,141.2,100,,,,,,,,,,,,,,,,
2026-07-07T16:01:38.079584+00:00,2026-07-07T16:01:38.079499,3,2,140.85,0.3,140.7,100,140.5,150,140.4,12,,,,,,,,,,,,,,,141.0,100,141.2,100,,,,,,,,,,,,,,,,
2026-07-07T16:01:39.193725+00:00,2026-07-07T16:01:39.193880,3,2,140.85,0.3,140.7,100,140.5,150,140.3,12,,,,,,,,,,,,,,,141.0,100,141.2,100,,,,,,,,,,,,,,,,
2026-07-07T16:01:39.235720+00:00,2026-07-07T16:01:39.235693,2,1,140.95,0.5,140.7,100,140.3,12,,,,,,,,,,,,,,,,,141.2,100,,,,,,,,,,,,,,,,,,
2026-07-07T16:01:39.296605+00:00,2026-07-07T16:01:39.296509,3,1,140.95,0.5,140.7,100,140.5,150,140.3,12,,,,,,,,,,,,,,,141.2,100,,,,,,,,,,,,,,,,,,
2026-07-07T16:01:39.352582+00:00,2026-07-07T16:01:39.352438,3,2,140.85,0.3,140.7,100,140.5,150,140.3,12,,,,,,,,,,,,,,,141.0,150,141.2,100,,,,,,,,,,,,,,,,
2026-07-07T16:01:40.184833+00:00,2026-07-07T16:01:40.184723,3,2,140.85,0.3,140.7,100,140.5,150,140.3,12,,,,,,,,,,,,,,,141.0,107,141.2,100,,,,,,,,,,,,,,,,
2026-07-07T16:01:40.200420+00:00,2026-07-07T16:01:40.200586,3,2,140.85,0.3,140.7,100,140.5,150,140.3,12,,,,,,,,,,,,,,,141.0,57,141.2,100,,,,,,,,,,,,,,,,
2026-07-07T16:01:40.205972+00:00,2026-07-07T16:01:40.205830,2,2,140.85,0.3,140.7,100,140.5,150,,,,,,,,,,,,,,,,,141.0,57,141.2,100,,,,,,,,,,,,,,,,
2026-07-07T16:01:40.211124+00:00,2026-07-07T16:01:40.211033,2,2,140.85,0.3,140.7,100,140.5,162,,,,,,,,,,,,,,,,,141.0,57,141.2,100,,,,,,,,,,,,,,,,
2026-07-07T16:01:40.438220+00:00,2026-07-07T16:01:40.438163,1,1,140.75,0.5,140.5,162,,,,,,,,,,,,,,,,,,,141.0,57,,,,,,,,,,,,,,,,,,
2026-07-07T16:01:40.492347+00:00,2026-07-07T16:01:40.492290,2,1,140.75,0.5,140.5,162,140.2,100,,,,,,,,,,,,,,,,,141.0,57,,,,,,,,,,,,,,,,,,
2026-07-07T16:01:40.544851+00:00,2026-07-07T16:01:40.544792,2,2,140.6,0.2,140.5,162,140.2,100,,,,,,,,,,,,,,,,,140.7,100,141.0,57,,,,,,,,,,,,,,,,
2026-07-07T16:01:40.716237+00:00,2026-07-07T16:01:40.716134,2,2,140.6,0.2,140.5,150,140.2,112,,,,,,,,,,,,,,,,,140.7,100,141.0,57,,,,,,,,,,,,,,,,
2026-07-07T16:01:42.357537+00:00,2026-07-07T16:01:42.357695,2,2,140.6,0.2,140.5,100,140.2,112,,,,,,,,,,,,,,,,,140.7,100,141.0,57,,,,,,,,,,,,,,,,
2026-07-07T16:01:42.384664+00:00,2026-07-07T16:01:42.384580,2,2,140.6,0.2,140.5,58,140.2,112,,,,,,,,,,,,,,,,,140.7,100,141.0,57,,,,,,,,,,,,,,,,
2026-07-07T16:01:42.407023+00:00,2026-07-07T16:01:42.406912,1,1,140.45,0.5,140.2,112,,,,,,,,,,,,,,,,,,,140.7,100,,,,,,,,,,,,,,,,,,
2026-07-07T16:01:42.458191+00:00,2026-07-07T16:01:42.458268,2,1,140.55,0.3,140.4,150,140.2,112,,,,,,,,,,,,,,,,,140.7,100,,,,,,,,,,,,,,,,,,
2026-07-07T16:01:42.512939+00:00,2026-07-07T16:01:42.512847,2,2,140.55,0.3,140.4,150,140.2,112,,,,,,,,,,,,,,,,,140.7,100,140.9,150,,,,,,,,,,,,,,,,
2026-07-07T16:01:43.598816+00:00,2026-07-07T16:01:43.598716,2,1,140.65,0.5,140.4,150,140.2,12,,,,,,,,,,,,,,,,,140.9,150,,,,,,,,,,,,,,,,,,
2026-07-07T16:01:43.619858+00:00,2026-07-07T16:01:43.619793,2,1,140.65,0.5,140.4,150,140.2,12,,,,,,,,,,,,,,,,,140.9,103,,,,,,,,,,,,,,,,,,
2026-07-07T16:01:43.654142+00:00,2026-07-07T16:01:43.654048,2,1,140.65,0.5,140.4,250,140.2,12,,,,,,,,,,,,,,,,,140.9,103,,,,,,,,,,,,,,,,,,
2026-07-07T16:01:43.707742+00:00,2026-07-07T16:01:43.707884,2,1,140.65,0.5,140.4,250,140.2,12,,,,,,,,,,,,,,,,,140.9,203,,,,,,,,,,,,,,,,,,
2026-07-07T16:01:43.727264+00:00,2026-07-07T16:01:43.727235,2,1,140.65,0.5,140.4,250,140.2,12,,,,,,,,,,,,,,,,,140.9,203,,,,,,,,,,,,,,,,,,
2026-07-07T16:01:44.472567+00:00,2026-07-07T16:01:44.472418,2,1,140.65,0.5,140.4,200,140.2,12,,,,,,,,,,,,,,,,,140.9,203,,,,,,,,,,,,,,,,,,
2026-07-07T16:01:45.233928+00:00,2026-07-07T16:01:45.233829,2,1,140.65,0.5,140.4,200,140.2,12,,,,,,,,,,,,,,,,,140.9,162,,,,,,,,,,,,,,,,,,
2026-07-07T16:01:45.567532+00:00,2026-07-07T16:01:45.567472,2,1,140.65,0.5,140.4,100,140.2,12,,,,,,,,,,,,,,,,,140.9,100,,,,,,,,,,,,,,,,,,
2026-07-07T16:01:45.622570+00:00,2026-07-07T16:01:45.622481,3,1,140.8,0.2,140.7,150,140.4,100,140.2,12,,,,,,,,,,,,,,,140.9,100,,,,,,,,,,,,,,,,,,
2026-07-07T16:01:45.676018+00:00,2026-07-07T16:01:45.675958,3,2,140.8,0.2,140.7,150,140.4,100,140.2,12,,,,,,,,,,,,,,,140.9,100,141.2,150,,,,,,,,,,,,,,,,
2026-07-07T16:01:45.740369+00:00,2026-07-07T16:01:45.740327,3,2,140.8,0.2,140.7,150,140.4,100,140.3,12,,,,,,,,,,,,,,,140.9,100,141.2,150,,,,,,,,,,,,,,,,
2026-07-07T16:01:46.581469+00:00,2026-07-07T16:01:46.581331,3,2,140.8,0.2,140.7,100,140.4,100,140.3,12,,,,,,,,,,,,,,,140.9,100,141.2,150,,,,,,,,,,,,,,,,
2026-07-07T16:01:46.758549+00:00,2026-07-07T16:01:46.757469,2,1,140.95,0.5,140.7,100,140.3,12,,,,,,,,,,,,,,,,,141.2,150,,,,,,,,,,,,,,,,,,
2026-07-07T16:01:46.818728+00:00,2026-07-07T16:01:46.818635,2,1,140.95,0.5,140.7,200,140.3,12,,,,,,,,,,,,,,,,,141.2,150,,,,,,,,,,,,,,,,,,
2026-07-07T16:01:46.871894+00:00,2026-07-07T16:01:46.871972,2,1,140.95,0.5,140.7,200,140.3,12,,,,,,,,,,,,,,,,,141.2,250,,,,,,,,,,,,,,,,,,
2026-07-07T16:01:47.001447+00:00,2026-07-07T16:01:47.001247,1,1,140.95,0.5,140.7,200,,,,,,,,,,,,,,,,,,,141.2,250,,,,,,,,,,,,,,,,,,
2026-07-07T16:01:47.011595+00:00,2026-07-07T16:01:47.011704,2,1,140.95,0.5,140.7,200,140.4,12,,,,,,,,,,,,,,,,,141.2,250,,,,,,,,,,,,,,,,,,
2026-07-07T16:01:48.425849+00:00,2026-07-07T16:01:48.426005,2,1,140.95,0.5,140.7,158,140.4,12,,,,,,,,,,,,,,,,,141.2,250,,,,,,,,,,,,,,,,,,
2026-07-07T16:01:48.728235+00:00,2026-07-07T16:01:48.728153,2,1,140.95,0.5,140.7,100,140.4,12,,,,,,,,,,,,,,,,,141.2,100,,,,,,,,,,,,,,,,,,
2026-07-07T16:01:48.783230+00:00,2026-07-07T16:01:48.783145,3,1,140.95,0.5,140.7,100,140.4,12,140.3,150,,,,,,,,,,,,,,,141.2,100,,,,,,,,,,,,,,,,,,
2026-07-07T16:01:48.836309+00:00,2026-07-07T16:01:48.836229,3,2,140.75,0.1,140.7,100,140.4,12,140.3,150,,,,,,,,,,,,,,,140.8,150,141.2,100,,,,,,,,,,,,,,,,
2026-07-07T16:01:49.023200+00:00,2026-07-07T16:01:49.023141,2,2,140.75,0.1,140.7,100,140.3,162,,,,,,,,,,,,,,,,,140.8,150,141.2,100,,,,,,,,,,,,,,,,
2026-07-07T16:01:49.927092+00:00,2026-07-07T16:01:49.926892,1,1,140.55,0.5,140.3,162,,,,,,,,,,,,,,,,,,,140.8,150,,,,,,,,,,,,,,,,,,
2026-07-07T16:01:49.980573+00:00,2026-07-07T16:01:49.980534,2,1,140.7,0.2,140.6,100,140.3,162,,,,,,,,,,,,,,,,,140.8,150,,,,,,,,,,,,,,,,,,
2026-07-07T16:01:50.033824+00:00,2026-07-07T16:01:50.033722,2,2,140.7,0.2,140.6,100,140.3,162,,,,,,,,,,,,,,,,,140.8,150,141.1,100,,,,,,,,,,,,,,,,
2026-07-07T16:01:50.397168+00:00,2026-07-07T16:01:50.397135,2,2,140.7,0.2,140.6,100,140.3,162,,,,,,,,,,,,,,,,,140.8,106,141.1,100,,,,,,,,,,,,,,,,
2026-07-07T16:01:50.801521+00:00,2026-07-07T16:01:50.801382,2,2,140.7,0.2,140.6,50,140.3,162,,,,,,,,,,,,,,,,,140.8,106,141.1,100,,,,,,,,,,,,,,,,
2026-07-07T16:01:50.950661+00:00,2026-07-07T16:01:50.943683,2,2,140.7,0.2,140.6,50,140.3,162,,,,,,,,,,,,,,,,,140.8,103,141.1,100,,,,,,,,,,,,,,,,
2026-07-07T16:01:51.891667+00:00,2026-07-07T16:01:51.891613,2,1,140.85,0.5,140.6,50,140.3,12,,,,,,,,,,,,,,,,,141.1,100,,,,,,,,,,,,,,,,,,
2026-07-07T16:01:51.969113+00:00,2026-07-07T16:01:51.968908,2,1,140.85,0.5,140.6,200,140.3,12,,,,,,,,,,,,,,,,,141.1,100,,,,,,,,,,,,,,,,,,
2026-07-07T16:01:52.021320+00:00,2026-07-07T16:01:52.021273,2,1,140.85,0.5,140.6,200,140.3,12,,,,,,,,,,,,,,,,,141.1,250,,,,,,,,,,,,,,,,,,
2026-07-07T16:01:52.037372+00:00,2026-07-07T16:01:52.037292,2,1,140.85,0.5,140.6,200,140.4,12,,,,,,,,,,,,,,,,,141.1,250,,,,,,,,,,,,,,,,,,
2026-07-07T16:01:52.059054+00:00,2026-07-07T16:01:52.058990,2,1,140.85,0.5,140.6,154,140.4,12,,,,,,,,,,,,,,,,,141.1,250,,,,,,,,,,,,,,,,,,
2026-07-07T16:01:52.910370+00:00,2026-07-07T16:01:52.910257,2,1,140.85,0.5,140.6,104,140.4,12,,,,,,,,,,,,,,,,,141.1,250,,,,,,,,,,,,,,,,,,
2026-07-07T16:01:53.080116+00:00,2026-07-07T16:01:53.080326,2,1,140.85,0.5,140.6,104,140.4,12,,,,,,,,,,,,,,,,,141.1,150,,,,,,,,,,,,,,,,,,
2026-07-07T16:01:53.142460+00:00,2026-07-07T16:01:53.142401,2,1,140.85,0.5,140.6,104,140.4,112,,,,,,,,,,,,,,,,,141.1,150,,,,,,,,,,,,,,,,,,
2026-07-07T16:01:53.195141+00:00,2026-07-07T16:01:53.195024,2,2,140.75,0.3,140.6,104,140.4,112,,,,,,,,,,,,,,,,,140.9,100,141.1,150,,,,,,,,,,,,,,,,
2026-07-07T16:01:53.294512+00:00,2026-07-07T16:01:53.294466,2,2,140.75,0.3,140.6,104,140.4,100,,,,,,,,,,,,,,,,,140.9,100,141.1,150,,,,,,,,,,,,,,,,
2026-07-07T16:01:53.299846+00:00,2026-07-07T16:01:53.299653,2,2,140.75,0.3,140.6,104,140.4,112,,,,,,,,,,,,,,,,,140.9,100,141.1,150,,,,,,,,,,,,,,,,
2026-07-07T16:01:53.872124+00:00,2026-07-07T16:01:53.871983,2,2,140.75,0.3,140.6,63,140.4,112,,,,,,,,,,,,,,,,,140.9,100,141.1,150,,,,,,,,,,,,,,,,
2026-07-07T16:01:55.011168+00:00,2026-07-07T16:01:55.010997,2,2,140.75,0.3,140.6,63,140.4,112,,,,,,,,,,,,,,,,,140.9,60,141.1,150,,,,,,,,,,,,,,,,
2026-07-07T16:01:55.047048+00:00,2026-07-07T16:01:55.046977,2,2,140.75,0.3,140.6,13,140.4,112,,,,,,,,,,,,,,,,,140.9,60,141.1,150,,,,,,,,,,,,,,,,
2026-07-07T16:01:55.075564+00:00,2026-07-07T16:01:55.075471,1,1,140.65,0.5,140.4,112,,,,,,,,,,,,,,,,,,,140.9,60,,,,,,,,,,,,,,,,,,
2026-07-07T16:01:55.130329+00:00,2026-07-07T16:01:55.130227,2,1,140.65,0.5,140.4,112,140.0,150,,,,,,,,,,,,,,,,,140.9,60,,,,,,,,,,,,,,,,,,
2026-07-07T16:01:55.194456+00:00,2026-07-07T16:01:55.187167,2,2,140.45,0.1,140.4,112,140.0,150,,,,,,,,,,,,,,,,,140.5,15,140.9,60,,,,,,,,,,,,,,,,
2026-07-07T16:01:55.308884+00:00,2026-07-07T16:01:55.308759,2,2,140.45,0.1,140.4,112,140.0,150,,,,,,,,,,,,,,,,,140.5,15,140.9,60,,,,,,,,,,,,,,,,
2026-07-07T16:01:55.512158+00:00,2026-07-07T16:01:55.506161,2,2,140.45,0.1,140.4,112,140.0,150,,,,,,,,,,,,,,,,,140.5,4,140.9,60,,,,,,,,,,,,,,,,
2026-07-07T16:01:55.593193+00:00,2026-07-07T16:01:55.592986,2,2,140.45,0.1,140.4,100,140.0,150,,,,,,,,,,,,,,,,,140.5,4,140.9,60,,,,,,,,,,,,,,,,
2026-07-07T16:01:55.598341+00:00,2026-07-07T16:01:55.598268,3,1,140.7,0.4,140.5,8,140.4,100,140.0,150,,,,,,,,,,,,,,,140.9,60,,,,,,,,,,,,,,,,,,
2026-07-07T16:01:55.858567+00:00,2026-07-07T16:01:55.855717,3,1,140.65,0.5,140.4,100,140.3,12,140.0,150,,,,,,,,,,,,,,,140.9,60,,,,,,,,,,,,,,,,,,
2026-07-07T16:01:56.124425+00:00,2026-07-07T16:01:56.124343,3,1,140.65,0.5,140.4,100,140.3,12,140.0,150,,,,,,,,,,,,,,,140.9,14,,,,,,,,,,,,,,,,,,
2026-07-07T16:01:56.248793+00:00,2026-07-07T16:01:56.248680,2,0,,,140.3,12,140.0,150,,,,,,,,,,,,,,,,,,,,,,,,,,,,,,,,,,,,
2026-07-07T16:01:56.302539+00:00,2026-07-07T16:01:56.302423,3,0,,,140.5,100,140.3,12,140.0,150,,,,,,,,,,,,,,,,,,,,,,,,,,,,,,,,,,
2026-07-07T16:01:56.367776+00:00,2026-07-07T16:01:56.362057,3,1,140.75,0.5,140.5,89,140.3,12,140.0,150,,,,,,,,,,,,,,,141.0,100,,,,,,,,,,,,,,,,,,
2026-07-07T16:01:56.764765+00:00,2026-07-07T16:01:56.764630,3,1,140.75,0.5,140.5,41,140.3,12,140.0,150,,,,,,,,,,,,,,,141.0,100,,,,,,,,,,,,,,,,,,
2026-07-07T16:01:57.164103+00:00,2026-07-07T16:01:57.163981,2,1,140.65,0.7,140.3,3,140.0,150,,,,,,,,,,,,,,,,,141.0,100,,,,,,,,,,,,,,,,,,
2026-07-07T16:01:58.234166+00:00,2026-07-07T16:01:58.234044,1,1,140.65,0.7,140.3,3,,,,,,,,,,,,,,,,,,,141.0,100,,,,,,,,,,,,,,,,,,
2026-07-07T16:01:58.290740+00:00,2026-07-07T16:01:58.290611,2,1,140.75,0.5,140.5,150,140.3,3,,,,,,,,,,,,,,,,,141.0,100,,,,,,,,,,,,,,,,,,
2026-07-07T16:01:58.343299+00:00,2026-07-07T16:01:58.343174,2,1,140.75,0.5,140.5,150,140.3,3,,,,,,,,,,,,,,,,,141.0,250,,,,,,,,,,,,,,,,,,
2026-07-07T16:01:58.423604+00:00,2026-07-07T16:01:58.423522,2,1,140.75,0.5,140.5,105,140.3,3,,,,,,,,,,,,,,,,,141.0,250,,,,,,,,,,,,,,,,,,
2026-07-07T16:01:59.304520+00:00,2026-07-07T16:01:59.304491,2,1,140.75,0.5,140.5,55,140.3,3,,,,,,,,,,,,,,,,,141.0,250,,,,,,,,,,,,,,,,,,
2026-07-07T16:01:59.410489+00:00,2026-07-07T16:01:59.410401,2,1,140.75,0.5,140.5,55,140.3,3,,,,,,,,,,,,,,,,,141.0,150,,,,,,,,,,,,,,,,,,
2026-07-07T16:01:59.458593+00:00,2026-07-07T16:01:59.458090,3,1,140.75,0.5,140.5,55,140.3,3,140.2,100,,,,,,,,,,,,,,,141.0,150,,,,,,,,,,,,,,,,,,
2026-07-07T16:01:59.516642+00:00,2026-07-07T16:01:59.516616,3,2,140.6,0.2,140.5,55,140.3,3,140.2,100,,,,,,,,,,,,,,,140.7,100,141.0,150,,,,,,,,,,,,,,,,
2026-07-07T16:01:59.935106+00:00,2026-07-07T16:01:59.934981,3,2,140.6,0.2,140.5,55,140.3,3,140.2,100,,,,,,,,,,,,,,,140.7,60,141.0,150,,,,,,,,,,,,,,,,
2026-07-07T16:02:00.886632+00:00,2026-07-07T16:02:00.886503,3,2,140.6,0.2,140.5,7,140.3,3,140.2,100,,,,,,,,,,,,,,,140.7,60,141.0,150,,,,,,,,,,,,,,,,
2026-07-07T16:02:01.399769+00:00,2026-07-07T16:02:01.399717,2,1,140.5,0.4,140.3,3,140.2,100,,,,,,,,,,,,,,,,,140.7,60,,,,,,,,,,,,,,,,,,
2026-07-07T16:02:01.410004+00:00,2026-07-07T16:02:01.410156,1,1,140.45,0.5,140.2,53,,,,,,,,,,,,,,,,,,,140.7,60,,,,,,,,,,,,,,,,,,
2026-07-07T16:02:01.458605+00:00,2026-07-07T16:02:01.455537,2,1,140.45,0.5,140.2,53,140.1,150,,,,,,,,,,,,,,,,,140.7,60,,,,,,,,,,,,,,,,,,
2026-07-07T16:02:01.509450+00:00,2026-07-07T16:02:01.509329,2,2,140.4,0.4,140.2,53,140.1,150,,,,,,,,,,,,,,,,,140.6,150,140.7,60,,,,,,,,,,,,,,,,
2026-07-07T16:02:01.654104+00:00,2026-07-07T16:02:01.656888,3,2,140.45,0.3,140.3,12,140.2,53,140.1,150,,,,,,,,,,,,,,,140.6,150,140.7,71,,,,,,,,,,,,,,,,
2026-07-07T16:02:02.571007+00:00,2026-07-07T16:02:02.570911,3,2,140.45,0.3,140.3,12,140.2,53,140.1,150,,,,,,,,,,,,,,,140.6,150,140.7,11,,,,,,,,,,,,,,,,
2026-07-07T16:02:02.576234+00:00,2026-07-07T16:02:02.576067,2,2,140.45,0.3,140.3,12,140.1,150,,,,,,,,,,,,,,,,,140.6,150,140.7,11,,,,,,,,,,,,,,,,
2026-07-07T16:02:02.626673+00:00,2026-07-07T16:02:02.626551,3,2,140.55,0.1,140.5,100,140.3,12,140.1,150,,,,,,,,,,,,,,,140.6,150,140.7,11,,,,,,,,,,,,,,,,
2026-07-07T16:02:02.677733+00:00,2026-07-07T16:02:02.677887,2,1,140.55,0.1,140.5,100,140.1,150,,,,,,,,,,,,,,,,,140.6,150,,,,,,,,,,,,,,,,,,
2026-07-07T16:02:02.683212+00:00,2026-07-07T16:02:02.683111,2,3,140.55,0.1,140.5,112,140.1,150,,,,,,,,,,,,,,,,,140.6,150,140.8,11,141.0,100,,,,,,,,,,,,,,
2026-07-07T16:02:02.738831+00:00,2026-07-07T16:02:02.738732,2,3,140.55,0.1,140.5,112,140.1,150,,,,,,,,,,,,,,,,,140.6,105,140.8,11,141.0,100,,,,,,,,,,,,,,
2026-07-07T16:02:03.237093+00:00,2026-07-07T16:02:03.237318,2,3,140.55,0.1,140.5,112,140.1,150,,,,,,,,,,,,,,,,,140.6,58,140.8,11,141.0,100,,,,,,,,,,,,,,
2026-07-07T16:02:03.365487+00:00,2026-07-07T16:02:03.358977,2,3,140.55,0.1,140.5,112,140.1,150,,,,,,,,,,,,,,,,,140.6,47,140.8,11,141.0,100,,,,,,,,,,,,,,
2026-07-07T16:02:03.520970+00:00,2026-07-07T16:02:03.520870,2,3,140.55,0.1,140.5,62,140.1,150,,,,,,,,,,,,,,,,,140.6,47,140.8,11,141.0,100,,,,,,,,,,,,,,
2026-07-07T16:02:04.564271+00:00,2026-07-07T16:02:04.564237,1,2,140.65,0.3,140.5,62,,,,,,,,,,,,,,,,,,,140.8,11,141.0,100,,,,,,,,,,,,,,,,
2026-07-07T16:02:04.620065+00:00,2026-07-07T16:02:04.619945,1,2,140.65,0.3,140.5,212,,,,,,,,,,,,,,,,,,,140.8,11,141.0,100,,,,,,,,,,,,,,,,
2026-07-07T16:02:04.686850+00:00,2026-07-07T16:02:04.673226,1,2,140.65,0.3,140.5,201,,,,,,,,,,,,,,,,,,,140.8,11,141.0,250,,,,,,,,,,,,,,,,
2026-07-07T16:02:04.707667+00:00,2026-07-07T16:02:04.707475,1,2,140.65,0.3,140.5,189,,,,,,,,,,,,,,,,,,,140.8,11,141.0,250,,,,,,,,,,,,,,,,
2026-07-07T16:02:04.712850+00:00,2026-07-07T16:02:04.712812,2,2,140.6,0.2,140.5,189,140.4,12,,,,,,,,,,,,,,,,,140.7,11,141.0,250,,,,,,,,,,,,,,,,
2026-07-07T16:02:05.627666+00:00,2026-07-07T16:02:05.627551,2,2,140.6,0.2,140.5,139,140.4,12,,,,,,,,,,,,,,,,,140.7,11,141.0,250,,,,,,,,,,,,,,,,
2026-07-07T16:02:05.736648+00:00,2026-07-07T16:02:05.736741,2,2,140.6,0.2,140.5,139,140.4,12,,,,,,,,,,,,,,,,,140.7,11,141.0,150,,,,,,,,,,,,,,,,
2026-07-07T16:02:05.789772+00:00,2026-07-07T16:02:05.789689,3,2,140.6,0.2,140.5,139,140.4,12,139.9,100,,,,,,,,,,,,,,,140.7,11,141.0,150,,,,,,,,,,,,,,,,
2026-07-07T16:02:05.842889+00:00,2026-07-07T16:02:05.843042,3,2,140.6,0.2,140.5,39,140.4,12,139.9,100,,,,,,,,,,,,,,,140.7,11,141.0,150,,,,,,,,,,,,,,,,
2026-07-07T16:02:06.626379+00:00,2026-07-07T16:02:06.626318,2,2,140.55,0.3,140.4,5,139.9,100,,,,,,,,,,,,,,,,,140.7,11,141.0,150,,,,,,,,,,,,,,,,
2026-07-07T16:02:07.478784+00:00,2026-07-07T16:02:07.478655,1,2,140.3,0.8,139.9,100,,,,,,,,,,,,,,,,,,,140.7,11,141.0,150,,,,,,,,,,,,,,,,
2026-07-07T16:02:07.483978+00:00,2026-07-07T16:02:07.483862,1,1,140.45,1.1,139.9,100,,,,,,,,,,,,,,,,,,,141.0,150,,,,,,,,,,,,,,,,,,
2026-07-07T16:02:07.489133+00:00,2026-07-07T16:02:07.489032,2,2,140.45,0.3,140.3,12,139.9,100,,,,,,,,,,,,,,,,,140.6,12,141.0,150,,,,,,,,,,,,,,,,
2026-07-07T16:02:07.734176+00:00,2026-07-07T16:02:07.734090,2,1,140.45,0.3,140.3,12,139.9,100,,,,,,,,,,,,,,,,,140.6,12,,,,,,,,,,,,,,,,,,
2026-07-07T16:02:07.758629+00:00,2026-07-07T16:02:07.757338,1,1,140.25,0.7,139.9,62,,,,,,,,,,,,,,,,,,,140.6,12,,,,,,,,,,,,,,,,,,
2026-07-07T16:02:07.790790+00:00,2026-07-07T16:02:07.790755,2,1,140.25,0.7,139.9,62,139.7,150,,,,,,,,,,,,,,,,,140.6,12,,,,,,,,,,,,,,,,,,
2026-07-07T16:02:07.853281+00:00,2026-07-07T16:02:07.847272,2,2,140.05,0.3,139.9,62,139.7,150,,,,,,,,,,,,,,,,,140.2,139,140.6,12,,,,,,,,,,,,,,,,
2026-07-07T16:02:07.993413+00:00,2026-07-07T16:02:07.993381,2,1,140.05,0.3,139.9,62,139.7,150,,,,,,,,,,,,,,,,,140.2,139,,,,,,,,,,,,,,,,,,
2026-07-07T16:02:07.998704+00:00,2026-07-07T16:02:07.998597,3,2,140.1,0.2,140.0,12,139.9,62,139.7,150,,,,,,,,,,,,,,,140.2,139,140.5,12,,,,,,,,,,,,,,,,
2026-07-07T16:02:08.917203+00:00,2026-07-07T16:02:08.917121,2,2,140.1,0.2,140.0,12,139.7,150,,,,,,,,,,,,,,,,,140.2,139,140.5,12,,,,,,,,,,,,,,,,
2026-07-07T16:02:08.968503+00:00,2026-07-07T16:02:08.968335,3,2,140.15,0.1,140.1,100,140.0,12,139.7,150,,,,,,,,,,,,,,,140.2,139,140.5,12,,,,,,,,,,,,,,,,
2026-07-07T16:02:09.013532+00:00,2026-07-07T16:02:09.013422,2,1,140.15,0.1,140.1,100,139.7,150,,,,,,,,,,,,,,,,,140.2,139,,,,,,,,,,,,,,,,,,
2026-07-07T16:02:09.018494+00:00,2026-07-07T16:02:09.018666,2,2,140.15,0.1,140.1,100,139.7,150,,,,,,,,,,,,,,,,,140.2,127,140.6,100,,,,,,,,,,,,,,,,
2026-07-07T16:02:09.029220+00:00,2026-07-07T16:02:09.029115,2,2,140.15,0.1,140.1,100,139.7,150,,,,,,,,,,,,,,,,,140.2,127,140.6,112,,,,,,,,,,,,,,,,
2026-07-07T16:02:09.101647+00:00,2026-07-07T16:02:09.095158,2,2,140.15,0.1,140.1,100,139.7,150,,,,,,,,,,,,,,,,,140.2,104,140.6,112,,,,,,,,,,,,,,,,
2026-07-07T16:02:09.871739+00:00,2026-07-07T16:02:09.871658,2,2,140.15,0.1,140.1,50,139.7,150,,,,,,,,,,,,,,,,,140.2,104,140.6,112,,,,,,,,,,,,,,,,
2026-07-07T16:02:10.901193+00:00,2026-07-07T16:02:10.901323,1,1,140.35,0.5,140.1,50,,,,,,,,,,,,,,,,,,,140.6,112,,,,,,,,,,,,,,,,,,
2026-07-07T16:02:10.949611+00:00,2026-07-07T16:02:10.949786,1,1,140.35,0.5,140.1,200,,,,,,,,,,,,,,,,,,,140.6,112,,,,,,,,,,,,,,,,,,
2026-07-07T16:02:11.004426+00:00,2026-07-07T16:02:11.004617,1,1,140.35,0.5,140.1,200,,,,,,,,,,,,,,,,,,,140.6,262,,,,,,,,,,,,,,,,,,
2026-07-07T16:02:12.006710+00:00,2026-07-07T16:02:12.006659,1,1,140.35,0.5,140.1,150,,,,,,,,,,,,,,,,,,,140.6,262,,,,,,,,,,,,,,,,,,
2026-07-07T16:02:12.078328+00:00,2026-07-07T16:02:12.078172,1,1,140.35,0.5,140.1,150,,,,,,,,,,,,,,,,,,,140.6,162,,,,,,,,,,,,,,,,,,
2026-07-07T16:02:12.132268+00:00,2026-07-07T16:02:12.132189,2,1,140.35,0.5,140.1,150,139.8,100,,,,,,,,,,,,,,,,,140.6,162,,,,,,,,,,,,,,,,,,
2026-07-07T16:02:12.185175+00:00,2026-07-07T16:02:12.185103,2,2,140.2,0.2,140.1,150,139.8,100,,,,,,,,,,,,,,,,,140.3,100,140.6,162,,,,,,,,,,,,,,,,
2026-07-07T16:02:12.798780+00:00,2026-07-07T16:02:12.798721,3,2,140.25,0.1,140.2,12,140.1,150,139.8,100,,,,,,,,,,,,,,,140.3,100,140.6,150,,,,,,,,,,,,,,,,
2026-07-07T16:02:12.803931+00:00,2026-07-07T16:02:12.803868,3,3,140.25,0.1,140.2,12,140.1,150,139.8,100,,,,,,,,,,,,,,,140.3,100,140.6,150,140.7,12,,,,,,,,,,,,,,
2026-07-07T16:02:12.834911+00:00,2026-07-07T16:02:12.834840,3,3,140.25,0.1,140.2,12,140.1,150,139.8,100,,,,,,,,,,,,,,,140.3,59,140.6,150,140.7,12,,,,,,,,,,,,,,
2026-07-07T16:02:13.058625+00:00,2026-07-07T16:02:13.056530,2,2,140.2,0.2,140.1,150,139.8,100,,,,,,,,,,,,,,,,,140.3,47,140.6,150,,,,,,,,,,,,,,,,
2026-07-07T16:02:13.069126+00:00,2026-07-07T16:02:13.069290,2,3,140.2,0.2,140.1,150,139.8,100,,,,,,,,,,,,,,,,,140.3,47,140.6,150,140.7,12,,,,,,,,,,,,,,
2026-07-07T16:02:13.581329+00:00,2026-07-07T16:02:13.581210,3,2,140.25,0.1,140.2,12,140.1,150,139.8,100,,,,,,,,,,,,,,,140.3,47,140.6,150,,,,,,,,,,,,,,,,
2026-07-07T16:02:13.586493+00:00,2026-07-07T16:02:13.586384,3,3,140.25,0.1,140.2,12,140.1,150,139.8,100,,,,,,,,,,,,,,,140.3,47,140.6,150,140.7,12,,,,,,,,,,,,,,
2026-07-07T16:02:14.058552+00:00,2026-07-07T16:02:14.056179,2,2,140.25,0.1,140.2,12,139.8,100,,,,,,,,,,,,,,,,,140.3,47,140.7,12,,,,,,,,,,,,,,,,
2026-07-07T16:02:14.093900+00:00,2026-07-07T16:02:14.093789,1,2,140.05,0.5,139.8,100,,,,,,,,,,,,,,,,,,,140.3,47,140.7,12,,,,,,,,,,,,,,,,
2026-07-07T16:02:14.104344+00:00,2026-07-07T16:02:14.104212,1,1,140.05,0.5,139.8,100,,,,,,,,,,,,,,,,,,,140.3,47,,,,,,,,,,,,,,,,,,
2026-07-07T16:02:14.109565+00:00,2026-07-07T16:02:14.109524,1,2,140.05,0.5,139.8,100,,,,,,,,,,,,,,,,,,,140.3,35,140.7,12,,,,,,,,,,,,,,,,
2026-07-07T16:02:14.114929+00:00,2026-07-07T16:02:14.114792,1,2,140.05,0.5,139.8,50,,,,,,,,,,,,,,,,,,,140.3,35,140.7,12,,,,,,,,,,,,,,,,
2026-07-07T16:02:14.120014+00:00,2026-07-07T16:02:14.119946,2,2,140.2,0.2,140.1,150,139.8,50,,,,,,,,,,,,,,,,,140.3,35,140.7,12,,,,,,,,,,,,,,,,
2026-07-07T16:02:14.183885+00:00,2026-07-07T16:02:14.183830,2,3,140.2,0.2,140.1,150,139.8,50,,,,,,,,,,,,,,,,,140.3,35,140.6,150,140.7,12,,,,,,,,,,,,,,
2026-07-07T16:02:14.369025+00:00,2026-07-07T16:02:14.368936,3,2,140.25,0.1,140.2,12,140.1,150,139.8,50,,,,,,,,,,,,,,,140.3,35,140.6,150,,,,,,,,,,,,,,,,
2026-07-07T16:02:14.374016+00:00,2026-07-07T16:02:14.374129,3,3,140.25,0.1,140.2,12,140.1,150,139.8,50,,,,,,,,,,,,,,,140.3,35,140.6,150,140.7,12,,,,,,,,,,,,,,
2026-07-07T16:02:14.460867+00:00,2026-07-07T16:02:14.460813,2,3,140.2,0.2,140.1,117,139.8,50,,,,,,,,,,,,,,,,,140.3,35,140.6,150,140.7,12,,,,,,,,,,,,,,
2026-07-07T16:02:15.243176+00:00,2026-07-07T16:02:15.243098,1,2,140.35,0.5,140.1,117,,,,,,,,,,,,,,,,,,,140.6,150,140.7,12,,,,,,,,,,,,,,,,
2026-07-07T16:02:15.298051+00:00,2026-07-07T16:02:15.297958,2,2,140.35,0.5,140.1,117,140.0,100,,,,,,,,,,,,,,,,,140.6,150,140.7,12,,,,,,,,,,,,,,,,
2026-07-07T16:02:15.357272+00:00,2026-07-07T16:02:15.357182,2,3,140.3,0.4,140.1,117,140.0,100,,,,,,,,,,,,,,,,,140.5,100,140.6,150,140.7,12,,,,,,,,,,,,,,
2026-07-07T16:02:16.225565+00:00,2026-07-07T16:02:16.225447,2,3,140.3,0.4,140.1,67,140.0,100,,,,,,,,,,,,,,,,,140.5,100,140.6,150,140.7,12,,,,,,,,,,,,,,
2026-07-07T16:02:17.238639+00:00,2026-07-07T16:02:17.238786,1,2,140.25,0.5,140.0,100,,,,,,,,,,,,,,,,,,,140.5,100,140.7,12,,,,,,,,,,,,,,,,
2026-07-07T16:02:17.294889+00:00,2026-07-07T16:02:17.294845,2,2,140.25,0.5,140.0,100,139.7,150,,,,,,,,,,,,,,,,,140.5,100,140.7,12,,,,,,,,,,,,,,,,
2026-07-07T16:02:17.347703+00:00,2026-07-07T16:02:17.347589,2,3,140.1,0.2,140.0,100,139.7,150,,,,,,,,,,,,,,,,,140.2,150,140.5,100,140.7,12,,,,,,,,,,,,,,
2026-07-07T16:02:17.700082+00:00,2026-07-07T16:02:17.700050,2,3,140.1,0.2,140.0,100,139.7,150,,,,,,,,,,,,,,,,,140.2,101,140.5,100,140.7,12,,,,,,,,,,,,,,
2026-07-07T16:02:18.333312+00:00,2026-07-07T16:02:18.333496,2,3,140.1,0.2,140.0,50,139.7,150,,,,,,,,,,,,,,,,,140.2,101,140.5,100,140.7,12,,,,,,,,,,,,,,
2026-07-07T16:02:18.410815+00:00,2026-07-07T16:02:18.410696,1,2,139.95,0.5,139.7,150,,,,,,,,,,,,,,,,,,,140.2,101,140.7,12,,,,,,,,,,,,,,,,
2026-07-07T16:02:18.466305+00:00,2026-07-07T16:02:18.466224,1,2,139.95,0.5,139.7,250,,,,,,,,,,,,,,,,,,,140.2,101,140.7,12,,,,,,,,,,,,,,,,
2026-07-07T16:02:18.514653+00:00,2026-07-07T16:02:18.514794,1,2,139.95,0.5,139.7,250,,,,,,,,,,,,,,,,,,,140.2,201,140.7,12,,,,,,,,,,,,,,,,
2026-07-07T16:02:20.424462+00:00,2026-07-07T16:02:20.424317,1,2,139.95,0.5,139.7,250,,,,,,,,,,,,,,,,,,,140.2,100,140.7,12,,,,,,,,,,,,,,,,
2026-07-07T16:02:20.429620+00:00,2026-07-07T16:02:20.429494,1,2,139.95,0.5,139.7,100,,,,,,,,,,,,,,,,,,,140.2,100,140.7,12,,,,,,,,,,,,,,,,
2026-07-07T16:02:20.440365+00:00,2026-07-07T16:02:20.440302,1,2,139.95,0.5,139.7,50,,,,,,,,,,,,,,,,,,,140.2,100,140.7,12,,,,,,,,,,,,,,,,
2026-07-07T16:02:20.484073+00:00,2026-07-07T16:02:20.484044,1,2,139.95,0.5,139.7,200,,,,,,,,,,,,,,,,,,,140.2,100,140.7,12,,,,,,,,,,,,,,,,
2026-07-07T16:02:20.536913+00:00,2026-07-07T16:02:20.536865,1,2,139.95,0.5,139.7,200,,,,,,,,,,,,,,,,,,,140.2,250,140.7,12,,,,,,,,,,,,,,,,
2026-07-07T16:02:21.298295+00:00,2026-07-07T16:02:21.298182,1,2,139.95,0.5,139.7,200,,,,,,,,,,,,,,,,,,,140.2,210,140.7,12,,,,,,,,,,,,,,,,
2026-07-07T16:02:21.574273+00:00,2026-07-07T16:02:21.574243,1,2,139.95,0.5,139.7,150,,,,,,,,,,,,,,,,,,,140.2,150,140.7,12,,,,,,,,,,,,,,,,
2026-07-07T16:02:21.629570+00:00,2026-07-07T16:02:21.629470,2,2,139.95,0.5,139.7,150,139.6,100,,,,,,,,,,,,,,,,,140.2,150,140.7,12,,,,,,,,,,,,,,,,
2026-07-07T16:02:21.678006+00:00,2026-07-07T16:02:21.678158,2,3,139.9,0.4,139.7,150,139.6,100,,,,,,,,,,,,,,,,,140.1,100,140.2,150,140.7,12,,,,,,,,,,,,,,
2026-07-07T16:02:22.244540+00:00,2026-07-07T16:02:22.244475,3,2,139.95,0.3,139.8,12,139.7,150,139.6,100,,,,,,,,,,,,,,,140.1,100,140.2,150,,,,,,,,,,,,,,,,
2026-07-07T16:02:22.258717+00:00,2026-07-07T16:02:22.258633,3,3,139.95,0.3,139.8,12,139.7,150,139.6,100,,,,,,,,,,,,,,,140.1,100,140.2,150,140.6,12,,,,,,,,,,,,,,
2026-07-07T16:02:22.445471+00:00,2026-07-07T16:02:22.437694,3,3,139.95,0.3,139.8,12,139.7,150,139.6,100,,,,,,,,,,,,,,,140.1,88,140.2,150,140.6,12,,,,,,,,,,,,,,
2026-07-07T16:02:22.491794+00:00,2026-07-07T16:02:22.491670,2,3,139.9,0.4,139.7,119,139.6,100,,,,,,,,,,,,,,,,,140.1,88,140.2,150,140.6,12,,,,,,,,,,,,,,
2026-07-07T16:02:22.550294+00:00,2026-07-07T16:02:22.550250,2,3,139.9,0.4,139.7,69,139.6,100,,,,,,,,,,,,,,,,,140.1,88,140.2,150,140.6,12,,,,,,,,,,,,,,
2026-07-07T16:02:23.596640+00:00,2026-07-07T16:02:23.596598,1,2,139.85,0.5,139.6,100,,,,,,,,,,,,,,,,,,,140.1,88,140.6,12,,,,,,,,,,,,,,,,
2026-07-07T16:02:23.647940+00:00,2026-07-07T16:02:23.647872,1,2,139.85,0.5,139.6,250,,,,,,,,,,,,,,,,,,,140.1,88,140.6,12,,,,,,,,,,,,,,,,
2026-07-07T16:02:23.704125+00:00,2026-07-07T16:02:23.704028,1,2,139.85,0.5,139.6,250,,,,,,,,,,,,,,,,,,,140.1,238,140.6,12,,,,,,,,,,,,,,,,
2026-07-07T16:02:23.763978+00:00,2026-07-07T16:02:23.763886,2,2,139.9,0.4,139.7,12,139.6,250,,,,,,,,,,,,,,,,,140.1,238,140.5,12,,,,,,,,,,,,,,,,
2026-07-07T16:02:24.022730+00:00,2026-07-07T16:02:24.022680,2,2,139.95,0.3,139.8,12,139.6,250,,,,,,,,,,,,,,,,,140.1,238,140.4,12,,,,,,,,,,,,,,,,
2026-07-07T16:02:24.674040+00:00,2026-07-07T16:02:24.674117,1,2,139.85,0.5,139.6,212,,,,,,,,,,,,,,,,,,,140.1,238,140.4,12,,,,,,,,,,,,,,,,
2026-07-07T16:02:24.731555+00:00,2026-07-07T16:02:24.731456,1,2,139.85,0.5,139.6,150,,,,,,,,,,,,,,,,,,,140.1,150,140.4,12,,,,,,,,,,,,,,,,
2026-07-07T16:02:24.786425+00:00,2026-07-07T16:02:24.786319,2,1,139.9,0.4,139.7,12,139.6,250,,,,,,,,,,,,,,,,,140.1,150,,,,,,,,,,,,,,,,,,
2026-07-07T16:02:24.791605+00:00,2026-07-07T16:02:24.791476,2,2,139.9,0.4,139.7,12,139.6,250,,,,,,,,,,,,,,,,,140.1,150,140.5,12,,,,,,,,,,,,,,,,
2026-07-07T16:02:24.840844+00:00,2026-07-07T16:02:24.840721,2,2,139.9,0.4,139.7,12,139.6,250,,,,,,,,,,,,,,,,,140.1,250,140.5,12,,,,,,,,,,,,,,,,
2026-07-07T16:02:25.050497+00:00,2026-07-07T16:02:25.050643,1,1,139.85,0.5,139.6,250,,,,,,,,,,,,,,,,,,,140.1,250,,,,,,,,,,,,,,,,,,
2026-07-07T16:02:25.055733+00:00,2026-07-07T16:02:25.055932,2,2,139.95,0.3,139.8,12,139.6,250,,,,,,,,,,,,,,,,,140.1,250,140.5,12,,,,,,,,,,,,,,,,
2026-07-07T16:02:26.728701+00:00,2026-07-07T16:02:26.728555,2,2,139.95,0.3,139.8,12,139.6,250,,,,,,,,,,,,,,,,,140.1,200,140.5,12,,,,,,,,,,,,,,,,
2026-07-07T16:02:26.763863+00:00,2026-07-07T16:02:26.763776,2,2,139.95,0.3,139.8,12,139.6,100,,,,,,,,,,,,,,,,,140.1,100,140.5,12,,,,,,,,,,,,,,,,
2026-07-07T16:02:26.814560+00:00,2026-07-07T16:02:26.814497,3,2,139.95,0.3,139.8,12,139.7,150,139.6,100,,,,,,,,,,,,,,,140.1,100,140.5,12,,,,,,,,,,,,,,,,
2026-07-07T16:02:26.868059+00:00,2026-07-07T16:02:26.867961,3,3,139.95,0.3,139.8,12,139.7,150,139.6,100,,,,,,,,,,,,,,,140.1,100,140.2,150,140.5,12,,,,,,,,,,,,,,
2026-07-07T16:02:27.895620+00:00,2026-07-07T16:02:27.895514,2,2,140.0,0.4,139.8,12,139.7,150,,,,,,,,,,,,,,,,,140.2,150,140.5,12,,,,,,,,,,,,,,,,
2026-07-07T16:02:27.958640+00:00,2026-07-07T16:02:27.950841,3,2,140.0,0.4,139.8,12,139.7,150,139.5,100,,,,,,,,,,,,,,,140.2,150,140.5,12,,,,,,,,,,,,,,,,
2026-07-07T16:02:28.003799+00:00,2026-07-07T16:02:28.003744,3,3,139.9,0.2,139.8,12,139.7,150,139.5,100,,,,,,,,,,,,,,,140.0,100,140.2,150,140.5,12,,,,,,,,,,,,,,
2026-07-07T16:02:28.290115+00:00,2026-07-07T16:02:28.290087,2,3,139.85,0.3,139.7,150,139.5,100,,,,,,,,,,,,,,,,,140.0,100,140.2,150,140.5,12,,,,,,,,,,,,,,
2026-07-07T16:02:28.837006+00:00,2026-07-07T16:02:28.836871,2,3,139.85,0.3,139.7,150,139.5,100,,,,,,,,,,,,,,,,,140.0,50,140.2,150,140.5,12,,,,,,,,,,,,,,
2026-07-07T16:02:29.916822+00:00,2026-07-07T16:02:29.916759,1,2,139.75,0.5,139.5,100,,,,,,,,,,,,,,,,,,,140.0,50,140.5,12,,,,,,,,,,,,,,,,
2026-07-07T16:02:29.976081+00:00,2026-07-07T16:02:29.976047,2,2,139.9,0.2,139.8,150,139.5,100,,,,,,,,,,,,,,,,,140.0,50,140.5,12,,,,,,,,,,,,,,,,
2026-07-07T16:02:30.029022+00:00,2026-07-07T16:02:30.028935,2,3,139.9,0.2,139.8,150,139.5,100,,,,,,,,,,,,,,,,,140.0,50,140.3,150,140.5,12,,,,,,,,,,,,,,
2026-07-07T16:02:30.948712+00:00,2026-07-07T16:02:30.948589,2,2,140.05,0.5,139.8,150,139.5,100,,,,,,,,,,,,,,,,,140.3,150,140.5,12,,,,,,,,,,,,,,,,
2026-07-07T16:02:31.058570+00:00,2026-07-07T16:02:31.054938,1,2,140.05,0.5,139.8,150,,,,,,,,,,,,,,,,,,,140.3,150,140.5,12,,,,,,,,,,,,,,,,
2026-07-07T16:02:31.083530+00:00,2026-07-07T16:02:31.083417,1,1,140.05,0.5,139.8,150,,,,,,,,,,,,,,,,,,,140.3,150,,,,,,,,,,,,,,,,,,
2026-07-07T16:02:31.086125+00:00,2026-07-07T16:02:31.085673,2,1,140.1,0.4,139.9,12,139.8,150,,,,,,,,,,,,,,,,,140.3,162,,,,,,,,,,,,,,,,,,
2026-07-07T16:02:31.110061+00:00,2026-07-07T16:02:31.109969,3,1,140.1,0.4,139.9,12,139.8,150,139.7,100,,,,,,,,,,,,,,,140.3,162,,,,,,,,,,,,,,,,,,
2026-07-07T16:02:31.164097+00:00,2026-07-07T16:02:31.163871,3,2,140.05,0.3,139.9,12,139.8,150,139.7,100,,,,,,,,,,,,,,,140.2,100,140.3,162,,,,,,,,,,,,,,,,
2026-07-07T16:02:31.996837+00:00,2026-07-07T16:02:31.996775,3,2,140.05,0.3,139.9,12,139.8,150,139.7,100,,,,,,,,,,,,,,,140.2,51,140.3,162,,,,,,,,,,,,,,,,
2026-07-07T16:02:32.097622+00:00,2026-07-07T16:02:32.097531,2,2,140.0,0.4,139.8,150,139.7,100,,,,,,,,,,,,,,,,,140.2,51,140.3,162,,,,,,,,,,,,,,,,
2026-07-07T16:02:32.102839+00:00,2026-07-07T16:02:32.102727,3,2,140.1,0.2,140.0,12,139.8,150,139.7,100,,,,,,,,,,,,,,,140.2,51,140.3,150,,,,,,,,,,,,,,,,
2026-07-07T16:02:32.107798+00:00,2026-07-07T16:02:32.107887,3,3,140.1,0.2,140.0,12,139.8,150,139.7,100,,,,,,,,,,,,,,,140.2,51,140.3,150,140.5,12,,,,,,,,,,,,,,
2026-07-07T16:02:32.612680+00:00,2026-07-07T16:02:32.612598,2,2,140.0,0.4,139.8,150,139.7,100,,,,,,,,,,,,,,,,,140.2,51,140.3,150,,,,,,,,,,,,,,,,
2026-07-07T16:02:32.617871+00:00,2026-07-07T16:02:32.617777,3,3,140.1,0.2,140.0,12,139.8,150,139.7,100,,,,,,,,,,,,,,,140.2,51,140.3,150,140.4,12,,,,,,,,,,,,,,
2026-07-07T16:02:33.058635+00:00,2026-07-07T16:02:33.052741,3,3,140.1,0.2,140.0,12,139.8,150,139.7,100,,,,,,,,,,,,,,,140.2,1,140.3,150,140.4,12,,,,,,,,,,,,,,
2026-07-07T16:02:33.083358+00:00,2026-07-07T16:02:33.083306,2,2,140.1,0.2,140.0,12,139.7,100,,,,,,,,,,,,,,,,,140.2,1,140.4,12,,,,,,,,,,,,,,,,
2026-07-07T16:02:33.137992+00:00,2026-07-07T16:02:33.137902,3,2,140.1,0.2,140.0,12,139.7,100,139.6,150,,,,,,,,,,,,,,,140.2,1,140.4,12,,,,,,,,,,,,,,,,
2026-07-07T16:02:33.191509+00:00,2026-07-07T16:02:33.191349,3,3,140.05,0.1,140.0,12,139.7,100,139.6,150,,,,,,,,,,,,,,,140.1,150,140.2,1,140.4,12,,,,,,,,,,,,,,
2026-07-07T16:02:34.036837+00:00,2026-07-07T16:02:34.036978,2,3,139.9,0.4,139.7,68,139.6,150,,,,,,,,,,,,,,,,,140.1,150,140.2,1,140.4,12,,,,,,,,,,,,,,
2026-07-07T16:02:34.128589+00:00,2026-07-07T16:02:34.128445,3,2,139.95,0.3,139.8,4,139.7,68,139.6,150,,,,,,,,,,,,,,,140.1,150,140.2,1,,,,,,,,,,,,,,,,
2026-07-07T16:02:34.133691+00:00,2026-07-07T16:02:34.133608,3,3,139.95,0.3,139.8,4,139.7,68,139.6,150,,,,,,,,,,,,,,,140.1,150,140.2,1,140.3,12,,,,,,,,,,,,,,
2026-07-07T16:02:34.218725+00:00,2026-07-07T16:02:34.218624,2,2,139.95,0.3,139.8,4,139.6,150,,,,,,,,,,,,,,,,,140.1,150,140.3,12,,,,,,,,,,,,,,,,
2026-07-07T16:02:34.271849+00:00,2026-07-07T16:02:34.271763,3,2,140.05,0.1,140.0,100,139.8,4,139.6,150,,,,,,,,,,,,,,,140.1,150,140.3,12,,,,,,,,,,,,,,,,
2026-07-07T16:02:34.348505+00:00,2026-07-07T16:02:34.348391,3,3,140.05,0.1,140.0,100,139.8,4,139.6,150,,,,,,,,,,,,,,,140.1,150,140.3,12,140.5,100,,,,,,,,,,,,,,
2026-07-07T16:02:34.640360+00:00,2026-07-07T16:02:34.640218,2,3,140.05,0.1,140.0,100,139.6,150,,,,,,,,,,,,,,,,,140.1,150,140.3,12,140.5,100,,,,,,,,,,,,,,
2026-07-07T16:02:34.645517+00:00,2026-07-07T16:02:34.645412,2,2,140.05,0.1,140.0,104,139.6,150,,,,,,,,,,,,,,,,,140.1,150,140.5,100,,,,,,,,,,,,,,,,
2026-07-07T16:02:34.650658+00:00,2026-07-07T16:02:34.650599,2,3,140.05,0.1,140.0,104,139.6,150,,,,,,,,,,,,,,,,,140.1,150,140.3,12,140.5,100,,,,,,,,,,,,,,
2026-07-07T16:02:35.149409+00:00,2026-07-07T16:02:35.149323,2,3,140.05,0.1,140.0,104,139.6,150,,,,,,,,,,,,,,,,,140.1,109,140.3,12,140.5,100,,,,,,,,,,,,,,
2026-07-07T16:02:35.190419+00:00,2026-07-07T16:02:35.190382,2,3,140.05,0.1,140.0,104,139.6,150,,,,,,,,,,,,,,,,,140.1,59,140.3,12,140.5,100,,,,,,,,,,,,,,
2026-07-07T16:02:35.205095+00:00,2026-07-07T16:02:35.204980,2,3,140.05,0.1,140.0,64,139.6,150,,,,,,,,,,,,,,,,,140.1,59,140.3,12,140.5,100,,,,,,,,,,,,,,
2026-07-07T16:02:36.180475+00:00,2026-07-07T16:02:36.180371,2,3,140.05,0.1,140.0,60,139.6,150,,,,,,,,,,,,,,,,,140.1,59,140.3,12,140.5,100,,,,,,,,,,,,,,
2026-07-07T16:02:36.185710+00:00,2026-07-07T16:02:36.185679,2,2,140.05,0.1,140.0,60,139.6,150,,,,,,,,,,,,,,,,,140.1,59,140.5,100,,,,,,,,,,,,,,,,
2026-07-07T16:02:36.196145+00:00,2026-07-07T16:02:36.196098,3,3,140.05,0.1,140.0,60,139.9,4,139.6,150,,,,,,,,,,,,,,,140.1,59,140.2,12,140.5,100,,,,,,,,,,,,,,
2026-07-07T16:02:36.248043+00:00,2026-07-07T16:02:36.247993,2,2,140.1,0.2,140.0,60,139.9,4,,,,,,,,,,,,,,,,,140.2,12,140.5,100,,,,,,,,,,,,,,,,
2026-07-07T16:02:36.303995+00:00,2026-07-07T16:02:36.303917,2,2,140.1,0.2,140.0,210,139.9,4,,,,,,,,,,,,,,,,,140.2,12,140.5,100,,,,,,,,,,,,,,,,
2026-07-07T16:02:36.363666+00:00,2026-07-07T16:02:36.363822,2,2,140.1,0.2,140.0,210,139.9,4,,,,,,,,,,,,,,,,,140.2,12,140.5,250,,,,,,,,,,,,,,,,
2026-07-07T16:02:36.705525+00:00,2026-07-07T16:02:36.705458,1,1,140.25,0.5,140.0,210,,,,,,,,,,,,,,,,,,,140.5,250,,,,,,,,,,,,,,,,,,
2026-07-07T16:02:36.710684+00:00,2026-07-07T16:02:36.710611,1,1,140.25,0.5,140.0,214,,,,,,,,,,,,,,,,,,,140.5,250,,,,,,,,,,,,,,,,,,
2026-07-07T16:02:36.715844+00:00,2026-07-07T16:02:36.715765,1,2,140.15,0.3,140.0,214,,,,,,,,,,,,,,,,,,,140.3,12,140.5,250,,,,,,,,,,,,,,,,
2026-07-07T16:02:37.319081+00:00,2026-07-07T16:02:37.318954,1,1,140.25,0.5,140.0,214,,,,,,,,,,,,,,,,,,,140.5,212,,,,,,,,,,,,,,,,,,
2026-07-07T16:02:37.402150+00:00,2026-07-07T16:02:37.402121,1,1,140.25,0.5,140.0,154,,,,,,,,,,,,,,,,,,,140.5,150,,,,,,,,,,,,,,,,,,
2026-07-07T16:02:37.458631+00:00,2026-07-07T16:02:37.458034,2,1,140.25,0.5,140.0,154,139.9,100,,,,,,,,,,,,,,,,,140.5,150,,,,,,,,,,,,,,,,,,
2026-07-07T16:02:37.508236+00:00,2026-07-07T16:02:37.508177,2,2,140.2,0.4,140.0,154,139.9,100,,,,,,,,,,,,,,,,,140.4,100,140.5,150,,,,,,,,,,,,,,,,
2026-07-07T16:02:37.729968+00:00,2026-07-07T16:02:37.730072,2,2,140.2,0.4,140.0,150,139.9,100,,,,,,,,,,,,,,,,,140.4,100,140.5,150,,,,,,,,,,,,,,,,
2026-07-07T16:02:37.735437+00:00,2026-07-07T16:02:37.735349,3,2,140.25,0.3,140.1,12,140.0,150,139.9,100,,,,,,,,,,,,,,,140.4,100,140.5,162,,,,,,,,,,,,,,,,
2026-07-07T16:02:38.456228+00:00,2026-07-07T16:02:38.456123,3,2,140.25,0.3,140.1,12,140.0,150,139.9,100,,,,,,,,,,,,,,,140.4,54,140.5,162,,,,,,,,,,,,,,,,
2026-07-07T16:02:39.408858+00:00,2026-07-07T16:02:39.408817,3,2,140.25,0.3,140.1,12,140.0,150,139.9,100,,,,,,,,,,,,,,,140.4,54,140.5,12,,,,,,,,,,,,,,,,
2026-07-07T16:02:39.414103+00:00,2026-07-07T16:02:39.413974,2,2,140.25,0.3,140.1,12,139.9,100,,,,,,,,,,,,,,,,,140.4,54,140.5,12,,,,,,,,,,,,,,,,
2026-07-07T16:02:39.437351+00:00,2026-07-07T16:02:39.437313,2,2,140.25,0.3,140.1,12,139.9,100,,,,,,,,,,,,,,,,,140.4,4,140.5,12,,,,,,,,,,,,,,,,
2026-07-07T16:02:39.458634+00:00,2026-07-07T16:02:39.456858,3,2,140.3,0.2,140.2,150,140.1,12,139.9,100,,,,,,,,,,,,,,,140.4,4,140.5,12,,,,,,,,,,,,,,,,
2026-07-07T16:02:39.497688+00:00,2026-07-07T16:02:39.497577,2,1,140.3,0.2,140.2,150,139.9,100,,,,,,,,,,,,,,,,,140.4,4,,,,,,,,,,,,,,,,,,
2026-07-07T16:02:39.502870+00:00,2026-07-07T16:02:39.502777,2,2,140.3,0.2,140.2,162,139.9,100,,,,,,,,,,,,,,,,,140.4,4,140.6,12,,,,,,,,,,,,,,,,
2026-07-07T16:02:39.520133+00:00,2026-07-07T16:02:39.520013,2,3,140.3,0.2,140.2,162,139.9,100,,,,,,,,,,,,,,,,,140.4,4,140.6,12,140.7,150,,,,,,,,,,,,,,
2026-07-07T16:02:40.565127+00:00,2026-07-07T16:02:40.565063,1,2,140.4,0.4,140.2,162,,,,,,,,,,,,,,,,,,,140.6,12,140.7,150,,,,,,,,,,,,,,,,
2026-07-07T16:02:40.618988+00:00,2026-07-07T16:02:40.619129,2,1,140.65,0.1,140.6,88,140.2,162,,,,,,,,,,,,,,,,,140.7,150,,,,,,,,,,,,,,,,,,
2026-07-07T16:02:40.630369+00:00,2026-07-07T16:02:40.624575,2,1,140.65,0.1,140.6,65,140.2,162,,,,,,,,,,,,,,,,,140.7,150,,,,,,,,,,,,,,,,,,
2026-07-07T16:02:40.675319+00:00,2026-07-07T16:02:40.675268,2,2,140.65,0.1,140.6,25,140.2,162,,,,,,,,,,,,,,,,,140.7,150,141.1,100,,,,,,,,,,,,,,,,
2026-07-07T16:02:40.758674+00:00,2026-07-07T16:02:40.754461,2,2,140.65,0.1,140.6,25,140.2,150,,,,,,,,,,,,,,,,,140.7,150,141.1,100,,,,,,,,,,,,,,,,
2026-07-07T16:02:40.763842+00:00,2026-07-07T16:02:40.763740,3,2,140.65,0.1,140.6,25,140.3,12,140.2,150,,,,,,,,,,,,,,,140.7,150,141.1,100,,,,,,,,,,,,,,,,
2026-07-07T16:02:40.769022+00:00,2026-07-07T16:02:40.768900,3,2,140.65,0.1,140.6,25,140.3,12,140.2,150,,,,,,,,,,,,,,,140.7,162,141.1,100,,,,,,,,,,,,,,,,
2026-07-07T16:02:41.545609+00:00,2026-07-07T16:02:41.545515,3,2,140.65,0.1,140.6,25,140.3,12,140.2,150,,,,,,,,,,,,,,,140.7,112,141.1,100,,,,,,,,,,,,,,,,
2026-07-07T16:02:41.781070+00:00,2026-07-07T16:02:41.781022,2,2,140.65,0.1,140.6,25,140.2,150,,,,,,,,,,,,,,,,,140.7,112,141.1,100,,,,,,,,,,,,,,,,
2026-07-07T16:02:41.786349+00:00,2026-07-07T16:02:41.786240,3,2,140.65,0.1,140.6,25,140.5,12,140.2,150,,,,,,,,,,,,,,,140.7,100,141.1,100,,,,,,,,,,,,,,,,
2026-07-07T16:02:41.791314+00:00,2026-07-07T16:02:41.791454,3,3,140.65,0.1,140.6,25,140.5,12,140.2,150,,,,,,,,,,,,,,,140.7,100,140.8,12,141.1,100,,,,,,,,,,,,,,
2026-07-07T16:02:42.574148+00:00,2026-07-07T16:02:42.574062,2,2,140.7,0.2,140.6,25,140.5,12,,,,,,,,,,,,,,,,,140.8,12,141.1,100,,,,,,,,,,,,,,,,
2026-07-07T16:02:42.624637+00:00,2026-07-07T16:02:42.624550,2,2,140.7,0.2,140.6,175,140.5,12,,,,,,,,,,,,,,,,,140.8,12,141.1,100,,,,,,,,,,,,,,,,
2026-07-07T16:02:42.679677+00:00,2026-07-07T16:02:42.679624,2,2,140.7,0.2,140.6,175,140.5,12,,,,,,,,,,,,,,,,,140.8,12,141.1,250,,,,,,,,,,,,,,,,
2026-07-07T16:02:42.887261+00:00,2026-07-07T16:02:42.887387,2,2,140.7,0.2,140.6,126,140.5,12,,,,,,,,,,,,,,,,,140.8,12,141.1,250,,,,,,,,,,,,,,,,
2026-07-07T16:02:43.058669+00:00,2026-07-07T16:02:43.053108,1,2,140.75,0.3,140.6,138,,,,,,,,,,,,,,,,,,,140.9,12,141.1,250,,,,,,,,,,,,,,,,
2026-07-07T16:02:43.653053+00:00,2026-07-07T16:02:43.652991,1,1,140.85,0.5,140.6,138,,,,,,,,,,,,,,,,,,,141.1,212,,,,,,,,,,,,,,,,,,
2026-07-07T16:02:43.733259+00:00,2026-07-07T16:02:43.733114,1,1,140.85,0.5,140.6,138,,,,,,,,,,,,,,,,,,,141.1,150,,,,,,,,,,,,,,,,,,
2026-07-07T16:02:43.786191+00:00,2026-07-07T16:02:43.786133,1,1,140.85,0.5,140.6,238,,,,,,,,,,,,,,,,,,,141.1,150,,,,,,,,,,,,,,,,,,
2026-07-07T16:02:43.815485+00:00,2026-07-07T16:02:43.815372,1,1,140.85,0.5,140.6,226,,,,,,,,,,,,,,,,,,,141.1,150,,,,,,,,,,,,,,,,,,
2026-07-07T16:02:43.820631+00:00,2026-07-07T16:02:43.820568,1,2,140.8,0.4,140.6,238,,,,,,,,,,,,,,,,,,,141.0,12,141.1,150,,,,,,,,,,,,,,,,
2026-07-07T16:02:43.839519+00:00,2026-07-07T16:02:43.839466,1,2,140.8,0.4,140.6,238,,,,,,,,,,,,,,,,,,,141.0,12,141.1,250,,,,,,,,,,,,,,,,
2026-07-07T16:02:44.469452+00:00,2026-07-07T16:02:44.469327,1,1,140.85,0.5,140.6,238,,,,,,,,,,,,,,,,,,,141.1,215,,,,,,,,,,,,,,,,,,
2026-07-07T16:02:45.733962+00:00,2026-07-07T16:02:45.733866,1,1,140.85,0.5,140.6,238,,,,,,,,,,,,,,,,,,,141.1,100,,,,,,,,,,,,,,,,,,
2026-07-07T16:02:45.739240+00:00,2026-07-07T16:02:45.739105,1,1,140.85,0.5,140.6,112,,,,,,,,,,,,,,,,,,,141.1,100,,,,,,,,,,,,,,,,,,
2026-07-07T16:02:45.764395+00:00,2026-07-07T16:02:45.764272,1,1,140.85,0.5,140.6,112,,,,,,,,,,,,,,,,,,,141.1,50,,,,,,,,,,,,,,,,,,
2026-07-07T16:02:45.794434+00:00,2026-07-07T16:02:45.794346,2,1,140.95,0.3,140.8,150,140.6,112,,,,,,,,,,,,,,,,,141.1,50,,,,,,,,,,,,,,,,,,
2026-07-07T16:02:45.853360+00:00,2026-07-07T16:02:45.853665,3,2,140.95,0.3,140.8,150,140.7,12,140.6,100,,,,,,,,,,,,,,,141.1,50,141.3,150,,,,,,,,,,,,,,,,
2026-07-07T16:02:45.869105+00:00,2026-07-07T16:02:45.868919,3,3,140.9,0.2,140.8,150,140.7,12,140.6,100,,,,,,,,,,,,,,,141.0,12,141.1,50,141.3,150,,,,,,,,,,,,,,
2026-07-07T16:02:46.136857+00:00,2026-07-07T16:02:46.136738,3,3,140.9,0.2,140.8,108,140.7,12,140.6,100,,,,,,,,,,,,,,,141.0,12,141.1,50,141.3,150,,,,,,,,,,,,,,
2026-07-07T16:02:46.894652+00:00,2026-07-07T16:02:46.894535,2,2,140.9,0.2,140.8,108,140.7,12,,,,,,,,,,,,,,,,,141.0,12,141.3,150,,,,,,,,,,,,,,,,
2026-07-07T16:02:46.950223+00:00,2026-07-07T16:02:46.950177,3,2,140.95,0.1,140.9,100,140.8,108,140.7,12,,,,,,,,,,,,,,,141.0,12,141.3,150,,,,,,,,,,,,,,,,
2026-07-07T16:02:47.002616+00:00,2026-07-07T16:02:47.002515,3,3,140.95,0.1,140.9,100,140.8,108,140.7,12,,,,,,,,,,,,,,,141.0,12,141.3,150,141.4,100,,,,,,,,,,,,,,
2026-07-07T16:02:47.734196+00:00,2026-07-07T16:02:47.734172,3,2,141.1,0.4,140.9,100,140.8,108,140.7,12,,,,,,,,,,,,,,,141.3,114,141.4,100,,,,,,,,,,,,,,,,
2026-07-07T16:02:47.871485+00:00,2026-07-07T16:02:47.871409,3,2,141.1,0.4,140.9,100,140.8,108,140.7,12,,,,,,,,,,,,,,,141.3,64,141.4,100,,,,,,,,,,,,,,,,
2026-07-07T16:02:47.876669+00:00,2026-07-07T16:02:47.876652,3,2,141.1,0.4,140.9,100,140.8,108,140.7,12,,,,,,,,,,,,,,,141.3,64,141.4,100,,,,,,,,,,,,,,,,
2026-07-07T16:02:47.881962+00:00,2026-07-07T16:02:47.881828,3,3,141.05,0.3,140.9,100,140.8,108,140.7,12,,,,,,,,,,,,,,,141.2,12,141.3,64,141.4,100,,,,,,,,,,,,,,
2026-07-07T16:02:48.904043+00:00,2026-07-07T16:02:48.904186,3,2,141.05,0.3,140.9,100,140.8,108,140.7,12,,,,,,,,,,,,,,,141.2,12,141.4,100,,,,,,,,,,,,,,,,
2026-07-07T16:02:48.909390+00:00,2026-07-07T16:02:48.909351,2,2,141.05,0.3,140.9,100,140.7,12,,,,,,,,,,,,,,,,,141.2,12,141.4,100,,,,,,,,,,,,,,,,
2026-07-07T16:02:48.968232+00:00,2026-07-07T16:02:48.962765,3,2,141.1,0.2,141.0,138,140.9,100,140.7,12,,,,,,,,,,,,,,,141.2,12,141.4,100,,,,,,,,,,,,,,,,
2026-07-07T16:02:49.010255+00:00,2026-07-07T16:02:49.010206,3,3,141.1,0.2,141.0,138,140.9,100,140.7,12,,,,,,,,,,,,,,,141.2,12,141.4,100,141.5,150,,,,,,,,,,,,,,
2026-07-07T16:02:49.394833+00:00,2026-07-07T16:02:49.394803,2,2,141.2,0.4,141.0,138,140.9,100,,,,,,,,,,,,,,,,,141.4,100,141.5,150,,,,,,,,,,,,,,,,
2026-07-07T16:02:49.400092+00:00,2026-07-07T16:02:49.400002,3,3,141.1,0.2,141.0,138,140.9,100,140.8,12,,,,,,,,,,,,,,,141.2,12,141.4,100,141.5,150,,,,,,,,,,,,,,
2026-07-07T16:02:49.989926+00:00,2026-07-07T16:02:49.989838,3,2,141.2,0.4,141.0,138,140.9,100,140.8,12,,,,,,,,,,,,,,,141.4,62,141.5,150,,,,,,,,,,,,,,,,
2026-07-07T16:02:50.058568+00:00,2026-07-07T16:02:50.052995,2,1,141.25,0.5,141.0,138,140.8,12,,,,,,,,,,,,,,,,,141.5,150,,,,,,,,,,,,,,,,,,
2026-07-07T16:02:50.125368+00:00,2026-07-07T16:02:50.117618,3,1,141.3,0.4,141.1,89,141.0,138,140.8,12,,,,,,,,,,,,,,,141.5,150,,,,,,,,,,,,,,,,,,
2026-07-07T16:02:50.159789+00:00,2026-07-07T16:02:50.159758,3,1,141.3,0.4,141.1,89,141.0,138,140.9,12,,,,,,,,,,,,,,,141.5,150,,,,,,,,,,,,,,,,,,
2026-07-07T16:02:50.178341+00:00,2026-07-07T16:02:50.178251,3,3,141.25,0.3,141.1,89,141.0,138,140.9,12,,,,,,,,,,,,,,,141.4,12,141.5,150,141.6,100,,,,,,,,,,,,,,
