recv_time,book_timestamp,n_bids,n_asks,mid,spread,bid_px_0,bid_vol_0,bid_px_1,bid_vol_1,bid_px_2,bid_vol_2,bid_px_3,bid_vol_3,bid_px_4,bid_vol_4,bid_px_5,bid_vol_5,bid_px_6,bid_vol_6,bid_px_7,bid_vol_7,bid_px_8,bid_vol_8,bid_px_9,bid_vol_9,ask_px_0,ask_vol_0,ask_px_1,ask_vol_1,ask_px_2,ask_vol_2,ask_px_3,ask_vol_3,ask_px_4,ask_vol_4,ask_px_5,ask_vol_5,ask_px_6,ask_vol_6,ask_px_7,ask_vol_7,ask_px_8,ask_vol_8,ask_px_9,ask_vol_9
2026-07-05T14:00:01.686160+00:00,2026-07-05T14:00:01.685100,1,1,152.85,0.5,152.6,100,,,,,,,,,,,,,,,,,,,153.1,100,,,,,,,,,,,,,,,,,,
2026-07-05T14:00:01.774404+00:00,2026-07-05T14:00:01.739785,2,0,,,153.4,50,152.6,100,,,,,,,,,,,,,,,,,,,,,,,,,,,,,,,,,,,,
2026-07-05T14:00:01.813160+00:00,2026-07-05T14:00:01.806857,2,1,153.65,0.5,153.4,47,152.6,100,,,,,,,,,,,,,,,,,153.9,150,,,,,,,,,,,,,,,,,,
2026-07-05T14:00:02.591501+00:00,2026-07-05T14:00:02.591395,2,1,153.65,0.5,153.4,4,152.6,100,,,,,,,,,,,,,,,,,153.9,150,,,,,,,,,,,,,,,,,,
2026-07-05T14:00:02.622361+00:00,2026-07-05T14:00:02.622207,1,1,153.25,1.3,152.6,100,,,,,,,,,,,,,,,,,,,153.9,150,,,,,,,,,,,,,,,,,,
2026-07-05T14:00:02.822414+00:00,2026-07-05T14:00:02.822377,0,1,,,,,,,,,,,,,,,,,,,,,,,153.9,150,,,,,,,,,,,,,,,,,,
2026-07-05T14:00:02.871387+00:00,2026-07-05T14:00:02.871308,1,1,153.75,0.3,153.6,100,,,,,,,,,,,,,,,,,,,153.9,150,,,,,,,,,,,,,,,,,,
2026-07-05T14:00:02.926945+00:00,2026-07-05T14:00:02.927029,1,2,153.75,0.3,153.6,100,,,,,,,,,,,,,,,,,,,153.9,150,154.1,100,,,,,,,,,,,,,,,,
2026-07-05T14:00:04.178311+00:00,2026-07-05T14:00:04.178255,1,2,153.75,0.3,153.6,100,,,,,,,,,,,,,,,,,,,153.9,105,154.1,100,,,,,,,,,,,,,,,,
2026-07-05T14:00:04.730200+00:00,2026-07-05T14:00:04.730024,1,2,153.75,0.3,153.6,50,,,,,,,,,,,,,,,,,,,153.9,105,154.1,100,,,,,,,,,,,,,,,,
2026-07-05T14:00:04.856642+00:00,2026-07-05T14:00:04.856711,1,1,153.85,0.5,153.6,50,,,,,,,,,,,,,,,,,,,154.1,100,,,,,,,,,,,,,,,,,,
2026-07-05T14:00:04.911240+00:00,2026-07-05T14:00:04.911122,2,1,153.85,0.5,153.6,50,153.2,150,,,,,,,,,,,,,,,,,154.1,100,,,,,,,,,,,,,,,,,,
2026-07-05T14:00:04.958622+00:00,2026-07-05T14:00:04.956474,2,2,153.65,0.1,153.6,50,153.2,150,,,,,,,,,,,,,,,,,153.7,150,154.1,100,,,,,,,,,,,,,,,,
2026-07-05T14:00:05.810575+00:00,2026-07-05T14:00:05.810538,2,2,153.65,0.1,153.6,6,153.2,150,,,,,,,,,,,,,,,,,153.7,150,154.1,100,,,,,,,,,,,,,,,,
2026-07-05T14:00:05.981200+00:00,2026-07-05T14:00:05.981136,1,1,153.45,0.5,153.2,150,,,,,,,,,,,,,,,,,,,153.7,150,,,,,,,,,,,,,,,,,,
2026-07-05T14:00:06.035544+00:00,2026-07-05T14:00:06.035428,1,1,153.45,0.5,153.2,250,,,,,,,,,,,,,,,,,,,153.7,150,,,,,,,,,,,,,,,,,,
2026-07-05T14:00:06.088952+00:00,2026-07-05T14:00:06.089090,1,1,153.45,0.5,153.2,250,,,,,,,,,,,,,,,,,,,153.7,250,,,,,,,,,,,,,,,,,,
2026-07-05T14:00:06.838159+00:00,2026-07-05T14:00:06.838087,1,1,153.45,0.5,153.2,200,,,,,,,,,,,,,,,,,,,153.7,250,,,,,,,,,,,,,,,,,,
2026-07-05T14:00:08.017493+00:00,2026-07-05T14:00:08.017423,1,1,153.45,0.5,153.2,100,,,,,,,,,,,,,,,,,,,153.7,100,,,,,,,,,,,,,,,,,,
2026-07-05T14:00:08.073434+00:00,2026-07-05T14:00:08.073335,2,1,153.45,0.5,153.2,100,152.7,150,,,,,,,,,,,,,,,,,153.7,100,,,,,,,,,,,,,,,,,,
2026-07-05T14:00:08.136988+00:00,2026-07-05T14:00:08.131035,1,2,152.95,0.5,152.7,150,,,,,,,,,,,,,,,,,,,153.2,24,153.7,100,,,,,,,,,,,,,,,,
2026-07-05T14:00:08.959716+00:00,2026-07-05T14:00:08.936437,1,2,152.95,0.5,152.7,100,,,,,,,,,,,,,,,,,,,153.2,24,153.7,100,,,,,,,,,,,,,,,,
2026-07-05T14:00:09.144169+00:00,2026-07-05T14:00:09.144111,1,1,152.95,0.5,152.7,100,,,,,,,,,,,,,,,,,,,153.2,24,,,,,,,,,,,,,,,,,,
2026-07-05T14:00:09.197379+00:00,2026-07-05T14:00:09.188484,2,0,,,153.2,76,152.7,100,,,,,,,,,,,,,,,,,,,,,,,,,,,,,,,,,,,,
2026-07-05T14:00:09.251037+00:00,2026-07-05T14:00:09.250955,2,1,153.45,0.5,153.2,76,152.7,100,,,,,,,,,,,,,,,,,153.7,100,,,,,,,,,,,,,,,,,,
2026-07-05T14:00:11.049649+00:00,2026-07-05T14:00:11.049850,2,1,153.45,0.5,153.2,26,152.7,100,,,,,,,,,,,,,,,,,153.7,100,,,,,,,,,,,,,,,,,,
2026-07-05T14:00:11.181733+00:00,2026-07-05T14:00:11.181680,1,1,153.45,0.5,153.2,26,,,,,,,,,,,,,,,,,,,153.7,100,,,,,,,,,,,,,,,,,,
2026-07-05T14:00:11.235371+00:00,2026-07-05T14:00:11.235289,2,1,153.45,0.5,153.2,26,153.1,150,,,,,,,,,,,,,,,,,153.7,100,,,,,,,,,,,,,,,,,,
2026-07-05T14:00:11.302341+00:00,2026-07-05T14:00:11.302291,2,2,153.4,0.4,153.2,26,153.1,150,,,,,,,,,,,,,,,,,153.6,150,153.7,100,,,,,,,,,,,,,,,,
2026-07-05T14:00:11.669355+00:00,2026-07-05T14:00:11.669008,2,2,153.4,0.4,153.2,26,153.1,150,,,,,,,,,,,,,,,,,153.6,103,153.7,100,,,,,,,,,,,,,,,,
2026-07-05T14:00:12.303074+00:00,2026-07-05T14:00:12.302955,1,1,153.35,0.5,153.1,150,,,,,,,,,,,,,,,,,,,153.6,103,,,,,,,,,,,,,,,,,,
2026-07-05T14:00:12.359041+00:00,2026-07-05T14:00:12.359014,2,1,153.35,0.5,153.1,150,152.7,100,,,,,,,,,,,,,,,,,153.6,103,,,,,,,,,,,,,,,,,,
2026-07-05T14:00:12.411235+00:00,2026-07-05T14:00:12.411196,2,1,153.35,0.5,153.1,50,152.7,100,,,,,,,,,,,,,,,,,153.6,103,,,,,,,,,,,,,,,,,,
2026-07-05T14:00:13.158628+00:00,2026-07-05T14:00:13.156742,1,1,153.15,0.9,152.7,100,,,,,,,,,,,,,,,,,,,153.6,103,,,,,,,,,,,,,,,,,,
2026-07-05T14:00:13.676108+00:00,2026-07-05T14:00:13.676068,1,1,153.15,0.9,152.7,60,,,,,,,,,,,,,,,,,,,153.6,103,,,,,,,,,,,,,,,,,,
2026-07-05T14:00:14.358634+00:00,2026-07-05T14:00:14.356665,1,0,,,152.7,60,,,,,,,,,,,,,,,,,,,,,,,,,,,,,,,,,,,,,,
2026-07-05T14:00:14.410012+00:00,2026-07-05T14:00:14.409891,1,0,,,152.7,210,,,,,,,,,,,,,,,,,,,,,,,,,,,,,,,,,,,,,,
2026-07-05T14:00:14.458615+00:00,2026-07-05T14:00:14.457747,1,1,152.95,0.5,152.7,210,,,,,,,,,,,,,,,,,,,153.2,150,,,,,,,,,,,,,,,,,,
2026-07-05T14:00:14.736652+00:00,2026-07-05T14:00:14.736581,1,1,152.95,0.5,152.7,210,,,,,,,,,,,,,,,,,,,153.2,102,,,,,,,,,,,,,,,,,,
2026-07-05T14:00:14.909050+00:00,2026-07-05T14:00:14.903479,1,1,152.95,0.5,152.7,210,,,,,,,,,,,,,,,,,,,153.2,79,,,,,,,,,,,,,,,,,,
2026-07-05T14:00:15.214416+00:00,2026-07-05T14:00:15.214555,1,1,152.95,0.5,152.7,210,,,,,,,,,,,,,,,,,,,153.2,29,,,,,,,,,,,,,,,,,,
2026-07-05T14:00:15.467625+00:00,2026-07-05T14:00:15.467516,1,1,152.95,0.5,152.7,150,,,,,,,,,,,,,,,,,,,153.2,29,,,,,,,,,,,,,,,,,,
2026-07-05T14:00:15.524881+00:00,2026-07-05T14:00:15.524784,2,1,153.1,0.2,153.0,100,152.7,150,,,,,,,,,,,,,,,,,153.2,29,,,,,,,,,,,,,,,,,,
2026-07-05T14:00:15.574228+00:00,2026-07-05T14:00:15.574106,2,2,153.1,0.2,153.0,100,152.7,150,,,,,,,,,,,,,,,,,153.2,29,153.5,100,,,,,,,,,,,,,,,,
2026-07-05T14:00:16.183003+00:00,2026-07-05T14:00:16.168695,2,2,153.1,0.2,153.0,100,152.7,150,,,,,,,,,,,,,,,,,153.2,7,153.5,100,,,,,,,,,,,,,,,,
2026-07-05T14:00:17.385246+00:00,2026-07-05T14:00:17.384988,2,2,153.1,0.2,153.0,50,152.7,150,,,,,,,,,,,,,,,,,153.2,7,153.5,100,,,,,,,,,,,,,,,,
2026-07-05T14:00:17.514000+00:00,2026-07-05T14:00:17.513884,2,1,153.25,0.5,153.0,50,152.7,150,,,,,,,,,,,,,,,,,153.5,100,,,,,,,,,,,,,,,,,,
2026-07-05T14:00:17.519167+00:00,2026-07-05T14:00:17.519061,1,1,153.25,0.5,153.0,50,,,,,,,,,,,,,,,,,,,153.5,100,,,,,,,,,,,,,,,,,,
2026-07-05T14:00:17.569256+00:00,2026-07-05T14:00:17.569140,2,0,,,153.7,50,153.0,50,,,,,,,,,,,,,,,,,,,,,,,,,,,,,,,,,,,,
2026-07-05T14:00:17.634454+00:00,2026-07-05T14:00:17.628015,2,1,153.95,0.5,153.7,16,153.0,50,,,,,,,,,,,,,,,,,154.2,150,,,,,,,,,,,,,,,,,,
2026-07-05T14:00:18.632284+00:00,2026-07-05T14:00:18.632152,1,1,153.95,0.5,153.7,16,,,,,,,,,,,,,,,,,,,154.2,150,,,,,,,,,,,,,,,,,,
2026-07-05T14:00:18.685282+00:00,2026-07-05T14:00:18.685159,2,1,153.95,0.5,153.7,16,153.4,100,,,,,,,,,,,,,,,,,154.2,150,,,,,,,,,,,,,,,,,,
2026-07-05T14:00:18.733655+00:00,2026-07-05T14:00:18.733572,2,2,153.8,0.2,153.7,16,153.4,100,,,,,,,,,,,,,,,,,153.9,100,154.2,150,,,,,,,,,,,,,,,,
2026-07-05T14:00:19.485595+00:00,2026-07-05T14:00:19.485442,1,2,153.65,0.5,153.4,100,,,,,,,,,,,,,,,,,,,153.9,100,154.2,150,,,,,,,,,,,,,,,,
2026-07-05T14:00:20.481484+00:00,2026-07-05T14:00:20.481430,1,2,153.65,0.5,153.4,58,,,,,,,,,,,,,,,,,,,153.9,100,154.2,150,,,,,,,,,,,,,,,,
2026-07-05T14:00:20.679266+00:00,2026-07-05T14:00:20.679148,1,1,153.65,0.5,153.4,58,,,,,,,,,,,,,,,,,,,153.9,100,,,,,,,,,,,,,,,,,,
2026-07-05T14:00:20.732671+00:00,2026-07-05T14:00:20.732628,2,1,153.65,0.5,153.4,58,153.2,150,,,,,,,,,,,,,,,,,153.9,100,,,,,,,,,,,,,,,,,,
2026-07-05T14:00:20.785765+00:00,2026-07-05T14:00:20.785642,2,2,153.55,0.3,153.4,58,153.2,150,,,,,,,,,,,,,,,,,153.7,150,153.9,100,,,,,,,,,,,,,,,,
2026-07-05T14:00:21.447016+00:00,2026-07-05T14:00:21.441049,2,2,153.55,0.3,153.4,58,153.2,150,,,,,,,,,,,,,,,,,153.7,138,153.9,100,,,,,,,,,,,,,,,,
2026-07-05T14:00:21.590498+00:00,2026-07-05T14:00:21.590426,2,2,153.55,0.3,153.4,8,153.2,150,,,,,,,,,,,,,,,,,153.7,138,153.9,100,,,,,,,,,,,,,,,,
2026-07-05T14:00:21.790329+00:00,2026-07-05T14:00:21.790236,1,1,153.45,0.5,153.2,150,,,,,,,,,,,,,,,,,,,153.7,138,,,,,,,,,,,,,,,,,,
2026-07-05T14:00:21.841860+00:00,2026-07-05T14:00:21.841754,2,1,153.55,0.3,153.4,100,153.2,150,,,,,,,,,,,,,,,,,153.7,138,,,,,,,,,,,,,,,,,,
2026-07-05T14:00:21.896411+00:00,2026-07-05T14:00:21.896503,2,2,153.55,0.3,153.4,100,153.2,150,,,,,,,,,,,,,,,,,153.7,138,153.9,100,,,,,,,,,,,,,,,,
2026-07-05T14:00:23.558718+00:00,2026-07-05T14:00:23.554153,2,2,153.55,0.3,153.4,100,153.2,150,,,,,,,,,,,,,,,,,153.7,93,153.9,100,,,,,,,,,,,,,,,,
2026-07-05T14:00:23.701402+00:00,2026-07-05T14:00:23.701550,2,2,153.55,0.3,153.4,50,153.2,150,,,,,,,,,,,,,,,,,153.7,93,153.9,100,,,,,,,,,,,,,,,,
2026-07-05T14:00:23.835734+00:00,2026-07-05T14:00:23.835611,2,1,153.65,0.5,153.4,50,153.2,150,,,,,,,,,,,,,,,,,153.9,100,,,,,,,,,,,,,,,,,,
2026-07-05T14:00:23.840863+00:00,2026-07-05T14:00:23.840790,1,1,153.65,0.5,153.4,50,,,,,,,,,,,,,,,,,,,153.9,100,,,,,,,,,,,,,,,,,,
2026-07-05T14:00:23.891402+00:00,2026-07-05T14:00:23.891574,2,1,153.75,0.3,153.6,150,153.4,50,,,,,,,,,,,,,,,,,153.9,100,,,,,,,,,,,,,,,,,,
2026-07-05T14:00:23.958663+00:00,2026-07-05T14:00:23.952282,2,2,153.75,0.3,153.6,150,153.4,50,,,,,,,,,,,,,,,,,153.9,100,154.1,150,,,,,,,,,,,,,,,,
2026-07-05T14:00:24.958205+00:00,2026-07-05T14:00:24.957816,1,1,153.85,0.5,153.6,150,,,,,,,,,,,,,,,,,,,154.1,150,,,,,,,,,,,,,,,,,,
2026-07-05T14:00:25.007574+00:00,2026-07-05T14:00:25.007531,2,1,153.85,0.5,153.6,150,153.2,100,,,,,,,,,,,,,,,,,154.1,150,,,,,,,,,,,,,,,,,,
2026-07-05T14:00:25.058220+00:00,2026-07-05T14:00:25.058060,2,2,153.65,0.1,153.6,150,153.2,100,,,,,,,,,,,,,,,,,153.7,100,154.1,150,,,,,,,,,,,,,,,,
2026-07-05T14:00:25.165513+00:00,2026-07-05T14:00:25.165474,2,2,153.65,0.1,153.6,150,153.2,100,,,,,,,,,,,,,,,,,153.7,59,154.1,150,,,,,,,,,,,,,,,,
2026-07-05T14:00:25.223017+00:00,2026-07-05T14:00:25.223146,2,2,153.65,0.1,153.6,107,153.2,100,,,,,,,,,,,,,,,,,153.7,59,154.1,150,,,,,,,,,,,,,,,,
2026-07-05T14:00:25.689728+00:00,2026-07-05T14:00:25.689951,2,2,153.65,0.1,153.6,107,153.2,100,,,,,,,,,,,,,,,,,153.7,11,154.1,150,,,,,,,,,,,,,,,,
2026-07-05T14:00:26.705093+00:00,2026-07-05T14:00:26.705039,2,2,153.65,0.1,153.6,65,153.2,100,,,,,,,,,,,,,,,,,153.7,11,154.1,150,,,,,,,,,,,,,,,,
2026-07-05T14:00:27.015319+00:00,2026-07-05T14:00:27.015244,1,1,153.45,0.5,153.2,100,,,,,,,,,,,,,,,,,,,153.7,11,,,,,,,,,,,,,,,,,,
2026-07-05T14:00:27.069164+00:00,2026-07-05T14:00:27.069059,2,1,153.45,0.5,153.2,100,153.1,150,,,,,,,,,,,,,,,,,153.7,11,,,,,,,,,,,,,,,,,,
2026-07-05T14:00:27.124706+00:00,2026-07-05T14:00:27.124817,2,2,153.4,0.4,153.2,100,153.1,150,,,,,,,,,,,,,,,,,153.6,150,153.7,11,,,,,,,,,,,,,,,,
2026-07-05T14:00:27.873838+00:00,2026-07-05T14:00:27.873706,2,2,153.4,0.4,153.2,100,153.1,150,,,,,,,,,,,,,,,,,153.6,100,153.7,11,,,,,,,,,,,,,,,,
2026-07-05T14:00:28.116493+00:00,2026-07-05T14:00:28.116452,1,1,153.35,0.5,153.1,150,,,,,,,,,,,,,,,,,,,153.6,100,,,,,,,,,,,,,,,,,,
2026-07-05T14:00:28.172456+00:00,2026-07-05T14:00:28.172356,2,1,153.5,0.2,153.4,100,153.1,150,,,,,,,,,,,,,,,,,153.6,100,,,,,,,,,,,,,,,,,,
2026-07-05T14:00:28.232494+00:00,2026-07-05T14:00:28.232429,2,2,153.5,0.2,153.4,100,153.1,150,,,,,,,,,,,,,,,,,153.6,100,153.9,100,,,,,,,,,,,,,,,,
2026-07-05T14:00:29.240341+00:00,2026-07-05T14:00:29.240210,2,2,153.5,0.2,153.4,100,153.1,150,,,,,,,,,,,,,,,,,153.6,54,153.9,100,,,,,,,,,,,,,,,,
2026-07-05T14:00:29.290889+00:00,2026-07-05T14:00:29.290862,2,2,153.5,0.2,153.4,56,153.1,150,,,,,,,,,,,,,,,,,153.6,54,153.9,100,,,,,,,,,,,,,,,,
2026-07-05T14:00:29.982669+00:00,2026-07-05T14:00:29.982607,2,2,153.5,0.2,153.4,56,153.1,150,,,,,,,,,,,,,,,,,153.6,4,153.9,100,,,,,,,,,,,,,,,,
2026-07-05T14:00:30.177696+00:00,2026-07-05T14:00:30.177658,1,1,153.65,0.5,153.4,56,,,,,,,,,,,,,,,,,,,153.9,100,,,,,,,,,,,,,,,,,,
2026-07-05T14:00:30.234916+00:00,2026-07-05T14:00:30.234999,2,1,153.8,0.2,153.7,150,153.4,56,,,,,,,,,,,,,,,,,153.9,100,,,,,,,,,,,,,,,,,,
2026-07-05T14:00:30.287861+00:00,2026-07-05T14:00:30.287834,2,2,153.8,0.2,153.7,150,153.4,56,,,,,,,,,,,,,,,,,153.9,100,154.2,150,,,,,,,,,,,,,,,,
2026-07-05T14:00:31.280659+00:00,2026-07-05T14:00:31.280549,1,1,153.95,0.5,153.7,150,,,,,,,,,,,,,,,,,,,154.2,150,,,,,,,,,,,,,,,,,,
2026-07-05T14:00:31.334702+00:00,2026-07-05T14:00:31.334831,2,1,153.95,0.5,153.7,150,153.1,100,,,,,,,,,,,,,,,,,154.2,150,,,,,,,,,,,,,,,,,,
2026-07-05T14:00:31.390340+00:00,2026-07-05T14:00:31.390266,2,1,153.95,0.5,153.7,50,153.1,100,,,,,,,,,,,,,,,,,154.2,150,,,,,,,,,,,,,,,,,,
2026-07-05T14:00:31.936536+00:00,2026-07-05T14:00:31.930375,2,1,153.95,0.5,153.7,38,153.1,100,,,,,,,,,,,,,,,,,154.2,150,,,,,,,,,,,,,,,,,,
2026-07-05T14:00:32.116758+00:00,2026-07-05T14:00:32.116734,2,1,153.95,0.5,153.7,38,153.1,100,,,,,,,,,,,,,,,,,154.2,100,,,,,,,,,,,,,,,,,,
2026-07-05T14:00:32.485738+00:00,2026-07-05T14:00:32.485657,1,1,153.65,1.1,153.1,93,,,,,,,,,,,,,,,,,,,154.2,100,,,,,,,,,,,,,,,,,,
2026-07-05T14:00:33.342174+00:00,2026-07-05T14:00:33.342056,1,0,,,153.1,93,,,,,,,,,,,,,,,,,,,,,,,,,,,,,,,,,,,,,,
2026-07-05T14:00:33.396522+00:00,2026-07-05T14:00:33.396388,1,0,,,153.1,243,,,,,,,,,,,,,,,,,,,,,,,,,,,,,,,,,,,,,,
2026-07-05T14:00:33.449706+00:00,2026-07-05T14:00:33.449646,1,1,153.35,0.5,153.1,243,,,,,,,,,,,,,,,,,,,153.6,150,,,,,,,,,,,,,,,,,,
2026-07-05T14:00:34.443040+00:00,2026-07-05T14:00:34.442994,1,1,153.35,0.5,153.1,150,,,,,,,,,,,,,,,,,,,153.6,150,,,,,,,,,,,,,,,,,,
2026-07-05T14:00:34.470737+00:00,2026-07-05T14:00:34.470628,1,1,153.35,0.5,153.1,150,,,,,,,,,,,,,,,,,,,153.6,109,,,,,,,,,,,,,,,,,,
2026-07-05T14:00:34.501670+00:00,2026-07-05T14:00:34.501563,2,1,153.45,0.3,153.3,100,153.1,150,,,,,,,,,,,,,,,,,153.6,109,,,,,,,,,,,,,,,,,,
2026-07-05T14:00:34.551707+00:00,2026-07-05T14:00:34.551840,2,2,153.45,0.3,153.3,100,153.1,150,,,,,,,,,,,,,,,,,153.6,109,153.8,100,,,,,,,,,,,,,,,,
2026-07-05T14:00:36.388125+00:00,2026-07-05T14:00:36.388285,2,2,153.45,0.3,153.3,50,153.1,150,,,,,,,,,,,,,,,,,153.6,109,153.8,100,,,,,,,,,,,,,,,,
2026-07-05T14:00:36.503994+00:00,2026-07-05T14:00:36.503892,1,1,153.55,0.5,153.3,50,,,,,,,,,,,,,,,,,,,153.8,100,,,,,,,,,,,,,,,,,,
2026-07-05T14:00:36.559710+00:00,2026-07-05T14:00:36.559574,2,1,153.55,0.5,153.3,50,153.2,150,,,,,,,,,,,,,,,,,153.8,100,,,,,,,,,,,,,,,,,,
2026-07-05T14:00:36.610296+00:00,2026-07-05T14:00:36.610261,2,2,153.5,0.4,153.3,50,153.2,150,,,,,,,,,,,,,,,,,153.7,150,153.8,100,,,,,,,,,,,,,,,,
2026-07-05T14:00:36.636810+00:00,2026-07-05T14:00:36.636750,2,2,153.5,0.4,153.3,10,153.2,150,,,,,,,,,,,,,,,,,153.7,150,153.8,100,,,,,,,,,,,,,,,,
2026-07-05T14:00:37.609267+00:00,2026-07-05T14:00:37.609222,1,1,153.45,0.5,153.2,150,,,,,,,,,,,,,,,,,,,153.7,150,,,,,,,,,,,,,,,,,,
2026-07-05T14:00:37.658586+00:00,2026-07-05T14:00:37.658504,2,1,153.45,0.5,153.2,150,153.0,100,,,,,,,,,,,,,,,,,153.7,150,,,,,,,,,,,,,,,,,,
2026-07-05T14:00:37.718199+00:00,2026-07-05T14:00:37.718054,2,2,153.35,0.3,153.2,150,153.0,100,,,,,,,,,,,,,,,,,153.5,100,153.7,150,,,,,,,,,,,,,,,,
2026-07-05T14:00:38.705283+00:00,2026-07-05T14:00:38.705176,2,2,153.35,0.3,153.2,150,153.0,100,,,,,,,,,,,,,,,,,153.5,58,153.7,150,,,,,,,,,,,,,,,,
2026-07-05T14:00:39.185753+00:00,2026-07-05T14:00:39.185685,2,2,153.35,0.3,153.2,150,153.0,100,,,,,,,,,,,,,,,,,153.5,12,153.7,150,,,,,,,,,,,,,,,,
2026-07-05T14:00:39.665530+00:00,2026-07-05T14:00:39.665487,1,1,153.25,0.5,153.0,100,,,,,,,,,,,,,,,,,,,153.5,12,,,,,,,,,,,,,,,,,,
2026-07-05T14:00:39.735937+00:00,2026-07-05T14:00:39.735873,2,1,153.4,0.2,153.3,150,153.0,100,,,,,,,,,,,,,,,,,153.5,12,,,,,,,,,,,,,,,,,,
2026-07-05T14:00:39.793065+00:00,2026-07-05T14:00:39.792946,2,2,153.4,0.2,153.3,150,153.0,100,,,,,,,,,,,,,,,,,153.5,12,153.8,150,,,,,,,,,,,,,,,,
2026-07-05T14:00:40.549228+00:00,2026-07-05T14:00:40.549359,2,1,153.55,0.5,153.3,150,153.0,100,,,,,,,,,,,,,,,,,153.8,150,,,,,,,,,,,,,,,,,,
2026-07-05T14:00:40.774884+00:00,2026-07-05T14:00:40.774819,1,1,153.55,0.5,153.3,150,,,,,,,,,,,,,,,,,,,153.8,150,,,,,,,,,,,,,,,,,,
2026-07-05T14:00:40.826642+00:00,2026-07-05T14:00:40.826585,1,1,153.55,0.5,153.3,250,,,,,,,,,,,,,,,,,,,153.8,150,,,,,,,,,,,,,,,,,,
2026-07-05T14:00:40.879863+00:00,2026-07-05T14:00:40.879995,1,1,153.55,0.5,153.3,250,,,,,,,,,,,,,,,,,,,153.8,250,,,,,,,,,,,,,,,,,,
2026-07-05T14:00:42.649983+00:00,2026-07-05T14:00:42.649855,1,1,153.55,0.5,153.3,208,,,,,,,,,,,,,,,,,,,153.8,250,,,,,,,,,,,,,,,,,,
2026-07-05T14:00:42.658664+00:00,2026-07-05T14:00:42.655073,1,1,153.55,0.5,153.3,208,,,,,,,,,,,,,,,,,,,153.8,200,,,,,,,,,,,,,,,,,,
2026-07-05T14:00:42.842953+00:00,2026-07-05T14:00:42.842877,1,1,153.55,0.5,153.3,208,,,,,,,,,,,,,,,,,,,153.8,100,,,,,,,,,,,,,,,,,,
2026-07-05T14:00:42.848190+00:00,2026-07-05T14:00:42.848061,1,1,153.55,0.5,153.3,100,,,,,,,,,,,,,,,,,,,153.8,100,,,,,,,,,,,,,,,,,,
2026-07-05T14:00:42.899743+00:00,2026-07-05T14:00:42.899680,2,1,153.55,0.5,153.3,100,153.1,150,,,,,,,,,,,,,,,,,153.8,100,,,,,,,,,,,,,,,,,,
2026-07-05T14:00:42.949033+00:00,2026-07-05T14:00:42.949233,2,2,153.45,0.3,153.3,100,153.1,150,,,,,,,,,,,,,,,,,153.6,150,153.8,100,,,,,,,,,,,,,,,,
2026-07-05T14:00:43.930131+00:00,2026-07-05T14:00:43.929975,2,1,153.45,0.3,153.3,100,153.1,150,,,,,,,,,,,,,,,,,153.6,150,,,,,,,,,,,,,,,,,,
2026-07-05T14:00:43.935278+00:00,2026-07-05T14:00:43.935158,1,1,153.35,0.5,153.1,150,,,,,,,,,,,,,,,,,,,153.6,150,,,,,,,,,,,,,,,,,,
2026-07-05T14:00:43.985095+00:00,2026-07-05T14:00:43.984984,2,1,153.4,0.4,153.2,100,153.1,150,,,,,,,,,,,,,,,,,153.6,150,,,,,,,,,,,,,,,,,,
2026-07-05T14:00:44.039822+00:00,2026-07-05T14:00:44.039707,2,2,153.4,0.4,153.2,100,153.1,150,,,,,,,,,,,,,,,,,153.6,150,153.7,100,,,,,,,,,,,,,,,,
2026-07-05T14:00:44.742818+00:00,2026-07-05T14:00:44.742722,2,2,153.4,0.4,153.2,57,153.1,150,,,,,,,,,,,,,,,,,153.6,150,153.7,100,,,,,,,,,,,,,,,,
2026-07-05T14:00:44.764029+00:00,2026-07-05T14:00:44.763915,2,2,153.4,0.4,153.2,57,153.1,150,,,,,,,,,,,,,,,,,153.6,100,153.7,100,,,,,,,,,,,,,,,,
2026-07-05T14:00:45.937399+00:00,2026-07-05T14:00:45.937363,2,2,153.4,0.4,153.2,57,153.1,150,,,,,,,,,,,,,,,,,153.6,55,153.7,100,,,,,,,,,,,,,,,,
2026-07-05T14:00:46.012652+00:00,2026-07-05T14:00:46.012550,1,1,153.45,0.5,153.2,57,,,,,,,,,,,,,,,,,,,153.7,100,,,,,,,,,,,,,,,,,,
2026-07-05T14:00:46.069931+00:00,2026-07-05T14:00:46.069858,2,0,,,153.9,50,153.2,57,,,,,,,,,,,,,,,,,,,,,,,,,,,,,,,,,,,,
2026-07-05T14:00:46.121805+00:00,2026-07-05T14:00:46.121700,2,1,154.15,0.5,153.9,50,153.2,57,,,,,,,,,,,,,,,,,154.4,150,,,,,,,,,,,,,,,,,,
2026-07-05T14:00:46.335267+00:00,2026-07-05T14:00:46.326549,2,1,154.15,0.5,153.9,27,153.2,57,,,,,,,,,,,,,,,,,154.4,150,,,,,,,,,,,,,,,,,,
2026-07-05T14:00:46.567258+00:00,2026-07-05T14:00:46.567138,1,1,153.8,1.2,153.2,42,,,,,,,,,,,,,,,,,,,154.4,150,,,,,,,,,,,,,,,,,,
2026-07-05T14:00:47.092936+00:00,2026-07-05T14:00:47.092817,0,1,,,,,,,,,,,,,,,,,,,,,,,154.4,150,,,,,,,,,,,,,,,,,,
2026-07-05T14:00:47.158665+00:00,2026-07-05T14:00:47.154704,1,1,153.95,0.9,153.5,100,,,,,,,,,,,,,,,,,,,154.4,150,,,,,,,,,,,,,,,,,,
2026-07-05T14:00:47.204897+00:00,2026-07-05T14:00:47.204834,1,2,153.75,0.5,153.5,100,,,,,,,,,,,,,,,,,,,154.0,100,154.4,150,,,,,,,,,,,,,,,,
2026-07-05T14:00:49.024730+00:00,2026-07-05T14:00:49.024613,1,2,153.75,0.5,153.5,50,,,,,,,,,,,,,,,,,,,154.0,100,154.4,150,,,,,,,,,,,,,,,,
2026-07-05T14:00:49.174096+00:00,2026-07-05T14:00:49.174037,1,1,153.75,0.5,153.5,50,,,,,,,,,,,,,,,,,,,154.0,100,,,,,,,,,,,,,,,,,,
2026-07-05T14:00:49.228959+00:00,2026-07-05T14:00:49.229130,2,1,153.75,0.5,153.5,50,153.1,150,,,,,,,,,,,,,,,,,154.0,100,,,,,,,,,,,,,,,,,,
2026-07-05T14:00:49.281886+00:00,2026-07-05T14:00:49.282127,2,2,153.55,0.1,153.5,50,153.1,150,,,,,,,,,,,,,,,,,153.6,150,154.0,100,,,,,,,,,,,,,,,,
2026-07-05T14:00:49.292170+00:00,2026-07-05T14:00:49.286304,2,2,153.55,0.1,153.5,50,153.1,150,,,,,,,,,,,,,,,,,153.6,138,154.0,100,,,,,,,,,,,,,,,,
2026-07-05T14:00:49.789468+00:00,2026-07-05T14:00:49.789339,2,2,153.55,0.1,153.5,50,153.1,150,,,,,,,,,,,,,,,,,153.6,93,154.0,100,,,,,,,,,,,,,,,,
2026-07-05T14:00:50.077686+00:00,2026-07-05T14:00:50.072470,2,2,153.55,0.1,153.5,50,153.1,150,,,,,,,,,,,,,,,,,153.6,82,154.0,100,,,,,,,,,,,,,,,,
2026-07-05T14:00:50.258682+00:00,2026-07-05T14:00:50.256253,1,1,153.35,0.5,153.1,150,,,,,,,,,,,,,,,,,,,153.6,82,,,,,,,,,,,,,,,,,,
2026-07-05T14:00:50.315414+00:00,2026-07-05T14:00:50.315340,2,1,153.55,0.1,153.5,100,153.1,150,,,,,,,,,,,,,,,,,153.6,82,,,,,,,,,,,,,,,,,,
2026-07-05T14:00:50.368144+00:00,2026-07-05T14:00:50.368115,2,2,153.55,0.1,153.5,100,153.1,150,,,,,,,,,,,,,,,,,153.6,82,154.0,100,,,,,,,,,,,,,,,,
2026-07-05T14:00:50.777107+00:00,2026-07-05T14:00:50.776982,2,2,153.55,0.1,153.5,100,153.1,150,,,,,,,,,,,,,,,,,153.6,42,154.0,100,,,,,,,,,,,,,,,,
2026-07-05T14:00:51.796932+00:00,2026-07-05T14:00:51.796876,2,2,153.55,0.1,153.5,52,153.1,150,,,,,,,,,,,,,,,,,153.6,42,154.0,100,,,,,,,,,,,,,,,,
2026-07-05T14:00:52.339222+00:00,2026-07-05T14:00:52.339131,1,1,153.75,0.5,153.5,52,,,,,,,,,,,,,,,,,,,154.0,100,,,,,,,,,,,,,,,,,,
2026-07-05T14:00:52.390038+00:00,2026-07-05T14:00:52.389987,2,1,153.85,0.3,153.7,150,153.5,52,,,,,,,,,,,,,,,,,154.0,100,,,,,,,,,,,,,,,,,,
2026-07-05T14:00:52.445204+00:00,2026-07-05T14:00:52.445319,2,2,153.85,0.3,153.7,150,153.5,52,,,,,,,,,,,,,,,,,154.0,100,154.2,150,,,,,,,,,,,,,,,,
2026-07-05T14:00:53.184925+00:00,2026-07-05T14:00:53.184862,2,2,153.85,0.3,153.7,150,153.5,52,,,,,,,,,,,,,,,,,154.0,50,154.2,150,,,,,,,,,,,,,,,,
2026-07-05T14:00:53.423313+00:00,2026-07-05T14:00:53.423254,1,1,153.95,0.5,153.7,150,,,,,,,,,,,,,,,,,,,154.2,150,,,,,,,,,,,,,,,,,,
2026-07-05T14:00:53.480607+00:00,2026-07-05T14:00:53.480520,2,1,153.95,0.5,153.7,150,153.5,100,,,,,,,,,,,,,,,,,154.2,150,,,,,,,,,,,,,,,,,,
2026-07-05T14:00:53.529628+00:00,2026-07-05T14:00:53.529602,2,2,153.85,0.3,153.7,150,153.5,100,,,,,,,,,,,,,,,,,154.0,100,154.2,150,,,,,,,,,,,,,,,,
2026-07-05T14:00:55.292334+00:00,2026-07-05T14:00:55.292201,2,2,153.85,0.3,153.7,150,153.5,100,,,,,,,,,,,,,,,,,154.0,50,154.2,150,,,,,,,,,,,,,,,,
2026-07-05T14:00:55.500883+00:00,2026-07-05T14:00:55.501005,1,1,153.75,0.5,153.5,100,,,,,,,,,,,,,,,,,,,154.0,50,,,,,,,,,,,,,,,,,,
2026-07-05T14:00:55.552495+00:00,2026-07-05T14:00:55.552626,2,1,153.95,0.1,153.9,150,153.5,100,,,,,,,,,,,,,,,,,154.0,50,,,,,,,,,,,,,,,,,,
2026-07-05T14:00:55.606502+00:00,2026-07-05T14:00:55.606461,2,2,153.95,0.1,153.9,150,153.5,100,,,,,,,,,,,,,,,,,154.0,50,154.4,150,,,,,,,,,,,,,,,,
2026-07-05T14:00:56.582189+00:00,2026-07-05T14:00:56.582334,2,1,154.15,0.5,153.9,150,153.5,100,,,,,,,,,,,,,,,,,154.4,150,,,,,,,,,,,,,,,,,,
2026-07-05T14:00:56.587440+00:00,2026-07-05T14:00:56.587517,1,1,154.15,0.5,153.9,150,,,,,,,,,,,,,,,,,,,154.4,150,,,,,,,,,,,,,,,,,,
2026-07-05T14:00:56.635582+00:00,2026-07-05T14:00:56.635554,2,1,154.15,0.5,153.9,150,153.7,100,,,,,,,,,,,,,,,,,154.4,150,,,,,,,,,,,,,,,,,,
2026-07-05T14:00:56.694893+00:00,2026-07-05T14:00:56.694867,2,2,154.05,0.3,153.9,150,153.7,100,,,,,,,,,,,,,,,,,154.2,100,154.4,150,,,,,,,,,,,,,,,,
2026-07-05T14:00:56.968856+00:00,2026-07-05T14:00:56.968726,2,2,154.05,0.3,153.9,109,153.7,100,,,,,,,,,,,,,,,,,154.2,100,154.4,150,,,,,,,,,,,,,,,,
2026-07-05T14:00:57.400394+00:00,2026-07-05T14:00:57.400347,2,2,154.05,0.3,153.9,109,153.7,100,,,,,,,,,,,,,,,,,154.2,50,154.4,150,,,,,,,,,,,,,,,,
2026-07-05T14:00:57.543139+00:00,2026-07-05T14:00:57.543098,2,2,154.05,0.3,153.9,68,153.7,100,,,,,,,,,,,,,,,,,154.2,50,154.4,150,,,,,,,,,,,,,,,,
2026-07-05T14:00:58.658584+00:00,2026-07-05T14:00:58.658075,1,1,153.95,0.5,153.7,100,,,,,,,,,,,,,,,,,,,154.2,50,,,,,,,,,,,,,,,,,,
2026-07-05T14:00:58.715543+00:00,2026-07-05T14:00:58.715496,2,1,153.95,0.5,153.7,100,153.6,150,,,,,,,,,,,,,,,,,154.2,50,,,,,,,,,,,,,,,,,,
2026-07-05T14:00:58.770921+00:00,2026-07-05T14:00:58.770825,2,2,153.9,0.4,153.7,100,153.6,150,,,,,,,,,,,,,,,,,154.1,150,154.2,50,,,,,,,,,,,,,,,,
2026-07-05T14:00:59.506134+00:00,2026-07-05T14:00:59.506049,2,2,153.9,0.4,153.7,100,153.6,150,,,,,,,,,,,,,,,,,154.1,100,154.2,50,,,,,,,,,,,,,,,,
2026-07-05T14:00:59.756308+00:00,2026-07-05T14:00:59.756145,1,1,153.85,0.5,153.6,150,,,,,,,,,,,,,,,,,,,154.1,100,,,,,,,,,,,,,,,,,,
2026-07-05T14:00:59.805805+00:00,2026-07-05T14:00:59.805712,2,1,154.0,0.2,153.9,100,153.6,150,,,,,,,,,,,,,,,,,154.1,100,,,,,,,,,,,,,,,,,,
2026-07-05T14:00:59.859505+00:00,2026-07-05T14:00:59.859640,2,2,154.0,0.2,153.9,100,153.6,150,,,,,,,,,,,,,,,,,154.1,100,154.4,100,,,,,,,,,,,,,,,,
2026-07-05T14:01:01.612844+00:00,2026-07-05T14:01:01.612742,2,2,154.0,0.2,153.9,100,153.6,150,,,,,,,,,,,,,,,,,154.1,50,154.4,100,,,,,,,,,,,,,,,,
2026-07-05T14:01:01.824030+00:00,2026-07-05T14:01:01.824003,1,1,154.15,0.5,153.9,100,,,,,,,,,,,,,,,,,,,154.4,100,,,,,,,,,,,,,,,,,,
2026-07-05T14:01:01.878844+00:00,2026-07-05T14:01:01.878734,2,1,154.15,0.5,153.9,100,153.8,150,,,,,,,,,,,,,,,,,154.4,100,,,,,,,,,,,,,,,,,,
2026-07-05T14:01:01.931871+00:00,2026-07-05T14:01:01.931741,2,2,154.1,0.4,153.9,100,153.8,150,,,,,,,,,,,,,,,,,154.3,150,154.4,100,,,,,,,,,,,,,,,,
2026-07-05T14:01:02.663971+00:00,2026-07-05T14:01:02.663832,2,2,154.1,0.4,153.9,100,153.8,150,,,,,,,,,,,,,,,,,154.3,107,154.4,100,,,,,,,,,,,,,,,,
2026-07-05T14:01:02.915333+00:00,2026-07-05T14:01:02.915584,1,1,154.05,0.5,153.8,150,,,,,,,,,,,,,,,,,,,154.3,107,,,,,,,,,,,,,,,,,,
2026-07-05T14:01:02.970930+00:00,2026-07-05T14:01:02.970855,2,1,154.1,0.4,153.9,100,153.8,150,,,,,,,,,,,,,,,,,154.3,107,,,,,,,,,,,,,,,,,,
2026-07-05T14:01:03.024056+00:00,2026-07-05T14:01:03.023931,2,2,154.1,0.4,153.9,100,153.8,150,,,,,,,,,,,,,,,,,154.3,107,154.4,100,,,,,,,,,,,,,,,,
2026-07-05T14:01:03.720355+00:00,2026-07-05T14:01:03.720245,2,2,154.1,0.4,153.9,100,153.8,150,,,,,,,,,,,,,,,,,154.3,57,154.4,100,,,,,,,,,,,,,,,,
2026-07-05T14:01:04.558681+00:00,2026-07-05T14:01:04.555903,2,2,154.1,0.4,153.9,100,153.8,150,,,,,,,,,,,,,,,,,154.3,15,154.4,100,,,,,,,,,,,,,,,,
2026-07-05T14:01:04.609042+00:00,2026-07-05T14:01:04.605546,2,2,154.1,0.4,153.9,49,153.8,150,,,,,,,,,,,,,,,,,154.3,15,154.4,100,,,,,,,,,,,,,,,,
2026-07-05T14:01:04.985165+00:00,2026-07-05T14:01:04.985120,2,1,154.15,0.5,153.9,49,153.8,150,,,,,,,,,,,,,,,,,154.4,100,,,,,,,,,,,,,,,,,,
2026-07-05T14:01:04.990457+00:00,2026-07-05T14:01:04.990346,1,1,154.15,0.5,153.9,49,,,,,,,,,,,,,,,,,,,154.4,100,,,,,,,,,,,,,,,,,,
2026-07-05T14:01:05.038657+00:00,2026-07-05T14:01:05.038813,2,1,154.35,0.1,154.3,150,153.9,49,,,,,,,,,,,,,,,,,154.4,100,,,,,,,,,,,,,,,,,,
2026-07-05T14:01:05.050841+00:00,2026-07-05T14:01:05.043514,2,1,154.35,0.1,154.3,124,153.9,49,,,,,,,,,,,,,,,,,154.4,100,,,,,,,,,,,,,,,,,,
2026-07-05T14:01:05.097299+00:00,2026-07-05T14:01:05.097183,2,2,154.35,0.1,154.3,124,153.9,49,,,,,,,,,,,,,,,,,154.4,100,154.8,150,,,,,,,,,,,,,,,,
2026-07-05T14:01:05.875461+00:00,2026-07-05T14:01:05.875415,2,2,154.35,0.1,154.3,74,153.9,49,,,,,,,,,,,,,,,,,154.4,100,154.8,150,,,,,,,,,,,,,,,,
2026-07-05T14:01:06.080745+00:00,2026-07-05T14:01:06.080658,1,1,154.55,0.5,154.3,74,,,,,,,,,,,,,,,,,,,154.8,150,,,,,,,,,,,,,,,,,,
2026-07-05T14:01:06.136056+00:00,2026-07-05T14:01:06.135930,2,1,154.55,0.5,154.3,74,153.7,100,,,,,,,,,,,,,,,,,154.8,150,,,,,,,,,,,,,,,,,,
2026-07-05T14:01:06.187160+00:00,2026-07-05T14:01:06.187320,1,2,153.95,0.5,153.7,100,,,,,,,,,,,,,,,,,,,154.2,26,154.8,150,,,,,,,,,,,,,,,,
2026-07-05T14:01:06.267157+00:00,2026-07-05T14:01:06.267053,1,1,154.25,1.1,153.7,100,,,,,,,,,,,,,,,,,,,154.8,150,,,,,,,,,,,,,,,,,,
2026-07-05T14:01:08.147280+00:00,2026-07-05T14:01:08.147176,1,0,,,153.7,100,,,,,,,,,,,,,,,,,,,,,,,,,,,,,,,,,,,,,,
2026-07-05T14:01:08.203491+00:00,2026-07-05T14:01:08.203406,2,0,,,153.8,150,153.7,100,,,,,,,,,,,,,,,,,,,,,,,,,,,,,,,,,,,,
2026-07-05T14:01:08.258590+00:00,2026-07-05T14:01:08.255783,2,1,154.05,0.5,153.8,150,153.7,100,,,,,,,,,,,,,,,,,154.3,150,,,,,,,,,,,,,,,,,,
2026-07-05T14:01:08.305078+00:00,2026-07-05T14:01:08.304943,2,1,154.05,0.5,153.8,103,153.7,100,,,,,,,,,,,,,,,,,154.3,150,,,,,,,,,,,,,,,,,,
2026-07-05T14:01:08.808402+00:00,2026-07-05T14:01:08.808552,2,1,154.05,0.5,153.8,103,153.7,100,,,,,,,,,,,,,,,,,154.3,110,,,,,,,,,,,,,,,,,,
2026-07-05T14:01:09.239276+00:00,2026-07-05T14:01:09.239142,1,1,154.05,0.5,153.8,103,,,,,,,,,,,,,,,,,,,154.3,110,,,,,,,,,,,,,,,,,,
2026-07-05T14:01:09.294332+00:00,2026-07-05T14:01:09.294293,2,1,154.1,0.4,153.9,100,153.8,103,,,,,,,,,,,,,,,,,154.3,110,,,,,,,,,,,,,,,,,,
2026-07-05T14:01:09.347648+00:00,2026-07-05T14:01:09.347588,2,2,154.1,0.4,153.9,100,153.8,103,,,,,,,,,,,,,,,,,154.3,110,154.4,100,,,,,,,,,,,,,,,,
2026-07-05T14:01:10.036250+00:00,2026-07-05T14:01:10.036119,2,2,154.1,0.4,153.9,100,153.8,103,,,,,,,,,,,,,,,,,154.3,60,154.4,100,,,,,,,,,,,,,,,,
2026-07-05T14:01:10.785991+00:00,2026-07-05T14:01:10.785895,2,2,154.1,0.4,153.9,60,153.8,103,,,,,,,,,,,,,,,,,154.3,60,154.4,100,,,,,,,,,,,,,,,,
2026-07-05T14:01:11.313461+00:00,2026-07-05T14:01:11.313357,1,1,154.15,0.5,153.9,60,,,,,,,,,,,,,,,,,,,154.4,100,,,,,,,,,,,,,,,,,,
2026-07-05T14:01:11.358611+00:00,2026-07-05T14:01:11.357221,2,1,154.2,0.4,154.0,150,153.9,60,,,,,,,,,,,,,,,,,154.4,100,,,,,,,,,,,,,,,,,,
2026-07-05T14:01:11.459180+00:00,2026-07-05T14:01:11.458894,2,2,154.2,0.4,154.0,150,153.9,60,,,,,,,,,,,,,,,,,154.4,100,154.5,150,,,,,,,,,,,,,,,,
2026-07-05T14:01:12.142089+00:00,2026-07-05T14:01:12.142007,2,2,154.2,0.4,154.0,150,153.9,60,,,,,,,,,,,,,,,,,154.4,50,154.5,150,,,,,,,,,,,,,,,,
2026-07-05T14:01:12.400491+00:00,2026-07-05T14:01:12.400415,1,1,154.25,0.5,154.0,150,,,,,,,,,,,,,,,,,,,154.5,150,,,,,,,,,,,,,,,,,,
2026-07-05T14:01:12.448189+00:00,2026-07-05T14:01:12.451445,2,1,154.35,0.3,154.2,100,154.0,150,,,,,,,,,,,,,,,,,154.5,150,,,,,,,,,,,,,,,,,,
2026-07-05T14:01:12.513498+00:00,2026-07-05T14:01:12.513636,2,2,154.35,0.3,154.2,100,154.0,150,,,,,,,,,,,,,,,,,154.5,150,154.7,100,,,,,,,,,,,,,,,,
2026-07-05T14:01:13.985365+00:00,2026-07-05T14:01:13.985218,2,2,154.35,0.3,154.2,100,154.0,150,,,,,,,,,,,,,,,,,154.5,103,154.7,100,,,,,,,,,,,,,,,,
2026-07-05T14:01:14.258573+00:00,2026-07-05T14:01:14.255163,2,2,154.35,0.3,154.2,100,154.0,150,,,,,,,,,,,,,,,,,154.5,53,154.7,100,,,,,,,,,,,,,,,,
2026-07-05T14:01:14.475719+00:00,2026-07-05T14:01:14.475648,1,1,154.45,0.5,154.2,100,,,,,,,,,,,,,,,,,,,154.7,100,,,,,,,,,,,,,,,,,,
2026-07-05T14:01:14.531033+00:00,2026-07-05T14:01:14.530936,2,1,154.6,0.2,154.5,150,154.2,100,,,,,,,,,,,,,,,,,154.7,100,,,,,,,,,,,,,,,,,,
2026-07-05T14:01:14.583943+00:00,2026-07-05T14:01:14.583915,2,2,154.6,0.2,154.5,150,154.2,100,,,,,,,,,,,,,,,,,154.7,100,155.0,150,,,,,,,,,,,,,,,,
2026-07-05T14:01:15.570449+00:00,2026-07-05T14:01:15.570399,1,1,154.75,0.5,154.5,150,,,,,,,,,,,,,,,,,,,155.0,150,,,,,,,,,,,,,,,,,,
2026-07-05T14:01:15.625177+00:00,2026-07-05T14:01:15.625119,2,1,154.75,0.5,154.5,150,154.4,100,,,,,,,,,,,,,,,,,155.0,150,,,,,,,,,,,,,,,,,,
2026-07-05T14:01:15.679679+00:00,2026-07-05T14:01:15.679580,2,2,154.7,0.4,154.5,150,154.4,100,,,,,,,,,,,,,,,,,154.9,100,155.0,150,,,,,,,,,,,,,,,,
2026-07-05T14:01:16.369528+00:00,2026-07-05T14:01:16.369414,2,2,154.7,0.4,154.5,150,154.4,100,,,,,,,,,,,,,,,,,154.9,50,155.0,150,,,,,,,,,,,,,,,,
2026-07-05T14:01:17.258540+00:00,2026-07-05T14:01:17.255536,2,2,154.7,0.4,154.5,107,154.4,100,,,,,,,,,,,,,,,,,154.9,50,155.0,150,,,,,,,,,,,,,,,,
2026-07-05T14:01:17.639482+00:00,2026-07-05T14:01:17.639422,1,1,154.65,0.5,154.4,100,,,,,,,,,,,,,,,,,,,154.9,50,,,,,,,,,,,,,,,,,,
2026-07-05T14:01:17.694665+00:00,2026-07-05T14:01:17.694829,2,1,154.65,0.5,154.4,100,154.3,150,,,,,,,,,,,,,,,,,154.9,50,,,,,,,,,,,,,,,,,,
2026-07-05T14:01:17.747638+00:00,2026-07-05T14:01:17.747531,2,2,154.6,0.4,154.4,100,154.3,150,,,,,,,,,,,,,,,,,154.8,150,154.9,50,,,,,,,,,,,,,,,,
2026-07-05T14:01:18.502166+00:00,2026-07-05T14:01:18.502008,2,2,154.6,0.4,154.4,100,154.3,150,,,,,,,,,,,,,,,,,154.8,100,154.9,50,,,,,,,,,,,,,,,,
2026-07-05T14:01:18.739296+00:00,2026-07-05T14:01:18.739086,1,1,154.55,0.5,154.3,150,,,,,,,,,,,,,,,,,,,154.8,100,,,,,,,,,,,,,,,,,,
2026-07-05T14:01:18.794365+00:00,2026-07-05T14:01:18.794325,2,1,154.6,0.4,154.4,100,154.3,150,,,,,,,,,,,,,,,,,154.8,100,,,,,,,,,,,,,,,,,,
2026-07-05T14:01:18.846941+00:00,2026-07-05T14:01:18.846906,2,2,154.6,0.4,154.4,100,154.3,150,,,,,,,,,,,,,,,,,154.8,100,154.9,100,,,,,,,,,,,,,,,,
2026-07-05T14:01:20.610859+00:00,2026-07-05T14:01:20.611030,2,2,154.6,0.4,154.4,100,154.3,150,,,,,,,,,,,,,,,,,154.8,50,154.9,100,,,,,,,,,,,,,,,,
2026-07-05T14:01:20.800160+00:00,2026-07-05T14:01:20.800066,1,1,154.65,0.5,154.4,100,,,,,,,,,,,,,,,,,,,154.9,100,,,,,,,,,,,,,,,,,,
2026-07-05T14:01:20.858553+00:00,2026-07-05T14:01:20.852530,2,1,154.85,0.1,154.8,150,154.4,100,,,,,,,,,,,,,,,,,154.9,100,,,,,,,,,,,,,,,,,,
2026-07-05T14:01:20.868596+00:00,2026-07-05T14:01:20.862818,2,1,154.85,0.1,154.8,147,154.4,100,,,,,,,,,,,,,,,,,154.9,100,,,,,,,,,,,,,,,,,,
2026-07-05T14:01:20.915867+00:00,2026-07-05T14:01:20.915752,2,2,154.85,0.1,154.8,147,154.4,100,,,,,,,,,,,,,,,,,154.9,100,155.3,150,,,,,,,,,,,,,,,,
2026-07-05T14:01:21.901291+00:00,2026-07-05T14:01:21.901221,1,1,155.05,0.5,154.8,147,,,,,,,,,,,,,,,,,,,155.3,150,,,,,,,,,,,,,,,,,,
2026-07-05T14:01:21.958652+00:00,2026-07-05T14:01:21.957245,2,1,155.05,0.5,154.8,147,154.5,100,,,,,,,,,,,,,,,,,155.3,150,,,,,,,,,,,,,,,,,,
2026-07-05T14:01:22.006024+00:00,2026-07-05T14:01:22.005901,2,2,154.9,0.2,154.8,147,154.5,100,,,,,,,,,,,,,,,,,155.0,100,155.3,150,,,,,,,,,,,,,,,,
2026-07-05T14:01:22.730805+00:00,2026-07-05T14:01:22.730715,2,2,154.9,0.2,154.8,147,154.5,100,,,,,,,,,,,,,,,,,155.0,50,155.3,150,,,,,,,,,,,,,,,,
2026-07-05T14:01:23.986111+00:00,2026-07-05T14:01:23.985948,1,1,154.75,0.5,154.5,100,,,,,,,,,,,,,,,,,,,155.0,50,,,,,,,,,,,,,,,,,,
2026-07-05T14:01:24.037698+00:00,2026-07-05T14:01:24.037608,2,1,154.95,0.1,154.9,150,154.5,100,,,,,,,,,,,,,,,,,155.0,50,,,,,,,,,,,,,,,,,,
2026-07-05T14:01:24.088071+00:00,2026-07-05T14:01:24.087873,2,2,154.95,0.1,154.9,150,154.5,100,,,,,,,,,,,,,,,,,155.0,50,155.4,150,,,,,,,,,,,,,,,,
2026-07-05T14:01:24.889255+00:00,2026-07-05T14:01:24.889119,2,2,154.95,0.1,154.9,100,154.5,100,,,,,,,,,,,,,,,,,155.0,50,155.4,150,,,,,,,,,,,,,,,,
2026-07-05T14:01:25.064408+00:00,2026-07-05T14:01:25.064289,1,1,155.15,0.5,154.9,100,,,,,,,,,,,,,,,,,,,155.4,150,,,,,,,,,,,,,,,,,,
2026-07-05T14:01:25.116678+00:00,2026-07-05T14:01:25.116631,2,1,155.15,0.5,154.9,100,154.7,100,,,,,,,,,,,,,,,,,155.4,150,,,,,,,,,,,,,,,,,,
2026-07-05T14:01:25.169791+00:00,2026-07-05T14:01:25.169981,2,2,155.05,0.3,154.9,100,154.7,100,,,,,,,,,,,,,,,,,155.2,100,155.4,150,,,,,,,,,,,,,,,,
2026-07-05T14:01:26.963485+00:00,2026-07-05T14:01:26.957850,2,2,155.05,0.3,154.9,89,154.7,100,,,,,,,,,,,,,,,,,155.2,100,155.4,150,,,,,,,,,,,,,,,,
2026-07-05T14:01:27.020674+00:00,2026-07-05T14:01:27.020636,2,2,155.05,0.3,154.9,39,154.7,100,,,,,,,,,,,,,,,,,155.2,100,155.4,150,,,,,,,,,,,,,,,,
2026-07-05T14:01:27.143646+00:00,2026-07-05T14:01:27.143536,1,1,154.95,0.5,154.7,100,,,,,,,,,,,,,,,,,,,155.2,100,,,,,,,,,,,,,,,,,,
2026-07-05T14:01:27.198757+00:00,2026-07-05T14:01:27.198629,2,1,154.95,0.5,154.7,100,154.4,150,,,,,,,,,,,,,,,,,155.2,100,,,,,,,,,,,,,,,,,,
2026-07-05T14:01:27.251915+00:00,2026-07-05T14:01:27.252087,2,2,154.8,0.2,154.7,100,154.4,150,,,,,,,,,,,,,,,,,154.9,150,155.2,100,,,,,,,,,,,,,,,,
2026-07-05T14:01:28.228241+00:00,2026-07-05T14:01:28.228058,1,1,154.65,0.5,154.4,150,,,,,,,,,,,,,,,,,,,154.9,150,,,,,,,,,,,,,,,,,,
2026-07-05T14:01:28.279159+00:00,2026-07-05T14:01:28.279083,2,1,154.75,0.3,154.6,100,154.4,150,,,,,,,,,,,,,,,,,154.9,150,,,,,,,,,,,,,,,,,,
2026-07-05T14:01:28.334346+00:00,2026-07-05T14:01:28.334229,2,2,154.75,0.3,154.6,100,154.4,150,,,,,,,,,,,,,,,,,154.9,150,155.1,100,,,,,,,,,,,,,,,,
2026-07-05T14:01:30.306836+00:00,2026-07-05T14:01:30.306772,1,1,154.85,0.5,154.6,100,,,,,,,,,,,,,,,,,,,155.1,100,,,,,,,,,,,,,,,,,,
2026-07-05T14:01:30.361175+00:00,2026-07-05T14:01:30.361093,2,1,154.85,0.5,154.6,100,154.2,150,,,,,,,,,,,,,,,,,155.1,100,,,,,,,,,,,,,,,,,,
2026-07-05T14:01:30.413917+00:00,2026-07-05T14:01:30.414086,2,2,154.65,0.1,154.6,100,154.2,150,,,,,,,,,,,,,,,,,154.7,150,155.1,100,,,,,,,,,,,,,,,,
2026-07-05T14:01:30.868478+00:00,2026-07-05T14:01:30.862777,2,2,154.65,0.1,154.6,100,154.2,150,,,,,,,,,,,,,,,,,154.7,136,155.1,100,,,,,,,,,,,,,,,,
2026-07-05T14:01:31.230837+00:00,2026-07-05T14:01:31.230713,2,2,154.65,0.1,154.6,50,154.2,150,,,,,,,,,,,,,,,,,154.7,136,155.1,100,,,,,,,,,,,,,,,,
2026-07-05T14:01:31.391378+00:00,2026-07-05T14:01:31.391261,1,1,154.45,0.5,154.2,150,,,,,,,,,,,,,,,,,,,154.7,136,,,,,,,,,,,,,,,,,,
2026-07-05T14:01:31.458632+00:00,2026-07-05T14:01:31.448286,2,1,154.65,0.1,154.6,100,154.2,150,,,,,,,,,,,,,,,,,154.7,136,,,,,,,,,,,,,,,,,,
2026-07-05T14:01:31.507520+00:00,2026-07-05T14:01:31.507623,2,2,154.65,0.1,154.6,100,154.2,150,,,,,,,,,,,,,,,,,154.7,136,155.1,100,,,,,,,,,,,,,,,,
2026-07-05T14:01:33.338397+00:00,2026-07-05T14:01:33.338620,2,2,154.65,0.1,154.6,50,154.2,150,,,,,,,,,,,,,,,,,154.7,136,155.1,100,,,,,,,,,,,,,,,,
2026-07-05T14:01:33.464231+00:00,2026-07-05T14:01:33.464088,1,1,154.85,0.5,154.6,8,,,,,,,,,,,,,,,,,,,155.1,100,,,,,,,,,,,,,,,,,,
2026-07-05T14:01:33.521417+00:00,2026-07-05T14:01:33.521291,2,1,154.85,0.5,154.6,8,154.4,150,,,,,,,,,,,,,,,,,155.1,100,,,,,,,,,,,,,,,,,,
2026-07-05T14:01:33.574729+00:00,2026-07-05T14:01:33.574683,2,2,154.75,0.3,154.6,8,154.4,150,,,,,,,,,,,,,,,,,154.9,150,155.1,100,,,,,,,,,,,,,,,,
2026-07-05T14:01:34.558612+00:00,2026-07-05T14:01:34.556774,1,1,154.65,0.5,154.4,150,,,,,,,,,,,,,,,,,,,154.9,150,,,,,,,,,,,,,,,,,,
2026-07-05T14:01:34.615264+00:00,2026-07-05T14:01:34.615162,2,1,154.65,0.5,154.4,150,154.2,100,,,,,,,,,,,,,,,,,154.9,150,,,,,,,,,,,,,,,,,,
2026-07-05T14:01:34.668876+00:00,2026-07-05T14:01:34.668797,2,2,154.55,0.3,154.4,150,154.2,100,,,,,,,,,,,,,,,,,154.7,100,154.9,150,,,,,,,,,,,,,,,,
2026-07-05T14:01:35.458621+00:00,2026-07-05T14:01:35.457710,2,2,154.55,0.3,154.4,100,154.2,100,,,,,,,,,,,,,,,,,154.7,100,154.9,150,,,,,,,,,,,,,,,,
2026-07-05T14:01:36.504428+00:00,2026-07-05T14:01:36.504295,2,2,154.55,0.3,154.4,100,154.2,100,,,,,,,,,,,,,,,,,154.7,54,154.9,150,,,,,,,,,,,,,,,,
2026-07-05T14:01:36.628219+00:00,2026-07-05T14:01:36.628093,1,1,154.45,0.5,154.2,100,,,,,,,,,,,,,,,,,,,154.7,54,,,,,,,,,,,,,,,,,,
2026-07-05T14:01:36.685491+00:00,2026-07-05T14:01:36.685449,1,1,154.45,0.5,154.2,250,,,,,,,,,,,,,,,,,,,154.7,54,,,,,,,,,,,,,,,,,,
2026-07-05T14:01:36.738188+00:00,2026-07-05T14:01:36.738144,1,1,154.45,0.5,154.2,250,,,,,,,,,,,,,,,,,,,154.7,204,,,,,,,,,,,,,,,,,,
2026-07-05T14:01:37.565235+00:00,2026-07-05T14:01:37.565082,1,1,154.45,0.5,154.2,200,,,,,,,,,,,,,,,,,,,154.7,204,,,,,,,,,,,,,,,,,,
2026-07-05T14:01:37.722330+00:00,2026-07-05T14:01:37.722162,1,1,154.45,0.5,154.2,150,,,,,,,,,,,,,,,,,,,154.7,150,,,,,,,,,,,,,,,,,,
2026-07-05T14:01:37.776397+00:00,2026-07-05T14:01:37.776274,2,1,154.45,0.5,154.2,150,154.1,100,,,,,,,,,,,,,,,,,154.7,150,,,,,,,,,,,,,,,,,,
2026-07-05T14:01:37.825384+00:00,2026-07-05T14:01:37.825352,2,2,154.4,0.4,154.2,150,154.1,100,,,,,,,,,,,,,,,,,154.6,100,154.7,150,,,,,,,,,,,,,,,,
2026-07-05T14:01:38.381866+00:00,2026-07-05T14:01:38.381739,2,2,154.4,0.4,154.2,105,154.1,100,,,,,,,,,,,,,,,,,154.6,100,154.7,150,,,,,,,,,,,,,,,,
2026-07-05T14:01:39.680737+00:00,2026-07-05T14:01:39.680668,2,2,154.4,0.4,154.2,55,154.1,100,,,,,,,,,,,,,,,,,154.6,100,154.7,150,,,,,,,,,,,,,,,,
2026-07-05T14:01:39.793265+00:00,2026-07-05T14:01:39.793207,1,1,154.35,0.5,154.1,100,,,,,,,,,,,,,,,,,,,154.6,100,,,,,,,,,,,,,,,,,,
2026-07-05T14:01:39.858619+00:00,2026-07-05T14:01:39.847686,2,1,154.35,0.5,154.1,100,154.0,150,,,,,,,,,,,,,,,,,154.6,100,,,,,,,,,,,,,,,,,,
2026-07-05T14:01:39.900307+00:00,2026-07-05T14:01:39.900222,2,2,154.3,0.4,154.1,100,154.0,150,,,,,,,,,,,,,,,,,154.5,150,154.6,100,,,,,,,,,,,,,,,,
2026-07-05T14:01:40.031219+00:00,2026-07-05T14:01:40.025445,2,2,154.3,0.4,154.1,100,154.0,150,,,,,,,,,,,,,,,,,154.5,147,154.6,100,,,,,,,,,,,,,,,,
2026-07-05T14:01:40.884760+00:00,2026-07-05T14:01:40.884659,1,1,154.25,0.5,154.0,150,,,,,,,,,,,,,,,,,,,154.5,147,,,,,,,,,,,,,,,,,,
2026-07-05T14:01:40.939152+00:00,2026-07-05T14:01:40.939075,2,1,154.45,0.1,154.4,100,154.0,150,,,,,,,,,,,,,,,,,154.5,147,,,,,,,,,,,,,,,,,,
2026-07-05T14:01:40.995093+00:00,2026-07-05T14:01:40.995024,2,2,154.45,0.1,154.4,100,154.0,150,,,,,,,,,,,,,,,,,154.5,147,154.9,100,,,,,,,,,,,,,,,,
2026-07-05T14:01:41.531763+00:00,2026-07-05T14:01:41.531694,2,2,154.45,0.1,154.4,100,154.0,150,,,,,,,,,,,,,,,,,154.5,103,154.9,100,,,,,,,,,,,,,,,,
2026-07-05T14:01:41.781035+00:00,2026-07-05T14:01:41.781005,2,2,154.45,0.1,154.4,50,154.0,150,,,,,,,,,,,,,,,,,154.5,103,154.9,100,,,,,,,,,,,,,,,,
2026-07-05T14:01:42.950293+00:00,2026-07-05T14:01:42.950436,2,1,154.65,0.5,154.4,50,154.0,150,,,,,,,,,,,,,,,,,154.9,100,,,,,,,,,,,,,,,,,,
2026-07-05T14:01:42.955646+00:00,2026-07-05T14:01:42.955578,1,1,154.65,0.5,154.4,50,,,,,,,,,,,,,,,,,,,154.9,100,,,,,,,,,,,,,,,,,,
2026-07-05T14:01:43.009106+00:00,2026-07-05T14:01:43.009063,2,1,154.65,0.5,154.4,50,154.2,150,,,,,,,,,,,,,,,,,154.9,100,,,,,,,,,,,,,,,,,,
2026-07-05T14:01:43.056842+00:00,2026-07-05T14:01:43.056927,2,2,154.55,0.3,154.4,50,154.2,150,,,,,,,,,,,,,,,,,154.7,150,154.9,100,,,,,,,,,,,,,,,,
2026-07-05T14:01:43.508601+00:00,2026-07-05T14:01:43.508742,2,2,154.55,0.3,154.4,50,154.2,150,,,,,,,,,,,,,,,,,154.7,104,154.9,100,,,,,,,,,,,,,,,,
2026-07-05T14:01:43.915669+00:00,2026-07-05T14:01:43.915533,1,2,154.45,0.5,154.2,150,,,,,,,,,,,,,,,,,,,154.7,104,154.9,100,,,,,,,,,,,,,,,,
2026-07-05T14:01:44.051973+00:00,2026-07-05T14:01:44.051856,1,1,154.45,0.5,154.2,150,,,,,,,,,,,,,,,,,,,154.7,104,,,,,,,,,,,,,,,,,,
2026-07-05T14:01:44.104139+00:00,2026-07-05T14:01:44.104072,2,1,154.45,0.5,154.2,150,154.0,100,,,,,,,,,,,,,,,,,154.7,104,,,,,,,,,,,,,,,,,,
2026-07-05T14:01:44.158533+00:00,2026-07-05T14:01:44.153876,2,2,154.35,0.3,154.2,150,154.0,100,,,,,,,,,,,,,,,,,154.5,100,154.7,104,,,,,,,,,,,,,,,,
2026-07-05T14:01:45.971602+00:00,2026-07-05T14:01:45.971467,2,2,154.35,0.3,154.2,150,154.0,100,,,,,,,,,,,,,,,,,154.5,50,154.7,104,,,,,,,,,,,,,,,,
2026-07-05T14:01:46.110746+00:00,2026-07-05T14:01:46.110678,2,1,154.35,0.3,154.2,150,154.0,100,,,,,,,,,,,,,,,,,154.5,50,,,,,,,,,,,,,,,,,,
2026-07-05T14:01:46.115881+00:00,2026-07-05T14:01:46.115825,1,1,154.25,0.5,154.0,100,,,,,,,,,,,,,,,,,,,154.5,50,,,,,,,,,,,,,,,,,,
2026-07-05T14:01:46.168919+00:00,2026-07-05T14:01:46.168838,2,0,,,154.5,100,154.0,100,,,,,,,,,,,,,,,,,,,,,,,,,,,,,,,,,,,,
2026-07-05T14:01:46.222642+00:00,2026-07-05T14:01:46.222605,2,1,154.7,0.4,154.5,100,154.0,100,,,,,,,,,,,,,,,,,154.9,150,,,,,,,,,,,,,,,,,,
2026-07-05T14:01:47.210137+00:00,2026-07-05T14:01:47.210010,1,1,154.7,0.4,154.5,100,,,,,,,,,,,,,,,,,,,154.9,150,,,,,,,,,,,,,,,,,,
2026-07-05T14:01:47.258563+00:00,2026-07-05T14:01:47.255931,1,1,154.7,0.4,154.5,200,,,,,,,,,,,,,,,,,,,154.9,150,,,,,,,,,,,,,,,,,,
2026-07-05T14:01:47.314275+00:00,2026-07-05T14:01:47.314161,1,2,154.7,0.4,154.5,200,,,,,,,,,,,,,,,,,,,154.9,150,155.0,100,,,,,,,,,,,,,,,,
2026-07-05T14:01:47.914921+00:00,2026-07-05T14:01:47.914883,1,2,154.7,0.4,154.5,153,,,,,,,,,,,,,,,,,,,154.9,150,155.0,100,,,,,,,,,,,,,,,,
2026-07-05T14:01:48.131920+00:00,2026-07-05T14:01:48.131752,1,2,154.7,0.4,154.5,103,,,,,,,,,,,,,,,,,,,154.9,150,155.0,100,,,,,,,,,,,,,,,,
2026-07-05T14:01:49.278781+00:00,2026-07-05T14:01:49.278731,1,1,154.75,0.5,154.5,100,,,,,,,,,,,,,,,,,,,155.0,100,,,,,,,,,,,,,,,,,,
2026-07-05T14:01:49.333957+00:00,2026-07-05T14:01:49.333884,2,1,154.75,0.5,154.5,100,153.8,150,,,,,,,,,,,,,,,,,155.0,100,,,,,,,,,,,,,,,,,,
2026-07-05T14:01:49.387073+00:00,2026-07-05T14:01:49.387201,1,2,154.05,0.5,153.8,150,,,,,,,,,,,,,,,,,,,154.3,50,155.0,100,,,,,,,,,,,,,,,,
2026-07-05T14:01:49.397628+00:00,2026-07-05T14:01:49.391497,1,2,154.05,0.5,153.8,150,,,,,,,,,,,,,,,,,,,154.3,27,155.0,100,,,,,,,,,,,,,,,,
2026-07-05T14:01:49.468878+00:00,2026-07-05T14:01:49.468784,1,1,154.4,1.2,153.8,150,,,,,,,,,,,,,,,,,,,155.0,100,,,,,,,,,,,,,,,,,,
2026-07-05T14:01:50.099425+00:00,2026-07-05T14:01:50.099340,1,1,154.4,1.2,153.8,104,,,,,,,,,,,,,,,,,,,155.0,100,,,,,,,,,,,,,,,,,,
2026-07-05T14:01:50.371750+00:00,2026-07-05T14:01:50.371634,1,0,,,153.8,104,,,,,,,,,,,,,,,,,,,,,,,,,,,,,,,,,,,,,,
2026-07-05T14:01:50.424308+00:00,2026-07-05T14:01:50.424225,2,0,,,154.0,100,153.8,104,,,,,,,,,,,,,,,,,,,,,,,,,,,,,,,,,,,,
2026-07-05T14:01:50.477199+00:00,2026-07-05T14:01:50.477037,2,1,154.25,0.5,154.0,100,153.8,104,,,,,,,,,,,,,,,,,154.5,100,,,,,,,,,,,,,,,,,,
2026-07-05T14:01:52.292194+00:00,2026-07-05T14:01:52.292137,2,1,154.25,0.5,154.0,100,153.8,104,,,,,,,,,,,,,,,,,154.5,50,,,,,,,,,,,,,,,,,,
2026-07-05T14:01:52.342594+00:00,2026-07-05T14:01:52.342725,2,1,154.25,0.5,154.0,100,153.8,104,,,,,,,,,,,,,,,,,154.5,6,,,,,,,,,,,,,,,,,,
2026-07-05T14:01:52.443898+00:00,2026-07-05T14:01:52.443750,1,1,154.25,0.5,154.0,100,,,,,,,,,,,,,,,,,,,154.5,6,,,,,,,,,,,,,,,,,,
2026-07-05T14:01:52.497056+00:00,2026-07-05T14:01:52.496913,2,1,154.3,0.4,154.1,150,154.0,100,,,,,,,,,,,,,,,,,154.5,6,,,,,,,,,,,,,,,,,,
2026-07-05T14:01:52.551555+00:00,2026-07-05T14:01:52.551480,2,2,154.3,0.4,154.1,150,154.0,100,,,,,,,,,,,,,,,,,154.5,6,154.6,150,,,,,,,,,,,,,,,,
2026-07-05T14:01:52.884960+00:00,2026-07-05T14:01:52.884908,2,2,154.3,0.4,154.1,103,154.0,100,,,,,,,,,,,,,,,,,154.5,6,154.6,150,,,,,,,,,,,,,,,,
2026-07-05T14:01:53.532285+00:00,2026-07-05T14:01:53.532217,1,1,154.35,0.5,154.1,103,,,,,,,,,,,,,,,,,,,154.6,150,,,,,,,,,,,,,,,,,,
2026-07-05T14:01:53.584552+00:00,2026-07-05T14:01:53.584419,2,1,154.4,0.4,154.2,100,154.1,103,,,,,,,,,,,,,,,,,154.6,150,,,,,,,,,,,,,,,,,,
2026-07-05T14:01:53.638406+00:00,2026-07-05T14:01:53.638260,2,2,154.4,0.4,154.2,100,154.1,103,,,,,,,,,,,,,,,,,154.6,150,154.7,100,,,,,,,,,,,,,,,,
2026-07-05T14:01:54.399703+00:00,2026-07-05T14:01:54.399639,2,2,154.4,0.4,154.2,100,154.1,103,,,,,,,,,,,,,,,,,154.6,100,154.7,100,,,,,,,,,,,,,,,,
2026-07-05T14:01:55.604703+00:00,2026-07-05T14:01:55.604879,1,1,154.45,0.5,154.2,100,,,,,,,,,,,,,,,,,,,154.7,100,,,,,,,,,,,,,,,,,,
2026-07-05T14:01:55.658648+00:00,2026-07-05T14:01:55.656486,2,1,154.45,0.5,154.2,100,153.9,150,,,,,,,,,,,,,,,,,154.7,100,,,,,,,,,,,,,,,,,,
2026-07-05T14:01:55.719856+00:00,2026-07-05T14:01:55.719723,2,2,154.3,0.2,154.2,100,153.9,150,,,,,,,,,,,,,,,,,154.4,150,154.7,100,,,,,,,,,,,,,,,,
2026-07-05T14:01:56.506060+00:00,2026-07-05T14:01:56.506006,2,2,154.3,0.2,154.2,100,153.9,150,,,,,,,,,,,,,,,,,154.4,100,154.7,100,,,,,,,,,,,,,,,,
2026-07-05T14:01:56.689437+00:00,2026-07-05T14:01:56.689338,1,1,154.15,0.5,153.9,150,,,,,,,,,,,,,,,,,,,154.4,100,,,,,,,,,,,,,,,,,,
2026-07-05T14:01:56.743849+00:00,2026-07-05T14:01:56.743775,2,1,154.25,0.3,154.1,100,153.9,150,,,,,,,,,,,,,,,,,154.4,100,,,,,,,,,,,,,,,,,,
2026-07-05T14:01:56.798328+00:00,2026-07-05T14:01:56.798236,2,2,154.25,0.3,154.1,100,153.9,150,,,,,,,,,,,,,,,,,154.4,100,154.6,100,,,,,,,,,,,,,,,,
2026-07-05T14:01:57.017185+00:00,2026-07-05T14:01:57.017079,2,2,154.25,0.3,154.1,100,153.9,150,,,,,,,,,,,,,,,,,154.4,54,154.6,100,,,,,,,,,,,,,,,,
2026-07-05T14:01:57.969065+00:00,2026-07-05T14:01:57.968952,2,2,154.25,0.3,154.1,100,153.9,150,,,,,,,,,,,,,,,,,154.4,10,154.6,100,,,,,,,,,,,,,,,,
2026-07-05T14:01:58.021374+00:00,2026-07-05T14:01:58.021504,2,2,154.25,0.3,154.1,59,153.9,150,,,,,,,,,,,,,,,,,154.4,10,154.6,100,,,,,,,,,,,,,,,,
2026-07-05T14:01:58.669148+00:00,2026-07-05T14:01:58.669094,2,2,154.25,0.3,154.1,9,153.9,150,,,,,,,,,,,,,,,,,154.4,10,154.6,100,,,,,,,,,,,,,,,,
2026-07-05T14:01:58.771765+00:00,2026-07-05T14:01:58.771656,2,1,154.35,0.5,154.1,9,153.9,150,,,,,,,,,,,,,,,,,154.6,100,,,,,,,,,,,,,,,,,,
2026-07-05T14:01:58.776922+00:00,2026-07-05T14:01:58.776828,1,1,154.35,0.5,154.1,9,,,,,,,,,,,,,,,,,,,154.6,100,,,,,,,,,,,,,,,,,,
2026-07-05T14:01:58.839495+00:00,2026-07-05T14:01:58.832184,2,1,154.55,0.1,154.5,124,154.1,9,,,,,,,,,,,,,,,,,154.6,100,,,,,,,,,,,,,,,,,,
2026-07-05T14:01:58.881677+00:00,2026-07-05T14:01:58.881598,2,2,154.55,0.1,154.5,124,154.1,9,,,,,,,,,,,,,,,,,154.6,100,155.0,150,,,,,,,,,,,,,,,,
2026-07-05T14:01:59.853227+00:00,2026-07-05T14:01:59.853082,1,1,154.75,0.5,154.5,124,,,,,,,,,,,,,,,,,,,155.0,150,,,,,,,,,,,,,,,,,,
2026-07-05T14:01:59.904706+00:00,2026-07-05T14:01:59.904664,2,1,154.75,0.5,154.5,124,153.8,100,,,,,,,,,,,,,,,,,155.0,150,,,,,,,,,,,,,,,,,,
2026-07-05T14:01:59.958599+00:00,2026-07-05T14:01:59.955298,2,1,154.75,0.5,154.5,24,153.8,100,,,,,,,,,,,,,,,,,155.0,150,,,,,,,,,,,,,,,,,,
2026-07-05T14:02:00.777902+00:00,2026-07-05T14:02:00.778072,1,1,154.4,1.2,153.8,74,,,,,,,,,,,,,,,,,,,155.0,150,,,,,,,,,,,,,,,,,,
2026-07-05T14:02:01.937955+00:00,2026-07-05T14:02:01.937865,1,0,,,153.8,74,,,,,,,,,,,,,,,,,,,,,,,,,,,,,,,,,,,,,,
2026-07-05T14:02:01.989919+00:00,2026-07-05T14:02:01.989879,2,0,,,154.0,150,153.8,74,,,,,,,,,,,,,,,,,,,,,,,,,,,,,,,,,,,,
2026-07-05T14:02:02.043204+00:00,2026-07-05T14:02:02.043100,2,1,154.25,0.5,154.0,150,153.8,74,,,,,,,,,,,,,,,,,154.5,150,,,,,,,,,,,,,,,,,,
2026-07-05T14:02:02.886832+00:00,2026-07-05T14:02:02.886758,2,1,154.25,0.5,154.0,100,153.8,74,,,,,,,,,,,,,,,,,154.5,150,,,,,,,,,,,,,,,,,,
2026-07-05T14:02:03.012903+00:00,2026-07-05T14:02:03.012833,1,1,154.25,0.5,154.0,100,,,,,,,,,,,,,,,,,,,154.5,150,,,,,,,,,,,,,,,,,,
2026-07-05T14:02:03.069070+00:00,2026-07-05T14:02:03.069014,2,1,154.4,0.2,154.3,100,154.0,100,,,,,,,,,,,,,,,,,154.5,150,,,,,,,,,,,,,,,,,,
2026-07-05T14:02:03.124465+00:00,2026-07-05T14:02:03.124325,2,2,154.4,0.2,154.3,100,154.0,100,,,,,,,,,,,,,,,,,154.5,150,154.7,100,,,,,,,,,,,,,,,,
2026-07-05T14:02:03.295309+00:00,2026-07-05T14:02:03.295189,2,2,154.4,0.2,154.3,100,154.0,100,,,,,,,,,,,,,,,,,154.5,101,154.7,100,,,,,,,,,,,,,,,,
2026-07-05T14:02:03.350072+00:00,2026-07-05T14:02:03.349948,2,2,154.4,0.2,154.3,57,154.0,100,,,,,,,,,,,,,,,,,154.5,101,154.7,100,,,,,,,,,,,,,,,,
2026-07-05T14:02:04.994530+00:00,2026-07-05T14:02:04.994403,2,2,154.4,0.2,154.3,7,154.0,100,,,,,,,,,,,,,,,,,154.5,101,154.7,100,,,,,,,,,,,,,,,,
2026-07-05T14:02:05.108291+00:00,2026-07-05T14:02:05.108170,1,1,154.5,0.4,154.3,7,,,,,,,,,,,,,,,,,,,154.7,100,,,,,,,,,,,,,,,,,,
2026-07-05T14:02:05.158572+00:00,2026-07-05T14:02:05.158112,2,1,154.5,0.4,154.3,7,154.0,150,,,,,,,,,,,,,,,,,154.7,100,,,,,,,,,,,,,,,,,,
2026-07-05T14:02:05.216400+00:00,2026-07-05T14:02:05.216370,2,2,154.4,0.2,154.3,7,154.0,150,,,,,,,,,,,,,,,,,154.5,150,154.7,100,,,,,,,,,,,,,,,,
2026-07-05T14:02:06.180654+00:00,2026-07-05T14:02:06.180518,1,1,154.25,0.5,154.0,150,,,,,,,,,,,,,,,,,,,154.5,150,,,,,,,,,,,,,,,,,,
2026-07-05T14:02:06.234742+00:00,2026-07-05T14:02:06.234543,1,1,154.25,0.5,154.0,250,,,,,,,,,,,,,,,,,,,154.5,150,,,,,,,,,,,,,,,,,,
2026-07-05T14:02:06.287901+00:00,2026-07-05T14:02:06.288046,1,1,154.25,0.5,154.0,250,,,,,,,,,,,,,,,,,,,154.5,250,,,,,,,,,,,,,,,,,,
2026-07-05T14:02:07.099916+00:00,2026-07-05T14:02:07.099990,1,1,154.25,0.5,154.0,200,,,,,,,,,,,,,,,,,,,154.5,250,,,,,,,,,,,,,,,,,,
2026-07-05T14:02:07.570355+00:00,2026-07-05T14:02:07.563350,1,1,154.25,0.5,154.0,200,,,,,,,,,,,,,,,,,,,154.5,247,,,,,,,,,,,,,,,,,,
2026-07-05T14:02:08.158586+00:00,2026-07-05T14:02:08.152558,1,1,154.25,0.5,154.0,200,,,,,,,,,,,,,,,,,,,154.5,203,,,,,,,,,,,,,,,,,,
2026-07-05T14:02:08.209277+00:00,2026-07-05T14:02:08.209140,1,1,154.25,0.5,154.0,159,,,,,,,,,,,,,,,,,,,154.5,203,,,,,,,,,,,,,,,,,,
2026-07-05T14:02:08.265349+00:00,2026-07-05T14:02:08.265299,1,1,154.25,0.5,154.0,159,,,,,,,,,,,,,,,,,,,154.5,100,,,,,,,,,,,,,,,,,,
2026-07-05T14:02:08.270487+00:00,2026-07-05T14:02:08.270456,1,1,154.25,0.5,154.0,100,,,,,,,,,,,,,,,,,,,154.5,100,,,,,,,,,,,,,,,,,,
2026-07-05T14:02:08.323799+00:00,2026-07-05T14:02:08.323751,2,1,154.3,0.4,154.1,150,154.0,100,,,,,,,,,,,,,,,,,154.5,100,,,,,,,,,,,,,,,,,,
2026-07-05T14:02:08.375985+00:00,2026-07-05T14:02:08.375904,2,2,154.3,0.4,154.1,150,154.0,100,,,,,,,,,,,,,,,,,154.5,100,154.6,150,,,,,,,,,,,,,,,,
2026-07-05T14:02:09.158672+00:00,2026-07-05T14:02:09.156005,2,2,154.3,0.4,154.1,150,154.0,100,,,,,,,,,,,,,,,,,154.5,50,154.6,150,,,,,,,,,,,,,,,,
2026-07-05T14:02:09.358742+00:00,2026-07-05T14:02:09.352631,1,1,154.35,0.5,154.1,150,,,,,,,,,,,,,,,,,,,154.6,150,,,,,,,,,,,,,,,,,,
2026-07-05T14:02:09.413022+00:00,2026-07-05T14:02:09.412932,2,1,154.4,0.4,154.2,100,154.1,150,,,,,,,,,,,,,,,,,154.6,150,,,,,,,,,,,,,,,,,,
2026-07-05T14:02:09.468954+00:00,2026-07-05T14:02:09.468859,2,2,154.4,0.4,154.2,100,154.1,150,,,,,,,,,,,,,,,,,154.6,150,154.7,100,,,,,,,,,,,,,,,,
2026-07-05T14:02:11.272174+00:00,2026-07-05T14:02:11.272307,2,2,154.4,0.4,154.2,60,154.1,150,,,,,,,,,,,,,,,,,154.6,150,154.7,100,,,,,,,,,,,,,,,,
2026-07-05T14:02:11.314395+00:00,2026-07-05T14:02:11.314320,2,2,154.4,0.4,154.2,10,154.1,150,,,,,,,,,,,,,,,,,154.6,150,154.7,100,,,,,,,,,,,,,,,,
2026-07-05T14:02:11.469346+00:00,2026-07-05T14:02:11.469079,1,1,154.45,0.5,154.2,10,,,,,,,,,,,,,,,,,,,154.7,100,,,,,,,,,,,,,,,,,,
2026-07-05T14:02:11.563716+00:00,2026-07-05T14:02:11.564395,2,2,154.25,0.1,154.2,10,153.8,150,,,,,,,,,,,,,,,,,154.3,150,154.7,100,,,,,,,,,,,,,,,,
2026-07-05T14:02:12.534126+00:00,2026-07-05T14:02:12.534325,2,1,154.25,0.1,154.2,10,153.8,150,,,,,,,,,,,,,,,,,154.3,150,,,,,,,,,,,,,,,,,,
2026-07-05T14:02:12.539586+00:00,2026-07-05T14:02:12.539486,1,1,154.05,0.5,153.8,150,,,,,,,,,,,,,,,,,,,154.3,150,,,,,,,,,,,,,,,,,,
2026-07-05T14:02:12.590068+00:00,2026-07-05T14:02:12.589996,1,1,154.05,0.5,153.8,250,,,,,,,,,,,,,,,,,,,154.3,150,,,,,,,,,,,,,,,,,,
2026-07-05T14:02:12.648087+00:00,2026-07-05T14:02:12.648004,1,1,154.05,0.5,153.8,250,,,,,,,,,,,,,,,,,,,154.3,250,,,,,,,,,,,,,,,,,,
2026-07-05T14:02:13.421358+00:00,2026-07-05T14:02:13.421271,1,1,154.05,0.5,153.8,200,,,,,,,,,,,,,,,,,,,154.3,250,,,,,,,,,,,,,,,,,,
2026-07-05T14:02:14.589625+00:00,2026-07-05T14:02:14.589818,1,1,154.05,0.5,153.8,200,,,,,,,,,,,,,,,,,,,154.3,100,,,,,,,,,,,,,,,,,,
2026-07-05T14:02:14.594893+00:00,2026-07-05T14:02:14.594968,1,1,154.05,0.5,153.8,100,,,,,,,,,,,,,,,,,,,154.3,100,,,,,,,,,,,,,,,,,,
2026-07-05T14:02:14.646963+00:00,2026-07-05T14:02:14.646847,2,1,154.05,0.5,153.8,100,153.6,150,,,,,,,,,,,,,,,,,154.3,100,,,,,,,,,,,,,,,,,,
2026-07-05T14:02:14.705567+00:00,2026-07-05T14:02:14.699358,2,2,153.95,0.3,153.8,100,153.6,150,,,,,,,,,,,,,,,,,154.1,139,154.3,100,,,,,,,,,,,,,,,,
2026-07-05T14:02:14.877002+00:00,2026-07-05T14:02:14.871104,2,2,153.95,0.3,153.8,100,153.6,150,,,,,,,,,,,,,,,,,154.1,127,154.3,100,,,,,,,,,,,,,,,,
2026-07-05T14:02:15.703668+00:00,2026-07-05T14:02:15.703593,1,1,153.85,0.5,153.6,150,,,,,,,,,,,,,,,,,,,154.1,127,,,,,,,,,,,,,,,,,,
2026-07-05T14:02:15.758611+00:00,2026-07-05T14:02:15.753994,2,1,153.95,0.3,153.8,100,153.6,150,,,,,,,,,,,,,,,,,154.1,127,,,,,,,,,,,,,,,,,,
2026-07-05T14:02:15.812050+00:00,2026-07-05T14:02:15.812225,2,2,153.95,0.3,153.8,100,153.6,150,,,,,,,,,,,,,,,,,154.1,127,154.3,100,,,,,,,,,,,,,,,,
2026-07-05T14:02:17.401659+00:00,2026-07-05T14:02:17.401522,2,2,153.95,0.3,153.8,100,153.6,150,,,,,,,,,,,,,,,,,154.1,80,154.3,100,,,,,,,,,,,,,,,,
2026-07-05T14:02:17.632488+00:00,2026-07-05T14:02:17.632419,2,2,153.95,0.3,153.8,50,153.6,150,,,,,,,,,,,,,,,,,154.1,80,154.3,100,,,,,,,,,,,,,,,,
2026-07-05T14:02:17.758644+00:00,2026-07-05T14:02:17.753641,1,1,154.05,0.5,153.8,50,,,,,,,,,,,,,,,,,,,154.3,100,,,,,,,,,,,,,,,,,,
2026-07-05T14:02:17.808264+00:00,2026-07-05T14:02:17.808159,2,1,154.1,0.4,153.9,150,153.8,50,,,,,,,,,,,,,,,,,154.3,100,,,,,,,,,,,,,,,,,,
2026-07-05T14:02:17.855414+00:00,2026-07-05T14:02:17.855337,2,1,154.1,0.4,153.9,150,153.8,50,,,,,,,,,,,,,,,,,154.3,250,,,,,,,,,,,,,,,,,,
2026-07-05T14:02:18.858637+00:00,2026-07-05T14:02:18.857735,2,1,154.1,0.4,153.9,150,153.8,50,,,,,,,,,,,,,,,,,154.3,150,,,,,,,,,,,,,,,,,,
2026-07-05T14:02:18.863736+00:00,2026-07-05T14:02:18.863687,1,1,154.1,0.4,153.9,150,,,,,,,,,,,,,,,,,,,154.3,150,,,,,,,,,,,,,,,,,,
2026-07-05T14:02:18.920736+00:00,2026-07-05T14:02:18.920676,2,1,154.1,0.4,153.9,150,153.6,100,,,,,,,,,,,,,,,,,154.3,150,,,,,,,,,,,,,,,,,,
2026-07-05T14:02:18.974261+00:00,2026-07-05T14:02:18.974153,2,2,154.0,0.2,153.9,150,153.6,100,,,,,,,,,,,,,,,,,154.1,100,154.3,150,,,,,,,,,,,,,,,,
2026-07-05T14:02:19.741410+00:00,2026-07-05T14:02:19.741569,2,2,154.0,0.2,153.9,100,153.6,100,,,,,,,,,,,,,,,,,154.1,100,154.3,150,,,,,,,,,,,,,,,,
2026-07-05T14:02:20.914778+00:00,2026-07-05T14:02:20.914658,1,1,153.85,0.5,153.6,100,,,,,,,,,,,,,,,,,,,154.1,100,,,,,,,,,,,,,,,,,,
2026-07-05T14:02:20.969005+00:00,2026-07-05T14:02:20.968898,2,1,153.9,0.4,153.7,150,153.6,100,,,,,,,,,,,,,,,,,154.1,100,,,,,,,,,,,,,,,,,,
2026-07-05T14:02:21.022043+00:00,2026-07-05T14:02:21.022143,2,2,153.9,0.4,153.7,150,153.6,100,,,,,,,,,,,,,,,,,154.1,100,154.2,150,,,,,,,,,,,,,,,,
2026-07-05T14:02:21.471178+00:00,2026-07-05T14:02:21.465615,2,2,153.9,0.4,153.7,150,153.6,100,,,,,,,,,,,,,,,,,154.1,89,154.2,150,,,,,,,,,,,,,,,,
2026-07-05T14:02:21.849074+00:00,2026-07-05T14:02:21.848990,2,2,153.9,0.4,153.7,100,153.6,100,,,,,,,,,,,,,,,,,154.1,89,154.2,150,,,,,,,,,,,,,,,,
2026-07-05T14:02:22.029397+00:00,2026-07-05T14:02:22.029333,2,1,153.95,0.5,153.7,100,153.6,100,,,,,,,,,,,,,,,,,154.2,150,,,,,,,,,,,,,,,,,,
2026-07-05T14:02:22.034527+00:00,2026-07-05T14:02:22.034503,1,1,153.95,0.5,153.7,100,,,,,,,,,,,,,,,,,,,154.2,150,,,,,,,,,,,,,,,,,,
2026-07-05T14:02:22.085915+00:00,2026-07-05T14:02:22.085821,1,1,153.95,0.5,153.7,200,,,,,,,,,,,,,,,,,,,154.2,150,,,,,,,,,,,,,,,,,,
2026-07-05T14:02:22.146152+00:00,2026-07-05T14:02:22.146125,1,1,153.95,0.5,153.7,200,,,,,,,,,,,,,,,,,,,154.2,250,,,,,,,,,,,,,,,,,,
2026-07-05T14:02:24.076316+00:00,2026-07-05T14:02:24.076489,1,1,153.95,0.5,153.7,100,,,,,,,,,,,,,,,,,,,154.2,100,,,,,,,,,,,,,,,,,,
2026-07-05T14:02:24.131106+00:00,2026-07-05T14:02:24.131072,2,1,154.0,0.4,153.8,150,153.7,100,,,,,,,,,,,,,,,,,154.2,100,,,,,,,,,,,,,,,,,,
2026-07-05T14:02:24.184232+00:00,2026-07-05T14:02:24.184108,2,1,154.0,0.4,153.8,150,153.7,100,,,,,,,,,,,,,,,,,154.2,250,,,,,,,,,,,,,,,,,,
2026-07-05T14:02:25.119430+00:00,2026-07-05T14:02:25.111499,2,1,154.0,0.4,153.8,150,153.7,100,,,,,,,,,,,,,,,,,154.2,238,,,,,,,,,,,,,,,,,,
2026-07-05T14:02:25.197758+00:00,2026-07-05T14:02:25.197738,1,1,154.0,0.4,153.8,150,,,,,,,,,,,,,,,,,,,154.2,150,,,,,,,,,,,,,,,,,,
2026-07-05T14:02:25.252823+00:00,2026-07-05T14:02:25.252751,2,1,154.1,0.2,154.0,100,153.8,150,,,,,,,,,,,,,,,,,154.2,150,,,,,,,,,,,,,,,,,,
2026-07-05T14:02:25.308736+00:00,2026-07-05T14:02:25.308636,2,2,154.1,0.2,154.0,100,153.8,150,,,,,,,,,,,,,,,,,154.2,150,154.5,100,,,,,,,,,,,,,,,,
2026-07-05T14:02:26.014200+00:00,2026-07-05T14:02:26.014303,2,2,154.1,0.2,154.0,100,153.8,150,,,,,,,,,,,,,,,,,154.2,100,154.5,100,,,,,,,,,,,,,,,,
2026-07-05T14:02:26.323832+00:00,2026-07-05T14:02:26.318176,2,2,154.1,0.2,154.0,100,153.8,150,,,,,,,,,,,,,,,,,154.2,89,154.5,100,,,,,,,,,,,,,,,,
2026-07-05T14:02:27.237711+00:00,2026-07-05T14:02:27.237831,1,1,154.25,0.5,154.0,100,,,,,,,,,,,,,,,,,,,154.5,100,,,,,,,,,,,,,,,,,,
2026-07-05T14:02:27.291525+00:00,2026-07-05T14:02:27.291431,2,1,154.35,0.3,154.2,150,154.0,100,,,,,,,,,,,,,,,,,154.5,100,,,,,,,,,,,,,,,,,,
2026-07-05T14:02:27.344740+00:00,2026-07-05T14:02:27.344661,2,2,154.35,0.3,154.2,150,154.0,100,,,,,,,,,,,,,,,,,154.5,100,154.7,150,,,,,,,,,,,,,,,,
2026-07-05T14:02:28.131487+00:00,2026-07-05T14:02:28.131381,2,2,154.35,0.3,154.2,150,154.0,100,,,,,,,,,,,,,,,,,154.5,50,154.7,150,,,,,,,,,,,,,,,,
2026-07-05T14:02:28.363934+00:00,2026-07-05T14:02:28.363886,1,1,154.45,0.5,154.2,150,,,,,,,,,,,,,,,,,,,154.7,150,,,,,,,,,,,,,,,,,,
2026-07-05T14:02:28.420047+00:00,2026-07-05T14:02:28.419895,1,1,154.45,0.5,154.2,150,,,,,,,,,,,,,,,,,,,154.7,50,,,,,,,,,,,,,,,,,,
2026-07-05T14:02:28.477539+00:00,2026-07-05T14:02:28.477463,1,2,154.45,0.5,154.2,150,,,,,,,,,,,,,,,,,,,154.7,50,155.2,100,,,,,,,,,,,,,,,,
2026-07-05T14:02:30.241978+00:00,2026-07-05T14:02:30.241851,1,1,154.7,1.0,154.2,150,,,,,,,,,,,,,,,,,,,155.2,100,,,,,,,,,,,,,,,,,,
2026-07-05T14:02:30.398646+00:00,2026-07-05T14:02:30.398616,0,1,,,,,,,,,,,,,,,,,,,,,,,155.2,100,,,,,,,,,,,,,,,,,,
2026-07-05T14:02:30.468495+00:00,2026-07-05T14:02:30.462598,1,1,155.1,0.2,155.0,104,,,,,,,,,,,,,,,,,,,155.2,100,,,,,,,,,,,,,,,,,,
2026-07-05T14:02:30.506233+00:00,2026-07-05T14:02:30.506184,1,2,155.1,0.2,155.0,104,,,,,,,,,,,,,,,,,,,155.2,100,155.5,150,,,,,,,,,,,,,,,,
2026-07-05T14:02:31.530738+00:00,2026-07-05T14:02:31.530709,1,1,155.25,0.5,155.0,104,,,,,,,,,,,,,,,,,,,155.5,150,,,,,,,,,,,,,,,,,,
2026-07-05T14:02:31.586220+00:00,2026-07-05T14:02:31.586078,2,1,155.25,0.5,155.0,104,154.2,100,,,,,,,,,,,,,,,,,155.5,150,,,,,,,,,,,,,,,,,,
2026-07-05T14:02:31.639461+00:00,2026-07-05T14:02:31.639668,2,1,155.25,0.5,155.0,4,154.2,100,,,,,,,,,,,,,,,,,155.5,150,,,,,,,,,,,,,,,,,,
2026-07-05T14:02:32.407145+00:00,2026-07-05T14:02:32.406997,1,1,154.85,1.3,154.2,54,,,,,,,,,,,,,,,,,,,155.5,150,,,,,,,,,,,,,,,,,,
2026-07-05T14:02:33.559468+00:00,2026-07-05T14:02:33.559362,1,0,,,154.2,54,,,,,,,,,,,,,,,,,,,,,,,,,,,,,,,,,,,,,,
2026-07-05T14:02:33.612878+00:00,2026-07-05T14:02:33.612756,2,0,,,154.5,150,154.2,54,,,,,,,,,,,,,,,,,,,,,,,,,,,,,,,,,,,,
2026-07-05T14:02:33.664886+00:00,2026-07-05T14:02:33.664979,2,1,154.75,0.5,154.5,150,154.2,54,,,,,,,,,,,,,,,,,155.0,150,,,,,,,,,,,,,,,,,,
2026-07-05T14:02:34.694289+00:00,2026-07-05T14:02:34.694229,1,1,154.75,0.5,154.5,150,,,,,,,,,,,,,,,,,,,155.0,150,,,,,,,,,,,,,,,,,,
2026-07-05T14:02:34.750609+00:00,2026-07-05T14:02:34.750420,1,1,154.75,0.5,154.5,250,,,,,,,,,,,,,,,,,,,155.0,150,,,,,,,,,,,,,,,,,,
2026-07-05T14:02:34.806665+00:00,2026-07-05T14:02:34.806553,1,1,154.75,0.5,154.5,250,,,,,,,,,,,,,,,,,,,155.0,250,,,,,,,,,,,,,,,,,,
2026-07-05T14:02:35.118976+00:00,2026-07-05T14:02:35.113211,1,1,154.75,0.5,154.5,250,,,,,,,,,,,,,,,,,,,155.0,238,,,,,,,,,,,,,,,,,,
2026-07-05T14:02:35.160598+00:00,2026-07-05T14:02:35.160754,1,1,154.75,0.5,154.5,250,,,,,,,,,,,,,,,,,,,155.0,195,,,,,,,,,,,,,,,,,,
2026-07-05T14:02:36.632072+00:00,2026-07-05T14:02:36.632033,1,1,154.75,0.5,154.5,200,,,,,,,,,,,,,,,,,,,155.0,195,,,,,,,,,,,,,,,,,,
2026-07-05T14:02:36.714438+00:00,2026-07-05T14:02:36.714313,1,1,154.75,0.5,154.5,200,,,,,,,,,,,,,,,,,,,155.0,100,,,,,,,,,,,,,,,,,,
2026-07-05T14:02:36.719684+00:00,2026-07-05T14:02:36.719472,1,1,154.75,0.5,154.5,100,,,,,,,,,,,,,,,,,,,155.0,100,,,,,,,,,,,,,,,,,,
2026-07-05T14:02:36.771724+00:00,2026-07-05T14:02:36.771864,2,1,154.9,0.2,154.8,150,154.5,100,,,,,,,,,,,,,,,,,155.0,100,,,,,,,,,,,,,,,,,,
2026-07-05T14:02:36.824694+00:00,2026-07-05T14:02:36.824660,2,2,154.9,0.2,154.8,150,154.5,100,,,,,,,,,,,,,,,,,155.0,100,155.3,150,,,,,,,,,,,,,,,,
2026-07-05T14:02:37.865774+00:00,2026-07-05T14:02:37.865887,1,1,155.05,0.5,154.8,150,,,,,,,,,,,,,,,,,,,155.3,150,,,,,,,,,,,,,,,,,,
2026-07-05T14:02:37.921076+00:00,2026-07-05T14:02:37.920965,2,1,155.05,0.5,154.8,150,154.5,100,,,,,,,,,,,,,,,,,155.3,150,,,,,,,,,,,,,,,,,,
2026-07-05T14:02:37.968840+00:00,2026-07-05T14:02:37.968801,2,2,154.9,0.2,154.8,150,154.5,100,,,,,,,,,,,,,,,,,155.0,100,155.3,150,,,,,,,,,,,,,,,,
2026-07-05T14:02:38.740626+00:00,2026-07-05T14:02:38.740759,2,2,154.9,0.2,154.8,100,154.5,100,,,,,,,,,,,,,,,,,155.0,100,155.3,150,,,,,,,,,,,,,,,,
2026-07-05T14:02:38.816999+00:00,2026-07-05T14:02:38.816867,2,2,154.9,0.2,154.8,56,154.5,100,,,,,,,,,,,,,,,,,155.0,100,155.3,150,,,,,,,,,,,,,,,,
2026-07-05T14:02:39.432150+00:00,2026-07-05T14:02:39.432018,2,2,154.9,0.2,154.8,56,154.5,100,,,,,,,,,,,,,,,,,155.0,60,155.3,150,,,,,,,,,,,,,,,,
2026-07-05T14:02:39.880326+00:00,2026-07-05T14:02:39.880289,1,1,154.75,0.5,154.5,100,,,,,,,,,,,,,,,,,,,155.0,60,,,,,,,,,,,,,,,,,,
2026-07-05T14:02:39.936020+00:00,2026-07-05T14:02:39.935913,2,1,154.75,0.5,154.5,100,154.3,150,,,,,,,,,,,,,,,,,155.0,60,,,,,,,,,,,,,,,,,,
2026-07-05T14:02:40.000774+00:00,2026-07-05T14:02:39.993688,2,2,154.65,0.3,154.5,100,154.3,150,,,,,,,,,,,,,,,,,154.8,127,155.0,60,,,,,,,,,,,,,,,,
2026-07-05T14:02:40.876248+00:00,2026-07-05T14:02:40.876227,2,2,154.65,0.3,154.5,50,154.3,150,,,,,,,,,,,,,,,,,154.8,127,155.0,60,,,,,,,,,,,,,,,,
2026-07-05T14:02:41.027277+00:00,2026-07-05T14:02:41.027149,1,1,154.55,0.5,154.3,150,,,,,,,,,,,,,,,,,,,154.8,127,,,,,,,,,,,,,,,,,,
2026-07-05T14:02:41.077476+00:00,2026-07-05T14:02:41.077369,2,1,154.65,0.3,154.5,100,154.3,150,,,,,,,,,,,,,,,,,154.8,127,,,,,,,,,,,,,,,,,,
2026-07-05T14:02:41.131585+00:00,2026-07-05T14:02:41.131514,2,2,154.65,0.3,154.5,100,154.3,150,,,,,,,,,,,,,,,,,154.8,127,155.0,100,,,,,,,,,,,,,,,,
2026-07-05T14:02:41.609971+00:00,2026-07-05T14:02:41.609889,2,2,154.65,0.3,154.5,52,154.3,150,,,,,,,,,,,,,,,,,154.8,127,155.0,100,,,,,,,,,,,,,,,,
2026-07-05T14:02:42.983345+00:00,2026-07-05T14:02:42.975969,2,2,154.65,0.3,154.5,52,154.3,150,,,,,,,,,,,,,,,,,154.8,116,155.0,100,,,,,,,,,,,,,,,,
2026-07-05T14:02:43.044074+00:00,2026-07-05T14:02:43.043957,1,1,154.75,0.5,154.5,52,,,,,,,,,,,,,,,,,,,155.0,100,,,,,,,,,,,,,,,,,,
2026-07-05T14:02:43.100368+00:00,2026-07-05T14:02:43.100178,2,1,154.8,0.4,154.6,150,154.5,52,,,,,,,,,,,,,,,,,155.0,100,,,,,,,,,,,,,,,,,,
2026-07-05T14:02:43.158675+00:00,2026-07-05T14:02:43.150267,2,2,154.8,0.4,154.6,150,154.5,52,,,,,,,,,,,,,,,,,155.0,100,155.1,150,,,,,,,,,,,,,,,,
2026-07-05T14:02:43.956378+00:00,2026-07-05T14:02:43.956545,2,2,154.8,0.4,154.6,150,154.5,52,,,,,,,,,,,,,,,,,155.0,59,155.1,150,,,,,,,,,,,,,,,,
2026-07-05T14:02:44.187363+00:00,2026-07-05T14:02:44.187543,1,1,154.85,0.5,154.6,150,,,,,,,,,,,,,,,,,,,155.1,150,,,,,,,,,,,,,,,,,,
2026-07-05T14:02:44.238019+00:00,2026-07-05T14:02:44.237959,2,1,154.9,0.4,154.7,100,154.6,150,,,,,,,,,,,,,,,,,155.1,150,,,,,,,,,,,,,,,,,,
2026-07-05T14:02:44.291879+00:00,2026-07-05T14:02:44.291749,2,2,154.9,0.4,154.7,100,154.6,150,,,,,,,,,,,,,,,,,155.1,150,155.2,100,,,,,,,,,,,,,,,,
2026-07-05T14:02:44.495130+00:00,2026-07-05T14:02:44.495044,2,2,154.9,0.4,154.7,57,154.6,150,,,,,,,,,,,,,,,,,155.1,150,155.2,100,,,,,,,,,,,,,,,,
2026-07-05T14:02:46.187006+00:00,2026-07-05T14:02:46.186898,2,2,154.9,0.4,154.7,57,154.6,150,,,,,,,,,,,,,,,,,155.1,102,155.2,100,,,,,,,,,,,,,,,,
2026-07-05T14:02:46.207826+00:00,2026-07-05T14:02:46.207766,1,1,154.95,0.5,154.7,57,,,,,,,,,,,,,,,,,,,155.2,100,,,,,,,,,,,,,,,,,,
2026-07-05T14:02:46.259111+00:00,2026-07-05T14:02:46.259069,1,1,154.95,0.5,154.7,207,,,,,,,,,,,,,,,,,,,155.2,100,,,,,,,,,,,,,,,,,,
2026-07-05T14:02:46.315082+00:00,2026-07-05T14:02:46.314992,1,1,154.95,0.5,154.7,207,,,,,,,,,,,,,,,,,,,155.2,250,,,,,,,,,,,,,,,,,,
2026-07-05T14:02:47.150565+00:00,2026-07-05T14:02:47.150532,1,1,154.95,0.5,154.7,207,,,,,,,,,,,,,,,,,,,155.2,200,,,,,,,,,,,,,,,,,,
2026-07-05T14:02:47.346781+00:00,2026-07-05T14:02:47.346905,1,1,154.95,0.5,154.7,150,,,,,,,,,,,,,,,,,,,155.2,150,,,,,,,,,,,,,,,,,,
2026-07-05T14:02:47.396326+00:00,2026-07-05T14:02:47.396300,2,1,154.95,0.5,154.7,150,154.6,100,,,,,,,,,,,,,,,,,155.2,150,,,,,,,,,,,,,,,,,,
2026-07-05T14:02:47.458611+00:00,2026-07-05T14:02:47.445566,2,2,154.9,0.4,154.7,150,154.6,100,,,,,,,,,,,,,,,,,155.1,100,155.2,150,,,,,,,,,,,,,,,,
2026-07-05T14:02:48.555291+00:00,2026-07-05T14:02:48.555242,2,2,154.9,0.4,154.7,104,154.6,100,,,,,,,,,,,,,,,,,155.1,100,155.2,150,,,,,,,,,,,,,,,,
2026-07-05T14:02:49.261993+00:00,2026-07-05T14:02:49.261941,2,2,154.9,0.4,154.7,104,154.6,100,,,,,,,,,,,,,,,,,155.1,50,155.2,150,,,,,,,,,,,,,,,,
2026-07-05T14:02:49.369968+00:00,2026-07-05T14:02:49.369912,1,1,154.85,0.5,154.6,100,,,,,,,,,,,,,,,,,,,155.1,50,,,,,,,,,,,,,,,,,,
2026-07-05T14:02:49.424307+00:00,2026-07-05T14:02:49.424402,2,1,154.85,0.5,154.6,100,154.4,150,,,,,,,,,,,,,,,,,155.1,50,,,,,,,,,,,,,,,,,,
2026-07-05T14:02:49.476478+00:00,2026-07-05T14:02:49.476561,2,2,154.75,0.3,154.6,100,154.4,150,,,,,,,,,,,,,,,,,154.9,150,155.1,50,,,,,,,,,,,,,,,,
2026-07-05T14:02:50.505654+00:00,2026-07-05T14:02:50.505540,1,1,154.65,0.5,154.4,150,,,,,,,,,,,,,,,,,,,154.9,150,,,,,,,,,,,,,,,,,,
2026-07-05T14:02:50.557511+00:00,2026-07-05T14:02:50.557403,2,1,154.8,0.2,154.7,100,154.4,150,,,,,,,,,,,,,,,,,154.9,150,,,,,,,,,,,,,,,,,,
2026-07-05T14:02:50.611059+00:00,2026-07-05T14:02:50.610904,2,2,154.8,0.2,154.7,100,154.4,150,,,,,,,,,,,,,,,,,154.9,150,155.2,100,,,,,,,,,,,,,,,,
2026-07-05T14:02:51.394762+00:00,2026-07-05T14:02:51.394581,2,2,154.8,0.2,154.7,100,154.4,150,,,,,,,,,,,,,,,,,154.9,100,155.2,100,,,,,,,,,,,,,,,,
2026-07-05T14:02:52.218775+00:00,2026-07-05T14:02:52.218533,2,2,154.8,0.2,154.7,100,154.4,150,,,,,,,,,,,,,,,,,154.9,58,155.2,100,,,,,,,,,,,,,,,,
2026-07-05T14:02:52.530736+00:00,2026-07-05T14:02:52.530631,1,1,154.95,0.5,154.7,100,,,,,,,,,,,,,,,,,,,155.2,100,,,,,,,,,,,,,,,,,,
2026-07-05T14:02:52.586609+00:00,2026-07-05T14:02:52.586550,2,1,155.05,0.3,154.9,150,154.7,100,,,,,,,,,,,,,,,,,155.2,100,,,,,,,,,,,,,,,,,,
2026-07-05T14:02:52.639521+00:00,2026-07-05T14:02:52.639680,2,2,155.05,0.3,154.9,150,154.7,100,,,,,,,,,,,,,,,,,155.2,100,155.3,150,,,,,,,,,,,,,,,,
2026-07-05T14:02:52.791572+00:00,2026-07-05T14:02:52.791446,2,2,155.05,0.3,154.9,101,154.7,100,,,,,,,,,,,,,,,,,155.2,100,155.3,150,,,,,,,,,,,,,,,,
2026-07-05T14:02:53.334656+00:00,2026-07-05T14:02:53.334546,2,2,155.05,0.3,154.9,53,154.7,100,,,,,,,,,,,,,,,,,155.2,100,155.3,150,,,,,,,,,,,,,,,,
2026-07-05T14:02:53.507913+00:00,2026-07-05T14:02:53.507831,2,2,155.05,0.3,154.9,53,154.7,100,,,,,,,,,,,,,,,,,155.2,50,155.3,150,,,,,,,,,,,,,,,,
2026-07-05T14:02:53.664149+00:00,2026-07-05T14:02:53.664038,2,1,155.1,0.4,154.9,53,154.7,100,,,,,,,,,,,,,,,,,155.3,150,,,,,,,,,,,,,,,,,,
2026-07-05T14:02:53.669329+00:00,2026-07-05T14:02:53.669208,1,1,155.1,0.4,154.9,53,,,,,,,,,,,,,,,,,,,155.3,150,,,,,,,,,,,,,,,,,,
2026-07-05T14:02:53.720399+00:00,2026-07-05T14:02:53.720341,2,1,155.15,0.3,155.0,100,154.9,53,,,,,,,,,,,,,,,,,155.3,150,,,,,,,,,,,,,,,,,,
2026-07-05T14:02:53.771418+00:00,2026-07-05T14:02:53.771332,2,2,155.15,0.3,155.0,100,154.9,53,,,,,,,,,,,,,,,,,155.3,150,155.5,100,,,,,,,,,,,,,,,,
2026-07-05T14:02:54.826361+00:00,2026-07-05T14:02:54.820798,2,2,155.15,0.3,155.0,89,154.9,53,,,,,,,,,,,,,,,,,155.3,150,155.5,100,,,,,,,,,,,,,,,,
2026-07-05T14:02:55.613397+00:00,2026-07-05T14:02:55.613521,2,2,155.15,0.3,155.0,89,154.9,53,,,,,,,,,,,,,,,,,155.3,100,155.5,100,,,,,,,,,,,,,,,,
2026-07-05T14:02:55.698093+00:00,2026-07-05T14:02:55.697995,1,1,155.25,0.5,155.0,89,,,,,,,,,,,,,,,,,,,155.5,100,,,,,,,,,,,,,,,,,,
2026-07-05T14:02:55.753081+00:00,2026-07-05T14:02:55.753016,2,1,155.25,0.5,155.0,89,154.7,150,,,,,,,,,,,,,,,,,155.5,100,,,,,,,,,,,,,,,,,,
2026-07-05T14:02:55.805309+00:00,2026-07-05T14:02:55.805197,2,2,155.1,0.2,155.0,89,154.7,150,,,,,,,,,,,,,,,,,155.2,150,155.5,100,,,,,,,,,,,,,,,,
2026-07-05T14:02:55.995971+00:00,2026-07-05T14:02:55.995910,2,2,155.1,0.2,155.0,89,154.7,150,,,,,,,,,,,,,,,,,155.2,103,155.5,100,,,,,,,,,,,,,,,,
2026-07-05T14:02:56.828376+00:00,2026-07-05T14:02:56.828299,1,1,154.95,0.5,154.7,150,,,,,,,,,,,,,,,,,,,155.2,103,,,,,,,,,,,,,,,,,,
2026-07-05T14:02:56.882833+00:00,2026-07-05T14:02:56.882899,2,1,155.1,0.2,155.0,100,154.7,150,,,,,,,,,,,,,,,,,155.2,103,,,,,,,,,,,,,,,,,,
2026-07-05T14:02:56.933519+00:00,2026-07-05T14:02:56.933462,2,2,155.1,0.2,155.0,100,154.7,150,,,,,,,,,,,,,,,,,155.2,103,155.5,100,,,,,,,,,,,,,,,,
2026-07-05T14:02:57.723928+00:00,2026-07-05T14:02:57.723794,2,2,155.1,0.2,155.0,100,154.7,150,,,,,,,,,,,,,,,,,155.2,53,155.5,100,,,,,,,,,,,,,,,,
2026-07-05T14:02:58.742899+00:00,2026-07-05T14:02:58.737387,2,2,155.1,0.2,155.0,88,154.7,150,,,,,,,,,,,,,,,,,155.2,53,155.5,100,,,,,,,,,,,,,,,,
2026-07-05T14:02:58.853716+00:00,2026-07-05T14:02:58.853892,1,1,155.25,0.5,155.0,88,,,,,,,,,,,,,,,,,,,155.5,100,,,,,,,,,,,,,,,,,,
2026-07-05T14:02:58.914588+00:00,2026-07-05T14:02:58.914526,1,1,155.25,0.5,155.0,238,,,,,,,,,,,,,,,,,,,155.5,100,,,,,,,,,,,,,,,,,,
2026-07-05T14:02:58.967210+00:00,2026-07-05T14:02:58.967286,1,2,155.2,0.4,155.0,238,,,,,,,,,,,,,,,,,,,155.4,150,155.5,100,,,,,,,,,,,,,,,,
2026-07-05T14:02:59.009843+00:00,2026-07-05T14:02:59.009782,1,2,155.2,0.4,155.0,192,,,,,,,,,,,,,,,,,,,155.4,150,155.5,100,,,,,,,,,,,,,,,,
2026-07-05T14:02:59.856492+00:00,2026-07-05T14:02:59.856612,1,2,155.2,0.4,155.0,192,,,,,,,,,,,,,,,,,,,155.4,100,155.5,100,,,,,,,,,,,,,,,,
2026-07-05T14:02:59.985250+00:00,2026-07-05T14:02:59.985217,1,1,155.2,0.4,155.0,192,,,,,,,,,,,,,,,,,,,155.4,100,,,,,,,,,,,,,,,,,,
2026-07-05T14:02:59.990476+00:00,2026-07-05T14:02:59.990376,1,1,155.2,0.4,155.0,150,,,,,,,,,,,,,,,,,,,155.4,100,,,,,,,,,,,,,,,,,,
2026-07-05T14:03:00.043678+00:00,2026-07-05T14:03:00.043651,2,1,155.2,0.4,155.0,150,154.6,100,,,,,,,,,,,,,,,,,155.4,100,,,,,,,,,,,,,,,,,,
2026-07-05T14:03:00.095583+00:00,2026-07-05T14:03:00.095518,2,2,155.05,0.1,155.0,150,154.6,100,,,,,,,,,,,,,,,,,155.1,100,155.4,100,,,,,,,,,,,,,,,,
2026-07-05T14:03:01.974391+00:00,2026-07-05T14:03:01.974284,2,2,155.05,0.1,155.0,150,154.6,100,,,,,,,,,,,,,,,,,155.1,50,155.4,100,,,,,,,,,,,,,,,,
2026-07-05T14:03:02.020649+00:00,2026-07-05T14:03:02.020590,1,1,154.85,0.5,154.6,100,,,,,,,,,,,,,,,,,,,155.1,50,,,,,,,,,,,,,,,,,,
2026-07-05T14:03:02.084300+00:00,2026-07-05T14:03:02.084199,2,0,,,155.3,100,154.6,100,,,,,,,,,,,,,,,,,,,,,,,,,,,,,,,,,,,,
2026-07-05T14:03:02.151632+00:00,2026-07-05T14:03:02.145705,2,1,155.5,0.4,155.3,77,154.6,100,,,,,,,,,,,,,,,,,155.7,150,,,,,,,,,,,,,,,,,,
2026-07-05T14:03:03.153477+00:00,2026-07-05T14:03:03.153605,1,1,155.5,0.4,155.3,77,,,,,,,,,,,,,,,,,,,155.7,150,,,,,,,,,,,,,,,,,,
2026-07-05T14:03:03.202587+00:00,2026-07-05T14:03:03.202468,2,1,155.5,0.4,155.3,77,155.0,100,,,,,,,,,,,,,,,,,155.7,150,,,,,,,,,,,,,,,,,,
2026-07-05T14:03:03.269373+00:00,2026-07-05T14:03:03.269269,2,2,155.4,0.2,155.3,77,155.0,100,,,,,,,,,,,,,,,,,155.5,100,155.7,150,,,,,,,,,,,,,,,,
2026-07-05T14:03:03.771867+00:00,2026-07-05T14:03:03.771815,2,2,155.4,0.2,155.3,30,155.0,100,,,,,,,,,,,,,,,,,155.5,100,155.7,150,,,,,,,,,,,,,,,,
2026-07-05T14:03:04.129807+00:00,2026-07-05T14:03:04.129672,1,2,155.25,0.5,155.0,80,,,,,,,,,,,,,,,,,,,155.5,100,155.7,150,,,,,,,,,,,,,,,,
2026-07-05T14:03:05.193062+00:00,2026-07-05T14:03:05.192963,1,1,155.25,0.5,155.0,80,,,,,,,,,,,,,,,,,,,155.5,100,,,,,,,,,,,,,,,,,,
2026-07-05T14:03:05.246490+00:00,2026-07-05T14:03:05.246419,2,1,155.25,0.5,155.0,80,154.9,150,,,,,,,,,,,,,,,,,155.5,100,,,,,,,,,,,,,,,,,,
2026-07-05T14:03:05.296821+00:00,2026-07-05T14:03:05.296702,2,2,155.15,0.3,155.0,80,154.9,150,,,,,,,,,,,,,,,,,155.3,150,155.5,100,,,,,,,,,,,,,,,,
2026-07-05T14:03:06.325787+00:00,2026-07-05T14:03:06.325614,1,1,155.1,0.4,154.9,150,,,,,,,,,,,,,,,,,,,155.3,150,,,,,,,,,,,,,,,,,,
2026-07-05T14:03:06.378361+00:00,2026-07-05T14:03:06.378310,2,1,155.2,0.2,155.1,100,154.9,150,,,,,,,,,,,,,,,,,155.3,150,,,,,,,,,,,,,,,,,,
2026-07-05T14:03:06.432077+00:00,2026-07-05T14:03:06.432211,2,2,155.2,0.2,155.1,100,154.9,150,,,,,,,,,,,,,,,,,155.3,150,155.6,100,,,,,,,,,,,,,,,,
2026-07-05T14:03:06.458840+00:00,2026-07-05T14:03:06.458688,2,2,155.2,0.2,155.1,100,154.9,150,,,,,,,,,,,,,,,,,155.3,107,155.6,100,,,,,,,,,,,,,,,,
2026-07-05T14:03:06.942712+00:00,2026-07-05T14:03:06.936933,2,2,155.2,0.2,155.1,100,154.9,150,,,,,,,,,,,,,,,,,155.3,95,155.6,100,,,,,,,,,,,,,,,,
2026-07-05T14:03:08.343881+00:00,2026-07-05T14:03:08.343754,2,2,155.2,0.2,155.1,50,154.9,150,,,,,,,,,,,,,,,,,155.3,95,155.6,100,,,,,,,,,,,,,,,,
2026-07-05T14:03:08.358847+00:00,2026-07-05T14:03:08.358713,2,1,155.35,0.5,155.1,50,154.9,150,,,,,,,,,,,,,,,,,155.6,100,,,,,,,,,,,,,,,,,,
2026-07-05T14:03:08.364111+00:00,2026-07-05T14:03:08.363958,1,1,155.35,0.5,155.1,50,,,,,,,,,,,,,,,,,,,155.6,100,,,,,,,,,,,,,,,,,,
2026-07-05T14:03:08.406897+00:00,2026-07-05T14:03:08.406838,2,1,155.35,0.5,155.1,50,154.9,150,,,,,,,,,,,,,,,,,155.6,100,,,,,,,,,,,,,,,,,,
2026-07-05T14:03:08.458547+00:00,2026-07-05T14:03:08.454702,2,2,155.25,0.3,155.1,50,154.9,150,,,,,,,,,,,,,,,,,155.4,150,155.6,100,,,,,,,,,,,,,,,,
2026-07-05T14:03:09.485254+00:00,2026-07-05T14:03:09.485117,2,1,155.25,0.3,155.1,50,154.9,150,,,,,,,,,,,,,,,,,155.4,150,,,,,,,,,,,,,,,,,,
2026-07-05T14:03:09.490473+00:00,2026-07-05T14:03:09.490328,1,1,155.15,0.5,154.9,150,,,,,,,,,,,,,,,,,,,155.4,150,,,,,,,,,,,,,,,,,,
2026-07-05T14:03:09.544145+00:00,2026-07-05T14:03:09.543988,2,1,155.15,0.5,154.9,150,154.7,100,,,,,,,,,,,,,,,,,155.4,150,,,,,,,,,,,,,,,,,,
2026-07-05T14:03:09.598639+00:00,2026-07-05T14:03:09.598495,2,2,155.05,0.3,154.9,150,154.7,100,,,,,,,,,,,,,,,,,155.2,100,155.4,150,,,,,,,,,,,,,,,,
2026-07-05T14:03:10.452068+00:00,2026-07-05T14:03:10.452277,2,2,155.05,0.3,154.9,100,154.7,100,,,,,,,,,,,,,,,,,155.2,100,155.4,150,,,,,,,,,,,,,,,,
2026-07-05T14:03:11.039757+00:00,2026-07-05T14:03:11.039677,2,2,155.05,0.3,154.9,100,154.7,100,,,,,,,,,,,,,,,,,155.2,53,155.4,150,,,,,,,,,,,,,,,,
2026-07-05T14:03:11.563679+00:00,2026-07-05T14:03:11.564272,2,1,154.95,0.5,154.7,100,154.6,150,,,,,,,,,,,,,,,,,155.2,53,,,,,,,,,,,,,,,,,,
2026-07-05T14:03:11.658592+00:00,2026-07-05T14:03:11.610100,2,2,154.9,0.4,154.7,100,154.6,150,,,,,,,,,,,,,,,,,155.1,150,155.2,53,,,,,,,,,,,,,,,,
2026-07-05T14:03:12.558566+00:00,2026-07-05T14:03:12.557288,2,2,154.9,0.4,154.7,50,154.6,150,,,,,,,,,,,,,,,,,155.1,150,155.2,53,,,,,,,,,,,,,,,,
2026-07-05T14:03:12.658664+00:00,2026-07-05T14:03:12.651150,1,1,154.85,0.5,154.6,150,,,,,,,,,,,,,,,,,,,155.1,150,,,,,,,,,,,,,,,,,,
2026-07-05T14:03:12.707388+00:00,2026-07-05T14:03:12.707345,2,1,154.9,0.4,154.7,100,154.6,150,,,,,,,,,,,,,,,,,155.1,150,,,,,,,,,,,,,,,,,,
2026-07-05T14:03:12.759358+00:00,2026-07-05T14:03:12.759299,2,2,154.9,0.4,154.7,100,154.6,150,,,,,,,,,,,,,,,,,155.1,150,155.2,100,,,,,,,,,,,,,,,,
2026-07-05T14:03:13.790437+00:00,2026-07-05T14:03:13.790573,2,2,154.9,0.4,154.7,53,154.6,150,,,,,,,,,,,,,,,,,155.1,150,155.2,100,,,,,,,,,,,,,,,,
2026-07-05T14:03:14.668614+00:00,2026-07-05T14:03:14.668829,2,2,154.9,0.4,154.7,3,154.6,150,,,,,,,,,,,,,,,,,155.1,150,155.2,100,,,,,,,,,,,,,,,,
2026-07-05T14:03:14.674116+00:00,2026-07-05T14:03:14.674033,1,1,154.95,0.5,154.7,3,,,,,,,,,,,,,,,,,,,155.2,100,,,,,,,,,,,,,,,,,,
2026-07-05T14:03:14.727963+00:00,2026-07-05T14:03:14.727870,2,1,154.95,0.5,154.7,3,154.6,150,,,,,,,,,,,,,,,,,155.2,100,,,,,,,,,,,,,,,,,,
2026-07-05T14:03:14.775491+00:00,2026-07-05T14:03:14.775617,2,2,154.9,0.4,154.7,3,154.6,150,,,,,,,,,,,,,,,,,155.1,150,155.2,100,,,,,,,,,,,,,,,,
2026-07-05T14:03:15.818492+00:00,2026-07-05T14:03:15.818463,1,1,154.85,0.5,154.6,150,,,,,,,,,,,,,,,,,,,155.1,150,,,,,,,,,,,,,,,,,,
2026-07-05T14:03:15.870091+00:00,2026-07-05T14:03:15.870044,2,1,154.85,0.5,154.6,150,154.3,100,,,,,,,,,,,,,,,,,155.1,150,,,,,,,,,,,,,,,,,,
2026-07-05T14:03:15.922746+00:00,2026-07-05T14:03:15.922877,2,2,154.7,0.2,154.6,150,154.3,100,,,,,,,,,,,,,,,,,154.8,100,155.1,150,,,,,,,,,,,,,,,,
2026-07-05T14:03:15.933577+00:00,2026-07-05T14:03:15.927069,2,2,154.7,0.2,154.6,150,154.3,100,,,,,,,,,,,,,,,,,154.8,89,155.1,150,,,,,,,,,,,,,,,,
2026-07-05T14:03:17.831343+00:00,2026-07-05T14:03:17.831218,1,1,154.55,0.5,154.3,100,,,,,,,,,,,,,,,,,,,154.8,89,,,,,,,,,,,,,,,,,,
2026-07-05T14:03:17.885077+00:00,2026-07-05T14:03:17.884971,2,1,154.6,0.4,154.4,150,154.3,100,,,,,,,,,,,,,,,,,154.8,89,,,,,,,,,,,,,,,,,,
2026-07-05T14:03:17.939960+00:00,2026-07-05T14:03:17.939897,2,2,154.6,0.4,154.4,150,154.3,100,,,,,,,,,,,,,,,,,154.8,89,154.9,150,,,,,,,,,,,,,,,,
2026-07-05T14:03:18.220016+00:00,2026-07-05T14:03:18.219948,2,2,154.6,0.4,154.4,150,154.3,100,,,,,,,,,,,,,,,,,154.8,49,154.9,150,,,,,,,,,,,,,,,,
2026-07-05T14:03:18.828546+00:00,2026-07-05T14:03:18.828454,2,1,154.65,0.5,154.4,150,154.3,100,,,,,,,,,,,,,,,,,154.9,149,,,,,,,,,,,,,,,,,,
2026-07-05T14:03:18.976204+00:00,2026-07-05T14:03:18.976092,1,1,154.65,0.5,154.4,150,,,,,,,,,,,,,,,,,,,154.9,149,,,,,,,,,,,,,,,,,,
2026-07-05T14:03:19.037209+00:00,2026-07-05T14:03:19.031984,2,1,154.75,0.3,154.6,100,154.4,150,,,,,,,,,,,,,,,,,154.9,149,,,,,,,,,,,,,,,,,,
2026-07-05T14:03:19.093848+00:00,2026-07-05T14:03:19.093738,2,2,154.75,0.3,154.6,100,154.4,150,,,,,,,,,,,,,,,,,154.9,149,155.1,100,,,,,,,,,,,,,,,,
2026-07-05T14:03:19.223677+00:00,2026-07-05T14:03:19.223622,2,2,154.75,0.3,154.6,100,154.4,150,,,,,,,,,,,,,,,,,154.9,104,155.1,100,,,,,,,,,,,,,,,,
2026-07-05T14:03:20.849646+00:00,2026-07-05T14:03:20.849536,2,2,154.75,0.3,154.6,54,154.4,150,,,,,,,,,,,,,,,,,154.9,104,155.1,100,,,,,,,,,,,,,,,,
2026-07-05T14:03:20.937080+00:00,2026-07-05T14:03:20.936964,2,2,154.75,0.3,154.6,54,154.4,150,,,,,,,,,,,,,,,,,154.9,54,155.1,100,,,,,,,,,,,,,,,,
2026-07-05T14:03:20.993449+00:00,2026-07-05T14:03:20.993339,1,1,154.85,0.5,154.6,54,,,,,,,,,,,,,,,,,,,155.1,100,,,,,,,,,,,,,,,,,,
2026-07-05T14:03:21.046589+00:00,2026-07-05T14:03:21.046710,2,1,154.95,0.3,154.8,150,154.6,54,,,,,,,,,,,,,,,,,155.1,100,,,,,,,,,,,,,,,,,,
2026-07-05T14:03:21.100872+00:00,2026-07-05T14:03:21.100825,2,2,154.95,0.3,154.8,150,154.6,54,,,,,,,,,,,,,,,,,155.1,100,155.3,150,,,,,,,,,,,,,,,,
2026-07-05T14:03:21.458625+00:00,2026-07-05T14:03:21.457171,2,2,154.95,0.3,154.8,150,154.6,54,,,,,,,,,,,,,,,,,155.1,52,155.3,150,,,,,,,,,,,,,,,,
2026-07-05T14:03:22.145368+00:00,2026-07-05T14:03:22.145298,2,1,155.05,0.5,154.8,150,154.6,54,,,,,,,,,,,,,,,,,155.3,150,,,,,,,,,,,,,,,,,,
2026-07-05T14:03:22.158636+00:00,2026-07-05T14:03:22.150429,1,1,155.05,0.5,154.8,150,,,,,,,,,,,,,,,,,,,155.3,150,,,,,,,,,,,,,,,,,,
2026-07-05T14:03:22.200774+00:00,2026-07-05T14:03:22.200642,2,1,155.05,0.5,154.8,150,154.4,100,,,,,,,,,,,,,,,,,155.3,150,,,,,,,,,,,,,,,,,,
2026-07-05T14:03:22.255150+00:00,2026-07-05T14:03:22.255077,2,2,154.85,0.1,154.8,150,154.4,100,,,,,,,,,,,,,,,,,154.9,100,155.3,150,,,,,,,,,,,,,,,,
2026-07-05T14:03:23.044823+00:00,2026-07-05T14:03:23.044747,2,2,154.85,0.1,154.8,150,154.4,100,,,,,,,,,,,,,,,,,154.9,50,155.3,150,,,,,,,,,,,,,,,,
2026-07-05T14:03:23.889205+00:00,2026-07-05T14:03:23.883376,2,2,154.85,0.1,154.8,139,154.4,100,,,,,,,,,,,,,,,,,154.9,50,155.3,150,,,,,,,,,,,,,,,,
2026-07-05T14:03:24.158639+00:00,2026-07-05T14:03:24.150234,1,1,154.65,0.5,154.4,100,,,,,,,,,,,,,,,,,,,154.9,50,,,,,,,,,,,,,,,,,,
2026-07-05T14:03:24.209846+00:00,2026-07-05T14:03:24.209797,2,1,154.8,0.2,154.7,150,154.4,100,,,,,,,,,,,,,,,,,154.9,50,,,,,,,,,,,,,,,,,,
2026-07-05T14:03:24.257588+00:00,2026-07-05T14:03:24.257725,2,2,154.8,0.2,154.7,150,154.4,100,,,,,,,,,,,,,,,,,154.9,50,155.2,150,,,,,,,,,,,,,,,,
2026-07-05T14:03:24.377127+00:00,2026-07-05T14:03:24.377059,2,2,154.8,0.2,154.7,108,154.4,100,,,,,,,,,,,,,,,,,154.9,50,155.2,150,,,,,,,,,,,,,,,,
2026-07-05T14:03:25.158579+00:00,2026-07-05T14:03:25.154632,2,1,154.95,0.5,154.7,108,154.4,100,,,,,,,,,,,,,,,,,155.2,150,,,,,,,,,,,,,,,,,,
2026-07-05T14:03:25.311639+00:00,2026-07-05T14:03:25.311519,1,1,154.95,0.5,154.7,108,,,,,,,,,,,,,,,,,,,155.2,150,,,,,,,,,,,,,,,,,,
2026-07-05T14:03:25.363969+00:00,2026-07-05T14:03:25.364081,2,1,154.95,0.5,154.7,108,154.6,100,,,,,,,,,,,,,,,,,155.2,150,,,,,,,,,,,,,,,,,,
2026-07-05T14:03:25.416745+00:00,2026-07-05T14:03:25.416723,2,2,154.9,0.4,154.7,108,154.6,100,,,,,,,,,,,,,,,,,155.1,100,155.2,150,,,,,,,,,,,,,,,,
2026-07-05T14:03:27.263919+00:00,2026-07-05T14:03:27.264042,2,2,154.9,0.4,154.7,108,154.6,100,,,,,,,,,,,,,,,,,155.1,50,155.2,150,,,,,,,,,,,,,,,,
2026-07-05T14:03:27.316531+00:00,2026-07-05T14:03:27.316676,1,1,154.85,0.5,154.6,100,,,,,,,,,,,,,,,,,,,155.1,50,,,,,,,,,,,,,,,,,,
2026-07-05T14:03:27.372778+00:00,2026-07-05T14:03:27.372668,2,1,154.85,0.5,154.6,100,154.5,150,,,,,,,,,,,,,,,,,155.1,50,,,,,,,,,,,,,,,,,,
2026-07-05T14:03:27.425390+00:00,2026-07-05T14:03:27.425282,2,2,154.8,0.4,154.6,100,154.5,150,,,,,,,,,,,,,,,,,155.0,150,155.1,50,,,,,,,,,,,,,,,,
2026-07-05T14:03:28.180907+00:00,2026-07-05T14:03:28.180787,2,2,154.8,0.4,154.6,59,154.5,150,,,,,,,,,,,,,,,,,155.0,150,155.1,50,,,,,,,,,,,,,,,,
2026-07-05T14:03:28.473221+00:00,2026-07-05T14:03:28.473135,1,1,154.75,0.5,154.5,150,,,,,,,,,,,,,,,,,,,155.0,150,,,,,,,,,,,,,,,,,,
2026-07-05T14:03:28.524555+00:00,2026-07-05T14:03:28.524403,2,1,154.85,0.3,154.7,100,154.5,150,,,,,,,,,,,,,,,,,155.0,150,,,,,,,,,,,,,,,,,,
2026-07-05T14:03:28.579718+00:00,2026-07-05T14:03:28.579568,2,2,154.85,0.3,154.7,100,154.5,150,,,,,,,,,,,,,,,,,155.0,150,155.2,100,,,,,,,,,,,,,,,,
2026-07-05T14:03:29.371144+00:00,2026-07-05T14:03:29.371063,2,2,154.85,0.3,154.7,100,154.5,150,,,,,,,,,,,,,,,,,155.0,100,155.2,100,,,,,,,,,,,,,,,,
2026-07-05T14:03:30.488471+00:00,2026-07-05T14:03:30.488355,1,1,154.95,0.5,154.7,100,,,,,,,,,,,,,,,,,,,155.2,100,,,,,,,,,,,,,,,,,,
2026-07-05T14:03:30.539292+00:00,2026-07-05T14:03:30.539221,1,1,154.95,0.5,154.7,250,,,,,,,,,,,,,,,,,,,155.2,100,,,,,,,,,,,,,,,,,,
2026-07-05T14:03:30.591468+00:00,2026-07-05T14:03:30.591405,1,1,154.95,0.5,154.7,250,,,,,,,,,,,,,,,,,,,155.2,250,,,,,,,,,,,,,,,,,,
2026-07-05T14:03:31.481894+00:00,2026-07-05T14:03:31.481847,1,1,154.95,0.5,154.7,250,,,,,,,,,,,,,,,,,,,155.2,200,,,,,,,,,,,,,,,,,,
2026-07-05T14:03:31.635208+00:00,2026-07-05T14:03:31.635154,1,1,154.95,0.5,154.7,150,,,,,,,,,,,,,,,,,,,155.2,150,,,,,,,,,,,,,,,,,,
2026-07-05T14:03:31.688949+00:00,2026-07-05T14:03:31.688902,2,1,155.05,0.3,154.9,100,154.7,150,,,,,,,,,,,,,,,,,155.2,150,,,,,,,,,,,,,,,,,,
2026-07-05T14:03:31.741175+00:00,2026-07-05T14:03:31.741054,2,2,155.05,0.3,154.9,100,154.7,150,,,,,,,,,,,,,,,,,155.2,150,155.4,100,,,,,,,,,,,,,,,,
2026-07-05T14:03:32.192721+00:00,2026-07-05T14:03:32.192614,2,2,155.05,0.3,154.9,100,154.7,150,,,,,,,,,,,,,,,,,155.2,105,155.4,100,,,,,,,,,,,,,,,,
2026-07-05T14:03:32.879995+00:00,2026-07-05T14:03:32.874185,2,2,155.05,0.3,154.9,88,154.7,150,,,,,,,,,,,,,,,,,155.2,105,155.4,100,,,,,,,,,,,,,,,,
2026-07-05T14:03:33.640964+00:00,2026-07-05T14:03:33.640832,2,1,155.15,0.5,154.9,38,154.7,150,,,,,,,,,,,,,,,,,155.4,100,,,,,,,,,,,,,,,,,,
2026-07-05T14:03:33.656086+00:00,2026-07-05T14:03:33.656143,1,1,155.15,0.5,154.9,38,,,,,,,,,,,,,,,,,,,155.4,100,,,,,,,,,,,,,,,,,,
2026-07-05T14:03:33.699880+00:00,2026-07-05T14:03:33.699828,2,1,155.15,0.5,154.9,38,154.8,150,,,,,,,,,,,,,,,,,155.4,100,,,,,,,,,,,,,,,,,,
2026-07-05T14:03:33.753994+00:00,2026-07-05T14:03:33.753839,2,2,155.1,0.4,154.9,38,154.8,150,,,,,,,,,,,,,,,,,155.3,150,155.4,100,,,,,,,,,,,,,,,,
2026-07-05T14:03:34.196307+00:00,2026-07-05T14:03:34.184021,2,2,155.1,0.4,154.9,27,154.8,150,,,,,,,,,,,,,,,,,155.3,150,155.4,100,,,,,,,,,,,,,,,,
2026-07-05T14:03:34.795869+00:00,2026-07-05T14:03:34.795770,1,1,155.05,0.5,154.8,150,,,,,,,,,,,,,,,,,,,155.3,150,,,,,,,,,,,,,,,,,,
2026-07-05T14:03:34.850159+00:00,2026-07-05T14:03:34.850049,2,1,155.05,0.5,154.8,150,154.4,100,,,,,,,,,,,,,,,,,155.3,150,,,,,,,,,,,,,,,,,,
2026-07-05T14:03:34.903454+00:00,2026-07-05T14:03:34.903392,2,2,154.85,0.1,154.8,150,154.4,100,,,,,,,,,,,,,,,,,154.9,100,155.3,150,,,,,,,,,,,,,,,,
2026-07-05T14:03:35.758860+00:00,2026-07-05T14:03:35.758717,2,2,154.85,0.1,154.8,100,154.4,100,,,,,,,,,,,,,,,,,154.9,100,155.3,150,,,,,,,,,,,,,,,,
2026-07-05T14:03:35.829334+00:00,2026-07-05T14:03:35.829231,2,2,154.85,0.1,154.8,52,154.4,100,,,,,,,,,,,,,,,,,154.9,100,155.3,150,,,,,,,,,,,,,,,,
2026-07-05T14:03:36.808692+00:00,2026-07-05T14:03:36.808646,1,1,154.65,0.5,154.4,100,,,,,,,,,,,,,,,,,,,154.9,100,,,,,,,,,,,,,,,,,,
2026-07-05T14:03:36.858595+00:00,2026-07-05T14:03:36.857353,2,1,154.65,0.5,154.4,100,154.3,150,,,,,,,,,,,,,,,,,154.9,100,,,,,,,,,,,,,,,,,,
2026-07-05T14:03:36.917360+00:00,2026-07-05T14:03:36.917289,2,2,154.6,0.4,154.4,100,154.3,150,,,,,,,,,,,,,,,,,154.8,150,154.9,100,,,,,,,,,,,,,,,,
2026-07-05T14:03:37.804522+00:00,2026-07-05T14:03:37.804471,2,2,154.6,0.4,154.4,100,154.3,150,,,,,,,,,,,,,,,,,154.8,52,154.9,100,,,,,,,,,,,,,,,,
2026-07-05T14:03:37.958594+00:00,2026-07-05T14:03:37.954707,1,1,154.55,0.5,154.3,150,,,,,,,,,,,,,,,,,,,154.8,52,,,,,,,,,,,,,,,,,,
2026-07-05T14:03:38.011911+00:00,2026-07-05T14:03:38.011831,2,1,154.65,0.3,154.5,100,154.3,150,,,,,,,,,,,,,,,,,154.8,52,,,,,,,,,,,,,,,,,,
2026-07-05T14:03:38.058601+00:00,2026-07-05T14:03:38.058352,2,2,154.65,0.3,154.5,100,154.3,150,,,,,,,,,,,,,,,,,154.8,52,155.0,100,,,,,,,,,,,,,,,,
2026-07-05T14:03:39.972654+00:00,2026-07-05T14:03:39.972547,1,1,154.75,0.5,154.5,100,,,,,,,,,,,,,,,,,,,155.0,100,,,,,,,,,,,,,,,,,,
2026-07-05T14:03:40.023762+00:00,2026-07-05T14:03:40.023842,2,1,154.8,0.4,154.6,150,154.5,100,,,,,,,,,,,,,,,,,155.0,100,,,,,,,,,,,,,,,,,,
2026-07-05T14:03:40.085416+00:00,2026-07-05T14:03:40.085532,2,2,154.8,0.4,154.6,150,154.5,100,,,,,,,,,,,,,,,,,155.0,100,155.1,150,,,,,,,,,,,,,,,,
2026-07-05T14:03:40.463799+00:00,2026-07-05T14:03:40.463771,2,2,154.8,0.4,154.6,108,154.5,100,,,,,,,,,,,,,,,,,155.0,100,155.1,150,,,,,,,,,,,,,,,,
2026-07-05T14:03:41.058619+00:00,2026-07-05T14:03:41.053375,2,2,154.8,0.4,154.6,60,154.5,100,,,,,,,,,,,,,,,,,155.0,100,155.1,150,,,,,,,,,,,,,,,,
2026-07-05T14:03:41.119824+00:00,2026-07-05T14:03:41.119955,1,1,154.85,0.5,154.6,60,,,,,,,,,,,,,,,,,,,155.1,150,,,,,,,,,,,,,,,,,,
2026-07-05T14:03:41.174795+00:00,2026-07-05T14:03:41.174698,2,1,154.85,0.5,154.6,60,154.4,100,,,,,,,,,,,,,,,,,155.1,150,,,,,,,,,,,,,,,,,,
2026-07-05T14:03:41.224767+00:00,2026-07-05T14:03:41.224666,2,2,154.75,0.3,154.6,60,154.4,100,,,,,,,,,,,,,,,,,154.9,100,155.1,150,,,,,,,,,,,,,,,,
2026-07-05T14:03:42.017203+00:00,2026-07-05T14:03:42.017089,2,2,154.75,0.3,154.6,60,154.4,100,,,,,,,,,,,,,,,,,154.9,50,155.1,150,,,,,,,,,,,,,,,,
2026-07-05T14:03:43.142873+00:00,2026-07-05T14:03:43.142806,1,1,154.65,0.5,154.4,100,,,,,,,,,,,,,,,,,,,154.9,50,,,,,,,,,,,,,,,,,,
2026-07-05T14:03:43.197899+00:00,2026-07-05T14:03:43.197814,2,1,154.7,0.4,154.5,150,154.4,100,,,,,,,,,,,,,,,,,154.9,50,,,,,,,,,,,,,,,,,,
2026-07-05T14:03:43.258614+00:00,2026-07-05T14:03:43.255265,2,2,154.7,0.4,154.5,150,154.4,100,,,,,,,,,,,,,,,,,154.9,50,155.0,150,,,,,,,,,,,,,,,,
2026-07-05T14:03:43.483551+00:00,2026-07-05T14:03:43.483503,2,2,154.7,0.4,154.5,150,154.4,100,,,,,,,,,,,,,,,,,154.9,8,155.0,150,,,,,,,,,,,,,,,,
2026-07-05T14:03:44.124690+00:00,2026-07-05T14:03:44.124878,2,1,154.75,0.5,154.5,150,154.4,100,,,,,,,,,,,,,,,,,155.0,108,,,,,,,,,,,,,,,,,,
2026-07-05T14:03:44.278838+00:00,2026-07-05T14:03:44.278690,1,1,154.75,0.5,154.5,150,,,,,,,,,,,,,,,,,,,155.0,108,,,,,,,,,,,,,,,,,,
2026-07-05T14:03:44.334162+00:00,2026-07-05T14:03:44.334059,2,1,154.9,0.2,154.8,100,154.5,150,,,,,,,,,,,,,,,,,155.0,108,,,,,,,,,,,,,,,,,,
2026-07-05T14:03:44.388935+00:00,2026-07-05T14:03:44.388849,2,2,154.9,0.2,154.8,100,154.5,150,,,,,,,,,,,,,,,,,155.0,108,155.3,100,,,,,,,,,,,,,,,,
2026-07-05T14:03:45.682109+00:00,2026-07-05T14:03:45.682005,2,2,154.9,0.2,154.8,100,154.5,150,,,,,,,,,,,,,,,,,155.0,63,155.3,100,,,,,,,,,,,,,,,,
2026-07-05T14:03:45.697072+00:00,2026-07-05T14:03:45.690972,2,2,154.9,0.2,154.8,97,154.5,150,,,,,,,,,,,,,,,,,155.0,63,155.3,100,,,,,,,,,,,,,,,,
2026-07-05T14:03:46.249296+00:00,2026-07-05T14:03:46.249129,2,2,154.9,0.2,154.8,97,154.5,150,,,,,,,,,,,,,,,,,155.0,13,155.3,100,,,,,,,,,,,,,,,,
2026-07-05T14:03:46.315005+00:00,2026-07-05T14:03:46.314974,1,1,155.05,0.5,154.8,97,,,,,,,,,,,,,,,,,,,155.3,100,,,,,,,,,,,,,,,,,,
2026-07-05T14:03:46.358634+00:00,2026-07-05T14:03:46.358457,2,1,155.05,0.5,154.8,97,154.7,150,,,,,,,,,,,,,,,,,155.3,100,,,,,,,,,,,,,,,,,,
2026-07-05T14:03:46.417012+00:00,2026-07-05T14:03:46.416965,2,2,155.0,0.4,154.8,97,154.7,150,,,,,,,,,,,,,,,,,155.2,150,155.3,100,,,,,,,,,,,,,,,,
2026-07-05T14:03:47.458592+00:00,2026-07-05T14:03:47.452977,1,1,154.95,0.5,154.7,150,,,,,,,,,,,,,,,,,,,155.2,150,,,,,,,,,,,,,,,,,,
2026-07-05T14:03:47.513854+00:00,2026-07-05T14:03:47.514021,2,1,154.95,0.5,154.7,150,154.6,100,,,,,,,,,,,,,,,,,155.2,150,,,,,,,,,,,,,,,,,,
2026-07-05T14:03:47.568396+00:00,2026-07-05T14:03:47.568336,2,2,154.9,0.4,154.7,150,154.6,100,,,,,,,,,,,,,,,,,155.1,100,155.2,150,,,,,,,,,,,,,,,,
2026-07-05T14:03:48.409238+00:00,2026-07-05T14:03:48.409433,2,2,154.9,0.4,154.7,100,154.6,100,,,,,,,,,,,,,,,,,155.1,100,155.2,150,,,,,,,,,,,,,,,,
2026-07-05T14:03:49.308410+00:00,2026-07-05T14:03:49.308196,2,2,154.9,0.4,154.7,52,154.6,100,,,,,,,,,,,,,,,,,155.1,100,155.2,150,,,,,,,,,,,,,,,,
2026-07-05T14:03:49.469040+00:00,2026-07-05T14:03:49.468922,2,1,154.9,0.4,154.7,52,154.6,100,,,,,,,,,,,,,,,,,155.1,100,,,,,,,,,,,,,,,,,,
2026-07-05T14:03:49.474136+00:00,2026-07-05T14:03:49.474082,1,1,154.85,0.5,154.6,100,,,,,,,,,,,,,,,,,,,155.1,100,,,,,,,,,,,,,,,,,,
2026-07-05T14:03:49.529350+00:00,2026-07-05T14:03:49.520072,2,1,154.85,0.5,154.6,100,154.3,150,,,,,,,,,,,,,,,,,155.1,100,,,,,,,,,,,,,,,,,,
2026-07-05T14:03:49.578163+00:00,2026-07-05T14:03:49.578095,2,2,154.7,0.2,154.6,100,154.3,150,,,,,,,,,,,,,,,,,154.8,150,155.1,100,,,,,,,,,,,,,,,,
2026-07-05T14:03:49.917747+00:00,2026-07-05T14:03:49.917540,2,2,154.7,0.2,154.6,59,154.3,150,,,,,,,,,,,,,,,,,154.8,150,155.1,100,,,,,,,,,,,,,,,,
2026-07-05T14:03:50.516913+00:00,2026-07-05T14:03:50.516772,2,2,154.7,0.2,154.6,9,154.3,150,,,,,,,,,,,,,,,,,154.8,150,155.1,100,,,,,,,,,,,,,,,,
2026-07-05T14:03:50.626350+00:00,2026-07-05T14:03:50.626232,1,1,154.55,0.5,154.3,150,,,,,,,,,,,,,,,,,,,154.8,150,,,,,,,,,,,,,,,,,,
2026-07-05T14:03:50.679689+00:00,2026-07-05T14:03:50.679779,2,1,154.6,0.4,154.4,100,154.3,150,,,,,,,,,,,,,,,,,154.8,150,,,,,,,,,,,,,,,,,,
2026-07-05T14:03:50.732209+00:00,2026-07-05T14:03:50.732096,2,2,154.6,0.4,154.4,100,154.3,150,,,,,,,,,,,,,,,,,154.8,150,154.9,100,,,,,,,,,,,,,,,,
2026-07-05T14:03:51.609689+00:00,2026-07-05T14:03:51.609566,2,2,154.6,0.4,154.4,100,154.3,150,,,,,,,,,,,,,,,,,154.8,104,154.9,100,,,,,,,,,,,,,,,,
2026-07-05T14:03:52.624663+00:00,2026-07-05T14:03:52.624587,2,2,154.6,0.4,154.4,50,154.3,150,,,,,,,,,,,,,,,,,154.8,104,154.9,100,,,,,,,,,,,,,,,,
2026-07-05T14:03:52.635108+00:00,2026-07-05T14:03:52.635014,1,1,154.65,0.5,154.4,50,,,,,,,,,,,,,,,,,,,154.9,100,,,,,,,,,,,,,,,,,,
2026-07-05T14:03:52.689281+00:00,2026-07-05T14:03:52.689089,2,1,154.75,0.3,154.6,150,154.4,50,,,,,,,,,,,,,,,,,154.9,100,,,,,,,,,,,,,,,,,,
2026-07-05T14:03:52.711213+00:00,2026-07-05T14:03:52.711101,2,1,154.75,0.3,154.6,150,154.4,50,,,,,,,,,,,,,,,,,154.9,53,,,,,,,,,,,,,,,,,,
2026-07-05T14:03:52.742157+00:00,2026-07-05T14:03:52.742004,2,2,154.75,0.3,154.6,150,154.4,50,,,,,,,,,,,,,,,,,154.9,53,155.1,150,,,,,,,,,,,,,,,,
2026-07-05T14:03:53.804012+00:00,2026-07-05T14:03:53.803977,1,1,154.85,0.5,154.6,150,,,,,,,,,,,,,,,,,,,155.1,150,,,,,,,,,,,,,,,,,,
2026-07-05T14:03:53.856231+00:00,2026-07-05T14:03:53.856164,2,1,154.85,0.5,154.6,150,154.5,100,,,,,,,,,,,,,,,,,155.1,150,,,,,,,,,,,,,,,,,,
2026-07-05T14:03:53.911264+00:00,2026-07-05T14:03:53.911172,2,2,154.8,0.4,154.6,150,154.5,100,,,,,,,,,,,,,,,,,155.0,100,155.1,150,,,,,,,,,,,,,,,,
2026-07-05T14:03:54.755191+00:00,2026-07-05T14:03:54.755056,2,2,154.8,0.4,154.6,100,154.5,100,,,,,,,,,,,,,,,,,155.0,100,155.1,150,,,,,,,,,,,,,,,,
2026-07-05T14:03:55.793663+00:00,2026-07-05T14:03:55.793563,1,1,154.75,0.5,154.5,100,,,,,,,,,,,,,,,,,,,155.0,100,,,,,,,,,,,,,,,,,,
2026-07-05T14:03:55.848136+00:00,2026-07-05T14:03:55.848036,2,1,154.75,0.5,154.5,100,154.4,150,,,,,,,,,,,,,,,,,155.0,100,,,,,,,,,,,,,,,,,,
2026-07-05T14:03:55.900226+00:00,2026-07-05T14:03:55.900177,2,2,154.7,0.4,154.5,100,154.4,150,,,,,,,,,,,,,,,,,154.9,150,155.0,100,,,,,,,,,,,,,,,,
2026-07-05T14:03:55.976068+00:00,2026-07-05T14:03:55.975943,2,2,154.7,0.4,154.5,56,154.4,150,,,,,,,,,,,,,,,,,154.9,150,155.0,100,,,,,,,,,,,,,,,,
2026-07-05T14:03:56.858376+00:00,2026-07-05T14:03:56.858664,2,2,154.7,0.4,154.5,6,154.4,150,,,,,,,,,,,,,,,,,154.9,150,155.0,100,,,,,,,,,,,,,,,,
2026-07-05T14:03:56.887634+00:00,2026-07-05T14:03:56.887774,2,2,154.7,0.4,154.5,6,154.4,150,,,,,,,,,,,,,,,,,154.9,109,155.0,100,,,,,,,,,,,,,,,,
2026-07-05T14:03:56.963633+00:00,2026-07-05T14:03:56.963763,1,1,154.65,0.5,154.4,150,,,,,,,,,,,,,,,,,,,154.9,109,,,,,,,,,,,,,,,,,,
2026-07-05T14:03:57.020182+00:00,2026-07-05T14:03:57.020075,2,1,154.65,0.5,154.4,150,154.2,100,,,,,,,,,,,,,,,,,154.9,109,,,,,,,,,,,,,,,,,,
2026-07-05T14:03:57.083902+00:00,2026-07-05T14:03:57.078160,2,2,154.55,0.3,154.4,150,154.2,100,,,,,,,,,,,,,,,,,154.7,97,154.9,109,,,,,,,,,,,,,,,,
2026-07-05T14:03:57.769102+00:00,2026-07-05T14:03:57.762924,2,2,154.55,0.3,154.4,150,154.2,100,,,,,,,,,,,,,,,,,154.7,86,154.9,109,,,,,,,,,,,,,,,,
2026-07-05T14:03:57.797638+00:00,2026-07-05T14:03:57.791653,2,2,154.55,0.3,154.4,150,154.2,100,,,,,,,,,,,,,,,,,154.7,63,154.9,109,,,,,,,,,,,,,,,,
2026-07-05T14:03:58.970855+00:00,2026-07-05T14:03:58.970766,1,1,154.45,0.5,154.2,100,,,,,,,,,,,,,,,,,,,154.7,63,,,,,,,,,,,,,,,,,,
2026-07-05T14:03:58.976173+00:00,2026-07-05T14:03:58.976048,1,1,154.45,0.5,154.2,50,,,,,,,,,,,,,,,,,,,154.7,63,,,,,,,,,,,,,,,,,,
2026-07-05T14:03:58.981378+00:00,2026-07-05T14:03:58.981243,1,1,154.45,0.5,154.2,50,,,,,,,,,,,,,,,,,,,154.7,18,,,,,,,,,,,,,,,,,,
2026-07-05T14:03:59.023231+00:00,2026-07-05T14:03:59.023193,2,0,,,155.0,132,154.2,50,,,,,,,,,,,,,,,,,,,,,,,,,,,,,,,,,,,,
2026-07-05T14:03:59.089706+00:00,2026-07-05T14:03:59.083848,2,1,155.25,0.5,155.0,121,154.2,50,,,,,,,,,,,,,,,,,155.5,150,,,,,,,,,,,,,,,,,,
2026-07-05T14:03:59.118670+00:00,2026-07-05T14:03:59.110662,2,1,155.25,0.5,155.0,109,154.2,50,,,,,,,,,,,,,,,,,155.5,150,,,,,,,,,,,,,,,,,,
2026-07-05T14:04:00.126907+00:00,2026-07-05T14:04:00.127013,1,1,155.25,0.5,155.0,109,,,,,,,,,,,,,,,,,,,155.5,150,,,,,,,,,,,,,,,,,,
2026-07-05T14:04:00.179833+00:00,2026-07-05T14:04:00.179808,2,1,155.25,0.5,155.0,109,154.5,100,,,,,,,,,,,,,,,,,155.5,150,,,,,,,,,,,,,,,,,,
2026-07-05T14:04:00.239317+00:00,2026-07-05T14:04:00.234063,1,1,155.0,1.0,154.5,100,,,,,,,,,,,,,,,,,,,155.5,150,,,,,,,,,,,,,,,,,,
2026-07-05T14:04:00.663893+00:00,2026-07-05T14:04:00.663851,1,1,155.0,1.0,154.5,59,,,,,,,,,,,,,,,,,,,155.5,150,,,,,,,,,,,,,,,,,,
2026-07-05T14:04:01.084373+00:00,2026-07-05T14:04:01.084300,1,1,155.0,1.0,154.5,9,,,,,,,,,,,,,,,,,,,155.5,150,,,,,,,,,,,,,,,,,,
2026-07-05T14:04:02.135111+00:00,2026-07-05T14:04:02.134937,1,0,,,154.5,9,,,,,,,,,,,,,,,,,,,,,,,,,,,,,,,,,,,,,,
2026-07-05T14:04:02.188288+00:00,2026-07-05T14:04:02.188168,2,0,,,154.5,9,154.2,150,,,,,,,,,,,,,,,,,,,,,,,,,,,,,,,,,,,,
2026-07-05T14:04:02.262755+00:00,2026-07-05T14:04:02.246389,2,1,154.6,0.2,154.5,9,154.2,150,,,,,,,,,,,,,,,,,154.7,141,,,,,,,,,,,,,,,,,,
2026-07-05T14:04:03.191747+00:00,2026-07-05T14:04:03.191674,1,1,154.45,0.5,154.2,109,,,,,,,,,,,,,,,,,,,154.7,141,,,,,,,,,,,,,,,,,,
2026-07-05T14:04:03.340655+00:00,2026-07-05T14:04:03.340528,2,1,154.5,0.4,154.3,100,154.2,109,,,,,,,,,,,,,,,,,154.7,141,,,,,,,,,,,,,,,,,,
2026-07-05T14:04:03.394034+00:00,2026-07-05T14:04:03.393972,2,2,154.5,0.4,154.3,100,154.2,109,,,,,,,,,,,,,,,,,154.7,141,154.8,100,,,,,,,,,,,,,,,,
2026-07-05T14:04:03.958634+00:00,2026-07-05T14:04:03.955593,2,2,154.5,0.4,154.3,51,154.2,109,,,,,,,,,,,,,,,,,154.7,141,154.8,100,,,,,,,,,,,,,,,,
2026-07-05T14:04:05.045183+00:00,2026-07-05T14:04:05.045086,2,2,154.5,0.4,154.3,51,154.2,109,,,,,,,,,,,,,,,,,154.7,100,154.8,100,,,,,,,,,,,,,,,,
2026-07-05T14:04:05.294626+00:00,2026-07-05T14:04:05.294526,1,1,154.55,0.5,154.3,51,,,,,,,,,,,,,,,,,,,154.8,100,,,,,,,,,,,,,,,,,,
2026-07-05T14:04:05.299841+00:00,2026-07-05T14:04:05.299733,1,1,154.55,0.5,154.3,1,,,,,,,,,,,,,,,,,,,154.8,100,,,,,,,,,,,,,,,,,,
2026-07-05T14:04:05.349884+00:00,2026-07-05T14:04:05.349759,2,1,154.55,0.5,154.3,1,154.0,150,,,,,,,,,,,,,,,,,154.8,100,,,,,,,,,,,,,,,,,,
2026-07-05T14:04:05.403403+00:00,2026-07-05T14:04:05.403274,2,2,154.4,0.2,154.3,1,154.0,150,,,,,,,,,,,,,,,,,154.5,150,154.8,100,,,,,,,,,,,,,,,,
2026-07-05T14:04:05.659934+00:00,2026-07-05T14:04:05.653127,2,2,154.4,0.2,154.3,1,154.0,150,,,,,,,,,,,,,,,,,154.5,138,154.8,100,,,,,,,,,,,,,,,,
2026-07-05T14:04:06.448693+00:00,2026-07-05T14:04:06.448574,1,1,154.25,0.5,154.0,150,,,,,,,,,,,,,,,,,,,154.5,138,,,,,,,,,,,,,,,,,,
2026-07-05T14:04:06.504200+00:00,2026-07-05T14:04:06.504097,2,1,154.3,0.4,154.1,100,154.0,150,,,,,,,,,,,,,,,,,154.5,138,,,,,,,,,,,,,,,,,,
2026-07-05T14:04:06.558656+00:00,2026-07-05T14:04:06.552917,2,2,154.3,0.4,154.1,100,154.0,150,,,,,,,,,,,,,,,,,154.5,138,154.6,100,,,,,,,,,,,,,,,,
2026-07-05T14:04:07.355997+00:00,2026-07-05T14:04:07.355869,2,2,154.3,0.4,154.1,100,154.0,150,,,,,,,,,,,,,,,,,154.5,88,154.6,100,,,,,,,,,,,,,,,,
2026-07-05T14:04:08.208394+00:00,2026-07-05T14:04:08.208244,2,2,154.3,0.4,154.1,100,154.0,150,,,,,,,,,,,,,,,,,154.5,45,154.6,100,,,,,,,,,,,,,,,,
2026-07-05T14:04:08.463900+00:00,2026-07-05T14:04:08.463839,1,1,154.35,0.5,154.1,100,,,,,,,,,,,,,,,,,,,154.6,100,,,,,,,,,,,,,,,,,,
