recv_time,book_timestamp,n_bids,n_asks,mid,spread,bid_px_0,bid_vol_0,bid_px_1,bid_vol_1,bid_px_2,bid_vol_2,bid_px_3,bid_vol_3,bid_px_4,bid_vol_4,bid_px_5,bid_vol_5,bid_px_6,bid_vol_6,bid_px_7,bid_vol_7,bid_px_8,bid_vol_8,bid_px_9,bid_vol_9,ask_px_0,ask_vol_0,ask_px_1,ask_vol_1,ask_px_2,ask_vol_2,ask_px_3,ask_vol_3,ask_px_4,ask_vol_4,ask_px_5,ask_vol_5,ask_px_6,ask_vol_6,ask_px_7,ask_vol_7,ask_px_8,ask_vol_8,ask_px_9,ask_vol_9
2026-07-07T22:00:00.373864+00:00,2026-07-07T22:00:00.362329,0,0,,,,,,,,,,,,,,,,,,,,,,,,,,,,,,,,,,,,,,,,,,
2026-07-07T22:00:00.421866+00:00,2026-07-07T22:00:00.421732,1,0,,,133.2,150,,,,,,,,,,,,,,,,,,,,,,,,,,,,,,,,,,,,,,
2026-07-07T22:00:00.427061+00:00,2026-07-07T22:00:00.426949,2,0,,,133.2,150,132.8,100,,,,,,,,,,,,,,,,,,,,,,,,,,,,,,,,,,,,
2026-07-07T22:00:00.475258+00:00,2026-07-07T22:00:00.475135,2,1,133.45,0.5,133.2,150,132.8,100,,,,,,,,,,,,,,,,,133.7,150,,,,,,,,,,,,,,,,,,
2026-07-07T22:00:00.480447+00:00,2026-07-07T22:00:00.480359,2,2,133.25,0.1,133.2,150,132.8,100,,,,,,,,,,,,,,,,,133.3,100,133.7,150,,,,,,,,,,,,,,,,
2026-07-07T22:00:00.657495+00:00,2026-07-07T22:00:00.640555,2,2,133.25,0.1,133.2,150,132.8,100,,,,,,,,,,,,,,,,,133.3,59,133.7,150,,,,,,,,,,,,,,,,
2026-07-07T22:00:00.781770+00:00,2026-07-07T22:00:00.781730,2,2,133.25,0.1,133.2,150,132.8,100,,,,,,,,,,,,,,,,,133.3,9,133.7,150,,,,,,,,,,,,,,,,
2026-07-07T22:00:01.138203+00:00,2026-07-07T22:00:01.138150,2,2,133.25,0.1,133.2,104,132.8,100,,,,,,,,,,,,,,,,,133.3,9,133.7,150,,,,,,,,,,,,,,,,
2026-07-07T22:00:01.748745+00:00,2026-07-07T22:00:01.741264,2,2,133.25,0.1,133.2,92,132.8,100,,,,,,,,,,,,,,,,,133.3,9,133.7,150,,,,,,,,,,,,,,,,
2026-07-07T22:00:02.888496+00:00,2026-07-07T22:00:02.888743,2,1,133.45,0.5,133.2,92,132.8,100,,,,,,,,,,,,,,,,,133.7,109,,,,,,,,,,,,,,,,,,
2026-07-07T22:00:03.558537+00:00,2026-07-07T22:00:03.555798,0,0,,,,,,,,,,,,,,,,,,,,,,,,,,,,,,,,,,,,,,,,,,
2026-07-07T22:00:03.613307+00:00,2026-07-07T22:00:03.613183,1,0,,,133.1,100,,,,,,,,,,,,,,,,,,,,,,,,,,,,,,,,,,,,,,
2026-07-07T22:00:03.618539+00:00,2026-07-07T22:00:03.618364,1,0,,,133.1,250,,,,,,,,,,,,,,,,,,,,,,,,,,,,,,,,,,,,,,
2026-07-07T22:00:03.668121+00:00,2026-07-07T22:00:03.668056,1,1,133.35,0.5,133.1,250,,,,,,,,,,,,,,,,,,,133.6,100,,,,,,,,,,,,,,,,,,
2026-07-07T22:00:03.673358+00:00,2026-07-07T22:00:03.673288,1,1,133.35,0.5,133.1,250,,,,,,,,,,,,,,,,,,,133.6,250,,,,,,,,,,,,,,,,,,
2026-07-07T22:00:05.006890+00:00,2026-07-07T22:00:05.006797,1,1,133.35,0.5,133.1,250,,,,,,,,,,,,,,,,,,,133.6,200,,,,,,,,,,,,,,,,,,
2026-07-07T22:00:06.720876+00:00,2026-07-07T22:00:06.720828,1,1,133.35,0.5,133.1,150,,,,,,,,,,,,,,,,,,,133.6,150,,,,,,,,,,,,,,,,,,
2026-07-07T22:00:06.731285+00:00,2026-07-07T22:00:06.731180,0,0,,,,,,,,,,,,,,,,,,,,,,,,,,,,,,,,,,,,,,,,,,
2026-07-07T22:00:06.777295+00:00,2026-07-07T22:00:06.777400,1,0,,,133.2,100,,,,,,,,,,,,,,,,,,,,,,,,,,,,,,,,,,,,,,
2026-07-07T22:00:06.782736+00:00,2026-07-07T22:00:06.782610,2,0,,,133.2,100,133.1,150,,,,,,,,,,,,,,,,,,,,,,,,,,,,,,,,,,,,
2026-07-07T22:00:06.830724+00:00,2026-07-07T22:00:06.830621,2,1,133.45,0.5,133.2,100,133.1,150,,,,,,,,,,,,,,,,,133.7,100,,,,,,,,,,,,,,,,,,
2026-07-07T22:00:06.836042+00:00,2026-07-07T22:00:06.835892,2,2,133.4,0.4,133.2,100,133.1,150,,,,,,,,,,,,,,,,,133.6,150,133.7,100,,,,,,,,,,,,,,,,
2026-07-07T22:00:07.111839+00:00,2026-07-07T22:00:07.111950,2,2,133.4,0.4,133.2,100,133.1,150,,,,,,,,,,,,,,,,,133.6,100,133.7,100,,,,,,,,,,,,,,,,
2026-07-07T22:00:07.895473+00:00,2026-07-07T22:00:07.895423,2,2,133.4,0.4,133.2,100,133.1,150,,,,,,,,,,,,,,,,,133.6,58,133.7,100,,,,,,,,,,,,,,,,
2026-07-07T22:00:09.190974+00:00,2026-07-07T22:00:09.184440,2,2,133.4,0.4,133.2,89,133.1,150,,,,,,,,,,,,,,,,,133.6,58,133.7,100,,,,,,,,,,,,,,,,
2026-07-07T22:00:09.270481+00:00,2026-07-07T22:00:09.270350,2,2,133.4,0.4,133.2,39,133.1,150,,,,,,,,,,,,,,,,,133.6,58,133.7,100,,,,,,,,,,,,,,,,
2026-07-07T22:00:09.889334+00:00,2026-07-07T22:00:09.889221,1,1,133.35,0.5,133.1,150,,,,,,,,,,,,,,,,,,,133.6,58,,,,,,,,,,,,,,,,,,
2026-07-07T22:00:09.894503+00:00,2026-07-07T22:00:09.894449,0,0,,,,,,,,,,,,,,,,,,,,,,,,,,,,,,,,,,,,,,,,,,
2026-07-07T22:00:09.945550+00:00,2026-07-07T22:00:09.945427,1,0,,,132.8,100,,,,,,,,,,,,,,,,,,,,,,,,,,,,,,,,,,,,,,
2026-07-07T22:00:09.950708+00:00,2026-07-07T22:00:09.950644,2,0,,,133.3,150,132.8,100,,,,,,,,,,,,,,,,,,,,,,,,,,,,,,,,,,,,
2026-07-07T22:00:10.010735+00:00,2026-07-07T22:00:10.004561,2,1,133.5,0.4,133.3,47,132.8,100,,,,,,,,,,,,,,,,,133.7,150,,,,,,,,,,,,,,,,,,
2026-07-07T22:00:11.328614+00:00,2026-07-07T22:00:11.328488,2,1,133.5,0.4,133.3,47,132.8,100,,,,,,,,,,,,,,,,,133.7,100,,,,,,,,,,,,,,,,,,
2026-07-07T22:00:13.058611+00:00,2026-07-07T22:00:13.055621,0,0,,,,,,,,,,,,,,,,,,,,,,,,,,,,,,,,,,,,,,,,,,
2026-07-07T22:00:13.114495+00:00,2026-07-07T22:00:13.114356,2,0,,,133.1,100,133.0,150,,,,,,,,,,,,,,,,,,,,,,,,,,,,,,,,,,,,
2026-07-07T22:00:13.164256+00:00,2026-07-07T22:00:13.164186,2,2,133.3,0.4,133.1,100,133.0,150,,,,,,,,,,,,,,,,,133.5,150,133.6,100,,,,,,,,,,,,,,,,
2026-07-07T22:00:13.442422+00:00,2026-07-07T22:00:13.442386,2,2,133.3,0.4,133.1,100,133.0,150,,,,,,,,,,,,,,,,,133.5,100,133.6,100,,,,,,,,,,,,,,,,
2026-07-07T22:00:14.047141+00:00,2026-07-07T22:00:14.046978,2,2,133.3,0.4,133.1,100,133.0,150,,,,,,,,,,,,,,,,,133.5,59,133.6,100,,,,,,,,,,,,,,,,
2026-07-07T22:00:16.218287+00:00,2026-07-07T22:00:16.218203,2,1,133.3,0.4,133.1,100,133.0,150,,,,,,,,,,,,,,,,,133.5,59,,,,,,,,,,,,,,,,,,
2026-07-07T22:00:16.223447+00:00,2026-07-07T22:00:16.223398,0,0,,,,,,,,,,,,,,,,,,,,,,,,,,,,,,,,,,,,,,,,,,
2026-07-07T22:00:16.300075+00:00,2026-07-07T22:00:16.299973,1,0,,,132.9,100,,,,,,,,,,,,,,,,,,,,,,,,,,,,,,,,,,,,,,
2026-07-07T22:00:16.305070+00:00,2026-07-07T22:00:16.305168,2,0,,,133.2,150,132.9,100,,,,,,,,,,,,,,,,,,,,,,,,,,,,,,,,,,,,
2026-07-07T22:00:16.358589+00:00,2026-07-07T22:00:16.353636,2,2,133.3,0.2,133.2,150,132.9,100,,,,,,,,,,,,,,,,,133.4,100,133.7,150,,,,,,,,,,,,,,,,
2026-07-07T22:00:16.650402+00:00,2026-07-07T22:00:16.650239,2,2,133.3,0.2,133.2,104,132.9,100,,,,,,,,,,,,,,,,,133.4,100,133.7,150,,,,,,,,,,,,,,,,
2026-07-07T22:00:17.704216+00:00,2026-07-07T22:00:17.704092,2,2,133.3,0.2,133.2,54,132.9,100,,,,,,,,,,,,,,,,,133.4,100,133.7,150,,,,,,,,,,,,,,,,
2026-07-07T22:00:18.228826+00:00,2026-07-07T22:00:18.228721,2,2,133.3,0.2,133.2,54,132.9,100,,,,,,,,,,,,,,,,,133.4,59,133.7,150,,,,,,,,,,,,,,,,
2026-07-07T22:00:18.815645+00:00,2026-07-07T22:00:18.815570,2,2,133.3,0.2,133.2,11,132.9,100,,,,,,,,,,,,,,,,,133.4,59,133.7,150,,,,,,,,,,,,,,,,
2026-07-07T22:00:19.273330+00:00,2026-07-07T22:00:19.273185,1,2,133.15,0.5,132.9,67,,,,,,,,,,,,,,,,,,,133.4,59,133.7,150,,,,,,,,,,,,,,,,
2026-07-07T22:00:19.409126+00:00,2026-07-07T22:00:19.409267,1,1,133.3,0.8,132.9,67,,,,,,,,,,,,,,,,,,,133.7,150,,,,,,,,,,,,,,,,,,
2026-07-07T22:00:19.414535+00:00,2026-07-07T22:00:19.414459,0,0,,,,,,,,,,,,,,,,,,,,,,,,,,,,,,,,,,,,,,,,,,
2026-07-07T22:00:19.470042+00:00,2026-07-07T22:00:19.469934,2,0,,,133.0,100,132.7,150,,,,,,,,,,,,,,,,,,,,,,,,,,,,,,,,,,,,
2026-07-07T22:00:19.524375+00:00,2026-07-07T22:00:19.524268,2,2,133.1,0.2,133.0,100,132.7,150,,,,,,,,,,,,,,,,,133.2,150,133.5,100,,,,,,,,,,,,,,,,
2026-07-07T22:00:19.758697+00:00,2026-07-07T22:00:19.753641,2,2,133.1,0.2,133.0,100,132.7,150,,,,,,,,,,,,,,,,,133.2,101,133.5,100,,,,,,,,,,,,,,,,
2026-07-07T22:00:19.814339+00:00,2026-07-07T22:00:19.814495,2,2,133.1,0.2,133.0,50,132.7,150,,,,,,,,,,,,,,,,,133.2,101,133.5,100,,,,,,,,,,,,,,,,
2026-07-07T22:00:21.922151+00:00,2026-07-07T22:00:21.922020,1,2,132.95,0.5,132.7,150,,,,,,,,,,,,,,,,,,,133.2,101,133.5,100,,,,,,,,,,,,,,,,
2026-07-07T22:00:22.573750+00:00,2026-07-07T22:00:22.573859,1,1,132.95,0.5,132.7,150,,,,,,,,,,,,,,,,,,,133.2,101,,,,,,,,,,,,,,,,,,
2026-07-07T22:00:22.579153+00:00,2026-07-07T22:00:22.579041,0,0,,,,,,,,,,,,,,,,,,,,,,,,,,,,,,,,,,,,,,,,,,
2026-07-07T22:00:22.628387+00:00,2026-07-07T22:00:22.628347,1,0,,,132.7,100,,,,,,,,,,,,,,,,,,,,,,,,,,,,,,,,,,,,,,
2026-07-07T22:00:22.633596+00:00,2026-07-07T22:00:22.633518,2,0,,,132.8,150,132.7,100,,,,,,,,,,,,,,,,,,,,,,,,,,,,,,,,,,,,
2026-07-07T22:00:22.681586+00:00,2026-07-07T22:00:22.681527,2,1,133.0,0.4,132.8,150,132.7,100,,,,,,,,,,,,,,,,,133.2,100,,,,,,,,,,,,,,,,,,
2026-07-07T22:00:22.686828+00:00,2026-07-07T22:00:22.686696,2,2,133.0,0.4,132.8,150,132.7,100,,,,,,,,,,,,,,,,,133.2,100,133.3,150,,,,,,,,,,,,,,,,
2026-07-07T22:00:23.421932+00:00,2026-07-07T22:00:23.421809,2,2,133.0,0.4,132.8,108,132.7,100,,,,,,,,,,,,,,,,,133.2,100,133.3,150,,,,,,,,,,,,,,,,
2026-07-07T22:00:23.980153+00:00,2026-07-07T22:00:23.979956,2,2,133.0,0.4,132.8,108,132.7,100,,,,,,,,,,,,,,,,,133.2,50,133.3,150,,,,,,,,,,,,,,,,
2026-07-07T22:00:25.736989+00:00,2026-07-07T22:00:25.736897,1,1,133.05,0.5,132.8,108,,,,,,,,,,,,,,,,,,,133.3,150,,,,,,,,,,,,,,,,,,
2026-07-07T22:00:25.742197+00:00,2026-07-07T22:00:25.742095,0,0,,,,,,,,,,,,,,,,,,,,,,,,,,,,,,,,,,,,,,,,,,
2026-07-07T22:00:25.793378+00:00,2026-07-07T22:00:25.793488,2,0,,,132.7,100,132.5,150,,,,,,,,,,,,,,,,,,,,,,,,,,,,,,,,,,,,
2026-07-07T22:00:25.845959+00:00,2026-07-07T22:00:25.845860,2,2,132.85,0.3,132.7,100,132.5,150,,,,,,,,,,,,,,,,,133.0,150,133.2,100,,,,,,,,,,,,,,,,
2026-07-07T22:00:28.189195+00:00,2026-07-07T22:00:28.189053,2,2,132.85,0.3,132.7,100,132.5,150,,,,,,,,,,,,,,,,,133.0,100,133.2,100,,,,,,,,,,,,,,,,
2026-07-07T22:00:28.900376+00:00,2026-07-07T22:00:28.900321,2,1,132.85,0.3,132.7,100,132.5,150,,,,,,,,,,,,,,,,,133.0,100,,,,,,,,,,,,,,,,,,
2026-07-07T22:00:28.905611+00:00,2026-07-07T22:00:28.905543,0,0,,,,,,,,,,,,,,,,,,,,,,,,,,,,,,,,,,,,,,,,,,
2026-07-07T22:00:28.958638+00:00,2026-07-07T22:00:28.953769,2,0,,,132.7,150,132.6,100,,,,,,,,,,,,,,,,,,,,,,,,,,,,,,,,,,,,
2026-07-07T22:00:29.018692+00:00,2026-07-07T22:00:29.018589,2,2,132.9,0.4,132.7,150,132.6,100,,,,,,,,,,,,,,,,,133.1,100,133.2,150,,,,,,,,,,,,,,,,
2026-07-07T22:00:30.295966+00:00,2026-07-07T22:00:30.295838,2,2,132.9,0.4,132.7,150,132.6,100,,,,,,,,,,,,,,,,,133.1,50,133.2,150,,,,,,,,,,,,,,,,
2026-07-07T22:00:32.074371+00:00,2026-07-07T22:00:32.074290,0,0,,,,,,,,,,,,,,,,,,,,,,,,,,,,,,,,,,,,,,,,,,
2026-07-07T22:00:32.124326+00:00,2026-07-07T22:00:32.124239,1,0,,,132.9,150,,,,,,,,,,,,,,,,,,,,,,,,,,,,,,,,,,,,,,
2026-07-07T22:00:32.129316+00:00,2026-07-07T22:00:32.129479,2,0,,,133.0,100,132.9,150,,,,,,,,,,,,,,,,,,,,,,,,,,,,,,,,,,,,
2026-07-07T22:00:32.179223+00:00,2026-07-07T22:00:32.179118,2,2,133.2,0.4,133.0,100,132.9,150,,,,,,,,,,,,,,,,,133.4,150,133.5,100,,,,,,,,,,,,,,,,
2026-07-07T22:00:32.458652+00:00,2026-07-07T22:00:32.456447,2,2,133.2,0.4,133.0,50,132.9,150,,,,,,,,,,,,,,,,,133.4,150,133.5,100,,,,,,,,,,,,,,,,
2026-07-07T22:00:33.550418+00:00,2026-07-07T22:00:33.550280,2,2,133.2,0.4,133.0,50,132.9,150,,,,,,,,,,,,,,,,,133.4,102,133.5,100,,,,,,,,,,,,,,,,
2026-07-07T22:00:34.565496+00:00,2026-07-07T22:00:34.565419,1,2,133.15,0.5,132.9,150,,,,,,,,,,,,,,,,,,,133.4,102,133.5,100,,,,,,,,,,,,,,,,
2026-07-07T22:00:35.233992+00:00,2026-07-07T22:00:35.233918,0,1,,,,,,,,,,,,,,,,,,,,,,,133.5,100,,,,,,,,,,,,,,,,,,
2026-07-07T22:00:35.239002+00:00,2026-07-07T22:00:35.239089,0,0,,,,,,,,,,,,,,,,,,,,,,,,,,,,,,,,,,,,,,,,,,
2026-07-07T22:00:35.287108+00:00,2026-07-07T22:00:35.287036,2,0,,,133.2,150,132.8,100,,,,,,,,,,,,,,,,,,,,,,,,,,,,,,,,,,,,
2026-07-07T22:00:35.342454+00:00,2026-07-07T22:00:35.342367,2,2,133.25,0.1,133.2,150,132.8,100,,,,,,,,,,,,,,,,,133.3,100,133.7,150,,,,,,,,,,,,,,,,
2026-07-07T22:00:36.163957+00:00,2026-07-07T22:00:36.163839,2,2,133.25,0.1,133.2,150,132.8,100,,,,,,,,,,,,,,,,,133.3,56,133.7,150,,,,,,,,,,,,,,,,
2026-07-07T22:00:36.675024+00:00,2026-07-07T22:00:36.674973,2,2,133.25,0.1,133.2,100,132.8,100,,,,,,,,,,,,,,,,,133.3,56,133.7,150,,,,,,,,,,,,,,,,
2026-07-07T22:00:38.394831+00:00,2026-07-07T22:00:38.394743,2,1,133.45,0.5,133.2,100,132.8,100,,,,,,,,,,,,,,,,,133.7,150,,,,,,,,,,,,,,,,,,
2026-07-07T22:00:38.399998+00:00,2026-07-07T22:00:38.399959,0,0,,,,,,,,,,,,,,,,,,,,,,,,,,,,,,,,,,,,,,,,,,
2026-07-07T22:00:38.452953+00:00,2026-07-07T22:00:38.452871,1,0,,,133.2,250,,,,,,,,,,,,,,,,,,,,,,,,,,,,,,,,,,,,,,
2026-07-07T22:00:38.506663+00:00,2026-07-07T22:00:38.506521,1,1,133.45,0.5,133.2,250,,,,,,,,,,,,,,,,,,,133.7,250,,,,,,,,,,,,,,,,,,
2026-07-07T22:00:38.781429+00:00,2026-07-07T22:00:38.781582,1,1,133.45,0.5,133.2,200,,,,,,,,,,,,,,,,,,,133.7,250,,,,,,,,,,,,,,,,,,
2026-07-07T22:00:40.888775+00:00,2026-07-07T22:00:40.888668,1,1,133.45,0.5,133.2,150,,,,,,,,,,,,,,,,,,,133.7,250,,,,,,,,,,,,,,,,,,
2026-07-07T22:00:41.189814+00:00,2026-07-07T22:00:41.189774,1,1,133.45,0.5,133.2,102,,,,,,,,,,,,,,,,,,,133.7,250,,,,,,,,,,,,,,,,,,
2026-07-07T22:00:41.560779+00:00,2026-07-07T22:00:41.560748,1,1,133.45,0.5,133.2,102,,,,,,,,,,,,,,,,,,,133.7,150,,,,,,,,,,,,,,,,,,
2026-07-07T22:00:41.566126+00:00,2026-07-07T22:00:41.565960,0,0,,,,,,,,,,,,,,,,,,,,,,,,,,,,,,,,,,,,,,,,,,
2026-07-07T22:00:41.616389+00:00,2026-07-07T22:00:41.616311,2,0,,,132.8,150,132.7,100,,,,,,,,,,,,,,,,,,,,,,,,,,,,,,,,,,,,
2026-07-07T22:00:41.669750+00:00,2026-07-07T22:00:41.669644,2,1,133.0,0.4,132.8,150,132.7,100,,,,,,,,,,,,,,,,,133.2,100,,,,,,,,,,,,,,,,,,
2026-07-07T22:00:41.674986+00:00,2026-07-07T22:00:41.674858,2,2,133.0,0.4,132.8,150,132.7,100,,,,,,,,,,,,,,,,,133.2,100,133.3,150,,,,,,,,,,,,,,,,
2026-07-07T22:00:42.995589+00:00,2026-07-07T22:00:42.995519,2,2,133.0,0.4,132.8,100,132.7,100,,,,,,,,,,,,,,,,,133.2,100,133.3,150,,,,,,,,,,,,,,,,
2026-07-07T22:00:43.834320+00:00,2026-07-07T22:00:43.834187,2,2,133.0,0.4,132.8,100,132.7,100,,,,,,,,,,,,,,,,,133.2,57,133.3,150,,,,,,,,,,,,,,,,
2026-07-07T22:00:44.668384+00:00,2026-07-07T22:00:44.662412,2,2,133.0,0.4,132.8,100,132.7,100,,,,,,,,,,,,,,,,,133.2,43,133.3,150,,,,,,,,,,,,,,,,
2026-07-07T22:00:44.745711+00:00,2026-07-07T22:00:44.745621,1,0,,,132.8,100,,,,,,,,,,,,,,,,,,,,,,,,,,,,,,,,,,,,,,
2026-07-07T22:00:44.750863+00:00,2026-07-07T22:00:44.750789,0,0,,,,,,,,,,,,,,,,,,,,,,,,,,,,,,,,,,,,,,,,,,
2026-07-07T22:00:44.799344+00:00,2026-07-07T22:00:44.799238,2,0,,,133.1,100,132.9,150,,,,,,,,,,,,,,,,,,,,,,,,,,,,,,,,,,,,
2026-07-07T22:00:44.851091+00:00,2026-07-07T22:00:44.851224,2,1,133.25,0.3,133.1,100,132.9,150,,,,,,,,,,,,,,,,,133.4,150,,,,,,,,,,,,,,,,,,
2026-07-07T22:00:44.856463+00:00,2026-07-07T22:00:44.856410,2,2,133.25,0.3,133.1,100,132.9,150,,,,,,,,,,,,,,,,,133.4,150,133.6,100,,,,,,,,,,,,,,,,
2026-07-07T22:00:47.164091+00:00,2026-07-07T22:00:47.163852,2,2,133.25,0.3,133.1,100,132.9,150,,,,,,,,,,,,,,,,,133.4,100,133.6,100,,,,,,,,,,,,,,,,
2026-07-07T22:00:47.478185+00:00,2026-07-07T22:00:47.478052,2,2,133.25,0.3,133.1,54,132.9,150,,,,,,,,,,,,,,,,,133.4,100,133.6,100,,,,,,,,,,,,,,,,
2026-07-07T22:00:47.908875+00:00,2026-07-07T22:00:47.908818,2,1,133.35,0.5,133.1,54,132.9,150,,,,,,,,,,,,,,,,,133.6,100,,,,,,,,,,,,,,,,,,
2026-07-07T22:00:47.914140+00:00,2026-07-07T22:00:47.914043,0,0,,,,,,,,,,,,,,,,,,,,,,,,,,,,,,,,,,,,,,,,,,
2026-07-07T22:00:47.958599+00:00,2026-07-07T22:00:47.957672,1,0,,,133.1,150,,,,,,,,,,,,,,,,,,,,,,,,,,,,,,,,,,,,,,
2026-07-07T22:00:47.970637+00:00,2026-07-07T22:00:47.970514,2,0,,,133.1,150,133.0,100,,,,,,,,,,,,,,,,,,,,,,,,,,,,,,,,,,,,
2026-07-07T22:00:48.019281+00:00,2026-07-07T22:00:48.019228,2,1,133.35,0.5,133.1,150,133.0,100,,,,,,,,,,,,,,,,,133.6,150,,,,,,,,,,,,,,,,,,
2026-07-07T22:00:48.024482+00:00,2026-07-07T22:00:48.024408,2,2,133.3,0.4,133.1,150,133.0,100,,,,,,,,,,,,,,,,,133.5,100,133.6,150,,,,,,,,,,,,,,,,
2026-07-07T22:00:48.939293+00:00,2026-07-07T22:00:48.939197,2,2,133.3,0.4,133.1,105,133.0,100,,,,,,,,,,,,,,,,,133.5,100,133.6,150,,,,,,,,,,,,,,,,
2026-07-07T22:00:49.264205+00:00,2026-07-07T22:00:49.264041,2,2,133.3,0.4,133.1,105,133.0,100,,,,,,,,,,,,,,,,,133.5,50,133.6,150,,,,,,,,,,,,,,,,
2026-07-07T22:00:51.073419+00:00,2026-07-07T22:00:51.073325,1,1,133.25,0.5,133.0,100,,,,,,,,,,,,,,,,,,,133.5,50,,,,,,,,,,,,,,,,,,
2026-07-07T22:00:51.078653+00:00,2026-07-07T22:00:51.078558,0,0,,,,,,,,,,,,,,,,,,,,,,,,,,,,,,,,,,,,,,,,,,
2026-07-07T22:00:51.127393+00:00,2026-07-07T22:00:51.127312,1,0,,,132.8,150,,,,,,,,,,,,,,,,,,,,,,,,,,,,,,,,,,,,,,
2026-07-07T22:00:51.132580+00:00,2026-07-07T22:00:51.132479,2,0,,,133.0,100,132.8,150,,,,,,,,,,,,,,,,,,,,,,,,,,,,,,,,,,,,
2026-07-07T22:00:51.181738+00:00,2026-07-07T22:00:51.181683,2,2,133.15,0.3,133.0,100,132.8,150,,,,,,,,,,,,,,,,,133.3,150,133.5,100,,,,,,,,,,,,,,,,
2026-07-07T22:00:51.373711+00:00,2026-07-07T22:00:51.373579,2,2,133.15,0.3,133.0,100,132.8,150,,,,,,,,,,,,,,,,,133.3,100,133.5,100,,,,,,,,,,,,,,,,
2026-07-07T22:00:52.119422+00:00,2026-07-07T22:00:52.119310,2,2,133.15,0.3,133.0,100,132.8,150,,,,,,,,,,,,,,,,,133.3,52,133.5,100,,,,,,,,,,,,,,,,
2026-07-07T22:00:53.480882+00:00,2026-07-07T22:00:53.480816,2,2,133.15,0.3,133.0,100,132.8,150,,,,,,,,,,,,,,,,,133.3,2,133.5,100,,,,,,,,,,,,,,,,
2026-07-07T22:00:54.234033+00:00,2026-07-07T22:00:54.233931,2,1,133.15,0.3,133.0,100,132.8,150,,,,,,,,,,,,,,,,,133.3,2,,,,,,,,,,,,,,,,,,
2026-07-07T22:00:54.239013+00:00,2026-07-07T22:00:54.239106,1,0,,,132.8,150,,,,,,,,,,,,,,,,,,,,,,,,,,,,,,,,,,,,,,
2026-07-07T22:00:54.244338+00:00,2026-07-07T22:00:54.244256,0,0,,,,,,,,,,,,,,,,,,,,,,,,,,,,,,,,,,,,,,,,,,
2026-07-07T22:00:54.292912+00:00,2026-07-07T22:00:54.292855,1,0,,,132.9,100,,,,,,,,,,,,,,,,,,,,,,,,,,,,,,,,,,,,,,
2026-07-07T22:00:54.298108+00:00,2026-07-07T22:00:54.298029,2,0,,,133.3,150,132.9,100,,,,,,,,,,,,,,,,,,,,,,,,,,,,,,,,,,,,
2026-07-07T22:00:54.355948+00:00,2026-07-07T22:00:54.348140,2,2,133.35,0.1,133.3,136,132.9,100,,,,,,,,,,,,,,,,,133.4,100,133.8,150,,,,,,,,,,,,,,,,
2026-07-07T22:00:54.730753+00:00,2026-07-07T22:00:54.730611,2,2,133.35,0.1,133.3,91,132.9,100,,,,,,,,,,,,,,,,,133.4,100,133.8,150,,,,,,,,,,,,,,,,
2026-07-07T22:00:55.589096+00:00,2026-07-07T22:00:55.589248,2,2,133.35,0.1,133.3,91,132.9,100,,,,,,,,,,,,,,,,,133.4,50,133.8,150,,,,,,,,,,,,,,,,
2026-07-07T22:00:57.400193+00:00,2026-07-07T22:00:57.400110,1,0,,,133.3,91,,,,,,,,,,,,,,,,,,,,,,,,,,,,,,,,,,,,,,
2026-07-07T22:00:57.405212+00:00,2026-07-07T22:00:57.405288,0,0,,,,,,,,,,,,,,,,,,,,,,,,,,,,,,,,,,,,,,,,,,
2026-07-07T22:00:57.468927+00:00,2026-07-07T22:00:57.468843,1,0,,,133.1,250,,,,,,,,,,,,,,,,,,,,,,,,,,,,,,,,,,,,,,
2026-07-07T22:00:57.512072+00:00,2026-07-07T22:00:57.512234,1,1,133.35,0.5,133.1,250,,,,,,,,,,,,,,,,,,,133.6,100,,,,,,,,,,,,,,,,,,
2026-07-07T22:00:57.517532+00:00,2026-07-07T22:00:57.517420,1,1,133.35,0.5,133.1,250,,,,,,,,,,,,,,,,,,,133.6,250,,,,,,,,,,,,,,,,,,
2026-07-07T22:00:57.705724+00:00,2026-07-07T22:00:57.705668,1,1,133.35,0.5,133.1,250,,,,,,,,,,,,,,,,,,,133.6,200,,,,,,,,,,,,,,,,,,
2026-07-07T22:00:58.697800+00:00,2026-07-07T22:00:58.697743,1,1,133.35,0.5,133.1,250,,,,,,,,,,,,,,,,,,,133.6,158,,,,,,,,,,,,,,,,,,
2026-07-07T22:00:59.298977+00:00,2026-07-07T22:00:59.298929,1,1,133.35,0.5,133.1,250,,,,,,,,,,,,,,,,,,,133.6,114,,,,,,,,,,,,,,,,,,
2026-07-07T22:01:00.570623+00:00,2026-07-07T22:01:00.570503,1,1,133.35,0.5,133.1,150,,,,,,,,,,,,,,,,,,,133.6,114,,,,,,,,,,,,,,,,,,
2026-07-07T22:01:00.575816+00:00,2026-07-07T22:01:00.575760,0,0,,,,,,,,,,,,,,,,,,,,,,,,,,,,,,,,,,,,,,,,,,
2026-07-07T22:01:00.623952+00:00,2026-07-07T22:01:00.623798,1,0,,,133.5,100,,,,,,,,,,,,,,,,,,,,,,,,,,,,,,,,,,,,,,
2026-07-07T22:01:00.629210+00:00,2026-07-07T22:01:00.629055,2,0,,,133.5,100,133.4,150,,,,,,,,,,,,,,,,,,,,,,,,,,,,,,,,,,,,
2026-07-07T22:01:00.672034+00:00,2026-07-07T22:01:00.671940,2,1,133.75,0.5,133.5,100,133.4,150,,,,,,,,,,,,,,,,,134.0,100,,,,,,,,,,,,,,,,,,
2026-07-07T22:01:00.682394+00:00,2026-07-07T22:01:00.682338,2,2,133.65,0.3,133.5,100,133.4,150,,,,,,,,,,,,,,,,,133.8,150,134.0,100,,,,,,,,,,,,,,,,
2026-07-07T22:01:01.920152+00:00,2026-07-07T22:01:01.920090,2,2,133.65,0.3,133.5,100,133.4,150,,,,,,,,,,,,,,,,,133.8,100,134.0,100,,,,,,,,,,,,,,,,
2026-07-07T22:01:02.120943+00:00,2026-07-07T22:01:02.120854,2,2,133.65,0.3,133.5,60,133.4,150,,,,,,,,,,,,,,,,,133.8,100,134.0,100,,,,,,,,,,,,,,,,
2026-07-07T22:01:02.737499+00:00,2026-07-07T22:01:02.737421,2,2,133.65,0.3,133.5,20,133.4,150,,,,,,,,,,,,,,,,,133.8,100,134.0,100,,,,,,,,,,,,,,,,
2026-07-07T22:01:03.731170+00:00,2026-07-07T22:01:03.731128,1,1,133.6,0.4,133.4,150,,,,,,,,,,,,,,,,,,,133.8,100,,,,,,,,,,,,,,,,,,
2026-07-07T22:01:03.736366+00:00,2026-07-07T22:01:03.736324,0,0,,,,,,,,,,,,,,,,,,,,,,,,,,,,,,,,,,,,,,,,,,
2026-07-07T22:01:03.786834+00:00,2026-07-07T22:01:03.786690,2,0,,,133.5,150,133.2,100,,,,,,,,,,,,,,,,,,,,,,,,,,,,,,,,,,,,
2026-07-07T22:01:03.835724+00:00,2026-07-07T22:01:03.835644,2,1,133.6,0.2,133.5,150,133.2,100,,,,,,,,,,,,,,,,,133.7,100,,,,,,,,,,,,,,,,,,
2026-07-07T22:01:03.840995+00:00,2026-07-07T22:01:03.840848,2,2,133.6,0.2,133.5,150,133.2,100,,,,,,,,,,,,,,,,,133.7,100,134.0,150,,,,,,,,,,,,,,,,
2026-07-07T22:01:04.029062+00:00,2026-07-07T22:01:04.029015,2,2,133.6,0.2,133.5,150,133.2,100,,,,,,,,,,,,,,,,,133.7,50,134.0,150,,,,,,,,,,,,,,,,
2026-07-07T22:01:05.793579+00:00,2026-07-07T22:01:05.793373,2,2,133.6,0.2,133.5,108,133.2,100,,,,,,,,,,,,,,,,,133.7,50,134.0,150,,,,,,,,,,,,,,,,
2026-07-07T22:01:06.188649+00:00,2026-07-07T22:01:06.188586,2,2,133.6,0.2,133.5,58,133.2,100,,,,,,,,,,,,,,,,,133.7,50,134.0,150,,,,,,,,,,,,,,,,
2026-07-07T22:01:06.272844+00:00,2026-07-07T22:01:06.272815,2,2,133.6,0.2,133.5,58,133.2,100,,,,,,,,,,,,,,,,,133.7,5,134.0,150,,,,,,,,,,,,,,,,
2026-07-07T22:01:06.894236+00:00,2026-07-07T22:01:06.894168,1,1,133.75,0.5,133.5,58,,,,,,,,,,,,,,,,,,,134.0,150,,,,,,,,,,,,,,,,,,
2026-07-07T22:01:06.899496+00:00,2026-07-07T22:01:06.899400,0,0,,,,,,,,,,,,,,,,,,,,,,,,,,,,,,,,,,,,,,,,,,
2026-07-07T22:01:06.950764+00:00,2026-07-07T22:01:06.950657,2,0,,,133.3,100,133.0,150,,,,,,,,,,,,,,,,,,,,,,,,,,,,,,,,,,,,
2026-07-07T22:01:07.003216+00:00,2026-07-07T22:01:07.003141,2,2,133.4,0.2,133.3,100,133.0,150,,,,,,,,,,,,,,,,,133.5,150,133.8,100,,,,,,,,,,,,,,,,
2026-07-07T22:01:07.758622+00:00,2026-07-07T22:01:07.757695,2,2,133.4,0.2,133.3,100,133.0,150,,,,,,,,,,,,,,,,,133.5,105,133.8,100,,,,,,,,,,,,,,,,
2026-07-07T22:01:08.245080+00:00,2026-07-07T22:01:08.245043,2,2,133.4,0.2,133.3,100,133.0,150,,,,,,,,,,,,,,,,,133.5,55,133.8,100,,,,,,,,,,,,,,,,
2026-07-07T22:01:08.326664+00:00,2026-07-07T22:01:08.326555,2,2,133.4,0.2,133.3,55,133.0,150,,,,,,,,,,,,,,,,,133.5,55,133.8,100,,,,,,,,,,,,,,,,
2026-07-07T22:01:10.019724+00:00,2026-07-07T22:01:10.019612,2,2,133.4,0.2,133.3,55,133.0,150,,,,,,,,,,,,,,,,,133.5,9,133.8,100,,,,,,,,,,,,,,,,
2026-07-07T22:01:10.058653+00:00,2026-07-07T22:01:10.057315,0,0,,,,,,,,,,,,,,,,,,,,,,,,,,,,,,,,,,,,,,,,,,
2026-07-07T22:01:10.112924+00:00,2026-07-07T22:01:10.112816,1,0,,,133.1,100,,,,,,,,,,,,,,,,,,,,,,,,,,,,,,,,,,,,,,
2026-07-07T22:01:10.118110+00:00,2026-07-07T22:01:10.118049,2,0,,,133.4,150,133.1,100,,,,,,,,,,,,,,,,,,,,,,,,,,,,,,,,,,,,
2026-07-07T22:01:10.186277+00:00,2026-07-07T22:01:10.186201,2,1,133.5,0.2,133.4,150,133.1,100,,,,,,,,,,,,,,,,,133.6,100,,,,,,,,,,,,,,,,,,
2026-07-07T22:01:10.191464+00:00,2026-07-07T22:01:10.191409,2,2,133.5,0.2,133.4,150,133.1,100,,,,,,,,,,,,,,,,,133.6,100,133.9,150,,,,,,,,,,,,,,,,
2026-07-07T22:01:10.827615+00:00,2026-07-07T22:01:10.821288,2,2,133.5,0.2,133.4,147,133.1,100,,,,,,,,,,,,,,,,,133.6,100,133.9,150,,,,,,,,,,,,,,,,
2026-07-07T22:01:12.051007+00:00,2026-07-07T22:01:12.045112,2,2,133.5,0.2,133.4,136,133.1,100,,,,,,,,,,,,,,,,,133.6,100,133.9,150,,,,,,,,,,,,,,,,
2026-07-07T22:01:12.458589+00:00,2026-07-07T22:01:12.455107,2,2,133.5,0.2,133.4,136,133.1,100,,,,,,,,,,,,,,,,,133.6,50,133.9,150,,,,,,,,,,,,,,,,
2026-07-07T22:01:13.239637+00:00,2026-07-07T22:01:13.239524,1,1,133.65,0.5,133.4,136,,,,,,,,,,,,,,,,,,,133.9,150,,,,,,,,,,,,,,,,,,
2026-07-07T22:01:13.244879+00:00,2026-07-07T22:01:13.244746,0,0,,,,,,,,,,,,,,,,,,,,,,,,,,,,,,,,,,,,,,,,,,
2026-07-07T22:01:13.296348+00:00,2026-07-07T22:01:13.296235,2,0,,,133.4,150,133.3,100,,,,,,,,,,,,,,,,,,,,,,,,,,,,,,,,,,,,
2026-07-07T22:01:13.351567+00:00,2026-07-07T22:01:13.351489,2,2,133.6,0.4,133.4,150,133.3,100,,,,,,,,,,,,,,,,,133.8,100,133.9,150,,,,,,,,,,,,,,,,
2026-07-07T22:01:14.565484+00:00,2026-07-07T22:01:14.565342,2,2,133.6,0.4,133.4,150,133.3,100,,,,,,,,,,,,,,,,,133.8,50,133.9,150,,,,,,,,,,,,,,,,
2026-07-07T22:01:16.407627+00:00,2026-07-07T22:01:16.407837,1,0,,,133.4,150,,,,,,,,,,,,,,,,,,,,,,,,,,,,,,,,,,,,,,
2026-07-07T22:01:16.413127+00:00,2026-07-07T22:01:16.413012,0,0,,,,,,,,,,,,,,,,,,,,,,,,,,,,,,,,,,,,,,,,,,
2026-07-07T22:01:16.458553+00:00,2026-07-07T22:01:16.457060,1,0,,,133.3,59,,,,,,,,,,,,,,,,,,,,,,,,,,,,,,,,,,,,,,
2026-07-07T22:01:16.468788+00:00,2026-07-07T22:01:16.468909,2,0,,,133.3,59,133.2,150,,,,,,,,,,,,,,,,,,,,,,,,,,,,,,,,,,,,
2026-07-07T22:01:16.516328+00:00,2026-07-07T22:01:16.516207,2,1,133.55,0.5,133.3,59,133.2,150,,,,,,,,,,,,,,,,,133.8,100,,,,,,,,,,,,,,,,,,
2026-07-07T22:01:16.521482+00:00,2026-07-07T22:01:16.521377,2,2,133.5,0.4,133.3,59,133.2,150,,,,,,,,,,,,,,,,,133.7,150,133.8,100,,,,,,,,,,,,,,,,
2026-07-07T22:01:18.087051+00:00,2026-07-07T22:01:18.071390,2,2,133.5,0.4,133.3,36,133.2,150,,,,,,,,,,,,,,,,,133.7,150,133.8,100,,,,,,,,,,,,,,,,
2026-07-07T22:01:19.570110+00:00,2026-07-07T22:01:19.570051,1,1,133.45,0.5,133.2,150,,,,,,,,,,,,,,,,,,,133.7,150,,,,,,,,,,,,,,,,,,
2026-07-07T22:01:19.575339+00:00,2026-07-07T22:01:19.575256,0,0,,,,,,,,,,,,,,,,,,,,,,,,,,,,,,,,,,,,,,,,,,
2026-07-07T22:01:19.626631+00:00,2026-07-07T22:01:19.626493,2,0,,,133.0,150,132.8,100,,,,,,,,,,,,,,,,,,,,,,,,,,,,,,,,,,,,
2026-07-07T22:01:19.667449+00:00,2026-07-07T22:01:19.667387,2,0,,,133.0,103,132.8,100,,,,,,,,,,,,,,,,,,,,,,,,,,,,,,,,,,,,
2026-07-07T22:01:19.677716+00:00,2026-07-07T22:01:19.677845,2,1,133.15,0.3,133.0,103,132.8,100,,,,,,,,,,,,,,,,,133.3,100,,,,,,,,,,,,,,,,,,
2026-07-07T22:01:19.682926+00:00,2026-07-07T22:01:19.683018,2,2,133.15,0.3,133.0,103,132.8,100,,,,,,,,,,,,,,,,,133.3,100,133.5,150,,,,,,,,,,,,,,,,
2026-07-07T22:01:20.881240+00:00,2026-07-07T22:01:20.881420,2,2,133.15,0.3,133.0,103,132.8,100,,,,,,,,,,,,,,,,,133.3,50,133.5,150,,,,,,,,,,,,,,,,
2026-07-07T22:01:22.734394+00:00,2026-07-07T22:01:22.729876,0,0,,,,,,,,,,,,,,,,,,,,,,,,,,,,,,,,,,,,,,,,,,
2026-07-07T22:01:22.784998+00:00,2026-07-07T22:01:22.784928,1,0,,,133.2,100,,,,,,,,,,,,,,,,,,,,,,,,,,,,,,,,,,,,,,
2026-07-07T22:01:22.790225+00:00,2026-07-07T22:01:22.790112,2,0,,,133.2,100,133.0,150,,,,,,,,,,,,,,,,,,,,,,,,,,,,,,,,,,,,
2026-07-07T22:01:22.838224+00:00,2026-07-07T22:01:22.838153,2,1,133.45,0.5,133.2,100,133.0,150,,,,,,,,,,,,,,,,,133.7,100,,,,,,,,,,,,,,,,,,
2026-07-07T22:01:22.843438+00:00,2026-07-07T22:01:22.843329,2,2,133.35,0.3,133.2,100,133.0,150,,,,,,,,,,,,,,,,,133.5,150,133.7,100,,,,,,,,,,,,,,,,
2026-07-07T22:01:23.042020+00:00,2026-07-07T22:01:23.041913,2,2,133.35,0.3,133.2,50,133.0,150,,,,,,,,,,,,,,,,,133.5,150,133.7,100,,,,,,,,,,,,,,,,
2026-07-07T22:01:24.038919+00:00,2026-07-07T22:01:24.033676,2,2,133.35,0.3,133.2,8,133.0,150,,,,,,,,,,,,,,,,,133.5,150,133.7,100,,,,,,,,,,,,,,,,
2026-07-07T22:01:25.158861+00:00,2026-07-07T22:01:25.158709,1,2,133.25,0.5,133.0,108,,,,,,,,,,,,,,,,,,,133.5,150,133.7,100,,,,,,,,,,,,,,,,
2026-07-07T22:01:25.928889+00:00,2026-07-07T22:01:25.928859,1,0,,,133.0,108,,,,,,,,,,,,,,,,,,,,,,,,,,,,,,,,,,,,,,
2026-07-07T22:01:25.934164+00:00,2026-07-07T22:01:25.934007,0,0,,,,,,,,,,,,,,,,,,,,,,,,,,,,,,,,,,,,,,,,,,
2026-07-07T22:01:25.987210+00:00,2026-07-07T22:01:25.987169,2,0,,,132.5,100,132.4,150,,,,,,,,,,,,,,,,,,,,,,,,,,,,,,,,,,,,
2026-07-07T22:01:26.039905+00:00,2026-07-07T22:01:26.039857,2,1,132.75,0.5,132.5,100,132.4,150,,,,,,,,,,,,,,,,,133.0,100,,,,,,,,,,,,,,,,,,
2026-07-07T22:01:26.055067+00:00,2026-07-07T22:01:26.048878,2,2,132.7,0.4,132.5,100,132.4,150,,,,,,,,,,,,,,,,,132.9,139,133.0,100,,,,,,,,,,,,,,,,
2026-07-07T22:01:27.258571+00:00,2026-07-07T22:01:27.258115,2,2,132.7,0.4,132.5,50,132.4,150,,,,,,,,,,,,,,,,,132.9,139,133.0,100,,,,,,,,,,,,,,,,
2026-07-07T22:01:29.096531+00:00,2026-07-07T22:01:29.096382,1,1,132.65,0.5,132.4,150,,,,,,,,,,,,,,,,,,,132.9,139,,,,,,,,,,,,,,,,,,
2026-07-07T22:01:29.101736+00:00,2026-07-07T22:01:29.101620,0,0,,,,,,,,,,,,,,,,,,,,,,,,,,,,,,,,,,,,,,,,,,
2026-07-07T22:01:29.164284+00:00,2026-07-07T22:01:29.164202,2,0,,,132.4,150,132.2,100,,,,,,,,,,,,,,,,,,,,,,,,,,,,,,,,,,,,
2026-07-07T22:01:29.242980+00:00,2026-07-07T22:01:29.231610,2,2,132.55,0.3,132.4,150,132.2,100,,,,,,,,,,,,,,,,,132.7,88,132.9,150,,,,,,,,,,,,,,,,
2026-07-07T22:01:29.363323+00:00,2026-07-07T22:01:29.363456,2,2,132.55,0.3,132.4,100,132.2,100,,,,,,,,,,,,,,,,,132.7,88,132.9,150,,,,,,,,,,,,,,,,
2026-07-07T22:01:30.341667+00:00,2026-07-07T22:01:30.341609,2,2,132.55,0.3,132.4,100,132.2,100,,,,,,,,,,,,,,,,,132.7,41,132.9,150,,,,,,,,,,,,,,,,
2026-07-07T22:01:31.331697+00:00,2026-07-07T22:01:31.331662,2,2,132.55,0.3,132.4,100,132.2,100,,,,,,,,,,,,,,,,,132.7,1,132.9,150,,,,,,,,,,,,,,,,
2026-07-07T22:01:31.473362+00:00,2026-07-07T22:01:31.473221,2,2,132.55,0.3,132.4,50,132.2,100,,,,,,,,,,,,,,,,,132.7,1,132.9,150,,,,,,,,,,,,,,,,
2026-07-07T22:01:32.270926+00:00,2026-07-07T22:01:32.270890,1,1,132.65,0.5,132.4,50,,,,,,,,,,,,,,,,,,,132.9,150,,,,,,,,,,,,,,,,,,
2026-07-07T22:01:32.276253+00:00,2026-07-07T22:01:32.276090,0,0,,,,,,,,,,,,,,,,,,,,,,,,,,,,,,,,,,,,,,,,,,
2026-07-07T22:01:32.344452+00:00,2026-07-07T22:01:32.344356,2,0,,,132.4,100,131.9,150,,,,,,,,,,,,,,,,,,,,,,,,,,,,,,,,,,,,
2026-07-07T22:01:32.400564+00:00,2026-07-07T22:01:32.400352,2,1,132.65,0.5,132.4,100,131.9,150,,,,,,,,,,,,,,,,,132.9,100,,,,,,,,,,,,,,,,,,
2026-07-07T22:01:32.416426+00:00,2026-07-07T22:01:32.409934,1,2,132.15,0.5,131.9,150,,,,,,,,,,,,,,,,,,,132.4,36,132.9,100,,,,,,,,,,,,,,,,
2026-07-07T22:01:32.844201+00:00,2026-07-07T22:01:32.844093,1,1,132.4,1.0,131.9,150,,,,,,,,,,,,,,,,,,,132.9,88,,,,,,,,,,,,,,,,,,
2026-07-07T22:01:33.580399+00:00,2026-07-07T22:01:33.580528,1,1,132.4,1.0,131.9,100,,,,,,,,,,,,,,,,,,,132.9,88,,,,,,,,,,,,,,,,,,
2026-07-07T22:01:35.451447+00:00,2026-07-07T22:01:35.451581,1,0,,,131.9,100,,,,,,,,,,,,,,,,,,,,,,,,,,,,,,,,,,,,,,
2026-07-07T22:01:35.458635+00:00,2026-07-07T22:01:35.456740,0,0,,,,,,,,,,,,,,,,,,,,,,,,,,,,,,,,,,,,,,,,,,
2026-07-07T22:01:35.504823+00:00,2026-07-07T22:01:35.504678,1,0,,,132.4,100,,,,,,,,,,,,,,,,,,,,,,,,,,,,,,,,,,,,,,
2026-07-07T22:01:35.509903+00:00,2026-07-07T22:01:35.509854,2,0,,,132.5,150,132.4,100,,,,,,,,,,,,,,,,,,,,,,,,,,,,,,,,,,,,
2026-07-07T22:01:35.558613+00:00,2026-07-07T22:01:35.557455,2,2,132.7,0.4,132.5,150,132.4,100,,,,,,,,,,,,,,,,,132.9,100,133.0,150,,,,,,,,,,,,,,,,
2026-07-07T22:01:35.689863+00:00,2026-07-07T22:01:35.689998,2,2,132.7,0.4,132.5,100,132.4,100,,,,,,,,,,,,,,,,,132.9,100,133.0,150,,,,,,,,,,,,,,,,
2026-07-07T22:01:35.985619+00:00,2026-07-07T22:01:35.985598,2,2,132.7,0.4,132.5,58,132.4,100,,,,,,,,,,,,,,,,,132.9,100,133.0,150,,,,,,,,,,,,,,,,
2026-07-07T22:01:36.631963+00:00,2026-07-07T22:01:36.631847,2,2,132.7,0.4,132.5,16,132.4,100,,,,,,,,,,,,,,,,,132.9,100,133.0,150,,,,,,,,,,,,,,,,
2026-07-07T22:01:37.797119+00:00,2026-07-07T22:01:37.797077,1,2,132.65,0.5,132.4,66,,,,,,,,,,,,,,,,,,,132.9,100,133.0,150,,,,,,,,,,,,,,,,
2026-07-07T22:01:38.631819+00:00,2026-07-07T22:01:38.631752,0,1,,,,,,,,,,,,,,,,,,,,,,,133.0,150,,,,,,,,,,,,,,,,,,
2026-07-07T22:01:38.636860+00:00,2026-07-07T22:01:38.637017,0,0,,,,,,,,,,,,,,,,,,,,,,,,,,,,,,,,,,,,,,,,,,
2026-07-07T22:01:38.698231+00:00,2026-07-07T22:01:38.698340,2,0,,,132.1,100,131.7,150,,,,,,,,,,,,,,,,,,,,,,,,,,,,,,,,,,,,
2026-07-07T22:01:38.758616+00:00,2026-07-07T22:01:38.754559,2,2,132.15,0.1,132.1,100,131.7,150,,,,,,,,,,,,,,,,,132.2,150,132.6,100,,,,,,,,,,,,,,,,
2026-07-07T22:01:39.791350+00:00,2026-07-07T22:01:39.784744,2,2,132.15,0.1,132.1,100,131.7,150,,,,,,,,,,,,,,,,,132.2,136,132.6,100,,,,,,,,,,,,,,,,
2026-07-07T22:01:39.916686+00:00,2026-07-07T22:01:39.916566,2,2,132.15,0.1,132.1,50,131.7,150,,,,,,,,,,,,,,,,,132.2,136,132.6,100,,,,,,,,,,,,,,,,
2026-07-07T22:01:40.271827+00:00,2026-07-07T22:01:40.271978,2,2,132.15,0.1,132.1,50,131.7,150,,,,,,,,,,,,,,,,,132.2,96,132.6,100,,,,,,,,,,,,,,,,
2026-07-07T22:01:41.806266+00:00,2026-07-07T22:01:41.806234,1,1,132.35,0.5,132.1,50,,,,,,,,,,,,,,,,,,,132.6,100,,,,,,,,,,,,,,,,,,
2026-07-07T22:01:41.811488+00:00,2026-07-07T22:01:41.811406,0,0,,,,,,,,,,,,,,,,,,,,,,,,,,,,,,,,,,,,,,,,,,
2026-07-07T22:01:41.853288+00:00,2026-07-07T22:01:41.855539,2,0,,,132.0,100,131.9,150,,,,,,,,,,,,,,,,,,,,,,,,,,,,,,,,,,,,
2026-07-07T22:01:41.915626+00:00,2026-07-07T22:01:41.915529,2,2,132.2,0.4,132.0,100,131.9,150,,,,,,,,,,,,,,,,,132.4,150,132.5,100,,,,,,,,,,,,,,,,
2026-07-07T22:01:41.971401+00:00,2026-07-07T22:01:41.971320,2,2,132.2,0.4,132.0,100,131.9,150,,,,,,,,,,,,,,,,,132.4,100,132.5,100,,,,,,,,,,,,,,,,
2026-07-07T22:01:42.234734+00:00,2026-07-07T22:01:42.234705,2,2,132.2,0.4,132.0,100,131.9,150,,,,,,,,,,,,,,,,,132.4,56,132.5,100,,,,,,,,,,,,,,,,
2026-07-07T22:01:44.969608+00:00,2026-07-07T22:01:44.969501,0,0,,,,,,,,,,,,,,,,,,,,,,,,,,,,,,,,,,,,,,,,,,
2026-07-07T22:01:45.021565+00:00,2026-07-07T22:01:45.021331,1,0,,,132.3,150,,,,,,,,,,,,,,,,,,,,,,,,,,,,,,,,,,,,,,
2026-07-07T22:01:45.026438+00:00,2026-07-07T22:01:45.026593,2,0,,,132.3,150,131.9,100,,,,,,,,,,,,,,,,,,,,,,,,,,,,,,,,,,,,
2026-07-07T22:01:45.077935+00:00,2026-07-07T22:01:45.072060,2,2,132.35,0.1,132.3,136,131.9,100,,,,,,,,,,,,,,,,,132.4,100,132.8,150,,,,,,,,,,,,,,,,
2026-07-07T22:01:45.588760+00:00,2026-07-07T22:01:45.588713,2,2,132.35,0.1,132.3,136,131.9,100,,,,,,,,,,,,,,,,,132.4,52,132.8,150,,,,,,,,,,,,,,,,
2026-07-07T22:01:46.258700+00:00,2026-07-07T22:01:46.254186,2,2,132.35,0.1,132.3,86,131.9,100,,,,,,,,,,,,,,,,,132.4,52,132.8,150,,,,,,,,,,,,,,,,
2026-07-07T22:01:47.252131+00:00,2026-07-07T22:01:47.252020,2,2,132.35,0.1,132.3,40,131.9,100,,,,,,,,,,,,,,,,,132.4,52,132.8,150,,,,,,,,,,,,,,,,
2026-07-07T22:01:48.129181+00:00,2026-07-07T22:01:48.129288,1,1,132.15,0.5,131.9,100,,,,,,,,,,,,,,,,,,,132.4,52,,,,,,,,,,,,,,,,,,
2026-07-07T22:01:48.139598+00:00,2026-07-07T22:01:48.139557,0,0,,,,,,,,,,,,,,,,,,,,,,,,,,,,,,,,,,,,,,,,,,
2026-07-07T22:01:48.180397+00:00,2026-07-07T22:01:48.180272,1,0,,,131.7,150,,,,,,,,,,,,,,,,,,,,,,,,,,,,,,,,,,,,,,
2026-07-07T22:01:48.191540+00:00,2026-07-07T22:01:48.191449,2,0,,,131.9,100,131.7,150,,,,,,,,,,,,,,,,,,,,,,,,,,,,,,,,,,,,
2026-07-07T22:01:48.233224+00:00,2026-07-07T22:01:48.233167,2,1,132.05,0.3,131.9,100,131.7,150,,,,,,,,,,,,,,,,,132.2,150,,,,,,,,,,,,,,,,,,
2026-07-07T22:01:48.243961+00:00,2026-07-07T22:01:48.243846,2,2,132.05,0.3,131.9,100,131.7,150,,,,,,,,,,,,,,,,,132.2,150,132.4,100,,,,,,,,,,,,,,,,
2026-07-07T22:01:48.379739+00:00,2026-07-07T22:01:48.379661,2,2,132.05,0.3,131.9,50,131.7,150,,,,,,,,,,,,,,,,,132.2,150,132.4,100,,,,,,,,,,,,,,,,
2026-07-07T22:01:49.379546+00:00,2026-07-07T22:01:49.379439,2,2,132.05,0.3,131.9,50,131.7,150,,,,,,,,,,,,,,,,,132.2,108,132.4,100,,,,,,,,,,,,,,,,
2026-07-07T22:01:50.282338+00:00,2026-07-07T22:01:50.276098,2,2,132.05,0.3,131.9,50,131.7,150,,,,,,,,,,,,,,,,,132.2,105,132.4,100,,,,,,,,,,,,,,,,
2026-07-07T22:01:50.486613+00:00,2026-07-07T22:01:50.486506,1,2,131.95,0.5,131.7,150,,,,,,,,,,,,,,,,,,,132.2,105,132.4,100,,,,,,,,,,,,,,,,
2026-07-07T22:01:51.286572+00:00,2026-07-07T22:01:51.286713,0,1,,,,,,,,,,,,,,,,,,,,,,,132.4,100,,,,,,,,,,,,,,,,,,
2026-07-07T22:01:51.298670+00:00,2026-07-07T22:01:51.298552,0,0,,,,,,,,,,,,,,,,,,,,,,,,,,,,,,,,,,,,,,,,,,
2026-07-07T22:01:51.340374+00:00,2026-07-07T22:01:51.340333,1,0,,,132.1,150,,,,,,,,,,,,,,,,,,,,,,,,,,,,,,,,,,,,,,
2026-07-07T22:01:51.350561+00:00,2026-07-07T22:01:51.350637,2,0,,,132.1,150,131.8,100,,,,,,,,,,,,,,,,,,,,,,,,,,,,,,,,,,,,
2026-07-07T22:01:51.394648+00:00,2026-07-07T22:01:51.394569,2,1,132.35,0.5,132.1,150,131.8,100,,,,,,,,,,,,,,,,,132.6,150,,,,,,,,,,,,,,,,,,
2026-07-07T22:01:51.399832+00:00,2026-07-07T22:01:51.399720,2,2,132.2,0.2,132.1,150,131.8,100,,,,,,,,,,,,,,,,,132.3,100,132.6,150,,,,,,,,,,,,,,,,
2026-07-07T22:01:51.658587+00:00,2026-07-07T22:01:51.653866,2,2,132.2,0.2,132.1,102,131.8,100,,,,,,,,,,,,,,,,,132.3,100,132.6,150,,,,,,,,,,,,,,,,
2026-07-07T22:01:52.597695+00:00,2026-07-07T22:01:52.597638,2,2,132.2,0.2,132.1,52,131.8,100,,,,,,,,,,,,,,,,,132.3,100,132.6,150,,,,,,,,,,,,,,,,
2026-07-07T22:01:54.448728+00:00,2026-07-07T22:01:54.448632,1,1,132.05,0.5,131.8,100,,,,,,,,,,,,,,,,,,,132.3,100,,,,,,,,,,,,,,,,,,
2026-07-07T22:01:54.453868+00:00,2026-07-07T22:01:54.453817,0,0,,,,,,,,,,,,,,,,,,,,,,,,,,,,,,,,,,,,,,,,,,
2026-07-07T22:01:54.504610+00:00,2026-07-07T22:01:54.504466,1,0,,,131.7,150,,,,,,,,,,,,,,,,,,,,,,,,,,,,,,,,,,,,,,
2026-07-07T22:01:54.509562+00:00,2026-07-07T22:01:54.509686,2,0,,,131.8,100,131.7,150,,,,,,,,,,,,,,,,,,,,,,,,,,,,,,,,,,,,
2026-07-07T22:01:54.557484+00:00,2026-07-07T22:01:54.557657,2,2,132.0,0.4,131.8,100,131.7,150,,,,,,,,,,,,,,,,,132.2,150,132.3,100,,,,,,,,,,,,,,,,
2026-07-07T22:01:54.652129+00:00,2026-07-07T22:01:54.651999,2,2,132.0,0.4,131.8,100,131.7,150,,,,,,,,,,,,,,,,,132.2,100,132.3,100,,,,,,,,,,,,,,,,
2026-07-07T22:01:57.607872+00:00,2026-07-07T22:01:57.607825,2,1,132.05,0.5,131.8,100,131.7,150,,,,,,,,,,,,,,,,,132.3,100,,,,,,,,,,,,,,,,,,
2026-07-07T22:01:57.613082+00:00,2026-07-07T22:01:57.613037,1,0,,,131.8,100,,,,,,,,,,,,,,,,,,,,,,,,,,,,,,,,,,,,,,
2026-07-07T22:01:57.618313+00:00,2026-07-07T22:01:57.618220,0,0,,,,,,,,,,,,,,,,,,,,,,,,,,,,,,,,,,,,,,,,,,
2026-07-07T22:01:57.670008+00:00,2026-07-07T22:01:57.669947,2,0,,,131.9,150,131.8,100,,,,,,,,,,,,,,,,,,,,,,,,,,,,,,,,,,,,
2026-07-07T22:01:57.723914+00:00,2026-07-07T22:01:57.723855,2,2,132.1,0.4,131.9,150,131.8,100,,,,,,,,,,,,,,,,,132.3,100,132.4,150,,,,,,,,,,,,,,,,
2026-07-07T22:01:58.140460+00:00,2026-07-07T22:01:58.134214,2,2,132.1,0.4,131.9,150,131.8,100,,,,,,,,,,,,,,,,,132.3,89,132.4,150,,,,,,,,,,,,,,,,
2026-07-07T22:01:58.692991+00:00,2026-07-07T22:01:58.692880,2,2,132.1,0.4,131.9,150,131.8,100,,,,,,,,,,,,,,,,,132.3,44,132.4,150,,,,,,,,,,,,,,,,
2026-07-07T22:01:58.871254+00:00,2026-07-07T22:01:58.871484,2,1,132.15,0.5,131.9,150,131.8,100,,,,,,,,,,,,,,,,,132.4,144,,,,,,,,,,,,,,,,,,
2026-07-07T22:01:59.241686+00:00,2026-07-07T22:01:59.241580,2,1,132.15,0.5,131.9,101,131.8,100,,,,,,,,,,,,,,,,,132.4,144,,,,,,,,,,,,,,,,,,
2026-07-07T22:01:59.793241+00:00,2026-07-07T22:01:59.793124,2,1,132.15,0.5,131.9,101,131.8,100,,,,,,,,,,,,,,,,,132.4,98,,,,,,,,,,,,,,,,,,
2026-07-07T22:02:00.776348+00:00,2026-07-07T22:02:00.776294,2,0,,,131.9,101,131.8,100,,,,,,,,,,,,,,,,,,,,,,,,,,,,,,,,,,,,
2026-07-07T22:02:00.781571+00:00,2026-07-07T22:02:00.781478,1,0,,,131.8,100,,,,,,,,,,,,,,,,,,,,,,,,,,,,,,,,,,,,,,
2026-07-07T22:02:00.786835+00:00,2026-07-07T22:02:00.786767,0,0,,,,,,,,,,,,,,,,,,,,,,,,,,,,,,,,,,,,,,,,,,
2026-07-07T22:02:00.835657+00:00,2026-07-07T22:02:00.835545,1,0,,,132.0,150,,,,,,,,,,,,,,,,,,,,,,,,,,,,,,,,,,,,,,
2026-07-07T22:02:00.840916+00:00,2026-07-07T22:02:00.840796,2,0,,,132.2,100,132.0,150,,,,,,,,,,,,,,,,,,,,,,,,,,,,,,,,,,,,
2026-07-07T22:02:00.884554+00:00,2026-07-07T22:02:00.884509,2,1,132.35,0.3,132.2,100,132.0,150,,,,,,,,,,,,,,,,,132.5,150,,,,,,,,,,,,,,,,,,
2026-07-07T22:02:00.889738+00:00,2026-07-07T22:02:00.889704,2,2,132.35,0.3,132.2,100,132.0,150,,,,,,,,,,,,,,,,,132.5,150,132.7,100,,,,,,,,,,,,,,,,
2026-07-07T22:02:00.981274+00:00,2026-07-07T22:02:00.981211,2,2,132.35,0.3,132.2,100,132.0,150,,,,,,,,,,,,,,,,,132.5,100,132.7,100,,,,,,,,,,,,,,,,
2026-07-07T22:02:01.892460+00:00,2026-07-07T22:02:01.892408,2,2,132.35,0.3,132.2,57,132.0,150,,,,,,,,,,,,,,,,,132.5,100,132.7,100,,,,,,,,,,,,,,,,
2026-07-07T22:02:03.149343+00:00,2026-07-07T22:02:03.149547,2,2,132.35,0.3,132.2,7,132.0,150,,,,,,,,,,,,,,,,,132.5,100,132.7,100,,,,,,,,,,,,,,,,
2026-07-07T22:02:03.502175+00:00,2026-07-07T22:02:03.502006,2,2,132.35,0.3,132.2,7,132.0,150,,,,,,,,,,,,,,,,,132.5,55,132.7,100,,,,,,,,,,,,,,,,
2026-07-07T22:02:03.939798+00:00,2026-07-07T22:02:03.939736,1,1,132.45,0.5,132.2,7,,,,,,,,,,,,,,,,,,,132.7,100,,,,,,,,,,,,,,,,,,
2026-07-07T22:02:03.944938+00:00,2026-07-07T22:02:03.944899,0,0,,,,,,,,,,,,,,,,,,,,,,,,,,,,,,,,,,,,,,,,,,
2026-07-07T22:02:03.998544+00:00,2026-07-07T22:02:03.998498,1,0,,,132.5,150,,,,,,,,,,,,,,,,,,,,,,,,,,,,,,,,,,,,,,
2026-07-07T22:02:04.003804+00:00,2026-07-07T22:02:04.003714,2,0,,,132.5,150,132.0,100,,,,,,,,,,,,,,,,,,,,,,,,,,,,,,,,,,,,
2026-07-07T22:02:04.068950+00:00,2026-07-07T22:02:04.062887,2,1,132.75,0.5,132.5,39,132.0,100,,,,,,,,,,,,,,,,,133.0,150,,,,,,,,,,,,,,,,,,
2026-07-07T22:02:04.558659+00:00,2026-07-07T22:02:04.553283,1,1,132.5,1.0,132.0,90,,,,,,,,,,,,,,,,,,,133.0,150,,,,,,,,,,,,,,,,,,
2026-07-07T22:02:05.258578+00:00,2026-07-07T22:02:05.252116,1,1,132.5,1.0,132.0,40,,,,,,,,,,,,,,,,,,,133.0,150,,,,,,,,,,,,,,,,,,
2026-07-07T22:02:07.124624+00:00,2026-07-07T22:02:07.124851,0,1,,,,,,,,,,,,,,,,,,,,,,,133.0,150,,,,,,,,,,,,,,,,,,
2026-07-07T22:02:07.130189+00:00,2026-07-07T22:02:07.130047,0,0,,,,,,,,,,,,,,,,,,,,,,,,,,,,,,,,,,,,,,,,,,
2026-07-07T22:02:07.177428+00:00,2026-07-07T22:02:07.177536,2,0,,,132.1,100,131.9,150,,,,,,,,,,,,,,,,,,,,,,,,,,,,,,,,,,,,
2026-07-07T22:02:07.230806+00:00,2026-07-07T22:02:07.230704,2,2,132.25,0.3,132.1,100,131.9,150,,,,,,,,,,,,,,,,,132.4,150,132.6,100,,,,,,,,,,,,,,,,
2026-07-07T22:02:07.693040+00:00,2026-07-07T22:02:07.692938,2,2,132.25,0.3,132.1,55,131.9,150,,,,,,,,,,,,,,,,,132.4,150,132.6,100,,,,,,,,,,,,,,,,
2026-07-07T22:02:09.419736+00:00,2026-07-07T22:02:09.419879,2,2,132.25,0.3,132.1,55,131.9,150,,,,,,,,,,,,,,,,,132.4,100,132.6,100,,,,,,,,,,,,,,,,
2026-07-07T22:02:10.285049+00:00,2026-07-07T22:02:10.285005,0,0,,,,,,,,,,,,,,,,,,,,,,,,,,,,,,,,,,,,,,,,,,
2026-07-07T22:02:10.338871+00:00,2026-07-07T22:02:10.338798,1,0,,,131.8,250,,,,,,,,,,,,,,,,,,,,,,,,,,,,,,,,,,,,,,
2026-07-07T22:02:10.391474+00:00,2026-07-07T22:02:10.391575,1,1,132.05,0.5,131.8,250,,,,,,,,,,,,,,,,,,,132.3,250,,,,,,,,,,,,,,,,,,
2026-07-07T22:02:11.530711+00:00,2026-07-07T22:02:11.530809,1,1,132.05,0.5,131.8,250,,,,,,,,,,,,,,,,,,,132.3,200,,,,,,,,,,,,,,,,,,
2026-07-07T22:02:11.958550+00:00,2026-07-07T22:02:11.958023,1,1,132.05,0.5,131.8,250,,,,,,,,,,,,,,,,,,,132.3,153,,,,,,,,,,,,,,,,,,
2026-07-07T22:02:13.445041+00:00,2026-07-07T22:02:13.444944,0,0,,,,,,,,,,,,,,,,,,,,,,,,,,,,,,,,,,,,,,,,,,
2026-07-07T22:02:13.500462+00:00,2026-07-07T22:02:13.500347,2,0,,,132.2,150,131.8,100,,,,,,,,,,,,,,,,,,,,,,,,,,,,,,,,,,,,
2026-07-07T22:02:13.558605+00:00,2026-07-07T22:02:13.552826,2,2,132.25,0.1,132.2,150,131.8,100,,,,,,,,,,,,,,,,,132.3,100,132.7,150,,,,,,,,,,,,,,,,
2026-07-07T22:02:13.645359+00:00,2026-07-07T22:02:13.645222,2,2,132.25,0.1,132.2,150,131.8,100,,,,,,,,,,,,,,,,,132.3,50,132.7,150,,,,,,,,,,,,,,,,
2026-07-07T22:02:16.058948+00:00,2026-07-07T22:02:16.058796,2,2,132.25,0.1,132.2,104,131.8,100,,,,,,,,,,,,,,,,,132.3,50,132.7,150,,,,,,,,,,,,,,,,
2026-07-07T22:02:16.607294+00:00,2026-07-07T22:02:16.607461,1,0,,,131.8,100,,,,,,,,,,,,,,,,,,,,,,,,,,,,,,,,,,,,,,
2026-07-07T22:02:16.612547+00:00,2026-07-07T22:02:16.612627,0,0,,,,,,,,,,,,,,,,,,,,,,,,,,,,,,,,,,,,,,,,,,
2026-07-07T22:02:16.658586+00:00,2026-07-07T22:02:16.657970,2,0,,,132.0,150,131.9,100,,,,,,,,,,,,,,,,,,,,,,,,,,,,,,,,,,,,
2026-07-07T22:02:16.716422+00:00,2026-07-07T22:02:16.716356,2,2,132.2,0.4,132.0,150,131.9,100,,,,,,,,,,,,,,,,,132.4,100,132.5,150,,,,,,,,,,,,,,,,
2026-07-07T22:02:17.632565+00:00,2026-07-07T22:02:17.632447,2,2,132.2,0.4,132.0,150,131.9,100,,,,,,,,,,,,,,,,,132.4,56,132.5,150,,,,,,,,,,,,,,,,
2026-07-07T22:02:17.852550+00:00,2026-07-07T22:02:17.852695,2,2,132.2,0.4,132.0,150,131.9,100,,,,,,,,,,,,,,,,,132.4,6,132.5,150,,,,,,,,,,,,,,,,
2026-07-07T22:02:18.806090+00:00,2026-07-07T22:02:18.806030,2,1,132.25,0.5,132.0,150,131.9,100,,,,,,,,,,,,,,,,,132.5,110,,,,,,,,,,,,,,,,,,
2026-07-07T22:02:19.770941+00:00,2026-07-07T22:02:19.770875,0,0,,,,,,,,,,,,,,,,,,,,,,,,,,,,,,,,,,,,,,,,,,
2026-07-07T22:02:19.828272+00:00,2026-07-07T22:02:19.828238,2,0,,,132.2,100,132.1,150,,,,,,,,,,,,,,,,,,,,,,,,,,,,,,,,,,,,
2026-07-07T22:02:19.889730+00:00,2026-07-07T22:02:19.882722,2,2,132.4,0.4,132.2,97,132.1,150,,,,,,,,,,,,,,,,,132.6,150,132.7,100,,,,,,,,,,,,,,,,
2026-07-07T22:02:20.012104+00:00,2026-07-07T22:02:20.012232,2,2,132.4,0.4,132.2,47,132.1,150,,,,,,,,,,,,,,,,,132.6,150,132.7,100,,,,,,,,,,,,,,,,
2026-07-07T22:02:22.923626+00:00,2026-07-07T22:02:22.923542,2,2,132.4,0.4,132.2,4,132.1,150,,,,,,,,,,,,,,,,,132.6,150,132.7,100,,,,,,,,,,,,,,,,
2026-07-07T22:02:22.937746+00:00,2026-07-07T22:02:22.937629,0,0,,,,,,,,,,,,,,,,,,,,,,,,,,,,,,,,,,,,,,,,,,
2026-07-07T22:02:22.987825+00:00,2026-07-07T22:02:22.987773,1,0,,,132.0,150,,,,,,,,,,,,,,,,,,,,,,,,,,,,,,,,,,,,,,
2026-07-07T22:02:22.992974+00:00,2026-07-07T22:02:22.992922,2,0,,,132.0,150,131.7,100,,,,,,,,,,,,,,,,,,,,,,,,,,,,,,,,,,,,
2026-07-07T22:02:23.040674+00:00,2026-07-07T22:02:23.040584,2,1,132.25,0.5,132.0,150,131.7,100,,,,,,,,,,,,,,,,,132.5,150,,,,,,,,,,,,,,,,,,
2026-07-07T22:02:23.045860+00:00,2026-07-07T22:02:23.045777,2,2,132.1,0.2,132.0,150,131.7,100,,,,,,,,,,,,,,,,,132.2,100,132.5,150,,,,,,,,,,,,,,,,
2026-07-07T22:02:24.998062+00:00,2026-07-07T22:02:24.998184,2,2,132.1,0.2,132.0,109,131.7,100,,,,,,,,,,,,,,,,,132.2,100,132.5,150,,,,,,,,,,,,,,,,
2026-07-07T22:02:26.099500+00:00,2026-07-07T22:02:26.099647,1,0,,,131.7,100,,,,,,,,,,,,,,,,,,,,,,,,,,,,,,,,,,,,,,
2026-07-07T22:02:26.104973+00:00,2026-07-07T22:02:26.104813,0,0,,,,,,,,,,,,,,,,,,,,,,,,,,,,,,,,,,,,,,,,,,
2026-07-07T22:02:26.163911+00:00,2026-07-07T22:02:26.163848,2,0,,,131.8,150,131.7,100,,,,,,,,,,,,,,,,,,,,,,,,,,,,,,,,,,,,
2026-07-07T22:02:26.202512+00:00,2026-07-07T22:02:26.202486,2,1,132.05,0.5,131.8,150,131.7,100,,,,,,,,,,,,,,,,,132.3,150,,,,,,,,,,,,,,,,,,
2026-07-07T22:02:26.207745+00:00,2026-07-07T22:02:26.207656,2,2,132.0,0.4,131.8,150,131.7,100,,,,,,,,,,,,,,,,,132.2,100,132.3,150,,,,,,,,,,,,,,,,
2026-07-07T22:02:26.328136+00:00,2026-07-07T22:02:26.328040,2,2,132.0,0.4,131.8,100,131.7,100,,,,,,,,,,,,,,,,,132.2,100,132.3,150,,,,,,,,,,,,,,,,
2026-07-07T22:02:27.106328+00:00,2026-07-07T22:02:27.106204,2,2,132.0,0.4,131.8,100,131.7,100,,,,,,,,,,,,,,,,,132.2,55,132.3,150,,,,,,,,,,,,,,,,
2026-07-07T22:02:28.438760+00:00,2026-07-07T22:02:28.438628,2,2,132.0,0.4,131.8,50,131.7,100,,,,,,,,,,,,,,,,,132.2,55,132.3,150,,,,,,,,,,,,,,,,
2026-07-07T22:02:28.669573+00:00,2026-07-07T22:02:28.669725,2,2,132.0,0.4,131.8,50,131.7,100,,,,,,,,,,,,,,,,,132.2,15,132.3,150,,,,,,,,,,,,,,,,
2026-07-07T22:02:29.263917+00:00,2026-07-07T22:02:29.263858,0,0,,,,,,,,,,,,,,,,,,,,,,,,,,,,,,,,,,,,,,,,,,
2026-07-07T22:02:29.315649+00:00,2026-07-07T22:02:29.315542,2,0,,,132.0,100,131.5,150,,,,,,,,,,,,,,,,,,,,,,,,,,,,,,,,,,,,
2026-07-07T22:02:29.376971+00:00,2026-07-07T22:02:29.369766,1,2,131.75,0.5,131.5,150,,,,,,,,,,,,,,,,,,,132.0,47,132.5,100,,,,,,,,,,,,,,,,
2026-07-07T22:02:30.546757+00:00,2026-07-07T22:02:30.546656,1,2,131.75,0.5,131.5,100,,,,,,,,,,,,,,,,,,,132.0,47,132.5,100,,,,,,,,,,,,,,,,
2026-07-07T22:02:32.423121+00:00,2026-07-07T22:02:32.423077,0,0,,,,,,,,,,,,,,,,,,,,,,,,,,,,,,,,,,,,,,,,,,
2026-07-07T22:02:32.477122+00:00,2026-07-07T22:02:32.477016,1,0,,,131.6,250,,,,,,,,,,,,,,,,,,,,,,,,,,,,,,,,,,,,,,
2026-07-07T22:02:32.533956+00:00,2026-07-07T22:02:32.533937,1,1,131.85,0.5,131.6,250,,,,,,,,,,,,,,,,,,,132.1,250,,,,,,,,,,,,,,,,,,
2026-07-07T22:02:34.058539+00:00,2026-07-07T22:02:34.058015,1,1,131.85,0.5,131.6,209,,,,,,,,,,,,,,,,,,,132.1,250,,,,,,,,,,,,,,,,,,
2026-07-07T22:02:35.584943+00:00,2026-07-07T22:02:35.584913,1,1,131.85,0.5,131.6,100,,,,,,,,,,,,,,,,,,,132.1,100,,,,,,,,,,,,,,,,,,
2026-07-07T22:02:35.590202+00:00,2026-07-07T22:02:35.590100,0,0,,,,,,,,,,,,,,,,,,,,,,,,,,,,,,,,,,,,,,,,,,
2026-07-07T22:02:35.642337+00:00,2026-07-07T22:02:35.642263,2,0,,,131.7,100,131.5,150,,,,,,,,,,,,,,,,,,,,,,,,,,,,,,,,,,,,
2026-07-07T22:02:35.695225+00:00,2026-07-07T22:02:35.695405,2,2,131.85,0.3,131.7,100,131.5,150,,,,,,,,,,,,,,,,,132.0,150,132.2,100,,,,,,,,,,,,,,,,
2026-07-07T22:02:35.704909+00:00,2026-07-07T22:02:35.699202,2,2,131.85,0.3,131.7,100,131.5,150,,,,,,,,,,,,,,,,,132.0,139,132.2,100,,,,,,,,,,,,,,,,
2026-07-07T22:02:38.014193+00:00,2026-07-07T22:02:38.014112,2,2,131.85,0.3,131.7,100,131.5,150,,,,,,,,,,,,,,,,,132.0,90,132.2,100,,,,,,,,,,,,,,,,
2026-07-07T22:02:38.753346+00:00,2026-07-07T22:02:38.753287,1,1,131.95,0.5,131.7,100,,,,,,,,,,,,,,,,,,,132.2,100,,,,,,,,,,,,,,,,,,
2026-07-07T22:02:38.758571+00:00,2026-07-07T22:02:38.758454,0,0,,,,,,,,,,,,,,,,,,,,,,,,,,,,,,,,,,,,,,,,,,
2026-07-07T22:02:38.804602+00:00,2026-07-07T22:02:38.804574,1,0,,,131.9,150,,,,,,,,,,,,,,,,,,,,,,,,,,,,,,,,,,,,,,
2026-07-07T22:02:38.815093+00:00,2026-07-07T22:02:38.814930,1,0,,,131.9,250,,,,,,,,,,,,,,,,,,,,,,,,,,,,,,,,,,,,,,
2026-07-07T22:02:38.858536+00:00,2026-07-07T22:02:38.858476,1,1,132.15,0.5,131.9,250,,,,,,,,,,,,,,,,,,,132.4,150,,,,,,,,,,,,,,,,,,
2026-07-07T22:02:38.869004+00:00,2026-07-07T22:02:38.869076,1,1,132.15,0.5,131.9,250,,,,,,,,,,,,,,,,,,,132.4,250,,,,,,,,,,,,,,,,,,
2026-07-07T22:02:38.953074+00:00,2026-07-07T22:02:38.957957,1,1,132.15,0.5,131.9,200,,,,,,,,,,,,,,,,,,,132.4,250,,,,,,,,,,,,,,,,,,
2026-07-07T22:02:39.500171+00:00,2026-07-07T22:02:39.500129,1,1,132.15,0.5,131.9,160,,,,,,,,,,,,,,,,,,,132.4,250,,,,,,,,,,,,,,,,,,
2026-07-07T22:02:41.073192+00:00,2026-07-07T22:02:41.073142,1,1,132.15,0.5,131.9,110,,,,,,,,,,,,,,,,,,,132.4,250,,,,,,,,,,,,,,,,,,
2026-07-07T22:02:41.916013+00:00,2026-07-07T22:02:41.915965,1,1,132.15,0.5,131.9,100,,,,,,,,,,,,,,,,,,,132.4,100,,,,,,,,,,,,,,,,,,
2026-07-07T22:02:41.921355+00:00,2026-07-07T22:02:41.921267,0,0,,,,,,,,,,,,,,,,,,,,,,,,,,,,,,,,,,,,,,,,,,
2026-07-07T22:02:41.970221+00:00,2026-07-07T22:02:41.970074,1,0,,,131.5,150,,,,,,,,,,,,,,,,,,,,,,,,,,,,,,,,,,,,,,
2026-07-07T22:02:41.975309+00:00,2026-07-07T22:02:41.975252,2,0,,,132.1,100,131.5,150,,,,,,,,,,,,,,,,,,,,,,,,,,,,,,,,,,,,
2026-07-07T22:02:42.034014+00:00,2026-07-07T22:02:42.027817,1,2,131.75,0.5,131.5,150,,,,,,,,,,,,,,,,,,,132.0,27,132.6,100,,,,,,,,,,,,,,,,
2026-07-07T22:02:43.178005+00:00,2026-07-07T22:02:43.177925,1,2,131.75,0.5,131.5,100,,,,,,,,,,,,,,,,,,,132.0,27,132.6,100,,,,,,,,,,,,,,,,
2026-07-07T22:02:45.077299+00:00,2026-07-07T22:02:45.077449,0,1,,,,,,,,,,,,,,,,,,,,,,,132.6,100,,,,,,,,,,,,,,,,,,
2026-07-07T22:02:45.081928+00:00,2026-07-07T22:02:45.081421,0,0,,,,,,,,,,,,,,,,,,,,,,,,,,,,,,,,,,,,,,,,,,
2026-07-07T22:02:45.129421+00:00,2026-07-07T22:02:45.129345,1,0,,,131.7,150,,,,,,,,,,,,,,,,,,,,,,,,,,,,,,,,,,,,,,
2026-07-07T22:02:45.134643+00:00,2026-07-07T22:02:45.134532,2,0,,,131.7,150,131.6,100,,,,,,,,,,,,,,,,,,,,,,,,,,,,,,,,,,,,
2026-07-07T22:02:45.184111+00:00,2026-07-07T22:02:45.184034,2,2,131.9,0.4,131.7,150,131.6,100,,,,,,,,,,,,,,,,,132.1,100,132.2,150,,,,,,,,,,,,,,,,
2026-07-07T22:02:45.323962+00:00,2026-07-07T22:02:45.324150,2,2,131.9,0.4,131.7,100,131.6,100,,,,,,,,,,,,,,,,,132.1,100,132.2,150,,,,,,,,,,,,,,,,
2026-07-07T22:02:46.649444+00:00,2026-07-07T22:02:46.649585,2,2,131.9,0.4,131.7,100,131.6,100,,,,,,,,,,,,,,,,,132.1,51,132.2,150,,,,,,,,,,,,,,,,
2026-07-07T22:02:47.432374+00:00,2026-07-07T22:02:47.432242,2,2,131.9,0.4,131.7,50,131.6,100,,,,,,,,,,,,,,,,,132.1,51,132.2,150,,,,,,,,,,,,,,,,
2026-07-07T22:02:48.237315+00:00,2026-07-07T22:02:48.237252,1,1,131.85,0.5,131.6,100,,,,,,,,,,,,,,,,,,,132.1,51,,,,,,,,,,,,,,,,,,
2026-07-07T22:02:48.242469+00:00,2026-07-07T22:02:48.242438,0,0,,,,,,,,,,,,,,,,,,,,,,,,,,,,,,,,,,,,,,,,,,
2026-07-07T22:02:48.295307+00:00,2026-07-07T22:02:48.295199,2,0,,,131.7,100,131.2,150,,,,,,,,,,,,,,,,,,,,,,,,,,,,,,,,,,,,
2026-07-07T22:02:48.358864+00:00,2026-07-07T22:02:48.353013,1,2,131.45,0.5,131.2,150,,,,,,,,,,,,,,,,,,,131.7,38,132.2,100,,,,,,,,,,,,,,,,
2026-07-07T22:02:49.503532+00:00,2026-07-07T22:02:49.494002,1,2,131.45,0.5,131.2,150,,,,,,,,,,,,,,,,,,,131.7,27,132.2,100,,,,,,,,,,,,,,,,
2026-07-07T22:02:51.403530+00:00,2026-07-07T22:02:51.403467,0,1,,,,,,,,,,,,,,,,,,,,,,,132.2,100,,,,,,,,,,,,,,,,,,
2026-07-07T22:02:51.408732+00:00,2026-07-07T22:02:51.408615,0,0,,,,,,,,,,,,,,,,,,,,,,,,,,,,,,,,,,,,,,,,,,
2026-07-07T22:02:51.456984+00:00,2026-07-07T22:02:51.457177,2,0,,,131.8,150,131.5,100,,,,,,,,,,,,,,,,,,,,,,,,,,,,,,,,,,,,
2026-07-07T22:02:51.513643+00:00,2026-07-07T22:02:51.513552,2,2,131.9,0.2,131.8,150,131.5,100,,,,,,,,,,,,,,,,,132.0,100,132.3,150,,,,,,,,,,,,,,,,
2026-07-07T22:02:52.982901+00:00,2026-07-07T22:02:52.982763,2,2,131.9,0.2,131.8,150,131.5,100,,,,,,,,,,,,,,,,,132.0,51,132.3,150,,,,,,,,,,,,,,,,
2026-07-07T22:02:53.279214+00:00,2026-07-07T22:02:53.272851,2,2,131.9,0.2,131.8,139,131.5,100,,,,,,,,,,,,,,,,,132.0,51,132.3,150,,,,,,,,,,,,,,,,
2026-07-07T22:02:53.710209+00:00,2026-07-07T22:02:53.710145,2,2,131.9,0.2,131.8,139,131.5,100,,,,,,,,,,,,,,,,,132.0,1,132.3,150,,,,,,,,,,,,,,,,
2026-07-07T22:02:53.786452+00:00,2026-07-07T22:02:53.778438,2,2,131.9,0.2,131.8,127,131.5,100,,,,,,,,,,,,,,,,,132.0,1,132.3,150,,,,,,,,,,,,,,,,
2026-07-07T22:02:54.558624+00:00,2026-07-07T22:02:54.557105,2,1,131.9,0.2,131.8,127,131.5,100,,,,,,,,,,,,,,,,,132.0,1,,,,,,,,,,,,,,,,,,
2026-07-07T22:02:54.569828+00:00,2026-07-07T22:02:54.569961,0,0,,,,,,,,,,,,,,,,,,,,,,,,,,,,,,,,,,,,,,,,,,
2026-07-07T22:02:54.624443+00:00,2026-07-07T22:02:54.624362,1,0,,,131.6,150,,,,,,,,,,,,,,,,,,,,,,,,,,,,,,,,,,,,,,
2026-07-07T22:02:54.629665+00:00,2026-07-07T22:02:54.629594,2,0,,,131.7,100,131.6,150,,,,,,,,,,,,,,,,,,,,,,,,,,,,,,,,,,,,
2026-07-07T22:02:54.678869+00:00,2026-07-07T22:02:54.678957,2,1,131.9,0.4,131.7,100,131.6,150,,,,,,,,,,,,,,,,,132.1,150,,,,,,,,,,,,,,,,,,
2026-07-07T22:02:54.684358+00:00,2026-07-07T22:02:54.684234,2,2,131.9,0.4,131.7,100,131.6,150,,,,,,,,,,,,,,,,,132.1,150,132.2,100,,,,,,,,,,,,,,,,
2026-07-07T22:02:56.381851+00:00,2026-07-07T22:02:56.381721,2,2,131.9,0.4,131.7,55,131.6,150,,,,,,,,,,,,,,,,,132.1,150,132.2,100,,,,,,,,,,,,,,,,
2026-07-07T22:02:57.583069+00:00,2026-07-07T22:02:57.583207,2,2,131.9,0.4,131.7,7,131.6,150,,,,,,,,,,,,,,,,,132.1,150,132.2,100,,,,,,,,,,,,,,,,
2026-07-07T22:02:57.734763+00:00,2026-07-07T22:02:57.734681,1,1,131.95,0.5,131.7,7,,,,,,,,,,,,,,,,,,,132.2,100,,,,,,,,,,,,,,,,,,
2026-07-07T22:02:57.739881+00:00,2026-07-07T22:02:57.739842,0,0,,,,,,,,,,,,,,,,,,,,,,,,,,,,,,,,,,,,,,,,,,
2026-07-07T22:02:57.788152+00:00,2026-07-07T22:02:57.788060,1,0,,,131.9,150,,,,,,,,,,,,,,,,,,,,,,,,,,,,,,,,,,,,,,
2026-07-07T22:02:57.793291+00:00,2026-07-07T22:02:57.793251,2,0,,,131.9,150,131.7,100,,,,,,,,,,,,,,,,,,,,,,,,,,,,,,,,,,,,
2026-07-07T22:02:57.843101+00:00,2026-07-07T22:02:57.842988,2,1,132.15,0.5,131.9,150,131.7,100,,,,,,,,,,,,,,,,,132.4,150,,,,,,,,,,,,,,,,,,
2026-07-07T22:02:57.848269+00:00,2026-07-07T22:02:57.848166,2,2,132.05,0.3,131.9,150,131.7,100,,,,,,,,,,,,,,,,,132.2,100,132.4,150,,,,,,,,,,,,,,,,
2026-07-07T22:02:58.021353+00:00,2026-07-07T22:02:58.021221,2,2,132.05,0.3,131.9,100,131.7,100,,,,,,,,,,,,,,,,,132.2,100,132.4,150,,,,,,,,,,,,,,,,
2026-07-07T22:02:58.047074+00:00,2026-07-07T22:02:58.046964,2,2,132.05,0.3,131.9,100,131.7,100,,,,,,,,,,,,,,,,,132.2,53,132.4,150,,,,,,,,,,,,,,,,
2026-07-07T22:03:00.650404+00:00,2026-07-07T22:03:00.650291,2,2,132.05,0.3,131.9,52,131.7,100,,,,,,,,,,,,,,,,,132.2,53,132.4,150,,,,,,,,,,,,,,,,
2026-07-07T22:03:00.896942+00:00,2026-07-07T22:03:00.896868,1,1,131.95,0.5,131.7,100,,,,,,,,,,,,,,,,,,,132.2,53,,,,,,,,,,,,,,,,,,
2026-07-07T22:03:00.902074+00:00,2026-07-07T22:03:00.902045,0,0,,,,,,,,,,,,,,,,,,,,,,,,,,,,,,,,,,,,,,,,,,
2026-07-07T22:03:00.952248+00:00,2026-07-07T22:03:00.952114,1,0,,,131.5,150,,,,,,,,,,,,,,,,,,,,,,,,,,,,,,,,,,,,,,
2026-07-07T22:03:00.958649+00:00,2026-07-07T22:03:00.957299,2,0,,,131.8,100,131.5,150,,,,,,,,,,,,,,,,,,,,,,,,,,,,,,,,,,,,
2026-07-07T22:03:01.011800+00:00,2026-07-07T22:03:01.005399,2,2,131.9,0.2,131.8,100,131.5,150,,,,,,,,,,,,,,,,,132.0,138,132.3,100,,,,,,,,,,,,,,,,
2026-07-07T22:03:04.058547+00:00,2026-07-07T22:03:04.055682,0,0,,,,,,,,,,,,,,,,,,,,,,,,,,,,,,,,,,,,,,,,,,
2026-07-07T22:03:04.114014+00:00,2026-07-07T22:03:04.113963,2,0,,,131.9,100,131.6,150,,,,,,,,,,,,,,,,,,,,,,,,,,,,,,,,,,,,
2026-07-07T22:03:04.166866+00:00,2026-07-07T22:03:04.167029,2,2,132.0,0.2,131.9,100,131.6,150,,,,,,,,,,,,,,,,,132.1,150,132.4,100,,,,,,,,,,,,,,,,
2026-07-07T22:03:04.239306+00:00,2026-07-07T22:03:04.239197,2,2,132.0,0.2,131.9,100,131.6,150,,,,,,,,,,,,,,,,,132.1,110,132.4,100,,,,,,,,,,,,,,,,
2026-07-07T22:03:04.364028+00:00,2026-07-07T22:03:04.363905,2,2,132.0,0.2,131.9,50,131.6,150,,,,,,,,,,,,,,,,,132.1,110,132.4,100,,,,,,,,,,,,,,,,
2026-07-07T22:03:04.763845+00:00,2026-07-07T22:03:04.763786,2,2,132.0,0.2,131.9,3,131.6,150,,,,,,,,,,,,,,,,,132.1,110,132.4,100,,,,,,,,,,,,,,,,
2026-07-07T22:03:06.044272+00:00,2026-07-07T22:03:06.044197,2,2,132.0,0.2,131.9,3,131.6,150,,,,,,,,,,,,,,,,,132.1,69,132.4,100,,,,,,,,,,,,,,,,
2026-07-07T22:03:06.420951+00:00,2026-07-07T22:03:06.420805,2,2,132.0,0.2,131.9,3,131.6,150,,,,,,,,,,,,,,,,,132.1,19,132.4,100,,,,,,,,,,,,,,,,
2026-07-07T22:03:07.013780+00:00,2026-07-07T22:03:07.013982,2,1,132.15,0.5,131.9,3,131.6,150,,,,,,,,,,,,,,,,,132.4,100,,,,,,,,,,,,,,,,,,
2026-07-07T22:03:07.221166+00:00,2026-07-07T22:03:07.221034,1,0,,,131.9,3,,,,,,,,,,,,,,,,,,,,,,,,,,,,,,,,,,,,,,
2026-07-07T22:03:07.226115+00:00,2026-07-07T22:03:07.226182,0,0,,,,,,,,,,,,,,,,,,,,,,,,,,,,,,,,,,,,,,,,,,
2026-07-07T22:03:07.274453+00:00,2026-07-07T22:03:07.274311,1,0,,,132.2,150,,,,,,,,,,,,,,,,,,,,,,,,,,,,,,,,,,,,,,
2026-07-07T22:03:07.279428+00:00,2026-07-07T22:03:07.279511,2,0,,,132.2,150,131.6,100,,,,,,,,,,,,,,,,,,,,,,,,,,,,,,,,,,,,
2026-07-07T22:03:07.327431+00:00,2026-07-07T22:03:07.327294,2,1,132.45,0.5,132.2,150,131.6,100,,,,,,,,,,,,,,,,,132.7,150,,,,,,,,,,,,,,,,,,
2026-07-07T22:03:07.332601+00:00,2026-07-07T22:03:07.332527,2,1,132.45,0.5,132.2,50,131.6,100,,,,,,,,,,,,,,,,,132.7,150,,,,,,,,,,,,,,,,,,
2026-07-07T22:03:09.924392+00:00,2026-07-07T22:03:09.924348,2,1,132.45,0.5,132.2,5,131.6,100,,,,,,,,,,,,,,,,,132.7,150,,,,,,,,,,,,,,,,,,
2026-07-07T22:03:10.323352+00:00,2026-07-07T22:03:10.315675,1,1,132.15,1.1,131.6,100,,,,,,,,,,,,,,,,,,,132.7,150,,,,,,,,,,,,,,,,,,
2026-07-07T22:03:10.382244+00:00,2026-07-07T22:03:10.382184,1,0,,,131.6,100,,,,,,,,,,,,,,,,,,,,,,,,,,,,,,,,,,,,,,
2026-07-07T22:03:10.387294+00:00,2026-07-07T22:03:10.387368,0,0,,,,,,,,,,,,,,,,,,,,,,,,,,,,,,,,,,,,,,,,,,
2026-07-07T22:03:10.436842+00:00,2026-07-07T22:03:10.436757,1,0,,,131.4,150,,,,,,,,,,,,,,,,,,,,,,,,,,,,,,,,,,,,,,
2026-07-07T22:03:10.441868+00:00,2026-07-07T22:03:10.441992,2,0,,,131.7,100,131.4,150,,,,,,,,,,,,,,,,,,,,,,,,,,,,,,,,,,,,
2026-07-07T22:03:10.490504+00:00,2026-07-07T22:03:10.490413,2,1,131.8,0.2,131.7,100,131.4,150,,,,,,,,,,,,,,,,,131.9,150,,,,,,,,,,,,,,,,,,
2026-07-07T22:03:10.495690+00:00,2026-07-07T22:03:10.495599,2,2,131.8,0.2,131.7,100,131.4,150,,,,,,,,,,,,,,,,,131.9,150,132.2,100,,,,,,,,,,,,,,,,
2026-07-07T22:03:11.067999+00:00,2026-07-07T22:03:11.067847,2,2,131.8,0.2,131.7,51,131.4,150,,,,,,,,,,,,,,,,,131.9,150,132.2,100,,,,,,,,,,,,,,,,
2026-07-07T22:03:13.541068+00:00,2026-07-07T22:03:13.541022,2,1,131.95,0.5,131.7,51,131.4,150,,,,,,,,,,,,,,,,,132.2,100,,,,,,,,,,,,,,,,,,
2026-07-07T22:03:13.546264+00:00,2026-07-07T22:03:13.546180,1,1,131.95,0.5,131.7,51,,,,,,,,,,,,,,,,,,,132.2,100,,,,,,,,,,,,,,,,,,
2026-07-07T22:03:13.551514+00:00,2026-07-07T22:03:13.551394,0,0,,,,,,,,,,,,,,,,,,,,,,,,,,,,,,,,,,,,,,,,,,
2026-07-07T22:03:13.596254+00:00,2026-07-07T22:03:13.596170,1,0,,,131.3,150,,,,,,,,,,,,,,,,,,,,,,,,,,,,,,,,,,,,,,
2026-07-07T22:03:13.606477+00:00,2026-07-07T22:03:13.606601,2,0,,,131.4,100,131.3,150,,,,,,,,,,,,,,,,,,,,,,,,,,,,,,,,,,,,
2026-07-07T22:03:13.649843+00:00,2026-07-07T22:03:13.649934,2,1,131.6,0.4,131.4,100,131.3,150,,,,,,,,,,,,,,,,,131.8,150,,,,,,,,,,,,,,,,,,
2026-07-07T22:03:13.662828+00:00,2026-07-07T22:03:13.662699,2,2,131.6,0.4,131.4,100,131.3,150,,,,,,,,,,,,,,,,,131.8,150,131.9,100,,,,,,,,,,,,,,,,
2026-07-07T22:03:14.966149+00:00,2026-07-07T22:03:14.966075,2,2,131.6,0.4,131.4,50,131.3,150,,,,,,,,,,,,,,,,,131.8,150,131.9,100,,,,,,,,,,,,,,,,
2026-07-07T22:03:15.326531+00:00,2026-07-07T22:03:15.326730,2,2,131.6,0.4,131.4,50,131.3,150,,,,,,,,,,,,,,,,,131.8,109,131.9,100,,,,,,,,,,,,,,,,
2026-07-07T22:03:16.720473+00:00,2026-07-07T22:03:16.720378,2,1,131.65,0.5,131.4,50,131.3,150,,,,,,,,,,,,,,,,,131.9,100,,,,,,,,,,,,,,,,,,
2026-07-07T22:03:16.725623+00:00,2026-07-07T22:03:16.725582,0,0,,,,,,,,,,,,,,,,,,,,,,,,,,,,,,,,,,,,,,,,,,
2026-07-07T22:03:16.776300+00:00,2026-07-07T22:03:16.776466,1,0,,,131.3,100,,,,,,,,,,,,,,,,,,,,,,,,,,,,,,,,,,,,,,
2026-07-07T22:03:16.781780+00:00,2026-07-07T22:03:16.781647,2,0,,,131.5,150,131.3,100,,,,,,,,,,,,,,,,,,,,,,,,,,,,,,,,,,,,
2026-07-07T22:03:16.829361+00:00,2026-07-07T22:03:16.829444,2,1,131.65,0.3,131.5,150,131.3,100,,,,,,,,,,,,,,,,,131.8,100,,,,,,,,,,,,,,,,,,
2026-07-07T22:03:16.834663+00:00,2026-07-07T22:03:16.834602,2,2,131.65,0.3,131.5,150,131.3,100,,,,,,,,,,,,,,,,,131.8,100,131.9,150,,,,,,,,,,,,,,,,
2026-07-07T22:03:16.839888+00:00,2026-07-07T22:03:16.839791,2,2,131.65,0.3,131.5,150,131.3,100,,,,,,,,,,,,,,,,,131.8,60,131.9,150,,,,,,,,,,,,,,,,
2026-07-07T22:03:17.075956+00:00,2026-07-07T22:03:17.075842,2,2,131.65,0.3,131.5,100,131.3,100,,,,,,,,,,,,,,,,,131.8,60,131.9,150,,,,,,,,,,,,,,,,
2026-07-07T22:03:19.219844+00:00,2026-07-07T22:03:19.219937,2,2,131.65,0.3,131.5,50,131.3,100,,,,,,,,,,,,,,,,,131.8,60,131.9,150,,,,,,,,,,,,,,,,
2026-07-07T22:03:19.474111+00:00,2026-07-07T22:03:19.474080,2,2,131.65,0.3,131.5,4,131.3,100,,,,,,,,,,,,,,,,,131.8,60,131.9,150,,,,,,,,,,,,,,,,
2026-07-07T22:03:19.887822+00:00,2026-07-07T22:03:19.887778,1,1,131.7,0.4,131.5,4,,,,,,,,,,,,,,,,,,,131.9,150,,,,,,,,,,,,,,,,,,
2026-07-07T22:03:19.892995+00:00,2026-07-07T22:03:19.892955,0,0,,,,,,,,,,,,,,,,,,,,,,,,,,,,,,,,,,,,,,,,,,
2026-07-07T22:03:19.939081+00:00,2026-07-07T22:03:19.938942,1,0,,,131.4,100,,,,,,,,,,,,,,,,,,,,,,,,,,,,,,,,,,,,,,
2026-07-07T22:03:19.944165+00:00,2026-07-07T22:03:19.944104,2,0,,,131.4,100,130.8,150,,,,,,,,,,,,,,,,,,,,,,,,,,,,,,,,,,,,
2026-07-07T22:03:19.994311+00:00,2026-07-07T22:03:19.994210,2,1,131.65,0.5,131.4,100,130.8,150,,,,,,,,,,,,,,,,,131.9,100,,,,,,,,,,,,,,,,,,
2026-07-07T22:03:19.999287+00:00,2026-07-07T22:03:19.999402,1,2,131.05,0.5,130.8,150,,,,,,,,,,,,,,,,,,,131.3,50,131.9,100,,,,,,,,,,,,,,,,
2026-07-07T22:03:20.010195+00:00,2026-07-07T22:03:20.003583,1,1,131.35,1.1,130.8,150,,,,,,,,,,,,,,,,,,,131.9,100,,,,,,,,,,,,,,,,,,
2026-07-07T22:03:21.326525+00:00,2026-07-07T22:03:21.326390,1,1,131.35,1.1,130.8,100,,,,,,,,,,,,,,,,,,,131.9,100,,,,,,,,,,,,,,,,,,
2026-07-07T22:03:23.049411+00:00,2026-07-07T22:03:23.049314,1,0,,,130.8,100,,,,,,,,,,,,,,,,,,,,,,,,,,,,,,,,,,,,,,
2026-07-07T22:03:23.054398+00:00,2026-07-07T22:03:23.054485,0,0,,,,,,,,,,,,,,,,,,,,,,,,,,,,,,,,,,,,,,,,,,
2026-07-07T22:03:23.101865+00:00,2026-07-07T22:03:23.101839,1,0,,,131.1,100,,,,,,,,,,,,,,,,,,,,,,,,,,,,,,,,,,,,,,
2026-07-07T22:03:23.107065+00:00,2026-07-07T22:03:23.106986,2,0,,,131.3,150,131.1,100,,,,,,,,,,,,,,,,,,,,,,,,,,,,,,,,,,,,
2026-07-07T22:03:23.158640+00:00,2026-07-07T22:03:23.153006,2,2,131.45,0.3,131.3,150,131.1,100,,,,,,,,,,,,,,,,,131.6,100,131.8,150,,,,,,,,,,,,,,,,
2026-07-07T22:03:23.436196+00:00,2026-07-07T22:03:23.436093,2,2,131.45,0.3,131.3,100,131.1,100,,,,,,,,,,,,,,,,,131.6,100,131.8,150,,,,,,,,,,,,,,,,
2026-07-07T22:03:23.658638+00:00,2026-07-07T22:03:23.652727,2,2,131.45,0.3,131.3,100,131.1,100,,,,,,,,,,,,,,,,,131.6,52,131.8,150,,,,,,,,,,,,,,,,
2026-07-07T22:03:26.211063+00:00,2026-07-07T22:03:26.211008,1,1,131.55,0.5,131.3,100,,,,,,,,,,,,,,,,,,,131.8,150,,,,,,,,,,,,,,,,,,
2026-07-07T22:03:26.216312+00:00,2026-07-07T22:03:26.216244,0,0,,,,,,,,,,,,,,,,,,,,,,,,,,,,,,,,,,,,,,,,,,
2026-07-07T22:03:26.258613+00:00,2026-07-07T22:03:26.257717,1,0,,,131.4,100,,,,,,,,,,,,,,,,,,,,,,,,,,,,,,,,,,,,,,
2026-07-07T22:03:26.269945+00:00,2026-07-07T22:03:26.270031,2,0,,,131.4,100,131.2,150,,,,,,,,,,,,,,,,,,,,,,,,,,,,,,,,,,,,
2026-07-07T22:03:26.317831+00:00,2026-07-07T22:03:26.317928,2,2,131.55,0.3,131.4,100,131.2,150,,,,,,,,,,,,,,,,,131.7,150,131.9,100,,,,,,,,,,,,,,,,
2026-07-07T22:03:27.626611+00:00,2026-07-07T22:03:27.626529,2,2,131.55,0.3,131.4,100,131.2,150,,,,,,,,,,,,,,,,,131.7,100,131.9,100,,,,,,,,,,,,,,,,
2026-07-07T22:03:28.364274+00:00,2026-07-07T22:03:28.364141,2,2,131.55,0.3,131.4,57,131.2,150,,,,,,,,,,,,,,,,,131.7,100,131.9,100,,,,,,,,,,,,,,,,
2026-07-07T22:03:29.369599+00:00,2026-07-07T22:03:29.369544,2,1,131.55,0.3,131.4,57,131.2,150,,,,,,,,,,,,,,,,,131.7,100,,,,,,,,,,,,,,,,,,
2026-07-07T22:03:29.374808+00:00,2026-07-07T22:03:29.374730,0,0,,,,,,,,,,,,,,,,,,,,,,,,,,,,,,,,,,,,,,,,,,
2026-07-07T22:03:29.442516+00:00,2026-07-07T22:03:29.442491,1,0,,,131.2,100,,,,,,,,,,,,,,,,,,,,,,,,,,,,,,,,,,,,,,
2026-07-07T22:03:29.447817+00:00,2026-07-07T22:03:29.447637,2,0,,,131.4,150,131.2,100,,,,,,,,,,,,,,,,,,,,,,,,,,,,,,,,,,,,
2026-07-07T22:03:29.488729+00:00,2026-07-07T22:03:29.488664,2,2,131.55,0.3,131.4,150,131.2,100,,,,,,,,,,,,,,,,,131.7,100,131.9,150,,,,,,,,,,,,,,,,
2026-07-07T22:03:29.738256+00:00,2026-07-07T22:03:29.738061,2,2,131.55,0.3,131.4,150,131.2,100,,,,,,,,,,,,,,,,,131.7,50,131.9,150,,,,,,,,,,,,,,,,
2026-07-07T22:03:31.230874+00:00,2026-07-07T22:03:31.230813,2,2,131.55,0.3,131.4,150,131.2,100,,,,,,,,,,,,,,,,,131.7,9,131.9,150,,,,,,,,,,,,,,,,
2026-07-07T22:03:32.235474+00:00,2026-07-07T22:03:32.235447,2,1,131.65,0.5,131.4,150,131.2,100,,,,,,,,,,,,,,,,,131.9,115,,,,,,,,,,,,,,,,,,
2026-07-07T22:03:32.545083+00:00,2026-07-07T22:03:32.545020,1,0,,,131.2,100,,,,,,,,,,,,,,,,,,,,,,,,,,,,,,,,,,,,,,
2026-07-07T22:03:32.550275+00:00,2026-07-07T22:03:32.550213,0,0,,,,,,,,,,,,,,,,,,,,,,,,,,,,,,,,,,,,,,,,,,
2026-07-07T22:03:32.599291+00:00,2026-07-07T22:03:32.599195,1,0,,,131.5,150,,,,,,,,,,,,,,,,,,,,,,,,,,,,,,,,,,,,,,
2026-07-07T22:03:32.604478+00:00,2026-07-07T22:03:32.604379,1,0,,,131.5,250,,,,,,,,,,,,,,,,,,,,,,,,,,,,,,,,,,,,,,
2026-07-07T22:03:32.655359+00:00,2026-07-07T22:03:32.655430,1,1,131.75,0.5,131.5,250,,,,,,,,,,,,,,,,,,,132.0,150,,,,,,,,,,,,,,,,,,
2026-07-07T22:03:32.660536+00:00,2026-07-07T22:03:32.660598,1,1,131.75,0.5,131.5,250,,,,,,,,,,,,,,,,,,,132.0,250,,,,,,,,,,,,,,,,,,
2026-07-07T22:03:32.707540+00:00,2026-07-07T22:03:32.707464,1,1,131.75,0.5,131.5,204,,,,,,,,,,,,,,,,,,,132.0,250,,,,,,,,,,,,,,,,,,
2026-07-07T22:03:33.999997+00:00,2026-07-07T22:03:33.999946,1,1,131.75,0.5,131.5,154,,,,,,,,,,,,,,,,,,,132.0,250,,,,,,,,,,,,,,,,,,
2026-07-07T22:03:34.853946+00:00,2026-07-07T22:03:34.854071,1,1,131.75,0.5,131.5,110,,,,,,,,,,,,,,,,,,,132.0,250,,,,,,,,,,,,,,,,,,
2026-07-07T22:03:35.706771+00:00,2026-07-07T22:03:35.706644,1,1,131.75,0.5,131.5,100,,,,,,,,,,,,,,,,,,,132.0,100,,,,,,,,,,,,,,,,,,
2026-07-07T22:03:35.711904+00:00,2026-07-07T22:03:35.711834,1,0,,,131.5,100,,,,,,,,,,,,,,,,,,,,,,,,,,,,,,,,,,,,,,
2026-07-07T22:03:35.717063+00:00,2026-07-07T22:03:35.716965,0,0,,,,,,,,,,,,,,,,,,,,,,,,,,,,,,,,,,,,,,,,,,
2026-07-07T22:03:35.766004+00:00,2026-07-07T22:03:35.765914,1,0,,,130.8,150,,,,,,,,,,,,,,,,,,,,,,,,,,,,,,,,,,,,,,
2026-07-07T22:03:35.771243+00:00,2026-07-07T22:03:35.771128,2,0,,,131.4,100,130.8,150,,,,,,,,,,,,,,,,,,,,,,,,,,,,,,,,,,,,
2026-07-07T22:03:35.820346+00:00,2026-07-07T22:03:35.820228,1,2,131.05,0.5,130.8,150,,,,,,,,,,,,,,,,,,,131.3,50,131.9,100,,,,,,,,,,,,,,,,
2026-07-07T22:03:36.058551+00:00,2026-07-07T22:03:36.057897,1,1,131.35,1.1,130.8,150,,,,,,,,,,,,,,,,,,,131.9,100,,,,,,,,,,,,,,,,,,
2026-07-07T22:03:36.915610+00:00,2026-07-07T22:03:36.915735,1,1,131.35,1.1,130.8,150,,,,,,,,,,,,,,,,,,,131.9,60,,,,,,,,,,,,,,,,,,
2026-07-07T22:03:38.187763+00:00,2026-07-07T22:03:38.187745,1,1,131.35,1.1,130.8,150,,,,,,,,,,,,,,,,,,,131.9,10,,,,,,,,,,,,,,,,,,
2026-07-07T22:03:38.871699+00:00,2026-07-07T22:03:38.871669,0,0,,,,,,,,,,,,,,,,,,,,,,,,,,,,,,,,,,,,,,,,,,
2026-07-07T22:03:38.929951+00:00,2026-07-07T22:03:38.929846,2,0,,,131.5,150,131.4,100,,,,,,,,,,,,,,,,,,,,,,,,,,,,,,,,,,,,
2026-07-07T22:03:38.978235+00:00,2026-07-07T22:03:38.978116,2,1,131.75,0.5,131.5,150,131.4,100,,,,,,,,,,,,,,,,,132.0,150,,,,,,,,,,,,,,,,,,
2026-07-07T22:03:38.983399+00:00,2026-07-07T22:03:38.983281,2,2,131.7,0.4,131.5,150,131.4,100,,,,,,,,,,,,,,,,,131.9,100,132.0,150,,,,,,,,,,,,,,,,
2026-07-07T22:03:40.085964+00:00,2026-07-07T22:03:40.085925,2,2,131.7,0.4,131.5,105,131.4,100,,,,,,,,,,,,,,,,,131.9,100,132.0,150,,,,,,,,,,,,,,,,
2026-07-07T22:03:40.474270+00:00,2026-07-07T22:03:40.468054,2,2,131.7,0.4,131.5,82,131.4,100,,,,,,,,,,,,,,,,,131.9,100,132.0,150,,,,,,,,,,,,,,,,
2026-07-07T22:03:40.546511+00:00,2026-07-07T22:03:40.546417,2,2,131.7,0.4,131.5,82,131.4,100,,,,,,,,,,,,,,,,,131.9,60,132.0,150,,,,,,,,,,,,,,,,
2026-07-07T22:03:42.036748+00:00,2026-07-07T22:03:42.036719,1,0,,,131.4,100,,,,,,,,,,,,,,,,,,,,,,,,,,,,,,,,,,,,,,
2026-07-07T22:03:42.042085+00:00,2026-07-07T22:03:42.041916,0,0,,,,,,,,,,,,,,,,,,,,,,,,,,,,,,,,,,,,,,,,,,
2026-07-07T22:03:42.090058+00:00,2026-07-07T22:03:42.089985,1,0,,,131.0,150,,,,,,,,,,,,,,,,,,,,,,,,,,,,,,,,,,,,,,
2026-07-07T22:03:42.095285+00:00,2026-07-07T22:03:42.095171,2,0,,,131.4,100,131.0,150,,,,,,,,,,,,,,,,,,,,,,,,,,,,,,,,,,,,
2026-07-07T22:03:42.144456+00:00,2026-07-07T22:03:42.144323,2,2,131.45,0.1,131.4,100,131.0,150,,,,,,,,,,,,,,,,,131.5,150,131.9,100,,,,,,,,,,,,,,,,
2026-07-07T22:03:42.458620+00:00,2026-07-07T22:03:42.457545,2,2,131.45,0.1,131.4,50,131.0,150,,,,,,,,,,,,,,,,,131.5,150,131.9,100,,,,,,,,,,,,,,,,
2026-07-07T22:03:42.634768+00:00,2026-07-07T22:03:42.634698,2,2,131.45,0.1,131.4,6,131.0,150,,,,,,,,,,,,,,,,,131.5,150,131.9,100,,,,,,,,,,,,,,,,
2026-07-07T22:03:44.601664+00:00,2026-07-07T22:03:44.601547,1,2,131.25,0.5,131.0,106,,,,,,,,,,,,,,,,,,,131.5,150,131.9,100,,,,,,,,,,,,,,,,
2026-07-07T22:03:45.197320+00:00,2026-07-07T22:03:45.197270,1,1,131.45,0.9,131.0,106,,,,,,,,,,,,,,,,,,,131.9,100,,,,,,,,,,,,,,,,,,
2026-07-07T22:03:45.202340+00:00,2026-07-07T22:03:45.202464,0,0,,,,,,,,,,,,,,,,,,,,,,,,,,,,,,,,,,,,,,,,,,
2026-07-07T22:03:45.266108+00:00,2026-07-07T22:03:45.265983,1,0,,,130.8,150,,,,,,,,,,,,,,,,,,,,,,,,,,,,,,,,,,,,,,
2026-07-07T22:03:45.271266+00:00,2026-07-07T22:03:45.271143,2,0,,,131.1,100,130.8,150,,,,,,,,,,,,,,,,,,,,,,,,,,,,,,,,,,,,
2026-07-07T22:03:45.331039+00:00,2026-07-07T22:03:45.323968,2,2,131.2,0.2,131.1,100,130.8,150,,,,,,,,,,,,,,,,,131.3,138,131.6,100,,,,,,,,,,,,,,,,
2026-07-07T22:03:46.658653+00:00,2026-07-07T22:03:46.655192,2,2,131.2,0.2,131.1,100,130.8,150,,,,,,,,,,,,,,,,,131.3,88,131.6,100,,,,,,,,,,,,,,,,
2026-07-07T22:03:48.370618+00:00,2026-07-07T22:03:48.370475,1,1,131.35,0.5,131.1,100,,,,,,,,,,,,,,,,,,,131.6,100,,,,,,,,,,,,,,,,,,
2026-07-07T22:03:48.375760+00:00,2026-07-07T22:03:48.375711,0,0,,,,,,,,,,,,,,,,,,,,,,,,,,,,,,,,,,,,,,,,,,
2026-07-07T22:03:48.423515+00:00,2026-07-07T22:03:48.423638,1,0,,,131.2,150,,,,,,,,,,,,,,,,,,,,,,,,,,,,,,,,,,,,,,
2026-07-07T22:03:48.428860+00:00,2026-07-07T22:03:48.428778,1,0,,,131.2,250,,,,,,,,,,,,,,,,,,,,,,,,,,,,,,,,,,,,,,
2026-07-07T22:03:48.479966+00:00,2026-07-07T22:03:48.479865,1,1,131.45,0.5,131.2,250,,,,,,,,,,,,,,,,,,,131.7,250,,,,,,,,,,,,,,,,,,
2026-07-07T22:03:48.769369+00:00,2026-07-07T22:03:48.769285,1,1,131.45,0.5,131.2,250,,,,,,,,,,,,,,,,,,,131.7,200,,,,,,,,,,,,,,,,,,
2026-07-07T22:03:50.905452+00:00,2026-07-07T22:03:50.905393,1,1,131.45,0.5,131.2,250,,,,,,,,,,,,,,,,,,,131.7,150,,,,,,,,,,,,,,,,,,
2026-07-07T22:03:51.535635+00:00,2026-07-07T22:03:51.535798,0,0,,,,,,,,,,,,,,,,,,,,,,,,,,,,,,,,,,,,,,,,,,
2026-07-07T22:03:51.585004+00:00,2026-07-07T22:03:51.584933,1,0,,,131.5,150,,,,,,,,,,,,,,,,,,,,,,,,,,,,,,,,,,,,,,
2026-07-07T22:03:51.590177+00:00,2026-07-07T22:03:51.590112,2,0,,,131.5,150,131.1,100,,,,,,,,,,,,,,,,,,,,,,,,,,,,,,,,,,,,
2026-07-07T22:03:51.654072+00:00,2026-07-07T22:03:51.647095,2,2,131.55,0.1,131.5,138,131.1,100,,,,,,,,,,,,,,,,,131.6,100,132.0,150,,,,,,,,,,,,,,,,
2026-07-07T22:03:52.280524+00:00,2026-07-07T22:03:52.273636,2,2,131.55,0.1,131.5,127,131.1,100,,,,,,,,,,,,,,,,,131.6,100,132.0,150,,,,,,,,,,,,,,,,
2026-07-07T22:03:53.058564+00:00,2026-07-07T22:03:53.058481,2,2,131.55,0.1,131.5,77,131.1,100,,,,,,,,,,,,,,,,,131.6,100,132.0,150,,,,,,,,,,,,,,,,
2026-07-07T22:03:54.694132+00:00,2026-07-07T22:03:54.694356,1,1,131.35,0.5,131.1,100,,,,,,,,,,,,,,,,,,,131.6,100,,,,,,,,,,,,,,,,,,
2026-07-07T22:03:54.699606+00:00,2026-07-07T22:03:54.699542,0,0,,,,,,,,,,,,,,,,,,,,,,,,,,,,,,,,,,,,,,,,,,
2026-07-07T22:03:54.747147+00:00,2026-07-07T22:03:54.747110,1,0,,,131.3,150,,,,,,,,,,,,,,,,,,,,,,,,,,,,,,,,,,,,,,
2026-07-07T22:03:54.752399+00:00,2026-07-07T22:03:54.752275,2,0,,,131.3,150,131.1,100,,,,,,,,,,,,,,,,,,,,,,,,,,,,,,,,,,,,
2026-07-07T22:03:54.802668+00:00,2026-07-07T22:03:54.802800,2,2,131.45,0.3,131.3,150,131.1,100,,,,,,,,,,,,,,,,,131.6,100,131.8,150,,,,,,,,,,,,,,,,
2026-07-07T22:03:55.121800+00:00,2026-07-07T22:03:55.121672,2,2,131.45,0.3,131.3,150,131.1,100,,,,,,,,,,,,,,,,,131.6,50,131.8,150,,,,,,,,,,,,,,,,
2026-07-07T22:03:57.097028+00:00,2026-07-07T22:03:57.096963,2,2,131.45,0.3,131.3,150,131.1,100,,,,,,,,,,,,,,,,,131.6,6,131.8,150,,,,,,,,,,,,,,,,
2026-07-07T22:03:57.232546+00:00,2026-07-07T22:03:57.232706,2,1,131.55,0.5,131.3,150,131.1,100,,,,,,,,,,,,,,,,,131.8,106,,,,,,,,,,,,,,,,,,
2026-07-07T22:03:57.569604+00:00,2026-07-07T22:03:57.569752,2,1,131.55,0.5,131.3,110,131.1,100,,,,,,,,,,,,,,,,,131.8,106,,,,,,,,,,,,,,,,,,
2026-07-07T22:03:57.851587+00:00,2026-07-07T22:03:57.851769,0,0,,,,,,,,,,,,,,,,,,,,,,,,,,,,,,,,,,,,,,,,,,
2026-07-07T22:03:57.928722+00:00,2026-07-07T22:03:57.928851,2,0,,,131.3,100,131.1,150,,,,,,,,,,,,,,,,,,,,,,,,,,,,,,,,,,,,
2026-07-07T22:03:57.980736+00:00,2026-07-07T22:03:57.980886,2,1,131.45,0.3,131.3,100,131.1,150,,,,,,,,,,,,,,,,,131.6,150,,,,,,,,,,,,,,,,,,
2026-07-07T22:03:57.986247+00:00,2026-07-07T22:03:57.986093,2,2,131.45,0.3,131.3,100,131.1,150,,,,,,,,,,,,,,,,,131.6,150,131.8,100,,,,,,,,,,,,,,,,
2026-07-07T22:03:58.069123+00:00,2026-07-07T22:03:58.069020,2,2,131.45,0.3,131.3,100,131.1,150,,,,,,,,,,,,,,,,,131.6,101,131.8,100,,,,,,,,,,,,,,,,
2026-07-07T22:03:58.642383+00:00,2026-07-07T22:03:58.642598,2,2,131.45,0.3,131.3,54,131.1,150,,,,,,,,,,,,,,,,,131.6,101,131.8,100,,,,,,,,,,,,,,,,
2026-07-07T22:03:59.341008+00:00,2026-07-07T22:03:59.340870,2,2,131.45,0.3,131.3,54,131.1,150,,,,,,,,,,,,,,,,,131.6,51,131.8,100,,,,,,,,,,,,,,,,
2026-07-07T22:04:01.040309+00:00,2026-07-07T22:04:01.040254,1,1,131.55,0.5,131.3,54,,,,,,,,,,,,,,,,,,,131.8,100,,,,,,,,,,,,,,,,,,
2026-07-07T22:04:01.045517+00:00,2026-07-07T22:04:01.045463,0,0,,,,,,,,,,,,,,,,,,,,,,,,,,,,,,,,,,,,,,,,,,
2026-07-07T22:04:01.093780+00:00,2026-07-07T22:04:01.093899,1,0,,,131.5,150,,,,,,,,,,,,,,,,,,,,,,,,,,,,,,,,,,,,,,
2026-07-07T22:04:01.099015+00:00,2026-07-07T22:04:01.099094,2,0,,,131.5,150,131.1,100,,,,,,,,,,,,,,,,,,,,,,,,,,,,,,,,,,,,
2026-07-07T22:04:01.158630+00:00,2026-07-07T22:04:01.148102,2,2,131.55,0.1,131.5,150,131.1,100,,,,,,,,,,,,,,,,,131.6,100,132.0,150,,,,,,,,,,,,,,,,
2026-07-07T22:04:01.499664+00:00,2026-07-07T22:04:01.499544,2,2,131.55,0.1,131.5,100,131.1,100,,,,,,,,,,,,,,,,,131.6,100,132.0,150,,,,,,,,,,,,,,,,
2026-07-07T22:04:01.631827+00:00,2026-07-07T22:04:01.625078,2,2,131.55,0.1,131.5,89,131.1,100,,,,,,,,,,,,,,,,,131.6,100,132.0,150,,,,,,,,,,,,,,,,
2026-07-07T22:04:03.607553+00:00,2026-07-07T22:04:03.607511,2,2,131.55,0.1,131.5,39,131.1,100,,,,,,,,,,,,,,,,,131.6,100,132.0,150,,,,,,,,,,,,,,,,
2026-07-07T22:04:04.202094+00:00,2026-07-07T22:04:04.202018,1,1,131.35,0.5,131.1,100,,,,,,,,,,,,,,,,,,,131.6,100,,,,,,,,,,,,,,,,,,
2026-07-07T22:04:04.207237+00:00,2026-07-07T22:04:04.207207,0,0,,,,,,,,,,,,,,,,,,,,,,,,,,,,,,,,,,,,,,,,,,
2026-07-07T22:04:04.254350+00:00,2026-07-07T22:04:04.254213,1,0,,,131.1,150,,,,,,,,,,,,,,,,,,,,,,,,,,,,,,,,,,,,,,
2026-07-07T22:04:04.259487+00:00,2026-07-07T22:04:04.259418,2,0,,,131.2,100,131.1,150,,,,,,,,,,,,,,,,,,,,,,,,,,,,,,,,,,,,
2026-07-07T22:04:04.310686+00:00,2026-07-07T22:04:04.310603,2,2,131.4,0.4,131.2,100,131.1,150,,,,,,,,,,,,,,,,,131.6,150,131.7,100,,,,,,,,,,,,,,,,
2026-07-07T22:04:05.717521+00:00,2026-07-07T22:04:05.717648,2,2,131.4,0.4,131.2,50,131.1,150,,,,,,,,,,,,,,,,,131.6,150,131.7,100,,,,,,,,,,,,,,,,
2026-07-07T22:04:06.444326+00:00,2026-07-07T22:04:06.444245,2,2,131.4,0.4,131.2,50,131.1,150,,,,,,,,,,,,,,,,,131.6,107,131.7,100,,,,,,,,,,,,,,,,
2026-07-07T22:04:06.720849+00:00,2026-07-07T22:04:06.714900,2,2,131.4,0.4,131.2,50,131.1,150,,,,,,,,,,,,,,,,,131.6,96,131.7,100,,,,,,,,,,,,,,,,
2026-07-07T22:04:07.014796+00:00,2026-07-07T22:04:07.014720,2,2,131.4,0.4,131.2,2,131.1,150,,,,,,,,,,,,,,,,,131.6,96,131.7,100,,,,,,,,,,,,,,,,
2026-07-07T22:04:07.364047+00:00,2026-07-07T22:04:07.363909,1,1,131.45,0.5,131.2,2,,,,,,,,,,,,,,,,,,,131.7,100,,,,,,,,,,,,,,,,,,
2026-07-07T22:04:07.369216+00:00,2026-07-07T22:04:07.369167,0,0,,,,,,,,,,,,,,,,,,,,,,,,,,,,,,,,,,,,,,,,,,
2026-07-07T22:04:07.416602+00:00,2026-07-07T22:04:07.416506,1,0,,,131.5,150,,,,,,,,,,,,,,,,,,,,,,,,,,,,,,,,,,,,,,
2026-07-07T22:04:07.421803+00:00,2026-07-07T22:04:07.421717,2,0,,,131.5,150,131.0,100,,,,,,,,,,,,,,,,,,,,,,,,,,,,,,,,,,,,
2026-07-07T22:04:07.471960+00:00,2026-07-07T22:04:07.471867,2,1,131.75,0.5,131.5,150,131.0,100,,,,,,,,,,,,,,,,,132.0,150,,,,,,,,,,,,,,,,,,
2026-07-07T22:04:07.477185+00:00,2026-07-07T22:04:07.477122,2,1,131.75,0.5,131.5,50,131.0,100,,,,,,,,,,,,,,,,,132.0,150,,,,,,,,,,,,,,,,,,
2026-07-07T22:04:07.824422+00:00,2026-07-07T22:04:07.824304,1,1,131.5,1.0,131.0,100,,,,,,,,,,,,,,,,,,,132.0,150,,,,,,,,,,,,,,,,,,
2026-07-07T22:04:09.757637+00:00,2026-07-07T22:04:09.757889,1,1,131.5,1.0,131.0,100,,,,,,,,,,,,,,,,,,,132.0,110,,,,,,,,,,,,,,,,,,
2026-07-07T22:04:09.933875+00:00,2026-07-07T22:04:09.933841,1,1,131.5,1.0,131.0,50,,,,,,,,,,,,,,,,,,,132.0,110,,,,,,,,,,,,,,,,,,
2026-07-07T22:04:10.522266+00:00,2026-07-07T22:04:10.522182,1,0,,,131.0,50,,,,,,,,,,,,,,,,,,,,,,,,,,,,,,,,,,,,,,
2026-07-07T22:04:10.533414+00:00,2026-07-07T22:04:10.533343,0,0,,,,,,,,,,,,,,,,,,,,,,,,,,,,,,,,,,,,,,,,,,
2026-07-07T22:04:10.580602+00:00,2026-07-07T22:04:10.580504,1,0,,,131.1,150,,,,,,,,,,,,,,,,,,,,,,,,,,,,,,,,,,,,,,
2026-07-07T22:04:10.585784+00:00,2026-07-07T22:04:10.585711,2,0,,,131.2,100,131.1,150,,,,,,,,,,,,,,,,,,,,,,,,,,,,,,,,,,,,
2026-07-07T22:04:10.630202+00:00,2026-07-07T22:04:10.630140,2,1,131.4,0.4,131.2,100,131.1,150,,,,,,,,,,,,,,,,,131.6,150,,,,,,,,,,,,,,,,,,
2026-07-07T22:04:10.635458+00:00,2026-07-07T22:04:10.635383,2,2,131.4,0.4,131.2,100,131.1,150,,,,,,,,,,,,,,,,,131.6,150,131.7,100,,,,,,,,,,,,,,,,
2026-07-07T22:04:10.650451+00:00,2026-07-07T22:04:10.644405,2,2,131.4,0.4,131.2,100,131.1,150,,,,,,,,,,,,,,,,,131.6,139,131.7,100,,,,,,,,,,,,,,,,
2026-07-07T22:04:11.308592+00:00,2026-07-07T22:04:11.302745,2,2,131.4,0.4,131.2,100,131.1,150,,,,,,,,,,,,,,,,,131.6,127,131.7,100,,,,,,,,,,,,,,,,
2026-07-07T22:04:12.041457+00:00,2026-07-07T22:04:12.041601,2,2,131.4,0.4,131.2,50,131.1,150,,,,,,,,,,,,,,,,,131.6,127,131.7,100,,,,,,,,,,,,,,,,
2026-07-07T22:04:12.521475+00:00,2026-07-07T22:04:12.515721,2,2,131.4,0.4,131.2,50,131.1,150,,,,,,,,,,,,,,,,,131.6,116,131.7,100,,,,,,,,,,,,,,,,
2026-07-07T22:04:13.324017+00:00,2026-07-07T22:04:13.323891,2,2,131.4,0.4,131.2,50,131.1,150,,,,,,,,,,,,,,,,,131.6,74,131.7,100,,,,,,,,,,,,,,,,
2026-07-07T22:04:13.684810+00:00,2026-07-07T22:04:13.684729,2,1,131.45,0.5,131.2,50,131.1,150,,,,,,,,,,,,,,,,,131.7,100,,,,,,,,,,,,,,,,,,
2026-07-07T22:04:13.689809+00:00,2026-07-07T22:04:13.689921,1,0,,,131.2,50,,,,,,,,,,,,,,,,,,,,,,,,,,,,,,,,,,,,,,
2026-07-07T22:04:13.695228+00:00,2026-07-07T22:04:13.695079,0,0,,,,,,,,,,,,,,,,,,,,,,,,,,,,,,,,,,,,,,,,,,
2026-07-07T22:04:13.744484+00:00,2026-07-07T22:04:13.744634,2,0,,,131.7,150,131.3,100,,,,,,,,,,,,,,,,,,,,,,,,,,,,,,,,,,,,
2026-07-07T22:04:13.798811+00:00,2026-07-07T22:04:13.798757,2,2,131.75,0.1,131.7,150,131.3,100,,,,,,,,,,,,,,,,,131.8,100,132.2,150,,,,,,,,,,,,,,,,
2026-07-07T22:04:14.158591+00:00,2026-07-07T22:04:14.151822,2,2,131.75,0.1,131.7,100,131.3,100,,,,,,,,,,,,,,,,,131.8,100,132.2,150,,,,,,,,,,,,,,,,
2026-07-07T22:04:14.806223+00:00,2026-07-07T22:04:14.806102,2,2,131.75,0.1,131.7,100,131.3,100,,,,,,,,,,,,,,,,,131.8,58,132.2,150,,,,,,,,,,,,,,,,
2026-07-07T22:04:16.207658+00:00,2026-07-07T22:04:16.207561,2,2,131.75,0.1,131.7,100,131.3,100,,,,,,,,,,,,,,,,,131.8,8,132.2,150,,,,,,,,,,,,,,,,
2026-07-07T22:04:16.558795+00:00,2026-07-07T22:04:16.558759,2,2,131.75,0.1,131.7,55,131.3,100,,,,,,,,,,,,,,,,,131.8,8,132.2,150,,,,,,,,,,,,,,,,
2026-07-07T22:04:16.850635+00:00,2026-07-07T22:04:16.850584,0,0,,,,,,,,,,,,,,,,,,,,,,,,,,,,,,,,,,,,,,,,,,
2026-07-07T22:04:16.906368+00:00,2026-07-07T22:04:16.906222,1,0,,,131.3,150,,,,,,,,,,,,,,,,,,,,,,,,,,,,,,,,,,,,,,
2026-07-07T22:04:16.911478+00:00,2026-07-07T22:04:16.911409,2,0,,,131.6,100,131.3,150,,,,,,,,,,,,,,,,,,,,,,,,,,,,,,,,,,,,
2026-07-07T22:04:16.961755+00:00,2026-07-07T22:04:16.961656,2,2,131.7,0.2,131.6,100,131.3,150,,,,,,,,,,,,,,,,,131.8,150,132.1,100,,,,,,,,,,,,,,,,
2026-07-07T22:04:17.679251+00:00,2026-07-07T22:04:17.679201,2,2,131.7,0.2,131.6,100,131.3,150,,,,,,,,,,,,,,,,,131.8,108,132.1,100,,,,,,,,,,,,,,,,
2026-07-07T22:04:18.316086+00:00,2026-07-07T22:04:18.316252,2,2,131.7,0.2,131.6,100,131.3,150,,,,,,,,,,,,,,,,,131.8,58,132.1,100,,,,,,,,,,,,,,,,
2026-07-07T22:04:18.824940+00:00,2026-07-07T22:04:18.824913,2,2,131.7,0.2,131.6,56,131.3,150,,,,,,,,,,,,,,,,,131.8,58,132.1,100,,,,,,,,,,,,,,,,
2026-07-07T22:04:19.855831+00:00,2026-07-07T22:04:19.848924,2,2,131.7,0.2,131.6,22,131.3,150,,,,,,,,,,,,,,,,,131.8,58,132.1,100,,,,,,,,,,,,,,,,
2026-07-07T22:04:20.015879+00:00,2026-07-07T22:04:20.015835,1,0,,,131.6,22,,,,,,,,,,,,,,,,,,,,,,,,,,,,,,,,,,,,,,
2026-07-07T22:04:20.021112+00:00,2026-07-07T22:04:20.021017,0,0,,,,,,,,,,,,,,,,,,,,,,,,,,,,,,,,,,,,,,,,,,
2026-07-07T22:04:20.070173+00:00,2026-07-07T22:04:20.070031,1,0,,,131.2,150,,,,,,,,,,,,,,,,,,,,,,,,,,,,,,,,,,,,,,
2026-07-07T22:04:20.075179+00:00,2026-07-07T22:04:20.075272,2,0,,,131.2,150,130.9,100,,,,,,,,,,,,,,,,,,,,,,,,,,,,,,,,,,,,
2026-07-07T22:04:20.123145+00:00,2026-07-07T22:04:20.123052,2,1,131.45,0.5,131.2,150,130.9,100,,,,,,,,,,,,,,,,,131.7,150,,,,,,,,,,,,,,,,,,
2026-07-07T22:04:20.128294+00:00,2026-07-07T22:04:20.128252,2,2,131.3,0.2,131.2,150,130.9,100,,,,,,,,,,,,,,,,,131.4,100,131.7,150,,,,,,,,,,,,,,,,
2026-07-07T22:04:20.400406+00:00,2026-07-07T22:04:20.400351,2,2,131.3,0.2,131.2,102,130.9,100,,,,,,,,,,,,,,,,,131.4,100,131.7,150,,,,,,,,,,,,,,,,
2026-07-07T22:04:20.422617+00:00,2026-07-07T22:04:20.422552,2,2,131.3,0.2,131.2,102,130.9,100,,,,,,,,,,,,,,,,,131.4,50,131.7,150,,,,,,,,,,,,,,,,
2026-07-07T22:04:21.170020+00:00,2026-07-07T22:04:21.163015,2,2,131.3,0.2,131.2,102,130.9,100,,,,,,,,,,,,,,,,,131.4,16,131.7,150,,,,,,,,,,,,,,,,
2026-07-07T22:04:22.532100+00:00,2026-07-07T22:04:22.531963,2,1,131.45,0.5,131.2,102,130.9,100,,,,,,,,,,,,,,,,,131.7,116,,,,,,,,,,,,,,,,,,
2026-07-07T22:04:23.177214+00:00,2026-07-07T22:04:23.177364,1,0,,,130.9,100,,,,,,,,,,,,,,,,,,,,,,,,,,,,,,,,,,,,,,
2026-07-07T22:04:23.182738+00:00,2026-07-07T22:04:23.182559,0,0,,,,,,,,,,,,,,,,,,,,,,,,,,,,,,,,,,,,,,,,,,
2026-07-07T22:04:23.232777+00:00,2026-07-07T22:04:23.232623,1,0,,,131.4,150,,,,,,,,,,,,,,,,,,,,,,,,,,,,,,,,,,,,,,
2026-07-07T22:04:23.237976+00:00,2026-07-07T22:04:23.237929,2,0,,,131.5,100,131.4,150,,,,,,,,,,,,,,,,,,,,,,,,,,,,,,,,,,,,
2026-07-07T22:04:23.285106+00:00,2026-07-07T22:04:23.285209,2,1,131.7,0.4,131.5,100,131.4,150,,,,,,,,,,,,,,,,,131.9,150,,,,,,,,,,,,,,,,,,
2026-07-07T22:04:23.290529+00:00,2026-07-07T22:04:23.290439,2,2,131.7,0.4,131.5,100,131.4,150,,,,,,,,,,,,,,,,,131.9,150,132.0,100,,,,,,,,,,,,,,,,
2026-07-07T22:04:24.637076+00:00,2026-07-07T22:04:24.637022,2,2,131.7,0.4,131.5,100,131.4,150,,,,,,,,,,,,,,,,,131.9,100,132.0,100,,,,,,,,,,,,,,,,
2026-07-07T22:04:25.179908+00:00,2026-07-07T22:04:25.179784,2,2,131.7,0.4,131.5,100,131.4,150,,,,,,,,,,,,,,,,,131.9,51,132.0,100,,,,,,,,,,,,,,,,
2026-07-07T22:04:26.276731+00:00,2026-07-07T22:04:26.276882,2,2,131.7,0.4,131.5,59,131.4,150,,,,,,,,,,,,,,,,,131.9,51,132.0,100,,,,,,,,,,,,,,,,
2026-07-07T22:04:26.339248+00:00,2026-07-07T22:04:26.339392,1,0,,,131.5,59,,,,,,,,,,,,,,,,,,,,,,,,,,,,,,,,,,,,,,
2026-07-07T22:04:26.344711+00:00,2026-07-07T22:04:26.344577,0,0,,,,,,,,,,,,,,,,,,,,,,,,,,,,,,,,,,,,,,,,,,
2026-07-07T22:04:26.390743+00:00,2026-07-07T22:04:26.390716,1,0,,,131.8,150,,,,,,,,,,,,,,,,,,,,,,,,,,,,,,,,,,,,,,
2026-07-07T22:04:26.395811+00:00,2026-07-07T22:04:26.395942,2,0,,,131.8,150,131.3,100,,,,,,,,,,,,,,,,,,,,,,,,,,,,,,,,,,,,
2026-07-07T22:04:26.452738+00:00,2026-07-07T22:04:26.446668,2,1,132.05,0.5,131.8,5,131.3,100,,,,,,,,,,,,,,,,,132.3,150,,,,,,,,,,,,,,,,,,
2026-07-07T22:04:26.795952+00:00,2026-07-07T22:04:26.795910,1,1,131.8,1.0,131.3,55,,,,,,,,,,,,,,,,,,,132.3,150,,,,,,,,,,,,,,,,,,
2026-07-07T22:04:28.904855+00:00,2026-07-07T22:04:28.904984,1,1,131.8,1.0,131.3,5,,,,,,,,,,,,,,,,,,,132.3,150,,,,,,,,,,,,,,,,,,
2026-07-07T22:04:29.500469+00:00,2026-07-07T22:04:29.500384,1,0,,,131.3,5,,,,,,,,,,,,,,,,,,,,,,,,,,,,,,,,,,,,,,
2026-07-07T22:04:29.505729+00:00,2026-07-07T22:04:29.505616,0,0,,,,,,,,,,,,,,,,,,,,,,,,,,,,,,,,,,,,,,,,,,
2026-07-07T22:04:29.552457+00:00,2026-07-07T22:04:29.552666,2,0,,,131.4,100,131.2,150,,,,,,,,,,,,,,,,,,,,,,,,,,,,,,,,,,,,
2026-07-07T22:04:29.614840+00:00,2026-07-07T22:04:29.609476,2,2,131.55,0.3,131.4,100,131.2,150,,,,,,,,,,,,,,,,,131.7,139,131.9,100,,,,,,,,,,,,,,,,
2026-07-07T22:04:31.080223+00:00,2026-07-07T22:04:31.080093,2,2,131.55,0.3,131.4,100,131.2,150,,,,,,,,,,,,,,,,,131.7,96,131.9,100,,,,,,,,,,,,,,,,
2026-07-07T22:04:32.658626+00:00,2026-07-07T22:04:32.653804,1,1,131.65,0.5,131.4,100,,,,,,,,,,,,,,,,,,,131.9,100,,,,,,,,,,,,,,,,,,
2026-07-07T22:04:32.668705+00:00,2026-07-07T22:04:32.668809,0,0,,,,,,,,,,,,,,,,,,,,,,,,,,,,,,,,,,,,,,,,,,
2026-07-07T22:04:32.713441+00:00,2026-07-07T22:04:32.713379,1,0,,,131.2,150,,,,,,,,,,,,,,,,,,,,,,,,,,,,,,,,,,,,,,
2026-07-07T22:04:32.718653+00:00,2026-07-07T22:04:32.718572,1,0,,,131.2,250,,,,,,,,,,,,,,,,,,,,,,,,,,,,,,,,,,,,,,
2026-07-07T22:04:32.735812+00:00,2026-07-07T22:04:32.735792,1,0,,,131.2,202,,,,,,,,,,,,,,,,,,,,,,,,,,,,,,,,,,,,,,
2026-07-07T22:04:32.766303+00:00,2026-07-07T22:04:32.766253,1,1,131.45,0.5,131.2,202,,,,,,,,,,,,,,,,,,,131.7,150,,,,,,,,,,,,,,,,,,
2026-07-07T22:04:32.771494+00:00,2026-07-07T22:04:32.771420,1,1,131.45,0.5,131.2,202,,,,,,,,,,,,,,,,,,,131.7,250,,,,,,,,,,,,,,,,,,
2026-07-07T22:04:33.127484+00:00,2026-07-07T22:04:33.127362,1,1,131.45,0.5,131.2,152,,,,,,,,,,,,,,,,,,,131.7,250,,,,,,,,,,,,,,,,,,
2026-07-07T22:04:35.183486+00:00,2026-07-07T22:04:35.183408,1,1,131.45,0.5,131.2,152,,,,,,,,,,,,,,,,,,,131.7,200,,,,,,,,,,,,,,,,,,
2026-07-07T22:04:35.445384+00:00,2026-07-07T22:04:35.445228,1,1,131.45,0.5,131.2,152,,,,,,,,,,,,,,,,,,,131.7,157,,,,,,,,,,,,,,,,,,
2026-07-07T22:04:35.818258+00:00,2026-07-07T22:04:35.818187,1,1,131.45,0.5,131.2,100,,,,,,,,,,,,,,,,,,,131.7,100,,,,,,,,,,,,,,,,,,
2026-07-07T22:04:35.823510+00:00,2026-07-07T22:04:35.823416,0,0,,,,,,,,,,,,,,,,,,,,,,,,,,,,,,,,,,,,,,,,,,
2026-07-07T22:04:35.879556+00:00,2026-07-07T22:04:35.879500,1,0,,,131.2,150,,,,,,,,,,,,,,,,,,,,,,,,,,,,,,,,,,,,,,
2026-07-07T22:04:35.884779+00:00,2026-07-07T22:04:35.884727,1,0,,,131.2,250,,,,,,,,,,,,,,,,,,,,,,,,,,,,,,,,,,,,,,
2026-07-07T22:04:35.930443+00:00,2026-07-07T22:04:35.930292,1,1,131.45,0.5,131.2,250,,,,,,,,,,,,,,,,,,,131.7,150,,,,,,,,,,,,,,,,,,
2026-07-07T22:04:35.935623+00:00,2026-07-07T22:04:35.935472,1,1,131.45,0.5,131.2,250,,,,,,,,,,,,,,,,,,,131.7,250,,,,,,,,,,,,,,,,,,
2026-07-07T22:04:37.287249+00:00,2026-07-07T22:04:37.287126,1,1,131.45,0.5,131.2,250,,,,,,,,,,,,,,,,,,,131.7,200,,,,,,,,,,,,,,,,,,
2026-07-07T22:04:38.985360+00:00,2026-07-07T22:04:38.985262,1,1,131.45,0.5,131.2,250,,,,,,,,,,,,,,,,,,,131.7,100,,,,,,,,,,,,,,,,,,
2026-07-07T22:04:38.990573+00:00,2026-07-07T22:04:38.990482,0,0,,,,,,,,,,,,,,,,,,,,,,,,,,,,,,,,,,,,,,,,,,
2026-07-07T22:04:39.041198+00:00,2026-07-07T22:04:39.041141,1,0,,,131.4,150,,,,,,,,,,,,,,,,,,,,,,,,,,,,,,,,,,,,,,
2026-07-07T22:04:39.046411+00:00,2026-07-07T22:04:39.046351,2,0,,,131.4,150,131.2,100,,,,,,,,,,,,,,,,,,,,,,,,,,,,,,,,,,,,
2026-07-07T22:04:39.095640+00:00,2026-07-07T22:04:39.095570,2,2,131.55,0.3,131.4,150,131.2,100,,,,,,,,,,,,,,,,,131.7,100,131.9,150,,,,,,,,,,,,,,,,
2026-07-07T22:04:39.395687+00:00,2026-07-07T22:04:39.395474,2,2,131.55,0.3,131.4,150,131.2,100,,,,,,,,,,,,,,,,,131.7,50,131.9,150,,,,,,,,,,,,,,,,
2026-07-07T22:04:40.130257+00:00,2026-07-07T22:04:40.130151,2,2,131.55,0.3,131.4,150,131.2,100,,,,,,,,,,,,,,,,,131.7,9,131.9,150,,,,,,,,,,,,,,,,
2026-07-07T22:04:41.143690+00:00,2026-07-07T22:04:41.143638,2,2,131.55,0.3,131.4,102,131.2,100,,,,,,,,,,,,,,,,,131.7,9,131.9,150,,,,,,,,,,,,,,,,
2026-07-07T22:04:41.510525+00:00,2026-07-07T22:04:41.510376,2,1,131.65,0.5,131.4,102,131.2,100,,,,,,,,,,,,,,,,,131.9,109,,,,,,,,,,,,,,,,,,
2026-07-07T22:04:42.152524+00:00,2026-07-07T22:04:42.152756,0,0,,,,,,,,,,,,,,,,,,,,,,,,,,,,,,,,,,,,,,,,,,
2026-07-07T22:04:42.206285+00:00,2026-07-07T22:04:42.206239,2,0,,,131.6,100,131.5,150,,,,,,,,,,,,,,,,,,,,,,,,,,,,,,,,,,,,
2026-07-07T22:04:42.258619+00:00,2026-07-07T22:04:42.254604,2,2,131.8,0.4,131.6,100,131.5,150,,,,,,,,,,,,,,,,,132.0,150,132.1,100,,,,,,,,,,,,,,,,
2026-07-07T22:04:43.615251+00:00,2026-07-07T22:04:43.615110,2,2,131.8,0.4,131.6,100,131.5,150,,,,,,,,,,,,,,,,,132.0,100,132.1,100,,,,,,,,,,,,,,,,
2026-07-07T22:04:45.314527+00:00,2026-07-07T22:04:45.314384,1,1,131.85,0.5,131.6,100,,,,,,,,,,,,,,,,,,,132.1,100,,,,,,,,,,,,,,,,,,
2026-07-07T22:04:45.319458+00:00,2026-07-07T22:04:45.319572,0,0,,,,,,,,,,,,,,,,,,,,,,,,,,,,,,,,,,,,,,,,,,
2026-07-07T22:04:45.367730+00:00,2026-07-07T22:04:45.367651,1,0,,,131.7,150,,,,,,,,,,,,,,,,,,,,,,,,,,,,,,,,,,,,,,
2026-07-07T22:04:45.372960+00:00,2026-07-07T22:04:45.372902,1,0,,,131.7,250,,,,,,,,,,,,,,,,,,,,,,,,,,,,,,,,,,,,,,
2026-07-07T22:04:45.421275+00:00,2026-07-07T22:04:45.421203,1,1,131.95,0.5,131.7,250,,,,,,,,,,,,,,,,,,,132.2,150,,,,,,,,,,,,,,,,,,
2026-07-07T22:04:45.426518+00:00,2026-07-07T22:04:45.426428,1,1,131.95,0.5,131.7,250,,,,,,,,,,,,,,,,,,,132.2,250,,,,,,,,,,,,,,,,,,
2026-07-07T22:04:45.745202+00:00,2026-07-07T22:04:45.745065,1,1,131.95,0.5,131.7,250,,,,,,,,,,,,,,,,,,,132.2,200,,,,,,,,,,,,,,,,,,
2026-07-07T22:04:47.847686+00:00,2026-07-07T22:04:47.847617,1,1,131.95,0.5,131.7,250,,,,,,,,,,,,,,,,,,,132.2,150,,,,,,,,,,,,,,,,,,
2026-07-07T22:04:48.481546+00:00,2026-07-07T22:04:48.481698,1,0,,,131.7,100,,,,,,,,,,,,,,,,,,,,,,,,,,,,,,,,,,,,,,
2026-07-07T22:04:48.486967+00:00,2026-07-07T22:04:48.486853,0,0,,,,,,,,,,,,,,,,,,,,,,,,,,,,,,,,,,,,,,,,,,
2026-07-07T22:04:48.530658+00:00,2026-07-07T22:04:48.530777,1,0,,,132.0,150,,,,,,,,,,,,,,,,,,,,,,,,,,,,,,,,,,,,,,
2026-07-07T22:04:48.546516+00:00,2026-07-07T22:04:48.546412,2,0,,,132.0,150,131.5,100,,,,,,,,,,,,,,,,,,,,,,,,,,,,,,,,,,,,
2026-07-07T22:04:48.593880+00:00,2026-07-07T22:04:48.590175,2,1,132.25,0.5,132.0,16,131.5,100,,,,,,,,,,,,,,,,,132.5,150,,,,,,,,,,,,,,,,,,
2026-07-07T22:04:50.031118+00:00,2026-07-07T22:04:50.024161,1,1,132.0,1.0,131.5,100,,,,,,,,,,,,,,,,,,,132.5,150,,,,,,,,,,,,,,,,,,
2026-07-07T22:04:51.649900+00:00,2026-07-07T22:04:51.649806,1,0,,,131.5,100,,,,,,,,,,,,,,,,,,,,,,,,,,,,,,,,,,,,,,
2026-07-07T22:04:51.658719+00:00,2026-07-07T22:04:51.655004,0,0,,,,,,,,,,,,,,,,,,,,,,,,,,,,,,,,,,,,,,,,,,
2026-07-07T22:04:51.700596+00:00,2026-07-07T22:04:51.700531,1,0,,,131.3,150,,,,,,,,,,,,,,,,,,,,,,,,,,,,,,,,,,,,,,
2026-07-07T22:04:51.705839+00:00,2026-07-07T22:04:51.705743,2,0,,,131.8,100,131.3,150,,,,,,,,,,,,,,,,,,,,,,,,,,,,,,,,,,,,
2026-07-07T22:04:51.798001+00:00,2026-07-07T22:04:51.790461,1,2,131.55,0.5,131.3,150,,,,,,,,,,,,,,,,,,,131.8,34,132.3,100,,,,,,,,,,,,,,,,
2026-07-07T22:04:52.080713+00:00,2026-07-07T22:04:52.080499,1,1,131.8,1.0,131.3,150,,,,,,,,,,,,,,,,,,,132.3,84,,,,,,,,,,,,,,,,,,
2026-07-07T22:04:54.496573+00:00,2026-07-07T22:04:54.496711,1,1,131.8,1.0,131.3,102,,,,,,,,,,,,,,,,,,,132.3,84,,,,,,,,,,,,,,,,,,
2026-07-07T22:04:54.835219+00:00,2026-07-07T22:04:54.835197,0,0,,,,,,,,,,,,,,,,,,,,,,,,,,,,,,,,,,,,,,,,,,
2026-07-07T22:04:54.889185+00:00,2026-07-07T22:04:54.889045,2,0,,,131.8,150,131.6,100,,,,,,,,,,,,,,,,,,,,,,,,,,,,,,,,,,,,
2026-07-07T22:04:54.942150+00:00,2026-07-07T22:04:54.942055,2,2,131.95,0.3,131.8,150,131.6,100,,,,,,,,,,,,,,,,,132.1,100,132.3,150,,,,,,,,,,,,,,,,
2026-07-07T22:04:55.148494+00:00,2026-07-07T22:04:55.158710,2,2,131.95,0.3,131.8,150,131.6,100,,,,,,,,,,,,,,,,,132.1,51,132.3,150,,,,,,,,,,,,,,,,
2026-07-07T22:04:55.207529+00:00,2026-07-07T22:04:55.207450,2,2,131.95,0.3,131.8,105,131.6,100,,,,,,,,,,,,,,,,,132.1,51,132.3,150,,,,,,,,,,,,,,,,
2026-07-07T22:04:56.318592+00:00,2026-07-07T22:04:56.318694,2,2,131.95,0.3,131.8,105,131.6,100,,,,,,,,,,,,,,,,,132.1,1,132.3,150,,,,,,,,,,,,,,,,
2026-07-07T22:04:56.819030+00:00,2026-07-07T22:04:56.819000,2,1,132.05,0.5,131.8,105,131.6,100,,,,,,,,,,,,,,,,,132.3,150,,,,,,,,,,,,,,,,,,
2026-07-07T22:04:57.991807+00:00,2026-07-07T22:04:57.991881,1,1,132.05,0.5,131.8,105,,,,,,,,,,,,,,,,,,,132.3,150,,,,,,,,,,,,,,,,,,
2026-07-07T22:04:57.997091+00:00,2026-07-07T22:04:57.997040,0,0,,,,,,,,,,,,,,,,,,,,,,,,,,,,,,,,,,,,,,,,,,
2026-07-07T22:04:58.049226+00:00,2026-07-07T22:04:58.049153,2,0,,,131.9,100,131.6,150,,,,,,,,,,,,,,,,,,,,,,,,,,,,,,,,,,,,
2026-07-07T22:04:58.101740+00:00,2026-07-07T22:04:58.101601,2,2,132.0,0.2,131.9,100,131.6,150,,,,,,,,,,,,,,,,,132.1,150,132.4,100,,,,,,,,,,,,,,,,
2026-07-07T22:04:58.503327+00:00,2026-07-07T22:04:58.503220,2,2,132.0,0.2,131.9,50,131.6,150,,,,,,,,,,,,,,,,,132.1,150,132.4,100,,,,,,,,,,,,,,,,
2026-07-07T22:04:59.520021+00:00,2026-07-07T22:04:59.520192,2,2,132.0,0.2,131.9,1,131.6,150,,,,,,,,,,,,,,,,,132.1,150,132.4,100,,,,,,,,,,,,,,,,
2026-07-07T22:05:00.563961+00:00,2026-07-07T22:05:00.563895,2,2,132.0,0.2,131.9,1,131.6,150,,,,,,,,,,,,,,,,,132.1,100,132.4,100,,,,,,,,,,,,,,,,
2026-07-07T22:05:01.163975+00:00,2026-07-07T22:05:01.163891,0,0,,,,,,,,,,,,,,,,,,,,,,,,,,,,,,,,,,,,,,,,,,
2026-07-07T22:05:01.212169+00:00,2026-07-07T22:05:01.212090,1,0,,,131.8,100,,,,,,,,,,,,,,,,,,,,,,,,,,,,,,,,,,,,,,
2026-07-07T22:05:01.217348+00:00,2026-07-07T22:05:01.217285,2,0,,,132.0,150,131.8,100,,,,,,,,,,,,,,,,,,,,,,,,,,,,,,,,,,,,
2026-07-07T22:05:01.267783+00:00,2026-07-07T22:05:01.267753,2,1,132.15,0.3,132.0,150,131.8,100,,,,,,,,,,,,,,,,,132.3,100,,,,,,,,,,,,,,,,,,
2026-07-07T22:05:01.272858+00:00,2026-07-07T22:05:01.272979,2,2,132.15,0.3,132.0,150,131.8,100,,,,,,,,,,,,,,,,,132.3,100,132.5,150,,,,,,,,,,,,,,,,
2026-07-07T22:05:02.177389+00:00,2026-07-07T22:05:02.177272,2,2,132.15,0.3,132.0,150,131.8,100,,,,,,,,,,,,,,,,,132.3,59,132.5,150,,,,,,,,,,,,,,,,
2026-07-07T22:05:02.723117+00:00,2026-07-07T22:05:02.723026,2,2,132.15,0.3,132.0,150,131.8,100,,,,,,,,,,,,,,,,,132.3,16,132.5,150,,,,,,,,,,,,,,,,
2026-07-07T22:05:02.738696+00:00,2026-07-07T22:05:02.738630,2,2,132.15,0.3,132.0,100,131.8,100,,,,,,,,,,,,,,,,,132.3,16,132.5,150,,,,,,,,,,,,,,,,
2026-07-07T22:05:04.164077+00:00,2026-07-07T22:05:04.164292,2,2,132.15,0.3,132.0,60,131.8,100,,,,,,,,,,,,,,,,,132.3,16,132.5,150,,,,,,,,,,,,,,,,
2026-07-07T22:05:04.322707+00:00,2026-07-07T22:05:04.322582,2,1,132.25,0.5,132.0,60,131.8,100,,,,,,,,,,,,,,,,,132.5,150,,,,,,,,,,,,,,,,,,
2026-07-07T22:05:04.327821+00:00,2026-07-07T22:05:04.327783,1,0,,,132.0,60,,,,,,,,,,,,,,,,,,,,,,,,,,,,,,,,,,,,,,
2026-07-07T22:05:04.333048+00:00,2026-07-07T22:05:04.332932,0,0,,,,,,,,,,,,,,,,,,,,,,,,,,,,,,,,,,,,,,,,,,
2026-07-07T22:05:04.383131+00:00,2026-07-07T22:05:04.383043,1,0,,,131.8,100,,,,,,,,,,,,,,,,,,,,,,,,,,,,,,,,,,,,,,
2026-07-07T22:05:04.388355+00:00,2026-07-07T22:05:04.388259,2,0,,,131.8,100,131.5,150,,,,,,,,,,,,,,,,,,,,,,,,,,,,,,,,,,,,
2026-07-07T22:05:04.434794+00:00,2026-07-07T22:05:04.434729,2,1,132.05,0.5,131.8,100,131.5,150,,,,,,,,,,,,,,,,,132.3,100,,,,,,,,,,,,,,,,,,
2026-07-07T22:05:04.439999+00:00,2026-07-07T22:05:04.439923,2,2,131.9,0.2,131.8,100,131.5,150,,,,,,,,,,,,,,,,,132.0,150,132.3,100,,,,,,,,,,,,,,,,
2026-07-07T22:05:04.845741+00:00,2026-07-07T22:05:04.845661,2,2,131.9,0.2,131.8,50,131.5,150,,,,,,,,,,,,,,,,,132.0,150,132.3,100,,,,,,,,,,,,,,,,
2026-07-07T22:05:05.837401+00:00,2026-07-07T22:05:05.837342,2,2,131.9,0.2,131.8,50,131.5,150,,,,,,,,,,,,,,,,,132.0,106,132.3,100,,,,,,,,,,,,,,,,
2026-07-07T22:05:06.902413+00:00,2026-07-07T22:05:06.902596,2,2,131.9,0.2,131.8,50,131.5,150,,,,,,,,,,,,,,,,,132.0,56,132.3,100,,,,,,,,,,,,,,,,
2026-07-07T22:05:07.490194+00:00,2026-07-07T22:05:07.490087,1,1,131.75,0.5,131.5,150,,,,,,,,,,,,,,,,,,,132.0,56,,,,,,,,,,,,,,,,,,
2026-07-07T22:05:07.500682+00:00,2026-07-07T22:05:07.500627,0,0,,,,,,,,,,,,,,,,,,,,,,,,,,,,,,,,,,,,,,,,,,
2026-07-07T22:05:07.542581+00:00,2026-07-07T22:05:07.542516,1,0,,,131.5,100,,,,,,,,,,,,,,,,,,,,,,,,,,,,,,,,,,,,,,
2026-07-07T22:05:07.558561+00:00,2026-07-07T22:05:07.552893,2,0,,,131.7,150,131.5,100,,,,,,,,,,,,,,,,,,,,,,,,,,,,,,,,,,,,
2026-07-07T22:05:07.599691+00:00,2026-07-07T22:05:07.599534,2,1,131.85,0.3,131.7,150,131.5,100,,,,,,,,,,,,,,,,,132.0,100,,,,,,,,,,,,,,,,,,
2026-07-07T22:05:07.615098+00:00,2026-07-07T22:05:07.615178,2,2,131.85,0.3,131.7,150,131.5,100,,,,,,,,,,,,,,,,,132.0,100,132.2,150,,,,,,,,,,,,,,,,
2026-07-07T22:05:09.069175+00:00,2026-07-07T22:05:09.069104,2,2,131.85,0.3,131.7,100,131.5,100,,,,,,,,,,,,,,,,,132.0,100,132.2,150,,,,,,,,,,,,,,,,
2026-07-07T22:05:10.352319+00:00,2026-07-07T22:05:10.352449,2,2,131.85,0.3,131.7,57,131.5,100,,,,,,,,,,,,,,,,,132.0,100,132.2,150,,,,,,,,,,,,,,,,
2026-07-07T22:05:10.656517+00:00,2026-07-07T22:05:10.656635,1,1,131.95,0.5,131.7,57,,,,,,,,,,,,,,,,,,,132.2,150,,,,,,,,,,,,,,,,,,
2026-07-07T22:05:10.670906+00:00,2026-07-07T22:05:10.670805,0,0,,,,,,,,,,,,,,,,,,,,,,,,,,,,,,,,,,,,,,,,,,
2026-07-07T22:05:10.712188+00:00,2026-07-07T22:05:10.712126,1,0,,,131.7,100,,,,,,,,,,,,,,,,,,,,,,,,,,,,,,,,,,,,,,
2026-07-07T22:05:10.725759+00:00,2026-07-07T22:05:10.725670,2,0,,,131.7,100,131.5,150,,,,,,,,,,,,,,,,,,,,,,,,,,,,,,,,,,,,
2026-07-07T22:05:10.764633+00:00,2026-07-07T22:05:10.764755,2,1,131.95,0.5,131.7,100,131.5,150,,,,,,,,,,,,,,,,,132.2,100,,,,,,,,,,,,,,,,,,
2026-07-07T22:05:10.778267+00:00,2026-07-07T22:05:10.778354,2,2,131.85,0.3,131.7,100,131.5,150,,,,,,,,,,,,,,,,,132.0,150,132.2,100,,,,,,,,,,,,,,,,
2026-07-07T22:05:12.899695+00:00,2026-07-07T22:05:12.899629,2,2,131.85,0.3,131.7,100,131.5,150,,,,,,,,,,,,,,,,,132.0,107,132.2,100,,,,,,,,,,,,,,,,
2026-07-07T22:05:13.818866+00:00,2026-07-07T22:05:13.818750,1,1,131.75,0.5,131.5,150,,,,,,,,,,,,,,,,,,,132.0,107,,,,,,,,,,,,,,,,,,
2026-07-07T22:05:13.829280+00:00,2026-07-07T22:05:13.829228,0,0,,,,,,,,,,,,,,,,,,,,,,,,,,,,,,,,,,,,,,,,,,
2026-07-07T22:05:13.873535+00:00,2026-07-07T22:05:13.873458,1,0,,,131.8,100,,,,,,,,,,,,,,,,,,,,,,,,,,,,,,,,,,,,,,
2026-07-07T22:05:13.888928+00:00,2026-07-07T22:05:13.888837,2,0,,,131.8,100,131.7,150,,,,,,,,,,,,,,,,,,,,,,,,,,,,,,,,,,,,
2026-07-07T22:05:13.926904+00:00,2026-07-07T22:05:13.926790,2,1,132.05,0.5,131.8,100,131.7,150,,,,,,,,,,,,,,,,,132.3,100,,,,,,,,,,,,,,,,,,
2026-07-07T22:05:13.937570+00:00,2026-07-07T22:05:13.937436,2,2,132.0,0.4,131.8,100,131.7,150,,,,,,,,,,,,,,,,,132.2,150,132.3,100,,,,,,,,,,,,,,,,
2026-07-07T22:05:16.811248+00:00,2026-07-07T22:05:16.811380,2,2,132.0,0.4,131.8,56,131.7,150,,,,,,,,,,,,,,,,,132.2,150,132.3,100,,,,,,,,,,,,,,,,
2026-07-07T22:05:16.981478+00:00,2026-07-07T22:05:16.981380,1,1,131.95,0.5,131.7,150,,,,,,,,,,,,,,,,,,,132.2,150,,,,,,,,,,,,,,,,,,
2026-07-07T22:05:16.992111+00:00,2026-07-07T22:05:16.992059,0,0,,,,,,,,,,,,,,,,,,,,,,,,,,,,,,,,,,,,,,,,,,
2026-07-07T22:05:17.037131+00:00,2026-07-07T22:05:17.037000,1,0,,,131.4,100,,,,,,,,,,,,,,,,,,,,,,,,,,,,,,,,,,,,,,
2026-07-07T22:05:17.047501+00:00,2026-07-07T22:05:17.047404,2,0,,,131.5,150,131.4,100,,,,,,,,,,,,,,,,,,,,,,,,,,,,,,,,,,,,
2026-07-07T22:05:17.087689+00:00,2026-07-07T22:05:17.087500,2,1,131.7,0.4,131.5,150,131.4,100,,,,,,,,,,,,,,,,,131.9,100,,,,,,,,,,,,,,,,,,
2026-07-07T22:05:17.099645+00:00,2026-07-07T22:05:17.099564,2,2,131.7,0.4,131.5,150,131.4,100,,,,,,,,,,,,,,,,,131.9,100,132.0,150,,,,,,,,,,,,,,,,
2026-07-07T22:05:17.468959+00:00,2026-07-07T22:05:17.468848,2,2,131.7,0.4,131.5,150,131.4,100,,,,,,,,,,,,,,,,,131.9,50,132.0,150,,,,,,,,,,,,,,,,
2026-07-07T22:05:19.625243+00:00,2026-07-07T22:05:19.625438,2,2,131.7,0.4,131.5,100,131.4,100,,,,,,,,,,,,,,,,,131.9,50,132.0,150,,,,,,,,,,,,,,,,
2026-07-07T22:05:20.035531+00:00,2026-07-07T22:05:20.035500,2,2,131.7,0.4,131.5,57,131.4,100,,,,,,,,,,,,,,,,,131.9,50,132.0,150,,,,,,,,,,,,,,,,
2026-07-07T22:05:20.139411+00:00,2026-07-07T22:05:20.139323,2,1,131.75,0.5,131.5,57,131.4,100,,,,,,,,,,,,,,,,,132.0,150,,,,,,,,,,,,,,,,,,
