recv_time,book_timestamp,n_bids,n_asks,mid,spread,bid_px_0,bid_vol_0,bid_px_1,bid_vol_1,bid_px_2,bid_vol_2,bid_px_3,bid_vol_3,bid_px_4,bid_vol_4,bid_px_5,bid_vol_5,bid_px_6,bid_vol_6,bid_px_7,bid_vol_7,bid_px_8,bid_vol_8,bid_px_9,bid_vol_9,ask_px_0,ask_vol_0,ask_px_1,ask_vol_1,ask_px_2,ask_vol_2,ask_px_3,ask_vol_3,ask_px_4,ask_vol_4,ask_px_5,ask_vol_5,ask_px_6,ask_vol_6,ask_px_7,ask_vol_7,ask_px_8,ask_vol_8,ask_px_9,ask_vol_9
2026-07-02T04:00:00.199910+00:00,2026-07-02T04:00:00.199786,1,1,101.95,0.5,101.7,150,,,,,,,,,,,,,,,,,,,102.2,150,,,,,,,,,,,,,,,,,,
2026-07-02T04:00:00.287194+00:00,2026-07-02T04:00:00.248596,2,1,102.0,0.4,101.8,100,101.7,150,,,,,,,,,,,,,,,,,102.2,150,,,,,,,,,,,,,,,,,,
2026-07-02T04:00:00.306772+00:00,2026-07-02T04:00:00.306696,2,2,102.0,0.4,101.8,100,101.7,150,,,,,,,,,,,,,,,,,102.2,150,102.3,100,,,,,,,,,,,,,,,,
2026-07-02T04:00:02.271185+00:00,2026-07-02T04:00:02.271304,1,1,102.05,0.5,101.8,100,,,,,,,,,,,,,,,,,,,102.3,100,,,,,,,,,,,,,,,,,,
2026-07-02T04:00:02.323182+00:00,2026-07-02T04:00:02.323119,2,1,102.1,0.4,101.9,150,101.8,100,,,,,,,,,,,,,,,,,102.3,100,,,,,,,,,,,,,,,,,,
2026-07-02T04:00:02.375857+00:00,2026-07-02T04:00:02.375800,2,2,102.1,0.4,101.9,150,101.8,100,,,,,,,,,,,,,,,,,102.3,100,102.4,150,,,,,,,,,,,,,,,,
2026-07-02T04:00:02.551909+00:00,2026-07-02T04:00:02.531562,2,2,102.1,0.4,101.9,150,101.8,100,,,,,,,,,,,,,,,,,102.3,50,102.4,150,,,,,,,,,,,,,,,,
2026-07-02T04:00:02.655561+00:00,2026-07-02T04:00:02.645892,2,2,102.1,0.4,101.9,110,101.8,100,,,,,,,,,,,,,,,,,102.3,50,102.4,150,,,,,,,,,,,,,,,,
2026-07-02T04:00:03.358550+00:00,2026-07-02T04:00:03.353507,1,1,102.15,0.5,101.9,110,,,,,,,,,,,,,,,,,,,102.4,150,,,,,,,,,,,,,,,,,,
2026-07-02T04:00:03.414982+00:00,2026-07-02T04:00:03.414946,2,1,102.25,0.3,102.1,100,101.9,110,,,,,,,,,,,,,,,,,102.4,150,,,,,,,,,,,,,,,,,,
2026-07-02T04:00:03.473323+00:00,2026-07-02T04:00:03.464103,2,2,102.25,0.3,102.1,100,101.9,110,,,,,,,,,,,,,,,,,102.4,150,102.6,100,,,,,,,,,,,,,,,,
2026-07-02T04:00:04.698198+00:00,2026-07-02T04:00:04.698168,2,2,102.25,0.3,102.1,50,101.9,110,,,,,,,,,,,,,,,,,102.4,150,102.6,100,,,,,,,,,,,,,,,,
2026-07-02T04:00:05.424753+00:00,2026-07-02T04:00:05.424631,2,2,102.25,0.3,102.1,10,101.9,110,,,,,,,,,,,,,,,,,102.4,150,102.6,100,,,,,,,,,,,,,,,,
2026-07-02T04:00:05.429831+00:00,2026-07-02T04:00:05.429806,1,1,102.35,0.5,102.1,10,,,,,,,,,,,,,,,,,,,102.6,100,,,,,,,,,,,,,,,,,,
2026-07-02T04:00:05.483894+00:00,2026-07-02T04:00:05.483842,2,1,102.35,0.5,102.1,10,101.7,150,,,,,,,,,,,,,,,,,102.6,100,,,,,,,,,,,,,,,,,,
2026-07-02T04:00:05.540115+00:00,2026-07-02T04:00:05.540024,2,2,102.15,0.1,102.1,10,101.7,150,,,,,,,,,,,,,,,,,102.2,150,102.6,100,,,,,,,,,,,,,,,,
2026-07-02T04:00:06.523978+00:00,2026-07-02T04:00:06.523853,1,1,101.95,0.5,101.7,150,,,,,,,,,,,,,,,,,,,102.2,150,,,,,,,,,,,,,,,,,,
2026-07-02T04:00:06.578812+00:00,2026-07-02T04:00:06.578764,1,1,101.95,0.5,101.7,250,,,,,,,,,,,,,,,,,,,102.2,150,,,,,,,,,,,,,,,,,,
2026-07-02T04:00:06.605709+00:00,2026-07-02T04:00:06.600205,1,1,101.95,0.5,101.7,250,,,,,,,,,,,,,,,,,,,102.2,138,,,,,,,,,,,,,,,,,,
2026-07-02T04:00:06.631722+00:00,2026-07-02T04:00:06.631846,1,1,101.95,0.5,101.7,250,,,,,,,,,,,,,,,,,,,102.2,238,,,,,,,,,,,,,,,,,,
2026-07-02T04:00:06.800638+00:00,2026-07-02T04:00:06.800536,1,1,101.95,0.5,101.7,200,,,,,,,,,,,,,,,,,,,102.2,238,,,,,,,,,,,,,,,,,,
2026-07-02T04:00:08.594968+00:00,2026-07-02T04:00:08.594931,1,1,101.95,0.5,101.7,100,,,,,,,,,,,,,,,,,,,102.2,100,,,,,,,,,,,,,,,,,,
2026-07-02T04:00:08.645044+00:00,2026-07-02T04:00:08.644977,1,1,101.95,0.5,101.7,250,,,,,,,,,,,,,,,,,,,102.2,100,,,,,,,,,,,,,,,,,,
2026-07-02T04:00:08.697921+00:00,2026-07-02T04:00:08.697859,1,1,101.95,0.5,101.7,250,,,,,,,,,,,,,,,,,,,102.2,250,,,,,,,,,,,,,,,,,,
2026-07-02T04:00:08.911976+00:00,2026-07-02T04:00:08.911892,1,1,101.95,0.5,101.7,200,,,,,,,,,,,,,,,,,,,102.2,250,,,,,,,,,,,,,,,,,,
2026-07-02T04:00:09.680810+00:00,2026-07-02T04:00:09.680757,1,1,101.95,0.5,101.7,200,,,,,,,,,,,,,,,,,,,102.2,150,,,,,,,,,,,,,,,,,,
2026-07-02T04:00:09.685996+00:00,2026-07-02T04:00:09.685922,1,1,101.95,0.5,101.7,150,,,,,,,,,,,,,,,,,,,102.2,150,,,,,,,,,,,,,,,,,,
2026-07-02T04:00:09.735043+00:00,2026-07-02T04:00:09.734959,1,1,101.95,0.5,101.7,250,,,,,,,,,,,,,,,,,,,102.2,150,,,,,,,,,,,,,,,,,,
2026-07-02T04:00:09.803016+00:00,2026-07-02T04:00:09.803100,1,1,101.95,0.5,101.7,250,,,,,,,,,,,,,,,,,,,102.2,250,,,,,,,,,,,,,,,,,,
2026-07-02T04:00:10.394256+00:00,2026-07-02T04:00:10.388398,1,1,101.95,0.5,101.7,250,,,,,,,,,,,,,,,,,,,102.2,239,,,,,,,,,,,,,,,,,,
2026-07-02T04:00:10.541378+00:00,2026-07-02T04:00:10.535261,1,1,101.95,0.5,101.7,250,,,,,,,,,,,,,,,,,,,102.2,227,,,,,,,,,,,,,,,,,,
2026-07-02T04:00:10.785014+00:00,2026-07-02T04:00:10.784854,2,1,102.05,0.3,101.9,6,101.7,250,,,,,,,,,,,,,,,,,102.2,227,,,,,,,,,,,,,,,,,,
2026-07-02T04:00:11.020031+00:00,2026-07-02T04:00:11.020144,1,1,101.95,0.5,101.7,206,,,,,,,,,,,,,,,,,,,102.2,227,,,,,,,,,,,,,,,,,,
2026-07-02T04:00:11.030486+00:00,2026-07-02T04:00:11.030593,2,1,102.05,0.3,101.9,6,101.7,206,,,,,,,,,,,,,,,,,102.2,227,,,,,,,,,,,,,,,,,,
2026-07-02T04:00:11.644060+00:00,2026-07-02T04:00:11.638556,2,1,102.05,0.3,101.9,6,101.7,206,,,,,,,,,,,,,,,,,102.2,216,,,,,,,,,,,,,,,,,,
2026-07-02T04:00:11.751474+00:00,2026-07-02T04:00:11.751322,2,1,102.05,0.3,101.9,6,101.7,206,,,,,,,,,,,,,,,,,102.2,100,,,,,,,,,,,,,,,,,,
2026-07-02T04:00:11.756411+00:00,2026-07-02T04:00:11.756505,2,1,102.05,0.3,101.9,6,101.7,100,,,,,,,,,,,,,,,,,102.2,100,,,,,,,,,,,,,,,,,,
2026-07-02T04:00:11.811860+00:00,2026-07-02T04:00:11.811822,2,1,102.05,0.3,101.9,156,101.7,100,,,,,,,,,,,,,,,,,102.2,100,,,,,,,,,,,,,,,,,,
2026-07-02T04:00:11.856867+00:00,2026-07-02T04:00:11.847487,2,1,102.05,0.3,101.9,156,101.7,100,,,,,,,,,,,,,,,,,102.2,97,,,,,,,,,,,,,,,,,,
2026-07-02T04:00:11.877541+00:00,2026-07-02T04:00:11.877364,2,2,102.05,0.3,101.9,156,101.7,100,,,,,,,,,,,,,,,,,102.2,97,102.4,150,,,,,,,,,,,,,,,,
2026-07-02T04:00:12.604600+00:00,2026-07-02T04:00:12.604468,2,2,102.05,0.3,101.9,156,101.7,100,,,,,,,,,,,,,,,,,102.2,48,102.4,150,,,,,,,,,,,,,,,,
2026-07-02T04:00:12.869252+00:00,2026-07-02T04:00:12.868997,1,1,102.15,0.5,101.9,156,,,,,,,,,,,,,,,,,,,102.4,150,,,,,,,,,,,,,,,,,,
2026-07-02T04:00:12.916374+00:00,2026-07-02T04:00:12.916318,2,1,102.3,0.2,102.2,100,101.9,156,,,,,,,,,,,,,,,,,102.4,150,,,,,,,,,,,,,,,,,,
2026-07-02T04:00:12.968871+00:00,2026-07-02T04:00:12.968611,2,2,102.3,0.2,102.2,100,101.9,156,,,,,,,,,,,,,,,,,102.4,150,102.7,100,,,,,,,,,,,,,,,,
2026-07-02T04:00:13.126740+00:00,2026-07-02T04:00:13.126554,2,2,102.3,0.2,102.2,50,101.9,156,,,,,,,,,,,,,,,,,102.4,150,102.7,100,,,,,,,,,,,,,,,,
2026-07-02T04:00:13.520011+00:00,2026-07-02T04:00:13.519876,2,2,102.3,0.2,102.2,50,101.9,156,,,,,,,,,,,,,,,,,102.4,102,102.7,100,,,,,,,,,,,,,,,,
2026-07-02T04:00:14.887891+00:00,2026-07-02T04:00:14.887770,2,2,102.3,0.2,102.2,50,101.9,155,,,,,,,,,,,,,,,,,102.4,102,102.7,100,,,,,,,,,,,,,,,,
2026-07-02T04:00:14.919714+00:00,2026-07-02T04:00:14.919613,2,1,102.45,0.5,102.2,50,101.9,5,,,,,,,,,,,,,,,,,102.7,100,,,,,,,,,,,,,,,,,,
2026-07-02T04:00:14.973383+00:00,2026-07-02T04:00:14.973508,3,1,102.45,0.5,102.2,50,102.1,150,101.9,5,,,,,,,,,,,,,,,102.7,100,,,,,,,,,,,,,,,,,,
2026-07-02T04:00:15.028099+00:00,2026-07-02T04:00:15.028021,3,2,102.4,0.4,102.2,50,102.1,150,101.9,5,,,,,,,,,,,,,,,102.6,150,102.7,100,,,,,,,,,,,,,,,,
2026-07-02T04:00:15.254701+00:00,2026-07-02T04:00:15.254837,2,2,102.35,0.5,102.1,150,101.9,5,,,,,,,,,,,,,,,,,102.6,150,102.7,100,,,,,,,,,,,,,,,,
2026-07-02T04:00:15.420969+00:00,2026-07-02T04:00:15.420797,2,2,102.35,0.5,102.1,104,101.9,5,,,,,,,,,,,,,,,,,102.6,150,102.7,100,,,,,,,,,,,,,,,,
2026-07-02T04:00:16.028288+00:00,2026-07-02T04:00:16.028168,2,1,102.35,0.5,102.1,104,101.9,5,,,,,,,,,,,,,,,,,102.6,150,,,,,,,,,,,,,,,,,,
2026-07-02T04:00:16.058813+00:00,2026-07-02T04:00:16.058668,2,1,102.35,0.5,102.1,56,101.9,5,,,,,,,,,,,,,,,,,102.6,150,,,,,,,,,,,,,,,,,,
2026-07-02T04:00:16.083401+00:00,2026-07-02T04:00:16.083368,3,1,102.35,0.5,102.1,56,101.9,5,101.8,100,,,,,,,,,,,,,,,102.6,150,,,,,,,,,,,,,,,,,,
2026-07-02T04:00:16.142855+00:00,2026-07-02T04:00:16.142703,3,2,102.2,0.2,102.1,56,101.9,5,101.8,100,,,,,,,,,,,,,,,102.3,100,102.6,150,,,,,,,,,,,,,,,,
2026-07-02T04:00:16.608728+00:00,2026-07-02T04:00:16.608610,3,2,102.2,0.2,102.1,56,101.9,5,101.8,100,,,,,,,,,,,,,,,102.3,51,102.6,150,,,,,,,,,,,,,,,,
2026-07-02T04:00:17.072727+00:00,2026-07-02T04:00:17.072637,3,2,102.2,0.2,102.1,15,101.9,5,101.8,100,,,,,,,,,,,,,,,102.3,51,102.6,150,,,,,,,,,,,,,,,,
2026-07-02T04:00:18.082205+00:00,2026-07-02T04:00:18.082128,2,1,102.1,0.4,101.9,5,101.8,100,,,,,,,,,,,,,,,,,102.3,51,,,,,,,,,,,,,,,,,,
2026-07-02T04:00:18.137031+00:00,2026-07-02T04:00:18.136905,3,1,102.1,0.4,101.9,5,101.8,100,101.4,150,,,,,,,,,,,,,,,102.3,51,,,,,,,,,,,,,,,,,,
2026-07-02T04:00:18.204113+00:00,2026-07-02T04:00:18.203950,2,2,101.85,0.1,101.8,100,101.4,150,,,,,,,,,,,,,,,,,101.9,145,102.3,51,,,,,,,,,,,,,,,,
2026-07-02T04:00:18.228678+00:00,2026-07-02T04:00:18.228488,2,2,101.85,0.1,101.8,100,101.4,150,,,,,,,,,,,,,,,,,101.9,139,102.3,51,,,,,,,,,,,,,,,,
2026-07-02T04:00:18.334720+00:00,2026-07-02T04:00:18.334529,2,2,101.85,0.1,101.8,100,101.4,150,,,,,,,,,,,,,,,,,101.9,133,102.3,51,,,,,,,,,,,,,,,,
2026-07-02T04:00:18.410762+00:00,2026-07-02T04:00:18.404713,2,2,101.85,0.1,101.8,100,101.4,150,,,,,,,,,,,,,,,,,101.9,130,102.3,51,,,,,,,,,,,,,,,,
2026-07-02T04:00:18.926923+00:00,2026-07-02T04:00:18.920509,2,2,101.85,0.1,101.8,100,101.4,150,,,,,,,,,,,,,,,,,101.9,119,102.3,51,,,,,,,,,,,,,,,,
2026-07-02T04:00:19.192433+00:00,2026-07-02T04:00:19.192335,1,1,101.65,0.5,101.4,150,,,,,,,,,,,,,,,,,,,101.9,119,,,,,,,,,,,,,,,,,,
2026-07-02T04:00:19.246492+00:00,2026-07-02T04:00:19.246415,1,1,101.65,0.5,101.4,150,,,,,,,,,,,,,,,,,,,101.9,19,,,,,,,,,,,,,,,,,,
2026-07-02T04:00:19.251741+00:00,2026-07-02T04:00:19.251651,1,1,101.65,0.5,101.4,150,,,,,,,,,,,,,,,,,,,101.9,13,,,,,,,,,,,,,,,,,,
2026-07-02T04:00:19.298748+00:00,2026-07-02T04:00:19.298678,1,2,101.65,0.5,101.4,150,,,,,,,,,,,,,,,,,,,101.9,13,102.7,100,,,,,,,,,,,,,,,,
2026-07-02T04:00:19.489434+00:00,2026-07-02T04:00:19.489322,1,2,101.65,0.5,101.4,100,,,,,,,,,,,,,,,,,,,101.9,13,102.7,100,,,,,,,,,,,,,,,,
2026-07-02T04:00:20.136047+00:00,2026-07-02T04:00:20.130806,1,2,101.65,0.5,101.4,100,,,,,,,,,,,,,,,,,,,101.9,1,102.7,100,,,,,,,,,,,,,,,,
2026-07-02T04:00:21.258619+00:00,2026-07-02T04:00:21.256109,0,1,,,,,,,,,,,,,,,,,,,,,,,102.7,100,,,,,,,,,,,,,,,,,,
2026-07-02T04:00:21.316436+00:00,2026-07-02T04:00:21.316569,1,1,102.5,0.4,102.3,150,,,,,,,,,,,,,,,,,,,102.7,100,,,,,,,,,,,,,,,,,,
2026-07-02T04:00:21.331580+00:00,2026-07-02T04:00:21.321131,1,1,102.5,0.4,102.3,147,,,,,,,,,,,,,,,,,,,102.7,100,,,,,,,,,,,,,,,,,,
2026-07-02T04:00:21.342237+00:00,2026-07-02T04:00:21.336455,1,1,102.5,0.4,102.3,127,,,,,,,,,,,,,,,,,,,102.7,100,,,,,,,,,,,,,,,,,,
2026-07-02T04:00:21.351878+00:00,2026-07-02T04:00:21.346241,1,1,102.5,0.4,102.3,124,,,,,,,,,,,,,,,,,,,102.7,100,,,,,,,,,,,,,,,,,,
2026-07-02T04:00:21.372760+00:00,2026-07-02T04:00:21.372632,1,2,102.5,0.4,102.3,124,,,,,,,,,,,,,,,,,,,102.7,100,102.8,150,,,,,,,,,,,,,,,,
2026-07-02T04:00:21.597189+00:00,2026-07-02T04:00:21.597111,1,2,102.5,0.4,102.3,74,,,,,,,,,,,,,,,,,,,102.7,100,102.8,150,,,,,,,,,,,,,,,,
2026-07-02T04:00:22.286282+00:00,2026-07-02T04:00:22.286234,2,2,102.5,0.4,102.3,74,101.9,5,,,,,,,,,,,,,,,,,102.7,100,102.8,150,,,,,,,,,,,,,,,,
2026-07-02T04:00:22.350968+00:00,2026-07-02T04:00:22.350904,2,1,102.55,0.5,102.3,74,101.9,5,,,,,,,,,,,,,,,,,102.8,150,,,,,,,,,,,,,,,,,,
2026-07-02T04:00:22.405465+00:00,2026-07-02T04:00:22.405344,2,1,102.55,0.5,102.3,74,101.9,105,,,,,,,,,,,,,,,,,102.8,150,,,,,,,,,,,,,,,,,,
2026-07-02T04:00:22.458663+00:00,2026-07-02T04:00:22.452404,2,2,102.35,0.1,102.3,74,101.9,105,,,,,,,,,,,,,,,,,102.4,100,102.8,150,,,,,,,,,,,,,,,,
2026-07-02T04:00:22.671288+00:00,2026-07-02T04:00:22.671170,2,2,102.35,0.1,102.3,74,101.9,105,,,,,,,,,,,,,,,,,102.4,51,102.8,150,,,,,,,,,,,,,,,,
2026-07-02T04:00:23.716734+00:00,2026-07-02T04:00:23.716637,2,2,102.35,0.1,102.3,24,101.9,105,,,,,,,,,,,,,,,,,102.4,51,102.8,150,,,,,,,,,,,,,,,,
2026-07-02T04:00:24.422546+00:00,2026-07-02T04:00:24.422355,1,1,102.15,0.5,101.9,105,,,,,,,,,,,,,,,,,,,102.4,51,,,,,,,,,,,,,,,,,,
2026-07-02T04:00:24.478171+00:00,2026-07-02T04:00:24.478103,2,1,102.15,0.5,101.9,105,101.6,150,,,,,,,,,,,,,,,,,102.4,51,,,,,,,,,,,,,,,,,,
2026-07-02T04:00:24.527337+00:00,2026-07-02T04:00:24.527230,2,2,102.0,0.2,101.9,105,101.6,150,,,,,,,,,,,,,,,,,102.1,150,102.4,51,,,,,,,,,,,,,,,,
2026-07-02T04:00:25.512335+00:00,2026-07-02T04:00:25.512150,2,1,102.0,0.2,101.9,5,101.6,150,,,,,,,,,,,,,,,,,102.1,150,,,,,,,,,,,,,,,,,,
2026-07-02T04:00:25.558573+00:00,2026-07-02T04:00:25.556609,2,1,102.0,0.2,101.9,105,101.6,150,,,,,,,,,,,,,,,,,102.1,150,,,,,,,,,,,,,,,,,,
2026-07-02T04:00:25.618447+00:00,2026-07-02T04:00:25.618564,2,2,102.0,0.2,101.9,105,101.6,150,,,,,,,,,,,,,,,,,102.1,150,102.4,100,,,,,,,,,,,,,,,,
2026-07-02T04:00:25.820958+00:00,2026-07-02T04:00:25.820843,2,2,102.0,0.2,101.9,55,101.6,150,,,,,,,,,,,,,,,,,102.1,150,102.4,100,,,,,,,,,,,,,,,,
2026-07-02T04:00:26.552810+00:00,2026-07-02T04:00:26.552763,2,2,102.0,0.2,101.9,60,101.6,150,,,,,,,,,,,,,,,,,102.1,150,102.4,100,,,,,,,,,,,,,,,,
2026-07-02T04:00:27.590371+00:00,2026-07-02T04:00:27.590301,1,1,102.15,0.5,101.9,60,,,,,,,,,,,,,,,,,,,102.4,100,,,,,,,,,,,,,,,,,,
2026-07-02T04:00:27.645243+00:00,2026-07-02T04:00:27.645393,2,1,102.15,0.5,101.9,60,101.6,150,,,,,,,,,,,,,,,,,102.4,100,,,,,,,,,,,,,,,,,,
2026-07-02T04:00:27.699106+00:00,2026-07-02T04:00:27.699021,2,2,102.0,0.2,101.9,60,101.6,150,,,,,,,,,,,,,,,,,102.1,150,102.4,100,,,,,,,,,,,,,,,,
2026-07-02T04:00:27.926992+00:00,2026-07-02T04:00:27.926936,2,2,102.0,0.2,101.9,10,101.6,150,,,,,,,,,,,,,,,,,102.1,150,102.4,100,,,,,,,,,,,,,,,,
2026-07-02T04:00:28.455732+00:00,2026-07-02T04:00:28.455858,2,2,102.0,0.2,101.9,10,101.6,150,,,,,,,,,,,,,,,,,102.1,103,102.4,100,,,,,,,,,,,,,,,,
2026-07-02T04:00:28.671753+00:00,2026-07-02T04:00:28.671645,2,1,102.0,0.2,101.9,5,101.6,150,,,,,,,,,,,,,,,,,102.1,103,,,,,,,,,,,,,,,,,,
2026-07-02T04:00:28.726906+00:00,2026-07-02T04:00:28.727002,2,1,102.0,0.2,101.9,5,101.6,250,,,,,,,,,,,,,,,,,102.1,103,,,,,,,,,,,,,,,,,,
2026-07-02T04:00:28.775240+00:00,2026-07-02T04:00:28.775160,2,1,102.0,0.2,101.9,5,101.6,250,,,,,,,,,,,,,,,,,102.1,203,,,,,,,,,,,,,,,,,,
2026-07-02T04:00:28.911676+00:00,2026-07-02T04:00:28.911548,1,1,101.85,0.5,101.6,206,,,,,,,,,,,,,,,,,,,102.1,203,,,,,,,,,,,,,,,,,,
2026-07-02T04:00:30.034185+00:00,2026-07-02T04:00:30.034106,1,1,101.85,0.5,101.6,156,,,,,,,,,,,,,,,,,,,102.1,203,,,,,,,,,,,,,,,,,,
2026-07-02T04:00:30.751251+00:00,2026-07-02T04:00:30.751190,1,1,101.85,0.5,101.6,100,,,,,,,,,,,,,,,,,,,102.1,100,,,,,,,,,,,,,,,,,,
2026-07-02T04:00:30.803419+00:00,2026-07-02T04:00:30.803324,2,1,101.85,0.5,101.6,100,101.4,150,,,,,,,,,,,,,,,,,102.1,100,,,,,,,,,,,,,,,,,,
2026-07-02T04:00:30.863826+00:00,2026-07-02T04:00:30.864040,2,2,101.75,0.3,101.6,100,101.4,150,,,,,,,,,,,,,,,,,101.9,150,102.1,100,,,,,,,,,,,,,,,,
2026-07-02T04:00:30.873287+00:00,2026-07-02T04:00:30.867805,2,2,101.75,0.3,101.6,100,101.4,150,,,,,,,,,,,,,,,,,101.9,147,102.1,100,,,,,,,,,,,,,,,,
2026-07-02T04:00:31.834438+00:00,2026-07-02T04:00:31.834334,1,1,101.65,0.5,101.4,150,,,,,,,,,,,,,,,,,,,101.9,147,,,,,,,,,,,,,,,,,,
2026-07-02T04:00:31.844769+00:00,2026-07-02T04:00:31.844716,2,1,101.85,0.1,101.8,5,101.4,150,,,,,,,,,,,,,,,,,101.9,147,,,,,,,,,,,,,,,,,,
2026-07-02T04:00:31.887194+00:00,2026-07-02T04:00:31.887073,3,1,101.85,0.1,101.8,5,101.5,100,101.4,150,,,,,,,,,,,,,,,101.9,147,,,,,,,,,,,,,,,,,,
2026-07-02T04:00:31.938816+00:00,2026-07-02T04:00:31.938777,3,2,101.85,0.1,101.8,5,101.5,100,101.4,150,,,,,,,,,,,,,,,101.9,147,102.0,100,,,,,,,,,,,,,,,,
2026-07-02T04:00:32.141466+00:00,2026-07-02T04:00:32.141325,2,2,101.7,0.4,101.5,55,101.4,150,,,,,,,,,,,,,,,,,101.9,147,102.0,100,,,,,,,,,,,,,,,,
2026-07-02T04:00:32.811664+00:00,2026-07-02T04:00:32.811571,3,2,101.85,0.1,101.8,4,101.5,55,101.4,150,,,,,,,,,,,,,,,101.9,147,102.0,100,,,,,,,,,,,,,,,,
2026-07-02T04:00:33.912636+00:00,2026-07-02T04:00:33.912518,2,1,101.9,0.2,101.8,4,101.5,55,,,,,,,,,,,,,,,,,102.0,100,,,,,,,,,,,,,,,,,,
2026-07-02T04:00:33.967558+00:00,2026-07-02T04:00:33.967452,3,1,101.9,0.2,101.8,4,101.5,55,101.3,150,,,,,,,,,,,,,,,102.0,100,,,,,,,,,,,,,,,,,,
2026-07-02T04:00:34.020764+00:00,2026-07-02T04:00:34.020689,2,2,101.65,0.3,101.5,55,101.3,150,,,,,,,,,,,,,,,,,101.8,146,102.0,100,,,,,,,,,,,,,,,,
2026-07-02T04:00:34.249558+00:00,2026-07-02T04:00:34.249766,2,2,101.65,0.3,101.5,5,101.3,150,,,,,,,,,,,,,,,,,101.8,146,102.0,100,,,,,,,,,,,,,,,,
2026-07-02T04:00:34.538891+00:00,2026-07-02T04:00:34.538778,2,2,101.65,0.3,101.5,5,101.3,150,,,,,,,,,,,,,,,,,101.8,103,102.0,100,,,,,,,,,,,,,,,,
2026-07-02T04:00:34.778972+00:00,2026-07-02T04:00:34.778905,3,2,101.75,0.1,101.7,4,101.5,5,101.3,150,,,,,,,,,,,,,,,101.8,103,102.0,100,,,,,,,,,,,,,,,,
2026-07-02T04:00:34.929211+00:00,2026-07-02T04:00:34.929374,3,2,101.75,0.1,101.7,4,101.5,5,101.3,150,,,,,,,,,,,,,,,101.8,103,102.0,101,,,,,,,,,,,,,,,,
2026-07-02T04:00:34.994243+00:00,2026-07-02T04:00:34.994093,2,2,101.75,0.1,101.7,4,101.3,150,,,,,,,,,,,,,,,,,101.8,103,102.0,1,,,,,,,,,,,,,,,,
2026-07-02T04:00:35.058747+00:00,2026-07-02T04:00:35.058702,2,2,101.75,0.1,101.7,4,101.3,250,,,,,,,,,,,,,,,,,101.8,103,102.0,1,,,,,,,,,,,,,,,,
2026-07-02T04:00:35.101898+00:00,2026-07-02T04:00:35.101823,2,2,101.75,0.1,101.7,4,101.3,250,,,,,,,,,,,,,,,,,101.8,203,102.0,1,,,,,,,,,,,,,,,,
2026-07-02T04:00:35.775810+00:00,2026-07-02T04:00:35.775672,2,2,101.75,0.1,101.7,3,101.3,250,,,,,,,,,,,,,,,,,101.8,203,102.0,1,,,,,,,,,,,,,,,,
2026-07-02T04:00:36.305456+00:00,2026-07-02T04:00:36.305355,2,2,101.75,0.1,101.7,3,101.3,250,,,,,,,,,,,,,,,,,101.8,153,102.0,1,,,,,,,,,,,,,,,,
2026-07-02T04:00:36.413713+00:00,2026-07-02T04:00:36.409583,2,2,101.75,0.1,101.7,3,101.3,250,,,,,,,,,,,,,,,,,101.8,142,102.0,1,,,,,,,,,,,,,,,,
2026-07-02T04:00:36.685537+00:00,2026-07-02T04:00:36.685451,2,2,101.75,0.1,101.7,2,101.3,250,,,,,,,,,,,,,,,,,101.8,142,102.0,1,,,,,,,,,,,,,,,,
2026-07-02T04:00:36.783582+00:00,2026-07-02T04:00:36.778070,2,2,101.75,0.1,101.7,2,101.3,250,,,,,,,,,,,,,,,,,101.8,119,102.0,1,,,,,,,,,,,,,,,,
2026-07-02T04:00:36.804598+00:00,2026-07-02T04:00:36.804436,2,2,101.75,0.1,101.7,1,101.3,250,,,,,,,,,,,,,,,,,101.8,119,102.0,1,,,,,,,,,,,,,,,,
2026-07-02T04:00:37.075639+00:00,2026-07-02T04:00:37.075768,2,2,101.75,0.1,101.7,1,101.3,100,,,,,,,,,,,,,,,,,101.8,100,102.0,1,,,,,,,,,,,,,,,,
2026-07-02T04:00:37.129231+00:00,2026-07-02T04:00:37.129112,3,0,,,102.1,49,101.7,1,101.3,100,,,,,,,,,,,,,,,,,,,,,,,,,,,,,,,,,,
2026-07-02T04:00:37.195328+00:00,2026-07-02T04:00:37.188201,3,1,102.35,0.5,102.1,41,101.7,1,101.3,100,,,,,,,,,,,,,,,102.6,150,,,,,,,,,,,,,,,,,,
2026-07-02T04:00:37.204588+00:00,2026-07-02T04:00:37.199007,3,1,102.35,0.5,102.1,38,101.7,1,101.3,100,,,,,,,,,,,,,,,102.6,150,,,,,,,,,,,,,,,,,,
2026-07-02T04:00:37.710347+00:00,2026-07-02T04:00:37.705074,3,1,102.35,0.5,102.1,32,101.7,1,101.3,100,,,,,,,,,,,,,,,102.6,150,,,,,,,,,,,,,,,,,,
2026-07-02T04:00:37.807275+00:00,2026-07-02T04:00:37.802276,3,1,102.35,0.5,102.1,26,101.7,1,101.3,100,,,,,,,,,,,,,,,102.6,150,,,,,,,,,,,,,,,,,,
2026-07-02T04:00:38.157866+00:00,2026-07-02T04:00:38.157962,2,1,102.35,0.5,102.1,26,101.7,1,,,,,,,,,,,,,,,,,102.6,150,,,,,,,,,,,,,,,,,,
2026-07-02T04:00:38.210690+00:00,2026-07-02T04:00:38.210904,3,1,102.35,0.5,102.1,24,101.8,100,101.7,1,,,,,,,,,,,,,,,102.6,150,,,,,,,,,,,,,,,,,,
2026-07-02T04:00:38.275006+00:00,2026-07-02T04:00:38.275119,3,2,102.2,0.2,102.1,24,101.8,100,101.7,1,,,,,,,,,,,,,,,102.3,100,102.6,150,,,,,,,,,,,,,,,,
2026-07-02T04:00:38.413363+00:00,2026-07-02T04:00:38.413240,3,2,102.2,0.2,102.1,24,101.8,100,101.7,1,,,,,,,,,,,,,,,102.3,50,102.6,150,,,,,,,,,,,,,,,,
2026-07-02T04:00:38.858555+00:00,2026-07-02T04:00:38.854011,3,2,102.2,0.2,102.1,22,101.8,100,101.7,1,,,,,,,,,,,,,,,102.3,50,102.6,150,,,,,,,,,,,,,,,,
2026-07-02T04:00:38.936739+00:00,2026-07-02T04:00:38.936636,3,2,102.2,0.2,102.1,20,101.8,100,101.7,1,,,,,,,,,,,,,,,102.3,50,102.6,150,,,,,,,,,,,,,,,,
2026-07-02T04:00:38.966094+00:00,2026-07-02T04:00:38.966011,3,2,102.2,0.2,102.1,18,101.8,100,101.7,1,,,,,,,,,,,,,,,102.3,50,102.6,150,,,,,,,,,,,,,,,,
2026-07-02T04:00:39.220511+00:00,2026-07-02T04:00:39.220402,3,2,102.2,0.2,102.1,16,101.8,100,101.7,1,,,,,,,,,,,,,,,102.3,50,102.6,150,,,,,,,,,,,,,,,,
2026-07-02T04:00:39.403527+00:00,2026-07-02T04:00:39.398642,3,2,102.2,0.2,102.1,5,101.8,100,101.7,1,,,,,,,,,,,,,,,102.3,50,102.6,150,,,,,,,,,,,,,,,,
2026-07-02T04:00:39.490753+00:00,2026-07-02T04:00:39.485515,3,2,102.2,0.2,102.1,2,101.8,100,101.7,1,,,,,,,,,,,,,,,102.3,50,102.6,150,,,,,,,,,,,,,,,,
2026-07-02T04:00:40.234132+00:00,2026-07-02T04:00:40.234367,2,1,102.05,0.5,101.8,100,101.7,1,,,,,,,,,,,,,,,,,102.3,50,,,,,,,,,,,,,,,,,,
2026-07-02T04:00:40.293321+00:00,2026-07-02T04:00:40.293449,3,1,102.05,0.5,101.8,100,101.7,1,101.3,150,,,,,,,,,,,,,,,102.3,50,,,,,,,,,,,,,,,,,,
2026-07-02T04:00:40.347150+00:00,2026-07-02T04:00:40.347111,2,2,101.75,0.1,101.7,1,101.3,150,,,,,,,,,,,,,,,,,101.8,50,102.3,50,,,,,,,,,,,,,,,,
2026-07-02T04:00:40.359948+00:00,2026-07-02T04:00:40.351374,2,2,101.75,0.1,101.7,1,101.3,150,,,,,,,,,,,,,,,,,101.8,36,102.3,50,,,,,,,,,,,,,,,,
2026-07-02T04:00:40.520330+00:00,2026-07-02T04:00:40.520169,2,1,102.0,0.6,101.7,1,101.3,150,,,,,,,,,,,,,,,,,102.3,36,,,,,,,,,,,,,,,,,,
2026-07-02T04:00:41.332173+00:00,2026-07-02T04:00:41.332121,2,0,,,101.7,1,101.3,150,,,,,,,,,,,,,,,,,,,,,,,,,,,,,,,,,,,,
2026-07-02T04:00:41.358683+00:00,2026-07-02T04:00:41.356230,1,0,,,101.3,108,,,,,,,,,,,,,,,,,,,,,,,,,,,,,,,,,,,,,,
2026-07-02T04:00:41.380531+00:00,2026-07-02T04:00:41.380626,2,0,,,101.4,100,101.3,108,,,,,,,,,,,,,,,,,,,,,,,,,,,,,,,,,,,,
2026-07-02T04:00:41.434817+00:00,2026-07-02T04:00:41.434781,2,1,101.65,0.5,101.4,100,101.3,108,,,,,,,,,,,,,,,,,101.9,100,,,,,,,,,,,,,,,,,,
2026-07-02T04:00:41.809269+00:00,2026-07-02T04:00:41.809177,2,2,101.65,0.5,101.4,100,101.3,108,,,,,,,,,,,,,,,,,101.9,100,102.0,4,,,,,,,,,,,,,,,,
2026-07-02T04:00:41.858691+00:00,2026-07-02T04:00:41.857642,3,2,101.8,0.2,101.7,2,101.4,100,101.3,108,,,,,,,,,,,,,,,101.9,100,102.0,4,,,,,,,,,,,,,,,,
2026-07-02T04:00:42.626213+00:00,2026-07-02T04:00:42.626081,3,2,101.8,0.2,101.7,2,101.4,100,101.3,108,,,,,,,,,,,,,,,101.9,50,102.0,4,,,,,,,,,,,,,,,,
2026-07-02T04:00:42.993075+00:00,2026-07-02T04:00:42.992902,3,2,101.8,0.2,101.7,1,101.4,100,101.3,108,,,,,,,,,,,,,,,101.9,50,102.0,4,,,,,,,,,,,,,,,,
2026-07-02T04:00:43.396278+00:00,2026-07-02T04:00:43.396203,2,2,101.8,0.2,101.7,1,101.4,100,,,,,,,,,,,,,,,,,101.9,50,102.0,4,,,,,,,,,,,,,,,,
2026-07-02T04:00:43.449116+00:00,2026-07-02T04:00:43.449048,3,2,101.85,0.1,101.8,150,101.7,1,101.4,100,,,,,,,,,,,,,,,101.9,50,102.0,4,,,,,,,,,,,,,,,,
2026-07-02T04:00:43.500789+00:00,2026-07-02T04:00:43.500902,3,3,101.85,0.1,101.8,150,101.7,1,101.4,100,,,,,,,,,,,,,,,101.9,50,102.0,4,102.3,150,,,,,,,,,,,,,,
2026-07-02T04:00:43.983605+00:00,2026-07-02T04:00:43.983494,3,3,101.85,0.1,101.8,150,101.7,1,101.4,100,,,,,,,,,,,,,,,101.9,9,102.0,4,102.3,150,,,,,,,,,,,,,,
2026-07-02T04:00:44.492286+00:00,2026-07-02T04:00:44.492194,2,2,101.9,0.2,101.8,150,101.7,1,,,,,,,,,,,,,,,,,102.0,4,102.3,150,,,,,,,,,,,,,,,,
2026-07-02T04:00:44.546650+00:00,2026-07-02T04:00:44.546597,2,2,101.9,0.2,101.8,250,101.7,1,,,,,,,,,,,,,,,,,102.0,4,102.3,150,,,,,,,,,,,,,,,,
2026-07-02T04:00:44.599549+00:00,2026-07-02T04:00:44.599434,2,2,101.9,0.2,101.8,250,101.7,1,,,,,,,,,,,,,,,,,102.0,4,102.3,250,,,,,,,,,,,,,,,,
2026-07-02T04:00:44.735272+00:00,2026-07-02T04:00:44.735195,2,1,102.05,0.5,101.8,250,101.7,1,,,,,,,,,,,,,,,,,102.3,204,,,,,,,,,,,,,,,,,,
2026-07-02T04:00:45.263589+00:00,2026-07-02T04:00:45.263690,1,1,102.05,0.5,101.8,250,,,,,,,,,,,,,,,,,,,102.3,204,,,,,,,,,,,,,,,,,,
2026-07-02T04:00:45.952733+00:00,2026-07-02T04:00:45.952606,1,2,101.9,0.2,101.8,250,,,,,,,,,,,,,,,,,,,102.0,5,102.3,204,,,,,,,,,,,,,,,,
2026-07-02T04:00:46.448030+00:00,2026-07-02T04:00:46.447916,1,1,102.05,0.5,101.8,250,,,,,,,,,,,,,,,,,,,102.3,204,,,,,,,,,,,,,,,,,,
2026-07-02T04:00:46.513604+00:00,2026-07-02T04:00:46.513414,1,2,101.9,0.2,101.8,250,,,,,,,,,,,,,,,,,,,102.0,6,102.3,204,,,,,,,,,,,,,,,,
2026-07-02T04:00:46.558858+00:00,2026-07-02T04:00:46.558792,1,2,101.9,0.2,101.8,100,,,,,,,,,,,,,,,,,,,102.0,6,102.3,100,,,,,,,,,,,,,,,,
2026-07-02T04:00:46.613752+00:00,2026-07-02T04:00:46.613857,1,2,101.9,0.2,101.8,250,,,,,,,,,,,,,,,,,,,102.0,6,102.3,100,,,,,,,,,,,,,,,,
2026-07-02T04:00:46.666833+00:00,2026-07-02T04:00:46.666735,1,2,101.9,0.2,101.8,250,,,,,,,,,,,,,,,,,,,102.0,6,102.3,250,,,,,,,,,,,,,,,,
2026-07-02T04:00:46.842853+00:00,2026-07-02T04:00:46.842727,1,1,102.05,0.5,101.8,250,,,,,,,,,,,,,,,,,,,102.3,250,,,,,,,,,,,,,,,,,,
2026-07-02T04:00:46.984910+00:00,2026-07-02T04:00:46.984858,1,1,102.05,0.5,101.8,208,,,,,,,,,,,,,,,,,,,102.3,250,,,,,,,,,,,,,,,,,,
2026-07-02T04:00:47.448809+00:00,2026-07-02T04:00:47.448769,1,1,102.05,0.5,101.8,208,,,,,,,,,,,,,,,,,,,102.3,203,,,,,,,,,,,,,,,,,,
2026-07-02T04:00:47.653141+00:00,2026-07-02T04:00:47.653262,1,1,102.05,0.5,101.8,150,,,,,,,,,,,,,,,,,,,102.3,150,,,,,,,,,,,,,,,,,,
2026-07-02T04:00:47.708792+00:00,2026-07-02T04:00:47.708695,1,1,102.05,0.5,101.8,250,,,,,,,,,,,,,,,,,,,102.3,150,,,,,,,,,,,,,,,,,,
2026-07-02T04:00:47.756487+00:00,2026-07-02T04:00:47.756622,1,1,102.05,0.5,101.8,250,,,,,,,,,,,,,,,,,,,102.3,250,,,,,,,,,,,,,,,,,,
2026-07-02T04:00:47.918661+00:00,2026-07-02T04:00:47.918557,1,2,101.95,0.3,101.8,250,,,,,,,,,,,,,,,,,,,102.1,6,102.3,250,,,,,,,,,,,,,,,,
2026-07-02T04:00:48.464098+00:00,2026-07-02T04:00:48.463960,1,1,102.05,0.5,101.8,250,,,,,,,,,,,,,,,,,,,102.3,250,,,,,,,,,,,,,,,,,,
2026-07-02T04:00:48.548529+00:00,2026-07-02T04:00:48.548394,1,2,101.95,0.3,101.8,250,,,,,,,,,,,,,,,,,,,102.1,6,102.3,250,,,,,,,,,,,,,,,,
2026-07-02T04:00:48.956098+00:00,2026-07-02T04:00:48.956194,1,1,102.05,0.5,101.8,250,,,,,,,,,,,,,,,,,,,102.3,206,,,,,,,,,,,,,,,,,,
2026-07-02T04:00:49.458600+00:00,2026-07-02T04:00:49.456400,1,2,101.95,0.3,101.8,250,,,,,,,,,,,,,,,,,,,102.1,6,102.3,206,,,,,,,,,,,,,,,,
2026-07-02T04:00:49.558563+00:00,2026-07-02T04:00:49.556695,1,1,102.05,0.5,101.8,250,,,,,,,,,,,,,,,,,,,102.3,206,,,,,,,,,,,,,,,,,,
2026-07-02T04:00:49.720649+00:00,2026-07-02T04:00:49.720508,1,1,102.05,0.5,101.8,100,,,,,,,,,,,,,,,,,,,102.3,100,,,,,,,,,,,,,,,,,,
2026-07-02T04:00:49.788371+00:00,2026-07-02T04:00:49.782927,2,1,102.25,0.1,102.2,136,101.8,100,,,,,,,,,,,,,,,,,102.3,100,,,,,,,,,,,,,,,,,,
2026-07-02T04:00:49.832805+00:00,2026-07-02T04:00:49.832705,2,2,102.25,0.1,102.2,136,101.8,100,,,,,,,,,,,,,,,,,102.3,100,102.7,150,,,,,,,,,,,,,,,,
2026-07-02T04:00:49.891665+00:00,2026-07-02T04:00:49.891872,2,2,102.25,0.1,102.2,131,101.8,100,,,,,,,,,,,,,,,,,102.3,100,102.7,150,,,,,,,,,,,,,,,,
2026-07-02T04:00:50.816916+00:00,2026-07-02T04:00:50.817060,1,1,102.45,0.5,102.2,131,,,,,,,,,,,,,,,,,,,102.7,150,,,,,,,,,,,,,,,,,,
2026-07-02T04:00:50.871764+00:00,2026-07-02T04:00:50.871665,2,1,102.45,0.5,102.2,131,102.0,100,,,,,,,,,,,,,,,,,102.7,150,,,,,,,,,,,,,,,,,,
2026-07-02T04:00:50.924298+00:00,2026-07-02T04:00:50.924169,2,2,102.35,0.3,102.2,131,102.0,100,,,,,,,,,,,,,,,,,102.5,100,102.7,150,,,,,,,,,,,,,,,,
2026-07-02T04:00:51.115433+00:00,2026-07-02T04:00:51.115302,2,2,102.35,0.3,102.2,81,102.0,100,,,,,,,,,,,,,,,,,102.5,100,102.7,150,,,,,,,,,,,,,,,,
2026-07-02T04:00:52.679200+00:00,2026-07-02T04:00:52.679166,2,2,102.35,0.3,102.2,32,102.0,100,,,,,,,,,,,,,,,,,102.5,100,102.7,150,,,,,,,,,,,,,,,,
2026-07-02T04:00:52.886963+00:00,2026-07-02T04:00:52.886929,1,1,102.25,0.5,102.0,100,,,,,,,,,,,,,,,,,,,102.5,100,,,,,,,,,,,,,,,,,,
2026-07-02T04:00:52.940843+00:00,2026-07-02T04:00:52.940720,2,1,102.25,0.5,102.0,100,101.8,150,,,,,,,,,,,,,,,,,102.5,100,,,,,,,,,,,,,,,,,,
2026-07-02T04:00:52.994723+00:00,2026-07-02T04:00:52.994561,2,2,102.15,0.3,102.0,100,101.8,150,,,,,,,,,,,,,,,,,102.3,150,102.5,100,,,,,,,,,,,,,,,,
2026-07-02T04:00:53.223587+00:00,2026-07-02T04:00:53.223477,2,2,102.15,0.3,102.0,50,101.8,150,,,,,,,,,,,,,,,,,102.3,150,102.5,100,,,,,,,,,,,,,,,,
2026-07-02T04:00:53.973972+00:00,2026-07-02T04:00:53.974096,1,1,102.05,0.5,101.8,150,,,,,,,,,,,,,,,,,,,102.3,150,,,,,,,,,,,,,,,,,,
2026-07-02T04:00:54.027275+00:00,2026-07-02T04:00:54.027195,2,1,102.05,0.5,101.8,150,101.6,100,,,,,,,,,,,,,,,,,102.3,150,,,,,,,,,,,,,,,,,,
2026-07-02T04:00:54.079652+00:00,2026-07-02T04:00:54.079743,2,2,101.95,0.3,101.8,150,101.6,100,,,,,,,,,,,,,,,,,102.1,100,102.3,150,,,,,,,,,,,,,,,,
2026-07-02T04:00:54.169952+00:00,2026-07-02T04:00:54.169829,2,2,101.95,0.3,101.8,150,101.6,100,,,,,,,,,,,,,,,,,102.1,52,102.3,150,,,,,,,,,,,,,,,,
2026-07-02T04:00:55.328742+00:00,2026-07-02T04:00:55.328691,2,2,101.95,0.3,101.8,100,101.6,100,,,,,,,,,,,,,,,,,102.1,52,102.3,150,,,,,,,,,,,,,,,,
2026-07-02T04:00:56.058655+00:00,2026-07-02T04:00:56.042837,1,1,101.85,0.5,101.6,100,,,,,,,,,,,,,,,,,,,102.1,52,,,,,,,,,,,,,,,,,,
2026-07-02T04:00:56.103704+00:00,2026-07-02T04:00:56.103593,1,1,101.85,0.5,101.6,250,,,,,,,,,,,,,,,,,,,102.1,52,,,,,,,,,,,,,,,,,,
2026-07-02T04:00:56.158610+00:00,2026-07-02T04:00:56.155522,1,1,101.85,0.5,101.6,250,,,,,,,,,,,,,,,,,,,102.1,202,,,,,,,,,,,,,,,,,,
2026-07-02T04:00:56.169769+00:00,2026-07-02T04:00:56.169645,1,1,101.85,0.5,101.6,210,,,,,,,,,,,,,,,,,,,102.1,202,,,,,,,,,,,,,,,,,,
2026-07-02T04:00:56.745007+00:00,2026-07-02T04:00:56.744895,1,1,101.85,0.5,101.6,210,,,,,,,,,,,,,,,,,,,102.1,158,,,,,,,,,,,,,,,,,,
2026-07-02T04:00:57.137536+00:00,2026-07-02T04:00:57.137514,1,1,101.85,0.5,101.6,150,,,,,,,,,,,,,,,,,,,102.1,150,,,,,,,,,,,,,,,,,,
2026-07-02T04:00:57.188080+00:00,2026-07-02T04:00:57.187985,2,1,102.0,0.2,101.9,100,101.6,150,,,,,,,,,,,,,,,,,102.1,150,,,,,,,,,,,,,,,,,,
2026-07-02T04:00:57.240071+00:00,2026-07-02T04:00:57.239950,2,2,102.0,0.2,101.9,100,101.6,150,,,,,,,,,,,,,,,,,102.1,150,102.4,100,,,,,,,,,,,,,,,,
2026-07-02T04:00:58.591539+00:00,2026-07-02T04:00:58.591503,2,3,102.0,0.2,101.9,100,101.6,150,,,,,,,,,,,,,,,,,102.1,150,102.2,4,102.4,100,,,,,,,,,,,,,,
2026-07-02T04:00:59.209426+00:00,2026-07-02T04:00:59.209302,1,2,102.05,0.3,101.9,100,,,,,,,,,,,,,,,,,,,102.2,4,102.4,100,,,,,,,,,,,,,,,,
2026-07-02T04:00:59.263888+00:00,2026-07-02T04:00:59.263809,2,2,102.05,0.3,101.9,100,101.5,150,,,,,,,,,,,,,,,,,102.2,4,102.4,100,,,,,,,,,,,,,,,,
2026-07-02T04:00:59.314174+00:00,2026-07-02T04:00:59.314084,2,3,101.95,0.1,101.9,100,101.5,150,,,,,,,,,,,,,,,,,102.0,150,102.2,4,102.4,100,,,,,,,,,,,,,,
2026-07-02T04:00:59.375321+00:00,2026-07-02T04:00:59.375266,2,3,101.95,0.1,101.9,54,101.5,150,,,,,,,,,,,,,,,,,102.0,150,102.2,4,102.4,100,,,,,,,,,,,,,,
2026-07-02T04:00:59.541648+00:00,2026-07-02T04:00:59.541611,2,3,101.95,0.1,101.9,4,101.5,150,,,,,,,,,,,,,,,,,102.0,150,102.2,4,102.4,100,,,,,,,,,,,,,,
2026-07-02T04:00:59.597413+00:00,2026-07-02T04:00:59.597243,2,3,101.95,0.1,101.9,4,101.5,150,,,,,,,,,,,,,,,,,102.0,150,102.2,2,102.4,100,,,,,,,,,,,,,,
2026-07-02T04:01:00.296383+00:00,2026-07-02T04:01:00.296281,1,2,101.75,0.5,101.5,150,,,,,,,,,,,,,,,,,,,102.0,150,102.2,2,,,,,,,,,,,,,,,,
2026-07-02T04:01:00.349715+00:00,2026-07-02T04:01:00.349623,2,2,101.8,0.4,101.6,100,101.5,150,,,,,,,,,,,,,,,,,102.0,150,102.2,2,,,,,,,,,,,,,,,,
2026-07-02T04:01:00.402220+00:00,2026-07-02T04:01:00.402109,2,3,101.8,0.4,101.6,100,101.5,150,,,,,,,,,,,,,,,,,102.0,150,102.1,100,102.2,2,,,,,,,,,,,,,,
2026-07-02T04:01:00.516571+00:00,2026-07-02T04:01:00.516472,2,3,101.8,0.4,101.6,100,101.5,150,,,,,,,,,,,,,,,,,102.0,104,102.1,100,102.2,2,,,,,,,,,,,,,,
2026-07-02T04:01:00.869107+00:00,2026-07-02T04:01:00.869045,3,3,101.95,0.1,101.9,4,101.6,100,101.5,150,,,,,,,,,,,,,,,102.0,104,102.1,100,102.2,2,,,,,,,,,,,,,,
2026-07-02T04:01:01.621674+00:00,2026-07-02T04:01:01.621483,2,3,101.8,0.4,101.6,62,101.5,150,,,,,,,,,,,,,,,,,102.0,104,102.1,100,102.2,2,,,,,,,,,,,,,,
2026-07-02T04:01:02.372450+00:00,2026-07-02T04:01:02.372392,1,2,101.85,0.5,101.6,62,,,,,,,,,,,,,,,,,,,102.1,100,102.2,2,,,,,,,,,,,,,,,,
2026-07-02T04:01:02.428331+00:00,2026-07-02T04:01:02.428155,2,2,101.85,0.5,101.6,62,101.5,150,,,,,,,,,,,,,,,,,102.1,100,102.2,2,,,,,,,,,,,,,,,,
2026-07-02T04:01:02.479826+00:00,2026-07-02T04:01:02.479801,2,3,101.8,0.4,101.6,62,101.5,150,,,,,,,,,,,,,,,,,102.0,150,102.1,100,102.2,2,,,,,,,,,,,,,,
2026-07-02T04:01:02.611709+00:00,2026-07-02T04:01:02.611916,2,3,101.8,0.4,101.6,15,101.5,150,,,,,,,,,,,,,,,,,102.0,150,102.1,100,102.2,2,,,,,,,,,,,,,,
2026-07-02T04:01:03.458566+00:00,2026-07-02T04:01:03.456722,1,2,101.75,0.5,101.5,150,,,,,,,,,,,,,,,,,,,102.0,150,102.2,2,,,,,,,,,,,,,,,,
2026-07-02T04:01:03.511785+00:00,2026-07-02T04:01:03.511744,2,2,101.75,0.5,101.5,150,101.1,100,,,,,,,,,,,,,,,,,102.0,150,102.2,2,,,,,,,,,,,,,,,,
2026-07-02T04:01:03.573429+00:00,2026-07-02T04:01:03.568021,2,3,101.55,0.1,101.5,150,101.1,100,,,,,,,,,,,,,,,,,101.6,86,102.0,150,102.2,2,,,,,,,,,,,,,,
2026-07-02T04:01:03.755284+00:00,2026-07-02T04:01:03.755148,2,3,101.55,0.1,101.5,100,101.1,100,,,,,,,,,,,,,,,,,101.6,86,102.0,150,102.2,2,,,,,,,,,,,,,,
2026-07-02T04:01:04.879542+00:00,2026-07-02T04:01:04.879494,2,2,101.55,0.1,101.5,100,101.1,100,,,,,,,,,,,,,,,,,101.6,39,102.0,150,,,,,,,,,,,,,,,,
2026-07-02T04:01:05.427435+00:00,2026-07-02T04:01:05.427318,2,2,101.55,0.1,101.5,53,101.1,100,,,,,,,,,,,,,,,,,101.6,39,102.0,150,,,,,,,,,,,,,,,,
2026-07-02T04:01:05.533587+00:00,2026-07-02T04:01:05.533495,1,1,101.35,0.5,101.1,100,,,,,,,,,,,,,,,,,,,101.6,39,,,,,,,,,,,,,,,,,,
2026-07-02T04:01:05.586850+00:00,2026-07-02T04:01:05.586991,1,1,101.35,0.5,101.1,250,,,,,,,,,,,,,,,,,,,101.6,39,,,,,,,,,,,,,,,,,,
2026-07-02T04:01:05.638130+00:00,2026-07-02T04:01:05.638033,1,1,101.35,0.5,101.1,250,,,,,,,,,,,,,,,,,,,101.6,189,,,,,,,,,,,,,,,,,,
2026-07-02T04:01:05.667402+00:00,2026-07-02T04:01:05.667566,1,2,101.35,0.5,101.1,250,,,,,,,,,,,,,,,,,,,101.6,189,102.0,5,,,,,,,,,,,,,,,,
2026-07-02T04:01:06.126084+00:00,2026-07-02T04:01:06.120410,1,2,101.35,0.5,101.1,250,,,,,,,,,,,,,,,,,,,101.6,177,102.0,5,,,,,,,,,,,,,,,,
2026-07-02T04:01:06.618023+00:00,2026-07-02T04:01:06.618139,1,2,101.35,0.5,101.1,150,,,,,,,,,,,,,,,,,,,101.6,150,102.0,5,,,,,,,,,,,,,,,,
2026-07-02T04:01:06.684621+00:00,2026-07-02T04:01:06.684722,2,2,101.5,0.2,101.4,100,101.1,150,,,,,,,,,,,,,,,,,101.6,150,102.0,5,,,,,,,,,,,,,,,,
2026-07-02T04:01:06.735802+00:00,2026-07-02T04:01:06.735731,2,3,101.5,0.2,101.4,100,101.1,150,,,,,,,,,,,,,,,,,101.6,150,101.9,100,102.0,5,,,,,,,,,,,,,,
2026-07-02T04:01:07.965530+00:00,2026-07-02T04:01:07.965441,2,3,101.5,0.2,101.4,50,101.1,150,,,,,,,,,,,,,,,,,101.6,150,101.9,100,102.0,5,,,,,,,,,,,,,,
2026-07-02T04:01:08.687507+00:00,2026-07-02T04:01:08.687431,2,2,101.65,0.5,101.4,50,101.1,150,,,,,,,,,,,,,,,,,101.9,100,102.0,5,,,,,,,,,,,,,,,,
2026-07-02T04:01:08.692741+00:00,2026-07-02T04:01:08.692632,1,2,101.65,0.5,101.4,50,,,,,,,,,,,,,,,,,,,101.9,100,102.0,5,,,,,,,,,,,,,,,,
2026-07-02T04:01:08.743724+00:00,2026-07-02T04:01:08.743686,2,2,101.65,0.5,101.4,50,101.1,150,,,,,,,,,,,,,,,,,101.9,100,102.0,5,,,,,,,,,,,,,,,,
2026-07-02T04:01:08.798891+00:00,2026-07-02T04:01:08.798802,2,3,101.5,0.2,101.4,50,101.1,150,,,,,,,,,,,,,,,,,101.6,150,101.9,100,102.0,5,,,,,,,,,,,,,,
2026-07-02T04:01:08.950762+00:00,2026-07-02T04:01:08.950615,2,3,101.5,0.2,101.4,50,101.1,150,,,,,,,,,,,,,,,,,101.6,104,101.9,100,102.0,5,,,,,,,,,,,,,,
2026-07-02T04:01:09.790000+00:00,2026-07-02T04:01:09.789904,1,2,101.35,0.5,101.1,150,,,,,,,,,,,,,,,,,,,101.6,104,102.0,5,,,,,,,,,,,,,,,,
2026-07-02T04:01:09.844841+00:00,2026-07-02T04:01:09.844713,2,2,101.4,0.4,101.2,100,101.1,150,,,,,,,,,,,,,,,,,101.6,104,102.0,5,,,,,,,,,,,,,,,,
2026-07-02T04:01:09.896785+00:00,2026-07-02T04:01:09.896699,2,3,101.4,0.4,101.2,100,101.1,150,,,,,,,,,,,,,,,,,101.6,104,101.7,100,102.0,5,,,,,,,,,,,,,,
2026-07-02T04:01:10.023377+00:00,2026-07-02T04:01:10.023240,2,3,101.4,0.4,101.2,100,101.1,150,,,,,,,,,,,,,,,,,101.6,54,101.7,100,102.0,5,,,,,,,,,,,,,,
2026-07-02T04:01:11.094156+00:00,2026-07-02T04:01:11.094095,2,3,101.4,0.4,101.2,100,101.1,150,,,,,,,,,,,,,,,,,101.6,13,101.7,100,102.0,5,,,,,,,,,,,,,,
2026-07-02T04:01:11.132012+00:00,2026-07-02T04:01:11.131904,2,2,101.4,0.4,101.2,100,101.1,150,,,,,,,,,,,,,,,,,101.6,13,101.7,100,,,,,,,,,,,,,,,,
2026-07-02T04:01:11.627823+00:00,2026-07-02T04:01:11.627737,2,2,101.4,0.4,101.2,53,101.1,150,,,,,,,,,,,,,,,,,101.6,13,101.7,100,,,,,,,,,,,,,,,,
2026-07-02T04:01:11.858617+00:00,2026-07-02T04:01:11.853406,1,1,101.45,0.5,101.2,53,,,,,,,,,,,,,,,,,,,101.7,100,,,,,,,,,,,,,,,,,,
2026-07-02T04:01:11.907375+00:00,2026-07-02T04:01:11.907257,2,1,101.65,0.1,101.6,150,101.2,53,,,,,,,,,,,,,,,,,101.7,100,,,,,,,,,,,,,,,,,,
2026-07-02T04:01:11.959700+00:00,2026-07-02T04:01:11.959602,2,2,101.65,0.1,101.6,150,101.2,53,,,,,,,,,,,,,,,,,101.7,100,102.1,150,,,,,,,,,,,,,,,,
2026-07-02T04:01:12.143263+00:00,2026-07-02T04:01:12.143393,2,2,101.65,0.1,101.6,150,101.2,53,,,,,,,,,,,,,,,,,101.7,50,102.1,150,,,,,,,,,,,,,,,,
2026-07-02T04:01:12.950385+00:00,2026-07-02T04:01:12.950316,1,1,101.85,0.5,101.6,150,,,,,,,,,,,,,,,,,,,102.1,150,,,,,,,,,,,,,,,,,,
2026-07-02T04:01:13.005037+00:00,2026-07-02T04:01:13.005188,2,1,101.85,0.5,101.6,150,101.3,100,,,,,,,,,,,,,,,,,102.1,150,,,,,,,,,,,,,,,,,,
2026-07-02T04:01:13.063919+00:00,2026-07-02T04:01:13.063832,2,2,101.7,0.2,101.6,150,101.3,100,,,,,,,,,,,,,,,,,101.8,100,102.1,150,,,,,,,,,,,,,,,,
2026-07-02T04:01:14.299064+00:00,2026-07-02T04:01:14.299024,2,2,101.7,0.2,101.6,100,101.3,100,,,,,,,,,,,,,,,,,101.8,100,102.1,150,,,,,,,,,,,,,,,,
2026-07-02T04:01:14.602046+00:00,2026-07-02T04:01:14.594293,2,2,101.7,0.2,101.6,100,101.3,100,,,,,,,,,,,,,,,,,101.8,89,102.1,150,,,,,,,,,,,,,,,,
2026-07-02T04:01:14.693727+00:00,2026-07-02T04:01:14.693910,2,2,101.7,0.2,101.6,100,101.3,100,,,,,,,,,,,,,,,,,101.8,48,102.1,150,,,,,,,,,,,,,,,,
2026-07-02T04:01:15.013370+00:00,2026-07-02T04:01:15.013301,1,1,101.55,0.5,101.3,100,,,,,,,,,,,,,,,,,,,101.8,48,,,,,,,,,,,,,,,,,,
2026-07-02T04:01:15.063968+00:00,2026-07-02T04:01:15.063935,2,1,101.65,0.3,101.5,150,101.3,100,,,,,,,,,,,,,,,,,101.8,48,,,,,,,,,,,,,,,,,,
2026-07-02T04:01:15.116263+00:00,2026-07-02T04:01:15.116140,2,2,101.65,0.3,101.5,150,101.3,100,,,,,,,,,,,,,,,,,101.8,48,102.0,150,,,,,,,,,,,,,,,,
2026-07-02T04:01:15.378984+00:00,2026-07-02T04:01:15.378860,2,2,101.65,0.3,101.5,103,101.3,100,,,,,,,,,,,,,,,,,101.8,48,102.0,150,,,,,,,,,,,,,,,,
2026-07-02T04:01:16.112481+00:00,2026-07-02T04:01:16.112356,1,1,101.75,0.5,101.5,103,,,,,,,,,,,,,,,,,,,102.0,150,,,,,,,,,,,,,,,,,,
2026-07-02T04:01:16.164877+00:00,2026-07-02T04:01:16.164751,2,1,101.75,0.5,101.5,103,101.4,100,,,,,,,,,,,,,,,,,102.0,150,,,,,,,,,,,,,,,,,,
2026-07-02T04:01:16.215202+00:00,2026-07-02T04:01:16.215173,2,2,101.7,0.4,101.5,103,101.4,100,,,,,,,,,,,,,,,,,101.9,100,102.0,150,,,,,,,,,,,,,,,,
2026-07-02T04:01:16.264476+00:00,2026-07-02T04:01:16.264378,2,2,101.7,0.4,101.5,108,101.4,100,,,,,,,,,,,,,,,,,101.9,100,102.0,150,,,,,,,,,,,,,,,,
2026-07-02T04:01:16.374834+00:00,2026-07-02T04:01:16.374727,2,2,101.7,0.4,101.5,108,101.4,100,,,,,,,,,,,,,,,,,101.9,50,102.0,150,,,,,,,,,,,,,,,,
2026-07-02T04:01:18.158694+00:00,2026-07-02T04:01:18.153242,2,2,101.7,0.4,101.5,105,101.4,100,,,,,,,,,,,,,,,,,101.9,50,102.0,150,,,,,,,,,,,,,,,,
2026-07-02T04:01:18.185449+00:00,2026-07-02T04:01:18.185607,2,1,101.7,0.4,101.5,2,101.4,100,,,,,,,,,,,,,,,,,101.9,50,,,,,,,,,,,,,,,,,,
2026-07-02T04:01:18.244736+00:00,2026-07-02T04:01:18.244668,3,1,101.7,0.4,101.5,2,101.4,100,101.3,150,,,,,,,,,,,,,,,101.9,50,,,,,,,,,,,,,,,,,,
2026-07-02T04:01:18.297838+00:00,2026-07-02T04:01:18.297672,3,2,101.65,0.3,101.5,2,101.4,100,101.3,150,,,,,,,,,,,,,,,101.8,150,101.9,50,,,,,,,,,,,,,,,,
2026-07-02T04:01:19.272421+00:00,2026-07-02T04:01:19.272373,2,1,101.65,0.3,101.5,2,101.3,150,,,,,,,,,,,,,,,,,101.8,150,,,,,,,,,,,,,,,,,,
2026-07-02T04:01:19.327072+00:00,2026-07-02T04:01:19.327003,2,1,101.65,0.3,101.5,102,101.3,150,,,,,,,,,,,,,,,,,101.8,150,,,,,,,,,,,,,,,,,,
2026-07-02T04:01:19.380150+00:00,2026-07-02T04:01:19.380121,2,2,101.65,0.3,101.5,102,101.3,150,,,,,,,,,,,,,,,,,101.8,150,102.0,100,,,,,,,,,,,,,,,,
2026-07-02T04:01:19.489444+00:00,2026-07-02T04:01:19.489333,2,2,101.65,0.3,101.5,102,101.3,150,,,,,,,,,,,,,,,,,101.8,108,102.0,100,,,,,,,,,,,,,,,,
2026-07-02T04:01:19.725685+00:00,2026-07-02T04:01:19.725545,2,2,101.65,0.3,101.5,101,101.3,150,,,,,,,,,,,,,,,,,101.8,108,102.0,100,,,,,,,,,,,,,,,,
2026-07-02T04:01:20.194929+00:00,2026-07-02T04:01:20.194811,2,2,101.65,0.3,101.5,60,101.3,150,,,,,,,,,,,,,,,,,101.8,108,102.0,100,,,,,,,,,,,,,,,,
2026-07-02T04:01:20.638775+00:00,2026-07-02T04:01:20.638667,2,2,101.65,0.3,101.5,10,101.3,150,,,,,,,,,,,,,,,,,101.8,108,102.0,100,,,,,,,,,,,,,,,,
2026-07-02T04:01:21.348488+00:00,2026-07-02T04:01:21.348398,1,1,101.75,0.5,101.5,10,,,,,,,,,,,,,,,,,,,102.0,100,,,,,,,,,,,,,,,,,,
2026-07-02T04:01:21.401964+00:00,2026-07-02T04:01:21.401846,2,1,101.75,0.5,101.5,10,101.4,150,,,,,,,,,,,,,,,,,102.0,100,,,,,,,,,,,,,,,,,,
2026-07-02T04:01:21.458554+00:00,2026-07-02T04:01:21.454828,2,2,101.7,0.4,101.5,10,101.4,150,,,,,,,,,,,,,,,,,101.9,150,102.0,100,,,,,,,,,,,,,,,,
2026-07-02T04:01:21.704942+00:00,2026-07-02T04:01:21.704842,2,2,101.7,0.4,101.5,10,101.4,150,,,,,,,,,,,,,,,,,101.9,108,102.0,100,,,,,,,,,,,,,,,,
2026-07-02T04:01:22.320793+00:00,2026-07-02T04:01:22.320648,1,2,101.65,0.5,101.4,112,,,,,,,,,,,,,,,,,,,101.9,108,102.0,100,,,,,,,,,,,,,,,,
2026-07-02T04:01:22.435706+00:00,2026-07-02T04:01:22.435801,1,1,101.65,0.5,101.4,112,,,,,,,,,,,,,,,,,,,101.9,108,,,,,,,,,,,,,,,,,,
2026-07-02T04:01:22.489093+00:00,2026-07-02T04:01:22.488996,2,1,101.65,0.5,101.4,112,101.2,100,,,,,,,,,,,,,,,,,101.9,108,,,,,,,,,,,,,,,,,,
2026-07-02T04:01:22.541638+00:00,2026-07-02T04:01:22.541731,2,2,101.55,0.3,101.4,112,101.2,100,,,,,,,,,,,,,,,,,101.7,100,101.9,108,,,,,,,,,,,,,,,,
2026-07-02T04:01:22.742845+00:00,2026-07-02T04:01:22.742713,2,2,101.55,0.3,101.4,62,101.2,100,,,,,,,,,,,,,,,,,101.7,100,101.9,108,,,,,,,,,,,,,,,,
2026-07-02T04:01:22.810783+00:00,2026-07-02T04:01:22.810689,2,3,101.55,0.3,101.4,62,101.2,100,,,,,,,,,,,,,,,,,101.7,100,101.8,6,101.9,108,,,,,,,,,,,,,,
2026-07-02T04:01:23.379658+00:00,2026-07-02T04:01:23.379527,2,3,101.55,0.3,101.4,62,101.2,100,,,,,,,,,,,,,,,,,101.7,100,101.8,5,101.9,108,,,,,,,,,,,,,,
2026-07-02T04:01:24.511798+00:00,2026-07-02T04:01:24.511919,1,2,101.45,0.5,101.2,100,,,,,,,,,,,,,,,,,,,101.7,100,101.8,5,,,,,,,,,,,,,,,,
2026-07-02T04:01:24.567556+00:00,2026-07-02T04:01:24.567470,2,2,101.5,0.4,101.3,150,101.2,100,,,,,,,,,,,,,,,,,101.7,100,101.8,5,,,,,,,,,,,,,,,,
2026-07-02T04:01:24.623426+00:00,2026-07-02T04:01:24.623326,2,2,101.5,0.4,101.3,150,101.2,100,,,,,,,,,,,,,,,,,101.7,100,101.8,155,,,,,,,,,,,,,,,,
2026-07-02T04:01:24.685520+00:00,2026-07-02T04:01:24.685767,2,2,101.5,0.4,101.3,150,101.2,100,,,,,,,,,,,,,,,,,101.7,54,101.8,155,,,,,,,,,,,,,,,,
2026-07-02T04:01:25.594779+00:00,2026-07-02T04:01:25.594708,1,1,101.55,0.5,101.3,150,,,,,,,,,,,,,,,,,,,101.8,155,,,,,,,,,,,,,,,,,,
2026-07-02T04:01:25.647310+00:00,2026-07-02T04:01:25.647268,2,1,101.7,0.2,101.6,100,101.3,150,,,,,,,,,,,,,,,,,101.8,155,,,,,,,,,,,,,,,,,,
2026-07-02T04:01:25.662556+00:00,2026-07-02T04:01:25.662499,2,1,101.7,0.2,101.6,59,101.3,150,,,,,,,,,,,,,,,,,101.8,155,,,,,,,,,,,,,,,,,,
2026-07-02T04:01:25.700484+00:00,2026-07-02T04:01:25.700444,2,2,101.7,0.2,101.6,59,101.3,150,,,,,,,,,,,,,,,,,101.8,155,102.1,100,,,,,,,,,,,,,,,,
2026-07-02T04:01:26.651182+00:00,2026-07-02T04:01:26.651038,2,2,101.7,0.2,101.6,59,101.3,150,,,,,,,,,,,,,,,,,101.8,114,102.1,100,,,,,,,,,,,,,,,,
2026-07-02T04:01:26.950755+00:00,2026-07-02T04:01:26.950710,2,2,101.7,0.2,101.6,9,101.3,150,,,,,,,,,,,,,,,,,101.8,114,102.1,100,,,,,,,,,,,,,,,,
2026-07-02T04:01:27.155473+00:00,2026-07-02T04:01:27.155655,1,2,101.55,0.5,101.3,150,,,,,,,,,,,,,,,,,,,101.8,114,102.1,100,,,,,,,,,,,,,,,,
2026-07-02T04:01:27.677626+00:00,2026-07-02T04:01:27.677532,1,1,101.7,0.8,101.3,150,,,,,,,,,,,,,,,,,,,102.1,100,,,,,,,,,,,,,,,,,,
2026-07-02T04:01:27.682871+00:00,2026-07-02T04:01:27.682727,0,1,,,,,,,,,,,,,,,,,,,,,,,102.1,100,,,,,,,,,,,,,,,,,,
2026-07-02T04:01:27.715353+00:00,2026-07-02T04:01:27.715311,0,1,,,,,,,,,,,,,,,,,,,,,,,102.1,56,,,,,,,,,,,,,,,,,,
2026-07-02T04:01:27.730997+00:00,2026-07-02T04:01:27.730876,1,1,101.85,0.5,101.6,150,,,,,,,,,,,,,,,,,,,102.1,56,,,,,,,,,,,,,,,,,,
2026-07-02T04:01:27.785304+00:00,2026-07-02T04:01:27.785202,1,1,101.85,0.5,101.6,150,,,,,,,,,,,,,,,,,,,102.1,206,,,,,,,,,,,,,,,,,,
2026-07-02T04:01:28.750749+00:00,2026-07-02T04:01:28.750708,1,1,101.85,0.5,101.6,150,,,,,,,,,,,,,,,,,,,102.1,150,,,,,,,,,,,,,,,,,,
2026-07-02T04:01:28.769065+00:00,2026-07-02T04:01:28.768940,1,1,101.85,0.5,101.6,104,,,,,,,,,,,,,,,,,,,102.1,150,,,,,,,,,,,,,,,,,,
2026-07-02T04:01:28.804609+00:00,2026-07-02T04:01:28.804533,2,1,101.85,0.5,101.6,104,101.3,100,,,,,,,,,,,,,,,,,102.1,150,,,,,,,,,,,,,,,,,,
2026-07-02T04:01:28.858621+00:00,2026-07-02T04:01:28.857380,2,2,101.7,0.2,101.6,104,101.3,100,,,,,,,,,,,,,,,,,101.8,100,102.1,150,,,,,,,,,,,,,,,,
2026-07-02T04:01:29.008276+00:00,2026-07-02T04:01:29.008228,2,2,101.7,0.2,101.6,104,101.3,100,,,,,,,,,,,,,,,,,101.8,50,102.1,150,,,,,,,,,,,,,,,,
2026-07-02T04:01:29.827497+00:00,2026-07-02T04:01:29.827365,2,2,101.7,0.2,101.6,104,101.3,100,,,,,,,,,,,,,,,,,101.8,3,102.1,150,,,,,,,,,,,,,,,,
2026-07-02T04:01:30.719999+00:00,2026-07-02T04:01:30.719785,3,2,101.7,0.2,101.6,104,101.5,5,101.3,100,,,,,,,,,,,,,,,101.8,3,102.1,150,,,,,,,,,,,,,,,,
2026-07-02T04:01:30.791033+00:00,2026-07-02T04:01:30.790904,3,2,101.7,0.2,101.6,104,101.5,5,101.3,100,,,,,,,,,,,,,,,101.8,4,102.1,150,,,,,,,,,,,,,,,,
2026-07-02T04:01:30.838564+00:00,2026-07-02T04:01:30.838417,2,1,101.65,0.3,101.5,5,101.3,100,,,,,,,,,,,,,,,,,101.8,4,,,,,,,,,,,,,,,,,,
2026-07-02T04:01:30.891470+00:00,2026-07-02T04:01:30.891349,2,1,101.65,0.3,101.5,155,101.3,100,,,,,,,,,,,,,,,,,101.8,4,,,,,,,,,,,,,,,,,,
2026-07-02T04:01:30.948008+00:00,2026-07-02T04:01:30.947853,2,2,101.65,0.3,101.5,155,101.3,100,,,,,,,,,,,,,,,,,101.8,4,102.0,150,,,,,,,,,,,,,,,,
2026-07-02T04:01:31.198707+00:00,2026-07-02T04:01:31.198593,2,2,101.65,0.3,101.5,105,101.3,100,,,,,,,,,,,,,,,,,101.8,4,102.0,150,,,,,,,,,,,,,,,,
2026-07-02T04:01:31.909180+00:00,2026-07-02T04:01:31.909129,1,2,101.65,0.3,101.5,105,,,,,,,,,,,,,,,,,,,101.8,1,102.0,150,,,,,,,,,,,,,,,,
2026-07-02T04:01:31.966983+00:00,2026-07-02T04:01:31.967085,2,2,101.65,0.3,101.5,105,101.4,100,,,,,,,,,,,,,,,,,101.8,1,102.0,150,,,,,,,,,,,,,,,,
2026-07-02T04:01:32.020166+00:00,2026-07-02T04:01:32.020111,2,3,101.65,0.3,101.5,105,101.4,100,,,,,,,,,,,,,,,,,101.8,1,101.9,100,102.0,150,,,,,,,,,,,,,,
2026-07-02T04:01:33.326773+00:00,2026-07-02T04:01:33.326616,2,3,101.65,0.3,101.5,55,101.4,100,,,,,,,,,,,,,,,,,101.8,1,101.9,100,102.0,150,,,,,,,,,,,,,,
2026-07-02T04:01:34.000805+00:00,2026-07-02T04:01:34.000699,1,2,101.6,0.4,101.4,100,,,,,,,,,,,,,,,,,,,101.8,1,101.9,100,,,,,,,,,,,,,,,,
2026-07-02T04:01:34.058563+00:00,2026-07-02T04:01:34.051341,2,2,101.6,0.4,101.4,100,100.8,150,,,,,,,,,,,,,,,,,101.8,1,101.9,100,,,,,,,,,,,,,,,,
2026-07-02T04:01:34.117452+00:00,2026-07-02T04:01:34.111374,1,3,101.05,0.5,100.8,150,,,,,,,,,,,,,,,,,,,101.3,38,101.8,1,101.9,100,,,,,,,,,,,,,,
2026-07-02T04:01:34.495487+00:00,2026-07-02T04:01:34.489857,1,2,101.3,1.0,100.8,150,,,,,,,,,,,,,,,,,,,101.8,1,101.9,100,,,,,,,,,,,,,,,,
2026-07-02T04:01:35.074023+00:00,2026-07-02T04:01:35.073973,1,1,101.3,1.0,100.8,150,,,,,,,,,,,,,,,,,,,101.8,1,,,,,,,,,,,,,,,,,,
2026-07-02T04:01:35.150525+00:00,2026-07-02T04:01:35.150447,2,1,101.45,0.7,101.1,100,100.8,150,,,,,,,,,,,,,,,,,101.8,1,,,,,,,,,,,,,,,,,,
2026-07-02T04:01:35.208243+00:00,2026-07-02T04:01:35.208149,2,2,101.35,0.5,101.1,100,100.8,150,,,,,,,,,,,,,,,,,101.6,100,101.8,1,,,,,,,,,,,,,,,,
2026-07-02T04:01:35.432608+00:00,2026-07-02T04:01:35.432550,2,2,101.35,0.5,101.1,50,100.8,150,,,,,,,,,,,,,,,,,101.6,100,101.8,1,,,,,,,,,,,,,,,,
2026-07-02T04:01:35.929793+00:00,2026-07-02T04:01:35.929696,2,2,101.35,0.5,101.1,8,100.8,150,,,,,,,,,,,,,,,,,101.6,100,101.8,1,,,,,,,,,,,,,,,,
2026-07-02T04:01:37.118157+00:00,2026-07-02T04:01:37.112702,1,2,101.2,0.8,100.8,150,,,,,,,,,,,,,,,,,,,101.6,100,101.8,1,,,,,,,,,,,,,,,,
2026-07-02T04:01:37.162408+00:00,2026-07-02T04:01:37.162504,0,2,,,,,,,,,,,,,,,,,,,,,,,101.6,100,101.8,1,,,,,,,,,,,,,,,,
2026-07-02T04:01:37.216166+00:00,2026-07-02T04:01:37.216272,1,2,101.4,0.4,101.2,150,,,,,,,,,,,,,,,,,,,101.6,100,101.8,1,,,,,,,,,,,,,,,,
2026-07-02T04:01:37.230472+00:00,2026-07-02T04:01:37.220945,1,2,101.4,0.4,101.2,131,,,,,,,,,,,,,,,,,,,101.6,100,101.8,1,,,,,,,,,,,,,,,,
2026-07-02T04:01:37.269866+00:00,2026-07-02T04:01:37.269832,1,3,101.4,0.4,101.2,131,,,,,,,,,,,,,,,,,,,101.6,100,101.7,150,101.8,1,,,,,,,,,,,,,,
2026-07-02T04:01:37.541926+00:00,2026-07-02T04:01:37.542052,1,3,101.4,0.4,101.2,81,,,,,,,,,,,,,,,,,,,101.6,100,101.7,150,101.8,1,,,,,,,,,,,,,,
2026-07-02T04:01:38.258553+00:00,2026-07-02T04:01:38.257263,2,2,101.55,0.3,101.4,3,101.2,81,,,,,,,,,,,,,,,,,101.7,150,101.8,1,,,,,,,,,,,,,,,,
2026-07-02T04:01:38.267612+00:00,2026-07-02T04:01:38.262283,1,2,101.45,0.5,101.2,81,,,,,,,,,,,,,,,,,,,101.7,150,101.8,1,,,,,,,,,,,,,,,,
2026-07-02T04:01:38.312778+00:00,2026-07-02T04:01:38.312731,2,2,101.45,0.5,101.2,81,100.7,100,,,,,,,,,,,,,,,,,101.7,150,101.8,1,,,,,,,,,,,,,,,,
2026-07-02T04:01:38.365864+00:00,2026-07-02T04:01:38.365823,1,3,100.95,0.5,100.7,100,,,,,,,,,,,,,,,,,,,101.2,19,101.7,150,101.8,1,,,,,,,,,,,,,,
2026-07-02T04:01:38.371198+00:00,2026-07-02T04:01:38.371061,1,3,100.95,0.5,100.7,100,,,,,,,,,,,,,,,,,,,101.2,16,101.7,150,101.8,1,,,,,,,,,,,,,,
2026-07-02T04:01:38.403511+00:00,2026-07-02T04:01:38.403480,1,3,100.95,0.5,100.7,100,,,,,,,,,,,,,,,,,,,101.2,14,101.7,150,101.8,1,,,,,,,,,,,,,,
2026-07-02T04:01:39.597970+00:00,2026-07-02T04:01:39.597912,1,2,101.2,1.0,100.7,100,,,,,,,,,,,,,,,,,,,101.7,150,101.8,1,,,,,,,,,,,,,,,,
2026-07-02T04:01:39.603343+00:00,2026-07-02T04:01:39.603211,1,1,101.2,1.0,100.7,100,,,,,,,,,,,,,,,,,,,101.7,150,,,,,,,,,,,,,,,,,,
2026-07-02T04:01:40.321679+00:00,2026-07-02T04:01:40.321755,1,0,,,100.7,100,,,,,,,,,,,,,,,,,,,,,,,,,,,,,,,,,,,,,,
2026-07-02T04:01:40.375894+00:00,2026-07-02T04:01:40.375762,2,0,,,100.9,150,100.7,100,,,,,,,,,,,,,,,,,,,,,,,,,,,,,,,,,,,,
2026-07-02T04:01:40.428665+00:00,2026-07-02T04:01:40.428499,2,1,101.15,0.5,100.9,150,100.7,100,,,,,,,,,,,,,,,,,101.4,150,,,,,,,,,,,,,,,,,,
2026-07-02T04:01:41.424136+00:00,2026-07-02T04:01:41.424034,1,1,101.15,0.5,100.9,150,,,,,,,,,,,,,,,,,,,101.4,150,,,,,,,,,,,,,,,,,,
2026-07-02T04:01:41.429199+00:00,2026-07-02T04:01:41.429349,2,1,101.35,0.1,101.3,4,100.9,150,,,,,,,,,,,,,,,,,101.4,150,,,,,,,,,,,,,,,,,,
2026-07-02T04:01:41.478099+00:00,2026-07-02T04:01:41.477975,3,1,101.35,0.1,101.3,4,101.2,100,100.9,150,,,,,,,,,,,,,,,101.4,150,,,,,,,,,,,,,,,,,,
2026-07-02T04:01:41.530834+00:00,2026-07-02T04:01:41.530735,3,2,101.35,0.1,101.3,4,101.2,100,100.9,150,,,,,,,,,,,,,,,101.4,150,101.7,100,,,,,,,,,,,,,,,,
2026-07-02T04:01:41.705259+00:00,2026-07-02T04:01:41.705190,3,2,101.35,0.1,101.3,4,101.2,100,100.9,150,,,,,,,,,,,,,,,101.4,100,101.7,100,,,,,,,,,,,,,,,,
2026-07-02T04:01:41.858572+00:00,2026-07-02T04:01:41.857621,3,3,101.35,0.1,101.3,4,101.2,100,100.9,150,,,,,,,,,,,,,,,101.4,100,101.6,2,101.7,100,,,,,,,,,,,,,,
2026-07-02T04:01:41.916016+00:00,2026-07-02T04:01:41.915953,3,3,101.35,0.1,101.3,4,101.2,100,100.9,150,,,,,,,,,,,,,,,101.4,56,101.6,2,101.7,100,,,,,,,,,,,,,,
2026-07-02T04:01:42.422748+00:00,2026-07-02T04:01:42.422689,3,3,101.35,0.1,101.3,4,101.2,100,100.9,150,,,,,,,,,,,,,,,101.4,56,101.6,1,101.7,100,,,,,,,,,,,,,,
2026-07-02T04:01:42.670199+00:00,2026-07-02T04:01:42.670104,3,2,101.35,0.1,101.3,4,101.2,100,100.9,150,,,,,,,,,,,,,,,101.4,56,101.7,100,,,,,,,,,,,,,,,,
2026-07-02T04:01:43.482140+00:00,2026-07-02T04:01:43.482296,2,1,101.5,0.4,101.3,4,101.2,100,,,,,,,,,,,,,,,,,101.7,100,,,,,,,,,,,,,,,,,,
2026-07-02T04:01:43.537405+00:00,2026-07-02T04:01:43.537489,2,1,101.5,0.4,101.3,154,101.2,100,,,,,,,,,,,,,,,,,101.7,100,,,,,,,,,,,,,,,,,,
2026-07-02T04:01:43.590595+00:00,2026-07-02T04:01:43.590554,2,2,101.5,0.4,101.3,154,101.2,100,,,,,,,,,,,,,,,,,101.7,100,101.8,150,,,,,,,,,,,,,,,,
2026-07-02T04:01:43.685725+00:00,2026-07-02T04:01:43.679640,2,2,101.5,0.4,101.3,146,101.2,100,,,,,,,,,,,,,,,,,101.7,100,101.8,150,,,,,,,,,,,,,,,,
2026-07-02T04:01:43.809444+00:00,2026-07-02T04:01:43.809387,2,2,101.5,0.4,101.3,146,101.2,100,,,,,,,,,,,,,,,,,101.7,50,101.8,150,,,,,,,,,,,,,,,,
2026-07-02T04:01:43.958586+00:00,2026-07-02T04:01:43.954982,2,2,101.5,0.4,101.3,99,101.2,100,,,,,,,,,,,,,,,,,101.7,50,101.8,150,,,,,,,,,,,,,,,,
2026-07-02T04:01:44.584401+00:00,2026-07-02T04:01:44.584343,1,1,101.55,0.5,101.3,99,,,,,,,,,,,,,,,,,,,101.8,150,,,,,,,,,,,,,,,,,,
2026-07-02T04:01:44.635903+00:00,2026-07-02T04:01:44.635802,2,1,101.55,0.5,101.3,99,101.2,100,,,,,,,,,,,,,,,,,101.8,150,,,,,,,,,,,,,,,,,,
2026-07-02T04:01:44.687568+00:00,2026-07-02T04:01:44.687465,2,2,101.5,0.4,101.3,99,101.2,100,,,,,,,,,,,,,,,,,101.7,100,101.8,150,,,,,,,,,,,,,,,,
2026-07-02T04:01:45.474144+00:00,2026-07-02T04:01:45.474057,2,2,101.5,0.4,101.3,99,101.2,100,,,,,,,,,,,,,,,,,101.7,54,101.8,150,,,,,,,,,,,,,,,,
2026-07-02T04:01:45.916453+00:00,2026-07-02T04:01:45.916338,2,2,101.5,0.4,101.3,99,101.2,100,,,,,,,,,,,,,,,,,101.7,4,101.8,150,,,,,,,,,,,,,,,,
2026-07-02T04:01:46.558605+00:00,2026-07-02T04:01:46.554909,2,2,101.5,0.4,101.3,52,101.2,100,,,,,,,,,,,,,,,,,101.7,4,101.8,150,,,,,,,,,,,,,,,,
2026-07-02T04:01:46.680343+00:00,2026-07-02T04:01:46.680223,2,1,101.5,0.4,101.3,52,101.2,100,,,,,,,,,,,,,,,,,101.7,4,,,,,,,,,,,,,,,,,,
2026-07-02T04:01:46.685464+00:00,2026-07-02T04:01:46.685392,1,1,101.45,0.5,101.2,100,,,,,,,,,,,,,,,,,,,101.7,4,,,,,,,,,,,,,,,,,,
2026-07-02T04:01:46.776472+00:00,2026-07-02T04:01:46.776385,1,2,101.4,0.4,101.2,100,,,,,,,,,,,,,,,,,,,101.6,4,101.7,4,,,,,,,,,,,,,,,,
2026-07-02T04:01:46.792021+00:00,2026-07-02T04:01:46.791962,2,2,101.4,0.4,101.2,100,100.7,150,,,,,,,,,,,,,,,,,101.6,4,101.7,4,,,,,,,,,,,,,,,,
2026-07-02T04:01:46.847987+00:00,2026-07-02T04:01:46.848083,1,3,100.95,0.5,100.7,150,,,,,,,,,,,,,,,,,,,101.2,50,101.6,4,101.7,4,,,,,,,,,,,,,,
2026-07-02T04:01:47.741684+00:00,2026-07-02T04:01:47.741763,1,2,100.95,0.5,100.7,150,,,,,,,,,,,,,,,,,,,101.2,50,101.6,4,,,,,,,,,,,,,,,,
2026-07-02T04:01:47.795641+00:00,2026-07-02T04:01:47.795566,2,1,101.4,0.4,101.2,50,100.7,150,,,,,,,,,,,,,,,,,101.6,4,,,,,,,,,,,,,,,,,,
2026-07-02T04:01:47.858719+00:00,2026-07-02T04:01:47.853494,2,2,101.4,0.4,101.2,50,100.7,150,,,,,,,,,,,,,,,,,101.6,4,101.7,100,,,,,,,,,,,,,,,,
2026-07-02T04:01:48.021289+00:00,2026-07-02T04:01:48.021257,2,1,101.45,0.5,101.2,50,100.7,150,,,,,,,,,,,,,,,,,101.7,54,,,,,,,,,,,,,,,,,,
2026-07-02T04:01:49.900272+00:00,2026-07-02T04:01:49.900341,1,1,101.45,0.5,101.2,50,,,,,,,,,,,,,,,,,,,101.7,54,,,,,,,,,,,,,,,,,,
2026-07-02T04:01:49.958599+00:00,2026-07-02T04:01:49.945675,2,1,101.5,0.4,101.3,150,101.2,50,,,,,,,,,,,,,,,,,101.7,54,,,,,,,,,,,,,,,,,,
2026-07-02T04:01:50.058619+00:00,2026-07-02T04:01:50.005262,2,2,101.5,0.4,101.3,150,101.2,50,,,,,,,,,,,,,,,,,101.7,54,101.8,150,,,,,,,,,,,,,,,,
2026-07-02T04:01:50.069137+00:00,2026-07-02T04:01:50.068996,2,2,101.5,0.4,101.3,103,101.2,50,,,,,,,,,,,,,,,,,101.7,54,101.8,150,,,,,,,,,,,,,,,,
2026-07-02T04:01:50.169073+00:00,2026-07-02T04:01:50.168897,2,2,101.5,0.4,101.3,103,101.2,50,,,,,,,,,,,,,,,,,101.7,4,101.8,150,,,,,,,,,,,,,,,,
2026-07-02T04:01:50.663670+00:00,2026-07-02T04:01:50.663931,2,2,101.5,0.4,101.3,108,101.2,50,,,,,,,,,,,,,,,,,101.7,4,101.8,150,,,,,,,,,,,,,,,,
2026-07-02T04:01:50.896888+00:00,2026-07-02T04:01:50.896747,2,3,101.45,0.3,101.3,108,101.2,50,,,,,,,,,,,,,,,,,101.6,1,101.7,4,101.8,150,,,,,,,,,,,,,,
2026-07-02T04:01:50.912785+00:00,2026-07-02T04:01:50.912658,2,2,101.45,0.3,101.3,108,101.2,50,,,,,,,,,,,,,,,,,101.6,1,101.8,150,,,,,,,,,,,,,,,,
2026-07-02T04:01:50.917753+00:00,2026-07-02T04:01:50.917853,1,2,101.45,0.3,101.3,108,,,,,,,,,,,,,,,,,,,101.6,1,101.8,150,,,,,,,,,,,,,,,,
2026-07-02T04:01:50.977482+00:00,2026-07-02T04:01:50.977405,1,2,101.45,0.3,101.3,208,,,,,,,,,,,,,,,,,,,101.6,1,101.8,150,,,,,,,,,,,,,,,,
2026-07-02T04:01:51.024619+00:00,2026-07-02T04:01:51.024575,1,2,101.45,0.3,101.3,208,,,,,,,,,,,,,,,,,,,101.6,1,101.8,250,,,,,,,,,,,,,,,,
2026-07-02T04:01:52.237023+00:00,2026-07-02T04:01:52.236911,1,1,101.55,0.5,101.3,208,,,,,,,,,,,,,,,,,,,101.8,201,,,,,,,,,,,,,,,,,,
2026-07-02T04:01:52.263921+00:00,2026-07-02T04:01:52.263808,1,1,101.55,0.5,101.3,207,,,,,,,,,,,,,,,,,,,101.8,201,,,,,,,,,,,,,,,,,,
2026-07-02T04:01:52.977620+00:00,2026-07-02T04:01:52.977558,1,1,101.55,0.5,101.3,206,,,,,,,,,,,,,,,,,,,101.8,201,,,,,,,,,,,,,,,,,,
2026-07-02T04:01:53.034481+00:00,2026-07-02T04:01:53.034408,1,1,101.55,0.5,101.3,206,,,,,,,,,,,,,,,,,,,101.8,157,,,,,,,,,,,,,,,,,,
2026-07-02T04:01:53.049530+00:00,2026-07-02T04:01:53.053745,1,1,101.55,0.5,101.3,103,,,,,,,,,,,,,,,,,,,101.8,100,,,,,,,,,,,,,,,,,,
2026-07-02T04:01:53.127794+00:00,2026-07-02T04:01:53.120407,2,1,101.75,0.1,101.7,138,101.3,103,,,,,,,,,,,,,,,,,101.8,100,,,,,,,,,,,,,,,,,,
2026-07-02T04:01:53.169579+00:00,2026-07-02T04:01:53.169445,2,2,101.75,0.1,101.7,138,101.3,103,,,,,,,,,,,,,,,,,101.8,100,102.2,150,,,,,,,,,,,,,,,,
2026-07-02T04:01:53.308672+00:00,2026-07-02T04:01:53.300712,2,2,101.75,0.1,101.7,104,101.3,103,,,,,,,,,,,,,,,,,101.8,100,102.2,150,,,,,,,,,,,,,,,,
2026-07-02T04:01:53.452139+00:00,2026-07-02T04:01:53.452263,2,2,101.75,0.1,101.7,104,101.3,102,,,,,,,,,,,,,,,,,101.8,100,102.2,150,,,,,,,,,,,,,,,,
2026-07-02T04:01:54.083822+00:00,2026-07-02T04:01:54.083696,2,1,101.95,0.5,101.7,104,101.3,2,,,,,,,,,,,,,,,,,102.2,150,,,,,,,,,,,,,,,,,,
2026-07-02T04:01:54.127789+00:00,2026-07-02T04:01:54.127725,2,1,101.95,0.5,101.7,104,101.3,102,,,,,,,,,,,,,,,,,102.2,150,,,,,,,,,,,,,,,,,,
2026-07-02T04:01:54.132968+00:00,2026-07-02T04:01:54.132883,2,1,101.95,0.5,101.7,104,101.3,101,,,,,,,,,,,,,,,,,102.2,150,,,,,,,,,,,,,,,,,,
2026-07-02T04:01:54.186052+00:00,2026-07-02T04:01:54.185957,2,2,101.75,0.1,101.7,104,101.3,101,,,,,,,,,,,,,,,,,101.8,100,102.2,150,,,,,,,,,,,,,,,,
2026-07-02T04:01:54.399304+00:00,2026-07-02T04:01:54.399168,2,2,101.75,0.1,101.7,54,101.3,101,,,,,,,,,,,,,,,,,101.8,100,102.2,150,,,,,,,,,,,,,,,,
2026-07-02T04:01:55.683163+00:00,2026-07-02T04:01:55.683007,2,2,101.75,0.1,101.7,10,101.3,101,,,,,,,,,,,,,,,,,101.8,100,102.2,150,,,,,,,,,,,,,,,,
2026-07-02T04:01:56.220348+00:00,2026-07-02T04:01:56.220295,1,1,101.55,0.5,101.3,101,,,,,,,,,,,,,,,,,,,101.8,100,,,,,,,,,,,,,,,,,,
2026-07-02T04:01:56.276591+00:00,2026-07-02T04:01:56.276515,2,1,101.55,0.5,101.3,101,100.9,150,,,,,,,,,,,,,,,,,101.8,100,,,,,,,,,,,,,,,,,,
2026-07-02T04:01:56.360365+00:00,2026-07-02T04:01:56.354109,2,2,101.35,0.1,101.3,101,100.9,150,,,,,,,,,,,,,,,,,101.4,127,101.8,100,,,,,,,,,,,,,,,,
2026-07-02T04:01:56.503815+00:00,2026-07-02T04:01:56.503680,2,2,101.35,0.1,101.3,51,100.9,150,,,,,,,,,,,,,,,,,101.4,127,101.8,100,,,,,,,,,,,,,,,,
2026-07-02T04:01:57.237423+00:00,2026-07-02T04:01:57.237311,1,1,101.15,0.5,100.9,150,,,,,,,,,,,,,,,,,,,101.4,127,,,,,,,,,,,,,,,,,,
2026-07-02T04:01:57.294781+00:00,2026-07-02T04:01:57.294738,2,1,101.3,0.2,101.2,100,100.9,150,,,,,,,,,,,,,,,,,101.4,127,,,,,,,,,,,,,,,,,,
2026-07-02T04:01:57.342876+00:00,2026-07-02T04:01:57.342827,2,2,101.3,0.2,101.2,100,100.9,150,,,,,,,,,,,,,,,,,101.4,127,101.7,100,,,,,,,,,,,,,,,,
2026-07-02T04:01:58.063796+00:00,2026-07-02T04:01:58.064006,2,2,101.3,0.2,101.2,100,100.9,150,,,,,,,,,,,,,,,,,101.4,123,101.7,100,,,,,,,,,,,,,,,,
2026-07-02T04:01:58.165465+00:00,2026-07-02T04:01:58.165384,3,2,101.35,0.1,101.3,4,101.2,100,100.9,150,,,,,,,,,,,,,,,101.4,123,101.7,100,,,,,,,,,,,,,,,,
2026-07-02T04:01:58.367500+00:00,2026-07-02T04:01:58.367387,3,3,101.35,0.1,101.3,4,101.2,100,100.9,150,,,,,,,,,,,,,,,101.4,123,101.6,1,101.7,100,,,,,,,,,,,,,,
2026-07-02T04:01:59.320759+00:00,2026-07-02T04:01:59.320648,3,3,101.35,0.1,101.3,4,101.2,100,100.9,150,,,,,,,,,,,,,,,101.4,80,101.6,1,101.7,100,,,,,,,,,,,,,,
2026-07-02T04:01:59.394068+00:00,2026-07-02T04:01:59.393962,3,2,101.45,0.3,101.3,3,101.2,100,100.9,150,,,,,,,,,,,,,,,101.6,1,101.7,100,,,,,,,,,,,,,,,,
2026-07-02T04:01:59.399237+00:00,2026-07-02T04:01:59.399123,2,2,101.45,0.3,101.3,3,101.2,100,,,,,,,,,,,,,,,,,101.6,1,101.7,100,,,,,,,,,,,,,,,,
2026-07-02T04:01:59.452871+00:00,2026-07-02T04:01:59.452813,3,2,101.45,0.3,101.3,3,101.2,100,101.1,150,,,,,,,,,,,,,,,101.6,1,101.7,100,,,,,,,,,,,,,,,,
2026-07-02T04:01:59.502102+00:00,2026-07-02T04:01:59.502069,3,2,101.45,0.3,101.3,3,101.2,100,101.1,150,,,,,,,,,,,,,,,101.6,151,101.7,100,,,,,,,,,,,,,,,,
2026-07-02T04:01:59.610043+00:00,2026-07-02T04:01:59.609996,3,2,101.45,0.3,101.3,2,101.2,100,101.1,150,,,,,,,,,,,,,,,101.6,151,101.7,100,,,,,,,,,,,,,,,,
2026-07-02T04:01:59.969537+00:00,2026-07-02T04:01:59.969690,3,2,101.45,0.3,101.3,2,101.2,100,101.1,150,,,,,,,,,,,,,,,101.6,110,101.7,100,,,,,,,,,,,,,,,,
2026-07-02T04:02:00.401567+00:00,2026-07-02T04:02:00.401471,2,1,101.45,0.3,101.3,2,101.1,150,,,,,,,,,,,,,,,,,101.6,110,,,,,,,,,,,,,,,,,,
2026-07-02T04:02:00.459237+00:00,2026-07-02T04:02:00.459127,3,1,101.45,0.3,101.3,2,101.2,100,101.1,150,,,,,,,,,,,,,,,101.6,110,,,,,,,,,,,,,,,,,,
2026-07-02T04:02:00.507754+00:00,2026-07-02T04:02:00.507714,3,2,101.45,0.3,101.3,2,101.2,100,101.1,150,,,,,,,,,,,,,,,101.6,110,101.7,100,,,,,,,,,,,,,,,,
2026-07-02T04:02:00.664229+00:00,2026-07-02T04:02:00.664157,3,2,101.45,0.3,101.3,2,101.2,100,101.1,150,,,,,,,,,,,,,,,101.6,60,101.7,100,,,,,,,,,,,,,,,,
2026-07-02T04:02:01.506612+00:00,2026-07-02T04:02:01.506502,3,2,101.45,0.3,101.3,2,101.2,100,101.1,150,,,,,,,,,,,,,,,101.6,64,101.7,100,,,,,,,,,,,,,,,,
2026-07-02T04:02:02.034023+00:00,2026-07-02T04:02:02.033843,2,2,101.4,0.4,101.2,54,101.1,150,,,,,,,,,,,,,,,,,101.6,64,101.7,100,,,,,,,,,,,,,,,,
2026-07-02T04:02:02.196841+00:00,2026-07-02T04:02:02.197000,2,2,101.4,0.4,101.2,54,101.1,150,,,,,,,,,,,,,,,,,101.6,62,101.7,100,,,,,,,,,,,,,,,,
2026-07-02T04:02:02.427472+00:00,2026-07-02T04:02:02.427339,2,2,101.4,0.4,101.2,54,101.1,150,,,,,,,,,,,,,,,,,101.6,60,101.7,100,,,,,,,,,,,,,,,,
2026-07-02T04:02:02.558734+00:00,2026-07-02T04:02:02.558645,1,1,101.45,0.5,101.2,54,,,,,,,,,,,,,,,,,,,101.7,100,,,,,,,,,,,,,,,,,,
2026-07-02T04:02:02.612804+00:00,2026-07-02T04:02:02.612673,2,1,101.55,0.3,101.4,150,101.2,54,,,,,,,,,,,,,,,,,101.7,100,,,,,,,,,,,,,,,,,,
2026-07-02T04:02:02.665361+00:00,2026-07-02T04:02:02.665252,2,2,101.55,0.3,101.4,150,101.2,54,,,,,,,,,,,,,,,,,101.7,100,101.9,150,,,,,,,,,,,,,,,,
2026-07-02T04:02:03.560633+00:00,2026-07-02T04:02:03.560525,2,1,101.65,0.5,101.4,150,101.2,54,,,,,,,,,,,,,,,,,101.9,150,,,,,,,,,,,,,,,,,,
2026-07-02T04:02:03.565748+00:00,2026-07-02T04:02:03.565685,1,1,101.65,0.5,101.4,150,,,,,,,,,,,,,,,,,,,101.9,150,,,,,,,,,,,,,,,,,,
2026-07-02T04:02:03.615434+00:00,2026-07-02T04:02:03.615353,2,1,101.65,0.5,101.4,150,100.9,100,,,,,,,,,,,,,,,,,101.9,150,,,,,,,,,,,,,,,,,,
2026-07-02T04:02:03.671768+00:00,2026-07-02T04:02:03.671659,2,1,101.65,0.5,101.4,50,100.9,100,,,,,,,,,,,,,,,,,101.9,150,,,,,,,,,,,,,,,,,,
2026-07-02T04:02:03.978727+00:00,2026-07-02T04:02:03.978846,2,1,101.65,0.5,101.4,4,100.9,100,,,,,,,,,,,,,,,,,101.9,150,,,,,,,,,,,,,,,,,,
2026-07-02T04:02:04.249721+00:00,2026-07-02T04:02:04.243989,1,1,101.4,1.0,100.9,100,,,,,,,,,,,,,,,,,,,101.9,150,,,,,,,,,,,,,,,,,,
2026-07-02T04:02:04.884560+00:00,2026-07-02T04:02:04.884425,1,1,101.4,1.0,100.9,100,,,,,,,,,,,,,,,,,,,101.9,100,,,,,,,,,,,,,,,,,,
2026-07-02T04:02:05.727739+00:00,2026-07-02T04:02:05.727864,1,0,,,100.9,100,,,,,,,,,,,,,,,,,,,,,,,,,,,,,,,,,,,,,,
2026-07-02T04:02:05.769158+00:00,2026-07-02T04:02:05.764857,2,0,,,101.0,150,100.9,100,,,,,,,,,,,,,,,,,,,,,,,,,,,,,,,,,,,,
2026-07-02T04:02:05.822480+00:00,2026-07-02T04:02:05.822582,2,1,101.25,0.5,101.0,150,100.9,100,,,,,,,,,,,,,,,,,101.5,150,,,,,,,,,,,,,,,,,,
2026-07-02T04:02:06.515407+00:00,2026-07-02T04:02:06.515360,2,1,101.25,0.5,101.0,150,100.9,100,,,,,,,,,,,,,,,,,101.5,106,,,,,,,,,,,,,,,,,,
2026-07-02T04:02:06.726660+00:00,2026-07-02T04:02:06.726553,1,1,101.25,0.5,101.0,150,,,,,,,,,,,,,,,,,,,101.5,106,,,,,,,,,,,,,,,,,,
2026-07-02T04:02:06.780692+00:00,2026-07-02T04:02:06.780541,2,1,101.35,0.3,101.2,100,101.0,150,,,,,,,,,,,,,,,,,101.5,106,,,,,,,,,,,,,,,,,,
2026-07-02T04:02:06.834053+00:00,2026-07-02T04:02:06.833957,2,2,101.35,0.3,101.2,100,101.0,150,,,,,,,,,,,,,,,,,101.5,106,101.7,100,,,,,,,,,,,,,,,,
2026-07-02T04:02:06.989602+00:00,2026-07-02T04:02:06.989473,2,2,101.35,0.3,101.2,100,101.0,150,,,,,,,,,,,,,,,,,101.5,56,101.7,100,,,,,,,,,,,,,,,,
2026-07-02T04:02:08.873359+00:00,2026-07-02T04:02:08.873297,2,1,101.45,0.5,101.2,100,101.0,150,,,,,,,,,,,,,,,,,101.7,100,,,,,,,,,,,,,,,,,,
2026-07-02T04:02:08.878552+00:00,2026-07-02T04:02:08.878468,1,1,101.45,0.5,101.2,100,,,,,,,,,,,,,,,,,,,101.7,100,,,,,,,,,,,,,,,,,,
2026-07-02T04:02:08.931719+00:00,2026-07-02T04:02:08.931823,2,1,101.55,0.3,101.4,150,101.2,100,,,,,,,,,,,,,,,,,101.7,100,,,,,,,,,,,,,,,,,,
2026-07-02T04:02:08.984637+00:00,2026-07-02T04:02:08.984585,2,2,101.55,0.3,101.4,150,101.2,100,,,,,,,,,,,,,,,,,101.7,100,101.9,150,,,,,,,,,,,,,,,,
2026-07-02T04:02:09.095673+00:00,2026-07-02T04:02:09.095596,2,2,101.55,0.3,101.4,150,101.2,100,,,,,,,,,,,,,,,,,101.7,50,101.9,150,,,,,,,,,,,,,,,,
2026-07-02T04:02:09.889570+00:00,2026-07-02T04:02:09.889436,1,1,101.65,0.5,101.4,150,,,,,,,,,,,,,,,,,,,101.9,150,,,,,,,,,,,,,,,,,,
2026-07-02T04:02:09.944310+00:00,2026-07-02T04:02:09.944229,2,1,101.7,0.4,101.5,100,101.4,150,,,,,,,,,,,,,,,,,101.9,150,,,,,,,,,,,,,,,,,,
2026-07-02T04:02:09.996594+00:00,2026-07-02T04:02:09.996735,2,2,101.7,0.4,101.5,100,101.4,150,,,,,,,,,,,,,,,,,101.9,150,102.0,100,,,,,,,,,,,,,,,,
2026-07-02T04:02:10.253308+00:00,2026-07-02T04:02:10.249677,2,2,101.7,0.4,101.5,92,101.4,150,,,,,,,,,,,,,,,,,101.9,150,102.0,100,,,,,,,,,,,,,,,,
2026-07-02T04:02:11.205576+00:00,2026-07-02T04:02:11.205472,2,2,101.7,0.4,101.5,92,101.4,150,,,,,,,,,,,,,,,,,101.9,100,102.0,100,,,,,,,,,,,,,,,,
2026-07-02T04:02:12.038093+00:00,2026-07-02T04:02:12.038231,1,1,101.75,0.5,101.5,92,,,,,,,,,,,,,,,,,,,102.0,100,,,,,,,,,,,,,,,,,,
2026-07-02T04:02:12.103376+00:00,2026-07-02T04:02:12.098206,2,1,101.8,0.4,101.6,139,101.5,92,,,,,,,,,,,,,,,,,102.0,100,,,,,,,,,,,,,,,,,,
2026-07-02T04:02:12.140963+00:00,2026-07-02T04:02:12.141097,2,2,101.8,0.4,101.6,139,101.5,92,,,,,,,,,,,,,,,,,102.0,100,102.1,150,,,,,,,,,,,,,,,,
2026-07-02T04:02:12.271718+00:00,2026-07-02T04:02:12.271587,2,2,101.8,0.4,101.6,95,101.5,92,,,,,,,,,,,,,,,,,102.0,100,102.1,150,,,,,,,,,,,,,,,,
2026-07-02T04:02:13.058764+00:00,2026-07-02T04:02:13.058632,2,1,101.85,0.5,101.6,95,101.5,92,,,,,,,,,,,,,,,,,102.1,150,,,,,,,,,,,,,,,,,,
2026-07-02T04:02:13.063864+00:00,2026-07-02T04:02:13.063790,1,1,101.85,0.5,101.6,95,,,,,,,,,,,,,,,,,,,102.1,150,,,,,,,,,,,,,,,,,,
2026-07-02T04:02:13.103101+00:00,2026-07-02T04:02:13.102972,2,1,101.85,0.5,101.6,95,101.4,100,,,,,,,,,,,,,,,,,102.1,150,,,,,,,,,,,,,,,,,,
2026-07-02T04:02:13.159148+00:00,2026-07-02T04:02:13.158994,2,2,101.75,0.3,101.6,95,101.4,100,,,,,,,,,,,,,,,,,101.9,100,102.1,150,,,,,,,,,,,,,,,,
2026-07-02T04:02:13.310364+00:00,2026-07-02T04:02:13.310324,2,2,101.75,0.3,101.6,95,101.4,100,,,,,,,,,,,,,,,,,101.9,50,102.1,150,,,,,,,,,,,,,,,,
2026-07-02T04:02:13.506901+00:00,2026-07-02T04:02:13.506748,2,3,101.65,0.1,101.6,95,101.4,100,,,,,,,,,,,,,,,,,101.7,4,101.9,50,102.1,150,,,,,,,,,,,,,,
2026-07-02T04:02:15.199938+00:00,2026-07-02T04:02:15.199858,1,2,101.55,0.3,101.4,100,,,,,,,,,,,,,,,,,,,101.7,4,101.9,50,,,,,,,,,,,,,,,,
2026-07-02T04:02:15.255204+00:00,2026-07-02T04:02:15.255365,2,2,101.6,0.2,101.5,150,101.4,100,,,,,,,,,,,,,,,,,101.7,4,101.9,50,,,,,,,,,,,,,,,,
2026-07-02T04:02:15.312265+00:00,2026-07-02T04:02:15.312090,2,3,101.6,0.2,101.5,150,101.4,100,,,,,,,,,,,,,,,,,101.7,4,101.9,50,102.0,150,,,,,,,,,,,,,,
2026-07-02T04:02:15.417895+00:00,2026-07-02T04:02:15.417844,2,2,101.7,0.4,101.5,150,101.4,100,,,,,,,,,,,,,,,,,101.9,50,102.0,150,,,,,,,,,,,,,,,,
2026-07-02T04:02:16.215122+00:00,2026-07-02T04:02:16.215026,1,1,101.75,0.5,101.5,150,,,,,,,,,,,,,,,,,,,102.0,150,,,,,,,,,,,,,,,,,,
2026-07-02T04:02:16.269845+00:00,2026-07-02T04:02:16.269782,2,1,101.8,0.4,101.6,100,101.5,150,,,,,,,,,,,,,,,,,102.0,150,,,,,,,,,,,,,,,,,,
2026-07-02T04:02:16.319449+00:00,2026-07-02T04:02:16.319347,2,2,101.8,0.4,101.6,100,101.5,150,,,,,,,,,,,,,,,,,102.0,150,102.1,100,,,,,,,,,,,,,,,,
2026-07-02T04:02:18.358589+00:00,2026-07-02T04:02:18.358426,1,1,101.85,0.5,101.6,100,,,,,,,,,,,,,,,,,,,102.1,100,,,,,,,,,,,,,,,,,,
2026-07-02T04:02:18.419470+00:00,2026-07-02T04:02:18.419370,2,1,101.85,0.5,101.6,100,101.4,150,,,,,,,,,,,,,,,,,102.1,100,,,,,,,,,,,,,,,,,,
2026-07-02T04:02:18.470684+00:00,2026-07-02T04:02:18.470618,2,2,101.75,0.3,101.6,100,101.4,150,,,,,,,,,,,,,,,,,101.9,150,102.1,100,,,,,,,,,,,,,,,,
2026-07-02T04:02:18.743422+00:00,2026-07-02T04:02:18.743337,3,3,101.7,0.2,101.6,100,101.5,3,101.4,150,,,,,,,,,,,,,,,101.8,3,101.9,150,102.1,100,,,,,,,,,,,,,,
2026-07-02T04:02:18.772614+00:00,2026-07-02T04:02:18.767391,3,3,101.7,0.2,101.6,97,101.5,3,101.4,150,,,,,,,,,,,,,,,101.8,3,101.9,150,102.1,100,,,,,,,,,,,,,,
2026-07-02T04:02:19.370688+00:00,2026-07-02T04:02:19.370590,3,2,101.7,0.2,101.6,97,101.5,3,101.4,150,,,,,,,,,,,,,,,101.8,3,101.9,150,,,,,,,,,,,,,,,,
2026-07-02T04:02:19.375680+00:00,2026-07-02T04:02:19.375775,2,2,101.65,0.3,101.5,3,101.4,150,,,,,,,,,,,,,,,,,101.8,3,101.9,150,,,,,,,,,,,,,,,,
2026-07-02T04:02:19.428144+00:00,2026-07-02T04:02:19.428005,2,2,101.65,0.3,101.5,3,101.4,250,,,,,,,,,,,,,,,,,101.8,3,101.9,150,,,,,,,,,,,,,,,,
2026-07-02T04:02:19.477700+00:00,2026-07-02T04:02:19.477570,2,2,101.65,0.3,101.5,3,101.4,250,,,,,,,,,,,,,,,,,101.8,3,101.9,250,,,,,,,,,,,,,,,,
2026-07-02T04:02:19.628378+00:00,2026-07-02T04:02:19.628355,2,1,101.7,0.4,101.5,3,101.4,250,,,,,,,,,,,,,,,,,101.9,203,,,,,,,,,,,,,,,,,,
2026-07-02T04:02:19.658538+00:00,2026-07-02T04:02:19.653194,2,2,101.65,0.3,101.5,2,101.4,250,,,,,,,,,,,,,,,,,101.8,3,101.9,203,,,,,,,,,,,,,,,,
2026-07-02T04:02:20.558540+00:00,2026-07-02T04:02:20.557148,2,1,101.7,0.4,101.5,2,101.4,250,,,,,,,,,,,,,,,,,101.9,161,,,,,,,,,,,,,,,,,,
2026-07-02T04:02:21.527638+00:00,2026-07-02T04:02:21.527745,2,1,101.7,0.4,101.5,2,101.4,100,,,,,,,,,,,,,,,,,101.9,100,,,,,,,,,,,,,,,,,,
2026-07-02T04:02:21.581256+00:00,2026-07-02T04:02:21.581162,3,1,101.85,0.1,101.8,150,101.5,2,101.4,100,,,,,,,,,,,,,,,101.9,100,,,,,,,,,,,,,,,,,,
2026-07-02T04:02:21.634163+00:00,2026-07-02T04:02:21.634038,3,2,101.85,0.1,101.8,150,101.5,2,101.4,100,,,,,,,,,,,,,,,101.9,100,102.3,150,,,,,,,,,,,,,,,,
2026-07-02T04:02:21.735701+00:00,2026-07-02T04:02:21.735568,3,2,101.85,0.1,101.8,150,101.5,2,101.4,100,,,,,,,,,,,,,,,101.9,50,102.3,150,,,,,,,,,,,,,,,,
2026-07-02T04:02:22.272272+00:00,2026-07-02T04:02:22.272207,3,2,101.85,0.1,101.8,150,101.5,2,101.4,100,,,,,,,,,,,,,,,101.9,7,102.3,150,,,,,,,,,,,,,,,,
2026-07-02T04:02:22.534964+00:00,2026-07-02T04:02:22.535132,2,1,102.05,0.5,101.8,150,101.5,2,,,,,,,,,,,,,,,,,102.3,150,,,,,,,,,,,,,,,,,,
2026-07-02T04:02:22.590248+00:00,2026-07-02T04:02:22.590161,2,1,102.05,0.5,101.8,250,101.5,2,,,,,,,,,,,,,,,,,102.3,150,,,,,,,,,,,,,,,,,,
2026-07-02T04:02:22.642893+00:00,2026-07-02T04:02:22.642775,2,1,102.05,0.5,101.8,250,101.5,2,,,,,,,,,,,,,,,,,102.3,250,,,,,,,,,,,,,,,,,,
2026-07-02T04:02:23.896403+00:00,2026-07-02T04:02:23.896268,2,1,102.05,0.5,101.8,200,101.5,2,,,,,,,,,,,,,,,,,102.3,250,,,,,,,,,,,,,,,,,,
2026-07-02T04:02:24.687415+00:00,2026-07-02T04:02:24.687342,2,1,102.05,0.5,101.8,100,101.5,2,,,,,,,,,,,,,,,,,102.3,100,,,,,,,,,,,,,,,,,,
2026-07-02T04:02:24.741288+00:00,2026-07-02T04:02:24.741235,3,1,102.05,0.5,101.8,100,101.6,150,101.5,2,,,,,,,,,,,,,,,102.3,100,,,,,,,,,,,,,,,,,,
2026-07-02T04:02:24.794038+00:00,2026-07-02T04:02:24.793911,3,2,101.95,0.3,101.8,100,101.6,150,101.5,2,,,,,,,,,,,,,,,102.1,150,102.3,100,,,,,,,,,,,,,,,,
2026-07-02T04:02:24.887474+00:00,2026-07-02T04:02:24.887593,3,2,101.95,0.3,101.8,55,101.6,150,101.5,2,,,,,,,,,,,,,,,102.1,150,102.3,100,,,,,,,,,,,,,,,,
2026-07-02T04:02:25.696564+00:00,2026-07-02T04:02:25.696524,2,1,101.85,0.5,101.6,150,101.5,2,,,,,,,,,,,,,,,,,102.1,150,,,,,,,,,,,,,,,,,,
2026-07-02T04:02:25.751152+00:00,2026-07-02T04:02:25.751043,3,1,102.0,0.2,101.9,100,101.6,150,101.5,2,,,,,,,,,,,,,,,102.1,150,,,,,,,,,,,,,,,,,,
2026-07-02T04:02:25.804044+00:00,2026-07-02T04:02:25.804154,3,2,102.0,0.2,101.9,100,101.6,150,101.5,2,,,,,,,,,,,,,,,102.1,150,102.4,100,,,,,,,,,,,,,,,,
2026-07-02T04:02:25.918108+00:00,2026-07-02T04:02:25.917993,3,2,102.0,0.2,101.9,100,101.6,150,101.5,2,,,,,,,,,,,,,,,102.1,110,102.4,100,,,,,,,,,,,,,,,,
2026-07-02T04:02:26.023174+00:00,2026-07-02T04:02:26.022804,3,2,102.0,0.2,101.9,50,101.6,150,101.5,2,,,,,,,,,,,,,,,102.1,110,102.4,100,,,,,,,,,,,,,,,,
2026-07-02T04:02:26.921124+00:00,2026-07-02T04:02:26.920914,3,2,102.0,0.2,101.9,48,101.6,150,101.5,2,,,,,,,,,,,,,,,102.1,110,102.4,100,,,,,,,,,,,,,,,,
2026-07-02T04:02:27.595261+00:00,2026-07-02T04:02:27.595108,3,2,102.0,0.2,101.9,47,101.6,150,101.5,2,,,,,,,,,,,,,,,102.1,110,102.4,100,,,,,,,,,,,,,,,,
2026-07-02T04:02:27.671240+00:00,2026-07-02T04:02:27.671179,3,2,102.0,0.2,101.9,45,101.6,150,101.5,2,,,,,,,,,,,,,,,102.1,110,102.4,100,,,,,,,,,,,,,,,,
2026-07-02T04:02:27.845074+00:00,2026-07-02T04:02:27.845017,2,1,102.15,0.5,101.9,45,101.5,2,,,,,,,,,,,,,,,,,102.4,100,,,,,,,,,,,,,,,,,,
2026-07-02T04:02:27.858602+00:00,2026-07-02T04:02:27.857452,1,1,102.15,0.5,101.9,45,,,,,,,,,,,,,,,,,,,102.4,100,,,,,,,,,,,,,,,,,,
2026-07-02T04:02:27.901146+00:00,2026-07-02T04:02:27.901036,2,1,102.2,0.4,102.0,150,101.9,45,,,,,,,,,,,,,,,,,102.4,100,,,,,,,,,,,,,,,,,,
2026-07-02T04:02:27.952656+00:00,2026-07-02T04:02:27.952575,2,2,102.2,0.4,102.0,150,101.9,45,,,,,,,,,,,,,,,,,102.4,100,102.5,150,,,,,,,,,,,,,,,,
2026-07-02T04:02:28.122036+00:00,2026-07-02T04:02:28.121969,2,2,102.2,0.4,102.0,100,101.9,45,,,,,,,,,,,,,,,,,102.4,100,102.5,150,,,,,,,,,,,,,,,,
2026-07-02T04:02:28.780247+00:00,2026-07-02T04:02:28.780067,2,2,102.2,0.4,102.0,60,101.9,45,,,,,,,,,,,,,,,,,102.4,100,102.5,150,,,,,,,,,,,,,,,,
2026-07-02T04:02:28.858595+00:00,2026-07-02T04:02:28.857710,1,1,102.25,0.5,102.0,60,,,,,,,,,,,,,,,,,,,102.5,150,,,,,,,,,,,,,,,,,,
2026-07-02T04:02:28.907765+00:00,2026-07-02T04:02:28.907654,2,1,102.25,0.5,102.0,60,101.7,100,,,,,,,,,,,,,,,,,102.5,150,,,,,,,,,,,,,,,,,,
2026-07-02T04:02:28.958592+00:00,2026-07-02T04:02:28.957608,2,2,102.1,0.2,102.0,60,101.7,100,,,,,,,,,,,,,,,,,102.2,100,102.5,150,,,,,,,,,,,,,,,,
2026-07-02T04:02:29.632631+00:00,2026-07-02T04:02:29.632504,2,2,102.1,0.2,102.0,60,101.7,104,,,,,,,,,,,,,,,,,102.2,100,102.5,150,,,,,,,,,,,,,,,,
2026-07-02T04:02:30.235892+00:00,2026-07-02T04:02:30.235745,2,2,102.1,0.2,102.0,10,101.7,104,,,,,,,,,,,,,,,,,102.2,100,102.5,150,,,,,,,,,,,,,,,,
2026-07-02T04:02:31.005253+00:00,2026-07-02T04:02:31.005224,1,1,101.95,0.5,101.7,104,,,,,,,,,,,,,,,,,,,102.2,100,,,,,,,,,,,,,,,,,,
2026-07-02T04:02:31.058683+00:00,2026-07-02T04:02:31.049904,2,1,101.95,0.5,101.7,104,101.3,150,,,,,,,,,,,,,,,,,102.2,100,,,,,,,,,,,,,,,,,,
2026-07-02T04:02:31.111004+00:00,2026-07-02T04:02:31.111099,2,2,101.75,0.1,101.7,104,101.3,150,,,,,,,,,,,,,,,,,101.8,150,102.2,100,,,,,,,,,,,,,,,,
2026-07-02T04:02:31.308527+00:00,2026-07-02T04:02:31.308445,2,2,101.75,0.1,101.7,104,101.3,150,,,,,,,,,,,,,,,,,101.8,101,102.2,100,,,,,,,,,,,,,,,,
2026-07-02T04:02:31.769647+00:00,2026-07-02T04:02:31.769577,2,2,101.75,0.1,101.7,103,101.3,150,,,,,,,,,,,,,,,,,101.8,101,102.2,100,,,,,,,,,,,,,,,,
2026-07-02T04:02:31.786467+00:00,2026-07-02T04:02:31.786355,2,2,101.75,0.1,101.7,62,101.3,150,,,,,,,,,,,,,,,,,101.8,101,102.2,100,,,,,,,,,,,,,,,,
2026-07-02T04:02:32.013635+00:00,2026-07-02T04:02:32.013549,2,1,101.75,0.1,101.7,3,101.3,150,,,,,,,,,,,,,,,,,101.8,101,,,,,,,,,,,,,,,,,,
2026-07-02T04:02:32.069559+00:00,2026-07-02T04:02:32.069379,3,1,101.75,0.1,101.7,3,101.6,100,101.3,150,,,,,,,,,,,,,,,101.8,101,,,,,,,,,,,,,,,,,,
2026-07-02T04:02:32.126882+00:00,2026-07-02T04:02:32.126860,3,2,101.75,0.1,101.7,3,101.6,100,101.3,150,,,,,,,,,,,,,,,101.8,101,102.1,100,,,,,,,,,,,,,,,,
2026-07-02T04:02:32.300510+00:00,2026-07-02T04:02:32.300428,3,2,101.75,0.1,101.7,3,101.6,100,101.3,150,,,,,,,,,,,,,,,101.8,52,102.1,100,,,,,,,,,,,,,,,,
2026-07-02T04:02:33.222401+00:00,2026-07-02T04:02:33.222349,3,3,101.75,0.1,101.7,3,101.6,100,101.3,150,,,,,,,,,,,,,,,101.8,52,102.0,2,102.1,100,,,,,,,,,,,,,,
2026-07-02T04:02:34.165702+00:00,2026-07-02T04:02:34.165581,2,2,101.85,0.3,101.7,3,101.6,100,,,,,,,,,,,,,,,,,102.0,2,102.1,100,,,,,,,,,,,,,,,,
2026-07-02T04:02:34.218826+00:00,2026-07-02T04:02:34.218669,2,2,101.85,0.3,101.7,153,101.6,100,,,,,,,,,,,,,,,,,102.0,2,102.1,100,,,,,,,,,,,,,,,,
2026-07-02T04:02:34.270488+00:00,2026-07-02T04:02:34.270366,2,3,101.85,0.3,101.7,153,101.6,100,,,,,,,,,,,,,,,,,102.0,2,102.1,100,102.2,150,,,,,,,,,,,,,,
2026-07-02T04:02:34.440441+00:00,2026-07-02T04:02:34.440366,2,3,101.85,0.3,101.7,103,101.6,100,,,,,,,,,,,,,,,,,102.0,2,102.1,100,102.2,150,,,,,,,,,,,,,,
2026-07-02T04:02:34.489827+00:00,2026-07-02T04:02:34.489947,2,3,101.85,0.3,101.7,106,101.6,100,,,,,,,,,,,,,,,,,102.0,2,102.1,100,102.2,150,,,,,,,,,,,,,,
2026-07-02T04:02:35.181509+00:00,2026-07-02T04:02:35.181464,1,2,101.85,0.3,101.7,106,,,,,,,,,,,,,,,,,,,102.0,2,102.2,150,,,,,,,,,,,,,,,,
2026-07-02T04:02:35.236053+00:00,2026-07-02T04:02:35.235940,2,2,101.85,0.3,101.7,106,101.6,100,,,,,,,,,,,,,,,,,102.0,2,102.2,150,,,,,,,,,,,,,,,,
2026-07-02T04:02:35.285194+00:00,2026-07-02T04:02:35.285097,2,3,101.85,0.3,101.7,106,101.6,100,,,,,,,,,,,,,,,,,102.0,2,102.1,100,102.2,150,,,,,,,,,,,,,,
2026-07-02T04:02:35.846588+00:00,2026-07-02T04:02:35.846465,2,3,101.85,0.3,101.7,62,101.6,100,,,,,,,,,,,,,,,,,102.0,2,102.1,100,102.2,150,,,,,,,,,,,,,,
2026-07-02T04:02:36.548939+00:00,2026-07-02T04:02:36.548801,2,3,101.85,0.3,101.7,12,101.6,100,,,,,,,,,,,,,,,,,102.0,2,102.1,100,102.2,150,,,,,,,,,,,,,,
2026-07-02T04:02:37.320640+00:00,2026-07-02T04:02:37.320545,2,2,101.85,0.3,101.7,3,101.6,100,,,,,,,,,,,,,,,,,102.0,2,102.1,100,,,,,,,,,,,,,,,,
2026-07-02T04:02:37.375960+00:00,2026-07-02T04:02:37.375859,3,2,101.85,0.3,101.7,3,101.6,100,101.2,150,,,,,,,,,,,,,,,102.0,2,102.1,100,,,,,,,,,,,,,,,,
2026-07-02T04:02:37.443314+00:00,2026-07-02T04:02:37.437891,2,3,101.65,0.1,101.6,100,101.2,150,,,,,,,,,,,,,,,,,101.7,144,102.0,2,102.1,100,,,,,,,,,,,,,,
2026-07-02T04:02:37.458885+00:00,2026-07-02T04:02:37.458828,2,3,101.65,0.1,101.6,100,101.2,150,,,,,,,,,,,,,,,,,101.7,141,102.0,2,102.1,100,,,,,,,,,,,,,,
2026-07-02T04:02:37.514998+00:00,2026-07-02T04:02:37.514893,2,3,101.65,0.1,101.6,100,101.2,150,,,,,,,,,,,,,,,,,101.7,139,102.0,2,102.1,100,,,,,,,,,,,,,,
2026-07-02T04:02:37.534329+00:00,2026-07-02T04:02:37.534539,2,3,101.65,0.1,101.6,100,101.2,150,,,,,,,,,,,,,,,,,101.7,93,102.0,2,102.1,100,,,,,,,,,,,,,,
2026-07-02T04:02:37.573400+00:00,2026-07-02T04:02:37.573254,2,3,101.65,0.1,101.6,100,101.2,150,,,,,,,,,,,,,,,,,101.7,90,102.0,2,102.1,100,,,,,,,,,,,,,,
2026-07-02T04:02:37.678492+00:00,2026-07-02T04:02:37.678362,2,3,101.65,0.1,101.6,100,101.2,150,,,,,,,,,,,,,,,,,101.7,88,102.0,2,102.1,100,,,,,,,,,,,,,,
2026-07-02T04:02:38.242140+00:00,2026-07-02T04:02:38.242026,2,3,101.65,0.1,101.6,58,101.2,150,,,,,,,,,,,,,,,,,101.7,88,102.0,2,102.1,100,,,,,,,,,,,,,,
2026-07-02T04:02:38.343356+00:00,2026-07-02T04:02:38.343521,1,2,101.45,0.5,101.2,150,,,,,,,,,,,,,,,,,,,101.7,88,102.0,2,,,,,,,,,,,,,,,,
2026-07-02T04:02:38.399587+00:00,2026-07-02T04:02:38.399490,2,2,101.55,0.3,101.4,100,101.2,150,,,,,,,,,,,,,,,,,101.7,88,102.0,2,,,,,,,,,,,,,,,,
2026-07-02T04:02:38.451555+00:00,2026-07-02T04:02:38.451456,2,3,101.55,0.3,101.4,100,101.2,150,,,,,,,,,,,,,,,,,101.7,88,101.9,100,102.0,2,,,,,,,,,,,,,,
2026-07-02T04:02:38.527385+00:00,2026-07-02T04:02:38.527314,2,3,101.55,0.3,101.4,100,101.2,150,,,,,,,,,,,,,,,,,101.7,88,101.9,100,102.0,1,,,,,,,,,,,,,,
2026-07-02T04:02:38.618384+00:00,2026-07-02T04:02:38.618305,3,3,101.65,0.1,101.6,5,101.4,100,101.2,150,,,,,,,,,,,,,,,101.7,88,101.9,100,102.0,1,,,,,,,,,,,,,,
2026-07-02T04:02:38.658583+00:00,2026-07-02T04:02:38.656771,2,3,101.55,0.3,101.4,55,101.2,150,,,,,,,,,,,,,,,,,101.7,88,101.9,100,102.0,1,,,,,,,,,,,,,,
2026-07-02T04:02:38.735490+00:00,2026-07-02T04:02:38.735343,2,2,101.55,0.3,101.4,55,101.2,150,,,,,,,,,,,,,,,,,101.7,88,101.9,100,,,,,,,,,,,,,,,,
2026-07-02T04:02:38.797614+00:00,2026-07-02T04:02:38.797400,2,2,101.55,0.3,101.4,55,101.2,150,,,,,,,,,,,,,,,,,101.7,43,101.9,100,,,,,,,,,,,,,,,,
2026-07-02T04:02:39.360219+00:00,2026-07-02T04:02:39.354528,2,2,101.55,0.3,101.4,55,101.2,150,,,,,,,,,,,,,,,,,101.7,32,101.9,100,,,,,,,,,,,,,,,,
2026-07-02T04:02:39.612411+00:00,2026-07-02T04:02:39.612562,3,2,101.65,0.1,101.6,5,101.4,55,101.2,150,,,,,,,,,,,,,,,101.7,32,101.9,100,,,,,,,,,,,,,,,,
2026-07-02T04:02:40.490466+00:00,2026-07-02T04:02:40.490394,2,1,101.75,0.3,101.6,5,101.4,55,,,,,,,,,,,,,,,,,101.9,100,,,,,,,,,,,,,,,,,,
2026-07-02T04:02:40.542949+00:00,2026-07-02T04:02:40.542829,2,1,101.75,0.3,101.6,155,101.4,55,,,,,,,,,,,,,,,,,101.9,100,,,,,,,,,,,,,,,,,,
2026-07-02T04:02:40.597013+00:00,2026-07-02T04:02:40.596878,2,2,101.75,0.3,101.6,155,101.4,55,,,,,,,,,,,,,,,,,101.9,100,102.1,150,,,,,,,,,,,,,,,,
2026-07-02T04:02:40.769778+00:00,2026-07-02T04:02:40.769870,2,2,101.75,0.3,101.6,105,101.4,55,,,,,,,,,,,,,,,,,101.9,100,102.1,150,,,,,,,,,,,,,,,,
2026-07-02T04:02:40.852214+00:00,2026-07-02T04:02:40.852078,2,2,101.75,0.3,101.6,56,101.4,55,,,,,,,,,,,,,,,,,101.9,100,102.1,150,,,,,,,,,,,,,,,,
2026-07-02T04:02:40.931311+00:00,2026-07-02T04:02:40.931262,2,2,101.75,0.3,101.6,61,101.4,55,,,,,,,,,,,,,,,,,101.9,101,102.1,150,,,,,,,,,,,,,,,,
2026-07-02T04:02:41.381868+00:00,2026-07-02T04:02:41.381993,2,2,101.75,0.3,101.6,12,101.4,55,,,,,,,,,,,,,,,,,101.9,101,102.1,150,,,,,,,,,,,,,,,,
2026-07-02T04:02:41.509038+00:00,2026-07-02T04:02:41.509195,1,2,101.75,0.3,101.6,12,,,,,,,,,,,,,,,,,,,101.9,1,102.1,150,,,,,,,,,,,,,,,,
2026-07-02T04:02:41.564930+00:00,2026-07-02T04:02:41.564794,2,2,101.75,0.3,101.6,12,101.3,100,,,,,,,,,,,,,,,,,101.9,1,102.1,150,,,,,,,,,,,,,,,,
2026-07-02T04:02:41.608365+00:00,2026-07-02T04:02:41.608189,2,1,101.85,0.5,101.6,12,101.3,100,,,,,,,,,,,,,,,,,102.1,150,,,,,,,,,,,,,,,,,,
2026-07-02T04:02:41.613474+00:00,2026-07-02T04:02:41.613422,2,2,101.7,0.2,101.6,12,101.3,100,,,,,,,,,,,,,,,,,101.8,100,102.1,150,,,,,,,,,,,,,,,,
2026-07-02T04:02:41.958632+00:00,2026-07-02T04:02:41.956981,2,3,101.7,0.2,101.6,12,101.3,100,,,,,,,,,,,,,,,,,101.8,100,101.9,1,102.1,150,,,,,,,,,,,,,,
2026-07-02T04:02:42.036565+00:00,2026-07-02T04:02:42.036543,2,2,101.7,0.2,101.6,12,101.3,100,,,,,,,,,,,,,,,,,101.8,100,102.1,150,,,,,,,,,,,,,,,,
2026-07-02T04:02:42.883294+00:00,2026-07-02T04:02:42.883237,1,2,101.55,0.5,101.3,62,,,,,,,,,,,,,,,,,,,101.8,100,102.1,150,,,,,,,,,,,,,,,,
2026-07-02T04:02:43.023079+00:00,2026-07-02T04:02:43.023028,2,2,101.65,0.3,101.5,5,101.3,62,,,,,,,,,,,,,,,,,101.8,100,102.1,150,,,,,,,,,,,,,,,,
2026-07-02T04:02:43.653124+00:00,2026-07-02T04:02:43.653053,2,1,101.65,0.3,101.5,5,101.3,62,,,,,,,,,,,,,,,,,101.8,100,,,,,,,,,,,,,,,,,,
2026-07-02T04:02:43.707300+00:00,2026-07-02T04:02:43.707231,3,1,101.65,0.3,101.5,5,101.3,62,101.0,150,,,,,,,,,,,,,,,101.8,100,,,,,,,,,,,,,,,,,,
2026-07-02T04:02:43.758568+00:00,2026-07-02T04:02:43.755958,2,2,101.4,0.2,101.3,62,101.0,150,,,,,,,,,,,,,,,,,101.5,145,101.8,100,,,,,,,,,,,,,,,,
2026-07-02T04:02:44.000491+00:00,2026-07-02T04:02:43.995746,2,2,101.4,0.2,101.3,62,101.0,150,,,,,,,,,,,,,,,,,101.5,133,101.8,100,,,,,,,,,,,,,,,,
2026-07-02T04:02:44.072145+00:00,2026-07-02T04:02:44.072001,2,2,101.4,0.2,101.3,62,101.0,150,,,,,,,,,,,,,,,,,101.5,128,101.8,100,,,,,,,,,,,,,,,,
2026-07-02T04:02:44.102412+00:00,2026-07-02T04:02:44.102379,2,2,101.4,0.2,101.3,62,101.0,150,,,,,,,,,,,,,,,,,101.5,123,101.8,100,,,,,,,,,,,,,,,,
2026-07-02T04:02:44.670718+00:00,2026-07-02T04:02:44.670644,1,1,101.25,0.5,101.0,150,,,,,,,,,,,,,,,,,,,101.5,123,,,,,,,,,,,,,,,,,,
2026-07-02T04:02:44.721135+00:00,2026-07-02T04:02:44.721079,2,1,101.35,0.3,101.2,100,101.0,150,,,,,,,,,,,,,,,,,101.5,123,,,,,,,,,,,,,,,,,,
2026-07-02T04:02:44.731534+00:00,2026-07-02T04:02:44.731423,2,1,101.35,0.3,101.2,100,101.0,150,,,,,,,,,,,,,,,,,101.5,119,,,,,,,,,,,,,,,,,,
2026-07-02T04:02:44.779594+00:00,2026-07-02T04:02:44.779757,2,2,101.35,0.3,101.2,100,101.0,150,,,,,,,,,,,,,,,,,101.5,119,101.7,100,,,,,,,,,,,,,,,,
2026-07-02T04:02:44.871875+00:00,2026-07-02T04:02:44.871699,2,2,101.35,0.3,101.2,100,101.0,150,,,,,,,,,,,,,,,,,101.5,115,101.7,100,,,,,,,,,,,,,,,,
2026-07-02T04:02:44.937888+00:00,2026-07-02T04:02:44.937798,2,2,101.35,0.3,101.2,100,101.0,150,,,,,,,,,,,,,,,,,101.5,65,101.7,100,,,,,,,,,,,,,,,,
2026-07-02T04:02:44.986788+00:00,2026-07-02T04:02:44.986921,2,2,101.35,0.3,101.2,100,101.0,150,,,,,,,,,,,,,,,,,101.5,62,101.7,100,,,,,,,,,,,,,,,,
2026-07-02T04:02:45.112260+00:00,2026-07-02T04:02:45.112152,2,2,101.35,0.3,101.2,100,101.0,150,,,,,,,,,,,,,,,,,101.5,59,101.7,100,,,,,,,,,,,,,,,,
2026-07-02T04:02:45.708527+00:00,2026-07-02T04:02:45.708398,3,2,101.45,0.1,101.4,3,101.2,100,101.0,150,,,,,,,,,,,,,,,101.5,59,101.7,100,,,,,,,,,,,,,,,,
2026-07-02T04:02:46.816167+00:00,2026-07-02T04:02:46.816046,2,1,101.55,0.3,101.4,3,101.2,100,,,,,,,,,,,,,,,,,101.7,100,,,,,,,,,,,,,,,,,,
2026-07-02T04:02:46.871293+00:00,2026-07-02T04:02:46.871391,3,1,101.55,0.3,101.4,3,101.3,150,101.2,100,,,,,,,,,,,,,,,101.7,100,,,,,,,,,,,,,,,,,,
2026-07-02T04:02:46.923844+00:00,2026-07-02T04:02:46.924003,3,2,101.55,0.3,101.4,3,101.3,150,101.2,100,,,,,,,,,,,,,,,101.7,100,101.8,150,,,,,,,,,,,,,,,,
2026-07-02T04:02:47.042672+00:00,2026-07-02T04:02:47.042563,3,2,101.55,0.3,101.4,3,101.3,150,101.2,100,,,,,,,,,,,,,,,101.7,50,101.8,150,,,,,,,,,,,,,,,,
2026-07-02T04:02:47.458655+00:00,2026-07-02T04:02:47.453566,3,2,101.55,0.3,101.4,3,101.3,150,101.2,100,,,,,,,,,,,,,,,101.7,6,101.8,150,,,,,,,,,,,,,,,,
2026-07-02T04:02:47.843363+00:00,2026-07-02T04:02:47.843567,3,1,101.6,0.4,101.4,3,101.3,150,101.2,100,,,,,,,,,,,,,,,101.8,150,,,,,,,,,,,,,,,,,,
2026-07-02T04:02:47.848820+00:00,2026-07-02T04:02:47.848723,2,1,101.6,0.4,101.4,3,101.3,150,,,,,,,,,,,,,,,,,101.8,150,,,,,,,,,,,,,,,,,,
2026-07-02T04:02:47.898981+00:00,2026-07-02T04:02:47.899099,2,1,101.6,0.4,101.4,103,101.3,150,,,,,,,,,,,,,,,,,101.8,150,,,,,,,,,,,,,,,,,,
2026-07-02T04:02:47.958608+00:00,2026-07-02T04:02:47.947956,2,2,101.6,0.4,101.4,103,101.3,150,,,,,,,,,,,,,,,,,101.8,150,101.9,100,,,,,,,,,,,,,,,,
2026-07-02T04:02:48.445280+00:00,2026-07-02T04:02:48.445190,2,2,101.6,0.4,101.4,102,101.3,150,,,,,,,,,,,,,,,,,101.8,150,101.9,100,,,,,,,,,,,,,,,,
2026-07-02T04:02:48.939193+00:00,2026-07-02T04:02:48.939036,2,2,101.6,0.4,101.4,101,101.3,150,,,,,,,,,,,,,,,,,101.8,150,101.9,100,,,,,,,,,,,,,,,,
2026-07-02T04:02:49.150739+00:00,2026-07-02T04:02:49.150664,2,2,101.6,0.4,101.4,101,101.3,150,,,,,,,,,,,,,,,,,101.8,100,101.9,100,,,,,,,,,,,,,,,,
2026-07-02T04:02:49.694715+00:00,2026-07-02T04:02:49.694604,2,2,101.6,0.4,101.4,59,101.3,150,,,,,,,,,,,,,,,,,101.8,100,101.9,100,,,,,,,,,,,,,,,,
2026-07-02T04:02:49.975560+00:00,2026-07-02T04:02:49.975521,1,1,101.65,0.5,101.4,59,,,,,,,,,,,,,,,,,,,101.9,100,,,,,,,,,,,,,,,,,,
2026-07-02T04:02:50.032422+00:00,2026-07-02T04:02:50.032265,2,1,101.75,0.3,101.6,150,101.4,59,,,,,,,,,,,,,,,,,101.9,100,,,,,,,,,,,,,,,,,,
2026-07-02T04:02:50.084984+00:00,2026-07-02T04:02:50.084918,2,2,101.75,0.3,101.6,150,101.4,59,,,,,,,,,,,,,,,,,101.9,100,102.1,150,,,,,,,,,,,,,,,,
2026-07-02T04:02:51.005194+00:00,2026-07-02T04:02:51.005098,1,1,101.85,0.5,101.6,150,,,,,,,,,,,,,,,,,,,102.1,150,,,,,,,,,,,,,,,,,,
2026-07-02T04:02:51.058638+00:00,2026-07-02T04:02:51.054250,2,1,101.85,0.5,101.6,150,101.3,100,,,,,,,,,,,,,,,,,102.1,150,,,,,,,,,,,,,,,,,,
2026-07-02T04:02:51.112911+00:00,2026-07-02T04:02:51.112786,2,2,101.7,0.2,101.6,150,101.3,100,,,,,,,,,,,,,,,,,101.8,100,102.1,150,,,,,,,,,,,,,,,,
2026-07-02T04:02:51.259184+00:00,2026-07-02T04:02:51.259041,2,2,101.7,0.2,101.6,150,101.3,100,,,,,,,,,,,,,,,,,101.8,50,102.1,150,,,,,,,,,,,,,,,,
2026-07-02T04:02:51.868610+00:00,2026-07-02T04:02:51.862444,2,2,101.7,0.2,101.6,127,101.3,100,,,,,,,,,,,,,,,,,101.8,50,102.1,150,,,,,,,,,,,,,,,,
2026-07-02T04:02:53.138818+00:00,2026-07-02T04:02:53.138757,1,1,101.55,0.5,101.3,100,,,,,,,,,,,,,,,,,,,101.8,50,,,,,,,,,,,,,,,,,,
2026-07-02T04:02:53.193416+00:00,2026-07-02T04:02:53.193323,1,1,101.55,0.5,101.3,250,,,,,,,,,,,,,,,,,,,101.8,50,,,,,,,,,,,,,,,,,,
2026-07-02T04:02:53.246439+00:00,2026-07-02T04:02:53.246319,1,1,101.55,0.5,101.3,250,,,,,,,,,,,,,,,,,,,101.8,200,,,,,,,,,,,,,,,,,,
2026-07-02T04:02:53.379755+00:00,2026-07-02T04:02:53.379703,1,1,101.55,0.5,101.3,250,,,,,,,,,,,,,,,,,,,101.8,150,,,,,,,,,,,,,,,,,,
2026-07-02T04:02:54.163991+00:00,2026-07-02T04:02:54.163906,1,1,101.55,0.5,101.3,150,,,,,,,,,,,,,,,,,,,101.8,150,,,,,,,,,,,,,,,,,,
2026-07-02T04:02:54.219661+00:00,2026-07-02T04:02:54.219563,2,2,101.6,0.2,101.5,100,101.3,150,,,,,,,,,,,,,,,,,101.7,5,101.8,150,,,,,,,,,,,,,,,,
2026-07-02T04:02:54.272856+00:00,2026-07-02T04:02:54.272765,2,3,101.6,0.2,101.5,100,101.3,150,,,,,,,,,,,,,,,,,101.7,5,101.8,150,102.0,100,,,,,,,,,,,,,,
2026-07-02T04:02:55.536775+00:00,2026-07-02T04:02:55.536626,2,3,101.6,0.2,101.5,50,101.3,150,,,,,,,,,,,,,,,,,101.7,5,101.8,150,102.0,100,,,,,,,,,,,,,,
2026-07-02T04:02:56.301105+00:00,2026-07-02T04:02:56.301286,1,2,101.6,0.2,101.5,50,,,,,,,,,,,,,,,,,,,101.7,5,102.0,100,,,,,,,,,,,,,,,,
2026-07-02T04:02:56.358546+00:00,2026-07-02T04:02:56.357522,2,2,101.6,0.2,101.5,50,101.4,150,,,,,,,,,,,,,,,,,101.7,5,102.0,100,,,,,,,,,,,,,,,,
2026-07-02T04:02:56.410850+00:00,2026-07-02T04:02:56.410760,2,3,101.6,0.2,101.5,50,101.4,150,,,,,,,,,,,,,,,,,101.7,5,101.9,150,102.0,100,,,,,,,,,,,,,,
2026-07-02T04:02:57.328012+00:00,2026-07-02T04:02:57.327933,1,2,101.55,0.3,101.4,150,,,,,,,,,,,,,,,,,,,101.7,5,101.9,150,,,,,,,,,,,,,,,,
2026-07-02T04:02:57.380186+00:00,2026-07-02T04:02:57.380136,1,2,101.55,0.3,101.4,250,,,,,,,,,,,,,,,,,,,101.7,5,101.9,150,,,,,,,,,,,,,,,,
2026-07-02T04:02:57.432777+00:00,2026-07-02T04:02:57.432655,1,2,101.55,0.3,101.4,250,,,,,,,,,,,,,,,,,,,101.7,5,101.9,250,,,,,,,,,,,,,,,,
2026-07-02T04:02:57.646729+00:00,2026-07-02T04:02:57.646607,1,2,101.55,0.3,101.4,200,,,,,,,,,,,,,,,,,,,101.7,5,101.9,250,,,,,,,,,,,,,,,,
2026-07-02T04:02:57.772927+00:00,2026-07-02T04:02:57.772852,1,2,101.55,0.3,101.4,200,,,,,,,,,,,,,,,,,,,101.7,3,101.9,250,,,,,,,,,,,,,,,,
2026-07-02T04:02:59.265397+00:00,2026-07-02T04:02:59.265270,1,1,101.65,0.5,101.4,200,,,,,,,,,,,,,,,,,,,101.9,208,,,,,,,,,,,,,,,,,,
2026-07-02T04:02:59.458571+00:00,2026-07-02T04:02:59.458498,1,1,101.65,0.5,101.4,100,,,,,,,,,,,,,,,,,,,101.9,100,,,,,,,,,,,,,,,,,,
2026-07-02T04:02:59.516283+00:00,2026-07-02T04:02:59.516190,2,1,101.65,0.5,101.4,100,101.3,150,,,,,,,,,,,,,,,,,101.9,100,,,,,,,,,,,,,,,,,,
2026-07-02T04:02:59.569338+00:00,2026-07-02T04:02:59.569219,2,2,101.6,0.4,101.4,100,101.3,150,,,,,,,,,,,,,,,,,101.8,150,101.9,100,,,,,,,,,,,,,,,,
2026-07-02T04:02:59.858624+00:00,2026-07-02T04:02:59.858493,2,2,101.6,0.4,101.4,56,101.3,150,,,,,,,,,,,,,,,,,101.8,150,101.9,100,,,,,,,,,,,,,,,,
2026-07-02T04:03:00.443881+00:00,2026-07-02T04:03:00.443801,2,2,101.6,0.4,101.4,58,101.3,150,,,,,,,,,,,,,,,,,101.8,150,101.9,100,,,,,,,,,,,,,,,,
2026-07-02T04:03:00.502415+00:00,2026-07-02T04:03:00.502571,2,1,101.6,0.4,101.4,2,101.3,150,,,,,,,,,,,,,,,,,101.8,150,,,,,,,,,,,,,,,,,,
2026-07-02T04:03:00.558629+00:00,2026-07-02T04:03:00.555424,3,1,101.6,0.4,101.4,2,101.3,150,101.2,100,,,,,,,,,,,,,,,101.8,150,,,,,,,,,,,,,,,,,,
2026-07-02T04:03:00.615046+00:00,2026-07-02T04:03:00.614889,3,2,101.55,0.3,101.4,2,101.3,150,101.2,100,,,,,,,,,,,,,,,101.7,100,101.8,150,,,,,,,,,,,,,,,,
2026-07-02T04:03:00.834188+00:00,2026-07-02T04:03:00.834033,3,2,101.55,0.3,101.4,2,101.3,150,101.2,100,,,,,,,,,,,,,,,101.7,102,101.8,150,,,,,,,,,,,,,,,,
2026-07-02T04:03:00.858585+00:00,2026-07-02T04:03:00.857771,3,2,101.55,0.3,101.4,2,101.3,150,101.2,100,,,,,,,,,,,,,,,101.7,53,101.8,150,,,,,,,,,,,,,,,,
2026-07-02T04:03:01.998139+00:00,2026-07-02T04:03:01.998118,2,2,101.5,0.4,101.3,104,101.2,100,,,,,,,,,,,,,,,,,101.7,53,101.8,150,,,,,,,,,,,,,,,,
2026-07-02T04:03:02.622143+00:00,2026-07-02T04:03:02.621999,2,1,101.5,0.4,101.3,104,101.2,100,,,,,,,,,,,,,,,,,101.7,53,,,,,,,,,,,,,,,,,,
2026-07-02T04:03:02.627279+00:00,2026-07-02T04:03:02.627173,1,1,101.45,0.5,101.2,100,,,,,,,,,,,,,,,,,,,101.7,53,,,,,,,,,,,,,,,,,,
2026-07-02T04:03:02.679403+00:00,2026-07-02T04:03:02.679288,1,1,101.45,0.5,101.2,250,,,,,,,,,,,,,,,,,,,101.7,53,,,,,,,,,,,,,,,,,,
2026-07-02T04:03:02.727872+00:00,2026-07-02T04:03:02.727770,1,1,101.45,0.5,101.2,250,,,,,,,,,,,,,,,,,,,101.7,203,,,,,,,,,,,,,,,,,,
2026-07-02T04:03:03.669485+00:00,2026-07-02T04:03:03.669432,1,1,101.45,0.5,101.2,150,,,,,,,,,,,,,,,,,,,101.7,152,,,,,,,,,,,,,,,,,,
2026-07-02T04:03:03.723780+00:00,2026-07-02T04:03:03.723692,2,1,101.55,0.3,101.4,100,101.2,150,,,,,,,,,,,,,,,,,101.7,152,,,,,,,,,,,,,,,,,,
2026-07-02T04:03:03.777434+00:00,2026-07-02T04:03:03.777408,2,2,101.55,0.3,101.4,100,101.2,150,,,,,,,,,,,,,,,,,101.7,152,101.9,100,,,,,,,,,,,,,,,,
2026-07-02T04:03:03.966389+00:00,2026-07-02T04:03:03.966235,2,2,101.55,0.3,101.4,50,101.2,150,,,,,,,,,,,,,,,,,101.7,152,101.9,100,,,,,,,,,,,,,,,,
2026-07-02T04:03:05.781737+00:00,2026-07-02T04:03:05.781298,1,2,101.55,0.3,101.4,50,,,,,,,,,,,,,,,,,,,101.7,2,101.9,100,,,,,,,,,,,,,,,,
2026-07-02T04:03:05.835021+00:00,2026-07-02T04:03:05.834936,2,2,101.55,0.3,101.4,50,101.2,150,,,,,,,,,,,,,,,,,101.7,2,101.9,100,,,,,,,,,,,,,,,,
2026-07-02T04:03:05.890877+00:00,2026-07-02T04:03:05.890768,2,2,101.55,0.3,101.4,50,101.2,150,,,,,,,,,,,,,,,,,101.7,152,101.9,100,,,,,,,,,,,,,,,,
2026-07-02T04:03:06.013603+00:00,2026-07-02T04:03:06.013343,2,2,101.55,0.3,101.4,50,101.2,150,,,,,,,,,,,,,,,,,101.7,105,101.9,100,,,,,,,,,,,,,,,,
2026-07-02T04:03:06.074058+00:00,2026-07-02T04:03:06.074167,1,2,101.45,0.5,101.2,150,,,,,,,,,,,,,,,,,,,101.7,105,101.9,100,,,,,,,,,,,,,,,,
2026-07-02T04:03:06.834556+00:00,2026-07-02T04:03:06.834494,1,1,101.45,0.5,101.2,150,,,,,,,,,,,,,,,,,,,101.7,105,,,,,,,,,,,,,,,,,,
2026-07-02T04:03:06.886942+00:00,2026-07-02T04:03:06.886840,2,1,101.45,0.5,101.2,150,100.9,100,,,,,,,,,,,,,,,,,101.7,105,,,,,,,,,,,,,,,,,,
2026-07-02T04:03:06.940042+00:00,2026-07-02T04:03:06.940003,2,2,101.3,0.2,101.2,150,100.9,100,,,,,,,,,,,,,,,,,101.4,100,101.7,105,,,,,,,,,,,,,,,,
2026-07-02T04:03:08.180847+00:00,2026-07-02T04:03:08.180792,2,2,101.3,0.2,101.2,100,100.9,100,,,,,,,,,,,,,,,,,101.4,100,101.7,105,,,,,,,,,,,,,,,,
2026-07-02T04:03:08.692165+00:00,2026-07-02T04:03:08.692108,2,2,101.3,0.2,101.2,60,100.9,100,,,,,,,,,,,,,,,,,101.4,100,101.7,105,,,,,,,,,,,,,,,,
2026-07-02T04:03:08.947379+00:00,2026-07-02T04:03:08.947483,1,1,101.15,0.5,100.9,100,,,,,,,,,,,,,,,,,,,101.4,100,,,,,,,,,,,,,,,,,,
2026-07-02T04:03:08.998820+00:00,2026-07-02T04:03:08.998752,2,1,101.15,0.5,100.9,100,100.8,150,,,,,,,,,,,,,,,,,101.4,100,,,,,,,,,,,,,,,,,,
2026-07-02T04:03:09.075440+00:00,2026-07-02T04:03:09.062627,2,2,101.1,0.4,100.9,100,100.8,150,,,,,,,,,,,,,,,,,101.3,139,101.4,100,,,,,,,,,,,,,,,,
2026-07-02T04:03:09.994106+00:00,2026-07-02T04:03:09.993987,2,1,101.1,0.4,100.9,100,100.8,150,,,,,,,,,,,,,,,,,101.3,139,,,,,,,,,,,,,,,,,,
2026-07-02T04:03:09.999213+00:00,2026-07-02T04:03:09.999148,1,1,101.05,0.5,100.8,150,,,,,,,,,,,,,,,,,,,101.3,139,,,,,,,,,,,,,,,,,,
2026-07-02T04:03:10.058659+00:00,2026-07-02T04:03:10.051488,2,1,101.1,0.4,100.9,100,100.8,150,,,,,,,,,,,,,,,,,101.3,139,,,,,,,,,,,,,,,,,,
2026-07-02T04:03:10.102416+00:00,2026-07-02T04:03:10.102295,2,2,101.1,0.4,100.9,100,100.8,150,,,,,,,,,,,,,,,,,101.3,139,101.4,100,,,,,,,,,,,,,,,,
2026-07-02T04:03:10.224497+00:00,2026-07-02T04:03:10.218435,2,2,101.1,0.4,100.9,100,100.8,150,,,,,,,,,,,,,,,,,101.3,127,101.4,100,,,,,,,,,,,,,,,,
2026-07-02T04:03:10.240047+00:00,2026-07-02T04:03:10.239903,2,2,101.1,0.4,100.9,100,100.8,150,,,,,,,,,,,,,,,,,101.3,77,101.4,100,,,,,,,,,,,,,,,,
2026-07-02T04:03:12.108311+00:00,2026-07-02T04:03:12.108205,1,1,101.15,0.5,100.9,100,,,,,,,,,,,,,,,,,,,101.4,100,,,,,,,,,,,,,,,,,,
2026-07-02T04:03:12.158555+00:00,2026-07-02T04:03:12.157890,2,1,101.25,0.3,101.1,150,100.9,100,,,,,,,,,,,,,,,,,101.4,100,,,,,,,,,,,,,,,,,,
2026-07-02T04:03:12.215946+00:00,2026-07-02T04:03:12.215789,2,2,101.25,0.3,101.1,150,100.9,100,,,,,,,,,,,,,,,,,101.4,100,101.6,150,,,,,,,,,,,,,,,,
2026-07-02T04:03:12.342422+00:00,2026-07-02T04:03:12.342372,2,2,101.25,0.3,101.1,150,100.9,100,,,,,,,,,,,,,,,,,101.4,50,101.6,150,,,,,,,,,,,,,,,,
2026-07-02T04:03:12.620294+00:00,2026-07-02T04:03:12.620200,2,2,101.25,0.3,101.1,150,100.9,100,,,,,,,,,,,,,,,,,101.4,5,101.6,150,,,,,,,,,,,,,,,,
2026-07-02T04:03:13.155678+00:00,2026-07-02T04:03:13.155594,1,1,101.35,0.5,101.1,150,,,,,,,,,,,,,,,,,,,101.6,150,,,,,,,,,,,,,,,,,,
2026-07-02T04:03:13.213534+00:00,2026-07-02T04:03:13.213400,1,1,101.35,0.5,101.1,250,,,,,,,,,,,,,,,,,,,101.6,150,,,,,,,,,,,,,,,,,,
2026-07-02T04:03:13.258555+00:00,2026-07-02T04:03:13.258213,1,1,101.35,0.5,101.1,250,,,,,,,,,,,,,,,,,,,101.6,250,,,,,,,,,,,,,,,,,,
2026-07-02T04:03:14.454169+00:00,2026-07-02T04:03:14.454076,1,1,101.35,0.5,101.1,250,,,,,,,,,,,,,,,,,,,101.6,200,,,,,,,,,,,,,,,,,,
2026-07-02T04:03:15.266495+00:00,2026-07-02T04:03:15.266444,1,1,101.35,0.5,101.1,250,,,,,,,,,,,,,,,,,,,101.6,100,,,,,,,,,,,,,,,,,,
2026-07-02T04:03:15.271511+00:00,2026-07-02T04:03:15.271584,1,1,101.35,0.5,101.1,100,,,,,,,,,,,,,,,,,,,101.6,100,,,,,,,,,,,,,,,,,,
2026-07-02T04:03:15.320984+00:00,2026-07-02T04:03:15.320919,2,1,101.4,0.4,101.2,150,101.1,100,,,,,,,,,,,,,,,,,101.6,100,,,,,,,,,,,,,,,,,,
2026-07-02T04:03:15.373745+00:00,2026-07-02T04:03:15.373628,2,2,101.4,0.4,101.2,150,101.1,100,,,,,,,,,,,,,,,,,101.6,100,101.7,150,,,,,,,,,,,,,,,,
2026-07-02T04:03:16.210043+00:00,2026-07-02T04:03:16.209925,2,2,101.4,0.4,101.2,109,101.1,100,,,,,,,,,,,,,,,,,101.6,100,101.7,150,,,,,,,,,,,,,,,,
2026-07-02T04:03:16.324231+00:00,2026-07-02T04:03:16.324157,1,1,101.45,0.5,101.2,109,,,,,,,,,,,,,,,,,,,101.7,150,,,,,,,,,,,,,,,,,,
2026-07-02T04:03:16.374859+00:00,2026-07-02T04:03:16.375025,2,1,101.45,0.5,101.2,109,101.1,100,,,,,,,,,,,,,,,,,101.7,150,,,,,,,,,,,,,,,,,,
2026-07-02T04:03:16.427738+00:00,2026-07-02T04:03:16.427663,2,2,101.4,0.4,101.2,109,101.1,100,,,,,,,,,,,,,,,,,101.6,100,101.7,150,,,,,,,,,,,,,,,,
2026-07-02T04:03:16.893619+00:00,2026-07-02T04:03:16.885055,2,2,101.4,0.4,101.2,97,101.1,100,,,,,,,,,,,,,,,,,101.6,100,101.7,150,,,,,,,,,,,,,,,,
2026-07-02T04:03:17.204583+00:00,2026-07-02T04:03:17.204561,2,2,101.4,0.4,101.2,97,101.1,100,,,,,,,,,,,,,,,,,101.6,54,101.7,150,,,,,,,,,,,,,,,,
2026-07-02T04:03:18.269365+00:00,2026-07-02T04:03:18.269291,2,2,101.4,0.4,101.2,52,101.1,100,,,,,,,,,,,,,,,,,101.6,54,101.7,150,,,,,,,,,,,,,,,,
2026-07-02T04:03:18.432233+00:00,2026-07-02T04:03:18.432097,1,1,101.35,0.5,101.1,100,,,,,,,,,,,,,,,,,,,101.6,54,,,,,,,,,,,,,,,,,,
2026-07-02T04:03:18.483240+00:00,2026-07-02T04:03:18.483152,2,1,101.35,0.5,101.1,100,100.7,150,,,,,,,,,,,,,,,,,101.6,54,,,,,,,,,,,,,,,,,,
2026-07-02T04:03:18.537590+00:00,2026-07-02T04:03:18.537692,2,2,101.15,0.1,101.1,100,100.7,150,,,,,,,,,,,,,,,,,101.2,150,101.6,54,,,,,,,,,,,,,,,,
2026-07-02T04:03:18.720559+00:00,2026-07-02T04:03:18.720416,2,2,101.15,0.1,101.1,50,100.7,150,,,,,,,,,,,,,,,,,101.2,150,101.6,54,,,,,,,,,,,,,,,,
2026-07-02T04:03:18.784940+00:00,2026-07-02T04:03:18.784883,2,2,101.15,0.1,101.1,5,100.7,150,,,,,,,,,,,,,,,,,101.2,150,101.6,54,,,,,,,,,,,,,,,,
2026-07-02T04:03:19.483760+00:00,2026-07-02T04:03:19.483628,1,1,100.95,0.5,100.7,150,,,,,,,,,,,,,,,,,,,101.2,150,,,,,,,,,,,,,,,,,,
2026-07-02T04:03:19.538351+00:00,2026-07-02T04:03:19.538226,1,1,100.95,0.5,100.7,250,,,,,,,,,,,,,,,,,,,101.2,150,,,,,,,,,,,,,,,,,,
2026-07-02T04:03:19.591332+00:00,2026-07-02T04:03:19.591189,1,1,100.95,0.5,100.7,250,,,,,,,,,,,,,,,,,,,101.2,250,,,,,,,,,,,,,,,,,,
2026-07-02T04:03:19.741066+00:00,2026-07-02T04:03:19.740958,1,1,100.95,0.5,100.7,250,,,,,,,,,,,,,,,,,,,101.2,203,,,,,,,,,,,,,,,,,,
2026-07-02T04:03:20.200264+00:00,2026-07-02T04:03:20.200084,1,2,100.95,0.5,100.7,250,,,,,,,,,,,,,,,,,,,101.2,203,101.4,5,,,,,,,,,,,,,,,,
2026-07-02T04:03:20.837791+00:00,2026-07-02T04:03:20.837918,1,2,100.95,0.5,100.7,250,,,,,,,,,,,,,,,,,,,101.2,160,101.4,5,,,,,,,,,,,,,,,,
