recv_time,book_timestamp,n_bids,n_asks,mid,spread,bid_px_0,bid_vol_0,bid_px_1,bid_vol_1,bid_px_2,bid_vol_2,bid_px_3,bid_vol_3,bid_px_4,bid_vol_4,bid_px_5,bid_vol_5,bid_px_6,bid_vol_6,bid_px_7,bid_vol_7,bid_px_8,bid_vol_8,bid_px_9,bid_vol_9,ask_px_0,ask_vol_0,ask_px_1,ask_vol_1,ask_px_2,ask_vol_2,ask_px_3,ask_vol_3,ask_px_4,ask_vol_4,ask_px_5,ask_vol_5,ask_px_6,ask_vol_6,ask_px_7,ask_vol_7,ask_px_8,ask_vol_8,ask_px_9,ask_vol_9
2026-07-09T23:23:17.271399+00:00,2026-07-09T23:23:16.614038,3,2,113.4,0.2,113.3,37,113.1,12,113.0,150,,,,,,,,,,,,,,,113.5,24,113.8,140,,,,,,,,,,,,,,,,
2026-07-09T23:23:17.554968+00:00,2026-07-09T23:23:17.554855,3,2,113.4,0.2,113.3,32,113.1,12,113.0,150,,,,,,,,,,,,,,,113.5,24,113.8,140,,,,,,,,,,,,,,,,
2026-07-09T23:23:17.559942+00:00,2026-07-09T23:23:17.560101,3,2,113.4,0.2,113.3,37,113.1,12,113.0,150,,,,,,,,,,,,,,,113.5,19,113.8,140,,,,,,,,,,,,,,,,
2026-07-09T23:23:17.565416+00:00,2026-07-09T23:23:17.565306,3,2,113.4,0.2,113.3,37,113.1,12,113.0,150,,,,,,,,,,,,,,,113.5,24,113.8,140,,,,,,,,,,,,,,,,
2026-07-09T23:23:17.644324+00:00,2026-07-09T23:23:17.638542,3,2,113.4,0.2,113.3,37,113.1,12,113.0,150,,,,,,,,,,,,,,,113.5,21,113.8,140,,,,,,,,,,,,,,,,
2026-07-09T23:23:17.665742+00:00,2026-07-09T23:23:17.665899,3,1,113.55,0.5,113.3,37,113.1,12,113.0,150,,,,,,,,,,,,,,,113.8,140,,,,,,,,,,,,,,,,,,
2026-07-09T23:23:17.722900+00:00,2026-07-09T23:23:17.722798,2,1,113.45,0.7,113.1,9,113.0,150,,,,,,,,,,,,,,,,,113.8,140,,,,,,,,,,,,,,,,,,
2026-07-09T23:23:17.837897+00:00,2026-07-09T23:23:17.837788,1,1,113.4,0.8,113.0,150,,,,,,,,,,,,,,,,,,,113.8,140,,,,,,,,,,,,,,,,,,
2026-07-09T23:23:17.843062+00:00,2026-07-09T23:23:17.843029,2,2,113.4,0.6,113.1,12,113.0,150,,,,,,,,,,,,,,,,,113.7,12,113.8,140,,,,,,,,,,,,,,,,
2026-07-09T23:23:17.933087+00:00,2026-07-09T23:23:17.933023,1,2,113.4,0.6,113.1,12,,,,,,,,,,,,,,,,,,,113.7,12,113.8,140,,,,,,,,,,,,,,,,
2026-07-09T23:23:17.969683+00:00,2026-07-09T23:23:17.969573,1,1,113.45,0.7,113.1,12,,,,,,,,,,,,,,,,,,,113.8,102,,,,,,,,,,,,,,,,,,
2026-07-09T23:23:17.985460+00:00,2026-07-09T23:23:17.985370,2,1,113.65,0.3,113.5,150,113.1,12,,,,,,,,,,,,,,,,,113.8,102,,,,,,,,,,,,,,,,,,
2026-07-09T23:23:18.039507+00:00,2026-07-09T23:23:18.028546,2,2,113.65,0.3,113.5,150,113.1,12,,,,,,,,,,,,,,,,,113.8,102,114.0,150,,,,,,,,,,,,,,,,
2026-07-09T23:23:18.324497+00:00,2026-07-09T23:23:18.324404,2,2,113.65,0.3,113.5,150,113.1,12,,,,,,,,,,,,,,,,,113.8,40,114.0,150,,,,,,,,,,,,,,,,
2026-07-09T23:23:18.358603+00:00,2026-07-09T23:23:18.356656,2,2,113.65,0.3,113.5,150,113.3,12,,,,,,,,,,,,,,,,,113.8,40,114.0,150,,,,,,,,,,,,,,,,
2026-07-09T23:23:18.369111+00:00,2026-07-09T23:23:18.369238,2,3,113.6,0.2,113.5,150,113.3,12,,,,,,,,,,,,,,,,,113.7,12,113.8,40,114.0,150,,,,,,,,,,,,,,
2026-07-09T23:23:18.374321+00:00,2026-07-09T23:23:18.374407,3,3,113.6,0.2,113.5,150,113.3,12,113.0,100,,,,,,,,,,,,,,,113.7,12,113.8,40,114.0,150,,,,,,,,,,,,,,
2026-07-09T23:23:18.418377+00:00,2026-07-09T23:23:18.418346,3,2,113.6,0.2,113.5,150,113.3,12,113.0,100,,,,,,,,,,,,,,,113.7,12,114.0,190,,,,,,,,,,,,,,,,
2026-07-09T23:23:18.430052+00:00,2026-07-09T23:23:18.429924,3,2,113.6,0.2,113.5,50,113.3,12,113.0,100,,,,,,,,,,,,,,,113.7,12,114.0,190,,,,,,,,,,,,,,,,
2026-07-09T23:23:18.575811+00:00,2026-07-09T23:23:18.575725,3,2,113.6,0.2,113.5,55,113.3,12,113.0,100,,,,,,,,,,,,,,,113.7,12,114.0,190,,,,,,,,,,,,,,,,
2026-07-09T23:23:18.580991+00:00,2026-07-09T23:23:18.580898,3,2,113.6,0.2,113.5,55,113.3,12,113.0,100,,,,,,,,,,,,,,,113.7,17,114.0,190,,,,,,,,,,,,,,,,
2026-07-09T23:23:18.726580+00:00,2026-07-09T23:23:18.726427,3,2,113.6,0.2,113.5,55,113.3,12,113.0,100,,,,,,,,,,,,,,,113.7,17,114.0,150,,,,,,,,,,,,,,,,
2026-07-09T23:23:18.739559+00:00,2026-07-09T23:23:18.733221,3,3,113.6,0.2,113.5,55,113.3,12,113.0,100,,,,,,,,,,,,,,,113.7,17,113.8,40,114.0,150,,,,,,,,,,,,,,
2026-07-09T23:23:18.872558+00:00,2026-07-09T23:23:18.872465,2,3,113.6,0.2,113.5,55,113.0,100,,,,,,,,,,,,,,,,,113.7,5,113.8,40,114.0,150,,,,,,,,,,,,,,
2026-07-09T23:23:18.877557+00:00,2026-07-09T23:23:18.877654,3,3,113.6,0.2,113.5,55,113.2,12,113.0,100,,,,,,,,,,,,,,,113.7,5,113.8,40,114.0,150,,,,,,,,,,,,,,
2026-07-09T23:23:18.882946+00:00,2026-07-09T23:23:18.882833,3,4,113.55,0.1,113.5,55,113.2,12,113.0,100,,,,,,,,,,,,,,,113.6,12,113.7,5,113.8,40,114.0,150,,,,,,,,,,,,
2026-07-09T23:23:18.902148+00:00,2026-07-09T23:23:18.902048,3,4,113.55,0.1,113.5,13,113.2,12,113.0,100,,,,,,,,,,,,,,,113.6,12,113.7,5,113.8,40,114.0,150,,,,,,,,,,,,
2026-07-09T23:23:19.598234+00:00,2026-07-09T23:23:19.598061,3,4,113.55,0.1,113.5,8,113.2,12,113.0,100,,,,,,,,,,,,,,,113.6,12,113.7,5,113.8,40,114.0,150,,,,,,,,,,,,
2026-07-09T23:23:19.603456+00:00,2026-07-09T23:23:19.603381,3,3,113.55,0.1,113.5,13,113.2,12,113.0,100,,,,,,,,,,,,,,,113.6,12,113.8,40,114.0,150,,,,,,,,,,,,,,
2026-07-09T23:23:19.608690+00:00,2026-07-09T23:23:19.608574,3,3,113.55,0.1,113.5,13,113.2,12,113.0,100,,,,,,,,,,,,,,,113.6,17,113.8,40,114.0,150,,,,,,,,,,,,,,
2026-07-09T23:23:19.907387+00:00,2026-07-09T23:23:19.907331,2,3,113.55,0.1,113.5,13,113.0,100,,,,,,,,,,,,,,,,,113.6,17,113.8,40,114.0,150,,,,,,,,,,,,,,
2026-07-09T23:23:19.917885+00:00,2026-07-09T23:23:19.917825,2,3,113.55,0.1,113.5,13,113.0,112,,,,,,,,,,,,,,,,,113.6,5,113.8,40,114.0,150,,,,,,,,,,,,,,
2026-07-09T23:23:19.933461+00:00,2026-07-09T23:23:19.923274,2,3,113.55,0.1,113.5,1,113.0,112,,,,,,,,,,,,,,,,,113.6,5,113.8,40,114.0,150,,,,,,,,,,,,,,
2026-07-09T23:23:20.046676+00:00,2026-07-09T23:23:20.038161,3,3,113.55,0.1,113.5,1,113.3,3,113.0,112,,,,,,,,,,,,,,,113.6,5,113.8,40,114.0,150,,,,,,,,,,,,,,
2026-07-09T23:23:20.081140+00:00,2026-07-09T23:23:20.081101,3,1,113.75,0.5,113.5,1,113.3,3,113.0,112,,,,,,,,,,,,,,,114.0,145,,,,,,,,,,,,,,,,,,
2026-07-09T23:23:20.104929+00:00,2026-07-09T23:23:20.104820,3,2,113.7,0.4,113.5,1,113.3,43,113.0,112,,,,,,,,,,,,,,,113.9,40,114.0,145,,,,,,,,,,,,,,,,
2026-07-09T23:23:20.437588+00:00,2026-07-09T23:23:20.437513,3,2,113.7,0.4,113.5,1,113.3,43,113.0,112,,,,,,,,,,,,,,,113.9,40,114.0,145,,,,,,,,,,,,,,,,
2026-07-09T23:23:20.442762+00:00,2026-07-09T23:23:20.442694,3,3,113.65,0.3,113.5,1,113.3,43,113.0,112,,,,,,,,,,,,,,,113.8,12,113.9,40,114.0,145,,,,,,,,,,,,,,
2026-07-09T23:23:20.624748+00:00,2026-07-09T23:23:20.624884,2,3,113.55,0.5,113.3,43,113.0,112,,,,,,,,,,,,,,,,,113.8,12,113.9,40,114.0,145,,,,,,,,,,,,,,
2026-07-09T23:23:20.630203+00:00,2026-07-09T23:23:20.630106,3,3,113.65,0.3,113.5,5,113.3,43,113.0,112,,,,,,,,,,,,,,,113.8,17,113.9,40,114.0,145,,,,,,,,,,,,,,
2026-07-09T23:23:20.741720+00:00,2026-07-09T23:23:20.741848,3,4,113.55,0.1,113.5,5,113.3,43,113.0,112,,,,,,,,,,,,,,,113.6,3,113.8,17,113.9,40,114.0,145,,,,,,,,,,,,
2026-07-09T23:23:20.805125+00:00,2026-07-09T23:23:20.805058,3,2,113.7,0.4,113.5,5,113.3,43,113.0,112,,,,,,,,,,,,,,,113.9,15,114.0,145,,,,,,,,,,,,,,,,
2026-07-09T23:23:20.892646+00:00,2026-07-09T23:23:20.892523,3,3,113.55,0.1,113.5,5,113.3,43,113.0,112,,,,,,,,,,,,,,,113.6,3,113.9,15,114.0,145,,,,,,,,,,,,,,
2026-07-09T23:23:20.958666+00:00,2026-07-09T23:23:20.951151,4,3,113.55,0.1,113.5,5,113.3,43,113.2,12,113.0,100,,,,,,,,,,,,,113.6,15,113.9,15,114.0,145,,,,,,,,,,,,,,
2026-07-09T23:23:21.058572+00:00,2026-07-09T23:23:21.057726,4,2,113.55,0.1,113.5,5,113.3,43,113.2,12,113.0,100,,,,,,,,,,,,,113.6,15,114.0,185,,,,,,,,,,,,,,,,
2026-07-09T23:23:21.092750+00:00,2026-07-09T23:23:21.092677,4,2,113.55,0.1,113.5,5,113.3,43,113.2,12,113.0,100,,,,,,,,,,,,,113.6,15,114.0,40,,,,,,,,,,,,,,,,
2026-07-09T23:23:21.144455+00:00,2026-07-09T23:23:21.144401,5,2,113.55,0.1,113.5,5,113.3,43,113.2,12,113.0,100,112.8,150,,,,,,,,,,,113.6,15,114.0,40,,,,,,,,,,,,,,,,
2026-07-09T23:23:21.210338+00:00,2026-07-09T23:23:21.205872,2,3,113.15,0.3,113.0,100,112.8,150,,,,,,,,,,,,,,,,,113.3,91,113.6,15,114.0,40,,,,,,,,,,,,,,
2026-07-09T23:23:21.226101+00:00,2026-07-09T23:23:21.225934,3,4,113.25,0.1,113.2,37,113.0,100,112.8,150,,,,,,,,,,,,,,,113.3,91,113.5,12,113.6,3,114.0,40,,,,,,,,,,,,
2026-07-09T23:23:21.231314+00:00,2026-07-09T23:23:21.231181,3,3,113.25,0.1,113.2,37,113.0,100,112.8,150,,,,,,,,,,,,,,,113.3,91,113.5,12,113.6,3,,,,,,,,,,,,,,
2026-07-09T23:23:21.245563+00:00,2026-07-09T23:23:21.236400,3,4,113.25,0.1,113.2,37,113.0,100,112.8,150,,,,,,,,,,,,,,,113.3,91,113.5,12,113.6,3,113.9,40,,,,,,,,,,,,
2026-07-09T23:23:21.487164+00:00,2026-07-09T23:23:21.487048,2,4,113.25,0.1,113.2,37,112.8,150,,,,,,,,,,,,,,,,,113.3,91,113.5,12,113.6,3,113.9,40,,,,,,,,,,,,
2026-07-09T23:23:21.540019+00:00,2026-07-09T23:23:21.540149,3,4,113.25,0.1,113.2,37,113.1,100,112.8,150,,,,,,,,,,,,,,,113.3,91,113.5,12,113.6,3,113.9,40,,,,,,,,,,,,
2026-07-09T23:23:21.558588+00:00,2026-07-09T23:23:21.556001,3,4,113.25,0.1,113.2,37,113.1,100,112.8,150,,,,,,,,,,,,,,,113.3,91,113.5,12,113.6,3,113.8,40,,,,,,,,,,,,
2026-07-09T23:23:21.589368+00:00,2026-07-09T23:23:21.589218,3,4,113.25,0.1,113.2,37,113.1,100,112.8,150,,,,,,,,,,,,,,,113.3,91,113.5,12,113.6,103,113.8,40,,,,,,,,,,,,
2026-07-09T23:23:21.644864+00:00,2026-07-09T23:23:21.644751,3,4,113.25,0.1,113.2,42,113.1,100,112.8,150,,,,,,,,,,,,,,,113.3,91,113.5,12,113.6,103,113.8,40,,,,,,,,,,,,
2026-07-09T23:23:21.658550+00:00,2026-07-09T23:23:21.649952,3,4,113.25,0.1,113.2,42,113.1,100,112.8,150,,,,,,,,,,,,,,,113.3,96,113.5,12,113.6,103,113.8,40,,,,,,,,,,,,
2026-07-09T23:23:22.192192+00:00,2026-07-09T23:23:22.192053,3,4,113.25,0.1,113.2,42,113.1,100,112.8,150,,,,,,,,,,,,,,,113.3,46,113.5,12,113.6,103,113.8,40,,,,,,,,,,,,
2026-07-09T23:23:22.380785+00:00,2026-07-09T23:23:22.344871,3,4,113.25,0.1,113.2,42,113.1,100,112.8,150,,,,,,,,,,,,,,,113.3,5,113.5,12,113.6,103,113.8,40,,,,,,,,,,,,
2026-07-09T23:23:22.655091+00:00,2026-07-09T23:23:22.658353,3,3,113.35,0.3,113.2,37,113.1,100,112.8,150,,,,,,,,,,,,,,,113.5,12,113.6,103,113.8,40,,,,,,,,,,,,,,
2026-07-09T23:23:22.670185+00:00,2026-07-09T23:23:22.670149,3,4,113.25,0.1,113.2,42,113.1,100,112.8,150,,,,,,,,,,,,,,,113.3,5,113.5,12,113.6,103,113.8,40,,,,,,,,,,,,
2026-07-09T23:23:22.988967+00:00,2026-07-09T23:23:22.988917,3,3,113.25,0.1,113.2,30,113.1,100,112.8,150,,,,,,,,,,,,,,,113.3,5,113.6,103,113.8,40,,,,,,,,,,,,,,
2026-07-09T23:23:22.994000+00:00,2026-07-09T23:23:22.994108,3,3,113.25,0.1,113.2,42,113.1,100,112.8,150,,,,,,,,,,,,,,,113.3,5,113.6,115,113.8,40,,,,,,,,,,,,,,
2026-07-09T23:23:23.072556+00:00,2026-07-09T23:23:23.072448,3,3,113.25,0.1,113.2,42,113.1,100,112.8,150,,,,,,,,,,,,,,,113.3,3,113.6,115,113.8,40,,,,,,,,,,,,,,
2026-07-09T23:23:23.320392+00:00,2026-07-09T23:23:23.320340,3,3,113.25,0.1,113.2,42,113.1,100,112.8,150,,,,,,,,,,,,,,,113.3,1,113.6,115,113.8,40,,,,,,,,,,,,,,
2026-07-09T23:23:23.505431+00:00,2026-07-09T23:23:23.505381,4,2,113.45,0.3,113.3,1,113.2,42,113.1,100,112.8,150,,,,,,,,,,,,,113.6,115,113.8,40,,,,,,,,,,,,,,,,
2026-07-09T23:23:23.700825+00:00,2026-07-09T23:23:23.700674,4,2,113.45,0.3,113.3,1,113.2,37,113.1,100,112.8,150,,,,,,,,,,,,,113.6,115,113.8,40,,,,,,,,,,,,,,,,
2026-07-09T23:23:23.705943+00:00,2026-07-09T23:23:23.705913,4,2,113.45,0.3,113.3,6,113.2,37,113.1,100,112.8,150,,,,,,,,,,,,,113.6,120,113.8,40,,,,,,,,,,,,,,,,
2026-07-09T23:23:23.733364+00:00,2026-07-09T23:23:23.733260,4,1,113.45,0.3,113.3,6,113.2,12,113.1,100,112.8,150,,,,,,,,,,,,,113.6,120,,,,,,,,,,,,,,,,,,
2026-07-09T23:23:23.738545+00:00,2026-07-09T23:23:23.738436,4,2,113.45,0.3,113.3,6,113.2,12,113.1,100,112.8,150,,,,,,,,,,,,,113.6,120,113.9,40,,,,,,,,,,,,,,,,
2026-07-09T23:23:23.894281+00:00,2026-07-09T23:23:23.894390,4,2,113.45,0.3,113.3,31,113.2,12,113.1,100,112.8,150,,,,,,,,,,,,,113.6,120,113.9,40,,,,,,,,,,,,,,,,
2026-07-09T23:23:23.910149+00:00,2026-07-09T23:23:23.909982,3,2,113.4,0.4,113.2,3,113.1,100,112.8,150,,,,,,,,,,,,,,,113.6,120,113.9,40,,,,,,,,,,,,,,,,
2026-07-09T23:23:23.931830+00:00,2026-07-09T23:23:23.931974,4,2,113.45,0.3,113.3,1,113.2,3,113.1,100,112.8,150,,,,,,,,,,,,,113.6,120,113.9,40,,,,,,,,,,,,,,,,
2026-07-09T23:23:24.047354+00:00,2026-07-09T23:23:24.047327,4,1,113.45,0.3,113.3,1,113.2,3,113.1,100,112.8,150,,,,,,,,,,,,,113.6,120,,,,,,,,,,,,,,,,,,
2026-07-09T23:23:24.052615+00:00,2026-07-09T23:23:24.052554,4,2,113.45,0.3,113.3,1,113.2,3,113.1,100,112.8,150,,,,,,,,,,,,,113.6,120,113.8,40,,,,,,,,,,,,,,,,
2026-07-09T23:23:24.251103+00:00,2026-07-09T23:23:24.251066,3,2,113.45,0.3,113.3,1,113.2,3,113.1,100,,,,,,,,,,,,,,,113.6,120,113.8,40,,,,,,,,,,,,,,,,
2026-07-09T23:23:24.304397+00:00,2026-07-09T23:23:24.304577,4,2,113.55,0.1,113.5,150,113.3,1,113.2,3,113.1,100,,,,,,,,,,,,,113.6,120,113.8,40,,,,,,,,,,,,,,,,
2026-07-09T23:23:24.349040+00:00,2026-07-09T23:23:24.348997,4,2,113.55,0.1,113.5,100,113.3,1,113.2,3,113.1,100,,,,,,,,,,,,,113.6,120,113.8,40,,,,,,,,,,,,,,,,
2026-07-09T23:23:24.365543+00:00,2026-07-09T23:23:24.354519,4,3,113.55,0.1,113.5,100,113.3,1,113.2,3,113.1,100,,,,,,,,,,,,,113.6,120,113.8,40,114.0,150,,,,,,,,,,,,,,
2026-07-09T23:23:24.658746+00:00,2026-07-09T23:23:24.658682,3,3,113.55,0.1,113.5,100,113.3,1,113.2,3,,,,,,,,,,,,,,,113.6,20,113.8,40,114.0,150,,,,,,,,,,,,,,
2026-07-09T23:23:24.707639+00:00,2026-07-09T23:23:24.707552,3,3,113.55,0.1,113.5,100,113.3,1,113.2,103,,,,,,,,,,,,,,,113.6,20,113.8,40,114.0,150,,,,,,,,,,,,,,
2026-07-09T23:23:24.770283+00:00,2026-07-09T23:23:24.770260,3,4,113.55,0.1,113.5,100,113.3,1,113.2,103,,,,,,,,,,,,,,,113.6,20,113.7,100,113.8,40,114.0,150,,,,,,,,,,,,
2026-07-09T23:23:24.775552+00:00,2026-07-09T23:23:24.775413,3,4,113.55,0.1,113.5,100,113.3,1,113.2,103,,,,,,,,,,,,,,,113.6,15,113.7,100,113.8,40,114.0,150,,,,,,,,,,,,
2026-07-09T23:23:24.791266+00:00,2026-07-09T23:23:24.791174,3,4,113.55,0.1,113.5,105,113.3,1,113.2,103,,,,,,,,,,,,,,,113.6,20,113.7,100,113.8,40,114.0,150,,,,,,,,,,,,
2026-07-09T23:23:25.179074+00:00,2026-07-09T23:23:25.175095,2,4,113.55,0.1,113.5,105,113.2,103,,,,,,,,,,,,,,,,,113.6,20,113.7,100,113.8,40,114.0,150,,,,,,,,,,,,
2026-07-09T23:23:25.808592+00:00,2026-07-09T23:23:25.808503,2,4,113.55,0.1,113.5,100,113.2,103,,,,,,,,,,,,,,,,,113.6,15,113.7,100,113.8,40,114.0,150,,,,,,,,,,,,
2026-07-09T23:23:25.813818+00:00,2026-07-09T23:23:25.813706,2,4,113.55,0.1,113.5,105,113.2,103,,,,,,,,,,,,,,,,,113.6,15,113.7,100,113.8,40,114.0,150,,,,,,,,,,,,
2026-07-09T23:23:25.818963+00:00,2026-07-09T23:23:25.818897,2,4,113.55,0.1,113.5,105,113.2,103,,,,,,,,,,,,,,,,,113.6,20,113.7,100,113.8,40,114.0,150,,,,,,,,,,,,
2026-07-09T23:23:25.969051+00:00,2026-07-09T23:23:25.969252,2,4,113.55,0.1,113.5,56,113.2,103,,,,,,,,,,,,,,,,,113.6,20,113.7,100,113.8,40,114.0,150,,,,,,,,,,,,
2026-07-09T23:23:26.458646+00:00,2026-07-09T23:23:26.448924,2,4,113.55,0.1,113.5,6,113.2,103,,,,,,,,,,,,,,,,,113.6,20,113.7,100,113.8,40,114.0,150,,,,,,,,,,,,
2026-07-09T23:23:26.572339+00:00,2026-07-09T23:23:26.566130,1,4,113.4,0.4,113.2,103,,,,,,,,,,,,,,,,,,,113.6,20,113.7,100,113.8,40,114.0,150,,,,,,,,,,,,
2026-07-09T23:23:26.720489+00:00,2026-07-09T23:23:26.720386,2,4,113.45,0.3,113.3,1,113.2,103,,,,,,,,,,,,,,,,,113.6,20,113.7,100,113.8,40,114.0,150,,,,,,,,,,,,
2026-07-09T23:23:26.833352+00:00,2026-07-09T23:23:26.833326,2,4,113.45,0.3,113.3,6,113.2,103,,,,,,,,,,,,,,,,,113.6,15,113.7,100,113.8,40,114.0,150,,,,,,,,,,,,
2026-07-09T23:23:26.838660+00:00,2026-07-09T23:23:26.838556,2,4,113.45,0.3,113.3,6,113.2,103,,,,,,,,,,,,,,,,,113.6,20,113.7,100,113.8,40,114.0,150,,,,,,,,,,,,
2026-07-09T23:23:27.414936+00:00,2026-07-09T23:23:27.415065,2,3,113.45,0.3,113.3,6,113.2,103,,,,,,,,,,,,,,,,,113.6,20,113.7,100,113.8,40,,,,,,,,,,,,,,
2026-07-09T23:23:27.458643+00:00,2026-07-09T23:23:27.457574,3,3,113.45,0.3,113.3,6,113.2,103,112.8,150,,,,,,,,,,,,,,,113.6,20,113.7,100,113.8,40,,,,,,,,,,,,,,
2026-07-09T23:23:27.534963+00:00,2026-07-09T23:23:27.528089,2,4,113.25,0.1,113.2,103,112.8,150,,,,,,,,,,,,,,,,,113.3,138,113.6,20,113.7,100,113.8,40,,,,,,,,,,,,
2026-07-09T23:23:27.550558+00:00,2026-07-09T23:23:27.550418,2,4,113.25,0.1,113.2,103,112.8,150,,,,,,,,,,,,,,,,,113.3,137,113.6,20,113.7,100,113.8,40,,,,,,,,,,,,
2026-07-09T23:23:27.734725+00:00,2026-07-09T23:23:27.734925,2,4,113.25,0.1,113.2,103,112.8,150,,,,,,,,,,,,,,,,,113.3,136,113.6,20,113.7,100,113.8,40,,,,,,,,,,,,
2026-07-09T23:23:27.821541+00:00,2026-07-09T23:23:27.821450,2,3,113.25,0.1,113.2,3,112.8,150,,,,,,,,,,,,,,,,,113.3,136,113.6,20,113.8,40,,,,,,,,,,,,,,
2026-07-09T23:23:27.852966+00:00,2026-07-09T23:23:27.852854,2,3,113.25,0.1,113.2,8,112.8,150,,,,,,,,,,,,,,,,,113.3,136,113.6,15,113.8,40,,,,,,,,,,,,,,
2026-07-09T23:23:27.863153+00:00,2026-07-09T23:23:27.863115,2,3,113.25,0.1,113.2,8,112.8,150,,,,,,,,,,,,,,,,,113.3,141,113.6,15,113.8,40,,,,,,,,,,,,,,
2026-07-09T23:23:27.873637+00:00,2026-07-09T23:23:27.873521,2,3,113.25,0.1,113.2,108,112.8,150,,,,,,,,,,,,,,,,,113.3,141,113.6,15,113.8,40,,,,,,,,,,,,,,
2026-07-09T23:23:27.931030+00:00,2026-07-09T23:23:27.930970,2,4,113.25,0.1,113.2,108,112.8,150,,,,,,,,,,,,,,,,,113.3,141,113.6,15,113.7,100,113.8,40,,,,,,,,,,,,
2026-07-09T23:23:28.017957+00:00,2026-07-09T23:23:28.017893,2,4,113.25,0.1,113.2,105,112.8,150,,,,,,,,,,,,,,,,,113.3,141,113.6,15,113.7,100,113.8,40,,,,,,,,,,,,
2026-07-09T23:23:28.023252+00:00,2026-07-09T23:23:28.023133,2,4,113.25,0.1,113.2,117,112.8,150,,,,,,,,,,,,,,,,,113.3,141,113.6,3,113.7,100,113.8,40,,,,,,,,,,,,
2026-07-09T23:23:28.028240+00:00,2026-07-09T23:23:28.028333,2,5,113.25,0.1,113.2,117,112.8,150,,,,,,,,,,,,,,,,,113.3,141,113.5,12,113.6,3,113.7,100,113.8,40,,,,,,,,,,
2026-07-09T23:23:28.263823+00:00,2026-07-09T23:23:28.263764,2,5,113.25,0.1,113.2,117,112.8,150,,,,,,,,,,,,,,,,,113.3,140,113.5,12,113.6,3,113.7,100,113.8,40,,,,,,,,,,
2026-07-09T23:23:28.874648+00:00,2026-07-09T23:23:28.874625,2,5,113.25,0.1,113.2,112,112.8,150,,,,,,,,,,,,,,,,,113.3,140,113.5,12,113.6,3,113.7,100,113.8,40,,,,,,,,,,
2026-07-09T23:23:28.879904+00:00,2026-07-09T23:23:28.879806,2,5,113.25,0.1,113.2,112,112.8,150,,,,,,,,,,,,,,,,,113.3,135,113.5,12,113.6,3,113.7,100,113.8,40,,,,,,,,,,
2026-07-09T23:23:28.885089+00:00,2026-07-09T23:23:28.885056,2,5,113.25,0.1,113.2,117,112.8,150,,,,,,,,,,,,,,,,,113.3,140,113.5,12,113.6,3,113.7,100,113.8,40,,,,,,,,,,
2026-07-09T23:23:29.124478+00:00,2026-07-09T23:23:29.124645,2,5,113.25,0.1,113.2,117,112.8,150,,,,,,,,,,,,,,,,,113.3,139,113.5,12,113.6,3,113.7,100,113.8,40,,,,,,,,,,
2026-07-09T23:23:29.158697+00:00,2026-07-09T23:23:29.158645,2,5,113.25,0.1,113.2,117,112.8,150,,,,,,,,,,,,,,,,,113.3,138,113.5,12,113.6,3,113.7,100,113.8,40,,,,,,,,,,
2026-07-09T23:23:29.202400+00:00,2026-07-09T23:23:29.202330,2,5,113.25,0.1,113.2,117,112.8,150,,,,,,,,,,,,,,,,,113.3,137,113.5,12,113.6,3,113.7,100,113.8,40,,,,,,,,,,
2026-07-09T23:23:29.284520+00:00,2026-07-09T23:23:29.284471,2,5,113.25,0.1,113.2,117,112.8,150,,,,,,,,,,,,,,,,,113.3,136,113.5,12,113.6,3,113.7,100,113.8,40,,,,,,,,,,
2026-07-09T23:23:29.432402+00:00,2026-07-09T23:23:29.432308,2,5,113.25,0.1,113.2,117,112.8,150,,,,,,,,,,,,,,,,,113.3,135,113.5,12,113.6,3,113.7,100,113.8,40,,,,,,,,,,
2026-07-09T23:23:29.902998+00:00,2026-07-09T23:23:29.902915,2,5,113.25,0.1,113.2,112,112.8,150,,,,,,,,,,,,,,,,,113.3,135,113.5,12,113.6,3,113.7,100,113.8,40,,,,,,,,,,
2026-07-09T23:23:29.908227+00:00,2026-07-09T23:23:29.908145,2,5,113.25,0.1,113.2,117,112.8,150,,,,,,,,,,,,,,,,,113.3,130,113.5,12,113.6,3,113.7,100,113.8,40,,,,,,,,,,
2026-07-09T23:23:29.913436+00:00,2026-07-09T23:23:29.913321,2,5,113.25,0.1,113.2,117,112.8,150,,,,,,,,,,,,,,,,,113.3,135,113.5,12,113.6,3,113.7,100,113.8,40,,,,,,,,,,
2026-07-09T23:23:30.574358+00:00,2026-07-09T23:23:30.574296,1,5,113.25,0.1,113.2,117,,,,,,,,,,,,,,,,,,,113.3,5,113.5,12,113.6,3,113.7,100,113.8,40,,,,,,,,,,
2026-07-09T23:23:30.623558+00:00,2026-07-09T23:23:30.623435,1,2,113.45,0.5,113.2,117,,,,,,,,,,,,,,,,,,,113.7,70,113.8,40,,,,,,,,,,,,,,,,
2026-07-09T23:23:30.628697+00:00,2026-07-09T23:23:30.628625,2,2,113.45,0.5,113.2,117,112.9,150,,,,,,,,,,,,,,,,,113.7,70,113.8,40,,,,,,,,,,,,,,,,
2026-07-09T23:23:30.678779+00:00,2026-07-09T23:23:30.678914,2,3,113.3,0.2,113.2,117,112.9,150,,,,,,,,,,,,,,,,,113.4,150,113.7,70,113.8,40,,,,,,,,,,,,,,
2026-07-09T23:23:30.928488+00:00,2026-07-09T23:23:30.928455,2,3,113.3,0.2,113.2,112,112.9,150,,,,,,,,,,,,,,,,,113.4,150,113.7,70,113.8,40,,,,,,,,,,,,,,
2026-07-09T23:23:30.933835+00:00,2026-07-09T23:23:30.933709,2,3,113.3,0.2,113.2,117,112.9,150,,,,,,,,,,,,,,,,,113.4,150,113.7,70,113.8,40,,,,,,,,,,,,,,
2026-07-09T23:23:30.939138+00:00,2026-07-09T23:23:30.939012,2,3,113.3,0.2,113.2,117,112.9,150,,,,,,,,,,,,,,,,,113.4,155,113.7,70,113.8,40,,,,,,,,,,,,,,
2026-07-09T23:23:30.985719+00:00,2026-07-09T23:23:30.985668,2,2,113.3,0.2,113.2,17,112.9,150,,,,,,,,,,,,,,,,,113.4,155,113.8,40,,,,,,,,,,,,,,,,
2026-07-09T23:23:31.039667+00:00,2026-07-09T23:23:31.039549,2,2,113.3,0.2,113.2,117,112.9,150,,,,,,,,,,,,,,,,,113.4,155,113.8,40,,,,,,,,,,,,,,,,
2026-07-09T23:23:31.093516+00:00,2026-07-09T23:23:31.093456,2,3,113.3,0.2,113.2,117,112.9,150,,,,,,,,,,,,,,,,,113.4,155,113.7,100,113.8,40,,,,,,,,,,,,,,
2026-07-09T23:23:31.460012+00:00,2026-07-09T23:23:31.459964,2,3,113.3,0.2,113.2,117,112.9,150,,,,,,,,,,,,,,,,,113.4,155,113.6,40,113.7,100,,,,,,,,,,,,,,
2026-07-09T23:23:31.637572+00:00,2026-07-09T23:23:31.637543,2,3,113.3,0.2,113.2,117,112.9,150,,,,,,,,,,,,,,,,,113.4,112,113.6,40,113.7,100,,,,,,,,,,,,,,
2026-07-09T23:23:31.958541+00:00,2026-07-09T23:23:31.957590,2,3,113.3,0.2,113.2,112,112.9,150,,,,,,,,,,,,,,,,,113.4,107,113.6,40,113.7,100,,,,,,,,,,,,,,
2026-07-09T23:23:31.984170+00:00,2026-07-09T23:23:31.984087,2,3,113.3,0.2,113.2,117,112.9,150,,,,,,,,,,,,,,,,,113.4,107,113.6,40,113.7,100,,,,,,,,,,,,,,
2026-07-09T23:23:31.989395+00:00,2026-07-09T23:23:31.989310,2,3,113.3,0.2,113.2,117,112.9,150,,,,,,,,,,,,,,,,,113.4,112,113.6,40,113.7,100,,,,,,,,,,,,,,
2026-07-09T23:23:32.585938+00:00,2026-07-09T23:23:32.585831,2,3,113.3,0.2,113.2,68,112.9,150,,,,,,,,,,,,,,,,,113.4,112,113.6,40,113.7,100,,,,,,,,,,,,,,
2026-07-09T23:23:32.685830+00:00,2026-07-09T23:23:32.685741,2,4,113.3,0.2,113.2,68,112.9,150,,,,,,,,,,,,,,,,,113.4,112,113.5,5,113.6,40,113.7,100,,,,,,,,,,,,
2026-07-09T23:23:32.730484+00:00,2026-07-09T23:23:32.730347,2,4,113.3,0.2,113.2,68,112.9,150,,,,,,,,,,,,,,,,,113.4,62,113.5,5,113.6,40,113.7,100,,,,,,,,,,,,
2026-07-09T23:23:33.007696+00:00,2026-07-09T23:23:33.007613,2,4,113.3,0.2,113.2,63,112.9,150,,,,,,,,,,,,,,,,,113.4,57,113.5,5,113.6,40,113.7,100,,,,,,,,,,,,
2026-07-09T23:23:33.012693+00:00,2026-07-09T23:23:33.012809,2,4,113.3,0.2,113.2,68,112.9,150,,,,,,,,,,,,,,,,,113.4,57,113.5,5,113.6,40,113.7,100,,,,,,,,,,,,
2026-07-09T23:23:33.018078+00:00,2026-07-09T23:23:33.018023,2,4,113.3,0.2,113.2,68,112.9,150,,,,,,,,,,,,,,,,,113.4,62,113.5,5,113.6,40,113.7,100,,,,,,,,,,,,
2026-07-09T23:23:33.733465+00:00,2026-07-09T23:23:33.733328,1,4,113.3,0.2,113.2,68,,,,,,,,,,,,,,,,,,,113.4,5,113.5,5,113.6,40,113.7,100,,,,,,,,,,,,
2026-07-09T23:23:33.787397+00:00,2026-07-09T23:23:33.787313,2,4,113.3,0.2,113.2,68,113.1,150,,,,,,,,,,,,,,,,,113.4,5,113.5,5,113.6,40,113.7,100,,,,,,,,,,,,
2026-07-09T23:23:33.858545+00:00,2026-07-09T23:23:33.855711,2,4,113.3,0.2,113.2,68,113.1,150,,,,,,,,,,,,,,,,,113.4,5,113.5,5,113.6,190,113.7,100,,,,,,,,,,,,
2026-07-09T23:23:34.041200+00:00,2026-07-09T23:23:34.041053,2,4,113.3,0.2,113.2,68,113.1,150,,,,,,,,,,,,,,,,,113.4,5,113.5,5,113.6,190,113.7,100,,,,,,,,,,,,
2026-07-09T23:23:34.141940+00:00,2026-07-09T23:23:34.141784,2,3,113.3,0.2,113.2,5,113.1,150,,,,,,,,,,,,,,,,,113.4,5,113.5,5,113.6,190,,,,,,,,,,,,,,
2026-07-09T23:23:34.263822+00:00,2026-07-09T23:23:34.264258,3,3,113.3,0.2,113.2,5,113.1,150,112.9,100,,,,,,,,,,,,,,,113.4,105,113.5,5,113.6,190,,,,,,,,,,,,,,
2026-07-09T23:23:34.364293+00:00,2026-07-09T23:23:34.364077,4,4,113.25,0.1,113.2,5,113.1,150,113.0,12,112.9,100,,,,,,,,,,,,,113.3,12,113.4,105,113.5,5,113.6,190,,,,,,,,,,,,
2026-07-09T23:23:35.069804+00:00,2026-07-09T23:23:35.069691,3,4,113.2,0.2,113.1,150,113.0,12,112.9,100,,,,,,,,,,,,,,,113.3,12,113.4,105,113.5,5,113.6,190,,,,,,,,,,,,
2026-07-09T23:23:35.075068+00:00,2026-07-09T23:23:35.074905,3,4,113.2,0.2,113.1,150,113.0,12,112.9,100,,,,,,,,,,,,,,,113.3,12,113.4,100,113.5,5,113.6,190,,,,,,,,,,,,
2026-07-09T23:23:35.080352+00:00,2026-07-09T23:23:35.080273,4,4,113.25,0.1,113.2,5,113.1,150,113.0,12,112.9,100,,,,,,,,,,,,,113.3,17,113.4,100,113.5,5,113.6,190,,,,,,,,,,,,
2026-07-09T23:23:35.670087+00:00,2026-07-09T23:23:35.670342,4,3,113.3,0.2,113.2,5,113.1,150,113.0,12,112.9,100,,,,,,,,,,,,,113.4,71,113.5,5,113.6,190,,,,,,,,,,,,,,
2026-07-09T23:23:36.094614+00:00,2026-07-09T23:23:36.094560,3,3,113.25,0.3,113.1,150,113.0,12,112.9,100,,,,,,,,,,,,,,,113.4,71,113.5,5,113.6,190,,,,,,,,,,,,,,
2026-07-09T23:23:36.099872+00:00,2026-07-09T23:23:36.099770,4,3,113.3,0.2,113.2,5,113.1,150,113.0,12,112.9,100,,,,,,,,,,,,,113.4,76,113.5,5,113.6,190,,,,,,,,,,,,,,
2026-07-09T23:23:36.734436+00:00,2026-07-09T23:23:36.734338,4,3,113.3,0.2,113.2,5,113.1,150,113.0,12,112.9,100,,,,,,,,,,,,,113.4,76,113.5,5,113.6,150,,,,,,,,,,,,,,
2026-07-09T23:23:36.739631+00:00,2026-07-09T23:23:36.739535,4,4,113.3,0.2,113.2,5,113.1,150,113.0,12,112.9,100,,,,,,,,,,,,,113.4,76,113.5,5,113.6,150,113.8,40,,,,,,,,,,,,
2026-07-09T23:23:36.895011+00:00,2026-07-09T23:23:36.895178,4,3,113.3,0.2,113.2,5,113.1,150,113.0,12,112.9,100,,,,,,,,,,,,,113.4,76,113.5,5,113.6,190,,,,,,,,,,,,,,
2026-07-09T23:23:36.910379+00:00,2026-07-09T23:23:36.910316,3,3,113.3,0.2,113.2,5,113.0,12,112.9,100,,,,,,,,,,,,,,,113.4,76,113.5,5,113.6,40,,,,,,,,,,,,,,
2026-07-09T23:23:36.938790+00:00,2026-07-09T23:23:36.938673,3,3,113.3,0.2,113.2,5,113.0,12,112.9,100,,,,,,,,,,,,,,,113.4,26,113.5,5,113.6,40,,,,,,,,,,,,,,
2026-07-09T23:23:36.963945+00:00,2026-07-09T23:23:36.963913,4,3,113.3,0.2,113.2,5,113.1,150,113.0,12,112.9,100,,,,,,,,,,,,,113.4,26,113.5,5,113.6,40,,,,,,,,,,,,,,
2026-07-09T23:23:37.017721+00:00,2026-07-09T23:23:37.017865,4,3,113.3,0.2,113.2,5,113.1,150,113.0,12,112.9,100,,,,,,,,,,,,,113.4,26,113.5,5,113.6,190,,,,,,,,,,,,,,
2026-07-09T23:23:37.105064+00:00,2026-07-09T23:23:37.104996,3,3,113.3,0.2,113.2,5,113.1,162,112.9,100,,,,,,,,,,,,,,,113.4,26,113.5,5,113.6,190,,,,,,,,,,,,,,
2026-07-09T23:23:37.110316+00:00,2026-07-09T23:23:37.110202,3,3,113.3,0.2,113.2,5,113.1,162,112.9,100,,,,,,,,,,,,,,,113.4,37,113.5,5,113.6,190,,,,,,,,,,,,,,
2026-07-09T23:23:37.115520+00:00,2026-07-09T23:23:37.115434,2,3,113.25,0.3,113.1,162,112.9,100,,,,,,,,,,,,,,,,,113.4,37,113.5,5,113.6,190,,,,,,,,,,,,,,
2026-07-09T23:23:37.120724+00:00,2026-07-09T23:23:37.120661,3,3,113.3,0.2,113.2,5,113.1,162,112.9,100,,,,,,,,,,,,,,,113.4,32,113.5,5,113.6,190,,,,,,,,,,,,,,
2026-07-09T23:23:37.125873+00:00,2026-07-09T23:23:37.125842,3,3,113.3,0.2,113.2,5,113.1,162,112.9,100,,,,,,,,,,,,,,,113.4,37,113.5,5,113.6,190,,,,,,,,,,,,,,
2026-07-09T23:23:37.301602+00:00,2026-07-09T23:23:37.301457,3,1,113.4,0.4,113.2,5,113.1,162,112.9,100,,,,,,,,,,,,,,,113.6,190,,,,,,,,,,,,,,,,,,
2026-07-09T23:23:37.312016+00:00,2026-07-09T23:23:37.311952,2,1,113.4,0.4,113.2,5,113.1,162,,,,,,,,,,,,,,,,,113.6,190,,,,,,,,,,,,,,,,,,
2026-07-09T23:23:37.366251+00:00,2026-07-09T23:23:37.366167,3,1,113.45,0.3,113.3,100,113.2,5,113.1,162,,,,,,,,,,,,,,,113.6,190,,,,,,,,,,,,,,,,,,
2026-07-09T23:23:37.423966+00:00,2026-07-09T23:23:37.423881,3,2,113.45,0.3,113.3,100,113.2,5,113.1,162,,,,,,,,,,,,,,,113.6,190,113.8,100,,,,,,,,,,,,,,,,
2026-07-09T23:23:37.872363+00:00,2026-07-09T23:23:37.872257,3,3,113.4,0.2,113.3,100,113.2,5,113.1,150,,,,,,,,,,,,,,,113.5,5,113.6,190,113.8,100,,,,,,,,,,,,,,
2026-07-09T23:23:37.877367+00:00,2026-07-09T23:23:37.877513,3,3,113.4,0.2,113.3,100,113.2,17,113.1,150,,,,,,,,,,,,,,,113.5,5,113.6,190,113.8,100,,,,,,,,,,,,,,
2026-07-09T23:23:38.131528+00:00,2026-07-09T23:23:38.131664,3,3,113.4,0.2,113.3,100,113.2,5,113.1,150,,,,,,,,,,,,,,,113.5,5,113.6,190,113.8,100,,,,,,,,,,,,,,
2026-07-09T23:23:38.141982+00:00,2026-07-09T23:23:38.142126,3,3,113.4,0.2,113.3,100,113.2,5,113.1,162,,,,,,,,,,,,,,,113.5,5,113.6,190,113.8,100,,,,,,,,,,,,,,
2026-07-09T23:23:38.147228+00:00,2026-07-09T23:23:38.147391,2,3,113.4,0.2,113.3,105,113.1,162,,,,,,,,,,,,,,,,,113.5,10,113.6,190,113.8,100,,,,,,,,,,,,,,
2026-07-09T23:23:39.170263+00:00,2026-07-09T23:23:39.170386,2,3,113.4,0.2,113.3,100,113.1,162,,,,,,,,,,,,,,,,,113.5,10,113.6,190,113.8,100,,,,,,,,,,,,,,
2026-07-09T23:23:39.175694+00:00,2026-07-09T23:23:39.175601,2,3,113.4,0.2,113.3,100,113.1,162,,,,,,,,,,,,,,,,,113.5,5,113.6,190,113.8,100,,,,,,,,,,,,,,
2026-07-09T23:23:39.180854+00:00,2026-07-09T23:23:39.180801,2,3,113.4,0.2,113.3,105,113.1,162,,,,,,,,,,,,,,,,,113.5,10,113.6,190,113.8,100,,,,,,,,,,,,,,
2026-07-09T23:23:39.936958+00:00,2026-07-09T23:23:39.921806,2,3,113.4,0.2,113.3,94,113.1,162,,,,,,,,,,,,,,,,,113.5,10,113.6,190,113.8,100,,,,,,,,,,,,,,
2026-07-09T23:23:40.076989+00:00,2026-07-09T23:23:40.077122,2,3,113.4,0.2,113.3,94,113.1,12,,,,,,,,,,,,,,,,,113.5,10,113.6,40,113.8,100,,,,,,,,,,,,,,
2026-07-09T23:23:40.127201+00:00,2026-07-09T23:23:40.127170,3,3,113.4,0.2,113.3,94,113.1,12,113.0,150,,,,,,,,,,,,,,,113.5,10,113.6,40,113.8,100,,,,,,,,,,,,,,
2026-07-09T23:23:40.182913+00:00,2026-07-09T23:23:40.183010,3,3,113.4,0.2,113.3,94,113.1,12,113.0,150,,,,,,,,,,,,,,,113.5,160,113.6,40,113.8,100,,,,,,,,,,,,,,
2026-07-09T23:23:40.193552+00:00,2026-07-09T23:23:40.193445,3,3,113.4,0.2,113.3,89,113.1,12,113.0,150,,,,,,,,,,,,,,,113.5,160,113.6,40,113.8,100,,,,,,,,,,,,,,
2026-07-09T23:23:40.198759+00:00,2026-07-09T23:23:40.198663,3,3,113.4,0.2,113.3,94,113.1,12,113.0,150,,,,,,,,,,,,,,,113.5,155,113.6,40,113.8,100,,,,,,,,,,,,,,
2026-07-09T23:23:40.203748+00:00,2026-07-09T23:23:40.203826,3,3,113.4,0.2,113.3,94,113.1,12,113.0,150,,,,,,,,,,,,,,,113.5,160,113.6,40,113.8,100,,,,,,,,,,,,,,
2026-07-09T23:23:40.403881+00:00,2026-07-09T23:23:40.403743,2,3,113.4,0.2,113.3,94,113.0,150,,,,,,,,,,,,,,,,,113.5,160,113.6,40,113.8,100,,,,,,,,,,,,,,
2026-07-09T23:23:40.409174+00:00,2026-07-09T23:23:40.409009,2,3,113.4,0.2,113.3,94,113.0,162,,,,,,,,,,,,,,,,,113.5,160,113.6,40,113.8,100,,,,,,,,,,,,,,
2026-07-09T23:23:40.414270+00:00,2026-07-09T23:23:40.414221,2,3,113.4,0.2,113.3,51,113.0,162,,,,,,,,,,,,,,,,,113.5,160,113.6,40,113.8,100,,,,,,,,,,,,,,
2026-07-09T23:23:40.478606+00:00,2026-07-09T23:23:40.478499,2,2,113.4,0.2,113.3,5,113.0,162,,,,,,,,,,,,,,,,,113.5,160,113.6,40,,,,,,,,,,,,,,,,
2026-07-09T23:23:40.534474+00:00,2026-07-09T23:23:40.534357,3,2,113.4,0.2,113.3,5,113.1,100,113.0,162,,,,,,,,,,,,,,,113.5,160,113.6,40,,,,,,,,,,,,,,,,
2026-07-09T23:23:40.586956+00:00,2026-07-09T23:23:40.586845,3,2,113.4,0.2,113.3,5,113.1,100,113.0,162,,,,,,,,,,,,,,,113.5,160,113.6,140,,,,,,,,,,,,,,,,
2026-07-09T23:23:41.206028+00:00,2026-07-09T23:23:41.206197,2,2,113.3,0.4,113.1,55,113.0,162,,,,,,,,,,,,,,,,,113.5,160,113.6,140,,,,,,,,,,,,,,,,
2026-07-09T23:23:41.216508+00:00,2026-07-09T23:23:41.216640,2,2,113.3,0.4,113.1,55,113.0,162,,,,,,,,,,,,,,,,,113.5,155,113.6,140,,,,,,,,,,,,,,,,
2026-07-09T23:23:41.221930+00:00,2026-07-09T23:23:41.221814,2,2,113.3,0.4,113.1,60,113.0,162,,,,,,,,,,,,,,,,,113.5,155,113.6,140,,,,,,,,,,,,,,,,
2026-07-09T23:23:41.227139+00:00,2026-07-09T23:23:41.227092,2,2,113.3,0.4,113.1,60,113.0,162,,,,,,,,,,,,,,,,,113.5,160,113.6,140,,,,,,,,,,,,,,,,
2026-07-09T23:23:41.723903+00:00,2026-07-09T23:23:41.723806,2,2,113.3,0.4,113.1,60,113.0,162,,,,,,,,,,,,,,,,,113.5,160,113.6,100,,,,,,,,,,,,,,,,
2026-07-09T23:23:41.729106+00:00,2026-07-09T23:23:41.729011,2,3,113.25,0.3,113.1,60,113.0,162,,,,,,,,,,,,,,,,,113.4,40,113.5,160,113.6,100,,,,,,,,,,,,,,
2026-07-09T23:23:41.949538+00:00,2026-07-09T23:23:41.943400,2,3,113.25,0.3,113.1,57,113.0,162,,,,,,,,,,,,,,,,,113.4,40,113.5,160,113.6,100,,,,,,,,,,,,,,
2026-07-09T23:23:42.169443+00:00,2026-07-09T23:23:42.169358,2,3,113.25,0.3,113.1,57,113.0,150,,,,,,,,,,,,,,,,,113.4,40,113.5,160,113.6,100,,,,,,,,,,,,,,
2026-07-09T23:23:42.174440+00:00,2026-07-09T23:23:42.174546,3,3,113.25,0.3,113.1,57,113.0,150,112.8,12,,,,,,,,,,,,,,,113.4,40,113.5,160,113.6,100,,,,,,,,,,,,,,
2026-07-09T23:23:42.235193+00:00,2026-07-09T23:23:42.235064,3,3,113.25,0.3,113.1,52,113.0,150,112.8,12,,,,,,,,,,,,,,,113.4,40,113.5,160,113.6,100,,,,,,,,,,,,,,
2026-07-09T23:23:42.240360+00:00,2026-07-09T23:23:42.240299,3,3,113.25,0.3,113.1,57,113.0,150,112.8,12,,,,,,,,,,,,,,,113.4,40,113.5,155,113.6,100,,,,,,,,,,,,,,
2026-07-09T23:23:42.245764+00:00,2026-07-09T23:23:42.245574,3,3,113.25,0.3,113.1,57,113.0,150,112.8,12,,,,,,,,,,,,,,,113.4,45,113.5,155,113.6,100,,,,,,,,,,,,,,
2026-07-09T23:23:42.358874+00:00,2026-07-09T23:23:42.358762,3,3,113.25,0.3,113.1,57,113.0,150,112.8,12,,,,,,,,,,,,,,,113.4,5,113.5,155,113.6,100,,,,,,,,,,,,,,
2026-07-09T23:23:42.364173+00:00,2026-07-09T23:23:42.364033,3,4,113.2,0.2,113.1,57,113.0,150,112.8,12,,,,,,,,,,,,,,,113.3,40,113.4,5,113.5,155,113.6,100,,,,,,,,,,,,
2026-07-09T23:23:42.674292+00:00,2026-07-09T23:23:42.674224,3,3,113.25,0.3,113.1,57,113.0,150,112.8,12,,,,,,,,,,,,,,,113.4,3,113.5,155,113.6,100,,,,,,,,,,,,,,
2026-07-09T23:23:42.729861+00:00,2026-07-09T23:23:42.729721,3,3,113.25,0.3,113.1,8,113.0,150,112.8,12,,,,,,,,,,,,,,,113.4,3,113.5,155,113.6,100,,,,,,,,,,,,,,
2026-07-09T23:23:42.817577+00:00,2026-07-09T23:23:42.817549,3,3,113.25,0.3,113.1,8,113.0,150,112.8,52,,,,,,,,,,,,,,,113.4,43,113.5,155,113.6,100,,,,,,,,,,,,,,
2026-07-09T23:23:43.237169+00:00,2026-07-09T23:23:43.237089,3,3,113.25,0.3,113.1,8,113.0,150,112.8,52,,,,,,,,,,,,,,,113.4,43,113.5,5,113.6,100,,,,,,,,,,,,,,
2026-07-09T23:23:43.242456+00:00,2026-07-09T23:23:43.242272,2,3,113.25,0.3,113.1,8,112.8,52,,,,,,,,,,,,,,,,,113.4,43,113.5,5,113.6,100,,,,,,,,,,,,,,
2026-07-09T23:23:43.270904+00:00,2026-07-09T23:23:43.270800,2,3,113.25,0.3,113.1,3,112.8,52,,,,,,,,,,,,,,,,,113.4,40,113.5,5,113.6,100,,,,,,,,,,,,,,
2026-07-09T23:23:43.275892+00:00,2026-07-09T23:23:43.276024,2,3,113.25,0.3,113.1,8,112.8,52,,,,,,,,,,,,,,,,,113.4,45,113.5,5,113.6,100,,,,,,,,,,,,,,
2026-07-09T23:23:43.281244+00:00,2026-07-09T23:23:43.281208,2,3,113.25,0.3,113.1,8,112.8,12,,,,,,,,,,,,,,,,,113.4,45,113.5,5,113.6,100,,,,,,,,,,,,,,
2026-07-09T23:23:43.286488+00:00,2026-07-09T23:23:43.286383,2,3,113.25,0.3,113.1,8,112.8,12,,,,,,,,,,,,,,,,,113.4,5,113.5,5,113.6,100,,,,,,,,,,,,,,
2026-07-09T23:23:43.291718+00:00,2026-07-09T23:23:43.291629,2,3,113.25,0.3,113.1,8,112.8,12,,,,,,,,,,,,,,,,,113.4,5,113.5,5,113.6,140,,,,,,,,,,,,,,
2026-07-09T23:23:43.296954+00:00,2026-07-09T23:23:43.296880,3,3,113.25,0.3,113.1,8,112.8,12,112.7,150,,,,,,,,,,,,,,,113.4,5,113.5,5,113.6,140,,,,,,,,,,,,,,
2026-07-09T23:23:43.349663+00:00,2026-07-09T23:23:43.349541,3,4,113.15,0.1,113.1,8,112.8,12,112.7,150,,,,,,,,,,,,,,,113.2,150,113.4,5,113.5,5,113.6,140,,,,,,,,,,,,
2026-07-09T23:23:43.432059+00:00,2026-07-09T23:23:43.432204,3,4,113.15,0.1,113.1,8,112.9,12,112.7,150,,,,,,,,,,,,,,,113.2,150,113.4,5,113.5,5,113.6,140,,,,,,,,,,,,
2026-07-09T23:23:43.448500+00:00,2026-07-09T23:23:43.448623,4,4,113.15,0.1,113.1,8,113.0,40,112.9,12,112.7,150,,,,,,,,,,,,,113.2,150,113.4,5,113.5,5,113.6,140,,,,,,,,,,,,
2026-07-09T23:23:43.641227+00:00,2026-07-09T23:23:43.641158,4,4,113.15,0.1,113.1,5,113.0,40,112.9,12,112.7,150,,,,,,,,,,,,,113.2,150,113.4,5,113.5,5,113.6,40,,,,,,,,,,,,
2026-07-09T23:23:43.686799+00:00,2026-07-09T23:23:43.686775,2,4,113.05,0.3,112.9,12,112.7,150,,,,,,,,,,,,,,,,,113.2,150,113.4,5,113.5,5,113.6,40,,,,,,,,,,,,
2026-07-09T23:23:43.697350+00:00,2026-07-09T23:23:43.697247,2,4,113.05,0.3,112.9,12,112.7,250,,,,,,,,,,,,,,,,,113.2,150,113.4,5,113.5,5,113.6,40,,,,,,,,,,,,
2026-07-09T23:23:43.758719+00:00,2026-07-09T23:23:43.758678,2,4,113.05,0.3,112.9,12,112.7,250,,,,,,,,,,,,,,,,,113.2,250,113.4,5,113.5,5,113.6,40,,,,,,,,,,,,
2026-07-09T23:23:43.763770+00:00,2026-07-09T23:23:43.763891,2,3,113.05,0.3,112.9,12,112.7,250,,,,,,,,,,,,,,,,,113.2,250,113.4,45,113.5,5,,,,,,,,,,,,,,
2026-07-09T23:23:44.295181+00:00,2026-07-09T23:23:44.295092,2,3,113.05,0.3,112.9,12,112.7,250,,,,,,,,,,,,,,,,,113.2,250,113.4,40,113.5,5,,,,,,,,,,,,,,
2026-07-09T23:23:44.300354+00:00,2026-07-09T23:23:44.300278,2,3,113.05,0.3,112.9,17,112.7,250,,,,,,,,,,,,,,,,,113.2,255,113.4,40,113.5,5,,,,,,,,,,,,,,
2026-07-09T23:23:45.257301+00:00,2026-07-09T23:23:45.257443,2,3,113.05,0.3,112.9,17,112.7,250,,,,,,,,,,,,,,,,,113.2,212,113.4,40,113.5,5,,,,,,,,,,,,,,
2026-07-09T23:23:45.318629+00:00,2026-07-09T23:23:45.318569,2,3,113.05,0.3,112.9,12,112.7,250,,,,,,,,,,,,,,,,,113.2,212,113.4,40,113.5,5,,,,,,,,,,,,,,
2026-07-09T23:23:45.323838+00:00,2026-07-09T23:23:45.323745,2,3,113.05,0.3,112.9,17,112.7,250,,,,,,,,,,,,,,,,,113.2,207,113.4,40,113.5,5,,,,,,,,,,,,,,
2026-07-09T23:23:45.328967+00:00,2026-07-09T23:23:45.328888,2,3,113.05,0.3,112.9,17,112.7,250,,,,,,,,,,,,,,,,,113.2,212,113.4,40,113.5,5,,,,,,,,,,,,,,
2026-07-09T23:23:45.365564+00:00,2026-07-09T23:23:45.365453,2,3,113.05,0.3,112.9,17,112.7,250,,,,,,,,,,,,,,,,,113.2,162,113.4,40,113.5,5,,,,,,,,,,,,,,
2026-07-09T23:23:46.346629+00:00,2026-07-09T23:23:46.346549,2,3,113.05,0.3,112.9,12,112.7,250,,,,,,,,,,,,,,,,,113.2,157,113.4,40,113.5,5,,,,,,,,,,,,,,
2026-07-09T23:23:46.358633+00:00,2026-07-09T23:23:46.351747,2,3,113.05,0.3,112.9,17,112.7,250,,,,,,,,,,,,,,,,,113.2,162,113.4,40,113.5,5,,,,,,,,,,,,,,
2026-07-09T23:23:46.403881+00:00,2026-07-09T23:23:46.403842,2,3,113.05,0.3,112.9,17,112.7,100,,,,,,,,,,,,,,,,,113.2,105,113.4,40,113.5,5,,,,,,,,,,,,,,
2026-07-09T23:23:46.459206+00:00,2026-07-09T23:23:46.459378,3,2,113.35,0.1,113.3,45,112.9,17,112.7,100,,,,,,,,,,,,,,,113.4,40,113.5,5,,,,,,,,,,,,,,,,
2026-07-09T23:23:46.513400+00:00,2026-07-09T23:23:46.513284,3,3,113.35,0.1,113.3,45,112.9,17,112.7,100,,,,,,,,,,,,,,,113.4,40,113.5,5,113.8,150,,,,,,,,,,,,,,
2026-07-09T23:23:46.695723+00:00,2026-07-09T23:23:46.695607,3,3,113.35,0.1,113.3,45,112.9,5,112.7,100,,,,,,,,,,,,,,,113.4,40,113.5,5,113.8,150,,,,,,,,,,,,,,
2026-07-09T23:23:46.706272+00:00,2026-07-09T23:23:46.706174,4,3,113.35,0.1,113.3,45,113.0,12,112.9,5,112.7,100,,,,,,,,,,,,,113.4,40,113.5,5,113.8,150,,,,,,,,,,,,,,
2026-07-09T23:23:46.806498+00:00,2026-07-09T23:23:46.806393,3,3,113.35,0.1,113.3,45,113.0,12,112.9,5,,,,,,,,,,,,,,,113.4,40,113.5,5,113.8,150,,,,,,,,,,,,,,
2026-07-09T23:23:46.858576+00:00,2026-07-09T23:23:46.856164,3,3,113.35,0.1,113.3,45,113.0,112,112.9,5,,,,,,,,,,,,,,,113.4,40,113.5,5,113.8,150,,,,,,,,,,,,,,
2026-07-09T23:23:46.916981+00:00,2026-07-09T23:23:46.916878,3,3,113.35,0.1,113.3,45,113.0,112,112.9,5,,,,,,,,,,,,,,,113.4,40,113.5,105,113.8,150,,,,,,,,,,,,,,
2026-07-09T23:23:47.018371+00:00,2026-07-09T23:23:47.018561,2,3,113.2,0.4,113.0,110,112.9,5,,,,,,,,,,,,,,,,,113.4,40,113.5,105,113.8,150,,,,,,,,,,,,,,
2026-07-09T23:23:47.368680+00:00,2026-07-09T23:23:47.368846,1,3,113.2,0.4,113.0,110,,,,,,,,,,,,,,,,,,,113.4,40,113.5,105,113.8,150,,,,,,,,,,,,,,
2026-07-09T23:23:47.374114+00:00,2026-07-09T23:23:47.374064,1,3,113.2,0.4,113.0,115,,,,,,,,,,,,,,,,,,,113.4,45,113.5,105,113.8,150,,,,,,,,,,,,,,
2026-07-09T23:23:47.527052+00:00,2026-07-09T23:23:47.526938,1,3,113.2,0.4,113.0,65,,,,,,,,,,,,,,,,,,,113.4,45,113.5,105,113.8,150,,,,,,,,,,,,,,
2026-07-09T23:23:48.395460+00:00,2026-07-09T23:23:48.395629,1,3,113.2,0.4,113.0,60,,,,,,,,,,,,,,,,,,,113.4,40,113.5,105,113.8,150,,,,,,,,,,,,,,
2026-07-09T23:23:48.406115+00:00,2026-07-09T23:23:48.406038,1,3,113.2,0.4,113.0,65,,,,,,,,,,,,,,,,,,,113.4,45,113.5,105,113.8,150,,,,,,,,,,,,,,
2026-07-09T23:23:48.980422+00:00,2026-07-09T23:23:48.980338,2,3,113.2,0.4,113.0,65,112.9,12,,,,,,,,,,,,,,,,,113.4,45,113.5,105,113.8,150,,,,,,,,,,,,,,
2026-07-09T23:23:48.990921+00:00,2026-07-09T23:23:48.990803,2,4,113.15,0.3,113.0,65,112.9,12,,,,,,,,,,,,,,,,,113.3,12,113.4,45,113.5,105,113.8,150,,,,,,,,,,,,
2026-07-09T23:23:49.420842+00:00,2026-07-09T23:23:49.420800,2,4,113.15,0.3,113.0,60,112.9,12,,,,,,,,,,,,,,,,,113.3,12,113.4,45,113.5,105,113.8,150,,,,,,,,,,,,
2026-07-09T23:23:49.426097+00:00,2026-07-09T23:23:49.425996,2,4,113.15,0.3,113.0,65,112.9,12,,,,,,,,,,,,,,,,,113.3,12,113.4,40,113.5,105,113.8,150,,,,,,,,,,,,
2026-07-09T23:23:49.431254+00:00,2026-07-09T23:23:49.431171,2,4,113.15,0.3,113.0,65,112.9,12,,,,,,,,,,,,,,,,,113.3,17,113.4,40,113.5,105,113.8,150,,,,,,,,,,,,
2026-07-09T23:23:49.592569+00:00,2026-07-09T23:23:49.592407,2,3,113.15,0.3,113.0,65,112.9,12,,,,,,,,,,,,,,,,,113.3,17,113.4,40,113.5,105,,,,,,,,,,,,,,
2026-07-09T23:23:49.640676+00:00,2026-07-09T23:23:49.640570,3,3,113.15,0.3,113.0,65,112.9,12,112.7,150,,,,,,,,,,,,,,,113.3,17,113.4,40,113.5,105,,,,,,,,,,,,,,
2026-07-09T23:23:49.645951+00:00,2026-07-09T23:23:49.645836,3,3,113.15,0.3,113.0,15,112.9,12,112.7,150,,,,,,,,,,,,,,,113.3,17,113.4,40,113.5,105,,,,,,,,,,,,,,
2026-07-09T23:23:49.694958+00:00,2026-07-09T23:23:49.694853,3,4,113.1,0.2,113.0,15,112.9,12,112.7,150,,,,,,,,,,,,,,,113.2,150,113.3,17,113.4,40,113.5,105,,,,,,,,,,,,
2026-07-09T23:23:49.746567+00:00,2026-07-09T23:23:49.746480,2,4,113.1,0.2,113.0,15,112.7,150,,,,,,,,,,,,,,,,,113.2,150,113.3,5,113.4,40,113.5,105,,,,,,,,,,,,
2026-07-09T23:23:49.751793+00:00,2026-07-09T23:23:49.751696,3,4,113.1,0.2,113.0,15,112.8,12,112.7,150,,,,,,,,,,,,,,,113.2,162,113.3,5,113.4,40,113.5,105,,,,,,,,,,,,
2026-07-09T23:23:49.969121+00:00,2026-07-09T23:23:49.969090,3,4,113.1,0.2,113.0,15,112.8,12,112.7,150,,,,,,,,,,,,,,,113.2,162,113.3,5,113.4,40,113.5,5,,,,,,,,,,,,
2026-07-09T23:23:49.974170+00:00,2026-07-09T23:23:49.974249,3,4,113.1,0.2,113.0,5,112.8,12,112.7,150,,,,,,,,,,,,,,,113.2,162,113.3,5,113.4,40,113.5,5,,,,,,,,,,,,
2026-07-09T23:23:50.023681+00:00,2026-07-09T23:23:50.023595,3,4,113.1,0.2,113.0,5,112.8,12,112.7,250,,,,,,,,,,,,,,,113.2,162,113.3,5,113.4,40,113.5,5,,,,,,,,,,,,
2026-07-09T23:23:50.076117+00:00,2026-07-09T23:23:50.076051,3,4,113.1,0.2,113.0,5,112.8,12,112.7,250,,,,,,,,,,,,,,,113.2,262,113.3,5,113.4,40,113.5,5,,,,,,,,,,,,
2026-07-09T23:23:50.453843+00:00,2026-07-09T23:23:50.453729,2,4,113.0,0.4,112.8,12,112.7,250,,,,,,,,,,,,,,,,,113.2,262,113.3,5,113.4,40,113.5,5,,,,,,,,,,,,
2026-07-09T23:23:50.459007+00:00,2026-07-09T23:23:50.458953,2,3,113.0,0.4,112.8,12,112.7,250,,,,,,,,,,,,,,,,,113.2,262,113.4,40,113.5,5,,,,,,,,,,,,,,
2026-07-09T23:23:50.469472+00:00,2026-07-09T23:23:50.469425,3,3,113.1,0.2,113.0,5,112.8,12,112.7,250,,,,,,,,,,,,,,,113.2,267,113.4,40,113.5,5,,,,,,,,,,,,,,
2026-07-09T23:23:51.184739+00:00,2026-07-09T23:23:51.184673,3,2,113.1,0.2,113.0,5,112.8,12,112.7,250,,,,,,,,,,,,,,,113.2,307,113.5,5,,,,,,,,,,,,,,,,
2026-07-09T23:23:51.501798+00:00,2026-07-09T23:23:51.501655,2,2,113.0,0.4,112.8,12,112.7,250,,,,,,,,,,,,,,,,,113.2,307,113.5,5,,,,,,,,,,,,,,,,
2026-07-09T23:23:51.506931+00:00,2026-07-09T23:23:51.506879,2,2,113.0,0.4,112.8,12,112.7,250,,,,,,,,,,,,,,,,,113.2,302,113.5,5,,,,,,,,,,,,,,,,
2026-07-09T23:23:51.512176+00:00,2026-07-09T23:23:51.512070,3,2,113.1,0.2,113.0,5,112.8,12,112.7,250,,,,,,,,,,,,,,,113.2,307,113.5,5,,,,,,,,,,,,,,,,
2026-07-09T23:23:51.531683+00:00,2026-07-09T23:23:51.531846,3,1,113.1,0.2,113.0,5,112.8,12,112.7,250,,,,,,,,,,,,,,,113.2,307,,,,,,,,,,,,,,,,,,
2026-07-09T23:23:51.758555+00:00,2026-07-09T23:23:51.756823,1,1,112.95,0.5,112.7,229,,,,,,,,,,,,,,,,,,,113.2,295,,,,,,,,,,,,,,,,,,
2026-07-09T23:23:51.769599+00:00,2026-07-09T23:23:51.769698,1,2,112.9,0.4,112.7,229,,,,,,,,,,,,,,,,,,,113.1,12,113.2,295,,,,,,,,,,,,,,,,
2026-07-09T23:23:52.491188+00:00,2026-07-09T23:23:52.491075,1,3,112.9,0.4,112.7,229,,,,,,,,,,,,,,,,,,,113.1,12,113.2,295,113.3,5,,,,,,,,,,,,,,
2026-07-09T23:23:52.532471+00:00,2026-07-09T23:23:52.532383,1,3,112.9,0.4,112.7,234,,,,,,,,,,,,,,,,,,,113.1,12,113.2,290,113.3,5,,,,,,,,,,,,,,
2026-07-09T23:23:52.537625+00:00,2026-07-09T23:23:52.537547,1,3,112.9,0.4,112.7,234,,,,,,,,,,,,,,,,,,,113.1,17,113.2,290,113.3,5,,,,,,,,,,,,,,
2026-07-09T23:23:52.758912+00:00,2026-07-09T23:23:52.758707,1,3,112.9,0.4,112.7,117,,,,,,,,,,,,,,,,,,,113.1,17,113.2,140,113.3,5,,,,,,,,,,,,,,
2026-07-09T23:23:52.802156+00:00,2026-07-09T23:23:52.802056,2,3,112.9,0.4,112.7,117,112.4,150,,,,,,,,,,,,,,,,,113.1,17,113.2,140,113.3,5,,,,,,,,,,,,,,
2026-07-09T23:23:52.869421+00:00,2026-07-09T23:23:52.862664,2,4,112.8,0.2,112.7,117,112.4,150,,,,,,,,,,,,,,,,,112.9,147,113.1,17,113.2,140,113.3,5,,,,,,,,,,,,
2026-07-09T23:23:53.133618+00:00,2026-07-09T23:23:53.133761,2,4,112.8,0.2,112.7,17,112.4,150,,,,,,,,,,,,,,,,,112.9,147,113.1,17,113.2,40,113.3,5,,,,,,,,,,,,
2026-07-09T23:23:53.189494+00:00,2026-07-09T23:23:53.189395,3,4,112.8,0.2,112.7,17,112.5,100,112.4,150,,,,,,,,,,,,,,,112.9,147,113.1,17,113.2,40,113.3,5,,,,,,,,,,,,
2026-07-09T23:23:53.241366+00:00,2026-07-09T23:23:53.241459,3,5,112.8,0.2,112.7,17,112.5,100,112.4,150,,,,,,,,,,,,,,,112.9,147,113.0,100,113.1,17,113.2,40,113.3,5,,,,,,,,,,
2026-07-09T23:23:53.464074+00:00,2026-07-09T23:23:53.463836,3,5,112.8,0.2,112.7,17,112.5,100,112.4,150,,,,,,,,,,,,,,,112.9,102,113.0,100,113.1,17,113.2,40,113.3,5,,,,,,,,,,
2026-07-09T23:23:53.554188+00:00,2026-07-09T23:23:53.554055,3,5,112.8,0.2,112.7,12,112.5,100,112.4,150,,,,,,,,,,,,,,,112.9,102,113.0,100,113.1,17,113.2,40,113.3,5,,,,,,,,,,
2026-07-09T23:23:53.564683+00:00,2026-07-09T23:23:53.564633,3,5,112.8,0.2,112.7,17,112.5,100,112.4,150,,,,,,,,,,,,,,,112.9,102,113.0,100,113.1,12,113.2,40,113.3,5,,,,,,,,,,
2026-07-09T23:23:53.569916+00:00,2026-07-09T23:23:53.569801,3,5,112.8,0.2,112.7,17,112.5,100,112.4,150,,,,,,,,,,,,,,,112.9,107,113.0,100,113.1,12,113.2,40,113.3,5,,,,,,,,,,
2026-07-09T23:23:53.892009+00:00,2026-07-09T23:23:53.891829,2,5,112.7,0.4,112.5,67,112.4,150,,,,,,,,,,,,,,,,,112.9,107,113.0,100,113.1,12,113.2,40,113.3,5,,,,,,,,,,
2026-07-09T23:23:54.032121+00:00,2026-07-09T23:23:54.032053,3,4,112.75,0.3,112.6,12,112.5,67,112.4,150,,,,,,,,,,,,,,,112.9,107,113.0,100,113.2,40,113.3,5,,,,,,,,,,,,
2026-07-09T23:23:54.037280+00:00,2026-07-09T23:23:54.037219,3,4,112.75,0.3,112.6,12,112.5,67,112.4,150,,,,,,,,,,,,,,,112.9,107,113.0,112,113.2,40,113.3,5,,,,,,,,,,,,
2026-07-09T23:23:54.300380+00:00,2026-07-09T23:23:54.300262,2,4,112.7,0.4,112.5,67,112.4,150,,,,,,,,,,,,,,,,,112.9,107,113.0,100,113.2,40,113.3,5,,,,,,,,,,,,
2026-07-09T23:23:54.305458+00:00,2026-07-09T23:23:54.305419,3,4,112.8,0.2,112.7,12,112.5,67,112.4,150,,,,,,,,,,,,,,,112.9,107,113.0,100,113.2,40,113.3,5,,,,,,,,,,,,
2026-07-09T23:23:54.310637+00:00,2026-07-09T23:23:54.310578,3,4,112.8,0.2,112.7,12,112.5,67,112.4,150,,,,,,,,,,,,,,,112.9,107,113.0,112,113.2,40,113.3,5,,,,,,,,,,,,
2026-07-09T23:23:54.492677+00:00,2026-07-09T23:23:54.492474,3,4,112.8,0.2,112.7,12,112.5,67,112.4,150,,,,,,,,,,,,,,,112.9,107,113.0,112,113.2,40,113.3,3,,,,,,,,,,,,
2026-07-09T23:23:54.592191+00:00,2026-07-09T23:23:54.592114,3,4,112.8,0.2,112.7,17,112.5,67,112.4,150,,,,,,,,,,,,,,,112.9,102,113.0,112,113.2,40,113.3,3,,,,,,,,,,,,
2026-07-09T23:23:54.597414+00:00,2026-07-09T23:23:54.597314,3,4,112.8,0.2,112.7,17,112.5,67,112.4,150,,,,,,,,,,,,,,,112.9,107,113.0,112,113.2,40,113.3,3,,,,,,,,,,,,
2026-07-09T23:23:55.069002+00:00,2026-07-09T23:23:55.062384,3,4,112.8,0.2,112.7,17,112.5,67,112.4,150,,,,,,,,,,,,,,,112.9,96,113.0,112,113.2,40,113.3,3,,,,,,,,,,,,
2026-07-09T23:23:55.147885+00:00,2026-07-09T23:23:55.147721,3,3,112.8,0.2,112.7,17,112.5,67,112.4,150,,,,,,,,,,,,,,,112.9,96,113.0,112,113.3,3,,,,,,,,,,,,,,
2026-07-09T23:23:55.153036+00:00,2026-07-09T23:23:55.152917,3,4,112.8,0.2,112.7,17,112.5,67,112.4,150,,,,,,,,,,,,,,,112.9,96,113.0,112,113.3,3,113.4,40,,,,,,,,,,,,
2026-07-09T23:23:55.585716+00:00,2026-07-09T23:23:55.585583,3,4,112.8,0.2,112.7,17,112.5,67,112.4,150,,,,,,,,,,,,,,,112.9,96,113.0,112,113.3,2,113.4,40,,,,,,,,,,,,
2026-07-09T23:23:55.639750+00:00,2026-07-09T23:23:55.639691,3,4,112.8,0.2,112.7,12,112.5,67,112.4,150,,,,,,,,,,,,,,,112.9,91,113.0,112,113.3,2,113.4,40,,,,,,,,,,,,
2026-07-09T23:23:55.644787+00:00,2026-07-09T23:23:55.644946,3,4,112.8,0.2,112.7,17,112.5,67,112.4,150,,,,,,,,,,,,,,,112.9,96,113.0,112,113.3,2,113.4,40,,,,,,,,,,,,
2026-07-09T23:23:55.914833+00:00,2026-07-09T23:23:55.914994,2,4,112.8,0.2,112.7,17,112.5,67,,,,,,,,,,,,,,,,,112.9,5,113.0,112,113.3,2,113.4,40,,,,,,,,,,,,
2026-07-09T23:23:55.970279+00:00,2026-07-09T23:23:55.970151,2,4,112.8,0.2,112.7,167,112.5,67,,,,,,,,,,,,,,,,,112.9,5,113.0,112,113.3,2,113.4,40,,,,,,,,,,,,
2026-07-09T23:23:56.002842+00:00,2026-07-09T23:23:56.002694,2,4,112.8,0.2,112.7,117,112.5,67,,,,,,,,,,,,,,,,,112.9,5,113.0,112,113.3,2,113.4,40,,,,,,,,,,,,
2026-07-09T23:23:56.022698+00:00,2026-07-09T23:23:56.022582,2,5,112.8,0.2,112.7,117,112.5,67,,,,,,,,,,,,,,,,,112.9,5,113.0,112,113.2,150,113.3,2,113.4,40,,,,,,,,,,
2026-07-09T23:23:56.065655+00:00,2026-07-09T23:23:56.065533,2,5,112.8,0.2,112.7,117,112.5,67,,,,,,,,,,,,,,,,,112.9,5,113.0,100,113.2,150,113.3,2,113.4,40,,,,,,,,,,
2026-07-09T23:23:56.070612+00:00,2026-07-09T23:23:56.070807,3,6,112.85,0.1,112.8,12,112.7,117,112.5,67,,,,,,,,,,,,,,,112.9,5,113.0,100,113.1,12,113.2,150,113.3,2,113.4,40,,,,,,,,
2026-07-09T23:23:56.300399+00:00,2026-07-09T23:23:56.300325,2,5,112.85,0.1,112.8,12,112.7,117,,,,,,,,,,,,,,,,,112.9,5,113.1,12,113.2,150,113.3,2,113.4,40,,,,,,,,,,
2026-07-09T23:23:56.358589+00:00,2026-07-09T23:23:56.353902,3,5,112.85,0.1,112.8,12,112.7,117,112.5,100,,,,,,,,,,,,,,,112.9,5,113.1,12,113.2,150,113.3,2,113.4,40,,,,,,,,,,
2026-07-09T23:23:56.406545+00:00,2026-07-09T23:23:56.406346,3,6,112.85,0.1,112.8,12,112.7,117,112.5,100,,,,,,,,,,,,,,,112.9,5,113.0,100,113.1,12,113.2,150,113.3,2,113.4,40,,,,,,,,
2026-07-09T23:23:56.602324+00:00,2026-07-09T23:23:56.602242,3,5,112.85,0.1,112.8,12,112.7,117,112.5,100,,,,,,,,,,,,,,,112.9,5,113.0,100,113.1,12,113.2,150,113.4,40,,,,,,,,,,
2026-07-09T23:23:56.669052+00:00,2026-07-09T23:23:56.669019,3,4,112.9,0.2,112.8,17,112.7,117,112.5,100,,,,,,,,,,,,,,,113.0,100,113.1,12,113.2,150,113.4,40,,,,,,,,,,,,
2026-07-09T23:23:56.674399+00:00,2026-07-09T23:23:56.674248,3,5,112.85,0.1,112.8,17,112.7,117,112.5,100,,,,,,,,,,,,,,,112.9,5,113.0,100,113.1,12,113.2,150,113.4,40,,,,,,,,,,
2026-07-09T23:23:57.696823+00:00,2026-07-09T23:23:57.696764,3,4,112.9,0.2,112.8,12,112.7,117,112.5,100,,,,,,,,,,,,,,,113.0,100,113.1,12,113.2,150,113.4,40,,,,,,,,,,,,
2026-07-09T23:23:57.702069+00:00,2026-07-09T23:23:57.701977,3,5,112.85,0.1,112.8,17,112.7,117,112.5,100,,,,,,,,,,,,,,,112.9,5,113.0,100,113.1,12,113.2,150,113.4,40,,,,,,,,,,
2026-07-09T23:23:58.132288+00:00,2026-07-09T23:23:58.132425,2,5,112.8,0.2,112.7,84,112.5,100,,,,,,,,,,,,,,,,,112.9,5,113.0,100,113.1,12,113.2,150,113.4,40,,,,,,,,,,
2026-07-09T23:23:58.716230+00:00,2026-07-09T23:23:58.716347,2,4,112.85,0.3,112.7,84,112.5,100,,,,,,,,,,,,,,,,,113.0,100,113.1,12,113.2,150,113.4,40,,,,,,,,,,,,
2026-07-09T23:23:58.721562+00:00,2026-07-09T23:23:58.721513,2,4,112.85,0.3,112.7,89,112.5,100,,,,,,,,,,,,,,,,,113.0,100,113.1,12,113.2,150,113.4,40,,,,,,,,,,,,
2026-07-09T23:23:58.726728+00:00,2026-07-09T23:23:58.726689,2,5,112.8,0.2,112.7,89,112.5,100,,,,,,,,,,,,,,,,,112.9,5,113.0,100,113.1,12,113.2,150,113.4,40,,,,,,,,,,
2026-07-09T23:23:59.011372+00:00,2026-07-09T23:23:59.005504,2,4,112.85,0.3,112.7,89,112.5,100,,,,,,,,,,,,,,,,,113.0,100,113.1,12,113.2,150,113.4,40,,,,,,,,,,,,
2026-07-09T23:23:59.074570+00:00,2026-07-09T23:23:59.074529,2,2,112.85,0.3,112.7,5,112.5,100,,,,,,,,,,,,,,,,,113.0,100,113.1,12,,,,,,,,,,,,,,,,
2026-07-09T23:23:59.079833+00:00,2026-07-09T23:23:59.079755,2,3,112.85,0.3,112.7,5,112.5,100,,,,,,,,,,,,,,,,,113.0,100,113.1,12,113.6,40,,,,,,,,,,,,,,
2026-07-09T23:23:59.131442+00:00,2026-07-09T23:23:59.131349,3,3,112.85,0.3,112.7,5,112.6,150,112.5,100,,,,,,,,,,,,,,,113.0,100,113.1,12,113.6,40,,,,,,,,,,,,,,
2026-07-09T23:23:59.184194+00:00,2026-07-09T23:23:59.184066,3,3,112.85,0.3,112.7,5,112.6,150,112.5,100,,,,,,,,,,,,,,,113.0,100,113.1,162,113.6,40,,,,,,,,,,,,,,
2026-07-09T23:23:59.458550+00:00,2026-07-09T23:23:59.454900,2,2,112.9,0.4,112.7,5,112.6,150,,,,,,,,,,,,,,,,,113.1,162,113.6,40,,,,,,,,,,,,,,,,
2026-07-09T23:23:59.515310+00:00,2026-07-09T23:23:59.515204,2,2,112.9,0.4,112.7,5,112.6,250,,,,,,,,,,,,,,,,,113.1,162,113.6,40,,,,,,,,,,,,,,,,
2026-07-09T23:23:59.568420+00:00,2026-07-09T23:23:59.568561,2,2,112.9,0.4,112.7,5,112.6,250,,,,,,,,,,,,,,,,,113.1,262,113.6,40,,,,,,,,,,,,,,,,
2026-07-09T23:23:59.738230+00:00,2026-07-09T23:23:59.738328,1,2,112.85,0.5,112.6,250,,,,,,,,,,,,,,,,,,,113.1,262,113.6,40,,,,,,,,,,,,,,,,
2026-07-09T23:23:59.743620+00:00,2026-07-09T23:23:59.743558,2,2,112.9,0.4,112.7,5,112.6,250,,,,,,,,,,,,,,,,,113.1,267,113.6,40,,,,,,,,,,,,,,,,
2026-07-09T23:24:00.024639+00:00,2026-07-09T23:24:00.024543,2,2,112.9,0.4,112.7,5,112.6,250,,,,,,,,,,,,,,,,,113.1,220,113.6,40,,,,,,,,,,,,,,,,
2026-07-09T23:24:00.236803+00:00,2026-07-09T23:24:00.236739,1,2,112.85,0.5,112.6,205,,,,,,,,,,,,,,,,,,,113.1,220,113.6,40,,,,,,,,,,,,,,,,
2026-07-09T23:24:00.448808+00:00,2026-07-09T23:24:00.448691,1,1,112.85,0.5,112.6,205,,,,,,,,,,,,,,,,,,,113.1,220,,,,,,,,,,,,,,,,,,
2026-07-09T23:24:00.453840+00:00,2026-07-09T23:24:00.454015,1,2,112.85,0.5,112.6,205,,,,,,,,,,,,,,,,,,,113.1,220,113.4,40,,,,,,,,,,,,,,,,
2026-07-09T23:24:00.755707+00:00,2026-07-09T23:24:00.755855,1,2,112.85,0.5,112.6,205,,,,,,,,,,,,,,,,,,,113.1,215,113.4,40,,,,,,,,,,,,,,,,
2026-07-09T23:24:00.761142+00:00,2026-07-09T23:24:00.761066,1,2,112.85,0.5,112.6,210,,,,,,,,,,,,,,,,,,,113.1,220,113.4,40,,,,,,,,,,,,,,,,
2026-07-09T23:24:01.784834+00:00,2026-07-09T23:24:01.784812,1,2,112.85,0.5,112.6,205,,,,,,,,,,,,,,,,,,,113.1,215,113.4,40,,,,,,,,,,,,,,,,
2026-07-09T23:24:01.790104+00:00,2026-07-09T23:24:01.789991,1,2,112.85,0.5,112.6,210,,,,,,,,,,,,,,,,,,,113.1,215,113.4,40,,,,,,,,,,,,,,,,
2026-07-09T23:24:01.795255+00:00,2026-07-09T23:24:01.795190,1,2,112.85,0.5,112.6,210,,,,,,,,,,,,,,,,,,,113.1,220,113.4,40,,,,,,,,,,,,,,,,
2026-07-09T23:24:02.237733+00:00,2026-07-09T23:24:02.237590,1,2,112.85,0.5,112.6,105,,,,,,,,,,,,,,,,,,,113.1,105,113.4,40,,,,,,,,,,,,,,,,
2026-07-09T23:24:02.295936+00:00,2026-07-09T23:24:02.296068,2,2,112.85,0.5,112.6,105,112.4,150,,,,,,,,,,,,,,,,,113.1,105,113.4,40,,,,,,,,,,,,,,,,
2026-07-09T23:24:02.346396+00:00,2026-07-09T23:24:02.346373,2,3,112.75,0.3,112.6,105,112.4,150,,,,,,,,,,,,,,,,,112.9,150,113.1,105,113.4,40,,,,,,,,,,,,,,
2026-07-09T23:24:02.351718+00:00,2026-07-09T23:24:02.351582,2,3,112.75,0.3,112.6,55,112.4,150,,,,,,,,,,,,,,,,,112.9,150,113.1,105,113.4,40,,,,,,,,,,,,,,
2026-07-09T23:24:02.623916+00:00,2026-07-09T23:24:02.623808,2,3,112.75,0.3,112.6,5,112.4,150,,,,,,,,,,,,,,,,,112.9,150,113.1,5,113.4,40,,,,,,,,,,,,,,
2026-07-09T23:24:02.677931+00:00,2026-07-09T23:24:02.677889,2,3,112.75,0.3,112.6,5,112.4,250,,,,,,,,,,,,,,,,,112.9,150,113.1,5,113.4,40,,,,,,,,,,,,,,
2026-07-09T23:24:02.743125+00:00,2026-07-09T23:24:02.735061,2,4,112.7,0.2,112.6,5,112.4,250,,,,,,,,,,,,,,,,,112.8,93,112.9,150,113.1,5,113.4,40,,,,,,,,,,,,
2026-07-09T23:24:02.816673+00:00,2026-07-09T23:24:02.816634,1,4,112.6,0.4,112.4,250,,,,,,,,,,,,,,,,,,,112.8,93,112.9,150,113.1,5,113.4,40,,,,,,,,,,,,
2026-07-09T23:24:02.822054+00:00,2026-07-09T23:24:02.821946,2,3,112.7,0.2,112.6,5,112.4,250,,,,,,,,,,,,,,,,,112.8,98,112.9,150,113.4,40,,,,,,,,,,,,,,
2026-07-09T23:24:02.903891+00:00,2026-07-09T23:24:02.896346,2,3,112.7,0.2,112.6,5,112.4,250,,,,,,,,,,,,,,,,,112.8,87,112.9,150,113.4,40,,,,,,,,,,,,,,
2026-07-09T23:24:03.834166+00:00,2026-07-09T23:24:03.834106,1,3,112.6,0.4,112.4,250,,,,,,,,,,,,,,,,,,,112.8,87,112.9,150,113.4,40,,,,,,,,,,,,,,
2026-07-09T23:24:03.839401+00:00,2026-07-09T23:24:03.839300,1,3,112.6,0.4,112.4,250,,,,,,,,,,,,,,,,,,,112.8,82,112.9,150,113.4,40,,,,,,,,,,,,,,
2026-07-09T23:24:03.844579+00:00,2026-07-09T23:24:03.844524,2,3,112.7,0.2,112.6,5,112.4,250,,,,,,,,,,,,,,,,,112.8,87,112.9,150,113.4,40,,,,,,,,,,,,,,
2026-07-09T23:24:04.268013+00:00,2026-07-09T23:24:04.262075,2,3,112.7,0.2,112.6,5,112.4,250,,,,,,,,,,,,,,,,,112.8,75,112.9,150,113.4,40,,,,,,,,,,,,,,
2026-07-09T23:24:04.374159+00:00,2026-07-09T23:24:04.374079,2,2,112.7,0.2,112.6,5,112.4,250,,,,,,,,,,,,,,,,,112.8,75,112.9,150,,,,,,,,,,,,,,,,
2026-07-09T23:24:04.379258+00:00,2026-07-09T23:24:04.379222,2,3,112.7,0.2,112.6,5,112.4,250,,,,,,,,,,,,,,,,,112.8,75,112.9,150,113.6,40,,,,,,,,,,,,,,
2026-07-09T23:24:04.412405+00:00,2026-07-09T23:24:04.412287,2,3,112.7,0.2,112.6,5,112.4,250,,,,,,,,,,,,,,,,,112.8,25,112.9,150,113.6,40,,,,,,,,,,,,,,
2026-07-09T23:24:04.615841+00:00,2026-07-09T23:24:04.615750,3,4,112.75,0.1,112.7,12,112.6,5,112.4,250,,,,,,,,,,,,,,,112.8,25,112.9,150,113.3,12,113.6,40,,,,,,,,,,,,
2026-07-09T23:24:04.858567+00:00,2026-07-09T23:24:04.858363,2,4,112.75,0.1,112.7,17,112.4,250,,,,,,,,,,,,,,,,,112.8,20,112.9,150,113.3,12,113.6,40,,,,,,,,,,,,
2026-07-09T23:24:04.870070+00:00,2026-07-09T23:24:04.869970,2,4,112.75,0.1,112.7,17,112.4,250,,,,,,,,,,,,,,,,,112.8,25,112.9,150,113.3,12,113.6,40,,,,,,,,,,,,
2026-07-09T23:24:05.405242+00:00,2026-07-09T23:24:05.405183,2,3,112.75,0.1,112.7,17,112.4,100,,,,,,,,,,,,,,,,,112.8,25,113.3,12,113.6,40,,,,,,,,,,,,,,
2026-07-09T23:24:05.458591+00:00,2026-07-09T23:24:05.455889,3,3,112.75,0.1,112.7,17,112.6,150,112.4,100,,,,,,,,,,,,,,,112.8,25,113.3,12,113.6,40,,,,,,,,,,,,,,
2026-07-09T23:24:05.511074+00:00,2026-07-09T23:24:05.511165,3,4,112.75,0.1,112.7,17,112.6,150,112.4,100,,,,,,,,,,,,,,,112.8,25,113.1,150,113.3,12,113.6,40,,,,,,,,,,,,
2026-07-09T23:24:05.780067+00:00,2026-07-09T23:24:05.779996,3,4,112.75,0.1,112.7,17,112.6,150,112.4,100,,,,,,,,,,,,,,,112.8,5,113.1,150,113.3,12,113.6,40,,,,,,,,,,,,
2026-07-09T23:24:05.785268+00:00,2026-07-09T23:24:05.785202,2,4,112.75,0.1,112.7,17,112.6,150,,,,,,,,,,,,,,,,,112.8,5,113.1,150,113.3,12,113.6,40,,,,,,,,,,,,
2026-07-09T23:24:05.840720+00:00,2026-07-09T23:24:05.840634,3,3,112.95,0.3,112.8,95,112.7,17,112.6,150,,,,,,,,,,,,,,,113.1,150,113.3,12,113.6,40,,,,,,,,,,,,,,
2026-07-09T23:24:05.873003+00:00,2026-07-09T23:24:05.872952,3,3,112.95,0.3,112.8,95,112.7,5,112.6,150,,,,,,,,,,,,,,,113.1,150,113.3,12,113.6,40,,,,,,,,,,,,,,
2026-07-09T23:24:05.878194+00:00,2026-07-09T23:24:05.878140,3,2,112.95,0.3,112.8,95,112.7,5,112.6,150,,,,,,,,,,,,,,,113.1,150,113.6,40,,,,,,,,,,,,,,,,
2026-07-09T23:24:05.883461+00:00,2026-07-09T23:24:05.883427,4,3,113.0,0.2,112.9,12,112.8,95,112.7,5,112.6,150,,,,,,,,,,,,,113.1,150,113.2,12,113.6,40,,,,,,,,,,,,,,
2026-07-09T23:24:05.888735+00:00,2026-07-09T23:24:05.888631,3,3,113.0,0.2,112.9,17,112.8,95,112.6,150,,,,,,,,,,,,,,,113.1,150,113.2,12,113.6,40,,,,,,,,,,,,,,
2026-07-09T23:24:05.893878+00:00,2026-07-09T23:24:05.893811,3,4,113.0,0.2,112.9,17,112.8,95,112.6,150,,,,,,,,,,,,,,,113.1,155,113.2,12,113.3,100,113.6,40,,,,,,,,,,,,
2026-07-09T23:24:06.216464+00:00,2026-07-09T23:24:06.216558,4,4,113.0,0.2,112.9,17,112.8,95,112.7,4,112.6,150,,,,,,,,,,,,,113.1,155,113.2,12,113.3,100,113.6,40,,,,,,,,,,,,
2026-07-09T23:24:06.329668+00:00,2026-07-09T23:24:06.329561,4,5,112.95,0.1,112.9,17,112.8,95,112.7,4,112.6,150,,,,,,,,,,,,,113.0,2,113.1,155,113.2,12,113.3,100,113.6,40,,,,,,,,,,
2026-07-09T23:24:06.582364+00:00,2026-07-09T23:24:06.582326,4,4,113.0,0.2,112.9,17,112.8,95,112.7,4,112.6,150,,,,,,,,,,,,,113.1,116,113.2,12,113.3,100,113.6,40,,,,,,,,,,,,
2026-07-09T23:24:06.594153+00:00,2026-07-09T23:24:06.594041,3,4,112.95,0.3,112.8,62,112.7,4,112.6,150,,,,,,,,,,,,,,,113.1,116,113.2,12,113.3,100,113.6,40,,,,,,,,,,,,
2026-07-09T23:24:06.908454+00:00,2026-07-09T23:24:06.908344,3,4,112.95,0.3,112.8,62,112.7,4,112.6,150,,,,,,,,,,,,,,,113.1,111,113.2,12,113.3,100,113.6,40,,,,,,,,,,,,
2026-07-09T23:24:06.913651+00:00,2026-07-09T23:24:06.913541,3,4,112.95,0.3,112.8,67,112.7,4,112.6,150,,,,,,,,,,,,,,,113.1,116,113.2,12,113.3,100,113.6,40,,,,,,,,,,,,
2026-07-09T23:24:07.158538+00:00,2026-07-09T23:24:07.157392,3,4,112.95,0.3,112.8,67,112.7,3,112.6,150,,,,,,,,,,,,,,,113.1,116,113.2,12,113.3,100,113.6,40,,,,,,,,,,,,
2026-07-09T23:24:07.314625+00:00,2026-07-09T23:24:07.314496,3,5,112.9,0.2,112.8,67,112.7,3,112.6,150,,,,,,,,,,,,,,,113.0,2,113.1,116,113.2,12,113.3,100,113.6,40,,,,,,,,,,
2026-07-09T23:24:07.930991+00:00,2026-07-09T23:24:07.931117,3,5,112.9,0.2,112.8,62,112.7,3,112.6,150,,,,,,,,,,,,,,,113.0,2,113.1,116,113.2,12,113.3,100,113.6,40,,,,,,,,,,
2026-07-09T23:24:07.936386+00:00,2026-07-09T23:24:07.936274,3,5,112.9,0.2,112.8,62,112.7,3,112.6,150,,,,,,,,,,,,,,,113.0,2,113.1,111,113.2,12,113.3,100,113.6,40,,,,,,,,,,
2026-07-09T23:24:07.941558+00:00,2026-07-09T23:24:07.941495,3,5,112.9,0.2,112.8,67,112.7,3,112.6,150,,,,,,,,,,,,,,,113.0,7,113.1,111,113.2,12,113.3,100,113.6,40,,,,,,,,,,
2026-07-09T23:24:08.568638+00:00,2026-07-09T23:24:08.568564,2,4,112.9,0.2,112.8,67,112.7,3,,,,,,,,,,,,,,,,,113.0,7,113.2,12,113.3,100,113.6,40,,,,,,,,,,,,
2026-07-09T23:24:08.620360+00:00,2026-07-09T23:24:08.620326,2,4,112.9,0.2,112.8,217,112.7,3,,,,,,,,,,,,,,,,,113.0,7,113.2,12,113.3,100,113.6,40,,,,,,,,,,,,
2026-07-09T23:24:08.674168+00:00,2026-07-09T23:24:08.674077,2,4,112.9,0.2,112.8,217,112.7,3,,,,,,,,,,,,,,,,,113.0,7,113.2,12,113.3,250,113.6,40,,,,,,,,,,,,
2026-07-09T23:24:08.702419+00:00,2026-07-09T23:24:08.702539,2,4,112.9,0.2,112.8,167,112.7,3,,,,,,,,,,,,,,,,,113.0,7,113.2,12,113.3,250,113.6,40,,,,,,,,,,,,
2026-07-09T23:24:08.958606+00:00,2026-07-09T23:24:08.956369,2,4,112.9,0.2,112.8,155,112.7,3,,,,,,,,,,,,,,,,,113.0,7,113.2,12,113.3,150,113.6,40,,,,,,,,,,,,
2026-07-09T23:24:08.980919+00:00,2026-07-09T23:24:08.981036,2,4,112.9,0.2,112.8,150,112.7,3,,,,,,,,,,,,,,,,,113.0,7,113.2,12,113.3,150,113.6,40,,,,,,,,,,,,
2026-07-09T23:24:08.986357+00:00,2026-07-09T23:24:08.986240,2,4,112.9,0.2,112.8,150,112.7,3,,,,,,,,,,,,,,,,,113.0,2,113.2,12,113.3,150,113.6,40,,,,,,,,,,,,
2026-07-09T23:24:08.991484+00:00,2026-07-09T23:24:08.991425,2,4,112.9,0.2,112.8,155,112.7,3,,,,,,,,,,,,,,,,,113.0,2,113.2,12,113.3,150,113.6,40,,,,,,,,,,,,
2026-07-09T23:24:08.996789+00:00,2026-07-09T23:24:08.996598,2,4,112.9,0.2,112.8,155,112.7,3,,,,,,,,,,,,,,,,,113.0,7,113.2,12,113.3,150,113.6,40,,,,,,,,,,,,
2026-07-09T23:24:09.017288+00:00,2026-07-09T23:24:09.017212,3,4,112.9,0.2,112.8,155,112.7,3,112.5,100,,,,,,,,,,,,,,,113.0,7,113.2,12,113.3,150,113.6,40,,,,,,,,,,,,
2026-07-09T23:24:09.072840+00:00,2026-07-09T23:24:09.072761,3,4,112.9,0.2,112.8,155,112.7,3,112.5,100,,,,,,,,,,,,,,,113.0,107,113.2,12,113.3,150,113.6,40,,,,,,,,,,,,
2026-07-09T23:24:10.007734+00:00,2026-07-09T23:24:10.007869,3,4,112.9,0.2,112.8,150,112.7,3,112.5,100,,,,,,,,,,,,,,,113.0,107,113.2,12,113.3,150,113.6,40,,,,,,,,,,,,
2026-07-09T23:24:10.012947+00:00,2026-07-09T23:24:10.013021,3,4,112.9,0.2,112.8,150,112.7,3,112.5,100,,,,,,,,,,,,,,,113.0,102,113.2,12,113.3,150,113.6,40,,,,,,,,,,,,
2026-07-09T23:24:10.018094+00:00,2026-07-09T23:24:10.018221,3,4,112.9,0.2,112.8,155,112.7,3,112.5,100,,,,,,,,,,,,,,,113.0,107,113.2,12,113.3,150,113.6,40,,,,,,,,,,,,
2026-07-09T23:24:10.648455+00:00,2026-07-09T23:24:10.648636,3,3,112.9,0.2,112.8,155,112.7,3,112.5,100,,,,,,,,,,,,,,,113.0,107,113.3,150,113.6,40,,,,,,,,,,,,,,
2026-07-09T23:24:10.668936+00:00,2026-07-09T23:24:10.668824,4,3,112.95,0.1,112.9,12,112.8,155,112.7,3,112.5,100,,,,,,,,,,,,,113.0,107,113.3,162,113.6,40,,,,,,,,,,,,,,
2026-07-09T23:24:10.763920+00:00,2026-07-09T23:24:10.763829,4,3,112.95,0.1,112.9,12,112.8,155,112.7,3,112.5,100,,,,,,,,,,,,,113.0,57,113.3,162,113.6,40,,,,,,,,,,,,,,
2026-07-09T23:24:10.924735+00:00,2026-07-09T23:24:10.924636,4,3,112.95,0.1,112.9,12,112.8,155,112.7,3,112.5,100,,,,,,,,,,,,,113.0,60,113.3,162,113.6,40,,,,,,,,,,,,,,
2026-07-09T23:24:11.006857+00:00,2026-07-09T23:24:11.006826,4,3,112.95,0.1,112.9,12,112.8,155,112.7,3,112.5,100,,,,,,,,,,,,,113.0,16,113.3,162,113.6,40,,,,,,,,,,,,,,
2026-07-09T23:24:11.031314+00:00,2026-07-09T23:24:11.031506,4,3,112.95,0.1,112.9,12,112.8,150,112.7,3,112.5,100,,,,,,,,,,,,,113.0,16,113.3,162,113.8,40,,,,,,,,,,,,,,
2026-07-09T23:24:11.036717+00:00,2026-07-09T23:24:11.036666,4,3,112.95,0.1,112.9,12,112.8,150,112.7,3,112.5,100,,,,,,,,,,,,,113.0,11,113.3,162,113.8,40,,,,,,,,,,,,,,
2026-07-09T23:24:11.041888+00:00,2026-07-09T23:24:11.041866,4,3,112.95,0.1,112.9,17,112.8,150,112.7,3,112.5,100,,,,,,,,,,,,,113.0,16,113.3,162,113.8,40,,,,,,,,,,,,,,
2026-07-09T23:24:11.566784+00:00,2026-07-09T23:24:11.566695,4,3,112.95,0.1,112.9,17,112.8,150,112.7,3,112.5,100,,,,,,,,,,,,,113.0,15,113.3,162,113.8,40,,,,,,,,,,,,,,
2026-07-09T23:24:11.664006+00:00,2026-07-09T23:24:11.663881,3,3,112.9,0.2,112.8,122,112.7,3,112.5,100,,,,,,,,,,,,,,,113.0,15,113.3,162,113.8,40,,,,,,,,,,,,,,
2026-07-09T23:24:11.731059+00:00,2026-07-09T23:24:11.731021,2,3,112.85,0.3,112.7,3,112.5,100,,,,,,,,,,,,,,,,,113.0,15,113.3,12,113.8,40,,,,,,,,,,,,,,
2026-07-09T23:24:11.784100+00:00,2026-07-09T23:24:11.784035,3,3,112.95,0.1,112.9,150,112.7,3,112.5,100,,,,,,,,,,,,,,,113.0,15,113.3,12,113.8,40,,,,,,,,,,,,,,
2026-07-09T23:24:11.837683+00:00,2026-07-09T23:24:11.837647,3,4,112.95,0.1,112.9,150,112.7,3,112.5,100,,,,,,,,,,,,,,,113.0,15,113.3,12,113.4,150,113.8,40,,,,,,,,,,,,
2026-07-09T23:24:12.064184+00:00,2026-07-09T23:24:12.064050,3,4,112.95,0.1,112.9,150,112.7,3,112.5,100,,,,,,,,,,,,,,,113.0,10,113.3,12,113.4,150,113.8,40,,,,,,,,,,,,
2026-07-09T23:24:12.069424+00:00,2026-07-09T23:24:12.069359,3,4,112.95,0.1,112.9,155,112.7,3,112.5,100,,,,,,,,,,,,,,,113.0,15,113.3,12,113.4,150,113.8,40,,,,,,,,,,,,
2026-07-09T23:24:12.126809+00:00,2026-07-09T23:24:12.126698,2,4,112.95,0.1,112.9,155,112.7,3,,,,,,,,,,,,,,,,,113.0,7,113.3,12,113.4,150,113.8,40,,,,,,,,,,,,
2026-07-09T23:24:12.189719+00:00,2026-07-09T23:24:12.189622,3,3,113.15,0.3,113.0,93,112.9,155,112.7,3,,,,,,,,,,,,,,,113.3,12,113.4,150,113.8,40,,,,,,,,,,,,,,
2026-07-09T23:24:12.247189+00:00,2026-07-09T23:24:12.247332,3,4,113.15,0.3,113.0,93,112.9,155,112.7,3,,,,,,,,,,,,,,,113.3,12,113.4,150,113.5,100,113.8,40,,,,,,,,,,,,
2026-07-09T23:24:12.279365+00:00,2026-07-09T23:24:12.279282,3,4,113.15,0.3,113.0,47,112.9,155,112.7,3,,,,,,,,,,,,,,,113.3,12,113.4,150,113.5,100,113.8,40,,,,,,,,,,,,
2026-07-09T23:24:12.442664+00:00,2026-07-09T23:24:12.442612,3,4,113.15,0.3,113.0,45,112.9,155,112.7,3,,,,,,,,,,,,,,,113.3,12,113.4,150,113.5,100,113.8,40,,,,,,,,,,,,
2026-07-09T23:24:12.614121+00:00,2026-07-09T23:24:12.614015,3,4,113.15,0.3,113.0,43,112.9,155,112.7,3,,,,,,,,,,,,,,,113.3,12,113.4,150,113.5,100,113.8,40,,,,,,,,,,,,
2026-07-09T23:24:12.987900+00:00,2026-07-09T23:24:12.988026,3,5,113.05,0.1,113.0,43,112.9,155,112.7,3,,,,,,,,,,,,,,,113.1,2,113.3,12,113.4,150,113.5,100,113.8,40,,,,,,,,,,
2026-07-09T23:24:13.089295+00:00,2026-07-09T23:24:13.089199,3,5,113.05,0.1,113.0,48,112.9,150,112.7,3,,,,,,,,,,,,,,,113.1,2,113.3,12,113.4,150,113.5,100,113.8,40,,,,,,,,,,
2026-07-09T23:24:13.094404+00:00,2026-07-09T23:24:13.094374,3,5,113.05,0.1,113.0,48,112.9,150,112.7,3,,,,,,,,,,,,,,,113.1,7,113.3,12,113.4,150,113.5,100,113.8,40,,,,,,,,,,
2026-07-09T23:24:13.144489+00:00,2026-07-09T23:24:13.144671,3,5,113.05,0.1,113.0,4,112.9,150,112.7,3,,,,,,,,,,,,,,,113.1,7,113.3,12,113.4,150,113.5,100,113.8,40,,,,,,,,,,
2026-07-09T23:24:14.031391+00:00,2026-07-09T23:24:14.031325,3,5,113.05,0.1,113.0,4,112.9,150,112.7,3,,,,,,,,,,,,,,,113.1,6,113.3,12,113.4,150,113.5,100,113.8,40,,,,,,,,,,
2026-07-09T23:24:14.107667+00:00,2026-07-09T23:24:14.107563,2,5,113.0,0.2,112.9,150,112.7,3,,,,,,,,,,,,,,,,,113.1,6,113.3,12,113.4,150,113.5,100,113.8,40,,,,,,,,,,
2026-07-09T23:24:14.112837+00:00,2026-07-09T23:24:14.112752,3,5,113.05,0.1,113.0,5,112.9,150,112.7,3,,,,,,,,,,,,,,,113.1,1,113.3,12,113.4,150,113.5,100,113.8,40,,,,,,,,,,
2026-07-09T23:24:14.117966+00:00,2026-07-09T23:24:14.117902,3,5,113.05,0.1,113.0,5,112.9,150,112.7,3,,,,,,,,,,,,,,,113.1,6,113.3,12,113.4,150,113.5,100,113.8,40,,,,,,,,,,
2026-07-09T23:24:14.683323+00:00,2026-07-09T23:24:14.683153,3,4,113.05,0.1,113.0,5,112.9,150,112.7,3,,,,,,,,,,,,,,,113.1,6,113.4,150,113.5,100,113.8,40,,,,,,,,,,,,
2026-07-09T23:24:14.693925+00:00,2026-07-09T23:24:14.693805,4,3,113.25,0.3,113.1,6,113.0,5,112.9,150,112.7,3,,,,,,,,,,,,,113.4,162,113.5,100,113.8,40,,,,,,,,,,,,,,
2026-07-09T23:24:14.758363+00:00,2026-07-09T23:24:14.752468,3,3,113.2,0.4,113.0,5,112.9,150,112.7,3,,,,,,,,,,,,,,,113.4,162,113.5,100,113.8,40,,,,,,,,,,,,,,
2026-07-09T23:24:14.812040+00:00,2026-07-09T23:24:14.811981,3,3,113.2,0.4,113.0,5,112.9,150,112.7,3,,,,,,,,,,,,,,,113.4,162,113.5,100,113.6,40,,,,,,,,,,,,,,
2026-07-09T23:24:14.896147+00:00,2026-07-09T23:24:14.896040,2,3,113.2,0.4,113.0,5,112.7,3,,,,,,,,,,,,,,,,,113.4,12,113.5,100,113.6,40,,,,,,,,,,,,,,
2026-07-09T23:24:14.950822+00:00,2026-07-09T23:24:14.950660,2,3,113.2,0.4,113.0,5,112.7,153,,,,,,,,,,,,,,,,,113.4,12,113.5,100,113.6,40,,,,,,,,,,,,,,
2026-07-09T23:24:14.958646+00:00,2026-07-09T23:24:14.956027,2,3,113.15,0.3,113.0,17,112.7,153,,,,,,,,,,,,,,,,,113.3,12,113.5,100,113.6,40,,,,,,,,,,,,,,
2026-07-09T23:24:15.013917+00:00,2026-07-09T23:24:15.013888,2,4,113.1,0.2,113.0,17,112.7,153,,,,,,,,,,,,,,,,,113.2,150,113.3,12,113.5,100,113.6,40,,,,,,,,,,,,
2026-07-09T23:24:15.029582+00:00,2026-07-09T23:24:15.029526,1,4,112.95,0.5,112.7,120,,,,,,,,,,,,,,,,,,,113.2,150,113.3,12,113.5,100,113.6,40,,,,,,,,,,,,
2026-07-09T23:24:15.055620+00:00,2026-07-09T23:24:15.055779,2,4,113.0,0.4,112.8,5,112.7,120,,,,,,,,,,,,,,,,,113.2,150,113.3,12,113.5,100,113.6,40,,,,,,,,,,,,
2026-07-09T23:24:15.135750+00:00,2026-07-09T23:24:15.135635,2,4,113.0,0.4,112.8,10,112.7,120,,,,,,,,,,,,,,,,,113.2,155,113.3,12,113.5,100,113.6,40,,,,,,,,,,,,
2026-07-09T23:24:15.302124+00:00,2026-07-09T23:24:15.302245,2,3,113.0,0.4,112.8,10,112.7,120,,,,,,,,,,,,,,,,,113.2,155,113.3,12,113.6,40,,,,,,,,,,,,,,
2026-07-09T23:24:15.351300+00:00,2026-07-09T23:24:15.351453,3,3,113.0,0.4,112.8,10,112.7,120,112.6,100,,,,,,,,,,,,,,,113.2,155,113.3,12,113.6,40,,,,,,,,,,,,,,
2026-07-09T23:24:15.409730+00:00,2026-07-09T23:24:15.409830,3,4,112.95,0.3,112.8,10,112.7,120,112.6,100,,,,,,,,,,,,,,,113.1,100,113.2,155,113.3,12,113.6,40,,,,,,,,,,,,
2026-07-09T23:24:15.479834+00:00,2026-07-09T23:24:15.479812,3,3,112.95,0.3,112.8,22,112.7,120,112.6,100,,,,,,,,,,,,,,,113.1,100,113.2,155,113.6,40,,,,,,,,,,,,,,
2026-07-09T23:24:15.485091+00:00,2026-07-09T23:24:15.484990,3,3,112.95,0.3,112.8,22,112.7,120,112.6,100,,,,,,,,,,,,,,,113.1,100,113.2,167,113.6,40,,,,,,,,,,,,,,
2026-07-09T23:24:16.159110+00:00,2026-07-09T23:24:16.159019,3,3,112.95,0.3,112.8,17,112.7,120,112.6,100,,,,,,,,,,,,,,,113.1,100,113.2,167,113.6,40,,,,,,,,,,,,,,
2026-07-09T23:24:16.164312+00:00,2026-07-09T23:24:16.164242,3,3,112.95,0.3,112.8,22,112.7,120,112.6,100,,,,,,,,,,,,,,,113.1,100,113.2,162,113.6,40,,,,,,,,,,,,,,
2026-07-09T23:24:16.169542+00:00,2026-07-09T23:24:16.169407,3,3,112.95,0.3,112.8,22,112.7,120,112.6,100,,,,,,,,,,,,,,,113.1,105,113.2,162,113.6,40,,,,,,,,,,,,,,
2026-07-09T23:24:16.640909+00:00,2026-07-09T23:24:16.641106,3,3,112.95,0.3,112.8,22,112.7,120,112.6,100,,,,,,,,,,,,,,,113.1,58,113.2,162,113.6,40,,,,,,,,,,,,,,
2026-07-09T23:24:16.746036+00:00,2026-07-09T23:24:16.745979,3,3,112.95,0.3,112.8,10,112.7,120,112.6,100,,,,,,,,,,,,,,,113.1,58,113.2,150,113.6,40,,,,,,,,,,,,,,
2026-07-09T23:24:16.751219+00:00,2026-07-09T23:24:16.751181,4,4,113.0,0.2,112.9,12,112.8,10,112.7,120,112.6,100,,,,,,,,,,,,,113.1,58,113.2,150,113.3,12,113.6,40,,,,,,,,,,,,
2026-07-09T23:24:17.144270+00:00,2026-07-09T23:24:17.144444,2,4,112.9,0.4,112.7,92,112.6,100,,,,,,,,,,,,,,,,,113.1,58,113.2,150,113.3,12,113.6,40,,,,,,,,,,,,
2026-07-09T23:24:17.158542+00:00,2026-07-09T23:24:17.157957,3,4,112.95,0.3,112.8,5,112.7,92,112.6,100,,,,,,,,,,,,,,,113.1,58,113.2,150,113.3,12,113.6,40,,,,,,,,,,,,
2026-07-09T23:24:17.184928+00:00,2026-07-09T23:24:17.184882,3,4,112.95,0.3,112.8,10,112.7,92,112.6,100,,,,,,,,,,,,,,,113.1,53,113.2,150,113.3,12,113.6,40,,,,,,,,,,,,
2026-07-09T23:24:17.189962+00:00,2026-07-09T23:24:17.190084,3,4,112.95,0.3,112.8,10,112.7,92,112.6,100,,,,,,,,,,,,,,,113.1,58,113.2,150,113.3,12,113.6,40,,,,,,,,,,,,
2026-07-09T23:24:17.785534+00:00,2026-07-09T23:24:17.785417,3,4,112.95,0.3,112.8,10,112.7,92,112.6,100,,,,,,,,,,,,,,,113.1,12,113.2,150,113.3,12,113.6,40,,,,,,,,,,,,
2026-07-09T23:24:17.844031+00:00,2026-07-09T23:24:17.843976,2,4,112.9,0.4,112.7,53,112.6,100,,,,,,,,,,,,,,,,,113.1,12,113.2,150,113.3,12,113.6,40,,,,,,,,,,,,
2026-07-09T23:24:18.016494+00:00,2026-07-09T23:24:18.016438,3,3,112.95,0.3,112.8,12,112.7,53,112.6,100,,,,,,,,,,,,,,,113.1,12,113.2,150,113.6,40,,,,,,,,,,,,,,
2026-07-09T23:24:18.021690+00:00,2026-07-09T23:24:18.021646,3,4,112.95,0.3,112.8,12,112.7,53,112.6,100,,,,,,,,,,,,,,,113.1,12,113.2,150,113.3,12,113.6,40,,,,,,,,,,,,
2026-07-09T23:24:18.072193+00:00,2026-07-09T23:24:18.072058,2,3,112.95,0.3,112.8,12,112.6,100,,,,,,,,,,,,,,,,,113.1,12,113.3,12,113.6,40,,,,,,,,,,,,,,
2026-07-09T23:24:18.126345+00:00,2026-07-09T23:24:18.126234,3,3,112.95,0.3,112.8,12,112.6,100,112.4,150,,,,,,,,,,,,,,,113.1,12,113.3,12,113.6,40,,,,,,,,,,,,,,
2026-07-09T23:24:18.189971+00:00,2026-07-09T23:24:18.182628,3,4,112.85,0.1,112.8,12,112.6,100,112.4,150,,,,,,,,,,,,,,,112.9,144,113.1,12,113.3,12,113.6,40,,,,,,,,,,,,
2026-07-09T23:24:18.205227+00:00,2026-07-09T23:24:18.205464,3,4,112.85,0.1,112.8,12,112.6,100,112.4,150,,,,,,,,,,,,,,,112.9,144,113.1,7,113.3,12,113.6,40,,,,,,,,,,,,
2026-07-09T23:24:18.210829+00:00,2026-07-09T23:24:18.210733,3,4,112.85,0.1,112.8,17,112.6,100,112.4,150,,,,,,,,,,,,,,,112.9,149,113.1,7,113.3,12,113.6,40,,,,,,,,,,,,
2026-07-09T23:24:18.463885+00:00,2026-07-09T23:24:18.464037,2,3,112.85,0.1,112.8,17,112.4,150,,,,,,,,,,,,,,,,,112.9,149,113.3,12,113.6,40,,,,,,,,,,,,,,
2026-07-09T23:24:18.518679+00:00,2026-07-09T23:24:18.518649,2,3,112.85,0.1,112.8,17,112.4,150,,,,,,,,,,,,,,,,,112.9,49,113.3,12,113.6,40,,,,,,,,,,,,,,
2026-07-09T23:24:18.529212+00:00,2026-07-09T23:24:18.529092,2,3,112.85,0.1,112.8,5,112.4,150,,,,,,,,,,,,,,,,,112.9,49,113.3,12,113.6,40,,,,,,,,,,,,,,
2026-07-09T23:24:18.534371+00:00,2026-07-09T23:24:18.534275,2,2,112.85,0.1,112.8,5,112.4,150,,,,,,,,,,,,,,,,,112.9,49,113.6,40,,,,,,,,,,,,,,,,
2026-07-09T23:24:18.539390+00:00,2026-07-09T23:24:18.539521,2,3,112.85,0.1,112.8,5,112.4,150,,,,,,,,,,,,,,,,,112.9,37,113.2,12,113.6,40,,,,,,,,,,,,,,
2026-07-09T23:24:18.573442+00:00,2026-07-09T23:24:18.573354,2,4,112.85,0.1,112.8,5,112.4,150,,,,,,,,,,,,,,,,,112.9,37,113.2,12,113.4,100,113.6,40,,,,,,,,,,,,
2026-07-09T23:24:19.230683+00:00,2026-07-09T23:24:19.230571,1,4,112.65,0.5,112.4,150,,,,,,,,,,,,,,,,,,,112.9,37,113.2,12,113.4,100,113.6,40,,,,,,,,,,,,
2026-07-09T23:24:19.235670+00:00,2026-07-09T23:24:19.235765,1,4,112.65,0.5,112.4,150,,,,,,,,,,,,,,,,,,,112.9,32,113.2,12,113.4,100,113.6,40,,,,,,,,,,,,
2026-07-09T23:24:19.269422+00:00,2026-07-09T23:24:19.269295,2,4,112.85,0.1,112.8,5,112.4,100,,,,,,,,,,,,,,,,,112.9,32,113.2,12,113.4,100,113.6,40,,,,,,,,,,,,
2026-07-09T23:24:19.279987+00:00,2026-07-09T23:24:19.279814,2,4,112.85,0.1,112.8,5,112.4,100,,,,,,,,,,,,,,,,,112.9,37,113.2,12,113.4,100,113.6,40,,,,,,,,,,,,
2026-07-09T23:24:19.396980+00:00,2026-07-09T23:24:19.396915,1,4,112.65,0.5,112.4,100,,,,,,,,,,,,,,,,,,,112.9,37,113.2,12,113.4,100,113.6,40,,,,,,,,,,,,
2026-07-09T23:24:19.536852+00:00,2026-07-09T23:24:19.536799,2,4,112.85,0.1,112.8,5,112.4,100,,,,,,,,,,,,,,,,,112.9,37,113.2,12,113.4,100,113.6,40,,,,,,,,,,,,
2026-07-09T23:24:20.020579+00:00,2026-07-09T23:24:20.014635,2,4,112.85,0.1,112.8,5,112.4,100,,,,,,,,,,,,,,,,,112.9,26,113.2,12,113.4,100,113.6,40,,,,,,,,,,,,
2026-07-09T23:24:20.123557+00:00,2026-07-09T23:24:20.123489,2,4,112.85,0.1,112.8,5,112.4,100,,,,,,,,,,,,,,,,,112.9,26,113.2,12,113.4,100,113.8,40,,,,,,,,,,,,
2026-07-09T23:24:20.235732+00:00,2026-07-09T23:24:20.235696,1,4,112.65,0.5,112.4,100,,,,,,,,,,,,,,,,,,,112.9,26,113.2,12,113.4,100,113.8,40,,,,,,,,,,,,
2026-07-09T23:24:20.301413+00:00,2026-07-09T23:24:20.301320,1,3,112.65,0.5,112.4,100,,,,,,,,,,,,,,,,,,,112.9,21,113.4,100,113.8,40,,,,,,,,,,,,,,
2026-07-09T23:24:20.306561+00:00,2026-07-09T23:24:20.306538,2,3,112.7,0.4,112.5,10,112.4,105,,,,,,,,,,,,,,,,,112.9,26,113.4,100,113.8,40,,,,,,,,,,,,,,
2026-07-09T23:24:20.311829+00:00,2026-07-09T23:24:20.311708,2,4,112.7,0.4,112.5,10,112.4,105,,,,,,,,,,,,,,,,,112.9,26,113.3,12,113.4,100,113.8,40,,,,,,,,,,,,
2026-07-09T23:24:20.566029+00:00,2026-07-09T23:24:20.565837,1,4,112.65,0.5,112.4,105,,,,,,,,,,,,,,,,,,,112.9,26,113.3,12,113.4,100,113.8,40,,,,,,,,,,,,
2026-07-09T23:24:20.571148+00:00,2026-07-09T23:24:20.571087,2,3,112.75,0.3,112.6,10,112.4,105,,,,,,,,,,,,,,,,,112.9,26,113.4,100,113.8,40,,,,,,,,,,,,,,
2026-07-09T23:24:20.576323+00:00,2026-07-09T23:24:20.576300,2,4,112.75,0.3,112.6,10,112.4,105,,,,,,,,,,,,,,,,,112.9,26,113.2,12,113.4,100,113.8,40,,,,,,,,,,,,
2026-07-09T23:24:20.687657+00:00,2026-07-09T23:24:20.687596,3,4,112.8,0.2,112.7,5,112.6,10,112.4,105,,,,,,,,,,,,,,,112.9,26,113.2,12,113.4,100,113.8,40,,,,,,,,,,,,
2026-07-09T23:24:20.834826+00:00,2026-07-09T23:24:20.834739,2,3,112.8,0.2,112.7,5,112.4,105,,,,,,,,,,,,,,,,,112.9,26,113.4,100,113.8,40,,,,,,,,,,,,,,
2026-07-09T23:24:20.840061+00:00,2026-07-09T23:24:20.839970,3,3,112.85,0.1,112.8,10,112.7,5,112.4,105,,,,,,,,,,,,,,,112.9,26,113.4,100,113.8,40,,,,,,,,,,,,,,
2026-07-09T23:24:20.858624+00:00,2026-07-09T23:24:20.845124,3,4,112.85,0.1,112.8,10,112.7,5,112.4,105,,,,,,,,,,,,,,,112.9,26,113.2,12,113.4,100,113.8,40,,,,,,,,,,,,
2026-07-09T23:24:20.958573+00:00,2026-07-09T23:24:20.950994,3,2,113.1,0.6,112.8,10,112.7,5,112.4,105,,,,,,,,,,,,,,,113.4,96,113.8,40,,,,,,,,,,,,,,,,
2026-07-09T23:24:21.232248+00:00,2026-07-09T23:24:21.232110,3,2,113.1,0.6,112.8,10,112.7,5,112.4,5,,,,,,,,,,,,,,,113.4,96,113.8,40,,,,,,,,,,,,,,,,
2026-07-09T23:24:21.304154+00:00,2026-07-09T23:24:21.304346,4,2,113.15,0.5,112.9,150,112.8,10,112.7,5,112.4,5,,,,,,,,,,,,,113.4,96,113.8,40,,,,,,,,,,,,,,,,
2026-07-09T23:24:21.320086+00:00,2026-07-09T23:24:21.320038,3,2,113.15,0.5,112.9,150,112.8,10,112.7,5,,,,,,,,,,,,,,,113.4,96,113.8,40,,,,,,,,,,,,,,,,
2026-07-09T23:24:21.330356+00:00,2026-07-09T23:24:21.330508,3,2,113.15,0.5,112.9,155,112.8,10,112.7,5,,,,,,,,,,,,,,,113.4,101,113.8,40,,,,,,,,,,,,,,,,
2026-07-09T23:24:21.358543+00:00,2026-07-09T23:24:21.357516,2,2,113.15,0.5,112.9,167,112.7,5,,,,,,,,,,,,,,,,,113.4,251,113.8,40,,,,,,,,,,,,,,,,
2026-07-09T23:24:21.369201+00:00,2026-07-09T23:24:21.369117,2,3,113.1,0.4,112.9,167,112.7,5,,,,,,,,,,,,,,,,,113.3,12,113.4,251,113.8,40,,,,,,,,,,,,,,
2026-07-09T23:24:21.374413+00:00,2026-07-09T23:24:21.374314,2,3,113.1,0.4,112.9,117,112.7,5,,,,,,,,,,,,,,,,,113.3,12,113.4,251,113.8,40,,,,,,,,,,,,,,
2026-07-09T23:24:21.629189+00:00,2026-07-09T23:24:21.629058,2,3,113.1,0.4,112.9,117,112.7,5,,,,,,,,,,,,,,,,,113.3,12,113.4,155,113.8,40,,,,,,,,,,,,,,
2026-07-09T23:24:21.706430+00:00,2026-07-09T23:24:21.706388,2,2,113.1,0.4,112.9,117,112.7,105,,,,,,,,,,,,,,,,,113.3,12,113.4,155,,,,,,,,,,,,,,,,
2026-07-09T23:24:21.711608+00:00,2026-07-09T23:24:21.711536,2,3,113.1,0.4,112.9,117,112.7,105,,,,,,,,,,,,,,,,,113.3,12,113.4,155,114.0,40,,,,,,,,,,,,,,
2026-07-09T23:24:21.761134+00:00,2026-07-09T23:24:21.761056,2,4,113.05,0.3,112.9,117,112.7,105,,,,,,,,,,,,,,,,,113.2,100,113.3,12,113.4,155,114.0,40,,,,,,,,,,,,
2026-07-09T23:24:21.866384+00:00,2026-07-09T23:24:21.866291,2,4,113.05,0.3,112.9,117,112.7,105,,,,,,,,,,,,,,,,,113.2,100,113.3,12,113.4,155,113.8,40,,,,,,,,,,,,
2026-07-09T23:24:22.058580+00:00,2026-07-09T23:24:22.058540,2,4,113.05,0.3,112.9,117,112.7,105,,,,,,,,,,,,,,,,,113.2,60,113.3,12,113.4,155,113.8,40,,,,,,,,,,,,
2026-07-09T23:24:22.358632+00:00,2026-07-09T23:24:22.349628,2,4,113.05,0.3,112.9,117,112.7,105,,,,,,,,,,,,,,,,,113.2,65,113.3,12,113.4,150,113.8,40,,,,,,,,,,,,
2026-07-09T23:24:23.374363+00:00,2026-07-09T23:24:23.374262,2,4,113.05,0.3,112.9,112,112.7,105,,,,,,,,,,,,,,,,,113.2,65,113.3,12,113.4,150,113.8,40,,,,,,,,,,,,
2026-07-09T23:24:23.379339+00:00,2026-07-09T23:24:23.379495,2,4,113.05,0.3,112.9,117,112.7,105,,,,,,,,,,,,,,,,,113.2,60,113.3,12,113.4,150,113.8,40,,,,,,,,,,,,
2026-07-09T23:24:23.384759+00:00,2026-07-09T23:24:23.384676,2,4,113.05,0.3,112.9,117,112.7,105,,,,,,,,,,,,,,,,,113.2,65,113.3,12,113.4,150,113.8,40,,,,,,,,,,,,
2026-07-09T23:24:23.481630+00:00,2026-07-09T23:24:23.481444,2,4,113.05,0.3,112.9,67,112.7,105,,,,,,,,,,,,,,,,,113.2,65,113.3,12,113.4,150,113.8,40,,,,,,,,,,,,
2026-07-09T23:24:23.625576+00:00,2026-07-09T23:24:23.625531,2,4,113.05,0.3,112.9,55,112.7,105,,,,,,,,,,,,,,,,,113.2,65,113.3,12,113.4,150,113.8,40,,,,,,,,,,,,
2026-07-09T23:24:23.630816+00:00,2026-07-09T23:24:23.630743,2,3,113.05,0.3,112.9,55,112.7,105,,,,,,,,,,,,,,,,,113.2,65,113.4,150,113.8,40,,,,,,,,,,,,,,
2026-07-09T23:24:23.636034+00:00,2026-07-09T23:24:23.635936,2,3,113.05,0.3,112.9,67,112.7,105,,,,,,,,,,,,,,,,,113.2,77,113.4,150,113.8,40,,,,,,,,,,,,,,
2026-07-09T23:24:24.139858+00:00,2026-07-09T23:24:24.139803,2,3,113.05,0.3,112.9,55,112.7,105,,,,,,,,,,,,,,,,,113.2,77,113.4,150,113.8,40,,,,,,,,,,,,,,
2026-07-09T23:24:24.145107+00:00,2026-07-09T23:24:24.145001,2,3,113.05,0.3,112.9,55,112.7,105,,,,,,,,,,,,,,,,,113.2,65,113.4,150,113.8,40,,,,,,,,,,,,,,
2026-07-09T23:24:24.150134+00:00,2026-07-09T23:24:24.150268,3,4,113.1,0.2,113.0,12,112.9,55,112.7,105,,,,,,,,,,,,,,,113.2,65,113.3,12,113.4,150,113.8,40,,,,,,,,,,,,
2026-07-09T23:24:24.399878+00:00,2026-07-09T23:24:24.399770,3,4,113.1,0.2,113.0,12,112.9,50,112.7,105,,,,,,,,,,,,,,,113.2,60,113.3,12,113.4,150,113.8,40,,,,,,,,,,,,
2026-07-09T23:24:24.405040+00:00,2026-07-09T23:24:24.405003,3,4,113.1,0.2,113.0,17,112.9,50,112.7,105,,,,,,,,,,,,,,,113.2,65,113.3,12,113.4,150,113.8,40,,,,,,,,,,,,
2026-07-09T23:24:24.410275+00:00,2026-07-09T23:24:24.410208,2,3,113.1,0.2,113.0,17,112.7,105,,,,,,,,,,,,,,,,,113.2,65,113.3,12,113.8,40,,,,,,,,,,,,,,
2026-07-09T23:24:24.469052+00:00,2026-07-09T23:24:24.468804,3,3,113.1,0.2,113.0,17,112.7,105,112.6,150,,,,,,,,,,,,,,,113.2,65,113.3,12,113.8,40,,,,,,,,,,,,,,
2026-07-09T23:24:24.520097+00:00,2026-07-09T23:24:24.519996,3,4,113.05,0.1,113.0,17,112.7,105,112.6,150,,,,,,,,,,,,,,,113.1,150,113.2,65,113.3,12,113.8,40,,,,,,,,,,,,
2026-07-09T23:24:24.815018+00:00,2026-07-09T23:24:24.815159,3,4,113.05,0.1,113.0,17,112.7,5,112.6,150,,,,,,,,,,,,,,,113.1,150,113.2,5,113.3,12,113.8,40,,,,,,,,,,,,
2026-07-09T23:24:24.870837+00:00,2026-07-09T23:24:24.870743,4,4,113.05,0.1,113.0,17,112.9,100,112.7,5,112.6,150,,,,,,,,,,,,,113.1,150,113.2,5,113.3,12,113.8,40,,,,,,,,,,,,
2026-07-09T23:24:24.925329+00:00,2026-07-09T23:24:24.925457,4,5,113.05,0.1,113.0,17,112.9,100,112.7,5,112.6,150,,,,,,,,,,,,,113.1,150,113.2,5,113.3,12,113.4,100,113.8,40,,,,,,,,,,
2026-07-09T23:24:25.423623+00:00,2026-07-09T23:24:25.423545,4,4,113.05,0.1,113.0,12,112.9,100,112.7,5,112.6,150,,,,,,,,,,,,,113.1,150,113.3,12,113.4,100,113.8,40,,,,,,,,,,,,
2026-07-09T23:24:25.428618+00:00,2026-07-09T23:24:25.428760,4,4,113.05,0.1,113.0,17,112.9,100,112.7,5,112.6,150,,,,,,,,,,,,,113.1,155,113.3,12,113.4,100,113.8,40,,,,,,,,,,,,
2026-07-09T23:24:25.595186+00:00,2026-07-09T23:24:25.595078,3,4,113.0,0.2,112.9,100,112.7,5,112.6,150,,,,,,,,,,,,,,,113.1,155,113.3,12,113.4,100,113.8,40,,,,,,,,,,,,
2026-07-09T23:24:26.441838+00:00,2026-07-09T23:24:26.441786,3,4,113.0,0.2,112.9,100,112.7,5,112.6,150,,,,,,,,,,,,,,,113.1,150,113.3,12,113.4,100,113.8,40,,,,,,,,,,,,
2026-07-09T23:24:26.452282+00:00,2026-07-09T23:24:26.452192,3,4,113.0,0.2,112.9,105,112.7,5,112.6,150,,,,,,,,,,,,,,,113.1,155,113.3,12,113.4,100,113.8,40,,,,,,,,,,,,
2026-07-09T23:24:27.481032+00:00,2026-07-09T23:24:27.480967,3,4,113.0,0.2,112.9,100,112.7,5,112.6,150,,,,,,,,,,,,,,,113.1,155,113.3,12,113.4,100,113.8,40,,,,,,,,,,,,
2026-07-09T23:24:27.486054+00:00,2026-07-09T23:24:27.486191,3,4,113.0,0.2,112.9,105,112.7,5,112.6,150,,,,,,,,,,,,,,,113.1,150,113.3,12,113.4,100,113.8,40,,,,,,,,,,,,
2026-07-09T23:24:27.491268+00:00,2026-07-09T23:24:27.491376,3,4,113.0,0.2,112.9,105,112.7,5,112.6,150,,,,,,,,,,,,,,,113.1,155,113.3,12,113.4,100,113.8,40,,,,,,,,,,,,
2026-07-09T23:24:27.573075+00:00,2026-07-09T23:24:27.572978,3,4,113.0,0.2,112.9,105,112.7,5,112.6,150,,,,,,,,,,,,,,,113.1,5,113.3,12,113.4,100,113.8,40,,,,,,,,,,,,
2026-07-09T23:24:27.578261+00:00,2026-07-09T23:24:27.578167,2,4,113.0,0.2,112.9,105,112.7,5,,,,,,,,,,,,,,,,,113.1,5,113.3,12,113.4,100,113.8,40,,,,,,,,,,,,
2026-07-09T23:24:27.632713+00:00,2026-07-09T23:24:27.632580,3,4,113.0,0.2,112.9,105,112.7,5,112.5,150,,,,,,,,,,,,,,,113.1,5,113.3,12,113.4,100,113.8,40,,,,,,,,,,,,
2026-07-09T23:24:27.658633+00:00,2026-07-09T23:24:27.648320,3,3,113.1,0.4,112.9,105,112.7,5,112.5,150,,,,,,,,,,,,,,,113.3,12,113.4,100,113.8,40,,,,,,,,,,,,,,
2026-07-09T23:24:27.688417+00:00,2026-07-09T23:24:27.688305,3,4,112.95,0.1,112.9,105,112.7,5,112.5,150,,,,,,,,,,,,,,,113.0,150,113.3,12,113.4,100,113.8,40,,,,,,,,,,,,
2026-07-09T23:24:27.974012+00:00,2026-07-09T23:24:27.973973,3,3,112.95,0.1,112.9,105,112.7,5,112.5,150,,,,,,,,,,,,,,,113.0,150,113.3,12,113.8,40,,,,,,,,,,,,,,
2026-07-09T23:24:27.979198+00:00,2026-07-09T23:24:27.979148,3,3,112.95,0.1,112.9,5,112.7,5,112.5,150,,,,,,,,,,,,,,,113.0,150,113.3,12,113.8,40,,,,,,,,,,,,,,
2026-07-09T23:24:28.028236+00:00,2026-07-09T23:24:28.028188,3,3,112.95,0.1,112.9,105,112.7,5,112.5,150,,,,,,,,,,,,,,,113.0,150,113.3,12,113.8,40,,,,,,,,,,,,,,
2026-07-09T23:24:28.081588+00:00,2026-07-09T23:24:28.081470,3,4,112.95,0.1,112.9,105,112.7,5,112.5,150,,,,,,,,,,,,,,,113.0,150,113.3,12,113.4,100,113.8,40,,,,,,,,,,,,
2026-07-09T23:24:28.510008+00:00,2026-07-09T23:24:28.509898,3,4,112.95,0.1,112.9,105,112.7,5,112.5,150,,,,,,,,,,,,,,,113.0,150,113.3,12,113.4,100,113.8,40,,,,,,,,,,,,
2026-07-09T23:24:28.515144+00:00,2026-07-09T23:24:28.515062,3,4,112.95,0.1,112.9,105,112.7,5,112.5,150,,,,,,,,,,,,,,,113.0,155,113.3,12,113.4,100,113.8,40,,,,,,,,,,,,
2026-07-09T23:24:29.299570+00:00,2026-07-09T23:24:29.299465,3,4,112.95,0.1,112.9,61,112.7,5,112.5,150,,,,,,,,,,,,,,,113.0,155,113.3,12,113.4,100,113.8,40,,,,,,,,,,,,
2026-07-09T23:24:29.531140+00:00,2026-07-09T23:24:29.531094,3,4,112.95,0.1,112.9,56,112.7,5,112.5,150,,,,,,,,,,,,,,,113.0,155,113.3,12,113.4,100,113.8,40,,,,,,,,,,,,
2026-07-09T23:24:29.536164+00:00,2026-07-09T23:24:29.536303,3,4,112.95,0.1,112.9,61,112.7,5,112.5,150,,,,,,,,,,,,,,,113.0,150,113.3,12,113.4,100,113.8,40,,,,,,,,,,,,
2026-07-09T23:24:29.541385+00:00,2026-07-09T23:24:29.541454,3,4,112.95,0.1,112.9,61,112.7,5,112.5,150,,,,,,,,,,,,,,,113.0,155,113.3,12,113.4,100,113.8,40,,,,,,,,,,,,
2026-07-09T23:24:29.758571+00:00,2026-07-09T23:24:29.754545,3,4,112.95,0.1,112.9,61,112.7,5,112.5,150,,,,,,,,,,,,,,,113.0,105,113.3,12,113.4,100,113.8,40,,,,,,,,,,,,
2026-07-09T23:24:29.928237+00:00,2026-07-09T23:24:29.928134,3,4,112.95,0.1,112.9,61,112.7,5,112.5,150,,,,,,,,,,,,,,,113.0,64,113.3,12,113.4,100,113.8,40,,,,,,,,,,,,
2026-07-09T23:24:30.525781+00:00,2026-07-09T23:24:30.518765,3,4,112.95,0.1,112.9,61,112.7,5,112.5,150,,,,,,,,,,,,,,,113.0,53,113.3,12,113.4,100,113.8,40,,,,,,,,,,,,
2026-07-09T23:24:30.556028+00:00,2026-07-09T23:24:30.555933,3,4,112.95,0.1,112.9,56,112.7,5,112.5,150,,,,,,,,,,,,,,,113.0,53,113.3,12,113.4,100,113.8,40,,,,,,,,,,,,
2026-07-09T23:24:30.561142+00:00,2026-07-09T23:24:30.561113,3,4,112.95,0.1,112.9,56,112.7,5,112.5,150,,,,,,,,,,,,,,,113.0,48,113.3,12,113.4,100,113.8,40,,,,,,,,,,,,
2026-07-09T23:24:30.566417+00:00,2026-07-09T23:24:30.566306,3,4,112.95,0.1,112.9,61,112.7,5,112.5,150,,,,,,,,,,,,,,,113.0,53,113.3,12,113.4,100,113.8,40,,,,,,,,,,,,
2026-07-09T23:24:30.589220+00:00,2026-07-09T23:24:30.589130,3,3,112.95,0.1,112.9,61,112.7,5,112.5,150,,,,,,,,,,,,,,,113.0,53,113.3,12,113.4,100,,,,,,,,,,,,,,
2026-07-09T23:24:30.594226+00:00,2026-07-09T23:24:30.594334,3,4,112.95,0.1,112.9,61,112.7,5,112.5,150,,,,,,,,,,,,,,,113.0,53,113.3,12,113.4,100,114.0,40,,,,,,,,,,,,
2026-07-09T23:24:30.743941+00:00,2026-07-09T23:24:30.743839,2,4,112.95,0.1,112.9,61,112.7,5,,,,,,,,,,,,,,,,,113.0,5,113.3,12,113.4,100,114.0,40,,,,,,,,,,,,
2026-07-09T23:24:30.797348+00:00,2026-07-09T23:24:30.797202,3,3,113.2,0.2,113.1,145,112.9,61,112.7,5,,,,,,,,,,,,,,,113.3,12,113.4,100,114.0,40,,,,,,,,,,,,,,
2026-07-09T23:24:30.858569+00:00,2026-07-09T23:24:30.855200,3,4,113.2,0.2,113.1,145,112.9,61,112.7,5,,,,,,,,,,,,,,,113.3,12,113.4,100,113.6,150,114.0,40,,,,,,,,,,,,
2026-07-09T23:24:30.942335+00:00,2026-07-09T23:24:30.942251,3,3,113.25,0.3,113.1,145,112.9,61,112.7,5,,,,,,,,,,,,,,,113.4,100,113.6,150,114.0,40,,,,,,,,,,,,,,
2026-07-09T23:24:30.947342+00:00,2026-07-09T23:24:30.947436,3,3,113.25,0.3,113.1,155,112.9,61,112.7,5,,,,,,,,,,,,,,,113.4,100,113.6,150,114.0,40,,,,,,,,,,,,,,
2026-07-09T23:24:30.952690+00:00,2026-07-09T23:24:30.952611,3,3,113.25,0.3,113.1,155,112.9,61,112.7,5,,,,,,,,,,,,,,,113.4,112,113.6,150,114.0,40,,,,,,,,,,,,,,
2026-07-09T23:24:31.139727+00:00,2026-07-09T23:24:31.139621,3,3,113.25,0.3,113.1,155,112.9,5,112.7,5,,,,,,,,,,,,,,,113.4,12,113.6,150,114.0,40,,,,,,,,,,,,,,
2026-07-09T23:24:31.191995+00:00,2026-07-09T23:24:31.191964,3,3,113.25,0.3,113.1,155,112.9,105,112.7,5,,,,,,,,,,,,,,,113.4,12,113.6,150,114.0,40,,,,,,,,,,,,,,
2026-07-09T23:24:31.247351+00:00,2026-07-09T23:24:31.247210,3,3,113.25,0.3,113.1,155,112.9,105,112.7,5,,,,,,,,,,,,,,,113.4,112,113.6,150,114.0,40,,,,,,,,,,,,,,
2026-07-09T23:24:31.585361+00:00,2026-07-09T23:24:31.585281,3,3,113.25,0.3,113.1,155,112.9,100,112.7,5,,,,,,,,,,,,,,,113.4,112,113.6,150,114.0,40,,,,,,,,,,,,,,
2026-07-09T23:24:31.590677+00:00,2026-07-09T23:24:31.590589,3,3,113.25,0.3,113.1,160,112.9,100,112.7,5,,,,,,,,,,,,,,,113.4,112,113.6,150,114.0,40,,,,,,,,,,,,,,
2026-07-09T23:24:31.606393+00:00,2026-07-09T23:24:31.606249,3,3,113.25,0.3,113.1,160,112.9,100,112.7,5,,,,,,,,,,,,,,,113.4,117,113.6,150,114.0,40,,,,,,,,,,,,,,
2026-07-09T23:24:31.869933+00:00,2026-07-09T23:24:31.870119,3,3,113.25,0.3,113.1,160,112.9,100,112.7,5,,,,,,,,,,,,,,,113.4,67,113.6,150,114.0,40,,,,,,,,,,,,,,
2026-07-09T23:24:32.620874+00:00,2026-07-09T23:24:32.620805,3,3,113.25,0.3,113.1,155,112.9,100,112.7,5,,,,,,,,,,,,,,,113.4,67,113.6,150,114.0,40,,,,,,,,,,,,,,
2026-07-09T23:24:32.626103+00:00,2026-07-09T23:24:32.626015,2,3,113.25,0.3,113.1,155,112.9,100,,,,,,,,,,,,,,,,,113.4,62,113.6,150,114.0,40,,,,,,,,,,,,,,
2026-07-09T23:24:32.631289+00:00,2026-07-09T23:24:32.631229,2,3,113.25,0.3,113.1,160,112.9,100,,,,,,,,,,,,,,,,,113.4,67,113.6,150,114.0,40,,,,,,,,,,,,,,
2026-07-09T23:24:33.190414+00:00,2026-07-09T23:24:33.190272,2,2,113.25,0.3,113.1,160,112.9,100,,,,,,,,,,,,,,,,,113.4,67,113.6,150,,,,,,,,,,,,,,,,
2026-07-09T23:24:33.195404+00:00,2026-07-09T23:24:33.195578,2,2,113.25,0.3,113.1,160,112.9,105,,,,,,,,,,,,,,,,,113.4,67,113.6,150,,,,,,,,,,,,,,,,
2026-07-09T23:24:33.200829+00:00,2026-07-09T23:24:33.200779,2,3,113.25,0.3,113.1,160,112.9,105,,,,,,,,,,,,,,,,,113.4,67,113.6,150,114.2,40,,,,,,,,,,,,,,
2026-07-09T23:24:33.363906+00:00,2026-07-09T23:24:33.363804,2,3,113.25,0.3,113.1,160,112.9,105,,,,,,,,,,,,,,,,,113.4,67,113.6,150,114.0,40,,,,,,,,,,,,,,
2026-07-09T23:24:33.495817+00:00,2026-07-09T23:24:33.495712,3,3,113.3,0.2,113.2,12,113.1,150,112.9,105,,,,,,,,,,,,,,,113.4,67,113.6,150,114.0,40,,,,,,,,,,,,,,
2026-07-09T23:24:33.500946+00:00,2026-07-09T23:24:33.500880,3,3,113.3,0.2,113.2,12,113.1,150,112.9,105,,,,,,,,,,,,,,,113.4,67,113.6,162,114.0,40,,,,,,,,,,,,,,
2026-07-09T23:24:33.648902+00:00,2026-07-09T23:24:33.649037,3,3,113.3,0.2,113.2,12,113.1,145,112.9,105,,,,,,,,,,,,,,,113.4,67,113.6,162,114.0,40,,,,,,,,,,,,,,
2026-07-09T23:24:33.658578+00:00,2026-07-09T23:24:33.654282,3,3,113.3,0.2,113.2,17,113.1,145,112.9,105,,,,,,,,,,,,,,,113.4,67,113.6,162,114.0,40,,,,,,,,,,,,,,
2026-07-09T23:24:33.909324+00:00,2026-07-09T23:24:33.909448,2,3,113.3,0.2,113.2,17,112.9,105,,,,,,,,,,,,,,,,,113.4,67,113.6,12,114.0,40,,,,,,,,,,,,,,
2026-07-09T23:24:33.963799+00:00,2026-07-09T23:24:33.963713,2,3,113.3,0.2,113.2,167,112.9,105,,,,,,,,,,,,,,,,,113.4,67,113.6,12,114.0,40,,,,,,,,,,,,,,
2026-07-09T23:24:33.974209+00:00,2026-07-09T23:24:33.974103,2,3,113.3,0.2,113.2,167,112.9,105,,,,,,,,,,,,,,,,,113.4,17,113.6,12,114.0,40,,,,,,,,,,,,,,
2026-07-09T23:24:34.013641+00:00,2026-07-09T23:24:34.013858,2,4,113.3,0.2,113.2,167,112.9,105,,,,,,,,,,,,,,,,,113.4,17,113.6,12,113.7,150,114.0,40,,,,,,,,,,,,
2026-07-09T23:24:34.299299+00:00,2026-07-09T23:24:34.299271,2,4,113.3,0.2,113.2,167,112.9,5,,,,,,,,,,,,,,,,,113.4,5,113.6,12,113.7,150,114.0,40,,,,,,,,,,,,
2026-07-09T23:24:34.352775+00:00,2026-07-09T23:24:34.352669,2,4,113.3,0.2,113.2,267,112.9,5,,,,,,,,,,,,,,,,,113.4,5,113.6,12,113.7,150,114.0,40,,,,,,,,,,,,
2026-07-09T23:24:34.431710+00:00,2026-07-09T23:24:34.431620,2,4,113.3,0.2,113.2,267,112.9,5,,,,,,,,,,,,,,,,,113.4,5,113.6,12,113.7,250,114.0,40,,,,,,,,,,,,
2026-07-09T23:24:34.569344+00:00,2026-07-09T23:24:34.569516,2,4,113.3,0.2,113.2,267,112.9,5,,,,,,,,,,,,,,,,,113.4,5,113.6,12,113.7,250,114.2,40,,,,,,,,,,,,
2026-07-09T23:24:34.674372+00:00,2026-07-09T23:24:34.674261,2,3,113.4,0.4,113.2,262,112.9,5,,,,,,,,,,,,,,,,,113.6,12,113.7,250,114.2,40,,,,,,,,,,,,,,
2026-07-09T23:24:34.679332+00:00,2026-07-09T23:24:34.679465,2,4,113.3,0.2,113.2,267,112.9,5,,,,,,,,,,,,,,,,,113.4,5,113.6,12,113.7,250,114.2,40,,,,,,,,,,,,
2026-07-09T23:24:35.697125+00:00,2026-07-09T23:24:35.697013,2,4,113.3,0.2,113.2,262,112.9,5,,,,,,,,,,,,,,,,,113.4,5,113.6,12,113.7,250,114.2,40,,,,,,,,,,,,
2026-07-09T23:24:35.702214+00:00,2026-07-09T23:24:35.702189,2,3,113.4,0.4,113.2,267,112.9,5,,,,,,,,,,,,,,,,,113.6,12,113.7,250,114.2,40,,,,,,,,,,,,,,
2026-07-09T23:24:35.707266+00:00,2026-07-09T23:24:35.707345,2,4,113.3,0.2,113.2,267,112.9,5,,,,,,,,,,,,,,,,,113.4,5,113.6,12,113.7,250,114.2,40,,,,,,,,,,,,
2026-07-09T23:24:35.931081+00:00,2026-07-09T23:24:35.931245,2,4,113.3,0.2,113.2,267,112.9,5,,,,,,,,,,,,,,,,,113.4,5,113.6,12,113.7,250,114.0,40,,,,,,,,,,,,
2026-07-09T23:24:36.093312+00:00,2026-07-09T23:24:36.093186,2,2,113.45,0.5,113.2,267,112.9,5,,,,,,,,,,,,,,,,,113.7,217,114.0,40,,,,,,,,,,,,,,,,
2026-07-09T23:24:36.721735+00:00,2026-07-09T23:24:36.721641,2,2,113.45,0.5,113.2,262,112.9,5,,,,,,,,,,,,,,,,,113.7,217,114.0,40,,,,,,,,,,,,,,,,
2026-07-09T23:24:36.726710+00:00,2026-07-09T23:24:36.726833,2,2,113.45,0.5,113.2,267,112.9,5,,,,,,,,,,,,,,,,,113.7,222,114.0,40,,,,,,,,,,,,,,,,
2026-07-09T23:24:37.074645+00:00,2026-07-09T23:24:37.074593,2,2,113.45,0.5,113.2,117,112.9,5,,,,,,,,,,,,,,,,,113.7,105,114.0,40,,,,,,,,,,,,,,,,
2026-07-09T23:24:37.128725+00:00,2026-07-09T23:24:37.128669,2,2,113.45,0.5,113.2,267,112.9,5,,,,,,,,,,,,,,,,,113.7,105,114.0,40,,,,,,,,,,,,,,,,
2026-07-09T23:24:37.181316+00:00,2026-07-09T23:24:37.181254,2,2,113.45,0.5,113.2,267,112.9,5,,,,,,,,,,,,,,,,,113.7,255,114.0,40,,,,,,,,,,,,,,,,
2026-07-09T23:24:37.489954+00:00,2026-07-09T23:24:37.489840,2,2,113.45,0.5,113.2,167,112.9,5,,,,,,,,,,,,,,,,,113.7,155,114.0,40,,,,,,,,,,,,,,,,
2026-07-09T23:24:37.544646+00:00,2026-07-09T23:24:37.544740,2,2,113.45,0.5,113.2,267,112.9,5,,,,,,,,,,,,,,,,,113.7,155,114.0,40,,,,,,,,,,,,,,,,
2026-07-09T23:24:37.597981+00:00,2026-07-09T23:24:37.597904,2,2,113.45,0.5,113.2,267,112.9,5,,,,,,,,,,,,,,,,,113.7,255,114.0,40,,,,,,,,,,,,,,,,
2026-07-09T23:24:37.745099+00:00,2026-07-09T23:24:37.745255,2,2,113.45,0.5,113.2,262,112.9,5,,,,,,,,,,,,,,,,,113.7,255,114.0,40,,,,,,,,,,,,,,,,
2026-07-09T23:24:37.750568+00:00,2026-07-09T23:24:37.750457,2,2,113.45,0.5,113.2,267,112.9,5,,,,,,,,,,,,,,,,,113.7,250,114.0,40,,,,,,,,,,,,,,,,
2026-07-09T23:24:37.758573+00:00,2026-07-09T23:24:37.755711,2,2,113.45,0.5,113.2,267,112.9,5,,,,,,,,,,,,,,,,,113.7,255,114.0,40,,,,,,,,,,,,,,,,
2026-07-09T23:24:38.200187+00:00,2026-07-09T23:24:38.200056,2,2,113.45,0.5,113.2,267,112.9,5,,,,,,,,,,,,,,,,,113.7,205,114.0,40,,,,,,,,,,,,,,,,
2026-07-09T23:24:38.777071+00:00,2026-07-09T23:24:38.777048,1,2,113.45,0.5,113.2,262,,,,,,,,,,,,,,,,,,,113.7,200,114.0,40,,,,,,,,,,,,,,,,
2026-07-09T23:24:38.782327+00:00,2026-07-09T23:24:38.782236,1,2,113.45,0.5,113.2,267,,,,,,,,,,,,,,,,,,,113.7,205,114.0,40,,,,,,,,,,,,,,,,
2026-07-09T23:24:39.726776+00:00,2026-07-09T23:24:39.719776,1,2,113.45,0.5,113.2,245,,,,,,,,,,,,,,,,,,,113.7,205,114.0,40,,,,,,,,,,,,,,,,
2026-07-09T23:24:39.800327+00:00,2026-07-09T23:24:39.800231,1,2,113.45,0.5,113.2,240,,,,,,,,,,,,,,,,,,,113.7,205,114.0,40,,,,,,,,,,,,,,,,
2026-07-09T23:24:39.805515+00:00,2026-07-09T23:24:39.805408,1,2,113.45,0.5,113.2,245,,,,,,,,,,,,,,,,,,,113.7,200,114.0,40,,,,,,,,,,,,,,,,
2026-07-09T23:24:39.810471+00:00,2026-07-09T23:24:39.810542,1,2,113.45,0.5,113.2,245,,,,,,,,,,,,,,,,,,,113.7,205,114.0,40,,,,,,,,,,,,,,,,
2026-07-09T23:24:39.874038+00:00,2026-07-09T23:24:39.874126,1,1,113.45,0.5,113.2,245,,,,,,,,,,,,,,,,,,,113.7,205,,,,,,,,,,,,,,,,,,
2026-07-09T23:24:39.879550+00:00,2026-07-09T23:24:39.879359,1,2,113.45,0.5,113.2,245,,,,,,,,,,,,,,,,,,,113.7,205,113.8,40,,,,,,,,,,,,,,,,
2026-07-09T23:24:39.891813+00:00,2026-07-09T23:24:39.891702,2,3,113.4,0.4,113.2,245,113.1,12,,,,,,,,,,,,,,,,,113.6,12,113.7,205,113.8,40,,,,,,,,,,,,,,
2026-07-09T23:24:40.235665+00:00,2026-07-09T23:24:40.235827,2,3,113.4,0.4,113.2,105,113.1,12,,,,,,,,,,,,,,,,,113.6,12,113.7,105,113.8,40,,,,,,,,,,,,,,
2026-07-09T23:24:40.287239+00:00,2026-07-09T23:24:40.287185,2,3,113.4,0.4,113.2,255,113.1,12,,,,,,,,,,,,,,,,,113.6,12,113.7,105,113.8,40,,,,,,,,,,,,,,
2026-07-09T23:24:40.308156+00:00,2026-07-09T23:24:40.308037,2,2,113.45,0.5,113.2,255,113.1,12,,,,,,,,,,,,,,,,,113.7,67,113.8,40,,,,,,,,,,,,,,,,
2026-07-09T23:24:40.343993+00:00,2026-07-09T23:24:40.343923,2,2,113.45,0.5,113.2,255,113.1,12,,,,,,,,,,,,,,,,,113.7,217,113.8,40,,,,,,,,,,,,,,,,
2026-07-09T23:24:40.649996+00:00,2026-07-09T23:24:40.650178,2,2,113.45,0.5,113.2,155,113.1,12,,,,,,,,,,,,,,,,,113.7,155,113.8,40,,,,,,,,,,,,,,,,
2026-07-09T23:24:40.703654+00:00,2026-07-09T23:24:40.703776,2,2,113.45,0.5,113.2,255,113.1,12,,,,,,,,,,,,,,,,,113.7,155,113.8,40,,,,,,,,,,,,,,,,
2026-07-09T23:24:40.758679+00:00,2026-07-09T23:24:40.752266,2,2,113.45,0.5,113.2,255,113.1,12,,,,,,,,,,,,,,,,,113.7,255,113.8,40,,,,,,,,,,,,,,,,
2026-07-09T23:24:40.824303+00:00,2026-07-09T23:24:40.824374,2,2,113.45,0.5,113.2,250,113.1,12,,,,,,,,,,,,,,,,,113.7,255,113.8,40,,,,,,,,,,,,,,,,
2026-07-09T23:24:40.829600+00:00,2026-07-09T23:24:40.829544,2,2,113.45,0.5,113.2,255,113.1,12,,,,,,,,,,,,,,,,,113.7,250,113.8,40,,,,,,,,,,,,,,,,
2026-07-09T23:24:40.834814+00:00,2026-07-09T23:24:40.834682,2,2,113.45,0.5,113.2,255,113.1,12,,,,,,,,,,,,,,,,,113.7,255,113.8,40,,,,,,,,,,,,,,,,
2026-07-09T23:24:41.086184+00:00,2026-07-09T23:24:41.086040,2,1,113.45,0.5,113.2,255,113.1,12,,,,,,,,,,,,,,,,,113.7,255,,,,,,,,,,,,,,,,,,
2026-07-09T23:24:41.091416+00:00,2026-07-09T23:24:41.091282,2,2,113.45,0.5,113.2,255,113.1,12,,,,,,,,,,,,,,,,,113.7,255,114.0,40,,,,,,,,,,,,,,,,
2026-07-09T23:24:41.679752+00:00,2026-07-09T23:24:41.679591,1,2,113.45,0.5,113.2,255,,,,,,,,,,,,,,,,,,,113.7,255,114.0,40,,,,,,,,,,,,,,,,
2026-07-09T23:24:41.684932+00:00,2026-07-09T23:24:41.684899,1,3,113.4,0.4,113.2,267,,,,,,,,,,,,,,,,,,,113.6,12,113.7,255,114.0,40,,,,,,,,,,,,,,
2026-07-09T23:24:41.756386+00:00,2026-07-09T23:24:41.756531,1,4,113.3,0.2,113.2,267,,,,,,,,,,,,,,,,,,,113.4,7,113.6,12,113.7,255,114.0,40,,,,,,,,,,,,
2026-07-09T23:24:41.845044+00:00,2026-07-09T23:24:41.844975,1,4,113.3,0.2,113.2,262,,,,,,,,,,,,,,,,,,,113.4,7,113.6,12,113.7,255,114.0,40,,,,,,,,,,,,
2026-07-09T23:24:41.850047+00:00,2026-07-09T23:24:41.850213,1,4,113.3,0.2,113.2,267,,,,,,,,,,,,,,,,,,,113.4,7,113.6,12,113.7,250,114.0,40,,,,,,,,,,,,
2026-07-09T23:24:41.855477+00:00,2026-07-09T23:24:41.855402,1,4,113.3,0.2,113.2,267,,,,,,,,,,,,,,,,,,,113.4,12,113.6,12,113.7,250,114.0,40,,,,,,,,,,,,
2026-07-09T23:24:42.416389+00:00,2026-07-09T23:24:42.416320,1,2,113.45,0.5,113.2,267,,,,,,,,,,,,,,,,,,,113.7,224,114.0,40,,,,,,,,,,,,,,,,
2026-07-09T23:24:42.570533+00:00,2026-07-09T23:24:42.570471,1,2,113.45,0.5,113.2,223,,,,,,,,,,,,,,,,,,,113.7,224,114.0,40,,,,,,,,,,,,,,,,
2026-07-09T23:24:42.924599+00:00,2026-07-09T23:24:42.924515,1,2,113.45,0.5,113.2,218,,,,,,,,,,,,,,,,,,,113.7,224,114.0,40,,,,,,,,,,,,,,,,
2026-07-09T23:24:42.934982+00:00,2026-07-09T23:24:42.934871,1,2,113.45,0.5,113.2,223,,,,,,,,,,,,,,,,,,,113.7,224,114.0,40,,,,,,,,,,,,,,,,
2026-07-09T23:24:42.940233+00:00,2026-07-09T23:24:42.940067,1,2,113.45,0.5,113.2,223,,,,,,,,,,,,,,,,,,,113.7,229,114.0,40,,,,,,,,,,,,,,,,
2026-07-09T23:24:43.275222+00:00,2026-07-09T23:24:43.275154,1,3,113.35,0.3,113.2,223,,,,,,,,,,,,,,,,,,,113.5,7,113.7,229,114.0,40,,,,,,,,,,,,,,
2026-07-09T23:24:43.397200+00:00,2026-07-09T23:24:43.397161,1,3,113.35,0.3,113.2,117,,,,,,,,,,,,,,,,,,,113.5,7,113.7,105,114.0,40,,,,,,,,,,,,,,
2026-07-09T23:24:43.447954+00:00,2026-07-09T23:24:43.448096,2,3,113.4,0.2,113.3,150,113.2,117,,,,,,,,,,,,,,,,,113.5,7,113.7,105,114.0,40,,,,,,,,,,,,,,
2026-07-09T23:24:43.501004+00:00,2026-07-09T23:24:43.500931,2,4,113.4,0.2,113.3,150,113.2,117,,,,,,,,,,,,,,,,,113.5,7,113.7,105,113.8,150,114.0,40,,,,,,,,,,,,
