recv_time,book_timestamp,n_bids,n_asks,mid,spread,bid_px_0,bid_vol_0,bid_px_1,bid_vol_1,bid_px_2,bid_vol_2,bid_px_3,bid_vol_3,bid_px_4,bid_vol_4,bid_px_5,bid_vol_5,bid_px_6,bid_vol_6,bid_px_7,bid_vol_7,bid_px_8,bid_vol_8,bid_px_9,bid_vol_9,ask_px_0,ask_vol_0,ask_px_1,ask_vol_1,ask_px_2,ask_vol_2,ask_px_3,ask_vol_3,ask_px_4,ask_vol_4,ask_px_5,ask_vol_5,ask_px_6,ask_vol_6,ask_px_7,ask_vol_7,ask_px_8,ask_vol_8,ask_px_9,ask_vol_9
2026-07-05T20:00:00.615425+00:00,2026-07-05T20:00:00.604051,2,1,166.85,0.5,166.6,150,166.4,8,,,,,,,,,,,,,,,,,167.1,150,,,,,,,,,,,,,,,,,,
2026-07-05T20:00:00.706233+00:00,2026-07-05T20:00:00.661774,2,1,166.85,0.5,166.6,103,166.4,108,,,,,,,,,,,,,,,,,167.1,150,,,,,,,,,,,,,,,,,,
2026-07-05T20:00:00.743786+00:00,2026-07-05T20:00:00.708753,2,2,166.75,0.3,166.6,103,166.4,108,,,,,,,,,,,,,,,,,166.9,100,167.1,150,,,,,,,,,,,,,,,,
2026-07-05T20:00:00.910062+00:00,2026-07-05T20:00:00.897092,3,2,166.75,0.3,166.6,103,166.4,100,166.3,8,,,,,,,,,,,,,,,166.9,50,167.1,150,,,,,,,,,,,,,,,,
2026-07-05T20:00:02.009738+00:00,2026-07-05T20:00:02.009621,2,1,166.65,0.5,166.4,100,166.3,8,,,,,,,,,,,,,,,,,166.9,50,,,,,,,,,,,,,,,,,,
2026-07-05T20:00:02.058756+00:00,2026-07-05T20:00:02.058557,3,1,166.65,0.5,166.4,100,166.3,8,166.1,150,,,,,,,,,,,,,,,166.9,50,,,,,,,,,,,,,,,,,,
2026-07-05T20:00:02.126968+00:00,2026-07-05T20:00:02.119754,3,2,166.5,0.2,166.4,100,166.3,8,166.1,150,,,,,,,,,,,,,,,166.6,147,166.9,50,,,,,,,,,,,,,,,,
2026-07-05T20:00:02.339669+00:00,2026-07-05T20:00:02.339814,3,2,166.5,0.2,166.4,60,166.3,8,166.1,150,,,,,,,,,,,,,,,166.6,147,166.9,50,,,,,,,,,,,,,,,,
2026-07-05T20:00:03.013695+00:00,2026-07-05T20:00:03.013552,3,2,166.5,0.2,166.4,60,166.3,8,166.1,150,,,,,,,,,,,,,,,166.6,97,166.9,50,,,,,,,,,,,,,,,,
2026-07-05T20:00:03.243762+00:00,2026-07-05T20:00:03.237458,3,2,166.5,0.2,166.4,60,166.3,8,166.1,150,,,,,,,,,,,,,,,166.6,86,166.9,50,,,,,,,,,,,,,,,,
2026-07-05T20:00:03.774316+00:00,2026-07-05T20:00:03.774238,2,1,166.45,0.3,166.3,8,166.1,150,,,,,,,,,,,,,,,,,166.6,86,,,,,,,,,,,,,,,,,,
2026-07-05T20:00:03.829589+00:00,2026-07-05T20:00:03.829515,3,0,,,166.6,14,166.3,8,166.1,150,,,,,,,,,,,,,,,,,,,,,,,,,,,,,,,,,,
2026-07-05T20:00:03.882678+00:00,2026-07-05T20:00:03.882759,3,1,166.85,0.5,166.6,14,166.3,8,166.1,150,,,,,,,,,,,,,,,167.1,100,,,,,,,,,,,,,,,,,,
2026-07-05T20:00:03.894224+00:00,2026-07-05T20:00:03.894113,3,1,166.85,0.5,166.6,14,166.4,8,166.1,150,,,,,,,,,,,,,,,167.1,100,,,,,,,,,,,,,,,,,,
2026-07-05T20:00:05.191069+00:00,2026-07-05T20:00:05.191009,2,1,166.85,0.5,166.6,14,166.4,8,,,,,,,,,,,,,,,,,167.1,100,,,,,,,,,,,,,,,,,,
2026-07-05T20:00:05.242514+00:00,2026-07-05T20:00:05.242399,3,1,166.95,0.3,166.8,150,166.6,14,166.4,8,,,,,,,,,,,,,,,167.1,100,,,,,,,,,,,,,,,,,,
2026-07-05T20:00:05.294729+00:00,2026-07-05T20:00:05.294863,3,2,166.95,0.3,166.8,150,166.6,14,166.4,8,,,,,,,,,,,,,,,167.1,100,167.3,150,,,,,,,,,,,,,,,,
2026-07-05T20:00:05.531549+00:00,2026-07-05T20:00:05.531459,3,2,166.95,0.3,166.8,150,166.6,14,166.4,8,,,,,,,,,,,,,,,167.1,52,167.3,150,,,,,,,,,,,,,,,,
2026-07-05T20:00:06.937584+00:00,2026-07-05T20:00:06.937522,2,1,167.05,0.5,166.8,150,166.4,8,,,,,,,,,,,,,,,,,167.3,150,,,,,,,,,,,,,,,,,,
2026-07-05T20:00:06.998646+00:00,2026-07-05T20:00:06.998587,3,1,167.05,0.5,166.8,150,166.5,100,166.4,8,,,,,,,,,,,,,,,167.3,150,,,,,,,,,,,,,,,,,,
2026-07-05T20:00:07.058676+00:00,2026-07-05T20:00:07.052519,3,2,166.9,0.2,166.8,150,166.5,100,166.4,8,,,,,,,,,,,,,,,167.0,100,167.3,150,,,,,,,,,,,,,,,,
2026-07-05T20:00:07.156550+00:00,2026-07-05T20:00:07.156435,2,2,166.9,0.2,166.8,150,166.5,108,,,,,,,,,,,,,,,,,167.0,100,167.3,150,,,,,,,,,,,,,,,,
2026-07-05T20:00:07.182588+00:00,2026-07-05T20:00:07.176581,2,2,166.9,0.2,166.8,139,166.5,108,,,,,,,,,,,,,,,,,167.0,100,167.3,150,,,,,,,,,,,,,,,,
2026-07-05T20:00:07.245949+00:00,2026-07-05T20:00:07.245835,2,2,166.9,0.2,166.8,139,166.5,108,,,,,,,,,,,,,,,,,167.0,50,167.3,150,,,,,,,,,,,,,,,,
2026-07-05T20:00:07.916255+00:00,2026-07-05T20:00:07.916188,3,2,166.9,0.2,166.8,139,166.5,100,166.4,8,,,,,,,,,,,,,,,167.0,50,167.3,150,,,,,,,,,,,,,,,,
2026-07-05T20:00:08.347375+00:00,2026-07-05T20:00:08.347573,2,1,166.75,0.5,166.5,100,166.4,8,,,,,,,,,,,,,,,,,167.0,50,,,,,,,,,,,,,,,,,,
2026-07-05T20:00:08.407462+00:00,2026-07-05T20:00:08.407343,3,1,166.85,0.3,166.7,150,166.5,100,166.4,8,,,,,,,,,,,,,,,167.0,50,,,,,,,,,,,,,,,,,,
2026-07-05T20:00:08.458554+00:00,2026-07-05T20:00:08.455083,3,2,166.85,0.3,166.7,150,166.5,100,166.4,8,,,,,,,,,,,,,,,167.0,50,167.2,150,,,,,,,,,,,,,,,,
2026-07-05T20:00:09.351476+00:00,2026-07-05T20:00:09.351419,3,1,166.95,0.5,166.7,150,166.5,100,166.4,8,,,,,,,,,,,,,,,167.2,150,,,,,,,,,,,,,,,,,,
2026-07-05T20:00:10.107103+00:00,2026-07-05T20:00:10.106950,2,1,166.95,0.5,166.7,150,166.4,8,,,,,,,,,,,,,,,,,167.2,150,,,,,,,,,,,,,,,,,,
2026-07-05T20:00:10.159825+00:00,2026-07-05T20:00:10.159782,3,1,167.05,0.3,166.9,100,166.7,150,166.4,8,,,,,,,,,,,,,,,167.2,150,,,,,,,,,,,,,,,,,,
2026-07-05T20:00:10.212360+00:00,2026-07-05T20:00:10.212541,3,2,167.05,0.3,166.9,100,166.7,150,166.4,8,,,,,,,,,,,,,,,167.2,150,167.4,100,,,,,,,,,,,,,,,,
2026-07-05T20:00:11.563981+00:00,2026-07-05T20:00:11.563949,3,1,167.2,0.4,167.0,150,166.9,100,166.4,8,,,,,,,,,,,,,,,167.4,100,,,,,,,,,,,,,,,,,,
2026-07-05T20:00:11.663968+00:00,2026-07-05T20:00:11.663847,3,2,167.2,0.4,167.0,150,166.9,100,166.4,8,,,,,,,,,,,,,,,167.4,100,167.5,150,,,,,,,,,,,,,,,,
2026-07-05T20:00:11.676033+00:00,2026-07-05T20:00:11.690704,3,2,167.2,0.4,167.0,106,166.9,100,166.4,8,,,,,,,,,,,,,,,167.4,100,167.5,150,,,,,,,,,,,,,,,,
2026-07-05T20:00:12.158598+00:00,2026-07-05T20:00:12.156273,3,2,167.2,0.4,167.0,106,166.9,100,166.4,8,,,,,,,,,,,,,,,167.4,56,167.5,150,,,,,,,,,,,,,,,,
2026-07-05T20:00:12.774473+00:00,2026-07-05T20:00:12.774367,3,2,167.2,0.4,167.0,58,166.9,100,166.4,8,,,,,,,,,,,,,,,167.4,56,167.5,150,,,,,,,,,,,,,,,,
2026-07-05T20:00:13.267135+00:00,2026-07-05T20:00:13.267032,2,1,167.25,0.5,167.0,58,166.4,8,,,,,,,,,,,,,,,,,167.5,150,,,,,,,,,,,,,,,,,,
2026-07-05T20:00:13.320258+00:00,2026-07-05T20:00:13.320154,2,1,167.25,0.5,167.0,158,166.4,8,,,,,,,,,,,,,,,,,167.5,150,,,,,,,,,,,,,,,,,,
2026-07-05T20:00:13.374018+00:00,2026-07-05T20:00:13.373983,2,1,167.25,0.5,167.0,158,166.4,8,,,,,,,,,,,,,,,,,167.5,250,,,,,,,,,,,,,,,,,,
2026-07-05T20:00:13.612714+00:00,2026-07-05T20:00:13.612682,2,1,167.25,0.5,167.0,108,166.4,8,,,,,,,,,,,,,,,,,167.5,250,,,,,,,,,,,,,,,,,,
2026-07-05T20:00:13.768046+00:00,2026-07-05T20:00:13.762360,2,1,167.25,0.5,167.0,105,166.4,8,,,,,,,,,,,,,,,,,167.5,250,,,,,,,,,,,,,,,,,,
2026-07-05T20:00:13.933347+00:00,2026-07-05T20:00:13.933258,2,1,167.25,0.5,167.0,105,166.4,8,,,,,,,,,,,,,,,,,167.5,250,,,,,,,,,,,,,,,,,,
2026-07-05T20:00:14.673625+00:00,2026-07-05T20:00:14.673541,2,1,167.25,0.5,167.0,105,166.4,8,,,,,,,,,,,,,,,,,167.5,100,,,,,,,,,,,,,,,,,,
2026-07-05T20:00:14.678834+00:00,2026-07-05T20:00:14.678726,2,1,167.25,0.5,167.0,100,166.4,8,,,,,,,,,,,,,,,,,167.5,100,,,,,,,,,,,,,,,,,,
2026-07-05T20:00:14.732380+00:00,2026-07-05T20:00:14.732260,3,1,167.25,0.5,167.0,100,166.4,8,166.0,150,,,,,,,,,,,,,,,167.5,100,,,,,,,,,,,,,,,,,,
2026-07-05T20:00:14.795959+00:00,2026-07-05T20:00:14.790291,2,2,166.45,0.1,166.4,8,166.0,150,,,,,,,,,,,,,,,,,166.5,47,167.5,100,,,,,,,,,,,,,,,,
2026-07-05T20:00:14.848359+00:00,2026-07-05T20:00:14.848262,2,1,166.95,1.1,166.4,8,166.0,150,,,,,,,,,,,,,,,,,167.5,100,,,,,,,,,,,,,,,,,,
2026-07-05T20:00:15.668985+00:00,2026-07-05T20:00:15.669066,2,1,166.95,1.1,166.4,8,166.0,150,,,,,,,,,,,,,,,,,167.5,50,,,,,,,,,,,,,,,,,,
2026-07-05T20:00:16.431641+00:00,2026-07-05T20:00:16.431528,2,0,,,166.4,8,166.0,150,,,,,,,,,,,,,,,,,,,,,,,,,,,,,,,,,,,,
2026-07-05T20:00:16.484602+00:00,2026-07-05T20:00:16.484469,3,0,,,166.8,100,166.4,8,166.0,150,,,,,,,,,,,,,,,,,,,,,,,,,,,,,,,,,,
2026-07-05T20:00:16.537759+00:00,2026-07-05T20:00:16.537678,3,1,167.05,0.5,166.8,100,166.4,8,166.0,150,,,,,,,,,,,,,,,167.3,100,,,,,,,,,,,,,,,,,,
2026-07-05T20:00:16.695509+00:00,2026-07-05T20:00:16.695461,2,1,167.05,0.5,166.8,100,166.0,150,,,,,,,,,,,,,,,,,167.3,100,,,,,,,,,,,,,,,,,,
2026-07-05T20:00:16.700686+00:00,2026-07-05T20:00:16.700652,3,1,167.05,0.5,166.8,100,166.6,8,166.0,150,,,,,,,,,,,,,,,167.3,100,,,,,,,,,,,,,,,,,,
2026-07-05T20:00:17.775060+00:00,2026-07-05T20:00:17.774934,3,1,167.05,0.5,166.8,100,166.6,8,166.0,150,,,,,,,,,,,,,,,167.3,50,,,,,,,,,,,,,,,,,,
2026-07-05T20:00:17.841337+00:00,2026-07-05T20:00:17.841236,2,1,167.05,0.5,166.8,100,166.6,8,,,,,,,,,,,,,,,,,167.3,50,,,,,,,,,,,,,,,,,,
2026-07-05T20:00:17.900940+00:00,2026-07-05T20:00:17.901035,2,1,167.05,0.5,166.8,250,166.6,8,,,,,,,,,,,,,,,,,167.3,50,,,,,,,,,,,,,,,,,,
2026-07-05T20:00:17.958612+00:00,2026-07-05T20:00:17.953682,2,1,167.05,0.5,166.8,250,166.6,8,,,,,,,,,,,,,,,,,167.3,200,,,,,,,,,,,,,,,,,,
2026-07-05T20:00:19.009549+00:00,2026-07-05T20:00:19.003972,2,1,167.05,0.5,166.8,247,166.6,8,,,,,,,,,,,,,,,,,167.3,200,,,,,,,,,,,,,,,,,,
2026-07-05T20:00:19.209776+00:00,2026-07-05T20:00:19.209742,2,1,167.05,0.5,166.8,247,166.4,8,,,,,,,,,,,,,,,,,167.3,200,,,,,,,,,,,,,,,,,,
2026-07-05T20:00:19.591313+00:00,2026-07-05T20:00:19.591152,2,1,167.05,0.5,166.8,150,166.4,8,,,,,,,,,,,,,,,,,167.3,150,,,,,,,,,,,,,,,,,,
2026-07-05T20:00:19.646198+00:00,2026-07-05T20:00:19.646101,3,1,167.05,0.5,166.8,150,166.7,100,166.4,8,,,,,,,,,,,,,,,167.3,150,,,,,,,,,,,,,,,,,,
2026-07-05T20:00:19.703010+00:00,2026-07-05T20:00:19.702860,3,2,167.0,0.4,166.8,150,166.7,100,166.4,8,,,,,,,,,,,,,,,167.2,100,167.3,150,,,,,,,,,,,,,,,,
2026-07-05T20:00:19.871322+00:00,2026-07-05T20:00:19.871294,3,2,167.0,0.4,166.8,103,166.7,100,166.4,8,,,,,,,,,,,,,,,167.2,100,167.3,150,,,,,,,,,,,,,,,,
2026-07-05T20:00:19.934134+00:00,2026-07-05T20:00:19.934038,3,2,167.0,0.4,166.8,53,166.7,100,166.4,8,,,,,,,,,,,,,,,167.2,100,167.3,150,,,,,,,,,,,,,,,,
2026-07-05T20:00:20.464336+00:00,2026-07-05T20:00:20.464233,3,2,167.0,0.4,166.8,4,166.7,100,166.4,8,,,,,,,,,,,,,,,167.2,100,167.3,150,,,,,,,,,,,,,,,,
2026-07-05T20:00:21.007363+00:00,2026-07-05T20:00:21.007321,2,1,166.95,0.5,166.7,100,166.4,8,,,,,,,,,,,,,,,,,167.2,100,,,,,,,,,,,,,,,,,,
2026-07-05T20:00:21.063662+00:00,2026-07-05T20:00:21.063848,3,1,166.95,0.5,166.7,100,166.4,8,166.1,150,,,,,,,,,,,,,,,167.2,100,,,,,,,,,,,,,,,,,,
2026-07-05T20:00:21.114900+00:00,2026-07-05T20:00:21.114844,2,2,166.5,0.2,166.4,8,166.1,150,,,,,,,,,,,,,,,,,166.6,50,167.2,100,,,,,,,,,,,,,,,,
2026-07-05T20:00:21.127912+00:00,2026-07-05T20:00:21.123710,2,2,166.5,0.2,166.4,8,166.1,150,,,,,,,,,,,,,,,,,166.6,47,167.2,100,,,,,,,,,,,,,,,,
2026-07-05T20:00:21.221495+00:00,2026-07-05T20:00:21.221451,2,2,166.5,0.2,166.4,8,166.1,150,,,,,,,,,,,,,,,,,166.6,47,167.2,100,,,,,,,,,,,,,,,,
2026-07-05T20:00:22.044334+00:00,2026-07-05T20:00:22.044268,1,2,166.35,0.5,166.1,108,,,,,,,,,,,,,,,,,,,166.6,47,167.2,100,,,,,,,,,,,,,,,,
2026-07-05T20:00:22.233855+00:00,2026-07-05T20:00:22.233809,2,3,166.4,0.4,166.2,8,166.1,108,,,,,,,,,,,,,,,,,166.6,47,166.9,8,167.2,100,,,,,,,,,,,,,,
2026-07-05T20:00:22.758573+00:00,2026-07-05T20:00:22.753499,2,2,166.4,0.4,166.2,8,166.1,108,,,,,,,,,,,,,,,,,166.6,47,166.9,8,,,,,,,,,,,,,,,,
2026-07-05T20:00:22.810426+00:00,2026-07-05T20:00:22.810561,3,2,166.55,0.1,166.5,100,166.2,8,166.1,108,,,,,,,,,,,,,,,166.6,47,166.9,8,,,,,,,,,,,,,,,,
2026-07-05T20:00:22.863922+00:00,2026-07-05T20:00:22.863843,3,3,166.55,0.1,166.5,100,166.2,8,166.1,108,,,,,,,,,,,,,,,166.6,47,166.9,8,167.0,100,,,,,,,,,,,,,,
2026-07-05T20:00:23.002750+00:00,2026-07-05T20:00:23.002650,2,2,166.55,0.1,166.5,100,166.1,108,,,,,,,,,,,,,,,,,166.6,47,167.0,100,,,,,,,,,,,,,,,,
2026-07-05T20:00:23.007982+00:00,2026-07-05T20:00:23.007867,3,2,166.55,0.1,166.5,100,166.4,8,166.1,108,,,,,,,,,,,,,,,166.6,47,167.0,100,,,,,,,,,,,,,,,,
2026-07-05T20:00:23.012977+00:00,2026-07-05T20:00:23.013075,3,3,166.55,0.1,166.5,100,166.4,8,166.1,108,,,,,,,,,,,,,,,166.6,47,166.8,8,167.0,100,,,,,,,,,,,,,,
2026-07-05T20:00:24.158612+00:00,2026-07-05T20:00:24.152974,3,3,166.55,0.1,166.5,50,166.4,8,166.1,108,,,,,,,,,,,,,,,166.6,47,166.8,8,167.0,100,,,,,,,,,,,,,,
2026-07-05T20:00:24.172467+00:00,2026-07-05T20:00:24.172435,2,2,166.65,0.3,166.5,50,166.4,8,,,,,,,,,,,,,,,,,166.8,8,167.0,100,,,,,,,,,,,,,,,,
2026-07-05T20:00:24.227058+00:00,2026-07-05T20:00:24.226966,3,2,166.65,0.3,166.5,50,166.4,8,166.3,150,,,,,,,,,,,,,,,166.8,8,167.0,100,,,,,,,,,,,,,,,,
2026-07-05T20:00:24.279225+00:00,2026-07-05T20:00:24.279135,3,2,166.65,0.3,166.5,50,166.4,8,166.3,150,,,,,,,,,,,,,,,166.8,158,167.0,100,,,,,,,,,,,,,,,,
2026-07-05T20:00:25.275740+00:00,2026-07-05T20:00:25.275643,3,2,166.65,0.3,166.5,50,166.4,8,166.3,150,,,,,,,,,,,,,,,166.8,117,167.0,100,,,,,,,,,,,,,,,,
2026-07-05T20:00:25.864276+00:00,2026-07-05T20:00:25.864201,3,2,166.65,0.3,166.5,50,166.4,8,166.3,150,,,,,,,,,,,,,,,166.8,76,167.0,100,,,,,,,,,,,,,,,,
2026-07-05T20:00:25.918115+00:00,2026-07-05T20:00:25.918037,2,1,166.6,0.4,166.4,8,166.3,150,,,,,,,,,,,,,,,,,166.8,76,,,,,,,,,,,,,,,,,,
2026-07-05T20:00:25.971525+00:00,2026-07-05T20:00:25.971424,2,1,166.6,0.4,166.4,8,166.3,250,,,,,,,,,,,,,,,,,166.8,76,,,,,,,,,,,,,,,,,,
2026-07-05T20:00:26.025769+00:00,2026-07-05T20:00:26.025683,2,1,166.6,0.4,166.4,8,166.3,250,,,,,,,,,,,,,,,,,166.8,176,,,,,,,,,,,,,,,,,,
2026-07-05T20:00:26.258608+00:00,2026-07-05T20:00:26.255608,1,1,166.55,0.5,166.3,208,,,,,,,,,,,,,,,,,,,166.8,176,,,,,,,,,,,,,,,,,,
2026-07-05T20:00:27.332262+00:00,2026-07-05T20:00:27.332168,1,1,166.55,0.5,166.3,100,,,,,,,,,,,,,,,,,,,166.8,100,,,,,,,,,,,,,,,,,,
2026-07-05T20:00:27.385726+00:00,2026-07-05T20:00:27.385668,2,1,166.65,0.3,166.5,150,166.3,100,,,,,,,,,,,,,,,,,166.8,100,,,,,,,,,,,,,,,,,,
2026-07-05T20:00:27.438157+00:00,2026-07-05T20:00:27.438057,2,2,166.65,0.3,166.5,150,166.3,100,,,,,,,,,,,,,,,,,166.8,100,167.0,150,,,,,,,,,,,,,,,,
2026-07-05T20:00:27.555384+00:00,2026-07-05T20:00:27.555294,2,2,166.65,0.3,166.5,150,166.3,100,,,,,,,,,,,,,,,,,166.8,53,167.0,150,,,,,,,,,,,,,,,,
2026-07-05T20:00:28.368811+00:00,2026-07-05T20:00:28.368664,2,2,166.65,0.3,166.5,100,166.3,100,,,,,,,,,,,,,,,,,166.8,53,167.0,150,,,,,,,,,,,,,,,,
2026-07-05T20:00:29.079738+00:00,2026-07-05T20:00:29.079603,1,1,166.75,0.5,166.5,100,,,,,,,,,,,,,,,,,,,167.0,150,,,,,,,,,,,,,,,,,,
2026-07-05T20:00:29.132784+00:00,2026-07-05T20:00:29.132665,1,1,166.75,0.5,166.5,200,,,,,,,,,,,,,,,,,,,167.0,150,,,,,,,,,,,,,,,,,,
2026-07-05T20:00:29.186228+00:00,2026-07-05T20:00:29.186321,1,1,166.75,0.5,166.5,200,,,,,,,,,,,,,,,,,,,167.0,250,,,,,,,,,,,,,,,,,,
2026-07-05T20:00:29.542151+00:00,2026-07-05T20:00:29.542087,2,2,166.7,0.4,166.5,200,166.3,8,,,,,,,,,,,,,,,,,166.9,8,167.0,250,,,,,,,,,,,,,,,,
2026-07-05T20:00:30.476003+00:00,2026-07-05T20:00:30.475884,2,2,166.7,0.4,166.5,150,166.3,8,,,,,,,,,,,,,,,,,166.9,8,167.0,250,,,,,,,,,,,,,,,,
2026-07-05T20:00:30.491971+00:00,2026-07-05T20:00:30.491929,2,2,166.7,0.4,166.5,100,166.3,8,,,,,,,,,,,,,,,,,166.9,8,167.0,100,,,,,,,,,,,,,,,,
2026-07-05T20:00:30.545173+00:00,2026-07-05T20:00:30.545094,3,2,166.7,0.4,166.5,100,166.3,8,165.9,150,,,,,,,,,,,,,,,166.9,8,167.0,100,,,,,,,,,,,,,,,,
2026-07-05T20:00:30.612012+00:00,2026-07-05T20:00:30.606833,2,3,166.35,0.1,166.3,8,165.9,150,,,,,,,,,,,,,,,,,166.4,39,166.9,8,167.0,100,,,,,,,,,,,,,,
2026-07-05T20:00:30.802135+00:00,2026-07-05T20:00:30.802037,1,2,166.15,0.5,165.9,150,,,,,,,,,,,,,,,,,,,166.4,39,167.0,100,,,,,,,,,,,,,,,,
2026-07-05T20:00:30.807367+00:00,2026-07-05T20:00:30.807248,2,3,166.3,0.2,166.2,8,165.9,150,,,,,,,,,,,,,,,,,166.4,39,166.6,8,167.0,100,,,,,,,,,,,,,,
2026-07-05T20:00:31.217408+00:00,2026-07-05T20:00:31.210195,2,3,166.3,0.2,166.2,8,165.9,150,,,,,,,,,,,,,,,,,166.4,27,166.6,8,167.0,100,,,,,,,,,,,,,,
2026-07-05T20:00:31.819283+00:00,2026-07-05T20:00:31.819193,1,3,166.15,0.5,165.9,150,,,,,,,,,,,,,,,,,,,166.4,27,166.6,8,167.0,100,,,,,,,,,,,,,,
2026-07-05T20:00:31.824569+00:00,2026-07-05T20:00:31.824450,1,2,166.15,0.5,165.9,150,,,,,,,,,,,,,,,,,,,166.4,27,167.0,100,,,,,,,,,,,,,,,,
2026-07-05T20:00:31.829757+00:00,2026-07-05T20:00:31.829694,2,2,166.35,0.1,166.3,8,165.9,150,,,,,,,,,,,,,,,,,166.4,27,167.0,100,,,,,,,,,,,,,,,,
2026-07-05T20:00:31.834984+00:00,2026-07-05T20:00:31.834877,2,3,166.35,0.1,166.3,8,165.9,150,,,,,,,,,,,,,,,,,166.4,27,166.7,8,167.0,100,,,,,,,,,,,,,,
2026-07-05T20:00:32.138953+00:00,2026-07-05T20:00:32.138748,1,3,166.15,0.5,165.9,109,,,,,,,,,,,,,,,,,,,166.4,27,166.7,8,167.0,100,,,,,,,,,,,,,,
2026-07-05T20:00:32.240535+00:00,2026-07-05T20:00:32.240448,1,2,166.15,0.5,165.9,109,,,,,,,,,,,,,,,,,,,166.4,27,166.7,8,,,,,,,,,,,,,,,,
2026-07-05T20:00:32.295646+00:00,2026-07-05T20:00:32.295550,2,2,166.2,0.4,166.0,100,165.9,109,,,,,,,,,,,,,,,,,166.4,27,166.7,8,,,,,,,,,,,,,,,,
2026-07-05T20:00:32.346615+00:00,2026-07-05T20:00:32.346511,3,2,166.25,0.3,166.1,8,166.0,100,165.9,109,,,,,,,,,,,,,,,166.4,27,166.5,100,,,,,,,,,,,,,,,,
2026-07-05T20:00:32.351729+00:00,2026-07-05T20:00:32.351703,3,3,166.25,0.3,166.1,8,166.0,100,165.9,109,,,,,,,,,,,,,,,166.4,27,166.5,100,166.7,8,,,,,,,,,,,,,,
2026-07-05T20:00:32.584957+00:00,2026-07-05T20:00:32.584883,2,3,166.2,0.4,166.0,58,165.9,109,,,,,,,,,,,,,,,,,166.4,27,166.5,100,166.7,8,,,,,,,,,,,,,,
2026-07-05T20:00:33.659556+00:00,2026-07-05T20:00:33.659702,1,2,166.25,0.5,166.0,58,,,,,,,,,,,,,,,,,,,166.5,100,166.7,8,,,,,,,,,,,,,,,,
2026-07-05T20:00:33.717005+00:00,2026-07-05T20:00:33.716972,2,2,166.45,0.1,166.4,150,166.0,58,,,,,,,,,,,,,,,,,166.5,100,166.7,8,,,,,,,,,,,,,,,,
2026-07-05T20:00:33.768125+00:00,2026-07-05T20:00:33.768042,2,3,166.45,0.1,166.4,150,166.0,58,,,,,,,,,,,,,,,,,166.5,100,166.7,8,166.9,150,,,,,,,,,,,,,,
2026-07-05T20:00:33.872363+00:00,2026-07-05T20:00:33.872307,2,2,166.45,0.1,166.4,158,166.0,58,,,,,,,,,,,,,,,,,166.5,100,166.9,150,,,,,,,,,,,,,,,,
2026-07-05T20:00:33.877533+00:00,2026-07-05T20:00:33.877494,2,3,166.45,0.1,166.4,158,166.0,58,,,,,,,,,,,,,,,,,166.5,100,166.8,8,166.9,150,,,,,,,,,,,,,,
2026-07-05T20:00:34.285901+00:00,2026-07-05T20:00:34.285780,2,3,166.45,0.1,166.4,158,166.0,58,,,,,,,,,,,,,,,,,166.5,54,166.8,8,166.9,150,,,,,,,,,,,,,,
2026-07-05T20:00:34.691360+00:00,2026-07-05T20:00:34.691306,2,3,166.45,0.1,166.4,108,166.0,58,,,,,,,,,,,,,,,,,166.5,54,166.8,8,166.9,150,,,,,,,,,,,,,,
2026-07-05T20:00:35.403627+00:00,2026-07-05T20:00:35.403517,1,2,166.6,0.4,166.4,108,,,,,,,,,,,,,,,,,,,166.8,8,166.9,150,,,,,,,,,,,,,,,,
2026-07-05T20:00:35.472923+00:00,2026-07-05T20:00:35.464124,2,2,166.6,0.4,166.4,108,166.1,100,,,,,,,,,,,,,,,,,166.8,8,166.9,150,,,,,,,,,,,,,,,,
2026-07-05T20:00:35.512029+00:00,2026-07-05T20:00:35.511940,2,3,166.5,0.2,166.4,108,166.1,100,,,,,,,,,,,,,,,,,166.6,100,166.8,8,166.9,150,,,,,,,,,,,,,,
2026-07-05T20:00:36.599265+00:00,2026-07-05T20:00:36.599177,2,3,166.5,0.2,166.4,60,166.1,100,,,,,,,,,,,,,,,,,166.6,100,166.8,8,166.9,150,,,,,,,,,,,,,,
2026-07-05T20:00:36.800660+00:00,2026-07-05T20:00:36.800556,2,3,166.5,0.2,166.4,10,166.1,100,,,,,,,,,,,,,,,,,166.6,100,166.8,8,166.9,150,,,,,,,,,,,,,,
2026-07-05T20:00:36.822604+00:00,2026-07-05T20:00:36.822789,2,2,166.5,0.2,166.4,8,166.1,100,,,,,,,,,,,,,,,,,166.6,100,166.8,8,,,,,,,,,,,,,,,,
2026-07-05T20:00:36.886835+00:00,2026-07-05T20:00:36.886689,3,2,166.5,0.2,166.4,8,166.1,100,165.7,150,,,,,,,,,,,,,,,166.6,100,166.8,8,,,,,,,,,,,,,,,,
2026-07-05T20:00:36.952439+00:00,2026-07-05T20:00:36.946136,2,3,166.15,0.1,166.1,100,165.7,150,,,,,,,,,,,,,,,,,166.2,119,166.6,100,166.8,8,,,,,,,,,,,,,,
2026-07-05T20:00:37.139115+00:00,2026-07-05T20:00:37.139265,2,2,166.15,0.1,166.1,100,165.7,150,,,,,,,,,,,,,,,,,166.2,119,166.6,100,,,,,,,,,,,,,,,,
2026-07-05T20:00:37.144538+00:00,2026-07-05T20:00:37.144495,2,2,166.15,0.1,166.1,100,165.7,150,,,,,,,,,,,,,,,,,166.2,111,166.6,100,,,,,,,,,,,,,,,,
2026-07-05T20:00:37.149586+00:00,2026-07-05T20:00:37.149679,2,3,166.15,0.1,166.1,100,165.7,150,,,,,,,,,,,,,,,,,166.2,111,166.6,100,166.7,8,,,,,,,,,,,,,,
2026-07-05T20:00:37.727963+00:00,2026-07-05T20:00:37.727901,2,3,166.15,0.1,166.1,100,165.7,150,,,,,,,,,,,,,,,,,166.2,67,166.6,100,166.7,8,,,,,,,,,,,,,,
2026-07-05T20:00:38.558612+00:00,2026-07-05T20:00:38.558062,2,2,166.15,0.1,166.1,100,165.7,150,,,,,,,,,,,,,,,,,166.2,67,166.7,8,,,,,,,,,,,,,,,,
2026-07-05T20:00:38.569541+00:00,2026-07-05T20:00:38.569441,1,2,165.95,0.5,165.7,150,,,,,,,,,,,,,,,,,,,166.2,67,166.7,8,,,,,,,,,,,,,,,,
2026-07-05T20:00:38.620652+00:00,2026-07-05T20:00:38.620773,2,2,166.1,0.2,166.0,100,165.7,150,,,,,,,,,,,,,,,,,166.2,67,166.7,8,,,,,,,,,,,,,,,,
2026-07-05T20:00:38.658590+00:00,2026-07-05T20:00:38.658011,3,1,166.15,0.1,166.1,8,166.0,100,165.7,150,,,,,,,,,,,,,,,166.2,67,,,,,,,,,,,,,,,,,,
2026-07-05T20:00:38.670495+00:00,2026-07-05T20:00:38.670431,3,3,166.15,0.1,166.1,8,166.0,100,165.7,150,,,,,,,,,,,,,,,166.2,67,166.5,100,166.7,8,,,,,,,,,,,,,,
2026-07-05T20:00:38.913631+00:00,2026-07-05T20:00:38.913515,2,3,166.1,0.2,166.0,58,165.7,150,,,,,,,,,,,,,,,,,166.2,67,166.5,100,166.7,8,,,,,,,,,,,,,,
2026-07-05T20:00:39.707639+00:00,2026-07-05T20:00:39.702865,2,3,166.1,0.2,166.0,58,165.7,150,,,,,,,,,,,,,,,,,166.2,56,166.5,100,166.7,8,,,,,,,,,,,,,,
2026-07-05T20:00:39.744952+00:00,2026-07-05T20:00:39.744831,2,3,166.1,0.2,166.0,12,165.7,150,,,,,,,,,,,,,,,,,166.2,56,166.5,100,166.7,8,,,,,,,,,,,,,,
2026-07-05T20:00:39.932690+00:00,2026-07-05T20:00:39.932551,2,3,166.1,0.2,166.0,12,165.7,150,,,,,,,,,,,,,,,,,166.2,53,166.5,100,166.7,8,,,,,,,,,,,,,,
2026-07-05T20:00:39.998085+00:00,2026-07-05T20:00:39.998222,1,2,166.25,0.5,166.0,12,,,,,,,,,,,,,,,,,,,166.5,100,166.7,8,,,,,,,,,,,,,,,,
2026-07-05T20:00:40.058710+00:00,2026-07-05T20:00:40.052814,2,2,166.4,0.2,166.3,150,166.0,12,,,,,,,,,,,,,,,,,166.5,100,166.7,8,,,,,,,,,,,,,,,,
2026-07-05T20:00:40.104581+00:00,2026-07-05T20:00:40.104451,2,3,166.4,0.2,166.3,150,166.0,12,,,,,,,,,,,,,,,,,166.5,100,166.7,8,166.8,150,,,,,,,,,,,,,,
2026-07-05T20:00:40.192967+00:00,2026-07-05T20:00:40.192922,2,2,166.4,0.2,166.3,158,166.0,12,,,,,,,,,,,,,,,,,166.5,100,166.8,150,,,,,,,,,,,,,,,,
2026-07-05T20:00:40.198207+00:00,2026-07-05T20:00:40.198127,2,3,166.4,0.2,166.3,158,166.0,12,,,,,,,,,,,,,,,,,166.5,100,166.7,8,166.8,150,,,,,,,,,,,,,,
2026-07-05T20:00:41.020663+00:00,2026-07-05T20:00:41.020542,2,3,166.4,0.2,166.3,108,166.0,12,,,,,,,,,,,,,,,,,166.5,100,166.7,8,166.8,150,,,,,,,,,,,,,,
2026-07-05T20:00:41.179279+00:00,2026-07-05T20:00:41.179166,2,3,166.4,0.2,166.3,108,166.0,12,,,,,,,,,,,,,,,,,166.5,58,166.7,8,166.8,150,,,,,,,,,,,,,,
2026-07-05T20:00:41.458706+00:00,2026-07-05T20:00:41.450223,2,2,166.4,0.2,166.3,100,166.0,12,,,,,,,,,,,,,,,,,166.5,58,166.8,150,,,,,,,,,,,,,,,,
2026-07-05T20:00:41.463953+00:00,2026-07-05T20:00:41.463851,3,3,166.45,0.1,166.4,8,166.3,100,166.0,12,,,,,,,,,,,,,,,166.5,58,166.8,150,166.9,8,,,,,,,,,,,,,,
2026-07-05T20:00:41.728392+00:00,2026-07-05T20:00:41.728296,2,2,166.6,0.4,166.4,8,166.3,100,,,,,,,,,,,,,,,,,166.8,150,166.9,8,,,,,,,,,,,,,,,,
2026-07-05T20:00:41.785212+00:00,2026-07-05T20:00:41.785116,2,2,166.6,0.4,166.4,8,166.3,200,,,,,,,,,,,,,,,,,166.8,150,166.9,8,,,,,,,,,,,,,,,,
2026-07-05T20:00:41.838267+00:00,2026-07-05T20:00:41.838192,2,2,166.6,0.4,166.4,8,166.3,200,,,,,,,,,,,,,,,,,166.8,250,166.9,8,,,,,,,,,,,,,,,,
2026-07-05T20:00:43.077576+00:00,2026-07-05T20:00:43.077514,2,2,166.6,0.4,166.4,8,166.3,200,,,,,,,,,,,,,,,,,166.8,200,166.9,8,,,,,,,,,,,,,,,,
2026-07-05T20:00:43.158652+00:00,2026-07-05T20:00:43.154716,2,2,166.6,0.4,166.4,8,166.3,100,,,,,,,,,,,,,,,,,166.8,100,166.9,8,,,,,,,,,,,,,,,,
2026-07-05T20:00:43.208783+00:00,2026-07-05T20:00:43.208686,3,2,166.6,0.4,166.4,8,166.3,100,166.2,150,,,,,,,,,,,,,,,166.8,100,166.9,8,,,,,,,,,,,,,,,,
2026-07-05T20:00:43.255520+00:00,2026-07-05T20:00:43.255675,3,3,166.55,0.3,166.4,8,166.3,100,166.2,150,,,,,,,,,,,,,,,166.7,150,166.8,100,166.9,8,,,,,,,,,,,,,,
2026-07-05T20:00:43.475458+00:00,2026-07-05T20:00:43.475370,2,2,166.5,0.4,166.3,100,166.2,150,,,,,,,,,,,,,,,,,166.7,150,166.8,100,,,,,,,,,,,,,,,,
2026-07-05T20:00:43.480607+00:00,2026-07-05T20:00:43.480550,2,2,166.5,0.4,166.3,108,166.2,150,,,,,,,,,,,,,,,,,166.7,150,166.8,100,,,,,,,,,,,,,,,,
2026-07-05T20:00:43.485823+00:00,2026-07-05T20:00:43.485744,2,2,166.5,0.4,166.3,108,166.2,150,,,,,,,,,,,,,,,,,166.7,158,166.8,100,,,,,,,,,,,,,,,,
2026-07-05T20:00:44.239266+00:00,2026-07-05T20:00:44.239215,2,2,166.5,0.4,166.3,100,166.2,150,,,,,,,,,,,,,,,,,166.7,158,166.8,100,,,,,,,,,,,,,,,,
2026-07-05T20:00:44.244548+00:00,2026-07-05T20:00:44.244439,3,2,166.55,0.3,166.4,8,166.3,100,166.2,150,,,,,,,,,,,,,,,166.7,150,166.8,100,,,,,,,,,,,,,,,,
2026-07-05T20:00:44.249754+00:00,2026-07-05T20:00:44.249623,3,3,166.55,0.3,166.4,8,166.3,100,166.2,150,,,,,,,,,,,,,,,166.7,150,166.8,100,166.9,8,,,,,,,,,,,,,,
2026-07-05T20:00:44.890473+00:00,2026-07-05T20:00:44.890428,2,2,166.55,0.3,166.4,8,166.2,150,,,,,,,,,,,,,,,,,166.7,150,166.9,8,,,,,,,,,,,,,,,,
2026-07-05T20:00:44.958618+00:00,2026-07-05T20:00:44.943467,3,2,166.55,0.3,166.4,8,166.2,150,166.1,100,,,,,,,,,,,,,,,166.7,150,166.9,8,,,,,,,,,,,,,,,,
2026-07-05T20:00:45.001217+00:00,2026-07-05T20:00:45.001089,3,3,166.5,0.2,166.4,8,166.2,150,166.1,100,,,,,,,,,,,,,,,166.6,100,166.7,150,166.9,8,,,,,,,,,,,,,,
2026-07-05T20:00:45.184888+00:00,2026-07-05T20:00:45.184780,3,3,166.5,0.2,166.4,8,166.2,150,166.1,100,,,,,,,,,,,,,,,166.6,50,166.7,150,166.9,8,,,,,,,,,,,,,,
2026-07-05T20:00:45.506239+00:00,2026-07-05T20:00:45.506207,2,2,166.4,0.4,166.2,150,166.1,100,,,,,,,,,,,,,,,,,166.6,50,166.7,150,,,,,,,,,,,,,,,,
2026-07-05T20:00:45.516789+00:00,2026-07-05T20:00:45.516679,3,3,166.5,0.2,166.4,8,166.2,150,166.1,100,,,,,,,,,,,,,,,166.6,50,166.7,150,166.8,8,,,,,,,,,,,,,,
2026-07-05T20:00:46.317905+00:00,2026-07-05T20:00:46.317862,2,2,166.5,0.2,166.4,8,166.1,100,,,,,,,,,,,,,,,,,166.6,50,166.8,8,,,,,,,,,,,,,,,,
2026-07-05T20:00:46.370159+00:00,2026-07-05T20:00:46.370090,3,2,166.5,0.2,166.4,8,166.2,150,166.1,100,,,,,,,,,,,,,,,166.6,50,166.8,8,,,,,,,,,,,,,,,,
2026-07-05T20:00:46.414822+00:00,2026-07-05T20:00:46.414705,3,2,166.5,0.2,166.4,8,166.2,150,166.1,100,,,,,,,,,,,,,,,166.6,7,166.8,8,,,,,,,,,,,,,,,,
2026-07-05T20:00:46.428104+00:00,2026-07-05T20:00:46.427983,3,3,166.5,0.2,166.4,8,166.2,150,166.1,100,,,,,,,,,,,,,,,166.6,7,166.7,150,166.8,8,,,,,,,,,,,,,,
2026-07-05T20:00:46.470096+00:00,2026-07-05T20:00:46.470040,2,3,166.4,0.4,166.2,118,166.1,100,,,,,,,,,,,,,,,,,166.6,7,166.7,150,166.8,8,,,,,,,,,,,,,,
2026-07-05T20:00:47.042299+00:00,2026-07-05T20:00:47.042158,2,2,166.45,0.5,166.2,118,166.1,100,,,,,,,,,,,,,,,,,166.7,150,166.8,8,,,,,,,,,,,,,,,,
2026-07-05T20:00:47.292378+00:00,2026-07-05T20:00:47.292237,2,2,166.45,0.5,166.2,118,166.1,100,,,,,,,,,,,,,,,,,166.7,100,166.8,8,,,,,,,,,,,,,,,,
2026-07-05T20:00:48.055796+00:00,2026-07-05T20:00:48.055747,1,2,166.45,0.5,166.2,118,,,,,,,,,,,,,,,,,,,166.7,100,166.8,8,,,,,,,,,,,,,,,,
2026-07-05T20:00:48.105437+00:00,2026-07-05T20:00:48.105334,2,2,166.5,0.4,166.3,100,166.2,118,,,,,,,,,,,,,,,,,166.7,100,166.8,8,,,,,,,,,,,,,,,,
2026-07-05T20:00:48.118791+00:00,2026-07-05T20:00:48.118745,2,2,166.5,0.4,166.3,51,166.2,118,,,,,,,,,,,,,,,,,166.7,100,166.8,8,,,,,,,,,,,,,,,,
2026-07-05T20:00:48.179456+00:00,2026-07-05T20:00:48.179374,2,2,166.5,0.4,166.3,51,166.2,118,,,,,,,,,,,,,,,,,166.7,100,166.8,108,,,,,,,,,,,,,,,,
2026-07-05T20:00:49.481838+00:00,2026-07-05T20:00:49.481964,1,1,166.55,0.5,166.3,51,,,,,,,,,,,,,,,,,,,166.8,108,,,,,,,,,,,,,,,,,,
2026-07-05T20:00:49.537825+00:00,2026-07-05T20:00:49.537698,1,1,166.55,0.5,166.3,201,,,,,,,,,,,,,,,,,,,166.8,108,,,,,,,,,,,,,,,,,,
2026-07-05T20:00:49.571455+00:00,2026-07-05T20:00:49.571654,1,1,166.55,0.5,166.3,152,,,,,,,,,,,,,,,,,,,166.8,108,,,,,,,,,,,,,,,,,,
2026-07-05T20:00:49.591476+00:00,2026-07-05T20:00:49.591320,1,1,166.55,0.5,166.3,152,,,,,,,,,,,,,,,,,,,166.8,258,,,,,,,,,,,,,,,,,,
2026-07-05T20:00:50.127296+00:00,2026-07-05T20:00:50.127181,1,1,166.55,0.5,166.3,152,,,,,,,,,,,,,,,,,,,166.8,209,,,,,,,,,,,,,,,,,,
2026-07-05T20:00:51.226554+00:00,2026-07-05T20:00:51.226642,1,1,166.55,0.5,166.3,152,,,,,,,,,,,,,,,,,,,166.8,166,,,,,,,,,,,,,,,,,,
2026-07-05T20:00:51.245857+00:00,2026-07-05T20:00:51.232187,1,1,166.55,0.5,166.3,150,,,,,,,,,,,,,,,,,,,166.8,150,,,,,,,,,,,,,,,,,,
2026-07-05T20:00:51.290874+00:00,2026-07-05T20:00:51.290770,2,1,166.6,0.4,166.4,100,166.3,150,,,,,,,,,,,,,,,,,166.8,150,,,,,,,,,,,,,,,,,,
2026-07-05T20:00:51.344356+00:00,2026-07-05T20:00:51.344288,2,2,166.6,0.4,166.4,100,166.3,150,,,,,,,,,,,,,,,,,166.8,150,166.9,100,,,,,,,,,,,,,,,,
2026-07-05T20:00:52.647305+00:00,2026-07-05T20:00:52.647209,2,1,166.65,0.5,166.4,100,166.3,150,,,,,,,,,,,,,,,,,166.9,100,,,,,,,,,,,,,,,,,,
2026-07-05T20:00:52.652501+00:00,2026-07-05T20:00:52.652377,1,1,166.65,0.5,166.4,100,,,,,,,,,,,,,,,,,,,166.9,100,,,,,,,,,,,,,,,,,,
2026-07-05T20:00:52.704999+00:00,2026-07-05T20:00:52.704911,1,1,166.65,0.5,166.4,250,,,,,,,,,,,,,,,,,,,166.9,100,,,,,,,,,,,,,,,,,,
2026-07-05T20:00:52.753294+00:00,2026-07-05T20:00:52.753510,1,1,166.65,0.5,166.4,250,,,,,,,,,,,,,,,,,,,166.9,250,,,,,,,,,,,,,,,,,,
2026-07-05T20:00:52.801253+00:00,2026-07-05T20:00:52.801203,1,1,166.65,0.5,166.4,258,,,,,,,,,,,,,,,,,,,166.9,258,,,,,,,,,,,,,,,,,,
2026-07-05T20:00:53.627071+00:00,2026-07-05T20:00:53.626940,1,1,166.65,0.5,166.4,258,,,,,,,,,,,,,,,,,,,166.9,208,,,,,,,,,,,,,,,,,,
2026-07-05T20:00:54.399115+00:00,2026-07-05T20:00:54.399062,1,1,166.65,0.5,166.4,158,,,,,,,,,,,,,,,,,,,166.9,158,,,,,,,,,,,,,,,,,,
2026-07-05T20:00:54.452588+00:00,2026-07-05T20:00:54.452485,2,1,166.75,0.3,166.6,100,166.4,158,,,,,,,,,,,,,,,,,166.9,158,,,,,,,,,,,,,,,,,,
2026-07-05T20:00:54.509004+00:00,2026-07-05T20:00:54.508897,2,2,166.75,0.3,166.6,100,166.4,158,,,,,,,,,,,,,,,,,166.9,158,167.1,100,,,,,,,,,,,,,,,,
2026-07-05T20:00:54.558655+00:00,2026-07-05T20:00:54.558245,3,2,166.75,0.3,166.6,100,166.5,8,166.4,150,,,,,,,,,,,,,,,166.9,150,167.1,100,,,,,,,,,,,,,,,,
2026-07-05T20:00:54.571461+00:00,2026-07-05T20:00:54.571388,3,2,166.75,0.3,166.6,100,166.5,8,166.4,150,,,,,,,,,,,,,,,166.9,158,167.1,100,,,,,,,,,,,,,,,,
2026-07-05T20:00:55.785596+00:00,2026-07-05T20:00:55.785568,3,2,166.75,0.3,166.6,50,166.5,8,166.4,150,,,,,,,,,,,,,,,166.9,158,167.1,100,,,,,,,,,,,,,,,,
2026-07-05T20:00:55.813815+00:00,2026-07-05T20:00:55.813745,2,2,166.75,0.3,166.6,50,166.5,8,,,,,,,,,,,,,,,,,166.9,8,167.1,100,,,,,,,,,,,,,,,,
2026-07-05T20:00:55.870464+00:00,2026-07-05T20:00:55.870418,2,2,166.75,0.3,166.6,200,166.5,8,,,,,,,,,,,,,,,,,166.9,8,167.1,100,,,,,,,,,,,,,,,,
2026-07-05T20:00:55.921068+00:00,2026-07-05T20:00:55.920970,2,2,166.75,0.3,166.6,200,166.5,8,,,,,,,,,,,,,,,,,166.9,8,167.1,250,,,,,,,,,,,,,,,,
2026-07-05T20:00:56.084990+00:00,2026-07-05T20:00:56.084911,1,1,166.85,0.5,166.6,200,,,,,,,,,,,,,,,,,,,167.1,250,,,,,,,,,,,,,,,,,,
2026-07-05T20:00:56.090192+00:00,2026-07-05T20:00:56.090075,1,1,166.85,0.5,166.6,208,,,,,,,,,,,,,,,,,,,167.1,250,,,,,,,,,,,,,,,,,,
2026-07-05T20:00:56.095375+00:00,2026-07-05T20:00:56.095274,1,2,166.8,0.4,166.6,208,,,,,,,,,,,,,,,,,,,167.0,8,167.1,250,,,,,,,,,,,,,,,,
2026-07-05T20:00:56.288875+00:00,2026-07-05T20:00:56.282846,1,2,166.8,0.4,166.6,197,,,,,,,,,,,,,,,,,,,167.0,8,167.1,250,,,,,,,,,,,,,,,,
2026-07-05T20:00:57.097101+00:00,2026-07-05T20:00:57.097299,1,2,166.8,0.4,166.6,189,,,,,,,,,,,,,,,,,,,167.0,8,167.1,250,,,,,,,,,,,,,,,,
2026-07-05T20:00:57.102652+00:00,2026-07-05T20:00:57.102536,1,1,166.85,0.5,166.6,189,,,,,,,,,,,,,,,,,,,167.1,250,,,,,,,,,,,,,,,,,,
2026-07-05T20:00:57.107840+00:00,2026-07-05T20:00:57.107747,2,2,166.75,0.3,166.6,189,166.5,8,,,,,,,,,,,,,,,,,166.9,8,167.1,250,,,,,,,,,,,,,,,,
2026-07-05T20:00:57.505449+00:00,2026-07-05T20:00:57.498969,2,2,166.75,0.3,166.6,177,166.5,8,,,,,,,,,,,,,,,,,166.9,8,167.1,250,,,,,,,,,,,,,,,,
2026-07-05T20:00:57.562970+00:00,2026-07-05T20:00:57.562875,2,2,166.75,0.3,166.6,150,166.5,8,,,,,,,,,,,,,,,,,166.9,8,167.1,150,,,,,,,,,,,,,,,,
2026-07-05T20:00:57.620321+00:00,2026-07-05T20:00:57.620190,3,2,166.75,0.3,166.6,150,166.5,8,166.3,100,,,,,,,,,,,,,,,166.9,8,167.1,150,,,,,,,,,,,,,,,,
2026-07-05T20:00:57.673327+00:00,2026-07-05T20:00:57.673260,3,3,166.7,0.2,166.6,150,166.5,8,166.3,100,,,,,,,,,,,,,,,166.8,100,166.9,8,167.1,150,,,,,,,,,,,,,,
2026-07-05T20:00:57.892778+00:00,2026-07-05T20:00:57.892740,3,3,166.7,0.2,166.6,100,166.5,8,166.3,100,,,,,,,,,,,,,,,166.8,100,166.9,8,167.1,150,,,,,,,,,,,,,,
2026-07-05T20:00:58.713998+00:00,2026-07-05T20:00:58.708148,3,3,166.7,0.2,166.6,89,166.5,8,166.3,100,,,,,,,,,,,,,,,166.8,100,166.9,8,167.1,150,,,,,,,,,,,,,,
2026-07-05T20:00:58.976978+00:00,2026-07-05T20:00:58.976923,2,2,166.65,0.3,166.5,8,166.3,100,,,,,,,,,,,,,,,,,166.8,100,166.9,8,,,,,,,,,,,,,,,,
2026-07-05T20:00:59.031809+00:00,2026-07-05T20:00:59.031699,3,2,166.65,0.3,166.5,8,166.3,100,166.1,150,,,,,,,,,,,,,,,166.8,100,166.9,8,,,,,,,,,,,,,,,,
2026-07-05T20:00:59.085892+00:00,2026-07-05T20:00:59.085780,3,3,166.55,0.1,166.5,8,166.3,100,166.1,150,,,,,,,,,,,,,,,166.6,150,166.8,100,166.9,8,,,,,,,,,,,,,,
2026-07-05T20:00:59.118231+00:00,2026-07-05T20:00:59.118180,2,2,166.45,0.3,166.3,100,166.1,150,,,,,,,,,,,,,,,,,166.6,150,166.8,100,,,,,,,,,,,,,,,,
2026-07-05T20:00:59.123443+00:00,2026-07-05T20:00:59.123353,3,2,166.5,0.2,166.4,8,166.3,100,166.1,150,,,,,,,,,,,,,,,166.6,150,166.8,100,,,,,,,,,,,,,,,,
2026-07-05T20:00:59.128435+00:00,2026-07-05T20:00:59.128559,3,2,166.5,0.2,166.4,8,166.3,100,166.1,150,,,,,,,,,,,,,,,166.6,150,166.8,108,,,,,,,,,,,,,,,,
2026-07-05T20:01:00.003761+00:00,2026-07-05T20:01:00.003677,2,2,166.45,0.3,166.3,58,166.1,150,,,,,,,,,,,,,,,,,166.6,150,166.8,108,,,,,,,,,,,,,,,,
2026-07-05T20:01:00.729034+00:00,2026-07-05T20:01:00.728922,1,2,166.35,0.5,166.1,150,,,,,,,,,,,,,,,,,,,166.6,150,166.8,8,,,,,,,,,,,,,,,,
2026-07-05T20:01:00.783884+00:00,2026-07-05T20:01:00.783831,2,2,166.4,0.4,166.2,100,166.1,150,,,,,,,,,,,,,,,,,166.6,150,166.8,8,,,,,,,,,,,,,,,,
2026-07-05T20:01:00.837194+00:00,2026-07-05T20:01:00.837068,2,3,166.4,0.4,166.2,100,166.1,150,,,,,,,,,,,,,,,,,166.6,150,166.7,100,166.8,8,,,,,,,,,,,,,,
2026-07-05T20:01:00.895716+00:00,2026-07-05T20:01:00.895819,2,3,166.4,0.4,166.2,100,166.1,150,,,,,,,,,,,,,,,,,166.6,105,166.7,100,166.8,8,,,,,,,,,,,,,,
2026-07-05T20:01:02.110298+00:00,2026-07-05T20:01:02.110194,2,3,166.4,0.4,166.2,50,166.1,150,,,,,,,,,,,,,,,,,166.6,105,166.7,100,166.8,8,,,,,,,,,,,,,,
2026-07-05T20:01:02.143518+00:00,2026-07-05T20:01:02.143342,1,1,166.45,0.5,166.2,58,,,,,,,,,,,,,,,,,,,166.7,100,,,,,,,,,,,,,,,,,,
2026-07-05T20:01:02.159072+00:00,2026-07-05T20:01:02.158983,1,1,166.45,0.5,166.2,58,,,,,,,,,,,,,,,,,,,166.7,108,,,,,,,,,,,,,,,,,,
2026-07-05T20:01:02.196058+00:00,2026-07-05T20:01:02.195846,2,1,166.45,0.5,166.2,58,166.1,150,,,,,,,,,,,,,,,,,166.7,108,,,,,,,,,,,,,,,,,,
2026-07-05T20:01:02.249432+00:00,2026-07-05T20:01:02.249290,2,2,166.4,0.4,166.2,58,166.1,150,,,,,,,,,,,,,,,,,166.6,150,166.7,108,,,,,,,,,,,,,,,,
2026-07-05T20:01:03.886517+00:00,2026-07-05T20:01:03.886424,2,2,166.4,0.4,166.2,58,166.1,150,,,,,,,,,,,,,,,,,166.6,150,166.7,8,,,,,,,,,,,,,,,,
2026-07-05T20:01:03.891735+00:00,2026-07-05T20:01:03.891605,2,2,166.4,0.4,166.2,8,166.1,150,,,,,,,,,,,,,,,,,166.6,150,166.7,8,,,,,,,,,,,,,,,,
2026-07-05T20:01:03.944943+00:00,2026-07-05T20:01:03.945039,3,2,166.4,0.4,166.2,8,166.1,150,165.8,100,,,,,,,,,,,,,,,166.6,150,166.7,8,,,,,,,,,,,,,,,,
2026-07-05T20:01:03.996575+00:00,2026-07-05T20:01:03.996471,3,3,166.25,0.1,166.2,8,166.1,150,165.8,100,,,,,,,,,,,,,,,166.3,100,166.6,150,166.7,8,,,,,,,,,,,,,,
2026-07-05T20:01:04.150784+00:00,2026-07-05T20:01:04.157125,2,2,166.2,0.2,166.1,150,165.8,100,,,,,,,,,,,,,,,,,166.3,100,166.6,150,,,,,,,,,,,,,,,,
2026-07-05T20:01:04.170854+00:00,2026-07-05T20:01:04.170778,3,2,166.25,0.1,166.2,8,166.1,150,165.8,100,,,,,,,,,,,,,,,166.3,100,166.6,158,,,,,,,,,,,,,,,,
2026-07-05T20:01:04.216429+00:00,2026-07-05T20:01:04.216359,2,2,166.2,0.2,166.1,108,165.8,100,,,,,,,,,,,,,,,,,166.3,100,166.6,158,,,,,,,,,,,,,,,,
2026-07-05T20:01:05.303721+00:00,2026-07-05T20:01:05.303659,1,2,166.05,0.5,165.8,100,,,,,,,,,,,,,,,,,,,166.3,100,166.6,8,,,,,,,,,,,,,,,,
2026-07-05T20:01:05.352973+00:00,2026-07-05T20:01:05.353097,1,2,166.05,0.5,165.8,250,,,,,,,,,,,,,,,,,,,166.3,100,166.6,8,,,,,,,,,,,,,,,,
2026-07-05T20:01:05.410650+00:00,2026-07-05T20:01:05.410529,1,2,166.05,0.5,165.8,250,,,,,,,,,,,,,,,,,,,166.3,250,166.6,8,,,,,,,,,,,,,,,,
2026-07-05T20:01:05.436407+00:00,2026-07-05T20:01:05.436350,2,1,166.1,0.4,165.9,8,165.8,250,,,,,,,,,,,,,,,,,166.3,250,,,,,,,,,,,,,,,,,,
2026-07-05T20:01:05.441583+00:00,2026-07-05T20:01:05.441553,2,2,166.1,0.4,165.9,8,165.8,250,,,,,,,,,,,,,,,,,166.3,250,166.6,8,,,,,,,,,,,,,,,,
2026-07-05T20:01:05.733605+00:00,2026-07-05T20:01:05.728036,2,2,166.1,0.4,165.9,8,165.8,250,,,,,,,,,,,,,,,,,166.3,227,166.6,8,,,,,,,,,,,,,,,,
2026-07-05T20:01:05.949132+00:00,2026-07-05T20:01:05.949069,2,2,166.1,0.4,165.9,8,165.8,250,,,,,,,,,,,,,,,,,166.3,224,166.6,8,,,,,,,,,,,,,,,,
2026-07-05T20:01:05.958637+00:00,2026-07-05T20:01:05.957090,2,2,166.15,0.3,166.0,8,165.8,250,,,,,,,,,,,,,,,,,166.3,224,166.8,8,,,,,,,,,,,,,,,,
2026-07-05T20:01:06.339921+00:00,2026-07-05T20:01:06.339789,1,2,166.05,0.5,165.8,208,,,,,,,,,,,,,,,,,,,166.3,224,166.8,8,,,,,,,,,,,,,,,,
2026-07-05T20:01:07.051736+00:00,2026-07-05T20:01:07.051632,1,2,166.05,0.5,165.8,150,,,,,,,,,,,,,,,,,,,166.3,150,166.8,8,,,,,,,,,,,,,,,,
2026-07-05T20:01:07.102677+00:00,2026-07-05T20:01:07.102586,2,2,166.1,0.4,165.9,100,165.8,150,,,,,,,,,,,,,,,,,166.3,150,166.8,8,,,,,,,,,,,,,,,,
2026-07-05T20:01:07.158632+00:00,2026-07-05T20:01:07.156038,2,3,166.1,0.4,165.9,100,165.8,150,,,,,,,,,,,,,,,,,166.3,150,166.4,100,166.8,8,,,,,,,,,,,,,,
2026-07-05T20:01:07.743184+00:00,2026-07-05T20:01:07.743019,2,3,166.1,0.4,165.9,100,165.8,150,,,,,,,,,,,,,,,,,166.3,147,166.4,100,166.8,8,,,,,,,,,,,,,,
2026-07-05T20:01:07.994127+00:00,2026-07-05T20:01:07.994010,2,3,166.1,0.4,165.9,100,165.8,150,,,,,,,,,,,,,,,,,166.3,144,166.4,100,166.8,8,,,,,,,,,,,,,,
2026-07-05T20:01:08.258545+00:00,2026-07-05T20:01:08.255412,2,3,166.1,0.4,165.9,100,165.8,150,,,,,,,,,,,,,,,,,166.3,141,166.4,100,166.8,8,,,,,,,,,,,,,,
2026-07-05T20:01:08.458873+00:00,2026-07-05T20:01:08.458770,2,3,166.1,0.4,165.9,50,165.8,150,,,,,,,,,,,,,,,,,166.3,141,166.4,100,166.8,8,,,,,,,,,,,,,,
2026-07-05T20:01:08.464086+00:00,2026-07-05T20:01:08.463991,1,2,166.15,0.5,165.9,50,,,,,,,,,,,,,,,,,,,166.4,100,166.8,8,,,,,,,,,,,,,,,,
2026-07-05T20:01:08.519845+00:00,2026-07-05T20:01:08.519756,2,1,166.3,0.2,166.2,150,165.9,50,,,,,,,,,,,,,,,,,166.4,100,,,,,,,,,,,,,,,,,,
2026-07-05T20:01:08.525086+00:00,2026-07-05T20:01:08.524955,3,1,166.35,0.1,166.3,8,166.2,150,165.9,50,,,,,,,,,,,,,,,166.4,100,,,,,,,,,,,,,,,,,,
2026-07-05T20:01:08.530025+00:00,2026-07-05T20:01:08.530116,3,2,166.35,0.1,166.3,8,166.2,150,165.9,50,,,,,,,,,,,,,,,166.4,100,166.8,8,,,,,,,,,,,,,,,,
2026-07-05T20:01:08.572826+00:00,2026-07-05T20:01:08.572755,3,3,166.35,0.1,166.3,8,166.2,150,165.9,50,,,,,,,,,,,,,,,166.4,100,166.7,150,166.8,8,,,,,,,,,,,,,,
2026-07-05T20:01:10.214986+00:00,2026-07-05T20:01:10.214932,2,2,166.5,0.4,166.3,8,166.2,150,,,,,,,,,,,,,,,,,166.7,150,166.8,8,,,,,,,,,,,,,,,,
2026-07-05T20:01:10.269186+00:00,2026-07-05T20:01:10.269049,3,2,166.5,0.4,166.3,8,166.2,150,165.9,100,,,,,,,,,,,,,,,166.7,150,166.8,8,,,,,,,,,,,,,,,,
2026-07-05T20:01:10.321275+00:00,2026-07-05T20:01:10.321393,3,3,166.35,0.1,166.3,8,166.2,150,165.9,100,,,,,,,,,,,,,,,166.4,100,166.7,150,166.8,8,,,,,,,,,,,,,,
2026-07-05T20:01:10.505499+00:00,2026-07-05T20:01:10.505632,3,3,166.35,0.1,166.3,8,166.2,150,165.9,100,,,,,,,,,,,,,,,166.4,50,166.7,150,166.8,8,,,,,,,,,,,,,,
2026-07-05T20:01:11.669717+00:00,2026-07-05T20:01:11.669527,2,2,166.35,0.1,166.3,8,165.9,100,,,,,,,,,,,,,,,,,166.4,50,166.8,8,,,,,,,,,,,,,,,,
2026-07-05T20:01:11.758934+00:00,2026-07-05T20:01:11.758791,3,2,166.35,0.1,166.3,8,166.2,150,165.9,100,,,,,,,,,,,,,,,166.4,50,166.8,8,,,,,,,,,,,,,,,,
2026-07-05T20:01:11.763903+00:00,2026-07-05T20:01:11.764133,3,3,166.35,0.1,166.3,8,166.2,150,165.9,100,,,,,,,,,,,,,,,166.4,50,166.7,150,166.8,8,,,,,,,,,,,,,,
2026-07-05T20:01:12.640054+00:00,2026-07-05T20:01:12.640297,3,2,166.5,0.4,166.3,8,166.2,150,165.9,100,,,,,,,,,,,,,,,166.7,150,166.8,8,,,,,,,,,,,,,,,,
2026-07-05T20:01:13.374346+00:00,2026-07-05T20:01:13.374293,2,2,166.5,0.4,166.3,8,166.2,150,,,,,,,,,,,,,,,,,166.7,150,166.8,8,,,,,,,,,,,,,,,,
2026-07-05T20:01:13.427046+00:00,2026-07-05T20:01:13.426917,3,2,166.5,0.4,166.3,8,166.2,150,166.1,100,,,,,,,,,,,,,,,166.7,150,166.8,8,,,,,,,,,,,,,,,,
2026-07-05T20:01:13.476772+00:00,2026-07-05T20:01:13.476701,3,3,166.45,0.3,166.3,8,166.2,150,166.1,100,,,,,,,,,,,,,,,166.6,100,166.7,150,166.8,8,,,,,,,,,,,,,,
2026-07-05T20:01:13.906911+00:00,2026-07-05T20:01:13.906758,2,3,166.4,0.4,166.2,112,166.1,100,,,,,,,,,,,,,,,,,166.6,100,166.7,150,166.8,8,,,,,,,,,,,,,,
2026-07-05T20:01:14.749027+00:00,2026-07-05T20:01:14.748914,2,3,166.4,0.4,166.2,112,166.1,100,,,,,,,,,,,,,,,,,166.6,50,166.7,150,166.8,8,,,,,,,,,,,,,,
2026-07-05T20:01:14.785578+00:00,2026-07-05T20:01:14.785759,1,2,166.35,0.5,166.1,100,,,,,,,,,,,,,,,,,,,166.6,50,166.8,8,,,,,,,,,,,,,,,,
2026-07-05T20:01:14.838337+00:00,2026-07-05T20:01:14.838286,2,2,166.35,0.5,166.1,100,165.9,150,,,,,,,,,,,,,,,,,166.6,50,166.8,8,,,,,,,,,,,,,,,,
2026-07-05T20:01:14.894105+00:00,2026-07-05T20:01:14.894063,2,3,166.25,0.3,166.1,100,165.9,150,,,,,,,,,,,,,,,,,166.4,150,166.6,50,166.8,8,,,,,,,,,,,,,,
2026-07-05T20:01:16.534339+00:00,2026-07-05T20:01:16.534275,1,2,166.15,0.5,165.9,150,,,,,,,,,,,,,,,,,,,166.4,150,166.8,8,,,,,,,,,,,,,,,,
2026-07-05T20:01:16.584717+00:00,2026-07-05T20:01:16.584599,2,2,166.35,0.1,166.3,100,165.9,150,,,,,,,,,,,,,,,,,166.4,150,166.8,8,,,,,,,,,,,,,,,,
2026-07-05T20:01:16.647556+00:00,2026-07-05T20:01:16.647413,2,2,166.35,0.1,166.3,100,165.9,150,,,,,,,,,,,,,,,,,166.4,150,166.8,108,,,,,,,,,,,,,,,,
2026-07-05T20:01:16.858715+00:00,2026-07-05T20:01:16.856558,2,2,166.35,0.1,166.3,100,165.9,150,,,,,,,,,,,,,,,,,166.4,100,166.8,108,,,,,,,,,,,,,,,,
2026-07-05T20:01:17.031821+00:00,2026-07-05T20:01:17.031689,2,2,166.35,0.1,166.3,55,165.9,150,,,,,,,,,,,,,,,,,166.4,100,166.8,108,,,,,,,,,,,,,,,,
2026-07-05T20:01:17.949024+00:00,2026-07-05T20:01:17.949207,1,1,166.55,0.5,166.3,55,,,,,,,,,,,,,,,,,,,166.8,108,,,,,,,,,,,,,,,,,,
2026-07-05T20:01:18.002357+00:00,2026-07-05T20:01:18.002259,1,1,166.55,0.5,166.3,205,,,,,,,,,,,,,,,,,,,166.8,108,,,,,,,,,,,,,,,,,,
2026-07-05T20:01:18.054329+00:00,2026-07-05T20:01:18.054470,1,1,166.55,0.5,166.3,205,,,,,,,,,,,,,,,,,,,166.8,258,,,,,,,,,,,,,,,,,,
2026-07-05T20:01:18.719963+00:00,2026-07-05T20:01:18.719823,1,1,166.55,0.5,166.3,205,,,,,,,,,,,,,,,,,,,166.8,210,,,,,,,,,,,,,,,,,,
2026-07-05T20:01:18.964963+00:00,2026-07-05T20:01:18.964932,1,1,166.55,0.5,166.3,205,,,,,,,,,,,,,,,,,,,166.8,160,,,,,,,,,,,,,,,,,,
2026-07-05T20:01:19.264198+00:00,2026-07-05T20:01:19.264125,1,1,166.55,0.5,166.3,164,,,,,,,,,,,,,,,,,,,166.8,160,,,,,,,,,,,,,,,,,,
2026-07-05T20:01:19.706515+00:00,2026-07-05T20:01:19.706450,1,1,166.55,0.5,166.3,150,,,,,,,,,,,,,,,,,,,166.8,150,,,,,,,,,,,,,,,,,,
2026-07-05T20:01:19.758585+00:00,2026-07-05T20:01:19.756567,2,1,166.65,0.3,166.5,100,166.3,150,,,,,,,,,,,,,,,,,166.8,150,,,,,,,,,,,,,,,,,,
2026-07-05T20:01:19.815301+00:00,2026-07-05T20:01:19.815383,2,2,166.65,0.3,166.5,100,166.3,150,,,,,,,,,,,,,,,,,166.8,150,167.0,100,,,,,,,,,,,,,,,,
2026-07-05T20:01:20.289413+00:00,2026-07-05T20:01:20.289376,3,2,166.65,0.3,166.5,100,166.3,150,166.2,8,,,,,,,,,,,,,,,166.8,150,167.0,100,,,,,,,,,,,,,,,,
2026-07-05T20:01:20.294754+00:00,2026-07-05T20:01:20.294645,3,3,166.6,0.2,166.5,100,166.3,150,166.2,8,,,,,,,,,,,,,,,166.7,8,166.8,150,167.0,100,,,,,,,,,,,,,,
2026-07-05T20:01:20.625084+00:00,2026-07-05T20:01:20.624970,2,2,166.65,0.3,166.5,100,166.3,150,,,,,,,,,,,,,,,,,166.8,150,167.0,100,,,,,,,,,,,,,,,,
2026-07-05T20:01:20.630063+00:00,2026-07-05T20:01:20.630159,3,2,166.65,0.3,166.5,100,166.4,8,166.3,150,,,,,,,,,,,,,,,166.8,150,167.0,100,,,,,,,,,,,,,,,,
2026-07-05T20:01:20.635248+00:00,2026-07-05T20:01:20.635341,3,2,166.65,0.3,166.5,100,166.4,8,166.3,150,,,,,,,,,,,,,,,166.8,158,167.0,100,,,,,,,,,,,,,,,,
2026-07-05T20:01:21.110817+00:00,2026-07-05T20:01:21.110723,2,2,166.65,0.3,166.5,100,166.4,8,,,,,,,,,,,,,,,,,166.8,8,167.0,100,,,,,,,,,,,,,,,,
2026-07-05T20:01:21.165710+00:00,2026-07-05T20:01:21.165580,2,2,166.65,0.3,166.5,100,166.4,158,,,,,,,,,,,,,,,,,166.8,8,167.0,100,,,,,,,,,,,,,,,,
2026-07-05T20:01:21.220418+00:00,2026-07-05T20:01:21.220306,2,3,166.65,0.3,166.5,100,166.4,158,,,,,,,,,,,,,,,,,166.8,8,166.9,150,167.0,100,,,,,,,,,,,,,,
2026-07-05T20:01:22.865436+00:00,2026-07-05T20:01:22.865285,2,2,166.65,0.3,166.5,100,166.4,158,,,,,,,,,,,,,,,,,166.8,8,166.9,150,,,,,,,,,,,,,,,,
2026-07-05T20:01:22.870548+00:00,2026-07-05T20:01:22.870489,1,2,166.6,0.4,166.4,158,,,,,,,,,,,,,,,,,,,166.8,8,166.9,150,,,,,,,,,,,,,,,,
2026-07-05T20:01:22.923804+00:00,2026-07-05T20:01:22.923649,2,2,166.65,0.3,166.5,100,166.4,158,,,,,,,,,,,,,,,,,166.8,8,166.9,150,,,,,,,,,,,,,,,,
2026-07-05T20:01:22.974583+00:00,2026-07-05T20:01:22.974717,2,3,166.65,0.3,166.5,100,166.4,158,,,,,,,,,,,,,,,,,166.8,8,166.9,150,167.0,100,,,,,,,,,,,,,,
2026-07-05T20:01:23.228265+00:00,2026-07-05T20:01:23.228199,2,3,166.65,0.3,166.5,50,166.4,158,,,,,,,,,,,,,,,,,166.8,8,166.9,150,167.0,100,,,,,,,,,,,,,,
2026-07-05T20:01:23.812160+00:00,2026-07-05T20:01:23.812067,2,3,166.65,0.3,166.5,8,166.4,158,,,,,,,,,,,,,,,,,166.8,8,166.9,150,167.0,100,,,,,,,,,,,,,,
2026-07-05T20:01:24.276320+00:00,2026-07-05T20:01:24.276111,2,2,166.65,0.3,166.5,8,166.4,8,,,,,,,,,,,,,,,,,166.8,8,167.0,100,,,,,,,,,,,,,,,,
2026-07-05T20:01:24.331142+00:00,2026-07-05T20:01:24.331026,2,2,166.65,0.3,166.5,8,166.4,158,,,,,,,,,,,,,,,,,166.8,8,167.0,100,,,,,,,,,,,,,,,,
2026-07-05T20:01:24.384154+00:00,2026-07-05T20:01:24.384057,2,3,166.65,0.3,166.5,8,166.4,158,,,,,,,,,,,,,,,,,166.8,8,166.9,150,167.0,100,,,,,,,,,,,,,,
2026-07-05T20:01:25.341475+00:00,2026-07-05T20:01:25.341576,1,3,166.6,0.4,166.4,116,,,,,,,,,,,,,,,,,,,166.8,8,166.9,150,167.0,100,,,,,,,,,,,,,,
2026-07-05T20:01:26.030201+00:00,2026-07-05T20:01:26.030063,1,2,166.6,0.4,166.4,116,,,,,,,,,,,,,,,,,,,166.8,8,166.9,150,,,,,,,,,,,,,,,,
2026-07-05T20:01:26.085139+00:00,2026-07-05T20:01:26.085013,2,2,166.6,0.4,166.4,116,166.2,100,,,,,,,,,,,,,,,,,166.8,8,166.9,150,,,,,,,,,,,,,,,,
2026-07-05T20:01:26.137990+00:00,2026-07-05T20:01:26.137883,2,3,166.55,0.3,166.4,116,166.2,100,,,,,,,,,,,,,,,,,166.7,100,166.8,8,166.9,150,,,,,,,,,,,,,,
2026-07-05T20:01:27.439133+00:00,2026-07-05T20:01:27.439073,1,2,166.45,0.5,166.2,100,,,,,,,,,,,,,,,,,,,166.7,100,166.8,8,,,,,,,,,,,,,,,,
2026-07-05T20:01:27.444342+00:00,2026-07-05T20:01:27.444295,1,2,166.45,0.5,166.2,50,,,,,,,,,,,,,,,,,,,166.7,100,166.8,8,,,,,,,,,,,,,,,,
2026-07-05T20:01:27.493420+00:00,2026-07-05T20:01:27.493255,2,2,166.5,0.4,166.3,150,166.2,50,,,,,,,,,,,,,,,,,166.7,100,166.8,8,,,,,,,,,,,,,,,,
2026-07-05T20:01:27.558624+00:00,2026-07-05T20:01:27.551332,2,2,166.5,0.4,166.3,150,166.2,50,,,,,,,,,,,,,,,,,166.7,100,166.8,158,,,,,,,,,,,,,,,,
2026-07-05T20:01:29.191811+00:00,2026-07-05T20:01:29.192031,1,1,166.55,0.5,166.3,150,,,,,,,,,,,,,,,,,,,166.8,158,,,,,,,,,,,,,,,,,,
2026-07-05T20:01:29.245348+00:00,2026-07-05T20:01:29.245290,2,1,166.55,0.5,166.3,150,166.0,100,,,,,,,,,,,,,,,,,166.8,158,,,,,,,,,,,,,,,,,,
2026-07-05T20:01:29.294862+00:00,2026-07-05T20:01:29.294803,2,2,166.4,0.2,166.3,150,166.0,100,,,,,,,,,,,,,,,,,166.5,100,166.8,158,,,,,,,,,,,,,,,,
2026-07-05T20:01:29.552917+00:00,2026-07-05T20:01:29.553051,2,2,166.4,0.2,166.3,100,166.0,100,,,,,,,,,,,,,,,,,166.5,100,166.8,158,,,,,,,,,,,,,,,,
2026-07-05T20:01:29.663907+00:00,2026-07-05T20:01:29.663850,2,2,166.4,0.2,166.3,100,166.0,100,,,,,,,,,,,,,,,,,166.5,100,166.8,150,,,,,,,,,,,,,,,,
2026-07-05T20:01:29.669175+00:00,2026-07-05T20:01:29.669060,2,2,166.4,0.2,166.3,108,166.0,100,,,,,,,,,,,,,,,,,166.5,100,166.8,158,,,,,,,,,,,,,,,,
2026-07-05T20:01:29.818197+00:00,2026-07-05T20:01:29.812297,2,2,166.4,0.2,166.3,108,166.0,100,,,,,,,,,,,,,,,,,166.5,89,166.8,158,,,,,,,,,,,,,,,,
2026-07-05T20:01:30.177447+00:00,2026-07-05T20:01:30.177295,2,2,166.4,0.2,166.3,100,166.0,100,,,,,,,,,,,,,,,,,166.5,89,166.8,158,,,,,,,,,,,,,,,,
2026-07-05T20:01:30.182418+00:00,2026-07-05T20:01:30.182549,2,2,166.4,0.2,166.3,100,166.0,100,,,,,,,,,,,,,,,,,166.5,89,166.8,150,,,,,,,,,,,,,,,,
2026-07-05T20:01:30.187870+00:00,2026-07-05T20:01:30.187784,3,3,166.45,0.1,166.4,8,166.3,100,166.0,100,,,,,,,,,,,,,,,166.5,89,166.8,150,166.9,8,,,,,,,,,,,,,,
2026-07-05T20:01:30.231174+00:00,2026-07-05T20:01:30.225189,3,3,166.45,0.1,166.4,8,166.3,100,166.0,100,,,,,,,,,,,,,,,166.5,78,166.8,150,166.9,8,,,,,,,,,,,,,,
2026-07-05T20:01:30.603375+00:00,2026-07-05T20:01:30.603268,3,2,166.45,0.1,166.4,8,166.3,100,166.0,100,,,,,,,,,,,,,,,166.5,78,166.9,8,,,,,,,,,,,,,,,,
2026-07-05T20:01:30.608365+00:00,2026-07-05T20:01:30.608469,2,2,166.45,0.1,166.4,8,166.0,100,,,,,,,,,,,,,,,,,166.5,78,166.9,8,,,,,,,,,,,,,,,,
2026-07-05T20:01:30.658637+00:00,2026-07-05T20:01:30.656591,3,2,166.45,0.1,166.4,8,166.1,150,166.0,100,,,,,,,,,,,,,,,166.5,78,166.9,8,,,,,,,,,,,,,,,,
2026-07-05T20:01:30.711868+00:00,2026-07-05T20:01:30.711744,3,3,166.45,0.1,166.4,8,166.1,150,166.0,100,,,,,,,,,,,,,,,166.5,78,166.6,150,166.9,8,,,,,,,,,,,,,,
2026-07-05T20:01:31.658553+00:00,2026-07-05T20:01:31.657277,2,3,166.3,0.4,166.1,108,166.0,100,,,,,,,,,,,,,,,,,166.5,78,166.6,150,166.9,8,,,,,,,,,,,,,,
2026-07-05T20:01:31.678312+00:00,2026-07-05T20:01:31.678200,2,3,166.3,0.4,166.1,108,166.0,100,,,,,,,,,,,,,,,,,166.5,32,166.6,150,166.9,8,,,,,,,,,,,,,,
2026-07-05T20:01:31.702395+00:00,2026-07-05T20:01:31.702233,2,2,166.3,0.4,166.1,108,166.0,100,,,,,,,,,,,,,,,,,166.5,32,166.6,150,,,,,,,,,,,,,,,,
2026-07-05T20:01:31.707601+00:00,2026-07-05T20:01:31.707495,3,3,166.35,0.3,166.2,8,166.1,108,166.0,100,,,,,,,,,,,,,,,166.5,32,166.6,150,166.9,8,,,,,,,,,,,,,,
2026-07-05T20:01:32.220572+00:00,2026-07-05T20:01:32.220471,2,2,166.3,0.4,166.1,108,166.0,100,,,,,,,,,,,,,,,,,166.5,32,166.6,150,,,,,,,,,,,,,,,,
2026-07-05T20:01:32.225675+00:00,2026-07-05T20:01:32.225646,3,2,166.35,0.3,166.2,8,166.1,108,166.0,100,,,,,,,,,,,,,,,166.5,32,166.6,150,,,,,,,,,,,,,,,,
2026-07-05T20:01:32.230877+00:00,2026-07-05T20:01:32.230809,3,2,166.35,0.3,166.2,8,166.1,108,166.0,100,,,,,,,,,,,,,,,166.5,32,166.6,158,,,,,,,,,,,,,,,,
2026-07-05T20:01:32.369827+00:00,2026-07-05T20:01:32.369702,2,1,166.4,0.4,166.2,8,166.1,108,,,,,,,,,,,,,,,,,166.6,158,,,,,,,,,,,,,,,,,,
2026-07-05T20:01:33.738490+00:00,2026-07-05T20:01:33.738675,1,1,166.35,0.5,166.1,108,,,,,,,,,,,,,,,,,,,166.6,150,,,,,,,,,,,,,,,,,,
2026-07-05T20:01:33.743948+00:00,2026-07-05T20:01:33.743834,2,1,166.35,0.5,166.1,108,166.0,8,,,,,,,,,,,,,,,,,166.6,150,,,,,,,,,,,,,,,,,,
2026-07-05T20:01:33.749089+00:00,2026-07-05T20:01:33.748991,2,2,166.3,0.4,166.1,108,166.0,8,,,,,,,,,,,,,,,,,166.5,8,166.6,150,,,,,,,,,,,,,,,,
2026-07-05T20:01:33.768809+00:00,2026-07-05T20:01:33.768907,1,1,166.25,0.5,166.0,8,,,,,,,,,,,,,,,,,,,166.5,8,,,,,,,,,,,,,,,,,,
2026-07-05T20:01:33.822029+00:00,2026-07-05T20:01:33.821917,2,1,166.25,0.5,166.0,8,165.7,150,,,,,,,,,,,,,,,,,166.5,8,,,,,,,,,,,,,,,,,,
2026-07-05T20:01:33.874015+00:00,2026-07-05T20:01:33.874172,2,2,166.1,0.2,166.0,8,165.7,150,,,,,,,,,,,,,,,,,166.2,150,166.5,8,,,,,,,,,,,,,,,,
2026-07-05T20:01:34.003006+00:00,2026-07-05T20:01:34.002895,1,1,165.95,0.5,165.7,150,,,,,,,,,,,,,,,,,,,166.2,150,,,,,,,,,,,,,,,,,,
2026-07-05T20:01:34.008143+00:00,2026-07-05T20:01:34.008088,2,1,166.15,0.1,166.1,8,165.7,150,,,,,,,,,,,,,,,,,166.2,150,,,,,,,,,,,,,,,,,,
2026-07-05T20:01:34.013394+00:00,2026-07-05T20:01:34.013277,2,2,166.15,0.1,166.1,8,165.7,150,,,,,,,,,,,,,,,,,166.2,150,166.5,8,,,,,,,,,,,,,,,,
2026-07-05T20:01:35.061817+00:00,2026-07-05T20:01:35.052806,1,2,165.95,0.5,165.7,150,,,,,,,,,,,,,,,,,,,166.2,150,166.5,8,,,,,,,,,,,,,,,,
2026-07-05T20:01:35.269936+00:00,2026-07-05T20:01:35.269836,2,1,166.0,0.4,165.8,8,165.7,150,,,,,,,,,,,,,,,,,166.2,150,,,,,,,,,,,,,,,,,,
2026-07-05T20:01:35.274930+00:00,2026-07-05T20:01:35.275016,2,2,166.0,0.4,165.8,8,165.7,150,,,,,,,,,,,,,,,,,166.2,150,166.5,8,,,,,,,,,,,,,,,,
2026-07-05T20:01:35.480677+00:00,2026-07-05T20:01:35.480520,2,2,166.0,0.4,165.8,8,165.7,250,,,,,,,,,,,,,,,,,166.2,150,166.5,8,,,,,,,,,,,,,,,,
2026-07-05T20:01:35.533562+00:00,2026-07-05T20:01:35.533380,2,2,166.0,0.4,165.8,8,165.7,250,,,,,,,,,,,,,,,,,166.2,250,166.5,8,,,,,,,,,,,,,,,,
2026-07-05T20:01:35.538668+00:00,2026-07-05T20:01:35.538624,1,1,165.95,0.5,165.7,250,,,,,,,,,,,,,,,,,,,166.2,250,,,,,,,,,,,,,,,,,,
2026-07-05T20:01:35.543690+00:00,2026-07-05T20:01:35.543819,2,2,166.05,0.3,165.9,8,165.7,250,,,,,,,,,,,,,,,,,166.2,250,166.4,8,,,,,,,,,,,,,,,,
2026-07-05T20:01:35.777682+00:00,2026-07-05T20:01:35.777636,2,2,166.05,0.3,165.9,8,165.7,250,,,,,,,,,,,,,,,,,166.2,202,166.4,8,,,,,,,,,,,,,,,,
2026-07-05T20:01:36.803402+00:00,2026-07-05T20:01:36.803317,1,1,165.95,0.5,165.7,250,,,,,,,,,,,,,,,,,,,166.2,202,,,,,,,,,,,,,,,,,,
2026-07-05T20:01:36.808578+00:00,2026-07-05T20:01:36.808545,2,2,166.1,0.2,166.0,8,165.7,250,,,,,,,,,,,,,,,,,166.2,202,166.5,8,,,,,,,,,,,,,,,,
2026-07-05T20:01:36.929583+00:00,2026-07-05T20:01:36.929530,2,2,166.1,0.2,166.0,8,165.7,100,,,,,,,,,,,,,,,,,166.2,100,166.5,8,,,,,,,,,,,,,,,,
2026-07-05T20:01:36.984212+00:00,2026-07-05T20:01:36.984158,2,2,166.1,0.2,166.0,8,165.7,250,,,,,,,,,,,,,,,,,166.2,100,166.5,8,,,,,,,,,,,,,,,,
2026-07-05T20:01:37.037134+00:00,2026-07-05T20:01:37.037254,2,2,166.1,0.2,166.0,8,165.7,250,,,,,,,,,,,,,,,,,166.2,250,166.5,8,,,,,,,,,,,,,,,,
2026-07-05T20:01:37.719035+00:00,2026-07-05T20:01:37.718983,2,2,166.1,0.2,166.0,8,165.7,250,,,,,,,,,,,,,,,,,166.2,209,166.5,8,,,,,,,,,,,,,,,,
2026-07-05T20:01:37.928974+00:00,2026-07-05T20:01:37.929106,2,2,166.1,0.2,166.0,8,165.7,250,,,,,,,,,,,,,,,,,166.2,159,166.5,8,,,,,,,,,,,,,,,,
2026-07-05T20:01:38.588690+00:00,2026-07-05T20:01:38.588581,2,2,166.1,0.2,166.0,8,165.7,150,,,,,,,,,,,,,,,,,166.2,150,166.5,8,,,,,,,,,,,,,,,,
2026-07-05T20:01:38.640853+00:00,2026-07-05T20:01:38.640798,2,2,166.1,0.2,166.0,108,165.7,150,,,,,,,,,,,,,,,,,166.2,150,166.5,8,,,,,,,,,,,,,,,,
2026-07-05T20:01:38.696362+00:00,2026-07-05T20:01:38.696317,2,2,166.1,0.2,166.0,108,165.7,150,,,,,,,,,,,,,,,,,166.2,150,166.5,108,,,,,,,,,,,,,,,,
2026-07-05T20:01:40.035477+00:00,2026-07-05T20:01:40.035347,2,2,166.1,0.2,166.0,108,165.7,150,,,,,,,,,,,,,,,,,166.2,100,166.5,108,,,,,,,,,,,,,,,,
2026-07-05T20:01:40.090992+00:00,2026-07-05T20:01:40.090917,1,1,166.25,0.5,166.0,108,,,,,,,,,,,,,,,,,,,166.5,108,,,,,,,,,,,,,,,,,,
2026-07-05T20:01:40.144996+00:00,2026-07-05T20:01:40.145137,2,1,166.25,0.5,166.0,108,165.9,150,,,,,,,,,,,,,,,,,166.5,108,,,,,,,,,,,,,,,,,,
2026-07-05T20:01:40.197792+00:00,2026-07-05T20:01:40.197755,2,2,166.2,0.4,166.0,108,165.9,150,,,,,,,,,,,,,,,,,166.4,150,166.5,108,,,,,,,,,,,,,,,,
2026-07-05T20:01:41.750587+00:00,2026-07-05T20:01:41.750485,2,2,166.2,0.4,166.0,8,165.9,150,,,,,,,,,,,,,,,,,166.4,150,166.5,8,,,,,,,,,,,,,,,,
2026-07-05T20:01:41.818728+00:00,2026-07-05T20:01:41.809582,3,2,166.25,0.3,166.1,97,166.0,8,165.9,150,,,,,,,,,,,,,,,166.4,150,166.5,8,,,,,,,,,,,,,,,,
2026-07-05T20:01:41.857807+00:00,2026-07-05T20:01:41.857947,3,3,166.25,0.3,166.1,97,166.0,8,165.9,150,,,,,,,,,,,,,,,166.4,150,166.5,8,166.6,100,,,,,,,,,,,,,,
2026-07-05T20:01:42.139775+00:00,2026-07-05T20:01:42.139645,3,3,166.25,0.3,166.1,97,166.0,8,165.9,150,,,,,,,,,,,,,,,166.4,100,166.5,8,166.6,100,,,,,,,,,,,,,,
2026-07-05T20:01:43.274384+00:00,2026-07-05T20:01:43.274251,2,2,166.3,0.4,166.1,97,166.0,8,,,,,,,,,,,,,,,,,166.5,8,166.6,100,,,,,,,,,,,,,,,,
2026-07-05T20:01:43.325707+00:00,2026-07-05T20:01:43.325632,2,2,166.3,0.4,166.1,97,166.0,158,,,,,,,,,,,,,,,,,166.5,8,166.6,100,,,,,,,,,,,,,,,,
2026-07-05T20:01:43.382791+00:00,2026-07-05T20:01:43.382730,2,2,166.3,0.4,166.1,97,166.0,158,,,,,,,,,,,,,,,,,166.5,158,166.6,100,,,,,,,,,,,,,,,,
2026-07-05T20:01:44.222868+00:00,2026-07-05T20:01:44.216723,2,2,166.3,0.4,166.1,74,166.0,158,,,,,,,,,,,,,,,,,166.5,158,166.6,100,,,,,,,,,,,,,,,,
2026-07-05T20:01:44.913270+00:00,2026-07-05T20:01:44.913172,1,1,166.25,0.5,166.0,158,,,,,,,,,,,,,,,,,,,166.5,158,,,,,,,,,,,,,,,,,,
2026-07-05T20:01:44.967465+00:00,2026-07-05T20:01:44.967557,2,1,166.25,0.5,166.0,158,165.8,100,,,,,,,,,,,,,,,,,166.5,158,,,,,,,,,,,,,,,,,,
2026-07-05T20:01:45.017088+00:00,2026-07-05T20:01:45.017217,2,2,166.15,0.3,166.0,158,165.8,100,,,,,,,,,,,,,,,,,166.3,100,166.5,158,,,,,,,,,,,,,,,,
2026-07-05T20:01:45.106578+00:00,2026-07-05T20:01:45.106427,2,2,166.15,0.3,166.0,150,165.8,100,,,,,,,,,,,,,,,,,166.3,100,166.5,158,,,,,,,,,,,,,,,,
2026-07-05T20:01:45.111771+00:00,2026-07-05T20:01:45.111708,2,2,166.15,0.3,166.0,150,165.8,100,,,,,,,,,,,,,,,,,166.3,100,166.5,150,,,,,,,,,,,,,,,,
2026-07-05T20:01:45.117069+00:00,2026-07-05T20:01:45.116955,3,2,166.15,0.3,166.0,150,165.9,8,165.8,100,,,,,,,,,,,,,,,166.3,100,166.5,150,,,,,,,,,,,,,,,,
2026-07-05T20:01:45.122205+00:00,2026-07-05T20:01:45.122115,3,2,166.15,0.3,166.0,150,165.9,8,165.8,100,,,,,,,,,,,,,,,166.3,108,166.5,150,,,,,,,,,,,,,,,,
2026-07-05T20:01:45.624761+00:00,2026-07-05T20:01:45.624668,2,2,166.15,0.3,166.0,150,165.8,100,,,,,,,,,,,,,,,,,166.3,108,166.5,150,,,,,,,,,,,,,,,,
2026-07-05T20:01:45.629863+00:00,2026-07-05T20:01:45.629829,2,2,166.15,0.3,166.0,150,165.8,100,,,,,,,,,,,,,,,,,166.3,100,166.5,150,,,,,,,,,,,,,,,,
2026-07-05T20:01:45.635062+00:00,2026-07-05T20:01:45.635017,3,2,166.2,0.2,166.1,8,166.0,150,165.8,100,,,,,,,,,,,,,,,166.3,100,166.5,158,,,,,,,,,,,,,,,,
2026-07-05T20:01:46.358586+00:00,2026-07-05T20:01:46.350568,3,2,166.2,0.2,166.1,8,166.0,150,165.8,100,,,,,,,,,,,,,,,166.3,50,166.5,158,,,,,,,,,,,,,,,,
2026-07-05T20:01:46.436426+00:00,2026-07-05T20:01:46.436321,2,2,166.2,0.2,166.1,8,165.8,100,,,,,,,,,,,,,,,,,166.3,50,166.5,8,,,,,,,,,,,,,,,,
2026-07-05T20:01:46.487942+00:00,2026-07-05T20:01:46.488111,3,2,166.25,0.1,166.2,150,166.1,8,165.8,100,,,,,,,,,,,,,,,166.3,50,166.5,8,,,,,,,,,,,,,,,,
2026-07-05T20:01:46.545943+00:00,2026-07-05T20:01:46.545747,3,3,166.25,0.1,166.2,150,166.1,8,165.8,100,,,,,,,,,,,,,,,166.3,50,166.5,8,166.7,150,,,,,,,,,,,,,,
2026-07-05T20:01:48.073711+00:00,2026-07-05T20:01:48.073680,2,2,166.35,0.3,166.2,150,166.1,8,,,,,,,,,,,,,,,,,166.5,8,166.7,150,,,,,,,,,,,,,,,,
2026-07-05T20:01:48.125297+00:00,2026-07-05T20:01:48.125419,2,2,166.35,0.3,166.2,250,166.1,8,,,,,,,,,,,,,,,,,166.5,8,166.7,150,,,,,,,,,,,,,,,,
2026-07-05T20:01:48.179554+00:00,2026-07-05T20:01:48.179512,2,2,166.35,0.3,166.2,250,166.1,8,,,,,,,,,,,,,,,,,166.5,8,166.7,250,,,,,,,,,,,,,,,,
2026-07-05T20:01:48.512522+00:00,2026-07-05T20:01:48.512462,2,2,166.35,0.3,166.2,200,166.1,8,,,,,,,,,,,,,,,,,166.5,8,166.7,250,,,,,,,,,,,,,,,,
2026-07-05T20:01:49.599751+00:00,2026-07-05T20:01:49.599663,2,2,166.35,0.3,166.2,100,166.1,8,,,,,,,,,,,,,,,,,166.5,8,166.7,100,,,,,,,,,,,,,,,,
2026-07-05T20:01:49.656759+00:00,2026-07-05T20:01:49.656685,3,2,166.35,0.3,166.2,100,166.1,8,166.0,150,,,,,,,,,,,,,,,166.5,8,166.7,100,,,,,,,,,,,,,,,,
2026-07-05T20:01:49.708591+00:00,2026-07-05T20:01:49.708696,3,2,166.35,0.3,166.2,100,166.1,8,166.0,150,,,,,,,,,,,,,,,166.5,158,166.7,100,,,,,,,,,,,,,,,,
2026-07-05T20:01:50.423053+00:00,2026-07-05T20:01:50.422992,3,2,166.35,0.3,166.2,59,166.1,8,166.0,150,,,,,,,,,,,,,,,166.5,158,166.7,100,,,,,,,,,,,,,,,,
2026-07-05T20:01:50.568964+00:00,2026-07-05T20:01:50.568916,3,2,166.35,0.3,166.2,59,166.1,8,166.0,150,,,,,,,,,,,,,,,166.5,108,166.7,100,,,,,,,,,,,,,,,,
2026-07-05T20:01:51.058575+00:00,2026-07-05T20:01:51.056502,3,2,166.35,0.3,166.2,11,166.1,8,166.0,150,,,,,,,,,,,,,,,166.5,108,166.7,100,,,,,,,,,,,,,,,,
2026-07-05T20:01:51.232586+00:00,2026-07-05T20:01:51.232501,2,1,166.3,0.4,166.1,8,166.0,150,,,,,,,,,,,,,,,,,166.5,108,,,,,,,,,,,,,,,,,,
2026-07-05T20:01:51.287351+00:00,2026-07-05T20:01:51.287235,2,1,166.3,0.4,166.1,108,166.0,150,,,,,,,,,,,,,,,,,166.5,108,,,,,,,,,,,,,,,,,,
2026-07-05T20:01:51.340102+00:00,2026-07-05T20:01:51.340013,2,2,166.3,0.4,166.1,108,166.0,150,,,,,,,,,,,,,,,,,166.5,108,166.6,100,,,,,,,,,,,,,,,,
2026-07-05T20:01:51.409670+00:00,2026-07-05T20:01:51.409623,3,2,166.35,0.3,166.2,8,166.1,100,166.0,150,,,,,,,,,,,,,,,166.5,108,166.6,100,,,,,,,,,,,,,,,,
2026-07-05T20:01:51.415014+00:00,2026-07-05T20:01:51.414885,3,2,166.35,0.3,166.2,8,166.1,100,166.0,150,,,,,,,,,,,,,,,166.5,108,166.6,108,,,,,,,,,,,,,,,,
2026-07-05T20:01:51.525333+00:00,2026-07-05T20:01:51.525255,3,2,166.35,0.3,166.2,8,166.1,100,166.0,150,,,,,,,,,,,,,,,166.5,63,166.6,108,,,,,,,,,,,,,,,,
2026-07-05T20:01:52.677954+00:00,2026-07-05T20:01:52.678143,3,2,166.35,0.3,166.2,8,166.1,100,166.0,150,,,,,,,,,,,,,,,166.5,13,166.6,108,,,,,,,,,,,,,,,,
2026-07-05T20:01:52.711158+00:00,2026-07-05T20:01:52.711109,3,1,166.4,0.4,166.2,8,166.1,100,166.0,150,,,,,,,,,,,,,,,166.6,108,,,,,,,,,,,,,,,,,,
2026-07-05T20:01:52.764983+00:00,2026-07-05T20:01:52.764923,2,1,166.4,0.4,166.2,8,166.1,100,,,,,,,,,,,,,,,,,166.6,108,,,,,,,,,,,,,,,,,,
2026-07-05T20:01:52.818391+00:00,2026-07-05T20:01:52.818331,3,0,,,166.6,42,166.2,8,166.1,100,,,,,,,,,,,,,,,,,,,,,,,,,,,,,,,,,,
2026-07-05T20:01:52.884571+00:00,2026-07-05T20:01:52.878830,3,1,166.85,0.5,166.6,31,166.2,8,166.1,100,,,,,,,,,,,,,,,167.1,150,,,,,,,,,,,,,,,,,,
2026-07-05T20:01:52.919229+00:00,2026-07-05T20:01:52.919162,2,1,166.85,0.5,166.6,31,166.1,100,,,,,,,,,,,,,,,,,167.1,150,,,,,,,,,,,,,,,,,,
2026-07-05T20:01:52.924438+00:00,2026-07-05T20:01:52.924335,3,1,166.85,0.5,166.6,31,166.2,8,166.1,100,,,,,,,,,,,,,,,167.1,150,,,,,,,,,,,,,,,,,,
2026-07-05T20:01:52.929646+00:00,2026-07-05T20:01:52.929504,3,2,166.8,0.4,166.6,31,166.2,8,166.1,100,,,,,,,,,,,,,,,167.0,8,167.1,150,,,,,,,,,,,,,,,,
2026-07-05T20:01:53.186470+00:00,2026-07-05T20:01:53.186323,2,2,166.8,0.4,166.6,31,166.1,100,,,,,,,,,,,,,,,,,167.0,8,167.1,150,,,,,,,,,,,,,,,,
2026-07-05T20:01:53.191711+00:00,2026-07-05T20:01:53.191657,3,1,166.85,0.5,166.6,31,166.2,8,166.1,100,,,,,,,,,,,,,,,167.1,150,,,,,,,,,,,,,,,,,,
2026-07-05T20:01:53.196946+00:00,2026-07-05T20:01:53.196825,3,2,166.75,0.3,166.6,31,166.2,8,166.1,100,,,,,,,,,,,,,,,166.9,8,167.1,150,,,,,,,,,,,,,,,,
2026-07-05T20:01:54.399170+00:00,2026-07-05T20:01:54.399006,2,2,166.75,0.3,166.6,31,166.2,8,,,,,,,,,,,,,,,,,166.9,8,167.1,150,,,,,,,,,,,,,,,,
2026-07-05T20:01:54.444376+00:00,2026-07-05T20:01:54.444269,3,2,166.75,0.3,166.6,31,166.3,100,166.2,8,,,,,,,,,,,,,,,166.9,8,167.1,150,,,,,,,,,,,,,,,,
2026-07-05T20:01:54.500259+00:00,2026-07-05T20:01:54.500436,3,3,166.7,0.2,166.6,31,166.3,100,166.2,8,,,,,,,,,,,,,,,166.8,100,166.9,8,167.1,150,,,,,,,,,,,,,,
2026-07-05T20:01:54.705487+00:00,2026-07-05T20:01:54.705671,2,2,166.7,0.2,166.6,31,166.3,100,,,,,,,,,,,,,,,,,166.8,100,167.1,150,,,,,,,,,,,,,,,,
2026-07-05T20:01:54.710965+00:00,2026-07-05T20:01:54.710881,3,2,166.7,0.2,166.6,31,166.3,100,166.2,8,,,,,,,,,,,,,,,166.8,100,167.1,150,,,,,,,,,,,,,,,,
2026-07-05T20:01:54.716164+00:00,2026-07-05T20:01:54.716048,3,3,166.65,0.1,166.6,31,166.3,100,166.2,8,,,,,,,,,,,,,,,166.7,8,166.8,100,167.1,150,,,,,,,,,,,,,,
2026-07-05T20:01:54.784957+00:00,2026-07-05T20:01:54.784868,3,2,166.7,0.2,166.6,31,166.3,100,166.2,8,,,,,,,,,,,,,,,166.8,58,167.1,150,,,,,,,,,,,,,,,,
2026-07-05T20:01:55.929708+00:00,2026-07-05T20:01:55.929558,2,1,166.55,0.5,166.3,100,166.2,8,,,,,,,,,,,,,,,,,166.8,58,,,,,,,,,,,,,,,,,,
2026-07-05T20:01:55.990272+00:00,2026-07-05T20:01:55.990199,3,1,166.55,0.5,166.3,100,166.2,8,166.1,150,,,,,,,,,,,,,,,166.8,58,,,,,,,,,,,,,,,,,,
2026-07-05T20:01:56.042616+00:00,2026-07-05T20:01:56.042553,3,2,166.45,0.3,166.3,100,166.2,8,166.1,150,,,,,,,,,,,,,,,166.6,150,166.8,58,,,,,,,,,,,,,,,,
2026-07-05T20:01:56.205562+00:00,2026-07-05T20:01:56.205699,3,2,166.45,0.3,166.3,56,166.2,8,166.1,150,,,,,,,,,,,,,,,166.6,150,166.8,58,,,,,,,,,,,,,,,,
2026-07-05T20:01:56.758574+00:00,2026-07-05T20:01:56.756994,3,2,166.45,0.3,166.3,12,166.2,8,166.1,150,,,,,,,,,,,,,,,166.6,150,166.8,58,,,,,,,,,,,,,,,,
2026-07-05T20:01:56.893586+00:00,2026-07-05T20:01:56.893553,3,2,166.45,0.3,166.3,12,166.2,8,166.1,150,,,,,,,,,,,,,,,166.6,100,166.8,58,,,,,,,,,,,,,,,,
2026-07-05T20:01:57.554647+00:00,2026-07-05T20:01:57.554525,2,1,166.4,0.4,166.2,8,166.1,150,,,,,,,,,,,,,,,,,166.6,100,,,,,,,,,,,,,,,,,,
2026-07-05T20:01:57.604757+00:00,2026-07-05T20:01:57.604646,2,1,166.4,0.4,166.2,108,166.1,150,,,,,,,,,,,,,,,,,166.6,100,,,,,,,,,,,,,,,,,,
2026-07-05T20:01:57.658655+00:00,2026-07-05T20:01:57.655623,2,2,166.4,0.4,166.2,108,166.1,150,,,,,,,,,,,,,,,,,166.6,100,166.7,100,,,,,,,,,,,,,,,,
2026-07-05T20:01:58.216034+00:00,2026-07-05T20:01:58.216001,2,2,166.4,0.4,166.2,108,166.1,150,,,,,,,,,,,,,,,,,166.6,58,166.7,100,,,,,,,,,,,,,,,,
2026-07-05T20:01:59.018831+00:00,2026-07-05T20:01:59.018800,2,2,166.4,0.4,166.2,108,166.1,150,,,,,,,,,,,,,,,,,166.6,8,166.7,100,,,,,,,,,,,,,,,,
2026-07-05T20:01:59.096699+00:00,2026-07-05T20:01:59.096620,1,1,166.45,0.5,166.2,108,,,,,,,,,,,,,,,,,,,166.7,100,,,,,,,,,,,,,,,,,,
2026-07-05T20:01:59.158588+00:00,2026-07-05T20:01:59.146088,2,0,,,166.7,50,166.2,108,,,,,,,,,,,,,,,,,,,,,,,,,,,,,,,,,,,,
2026-07-05T20:01:59.206362+00:00,2026-07-05T20:01:59.206307,2,1,166.95,0.5,166.7,50,166.2,108,,,,,,,,,,,,,,,,,167.2,150,,,,,,,,,,,,,,,,,,
2026-07-05T20:01:59.232364+00:00,2026-07-05T20:01:59.232240,2,1,166.95,0.5,166.7,50,166.2,100,,,,,,,,,,,,,,,,,167.2,150,,,,,,,,,,,,,,,,,,
2026-07-05T20:01:59.237533+00:00,2026-07-05T20:01:59.237423,2,2,166.9,0.4,166.7,50,166.2,108,,,,,,,,,,,,,,,,,167.1,8,167.2,150,,,,,,,,,,,,,,,,
2026-07-05T20:01:59.995771+00:00,2026-07-05T20:01:59.995677,2,1,166.95,0.5,166.7,50,166.2,100,,,,,,,,,,,,,,,,,167.2,150,,,,,,,,,,,,,,,,,,
2026-07-05T20:02:00.000964+00:00,2026-07-05T20:02:00.000864,3,2,166.85,0.3,166.7,50,166.4,8,166.2,100,,,,,,,,,,,,,,,167.0,8,167.2,150,,,,,,,,,,,,,,,,
2026-07-05T20:02:00.509900+00:00,2026-07-05T20:02:00.510051,2,1,166.95,0.5,166.7,50,166.2,100,,,,,,,,,,,,,,,,,167.2,150,,,,,,,,,,,,,,,,,,
2026-07-05T20:02:00.515418+00:00,2026-07-05T20:02:00.515344,3,2,166.8,0.2,166.7,50,166.4,8,166.2,100,,,,,,,,,,,,,,,166.9,8,167.2,150,,,,,,,,,,,,,,,,
2026-07-05T20:02:00.713965+00:00,2026-07-05T20:02:00.714057,2,2,166.8,0.2,166.7,50,166.4,8,,,,,,,,,,,,,,,,,166.9,8,167.2,150,,,,,,,,,,,,,,,,
2026-07-05T20:02:00.756447+00:00,2026-07-05T20:02:00.757060,2,2,166.8,0.2,166.7,150,166.4,8,,,,,,,,,,,,,,,,,166.9,8,167.2,150,,,,,,,,,,,,,,,,
2026-07-05T20:02:00.831264+00:00,2026-07-05T20:02:00.831164,2,2,166.8,0.2,166.7,150,166.4,8,,,,,,,,,,,,,,,,,166.9,8,167.2,250,,,,,,,,,,,,,,,,
2026-07-05T20:02:01.084232+00:00,2026-07-05T20:02:01.084092,2,2,166.8,0.2,166.7,109,166.4,8,,,,,,,,,,,,,,,,,166.9,8,167.2,250,,,,,,,,,,,,,,,,
2026-07-05T20:02:01.183790+00:00,2026-07-05T20:02:01.183680,2,2,166.8,0.2,166.7,59,166.4,8,,,,,,,,,,,,,,,,,166.9,8,167.2,250,,,,,,,,,,,,,,,,
2026-07-05T20:02:02.258604+00:00,2026-07-05T20:02:02.251393,2,2,166.8,0.2,166.7,59,166.4,8,,,,,,,,,,,,,,,,,166.9,8,167.2,100,,,,,,,,,,,,,,,,
2026-07-05T20:02:02.309383+00:00,2026-07-05T20:02:02.309268,3,2,166.8,0.2,166.7,59,166.4,8,166.2,150,,,,,,,,,,,,,,,166.9,8,167.2,100,,,,,,,,,,,,,,,,
2026-07-05T20:02:02.358566+00:00,2026-07-05T20:02:02.358299,2,3,166.55,0.3,166.4,8,166.2,150,,,,,,,,,,,,,,,,,166.7,91,166.9,8,167.2,100,,,,,,,,,,,,,,
2026-07-05T20:02:02.528027+00:00,2026-07-05T20:02:02.527900,1,2,166.45,0.5,166.2,150,,,,,,,,,,,,,,,,,,,166.7,91,167.2,100,,,,,,,,,,,,,,,,
2026-07-05T20:02:02.533226+00:00,2026-07-05T20:02:02.533085,2,2,166.5,0.4,166.3,8,166.2,150,,,,,,,,,,,,,,,,,166.7,91,167.2,100,,,,,,,,,,,,,,,,
2026-07-05T20:02:02.538503+00:00,2026-07-05T20:02:02.538415,2,2,166.5,0.4,166.3,8,166.2,150,,,,,,,,,,,,,,,,,166.7,99,167.2,100,,,,,,,,,,,,,,,,
2026-07-05T20:02:03.890647+00:00,2026-07-05T20:02:03.890502,2,1,166.5,0.4,166.3,8,166.2,150,,,,,,,,,,,,,,,,,166.7,99,,,,,,,,,,,,,,,,,,
2026-07-05T20:02:03.939900+00:00,2026-07-05T20:02:03.939827,2,1,166.5,0.4,166.3,108,166.2,150,,,,,,,,,,,,,,,,,166.7,99,,,,,,,,,,,,,,,,,,
2026-07-05T20:02:03.994168+00:00,2026-07-05T20:02:03.994131,2,2,166.5,0.4,166.3,108,166.2,150,,,,,,,,,,,,,,,,,166.7,99,166.8,100,,,,,,,,,,,,,,,,
2026-07-05T20:02:05.392975+00:00,2026-07-05T20:02:05.392861,2,2,166.5,0.4,166.3,58,166.2,150,,,,,,,,,,,,,,,,,166.7,99,166.8,100,,,,,,,,,,,,,,,,
2026-07-05T20:02:05.420301+00:00,2026-07-05T20:02:05.420264,1,2,166.5,0.4,166.3,58,,,,,,,,,,,,,,,,,,,166.7,8,166.8,100,,,,,,,,,,,,,,,,
2026-07-05T20:02:05.474660+00:00,2026-07-05T20:02:05.474794,2,2,166.6,0.2,166.5,150,166.3,58,,,,,,,,,,,,,,,,,166.7,8,166.8,100,,,,,,,,,,,,,,,,
2026-07-05T20:02:05.524553+00:00,2026-07-05T20:02:05.524462,2,3,166.6,0.2,166.5,150,166.3,58,,,,,,,,,,,,,,,,,166.7,8,166.8,100,167.0,150,,,,,,,,,,,,,,
2026-07-05T20:02:07.050487+00:00,2026-07-05T20:02:07.050396,1,2,166.6,0.2,166.5,150,,,,,,,,,,,,,,,,,,,166.7,8,167.0,150,,,,,,,,,,,,,,,,
2026-07-05T20:02:07.105568+00:00,2026-07-05T20:02:07.105358,2,2,166.6,0.2,166.5,150,166.2,100,,,,,,,,,,,,,,,,,166.7,8,167.0,150,,,,,,,,,,,,,,,,
2026-07-05T20:02:07.158601+00:00,2026-07-05T20:02:07.153886,2,2,166.6,0.2,166.5,150,166.2,100,,,,,,,,,,,,,,,,,166.7,108,167.0,150,,,,,,,,,,,,,,,,
2026-07-05T20:02:07.506622+00:00,2026-07-05T20:02:07.506520,2,2,166.6,0.2,166.5,100,166.2,100,,,,,,,,,,,,,,,,,166.7,108,167.0,150,,,,,,,,,,,,,,,,
2026-07-05T20:02:08.583559+00:00,2026-07-05T20:02:08.583462,1,1,166.45,0.5,166.2,100,,,,,,,,,,,,,,,,,,,166.7,108,,,,,,,,,,,,,,,,,,
2026-07-05T20:02:08.634539+00:00,2026-07-05T20:02:08.634462,2,1,166.5,0.4,166.3,150,166.2,100,,,,,,,,,,,,,,,,,166.7,108,,,,,,,,,,,,,,,,,,
2026-07-05T20:02:08.694913+00:00,2026-07-05T20:02:08.694772,2,2,166.5,0.4,166.3,150,166.2,100,,,,,,,,,,,,,,,,,166.7,108,166.8,150,,,,,,,,,,,,,,,,
2026-07-05T20:02:09.612742+00:00,2026-07-05T20:02:09.612633,2,2,166.5,0.4,166.3,100,166.2,100,,,,,,,,,,,,,,,,,166.7,108,166.8,150,,,,,,,,,,,,,,,,
2026-07-05T20:02:10.211737+00:00,2026-07-05T20:02:10.211882,1,2,166.5,0.4,166.3,100,,,,,,,,,,,,,,,,,,,166.7,8,166.8,150,,,,,,,,,,,,,,,,
2026-07-05T20:02:10.258559+00:00,2026-07-05T20:02:10.254756,2,2,166.5,0.4,166.3,100,166.2,100,,,,,,,,,,,,,,,,,166.7,8,166.8,150,,,,,,,,,,,,,,,,
2026-07-05T20:02:10.317270+00:00,2026-07-05T20:02:10.317378,2,2,166.5,0.4,166.3,100,166.2,100,,,,,,,,,,,,,,,,,166.7,108,166.8,150,,,,,,,,,,,,,,,,
2026-07-05T20:02:11.004538+00:00,2026-07-05T20:02:11.004474,2,2,166.5,0.4,166.3,100,166.2,100,,,,,,,,,,,,,,,,,166.7,59,166.8,150,,,,,,,,,,,,,,,,
2026-07-05T20:02:11.716616+00:00,2026-07-05T20:02:11.716503,2,2,166.5,0.4,166.3,50,166.2,100,,,,,,,,,,,,,,,,,166.7,59,166.8,150,,,,,,,,,,,,,,,,
2026-07-05T20:02:11.758593+00:00,2026-07-05T20:02:11.758129,1,1,166.45,0.5,166.2,100,,,,,,,,,,,,,,,,,,,166.7,59,,,,,,,,,,,,,,,,,,
2026-07-05T20:02:11.818702+00:00,2026-07-05T20:02:11.818604,2,1,166.45,0.5,166.2,100,165.8,150,,,,,,,,,,,,,,,,,166.7,59,,,,,,,,,,,,,,,,,,
2026-07-05T20:02:11.823710+00:00,2026-07-05T20:02:11.823793,2,1,166.45,0.5,166.2,108,165.8,150,,,,,,,,,,,,,,,,,166.7,59,,,,,,,,,,,,,,,,,,
2026-07-05T20:02:11.829039+00:00,2026-07-05T20:02:11.828941,2,1,166.45,0.5,166.2,108,165.8,150,,,,,,,,,,,,,,,,,166.7,67,,,,,,,,,,,,,,,,,,
2026-07-05T20:02:11.883859+00:00,2026-07-05T20:02:11.877006,2,2,166.25,0.1,166.2,108,165.8,150,,,,,,,,,,,,,,,,,166.3,139,166.7,67,,,,,,,,,,,,,,,,
2026-07-05T20:02:12.570159+00:00,2026-07-05T20:02:12.564150,2,2,166.25,0.1,166.2,108,165.8,150,,,,,,,,,,,,,,,,,166.3,127,166.7,67,,,,,,,,,,,,,,,,
2026-07-05T20:02:13.370999+00:00,2026-07-05T20:02:13.370934,2,2,166.25,0.1,166.2,8,165.8,150,,,,,,,,,,,,,,,,,166.3,127,166.7,8,,,,,,,,,,,,,,,,
2026-07-05T20:02:13.422484+00:00,2026-07-05T20:02:13.422384,2,2,166.25,0.1,166.2,108,165.8,150,,,,,,,,,,,,,,,,,166.3,127,166.7,8,,,,,,,,,,,,,,,,
2026-07-05T20:02:13.480071+00:00,2026-07-05T20:02:13.479832,2,2,166.25,0.1,166.2,108,165.8,150,,,,,,,,,,,,,,,,,166.3,127,166.7,108,,,,,,,,,,,,,,,,
2026-07-05T20:02:13.775497+00:00,2026-07-05T20:02:13.775389,2,2,166.25,0.1,166.2,108,165.8,150,,,,,,,,,,,,,,,,,166.3,77,166.7,108,,,,,,,,,,,,,,,,
2026-07-05T20:02:14.588309+00:00,2026-07-05T20:02:14.588201,2,2,166.25,0.1,166.2,100,165.8,150,,,,,,,,,,,,,,,,,166.3,77,166.7,100,,,,,,,,,,,,,,,,
2026-07-05T20:02:14.593472+00:00,2026-07-05T20:02:14.593432,2,2,166.25,0.1,166.2,108,165.8,150,,,,,,,,,,,,,,,,,166.3,77,166.7,100,,,,,,,,,,,,,,,,
2026-07-05T20:02:14.598712+00:00,2026-07-05T20:02:14.598667,2,3,166.25,0.1,166.2,108,165.8,150,,,,,,,,,,,,,,,,,166.3,77,166.6,8,166.7,100,,,,,,,,,,,,,,
2026-07-05T20:02:14.926061+00:00,2026-07-05T20:02:14.926178,1,2,166.4,0.4,166.2,108,,,,,,,,,,,,,,,,,,,166.6,8,166.7,100,,,,,,,,,,,,,,,,
2026-07-05T20:02:14.980658+00:00,2026-07-05T20:02:14.980511,2,2,166.4,0.4,166.2,108,165.9,150,,,,,,,,,,,,,,,,,166.6,8,166.7,100,,,,,,,,,,,,,,,,
2026-07-05T20:02:15.035266+00:00,2026-07-05T20:02:15.035183,2,3,166.3,0.2,166.2,108,165.9,150,,,,,,,,,,,,,,,,,166.4,150,166.6,8,166.7,100,,,,,,,,,,,,,,
2026-07-05T20:02:15.881177+00:00,2026-07-05T20:02:15.881050,2,3,166.3,0.2,166.2,108,165.9,150,,,,,,,,,,,,,,,,,166.4,100,166.6,8,166.7,100,,,,,,,,,,,,,,
2026-07-05T20:02:16.529396+00:00,2026-07-05T20:02:16.529359,2,2,166.3,0.2,166.2,108,165.9,150,,,,,,,,,,,,,,,,,166.4,100,166.6,8,,,,,,,,,,,,,,,,
2026-07-05T20:02:16.534650+00:00,2026-07-05T20:02:16.534525,2,2,166.3,0.2,166.2,8,165.9,150,,,,,,,,,,,,,,,,,166.4,100,166.6,8,,,,,,,,,,,,,,,,
2026-07-05T20:02:16.585391+00:00,2026-07-05T20:02:16.585341,3,2,166.3,0.2,166.2,8,166.0,100,165.9,150,,,,,,,,,,,,,,,166.4,100,166.6,8,,,,,,,,,,,,,,,,
2026-07-05T20:02:16.607096+00:00,2026-07-05T20:02:16.607046,2,1,166.2,0.4,166.0,100,165.9,150,,,,,,,,,,,,,,,,,166.4,100,,,,,,,,,,,,,,,,,,
2026-07-05T20:02:16.612267+00:00,2026-07-05T20:02:16.612207,2,1,166.2,0.4,166.0,108,165.9,150,,,,,,,,,,,,,,,,,166.4,100,,,,,,,,,,,,,,,,,,
2026-07-05T20:02:16.617468+00:00,2026-07-05T20:02:16.617377,2,1,166.2,0.4,166.0,108,165.9,150,,,,,,,,,,,,,,,,,166.4,108,,,,,,,,,,,,,,,,,,
2026-07-05T20:02:16.640390+00:00,2026-07-05T20:02:16.640314,2,2,166.2,0.4,166.0,108,165.9,150,,,,,,,,,,,,,,,,,166.4,108,166.5,100,,,,,,,,,,,,,,,,
2026-07-05T20:02:17.987875+00:00,2026-07-05T20:02:17.987794,2,2,166.2,0.4,166.0,108,165.9,150,,,,,,,,,,,,,,,,,166.4,58,166.5,100,,,,,,,,,,,,,,,,
2026-07-05T20:02:18.088973+00:00,2026-07-05T20:02:18.088937,1,2,166.2,0.4,166.0,108,,,,,,,,,,,,,,,,,,,166.4,8,166.5,100,,,,,,,,,,,,,,,,
2026-07-05T20:02:18.144308+00:00,2026-07-05T20:02:18.144261,2,2,166.25,0.3,166.1,150,166.0,108,,,,,,,,,,,,,,,,,166.4,8,166.5,100,,,,,,,,,,,,,,,,
2026-07-05T20:02:18.197532+00:00,2026-07-05T20:02:18.197407,2,3,166.25,0.3,166.1,150,166.0,108,,,,,,,,,,,,,,,,,166.4,8,166.5,100,166.6,150,,,,,,,,,,,,,,
2026-07-05T20:02:18.226003+00:00,2026-07-05T20:02:18.225858,2,3,166.25,0.3,166.1,103,166.0,108,,,,,,,,,,,,,,,,,166.4,8,166.5,100,166.6,150,,,,,,,,,,,,,,
2026-07-05T20:02:19.637230+00:00,2026-07-05T20:02:19.631273,2,3,166.25,0.3,166.1,91,166.0,108,,,,,,,,,,,,,,,,,166.4,8,166.5,100,166.6,150,,,,,,,,,,,,,,
2026-07-05T20:02:19.693818+00:00,2026-07-05T20:02:19.693725,2,2,166.25,0.3,166.1,91,166.0,8,,,,,,,,,,,,,,,,,166.4,8,166.6,150,,,,,,,,,,,,,,,,
2026-07-05T20:02:19.748807+00:00,2026-07-05T20:02:19.748758,3,2,166.25,0.3,166.1,91,166.0,8,165.8,100,,,,,,,,,,,,,,,166.4,8,166.6,150,,,,,,,,,,,,,,,,
2026-07-05T20:02:19.801271+00:00,2026-07-05T20:02:19.801221,3,3,166.2,0.2,166.1,91,166.0,8,165.8,100,,,,,,,,,,,,,,,166.3,100,166.4,8,166.6,150,,,,,,,,,,,,,,
2026-07-05T20:02:20.095930+00:00,2026-07-05T20:02:20.095881,3,3,166.2,0.2,166.1,91,166.0,8,165.8,100,,,,,,,,,,,,,,,166.3,50,166.4,8,166.6,150,,,,,,,,,,,,,,
2026-07-05T20:02:20.611216+00:00,2026-07-05T20:02:20.611091,3,3,166.2,0.2,166.1,91,166.0,8,165.8,100,,,,,,,,,,,,,,,166.3,10,166.4,8,166.6,150,,,,,,,,,,,,,,
2026-07-05T20:02:21.252836+00:00,2026-07-05T20:02:21.252742,2,2,166.15,0.3,166.0,8,165.8,100,,,,,,,,,,,,,,,,,166.3,10,166.4,8,,,,,,,,,,,,,,,,
2026-07-05T20:02:21.308492+00:00,2026-07-05T20:02:21.308656,2,2,166.15,0.3,166.0,8,165.8,250,,,,,,,,,,,,,,,,,166.3,10,166.4,8,,,,,,,,,,,,,,,,
2026-07-05T20:02:21.358611+00:00,2026-07-05T20:02:21.356693,2,2,166.15,0.3,166.0,8,165.8,250,,,,,,,,,,,,,,,,,166.3,160,166.4,8,,,,,,,,,,,,,,,,
2026-07-05T20:02:22.203765+00:00,2026-07-05T20:02:22.203633,2,2,166.15,0.3,166.0,8,165.8,250,,,,,,,,,,,,,,,,,166.3,110,166.4,8,,,,,,,,,,,,,,,,
2026-07-05T20:02:22.320769+00:00,2026-07-05T20:02:22.320661,1,2,166.05,0.5,165.8,210,,,,,,,,,,,,,,,,,,,166.3,110,166.4,8,,,,,,,,,,,,,,,,
2026-07-05T20:02:22.858599+00:00,2026-07-05T20:02:22.855872,1,2,166.05,0.5,165.8,150,,,,,,,,,,,,,,,,,,,166.3,110,166.4,8,,,,,,,,,,,,,,,,
2026-07-05T20:02:22.909102+00:00,2026-07-05T20:02:22.909020,2,2,166.15,0.3,166.0,100,165.8,150,,,,,,,,,,,,,,,,,166.3,110,166.4,8,,,,,,,,,,,,,,,,
2026-07-05T20:02:22.958651+00:00,2026-07-05T20:02:22.957066,2,3,166.15,0.3,166.0,100,165.8,150,,,,,,,,,,,,,,,,,166.3,110,166.4,8,166.5,100,,,,,,,,,,,,,,
2026-07-05T20:02:23.504068+00:00,2026-07-05T20:02:23.504267,2,3,166.15,0.3,166.0,100,165.8,150,,,,,,,,,,,,,,,,,166.3,69,166.4,8,166.5,100,,,,,,,,,,,,,,
2026-07-05T20:02:24.308444+00:00,2026-07-05T20:02:24.308397,2,3,166.15,0.3,166.0,100,165.8,150,,,,,,,,,,,,,,,,,166.3,19,166.4,8,166.5,100,,,,,,,,,,,,,,
2026-07-05T20:02:24.409970+00:00,2026-07-05T20:02:24.409910,2,2,166.2,0.4,166.0,100,165.8,150,,,,,,,,,,,,,,,,,166.4,8,166.5,100,,,,,,,,,,,,,,,,
2026-07-05T20:02:24.415121+00:00,2026-07-05T20:02:24.415059,1,2,166.2,0.4,166.0,100,,,,,,,,,,,,,,,,,,,166.4,8,166.5,100,,,,,,,,,,,,,,,,
2026-07-05T20:02:24.486871+00:00,2026-07-05T20:02:24.480811,2,1,166.45,0.1,166.4,119,166.0,100,,,,,,,,,,,,,,,,,166.5,56,,,,,,,,,,,,,,,,,,
2026-07-05T20:02:24.523461+00:00,2026-07-05T20:02:24.523384,2,2,166.45,0.1,166.4,119,166.0,100,,,,,,,,,,,,,,,,,166.5,56,166.9,150,,,,,,,,,,,,,,,,
2026-07-05T20:02:26.016557+00:00,2026-07-05T20:02:26.016691,1,1,166.65,0.5,166.4,119,,,,,,,,,,,,,,,,,,,166.9,150,,,,,,,,,,,,,,,,,,
2026-07-05T20:02:26.041660+00:00,2026-07-05T20:02:26.041538,2,1,166.65,0.5,166.4,119,166.0,8,,,,,,,,,,,,,,,,,166.9,150,,,,,,,,,,,,,,,,,,
2026-07-05T20:02:26.046882+00:00,2026-07-05T20:02:26.046791,2,2,166.6,0.4,166.4,119,166.0,8,,,,,,,,,,,,,,,,,166.8,8,166.9,150,,,,,,,,,,,,,,,,
2026-07-05T20:02:26.071891+00:00,2026-07-05T20:02:26.071846,3,2,166.6,0.4,166.4,119,166.3,100,166.0,8,,,,,,,,,,,,,,,166.8,8,166.9,150,,,,,,,,,,,,,,,,
2026-07-05T20:02:26.125263+00:00,2026-07-05T20:02:26.125375,3,2,166.6,0.4,166.4,119,166.3,100,166.0,8,,,,,,,,,,,,,,,166.8,108,166.9,150,,,,,,,,,,,,,,,,
2026-07-05T20:02:26.422866+00:00,2026-07-05T20:02:26.423021,3,2,166.6,0.4,166.4,119,166.3,100,166.0,8,,,,,,,,,,,,,,,166.8,58,166.9,150,,,,,,,,,,,,,,,,
2026-07-05T20:02:27.526094+00:00,2026-07-05T20:02:27.520213,3,2,166.6,0.4,166.4,108,166.3,100,166.0,8,,,,,,,,,,,,,,,166.8,58,166.9,150,,,,,,,,,,,,,,,,
2026-07-05T20:02:27.593930+00:00,2026-07-05T20:02:27.593863,2,1,166.55,0.5,166.3,100,166.0,8,,,,,,,,,,,,,,,,,166.8,58,,,,,,,,,,,,,,,,,,
2026-07-05T20:02:27.649756+00:00,2026-07-05T20:02:27.649669,3,1,166.55,0.5,166.3,100,166.2,150,166.0,8,,,,,,,,,,,,,,,166.8,58,,,,,,,,,,,,,,,,,,
2026-07-05T20:02:27.700951+00:00,2026-07-05T20:02:27.700866,3,2,166.5,0.4,166.3,100,166.2,150,166.0,8,,,,,,,,,,,,,,,166.7,150,166.8,58,,,,,,,,,,,,,,,,
2026-07-05T20:02:27.812906+00:00,2026-07-05T20:02:27.812808,2,2,166.5,0.4,166.3,100,166.2,150,,,,,,,,,,,,,,,,,166.7,150,166.8,58,,,,,,,,,,,,,,,,
2026-07-05T20:02:27.817948+00:00,2026-07-05T20:02:27.818092,3,2,166.5,0.4,166.3,100,166.2,150,166.0,8,,,,,,,,,,,,,,,166.7,150,166.8,58,,,,,,,,,,,,,,,,
2026-07-05T20:02:27.823372+00:00,2026-07-05T20:02:27.823246,3,3,166.45,0.3,166.3,100,166.2,150,166.0,8,,,,,,,,,,,,,,,166.6,8,166.7,150,166.8,58,,,,,,,,,,,,,,
2026-07-05T20:02:28.528340+00:00,2026-07-05T20:02:28.528274,3,2,166.5,0.4,166.3,100,166.2,150,166.0,8,,,,,,,,,,,,,,,166.7,108,166.8,58,,,,,,,,,,,,,,,,
2026-07-05T20:02:28.834588+00:00,2026-07-05T20:02:28.834486,2,2,166.5,0.4,166.3,100,166.2,158,,,,,,,,,,,,,,,,,166.7,108,166.8,58,,,,,,,,,,,,,,,,
2026-07-05T20:02:28.845053+00:00,2026-07-05T20:02:28.844868,2,2,166.5,0.4,166.3,100,166.2,158,,,,,,,,,,,,,,,,,166.7,116,166.8,58,,,,,,,,,,,,,,,,
2026-07-05T20:02:29.179577+00:00,2026-07-05T20:02:29.179533,1,1,166.45,0.5,166.2,158,,,,,,,,,,,,,,,,,,,166.7,116,,,,,,,,,,,,,,,,,,
2026-07-05T20:02:29.234604+00:00,2026-07-05T20:02:29.234520,2,1,166.6,0.2,166.5,100,166.2,158,,,,,,,,,,,,,,,,,166.7,116,,,,,,,,,,,,,,,,,,
2026-07-05T20:02:29.304541+00:00,2026-07-05T20:02:29.295118,2,2,166.6,0.2,166.5,100,166.2,158,,,,,,,,,,,,,,,,,166.7,116,167.0,100,,,,,,,,,,,,,,,,
2026-07-05T20:02:30.636357+00:00,2026-07-05T20:02:30.636494,2,2,166.6,0.2,166.5,100,166.2,158,,,,,,,,,,,,,,,,,166.7,66,167.0,100,,,,,,,,,,,,,,,,
2026-07-05T20:02:30.755461+00:00,2026-07-05T20:02:30.755585,2,2,166.6,0.2,166.5,100,166.2,8,,,,,,,,,,,,,,,,,166.7,8,167.0,100,,,,,,,,,,,,,,,,
2026-07-05T20:02:30.765958+00:00,2026-07-05T20:02:30.765896,2,2,166.6,0.2,166.5,57,166.2,8,,,,,,,,,,,,,,,,,166.7,8,167.0,100,,,,,,,,,,,,,,,,
2026-07-05T20:02:30.822862+00:00,2026-07-05T20:02:30.816345,3,1,166.95,0.1,166.9,139,166.5,57,166.2,8,,,,,,,,,,,,,,,167.0,100,,,,,,,,,,,,,,,,,,
2026-07-05T20:02:30.853040+00:00,2026-07-05T20:02:30.853005,3,1,166.95,0.1,166.9,139,166.5,57,166.3,8,,,,,,,,,,,,,,,167.0,100,,,,,,,,,,,,,,,,,,
2026-07-05T20:02:30.858308+00:00,2026-07-05T20:02:30.858232,3,1,166.95,0.1,166.9,131,166.5,57,166.3,8,,,,,,,,,,,,,,,167.0,100,,,,,,,,,,,,,,,,,,
2026-07-05T20:02:30.863585+00:00,2026-07-05T20:02:30.863505,3,2,166.95,0.1,166.9,131,166.5,57,166.3,8,,,,,,,,,,,,,,,167.0,100,167.4,150,,,,,,,,,,,,,,,,
2026-07-05T20:02:31.927114+00:00,2026-07-05T20:02:31.927076,3,2,166.95,0.1,166.9,131,166.5,57,166.3,8,,,,,,,,,,,,,,,167.0,54,167.4,150,,,,,,,,,,,,,,,,
2026-07-05T20:02:32.363657+00:00,2026-07-05T20:02:32.363817,2,1,167.15,0.5,166.9,131,166.3,8,,,,,,,,,,,,,,,,,167.4,150,,,,,,,,,,,,,,,,,,
2026-07-05T20:02:32.374344+00:00,2026-07-05T20:02:32.374227,1,1,167.15,0.5,166.9,128,,,,,,,,,,,,,,,,,,,167.4,150,,,,,,,,,,,,,,,,,,
2026-07-05T20:02:32.379513+00:00,2026-07-05T20:02:32.379417,2,2,167.1,0.4,166.9,128,166.4,8,,,,,,,,,,,,,,,,,167.3,8,167.4,150,,,,,,,,,,,,,,,,
2026-07-05T20:02:32.424032+00:00,2026-07-05T20:02:32.423863,3,2,167.1,0.4,166.9,128,166.8,100,166.4,8,,,,,,,,,,,,,,,167.3,8,167.4,150,,,,,,,,,,,,,,,,
2026-07-05T20:02:32.476854+00:00,2026-07-05T20:02:32.476807,3,2,167.1,0.4,166.9,128,166.8,100,166.4,8,,,,,,,,,,,,,,,167.3,108,167.4,150,,,,,,,,,,,,,,,,
2026-07-05T20:02:32.912487+00:00,2026-07-05T20:02:32.912611,3,2,167.1,0.4,166.9,125,166.8,100,166.4,8,,,,,,,,,,,,,,,167.3,108,167.4,150,,,,,,,,,,,,,,,,
2026-07-05T20:02:33.175087+00:00,2026-07-05T20:02:33.175008,3,2,167.1,0.4,166.9,122,166.8,100,166.4,8,,,,,,,,,,,,,,,167.3,108,167.4,150,,,,,,,,,,,,,,,,
2026-07-05T20:02:33.436313+00:00,2026-07-05T20:02:33.436207,3,2,167.1,0.4,166.9,119,166.8,100,166.4,8,,,,,,,,,,,,,,,167.3,108,167.4,150,,,,,,,,,,,,,,,,
2026-07-05T20:02:33.545763+00:00,2026-07-05T20:02:33.545601,3,2,167.1,0.4,166.9,72,166.8,100,166.4,8,,,,,,,,,,,,,,,167.3,108,167.4,150,,,,,,,,,,,,,,,,
2026-07-05T20:02:33.922361+00:00,2026-07-05T20:02:33.922290,2,1,167.05,0.5,166.8,100,166.4,8,,,,,,,,,,,,,,,,,167.3,108,,,,,,,,,,,,,,,,,,
2026-07-05T20:02:33.977339+00:00,2026-07-05T20:02:33.977299,3,1,167.05,0.5,166.8,100,166.6,150,166.4,8,,,,,,,,,,,,,,,167.3,108,,,,,,,,,,,,,,,,,,
2026-07-05T20:02:34.030669+00:00,2026-07-05T20:02:34.030575,3,2,166.95,0.3,166.8,100,166.6,150,166.4,8,,,,,,,,,,,,,,,167.1,150,167.3,108,,,,,,,,,,,,,,,,
2026-07-05T20:02:34.198769+00:00,2026-07-05T20:02:34.198652,2,2,166.95,0.3,166.8,100,166.6,150,,,,,,,,,,,,,,,,,167.1,150,167.3,100,,,,,,,,,,,,,,,,
2026-07-05T20:02:34.203922+00:00,2026-07-05T20:02:34.203854,3,3,166.9,0.2,166.8,100,166.6,150,166.3,8,,,,,,,,,,,,,,,167.0,8,167.1,150,167.3,100,,,,,,,,,,,,,,
2026-07-05T20:02:34.458716+00:00,2026-07-05T20:02:34.457970,3,3,166.9,0.2,166.8,97,166.6,150,166.3,8,,,,,,,,,,,,,,,167.0,8,167.1,150,167.3,100,,,,,,,,,,,,,,
2026-07-05T20:02:34.747031+00:00,2026-07-05T20:02:34.746926,3,3,166.9,0.2,166.8,94,166.6,150,166.3,8,,,,,,,,,,,,,,,167.0,8,167.1,150,167.3,100,,,,,,,,,,,,,,
2026-07-05T20:02:34.758654+00:00,2026-07-05T20:02:34.757468,2,3,166.9,0.2,166.8,94,166.6,150,,,,,,,,,,,,,,,,,167.0,8,167.1,150,167.3,100,,,,,,,,,,,,,,
2026-07-05T20:02:34.768902+00:00,2026-07-05T20:02:34.768874,3,2,166.95,0.3,166.8,94,166.6,150,166.3,8,,,,,,,,,,,,,,,167.1,150,167.3,100,,,,,,,,,,,,,,,,
2026-07-05T20:02:34.774145+00:00,2026-07-05T20:02:34.774031,3,3,166.85,0.1,166.8,94,166.6,150,166.3,8,,,,,,,,,,,,,,,166.9,8,167.1,150,167.3,100,,,,,,,,,,,,,,
2026-07-05T20:02:35.531015+00:00,2026-07-05T20:02:35.530956,2,2,166.75,0.3,166.6,150,166.3,8,,,,,,,,,,,,,,,,,166.9,8,167.1,150,,,,,,,,,,,,,,,,
2026-07-05T20:02:35.586607+00:00,2026-07-05T20:02:35.586698,2,2,166.75,0.3,166.6,250,166.3,8,,,,,,,,,,,,,,,,,166.9,8,167.1,150,,,,,,,,,,,,,,,,
2026-07-05T20:02:35.639149+00:00,2026-07-05T20:02:35.639067,2,2,166.75,0.3,166.6,250,166.3,8,,,,,,,,,,,,,,,,,166.9,8,167.1,250,,,,,,,,,,,,,,,,
2026-07-05T20:02:36.788121+00:00,2026-07-05T20:02:36.788062,1,1,166.85,0.5,166.6,250,,,,,,,,,,,,,,,,,,,167.1,250,,,,,,,,,,,,,,,,,,
2026-07-05T20:02:36.793320+00:00,2026-07-05T20:02:36.793248,2,2,166.75,0.3,166.6,250,166.4,8,,,,,,,,,,,,,,,,,166.9,8,167.1,250,,,,,,,,,,,,,,,,
2026-07-05T20:02:37.005412+00:00,2026-07-05T20:02:37.005550,2,2,166.75,0.3,166.6,200,166.4,8,,,,,,,,,,,,,,,,,166.9,8,167.1,250,,,,,,,,,,,,,,,,
2026-07-05T20:02:37.087706+00:00,2026-07-05T20:02:37.087826,2,2,166.75,0.3,166.6,100,166.4,8,,,,,,,,,,,,,,,,,166.9,8,167.1,100,,,,,,,,,,,,,,,,
2026-07-05T20:02:37.158683+00:00,2026-07-05T20:02:37.154908,2,2,166.75,0.3,166.6,100,166.4,158,,,,,,,,,,,,,,,,,166.9,8,167.1,100,,,,,,,,,,,,,,,,
2026-07-05T20:02:37.205902+00:00,2026-07-05T20:02:37.205771,2,2,166.75,0.3,166.6,100,166.4,158,,,,,,,,,,,,,,,,,166.9,158,167.1,100,,,,,,,,,,,,,,,,
2026-07-05T20:02:37.331307+00:00,2026-07-05T20:02:37.331189,2,2,166.75,0.3,166.6,100,166.4,158,,,,,,,,,,,,,,,,,166.9,109,167.1,100,,,,,,,,,,,,,,,,
2026-07-05T20:02:38.009831+00:00,2026-07-05T20:02:38.003017,2,2,166.75,0.3,166.6,100,166.4,158,,,,,,,,,,,,,,,,,166.9,95,167.1,100,,,,,,,,,,,,,,,,
2026-07-05T20:02:38.058449+00:00,2026-07-05T20:02:38.058364,2,2,166.75,0.3,166.6,108,166.4,150,,,,,,,,,,,,,,,,,166.9,95,167.1,100,,,,,,,,,,,,,,,,
2026-07-05T20:02:38.063577+00:00,2026-07-05T20:02:38.063547,2,3,166.75,0.3,166.6,108,166.4,150,,,,,,,,,,,,,,,,,166.9,95,167.0,8,167.1,100,,,,,,,,,,,,,,
2026-07-05T20:02:38.694025+00:00,2026-07-05T20:02:38.693912,2,2,166.75,0.3,166.6,8,166.4,150,,,,,,,,,,,,,,,,,166.9,95,167.0,8,,,,,,,,,,,,,,,,
2026-07-05T20:02:38.758643+00:00,2026-07-05T20:02:38.749905,2,1,166.8,0.4,166.6,8,166.4,150,,,,,,,,,,,,,,,,,167.0,3,,,,,,,,,,,,,,,,,,
2026-07-05T20:02:38.800823+00:00,2026-07-05T20:02:38.796656,2,2,166.8,0.4,166.6,8,166.4,150,,,,,,,,,,,,,,,,,167.0,3,167.6,100,,,,,,,,,,,,,,,,
2026-07-05T20:02:39.117094+00:00,2026-07-05T20:02:39.117061,1,2,166.7,0.6,166.4,108,,,,,,,,,,,,,,,,,,,167.0,3,167.6,100,,,,,,,,,,,,,,,,
2026-07-05T20:02:39.323968+00:00,2026-07-05T20:02:39.323876,1,1,167.0,1.2,166.4,108,,,,,,,,,,,,,,,,,,,167.6,100,,,,,,,,,,,,,,,,,,
2026-07-05T20:02:39.329079+00:00,2026-07-05T20:02:39.329037,2,1,167.05,1.1,166.5,8,166.4,108,,,,,,,,,,,,,,,,,167.6,100,,,,,,,,,,,,,,,,,,
2026-07-05T20:02:39.334118+00:00,2026-07-05T20:02:39.334228,2,2,166.75,0.5,166.5,8,166.4,108,,,,,,,,,,,,,,,,,167.0,8,167.6,100,,,,,,,,,,,,,,,,
2026-07-05T20:02:40.258584+00:00,2026-07-05T20:02:40.255177,1,2,166.75,0.5,166.5,8,,,,,,,,,,,,,,,,,,,167.0,8,167.6,100,,,,,,,,,,,,,,,,
2026-07-05T20:02:40.333585+00:00,2026-07-05T20:02:40.320526,2,1,167.35,0.5,167.1,131,166.5,8,,,,,,,,,,,,,,,,,167.6,100,,,,,,,,,,,,,,,,,,
2026-07-05T20:02:40.349142+00:00,2026-07-05T20:02:40.348999,2,1,167.35,0.5,167.1,128,166.5,8,,,,,,,,,,,,,,,,,167.6,100,,,,,,,,,,,,,,,,,,
2026-07-05T20:02:40.354242+00:00,2026-07-05T20:02:40.354155,1,1,167.35,0.5,167.1,128,,,,,,,,,,,,,,,,,,,167.6,100,,,,,,,,,,,,,,,,,,
2026-07-05T20:02:40.359439+00:00,2026-07-05T20:02:40.359329,2,1,167.35,0.5,167.1,128,166.6,8,,,,,,,,,,,,,,,,,167.6,100,,,,,,,,,,,,,,,,,,
2026-07-05T20:02:40.364606+00:00,2026-07-05T20:02:40.364510,2,2,167.3,0.4,167.1,128,166.6,8,,,,,,,,,,,,,,,,,167.5,8,167.6,100,,,,,,,,,,,,,,,,
2026-07-05T20:02:40.369844+00:00,2026-07-05T20:02:40.369774,2,2,167.3,0.4,167.1,128,166.6,8,,,,,,,,,,,,,,,,,167.5,8,167.6,250,,,,,,,,,,,,,,,,
2026-07-05T20:02:40.642389+00:00,2026-07-05T20:02:40.637727,2,1,167.35,0.5,167.1,122,166.6,8,,,,,,,,,,,,,,,,,167.6,250,,,,,,,,,,,,,,,,,,
2026-07-05T20:02:40.663128+00:00,2026-07-05T20:02:40.662867,2,2,167.25,0.3,167.1,122,166.6,8,,,,,,,,,,,,,,,,,167.4,8,167.6,250,,,,,,,,,,,,,,,,
2026-07-05T20:02:40.911577+00:00,2026-07-05T20:02:40.911742,2,2,167.25,0.3,167.1,119,166.6,8,,,,,,,,,,,,,,,,,167.4,8,167.6,250,,,,,,,,,,,,,,,,
2026-07-05T20:02:41.173070+00:00,2026-07-05T20:02:41.172932,2,2,167.25,0.3,167.1,116,166.6,8,,,,,,,,,,,,,,,,,167.4,8,167.6,250,,,,,,,,,,,,,,,,
2026-07-05T20:02:41.223831+00:00,2026-07-05T20:02:41.223730,2,2,167.25,0.3,167.1,66,166.6,8,,,,,,,,,,,,,,,,,167.4,8,167.6,250,,,,,,,,,,,,,,,,
2026-07-05T20:02:41.434316+00:00,2026-07-05T20:02:41.434239,2,2,167.25,0.3,167.1,63,166.6,8,,,,,,,,,,,,,,,,,167.4,8,167.6,250,,,,,,,,,,,,,,,,
2026-07-05T20:02:41.694459+00:00,2026-07-05T20:02:41.694551,2,2,167.25,0.3,167.1,60,166.6,8,,,,,,,,,,,,,,,,,167.4,8,167.6,250,,,,,,,,,,,,,,,,
2026-07-05T20:02:41.855260+00:00,2026-07-05T20:02:41.855354,2,2,167.25,0.3,167.1,60,166.6,8,,,,,,,,,,,,,,,,,167.4,8,167.6,150,,,,,,,,,,,,,,,,
2026-07-05T20:02:41.908417+00:00,2026-07-05T20:02:41.908347,2,2,167.25,0.3,167.1,60,166.6,108,,,,,,,,,,,,,,,,,167.4,8,167.6,150,,,,,,,,,,,,,,,,
2026-07-05T20:02:41.950814+00:00,2026-07-05T20:02:41.950934,2,2,167.25,0.3,167.1,57,166.6,108,,,,,,,,,,,,,,,,,167.4,8,167.6,150,,,,,,,,,,,,,,,,
2026-07-05T20:02:41.958644+00:00,2026-07-05T20:02:41.957780,1,3,166.85,0.5,166.6,108,,,,,,,,,,,,,,,,,,,167.1,43,167.4,8,167.6,150,,,,,,,,,,,,,,
2026-07-05T20:02:42.217542+00:00,2026-07-05T20:02:42.217406,1,2,166.85,0.5,166.6,100,,,,,,,,,,,,,,,,,,,167.1,43,167.6,150,,,,,,,,,,,,,,,,
2026-07-05T20:02:42.222659+00:00,2026-07-05T20:02:42.222576,1,2,166.85,0.5,166.6,108,,,,,,,,,,,,,,,,,,,167.1,43,167.6,150,,,,,,,,,,,,,,,,
2026-07-05T20:02:42.227800+00:00,2026-07-05T20:02:42.227750,1,2,166.85,0.5,166.6,108,,,,,,,,,,,,,,,,,,,167.1,46,167.6,150,,,,,,,,,,,,,,,,
2026-07-05T20:02:43.105879+00:00,2026-07-05T20:02:43.105782,1,2,166.85,0.5,166.6,64,,,,,,,,,,,,,,,,,,,167.1,46,167.6,150,,,,,,,,,,,,,,,,
2026-07-05T20:02:43.329233+00:00,2026-07-05T20:02:43.329192,1,2,166.85,0.5,166.6,14,,,,,,,,,,,,,,,,,,,167.1,46,167.6,150,,,,,,,,,,,,,,,,
2026-07-05T20:02:43.427240+00:00,2026-07-05T20:02:43.427405,1,1,166.85,0.5,166.6,14,,,,,,,,,,,,,,,,,,,167.1,46,,,,,,,,,,,,,,,,,,
2026-07-05T20:02:43.477020+00:00,2026-07-05T20:02:43.477236,1,1,166.85,0.5,166.6,164,,,,,,,,,,,,,,,,,,,167.1,46,,,,,,,,,,,,,,,,,,
2026-07-05T20:02:43.532266+00:00,2026-07-05T20:02:43.532447,1,1,166.85,0.5,166.6,164,,,,,,,,,,,,,,,,,,,167.1,196,,,,,,,,,,,,,,,,,,
2026-07-05T20:02:44.016648+00:00,2026-07-05T20:02:44.011116,1,1,166.85,0.5,166.6,164,,,,,,,,,,,,,,,,,,,167.1,193,,,,,,,,,,,,,,,,,,
2026-07-05T20:02:45.040125+00:00,2026-07-05T20:02:45.040012,1,1,166.85,0.5,166.6,158,,,,,,,,,,,,,,,,,,,167.1,153,,,,,,,,,,,,,,,,,,
2026-07-05T20:02:45.097583+00:00,2026-07-05T20:02:45.097666,2,1,166.9,0.4,166.7,100,166.6,158,,,,,,,,,,,,,,,,,167.1,153,,,,,,,,,,,,,,,,,,
2026-07-05T20:02:45.150565+00:00,2026-07-05T20:02:45.150493,2,2,166.9,0.4,166.7,100,166.6,158,,,,,,,,,,,,,,,,,167.1,153,167.2,100,,,,,,,,,,,,,,,,
2026-07-05T20:02:45.438990+00:00,2026-07-05T20:02:45.438847,2,2,166.9,0.4,166.7,50,166.6,158,,,,,,,,,,,,,,,,,167.1,153,167.2,100,,,,,,,,,,,,,,,,
2026-07-05T20:02:46.586779+00:00,2026-07-05T20:02:46.586662,2,2,166.9,0.4,166.7,50,166.6,158,,,,,,,,,,,,,,,,,167.1,3,167.2,100,,,,,,,,,,,,,,,,
2026-07-05T20:02:46.591897+00:00,2026-07-05T20:02:46.591832,2,2,166.9,0.4,166.7,50,166.6,8,,,,,,,,,,,,,,,,,167.1,3,167.2,100,,,,,,,,,,,,,,,,
2026-07-05T20:02:46.645423+00:00,2026-07-05T20:02:46.645389,2,2,166.9,0.4,166.7,200,166.6,8,,,,,,,,,,,,,,,,,167.1,3,167.2,100,,,,,,,,,,,,,,,,
2026-07-05T20:02:46.698297+00:00,2026-07-05T20:02:46.698199,2,2,166.9,0.4,166.7,200,166.6,8,,,,,,,,,,,,,,,,,167.1,3,167.2,250,,,,,,,,,,,,,,,,
2026-07-05T20:02:46.740486+00:00,2026-07-05T20:02:46.740393,1,1,166.95,0.5,166.7,200,,,,,,,,,,,,,,,,,,,167.2,250,,,,,,,,,,,,,,,,,,
2026-07-05T20:02:46.745608+00:00,2026-07-05T20:02:46.745556,2,1,167.0,0.4,166.8,8,166.7,200,,,,,,,,,,,,,,,,,167.2,250,,,,,,,,,,,,,,,,,,
2026-07-05T20:02:46.750797+00:00,2026-07-05T20:02:46.750719,2,1,167.0,0.4,166.8,8,166.7,200,,,,,,,,,,,,,,,,,167.2,253,,,,,,,,,,,,,,,,,,
2026-07-05T20:02:47.201592+00:00,2026-07-05T20:02:47.195929,2,1,167.0,0.4,166.8,8,166.7,200,,,,,,,,,,,,,,,,,167.2,242,,,,,,,,,,,,,,,,,,
2026-07-05T20:02:47.920905+00:00,2026-07-05T20:02:47.920821,1,1,166.95,0.5,166.7,200,,,,,,,,,,,,,,,,,,,167.2,242,,,,,,,,,,,,,,,,,,
2026-07-05T20:02:48.202687+00:00,2026-07-05T20:02:48.202796,1,1,166.95,0.5,166.7,150,,,,,,,,,,,,,,,,,,,167.2,153,,,,,,,,,,,,,,,,,,
2026-07-05T20:02:48.258498+00:00,2026-07-05T20:02:48.258608,2,1,167.0,0.4,166.8,100,166.7,150,,,,,,,,,,,,,,,,,167.2,153,,,,,,,,,,,,,,,,,,
2026-07-05T20:02:48.306703+00:00,2026-07-05T20:02:48.306644,2,2,167.0,0.4,166.8,100,166.7,150,,,,,,,,,,,,,,,,,167.2,153,167.3,100,,,,,,,,,,,,,,,,
2026-07-05T20:02:49.600460+00:00,2026-07-05T20:02:49.600338,2,2,167.0,0.4,166.8,100,166.7,150,,,,,,,,,,,,,,,,,167.2,103,167.3,100,,,,,,,,,,,,,,,,
2026-07-05T20:02:49.758763+00:00,2026-07-05T20:02:49.758695,1,2,167.0,0.4,166.8,100,,,,,,,,,,,,,,,,,,,167.2,3,167.3,100,,,,,,,,,,,,,,,,
2026-07-05T20:02:49.805470+00:00,2026-07-05T20:02:49.805354,2,2,167.05,0.3,166.9,150,166.8,100,,,,,,,,,,,,,,,,,167.2,3,167.3,100,,,,,,,,,,,,,,,,
2026-07-05T20:02:49.877658+00:00,2026-07-05T20:02:49.877619,2,3,167.05,0.3,166.9,150,166.8,100,,,,,,,,,,,,,,,,,167.2,3,167.3,100,167.4,150,,,,,,,,,,,,,,
2026-07-05T20:02:51.269643+00:00,2026-07-05T20:02:51.269734,2,2,167.1,0.4,166.9,150,166.8,100,,,,,,,,,,,,,,,,,167.3,100,167.4,150,,,,,,,,,,,,,,,,
2026-07-05T20:02:51.275120+00:00,2026-07-05T20:02:51.275018,3,3,167.0,0.2,166.9,150,166.8,100,166.7,8,,,,,,,,,,,,,,,167.1,8,167.3,100,167.4,150,,,,,,,,,,,,,,
2026-07-05T20:02:51.357903+00:00,2026-07-05T20:02:51.358081,2,2,167.0,0.2,166.9,150,166.7,8,,,,,,,,,,,,,,,,,167.1,8,167.4,150,,,,,,,,,,,,,,,,
2026-07-05T20:02:51.412200+00:00,2026-07-05T20:02:51.412108,3,2,167.0,0.2,166.9,150,166.7,8,166.4,100,,,,,,,,,,,,,,,167.1,8,167.4,150,,,,,,,,,,,,,,,,
2026-07-05T20:02:51.470369+00:00,2026-07-05T20:02:51.470251,3,2,167.0,0.2,166.9,50,166.7,8,166.4,100,,,,,,,,,,,,,,,167.1,8,167.4,150,,,,,,,,,,,,,,,,
2026-07-05T20:02:52.931750+00:00,2026-07-05T20:02:52.931713,2,1,166.9,0.4,166.7,8,166.4,100,,,,,,,,,,,,,,,,,167.1,8,,,,,,,,,,,,,,,,,,
2026-07-05T20:02:52.987685+00:00,2026-07-05T20:02:52.987601,3,1,166.9,0.4,166.7,8,166.6,150,166.4,100,,,,,,,,,,,,,,,167.1,8,,,,,,,,,,,,,,,,,,
2026-07-05T20:02:53.040527+00:00,2026-07-05T20:02:53.040617,3,1,166.9,0.4,166.7,8,166.6,150,166.4,100,,,,,,,,,,,,,,,167.1,158,,,,,,,,,,,,,,,,,,
2026-07-05T20:02:53.590695+00:00,2026-07-05T20:02:53.590795,2,1,166.85,0.5,166.6,117,166.4,100,,,,,,,,,,,,,,,,,167.1,158,,,,,,,,,,,,,,,,,,
2026-07-05T20:02:53.874833+00:00,2026-07-05T20:02:53.874698,2,1,166.85,0.5,166.6,67,166.4,100,,,,,,,,,,,,,,,,,167.1,158,,,,,,,,,,,,,,,,,,
2026-07-05T20:02:54.525575+00:00,2026-07-05T20:02:54.525283,1,1,166.85,0.5,166.6,67,,,,,,,,,,,,,,,,,,,167.1,158,,,,,,,,,,,,,,,,,,
2026-07-05T20:02:54.573585+00:00,2026-07-05T20:02:54.573494,2,1,166.95,0.3,166.8,100,166.6,67,,,,,,,,,,,,,,,,,167.1,158,,,,,,,,,,,,,,,,,,
2026-07-05T20:02:54.632045+00:00,2026-07-05T20:02:54.632003,2,2,166.95,0.3,166.8,100,166.6,67,,,,,,,,,,,,,,,,,167.1,158,167.3,100,,,,,,,,,,,,,,,,
2026-07-05T20:02:54.724646+00:00,2026-07-05T20:02:54.724517,2,2,166.95,0.3,166.8,58,166.6,67,,,,,,,,,,,,,,,,,167.1,158,167.3,100,,,,,,,,,,,,,,,,
2026-07-05T20:02:56.094859+00:00,2026-07-05T20:02:56.094766,1,2,166.95,0.3,166.8,58,,,,,,,,,,,,,,,,,,,167.1,8,167.3,100,,,,,,,,,,,,,,,,
2026-07-05T20:02:56.149023+00:00,2026-07-05T20:02:56.149105,2,2,166.95,0.3,166.8,58,166.2,150,,,,,,,,,,,,,,,,,167.1,8,167.3,100,,,,,,,,,,,,,,,,
2026-07-05T20:02:56.211684+00:00,2026-07-05T20:02:56.205869,1,3,166.45,0.5,166.2,150,,,,,,,,,,,,,,,,,,,166.7,69,167.1,8,167.3,100,,,,,,,,,,,,,,
2026-07-05T20:02:56.297212+00:00,2026-07-05T20:02:56.297078,1,2,166.45,0.5,166.2,150,,,,,,,,,,,,,,,,,,,166.7,69,167.3,100,,,,,,,,,,,,,,,,
2026-07-05T20:02:56.302360+00:00,2026-07-05T20:02:56.302275,2,3,166.5,0.4,166.3,8,166.2,150,,,,,,,,,,,,,,,,,166.7,69,167.0,8,167.3,100,,,,,,,,,,,,,,
2026-07-05T20:02:57.315008+00:00,2026-07-05T20:02:57.305971,2,3,166.5,0.4,166.3,8,166.2,150,,,,,,,,,,,,,,,,,166.7,57,167.0,8,167.3,100,,,,,,,,,,,,,,
2026-07-05T20:02:57.685937+00:00,2026-07-05T20:02:57.685806,2,2,166.5,0.4,166.3,8,166.2,150,,,,,,,,,,,,,,,,,166.7,57,167.0,8,,,,,,,,,,,,,,,,
2026-07-05T20:02:57.744888+00:00,2026-07-05T20:02:57.744540,3,2,166.65,0.1,166.6,100,166.3,8,166.2,150,,,,,,,,,,,,,,,166.7,57,167.0,8,,,,,,,,,,,,,,,,
2026-07-05T20:02:57.793100+00:00,2026-07-05T20:02:57.793045,3,3,166.65,0.1,166.6,100,166.3,8,166.2,150,,,,,,,,,,,,,,,166.7,57,167.0,8,167.1,100,,,,,,,,,,,,,,
2026-07-05T20:02:57.812319+00:00,2026-07-05T20:02:57.812423,2,2,166.65,0.1,166.6,100,166.2,150,,,,,,,,,,,,,,,,,166.7,57,167.1,100,,,,,,,,,,,,,,,,
2026-07-05T20:02:57.817502+00:00,2026-07-05T20:02:57.817623,2,2,166.65,0.1,166.6,100,166.2,150,,,,,,,,,,,,,,,,,166.7,49,167.1,100,,,,,,,,,,,,,,,,
2026-07-05T20:02:57.822893+00:00,2026-07-05T20:02:57.822803,2,2,166.65,0.1,166.6,100,166.2,150,,,,,,,,,,,,,,,,,166.7,49,167.1,108,,,,,,,,,,,,,,,,
2026-07-05T20:02:58.034973+00:00,2026-07-05T20:02:58.034843,2,1,166.85,0.5,166.6,100,166.2,150,,,,,,,,,,,,,,,,,167.1,107,,,,,,,,,,,,,,,,,,
2026-07-05T20:02:59.258605+00:00,2026-07-05T20:02:59.253919,1,1,166.85,0.5,166.6,100,,,,,,,,,,,,,,,,,,,167.1,107,,,,,,,,,,,,,,,,,,
2026-07-05T20:02:59.317420+00:00,2026-07-05T20:02:59.311309,2,1,167.0,0.2,166.9,138,166.6,100,,,,,,,,,,,,,,,,,167.1,107,,,,,,,,,,,,,,,,,,
2026-07-05T20:02:59.356905+00:00,2026-07-05T20:02:59.356833,2,2,167.0,0.2,166.9,138,166.6,100,,,,,,,,,,,,,,,,,167.1,107,167.4,150,,,,,,,,,,,,,,,,
2026-07-05T20:02:59.843933+00:00,2026-07-05T20:02:59.843815,2,2,167.0,0.2,166.9,138,166.6,100,,,,,,,,,,,,,,,,,167.1,62,167.4,150,,,,,,,,,,,,,,,,
2026-07-05T20:03:00.143516+00:00,2026-07-05T20:03:00.143676,2,2,167.0,0.2,166.9,138,166.6,100,,,,,,,,,,,,,,,,,167.1,12,167.4,150,,,,,,,,,,,,,,,,
2026-07-05T20:03:00.847489+00:00,2026-07-05T20:03:00.847393,1,2,167.0,0.2,166.9,138,,,,,,,,,,,,,,,,,,,167.1,8,167.4,150,,,,,,,,,,,,,,,,
2026-07-05T20:03:00.901857+00:00,2026-07-05T20:03:00.901799,1,2,167.0,0.2,166.9,238,,,,,,,,,,,,,,,,,,,167.1,8,167.4,150,,,,,,,,,,,,,,,,
2026-07-05T20:03:00.958627+00:00,2026-07-05T20:03:00.955851,1,2,167.0,0.2,166.9,238,,,,,,,,,,,,,,,,,,,167.1,8,167.4,250,,,,,,,,,,,,,,,,
2026-07-05T20:03:02.252842+00:00,2026-07-05T20:03:02.252769,1,1,167.15,0.5,166.9,238,,,,,,,,,,,,,,,,,,,167.4,208,,,,,,,,,,,,,,,,,,
2026-07-05T20:03:02.342991+00:00,2026-07-05T20:03:02.342895,2,2,167.1,0.4,166.9,238,166.7,8,,,,,,,,,,,,,,,,,167.3,8,167.4,208,,,,,,,,,,,,,,,,
2026-07-05T20:03:02.414920+00:00,2026-07-05T20:03:02.415046,2,2,167.1,0.4,166.9,238,166.7,8,,,,,,,,,,,,,,,,,167.3,8,167.4,100,,,,,,,,,,,,,,,,
2026-07-05T20:03:02.420306+00:00,2026-07-05T20:03:02.420214,2,2,167.1,0.4,166.9,100,166.7,8,,,,,,,,,,,,,,,,,167.3,8,167.4,100,,,,,,,,,,,,,,,,
2026-07-05T20:03:02.480826+00:00,2026-07-05T20:03:02.474607,3,2,167.2,0.2,167.1,127,166.9,100,166.7,8,,,,,,,,,,,,,,,167.3,8,167.4,100,,,,,,,,,,,,,,,,
2026-07-05T20:03:02.527025+00:00,2026-07-05T20:03:02.526984,3,3,167.2,0.2,167.1,127,166.9,100,166.7,8,,,,,,,,,,,,,,,167.3,8,167.4,100,167.6,150,,,,,,,,,,,,,,
2026-07-05T20:03:04.010086+00:00,2026-07-05T20:03:04.009941,2,2,167.2,0.2,167.1,127,166.7,8,,,,,,,,,,,,,,,,,167.3,8,167.6,150,,,,,,,,,,,,,,,,
2026-07-05T20:03:04.058548+00:00,2026-07-05T20:03:04.055093,2,2,167.2,0.2,167.1,127,166.7,108,,,,,,,,,,,,,,,,,167.3,8,167.6,150,,,,,,,,,,,,,,,,
2026-07-05T20:03:04.117572+00:00,2026-07-05T20:03:04.117530,2,3,167.15,0.1,167.1,127,166.7,108,,,,,,,,,,,,,,,,,167.2,100,167.3,8,167.6,150,,,,,,,,,,,,,,
2026-07-05T20:03:04.365979+00:00,2026-07-05T20:03:04.365919,2,3,167.15,0.1,167.1,127,166.7,108,,,,,,,,,,,,,,,,,167.2,50,167.3,8,167.6,150,,,,,,,,,,,,,,
