recv_time,book_timestamp,n_bids,n_asks,mid,spread,bid_px_0,bid_vol_0,bid_px_1,bid_vol_1,bid_px_2,bid_vol_2,bid_px_3,bid_vol_3,bid_px_4,bid_vol_4,bid_px_5,bid_vol_5,bid_px_6,bid_vol_6,bid_px_7,bid_vol_7,bid_px_8,bid_vol_8,bid_px_9,bid_vol_9,ask_px_0,ask_vol_0,ask_px_1,ask_vol_1,ask_px_2,ask_vol_2,ask_px_3,ask_vol_3,ask_px_4,ask_vol_4,ask_px_5,ask_vol_5,ask_px_6,ask_vol_6,ask_px_7,ask_vol_7,ask_px_8,ask_vol_8,ask_px_9,ask_vol_9
2026-07-09T06:00:00.447925+00:00,2026-07-09T06:00:00.441542,2,1,119.95,0.5,119.7,58,119.0,100,,,,,,,,,,,,,,,,,120.2,150,,,,,,,,,,,,,,,,,,
2026-07-09T06:00:00.572437+00:00,2026-07-09T06:00:00.565080,1,1,119.6,1.2,119.0,100,,,,,,,,,,,,,,,,,,,120.2,150,,,,,,,,,,,,,,,,,,
2026-07-09T06:00:00.983120+00:00,2026-07-09T06:00:00.982976,1,1,119.6,1.2,119.0,100,,,,,,,,,,,,,,,,,,,120.2,100,,,,,,,,,,,,,,,,,,
2026-07-09T06:00:01.038658+00:00,2026-07-09T06:00:01.038631,1,1,119.6,1.2,119.0,100,,,,,,,,,,,,,,,,,,,120.2,52,,,,,,,,,,,,,,,,,,
2026-07-09T06:00:02.614263+00:00,2026-07-09T06:00:02.614149,1,0,,,119.0,100,,,,,,,,,,,,,,,,,,,,,,,,,,,,,,,,,,,,,,
2026-07-09T06:00:02.670527+00:00,2026-07-09T06:00:02.670405,2,0,,,119.4,150,119.0,100,,,,,,,,,,,,,,,,,,,,,,,,,,,,,,,,,,,,
2026-07-09T06:00:02.723174+00:00,2026-07-09T06:00:02.723047,2,1,119.65,0.5,119.4,150,119.0,100,,,,,,,,,,,,,,,,,119.9,150,,,,,,,,,,,,,,,,,,
2026-07-09T06:00:03.569320+00:00,2026-07-09T06:00:03.569174,1,1,119.65,0.5,119.4,150,,,,,,,,,,,,,,,,,,,119.9,150,,,,,,,,,,,,,,,,,,
2026-07-09T06:00:03.624677+00:00,2026-07-09T06:00:03.624830,1,1,119.65,0.5,119.4,150,,,,,,,,,,,,,,,,,,,119.9,50,,,,,,,,,,,,,,,,,,
2026-07-09T06:00:03.678451+00:00,2026-07-09T06:00:03.678647,1,2,119.65,0.5,119.4,150,,,,,,,,,,,,,,,,,,,119.9,50,120.6,100,,,,,,,,,,,,,,,,
2026-07-09T06:00:04.039483+00:00,2026-07-09T06:00:04.039559,1,2,119.65,0.5,119.4,150,,,,,,,,,,,,,,,,,,,119.9,9,120.6,100,,,,,,,,,,,,,,,,
2026-07-09T06:00:05.541368+00:00,2026-07-09T06:00:05.541261,1,1,120.0,1.2,119.4,150,,,,,,,,,,,,,,,,,,,120.6,100,,,,,,,,,,,,,,,,,,
2026-07-09T06:00:05.783166+00:00,2026-07-09T06:00:05.783033,0,1,,,,,,,,,,,,,,,,,,,,,,,120.6,100,,,,,,,,,,,,,,,,,,
2026-07-09T06:00:05.847013+00:00,2026-07-09T06:00:05.839848,1,1,120.55,0.1,120.5,131,,,,,,,,,,,,,,,,,,,120.6,100,,,,,,,,,,,,,,,,,,
2026-07-09T06:00:05.890477+00:00,2026-07-09T06:00:05.890371,1,2,120.55,0.1,120.5,131,,,,,,,,,,,,,,,,,,,120.6,100,121.0,150,,,,,,,,,,,,,,,,
2026-07-09T06:00:06.452797+00:00,2026-07-09T06:00:06.441625,1,2,120.55,0.1,120.5,120,,,,,,,,,,,,,,,,,,,120.6,100,121.0,150,,,,,,,,,,,,,,,,
2026-07-09T06:00:06.734928+00:00,2026-07-09T06:00:06.734820,1,1,120.75,0.5,120.5,120,,,,,,,,,,,,,,,,,,,121.0,150,,,,,,,,,,,,,,,,,,
2026-07-09T06:00:06.789592+00:00,2026-07-09T06:00:06.789558,2,1,120.75,0.5,120.5,120,119.9,100,,,,,,,,,,,,,,,,,121.0,150,,,,,,,,,,,,,,,,,,
2026-07-09T06:00:06.843482+00:00,2026-07-09T06:00:06.843356,2,1,120.75,0.5,120.5,20,119.9,100,,,,,,,,,,,,,,,,,121.0,150,,,,,,,,,,,,,,,,,,
2026-07-09T06:00:07.038588+00:00,2026-07-09T06:00:07.031195,2,1,120.75,0.5,120.5,8,119.9,100,,,,,,,,,,,,,,,,,121.0,150,,,,,,,,,,,,,,,,,,
2026-07-09T06:00:07.350024+00:00,2026-07-09T06:00:07.349944,1,1,120.45,1.1,119.9,58,,,,,,,,,,,,,,,,,,,121.0,150,,,,,,,,,,,,,,,,,,
2026-07-09T06:00:08.945041+00:00,2026-07-09T06:00:08.945118,1,0,,,119.9,58,,,,,,,,,,,,,,,,,,,,,,,,,,,,,,,,,,,,,,
2026-07-09T06:00:08.993383+00:00,2026-07-09T06:00:08.993305,2,0,,,120.0,150,119.9,58,,,,,,,,,,,,,,,,,,,,,,,,,,,,,,,,,,,,
2026-07-09T06:00:09.050938+00:00,2026-07-09T06:00:09.050838,2,1,120.25,0.5,120.0,150,119.9,58,,,,,,,,,,,,,,,,,120.5,150,,,,,,,,,,,,,,,,,,
2026-07-09T06:00:09.455311+00:00,2026-07-09T06:00:09.455475,2,1,120.25,0.5,120.0,100,119.9,58,,,,,,,,,,,,,,,,,120.5,150,,,,,,,,,,,,,,,,,,
2026-07-09T06:00:09.898815+00:00,2026-07-09T06:00:09.898751,1,1,120.25,0.5,120.0,100,,,,,,,,,,,,,,,,,,,120.5,150,,,,,,,,,,,,,,,,,,
2026-07-09T06:00:09.958610+00:00,2026-07-09T06:00:09.952482,2,1,120.25,0.5,120.0,100,119.8,100,,,,,,,,,,,,,,,,,120.5,150,,,,,,,,,,,,,,,,,,
2026-07-09T06:00:10.006472+00:00,2026-07-09T06:00:10.006388,2,2,120.15,0.3,120.0,100,119.8,100,,,,,,,,,,,,,,,,,120.3,100,120.5,150,,,,,,,,,,,,,,,,
2026-07-09T06:00:11.085420+00:00,2026-07-09T06:00:11.085373,2,2,120.15,0.3,120.0,51,119.8,100,,,,,,,,,,,,,,,,,120.3,100,120.5,150,,,,,,,,,,,,,,,,
2026-07-09T06:00:11.566337+00:00,2026-07-09T06:00:11.566200,2,2,120.15,0.3,120.0,1,119.8,100,,,,,,,,,,,,,,,,,120.3,100,120.5,150,,,,,,,,,,,,,,,,
2026-07-09T06:00:12.104500+00:00,2026-07-09T06:00:12.104346,1,1,120.05,0.5,119.8,100,,,,,,,,,,,,,,,,,,,120.3,100,,,,,,,,,,,,,,,,,,
2026-07-09T06:00:12.135910+00:00,2026-07-09T06:00:12.135769,1,1,120.05,0.5,119.8,100,,,,,,,,,,,,,,,,,,,120.3,54,,,,,,,,,,,,,,,,,,
2026-07-09T06:00:12.162017+00:00,2026-07-09T06:00:12.161826,2,1,120.05,0.5,119.8,100,119.2,150,,,,,,,,,,,,,,,,,120.3,54,,,,,,,,,,,,,,,,,,
2026-07-09T06:00:12.227053+00:00,2026-07-09T06:00:12.217735,1,2,119.45,0.5,119.2,150,,,,,,,,,,,,,,,,,,,119.7,4,120.3,54,,,,,,,,,,,,,,,,
2026-07-09T06:00:12.826867+00:00,2026-07-09T06:00:12.819409,1,2,119.45,0.5,119.2,150,,,,,,,,,,,,,,,,,,,119.7,1,120.3,54,,,,,,,,,,,,,,,,
2026-07-09T06:00:13.058550+00:00,2026-07-09T06:00:13.057384,1,1,119.45,0.5,119.2,150,,,,,,,,,,,,,,,,,,,119.7,1,,,,,,,,,,,,,,,,,,
2026-07-09T06:00:13.117450+00:00,2026-07-09T06:00:13.117287,2,0,,,119.7,99,119.2,150,,,,,,,,,,,,,,,,,,,,,,,,,,,,,,,,,,,,
2026-07-09T06:00:13.167699+00:00,2026-07-09T06:00:13.167619,2,1,119.95,0.5,119.7,99,119.2,150,,,,,,,,,,,,,,,,,120.2,100,,,,,,,,,,,,,,,,,,
2026-07-09T06:00:13.700710+00:00,2026-07-09T06:00:13.700681,2,1,119.95,0.5,119.7,49,119.2,150,,,,,,,,,,,,,,,,,120.2,100,,,,,,,,,,,,,,,,,,
2026-07-09T06:00:14.904678+00:00,2026-07-09T06:00:14.904845,1,1,119.7,1.0,119.2,150,,,,,,,,,,,,,,,,,,,120.2,100,,,,,,,,,,,,,,,,,,
2026-07-09T06:00:15.268978+00:00,2026-07-09T06:00:15.268857,0,1,,,,,,,,,,,,,,,,,,,,,,,120.2,100,,,,,,,,,,,,,,,,,,
2026-07-09T06:00:15.322124+00:00,2026-07-09T06:00:15.322077,1,1,120.05,0.3,119.9,150,,,,,,,,,,,,,,,,,,,120.2,100,,,,,,,,,,,,,,,,,,
2026-07-09T06:00:15.375804+00:00,2026-07-09T06:00:15.375739,1,2,120.05,0.3,119.9,150,,,,,,,,,,,,,,,,,,,120.2,100,120.4,150,,,,,,,,,,,,,,,,
2026-07-09T06:00:15.698230+00:00,2026-07-09T06:00:15.691965,1,2,120.05,0.3,119.9,147,,,,,,,,,,,,,,,,,,,120.2,100,120.4,150,,,,,,,,,,,,,,,,
2026-07-09T06:00:15.810496+00:00,2026-07-09T06:00:15.810772,1,2,120.05,0.3,119.9,97,,,,,,,,,,,,,,,,,,,120.2,100,120.4,150,,,,,,,,,,,,,,,,
2026-07-09T06:00:16.225695+00:00,2026-07-09T06:00:16.225554,1,1,120.15,0.5,119.9,97,,,,,,,,,,,,,,,,,,,120.4,150,,,,,,,,,,,,,,,,,,
2026-07-09T06:00:16.279253+00:00,2026-07-09T06:00:16.279160,2,1,120.15,0.5,119.9,97,119.4,100,,,,,,,,,,,,,,,,,120.4,150,,,,,,,,,,,,,,,,,,
2026-07-09T06:00:16.333787+00:00,2026-07-09T06:00:16.333726,1,2,119.65,0.5,119.4,100,,,,,,,,,,,,,,,,,,,119.9,3,120.4,150,,,,,,,,,,,,,,,,
2026-07-09T06:00:17.918746+00:00,2026-07-09T06:00:17.918630,1,2,119.65,0.5,119.4,50,,,,,,,,,,,,,,,,,,,119.9,3,120.4,150,,,,,,,,,,,,,,,,
2026-07-09T06:00:18.429856+00:00,2026-07-09T06:00:18.429830,1,1,119.65,0.5,119.4,50,,,,,,,,,,,,,,,,,,,119.9,3,,,,,,,,,,,,,,,,,,
2026-07-09T06:00:18.482676+00:00,2026-07-09T06:00:18.482561,2,1,119.65,0.5,119.4,50,119.2,150,,,,,,,,,,,,,,,,,119.9,3,,,,,,,,,,,,,,,,,,
2026-07-09T06:00:18.558711+00:00,2026-07-09T06:00:18.556600,2,2,119.55,0.3,119.4,50,119.2,150,,,,,,,,,,,,,,,,,119.7,150,119.9,3,,,,,,,,,,,,,,,,
2026-07-09T06:00:18.569080+00:00,2026-07-09T06:00:18.568968,2,2,119.55,0.3,119.4,50,119.2,150,,,,,,,,,,,,,,,,,119.7,107,119.9,3,,,,,,,,,,,,,,,,
2026-07-09T06:00:18.871408+00:00,2026-07-09T06:00:18.862889,2,2,119.55,0.3,119.4,50,119.2,150,,,,,,,,,,,,,,,,,119.7,104,119.9,3,,,,,,,,,,,,,,,,
2026-07-09T06:00:19.058569+00:00,2026-07-09T06:00:19.054578,2,2,119.55,0.3,119.4,50,119.2,150,,,,,,,,,,,,,,,,,119.7,56,119.9,3,,,,,,,,,,,,,,,,
2026-07-09T06:00:19.393177+00:00,2026-07-09T06:00:19.393087,1,1,119.45,0.5,119.2,150,,,,,,,,,,,,,,,,,,,119.7,56,,,,,,,,,,,,,,,,,,
2026-07-09T06:00:19.445341+00:00,2026-07-09T06:00:19.445269,2,1,119.6,0.2,119.5,100,119.2,150,,,,,,,,,,,,,,,,,119.7,56,,,,,,,,,,,,,,,,,,
2026-07-09T06:00:19.504283+00:00,2026-07-09T06:00:19.504221,2,2,119.6,0.2,119.5,100,119.2,150,,,,,,,,,,,,,,,,,119.7,56,120.0,100,,,,,,,,,,,,,,,,
2026-07-09T06:00:20.033450+00:00,2026-07-09T06:00:20.033546,2,2,119.6,0.2,119.5,50,119.2,150,,,,,,,,,,,,,,,,,119.7,56,120.0,100,,,,,,,,,,,,,,,,
2026-07-09T06:00:21.229666+00:00,2026-07-09T06:00:21.229624,2,2,119.6,0.2,119.5,4,119.2,150,,,,,,,,,,,,,,,,,119.7,56,120.0,100,,,,,,,,,,,,,,,,
2026-07-09T06:00:21.619533+00:00,2026-07-09T06:00:21.619445,1,1,119.75,0.5,119.5,4,,,,,,,,,,,,,,,,,,,120.0,100,,,,,,,,,,,,,,,,,,
2026-07-09T06:00:21.671646+00:00,2026-07-09T06:00:21.671622,2,1,119.8,0.4,119.6,150,119.5,4,,,,,,,,,,,,,,,,,120.0,100,,,,,,,,,,,,,,,,,,
2026-07-09T06:00:21.725198+00:00,2026-07-09T06:00:21.725117,2,2,119.8,0.4,119.6,150,119.5,4,,,,,,,,,,,,,,,,,120.0,100,120.1,150,,,,,,,,,,,,,,,,
2026-07-09T06:00:21.766492+00:00,2026-07-09T06:00:21.766661,2,2,119.8,0.4,119.6,150,119.5,4,,,,,,,,,,,,,,,,,120.0,51,120.1,150,,,,,,,,,,,,,,,,
2026-07-09T06:00:22.144377+00:00,2026-07-09T06:00:22.144254,2,2,119.8,0.4,119.6,100,119.5,4,,,,,,,,,,,,,,,,,120.0,51,120.1,150,,,,,,,,,,,,,,,,
2026-07-09T06:00:22.413945+00:00,2026-07-09T06:00:22.413866,2,2,119.8,0.4,119.6,60,119.5,4,,,,,,,,,,,,,,,,,120.0,51,120.1,150,,,,,,,,,,,,,,,,
2026-07-09T06:00:22.558661+00:00,2026-07-09T06:00:22.554141,1,1,119.85,0.5,119.6,60,,,,,,,,,,,,,,,,,,,120.1,150,,,,,,,,,,,,,,,,,,
2026-07-09T06:00:22.610905+00:00,2026-07-09T06:00:22.610869,1,1,119.85,0.5,119.6,160,,,,,,,,,,,,,,,,,,,120.1,150,,,,,,,,,,,,,,,,,,
2026-07-09T06:00:22.658576+00:00,2026-07-09T06:00:22.656891,1,1,119.85,0.5,119.6,160,,,,,,,,,,,,,,,,,,,120.1,250,,,,,,,,,,,,,,,,,,
2026-07-09T06:00:24.252466+00:00,2026-07-09T06:00:24.252373,1,1,119.85,0.5,119.6,110,,,,,,,,,,,,,,,,,,,120.1,250,,,,,,,,,,,,,,,,,,
2026-07-09T06:00:24.781249+00:00,2026-07-09T06:00:24.781358,1,1,119.85,0.5,119.6,100,,,,,,,,,,,,,,,,,,,120.1,100,,,,,,,,,,,,,,,,,,
2026-07-09T06:00:24.834879+00:00,2026-07-09T06:00:24.834765,2,1,119.85,0.5,119.6,100,119.0,150,,,,,,,,,,,,,,,,,120.1,100,,,,,,,,,,,,,,,,,,
2026-07-09T06:00:24.890716+00:00,2026-07-09T06:00:24.890581,1,2,119.25,0.5,119.0,150,,,,,,,,,,,,,,,,,,,119.5,50,120.1,100,,,,,,,,,,,,,,,,
2026-07-09T06:00:24.958565+00:00,2026-07-09T06:00:24.957098,1,2,119.25,0.5,119.0,150,,,,,,,,,,,,,,,,,,,119.5,30,120.1,100,,,,,,,,,,,,,,,,
2026-07-09T06:00:24.987092+00:00,2026-07-09T06:00:24.986995,1,2,119.25,0.5,119.0,150,,,,,,,,,,,,,,,,,,,119.5,10,120.1,100,,,,,,,,,,,,,,,,
2026-07-09T06:00:25.013233+00:00,2026-07-09T06:00:25.013119,1,1,119.55,1.1,119.0,150,,,,,,,,,,,,,,,,,,,120.1,100,,,,,,,,,,,,,,,,,,
2026-07-09T06:00:25.721638+00:00,2026-07-09T06:00:25.721549,1,0,,,119.0,150,,,,,,,,,,,,,,,,,,,,,,,,,,,,,,,,,,,,,,
2026-07-09T06:00:25.778592+00:00,2026-07-09T06:00:25.778482,2,0,,,119.1,100,119.0,150,,,,,,,,,,,,,,,,,,,,,,,,,,,,,,,,,,,,
2026-07-09T06:00:25.830895+00:00,2026-07-09T06:00:25.830783,2,1,119.35,0.5,119.1,100,119.0,150,,,,,,,,,,,,,,,,,119.6,100,,,,,,,,,,,,,,,,,,
2026-07-09T06:00:25.883171+00:00,2026-07-09T06:00:25.883295,2,1,119.35,0.5,119.1,100,119.0,150,,,,,,,,,,,,,,,,,119.6,80,,,,,,,,,,,,,,,,,,
2026-07-09T06:00:25.907074+00:00,2026-07-09T06:00:25.907177,2,1,119.35,0.5,119.1,100,119.0,150,,,,,,,,,,,,,,,,,119.6,60,,,,,,,,,,,,,,,,,,
2026-07-09T06:00:25.939127+00:00,2026-07-09T06:00:25.939292,2,1,119.35,0.5,119.1,100,119.0,150,,,,,,,,,,,,,,,,,119.6,40,,,,,,,,,,,,,,,,,,
2026-07-09T06:00:25.988172+00:00,2026-07-09T06:00:25.988309,2,1,119.35,0.5,119.1,100,119.0,150,,,,,,,,,,,,,,,,,119.6,20,,,,,,,,,,,,,,,,,,
2026-07-09T06:00:26.010747+00:00,2026-07-09T06:00:26.010855,2,0,,,119.1,100,119.0,150,,,,,,,,,,,,,,,,,,,,,,,,,,,,,,,,,,,,
2026-07-09T06:00:27.940880+00:00,2026-07-09T06:00:27.940787,1,0,,,119.1,100,,,,,,,,,,,,,,,,,,,,,,,,,,,,,,,,,,,,,,
2026-07-09T06:00:28.029867+00:00,2026-07-09T06:00:27.995313,2,0,,,119.6,150,119.1,100,,,,,,,,,,,,,,,,,,,,,,,,,,,,,,,,,,,,
2026-07-09T06:00:28.056022+00:00,2026-07-09T06:00:28.055927,2,1,119.85,0.5,119.6,150,119.1,100,,,,,,,,,,,,,,,,,120.1,150,,,,,,,,,,,,,,,,,,
2026-07-09T06:00:28.417438+00:00,2026-07-09T06:00:28.417336,2,1,119.85,0.5,119.6,150,119.1,100,,,,,,,,,,,,,,,,,120.1,100,,,,,,,,,,,,,,,,,,
2026-07-09T06:00:28.888769+00:00,2026-07-09T06:00:28.888714,1,1,119.85,0.5,119.6,150,,,,,,,,,,,,,,,,,,,120.1,100,,,,,,,,,,,,,,,,,,
2026-07-09T06:00:28.939258+00:00,2026-07-09T06:00:28.939212,2,1,119.85,0.5,119.6,150,119.2,100,,,,,,,,,,,,,,,,,120.1,100,,,,,,,,,,,,,,,,,,
2026-07-09T06:00:28.994941+00:00,2026-07-09T06:00:28.994871,2,2,119.65,0.1,119.6,150,119.2,100,,,,,,,,,,,,,,,,,119.7,100,120.1,100,,,,,,,,,,,,,,,,
2026-07-09T06:00:30.570780+00:00,2026-07-09T06:00:30.570658,2,2,119.65,0.1,119.6,100,119.2,100,,,,,,,,,,,,,,,,,119.7,100,120.1,100,,,,,,,,,,,,,,,,
2026-07-09T06:00:31.108633+00:00,2026-07-09T06:00:31.108603,1,1,119.45,0.5,119.2,100,,,,,,,,,,,,,,,,,,,119.7,100,,,,,,,,,,,,,,,,,,
2026-07-09T06:00:31.164245+00:00,2026-07-09T06:00:31.164175,1,1,119.45,0.5,119.2,250,,,,,,,,,,,,,,,,,,,119.7,100,,,,,,,,,,,,,,,,,,
2026-07-09T06:00:31.214777+00:00,2026-07-09T06:00:31.210752,1,1,119.45,0.5,119.2,250,,,,,,,,,,,,,,,,,,,119.7,250,,,,,,,,,,,,,,,,,,
2026-07-09T06:00:32.050519+00:00,2026-07-09T06:00:32.050440,1,1,119.45,0.5,119.2,150,,,,,,,,,,,,,,,,,,,119.7,150,,,,,,,,,,,,,,,,,,
2026-07-09T06:00:32.101901+00:00,2026-07-09T06:00:32.101828,2,1,119.45,0.5,119.2,150,119.1,100,,,,,,,,,,,,,,,,,119.7,150,,,,,,,,,,,,,,,,,,
2026-07-09T06:00:32.158657+00:00,2026-07-09T06:00:32.156221,2,2,119.4,0.4,119.2,150,119.1,100,,,,,,,,,,,,,,,,,119.6,100,119.7,150,,,,,,,,,,,,,,,,
2026-07-09T06:00:32.242849+00:00,2026-07-09T06:00:32.242791,2,2,119.4,0.4,119.2,105,119.1,100,,,,,,,,,,,,,,,,,119.6,100,119.7,150,,,,,,,,,,,,,,,,
2026-07-09T06:00:32.630023+00:00,2026-07-09T06:00:32.630199,2,2,119.4,0.4,119.2,105,119.1,100,,,,,,,,,,,,,,,,,119.6,50,119.7,150,,,,,,,,,,,,,,,,
2026-07-09T06:00:33.263750+00:00,2026-07-09T06:00:33.263881,2,2,119.4,0.4,119.2,105,119.1,100,,,,,,,,,,,,,,,,,119.6,4,119.7,150,,,,,,,,,,,,,,,,
2026-07-09T06:00:34.300152+00:00,2026-07-09T06:00:34.300259,1,1,119.35,0.5,119.1,100,,,,,,,,,,,,,,,,,,,119.6,4,,,,,,,,,,,,,,,,,,
2026-07-09T06:00:34.358566+00:00,2026-07-09T06:00:34.356593,2,1,119.5,0.2,119.4,150,119.1,100,,,,,,,,,,,,,,,,,119.6,4,,,,,,,,,,,,,,,,,,
2026-07-09T06:00:34.411034+00:00,2026-07-09T06:00:34.410965,2,2,119.5,0.2,119.4,150,119.1,100,,,,,,,,,,,,,,,,,119.6,4,119.9,150,,,,,,,,,,,,,,,,
2026-07-09T06:00:34.739210+00:00,2026-07-09T06:00:34.739144,2,1,119.65,0.5,119.4,150,119.1,100,,,,,,,,,,,,,,,,,119.9,104,,,,,,,,,,,,,,,,,,
2026-07-09T06:00:34.958610+00:00,2026-07-09T06:00:34.955465,2,1,119.65,0.5,119.4,103,119.1,100,,,,,,,,,,,,,,,,,119.9,104,,,,,,,,,,,,,,,,,,
2026-07-09T06:00:35.213299+00:00,2026-07-09T06:00:35.213199,1,1,119.65,0.5,119.4,103,,,,,,,,,,,,,,,,,,,119.9,104,,,,,,,,,,,,,,,,,,
2026-07-09T06:00:35.255251+00:00,2026-07-09T06:00:35.257033,2,1,119.65,0.5,119.4,103,119.2,100,,,,,,,,,,,,,,,,,119.9,104,,,,,,,,,,,,,,,,,,
2026-07-09T06:00:35.322583+00:00,2026-07-09T06:00:35.322673,2,2,119.55,0.3,119.4,103,119.2,100,,,,,,,,,,,,,,,,,119.7,100,119.9,104,,,,,,,,,,,,,,,,
2026-07-09T06:00:36.744339+00:00,2026-07-09T06:00:36.744258,2,2,119.55,0.3,119.4,103,119.2,100,,,,,,,,,,,,,,,,,119.7,57,119.9,104,,,,,,,,,,,,,,,,
2026-07-09T06:00:37.244997+00:00,2026-07-09T06:00:37.244905,2,2,119.55,0.3,119.4,103,119.2,100,,,,,,,,,,,,,,,,,119.7,17,119.9,104,,,,,,,,,,,,,,,,
2026-07-09T06:00:37.330208+00:00,2026-07-09T06:00:37.330129,2,2,119.55,0.3,119.4,59,119.2,100,,,,,,,,,,,,,,,,,119.7,17,119.9,104,,,,,,,,,,,,,,,,
2026-07-09T06:00:37.468984+00:00,2026-07-09T06:00:37.468929,1,1,119.45,0.5,119.2,100,,,,,,,,,,,,,,,,,,,119.7,17,,,,,,,,,,,,,,,,,,
2026-07-09T06:00:37.534858+00:00,2026-07-09T06:00:37.535021,2,1,119.45,0.5,119.2,100,119.0,150,,,,,,,,,,,,,,,,,119.7,17,,,,,,,,,,,,,,,,,,
2026-07-09T06:00:37.591230+00:00,2026-07-09T06:00:37.591041,2,2,119.35,0.3,119.2,100,119.0,150,,,,,,,,,,,,,,,,,119.5,150,119.7,17,,,,,,,,,,,,,,,,
2026-07-09T06:00:38.372480+00:00,2026-07-09T06:00:38.372418,2,1,119.35,0.3,119.2,100,119.0,150,,,,,,,,,,,,,,,,,119.5,150,,,,,,,,,,,,,,,,,,
2026-07-09T06:00:38.377721+00:00,2026-07-09T06:00:38.377614,1,1,119.25,0.5,119.0,150,,,,,,,,,,,,,,,,,,,119.5,150,,,,,,,,,,,,,,,,,,
2026-07-09T06:00:38.432130+00:00,2026-07-09T06:00:38.432016,1,1,119.25,0.5,119.0,150,,,,,,,,,,,,,,,,,,,119.5,50,,,,,,,,,,,,,,,,,,
2026-07-09T06:00:38.486161+00:00,2026-07-09T06:00:38.486133,1,2,119.25,0.5,119.0,150,,,,,,,,,,,,,,,,,,,119.5,50,120.1,100,,,,,,,,,,,,,,,,
2026-07-09T06:00:39.001473+00:00,2026-07-09T06:00:39.001432,1,2,119.25,0.5,119.0,100,,,,,,,,,,,,,,,,,,,119.5,50,120.1,100,,,,,,,,,,,,,,,,
2026-07-09T06:00:39.896183+00:00,2026-07-09T06:00:39.896104,1,2,119.25,0.5,119.0,100,,,,,,,,,,,,,,,,,,,119.5,6,120.1,100,,,,,,,,,,,,,,,,
2026-07-09T06:00:40.455649+00:00,2026-07-09T06:00:40.455764,1,1,119.55,1.1,119.0,100,,,,,,,,,,,,,,,,,,,120.1,100,,,,,,,,,,,,,,,,,,
2026-07-09T06:00:40.648505+00:00,2026-07-09T06:00:40.658687,0,1,,,,,,,,,,,,,,,,,,,,,,,120.1,100,,,,,,,,,,,,,,,,,,
2026-07-09T06:00:40.702029+00:00,2026-07-09T06:00:40.702006,1,1,119.75,0.7,119.4,150,,,,,,,,,,,,,,,,,,,120.1,100,,,,,,,,,,,,,,,,,,
2026-07-09T06:00:40.755811+00:00,2026-07-09T06:00:40.755687,1,2,119.65,0.5,119.4,150,,,,,,,,,,,,,,,,,,,119.9,150,120.1,100,,,,,,,,,,,,,,,,
2026-07-09T06:00:41.035003+00:00,2026-07-09T06:00:41.034897,1,2,119.65,0.5,119.4,110,,,,,,,,,,,,,,,,,,,119.9,150,120.1,100,,,,,,,,,,,,,,,,
2026-07-09T06:00:41.110607+00:00,2026-07-09T06:00:41.110479,1,2,119.65,0.5,119.4,60,,,,,,,,,,,,,,,,,,,119.9,150,120.1,100,,,,,,,,,,,,,,,,
2026-07-09T06:00:41.543029+00:00,2026-07-09T06:00:41.542987,1,1,119.65,0.5,119.4,60,,,,,,,,,,,,,,,,,,,119.9,150,,,,,,,,,,,,,,,,,,
2026-07-09T06:00:41.594070+00:00,2026-07-09T06:00:41.594246,1,1,119.65,0.5,119.4,160,,,,,,,,,,,,,,,,,,,119.9,150,,,,,,,,,,,,,,,,,,
2026-07-09T06:00:41.649636+00:00,2026-07-09T06:00:41.649570,1,1,119.65,0.5,119.4,160,,,,,,,,,,,,,,,,,,,119.9,250,,,,,,,,,,,,,,,,,,
2026-07-09T06:00:42.122473+00:00,2026-07-09T06:00:42.122408,1,1,119.65,0.5,119.4,160,,,,,,,,,,,,,,,,,,,119.9,207,,,,,,,,,,,,,,,,,,
2026-07-09T06:00:43.864425+00:00,2026-07-09T06:00:43.864239,2,1,119.65,0.5,119.4,100,119.2,150,,,,,,,,,,,,,,,,,119.9,100,,,,,,,,,,,,,,,,,,
2026-07-09T06:00:43.963653+00:00,2026-07-09T06:00:43.963855,2,2,119.55,0.3,119.4,100,119.2,150,,,,,,,,,,,,,,,,,119.7,150,119.9,100,,,,,,,,,,,,,,,,
2026-07-09T06:00:44.703896+00:00,2026-07-09T06:00:44.704021,1,1,119.45,0.5,119.2,150,,,,,,,,,,,,,,,,,,,119.7,150,,,,,,,,,,,,,,,,,,
2026-07-09T06:00:44.758604+00:00,2026-07-09T06:00:44.753991,2,1,119.5,0.4,119.3,100,119.2,150,,,,,,,,,,,,,,,,,119.7,150,,,,,,,,,,,,,,,,,,
2026-07-09T06:00:44.813657+00:00,2026-07-09T06:00:44.813584,2,2,119.5,0.4,119.3,100,119.2,150,,,,,,,,,,,,,,,,,119.7,150,119.8,100,,,,,,,,,,,,,,,,
2026-07-09T06:00:46.975707+00:00,2026-07-09T06:00:46.975609,1,1,119.55,0.5,119.3,100,,,,,,,,,,,,,,,,,,,119.8,100,,,,,,,,,,,,,,,,,,
2026-07-09T06:00:47.045280+00:00,2026-07-09T06:00:47.045073,2,1,119.55,0.5,119.3,100,119.1,150,,,,,,,,,,,,,,,,,119.8,100,,,,,,,,,,,,,,,,,,
2026-07-09T06:00:47.096526+00:00,2026-07-09T06:00:47.096356,2,2,119.45,0.3,119.3,100,119.1,150,,,,,,,,,,,,,,,,,119.6,150,119.8,100,,,,,,,,,,,,,,,,
2026-07-09T06:00:47.375947+00:00,2026-07-09T06:00:47.375841,2,2,119.45,0.3,119.3,100,119.1,150,,,,,,,,,,,,,,,,,119.6,100,119.8,100,,,,,,,,,,,,,,,,
2026-07-09T06:00:47.870854+00:00,2026-07-09T06:00:47.870784,1,1,119.35,0.5,119.1,150,,,,,,,,,,,,,,,,,,,119.6,100,,,,,,,,,,,,,,,,,,
2026-07-09T06:00:47.927421+00:00,2026-07-09T06:00:47.927535,2,1,119.45,0.3,119.3,100,119.1,150,,,,,,,,,,,,,,,,,119.6,100,,,,,,,,,,,,,,,,,,
2026-07-09T06:00:47.995999+00:00,2026-07-09T06:00:47.995951,2,2,119.45,0.3,119.3,100,119.1,150,,,,,,,,,,,,,,,,,119.6,100,119.8,100,,,,,,,,,,,,,,,,
2026-07-09T06:00:48.406719+00:00,2026-07-09T06:00:48.406696,2,2,119.45,0.3,119.3,57,119.1,150,,,,,,,,,,,,,,,,,119.6,100,119.8,100,,,,,,,,,,,,,,,,
2026-07-09T06:00:49.483247+00:00,2026-07-09T06:00:49.483176,2,2,119.45,0.3,119.3,57,119.1,150,,,,,,,,,,,,,,,,,119.6,50,119.8,100,,,,,,,,,,,,,,,,
2026-07-09T06:00:50.152049+00:00,2026-07-09T06:00:50.151936,1,1,119.55,0.5,119.3,57,,,,,,,,,,,,,,,,,,,119.8,100,,,,,,,,,,,,,,,,,,
2026-07-09T06:00:50.217700+00:00,2026-07-09T06:00:50.211160,2,1,119.7,0.2,119.6,147,119.3,57,,,,,,,,,,,,,,,,,119.8,100,,,,,,,,,,,,,,,,,,
2026-07-09T06:00:50.259774+00:00,2026-07-09T06:00:50.259689,2,2,119.7,0.2,119.6,147,119.3,57,,,,,,,,,,,,,,,,,119.8,100,120.1,150,,,,,,,,,,,,,,,,
2026-07-09T06:00:50.396188+00:00,2026-07-09T06:00:50.396166,2,2,119.7,0.2,119.6,127,119.3,57,,,,,,,,,,,,,,,,,119.8,100,120.1,150,,,,,,,,,,,,,,,,
2026-07-09T06:00:50.572303+00:00,2026-07-09T06:00:50.572264,2,2,119.7,0.2,119.6,127,119.3,57,,,,,,,,,,,,,,,,,119.8,53,120.1,150,,,,,,,,,,,,,,,,
2026-07-09T06:00:50.658742+00:00,2026-07-09T06:00:50.651743,2,2,119.7,0.2,119.6,85,119.3,57,,,,,,,,,,,,,,,,,119.8,53,120.1,150,,,,,,,,,,,,,,,,
2026-07-09T06:00:51.049818+00:00,2026-07-09T06:00:51.049776,1,1,119.85,0.5,119.6,85,,,,,,,,,,,,,,,,,,,120.1,150,,,,,,,,,,,,,,,,,,
2026-07-09T06:00:51.106882+00:00,2026-07-09T06:00:51.099376,2,1,119.85,0.5,119.6,74,119.4,100,,,,,,,,,,,,,,,,,120.1,150,,,,,,,,,,,,,,,,,,
2026-07-09T06:00:51.122461+00:00,2026-07-09T06:00:51.122391,2,1,119.85,0.5,119.6,54,119.4,100,,,,,,,,,,,,,,,,,120.1,150,,,,,,,,,,,,,,,,,,
2026-07-09T06:00:51.159817+00:00,2026-07-09T06:00:51.159730,2,2,119.75,0.3,119.6,54,119.4,100,,,,,,,,,,,,,,,,,119.9,100,120.1,150,,,,,,,,,,,,,,,,
2026-07-09T06:00:51.165075+00:00,2026-07-09T06:00:51.164950,2,2,119.75,0.3,119.6,34,119.4,100,,,,,,,,,,,,,,,,,119.9,100,120.1,150,,,,,,,,,,,,,,,,
2026-07-09T06:00:51.200061+00:00,2026-07-09T06:00:51.199982,2,2,119.75,0.3,119.6,14,119.4,100,,,,,,,,,,,,,,,,,119.9,100,120.1,150,,,,,,,,,,,,,,,,
2026-07-09T06:00:51.224297+00:00,2026-07-09T06:00:51.224205,1,2,119.65,0.5,119.4,100,,,,,,,,,,,,,,,,,,,119.9,100,120.1,150,,,,,,,,,,,,,,,,
2026-07-09T06:00:51.285211+00:00,2026-07-09T06:00:51.285072,1,2,119.65,0.5,119.4,94,,,,,,,,,,,,,,,,,,,119.9,100,120.1,150,,,,,,,,,,,,,,,,
2026-07-09T06:00:51.305405+00:00,2026-07-09T06:00:51.305359,1,2,119.65,0.5,119.4,54,,,,,,,,,,,,,,,,,,,119.9,100,120.1,150,,,,,,,,,,,,,,,,
2026-07-09T06:00:51.591167+00:00,2026-07-09T06:00:51.591043,1,2,119.65,0.5,119.4,54,,,,,,,,,,,,,,,,,,,119.9,50,120.1,150,,,,,,,,,,,,,,,,
2026-07-09T06:00:51.943077+00:00,2026-07-09T06:00:51.942949,1,2,119.65,0.5,119.4,54,,,,,,,,,,,,,,,,,,,119.9,1,120.1,150,,,,,,,,,,,,,,,,
2026-07-09T06:00:53.311329+00:00,2026-07-09T06:00:53.311453,1,1,119.65,0.5,119.4,54,,,,,,,,,,,,,,,,,,,119.9,1,,,,,,,,,,,,,,,,,,
2026-07-09T06:00:53.358125+00:00,2026-07-09T06:00:53.358298,2,1,119.65,0.5,119.4,54,118.8,150,,,,,,,,,,,,,,,,,119.9,1,,,,,,,,,,,,,,,,,,
2026-07-09T06:00:53.434089+00:00,2026-07-09T06:00:53.426464,1,2,119.05,0.5,118.8,150,,,,,,,,,,,,,,,,,,,119.3,85,119.9,1,,,,,,,,,,,,,,,,
2026-07-09T06:00:53.706027+00:00,2026-07-09T06:00:53.705878,1,2,119.05,0.5,118.8,150,,,,,,,,,,,,,,,,,,,119.3,35,119.9,1,,,,,,,,,,,,,,,,
2026-07-09T06:00:53.823128+00:00,2026-07-09T06:00:53.823255,1,1,119.35,1.1,118.8,150,,,,,,,,,,,,,,,,,,,119.9,1,,,,,,,,,,,,,,,,,,
2026-07-09T06:00:54.216022+00:00,2026-07-09T06:00:54.215904,1,0,,,118.8,150,,,,,,,,,,,,,,,,,,,,,,,,,,,,,,,,,,,,,,
2026-07-09T06:00:54.303030+00:00,2026-07-09T06:00:54.302915,2,0,,,119.1,100,118.8,150,,,,,,,,,,,,,,,,,,,,,,,,,,,,,,,,,,,,
2026-07-09T06:00:54.355764+00:00,2026-07-09T06:00:54.355854,2,1,119.35,0.5,119.1,100,118.8,150,,,,,,,,,,,,,,,,,119.6,100,,,,,,,,,,,,,,,,,,
2026-07-09T06:00:55.285148+00:00,2026-07-09T06:00:55.285412,2,1,119.35,0.5,119.1,58,118.8,150,,,,,,,,,,,,,,,,,119.6,100,,,,,,,,,,,,,,,,,,
2026-07-09T06:00:55.811661+00:00,2026-07-09T06:00:55.811604,2,1,119.35,0.5,119.1,58,118.8,150,,,,,,,,,,,,,,,,,119.6,50,,,,,,,,,,,,,,,,,,
2026-07-09T06:00:56.478310+00:00,2026-07-09T06:00:56.478152,1,1,119.35,0.5,119.1,58,,,,,,,,,,,,,,,,,,,119.6,50,,,,,,,,,,,,,,,,,,
2026-07-09T06:00:56.532074+00:00,2026-07-09T06:00:56.531941,2,1,119.45,0.3,119.3,150,119.1,58,,,,,,,,,,,,,,,,,119.6,50,,,,,,,,,,,,,,,,,,
2026-07-09T06:00:56.585808+00:00,2026-07-09T06:00:56.585710,2,2,119.45,0.3,119.3,150,119.1,58,,,,,,,,,,,,,,,,,119.6,50,119.8,150,,,,,,,,,,,,,,,,
2026-07-09T06:00:57.416509+00:00,2026-07-09T06:00:57.416447,1,1,119.55,0.5,119.3,150,,,,,,,,,,,,,,,,,,,119.8,150,,,,,,,,,,,,,,,,,,
2026-07-09T06:00:57.469069+00:00,2026-07-09T06:00:57.468950,2,1,119.55,0.5,119.3,150,119.1,100,,,,,,,,,,,,,,,,,119.8,150,,,,,,,,,,,,,,,,,,
2026-07-09T06:00:57.521140+00:00,2026-07-09T06:00:57.521085,2,2,119.45,0.3,119.3,150,119.1,100,,,,,,,,,,,,,,,,,119.6,100,119.8,150,,,,,,,,,,,,,,,,
2026-07-09T06:00:57.679659+00:00,2026-07-09T06:00:57.679628,2,2,119.45,0.3,119.3,130,119.1,100,,,,,,,,,,,,,,,,,119.6,100,119.8,150,,,,,,,,,,,,,,,,
2026-07-09T06:00:57.708005+00:00,2026-07-09T06:00:57.707891,2,2,119.45,0.3,119.3,110,119.1,100,,,,,,,,,,,,,,,,,119.6,100,119.8,150,,,,,,,,,,,,,,,,
2026-07-09T06:00:57.734036+00:00,2026-07-09T06:00:57.733915,2,2,119.45,0.3,119.3,100,119.1,100,,,,,,,,,,,,,,,,,119.6,100,119.8,150,,,,,,,,,,,,,,,,
2026-07-09T06:00:58.276165+00:00,2026-07-09T06:00:58.276091,2,2,119.45,0.3,119.3,60,119.1,100,,,,,,,,,,,,,,,,,119.6,100,119.8,150,,,,,,,,,,,,,,,,
2026-07-09T06:00:58.968836+00:00,2026-07-09T06:00:58.962829,2,2,119.45,0.3,119.3,49,119.1,100,,,,,,,,,,,,,,,,,119.6,100,119.8,150,,,,,,,,,,,,,,,,
2026-07-09T06:00:59.635930+00:00,2026-07-09T06:00:59.635888,2,1,119.45,0.3,119.3,49,119.1,100,,,,,,,,,,,,,,,,,119.6,100,,,,,,,,,,,,,,,,,,
2026-07-09T06:00:59.641164+00:00,2026-07-09T06:00:59.641081,1,1,119.35,0.5,119.1,100,,,,,,,,,,,,,,,,,,,119.6,100,,,,,,,,,,,,,,,,,,
2026-07-09T06:00:59.695400+00:00,2026-07-09T06:00:59.695500,2,1,119.35,0.5,119.1,100,118.8,150,,,,,,,,,,,,,,,,,119.6,100,,,,,,,,,,,,,,,,,,
2026-07-09T06:00:59.764157+00:00,2026-07-09T06:00:59.763962,2,2,119.2,0.2,119.1,100,118.8,150,,,,,,,,,,,,,,,,,119.3,150,119.6,100,,,,,,,,,,,,,,,,
2026-07-09T06:01:00.087157+00:00,2026-07-09T06:01:00.087022,2,2,119.2,0.2,119.1,50,118.8,150,,,,,,,,,,,,,,,,,119.3,150,119.6,100,,,,,,,,,,,,,,,,
2026-07-09T06:01:00.576555+00:00,2026-07-09T06:01:00.576488,1,1,119.05,0.5,118.8,150,,,,,,,,,,,,,,,,,,,119.3,150,,,,,,,,,,,,,,,,,,
2026-07-09T06:01:00.632380+00:00,2026-07-09T06:01:00.632302,1,1,119.05,0.5,118.8,250,,,,,,,,,,,,,,,,,,,119.3,150,,,,,,,,,,,,,,,,,,
2026-07-09T06:01:00.685475+00:00,2026-07-09T06:01:00.685368,1,1,119.05,0.5,118.8,250,,,,,,,,,,,,,,,,,,,119.3,250,,,,,,,,,,,,,,,,,,
2026-07-09T06:01:02.174609+00:00,2026-07-09T06:01:02.174463,1,1,119.05,0.5,118.8,250,,,,,,,,,,,,,,,,,,,119.3,200,,,,,,,,,,,,,,,,,,
2026-07-09T06:01:02.818751+00:00,2026-07-09T06:01:02.818624,1,1,119.05,0.5,118.8,100,,,,,,,,,,,,,,,,,,,119.3,100,,,,,,,,,,,,,,,,,,
2026-07-09T06:01:02.875013+00:00,2026-07-09T06:01:02.874941,2,1,119.15,0.3,119.0,150,118.8,100,,,,,,,,,,,,,,,,,119.3,100,,,,,,,,,,,,,,,,,,
2026-07-09T06:01:02.929967+00:00,2026-07-09T06:01:02.929903,2,2,119.15,0.3,119.0,150,118.8,100,,,,,,,,,,,,,,,,,119.3,100,119.5,150,,,,,,,,,,,,,,,,
2026-07-09T06:01:03.744739+00:00,2026-07-09T06:01:03.744621,1,1,119.25,0.5,119.0,150,,,,,,,,,,,,,,,,,,,119.5,150,,,,,,,,,,,,,,,,,,
2026-07-09T06:01:03.801952+00:00,2026-07-09T06:01:03.801827,1,1,119.25,0.5,119.0,250,,,,,,,,,,,,,,,,,,,119.5,150,,,,,,,,,,,,,,,,,,
2026-07-09T06:01:03.858582+00:00,2026-07-09T06:01:03.856436,1,1,119.25,0.5,119.0,250,,,,,,,,,,,,,,,,,,,119.5,250,,,,,,,,,,,,,,,,,,
2026-07-09T06:01:04.345554+00:00,2026-07-09T06:01:04.345453,1,1,119.25,0.5,119.0,200,,,,,,,,,,,,,,,,,,,119.5,250,,,,,,,,,,,,,,,,,,
2026-07-09T06:01:05.987050+00:00,2026-07-09T06:01:05.986955,1,1,119.25,0.5,119.0,100,,,,,,,,,,,,,,,,,,,119.5,100,,,,,,,,,,,,,,,,,,
2026-07-09T06:01:06.038218+00:00,2026-07-09T06:01:06.038128,2,1,119.25,0.5,119.0,100,118.9,150,,,,,,,,,,,,,,,,,119.5,100,,,,,,,,,,,,,,,,,,
2026-07-09T06:01:06.092208+00:00,2026-07-09T06:01:06.092086,2,2,119.2,0.4,119.0,100,118.9,150,,,,,,,,,,,,,,,,,119.4,150,119.5,100,,,,,,,,,,,,,,,,
2026-07-09T06:01:06.906828+00:00,2026-07-09T06:01:06.906700,2,1,119.2,0.4,119.0,100,118.9,150,,,,,,,,,,,,,,,,,119.4,150,,,,,,,,,,,,,,,,,,
2026-07-09T06:01:06.912084+00:00,2026-07-09T06:01:06.911951,1,1,119.15,0.5,118.9,150,,,,,,,,,,,,,,,,,,,119.4,150,,,,,,,,,,,,,,,,,,
2026-07-09T06:01:06.941257+00:00,2026-07-09T06:01:06.941094,1,1,119.15,0.5,118.9,150,,,,,,,,,,,,,,,,,,,119.4,101,,,,,,,,,,,,,,,,,,
2026-07-09T06:01:06.951461+00:00,2026-07-09T06:01:06.956149,1,1,119.15,0.5,118.9,250,,,,,,,,,,,,,,,,,,,119.4,101,,,,,,,,,,,,,,,,,,
2026-07-09T06:01:07.014779+00:00,2026-07-09T06:01:07.014656,1,1,119.15,0.5,118.9,250,,,,,,,,,,,,,,,,,,,119.4,201,,,,,,,,,,,,,,,,,,
2026-07-09T06:01:08.571049+00:00,2026-07-09T06:01:08.570966,1,1,119.15,0.5,118.9,200,,,,,,,,,,,,,,,,,,,119.4,201,,,,,,,,,,,,,,,,,,
2026-07-09T06:01:08.702181+00:00,2026-07-09T06:01:08.702094,1,1,119.15,0.5,118.9,153,,,,,,,,,,,,,,,,,,,119.4,201,,,,,,,,,,,,,,,,,,
2026-07-09T06:01:09.145233+00:00,2026-07-09T06:01:09.145057,1,1,119.15,0.5,118.9,153,,,,,,,,,,,,,,,,,,,119.4,100,,,,,,,,,,,,,,,,,,
2026-07-09T06:01:09.150455+00:00,2026-07-09T06:01:09.150319,1,1,119.15,0.5,118.9,100,,,,,,,,,,,,,,,,,,,119.4,100,,,,,,,,,,,,,,,,,,
2026-07-09T06:01:09.210696+00:00,2026-07-09T06:01:09.210580,2,1,119.15,0.5,118.9,100,118.6,150,,,,,,,,,,,,,,,,,119.4,100,,,,,,,,,,,,,,,,,,
2026-07-09T06:01:09.276109+00:00,2026-07-09T06:01:09.269485,2,2,119.0,0.2,118.9,100,118.6,150,,,,,,,,,,,,,,,,,119.1,139,119.4,100,,,,,,,,,,,,,,,,
2026-07-09T06:01:09.460649+00:00,2026-07-09T06:01:09.454466,2,2,119.0,0.2,118.9,100,118.6,150,,,,,,,,,,,,,,,,,119.1,136,119.4,100,,,,,,,,,,,,,,,,
2026-07-09T06:01:09.497321+00:00,2026-07-09T06:01:09.497258,2,2,119.0,0.2,118.9,100,118.6,150,,,,,,,,,,,,,,,,,119.1,116,119.4,100,,,,,,,,,,,,,,,,
2026-07-09T06:01:09.561725+00:00,2026-07-09T06:01:09.561589,2,2,119.0,0.2,118.9,100,118.6,150,,,,,,,,,,,,,,,,,119.1,96,119.4,100,,,,,,,,,,,,,,,,
2026-07-09T06:01:09.599154+00:00,2026-07-09T06:01:09.599035,2,2,119.0,0.2,118.9,100,118.6,150,,,,,,,,,,,,,,,,,119.1,76,119.4,100,,,,,,,,,,,,,,,,
2026-07-09T06:01:09.624116+00:00,2026-07-09T06:01:09.624072,2,2,119.0,0.2,118.9,100,118.6,150,,,,,,,,,,,,,,,,,119.1,56,119.4,100,,,,,,,,,,,,,,,,
2026-07-09T06:01:09.663944+00:00,2026-07-09T06:01:09.663890,2,2,119.0,0.2,118.9,100,118.6,150,,,,,,,,,,,,,,,,,119.1,36,119.4,100,,,,,,,,,,,,,,,,
2026-07-09T06:01:09.690890+00:00,2026-07-09T06:01:09.691027,2,2,119.0,0.2,118.9,100,118.6,150,,,,,,,,,,,,,,,,,119.1,16,119.4,100,,,,,,,,,,,,,,,,
2026-07-09T06:01:09.713048+00:00,2026-07-09T06:01:09.713184,2,1,119.15,0.5,118.9,100,118.6,150,,,,,,,,,,,,,,,,,119.4,100,,,,,,,,,,,,,,,,,,
2026-07-09T06:01:10.074402+00:00,2026-07-09T06:01:10.074300,1,0,,,118.6,150,,,,,,,,,,,,,,,,,,,,,,,,,,,,,,,,,,,,,,
2026-07-09T06:01:10.126157+00:00,2026-07-09T06:01:10.126124,2,0,,,119.1,100,118.6,150,,,,,,,,,,,,,,,,,,,,,,,,,,,,,,,,,,,,
2026-07-09T06:01:10.181768+00:00,2026-07-09T06:01:10.181861,2,1,119.35,0.5,119.1,100,118.6,150,,,,,,,,,,,,,,,,,119.6,100,,,,,,,,,,,,,,,,,,
2026-07-09T06:01:10.686617+00:00,2026-07-09T06:01:10.686584,2,1,119.35,0.5,119.1,50,118.6,150,,,,,,,,,,,,,,,,,119.6,100,,,,,,,,,,,,,,,,,,
2026-07-09T06:01:12.319139+00:00,2026-07-09T06:01:12.319052,1,1,119.35,0.5,119.1,50,,,,,,,,,,,,,,,,,,,119.6,100,,,,,,,,,,,,,,,,,,
2026-07-09T06:01:12.369700+00:00,2026-07-09T06:01:12.369605,2,1,119.45,0.3,119.3,150,119.1,50,,,,,,,,,,,,,,,,,119.6,100,,,,,,,,,,,,,,,,,,
2026-07-09T06:01:12.420983+00:00,2026-07-09T06:01:12.420869,2,2,119.45,0.3,119.3,150,119.1,50,,,,,,,,,,,,,,,,,119.6,100,119.8,150,,,,,,,,,,,,,,,,
2026-07-09T06:01:12.784626+00:00,2026-07-09T06:01:12.784527,2,2,119.45,0.3,119.3,150,119.1,50,,,,,,,,,,,,,,,,,119.6,55,119.8,150,,,,,,,,,,,,,,,,
2026-07-09T06:01:12.794801+00:00,2026-07-09T06:01:12.794901,2,2,119.45,0.3,119.3,100,119.1,50,,,,,,,,,,,,,,,,,119.6,55,119.8,150,,,,,,,,,,,,,,,,
2026-07-09T06:01:13.236176+00:00,2026-07-09T06:01:13.236118,2,1,119.55,0.5,119.3,100,119.1,50,,,,,,,,,,,,,,,,,119.8,150,,,,,,,,,,,,,,,,,,
2026-07-09T06:01:13.241407+00:00,2026-07-09T06:01:13.241315,1,1,119.55,0.5,119.3,100,,,,,,,,,,,,,,,,,,,119.8,150,,,,,,,,,,,,,,,,,,
2026-07-09T06:01:13.301977+00:00,2026-07-09T06:01:13.290347,2,1,119.55,0.5,119.3,100,119.0,100,,,,,,,,,,,,,,,,,119.8,150,,,,,,,,,,,,,,,,,,
2026-07-09T06:01:13.317277+00:00,2026-07-09T06:01:13.317538,2,1,119.55,0.5,119.3,57,119.0,100,,,,,,,,,,,,,,,,,119.8,150,,,,,,,,,,,,,,,,,,
2026-07-09T06:01:13.350868+00:00,2026-07-09T06:01:13.350764,2,2,119.4,0.2,119.3,57,119.0,100,,,,,,,,,,,,,,,,,119.5,100,119.8,150,,,,,,,,,,,,,,,,
2026-07-09T06:01:13.888875+00:00,2026-07-09T06:01:13.888802,2,2,119.4,0.2,119.3,57,119.0,100,,,,,,,,,,,,,,,,,119.5,60,119.8,150,,,,,,,,,,,,,,,,
2026-07-09T06:01:14.714642+00:00,2026-07-09T06:01:14.708156,2,2,119.4,0.2,119.3,34,119.0,100,,,,,,,,,,,,,,,,,119.5,60,119.8,150,,,,,,,,,,,,,,,,
2026-07-09T06:01:14.771345+00:00,2026-07-09T06:01:14.771292,2,2,119.4,0.2,119.3,14,119.0,100,,,,,,,,,,,,,,,,,119.5,60,119.8,150,,,,,,,,,,,,,,,,
2026-07-09T06:01:14.816386+00:00,2026-07-09T06:01:14.816527,1,2,119.25,0.5,119.0,100,,,,,,,,,,,,,,,,,,,119.5,60,119.8,150,,,,,,,,,,,,,,,,
2026-07-09T06:01:14.902106+00:00,2026-07-09T06:01:14.902018,1,2,119.25,0.5,119.0,50,,,,,,,,,,,,,,,,,,,119.5,60,119.8,150,,,,,,,,,,,,,,,,
2026-07-09T06:01:15.485375+00:00,2026-07-09T06:01:15.485214,1,1,119.25,0.5,119.0,50,,,,,,,,,,,,,,,,,,,119.5,60,,,,,,,,,,,,,,,,,,
2026-07-09T06:01:15.536076+00:00,2026-07-09T06:01:15.536249,2,1,119.35,0.3,119.2,150,119.0,50,,,,,,,,,,,,,,,,,119.5,60,,,,,,,,,,,,,,,,,,
2026-07-09T06:01:15.589167+00:00,2026-07-09T06:01:15.588978,2,2,119.35,0.3,119.2,150,119.0,50,,,,,,,,,,,,,,,,,119.5,60,119.7,150,,,,,,,,,,,,,,,,
2026-07-09T06:01:16.047424+00:00,2026-07-09T06:01:16.047388,2,2,119.35,0.3,119.2,150,119.0,50,,,,,,,,,,,,,,,,,119.5,19,119.7,150,,,,,,,,,,,,,,,,
2026-07-09T06:01:16.404551+00:00,2026-07-09T06:01:16.404434,1,1,119.45,0.5,119.2,150,,,,,,,,,,,,,,,,,,,119.7,150,,,,,,,,,,,,,,,,,,
2026-07-09T06:01:16.458586+00:00,2026-07-09T06:01:16.455860,2,1,119.5,0.4,119.3,100,119.2,150,,,,,,,,,,,,,,,,,119.7,150,,,,,,,,,,,,,,,,,,
2026-07-09T06:01:16.513649+00:00,2026-07-09T06:01:16.513588,2,2,119.5,0.4,119.3,100,119.2,150,,,,,,,,,,,,,,,,,119.7,150,119.8,100,,,,,,,,,,,,,,,,
2026-07-09T06:01:17.006661+00:00,2026-07-09T06:01:17.006560,2,2,119.5,0.4,119.3,50,119.2,150,,,,,,,,,,,,,,,,,119.7,150,119.8,100,,,,,,,,,,,,,,,,
2026-07-09T06:01:17.433816+00:00,2026-07-09T06:01:17.433746,2,2,119.5,0.4,119.3,7,119.2,150,,,,,,,,,,,,,,,,,119.7,150,119.8,100,,,,,,,,,,,,,,,,
2026-07-09T06:01:18.644399+00:00,2026-07-09T06:01:18.644337,1,1,119.55,0.5,119.3,7,,,,,,,,,,,,,,,,,,,119.8,100,,,,,,,,,,,,,,,,,,
2026-07-09T06:01:18.697124+00:00,2026-07-09T06:01:18.696993,2,1,119.55,0.5,119.3,7,119.1,150,,,,,,,,,,,,,,,,,119.8,100,,,,,,,,,,,,,,,,,,
2026-07-09T06:01:18.758661+00:00,2026-07-09T06:01:18.753711,2,2,119.45,0.3,119.3,7,119.1,150,,,,,,,,,,,,,,,,,119.6,150,119.8,100,,,,,,,,,,,,,,,,
2026-07-09T06:01:19.139708+00:00,2026-07-09T06:01:19.139662,1,2,119.35,0.5,119.1,107,,,,,,,,,,,,,,,,,,,119.6,150,119.8,100,,,,,,,,,,,,,,,,
2026-07-09T06:01:19.569878+00:00,2026-07-09T06:01:19.569752,1,1,119.35,0.5,119.1,107,,,,,,,,,,,,,,,,,,,119.6,150,,,,,,,,,,,,,,,,,,
2026-07-09T06:01:19.622480+00:00,2026-07-09T06:01:19.622432,2,1,119.35,0.5,119.1,107,118.9,100,,,,,,,,,,,,,,,,,119.6,150,,,,,,,,,,,,,,,,,,
2026-07-09T06:01:19.676539+00:00,2026-07-09T06:01:19.676481,2,2,119.25,0.3,119.1,107,118.9,100,,,,,,,,,,,,,,,,,119.4,100,119.6,150,,,,,,,,,,,,,,,,
2026-07-09T06:01:20.077460+00:00,2026-07-09T06:01:20.077434,2,2,119.25,0.3,119.1,66,118.9,100,,,,,,,,,,,,,,,,,119.4,100,119.6,150,,,,,,,,,,,,,,,,
2026-07-09T06:01:21.252347+00:00,2026-07-09T06:01:21.252491,2,2,119.25,0.3,119.1,16,118.9,100,,,,,,,,,,,,,,,,,119.4,100,119.6,150,,,,,,,,,,,,,,,,
2026-07-09T06:01:21.808466+00:00,2026-07-09T06:01:21.808608,1,1,119.15,0.5,118.9,100,,,,,,,,,,,,,,,,,,,119.4,100,,,,,,,,,,,,,,,,,,
2026-07-09T06:01:21.864450+00:00,2026-07-09T06:01:21.864328,2,1,119.15,0.5,118.9,100,118.3,150,,,,,,,,,,,,,,,,,119.4,100,,,,,,,,,,,,,,,,,,
2026-07-09T06:01:21.929464+00:00,2026-07-09T06:01:21.922129,1,2,118.55,0.5,118.3,150,,,,,,,,,,,,,,,,,,,118.8,33,119.4,100,,,,,,,,,,,,,,,,
2026-07-09T06:01:21.982061+00:00,2026-07-09T06:01:21.982184,1,2,118.55,0.5,118.3,150,,,,,,,,,,,,,,,,,,,118.8,13,119.4,100,,,,,,,,,,,,,,,,
2026-07-09T06:01:22.008631+00:00,2026-07-09T06:01:22.008575,1,1,118.85,1.1,118.3,150,,,,,,,,,,,,,,,,,,,119.4,100,,,,,,,,,,,,,,,,,,
2026-07-09T06:01:22.053559+00:00,2026-07-09T06:01:22.053754,1,1,118.85,1.1,118.3,150,,,,,,,,,,,,,,,,,,,119.4,59,,,,,,,,,,,,,,,,,,
2026-07-09T06:01:22.758567+00:00,2026-07-09T06:01:22.752022,1,0,,,118.3,150,,,,,,,,,,,,,,,,,,,,,,,,,,,,,,,,,,,,,,
2026-07-09T06:01:22.805483+00:00,2026-07-09T06:01:22.805365,2,0,,,118.6,100,118.3,150,,,,,,,,,,,,,,,,,,,,,,,,,,,,,,,,,,,,
2026-07-09T06:01:22.858654+00:00,2026-07-09T06:01:22.854817,2,1,118.85,0.5,118.6,100,118.3,150,,,,,,,,,,,,,,,,,119.1,100,,,,,,,,,,,,,,,,,,
2026-07-09T06:01:22.896114+00:00,2026-07-09T06:01:22.896261,2,1,118.85,0.5,118.6,100,118.3,150,,,,,,,,,,,,,,,,,119.1,80,,,,,,,,,,,,,,,,,,
2026-07-09T06:01:22.922212+00:00,2026-07-09T06:01:22.922147,2,1,118.85,0.5,118.6,100,118.3,150,,,,,,,,,,,,,,,,,119.1,60,,,,,,,,,,,,,,,,,,
2026-07-09T06:01:22.961781+00:00,2026-07-09T06:01:22.961727,2,1,118.85,0.5,118.6,100,118.3,150,,,,,,,,,,,,,,,,,119.1,40,,,,,,,,,,,,,,,,,,
2026-07-09T06:01:22.994235+00:00,2026-07-09T06:01:22.994103,2,1,118.85,0.5,118.6,100,118.3,150,,,,,,,,,,,,,,,,,119.1,20,,,,,,,,,,,,,,,,,,
2026-07-09T06:01:23.021784+00:00,2026-07-09T06:01:23.021661,2,1,118.85,0.5,118.6,100,118.3,150,,,,,,,,,,,,,,,,,119.1,15,,,,,,,,,,,,,,,,,,
2026-07-09T06:01:23.381116+00:00,2026-07-09T06:01:23.380958,2,1,118.85,0.5,118.6,50,118.3,150,,,,,,,,,,,,,,,,,119.1,15,,,,,,,,,,,,,,,,,,
2026-07-09T06:01:24.969946+00:00,2026-07-09T06:01:24.969828,1,1,118.85,0.5,118.6,50,,,,,,,,,,,,,,,,,,,119.1,15,,,,,,,,,,,,,,,,,,
2026-07-09T06:01:25.023232+00:00,2026-07-09T06:01:25.023144,2,1,119.05,0.1,119.0,150,118.6,50,,,,,,,,,,,,,,,,,119.1,15,,,,,,,,,,,,,,,,,,
2026-07-09T06:01:25.078449+00:00,2026-07-09T06:01:25.078378,2,2,119.05,0.1,119.0,150,118.6,50,,,,,,,,,,,,,,,,,119.1,15,119.5,150,,,,,,,,,,,,,,,,
2026-07-09T06:01:25.186172+00:00,2026-07-09T06:01:25.186262,2,1,119.25,0.5,119.0,150,118.6,50,,,,,,,,,,,,,,,,,119.5,123,,,,,,,,,,,,,,,,,,
2026-07-09T06:01:25.490075+00:00,2026-07-09T06:01:25.489958,2,1,119.25,0.5,119.0,100,118.6,50,,,,,,,,,,,,,,,,,119.5,123,,,,,,,,,,,,,,,,,,
2026-07-09T06:01:25.907925+00:00,2026-07-09T06:01:25.908011,1,1,119.25,0.5,119.0,100,,,,,,,,,,,,,,,,,,,119.5,123,,,,,,,,,,,,,,,,,,
2026-07-09T06:01:25.965014+00:00,2026-07-09T06:01:25.964888,1,1,119.25,0.5,119.0,200,,,,,,,,,,,,,,,,,,,119.5,123,,,,,,,,,,,,,,,,,,
2026-07-09T06:01:26.016685+00:00,2026-07-09T06:01:26.016574,1,1,119.25,0.5,119.0,200,,,,,,,,,,,,,,,,,,,119.5,223,,,,,,,,,,,,,,,,,,
2026-07-09T06:01:27.607972+00:00,2026-07-09T06:01:27.607895,1,1,119.25,0.5,119.0,150,,,,,,,,,,,,,,,,,,,119.5,223,,,,,,,,,,,,,,,,,,
2026-07-09T06:01:28.127788+00:00,2026-07-09T06:01:28.127931,1,1,119.25,0.5,119.0,150,,,,,,,,,,,,,,,,,,,119.5,100,,,,,,,,,,,,,,,,,,
2026-07-09T06:01:28.133229+00:00,2026-07-09T06:01:28.133091,1,1,119.25,0.5,119.0,100,,,,,,,,,,,,,,,,,,,119.5,100,,,,,,,,,,,,,,,,,,
2026-07-09T06:01:28.195259+00:00,2026-07-09T06:01:28.195183,2,1,119.25,0.5,119.0,100,118.8,150,,,,,,,,,,,,,,,,,119.5,100,,,,,,,,,,,,,,,,,,
2026-07-09T06:01:28.254777+00:00,2026-07-09T06:01:28.254652,2,2,119.15,0.3,119.0,100,118.8,150,,,,,,,,,,,,,,,,,119.3,150,119.5,100,,,,,,,,,,,,,,,,
2026-07-09T06:01:28.419251+00:00,2026-07-09T06:01:28.419196,2,2,119.15,0.3,119.0,59,118.8,150,,,,,,,,,,,,,,,,,119.3,150,119.5,100,,,,,,,,,,,,,,,,
2026-07-09T06:01:29.075965+00:00,2026-07-09T06:01:29.075886,1,1,119.05,0.5,118.8,150,,,,,,,,,,,,,,,,,,,119.3,150,,,,,,,,,,,,,,,,,,
2026-07-09T06:01:29.132639+00:00,2026-07-09T06:01:29.132725,1,1,119.05,0.5,118.8,250,,,,,,,,,,,,,,,,,,,119.3,150,,,,,,,,,,,,,,,,,,
2026-07-09T06:01:29.184628+00:00,2026-07-09T06:01:29.184568,1,1,119.05,0.5,118.8,250,,,,,,,,,,,,,,,,,,,119.3,250,,,,,,,,,,,,,,,,,,
2026-07-09T06:01:29.620905+00:00,2026-07-09T06:01:29.620799,1,1,119.05,0.5,118.8,250,,,,,,,,,,,,,,,,,,,119.3,204,,,,,,,,,,,,,,,,,,
2026-07-09T06:01:29.708336+00:00,2026-07-09T06:01:29.708211,1,1,119.05,0.5,118.8,200,,,,,,,,,,,,,,,,,,,119.3,204,,,,,,,,,,,,,,,,,,
2026-07-09T06:01:31.305821+00:00,2026-07-09T06:01:31.305754,1,1,119.05,0.5,118.8,159,,,,,,,,,,,,,,,,,,,119.3,100,,,,,,,,,,,,,,,,,,
2026-07-09T06:01:31.311033+00:00,2026-07-09T06:01:31.310915,1,1,119.05,0.5,118.8,100,,,,,,,,,,,,,,,,,,,119.3,100,,,,,,,,,,,,,,,,,,
2026-07-09T06:01:31.364464+00:00,2026-07-09T06:01:31.364286,2,1,119.05,0.5,118.8,100,118.5,150,,,,,,,,,,,,,,,,,119.3,100,,,,,,,,,,,,,,,,,,
2026-07-09T06:01:31.427615+00:00,2026-07-09T06:01:31.416855,2,2,118.9,0.2,118.8,100,118.5,150,,,,,,,,,,,,,,,,,119.0,150,119.3,100,,,,,,,,,,,,,,,,
2026-07-09T06:01:31.846057+00:00,2026-07-09T06:01:31.845947,2,2,118.9,0.2,118.8,50,118.5,150,,,,,,,,,,,,,,,,,119.0,150,119.3,100,,,,,,,,,,,,,,,,
2026-07-09T06:01:32.239838+00:00,2026-07-09T06:01:32.239945,1,1,118.75,0.5,118.5,150,,,,,,,,,,,,,,,,,,,119.0,150,,,,,,,,,,,,,,,,,,
2026-07-09T06:01:32.297266+00:00,2026-07-09T06:01:32.297126,2,1,118.8,0.4,118.6,100,118.5,150,,,,,,,,,,,,,,,,,119.0,150,,,,,,,,,,,,,,,,,,
2026-07-09T06:01:32.350305+00:00,2026-07-09T06:01:32.350263,2,2,118.8,0.4,118.6,100,118.5,150,,,,,,,,,,,,,,,,,119.0,150,119.1,100,,,,,,,,,,,,,,,,
2026-07-09T06:01:33.958637+00:00,2026-07-09T06:01:33.955309,2,2,118.8,0.4,118.6,50,118.5,150,,,,,,,,,,,,,,,,,119.0,150,119.1,100,,,,,,,,,,,,,,,,
2026-07-09T06:01:34.471554+00:00,2026-07-09T06:01:34.471680,1,1,118.85,0.5,118.6,50,,,,,,,,,,,,,,,,,,,119.1,100,,,,,,,,,,,,,,,,,,
2026-07-09T06:01:34.527854+00:00,2026-07-09T06:01:34.527673,2,1,118.85,0.5,118.6,50,118.4,150,,,,,,,,,,,,,,,,,119.1,100,,,,,,,,,,,,,,,,,,
2026-07-09T06:01:34.580585+00:00,2026-07-09T06:01:34.580453,2,2,118.75,0.3,118.6,50,118.4,150,,,,,,,,,,,,,,,,,118.9,150,119.1,100,,,,,,,,,,,,,,,,
2026-07-09T06:01:35.405720+00:00,2026-07-09T06:01:35.405884,1,1,118.65,0.5,118.4,150,,,,,,,,,,,,,,,,,,,118.9,150,,,,,,,,,,,,,,,,,,
2026-07-09T06:01:35.458687+00:00,2026-07-09T06:01:35.456783,2,1,118.65,0.5,118.4,150,118.3,100,,,,,,,,,,,,,,,,,118.9,150,,,,,,,,,,,,,,,,,,
2026-07-09T06:01:35.512109+00:00,2026-07-09T06:01:35.511996,2,2,118.6,0.4,118.4,150,118.3,100,,,,,,,,,,,,,,,,,118.8,100,118.9,150,,,,,,,,,,,,,,,,
2026-07-09T06:01:35.517322+00:00,2026-07-09T06:01:35.517238,2,2,118.6,0.4,118.4,150,118.3,100,,,,,,,,,,,,,,,,,118.8,54,118.9,150,,,,,,,,,,,,,,,,
2026-07-09T06:01:36.100401+00:00,2026-07-09T06:01:36.100331,2,2,118.6,0.4,118.4,110,118.3,100,,,,,,,,,,,,,,,,,118.8,54,118.9,150,,,,,,,,,,,,,,,,
2026-07-09T06:01:36.406045+00:00,2026-07-09T06:01:36.398395,2,2,118.6,0.4,118.4,110,118.3,100,,,,,,,,,,,,,,,,,118.8,42,118.9,150,,,,,,,,,,,,,,,,
2026-07-09T06:01:37.633421+00:00,2026-07-09T06:01:37.633368,1,1,118.55,0.5,118.3,100,,,,,,,,,,,,,,,,,,,118.8,42,,,,,,,,,,,,,,,,,,
2026-07-09T06:01:37.658739+00:00,2026-07-09T06:01:37.648323,1,0,,,118.3,100,,,,,,,,,,,,,,,,,,,,,,,,,,,,,,,,,,,,,,
2026-07-09T06:01:37.684636+00:00,2026-07-09T06:01:37.684556,2,0,,,118.3,100,118.0,150,,,,,,,,,,,,,,,,,,,,,,,,,,,,,,,,,,,,
2026-07-09T06:01:37.739987+00:00,2026-07-09T06:01:37.739883,2,1,118.4,0.2,118.3,100,118.0,150,,,,,,,,,,,,,,,,,118.5,150,,,,,,,,,,,,,,,,,,
2026-07-09T06:01:38.114516+00:00,2026-07-09T06:01:38.114384,2,1,118.4,0.2,118.3,100,118.0,150,,,,,,,,,,,,,,,,,118.5,100,,,,,,,,,,,,,,,,,,
2026-07-09T06:01:38.243051+00:00,2026-07-09T06:01:38.242935,2,1,118.4,0.2,118.3,52,118.0,150,,,,,,,,,,,,,,,,,118.5,100,,,,,,,,,,,,,,,,,,
2026-07-09T06:01:38.335144+00:00,2026-07-09T06:01:38.327724,2,1,118.4,0.2,118.3,52,118.0,150,,,,,,,,,,,,,,,,,118.5,89,,,,,,,,,,,,,,,,,,
2026-07-09T06:01:38.574581+00:00,2026-07-09T06:01:38.574482,1,1,118.25,0.5,118.0,150,,,,,,,,,,,,,,,,,,,118.5,89,,,,,,,,,,,,,,,,,,
2026-07-09T06:01:38.629493+00:00,2026-07-09T06:01:38.629385,2,0,,,118.5,11,118.0,150,,,,,,,,,,,,,,,,,,,,,,,,,,,,,,,,,,,,
2026-07-09T06:01:38.687011+00:00,2026-07-09T06:01:38.686921,2,1,118.75,0.5,118.5,11,118.0,150,,,,,,,,,,,,,,,,,119.0,100,,,,,,,,,,,,,,,,,,
2026-07-09T06:01:40.222724+00:00,2026-07-09T06:01:40.222674,2,1,118.75,0.5,118.5,11,118.0,150,,,,,,,,,,,,,,,,,119.0,50,,,,,,,,,,,,,,,,,,
2026-07-09T06:01:40.323861+00:00,2026-07-09T06:01:40.323765,2,1,118.75,0.5,118.5,11,118.0,150,,,,,,,,,,,,,,,,,119.0,10,,,,,,,,,,,,,,,,,,
2026-07-09T06:01:40.795294+00:00,2026-07-09T06:01:40.795174,1,1,118.75,0.5,118.5,11,,,,,,,,,,,,,,,,,,,119.0,10,,,,,,,,,,,,,,,,,,
2026-07-09T06:01:40.858018+00:00,2026-07-09T06:01:40.850396,2,1,118.9,0.2,118.8,139,118.5,11,,,,,,,,,,,,,,,,,119.0,10,,,,,,,,,,,,,,,,,,
2026-07-09T06:01:40.945704+00:00,2026-07-09T06:01:40.945518,2,2,118.9,0.2,118.8,139,118.5,11,,,,,,,,,,,,,,,,,119.0,10,119.3,150,,,,,,,,,,,,,,,,
2026-07-09T06:01:40.978635+00:00,2026-07-09T06:01:40.972624,2,1,119.05,0.5,118.8,116,118.5,11,,,,,,,,,,,,,,,,,119.3,150,,,,,,,,,,,,,,,,,,
2026-07-09T06:01:41.741568+00:00,2026-07-09T06:01:41.741469,1,1,119.05,0.5,118.8,116,,,,,,,,,,,,,,,,,,,119.3,150,,,,,,,,,,,,,,,,,,
2026-07-09T06:01:41.794473+00:00,2026-07-09T06:01:41.794368,2,1,119.05,0.5,118.8,116,118.3,100,,,,,,,,,,,,,,,,,119.3,150,,,,,,,,,,,,,,,,,,
2026-07-09T06:01:41.847355+00:00,2026-07-09T06:01:41.847311,2,1,119.05,0.5,118.8,16,118.3,100,,,,,,,,,,,,,,,,,119.3,150,,,,,,,,,,,,,,,,,,
2026-07-09T06:01:42.331152+00:00,2026-07-09T06:01:42.331117,2,1,119.05,0.5,118.8,16,118.3,100,,,,,,,,,,,,,,,,,119.3,100,,,,,,,,,,,,,,,,,,
2026-07-09T06:01:44.000419+00:00,2026-07-09T06:01:44.000373,1,0,,,118.3,100,,,,,,,,,,,,,,,,,,,,,,,,,,,,,,,,,,,,,,
2026-07-09T06:01:44.058978+00:00,2026-07-09T06:01:44.058802,2,0,,,118.4,150,118.3,100,,,,,,,,,,,,,,,,,,,,,,,,,,,,,,,,,,,,
2026-07-09T06:01:44.129195+00:00,2026-07-09T06:01:44.121686,2,1,118.65,0.5,118.4,104,118.3,100,,,,,,,,,,,,,,,,,118.9,150,,,,,,,,,,,,,,,,,,
2026-07-09T06:01:44.442048+00:00,2026-07-09T06:01:44.441893,2,1,118.65,0.5,118.4,104,118.3,100,,,,,,,,,,,,,,,,,118.9,100,,,,,,,,,,,,,,,,,,
2026-07-09T06:01:44.904675+00:00,2026-07-09T06:01:44.904483,1,1,118.65,0.5,118.4,104,,,,,,,,,,,,,,,,,,,118.9,100,,,,,,,,,,,,,,,,,,
2026-07-09T06:01:44.958273+00:00,2026-07-09T06:01:44.958353,2,1,118.85,0.1,118.8,100,118.4,104,,,,,,,,,,,,,,,,,118.9,100,,,,,,,,,,,,,,,,,,
2026-07-09T06:01:45.012262+00:00,2026-07-09T06:01:45.012164,2,2,118.85,0.1,118.8,100,118.4,104,,,,,,,,,,,,,,,,,118.9,100,119.3,100,,,,,,,,,,,,,,,,
2026-07-09T06:01:46.550408+00:00,2026-07-09T06:01:46.550304,2,2,118.85,0.1,118.8,100,118.4,104,,,,,,,,,,,,,,,,,118.9,50,119.3,100,,,,,,,,,,,,,,,,
2026-07-09T06:01:47.154320+00:00,2026-07-09T06:01:47.156342,2,1,119.05,0.5,118.8,100,118.4,104,,,,,,,,,,,,,,,,,119.3,100,,,,,,,,,,,,,,,,,,
2026-07-09T06:01:47.169032+00:00,2026-07-09T06:01:47.169116,1,1,119.05,0.5,118.8,100,,,,,,,,,,,,,,,,,,,119.3,100,,,,,,,,,,,,,,,,,,
2026-07-09T06:01:47.215576+00:00,2026-07-09T06:01:47.213521,2,1,119.05,0.5,118.8,100,118.7,150,,,,,,,,,,,,,,,,,119.3,100,,,,,,,,,,,,,,,,,,
2026-07-09T06:01:47.277035+00:00,2026-07-09T06:01:47.276942,2,2,119.0,0.4,118.8,100,118.7,150,,,,,,,,,,,,,,,,,119.2,150,119.3,100,,,,,,,,,,,,,,,,
2026-07-09T06:01:48.070333+00:00,2026-07-09T06:01:48.070274,1,1,118.95,0.5,118.7,150,,,,,,,,,,,,,,,,,,,119.2,150,,,,,,,,,,,,,,,,,,
2026-07-09T06:01:48.121234+00:00,2026-07-09T06:01:48.121194,1,1,118.95,0.5,118.7,250,,,,,,,,,,,,,,,,,,,119.2,150,,,,,,,,,,,,,,,,,,
2026-07-09T06:01:48.177733+00:00,2026-07-09T06:01:48.177627,1,1,118.95,0.5,118.7,250,,,,,,,,,,,,,,,,,,,119.2,250,,,,,,,,,,,,,,,,,,
2026-07-09T06:01:48.224748+00:00,2026-07-09T06:01:48.224684,1,1,118.95,0.5,118.7,205,,,,,,,,,,,,,,,,,,,119.2,250,,,,,,,,,,,,,,,,,,
2026-07-09T06:01:48.658559+00:00,2026-07-09T06:01:48.652150,1,1,118.95,0.5,118.7,205,,,,,,,,,,,,,,,,,,,119.2,200,,,,,,,,,,,,,,,,,,
2026-07-09T06:01:50.273886+00:00,2026-07-09T06:01:50.273781,1,1,118.95,0.5,118.7,205,,,,,,,,,,,,,,,,,,,119.2,153,,,,,,,,,,,,,,,,,,
2026-07-09T06:01:50.330896+00:00,2026-07-09T06:01:50.330802,1,1,118.95,0.5,118.7,100,,,,,,,,,,,,,,,,,,,119.2,100,,,,,,,,,,,,,,,,,,
2026-07-09T06:01:50.387311+00:00,2026-07-09T06:01:50.387130,2,1,119.0,0.4,118.8,150,118.7,100,,,,,,,,,,,,,,,,,119.2,100,,,,,,,,,,,,,,,,,,
2026-07-09T06:01:50.438627+00:00,2026-07-09T06:01:50.438563,2,2,119.0,0.4,118.8,150,118.7,100,,,,,,,,,,,,,,,,,119.2,100,119.3,150,,,,,,,,,,,,,,,,
2026-07-09T06:01:50.765560+00:00,2026-07-09T06:01:50.765481,2,2,119.0,0.4,118.8,150,118.7,100,,,,,,,,,,,,,,,,,119.2,50,119.3,150,,,,,,,,,,,,,,,,
2026-07-09T06:01:51.238898+00:00,2026-07-09T06:01:51.238828,2,1,119.05,0.5,118.8,150,118.7,100,,,,,,,,,,,,,,,,,119.3,150,,,,,,,,,,,,,,,,,,
2026-07-09T06:01:51.244066+00:00,2026-07-09T06:01:51.243977,1,1,119.05,0.5,118.8,150,,,,,,,,,,,,,,,,,,,119.3,150,,,,,,,,,,,,,,,,,,
2026-07-09T06:01:51.294161+00:00,2026-07-09T06:01:51.294038,1,1,119.05,0.5,118.8,250,,,,,,,,,,,,,,,,,,,119.3,150,,,,,,,,,,,,,,,,,,
2026-07-09T06:01:51.347924+00:00,2026-07-09T06:01:51.347816,1,1,119.05,0.5,118.8,250,,,,,,,,,,,,,,,,,,,119.3,250,,,,,,,,,,,,,,,,,,
2026-07-09T06:01:53.328800+00:00,2026-07-09T06:01:53.328654,1,1,119.05,0.5,118.8,250,,,,,,,,,,,,,,,,,,,119.3,207,,,,,,,,,,,,,,,,,,
2026-07-09T06:01:53.495008+00:00,2026-07-09T06:01:53.494947,1,1,119.05,0.5,118.8,100,,,,,,,,,,,,,,,,,,,119.3,100,,,,,,,,,,,,,,,,,,
2026-07-09T06:01:53.548839+00:00,2026-07-09T06:01:53.548717,2,1,119.1,0.4,118.9,150,118.8,100,,,,,,,,,,,,,,,,,119.3,100,,,,,,,,,,,,,,,,,,
2026-07-09T06:01:53.604643+00:00,2026-07-09T06:01:53.604554,2,2,119.1,0.4,118.9,150,118.8,100,,,,,,,,,,,,,,,,,119.3,100,119.4,150,,,,,,,,,,,,,,,,
2026-07-09T06:01:53.896180+00:00,2026-07-09T06:01:53.896313,2,2,119.1,0.4,118.9,105,118.8,100,,,,,,,,,,,,,,,,,119.3,100,119.4,150,,,,,,,,,,,,,,,,
2026-07-09T06:01:54.402813+00:00,2026-07-09T06:01:54.402747,1,1,119.15,0.5,118.9,105,,,,,,,,,,,,,,,,,,,119.4,150,,,,,,,,,,,,,,,,,,
2026-07-09T06:01:54.438660+00:00,2026-07-09T06:01:54.438418,1,1,119.15,0.5,118.9,105,,,,,,,,,,,,,,,,,,,119.4,107,,,,,,,,,,,,,,,,,,
2026-07-09T06:01:54.458586+00:00,2026-07-09T06:01:54.458059,2,1,119.15,0.5,118.9,105,118.8,100,,,,,,,,,,,,,,,,,119.4,107,,,,,,,,,,,,,,,,,,
2026-07-09T06:01:54.509442+00:00,2026-07-09T06:01:54.509381,2,2,119.1,0.4,118.9,105,118.8,100,,,,,,,,,,,,,,,,,119.3,100,119.4,107,,,,,,,,,,,,,,,,
2026-07-09T06:01:55.028952+00:00,2026-07-09T06:01:55.029051,2,2,119.1,0.4,118.9,55,118.8,100,,,,,,,,,,,,,,,,,119.3,100,119.4,107,,,,,,,,,,,,,,,,
2026-07-09T06:01:55.388287+00:00,2026-07-09T06:01:55.388147,2,2,119.1,0.4,118.9,15,118.8,100,,,,,,,,,,,,,,,,,119.3,100,119.4,107,,,,,,,,,,,,,,,,
2026-07-09T06:01:56.679425+00:00,2026-07-09T06:01:56.679373,1,1,119.05,0.5,118.8,100,,,,,,,,,,,,,,,,,,,119.3,100,,,,,,,,,,,,,,,,,,
2026-07-09T06:01:56.738117+00:00,2026-07-09T06:01:56.738021,2,1,119.05,0.5,118.8,100,118.7,150,,,,,,,,,,,,,,,,,119.3,100,,,,,,,,,,,,,,,,,,
2026-07-09T06:01:56.790317+00:00,2026-07-09T06:01:56.790199,2,2,119.0,0.4,118.8,100,118.7,150,,,,,,,,,,,,,,,,,119.2,150,119.3,100,,,,,,,,,,,,,,,,
2026-07-09T06:01:57.134809+00:00,2026-07-09T06:01:57.134750,2,2,119.0,0.4,118.8,50,118.7,150,,,,,,,,,,,,,,,,,119.2,150,119.3,100,,,,,,,,,,,,,,,,
2026-07-09T06:01:57.553546+00:00,2026-07-09T06:01:57.556167,1,1,118.95,0.5,118.7,150,,,,,,,,,,,,,,,,,,,119.2,150,,,,,,,,,,,,,,,,,,
2026-07-09T06:01:57.618377+00:00,2026-07-09T06:01:57.618269,2,1,119.0,0.4,118.8,100,118.7,150,,,,,,,,,,,,,,,,,119.2,150,,,,,,,,,,,,,,,,,,
2026-07-09T06:01:57.671707+00:00,2026-07-09T06:01:57.671604,2,2,119.0,0.4,118.8,100,118.7,150,,,,,,,,,,,,,,,,,119.2,150,119.3,100,,,,,,,,,,,,,,,,
2026-07-09T06:01:59.120003+00:00,2026-07-09T06:01:59.119957,2,2,119.0,0.4,118.8,60,118.7,150,,,,,,,,,,,,,,,,,119.2,150,119.3,100,,,,,,,,,,,,,,,,
2026-07-09T06:01:59.254416+00:00,2026-07-09T06:01:59.254237,2,2,119.0,0.4,118.8,10,118.7,150,,,,,,,,,,,,,,,,,119.2,150,119.3,100,,,,,,,,,,,,,,,,
2026-07-09T06:01:59.845668+00:00,2026-07-09T06:01:59.845620,1,1,119.05,0.5,118.8,10,,,,,,,,,,,,,,,,,,,119.3,100,,,,,,,,,,,,,,,,,,
2026-07-09T06:01:59.902148+00:00,2026-07-09T06:01:59.902229,2,1,119.05,0.5,118.8,10,118.6,150,,,,,,,,,,,,,,,,,119.3,100,,,,,,,,,,,,,,,,,,
2026-07-09T06:01:59.958532+00:00,2026-07-09T06:01:59.955562,2,2,118.95,0.3,118.8,10,118.6,150,,,,,,,,,,,,,,,,,119.1,150,119.3,100,,,,,,,,,,,,,,,,
2026-07-09T06:02:00.213122+00:00,2026-07-09T06:02:00.213025,2,2,118.95,0.3,118.8,10,118.6,150,,,,,,,,,,,,,,,,,119.1,107,119.3,100,,,,,,,,,,,,,,,,
2026-07-09T06:02:00.727106+00:00,2026-07-09T06:02:00.727065,1,1,118.85,0.5,118.6,150,,,,,,,,,,,,,,,,,,,119.1,107,,,,,,,,,,,,,,,,,,
2026-07-09T06:02:00.777621+00:00,2026-07-09T06:02:00.777515,1,1,118.85,0.5,118.6,150,,,,,,,,,,,,,,,,,,,119.1,64,,,,,,,,,,,,,,,,,,
2026-07-09T06:02:00.782751+00:00,2026-07-09T06:02:00.782703,2,1,118.85,0.5,118.6,150,118.4,100,,,,,,,,,,,,,,,,,119.1,64,,,,,,,,,,,,,,,,,,
2026-07-09T06:02:00.832837+00:00,2026-07-09T06:02:00.832791,2,2,118.75,0.3,118.6,150,118.4,100,,,,,,,,,,,,,,,,,118.9,100,119.1,64,,,,,,,,,,,,,,,,
2026-07-09T06:02:01.363721+00:00,2026-07-09T06:02:01.363912,2,2,118.75,0.3,118.6,100,118.4,100,,,,,,,,,,,,,,,,,118.9,100,119.1,64,,,,,,,,,,,,,,,,
2026-07-09T06:02:03.011251+00:00,2026-07-09T06:02:03.011125,1,1,118.65,0.5,118.4,100,,,,,,,,,,,,,,,,,,,118.9,100,,,,,,,,,,,,,,,,,,
2026-07-09T06:02:03.067596+00:00,2026-07-09T06:02:03.067552,2,1,118.8,0.2,118.7,150,118.4,100,,,,,,,,,,,,,,,,,118.9,100,,,,,,,,,,,,,,,,,,
2026-07-09T06:02:03.121686+00:00,2026-07-09T06:02:03.121589,2,2,118.8,0.2,118.7,150,118.4,100,,,,,,,,,,,,,,,,,118.9,100,119.2,150,,,,,,,,,,,,,,,,
2026-07-09T06:02:03.438438+00:00,2026-07-09T06:02:03.438403,2,2,118.8,0.2,118.7,108,118.4,100,,,,,,,,,,,,,,,,,118.9,100,119.2,150,,,,,,,,,,,,,,,,
2026-07-09T06:02:03.475891+00:00,2026-07-09T06:02:03.475810,2,2,118.8,0.2,118.7,58,118.4,100,,,,,,,,,,,,,,,,,118.9,100,119.2,150,,,,,,,,,,,,,,,,
2026-07-09T06:02:03.890194+00:00,2026-07-09T06:02:03.890171,1,1,118.95,0.5,118.7,58,,,,,,,,,,,,,,,,,,,119.2,150,,,,,,,,,,,,,,,,,,
2026-07-09T06:02:03.947554+00:00,2026-07-09T06:02:03.947435,2,1,118.95,0.5,118.7,58,118.6,100,,,,,,,,,,,,,,,,,119.2,150,,,,,,,,,,,,,,,,,,
2026-07-09T06:02:03.998363+00:00,2026-07-09T06:02:03.998297,2,2,118.9,0.4,118.7,58,118.6,100,,,,,,,,,,,,,,,,,119.1,100,119.2,150,,,,,,,,,,,,,,,,
2026-07-09T06:02:05.584536+00:00,2026-07-09T06:02:05.584515,2,2,118.9,0.4,118.7,8,118.6,100,,,,,,,,,,,,,,,,,119.1,100,119.2,150,,,,,,,,,,,,,,,,
2026-07-09T06:02:06.175372+00:00,2026-07-09T06:02:06.175229,1,1,118.85,0.5,118.6,100,,,,,,,,,,,,,,,,,,,119.1,100,,,,,,,,,,,,,,,,,,
2026-07-09T06:02:06.230377+00:00,2026-07-09T06:02:06.230274,2,1,118.85,0.5,118.6,100,118.5,150,,,,,,,,,,,,,,,,,119.1,100,,,,,,,,,,,,,,,,,,
2026-07-09T06:02:06.283648+00:00,2026-07-09T06:02:06.283512,2,2,118.8,0.4,118.6,100,118.5,150,,,,,,,,,,,,,,,,,119.0,150,119.1,100,,,,,,,,,,,,,,,,
2026-07-09T06:02:07.058559+00:00,2026-07-09T06:02:07.057844,1,1,118.75,0.5,118.5,150,,,,,,,,,,,,,,,,,,,119.0,150,,,,,,,,,,,,,,,,,,
2026-07-09T06:02:07.111555+00:00,2026-07-09T06:02:07.111652,2,1,118.85,0.3,118.7,100,118.5,150,,,,,,,,,,,,,,,,,119.0,150,,,,,,,,,,,,,,,,,,
2026-07-09T06:02:07.158651+00:00,2026-07-09T06:02:07.157965,2,2,118.85,0.3,118.7,100,118.5,150,,,,,,,,,,,,,,,,,119.0,150,119.2,100,,,,,,,,,,,,,,,,
2026-07-09T06:02:07.227080+00:00,2026-07-09T06:02:07.226907,2,2,118.85,0.3,118.7,100,118.5,150,,,,,,,,,,,,,,,,,119.0,102,119.2,100,,,,,,,,,,,,,,,,
2026-07-09T06:02:07.692231+00:00,2026-07-09T06:02:07.692313,2,2,118.85,0.3,118.7,50,118.5,150,,,,,,,,,,,,,,,,,119.0,102,119.2,100,,,,,,,,,,,,,,,,
2026-07-09T06:02:09.337988+00:00,2026-07-09T06:02:09.337885,1,1,118.95,0.5,118.7,50,,,,,,,,,,,,,,,,,,,119.2,100,,,,,,,,,,,,,,,,,,
2026-07-09T06:02:09.391164+00:00,2026-07-09T06:02:09.391119,2,1,118.95,0.5,118.7,50,118.5,150,,,,,,,,,,,,,,,,,119.2,100,,,,,,,,,,,,,,,,,,
2026-07-09T06:02:09.411889+00:00,2026-07-09T06:02:09.411842,2,1,118.95,0.5,118.7,9,118.5,150,,,,,,,,,,,,,,,,,119.2,100,,,,,,,,,,,,,,,,,,
2026-07-09T06:02:09.446719+00:00,2026-07-09T06:02:09.446642,2,2,118.85,0.3,118.7,9,118.5,150,,,,,,,,,,,,,,,,,119.0,150,119.2,100,,,,,,,,,,,,,,,,
2026-07-09T06:02:09.799657+00:00,2026-07-09T06:02:09.799580,1,2,118.75,0.5,118.5,109,,,,,,,,,,,,,,,,,,,119.0,150,119.2,100,,,,,,,,,,,,,,,,
2026-07-09T06:02:10.219531+00:00,2026-07-09T06:02:10.219445,1,1,118.75,0.5,118.5,109,,,,,,,,,,,,,,,,,,,119.0,150,,,,,,,,,,,,,,,,,,
2026-07-09T06:02:10.270498+00:00,2026-07-09T06:02:10.270450,2,1,118.75,0.5,118.5,109,118.3,100,,,,,,,,,,,,,,,,,119.0,150,,,,,,,,,,,,,,,,,,
2026-07-09T06:02:10.334954+00:00,2026-07-09T06:02:10.328470,2,2,118.65,0.3,118.5,109,118.3,100,,,,,,,,,,,,,,,,,118.8,89,119.0,150,,,,,,,,,,,,,,,,
2026-07-09T06:02:11.216773+00:00,2026-07-09T06:02:11.210136,2,2,118.65,0.3,118.5,109,118.3,100,,,,,,,,,,,,,,,,,118.8,77,119.0,150,,,,,,,,,,,,,,,,
2026-07-09T06:02:11.579403+00:00,2026-07-09T06:02:11.579274,2,2,118.65,0.3,118.5,109,118.3,100,,,,,,,,,,,,,,,,,118.8,31,119.0,150,,,,,,,,,,,,,,,,
2026-07-09T06:02:11.905061+00:00,2026-07-09T06:02:11.905006,2,2,118.65,0.3,118.5,59,118.3,100,,,,,,,,,,,,,,,,,118.8,31,119.0,150,,,,,,,,,,,,,,,,
2026-07-09T06:02:12.052329+00:00,2026-07-09T06:02:12.052461,2,2,118.65,0.3,118.5,15,118.3,100,,,,,,,,,,,,,,,,,118.8,31,119.0,150,,,,,,,,,,,,,,,,
2026-07-09T06:02:12.506279+00:00,2026-07-09T06:02:12.506193,2,1,118.65,0.3,118.5,15,118.3,100,,,,,,,,,,,,,,,,,118.8,31,,,,,,,,,,,,,,,,,,
2026-07-09T06:02:12.511426+00:00,2026-07-09T06:02:12.511351,1,1,118.55,0.5,118.3,100,,,,,,,,,,,,,,,,,,,118.8,31,,,,,,,,,,,,,,,,,,
2026-07-09T06:02:12.537562+00:00,2026-07-09T06:02:12.529912,1,1,118.55,0.5,118.3,100,,,,,,,,,,,,,,,,,,,118.8,20,,,,,,,,,,,,,,,,,,
2026-07-09T06:02:12.563362+00:00,2026-07-09T06:02:12.563299,2,1,118.55,0.5,118.3,100,118.1,150,,,,,,,,,,,,,,,,,118.8,20,,,,,,,,,,,,,,,,,,
2026-07-09T06:02:12.618366+00:00,2026-07-09T06:02:12.618452,2,2,118.45,0.3,118.3,100,118.1,150,,,,,,,,,,,,,,,,,118.6,150,118.8,20,,,,,,,,,,,,,,,,
2026-07-09T06:02:12.630615+00:00,2026-07-09T06:02:12.623257,2,2,118.45,0.3,118.3,100,118.1,150,,,,,,,,,,,,,,,,,118.6,127,118.8,20,,,,,,,,,,,,,,,,
2026-07-09T06:02:13.382065+00:00,2026-07-09T06:02:13.382037,1,1,118.35,0.5,118.1,150,,,,,,,,,,,,,,,,,,,118.6,127,,,,,,,,,,,,,,,,,,
2026-07-09T06:02:13.440215+00:00,2026-07-09T06:02:13.440121,1,1,118.35,0.5,118.1,150,,,,,,,,,,,,,,,,,,,118.6,27,,,,,,,,,,,,,,,,,,
2026-07-09T06:02:13.495359+00:00,2026-07-09T06:02:13.495284,1,2,118.35,0.5,118.1,150,,,,,,,,,,,,,,,,,,,118.6,27,119.2,100,,,,,,,,,,,,,,,,
2026-07-09T06:02:14.029379+00:00,2026-07-09T06:02:14.029321,1,2,118.35,0.5,118.1,100,,,,,,,,,,,,,,,,,,,118.6,27,119.2,100,,,,,,,,,,,,,,,,
2026-07-09T06:02:15.668927+00:00,2026-07-09T06:02:15.668854,1,1,118.65,1.1,118.1,100,,,,,,,,,,,,,,,,,,,119.2,100,,,,,,,,,,,,,,,,,,
2026-07-09T06:02:15.674036+00:00,2026-07-09T06:02:15.674010,0,1,,,,,,,,,,,,,,,,,,,,,,,119.2,100,,,,,,,,,,,,,,,,,,
2026-07-09T06:02:15.723285+00:00,2026-07-09T06:02:15.723214,1,1,118.7,1.0,118.2,150,,,,,,,,,,,,,,,,,,,119.2,100,,,,,,,,,,,,,,,,,,
2026-07-09T06:02:15.779605+00:00,2026-07-09T06:02:15.779543,1,2,118.45,0.5,118.2,150,,,,,,,,,,,,,,,,,,,118.7,150,119.2,100,,,,,,,,,,,,,,,,
2026-07-09T06:02:16.138592+00:00,2026-07-09T06:02:16.138718,1,2,118.45,0.5,118.2,100,,,,,,,,,,,,,,,,,,,118.7,150,119.2,100,,,,,,,,,,,,,,,,
2026-07-09T06:02:16.549987+00:00,2026-07-09T06:02:16.549871,1,1,118.45,0.5,118.2,100,,,,,,,,,,,,,,,,,,,118.7,150,,,,,,,,,,,,,,,,,,
2026-07-09T06:02:16.604709+00:00,2026-07-09T06:02:16.604884,2,1,118.45,0.5,118.2,100,118.1,100,,,,,,,,,,,,,,,,,118.7,150,,,,,,,,,,,,,,,,,,
2026-07-09T06:02:16.663765+00:00,2026-07-09T06:02:16.664008,2,2,118.4,0.4,118.2,100,118.1,100,,,,,,,,,,,,,,,,,118.6,100,118.7,150,,,,,,,,,,,,,,,,
2026-07-09T06:02:17.058585+00:00,2026-07-09T06:02:17.057687,2,2,118.4,0.4,118.2,100,118.1,100,,,,,,,,,,,,,,,,,118.6,52,118.7,150,,,,,,,,,,,,,,,,
2026-07-09T06:02:18.245362+00:00,2026-07-09T06:02:18.245233,2,2,118.4,0.4,118.2,50,118.1,100,,,,,,,,,,,,,,,,,118.6,52,118.7,150,,,,,,,,,,,,,,,,
2026-07-09T06:02:18.835329+00:00,2026-07-09T06:02:18.835206,1,1,118.35,0.5,118.1,100,,,,,,,,,,,,,,,,,,,118.6,52,,,,,,,,,,,,,,,,,,
2026-07-09T06:02:18.884105+00:00,2026-07-09T06:02:18.884036,2,1,118.35,0.5,118.1,100,117.6,150,,,,,,,,,,,,,,,,,118.6,52,,,,,,,,,,,,,,,,,,
2026-07-09T06:02:18.944101+00:00,2026-07-09T06:02:18.943983,1,2,117.85,0.5,117.6,150,,,,,,,,,,,,,,,,,,,118.1,50,118.6,52,,,,,,,,,,,,,,,,
2026-07-09T06:02:19.117893+00:00,2026-07-09T06:02:19.111695,1,2,117.85,0.5,117.6,150,,,,,,,,,,,,,,,,,,,118.1,39,118.6,52,,,,,,,,,,,,,,,,
2026-07-09T06:02:19.287593+00:00,2026-07-09T06:02:19.287455,1,1,118.1,1.0,117.6,150,,,,,,,,,,,,,,,,,,,118.6,49,,,,,,,,,,,,,,,,,,
2026-07-09T06:02:19.722413+00:00,2026-07-09T06:02:19.722337,1,0,,,117.6,150,,,,,,,,,,,,,,,,,,,,,,,,,,,,,,,,,,,,,,
2026-07-09T06:02:19.775410+00:00,2026-07-09T06:02:19.775494,2,0,,,117.9,100,117.6,150,,,,,,,,,,,,,,,,,,,,,,,,,,,,,,,,,,,,
2026-07-09T06:02:19.829012+00:00,2026-07-09T06:02:19.828945,2,1,118.15,0.5,117.9,100,117.6,150,,,,,,,,,,,,,,,,,118.4,100,,,,,,,,,,,,,,,,,,
2026-07-09T06:02:20.352827+00:00,2026-07-09T06:02:20.352705,2,1,118.15,0.5,117.9,50,117.6,150,,,,,,,,,,,,,,,,,118.4,100,,,,,,,,,,,,,,,,,,
2026-07-09T06:02:21.998256+00:00,2026-07-09T06:02:21.998130,1,1,118.15,0.5,117.9,50,,,,,,,,,,,,,,,,,,,118.4,100,,,,,,,,,,,,,,,,,,
2026-07-09T06:02:22.052076+00:00,2026-07-09T06:02:22.052028,2,0,,,118.4,50,117.9,50,,,,,,,,,,,,,,,,,,,,,,,,,,,,,,,,,,,,
2026-07-09T06:02:22.104473+00:00,2026-07-09T06:02:22.104391,2,1,118.65,0.5,118.4,50,117.9,50,,,,,,,,,,,,,,,,,118.9,150,,,,,,,,,,,,,,,,,,
2026-07-09T06:02:22.291311+00:00,2026-07-09T06:02:22.291199,2,1,118.65,0.5,118.4,4,117.9,50,,,,,,,,,,,,,,,,,118.9,150,,,,,,,,,,,,,,,,,,
2026-07-09T06:02:22.879992+00:00,2026-07-09T06:02:22.879900,1,1,118.65,0.5,118.4,4,,,,,,,,,,,,,,,,,,,118.9,150,,,,,,,,,,,,,,,,,,
2026-07-09T06:02:22.933278+00:00,2026-07-09T06:02:22.933143,2,1,118.65,0.5,118.4,4,118.2,100,,,,,,,,,,,,,,,,,118.9,150,,,,,,,,,,,,,,,,,,
2026-07-09T06:02:22.983764+00:00,2026-07-09T06:02:22.983669,2,2,118.55,0.3,118.4,4,118.2,100,,,,,,,,,,,,,,,,,118.7,100,118.9,150,,,,,,,,,,,,,,,,
2026-07-09T06:02:23.782682+00:00,2026-07-09T06:02:23.782626,1,2,118.45,0.5,118.2,58,,,,,,,,,,,,,,,,,,,118.7,100,118.9,150,,,,,,,,,,,,,,,,
2026-07-09T06:02:24.306299+00:00,2026-07-09T06:02:24.306196,1,2,118.45,0.5,118.2,58,,,,,,,,,,,,,,,,,,,118.7,56,118.9,150,,,,,,,,,,,,,,,,
2026-07-09T06:02:24.605016+00:00,2026-07-09T06:02:24.604949,1,2,118.45,0.5,118.2,8,,,,,,,,,,,,,,,,,,,118.7,56,118.9,150,,,,,,,,,,,,,,,,
2026-07-09T06:02:24.858567+00:00,2026-07-09T06:02:24.857586,1,2,118.45,0.5,118.2,8,,,,,,,,,,,,,,,,,,,118.7,10,118.9,150,,,,,,,,,,,,,,,,
2026-07-09T06:02:25.154849+00:00,2026-07-09T06:02:25.154800,1,1,118.45,0.5,118.2,8,,,,,,,,,,,,,,,,,,,118.7,10,,,,,,,,,,,,,,,,,,
2026-07-09T06:02:25.209338+00:00,2026-07-09T06:02:25.209286,2,1,118.45,0.5,118.2,8,117.7,150,,,,,,,,,,,,,,,,,118.7,10,,,,,,,,,,,,,,,,,,
2026-07-09T06:02:25.269180+00:00,2026-07-09T06:02:25.269302,1,2,117.95,0.5,117.7,150,,,,,,,,,,,,,,,,,,,118.2,142,118.7,10,,,,,,,,,,,,,,,,
2026-07-09T06:02:26.041861+00:00,2026-07-09T06:02:26.041726,1,1,117.95,0.5,117.7,150,,,,,,,,,,,,,,,,,,,118.2,142,,,,,,,,,,,,,,,,,,
2026-07-09T06:02:26.091764+00:00,2026-07-09T06:02:26.091863,2,1,118.1,0.2,118.0,100,117.7,150,,,,,,,,,,,,,,,,,118.2,142,,,,,,,,,,,,,,,,,,
2026-07-09T06:02:26.158699+00:00,2026-07-09T06:02:26.151486,2,2,118.1,0.2,118.0,100,117.7,150,,,,,,,,,,,,,,,,,118.2,142,118.5,100,,,,,,,,,,,,,,,,
2026-07-09T06:02:26.714348+00:00,2026-07-09T06:02:26.714277,2,2,118.1,0.2,118.0,50,117.7,150,,,,,,,,,,,,,,,,,118.2,142,118.5,100,,,,,,,,,,,,,,,,
2026-07-09T06:02:28.319205+00:00,2026-07-09T06:02:28.319160,2,1,118.25,0.5,118.0,50,117.7,150,,,,,,,,,,,,,,,,,118.5,100,,,,,,,,,,,,,,,,,,
2026-07-09T06:02:28.324345+00:00,2026-07-09T06:02:28.324297,1,1,118.25,0.5,118.0,50,,,,,,,,,,,,,,,,,,,118.5,100,,,,,,,,,,,,,,,,,,
2026-07-09T06:02:28.373903+00:00,2026-07-09T06:02:28.374051,2,1,118.25,0.5,118.0,50,117.7,150,,,,,,,,,,,,,,,,,118.5,100,,,,,,,,,,,,,,,,,,
2026-07-09T06:02:28.428330+00:00,2026-07-09T06:02:28.428236,2,2,118.1,0.2,118.0,50,117.7,150,,,,,,,,,,,,,,,,,118.2,150,118.5,100,,,,,,,,,,,,,,,,
2026-07-09T06:02:28.770463+00:00,2026-07-09T06:02:28.770431,2,2,118.1,0.2,118.0,50,117.7,150,,,,,,,,,,,,,,,,,118.2,100,118.5,100,,,,,,,,,,,,,,,,
2026-07-09T06:02:29.198630+00:00,2026-07-09T06:02:29.198863,2,1,118.1,0.2,118.0,50,117.7,150,,,,,,,,,,,,,,,,,118.2,100,,,,,,,,,,,,,,,,,,
2026-07-09T06:02:29.210157+00:00,2026-07-09T06:02:29.209971,1,1,117.95,0.5,117.7,150,,,,,,,,,,,,,,,,,,,118.2,100,,,,,,,,,,,,,,,,,,
2026-07-09T06:02:29.257325+00:00,2026-07-09T06:02:29.257470,2,1,118.0,0.4,117.8,100,117.7,150,,,,,,,,,,,,,,,,,118.2,100,,,,,,,,,,,,,,,,,,
2026-07-09T06:02:29.318254+00:00,2026-07-09T06:02:29.318081,2,2,118.0,0.4,117.8,100,117.7,150,,,,,,,,,,,,,,,,,118.2,100,118.3,100,,,,,,,,,,,,,,,,
2026-07-09T06:02:30.879456+00:00,2026-07-09T06:02:30.879375,2,2,118.0,0.4,117.8,100,117.7,150,,,,,,,,,,,,,,,,,118.2,50,118.3,100,,,,,,,,,,,,,,,,
2026-07-09T06:02:31.488385+00:00,2026-07-09T06:02:31.488231,1,1,118.05,0.5,117.8,100,,,,,,,,,,,,,,,,,,,118.3,100,,,,,,,,,,,,,,,,,,
2026-07-09T06:02:31.545550+00:00,2026-07-09T06:02:31.545482,2,1,118.2,0.2,118.1,150,117.8,100,,,,,,,,,,,,,,,,,118.3,100,,,,,,,,,,,,,,,,,,
2026-07-09T06:02:31.595769+00:00,2026-07-09T06:02:31.595707,2,2,118.2,0.2,118.1,150,117.8,100,,,,,,,,,,,,,,,,,118.3,100,118.6,150,,,,,,,,,,,,,,,,
2026-07-09T06:02:32.401043+00:00,2026-07-09T06:02:32.400920,2,1,118.35,0.5,118.1,150,117.8,100,,,,,,,,,,,,,,,,,118.6,150,,,,,,,,,,,,,,,,,,
2026-07-09T06:02:32.406250+00:00,2026-07-09T06:02:32.406120,1,1,118.35,0.5,118.1,150,,,,,,,,,,,,,,,,,,,118.6,150,,,,,,,,,,,,,,,,,,
2026-07-09T06:02:32.456188+00:00,2026-07-09T06:02:32.456559,2,1,118.35,0.5,118.1,150,117.7,100,,,,,,,,,,,,,,,,,118.6,150,,,,,,,,,,,,,,,,,,
2026-07-09T06:02:32.519305+00:00,2026-07-09T06:02:32.519386,2,2,118.15,0.1,118.1,150,117.7,100,,,,,,,,,,,,,,,,,118.2,100,118.6,150,,,,,,,,,,,,,,,,
2026-07-09T06:02:32.995053+00:00,2026-07-09T06:02:32.995220,2,2,118.15,0.1,118.1,150,117.7,100,,,,,,,,,,,,,,,,,118.2,50,118.6,150,,,,,,,,,,,,,,,,
2026-07-09T06:02:34.346282+00:00,2026-07-09T06:02:34.346206,2,2,118.15,0.1,118.1,150,117.7,100,,,,,,,,,,,,,,,,,118.2,7,118.6,150,,,,,,,,,,,,,,,,
2026-07-09T06:02:34.658613+00:00,2026-07-09T06:02:34.653295,1,1,117.95,0.5,117.7,100,,,,,,,,,,,,,,,,,,,118.2,7,,,,,,,,,,,,,,,,,,
2026-07-09T06:02:34.707513+00:00,2026-07-09T06:02:34.707478,2,1,118.15,0.1,118.1,150,117.7,100,,,,,,,,,,,,,,,,,118.2,7,,,,,,,,,,,,,,,,,,
2026-07-09T06:02:34.758537+00:00,2026-07-09T06:02:34.758120,2,2,118.15,0.1,118.1,150,117.7,100,,,,,,,,,,,,,,,,,118.2,7,118.6,150,,,,,,,,,,,,,,,,
2026-07-09T06:02:35.109011+00:00,2026-07-09T06:02:35.108941,2,1,118.35,0.5,118.1,150,117.7,100,,,,,,,,,,,,,,,,,118.6,107,,,,,,,,,,,,,,,,,,
2026-07-09T06:02:35.571172+00:00,2026-07-09T06:02:35.571045,1,1,118.35,0.5,118.1,150,,,,,,,,,,,,,,,,,,,118.6,107,,,,,,,,,,,,,,,,,,
2026-07-09T06:02:35.623811+00:00,2026-07-09T06:02:35.623750,1,1,118.35,0.5,118.1,250,,,,,,,,,,,,,,,,,,,118.6,107,,,,,,,,,,,,,,,,,,
2026-07-09T06:02:35.678674+00:00,2026-07-09T06:02:35.678598,1,1,118.35,0.5,118.1,250,,,,,,,,,,,,,,,,,,,118.6,207,,,,,,,,,,,,,,,,,,
2026-07-09T06:02:37.246340+00:00,2026-07-09T06:02:37.246510,1,1,118.35,0.5,118.1,250,,,,,,,,,,,,,,,,,,,118.6,157,,,,,,,,,,,,,,,,,,
2026-07-09T06:02:37.811768+00:00,2026-07-09T06:02:37.811663,1,1,118.35,0.5,118.1,250,,,,,,,,,,,,,,,,,,,118.6,100,,,,,,,,,,,,,,,,,,
2026-07-09T06:02:37.817036+00:00,2026-07-09T06:02:37.816857,1,1,118.35,0.5,118.1,100,,,,,,,,,,,,,,,,,,,118.6,100,,,,,,,,,,,,,,,,,,
2026-07-09T06:02:37.868736+00:00,2026-07-09T06:02:37.868891,2,1,118.55,0.1,118.5,150,118.1,100,,,,,,,,,,,,,,,,,118.6,100,,,,,,,,,,,,,,,,,,
2026-07-09T06:02:37.879574+00:00,2026-07-09T06:02:37.873279,2,1,118.55,0.1,118.5,128,118.1,100,,,,,,,,,,,,,,,,,118.6,100,,,,,,,,,,,,,,,,,,
2026-07-09T06:02:37.925551+00:00,2026-07-09T06:02:37.925487,2,2,118.55,0.1,118.5,128,118.1,100,,,,,,,,,,,,,,,,,118.6,100,119.0,150,,,,,,,,,,,,,,,,
2026-07-09T06:02:38.733627+00:00,2026-07-09T06:02:38.733523,1,1,118.75,0.5,118.5,128,,,,,,,,,,,,,,,,,,,119.0,150,,,,,,,,,,,,,,,,,,
2026-07-09T06:02:38.788246+00:00,2026-07-09T06:02:38.788114,2,1,118.75,0.5,118.5,128,118.2,100,,,,,,,,,,,,,,,,,119.0,150,,,,,,,,,,,,,,,,,,
2026-07-09T06:02:38.842233+00:00,2026-07-09T06:02:38.842110,2,2,118.6,0.2,118.5,128,118.2,100,,,,,,,,,,,,,,,,,118.7,100,119.0,150,,,,,,,,,,,,,,,,
2026-07-09T06:02:39.358590+00:00,2026-07-09T06:02:39.354578,2,2,118.6,0.2,118.5,128,118.2,100,,,,,,,,,,,,,,,,,118.7,50,119.0,150,,,,,,,,,,,,,,,,
2026-07-09T06:02:40.085778+00:00,2026-07-09T06:02:40.085901,2,2,118.6,0.2,118.5,86,118.2,100,,,,,,,,,,,,,,,,,118.7,50,119.0,150,,,,,,,,,,,,,,,,
2026-07-09T06:02:40.631189+00:00,2026-07-09T06:02:40.622915,2,2,118.6,0.2,118.5,74,118.2,100,,,,,,,,,,,,,,,,,118.7,50,119.0,150,,,,,,,,,,,,,,,,
2026-07-09T06:02:40.983317+00:00,2026-07-09T06:02:40.983227,1,1,118.45,0.5,118.2,100,,,,,,,,,,,,,,,,,,,118.7,50,,,,,,,,,,,,,,,,,,
2026-07-09T06:02:41.040124+00:00,2026-07-09T06:02:41.040025,2,1,118.45,0.5,118.2,100,118.1,150,,,,,,,,,,,,,,,,,118.7,50,,,,,,,,,,,,,,,,,,
2026-07-09T06:02:41.095022+00:00,2026-07-09T06:02:41.094921,2,2,118.4,0.4,118.2,100,118.1,150,,,,,,,,,,,,,,,,,118.6,150,118.7,50,,,,,,,,,,,,,,,,
2026-07-09T06:02:41.201991+00:00,2026-07-09T06:02:41.202112,2,2,118.4,0.4,118.2,56,118.1,150,,,,,,,,,,,,,,,,,118.6,150,118.7,50,,,,,,,,,,,,,,,,
2026-07-09T06:02:41.481363+00:00,2026-07-09T06:02:41.473925,2,2,118.4,0.4,118.2,56,118.1,150,,,,,,,,,,,,,,,,,118.6,138,118.7,50,,,,,,,,,,,,,,,,
2026-07-09T06:02:41.518319+00:00,2026-07-09T06:02:41.518290,2,2,118.4,0.4,118.2,6,118.1,150,,,,,,,,,,,,,,,,,118.6,138,118.7,50,,,,,,,,,,,,,,,,
2026-07-09T06:02:41.896692+00:00,2026-07-09T06:02:41.896633,1,1,118.35,0.5,118.1,150,,,,,,,,,,,,,,,,,,,118.6,138,,,,,,,,,,,,,,,,,,
2026-07-09T06:02:41.958642+00:00,2026-07-09T06:02:41.953958,2,1,118.45,0.3,118.3,100,118.1,150,,,,,,,,,,,,,,,,,118.6,138,,,,,,,,,,,,,,,,,,
2026-07-09T06:02:42.008849+00:00,2026-07-09T06:02:42.008727,2,2,118.45,0.3,118.3,100,118.1,150,,,,,,,,,,,,,,,,,118.6,138,118.8,100,,,,,,,,,,,,,,,,
2026-07-09T06:02:43.454037+00:00,2026-07-09T06:02:43.453928,2,2,118.45,0.3,118.3,60,118.1,150,,,,,,,,,,,,,,,,,118.6,138,118.8,100,,,,,,,,,,,,,,,,
2026-07-09T06:02:44.149682+00:00,2026-07-09T06:02:44.149586,2,1,118.55,0.5,118.3,60,118.1,150,,,,,,,,,,,,,,,,,118.8,100,,,,,,,,,,,,,,,,,,
2026-07-09T06:02:44.154787+00:00,2026-07-09T06:02:44.154760,1,1,118.55,0.5,118.3,60,,,,,,,,,,,,,,,,,,,118.8,100,,,,,,,,,,,,,,,,,,
2026-07-09T06:02:44.210956+00:00,2026-07-09T06:02:44.210771,1,1,118.55,0.5,118.3,210,,,,,,,,,,,,,,,,,,,118.8,100,,,,,,,,,,,,,,,,,,
2026-07-09T06:02:44.258689+00:00,2026-07-09T06:02:44.256472,1,1,118.55,0.5,118.3,210,,,,,,,,,,,,,,,,,,,118.8,250,,,,,,,,,,,,,,,,,,
2026-07-09T06:02:45.058618+00:00,2026-07-09T06:02:45.057929,1,1,118.55,0.5,118.3,150,,,,,,,,,,,,,,,,,,,118.8,150,,,,,,,,,,,,,,,,,,
2026-07-09T06:02:45.116691+00:00,2026-07-09T06:02:45.116659,2,1,118.55,0.5,118.3,150,118.0,100,,,,,,,,,,,,,,,,,118.8,150,,,,,,,,,,,,,,,,,,
2026-07-09T06:02:45.171151+00:00,2026-07-09T06:02:45.171061,2,2,118.4,0.2,118.3,150,118.0,100,,,,,,,,,,,,,,,,,118.5,100,118.8,150,,,,,,,,,,,,,,,,
2026-07-09T06:02:45.613996+00:00,2026-07-09T06:02:45.613856,2,2,118.4,0.2,118.3,150,118.0,100,,,,,,,,,,,,,,,,,118.5,59,118.8,150,,,,,,,,,,,,,,,,
2026-07-09T06:02:45.677302+00:00,2026-07-09T06:02:45.677465,2,2,118.4,0.2,118.3,150,118.0,100,,,,,,,,,,,,,,,,,118.5,9,118.8,150,,,,,,,,,,,,,,,,
2026-07-09T06:02:47.038734+00:00,2026-07-09T06:02:47.038682,2,1,118.55,0.5,118.3,150,118.0,100,,,,,,,,,,,,,,,,,118.8,150,,,,,,,,,,,,,,,,,,
2026-07-09T06:02:47.317824+00:00,2026-07-09T06:02:47.317924,1,0,,,118.0,100,,,,,,,,,,,,,,,,,,,,,,,,,,,,,,,,,,,,,,
2026-07-09T06:02:47.371365+00:00,2026-07-09T06:02:47.371267,2,0,,,118.2,150,118.0,100,,,,,,,,,,,,,,,,,,,,,,,,,,,,,,,,,,,,
2026-07-09T06:02:47.423011+00:00,2026-07-09T06:02:47.422928,2,1,118.45,0.5,118.2,150,118.0,100,,,,,,,,,,,,,,,,,118.7,150,,,,,,,,,,,,,,,,,,
2026-07-09T06:02:47.688632+00:00,2026-07-09T06:02:47.688564,2,1,118.45,0.5,118.2,102,118.0,100,,,,,,,,,,,,,,,,,118.7,150,,,,,,,,,,,,,,,,,,
2026-07-09T06:02:47.787083+00:00,2026-07-09T06:02:47.786945,2,1,118.45,0.5,118.2,102,118.0,100,,,,,,,,,,,,,,,,,118.7,100,,,,,,,,,,,,,,,,,,
2026-07-09T06:02:48.224719+00:00,2026-07-09T06:02:48.224651,1,1,118.45,0.5,118.2,102,,,,,,,,,,,,,,,,,,,118.7,100,,,,,,,,,,,,,,,,,,
2026-07-09T06:02:48.278896+00:00,2026-07-09T06:02:48.278803,2,1,118.55,0.3,118.4,100,118.2,102,,,,,,,,,,,,,,,,,118.7,100,,,,,,,,,,,,,,,,,,
2026-07-09T06:02:48.333764+00:00,2026-07-09T06:02:48.333669,2,2,118.55,0.3,118.4,100,118.2,102,,,,,,,,,,,,,,,,,118.7,100,118.9,100,,,,,,,,,,,,,,,,
2026-07-09T06:02:49.895059+00:00,2026-07-09T06:02:49.895024,2,2,118.55,0.3,118.4,100,118.2,102,,,,,,,,,,,,,,,,,118.7,50,118.9,100,,,,,,,,,,,,,,,,
2026-07-09T06:02:50.480315+00:00,2026-07-09T06:02:50.480254,1,1,118.65,0.5,118.4,100,,,,,,,,,,,,,,,,,,,118.9,100,,,,,,,,,,,,,,,,,,
2026-07-09T06:02:50.536010+00:00,2026-07-09T06:02:50.535907,2,1,118.75,0.3,118.6,150,118.4,100,,,,,,,,,,,,,,,,,118.9,100,,,,,,,,,,,,,,,,,,
2026-07-09T06:02:50.584990+00:00,2026-07-09T06:02:50.585105,2,2,118.75,0.3,118.6,150,118.4,100,,,,,,,,,,,,,,,,,118.9,100,119.1,150,,,,,,,,,,,,,,,,
2026-07-09T06:02:51.388966+00:00,2026-07-09T06:02:51.389132,1,1,118.85,0.5,118.6,150,,,,,,,,,,,,,,,,,,,119.1,150,,,,,,,,,,,,,,,,,,
2026-07-09T06:02:51.450213+00:00,2026-07-09T06:02:51.450149,2,1,118.85,0.5,118.6,150,118.4,100,,,,,,,,,,,,,,,,,119.1,150,,,,,,,,,,,,,,,,,,
2026-07-09T06:02:51.500956+00:00,2026-07-09T06:02:51.500922,2,2,118.75,0.3,118.6,150,118.4,100,,,,,,,,,,,,,,,,,118.9,100,119.1,150,,,,,,,,,,,,,,,,
2026-07-09T06:02:52.073853+00:00,2026-07-09T06:02:52.073786,2,2,118.75,0.3,118.6,100,118.4,100,,,,,,,,,,,,,,,,,118.9,100,119.1,150,,,,,,,,,,,,,,,,
2026-07-09T06:02:52.309129+00:00,2026-07-09T06:02:52.309054,2,2,118.75,0.3,118.6,100,118.4,100,,,,,,,,,,,,,,,,,118.9,59,119.1,150,,,,,,,,,,,,,,,,
2026-07-09T06:02:52.748581+00:00,2026-07-09T06:02:52.742231,2,2,118.75,0.3,118.6,88,118.4,100,,,,,,,,,,,,,,,,,118.9,59,119.1,150,,,,,,,,,,,,,,,,
2026-07-09T06:02:53.514306+00:00,2026-07-09T06:02:53.514105,2,2,118.75,0.3,118.6,47,118.4,100,,,,,,,,,,,,,,,,,118.9,59,119.1,150,,,,,,,,,,,,,,,,
2026-07-09T06:02:53.643204+00:00,2026-07-09T06:02:53.643130,1,1,118.65,0.5,118.4,100,,,,,,,,,,,,,,,,,,,118.9,59,,,,,,,,,,,,,,,,,,
2026-07-09T06:02:53.697030+00:00,2026-07-09T06:02:53.696962,2,1,118.65,0.5,118.4,100,118.2,150,,,,,,,,,,,,,,,,,118.9,59,,,,,,,,,,,,,,,,,,
2026-07-09T06:02:53.758700+00:00,2026-07-09T06:02:53.751674,2,2,118.55,0.3,118.4,100,118.2,150,,,,,,,,,,,,,,,,,118.7,150,118.9,59,,,,,,,,,,,,,,,,
2026-07-09T06:02:54.128466+00:00,2026-07-09T06:02:54.128419,2,2,118.55,0.3,118.4,100,118.2,150,,,,,,,,,,,,,,,,,118.7,100,118.9,59,,,,,,,,,,,,,,,,
2026-07-09T06:02:54.558607+00:00,2026-07-09T06:02:54.555013,1,1,118.45,0.5,118.2,150,,,,,,,,,,,,,,,,,,,118.7,100,,,,,,,,,,,,,,,,,,
2026-07-09T06:02:54.612044+00:00,2026-07-09T06:02:54.611984,2,1,118.65,0.1,118.6,100,118.2,150,,,,,,,,,,,,,,,,,118.7,100,,,,,,,,,,,,,,,,,,
2026-07-09T06:02:54.658584+00:00,2026-07-09T06:02:54.656584,2,2,118.65,0.1,118.6,100,118.2,150,,,,,,,,,,,,,,,,,118.7,100,119.1,100,,,,,,,,,,,,,,,,
2026-07-09T06:02:54.700100+00:00,2026-07-09T06:02:54.700229,2,2,118.65,0.1,118.6,100,118.2,150,,,,,,,,,,,,,,,,,118.7,59,119.1,100,,,,,,,,,,,,,,,,
2026-07-09T06:02:54.754915+00:00,2026-07-09T06:02:54.754870,2,2,118.65,0.1,118.6,52,118.2,150,,,,,,,,,,,,,,,,,118.7,59,119.1,100,,,,,,,,,,,,,,,,
2026-07-09T06:02:55.269361+00:00,2026-07-09T06:02:55.269235,2,2,118.65,0.1,118.6,52,118.2,150,,,,,,,,,,,,,,,,,118.7,17,119.1,100,,,,,,,,,,,,,,,,
2026-07-09T06:02:56.268754+00:00,2026-07-09T06:02:56.268669,2,1,118.85,0.5,118.6,52,118.2,150,,,,,,,,,,,,,,,,,119.1,67,,,,,,,,,,,,,,,,,,
2026-07-09T06:02:56.808572+00:00,2026-07-09T06:02:56.808457,1,1,118.85,0.5,118.6,52,,,,,,,,,,,,,,,,,,,119.1,67,,,,,,,,,,,,,,,,,,
2026-07-09T06:02:56.859737+00:00,2026-07-09T06:02:56.859648,2,1,118.95,0.3,118.8,150,118.6,52,,,,,,,,,,,,,,,,,119.1,67,,,,,,,,,,,,,,,,,,
2026-07-09T06:02:56.913133+00:00,2026-07-09T06:02:56.913266,2,2,118.95,0.3,118.8,150,118.6,52,,,,,,,,,,,,,,,,,119.1,67,119.3,150,,,,,,,,,,,,,,,,
2026-07-09T06:02:57.721932+00:00,2026-07-09T06:02:57.721885,1,1,119.05,0.5,118.8,150,,,,,,,,,,,,,,,,,,,119.3,150,,,,,,,,,,,,,,,,,,
2026-07-09T06:02:57.774213+00:00,2026-07-09T06:02:57.774124,2,1,119.05,0.5,118.8,150,118.7,100,,,,,,,,,,,,,,,,,119.3,150,,,,,,,,,,,,,,,,,,
2026-07-09T06:02:57.836667+00:00,2026-07-09T06:02:57.836565,2,2,119.0,0.4,118.8,150,118.7,100,,,,,,,,,,,,,,,,,119.2,100,119.3,150,,,,,,,,,,,,,,,,
2026-07-09T06:02:58.378816+00:00,2026-07-09T06:02:58.378763,2,2,119.0,0.4,118.8,150,118.7,100,,,,,,,,,,,,,,,,,119.2,50,119.3,150,,,,,,,,,,,,,,,,
2026-07-09T06:02:58.881968+00:00,2026-07-09T06:02:58.881801,2,1,119.05,0.5,118.8,150,118.7,100,,,,,,,,,,,,,,,,,119.3,150,,,,,,,,,,,,,,,,,,
2026-07-09T06:02:58.887075+00:00,2026-07-09T06:02:58.887045,2,1,119.05,0.5,118.8,150,118.7,100,,,,,,,,,,,,,,,,,119.3,145,,,,,,,,,,,,,,,,,,
2026-07-09T06:02:59.970734+00:00,2026-07-09T06:02:59.970652,1,0,,,118.7,100,,,,,,,,,,,,,,,,,,,,,,,,,,,,,,,,,,,,,,
2026-07-09T06:03:00.021394+00:00,2026-07-09T06:03:00.021541,2,0,,,119.0,150,118.7,100,,,,,,,,,,,,,,,,,,,,,,,,,,,,,,,,,,,,
2026-07-09T06:03:00.086991+00:00,2026-07-09T06:03:00.080500,2,1,119.25,0.5,119.0,139,118.7,100,,,,,,,,,,,,,,,,,119.5,150,,,,,,,,,,,,,,,,,,
2026-07-09T06:03:00.494122+00:00,2026-07-09T06:03:00.494377,2,1,119.25,0.5,119.0,139,118.7,100,,,,,,,,,,,,,,,,,119.5,100,,,,,,,,,,,,,,,,,,
2026-07-09T06:03:00.891065+00:00,2026-07-09T06:03:00.890988,1,1,119.25,0.5,119.0,139,,,,,,,,,,,,,,,,,,,119.5,100,,,,,,,,,,,,,,,,,,
2026-07-09T06:03:00.943732+00:00,2026-07-09T06:03:00.943616,1,1,119.25,0.5,119.0,239,,,,,,,,,,,,,,,,,,,119.5,100,,,,,,,,,,,,,,,,,,
2026-07-09T06:03:01.009938+00:00,2026-07-09T06:03:01.009857,1,1,119.25,0.5,119.0,239,,,,,,,,,,,,,,,,,,,119.5,200,,,,,,,,,,,,,,,,,,
2026-07-09T06:03:01.894993+00:00,2026-07-09T06:03:01.894936,1,1,119.25,0.5,119.0,239,,,,,,,,,,,,,,,,,,,119.5,195,,,,,,,,,,,,,,,,,,
2026-07-09T06:03:02.603622+00:00,2026-07-09T06:03:02.603582,1,1,119.25,0.5,119.0,239,,,,,,,,,,,,,,,,,,,119.5,145,,,,,,,,,,,,,,,,,,
2026-07-09T06:03:03.133204+00:00,2026-07-09T06:03:03.133394,1,1,119.25,0.5,119.0,100,,,,,,,,,,,,,,,,,,,119.5,100,,,,,,,,,,,,,,,,,,
2026-07-09T06:03:03.190484+00:00,2026-07-09T06:03:03.190368,2,0,,,119.5,50,119.0,100,,,,,,,,,,,,,,,,,,,,,,,,,,,,,,,,,,,,
2026-07-09T06:03:03.279922+00:00,2026-07-09T06:03:03.269871,2,1,119.75,0.5,119.5,24,119.0,100,,,,,,,,,,,,,,,,,120.0,150,,,,,,,,,,,,,,,,,,
2026-07-09T06:03:03.939967+00:00,2026-07-09T06:03:03.939767,1,1,119.5,1.0,119.0,76,,,,,,,,,,,,,,,,,,,120.0,150,,,,,,,,,,,,,,,,,,
2026-07-09T06:03:04.058164+00:00,2026-07-09T06:03:04.058235,0,1,,,,,,,,,,,,,,,,,,,,,,,120.0,150,,,,,,,,,,,,,,,,,,
2026-07-09T06:03:04.111616+00:00,2026-07-09T06:03:04.111715,1,1,119.65,0.7,119.3,100,,,,,,,,,,,,,,,,,,,120.0,150,,,,,,,,,,,,,,,,,,
2026-07-09T06:03:04.158591+00:00,2026-07-09T06:03:04.157635,1,2,119.55,0.5,119.3,100,,,,,,,,,,,,,,,,,,,119.8,100,120.0,150,,,,,,,,,,,,,,,,
2026-07-09T06:03:05.120882+00:00,2026-07-09T06:03:05.120778,1,2,119.55,0.5,119.3,55,,,,,,,,,,,,,,,,,,,119.8,100,120.0,150,,,,,,,,,,,,,,,,
2026-07-09T06:03:06.319770+00:00,2026-07-09T06:03:06.319678,1,1,119.55,0.5,119.3,55,,,,,,,,,,,,,,,,,,,119.8,100,,,,,,,,,,,,,,,,,,
2026-07-09T06:03:06.376515+00:00,2026-07-09T06:03:06.376377,2,1,119.55,0.5,119.3,55,118.8,150,,,,,,,,,,,,,,,,,119.8,100,,,,,,,,,,,,,,,,,,
2026-07-09T06:03:06.432041+00:00,2026-07-09T06:03:06.431932,1,2,119.05,0.5,118.8,150,,,,,,,,,,,,,,,,,,,119.3,95,119.8,100,,,,,,,,,,,,,,,,
2026-07-09T06:03:06.681519+00:00,2026-07-09T06:03:06.681470,1,2,119.05,0.5,118.8,150,,,,,,,,,,,,,,,,,,,119.3,46,119.8,100,,,,,,,,,,,,,,,,
2026-07-09T06:03:06.918340+00:00,2026-07-09T06:03:06.918294,1,2,119.05,0.5,118.8,100,,,,,,,,,,,,,,,,,,,119.3,46,119.8,100,,,,,,,,,,,,,,,,
2026-07-09T06:03:07.222513+00:00,2026-07-09T06:03:07.222591,1,1,119.05,0.5,118.8,100,,,,,,,,,,,,,,,,,,,119.3,46,,,,,,,,,,,,,,,,,,
2026-07-09T06:03:07.274269+00:00,2026-07-09T06:03:07.274187,2,1,119.15,0.3,119.0,100,118.8,100,,,,,,,,,,,,,,,,,119.3,46,,,,,,,,,,,,,,,,,,
2026-07-09T06:03:07.310318+00:00,2026-07-09T06:03:07.310177,2,1,119.15,0.3,119.0,51,118.8,100,,,,,,,,,,,,,,,,,119.3,46,,,,,,,,,,,,,,,,,,
2026-07-09T06:03:07.324644+00:00,2026-07-09T06:03:07.324799,2,2,119.15,0.3,119.0,51,118.8,100,,,,,,,,,,,,,,,,,119.3,46,119.5,100,,,,,,,,,,,,,,,,
2026-07-09T06:03:07.782333+00:00,2026-07-09T06:03:07.775579,2,2,119.15,0.3,119.0,51,118.8,100,,,,,,,,,,,,,,,,,119.3,32,119.5,100,,,,,,,,,,,,,,,,
2026-07-09T06:03:07.914374+00:00,2026-07-09T06:03:07.914319,2,1,119.25,0.5,119.0,51,118.8,100,,,,,,,,,,,,,,,,,119.5,100,,,,,,,,,,,,,,,,,,
2026-07-09T06:03:07.924845+00:00,2026-07-09T06:03:07.924729,2,1,119.25,0.5,119.0,51,118.8,100,,,,,,,,,,,,,,,,,119.5,95,,,,,,,,,,,,,,,,,,
2026-07-09T06:03:08.974928+00:00,2026-07-09T06:03:08.974867,2,1,119.25,0.5,119.0,51,118.8,100,,,,,,,,,,,,,,,,,119.5,45,,,,,,,,,,,,,,,,,,
2026-07-09T06:03:09.489890+00:00,2026-07-09T06:03:09.489815,1,1,119.25,0.5,119.0,51,,,,,,,,,,,,,,,,,,,119.5,45,,,,,,,,,,,,,,,,,,
2026-07-09T06:03:09.544219+00:00,2026-07-09T06:03:09.544081,2,0,,,119.6,105,119.0,51,,,,,,,,,,,,,,,,,,,,,,,,,,,,,,,,,,,,
2026-07-09T06:03:09.596717+00:00,2026-07-09T06:03:09.596601,2,1,119.85,0.5,119.6,105,119.0,51,,,,,,,,,,,,,,,,,120.1,150,,,,,,,,,,,,,,,,,,
2026-07-09T06:03:09.705403+00:00,2026-07-09T06:03:09.696445,2,1,119.85,0.5,119.6,94,119.0,51,,,,,,,,,,,,,,,,,120.1,150,,,,,,,,,,,,,,,,,,
2026-07-09T06:03:10.380367+00:00,2026-07-09T06:03:10.380307,1,1,119.85,0.5,119.6,94,,,,,,,,,,,,,,,,,,,120.1,150,,,,,,,,,,,,,,,,,,
2026-07-09T06:03:10.432257+00:00,2026-07-09T06:03:10.432325,2,1,119.85,0.5,119.6,94,119.4,100,,,,,,,,,,,,,,,,,120.1,150,,,,,,,,,,,,,,,,,,
2026-07-09T06:03:10.482174+00:00,2026-07-09T06:03:10.482343,2,2,119.75,0.3,119.6,94,119.4,100,,,,,,,,,,,,,,,,,119.9,100,120.1,150,,,,,,,,,,,,,,,,
2026-07-09T06:03:10.937737+00:00,2026-07-09T06:03:10.937680,2,2,119.75,0.3,119.6,22,119.4,100,,,,,,,,,,,,,,,,,119.9,100,120.1,150,,,,,,,,,,,,,,,,
2026-07-09T06:03:10.942908+00:00,2026-07-09T06:03:10.942864,2,2,119.75,0.3,119.6,22,119.4,100,,,,,,,,,,,,,,,,,119.9,95,120.1,150,,,,,,,,,,,,,,,,
2026-07-09T06:03:11.084550+00:00,2026-07-09T06:03:11.084475,2,2,119.75,0.3,119.6,22,119.4,100,,,,,,,,,,,,,,,,,119.9,45,120.1,150,,,,,,,,,,,,,,,,
2026-07-09T06:03:12.658535+00:00,2026-07-09T06:03:12.653293,1,1,119.65,0.5,119.4,100,,,,,,,,,,,,,,,,,,,119.9,45,,,,,,,,,,,,,,,,,,
2026-07-09T06:03:12.707951+00:00,2026-07-09T06:03:12.707861,2,1,119.65,0.5,119.4,100,119.0,150,,,,,,,,,,,,,,,,,119.9,45,,,,,,,,,,,,,,,,,,
2026-07-09T06:03:12.758615+00:00,2026-07-09T06:03:12.757080,2,2,119.45,0.1,119.4,100,119.0,150,,,,,,,,,,,,,,,,,119.5,150,119.9,45,,,,,,,,,,,,,,,,
2026-07-09T06:03:13.192912+00:00,2026-07-09T06:03:13.192792,2,2,119.45,0.1,119.4,100,119.0,150,,,,,,,,,,,,,,,,,119.5,100,119.9,45,,,,,,,,,,,,,,,,
2026-07-09T06:03:13.538301+00:00,2026-07-09T06:03:13.538206,1,1,119.25,0.5,119.0,150,,,,,,,,,,,,,,,,,,,119.5,100,,,,,,,,,,,,,,,,,,
2026-07-09T06:03:13.595681+00:00,2026-07-09T06:03:13.595753,1,0,,,119.0,150,,,,,,,,,,,,,,,,,,,,,,,,,,,,,,,,,,,,,,
2026-07-09T06:03:13.645825+00:00,2026-07-09T06:03:13.645775,1,1,119.55,1.1,119.0,150,,,,,,,,,,,,,,,,,,,120.1,100,,,,,,,,,,,,,,,,,,
2026-07-09T06:03:14.058598+00:00,2026-07-09T06:03:14.052961,1,1,119.55,1.1,119.0,150,,,,,,,,,,,,,,,,,,,120.1,57,,,,,,,,,,,,,,,,,,
2026-07-09T06:03:15.303722+00:00,2026-07-09T06:03:15.303655,1,1,119.55,1.1,119.0,150,,,,,,,,,,,,,,,,,,,120.1,7,,,,,,,,,,,,,,,,,,
2026-07-09T06:03:15.816209+00:00,2026-07-09T06:03:15.816070,0,1,,,,,,,,,,,,,,,,,,,,,,,120.1,7,,,,,,,,,,,,,,,,,,
2026-07-09T06:03:15.869226+00:00,2026-07-09T06:03:15.869101,1,1,119.85,0.5,119.6,150,,,,,,,,,,,,,,,,,,,120.1,7,,,,,,,,,,,,,,,,,,
2026-07-09T06:03:15.924439+00:00,2026-07-09T06:03:15.924542,1,1,119.85,0.5,119.6,150,,,,,,,,,,,,,,,,,,,120.1,157,,,,,,,,,,,,,,,,,,
2026-07-09T06:03:16.702754+00:00,2026-07-09T06:03:16.702603,1,1,119.85,0.5,119.6,150,,,,,,,,,,,,,,,,,,,120.1,150,,,,,,,,,,,,,,,,,,
2026-07-09T06:03:16.750457+00:00,2026-07-09T06:03:16.750553,2,1,119.85,0.5,119.6,150,119.5,100,,,,,,,,,,,,,,,,,120.1,150,,,,,,,,,,,,,,,,,,
2026-07-09T06:03:16.809046+00:00,2026-07-09T06:03:16.808970,2,2,119.8,0.4,119.6,150,119.5,100,,,,,,,,,,,,,,,,,120.0,100,120.1,150,,,,,,,,,,,,,,,,
2026-07-09T06:03:17.446355+00:00,2026-07-09T06:03:17.446255,2,2,119.8,0.4,119.6,150,119.5,100,,,,,,,,,,,,,,,,,120.0,50,120.1,150,,,,,,,,,,,,,,,,
2026-07-09T06:03:18.976989+00:00,2026-07-09T06:03:18.976924,1,1,119.75,0.5,119.5,100,,,,,,,,,,,,,,,,,,,120.0,50,,,,,,,,,,,,,,,,,,
2026-07-09T06:03:19.040676+00:00,2026-07-09T06:03:19.040529,2,1,119.9,0.2,119.8,150,119.5,100,,,,,,,,,,,,,,,,,120.0,50,,,,,,,,,,,,,,,,,,
2026-07-09T06:03:19.092031+00:00,2026-07-09T06:03:19.091983,2,2,119.9,0.2,119.8,150,119.5,100,,,,,,,,,,,,,,,,,120.0,50,120.3,150,,,,,,,,,,,,,,,,
2026-07-09T06:03:19.636747+00:00,2026-07-09T06:03:19.636541,2,2,119.9,0.2,119.8,100,119.5,100,,,,,,,,,,,,,,,,,120.0,50,120.3,150,,,,,,,,,,,,,,,,
2026-07-09T06:03:19.672320+00:00,2026-07-09T06:03:19.664450,2,2,119.9,0.2,119.8,97,119.5,100,,,,,,,,,,,,,,,,,120.0,50,120.3,150,,,,,,,,,,,,,,,,
2026-07-09T06:03:19.858587+00:00,2026-07-09T06:03:19.857585,1,1,120.05,0.5,119.8,97,,,,,,,,,,,,,,,,,,,120.3,150,,,,,,,,,,,,,,,,,,
2026-07-09T06:03:19.914724+00:00,2026-07-09T06:03:19.914643,2,1,120.05,0.5,119.8,97,119.6,100,,,,,,,,,,,,,,,,,120.3,150,,,,,,,,,,,,,,,,,,
2026-07-09T06:03:19.985691+00:00,2026-07-09T06:03:19.985670,2,2,119.95,0.3,119.8,97,119.6,100,,,,,,,,,,,,,,,,,120.1,100,120.3,150,,,,,,,,,,,,,,,,
2026-07-09T06:03:20.555844+00:00,2026-07-09T06:03:20.555962,2,2,119.95,0.3,119.8,50,119.6,100,,,,,,,,,,,,,,,,,120.1,100,120.3,150,,,,,,,,,,,,,,,,
2026-07-09T06:03:21.741842+00:00,2026-07-09T06:03:21.741781,1,2,119.85,0.5,119.6,100,,,,,,,,,,,,,,,,,,,120.1,100,120.3,150,,,,,,,,,,,,,,,,
2026-07-09T06:03:22.147750+00:00,2026-07-09T06:03:22.147654,1,1,119.85,0.5,119.6,100,,,,,,,,,,,,,,,,,,,120.1,100,,,,,,,,,,,,,,,,,,
2026-07-09T06:03:22.200713+00:00,2026-07-09T06:03:22.200692,2,1,119.85,0.5,119.6,100,119.1,150,,,,,,,,,,,,,,,,,120.1,100,,,,,,,,,,,,,,,,,,
2026-07-09T06:03:22.264005+00:00,2026-07-09T06:03:22.263883,1,2,119.35,0.5,119.1,150,,,,,,,,,,,,,,,,,,,119.6,50,120.1,100,,,,,,,,,,,,,,,,
2026-07-09T06:03:22.994846+00:00,2026-07-09T06:03:22.994791,1,2,119.35,0.5,119.1,150,,,,,,,,,,,,,,,,,,,119.6,45,120.1,100,,,,,,,,,,,,,,,,
2026-07-09T06:03:23.039290+00:00,2026-07-09T06:03:23.039261,1,1,119.35,0.5,119.1,150,,,,,,,,,,,,,,,,,,,119.6,45,,,,,,,,,,,,,,,,,,
2026-07-09T06:03:23.092622+00:00,2026-07-09T06:03:23.092580,2,1,119.5,0.2,119.4,100,119.1,150,,,,,,,,,,,,,,,,,119.6,45,,,,,,,,,,,,,,,,,,
2026-07-09T06:03:23.146091+00:00,2026-07-09T06:03:23.145983,2,2,119.5,0.2,119.4,100,119.1,150,,,,,,,,,,,,,,,,,119.6,45,119.9,100,,,,,,,,,,,,,,,,
2026-07-09T06:03:23.864767+00:00,2026-07-09T06:03:23.864695,2,2,119.5,0.2,119.4,50,119.1,150,,,,,,,,,,,,,,,,,119.6,45,119.9,100,,,,,,,,,,,,,,,,
2026-07-09T06:03:25.312026+00:00,2026-07-09T06:03:25.311944,1,1,119.65,0.5,119.4,50,,,,,,,,,,,,,,,,,,,119.9,100,,,,,,,,,,,,,,,,,,
2026-07-09T06:03:25.363737+00:00,2026-07-09T06:03:25.363698,1,1,119.65,0.5,119.4,200,,,,,,,,,,,,,,,,,,,119.9,100,,,,,,,,,,,,,,,,,,
2026-07-09T06:03:25.415865+00:00,2026-07-09T06:03:25.415747,1,1,119.65,0.5,119.4,200,,,,,,,,,,,,,,,,,,,119.9,250,,,,,,,,,,,,,,,,,,
2026-07-09T06:03:25.976550+00:00,2026-07-09T06:03:25.976414,1,1,119.65,0.5,119.4,150,,,,,,,,,,,,,,,,,,,119.9,250,,,,,,,,,,,,,,,,,,
2026-07-09T06:03:26.202163+00:00,2026-07-09T06:03:26.202059,1,1,119.65,0.5,119.4,150,,,,,,,,,,,,,,,,,,,119.9,150,,,,,,,,,,,,,,,,,,
2026-07-09T06:03:26.251281+00:00,2026-07-09T06:03:26.251212,2,1,119.65,0.5,119.4,150,119.0,100,,,,,,,,,,,,,,,,,119.9,150,,,,,,,,,,,,,,,,,,
2026-07-09T06:03:26.318907+00:00,2026-07-09T06:03:26.312192,2,2,119.45,0.1,119.4,150,119.0,100,,,,,,,,,,,,,,,,,119.5,86,119.9,150,,,,,,,,,,,,,,,,
2026-07-09T06:03:27.578154+00:00,2026-07-09T06:03:27.578036,2,2,119.45,0.1,119.4,150,119.0,100,,,,,,,,,,,,,,,,,119.5,46,119.9,150,,,,,,,,,,,,,,,,
2026-07-09T06:03:28.114762+00:00,2026-07-09T06:03:28.114623,2,2,119.45,0.1,119.4,100,119.0,100,,,,,,,,,,,,,,,,,119.5,46,119.9,150,,,,,,,,,,,,,,,,
2026-07-09T06:03:28.474584+00:00,2026-07-09T06:03:28.474519,1,1,119.25,0.5,119.0,100,,,,,,,,,,,,,,,,,,,119.5,46,,,,,,,,,,,,,,,,,,
2026-07-09T06:03:28.526831+00:00,2026-07-09T06:03:28.526775,2,1,119.45,0.1,119.4,150,119.0,100,,,,,,,,,,,,,,,,,119.5,46,,,,,,,,,,,,,,,,,,
2026-07-09T06:03:28.582024+00:00,2026-07-09T06:03:28.581968,2,2,119.45,0.1,119.4,150,119.0,100,,,,,,,,,,,,,,,,,119.5,46,119.9,150,,,,,,,,,,,,,,,,
2026-07-09T06:03:28.640317+00:00,2026-07-09T06:03:28.640189,2,2,119.45,0.1,119.4,150,119.0,100,,,,,,,,,,,,,,,,,119.5,6,119.9,150,,,,,,,,,,,,,,,,
2026-07-09T06:03:28.858962+00:00,2026-07-09T06:03:28.852026,2,1,119.65,0.5,119.4,150,119.0,100,,,,,,,,,,,,,,,,,119.9,150,,,,,,,,,,,,,,,,,,
2026-07-09T06:03:29.152908+00:00,2026-07-09T06:03:29.152870,2,1,119.65,0.5,119.4,150,119.0,100,,,,,,,,,,,,,,,,,119.9,107,,,,,,,,,,,,,,,,,,
2026-07-09T06:03:29.204773+00:00,2026-07-09T06:03:29.204642,2,1,119.65,0.5,119.4,107,119.0,100,,,,,,,,,,,,,,,,,119.9,107,,,,,,,,,,,,,,,,,,
2026-07-09T06:03:29.358574+00:00,2026-07-09T06:03:29.357026,1,1,119.65,0.5,119.4,107,,,,,,,,,,,,,,,,,,,119.9,107,,,,,,,,,,,,,,,,,,
2026-07-09T06:03:29.416115+00:00,2026-07-09T06:03:29.416014,2,1,119.75,0.3,119.6,100,119.4,107,,,,,,,,,,,,,,,,,119.9,107,,,,,,,,,,,,,,,,,,
2026-07-09T06:03:29.469069+00:00,2026-07-09T06:03:29.469163,2,2,119.75,0.3,119.6,100,119.4,107,,,,,,,,,,,,,,,,,119.9,107,120.1,100,,,,,,,,,,,,,,,,
2026-07-09T06:03:29.724058+00:00,2026-07-09T06:03:29.723956,2,2,119.75,0.3,119.6,52,119.4,107,,,,,,,,,,,,,,,,,119.9,107,120.1,100,,,,,,,,,,,,,,,,
2026-07-09T06:03:30.222166+00:00,2026-07-09T06:03:30.222090,2,2,119.75,0.3,119.6,2,119.4,107,,,,,,,,,,,,,,,,,119.9,107,120.1,100,,,,,,,,,,,,,,,,
2026-07-09T06:03:30.305600+00:00,2026-07-09T06:03:30.299622,1,2,119.65,0.5,119.4,107,,,,,,,,,,,,,,,,,,,119.9,107,120.1,100,,,,,,,,,,,,,,,,
2026-07-09T06:03:31.635165+00:00,2026-07-09T06:03:31.635068,1,1,119.75,0.7,119.4,107,,,,,,,,,,,,,,,,,,,120.1,100,,,,,,,,,,,,,,,,,,
2026-07-09T06:03:31.640383+00:00,2026-07-09T06:03:31.640209,0,1,,,,,,,,,,,,,,,,,,,,,,,120.1,100,,,,,,,,,,,,,,,,,,
2026-07-09T06:03:31.694944+00:00,2026-07-09T06:03:31.695017,1,1,119.7,0.8,119.3,150,,,,,,,,,,,,,,,,,,,120.1,100,,,,,,,,,,,,,,,,,,
2026-07-09T06:03:31.754190+00:00,2026-07-09T06:03:31.754017,1,2,119.55,0.5,119.3,150,,,,,,,,,,,,,,,,,,,119.8,150,120.1,100,,,,,,,,,,,,,,,,
2026-07-09T06:03:32.305464+00:00,2026-07-09T06:03:32.305351,1,2,119.55,0.5,119.3,150,,,,,,,,,,,,,,,,,,,119.8,103,120.1,100,,,,,,,,,,,,,,,,
2026-07-09T06:03:32.358552+00:00,2026-07-09T06:03:32.352934,1,2,119.55,0.5,119.3,100,,,,,,,,,,,,,,,,,,,119.8,103,120.1,100,,,,,,,,,,,,,,,,
2026-07-09T06:03:32.523647+00:00,2026-07-09T06:03:32.523611,1,1,119.55,0.5,119.3,100,,,,,,,,,,,,,,,,,,,119.8,103,,,,,,,,,,,,,,,,,,
2026-07-09T06:03:32.584624+00:00,2026-07-09T06:03:32.584506,2,1,119.55,0.5,119.3,100,119.2,100,,,,,,,,,,,,,,,,,119.8,103,,,,,,,,,,,,,,,,,,
2026-07-09T06:03:32.634360+00:00,2026-07-09T06:03:32.634287,2,2,119.5,0.4,119.3,100,119.2,100,,,,,,,,,,,,,,,,,119.7,100,119.8,103,,,,,,,,,,,,,,,,
2026-07-09T06:03:34.410610+00:00,2026-07-09T06:03:34.410744,2,2,119.5,0.4,119.3,100,119.2,100,,,,,,,,,,,,,,,,,119.7,54,119.8,103,,,,,,,,,,,,,,,,
2026-07-09T06:03:34.466128+00:00,2026-07-09T06:03:34.466060,2,2,119.5,0.4,119.3,50,119.2,100,,,,,,,,,,,,,,,,,119.7,54,119.8,103,,,,,,,,,,,,,,,,
2026-07-09T06:03:34.807242+00:00,2026-07-09T06:03:34.807175,1,1,119.45,0.5,119.2,100,,,,,,,,,,,,,,,,,,,119.7,54,,,,,,,,,,,,,,,,,,
2026-07-09T06:03:34.860868+00:00,2026-07-09T06:03:34.860943,2,1,119.5,0.4,119.3,150,119.2,100,,,,,,,,,,,,,,,,,119.7,54,,,,,,,,,,,,,,,,,,
2026-07-09T06:03:34.911412+00:00,2026-07-09T06:03:34.911541,2,2,119.5,0.4,119.3,150,119.2,100,,,,,,,,,,,,,,,,,119.7,54,119.8,150,,,,,,,,,,,,,,,,
2026-07-09T06:03:35.015204+00:00,2026-07-09T06:03:35.015105,2,1,119.55,0.5,119.3,150,119.2,100,,,,,,,,,,,,,,,,,119.8,150,,,,,,,,,,,,,,,,,,
2026-07-09T06:03:35.025520+00:00,2026-07-09T06:03:35.025451,2,1,119.55,0.5,119.3,150,119.2,100,,,,,,,,,,,,,,,,,119.8,145,,,,,,,,,,,,,,,,,,
2026-07-09T06:03:35.691884+00:00,2026-07-09T06:03:35.691846,1,1,119.55,0.5,119.3,150,,,,,,,,,,,,,,,,,,,119.8,145,,,,,,,,,,,,,,,,,,
2026-07-09T06:03:35.742170+00:00,2026-07-09T06:03:35.742259,2,1,119.7,0.2,119.6,100,119.3,150,,,,,,,,,,,,,,,,,119.8,145,,,,,,,,,,,,,,,,,,
2026-07-09T06:03:35.799556+00:00,2026-07-09T06:03:35.799429,2,2,119.7,0.2,119.6,100,119.3,150,,,,,,,,,,,,,,,,,119.8,145,120.1,100,,,,,,,,,,,,,,,,
2026-07-09T06:03:36.610463+00:00,2026-07-09T06:03:36.605477,2,2,119.7,0.2,119.6,46,119.3,150,,,,,,,,,,,,,,,,,119.8,145,120.1,100,,,,,,,,,,,,,,,,
2026-07-09T06:03:36.747461+00:00,2026-07-09T06:03:36.741100,2,2,119.7,0.2,119.6,32,119.3,150,,,,,,,,,,,,,,,,,119.8,145,120.1,100,,,,,,,,,,,,,,,,
2026-07-09T06:03:37.967385+00:00,2026-07-09T06:03:37.967280,1,1,119.85,0.5,119.6,32,,,,,,,,,,,,,,,,,,,120.1,100,,,,,,,,,,,,,,,,,,
2026-07-09T06:03:38.022091+00:00,2026-07-09T06:03:38.022232,2,1,119.85,0.5,119.6,32,118.9,150,,,,,,,,,,,,,,,,,120.1,100,,,,,,,,,,,,,,,,,,
2026-07-09T06:03:38.086843+00:00,2026-07-09T06:03:38.080484,1,2,119.15,0.5,118.9,150,,,,,,,,,,,,,,,,,,,119.4,104,120.1,100,,,,,,,,,,,,,,,,
2026-07-09T06:03:38.854216+00:00,2026-07-09T06:03:38.854332,1,1,119.15,0.5,118.9,150,,,,,,,,,,,,,,,,,,,119.4,104,,,,,,,,,,,,,,,,,,
2026-07-09T06:03:38.907479+00:00,2026-07-09T06:03:38.907444,2,1,119.25,0.3,119.1,100,118.9,150,,,,,,,,,,,,,,,,,119.4,104,,,,,,,,,,,,,,,,,,
2026-07-09T06:03:38.960237+00:00,2026-07-09T06:03:38.960181,2,2,119.25,0.3,119.1,100,118.9,150,,,,,,,,,,,,,,,,,119.4,104,119.6,100,,,,,,,,,,,,,,,,
2026-07-09T06:03:40.764402+00:00,2026-07-09T06:03:40.764298,2,2,119.25,0.3,119.1,100,118.9,150,,,,,,,,,,,,,,,,,119.4,54,119.6,100,,,,,,,,,,,,,,,,
2026-07-09T06:03:41.037421+00:00,2026-07-09T06:03:41.037335,2,2,119.25,0.3,119.1,58,118.9,150,,,,,,,,,,,,,,,,,119.4,54,119.6,100,,,,,,,,,,,,,,,,
2026-07-09T06:03:41.136116+00:00,2026-07-09T06:03:41.135996,1,1,119.35,0.5,119.1,58,,,,,,,,,,,,,,,,,,,119.6,100,,,,,,,,,,,,,,,,,,
2026-07-09T06:03:41.187721+00:00,2026-07-09T06:03:41.187664,2,1,119.45,0.3,119.3,150,119.1,58,,,,,,,,,,,,,,,,,119.6,100,,,,,,,,,,,,,,,,,,
2026-07-09T06:03:41.240883+00:00,2026-07-09T06:03:41.241034,2,2,119.45,0.3,119.3,150,119.1,58,,,,,,,,,,,,,,,,,119.6,100,119.8,150,,,,,,,,,,,,,,,,
2026-07-09T06:03:41.592300+00:00,2026-07-09T06:03:41.592230,2,2,119.45,0.3,119.3,103,119.1,58,,,,,,,,,,,,,,,,,119.6,100,119.8,150,,,,,,,,,,,,,,,,
2026-07-09T06:03:42.021525+00:00,2026-07-09T06:03:42.021423,2,1,119.55,0.5,119.3,103,119.1,58,,,,,,,,,,,,,,,,,119.8,150,,,,,,,,,,,,,,,,,,
2026-07-09T06:03:42.026512+00:00,2026-07-09T06:03:42.026578,1,1,119.55,0.5,119.3,103,,,,,,,,,,,,,,,,,,,119.8,150,,,,,,,,,,,,,,,,,,
2026-07-09T06:03:42.076644+00:00,2026-07-09T06:03:42.076463,2,1,119.55,0.5,119.3,103,118.9,100,,,,,,,,,,,,,,,,,119.8,150,,,,,,,,,,,,,,,,,,
2026-07-09T06:03:42.109166+00:00,2026-07-09T06:03:42.109043,2,1,119.55,0.5,119.3,61,118.9,100,,,,,,,,,,,,,,,,,119.8,150,,,,,,,,,,,,,,,,,,
2026-07-09T06:03:42.126168+00:00,2026-07-09T06:03:42.126286,2,2,119.35,0.1,119.3,61,118.9,100,,,,,,,,,,,,,,,,,119.4,100,119.8,150,,,,,,,,,,,,,,,,
2026-07-09T06:03:42.923492+00:00,2026-07-09T06:03:42.923359,2,2,119.35,0.1,119.3,11,118.9,100,,,,,,,,,,,,,,,,,119.4,100,119.8,150,,,,,,,,,,,,,,,,
2026-07-09T06:03:43.137550+00:00,2026-07-09T06:03:43.137487,2,2,119.35,0.1,119.3,11,118.9,100,,,,,,,,,,,,,,,,,119.4,54,119.8,150,,,,,,,,,,,,,,,,
2026-07-09T06:03:44.287747+00:00,2026-07-09T06:03:44.287666,2,2,119.35,0.1,119.3,11,118.9,100,,,,,,,,,,,,,,,,,119.4,6,119.8,150,,,,,,,,,,,,,,,,
2026-07-09T06:03:44.298138+00:00,2026-07-09T06:03:44.298111,1,1,119.15,0.5,118.9,100,,,,,,,,,,,,,,,,,,,119.4,6,,,,,,,,,,,,,,,,,,
2026-07-09T06:03:44.349806+00:00,2026-07-09T06:03:44.349689,2,1,119.15,0.5,118.9,100,118.7,150,,,,,,,,,,,,,,,,,119.4,6,,,,,,,,,,,,,,,,,,
2026-07-09T06:03:44.406441+00:00,2026-07-09T06:03:44.406367,2,2,119.05,0.3,118.9,100,118.7,150,,,,,,,,,,,,,,,,,119.2,150,119.4,6,,,,,,,,,,,,,,,,
2026-07-09T06:03:45.030644+00:00,2026-07-09T06:03:45.030531,2,2,119.05,0.3,118.9,50,118.7,150,,,,,,,,,,,,,,,,,119.2,150,119.4,6,,,,,,,,,,,,,,,,
2026-07-09T06:03:45.183925+00:00,2026-07-09T06:03:45.183851,1,1,118.95,0.5,118.7,150,,,,,,,,,,,,,,,,,,,119.2,150,,,,,,,,,,,,,,,,,,
2026-07-09T06:03:45.241248+00:00,2026-07-09T06:03:45.241115,2,1,119.05,0.3,118.9,100,118.7,150,,,,,,,,,,,,,,,,,119.2,150,,,,,,,,,,,,,,,,,,
2026-07-09T06:03:45.296435+00:00,2026-07-09T06:03:45.296299,2,2,119.05,0.3,118.9,100,118.7,150,,,,,,,,,,,,,,,,,119.2,150,119.4,100,,,,,,,,,,,,,,,,
2026-07-09T06:03:45.684776+00:00,2026-07-09T06:03:45.684632,2,2,119.05,0.3,118.9,100,118.7,150,,,,,,,,,,,,,,,,,119.2,104,119.4,100,,,,,,,,,,,,,,,,
2026-07-09T06:03:47.058676+00:00,2026-07-09T06:03:47.055540,2,2,119.05,0.3,118.9,100,118.7,150,,,,,,,,,,,,,,,,,119.2,102,119.4,100,,,,,,,,,,,,,,,,
2026-07-09T06:03:47.474260+00:00,2026-07-09T06:03:47.474197,1,1,119.15,0.5,118.9,100,,,,,,,,,,,,,,,,,,,119.4,100,,,,,,,,,,,,,,,,,,
2026-07-09T06:03:47.527390+00:00,2026-07-09T06:03:47.527337,2,1,119.2,0.4,119.0,150,118.9,100,,,,,,,,,,,,,,,,,119.4,100,,,,,,,,,,,,,,,,,,
2026-07-09T06:03:47.582993+00:00,2026-07-09T06:03:47.582939,2,2,119.2,0.4,119.0,150,118.9,100,,,,,,,,,,,,,,,,,119.4,100,119.5,150,,,,,,,,,,,,,,,,
2026-07-09T06:03:48.158545+00:00,2026-07-09T06:03:48.158228,2,2,119.2,0.4,119.0,102,118.9,100,,,,,,,,,,,,,,,,,119.4,100,119.5,150,,,,,,,,,,,,,,,,
2026-07-09T06:03:48.358941+00:00,2026-07-09T06:03:48.358734,1,1,119.25,0.5,119.0,102,,,,,,,,,,,,,,,,,,,119.5,150,,,,,,,,,,,,,,,,,,
2026-07-09T06:03:48.406575+00:00,2026-07-09T06:03:48.406414,2,1,119.25,0.5,119.0,102,118.9,100,,,,,,,,,,,,,,,,,119.5,150,,,,,,,,,,,,,,,,,,
2026-07-09T06:03:48.459861+00:00,2026-07-09T06:03:48.459761,2,2,119.2,0.4,119.0,102,118.9,100,,,,,,,,,,,,,,,,,119.4,100,119.5,150,,,,,,,,,,,,,,,,
2026-07-09T06:03:48.627691+00:00,2026-07-09T06:03:48.627624,2,2,119.2,0.4,119.0,102,118.9,100,,,,,,,,,,,,,,,,,119.4,52,119.5,150,,,,,,,,,,,,,,,,
2026-07-09T06:03:50.638584+00:00,2026-07-09T06:03:50.638483,1,1,119.15,0.5,118.9,100,,,,,,,,,,,,,,,,,,,119.4,52,,,,,,,,,,,,,,,,,,
2026-07-09T06:03:50.690745+00:00,2026-07-09T06:03:50.690671,2,1,119.15,0.5,118.9,100,118.8,150,,,,,,,,,,,,,,,,,119.4,52,,,,,,,,,,,,,,,,,,
2026-07-09T06:03:50.743395+00:00,2026-07-09T06:03:50.743577,2,2,119.1,0.4,118.9,100,118.8,150,,,,,,,,,,,,,,,,,119.3,150,119.4,52,,,,,,,,,,,,,,,,
2026-07-09T06:03:51.294669+00:00,2026-07-09T06:03:51.294554,2,2,119.1,0.4,118.9,100,118.8,150,,,,,,,,,,,,,,,,,119.3,100,119.4,52,,,,,,,,,,,,,,,,
2026-07-09T06:03:51.513769+00:00,2026-07-09T06:03:51.513641,1,1,119.05,0.5,118.8,150,,,,,,,,,,,,,,,,,,,119.3,100,,,,,,,,,,,,,,,,,,
2026-07-09T06:03:51.568503+00:00,2026-07-09T06:03:51.568444,2,1,119.2,0.2,119.1,100,118.8,150,,,,,,,,,,,,,,,,,119.3,100,,,,,,,,,,,,,,,,,,
2026-07-09T06:03:51.618838+00:00,2026-07-09T06:03:51.618791,2,2,119.2,0.2,119.1,100,118.8,150,,,,,,,,,,,,,,,,,119.3,100,119.6,100,,,,,,,,,,,,,,,,
2026-07-09T06:03:53.402847+00:00,2026-07-09T06:03:53.402975,2,2,119.2,0.2,119.1,100,118.8,150,,,,,,,,,,,,,,,,,119.3,50,119.6,100,,,,,,,,,,,,,,,,
