recv_time,book_timestamp,n_bids,n_asks,mid,spread,bid_px_0,bid_vol_0,bid_px_1,bid_vol_1,bid_px_2,bid_vol_2,bid_px_3,bid_vol_3,bid_px_4,bid_vol_4,bid_px_5,bid_vol_5,bid_px_6,bid_vol_6,bid_px_7,bid_vol_7,bid_px_8,bid_vol_8,bid_px_9,bid_vol_9,ask_px_0,ask_vol_0,ask_px_1,ask_vol_1,ask_px_2,ask_vol_2,ask_px_3,ask_vol_3,ask_px_4,ask_vol_4,ask_px_5,ask_vol_5,ask_px_6,ask_vol_6,ask_px_7,ask_vol_7,ask_px_8,ask_vol_8,ask_px_9,ask_vol_9
2026-07-04T22:00:01.129862+00:00,2026-07-04T22:00:01.129802,1,1,135.85,0.5,135.6,100,,,,,,,,,,,,,,,,,,,136.1,50,,,,,,,,,,,,,,,,,,
2026-07-04T22:00:01.200826+00:00,2026-07-04T22:00:01.179415,1,0,,,135.6,250,,,,,,,,,,,,,,,,,,,,,,,,,,,,,,,,,,,,,,
2026-07-04T22:00:01.237375+00:00,2026-07-04T22:00:01.237286,1,1,135.85,0.5,135.6,250,,,,,,,,,,,,,,,,,,,136.1,150,,,,,,,,,,,,,,,,,,
2026-07-04T22:00:01.600075+00:00,2026-07-04T22:00:01.600013,1,1,135.85,0.5,135.6,150,,,,,,,,,,,,,,,,,,,136.1,150,,,,,,,,,,,,,,,,,,
2026-07-04T22:00:01.651885+00:00,2026-07-04T22:00:01.651783,2,1,136.05,0.1,136.0,100,135.6,150,,,,,,,,,,,,,,,,,136.1,150,,,,,,,,,,,,,,,,,,
2026-07-04T22:00:01.705683+00:00,2026-07-04T22:00:01.705555,2,2,136.05,0.1,136.0,100,135.6,150,,,,,,,,,,,,,,,,,136.1,150,136.5,100,,,,,,,,,,,,,,,,
2026-07-04T22:00:03.213879+00:00,2026-07-04T22:00:03.207343,2,2,136.05,0.1,136.0,86,135.6,150,,,,,,,,,,,,,,,,,136.1,150,136.5,100,,,,,,,,,,,,,,,,
2026-07-04T22:00:03.331748+00:00,2026-07-04T22:00:03.332102,2,2,136.05,0.1,136.0,36,135.6,150,,,,,,,,,,,,,,,,,136.1,150,136.5,100,,,,,,,,,,,,,,,,
2026-07-04T22:00:04.301442+00:00,2026-07-04T22:00:04.301342,1,1,136.25,0.5,136.0,36,,,,,,,,,,,,,,,,,,,136.5,100,,,,,,,,,,,,,,,,,,
2026-07-04T22:00:04.354564+00:00,2026-07-04T22:00:04.354519,2,1,136.25,0.5,136.0,36,135.9,150,,,,,,,,,,,,,,,,,136.5,100,,,,,,,,,,,,,,,,,,
2026-07-04T22:00:04.407475+00:00,2026-07-04T22:00:04.407400,2,2,136.2,0.4,136.0,36,135.9,150,,,,,,,,,,,,,,,,,136.4,150,136.5,100,,,,,,,,,,,,,,,,
2026-07-04T22:00:04.758575+00:00,2026-07-04T22:00:04.757211,1,1,136.15,0.5,135.9,150,,,,,,,,,,,,,,,,,,,136.4,150,,,,,,,,,,,,,,,,,,
2026-07-04T22:00:04.817755+00:00,2026-07-04T22:00:04.817667,2,1,136.2,0.4,136.0,100,135.9,150,,,,,,,,,,,,,,,,,136.4,150,,,,,,,,,,,,,,,,,,
2026-07-04T22:00:04.870933+00:00,2026-07-04T22:00:04.870867,2,2,136.2,0.4,136.0,100,135.9,150,,,,,,,,,,,,,,,,,136.4,150,136.5,100,,,,,,,,,,,,,,,,
2026-07-04T22:00:05.442889+00:00,2026-07-04T22:00:05.442843,2,2,136.2,0.4,136.0,50,135.9,150,,,,,,,,,,,,,,,,,136.4,150,136.5,100,,,,,,,,,,,,,,,,
2026-07-04T22:00:07.386089+00:00,2026-07-04T22:00:07.386066,2,2,136.2,0.4,136.0,50,135.9,150,,,,,,,,,,,,,,,,,136.4,110,136.5,100,,,,,,,,,,,,,,,,
2026-07-04T22:00:07.463799+00:00,2026-07-04T22:00:07.463774,1,1,136.25,0.5,136.0,50,,,,,,,,,,,,,,,,,,,136.5,100,,,,,,,,,,,,,,,,,,
2026-07-04T22:00:07.514800+00:00,2026-07-04T22:00:07.514905,2,1,136.35,0.3,136.2,150,136.0,50,,,,,,,,,,,,,,,,,136.5,100,,,,,,,,,,,,,,,,,,
2026-07-04T22:00:07.552635+00:00,2026-07-04T22:00:07.552503,2,1,136.35,0.3,136.2,100,136.0,50,,,,,,,,,,,,,,,,,136.5,100,,,,,,,,,,,,,,,,,,
2026-07-04T22:00:07.567415+00:00,2026-07-04T22:00:07.567317,2,2,136.35,0.3,136.2,100,136.0,50,,,,,,,,,,,,,,,,,136.5,100,136.7,150,,,,,,,,,,,,,,,,
2026-07-04T22:00:07.946773+00:00,2026-07-04T22:00:07.946677,2,1,136.45,0.5,136.2,100,136.0,50,,,,,,,,,,,,,,,,,136.7,150,,,,,,,,,,,,,,,,,,
2026-07-04T22:00:07.951764+00:00,2026-07-04T22:00:07.951831,1,1,136.45,0.5,136.2,100,,,,,,,,,,,,,,,,,,,136.7,150,,,,,,,,,,,,,,,,,,
2026-07-04T22:00:08.012417+00:00,2026-07-04T22:00:08.012498,2,1,136.45,0.5,136.2,100,136.1,100,,,,,,,,,,,,,,,,,136.7,150,,,,,,,,,,,,,,,,,,
2026-07-04T22:00:08.058619+00:00,2026-07-04T22:00:08.057647,2,2,136.4,0.4,136.2,100,136.1,100,,,,,,,,,,,,,,,,,136.6,100,136.7,150,,,,,,,,,,,,,,,,
2026-07-04T22:00:08.386568+00:00,2026-07-04T22:00:08.386507,2,2,136.4,0.4,136.2,57,136.1,100,,,,,,,,,,,,,,,,,136.6,100,136.7,150,,,,,,,,,,,,,,,,
2026-07-04T22:00:09.658739+00:00,2026-07-04T22:00:09.653885,2,2,136.4,0.4,136.2,7,136.1,100,,,,,,,,,,,,,,,,,136.6,100,136.7,150,,,,,,,,,,,,,,,,
2026-07-04T22:00:09.795476+00:00,2026-07-04T22:00:09.795370,2,2,136.4,0.4,136.2,7,136.1,100,,,,,,,,,,,,,,,,,136.6,54,136.7,150,,,,,,,,,,,,,,,,
2026-07-04T22:00:10.621276+00:00,2026-07-04T22:00:10.621190,1,1,136.35,0.5,136.1,100,,,,,,,,,,,,,,,,,,,136.6,54,,,,,,,,,,,,,,,,,,
2026-07-04T22:00:10.674758+00:00,2026-07-04T22:00:10.674722,2,1,136.35,0.5,136.1,100,135.6,150,,,,,,,,,,,,,,,,,136.6,54,,,,,,,,,,,,,,,,,,
2026-07-04T22:00:10.740563+00:00,2026-07-04T22:00:10.735098,1,2,135.85,0.5,135.6,150,,,,,,,,,,,,,,,,,,,136.1,36,136.6,54,,,,,,,,,,,,,,,,
2026-07-04T22:00:11.080445+00:00,2026-07-04T22:00:11.074976,1,2,135.85,0.5,135.6,150,,,,,,,,,,,,,,,,,,,136.1,33,136.6,54,,,,,,,,,,,,,,,,
2026-07-04T22:00:11.121904+00:00,2026-07-04T22:00:11.121990,1,1,135.85,0.5,135.6,150,,,,,,,,,,,,,,,,,,,136.1,33,,,,,,,,,,,,,,,,,,
2026-07-04T22:00:11.171927+00:00,2026-07-04T22:00:11.172160,2,0,,,136.2,67,135.6,150,,,,,,,,,,,,,,,,,,,,,,,,,,,,,,,,,,,,
2026-07-04T22:00:11.237893+00:00,2026-07-04T22:00:11.221659,2,1,136.45,0.5,136.2,67,135.6,150,,,,,,,,,,,,,,,,,136.7,100,,,,,,,,,,,,,,,,,,
2026-07-04T22:00:11.270132+00:00,2026-07-04T22:00:11.270077,2,1,136.45,0.5,136.2,26,135.6,150,,,,,,,,,,,,,,,,,136.7,100,,,,,,,,,,,,,,,,,,
2026-07-04T22:00:11.769925+00:00,2026-07-04T22:00:11.769775,1,1,136.15,1.1,135.6,126,,,,,,,,,,,,,,,,,,,136.7,100,,,,,,,,,,,,,,,,,,
2026-07-04T22:00:12.338658+00:00,2026-07-04T22:00:12.338623,1,1,136.15,1.1,135.6,126,,,,,,,,,,,,,,,,,,,136.7,54,,,,,,,,,,,,,,,,,,
2026-07-04T22:00:13.787551+00:00,2026-07-04T22:00:13.787440,0,1,,,,,,,,,,,,,,,,,,,,,,,136.7,54,,,,,,,,,,,,,,,,,,
2026-07-04T22:00:13.840739+00:00,2026-07-04T22:00:13.840835,1,1,136.45,0.5,136.2,150,,,,,,,,,,,,,,,,,,,136.7,54,,,,,,,,,,,,,,,,,,
2026-07-04T22:00:13.875665+00:00,2026-07-04T22:00:13.875809,1,1,136.45,0.5,136.2,100,,,,,,,,,,,,,,,,,,,136.7,54,,,,,,,,,,,,,,,,,,
2026-07-04T22:00:13.891504+00:00,2026-07-04T22:00:13.891377,1,1,136.45,0.5,136.2,100,,,,,,,,,,,,,,,,,,,136.7,204,,,,,,,,,,,,,,,,,,
2026-07-04T22:00:14.082923+00:00,2026-07-04T22:00:14.077734,1,1,136.45,0.5,136.2,97,,,,,,,,,,,,,,,,,,,136.7,204,,,,,,,,,,,,,,,,,,
2026-07-04T22:00:14.280708+00:00,2026-07-04T22:00:14.280610,1,1,136.45,0.5,136.2,97,,,,,,,,,,,,,,,,,,,136.7,150,,,,,,,,,,,,,,,,,,
2026-07-04T22:00:14.336797+00:00,2026-07-04T22:00:14.336722,2,1,136.45,0.5,136.2,97,135.8,100,,,,,,,,,,,,,,,,,136.7,150,,,,,,,,,,,,,,,,,,
2026-07-04T22:00:14.390552+00:00,2026-07-04T22:00:14.390482,2,2,136.25,0.1,136.2,97,135.8,100,,,,,,,,,,,,,,,,,136.3,100,136.7,150,,,,,,,,,,,,,,,,
2026-07-04T22:00:15.984930+00:00,2026-07-04T22:00:15.984806,2,2,136.25,0.1,136.2,47,135.8,100,,,,,,,,,,,,,,,,,136.3,100,136.7,150,,,,,,,,,,,,,,,,
2026-07-04T22:00:16.420111+00:00,2026-07-04T22:00:16.420214,2,2,136.25,0.1,136.2,47,135.8,100,,,,,,,,,,,,,,,,,136.3,59,136.7,150,,,,,,,,,,,,,,,,
2026-07-04T22:00:16.947884+00:00,2026-07-04T22:00:16.947786,1,1,136.05,0.5,135.8,100,,,,,,,,,,,,,,,,,,,136.3,59,,,,,,,,,,,,,,,,,,
2026-07-04T22:00:17.013294+00:00,2026-07-04T22:00:17.013185,1,1,136.05,0.5,135.8,250,,,,,,,,,,,,,,,,,,,136.3,59,,,,,,,,,,,,,,,,,,
2026-07-04T22:00:17.065833+00:00,2026-07-04T22:00:17.065709,1,1,136.05,0.5,135.8,250,,,,,,,,,,,,,,,,,,,136.3,209,,,,,,,,,,,,,,,,,,
2026-07-04T22:00:17.458716+00:00,2026-07-04T22:00:17.447820,1,1,136.05,0.5,135.8,150,,,,,,,,,,,,,,,,,,,136.3,150,,,,,,,,,,,,,,,,,,
2026-07-04T22:00:17.504649+00:00,2026-07-04T22:00:17.504748,2,1,136.15,0.3,136.0,100,135.8,150,,,,,,,,,,,,,,,,,136.3,150,,,,,,,,,,,,,,,,,,
2026-07-04T22:00:17.558602+00:00,2026-07-04T22:00:17.557884,2,2,136.15,0.3,136.0,100,135.8,150,,,,,,,,,,,,,,,,,136.3,150,136.5,100,,,,,,,,,,,,,,,,
2026-07-04T22:00:18.090755+00:00,2026-07-04T22:00:18.081186,2,2,136.15,0.3,136.0,50,135.8,150,,,,,,,,,,,,,,,,,136.3,150,136.5,100,,,,,,,,,,,,,,,,
2026-07-04T22:00:18.574183+00:00,2026-07-04T22:00:18.574083,2,2,136.15,0.3,136.0,50,135.8,150,,,,,,,,,,,,,,,,,136.3,104,136.5,100,,,,,,,,,,,,,,,,
2026-07-04T22:00:20.117972+00:00,2026-07-04T22:00:20.118147,1,1,136.25,0.5,136.0,50,,,,,,,,,,,,,,,,,,,136.5,100,,,,,,,,,,,,,,,,,,
2026-07-04T22:00:20.144543+00:00,2026-07-04T22:00:20.144441,1,1,136.25,0.5,136.0,50,,,,,,,,,,,,,,,,,,,136.5,50,,,,,,,,,,,,,,,,,,
2026-07-04T22:00:20.172273+00:00,2026-07-04T22:00:20.172144,2,1,136.35,0.3,136.2,150,136.0,50,,,,,,,,,,,,,,,,,136.5,50,,,,,,,,,,,,,,,,,,
2026-07-04T22:00:20.224611+00:00,2026-07-04T22:00:20.224577,2,2,136.35,0.3,136.2,150,136.0,50,,,,,,,,,,,,,,,,,136.5,50,136.7,150,,,,,,,,,,,,,,,,
2026-07-04T22:00:20.613170+00:00,2026-07-04T22:00:20.612999,1,1,136.45,0.5,136.2,150,,,,,,,,,,,,,,,,,,,136.7,150,,,,,,,,,,,,,,,,,,
2026-07-04T22:00:20.670344+00:00,2026-07-04T22:00:20.670115,2,1,136.5,0.4,136.3,100,136.2,150,,,,,,,,,,,,,,,,,136.7,150,,,,,,,,,,,,,,,,,,
2026-07-04T22:00:20.718669+00:00,2026-07-04T22:00:20.718559,2,1,136.5,0.4,136.3,100,136.2,150,,,,,,,,,,,,,,,,,136.7,250,,,,,,,,,,,,,,,,,,
2026-07-04T22:00:21.195731+00:00,2026-07-04T22:00:21.195918,2,1,136.5,0.4,136.3,53,136.2,150,,,,,,,,,,,,,,,,,136.7,250,,,,,,,,,,,,,,,,,,
2026-07-04T22:00:21.696426+00:00,2026-07-04T22:00:21.696195,2,1,136.5,0.4,136.3,8,136.2,150,,,,,,,,,,,,,,,,,136.7,250,,,,,,,,,,,,,,,,,,
2026-07-04T22:00:22.251533+00:00,2026-07-04T22:00:22.251397,2,1,136.5,0.4,136.3,8,136.2,150,,,,,,,,,,,,,,,,,136.7,200,,,,,,,,,,,,,,,,,,
2026-07-04T22:00:22.830190+00:00,2026-07-04T22:00:22.830004,2,1,136.5,0.4,136.3,8,136.2,150,,,,,,,,,,,,,,,,,136.7,151,,,,,,,,,,,,,,,,,,
2026-07-04T22:00:23.278932+00:00,2026-07-04T22:00:23.278835,1,1,136.5,0.4,136.3,8,,,,,,,,,,,,,,,,,,,136.7,100,,,,,,,,,,,,,,,,,,
2026-07-04T22:00:23.327191+00:00,2026-07-04T22:00:23.327137,2,0,,,136.7,50,136.3,8,,,,,,,,,,,,,,,,,,,,,,,,,,,,,,,,,,,,
2026-07-04T22:00:23.389064+00:00,2026-07-04T22:00:23.388940,2,1,136.95,0.5,136.7,50,136.3,8,,,,,,,,,,,,,,,,,137.2,150,,,,,,,,,,,,,,,,,,
2026-07-04T22:00:23.771829+00:00,2026-07-04T22:00:23.771733,1,1,136.95,0.5,136.7,50,,,,,,,,,,,,,,,,,,,137.2,150,,,,,,,,,,,,,,,,,,
2026-07-04T22:00:23.824738+00:00,2026-07-04T22:00:23.824922,2,1,136.95,0.5,136.7,50,136.3,100,,,,,,,,,,,,,,,,,137.2,150,,,,,,,,,,,,,,,,,,
2026-07-04T22:00:23.877989+00:00,2026-07-04T22:00:23.877924,2,2,136.75,0.1,136.7,50,136.3,100,,,,,,,,,,,,,,,,,136.8,100,137.2,150,,,,,,,,,,,,,,,,
2026-07-04T22:00:24.358686+00:00,2026-07-04T22:00:24.354876,2,2,136.75,0.1,136.7,50,136.3,100,,,,,,,,,,,,,,,,,136.8,50,137.2,150,,,,,,,,,,,,,,,,
2026-07-04T22:00:26.458699+00:00,2026-07-04T22:00:26.458281,1,0,,,136.3,100,,,,,,,,,,,,,,,,,,,,,,,,,,,,,,,,,,,,,,
2026-07-04T22:00:26.491480+00:00,2026-07-04T22:00:26.491436,1,0,,,136.3,250,,,,,,,,,,,,,,,,,,,,,,,,,,,,,,,,,,,,,,
2026-07-04T22:00:26.544930+00:00,2026-07-04T22:00:26.544834,1,1,136.55,0.5,136.3,250,,,,,,,,,,,,,,,,,,,136.8,150,,,,,,,,,,,,,,,,,,
2026-07-04T22:00:26.935848+00:00,2026-07-04T22:00:26.935750,1,1,136.55,0.5,136.3,150,,,,,,,,,,,,,,,,,,,136.8,150,,,,,,,,,,,,,,,,,,
2026-07-04T22:00:26.989764+00:00,2026-07-04T22:00:26.989916,1,1,136.55,0.5,136.3,150,,,,,,,,,,,,,,,,,,,136.8,50,,,,,,,,,,,,,,,,,,
2026-07-04T22:00:27.045543+00:00,2026-07-04T22:00:27.045434,1,2,136.55,0.5,136.3,150,,,,,,,,,,,,,,,,,,,136.8,50,137.3,100,,,,,,,,,,,,,,,,
2026-07-04T22:00:27.388838+00:00,2026-07-04T22:00:27.388958,1,2,136.55,0.5,136.3,106,,,,,,,,,,,,,,,,,,,136.8,50,137.3,100,,,,,,,,,,,,,,,,
2026-07-04T22:00:28.577386+00:00,2026-07-04T22:00:28.577332,1,1,136.8,1.0,136.3,106,,,,,,,,,,,,,,,,,,,137.3,100,,,,,,,,,,,,,,,,,,
2026-07-04T22:00:29.601328+00:00,2026-07-04T22:00:29.601284,0,1,,,,,,,,,,,,,,,,,,,,,,,137.3,100,,,,,,,,,,,,,,,,,,
2026-07-04T22:00:29.658605+00:00,2026-07-04T22:00:29.654799,1,1,137.05,0.5,136.8,150,,,,,,,,,,,,,,,,,,,137.3,100,,,,,,,,,,,,,,,,,,
2026-07-04T22:00:29.707278+00:00,2026-07-04T22:00:29.707252,1,1,137.05,0.5,136.8,150,,,,,,,,,,,,,,,,,,,137.3,250,,,,,,,,,,,,,,,,,,
2026-07-04T22:00:30.113770+00:00,2026-07-04T22:00:30.113863,1,1,137.05,0.5,136.8,150,,,,,,,,,,,,,,,,,,,137.3,150,,,,,,,,,,,,,,,,,,
2026-07-04T22:00:30.168050+00:00,2026-07-04T22:00:30.168137,2,1,137.05,0.5,136.8,150,136.5,100,,,,,,,,,,,,,,,,,137.3,150,,,,,,,,,,,,,,,,,,
2026-07-04T22:00:30.221596+00:00,2026-07-04T22:00:30.221439,2,2,136.9,0.2,136.8,150,136.5,100,,,,,,,,,,,,,,,,,137.0,100,137.3,150,,,,,,,,,,,,,,,,
2026-07-04T22:00:30.681362+00:00,2026-07-04T22:00:30.681248,2,2,136.9,0.2,136.8,150,136.5,100,,,,,,,,,,,,,,,,,137.0,50,137.3,150,,,,,,,,,,,,,,,,
2026-07-04T22:00:31.052118+00:00,2026-07-04T22:00:31.055412,2,2,136.9,0.2,136.8,102,136.5,100,,,,,,,,,,,,,,,,,137.0,50,137.3,150,,,,,,,,,,,,,,,,
2026-07-04T22:00:32.758669+00:00,2026-07-04T22:00:32.753919,1,1,136.75,0.5,136.5,100,,,,,,,,,,,,,,,,,,,137.0,50,,,,,,,,,,,,,,,,,,
2026-07-04T22:00:32.788420+00:00,2026-07-04T22:00:32.788343,1,0,,,136.5,100,,,,,,,,,,,,,,,,,,,,,,,,,,,,,,,,,,,,,,
2026-07-04T22:00:32.816158+00:00,2026-07-04T22:00:32.816043,2,0,,,136.7,150,136.5,100,,,,,,,,,,,,,,,,,,,,,,,,,,,,,,,,,,,,
2026-07-04T22:00:32.866327+00:00,2026-07-04T22:00:32.866234,2,1,136.95,0.5,136.7,150,136.5,100,,,,,,,,,,,,,,,,,137.2,150,,,,,,,,,,,,,,,,,,
2026-07-04T22:00:33.276839+00:00,2026-07-04T22:00:33.277022,1,1,136.95,0.5,136.7,150,,,,,,,,,,,,,,,,,,,137.2,150,,,,,,,,,,,,,,,,,,
2026-07-04T22:00:33.363836+00:00,2026-07-04T22:00:33.364092,2,1,137.0,0.4,136.8,100,136.7,150,,,,,,,,,,,,,,,,,137.2,150,,,,,,,,,,,,,,,,,,
2026-07-04T22:00:33.415206+00:00,2026-07-04T22:00:33.415103,2,2,137.0,0.4,136.8,100,136.7,150,,,,,,,,,,,,,,,,,137.2,150,137.3,100,,,,,,,,,,,,,,,,
2026-07-04T22:00:34.896083+00:00,2026-07-04T22:00:34.895977,2,2,137.0,0.4,136.8,100,136.7,150,,,,,,,,,,,,,,,,,137.2,100,137.3,100,,,,,,,,,,,,,,,,
2026-07-04T22:00:35.921967+00:00,2026-07-04T22:00:35.921913,1,1,137.05,0.5,136.8,100,,,,,,,,,,,,,,,,,,,137.3,100,,,,,,,,,,,,,,,,,,
2026-07-04T22:00:35.977437+00:00,2026-07-04T22:00:35.977331,1,1,137.05,0.5,136.8,250,,,,,,,,,,,,,,,,,,,137.3,100,,,,,,,,,,,,,,,,,,
2026-07-04T22:00:36.030056+00:00,2026-07-04T22:00:36.029937,1,1,137.05,0.5,136.8,250,,,,,,,,,,,,,,,,,,,137.3,250,,,,,,,,,,,,,,,,,,
2026-07-04T22:00:36.468965+00:00,2026-07-04T22:00:36.468851,1,1,137.05,0.5,136.8,150,,,,,,,,,,,,,,,,,,,137.3,150,,,,,,,,,,,,,,,,,,
2026-07-04T22:00:36.519103+00:00,2026-07-04T22:00:36.518979,2,1,137.1,0.4,136.9,100,136.8,150,,,,,,,,,,,,,,,,,137.3,150,,,,,,,,,,,,,,,,,,
2026-07-04T22:00:36.570039+00:00,2026-07-04T22:00:36.569981,2,2,137.1,0.4,136.9,100,136.8,150,,,,,,,,,,,,,,,,,137.3,150,137.4,100,,,,,,,,,,,,,,,,
2026-07-04T22:00:39.081975+00:00,2026-07-04T22:00:39.081876,1,1,137.15,0.5,136.9,100,,,,,,,,,,,,,,,,,,,137.4,100,,,,,,,,,,,,,,,,,,
2026-07-04T22:00:39.134977+00:00,2026-07-04T22:00:39.134846,2,1,137.35,0.1,137.3,150,136.9,100,,,,,,,,,,,,,,,,,137.4,100,,,,,,,,,,,,,,,,,,
2026-07-04T22:00:39.190940+00:00,2026-07-04T22:00:39.190785,2,2,137.35,0.1,137.3,150,136.9,100,,,,,,,,,,,,,,,,,137.4,100,137.8,150,,,,,,,,,,,,,,,,
2026-07-04T22:00:39.446707+00:00,2026-07-04T22:00:39.446668,2,2,137.35,0.1,137.3,150,136.9,100,,,,,,,,,,,,,,,,,137.4,53,137.8,150,,,,,,,,,,,,,,,,
2026-07-04T22:00:39.627421+00:00,2026-07-04T22:00:39.627329,1,1,137.55,0.5,137.3,150,,,,,,,,,,,,,,,,,,,137.8,150,,,,,,,,,,,,,,,,,,
2026-07-04T22:00:39.685615+00:00,2026-07-04T22:00:39.685594,2,1,137.6,0.4,137.4,100,137.3,150,,,,,,,,,,,,,,,,,137.8,150,,,,,,,,,,,,,,,,,,
2026-07-04T22:00:39.737143+00:00,2026-07-04T22:00:39.737279,2,2,137.6,0.4,137.4,100,137.3,150,,,,,,,,,,,,,,,,,137.8,150,137.9,100,,,,,,,,,,,,,,,,
2026-07-04T22:00:39.925505+00:00,2026-07-04T22:00:39.925461,2,2,137.6,0.4,137.4,56,137.3,150,,,,,,,,,,,,,,,,,137.8,150,137.9,100,,,,,,,,,,,,,,,,
2026-07-04T22:00:39.954122+00:00,2026-07-04T22:00:39.948756,2,2,137.6,0.4,137.4,53,137.3,150,,,,,,,,,,,,,,,,,137.8,150,137.9,100,,,,,,,,,,,,,,,,
2026-07-04T22:00:40.865222+00:00,2026-07-04T22:00:40.865429,2,2,137.6,0.4,137.4,28,137.3,150,,,,,,,,,,,,,,,,,137.8,150,137.9,100,,,,,,,,,,,,,,,,
2026-07-04T22:00:40.909957+00:00,2026-07-04T22:00:40.909864,2,2,137.6,0.4,137.4,28,137.3,150,,,,,,,,,,,,,,,,,137.8,101,137.9,100,,,,,,,,,,,,,,,,
2026-07-04T22:00:40.965573+00:00,2026-07-04T22:00:40.965524,1,2,137.55,0.5,137.3,131,,,,,,,,,,,,,,,,,,,137.8,101,137.9,100,,,,,,,,,,,,,,,,
2026-07-04T22:00:41.234273+00:00,2026-07-04T22:00:41.234218,1,2,137.55,0.5,137.3,131,,,,,,,,,,,,,,,,,,,137.8,51,137.9,100,,,,,,,,,,,,,,,,
2026-07-04T22:00:42.104168+00:00,2026-07-04T22:00:42.104100,1,2,137.55,0.5,137.3,88,,,,,,,,,,,,,,,,,,,137.8,51,137.9,100,,,,,,,,,,,,,,,,
2026-07-04T22:00:42.241534+00:00,2026-07-04T22:00:42.241502,0,1,,,,,,,,,,,,,,,,,,,,,,,137.9,100,,,,,,,,,,,,,,,,,,
2026-07-04T22:00:42.294224+00:00,2026-07-04T22:00:42.294150,1,1,137.6,0.6,137.3,150,,,,,,,,,,,,,,,,,,,137.9,100,,,,,,,,,,,,,,,,,,
2026-07-04T22:00:42.346222+00:00,2026-07-04T22:00:42.346175,1,2,137.55,0.5,137.3,150,,,,,,,,,,,,,,,,,,,137.8,150,137.9,100,,,,,,,,,,,,,,,,
2026-07-04T22:00:42.733875+00:00,2026-07-04T22:00:42.733836,1,2,137.55,0.5,137.3,150,,,,,,,,,,,,,,,,,,,137.8,104,137.9,100,,,,,,,,,,,,,,,,
2026-07-04T22:00:42.794262+00:00,2026-07-04T22:00:42.794389,1,1,137.55,0.5,137.3,150,,,,,,,,,,,,,,,,,,,137.8,104,,,,,,,,,,,,,,,,,,
2026-07-04T22:00:42.847296+00:00,2026-07-04T22:00:42.847425,2,1,137.55,0.5,137.3,150,137.1,100,,,,,,,,,,,,,,,,,137.8,104,,,,,,,,,,,,,,,,,,
2026-07-04T22:00:42.900127+00:00,2026-07-04T22:00:42.900227,2,2,137.45,0.3,137.3,150,137.1,100,,,,,,,,,,,,,,,,,137.6,100,137.8,104,,,,,,,,,,,,,,,,
2026-07-04T22:00:43.358628+00:00,2026-07-04T22:00:43.358483,2,2,137.45,0.3,137.3,150,137.1,100,,,,,,,,,,,,,,,,,137.6,51,137.8,104,,,,,,,,,,,,,,,,
2026-07-04T22:00:43.394033+00:00,2026-07-04T22:00:43.393968,2,2,137.45,0.3,137.3,100,137.1,100,,,,,,,,,,,,,,,,,137.6,51,137.8,104,,,,,,,,,,,,,,,,
2026-07-04T22:00:45.400987+00:00,2026-07-04T22:00:45.401166,2,1,137.45,0.3,137.3,100,137.1,100,,,,,,,,,,,,,,,,,137.6,51,,,,,,,,,,,,,,,,,,
2026-07-04T22:00:45.406381+00:00,2026-07-04T22:00:45.406348,1,1,137.35,0.5,137.1,100,,,,,,,,,,,,,,,,,,,137.6,51,,,,,,,,,,,,,,,,,,
2026-07-04T22:00:45.474311+00:00,2026-07-04T22:00:45.474498,2,0,,,137.6,99,137.1,100,,,,,,,,,,,,,,,,,,,,,,,,,,,,,,,,,,,,
2026-07-04T22:00:45.523347+00:00,2026-07-04T22:00:45.523217,2,1,137.85,0.5,137.6,49,137.1,100,,,,,,,,,,,,,,,,,138.1,150,,,,,,,,,,,,,,,,,,
2026-07-04T22:00:45.878293+00:00,2026-07-04T22:00:45.878261,2,1,137.85,0.5,137.6,24,137.1,100,,,,,,,,,,,,,,,,,138.1,150,,,,,,,,,,,,,,,,,,
2026-07-04T22:00:45.953644+00:00,2026-07-04T22:00:45.953592,1,1,137.85,0.5,137.6,24,,,,,,,,,,,,,,,,,,,138.1,150,,,,,,,,,,,,,,,,,,
2026-07-04T22:00:46.012678+00:00,2026-07-04T22:00:46.012593,2,1,137.85,0.5,137.6,24,137.5,100,,,,,,,,,,,,,,,,,138.1,150,,,,,,,,,,,,,,,,,,
2026-07-04T22:00:46.079485+00:00,2026-07-04T22:00:46.079423,2,2,137.8,0.4,137.6,24,137.5,100,,,,,,,,,,,,,,,,,138.0,100,138.1,150,,,,,,,,,,,,,,,,
2026-07-04T22:00:46.134953+00:00,2026-07-04T22:00:46.134901,1,2,137.75,0.5,137.5,78,,,,,,,,,,,,,,,,,,,138.0,100,138.1,150,,,,,,,,,,,,,,,,
2026-07-04T22:00:47.128686+00:00,2026-07-04T22:00:47.128821,1,2,137.75,0.5,137.5,78,,,,,,,,,,,,,,,,,,,138.0,55,138.1,150,,,,,,,,,,,,,,,,
2026-07-04T22:00:47.623197+00:00,2026-07-04T22:00:47.623090,1,2,137.75,0.5,137.5,28,,,,,,,,,,,,,,,,,,,138.0,55,138.1,150,,,,,,,,,,,,,,,,
2026-07-04T22:00:48.106569+00:00,2026-07-04T22:00:48.106692,0,2,,,,,,,,,,,,,,,,,,,,,,,138.0,55,138.1,150,,,,,,,,,,,,,,,,
2026-07-04T22:00:48.575789+00:00,2026-07-04T22:00:48.575735,0,1,,,,,,,,,,,,,,,,,,,,,,,138.0,55,,,,,,,,,,,,,,,,,,
2026-07-04T22:00:48.581175+00:00,2026-07-04T22:00:48.581079,0,1,,,,,,,,,,,,,,,,,,,,,,,138.0,7,,,,,,,,,,,,,,,,,,
2026-07-04T22:00:48.630213+00:00,2026-07-04T22:00:48.630080,1,1,137.55,0.9,137.1,150,,,,,,,,,,,,,,,,,,,138.0,7,,,,,,,,,,,,,,,,,,
2026-07-04T22:00:48.686961+00:00,2026-07-04T22:00:48.686814,1,2,137.35,0.5,137.1,150,,,,,,,,,,,,,,,,,,,137.6,150,138.0,7,,,,,,,,,,,,,,,,
2026-07-04T22:00:49.131312+00:00,2026-07-04T22:00:49.131182,1,1,137.35,0.5,137.1,150,,,,,,,,,,,,,,,,,,,137.6,150,,,,,,,,,,,,,,,,,,
2026-07-04T22:00:49.184588+00:00,2026-07-04T22:00:49.184519,1,1,137.35,0.5,137.1,150,,,,,,,,,,,,,,,,,,,137.6,50,,,,,,,,,,,,,,,,,,
2026-07-04T22:00:49.237227+00:00,2026-07-04T22:00:49.237202,1,2,137.35,0.5,137.1,150,,,,,,,,,,,,,,,,,,,137.6,50,138.1,100,,,,,,,,,,,,,,,,
2026-07-04T22:00:50.063689+00:00,2026-07-04T22:00:50.063896,1,2,137.35,0.5,137.1,150,,,,,,,,,,,,,,,,,,,137.6,4,138.1,100,,,,,,,,,,,,,,,,
2026-07-04T22:00:51.738950+00:00,2026-07-04T22:00:51.738860,0,1,,,,,,,,,,,,,,,,,,,,,,,138.1,100,,,,,,,,,,,,,,,,,,
2026-07-04T22:00:51.784199+00:00,2026-07-04T22:00:51.784119,0,1,,,,,,,,,,,,,,,,,,,,,,,138.1,50,,,,,,,,,,,,,,,,,,
2026-07-04T22:00:51.794382+00:00,2026-07-04T22:00:51.794481,1,1,137.9,0.4,137.7,150,,,,,,,,,,,,,,,,,,,138.1,50,,,,,,,,,,,,,,,,,,
2026-07-04T22:00:51.844271+00:00,2026-07-04T22:00:51.844082,1,2,137.9,0.4,137.7,150,,,,,,,,,,,,,,,,,,,138.1,50,138.2,150,,,,,,,,,,,,,,,,
2026-07-04T22:00:52.290171+00:00,2026-07-04T22:00:52.290099,1,1,137.95,0.5,137.7,150,,,,,,,,,,,,,,,,,,,138.2,150,,,,,,,,,,,,,,,,,,
2026-07-04T22:00:52.343858+00:00,2026-07-04T22:00:52.343817,2,1,137.95,0.5,137.7,150,137.5,100,,,,,,,,,,,,,,,,,138.2,150,,,,,,,,,,,,,,,,,,
2026-07-04T22:00:52.397704+00:00,2026-07-04T22:00:52.397666,2,2,137.85,0.3,137.7,150,137.5,100,,,,,,,,,,,,,,,,,138.0,100,138.2,150,,,,,,,,,,,,,,,,
2026-07-04T22:00:54.716954+00:00,2026-07-04T22:00:54.716905,2,2,137.85,0.3,137.7,102,137.5,100,,,,,,,,,,,,,,,,,138.0,100,138.2,150,,,,,,,,,,,,,,,,
2026-07-04T22:00:54.900780+00:00,2026-07-04T22:00:54.900755,1,1,137.75,0.5,137.5,100,,,,,,,,,,,,,,,,,,,138.0,100,,,,,,,,,,,,,,,,,,
2026-07-04T22:00:54.958572+00:00,2026-07-04T22:00:54.957593,2,1,137.85,0.3,137.7,150,137.5,100,,,,,,,,,,,,,,,,,138.0,100,,,,,,,,,,,,,,,,,,
2026-07-04T22:00:55.006654+00:00,2026-07-04T22:00:55.006587,2,2,137.85,0.3,137.7,150,137.5,100,,,,,,,,,,,,,,,,,138.0,100,138.2,150,,,,,,,,,,,,,,,,
2026-07-04T22:00:55.284682+00:00,2026-07-04T22:00:55.284929,2,2,137.85,0.3,137.7,103,137.5,100,,,,,,,,,,,,,,,,,138.0,100,138.2,150,,,,,,,,,,,,,,,,
2026-07-04T22:00:55.458554+00:00,2026-07-04T22:00:55.448615,1,1,137.95,0.5,137.7,103,,,,,,,,,,,,,,,,,,,138.2,150,,,,,,,,,,,,,,,,,,
2026-07-04T22:00:55.508879+00:00,2026-07-04T22:00:55.508991,2,1,137.95,0.5,137.7,103,137.6,100,,,,,,,,,,,,,,,,,138.2,150,,,,,,,,,,,,,,,,,,
2026-07-04T22:00:55.558612+00:00,2026-07-04T22:00:55.554749,2,2,137.9,0.4,137.7,103,137.6,100,,,,,,,,,,,,,,,,,138.1,100,138.2,150,,,,,,,,,,,,,,,,
2026-07-04T22:00:56.012426+00:00,2026-07-04T22:00:56.012385,2,2,137.9,0.4,137.7,103,137.6,100,,,,,,,,,,,,,,,,,138.1,50,138.2,150,,,,,,,,,,,,,,,,
2026-07-04T22:00:56.974566+00:00,2026-07-04T22:00:56.974479,2,2,137.9,0.4,137.7,103,137.6,100,,,,,,,,,,,,,,,,,138.1,1,138.2,150,,,,,,,,,,,,,,,,
2026-07-04T22:00:58.063848+00:00,2026-07-04T22:00:58.063763,1,1,137.85,0.5,137.6,100,,,,,,,,,,,,,,,,,,,138.1,1,,,,,,,,,,,,,,,,,,
2026-07-04T22:00:58.120231+00:00,2026-07-04T22:00:58.120121,2,0,,,137.6,100,137.4,150,,,,,,,,,,,,,,,,,,,,,,,,,,,,,,,,,,,,
2026-07-04T22:00:58.175577+00:00,2026-07-04T22:00:58.175734,2,1,137.75,0.3,137.6,100,137.4,150,,,,,,,,,,,,,,,,,137.9,150,,,,,,,,,,,,,,,,,,
2026-07-04T22:00:58.416469+00:00,2026-07-04T22:00:58.416345,2,1,137.75,0.3,137.6,55,137.4,150,,,,,,,,,,,,,,,,,137.9,150,,,,,,,,,,,,,,,,,,
2026-07-04T22:00:58.617577+00:00,2026-07-04T22:00:58.617507,1,1,137.65,0.5,137.4,150,,,,,,,,,,,,,,,,,,,137.9,150,,,,,,,,,,,,,,,,,,
2026-07-04T22:00:58.670181+00:00,2026-07-04T22:00:58.670075,1,1,137.65,0.5,137.4,150,,,,,,,,,,,,,,,,,,,137.9,50,,,,,,,,,,,,,,,,,,
2026-07-04T22:00:58.725782+00:00,2026-07-04T22:00:58.725721,1,2,137.65,0.5,137.4,150,,,,,,,,,,,,,,,,,,,137.9,50,138.4,100,,,,,,,,,,,,,,,,
2026-07-04T22:01:01.231119+00:00,2026-07-04T22:01:01.231027,0,1,,,,,,,,,,,,,,,,,,,,,,,138.4,100,,,,,,,,,,,,,,,,,,
2026-07-04T22:01:01.287315+00:00,2026-07-04T22:01:01.286956,1,1,138.05,0.7,137.7,150,,,,,,,,,,,,,,,,,,,138.4,100,,,,,,,,,,,,,,,,,,
2026-07-04T22:01:01.337204+00:00,2026-07-04T22:01:01.337129,1,2,137.95,0.5,137.7,150,,,,,,,,,,,,,,,,,,,138.2,150,138.4,100,,,,,,,,,,,,,,,,
2026-07-04T22:01:01.671039+00:00,2026-07-04T22:01:01.671189,1,2,137.95,0.5,137.7,106,,,,,,,,,,,,,,,,,,,138.2,150,138.4,100,,,,,,,,,,,,,,,,
2026-07-04T22:01:01.779803+00:00,2026-07-04T22:01:01.779753,1,1,137.95,0.5,137.7,106,,,,,,,,,,,,,,,,,,,138.2,150,,,,,,,,,,,,,,,,,,
2026-07-04T22:01:01.829671+00:00,2026-07-04T22:01:01.829577,2,1,137.95,0.5,137.7,106,137.3,100,,,,,,,,,,,,,,,,,138.2,150,,,,,,,,,,,,,,,,,,
2026-07-04T22:01:01.884646+00:00,2026-07-04T22:01:01.884533,2,2,137.75,0.1,137.7,106,137.3,100,,,,,,,,,,,,,,,,,137.8,100,138.2,150,,,,,,,,,,,,,,,,
2026-07-04T22:01:04.398776+00:00,2026-07-04T22:01:04.398633,1,1,137.55,0.5,137.3,100,,,,,,,,,,,,,,,,,,,137.8,100,,,,,,,,,,,,,,,,,,
2026-07-04T22:01:04.458743+00:00,2026-07-04T22:01:04.446888,2,0,,,137.8,50,137.3,100,,,,,,,,,,,,,,,,,,,,,,,,,,,,,,,,,,,,
2026-07-04T22:01:04.506512+00:00,2026-07-04T22:01:04.506426,2,1,138.05,0.5,137.8,50,137.3,100,,,,,,,,,,,,,,,,,138.3,150,,,,,,,,,,,,,,,,,,
2026-07-04T22:01:04.540876+00:00,2026-07-04T22:01:04.540804,1,1,137.8,1.0,137.3,100,,,,,,,,,,,,,,,,,,,138.3,150,,,,,,,,,,,,,,,,,,
2026-07-04T22:01:04.940794+00:00,2026-07-04T22:01:04.940673,0,1,,,,,,,,,,,,,,,,,,,,,,,138.3,150,,,,,,,,,,,,,,,,,,
2026-07-04T22:01:04.999167+00:00,2026-07-04T22:01:04.999315,1,1,138.05,0.5,137.8,100,,,,,,,,,,,,,,,,,,,138.3,150,,,,,,,,,,,,,,,,,,
2026-07-04T22:01:05.051061+00:00,2026-07-04T22:01:05.050936,1,1,138.05,0.5,137.8,100,,,,,,,,,,,,,,,,,,,138.3,250,,,,,,,,,,,,,,,,,,
2026-07-04T22:01:05.671670+00:00,2026-07-04T22:01:05.671569,1,1,138.05,0.5,137.8,100,,,,,,,,,,,,,,,,,,,138.3,201,,,,,,,,,,,,,,,,,,
2026-07-04T22:01:06.669831+00:00,2026-07-04T22:01:06.669715,1,1,138.05,0.5,137.8,50,,,,,,,,,,,,,,,,,,,138.3,201,,,,,,,,,,,,,,,,,,
2026-07-04T22:01:07.564917+00:00,2026-07-04T22:01:07.565071,1,1,138.05,0.5,137.8,50,,,,,,,,,,,,,,,,,,,138.3,100,,,,,,,,,,,,,,,,,,
2026-07-04T22:01:07.618372+00:00,2026-07-04T22:01:07.618290,2,1,138.05,0.5,137.8,50,137.4,150,,,,,,,,,,,,,,,,,138.3,100,,,,,,,,,,,,,,,,,,
2026-07-04T22:01:07.671665+00:00,2026-07-04T22:01:07.671545,2,2,137.85,0.1,137.8,50,137.4,150,,,,,,,,,,,,,,,,,137.9,150,138.3,100,,,,,,,,,,,,,,,,
2026-07-04T22:01:08.101387+00:00,2026-07-04T22:01:08.101275,2,1,137.85,0.1,137.8,50,137.4,150,,,,,,,,,,,,,,,,,137.9,150,,,,,,,,,,,,,,,,,,
2026-07-04T22:01:08.106572+00:00,2026-07-04T22:01:08.106460,1,1,137.65,0.5,137.4,150,,,,,,,,,,,,,,,,,,,137.9,150,,,,,,,,,,,,,,,,,,
2026-07-04T22:01:08.158604+00:00,2026-07-04T22:01:08.156621,2,1,137.85,0.1,137.8,100,137.4,150,,,,,,,,,,,,,,,,,137.9,150,,,,,,,,,,,,,,,,,,
2026-07-04T22:01:08.214495+00:00,2026-07-04T22:01:08.214342,2,2,137.85,0.1,137.8,100,137.4,150,,,,,,,,,,,,,,,,,137.9,150,138.3,100,,,,,,,,,,,,,,,,
2026-07-04T22:01:08.778256+00:00,2026-07-04T22:01:08.778174,2,2,137.85,0.1,137.8,50,137.4,150,,,,,,,,,,,,,,,,,137.9,150,138.3,100,,,,,,,,,,,,,,,,
2026-07-04T22:01:09.828222+00:00,2026-07-04T22:01:09.828406,2,2,137.85,0.1,137.8,50,137.4,150,,,,,,,,,,,,,,,,,137.9,101,138.3,100,,,,,,,,,,,,,,,,
2026-07-04T22:01:10.106920+00:00,2026-07-04T22:01:10.100641,2,2,137.85,0.1,137.8,50,137.4,150,,,,,,,,,,,,,,,,,137.9,98,138.3,100,,,,,,,,,,,,,,,,
2026-07-04T22:01:10.397475+00:00,2026-07-04T22:01:10.397410,2,2,137.85,0.1,137.8,2,137.4,150,,,,,,,,,,,,,,,,,137.9,98,138.3,100,,,,,,,,,,,,,,,,
2026-07-04T22:01:10.725121+00:00,2026-07-04T22:01:10.725335,1,1,138.05,0.5,137.8,2,,,,,,,,,,,,,,,,,,,138.3,100,,,,,,,,,,,,,,,,,,
2026-07-04T22:01:10.779967+00:00,2026-07-04T22:01:10.779879,1,1,138.05,0.5,137.8,152,,,,,,,,,,,,,,,,,,,138.3,100,,,,,,,,,,,,,,,,,,
2026-07-04T22:01:10.832534+00:00,2026-07-04T22:01:10.832490,1,1,138.05,0.5,137.8,152,,,,,,,,,,,,,,,,,,,138.3,250,,,,,,,,,,,,,,,,,,
2026-07-04T22:01:10.890416+00:00,2026-07-04T22:01:10.890275,1,1,138.05,0.5,137.8,102,,,,,,,,,,,,,,,,,,,138.3,250,,,,,,,,,,,,,,,,,,
2026-07-04T22:01:11.266342+00:00,2026-07-04T22:01:11.266225,1,1,138.05,0.5,137.8,102,,,,,,,,,,,,,,,,,,,138.3,150,,,,,,,,,,,,,,,,,,
2026-07-04T22:01:11.319932+00:00,2026-07-04T22:01:11.319862,2,1,138.05,0.5,137.8,102,137.7,100,,,,,,,,,,,,,,,,,138.3,150,,,,,,,,,,,,,,,,,,
2026-07-04T22:01:11.373508+00:00,2026-07-04T22:01:11.373384,2,2,138.0,0.4,137.8,102,137.7,100,,,,,,,,,,,,,,,,,138.2,100,138.3,150,,,,,,,,,,,,,,,,
2026-07-04T22:01:11.974345+00:00,2026-07-04T22:01:11.974281,2,2,138.0,0.4,137.8,102,137.7,100,,,,,,,,,,,,,,,,,138.2,51,138.3,150,,,,,,,,,,,,,,,,
2026-07-04T22:01:13.886157+00:00,2026-07-04T22:01:13.886052,1,1,137.95,0.5,137.7,100,,,,,,,,,,,,,,,,,,,138.2,51,,,,,,,,,,,,,,,,,,
2026-07-04T22:01:13.937462+00:00,2026-07-04T22:01:13.937357,2,1,137.95,0.5,137.7,100,137.6,150,,,,,,,,,,,,,,,,,138.2,51,,,,,,,,,,,,,,,,,,
2026-07-04T22:01:13.988777+00:00,2026-07-04T22:01:13.988710,2,2,137.9,0.4,137.7,100,137.6,150,,,,,,,,,,,,,,,,,138.1,150,138.2,51,,,,,,,,,,,,,,,,
2026-07-04T22:01:14.424721+00:00,2026-07-04T22:01:14.424854,1,1,137.85,0.5,137.6,150,,,,,,,,,,,,,,,,,,,138.1,150,,,,,,,,,,,,,,,,,,
2026-07-04T22:01:14.480428+00:00,2026-07-04T22:01:14.480336,2,1,137.95,0.3,137.8,100,137.6,150,,,,,,,,,,,,,,,,,138.1,150,,,,,,,,,,,,,,,,,,
2026-07-04T22:01:14.536685+00:00,2026-07-04T22:01:14.536610,2,2,137.95,0.3,137.8,100,137.6,150,,,,,,,,,,,,,,,,,138.1,150,138.3,100,,,,,,,,,,,,,,,,
2026-07-04T22:01:17.042509+00:00,2026-07-04T22:01:17.042417,1,1,138.05,0.5,137.8,100,,,,,,,,,,,,,,,,,,,138.3,100,,,,,,,,,,,,,,,,,,
2026-07-04T22:01:17.094934+00:00,2026-07-04T22:01:17.094901,2,1,138.05,0.5,137.8,100,137.5,150,,,,,,,,,,,,,,,,,138.3,100,,,,,,,,,,,,,,,,,,
2026-07-04T22:01:17.147962+00:00,2026-07-04T22:01:17.147837,2,2,137.9,0.2,137.8,100,137.5,150,,,,,,,,,,,,,,,,,138.0,150,138.3,100,,,,,,,,,,,,,,,,
2026-07-04T22:01:17.153160+00:00,2026-07-04T22:01:17.153071,2,2,137.9,0.2,137.8,100,137.5,150,,,,,,,,,,,,,,,,,138.0,100,138.3,100,,,,,,,,,,,,,,,,
2026-07-04T22:01:17.595976+00:00,2026-07-04T22:01:17.595919,1,1,137.75,0.5,137.5,150,,,,,,,,,,,,,,,,,,,138.0,100,,,,,,,,,,,,,,,,,,
2026-07-04T22:01:17.652783+00:00,2026-07-04T22:01:17.652713,2,1,137.85,0.3,137.7,100,137.5,150,,,,,,,,,,,,,,,,,138.0,100,,,,,,,,,,,,,,,,,,
2026-07-04T22:01:17.706454+00:00,2026-07-04T22:01:17.706356,2,2,137.85,0.3,137.7,100,137.5,150,,,,,,,,,,,,,,,,,138.0,100,138.2,100,,,,,,,,,,,,,,,,
2026-07-04T22:01:19.314793+00:00,2026-07-04T22:01:19.314584,2,2,137.85,0.3,137.7,50,137.5,150,,,,,,,,,,,,,,,,,138.0,100,138.2,100,,,,,,,,,,,,,,,,
2026-07-04T22:01:20.205326+00:00,2026-07-04T22:01:20.205212,1,1,137.95,0.5,137.7,50,,,,,,,,,,,,,,,,,,,138.2,100,,,,,,,,,,,,,,,,,,
2026-07-04T22:01:20.258575+00:00,2026-07-04T22:01:20.256806,2,1,138.0,0.4,137.8,150,137.7,50,,,,,,,,,,,,,,,,,138.2,100,,,,,,,,,,,,,,,,,,
2026-07-04T22:01:20.315494+00:00,2026-07-04T22:01:20.315364,2,2,138.0,0.4,137.8,150,137.7,50,,,,,,,,,,,,,,,,,138.2,100,138.3,150,,,,,,,,,,,,,,,,
2026-07-04T22:01:20.758658+00:00,2026-07-04T22:01:20.755032,1,1,138.05,0.5,137.8,150,,,,,,,,,,,,,,,,,,,138.3,150,,,,,,,,,,,,,,,,,,
2026-07-04T22:01:20.814608+00:00,2026-07-04T22:01:20.814546,2,1,138.05,0.5,137.8,150,137.6,100,,,,,,,,,,,,,,,,,138.3,150,,,,,,,,,,,,,,,,,,
2026-07-04T22:01:20.863647+00:00,2026-07-04T22:01:20.863852,2,2,137.95,0.3,137.8,150,137.6,100,,,,,,,,,,,,,,,,,138.1,100,138.3,150,,,,,,,,,,,,,,,,
2026-07-04T22:01:21.369539+00:00,2026-07-04T22:01:21.369475,2,2,137.95,0.3,137.8,150,137.6,100,,,,,,,,,,,,,,,,,138.1,50,138.3,150,,,,,,,,,,,,,,,,
2026-07-04T22:01:23.371679+00:00,2026-07-04T22:01:23.371605,1,1,137.85,0.5,137.6,100,,,,,,,,,,,,,,,,,,,138.1,50,,,,,,,,,,,,,,,,,,
2026-07-04T22:01:23.426731+00:00,2026-07-04T22:01:23.426601,2,1,137.9,0.4,137.7,150,137.6,100,,,,,,,,,,,,,,,,,138.1,50,,,,,,,,,,,,,,,,,,
2026-07-04T22:01:23.476054+00:00,2026-07-04T22:01:23.476032,2,1,137.95,0.5,137.7,150,137.6,100,,,,,,,,,,,,,,,,,138.2,150,,,,,,,,,,,,,,,,,,
2026-07-04T22:01:23.601093+00:00,2026-07-04T22:01:23.600975,2,1,137.95,0.5,137.7,104,137.6,100,,,,,,,,,,,,,,,,,138.2,150,,,,,,,,,,,,,,,,,,
2026-07-04T22:01:23.922180+00:00,2026-07-04T22:01:23.921993,1,1,137.95,0.5,137.7,104,,,,,,,,,,,,,,,,,,,138.2,150,,,,,,,,,,,,,,,,,,
2026-07-04T22:01:23.975190+00:00,2026-07-04T22:01:23.975079,2,1,138.0,0.4,137.8,100,137.7,104,,,,,,,,,,,,,,,,,138.2,150,,,,,,,,,,,,,,,,,,
2026-07-04T22:01:24.028880+00:00,2026-07-04T22:01:24.028641,2,2,138.0,0.4,137.8,100,137.7,104,,,,,,,,,,,,,,,,,138.2,150,138.3,100,,,,,,,,,,,,,,,,
2026-07-04T22:01:25.585406+00:00,2026-07-04T22:01:25.585285,2,2,138.0,0.4,137.8,100,137.7,104,,,,,,,,,,,,,,,,,138.2,100,138.3,100,,,,,,,,,,,,,,,,
2026-07-04T22:01:26.534605+00:00,2026-07-04T22:01:26.534544,1,1,138.05,0.5,137.8,100,,,,,,,,,,,,,,,,,,,138.3,100,,,,,,,,,,,,,,,,,,
2026-07-04T22:01:26.589398+00:00,2026-07-04T22:01:26.589307,1,1,138.05,0.5,137.8,250,,,,,,,,,,,,,,,,,,,138.3,100,,,,,,,,,,,,,,,,,,
2026-07-04T22:01:26.642485+00:00,2026-07-04T22:01:26.642309,1,1,138.05,0.5,137.8,250,,,,,,,,,,,,,,,,,,,138.3,250,,,,,,,,,,,,,,,,,,
2026-07-04T22:01:27.084857+00:00,2026-07-04T22:01:27.084748,1,1,138.05,0.5,137.8,150,,,,,,,,,,,,,,,,,,,138.3,150,,,,,,,,,,,,,,,,,,
2026-07-04T22:01:27.137291+00:00,2026-07-04T22:01:27.137220,2,1,138.1,0.4,137.9,100,137.8,150,,,,,,,,,,,,,,,,,138.3,150,,,,,,,,,,,,,,,,,,
2026-07-04T22:01:27.192195+00:00,2026-07-04T22:01:27.192124,2,2,138.1,0.4,137.9,100,137.8,150,,,,,,,,,,,,,,,,,138.3,150,138.4,100,,,,,,,,,,,,,,,,
2026-07-04T22:01:27.695100+00:00,2026-07-04T22:01:27.694999,2,2,138.1,0.4,137.9,100,137.8,150,,,,,,,,,,,,,,,,,138.3,100,138.4,100,,,,,,,,,,,,,,,,
2026-07-04T22:01:29.463916+00:00,2026-07-04T22:01:29.463782,2,2,138.1,0.4,137.9,100,137.8,150,,,,,,,,,,,,,,,,,138.3,51,138.4,100,,,,,,,,,,,,,,,,
2026-07-04T22:01:29.513563+00:00,2026-07-04T22:01:29.513431,2,2,138.1,0.4,137.9,57,137.8,150,,,,,,,,,,,,,,,,,138.3,51,138.4,100,,,,,,,,,,,,,,,,
2026-07-04T22:01:29.694176+00:00,2026-07-04T22:01:29.694098,1,1,138.15,0.5,137.9,57,,,,,,,,,,,,,,,,,,,138.4,100,,,,,,,,,,,,,,,,,,
2026-07-04T22:01:29.767704+00:00,2026-07-04T22:01:29.762236,2,1,138.25,0.3,138.1,147,137.9,57,,,,,,,,,,,,,,,,,138.4,100,,,,,,,,,,,,,,,,,,
2026-07-04T22:01:29.803865+00:00,2026-07-04T22:01:29.803958,2,2,138.25,0.3,138.1,147,137.9,57,,,,,,,,,,,,,,,,,138.4,100,138.6,150,,,,,,,,,,,,,,,,
2026-07-04T22:01:29.852783+00:00,2026-07-04T22:01:29.852759,2,2,138.25,0.3,138.1,97,137.9,57,,,,,,,,,,,,,,,,,138.4,100,138.6,150,,,,,,,,,,,,,,,,
2026-07-04T22:01:30.124276+00:00,2026-07-04T22:01:30.124144,2,2,138.25,0.3,138.1,53,137.9,57,,,,,,,,,,,,,,,,,138.4,100,138.6,150,,,,,,,,,,,,,,,,
2026-07-04T22:01:30.275967+00:00,2026-07-04T22:01:30.275881,2,1,138.35,0.5,138.1,53,137.9,57,,,,,,,,,,,,,,,,,138.6,150,,,,,,,,,,,,,,,,,,
2026-07-04T22:01:30.281247+00:00,2026-07-04T22:01:30.281039,1,1,138.35,0.5,138.1,53,,,,,,,,,,,,,,,,,,,138.6,150,,,,,,,,,,,,,,,,,,
2026-07-04T22:01:30.351934+00:00,2026-07-04T22:01:30.351842,2,1,138.35,0.5,138.1,53,137.7,100,,,,,,,,,,,,,,,,,138.6,150,,,,,,,,,,,,,,,,,,
2026-07-04T22:01:30.404745+00:00,2026-07-04T22:01:30.404711,2,2,138.15,0.1,138.1,53,137.7,100,,,,,,,,,,,,,,,,,138.2,100,138.6,150,,,,,,,,,,,,,,,,
2026-07-04T22:01:30.934981+00:00,2026-07-04T22:01:30.934807,2,2,138.15,0.1,138.1,28,137.7,100,,,,,,,,,,,,,,,,,138.2,100,138.6,150,,,,,,,,,,,,,,,,
2026-07-04T22:01:31.958609+00:00,2026-07-04T22:01:31.955636,1,2,137.95,0.5,137.7,78,,,,,,,,,,,,,,,,,,,138.2,100,138.6,150,,,,,,,,,,,,,,,,
2026-07-04T22:01:32.689128+00:00,2026-07-04T22:01:32.689001,1,2,137.95,0.5,137.7,78,,,,,,,,,,,,,,,,,,,138.2,57,138.6,150,,,,,,,,,,,,,,,,
2026-07-04T22:01:32.854989+00:00,2026-07-04T22:01:32.854934,1,1,137.95,0.5,137.7,78,,,,,,,,,,,,,,,,,,,138.2,57,,,,,,,,,,,,,,,,,,
2026-07-04T22:01:32.910808+00:00,2026-07-04T22:01:32.910765,2,1,137.95,0.5,137.7,78,137.5,150,,,,,,,,,,,,,,,,,138.2,57,,,,,,,,,,,,,,,,,,
2026-07-04T22:01:32.958605+00:00,2026-07-04T22:01:32.955300,2,2,137.85,0.3,137.7,78,137.5,150,,,,,,,,,,,,,,,,,138.0,150,138.2,57,,,,,,,,,,,,,,,,
2026-07-04T22:01:33.458582+00:00,2026-07-04T22:01:33.454029,1,1,137.75,0.5,137.5,150,,,,,,,,,,,,,,,,,,,138.0,150,,,,,,,,,,,,,,,,,,
2026-07-04T22:01:33.516234+00:00,2026-07-04T22:01:33.516095,2,1,137.85,0.3,137.7,100,137.5,150,,,,,,,,,,,,,,,,,138.0,150,,,,,,,,,,,,,,,,,,
2026-07-04T22:01:33.569646+00:00,2026-07-04T22:01:33.569585,2,2,137.85,0.3,137.7,100,137.5,150,,,,,,,,,,,,,,,,,138.0,150,138.2,100,,,,,,,,,,,,,,,,
2026-07-04T22:01:33.695565+00:00,2026-07-04T22:01:33.695435,2,2,137.85,0.3,137.7,100,137.5,150,,,,,,,,,,,,,,,,,138.0,105,138.2,100,,,,,,,,,,,,,,,,
2026-07-04T22:01:34.076721+00:00,2026-07-04T22:01:34.076654,2,2,137.85,0.3,137.7,50,137.5,150,,,,,,,,,,,,,,,,,138.0,105,138.2,100,,,,,,,,,,,,,,,,
2026-07-04T22:01:36.016157+00:00,2026-07-04T22:01:36.016129,1,1,137.95,0.5,137.7,50,,,,,,,,,,,,,,,,,,,138.2,100,,,,,,,,,,,,,,,,,,
2026-07-04T22:01:36.064132+00:00,2026-07-04T22:01:36.064034,1,1,137.95,0.5,137.7,200,,,,,,,,,,,,,,,,,,,138.2,100,,,,,,,,,,,,,,,,,,
2026-07-04T22:01:36.119105+00:00,2026-07-04T22:01:36.119013,1,1,137.95,0.5,137.7,200,,,,,,,,,,,,,,,,,,,138.2,250,,,,,,,,,,,,,,,,,,
2026-07-04T22:01:36.134790+00:00,2026-07-04T22:01:36.134716,1,1,137.95,0.5,137.7,200,,,,,,,,,,,,,,,,,,,138.2,200,,,,,,,,,,,,,,,,,,
2026-07-04T22:01:36.341507+00:00,2026-07-04T22:01:36.341356,1,1,137.95,0.5,137.7,153,,,,,,,,,,,,,,,,,,,138.2,200,,,,,,,,,,,,,,,,,,
2026-07-04T22:01:36.620836+00:00,2026-07-04T22:01:36.620728,1,1,137.95,0.5,137.7,153,,,,,,,,,,,,,,,,,,,138.2,150,,,,,,,,,,,,,,,,,,
2026-07-04T22:01:36.626016+00:00,2026-07-04T22:01:36.625913,1,1,137.95,0.5,137.7,150,,,,,,,,,,,,,,,,,,,138.2,150,,,,,,,,,,,,,,,,,,
2026-07-04T22:01:36.679007+00:00,2026-07-04T22:01:36.678905,1,1,137.95,0.5,137.7,250,,,,,,,,,,,,,,,,,,,138.2,150,,,,,,,,,,,,,,,,,,
2026-07-04T22:01:36.732231+00:00,2026-07-04T22:01:36.732378,1,1,137.95,0.5,137.7,250,,,,,,,,,,,,,,,,,,,138.2,250,,,,,,,,,,,,,,,,,,
2026-07-04T22:01:38.293591+00:00,2026-07-04T22:01:38.293553,1,1,137.95,0.5,137.7,200,,,,,,,,,,,,,,,,,,,138.2,250,,,,,,,,,,,,,,,,,,
2026-07-04T22:01:38.311116+00:00,2026-07-04T22:01:38.311027,1,1,137.95,0.5,137.7,200,,,,,,,,,,,,,,,,,,,138.2,210,,,,,,,,,,,,,,,,,,
2026-07-04T22:01:39.172139+00:00,2026-07-04T22:01:39.172021,1,1,137.95,0.5,137.7,100,,,,,,,,,,,,,,,,,,,138.2,100,,,,,,,,,,,,,,,,,,
2026-07-04T22:01:39.225810+00:00,2026-07-04T22:01:39.225893,2,1,137.95,0.5,137.7,100,137.5,150,,,,,,,,,,,,,,,,,138.2,100,,,,,,,,,,,,,,,,,,
2026-07-04T22:01:39.274520+00:00,2026-07-04T22:01:39.274493,2,2,137.85,0.3,137.7,100,137.5,150,,,,,,,,,,,,,,,,,138.0,150,138.2,100,,,,,,,,,,,,,,,,
2026-07-04T22:01:39.369108+00:00,2026-07-04T22:01:39.368872,2,2,137.85,0.3,137.7,52,137.5,150,,,,,,,,,,,,,,,,,138.0,150,138.2,100,,,,,,,,,,,,,,,,
2026-07-04T22:01:39.785170+00:00,2026-07-04T22:01:39.785141,1,1,137.75,0.5,137.5,150,,,,,,,,,,,,,,,,,,,138.0,150,,,,,,,,,,,,,,,,,,
2026-07-04T22:01:39.838378+00:00,2026-07-04T22:01:39.838454,2,1,137.75,0.5,137.5,150,137.4,100,,,,,,,,,,,,,,,,,138.0,150,,,,,,,,,,,,,,,,,,
2026-07-04T22:01:39.892242+00:00,2026-07-04T22:01:39.892215,2,2,137.7,0.4,137.5,150,137.4,100,,,,,,,,,,,,,,,,,137.9,100,138.0,150,,,,,,,,,,,,,,,,
2026-07-04T22:01:40.493561+00:00,2026-07-04T22:01:40.493414,2,2,137.7,0.4,137.5,102,137.4,100,,,,,,,,,,,,,,,,,137.9,100,138.0,150,,,,,,,,,,,,,,,,
2026-07-04T22:01:42.331731+00:00,2026-07-04T22:01:42.331621,1,1,137.65,0.5,137.4,100,,,,,,,,,,,,,,,,,,,137.9,100,,,,,,,,,,,,,,,,,,
2026-07-04T22:01:42.384778+00:00,2026-07-04T22:01:42.384653,1,1,137.65,0.5,137.4,250,,,,,,,,,,,,,,,,,,,137.9,100,,,,,,,,,,,,,,,,,,
2026-07-04T22:01:42.438571+00:00,2026-07-04T22:01:42.438478,1,1,137.65,0.5,137.4,250,,,,,,,,,,,,,,,,,,,137.9,250,,,,,,,,,,,,,,,,,,
2026-07-04T22:01:42.463659+00:00,2026-07-04T22:01:42.463812,1,1,137.65,0.5,137.4,250,,,,,,,,,,,,,,,,,,,137.9,200,,,,,,,,,,,,,,,,,,
2026-07-04T22:01:42.914155+00:00,2026-07-04T22:01:42.907770,1,1,137.65,0.5,137.4,250,,,,,,,,,,,,,,,,,,,137.9,197,,,,,,,,,,,,,,,,,,
2026-07-04T22:01:42.946363+00:00,2026-07-04T22:01:42.946312,1,1,137.65,0.5,137.4,150,,,,,,,,,,,,,,,,,,,137.9,150,,,,,,,,,,,,,,,,,,
2026-07-04T22:01:43.001669+00:00,2026-07-04T22:01:43.001522,2,1,137.8,0.2,137.7,100,137.4,150,,,,,,,,,,,,,,,,,137.9,150,,,,,,,,,,,,,,,,,,
2026-07-04T22:01:43.055347+00:00,2026-07-04T22:01:43.055262,2,2,137.8,0.2,137.7,100,137.4,150,,,,,,,,,,,,,,,,,137.9,150,138.2,100,,,,,,,,,,,,,,,,
2026-07-04T22:01:44.493878+00:00,2026-07-04T22:01:44.493822,2,2,137.8,0.2,137.7,100,137.4,150,,,,,,,,,,,,,,,,,137.9,103,138.2,100,,,,,,,,,,,,,,,,
2026-07-04T22:01:44.558582+00:00,2026-07-04T22:01:44.556564,2,2,137.8,0.2,137.7,100,137.4,150,,,,,,,,,,,,,,,,,137.9,53,138.2,100,,,,,,,,,,,,,,,,
2026-07-04T22:01:45.492468+00:00,2026-07-04T22:01:45.492325,1,1,137.95,0.5,137.7,100,,,,,,,,,,,,,,,,,,,138.2,100,,,,,,,,,,,,,,,,,,
2026-07-04T22:01:45.548100+00:00,2026-07-04T22:01:45.547942,1,1,137.95,0.5,137.7,250,,,,,,,,,,,,,,,,,,,138.2,100,,,,,,,,,,,,,,,,,,
2026-07-04T22:01:45.553186+00:00,2026-07-04T22:01:45.553143,1,1,137.95,0.5,137.7,250,,,,,,,,,,,,,,,,,,,138.2,57,,,,,,,,,,,,,,,,,,
2026-07-04T22:01:45.600513+00:00,2026-07-04T22:01:45.600398,1,1,137.95,0.5,137.7,250,,,,,,,,,,,,,,,,,,,138.2,207,,,,,,,,,,,,,,,,,,
2026-07-04T22:01:46.119920+00:00,2026-07-04T22:01:46.119837,1,1,137.95,0.5,137.7,150,,,,,,,,,,,,,,,,,,,138.2,150,,,,,,,,,,,,,,,,,,
2026-07-04T22:01:46.173204+00:00,2026-07-04T22:01:46.173053,1,1,137.95,0.5,137.7,250,,,,,,,,,,,,,,,,,,,138.2,150,,,,,,,,,,,,,,,,,,
2026-07-04T22:01:46.223831+00:00,2026-07-04T22:01:46.223797,1,1,137.95,0.5,137.7,250,,,,,,,,,,,,,,,,,,,138.2,250,,,,,,,,,,,,,,,,,,
2026-07-04T22:01:46.669209+00:00,2026-07-04T22:01:46.669134,1,1,137.95,0.5,137.7,250,,,,,,,,,,,,,,,,,,,138.2,200,,,,,,,,,,,,,,,,,,
2026-07-04T22:01:48.658605+00:00,2026-07-04T22:01:48.655632,1,1,137.95,0.5,137.7,100,,,,,,,,,,,,,,,,,,,138.2,100,,,,,,,,,,,,,,,,,,
2026-07-04T22:01:48.711731+00:00,2026-07-04T22:01:48.711667,2,1,138.05,0.3,137.9,150,137.7,100,,,,,,,,,,,,,,,,,138.2,100,,,,,,,,,,,,,,,,,,
2026-07-04T22:01:48.765043+00:00,2026-07-04T22:01:48.765140,2,2,138.05,0.3,137.9,150,137.7,100,,,,,,,,,,,,,,,,,138.2,100,138.4,150,,,,,,,,,,,,,,,,
2026-07-04T22:01:49.250609+00:00,2026-07-04T22:01:49.250750,2,2,138.05,0.3,137.9,110,137.7,100,,,,,,,,,,,,,,,,,138.2,100,138.4,150,,,,,,,,,,,,,,,,
2026-07-04T22:01:49.277510+00:00,2026-07-04T22:01:49.277441,1,1,138.15,0.5,137.9,110,,,,,,,,,,,,,,,,,,,138.4,150,,,,,,,,,,,,,,,,,,
2026-07-04T22:01:49.334402+00:00,2026-07-04T22:01:49.334308,2,1,138.15,0.5,137.9,110,137.6,100,,,,,,,,,,,,,,,,,138.4,150,,,,,,,,,,,,,,,,,,
2026-07-04T22:01:49.387482+00:00,2026-07-04T22:01:49.387618,2,2,138.0,0.2,137.9,110,137.6,100,,,,,,,,,,,,,,,,,138.1,100,138.4,150,,,,,,,,,,,,,,,,
2026-07-04T22:01:49.746177+00:00,2026-07-04T22:01:49.746022,2,2,138.0,0.2,137.9,68,137.6,100,,,,,,,,,,,,,,,,,138.1,100,138.4,150,,,,,,,,,,,,,,,,
2026-07-04T22:01:50.774020+00:00,2026-07-04T22:01:50.767802,2,2,138.0,0.2,137.9,54,137.6,100,,,,,,,,,,,,,,,,,138.1,100,138.4,150,,,,,,,,,,,,,,,,
2026-07-04T22:01:50.880713+00:00,2026-07-04T22:01:50.880574,2,2,138.0,0.2,137.9,54,137.6,100,,,,,,,,,,,,,,,,,138.1,50,138.4,150,,,,,,,,,,,,,,,,
2026-07-04T22:01:50.958631+00:00,2026-07-04T22:01:50.956308,2,2,138.0,0.2,137.9,29,137.6,100,,,,,,,,,,,,,,,,,138.1,50,138.4,150,,,,,,,,,,,,,,,,
2026-07-04T22:01:53.096715+00:00,2026-07-04T22:01:52.979829,2,1,137.65,0.5,137.4,100,137.1,150,,,,,,,,,,,,,,,,,137.9,100,,,,,,,,,,,,,,,,,,
2026-07-04T22:01:54.093009+00:00,2026-07-04T22:01:54.092943,2,1,137.65,0.5,137.4,100,137.1,150,,,,,,,,,,,,,,,,,137.9,56,,,,,,,,,,,,,,,,,,
2026-07-04T22:01:54.694986+00:00,2026-07-04T22:01:54.689311,2,1,137.65,0.5,137.4,100,137.1,150,,,,,,,,,,,,,,,,,137.9,45,,,,,,,,,,,,,,,,,,
2026-07-04T22:01:54.982194+00:00,2026-07-04T22:01:54.982062,1,1,137.65,0.5,137.4,100,,,,,,,,,,,,,,,,,,,137.9,45,,,,,,,,,,,,,,,,,,
2026-07-04T22:01:55.032347+00:00,2026-07-04T22:01:55.032233,2,0,,,138.1,105,137.4,100,,,,,,,,,,,,,,,,,,,,,,,,,,,,,,,,,,,,
2026-07-04T22:01:55.101440+00:00,2026-07-04T22:01:55.101311,2,1,138.35,0.5,138.1,105,137.4,100,,,,,,,,,,,,,,,,,138.6,150,,,,,,,,,,,,,,,,,,
2026-07-04T22:01:55.151035+00:00,2026-07-04T22:01:55.150915,2,1,138.35,0.5,138.1,55,137.4,100,,,,,,,,,,,,,,,,,138.6,150,,,,,,,,,,,,,,,,,,
2026-07-04T22:01:55.558915+00:00,2026-07-04T22:01:55.551947,2,1,138.35,0.5,138.1,12,137.4,100,,,,,,,,,,,,,,,,,138.6,150,,,,,,,,,,,,,,,,,,
2026-07-04T22:01:55.596764+00:00,2026-07-04T22:01:55.596715,1,1,138.35,0.5,138.1,12,,,,,,,,,,,,,,,,,,,138.6,150,,,,,,,,,,,,,,,,,,
2026-07-04T22:01:55.658627+00:00,2026-07-04T22:01:55.646241,2,1,138.35,0.5,138.1,12,137.9,100,,,,,,,,,,,,,,,,,138.6,150,,,,,,,,,,,,,,,,,,
2026-07-04T22:01:55.703923+00:00,2026-07-04T22:01:55.704027,2,2,138.25,0.3,138.1,12,137.9,100,,,,,,,,,,,,,,,,,138.4,100,138.6,150,,,,,,,,,,,,,,,,
2026-07-04T22:01:57.015225+00:00,2026-07-04T22:01:57.015144,2,2,138.25,0.3,138.1,12,137.9,100,,,,,,,,,,,,,,,,,138.4,58,138.6,150,,,,,,,,,,,,,,,,
2026-07-04T22:01:57.256261+00:00,2026-07-04T22:01:57.256227,1,2,138.15,0.5,137.9,62,,,,,,,,,,,,,,,,,,,138.4,58,138.6,150,,,,,,,,,,,,,,,,
2026-07-04T22:01:58.151477+00:00,2026-07-04T22:01:58.151576,1,1,138.15,0.5,137.9,62,,,,,,,,,,,,,,,,,,,138.4,58,,,,,,,,,,,,,,,,,,
2026-07-04T22:01:58.204545+00:00,2026-07-04T22:01:58.204467,2,1,138.15,0.5,137.9,62,137.4,150,,,,,,,,,,,,,,,,,138.4,58,,,,,,,,,,,,,,,,,,
2026-07-04T22:01:58.258556+00:00,2026-07-04T22:01:58.252742,1,2,137.65,0.5,137.4,150,,,,,,,,,,,,,,,,,,,137.9,88,138.4,58,,,,,,,,,,,,,,,,
2026-07-04T22:01:58.620437+00:00,2026-07-04T22:01:58.615144,1,2,137.65,0.5,137.4,150,,,,,,,,,,,,,,,,,,,137.9,85,138.4,58,,,,,,,,,,,,,,,,
2026-07-04T22:01:58.758622+00:00,2026-07-04T22:01:58.756235,1,1,137.65,0.5,137.4,150,,,,,,,,,,,,,,,,,,,137.9,85,,,,,,,,,,,,,,,,,,
2026-07-04T22:01:58.814792+00:00,2026-07-04T22:01:58.814690,2,1,137.85,0.1,137.8,100,137.4,150,,,,,,,,,,,,,,,,,137.9,85,,,,,,,,,,,,,,,,,,
2026-07-04T22:01:58.858538+00:00,2026-07-04T22:01:58.857292,2,2,137.85,0.1,137.8,100,137.4,150,,,,,,,,,,,,,,,,,137.9,85,138.3,100,,,,,,,,,,,,,,,,
2026-07-04T22:01:59.360486+00:00,2026-07-04T22:01:59.360422,2,2,137.85,0.1,137.8,50,137.4,150,,,,,,,,,,,,,,,,,137.9,85,138.3,100,,,,,,,,,,,,,,,,
2026-07-04T22:02:01.323883+00:00,2026-07-04T22:02:01.323832,1,1,138.05,0.5,137.8,50,,,,,,,,,,,,,,,,,,,138.3,100,,,,,,,,,,,,,,,,,,
2026-07-04T22:02:01.380603+00:00,2026-07-04T22:02:01.380450,2,1,138.05,0.5,137.8,50,137.7,150,,,,,,,,,,,,,,,,,138.3,100,,,,,,,,,,,,,,,,,,
2026-07-04T22:02:01.430523+00:00,2026-07-04T22:02:01.430712,2,2,138.0,0.4,137.8,50,137.7,150,,,,,,,,,,,,,,,,,138.2,150,138.3,100,,,,,,,,,,,,,,,,
2026-07-04T22:02:01.472177+00:00,2026-07-04T22:02:01.472114,1,2,137.95,0.5,137.7,150,,,,,,,,,,,,,,,,,,,138.2,150,138.3,100,,,,,,,,,,,,,,,,
2026-07-04T22:02:01.921510+00:00,2026-07-04T22:02:01.921427,1,1,137.95,0.5,137.7,150,,,,,,,,,,,,,,,,,,,138.2,150,,,,,,,,,,,,,,,,,,
2026-07-04T22:02:01.974955+00:00,2026-07-04T22:02:01.975093,2,1,137.95,0.5,137.7,150,137.4,100,,,,,,,,,,,,,,,,,138.2,150,,,,,,,,,,,,,,,,,,
2026-07-04T22:02:02.028496+00:00,2026-07-04T22:02:02.028605,2,2,137.8,0.2,137.7,150,137.4,100,,,,,,,,,,,,,,,,,137.9,100,138.2,150,,,,,,,,,,,,,,,,
2026-07-04T22:02:03.609469+00:00,2026-07-04T22:02:03.609258,2,2,137.8,0.2,137.7,100,137.4,100,,,,,,,,,,,,,,,,,137.9,100,138.2,150,,,,,,,,,,,,,,,,
2026-07-04T22:02:04.486738+00:00,2026-07-04T22:02:04.486672,1,1,137.65,0.5,137.4,100,,,,,,,,,,,,,,,,,,,137.9,100,,,,,,,,,,,,,,,,,,
2026-07-04T22:02:04.542074+00:00,2026-07-04T22:02:04.541895,2,1,137.7,0.4,137.5,150,137.4,100,,,,,,,,,,,,,,,,,137.9,100,,,,,,,,,,,,,,,,,,
2026-07-04T22:02:04.595752+00:00,2026-07-04T22:02:04.595687,2,2,137.7,0.4,137.5,150,137.4,100,,,,,,,,,,,,,,,,,137.9,100,138.0,150,,,,,,,,,,,,,,,,
2026-07-04T22:02:05.083036+00:00,2026-07-04T22:02:05.083001,1,1,137.75,0.5,137.5,150,,,,,,,,,,,,,,,,,,,138.0,150,,,,,,,,,,,,,,,,,,
2026-07-04T22:02:05.138974+00:00,2026-07-04T22:02:05.138940,1,1,137.75,0.5,137.5,250,,,,,,,,,,,,,,,,,,,138.0,150,,,,,,,,,,,,,,,,,,
2026-07-04T22:02:05.190180+00:00,2026-07-04T22:02:05.190123,1,1,137.75,0.5,137.5,250,,,,,,,,,,,,,,,,,,,138.0,250,,,,,,,,,,,,,,,,,,
2026-07-04T22:02:05.719351+00:00,2026-07-04T22:02:05.719325,1,1,137.75,0.5,137.5,200,,,,,,,,,,,,,,,,,,,138.0,250,,,,,,,,,,,,,,,,,,
2026-07-04T22:02:06.947039+00:00,2026-07-04T22:02:06.947005,1,1,137.75,0.5,137.5,200,,,,,,,,,,,,,,,,,,,138.0,201,,,,,,,,,,,,,,,,,,
2026-07-04T22:02:07.651034+00:00,2026-07-04T22:02:07.650946,1,1,137.75,0.5,137.5,100,,,,,,,,,,,,,,,,,,,138.0,100,,,,,,,,,,,,,,,,,,
2026-07-04T22:02:07.705684+00:00,2026-07-04T22:02:07.705629,2,1,137.75,0.5,137.5,100,137.4,150,,,,,,,,,,,,,,,,,138.0,100,,,,,,,,,,,,,,,,,,
2026-07-04T22:02:07.758551+00:00,2026-07-04T22:02:07.753568,2,2,137.7,0.4,137.5,100,137.4,150,,,,,,,,,,,,,,,,,137.9,150,138.0,100,,,,,,,,,,,,,,,,
2026-07-04T22:02:07.790756+00:00,2026-07-04T22:02:07.790556,2,2,137.7,0.4,137.5,100,137.4,150,,,,,,,,,,,,,,,,,137.9,100,138.0,100,,,,,,,,,,,,,,,,
2026-07-04T22:02:08.246426+00:00,2026-07-04T22:02:08.246584,1,1,137.65,0.5,137.4,150,,,,,,,,,,,,,,,,,,,137.9,100,,,,,,,,,,,,,,,,,,
2026-07-04T22:02:08.301590+00:00,2026-07-04T22:02:08.301504,2,1,137.7,0.4,137.5,100,137.4,150,,,,,,,,,,,,,,,,,137.9,100,,,,,,,,,,,,,,,,,,
2026-07-04T22:02:08.354614+00:00,2026-07-04T22:02:08.354447,2,2,137.7,0.4,137.5,100,137.4,150,,,,,,,,,,,,,,,,,137.9,100,138.0,100,,,,,,,,,,,,,,,,
2026-07-04T22:02:09.895448+00:00,2026-07-04T22:02:09.895399,2,2,137.7,0.4,137.5,100,137.4,150,,,,,,,,,,,,,,,,,137.9,50,138.0,100,,,,,,,,,,,,,,,,
2026-07-04T22:02:10.418585+00:00,2026-07-04T22:02:10.412634,2,2,137.7,0.4,137.5,100,137.4,150,,,,,,,,,,,,,,,,,137.9,47,138.0,100,,,,,,,,,,,,,,,,
2026-07-04T22:02:10.808968+00:00,2026-07-04T22:02:10.808834,2,1,137.75,0.5,137.5,100,137.4,150,,,,,,,,,,,,,,,,,138.0,100,,,,,,,,,,,,,,,,,,
2026-07-04T22:02:10.814198+00:00,2026-07-04T22:02:10.814004,1,1,137.75,0.5,137.5,100,,,,,,,,,,,,,,,,,,,138.0,100,,,,,,,,,,,,,,,,,,
2026-07-04T22:02:10.867183+00:00,2026-07-04T22:02:10.867089,2,0,,,138.3,50,137.5,100,,,,,,,,,,,,,,,,,,,,,,,,,,,,,,,,,,,,
2026-07-04T22:02:10.927002+00:00,2026-07-04T22:02:10.921103,2,1,138.55,0.5,138.3,47,137.5,100,,,,,,,,,,,,,,,,,138.8,150,,,,,,,,,,,,,,,,,,
2026-07-04T22:02:11.412909+00:00,2026-07-04T22:02:11.412832,1,1,138.55,0.5,138.3,47,,,,,,,,,,,,,,,,,,,138.8,150,,,,,,,,,,,,,,,,,,
2026-07-04T22:02:11.475953+00:00,2026-07-04T22:02:11.475805,2,1,138.55,0.5,138.3,47,138.1,100,,,,,,,,,,,,,,,,,138.8,150,,,,,,,,,,,,,,,,,,
2026-07-04T22:02:11.531579+00:00,2026-07-04T22:02:11.531452,2,2,138.45,0.3,138.3,47,138.1,100,,,,,,,,,,,,,,,,,138.6,100,138.8,150,,,,,,,,,,,,,,,,
2026-07-04T22:02:12.010131+00:00,2026-07-04T22:02:12.010066,2,2,138.45,0.3,138.3,47,138.1,100,,,,,,,,,,,,,,,,,138.6,50,138.8,150,,,,,,,,,,,,,,,,
2026-07-04T22:02:12.383968+00:00,2026-07-04T22:02:12.383918,2,2,138.45,0.3,138.3,6,138.1,100,,,,,,,,,,,,,,,,,138.6,50,138.8,150,,,,,,,,,,,,,,,,
2026-07-04T22:02:13.973734+00:00,2026-07-04T22:02:13.973653,1,1,138.35,0.5,138.1,100,,,,,,,,,,,,,,,,,,,138.6,50,,,,,,,,,,,,,,,,,,
2026-07-04T22:02:14.026915+00:00,2026-07-04T22:02:14.026846,2,1,138.35,0.5,138.1,100,137.8,150,,,,,,,,,,,,,,,,,138.6,50,,,,,,,,,,,,,,,,,,
2026-07-04T22:02:14.079243+00:00,2026-07-04T22:02:14.079214,2,2,138.2,0.2,138.1,100,137.8,150,,,,,,,,,,,,,,,,,138.3,150,138.6,50,,,,,,,,,,,,,,,,
2026-07-04T22:02:14.169394+00:00,2026-07-04T22:02:14.169484,2,2,138.2,0.2,138.1,50,137.8,150,,,,,,,,,,,,,,,,,138.3,150,138.6,50,,,,,,,,,,,,,,,,
2026-07-04T22:02:14.585831+00:00,2026-07-04T22:02:14.585972,1,1,138.05,0.5,137.8,150,,,,,,,,,,,,,,,,,,,138.3,150,,,,,,,,,,,,,,,,,,
2026-07-04T22:02:14.640977+00:00,2026-07-04T22:02:14.640903,2,1,138.2,0.2,138.1,100,137.8,150,,,,,,,,,,,,,,,,,138.3,150,,,,,,,,,,,,,,,,,,
2026-07-04T22:02:14.696835+00:00,2026-07-04T22:02:14.696686,2,2,138.2,0.2,138.1,100,137.8,150,,,,,,,,,,,,,,,,,138.3,150,138.6,100,,,,,,,,,,,,,,,,
2026-07-04T22:02:15.947353+00:00,2026-07-04T22:02:15.947213,2,2,138.2,0.2,138.1,100,137.8,150,,,,,,,,,,,,,,,,,138.3,107,138.6,100,,,,,,,,,,,,,,,,
2026-07-04T22:02:16.274397+00:00,2026-07-04T22:02:16.274319,2,2,138.2,0.2,138.1,50,137.8,150,,,,,,,,,,,,,,,,,138.3,107,138.6,100,,,,,,,,,,,,,,,,
2026-07-04T22:02:17.132215+00:00,2026-07-04T22:02:17.132135,1,1,138.35,0.5,138.1,50,,,,,,,,,,,,,,,,,,,138.6,100,,,,,,,,,,,,,,,,,,
2026-07-04T22:02:17.186837+00:00,2026-07-04T22:02:17.186746,2,1,138.35,0.5,138.1,50,137.9,150,,,,,,,,,,,,,,,,,138.6,100,,,,,,,,,,,,,,,,,,
2026-07-04T22:02:17.239291+00:00,2026-07-04T22:02:17.239205,2,2,138.25,0.3,138.1,50,137.9,150,,,,,,,,,,,,,,,,,138.4,150,138.6,100,,,,,,,,,,,,,,,,
2026-07-04T22:02:17.751240+00:00,2026-07-04T22:02:17.751133,1,1,138.15,0.5,137.9,150,,,,,,,,,,,,,,,,,,,138.4,150,,,,,,,,,,,,,,,,,,
2026-07-04T22:02:17.803273+00:00,2026-07-04T22:02:17.803178,1,1,138.15,0.5,137.9,250,,,,,,,,,,,,,,,,,,,138.4,150,,,,,,,,,,,,,,,,,,
2026-07-04T22:02:17.884048+00:00,2026-07-04T22:02:17.883825,1,1,138.15,0.5,137.9,250,,,,,,,,,,,,,,,,,,,138.4,250,,,,,,,,,,,,,,,,,,
2026-07-04T22:02:18.170947+00:00,2026-07-04T22:02:18.170873,1,1,138.15,0.5,137.9,250,,,,,,,,,,,,,,,,,,,138.4,208,,,,,,,,,,,,,,,,,,
2026-07-04T22:02:18.328563+00:00,2026-07-04T22:02:18.328205,1,1,138.15,0.5,137.9,250,,,,,,,,,,,,,,,,,,,138.4,158,,,,,,,,,,,,,,,,,,
2026-07-04T22:02:20.294514+00:00,2026-07-04T22:02:20.294446,1,1,138.15,0.5,137.9,100,,,,,,,,,,,,,,,,,,,138.4,100,,,,,,,,,,,,,,,,,,
2026-07-04T22:02:20.347512+00:00,2026-07-04T22:02:20.347412,2,1,138.3,0.2,138.2,150,137.9,100,,,,,,,,,,,,,,,,,138.4,100,,,,,,,,,,,,,,,,,,
2026-07-04T22:02:20.399441+00:00,2026-07-04T22:02:20.399347,2,2,138.3,0.2,138.2,150,137.9,100,,,,,,,,,,,,,,,,,138.4,100,138.7,150,,,,,,,,,,,,,,,,
2026-07-04T22:02:20.435600+00:00,2026-07-04T22:02:20.435750,2,2,138.3,0.2,138.2,150,137.9,100,,,,,,,,,,,,,,,,,138.4,50,138.7,150,,,,,,,,,,,,,,,,
2026-07-04T22:02:20.939506+00:00,2026-07-04T22:02:20.939449,1,1,138.45,0.5,138.2,150,,,,,,,,,,,,,,,,,,,138.7,150,,,,,,,,,,,,,,,,,,
2026-07-04T22:02:20.994213+00:00,2026-07-04T22:02:20.994152,2,1,138.45,0.5,138.2,150,138.0,100,,,,,,,,,,,,,,,,,138.7,150,,,,,,,,,,,,,,,,,,
2026-07-04T22:02:21.046457+00:00,2026-07-04T22:02:21.046334,2,2,138.35,0.3,138.2,150,138.0,100,,,,,,,,,,,,,,,,,138.5,100,138.7,150,,,,,,,,,,,,,,,,
2026-07-04T22:02:22.604467+00:00,2026-07-04T22:02:22.604410,2,2,138.35,0.3,138.2,100,138.0,100,,,,,,,,,,,,,,,,,138.5,100,138.7,150,,,,,,,,,,,,,,,,
2026-07-04T22:02:23.458610+00:00,2026-07-04T22:02:23.447680,1,1,138.25,0.5,138.0,100,,,,,,,,,,,,,,,,,,,138.5,100,,,,,,,,,,,,,,,,,,
2026-07-04T22:02:23.522732+00:00,2026-07-04T22:02:23.522540,2,1,138.25,0.5,138.0,100,137.9,150,,,,,,,,,,,,,,,,,138.5,100,,,,,,,,,,,,,,,,,,
2026-07-04T22:02:23.574062+00:00,2026-07-04T22:02:23.573907,2,2,138.2,0.4,138.0,100,137.9,150,,,,,,,,,,,,,,,,,138.4,150,138.5,100,,,,,,,,,,,,,,,,
2026-07-04T22:02:24.129938+00:00,2026-07-04T22:02:24.129849,1,1,138.15,0.5,137.9,150,,,,,,,,,,,,,,,,,,,138.4,150,,,,,,,,,,,,,,,,,,
2026-07-04T22:02:24.182860+00:00,2026-07-04T22:02:24.182784,2,1,138.15,0.5,137.9,150,137.8,100,,,,,,,,,,,,,,,,,138.4,150,,,,,,,,,,,,,,,,,,
2026-07-04T22:02:24.232061+00:00,2026-07-04T22:02:24.231962,2,2,138.1,0.4,137.9,150,137.8,100,,,,,,,,,,,,,,,,,138.3,100,138.4,150,,,,,,,,,,,,,,,,
2026-07-04T22:02:24.305878+00:00,2026-07-04T22:02:24.305834,2,2,138.1,0.4,137.9,105,137.8,100,,,,,,,,,,,,,,,,,138.3,100,138.4,150,,,,,,,,,,,,,,,,
2026-07-04T22:02:24.709627+00:00,2026-07-04T22:02:24.709576,2,2,138.1,0.4,137.9,55,137.8,100,,,,,,,,,,,,,,,,,138.3,100,138.4,150,,,,,,,,,,,,,,,,
2026-07-04T22:02:24.918791+00:00,2026-07-04T22:02:24.918682,2,2,138.1,0.4,137.9,8,137.8,100,,,,,,,,,,,,,,,,,138.3,100,138.4,150,,,,,,,,,,,,,,,,
2026-07-04T22:02:26.629135+00:00,2026-07-04T22:02:26.628960,1,1,138.05,0.5,137.8,100,,,,,,,,,,,,,,,,,,,138.3,100,,,,,,,,,,,,,,,,,,
2026-07-04T22:02:26.682828+00:00,2026-07-04T22:02:26.682717,2,1,138.05,0.5,137.8,100,137.2,150,,,,,,,,,,,,,,,,,138.3,100,,,,,,,,,,,,,,,,,,
2026-07-04T22:02:26.732921+00:00,2026-07-04T22:02:26.732851,1,2,137.45,0.5,137.2,150,,,,,,,,,,,,,,,,,,,137.7,50,138.3,100,,,,,,,,,,,,,,,,
2026-07-04T22:02:26.818441+00:00,2026-07-04T22:02:26.818301,1,2,137.45,0.5,137.2,100,,,,,,,,,,,,,,,,,,,137.7,50,138.3,100,,,,,,,,,,,,,,,,
2026-07-04T22:02:27.175531+00:00,2026-07-04T22:02:27.164183,1,2,137.45,0.5,137.2,100,,,,,,,,,,,,,,,,,,,137.7,36,138.3,100,,,,,,,,,,,,,,,,
2026-07-04T22:02:27.285000+00:00,2026-07-04T22:02:27.284938,1,1,137.45,0.5,137.2,100,,,,,,,,,,,,,,,,,,,137.7,36,,,,,,,,,,,,,,,,,,
2026-07-04T22:02:27.339878+00:00,2026-07-04T22:02:27.339752,2,0,,,137.7,64,137.2,100,,,,,,,,,,,,,,,,,,,,,,,,,,,,,,,,,,,,
2026-07-04T22:02:27.393224+00:00,2026-07-04T22:02:27.393194,2,1,137.95,0.5,137.7,64,137.2,100,,,,,,,,,,,,,,,,,138.2,100,,,,,,,,,,,,,,,,,,
2026-07-04T22:02:29.786106+00:00,2026-07-04T22:02:29.786007,1,1,137.95,0.5,137.7,64,,,,,,,,,,,,,,,,,,,138.2,100,,,,,,,,,,,,,,,,,,
2026-07-04T22:02:29.842681+00:00,2026-07-04T22:02:29.842608,2,1,138.05,0.3,137.9,150,137.7,64,,,,,,,,,,,,,,,,,138.2,100,,,,,,,,,,,,,,,,,,
2026-07-04T22:02:29.897404+00:00,2026-07-04T22:02:29.897285,2,2,138.05,0.3,137.9,150,137.7,64,,,,,,,,,,,,,,,,,138.2,100,138.4,150,,,,,,,,,,,,,,,,
2026-07-04T22:02:30.449706+00:00,2026-07-04T22:02:30.449649,1,1,138.15,0.5,137.9,150,,,,,,,,,,,,,,,,,,,138.4,150,,,,,,,,,,,,,,,,,,
2026-07-04T22:02:30.504312+00:00,2026-07-04T22:02:30.504421,2,1,138.15,0.5,137.9,150,137.8,100,,,,,,,,,,,,,,,,,138.4,150,,,,,,,,,,,,,,,,,,
2026-07-04T22:02:30.558583+00:00,2026-07-04T22:02:30.553325,2,2,138.1,0.4,137.9,150,137.8,100,,,,,,,,,,,,,,,,,138.3,100,138.4,150,,,,,,,,,,,,,,,,
2026-07-04T22:02:30.688641+00:00,2026-07-04T22:02:30.688582,2,2,138.1,0.4,137.9,150,137.8,100,,,,,,,,,,,,,,,,,138.3,55,138.4,150,,,,,,,,,,,,,,,,
2026-07-04T22:02:30.978322+00:00,2026-07-04T22:02:30.978265,2,2,138.1,0.4,137.9,150,137.8,100,,,,,,,,,,,,,,,,,138.3,5,138.4,150,,,,,,,,,,,,,,,,
2026-07-04T22:02:32.958583+00:00,2026-07-04T22:02:32.956023,1,1,138.05,0.5,137.8,100,,,,,,,,,,,,,,,,,,,138.3,5,,,,,,,,,,,,,,,,,,
2026-07-04T22:02:33.011482+00:00,2026-07-04T22:02:33.011371,2,1,138.2,0.2,138.1,150,137.8,100,,,,,,,,,,,,,,,,,138.3,5,,,,,,,,,,,,,,,,,,
2026-07-04T22:02:33.065058+00:00,2026-07-04T22:02:33.064972,2,2,138.2,0.2,138.1,150,137.8,100,,,,,,,,,,,,,,,,,138.3,5,138.6,150,,,,,,,,,,,,,,,,
2026-07-04T22:02:33.087130+00:00,2026-07-04T22:02:33.087060,2,1,138.35,0.5,138.1,150,137.8,100,,,,,,,,,,,,,,,,,138.6,150,,,,,,,,,,,,,,,,,,
2026-07-04T22:02:33.608521+00:00,2026-07-04T22:02:33.608610,1,1,138.35,0.5,138.1,150,,,,,,,,,,,,,,,,,,,138.6,150,,,,,,,,,,,,,,,,,,
2026-07-04T22:02:33.664431+00:00,2026-07-04T22:02:33.664370,2,1,138.4,0.4,138.2,100,138.1,150,,,,,,,,,,,,,,,,,138.6,150,,,,,,,,,,,,,,,,,,
2026-07-04T22:02:33.717562+00:00,2026-07-04T22:02:33.717664,2,2,138.4,0.4,138.2,100,138.1,150,,,,,,,,,,,,,,,,,138.6,150,138.7,100,,,,,,,,,,,,,,,,
2026-07-04T22:02:35.194630+00:00,2026-07-04T22:02:35.194566,2,2,138.4,0.4,138.2,100,138.1,150,,,,,,,,,,,,,,,,,138.6,100,138.7,100,,,,,,,,,,,,,,,,
2026-07-04T22:02:36.118760+00:00,2026-07-04T22:02:36.118725,1,1,138.45,0.5,138.2,100,,,,,,,,,,,,,,,,,,,138.7,100,,,,,,,,,,,,,,,,,,
2026-07-04T22:02:36.183114+00:00,2026-07-04T22:02:36.177433,2,1,138.6,0.2,138.5,139,138.2,100,,,,,,,,,,,,,,,,,138.7,100,,,,,,,,,,,,,,,,,,
2026-07-04T22:02:36.254412+00:00,2026-07-04T22:02:36.254333,2,2,138.6,0.2,138.5,139,138.2,100,,,,,,,,,,,,,,,,,138.7,100,139.0,150,,,,,,,,,,,,,,,,
2026-07-04T22:02:36.626518+00:00,2026-07-04T22:02:36.619201,2,2,138.6,0.2,138.5,136,138.2,100,,,,,,,,,,,,,,,,,138.7,100,139.0,150,,,,,,,,,,,,,,,,
2026-07-04T22:02:36.772428+00:00,2026-07-04T22:02:36.772319,1,1,138.75,0.5,138.5,136,,,,,,,,,,,,,,,,,,,139.0,150,,,,,,,,,,,,,,,,,,
2026-07-04T22:02:36.827618+00:00,2026-07-04T22:02:36.827511,2,1,138.75,0.5,138.5,136,138.3,100,,,,,,,,,,,,,,,,,139.0,150,,,,,,,,,,,,,,,,,,
2026-07-04T22:02:36.880207+00:00,2026-07-04T22:02:36.880042,2,2,138.65,0.3,138.5,136,138.3,100,,,,,,,,,,,,,,,,,138.8,100,139.0,150,,,,,,,,,,,,,,,,
2026-07-04T22:02:38.406946+00:00,2026-07-04T22:02:38.406918,2,2,138.65,0.3,138.5,88,138.3,100,,,,,,,,,,,,,,,,,138.8,100,139.0,150,,,,,,,,,,,,,,,,
2026-07-04T22:02:39.311800+00:00,2026-07-04T22:02:39.311709,1,1,138.55,0.5,138.3,100,,,,,,,,,,,,,,,,,,,138.8,100,,,,,,,,,,,,,,,,,,
2026-07-04T22:02:39.365990+00:00,2026-07-04T22:02:39.366089,2,1,138.6,0.4,138.4,150,138.3,100,,,,,,,,,,,,,,,,,138.8,100,,,,,,,,,,,,,,,,,,
2026-07-04T22:02:39.406356+00:00,2026-07-04T22:02:39.406297,2,1,138.6,0.4,138.4,150,138.3,100,,,,,,,,,,,,,,,,,138.8,50,,,,,,,,,,,,,,,,,,
2026-07-04T22:02:39.416684+00:00,2026-07-04T22:02:39.416655,2,2,138.6,0.4,138.4,150,138.3,100,,,,,,,,,,,,,,,,,138.8,50,138.9,150,,,,,,,,,,,,,,,,
2026-07-04T22:02:39.934911+00:00,2026-07-04T22:02:39.934889,1,1,138.65,0.5,138.4,150,,,,,,,,,,,,,,,,,,,138.9,150,,,,,,,,,,,,,,,,,,
2026-07-04T22:02:39.989975+00:00,2026-07-04T22:02:39.989917,2,1,138.85,0.1,138.8,100,138.4,150,,,,,,,,,,,,,,,,,138.9,150,,,,,,,,,,,,,,,,,,
2026-07-04T22:02:40.041213+00:00,2026-07-04T22:02:40.041317,2,2,138.85,0.1,138.8,100,138.4,150,,,,,,,,,,,,,,,,,138.9,150,139.3,100,,,,,,,,,,,,,,,,
2026-07-04T22:02:41.021706+00:00,2026-07-04T22:02:41.021596,2,2,138.85,0.1,138.8,100,138.4,150,,,,,,,,,,,,,,,,,138.9,125,139.3,100,,,,,,,,,,,,,,,,
2026-07-04T22:02:41.511984+00:00,2026-07-04T22:02:41.511845,2,2,138.85,0.1,138.8,100,138.4,150,,,,,,,,,,,,,,,,,138.9,75,139.3,100,,,,,,,,,,,,,,,,
2026-07-04T22:02:42.468969+00:00,2026-07-04T22:02:42.469085,1,1,139.05,0.5,138.8,100,,,,,,,,,,,,,,,,,,,139.3,100,,,,,,,,,,,,,,,,,,
2026-07-04T22:02:42.527789+00:00,2026-07-04T22:02:42.527684,2,1,139.1,0.4,138.9,150,138.8,100,,,,,,,,,,,,,,,,,139.3,100,,,,,,,,,,,,,,,,,,
2026-07-04T22:02:42.580584+00:00,2026-07-04T22:02:42.580523,2,1,139.1,0.4,138.9,150,138.8,100,,,,,,,,,,,,,,,,,139.3,250,,,,,,,,,,,,,,,,,,
2026-07-04T22:02:43.097477+00:00,2026-07-04T22:02:43.097433,1,1,139.1,0.4,138.9,150,,,,,,,,,,,,,,,,,,,139.3,150,,,,,,,,,,,,,,,,,,
2026-07-04T22:02:43.152737+00:00,2026-07-04T22:02:43.152707,1,1,139.1,0.4,138.9,250,,,,,,,,,,,,,,,,,,,139.3,150,,,,,,,,,,,,,,,,,,
2026-07-04T22:02:43.206807+00:00,2026-07-04T22:02:43.206685,1,2,139.1,0.4,138.9,250,,,,,,,,,,,,,,,,,,,139.3,150,139.4,100,,,,,,,,,,,,,,,,
2026-07-04T22:02:43.671107+00:00,2026-07-04T22:02:43.671055,1,2,139.1,0.4,138.9,200,,,,,,,,,,,,,,,,,,,139.3,150,139.4,100,,,,,,,,,,,,,,,,
2026-07-04T22:02:45.631295+00:00,2026-07-04T22:02:45.631169,1,1,139.15,0.5,138.9,100,,,,,,,,,,,,,,,,,,,139.4,100,,,,,,,,,,,,,,,,,,
2026-07-04T22:02:45.689165+00:00,2026-07-04T22:02:45.689263,2,1,139.15,0.5,138.9,100,138.8,150,,,,,,,,,,,,,,,,,139.4,100,,,,,,,,,,,,,,,,,,
2026-07-04T22:02:45.741291+00:00,2026-07-04T22:02:45.741395,2,2,139.05,0.3,138.9,100,138.8,150,,,,,,,,,,,,,,,,,139.2,150,139.4,100,,,,,,,,,,,,,,,,
2026-07-04T22:02:45.775623+00:00,2026-07-04T22:02:45.775518,2,2,139.05,0.3,138.9,50,138.8,150,,,,,,,,,,,,,,,,,139.2,150,139.4,100,,,,,,,,,,,,,,,,
2026-07-04T22:02:46.084198+00:00,2026-07-04T22:02:46.084060,2,2,139.05,0.3,138.9,10,138.8,150,,,,,,,,,,,,,,,,,139.2,150,139.4,100,,,,,,,,,,,,,,,,
2026-07-04T22:02:46.255915+00:00,2026-07-04T22:02:46.256070,1,1,139.0,0.4,138.8,150,,,,,,,,,,,,,,,,,,,139.2,150,,,,,,,,,,,,,,,,,,
2026-07-04T22:02:46.311895+00:00,2026-07-04T22:02:46.311979,2,1,139.0,0.4,138.8,150,138.4,100,,,,,,,,,,,,,,,,,139.2,150,,,,,,,,,,,,,,,,,,
2026-07-04T22:02:46.358623+00:00,2026-07-04T22:02:46.356890,2,2,138.85,0.1,138.8,150,138.4,100,,,,,,,,,,,,,,,,,138.9,100,139.2,150,,,,,,,,,,,,,,,,
2026-07-04T22:02:47.883027+00:00,2026-07-04T22:02:47.882925,2,2,138.85,0.1,138.8,100,138.4,100,,,,,,,,,,,,,,,,,138.9,100,139.2,150,,,,,,,,,,,,,,,,
2026-07-04T22:02:48.570655+00:00,2026-07-04T22:02:48.570548,2,2,138.85,0.1,138.8,100,138.4,100,,,,,,,,,,,,,,,,,138.9,57,139.2,150,,,,,,,,,,,,,,,,
2026-07-04T22:02:48.795083+00:00,2026-07-04T22:02:48.794942,1,1,138.65,0.5,138.4,100,,,,,,,,,,,,,,,,,,,138.9,57,,,,,,,,,,,,,,,,,,
2026-07-04T22:02:48.846578+00:00,2026-07-04T22:02:48.846480,2,1,138.75,0.3,138.6,150,138.4,100,,,,,,,,,,,,,,,,,138.9,57,,,,,,,,,,,,,,,,,,
2026-07-04T22:02:48.902561+00:00,2026-07-04T22:02:48.902530,2,2,138.75,0.3,138.6,150,138.4,100,,,,,,,,,,,,,,,,,138.9,57,139.1,150,,,,,,,,,,,,,,,,
2026-07-04T22:02:49.420130+00:00,2026-07-04T22:02:49.420259,1,1,138.85,0.5,138.6,150,,,,,,,,,,,,,,,,,,,139.1,150,,,,,,,,,,,,,,,,,,
2026-07-04T22:02:49.474138+00:00,2026-07-04T22:02:49.474089,2,1,138.95,0.3,138.8,100,138.6,150,,,,,,,,,,,,,,,,,139.1,150,,,,,,,,,,,,,,,,,,
2026-07-04T22:02:49.522914+00:00,2026-07-04T22:02:49.522798,2,2,138.95,0.3,138.8,100,138.6,150,,,,,,,,,,,,,,,,,139.1,150,139.3,100,,,,,,,,,,,,,,,,
2026-07-04T22:02:49.940757+00:00,2026-07-04T22:02:49.940708,2,2,138.95,0.3,138.8,100,138.6,150,,,,,,,,,,,,,,,,,139.1,100,139.3,100,,,,,,,,,,,,,,,,
2026-07-04T22:02:51.958586+00:00,2026-07-04T22:02:51.957480,1,1,139.05,0.5,138.8,100,,,,,,,,,,,,,,,,,,,139.3,100,,,,,,,,,,,,,,,,,,
2026-07-04T22:02:52.008207+00:00,2026-07-04T22:02:52.008146,1,1,139.05,0.5,138.8,250,,,,,,,,,,,,,,,,,,,139.3,100,,,,,,,,,,,,,,,,,,
2026-07-04T22:02:52.064891+00:00,2026-07-04T22:02:52.064966,1,2,139.0,0.4,138.8,250,,,,,,,,,,,,,,,,,,,139.2,150,139.3,100,,,,,,,,,,,,,,,,
2026-07-04T22:02:52.099762+00:00,2026-07-04T22:02:52.099710,1,2,139.0,0.4,138.8,200,,,,,,,,,,,,,,,,,,,139.2,150,139.3,100,,,,,,,,,,,,,,,,
2026-07-04T22:02:52.500774+00:00,2026-07-04T22:02:52.500642,1,2,139.0,0.4,138.8,200,,,,,,,,,,,,,,,,,,,139.2,103,139.3,100,,,,,,,,,,,,,,,,
2026-07-04T22:02:52.555479+00:00,2026-07-04T22:02:52.555610,1,2,139.0,0.4,138.8,159,,,,,,,,,,,,,,,,,,,139.2,103,139.3,100,,,,,,,,,,,,,,,,
2026-07-04T22:02:52.592364+00:00,2026-07-04T22:02:52.592262,1,1,139.0,0.4,138.8,150,,,,,,,,,,,,,,,,,,,139.2,103,,,,,,,,,,,,,,,,,,
2026-07-04T22:02:52.646637+00:00,2026-07-04T22:02:52.646559,2,1,139.0,0.4,138.8,150,138.1,100,,,,,,,,,,,,,,,,,139.2,103,,,,,,,,,,,,,,,,,,
2026-07-04T22:02:52.704029+00:00,2026-07-04T22:02:52.704112,2,1,139.0,0.4,138.8,50,138.1,100,,,,,,,,,,,,,,,,,139.2,103,,,,,,,,,,,,,,,,,,
2026-07-04T22:02:53.569050+00:00,2026-07-04T22:02:53.568946,2,1,139.0,0.4,138.8,4,138.1,100,,,,,,,,,,,,,,,,,139.2,103,,,,,,,,,,,,,,,,,,
2026-07-04T22:02:54.209583+00:00,2026-07-04T22:02:54.209526,1,1,138.65,1.1,138.1,54,,,,,,,,,,,,,,,,,,,139.2,103,,,,,,,,,,,,,,,,,,
2026-07-04T22:02:55.117937+00:00,2026-07-04T22:02:55.117818,1,0,,,138.1,54,,,,,,,,,,,,,,,,,,,,,,,,,,,,,,,,,,,,,,
2026-07-04T22:02:55.169377+00:00,2026-07-04T22:02:55.169540,2,0,,,138.1,54,137.9,150,,,,,,,,,,,,,,,,,,,,,,,,,,,,,,,,,,,,
2026-07-04T22:02:55.225316+00:00,2026-07-04T22:02:55.225215,2,1,138.25,0.3,138.1,54,137.9,150,,,,,,,,,,,,,,,,,138.4,150,,,,,,,,,,,,,,,,,,
2026-07-04T22:02:55.758600+00:00,2026-07-04T22:02:55.752109,1,1,138.15,0.5,137.9,150,,,,,,,,,,,,,,,,,,,138.4,150,,,,,,,,,,,,,,,,,,
2026-07-04T22:02:55.810576+00:00,2026-07-04T22:02:55.810534,2,1,138.35,0.1,138.3,100,137.9,150,,,,,,,,,,,,,,,,,138.4,150,,,,,,,,,,,,,,,,,,
2026-07-04T22:02:55.858645+00:00,2026-07-04T22:02:55.858080,2,2,138.35,0.1,138.3,100,137.9,150,,,,,,,,,,,,,,,,,138.4,150,138.8,100,,,,,,,,,,,,,,,,
2026-07-04T22:02:56.049555+00:00,2026-07-04T22:02:56.049510,2,2,138.35,0.1,138.3,100,137.9,150,,,,,,,,,,,,,,,,,138.4,125,138.8,100,,,,,,,,,,,,,,,,
2026-07-04T22:02:56.317844+00:00,2026-07-04T22:02:56.317716,2,2,138.35,0.1,138.3,50,137.9,150,,,,,,,,,,,,,,,,,138.4,125,138.8,100,,,,,,,,,,,,,,,,
2026-07-04T22:02:57.568847+00:00,2026-07-04T22:02:57.563203,2,2,138.35,0.1,138.3,50,137.9,150,,,,,,,,,,,,,,,,,138.4,122,138.8,100,,,,,,,,,,,,,,,,
2026-07-04T22:02:57.645561+00:00,2026-07-04T22:02:57.645506,2,2,138.35,0.1,138.3,50,137.9,150,,,,,,,,,,,,,,,,,138.4,80,138.8,100,,,,,,,,,,,,,,,,
2026-07-04T22:02:58.274841+00:00,2026-07-04T22:02:58.274963,2,1,138.55,0.5,138.3,50,137.9,150,,,,,,,,,,,,,,,,,138.8,100,,,,,,,,,,,,,,,,,,
2026-07-04T22:02:58.280224+00:00,2026-07-04T22:02:58.280127,1,1,138.55,0.5,138.3,50,,,,,,,,,,,,,,,,,,,138.8,100,,,,,,,,,,,,,,,,,,
2026-07-04T22:02:58.328905+00:00,2026-07-04T22:02:58.328661,1,1,138.55,0.5,138.3,200,,,,,,,,,,,,,,,,,,,138.8,100,,,,,,,,,,,,,,,,,,
2026-07-04T22:02:58.386508+00:00,2026-07-04T22:02:58.386439,1,1,138.55,0.5,138.3,200,,,,,,,,,,,,,,,,,,,138.8,250,,,,,,,,,,,,,,,,,,
2026-07-04T22:02:58.420899+00:00,2026-07-04T22:02:58.420875,1,1,138.55,0.5,138.3,150,,,,,,,,,,,,,,,,,,,138.8,250,,,,,,,,,,,,,,,,,,
2026-07-04T22:02:58.916891+00:00,2026-07-04T22:02:58.916843,1,1,138.55,0.5,138.3,150,,,,,,,,,,,,,,,,,,,138.8,150,,,,,,,,,,,,,,,,,,
2026-07-04T22:02:58.969856+00:00,2026-07-04T22:02:58.969766,2,1,138.55,0.5,138.3,150,138.1,100,,,,,,,,,,,,,,,,,138.8,150,,,,,,,,,,,,,,,,,,
2026-07-04T22:02:59.022817+00:00,2026-07-04T22:02:59.022783,2,2,138.45,0.3,138.3,150,138.1,100,,,,,,,,,,,,,,,,,138.6,100,138.8,150,,,,,,,,,,,,,,,,
2026-07-04T22:03:00.530100+00:00,2026-07-04T22:03:00.530050,2,2,138.45,0.3,138.3,100,138.1,100,,,,,,,,,,,,,,,,,138.6,100,138.8,150,,,,,,,,,,,,,,,,
2026-07-04T22:03:01.437423+00:00,2026-07-04T22:03:01.437324,2,1,138.45,0.3,138.3,100,138.1,100,,,,,,,,,,,,,,,,,138.6,100,,,,,,,,,,,,,,,,,,
2026-07-04T22:03:01.442547+00:00,2026-07-04T22:03:01.442482,1,1,138.35,0.5,138.1,100,,,,,,,,,,,,,,,,,,,138.6,100,,,,,,,,,,,,,,,,,,
2026-07-04T22:03:01.490029+00:00,2026-07-04T22:03:01.489895,2,1,138.35,0.5,138.1,100,138.0,150,,,,,,,,,,,,,,,,,138.6,100,,,,,,,,,,,,,,,,,,
2026-07-04T22:03:01.542888+00:00,2026-07-04T22:03:01.543031,2,2,138.3,0.4,138.1,100,138.0,150,,,,,,,,,,,,,,,,,138.5,150,138.6,100,,,,,,,,,,,,,,,,
2026-07-04T22:03:02.076583+00:00,2026-07-04T22:03:02.076536,1,1,138.25,0.5,138.0,150,,,,,,,,,,,,,,,,,,,138.5,150,,,,,,,,,,,,,,,,,,
2026-07-04T22:03:02.129846+00:00,2026-07-04T22:03:02.129771,2,1,138.3,0.4,138.1,100,138.0,150,,,,,,,,,,,,,,,,,138.5,150,,,,,,,,,,,,,,,,,,
2026-07-04T22:03:02.182756+00:00,2026-07-04T22:03:02.182899,2,2,138.3,0.4,138.1,100,138.0,150,,,,,,,,,,,,,,,,,138.5,150,138.6,100,,,,,,,,,,,,,,,,
2026-07-04T22:03:02.638684+00:00,2026-07-04T22:03:02.638566,2,2,138.3,0.4,138.1,50,138.0,150,,,,,,,,,,,,,,,,,138.5,150,138.6,100,,,,,,,,,,,,,,,,
2026-07-04T22:03:03.712319+00:00,2026-07-04T22:03:03.712238,2,2,138.3,0.4,138.1,50,138.0,150,,,,,,,,,,,,,,,,,138.5,106,138.6,100,,,,,,,,,,,,,,,,
2026-07-04T22:03:04.603076+00:00,2026-07-04T22:03:04.603214,1,1,138.35,0.5,138.1,50,,,,,,,,,,,,,,,,,,,138.6,100,,,,,,,,,,,,,,,,,,
2026-07-04T22:03:04.658664+00:00,2026-07-04T22:03:04.658594,2,1,138.4,0.4,138.2,150,138.1,50,,,,,,,,,,,,,,,,,138.6,100,,,,,,,,,,,,,,,,,,
2026-07-04T22:03:04.709688+00:00,2026-07-04T22:03:04.709595,2,2,138.4,0.4,138.2,150,138.1,50,,,,,,,,,,,,,,,,,138.6,100,138.7,150,,,,,,,,,,,,,,,,
2026-07-04T22:03:04.758638+00:00,2026-07-04T22:03:04.755824,2,2,138.4,0.4,138.2,100,138.1,50,,,,,,,,,,,,,,,,,138.6,100,138.7,150,,,,,,,,,,,,,,,,
2026-07-04T22:03:05.241583+00:00,2026-07-04T22:03:05.241725,1,1,138.45,0.5,138.2,100,,,,,,,,,,,,,,,,,,,138.7,150,,,,,,,,,,,,,,,,,,
2026-07-04T22:03:05.315859+00:00,2026-07-04T22:03:05.315727,2,1,138.45,0.5,138.2,100,137.8,100,,,,,,,,,,,,,,,,,138.7,150,,,,,,,,,,,,,,,,,,
2026-07-04T22:03:05.377536+00:00,2026-07-04T22:03:05.371913,2,2,138.25,0.1,138.2,100,137.8,100,,,,,,,,,,,,,,,,,138.3,89,138.7,150,,,,,,,,,,,,,,,,
2026-07-04T22:03:05.558599+00:00,2026-07-04T22:03:05.550217,2,2,138.25,0.1,138.2,100,137.8,100,,,,,,,,,,,,,,,,,138.3,43,138.7,150,,,,,,,,,,,,,,,,
2026-07-04T22:03:06.069223+00:00,2026-07-04T22:03:06.069136,2,2,138.25,0.1,138.2,100,137.8,100,,,,,,,,,,,,,,,,,138.3,18,138.7,150,,,,,,,,,,,,,,,,
2026-07-04T22:03:06.869838+00:00,2026-07-04T22:03:06.869782,2,2,138.25,0.1,138.2,50,137.8,100,,,,,,,,,,,,,,,,,138.3,18,138.7,150,,,,,,,,,,,,,,,,
2026-07-04T22:03:07.769248+00:00,2026-07-04T22:03:07.769143,1,1,138.05,0.5,137.8,100,,,,,,,,,,,,,,,,,,,138.3,18,,,,,,,,,,,,,,,,,,
2026-07-04T22:03:07.823794+00:00,2026-07-04T22:03:07.823891,1,1,138.05,0.5,137.8,250,,,,,,,,,,,,,,,,,,,138.3,18,,,,,,,,,,,,,,,,,,
2026-07-04T22:03:07.876660+00:00,2026-07-04T22:03:07.876584,1,1,138.05,0.5,137.8,250,,,,,,,,,,,,,,,,,,,138.3,168,,,,,,,,,,,,,,,,,,
2026-07-04T22:03:08.420650+00:00,2026-07-04T22:03:08.420524,1,1,138.05,0.5,137.8,150,,,,,,,,,,,,,,,,,,,138.3,150,,,,,,,,,,,,,,,,,,
2026-07-04T22:03:08.476209+00:00,2026-07-04T22:03:08.476047,1,1,138.05,0.5,137.8,150,,,,,,,,,,,,,,,,,,,138.3,50,,,,,,,,,,,,,,,,,,
2026-07-04T22:03:08.531767+00:00,2026-07-04T22:03:08.531644,1,2,138.05,0.5,137.8,150,,,,,,,,,,,,,,,,,,,138.3,50,138.8,100,,,,,,,,,,,,,,,,
2026-07-04T22:03:08.980777+00:00,2026-07-04T22:03:08.980613,1,2,138.05,0.5,137.8,100,,,,,,,,,,,,,,,,,,,138.3,50,138.8,100,,,,,,,,,,,,,,,,
2026-07-04T22:03:10.358578+00:00,2026-07-04T22:03:10.351875,1,2,138.05,0.5,137.8,56,,,,,,,,,,,,,,,,,,,138.3,50,138.8,100,,,,,,,,,,,,,,,,
2026-07-04T22:03:10.930365+00:00,2026-07-04T22:03:10.930226,0,1,,,,,,,,,,,,,,,,,,,,,,,138.8,100,,,,,,,,,,,,,,,,,,
2026-07-04T22:03:10.984318+00:00,2026-07-04T22:03:10.984216,1,1,138.2,1.2,137.6,150,,,,,,,,,,,,,,,,,,,138.8,100,,,,,,,,,,,,,,,,,,
2026-07-04T22:03:11.036866+00:00,2026-07-04T22:03:11.036706,1,2,137.85,0.5,137.6,150,,,,,,,,,,,,,,,,,,,138.1,150,138.8,100,,,,,,,,,,,,,,,,
2026-07-04T22:03:11.084083+00:00,2026-07-04T22:03:11.084213,1,2,137.85,0.5,137.6,100,,,,,,,,,,,,,,,,,,,138.1,125,138.8,100,,,,,,,,,,,,,,,,
2026-07-04T22:03:11.588941+00:00,2026-07-04T22:03:11.588816,1,1,137.85,0.5,137.6,100,,,,,,,,,,,,,,,,,,,138.1,125,,,,,,,,,,,,,,,,,,
2026-07-04T22:03:11.658691+00:00,2026-07-04T22:03:11.641643,1,1,137.85,0.5,137.6,200,,,,,,,,,,,,,,,,,,,138.1,125,,,,,,,,,,,,,,,,,,
2026-07-04T22:03:11.691862+00:00,2026-07-04T22:03:11.691798,1,1,137.85,0.5,137.6,200,,,,,,,,,,,,,,,,,,,138.1,225,,,,,,,,,,,,,,,,,,
2026-07-04T22:03:13.202017+00:00,2026-07-04T22:03:13.201953,1,1,137.85,0.5,137.6,150,,,,,,,,,,,,,,,,,,,138.1,225,,,,,,,,,,,,,,,,,,
2026-07-04T22:03:14.090109+00:00,2026-07-04T22:03:14.090039,1,1,137.85,0.5,137.6,100,,,,,,,,,,,,,,,,,,,138.1,100,,,,,,,,,,,,,,,,,,
2026-07-04T22:03:14.144932+00:00,2026-07-04T22:03:14.144798,2,1,137.85,0.5,137.6,100,137.2,150,,,,,,,,,,,,,,,,,138.1,100,,,,,,,,,,,,,,,,,,
2026-07-04T22:03:14.197652+00:00,2026-07-04T22:03:14.197581,2,2,137.65,0.1,137.6,100,137.2,150,,,,,,,,,,,,,,,,,137.7,150,138.1,100,,,,,,,,,,,,,,,,
2026-07-04T22:03:14.207991+00:00,2026-07-04T22:03:14.201623,2,2,137.65,0.1,137.6,100,137.2,150,,,,,,,,,,,,,,,,,137.7,127,138.1,100,,,,,,,,,,,,,,,,
2026-07-04T22:03:14.406752+00:00,2026-07-04T22:03:14.402824,2,2,137.65,0.1,137.6,100,137.2,150,,,,,,,,,,,,,,,,,137.7,115,138.1,100,,,,,,,,,,,,,,,,
2026-07-04T22:03:14.564419+00:00,2026-07-04T22:03:14.564349,2,2,137.65,0.1,137.6,100,137.2,150,,,,,,,,,,,,,,,,,137.7,70,138.1,100,,,,,,,,,,,,,,,,
2026-07-04T22:03:14.602476+00:00,2026-07-04T22:03:14.595440,2,2,137.65,0.1,137.6,100,137.2,150,,,,,,,,,,,,,,,,,137.7,59,138.1,100,,,,,,,,,,,,,,,,
2026-07-04T22:03:14.697800+00:00,2026-07-04T22:03:14.697719,2,2,137.65,0.1,137.6,100,137.2,150,,,,,,,,,,,,,,,,,137.7,37,138.1,100,,,,,,,,,,,,,,,,
2026-07-04T22:03:14.748660+00:00,2026-07-04T22:03:14.748611,1,1,137.45,0.5,137.2,150,,,,,,,,,,,,,,,,,,,137.7,37,,,,,,,,,,,,,,,,,,
2026-07-04T22:03:14.803332+00:00,2026-07-04T22:03:14.803269,2,0,,,137.7,63,137.2,150,,,,,,,,,,,,,,,,,,,,,,,,,,,,,,,,,,,,
2026-07-04T22:03:14.863874+00:00,2026-07-04T22:03:14.863823,2,1,137.95,0.5,137.7,63,137.2,150,,,,,,,,,,,,,,,,,138.2,100,,,,,,,,,,,,,,,,,,
2026-07-04T22:03:15.158648+00:00,2026-07-04T22:03:15.158166,2,1,137.95,0.5,137.7,63,137.2,150,,,,,,,,,,,,,,,,,138.2,54,,,,,,,,,,,,,,,,,,
2026-07-04T22:03:15.217915+00:00,2026-07-04T22:03:15.217787,2,1,137.95,0.5,137.7,16,137.2,150,,,,,,,,,,,,,,,,,138.2,54,,,,,,,,,,,,,,,,,,
2026-07-04T22:03:15.309719+00:00,2026-07-04T22:03:15.309653,1,1,137.7,1.0,137.2,116,,,,,,,,,,,,,,,,,,,138.2,54,,,,,,,,,,,,,,,,,,
2026-07-04T22:03:16.679519+00:00,2026-07-04T22:03:16.679459,1,1,137.7,1.0,137.2,116,,,,,,,,,,,,,,,,,,,138.2,12,,,,,,,,,,,,,,,,,,
2026-07-04T22:03:17.250709+00:00,2026-07-04T22:03:17.250668,0,1,,,,,,,,,,,,,,,,,,,,,,,138.2,12,,,,,,,,,,,,,,,,,,
2026-07-04T22:03:17.304252+00:00,2026-07-04T22:03:17.304183,1,1,138.05,0.3,137.9,150,,,,,,,,,,,,,,,,,,,138.2,12,,,,,,,,,,,,,,,,,,
2026-07-04T22:03:17.358559+00:00,2026-07-04T22:03:17.354576,1,2,138.05,0.3,137.9,150,,,,,,,,,,,,,,,,,,,138.2,12,138.4,150,,,,,,,,,,,,,,,,
2026-07-04T22:03:17.429327+00:00,2026-07-04T22:03:17.429167,1,2,138.05,0.3,137.9,100,,,,,,,,,,,,,,,,,,,138.2,12,138.4,150,,,,,,,,,,,,,,,,
2026-07-04T22:03:17.912266+00:00,2026-07-04T22:03:17.912144,1,1,138.15,0.5,137.9,100,,,,,,,,,,,,,,,,,,,138.4,150,,,,,,,,,,,,,,,,,,
2026-07-04T22:03:17.965391+00:00,2026-07-04T22:03:17.965362,2,1,138.15,0.5,137.9,100,137.7,100,,,,,,,,,,,,,,,,,138.4,150,,,,,,,,,,,,,,,,,,
2026-07-04T22:03:18.023430+00:00,2026-07-04T22:03:18.023503,2,2,138.05,0.3,137.9,100,137.7,100,,,,,,,,,,,,,,,,,138.2,100,138.4,150,,,,,,,,,,,,,,,,
2026-07-04T22:03:19.530373+00:00,2026-07-04T22:03:19.530241,2,2,138.05,0.3,137.9,50,137.7,100,,,,,,,,,,,,,,,,,138.2,100,138.4,150,,,,,,,,,,,,,,,,
2026-07-04T22:03:20.418023+00:00,2026-07-04T22:03:20.417965,1,1,137.95,0.5,137.7,100,,,,,,,,,,,,,,,,,,,138.2,100,,,,,,,,,,,,,,,,,,
2026-07-04T22:03:20.469425+00:00,2026-07-04T22:03:20.469330,2,1,137.95,0.5,137.7,100,137.6,150,,,,,,,,,,,,,,,,,138.2,100,,,,,,,,,,,,,,,,,,
2026-07-04T22:03:20.524425+00:00,2026-07-04T22:03:20.524297,2,2,137.9,0.4,137.7,100,137.6,150,,,,,,,,,,,,,,,,,138.1,150,138.2,100,,,,,,,,,,,,,,,,
2026-07-04T22:03:21.075801+00:00,2026-07-04T22:03:21.075717,1,1,137.85,0.5,137.6,150,,,,,,,,,,,,,,,,,,,138.1,150,,,,,,,,,,,,,,,,,,
2026-07-04T22:03:21.127690+00:00,2026-07-04T22:03:21.127665,2,1,137.95,0.3,137.8,100,137.6,150,,,,,,,,,,,,,,,,,138.1,150,,,,,,,,,,,,,,,,,,
2026-07-04T22:03:21.179582+00:00,2026-07-04T22:03:21.179504,2,2,137.95,0.3,137.8,100,137.6,150,,,,,,,,,,,,,,,,,138.1,150,138.3,100,,,,,,,,,,,,,,,,
2026-07-04T22:03:21.587065+00:00,2026-07-04T22:03:21.587003,2,2,137.95,0.3,137.8,100,137.6,150,,,,,,,,,,,,,,,,,138.1,100,138.3,100,,,,,,,,,,,,,,,,
2026-07-04T22:03:23.029348+00:00,2026-07-04T22:03:23.029491,2,2,137.95,0.3,137.8,100,137.6,150,,,,,,,,,,,,,,,,,138.1,52,138.3,100,,,,,,,,,,,,,,,,
2026-07-04T22:03:23.084160+00:00,2026-07-04T22:03:23.084042,2,2,137.95,0.3,137.8,60,137.6,150,,,,,,,,,,,,,,,,,138.1,52,138.3,100,,,,,,,,,,,,,,,,
2026-07-04T22:03:23.578091+00:00,2026-07-04T22:03:23.578015,1,1,138.05,0.5,137.8,60,,,,,,,,,,,,,,,,,,,138.3,100,,,,,,,,,,,,,,,,,,
2026-07-04T22:03:23.632212+00:00,2026-07-04T22:03:23.632139,2,1,138.25,0.1,138.2,150,137.8,60,,,,,,,,,,,,,,,,,138.3,100,,,,,,,,,,,,,,,,,,
2026-07-04T22:03:23.681838+00:00,2026-07-04T22:03:23.681745,2,2,138.25,0.1,138.2,150,137.8,60,,,,,,,,,,,,,,,,,138.3,100,138.7,150,,,,,,,,,,,,,,,,
2026-07-04T22:03:23.723521+00:00,2026-07-04T22:03:23.723406,2,2,138.25,0.1,138.2,150,137.8,60,,,,,,,,,,,,,,,,,138.3,50,138.7,150,,,,,,,,,,,,,,,,
2026-07-04T22:03:24.237715+00:00,2026-07-04T22:03:24.237614,1,1,138.45,0.5,138.2,150,,,,,,,,,,,,,,,,,,,138.7,150,,,,,,,,,,,,,,,,,,
2026-07-04T22:03:24.293031+00:00,2026-07-04T22:03:24.292916,2,1,138.45,0.5,138.2,150,138.0,100,,,,,,,,,,,,,,,,,138.7,150,,,,,,,,,,,,,,,,,,
2026-07-04T22:03:24.345342+00:00,2026-07-04T22:03:24.345239,2,2,138.35,0.3,138.2,150,138.0,100,,,,,,,,,,,,,,,,,138.5,100,138.7,150,,,,,,,,,,,,,,,,
2026-07-04T22:03:25.112074+00:00,2026-07-04T22:03:25.106562,2,2,138.35,0.3,138.2,139,138.0,100,,,,,,,,,,,,,,,,,138.5,100,138.7,150,,,,,,,,,,,,,,,,
2026-07-04T22:03:25.829894+00:00,2026-07-04T22:03:25.829835,2,2,138.35,0.3,138.2,139,138.0,100,,,,,,,,,,,,,,,,,138.5,50,138.7,150,,,,,,,,,,,,,,,,
2026-07-04T22:03:26.740489+00:00,2026-07-04T22:03:26.740424,1,1,138.25,0.5,138.0,100,,,,,,,,,,,,,,,,,,,138.5,50,,,,,,,,,,,,,,,,,,
2026-07-04T22:03:26.793763+00:00,2026-07-04T22:03:26.793703,2,1,138.3,0.4,138.1,150,138.0,100,,,,,,,,,,,,,,,,,138.5,50,,,,,,,,,,,,,,,,,,
2026-07-04T22:03:26.845558+00:00,2026-07-04T22:03:26.845690,2,2,138.3,0.4,138.1,150,138.0,100,,,,,,,,,,,,,,,,,138.5,50,138.6,150,,,,,,,,,,,,,,,,
2026-07-04T22:03:27.399334+00:00,2026-07-04T22:03:27.399210,1,1,138.35,0.5,138.1,150,,,,,,,,,,,,,,,,,,,138.6,150,,,,,,,,,,,,,,,,,,
2026-07-04T22:03:27.458604+00:00,2026-07-04T22:03:27.447839,1,1,138.35,0.5,138.1,250,,,,,,,,,,,,,,,,,,,138.6,150,,,,,,,,,,,,,,,,,,
2026-07-04T22:03:27.502077+00:00,2026-07-04T22:03:27.502015,1,1,138.35,0.5,138.1,250,,,,,,,,,,,,,,,,,,,138.6,250,,,,,,,,,,,,,,,,,,
2026-07-04T22:03:28.009844+00:00,2026-07-04T22:03:28.009776,1,1,138.35,0.5,138.1,200,,,,,,,,,,,,,,,,,,,138.6,250,,,,,,,,,,,,,,,,,,
2026-07-04T22:03:28.227482+00:00,2026-07-04T22:03:28.227334,1,1,138.35,0.5,138.1,156,,,,,,,,,,,,,,,,,,,138.6,250,,,,,,,,,,,,,,,,,,
2026-07-04T22:03:29.901863+00:00,2026-07-04T22:03:29.901786,1,1,138.35,0.5,138.1,100,,,,,,,,,,,,,,,,,,,138.6,100,,,,,,,,,,,,,,,,,,
2026-07-04T22:03:29.950927+00:00,2026-07-04T22:03:29.951094,2,1,138.35,0.5,138.1,100,137.7,150,,,,,,,,,,,,,,,,,138.6,100,,,,,,,,,,,,,,,,,,
2026-07-04T22:03:30.003008+00:00,2026-07-04T22:03:30.003122,2,2,138.15,0.1,138.1,100,137.7,150,,,,,,,,,,,,,,,,,138.2,150,138.6,100,,,,,,,,,,,,,,,,
2026-07-04T22:03:30.066426+00:00,2026-07-04T22:03:30.066299,2,2,138.15,0.1,138.1,100,137.7,150,,,,,,,,,,,,,,,,,138.2,100,138.6,100,,,,,,,,,,,,,,,,
2026-07-04T22:03:30.558635+00:00,2026-07-04T22:03:30.556280,1,1,137.95,0.5,137.7,150,,,,,,,,,,,,,,,,,,,138.2,100,,,,,,,,,,,,,,,,,,
2026-07-04T22:03:30.616570+00:00,2026-07-04T22:03:30.616498,2,1,138.15,0.1,138.1,100,137.7,150,,,,,,,,,,,,,,,,,138.2,100,,,,,,,,,,,,,,,,,,
2026-07-04T22:03:30.669329+00:00,2026-07-04T22:03:30.669211,2,2,138.15,0.1,138.1,100,137.7,150,,,,,,,,,,,,,,,,,138.2,100,138.6,100,,,,,,,,,,,,,,,,
2026-07-04T22:03:32.187596+00:00,2026-07-04T22:03:32.187532,2,2,138.15,0.1,138.1,100,137.7,150,,,,,,,,,,,,,,,,,138.2,50,138.6,100,,,,,,,,,,,,,,,,
2026-07-04T22:03:32.350491+00:00,2026-07-04T22:03:32.350371,2,2,138.15,0.1,138.1,54,137.7,150,,,,,,,,,,,,,,,,,138.2,50,138.6,100,,,,,,,,,,,,,,,,
2026-07-04T22:03:32.973696+00:00,2026-07-04T22:03:32.968906,2,2,138.15,0.1,138.1,54,137.7,150,,,,,,,,,,,,,,,,,138.2,39,138.6,100,,,,,,,,,,,,,,,,
2026-07-04T22:03:33.060341+00:00,2026-07-04T22:03:33.060186,1,1,138.35,0.5,138.1,54,,,,,,,,,,,,,,,,,,,138.6,100,,,,,,,,,,,,,,,,,,
2026-07-04T22:03:33.113176+00:00,2026-07-04T22:03:33.113026,2,1,138.45,0.3,138.3,150,138.1,54,,,,,,,,,,,,,,,,,138.6,100,,,,,,,,,,,,,,,,,,
2026-07-04T22:03:33.168991+00:00,2026-07-04T22:03:33.168814,2,2,138.45,0.3,138.3,150,138.1,54,,,,,,,,,,,,,,,,,138.6,100,138.8,150,,,,,,,,,,,,,,,,
2026-07-04T22:03:33.463904+00:00,2026-07-04T22:03:33.463858,2,2,138.45,0.3,138.3,150,138.1,54,,,,,,,,,,,,,,,,,138.6,58,138.8,150,,,,,,,,,,,,,,,,
2026-07-04T22:03:33.723973+00:00,2026-07-04T22:03:33.724123,1,1,138.55,0.5,138.3,150,,,,,,,,,,,,,,,,,,,138.8,150,,,,,,,,,,,,,,,,,,
2026-07-04T22:03:33.774652+00:00,2026-07-04T22:03:33.774590,1,1,138.55,0.5,138.3,250,,,,,,,,,,,,,,,,,,,138.8,150,,,,,,,,,,,,,,,,,,
2026-07-04T22:03:33.827206+00:00,2026-07-04T22:03:33.827146,1,1,138.55,0.5,138.3,250,,,,,,,,,,,,,,,,,,,138.8,250,,,,,,,,,,,,,,,,,,
2026-07-04T22:03:35.593680+00:00,2026-07-04T22:03:35.588577,1,1,138.55,0.5,138.3,239,,,,,,,,,,,,,,,,,,,138.8,250,,,,,,,,,,,,,,,,,,
2026-07-04T22:03:35.609342+00:00,2026-07-04T22:03:35.609194,1,1,138.55,0.5,138.3,217,,,,,,,,,,,,,,,,,,,138.8,250,,,,,,,,,,,,,,,,,,
2026-07-04T22:03:36.179331+00:00,2026-07-04T22:03:36.179505,1,1,138.55,0.5,138.3,169,,,,,,,,,,,,,,,,,,,138.8,250,,,,,,,,,,,,,,,,,,
2026-07-04T22:03:36.223287+00:00,2026-07-04T22:03:36.223169,1,1,138.55,0.5,138.3,100,,,,,,,,,,,,,,,,,,,138.8,100,,,,,,,,,,,,,,,,,,
2026-07-04T22:03:36.277340+00:00,2026-07-04T22:03:36.277210,2,1,138.65,0.3,138.5,150,138.3,100,,,,,,,,,,,,,,,,,138.8,100,,,,,,,,,,,,,,,,,,
2026-07-04T22:03:36.329963+00:00,2026-07-04T22:03:36.329880,2,2,138.65,0.3,138.5,150,138.3,100,,,,,,,,,,,,,,,,,138.8,100,139.0,150,,,,,,,,,,,,,,,,
2026-07-04T22:03:36.403368+00:00,2026-07-04T22:03:36.403303,2,2,138.65,0.3,138.5,150,138.3,100,,,,,,,,,,,,,,,,,138.8,50,139.0,150,,,,,,,,,,,,,,,,
2026-07-04T22:03:36.884236+00:00,2026-07-04T22:03:36.884184,1,1,138.75,0.5,138.5,150,,,,,,,,,,,,,,,,,,,139.0,150,,,,,,,,,,,,,,,,,,
2026-07-04T22:03:36.939548+00:00,2026-07-04T22:03:36.939514,1,1,138.75,0.5,138.5,250,,,,,,,,,,,,,,,,,,,139.0,150,,,,,,,,,,,,,,,,,,
2026-07-04T22:03:36.991705+00:00,2026-07-04T22:03:36.991676,1,1,138.75,0.5,138.5,250,,,,,,,,,,,,,,,,,,,139.0,250,,,,,,,,,,,,,,,,,,
2026-07-04T22:03:38.564001+00:00,2026-07-04T22:03:38.563827,1,1,138.75,0.5,138.5,200,,,,,,,,,,,,,,,,,,,139.0,250,,,,,,,,,,,,,,,,,,
2026-07-04T22:03:39.279501+00:00,2026-07-04T22:03:39.279618,1,1,138.75,0.5,138.5,200,,,,,,,,,,,,,,,,,,,139.0,205,,,,,,,,,,,,,,,,,,
2026-07-04T22:03:39.385409+00:00,2026-07-04T22:03:39.385380,1,1,138.75,0.5,138.5,100,,,,,,,,,,,,,,,,,,,139.0,100,,,,,,,,,,,,,,,,,,
2026-07-04T22:03:39.439929+00:00,2026-07-04T22:03:39.440012,2,1,138.75,0.5,138.5,100,138.1,150,,,,,,,,,,,,,,,,,139.0,100,,,,,,,,,,,,,,,,,,
2026-07-04T22:03:39.492251+00:00,2026-07-04T22:03:39.492132,2,2,138.55,0.1,138.5,100,138.1,150,,,,,,,,,,,,,,,,,138.6,150,139.0,100,,,,,,,,,,,,,,,,
2026-07-04T22:03:40.044373+00:00,2026-07-04T22:03:40.044482,1,1,138.35,0.5,138.1,150,,,,,,,,,,,,,,,,,,,138.6,150,,,,,,,,,,,,,,,,,,
2026-07-04T22:03:40.095429+00:00,2026-07-04T22:03:40.095359,1,1,138.35,0.5,138.1,150,,,,,,,,,,,,,,,,,,,138.6,50,,,,,,,,,,,,,,,,,,
2026-07-04T22:03:40.152290+00:00,2026-07-04T22:03:40.152374,1,2,138.35,0.5,138.1,150,,,,,,,,,,,,,,,,,,,138.6,50,139.2,100,,,,,,,,,,,,,,,,
2026-07-04T22:03:40.658556+00:00,2026-07-04T22:03:40.657426,1,2,138.35,0.5,138.1,100,,,,,,,,,,,,,,,,,,,138.6,50,139.2,100,,,,,,,,,,,,,,,,
2026-07-04T22:03:42.546355+00:00,2026-07-04T22:03:42.546245,0,1,,,,,,,,,,,,,,,,,,,,,,,139.2,100,,,,,,,,,,,,,,,,,,
2026-07-04T22:03:42.598380+00:00,2026-07-04T22:03:42.598262,1,1,138.85,0.7,138.5,150,,,,,,,,,,,,,,,,,,,139.2,100,,,,,,,,,,,,,,,,,,
2026-07-04T22:03:42.663870+00:00,2026-07-04T22:03:42.663789,1,2,138.75,0.5,138.5,150,,,,,,,,,,,,,,,,,,,139.0,150,139.2,100,,,,,,,,,,,,,,,,
2026-07-04T22:03:42.772642+00:00,2026-07-04T22:03:42.772526,1,2,138.75,0.5,138.5,100,,,,,,,,,,,,,,,,,,,139.0,150,139.2,100,,,,,,,,,,,,,,,,
2026-07-04T22:03:43.174382+00:00,2026-07-04T22:03:43.174275,1,2,138.75,0.5,138.5,100,,,,,,,,,,,,,,,,,,,139.0,103,139.2,100,,,,,,,,,,,,,,,,
2026-07-04T22:03:43.205587+00:00,2026-07-04T22:03:43.205436,1,1,138.75,0.5,138.5,100,,,,,,,,,,,,,,,,,,,139.0,103,,,,,,,,,,,,,,,,,,
2026-07-04T22:03:43.263676+00:00,2026-07-04T22:03:43.263786,2,1,138.75,0.5,138.5,100,138.4,100,,,,,,,,,,,,,,,,,139.0,103,,,,,,,,,,,,,,,,,,
2026-07-04T22:03:43.316073+00:00,2026-07-04T22:03:43.315970,2,2,138.7,0.4,138.5,100,138.4,100,,,,,,,,,,,,,,,,,138.9,100,139.0,103,,,,,,,,,,,,,,,,
2026-07-04T22:03:43.695215+00:00,2026-07-04T22:03:43.695083,2,2,138.7,0.4,138.5,58,138.4,100,,,,,,,,,,,,,,,,,138.9,100,139.0,103,,,,,,,,,,,,,,,,
2026-07-04T22:03:44.598888+00:00,2026-07-04T22:03:44.598750,2,2,138.7,0.4,138.5,13,138.4,100,,,,,,,,,,,,,,,,,138.9,100,139.0,103,,,,,,,,,,,,,,,,
2026-07-04T22:03:45.708531+00:00,2026-07-04T22:03:45.708381,1,1,138.65,0.5,138.4,100,,,,,,,,,,,,,,,,,,,138.9,100,,,,,,,,,,,,,,,,,,
2026-07-04T22:03:45.758611+00:00,2026-07-04T22:03:45.758466,2,1,138.65,0.5,138.4,100,138.1,150,,,,,,,,,,,,,,,,,138.9,100,,,,,,,,,,,,,,,,,,
2026-07-04T22:03:45.816943+00:00,2026-07-04T22:03:45.816827,2,2,138.5,0.2,138.4,100,138.1,150,,,,,,,,,,,,,,,,,138.6,150,138.9,100,,,,,,,,,,,,,,,,
2026-07-04T22:03:46.370917+00:00,2026-07-04T22:03:46.371063,1,1,138.35,0.5,138.1,150,,,,,,,,,,,,,,,,,,,138.6,150,,,,,,,,,,,,,,,,,,
2026-07-04T22:03:46.426063+00:00,2026-07-04T22:03:46.425974,2,1,138.55,0.1,138.5,100,138.1,150,,,,,,,,,,,,,,,,,138.6,150,,,,,,,,,,,,,,,,,,
2026-07-04T22:03:46.485090+00:00,2026-07-04T22:03:46.484950,2,2,138.55,0.1,138.5,100,138.1,150,,,,,,,,,,,,,,,,,138.6,150,139.0,100,,,,,,,,,,,,,,,,
2026-07-04T22:03:46.982896+00:00,2026-07-04T22:03:46.982761,2,2,138.55,0.1,138.5,50,138.1,150,,,,,,,,,,,,,,,,,138.6,150,139.0,100,,,,,,,,,,,,,,,,
2026-07-04T22:03:48.158657+00:00,2026-07-04T22:03:48.157616,2,2,138.55,0.1,138.5,50,138.1,150,,,,,,,,,,,,,,,,,138.6,102,139.0,100,,,,,,,,,,,,,,,,
2026-07-04T22:03:48.335730+00:00,2026-07-04T22:03:48.330242,2,2,138.55,0.1,138.5,50,138.1,150,,,,,,,,,,,,,,,,,138.6,91,139.0,100,,,,,,,,,,,,,,,,
2026-07-04T22:03:48.891775+00:00,2026-07-04T22:03:48.891667,2,1,138.75,0.5,138.5,50,138.1,150,,,,,,,,,,,,,,,,,139.0,100,,,,,,,,,,,,,,,,,,
2026-07-04T22:03:48.896937+00:00,2026-07-04T22:03:48.896822,1,1,138.75,0.5,138.5,50,,,,,,,,,,,,,,,,,,,139.0,100,,,,,,,,,,,,,,,,,,
2026-07-04T22:03:48.951020+00:00,2026-07-04T22:03:48.950958,2,1,138.75,0.5,138.5,50,138.3,150,,,,,,,,,,,,,,,,,139.0,100,,,,,,,,,,,,,,,,,,
2026-07-04T22:03:49.002979+00:00,2026-07-04T22:03:49.002860,2,2,138.65,0.3,138.5,50,138.3,150,,,,,,,,,,,,,,,,,138.8,150,139.0,100,,,,,,,,,,,,,,,,
2026-07-04T22:03:49.089854+00:00,2026-07-04T22:03:49.089784,1,2,138.55,0.5,138.3,150,,,,,,,,,,,,,,,,,,,138.8,150,139.0,100,,,,,,,,,,,,,,,,
2026-07-04T22:03:49.283698+00:00,2026-07-04T22:03:49.283650,1,2,138.55,0.5,138.3,110,,,,,,,,,,,,,,,,,,,138.8,150,139.0,100,,,,,,,,,,,,,,,,
2026-07-04T22:03:49.550225+00:00,2026-07-04T22:03:49.550355,1,1,138.55,0.5,138.3,110,,,,,,,,,,,,,,,,,,,138.8,150,,,,,,,,,,,,,,,,,,
2026-07-04T22:03:49.604245+00:00,2026-07-04T22:03:49.604189,2,1,138.55,0.5,138.3,110,138.0,100,,,,,,,,,,,,,,,,,138.8,150,,,,,,,,,,,,,,,,,,
2026-07-04T22:03:49.658587+00:00,2026-07-04T22:03:49.656997,2,2,138.4,0.2,138.3,110,138.0,100,,,,,,,,,,,,,,,,,138.5,100,138.8,150,,,,,,,,,,,,,,,,
2026-07-04T22:03:49.983077+00:00,2026-07-04T22:03:49.977844,2,2,138.4,0.2,138.3,110,138.0,100,,,,,,,,,,,,,,,,,138.5,89,138.8,150,,,,,,,,,,,,,,,,
2026-07-04T22:03:51.194640+00:00,2026-07-04T22:03:51.194508,2,2,138.4,0.2,138.3,60,138.0,100,,,,,,,,,,,,,,,,,138.5,89,138.8,150,,,,,,,,,,,,,,,,
2026-07-04T22:03:52.054132+00:00,2026-07-04T22:03:52.054039,1,1,138.25,0.5,138.0,100,,,,,,,,,,,,,,,,,,,138.5,89,,,,,,,,,,,,,,,,,,
2026-07-04T22:03:52.109259+00:00,2026-07-04T22:03:52.109043,1,1,138.25,0.5,138.0,250,,,,,,,,,,,,,,,,,,,138.5,89,,,,,,,,,,,,,,,,,,
2026-07-04T22:03:52.163906+00:00,2026-07-04T22:03:52.163770,1,1,138.25,0.5,138.0,250,,,,,,,,,,,,,,,,,,,138.5,239,,,,,,,,,,,,,,,,,,
2026-07-04T22:03:52.706448+00:00,2026-07-04T22:03:52.706406,1,1,138.25,0.5,138.0,250,,,,,,,,,,,,,,,,,,,138.5,150,,,,,,,,,,,,,,,,,,
2026-07-04T22:03:52.711669+00:00,2026-07-04T22:03:52.711600,1,1,138.25,0.5,138.0,150,,,,,,,,,,,,,,,,,,,138.5,150,,,,,,,,,,,,,,,,,,
2026-07-04T22:03:52.768900+00:00,2026-07-04T22:03:52.768858,2,1,138.25,0.5,138.0,150,137.9,100,,,,,,,,,,,,,,,,,138.5,150,,,,,,,,,,,,,,,,,,
2026-07-04T22:03:52.818754+00:00,2026-07-04T22:03:52.818651,2,2,138.2,0.4,138.0,150,137.9,100,,,,,,,,,,,,,,,,,138.4,100,138.5,150,,,,,,,,,,,,,,,,
2026-07-04T22:03:53.002720+00:00,2026-07-04T22:03:53.002611,2,2,138.2,0.4,138.0,150,137.9,100,,,,,,,,,,,,,,,,,138.4,55,138.5,150,,,,,,,,,,,,,,,,
2026-07-04T22:03:53.301012+00:00,2026-07-04T22:03:53.300952,2,2,138.2,0.4,138.0,100,137.9,100,,,,,,,,,,,,,,,,,138.4,55,138.5,150,,,,,,,,,,,,,,,,
2026-07-04T22:03:53.509242+00:00,2026-07-04T22:03:53.509150,2,2,138.2,0.4,138.0,54,137.9,100,,,,,,,,,,,,,,,,,138.4,55,138.5,150,,,,,,,,,,,,,,,,
2026-07-04T22:03:55.213174+00:00,2026-07-04T22:03:55.213281,1,1,138.15,0.5,137.9,100,,,,,,,,,,,,,,,,,,,138.4,55,,,,,,,,,,,,,,,,,,
2026-07-04T22:03:55.256541+00:00,2026-07-04T22:03:55.258217,2,1,138.15,0.5,137.9,100,137.6,150,,,,,,,,,,,,,,,,,138.4,55,,,,,,,,,,,,,,,,,,
2026-07-04T22:03:55.328695+00:00,2026-07-04T22:03:55.322924,2,2,138.0,0.2,137.9,100,137.6,150,,,,,,,,,,,,,,,,,138.1,127,138.4,55,,,,,,,,,,,,,,,,
2026-07-04T22:03:55.404371+00:00,2026-07-04T22:03:55.404264,2,2,138.0,0.2,137.9,50,137.6,150,,,,,,,,,,,,,,,,,138.1,127,138.4,55,,,,,,,,,,,,,,,,
2026-07-04T22:03:55.871477+00:00,2026-07-04T22:03:55.871656,1,1,137.85,0.5,137.6,150,,,,,,,,,,,,,,,,,,,138.1,127,,,,,,,,,,,,,,,,,,
2026-07-04T22:03:55.924999+00:00,2026-07-04T22:03:55.924929,1,1,137.85,0.5,137.6,150,,,,,,,,,,,,,,,,,,,138.1,27,,,,,,,,,,,,,,,,,,
2026-07-04T22:03:55.977891+00:00,2026-07-04T22:03:55.977765,1,2,137.85,0.5,137.6,150,,,,,,,,,,,,,,,,,,,138.1,27,138.6,100,,,,,,,,,,,,,,,,
2026-07-04T22:03:56.523474+00:00,2026-07-04T22:03:56.517945,1,2,137.85,0.5,137.6,150,,,,,,,,,,,,,,,,,,,138.1,21,138.6,100,,,,,,,,,,,,,,,,
2026-07-04T22:03:58.374686+00:00,2026-07-04T22:03:58.374623,0,1,,,,,,,,,,,,,,,,,,,,,,,138.6,100,,,,,,,,,,,,,,,,,,
2026-07-04T22:03:58.428990+00:00,2026-07-04T22:03:58.428934,1,1,138.3,0.6,138.0,150,,,,,,,,,,,,,,,,,,,138.6,100,,,,,,,,,,,,,,,,,,
2026-07-04T22:03:58.476844+00:00,2026-07-04T22:03:58.476932,1,2,138.25,0.5,138.0,150,,,,,,,,,,,,,,,,,,,138.5,150,138.6,100,,,,,,,,,,,,,,,,
2026-07-04T22:03:59.030402+00:00,2026-07-04T22:03:59.030323,1,1,138.25,0.5,138.0,150,,,,,,,,,,,,,,,,,,,138.5,150,,,,,,,,,,,,,,,,,,
2026-07-04T22:03:59.083936+00:00,2026-07-04T22:03:59.084012,2,1,138.25,0.5,138.0,150,137.7,100,,,,,,,,,,,,,,,,,138.5,150,,,,,,,,,,,,,,,,,,
2026-07-04T22:03:59.137244+00:00,2026-07-04T22:03:59.137131,2,2,138.1,0.2,138.0,150,137.7,100,,,,,,,,,,,,,,,,,138.2,100,138.5,150,,,,,,,,,,,,,,,,
2026-07-04T22:03:59.625825+00:00,2026-07-04T22:03:59.625647,2,2,138.1,0.2,138.0,100,137.7,100,,,,,,,,,,,,,,,,,138.2,100,138.5,150,,,,,,,,,,,,,,,,
2026-07-04T22:04:00.456449+00:00,2026-07-04T22:04:00.450064,2,2,138.1,0.2,138.0,94,137.7,100,,,,,,,,,,,,,,,,,138.2,100,138.5,150,,,,,,,,,,,,,,,,
2026-07-04T22:04:01.534900+00:00,2026-07-04T22:04:01.535073,1,1,137.95,0.5,137.7,100,,,,,,,,,,,,,,,,,,,138.2,100,,,,,,,,,,,,,,,,,,
2026-07-04T22:04:01.588799+00:00,2026-07-04T22:04:01.588686,2,1,137.95,0.5,137.7,100,137.6,150,,,,,,,,,,,,,,,,,138.2,100,,,,,,,,,,,,,,,,,,
2026-07-04T22:04:01.658720+00:00,2026-07-04T22:04:01.658618,2,2,137.9,0.4,137.7,100,137.6,150,,,,,,,,,,,,,,,,,138.1,150,138.2,100,,,,,,,,,,,,,,,,
2026-07-04T22:04:01.682505+00:00,2026-07-04T22:04:01.682374,2,2,137.9,0.4,137.7,100,137.6,150,,,,,,,,,,,,,,,,,138.1,100,138.2,100,,,,,,,,,,,,,,,,
2026-07-04T22:04:02.025907+00:00,2026-07-04T22:04:02.025836,2,2,137.9,0.4,137.7,100,137.6,150,,,,,,,,,,,,,,,,,138.1,60,138.2,100,,,,,,,,,,,,,,,,
2026-07-04T22:04:02.189482+00:00,2026-07-04T22:04:02.189399,1,1,137.85,0.5,137.6,150,,,,,,,,,,,,,,,,,,,138.1,60,,,,,,,,,,,,,,,,,,
2026-07-04T22:04:02.247369+00:00,2026-07-04T22:04:02.247298,2,1,137.9,0.4,137.7,100,137.6,150,,,,,,,,,,,,,,,,,138.1,60,,,,,,,,,,,,,,,,,,
2026-07-04T22:04:02.304016+00:00,2026-07-04T22:04:02.304139,2,2,137.9,0.4,137.7,100,137.6,150,,,,,,,,,,,,,,,,,138.1,60,138.2,100,,,,,,,,,,,,,,,,
2026-07-04T22:04:02.585988+00:00,2026-07-04T22:04:02.585856,2,2,137.9,0.4,137.7,100,137.6,150,,,,,,,,,,,,,,,,,138.1,14,138.2,100,,,,,,,,,,,,,,,,
2026-07-04T22:04:03.610058+00:00,2026-07-04T22:04:03.609955,2,1,137.95,0.5,137.7,100,137.6,150,,,,,,,,,,,,,,,,,138.2,65,,,,,,,,,,,,,,,,,,
2026-07-04T22:04:04.711444+00:00,2026-07-04T22:04:04.711325,1,1,137.95,0.5,137.7,100,,,,,,,,,,,,,,,,,,,138.2,65,,,,,,,,,,,,,,,,,,
2026-07-04T22:04:04.764880+00:00,2026-07-04T22:04:04.764848,2,0,,,138.5,85,137.7,100,,,,,,,,,,,,,,,,,,,,,,,,,,,,,,,,,,,,
2026-07-04T22:04:04.829347+00:00,2026-07-04T22:04:04.823925,2,1,138.75,0.5,138.5,62,137.7,100,,,,,,,,,,,,,,,,,139.0,150,,,,,,,,,,,,,,,,,,
2026-07-04T22:04:05.358591+00:00,2026-07-04T22:04:05.353922,1,1,138.75,0.5,138.5,62,,,,,,,,,,,,,,,,,,,139.0,150,,,,,,,,,,,,,,,,,,
2026-07-04T22:04:05.412848+00:00,2026-07-04T22:04:05.412752,2,1,138.75,0.5,138.5,62,138.1,100,,,,,,,,,,,,,,,,,139.0,150,,,,,,,,,,,,,,,,,,
2026-07-04T22:04:05.463945+00:00,2026-07-04T22:04:05.463875,2,2,138.55,0.1,138.5,62,138.1,100,,,,,,,,,,,,,,,,,138.6,100,139.0,150,,,,,,,,,,,,,,,,
2026-07-04T22:04:05.595476+00:00,2026-07-04T22:04:05.595364,2,2,138.55,0.1,138.5,16,138.1,100,,,,,,,,,,,,,,,,,138.6,100,139.0,150,,,,,,,,,,,,,,,,
2026-07-04T22:04:05.895062+00:00,2026-07-04T22:04:05.894934,2,2,138.55,0.1,138.5,16,138.1,100,,,,,,,,,,,,,,,,,138.6,50,139.0,150,,,,,,,,,,,,,,,,
2026-07-04T22:04:06.584820+00:00,2026-07-04T22:04:06.584746,1,2,138.35,0.5,138.1,68,,,,,,,,,,,,,,,,,,,138.6,50,139.0,150,,,,,,,,,,,,,,,,
2026-07-04T22:04:07.874009+00:00,2026-07-04T22:04:07.873899,1,1,138.35,0.5,138.1,68,,,,,,,,,,,,,,,,,,,138.6,50,,,,,,,,,,,,,,,,,,
2026-07-04T22:04:07.925218+00:00,2026-07-04T22:04:07.925119,2,1,138.35,0.5,138.1,68,137.9,150,,,,,,,,,,,,,,,,,138.6,50,,,,,,,,,,,,,,,,,,
2026-07-04T22:04:07.981502+00:00,2026-07-04T22:04:07.981349,2,2,138.25,0.3,138.1,68,137.9,150,,,,,,,,,,,,,,,,,138.4,150,138.6,50,,,,,,,,,,,,,,,,
2026-07-04T22:04:08.002484+00:00,2026-07-04T22:04:08.002376,2,2,138.25,0.3,138.1,68,137.9,150,,,,,,,,,,,,,,,,,138.4,100,138.6,50,,,,,,,,,,,,,,,,
2026-07-04T22:04:08.058547+00:00,2026-07-04T22:04:08.058677,2,2,138.25,0.3,138.1,68,137.9,150,,,,,,,,,,,,,,,,,138.4,53,138.6,50,,,,,,,,,,,,,,,,
2026-07-04T22:04:08.522260+00:00,2026-07-04T22:04:08.522459,2,1,138.25,0.3,138.1,68,137.9,150,,,,,,,,,,,,,,,,,138.4,53,,,,,,,,,,,,,,,,,,
2026-07-04T22:04:08.527677+00:00,2026-07-04T22:04:08.527636,1,1,138.15,0.5,137.9,150,,,,,,,,,,,,,,,,,,,138.4,53,,,,,,,,,,,,,,,,,,
2026-07-04T22:04:08.579158+00:00,2026-07-04T22:04:08.579313,2,1,138.35,0.1,138.3,100,137.9,150,,,,,,,,,,,,,,,,,138.4,53,,,,,,,,,,,,,,,,,,
2026-07-04T22:04:08.631417+00:00,2026-07-04T22:04:08.631344,2,2,138.35,0.1,138.3,100,137.9,150,,,,,,,,,,,,,,,,,138.4,53,138.8,100,,,,,,,,,,,,,,,,
2026-07-04T22:04:08.738188+00:00,2026-07-04T22:04:08.738152,2,2,138.35,0.1,138.3,54,137.9,150,,,,,,,,,,,,,,,,,138.4,53,138.8,100,,,,,,,,,,,,,,,,
2026-07-04T22:04:09.639387+00:00,2026-07-04T22:04:09.634143,2,2,138.35,0.1,138.3,54,137.9,150,,,,,,,,,,,,,,,,,138.4,41,138.8,100,,,,,,,,,,,,,,,,
2026-07-04T22:04:11.036306+00:00,2026-07-04T22:04:11.036247,1,1,138.55,0.5,138.3,54,,,,,,,,,,,,,,,,,,,138.8,100,,,,,,,,,,,,,,,,,,
2026-07-04T22:04:11.092662+00:00,2026-07-04T22:04:11.092514,2,1,138.65,0.3,138.5,150,138.3,54,,,,,,,,,,,,,,,,,138.8,100,,,,,,,,,,,,,,,,,,
2026-07-04T22:04:11.147152+00:00,2026-07-04T22:04:11.147251,2,2,138.65,0.3,138.5,150,138.3,54,,,,,,,,,,,,,,,,,138.8,100,139.0,150,,,,,,,,,,,,,,,,
2026-07-04T22:04:11.764276+00:00,2026-07-04T22:04:11.764209,2,1,138.75,0.5,138.5,106,138.1,100,,,,,,,,,,,,,,,,,139.0,150,,,,,,,,,,,,,,,,,,
2026-07-04T22:04:11.864239+00:00,2026-07-04T22:04:11.863969,2,2,138.55,0.1,138.5,106,138.1,100,,,,,,,,,,,,,,,,,138.6,100,139.0,150,,,,,,,,,,,,,,,,
2026-07-04T22:04:12.216096+00:00,2026-07-04T22:04:12.216033,2,2,138.55,0.1,138.5,106,138.1,100,,,,,,,,,,,,,,,,,138.6,50,139.0,150,,,,,,,,,,,,,,,,
2026-07-04T22:04:14.202735+00:00,2026-07-04T22:04:14.202702,1,1,138.35,0.5,138.1,100,,,,,,,,,,,,,,,,,,,138.6,50,,,,,,,,,,,,,,,,,,
2026-07-04T22:04:14.258597+00:00,2026-07-04T22:04:14.252068,2,1,138.45,0.3,138.3,150,138.1,100,,,,,,,,,,,,,,,,,138.6,50,,,,,,,,,,,,,,,,,,
2026-07-04T22:04:14.309936+00:00,2026-07-04T22:04:14.309784,2,2,138.45,0.3,138.3,150,138.1,100,,,,,,,,,,,,,,,,,138.6,50,138.8,150,,,,,,,,,,,,,,,,
2026-07-04T22:04:14.341685+00:00,2026-07-04T22:04:14.341512,2,1,138.55,0.5,138.3,150,138.1,100,,,,,,,,,,,,,,,,,138.8,150,,,,,,,,,,,,,,,,,,
2026-07-04T22:04:14.857054+00:00,2026-07-04T22:04:14.856924,1,1,138.55,0.5,138.3,150,,,,,,,,,,,,,,,,,,,138.8,150,,,,,,,,,,,,,,,,,,
2026-07-04T22:04:14.910436+00:00,2026-07-04T22:04:14.910316,2,1,138.65,0.3,138.5,100,138.3,150,,,,,,,,,,,,,,,,,138.8,150,,,,,,,,,,,,,,,,,,
2026-07-04T22:04:14.957379+00:00,2026-07-04T22:04:14.957621,2,2,138.65,0.3,138.5,100,138.3,150,,,,,,,,,,,,,,,,,138.8,150,139.0,100,,,,,,,,,,,,,,,,
2026-07-04T22:04:16.323899+00:00,2026-07-04T22:04:16.323793,2,2,138.65,0.3,138.5,100,138.3,150,,,,,,,,,,,,,,,,,138.8,110,139.0,100,,,,,,,,,,,,,,,,
2026-07-04T22:04:16.458552+00:00,2026-07-04T22:04:16.448246,2,2,138.65,0.3,138.5,100,138.3,150,,,,,,,,,,,,,,,,,138.8,60,139.0,100,,,,,,,,,,,,,,,,
2026-07-04T22:04:17.358653+00:00,2026-07-04T22:04:17.355347,1,1,138.75,0.5,138.5,100,,,,,,,,,,,,,,,,,,,139.0,100,,,,,,,,,,,,,,,,,,
2026-07-04T22:04:17.415718+00:00,2026-07-04T22:04:17.415809,2,1,138.8,0.4,138.6,150,138.5,100,,,,,,,,,,,,,,,,,139.0,100,,,,,,,,,,,,,,,,,,
2026-07-04T22:04:17.425096+00:00,2026-07-04T22:04:17.419630,2,1,138.8,0.4,138.6,138,138.5,100,,,,,,,,,,,,,,,,,139.0,100,,,,,,,,,,,,,,,,,,
2026-07-04T22:04:17.445873+00:00,2026-07-04T22:04:17.445822,2,1,138.8,0.4,138.6,138,138.5,100,,,,,,,,,,,,,,,,,139.0,51,,,,,,,,,,,,,,,,,,
