recv_time,book_timestamp,n_bids,n_asks,mid,spread,bid_px_0,bid_vol_0,bid_px_1,bid_vol_1,bid_px_2,bid_vol_2,bid_px_3,bid_vol_3,bid_px_4,bid_vol_4,bid_px_5,bid_vol_5,bid_px_6,bid_vol_6,bid_px_7,bid_vol_7,bid_px_8,bid_vol_8,bid_px_9,bid_vol_9,ask_px_0,ask_vol_0,ask_px_1,ask_vol_1,ask_px_2,ask_vol_2,ask_px_3,ask_vol_3,ask_px_4,ask_vol_4,ask_px_5,ask_vol_5,ask_px_6,ask_vol_6,ask_px_7,ask_vol_7,ask_px_8,ask_vol_8,ask_px_9,ask_vol_9
2026-07-01T02:00:00.260675+00:00,2026-07-01T02:00:00.131173,2,2,85.65,0.3,85.5,114,85.3,100,,,,,,,,,,,,,,,,,85.8,54,86.0,150,,,,,,,,,,,,,,,,
2026-07-01T02:00:00.545251+00:00,2026-07-01T02:00:00.379956,2,2,85.65,0.3,85.5,114,85.3,100,,,,,,,,,,,,,,,,,85.8,4,86.0,150,,,,,,,,,,,,,,,,
2026-07-01T02:00:00.656365+00:00,2026-07-01T02:00:00.639512,1,2,85.7,0.4,85.5,114,,,,,,,,,,,,,,,,,,,85.9,10,86.0,150,,,,,,,,,,,,,,,,
2026-07-01T02:00:00.713238+00:00,2026-07-01T02:00:00.709453,2,2,85.7,0.4,85.5,114,85.4,100,,,,,,,,,,,,,,,,,85.9,10,86.0,150,,,,,,,,,,,,,,,,
2026-07-01T02:00:00.828603+00:00,2026-07-01T02:00:00.848159,3,2,85.75,0.3,85.6,3,85.5,114,85.4,100,,,,,,,,,,,,,,,85.9,111,86.0,150,,,,,,,,,,,,,,,,
2026-07-01T02:00:00.952058+00:00,2026-07-01T02:00:00.869775,2,2,85.7,0.4,85.5,112,85.4,100,,,,,,,,,,,,,,,,,85.9,111,86.0,150,,,,,,,,,,,,,,,,
2026-07-01T02:00:01.076249+00:00,2026-07-01T02:00:01.074986,2,2,85.7,0.4,85.5,110,85.4,100,,,,,,,,,,,,,,,,,85.9,111,86.0,150,,,,,,,,,,,,,,,,
2026-07-01T02:00:01.147870+00:00,2026-07-01T02:00:01.146574,2,3,85.65,0.3,85.5,110,85.4,100,,,,,,,,,,,,,,,,,85.8,10,85.9,101,86.0,150,,,,,,,,,,,,,,
2026-07-01T02:00:01.291570+00:00,2026-07-01T02:00:01.289221,2,3,85.65,0.3,85.5,108,85.4,100,,,,,,,,,,,,,,,,,85.8,10,85.9,101,86.0,150,,,,,,,,,,,,,,
2026-07-01T02:00:01.498056+00:00,2026-07-01T02:00:01.497048,2,3,85.65,0.3,85.5,106,85.4,100,,,,,,,,,,,,,,,,,85.8,10,85.9,101,86.0,150,,,,,,,,,,,,,,
2026-07-01T02:00:01.656481+00:00,2026-07-01T02:00:01.653638,2,3,85.65,0.3,85.5,106,85.4,100,,,,,,,,,,,,,,,,,85.8,10,85.9,101,86.0,150,,,,,,,,,,,,,,
2026-07-01T02:00:01.707723+00:00,2026-07-01T02:00:01.702782,2,3,85.65,0.3,85.5,104,85.4,100,,,,,,,,,,,,,,,,,85.8,10,85.9,101,86.0,150,,,,,,,,,,,,,,
2026-07-01T02:00:01.868749+00:00,2026-07-01T02:00:01.866863,3,3,85.7,0.2,85.6,2,85.5,104,85.4,100,,,,,,,,,,,,,,,85.8,10,85.9,101,86.0,150,,,,,,,,,,,,,,
2026-07-01T02:00:01.910007+00:00,2026-07-01T02:00:01.907690,2,3,85.65,0.3,85.5,104,85.4,100,,,,,,,,,,,,,,,,,85.8,10,85.9,101,86.0,150,,,,,,,,,,,,,,
2026-07-01T02:00:01.920252+00:00,2026-07-01T02:00:01.916505,2,3,85.65,0.3,85.5,102,85.4,100,,,,,,,,,,,,,,,,,85.8,10,85.9,101,86.0,150,,,,,,,,,,,,,,
2026-07-01T02:00:02.053024+00:00,2026-07-01T02:00:02.045606,1,2,85.6,0.4,85.4,100,,,,,,,,,,,,,,,,,,,85.8,10,85.9,101,,,,,,,,,,,,,,,,
2026-07-01T02:00:02.104386+00:00,2026-07-01T02:00:02.098603,2,2,85.6,0.4,85.4,100,85.2,150,,,,,,,,,,,,,,,,,85.8,10,85.9,101,,,,,,,,,,,,,,,,
2026-07-01T02:00:02.155560+00:00,2026-07-01T02:00:02.152268,2,3,85.55,0.3,85.4,100,85.2,150,,,,,,,,,,,,,,,,,85.7,150,85.8,10,85.9,101,,,,,,,,,,,,,,
2026-07-01T02:00:02.165816+00:00,2026-07-01T02:00:02.157648,2,2,85.55,0.3,85.4,100,85.2,150,,,,,,,,,,,,,,,,,85.7,150,85.9,101,,,,,,,,,,,,,,,,
2026-07-01T02:00:02.504911+00:00,2026-07-01T02:00:02.497835,2,2,85.55,0.3,85.4,100,85.2,150,,,,,,,,,,,,,,,,,85.7,100,85.9,101,,,,,,,,,,,,,,,,
2026-07-01T02:00:02.643813+00:00,2026-07-01T02:00:02.633947,2,2,85.55,0.3,85.4,100,85.2,150,,,,,,,,,,,,,,,,,85.7,58,85.9,101,,,,,,,,,,,,,,,,
2026-07-01T02:00:02.880113+00:00,2026-07-01T02:00:02.870669,3,2,85.65,0.1,85.6,3,85.4,100,85.2,150,,,,,,,,,,,,,,,85.7,58,85.9,101,,,,,,,,,,,,,,,,
2026-07-01T02:00:02.962204+00:00,2026-07-01T02:00:02.954688,2,2,85.55,0.3,85.4,100,85.2,150,,,,,,,,,,,,,,,,,85.7,58,85.9,101,,,,,,,,,,,,,,,,
2026-07-01T02:00:02.972577+00:00,2026-07-01T02:00:02.965552,2,2,85.55,0.3,85.4,98,85.2,150,,,,,,,,,,,,,,,,,85.7,58,85.9,101,,,,,,,,,,,,,,,,
2026-07-01T02:00:03.144654+00:00,2026-07-01T02:00:03.137747,2,2,85.55,0.3,85.4,95,85.2,150,,,,,,,,,,,,,,,,,85.7,55,85.9,101,,,,,,,,,,,,,,,,
2026-07-01T02:00:03.218041+00:00,2026-07-01T02:00:03.212960,2,2,85.55,0.3,85.4,95,85.2,150,,,,,,,,,,,,,,,,,85.7,12,85.9,101,,,,,,,,,,,,,,,,
2026-07-01T02:00:03.371630+00:00,2026-07-01T02:00:03.369918,2,2,85.55,0.3,85.4,95,85.2,150,,,,,,,,,,,,,,,,,85.7,8,85.9,101,,,,,,,,,,,,,,,,
2026-07-01T02:00:03.826497+00:00,2026-07-01T02:00:03.822975,1,1,85.45,0.5,85.2,150,,,,,,,,,,,,,,,,,,,85.7,8,,,,,,,,,,,,,,,,,,
2026-07-01T02:00:03.877623+00:00,2026-07-01T02:00:03.875056,2,1,85.6,0.2,85.5,100,85.2,150,,,,,,,,,,,,,,,,,85.7,8,,,,,,,,,,,,,,,,,,
2026-07-01T02:00:03.928862+00:00,2026-07-01T02:00:03.927220,2,2,85.6,0.2,85.5,100,85.2,150,,,,,,,,,,,,,,,,,85.7,8,86.0,100,,,,,,,,,,,,,,,,
2026-07-01T02:00:04.000539+00:00,2026-07-01T02:00:03.995170,2,2,85.6,0.2,85.5,98,85.2,150,,,,,,,,,,,,,,,,,85.7,8,86.0,100,,,,,,,,,,,,,,,,
2026-07-01T02:00:04.204969+00:00,2026-07-01T02:00:04.200618,2,2,85.6,0.2,85.5,96,85.2,150,,,,,,,,,,,,,,,,,85.7,8,86.0,100,,,,,,,,,,,,,,,,
2026-07-01T02:00:04.286893+00:00,2026-07-01T02:00:04.286764,2,2,85.6,0.2,85.5,54,85.2,150,,,,,,,,,,,,,,,,,85.7,8,86.0,100,,,,,,,,,,,,,,,,
2026-07-01T02:00:04.614097+00:00,2026-07-01T02:00:04.605083,2,1,85.75,0.5,85.5,54,85.2,150,,,,,,,,,,,,,,,,,86.0,100,,,,,,,,,,,,,,,,,,
2026-07-01T02:00:04.685660+00:00,2026-07-01T02:00:04.684264,2,1,85.75,0.5,85.5,52,85.2,150,,,,,,,,,,,,,,,,,86.0,100,,,,,,,,,,,,,,,,,,
2026-07-01T02:00:04.900606+00:00,2026-07-01T02:00:04.891942,3,1,85.8,0.4,85.6,6,85.5,52,85.2,150,,,,,,,,,,,,,,,86.0,100,,,,,,,,,,,,,,,,,,
2026-07-01T02:00:04.910983+00:00,2026-07-01T02:00:04.901012,3,1,85.8,0.4,85.6,4,85.5,52,85.2,150,,,,,,,,,,,,,,,86.0,100,,,,,,,,,,,,,,,,,,
2026-07-01T02:00:04.952256+00:00,2026-07-01T02:00:04.944406,3,2,85.75,0.3,85.6,4,85.5,52,85.2,150,,,,,,,,,,,,,,,85.9,1,86.0,100,,,,,,,,,,,,,,,,
2026-07-01T02:00:05.024083+00:00,2026-07-01T02:00:05.022716,3,2,85.75,0.3,85.6,2,85.5,52,85.2,150,,,,,,,,,,,,,,,85.9,1,86.0,100,,,,,,,,,,,,,,,,
2026-07-01T02:00:05.116450+00:00,2026-07-01T02:00:05.113212,2,2,85.7,0.4,85.5,52,85.2,150,,,,,,,,,,,,,,,,,85.9,1,86.0,100,,,,,,,,,,,,,,,,
2026-07-01T02:00:05.208777+00:00,2026-07-01T02:00:05.206756,1,2,85.7,0.4,85.5,52,,,,,,,,,,,,,,,,,,,85.9,1,86.0,100,,,,,,,,,,,,,,,,
2026-07-01T02:00:05.280698+00:00,2026-07-01T02:00:05.279745,2,1,85.95,0.1,85.9,137,85.5,52,,,,,,,,,,,,,,,,,86.0,100,,,,,,,,,,,,,,,,,,
2026-07-01T02:00:05.321909+00:00,2026-07-01T02:00:05.315592,2,2,85.95,0.1,85.9,137,85.5,52,,,,,,,,,,,,,,,,,86.0,100,86.4,150,,,,,,,,,,,,,,,,
2026-07-01T02:00:05.332248+00:00,2026-07-01T02:00:05.328569,2,2,85.95,0.1,85.9,130,85.5,52,,,,,,,,,,,,,,,,,86.0,100,86.4,150,,,,,,,,,,,,,,,,
2026-07-01T02:00:05.434860+00:00,2026-07-01T02:00:05.433433,2,2,85.95,0.1,85.9,114,85.5,52,,,,,,,,,,,,,,,,,86.0,100,86.4,150,,,,,,,,,,,,,,,,
2026-07-01T02:00:05.445141+00:00,2026-07-01T02:00:05.442225,2,2,85.95,0.1,85.9,112,85.5,52,,,,,,,,,,,,,,,,,86.0,100,86.4,150,,,,,,,,,,,,,,,,
2026-07-01T02:00:05.588662+00:00,2026-07-01T02:00:05.587807,2,2,85.95,0.1,85.9,95,85.5,52,,,,,,,,,,,,,,,,,86.0,100,86.4,150,,,,,,,,,,,,,,,,
2026-07-01T02:00:05.650062+00:00,2026-07-01T02:00:05.647672,2,2,85.95,0.1,85.9,93,85.5,52,,,,,,,,,,,,,,,,,86.0,100,86.4,150,,,,,,,,,,,,,,,,
2026-07-01T02:00:05.690944+00:00,2026-07-01T02:00:05.689435,2,2,85.95,0.1,85.9,93,85.5,52,,,,,,,,,,,,,,,,,86.0,110,86.4,150,,,,,,,,,,,,,,,,
2026-07-01T02:00:05.813870+00:00,2026-07-01T02:00:05.811296,3,2,85.95,0.1,85.9,93,85.6,4,85.5,52,,,,,,,,,,,,,,,86.0,110,86.4,150,,,,,,,,,,,,,,,,
2026-07-01T02:00:05.932283+00:00,2026-07-01T02:00:05.852624,3,2,85.95,0.1,85.9,91,85.6,4,85.5,52,,,,,,,,,,,,,,,86.0,110,86.4,150,,,,,,,,,,,,,,,,
2026-07-01T02:00:05.942754+00:00,2026-07-01T02:00:05.935501,3,2,85.95,0.1,85.9,91,85.6,3,85.5,52,,,,,,,,,,,,,,,86.0,110,86.4,150,,,,,,,,,,,,,,,,
2026-07-01T02:00:06.201203+00:00,2026-07-01T02:00:06.195448,3,2,85.95,0.1,85.9,91,85.6,3,85.5,52,,,,,,,,,,,,,,,86.0,100,86.4,150,,,,,,,,,,,,,,,,
2026-07-01T02:00:06.211623+00:00,2026-07-01T02:00:06.209854,3,2,85.95,0.1,85.9,91,85.6,3,85.5,52,,,,,,,,,,,,,,,86.0,110,86.4,150,,,,,,,,,,,,,,,,
2026-07-01T02:00:06.348223+00:00,2026-07-01T02:00:06.347877,3,2,85.95,0.1,85.9,45,85.6,3,85.5,52,,,,,,,,,,,,,,,86.0,110,86.4,150,,,,,,,,,,,,,,,,
2026-07-01T02:00:06.751435+00:00,2026-07-01T02:00:06.750413,3,2,85.95,0.1,85.9,45,85.6,3,85.5,52,,,,,,,,,,,,,,,86.0,110,86.4,150,,,,,,,,,,,,,,,,
2026-07-01T02:00:06.772128+00:00,2026-07-01T02:00:06.765540,1,2,85.75,0.5,85.5,50,,,,,,,,,,,,,,,,,,,86.0,110,86.4,150,,,,,,,,,,,,,,,,
2026-07-01T02:00:06.823540+00:00,2026-07-01T02:00:06.820159,1,2,85.75,0.5,85.5,50,,,,,,,,,,,,,,,,,,,86.0,105,86.4,150,,,,,,,,,,,,,,,,
2026-07-01T02:00:06.887076+00:00,2026-07-01T02:00:06.886034,1,2,85.75,0.5,85.5,50,,,,,,,,,,,,,,,,,,,86.0,105,86.4,150,,,,,,,,,,,,,,,,
2026-07-01T02:00:07.001391+00:00,2026-07-01T02:00:06.998295,0,2,,,,,,,,,,,,,,,,,,,,,,,86.0,10,86.4,150,,,,,,,,,,,,,,,,
2026-07-01T02:00:07.052629+00:00,2026-07-01T02:00:07.051257,1,2,85.75,0.5,85.5,100,,,,,,,,,,,,,,,,,,,86.0,10,86.4,150,,,,,,,,,,,,,,,,
2026-07-01T02:00:07.073119+00:00,2026-07-01T02:00:07.071405,1,2,85.75,0.5,85.5,100,,,,,,,,,,,,,,,,,,,86.0,5,86.4,150,,,,,,,,,,,,,,,,
2026-07-01T02:00:07.114337+00:00,2026-07-01T02:00:07.105252,1,2,85.75,0.5,85.5,100,,,,,,,,,,,,,,,,,,,86.0,105,86.4,150,,,,,,,,,,,,,,,,
2026-07-01T02:00:07.257928+00:00,2026-07-01T02:00:07.254577,1,2,85.75,0.5,85.5,100,,,,,,,,,,,,,,,,,,,86.0,100,86.4,150,,,,,,,,,,,,,,,,
2026-07-01T02:00:07.289031+00:00,2026-07-01T02:00:07.284689,1,2,85.75,0.5,85.5,100,,,,,,,,,,,,,,,,,,,86.0,95,86.4,150,,,,,,,,,,,,,,,,
2026-07-01T02:00:07.496847+00:00,2026-07-01T02:00:07.496026,1,2,85.75,0.5,85.5,100,,,,,,,,,,,,,,,,,,,86.0,41,86.4,150,,,,,,,,,,,,,,,,
2026-07-01T02:00:07.712720+00:00,2026-07-01T02:00:07.707716,1,2,85.75,0.5,85.5,100,,,,,,,,,,,,,,,,,,,86.0,36,86.4,150,,,,,,,,,,,,,,,,
2026-07-01T02:00:07.979403+00:00,2026-07-01T02:00:07.978783,1,2,85.75,0.5,85.5,100,,,,,,,,,,,,,,,,,,,86.0,36,86.4,150,,,,,,,,,,,,,,,,
2026-07-01T02:00:08.369490+00:00,2026-07-01T02:00:08.369439,1,1,85.75,0.5,85.5,100,,,,,,,,,,,,,,,,,,,86.0,36,,,,,,,,,,,,,,,,,,
2026-07-01T02:00:08.431175+00:00,2026-07-01T02:00:08.422527,2,1,85.75,0.5,85.5,100,85.3,150,,,,,,,,,,,,,,,,,86.0,36,,,,,,,,,,,,,,,,,,
2026-07-01T02:00:08.493402+00:00,2026-07-01T02:00:08.492412,2,2,85.65,0.3,85.5,100,85.3,150,,,,,,,,,,,,,,,,,85.8,146,86.0,36,,,,,,,,,,,,,,,,
2026-07-01T02:00:08.561402+00:00,2026-07-01T02:00:08.560216,2,2,85.65,0.3,85.5,100,85.3,150,,,,,,,,,,,,,,,,,85.8,123,86.0,36,,,,,,,,,,,,,,,,
2026-07-01T02:00:08.602690+00:00,2026-07-01T02:00:08.596055,2,2,85.65,0.3,85.5,100,85.3,150,,,,,,,,,,,,,,,,,85.8,119,86.0,36,,,,,,,,,,,,,,,,
2026-07-01T02:00:08.807548+00:00,2026-07-01T02:00:08.806590,2,2,85.65,0.3,85.5,100,85.3,150,,,,,,,,,,,,,,,,,85.8,115,86.0,36,,,,,,,,,,,,,,,,
2026-07-01T02:00:08.838309+00:00,2026-07-01T02:00:08.831554,2,2,85.65,0.3,85.5,100,85.3,150,,,,,,,,,,,,,,,,,85.8,115,86.0,39,,,,,,,,,,,,,,,,
2026-07-01T02:00:08.879296+00:00,2026-07-01T02:00:08.878983,2,2,85.65,0.3,85.5,52,85.3,150,,,,,,,,,,,,,,,,,85.8,115,86.0,39,,,,,,,,,,,,,,,,
2026-07-01T02:00:08.984756+00:00,2026-07-01T02:00:08.982698,3,2,85.75,0.1,85.7,2,85.5,52,85.3,150,,,,,,,,,,,,,,,85.8,115,86.0,39,,,,,,,,,,,,,,,,
2026-07-01T02:00:08.995041+00:00,2026-07-01T02:00:08.991521,3,2,85.7,0.2,85.6,2,85.5,52,85.3,150,,,,,,,,,,,,,,,85.8,115,86.0,39,,,,,,,,,,,,,,,,
2026-07-01T02:00:09.066992+00:00,2026-07-01T02:00:09.058797,2,2,85.65,0.3,85.5,13,85.3,150,,,,,,,,,,,,,,,,,85.8,115,86.0,39,,,,,,,,,,,,,,,,
2026-07-01T02:00:09.077351+00:00,2026-07-01T02:00:09.070702,3,2,85.7,0.2,85.6,2,85.5,13,85.3,150,,,,,,,,,,,,,,,85.8,115,86.0,39,,,,,,,,,,,,,,,,
2026-07-01T02:00:09.837625+00:00,2026-07-01T02:00:09.835003,3,2,85.7,0.2,85.6,2,85.5,13,85.3,150,,,,,,,,,,,,,,,85.8,115,86.0,38,,,,,,,,,,,,,,,,
2026-07-01T02:00:10.167360+00:00,2026-07-01T02:00:10.159800,2,2,85.7,0.2,85.6,2,85.3,150,,,,,,,,,,,,,,,,,85.8,115,86.0,2,,,,,,,,,,,,,,,,
2026-07-01T02:00:10.219368+00:00,2026-07-01T02:00:10.212163,3,2,85.7,0.2,85.6,2,85.4,100,85.3,150,,,,,,,,,,,,,,,85.8,115,86.0,2,,,,,,,,,,,,,,,,
2026-07-01T02:00:10.270674+00:00,2026-07-01T02:00:10.264795,3,3,85.7,0.2,85.6,2,85.4,100,85.3,150,,,,,,,,,,,,,,,85.8,115,85.9,100,86.0,2,,,,,,,,,,,,,,
2026-07-01T02:00:10.888873+00:00,2026-07-01T02:00:10.881658,3,3,85.7,0.2,85.6,2,85.4,100,85.3,150,,,,,,,,,,,,,,,85.8,115,85.9,100,86.0,1,,,,,,,,,,,,,,
2026-07-01T02:00:11.121189+00:00,2026-07-01T02:00:11.118615,3,2,85.7,0.2,85.6,2,85.4,100,85.3,150,,,,,,,,,,,,,,,85.8,115,85.9,100,,,,,,,,,,,,,,,,
2026-07-01T02:00:11.531869+00:00,2026-07-01T02:00:11.529935,2,1,85.75,0.3,85.6,2,85.4,100,,,,,,,,,,,,,,,,,85.9,100,,,,,,,,,,,,,,,,,,
2026-07-01T02:00:11.594088+00:00,2026-07-01T02:00:11.589481,3,1,85.8,0.2,85.7,150,85.6,2,85.4,100,,,,,,,,,,,,,,,85.9,100,,,,,,,,,,,,,,,,,,
2026-07-01T02:00:11.645616+00:00,2026-07-01T02:00:11.642465,3,2,85.8,0.2,85.7,150,85.6,2,85.4,100,,,,,,,,,,,,,,,85.9,100,86.2,150,,,,,,,,,,,,,,,,
2026-07-01T02:00:11.952906+00:00,2026-07-01T02:00:11.945188,3,2,85.8,0.2,85.7,150,85.6,2,85.4,100,,,,,,,,,,,,,,,85.9,101,86.2,150,,,,,,,,,,,,,,,,
2026-07-01T02:00:11.994148+00:00,2026-07-01T02:00:11.992769,3,2,85.8,0.2,85.7,150,85.6,2,85.4,100,,,,,,,,,,,,,,,85.9,100,86.2,150,,,,,,,,,,,,,,,,
2026-07-01T02:00:12.293648+00:00,2026-07-01T02:00:12.288158,3,2,85.8,0.2,85.7,150,85.6,2,85.4,100,,,,,,,,,,,,,,,85.9,57,86.2,150,,,,,,,,,,,,,,,,
2026-07-01T02:00:13.122754+00:00,2026-07-01T02:00:13.112829,3,2,85.8,0.2,85.7,100,85.6,2,85.4,100,,,,,,,,,,,,,,,85.9,57,86.2,150,,,,,,,,,,,,,,,,
2026-07-01T02:00:13.327373+00:00,2026-07-01T02:00:13.320333,2,1,85.95,0.5,85.7,100,85.6,2,,,,,,,,,,,,,,,,,86.2,150,,,,,,,,,,,,,,,,,,
2026-07-01T02:00:13.400169+00:00,2026-07-01T02:00:13.396915,2,1,85.95,0.5,85.7,200,85.6,2,,,,,,,,,,,,,,,,,86.2,150,,,,,,,,,,,,,,,,,,
2026-07-01T02:00:13.462167+00:00,2026-07-01T02:00:13.453457,2,1,85.95,0.5,85.7,200,85.6,2,,,,,,,,,,,,,,,,,86.2,250,,,,,,,,,,,,,,,,,,
2026-07-01T02:00:13.493182+00:00,2026-07-01T02:00:13.489340,2,1,85.95,0.5,85.7,198,85.6,2,,,,,,,,,,,,,,,,,86.2,250,,,,,,,,,,,,,,,,,,
2026-07-01T02:00:13.708039+00:00,2026-07-01T02:00:13.699916,2,1,85.95,0.5,85.7,196,85.6,2,,,,,,,,,,,,,,,,,86.2,250,,,,,,,,,,,,,,,,,,
2026-07-01T02:00:13.912455+00:00,2026-07-01T02:00:13.912036,2,1,85.95,0.5,85.7,194,85.6,2,,,,,,,,,,,,,,,,,86.2,250,,,,,,,,,,,,,,,,,,
2026-07-01T02:00:14.108117+00:00,2026-07-01T02:00:14.101880,2,2,85.8,0.2,85.7,194,85.6,2,,,,,,,,,,,,,,,,,85.9,2,86.2,250,,,,,,,,,,,,,,,,
2026-07-01T02:00:14.705958+00:00,2026-07-01T02:00:14.697997,2,2,85.8,0.2,85.7,100,85.6,2,,,,,,,,,,,,,,,,,85.9,2,86.2,100,,,,,,,,,,,,,,,,
2026-07-01T02:00:14.757790+00:00,2026-07-01T02:00:14.750724,3,2,85.8,0.2,85.7,100,85.6,2,85.4,150,,,,,,,,,,,,,,,85.9,2,86.2,100,,,,,,,,,,,,,,,,
2026-07-01T02:00:14.809539+00:00,2026-07-01T02:00:14.803002,3,2,85.8,0.2,85.7,100,85.6,2,85.4,150,,,,,,,,,,,,,,,85.9,152,86.2,100,,,,,,,,,,,,,,,,
2026-07-01T02:00:15.168420+00:00,2026-07-01T02:00:15.160773,3,2,85.8,0.2,85.7,100,85.6,2,85.4,150,,,,,,,,,,,,,,,85.9,151,86.2,100,,,,,,,,,,,,,,,,
2026-07-01T02:00:15.230561+00:00,2026-07-01T02:00:15.226807,3,2,85.8,0.2,85.7,50,85.6,2,85.4,150,,,,,,,,,,,,,,,85.9,151,86.2,100,,,,,,,,,,,,,,,,
2026-07-01T02:00:15.281873+00:00,2026-07-01T02:00:15.277548,3,2,85.8,0.2,85.7,50,85.6,2,85.4,150,,,,,,,,,,,,,,,85.9,150,86.2,100,,,,,,,,,,,,,,,,
2026-07-01T02:00:16.053948+00:00,2026-07-01T02:00:16.053044,3,2,85.8,0.2,85.7,50,85.6,2,85.4,150,,,,,,,,,,,,,,,85.9,147,86.2,100,,,,,,,,,,,,,,,,
2026-07-01T02:00:16.341053+00:00,2026-07-01T02:00:16.332233,3,2,85.8,0.2,85.7,60,85.6,2,85.4,150,,,,,,,,,,,,,,,85.9,147,86.2,100,,,,,,,,,,,,,,,,
2026-07-01T02:00:16.516209+00:00,2026-07-01T02:00:16.509402,3,1,85.8,0.2,85.7,10,85.6,2,85.4,150,,,,,,,,,,,,,,,85.9,147,,,,,,,,,,,,,,,,,,
2026-07-01T02:00:16.567481+00:00,2026-07-01T02:00:16.562511,3,1,85.8,0.2,85.7,10,85.6,102,85.4,150,,,,,,,,,,,,,,,85.9,147,,,,,,,,,,,,,,,,,,
2026-07-01T02:00:16.577760+00:00,2026-07-01T02:00:16.575810,3,1,85.8,0.2,85.7,10,85.6,102,85.4,150,,,,,,,,,,,,,,,85.9,102,,,,,,,,,,,,,,,,,,
2026-07-01T02:00:16.618685+00:00,2026-07-01T02:00:16.614937,3,2,85.8,0.2,85.7,10,85.6,102,85.4,150,,,,,,,,,,,,,,,85.9,102,86.1,100,,,,,,,,,,,,,,,,
2026-07-01T02:00:16.844587+00:00,2026-07-01T02:00:16.839629,2,2,85.75,0.3,85.6,112,85.4,150,,,,,,,,,,,,,,,,,85.9,102,86.1,100,,,,,,,,,,,,,,,,
2026-07-01T02:00:17.337077+00:00,2026-07-01T02:00:17.332759,2,2,85.75,0.3,85.6,62,85.4,150,,,,,,,,,,,,,,,,,85.9,102,86.1,100,,,,,,,,,,,,,,,,
2026-07-01T02:00:17.347363+00:00,2026-07-01T02:00:17.343743,2,2,85.75,0.3,85.6,52,85.4,150,,,,,,,,,,,,,,,,,85.9,102,86.1,100,,,,,,,,,,,,,,,,
2026-07-01T02:00:17.357685+00:00,2026-07-01T02:00:17.347845,2,2,85.75,0.3,85.6,62,85.4,150,,,,,,,,,,,,,,,,,85.9,102,86.1,100,,,,,,,,,,,,,,,,
2026-07-01T02:00:17.853093+00:00,2026-07-01T02:00:17.851729,2,2,85.75,0.3,85.6,52,85.4,150,,,,,,,,,,,,,,,,,85.9,102,86.1,100,,,,,,,,,,,,,,,,
2026-07-01T02:00:17.863462+00:00,2026-07-01T02:00:17.856890,1,1,85.85,0.5,85.6,52,,,,,,,,,,,,,,,,,,,86.1,100,,,,,,,,,,,,,,,,,,
2026-07-01T02:00:17.915097+00:00,2026-07-01T02:00:17.909292,2,1,85.9,0.4,85.7,150,85.6,52,,,,,,,,,,,,,,,,,86.1,100,,,,,,,,,,,,,,,,,,
2026-07-01T02:00:17.967080+00:00,2026-07-01T02:00:17.961198,2,2,85.9,0.4,85.7,150,85.6,52,,,,,,,,,,,,,,,,,86.1,100,86.2,150,,,,,,,,,,,,,,,,
2026-07-01T02:00:18.112156+00:00,2026-07-01T02:00:18.103433,2,2,85.9,0.4,85.7,148,85.6,52,,,,,,,,,,,,,,,,,86.1,100,86.2,150,,,,,,,,,,,,,,,,
2026-07-01T02:00:18.163618+00:00,2026-07-01T02:00:18.163387,2,2,85.9,0.4,85.7,154,85.6,52,,,,,,,,,,,,,,,,,86.1,100,86.2,150,,,,,,,,,,,,,,,,
2026-07-01T02:00:18.329205+00:00,2026-07-01T02:00:18.323965,2,2,85.9,0.4,85.7,152,85.6,52,,,,,,,,,,,,,,,,,86.1,100,86.2,150,,,,,,,,,,,,,,,,
2026-07-01T02:00:19.460974+00:00,2026-07-01T02:00:19.456806,2,2,85.9,0.4,85.7,102,85.6,52,,,,,,,,,,,,,,,,,86.1,100,86.2,150,,,,,,,,,,,,,,,,
2026-07-01T02:00:19.676615+00:00,2026-07-01T02:00:19.671146,1,1,85.95,0.5,85.7,102,,,,,,,,,,,,,,,,,,,86.2,150,,,,,,,,,,,,,,,,,,
2026-07-01T02:00:19.727804+00:00,2026-07-01T02:00:19.723698,2,1,85.95,0.5,85.7,102,85.4,100,,,,,,,,,,,,,,,,,86.2,150,,,,,,,,,,,,,,,,,,
2026-07-01T02:00:19.778944+00:00,2026-07-01T02:00:19.776578,2,2,85.8,0.2,85.7,102,85.4,100,,,,,,,,,,,,,,,,,85.9,100,86.2,150,,,,,,,,,,,,,,,,
2026-07-01T02:00:21.015755+00:00,2026-07-01T02:00:21.015593,2,1,85.8,0.2,85.7,102,85.4,100,,,,,,,,,,,,,,,,,85.9,100,,,,,,,,,,,,,,,,,,
2026-07-01T02:00:21.026036+00:00,2026-07-01T02:00:21.017519,2,1,85.8,0.2,85.7,6,85.4,100,,,,,,,,,,,,,,,,,85.9,100,,,,,,,,,,,,,,,,,,
2026-07-01T02:00:21.036489+00:00,2026-07-01T02:00:21.028880,2,1,85.8,0.2,85.7,5,85.4,100,,,,,,,,,,,,,,,,,85.9,100,,,,,,,,,,,,,,,,,,
2026-07-01T02:00:21.077829+00:00,2026-07-01T02:00:21.069987,3,1,85.8,0.2,85.7,5,85.5,150,85.4,100,,,,,,,,,,,,,,,85.9,100,,,,,,,,,,,,,,,,,,
2026-07-01T02:00:21.129274+00:00,2026-07-01T02:00:21.122369,3,2,85.8,0.2,85.7,5,85.5,150,85.4,100,,,,,,,,,,,,,,,85.9,100,86.0,150,,,,,,,,,,,,,,,,
2026-07-01T02:00:21.564809+00:00,2026-07-01T02:00:21.563501,2,2,85.7,0.4,85.5,105,85.4,100,,,,,,,,,,,,,,,,,85.9,100,86.0,150,,,,,,,,,,,,,,,,
2026-07-01T02:00:22.037785+00:00,2026-07-01T02:00:22.035767,3,2,85.8,0.2,85.7,4,85.5,105,85.4,100,,,,,,,,,,,,,,,85.9,100,86.0,152,,,,,,,,,,,,,,,,
2026-07-01T02:00:22.836851+00:00,2026-07-01T02:00:22.831929,2,1,85.85,0.3,85.7,4,85.5,105,,,,,,,,,,,,,,,,,86.0,152,,,,,,,,,,,,,,,,,,
2026-07-01T02:00:22.888148+00:00,2026-07-01T02:00:22.886124,3,1,85.85,0.3,85.7,4,85.5,105,85.4,100,,,,,,,,,,,,,,,86.0,152,,,,,,,,,,,,,,,,,,
2026-07-01T02:00:22.939724+00:00,2026-07-01T02:00:22.938874,3,2,85.8,0.2,85.7,4,85.5,105,85.4,100,,,,,,,,,,,,,,,85.9,100,86.0,152,,,,,,,,,,,,,,,,
2026-07-01T02:00:23.670243+00:00,2026-07-01T02:00:23.660203,3,2,85.8,0.2,85.7,4,85.5,105,85.4,100,,,,,,,,,,,,,,,85.9,100,86.0,151,,,,,,,,,,,,,,,,
2026-07-01T02:00:23.701737+00:00,2026-07-01T02:00:23.696504,2,2,85.7,0.4,85.5,59,85.4,100,,,,,,,,,,,,,,,,,85.9,100,86.0,151,,,,,,,,,,,,,,,,
2026-07-01T02:00:23.774051+00:00,2026-07-01T02:00:23.772450,3,2,85.8,0.2,85.7,4,85.5,59,85.4,100,,,,,,,,,,,,,,,85.9,100,86.0,151,,,,,,,,,,,,,,,,
2026-07-01T02:00:24.185864+00:00,2026-07-01T02:00:24.177456,2,2,85.8,0.2,85.7,4,85.4,100,,,,,,,,,,,,,,,,,85.9,100,86.0,1,,,,,,,,,,,,,,,,
2026-07-01T02:00:24.237113+00:00,2026-07-01T02:00:24.229824,3,2,85.8,0.2,85.7,4,85.4,100,85.1,150,,,,,,,,,,,,,,,85.9,100,86.0,1,,,,,,,,,,,,,,,,
2026-07-01T02:00:24.298904+00:00,2026-07-01T02:00:24.296162,2,3,85.5,0.2,85.4,100,85.1,150,,,,,,,,,,,,,,,,,85.6,146,85.9,100,86.0,1,,,,,,,,,,,,,,
2026-07-01T02:00:24.329848+00:00,2026-07-01T02:00:24.322668,2,3,85.5,0.2,85.4,100,85.1,150,,,,,,,,,,,,,,,,,85.6,142,85.9,100,86.0,1,,,,,,,,,,,,,,
2026-07-01T02:00:24.412280+00:00,2026-07-01T02:00:24.405622,2,3,85.5,0.2,85.4,110,85.1,150,,,,,,,,,,,,,,,,,85.6,142,85.9,100,86.0,1,,,,,,,,,,,,,,
2026-07-01T02:00:24.494663+00:00,2026-07-01T02:00:24.494451,2,3,85.5,0.2,85.4,110,85.1,150,,,,,,,,,,,,,,,,,85.6,139,85.9,100,86.0,1,,,,,,,,,,,,,,
2026-07-01T02:00:24.505015+00:00,2026-07-01T02:00:24.498394,2,3,85.5,0.2,85.4,110,85.1,150,,,,,,,,,,,,,,,,,85.6,114,85.9,100,86.0,1,,,,,,,,,,,,,,
2026-07-01T02:00:24.670608+00:00,2026-07-01T02:00:24.668179,2,3,85.5,0.2,85.4,110,85.1,150,,,,,,,,,,,,,,,,,85.6,110,85.9,100,86.0,1,,,,,,,,,,,,,,
2026-07-01T02:00:24.712252+00:00,2026-07-01T02:00:24.711826,2,3,85.5,0.2,85.4,110,85.1,150,,,,,,,,,,,,,,,,,85.6,82,85.9,100,86.0,1,,,,,,,,,,,,,,
2026-07-01T02:00:24.920341+00:00,2026-07-01T02:00:24.919454,2,3,85.5,0.2,85.4,100,85.1,150,,,,,,,,,,,,,,,,,85.6,82,85.9,100,86.0,1,,,,,,,,,,,,,,
2026-07-01T02:00:24.941147+00:00,2026-07-01T02:00:24.935709,2,3,85.5,0.2,85.4,110,85.1,150,,,,,,,,,,,,,,,,,85.6,57,85.9,100,86.0,1,,,,,,,,,,,,,,
2026-07-01T02:00:24.982389+00:00,2026-07-01T02:00:24.975219,2,3,85.5,0.2,85.4,110,85.1,150,,,,,,,,,,,,,,,,,85.6,52,85.9,100,86.0,1,,,,,,,,,,,,,,
2026-07-01T02:00:25.146942+00:00,2026-07-01T02:00:25.146621,2,3,85.5,0.2,85.4,110,85.1,150,,,,,,,,,,,,,,,,,85.6,27,85.9,100,86.0,1,,,,,,,,,,,,,,
2026-07-01T02:00:25.251794+00:00,2026-07-01T02:00:25.250963,2,3,85.5,0.2,85.4,110,85.1,150,,,,,,,,,,,,,,,,,85.6,24,85.9,100,86.0,1,,,,,,,,,,,,,,
2026-07-01T02:00:25.364700+00:00,2026-07-01T02:00:25.361016,2,2,85.65,0.5,85.4,110,85.1,150,,,,,,,,,,,,,,,,,85.9,99,86.0,1,,,,,,,,,,,,,,,,
2026-07-01T02:00:25.375018+00:00,2026-07-01T02:00:25.366533,2,2,85.65,0.5,85.4,61,85.1,150,,,,,,,,,,,,,,,,,85.9,99,86.0,1,,,,,,,,,,,,,,,,
2026-07-01T02:00:25.446678+00:00,2026-07-01T02:00:25.441861,3,2,85.7,0.4,85.5,10,85.4,51,85.1,150,,,,,,,,,,,,,,,85.9,99,86.0,1,,,,,,,,,,,,,,,,
2026-07-01T02:00:25.807324+00:00,2026-07-01T02:00:25.802993,2,2,85.65,0.5,85.4,11,85.1,150,,,,,,,,,,,,,,,,,85.9,99,86.0,1,,,,,,,,,,,,,,,,
2026-07-01T02:00:25.951771+00:00,2026-07-01T02:00:25.948552,3,2,85.7,0.4,85.5,5,85.4,11,85.1,150,,,,,,,,,,,,,,,85.9,99,86.0,1,,,,,,,,,,,,,,,,
2026-07-01T02:00:25.998137+00:00,2026-07-01T02:00:25.995468,2,1,85.75,0.5,85.5,5,85.1,150,,,,,,,,,,,,,,,,,86.0,1,,,,,,,,,,,,,,,,,,
2026-07-01T02:00:26.049843+00:00,2026-07-01T02:00:26.047951,3,1,85.75,0.5,85.5,5,85.3,100,85.1,150,,,,,,,,,,,,,,,86.0,1,,,,,,,,,,,,,,,,,,
2026-07-01T02:00:26.111792+00:00,2026-07-01T02:00:26.104796,3,2,85.65,0.3,85.5,5,85.3,100,85.1,150,,,,,,,,,,,,,,,85.8,100,86.0,1,,,,,,,,,,,,,,,,
2026-07-01T02:00:26.173702+00:00,2026-07-01T02:00:26.171406,3,2,85.65,0.3,85.5,5,85.3,100,85.1,150,,,,,,,,,,,,,,,85.8,75,86.0,1,,,,,,,,,,,,,,,,
2026-07-01T02:00:26.389209+00:00,2026-07-01T02:00:26.387084,2,2,85.55,0.5,85.3,59,85.1,150,,,,,,,,,,,,,,,,,85.8,50,86.0,1,,,,,,,,,,,,,,,,
2026-07-01T02:00:26.461325+00:00,2026-07-01T02:00:26.458904,3,2,85.6,0.4,85.4,10,85.3,59,85.1,150,,,,,,,,,,,,,,,85.8,50,86.0,1,,,,,,,,,,,,,,,,
2026-07-01T02:00:26.851495+00:00,2026-07-01T02:00:26.848333,4,2,85.7,0.2,85.6,4,85.4,10,85.3,59,85.1,150,,,,,,,,,,,,,85.8,50,86.0,1,,,,,,,,,,,,,,,,
2026-07-01T02:00:26.892563+00:00,2026-07-01T02:00:26.887671,4,2,85.7,0.2,85.6,2,85.4,10,85.3,59,85.1,150,,,,,,,,,,,,,85.8,50,86.0,1,,,,,,,,,,,,,,,,
2026-07-01T02:00:26.974630+00:00,2026-07-01T02:00:26.967068,3,2,85.7,0.2,85.6,2,85.3,59,85.1,150,,,,,,,,,,,,,,,85.8,50,86.0,1,,,,,,,,,,,,,,,,
2026-07-01T02:00:27.108202+00:00,2026-07-01T02:00:27.099333,2,2,85.55,0.5,85.3,59,85.1,150,,,,,,,,,,,,,,,,,85.8,50,86.0,1,,,,,,,,,,,,,,,,
2026-07-01T02:00:27.354644+00:00,2026-07-01T02:00:27.350864,1,2,85.55,0.5,85.3,59,,,,,,,,,,,,,,,,,,,85.8,50,86.0,1,,,,,,,,,,,,,,,,
2026-07-01T02:00:27.395699+00:00,2026-07-01T02:00:27.390627,2,2,85.7,0.2,85.6,4,85.3,59,,,,,,,,,,,,,,,,,85.8,50,86.0,1,,,,,,,,,,,,,,,,
2026-07-01T02:00:27.416977+00:00,2026-07-01T02:00:27.416076,3,2,85.75,0.1,85.7,147,85.6,4,85.3,59,,,,,,,,,,,,,,,85.8,50,86.0,1,,,,,,,,,,,,,,,,
2026-07-01T02:00:27.458279+00:00,2026-07-01T02:00:27.456294,3,3,85.75,0.1,85.7,147,85.6,4,85.3,59,,,,,,,,,,,,,,,85.8,50,86.0,1,86.2,150,,,,,,,,,,,,,,
2026-07-01T02:00:27.673485+00:00,2026-07-01T02:00:27.673241,3,3,85.75,0.1,85.7,146,85.6,4,85.3,59,,,,,,,,,,,,,,,85.8,50,86.0,1,86.2,150,,,,,,,,,,,,,,
2026-07-01T02:00:27.888921+00:00,2026-07-01T02:00:27.884177,3,3,85.75,0.1,85.7,144,85.6,4,85.3,59,,,,,,,,,,,,,,,85.8,50,86.0,1,86.2,150,,,,,,,,,,,,,,
2026-07-01T02:00:27.940535+00:00,2026-07-01T02:00:27.935142,3,3,85.75,0.1,85.7,94,85.6,4,85.3,59,,,,,,,,,,,,,,,85.8,50,86.0,1,86.2,150,,,,,,,,,,,,,,
2026-07-01T02:00:27.981869+00:00,2026-07-01T02:00:27.976601,3,3,85.75,0.1,85.7,94,85.6,4,85.3,59,,,,,,,,,,,,,,,85.8,60,86.0,1,86.2,150,,,,,,,,,,,,,,
2026-07-01T02:00:28.033572+00:00,2026-07-01T02:00:28.025087,3,3,85.75,0.1,85.7,94,85.6,3,85.3,59,,,,,,,,,,,,,,,85.8,60,86.0,1,86.2,150,,,,,,,,,,,,,,
2026-07-01T02:00:28.105411+00:00,2026-07-01T02:00:28.095596,3,3,85.75,0.1,85.7,92,85.6,3,85.3,59,,,,,,,,,,,,,,,85.8,60,86.0,1,86.2,150,,,,,,,,,,,,,,
2026-07-01T02:00:28.310976+00:00,2026-07-01T02:00:28.306438,3,3,85.75,0.1,85.7,90,85.6,3,85.3,59,,,,,,,,,,,,,,,85.8,60,86.0,1,86.2,150,,,,,,,,,,,,,,
2026-07-01T02:00:28.486051+00:00,2026-07-01T02:00:28.484239,3,3,85.75,0.1,85.7,90,85.6,3,85.3,59,,,,,,,,,,,,,,,85.8,60,86.0,1,86.2,150,,,,,,,,,,,,,,
2026-07-01T02:00:28.548534+00:00,2026-07-01T02:00:28.548259,3,3,85.75,0.1,85.7,88,85.6,3,85.3,59,,,,,,,,,,,,,,,85.8,60,86.0,1,86.2,150,,,,,,,,,,,,,,
2026-07-01T02:00:28.722899+00:00,2026-07-01T02:00:28.715100,3,3,85.75,0.1,85.7,88,85.6,2,85.3,59,,,,,,,,,,,,,,,85.8,60,86.0,1,86.2,150,,,,,,,,,,,,,,
2026-07-01T02:00:28.774219+00:00,2026-07-01T02:00:28.772637,3,3,85.75,0.1,85.7,86,85.6,2,85.3,59,,,,,,,,,,,,,,,85.8,60,86.0,1,86.2,150,,,,,,,,,,,,,,
2026-07-01T02:00:28.989517+00:00,2026-07-01T02:00:28.988480,3,3,85.75,0.1,85.7,84,85.6,2,85.3,59,,,,,,,,,,,,,,,85.8,50,86.0,1,86.2,150,,,,,,,,,,,,,,
2026-07-01T02:00:28.999921+00:00,2026-07-01T02:00:28.991790,3,3,85.75,0.1,85.7,84,85.6,2,85.3,59,,,,,,,,,,,,,,,85.8,60,86.0,1,86.2,150,,,,,,,,,,,,,,
2026-07-01T02:00:29.164765+00:00,2026-07-01T02:00:29.158350,2,3,85.75,0.1,85.7,84,85.6,2,,,,,,,,,,,,,,,,,85.8,10,86.0,1,86.2,150,,,,,,,,,,,,,,
2026-07-01T02:00:29.206102+00:00,2026-07-01T02:00:29.204250,2,3,85.75,0.1,85.7,83,85.6,2,,,,,,,,,,,,,,,,,85.8,10,86.0,1,86.2,150,,,,,,,,,,,,,,
2026-07-01T02:00:29.216485+00:00,2026-07-01T02:00:29.211344,3,3,85.75,0.1,85.7,83,85.6,2,85.1,100,,,,,,,,,,,,,,,85.8,10,86.0,1,86.2,150,,,,,,,,,,,,,,
2026-07-01T02:00:29.278837+00:00,2026-07-01T02:00:29.269044,1,4,85.35,0.5,85.1,100,,,,,,,,,,,,,,,,,,,85.6,15,85.8,10,86.0,1,86.2,150,,,,,,,,,,,,
2026-07-01T02:00:29.402811+00:00,2026-07-01T02:00:29.402540,1,3,85.45,0.7,85.1,100,,,,,,,,,,,,,,,,,,,85.8,10,86.0,1,86.2,150,,,,,,,,,,,,,,
2026-07-01T02:00:29.413212+00:00,2026-07-01T02:00:29.406963,1,3,85.45,0.7,85.1,100,,,,,,,,,,,,,,,,,,,85.8,8,86.0,1,86.2,150,,,,,,,,,,,,,,
2026-07-01T02:00:29.505742+00:00,2026-07-01T02:00:29.495952,1,2,85.55,0.9,85.1,100,,,,,,,,,,,,,,,,,,,86.0,1,86.2,150,,,,,,,,,,,,,,,,
2026-07-01T02:00:30.041512+00:00,2026-07-01T02:00:30.040706,1,2,85.55,0.9,85.1,50,,,,,,,,,,,,,,,,,,,86.0,1,86.2,150,,,,,,,,,,,,,,,,
2026-07-01T02:00:30.514647+00:00,2026-07-01T02:00:30.510650,1,1,85.55,0.9,85.1,50,,,,,,,,,,,,,,,,,,,86.0,1,,,,,,,,,,,,,,,,,,
2026-07-01T02:00:30.566379+00:00,2026-07-01T02:00:30.562702,2,1,85.6,0.8,85.2,150,85.1,50,,,,,,,,,,,,,,,,,86.0,1,,,,,,,,,,,,,,,,,,
2026-07-01T02:00:30.576655+00:00,2026-07-01T02:00:30.575830,3,1,85.8,0.4,85.6,1,85.2,150,85.1,50,,,,,,,,,,,,,,,86.0,1,,,,,,,,,,,,,,,,,,
2026-07-01T02:00:30.617764+00:00,2026-07-01T02:00:30.615264,3,2,85.65,0.1,85.6,1,85.2,150,85.1,50,,,,,,,,,,,,,,,85.7,150,86.0,1,,,,,,,,,,,,,,,,
2026-07-01T02:00:30.638414+00:00,2026-07-01T02:00:30.635279,3,2,85.65,0.1,85.6,1,85.2,150,85.1,50,,,,,,,,,,,,,,,85.7,142,86.0,1,,,,,,,,,,,,,,,,
2026-07-01T02:00:30.926405+00:00,2026-07-01T02:00:30.924385,2,2,85.45,0.5,85.2,150,85.1,50,,,,,,,,,,,,,,,,,85.7,142,86.0,1,,,,,,,,,,,,,,,,
2026-07-01T02:00:30.968263+00:00,2026-07-01T02:00:30.958734,2,1,85.45,0.5,85.2,150,85.1,50,,,,,,,,,,,,,,,,,85.7,142,,,,,,,,,,,,,,,,,,
2026-07-01T02:00:31.016643+00:00,2026-07-01T02:00:31.013737,3,1,85.5,0.4,85.3,10,85.2,150,85.1,50,,,,,,,,,,,,,,,85.7,142,,,,,,,,,,,,,,,,,,
2026-07-01T02:00:31.068145+00:00,2026-07-01T02:00:31.062679,4,2,85.6,0.2,85.5,2,85.3,10,85.2,150,85.1,50,,,,,,,,,,,,,85.7,142,85.8,3,,,,,,,,,,,,,,,,
2026-07-01T02:00:31.520148+00:00,2026-07-01T02:00:31.517991,3,2,85.6,0.2,85.5,2,85.2,150,85.1,50,,,,,,,,,,,,,,,85.7,142,85.8,3,,,,,,,,,,,,,,,,
2026-07-01T02:00:31.530411+00:00,2026-07-01T02:00:31.522097,3,2,85.6,0.2,85.5,12,85.2,150,85.1,50,,,,,,,,,,,,,,,85.7,142,85.8,3,,,,,,,,,,,,,,,,
2026-07-01T02:00:31.726902+00:00,2026-07-01T02:00:31.718806,3,2,85.6,0.2,85.5,12,85.2,150,85.1,50,,,,,,,,,,,,,,,85.7,142,85.8,2,,,,,,,,,,,,,,,,
2026-07-01T02:00:31.891149+00:00,2026-07-01T02:00:31.888851,3,2,85.6,0.2,85.5,12,85.2,150,85.1,50,,,,,,,,,,,,,,,85.7,142,85.8,1,,,,,,,,,,,,,,,,
2026-07-01T02:00:32.034911+00:00,2026-07-01T02:00:32.029801,3,2,85.6,0.2,85.5,12,85.2,150,85.1,50,,,,,,,,,,,,,,,85.7,142,85.8,1,,,,,,,,,,,,,,,,
2026-07-01T02:00:32.322494+00:00,2026-07-01T02:00:32.322150,2,2,85.6,0.2,85.5,12,85.2,150,,,,,,,,,,,,,,,,,85.7,142,85.8,1,,,,,,,,,,,,,,,,
2026-07-01T02:00:32.383792+00:00,2026-07-01T02:00:32.374460,2,2,85.6,0.2,85.5,12,85.2,250,,,,,,,,,,,,,,,,,85.7,142,85.8,1,,,,,,,,,,,,,,,,
2026-07-01T02:00:32.435152+00:00,2026-07-01T02:00:32.429226,2,2,85.6,0.2,85.5,12,85.2,250,,,,,,,,,,,,,,,,,85.7,242,85.8,1,,,,,,,,,,,,,,,,
2026-07-01T02:00:32.537727+00:00,2026-07-01T02:00:32.536994,2,2,85.6,0.2,85.5,4,85.2,250,,,,,,,,,,,,,,,,,85.7,242,85.8,1,,,,,,,,,,,,,,,,
2026-07-01T02:00:32.958563+00:00,2026-07-01T02:00:32.957562,2,1,85.6,0.2,85.5,4,85.2,250,,,,,,,,,,,,,,,,,85.7,242,,,,,,,,,,,,,,,,,,
2026-07-01T02:00:33.051148+00:00,2026-07-01T02:00:33.048274,2,1,85.6,0.2,85.5,4,85.2,250,,,,,,,,,,,,,,,,,85.7,242,,,,,,,,,,,,,,,,,,
2026-07-01T02:00:33.195096+00:00,2026-07-01T02:00:33.190397,2,1,85.6,0.2,85.5,4,85.2,250,,,,,,,,,,,,,,,,,85.7,193,,,,,,,,,,,,,,,,,,
2026-07-01T02:00:33.554188+00:00,2026-07-01T02:00:33.552486,2,1,85.6,0.2,85.5,2,85.2,250,,,,,,,,,,,,,,,,,85.7,193,,,,,,,,,,,,,,,,,,
2026-07-01T02:00:33.564490+00:00,2026-07-01T02:00:33.556464,2,1,85.6,0.2,85.5,12,85.2,250,,,,,,,,,,,,,,,,,85.7,193,,,,,,,,,,,,,,,,,,
2026-07-01T02:00:33.677398+00:00,2026-07-01T02:00:33.672615,2,1,85.6,0.2,85.5,12,85.2,100,,,,,,,,,,,,,,,,,85.7,100,,,,,,,,,,,,,,,,,,
2026-07-01T02:00:33.728765+00:00,2026-07-01T02:00:33.727276,2,1,85.6,0.2,85.5,162,85.2,100,,,,,,,,,,,,,,,,,85.7,100,,,,,,,,,,,,,,,,,,
2026-07-01T02:00:33.780024+00:00,2026-07-01T02:00:33.779651,2,2,85.6,0.2,85.5,162,85.2,100,,,,,,,,,,,,,,,,,85.7,100,86.0,150,,,,,,,,,,,,,,,,
2026-07-01T02:00:34.067645+00:00,2026-07-01T02:00:34.065337,2,2,85.6,0.2,85.5,162,85.2,100,,,,,,,,,,,,,,,,,85.7,100,86.0,150,,,,,,,,,,,,,,,,
2026-07-01T02:00:34.591452+00:00,2026-07-01T02:00:34.589354,2,2,85.6,0.2,85.5,162,85.2,100,,,,,,,,,,,,,,,,,85.7,100,86.0,150,,,,,,,,,,,,,,,,
2026-07-01T02:00:35.094566+00:00,2026-07-01T02:00:35.094467,2,3,85.6,0.2,85.5,162,85.2,100,,,,,,,,,,,,,,,,,85.7,100,85.8,1,86.0,150,,,,,,,,,,,,,,
2026-07-01T02:00:35.104966+00:00,2026-07-01T02:00:35.104458,2,3,85.6,0.2,85.5,162,85.2,100,,,,,,,,,,,,,,,,,85.7,100,85.8,1,86.0,150,,,,,,,,,,,,,,
2026-07-01T02:00:35.485974+00:00,2026-07-01T02:00:35.485497,1,2,85.65,0.3,85.5,162,,,,,,,,,,,,,,,,,,,85.8,1,86.0,150,,,,,,,,,,,,,,,,
2026-07-01T02:00:35.547695+00:00,2026-07-01T02:00:35.540813,2,2,85.65,0.3,85.5,162,85.3,100,,,,,,,,,,,,,,,,,85.8,1,86.0,150,,,,,,,,,,,,,,,,
2026-07-01T02:00:35.598987+00:00,2026-07-01T02:00:35.595055,2,2,85.65,0.3,85.5,162,85.3,100,,,,,,,,,,,,,,,,,85.8,101,86.0,150,,,,,,,,,,,,,,,,
2026-07-01T02:00:35.609277+00:00,2026-07-01T02:00:35.608602,2,2,85.65,0.3,85.5,152,85.3,100,,,,,,,,,,,,,,,,,85.8,101,86.0,150,,,,,,,,,,,,,,,,
2026-07-01T02:00:35.619673+00:00,2026-07-01T02:00:35.612494,3,2,85.7,0.2,85.6,2,85.5,152,85.3,100,,,,,,,,,,,,,,,85.8,101,86.0,150,,,,,,,,,,,,,,,,
2026-07-01T02:00:35.968918+00:00,2026-07-01T02:00:35.959033,2,2,85.65,0.3,85.5,152,85.3,100,,,,,,,,,,,,,,,,,85.8,101,86.0,150,,,,,,,,,,,,,,,,
2026-07-01T02:00:36.323138+00:00,2026-07-01T02:00:36.318577,2,2,85.65,0.3,85.5,152,85.3,100,,,,,,,,,,,,,,,,,85.8,51,86.0,150,,,,,,,,,,,,,,,,
2026-07-01T02:00:36.841576+00:00,2026-07-01T02:00:36.834041,2,1,85.65,0.3,85.5,2,85.3,100,,,,,,,,,,,,,,,,,85.8,51,,,,,,,,,,,,,,,,,,
2026-07-01T02:00:36.893419+00:00,2026-07-01T02:00:36.887817,3,1,85.65,0.3,85.5,2,85.4,150,85.3,100,,,,,,,,,,,,,,,85.8,51,,,,,,,,,,,,,,,,,,
2026-07-01T02:00:36.945114+00:00,2026-07-01T02:00:36.940737,3,2,85.65,0.3,85.5,2,85.4,150,85.3,100,,,,,,,,,,,,,,,85.8,51,85.9,150,,,,,,,,,,,,,,,,
2026-07-01T02:00:37.130774+00:00,2026-07-01T02:00:37.129215,4,2,85.7,0.2,85.6,10,85.5,2,85.4,150,85.3,100,,,,,,,,,,,,,85.8,51,85.9,150,,,,,,,,,,,,,,,,
2026-07-01T02:00:37.223408+00:00,2026-07-01T02:00:37.217758,4,2,85.7,0.2,85.6,10,85.5,2,85.4,150,85.3,100,,,,,,,,,,,,,85.8,54,85.9,150,,,,,,,,,,,,,,,,
2026-07-01T02:00:37.644374+00:00,2026-07-01T02:00:37.634297,3,2,85.65,0.3,85.5,2,85.4,150,85.3,100,,,,,,,,,,,,,,,85.8,54,85.9,150,,,,,,,,,,,,,,,,
2026-07-01T02:00:37.654849+00:00,2026-07-01T02:00:37.646427,4,2,85.7,0.2,85.6,10,85.5,2,85.4,150,85.3,100,,,,,,,,,,,,,85.8,54,85.9,150,,,,,,,,,,,,,,,,
2026-07-01T02:00:38.077172+00:00,2026-07-01T02:00:38.071604,4,2,85.7,0.2,85.6,10,85.5,2,85.4,150,85.3,100,,,,,,,,,,,,,85.8,7,85.9,150,,,,,,,,,,,,,,,,
2026-07-01T02:00:38.159220+00:00,2026-07-01T02:00:38.154334,4,2,85.7,0.2,85.6,10,85.5,2,85.4,150,85.3,100,,,,,,,,,,,,,85.8,7,85.9,150,,,,,,,,,,,,,,,,
2026-07-01T02:00:38.460128+00:00,2026-07-01T02:00:38.453763,4,1,85.75,0.3,85.6,10,85.5,2,85.4,150,85.3,100,,,,,,,,,,,,,85.9,107,,,,,,,,,,,,,,,,,,
2026-07-01T02:00:38.656302+00:00,2026-07-01T02:00:38.648620,3,1,85.75,0.3,85.6,10,85.5,2,85.4,150,,,,,,,,,,,,,,,85.9,107,,,,,,,,,,,,,,,,,,
2026-07-01T02:00:38.666735+00:00,2026-07-01T02:00:38.658492,2,1,85.7,0.4,85.5,2,85.4,150,,,,,,,,,,,,,,,,,85.9,107,,,,,,,,,,,,,,,,,,
2026-07-01T02:00:38.708422+00:00,2026-07-01T02:00:38.701126,3,1,85.75,0.3,85.6,100,85.5,2,85.4,150,,,,,,,,,,,,,,,85.9,107,,,,,,,,,,,,,,,,,,
2026-07-01T02:00:38.760243+00:00,2026-07-01T02:00:38.753708,3,2,85.75,0.3,85.6,100,85.5,2,85.4,150,,,,,,,,,,,,,,,85.9,107,86.1,100,,,,,,,,,,,,,,,,
2026-07-01T02:00:39.174220+00:00,2026-07-01T02:00:39.173138,3,2,85.75,0.3,85.6,57,85.5,2,85.4,150,,,,,,,,,,,,,,,85.9,107,86.1,100,,,,,,,,,,,,,,,,
2026-07-01T02:00:39.503746+00:00,2026-07-01T02:00:39.498876,3,3,85.7,0.2,85.6,57,85.5,2,85.4,150,,,,,,,,,,,,,,,85.8,3,85.9,107,86.1,100,,,,,,,,,,,,,,
2026-07-01T02:00:39.996677+00:00,2026-07-01T02:00:39.994771,3,2,85.7,0.2,85.6,57,85.5,2,85.4,150,,,,,,,,,,,,,,,85.8,3,86.1,100,,,,,,,,,,,,,,,,
2026-07-01T02:00:40.007018+00:00,2026-07-01T02:00:39.996947,2,2,85.7,0.2,85.6,57,85.5,2,,,,,,,,,,,,,,,,,85.8,3,86.1,100,,,,,,,,,,,,,,,,
2026-07-01T02:00:40.058571+00:00,2026-07-01T02:00:40.051097,2,2,85.7,0.2,85.6,57,85.5,152,,,,,,,,,,,,,,,,,85.8,3,86.1,100,,,,,,,,,,,,,,,,
2026-07-01T02:00:40.110168+00:00,2026-07-01T02:00:40.104783,2,3,85.7,0.2,85.6,57,85.5,152,,,,,,,,,,,,,,,,,85.8,3,86.0,150,86.1,100,,,,,,,,,,,,,,
2026-07-01T02:00:40.561096+00:00,2026-07-01T02:00:40.559945,2,2,85.8,0.4,85.6,57,85.5,152,,,,,,,,,,,,,,,,,86.0,150,86.1,100,,,,,,,,,,,,,,,,
2026-07-01T02:00:40.591934+00:00,2026-07-01T02:00:40.582514,2,3,85.7,0.2,85.6,57,85.5,152,,,,,,,,,,,,,,,,,85.8,3,86.0,150,86.1,100,,,,,,,,,,,,,,
2026-07-01T02:00:40.705680+00:00,2026-07-01T02:00:40.697992,2,2,85.8,0.4,85.6,57,85.5,150,,,,,,,,,,,,,,,,,86.0,150,86.1,100,,,,,,,,,,,,,,,,
2026-07-01T02:00:41.790336+00:00,2026-07-01T02:00:41.783543,2,2,85.8,0.4,85.6,12,85.5,150,,,,,,,,,,,,,,,,,86.0,150,86.1,100,,,,,,,,,,,,,,,,
2026-07-01T02:00:41.810964+00:00,2026-07-01T02:00:41.808058,1,1,85.75,0.5,85.5,150,,,,,,,,,,,,,,,,,,,86.0,150,,,,,,,,,,,,,,,,,,
2026-07-01T02:00:41.863045+00:00,2026-07-01T02:00:41.860463,2,1,85.75,0.5,85.5,150,85.4,100,,,,,,,,,,,,,,,,,86.0,150,,,,,,,,,,,,,,,,,,
2026-07-01T02:00:41.914850+00:00,2026-07-01T02:00:41.913874,2,2,85.7,0.4,85.5,150,85.4,100,,,,,,,,,,,,,,,,,85.9,100,86.0,150,,,,,,,,,,,,,,,,
2026-07-01T02:00:42.721079+00:00,2026-07-01T02:00:42.717407,2,2,85.7,0.4,85.5,100,85.4,100,,,,,,,,,,,,,,,,,85.9,100,86.0,150,,,,,,,,,,,,,,,,
2026-07-01T02:00:43.165051+00:00,2026-07-01T02:00:43.160464,1,1,85.65,0.5,85.4,100,,,,,,,,,,,,,,,,,,,85.9,100,,,,,,,,,,,,,,,,,,
2026-07-01T02:00:43.216818+00:00,2026-07-01T02:00:43.214699,2,1,85.7,0.4,85.5,150,85.4,100,,,,,,,,,,,,,,,,,85.9,100,,,,,,,,,,,,,,,,,,
2026-07-01T02:00:43.268830+00:00,2026-07-01T02:00:43.267212,2,2,85.7,0.4,85.5,150,85.4,100,,,,,,,,,,,,,,,,,85.9,100,86.0,150,,,,,,,,,,,,,,,,
2026-07-01T02:00:43.792994+00:00,2026-07-01T02:00:43.787719,2,2,85.7,0.4,85.5,150,85.4,100,,,,,,,,,,,,,,,,,85.9,60,86.0,150,,,,,,,,,,,,,,,,
2026-07-01T02:00:44.973865+00:00,2026-07-01T02:00:44.967882,1,1,85.75,0.5,85.5,150,,,,,,,,,,,,,,,,,,,86.0,150,,,,,,,,,,,,,,,,,,
2026-07-01T02:00:45.025396+00:00,2026-07-01T02:00:45.020880,2,1,85.8,0.4,85.6,100,85.5,150,,,,,,,,,,,,,,,,,86.0,150,,,,,,,,,,,,,,,,,,
2026-07-01T02:00:45.077009+00:00,2026-07-01T02:00:45.074300,2,2,85.8,0.4,85.6,100,85.5,150,,,,,,,,,,,,,,,,,86.0,150,86.1,100,,,,,,,,,,,,,,,,
2026-07-01T02:00:46.005668+00:00,2026-07-01T02:00:45.999181,2,2,85.8,0.4,85.6,51,85.5,150,,,,,,,,,,,,,,,,,86.0,150,86.1,100,,,,,,,,,,,,,,,,
2026-07-01T02:00:46.298891+00:00,2026-07-01T02:00:46.289716,2,2,85.8,0.4,85.6,48,85.5,150,,,,,,,,,,,,,,,,,86.0,150,86.1,100,,,,,,,,,,,,,,,,
2026-07-01T02:00:46.329699+00:00,2026-07-01T02:00:46.321666,1,1,85.85,0.5,85.6,48,,,,,,,,,,,,,,,,,,,86.1,100,,,,,,,,,,,,,,,,,,
2026-07-01T02:00:46.380857+00:00,2026-07-01T02:00:46.373743,2,1,85.85,0.5,85.6,48,85.3,150,,,,,,,,,,,,,,,,,86.1,100,,,,,,,,,,,,,,,,,,
2026-07-01T02:00:46.432127+00:00,2026-07-01T02:00:46.426151,2,2,85.7,0.2,85.6,48,85.3,150,,,,,,,,,,,,,,,,,85.8,150,86.1,100,,,,,,,,,,,,,,,,
2026-07-01T02:00:46.935645+00:00,2026-07-01T02:00:46.927062,1,2,85.55,0.5,85.3,150,,,,,,,,,,,,,,,,,,,85.8,150,86.1,100,,,,,,,,,,,,,,,,
2026-07-01T02:00:46.997644+00:00,2026-07-01T02:00:46.991642,1,2,85.55,0.5,85.3,150,,,,,,,,,,,,,,,,,,,85.8,148,86.1,100,,,,,,,,,,,,,,,,
2026-07-01T02:00:47.213155+00:00,2026-07-01T02:00:47.203305,1,2,85.55,0.5,85.3,150,,,,,,,,,,,,,,,,,,,85.8,146,86.1,100,,,,,,,,,,,,,,,,
2026-07-01T02:00:47.419001+00:00,2026-07-01T02:00:47.414558,1,2,85.55,0.5,85.3,150,,,,,,,,,,,,,,,,,,,85.8,144,86.1,100,,,,,,,,,,,,,,,,
2026-07-01T02:00:48.138621+00:00,2026-07-01T02:00:48.128582,1,1,85.55,0.5,85.3,150,,,,,,,,,,,,,,,,,,,85.8,144,,,,,,,,,,,,,,,,,,
2026-07-01T02:00:48.190050+00:00,2026-07-01T02:00:48.180265,2,1,85.55,0.5,85.3,150,85.0,100,,,,,,,,,,,,,,,,,85.8,144,,,,,,,,,,,,,,,,,,
2026-07-01T02:00:48.241865+00:00,2026-07-01T02:00:48.234171,2,2,85.4,0.2,85.3,150,85.0,100,,,,,,,,,,,,,,,,,85.5,100,85.8,144,,,,,,,,,,,,,,,,
2026-07-01T02:00:48.324500+00:00,2026-07-01T02:00:48.315726,2,2,85.4,0.2,85.3,160,85.0,100,,,,,,,,,,,,,,,,,85.5,100,85.8,144,,,,,,,,,,,,,,,,
2026-07-01T02:00:48.437971+00:00,2026-07-01T02:00:48.434045,2,2,85.4,0.2,85.3,160,85.0,100,,,,,,,,,,,,,,,,,85.5,95,85.8,144,,,,,,,,,,,,,,,,
2026-07-01T02:00:48.676103+00:00,2026-07-01T02:00:48.669614,2,2,85.4,0.2,85.3,160,85.0,100,,,,,,,,,,,,,,,,,85.5,90,85.8,144,,,,,,,,,,,,,,,,
2026-07-01T02:00:48.840972+00:00,2026-07-01T02:00:48.840227,2,2,85.4,0.2,85.3,150,85.0,100,,,,,,,,,,,,,,,,,85.5,87,85.8,144,,,,,,,,,,,,,,,,
2026-07-01T02:00:49.038216+00:00,2026-07-01T02:00:49.032799,2,2,85.4,0.2,85.3,100,85.0,100,,,,,,,,,,,,,,,,,85.5,87,85.8,144,,,,,,,,,,,,,,,,
2026-07-01T02:00:49.338058+00:00,2026-07-01T02:00:49.328784,2,2,85.4,0.2,85.3,110,85.0,100,,,,,,,,,,,,,,,,,85.5,87,85.8,144,,,,,,,,,,,,,,,,
2026-07-01T02:00:49.482392+00:00,2026-07-01T02:00:49.480476,2,1,85.4,0.2,85.3,10,85.0,100,,,,,,,,,,,,,,,,,85.5,87,,,,,,,,,,,,,,,,,,
2026-07-01T02:00:49.533869+00:00,2026-07-01T02:00:49.532683,2,1,85.4,0.2,85.3,160,85.0,100,,,,,,,,,,,,,,,,,85.5,87,,,,,,,,,,,,,,,,,,
2026-07-01T02:00:49.595652+00:00,2026-07-01T02:00:49.585579,2,2,85.4,0.2,85.3,160,85.0,100,,,,,,,,,,,,,,,,,85.5,87,85.8,150,,,,,,,,,,,,,,,,
2026-07-01T02:00:49.791791+00:00,2026-07-01T02:00:49.781889,2,2,85.4,0.2,85.3,158,85.0,100,,,,,,,,,,,,,,,,,85.5,87,85.8,150,,,,,,,,,,,,,,,,
2026-07-01T02:00:49.833114+00:00,2026-07-01T02:00:49.832931,2,2,85.4,0.2,85.3,150,85.0,100,,,,,,,,,,,,,,,,,85.5,87,85.8,150,,,,,,,,,,,,,,,,
2026-07-01T02:00:49.997736+00:00,2026-07-01T02:00:49.993984,2,2,85.4,0.2,85.3,148,85.0,100,,,,,,,,,,,,,,,,,85.5,87,85.8,150,,,,,,,,,,,,,,,,
2026-07-01T02:00:50.346395+00:00,2026-07-01T02:00:50.344480,2,2,85.4,0.2,85.3,158,85.0,100,,,,,,,,,,,,,,,,,85.5,87,85.8,150,,,,,,,,,,,,,,,,
2026-07-01T02:00:50.850226+00:00,2026-07-01T02:00:50.849390,2,2,85.4,0.2,85.3,148,85.0,100,,,,,,,,,,,,,,,,,85.5,87,85.8,150,,,,,,,,,,,,,,,,
2026-07-01T02:00:50.860530+00:00,2026-07-01T02:00:50.853112,2,2,85.4,0.2,85.3,158,85.0,100,,,,,,,,,,,,,,,,,85.5,87,85.8,150,,,,,,,,,,,,,,,,
2026-07-01T02:00:51.144734+00:00,2026-07-01T02:00:51.141457,2,2,85.4,0.2,85.3,108,85.0,100,,,,,,,,,,,,,,,,,85.5,87,85.8,150,,,,,,,,,,,,,,,,
2026-07-01T02:00:51.227456+00:00,2026-07-01T02:00:51.221315,2,2,85.4,0.2,85.3,108,85.0,100,,,,,,,,,,,,,,,,,85.5,39,85.8,150,,,,,,,,,,,,,,,,
2026-07-01T02:00:51.289223+00:00,2026-07-01T02:00:51.288933,1,1,85.55,0.5,85.3,108,,,,,,,,,,,,,,,,,,,85.8,150,,,,,,,,,,,,,,,,,,
2026-07-01T02:00:51.351285+00:00,2026-07-01T02:00:51.341254,2,1,85.55,0.5,85.3,108,85.2,100,,,,,,,,,,,,,,,,,85.8,150,,,,,,,,,,,,,,,,,,
2026-07-01T02:00:51.361614+00:00,2026-07-01T02:00:51.359165,2,1,85.55,0.5,85.3,98,85.2,100,,,,,,,,,,,,,,,,,85.8,150,,,,,,,,,,,,,,,,,,
2026-07-01T02:00:51.403220+00:00,2026-07-01T02:00:51.393399,2,2,85.5,0.4,85.3,98,85.2,100,,,,,,,,,,,,,,,,,85.7,100,85.8,150,,,,,,,,,,,,,,,,
2026-07-01T02:00:51.775942+00:00,2026-07-01T02:00:51.770164,2,2,85.5,0.4,85.3,98,85.2,100,,,,,,,,,,,,,,,,,85.7,57,85.8,150,,,,,,,,,,,,,,,,
2026-07-01T02:00:52.643391+00:00,2026-07-01T02:00:52.639957,1,1,85.45,0.5,85.2,100,,,,,,,,,,,,,,,,,,,85.7,57,,,,,,,,,,,,,,,,,,
2026-07-01T02:00:52.653872+00:00,2026-07-01T02:00:52.649839,2,1,85.5,0.4,85.3,3,85.2,100,,,,,,,,,,,,,,,,,85.7,57,,,,,,,,,,,,,,,,,,
2026-07-01T02:00:52.695613+00:00,2026-07-01T02:00:52.693090,3,1,85.5,0.4,85.3,3,85.2,100,84.9,150,,,,,,,,,,,,,,,85.7,57,,,,,,,,,,,,,,,,,,
2026-07-01T02:00:52.768666+00:00,2026-07-01T02:00:52.765076,3,2,85.35,0.1,85.3,3,85.2,100,84.9,150,,,,,,,,,,,,,,,85.4,150,85.7,57,,,,,,,,,,,,,,,,
2026-07-01T02:00:52.882391+00:00,2026-07-01T02:00:52.874493,3,2,85.35,0.1,85.3,13,85.2,100,84.9,150,,,,,,,,,,,,,,,85.4,150,85.7,57,,,,,,,,,,,,,,,,
2026-07-01T02:00:53.251997+00:00,2026-07-01T02:00:53.251666,2,2,85.3,0.2,85.2,63,84.9,150,,,,,,,,,,,,,,,,,85.4,150,85.7,57,,,,,,,,,,,,,,,,
2026-07-01T02:00:53.386698+00:00,2026-07-01T02:00:53.385884,2,2,85.3,0.2,85.2,63,84.9,150,,,,,,,,,,,,,,,,,85.4,139,85.7,57,,,,,,,,,,,,,,,,
2026-07-01T02:00:53.397186+00:00,2026-07-01T02:00:53.390296,2,2,85.3,0.2,85.2,73,84.9,150,,,,,,,,,,,,,,,,,85.4,139,85.7,57,,,,,,,,,,,,,,,,
2026-07-01T02:00:53.736065+00:00,2026-07-01T02:00:53.731855,2,3,85.3,0.2,85.2,73,84.9,150,,,,,,,,,,,,,,,,,85.4,139,85.6,5,85.7,57,,,,,,,,,,,,,,
2026-07-01T02:00:53.910755+00:00,2026-07-01T02:00:53.906465,2,3,85.3,0.2,85.2,73,84.9,150,,,,,,,,,,,,,,,,,85.4,139,85.6,5,85.7,57,,,,,,,,,,,,,,
2026-07-01T02:00:54.045377+00:00,2026-07-01T02:00:54.035387,2,3,85.3,0.2,85.2,24,84.9,150,,,,,,,,,,,,,,,,,85.4,139,85.6,5,85.7,57,,,,,,,,,,,,,,
2026-07-01T02:00:54.415465+00:00,2026-07-01T02:00:54.414234,2,3,85.3,0.2,85.2,24,84.9,150,,,,,,,,,,,,,,,,,85.4,139,85.6,5,85.7,57,,,,,,,,,,,,,,
2026-07-01T02:00:54.456780+00:00,2026-07-01T02:00:54.447954,2,2,85.3,0.2,85.2,10,84.9,150,,,,,,,,,,,,,,,,,85.4,139,85.6,5,,,,,,,,,,,,,,,,
2026-07-01T02:00:54.508223+00:00,2026-07-01T02:00:54.500109,2,2,85.3,0.2,85.2,10,84.9,250,,,,,,,,,,,,,,,,,85.4,139,85.6,5,,,,,,,,,,,,,,,,
2026-07-01T02:00:54.570469+00:00,2026-07-01T02:00:54.561488,2,2,85.3,0.2,85.2,10,84.9,250,,,,,,,,,,,,,,,,,85.4,239,85.6,5,,,,,,,,,,,,,,,,
2026-07-01T02:00:54.642724+00:00,2026-07-01T02:00:54.633407,2,2,85.3,0.2,85.2,10,84.9,250,,,,,,,,,,,,,,,,,85.4,239,85.6,3,,,,,,,,,,,,,,,,
2026-07-01T02:00:54.735366+00:00,2026-07-01T02:00:54.731752,3,2,85.35,0.1,85.3,3,85.2,10,84.9,250,,,,,,,,,,,,,,,85.4,239,85.6,3,,,,,,,,,,,,,,,,
2026-07-01T02:00:54.920900+00:00,2026-07-01T02:00:54.918914,2,2,85.35,0.1,85.3,3,84.9,250,,,,,,,,,,,,,,,,,85.4,239,85.6,3,,,,,,,,,,,,,,,,
2026-07-01T02:00:54.931279+00:00,2026-07-01T02:00:54.922553,2,2,85.35,0.1,85.3,13,84.9,250,,,,,,,,,,,,,,,,,85.4,239,85.6,3,,,,,,,,,,,,,,,,
2026-07-01T02:00:55.364324+00:00,2026-07-01T02:00:55.361061,1,2,85.15,0.5,84.9,213,,,,,,,,,,,,,,,,,,,85.4,239,85.6,3,,,,,,,,,,,,,,,,
2026-07-01T02:00:55.426285+00:00,2026-07-01T02:00:55.421129,1,2,85.15,0.5,84.9,213,,,,,,,,,,,,,,,,,,,85.4,186,85.6,3,,,,,,,,,,,,,,,,
2026-07-01T02:00:55.436628+00:00,2026-07-01T02:00:55.428276,2,2,85.2,0.4,85.0,10,84.9,213,,,,,,,,,,,,,,,,,85.4,186,85.6,3,,,,,,,,,,,,,,,,
2026-07-01T02:00:55.640992+00:00,2026-07-01T02:00:55.631581,2,2,85.2,0.4,85.0,10,84.9,213,,,,,,,,,,,,,,,,,85.4,182,85.6,3,,,,,,,,,,,,,,,,
2026-07-01T02:00:55.712543+00:00,2026-07-01T02:00:55.706193,3,2,85.35,0.1,85.3,3,85.0,10,84.9,213,,,,,,,,,,,,,,,85.4,182,85.6,3,,,,,,,,,,,,,,,,
2026-07-01T02:00:55.815799+00:00,2026-07-01T02:00:55.815382,3,2,85.35,0.1,85.3,3,85.0,10,84.9,213,,,,,,,,,,,,,,,85.4,100,85.6,3,,,,,,,,,,,,,,,,
2026-07-01T02:00:55.826091+00:00,2026-07-01T02:00:55.816490,3,2,85.35,0.1,85.3,3,85.0,10,84.9,100,,,,,,,,,,,,,,,85.4,100,85.6,3,,,,,,,,,,,,,,,,
2026-07-01T02:00:55.877841+00:00,2026-07-01T02:00:55.869398,4,2,85.35,0.1,85.3,3,85.1,150,85.0,10,84.9,100,,,,,,,,,,,,,85.4,100,85.6,3,,,,,,,,,,,,,,,,
2026-07-01T02:00:55.929753+00:00,2026-07-01T02:00:55.922425,4,2,85.35,0.1,85.3,3,85.1,150,85.0,10,84.9,100,,,,,,,,,,,,,85.4,100,85.6,153,,,,,,,,,,,,,,,,
2026-07-01T02:00:55.940207+00:00,2026-07-01T02:00:55.936788,3,2,85.35,0.1,85.3,3,85.1,150,84.9,100,,,,,,,,,,,,,,,85.4,100,85.6,153,,,,,,,,,,,,,,,,
2026-07-01T02:00:55.950606+00:00,2026-07-01T02:00:55.940653,3,2,85.35,0.1,85.3,13,85.1,150,84.9,100,,,,,,,,,,,,,,,85.4,100,85.6,153,,,,,,,,,,,,,,,,
2026-07-01T02:00:56.449927+00:00,2026-07-01T02:00:56.447754,3,2,85.35,0.1,85.3,13,85.1,150,84.9,100,,,,,,,,,,,,,,,85.4,100,85.6,153,,,,,,,,,,,,,,,,
2026-07-01T02:00:56.645364+00:00,2026-07-01T02:00:56.636445,3,2,85.35,0.1,85.3,12,85.1,150,84.9,100,,,,,,,,,,,,,,,85.4,100,85.6,153,,,,,,,,,,,,,,,,
2026-07-01T02:00:56.974383+00:00,2026-07-01T02:00:56.974030,3,2,85.35,0.1,85.3,2,85.1,150,84.9,100,,,,,,,,,,,,,,,85.4,100,85.6,153,,,,,,,,,,,,,,,,
2026-07-01T02:00:56.984796+00:00,2026-07-01T02:00:56.981792,3,2,85.35,0.1,85.3,12,85.1,150,84.9,100,,,,,,,,,,,,,,,85.4,100,85.6,153,,,,,,,,,,,,,,,,
2026-07-01T02:00:57.478572+00:00,2026-07-01T02:00:57.469395,2,2,85.25,0.3,85.1,150,84.9,100,,,,,,,,,,,,,,,,,85.4,100,85.6,153,,,,,,,,,,,,,,,,
2026-07-01T02:00:57.488896+00:00,2026-07-01T02:00:57.488138,2,2,85.25,0.3,85.1,160,84.9,100,,,,,,,,,,,,,,,,,85.4,100,85.6,153,,,,,,,,,,,,,,,,
2026-07-01T02:00:57.622851+00:00,2026-07-01T02:00:57.614031,1,1,85.35,0.5,85.1,160,,,,,,,,,,,,,,,,,,,85.6,153,,,,,,,,,,,,,,,,,,
2026-07-01T02:00:57.674022+00:00,2026-07-01T02:00:57.666286,1,1,85.35,0.5,85.1,260,,,,,,,,,,,,,,,,,,,85.6,153,,,,,,,,,,,,,,,,,,
2026-07-01T02:00:57.725336+00:00,2026-07-01T02:00:57.718339,1,1,85.35,0.5,85.1,260,,,,,,,,,,,,,,,,,,,85.6,253,,,,,,,,,,,,,,,,,,
2026-07-01T02:00:58.002634+00:00,2026-07-01T02:00:58.000568,2,1,85.4,0.4,85.2,8,85.1,250,,,,,,,,,,,,,,,,,85.6,253,,,,,,,,,,,,,,,,,,
2026-07-01T02:00:58.506778+00:00,2026-07-01T02:00:58.504801,1,1,85.35,0.5,85.1,250,,,,,,,,,,,,,,,,,,,85.6,253,,,,,,,,,,,,,,,,,,
2026-07-01T02:00:58.517124+00:00,2026-07-01T02:00:58.508005,1,2,85.3,0.4,85.1,250,,,,,,,,,,,,,,,,,,,85.5,2,85.6,253,,,,,,,,,,,,,,,,
2026-07-01T02:00:58.980131+00:00,2026-07-01T02:00:58.976766,1,2,85.3,0.4,85.1,100,,,,,,,,,,,,,,,,,,,85.5,2,85.6,103,,,,,,,,,,,,,,,,
2026-07-01T02:00:59.021370+00:00,2026-07-01T02:00:59.015736,2,1,85.4,0.4,85.2,8,85.1,100,,,,,,,,,,,,,,,,,85.6,103,,,,,,,,,,,,,,,,,,
2026-07-01T02:00:59.031708+00:00,2026-07-01T02:00:59.029466,3,1,85.4,0.4,85.2,8,85.1,100,84.9,150,,,,,,,,,,,,,,,85.6,103,,,,,,,,,,,,,,,,,,
2026-07-01T02:00:59.083280+00:00,2026-07-01T02:00:59.081653,3,2,85.3,0.2,85.2,8,85.1,100,84.9,150,,,,,,,,,,,,,,,85.4,150,85.6,103,,,,,,,,,,,,,,,,
2026-07-01T02:00:59.329103+00:00,2026-07-01T02:00:59.320785,3,2,85.3,0.2,85.2,9,85.1,100,84.9,150,,,,,,,,,,,,,,,85.4,150,85.6,103,,,,,,,,,,,,,,,,
2026-07-01T02:00:59.525281+00:00,2026-07-01T02:00:59.524238,3,2,85.3,0.2,85.2,1,85.1,100,84.9,150,,,,,,,,,,,,,,,85.4,150,85.6,103,,,,,,,,,,,,,,,,
2026-07-01T02:00:59.535571+00:00,2026-07-01T02:00:59.528600,3,2,85.3,0.2,85.2,11,85.1,100,84.9,150,,,,,,,,,,,,,,,85.4,150,85.6,103,,,,,,,,,,,,,,,,
2026-07-01T02:00:59.586959+00:00,2026-07-01T02:00:59.583893,2,2,85.25,0.3,85.1,61,84.9,150,,,,,,,,,,,,,,,,,85.4,150,85.6,103,,,,,,,,,,,,,,,,
2026-07-01T02:01:00.041025+00:00,2026-07-01T02:01:00.035743,2,2,85.25,0.3,85.1,69,84.9,150,,,,,,,,,,,,,,,,,85.4,150,85.6,103,,,,,,,,,,,,,,,,
2026-07-01T02:01:00.544623+00:00,2026-07-01T02:01:00.544525,2,2,85.25,0.3,85.1,61,84.9,150,,,,,,,,,,,,,,,,,85.4,150,85.6,103,,,,,,,,,,,,,,,,
2026-07-01T02:01:00.555086+00:00,2026-07-01T02:01:00.554164,3,2,85.3,0.2,85.2,1,85.1,69,84.9,150,,,,,,,,,,,,,,,85.4,150,85.6,103,,,,,,,,,,,,,,,,
2026-07-01T02:01:00.772708+00:00,2026-07-01T02:01:00.772194,3,2,85.3,0.2,85.2,1,85.1,69,84.9,150,,,,,,,,,,,,,,,85.4,150,85.6,3,,,,,,,,,,,,,,,,
2026-07-01T02:01:00.783021+00:00,2026-07-01T02:01:00.773850,3,2,85.3,0.2,85.2,1,85.1,8,84.9,150,,,,,,,,,,,,,,,85.4,150,85.6,3,,,,,,,,,,,,,,,,
2026-07-01T02:01:00.834481+00:00,2026-07-01T02:01:00.826709,3,2,85.3,0.2,85.2,1,85.1,8,84.9,250,,,,,,,,,,,,,,,85.4,150,85.6,3,,,,,,,,,,,,,,,,
2026-07-01T02:01:00.886216+00:00,2026-07-01T02:01:00.880792,3,2,85.3,0.2,85.2,1,85.1,8,84.9,250,,,,,,,,,,,,,,,85.4,250,85.6,3,,,,,,,,,,,,,,,,
2026-07-01T02:01:01.062514+00:00,2026-07-01T02:01:01.058465,2,2,85.3,0.2,85.2,1,84.9,250,,,,,,,,,,,,,,,,,85.4,250,85.6,3,,,,,,,,,,,,,,,,
2026-07-01T02:01:01.072860+00:00,2026-07-01T02:01:01.070217,2,2,85.3,0.2,85.2,9,84.9,250,,,,,,,,,,,,,,,,,85.4,260,85.6,3,,,,,,,,,,,,,,,,
2026-07-01T02:01:01.583353+00:00,2026-07-01T02:01:01.583212,2,2,85.3,0.2,85.2,9,84.9,250,,,,,,,,,,,,,,,,,85.4,260,85.6,3,,,,,,,,,,,,,,,,
2026-07-01T02:01:01.706258+00:00,2026-07-01T02:01:01.696970,1,2,85.15,0.5,84.9,209,,,,,,,,,,,,,,,,,,,85.4,260,85.6,3,,,,,,,,,,,,,,,,
2026-07-01T02:01:02.098074+00:00,2026-07-01T02:01:02.088738,1,2,85.15,0.5,84.9,209,,,,,,,,,,,,,,,,,,,85.4,250,85.6,3,,,,,,,,,,,,,,,,
2026-07-01T02:01:02.139292+00:00,2026-07-01T02:01:02.135837,1,2,85.15,0.5,84.9,100,,,,,,,,,,,,,,,,,,,85.4,100,85.6,3,,,,,,,,,,,,,,,,
2026-07-01T02:01:02.190516+00:00,2026-07-01T02:01:02.188194,2,2,85.15,0.5,84.9,100,84.7,150,,,,,,,,,,,,,,,,,85.4,100,85.6,3,,,,,,,,,,,,,,,,
2026-07-01T02:01:02.242190+00:00,2026-07-01T02:01:02.241139,2,3,85.05,0.3,84.9,100,84.7,150,,,,,,,,,,,,,,,,,85.2,150,85.4,100,85.6,3,,,,,,,,,,,,,,
2026-07-01T02:01:02.385857+00:00,2026-07-01T02:01:02.378100,2,3,85.05,0.3,84.9,100,84.7,150,,,,,,,,,,,,,,,,,85.2,148,85.4,100,85.6,3,,,,,,,,,,,,,,
2026-07-01T02:01:02.448200+00:00,2026-07-01T02:01:02.445883,2,3,85.05,0.3,84.9,100,84.7,150,,,,,,,,,,,,,,,,,85.2,146,85.4,100,85.6,3,,,,,,,,,,,,,,
2026-07-01T02:01:02.592305+00:00,2026-07-01T02:01:02.589642,2,3,85.05,0.3,84.9,100,84.7,150,,,,,,,,,,,,,,,,,85.2,144,85.4,100,85.6,3,,,,,,,,,,,,,,
2026-07-01T02:01:02.613077+00:00,2026-07-01T02:01:02.603261,2,3,85.05,0.3,84.9,110,84.7,150,,,,,,,,,,,,,,,,,85.2,144,85.4,100,85.6,3,,,,,,,,,,,,,,
2026-07-01T02:01:02.654014+00:00,2026-07-01T02:01:02.648461,2,3,85.05,0.3,84.9,110,84.7,150,,,,,,,,,,,,,,,,,85.2,142,85.4,100,85.6,3,,,,,,,,,,,,,,
2026-07-01T02:01:02.807966+00:00,2026-07-01T02:01:02.803162,2,3,85.05,0.3,84.9,110,84.7,150,,,,,,,,,,,,,,,,,85.2,140,85.4,100,85.6,3,,,,,,,,,,,,,,
2026-07-01T02:01:03.077248+00:00,2026-07-01T02:01:03.071253,2,3,85.05,0.3,84.9,110,84.7,150,,,,,,,,,,,,,,,,,85.2,138,85.4,100,85.6,3,,,,,,,,,,,,,,
2026-07-01T02:01:03.118801+00:00,2026-07-01T02:01:03.116270,2,3,85.05,0.3,84.9,100,84.7,150,,,,,,,,,,,,,,,,,85.2,138,85.4,100,85.6,3,,,,,,,,,,,,,,
2026-07-01T02:01:03.129145+00:00,2026-07-01T02:01:03.123169,2,3,85.05,0.3,84.9,110,84.7,150,,,,,,,,,,,,,,,,,85.2,138,85.4,100,85.6,3,,,,,,,,,,,,,,
2026-07-01T02:01:03.293674+00:00,2026-07-01T02:01:03.287736,2,3,85.05,0.3,84.9,110,84.7,150,,,,,,,,,,,,,,,,,85.2,136,85.4,100,85.6,3,,,,,,,,,,,,,,
2026-07-01T02:01:03.499648+00:00,2026-07-01T02:01:03.499565,2,3,85.05,0.3,84.9,110,84.7,150,,,,,,,,,,,,,,,,,85.2,135,85.4,100,85.6,3,,,,,,,,,,,,,,
2026-07-01T02:01:03.633133+00:00,2026-07-01T02:01:03.631433,2,3,85.05,0.3,84.9,110,84.7,150,,,,,,,,,,,,,,,,,85.2,135,85.4,100,85.6,3,,,,,,,,,,,,,,
2026-07-01T02:01:03.807669+00:00,2026-07-01T02:01:03.805580,2,3,85.05,0.3,84.9,60,84.7,150,,,,,,,,,,,,,,,,,85.2,135,85.4,100,85.6,3,,,,,,,,,,,,,,
2026-07-01T02:01:03.818001+00:00,2026-07-01T02:01:03.808088,2,2,85.05,0.3,84.9,60,84.7,150,,,,,,,,,,,,,,,,,85.2,135,85.4,100,,,,,,,,,,,,,,,,
2026-07-01T02:01:03.941605+00:00,2026-07-01T02:01:03.935548,2,1,85.05,0.3,84.9,10,84.7,150,,,,,,,,,,,,,,,,,85.2,135,,,,,,,,,,,,,,,,,,
2026-07-01T02:01:03.993321+00:00,2026-07-01T02:01:03.988661,2,1,85.05,0.3,84.9,10,84.7,250,,,,,,,,,,,,,,,,,85.2,135,,,,,,,,,,,,,,,,,,
2026-07-01T02:01:04.044698+00:00,2026-07-01T02:01:04.042168,2,1,85.05,0.3,84.9,10,84.7,250,,,,,,,,,,,,,,,,,85.2,235,,,,,,,,,,,,,,,,,,
2026-07-01T02:01:04.137141+00:00,2026-07-01T02:01:04.136047,1,1,84.95,0.5,84.7,250,,,,,,,,,,,,,,,,,,,85.2,235,,,,,,,,,,,,,,,,,,
2026-07-01T02:01:04.147418+00:00,2026-07-01T02:01:04.139294,2,1,85.0,0.4,84.8,10,84.7,250,,,,,,,,,,,,,,,,,85.2,235,,,,,,,,,,,,,,,,,,
2026-07-01T02:01:04.578275+00:00,2026-07-01T02:01:04.577530,2,1,85.0,0.4,84.8,10,84.7,250,,,,,,,,,,,,,,,,,85.2,223,,,,,,,,,,,,,,,,,,
2026-07-01T02:01:04.650381+00:00,2026-07-01T02:01:04.646481,2,1,85.0,0.4,84.8,10,84.7,250,,,,,,,,,,,,,,,,,85.2,223,,,,,,,,,,,,,,,,,,
2026-07-01T02:01:04.701619+00:00,2026-07-01T02:01:04.695889,2,1,85.0,0.4,84.8,10,84.7,250,,,,,,,,,,,,,,,,,85.2,222,,,,,,,,,,,,,,,,,,
2026-07-01T02:01:04.917716+00:00,2026-07-01T02:01:04.909705,2,1,85.0,0.4,84.8,10,84.7,250,,,,,,,,,,,,,,,,,85.2,221,,,,,,,,,,,,,,,,,,
2026-07-01T02:01:05.154825+00:00,2026-07-01T02:01:05.154086,2,1,85.0,0.4,84.8,10,84.7,250,,,,,,,,,,,,,,,,,85.2,221,,,,,,,,,,,,,,,,,,
2026-07-01T02:01:05.298538+00:00,2026-07-01T02:01:05.297296,2,1,85.0,0.4,84.8,10,84.7,100,,,,,,,,,,,,,,,,,85.2,100,,,,,,,,,,,,,,,,,,
2026-07-01T02:01:05.359890+00:00,2026-07-01T02:01:05.350462,3,1,85.1,0.2,85.0,150,84.8,10,84.7,100,,,,,,,,,,,,,,,85.2,100,,,,,,,,,,,,,,,,,,
2026-07-01T02:01:05.411097+00:00,2026-07-01T02:01:05.402864,3,2,85.1,0.2,85.0,150,84.8,10,84.7,100,,,,,,,,,,,,,,,85.2,100,85.5,150,,,,,,,,,,,,,,,,
2026-07-01T02:01:05.514752+00:00,2026-07-01T02:01:05.506503,3,3,85.1,0.2,85.0,150,84.8,10,84.7,100,,,,,,,,,,,,,,,85.2,100,85.4,5,85.5,150,,,,,,,,,,,,,,
2026-07-01T02:01:05.658632+00:00,2026-07-01T02:01:05.658341,2,3,85.1,0.2,85.0,150,84.7,100,,,,,,,,,,,,,,,,,85.2,100,85.4,5,85.5,150,,,,,,,,,,,,,,
2026-07-01T02:01:05.668897+00:00,2026-07-01T02:01:05.661780,2,3,85.1,0.2,85.0,160,84.7,100,,,,,,,,,,,,,,,,,85.2,100,85.4,5,85.5,150,,,,,,,,,,,,,,
2026-07-01T02:01:05.802021+00:00,2026-07-01T02:01:05.800935,2,3,85.1,0.2,85.0,160,84.7,100,,,,,,,,,,,,,,,,,85.2,100,85.4,2,85.5,150,,,,,,,,,,,,,,
2026-07-01T02:01:05.925087+00:00,2026-07-01T02:01:05.915469,2,3,85.1,0.2,85.0,110,84.7,100,,,,,,,,,,,,,,,,,85.2,100,85.4,2,85.5,150,,,,,,,,,,,,,,
2026-07-01T02:01:06.173342+00:00,2026-07-01T02:01:06.169294,2,3,85.1,0.2,85.0,110,84.7,100,,,,,,,,,,,,,,,,,85.2,100,85.4,2,85.5,150,,,,,,,,,,,,,,
2026-07-01T02:01:06.687217+00:00,2026-07-01T02:01:06.682491,2,3,85.1,0.2,85.0,110,84.7,100,,,,,,,,,,,,,,,,,85.2,100,85.4,2,85.5,150,,,,,,,,,,,,,,
2026-07-01T02:01:06.964893+00:00,2026-07-01T02:01:06.958798,2,3,85.1,0.2,85.0,110,84.7,100,,,,,,,,,,,,,,,,,85.2,100,85.4,1,85.5,150,,,,,,,,,,,,,,
2026-07-01T02:01:07.099421+00:00,2026-07-01T02:01:07.097254,1,2,85.2,0.4,85.0,110,,,,,,,,,,,,,,,,,,,85.4,1,85.5,150,,,,,,,,,,,,,,,,
2026-07-01T02:01:07.161021+00:00,2026-07-01T02:01:07.151154,2,2,85.2,0.4,85.0,110,84.7,100,,,,,,,,,,,,,,,,,85.4,1,85.5,150,,,,,,,,,,,,,,,,
2026-07-01T02:01:07.191943+00:00,2026-07-01T02:01:07.187590,2,2,85.2,0.4,85.0,100,84.7,100,,,,,,,,,,,,,,,,,85.4,1,85.5,150,,,,,,,,,,,,,,,,
2026-07-01T02:01:07.212608+00:00,2026-07-01T02:01:07.203065,2,3,85.1,0.2,85.0,100,84.7,100,,,,,,,,,,,,,,,,,85.2,100,85.4,1,85.5,150,,,,,,,,,,,,,,
2026-07-01T02:01:07.694971+00:00,2026-07-01T02:01:07.694481,2,3,85.1,0.2,85.0,110,84.7,100,,,,,,,,,,,,,,,,,85.2,100,85.4,1,85.5,150,,,,,,,,,,,,,,
2026-07-01T02:01:07.889953+00:00,2026-07-01T02:01:07.889218,2,3,85.1,0.2,85.0,110,84.7,100,,,,,,,,,,,,,,,,,85.2,51,85.4,1,85.5,150,,,,,,,,,,,,,,
2026-07-01T02:01:07.972591+00:00,2026-07-01T02:01:07.970977,2,3,85.1,0.2,85.0,110,84.7,100,,,,,,,,,,,,,,,,,85.2,1,85.4,1,85.5,150,,,,,,,,,,,,,,
2026-07-01T02:01:08.199464+00:00,2026-07-01T02:01:08.199131,2,3,85.1,0.2,85.0,100,84.7,100,,,,,,,,,,,,,,,,,85.2,1,85.4,1,85.5,150,,,,,,,,,,,,,,
2026-07-01T02:01:08.209801+00:00,2026-07-01T02:01:08.202591,2,3,85.1,0.2,85.0,100,84.7,100,,,,,,,,,,,,,,,,,85.2,11,85.4,1,85.5,150,,,,,,,,,,,,,,
2026-07-01T02:01:08.486935+00:00,2026-07-01T02:01:08.486407,2,2,85.1,0.2,85.0,100,84.7,100,,,,,,,,,,,,,,,,,85.2,11,85.4,1,,,,,,,,,,,,,,,,
2026-07-01T02:01:08.497304+00:00,2026-07-01T02:01:08.493721,1,2,84.95,0.5,84.7,60,,,,,,,,,,,,,,,,,,,85.2,11,85.4,1,,,,,,,,,,,,,,,,
2026-07-01T02:01:08.549052+00:00,2026-07-01T02:01:08.542368,2,2,84.95,0.5,84.7,60,84.5,150,,,,,,,,,,,,,,,,,85.2,11,85.4,1,,,,,,,,,,,,,,,,
2026-07-01T02:01:08.600612+00:00,2026-07-01T02:01:08.595057,2,3,84.85,0.3,84.7,60,84.5,150,,,,,,,,,,,,,,,,,85.0,150,85.2,11,85.4,1,,,,,,,,,,,,,,
2026-07-01T02:01:08.692885+00:00,2026-07-01T02:01:08.683021,2,3,84.85,0.3,84.7,60,84.5,150,,,,,,,,,,,,,,,,,85.0,148,85.2,11,85.4,1,,,,,,,,,,,,,,
2026-07-01T02:01:08.713387+00:00,2026-07-01T02:01:08.710055,2,3,84.85,0.3,84.7,70,84.5,150,,,,,,,,,,,,,,,,,85.0,148,85.2,1,85.4,1,,,,,,,,,,,,,,
2026-07-01T02:01:08.898503+00:00,2026-07-01T02:01:08.893733,2,3,84.85,0.3,84.7,70,84.5,150,,,,,,,,,,,,,,,,,85.0,146,85.2,1,85.4,1,,,,,,,,,,,,,,
2026-07-01T02:01:09.094568+00:00,2026-07-01T02:01:09.088108,2,3,84.85,0.3,84.7,22,84.5,150,,,,,,,,,,,,,,,,,85.0,146,85.2,1,85.4,1,,,,,,,,,,,,,,
2026-07-01T02:01:09.115287+00:00,2026-07-01T02:01:09.109255,2,3,84.85,0.3,84.7,22,84.5,150,,,,,,,,,,,,,,,,,85.0,140,85.2,1,85.4,1,,,,,,,,,,,,,,
2026-07-01T02:01:09.218450+00:00,2026-07-01T02:01:09.217661,2,3,84.85,0.3,84.7,22,84.5,150,,,,,,,,,,,,,,,,,85.0,140,85.2,1,85.4,1,,,,,,,,,,,,,,
2026-07-01T02:01:09.321027+00:00,2026-07-01T02:01:09.320765,2,3,84.85,0.3,84.7,22,84.5,150,,,,,,,,,,,,,,,,,85.0,137,85.2,1,85.4,1,,,,,,,,,,,,,,
2026-07-01T02:01:09.485401+00:00,2026-07-01T02:01:09.484073,2,3,84.85,0.3,84.7,22,84.5,150,,,,,,,,,,,,,,,,,85.0,133,85.2,1,85.4,1,,,,,,,,,,,,,,
2026-07-01T02:01:09.536829+00:00,2026-07-01T02:01:09.532017,2,3,84.85,0.3,84.7,22,84.5,150,,,,,,,,,,,,,,,,,85.0,130,85.2,1,85.4,1,,,,,,,,,,,,,,
2026-07-01T02:01:09.639670+00:00,2026-07-01T02:01:09.632736,2,3,84.85,0.3,84.7,22,84.5,150,,,,,,,,,,,,,,,,,85.0,126,85.2,1,85.4,1,,,,,,,,,,,,,,
2026-07-01T02:01:09.731991+00:00,2026-07-01T02:01:09.725107,2,3,84.85,0.3,84.7,22,84.5,150,,,,,,,,,,,,,,,,,85.0,126,85.2,1,85.4,1,,,,,,,,,,,,,,
2026-07-01T02:01:09.773140+00:00,2026-07-01T02:01:09.770323,2,3,84.85,0.3,84.7,22,84.5,150,,,,,,,,,,,,,,,,,85.0,123,85.2,1,85.4,1,,,,,,,,,,,,,,
2026-07-01T02:01:09.826155+00:00,2026-07-01T02:01:09.825009,2,3,84.85,0.3,84.7,22,84.5,150,,,,,,,,,,,,,,,,,85.0,112,85.2,1,85.4,1,,,,,,,,,,,,,,
2026-07-01T02:01:09.908476+00:00,2026-07-01T02:01:09.907222,2,3,84.85,0.3,84.7,22,84.5,150,,,,,,,,,,,,,,,,,85.0,108,85.2,1,85.4,1,,,,,,,,,,,,,,
2026-07-01T02:01:09.990769+00:00,2026-07-01T02:01:09.982553,2,3,84.85,0.3,84.7,22,84.5,150,,,,,,,,,,,,,,,,,85.0,102,85.2,1,85.4,1,,,,,,,,,,,,,,
2026-07-01T02:01:10.136115+00:00,2026-07-01T02:01:10.131918,1,3,84.75,0.5,84.5,122,,,,,,,,,,,,,,,,,,,85.0,102,85.2,1,85.4,1,,,,,,,,,,,,,,
2026-07-01T02:01:10.239286+00:00,2026-07-01T02:01:10.231090,2,3,84.8,0.4,84.6,10,84.5,122,,,,,,,,,,,,,,,,,85.0,102,85.2,1,85.4,1,,,,,,,,,,,,,,
2026-07-01T02:01:10.259806+00:00,2026-07-01T02:01:10.256641,2,2,84.8,0.4,84.6,10,84.5,122,,,,,,,,,,,,,,,,,85.0,102,85.4,1,,,,,,,,,,,,,,,,
2026-07-01T02:01:10.321877+00:00,2026-07-01T02:01:10.320471,3,2,84.9,0.2,84.8,100,84.6,10,84.5,122,,,,,,,,,,,,,,,85.0,102,85.4,1,,,,,,,,,,,,,,,,
2026-07-01T02:01:10.373481+00:00,2026-07-01T02:01:10.372845,3,3,84.9,0.2,84.8,100,84.6,10,84.5,122,,,,,,,,,,,,,,,85.0,102,85.3,100,85.4,1,,,,,,,,,,,,,,
2026-07-01T02:01:10.743185+00:00,2026-07-01T02:01:10.739479,2,3,84.9,0.2,84.8,100,84.5,122,,,,,,,,,,,,,,,,,85.0,102,85.3,100,85.4,1,,,,,,,,,,,,,,
2026-07-01T02:01:10.753609+00:00,2026-07-01T02:01:10.743542,2,3,84.9,0.2,84.8,110,84.5,122,,,,,,,,,,,,,,,,,85.0,102,85.3,100,85.4,1,,,,,,,,,,,,,,
2026-07-01T02:01:10.856065+00:00,2026-07-01T02:01:10.851721,2,3,84.9,0.2,84.8,110,84.5,122,,,,,,,,,,,,,,,,,85.0,100,85.3,100,85.4,1,,,,,,,,,,,,,,
2026-07-01T02:01:10.948857+00:00,2026-07-01T02:01:10.938833,2,3,84.9,0.2,84.8,110,84.5,122,,,,,,,,,,,,,,,,,85.0,98,85.3,100,85.4,1,,,,,,,,,,,,,,
2026-07-01T02:01:10.990129+00:00,2026-07-01T02:01:10.989013,2,3,84.9,0.2,84.8,110,84.5,122,,,,,,,,,,,,,,,,,85.0,96,85.3,100,85.4,1,,,,,,,,,,,,,,
2026-07-01T02:01:11.250286+00:00,2026-07-01T02:01:11.248092,2,3,84.9,0.2,84.8,100,84.5,122,,,,,,,,,,,,,,,,,85.0,96,85.3,100,85.4,1,,,,,,,,,,,,,,
2026-07-01T02:01:11.260559+00:00,2026-07-01T02:01:11.252815,2,3,84.9,0.2,84.8,110,84.5,122,,,,,,,,,,,,,,,,,85.0,96,85.3,100,85.4,1,,,,,,,,,,,,,,
2026-07-01T02:01:11.291359+00:00,2026-07-01T02:01:11.284909,2,3,84.9,0.2,84.8,109,84.5,122,,,,,,,,,,,,,,,,,85.0,96,85.3,100,85.4,1,,,,,,,,,,,,,,
2026-07-01T02:01:11.496510+00:00,2026-07-01T02:01:11.495601,2,3,84.9,0.2,84.8,109,84.5,122,,,,,,,,,,,,,,,,,85.0,95,85.3,100,85.4,1,,,,,,,,,,,,,,
2026-07-01T02:01:11.506913+00:00,2026-07-01T02:01:11.499890,2,2,84.9,0.2,84.8,108,84.5,122,,,,,,,,,,,,,,,,,85.0,95,85.3,100,,,,,,,,,,,,,,,,
2026-07-01T02:01:11.538210+00:00,2026-07-01T02:01:11.537478,3,3,84.95,0.1,84.9,2,84.8,108,84.5,122,,,,,,,,,,,,,,,85.0,95,85.2,5,85.3,100,,,,,,,,,,,,,,
2026-07-01T02:01:11.651379+00:00,2026-07-01T02:01:11.650597,3,2,85.05,0.3,84.9,2,84.8,108,84.5,122,,,,,,,,,,,,,,,85.2,5,85.3,100,,,,,,,,,,,,,,,,
2026-07-01T02:01:11.661647+00:00,2026-07-01T02:01:11.651872,2,2,85.05,0.3,84.9,2,84.8,108,,,,,,,,,,,,,,,,,85.2,5,85.3,100,,,,,,,,,,,,,,,,
2026-07-01T02:01:11.712760+00:00,2026-07-01T02:01:11.712112,2,2,85.0,0.4,84.8,108,84.7,150,,,,,,,,,,,,,,,,,85.2,5,85.3,100,,,,,,,,,,,,,,,,
2026-07-01T02:01:11.764037+00:00,2026-07-01T02:01:11.759503,2,2,85.0,0.4,84.8,98,84.7,150,,,,,,,,,,,,,,,,,85.2,155,85.3,100,,,,,,,,,,,,,,,,
2026-07-01T02:01:11.876493+00:00,2026-07-01T02:01:11.872209,3,2,85.05,0.3,84.9,1,84.8,98,84.7,150,,,,,,,,,,,,,,,85.2,155,85.3,100,,,,,,,,,,,,,,,,
2026-07-01T02:01:11.927605+00:00,2026-07-01T02:01:11.924537,2,2,85.0,0.4,84.8,98,84.7,150,,,,,,,,,,,,,,,,,85.2,155,85.3,100,,,,,,,,,,,,,,,,
2026-07-01T02:01:11.978716+00:00,2026-07-01T02:01:11.978481,3,2,85.05,0.3,84.9,1,84.8,98,84.7,150,,,,,,,,,,,,,,,85.2,155,85.3,100,,,,,,,,,,,,,,,,
2026-07-01T02:01:12.174739+00:00,2026-07-01T02:01:12.164857,2,2,85.0,0.4,84.8,98,84.7,150,,,,,,,,,,,,,,,,,85.2,155,85.3,100,,,,,,,,,,,,,,,,
2026-07-01T02:01:12.247048+00:00,2026-07-01T02:01:12.241123,2,2,85.0,0.4,84.8,48,84.7,150,,,,,,,,,,,,,,,,,85.2,155,85.3,100,,,,,,,,,,,,,,,,
2026-07-01T02:01:12.753705+00:00,2026-07-01T02:01:12.749954,3,2,85.05,0.3,84.9,1,84.8,48,84.7,150,,,,,,,,,,,,,,,85.2,155,85.3,100,,,,,,,,,,,,,,,,
2026-07-01T02:01:13.280453+00:00,2026-07-01T02:01:13.274651,3,2,85.05,0.3,84.9,1,84.8,48,84.7,150,,,,,,,,,,,,,,,85.2,165,85.3,100,,,,,,,,,,,,,,,,
2026-07-01T02:01:13.435511+00:00,2026-07-01T02:01:13.426672,2,1,85.05,0.3,84.9,1,84.7,150,,,,,,,,,,,,,,,,,85.2,165,,,,,,,,,,,,,,,,,,
2026-07-01T02:01:13.445895+00:00,2026-07-01T02:01:13.443108,2,1,85.05,0.3,84.9,1,84.7,150,,,,,,,,,,,,,,,,,85.2,164,,,,,,,,,,,,,,,,,,
2026-07-01T02:01:13.487452+00:00,2026-07-01T02:01:13.479642,3,1,85.05,0.3,84.9,1,84.7,150,84.4,100,,,,,,,,,,,,,,,85.2,164,,,,,,,,,,,,,,,,,,
2026-07-01T02:01:13.539298+00:00,2026-07-01T02:01:13.532366,2,2,84.8,0.2,84.7,150,84.4,100,,,,,,,,,,,,,,,,,84.9,99,85.2,164,,,,,,,,,,,,,,,,
2026-07-01T02:01:13.601458+00:00,2026-07-01T02:01:13.598407,2,2,84.8,0.2,84.7,150,84.4,100,,,,,,,,,,,,,,,,,84.9,99,85.2,163,,,,,,,,,,,,,,,,
2026-07-01T02:01:13.768743+00:00,2026-07-01T02:01:13.767834,2,2,84.8,0.2,84.7,150,84.4,100,,,,,,,,,,,,,,,,,84.9,87,85.2,163,,,,,,,,,,,,,,,,
2026-07-01T02:01:13.789731+00:00,2026-07-01T02:01:13.789074,2,2,84.8,0.2,84.7,160,84.4,100,,,,,,,,,,,,,,,,,84.9,87,85.2,153,,,,,,,,,,,,,,,,
2026-07-01T02:01:13.893043+00:00,2026-07-01T02:01:13.886311,2,2,84.8,0.2,84.7,160,84.4,100,,,,,,,,,,,,,,,,,84.9,85,85.2,153,,,,,,,,,,,,,,,,
2026-07-01T02:01:14.100024+00:00,2026-07-01T02:01:14.099468,2,2,84.8,0.2,84.7,160,84.4,100,,,,,,,,,,,,,,,,,84.9,83,85.2,153,,,,,,,,,,,,,,,,
2026-07-01T02:01:14.295121+00:00,2026-07-01T02:01:14.293220,2,2,84.8,0.2,84.7,150,84.4,100,,,,,,,,,,,,,,,,,84.9,83,85.2,153,,,,,,,,,,,,,,,,
2026-07-01T02:01:14.305428+00:00,2026-07-01T02:01:14.297005,2,2,84.8,0.2,84.7,160,84.4,100,,,,,,,,,,,,,,,,,84.9,83,85.2,153,,,,,,,,,,,,,,,,
2026-07-01T02:01:14.315803+00:00,2026-07-01T02:01:14.310822,2,2,84.8,0.2,84.7,160,84.4,100,,,,,,,,,,,,,,,,,84.9,81,85.2,153,,,,,,,,,,,,,,,,
2026-07-01T02:01:14.357237+00:00,2026-07-01T02:01:14.347235,2,2,84.8,0.2,84.7,110,84.4,100,,,,,,,,,,,,,,,,,84.9,81,85.2,153,,,,,,,,,,,,,,,,
2026-07-01T02:01:14.429408+00:00,2026-07-01T02:01:14.423881,2,2,84.8,0.2,84.7,110,84.4,100,,,,,,,,,,,,,,,,,84.9,38,85.2,153,,,,,,,,,,,,,,,,
2026-07-01T02:01:14.615598+00:00,2026-07-01T02:01:14.605545,2,2,84.8,0.2,84.7,110,84.4,100,,,,,,,,,,,,,,,,,84.9,38,85.2,152,,,,,,,,,,,,,,,,
2026-07-01T02:01:14.810632+00:00,2026-07-01T02:01:14.804492,2,2,84.8,0.2,84.7,110,84.4,100,,,,,,,,,,,,,,,,,84.9,38,85.2,152,,,,,,,,,,,,,,,,
2026-07-01T02:01:14.820989+00:00,2026-07-01T02:01:14.814598,2,2,84.8,0.2,84.7,10,84.4,100,,,,,,,,,,,,,,,,,84.9,38,85.2,2,,,,,,,,,,,,,,,,
2026-07-01T02:01:14.872565+00:00,2026-07-01T02:01:14.871555,3,2,84.8,0.2,84.7,10,84.6,150,84.4,100,,,,,,,,,,,,,,,84.9,38,85.2,2,,,,,,,,,,,,,,,,
2026-07-01T02:01:14.934212+00:00,2026-07-01T02:01:14.924473,3,3,84.8,0.2,84.7,10,84.6,150,84.4,100,,,,,,,,,,,,,,,84.9,38,85.1,150,85.2,2,,,,,,,,,,,,,,
2026-07-01T02:01:15.315460+00:00,2026-07-01T02:01:15.312885,2,3,84.75,0.3,84.6,160,84.4,100,,,,,,,,,,,,,,,,,84.9,38,85.1,150,85.2,2,,,,,,,,,,,,,,
2026-07-01T02:01:15.511853+00:00,2026-07-01T02:01:15.510971,2,3,84.75,0.3,84.6,160,84.4,100,,,,,,,,,,,,,,,,,84.9,35,85.1,150,85.2,2,,,,,,,,,,,,,,
2026-07-01T02:01:15.645917+00:00,2026-07-01T02:01:15.643733,2,3,84.75,0.3,84.6,160,84.4,100,,,,,,,,,,,,,,,,,84.9,32,85.1,150,85.2,2,,,,,,,,,,,,,,
2026-07-01T02:01:15.677065+00:00,2026-07-01T02:01:15.667175,2,3,84.75,0.3,84.6,160,84.4,100,,,,,,,,,,,,,,,,,84.9,30,85.1,150,85.2,2,,,,,,,,,,,,,,
2026-07-01T02:01:15.790788+00:00,2026-07-01T02:01:15.780739,2,3,84.75,0.3,84.6,160,84.4,100,,,,,,,,,,,,,,,,,84.9,27,85.1,150,85.2,2,,,,,,,,,,,,,,
2026-07-01T02:01:15.821464+00:00,2026-07-01T02:01:15.821342,2,3,84.75,0.3,84.6,160,84.4,100,,,,,,,,,,,,,,,,,84.9,25,85.1,150,85.2,2,,,,,,,,,,,,,,
2026-07-01T02:01:15.903300+00:00,2026-07-01T02:01:15.899822,2,2,84.85,0.5,84.6,160,84.4,100,,,,,,,,,,,,,,,,,85.1,128,85.2,2,,,,,,,,,,,,,,,,
2026-07-01T02:01:15.955103+00:00,2026-07-01T02:01:15.953826,2,2,84.85,0.5,84.6,115,84.4,100,,,,,,,,,,,,,,,,,85.1,128,85.2,2,,,,,,,,,,,,,,,,
2026-07-01T02:01:16.286675+00:00,2026-07-01T02:01:16.279934,3,2,84.95,0.3,84.8,3,84.6,115,84.4,100,,,,,,,,,,,,,,,85.1,128,85.2,2,,,,,,,,,,,,,,,,
2026-07-01T02:01:16.327934+00:00,2026-07-01T02:01:16.325516,3,2,84.95,0.3,84.8,3,84.6,105,84.4,100,,,,,,,,,,,,,,,85.1,128,85.2,2,,,,,,,,,,,,,,,,
2026-07-01T02:01:16.338267+00:00,2026-07-01T02:01:16.329156,3,2,84.95,0.3,84.8,13,84.6,105,84.4,100,,,,,,,,,,,,,,,85.1,128,85.2,2,,,,,,,,,,,,,,,,
2026-07-01T02:01:16.473171+00:00,2026-07-01T02:01:16.471704,2,2,84.85,0.5,84.6,68,84.4,100,,,,,,,,,,,,,,,,,85.1,128,85.2,2,,,,,,,,,,,,,,,,
2026-07-01T02:01:16.607286+00:00,2026-07-01T02:01:16.598004,1,2,84.85,0.5,84.6,68,,,,,,,,,,,,,,,,,,,85.1,128,85.2,2,,,,,,,,,,,,,,,,
2026-07-01T02:01:16.658668+00:00,2026-07-01T02:01:16.653954,2,2,84.95,0.3,84.8,100,84.6,68,,,,,,,,,,,,,,,,,85.1,128,85.2,2,,,,,,,,,,,,,,,,
2026-07-01T02:01:16.679278+00:00,2026-07-01T02:01:16.671867,2,2,84.95,0.3,84.8,102,84.6,68,,,,,,,,,,,,,,,,,85.1,128,85.2,2,,,,,,,,,,,,,,,,
2026-07-01T02:01:16.710042+00:00,2026-07-01T02:01:16.705923,2,3,84.95,0.3,84.8,102,84.6,68,,,,,,,,,,,,,,,,,85.1,128,85.2,2,85.3,100,,,,,,,,,,,,,,
2026-07-01T02:01:17.287266+00:00,2026-07-01T02:01:17.285494,2,3,84.95,0.3,84.8,101,84.6,68,,,,,,,,,,,,,,,,,85.1,128,85.2,2,85.3,100,,,,,,,,,,,,,,
2026-07-01T02:01:17.720151+00:00,2026-07-01T02:01:17.717432,2,3,84.95,0.3,84.8,100,84.6,68,,,,,,,,,,,,,,,,,85.1,128,85.2,2,85.3,100,,,,,,,,,,,,,,
2026-07-01T02:01:17.853757+00:00,2026-07-01T02:01:17.846043,2,3,84.95,0.3,84.8,110,84.6,68,,,,,,,,,,,,,,,,,85.1,128,85.2,2,85.3,100,,,,,,,,,,,,,,
2026-07-01T02:01:17.987858+00:00,2026-07-01T02:01:17.979307,1,2,85.0,0.4,84.8,110,,,,,,,,,,,,,,,,,,,85.2,2,85.3,100,,,,,,,,,,,,,,,,
2026-07-01T02:01:18.039788+00:00,2026-07-01T02:01:18.031625,2,2,85.0,0.4,84.8,110,84.5,150,,,,,,,,,,,,,,,,,85.2,2,85.3,100,,,,,,,,,,,,,,,,
2026-07-01T02:01:18.101457+00:00,2026-07-01T02:01:18.100487,2,3,84.9,0.2,84.8,110,84.5,150,,,,,,,,,,,,,,,,,85.0,139,85.2,2,85.3,100,,,,,,,,,,,,,,
2026-07-01T02:01:18.359920+00:00,2026-07-01T02:01:18.354354,2,3,84.9,0.2,84.8,110,84.5,150,,,,,,,,,,,,,,,,,85.0,139,85.2,2,85.3,100,,,,,,,,,,,,,,
2026-07-01T02:01:18.585812+00:00,2026-07-01T02:01:18.577092,2,3,84.9,0.2,84.8,60,84.5,150,,,,,,,,,,,,,,,,,85.0,139,85.2,2,85.3,100,,,,,,,,,,,,,,
2026-07-01T02:01:18.698798+00:00,2026-07-01T02:01:18.695588,2,3,84.9,0.2,84.8,60,84.5,150,,,,,,,,,,,,,,,,,85.0,96,85.2,2,85.3,100,,,,,,,,,,,,,,
2026-07-01T02:01:18.864722+00:00,2026-07-01T02:01:18.861478,2,3,84.9,0.2,84.8,60,84.5,150,,,,,,,,,,,,,,,,,85.0,96,85.2,2,85.3,100,,,,,,,,,,,,,,
2026-07-01T02:01:19.400707+00:00,2026-07-01T02:01:19.397259,2,3,84.9,0.2,84.8,50,84.5,150,,,,,,,,,,,,,,,,,85.0,96,85.2,2,85.3,100,,,,,,,,,,,,,,
2026-07-01T02:01:19.411166+00:00,2026-07-01T02:01:19.403866,2,3,84.9,0.2,84.8,60,84.5,150,,,,,,,,,,,,,,,,,85.0,96,85.2,2,85.3,100,,,,,,,,,,,,,,
2026-07-01T02:01:19.761902+00:00,2026-07-01T02:01:19.761207,2,2,84.9,0.2,84.8,10,84.5,150,,,,,,,,,,,,,,,,,85.0,96,85.2,2,,,,,,,,,,,,,,,,
2026-07-01T02:01:19.823423+00:00,2026-07-01T02:01:19.813391,3,2,84.95,0.1,84.9,100,84.8,10,84.5,150,,,,,,,,,,,,,,,85.0,96,85.2,2,,,,,,,,,,,,,,,,
2026-07-01T02:01:19.874917+00:00,2026-07-01T02:01:19.866697,3,3,84.95,0.1,84.9,100,84.8,10,84.5,150,,,,,,,,,,,,,,,85.0,96,85.2,2,85.4,100,,,,,,,,,,,,,,
2026-07-01T02:01:19.916038+00:00,2026-07-01T02:01:19.912402,2,3,84.95,0.1,84.9,110,84.5,150,,,,,,,,,,,,,,,,,85.0,96,85.2,2,85.4,100,,,,,,,,,,,,,,
2026-07-01T02:01:20.206667+00:00,2026-07-01T02:01:20.200538,2,3,84.95,0.1,84.9,66,84.5,150,,,,,,,,,,,,,,,,,85.0,96,85.2,2,85.4,100,,,,,,,,,,,,,,
2026-07-01T02:01:20.422446+00:00,2026-07-01T02:01:20.419015,2,3,84.95,0.1,84.9,56,84.5,150,,,,,,,,,,,,,,,,,85.0,96,85.2,2,85.4,100,,,,,,,,,,,,,,
2026-07-01T02:01:20.432762+00:00,2026-07-01T02:01:20.423980,2,3,84.95,0.1,84.9,66,84.5,150,,,,,,,,,,,,,,,,,85.0,96,85.2,2,85.4,100,,,,,,,,,,,,,,
2026-07-01T02:01:20.689888+00:00,2026-07-01T02:01:20.683706,2,3,84.95,0.1,84.9,16,84.5,150,,,,,,,,,,,,,,,,,85.0,96,85.2,2,85.4,100,,,,,,,,,,,,,,
2026-07-01T02:01:20.936810+00:00,2026-07-01T02:01:20.934722,2,3,84.95,0.1,84.9,16,84.5,150,,,,,,,,,,,,,,,,,85.0,96,85.2,2,85.4,100,,,,,,,,,,,,,,
2026-07-01T02:01:21.148323+00:00,2026-07-01T02:01:21.139484,1,2,85.05,0.3,84.9,16,,,,,,,,,,,,,,,,,,,85.2,2,85.4,100,,,,,,,,,,,,,,,,
2026-07-01T02:01:21.210502+00:00,2026-07-01T02:01:21.206846,2,2,85.05,0.3,84.9,16,84.6,150,,,,,,,,,,,,,,,,,85.2,2,85.4,100,,,,,,,,,,,,,,,,
2026-07-01T02:01:21.262024+00:00,2026-07-01T02:01:21.257903,2,3,85.0,0.2,84.9,16,84.6,150,,,,,,,,,,,,,,,,,85.1,150,85.2,2,85.4,100,,,,,,,,,,,,,,
2026-07-01T02:01:21.446931+00:00,2026-07-01T02:01:21.445406,2,3,85.0,0.2,84.9,16,84.6,150,,,,,,,,,,,,,,,,,85.1,160,85.2,2,85.4,100,,,,,,,,,,,,,,
2026-07-01T02:01:21.951099+00:00,2026-07-01T02:01:21.949899,2,3,85.0,0.2,84.9,16,84.6,150,,,,,,,,,,,,,,,,,85.1,150,85.2,2,85.4,100,,,,,,,,,,,,,,
2026-07-01T02:01:21.961397+00:00,2026-07-01T02:01:21.959930,2,3,85.0,0.2,84.9,16,84.6,150,,,,,,,,,,,,,,,,,85.1,160,85.2,2,85.4,100,,,,,,,,,,,,,,
2026-07-01T02:01:22.485106+00:00,2026-07-01T02:01:22.480927,2,3,85.0,0.2,84.9,6,84.6,150,,,,,,,,,,,,,,,,,85.1,150,85.2,2,85.4,100,,,,,,,,,,,,,,
2026-07-01T02:01:22.495583+00:00,2026-07-01T02:01:22.488071,2,3,85.0,0.2,84.9,16,84.6,150,,,,,,,,,,,,,,,,,85.1,160,85.2,2,85.4,100,,,,,,,,,,,,,,
2026-07-01T02:01:22.741865+00:00,2026-07-01T02:01:22.739382,2,3,85.0,0.2,84.9,16,84.6,150,,,,,,,,,,,,,,,,,85.1,110,85.2,2,85.4,100,,,,,,,,,,,,,,
2026-07-01T02:01:22.926904+00:00,2026-07-01T02:01:22.922933,2,2,85.0,0.2,84.9,10,84.6,150,,,,,,,,,,,,,,,,,85.1,110,85.2,2,,,,,,,,,,,,,,,,
2026-07-01T02:01:22.947978+00:00,2026-07-01T02:01:22.947206,1,2,84.85,0.5,84.6,150,,,,,,,,,,,,,,,,,,,85.1,110,85.2,2,,,,,,,,,,,,,,,,
2026-07-01T02:01:22.978816+00:00,2026-07-01T02:01:22.975859,2,2,84.85,0.5,84.6,150,84.4,100,,,,,,,,,,,,,,,,,85.1,110,85.2,2,,,,,,,,,,,,,,,,
2026-07-01T02:01:22.999388+00:00,2026-07-01T02:01:22.992074,2,2,84.85,0.5,84.6,150,84.4,100,,,,,,,,,,,,,,,,,85.1,100,85.2,2,,,,,,,,,,,,,,,,
2026-07-01T02:01:23.050829+00:00,2026-07-01T02:01:23.045733,2,3,84.75,0.3,84.6,150,84.4,100,,,,,,,,,,,,,,,,,84.9,100,85.1,100,85.2,2,,,,,,,,,,,,,,
2026-07-01T02:01:23.512802+00:00,2026-07-01T02:01:23.505688,2,3,84.75,0.3,84.6,160,84.4,100,,,,,,,,,,,,,,,,,84.9,100,85.1,100,85.2,2,,,,,,,,,,,,,,
2026-07-01T02:01:23.811362+00:00,2026-07-01T02:01:23.806104,2,3,84.75,0.3,84.6,111,84.4,100,,,,,,,,,,,,,,,,,84.9,100,85.1,100,85.2,2,,,,,,,,,,,,,,
2026-07-01T02:01:24.016519+00:00,2026-07-01T02:01:24.009611,2,3,84.75,0.3,84.6,101,84.4,100,,,,,,,,,,,,,,,,,84.9,100,85.1,100,85.2,2,,,,,,,,,,,,,,
2026-07-01T02:01:24.268635+00:00,2026-07-01T02:01:24.268059,2,3,84.75,0.3,84.6,101,84.4,100,,,,,,,,,,,,,,,,,84.9,90,85.1,100,85.2,2,,,,,,,,,,,,,,
2026-07-01T02:01:24.320069+00:00,2026-07-01T02:01:24.312775,1,2,84.65,0.5,84.4,100,,,,,,,,,,,,,,,,,,,84.9,90,85.2,2,,,,,,,,,,,,,,,,
2026-07-01T02:01:24.371374+00:00,2026-07-01T02:01:24.364540,2,2,84.8,0.2,84.7,150,84.4,100,,,,,,,,,,,,,,,,,84.9,90,85.2,2,,,,,,,,,,,,,,,,
2026-07-01T02:01:24.422623+00:00,2026-07-01T02:01:24.417009,2,2,84.8,0.2,84.7,150,84.4,100,,,,,,,,,,,,,,,,,84.9,90,85.2,152,,,,,,,,,,,,,,,,
2026-07-01T02:01:24.463802+00:00,2026-07-01T02:01:24.462899,2,2,84.8,0.2,84.7,150,84.4,100,,,,,,,,,,,,,,,,,84.9,88,85.2,152,,,,,,,,,,,,,,,,
2026-07-01T02:01:24.525541+00:00,2026-07-01T02:01:24.515890,2,2,84.8,0.2,84.7,160,84.4,100,,,,,,,,,,,,,,,,,84.9,88,85.2,152,,,,,,,,,,,,,,,,
2026-07-01T02:01:24.679561+00:00,2026-07-01T02:01:24.674346,2,2,84.8,0.2,84.7,160,84.4,100,,,,,,,,,,,,,,,,,84.9,86,85.2,152,,,,,,,,,,,,,,,,
2026-07-01T02:01:24.853699+00:00,2026-07-01T02:01:24.853446,2,2,84.8,0.2,84.7,160,84.4,100,,,,,,,,,,,,,,,,,84.9,36,85.2,152,,,,,,,,,,,,,,,,
2026-07-01T02:01:25.028284+00:00,2026-07-01T02:01:25.023075,2,2,84.8,0.2,84.7,160,84.4,100,,,,,,,,,,,,,,,,,84.9,36,85.2,152,,,,,,,,,,,,,,,,
2026-07-01T02:01:25.530689+00:00,2026-07-01T02:01:25.527065,2,2,84.8,0.2,84.7,150,84.4,100,,,,,,,,,,,,,,,,,84.9,36,85.2,152,,,,,,,,,,,,,,,,
2026-07-01T02:01:25.541056+00:00,2026-07-01T02:01:25.534636,2,2,84.8,0.2,84.7,160,84.4,100,,,,,,,,,,,,,,,,,84.9,36,85.2,152,,,,,,,,,,,,,,,,
2026-07-01T02:01:25.581133+00:00,2026-07-01T02:01:25.580391,2,2,84.8,0.2,84.7,160,84.4,100,,,,,,,,,,,,,,,,,84.9,25,85.2,152,,,,,,,,,,,,,,,,
2026-07-01T02:01:25.982186+00:00,2026-07-01T02:01:25.981574,2,1,84.95,0.5,84.7,160,84.4,100,,,,,,,,,,,,,,,,,85.2,131,,,,,,,,,,,,,,,,,,
2026-07-01T02:01:26.065097+00:00,2026-07-01T02:01:26.064810,2,1,84.95,0.5,84.7,150,84.4,100,,,,,,,,,,,,,,,,,85.2,131,,,,,,,,,,,,,,,,,,
2026-07-01T02:01:26.075551+00:00,2026-07-01T02:01:26.069239,3,1,85.0,0.4,84.8,10,84.7,150,84.4,100,,,,,,,,,,,,,,,85.2,131,,,,,,,,,,,,,,,,,,
2026-07-01T02:01:26.106811+00:00,2026-07-01T02:01:26.099330,2,1,85.0,0.4,84.8,10,84.7,150,,,,,,,,,,,,,,,,,85.2,131,,,,,,,,,,,,,,,,,,
2026-07-01T02:01:26.158942+00:00,2026-07-01T02:01:26.151703,3,1,85.05,0.3,84.9,100,84.8,10,84.7,150,,,,,,,,,,,,,,,85.2,131,,,,,,,,,,,,,,,,,,
2026-07-01T02:01:26.210562+00:00,2026-07-01T02:01:26.204801,3,2,85.05,0.3,84.9,100,84.8,10,84.7,150,,,,,,,,,,,,,,,85.2,131,85.4,100,,,,,,,,,,,,,,,,
2026-07-01T02:01:26.488079+00:00,2026-07-01T02:01:26.485614,3,3,85.0,0.2,84.9,100,84.8,12,84.7,150,,,,,,,,,,,,,,,85.1,4,85.2,131,85.4,100,,,,,,,,,,,,,,
2026-07-01T02:01:26.580977+00:00,2026-07-01T02:01:26.576979,3,3,85.0,0.2,84.9,110,84.8,2,84.7,150,,,,,,,,,,,,,,,85.1,4,85.2,131,85.4,100,,,,,,,,,,,,,,
2026-07-01T02:01:26.901311+00:00,2026-07-01T02:01:26.892460,3,3,85.0,0.2,84.9,110,84.8,1,84.7,150,,,,,,,,,,,,,,,85.1,4,85.2,131,85.4,100,,,,,,,,,,,,,,
2026-07-01T02:01:27.086824+00:00,2026-07-01T02:01:27.084394,3,3,85.0,0.2,84.9,110,84.8,1,84.7,150,,,,,,,,,,,,,,,85.1,4,85.2,131,85.4,100,,,,,,,,,,,,,,
2026-07-01T02:01:27.477493+00:00,2026-07-01T02:01:27.473072,2,2,85.0,0.2,84.9,110,84.8,1,,,,,,,,,,,,,,,,,85.1,4,85.4,100,,,,,,,,,,,,,,,,
2026-07-01T02:01:27.529046+00:00,2026-07-01T02:01:27.526977,3,2,85.0,0.2,84.9,110,84.8,1,84.7,150,,,,,,,,,,,,,,,85.1,4,85.4,100,,,,,,,,,,,,,,,,
2026-07-01T02:01:27.580503+00:00,2026-07-01T02:01:27.578832,3,3,85.0,0.2,84.9,110,84.8,1,84.7,150,,,,,,,,,,,,,,,85.1,4,85.2,150,85.4,100,,,,,,,,,,,,,,
2026-07-01T02:01:27.590790+00:00,2026-07-01T02:01:27.588447,3,3,85.0,0.2,84.9,100,84.8,1,84.7,150,,,,,,,,,,,,,,,85.1,4,85.2,150,85.4,100,,,,,,,,,,,,,,
2026-07-01T02:01:27.601043+00:00,2026-07-01T02:01:27.594503,3,3,85.0,0.2,84.9,110,84.8,1,84.7,150,,,,,,,,,,,,,,,85.1,14,85.2,150,85.4,100,,,,,,,,,,,,,,
2026-07-01T02:01:27.735059+00:00,2026-07-01T02:01:27.728786,3,3,85.0,0.2,84.9,110,84.8,1,84.7,150,,,,,,,,,,,,,,,85.1,13,85.2,150,85.4,100,,,,,,,,,,,,,,
2026-07-01T02:01:27.910772+00:00,2026-07-01T02:01:27.910309,3,3,85.0,0.2,84.9,110,84.8,1,84.7,150,,,,,,,,,,,,,,,85.1,12,85.2,150,85.4,100,,,,,,,,,,,,,,
2026-07-01T02:01:28.106698+00:00,2026-07-01T02:01:28.104410,3,3,85.0,0.2,84.9,110,84.8,1,84.7,150,,,,,,,,,,,,,,,85.1,2,85.2,150,85.4,100,,,,,,,,,,,,,,
2026-07-01T02:01:28.117110+00:00,2026-07-01T02:01:28.107492,3,3,85.0,0.2,84.9,110,84.8,1,84.7,150,,,,,,,,,,,,,,,85.1,12,85.2,150,85.4,100,,,,,,,,,,,,,,
2026-07-01T02:01:28.517497+00:00,2026-07-01T02:01:28.508676,3,3,85.0,0.2,84.9,61,84.8,1,84.7,150,,,,,,,,,,,,,,,85.1,12,85.2,150,85.4,100,,,,,,,,,,,,,,
2026-07-01T02:01:28.621128+00:00,2026-07-01T02:01:28.616947,3,3,85.0,0.2,84.9,61,84.8,1,84.7,150,,,,,,,,,,,,,,,85.1,2,85.2,150,85.4,100,,,,,,,,,,,,,,
2026-07-01T02:01:28.733944+00:00,2026-07-01T02:01:28.728835,3,3,85.0,0.2,84.9,61,84.8,1,84.7,150,,,,,,,,,,,,,,,85.1,1,85.2,150,85.4,100,,,,,,,,,,,,,,
2026-07-01T02:01:29.126408+00:00,2026-07-01T02:01:29.122589,3,3,85.0,0.2,84.9,1,84.8,1,84.7,150,,,,,,,,,,,,,,,85.1,1,85.2,150,85.4,100,,,,,,,,,,,,,,
2026-07-01T02:01:29.136824+00:00,2026-07-01T02:01:29.131001,3,3,85.0,0.2,84.9,11,84.8,1,84.7,150,,,,,,,,,,,,,,,85.1,1,85.2,150,85.4,100,,,,,,,,,,,,,,
2026-07-01T02:01:29.260297+00:00,2026-07-01T02:01:29.259147,3,2,85.0,0.2,84.9,11,84.8,1,84.7,150,,,,,,,,,,,,,,,85.1,1,85.2,150,,,,,,,,,,,,,,,,
2026-07-01T02:01:29.270609+00:00,2026-07-01T02:01:29.261349,3,2,85.0,0.2,84.9,10,84.8,1,84.7,150,,,,,,,,,,,,,,,85.1,1,85.2,150,,,,,,,,,,,,,,,,
2026-07-01T02:01:29.321925+00:00,2026-07-01T02:01:29.318376,4,2,85.0,0.2,84.9,10,84.8,1,84.7,150,84.6,100,,,,,,,,,,,,,85.1,1,85.2,150,,,,,,,,,,,,,,,,
2026-07-01T02:01:29.383755+00:00,2026-07-01T02:01:29.373810,4,2,85.0,0.2,84.9,10,84.8,1,84.7,150,84.6,100,,,,,,,,,,,,,85.1,101,85.2,150,,,,,,,,,,,,,,,,
2026-07-01T02:01:29.642139+00:00,2026-07-01T02:01:29.638648,3,2,84.95,0.3,84.8,11,84.7,150,84.6,100,,,,,,,,,,,,,,,85.1,101,85.2,150,,,,,,,,,,,,,,,,
2026-07-01T02:01:30.146337+00:00,2026-07-01T02:01:30.146281,3,2,84.95,0.3,84.8,11,84.7,150,84.6,100,,,,,,,,,,,,,,,85.1,101,85.2,150,,,,,,,,,,,,,,,,
2026-07-01T02:01:30.638146+00:00,2026-07-01T02:01:30.634336,2,1,84.95,0.3,84.8,11,84.6,100,,,,,,,,,,,,,,,,,85.1,101,,,,,,,,,,,,,,,,,,
2026-07-01T02:01:30.658740+00:00,2026-07-01T02:01:30.653763,2,1,84.95,0.3,84.8,11,84.6,100,,,,,,,,,,,,,,,,,85.1,101,,,,,,,,,,,,,,,,,,
2026-07-01T02:01:30.689496+00:00,2026-07-01T02:01:30.686962,3,1,84.95,0.3,84.8,11,84.7,150,84.6,100,,,,,,,,,,,,,,,85.1,101,,,,,,,,,,,,,,,,,,
2026-07-01T02:01:30.740808+00:00,2026-07-01T02:01:30.739904,3,2,84.95,0.3,84.8,11,84.7,150,84.6,100,,,,,,,,,,,,,,,85.1,101,85.2,150,,,,,,,,,,,,,,,,
2026-07-01T02:01:31.163074+00:00,2026-07-01T02:01:31.161134,3,2,84.95,0.3,84.8,1,84.7,150,84.6,100,,,,,,,,,,,,,,,85.1,111,85.2,150,,,,,,,,,,,,,,,,
2026-07-01T02:01:31.183706+00:00,2026-07-01T02:01:31.174331,3,2,84.95,0.3,84.8,1,84.7,150,84.6,100,,,,,,,,,,,,,,,85.1,61,85.2,150,,,,,,,,,,,,,,,,
2026-07-01T02:01:31.667958+00:00,2026-07-01T02:01:31.665441,3,2,84.95,0.3,84.8,1,84.7,150,84.6,100,,,,,,,,,,,,,,,85.1,51,85.2,150,,,,,,,,,,,,,,,,
2026-07-01T02:01:31.678244+00:00,2026-07-01T02:01:31.669565,3,2,84.95,0.3,84.8,1,84.7,150,84.6,100,,,,,,,,,,,,,,,85.1,61,85.2,150,,,,,,,,,,,,,,,,
2026-07-01T02:01:31.688624+00:00,2026-07-01T02:01:31.678561,3,2,84.95,0.3,84.8,1,84.7,150,84.6,100,,,,,,,,,,,,,,,85.1,20,85.2,150,,,,,,,,,,,,,,,,
2026-07-01T02:01:32.183159+00:00,2026-07-01T02:01:32.175017,3,2,84.95,0.3,84.8,1,84.7,150,84.6,100,,,,,,,,,,,,,,,85.1,10,85.2,150,,,,,,,,,,,,,,,,
2026-07-01T02:01:32.193571+00:00,2026-07-01T02:01:32.188243,3,2,84.95,0.3,84.8,11,84.7,150,84.6,100,,,,,,,,,,,,,,,85.1,10,85.2,150,,,,,,,,,,,,,,,,
2026-07-01T02:01:32.296106+00:00,2026-07-01T02:01:32.287000,3,2,84.95,0.3,84.8,11,84.7,150,84.6,100,,,,,,,,,,,,,,,85.1,8,85.2,150,,,,,,,,,,,,,,,,
2026-07-01T02:01:32.429810+00:00,2026-07-01T02:01:32.428448,2,1,85.0,0.4,84.8,11,84.7,150,,,,,,,,,,,,,,,,,85.2,150,,,,,,,,,,,,,,,,,,
2026-07-01T02:01:32.491434+00:00,2026-07-01T02:01:32.481829,3,1,85.05,0.3,84.9,100,84.8,11,84.7,150,,,,,,,,,,,,,,,85.2,150,,,,,,,,,,,,,,,,,,
2026-07-01T02:01:32.542811+00:00,2026-07-01T02:01:32.534987,3,2,85.05,0.3,84.9,100,84.8,11,84.7,150,,,,,,,,,,,,,,,85.2,150,85.4,100,,,,,,,,,,,,,,,,
2026-07-01T02:01:32.696651+00:00,2026-07-01T02:01:32.695947,3,2,85.05,0.3,84.9,110,84.8,1,84.7,150,,,,,,,,,,,,,,,85.2,150,85.4,100,,,,,,,,,,,,,,,,
2026-07-01T02:01:32.861207+00:00,2026-07-01T02:01:32.853221,3,3,85.0,0.2,84.9,110,84.8,1,84.7,150,,,,,,,,,,,,,,,85.1,2,85.2,150,85.4,100,,,,,,,,,,,,,,
2026-07-01T02:01:33.200314+00:00,2026-07-01T02:01:33.200240,3,3,85.0,0.2,84.9,100,84.8,1,84.7,150,,,,,,,,,,,,,,,85.1,2,85.2,150,85.4,100,,,,,,,,,,,,,,
2026-07-01T02:01:33.210585+00:00,2026-07-01T02:01:33.203865,3,3,85.0,0.2,84.9,110,84.8,1,84.7,150,,,,,,,,,,,,,,,85.1,2,85.2,150,85.4,100,,,,,,,,,,,,,,
2026-07-01T02:01:33.262040+00:00,2026-07-01T02:01:33.252251,3,3,85.0,0.2,84.9,67,84.8,1,84.7,150,,,,,,,,,,,,,,,85.1,2,85.2,150,85.4,100,,,,,,,,,,,,,,
2026-07-01T02:01:33.282543+00:00,2026-07-01T02:01:33.282484,3,2,85.05,0.3,84.9,67,84.8,1,84.7,150,,,,,,,,,,,,,,,85.2,102,85.4,100,,,,,,,,,,,,,,,,
2026-07-01T02:01:33.302985+00:00,2026-07-01T02:01:33.302457,3,3,85.0,0.2,84.9,67,84.8,1,84.7,150,,,,,,,,,,,,,,,85.1,2,85.2,102,85.4,100,,,,,,,,,,,,,,
2026-07-01T02:01:33.713884+00:00,2026-07-01T02:01:33.708036,3,3,85.0,0.2,84.9,57,84.8,1,84.7,150,,,,,,,,,,,,,,,85.1,2,85.2,102,85.4,100,,,,,,,,,,,,,,
2026-07-01T02:01:33.724206+00:00,2026-07-01T02:01:33.715824,3,3,85.0,0.2,84.9,67,84.8,1,84.7,150,,,,,,,,,,,,,,,85.1,2,85.2,102,85.4,100,,,,,,,,,,,,,,
2026-07-01T02:01:33.796056+00:00,2026-07-01T02:01:33.794685,2,2,85.0,0.2,84.9,67,84.8,1,,,,,,,,,,,,,,,,,85.1,2,85.4,100,,,,,,,,,,,,,,,,
2026-07-01T02:01:33.847490+00:00,2026-07-01T02:01:33.846547,3,2,85.05,0.1,85.0,150,84.9,67,84.8,1,,,,,,,,,,,,,,,85.1,2,85.4,100,,,,,,,,,,,,,,,,
2026-07-01T02:01:33.898799+00:00,2026-07-01T02:01:33.898645,3,3,85.05,0.1,85.0,150,84.9,67,84.8,1,,,,,,,,,,,,,,,85.1,2,85.4,100,85.5,150,,,,,,,,,,,,,,
2026-07-01T02:01:34.217364+00:00,2026-07-01T02:01:34.210605,3,2,85.2,0.4,85.0,150,84.9,67,84.8,1,,,,,,,,,,,,,,,85.4,54,85.5,150,,,,,,,,,,,,,,,,
2026-07-01T02:01:34.227649+00:00,2026-07-01T02:01:34.223477,3,3,85.15,0.3,85.0,150,84.9,57,84.8,1,,,,,,,,,,,,,,,85.3,10,85.4,54,85.5,150,,,,,,,,,,,,,,
2026-07-01T02:01:34.237980+00:00,2026-07-01T02:01:34.228500,3,4,85.05,0.1,85.0,150,84.9,57,84.8,1,,,,,,,,,,,,,,,85.1,3,85.3,10,85.4,54,85.5,150,,,,,,,,,,,,
2026-07-01T02:01:34.505333+00:00,2026-07-01T02:01:34.499879,3,4,85.05,0.1,85.0,150,84.9,57,84.8,1,,,,,,,,,,,,,,,85.1,2,85.3,10,85.4,54,85.5,150,,,,,,,,,,,,
2026-07-01T02:01:34.702307+00:00,2026-07-01T02:01:34.697324,3,4,85.05,0.1,85.0,106,84.9,57,84.8,1,,,,,,,,,,,,,,,85.1,2,85.3,10,85.4,54,85.5,150,,,,,,,,,,,,
2026-07-01T02:01:34.733403+00:00,2026-07-01T02:01:34.730799,3,3,85.05,0.1,85.0,116,84.9,57,84.8,1,,,,,,,,,,,,,,,85.1,2,85.4,54,85.5,150,,,,,,,,,,,,,,
2026-07-01T02:01:34.743828+00:00,2026-07-01T02:01:34.735363,3,3,85.05,0.1,85.0,116,84.9,57,84.8,1,,,,,,,,,,,,,,,85.1,12,85.4,54,85.5,150,,,,,,,,,,,,,,
2026-07-01T02:01:34.764689+00:00,2026-07-01T02:01:34.760730,3,3,85.05,0.1,85.0,116,84.9,57,84.8,1,,,,,,,,,,,,,,,85.1,11,85.4,54,85.5,150,,,,,,,,,,,,,,
2026-07-01T02:01:35.249702+00:00,2026-07-01T02:01:35.247581,3,3,85.05,0.1,85.0,116,84.9,57,84.8,1,,,,,,,,,,,,,,,85.1,11,85.4,54,85.5,150,,,,,,,,,,,,,,
2026-07-01T02:01:35.403760+00:00,2026-07-01T02:01:35.396884,3,2,85.2,0.4,85.0,116,84.9,57,84.8,1,,,,,,,,,,,,,,,85.4,15,85.5,150,,,,,,,,,,,,,,,,
2026-07-01T02:01:35.557931+00:00,2026-07-01T02:01:35.548407,3,3,85.05,0.1,85.0,116,84.9,57,84.8,1,,,,,,,,,,,,,,,85.1,1,85.4,15,85.5,150,,,,,,,,,,,,,,
2026-07-01T02:01:35.568209+00:00,2026-07-01T02:01:35.560433,3,2,85.2,0.4,85.0,116,84.9,57,84.8,1,,,,,,,,,,,,,,,85.4,15,85.5,150,,,,,,,,,,,,,,,,
2026-07-01T02:01:35.578482+00:00,2026-07-01T02:01:35.570412,3,3,85.1,0.2,85.0,116,84.9,57,84.8,1,,,,,,,,,,,,,,,85.2,1,85.4,15,85.5,150,,,,,,,,,,,,,,
2026-07-01T02:01:35.588779+00:00,2026-07-01T02:01:35.588258,3,2,85.1,0.2,85.0,116,84.9,57,84.8,1,,,,,,,,,,,,,,,85.2,1,85.5,150,,,,,,,,,,,,,,,,
2026-07-01T02:01:35.599029+00:00,2026-07-01T02:01:35.590014,2,2,85.1,0.2,85.0,116,84.8,1,,,,,,,,,,,,,,,,,85.2,1,85.5,150,,,,,,,,,,,,,,,,
2026-07-01T02:01:35.650238+00:00,2026-07-01T02:01:35.642427,2,2,85.1,0.2,85.0,216,84.8,1,,,,,,,,,,,,,,,,,85.2,1,85.5,150,,,,,,,,,,,,,,,,
2026-07-01T02:01:35.701258+00:00,2026-07-01T02:01:35.695068,2,2,85.1,0.2,85.0,216,84.8,1,,,,,,,,,,,,,,,,,85.2,1,85.5,250,,,,,,,,,,,,,,,,
2026-07-01T02:01:35.773617+00:00,2026-07-01T02:01:35.771850,2,2,85.1,0.2,85.0,206,84.8,1,,,,,,,,,,,,,,,,,85.2,1,85.5,250,,,,,,,,,,,,,,,,
2026-07-01T02:01:35.794455+00:00,2026-07-01T02:01:35.789465,2,2,85.1,0.2,85.0,216,84.8,1,,,,,,,,,,,,,,,,,85.2,1,85.5,250,,,,,,,,,,,,,,,,
2026-07-01T02:01:36.020822+00:00,2026-07-01T02:01:36.014602,2,1,85.25,0.5,85.0,216,84.8,1,,,,,,,,,,,,,,,,,85.5,250,,,,,,,,,,,,,,,,,,
2026-07-01T02:01:36.089852+00:00,2026-07-01T02:01:36.087918,2,1,85.25,0.5,85.0,212,84.8,1,,,,,,,,,,,,,,,,,85.5,250,,,,,,,,,,,,,,,,,,
2026-07-01T02:01:36.305254+00:00,2026-07-01T02:01:36.300406,2,1,85.25,0.5,85.0,208,84.8,1,,,,,,,,,,,,,,,,,85.5,250,,,,,,,,,,,,,,,,,,
2026-07-01T02:01:36.315647+00:00,2026-07-01T02:01:36.308726,2,1,85.25,0.5,85.0,198,84.8,1,,,,,,,,,,,,,,,,,85.5,250,,,,,,,,,,,,,,,,,,
2026-07-01T02:01:36.522458+00:00,2026-07-01T02:01:36.520466,2,1,85.25,0.5,85.0,194,84.8,1,,,,,,,,,,,,,,,,,85.5,250,,,,,,,,,,,,,,,,,,
2026-07-01T02:01:36.737860+00:00,2026-07-01T02:01:36.730914,2,1,85.25,0.5,85.0,190,84.8,1,,,,,,,,,,,,,,,,,85.5,250,,,,,,,,,,,,,,,,,,
2026-07-01T02:01:36.984253+00:00,2026-07-01T02:01:36.978861,2,1,85.25,0.5,85.0,100,84.8,1,,,,,,,,,,,,,,,,,85.5,100,,,,,,,,,,,,,,,,,,
2026-07-01T02:01:36.994566+00:00,2026-07-01T02:01:36.988887,2,1,85.25,0.5,85.0,97,84.8,1,,,,,,,,,,,,,,,,,85.5,100,,,,,,,,,,,,,,,,,,
2026-07-01T02:01:37.027909+00:00,2026-07-01T02:01:37.027199,2,1,85.25,0.5,85.0,86,84.8,1,,,,,,,,,,,,,,,,,85.5,100,,,,,,,,,,,,,,,,,,
2026-07-01T02:01:37.038366+00:00,2026-07-01T02:01:37.037346,3,1,85.25,0.5,85.0,86,84.8,1,84.7,150,,,,,,,,,,,,,,,85.5,100,,,,,,,,,,,,,,,,,,
2026-07-01T02:01:37.089741+00:00,2026-07-01T02:01:37.087818,3,2,85.1,0.2,85.0,86,84.8,1,84.7,150,,,,,,,,,,,,,,,85.2,150,85.5,100,,,,,,,,,,,,,,,,
2026-07-01T02:01:37.325276+00:00,2026-07-01T02:01:37.323243,3,2,85.1,0.2,85.0,96,84.8,1,84.7,150,,,,,,,,,,,,,,,85.2,150,85.5,100,,,,,,,,,,,,,,,,
2026-07-01T02:01:37.335549+00:00,2026-07-01T02:01:37.326805,3,2,85.1,0.2,85.0,96,84.8,1,84.7,150,,,,,,,,,,,,,,,85.2,160,85.5,100,,,,,,,,,,,,,,,,
2026-07-01T02:01:37.510345+00:00,2026-07-01T02:01:37.502840,3,2,85.1,0.2,85.0,96,84.8,1,84.7,150,,,,,,,,,,,,,,,85.2,110,85.5,100,,,,,,,,,,,,,,,,
2026-07-01T02:01:37.634016+00:00,2026-07-01T02:01:37.624275,3,2,85.1,0.2,85.0,96,84.8,1,84.7,150,,,,,,,,,,,,,,,85.2,63,85.5,100,,,,,,,,,,,,,,,,
2026-07-01T02:01:37.838540+00:00,2026-07-01T02:01:37.835487,3,2,85.1,0.2,85.0,96,84.8,1,84.7,150,,,,,,,,,,,,,,,85.2,53,85.5,100,,,,,,,,,,,,,,,,
2026-07-01T02:01:38.341087+00:00,2026-07-01T02:01:38.340285,3,2,85.1,0.2,85.0,86,84.8,1,84.7,150,,,,,,,,,,,,,,,85.2,53,85.5,100,,,,,,,,,,,,,,,,
2026-07-01T02:01:38.351342+00:00,2026-07-01T02:01:38.344945,3,2,85.1,0.2,85.0,96,84.8,1,84.7,150,,,,,,,,,,,,,,,85.2,53,85.5,100,,,,,,,,,,,,,,,,
2026-07-01T02:01:38.751874+00:00,2026-07-01T02:01:38.750134,3,1,85.1,0.2,85.0,10,84.8,1,84.7,150,,,,,,,,,,,,,,,85.2,53,,,,,,,,,,,,,,,,,,
2026-07-01T02:01:38.813786+00:00,2026-07-01T02:01:38.805981,3,1,85.1,0.2,85.0,110,84.8,1,84.7,150,,,,,,,,,,,,,,,85.2,53,,,,,,,,,,,,,,,,,,
2026-07-01T02:01:38.854827+00:00,2026-07-01T02:01:38.852432,3,1,85.1,0.2,85.0,110,84.8,1,84.7,150,,,,,,,,,,,,,,,85.2,53,,,,,,,,,,,,,,,,,,
2026-07-01T02:01:38.865086+00:00,2026-07-01T02:01:38.856652,3,2,85.1,0.2,85.0,110,84.8,1,84.7,150,,,,,,,,,,,,,,,85.2,53,85.4,100,,,,,,,,,,,,,,,,
2026-07-01T02:01:39.050035+00:00,2026-07-01T02:01:39.043356,3,2,85.1,0.2,85.0,110,84.8,1,84.7,150,,,,,,,,,,,,,,,85.2,10,85.4,100,,,,,,,,,,,,,,,,
2026-07-01T02:01:39.356992+00:00,2026-07-01T02:01:39.356317,3,2,85.1,0.2,85.0,100,84.8,1,84.7,150,,,,,,,,,,,,,,,85.2,10,85.4,100,,,,,,,,,,,,,,,,
2026-07-01T02:01:39.387875+00:00,2026-07-01T02:01:39.386701,3,2,85.1,0.2,85.0,110,84.8,1,84.7,150,,,,,,,,,,,,,,,85.2,10,85.4,100,,,,,,,,,,,,,,,,
2026-07-01T02:01:39.646244+00:00,2026-07-01T02:01:39.636577,3,1,85.2,0.4,85.0,110,84.8,1,84.7,150,,,,,,,,,,,,,,,85.4,60,,,,,,,,,,,,,,,,,,
2026-07-01T02:01:39.728375+00:00,2026-07-01T02:01:39.723775,3,1,85.2,0.4,85.0,63,84.8,1,84.7,150,,,,,,,,,,,,,,,85.4,60,,,,,,,,,,,,,,,,,,
2026-07-01T02:01:39.779856+00:00,2026-07-01T02:01:39.770492,3,2,85.1,0.2,85.0,63,84.8,1,84.7,150,,,,,,,,,,,,,,,85.2,2,85.4,60,,,,,,,,,,,,,,,,
2026-07-01T02:01:39.893578+00:00,2026-07-01T02:01:39.892864,3,2,85.1,0.2,85.0,53,84.8,1,84.7,150,,,,,,,,,,,,,,,85.2,2,85.4,60,,,,,,,,,,,,,,,,
2026-07-01T02:01:39.903944+00:00,2026-07-01T02:01:39.896194,3,2,85.1,0.2,85.0,63,84.8,1,84.7,150,,,,,,,,,,,,,,,85.2,2,85.4,60,,,,,,,,,,,,,,,,
2026-07-01T02:01:40.150472+00:00,2026-07-01T02:01:40.141404,2,2,85.1,0.2,85.0,63,84.8,1,,,,,,,,,,,,,,,,,85.2,2,85.4,60,,,,,,,,,,,,,,,,
2026-07-01T02:01:40.214001+00:00,2026-07-01T02:01:40.212889,3,1,85.35,0.1,85.3,125,85.0,63,84.8,1,,,,,,,,,,,,,,,85.4,60,,,,,,,,,,,,,,,,,,
2026-07-01T02:01:40.255061+00:00,2026-07-01T02:01:40.248381,3,2,85.35,0.1,85.3,125,85.0,63,84.8,1,,,,,,,,,,,,,,,85.4,60,85.8,150,,,,,,,,,,,,,,,,
2026-07-01T02:01:40.408790+00:00,2026-07-01T02:01:40.403439,3,2,85.35,0.1,85.3,125,85.0,53,84.8,1,,,,,,,,,,,,,,,85.4,70,85.8,150,,,,,,,,,,,,,,,,
2026-07-01T02:01:40.768549+00:00,2026-07-01T02:01:40.763918,3,2,85.35,0.1,85.3,85,85.0,53,84.8,1,,,,,,,,,,,,,,,85.4,70,85.8,150,,,,,,,,,,,,,,,,
2026-07-01T02:01:40.912813+00:00,2026-07-01T02:01:40.912108,3,2,85.35,0.1,85.3,85,85.0,53,84.8,1,,,,,,,,,,,,,,,85.4,70,85.8,150,,,,,,,,,,,,,,,,
2026-07-01T02:01:41.316224+00:00,2026-07-01T02:01:41.315394,3,2,85.35,0.1,85.3,62,85.0,53,84.8,1,,,,,,,,,,,,,,,85.4,70,85.8,150,,,,,,,,,,,,,,,,
2026-07-01T02:01:41.326664+00:00,2026-07-01T02:01:41.322808,3,2,85.35,0.1,85.3,59,85.0,53,84.8,1,,,,,,,,,,,,,,,85.4,70,85.8,150,,,,,,,,,,,,,,,,
2026-07-01T02:01:41.368087+00:00,2026-07-01T02:01:41.360652,3,2,85.35,0.1,85.3,59,85.0,53,84.8,1,,,,,,,,,,,,,,,85.4,21,85.8,150,,,,,,,,,,,,,,,,
2026-07-01T02:01:41.419616+00:00,2026-07-01T02:01:41.416401,3,2,85.35,0.1,85.3,17,85.0,53,84.8,1,,,,,,,,,,,,,,,85.4,11,85.8,150,,,,,,,,,,,,,,,,
2026-07-01T02:01:41.430007+00:00,2026-07-01T02:01:41.420348,3,2,85.35,0.1,85.3,17,85.0,53,84.8,1,,,,,,,,,,,,,,,85.4,21,85.8,150,,,,,,,,,,,,,,,,
2026-07-01T02:01:41.543399+00:00,2026-07-01T02:01:41.534741,3,2,85.35,0.1,85.3,14,85.0,53,84.8,1,,,,,,,,,,,,,,,85.4,21,85.8,150,,,,,,,,,,,,,,,,
2026-07-01T02:01:41.553777+00:00,2026-07-01T02:01:41.552037,2,2,85.35,0.1,85.3,14,85.0,53,,,,,,,,,,,,,,,,,85.4,21,85.8,150,,,,,,,,,,,,,,,,
2026-07-01T02:01:41.749990+00:00,2026-07-01T02:01:41.748245,2,1,85.55,0.5,85.3,14,85.0,53,,,,,,,,,,,,,,,,,85.8,121,,,,,,,,,,,,,,,,,,
2026-07-01T02:01:41.916328+00:00,2026-07-01T02:01:41.910723,1,1,85.55,0.5,85.3,14,,,,,,,,,,,,,,,,,,,85.8,121,,,,,,,,,,,,,,,,,,
2026-07-01T02:01:41.926692+00:00,2026-07-01T02:01:41.926130,1,2,85.5,0.4,85.3,14,,,,,,,,,,,,,,,,,,,85.7,10,85.8,121,,,,,,,,,,,,,,,,
2026-07-01T02:01:41.967901+00:00,2026-07-01T02:01:41.962835,2,2,85.5,0.4,85.3,14,85.0,100,,,,,,,,,,,,,,,,,85.7,10,85.8,121,,,,,,,,,,,,,,,,
2026-07-01T02:01:42.019517+00:00,2026-07-01T02:01:42.017181,2,3,85.4,0.2,85.3,14,85.0,100,,,,,,,,,,,,,,,,,85.5,100,85.7,10,85.8,121,,,,,,,,,,,,,,
2026-07-01T02:01:42.440753+00:00,2026-07-01T02:01:42.438370,2,2,85.4,0.2,85.3,14,85.0,100,,,,,,,,,,,,,,,,,85.5,110,85.8,121,,,,,,,,,,,,,,,,
2026-07-01T02:01:42.946344+00:00,2026-07-01T02:01:42.945673,2,2,85.4,0.2,85.3,14,85.0,100,,,,,,,,,,,,,,,,,85.5,110,85.8,121,,,,,,,,,,,,,,,,
2026-07-01T02:01:43.215750+00:00,2026-07-01T02:01:43.206787,2,2,85.4,0.2,85.3,14,85.0,100,,,,,,,,,,,,,,,,,85.5,109,85.8,121,,,,,,,,,,,,,,,,
2026-07-01T02:01:43.308286+00:00,2026-07-01T02:01:43.305238,1,1,85.25,0.5,85.0,100,,,,,,,,,,,,,,,,,,,85.5,109,,,,,,,,,,,,,,,,,,
2026-07-01T02:01:43.359586+00:00,2026-07-01T02:01:43.358505,2,1,85.25,0.5,85.0,100,84.9,150,,,,,,,,,,,,,,,,,85.5,109,,,,,,,,,,,,,,,,,,
2026-07-01T02:01:43.421071+00:00,2026-07-01T02:01:43.420639,2,2,85.2,0.4,85.0,100,84.9,150,,,,,,,,,,,,,,,,,85.4,147,85.5,109,,,,,,,,,,,,,,,,
2026-07-01T02:01:43.452123+00:00,2026-07-01T02:01:43.449905,2,2,85.2,0.4,85.0,100,84.9,150,,,,,,,,,,,,,,,,,85.4,147,85.5,99,,,,,,,,,,,,,,,,
2026-07-01T02:01:43.669121+00:00,2026-07-01T02:01:43.663833,2,2,85.2,0.4,85.0,100,84.9,150,,,,,,,,,,,,,,,,,85.4,143,85.5,99,,,,,,,,,,,,,,,,
2026-07-01T02:01:43.853685+00:00,2026-07-01T02:01:43.849213,2,2,85.2,0.4,85.0,104,84.9,150,,,,,,,,,,,,,,,,,85.4,143,85.5,99,,,,,,,,,,,,,,,,
2026-07-01T02:01:43.935909+00:00,2026-07-01T02:01:43.930213,2,2,85.2,0.4,85.0,54,84.9,150,,,,,,,,,,,,,,,,,85.4,143,85.5,99,,,,,,,,,,,,,,,,
2026-07-01T02:01:43.966908+00:00,2026-07-01T02:01:43.958236,2,3,85.15,0.3,85.0,54,84.9,150,,,,,,,,,,,,,,,,,85.3,10,85.4,143,85.5,99,,,,,,,,,,,,,,
2026-07-01T02:01:44.182345+00:00,2026-07-01T02:01:44.179867,2,2,85.2,0.4,85.0,54,84.9,150,,,,,,,,,,,,,,,,,85.4,113,85.5,99,,,,,,,,,,,,,,,,
2026-07-01T02:01:44.244352+00:00,2026-07-01T02:01:44.243827,2,2,85.2,0.4,85.0,11,84.9,150,,,,,,,,,,,,,,,,,85.4,113,85.5,99,,,,,,,,,,,,,,,,
2026-07-01T02:01:44.470718+00:00,2026-07-01T02:01:44.464726,2,3,85.15,0.3,85.0,11,84.9,150,,,,,,,,,,,,,,,,,85.3,10,85.4,113,85.5,99,,,,,,,,,,,,,,
2026-07-01T02:01:44.563622+00:00,2026-07-01T02:01:44.554274,2,3,85.15,0.3,85.0,10,84.9,150,,,,,,,,,,,,,,,,,85.3,10,85.4,113,85.5,99,,,,,,,,,,,,,,
2026-07-01T02:01:44.727870+00:00,2026-07-01T02:01:44.722782,2,2,85.2,0.4,85.0,10,84.9,150,,,,,,,,,,,,,,,,,85.4,83,85.5,99,,,,,,,,,,,,,,,,
2026-07-01T02:01:45.089890+00:00,2026-07-01T02:01:45.082551,2,1,85.2,0.4,85.0,3,84.9,150,,,,,,,,,,,,,,,,,85.4,83,,,,,,,,,,,,,,,,,,
2026-07-01T02:01:45.131110+00:00,2026-07-01T02:01:45.129377,3,1,85.2,0.4,85.0,3,84.9,150,84.6,100,,,,,,,,,,,,,,,85.4,83,,,,,,,,,,,,,,,,,,
2026-07-01T02:01:45.182794+00:00,2026-07-01T02:01:45.181821,3,2,85.05,0.1,85.0,3,84.9,150,84.6,100,,,,,,,,,,,,,,,85.1,100,85.4,83,,,,,,,,,,,,,,,,
2026-07-01T02:01:45.250759+00:00,2026-07-01T02:01:45.249847,3,2,85.05,0.1,85.0,3,84.9,150,84.6,100,,,,,,,,,,,,,,,85.1,54,85.4,83,,,,,,,,,,,,,,,,
2026-07-01T02:01:45.489303+00:00,2026-07-01T02:01:45.485461,3,2,85.05,0.1,85.0,13,84.9,150,84.6,100,,,,,,,,,,,,,,,85.1,54,85.4,83,,,,,,,,,,,,,,,,
2026-07-01T02:01:45.520482+00:00,2026-07-01T02:01:45.518457,3,2,85.05,0.1,85.0,13,84.9,150,84.6,100,,,,,,,,,,,,,,,85.1,52,85.4,83,,,,,,,,,,,,,,,,
2026-07-01T02:01:45.674154+00:00,2026-07-01T02:01:45.670684,3,2,85.05,0.1,85.0,12,84.9,150,84.6,100,,,,,,,,,,,,,,,85.1,52,85.4,83,,,,,,,,,,,,,,,,
2026-07-01T02:01:45.745740+00:00,2026-07-01T02:01:45.736057,3,2,85.05,0.1,85.0,12,84.9,150,84.6,100,,,,,,,,,,,,,,,85.1,50,85.4,83,,,,,,,,,,,,,,,,
2026-07-01T02:01:45.992392+00:00,2026-07-01T02:01:45.987835,3,1,85.2,0.4,85.0,12,84.9,150,84.6,100,,,,,,,,,,,,,,,85.4,83,,,,,,,,,,,,,,,,,,
2026-07-01T02:01:46.002770+00:00,2026-07-01T02:01:45.996662,4,1,85.25,0.3,85.1,10,85.0,2,84.9,150,84.6,100,,,,,,,,,,,,,85.4,83,,,,,,,,,,,,,,,,,,
2026-07-01T02:01:46.177250+00:00,2026-07-01T02:01:46.168066,4,2,85.2,0.2,85.1,10,85.0,2,84.9,150,84.6,100,,,,,,,,,,,,,85.3,5,85.4,83,,,,,,,,,,,,,,,,
2026-07-01T02:01:46.474322+00:00,2026-07-01T02:01:46.468361,3,1,85.2,0.2,85.1,10,85.0,2,84.6,100,,,,,,,,,,,,,,,85.3,5,,,,,,,,,,,,,,,,,,
2026-07-01T02:01:46.505283+00:00,2026-07-01T02:01:46.504010,3,1,85.2,0.2,85.1,10,85.0,2,84.6,100,,,,,,,,,,,,,,,85.3,5,,,,,,,,,,,,,,,,,,
2026-07-01T02:01:46.525784+00:00,2026-07-01T02:01:46.523086,4,0,,,85.3,145,85.1,10,85.0,2,84.6,100,,,,,,,,,,,,,,,,,,,,,,,,,,,,,,,,
2026-07-01T02:01:46.587177+00:00,2026-07-01T02:01:46.586540,4,1,85.55,0.5,85.3,122,85.1,10,85.0,2,84.6,100,,,,,,,,,,,,,85.8,150,,,,,,,,,,,,,,,,,,
2026-07-01T02:01:46.608110+00:00,2026-07-01T02:01:46.599495,4,1,85.55,0.5,85.3,117,85.1,10,85.0,2,84.6,100,,,,,,,,,,,,,85.8,150,,,,,,,,,,,,,,,,,,
2026-07-01T02:01:46.814474+00:00,2026-07-01T02:01:46.809829,4,1,85.55,0.5,85.3,112,85.1,10,85.0,2,84.6,100,,,,,,,,,,,,,85.8,150,,,,,,,,,,,,,,,,,,
2026-07-01T02:01:46.907675+00:00,2026-07-01T02:01:46.901927,4,1,85.55,0.5,85.3,108,85.1,10,85.0,2,84.6,100,,,,,,,,,,,,,85.8,150,,,,,,,,,,,,,,,,,,
