recv_time,book_timestamp,n_bids,n_asks,mid,spread,bid_px_0,bid_vol_0,bid_px_1,bid_vol_1,bid_px_2,bid_vol_2,bid_px_3,bid_vol_3,bid_px_4,bid_vol_4,bid_px_5,bid_vol_5,bid_px_6,bid_vol_6,bid_px_7,bid_vol_7,bid_px_8,bid_vol_8,bid_px_9,bid_vol_9,ask_px_0,ask_vol_0,ask_px_1,ask_vol_1,ask_px_2,ask_vol_2,ask_px_3,ask_vol_3,ask_px_4,ask_vol_4,ask_px_5,ask_vol_5,ask_px_6,ask_vol_6,ask_px_7,ask_vol_7,ask_px_8,ask_vol_8,ask_px_9,ask_vol_9
2026-07-06T01:00:00.465230+00:00,2026-07-06T01:00:00.363935,2,2,164.5,0.2,164.4,89,164.1,100,,,,,,,,,,,,,,,,,164.6,100,164.9,150,,,,,,,,,,,,,,,,
2026-07-06T01:00:01.350455+00:00,2026-07-06T01:00:01.350367,1,1,164.35,0.5,164.1,100,,,,,,,,,,,,,,,,,,,164.6,100,,,,,,,,,,,,,,,,,,
2026-07-06T01:00:01.405699+00:00,2026-07-06T01:00:01.405584,1,1,164.35,0.5,164.1,250,,,,,,,,,,,,,,,,,,,164.6,100,,,,,,,,,,,,,,,,,,
2026-07-06T01:00:01.464667+00:00,2026-07-06T01:00:01.447956,1,1,164.35,0.5,164.1,250,,,,,,,,,,,,,,,,,,,164.6,250,,,,,,,,,,,,,,,,,,
2026-07-06T01:00:01.938266+00:00,2026-07-06T01:00:01.938161,1,1,164.35,0.5,164.1,150,,,,,,,,,,,,,,,,,,,164.6,150,,,,,,,,,,,,,,,,,,
2026-07-06T01:00:02.012911+00:00,2026-07-06T01:00:01.986790,2,1,164.35,0.5,164.1,150,163.9,100,,,,,,,,,,,,,,,,,164.6,150,,,,,,,,,,,,,,,,,,
2026-07-06T01:00:02.046300+00:00,2026-07-06T01:00:02.046375,2,2,164.25,0.3,164.1,150,163.9,100,,,,,,,,,,,,,,,,,164.4,100,164.6,150,,,,,,,,,,,,,,,,
2026-07-06T01:00:02.479452+00:00,2026-07-06T01:00:02.479390,2,2,164.25,0.3,164.1,100,163.9,100,,,,,,,,,,,,,,,,,164.4,100,164.6,150,,,,,,,,,,,,,,,,
2026-07-06T01:00:04.513754+00:00,2026-07-06T01:00:04.513639,2,1,164.25,0.3,164.1,100,163.9,100,,,,,,,,,,,,,,,,,164.4,100,,,,,,,,,,,,,,,,,,
2026-07-06T01:00:04.518848+00:00,2026-07-06T01:00:04.518796,1,1,164.15,0.5,163.9,100,,,,,,,,,,,,,,,,,,,164.4,100,,,,,,,,,,,,,,,,,,
2026-07-06T01:00:04.581707+00:00,2026-07-06T01:00:04.581521,2,1,164.15,0.5,163.9,100,163.6,150,,,,,,,,,,,,,,,,,164.4,100,,,,,,,,,,,,,,,,,,
2026-07-06T01:00:04.607776+00:00,2026-07-06T01:00:04.607734,2,1,164.15,0.5,163.9,50,163.6,150,,,,,,,,,,,,,,,,,164.4,100,,,,,,,,,,,,,,,,,,
2026-07-06T01:00:04.634201+00:00,2026-07-06T01:00:04.634132,2,2,164.0,0.2,163.9,50,163.6,150,,,,,,,,,,,,,,,,,164.1,150,164.4,100,,,,,,,,,,,,,,,,
2026-07-06T01:00:05.101099+00:00,2026-07-06T01:00:05.101246,1,1,163.85,0.5,163.6,150,,,,,,,,,,,,,,,,,,,164.1,150,,,,,,,,,,,,,,,,,,
2026-07-06T01:00:05.158599+00:00,2026-07-06T01:00:05.154825,1,1,163.85,0.5,163.6,250,,,,,,,,,,,,,,,,,,,164.1,150,,,,,,,,,,,,,,,,,,
2026-07-06T01:00:05.213749+00:00,2026-07-06T01:00:05.213698,1,1,163.85,0.5,163.6,250,,,,,,,,,,,,,,,,,,,164.1,250,,,,,,,,,,,,,,,,,,
2026-07-06T01:00:05.432951+00:00,2026-07-06T01:00:05.432811,1,1,163.85,0.5,163.6,209,,,,,,,,,,,,,,,,,,,164.1,250,,,,,,,,,,,,,,,,,,
2026-07-06T01:00:06.360015+00:00,2026-07-06T01:00:06.355683,1,1,163.85,0.5,163.6,209,,,,,,,,,,,,,,,,,,,164.1,239,,,,,,,,,,,,,,,,,,
2026-07-06T01:00:06.716226+00:00,2026-07-06T01:00:06.716358,1,1,163.85,0.5,163.6,159,,,,,,,,,,,,,,,,,,,164.1,239,,,,,,,,,,,,,,,,,,
2026-07-06T01:00:07.430743+00:00,2026-07-06T01:00:07.430600,1,1,163.85,0.5,163.6,159,,,,,,,,,,,,,,,,,,,164.1,192,,,,,,,,,,,,,,,,,,
2026-07-06T01:00:07.565361+00:00,2026-07-06T01:00:07.560091,1,1,163.85,0.5,163.6,159,,,,,,,,,,,,,,,,,,,164.1,180,,,,,,,,,,,,,,,,,,
2026-07-06T01:00:07.688314+00:00,2026-07-06T01:00:07.688200,1,1,163.85,0.5,163.6,100,,,,,,,,,,,,,,,,,,,164.1,100,,,,,,,,,,,,,,,,,,
2026-07-06T01:00:07.742391+00:00,2026-07-06T01:00:07.742472,2,1,163.95,0.3,163.8,150,163.6,100,,,,,,,,,,,,,,,,,164.1,100,,,,,,,,,,,,,,,,,,
2026-07-06T01:00:07.795185+00:00,2026-07-06T01:00:07.795071,2,2,163.95,0.3,163.8,150,163.6,100,,,,,,,,,,,,,,,,,164.1,100,164.3,150,,,,,,,,,,,,,,,,
2026-07-06T01:00:08.268892+00:00,2026-07-06T01:00:08.268845,1,1,164.05,0.5,163.8,150,,,,,,,,,,,,,,,,,,,164.3,150,,,,,,,,,,,,,,,,,,
2026-07-06T01:00:08.321964+00:00,2026-07-06T01:00:08.321897,2,1,164.1,0.4,163.9,100,163.8,150,,,,,,,,,,,,,,,,,164.3,150,,,,,,,,,,,,,,,,,,
2026-07-06T01:00:08.374105+00:00,2026-07-06T01:00:08.374070,2,2,164.1,0.4,163.9,100,163.8,150,,,,,,,,,,,,,,,,,164.3,150,164.4,100,,,,,,,,,,,,,,,,
2026-07-06T01:00:08.830278+00:00,2026-07-06T01:00:08.830138,2,2,164.1,0.4,163.9,50,163.8,150,,,,,,,,,,,,,,,,,164.3,150,164.4,100,,,,,,,,,,,,,,,,
2026-07-06T01:00:10.848735+00:00,2026-07-06T01:00:10.848903,1,1,164.15,0.5,163.9,50,,,,,,,,,,,,,,,,,,,164.4,100,,,,,,,,,,,,,,,,,,
2026-07-06T01:00:10.898593+00:00,2026-07-06T01:00:10.893591,2,1,164.15,0.5,163.9,50,163.8,150,,,,,,,,,,,,,,,,,164.4,100,,,,,,,,,,,,,,,,,,
2026-07-06T01:00:10.938105+00:00,2026-07-06T01:00:10.938003,1,1,164.1,0.6,163.8,150,,,,,,,,,,,,,,,,,,,164.4,100,,,,,,,,,,,,,,,,,,
2026-07-06T01:00:10.956258+00:00,2026-07-06T01:00:10.956182,1,2,164.05,0.5,163.8,150,,,,,,,,,,,,,,,,,,,164.3,150,164.4,100,,,,,,,,,,,,,,,,
2026-07-06T01:00:11.464174+00:00,2026-07-06T01:00:11.463853,1,1,164.05,0.5,163.8,150,,,,,,,,,,,,,,,,,,,164.3,150,,,,,,,,,,,,,,,,,,
2026-07-06T01:00:11.493692+00:00,2026-07-06T01:00:11.480454,2,1,164.05,0.5,163.8,150,163.6,100,,,,,,,,,,,,,,,,,164.3,150,,,,,,,,,,,,,,,,,,
2026-07-06T01:00:11.564144+00:00,2026-07-06T01:00:11.563914,2,2,163.95,0.3,163.8,150,163.6,100,,,,,,,,,,,,,,,,,164.1,100,164.3,150,,,,,,,,,,,,,,,,
2026-07-06T01:00:11.962221+00:00,2026-07-06T01:00:11.846512,2,2,163.95,0.3,163.8,150,163.6,100,,,,,,,,,,,,,,,,,164.1,78,164.3,150,,,,,,,,,,,,,,,,
2026-07-06T01:00:12.081323+00:00,2026-07-06T01:00:12.081244,2,2,163.95,0.3,163.8,109,163.6,100,,,,,,,,,,,,,,,,,164.1,78,164.3,150,,,,,,,,,,,,,,,,
2026-07-06T01:00:12.125488+00:00,2026-07-06T01:00:12.120089,2,2,163.95,0.3,163.8,109,163.6,100,,,,,,,,,,,,,,,,,164.1,52,164.3,150,,,,,,,,,,,,,,,,
2026-07-06T01:00:13.085660+00:00,2026-07-06T01:00:13.085567,2,2,163.95,0.3,163.8,109,163.6,100,,,,,,,,,,,,,,,,,164.1,9,164.3,150,,,,,,,,,,,,,,,,
2026-07-06T01:00:14.010720+00:00,2026-07-06T01:00:14.010581,1,1,163.85,0.5,163.6,100,,,,,,,,,,,,,,,,,,,164.1,9,,,,,,,,,,,,,,,,,,
2026-07-06T01:00:14.064794+00:00,2026-07-06T01:00:14.064715,2,1,163.9,0.4,163.7,150,163.6,100,,,,,,,,,,,,,,,,,164.1,9,,,,,,,,,,,,,,,,,,
2026-07-06T01:00:14.116835+00:00,2026-07-06T01:00:14.116730,2,2,163.9,0.4,163.7,150,163.6,100,,,,,,,,,,,,,,,,,164.1,9,164.2,150,,,,,,,,,,,,,,,,
2026-07-06T01:00:14.588103+00:00,2026-07-06T01:00:14.587985,1,1,163.95,0.5,163.7,150,,,,,,,,,,,,,,,,,,,164.2,150,,,,,,,,,,,,,,,,,,
2026-07-06T01:00:14.643531+00:00,2026-07-06T01:00:14.643442,2,1,164.05,0.3,163.9,100,163.7,150,,,,,,,,,,,,,,,,,164.2,150,,,,,,,,,,,,,,,,,,
2026-07-06T01:00:14.674855+00:00,2026-07-06T01:00:14.674989,2,1,164.05,0.3,163.9,57,163.7,150,,,,,,,,,,,,,,,,,164.2,150,,,,,,,,,,,,,,,,,,
2026-07-06T01:00:14.696772+00:00,2026-07-06T01:00:14.696643,2,2,164.05,0.3,163.9,57,163.7,150,,,,,,,,,,,,,,,,,164.2,150,164.4,100,,,,,,,,,,,,,,,,
2026-07-06T01:00:15.099879+00:00,2026-07-06T01:00:15.100105,2,2,164.05,0.3,163.9,57,163.7,150,,,,,,,,,,,,,,,,,164.2,100,164.4,100,,,,,,,,,,,,,,,,
2026-07-06T01:00:17.172143+00:00,2026-07-06T01:00:17.172044,1,1,164.15,0.5,163.9,57,,,,,,,,,,,,,,,,,,,164.4,100,,,,,,,,,,,,,,,,,,
2026-07-06T01:00:17.213459+00:00,2026-07-06T01:00:17.213416,1,1,164.15,0.5,163.9,57,,,,,,,,,,,,,,,,,,,164.4,50,,,,,,,,,,,,,,,,,,
2026-07-06T01:00:17.225834+00:00,2026-07-06T01:00:17.225725,2,1,164.15,0.5,163.9,57,163.8,150,,,,,,,,,,,,,,,,,164.4,50,,,,,,,,,,,,,,,,,,
2026-07-06T01:00:17.275117+00:00,2026-07-06T01:00:17.275001,2,2,164.1,0.4,163.9,57,163.8,150,,,,,,,,,,,,,,,,,164.3,150,164.4,50,,,,,,,,,,,,,,,,
2026-07-06T01:00:17.758645+00:00,2026-07-06T01:00:17.750191,1,1,164.05,0.5,163.8,150,,,,,,,,,,,,,,,,,,,164.3,150,,,,,,,,,,,,,,,,,,
2026-07-06T01:00:17.802294+00:00,2026-07-06T01:00:17.802190,2,1,164.25,0.1,164.2,100,163.8,150,,,,,,,,,,,,,,,,,164.3,150,,,,,,,,,,,,,,,,,,
2026-07-06T01:00:17.876488+00:00,2026-07-06T01:00:17.876348,2,2,164.25,0.1,164.2,100,163.8,150,,,,,,,,,,,,,,,,,164.3,150,164.7,100,,,,,,,,,,,,,,,,
2026-07-06T01:00:19.732428+00:00,2026-07-06T01:00:19.732357,2,2,164.25,0.1,164.2,57,163.8,150,,,,,,,,,,,,,,,,,164.3,150,164.7,100,,,,,,,,,,,,,,,,
2026-07-06T01:00:20.299562+00:00,2026-07-06T01:00:20.293975,2,2,164.25,0.1,164.2,46,163.8,150,,,,,,,,,,,,,,,,,164.3,150,164.7,100,,,,,,,,,,,,,,,,
2026-07-06T01:00:20.328013+00:00,2026-07-06T01:00:20.327952,2,1,164.45,0.5,164.2,46,163.8,150,,,,,,,,,,,,,,,,,164.7,100,,,,,,,,,,,,,,,,,,
2026-07-06T01:00:20.333208+00:00,2026-07-06T01:00:20.333149,1,1,164.45,0.5,164.2,46,,,,,,,,,,,,,,,,,,,164.7,100,,,,,,,,,,,,,,,,,,
2026-07-06T01:00:20.384494+00:00,2026-07-06T01:00:20.384448,2,1,164.45,0.5,164.2,46,163.9,150,,,,,,,,,,,,,,,,,164.7,100,,,,,,,,,,,,,,,,,,
2026-07-06T01:00:20.436826+00:00,2026-07-06T01:00:20.436714,2,2,164.3,0.2,164.2,46,163.9,150,,,,,,,,,,,,,,,,,164.4,150,164.7,100,,,,,,,,,,,,,,,,
2026-07-06T01:00:20.930068+00:00,2026-07-06T01:00:20.930222,1,1,164.15,0.5,163.9,150,,,,,,,,,,,,,,,,,,,164.4,150,,,,,,,,,,,,,,,,,,
2026-07-06T01:00:20.987656+00:00,2026-07-06T01:00:20.987521,2,1,164.15,0.5,163.9,150,163.8,100,,,,,,,,,,,,,,,,,164.4,150,,,,,,,,,,,,,,,,,,
2026-07-06T01:00:21.040175+00:00,2026-07-06T01:00:21.040122,2,2,164.1,0.4,163.9,150,163.8,100,,,,,,,,,,,,,,,,,164.3,100,164.4,150,,,,,,,,,,,,,,,,
2026-07-06T01:00:21.433219+00:00,2026-07-06T01:00:21.433104,2,2,164.1,0.4,163.9,150,163.8,100,,,,,,,,,,,,,,,,,164.3,50,164.4,150,,,,,,,,,,,,,,,,
2026-07-06T01:00:23.490338+00:00,2026-07-06T01:00:23.490307,1,1,164.05,0.5,163.8,100,,,,,,,,,,,,,,,,,,,164.3,50,,,,,,,,,,,,,,,,,,
2026-07-06T01:00:23.539376+00:00,2026-07-06T01:00:23.539293,1,0,,,163.8,100,,,,,,,,,,,,,,,,,,,,,,,,,,,,,,,,,,,,,,
2026-07-06T01:00:23.544584+00:00,2026-07-06T01:00:23.544536,1,0,,,163.8,250,,,,,,,,,,,,,,,,,,,,,,,,,,,,,,,,,,,,,,
2026-07-06T01:00:23.598409+00:00,2026-07-06T01:00:23.598339,1,1,164.05,0.5,163.8,250,,,,,,,,,,,,,,,,,,,164.3,150,,,,,,,,,,,,,,,,,,
2026-07-06T01:00:24.094881+00:00,2026-07-06T01:00:24.094801,1,1,164.05,0.5,163.8,150,,,,,,,,,,,,,,,,,,,164.3,150,,,,,,,,,,,,,,,,,,
2026-07-06T01:00:24.148368+00:00,2026-07-06T01:00:24.148223,2,1,164.15,0.3,164.0,100,163.8,150,,,,,,,,,,,,,,,,,164.3,150,,,,,,,,,,,,,,,,,,
2026-07-06T01:00:24.201447+00:00,2026-07-06T01:00:24.201355,2,2,164.15,0.3,164.0,100,163.8,150,,,,,,,,,,,,,,,,,164.3,150,164.5,100,,,,,,,,,,,,,,,,
2026-07-06T01:00:25.648684+00:00,2026-07-06T01:00:25.648545,2,2,164.15,0.3,164.0,100,163.8,150,,,,,,,,,,,,,,,,,164.3,100,164.5,100,,,,,,,,,,,,,,,,
2026-07-06T01:00:26.513108+00:00,2026-07-06T01:00:26.513053,2,2,164.15,0.3,164.0,100,163.8,150,,,,,,,,,,,,,,,,,164.3,54,164.5,100,,,,,,,,,,,,,,,,
2026-07-06T01:00:26.652052+00:00,2026-07-06T01:00:26.652196,1,1,164.25,0.5,164.0,100,,,,,,,,,,,,,,,,,,,164.5,100,,,,,,,,,,,,,,,,,,
2026-07-06T01:00:26.717487+00:00,2026-07-06T01:00:26.711504,2,1,164.4,0.2,164.3,139,164.0,100,,,,,,,,,,,,,,,,,164.5,100,,,,,,,,,,,,,,,,,,
2026-07-06T01:00:26.759929+00:00,2026-07-06T01:00:26.760076,2,2,164.4,0.2,164.3,139,164.0,100,,,,,,,,,,,,,,,,,164.5,100,164.8,150,,,,,,,,,,,,,,,,
2026-07-06T01:00:27.255678+00:00,2026-07-06T01:00:27.255876,1,1,164.55,0.5,164.3,139,,,,,,,,,,,,,,,,,,,164.8,150,,,,,,,,,,,,,,,,,,
2026-07-06T01:00:27.311807+00:00,2026-07-06T01:00:27.311690,2,1,164.55,0.5,164.3,139,164.1,100,,,,,,,,,,,,,,,,,164.8,150,,,,,,,,,,,,,,,,,,
2026-07-06T01:00:27.365505+00:00,2026-07-06T01:00:27.365679,2,2,164.45,0.3,164.3,139,164.1,100,,,,,,,,,,,,,,,,,164.6,100,164.8,150,,,,,,,,,,,,,,,,
2026-07-06T01:00:27.754214+00:00,2026-07-06T01:00:27.754117,2,2,164.45,0.3,164.3,139,164.1,100,,,,,,,,,,,,,,,,,164.6,50,164.8,150,,,,,,,,,,,,,,,,
2026-07-06T01:00:28.206528+00:00,2026-07-06T01:00:28.199377,2,2,164.45,0.3,164.3,127,164.1,100,,,,,,,,,,,,,,,,,164.6,50,164.8,150,,,,,,,,,,,,,,,,
2026-07-06T01:00:29.815919+00:00,2026-07-06T01:00:29.815829,1,1,164.35,0.5,164.1,100,,,,,,,,,,,,,,,,,,,164.6,50,,,,,,,,,,,,,,,,,,
2026-07-06T01:00:29.858626+00:00,2026-07-06T01:00:29.858036,1,0,,,164.1,100,,,,,,,,,,,,,,,,,,,,,,,,,,,,,,,,,,,,,,
2026-07-06T01:00:29.870520+00:00,2026-07-06T01:00:29.870445,1,0,,,164.1,250,,,,,,,,,,,,,,,,,,,,,,,,,,,,,,,,,,,,,,
2026-07-06T01:00:29.920064+00:00,2026-07-06T01:00:29.920024,1,1,164.35,0.5,164.1,250,,,,,,,,,,,,,,,,,,,164.6,150,,,,,,,,,,,,,,,,,,
2026-07-06T01:00:30.420270+00:00,2026-07-06T01:00:30.420140,1,1,164.35,0.5,164.1,150,,,,,,,,,,,,,,,,,,,164.6,150,,,,,,,,,,,,,,,,,,
2026-07-06T01:00:30.473125+00:00,2026-07-06T01:00:30.473014,2,1,164.45,0.3,164.3,100,164.1,150,,,,,,,,,,,,,,,,,164.6,150,,,,,,,,,,,,,,,,,,
2026-07-06T01:00:30.526653+00:00,2026-07-06T01:00:30.526586,2,2,164.45,0.3,164.3,100,164.1,150,,,,,,,,,,,,,,,,,164.6,150,164.8,100,,,,,,,,,,,,,,,,
2026-07-06T01:00:31.970398+00:00,2026-07-06T01:00:31.970304,2,2,164.45,0.3,164.3,100,164.1,150,,,,,,,,,,,,,,,,,164.6,100,164.8,100,,,,,,,,,,,,,,,,
2026-07-06T01:00:32.185255+00:00,2026-07-06T01:00:32.185354,2,2,164.45,0.3,164.3,56,164.1,150,,,,,,,,,,,,,,,,,164.6,100,164.8,100,,,,,,,,,,,,,,,,
2026-07-06T01:00:32.977194+00:00,2026-07-06T01:00:32.977165,2,1,164.55,0.5,164.3,56,164.1,150,,,,,,,,,,,,,,,,,164.8,100,,,,,,,,,,,,,,,,,,
2026-07-06T01:00:32.982436+00:00,2026-07-06T01:00:32.982350,1,1,164.55,0.5,164.3,56,,,,,,,,,,,,,,,,,,,164.8,100,,,,,,,,,,,,,,,,,,
2026-07-06T01:00:33.051953+00:00,2026-07-06T01:00:33.051813,2,1,164.6,0.4,164.4,150,164.3,56,,,,,,,,,,,,,,,,,164.8,100,,,,,,,,,,,,,,,,,,
2026-07-06T01:00:33.096302+00:00,2026-07-06T01:00:33.096169,2,2,164.6,0.4,164.4,150,164.3,56,,,,,,,,,,,,,,,,,164.8,100,164.9,150,,,,,,,,,,,,,,,,
2026-07-06T01:00:33.468650+00:00,2026-07-06T01:00:33.462954,2,2,164.6,0.4,164.4,139,164.3,56,,,,,,,,,,,,,,,,,164.8,100,164.9,150,,,,,,,,,,,,,,,,
2026-07-06T01:00:33.580152+00:00,2026-07-06T01:00:33.580107,1,1,164.65,0.5,164.4,139,,,,,,,,,,,,,,,,,,,164.9,150,,,,,,,,,,,,,,,,,,
2026-07-06T01:00:33.645638+00:00,2026-07-06T01:00:33.645531,2,1,164.65,0.5,164.4,139,164.1,100,,,,,,,,,,,,,,,,,164.9,150,,,,,,,,,,,,,,,,,,
2026-07-06T01:00:33.702522+00:00,2026-07-06T01:00:33.702435,2,2,164.5,0.2,164.4,139,164.1,100,,,,,,,,,,,,,,,,,164.6,100,164.9,150,,,,,,,,,,,,,,,,
2026-07-06T01:00:34.076168+00:00,2026-07-06T01:00:34.076318,2,2,164.5,0.2,164.4,139,164.1,100,,,,,,,,,,,,,,,,,164.6,50,164.9,150,,,,,,,,,,,,,,,,
2026-07-06T01:00:36.150198+00:00,2026-07-06T01:00:36.150131,2,1,164.5,0.2,164.4,139,164.1,100,,,,,,,,,,,,,,,,,164.6,50,,,,,,,,,,,,,,,,,,
2026-07-06T01:00:36.158609+00:00,2026-07-06T01:00:36.155332,1,1,164.35,0.5,164.1,100,,,,,,,,,,,,,,,,,,,164.6,50,,,,,,,,,,,,,,,,,,
2026-07-06T01:00:36.205830+00:00,2026-07-06T01:00:36.205661,2,1,164.45,0.3,164.3,150,164.1,100,,,,,,,,,,,,,,,,,164.6,50,,,,,,,,,,,,,,,,,,
2026-07-06T01:00:36.236834+00:00,2026-07-06T01:00:36.236715,2,1,164.45,0.3,164.3,100,164.1,100,,,,,,,,,,,,,,,,,164.6,50,,,,,,,,,,,,,,,,,,
2026-07-06T01:00:36.258280+00:00,2026-07-06T01:00:36.258402,2,2,164.45,0.3,164.3,100,164.1,100,,,,,,,,,,,,,,,,,164.6,50,164.8,150,,,,,,,,,,,,,,,,
2026-07-06T01:00:36.293653+00:00,2026-07-06T01:00:36.293784,2,2,164.45,0.3,164.3,100,164.1,100,,,,,,,,,,,,,,,,,164.6,3,164.8,150,,,,,,,,,,,,,,,,
2026-07-06T01:00:36.758616+00:00,2026-07-06T01:00:36.756993,1,1,164.55,0.5,164.3,100,,,,,,,,,,,,,,,,,,,164.8,150,,,,,,,,,,,,,,,,,,
2026-07-06T01:00:36.824005+00:00,2026-07-06T01:00:36.823910,2,1,164.7,0.2,164.6,100,164.3,100,,,,,,,,,,,,,,,,,164.8,150,,,,,,,,,,,,,,,,,,
2026-07-06T01:00:36.877423+00:00,2026-07-06T01:00:36.877348,2,2,164.7,0.2,164.6,100,164.3,100,,,,,,,,,,,,,,,,,164.8,150,165.1,100,,,,,,,,,,,,,,,,
2026-07-06T01:00:37.268880+00:00,2026-07-06T01:00:37.268770,2,2,164.7,0.2,164.6,54,164.3,100,,,,,,,,,,,,,,,,,164.8,150,165.1,100,,,,,,,,,,,,,,,,
2026-07-06T01:00:37.391133+00:00,2026-07-06T01:00:37.384571,2,2,164.7,0.2,164.6,42,164.3,100,,,,,,,,,,,,,,,,,164.8,150,165.1,100,,,,,,,,,,,,,,,,
2026-07-06T01:00:38.343554+00:00,2026-07-06T01:00:38.343415,1,2,164.55,0.5,164.3,92,,,,,,,,,,,,,,,,,,,164.8,150,165.1,100,,,,,,,,,,,,,,,,
2026-07-06T01:00:39.313688+00:00,2026-07-06T01:00:39.313661,0,1,,,,,,,,,,,,,,,,,,,,,,,165.1,100,,,,,,,,,,,,,,,,,,
2026-07-06T01:00:39.370484+00:00,2026-07-06T01:00:39.370361,1,1,164.55,1.1,164.0,150,,,,,,,,,,,,,,,,,,,165.1,100,,,,,,,,,,,,,,,,,,
2026-07-06T01:00:39.422763+00:00,2026-07-06T01:00:39.422857,1,2,164.25,0.5,164.0,150,,,,,,,,,,,,,,,,,,,164.5,150,165.1,100,,,,,,,,,,,,,,,,
2026-07-06T01:00:39.931011+00:00,2026-07-06T01:00:39.931104,1,1,164.25,0.5,164.0,150,,,,,,,,,,,,,,,,,,,164.5,150,,,,,,,,,,,,,,,,,,
2026-07-06T01:00:39.984190+00:00,2026-07-06T01:00:39.984276,2,1,164.35,0.3,164.2,100,164.0,150,,,,,,,,,,,,,,,,,164.5,150,,,,,,,,,,,,,,,,,,
2026-07-06T01:00:40.037801+00:00,2026-07-06T01:00:40.037736,2,2,164.35,0.3,164.2,100,164.0,150,,,,,,,,,,,,,,,,,164.5,150,164.7,100,,,,,,,,,,,,,,,,
2026-07-06T01:00:40.458783+00:00,2026-07-06T01:00:40.458675,2,2,164.35,0.3,164.2,50,164.0,150,,,,,,,,,,,,,,,,,164.5,150,164.7,100,,,,,,,,,,,,,,,,
2026-07-06T01:00:42.440887+00:00,2026-07-06T01:00:42.440816,2,2,164.35,0.3,164.2,7,164.0,150,,,,,,,,,,,,,,,,,164.5,150,164.7,100,,,,,,,,,,,,,,,,
2026-07-06T01:00:42.475298+00:00,2026-07-06T01:00:42.475253,2,1,164.45,0.5,164.2,7,164.0,150,,,,,,,,,,,,,,,,,164.7,100,,,,,,,,,,,,,,,,,,
2026-07-06T01:00:42.480470+00:00,2026-07-06T01:00:42.480433,1,1,164.45,0.5,164.2,7,,,,,,,,,,,,,,,,,,,164.7,100,,,,,,,,,,,,,,,,,,
2026-07-06T01:00:42.533627+00:00,2026-07-06T01:00:42.533752,2,1,164.45,0.5,164.2,7,164.0,150,,,,,,,,,,,,,,,,,164.7,100,,,,,,,,,,,,,,,,,,
2026-07-06T01:00:42.558788+00:00,2026-07-06T01:00:42.558663,1,1,164.35,0.7,164.0,107,,,,,,,,,,,,,,,,,,,164.7,100,,,,,,,,,,,,,,,,,,
2026-07-06T01:00:42.587704+00:00,2026-07-06T01:00:42.587589,1,2,164.25,0.5,164.0,107,,,,,,,,,,,,,,,,,,,164.5,150,164.7,100,,,,,,,,,,,,,,,,
2026-07-06T01:00:43.066706+00:00,2026-07-06T01:00:43.066599,1,2,164.25,0.5,164.0,107,,,,,,,,,,,,,,,,,,,164.5,110,164.7,100,,,,,,,,,,,,,,,,
2026-07-06T01:00:43.091932+00:00,2026-07-06T01:00:43.091798,1,1,164.25,0.5,164.0,107,,,,,,,,,,,,,,,,,,,164.5,110,,,,,,,,,,,,,,,,,,
2026-07-06T01:00:43.145809+00:00,2026-07-06T01:00:43.145716,2,1,164.25,0.5,164.0,107,163.8,100,,,,,,,,,,,,,,,,,164.5,110,,,,,,,,,,,,,,,,,,
2026-07-06T01:00:43.199086+00:00,2026-07-06T01:00:43.199003,2,2,164.15,0.3,164.0,107,163.8,100,,,,,,,,,,,,,,,,,164.3,100,164.5,110,,,,,,,,,,,,,,,,
2026-07-06T01:00:44.663026+00:00,2026-07-06T01:00:44.658869,2,2,164.15,0.3,164.0,57,163.8,100,,,,,,,,,,,,,,,,,164.3,88,164.5,110,,,,,,,,,,,,,,,,
2026-07-06T01:00:45.641993+00:00,2026-07-06T01:00:45.641909,1,1,164.05,0.5,163.8,100,,,,,,,,,,,,,,,,,,,164.3,88,,,,,,,,,,,,,,,,,,
2026-07-06T01:00:45.694848+00:00,2026-07-06T01:00:45.694818,1,1,164.05,0.5,163.8,250,,,,,,,,,,,,,,,,,,,164.3,88,,,,,,,,,,,,,,,,,,
2026-07-06T01:00:45.758633+00:00,2026-07-06T01:00:45.752814,1,1,164.05,0.5,163.8,250,,,,,,,,,,,,,,,,,,,164.3,238,,,,,,,,,,,,,,,,,,
2026-07-06T01:00:46.258812+00:00,2026-07-06T01:00:46.258765,1,1,164.05,0.5,163.8,150,,,,,,,,,,,,,,,,,,,164.3,150,,,,,,,,,,,,,,,,,,
2026-07-06T01:00:46.308265+00:00,2026-07-06T01:00:46.308159,2,1,164.1,0.4,163.9,100,163.8,150,,,,,,,,,,,,,,,,,164.3,150,,,,,,,,,,,,,,,,,,
2026-07-06T01:00:46.358574+00:00,2026-07-06T01:00:46.357135,2,2,164.1,0.4,163.9,100,163.8,150,,,,,,,,,,,,,,,,,164.3,150,164.4,100,,,,,,,,,,,,,,,,
2026-07-06T01:00:46.908418+00:00,2026-07-06T01:00:46.908356,2,2,164.1,0.4,163.9,100,163.8,150,,,,,,,,,,,,,,,,,164.3,104,164.4,100,,,,,,,,,,,,,,,,
2026-07-06T01:00:47.886371+00:00,2026-07-06T01:00:47.880814,2,2,164.1,0.4,163.9,100,163.8,150,,,,,,,,,,,,,,,,,164.3,93,164.4,100,,,,,,,,,,,,,,,,
2026-07-06T01:00:48.415170+00:00,2026-07-06T01:00:48.415340,2,2,164.1,0.4,163.9,100,163.8,150,,,,,,,,,,,,,,,,,164.3,46,164.4,100,,,,,,,,,,,,,,,,
2026-07-06T01:00:48.806055+00:00,2026-07-06T01:00:48.806260,1,1,164.15,0.5,163.9,100,,,,,,,,,,,,,,,,,,,164.4,100,,,,,,,,,,,,,,,,,,
2026-07-06T01:00:48.828145+00:00,2026-07-06T01:00:48.828054,1,1,164.15,0.5,163.9,100,,,,,,,,,,,,,,,,,,,164.4,50,,,,,,,,,,,,,,,,,,
2026-07-06T01:00:48.864015+00:00,2026-07-06T01:00:48.863825,2,1,164.35,0.1,164.3,150,163.9,100,,,,,,,,,,,,,,,,,164.4,50,,,,,,,,,,,,,,,,,,
2026-07-06T01:00:48.915969+00:00,2026-07-06T01:00:48.915899,2,2,164.35,0.1,164.3,150,163.9,100,,,,,,,,,,,,,,,,,164.4,50,164.8,150,,,,,,,,,,,,,,,,
2026-07-06T01:00:49.414976+00:00,2026-07-06T01:00:49.414863,1,1,164.55,0.5,164.3,150,,,,,,,,,,,,,,,,,,,164.8,150,,,,,,,,,,,,,,,,,,
2026-07-06T01:00:49.470721+00:00,2026-07-06T01:00:49.470648,2,1,164.55,0.5,164.3,150,164.1,100,,,,,,,,,,,,,,,,,164.8,150,,,,,,,,,,,,,,,,,,
2026-07-06T01:00:49.524031+00:00,2026-07-06T01:00:49.523876,2,2,164.45,0.3,164.3,150,164.1,100,,,,,,,,,,,,,,,,,164.6,100,164.8,150,,,,,,,,,,,,,,,,
2026-07-06T01:00:50.932848+00:00,2026-07-06T01:00:50.932995,2,2,164.45,0.3,164.3,150,164.1,100,,,,,,,,,,,,,,,,,164.6,50,164.8,150,,,,,,,,,,,,,,,,
2026-07-06T01:00:51.972774+00:00,2026-07-06T01:00:51.972713,1,1,164.35,0.5,164.1,100,,,,,,,,,,,,,,,,,,,164.6,50,,,,,,,,,,,,,,,,,,
2026-07-06T01:00:52.028768+00:00,2026-07-06T01:00:52.028709,2,1,164.45,0.3,164.3,150,164.1,100,,,,,,,,,,,,,,,,,164.6,50,,,,,,,,,,,,,,,,,,
2026-07-06T01:00:52.081598+00:00,2026-07-06T01:00:52.081497,2,2,164.45,0.3,164.3,150,164.1,100,,,,,,,,,,,,,,,,,164.6,50,164.8,150,,,,,,,,,,,,,,,,
2026-07-06T01:00:52.579356+00:00,2026-07-06T01:00:52.579249,1,1,164.55,0.5,164.3,150,,,,,,,,,,,,,,,,,,,164.8,150,,,,,,,,,,,,,,,,,,
2026-07-06T01:00:52.633923+00:00,2026-07-06T01:00:52.633850,1,1,164.55,0.5,164.3,250,,,,,,,,,,,,,,,,,,,164.8,150,,,,,,,,,,,,,,,,,,
2026-07-06T01:00:52.686373+00:00,2026-07-06T01:00:52.686270,1,1,164.55,0.5,164.3,250,,,,,,,,,,,,,,,,,,,164.8,250,,,,,,,,,,,,,,,,,,
2026-07-06T01:00:53.042240+00:00,2026-07-06T01:00:53.042377,1,1,164.55,0.5,164.3,250,,,,,,,,,,,,,,,,,,,164.8,200,,,,,,,,,,,,,,,,,,
2026-07-06T01:00:55.136483+00:00,2026-07-06T01:00:55.136422,1,1,164.55,0.5,164.3,250,,,,,,,,,,,,,,,,,,,164.8,100,,,,,,,,,,,,,,,,,,
2026-07-06T01:00:55.141517+00:00,2026-07-06T01:00:55.141605,1,1,164.55,0.5,164.3,100,,,,,,,,,,,,,,,,,,,164.8,100,,,,,,,,,,,,,,,,,,
2026-07-06T01:00:55.192474+00:00,2026-07-06T01:00:55.192421,2,1,164.6,0.4,164.4,150,164.3,100,,,,,,,,,,,,,,,,,164.8,100,,,,,,,,,,,,,,,,,,
2026-07-06T01:00:55.197821+00:00,2026-07-06T01:00:55.197700,2,1,164.6,0.4,164.4,100,164.3,100,,,,,,,,,,,,,,,,,164.8,100,,,,,,,,,,,,,,,,,,
2026-07-06T01:00:55.246148+00:00,2026-07-06T01:00:55.246086,2,2,164.6,0.4,164.4,100,164.3,100,,,,,,,,,,,,,,,,,164.8,100,164.9,150,,,,,,,,,,,,,,,,
2026-07-06T01:00:55.735920+00:00,2026-07-06T01:00:55.735846,1,1,164.65,0.5,164.4,100,,,,,,,,,,,,,,,,,,,164.9,150,,,,,,,,,,,,,,,,,,
2026-07-06T01:00:55.755380+00:00,2026-07-06T01:00:55.750104,1,1,164.65,0.5,164.4,89,,,,,,,,,,,,,,,,,,,164.9,150,,,,,,,,,,,,,,,,,,
2026-07-06T01:00:55.792193+00:00,2026-07-06T01:00:55.792308,2,1,164.65,0.5,164.4,89,164.3,100,,,,,,,,,,,,,,,,,164.9,150,,,,,,,,,,,,,,,,,,
2026-07-06T01:00:55.845378+00:00,2026-07-06T01:00:55.845347,2,2,164.6,0.4,164.4,89,164.3,100,,,,,,,,,,,,,,,,,164.8,100,164.9,150,,,,,,,,,,,,,,,,
2026-07-06T01:00:56.848505+00:00,2026-07-06T01:00:56.858691,2,2,164.6,0.4,164.4,49,164.3,100,,,,,,,,,,,,,,,,,164.8,100,164.9,150,,,,,,,,,,,,,,,,
2026-07-06T01:00:57.314825+00:00,2026-07-06T01:00:57.314744,1,2,164.55,0.5,164.3,99,,,,,,,,,,,,,,,,,,,164.8,100,164.9,150,,,,,,,,,,,,,,,,
2026-07-06T01:00:58.307295+00:00,2026-07-06T01:00:58.307102,1,1,164.55,0.5,164.3,99,,,,,,,,,,,,,,,,,,,164.8,100,,,,,,,,,,,,,,,,,,
2026-07-06T01:00:58.358594+00:00,2026-07-06T01:00:58.356225,2,1,164.55,0.5,164.3,99,164.0,150,,,,,,,,,,,,,,,,,164.8,100,,,,,,,,,,,,,,,,,,
2026-07-06T01:00:58.412580+00:00,2026-07-06T01:00:58.412454,2,2,164.4,0.2,164.3,99,164.0,150,,,,,,,,,,,,,,,,,164.5,150,164.8,100,,,,,,,,,,,,,,,,
2026-07-06T01:00:58.898062+00:00,2026-07-06T01:00:58.898015,1,1,164.25,0.5,164.0,150,,,,,,,,,,,,,,,,,,,164.5,150,,,,,,,,,,,,,,,,,,
2026-07-06T01:00:58.958590+00:00,2026-07-06T01:00:58.951322,2,1,164.4,0.2,164.3,100,164.0,150,,,,,,,,,,,,,,,,,164.5,150,,,,,,,,,,,,,,,,,,
2026-07-06T01:00:59.005858+00:00,2026-07-06T01:00:59.005796,2,2,164.4,0.2,164.3,100,164.0,150,,,,,,,,,,,,,,,,,164.5,150,164.8,100,,,,,,,,,,,,,,,,
2026-07-06T01:00:59.425815+00:00,2026-07-06T01:00:59.425658,2,2,164.4,0.2,164.3,50,164.0,150,,,,,,,,,,,,,,,,,164.5,150,164.8,100,,,,,,,,,,,,,,,,
2026-07-06T01:01:01.000109+00:00,2026-07-06T01:01:00.994756,2,2,164.4,0.2,164.3,50,164.0,150,,,,,,,,,,,,,,,,,164.5,139,164.8,100,,,,,,,,,,,,,,,,
2026-07-06T01:01:01.485183+00:00,2026-07-06T01:01:01.485098,1,1,164.55,0.5,164.3,50,,,,,,,,,,,,,,,,,,,164.8,100,,,,,,,,,,,,,,,,,,
2026-07-06T01:01:01.538404+00:00,2026-07-06T01:01:01.538270,0,1,,,,,,,,,,,,,,,,,,,,,,,164.8,100,,,,,,,,,,,,,,,,,,
2026-07-06T01:01:01.543518+00:00,2026-07-06T01:01:01.543468,1,1,164.5,0.6,164.2,150,,,,,,,,,,,,,,,,,,,164.8,100,,,,,,,,,,,,,,,,,,
2026-07-06T01:01:01.594554+00:00,2026-07-06T01:01:01.594403,1,2,164.45,0.5,164.2,150,,,,,,,,,,,,,,,,,,,164.7,150,164.8,100,,,,,,,,,,,,,,,,
2026-07-06T01:01:02.081719+00:00,2026-07-06T01:01:02.081515,1,1,164.45,0.5,164.2,150,,,,,,,,,,,,,,,,,,,164.7,150,,,,,,,,,,,,,,,,,,
2026-07-06T01:01:02.136582+00:00,2026-07-06T01:01:02.136408,2,1,164.5,0.4,164.3,100,164.2,150,,,,,,,,,,,,,,,,,164.7,150,,,,,,,,,,,,,,,,,,
2026-07-06T01:01:02.189054+00:00,2026-07-06T01:01:02.184060,2,2,164.5,0.4,164.3,100,164.2,150,,,,,,,,,,,,,,,,,164.7,150,164.8,100,,,,,,,,,,,,,,,,
2026-07-06T01:01:02.377533+00:00,2026-07-06T01:01:02.377433,2,2,164.5,0.4,164.3,100,164.2,150,,,,,,,,,,,,,,,,,164.7,106,164.8,100,,,,,,,,,,,,,,,,
2026-07-06T01:01:03.599891+00:00,2026-07-06T01:01:03.600037,2,2,164.5,0.4,164.3,100,164.2,150,,,,,,,,,,,,,,,,,164.7,56,164.8,100,,,,,,,,,,,,,,,,
2026-07-06T01:01:04.410459+00:00,2026-07-06T01:01:04.410697,2,2,164.5,0.4,164.3,53,164.2,150,,,,,,,,,,,,,,,,,164.7,56,164.8,100,,,,,,,,,,,,,,,,
2026-07-06T01:01:04.649117+00:00,2026-07-06T01:01:04.648983,1,1,164.55,0.5,164.3,53,,,,,,,,,,,,,,,,,,,164.8,100,,,,,,,,,,,,,,,,,,
2026-07-06T01:01:04.703926+00:00,2026-07-06T01:01:04.704083,2,1,164.75,0.1,164.7,150,164.3,53,,,,,,,,,,,,,,,,,164.8,100,,,,,,,,,,,,,,,,,,
2026-07-06T01:01:04.758698+00:00,2026-07-06T01:01:04.754685,2,2,164.75,0.1,164.7,150,164.3,53,,,,,,,,,,,,,,,,,164.8,100,165.2,150,,,,,,,,,,,,,,,,
2026-07-06T01:01:05.241903+00:00,2026-07-06T01:01:05.241864,1,1,164.95,0.5,164.7,150,,,,,,,,,,,,,,,,,,,165.2,150,,,,,,,,,,,,,,,,,,
2026-07-06T01:01:05.297566+00:00,2026-07-06T01:01:05.297484,2,1,164.95,0.5,164.7,150,164.1,100,,,,,,,,,,,,,,,,,165.2,150,,,,,,,,,,,,,,,,,,
2026-07-06T01:01:05.351154+00:00,2026-07-06T01:01:05.351046,2,1,164.95,0.5,164.7,50,164.1,100,,,,,,,,,,,,,,,,,165.2,150,,,,,,,,,,,,,,,,,,
2026-07-06T01:01:05.489646+00:00,2026-07-06T01:01:05.489482,2,1,164.95,0.5,164.7,2,164.1,100,,,,,,,,,,,,,,,,,165.2,150,,,,,,,,,,,,,,,,,,
2026-07-06T01:01:05.725044+00:00,2026-07-06T01:01:05.724979,2,1,164.95,0.5,164.7,2,164.1,100,,,,,,,,,,,,,,,,,165.2,100,,,,,,,,,,,,,,,,,,
2026-07-06T01:01:07.814731+00:00,2026-07-06T01:01:07.814627,1,0,,,164.1,100,,,,,,,,,,,,,,,,,,,,,,,,,,,,,,,,,,,,,,
2026-07-06T01:01:07.868997+00:00,2026-07-06T01:01:07.868925,2,0,,,164.4,150,164.1,100,,,,,,,,,,,,,,,,,,,,,,,,,,,,,,,,,,,,
2026-07-06T01:01:07.924355+00:00,2026-07-06T01:01:07.924156,2,1,164.65,0.5,164.4,150,164.1,100,,,,,,,,,,,,,,,,,164.9,150,,,,,,,,,,,,,,,,,,
2026-07-06T01:01:08.406144+00:00,2026-07-06T01:01:08.406331,1,1,164.65,0.5,164.4,150,,,,,,,,,,,,,,,,,,,164.9,150,,,,,,,,,,,,,,,,,,
2026-07-06T01:01:08.454264+00:00,2026-07-06T01:01:08.454495,2,1,164.75,0.3,164.6,100,164.4,150,,,,,,,,,,,,,,,,,164.9,150,,,,,,,,,,,,,,,,,,
2026-07-06T01:01:08.512688+00:00,2026-07-06T01:01:08.512823,2,2,164.75,0.3,164.6,100,164.4,150,,,,,,,,,,,,,,,,,164.9,150,165.1,100,,,,,,,,,,,,,,,,
2026-07-06T01:01:09.603257+00:00,2026-07-06T01:01:09.603152,2,2,164.75,0.3,164.6,100,164.4,150,,,,,,,,,,,,,,,,,164.9,108,165.1,100,,,,,,,,,,,,,,,,
2026-07-06T01:01:10.979425+00:00,2026-07-06T01:01:10.979282,1,1,164.85,0.5,164.6,100,,,,,,,,,,,,,,,,,,,165.1,100,,,,,,,,,,,,,,,,,,
2026-07-06T01:01:11.031100+00:00,2026-07-06T01:01:11.031026,2,1,164.9,0.4,164.7,150,164.6,100,,,,,,,,,,,,,,,,,165.1,100,,,,,,,,,,,,,,,,,,
2026-07-06T01:01:11.087170+00:00,2026-07-06T01:01:11.087263,2,2,164.9,0.4,164.7,150,164.6,100,,,,,,,,,,,,,,,,,165.1,100,165.2,150,,,,,,,,,,,,,,,,
2026-07-06T01:01:11.558937+00:00,2026-07-06T01:01:11.558786,1,1,164.95,0.5,164.7,150,,,,,,,,,,,,,,,,,,,165.2,150,,,,,,,,,,,,,,,,,,
2026-07-06T01:01:11.621325+00:00,2026-07-06T01:01:11.621192,2,1,164.95,0.5,164.7,150,164.6,100,,,,,,,,,,,,,,,,,165.2,150,,,,,,,,,,,,,,,,,,
2026-07-06T01:01:11.674256+00:00,2026-07-06T01:01:11.674181,2,2,164.9,0.4,164.7,150,164.6,100,,,,,,,,,,,,,,,,,165.1,100,165.2,150,,,,,,,,,,,,,,,,
2026-07-06T01:01:12.680333+00:00,2026-07-06T01:01:12.680193,2,2,164.9,0.4,164.7,109,164.6,100,,,,,,,,,,,,,,,,,165.1,100,165.2,150,,,,,,,,,,,,,,,,
2026-07-06T01:01:14.138662+00:00,2026-07-06T01:01:14.138630,1,1,164.85,0.5,164.6,100,,,,,,,,,,,,,,,,,,,165.1,100,,,,,,,,,,,,,,,,,,
2026-07-06T01:01:14.207710+00:00,2026-07-06T01:01:14.207577,2,1,164.85,0.5,164.6,100,164.4,150,,,,,,,,,,,,,,,,,165.1,100,,,,,,,,,,,,,,,,,,
2026-07-06T01:01:14.264024+00:00,2026-07-06T01:01:14.264184,2,2,164.75,0.3,164.6,100,164.4,150,,,,,,,,,,,,,,,,,164.9,150,165.1,100,,,,,,,,,,,,,,,,
2026-07-06T01:01:14.653205+00:00,2026-07-06T01:01:14.653376,2,2,164.75,0.3,164.6,100,164.4,150,,,,,,,,,,,,,,,,,164.9,109,165.1,100,,,,,,,,,,,,,,,,
2026-07-06T01:01:14.728403+00:00,2026-07-06T01:01:14.728373,1,1,164.65,0.5,164.4,150,,,,,,,,,,,,,,,,,,,164.9,109,,,,,,,,,,,,,,,,,,
2026-07-06T01:01:14.804585+00:00,2026-07-06T01:01:14.804392,2,1,164.7,0.4,164.5,100,164.4,150,,,,,,,,,,,,,,,,,164.9,109,,,,,,,,,,,,,,,,,,
2026-07-06T01:01:14.858579+00:00,2026-07-06T01:01:14.853174,2,2,164.7,0.4,164.5,100,164.4,150,,,,,,,,,,,,,,,,,164.9,109,165.0,100,,,,,,,,,,,,,,,,
2026-07-06T01:01:15.208074+00:00,2026-07-06T01:01:15.207946,2,2,164.7,0.4,164.5,59,164.4,150,,,,,,,,,,,,,,,,,164.9,109,165.0,100,,,,,,,,,,,,,,,,
2026-07-06T01:01:16.261306+00:00,2026-07-06T01:01:16.261189,2,2,164.7,0.4,164.5,59,164.4,150,,,,,,,,,,,,,,,,,164.9,59,165.0,100,,,,,,,,,,,,,,,,
2026-07-06T01:01:16.652789+00:00,2026-07-06T01:01:16.634809,2,2,164.7,0.4,164.5,59,164.4,150,,,,,,,,,,,,,,,,,164.9,36,165.0,100,,,,,,,,,,,,,,,,
2026-07-06T01:01:17.320223+00:00,2026-07-06T01:01:17.320359,1,1,164.75,0.5,164.5,59,,,,,,,,,,,,,,,,,,,165.0,100,,,,,,,,,,,,,,,,,,
2026-07-06T01:01:17.376316+00:00,2026-07-06T01:01:17.376471,2,0,,,165.3,50,164.5,59,,,,,,,,,,,,,,,,,,,,,,,,,,,,,,,,,,,,
2026-07-06T01:01:17.445598+00:00,2026-07-06T01:01:17.437667,2,1,165.55,0.5,165.3,27,164.5,59,,,,,,,,,,,,,,,,,165.8,150,,,,,,,,,,,,,,,,,,
2026-07-06T01:01:17.912231+00:00,2026-07-06T01:01:17.912145,1,1,165.55,0.5,165.3,27,,,,,,,,,,,,,,,,,,,165.8,150,,,,,,,,,,,,,,,,,,
2026-07-06T01:01:17.964598+00:00,2026-07-06T01:01:17.964697,2,1,165.55,0.5,165.3,27,165.2,100,,,,,,,,,,,,,,,,,165.8,150,,,,,,,,,,,,,,,,,,
2026-07-06T01:01:18.018316+00:00,2026-07-06T01:01:18.018259,2,2,165.5,0.4,165.3,27,165.2,100,,,,,,,,,,,,,,,,,165.7,100,165.8,150,,,,,,,,,,,,,,,,
2026-07-06T01:01:18.286861+00:00,2026-07-06T01:01:18.286771,2,2,165.5,0.4,165.3,27,165.2,100,,,,,,,,,,,,,,,,,165.7,54,165.8,150,,,,,,,,,,,,,,,,
2026-07-06T01:01:18.449358+00:00,2026-07-06T01:01:18.449105,1,2,165.45,0.5,165.2,77,,,,,,,,,,,,,,,,,,,165.7,54,165.8,150,,,,,,,,,,,,,,,,
2026-07-06T01:01:20.488133+00:00,2026-07-06T01:01:20.488252,1,1,165.45,0.5,165.2,77,,,,,,,,,,,,,,,,,,,165.7,54,,,,,,,,,,,,,,,,,,
2026-07-06T01:01:20.541757+00:00,2026-07-06T01:01:20.541641,2,1,165.45,0.5,165.2,77,164.6,150,,,,,,,,,,,,,,,,,165.7,54,,,,,,,,,,,,,,,,,,
2026-07-06T01:01:20.558654+00:00,2026-07-06T01:01:20.552092,2,1,165.45,0.5,165.2,27,164.6,150,,,,,,,,,,,,,,,,,165.7,54,,,,,,,,,,,,,,,,,,
2026-07-06T01:01:20.596423+00:00,2026-07-06T01:01:20.596333,1,2,164.85,0.5,164.6,150,,,,,,,,,,,,,,,,,,,165.1,123,165.7,54,,,,,,,,,,,,,,,,
2026-07-06T01:01:21.071039+00:00,2026-07-06T01:01:21.071132,1,1,164.85,0.5,164.6,150,,,,,,,,,,,,,,,,,,,165.1,123,,,,,,,,,,,,,,,,,,
2026-07-06T01:01:21.124859+00:00,2026-07-06T01:01:21.124993,1,1,164.85,0.5,164.6,150,,,,,,,,,,,,,,,,,,,165.1,23,,,,,,,,,,,,,,,,,,
2026-07-06T01:01:21.180888+00:00,2026-07-06T01:01:21.180979,1,2,164.85,0.5,164.6,150,,,,,,,,,,,,,,,,,,,165.1,23,165.9,100,,,,,,,,,,,,,,,,
2026-07-06T01:01:22.366660+00:00,2026-07-06T01:01:22.366564,1,2,164.85,0.5,164.6,106,,,,,,,,,,,,,,,,,,,165.1,23,165.9,100,,,,,,,,,,,,,,,,
2026-07-06T01:01:22.690724+00:00,2026-07-06T01:01:22.690642,1,2,164.85,0.5,164.6,56,,,,,,,,,,,,,,,,,,,165.1,23,165.9,100,,,,,,,,,,,,,,,,
2026-07-06T01:01:22.832087+00:00,2026-07-06T01:01:22.832004,1,1,165.25,1.3,164.6,56,,,,,,,,,,,,,,,,,,,165.9,100,,,,,,,,,,,,,,,,,,
2026-07-06T01:01:23.658671+00:00,2026-07-06T01:01:23.654590,0,1,,,,,,,,,,,,,,,,,,,,,,,165.9,100,,,,,,,,,,,,,,,,,,
2026-07-06T01:01:23.708503+00:00,2026-07-06T01:01:23.708476,1,1,165.4,1.0,164.9,150,,,,,,,,,,,,,,,,,,,165.9,100,,,,,,,,,,,,,,,,,,
2026-07-06T01:01:23.758714+00:00,2026-07-06T01:01:23.755643,1,2,165.15,0.5,164.9,150,,,,,,,,,,,,,,,,,,,165.4,150,165.9,100,,,,,,,,,,,,,,,,
2026-07-06T01:01:24.214631+00:00,2026-07-06T01:01:24.214551,1,2,165.15,0.5,164.9,144,,,,,,,,,,,,,,,,,,,165.4,150,165.9,100,,,,,,,,,,,,,,,,
2026-07-06T01:01:24.235741+00:00,2026-07-06T01:01:24.235697,1,1,165.15,0.5,164.9,144,,,,,,,,,,,,,,,,,,,165.4,150,,,,,,,,,,,,,,,,,,
2026-07-06T01:01:24.289437+00:00,2026-07-06T01:01:24.289392,2,1,165.15,0.5,164.9,144,164.7,100,,,,,,,,,,,,,,,,,165.4,150,,,,,,,,,,,,,,,,,,
2026-07-06T01:01:24.341969+00:00,2026-07-06T01:01:24.341826,2,2,165.05,0.3,164.9,144,164.7,100,,,,,,,,,,,,,,,,,165.2,100,165.4,150,,,,,,,,,,,,,,,,
2026-07-06T01:01:24.798002+00:00,2026-07-06T01:01:24.797954,2,2,165.05,0.3,164.9,94,164.7,100,,,,,,,,,,,,,,,,,165.2,100,165.4,150,,,,,,,,,,,,,,,,
2026-07-06T01:01:26.815453+00:00,2026-07-06T01:01:26.815362,1,1,164.95,0.5,164.7,100,,,,,,,,,,,,,,,,,,,165.2,100,,,,,,,,,,,,,,,,,,
2026-07-06T01:01:26.869856+00:00,2026-07-06T01:01:26.869752,2,1,165.0,0.4,164.8,150,164.7,100,,,,,,,,,,,,,,,,,165.2,100,,,,,,,,,,,,,,,,,,
2026-07-06T01:01:26.924984+00:00,2026-07-06T01:01:26.924951,2,2,165.0,0.4,164.8,100,164.7,100,,,,,,,,,,,,,,,,,165.2,100,165.3,150,,,,,,,,,,,,,,,,
2026-07-06T01:01:27.394628+00:00,2026-07-06T01:01:27.394755,1,1,165.05,0.5,164.8,100,,,,,,,,,,,,,,,,,,,165.3,150,,,,,,,,,,,,,,,,,,
2026-07-06T01:01:27.458735+00:00,2026-07-06T01:01:27.458644,1,1,165.05,0.5,164.8,200,,,,,,,,,,,,,,,,,,,165.3,150,,,,,,,,,,,,,,,,,,
2026-07-06T01:01:27.502815+00:00,2026-07-06T01:01:27.502920,1,1,165.05,0.5,164.8,200,,,,,,,,,,,,,,,,,,,165.3,250,,,,,,,,,,,,,,,,,,
2026-07-06T01:01:27.825672+00:00,2026-07-06T01:01:27.825538,1,1,165.05,0.5,164.8,200,,,,,,,,,,,,,,,,,,,165.3,206,,,,,,,,,,,,,,,,,,
2026-07-06T01:01:29.026525+00:00,2026-07-06T01:01:29.026440,1,1,165.05,0.5,164.8,150,,,,,,,,,,,,,,,,,,,165.3,206,,,,,,,,,,,,,,,,,,
2026-07-06T01:01:29.607638+00:00,2026-07-06T01:01:29.607615,1,1,165.05,0.5,164.8,102,,,,,,,,,,,,,,,,,,,165.3,206,,,,,,,,,,,,,,,,,,
2026-07-06T01:01:29.980928+00:00,2026-07-06T01:01:29.980848,1,1,165.05,0.5,164.8,100,,,,,,,,,,,,,,,,,,,165.3,100,,,,,,,,,,,,,,,,,,
2026-07-06T01:01:30.035395+00:00,2026-07-06T01:01:30.035362,2,1,165.05,0.5,164.8,100,164.3,150,,,,,,,,,,,,,,,,,165.3,100,,,,,,,,,,,,,,,,,,
2026-07-06T01:01:30.098635+00:00,2026-07-06T01:01:30.092392,1,2,164.55,0.5,164.3,150,,,,,,,,,,,,,,,,,,,164.8,4,165.3,100,,,,,,,,,,,,,,,,
2026-07-06T01:01:30.130771+00:00,2026-07-06T01:01:30.130919,1,1,164.8,1.0,164.3,150,,,,,,,,,,,,,,,,,,,165.3,57,,,,,,,,,,,,,,,,,,
2026-07-06T01:01:30.563716+00:00,2026-07-06T01:01:30.563801,1,0,,,164.3,150,,,,,,,,,,,,,,,,,,,,,,,,,,,,,,,,,,,,,,
2026-07-06T01:01:30.608665+00:00,2026-07-06T01:01:30.608764,2,0,,,164.6,100,164.3,150,,,,,,,,,,,,,,,,,,,,,,,,,,,,,,,,,,,,
2026-07-06T01:01:30.668981+00:00,2026-07-06T01:01:30.668900,2,1,164.85,0.5,164.6,100,164.3,150,,,,,,,,,,,,,,,,,165.1,100,,,,,,,,,,,,,,,,,,
2026-07-06T01:01:31.077584+00:00,2026-07-06T01:01:31.077441,2,1,164.85,0.5,164.6,100,164.3,150,,,,,,,,,,,,,,,,,165.1,50,,,,,,,,,,,,,,,,,,
2026-07-06T01:01:33.146863+00:00,2026-07-06T01:01:33.146999,1,1,164.85,0.5,164.6,100,,,,,,,,,,,,,,,,,,,165.1,50,,,,,,,,,,,,,,,,,,
2026-07-06T01:01:33.198989+00:00,2026-07-06T01:01:33.199088,2,1,165.05,0.1,165.0,150,164.6,100,,,,,,,,,,,,,,,,,165.1,50,,,,,,,,,,,,,,,,,,
2026-07-06T01:01:33.214612+00:00,2026-07-06T01:01:33.214745,2,0,,,165.0,150,164.6,100,,,,,,,,,,,,,,,,,,,,,,,,,,,,,,,,,,,,
2026-07-06T01:01:33.251847+00:00,2026-07-06T01:01:33.251951,2,1,165.25,0.5,165.0,150,164.6,100,,,,,,,,,,,,,,,,,165.5,150,,,,,,,,,,,,,,,,,,
2026-07-06T01:01:33.723467+00:00,2026-07-06T01:01:33.723392,1,1,165.25,0.5,165.0,150,,,,,,,,,,,,,,,,,,,165.5,150,,,,,,,,,,,,,,,,,,
2026-07-06T01:01:33.771247+00:00,2026-07-06T01:01:33.771133,1,1,165.25,0.5,165.0,250,,,,,,,,,,,,,,,,,,,165.5,150,,,,,,,,,,,,,,,,,,
2026-07-06T01:01:33.823472+00:00,2026-07-06T01:01:33.823569,1,1,165.25,0.5,165.0,250,,,,,,,,,,,,,,,,,,,165.5,250,,,,,,,,,,,,,,,,,,
2026-07-06T01:01:35.323374+00:00,2026-07-06T01:01:35.323244,1,1,165.25,0.5,165.0,250,,,,,,,,,,,,,,,,,,,165.5,200,,,,,,,,,,,,,,,,,,
2026-07-06T01:01:35.510822+00:00,2026-07-06T01:01:35.510713,1,1,165.25,0.5,165.0,204,,,,,,,,,,,,,,,,,,,165.5,200,,,,,,,,,,,,,,,,,,
2026-07-06T01:01:36.307613+00:00,2026-07-06T01:01:36.307541,1,1,165.25,0.5,165.0,100,,,,,,,,,,,,,,,,,,,165.5,100,,,,,,,,,,,,,,,,,,
2026-07-06T01:01:36.358658+00:00,2026-07-06T01:01:36.358381,2,1,165.3,0.4,165.1,150,165.0,100,,,,,,,,,,,,,,,,,165.5,100,,,,,,,,,,,,,,,,,,
2026-07-06T01:01:36.416903+00:00,2026-07-06T01:01:36.417041,2,2,165.3,0.4,165.1,150,165.0,100,,,,,,,,,,,,,,,,,165.5,100,165.6,150,,,,,,,,,,,,,,,,
2026-07-06T01:01:36.877627+00:00,2026-07-06T01:01:36.877588,2,1,165.35,0.5,165.1,150,165.0,100,,,,,,,,,,,,,,,,,165.6,150,,,,,,,,,,,,,,,,,,
2026-07-06T01:01:36.882855+00:00,2026-07-06T01:01:36.882770,1,1,165.35,0.5,165.1,150,,,,,,,,,,,,,,,,,,,165.6,150,,,,,,,,,,,,,,,,,,
2026-07-06T01:01:36.938206+00:00,2026-07-06T01:01:36.938133,1,1,165.35,0.5,165.1,250,,,,,,,,,,,,,,,,,,,165.6,150,,,,,,,,,,,,,,,,,,
2026-07-06T01:01:36.991596+00:00,2026-07-06T01:01:36.991690,1,1,165.35,0.5,165.1,250,,,,,,,,,,,,,,,,,,,165.6,250,,,,,,,,,,,,,,,,,,
2026-07-06T01:01:37.029547+00:00,2026-07-06T01:01:37.029690,1,1,165.35,0.5,165.1,250,,,,,,,,,,,,,,,,,,,165.6,208,,,,,,,,,,,,,,,,,,
2026-07-06T01:01:38.051748+00:00,2026-07-06T01:01:38.051910,1,1,165.35,0.5,165.1,206,,,,,,,,,,,,,,,,,,,165.6,208,,,,,,,,,,,,,,,,,,
2026-07-06T01:01:39.082121+00:00,2026-07-06T01:01:39.073451,1,1,165.35,0.5,165.1,194,,,,,,,,,,,,,,,,,,,165.6,208,,,,,,,,,,,,,,,,,,
2026-07-06T01:01:39.469291+00:00,2026-07-06T01:01:39.469501,1,1,165.35,0.5,165.1,100,,,,,,,,,,,,,,,,,,,165.6,100,,,,,,,,,,,,,,,,,,
2026-07-06T01:01:39.523357+00:00,2026-07-06T01:01:39.523251,2,1,165.35,0.5,165.1,100,164.9,150,,,,,,,,,,,,,,,,,165.6,100,,,,,,,,,,,,,,,,,,
2026-07-06T01:01:39.578909+00:00,2026-07-06T01:01:39.579027,2,2,165.25,0.3,165.1,100,164.9,150,,,,,,,,,,,,,,,,,165.4,150,165.6,100,,,,,,,,,,,,,,,,
2026-07-06T01:01:39.613639+00:00,2026-07-06T01:01:39.613508,2,2,165.25,0.3,165.1,50,164.9,150,,,,,,,,,,,,,,,,,165.4,150,165.6,100,,,,,,,,,,,,,,,,
2026-07-06T01:01:40.046692+00:00,2026-07-06T01:01:40.046598,1,1,165.15,0.5,164.9,150,,,,,,,,,,,,,,,,,,,165.4,150,,,,,,,,,,,,,,,,,,
2026-07-06T01:01:40.101393+00:00,2026-07-06T01:01:40.101582,1,1,165.15,0.5,164.9,150,,,,,,,,,,,,,,,,,,,165.4,50,,,,,,,,,,,,,,,,,,
2026-07-06T01:01:40.155482+00:00,2026-07-06T01:01:40.155636,1,2,165.15,0.5,164.9,150,,,,,,,,,,,,,,,,,,,165.4,50,166.0,100,,,,,,,,,,,,,,,,
2026-07-06T01:01:41.721911+00:00,2026-07-06T01:01:41.721789,1,2,165.15,0.5,164.9,100,,,,,,,,,,,,,,,,,,,165.4,50,166.0,100,,,,,,,,,,,,,,,,
2026-07-06T01:01:42.630123+00:00,2026-07-06T01:01:42.629992,0,1,,,,,,,,,,,,,,,,,,,,,,,166.0,100,,,,,,,,,,,,,,,,,,
2026-07-06T01:01:42.689763+00:00,2026-07-06T01:01:42.689630,1,1,165.75,0.5,165.5,150,,,,,,,,,,,,,,,,,,,166.0,100,,,,,,,,,,,,,,,,,,
2026-07-06T01:01:42.742916+00:00,2026-07-06T01:01:42.742841,1,1,165.75,0.5,165.5,150,,,,,,,,,,,,,,,,,,,166.0,250,,,,,,,,,,,,,,,,,,
2026-07-06T01:01:42.796349+00:00,2026-07-06T01:01:42.790837,1,1,165.75,0.5,165.5,139,,,,,,,,,,,,,,,,,,,166.0,250,,,,,,,,,,,,,,,,,,
2026-07-06T01:01:43.209452+00:00,2026-07-06T01:01:43.209605,1,1,165.75,0.5,165.5,139,,,,,,,,,,,,,,,,,,,166.0,150,,,,,,,,,,,,,,,,,,
2026-07-06T01:01:43.274423+00:00,2026-07-06T01:01:43.274549,2,1,165.75,0.5,165.5,139,164.8,100,,,,,,,,,,,,,,,,,166.0,150,,,,,,,,,,,,,,,,,,
2026-07-06T01:01:43.329334+00:00,2026-07-06T01:01:43.329276,2,1,165.75,0.5,165.5,39,164.8,100,,,,,,,,,,,,,,,,,166.0,150,,,,,,,,,,,,,,,,,,
2026-07-06T01:01:43.825360+00:00,2026-07-06T01:01:43.825223,1,1,165.4,1.2,164.8,89,,,,,,,,,,,,,,,,,,,166.0,150,,,,,,,,,,,,,,,,,,
2026-07-06T01:01:43.881428+00:00,2026-07-06T01:01:43.881588,1,1,165.4,1.2,164.8,89,,,,,,,,,,,,,,,,,,,166.0,110,,,,,,,,,,,,,,,,,,
2026-07-06T01:01:44.244276+00:00,2026-07-06T01:01:44.244210,1,1,165.4,1.2,164.8,89,,,,,,,,,,,,,,,,,,,166.0,76,,,,,,,,,,,,,,,,,,
2026-07-06T01:01:45.796457+00:00,2026-07-06T01:01:45.796422,1,0,,,164.8,89,,,,,,,,,,,,,,,,,,,,,,,,,,,,,,,,,,,,,,
2026-07-06T01:01:45.847295+00:00,2026-07-06T01:01:45.847409,2,0,,,165.2,150,164.8,89,,,,,,,,,,,,,,,,,,,,,,,,,,,,,,,,,,,,
2026-07-06T01:01:45.902513+00:00,2026-07-06T01:01:45.902641,2,1,165.45,0.5,165.2,150,164.8,89,,,,,,,,,,,,,,,,,165.7,150,,,,,,,,,,,,,,,,,,
2026-07-06T01:01:46.385750+00:00,2026-07-06T01:01:46.385621,1,1,165.45,0.5,165.2,150,,,,,,,,,,,,,,,,,,,165.7,150,,,,,,,,,,,,,,,,,,
2026-07-06T01:01:46.439285+00:00,2026-07-06T01:01:46.439253,2,1,165.45,0.5,165.2,150,165.1,100,,,,,,,,,,,,,,,,,165.7,150,,,,,,,,,,,,,,,,,,
2026-07-06T01:01:46.492156+00:00,2026-07-06T01:01:46.492050,2,2,165.4,0.4,165.2,150,165.1,100,,,,,,,,,,,,,,,,,165.6,100,165.7,150,,,,,,,,,,,,,,,,
2026-07-06T01:01:47.992277+00:00,2026-07-06T01:01:47.992178,2,2,165.4,0.4,165.2,150,165.1,100,,,,,,,,,,,,,,,,,165.6,50,165.7,150,,,,,,,,,,,,,,,,
2026-07-06T01:01:48.958620+00:00,2026-07-06T01:01:48.957362,1,1,165.35,0.5,165.1,100,,,,,,,,,,,,,,,,,,,165.6,50,,,,,,,,,,,,,,,,,,
2026-07-06T01:01:49.012629+00:00,2026-07-06T01:01:49.012470,2,1,165.4,0.4,165.2,150,165.1,100,,,,,,,,,,,,,,,,,165.6,50,,,,,,,,,,,,,,,,,,
2026-07-06T01:01:49.064670+00:00,2026-07-06T01:01:49.064568,2,2,165.4,0.4,165.2,150,165.1,100,,,,,,,,,,,,,,,,,165.6,50,165.7,150,,,,,,,,,,,,,,,,
2026-07-06T01:01:49.228084+00:00,2026-07-06T01:01:49.227946,2,2,165.4,0.4,165.2,101,165.1,100,,,,,,,,,,,,,,,,,165.6,50,165.7,150,,,,,,,,,,,,,,,,
2026-07-06T01:01:49.546030+00:00,2026-07-06T01:01:49.545943,1,1,165.45,0.5,165.2,101,,,,,,,,,,,,,,,,,,,165.7,150,,,,,,,,,,,,,,,,,,
2026-07-06T01:01:49.601244+00:00,2026-07-06T01:01:49.601047,2,1,165.5,0.4,165.3,100,165.2,101,,,,,,,,,,,,,,,,,165.7,150,,,,,,,,,,,,,,,,,,
2026-07-06T01:01:49.651896+00:00,2026-07-06T01:01:49.651851,2,2,165.5,0.4,165.3,100,165.2,101,,,,,,,,,,,,,,,,,165.7,150,165.8,100,,,,,,,,,,,,,,,,
2026-07-06T01:01:50.096917+00:00,2026-07-06T01:01:50.096853,2,2,165.5,0.4,165.3,100,165.2,101,,,,,,,,,,,,,,,,,165.7,100,165.8,100,,,,,,,,,,,,,,,,
2026-07-06T01:01:50.424075+00:00,2026-07-06T01:01:50.424156,2,2,165.5,0.4,165.3,100,165.2,101,,,,,,,,,,,,,,,,,165.7,56,165.8,100,,,,,,,,,,,,,,,,
2026-07-06T01:01:52.119293+00:00,2026-07-06T01:01:52.119228,1,1,165.55,0.5,165.3,100,,,,,,,,,,,,,,,,,,,165.8,100,,,,,,,,,,,,,,,,,,
2026-07-06T01:01:52.172235+00:00,2026-07-06T01:01:52.172126,1,1,165.55,0.5,165.3,250,,,,,,,,,,,,,,,,,,,165.8,100,,,,,,,,,,,,,,,,,,
2026-07-06T01:01:52.232520+00:00,2026-07-06T01:01:52.232477,1,1,165.55,0.5,165.3,250,,,,,,,,,,,,,,,,,,,165.8,250,,,,,,,,,,,,,,,,,,
2026-07-06T01:01:52.710207+00:00,2026-07-06T01:01:52.710079,1,1,165.55,0.5,165.3,150,,,,,,,,,,,,,,,,,,,165.8,150,,,,,,,,,,,,,,,,,,
2026-07-06T01:01:52.765895+00:00,2026-07-06T01:01:52.765780,2,1,165.55,0.5,165.3,150,165.2,100,,,,,,,,,,,,,,,,,165.8,150,,,,,,,,,,,,,,,,,,
2026-07-06T01:01:52.818235+00:00,2026-07-06T01:01:52.818145,2,2,165.5,0.4,165.3,150,165.2,100,,,,,,,,,,,,,,,,,165.7,100,165.8,150,,,,,,,,,,,,,,,,
2026-07-06T01:01:54.064539+00:00,2026-07-06T01:01:54.064756,2,2,165.5,0.4,165.3,150,165.2,100,,,,,,,,,,,,,,,,,165.7,51,165.8,150,,,,,,,,,,,,,,,,
2026-07-06T01:01:54.358570+00:00,2026-07-06T01:01:54.356448,2,2,165.5,0.4,165.3,100,165.2,100,,,,,,,,,,,,,,,,,165.7,51,165.8,150,,,,,,,,,,,,,,,,
2026-07-06T01:01:55.285889+00:00,2026-07-06T01:01:55.285789,1,1,165.45,0.5,165.2,100,,,,,,,,,,,,,,,,,,,165.7,51,,,,,,,,,,,,,,,,,,
2026-07-06T01:01:55.340418+00:00,2026-07-06T01:01:55.340284,1,1,165.45,0.5,165.2,250,,,,,,,,,,,,,,,,,,,165.7,51,,,,,,,,,,,,,,,,,,
2026-07-06T01:01:55.394365+00:00,2026-07-06T01:01:55.394469,1,1,165.45,0.5,165.2,250,,,,,,,,,,,,,,,,,,,165.7,201,,,,,,,,,,,,,,,,,,
2026-07-06T01:01:55.871160+00:00,2026-07-06T01:01:55.871079,1,1,165.45,0.5,165.2,150,,,,,,,,,,,,,,,,,,,165.7,150,,,,,,,,,,,,,,,,,,
2026-07-06T01:01:55.920873+00:00,2026-07-06T01:01:55.920784,2,1,165.6,0.2,165.5,100,165.2,150,,,,,,,,,,,,,,,,,165.7,150,,,,,,,,,,,,,,,,,,
2026-07-06T01:01:55.984732+00:00,2026-07-06T01:01:55.984629,2,2,165.6,0.2,165.5,100,165.2,150,,,,,,,,,,,,,,,,,165.7,150,166.0,100,,,,,,,,,,,,,,,,
2026-07-06T01:01:56.469747+00:00,2026-07-06T01:01:56.469693,2,2,165.6,0.2,165.5,50,165.2,150,,,,,,,,,,,,,,,,,165.7,150,166.0,100,,,,,,,,,,,,,,,,
2026-07-06T01:01:58.269605+00:00,2026-07-06T01:01:58.269428,2,2,165.6,0.2,165.5,46,165.2,150,,,,,,,,,,,,,,,,,165.7,150,166.0,100,,,,,,,,,,,,,,,,
2026-07-06T01:01:58.458773+00:00,2026-07-06T01:01:58.458669,1,1,165.75,0.5,165.5,46,,,,,,,,,,,,,,,,,,,166.0,100,,,,,,,,,,,,,,,,,,
2026-07-06T01:01:58.503523+00:00,2026-07-06T01:01:58.503455,2,1,165.75,0.5,165.5,46,165.3,150,,,,,,,,,,,,,,,,,166.0,100,,,,,,,,,,,,,,,,,,
2026-07-06T01:01:58.555932+00:00,2026-07-06T01:01:58.555898,2,2,165.65,0.3,165.5,46,165.3,150,,,,,,,,,,,,,,,,,165.8,150,166.0,100,,,,,,,,,,,,,,,,
2026-07-06T01:01:58.587904+00:00,2026-07-06T01:01:58.587789,1,2,165.55,0.5,165.3,146,,,,,,,,,,,,,,,,,,,165.8,150,166.0,100,,,,,,,,,,,,,,,,
2026-07-06T01:01:59.031646+00:00,2026-07-06T01:01:59.031524,1,1,165.55,0.5,165.3,146,,,,,,,,,,,,,,,,,,,165.8,150,,,,,,,,,,,,,,,,,,
2026-07-06T01:01:59.088260+00:00,2026-07-06T01:01:59.088156,2,1,165.55,0.5,165.3,146,165.2,100,,,,,,,,,,,,,,,,,165.8,150,,,,,,,,,,,,,,,,,,
2026-07-06T01:01:59.140949+00:00,2026-07-06T01:01:59.140854,2,2,165.5,0.4,165.3,146,165.2,100,,,,,,,,,,,,,,,,,165.7,100,165.8,150,,,,,,,,,,,,,,,,
2026-07-06T01:02:00.281864+00:00,2026-07-06T01:02:00.281985,2,2,165.5,0.4,165.3,146,165.2,100,,,,,,,,,,,,,,,,,165.7,96,165.8,150,,,,,,,,,,,,,,,,
2026-07-06T01:02:00.697912+00:00,2026-07-06T01:02:00.698014,2,2,165.5,0.4,165.3,96,165.2,100,,,,,,,,,,,,,,,,,165.7,96,165.8,150,,,,,,,,,,,,,,,,
2026-07-06T01:02:01.610637+00:00,2026-07-06T01:02:01.610559,1,1,165.45,0.5,165.2,100,,,,,,,,,,,,,,,,,,,165.7,96,,,,,,,,,,,,,,,,,,
2026-07-06T01:02:01.666472+00:00,2026-07-06T01:02:01.666332,2,1,165.45,0.5,165.2,100,164.8,150,,,,,,,,,,,,,,,,,165.7,96,,,,,,,,,,,,,,,,,,
2026-07-06T01:02:01.719123+00:00,2026-07-06T01:02:01.718922,2,2,165.25,0.1,165.2,100,164.8,150,,,,,,,,,,,,,,,,,165.3,150,165.7,96,,,,,,,,,,,,,,,,
2026-07-06T01:02:02.179727+00:00,2026-07-06T01:02:02.173152,2,2,165.25,0.1,165.2,100,164.8,150,,,,,,,,,,,,,,,,,165.3,139,165.7,96,,,,,,,,,,,,,,,,
2026-07-06T01:02:02.214077+00:00,2026-07-06T01:02:02.214231,1,1,165.05,0.5,164.8,150,,,,,,,,,,,,,,,,,,,165.3,139,,,,,,,,,,,,,,,,,,
2026-07-06T01:02:02.275151+00:00,2026-07-06T01:02:02.275098,2,1,165.25,0.1,165.2,100,164.8,150,,,,,,,,,,,,,,,,,165.3,139,,,,,,,,,,,,,,,,,,
2026-07-06T01:02:02.336529+00:00,2026-07-06T01:02:02.336419,2,2,165.25,0.1,165.2,100,164.8,150,,,,,,,,,,,,,,,,,165.3,139,165.7,100,,,,,,,,,,,,,,,,
2026-07-06T01:02:02.626194+00:00,2026-07-06T01:02:02.622030,2,2,165.25,0.1,165.2,100,164.8,150,,,,,,,,,,,,,,,,,165.3,127,165.7,100,,,,,,,,,,,,,,,,
2026-07-06T01:02:02.753181+00:00,2026-07-06T01:02:02.752975,2,2,165.25,0.1,165.2,100,164.8,150,,,,,,,,,,,,,,,,,165.3,77,165.7,100,,,,,,,,,,,,,,,,
2026-07-06T01:02:04.033958+00:00,2026-07-06T01:02:04.034096,2,2,165.25,0.1,165.2,100,164.8,150,,,,,,,,,,,,,,,,,165.3,31,165.7,100,,,,,,,,,,,,,,,,
2026-07-06T01:02:04.772522+00:00,2026-07-06T01:02:04.772415,1,1,165.45,0.5,165.2,100,,,,,,,,,,,,,,,,,,,165.7,100,,,,,,,,,,,,,,,,,,
2026-07-06T01:02:04.836785+00:00,2026-07-06T01:02:04.830931,2,1,165.6,0.2,165.5,138,165.2,100,,,,,,,,,,,,,,,,,165.7,100,,,,,,,,,,,,,,,,,,
2026-07-06T01:02:04.858588+00:00,2026-07-06T01:02:04.857439,2,1,165.6,0.2,165.5,138,165.2,100,,,,,,,,,,,,,,,,,165.7,50,,,,,,,,,,,,,,,,,,
2026-07-06T01:02:04.880267+00:00,2026-07-06T01:02:04.880162,2,2,165.6,0.2,165.5,138,165.2,100,,,,,,,,,,,,,,,,,165.7,50,166.0,150,,,,,,,,,,,,,,,,
2026-07-06T01:02:05.389857+00:00,2026-07-06T01:02:05.390078,1,1,165.75,0.5,165.5,138,,,,,,,,,,,,,,,,,,,166.0,150,,,,,,,,,,,,,,,,,,
2026-07-06T01:02:05.442710+00:00,2026-07-06T01:02:05.442687,2,1,165.75,0.5,165.5,138,165.4,100,,,,,,,,,,,,,,,,,166.0,150,,,,,,,,,,,,,,,,,,
2026-07-06T01:02:05.495534+00:00,2026-07-06T01:02:05.495453,2,2,165.7,0.4,165.5,138,165.4,100,,,,,,,,,,,,,,,,,165.9,100,166.0,150,,,,,,,,,,,,,,,,
2026-07-06T01:02:05.815158+00:00,2026-07-06T01:02:05.806775,2,2,165.7,0.4,165.5,127,165.4,100,,,,,,,,,,,,,,,,,165.9,100,166.0,150,,,,,,,,,,,,,,,,
2026-07-06T01:02:06.965609+00:00,2026-07-06T01:02:06.965579,2,2,165.7,0.4,165.5,127,165.4,100,,,,,,,,,,,,,,,,,165.9,50,166.0,150,,,,,,,,,,,,,,,,
2026-07-06T01:02:07.926281+00:00,2026-07-06T01:02:07.926195,1,1,165.65,0.5,165.4,100,,,,,,,,,,,,,,,,,,,165.9,50,,,,,,,,,,,,,,,,,,
2026-07-06T01:02:07.988581+00:00,2026-07-06T01:02:07.988431,2,1,165.8,0.2,165.7,150,165.4,100,,,,,,,,,,,,,,,,,165.9,50,,,,,,,,,,,,,,,,,,
2026-07-06T01:02:08.041090+00:00,2026-07-06T01:02:08.041041,2,2,165.8,0.2,165.7,150,165.4,100,,,,,,,,,,,,,,,,,165.9,50,166.2,150,,,,,,,,,,,,,,,,
2026-07-06T01:02:08.552405+00:00,2026-07-06T01:02:08.552325,1,1,165.95,0.5,165.7,150,,,,,,,,,,,,,,,,,,,166.2,150,,,,,,,,,,,,,,,,,,
2026-07-06T01:02:08.605643+00:00,2026-07-06T01:02:08.605730,2,1,166.0,0.4,165.8,100,165.7,150,,,,,,,,,,,,,,,,,166.2,150,,,,,,,,,,,,,,,,,,
2026-07-06T01:02:08.679450+00:00,2026-07-06T01:02:08.679353,2,2,166.0,0.4,165.8,100,165.7,150,,,,,,,,,,,,,,,,,166.2,150,166.3,100,,,,,,,,,,,,,,,,
2026-07-06T01:02:09.077337+00:00,2026-07-06T01:02:09.077205,2,2,166.0,0.4,165.8,100,165.7,150,,,,,,,,,,,,,,,,,166.2,100,166.3,100,,,,,,,,,,,,,,,,
2026-07-06T01:02:11.095404+00:00,2026-07-06T01:02:11.095253,1,1,166.05,0.5,165.8,100,,,,,,,,,,,,,,,,,,,166.3,100,,,,,,,,,,,,,,,,,,
2026-07-06T01:02:11.151167+00:00,2026-07-06T01:02:11.151076,2,1,166.1,0.4,165.9,150,165.8,100,,,,,,,,,,,,,,,,,166.3,100,,,,,,,,,,,,,,,,,,
2026-07-06T01:02:11.264256+00:00,2026-07-06T01:02:11.264165,2,2,166.1,0.4,165.9,100,165.8,100,,,,,,,,,,,,,,,,,166.3,100,166.4,150,,,,,,,,,,,,,,,,
2026-07-06T01:02:11.764742+00:00,2026-07-06T01:02:11.764447,1,1,166.15,0.5,165.9,100,,,,,,,,,,,,,,,,,,,166.4,150,,,,,,,,,,,,,,,,,,
2026-07-06T01:02:11.786521+00:00,2026-07-06T01:02:11.786478,2,1,166.15,0.5,165.9,100,165.8,100,,,,,,,,,,,,,,,,,166.4,150,,,,,,,,,,,,,,,,,,
2026-07-06T01:02:11.844069+00:00,2026-07-06T01:02:11.843941,2,2,166.1,0.4,165.9,100,165.8,100,,,,,,,,,,,,,,,,,166.3,100,166.4,150,,,,,,,,,,,,,,,,
2026-07-06T01:02:11.872083+00:00,2026-07-06T01:02:11.866180,2,2,166.1,0.4,165.9,89,165.8,100,,,,,,,,,,,,,,,,,166.3,100,166.4,150,,,,,,,,,,,,,,,,
2026-07-06T01:02:12.303980+00:00,2026-07-06T01:02:12.303909,2,2,166.1,0.4,165.9,77,165.8,100,,,,,,,,,,,,,,,,,166.3,100,166.4,150,,,,,,,,,,,,,,,,
2026-07-06T01:02:13.297728+00:00,2026-07-06T01:02:13.297637,2,2,166.1,0.4,165.9,77,165.8,100,,,,,,,,,,,,,,,,,166.3,50,166.4,150,,,,,,,,,,,,,,,,
2026-07-06T01:02:13.726583+00:00,2026-07-06T01:02:13.726517,2,2,166.1,0.4,165.9,35,165.8,100,,,,,,,,,,,,,,,,,166.3,50,166.4,150,,,,,,,,,,,,,,,,
2026-07-06T01:02:14.258624+00:00,2026-07-06T01:02:14.258479,1,1,166.05,0.5,165.8,100,,,,,,,,,,,,,,,,,,,166.3,50,,,,,,,,,,,,,,,,,,
2026-07-06T01:02:14.315103+00:00,2026-07-06T01:02:14.315287,2,1,166.05,0.5,165.8,100,165.7,150,,,,,,,,,,,,,,,,,166.3,50,,,,,,,,,,,,,,,,,,
2026-07-06T01:02:14.320631+00:00,2026-07-06T01:02:14.320492,2,1,166.05,0.5,165.8,100,165.7,150,,,,,,,,,,,,,,,,,166.3,38,,,,,,,,,,,,,,,,,,
2026-07-06T01:02:14.371332+00:00,2026-07-06T01:02:14.371230,2,2,166.0,0.4,165.8,100,165.7,150,,,,,,,,,,,,,,,,,166.2,150,166.3,38,,,,,,,,,,,,,,,,
2026-07-06T01:02:14.898912+00:00,2026-07-06T01:02:14.898780,1,1,165.95,0.5,165.7,150,,,,,,,,,,,,,,,,,,,166.2,150,,,,,,,,,,,,,,,,,,
2026-07-06T01:02:14.958599+00:00,2026-07-06T01:02:14.954315,2,1,166.1,0.2,166.0,100,165.7,150,,,,,,,,,,,,,,,,,166.2,150,,,,,,,,,,,,,,,,,,
2026-07-06T01:02:15.007735+00:00,2026-07-06T01:02:15.007644,2,2,166.1,0.2,166.0,100,165.7,150,,,,,,,,,,,,,,,,,166.2,150,166.5,100,,,,,,,,,,,,,,,,
2026-07-06T01:02:15.224858+00:00,2026-07-06T01:02:15.224812,2,2,166.1,0.2,166.0,60,165.7,150,,,,,,,,,,,,,,,,,166.2,150,166.5,100,,,,,,,,,,,,,,,,
2026-07-06T01:02:15.397920+00:00,2026-07-06T01:02:15.397797,2,2,166.1,0.2,166.0,60,165.7,150,,,,,,,,,,,,,,,,,166.2,100,166.5,100,,,,,,,,,,,,,,,,
2026-07-06T01:02:15.688886+00:00,2026-07-06T01:02:15.688782,2,2,166.1,0.2,166.0,60,165.7,150,,,,,,,,,,,,,,,,,166.2,56,166.5,100,,,,,,,,,,,,,,,,
2026-07-06T01:02:17.426103+00:00,2026-07-06T01:02:17.426061,1,1,166.25,0.5,166.0,60,,,,,,,,,,,,,,,,,,,166.5,100,,,,,,,,,,,,,,,,,,
2026-07-06T01:02:17.478601+00:00,2026-07-06T01:02:17.478469,2,1,166.3,0.4,166.1,150,166.0,60,,,,,,,,,,,,,,,,,166.5,100,,,,,,,,,,,,,,,,,,
2026-07-06T01:02:17.533637+00:00,2026-07-06T01:02:17.533563,2,2,166.3,0.4,166.1,150,166.0,60,,,,,,,,,,,,,,,,,166.5,100,166.6,150,,,,,,,,,,,,,,,,
2026-07-06T01:02:18.058607+00:00,2026-07-06T01:02:18.057551,1,1,166.35,0.5,166.1,150,,,,,,,,,,,,,,,,,,,166.6,150,,,,,,,,,,,,,,,,,,
2026-07-06T01:02:18.117216+00:00,2026-07-06T01:02:18.117184,2,1,166.45,0.3,166.3,100,166.1,150,,,,,,,,,,,,,,,,,166.6,150,,,,,,,,,,,,,,,,,,
2026-07-06T01:02:18.169911+00:00,2026-07-06T01:02:18.169837,2,2,166.45,0.3,166.3,100,166.1,150,,,,,,,,,,,,,,,,,166.6,150,166.8,100,,,,,,,,,,,,,,,,
2026-07-06T01:02:18.336309+00:00,2026-07-06T01:02:18.336276,2,2,166.45,0.3,166.3,92,166.1,150,,,,,,,,,,,,,,,,,166.6,150,166.8,100,,,,,,,,,,,,,,,,
2026-07-06T01:02:19.665614+00:00,2026-07-06T01:02:19.665489,2,2,166.45,0.3,166.3,42,166.1,150,,,,,,,,,,,,,,,,,166.6,150,166.8,100,,,,,,,,,,,,,,,,
2026-07-06T01:02:20.587748+00:00,2026-07-06T01:02:20.587642,1,1,166.55,0.5,166.3,42,,,,,,,,,,,,,,,,,,,166.8,100,,,,,,,,,,,,,,,,,,
2026-07-06T01:02:20.642056+00:00,2026-07-06T01:02:20.642026,1,1,166.55,0.5,166.3,192,,,,,,,,,,,,,,,,,,,166.8,100,,,,,,,,,,,,,,,,,,
2026-07-06T01:02:20.694448+00:00,2026-07-06T01:02:20.694368,1,1,166.55,0.5,166.3,192,,,,,,,,,,,,,,,,,,,166.8,250,,,,,,,,,,,,,,,,,,
2026-07-06T01:02:20.798942+00:00,2026-07-06T01:02:20.798765,1,1,166.55,0.5,166.3,147,,,,,,,,,,,,,,,,,,,166.8,250,,,,,,,,,,,,,,,,,,
2026-07-06T01:02:21.223494+00:00,2026-07-06T01:02:21.223463,1,1,166.55,0.5,166.3,147,,,,,,,,,,,,,,,,,,,166.8,150,,,,,,,,,,,,,,,,,,
2026-07-06T01:02:21.276999+00:00,2026-07-06T01:02:21.276919,2,1,166.55,0.5,166.3,147,166.1,100,,,,,,,,,,,,,,,,,166.8,150,,,,,,,,,,,,,,,,,,
2026-07-06T01:02:21.327136+00:00,2026-07-06T01:02:21.327350,2,2,166.45,0.3,166.3,147,166.1,100,,,,,,,,,,,,,,,,,166.6,100,166.8,150,,,,,,,,,,,,,,,,
2026-07-06T01:02:23.343186+00:00,2026-07-06T01:02:23.343024,2,2,166.45,0.3,166.3,147,166.1,100,,,,,,,,,,,,,,,,,166.6,60,166.8,150,,,,,,,,,,,,,,,,
2026-07-06T01:02:23.748336+00:00,2026-07-06T01:02:23.748278,1,1,166.35,0.5,166.1,100,,,,,,,,,,,,,,,,,,,166.6,60,,,,,,,,,,,,,,,,,,
2026-07-06T01:02:23.803150+00:00,2026-07-06T01:02:23.803013,2,1,166.45,0.3,166.3,150,166.1,100,,,,,,,,,,,,,,,,,166.6,60,,,,,,,,,,,,,,,,,,
2026-07-06T01:02:23.858671+00:00,2026-07-06T01:02:23.855633,2,2,166.45,0.3,166.3,150,166.1,100,,,,,,,,,,,,,,,,,166.6,60,166.8,150,,,,,,,,,,,,,,,,
2026-07-06T01:02:24.347002+00:00,2026-07-06T01:02:24.347298,2,2,166.45,0.3,166.3,142,166.1,100,,,,,,,,,,,,,,,,,166.6,60,166.8,150,,,,,,,,,,,,,,,,
2026-07-06T01:02:24.381078+00:00,2026-07-06T01:02:24.381049,1,1,166.55,0.5,166.3,142,,,,,,,,,,,,,,,,,,,166.8,150,,,,,,,,,,,,,,,,,,
2026-07-06T01:02:24.442686+00:00,2026-07-06T01:02:24.442544,1,1,166.55,0.5,166.3,242,,,,,,,,,,,,,,,,,,,166.8,150,,,,,,,,,,,,,,,,,,
2026-07-06T01:02:24.495047+00:00,2026-07-06T01:02:24.494999,1,1,166.55,0.5,166.3,242,,,,,,,,,,,,,,,,,,,166.8,250,,,,,,,,,,,,,,,,,,
2026-07-06T01:02:25.826155+00:00,2026-07-06T01:02:25.826023,1,1,166.55,0.5,166.3,242,,,,,,,,,,,,,,,,,,,166.8,200,,,,,,,,,,,,,,,,,,
2026-07-06T01:02:26.851358+00:00,2026-07-06T01:02:26.844515,1,1,166.55,0.5,166.3,242,,,,,,,,,,,,,,,,,,,166.8,189,,,,,,,,,,,,,,,,,,
2026-07-06T01:02:26.908803+00:00,2026-07-06T01:02:26.908772,1,1,166.55,0.5,166.3,100,,,,,,,,,,,,,,,,,,,166.8,100,,,,,,,,,,,,,,,,,,
2026-07-06T01:02:26.963967+00:00,2026-07-06T01:02:26.963900,2,0,,,167.0,50,166.3,100,,,,,,,,,,,,,,,,,,,,,,,,,,,,,,,,,,,,
2026-07-06T01:02:27.027134+00:00,2026-07-06T01:02:27.020961,2,1,167.25,0.5,167.0,39,166.3,100,,,,,,,,,,,,,,,,,167.5,150,,,,,,,,,,,,,,,,,,
2026-07-06T01:02:27.256837+00:00,2026-07-06T01:02:27.257052,1,1,166.9,1.2,166.3,96,,,,,,,,,,,,,,,,,,,167.5,150,,,,,,,,,,,,,,,,,,
2026-07-06T01:02:27.549233+00:00,2026-07-06T01:02:27.549164,0,1,,,,,,,,,,,,,,,,,,,,,,,167.5,150,,,,,,,,,,,,,,,,,,
2026-07-06T01:02:27.612428+00:00,2026-07-06T01:02:27.606838,1,1,167.25,0.5,167.0,77,,,,,,,,,,,,,,,,,,,167.5,150,,,,,,,,,,,,,,,,,,
2026-07-06T01:02:27.656465+00:00,2026-07-06T01:02:27.656549,1,1,167.25,0.5,167.0,77,,,,,,,,,,,,,,,,,,,167.5,250,,,,,,,,,,,,,,,,,,
2026-07-06T01:02:28.363798+00:00,2026-07-06T01:02:28.363677,1,1,167.25,0.5,167.0,77,,,,,,,,,,,,,,,,,,,167.5,234,,,,,,,,,,,,,,,,,,
2026-07-06T01:02:28.787097+00:00,2026-07-06T01:02:28.787079,1,1,167.25,0.5,167.0,37,,,,,,,,,,,,,,,,,,,167.5,234,,,,,,,,,,,,,,,,,,
2026-07-06T01:02:29.766149+00:00,2026-07-06T01:02:29.766087,0,1,,,,,,,,,,,,,,,,,,,,,,,167.5,234,,,,,,,,,,,,,,,,,,
2026-07-06T01:02:30.071285+00:00,2026-07-06T01:02:30.071374,0,1,,,,,,,,,,,,,,,,,,,,,,,167.5,100,,,,,,,,,,,,,,,,,,
2026-07-06T01:02:30.124126+00:00,2026-07-06T01:02:30.124023,1,1,167.05,0.9,166.6,150,,,,,,,,,,,,,,,,,,,167.5,100,,,,,,,,,,,,,,,,,,
2026-07-06T01:02:30.189138+00:00,2026-07-06T01:02:30.182241,1,2,166.85,0.5,166.6,150,,,,,,,,,,,,,,,,,,,167.1,139,167.5,100,,,,,,,,,,,,,,,,
2026-07-06T01:02:30.710830+00:00,2026-07-06T01:02:30.710740,1,1,166.85,0.5,166.6,150,,,,,,,,,,,,,,,,,,,167.1,139,,,,,,,,,,,,,,,,,,
2026-07-06T01:02:30.763904+00:00,2026-07-06T01:02:30.763825,2,1,166.95,0.3,166.8,100,166.6,150,,,,,,,,,,,,,,,,,167.1,139,,,,,,,,,,,,,,,,,,
2026-07-06T01:02:30.816736+00:00,2026-07-06T01:02:30.816630,2,2,166.95,0.3,166.8,100,166.6,150,,,,,,,,,,,,,,,,,167.1,139,167.3,100,,,,,,,,,,,,,,,,
2026-07-06T01:02:32.138312+00:00,2026-07-06T01:02:32.138423,2,2,166.95,0.3,166.8,100,166.6,150,,,,,,,,,,,,,,,,,167.1,89,167.3,100,,,,,,,,,,,,,,,,
2026-07-06T01:02:32.969096+00:00,2026-07-06T01:02:32.969011,2,2,166.95,0.3,166.8,100,166.6,150,,,,,,,,,,,,,,,,,167.1,42,167.3,100,,,,,,,,,,,,,,,,
2026-07-06T01:02:33.228599+00:00,2026-07-06T01:02:33.228579,1,1,167.05,0.5,166.8,100,,,,,,,,,,,,,,,,,,,167.3,100,,,,,,,,,,,,,,,,,,
2026-07-06T01:02:33.285385+00:00,2026-07-06T01:02:33.285473,2,1,167.15,0.3,167.0,150,166.8,100,,,,,,,,,,,,,,,,,167.3,100,,,,,,,,,,,,,,,,,,
2026-07-06T01:02:33.337181+00:00,2026-07-06T01:02:33.337076,2,2,167.15,0.3,167.0,150,166.8,100,,,,,,,,,,,,,,,,,167.3,100,167.5,150,,,,,,,,,,,,,,,,
2026-07-06T01:02:33.865803+00:00,2026-07-06T01:02:33.862036,1,1,167.25,0.5,167.0,150,,,,,,,,,,,,,,,,,,,167.5,150,,,,,,,,,,,,,,,,,,
2026-07-06T01:02:33.925174+00:00,2026-07-06T01:02:33.925085,2,1,167.25,0.5,167.0,150,166.8,100,,,,,,,,,,,,,,,,,167.5,150,,,,,,,,,,,,,,,,,,
2026-07-06T01:02:33.977992+00:00,2026-07-06T01:02:33.977959,2,2,167.15,0.3,167.0,150,166.8,100,,,,,,,,,,,,,,,,,167.3,100,167.5,150,,,,,,,,,,,,,,,,
2026-07-06T01:02:34.245102+00:00,2026-07-06T01:02:34.245065,2,2,167.15,0.3,167.0,150,166.8,100,,,,,,,,,,,,,,,,,167.3,50,167.5,150,,,,,,,,,,,,,,,,
2026-07-06T01:02:34.468864+00:00,2026-07-06T01:02:34.468972,2,2,167.15,0.3,167.0,150,166.8,100,,,,,,,,,,,,,,,,,167.3,8,167.5,150,,,,,,,,,,,,,,,,
2026-07-06T01:02:34.981427+00:00,2026-07-06T01:02:34.981342,2,2,167.15,0.3,167.0,102,166.8,100,,,,,,,,,,,,,,,,,167.3,8,167.5,150,,,,,,,,,,,,,,,,
2026-07-06T01:02:36.353475+00:00,2026-07-06T01:02:36.353360,2,1,167.25,0.5,167.0,102,166.8,100,,,,,,,,,,,,,,,,,167.5,108,,,,,,,,,,,,,,,,,,
2026-07-06T01:02:36.384386+00:00,2026-07-06T01:02:36.384341,2,1,167.25,0.5,167.0,90,166.8,100,,,,,,,,,,,,,,,,,167.5,108,,,,,,,,,,,,,,,,,,
2026-07-06T01:02:36.389630+00:00,2026-07-06T01:02:36.389539,1,0,,,166.8,100,,,,,,,,,,,,,,,,,,,,,,,,,,,,,,,,,,,,,,
2026-07-06T01:02:36.439173+00:00,2026-07-06T01:02:36.439133,2,0,,,166.9,150,166.8,100,,,,,,,,,,,,,,,,,,,,,,,,,,,,,,,,,,,,
2026-07-06T01:02:36.491401+00:00,2026-07-06T01:02:36.491560,2,1,167.15,0.5,166.9,150,166.8,100,,,,,,,,,,,,,,,,,167.4,150,,,,,,,,,,,,,,,,,,
2026-07-06T01:02:37.031706+00:00,2026-07-06T01:02:37.031635,1,1,167.15,0.5,166.9,150,,,,,,,,,,,,,,,,,,,167.4,150,,,,,,,,,,,,,,,,,,
2026-07-06T01:02:37.085690+00:00,2026-07-06T01:02:37.085822,2,1,167.25,0.3,167.1,100,166.9,150,,,,,,,,,,,,,,,,,167.4,150,,,,,,,,,,,,,,,,,,
2026-07-06T01:02:37.144056+00:00,2026-07-06T01:02:37.143961,2,2,167.25,0.3,167.1,100,166.9,150,,,,,,,,,,,,,,,,,167.4,150,167.6,100,,,,,,,,,,,,,,,,
2026-07-06T01:02:38.396406+00:00,2026-07-06T01:02:38.396266,2,2,167.25,0.3,167.1,96,166.9,150,,,,,,,,,,,,,,,,,167.4,150,167.6,100,,,,,,,,,,,,,,,,
2026-07-06T01:02:39.574250+00:00,2026-07-06T01:02:39.574183,1,1,167.35,0.5,167.1,96,,,,,,,,,,,,,,,,,,,167.6,100,,,,,,,,,,,,,,,,,,
2026-07-06T01:02:39.629264+00:00,2026-07-06T01:02:39.629137,2,1,167.35,0.5,167.1,96,166.9,150,,,,,,,,,,,,,,,,,167.6,100,,,,,,,,,,,,,,,,,,
2026-07-06T01:02:39.683460+00:00,2026-07-06T01:02:39.683354,2,2,167.25,0.3,167.1,96,166.9,150,,,,,,,,,,,,,,,,,167.4,150,167.6,100,,,,,,,,,,,,,,,,
2026-07-06T01:02:40.139354+00:00,2026-07-06T01:02:40.139293,2,2,167.25,0.3,167.1,96,166.9,150,,,,,,,,,,,,,,,,,167.4,105,167.6,100,,,,,,,,,,,,,,,,
2026-07-06T01:02:40.198898+00:00,2026-07-06T01:02:40.199078,1,1,167.15,0.5,166.9,150,,,,,,,,,,,,,,,,,,,167.4,105,,,,,,,,,,,,,,,,,,
2026-07-06T01:02:40.251995+00:00,2026-07-06T01:02:40.251881,2,1,167.25,0.3,167.1,100,166.9,150,,,,,,,,,,,,,,,,,167.4,105,,,,,,,,,,,,,,,,,,
2026-07-06T01:02:40.304927+00:00,2026-07-06T01:02:40.304868,2,2,167.25,0.3,167.1,100,166.9,150,,,,,,,,,,,,,,,,,167.4,105,167.6,100,,,,,,,,,,,,,,,,
2026-07-06T01:02:42.136043+00:00,2026-07-06T01:02:42.135986,2,2,167.25,0.3,167.1,53,166.9,150,,,,,,,,,,,,,,,,,167.4,105,167.6,100,,,,,,,,,,,,,,,,
2026-07-06T01:02:42.666974+00:00,2026-07-06T01:02:42.666845,2,2,167.25,0.3,167.1,53,166.9,150,,,,,,,,,,,,,,,,,167.4,55,167.6,100,,,,,,,,,,,,,,,,
2026-07-06T01:02:42.740562+00:00,2026-07-06T01:02:42.740714,1,1,167.35,0.5,167.1,53,,,,,,,,,,,,,,,,,,,167.6,100,,,,,,,,,,,,,,,,,,
2026-07-06T01:02:42.745969+00:00,2026-07-06T01:02:42.745947,1,1,167.35,0.5,167.1,53,,,,,,,,,,,,,,,,,,,167.6,57,,,,,,,,,,,,,,,,,,
2026-07-06T01:02:42.806038+00:00,2026-07-06T01:02:42.800098,2,1,167.55,0.1,167.5,139,167.1,53,,,,,,,,,,,,,,,,,167.6,57,,,,,,,,,,,,,,,,,,
2026-07-06T01:02:42.848889+00:00,2026-07-06T01:02:42.848771,2,2,167.55,0.1,167.5,139,167.1,53,,,,,,,,,,,,,,,,,167.6,57,168.0,150,,,,,,,,,,,,,,,,
2026-07-06T01:02:43.363921+00:00,2026-07-06T01:02:43.363806,1,1,167.75,0.5,167.5,139,,,,,,,,,,,,,,,,,,,168.0,150,,,,,,,,,,,,,,,,,,
2026-07-06T01:02:43.416856+00:00,2026-07-06T01:02:43.416747,2,1,167.75,0.5,167.5,139,167.3,100,,,,,,,,,,,,,,,,,168.0,150,,,,,,,,,,,,,,,,,,
2026-07-06T01:02:43.465097+00:00,2026-07-06T01:02:43.465072,2,2,167.65,0.3,167.5,139,167.3,100,,,,,,,,,,,,,,,,,167.8,100,168.0,150,,,,,,,,,,,,,,,,
2026-07-06T01:02:43.864008+00:00,2026-07-06T01:02:43.863791,2,2,167.65,0.3,167.5,98,167.3,100,,,,,,,,,,,,,,,,,167.8,100,168.0,150,,,,,,,,,,,,,,,,
2026-07-06T01:02:44.413771+00:00,2026-07-06T01:02:44.413932,2,2,167.65,0.3,167.5,93,167.3,100,,,,,,,,,,,,,,,,,167.8,100,168.0,150,,,,,,,,,,,,,,,,
2026-07-06T01:02:45.348017+00:00,2026-07-06T01:02:45.347919,2,2,167.65,0.3,167.5,52,167.3,100,,,,,,,,,,,,,,,,,167.8,100,168.0,150,,,,,,,,,,,,,,,,
2026-07-06T01:02:45.902810+00:00,2026-07-06T01:02:45.902783,1,1,167.55,0.5,167.3,100,,,,,,,,,,,,,,,,,,,167.8,100,,,,,,,,,,,,,,,,,,
2026-07-06T01:02:45.958572+00:00,2026-07-06T01:02:45.950352,2,1,167.55,0.5,167.3,100,167.0,150,,,,,,,,,,,,,,,,,167.8,100,,,,,,,,,,,,,,,,,,
2026-07-06T01:02:46.009691+00:00,2026-07-06T01:02:46.009787,2,2,167.4,0.2,167.3,100,167.0,150,,,,,,,,,,,,,,,,,167.5,150,167.8,100,,,,,,,,,,,,,,,,
2026-07-06T01:02:46.523366+00:00,2026-07-06T01:02:46.523315,1,1,167.25,0.5,167.0,150,,,,,,,,,,,,,,,,,,,167.5,150,,,,,,,,,,,,,,,,,,
2026-07-06T01:02:46.579854+00:00,2026-07-06T01:02:46.579809,2,1,167.35,0.3,167.2,100,167.0,150,,,,,,,,,,,,,,,,,167.5,150,,,,,,,,,,,,,,,,,,
2026-07-06T01:02:46.632692+00:00,2026-07-06T01:02:46.632571,2,2,167.35,0.3,167.2,100,167.0,150,,,,,,,,,,,,,,,,,167.5,150,167.7,100,,,,,,,,,,,,,,,,
2026-07-06T01:02:46.875957+00:00,2026-07-06T01:02:46.876098,2,2,167.35,0.3,167.2,100,167.0,150,,,,,,,,,,,,,,,,,167.5,100,167.7,100,,,,,,,,,,,,,,,,
2026-07-06T01:02:48.087740+00:00,2026-07-06T01:02:48.087664,2,2,167.35,0.3,167.2,53,167.0,150,,,,,,,,,,,,,,,,,167.5,100,167.7,100,,,,,,,,,,,,,,,,
2026-07-06T01:02:48.987069+00:00,2026-07-06T01:02:48.986944,2,2,167.35,0.3,167.2,53,167.0,150,,,,,,,,,,,,,,,,,167.5,50,167.7,100,,,,,,,,,,,,,,,,
2026-07-06T01:02:49.065283+00:00,2026-07-06T01:02:49.065190,1,1,167.45,0.5,167.2,53,,,,,,,,,,,,,,,,,,,167.7,100,,,,,,,,,,,,,,,,,,
2026-07-06T01:02:49.119679+00:00,2026-07-06T01:02:49.119569,2,1,167.5,0.4,167.3,150,167.2,53,,,,,,,,,,,,,,,,,167.7,100,,,,,,,,,,,,,,,,,,
2026-07-06T01:02:49.168763+00:00,2026-07-06T01:02:49.168587,2,2,167.5,0.4,167.3,150,167.2,53,,,,,,,,,,,,,,,,,167.7,100,167.8,150,,,,,,,,,,,,,,,,
2026-07-06T01:02:49.379006+00:00,2026-07-06T01:02:49.372954,2,2,167.5,0.4,167.3,138,167.2,53,,,,,,,,,,,,,,,,,167.7,100,167.8,150,,,,,,,,,,,,,,,,
2026-07-06T01:02:49.686167+00:00,2026-07-06T01:02:49.686373,1,1,167.55,0.5,167.3,138,,,,,,,,,,,,,,,,,,,167.8,150,,,,,,,,,,,,,,,,,,
2026-07-06T01:02:49.740045+00:00,2026-07-06T01:02:49.739986,2,1,167.55,0.5,167.3,138,166.8,100,,,,,,,,,,,,,,,,,167.8,150,,,,,,,,,,,,,,,,,,
2026-07-06T01:02:49.792416+00:00,2026-07-06T01:02:49.792260,2,1,167.55,0.5,167.3,38,166.8,100,,,,,,,,,,,,,,,,,167.8,150,,,,,,,,,,,,,,,,,,
2026-07-06T01:02:50.445359+00:00,2026-07-06T01:02:50.445195,2,1,167.55,0.5,167.3,32,166.8,100,,,,,,,,,,,,,,,,,167.8,150,,,,,,,,,,,,,,,,,,
2026-07-06T01:02:51.146975+00:00,2026-07-06T01:02:51.146920,1,1,167.3,1.0,166.8,82,,,,,,,,,,,,,,,,,,,167.8,150,,,,,,,,,,,,,,,,,,
2026-07-06T01:02:52.219297+00:00,2026-07-06T01:02:52.219179,1,0,,,166.8,82,,,,,,,,,,,,,,,,,,,,,,,,,,,,,,,,,,,,,,
2026-07-06T01:02:52.296660+00:00,2026-07-06T01:02:52.296736,2,0,,,166.8,82,166.6,150,,,,,,,,,,,,,,,,,,,,,,,,,,,,,,,,,,,,
2026-07-06T01:02:52.349820+00:00,2026-07-06T01:02:52.349716,2,1,166.95,0.3,166.8,82,166.6,150,,,,,,,,,,,,,,,,,167.1,150,,,,,,,,,,,,,,,,,,
2026-07-06T01:02:52.514680+00:00,2026-07-06T01:02:52.508891,2,1,166.95,0.3,166.8,82,166.6,150,,,,,,,,,,,,,,,,,167.1,127,,,,,,,,,,,,,,,,,,
2026-07-06T01:02:52.847264+00:00,2026-07-06T01:02:52.847142,1,1,166.85,0.5,166.6,150,,,,,,,,,,,,,,,,,,,167.1,127,,,,,,,,,,,,,,,,,,
2026-07-06T01:02:52.899757+00:00,2026-07-06T01:02:52.899645,1,1,166.85,0.5,166.6,150,,,,,,,,,,,,,,,,,,,167.1,27,,,,,,,,,,,,,,,,,,
2026-07-06T01:02:52.963886+00:00,2026-07-06T01:02:52.963779,1,2,166.85,0.5,166.6,150,,,,,,,,,,,,,,,,,,,167.1,27,167.7,100,,,,,,,,,,,,,,,,
2026-07-06T01:02:53.258572+00:00,2026-07-06T01:02:53.254041,1,2,166.85,0.5,166.6,100,,,,,,,,,,,,,,,,,,,167.1,27,167.7,100,,,,,,,,,,,,,,,,
2026-07-06T01:02:53.906436+00:00,2026-07-06T01:02:53.906578,1,1,167.15,1.1,166.6,100,,,,,,,,,,,,,,,,,,,167.7,79,,,,,,,,,,,,,,,,,,
2026-07-06T01:02:54.463769+00:00,2026-07-06T01:02:54.463880,1,1,167.15,1.1,166.6,100,,,,,,,,,,,,,,,,,,,167.7,52,,,,,,,,,,,,,,,,,,
2026-07-06T01:02:55.403384+00:00,2026-07-06T01:02:55.403283,0,1,,,,,,,,,,,,,,,,,,,,,,,167.7,52,,,,,,,,,,,,,,,,,,
2026-07-06T01:02:55.463641+00:00,2026-07-06T01:02:55.463778,1,1,167.3,0.8,166.9,150,,,,,,,,,,,,,,,,,,,167.7,52,,,,,,,,,,,,,,,,,,
2026-07-06T01:02:55.509344+00:00,2026-07-06T01:02:55.509224,1,2,167.15,0.5,166.9,150,,,,,,,,,,,,,,,,,,,167.4,150,167.7,52,,,,,,,,,,,,,,,,
2026-07-06T01:02:56.008411+00:00,2026-07-06T01:02:56.008331,1,1,167.15,0.5,166.9,150,,,,,,,,,,,,,,,,,,,167.4,150,,,,,,,,,,,,,,,,,,
2026-07-06T01:02:56.063955+00:00,2026-07-06T01:02:56.063806,1,1,167.15,0.5,166.9,150,,,,,,,,,,,,,,,,,,,167.4,50,,,,,,,,,,,,,,,,,,
2026-07-06T01:02:56.114222+00:00,2026-07-06T01:02:56.114313,1,2,167.15,0.5,166.9,150,,,,,,,,,,,,,,,,,,,167.4,50,168.0,100,,,,,,,,,,,,,,,,
2026-07-06T01:02:57.419830+00:00,2026-07-06T01:02:57.419768,1,1,167.45,1.1,166.9,150,,,,,,,,,,,,,,,,,,,168.0,100,,,,,,,,,,,,,,,,,,
2026-07-06T01:02:58.558551+00:00,2026-07-06T01:02:58.557758,0,1,,,,,,,,,,,,,,,,,,,,,,,168.0,100,,,,,,,,,,,,,,,,,,
2026-07-06T01:02:58.622953+00:00,2026-07-06T01:02:58.617328,1,1,167.9,0.2,167.8,113,,,,,,,,,,,,,,,,,,,168.0,100,,,,,,,,,,,,,,,,,,
2026-07-06T01:02:58.669712+00:00,2026-07-06T01:02:58.669681,1,2,167.9,0.2,167.8,113,,,,,,,,,,,,,,,,,,,168.0,100,168.3,150,,,,,,,,,,,,,,,,
2026-07-06T01:02:59.166692+00:00,2026-07-06T01:02:59.166583,1,1,168.05,0.5,167.8,113,,,,,,,,,,,,,,,,,,,168.3,150,,,,,,,,,,,,,,,,,,
2026-07-06T01:02:59.219927+00:00,2026-07-06T01:02:59.219857,2,1,168.05,0.5,167.8,113,166.9,100,,,,,,,,,,,,,,,,,168.3,150,,,,,,,,,,,,,,,,,,
2026-07-06T01:02:59.273356+00:00,2026-07-06T01:02:59.273208,2,1,168.05,0.5,167.8,13,166.9,100,,,,,,,,,,,,,,,,,168.3,150,,,,,,,,,,,,,,,,,,
2026-07-06T01:03:00.470535+00:00,2026-07-06T01:03:00.470416,1,1,167.6,1.4,166.9,100,,,,,,,,,,,,,,,,,,,168.3,150,,,,,,,,,,,,,,,,,,
2026-07-06T01:03:01.633795+00:00,2026-07-06T01:03:01.633956,1,1,167.6,1.4,166.9,100,,,,,,,,,,,,,,,,,,,168.3,100,,,,,,,,,,,,,,,,,,
2026-07-06T01:03:01.722615+00:00,2026-07-06T01:03:01.722569,1,0,,,166.9,100,,,,,,,,,,,,,,,,,,,,,,,,,,,,,,,,,,,,,,
2026-07-06T01:03:01.775037+00:00,2026-07-06T01:03:01.775161,2,0,,,167.3,150,166.9,100,,,,,,,,,,,,,,,,,,,,,,,,,,,,,,,,,,,,
2026-07-06T01:03:01.827241+00:00,2026-07-06T01:03:01.827124,2,1,167.55,0.5,167.3,150,166.9,100,,,,,,,,,,,,,,,,,167.8,150,,,,,,,,,,,,,,,,,,
2026-07-06T01:03:02.328251+00:00,2026-07-06T01:03:02.328151,1,1,167.55,0.5,167.3,150,,,,,,,,,,,,,,,,,,,167.8,150,,,,,,,,,,,,,,,,,,
2026-07-06T01:03:02.376682+00:00,2026-07-06T01:03:02.376758,2,1,167.55,0.5,167.3,150,167.0,100,,,,,,,,,,,,,,,,,167.8,150,,,,,,,,,,,,,,,,,,
2026-07-06T01:03:02.434246+00:00,2026-07-06T01:03:02.434202,2,2,167.4,0.2,167.3,150,167.0,100,,,,,,,,,,,,,,,,,167.5,100,167.8,150,,,,,,,,,,,,,,,,
2026-07-06T01:03:02.482174+00:00,2026-07-06T01:03:02.482122,2,2,167.4,0.2,167.3,129,167.0,100,,,,,,,,,,,,,,,,,167.5,100,167.8,150,,,,,,,,,,,,,,,,
2026-07-06T01:03:03.742019+00:00,2026-07-06T01:03:03.741893,2,2,167.4,0.2,167.3,129,167.0,100,,,,,,,,,,,,,,,,,167.5,50,167.8,150,,,,,,,,,,,,,,,,
2026-07-06T01:03:04.880123+00:00,2026-07-06T01:03:04.880059,1,1,167.25,0.5,167.0,100,,,,,,,,,,,,,,,,,,,167.5,50,,,,,,,,,,,,,,,,,,
2026-07-06T01:03:04.934154+00:00,2026-07-06T01:03:04.934285,2,1,167.4,0.2,167.3,150,167.0,100,,,,,,,,,,,,,,,,,167.5,50,,,,,,,,,,,,,,,,,,
2026-07-06T01:03:04.984341+00:00,2026-07-06T01:03:04.984263,2,2,167.4,0.2,167.3,150,167.0,100,,,,,,,,,,,,,,,,,167.5,50,167.8,150,,,,,,,,,,,,,,,,
2026-07-06T01:03:05.488061+00:00,2026-07-06T01:03:05.487975,1,1,167.55,0.5,167.3,150,,,,,,,,,,,,,,,,,,,167.8,150,,,,,,,,,,,,,,,,,,
2026-07-06T01:03:05.543322+00:00,2026-07-06T01:03:05.543401,2,1,167.55,0.5,167.3,150,167.2,100,,,,,,,,,,,,,,,,,167.8,150,,,,,,,,,,,,,,,,,,
2026-07-06T01:03:05.610181+00:00,2026-07-06T01:03:05.610090,2,2,167.5,0.4,167.3,150,167.2,100,,,,,,,,,,,,,,,,,167.7,100,167.8,150,,,,,,,,,,,,,,,,
2026-07-06T01:03:05.850301+00:00,2026-07-06T01:03:05.850170,2,2,167.5,0.4,167.3,150,167.2,100,,,,,,,,,,,,,,,,,167.7,50,167.8,150,,,,,,,,,,,,,,,,
2026-07-06T01:03:05.890330+00:00,2026-07-06T01:03:05.890436,2,2,167.5,0.4,167.3,150,167.2,100,,,,,,,,,,,,,,,,,167.7,3,167.8,150,,,,,,,,,,,,,,,,
2026-07-06T01:03:07.958587+00:00,2026-07-06T01:03:07.953542,2,1,167.55,0.5,167.3,150,167.2,100,,,,,,,,,,,,,,,,,167.8,103,,,,,,,,,,,,,,,,,,
2026-07-06T01:03:08.040170+00:00,2026-07-06T01:03:08.040067,1,0,,,167.2,100,,,,,,,,,,,,,,,,,,,,,,,,,,,,,,,,,,,,,,
2026-07-06T01:03:08.105559+00:00,2026-07-06T01:03:08.105452,2,0,,,167.3,150,167.2,100,,,,,,,,,,,,,,,,,,,,,,,,,,,,,,,,,,,,
2026-07-06T01:03:08.147587+00:00,2026-07-06T01:03:08.147491,2,1,167.55,0.5,167.3,150,167.2,100,,,,,,,,,,,,,,,,,167.8,150,,,,,,,,,,,,,,,,,,
2026-07-06T01:03:08.667694+00:00,2026-07-06T01:03:08.667593,1,1,167.55,0.5,167.3,150,,,,,,,,,,,,,,,,,,,167.8,150,,,,,,,,,,,,,,,,,,
2026-07-06T01:03:08.720348+00:00,2026-07-06T01:03:08.720286,2,1,167.65,0.3,167.5,100,167.3,150,,,,,,,,,,,,,,,,,167.8,150,,,,,,,,,,,,,,,,,,
2026-07-06T01:03:08.774624+00:00,2026-07-06T01:03:08.774461,2,2,167.65,0.3,167.5,100,167.3,150,,,,,,,,,,,,,,,,,167.8,150,168.0,100,,,,,,,,,,,,,,,,
2026-07-06T01:03:10.082043+00:00,2026-07-06T01:03:10.081902,2,2,167.65,0.3,167.5,100,167.3,150,,,,,,,,,,,,,,,,,167.8,100,168.0,100,,,,,,,,,,,,,,,,
2026-07-06T01:03:10.500225+00:00,2026-07-06T01:03:10.500184,2,2,167.65,0.3,167.5,92,167.3,150,,,,,,,,,,,,,,,,,167.8,100,168.0,100,,,,,,,,,,,,,,,,
2026-07-06T01:03:11.183795+00:00,2026-07-06T01:03:11.192081,1,1,167.75,0.5,167.5,92,,,,,,,,,,,,,,,,,,,168.0,100,,,,,,,,,,,,,,,,,,
2026-07-06T01:03:11.263819+00:00,2026-07-06T01:03:11.263695,2,1,167.8,0.4,167.6,150,167.5,92,,,,,,,,,,,,,,,,,168.0,100,,,,,,,,,,,,,,,,,,
2026-07-06T01:03:11.358816+00:00,2026-07-06T01:03:11.297290,2,2,167.8,0.4,167.6,150,167.5,92,,,,,,,,,,,,,,,,,168.0,100,168.1,150,,,,,,,,,,,,,,,,
2026-07-06T01:03:11.828537+00:00,2026-07-06T01:03:11.828468,1,1,167.85,0.5,167.6,150,,,,,,,,,,,,,,,,,,,168.1,150,,,,,,,,,,,,,,,,,,
2026-07-06T01:03:11.882980+00:00,2026-07-06T01:03:11.882927,2,1,167.85,0.5,167.6,150,167.4,100,,,,,,,,,,,,,,,,,168.1,150,,,,,,,,,,,,,,,,,,
2026-07-06T01:03:11.935199+00:00,2026-07-06T01:03:11.935286,2,2,167.75,0.3,167.6,150,167.4,100,,,,,,,,,,,,,,,,,167.9,100,168.1,150,,,,,,,,,,,,,,,,
2026-07-06T01:03:11.979250+00:00,2026-07-06T01:03:11.979376,2,2,167.75,0.3,167.6,104,167.4,100,,,,,,,,,,,,,,,,,167.9,100,168.1,150,,,,,,,,,,,,,,,,
2026-07-06T01:03:12.187072+00:00,2026-07-06T01:03:12.186928,2,2,167.75,0.3,167.6,104,167.4,100,,,,,,,,,,,,,,,,,167.9,50,168.1,150,,,,,,,,,,,,,,,,
2026-07-06T01:03:12.513769+00:00,2026-07-06T01:03:12.513649,2,2,167.75,0.3,167.6,103,167.4,100,,,,,,,,,,,,,,,,,167.9,50,168.1,150,,,,,,,,,,,,,,,,
2026-07-06T01:03:12.575630+00:00,2026-07-06T01:03:12.575572,2,2,167.75,0.3,167.6,103,167.4,100,,,,,,,,,,,,,,,,,167.9,10,168.1,150,,,,,,,,,,,,,,,,
2026-07-06T01:03:14.031236+00:00,2026-07-06T01:03:14.031128,2,2,167.75,0.3,167.6,58,167.4,100,,,,,,,,,,,,,,,,,167.9,10,168.1,150,,,,,,,,,,,,,,,,
2026-07-06T01:03:14.295520+00:00,2026-07-06T01:03:14.295448,2,1,167.85,0.5,167.6,58,167.4,100,,,,,,,,,,,,,,,,,168.1,110,,,,,,,,,,,,,,,,,,
2026-07-06T01:03:14.353742+00:00,2026-07-06T01:03:14.353983,1,0,,,167.4,100,,,,,,,,,,,,,,,,,,,,,,,,,,,,,,,,,,,,,,
2026-07-06T01:03:14.412017+00:00,2026-07-06T01:03:14.411921,2,0,,,167.4,100,167.3,150,,,,,,,,,,,,,,,,,,,,,,,,,,,,,,,,,,,,
2026-07-06T01:03:14.458631+00:00,2026-07-06T01:03:14.456175,2,1,167.6,0.4,167.4,100,167.3,150,,,,,,,,,,,,,,,,,167.8,150,,,,,,,,,,,,,,,,,,
2026-07-06T01:03:14.525263+00:00,2026-07-06T01:03:14.525124,2,1,167.6,0.4,167.4,99,167.3,150,,,,,,,,,,,,,,,,,167.8,150,,,,,,,,,,,,,,,,,,
2026-07-06T01:03:14.990026+00:00,2026-07-06T01:03:14.989904,1,1,167.55,0.5,167.3,150,,,,,,,,,,,,,,,,,,,167.8,150,,,,,,,,,,,,,,,,,,
2026-07-06T01:03:15.043662+00:00,2026-07-06T01:03:15.043826,2,1,167.7,0.2,167.6,100,167.3,150,,,,,,,,,,,,,,,,,167.8,150,,,,,,,,,,,,,,,,,,
2026-07-06T01:03:15.097055+00:00,2026-07-06T01:03:15.097152,2,2,167.7,0.2,167.6,100,167.3,150,,,,,,,,,,,,,,,,,167.8,150,168.1,100,,,,,,,,,,,,,,,,
2026-07-06T01:03:16.404169+00:00,2026-07-06T01:03:16.404102,2,2,167.7,0.2,167.6,100,167.3,150,,,,,,,,,,,,,,,,,167.8,100,168.1,100,,,,,,,,,,,,,,,,
2026-07-06T01:03:16.535459+00:00,2026-07-06T01:03:16.535384,2,2,167.7,0.2,167.6,44,167.3,150,,,,,,,,,,,,,,,,,167.8,100,168.1,100,,,,,,,,,,,,,,,,
2026-07-06T01:03:17.260933+00:00,2026-07-06T01:03:17.254190,2,2,167.7,0.2,167.6,30,167.3,150,,,,,,,,,,,,,,,,,167.8,100,168.1,100,,,,,,,,,,,,,,,,
2026-07-06T01:03:17.518941+00:00,2026-07-06T01:03:17.518867,1,1,167.85,0.5,167.6,30,,,,,,,,,,,,,,,,,,,168.1,100,,,,,,,,,,,,,,,,,,
2026-07-06T01:03:17.574087+00:00,2026-07-06T01:03:17.574038,1,1,167.85,0.5,167.6,180,,,,,,,,,,,,,,,,,,,168.1,100,,,,,,,,,,,,,,,,,,
2026-07-06T01:03:17.637233+00:00,2026-07-06T01:03:17.637146,1,1,167.85,0.5,167.6,180,,,,,,,,,,,,,,,,,,,168.1,250,,,,,,,,,,,,,,,,,,
2026-07-06T01:03:18.158591+00:00,2026-07-06T01:03:18.151389,1,1,167.85,0.5,167.6,150,,,,,,,,,,,,,,,,,,,168.1,150,,,,,,,,,,,,,,,,,,
2026-07-06T01:03:18.207390+00:00,2026-07-06T01:03:18.207317,1,1,167.85,0.5,167.6,250,,,,,,,,,,,,,,,,,,,168.1,150,,,,,,,,,,,,,,,,,,
2026-07-06T01:03:18.261247+00:00,2026-07-06T01:03:18.261112,1,1,167.85,0.5,167.6,250,,,,,,,,,,,,,,,,,,,168.1,250,,,,,,,,,,,,,,,,,,
2026-07-06T01:03:18.511708+00:00,2026-07-06T01:03:18.511606,1,1,167.85,0.5,167.6,250,,,,,,,,,,,,,,,,,,,168.1,200,,,,,,,,,,,,,,,,,,
2026-07-06T01:03:18.548190+00:00,2026-07-06T01:03:18.548078,1,1,167.85,0.5,167.6,250,,,,,,,,,,,,,,,,,,,168.1,198,,,,,,,,,,,,,,,,,,
2026-07-06T01:03:20.054089+00:00,2026-07-06T01:03:20.048669,1,1,167.85,0.5,167.6,250,,,,,,,,,,,,,,,,,,,168.1,187,,,,,,,,,,,,,,,,,,
2026-07-06T01:03:20.559252+00:00,2026-07-06T01:03:20.559123,1,1,167.85,0.5,167.6,248,,,,,,,,,,,,,,,,,,,168.1,187,,,,,,,,,,,,,,,,,,
2026-07-06T01:03:20.620117+00:00,2026-07-06T01:03:20.620086,1,1,167.85,0.5,167.6,248,,,,,,,,,,,,,,,,,,,168.1,137,,,,,,,,,,,,,,,,,,
2026-07-06T01:03:20.689029+00:00,2026-07-06T01:03:20.689134,1,1,167.85,0.5,167.6,100,,,,,,,,,,,,,,,,,,,168.1,100,,,,,,,,,,,,,,,,,,
2026-07-06T01:03:20.748267+00:00,2026-07-06T01:03:20.748348,2,0,,,168.5,50,167.6,100,,,,,,,,,,,,,,,,,,,,,,,,,,,,,,,,,,,,
2026-07-06T01:03:20.807203+00:00,2026-07-06T01:03:20.801536,2,1,168.75,0.5,168.5,39,167.6,100,,,,,,,,,,,,,,,,,169.0,150,,,,,,,,,,,,,,,,,,
2026-07-06T01:03:21.337152+00:00,2026-07-06T01:03:21.337354,1,1,168.75,0.5,168.5,39,,,,,,,,,,,,,,,,,,,169.0,150,,,,,,,,,,,,,,,,,,
2026-07-06T01:03:21.375675+00:00,2026-07-06T01:03:21.362704,1,1,168.75,0.5,168.5,16,,,,,,,,,,,,,,,,,,,169.0,150,,,,,,,,,,,,,,,,,,
2026-07-06T01:03:21.396507+00:00,2026-07-06T01:03:21.396407,2,1,168.75,0.5,168.5,16,168.2,100,,,,,,,,,,,,,,,,,169.0,150,,,,,,,,,,,,,,,,,,
2026-07-06T01:03:21.441347+00:00,2026-07-06T01:03:21.441269,1,1,168.6,0.8,168.2,70,,,,,,,,,,,,,,,,,,,169.0,150,,,,,,,,,,,,,,,,,,
2026-07-06T01:03:21.446514+00:00,2026-07-06T01:03:21.446437,1,2,168.45,0.5,168.2,70,,,,,,,,,,,,,,,,,,,168.7,100,169.0,150,,,,,,,,,,,,,,,,
2026-07-06T01:03:22.597472+00:00,2026-07-06T01:03:22.597337,1,2,168.45,0.5,168.2,24,,,,,,,,,,,,,,,,,,,168.7,100,169.0,150,,,,,,,,,,,,,,,,
2026-07-06T01:03:22.744164+00:00,2026-07-06T01:03:22.744112,1,2,168.45,0.5,168.2,24,,,,,,,,,,,,,,,,,,,168.7,50,169.0,150,,,,,,,,,,,,,,,,
2026-07-06T01:03:23.630134+00:00,2026-07-06T01:03:23.630048,1,2,168.45,0.5,168.2,24,,,,,,,,,,,,,,,,,,,168.7,8,169.0,150,,,,,,,,,,,,,,,,
2026-07-06T01:03:23.854115+00:00,2026-07-06T01:03:23.854019,1,1,168.45,0.5,168.2,24,,,,,,,,,,,,,,,,,,,168.7,8,,,,,,,,,,,,,,,,,,
2026-07-06T01:03:23.902689+00:00,2026-07-06T01:03:23.902762,2,1,168.45,0.5,168.2,24,167.7,150,,,,,,,,,,,,,,,,,168.7,8,,,,,,,,,,,,,,,,,,
2026-07-06T01:03:23.968675+00:00,2026-07-06T01:03:23.962703,1,2,167.95,0.5,167.7,150,,,,,,,,,,,,,,,,,,,168.2,115,168.7,8,,,,,,,,,,,,,,,,
2026-07-06T01:03:24.514272+00:00,2026-07-06T01:03:24.514220,1,1,167.95,0.5,167.7,150,,,,,,,,,,,,,,,,,,,168.2,115,,,,,,,,,,,,,,,,,,
2026-07-06T01:03:24.566692+00:00,2026-07-06T01:03:24.566613,2,1,168.1,0.2,168.0,100,167.7,150,,,,,,,,,,,,,,,,,168.2,115,,,,,,,,,,,,,,,,,,
2026-07-06T01:03:24.619157+00:00,2026-07-06T01:03:24.619249,2,2,168.1,0.2,168.0,100,167.7,150,,,,,,,,,,,,,,,,,168.2,115,168.5,100,,,,,,,,,,,,,,,,
2026-07-06T01:03:24.850839+00:00,2026-07-06T01:03:24.850763,2,2,168.1,0.2,168.0,100,167.7,150,,,,,,,,,,,,,,,,,168.2,65,168.5,100,,,,,,,,,,,,,,,,
2026-07-06T01:03:25.169278+00:00,2026-07-06T01:03:25.169180,2,2,168.1,0.2,168.0,56,167.7,150,,,,,,,,,,,,,,,,,168.2,65,168.5,100,,,,,,,,,,,,,,,,
2026-07-06T01:03:26.963864+00:00,2026-07-06T01:03:26.963782,2,2,168.1,0.2,168.0,56,167.7,150,,,,,,,,,,,,,,,,,168.2,15,168.5,100,,,,,,,,,,,,,,,,
2026-07-06T01:03:27.013221+00:00,2026-07-06T01:03:27.013094,1,1,168.25,0.5,168.0,56,,,,,,,,,,,,,,,,,,,168.5,100,,,,,,,,,,,,,,,,,,
2026-07-06T01:03:27.064261+00:00,2026-07-06T01:03:27.064358,2,1,168.35,0.3,168.2,150,168.0,56,,,,,,,,,,,,,,,,,168.5,100,,,,,,,,,,,,,,,,,,
2026-07-06T01:03:27.119361+00:00,2026-07-06T01:03:27.119446,2,2,168.35,0.3,168.2,150,168.0,56,,,,,,,,,,,,,,,,,168.5,100,168.7,150,,,,,,,,,,,,,,,,
2026-07-06T01:03:27.258648+00:00,2026-07-06T01:03:27.255535,2,2,168.35,0.3,168.2,150,168.0,56,,,,,,,,,,,,,,,,,168.5,57,168.7,150,,,,,,,,,,,,,,,,
2026-07-06T01:03:27.673055+00:00,2026-07-06T01:03:27.672911,1,1,168.45,0.5,168.2,150,,,,,,,,,,,,,,,,,,,168.7,150,,,,,,,,,,,,,,,,,,
2026-07-06T01:03:27.727606+00:00,2026-07-06T01:03:27.727545,2,1,168.45,0.5,168.2,150,168.0,100,,,,,,,,,,,,,,,,,168.7,150,,,,,,,,,,,,,,,,,,
2026-07-06T01:03:27.780740+00:00,2026-07-06T01:03:27.780659,2,2,168.35,0.3,168.2,150,168.0,100,,,,,,,,,,,,,,,,,168.5,100,168.7,150,,,,,,,,,,,,,,,,
2026-07-06T01:03:28.387676+00:00,2026-07-06T01:03:28.387555,2,2,168.35,0.3,168.2,105,168.0,100,,,,,,,,,,,,,,,,,168.5,100,168.7,150,,,,,,,,,,,,,,,,
2026-07-06T01:03:29.058557+00:00,2026-07-06T01:03:29.058243,2,2,168.35,0.3,168.2,105,168.0,100,,,,,,,,,,,,,,,,,168.5,50,168.7,150,,,,,,,,,,,,,,,,
2026-07-06T01:03:29.501300+00:00,2026-07-06T01:03:29.501510,2,2,168.35,0.3,168.2,105,168.0,100,,,,,,,,,,,,,,,,,168.5,10,168.7,150,,,,,,,,,,,,,,,,
2026-07-06T01:03:30.174968+00:00,2026-07-06T01:03:30.174912,1,1,168.25,0.5,168.0,100,,,,,,,,,,,,,,,,,,,168.5,10,,,,,,,,,,,,,,,,,,
2026-07-06T01:03:30.226619+00:00,2026-07-06T01:03:30.226576,1,1,168.25,0.5,168.0,250,,,,,,,,,,,,,,,,,,,168.5,10,,,,,,,,,,,,,,,,,,
2026-07-06T01:03:30.279919+00:00,2026-07-06T01:03:30.279846,1,1,168.25,0.5,168.0,250,,,,,,,,,,,,,,,,,,,168.5,160,,,,,,,,,,,,,,,,,,
2026-07-06T01:03:30.834757+00:00,2026-07-06T01:03:30.834660,1,1,168.25,0.5,168.0,150,,,,,,,,,,,,,,,,,,,168.5,150,,,,,,,,,,,,,,,,,,
2026-07-06T01:03:30.889569+00:00,2026-07-06T01:03:30.889465,2,1,168.4,0.2,168.3,100,168.0,150,,,,,,,,,,,,,,,,,168.5,150,,,,,,,,,,,,,,,,,,
2026-07-06T01:03:30.942242+00:00,2026-07-06T01:03:30.942200,2,2,168.4,0.2,168.3,100,168.0,150,,,,,,,,,,,,,,,,,168.5,150,168.8,100,,,,,,,,,,,,,,,,
2026-07-06T01:03:31.171019+00:00,2026-07-06T01:03:31.171208,2,2,168.4,0.2,168.3,100,168.0,150,,,,,,,,,,,,,,,,,168.5,100,168.8,100,,,,,,,,,,,,,,,,
2026-07-06T01:03:33.278731+00:00,2026-07-06T01:03:33.278382,2,2,168.4,0.2,168.3,100,168.0,150,,,,,,,,,,,,,,,,,168.5,50,168.8,100,,,,,,,,,,,,,,,,
2026-07-06T01:03:33.336900+00:00,2026-07-06T01:03:33.336827,1,1,168.55,0.5,168.3,100,,,,,,,,,,,,,,,,,,,168.8,100,,,,,,,,,,,,,,,,,,
2026-07-06T01:03:33.398015+00:00,2026-07-06T01:03:33.392073,2,1,168.7,0.2,168.6,139,168.3,100,,,,,,,,,,,,,,,,,168.8,100,,,,,,,,,,,,,,,,,,
2026-07-06T01:03:33.457815+00:00,2026-07-06T01:03:33.451963,2,2,168.7,0.2,168.6,127,168.3,100,,,,,,,,,,,,,,,,,168.8,100,169.1,150,,,,,,,,,,,,,,,,
2026-07-06T01:03:33.848066+00:00,2026-07-06T01:03:33.848006,2,2,168.7,0.2,168.6,127,168.3,100,,,,,,,,,,,,,,,,,168.8,53,169.1,150,,,,,,,,,,,,,,,,
2026-07-06T01:03:33.996283+00:00,2026-07-06T01:03:33.996226,1,1,168.85,0.5,168.6,127,,,,,,,,,,,,,,,,,,,169.1,150,,,,,,,,,,,,,,,,,,
2026-07-06T01:03:34.070461+00:00,2026-07-06T01:03:34.063380,2,1,168.85,0.5,168.6,116,168.5,100,,,,,,,,,,,,,,,,,169.1,150,,,,,,,,,,,,,,,,,,
2026-07-06T01:03:34.113541+00:00,2026-07-06T01:03:34.113645,2,2,168.8,0.4,168.6,116,168.5,100,,,,,,,,,,,,,,,,,169.0,100,169.1,150,,,,,,,,,,,,,,,,
2026-07-06T01:03:34.585123+00:00,2026-07-06T01:03:34.585002,2,2,168.8,0.4,168.6,95,168.5,100,,,,,,,,,,,,,,,,,169.0,100,169.1,150,,,,,,,,,,,,,,,,
2026-07-06T01:03:35.436817+00:00,2026-07-06T01:03:35.436776,2,2,168.8,0.4,168.6,45,168.5,100,,,,,,,,,,,,,,,,,169.0,100,169.1,150,,,,,,,,,,,,,,,,
2026-07-06T01:03:36.504153+00:00,2026-07-06T01:03:36.504273,1,1,168.75,0.5,168.5,100,,,,,,,,,,,,,,,,,,,169.0,100,,,,,,,,,,,,,,,,,,
2026-07-06T01:03:36.559495+00:00,2026-07-06T01:03:36.559379,2,1,168.75,0.5,168.5,100,168.1,150,,,,,,,,,,,,,,,,,169.0,100,,,,,,,,,,,,,,,,,,
2026-07-06T01:03:36.611404+00:00,2026-07-06T01:03:36.611326,2,2,168.55,0.1,168.5,100,168.1,150,,,,,,,,,,,,,,,,,168.6,150,169.0,100,,,,,,,,,,,,,,,,
2026-07-06T01:03:36.858579+00:00,2026-07-06T01:03:36.855779,2,2,168.55,0.1,168.5,56,168.1,150,,,,,,,,,,,,,,,,,168.6,150,169.0,100,,,,,,,,,,,,,,,,
2026-07-06T01:03:37.163792+00:00,2026-07-06T01:03:37.163738,2,1,168.55,0.1,168.5,56,168.1,150,,,,,,,,,,,,,,,,,168.6,150,,,,,,,,,,,,,,,,,,
2026-07-06T01:03:37.168980+00:00,2026-07-06T01:03:37.168880,1,1,168.35,0.5,168.1,150,,,,,,,,,,,,,,,,,,,168.6,150,,,,,,,,,,,,,,,,,,
2026-07-06T01:03:37.225324+00:00,2026-07-06T01:03:37.225392,2,1,168.4,0.4,168.2,100,168.1,150,,,,,,,,,,,,,,,,,168.6,150,,,,,,,,,,,,,,,,,,
2026-07-06T01:03:37.276904+00:00,2026-07-06T01:03:37.276775,2,2,168.4,0.4,168.2,100,168.1,150,,,,,,,,,,,,,,,,,168.6,150,168.7,100,,,,,,,,,,,,,,,,
2026-07-06T01:03:37.312622+00:00,2026-07-06T01:03:37.312525,2,2,168.4,0.4,168.2,100,168.1,150,,,,,,,,,,,,,,,,,168.6,110,168.7,100,,,,,,,,,,,,,,,,
2026-07-06T01:03:37.368816+00:00,2026-07-06T01:03:37.368711,2,2,168.4,0.4,168.2,57,168.1,150,,,,,,,,,,,,,,,,,168.6,110,168.7,100,,,,,,,,,,,,,,,,
2026-07-06T01:03:37.494438+00:00,2026-07-06T01:03:37.494359,2,2,168.4,0.4,168.2,57,168.1,150,,,,,,,,,,,,,,,,,168.6,60,168.7,100,,,,,,,,,,,,,,,,
2026-07-06T01:03:37.858578+00:00,2026-07-06T01:03:37.849429,2,2,168.4,0.4,168.2,16,168.1,150,,,,,,,,,,,,,,,,,168.6,60,168.7,100,,,,,,,,,,,,,,,,
2026-07-06T01:03:38.434680+00:00,2026-07-06T01:03:38.420722,2,2,168.4,0.4,168.2,16,168.1,150,,,,,,,,,,,,,,,,,168.6,49,168.7,100,,,,,,,,,,,,,,,,
2026-07-06T01:03:38.776595+00:00,2026-07-06T01:03:38.776516,2,2,168.4,0.4,168.2,16,168.1,150,,,,,,,,,,,,,,,,,168.6,3,168.7,100,,,,,,,,,,,,,,,,
2026-07-06T01:03:39.602630+00:00,2026-07-06T01:03:39.602496,2,1,168.45,0.5,168.2,16,168.1,150,,,,,,,,,,,,,,,,,168.7,53,,,,,,,,,,,,,,,,,,
2026-07-06T01:03:39.658637+00:00,2026-07-06T01:03:39.657246,1,1,168.45,0.5,168.2,16,,,,,,,,,,,,,,,,,,,168.7,53,,,,,,,,,,,,,,,,,,
2026-07-06T01:03:39.721679+00:00,2026-07-06T01:03:39.721527,2,0,,,168.8,97,168.2,16,,,,,,,,,,,,,,,,,,,,,,,,,,,,,,,,,,,,
2026-07-06T01:03:39.778940+00:00,2026-07-06T01:03:39.773460,2,1,169.05,0.5,168.8,86,168.2,16,,,,,,,,,,,,,,,,,169.3,150,,,,,,,,,,,,,,,,,,
2026-07-06T01:03:40.334086+00:00,2026-07-06T01:03:40.334031,1,1,169.05,0.5,168.8,86,,,,,,,,,,,,,,,,,,,169.3,150,,,,,,,,,,,,,,,,,,
2026-07-06T01:03:40.387410+00:00,2026-07-06T01:03:40.387548,2,1,169.05,0.5,168.8,86,168.5,100,,,,,,,,,,,,,,,,,169.3,150,,,,,,,,,,,,,,,,,,
2026-07-06T01:03:40.440442+00:00,2026-07-06T01:03:40.440359,2,2,168.9,0.2,168.8,86,168.5,100,,,,,,,,,,,,,,,,,169.0,100,169.3,150,,,,,,,,,,,,,,,,
2026-07-06T01:03:41.304152+00:00,2026-07-06T01:03:41.304272,2,2,168.9,0.2,168.8,37,168.5,100,,,,,,,,,,,,,,,,,169.0,100,169.3,150,,,,,,,,,,,,,,,,
2026-07-06T01:03:41.758535+00:00,2026-07-06T01:03:41.757278,1,2,168.75,0.5,168.5,100,,,,,,,,,,,,,,,,,,,169.0,100,169.3,150,,,,,,,,,,,,,,,,
2026-07-06T01:03:42.648581+00:00,2026-07-06T01:03:42.648436,1,2,168.75,0.5,168.5,100,,,,,,,,,,,,,,,,,,,169.0,53,169.3,150,,,,,,,,,,,,,,,,
2026-07-06T01:03:42.827820+00:00,2026-07-06T01:03:42.827693,1,1,168.75,0.5,168.5,100,,,,,,,,,,,,,,,,,,,169.0,53,,,,,,,,,,,,,,,,,,
2026-07-06T01:03:42.882310+00:00,2026-07-06T01:03:42.882066,2,1,168.75,0.5,168.5,100,168.1,150,,,,,,,,,,,,,,,,,169.0,53,,,,,,,,,,,,,,,,,,
2026-07-06T01:03:42.934573+00:00,2026-07-06T01:03:42.934441,2,2,168.55,0.1,168.5,100,168.1,150,,,,,,,,,,,,,,,,,168.6,150,169.0,53,,,,,,,,,,,,,,,,
2026-07-06T01:03:43.174327+00:00,2026-07-06T01:03:43.174236,2,2,168.55,0.1,168.5,58,168.1,150,,,,,,,,,,,,,,,,,168.6,150,169.0,53,,,,,,,,,,,,,,,,
2026-07-06T01:03:43.490046+00:00,2026-07-06T01:03:43.489976,1,1,168.35,0.5,168.1,150,,,,,,,,,,,,,,,,,,,168.6,150,,,,,,,,,,,,,,,,,,
2026-07-06T01:03:43.543254+00:00,2026-07-06T01:03:43.543206,2,1,168.5,0.2,168.4,100,168.1,150,,,,,,,,,,,,,,,,,168.6,150,,,,,,,,,,,,,,,,,,
2026-07-06T01:03:43.595857+00:00,2026-07-06T01:03:43.595966,2,2,168.5,0.2,168.4,100,168.1,150,,,,,,,,,,,,,,,,,168.6,150,168.9,100,,,,,,,,,,,,,,,,
2026-07-06T01:03:43.758539+00:00,2026-07-06T01:03:43.751916,2,2,168.5,0.2,168.4,100,168.1,150,,,,,,,,,,,,,,,,,168.6,105,168.9,100,,,,,,,,,,,,,,,,
2026-07-06T01:03:43.869584+00:00,2026-07-06T01:03:43.869768,2,2,168.5,0.2,168.4,50,168.1,150,,,,,,,,,,,,,,,,,168.6,105,168.9,100,,,,,,,,,,,,,,,,
2026-07-06T01:03:45.258628+00:00,2026-07-06T01:03:45.255370,2,2,168.5,0.2,168.4,50,168.1,150,,,,,,,,,,,,,,,,,168.6,61,168.9,100,,,,,,,,,,,,,,,,
2026-07-06T01:03:45.983730+00:00,2026-07-06T01:03:45.983986,2,1,168.65,0.5,168.4,50,168.1,150,,,,,,,,,,,,,,,,,168.9,100,,,,,,,,,,,,,,,,,,
2026-07-06T01:03:45.998661+00:00,2026-07-06T01:03:45.989166,1,1,168.65,0.5,168.4,50,,,,,,,,,,,,,,,,,,,168.9,100,,,,,,,,,,,,,,,,,,
2026-07-06T01:03:46.036454+00:00,2026-07-06T01:03:46.036374,2,1,168.65,0.5,168.4,50,168.3,150,,,,,,,,,,,,,,,,,168.9,100,,,,,,,,,,,,,,,,,,
2026-07-06T01:03:46.096066+00:00,2026-07-06T01:03:46.096232,2,2,168.6,0.4,168.4,50,168.3,150,,,,,,,,,,,,,,,,,168.8,150,168.9,100,,,,,,,,,,,,,,,,
2026-07-06T01:03:46.658643+00:00,2026-07-06T01:03:46.655776,1,1,168.55,0.5,168.3,150,,,,,,,,,,,,,,,,,,,168.8,150,,,,,,,,,,,,,,,,,,
2026-07-06T01:03:46.707584+00:00,2026-07-06T01:03:46.707507,1,1,168.55,0.5,168.3,250,,,,,,,,,,,,,,,,,,,168.8,150,,,,,,,,,,,,,,,,,,
2026-07-06T01:03:46.755543+00:00,2026-07-06T01:03:46.755674,1,1,168.55,0.5,168.3,250,,,,,,,,,,,,,,,,,,,168.8,250,,,,,,,,,,,,,,,,,,
2026-07-06T01:03:48.028544+00:00,2026-07-06T01:03:48.028453,1,1,168.55,0.5,168.3,250,,,,,,,,,,,,,,,,,,,168.8,200,,,,,,,,,,,,,,,,,,
2026-07-06T01:03:49.158556+00:00,2026-07-06T01:03:49.151638,1,1,168.55,0.5,168.3,100,,,,,,,,,,,,,,,,,,,168.8,100,,,,,,,,,,,,,,,,,,
2026-07-06T01:03:49.215330+00:00,2026-07-06T01:03:49.215211,2,1,168.7,0.2,168.6,150,168.3,100,,,,,,,,,,,,,,,,,168.8,100,,,,,,,,,,,,,,,,,,
2026-07-06T01:03:49.271558+00:00,2026-07-06T01:03:49.271513,2,2,168.7,0.2,168.6,150,168.3,100,,,,,,,,,,,,,,,,,168.8,100,169.1,150,,,,,,,,,,,,,,,,
2026-07-06T01:03:49.818696+00:00,2026-07-06T01:03:49.818819,1,1,168.85,0.5,168.6,150,,,,,,,,,,,,,,,,,,,169.1,150,,,,,,,,,,,,,,,,,,
2026-07-06T01:03:49.874861+00:00,2026-07-06T01:03:49.874769,2,1,168.85,0.5,168.6,150,168.2,100,,,,,,,,,,,,,,,,,169.1,150,,,,,,,,,,,,,,,,,,
2026-07-06T01:03:49.929746+00:00,2026-07-06T01:03:49.920630,2,2,168.65,0.1,168.6,150,168.2,100,,,,,,,,,,,,,,,,,168.7,100,169.1,150,,,,,,,,,,,,,,,,
2026-07-06T01:03:50.189260+00:00,2026-07-06T01:03:50.189163,2,2,168.65,0.1,168.6,100,168.2,100,,,,,,,,,,,,,,,,,168.7,100,169.1,150,,,,,,,,,,,,,,,,
2026-07-06T01:03:50.231052+00:00,2026-07-06T01:03:50.231198,2,2,168.65,0.1,168.6,59,168.2,100,,,,,,,,,,,,,,,,,168.7,100,169.1,150,,,,,,,,,,,,,,,,
2026-07-06T01:03:51.177078+00:00,2026-07-06T01:03:51.168195,2,2,168.65,0.1,168.6,48,168.2,100,,,,,,,,,,,,,,,,,168.7,100,169.1,150,,,,,,,,,,,,,,,,
2026-07-06T01:03:52.296613+00:00,2026-07-06T01:03:52.296502,1,2,168.45,0.5,168.2,98,,,,,,,,,,,,,,,,,,,168.7,100,169.1,150,,,,,,,,,,,,,,,,
2026-07-06T01:03:52.324815+00:00,2026-07-06T01:03:52.324904,1,1,168.45,0.5,168.2,98,,,,,,,,,,,,,,,,,,,168.7,100,,,,,,,,,,,,,,,,,,
2026-07-06T01:03:52.374437+00:00,2026-07-06T01:03:52.374287,2,1,168.45,0.5,168.2,98,167.9,150,,,,,,,,,,,,,,,,,168.7,100,,,,,,,,,,,,,,,,,,
2026-07-06T01:03:52.438694+00:00,2026-07-06T01:03:52.433024,2,2,168.3,0.2,168.2,98,167.9,150,,,,,,,,,,,,,,,,,168.4,139,168.7,100,,,,,,,,,,,,,,,,
2026-07-06T01:03:52.893938+00:00,2026-07-06T01:03:52.874248,2,2,168.3,0.2,168.2,98,167.9,150,,,,,,,,,,,,,,,,,168.4,128,168.7,100,,,,,,,,,,,,,,,,
2026-07-06T01:03:52.984260+00:00,2026-07-06T01:03:52.984456,1,1,168.15,0.5,167.9,150,,,,,,,,,,,,,,,,,,,168.4,128,,,,,,,,,,,,,,,,,,
2026-07-06T01:03:53.038332+00:00,2026-07-06T01:03:53.038203,2,1,168.35,0.1,168.3,100,167.9,150,,,,,,,,,,,,,,,,,168.4,128,,,,,,,,,,,,,,,,,,
2026-07-06T01:03:53.094881+00:00,2026-07-06T01:03:53.094792,2,2,168.35,0.1,168.3,100,167.9,150,,,,,,,,,,,,,,,,,168.4,128,168.8,100,,,,,,,,,,,,,,,,
2026-07-06T01:03:53.358580+00:00,2026-07-06T01:03:53.358164,2,2,168.35,0.1,168.3,100,167.9,150,,,,,,,,,,,,,,,,,168.4,84,168.8,100,,,,,,,,,,,,,,,,
2026-07-06T01:03:53.867933+00:00,2026-07-06T01:03:53.855151,2,2,168.35,0.1,168.3,60,167.9,150,,,,,,,,,,,,,,,,,168.4,84,168.8,100,,,,,,,,,,,,,,,,
2026-07-06T01:03:54.167632+00:00,2026-07-06T01:03:54.162119,2,2,168.35,0.1,168.3,60,167.9,150,,,,,,,,,,,,,,,,,168.4,72,168.8,100,,,,,,,,,,,,,,,,
2026-07-06T01:03:54.352202+00:00,2026-07-06T01:03:54.352398,2,2,168.35,0.1,168.3,60,167.9,150,,,,,,,,,,,,,,,,,168.4,22,168.8,100,,,,,,,,,,,,,,,,
2026-07-06T01:03:55.478855+00:00,2026-07-06T01:03:55.478767,2,1,168.55,0.5,168.3,60,167.9,150,,,,,,,,,,,,,,,,,168.8,100,,,,,,,,,,,,,,,,,,
2026-07-06T01:03:55.484005+00:00,2026-07-06T01:03:55.483921,1,1,168.55,0.5,168.3,60,,,,,,,,,,,,,,,,,,,168.8,100,,,,,,,,,,,,,,,,,,
2026-07-06T01:03:55.536617+00:00,2026-07-06T01:03:55.536563,2,1,168.65,0.3,168.5,150,168.3,60,,,,,,,,,,,,,,,,,168.8,100,,,,,,,,,,,,,,,,,,
2026-07-06T01:03:55.588751+00:00,2026-07-06T01:03:55.588603,2,2,168.65,0.3,168.5,150,168.3,60,,,,,,,,,,,,,,,,,168.8,100,169.0,150,,,,,,,,,,,,,,,,
2026-07-06T01:03:56.016015+00:00,2026-07-06T01:03:56.009575,2,2,168.65,0.3,168.5,138,168.3,60,,,,,,,,,,,,,,,,,168.8,100,169.0,150,,,,,,,,,,,,,,,,
2026-07-06T01:03:56.158786+00:00,2026-07-06T01:03:56.144519,1,1,168.75,0.5,168.5,138,,,,,,,,,,,,,,,,,,,169.0,150,,,,,,,,,,,,,,,,,,
2026-07-06T01:03:56.205111+00:00,2026-07-06T01:03:56.205202,2,1,168.75,0.5,168.5,138,168.1,100,,,,,,,,,,,,,,,,,169.0,150,,,,,,,,,,,,,,,,,,
2026-07-06T01:03:56.258637+00:00,2026-07-06T01:03:56.253494,2,2,168.55,0.1,168.5,138,168.1,100,,,,,,,,,,,,,,,,,168.6,100,169.0,150,,,,,,,,,,,,,,,,
2026-07-06T01:03:58.458712+00:00,2026-07-06T01:03:58.451774,2,2,168.55,0.1,168.5,138,168.1,100,,,,,,,,,,,,,,,,,168.6,52,169.0,150,,,,,,,,,,,,,,,,
2026-07-06T01:03:58.505662+00:00,2026-07-06T01:03:58.505587,2,2,168.55,0.1,168.5,97,168.1,100,,,,,,,,,,,,,,,,,168.6,52,169.0,150,,,,,,,,,,,,,,,,
2026-07-06T01:03:58.604185+00:00,2026-07-06T01:03:58.604405,2,2,168.55,0.1,168.5,97,168.1,100,,,,,,,,,,,,,,,,,168.6,2,169.0,150,,,,,,,,,,,,,,,,
2026-07-06T01:03:58.642956+00:00,2026-07-06T01:03:58.642881,1,1,168.35,0.5,168.1,100,,,,,,,,,,,,,,,,,,,168.6,2,,,,,,,,,,,,,,,,,,
2026-07-06T01:03:58.698124+00:00,2026-07-06T01:03:58.698015,2,1,168.5,0.2,168.4,150,168.1,100,,,,,,,,,,,,,,,,,168.6,2,,,,,,,,,,,,,,,,,,
2026-07-06T01:03:58.758642+00:00,2026-07-06T01:03:58.750614,2,2,168.5,0.2,168.4,150,168.1,100,,,,,,,,,,,,,,,,,168.6,2,168.9,150,,,,,,,,,,,,,,,,
2026-07-06T01:03:59.312511+00:00,2026-07-06T01:03:59.312413,1,1,168.65,0.5,168.4,150,,,,,,,,,,,,,,,,,,,168.9,150,,,,,,,,,,,,,,,,,,
2026-07-06T01:03:59.366689+00:00,2026-07-06T01:03:59.366646,2,1,168.7,0.4,168.5,100,168.4,150,,,,,,,,,,,,,,,,,168.9,150,,,,,,,,,,,,,,,,,,
2026-07-06T01:03:59.418647+00:00,2026-07-06T01:03:59.418496,2,2,168.7,0.4,168.5,100,168.4,150,,,,,,,,,,,,,,,,,168.9,150,169.0,100,,,,,,,,,,,,,,,,
2026-07-06T01:04:00.773051+00:00,2026-07-06T01:04:00.773246,2,2,168.7,0.4,168.5,50,168.4,150,,,,,,,,,,,,,,,,,168.9,150,169.0,100,,,,,,,,,,,,,,,,
2026-07-06T01:04:01.804286+00:00,2026-07-06T01:04:01.804180,1,1,168.75,0.5,168.5,50,,,,,,,,,,,,,,,,,,,169.0,100,,,,,,,,,,,,,,,,,,
2026-07-06T01:04:01.859149+00:00,2026-07-06T01:04:01.859020,2,1,168.75,0.5,168.5,50,168.3,150,,,,,,,,,,,,,,,,,169.0,100,,,,,,,,,,,,,,,,,,
2026-07-06T01:04:01.925971+00:00,2026-07-06T01:04:01.925844,2,2,168.65,0.3,168.5,50,168.3,150,,,,,,,,,,,,,,,,,168.8,150,169.0,100,,,,,,,,,,,,,,,,
2026-07-06T01:04:02.473365+00:00,2026-07-06T01:04:02.473240,1,1,168.55,0.5,168.3,150,,,,,,,,,,,,,,,,,,,168.8,150,,,,,,,,,,,,,,,,,,
2026-07-06T01:04:02.533258+00:00,2026-07-06T01:04:02.533424,1,1,168.55,0.5,168.3,250,,,,,,,,,,,,,,,,,,,168.8,150,,,,,,,,,,,,,,,,,,
2026-07-06T01:04:02.590638+00:00,2026-07-06T01:04:02.590533,1,1,168.55,0.5,168.3,250,,,,,,,,,,,,,,,,,,,168.8,250,,,,,,,,,,,,,,,,,,
2026-07-06T01:04:04.979295+00:00,2026-07-06T01:04:04.979198,1,1,168.55,0.5,168.3,100,,,,,,,,,,,,,,,,,,,168.8,100,,,,,,,,,,,,,,,,,,
2026-07-06T01:04:05.017323+00:00,2026-07-06T01:04:05.017276,1,1,168.55,0.5,168.3,50,,,,,,,,,,,,,,,,,,,168.8,100,,,,,,,,,,,,,,,,,,
2026-07-06T01:04:05.049595+00:00,2026-07-06T01:04:05.049407,2,1,168.6,0.4,168.4,150,168.3,50,,,,,,,,,,,,,,,,,168.8,100,,,,,,,,,,,,,,,,,,
2026-07-06T01:04:05.099531+00:00,2026-07-06T01:04:05.099286,2,2,168.6,0.4,168.4,150,168.3,50,,,,,,,,,,,,,,,,,168.8,100,168.9,150,,,,,,,,,,,,,,,,
2026-07-06T01:04:05.643009+00:00,2026-07-06T01:04:05.642933,1,1,168.65,0.5,168.4,150,,,,,,,,,,,,,,,,,,,168.9,150,,,,,,,,,,,,,,,,,,
2026-07-06T01:04:05.701132+00:00,2026-07-06T01:04:05.700982,2,1,168.7,0.4,168.5,100,168.4,150,,,,,,,,,,,,,,,,,168.9,150,,,,,,,,,,,,,,,,,,
2026-07-06T01:04:05.758667+00:00,2026-07-06T01:04:05.755546,2,2,168.7,0.4,168.5,100,168.4,150,,,,,,,,,,,,,,,,,168.9,150,169.0,100,,,,,,,,,,,,,,,,
2026-07-06T01:04:05.999421+00:00,2026-07-06T01:04:05.999256,2,2,168.7,0.4,168.5,52,168.4,150,,,,,,,,,,,,,,,,,168.9,150,169.0,100,,,,,,,,,,,,,,,,
2026-07-06T01:04:07.124693+00:00,2026-07-06T01:04:07.124586,2,2,168.7,0.4,168.5,2,168.4,150,,,,,,,,,,,,,,,,,168.9,150,169.0,100,,,,,,,,,,,,,,,,
2026-07-06T01:04:07.905999+00:00,2026-07-06T01:04:07.905887,2,2,168.7,0.4,168.5,2,168.4,150,,,,,,,,,,,,,,,,,168.9,104,169.0,100,,,,,,,,,,,,,,,,
2026-07-06T01:04:08.153211+00:00,2026-07-06T01:04:08.153107,1,1,168.75,0.5,168.5,2,,,,,,,,,,,,,,,,,,,169.0,100,,,,,,,,,,,,,,,,,,
2026-07-06T01:04:08.208382+00:00,2026-07-06T01:04:08.208302,2,1,168.95,0.1,168.9,150,168.5,2,,,,,,,,,,,,,,,,,169.0,100,,,,,,,,,,,,,,,,,,
2026-07-06T01:04:08.258670+00:00,2026-07-06T01:04:08.256233,2,2,168.95,0.1,168.9,150,168.5,2,,,,,,,,,,,,,,,,,169.0,100,169.4,150,,,,,,,,,,,,,,,,
2026-07-06T01:04:08.810786+00:00,2026-07-06T01:04:08.810708,1,1,169.15,0.5,168.9,150,,,,,,,,,,,,,,,,,,,169.4,150,,,,,,,,,,,,,,,,,,
2026-07-06T01:04:08.858607+00:00,2026-07-06T01:04:08.853801,2,1,169.15,0.5,168.9,150,168.1,100,,,,,,,,,,,,,,,,,169.4,150,,,,,,,,,,,,,,,,,,
2026-07-06T01:04:08.914136+00:00,2026-07-06T01:04:08.913996,2,1,169.15,0.5,168.9,50,168.1,100,,,,,,,,,,,,,,,,,169.4,150,,,,,,,,,,,,,,,,,,
2026-07-06T01:04:09.430178+00:00,2026-07-06T01:04:09.430093,2,1,169.15,0.5,168.9,5,168.1,100,,,,,,,,,,,,,,,,,169.4,150,,,,,,,,,,,,,,,,,,
2026-07-06T01:04:11.364026+00:00,2026-07-06T01:04:11.363901,1,0,,,168.1,100,,,,,,,,,,,,,,,,,,,,,,,,,,,,,,,,,,,,,,
2026-07-06T01:04:11.369332+00:00,2026-07-06T01:04:11.369214,2,0,,,168.2,150,168.1,100,,,,,,,,,,,,,,,,,,,,,,,,,,,,,,,,,,,,
2026-07-06T01:04:11.464065+00:00,2026-07-06T01:04:11.463930,2,1,168.45,0.5,168.2,150,168.1,100,,,,,,,,,,,,,,,,,168.7,150,,,,,,,,,,,,,,,,,,
2026-07-06T01:04:11.757991+00:00,2026-07-06T01:04:11.753096,2,1,168.45,0.5,168.2,150,168.1,100,,,,,,,,,,,,,,,,,168.7,138,,,,,,,,,,,,,,,,,,
2026-07-06T01:04:11.973241+00:00,2026-07-06T01:04:11.973077,1,1,168.45,0.5,168.2,150,,,,,,,,,,,,,,,,,,,168.7,138,,,,,,,,,,,,,,,,,,
2026-07-06T01:04:12.026242+00:00,2026-07-06T01:04:12.026098,2,1,168.6,0.2,168.5,100,168.2,150,,,,,,,,,,,,,,,,,168.7,138,,,,,,,,,,,,,,,,,,
2026-07-06T01:04:12.074818+00:00,2026-07-06T01:04:12.074756,2,2,168.6,0.2,168.5,100,168.2,150,,,,,,,,,,,,,,,,,168.7,138,169.0,100,,,,,,,,,,,,,,,,
