recv_time,book_timestamp,n_bids,n_asks,mid,spread,bid_px_0,bid_vol_0,bid_px_1,bid_vol_1,bid_px_2,bid_vol_2,bid_px_3,bid_vol_3,bid_px_4,bid_vol_4,bid_px_5,bid_vol_5,bid_px_6,bid_vol_6,bid_px_7,bid_vol_7,bid_px_8,bid_vol_8,bid_px_9,bid_vol_9,ask_px_0,ask_vol_0,ask_px_1,ask_vol_1,ask_px_2,ask_vol_2,ask_px_3,ask_vol_3,ask_px_4,ask_vol_4,ask_px_5,ask_vol_5,ask_px_6,ask_vol_6,ask_px_7,ask_vol_7,ask_px_8,ask_vol_8,ask_px_9,ask_vol_9
2026-06-30T19:00:00.239061+00:00,2026-07-01T05:00:00.235062,2,1,71.6,0.4,71.4,10,71.3,100,,,,,,,,,,,,,,,,,71.8,100,,,,,,,,,,,,,,,,,,
2026-06-30T19:00:00.250061+00:00,2026-07-01T05:00:00.247061,1,1,71.55,0.5,71.3,100,,,,,,,,,,,,,,,,,,,71.8,100,,,,,,,,,,,,,,,,,,
2026-06-30T19:00:00.261062+00:00,2026-07-01T05:00:00.250061,1,1,71.55,0.5,71.3,110,,,,,,,,,,,,,,,,,,,71.8,100,,,,,,,,,,,,,,,,,,
2026-06-30T19:00:00.284003+00:00,2026-07-01T05:00:00.281597,1,1,71.55,0.5,71.3,110,,,,,,,,,,,,,,,,,,,71.8,50,,,,,,,,,,,,,,,,,,
2026-06-30T19:00:00.295001+00:00,2026-07-01T05:00:00.288002,2,1,71.55,0.5,71.3,110,71.2,150,,,,,,,,,,,,,,,,,71.8,50,,,,,,,,,,,,,,,,,,
2026-06-30T19:00:00.350001+00:00,2026-07-01T05:00:00.340001,2,2,71.5,0.4,71.3,110,71.2,150,,,,,,,,,,,,,,,,,71.7,150,71.8,50,,,,,,,,,,,,,,,,
2026-06-30T19:00:00.755205+00:00,2026-07-01T05:00:00.754205,2,2,71.5,0.4,71.3,100,71.2,150,,,,,,,,,,,,,,,,,71.7,150,71.8,50,,,,,,,,,,,,,,,,
2026-06-30T19:00:00.766207+00:00,2026-07-01T05:00:00.757206,2,2,71.5,0.4,71.3,110,71.2,150,,,,,,,,,,,,,,,,,71.7,150,71.8,50,,,,,,,,,,,,,,,,
2026-06-30T19:00:01.269449+00:00,2026-07-01T05:00:01.266450,2,2,71.5,0.4,71.3,110,71.2,150,,,,,,,,,,,,,,,,,71.7,150,71.8,50,,,,,,,,,,,,,,,,
2026-06-30T19:00:01.554025+00:00,2026-07-01T05:00:01.548037,2,2,71.5,0.4,71.3,66,71.2,150,,,,,,,,,,,,,,,,,71.7,150,71.8,50,,,,,,,,,,,,,,,,
2026-06-30T19:00:01.805859+00:00,2026-07-01T05:00:01.799859,2,2,71.5,0.4,71.3,66,71.2,150,,,,,,,,,,,,,,,,,71.7,150,71.8,50,,,,,,,,,,,,,,,,
2026-06-30T19:00:01.958600+00:00,2026-07-01T05:00:01.955601,2,1,71.5,0.4,71.3,10,71.2,150,,,,,,,,,,,,,,,,,71.7,150,,,,,,,,,,,,,,,,,,
2026-06-30T19:00:02.013072+00:00,2026-07-01T05:00:02.007072,3,1,71.55,0.3,71.4,100,71.3,10,71.2,150,,,,,,,,,,,,,,,71.7,150,,,,,,,,,,,,,,,,,,
2026-06-30T19:00:02.067591+00:00,2026-07-01T05:00:02.059591,3,2,71.55,0.3,71.4,100,71.3,10,71.2,150,,,,,,,,,,,,,,,71.7,150,71.9,100,,,,,,,,,,,,,,,,
2026-06-30T19:00:02.308155+00:00,2026-07-01T05:00:02.306155,2,2,71.55,0.3,71.4,100,71.2,150,,,,,,,,,,,,,,,,,71.7,150,71.9,100,,,,,,,,,,,,,,,,
2026-06-30T19:00:02.319155+00:00,2026-07-01T05:00:02.311154,2,2,71.55,0.3,71.4,110,71.2,150,,,,,,,,,,,,,,,,,71.7,150,71.9,100,,,,,,,,,,,,,,,,
2026-06-30T19:00:02.647190+00:00,2026-07-01T05:00:02.638189,2,2,71.55,0.3,71.4,110,71.2,150,,,,,,,,,,,,,,,,,71.7,105,71.9,100,,,,,,,,,,,,,,,,
2026-06-30T19:00:02.821871+00:00,2026-07-01T05:00:02.816872,2,2,71.55,0.3,71.4,110,71.2,150,,,,,,,,,,,,,,,,,71.7,105,71.9,100,,,,,,,,,,,,,,,,
2026-06-30T19:00:03.323861+00:00,2026-07-01T05:00:03.320860,2,2,71.55,0.3,71.4,100,71.2,150,,,,,,,,,,,,,,,,,71.7,105,71.9,100,,,,,,,,,,,,,,,,
2026-06-30T19:00:03.334862+00:00,2026-07-01T05:00:03.324861,2,2,71.55,0.3,71.4,110,71.2,150,,,,,,,,,,,,,,,,,71.7,105,71.9,100,,,,,,,,,,,,,,,,
2026-06-30T19:00:03.400862+00:00,2026-07-01T05:00:03.395862,1,1,71.65,0.5,71.4,110,,,,,,,,,,,,,,,,,,,71.9,100,,,,,,,,,,,,,,,,,,
2026-06-30T19:00:03.454912+00:00,2026-07-01T05:00:03.447390,2,1,71.7,0.4,71.5,150,71.4,110,,,,,,,,,,,,,,,,,71.9,100,,,,,,,,,,,,,,,,,,
2026-06-30T19:00:03.509912+00:00,2026-07-01T05:00:03.499912,2,2,71.7,0.4,71.5,150,71.4,110,,,,,,,,,,,,,,,,,71.9,100,72.0,150,,,,,,,,,,,,,,,,
2026-06-30T19:00:03.606857+00:00,2026-07-01T05:00:03.603857,2,2,71.7,0.4,71.5,101,71.4,110,,,,,,,,,,,,,,,,,71.9,100,72.0,150,,,,,,,,,,,,,,,,
2026-06-30T19:00:03.835809+00:00,2026-07-01T05:00:03.833809,2,2,71.7,0.4,71.5,111,71.4,100,,,,,,,,,,,,,,,,,71.9,100,72.0,150,,,,,,,,,,,,,,,,
2026-06-30T19:00:04.346639+00:00,2026-07-01T05:00:04.341639,2,2,71.7,0.4,71.5,111,71.4,100,,,,,,,,,,,,,,,,,71.9,100,72.0,150,,,,,,,,,,,,,,,,
2026-06-30T19:00:04.849402+00:00,2026-07-01T05:00:04.846402,2,2,71.7,0.4,71.5,101,71.4,100,,,,,,,,,,,,,,,,,71.9,100,72.0,150,,,,,,,,,,,,,,,,
2026-06-30T19:00:04.860402+00:00,2026-07-01T05:00:04.850402,2,2,71.7,0.4,71.5,111,71.4,100,,,,,,,,,,,,,,,,,71.9,100,72.0,150,,,,,,,,,,,,,,,,
2026-06-30T19:00:05.120048+00:00,2026-07-01T05:00:05.114048,1,1,71.75,0.5,71.5,111,,,,,,,,,,,,,,,,,,,72.0,150,,,,,,,,,,,,,,,,,,
2026-06-30T19:00:05.174081+00:00,2026-07-01T05:00:05.167081,2,1,71.75,0.5,71.5,111,71.2,100,,,,,,,,,,,,,,,,,72.0,150,,,,,,,,,,,,,,,,,,
2026-06-30T19:00:05.206114+00:00,2026-07-01T05:00:05.202114,2,1,71.75,0.5,71.5,111,71.2,100,,,,,,,,,,,,,,,,,72.0,108,,,,,,,,,,,,,,,,,,
2026-06-30T19:00:05.228114+00:00,2026-07-01T05:00:05.219114,2,2,71.6,0.2,71.5,111,71.2,100,,,,,,,,,,,,,,,,,71.7,100,72.0,108,,,,,,,,,,,,,,,,
2026-06-30T19:00:05.260630+00:00,2026-07-01T05:00:05.255115,2,2,71.6,0.2,71.5,65,71.2,100,,,,,,,,,,,,,,,,,71.7,100,72.0,108,,,,,,,,,,,,,,,,
2026-06-30T19:00:05.357212+00:00,2026-07-01T05:00:05.354213,2,2,71.6,0.2,71.5,55,71.2,100,,,,,,,,,,,,,,,,,71.7,100,72.0,108,,,,,,,,,,,,,,,,
2026-06-30T19:00:05.368213+00:00,2026-07-01T05:00:05.358213,2,2,71.6,0.2,71.5,65,71.2,100,,,,,,,,,,,,,,,,,71.7,100,72.0,108,,,,,,,,,,,,,,,,
2026-06-30T19:00:05.869952+00:00,2026-07-01T05:00:05.865952,2,2,71.6,0.2,71.5,65,71.2,100,,,,,,,,,,,,,,,,,71.7,100,72.0,108,,,,,,,,,,,,,,,,
2026-06-30T19:00:06.373395+00:00,2026-07-01T05:00:06.370394,2,2,71.6,0.2,71.5,55,71.2,100,,,,,,,,,,,,,,,,,71.7,100,72.0,108,,,,,,,,,,,,,,,,
2026-06-30T19:00:06.384411+00:00,2026-07-01T05:00:06.373395,2,2,71.6,0.2,71.5,65,71.2,100,,,,,,,,,,,,,,,,,71.7,100,72.0,108,,,,,,,,,,,,,,,,
2026-06-30T19:00:06.559016+00:00,2026-07-01T05:00:06.556015,2,1,71.6,0.2,71.5,10,71.2,100,,,,,,,,,,,,,,,,,71.7,100,,,,,,,,,,,,,,,,,,
2026-06-30T19:00:06.613476+00:00,2026-07-01T05:00:06.608475,3,1,71.6,0.2,71.5,10,71.4,150,71.2,100,,,,,,,,,,,,,,,71.7,100,,,,,,,,,,,,,,,,,,
2026-06-30T19:00:06.634854+00:00,2026-07-01T05:00:06.633993,3,1,71.6,0.2,71.5,10,71.4,150,71.2,100,,,,,,,,,,,,,,,71.7,53,,,,,,,,,,,,,,,,,,
2026-06-30T19:00:06.667368+00:00,2026-07-01T05:00:06.661368,3,2,71.6,0.2,71.5,10,71.4,150,71.2,100,,,,,,,,,,,,,,,71.7,53,71.9,150,,,,,,,,,,,,,,,,
2026-06-30T19:00:06.885831+00:00,2026-07-01T05:00:06.881830,2,2,71.55,0.3,71.4,160,71.2,100,,,,,,,,,,,,,,,,,71.7,53,71.9,150,,,,,,,,,,,,,,,,
2026-06-30T19:00:07.390577+00:00,2026-07-01T05:00:07.389576,2,2,71.55,0.3,71.4,160,71.2,100,,,,,,,,,,,,,,,,,71.7,53,71.9,150,,,,,,,,,,,,,,,,
2026-06-30T19:00:07.904029+00:00,2026-07-01T05:00:07.898029,2,2,71.55,0.3,71.4,160,71.2,100,,,,,,,,,,,,,,,,,71.7,53,71.9,150,,,,,,,,,,,,,,,,
2026-06-30T19:00:08.275521+00:00,2026-07-01T05:00:08.273521,2,1,71.65,0.5,71.4,160,71.2,100,,,,,,,,,,,,,,,,,71.9,150,,,,,,,,,,,,,,,,,,
2026-06-30T19:00:08.286521+00:00,2026-07-01T05:00:08.275521,1,1,71.65,0.5,71.4,160,,,,,,,,,,,,,,,,,,,71.9,150,,,,,,,,,,,,,,,,,,
2026-06-30T19:00:08.330521+00:00,2026-07-01T05:00:08.328521,2,1,71.7,0.4,71.5,100,71.4,160,,,,,,,,,,,,,,,,,71.9,150,,,,,,,,,,,,,,,,,,
2026-06-30T19:00:08.385037+00:00,2026-07-01T05:00:08.381521,2,2,71.7,0.4,71.5,100,71.4,160,,,,,,,,,,,,,,,,,71.9,150,72.0,100,,,,,,,,,,,,,,,,
2026-06-30T19:00:08.406553+00:00,2026-07-01T05:00:08.401554,2,2,71.7,0.4,71.5,100,71.4,150,,,,,,,,,,,,,,,,,71.9,150,72.0,100,,,,,,,,,,,,,,,,
2026-06-30T19:00:08.439278+00:00,2026-07-01T05:00:08.428553,2,2,71.7,0.4,71.5,110,71.4,150,,,,,,,,,,,,,,,,,71.9,150,72.0,100,,,,,,,,,,,,,,,,
2026-06-30T19:00:08.757068+00:00,2026-07-01T05:00:08.753068,2,2,71.7,0.4,71.5,60,71.4,150,,,,,,,,,,,,,,,,,71.9,150,72.0,100,,,,,,,,,,,,,,,,
2026-06-30T19:00:08.942145+00:00,2026-07-01T05:00:08.935145,2,2,71.7,0.4,71.5,60,71.4,150,,,,,,,,,,,,,,,,,71.9,150,72.0,100,,,,,,,,,,,,,,,,
2026-06-30T19:00:09.277338+00:00,2026-07-01T05:00:09.267823,2,2,71.7,0.4,71.5,16,71.4,150,,,,,,,,,,,,,,,,,71.9,150,72.0,100,,,,,,,,,,,,,,,,
2026-06-30T19:00:09.440885+00:00,2026-07-01T05:00:09.439885,2,2,71.7,0.4,71.5,6,71.4,150,,,,,,,,,,,,,,,,,71.9,150,72.0,100,,,,,,,,,,,,,,,,
2026-06-30T19:00:09.451885+00:00,2026-07-01T05:00:09.442885,2,2,71.7,0.4,71.5,16,71.4,150,,,,,,,,,,,,,,,,,71.9,150,72.0,100,,,,,,,,,,,,,,,,
2026-06-30T19:00:09.720595+00:00,2026-07-01T05:00:09.716595,1,1,71.75,0.5,71.5,16,,,,,,,,,,,,,,,,,,,72.0,100,,,,,,,,,,,,,,,,,,
2026-06-30T19:00:09.773710+00:00,2026-07-01T05:00:09.770710,2,1,71.75,0.5,71.5,16,71.1,150,,,,,,,,,,,,,,,,,72.0,100,,,,,,,,,,,,,,,,,,
2026-06-30T19:00:09.828339+00:00,2026-07-01T05:00:09.821295,2,2,71.55,0.1,71.5,16,71.1,150,,,,,,,,,,,,,,,,,71.6,150,72.0,100,,,,,,,,,,,,,,,,
2026-06-30T19:00:09.948522+00:00,2026-07-01T05:00:09.947523,2,2,71.55,0.1,71.5,6,71.1,150,,,,,,,,,,,,,,,,,71.6,150,72.0,100,,,,,,,,,,,,,,,,
2026-06-30T19:00:09.959522+00:00,2026-07-01T05:00:09.949522,2,2,71.55,0.1,71.5,16,71.1,150,,,,,,,,,,,,,,,,,71.6,150,72.0,100,,,,,,,,,,,,,,,,
2026-06-30T19:00:10.458522+00:00,2026-07-01T05:00:10.455523,2,2,71.55,0.1,71.5,6,71.1,150,,,,,,,,,,,,,,,,,71.6,150,72.0,100,,,,,,,,,,,,,,,,
2026-06-30T19:00:10.469522+00:00,2026-07-01T05:00:10.459522,2,2,71.55,0.1,71.5,16,71.1,150,,,,,,,,,,,,,,,,,71.6,150,72.0,100,,,,,,,,,,,,,,,,
2026-06-30T19:00:10.817769+00:00,2026-07-01T05:00:10.809768,2,2,71.55,0.1,71.5,16,71.1,150,,,,,,,,,,,,,,,,,71.6,100,72.0,100,,,,,,,,,,,,,,,,
2026-06-30T19:00:10.971449+00:00,2026-07-01T05:00:10.965450,2,2,71.55,0.1,71.5,16,71.1,150,,,,,,,,,,,,,,,,,71.6,100,72.0,100,,,,,,,,,,,,,,,,
2026-06-30T19:00:11.461806+00:00,2026-07-01T05:00:11.453074,2,1,71.55,0.1,71.5,10,71.1,150,,,,,,,,,,,,,,,,,71.6,100,,,,,,,,,,,,,,,,,,
2026-06-30T19:00:11.472823+00:00,2026-07-01T05:00:11.470804,1,1,71.35,0.5,71.1,150,,,,,,,,,,,,,,,,,,,71.6,100,,,,,,,,,,,,,,,,,,
2026-06-30T19:00:11.494835+00:00,2026-07-01T05:00:11.483819,1,1,71.35,0.5,71.1,160,,,,,,,,,,,,,,,,,,,71.6,100,,,,,,,,,,,,,,,,,,
2026-06-30T19:00:11.505832+00:00,2026-07-01T05:00:11.503831,2,1,71.4,0.4,71.2,100,71.1,160,,,,,,,,,,,,,,,,,71.6,100,,,,,,,,,,,,,,,,,,
2026-06-30T19:00:11.560831+00:00,2026-07-01T05:00:11.556830,2,2,71.4,0.4,71.2,100,71.1,160,,,,,,,,,,,,,,,,,71.6,100,71.7,100,,,,,,,,,,,,,,,,
2026-06-30T19:00:11.993832+00:00,2026-07-01T05:00:11.990832,2,2,71.4,0.4,71.2,110,71.1,150,,,,,,,,,,,,,,,,,71.6,100,71.7,100,,,,,,,,,,,,,,,,
2026-06-30T19:00:12.506054+00:00,2026-07-01T05:00:12.500538,2,2,71.4,0.4,71.2,110,71.1,150,,,,,,,,,,,,,,,,,71.6,100,71.7,100,,,,,,,,,,,,,,,,
2026-06-30T19:00:12.777608+00:00,2026-07-01T05:00:12.775610,2,2,71.4,0.4,71.2,110,71.1,150,,,,,,,,,,,,,,,,,71.6,59,71.7,100,,,,,,,,,,,,,,,,
2026-06-30T19:00:12.876645+00:00,2026-07-01T05:00:12.875645,1,1,71.45,0.5,71.2,110,,,,,,,,,,,,,,,,,,,71.7,100,,,,,,,,,,,,,,,,,,
2026-06-30T19:00:12.931644+00:00,2026-07-01T05:00:12.927644,2,1,71.55,0.3,71.4,150,71.2,110,,,,,,,,,,,,,,,,,71.7,100,,,,,,,,,,,,,,,,,,
2026-06-30T19:00:12.986325+00:00,2026-07-01T05:00:12.982325,2,2,71.55,0.3,71.4,150,71.2,110,,,,,,,,,,,,,,,,,71.7,100,71.9,150,,,,,,,,,,,,,,,,
2026-06-30T19:00:13.008512+00:00,2026-07-01T05:00:13.005513,2,2,71.55,0.3,71.4,150,71.2,100,,,,,,,,,,,,,,,,,71.7,100,71.9,150,,,,,,,,,,,,,,,,
2026-06-30T19:00:13.019511+00:00,2026-07-01T05:00:13.011512,2,2,71.55,0.3,71.4,160,71.2,100,,,,,,,,,,,,,,,,,71.7,100,71.9,150,,,,,,,,,,,,,,,,
2026-06-30T19:00:13.524073+00:00,2026-07-01T05:00:13.520073,2,2,71.55,0.3,71.4,160,71.2,100,,,,,,,,,,,,,,,,,71.7,100,71.9,150,,,,,,,,,,,,,,,,
2026-06-30T19:00:14.035561+00:00,2026-07-01T05:00:14.034243,2,2,71.55,0.3,71.4,150,71.2,100,,,,,,,,,,,,,,,,,71.7,100,71.9,150,,,,,,,,,,,,,,,,
2026-06-30T19:00:14.046561+00:00,2026-07-01T05:00:14.038560,2,2,71.55,0.3,71.4,160,71.2,100,,,,,,,,,,,,,,,,,71.7,100,71.9,150,,,,,,,,,,,,,,,,
2026-06-30T19:00:14.265653+00:00,2026-07-01T05:00:14.260604,2,2,71.55,0.3,71.4,160,71.2,100,,,,,,,,,,,,,,,,,71.7,54,71.9,150,,,,,,,,,,,,,,,,
2026-06-30T19:00:14.548681+00:00,2026-07-01T05:00:14.546682,2,2,71.55,0.3,71.4,160,71.2,100,,,,,,,,,,,,,,,,,71.7,54,71.9,150,,,,,,,,,,,,,,,,
2026-06-30T19:00:14.614490+00:00,2026-07-01T05:00:14.611490,1,1,71.65,0.5,71.4,160,,,,,,,,,,,,,,,,,,,71.9,150,,,,,,,,,,,,,,,,,,
2026-06-30T19:00:14.668301+00:00,2026-07-01T05:00:14.663301,2,1,71.65,0.5,71.4,160,71.3,100,,,,,,,,,,,,,,,,,71.9,150,,,,,,,,,,,,,,,,,,
2026-06-30T19:00:14.723301+00:00,2026-07-01T05:00:14.717302,2,2,71.6,0.4,71.4,160,71.3,100,,,,,,,,,,,,,,,,,71.8,100,71.9,150,,,,,,,,,,,,,,,,
2026-06-30T19:00:15.029740+00:00,2026-07-01T05:00:15.018740,2,2,71.6,0.4,71.4,160,71.3,100,,,,,,,,,,,,,,,,,71.8,50,71.9,150,,,,,,,,,,,,,,,,
2026-06-30T19:00:15.051740+00:00,2026-07-01T05:00:15.050740,2,2,71.6,0.4,71.4,150,71.3,100,,,,,,,,,,,,,,,,,71.8,50,71.9,150,,,,,,,,,,,,,,,,
2026-06-30T19:00:15.062741+00:00,2026-07-01T05:00:15.053740,2,2,71.6,0.4,71.4,160,71.3,100,,,,,,,,,,,,,,,,,71.8,50,71.9,150,,,,,,,,,,,,,,,,
2026-06-30T19:00:15.568809+00:00,2026-07-01T05:00:15.560809,2,2,71.6,0.4,71.4,160,71.3,100,,,,,,,,,,,,,,,,,71.8,50,71.9,150,,,,,,,,,,,,,,,,
2026-06-30T19:00:16.041864+00:00,2026-07-01T05:00:16.037864,2,1,71.6,0.4,71.4,10,71.3,100,,,,,,,,,,,,,,,,,71.8,50,,,,,,,,,,,,,,,,,,
2026-06-30T19:00:16.074745+00:00,2026-07-01T05:00:16.068745,1,1,71.55,0.5,71.3,110,,,,,,,,,,,,,,,,,,,71.8,50,,,,,,,,,,,,,,,,,,
2026-06-30T19:00:16.096312+00:00,2026-07-01T05:00:16.091312,2,1,71.6,0.4,71.4,150,71.3,110,,,,,,,,,,,,,,,,,71.8,50,,,,,,,,,,,,,,,,,,
2026-06-30T19:00:16.151312+00:00,2026-07-01T05:00:16.144312,2,2,71.6,0.4,71.4,150,71.3,110,,,,,,,,,,,,,,,,,71.8,50,71.9,150,,,,,,,,,,,,,,,,
2026-06-30T19:00:16.576112+00:00,2026-07-01T05:00:16.572032,2,2,71.6,0.4,71.4,150,71.3,100,,,,,,,,,,,,,,,,,71.8,50,71.9,150,,,,,,,,,,,,,,,,
2026-06-30T19:00:16.586627+00:00,2026-07-01T05:00:16.576112,2,2,71.6,0.4,71.4,160,71.3,100,,,,,,,,,,,,,,,,,71.8,50,71.9,150,,,,,,,,,,,,,,,,
2026-06-30T19:00:17.089096+00:00,2026-07-01T05:00:17.086097,2,2,71.6,0.4,71.4,160,71.3,100,,,,,,,,,,,,,,,,,71.8,50,71.9,150,,,,,,,,,,,,,,,,
2026-06-30T19:00:17.144096+00:00,2026-07-01T05:00:17.141096,2,1,71.65,0.5,71.4,160,71.3,100,,,,,,,,,,,,,,,,,71.9,150,,,,,,,,,,,,,,,,,,
2026-06-30T19:00:17.428720+00:00,2026-07-01T05:00:17.420721,2,1,71.65,0.5,71.4,115,71.3,100,,,,,,,,,,,,,,,,,71.9,150,,,,,,,,,,,,,,,,,,
2026-06-30T19:00:17.593398+00:00,2026-07-01T05:00:17.592398,2,1,71.65,0.5,71.4,115,71.3,100,,,,,,,,,,,,,,,,,71.9,150,,,,,,,,,,,,,,,,,,
2026-06-30T19:00:17.779168+00:00,2026-07-01T05:00:17.772168,1,1,71.65,0.5,71.4,115,,,,,,,,,,,,,,,,,,,71.9,150,,,,,,,,,,,,,,,,,,
2026-06-30T19:00:17.834167+00:00,2026-07-01T05:00:17.825168,2,1,71.75,0.3,71.6,100,71.4,115,,,,,,,,,,,,,,,,,71.9,150,,,,,,,,,,,,,,,,,,
2026-06-30T19:00:17.889192+00:00,2026-07-01T05:00:17.880192,2,2,71.75,0.3,71.6,100,71.4,115,,,,,,,,,,,,,,,,,71.9,150,72.1,100,,,,,,,,,,,,,,,,
2026-06-30T19:00:18.107222+00:00,2026-07-01T05:00:18.101223,2,2,71.75,0.3,71.6,110,71.4,105,,,,,,,,,,,,,,,,,71.9,150,72.1,100,,,,,,,,,,,,,,,,
2026-06-30T19:00:18.611194+00:00,2026-07-01T05:00:18.610196,2,2,71.75,0.3,71.6,110,71.4,105,,,,,,,,,,,,,,,,,71.9,150,72.1,100,,,,,,,,,,,,,,,,
2026-06-30T19:00:19.015783+00:00,2026-07-01T05:00:19.008784,2,2,71.75,0.3,71.6,70,71.4,105,,,,,,,,,,,,,,,,,71.9,150,72.1,100,,,,,,,,,,,,,,,,
2026-06-30T19:00:19.124674+00:00,2026-07-01T05:00:19.115674,2,2,71.75,0.3,71.6,60,71.4,105,,,,,,,,,,,,,,,,,71.9,150,72.1,100,,,,,,,,,,,,,,,,
2026-06-30T19:00:19.135692+00:00,2026-07-01T05:00:19.124674,2,2,71.75,0.3,71.6,70,71.4,105,,,,,,,,,,,,,,,,,71.9,150,72.1,100,,,,,,,,,,,,,,,,
2026-06-30T19:00:19.201209+00:00,2026-07-01T05:00:19.198208,1,1,71.85,0.5,71.6,70,,,,,,,,,,,,,,,,,,,72.1,100,,,,,,,,,,,,,,,,,,
2026-06-30T19:00:19.256223+00:00,2026-07-01T05:00:19.251222,2,1,71.85,0.5,71.6,70,71.3,150,,,,,,,,,,,,,,,,,72.1,100,,,,,,,,,,,,,,,,,,
2026-06-30T19:00:19.322222+00:00,2026-07-01T05:00:19.312221,2,2,71.7,0.2,71.6,70,71.3,150,,,,,,,,,,,,,,,,,71.8,150,72.1,100,,,,,,,,,,,,,,,,
2026-06-30T19:00:19.639303+00:00,2026-07-01T05:00:19.636304,2,2,71.7,0.2,71.6,60,71.3,150,,,,,,,,,,,,,,,,,71.8,150,72.1,100,,,,,,,,,,,,,,,,
2026-06-30T19:00:19.650304+00:00,2026-07-01T05:00:19.639303,2,2,71.7,0.2,71.6,70,71.3,150,,,,,,,,,,,,,,,,,71.8,150,72.1,100,,,,,,,,,,,,,,,,
2026-06-30T19:00:20.153385+00:00,2026-07-01T05:00:20.147386,2,2,71.7,0.2,71.6,70,71.3,150,,,,,,,,,,,,,,,,,71.8,150,72.1,100,,,,,,,,,,,,,,,,
2026-06-30T19:00:20.657445+00:00,2026-07-01T05:00:20.655445,2,2,71.7,0.2,71.6,70,71.3,150,,,,,,,,,,,,,,,,,71.8,150,72.1,100,,,,,,,,,,,,,,,,
2026-06-30T19:00:20.941477+00:00,2026-07-01T05:00:20.935478,2,1,71.7,0.2,71.6,10,71.3,150,,,,,,,,,,,,,,,,,71.8,150,,,,,,,,,,,,,,,,,,
2026-06-30T19:00:20.995822+00:00,2026-07-01T05:00:20.988242,2,1,71.7,0.2,71.6,110,71.3,150,,,,,,,,,,,,,,,,,71.8,150,,,,,,,,,,,,,,,,,,
2026-06-30T19:00:21.050068+00:00,2026-07-01T05:00:21.041068,2,2,71.7,0.2,71.6,110,71.3,150,,,,,,,,,,,,,,,,,71.8,150,72.1,100,,,,,,,,,,,,,,,,
2026-06-30T19:00:21.192124+00:00,2026-07-01T05:00:21.184125,2,2,71.7,0.2,71.6,110,71.3,150,,,,,,,,,,,,,,,,,71.8,150,72.1,100,,,,,,,,,,,,,,,,
2026-06-30T19:00:21.246525+00:00,2026-07-01T05:00:21.237526,2,2,71.7,0.2,71.6,65,71.3,150,,,,,,,,,,,,,,,,,71.8,150,72.1,100,,,,,,,,,,,,,,,,
2026-06-30T19:00:21.378328+00:00,2026-07-01T05:00:21.369329,2,2,71.7,0.2,71.6,65,71.3,150,,,,,,,,,,,,,,,,,71.8,100,72.1,100,,,,,,,,,,,,,,,,
2026-06-30T19:00:21.695606+00:00,2026-07-01T05:00:21.691078,2,2,71.7,0.2,71.6,65,71.3,150,,,,,,,,,,,,,,,,,71.8,100,72.1,100,,,,,,,,,,,,,,,,
2026-06-30T19:00:22.198222+00:00,2026-07-01T05:00:22.195222,2,2,71.7,0.2,71.6,55,71.3,150,,,,,,,,,,,,,,,,,71.8,100,72.1,100,,,,,,,,,,,,,,,,
2026-06-30T19:00:22.209222+00:00,2026-07-01T05:00:22.199223,2,2,71.7,0.2,71.6,65,71.3,150,,,,,,,,,,,,,,,,,71.8,100,72.1,100,,,,,,,,,,,,,,,,
2026-06-30T19:00:22.374040+00:00,2026-07-01T05:00:22.368041,1,1,71.85,0.5,71.6,65,,,,,,,,,,,,,,,,,,,72.1,100,,,,,,,,,,,,,,,,,,
2026-06-30T19:00:22.428102+00:00,2026-07-01T05:00:22.420101,1,1,71.85,0.5,71.6,215,,,,,,,,,,,,,,,,,,,72.1,100,,,,,,,,,,,,,,,,,,
2026-06-30T19:00:22.483102+00:00,2026-07-01T05:00:22.473103,1,1,71.85,0.5,71.6,215,,,,,,,,,,,,,,,,,,,72.1,250,,,,,,,,,,,,,,,,,,
2026-06-30T19:00:22.712348+00:00,2026-07-01T05:00:22.706348,1,1,71.85,0.5,71.6,215,,,,,,,,,,,,,,,,,,,72.1,250,,,,,,,,,,,,,,,,,,
2026-06-30T19:00:23.216372+00:00,2026-07-01T05:00:23.213600,1,1,71.85,0.5,71.6,215,,,,,,,,,,,,,,,,,,,72.1,250,,,,,,,,,,,,,,,,,,
2026-06-30T19:00:23.478326+00:00,2026-07-01T05:00:23.474326,1,1,71.85,0.5,71.6,215,,,,,,,,,,,,,,,,,,,72.1,200,,,,,,,,,,,,,,,,,,
2026-06-30T19:00:23.610809+00:00,2026-07-01T05:00:23.608810,1,1,71.85,0.5,71.6,215,,,,,,,,,,,,,,,,,,,72.1,155,,,,,,,,,,,,,,,,,,
2026-06-30T19:00:23.731453+00:00,2026-07-01T05:00:23.723454,1,1,71.85,0.5,71.6,215,,,,,,,,,,,,,,,,,,,72.1,155,,,,,,,,,,,,,,,,,,
2026-06-30T19:00:24.104047+00:00,2026-07-01T05:00:24.096048,1,1,71.85,0.5,71.6,160,,,,,,,,,,,,,,,,,,,72.1,150,,,,,,,,,,,,,,,,,,
2026-06-30T19:00:24.168995+00:00,2026-07-01T05:00:24.162995,2,1,71.9,0.4,71.7,100,71.6,160,,,,,,,,,,,,,,,,,72.1,150,,,,,,,,,,,,,,,,,,
2026-06-30T19:00:24.223995+00:00,2026-07-01T05:00:24.221995,2,2,71.9,0.4,71.7,100,71.6,160,,,,,,,,,,,,,,,,,72.1,150,72.2,100,,,,,,,,,,,,,,,,
2026-06-30T19:00:24.234994+00:00,2026-07-01T05:00:24.229995,2,2,71.9,0.4,71.7,110,71.6,150,,,,,,,,,,,,,,,,,72.1,150,72.2,100,,,,,,,,,,,,,,,,
2026-06-30T19:00:24.737543+00:00,2026-07-01T05:00:24.733542,2,2,71.9,0.4,71.7,100,71.6,150,,,,,,,,,,,,,,,,,72.1,150,72.2,100,,,,,,,,,,,,,,,,
2026-06-30T19:00:24.781542+00:00,2026-07-01T05:00:24.778542,2,2,71.9,0.4,71.7,110,71.6,150,,,,,,,,,,,,,,,,,72.1,150,72.2,100,,,,,,,,,,,,,,,,
2026-06-30T19:00:25.100341+00:00,2026-07-01T05:00:25.099341,2,2,71.9,0.4,71.7,67,71.6,150,,,,,,,,,,,,,,,,,72.1,150,72.2,100,,,,,,,,,,,,,,,,
2026-06-30T19:00:25.286580+00:00,2026-07-01T05:00:25.282882,2,2,71.9,0.4,71.7,67,71.6,150,,,,,,,,,,,,,,,,,72.1,150,72.2,100,,,,,,,,,,,,,,,,
2026-06-30T19:00:25.538596+00:00,2026-07-01T05:00:25.530596,1,1,71.95,0.5,71.7,67,,,,,,,,,,,,,,,,,,,72.2,100,,,,,,,,,,,,,,,,,,
2026-06-30T19:00:25.593596+00:00,2026-07-01T05:00:25.583595,2,1,71.95,0.5,71.7,67,71.6,150,,,,,,,,,,,,,,,,,72.2,100,,,,,,,,,,,,,,,,,,
2026-06-30T19:00:25.636866+00:00,2026-07-01T05:00:25.635996,2,2,71.9,0.4,71.7,67,71.6,150,,,,,,,,,,,,,,,,,72.1,150,72.2,100,,,,,,,,,,,,,,,,
2026-06-30T19:00:25.789217+00:00,2026-07-01T05:00:25.788217,2,2,71.9,0.4,71.7,67,71.6,150,,,,,,,,,,,,,,,,,72.1,150,72.2,100,,,,,,,,,,,,,,,,
2026-06-30T19:00:26.303230+00:00,2026-07-01T05:00:26.296229,2,2,71.9,0.4,71.7,67,71.6,150,,,,,,,,,,,,,,,,,72.1,150,72.2,100,,,,,,,,,,,,,,,,
2026-06-30T19:00:26.807330+00:00,2026-07-01T05:00:26.803330,2,2,71.9,0.4,71.7,67,71.6,150,,,,,,,,,,,,,,,,,72.1,150,72.2,100,,,,,,,,,,,,,,,,
2026-06-30T19:00:27.277415+00:00,2026-07-01T05:00:27.271897,2,1,71.9,0.4,71.7,10,71.6,150,,,,,,,,,,,,,,,,,72.1,150,,,,,,,,,,,,,,,,,,
2026-06-30T19:00:27.309846+00:00,2026-07-01T05:00:27.307845,1,1,71.85,0.5,71.6,150,,,,,,,,,,,,,,,,,,,72.1,150,,,,,,,,,,,,,,,,,,
2026-06-30T19:00:27.320845+00:00,2026-07-01T05:00:27.310845,1,1,71.85,0.5,71.6,160,,,,,,,,,,,,,,,,,,,72.1,150,,,,,,,,,,,,,,,,,,
2026-06-30T19:00:27.331845+00:00,2026-07-01T05:00:27.323846,2,1,71.85,0.5,71.6,160,71.5,100,,,,,,,,,,,,,,,,,72.1,150,,,,,,,,,,,,,,,,,,
2026-06-30T19:00:27.385663+00:00,2026-07-01T05:00:27.379664,2,2,71.8,0.4,71.6,160,71.5,100,,,,,,,,,,,,,,,,,72.0,100,72.1,150,,,,,,,,,,,,,,,,
2026-06-30T19:00:27.691879+00:00,2026-07-01T05:00:27.683879,2,2,71.8,0.4,71.6,160,71.5,100,,,,,,,,,,,,,,,,,72.0,50,72.1,150,,,,,,,,,,,,,,,,
2026-06-30T19:00:27.822332+00:00,2026-07-01T05:00:27.819331,2,2,71.8,0.4,71.6,160,71.5,100,,,,,,,,,,,,,,,,,72.0,50,72.1,150,,,,,,,,,,,,,,,,
2026-06-30T19:00:28.324766+00:00,2026-07-01T05:00:28.321766,2,2,71.8,0.4,71.6,150,71.5,100,,,,,,,,,,,,,,,,,72.0,50,72.1,150,,,,,,,,,,,,,,,,
2026-06-30T19:00:28.335620+00:00,2026-07-01T05:00:28.328620,2,2,71.8,0.4,71.6,160,71.5,100,,,,,,,,,,,,,,,,,72.0,50,72.1,150,,,,,,,,,,,,,,,,
2026-06-30T19:00:28.697792+00:00,2026-07-01T05:00:28.693789,2,1,71.8,0.4,71.6,10,71.5,100,,,,,,,,,,,,,,,,,72.0,50,,,,,,,,,,,,,,,,,,
2026-06-30T19:00:28.752790+00:00,2026-07-01T05:00:28.745791,2,1,71.8,0.4,71.6,160,71.5,100,,,,,,,,,,,,,,,,,72.0,50,,,,,,,,,,,,,,,,,,
2026-06-30T19:00:28.808054+00:00,2026-07-01T05:00:28.799052,2,2,71.8,0.4,71.6,160,71.5,100,,,,,,,,,,,,,,,,,72.0,50,72.1,150,,,,,,,,,,,,,,,,
2026-06-30T19:00:28.840569+00:00,2026-07-01T05:00:28.839569,2,2,71.8,0.4,71.6,160,71.5,100,,,,,,,,,,,,,,,,,72.0,50,72.1,150,,,,,,,,,,,,,,,,
2026-06-30T19:00:29.210562+00:00,2026-07-01T05:00:29.206055,2,2,71.8,0.4,71.6,160,71.5,100,,,,,,,,,,,,,,,,,72.0,5,72.1,150,,,,,,,,,,,,,,,,
2026-06-30T19:00:29.351574+00:00,2026-07-01T05:00:29.345573,2,2,71.8,0.4,71.6,160,71.5,100,,,,,,,,,,,,,,,,,72.0,5,72.1,150,,,,,,,,,,,,,,,,
2026-06-30T19:00:29.797967+00:00,2026-07-01T05:00:29.793347,2,1,71.85,0.5,71.6,160,71.5,100,,,,,,,,,,,,,,,,,72.1,105,,,,,,,,,,,,,,,,,,
2026-06-30T19:00:29.852238+00:00,2026-07-01T05:00:29.849239,2,1,71.85,0.5,71.6,150,71.5,100,,,,,,,,,,,,,,,,,72.1,105,,,,,,,,,,,,,,,,,,
2026-06-30T19:00:29.863238+00:00,2026-07-01T05:00:29.853239,2,1,71.85,0.5,71.6,160,71.5,100,,,,,,,,,,,,,,,,,72.1,105,,,,,,,,,,,,,,,,,,
2026-06-30T19:00:30.364646+00:00,2026-07-01T05:00:30.360646,2,1,71.85,0.5,71.6,160,71.5,100,,,,,,,,,,,,,,,,,72.1,105,,,,,,,,,,,,,,,,,,
2026-06-30T19:00:30.430658+00:00,2026-07-01T05:00:30.429657,1,1,71.85,0.5,71.6,160,,,,,,,,,,,,,,,,,,,72.1,105,,,,,,,,,,,,,,,,,,
2026-06-30T19:00:30.485182+00:00,2026-07-01T05:00:30.484182,1,1,71.85,0.5,71.6,160,,,,,,,,,,,,,,,,,,,72.1,5,,,,,,,,,,,,,,,,,,
2026-06-30T19:00:30.540182+00:00,2026-07-01T05:00:30.536182,1,2,71.85,0.5,71.6,160,,,,,,,,,,,,,,,,,,,72.1,5,72.6,100,,,,,,,,,,,,,,,,
2026-06-30T19:00:30.879351+00:00,2026-07-01T05:00:30.876350,1,2,71.85,0.5,71.6,160,,,,,,,,,,,,,,,,,,,72.1,5,72.6,100,,,,,,,,,,,,,,,,
2026-06-30T19:00:31.382442+00:00,2026-07-01T05:00:31.381442,1,2,71.85,0.5,71.6,150,,,,,,,,,,,,,,,,,,,72.1,5,72.6,100,,,,,,,,,,,,,,,,
2026-06-30T19:00:31.393443+00:00,2026-07-01T05:00:31.384442,1,2,71.85,0.5,71.6,160,,,,,,,,,,,,,,,,,,,72.1,5,72.6,100,,,,,,,,,,,,,,,,
2026-06-30T19:00:31.862655+00:00,2026-07-01T05:00:31.854656,1,1,72.1,1.0,71.6,10,,,,,,,,,,,,,,,,,,,72.6,100,,,,,,,,,,,,,,,,,,
2026-06-30T19:00:31.895656+00:00,2026-07-01T05:00:31.888656,0,1,,,,,,,,,,,,,,,,,,,,,,,72.6,100,,,,,,,,,,,,,,,,,,
2026-06-30T19:00:31.906251+00:00,2026-07-01T05:00:31.904251,0,1,,,,,,,,,,,,,,,,,,,,,,,72.6,50,,,,,,,,,,,,,,,,,,
2026-06-30T19:00:31.917745+00:00,2026-07-01T05:00:31.908251,1,1,72.5,0.2,72.4,150,,,,,,,,,,,,,,,,,,,72.6,50,,,,,,,,,,,,,,,,,,
2026-06-30T19:00:31.928744+00:00,2026-07-01T05:00:31.922745,0,1,,,,,,,,,,,,,,,,,,,,,,,72.6,50,,,,,,,,,,,,,,,,,,
2026-06-30T19:00:31.961744+00:00,2026-07-01T05:00:31.960743,0,2,,,,,,,,,,,,,,,,,,,,,,,72.6,50,72.9,150,,,,,,,,,,,,,,,,
2026-06-30T19:00:33.599358+00:00,2026-07-01T05:00:33.589358,0,1,,,,,,,,,,,,,,,,,,,,,,,72.9,150,,,,,,,,,,,,,,,,,,
2026-06-30T19:00:33.654359+00:00,2026-07-01T05:00:33.644358,1,1,72.55,0.7,72.2,100,,,,,,,,,,,,,,,,,,,72.9,150,,,,,,,,,,,,,,,,,,
2026-06-30T19:00:33.697873+00:00,2026-07-01T05:00:33.696874,1,2,72.45,0.5,72.2,100,,,,,,,,,,,,,,,,,,,72.7,100,72.9,150,,,,,,,,,,,,,,,,
2026-06-30T19:00:33.915456+00:00,2026-07-01T05:00:33.904456,1,2,72.45,0.5,72.2,110,,,,,,,,,,,,,,,,,,,72.7,100,72.9,150,,,,,,,,,,,,,,,,
2026-06-30T19:00:34.014252+00:00,2026-07-01T05:00:34.008253,1,2,72.45,0.5,72.2,110,,,,,,,,,,,,,,,,,,,72.7,50,72.9,150,,,,,,,,,,,,,,,,
2026-06-30T19:00:34.419540+00:00,2026-07-01T05:00:34.411540,1,2,72.45,0.5,72.2,110,,,,,,,,,,,,,,,,,,,72.7,50,72.9,150,,,,,,,,,,,,,,,,
2026-06-30T19:00:34.691638+00:00,2026-07-01T05:00:34.682638,1,2,72.45,0.5,72.2,60,,,,,,,,,,,,,,,,,,,72.7,50,72.9,150,,,,,,,,,,,,,,,,
2026-06-30T19:00:34.921187+00:00,2026-07-01T05:00:34.920187,1,2,72.45,0.5,72.2,60,,,,,,,,,,,,,,,,,,,72.7,50,72.9,150,,,,,,,,,,,,,,,,
2026-06-30T19:00:35.018736+00:00,2026-07-01T05:00:35.015355,1,1,72.45,0.5,72.2,60,,,,,,,,,,,,,,,,,,,72.7,50,,,,,,,,,,,,,,,,,,
2026-06-30T19:00:35.084712+00:00,2026-07-01T05:00:35.076712,2,1,72.45,0.5,72.2,60,71.7,150,,,,,,,,,,,,,,,,,72.7,50,,,,,,,,,,,,,,,,,,
2026-06-30T19:00:35.139022+00:00,2026-07-01T05:00:35.128503,1,2,71.95,0.5,71.7,150,,,,,,,,,,,,,,,,,,,72.2,90,72.7,50,,,,,,,,,,,,,,,,
2026-06-30T19:00:35.434089+00:00,2026-07-01T05:00:35.429089,1,2,71.95,0.5,71.7,160,,,,,,,,,,,,,,,,,,,72.2,100,72.7,50,,,,,,,,,,,,,,,,
2026-06-30T19:00:35.948377+00:00,2026-07-01T05:00:35.942860,1,2,71.95,0.5,71.7,160,,,,,,,,,,,,,,,,,,,72.2,90,72.7,50,,,,,,,,,,,,,,,,
2026-06-30T19:00:35.991903+00:00,2026-07-01T05:00:35.987902,1,2,71.95,0.5,71.7,160,,,,,,,,,,,,,,,,,,,72.2,100,72.7,50,,,,,,,,,,,,,,,,
2026-06-30T19:00:36.123465+00:00,2026-07-01T05:00:36.117465,1,2,71.95,0.5,71.7,160,,,,,,,,,,,,,,,,,,,72.2,50,72.7,50,,,,,,,,,,,,,,,,
2026-06-30T19:00:36.495940+00:00,2026-07-01T05:00:36.492940,1,2,71.95,0.5,71.7,150,,,,,,,,,,,,,,,,,,,72.2,40,72.7,50,,,,,,,,,,,,,,,,
2026-06-30T19:00:36.506426+00:00,2026-07-01T05:00:36.499425,1,2,71.95,0.5,71.7,160,,,,,,,,,,,,,,,,,,,72.2,50,72.7,50,,,,,,,,,,,,,,,,
2026-06-30T19:00:36.758508+00:00,2026-07-01T05:00:36.750992,1,1,71.95,0.5,71.7,160,,,,,,,,,,,,,,,,,,,72.2,50,,,,,,,,,,,,,,,,,,
2026-06-30T19:00:36.812541+00:00,2026-07-01T05:00:36.804024,1,1,71.95,0.5,71.7,260,,,,,,,,,,,,,,,,,,,72.2,50,,,,,,,,,,,,,,,,,,
2026-06-30T19:00:36.867282+00:00,2026-07-01T05:00:36.857760,1,1,71.95,0.5,71.7,260,,,,,,,,,,,,,,,,,,,72.2,150,,,,,,,,,,,,,,,,,,
2026-06-30T19:00:37.009056+00:00,2026-07-01T05:00:37.008055,1,1,71.95,0.5,71.7,260,,,,,,,,,,,,,,,,,,,72.2,140,,,,,,,,,,,,,,,,,,
2026-06-30T19:00:37.019867+00:00,2026-07-01T05:00:37.010057,1,1,71.95,0.5,71.7,260,,,,,,,,,,,,,,,,,,,72.2,150,,,,,,,,,,,,,,,,,,
2026-06-30T19:00:37.128902+00:00,2026-07-01T05:00:37.121901,1,1,71.95,0.5,71.7,212,,,,,,,,,,,,,,,,,,,72.2,150,,,,,,,,,,,,,,,,,,
2026-06-30T19:00:37.516932+00:00,2026-07-01T05:00:37.515933,1,1,71.95,0.5,71.7,202,,,,,,,,,,,,,,,,,,,72.2,140,,,,,,,,,,,,,,,,,,
2026-06-30T19:00:37.527932+00:00,2026-07-01T05:00:37.519933,1,1,71.95,0.5,71.7,212,,,,,,,,,,,,,,,,,,,72.2,140,,,,,,,,,,,,,,,,,,
2026-06-30T19:00:37.538448+00:00,2026-07-01T05:00:37.527932,1,1,71.95,0.5,71.7,212,,,,,,,,,,,,,,,,,,,72.2,150,,,,,,,,,,,,,,,,,,
2026-06-30T19:00:38.027828+00:00,2026-07-01T05:00:38.027091,1,1,71.95,0.5,71.7,202,,,,,,,,,,,,,,,,,,,72.2,140,,,,,,,,,,,,,,,,,,
2026-06-30T19:00:38.038386+00:00,2026-07-01T05:00:38.032826,1,1,71.95,0.5,71.7,212,,,,,,,,,,,,,,,,,,,72.2,150,,,,,,,,,,,,,,,,,,
2026-06-30T19:00:38.190255+00:00,2026-07-01T05:00:38.183254,1,1,71.95,0.5,71.7,110,,,,,,,,,,,,,,,,,,,72.2,110,,,,,,,,,,,,,,,,,,
2026-06-30T19:00:38.245254+00:00,2026-07-01T05:00:38.235255,2,1,72.1,0.2,72.0,150,71.7,110,,,,,,,,,,,,,,,,,72.2,110,,,,,,,,,,,,,,,,,,
2026-06-30T19:00:38.278266+00:00,2026-07-01T05:00:38.275265,2,1,72.1,0.2,72.0,100,71.7,110,,,,,,,,,,,,,,,,,72.2,110,,,,,,,,,,,,,,,,,,
2026-06-30T19:00:38.299782+00:00,2026-07-01T05:00:38.288782,2,2,72.1,0.2,72.0,100,71.7,110,,,,,,,,,,,,,,,,,72.2,110,72.5,150,,,,,,,,,,,,,,,,
2026-06-30T19:00:38.561376+00:00,2026-07-01T05:00:38.557376,2,2,72.1,0.2,72.0,100,71.7,100,,,,,,,,,,,,,,,,,72.2,100,72.5,150,,,,,,,,,,,,,,,,
2026-06-30T19:00:38.572376+00:00,2026-07-01T05:00:38.564376,2,2,72.1,0.2,72.0,110,71.7,100,,,,,,,,,,,,,,,,,72.2,110,72.5,150,,,,,,,,,,,,,,,,
2026-06-30T19:00:39.074734+00:00,2026-07-01T05:00:39.073735,2,2,72.1,0.2,72.0,110,71.7,100,,,,,,,,,,,,,,,,,72.2,100,72.5,150,,,,,,,,,,,,,,,,
2026-06-30T19:00:39.085734+00:00,2026-07-01T05:00:39.078734,2,2,72.1,0.2,72.0,110,71.7,100,,,,,,,,,,,,,,,,,72.2,110,72.5,150,,,,,,,,,,,,,,,,
2026-06-30T19:00:39.543943+00:00,2026-07-01T05:00:39.539943,2,2,72.1,0.2,72.0,110,71.7,100,,,,,,,,,,,,,,,,,72.2,70,72.5,150,,,,,,,,,,,,,,,,
2026-06-30T19:00:39.587910+00:00,2026-07-01T05:00:39.585909,2,2,72.1,0.2,72.0,110,71.7,100,,,,,,,,,,,,,,,,,72.2,60,72.5,150,,,,,,,,,,,,,,,,
2026-06-30T19:00:39.598587+00:00,2026-07-01T05:00:39.588909,2,2,72.1,0.2,72.0,110,71.7,100,,,,,,,,,,,,,,,,,72.2,70,72.5,150,,,,,,,,,,,,,,,,
2026-06-30T19:00:39.936879+00:00,2026-07-01T05:00:39.934879,1,2,72.1,0.2,72.0,110,,,,,,,,,,,,,,,,,,,72.2,10,72.5,150,,,,,,,,,,,,,,,,
2026-06-30T19:00:39.991586+00:00,2026-07-01T05:00:39.989586,2,2,72.1,0.2,72.0,110,71.9,100,,,,,,,,,,,,,,,,,72.2,10,72.5,150,,,,,,,,,,,,,,,,
2026-06-30T19:00:40.046586+00:00,2026-07-01T05:00:40.043586,2,3,72.1,0.2,72.0,110,71.9,100,,,,,,,,,,,,,,,,,72.2,10,72.4,100,72.5,150,,,,,,,,,,,,,,
2026-06-30T19:00:40.102027+00:00,2026-07-01T05:00:40.101027,2,2,72.2,0.4,72.0,110,71.9,100,,,,,,,,,,,,,,,,,72.4,110,72.5,150,,,,,,,,,,,,,,,,
2026-06-30T19:00:40.113027+00:00,2026-07-01T05:00:40.108027,2,2,72.2,0.4,72.0,69,71.9,100,,,,,,,,,,,,,,,,,72.4,110,72.5,150,,,,,,,,,,,,,,,,
2026-06-30T19:00:40.386392+00:00,2026-07-01T05:00:40.382392,2,2,72.2,0.4,72.0,19,71.9,100,,,,,,,,,,,,,,,,,72.4,110,72.5,150,,,,,,,,,,,,,,,,
2026-06-30T19:00:40.615576+00:00,2026-07-01T05:00:40.614576,2,2,72.2,0.4,72.0,19,71.9,100,,,,,,,,,,,,,,,,,72.4,100,72.5,150,,,,,,,,,,,,,,,,
2026-06-30T19:00:40.626577+00:00,2026-07-01T05:00:40.619577,2,2,72.2,0.4,72.0,19,71.9,100,,,,,,,,,,,,,,,,,72.4,110,72.5,150,,,,,,,,,,,,,,,,
2026-06-30T19:00:41.019440+00:00,2026-07-01T05:00:41.017890,2,2,72.2,0.4,72.0,19,71.9,100,,,,,,,,,,,,,,,,,72.4,64,72.5,150,,,,,,,,,,,,,,,,
2026-06-30T19:00:41.140155+00:00,2026-07-01T05:00:41.138156,2,2,72.2,0.4,72.0,9,71.9,100,,,,,,,,,,,,,,,,,72.4,54,72.5,150,,,,,,,,,,,,,,,,
2026-06-30T19:00:41.151156+00:00,2026-07-01T05:00:41.146155,2,2,72.2,0.4,72.0,19,71.9,100,,,,,,,,,,,,,,,,,72.4,64,72.5,150,,,,,,,,,,,,,,,,
2026-06-30T19:00:41.348674+00:00,2026-07-01T05:00:41.343689,2,1,72.2,0.4,72.0,10,71.9,100,,,,,,,,,,,,,,,,,72.4,64,,,,,,,,,,,,,,,,,,
2026-06-30T19:00:41.403166+00:00,2026-07-01T05:00:41.396166,3,1,72.2,0.4,72.0,10,71.9,100,71.4,150,,,,,,,,,,,,,,,72.4,64,,,,,,,,,,,,,,,,,,
2026-06-30T19:00:41.457681+00:00,2026-07-01T05:00:41.451681,1,2,71.65,0.5,71.4,150,,,,,,,,,,,,,,,,,,,71.9,40,72.4,64,,,,,,,,,,,,,,,,
2026-06-30T19:00:41.489780+00:00,2026-07-01T05:00:41.479197,1,1,71.9,1.0,71.4,150,,,,,,,,,,,,,,,,,,,72.4,62,,,,,,,,,,,,,,,,,,
2026-06-30T19:00:41.653590+00:00,2026-07-01T05:00:41.649589,1,1,71.9,1.0,71.4,150,,,,,,,,,,,,,,,,,,,72.4,52,,,,,,,,,,,,,,,,,,
2026-06-30T19:00:41.664590+00:00,2026-07-01T05:00:41.657589,1,1,71.9,1.0,71.4,160,,,,,,,,,,,,,,,,,,,72.4,62,,,,,,,,,,,,,,,,,,
2026-06-30T19:00:42.166737+00:00,2026-07-01T05:00:42.165737,1,1,71.9,1.0,71.4,150,,,,,,,,,,,,,,,,,,,72.4,52,,,,,,,,,,,,,,,,,,
2026-06-30T19:00:42.176934+00:00,2026-07-01T05:00:42.171934,1,1,71.9,1.0,71.4,160,,,,,,,,,,,,,,,,,,,72.4,62,,,,,,,,,,,,,,,,,,
2026-06-30T19:00:42.492679+00:00,2026-07-01T05:00:42.489677,1,1,71.9,1.0,71.4,110,,,,,,,,,,,,,,,,,,,72.4,62,,,,,,,,,,,,,,,,,,
2026-06-30T19:00:42.678721+00:00,2026-07-01T05:00:42.677722,1,1,71.9,1.0,71.4,100,,,,,,,,,,,,,,,,,,,72.4,52,,,,,,,,,,,,,,,,,,
2026-06-30T19:00:42.689247+00:00,2026-07-01T05:00:42.682722,1,1,71.9,1.0,71.4,110,,,,,,,,,,,,,,,,,,,72.4,62,,,,,,,,,,,,,,,,,,
2026-06-30T19:00:43.104615+00:00,2026-07-01T05:00:43.097256,1,1,71.9,1.0,71.4,110,,,,,,,,,,,,,,,,,,,72.4,10,,,,,,,,,,,,,,,,,,
2026-06-30T19:00:43.158410+00:00,2026-07-01T05:00:43.157636,2,1,72.15,0.5,71.9,100,71.4,110,,,,,,,,,,,,,,,,,72.4,10,,,,,,,,,,,,,,,,,,
2026-06-30T19:00:43.191556+00:00,2026-07-01T05:00:43.188678,2,0,,,71.9,100,71.4,100,,,,,,,,,,,,,,,,,,,,,,,,,,,,,,,,,,,,
2026-06-30T19:00:43.213125+00:00,2026-07-01T05:00:43.210552,2,1,72.15,0.5,71.9,100,71.4,100,,,,,,,,,,,,,,,,,72.4,100,,,,,,,,,,,,,,,,,,
2026-06-30T19:00:43.695941+00:00,2026-07-01T05:00:43.694942,2,1,72.15,0.5,71.9,110,71.4,100,,,,,,,,,,,,,,,,,72.4,100,,,,,,,,,,,,,,,,,,
2026-06-30T19:00:43.706942+00:00,2026-07-01T05:00:43.698940,2,1,72.15,0.5,71.9,110,71.4,100,,,,,,,,,,,,,,,,,72.4,110,,,,,,,,,,,,,,,,,,
2026-06-30T19:00:44.210770+00:00,2026-07-01T05:00:44.204771,2,1,72.15,0.5,71.9,100,71.4,100,,,,,,,,,,,,,,,,,72.4,100,,,,,,,,,,,,,,,,,,
2026-06-30T19:00:44.221770+00:00,2026-07-01T05:00:44.215769,2,1,72.15,0.5,71.9,110,71.4,100,,,,,,,,,,,,,,,,,72.4,100,,,,,,,,,,,,,,,,,,
2026-06-30T19:00:44.243770+00:00,2026-07-01T05:00:44.238772,2,1,72.15,0.5,71.9,110,71.4,100,,,,,,,,,,,,,,,,,72.4,110,,,,,,,,,,,,,,,,,,
2026-06-30T19:00:44.515923+00:00,2026-07-01T05:00:44.504923,1,1,72.15,0.5,71.9,110,,,,,,,,,,,,,,,,,,,72.4,110,,,,,,,,,,,,,,,,,,
2026-06-30T19:00:44.560034+00:00,2026-07-01T05:00:44.559033,1,1,72.15,0.5,71.9,260,,,,,,,,,,,,,,,,,,,72.4,110,,,,,,,,,,,,,,,,,,
2026-06-30T19:00:44.604032+00:00,2026-07-01T05:00:44.596034,1,1,72.15,0.5,71.9,210,,,,,,,,,,,,,,,,,,,72.4,110,,,,,,,,,,,,,,,,,,
2026-06-30T19:00:44.615034+00:00,2026-07-01T05:00:44.613034,1,1,72.15,0.5,71.9,210,,,,,,,,,,,,,,,,,,,72.4,260,,,,,,,,,,,,,,,,,,
2026-06-30T19:00:44.746141+00:00,2026-07-01T05:00:44.745140,1,1,72.15,0.5,71.9,210,,,,,,,,,,,,,,,,,,,72.4,260,,,,,,,,,,,,,,,,,,
2026-06-30T19:00:45.258376+00:00,2026-07-01T05:00:45.256354,1,1,72.15,0.5,71.9,210,,,,,,,,,,,,,,,,,,,72.4,260,,,,,,,,,,,,,,,,,,
2026-06-30T19:00:45.760833+00:00,2026-07-01T05:00:45.759833,1,1,72.15,0.5,71.9,210,,,,,,,,,,,,,,,,,,,72.4,250,,,,,,,,,,,,,,,,,,
2026-06-30T19:00:45.771832+00:00,2026-07-01T05:00:45.769833,1,1,72.15,0.5,71.9,210,,,,,,,,,,,,,,,,,,,72.4,260,,,,,,,,,,,,,,,,,,
2026-06-30T19:00:46.264533+00:00,2026-07-01T05:00:46.263533,1,1,72.15,0.5,71.9,210,,,,,,,,,,,,,,,,,,,72.4,160,,,,,,,,,,,,,,,,,,
2026-06-30T19:00:46.275532+00:00,2026-07-01T05:00:46.274533,1,1,72.15,0.5,71.9,160,,,,,,,,,,,,,,,,,,,72.4,150,,,,,,,,,,,,,,,,,,
2026-06-30T19:00:46.286532+00:00,2026-07-01T05:00:46.280532,1,1,72.15,0.5,71.9,160,,,,,,,,,,,,,,,,,,,72.4,160,,,,,,,,,,,,,,,,,,
2026-06-30T19:00:46.319681+00:00,2026-07-01T05:00:46.317544,2,1,72.15,0.5,71.9,160,71.6,100,,,,,,,,,,,,,,,,,72.4,160,,,,,,,,,,,,,,,,,,
2026-06-30T19:00:46.374642+00:00,2026-07-01T05:00:46.370642,2,2,72.0,0.2,71.9,160,71.6,100,,,,,,,,,,,,,,,,,72.1,100,72.4,160,,,,,,,,,,,,,,,,
2026-06-30T19:00:46.703613+00:00,2026-07-01T05:00:46.702613,2,2,72.0,0.2,71.9,110,71.6,100,,,,,,,,,,,,,,,,,72.1,100,72.4,160,,,,,,,,,,,,,,,,
2026-06-30T19:00:46.790858+00:00,2026-07-01T05:00:46.789857,2,2,72.0,0.2,71.9,110,71.6,100,,,,,,,,,,,,,,,,,72.1,100,72.4,150,,,,,,,,,,,,,,,,
2026-06-30T19:00:46.801857+00:00,2026-07-01T05:00:46.792857,2,2,72.0,0.2,71.9,110,71.6,100,,,,,,,,,,,,,,,,,72.1,110,72.4,150,,,,,,,,,,,,,,,,
2026-06-30T19:00:47.305917+00:00,2026-07-01T05:00:47.304917,2,2,72.0,0.2,71.9,110,71.6,100,,,,,,,,,,,,,,,,,72.1,100,72.4,150,,,,,,,,,,,,,,,,
2026-06-30T19:00:47.316917+00:00,2026-07-01T05:00:47.307917,2,2,72.0,0.2,71.9,110,71.6,100,,,,,,,,,,,,,,,,,72.1,110,72.4,150,,,,,,,,,,,,,,,,
2026-06-30T19:00:47.678006+00:00,2026-07-01T05:00:47.668006,2,1,72.0,0.2,71.9,10,71.6,100,,,,,,,,,,,,,,,,,72.1,110,,,,,,,,,,,,,,,,,,
2026-06-30T19:00:47.732689+00:00,2026-07-01T05:00:47.721689,2,1,72.0,0.2,71.9,10,71.6,250,,,,,,,,,,,,,,,,,72.1,110,,,,,,,,,,,,,,,,,,
2026-06-30T19:00:47.798208+00:00,2026-07-01T05:00:47.796207,2,1,72.0,0.2,71.9,10,71.6,250,,,,,,,,,,,,,,,,,72.1,260,,,,,,,,,,,,,,,,,,
2026-06-30T19:00:47.819960+00:00,2026-07-01T05:00:47.813444,1,1,71.85,0.5,71.6,250,,,,,,,,,,,,,,,,,,,72.1,250,,,,,,,,,,,,,,,,,,
2026-06-30T19:00:47.841476+00:00,2026-07-01T05:00:47.832476,1,1,71.85,0.5,71.6,260,,,,,,,,,,,,,,,,,,,72.1,250,,,,,,,,,,,,,,,,,,
2026-06-30T19:00:47.863476+00:00,2026-07-01T05:00:47.852476,1,1,71.85,0.5,71.6,260,,,,,,,,,,,,,,,,,,,72.1,260,,,,,,,,,,,,,,,,,,
2026-06-30T19:00:48.357884+00:00,2026-07-01T05:00:48.354885,1,1,71.85,0.5,71.6,250,,,,,,,,,,,,,,,,,,,72.1,250,,,,,,,,,,,,,,,,,,
2026-06-30T19:00:48.368532+00:00,2026-07-01T05:00:48.360533,1,1,71.85,0.5,71.6,260,,,,,,,,,,,,,,,,,,,72.1,260,,,,,,,,,,,,,,,,,,
2026-06-30T19:00:48.816664+00:00,2026-07-01T05:00:48.807664,1,1,71.85,0.5,71.6,210,,,,,,,,,,,,,,,,,,,72.1,260,,,,,,,,,,,,,,,,,,
2026-06-30T19:00:48.870584+00:00,2026-07-01T05:00:48.868584,1,1,71.85,0.5,71.6,210,,,,,,,,,,,,,,,,,,,72.1,250,,,,,,,,,,,,,,,,,,
2026-06-30T19:00:48.881583+00:00,2026-07-01T05:00:48.873583,1,1,71.85,0.5,71.6,210,,,,,,,,,,,,,,,,,,,72.1,260,,,,,,,,,,,,,,,,,,
2026-06-30T19:00:49.385148+00:00,2026-07-01T05:00:49.383148,1,1,71.85,0.5,71.6,210,,,,,,,,,,,,,,,,,,,72.1,250,,,,,,,,,,,,,,,,,,
2026-06-30T19:00:49.396148+00:00,2026-07-01T05:00:49.387148,1,1,71.85,0.5,71.6,210,,,,,,,,,,,,,,,,,,,72.1,260,,,,,,,,,,,,,,,,,,
2026-06-30T19:00:49.429161+00:00,2026-07-01T05:00:49.427161,1,1,71.85,0.5,71.6,210,,,,,,,,,,,,,,,,,,,72.1,160,,,,,,,,,,,,,,,,,,
2026-06-30T19:00:49.440032+00:00,2026-07-01T05:00:49.431160,1,1,71.85,0.5,71.6,160,,,,,,,,,,,,,,,,,,,72.1,160,,,,,,,,,,,,,,,,,,
2026-06-30T19:00:49.495029+00:00,2026-07-01T05:00:49.485030,2,1,71.85,0.5,71.6,160,71.5,100,,,,,,,,,,,,,,,,,72.1,160,,,,,,,,,,,,,,,,,,
2026-06-30T19:00:49.538557+00:00,2026-07-01T05:00:49.537557,2,2,71.8,0.4,71.6,160,71.5,100,,,,,,,,,,,,,,,,,72.0,100,72.1,160,,,,,,,,,,,,,,,,
2026-06-30T19:00:49.901175+00:00,2026-07-01T05:00:49.900175,2,2,71.8,0.4,71.6,160,71.5,100,,,,,,,,,,,,,,,,,72.0,110,72.1,150,,,,,,,,,,,,,,,,
2026-06-30T19:00:50.407211+00:00,2026-07-01T05:00:50.406212,2,2,71.8,0.4,71.6,150,71.5,100,,,,,,,,,,,,,,,,,72.0,100,72.1,150,,,,,,,,,,,,,,,,
2026-06-30T19:00:50.417730+00:00,2026-07-01T05:00:50.412730,2,2,71.8,0.4,71.6,160,71.5,100,,,,,,,,,,,,,,,,,72.0,110,72.1,150,,,,,,,,,,,,,,,,
2026-06-30T19:00:50.852896+00:00,2026-07-01T05:00:50.848897,2,1,71.8,0.4,71.6,10,71.5,100,,,,,,,,,,,,,,,,,72.0,110,,,,,,,,,,,,,,,,,,
2026-06-30T19:00:50.907896+00:00,2026-07-01T05:00:50.901896,3,1,71.9,0.2,71.8,150,71.6,10,71.5,100,,,,,,,,,,,,,,,72.0,110,,,,,,,,,,,,,,,,,,
2026-06-30T19:00:50.918896+00:00,2026-07-01T05:00:50.917896,2,1,71.9,0.2,71.8,100,71.5,100,,,,,,,,,,,,,,,,,72.0,100,,,,,,,,,,,,,,,,,,
2026-06-30T19:00:50.929896+00:00,2026-07-01T05:00:50.925896,2,1,71.9,0.2,71.8,110,71.5,100,,,,,,,,,,,,,,,,,72.0,110,,,,,,,,,,,,,,,,,,
2026-06-30T19:00:50.961929+00:00,2026-07-01T05:00:50.953929,2,2,71.9,0.2,71.8,110,71.5,100,,,,,,,,,,,,,,,,,72.0,110,72.3,150,,,,,,,,,,,,,,,,
2026-06-30T19:00:51.453048+00:00,2026-07-01T05:00:51.443049,2,2,71.9,0.2,71.8,110,71.5,100,,,,,,,,,,,,,,,,,72.0,110,72.3,150,,,,,,,,,,,,,,,,
2026-06-30T19:00:51.955528+00:00,2026-07-01T05:00:51.954528,2,2,71.9,0.2,71.8,110,71.5,100,,,,,,,,,,,,,,,,,72.0,110,72.3,150,,,,,,,,,,,,,,,,
2026-06-30T19:00:52.464008+00:00,2026-07-01T05:00:52.463008,2,2,71.9,0.2,71.8,110,71.5,100,,,,,,,,,,,,,,,,,72.0,100,72.3,150,,,,,,,,,,,,,,,,
2026-06-30T19:00:52.475008+00:00,2026-07-01T05:00:52.466008,2,2,71.9,0.2,71.8,110,71.5,100,,,,,,,,,,,,,,,,,72.0,110,72.3,150,,,,,,,,,,,,,,,,
2026-06-30T19:00:52.595040+00:00,2026-07-01T05:00:52.594039,1,2,71.9,0.2,71.8,110,,,,,,,,,,,,,,,,,,,72.0,10,72.3,150,,,,,,,,,,,,,,,,
2026-06-30T19:00:52.650040+00:00,2026-07-01T05:00:52.645040,2,2,71.9,0.2,71.8,110,71.6,100,,,,,,,,,,,,,,,,,72.0,10,72.3,150,,,,,,,,,,,,,,,,
2026-06-30T19:00:52.703593+00:00,2026-07-01T05:00:52.701592,2,3,71.9,0.2,71.8,110,71.6,100,,,,,,,,,,,,,,,,,72.0,10,72.1,100,72.3,150,,,,,,,,,,,,,,
2026-06-30T19:00:52.973339+00:00,2026-07-01T05:00:52.972338,2,2,71.95,0.3,71.8,100,71.6,100,,,,,,,,,,,,,,,,,72.1,100,72.3,150,,,,,,,,,,,,,,,,
2026-06-30T19:00:52.984339+00:00,2026-07-01T05:00:52.977339,2,2,71.95,0.3,71.8,110,71.6,100,,,,,,,,,,,,,,,,,72.1,110,72.3,150,,,,,,,,,,,,,,,,
2026-06-30T19:00:53.026403+00:00,2026-07-01T05:00:53.024886,2,2,71.95,0.3,71.8,60,71.6,100,,,,,,,,,,,,,,,,,72.1,110,72.3,150,,,,,,,,,,,,,,,,
2026-06-30T19:00:53.492531+00:00,2026-07-01T05:00:53.489532,2,2,71.95,0.3,71.8,60,71.6,100,,,,,,,,,,,,,,,,,72.1,110,72.3,150,,,,,,,,,,,,,,,,
2026-06-30T19:00:53.995223+00:00,2026-07-01T05:00:53.993222,2,2,71.95,0.3,71.8,60,71.6,100,,,,,,,,,,,,,,,,,72.1,100,72.3,150,,,,,,,,,,,,,,,,
2026-06-30T19:00:54.006222+00:00,2026-07-01T05:00:53.999223,2,2,71.95,0.3,71.8,60,71.6,100,,,,,,,,,,,,,,,,,72.1,100,72.3,150,,,,,,,,,,,,,,,,
2026-06-30T19:00:54.017222+00:00,2026-07-01T05:00:54.009222,2,1,71.95,0.3,71.8,10,71.6,100,,,,,,,,,,,,,,,,,72.1,110,,,,,,,,,,,,,,,,,,
2026-06-30T19:00:54.071226+00:00,2026-07-01T05:00:54.060726,3,1,71.95,0.3,71.8,10,71.6,100,71.4,150,,,,,,,,,,,,,,,72.1,110,,,,,,,,,,,,,,,,,,
2026-06-30T19:00:54.114769+00:00,2026-07-01T05:00:54.112769,3,2,71.85,0.1,71.8,10,71.6,100,71.4,150,,,,,,,,,,,,,,,71.9,150,72.1,110,,,,,,,,,,,,,,,,
2026-06-30T19:00:54.509410+00:00,2026-07-01T05:00:54.506410,2,2,71.75,0.3,71.6,100,71.4,150,,,,,,,,,,,,,,,,,71.9,150,72.1,100,,,,,,,,,,,,,,,,
2026-06-30T19:00:54.520075+00:00,2026-07-01T05:00:54.513410,2,2,71.75,0.3,71.6,110,71.4,150,,,,,,,,,,,,,,,,,71.9,160,72.1,100,,,,,,,,,,,,,,,,
2026-06-30T19:00:55.023541+00:00,2026-07-01T05:00:55.020541,2,2,71.75,0.3,71.6,110,71.4,150,,,,,,,,,,,,,,,,,71.9,150,72.1,100,,,,,,,,,,,,,,,,
2026-06-30T19:00:55.034541+00:00,2026-07-01T05:00:55.023541,2,2,71.75,0.3,71.6,110,71.4,150,,,,,,,,,,,,,,,,,71.9,160,72.1,100,,,,,,,,,,,,,,,,
2026-06-30T19:00:55.133632+00:00,2026-07-01T05:00:55.127632,2,2,71.75,0.3,71.6,60,71.4,150,,,,,,,,,,,,,,,,,71.9,160,72.1,100,,,,,,,,,,,,,,,,
2026-06-30T19:00:55.537191+00:00,2026-07-01T05:00:55.534190,2,2,71.75,0.3,71.6,60,71.4,150,,,,,,,,,,,,,,,,,71.9,160,72.1,100,,,,,,,,,,,,,,,,
2026-06-30T19:00:55.700743+00:00,2026-07-01T05:00:55.694225,2,2,71.75,0.3,71.6,20,71.4,150,,,,,,,,,,,,,,,,,71.9,160,72.1,100,,,,,,,,,,,,,,,,
2026-06-30T19:00:55.755743+00:00,2026-07-01T05:00:55.754743,2,1,71.75,0.3,71.6,10,71.4,150,,,,,,,,,,,,,,,,,71.9,160,,,,,,,,,,,,,,,,,,
2026-06-30T19:00:55.810259+00:00,2026-07-01T05:00:55.807259,3,1,71.75,0.3,71.6,10,71.4,150,71.3,100,,,,,,,,,,,,,,,71.9,160,,,,,,,,,,,,,,,,,,
2026-06-30T19:00:55.864293+00:00,2026-07-01T05:00:55.859293,3,2,71.7,0.2,71.6,10,71.4,150,71.3,100,,,,,,,,,,,,,,,71.8,100,71.9,160,,,,,,,,,,,,,,,,
2026-06-30T19:00:56.048273+00:00,2026-07-01T05:00:56.046272,2,2,71.6,0.4,71.4,160,71.3,100,,,,,,,,,,,,,,,,,71.8,110,71.9,150,,,,,,,,,,,,,,,,
2026-06-30T19:00:56.551388+00:00,2026-07-01T05:00:56.550387,2,2,71.6,0.4,71.4,160,71.3,100,,,,,,,,,,,,,,,,,71.8,100,71.9,150,,,,,,,,,,,,,,,,
2026-06-30T19:00:56.561904+00:00,2026-07-01T05:00:56.558387,2,2,71.6,0.4,71.4,160,71.3,100,,,,,,,,,,,,,,,,,71.8,110,71.9,150,,,,,,,,,,,,,,,,
2026-06-30T19:00:57.070694+00:00,2026-07-01T05:00:57.067963,2,2,71.6,0.4,71.4,160,71.3,100,,,,,,,,,,,,,,,,,71.8,100,71.9,150,,,,,,,,,,,,,,,,
2026-06-30T19:00:57.081692+00:00,2026-07-01T05:00:57.072692,2,2,71.6,0.4,71.4,160,71.3,100,,,,,,,,,,,,,,,,,71.8,110,71.9,150,,,,,,,,,,,,,,,,
2026-06-30T19:00:57.169024+00:00,2026-07-01T05:00:57.169024,2,1,71.6,0.4,71.4,10,71.3,100,,,,,,,,,,,,,,,,,71.8,110,,,,,,,,,,,,,,,,,,
2026-06-30T19:00:57.223576+00:00,2026-07-01T05:00:57.221575,2,1,71.6,0.4,71.4,10,71.3,250,,,,,,,,,,,,,,,,,71.8,110,,,,,,,,,,,,,,,,,,
2026-06-30T19:00:57.245575+00:00,2026-07-01T05:00:57.234575,1,1,71.55,0.5,71.3,210,,,,,,,,,,,,,,,,,,,71.8,110,,,,,,,,,,,,,,,,,,
2026-06-30T19:00:57.278575+00:00,2026-07-01T05:00:57.274575,1,1,71.55,0.5,71.3,210,,,,,,,,,,,,,,,,,,,71.8,260,,,,,,,,,,,,,,,,,,
2026-06-30T19:00:57.586038+00:00,2026-07-01T05:00:57.584039,1,1,71.55,0.5,71.3,220,,,,,,,,,,,,,,,,,,,71.8,250,,,,,,,,,,,,,,,,,,
2026-06-30T19:00:57.597038+00:00,2026-07-01T05:00:57.587039,1,1,71.55,0.5,71.3,220,,,,,,,,,,,,,,,,,,,71.8,260,,,,,,,,,,,,,,,,,,
2026-06-30T19:00:58.107701+00:00,2026-07-01T05:00:58.106700,1,1,71.55,0.5,71.3,220,,,,,,,,,,,,,,,,,,,71.8,250,,,,,,,,,,,,,,,,,,
2026-06-30T19:00:58.118701+00:00,2026-07-01T05:00:58.109701,1,1,71.55,0.5,71.3,220,,,,,,,,,,,,,,,,,,,71.8,260,,,,,,,,,,,,,,,,,,
2026-06-30T19:00:58.346905+00:00,2026-07-01T05:00:58.336280,1,1,71.55,0.5,71.3,220,,,,,,,,,,,,,,,,,,,71.8,215,,,,,,,,,,,,,,,,,,
2026-06-30T19:00:58.618397+00:00,2026-07-01T05:00:58.615869,1,1,71.55,0.5,71.3,210,,,,,,,,,,,,,,,,,,,71.8,205,,,,,,,,,,,,,,,,,,
2026-06-30T19:00:58.628914+00:00,2026-07-01T05:00:58.622915,1,1,71.55,0.5,71.3,220,,,,,,,,,,,,,,,,,,,71.8,215,,,,,,,,,,,,,,,,,,
2026-06-30T19:00:58.914858+00:00,2026-07-01T05:00:58.913857,1,1,71.55,0.5,71.3,220,,,,,,,,,,,,,,,,,,,71.8,160,,,,,,,,,,,,,,,,,,
2026-06-30T19:00:58.925857+00:00,2026-07-01T05:00:58.915857,1,1,71.55,0.5,71.3,160,,,,,,,,,,,,,,,,,,,71.8,160,,,,,,,,,,,,,,,,,,
2026-06-30T19:00:58.969871+00:00,2026-07-01T05:00:58.967871,1,1,71.55,0.5,71.3,260,,,,,,,,,,,,,,,,,,,71.8,160,,,,,,,,,,,,,,,,,,
2026-06-30T19:00:59.024114+00:00,2026-07-01T05:00:59.021114,1,1,71.55,0.5,71.3,260,,,,,,,,,,,,,,,,,,,71.8,260,,,,,,,,,,,,,,,,,,
2026-06-30T19:00:59.133189+00:00,2026-07-01T05:00:59.132189,1,1,71.55,0.5,71.3,260,,,,,,,,,,,,,,,,,,,71.8,250,,,,,,,,,,,,,,,,,,
2026-06-30T19:00:59.144189+00:00,2026-07-01T05:00:59.135188,1,1,71.55,0.5,71.3,260,,,,,,,,,,,,,,,,,,,71.8,260,,,,,,,,,,,,,,,,,,
2026-06-30T19:00:59.363145+00:00,2026-07-01T05:00:59.359261,1,1,71.55,0.5,71.3,210,,,,,,,,,,,,,,,,,,,71.8,260,,,,,,,,,,,,,,,,,,
2026-06-30T19:00:59.648236+00:00,2026-07-01T05:00:59.646235,1,1,71.55,0.5,71.3,210,,,,,,,,,,,,,,,,,,,71.8,260,,,,,,,,,,,,,,,,,,
2026-06-30T19:01:00.161039+00:00,2026-07-01T05:01:00.158038,1,1,71.55,0.5,71.3,210,,,,,,,,,,,,,,,,,,,71.8,260,,,,,,,,,,,,,,,,,,
2026-06-30T19:01:00.333840+00:00,2026-07-01T05:01:00.330840,1,1,71.55,0.5,71.3,110,,,,,,,,,,,,,,,,,,,71.8,110,,,,,,,,,,,,,,,,,,
2026-06-30T19:01:00.387890+00:00,2026-07-01T05:01:00.382890,2,1,71.55,0.5,71.3,110,71.0,150,,,,,,,,,,,,,,,,,71.8,110,,,,,,,,,,,,,,,,,,
2026-06-30T19:01:00.441988+00:00,2026-07-01T05:01:00.434987,2,2,71.4,0.2,71.3,110,71.0,150,,,,,,,,,,,,,,,,,71.5,150,71.8,110,,,,,,,,,,,,,,,,
2026-06-30T19:01:00.452987+00:00,2026-07-01T05:01:00.446987,2,1,71.55,0.5,71.3,110,71.0,150,,,,,,,,,,,,,,,,,71.8,110,,,,,,,,,,,,,,,,,,
2026-06-30T19:01:00.671281+00:00,2026-07-01T05:01:00.671281,2,1,71.55,0.5,71.3,110,71.0,150,,,,,,,,,,,,,,,,,71.8,110,,,,,,,,,,,,,,,,,,
2026-06-30T19:01:00.726235+00:00,2026-07-01T05:01:00.721237,2,1,71.55,0.5,71.3,110,71.0,150,,,,,,,,,,,,,,,,,71.8,70,,,,,,,,,,,,,,,,,,
2026-06-30T19:01:01.174900+00:00,2026-07-01T05:01:01.174900,2,1,71.55,0.5,71.3,110,71.0,150,,,,,,,,,,,,,,,,,71.8,60,,,,,,,,,,,,,,,,,,
2026-06-30T19:01:01.185900+00:00,2026-07-01T05:01:01.182900,2,1,71.55,0.5,71.3,110,71.0,150,,,,,,,,,,,,,,,,,71.8,70,,,,,,,,,,,,,,,,,,
2026-06-30T19:01:01.262589+00:00,2026-07-01T05:01:01.255589,2,1,71.55,0.5,71.3,68,71.0,150,,,,,,,,,,,,,,,,,71.8,70,,,,,,,,,,,,,,,,,,
2026-06-30T19:01:01.471237+00:00,2026-07-01T05:01:01.465040,2,1,71.55,0.5,71.3,18,71.0,150,,,,,,,,,,,,,,,,,71.8,70,,,,,,,,,,,,,,,,,,
2026-06-30T19:01:01.721674+00:00,2026-07-01T05:01:01.719658,2,1,71.55,0.5,71.3,18,71.0,150,,,,,,,,,,,,,,,,,71.8,70,,,,,,,,,,,,,,,,,,
2026-06-30T19:01:02.081220+00:00,2026-07-01T05:01:02.076691,2,1,71.55,0.5,71.3,10,71.0,150,,,,,,,,,,,,,,,,,71.8,10,,,,,,,,,,,,,,,,,,
2026-06-30T19:01:02.135606+00:00,2026-07-01T05:01:02.131606,3,1,71.55,0.5,71.3,10,71.2,100,71.0,150,,,,,,,,,,,,,,,71.8,10,,,,,,,,,,,,,,,,,,
2026-06-30T19:01:02.190537+00:00,2026-07-01T05:01:02.182537,3,2,71.5,0.4,71.3,10,71.2,100,71.0,150,,,,,,,,,,,,,,,71.7,100,71.8,10,,,,,,,,,,,,,,,,
2026-06-30T19:01:02.201711+00:00,2026-07-01T05:01:02.191712,3,2,71.5,0.4,71.3,10,71.2,100,71.0,150,,,,,,,,,,,,,,,71.7,50,71.8,10,,,,,,,,,,,,,,,,
2026-06-30T19:01:02.234710+00:00,2026-07-01T05:01:02.232710,2,1,71.45,0.5,71.2,110,71.0,150,,,,,,,,,,,,,,,,,71.7,60,,,,,,,,,,,,,,,,,,
2026-06-30T19:01:02.399285+00:00,2026-07-01T05:01:02.392285,2,1,71.45,0.5,71.2,64,71.0,150,,,,,,,,,,,,,,,,,71.7,60,,,,,,,,,,,,,,,,,,
2026-06-30T19:01:02.738192+00:00,2026-07-01T05:01:02.737192,2,1,71.45,0.5,71.2,64,71.0,150,,,,,,,,,,,,,,,,,71.7,50,,,,,,,,,,,,,,,,,,
2026-06-30T19:01:02.749191+00:00,2026-07-01T05:01:02.745192,2,1,71.45,0.5,71.2,64,71.0,150,,,,,,,,,,,,,,,,,71.7,60,,,,,,,,,,,,,,,,,,
2026-06-30T19:01:03.022720+00:00,2026-07-01T05:01:03.019719,2,1,71.45,0.5,71.2,64,71.0,150,,,,,,,,,,,,,,,,,71.7,17,,,,,,,,,,,,,,,,,,
2026-06-30T19:01:03.252634+00:00,2026-07-01T05:01:03.251635,2,1,71.45,0.5,71.2,54,71.0,150,,,,,,,,,,,,,,,,,71.7,7,,,,,,,,,,,,,,,,,,
2026-06-30T19:01:03.263635+00:00,2026-07-01T05:01:03.258634,2,1,71.45,0.5,71.2,64,71.0,150,,,,,,,,,,,,,,,,,71.7,17,,,,,,,,,,,,,,,,,,
2026-06-30T19:01:03.493915+00:00,2026-07-01T05:01:03.488916,1,1,71.45,0.5,71.2,64,,,,,,,,,,,,,,,,,,,71.7,17,,,,,,,,,,,,,,,,,,
2026-06-30T19:01:03.548567+00:00,2026-07-01T05:01:03.547567,2,1,71.65,0.1,71.6,150,71.2,64,,,,,,,,,,,,,,,,,71.7,17,,,,,,,,,,,,,,,,,,
2026-06-30T19:01:03.603963+00:00,2026-07-01T05:01:03.598963,2,2,71.65,0.1,71.6,100,71.2,64,,,,,,,,,,,,,,,,,71.7,17,72.1,150,,,,,,,,,,,,,,,,
2026-06-30T19:01:03.768482+00:00,2026-07-01T05:01:03.765484,2,2,71.65,0.1,71.6,100,71.2,54,,,,,,,,,,,,,,,,,71.7,7,72.1,150,,,,,,,,,,,,,,,,
2026-06-30T19:01:03.779483+00:00,2026-07-01T05:01:03.771482,2,2,71.65,0.1,71.6,110,71.2,54,,,,,,,,,,,,,,,,,71.7,17,72.1,150,,,,,,,,,,,,,,,,
2026-06-30T19:01:04.281351+00:00,2026-07-01T05:01:04.280351,2,2,71.65,0.1,71.6,110,71.2,54,,,,,,,,,,,,,,,,,71.7,7,72.1,150,,,,,,,,,,,,,,,,
2026-06-30T19:01:04.291870+00:00,2026-07-01T05:01:04.283352,2,2,71.65,0.1,71.6,110,71.2,54,,,,,,,,,,,,,,,,,71.7,17,72.1,150,,,,,,,,,,,,,,,,
2026-06-30T19:01:04.346386+00:00,2026-07-01T05:01:04.343385,2,1,71.85,0.5,71.6,110,71.2,54,,,,,,,,,,,,,,,,,72.1,150,,,,,,,,,,,,,,,,,,
2026-06-30T19:01:04.793655+00:00,2026-07-01T05:01:04.790655,2,1,71.85,0.5,71.6,110,71.2,54,,,,,,,,,,,,,,,,,72.1,150,,,,,,,,,,,,,,,,,,
2026-06-30T19:01:04.804656+00:00,2026-07-01T05:01:04.793655,2,1,71.85,0.5,71.6,110,71.2,54,,,,,,,,,,,,,,,,,72.1,160,,,,,,,,,,,,,,,,,,
2026-06-30T19:01:05.241905+00:00,2026-07-01T05:01:05.237386,1,1,71.85,0.5,71.6,110,,,,,,,,,,,,,,,,,,,72.1,160,,,,,,,,,,,,,,,,,,
2026-06-30T19:01:05.296421+00:00,2026-07-01T05:01:05.289420,2,1,71.85,0.5,71.6,110,71.3,100,,,,,,,,,,,,,,,,,72.1,160,,,,,,,,,,,,,,,,,,
2026-06-30T19:01:05.307420+00:00,2026-07-01T05:01:05.306420,2,1,71.85,0.5,71.6,100,71.3,100,,,,,,,,,,,,,,,,,72.1,150,,,,,,,,,,,,,,,,,,
2026-06-30T19:01:05.318420+00:00,2026-07-01T05:01:05.312420,2,1,71.85,0.5,71.6,110,71.3,100,,,,,,,,,,,,,,,,,72.1,160,,,,,,,,,,,,,,,,,,
2026-06-30T19:01:05.362463+00:00,2026-07-01T05:01:05.357463,2,2,71.7,0.2,71.6,110,71.3,100,,,,,,,,,,,,,,,,,71.8,100,72.1,160,,,,,,,,,,,,,,,,
2026-06-30T19:01:05.707627+00:00,2026-07-01T05:01:05.701627,2,2,71.7,0.2,71.6,60,71.3,100,,,,,,,,,,,,,,,,,71.8,100,72.1,160,,,,,,,,,,,,,,,,
2026-06-30T19:01:05.826234+00:00,2026-07-01T05:01:05.823714,2,2,71.7,0.2,71.6,60,71.3,100,,,,,,,,,,,,,,,,,71.8,110,72.1,150,,,,,,,,,,,,,,,,
2026-06-30T19:01:06.333593+00:00,2026-07-01T05:01:06.332593,2,2,71.7,0.2,71.6,60,71.3,100,,,,,,,,,,,,,,,,,71.8,100,72.1,150,,,,,,,,,,,,,,,,
2026-06-30T19:01:06.344592+00:00,2026-07-01T05:01:06.335592,2,2,71.7,0.2,71.6,60,71.3,100,,,,,,,,,,,,,,,,,71.8,110,72.1,150,,,,,,,,,,,,,,,,
2026-06-30T19:01:06.660133+00:00,2026-07-01T05:01:06.654132,2,1,71.7,0.2,71.6,10,71.3,100,,,,,,,,,,,,,,,,,71.8,110,,,,,,,,,,,,,,,,,,
2026-06-30T19:01:06.715146+00:00,2026-07-01T05:01:06.707146,3,1,71.7,0.2,71.6,10,71.3,100,71.2,150,,,,,,,,,,,,,,,71.8,110,,,,,,,,,,,,,,,,,,
2026-06-30T19:01:06.769574+00:00,2026-07-01T05:01:06.759146,3,2,71.65,0.1,71.6,10,71.3,100,71.2,150,,,,,,,,,,,,,,,71.7,150,71.8,110,,,,,,,,,,,,,,,,
2026-06-30T19:01:06.846228+00:00,2026-07-01T05:01:06.845227,2,2,71.5,0.4,71.3,110,71.2,150,,,,,,,,,,,,,,,,,71.7,150,71.8,100,,,,,,,,,,,,,,,,
2026-06-30T19:01:06.857227+00:00,2026-07-01T05:01:06.847228,2,2,71.5,0.4,71.3,110,71.2,150,,,,,,,,,,,,,,,,,71.7,160,71.8,100,,,,,,,,,,,,,,,,
2026-06-30T19:01:07.053560+00:00,2026-07-01T05:01:07.050560,2,2,71.5,0.4,71.3,61,71.2,150,,,,,,,,,,,,,,,,,71.7,160,71.8,100,,,,,,,,,,,,,,,,
2026-06-30T19:01:07.358360+00:00,2026-07-01T05:01:07.357359,2,2,71.5,0.4,71.3,61,71.2,150,,,,,,,,,,,,,,,,,71.7,150,71.8,100,,,,,,,,,,,,,,,,
2026-06-30T19:01:07.369360+00:00,2026-07-01T05:01:07.361360,2,2,71.5,0.4,71.3,61,71.2,150,,,,,,,,,,,,,,,,,71.7,160,71.8,100,,,,,,,,,,,,,,,,
2026-06-30T19:01:07.828785+00:00,2026-07-01T05:01:07.821784,2,2,71.5,0.4,71.3,11,71.2,150,,,,,,,,,,,,,,,,,71.7,160,71.8,100,,,,,,,,,,,,,,,,
2026-06-30T19:01:07.872785+00:00,2026-07-01T05:01:07.868784,2,2,71.5,0.4,71.3,11,71.2,150,,,,,,,,,,,,,,,,,71.7,150,71.8,100,,,,,,,,,,,,,,,,
2026-06-30T19:01:07.883786+00:00,2026-07-01T05:01:07.872785,2,2,71.5,0.4,71.3,11,71.2,150,,,,,,,,,,,,,,,,,71.7,160,71.8,100,,,,,,,,,,,,,,,,
2026-06-30T19:01:08.385042+00:00,2026-07-01T05:01:08.383043,2,2,71.5,0.4,71.3,11,71.2,150,,,,,,,,,,,,,,,,,71.7,150,71.8,100,,,,,,,,,,,,,,,,
2026-06-30T19:01:08.395558+00:00,2026-07-01T05:01:08.386042,2,2,71.5,0.4,71.3,11,71.2,150,,,,,,,,,,,,,,,,,71.7,160,71.8,100,,,,,,,,,,,,,,,,
2026-06-30T19:01:08.416590+00:00,2026-07-01T05:01:08.410072,2,1,71.5,0.4,71.3,10,71.2,150,,,,,,,,,,,,,,,,,71.7,160,,,,,,,,,,,,,,,,,,
2026-06-30T19:01:08.471587+00:00,2026-07-01T05:01:08.461595,3,1,71.5,0.4,71.3,10,71.2,150,71.0,100,,,,,,,,,,,,,,,71.7,160,,,,,,,,,,,,,,,,,,
2026-06-30T19:01:08.514318+00:00,2026-07-01T05:01:08.513319,3,2,71.4,0.2,71.3,10,71.2,150,71.0,100,,,,,,,,,,,,,,,71.5,100,71.7,160,,,,,,,,,,,,,,,,
2026-06-30T19:01:08.894543+00:00,2026-07-01T05:01:08.891542,2,2,71.35,0.3,71.2,150,71.0,100,,,,,,,,,,,,,,,,,71.5,100,71.7,150,,,,,,,,,,,,,,,,
2026-06-30T19:01:08.905543+00:00,2026-07-01T05:01:08.904543,2,2,71.35,0.3,71.2,160,71.0,100,,,,,,,,,,,,,,,,,71.5,110,71.7,150,,,,,,,,,,,,,,,,
2026-06-30T19:01:09.415974+00:00,2026-07-01T05:01:09.412974,2,2,71.35,0.3,71.2,160,71.0,100,,,,,,,,,,,,,,,,,71.5,110,71.7,150,,,,,,,,,,,,,,,,
2026-06-30T19:01:09.816820+00:00,2026-07-01T05:01:09.815819,2,1,71.35,0.3,71.2,10,71.0,100,,,,,,,,,,,,,,,,,71.5,110,,,,,,,,,,,,,,,,,,
2026-06-30T19:01:09.871265+00:00,2026-07-01T05:01:09.867943,2,1,71.35,0.3,71.2,160,71.0,100,,,,,,,,,,,,,,,,,71.5,110,,,,,,,,,,,,,,,,,,
2026-06-30T19:01:09.926005+00:00,2026-07-01T05:01:09.925006,2,2,71.35,0.3,71.2,160,71.0,100,,,,,,,,,,,,,,,,,71.5,110,71.7,150,,,,,,,,,,,,,,,,
2026-06-30T19:01:09.936909+00:00,2026-07-01T05:01:09.928005,2,2,71.35,0.3,71.2,110,71.0,100,,,,,,,,,,,,,,,,,71.5,110,71.7,150,,,,,,,,,,,,,,,,
2026-06-30T19:01:10.438567+00:00,2026-07-01T05:01:10.438567,2,2,71.35,0.3,71.2,110,71.0,100,,,,,,,,,,,,,,,,,71.5,110,71.7,150,,,,,,,,,,,,,,,,
2026-06-30T19:01:10.951183+00:00,2026-07-01T05:01:10.942183,2,2,71.35,0.3,71.2,110,71.0,100,,,,,,,,,,,,,,,,,71.5,100,71.7,150,,,,,,,,,,,,,,,,
2026-06-30T19:01:10.962195+00:00,2026-07-01T05:01:10.954183,2,2,71.35,0.3,71.2,110,71.0,100,,,,,,,,,,,,,,,,,71.5,110,71.7,150,,,,,,,,,,,,,,,,
2026-06-30T19:01:11.461885+00:00,2026-07-01T05:01:11.461885,2,2,71.35,0.3,71.2,110,71.0,100,,,,,,,,,,,,,,,,,71.5,110,71.7,150,,,,,,,,,,,,,,,,
2026-06-30T19:01:11.569229+00:00,2026-07-01T05:01:11.568229,2,2,71.35,0.3,71.2,110,71.0,100,,,,,,,,,,,,,,,,,71.5,10,71.7,150,,,,,,,,,,,,,,,,
2026-06-30T19:01:11.580229+00:00,2026-07-01T05:01:11.570229,1,2,71.35,0.3,71.2,110,,,,,,,,,,,,,,,,,,,71.5,10,71.7,150,,,,,,,,,,,,,,,,
2026-06-30T19:01:11.634329+00:00,2026-07-01T05:01:11.623329,2,2,71.35,0.3,71.2,110,71.0,100,,,,,,,,,,,,,,,,,71.5,10,71.7,150,,,,,,,,,,,,,,,,
2026-06-30T19:01:11.677496+00:00,2026-07-01T05:01:11.676916,2,2,71.35,0.3,71.2,110,71.0,100,,,,,,,,,,,,,,,,,71.5,110,71.7,150,,,,,,,,,,,,,,,,
2026-06-30T19:01:11.971282+00:00,2026-07-01T05:01:11.968282,2,2,71.35,0.3,71.2,100,71.0,100,,,,,,,,,,,,,,,,,71.5,100,71.7,150,,,,,,,,,,,,,,,,
2026-06-30T19:01:11.982640+00:00,2026-07-01T05:01:11.974282,2,2,71.35,0.3,71.2,110,71.0,100,,,,,,,,,,,,,,,,,71.5,110,71.7,150,,,,,,,,,,,,,,,,
2026-06-30T19:01:12.037180+00:00,2026-07-01T05:01:12.034180,2,2,71.35,0.3,71.2,60,71.0,100,,,,,,,,,,,,,,,,,71.5,110,71.7,150,,,,,,,,,,,,,,,,
2026-06-30T19:01:12.523789+00:00,2026-07-01T05:01:12.520788,2,2,71.35,0.3,71.2,50,71.0,100,,,,,,,,,,,,,,,,,71.5,100,71.7,150,,,,,,,,,,,,,,,,
2026-06-30T19:01:12.534790+00:00,2026-07-01T05:01:12.528789,2,2,71.35,0.3,71.2,60,71.0,100,,,,,,,,,,,,,,,,,71.5,110,71.7,150,,,,,,,,,,,,,,,,
2026-06-30T19:01:12.622539+00:00,2026-07-01T05:01:12.619802,2,2,71.35,0.3,71.2,60,71.0,100,,,,,,,,,,,,,,,,,71.5,70,71.7,150,,,,,,,,,,,,,,,,
2026-06-30T19:01:13.006056+00:00,2026-07-01T05:01:12.997056,2,1,71.35,0.3,71.2,10,71.0,100,,,,,,,,,,,,,,,,,71.5,70,,,,,,,,,,,,,,,,,,
2026-06-30T19:01:13.017057+00:00,2026-07-01T05:01:13.014056,1,1,71.25,0.5,71.0,100,,,,,,,,,,,,,,,,,,,71.5,60,,,,,,,,,,,,,,,,,,
2026-06-30T19:01:13.028055+00:00,2026-07-01T05:01:13.020056,1,1,71.25,0.5,71.0,110,,,,,,,,,,,,,,,,,,,71.5,70,,,,,,,,,,,,,,,,,,
2026-06-30T19:01:13.060340+00:00,2026-07-01T05:01:13.050056,2,1,71.25,0.5,71.0,110,70.8,150,,,,,,,,,,,,,,,,,71.5,70,,,,,,,,,,,,,,,,,,
2026-06-30T19:01:13.114867+00:00,2026-07-01T05:01:13.109866,2,2,71.15,0.3,71.0,110,70.8,150,,,,,,,,,,,,,,,,,71.3,150,71.5,70,,,,,,,,,,,,,,,,
2026-06-30T19:01:13.529570+00:00,2026-07-01T05:01:13.528570,2,2,71.15,0.3,71.0,110,70.8,150,,,,,,,,,,,,,,,,,71.3,160,71.5,60,,,,,,,,,,,,,,,,
2026-06-30T19:01:14.042733+00:00,2026-07-01T05:01:14.041206,2,2,71.15,0.3,71.0,100,70.8,150,,,,,,,,,,,,,,,,,71.3,150,71.5,60,,,,,,,,,,,,,,,,
2026-06-30T19:01:14.053734+00:00,2026-07-01T05:01:14.043734,2,2,71.15,0.3,71.0,110,70.8,150,,,,,,,,,,,,,,,,,71.3,160,71.5,60,,,,,,,,,,,,,,,,
2026-06-30T19:01:14.173879+00:00,2026-07-01T05:01:14.168879,2,2,71.15,0.3,71.0,60,70.8,150,,,,,,,,,,,,,,,,,71.3,160,71.5,60,,,,,,,,,,,,,,,,
2026-06-30T19:01:14.554831+00:00,2026-07-01T05:01:14.550830,2,2,71.15,0.3,71.0,60,70.8,150,,,,,,,,,,,,,,,,,71.3,150,71.5,60,,,,,,,,,,,,,,,,
2026-06-30T19:01:14.565830+00:00,2026-07-01T05:01:14.554831,2,2,71.15,0.3,71.0,60,70.8,150,,,,,,,,,,,,,,,,,71.3,160,71.5,60,,,,,,,,,,,,,,,,
2026-06-30T19:01:14.752663+00:00,2026-07-01T05:01:14.749648,2,1,71.15,0.3,71.0,60,70.8,150,,,,,,,,,,,,,,,,,71.3,160,,,,,,,,,,,,,,,,,,
2026-06-30T19:01:14.763104+00:00,2026-07-01T05:01:14.752663,2,1,71.15,0.3,71.0,10,70.8,150,,,,,,,,,,,,,,,,,71.3,160,,,,,,,,,,,,,,,,,,
2026-06-30T19:01:14.817348+00:00,2026-07-01T05:01:14.806348,3,1,71.2,0.2,71.1,100,71.0,10,70.8,150,,,,,,,,,,,,,,,71.3,160,,,,,,,,,,,,,,,,,,
2026-06-30T19:01:14.860868+00:00,2026-07-01T05:01:14.858868,3,2,71.2,0.2,71.1,100,71.0,10,70.8,150,,,,,,,,,,,,,,,71.3,160,71.6,100,,,,,,,,,,,,,,,,
2026-06-30T19:01:15.068968+00:00,2026-07-01T05:01:15.067967,2,2,71.2,0.2,71.1,100,70.8,150,,,,,,,,,,,,,,,,,71.3,150,71.6,100,,,,,,,,,,,,,,,,
2026-06-30T19:01:15.079967+00:00,2026-07-01T05:01:15.075968,2,2,71.2,0.2,71.1,110,70.8,150,,,,,,,,,,,,,,,,,71.3,160,71.6,100,,,,,,,,,,,,,,,,
2026-06-30T19:01:15.579919+00:00,2026-07-01T05:01:15.577403,2,2,71.2,0.2,71.1,100,70.8,150,,,,,,,,,,,,,,,,,71.3,150,71.6,100,,,,,,,,,,,,,,,,
2026-06-30T19:01:15.590441+00:00,2026-07-01T05:01:15.584919,2,2,71.2,0.2,71.1,110,70.8,150,,,,,,,,,,,,,,,,,71.3,160,71.6,100,,,,,,,,,,,,,,,,
2026-06-30T19:01:16.101844+00:00,2026-07-01T05:01:16.099845,2,2,71.2,0.2,71.1,100,70.8,150,,,,,,,,,,,,,,,,,71.3,150,71.6,100,,,,,,,,,,,,,,,,
2026-06-30T19:01:16.112655+00:00,2026-07-01T05:01:16.108845,2,2,71.2,0.2,71.1,110,70.8,150,,,,,,,,,,,,,,,,,71.3,150,71.6,100,,,,,,,,,,,,,,,,
2026-06-30T19:01:16.123672+00:00,2026-07-01T05:01:16.112655,2,2,71.2,0.2,71.1,110,70.8,150,,,,,,,,,,,,,,,,,71.3,160,71.6,100,,,,,,,,,,,,,,,,
2026-06-30T19:01:16.145667+00:00,2026-07-01T05:01:16.145667,1,2,71.2,0.2,71.1,110,,,,,,,,,,,,,,,,,,,71.3,10,71.6,100,,,,,,,,,,,,,,,,
2026-06-30T19:01:16.200305+00:00,2026-07-01T05:01:16.199303,2,2,71.2,0.2,71.1,110,71.0,150,,,,,,,,,,,,,,,,,71.3,10,71.6,100,,,,,,,,,,,,,,,,
2026-06-30T19:01:16.276850+00:00,2026-07-01T05:01:16.270850,2,3,71.2,0.2,71.1,60,71.0,150,,,,,,,,,,,,,,,,,71.3,10,71.5,150,71.6,100,,,,,,,,,,,,,,
2026-06-30T19:01:16.615410+00:00,2026-07-01T05:01:16.614410,2,2,71.3,0.4,71.1,60,71.0,150,,,,,,,,,,,,,,,,,71.5,150,71.6,100,,,,,,,,,,,,,,,,
2026-06-30T19:01:16.626410+00:00,2026-07-01T05:01:16.616410,2,2,71.3,0.4,71.1,60,71.0,150,,,,,,,,,,,,,,,,,71.5,160,71.6,100,,,,,,,,,,,,,,,,
2026-06-30T19:01:17.128471+00:00,2026-07-01T05:01:17.126472,2,2,71.3,0.4,71.1,60,71.0,150,,,,,,,,,,,,,,,,,71.5,160,71.6,100,,,,,,,,,,,,,,,,
2026-06-30T19:01:17.499448+00:00,2026-07-01T05:01:17.489448,2,2,71.3,0.4,71.1,60,71.0,150,,,,,,,,,,,,,,,,,71.5,111,71.6,100,,,,,,,,,,,,,,,,
2026-06-30T19:01:17.630491+00:00,2026-07-01T05:01:17.628491,2,2,71.3,0.4,71.1,50,71.0,150,,,,,,,,,,,,,,,,,71.5,101,71.6,100,,,,,,,,,,,,,,,,
2026-06-30T19:01:17.641007+00:00,2026-07-01T05:01:17.635007,2,2,71.3,0.4,71.1,60,71.0,150,,,,,,,,,,,,,,,,,71.5,111,71.6,100,,,,,,,,,,,,,,,,
2026-06-30T19:01:17.915572+00:00,2026-07-01T05:01:17.907572,2,1,71.3,0.4,71.1,10,71.0,150,,,,,,,,,,,,,,,,,71.5,111,,,,,,,,,,,,,,,,,,
2026-06-30T19:01:17.970101+00:00,2026-07-01T05:01:17.963103,2,1,71.3,0.4,71.1,10,71.0,250,,,,,,,,,,,,,,,,,71.5,111,,,,,,,,,,,,,,,,,,
2026-06-30T19:01:18.013588+00:00,2026-07-01T05:01:18.009646,2,1,71.3,0.4,71.1,10,71.0,250,,,,,,,,,,,,,,,,,71.5,211,,,,,,,,,,,,,,,,,,
2026-06-30T19:01:18.156601+00:00,2026-07-01T05:01:18.151601,1,1,71.25,0.5,71.0,250,,,,,,,,,,,,,,,,,,,71.5,201,,,,,,,,,,,,,,,,,,
2026-06-30T19:01:18.167600+00:00,2026-07-01T05:01:18.163601,1,1,71.25,0.5,71.0,260,,,,,,,,,,,,,,,,,,,71.5,211,,,,,,,,,,,,,,,,,,
2026-06-30T19:01:18.693191+00:00,2026-07-01T05:01:18.692191,1,1,71.25,0.5,71.0,260,,,,,,,,,,,,,,,,,,,71.5,201,,,,,,,,,,,,,,,,,,
2026-06-30T19:01:18.703736+00:00,2026-07-01T05:01:18.695191,1,1,71.25,0.5,71.0,260,,,,,,,,,,,,,,,,,,,71.5,211,,,,,,,,,,,,,,,,,,
2026-06-30T19:01:19.195376+00:00,2026-07-01T05:01:19.192687,1,1,71.25,0.5,71.0,260,,,,,,,,,,,,,,,,,,,71.5,201,,,,,,,,,,,,,,,,,,
2026-06-30T19:01:19.206388+00:00,2026-07-01T05:01:19.202371,1,1,71.25,0.5,71.0,260,,,,,,,,,,,,,,,,,,,71.5,211,,,,,,,,,,,,,,,,,,
2026-06-30T19:01:19.326613+00:00,2026-07-01T05:01:19.322873,1,1,71.25,0.5,71.0,110,,,,,,,,,,,,,,,,,,,71.5,110,,,,,,,,,,,,,,,,,,
2026-06-30T19:01:19.370078+00:00,2026-07-01T05:01:19.365063,2,1,71.3,0.4,71.1,150,71.0,110,,,,,,,,,,,,,,,,,71.5,110,,,,,,,,,,,,,,,,,,
2026-06-30T19:01:19.424301+00:00,2026-07-01T05:01:19.424301,2,2,71.3,0.4,71.1,150,71.0,110,,,,,,,,,,,,,,,,,71.5,110,71.6,150,,,,,,,,,,,,,,,,
2026-06-30T19:01:19.718955+00:00,2026-07-01T05:01:19.716955,2,2,71.3,0.4,71.1,150,71.0,110,,,,,,,,,,,,,,,,,71.5,100,71.6,150,,,,,,,,,,,,,,,,
2026-06-30T19:01:19.729956+00:00,2026-07-01T05:01:19.727955,2,2,71.3,0.4,71.1,160,71.0,100,,,,,,,,,,,,,,,,,71.5,110,71.6,150,,,,,,,,,,,,,,,,
2026-06-30T19:01:20.231625+00:00,2026-07-01T05:01:20.227624,2,2,71.3,0.4,71.1,160,71.0,100,,,,,,,,,,,,,,,,,71.5,110,71.6,150,,,,,,,,,,,,,,,,
2026-06-30T19:01:20.427650+00:00,2026-07-01T05:01:20.418649,2,2,71.3,0.4,71.1,160,71.0,100,,,,,,,,,,,,,,,,,71.5,60,71.6,150,,,,,,,,,,,,,,,,
2026-06-30T19:01:20.745087+00:00,2026-07-01T05:01:20.744086,2,2,71.3,0.4,71.1,160,71.0,100,,,,,,,,,,,,,,,,,71.5,60,71.6,150,,,,,,,,,,,,,,,,
2026-06-30T19:01:21.083222+00:00,2026-07-01T05:01:21.079667,1,2,71.3,0.4,71.1,160,,,,,,,,,,,,,,,,,,,71.5,10,71.6,150,,,,,,,,,,,,,,,,
2026-06-30T19:01:21.137783+00:00,2026-07-01T05:01:21.127783,2,2,71.3,0.4,71.1,160,70.9,100,,,,,,,,,,,,,,,,,71.5,10,71.6,150,,,,,,,,,,,,,,,,
2026-06-30T19:01:21.181785+00:00,2026-07-01T05:01:21.175784,2,3,71.25,0.3,71.1,160,70.9,100,,,,,,,,,,,,,,,,,71.4,100,71.5,10,71.6,150,,,,,,,,,,,,,,
2026-06-30T19:01:21.247332+00:00,2026-07-01T05:01:21.245333,2,2,71.25,0.3,71.1,150,70.9,100,,,,,,,,,,,,,,,,,71.4,100,71.6,150,,,,,,,,,,,,,,,,
2026-06-30T19:01:21.258332+00:00,2026-07-01T05:01:21.255333,2,2,71.25,0.3,71.1,160,70.9,100,,,,,,,,,,,,,,,,,71.4,110,71.6,150,,,,,,,,,,,,,,,,
2026-06-30T19:01:21.770263+00:00,2026-07-01T05:01:21.765262,2,2,71.25,0.3,71.1,150,70.9,100,,,,,,,,,,,,,,,,,71.4,100,71.6,150,,,,,,,,,,,,,,,,
2026-06-30T19:01:21.781263+00:00,2026-07-01T05:01:21.775262,2,2,71.25,0.3,71.1,160,70.9,100,,,,,,,,,,,,,,,,,71.4,110,71.6,150,,,,,,,,,,,,,,,,
2026-06-30T19:01:22.283357+00:00,2026-07-01T05:01:22.280758,2,2,71.25,0.3,71.1,160,70.9,100,,,,,,,,,,,,,,,,,71.4,100,71.6,150,,,,,,,,,,,,,,,,
2026-06-30T19:01:22.294271+00:00,2026-07-01T05:01:22.284333,2,2,71.25,0.3,71.1,160,70.9,100,,,,,,,,,,,,,,,,,71.4,110,71.6,150,,,,,,,,,,,,,,,,
2026-06-30T19:01:22.479949+00:00,2026-07-01T05:01:22.479271,2,1,71.25,0.3,71.1,160,70.9,100,,,,,,,,,,,,,,,,,71.4,110,,,,,,,,,,,,,,,,,,
2026-06-30T19:01:22.490948+00:00,2026-07-01T05:01:22.479949,2,1,71.25,0.3,71.1,10,70.9,100,,,,,,,,,,,,,,,,,71.4,110,,,,,,,,,,,,,,,,,,
2026-06-30T19:01:22.566992+00:00,2026-07-01T05:01:22.559993,3,1,71.35,0.1,71.3,150,71.1,10,70.9,100,,,,,,,,,,,,,,,71.4,110,,,,,,,,,,,,,,,,,,
2026-06-30T19:01:22.610509+00:00,2026-07-01T05:01:22.603509,3,2,71.35,0.1,71.3,100,71.1,10,70.9,100,,,,,,,,,,,,,,,71.4,110,71.8,150,,,,,,,,,,,,,,,,
2026-06-30T19:01:22.784313+00:00,2026-07-01T05:01:22.782093,2,2,71.35,0.1,71.3,110,70.9,100,,,,,,,,,,,,,,,,,71.4,110,71.8,150,,,,,,,,,,,,,,,,
2026-06-30T19:01:23.308997+00:00,2026-07-01T05:01:23.304997,2,2,71.35,0.1,71.3,100,70.9,100,,,,,,,,,,,,,,,,,71.4,100,71.8,150,,,,,,,,,,,,,,,,
2026-06-30T19:01:23.319997+00:00,2026-07-01T05:01:23.314997,2,2,71.35,0.1,71.3,110,70.9,100,,,,,,,,,,,,,,,,,71.4,66,71.8,150,,,,,,,,,,,,,,,,
2026-06-30T19:01:23.832944+00:00,2026-07-01T05:01:23.831944,2,2,71.35,0.1,71.3,110,70.9,100,,,,,,,,,,,,,,,,,71.4,56,71.8,150,,,,,,,,,,,,,,,,
2026-06-30T19:01:23.843960+00:00,2026-07-01T05:01:23.835944,2,2,71.35,0.1,71.3,110,70.9,100,,,,,,,,,,,,,,,,,71.4,66,71.8,150,,,,,,,,,,,,,,,,
2026-06-30T19:01:23.931473+00:00,2026-07-01T05:01:23.924473,2,2,71.35,0.1,71.3,63,70.9,100,,,,,,,,,,,,,,,,,71.4,66,71.8,150,,,,,,,,,,,,,,,,
2026-06-30T19:01:24.238025+00:00,2026-07-01T05:01:24.232025,1,2,71.35,0.1,71.3,63,,,,,,,,,,,,,,,,,,,71.4,10,71.8,150,,,,,,,,,,,,,,,,
2026-06-30T19:01:24.293156+00:00,2026-07-01T05:01:24.291157,2,2,71.35,0.1,71.3,63,71.1,100,,,,,,,,,,,,,,,,,71.4,10,71.8,150,,,,,,,,,,,,,,,,
2026-06-30T19:01:24.337511+00:00,2026-07-01T05:01:24.332510,2,1,71.55,0.5,71.3,53,71.1,100,,,,,,,,,,,,,,,,,71.8,150,,,,,,,,,,,,,,,,,,
2026-06-30T19:01:24.348510+00:00,2026-07-01T05:01:24.342510,2,2,71.45,0.3,71.3,63,71.1,100,,,,,,,,,,,,,,,,,71.6,100,71.8,160,,,,,,,,,,,,,,,,
2026-06-30T19:01:24.654976+00:00,2026-07-01T05:01:24.653455,2,2,71.45,0.3,71.3,63,71.1,100,,,,,,,,,,,,,,,,,71.6,50,71.8,160,,,,,,,,,,,,,,,,
2026-06-30T19:01:24.841947+00:00,2026-07-01T05:01:24.838946,2,2,71.45,0.3,71.3,63,71.1,100,,,,,,,,,,,,,,,,,71.6,50,71.8,150,,,,,,,,,,,,,,,,
2026-06-30T19:01:24.852957+00:00,2026-07-01T05:01:24.848958,2,2,71.45,0.3,71.3,63,71.1,100,,,,,,,,,,,,,,,,,71.6,50,71.8,150,,,,,,,,,,,,,,,,
2026-06-30T19:01:24.863958+00:00,2026-07-01T05:01:24.853958,2,2,71.45,0.3,71.3,63,71.1,100,,,,,,,,,,,,,,,,,71.6,60,71.8,150,,,,,,,,,,,,,,,,
2026-06-30T19:01:25.355642+00:00,2026-07-01T05:01:25.350642,2,2,71.45,0.3,71.3,63,71.1,100,,,,,,,,,,,,,,,,,71.6,50,71.8,150,,,,,,,,,,,,,,,,
2026-06-30T19:01:25.366641+00:00,2026-07-01T05:01:25.355642,2,2,71.45,0.3,71.3,63,71.1,100,,,,,,,,,,,,,,,,,71.6,60,71.8,150,,,,,,,,,,,,,,,,
2026-06-30T19:01:25.651657+00:00,2026-07-01T05:01:25.644658,2,1,71.45,0.3,71.3,10,71.1,100,,,,,,,,,,,,,,,,,71.6,60,,,,,,,,,,,,,,,,,,
2026-06-30T19:01:25.705649+00:00,2026-07-01T05:01:25.700649,3,1,71.45,0.3,71.3,10,71.1,100,70.6,150,,,,,,,,,,,,,,,71.6,60,,,,,,,,,,,,,,,,,,
2026-06-30T19:01:25.771650+00:00,2026-07-01T05:01:25.768648,1,2,70.85,0.5,70.6,150,,,,,,,,,,,,,,,,,,,71.1,40,71.6,60,,,,,,,,,,,,,,,,
2026-06-30T19:01:25.868765+00:00,2026-07-01T05:01:25.867765,1,2,70.85,0.5,70.6,160,,,,,,,,,,,,,,,,,,,71.1,40,71.6,50,,,,,,,,,,,,,,,,
2026-06-30T19:01:25.879764+00:00,2026-07-01T05:01:25.872765,1,2,70.85,0.5,70.6,160,,,,,,,,,,,,,,,,,,,71.1,50,71.6,50,,,,,,,,,,,,,,,,
2026-06-30T19:01:26.384975+00:00,2026-07-01T05:01:26.383453,1,2,70.85,0.5,70.6,150,,,,,,,,,,,,,,,,,,,71.1,40,71.6,50,,,,,,,,,,,,,,,,
2026-06-30T19:01:26.395972+00:00,2026-07-01T05:01:26.394972,1,2,70.85,0.5,70.6,160,,,,,,,,,,,,,,,,,,,71.1,50,71.6,50,,,,,,,,,,,,,,,,
2026-06-30T19:01:26.810960+00:00,2026-07-01T05:01:26.807959,1,1,71.1,1.0,70.6,160,,,,,,,,,,,,,,,,,,,71.6,50,,,,,,,,,,,,,,,,,,
2026-06-30T19:01:26.919848+00:00,2026-07-01T05:01:26.918848,1,1,71.1,1.0,70.6,150,,,,,,,,,,,,,,,,,,,71.6,50,,,,,,,,,,,,,,,,,,
2026-06-30T19:01:26.930848+00:00,2026-07-01T05:01:26.926848,1,1,71.1,1.0,70.6,160,,,,,,,,,,,,,,,,,,,71.6,60,,,,,,,,,,,,,,,,,,
2026-06-30T19:01:27.400891+00:00,2026-07-01T05:01:27.390891,1,1,71.1,1.0,70.6,160,,,,,,,,,,,,,,,,,,,71.6,10,,,,,,,,,,,,,,,,,,
2026-06-30T19:01:27.422891+00:00,2026-07-01T05:01:27.420891,1,0,,,70.6,150,,,,,,,,,,,,,,,,,,,,,,,,,,,,,,,,,,,,,,
2026-06-30T19:01:27.454613+00:00,2026-07-01T05:01:27.446026,2,0,,,71.0,100,70.6,150,,,,,,,,,,,,,,,,,,,,,,,,,,,,,,,,,,,,
2026-06-30T19:01:27.498611+00:00,2026-07-01T05:01:27.491610,2,1,71.25,0.5,71.0,100,70.6,150,,,,,,,,,,,,,,,,,71.5,100,,,,,,,,,,,,,,,,,,
2026-06-30T19:01:27.707790+00:00,2026-07-01T05:01:27.704790,2,1,71.25,0.5,71.0,52,70.6,150,,,,,,,,,,,,,,,,,71.5,100,,,,,,,,,,,,,,,,,,
2026-06-30T19:01:27.916306+00:00,2026-07-01T05:01:27.915306,2,1,71.25,0.5,71.0,62,70.6,150,,,,,,,,,,,,,,,,,71.5,110,,,,,,,,,,,,,,,,,,
2026-06-30T19:01:28.430989+00:00,2026-07-01T05:01:28.427989,2,1,71.25,0.5,71.0,62,70.6,150,,,,,,,,,,,,,,,,,71.5,100,,,,,,,,,,,,,,,,,,
2026-06-30T19:01:28.441989+00:00,2026-07-01T05:01:28.439989,2,1,71.25,0.5,71.0,62,70.6,150,,,,,,,,,,,,,,,,,71.5,110,,,,,,,,,,,,,,,,,,
2026-06-30T19:01:28.824271+00:00,2026-07-01T05:01:28.814474,1,1,71.25,0.5,71.0,62,,,,,,,,,,,,,,,,,,,71.5,110,,,,,,,,,,,,,,,,,,
2026-06-30T19:01:28.877936+00:00,2026-07-01T05:01:28.867937,2,1,71.35,0.3,71.2,150,71.0,62,,,,,,,,,,,,,,,,,71.5,110,,,,,,,,,,,,,,,,,,
2026-06-30T19:01:28.921936+00:00,2026-07-01T05:01:28.918936,2,2,71.35,0.3,71.2,150,71.0,62,,,,,,,,,,,,,,,,,71.5,110,71.7,150,,,,,,,,,,,,,,,,
2026-06-30T19:01:28.954615+00:00,2026-07-01T05:01:28.948952,2,2,71.35,0.3,71.2,150,71.0,52,,,,,,,,,,,,,,,,,71.5,100,71.7,150,,,,,,,,,,,,,,,,
2026-06-30T19:01:28.965614+00:00,2026-07-01T05:01:28.955614,2,2,71.35,0.3,71.2,160,71.0,52,,,,,,,,,,,,,,,,,71.5,110,71.7,150,,,,,,,,,,,,,,,,
2026-06-30T19:01:29.457700+00:00,2026-07-01T05:01:29.456700,2,2,71.35,0.3,71.2,160,71.0,52,,,,,,,,,,,,,,,,,71.5,100,71.7,150,,,,,,,,,,,,,,,,
2026-06-30T19:01:29.468700+00:00,2026-07-01T05:01:29.467699,2,2,71.35,0.3,71.2,160,71.0,52,,,,,,,,,,,,,,,,,71.5,110,71.7,150,,,,,,,,,,,,,,,,
2026-06-30T19:01:29.983115+00:00,2026-07-01T05:01:29.982115,2,2,71.35,0.3,71.2,160,71.0,52,,,,,,,,,,,,,,,,,71.5,100,71.7,150,,,,,,,,,,,,,,,,
2026-06-30T19:01:29.993654+00:00,2026-07-01T05:01:29.985128,2,2,71.35,0.3,71.2,160,71.0,52,,,,,,,,,,,,,,,,,71.5,110,71.7,150,,,,,,,,,,,,,,,,
2026-06-30T19:01:30.528796+00:00,2026-07-01T05:01:30.527796,2,2,71.35,0.3,71.2,160,71.0,52,,,,,,,,,,,,,,,,,71.5,100,71.7,150,,,,,,,,,,,,,,,,
2026-06-30T19:01:30.539795+00:00,2026-07-01T05:01:30.537796,2,2,71.35,0.3,71.2,160,71.0,52,,,,,,,,,,,,,,,,,71.5,100,71.7,150,,,,,,,,,,,,,,,,
2026-06-30T19:01:30.550796+00:00,2026-07-01T05:01:30.542796,2,2,71.35,0.3,71.2,160,71.0,52,,,,,,,,,,,,,,,,,71.5,110,71.7,150,,,,,,,,,,,,,,,,
2026-06-30T19:01:30.605810+00:00,2026-07-01T05:01:30.602809,2,2,71.35,0.3,71.2,160,71.0,52,,,,,,,,,,,,,,,,,71.5,10,71.7,150,,,,,,,,,,,,,,,,
2026-06-30T19:01:30.616809+00:00,2026-07-01T05:01:30.606810,1,2,71.35,0.3,71.2,160,,,,,,,,,,,,,,,,,,,71.5,10,71.7,150,,,,,,,,,,,,,,,,
2026-06-30T19:01:30.649809+00:00,2026-07-01T05:01:30.640810,2,2,71.35,0.3,71.2,160,70.9,100,,,,,,,,,,,,,,,,,71.5,10,71.7,150,,,,,,,,,,,,,,,,
2026-06-30T19:01:30.715327+00:00,2026-07-01T05:01:30.704810,2,3,71.3,0.2,71.2,160,70.9,100,,,,,,,,,,,,,,,,,71.4,100,71.5,10,71.7,150,,,,,,,,,,,,,,
2026-06-30T19:01:31.054391+00:00,2026-07-01T05:01:31.051595,2,2,71.3,0.2,71.2,160,70.9,100,,,,,,,,,,,,,,,,,71.4,100,71.7,150,,,,,,,,,,,,,,,,
2026-06-30T19:01:31.065146+00:00,2026-07-01T05:01:31.054391,2,2,71.3,0.2,71.2,160,70.9,100,,,,,,,,,,,,,,,,,71.4,110,71.7,150,,,,,,,,,,,,,,,,
2026-06-30T19:01:31.098117+00:00,2026-07-01T05:01:31.088118,2,2,71.3,0.2,71.2,110,70.9,100,,,,,,,,,,,,,,,,,71.4,110,71.7,150,,,,,,,,,,,,,,,,
2026-06-30T19:01:31.557003+00:00,2026-07-01T05:01:31.556003,2,2,71.3,0.2,71.2,110,70.9,100,,,,,,,,,,,,,,,,,71.4,100,71.7,150,,,,,,,,,,,,,,,,
2026-06-30T19:01:31.568003+00:00,2026-07-01T05:01:31.562003,2,2,71.3,0.2,71.2,110,70.9,100,,,,,,,,,,,,,,,,,71.4,110,71.7,150,,,,,,,,,,,,,,,,
2026-06-30T19:01:32.015394+00:00,2026-07-01T05:01:32.010876,2,1,71.3,0.2,71.2,10,70.9,100,,,,,,,,,,,,,,,,,71.4,110,,,,,,,,,,,,,,,,,,
2026-06-30T19:01:32.069909+00:00,2026-07-01T05:01:32.063909,2,1,71.25,0.3,71.1,150,70.9,110,,,,,,,,,,,,,,,,,71.4,110,,,,,,,,,,,,,,,,,,
2026-06-30T19:01:32.124910+00:00,2026-07-01T05:01:32.121909,2,2,71.25,0.3,71.1,150,70.9,110,,,,,,,,,,,,,,,,,71.4,110,71.6,150,,,,,,,,,,,,,,,,
2026-06-30T19:01:32.579279+00:00,2026-07-01T05:01:32.576279,2,2,71.25,0.3,71.1,160,70.9,100,,,,,,,,,,,,,,,,,71.4,100,71.6,150,,,,,,,,,,,,,,,,
2026-06-30T19:01:32.590278+00:00,2026-07-01T05:01:32.579279,2,2,71.25,0.3,71.1,160,70.9,100,,,,,,,,,,,,,,,,,71.4,110,71.6,150,,,,,,,,,,,,,,,,
2026-06-30T19:01:33.099449+00:00,2026-07-01T05:01:33.099449,2,2,71.25,0.3,71.1,160,70.9,100,,,,,,,,,,,,,,,,,71.4,100,71.6,150,,,,,,,,,,,,,,,,
2026-06-30T19:01:33.110619+00:00,2026-07-01T05:01:33.105619,2,2,71.25,0.3,71.1,160,70.9,100,,,,,,,,,,,,,,,,,71.4,110,71.6,150,,,,,,,,,,,,,,,,
2026-06-30T19:01:33.209201+00:00,2026-07-01T05:01:33.206201,2,2,71.25,0.3,71.1,110,70.9,100,,,,,,,,,,,,,,,,,71.4,110,71.6,150,,,,,,,,,,,,,,,,
2026-06-30T19:01:33.580191+00:00,2026-07-01T05:01:33.575191,2,2,71.25,0.3,71.1,110,70.9,100,,,,,,,,,,,,,,,,,71.4,100,71.6,150,,,,,,,,,,,,,,,,
2026-06-30T19:01:33.591190+00:00,2026-07-01T05:01:33.580191,2,2,71.25,0.3,71.1,110,70.9,100,,,,,,,,,,,,,,,,,71.4,110,71.6,150,,,,,,,,,,,,,,,,
2026-06-30T19:01:33.700144+00:00,2026-07-01T05:01:33.699143,2,2,71.25,0.3,71.1,110,70.9,100,,,,,,,,,,,,,,,,,71.4,10,71.6,150,,,,,,,,,,,,,,,,
2026-06-30T19:01:33.711144+00:00,2026-07-01T05:01:33.701144,1,2,71.25,0.3,71.1,110,,,,,,,,,,,,,,,,,,,71.4,10,71.6,150,,,,,,,,,,,,,,,,
2026-06-30T19:01:33.765696+00:00,2026-07-01T05:01:33.755180,2,2,71.25,0.3,71.1,110,70.9,100,,,,,,,,,,,,,,,,,71.4,10,71.6,150,,,,,,,,,,,,,,,,
2026-06-30T19:01:33.842692+00:00,2026-07-01T05:01:33.833692,2,2,71.25,0.3,71.1,110,70.9,100,,,,,,,,,,,,,,,,,71.4,110,71.6,150,,,,,,,,,,,,,,,,
2026-06-30T19:01:34.060278+00:00,2026-07-01T05:01:34.059278,2,2,71.25,0.3,71.1,110,70.9,100,,,,,,,,,,,,,,,,,71.4,100,71.6,150,,,,,,,,,,,,,,,,
2026-06-30T19:01:34.071278+00:00,2026-07-01T05:01:34.061278,2,2,71.25,0.3,71.1,110,70.9,100,,,,,,,,,,,,,,,,,71.4,110,71.6,150,,,,,,,,,,,,,,,,
2026-06-30T19:01:34.583315+00:00,2026-07-01T05:01:34.582315,2,2,71.25,0.3,71.1,110,70.9,100,,,,,,,,,,,,,,,,,71.4,100,71.6,150,,,,,,,,,,,,,,,,
2026-06-30T19:01:34.594315+00:00,2026-07-01T05:01:34.584315,2,2,71.25,0.3,71.1,110,70.9,100,,,,,,,,,,,,,,,,,71.4,110,71.6,150,,,,,,,,,,,,,,,,
2026-06-30T19:01:35.106859+00:00,2026-07-01T05:01:35.105859,2,2,71.25,0.3,71.1,110,70.9,100,,,,,,,,,,,,,,,,,71.4,100,71.6,150,,,,,,,,,,,,,,,,
2026-06-30T19:01:35.117871+00:00,2026-07-01T05:01:35.112870,2,2,71.25,0.3,71.1,110,70.9,100,,,,,,,,,,,,,,,,,71.4,110,71.6,150,,,,,,,,,,,,,,,,
2026-06-30T19:01:35.139871+00:00,2026-07-01T05:01:35.138871,2,1,71.25,0.3,71.1,110,70.9,100,,,,,,,,,,,,,,,,,71.4,110,,,,,,,,,,,,,,,,,,
2026-06-30T19:01:35.150871+00:00,2026-07-01T05:01:35.139871,2,1,71.25,0.3,71.1,10,70.9,100,,,,,,,,,,,,,,,,,71.4,110,,,,,,,,,,,,,,,,,,
2026-06-30T19:01:35.194882+00:00,2026-07-01T05:01:35.188882,2,1,71.25,0.3,71.1,10,70.9,250,,,,,,,,,,,,,,,,,71.4,110,,,,,,,,,,,,,,,,,,
2026-06-30T19:01:35.249286+00:00,2026-07-01T05:01:35.244286,2,1,71.25,0.3,71.1,10,70.9,250,,,,,,,,,,,,,,,,,71.4,260,,,,,,,,,,,,,,,,,,
2026-06-30T19:01:35.623183+00:00,2026-07-01T05:01:35.621183,1,1,71.15,0.5,70.9,260,,,,,,,,,,,,,,,,,,,71.4,260,,,,,,,,,,,,,,,,,,
2026-06-30T19:01:36.137841+00:00,2026-07-01T05:01:36.136841,1,1,71.15,0.5,70.9,260,,,,,,,,,,,,,,,,,,,71.4,250,,,,,,,,,,,,,,,,,,
2026-06-30T19:01:36.148840+00:00,2026-07-01T05:01:36.140841,1,1,71.15,0.5,70.9,260,,,,,,,,,,,,,,,,,,,71.4,260,,,,,,,,,,,,,,,,,,
2026-06-30T19:01:36.170841+00:00,2026-07-01T05:01:36.163841,1,1,71.15,0.5,70.9,260,,,,,,,,,,,,,,,,,,,71.4,214,,,,,,,,,,,,,,,,,,
2026-06-30T19:01:36.651901+00:00,2026-07-01T05:01:36.645901,1,1,71.15,0.5,70.9,250,,,,,,,,,,,,,,,,,,,71.4,204,,,,,,,,,,,,,,,,,,
2026-06-30T19:01:36.662900+00:00,2026-07-01T05:01:36.655900,1,1,71.15,0.5,70.9,260,,,,,,,,,,,,,,,,,,,71.4,214,,,,,,,,,,,,,,,,,,
2026-06-30T19:01:36.913617+00:00,2026-07-01T05:01:36.910617,1,1,71.15,0.5,70.9,160,,,,,,,,,,,,,,,,,,,71.4,160,,,,,,,,,,,,,,,,,,
2026-06-30T19:01:36.967838+00:00,2026-07-01T05:01:36.956837,2,1,71.15,0.5,70.9,160,70.8,100,,,,,,,,,,,,,,,,,71.4,160,,,,,,,,,,,,,,,,,,
2026-06-30T19:01:37.011837+00:00,2026-07-01T05:01:37.001838,2,2,71.1,0.4,70.9,160,70.8,100,,,,,,,,,,,,,,,,,71.3,100,71.4,160,,,,,,,,,,,,,,,,
2026-06-30T19:01:37.175628+00:00,2026-07-01T05:01:37.169628,2,2,71.1,0.4,70.9,160,70.8,100,,,,,,,,,,,,,,,,,71.3,110,71.4,150,,,,,,,,,,,,,,,,
2026-06-30T19:01:37.373162+00:00,2026-07-01T05:01:37.367162,2,2,71.1,0.4,70.9,110,70.8,100,,,,,,,,,,,,,,,,,71.3,110,71.4,150,,,,,,,,,,,,,,,,
2026-06-30T19:01:37.667696+00:00,2026-07-01T05:01:37.664697,2,2,71.1,0.4,70.9,100,70.8,100,,,,,,,,,,,,,,,,,71.3,100,71.4,150,,,,,,,,,,,,,,,,
2026-06-30T19:01:37.678696+00:00,2026-07-01T05:01:37.673696,2,2,71.1,0.4,70.9,110,70.8,100,,,,,,,,,,,,,,,,,71.3,110,71.4,150,,,,,,,,,,,,,,,,
2026-06-30T19:01:38.183258+00:00,2026-07-01T05:01:38.179258,2,2,71.1,0.4,70.9,110,70.8,100,,,,,,,,,,,,,,,,,71.3,100,71.4,150,,,,,,,,,,,,,,,,
2026-06-30T19:01:38.194257+00:00,2026-07-01T05:01:38.183258,2,2,71.1,0.4,70.9,110,70.8,100,,,,,,,,,,,,,,,,,71.3,110,71.4,150,,,,,,,,,,,,,,,,
2026-06-30T19:01:38.314672+00:00,2026-07-01T05:01:38.306672,2,1,71.1,0.4,70.9,10,70.8,100,,,,,,,,,,,,,,,,,71.3,110,,,,,,,,,,,,,,,,,,
2026-06-30T19:01:38.357793+00:00,2026-07-01T05:01:38.356793,3,1,71.1,0.4,70.9,10,70.8,100,70.6,150,,,,,,,,,,,,,,,71.3,110,,,,,,,,,,,,,,,,,,
2026-06-30T19:01:38.423793+00:00,2026-07-01T05:01:38.413793,3,2,71.0,0.2,70.9,10,70.8,100,70.6,150,,,,,,,,,,,,,,,71.1,150,71.3,110,,,,,,,,,,,,,,,,
2026-06-30T19:01:38.697620+00:00,2026-07-01T05:01:38.695620,3,2,71.0,0.2,70.9,10,70.8,100,70.6,150,,,,,,,,,,,,,,,71.1,150,71.3,100,,,,,,,,,,,,,,,,
2026-06-30T19:01:38.708620+00:00,2026-07-01T05:01:38.704621,2,2,70.95,0.3,70.8,110,70.6,150,,,,,,,,,,,,,,,,,71.1,160,71.3,100,,,,,,,,,,,,,,,,
2026-06-30T19:01:39.189681+00:00,2026-07-01T05:01:39.187682,2,2,70.95,0.3,70.8,110,70.6,150,,,,,,,,,,,,,,,,,71.1,150,71.3,100,,,,,,,,,,,,,,,,
2026-06-30T19:01:39.200682+00:00,2026-07-01T05:01:39.190681,2,2,70.95,0.3,70.8,110,70.6,150,,,,,,,,,,,,,,,,,71.1,160,71.3,100,,,,,,,,,,,,,,,,
2026-06-30T19:01:39.431122+00:00,2026-07-01T05:01:39.420122,2,2,70.95,0.3,70.8,110,70.6,150,,,,,,,,,,,,,,,,,71.1,110,71.3,100,,,,,,,,,,,,,,,,
2026-06-30T19:01:39.714631+00:00,2026-07-01T05:01:39.710631,2,2,70.95,0.3,70.8,110,70.6,150,,,,,,,,,,,,,,,,,71.1,100,71.3,100,,,,,,,,,,,,,,,,
2026-06-30T19:01:39.725150+00:00,2026-07-01T05:01:39.720631,2,2,70.95,0.3,70.8,110,70.6,150,,,,,,,,,,,,,,,,,71.1,110,71.3,100,,,,,,,,,,,,,,,,
2026-06-30T19:01:39.901310+00:00,2026-07-01T05:01:39.894308,2,2,70.95,0.3,70.8,110,70.6,150,,,,,,,,,,,,,,,,,71.1,61,71.3,100,,,,,,,,,,,,,,,,
2026-06-30T19:01:40.075806+00:00,2026-07-01T05:01:40.067793,2,1,70.95,0.3,70.8,10,70.6,150,,,,,,,,,,,,,,,,,71.1,61,,,,,,,,,,,,,,,,,,
2026-06-30T19:01:40.141362+00:00,2026-07-01T05:01:40.130362,3,1,71.0,0.2,70.9,100,70.8,10,70.6,150,,,,,,,,,,,,,,,71.1,61,,,,,,,,,,,,,,,,,,
2026-06-30T19:01:40.184999+00:00,2026-07-01T05:01:40.173878,3,2,71.0,0.2,70.9,100,70.8,10,70.6,150,,,,,,,,,,,,,,,71.1,61,71.4,100,,,,,,,,,,,,,,,,
2026-06-30T19:01:40.238866+00:00,2026-07-01T05:01:40.238866,2,2,71.0,0.2,70.9,100,70.6,150,,,,,,,,,,,,,,,,,71.1,51,71.4,100,,,,,,,,,,,,,,,,
2026-06-30T19:01:40.249867+00:00,2026-07-01T05:01:40.240866,2,2,71.0,0.2,70.9,110,70.6,150,,,,,,,,,,,,,,,,,71.1,61,71.4,100,,,,,,,,,,,,,,,,
2026-06-30T19:01:40.743928+00:00,2026-07-01T05:01:40.740928,2,2,71.0,0.2,70.9,100,70.6,150,,,,,,,,,,,,,,,,,71.1,51,71.4,100,,,,,,,,,,,,,,,,
2026-06-30T19:01:40.754927+00:00,2026-07-01T05:01:40.748927,2,2,71.0,0.2,70.9,110,70.6,150,,,,,,,,,,,,,,,,,71.1,61,71.4,100,,,,,,,,,,,,,,,,
2026-06-30T19:01:40.975015+00:00,2026-07-01T05:01:40.970016,2,2,71.0,0.2,70.9,63,70.6,150,,,,,,,,,,,,,,,,,71.1,61,71.4,100,,,,,,,,,,,,,,,,
2026-06-30T19:01:41.248614+00:00,2026-07-01T05:01:41.247614,2,2,71.0,0.2,70.9,63,70.6,150,,,,,,,,,,,,,,,,,71.1,51,71.4,100,,,,,,,,,,,,,,,,
2026-06-30T19:01:41.259614+00:00,2026-07-01T05:01:41.256615,2,2,71.0,0.2,70.9,63,70.6,150,,,,,,,,,,,,,,,,,71.1,61,71.4,100,,,,,,,,,,,,,,,,
2026-06-30T19:01:41.466681+00:00,2026-07-01T05:01:41.459300,1,2,71.0,0.2,70.9,63,,,,,,,,,,,,,,,,,,,71.1,10,71.4,100,,,,,,,,,,,,,,,,
2026-06-30T19:01:41.521677+00:00,2026-07-01T05:01:41.517676,2,1,71.25,0.3,71.1,140,70.9,63,,,,,,,,,,,,,,,,,71.4,100,,,,,,,,,,,,,,,,,,
2026-06-30T19:01:41.532690+00:00,2026-07-01T05:01:41.531691,2,1,71.25,0.3,71.1,140,70.9,63,,,,,,,,,,,,,,,,,71.4,50,,,,,,,,,,,,,,,,,,
2026-06-30T19:01:41.576405+00:00,2026-07-01T05:01:41.570564,2,2,71.25,0.3,71.1,140,70.9,63,,,,,,,,,,,,,,,,,71.4,50,71.6,150,,,,,,,,,,,,,,,,
2026-06-30T19:01:41.586925+00:00,2026-07-01T05:01:41.576405,2,2,71.25,0.3,71.1,97,70.9,63,,,,,,,,,,,,,,,,,71.4,50,71.6,150,,,,,,,,,,,,,,,,
2026-06-30T19:01:41.761959+00:00,2026-07-01T05:01:41.758959,2,2,71.25,0.3,71.1,107,70.9,53,,,,,,,,,,,,,,,,,71.4,50,71.6,150,,,,,,,,,,,,,,,,
2026-06-30T19:01:41.772959+00:00,2026-07-01T05:01:41.761959,2,2,71.25,0.3,71.1,107,70.9,53,,,,,,,,,,,,,,,,,71.4,60,71.6,150,,,,,,,,,,,,,,,,
2026-06-30T19:01:42.276769+00:00,2026-07-01T05:01:42.269289,2,2,71.25,0.3,71.1,97,70.9,53,,,,,,,,,,,,,,,,,71.4,50,71.6,150,,,,,,,,,,,,,,,,
2026-06-30T19:01:42.309766+00:00,2026-07-01T05:01:42.303766,2,2,71.25,0.3,71.1,107,70.9,53,,,,,,,,,,,,,,,,,71.4,60,71.6,150,,,,,,,,,,,,,,,,
2026-06-30T19:01:42.816958+00:00,2026-07-01T05:01:42.816442,2,2,71.25,0.3,71.1,107,70.9,53,,,,,,,,,,,,,,,,,71.4,50,71.6,150,,,,,,,,,,,,,,,,
2026-06-30T19:01:42.827472+00:00,2026-07-01T05:01:42.818958,2,2,71.25,0.3,71.1,107,70.9,53,,,,,,,,,,,,,,,,,71.4,60,71.6,150,,,,,,,,,,,,,,,,
2026-06-30T19:01:43.230867+00:00,2026-07-01T05:01:43.226866,1,2,71.25,0.3,71.1,107,,,,,,,,,,,,,,,,,,,71.4,10,71.6,150,,,,,,,,,,,,,,,,
2026-06-30T19:01:43.285364+00:00,2026-07-01T05:01:43.275370,2,2,71.25,0.3,71.1,107,70.8,100,,,,,,,,,,,,,,,,,71.4,10,71.6,150,,,,,,,,,,,,,,,,
2026-06-30T19:01:43.328872+00:00,2026-07-01T05:01:43.324871,2,1,71.35,0.5,71.1,107,70.8,100,,,,,,,,,,,,,,,,,71.6,150,,,,,,,,,,,,,,,,,,
2026-06-30T19:01:43.339871+00:00,2026-07-01T05:01:43.330871,2,2,71.2,0.2,71.1,107,70.8,100,,,,,,,,,,,,,,,,,71.3,100,71.6,160,,,,,,,,,,,,,,,,
2026-06-30T19:01:43.602522+00:00,2026-07-01T05:01:43.596523,2,2,71.2,0.2,71.1,64,70.8,100,,,,,,,,,,,,,,,,,71.3,100,71.6,160,,,,,,,,,,,,,,,,
2026-06-30T19:01:43.832440+00:00,2026-07-01T05:01:43.830439,2,2,71.2,0.2,71.1,54,70.8,100,,,,,,,,,,,,,,,,,71.3,100,71.6,150,,,,,,,,,,,,,,,,
2026-06-30T19:01:43.843440+00:00,2026-07-01T05:01:43.838440,2,2,71.2,0.2,71.1,64,70.8,100,,,,,,,,,,,,,,,,,71.3,110,71.6,150,,,,,,,,,,,,,,,,
2026-06-30T19:01:44.335206+00:00,2026-07-01T05:01:44.333206,2,2,71.2,0.2,71.1,64,70.8,100,,,,,,,,,,,,,,,,,71.3,100,71.6,150,,,,,,,,,,,,,,,,
2026-06-30T19:01:44.346218+00:00,2026-07-01T05:01:44.335206,2,2,71.2,0.2,71.1,64,70.8,100,,,,,,,,,,,,,,,,,71.3,110,71.6,150,,,,,,,,,,,,,,,,
2026-06-30T19:01:44.629437+00:00,2026-07-01T05:01:44.621437,2,1,71.2,0.2,71.1,10,70.8,100,,,,,,,,,,,,,,,,,71.3,110,,,,,,,,,,,,,,,,,,
2026-06-30T19:01:44.683951+00:00,2026-07-01T05:01:44.675951,3,1,71.2,0.2,71.1,10,70.8,100,70.7,150,,,,,,,,,,,,,,,71.3,110,,,,,,,,,,,,,,,,,,
2026-06-30T19:01:44.737980+00:00,2026-07-01T05:01:44.728980,3,2,71.15,0.1,71.1,10,70.8,100,70.7,150,,,,,,,,,,,,,,,71.2,150,71.3,110,,,,,,,,,,,,,,,,
2026-06-30T19:01:44.870074+00:00,2026-07-01T05:01:44.868075,2,2,71.0,0.4,70.8,110,70.7,150,,,,,,,,,,,,,,,,,71.2,150,71.3,100,,,,,,,,,,,,,,,,
2026-06-30T19:01:44.881074+00:00,2026-07-01T05:01:44.871075,2,2,71.0,0.4,70.8,110,70.7,150,,,,,,,,,,,,,,,,,71.2,160,71.3,100,,,,,,,,,,,,,,,,
2026-06-30T19:01:45.374077+00:00,2026-07-01T05:01:45.373076,2,2,71.0,0.4,70.8,110,70.7,150,,,,,,,,,,,,,,,,,71.2,150,71.3,100,,,,,,,,,,,,,,,,
2026-06-30T19:01:45.384596+00:00,2026-07-01T05:01:45.382595,2,2,71.0,0.4,70.8,110,70.7,150,,,,,,,,,,,,,,,,,71.2,160,71.3,100,,,,,,,,,,,,,,,,
2026-06-30T19:01:45.890453+00:00,2026-07-01T05:01:45.886453,2,2,71.0,0.4,70.8,110,70.7,150,,,,,,,,,,,,,,,,,71.2,150,71.3,100,,,,,,,,,,,,,,,,
2026-06-30T19:01:45.901452+00:00,2026-07-01T05:01:45.891452,2,2,71.0,0.4,70.8,110,70.7,150,,,,,,,,,,,,,,,,,71.2,160,71.3,100,,,,,,,,,,,,,,,,
2026-06-30T19:01:46.404815+00:00,2026-07-01T05:01:46.401814,2,1,71.0,0.4,70.8,10,70.7,150,,,,,,,,,,,,,,,,,71.2,160,,,,,,,,,,,,,,,,,,
2026-06-30T19:01:46.416005+00:00,2026-07-01T05:01:46.412004,1,1,70.95,0.5,70.7,160,,,,,,,,,,,,,,,,,,,71.2,160,,,,,,,,,,,,,,,,,,
2026-06-30T19:01:46.449280+00:00,2026-07-01T05:01:46.447280,2,1,70.95,0.5,70.7,160,70.5,100,,,,,,,,,,,,,,,,,71.2,160,,,,,,,,,,,,,,,,,,
2026-06-30T19:01:46.504292+00:00,2026-07-01T05:01:46.498293,2,2,70.85,0.3,70.7,160,70.5,100,,,,,,,,,,,,,,,,,71.0,100,71.2,160,,,,,,,,,,,,,,,,
2026-06-30T19:01:46.919317+00:00,2026-07-01T05:01:46.918316,2,2,70.85,0.3,70.7,160,70.5,100,,,,,,,,,,,,,,,,,71.0,100,71.2,150,,,,,,,,,,,,,,,,
2026-06-30T19:01:46.930316+00:00,2026-07-01T05:01:46.928317,2,2,70.85,0.3,70.7,160,70.5,100,,,,,,,,,,,,,,,,,71.0,110,71.2,150,,,,,,,,,,,,,,,,
2026-06-30T19:01:47.424240+00:00,2026-07-01T05:01:47.419239,2,2,70.85,0.3,70.7,150,70.5,100,,,,,,,,,,,,,,,,,71.0,100,71.2,150,,,,,,,,,,,,,,,,
2026-06-30T19:01:47.434710+00:00,2026-07-01T05:01:47.427710,2,2,70.85,0.3,70.7,160,70.5,100,,,,,,,,,,,,,,,,,71.0,110,71.2,150,,,,,,,,,,,,,,,,
2026-06-30T19:01:47.794748+00:00,2026-07-01T05:01:47.786748,2,1,70.85,0.3,70.7,10,70.5,100,,,,,,,,,,,,,,,,,71.0,110,,,,,,,,,,,,,,,,,,
2026-06-30T19:01:47.849442+00:00,2026-07-01T05:01:47.848442,2,1,70.85,0.3,70.7,10,70.5,250,,,,,,,,,,,,,,,,,71.0,110,,,,,,,,,,,,,,,,,,
2026-06-30T19:01:47.860441+00:00,2026-07-01T05:01:47.853441,2,1,70.85,0.3,70.7,10,70.5,250,,,,,,,,,,,,,,,,,71.0,60,,,,,,,,,,,,,,,,,,
2026-06-30T19:01:47.914959+00:00,2026-07-01T05:01:47.909959,2,1,70.85,0.3,70.7,10,70.5,250,,,,,,,,,,,,,,,,,71.0,210,,,,,,,,,,,,,,,,,,
2026-06-30T19:01:47.959235+00:00,2026-07-01T05:01:47.957235,1,1,70.75,0.5,70.5,260,,,,,,,,,,,,,,,,,,,71.0,210,,,,,,,,,,,,,,,,,,
2026-06-30T19:01:48.449056+00:00,2026-07-01T05:01:48.445055,1,1,70.75,0.5,70.5,260,,,,,,,,,,,,,,,,,,,71.0,200,,,,,,,,,,,,,,,,,,
2026-06-30T19:01:48.460056+00:00,2026-07-01T05:01:48.449056,1,1,70.75,0.5,70.5,260,,,,,,,,,,,,,,,,,,,71.0,210,,,,,,,,,,,,,,,,,,
2026-06-30T19:01:48.865511+00:00,2026-07-01T05:01:48.855512,1,1,70.75,0.5,70.5,260,,,,,,,,,,,,,,,,,,,71.0,161,,,,,,,,,,,,,,,,,,
2026-06-30T19:01:48.964030+00:00,2026-07-01T05:01:48.963030,1,1,70.75,0.5,70.5,260,,,,,,,,,,,,,,,,,,,71.0,151,,,,,,,,,,,,,,,,,,
2026-06-30T19:01:48.975030+00:00,2026-07-01T05:01:48.972029,1,1,70.75,0.5,70.5,260,,,,,,,,,,,,,,,,,,,71.0,161,,,,,,,,,,,,,,,,,,
2026-06-30T19:01:49.467500+00:00,2026-07-01T05:01:49.460983,1,1,70.75,0.5,70.5,260,,,,,,,,,,,,,,,,,,,71.0,161,,,,,,,,,,,,,,,,,,
2026-06-30T19:01:49.555016+00:00,2026-07-01T05:01:49.546015,1,1,70.75,0.5,70.5,160,,,,,,,,,,,,,,,,,,,71.0,160,,,,,,,,,,,,,,,,,,
2026-06-30T19:01:49.610017+00:00,2026-07-01T05:01:49.602015,1,1,70.75,0.5,70.5,160,,,,,,,,,,,,,,,,,,,71.0,60,,,,,,,,,,,,,,,,,,
2026-06-30T19:01:49.665016+00:00,2026-07-01T05:01:49.654016,1,2,70.75,0.5,70.5,160,,,,,,,,,,,,,,,,,,,71.0,60,71.7,100,,,,,,,,,,,,,,,,
2026-06-30T19:01:49.971042+00:00,2026-07-01T05:01:49.969042,1,2,70.75,0.5,70.5,160,,,,,,,,,,,,,,,,,,,71.0,50,71.7,100,,,,,,,,,,,,,,,,
2026-06-30T19:01:49.982042+00:00,2026-07-01T05:01:49.971042,1,2,70.75,0.5,70.5,160,,,,,,,,,,,,,,,,,,,71.0,60,71.7,100,,,,,,,,,,,,,,,,
2026-06-30T19:01:49.993042+00:00,2026-07-01T05:01:49.988042,1,2,70.75,0.5,70.5,110,,,,,,,,,,,,,,,,,,,71.0,60,71.7,100,,,,,,,,,,,,,,,,
2026-06-30T19:01:50.517239+00:00,2026-07-01T05:01:50.511240,1,2,70.75,0.5,70.5,100,,,,,,,,,,,,,,,,,,,71.0,50,71.7,100,,,,,,,,,,,,,,,,
2026-06-30T19:01:50.527758+00:00,2026-07-01T05:01:50.520240,1,2,70.75,0.5,70.5,110,,,,,,,,,,,,,,,,,,,71.0,60,71.7,100,,,,,,,,,,,,,,,,
2026-06-30T19:01:50.953116+00:00,2026-07-01T05:01:50.948116,1,2,70.75,0.5,70.5,10,,,,,,,,,,,,,,,,,,,71.0,10,71.7,100,,,,,,,,,,,,,,,,
2026-06-30T19:01:51.007635+00:00,2026-07-01T05:01:51.001115,2,2,70.9,0.2,70.8,150,70.5,10,,,,,,,,,,,,,,,,,71.0,10,71.7,100,,,,,,,,,,,,,,,,
2026-06-30T19:01:51.018634+00:00,2026-07-01T05:01:51.015634,1,1,71.25,0.9,70.8,160,,,,,,,,,,,,,,,,,,,71.7,110,,,,,,,,,,,,,,,,,,
2026-06-30T19:01:51.062634+00:00,2026-07-01T05:01:51.051634,1,2,71.05,0.5,70.8,160,,,,,,,,,,,,,,,,,,,71.3,150,71.7,110,,,,,,,,,,,,,,,,
2026-06-30T19:01:51.509861+00:00,2026-07-01T05:01:51.508861,1,2,71.05,0.5,70.8,160,,,,,,,,,,,,,,,,,,,71.3,150,71.7,100,,,,,,,,,,,,,,,,
2026-06-30T19:01:51.520860+00:00,2026-07-01T05:01:51.517861,1,2,71.05,0.5,70.8,160,,,,,,,,,,,,,,,,,,,71.3,160,71.7,100,,,,,,,,,,,,,,,,
2026-06-30T19:01:52.046589+00:00,2026-07-01T05:01:52.043590,1,2,71.05,0.5,70.8,160,,,,,,,,,,,,,,,,,,,71.3,160,71.7,100,,,,,,,,,,,,,,,,
2026-06-30T19:01:52.112180+00:00,2026-07-01T05:01:52.108179,1,2,71.05,0.5,70.8,110,,,,,,,,,,,,,,,,,,,71.3,160,71.7,100,,,,,,,,,,,,,,,,
2026-06-30T19:01:52.548890+00:00,2026-07-01T05:01:52.545891,1,2,71.05,0.5,70.8,110,,,,,,,,,,,,,,,,,,,71.3,150,71.7,100,,,,,,,,,,,,,,,,
2026-06-30T19:01:52.559891+00:00,2026-07-01T05:01:52.548890,1,2,71.05,0.5,70.8,110,,,,,,,,,,,,,,,,,,,71.3,160,71.7,100,,,,,,,,,,,,,,,,
2026-06-30T19:01:52.723513+00:00,2026-07-01T05:01:52.720512,1,1,71.05,0.5,70.8,110,,,,,,,,,,,,,,,,,,,71.3,160,,,,,,,,,,,,,,,,,,
2026-06-30T19:01:52.778286+00:00,2026-07-01T05:01:52.771287,1,1,71.05,0.5,70.8,210,,,,,,,,,,,,,,,,,,,71.3,160,,,,,,,,,,,,,,,,,,
2026-06-30T19:01:52.833300+00:00,2026-07-01T05:01:52.823301,1,1,71.05,0.5,70.8,210,,,,,,,,,,,,,,,,,,,71.3,260,,,,,,,,,,,,,,,,,,
2026-06-30T19:01:53.052777+00:00,2026-07-01T05:01:53.051778,1,1,71.05,0.5,70.8,210,,,,,,,,,,,,,,,,,,,71.3,260,,,,,,,,,,,,,,,,,,
2026-06-30T19:01:53.565900+00:00,2026-07-01T05:01:53.563898,1,1,71.05,0.5,70.8,200,,,,,,,,,,,,,,,,,,,71.3,250,,,,,,,,,,,,,,,,,,
2026-06-30T19:01:53.576689+00:00,2026-07-01T05:01:53.569690,1,1,71.05,0.5,70.8,210,,,,,,,,,,,,,,,,,,,71.3,260,,,,,,,,,,,,,,,,,,
2026-06-30T19:01:54.075876+00:00,2026-07-01T05:01:54.069876,1,1,71.05,0.5,70.8,200,,,,,,,,,,,,,,,,,,,71.3,250,,,,,,,,,,,,,,,,,,
2026-06-30T19:01:54.086401+00:00,2026-07-01T05:01:54.080876,1,1,71.05,0.5,70.8,210,,,,,,,,,,,,,,,,,,,71.3,260,,,,,,,,,,,,,,,,,,
2026-06-30T19:01:54.096917+00:00,2026-07-01T05:01:54.095916,1,1,71.05,0.5,70.8,210,,,,,,,,,,,,,,,,,,,71.3,110,,,,,,,,,,,,,,,,,,
2026-06-30T19:01:54.108057+00:00,2026-07-01T05:01:54.097916,1,1,71.05,0.5,70.8,110,,,,,,,,,,,,,,,,,,,71.3,110,,,,,,,,,,,,,,,,,,
2026-06-30T19:01:54.163020+00:00,2026-07-01T05:01:54.153020,2,1,71.05,0.5,70.8,110,70.6,150,,,,,,,,,,,,,,,,,71.3,110,,,,,,,,,,,,,,,,,,
2026-06-30T19:01:54.207031+00:00,2026-07-01T05:01:54.206032,2,2,70.95,0.3,70.8,110,70.6,150,,,,,,,,,,,,,,,,,71.1,150,71.3,110,,,,,,,,,,,,,,,,
2026-06-30T19:01:54.601638+00:00,2026-07-01T05:01:54.599638,2,2,70.95,0.3,70.8,110,70.6,150,,,,,,,,,,,,,,,,,71.1,150,71.3,100,,,,,,,,,,,,,,,,
2026-06-30T19:01:54.612639+00:00,2026-07-01T05:01:54.601638,2,2,70.95,0.3,70.8,110,70.6,150,,,,,,,,,,,,,,,,,71.1,160,71.3,100,,,,,,,,,,,,,,,,
2026-06-30T19:01:55.103996+00:00,2026-07-01T05:01:55.099996,2,2,70.95,0.3,70.8,100,70.6,150,,,,,,,,,,,,,,,,,71.1,150,71.3,100,,,,,,,,,,,,,,,,
2026-06-30T19:01:55.114996+00:00,2026-07-01T05:01:55.108998,2,2,70.95,0.3,70.8,110,70.6,150,,,,,,,,,,,,,,,,,71.1,160,71.3,100,,,,,,,,,,,,,,,,
2026-06-30T19:01:55.639616+00:00,2026-07-01T05:01:55.632781,2,2,70.95,0.3,70.8,110,70.6,150,,,,,,,,,,,,,,,,,71.1,150,71.3,100,,,,,,,,,,,,,,,,
2026-06-30T19:01:55.650581+00:00,2026-07-01T05:01:55.641581,2,2,70.95,0.3,70.8,110,70.6,150,,,,,,,,,,,,,,,,,71.1,160,71.3,100,,,,,,,,,,,,,,,,
2026-06-30T19:01:55.891117+00:00,2026-07-01T05:01:55.883117,2,1,70.95,0.3,70.8,10,70.6,150,,,,,,,,,,,,,,,,,71.1,160,,,,,,,,,,,,,,,,,,
2026-06-30T19:01:55.946117+00:00,2026-07-01T05:01:55.940117,2,1,70.95,0.3,70.8,110,70.6,150,,,,,,,,,,,,,,,,,71.1,160,,,,,,,,,,,,,,,,,,
2026-06-30T19:01:56.000857+00:00,2026-07-01T05:01:55.999857,2,2,70.95,0.3,70.8,110,70.6,150,,,,,,,,,,,,,,,,,71.1,160,71.3,100,,,,,,,,,,,,,,,,
2026-06-30T19:01:56.142449+00:00,2026-07-01T05:01:56.137450,2,2,70.95,0.3,70.8,110,70.6,150,,,,,,,,,,,,,,,,,71.1,150,71.3,100,,,,,,,,,,,,,,,,
2026-06-30T19:01:56.153449+00:00,2026-07-01T05:01:56.143450,2,2,70.95,0.3,70.8,110,70.6,150,,,,,,,,,,,,,,,,,71.1,160,71.3,100,,,,,,,,,,,,,,,,
2026-06-30T19:01:56.338813+00:00,2026-07-01T05:01:56.327814,2,2,70.95,0.3,70.8,60,70.6,150,,,,,,,,,,,,,,,,,71.1,160,71.3,100,,,,,,,,,,,,,,,,
2026-06-30T19:01:56.656487+00:00,2026-07-01T05:01:56.654488,2,2,70.95,0.3,70.8,50,70.6,150,,,,,,,,,,,,,,,,,71.1,150,71.3,100,,,,,,,,,,,,,,,,
2026-06-30T19:01:56.666958+00:00,2026-07-01T05:01:56.659958,2,2,70.95,0.3,70.8,60,70.6,150,,,,,,,,,,,,,,,,,71.1,160,71.3,100,,,,,,,,,,,,,,,,
2026-06-30T19:01:57.181615+00:00,2026-07-01T05:01:57.180614,2,2,70.95,0.3,70.8,60,70.6,150,,,,,,,,,,,,,,,,,71.1,160,71.3,100,,,,,,,,,,,,,,,,
2026-06-30T19:01:57.279820+00:00,2026-07-01T05:01:57.272819,1,2,70.95,0.3,70.8,60,,,,,,,,,,,,,,,,,,,71.1,10,71.3,100,,,,,,,,,,,,,,,,
2026-06-30T19:01:57.334820+00:00,2026-07-01T05:01:57.333820,1,2,70.95,0.3,70.8,210,,,,,,,,,,,,,,,,,,,71.1,10,71.3,100,,,,,,,,,,,,,,,,
2026-06-30T19:01:57.389624+00:00,2026-07-01T05:01:57.382625,1,2,70.95,0.3,70.8,210,,,,,,,,,,,,,,,,,,,71.1,10,71.3,250,,,,,,,,,,,,,,,,
2026-06-30T19:01:57.673664+00:00,2026-07-01T05:01:57.669665,1,1,71.05,0.5,70.8,200,,,,,,,,,,,,,,,,,,,71.3,250,,,,,,,,,,,,,,,,,,
2026-06-30T19:01:57.684664+00:00,2026-07-01T05:01:57.676665,1,1,71.05,0.5,70.8,210,,,,,,,,,,,,,,,,,,,71.3,260,,,,,,,,,,,,,,,,,,
2026-06-30T19:01:58.027084+00:00,2026-07-01T05:01:58.023084,1,1,71.05,0.5,70.8,210,,,,,,,,,,,,,,,,,,,71.3,215,,,,,,,,,,,,,,,,,,
2026-06-30T19:01:58.202618+00:00,2026-07-01T05:01:58.201617,1,1,71.05,0.5,70.8,210,,,,,,,,,,,,,,,,,,,71.3,205,,,,,,,,,,,,,,,,,,
2026-06-30T19:01:58.213616+00:00,2026-07-01T05:01:58.204617,1,1,71.05,0.5,70.8,210,,,,,,,,,,,,,,,,,,,71.3,215,,,,,,,,,,,,,,,,,,
2026-06-30T19:01:58.717175+00:00,2026-07-01T05:01:58.709176,1,1,71.05,0.5,70.8,200,,,,,,,,,,,,,,,,,,,71.3,205,,,,,,,,,,,,,,,,,,
2026-06-30T19:01:58.728192+00:00,2026-07-01T05:01:58.718175,1,1,71.05,0.5,70.8,210,,,,,,,,,,,,,,,,,,,71.3,215,,,,,,,,,,,,,,,,,,
2026-06-30T19:01:59.055299+00:00,2026-07-01T05:01:59.045382,1,1,71.05,0.5,70.8,160,,,,,,,,,,,,,,,,,,,71.3,160,,,,,,,,,,,,,,,,,,
2026-06-30T19:01:59.109856+00:00,2026-07-01T05:01:59.101857,2,1,71.1,0.4,70.9,100,70.8,160,,,,,,,,,,,,,,,,,71.3,160,,,,,,,,,,,,,,,,,,
2026-06-30T19:01:59.120856+00:00,2026-07-01T05:01:59.111858,2,1,71.1,0.4,70.9,100,70.8,160,,,,,,,,,,,,,,,,,71.3,118,,,,,,,,,,,,,,,,,,
2026-06-30T19:01:59.176165+00:00,2026-07-01T05:01:59.166164,2,2,71.1,0.4,70.9,100,70.8,160,,,,,,,,,,,,,,,,,71.3,118,71.4,100,,,,,,,,,,,,,,,,
2026-06-30T19:01:59.230425+00:00,2026-07-01T05:01:59.229425,2,2,71.1,0.4,70.9,110,70.8,150,,,,,,,,,,,,,,,,,71.3,118,71.4,100,,,,,,,,,,,,,,,,
2026-06-30T19:01:59.742549+00:00,2026-07-01T05:01:59.741548,2,2,71.1,0.4,70.9,100,70.8,150,,,,,,,,,,,,,,,,,71.3,108,71.4,100,,,,,,,,,,,,,,,,
2026-06-30T19:01:59.753548+00:00,2026-07-01T05:01:59.748548,2,2,71.1,0.4,70.9,110,70.8,150,,,,,,,,,,,,,,,,,71.3,118,71.4,100,,,,,,,,,,,,,,,,
2026-06-30T19:02:00.234976+00:00,2026-07-01T05:02:00.232975,2,2,71.1,0.4,70.9,100,70.8,150,,,,,,,,,,,,,,,,,71.3,108,71.4,100,,,,,,,,,,,,,,,,
2026-06-30T19:02:00.245976+00:00,2026-07-01T05:02:00.242975,2,2,71.1,0.4,70.9,110,70.8,150,,,,,,,,,,,,,,,,,71.3,118,71.4,100,,,,,,,,,,,,,,,,
2026-06-30T19:02:00.442014+00:00,2026-07-01T05:02:00.435013,1,2,71.1,0.4,70.9,110,,,,,,,,,,,,,,,,,,,71.3,10,71.4,100,,,,,,,,,,,,,,,,
2026-06-30T19:02:00.496529+00:00,2026-07-01T05:02:00.487015,1,2,71.1,0.4,70.9,260,,,,,,,,,,,,,,,,,,,71.3,10,71.4,100,,,,,,,,,,,,,,,,
2026-06-30T19:02:00.540845+00:00,2026-07-01T05:02:00.534845,1,2,71.1,0.4,70.9,260,,,,,,,,,,,,,,,,,,,71.3,10,71.4,250,,,,,,,,,,,,,,,,
2026-06-30T19:02:00.759419+00:00,2026-07-01T05:02:00.758219,1,1,71.15,0.5,70.9,260,,,,,,,,,,,,,,,,,,,71.4,250,,,,,,,,,,,,,,,,,,
2026-06-30T19:02:00.770417+00:00,2026-07-01T05:02:00.768417,1,1,71.15,0.5,70.9,260,,,,,,,,,,,,,,,,,,,71.4,260,,,,,,,,,,,,,,,,,,
2026-06-30T19:02:01.296059+00:00,2026-07-01T05:02:01.293059,1,1,71.15,0.5,70.9,260,,,,,,,,,,,,,,,,,,,71.4,260,,,,,,,,,,,,,,,,,,
2026-06-30T19:02:01.789771+00:00,2026-07-01T05:02:01.787770,1,1,71.15,0.5,70.9,260,,,,,,,,,,,,,,,,,,,71.4,250,,,,,,,,,,,,,,,,,,
2026-06-30T19:02:01.800769+00:00,2026-07-01T05:02:01.793770,1,1,71.15,0.5,70.9,260,,,,,,,,,,,,,,,,,,,71.4,260,,,,,,,,,,,,,,,,,,
2026-06-30T19:02:02.224776+00:00,2026-07-01T05:02:02.217776,1,1,71.15,0.5,70.9,160,,,,,,,,,,,,,,,,,,,71.4,160,,,,,,,,,,,,,,,,,,
2026-06-30T19:02:02.290633+00:00,2026-07-01T05:02:02.289633,2,1,71.2,0.4,71.0,100,70.9,160,,,,,,,,,,,,,,,,,71.4,160,,,,,,,,,,,,,,,,,,
2026-06-30T19:02:02.301632+00:00,2026-07-01T05:02:02.300633,2,1,71.2,0.4,71.0,100,70.9,150,,,,,,,,,,,,,,,,,71.4,150,,,,,,,,,,,,,,,,,,
2026-06-30T19:02:02.312632+00:00,2026-07-01T05:02:02.307632,2,1,71.2,0.4,71.0,110,70.9,150,,,,,,,,,,,,,,,,,71.4,160,,,,,,,,,,,,,,,,,,
2026-06-30T19:02:02.345632+00:00,2026-07-01T05:02:02.342632,2,2,71.2,0.4,71.0,110,70.9,150,,,,,,,,,,,,,,,,,71.4,160,71.5,100,,,,,,,,,,,,,,,,
2026-06-30T19:02:02.586641+00:00,2026-07-01T05:02:02.580641,2,2,71.2,0.4,71.0,110,70.9,150,,,,,,,,,,,,,,,,,71.4,110,71.5,100,,,,,,,,,,,,,,,,
2026-06-30T19:02:02.825626+00:00,2026-07-01T05:02:02.820626,2,2,71.2,0.4,71.0,110,70.9,150,,,,,,,,,,,,,,,,,71.4,100,71.5,100,,,,,,,,,,,,,,,,
2026-06-30T19:02:02.836626+00:00,2026-07-01T05:02:02.826626,2,2,71.2,0.4,71.0,110,70.9,150,,,,,,,,,,,,,,,,,71.4,110,71.5,100,,,,,,,,,,,,,,,,
2026-06-30T19:02:03.305308+00:00,2026-07-01T05:02:03.302308,2,2,71.2,0.4,71.0,100,70.9,150,,,,,,,,,,,,,,,,,71.4,100,71.5,100,,,,,,,,,,,,,,,,
2026-06-30T19:02:03.316308+00:00,2026-07-01T05:02:03.308308,2,2,71.2,0.4,71.0,110,70.9,150,,,,,,,,,,,,,,,,,71.4,110,71.5,100,,,,,,,,,,,,,,,,
2026-06-30T19:02:03.578745+00:00,2026-07-01T05:02:03.574732,1,2,71.2,0.4,71.0,110,,,,,,,,,,,,,,,,,,,71.4,10,71.5,100,,,,,,,,,,,,,,,,
2026-06-30T19:02:03.633744+00:00,2026-07-01T05:02:03.627744,2,2,71.25,0.3,71.1,150,71.0,110,,,,,,,,,,,,,,,,,71.4,10,71.5,100,,,,,,,,,,,,,,,,
2026-06-30T19:02:03.688484+00:00,2026-07-01T05:02:03.679744,2,3,71.25,0.3,71.1,150,71.0,110,,,,,,,,,,,,,,,,,71.4,10,71.5,100,71.6,150,,,,,,,,,,,,,,
2026-06-30T19:02:03.819165+00:00,2026-07-01T05:02:03.817774,2,2,71.3,0.4,71.1,160,71.0,100,,,,,,,,,,,,,,,,,71.5,100,71.6,150,,,,,,,,,,,,,,,,
2026-06-30T19:02:03.829380+00:00,2026-07-01T05:02:03.821163,2,2,71.3,0.4,71.1,160,71.0,100,,,,,,,,,,,,,,,,,71.5,110,71.6,150,,,,,,,,,,,,,,,,
2026-06-30T19:02:04.332978+00:00,2026-07-01T05:02:04.329978,2,2,71.3,0.4,71.1,160,71.0,100,,,,,,,,,,,,,,,,,71.5,100,71.6,150,,,,,,,,,,,,,,,,
