recv_time,book_timestamp,n_bids,n_asks,mid,spread,bid_px_0,bid_vol_0,bid_px_1,bid_vol_1,bid_px_2,bid_vol_2,bid_px_3,bid_vol_3,bid_px_4,bid_vol_4,bid_px_5,bid_vol_5,bid_px_6,bid_vol_6,bid_px_7,bid_vol_7,bid_px_8,bid_vol_8,bid_px_9,bid_vol_9,ask_px_0,ask_vol_0,ask_px_1,ask_vol_1,ask_px_2,ask_vol_2,ask_px_3,ask_vol_3,ask_px_4,ask_vol_4,ask_px_5,ask_vol_5,ask_px_6,ask_vol_6,ask_px_7,ask_vol_7,ask_px_8,ask_vol_8,ask_px_9,ask_vol_9
2026-07-04T19:00:00.191478+00:00,2026-07-04T19:00:00.176424,1,1,134.85,0.5,134.6,105,,,,,,,,,,,,,,,,,,,135.1,121,,,,,,,,,,,,,,,,,,
2026-07-04T19:00:00.290335+00:00,2026-07-04T19:00:00.283661,1,2,134.85,0.5,134.6,105,,,,,,,,,,,,,,,,,,,135.1,21,135.7,100,,,,,,,,,,,,,,,,
2026-07-04T19:00:01.290854+00:00,2026-07-04T19:00:01.290767,1,2,134.85,0.5,134.6,55,,,,,,,,,,,,,,,,,,,135.1,21,135.7,100,,,,,,,,,,,,,,,,
2026-07-04T19:00:01.382548+00:00,2026-07-04T19:00:01.382505,1,2,134.85,0.5,134.6,15,,,,,,,,,,,,,,,,,,,135.1,21,135.7,100,,,,,,,,,,,,,,,,
2026-07-04T19:00:02.162391+00:00,2026-07-04T19:00:02.162268,0,1,,,,,,,,,,,,,,,,,,,,,,,135.7,100,,,,,,,,,,,,,,,,,,
2026-07-04T19:00:02.223372+00:00,2026-07-04T19:00:02.213331,1,1,135.25,0.9,134.8,150,,,,,,,,,,,,,,,,,,,135.7,100,,,,,,,,,,,,,,,,,,
2026-07-04T19:00:02.271473+00:00,2026-07-04T19:00:02.271651,1,2,135.05,0.5,134.8,150,,,,,,,,,,,,,,,,,,,135.3,150,135.7,100,,,,,,,,,,,,,,,,
2026-07-04T19:00:03.357890+00:00,2026-07-04T19:00:03.357952,1,1,135.05,0.5,134.8,150,,,,,,,,,,,,,,,,,,,135.3,150,,,,,,,,,,,,,,,,,,
2026-07-04T19:00:03.363125+00:00,2026-07-04T19:00:03.363226,1,1,135.05,0.5,134.8,105,,,,,,,,,,,,,,,,,,,135.3,150,,,,,,,,,,,,,,,,,,
2026-07-04T19:00:03.416860+00:00,2026-07-04T19:00:03.416779,1,1,135.05,0.5,134.8,205,,,,,,,,,,,,,,,,,,,135.3,150,,,,,,,,,,,,,,,,,,
2026-07-04T19:00:03.485775+00:00,2026-07-04T19:00:03.465557,1,1,135.05,0.5,134.8,205,,,,,,,,,,,,,,,,,,,135.3,250,,,,,,,,,,,,,,,,,,
2026-07-04T19:00:03.963888+00:00,2026-07-04T19:00:03.963782,1,1,135.05,0.5,134.8,205,,,,,,,,,,,,,,,,,,,135.3,203,,,,,,,,,,,,,,,,,,
2026-07-04T19:00:05.326730+00:00,2026-07-04T19:00:05.326639,1,1,135.05,0.5,134.8,100,,,,,,,,,,,,,,,,,,,135.3,100,,,,,,,,,,,,,,,,,,
2026-07-04T19:00:05.381360+00:00,2026-07-04T19:00:05.381246,2,1,135.15,0.3,135.0,150,134.8,100,,,,,,,,,,,,,,,,,135.3,100,,,,,,,,,,,,,,,,,,
2026-07-04T19:00:05.433601+00:00,2026-07-04T19:00:05.433709,2,2,135.15,0.3,135.0,150,134.8,100,,,,,,,,,,,,,,,,,135.3,100,135.5,150,,,,,,,,,,,,,,,,
2026-07-04T19:00:05.519042+00:00,2026-07-04T19:00:05.518983,2,2,135.15,0.3,135.0,100,134.8,100,,,,,,,,,,,,,,,,,135.3,100,135.5,150,,,,,,,,,,,,,,,,
2026-07-04T19:00:05.529400+00:00,2026-07-04T19:00:05.529298,2,2,135.15,0.3,135.0,100,134.8,100,,,,,,,,,,,,,,,,,135.3,53,135.5,150,,,,,,,,,,,,,,,,
2026-07-04T19:00:06.522932+00:00,2026-07-04T19:00:06.522839,2,1,135.25,0.5,135.0,100,134.8,100,,,,,,,,,,,,,,,,,135.5,150,,,,,,,,,,,,,,,,,,
2026-07-04T19:00:06.528149+00:00,2026-07-04T19:00:06.528028,1,1,135.25,0.5,135.0,100,,,,,,,,,,,,,,,,,,,135.5,150,,,,,,,,,,,,,,,,,,
2026-07-04T19:00:06.577610+00:00,2026-07-04T19:00:06.577570,1,1,135.25,0.5,135.0,200,,,,,,,,,,,,,,,,,,,135.5,150,,,,,,,,,,,,,,,,,,
2026-07-04T19:00:06.630368+00:00,2026-07-04T19:00:06.630323,1,1,135.25,0.5,135.0,200,,,,,,,,,,,,,,,,,,,135.5,250,,,,,,,,,,,,,,,,,,
2026-07-04T19:00:07.626445+00:00,2026-07-04T19:00:07.626338,1,1,135.25,0.5,135.0,150,,,,,,,,,,,,,,,,,,,135.5,250,,,,,,,,,,,,,,,,,,
2026-07-04T19:00:08.486840+00:00,2026-07-04T19:00:08.487082,1,1,135.25,0.5,135.0,100,,,,,,,,,,,,,,,,,,,135.5,100,,,,,,,,,,,,,,,,,,
2026-07-04T19:00:08.543672+00:00,2026-07-04T19:00:08.543623,2,1,135.25,0.5,135.0,100,134.6,150,,,,,,,,,,,,,,,,,135.5,100,,,,,,,,,,,,,,,,,,
2026-07-04T19:00:08.596662+00:00,2026-07-04T19:00:08.596571,2,2,135.05,0.1,135.0,100,134.6,150,,,,,,,,,,,,,,,,,135.1,150,135.5,100,,,,,,,,,,,,,,,,
2026-07-04T19:00:09.025179+00:00,2026-07-04T19:00:09.025061,2,2,135.05,0.1,135.0,100,134.6,150,,,,,,,,,,,,,,,,,135.1,107,135.5,100,,,,,,,,,,,,,,,,
2026-07-04T19:00:09.079639+00:00,2026-07-04T19:00:09.079543,2,2,135.05,0.1,135.0,53,134.6,150,,,,,,,,,,,,,,,,,135.1,107,135.5,100,,,,,,,,,,,,,,,,
2026-07-04T19:00:09.682538+00:00,2026-07-04T19:00:09.682452,2,2,135.05,0.1,135.0,53,134.6,150,,,,,,,,,,,,,,,,,135.1,57,135.5,100,,,,,,,,,,,,,,,,
2026-07-04T19:00:09.687810+00:00,2026-07-04T19:00:09.687698,1,1,134.85,0.5,134.6,150,,,,,,,,,,,,,,,,,,,135.1,57,,,,,,,,,,,,,,,,,,
2026-07-04T19:00:09.740992+00:00,2026-07-04T19:00:09.740923,2,1,135.0,0.2,134.9,100,134.6,150,,,,,,,,,,,,,,,,,135.1,57,,,,,,,,,,,,,,,,,,
2026-07-04T19:00:09.793481+00:00,2026-07-04T19:00:09.793376,2,2,135.0,0.2,134.9,100,134.6,150,,,,,,,,,,,,,,,,,135.1,57,135.4,100,,,,,,,,,,,,,,,,
2026-07-04T19:00:10.784210+00:00,2026-07-04T19:00:10.784098,2,2,135.0,0.2,134.9,53,134.6,150,,,,,,,,,,,,,,,,,135.1,57,135.4,100,,,,,,,,,,,,,,,,
2026-07-04T19:00:11.650143+00:00,2026-07-04T19:00:11.650025,1,1,135.15,0.5,134.9,53,,,,,,,,,,,,,,,,,,,135.4,100,,,,,,,,,,,,,,,,,,
2026-07-04T19:00:11.700640+00:00,2026-07-04T19:00:11.700569,2,1,135.2,0.4,135.0,150,134.9,53,,,,,,,,,,,,,,,,,135.4,100,,,,,,,,,,,,,,,,,,
2026-07-04T19:00:11.764116+00:00,2026-07-04T19:00:11.763985,2,2,135.2,0.4,135.0,150,134.9,53,,,,,,,,,,,,,,,,,135.4,100,135.5,150,,,,,,,,,,,,,,,,
2026-07-04T19:00:11.864636+00:00,2026-07-04T19:00:11.863959,2,2,135.2,0.4,135.0,150,134.9,53,,,,,,,,,,,,,,,,,135.4,50,135.5,150,,,,,,,,,,,,,,,,
2026-07-04T19:00:12.851077+00:00,2026-07-04T19:00:12.851224,1,1,135.25,0.5,135.0,150,,,,,,,,,,,,,,,,,,,135.5,150,,,,,,,,,,,,,,,,,,
2026-07-04T19:00:12.901588+00:00,2026-07-04T19:00:12.901465,2,1,135.25,0.5,135.0,150,134.9,100,,,,,,,,,,,,,,,,,135.5,150,,,,,,,,,,,,,,,,,,
2026-07-04T19:00:12.953630+00:00,2026-07-04T19:00:12.953742,2,2,135.2,0.4,135.0,150,134.9,100,,,,,,,,,,,,,,,,,135.4,100,135.5,150,,,,,,,,,,,,,,,,
2026-07-04T19:00:12.986112+00:00,2026-07-04T19:00:12.979909,2,2,135.2,0.4,135.0,139,134.9,100,,,,,,,,,,,,,,,,,135.4,100,135.5,150,,,,,,,,,,,,,,,,
2026-07-04T19:00:13.900715+00:00,2026-07-04T19:00:13.900589,2,2,135.2,0.4,135.0,139,134.9,100,,,,,,,,,,,,,,,,,135.4,50,135.5,150,,,,,,,,,,,,,,,,
2026-07-04T19:00:14.811764+00:00,2026-07-04T19:00:14.811725,1,1,135.15,0.5,134.9,100,,,,,,,,,,,,,,,,,,,135.4,50,,,,,,,,,,,,,,,,,,
2026-07-04T19:00:14.858608+00:00,2026-07-04T19:00:14.856074,2,1,135.15,0.5,134.9,100,134.8,150,,,,,,,,,,,,,,,,,135.4,50,,,,,,,,,,,,,,,,,,
2026-07-04T19:00:14.917607+00:00,2026-07-04T19:00:14.917458,2,2,135.1,0.4,134.9,100,134.8,150,,,,,,,,,,,,,,,,,135.3,150,135.4,50,,,,,,,,,,,,,,,,
2026-07-04T19:00:14.975505+00:00,2026-07-04T19:00:14.975375,2,2,135.1,0.4,134.9,55,134.8,150,,,,,,,,,,,,,,,,,135.3,150,135.4,50,,,,,,,,,,,,,,,,
2026-07-04T19:00:16.007175+00:00,2026-07-04T19:00:16.007124,2,1,135.1,0.4,134.9,55,134.8,150,,,,,,,,,,,,,,,,,135.3,100,,,,,,,,,,,,,,,,,,
2026-07-04T19:00:16.012397+00:00,2026-07-04T19:00:16.012302,1,1,135.05,0.5,134.8,150,,,,,,,,,,,,,,,,,,,135.3,100,,,,,,,,,,,,,,,,,,
2026-07-04T19:00:16.070774+00:00,2026-07-04T19:00:16.070608,2,1,135.1,0.4,134.9,100,134.8,150,,,,,,,,,,,,,,,,,135.3,100,,,,,,,,,,,,,,,,,,
2026-07-04T19:00:16.123389+00:00,2026-07-04T19:00:16.123322,2,2,135.1,0.4,134.9,100,134.8,150,,,,,,,,,,,,,,,,,135.3,100,135.4,100,,,,,,,,,,,,,,,,
2026-07-04T19:00:17.973806+00:00,2026-07-04T19:00:17.973773,1,1,135.15,0.5,134.9,100,,,,,,,,,,,,,,,,,,,135.4,100,,,,,,,,,,,,,,,,,,
2026-07-04T19:00:17.991495+00:00,2026-07-04T19:00:17.991387,1,1,135.15,0.5,134.9,100,,,,,,,,,,,,,,,,,,,135.4,53,,,,,,,,,,,,,,,,,,
2026-07-04T19:00:18.028089+00:00,2026-07-04T19:00:18.028196,2,1,135.25,0.3,135.1,150,134.9,100,,,,,,,,,,,,,,,,,135.4,53,,,,,,,,,,,,,,,,,,
2026-07-04T19:00:18.080901+00:00,2026-07-04T19:00:18.080782,2,2,135.25,0.3,135.1,150,134.9,100,,,,,,,,,,,,,,,,,135.4,53,135.6,150,,,,,,,,,,,,,,,,
2026-07-04T19:00:18.125520+00:00,2026-07-04T19:00:18.125455,2,2,135.25,0.3,135.1,150,134.9,100,,,,,,,,,,,,,,,,,135.4,3,135.6,150,,,,,,,,,,,,,,,,
2026-07-04T19:00:19.179495+00:00,2026-07-04T19:00:19.179393,1,1,135.35,0.5,135.1,150,,,,,,,,,,,,,,,,,,,135.6,150,,,,,,,,,,,,,,,,,,
2026-07-04T19:00:19.234180+00:00,2026-07-04T19:00:19.234132,2,1,135.45,0.3,135.3,100,135.1,150,,,,,,,,,,,,,,,,,135.6,150,,,,,,,,,,,,,,,,,,
2026-07-04T19:00:19.289614+00:00,2026-07-04T19:00:19.289526,2,2,135.45,0.3,135.3,100,135.1,150,,,,,,,,,,,,,,,,,135.6,150,135.8,100,,,,,,,,,,,,,,,,
2026-07-04T19:00:20.233046+00:00,2026-07-04T19:00:20.232876,2,2,135.45,0.3,135.3,100,135.1,150,,,,,,,,,,,,,,,,,135.6,100,135.8,100,,,,,,,,,,,,,,,,
2026-07-04T19:00:21.134848+00:00,2026-07-04T19:00:21.134632,1,1,135.55,0.5,135.3,100,,,,,,,,,,,,,,,,,,,135.8,100,,,,,,,,,,,,,,,,,,
2026-07-04T19:00:21.199317+00:00,2026-07-04T19:00:21.195107,2,1,135.6,0.4,135.4,138,135.3,100,,,,,,,,,,,,,,,,,135.8,100,,,,,,,,,,,,,,,,,,
2026-07-04T19:00:21.241901+00:00,2026-07-04T19:00:21.241791,2,2,135.6,0.4,135.4,138,135.3,100,,,,,,,,,,,,,,,,,135.8,100,135.9,150,,,,,,,,,,,,,,,,
2026-07-04T19:00:22.344079+00:00,2026-07-04T19:00:22.343981,1,1,135.65,0.5,135.4,138,,,,,,,,,,,,,,,,,,,135.9,150,,,,,,,,,,,,,,,,,,
2026-07-04T19:00:22.358579+00:00,2026-07-04T19:00:22.357871,1,1,135.65,0.5,135.4,138,,,,,,,,,,,,,,,,,,,135.9,100,,,,,,,,,,,,,,,,,,
2026-07-04T19:00:22.397060+00:00,2026-07-04T19:00:22.396979,2,1,135.65,0.5,135.4,138,135.3,100,,,,,,,,,,,,,,,,,135.9,100,,,,,,,,,,,,,,,,,,
2026-07-04T19:00:22.458767+00:00,2026-07-04T19:00:22.458711,2,2,135.6,0.4,135.4,138,135.3,100,,,,,,,,,,,,,,,,,135.8,100,135.9,100,,,,,,,,,,,,,,,,
2026-07-04T19:00:23.804048+00:00,2026-07-04T19:00:23.804247,2,2,135.6,0.4,135.4,138,135.3,100,,,,,,,,,,,,,,,,,135.8,51,135.9,100,,,,,,,,,,,,,,,,
2026-07-04T19:00:23.858553+00:00,2026-07-04T19:00:23.858214,2,2,135.6,0.4,135.4,90,135.3,100,,,,,,,,,,,,,,,,,135.8,51,135.9,100,,,,,,,,,,,,,,,,
2026-07-04T19:00:24.296715+00:00,2026-07-04T19:00:24.296603,1,1,135.55,0.5,135.3,100,,,,,,,,,,,,,,,,,,,135.8,51,,,,,,,,,,,,,,,,,,
2026-07-04T19:00:24.352877+00:00,2026-07-04T19:00:24.344224,2,1,135.65,0.3,135.5,150,135.3,100,,,,,,,,,,,,,,,,,135.8,51,,,,,,,,,,,,,,,,,,
2026-07-04T19:00:24.406028+00:00,2026-07-04T19:00:24.405972,2,2,135.65,0.3,135.5,150,135.3,100,,,,,,,,,,,,,,,,,135.8,51,135.9,150,,,,,,,,,,,,,,,,
2026-07-04T19:00:24.470302+00:00,2026-07-04T19:00:24.470248,2,2,135.65,0.3,135.5,150,135.3,100,,,,,,,,,,,,,,,,,135.8,1,135.9,150,,,,,,,,,,,,,,,,
2026-07-04T19:00:24.776154+00:00,2026-07-04T19:00:24.766527,2,2,135.65,0.3,135.5,139,135.3,100,,,,,,,,,,,,,,,,,135.8,1,135.9,150,,,,,,,,,,,,,,,,
2026-07-04T19:00:25.510571+00:00,2026-07-04T19:00:25.510498,1,1,135.7,0.4,135.5,139,,,,,,,,,,,,,,,,,,,135.9,150,,,,,,,,,,,,,,,,,,
2026-07-04T19:00:25.556529+00:00,2026-07-04T19:00:25.556779,2,1,135.75,0.3,135.6,100,135.5,139,,,,,,,,,,,,,,,,,135.9,150,,,,,,,,,,,,,,,,,,
2026-07-04T19:00:25.568805+00:00,2026-07-04T19:00:25.562800,2,1,135.75,0.3,135.6,89,135.5,139,,,,,,,,,,,,,,,,,135.9,150,,,,,,,,,,,,,,,,,,
2026-07-04T19:00:25.615973+00:00,2026-07-04T19:00:25.615885,2,2,135.75,0.3,135.6,89,135.5,139,,,,,,,,,,,,,,,,,135.9,150,136.1,100,,,,,,,,,,,,,,,,
2026-07-04T19:00:25.848474+00:00,2026-07-04T19:00:25.848376,2,2,135.75,0.3,135.6,89,135.5,139,,,,,,,,,,,,,,,,,135.9,106,136.1,100,,,,,,,,,,,,,,,,
2026-07-04T19:00:26.632233+00:00,2026-07-04T19:00:26.632155,2,2,135.75,0.3,135.6,39,135.5,139,,,,,,,,,,,,,,,,,135.9,106,136.1,100,,,,,,,,,,,,,,,,
2026-07-04T19:00:27.458666+00:00,2026-07-04T19:00:27.455140,1,1,135.85,0.5,135.6,39,,,,,,,,,,,,,,,,,,,136.1,100,,,,,,,,,,,,,,,,,,
2026-07-04T19:00:27.513510+00:00,2026-07-04T19:00:27.513435,1,1,135.85,0.5,135.6,189,,,,,,,,,,,,,,,,,,,136.1,100,,,,,,,,,,,,,,,,,,
2026-07-04T19:00:27.569058+00:00,2026-07-04T19:00:27.568985,1,1,135.85,0.5,135.6,189,,,,,,,,,,,,,,,,,,,136.1,250,,,,,,,,,,,,,,,,,,
2026-07-04T19:00:28.669851+00:00,2026-07-04T19:00:28.669799,1,1,135.85,0.5,135.6,150,,,,,,,,,,,,,,,,,,,136.1,150,,,,,,,,,,,,,,,,,,
2026-07-04T19:00:28.682188+00:00,2026-07-04T19:00:28.682093,1,1,135.85,0.5,135.6,150,,,,,,,,,,,,,,,,,,,136.1,100,,,,,,,,,,,,,,,,,,
2026-07-04T19:00:28.724067+00:00,2026-07-04T19:00:28.723998,2,1,135.85,0.5,135.6,150,135.5,100,,,,,,,,,,,,,,,,,136.1,100,,,,,,,,,,,,,,,,,,
2026-07-04T19:00:28.779469+00:00,2026-07-04T19:00:28.779387,2,2,135.8,0.4,135.6,150,135.5,100,,,,,,,,,,,,,,,,,136.0,100,136.1,100,,,,,,,,,,,,,,,,
2026-07-04T19:00:29.603040+00:00,2026-07-04T19:00:29.602916,2,2,135.8,0.4,135.6,102,135.5,100,,,,,,,,,,,,,,,,,136.0,100,136.1,100,,,,,,,,,,,,,,,,
2026-07-04T19:00:30.625579+00:00,2026-07-04T19:00:30.625462,1,1,135.75,0.5,135.5,100,,,,,,,,,,,,,,,,,,,136.0,100,,,,,,,,,,,,,,,,,,
2026-07-04T19:00:30.680259+00:00,2026-07-04T19:00:30.680205,2,1,135.8,0.4,135.6,150,135.5,100,,,,,,,,,,,,,,,,,136.0,100,,,,,,,,,,,,,,,,,,
2026-07-04T19:00:30.732913+00:00,2026-07-04T19:00:30.732795,2,2,135.8,0.4,135.6,150,135.5,100,,,,,,,,,,,,,,,,,136.0,100,136.1,150,,,,,,,,,,,,,,,,
2026-07-04T19:00:30.795422+00:00,2026-07-04T19:00:30.795310,2,2,135.8,0.4,135.6,150,135.5,100,,,,,,,,,,,,,,,,,136.0,50,136.1,150,,,,,,,,,,,,,,,,
2026-07-04T19:00:31.831833+00:00,2026-07-04T19:00:31.831744,1,1,135.85,0.5,135.6,150,,,,,,,,,,,,,,,,,,,136.1,150,,,,,,,,,,,,,,,,,,
2026-07-04T19:00:31.884877+00:00,2026-07-04T19:00:31.884813,2,1,135.95,0.3,135.8,100,135.6,150,,,,,,,,,,,,,,,,,136.1,150,,,,,,,,,,,,,,,,,,
2026-07-04T19:00:31.939030+00:00,2026-07-04T19:00:31.938872,2,2,135.95,0.3,135.8,100,135.6,150,,,,,,,,,,,,,,,,,136.1,150,136.3,100,,,,,,,,,,,,,,,,
2026-07-04T19:00:32.648086+00:00,2026-07-04T19:00:32.642739,2,2,135.95,0.3,135.8,88,135.6,150,,,,,,,,,,,,,,,,,136.1,150,136.3,100,,,,,,,,,,,,,,,,
2026-07-04T19:00:32.900993+00:00,2026-07-04T19:00:32.900878,2,2,135.95,0.3,135.8,88,135.6,150,,,,,,,,,,,,,,,,,136.1,100,136.3,100,,,,,,,,,,,,,,,,
2026-07-04T19:00:33.788428+00:00,2026-07-04T19:00:33.788368,1,1,136.05,0.5,135.8,88,,,,,,,,,,,,,,,,,,,136.3,100,,,,,,,,,,,,,,,,,,
2026-07-04T19:00:33.844244+00:00,2026-07-04T19:00:33.844041,1,1,136.05,0.5,135.8,238,,,,,,,,,,,,,,,,,,,136.3,100,,,,,,,,,,,,,,,,,,
2026-07-04T19:00:33.897365+00:00,2026-07-04T19:00:33.897287,1,1,136.05,0.5,135.8,238,,,,,,,,,,,,,,,,,,,136.3,250,,,,,,,,,,,,,,,,,,
2026-07-04T19:00:33.959999+00:00,2026-07-04T19:00:33.954781,1,1,136.05,0.5,135.8,215,,,,,,,,,,,,,,,,,,,136.3,250,,,,,,,,,,,,,,,,,,
2026-07-04T19:00:34.994086+00:00,2026-07-04T19:00:34.994003,1,1,136.05,0.5,135.8,215,,,,,,,,,,,,,,,,,,,136.3,150,,,,,,,,,,,,,,,,,,
2026-07-04T19:00:34.999274+00:00,2026-07-04T19:00:34.999185,1,1,136.05,0.5,135.8,150,,,,,,,,,,,,,,,,,,,136.3,150,,,,,,,,,,,,,,,,,,
2026-07-04T19:00:35.009713+00:00,2026-07-04T19:00:35.009597,1,1,136.05,0.5,135.8,150,,,,,,,,,,,,,,,,,,,136.3,100,,,,,,,,,,,,,,,,,,
2026-07-04T19:00:35.049376+00:00,2026-07-04T19:00:35.049340,2,1,136.05,0.5,135.8,150,135.3,100,,,,,,,,,,,,,,,,,136.3,100,,,,,,,,,,,,,,,,,,
2026-07-04T19:00:35.108660+00:00,2026-07-04T19:00:35.108540,2,1,136.05,0.5,135.8,50,135.3,100,,,,,,,,,,,,,,,,,136.3,100,,,,,,,,,,,,,,,,,,
2026-07-04T19:00:36.949107+00:00,2026-07-04T19:00:36.949231,1,0,,,135.3,100,,,,,,,,,,,,,,,,,,,,,,,,,,,,,,,,,,,,,,
2026-07-04T19:00:37.004399+00:00,2026-07-04T19:00:37.004283,2,0,,,135.7,150,135.3,100,,,,,,,,,,,,,,,,,,,,,,,,,,,,,,,,,,,,
2026-07-04T19:00:37.053763+00:00,2026-07-04T19:00:37.053657,2,1,135.95,0.5,135.7,150,135.3,100,,,,,,,,,,,,,,,,,136.2,150,,,,,,,,,,,,,,,,,,
2026-07-04T19:00:37.115891+00:00,2026-07-04T19:00:37.115833,2,1,135.95,0.5,135.7,150,135.3,100,,,,,,,,,,,,,,,,,136.2,100,,,,,,,,,,,,,,,,,,
2026-07-04T19:00:38.163661+00:00,2026-07-04T19:00:38.163812,1,1,135.95,0.5,135.7,150,,,,,,,,,,,,,,,,,,,136.2,100,,,,,,,,,,,,,,,,,,
2026-07-04T19:00:38.212294+00:00,2026-07-04T19:00:38.212177,2,1,136.1,0.2,136.0,100,135.7,150,,,,,,,,,,,,,,,,,136.2,100,,,,,,,,,,,,,,,,,,
2026-07-04T19:00:38.265512+00:00,2026-07-04T19:00:38.265452,2,2,136.1,0.2,136.0,100,135.7,150,,,,,,,,,,,,,,,,,136.2,100,136.5,100,,,,,,,,,,,,,,,,
2026-07-04T19:00:39.232863+00:00,2026-07-04T19:00:39.232753,2,2,136.1,0.2,136.0,100,135.7,150,,,,,,,,,,,,,,,,,136.2,50,136.5,100,,,,,,,,,,,,,,,,
2026-07-04T19:00:40.111718+00:00,2026-07-04T19:00:40.111847,1,1,136.25,0.5,136.0,100,,,,,,,,,,,,,,,,,,,136.5,100,,,,,,,,,,,,,,,,,,
2026-07-04T19:00:40.165244+00:00,2026-07-04T19:00:40.165111,2,1,136.4,0.2,136.3,150,136.0,100,,,,,,,,,,,,,,,,,136.5,100,,,,,,,,,,,,,,,,,,
2026-07-04T19:00:40.216570+00:00,2026-07-04T19:00:40.216732,2,2,136.4,0.2,136.3,150,136.0,100,,,,,,,,,,,,,,,,,136.5,100,136.8,150,,,,,,,,,,,,,,,,
2026-07-04T19:00:41.322090+00:00,2026-07-04T19:00:41.322000,2,1,136.55,0.5,136.3,150,136.0,100,,,,,,,,,,,,,,,,,136.8,150,,,,,,,,,,,,,,,,,,
2026-07-04T19:00:41.327348+00:00,2026-07-04T19:00:41.327190,1,1,136.55,0.5,136.3,150,,,,,,,,,,,,,,,,,,,136.8,150,,,,,,,,,,,,,,,,,,
2026-07-04T19:00:41.332627+00:00,2026-07-04T19:00:41.332489,1,1,136.55,0.5,136.3,150,,,,,,,,,,,,,,,,,,,136.8,100,,,,,,,,,,,,,,,,,,
2026-07-04T19:00:41.376090+00:00,2026-07-04T19:00:41.375985,2,1,136.55,0.5,136.3,150,136.2,100,,,,,,,,,,,,,,,,,136.8,100,,,,,,,,,,,,,,,,,,
2026-07-04T19:00:41.429686+00:00,2026-07-04T19:00:41.429644,2,2,136.5,0.4,136.3,150,136.2,100,,,,,,,,,,,,,,,,,136.7,100,136.8,100,,,,,,,,,,,,,,,,
2026-07-04T19:00:42.379102+00:00,2026-07-04T19:00:42.379011,2,2,136.5,0.4,136.3,105,136.2,100,,,,,,,,,,,,,,,,,136.7,100,136.8,100,,,,,,,,,,,,,,,,
2026-07-04T19:00:42.767916+00:00,2026-07-04T19:00:42.762672,2,2,136.5,0.4,136.3,94,136.2,100,,,,,,,,,,,,,,,,,136.7,100,136.8,100,,,,,,,,,,,,,,,,
2026-07-04T19:00:43.150640+00:00,2026-07-04T19:00:43.144019,2,2,136.5,0.4,136.3,91,136.2,100,,,,,,,,,,,,,,,,,136.7,100,136.8,100,,,,,,,,,,,,,,,,
2026-07-04T19:00:43.270911+00:00,2026-07-04T19:00:43.270853,1,1,136.45,0.5,136.2,100,,,,,,,,,,,,,,,,,,,136.7,100,,,,,,,,,,,,,,,,,,
2026-07-04T19:00:43.326350+00:00,2026-07-04T19:00:43.326252,2,1,136.45,0.5,136.2,100,135.9,150,,,,,,,,,,,,,,,,,136.7,100,,,,,,,,,,,,,,,,,,
2026-07-04T19:00:43.379579+00:00,2026-07-04T19:00:43.379524,2,2,136.3,0.2,136.2,100,135.9,150,,,,,,,,,,,,,,,,,136.4,150,136.7,100,,,,,,,,,,,,,,,,
2026-07-04T19:00:43.440550+00:00,2026-07-04T19:00:43.440414,2,2,136.3,0.2,136.2,100,135.9,150,,,,,,,,,,,,,,,,,136.4,100,136.7,100,,,,,,,,,,,,,,,,
2026-07-04T19:00:43.567029+00:00,2026-07-04T19:00:43.566979,2,2,136.3,0.2,136.2,55,135.9,150,,,,,,,,,,,,,,,,,136.4,100,136.7,100,,,,,,,,,,,,,,,,
2026-07-04T19:00:44.483943+00:00,2026-07-04T19:00:44.483867,2,1,136.3,0.2,136.2,55,135.9,150,,,,,,,,,,,,,,,,,136.4,100,,,,,,,,,,,,,,,,,,
2026-07-04T19:00:44.489202+00:00,2026-07-04T19:00:44.489045,1,1,136.15,0.5,135.9,150,,,,,,,,,,,,,,,,,,,136.4,100,,,,,,,,,,,,,,,,,,
2026-07-04T19:00:44.541219+00:00,2026-07-04T19:00:44.541345,2,1,136.15,0.5,135.9,150,135.8,100,,,,,,,,,,,,,,,,,136.4,100,,,,,,,,,,,,,,,,,,
2026-07-04T19:00:44.591044+00:00,2026-07-04T19:00:44.591166,2,2,136.1,0.4,135.9,150,135.8,100,,,,,,,,,,,,,,,,,136.3,100,136.4,100,,,,,,,,,,,,,,,,
2026-07-04T19:00:45.600058+00:00,2026-07-04T19:00:45.599914,2,2,136.1,0.4,135.9,100,135.8,100,,,,,,,,,,,,,,,,,136.3,100,136.4,100,,,,,,,,,,,,,,,,
2026-07-04T19:00:46.433906+00:00,2026-07-04T19:00:46.433796,1,1,136.05,0.5,135.8,100,,,,,,,,,,,,,,,,,,,136.3,100,,,,,,,,,,,,,,,,,,
2026-07-04T19:00:46.487781+00:00,2026-07-04T19:00:46.487743,2,1,136.1,0.4,135.9,150,135.8,100,,,,,,,,,,,,,,,,,136.3,100,,,,,,,,,,,,,,,,,,
2026-07-04T19:00:46.538686+00:00,2026-07-04T19:00:46.538873,2,2,136.1,0.4,135.9,150,135.8,100,,,,,,,,,,,,,,,,,136.3,100,136.4,150,,,,,,,,,,,,,,,,
2026-07-04T19:00:47.158583+00:00,2026-07-04T19:00:47.154352,2,2,136.1,0.4,135.9,150,135.8,100,,,,,,,,,,,,,,,,,136.3,58,136.4,150,,,,,,,,,,,,,,,,
2026-07-04T19:00:47.648665+00:00,2026-07-04T19:00:47.648618,1,1,136.15,0.5,135.9,150,,,,,,,,,,,,,,,,,,,136.4,150,,,,,,,,,,,,,,,,,,
2026-07-04T19:00:47.701732+00:00,2026-07-04T19:00:47.701648,1,1,136.15,0.5,135.9,250,,,,,,,,,,,,,,,,,,,136.4,150,,,,,,,,,,,,,,,,,,
2026-07-04T19:00:47.706907+00:00,2026-07-04T19:00:47.706873,1,1,136.15,0.5,135.9,200,,,,,,,,,,,,,,,,,,,136.4,150,,,,,,,,,,,,,,,,,,
2026-07-04T19:00:47.758858+00:00,2026-07-04T19:00:47.758691,1,1,136.15,0.5,135.9,200,,,,,,,,,,,,,,,,,,,136.4,250,,,,,,,,,,,,,,,,,,
2026-07-04T19:00:49.593941+00:00,2026-07-04T19:00:49.593872,1,1,136.15,0.5,135.9,100,,,,,,,,,,,,,,,,,,,136.4,100,,,,,,,,,,,,,,,,,,
2026-07-04T19:00:49.648965+00:00,2026-07-04T19:00:49.648849,2,1,136.15,0.5,135.9,100,135.7,150,,,,,,,,,,,,,,,,,136.4,100,,,,,,,,,,,,,,,,,,
2026-07-04T19:00:49.699339+00:00,2026-07-04T19:00:49.699233,2,2,136.05,0.3,135.9,100,135.7,150,,,,,,,,,,,,,,,,,136.2,150,136.4,100,,,,,,,,,,,,,,,,
2026-07-04T19:00:50.805910+00:00,2026-07-04T19:00:50.805758,2,1,136.05,0.3,135.9,100,135.7,150,,,,,,,,,,,,,,,,,136.2,150,,,,,,,,,,,,,,,,,,
2026-07-04T19:00:50.811118+00:00,2026-07-04T19:00:50.810961,1,1,135.95,0.5,135.7,150,,,,,,,,,,,,,,,,,,,136.2,150,,,,,,,,,,,,,,,,,,
2026-07-04T19:00:50.865331+00:00,2026-07-04T19:00:50.865110,2,1,136.1,0.2,136.0,100,135.7,150,,,,,,,,,,,,,,,,,136.2,150,,,,,,,,,,,,,,,,,,
2026-07-04T19:00:50.919196+00:00,2026-07-04T19:00:50.919107,2,2,136.1,0.2,136.0,100,135.7,150,,,,,,,,,,,,,,,,,136.2,150,136.5,100,,,,,,,,,,,,,,,,
2026-07-04T19:00:51.866503+00:00,2026-07-04T19:00:51.866369,2,2,136.1,0.2,136.0,100,135.7,150,,,,,,,,,,,,,,,,,136.2,100,136.5,100,,,,,,,,,,,,,,,,
2026-07-04T19:00:52.763953+00:00,2026-07-04T19:00:52.763905,1,1,136.25,0.5,136.0,100,,,,,,,,,,,,,,,,,,,136.5,100,,,,,,,,,,,,,,,,,,
2026-07-04T19:00:52.811967+00:00,2026-07-04T19:00:52.811753,2,1,136.3,0.4,136.1,150,136.0,100,,,,,,,,,,,,,,,,,136.5,100,,,,,,,,,,,,,,,,,,
2026-07-04T19:00:52.859901+00:00,2026-07-04T19:00:52.859778,2,2,136.3,0.4,136.1,150,136.0,100,,,,,,,,,,,,,,,,,136.5,100,136.6,150,,,,,,,,,,,,,,,,
2026-07-04T19:00:53.969308+00:00,2026-07-04T19:00:53.969473,2,2,136.3,0.4,136.1,150,136.0,100,,,,,,,,,,,,,,,,,136.5,50,136.6,150,,,,,,,,,,,,,,,,
2026-07-04T19:00:53.974813+00:00,2026-07-04T19:00:53.974691,1,1,136.35,0.5,136.1,150,,,,,,,,,,,,,,,,,,,136.6,150,,,,,,,,,,,,,,,,,,
2026-07-04T19:00:54.024475+00:00,2026-07-04T19:00:54.024399,2,1,136.35,0.5,136.1,150,135.8,100,,,,,,,,,,,,,,,,,136.6,150,,,,,,,,,,,,,,,,,,
2026-07-04T19:00:54.077089+00:00,2026-07-04T19:00:54.077032,2,2,136.2,0.2,136.1,150,135.8,100,,,,,,,,,,,,,,,,,136.3,100,136.6,150,,,,,,,,,,,,,,,,
2026-07-04T19:00:55.918336+00:00,2026-07-04T19:00:55.918261,1,1,136.05,0.5,135.8,100,,,,,,,,,,,,,,,,,,,136.3,100,,,,,,,,,,,,,,,,,,
2026-07-04T19:00:55.973245+00:00,2026-07-04T19:00:55.973156,2,1,136.2,0.2,136.1,150,135.8,100,,,,,,,,,,,,,,,,,136.3,100,,,,,,,,,,,,,,,,,,
2026-07-04T19:00:56.023644+00:00,2026-07-04T19:00:56.023519,2,2,136.2,0.2,136.1,150,135.8,100,,,,,,,,,,,,,,,,,136.3,100,136.6,150,,,,,,,,,,,,,,,,
2026-07-04T19:00:56.078073+00:00,2026-07-04T19:00:56.078017,2,2,136.2,0.2,136.1,150,135.8,100,,,,,,,,,,,,,,,,,136.3,50,136.6,150,,,,,,,,,,,,,,,,
2026-07-04T19:00:56.244942+00:00,2026-07-04T19:00:56.244815,2,2,136.2,0.2,136.1,150,135.8,100,,,,,,,,,,,,,,,,,136.3,2,136.6,150,,,,,,,,,,,,,,,,
2026-07-04T19:00:57.131029+00:00,2026-07-04T19:00:57.131003,2,1,136.35,0.5,136.1,150,135.8,100,,,,,,,,,,,,,,,,,136.6,150,,,,,,,,,,,,,,,,,,
2026-07-04T19:00:57.136271+00:00,2026-07-04T19:00:57.136222,1,1,136.35,0.5,136.1,150,,,,,,,,,,,,,,,,,,,136.6,150,,,,,,,,,,,,,,,,,,
2026-07-04T19:00:57.189660+00:00,2026-07-04T19:00:57.189568,2,1,136.45,0.3,136.3,100,136.1,150,,,,,,,,,,,,,,,,,136.6,150,,,,,,,,,,,,,,,,,,
2026-07-04T19:00:57.238220+00:00,2026-07-04T19:00:57.238149,2,2,136.45,0.3,136.3,100,136.1,150,,,,,,,,,,,,,,,,,136.6,150,136.8,100,,,,,,,,,,,,,,,,
2026-07-04T19:00:58.181099+00:00,2026-07-04T19:00:58.180868,2,2,136.45,0.3,136.3,100,136.1,150,,,,,,,,,,,,,,,,,136.6,100,136.8,100,,,,,,,,,,,,,,,,
2026-07-04T19:00:58.243876+00:00,2026-07-04T19:00:58.243747,2,2,136.45,0.3,136.3,59,136.1,150,,,,,,,,,,,,,,,,,136.6,100,136.8,100,,,,,,,,,,,,,,,,
2026-07-04T19:00:58.768709+00:00,2026-07-04T19:00:58.768594,2,2,136.45,0.3,136.3,16,136.1,150,,,,,,,,,,,,,,,,,136.6,100,136.8,100,,,,,,,,,,,,,,,,
2026-07-04T19:00:59.080785+00:00,2026-07-04T19:00:59.080719,1,1,136.55,0.5,136.3,16,,,,,,,,,,,,,,,,,,,136.8,100,,,,,,,,,,,,,,,,,,
2026-07-04T19:00:59.134516+00:00,2026-07-04T19:00:59.134441,1,1,136.55,0.5,136.3,166,,,,,,,,,,,,,,,,,,,136.8,100,,,,,,,,,,,,,,,,,,
2026-07-04T19:00:59.184194+00:00,2026-07-04T19:00:59.184042,1,1,136.55,0.5,136.3,166,,,,,,,,,,,,,,,,,,,136.8,250,,,,,,,,,,,,,,,,,,
2026-07-04T19:01:00.295404+00:00,2026-07-04T19:01:00.295362,1,1,136.55,0.5,136.3,150,,,,,,,,,,,,,,,,,,,136.8,150,,,,,,,,,,,,,,,,,,
2026-07-04T19:01:00.339885+00:00,2026-07-04T19:01:00.339791,1,1,136.55,0.5,136.3,100,,,,,,,,,,,,,,,,,,,136.8,150,,,,,,,,,,,,,,,,,,
2026-07-04T19:01:00.350287+00:00,2026-07-04T19:01:00.350184,2,1,136.55,0.5,136.3,100,136.1,100,,,,,,,,,,,,,,,,,136.8,150,,,,,,,,,,,,,,,,,,
2026-07-04T19:01:00.402303+00:00,2026-07-04T19:01:00.402143,2,2,136.45,0.3,136.3,100,136.1,100,,,,,,,,,,,,,,,,,136.6,100,136.8,150,,,,,,,,,,,,,,,,
2026-07-04T19:01:00.836311+00:00,2026-07-04T19:01:00.836172,2,2,136.45,0.3,136.3,100,136.1,100,,,,,,,,,,,,,,,,,136.6,53,136.8,150,,,,,,,,,,,,,,,,
2026-07-04T19:01:02.243022+00:00,2026-07-04T19:01:02.243162,1,1,136.35,0.5,136.1,100,,,,,,,,,,,,,,,,,,,136.6,53,,,,,,,,,,,,,,,,,,
2026-07-04T19:01:02.298194+00:00,2026-07-04T19:01:02.298141,1,1,136.35,0.5,136.1,250,,,,,,,,,,,,,,,,,,,136.6,53,,,,,,,,,,,,,,,,,,
2026-07-04T19:01:02.351070+00:00,2026-07-04T19:01:02.350989,1,1,136.35,0.5,136.1,250,,,,,,,,,,,,,,,,,,,136.6,203,,,,,,,,,,,,,,,,,,
2026-07-04T19:01:02.446106+00:00,2026-07-04T19:01:02.445993,1,1,136.35,0.5,136.1,200,,,,,,,,,,,,,,,,,,,136.6,203,,,,,,,,,,,,,,,,,,
2026-07-04T19:01:03.393752+00:00,2026-07-04T19:01:03.393371,1,1,136.35,0.5,136.1,155,,,,,,,,,,,,,,,,,,,136.6,203,,,,,,,,,,,,,,,,,,
2026-07-04T19:01:03.458632+00:00,2026-07-04T19:01:03.452046,1,1,136.35,0.5,136.1,150,,,,,,,,,,,,,,,,,,,136.6,150,,,,,,,,,,,,,,,,,,
2026-07-04T19:01:03.511461+00:00,2026-07-04T19:01:03.511372,2,1,136.35,0.5,136.1,150,136.0,100,,,,,,,,,,,,,,,,,136.6,150,,,,,,,,,,,,,,,,,,
2026-07-04T19:01:03.569384+00:00,2026-07-04T19:01:03.569284,2,2,136.3,0.4,136.1,150,136.0,100,,,,,,,,,,,,,,,,,136.5,100,136.6,150,,,,,,,,,,,,,,,,
2026-07-04T19:01:04.005641+00:00,2026-07-04T19:01:04.005582,2,2,136.3,0.4,136.1,103,136.0,100,,,,,,,,,,,,,,,,,136.5,100,136.6,150,,,,,,,,,,,,,,,,
2026-07-04T19:01:04.550527+00:00,2026-07-04T19:01:04.550676,2,2,136.3,0.4,136.1,53,136.0,100,,,,,,,,,,,,,,,,,136.5,100,136.6,150,,,,,,,,,,,,,,,,
2026-07-04T19:01:05.118125+00:00,2026-07-04T19:01:05.118092,2,2,136.3,0.4,136.1,53,136.0,100,,,,,,,,,,,,,,,,,136.5,57,136.6,150,,,,,,,,,,,,,,,,
2026-07-04T19:01:05.405945+00:00,2026-07-04T19:01:05.405813,1,1,136.25,0.5,136.0,100,,,,,,,,,,,,,,,,,,,136.5,57,,,,,,,,,,,,,,,,,,
2026-07-04T19:01:05.458652+00:00,2026-07-04T19:01:05.455247,2,1,136.25,0.5,136.0,100,135.5,150,,,,,,,,,,,,,,,,,136.5,57,,,,,,,,,,,,,,,,,,
2026-07-04T19:01:05.513324+00:00,2026-07-04T19:01:05.513116,1,2,135.75,0.5,135.5,150,,,,,,,,,,,,,,,,,,,136.0,50,136.5,57,,,,,,,,,,,,,,,,
2026-07-04T19:01:06.619127+00:00,2026-07-04T19:01:06.619034,1,1,135.75,0.5,135.5,150,,,,,,,,,,,,,,,,,,,136.0,50,,,,,,,,,,,,,,,,,,
2026-07-04T19:01:06.654193+00:00,2026-07-04T19:01:06.654362,1,1,135.75,0.5,135.5,100,,,,,,,,,,,,,,,,,,,136.0,50,,,,,,,,,,,,,,,,,,
2026-07-04T19:01:06.674712+00:00,2026-07-04T19:01:06.674585,2,1,135.8,0.4,135.6,100,135.5,100,,,,,,,,,,,,,,,,,136.0,50,,,,,,,,,,,,,,,,,,
2026-07-04T19:01:06.724881+00:00,2026-07-04T19:01:06.724734,2,2,135.8,0.4,135.6,100,135.5,100,,,,,,,,,,,,,,,,,136.0,50,136.1,100,,,,,,,,,,,,,,,,
2026-07-04T19:01:07.765868+00:00,2026-07-04T19:01:07.766046,2,2,135.8,0.4,135.6,100,135.5,100,,,,,,,,,,,,,,,,,136.0,2,136.1,100,,,,,,,,,,,,,,,,
2026-07-04T19:01:08.350935+00:00,2026-07-04T19:01:08.350862,2,1,135.85,0.5,135.6,100,135.5,100,,,,,,,,,,,,,,,,,136.1,56,,,,,,,,,,,,,,,,,,
2026-07-04T19:01:08.569402+00:00,2026-07-04T19:01:08.569339,1,1,135.85,0.5,135.6,100,,,,,,,,,,,,,,,,,,,136.1,56,,,,,,,,,,,,,,,,,,
2026-07-04T19:01:08.621580+00:00,2026-07-04T19:01:08.621532,2,1,136.0,0.2,135.9,150,135.6,100,,,,,,,,,,,,,,,,,136.1,56,,,,,,,,,,,,,,,,,,
2026-07-04T19:01:08.673788+00:00,2026-07-04T19:01:08.673713,2,2,136.0,0.2,135.9,150,135.6,100,,,,,,,,,,,,,,,,,136.1,56,136.4,150,,,,,,,,,,,,,,,,
2026-07-04T19:01:08.766147+00:00,2026-07-04T19:01:08.766014,2,2,136.0,0.2,135.9,100,135.6,100,,,,,,,,,,,,,,,,,136.1,56,136.4,150,,,,,,,,,,,,,,,,
2026-07-04T19:01:09.779129+00:00,2026-07-04T19:01:09.779046,2,1,136.15,0.5,135.9,100,135.6,100,,,,,,,,,,,,,,,,,136.4,150,,,,,,,,,,,,,,,,,,
2026-07-04T19:01:09.804343+00:00,2026-07-04T19:01:09.804311,1,1,136.15,0.5,135.9,100,,,,,,,,,,,,,,,,,,,136.4,150,,,,,,,,,,,,,,,,,,
2026-07-04T19:01:09.858621+00:00,2026-07-04T19:01:09.851702,2,1,136.15,0.5,135.9,100,135.7,100,,,,,,,,,,,,,,,,,136.4,150,,,,,,,,,,,,,,,,,,
2026-07-04T19:01:09.910290+00:00,2026-07-04T19:01:09.910196,2,2,136.05,0.3,135.9,100,135.7,100,,,,,,,,,,,,,,,,,136.2,100,136.4,150,,,,,,,,,,,,,,,,
2026-07-04T19:01:10.801776+00:00,2026-07-04T19:01:10.801654,2,2,136.05,0.3,135.9,56,135.7,100,,,,,,,,,,,,,,,,,136.2,100,136.4,150,,,,,,,,,,,,,,,,
2026-07-04T19:01:10.819380+00:00,2026-07-04T19:01:10.819328,2,2,136.05,0.3,135.9,56,135.7,100,,,,,,,,,,,,,,,,,136.2,50,136.4,150,,,,,,,,,,,,,,,,
2026-07-04T19:01:11.764628+00:00,2026-07-04T19:01:11.764210,1,1,135.95,0.5,135.7,100,,,,,,,,,,,,,,,,,,,136.2,50,,,,,,,,,,,,,,,,,,
2026-07-04T19:01:11.870176+00:00,2026-07-04T19:01:11.869951,2,2,135.75,0.1,135.7,100,135.3,150,,,,,,,,,,,,,,,,,135.8,150,136.2,50,,,,,,,,,,,,,,,,
2026-07-04T19:01:12.964954+00:00,2026-07-04T19:01:12.964830,1,1,135.55,0.5,135.3,150,,,,,,,,,,,,,,,,,,,135.8,150,,,,,,,,,,,,,,,,,,
2026-07-04T19:01:13.022815+00:00,2026-07-04T19:01:13.022755,2,1,135.75,0.1,135.7,100,135.3,150,,,,,,,,,,,,,,,,,135.8,150,,,,,,,,,,,,,,,,,,
2026-07-04T19:01:13.077636+00:00,2026-07-04T19:01:13.077530,2,2,135.75,0.1,135.7,100,135.3,150,,,,,,,,,,,,,,,,,135.8,150,136.2,100,,,,,,,,,,,,,,,,
2026-07-04T19:01:14.472968+00:00,2026-07-04T19:01:14.472905,2,2,135.75,0.1,135.7,100,135.3,150,,,,,,,,,,,,,,,,,135.8,103,136.2,100,,,,,,,,,,,,,,,,
2026-07-04T19:01:14.534560+00:00,2026-07-04T19:01:14.534490,2,2,135.75,0.1,135.7,52,135.3,150,,,,,,,,,,,,,,,,,135.8,103,136.2,100,,,,,,,,,,,,,,,,
2026-07-04T19:01:14.895360+00:00,2026-07-04T19:01:14.895280,1,1,135.95,0.5,135.7,52,,,,,,,,,,,,,,,,,,,136.2,100,,,,,,,,,,,,,,,,,,
2026-07-04T19:01:14.943673+00:00,2026-07-04T19:01:14.943515,2,1,135.95,0.5,135.7,52,135.3,150,,,,,,,,,,,,,,,,,136.2,100,,,,,,,,,,,,,,,,,,
2026-07-04T19:01:14.996045+00:00,2026-07-04T19:01:14.995893,2,2,135.75,0.1,135.7,52,135.3,150,,,,,,,,,,,,,,,,,135.8,150,136.2,100,,,,,,,,,,,,,,,,
2026-07-04T19:01:15.886012+00:00,2026-07-04T19:01:15.885942,2,2,135.75,0.1,135.7,52,135.3,150,,,,,,,,,,,,,,,,,135.8,104,136.2,100,,,,,,,,,,,,,,,,
2026-07-04T19:01:16.131374+00:00,2026-07-04T19:01:16.131278,1,1,135.55,0.5,135.3,150,,,,,,,,,,,,,,,,,,,135.8,104,,,,,,,,,,,,,,,,,,
2026-07-04T19:01:16.184979+00:00,2026-07-04T19:01:16.184865,2,1,135.6,0.4,135.4,100,135.3,150,,,,,,,,,,,,,,,,,135.8,104,,,,,,,,,,,,,,,,,,
2026-07-04T19:01:16.233274+00:00,2026-07-04T19:01:16.233191,2,2,135.6,0.4,135.4,100,135.3,150,,,,,,,,,,,,,,,,,135.8,104,135.9,100,,,,,,,,,,,,,,,,
2026-07-04T19:01:17.159321+00:00,2026-07-04T19:01:17.159185,2,2,135.6,0.4,135.4,100,135.3,150,,,,,,,,,,,,,,,,,135.8,54,135.9,100,,,,,,,,,,,,,,,,
2026-07-04T19:01:17.900585+00:00,2026-07-04T19:01:17.900530,2,2,135.6,0.4,135.4,51,135.3,150,,,,,,,,,,,,,,,,,135.8,54,135.9,100,,,,,,,,,,,,,,,,
2026-07-04T19:01:18.058683+00:00,2026-07-04T19:01:18.053134,1,1,135.65,0.5,135.4,51,,,,,,,,,,,,,,,,,,,135.9,100,,,,,,,,,,,,,,,,,,
2026-07-04T19:01:18.106754+00:00,2026-07-04T19:01:18.106625,2,1,135.7,0.4,135.5,150,135.4,51,,,,,,,,,,,,,,,,,135.9,100,,,,,,,,,,,,,,,,,,
2026-07-04T19:01:18.158588+00:00,2026-07-04T19:01:18.158350,2,2,135.7,0.4,135.5,150,135.4,51,,,,,,,,,,,,,,,,,135.9,100,136.0,150,,,,,,,,,,,,,,,,
2026-07-04T19:01:19.291201+00:00,2026-07-04T19:01:19.291075,1,1,135.75,0.5,135.5,150,,,,,,,,,,,,,,,,,,,136.0,150,,,,,,,,,,,,,,,,,,
2026-07-04T19:01:19.332868+00:00,2026-07-04T19:01:19.332675,1,1,135.75,0.5,135.5,100,,,,,,,,,,,,,,,,,,,136.0,150,,,,,,,,,,,,,,,,,,
2026-07-04T19:01:19.343388+00:00,2026-07-04T19:01:19.343302,2,1,135.75,0.5,135.5,100,135.1,100,,,,,,,,,,,,,,,,,136.0,150,,,,,,,,,,,,,,,,,,
2026-07-04T19:01:19.393463+00:00,2026-07-04T19:01:19.389870,2,2,135.55,0.1,135.5,100,135.1,100,,,,,,,,,,,,,,,,,135.6,100,136.0,150,,,,,,,,,,,,,,,,
2026-07-04T19:01:21.212303+00:00,2026-07-04T19:01:21.212259,1,1,135.35,0.5,135.1,100,,,,,,,,,,,,,,,,,,,135.6,100,,,,,,,,,,,,,,,,,,
2026-07-04T19:01:21.270521+00:00,2026-07-04T19:01:21.270436,2,1,135.55,0.1,135.5,150,135.1,100,,,,,,,,,,,,,,,,,135.6,100,,,,,,,,,,,,,,,,,,
2026-07-04T19:01:21.323896+00:00,2026-07-04T19:01:21.324047,2,2,135.55,0.1,135.5,150,135.1,100,,,,,,,,,,,,,,,,,135.6,100,136.0,150,,,,,,,,,,,,,,,,
2026-07-04T19:01:21.388243+00:00,2026-07-04T19:01:21.388128,2,2,135.55,0.1,135.5,150,135.1,100,,,,,,,,,,,,,,,,,135.6,50,136.0,150,,,,,,,,,,,,,,,,
2026-07-04T19:01:21.593476+00:00,2026-07-04T19:01:21.593641,2,2,135.55,0.1,135.5,108,135.1,100,,,,,,,,,,,,,,,,,135.6,50,136.0,150,,,,,,,,,,,,,,,,
2026-07-04T19:01:22.151604+00:00,2026-07-04T19:01:22.151498,2,2,135.55,0.1,135.5,66,135.1,100,,,,,,,,,,,,,,,,,135.6,50,136.0,150,,,,,,,,,,,,,,,,
2026-07-04T19:01:22.458577+00:00,2026-07-04T19:01:22.451990,1,1,135.75,0.5,135.5,66,,,,,,,,,,,,,,,,,,,136.0,150,,,,,,,,,,,,,,,,,,
2026-07-04T19:01:22.505132+00:00,2026-07-04T19:01:22.505050,2,1,135.75,0.5,135.5,66,135.4,100,,,,,,,,,,,,,,,,,136.0,150,,,,,,,,,,,,,,,,,,
2026-07-04T19:01:22.558568+00:00,2026-07-04T19:01:22.557801,2,2,135.7,0.4,135.5,66,135.4,100,,,,,,,,,,,,,,,,,135.9,100,136.0,150,,,,,,,,,,,,,,,,
2026-07-04T19:01:22.674817+00:00,2026-07-04T19:01:22.674720,2,2,135.7,0.4,135.5,66,135.4,100,,,,,,,,,,,,,,,,,135.9,58,136.0,150,,,,,,,,,,,,,,,,
2026-07-04T19:01:24.379005+00:00,2026-07-04T19:01:24.378903,2,1,135.7,0.4,135.5,66,135.4,100,,,,,,,,,,,,,,,,,135.9,58,,,,,,,,,,,,,,,,,,
2026-07-04T19:01:24.384178+00:00,2026-07-04T19:01:24.384094,1,1,135.65,0.5,135.4,100,,,,,,,,,,,,,,,,,,,135.9,58,,,,,,,,,,,,,,,,,,
2026-07-04T19:01:24.436145+00:00,2026-07-04T19:01:24.436264,2,1,135.65,0.5,135.4,100,135.1,150,,,,,,,,,,,,,,,,,135.9,58,,,,,,,,,,,,,,,,,,
2026-07-04T19:01:24.496722+00:00,2026-07-04T19:01:24.496644,2,2,135.5,0.2,135.4,100,135.1,150,,,,,,,,,,,,,,,,,135.6,150,135.9,58,,,,,,,,,,,,,,,,
2026-07-04T19:01:25.576684+00:00,2026-07-04T19:01:25.576632,2,2,135.5,0.2,135.4,100,135.1,150,,,,,,,,,,,,,,,,,135.6,104,135.9,58,,,,,,,,,,,,,,,,
2026-07-04T19:01:25.614933+00:00,2026-07-04T19:01:25.614885,1,1,135.35,0.5,135.1,150,,,,,,,,,,,,,,,,,,,135.6,104,,,,,,,,,,,,,,,,,,
2026-07-04T19:01:25.620184+00:00,2026-07-04T19:01:25.620083,1,1,135.35,0.5,135.1,150,,,,,,,,,,,,,,,,,,,135.6,54,,,,,,,,,,,,,,,,,,
2026-07-04T19:01:25.669389+00:00,2026-07-04T19:01:25.669319,2,1,135.5,0.2,135.4,100,135.1,150,,,,,,,,,,,,,,,,,135.6,54,,,,,,,,,,,,,,,,,,
2026-07-04T19:01:25.719910+00:00,2026-07-04T19:01:25.719842,2,2,135.5,0.2,135.4,100,135.1,150,,,,,,,,,,,,,,,,,135.6,54,135.9,100,,,,,,,,,,,,,,,,
2026-07-04T19:01:27.564238+00:00,2026-07-04T19:01:27.564008,1,1,135.65,0.5,135.4,100,,,,,,,,,,,,,,,,,,,135.9,100,,,,,,,,,,,,,,,,,,
2026-07-04T19:01:27.610732+00:00,2026-07-04T19:01:27.610850,1,1,135.65,0.5,135.4,250,,,,,,,,,,,,,,,,,,,135.9,100,,,,,,,,,,,,,,,,,,
2026-07-04T19:01:27.663925+00:00,2026-07-04T19:01:27.663735,1,1,135.65,0.5,135.4,250,,,,,,,,,,,,,,,,,,,135.9,250,,,,,,,,,,,,,,,,,,
2026-07-04T19:01:27.812123+00:00,2026-07-04T19:01:27.812071,1,1,135.65,0.5,135.4,200,,,,,,,,,,,,,,,,,,,135.9,250,,,,,,,,,,,,,,,,,,
2026-07-04T19:01:28.774018+00:00,2026-07-04T19:01:28.774175,1,1,135.65,0.5,135.4,150,,,,,,,,,,,,,,,,,,,135.9,150,,,,,,,,,,,,,,,,,,
2026-07-04T19:01:28.828621+00:00,2026-07-04T19:01:28.828543,2,1,135.65,0.5,135.4,150,135.1,100,,,,,,,,,,,,,,,,,135.9,150,,,,,,,,,,,,,,,,,,
2026-07-04T19:01:28.881356+00:00,2026-07-04T19:01:28.881259,2,2,135.5,0.2,135.4,150,135.1,100,,,,,,,,,,,,,,,,,135.6,100,135.9,150,,,,,,,,,,,,,,,,
2026-07-04T19:01:29.918029+00:00,2026-07-04T19:01:29.917896,2,2,135.5,0.2,135.4,100,135.1,100,,,,,,,,,,,,,,,,,135.6,100,135.9,150,,,,,,,,,,,,,,,,
2026-07-04T19:01:30.058646+00:00,2026-07-04T19:01:30.056717,2,2,135.5,0.2,135.4,53,135.1,100,,,,,,,,,,,,,,,,,135.6,100,135.9,150,,,,,,,,,,,,,,,,
2026-07-04T19:01:30.717665+00:00,2026-07-04T19:01:30.717601,1,1,135.35,0.5,135.1,100,,,,,,,,,,,,,,,,,,,135.6,100,,,,,,,,,,,,,,,,,,
2026-07-04T19:01:30.772331+00:00,2026-07-04T19:01:30.772218,2,1,135.35,0.5,135.1,100,135.0,150,,,,,,,,,,,,,,,,,135.6,100,,,,,,,,,,,,,,,,,,
2026-07-04T19:01:30.825470+00:00,2026-07-04T19:01:30.825232,2,2,135.3,0.4,135.1,100,135.0,150,,,,,,,,,,,,,,,,,135.5,150,135.6,100,,,,,,,,,,,,,,,,
2026-07-04T19:01:31.109170+00:00,2026-07-04T19:01:31.109079,2,2,135.3,0.4,135.1,100,135.0,150,,,,,,,,,,,,,,,,,135.5,109,135.6,100,,,,,,,,,,,,,,,,
2026-07-04T19:01:31.933998+00:00,2026-07-04T19:01:31.933874,1,1,135.25,0.5,135.0,150,,,,,,,,,,,,,,,,,,,135.5,109,,,,,,,,,,,,,,,,,,
2026-07-04T19:01:31.991735+00:00,2026-07-04T19:01:31.991687,1,1,135.25,0.5,135.0,250,,,,,,,,,,,,,,,,,,,135.5,109,,,,,,,,,,,,,,,,,,
2026-07-04T19:01:32.025428+00:00,2026-07-04T19:01:32.025366,1,1,135.25,0.5,135.0,200,,,,,,,,,,,,,,,,,,,135.5,109,,,,,,,,,,,,,,,,,,
2026-07-04T19:01:32.041335+00:00,2026-07-04T19:01:32.041197,1,1,135.25,0.5,135.0,200,,,,,,,,,,,,,,,,,,,135.5,209,,,,,,,,,,,,,,,,,,
2026-07-04T19:01:33.880172+00:00,2026-07-04T19:01:33.880110,1,1,135.25,0.5,135.0,100,,,,,,,,,,,,,,,,,,,135.5,100,,,,,,,,,,,,,,,,,,
2026-07-04T19:01:33.934883+00:00,2026-07-04T19:01:33.934810,2,1,135.25,0.5,135.0,100,134.8,150,,,,,,,,,,,,,,,,,135.5,100,,,,,,,,,,,,,,,,,,
2026-07-04T19:01:33.987279+00:00,2026-07-04T19:01:33.987176,2,2,135.15,0.3,135.0,100,134.8,150,,,,,,,,,,,,,,,,,135.3,150,135.5,100,,,,,,,,,,,,,,,,
2026-07-04T19:01:34.135415+00:00,2026-07-04T19:01:34.135341,2,2,135.15,0.3,135.0,50,134.8,150,,,,,,,,,,,,,,,,,135.3,150,135.5,100,,,,,,,,,,,,,,,,
2026-07-04T19:01:34.302386+00:00,2026-07-04T19:01:34.297062,2,2,135.15,0.3,135.0,50,134.8,150,,,,,,,,,,,,,,,,,135.3,136,135.5,100,,,,,,,,,,,,,,,,
2026-07-04T19:01:35.094863+00:00,2026-07-04T19:01:35.094776,1,1,135.05,0.5,134.8,150,,,,,,,,,,,,,,,,,,,135.3,136,,,,,,,,,,,,,,,,,,
2026-07-04T19:01:35.148724+00:00,2026-07-04T19:01:35.148806,2,1,135.2,0.2,135.1,100,134.8,150,,,,,,,,,,,,,,,,,135.3,136,,,,,,,,,,,,,,,,,,
2026-07-04T19:01:35.199559+00:00,2026-07-04T19:01:35.199472,2,2,135.2,0.2,135.1,100,134.8,150,,,,,,,,,,,,,,,,,135.3,136,135.6,100,,,,,,,,,,,,,,,,
2026-07-04T19:01:35.313544+00:00,2026-07-04T19:01:35.313492,2,2,135.2,0.2,135.1,60,134.8,150,,,,,,,,,,,,,,,,,135.3,136,135.6,100,,,,,,,,,,,,,,,,
2026-07-04T19:01:35.850494+00:00,2026-07-04T19:01:35.850721,2,2,135.2,0.2,135.1,60,134.8,150,,,,,,,,,,,,,,,,,135.3,94,135.6,100,,,,,,,,,,,,,,,,
2026-07-04T19:01:36.191507+00:00,2026-07-04T19:01:36.191401,2,2,135.2,0.2,135.1,60,134.8,150,,,,,,,,,,,,,,,,,135.3,44,135.6,100,,,,,,,,,,,,,,,,
2026-07-04T19:01:37.037686+00:00,2026-07-04T19:01:37.037602,2,1,135.35,0.5,135.1,60,134.8,150,,,,,,,,,,,,,,,,,135.6,100,,,,,,,,,,,,,,,,,,
2026-07-04T19:01:37.042910+00:00,2026-07-04T19:01:37.042759,1,1,135.35,0.5,135.1,60,,,,,,,,,,,,,,,,,,,135.6,100,,,,,,,,,,,,,,,,,,
2026-07-04T19:01:37.095507+00:00,2026-07-04T19:01:37.095594,2,1,135.45,0.3,135.3,150,135.1,60,,,,,,,,,,,,,,,,,135.6,100,,,,,,,,,,,,,,,,,,
2026-07-04T19:01:37.158651+00:00,2026-07-04T19:01:37.149444,2,2,135.45,0.3,135.3,150,135.1,60,,,,,,,,,,,,,,,,,135.6,100,135.8,150,,,,,,,,,,,,,,,,
2026-07-04T19:01:37.820960+00:00,2026-07-04T19:01:37.820845,2,2,135.45,0.3,135.3,150,135.1,60,,,,,,,,,,,,,,,,,135.6,56,135.8,150,,,,,,,,,,,,,,,,
2026-07-04T19:01:38.250610+00:00,2026-07-04T19:01:38.250527,2,1,135.55,0.5,135.3,150,135.1,60,,,,,,,,,,,,,,,,,135.8,150,,,,,,,,,,,,,,,,,,
2026-07-04T19:01:38.258562+00:00,2026-07-04T19:01:38.255684,1,1,135.55,0.5,135.3,150,,,,,,,,,,,,,,,,,,,135.8,150,,,,,,,,,,,,,,,,,,
2026-07-04T19:01:38.300137+00:00,2026-07-04T19:01:38.300320,1,1,135.55,0.5,135.3,150,,,,,,,,,,,,,,,,,,,135.8,100,,,,,,,,,,,,,,,,,,
2026-07-04T19:01:38.305619+00:00,2026-07-04T19:01:38.305523,2,1,135.55,0.5,135.3,150,135.2,100,,,,,,,,,,,,,,,,,135.8,100,,,,,,,,,,,,,,,,,,
2026-07-04T19:01:38.356997+00:00,2026-07-04T19:01:38.357165,2,2,135.5,0.4,135.3,150,135.2,100,,,,,,,,,,,,,,,,,135.7,100,135.8,100,,,,,,,,,,,,,,,,
2026-07-04T19:01:38.420357+00:00,2026-07-04T19:01:38.420225,2,2,135.5,0.4,135.3,108,135.2,100,,,,,,,,,,,,,,,,,135.7,100,135.8,100,,,,,,,,,,,,,,,,
2026-07-04T19:01:40.226135+00:00,2026-07-04T19:01:40.225993,1,1,135.45,0.5,135.2,100,,,,,,,,,,,,,,,,,,,135.7,100,,,,,,,,,,,,,,,,,,
2026-07-04T19:01:40.291566+00:00,2026-07-04T19:01:40.286150,2,1,135.6,0.2,135.5,139,135.2,100,,,,,,,,,,,,,,,,,135.7,100,,,,,,,,,,,,,,,,,,
2026-07-04T19:01:40.335620+00:00,2026-07-04T19:01:40.335551,2,2,135.6,0.2,135.5,139,135.2,100,,,,,,,,,,,,,,,,,135.7,100,136.0,150,,,,,,,,,,,,,,,,
2026-07-04T19:01:40.406318+00:00,2026-07-04T19:01:40.406505,2,2,135.6,0.2,135.5,139,135.2,100,,,,,,,,,,,,,,,,,135.7,50,136.0,150,,,,,,,,,,,,,,,,
2026-07-04T19:01:40.833192+00:00,2026-07-04T19:01:40.833312,2,2,135.6,0.2,135.5,95,135.2,100,,,,,,,,,,,,,,,,,135.7,50,136.0,150,,,,,,,,,,,,,,,,
2026-07-04T19:01:41.436070+00:00,2026-07-04T19:01:41.435927,2,1,135.75,0.5,135.5,95,135.2,100,,,,,,,,,,,,,,,,,136.0,150,,,,,,,,,,,,,,,,,,
2026-07-04T19:01:41.441221+00:00,2026-07-04T19:01:41.441076,1,1,135.75,0.5,135.5,95,,,,,,,,,,,,,,,,,,,136.0,150,,,,,,,,,,,,,,,,,,
2026-07-04T19:01:41.495242+00:00,2026-07-04T19:01:41.495126,2,1,135.75,0.5,135.5,95,135.3,100,,,,,,,,,,,,,,,,,136.0,150,,,,,,,,,,,,,,,,,,
2026-07-04T19:01:41.546176+00:00,2026-07-04T19:01:41.546062,2,2,135.65,0.3,135.5,95,135.3,100,,,,,,,,,,,,,,,,,135.8,100,136.0,150,,,,,,,,,,,,,,,,
2026-07-04T19:01:42.513981+00:00,2026-07-04T19:01:42.513875,2,2,135.65,0.3,135.5,95,135.3,100,,,,,,,,,,,,,,,,,135.8,50,136.0,150,,,,,,,,,,,,,,,,
2026-07-04T19:01:43.397057+00:00,2026-07-04T19:01:43.396967,1,1,135.55,0.5,135.3,100,,,,,,,,,,,,,,,,,,,135.8,50,,,,,,,,,,,,,,,,,,
2026-07-04T19:01:43.445271+00:00,2026-07-04T19:01:43.445364,2,1,135.6,0.4,135.4,150,135.3,100,,,,,,,,,,,,,,,,,135.8,50,,,,,,,,,,,,,,,,,,
2026-07-04T19:01:43.498034+00:00,2026-07-04T19:01:43.497922,2,2,135.6,0.4,135.4,150,135.3,100,,,,,,,,,,,,,,,,,135.8,50,135.9,150,,,,,,,,,,,,,,,,
2026-07-04T19:01:43.584283+00:00,2026-07-04T19:01:43.584233,2,2,135.6,0.4,135.4,150,135.3,100,,,,,,,,,,,,,,,,,135.8,10,135.9,150,,,,,,,,,,,,,,,,
2026-07-04T19:01:44.600001+00:00,2026-07-04T19:01:44.599853,2,1,135.65,0.5,135.4,150,135.3,100,,,,,,,,,,,,,,,,,135.9,150,,,,,,,,,,,,,,,,,,
2026-07-04T19:01:44.605127+00:00,2026-07-04T19:01:44.605014,1,1,135.65,0.5,135.4,150,,,,,,,,,,,,,,,,,,,135.9,150,,,,,,,,,,,,,,,,,,
2026-07-04T19:01:44.620812+00:00,2026-07-04T19:01:44.620729,1,1,135.65,0.5,135.4,150,,,,,,,,,,,,,,,,,,,135.9,100,,,,,,,,,,,,,,,,,,
2026-07-04T19:01:44.658681+00:00,2026-07-04T19:01:44.655476,2,1,135.7,0.4,135.5,100,135.4,150,,,,,,,,,,,,,,,,,135.9,100,,,,,,,,,,,,,,,,,,
2026-07-04T19:01:44.708670+00:00,2026-07-04T19:01:44.708618,2,2,135.7,0.4,135.5,100,135.4,150,,,,,,,,,,,,,,,,,135.9,100,136.0,100,,,,,,,,,,,,,,,,
2026-07-04T19:01:44.809760+00:00,2026-07-04T19:01:44.804206,2,2,135.7,0.4,135.5,97,135.4,150,,,,,,,,,,,,,,,,,135.9,100,136.0,100,,,,,,,,,,,,,,,,
2026-07-04T19:01:46.549644+00:00,2026-07-04T19:01:46.549586,2,1,135.75,0.5,135.5,97,135.4,150,,,,,,,,,,,,,,,,,136.0,100,,,,,,,,,,,,,,,,,,
2026-07-04T19:01:46.558564+00:00,2026-07-04T19:01:46.554746,1,1,135.75,0.5,135.5,97,,,,,,,,,,,,,,,,,,,136.0,100,,,,,,,,,,,,,,,,,,
2026-07-04T19:01:46.603102+00:00,2026-07-04T19:01:46.603008,1,1,135.75,0.5,135.5,247,,,,,,,,,,,,,,,,,,,136.0,100,,,,,,,,,,,,,,,,,,
2026-07-04T19:01:46.656709+00:00,2026-07-04T19:01:46.656619,1,1,135.75,0.5,135.5,247,,,,,,,,,,,,,,,,,,,136.0,250,,,,,,,,,,,,,,,,,,
2026-07-04T19:01:46.732080+00:00,2026-07-04T19:01:46.732213,1,1,135.75,0.5,135.5,247,,,,,,,,,,,,,,,,,,,136.0,200,,,,,,,,,,,,,,,,,,
2026-07-04T19:01:47.758588+00:00,2026-07-04T19:01:47.757452,1,1,135.75,0.5,135.5,150,,,,,,,,,,,,,,,,,,,136.0,150,,,,,,,,,,,,,,,,,,
2026-07-04T19:01:47.817699+00:00,2026-07-04T19:01:47.817590,2,1,135.95,0.1,135.9,100,135.5,150,,,,,,,,,,,,,,,,,136.0,150,,,,,,,,,,,,,,,,,,
2026-07-04T19:01:47.870055+00:00,2026-07-04T19:01:47.870231,2,2,135.95,0.1,135.9,100,135.5,150,,,,,,,,,,,,,,,,,136.0,150,136.4,100,,,,,,,,,,,,,,,,
2026-07-04T19:01:48.124309+00:00,2026-07-04T19:01:48.124208,2,2,135.95,0.1,135.9,53,135.5,150,,,,,,,,,,,,,,,,,136.0,150,136.4,100,,,,,,,,,,,,,,,,
2026-07-04T19:01:48.693932+00:00,2026-07-04T19:01:48.694114,2,2,135.95,0.1,135.9,53,135.5,150,,,,,,,,,,,,,,,,,136.0,107,136.4,100,,,,,,,,,,,,,,,,
2026-07-04T19:01:48.838978+00:00,2026-07-04T19:01:48.838952,2,2,135.95,0.1,135.9,53,135.5,150,,,,,,,,,,,,,,,,,136.0,57,136.4,100,,,,,,,,,,,,,,,,
2026-07-04T19:01:49.713705+00:00,2026-07-04T19:01:49.713593,1,1,136.15,0.5,135.9,53,,,,,,,,,,,,,,,,,,,136.4,100,,,,,,,,,,,,,,,,,,
2026-07-04T19:01:49.768536+00:00,2026-07-04T19:01:49.768436,2,1,136.2,0.4,136.0,150,135.9,53,,,,,,,,,,,,,,,,,136.4,100,,,,,,,,,,,,,,,,,,
2026-07-04T19:01:49.780934+00:00,2026-07-04T19:01:49.780908,2,1,136.2,0.4,136.0,110,135.9,53,,,,,,,,,,,,,,,,,136.4,100,,,,,,,,,,,,,,,,,,
2026-07-04T19:01:49.821862+00:00,2026-07-04T19:01:49.821801,2,2,136.2,0.4,136.0,110,135.9,53,,,,,,,,,,,,,,,,,136.4,100,136.5,150,,,,,,,,,,,,,,,,
2026-07-04T19:01:50.926780+00:00,2026-07-04T19:01:50.926643,1,1,136.25,0.5,136.0,110,,,,,,,,,,,,,,,,,,,136.5,150,,,,,,,,,,,,,,,,,,
2026-07-04T19:01:50.947784+00:00,2026-07-04T19:01:50.947655,1,1,136.25,0.5,136.0,110,,,,,,,,,,,,,,,,,,,136.5,100,,,,,,,,,,,,,,,,,,
2026-07-04T19:01:50.979374+00:00,2026-07-04T19:01:50.979269,2,1,136.25,0.5,136.0,110,135.7,100,,,,,,,,,,,,,,,,,136.5,100,,,,,,,,,,,,,,,,,,
2026-07-04T19:01:51.032921+00:00,2026-07-04T19:01:51.032782,2,2,136.1,0.2,136.0,110,135.7,100,,,,,,,,,,,,,,,,,136.2,100,136.5,100,,,,,,,,,,,,,,,,
2026-07-04T19:01:51.783851+00:00,2026-07-04T19:01:51.778323,2,2,136.1,0.2,136.0,107,135.7,100,,,,,,,,,,,,,,,,,136.2,100,136.5,100,,,,,,,,,,,,,,,,
2026-07-04T19:01:52.243086+00:00,2026-07-04T19:01:52.243008,2,2,136.1,0.2,136.0,107,135.7,100,,,,,,,,,,,,,,,,,136.2,53,136.5,100,,,,,,,,,,,,,,,,
2026-07-04T19:01:52.694727+00:00,2026-07-04T19:01:52.694554,2,2,136.1,0.2,136.0,82,135.7,100,,,,,,,,,,,,,,,,,136.2,53,136.5,100,,,,,,,,,,,,,,,,
2026-07-04T19:01:52.875513+00:00,2026-07-04T19:01:52.875436,1,1,135.95,0.5,135.7,100,,,,,,,,,,,,,,,,,,,136.2,53,,,,,,,,,,,,,,,,,,
2026-07-04T19:01:52.940245+00:00,2026-07-04T19:01:52.940168,2,1,136.0,0.4,135.8,150,135.7,100,,,,,,,,,,,,,,,,,136.2,53,,,,,,,,,,,,,,,,,,
2026-07-04T19:01:52.999294+00:00,2026-07-04T19:01:52.999172,2,2,136.0,0.4,135.8,150,135.7,100,,,,,,,,,,,,,,,,,136.2,53,136.3,150,,,,,,,,,,,,,,,,
2026-07-04T19:01:53.053068+00:00,2026-07-04T19:01:53.052982,2,2,136.0,0.4,135.8,150,135.7,100,,,,,,,,,,,,,,,,,136.2,3,136.3,150,,,,,,,,,,,,,,,,
2026-07-04T19:01:54.088667+00:00,2026-07-04T19:01:54.088589,1,1,136.05,0.5,135.8,150,,,,,,,,,,,,,,,,,,,136.3,150,,,,,,,,,,,,,,,,,,
2026-07-04T19:01:54.169144+00:00,2026-07-04T19:01:54.168944,2,1,136.2,0.2,136.1,100,135.8,150,,,,,,,,,,,,,,,,,136.3,150,,,,,,,,,,,,,,,,,,
2026-07-04T19:01:54.228203+00:00,2026-07-04T19:01:54.228074,2,2,136.2,0.2,136.1,100,135.8,150,,,,,,,,,,,,,,,,,136.3,150,136.6,100,,,,,,,,,,,,,,,,
2026-07-04T19:01:55.158542+00:00,2026-07-04T19:01:55.156143,2,2,136.2,0.2,136.1,100,135.8,150,,,,,,,,,,,,,,,,,136.3,100,136.6,100,,,,,,,,,,,,,,,,
2026-07-04T19:01:55.416657+00:00,2026-07-04T19:01:55.410767,2,2,136.2,0.2,136.1,89,135.8,150,,,,,,,,,,,,,,,,,136.3,100,136.6,100,,,,,,,,,,,,,,,,
2026-07-04T19:01:56.063848+00:00,2026-07-04T19:01:56.063759,1,1,136.35,0.5,136.1,89,,,,,,,,,,,,,,,,,,,136.6,100,,,,,,,,,,,,,,,,,,
2026-07-04T19:01:56.116586+00:00,2026-07-04T19:01:56.116467,1,1,136.35,0.5,136.1,239,,,,,,,,,,,,,,,,,,,136.6,100,,,,,,,,,,,,,,,,,,
2026-07-04T19:01:56.171722+00:00,2026-07-04T19:01:56.171618,1,1,136.35,0.5,136.1,239,,,,,,,,,,,,,,,,,,,136.6,250,,,,,,,,,,,,,,,,,,
2026-07-04T19:01:56.935519+00:00,2026-07-04T19:01:56.935474,1,1,136.35,0.5,136.1,192,,,,,,,,,,,,,,,,,,,136.6,250,,,,,,,,,,,,,,,,,,
2026-07-04T19:01:57.269204+00:00,2026-07-04T19:01:57.269318,1,1,136.35,0.5,136.1,192,,,,,,,,,,,,,,,,,,,136.6,200,,,,,,,,,,,,,,,,,,
2026-07-04T19:01:57.279577+00:00,2026-07-04T19:01:57.279687,1,1,136.35,0.5,136.1,150,,,,,,,,,,,,,,,,,,,136.6,150,,,,,,,,,,,,,,,,,,
2026-07-04T19:01:57.330576+00:00,2026-07-04T19:01:57.330503,2,1,136.4,0.4,136.2,100,136.1,150,,,,,,,,,,,,,,,,,136.6,150,,,,,,,,,,,,,,,,,,
2026-07-04T19:01:57.383505+00:00,2026-07-04T19:01:57.383362,2,2,136.4,0.4,136.2,100,136.1,150,,,,,,,,,,,,,,,,,136.6,150,136.7,100,,,,,,,,,,,,,,,,
2026-07-04T19:01:59.226088+00:00,2026-07-04T19:01:59.226019,1,1,136.45,0.5,136.2,100,,,,,,,,,,,,,,,,,,,136.7,100,,,,,,,,,,,,,,,,,,
2026-07-04T19:01:59.284459+00:00,2026-07-04T19:01:59.284345,1,1,136.45,0.5,136.2,250,,,,,,,,,,,,,,,,,,,136.7,100,,,,,,,,,,,,,,,,,,
2026-07-04T19:01:59.333797+00:00,2026-07-04T19:01:59.333733,1,1,136.45,0.5,136.2,250,,,,,,,,,,,,,,,,,,,136.7,250,,,,,,,,,,,,,,,,,,
2026-07-04T19:02:00.389075+00:00,2026-07-04T19:02:00.388957,1,1,136.45,0.5,136.2,204,,,,,,,,,,,,,,,,,,,136.7,250,,,,,,,,,,,,,,,,,,
2026-07-04T19:02:00.436630+00:00,2026-07-04T19:02:00.436571,1,1,136.45,0.5,136.2,204,,,,,,,,,,,,,,,,,,,136.7,150,,,,,,,,,,,,,,,,,,
2026-07-04T19:02:00.441865+00:00,2026-07-04T19:02:00.441762,1,1,136.45,0.5,136.2,150,,,,,,,,,,,,,,,,,,,136.7,150,,,,,,,,,,,,,,,,,,
2026-07-04T19:02:00.491031+00:00,2026-07-04T19:02:00.491005,2,1,136.45,0.5,136.2,150,135.9,100,,,,,,,,,,,,,,,,,136.7,150,,,,,,,,,,,,,,,,,,
2026-07-04T19:02:00.543310+00:00,2026-07-04T19:02:00.543240,2,2,136.3,0.2,136.2,150,135.9,100,,,,,,,,,,,,,,,,,136.4,100,136.7,150,,,,,,,,,,,,,,,,
2026-07-04T19:02:01.530697+00:00,2026-07-04T19:02:01.530636,2,2,136.3,0.2,136.2,100,135.9,100,,,,,,,,,,,,,,,,,136.4,100,136.7,150,,,,,,,,,,,,,,,,
2026-07-04T19:02:02.385180+00:00,2026-07-04T19:02:02.385027,2,1,136.3,0.2,136.2,100,135.9,100,,,,,,,,,,,,,,,,,136.4,100,,,,,,,,,,,,,,,,,,
2026-07-04T19:02:02.390297+00:00,2026-07-04T19:02:02.390231,1,1,136.15,0.5,135.9,100,,,,,,,,,,,,,,,,,,,136.4,100,,,,,,,,,,,,,,,,,,
2026-07-04T19:02:02.442319+00:00,2026-07-04T19:02:02.442239,1,1,136.15,0.5,135.9,250,,,,,,,,,,,,,,,,,,,136.4,100,,,,,,,,,,,,,,,,,,
2026-07-04T19:02:02.493339+00:00,2026-07-04T19:02:02.493286,1,1,136.15,0.5,135.9,250,,,,,,,,,,,,,,,,,,,136.4,250,,,,,,,,,,,,,,,,,,
2026-07-04T19:02:03.599707+00:00,2026-07-04T19:02:03.599565,1,1,136.15,0.5,135.9,150,,,,,,,,,,,,,,,,,,,136.4,150,,,,,,,,,,,,,,,,,,
2026-07-04T19:02:03.638630+00:00,2026-07-04T19:02:03.638470,1,1,136.15,0.5,135.9,100,,,,,,,,,,,,,,,,,,,136.4,150,,,,,,,,,,,,,,,,,,
2026-07-04T19:02:03.663637+00:00,2026-07-04T19:02:03.663781,2,1,136.15,0.5,135.9,100,135.8,100,,,,,,,,,,,,,,,,,136.4,150,,,,,,,,,,,,,,,,,,
2026-07-04T19:02:03.705536+00:00,2026-07-04T19:02:03.705458,2,2,136.1,0.4,135.9,100,135.8,100,,,,,,,,,,,,,,,,,136.3,100,136.4,150,,,,,,,,,,,,,,,,
2026-07-04T19:02:03.991659+00:00,2026-07-04T19:02:03.991486,2,2,136.1,0.4,135.9,100,135.8,100,,,,,,,,,,,,,,,,,136.3,53,136.4,150,,,,,,,,,,,,,,,,
2026-07-04T19:02:05.558666+00:00,2026-07-04T19:02:05.550972,1,1,136.05,0.5,135.8,100,,,,,,,,,,,,,,,,,,,136.3,53,,,,,,,,,,,,,,,,,,
2026-07-04T19:02:05.605703+00:00,2026-07-04T19:02:05.605577,1,1,136.05,0.5,135.8,250,,,,,,,,,,,,,,,,,,,136.3,53,,,,,,,,,,,,,,,,,,
2026-07-04T19:02:05.658570+00:00,2026-07-04T19:02:05.658119,1,1,136.05,0.5,135.8,250,,,,,,,,,,,,,,,,,,,136.3,203,,,,,,,,,,,,,,,,,,
2026-07-04T19:02:05.698381+00:00,2026-07-04T19:02:05.698210,1,1,136.05,0.5,135.8,250,,,,,,,,,,,,,,,,,,,136.3,153,,,,,,,,,,,,,,,,,,
2026-07-04T19:02:06.761608+00:00,2026-07-04T19:02:06.761466,1,1,136.05,0.5,135.8,150,,,,,,,,,,,,,,,,,,,136.3,150,,,,,,,,,,,,,,,,,,
2026-07-04T19:02:06.815905+00:00,2026-07-04T19:02:06.815856,1,1,136.05,0.5,135.8,150,,,,,,,,,,,,,,,,,,,136.3,50,,,,,,,,,,,,,,,,,,
2026-07-04T19:02:06.874898+00:00,2026-07-04T19:02:06.874875,1,2,136.05,0.5,135.8,150,,,,,,,,,,,,,,,,,,,136.3,50,136.9,100,,,,,,,,,,,,,,,,
2026-07-04T19:02:07.858665+00:00,2026-07-04T19:02:07.854671,1,2,136.05,0.5,135.8,100,,,,,,,,,,,,,,,,,,,136.3,50,136.9,100,,,,,,,,,,,,,,,,
2026-07-04T19:02:08.711193+00:00,2026-07-04T19:02:08.711138,1,1,136.35,1.1,135.8,100,,,,,,,,,,,,,,,,,,,136.9,100,,,,,,,,,,,,,,,,,,
2026-07-04T19:02:08.716461+00:00,2026-07-04T19:02:08.716290,0,1,,,,,,,,,,,,,,,,,,,,,,,136.9,100,,,,,,,,,,,,,,,,,,
2026-07-04T19:02:08.769010+00:00,2026-07-04T19:02:08.768956,1,1,136.6,0.6,136.3,150,,,,,,,,,,,,,,,,,,,136.9,100,,,,,,,,,,,,,,,,,,
2026-07-04T19:02:08.822772+00:00,2026-07-04T19:02:08.822694,1,2,136.55,0.5,136.3,150,,,,,,,,,,,,,,,,,,,136.8,150,136.9,100,,,,,,,,,,,,,,,,
2026-07-04T19:02:09.932017+00:00,2026-07-04T19:02:09.931929,1,1,136.55,0.5,136.3,150,,,,,,,,,,,,,,,,,,,136.8,150,,,,,,,,,,,,,,,,,,
2026-07-04T19:02:09.958565+00:00,2026-07-04T19:02:09.954965,1,1,136.55,0.5,136.3,100,,,,,,,,,,,,,,,,,,,136.8,150,,,,,,,,,,,,,,,,,,
2026-07-04T19:02:09.985769+00:00,2026-07-04T19:02:09.985880,2,1,136.55,0.5,136.3,100,136.1,100,,,,,,,,,,,,,,,,,136.8,150,,,,,,,,,,,,,,,,,,
2026-07-04T19:02:10.046888+00:00,2026-07-04T19:02:10.046820,2,2,136.45,0.3,136.3,100,136.1,100,,,,,,,,,,,,,,,,,136.6,100,136.8,150,,,,,,,,,,,,,,,,
2026-07-04T19:02:11.345490+00:00,2026-07-04T19:02:11.345381,2,2,136.45,0.3,136.3,51,136.1,100,,,,,,,,,,,,,,,,,136.6,100,136.8,150,,,,,,,,,,,,,,,,
2026-07-04T19:02:11.876958+00:00,2026-07-04T19:02:11.877245,1,1,136.35,0.5,136.1,100,,,,,,,,,,,,,,,,,,,136.6,100,,,,,,,,,,,,,,,,,,
2026-07-04T19:02:11.969101+00:00,2026-07-04T19:02:11.968985,2,1,136.35,0.5,136.1,100,136.0,150,,,,,,,,,,,,,,,,,136.6,100,,,,,,,,,,,,,,,,,,
2026-07-04T19:02:11.987267+00:00,2026-07-04T19:02:11.987164,2,2,136.3,0.4,136.1,100,136.0,150,,,,,,,,,,,,,,,,,136.5,150,136.6,100,,,,,,,,,,,,,,,,
2026-07-04T19:02:12.367345+00:00,2026-07-04T19:02:12.362015,2,2,136.3,0.4,136.1,100,136.0,150,,,,,,,,,,,,,,,,,136.5,139,136.6,100,,,,,,,,,,,,,,,,
2026-07-04T19:02:13.096549+00:00,2026-07-04T19:02:13.096421,2,1,136.3,0.4,136.1,100,136.0,150,,,,,,,,,,,,,,,,,136.5,139,,,,,,,,,,,,,,,,,,
2026-07-04T19:02:13.101872+00:00,2026-07-04T19:02:13.101602,1,1,136.25,0.5,136.0,150,,,,,,,,,,,,,,,,,,,136.5,139,,,,,,,,,,,,,,,,,,
2026-07-04T19:02:13.163853+00:00,2026-07-04T19:02:13.163745,2,1,136.45,0.1,136.4,100,136.0,150,,,,,,,,,,,,,,,,,136.5,139,,,,,,,,,,,,,,,,,,
2026-07-04T19:02:13.208167+00:00,2026-07-04T19:02:13.208095,2,2,136.45,0.1,136.4,100,136.0,150,,,,,,,,,,,,,,,,,136.5,139,136.9,100,,,,,,,,,,,,,,,,
2026-07-04T19:02:14.139707+00:00,2026-07-04T19:02:14.139636,2,2,136.45,0.1,136.4,100,136.0,150,,,,,,,,,,,,,,,,,136.5,89,136.9,100,,,,,,,,,,,,,,,,
2026-07-04T19:02:14.463937+00:00,2026-07-04T19:02:14.463893,2,2,136.45,0.1,136.4,100,136.0,150,,,,,,,,,,,,,,,,,136.5,45,136.9,100,,,,,,,,,,,,,,,,
2026-07-04T19:02:15.039492+00:00,2026-07-04T19:02:15.039585,2,1,136.65,0.5,136.4,100,136.0,150,,,,,,,,,,,,,,,,,136.9,100,,,,,,,,,,,,,,,,,,
2026-07-04T19:02:15.044815+00:00,2026-07-04T19:02:15.044757,1,1,136.65,0.5,136.4,100,,,,,,,,,,,,,,,,,,,136.9,100,,,,,,,,,,,,,,,,,,
2026-07-04T19:02:15.101217+00:00,2026-07-04T19:02:15.101115,1,1,136.65,0.5,136.4,250,,,,,,,,,,,,,,,,,,,136.9,100,,,,,,,,,,,,,,,,,,
2026-07-04T19:02:15.153474+00:00,2026-07-04T19:02:15.153548,1,1,136.65,0.5,136.4,250,,,,,,,,,,,,,,,,,,,136.9,250,,,,,,,,,,,,,,,,,,
2026-07-04T19:02:16.258624+00:00,2026-07-04T19:02:16.257872,1,1,136.65,0.5,136.4,150,,,,,,,,,,,,,,,,,,,136.9,150,,,,,,,,,,,,,,,,,,
2026-07-04T19:02:16.294101+00:00,2026-07-04T19:02:16.293976,1,1,136.65,0.5,136.4,100,,,,,,,,,,,,,,,,,,,136.9,150,,,,,,,,,,,,,,,,,,
2026-07-04T19:02:16.314832+00:00,2026-07-04T19:02:16.314702,2,1,136.65,0.5,136.4,100,136.3,100,,,,,,,,,,,,,,,,,136.9,150,,,,,,,,,,,,,,,,,,
2026-07-04T19:02:16.371060+00:00,2026-07-04T19:02:16.370976,2,2,136.6,0.4,136.4,100,136.3,100,,,,,,,,,,,,,,,,,136.8,100,136.9,150,,,,,,,,,,,,,,,,
2026-07-04T19:02:17.717907+00:00,2026-07-04T19:02:17.718029,2,2,136.6,0.4,136.4,75,136.3,100,,,,,,,,,,,,,,,,,136.8,100,136.9,150,,,,,,,,,,,,,,,,
2026-07-04T19:02:17.990619+00:00,2026-07-04T19:02:17.990593,2,2,136.6,0.4,136.4,31,136.3,100,,,,,,,,,,,,,,,,,136.8,100,136.9,150,,,,,,,,,,,,,,,,
2026-07-04T19:02:18.207897+00:00,2026-07-04T19:02:18.208006,1,1,136.55,0.5,136.3,100,,,,,,,,,,,,,,,,,,,136.8,100,,,,,,,,,,,,,,,,,,
2026-07-04T19:02:18.261323+00:00,2026-07-04T19:02:18.261435,2,1,136.55,0.5,136.3,100,135.8,150,,,,,,,,,,,,,,,,,136.8,100,,,,,,,,,,,,,,,,,,
2026-07-04T19:02:18.314551+00:00,2026-07-04T19:02:18.314435,1,2,136.05,0.5,135.8,150,,,,,,,,,,,,,,,,,,,136.3,50,136.8,100,,,,,,,,,,,,,,,,
2026-07-04T19:02:18.432566+00:00,2026-07-04T19:02:18.432359,1,2,136.05,0.5,135.8,100,,,,,,,,,,,,,,,,,,,136.3,50,136.8,100,,,,,,,,,,,,,,,,
2026-07-04T19:02:19.425136+00:00,2026-07-04T19:02:19.425020,1,1,136.05,0.5,135.8,100,,,,,,,,,,,,,,,,,,,136.3,50,,,,,,,,,,,,,,,,,,
2026-07-04T19:02:19.478699+00:00,2026-07-04T19:02:19.478551,1,1,136.05,0.5,135.8,200,,,,,,,,,,,,,,,,,,,136.3,50,,,,,,,,,,,,,,,,,,
2026-07-04T19:02:19.532167+00:00,2026-07-04T19:02:19.532032,1,1,136.05,0.5,135.8,200,,,,,,,,,,,,,,,,,,,136.3,150,,,,,,,,,,,,,,,,,,
2026-07-04T19:02:20.485847+00:00,2026-07-04T19:02:20.485736,1,1,136.05,0.5,135.8,200,,,,,,,,,,,,,,,,,,,136.3,100,,,,,,,,,,,,,,,,,,
2026-07-04T19:02:21.395528+00:00,2026-07-04T19:02:21.395451,1,1,136.05,0.5,135.8,100,,,,,,,,,,,,,,,,,,,136.3,100,,,,,,,,,,,,,,,,,,
2026-07-04T19:02:21.458832+00:00,2026-07-04T19:02:21.458720,2,1,136.15,0.3,136.0,150,135.8,100,,,,,,,,,,,,,,,,,136.3,100,,,,,,,,,,,,,,,,,,
2026-07-04T19:02:21.504505+00:00,2026-07-04T19:02:21.504658,2,2,136.15,0.3,136.0,150,135.8,100,,,,,,,,,,,,,,,,,136.3,100,136.5,150,,,,,,,,,,,,,,,,
2026-07-04T19:02:22.595808+00:00,2026-07-04T19:02:22.595685,1,1,136.25,0.5,136.0,150,,,,,,,,,,,,,,,,,,,136.5,150,,,,,,,,,,,,,,,,,,
2026-07-04T19:02:22.601065+00:00,2026-07-04T19:02:22.600933,1,1,136.25,0.5,136.0,150,,,,,,,,,,,,,,,,,,,136.5,100,,,,,,,,,,,,,,,,,,
2026-07-04T19:02:22.658550+00:00,2026-07-04T19:02:22.647112,2,1,136.25,0.5,136.0,150,135.7,100,,,,,,,,,,,,,,,,,136.5,100,,,,,,,,,,,,,,,,,,
2026-07-04T19:02:22.705786+00:00,2026-07-04T19:02:22.705986,2,2,136.1,0.2,136.0,150,135.7,100,,,,,,,,,,,,,,,,,136.2,100,136.5,100,,,,,,,,,,,,,,,,
2026-07-04T19:02:24.558563+00:00,2026-07-04T19:02:24.556252,1,1,135.95,0.5,135.7,100,,,,,,,,,,,,,,,,,,,136.2,100,,,,,,,,,,,,,,,,,,
2026-07-04T19:02:24.616318+00:00,2026-07-04T19:02:24.616455,2,0,,,136.4,50,135.7,100,,,,,,,,,,,,,,,,,,,,,,,,,,,,,,,,,,,,
2026-07-04T19:02:24.671702+00:00,2026-07-04T19:02:24.671622,2,1,136.65,0.5,136.4,50,135.7,100,,,,,,,,,,,,,,,,,136.9,150,,,,,,,,,,,,,,,,,,
2026-07-04T19:02:24.755642+00:00,2026-07-04T19:02:24.755819,1,1,136.3,1.2,135.7,100,,,,,,,,,,,,,,,,,,,136.9,150,,,,,,,,,,,,,,,,,,
2026-07-04T19:02:25.758582+00:00,2026-07-04T19:02:25.755361,0,1,,,,,,,,,,,,,,,,,,,,,,,136.9,150,,,,,,,,,,,,,,,,,,
2026-07-04T19:02:25.816983+00:00,2026-07-04T19:02:25.816931,1,1,136.5,0.8,136.1,100,,,,,,,,,,,,,,,,,,,136.9,150,,,,,,,,,,,,,,,,,,
2026-07-04T19:02:25.864329+00:00,2026-07-04T19:02:25.864235,1,2,136.35,0.5,136.1,100,,,,,,,,,,,,,,,,,,,136.6,100,136.9,150,,,,,,,,,,,,,,,,
2026-07-04T19:02:26.894726+00:00,2026-07-04T19:02:26.894674,1,2,136.35,0.5,136.1,50,,,,,,,,,,,,,,,,,,,136.6,100,136.9,150,,,,,,,,,,,,,,,,
2026-07-04T19:02:26.971462+00:00,2026-07-04T19:02:26.971430,1,2,136.35,0.5,136.1,50,,,,,,,,,,,,,,,,,,,136.6,58,136.9,150,,,,,,,,,,,,,,,,
2026-07-04T19:02:27.721522+00:00,2026-07-04T19:02:27.721444,1,1,136.35,0.5,136.1,50,,,,,,,,,,,,,,,,,,,136.6,58,,,,,,,,,,,,,,,,,,
2026-07-04T19:02:27.777605+00:00,2026-07-04T19:02:27.777526,2,1,136.35,0.5,136.1,50,135.6,150,,,,,,,,,,,,,,,,,136.6,58,,,,,,,,,,,,,,,,,,
2026-07-04T19:02:27.831546+00:00,2026-07-04T19:02:27.831437,1,2,135.85,0.5,135.6,150,,,,,,,,,,,,,,,,,,,136.1,100,136.6,58,,,,,,,,,,,,,,,,
2026-07-04T19:02:28.115242+00:00,2026-07-04T19:02:28.108914,1,2,135.85,0.5,135.6,150,,,,,,,,,,,,,,,,,,,136.1,97,136.6,58,,,,,,,,,,,,,,,,
2026-07-04T19:02:28.920526+00:00,2026-07-04T19:02:28.920407,1,1,135.85,0.5,135.6,150,,,,,,,,,,,,,,,,,,,136.1,97,,,,,,,,,,,,,,,,,,
2026-07-04T19:02:28.952512+00:00,2026-07-04T19:02:28.952432,1,1,135.85,0.5,135.6,150,,,,,,,,,,,,,,,,,,,136.1,47,,,,,,,,,,,,,,,,,,
2026-07-04T19:02:28.975011+00:00,2026-07-04T19:02:28.974949,2,0,,,136.1,53,135.6,150,,,,,,,,,,,,,,,,,,,,,,,,,,,,,,,,,,,,
2026-07-04T19:02:29.027755+00:00,2026-07-04T19:02:29.027627,2,1,136.35,0.5,136.1,53,135.6,150,,,,,,,,,,,,,,,,,136.6,100,,,,,,,,,,,,,,,,,,
2026-07-04T19:02:30.889325+00:00,2026-07-04T19:02:30.889246,1,1,136.35,0.5,136.1,53,,,,,,,,,,,,,,,,,,,136.6,100,,,,,,,,,,,,,,,,,,
2026-07-04T19:02:30.951193+00:00,2026-07-04T19:02:30.945519,2,1,136.5,0.2,136.4,147,136.1,53,,,,,,,,,,,,,,,,,136.6,100,,,,,,,,,,,,,,,,,,
2026-07-04T19:02:30.994507+00:00,2026-07-04T19:02:30.994471,2,2,136.5,0.2,136.4,147,136.1,53,,,,,,,,,,,,,,,,,136.6,100,136.9,150,,,,,,,,,,,,,,,,
2026-07-04T19:02:32.081952+00:00,2026-07-04T19:02:32.081809,1,1,136.65,0.5,136.4,147,,,,,,,,,,,,,,,,,,,136.9,150,,,,,,,,,,,,,,,,,,
2026-07-04T19:02:32.134244+00:00,2026-07-04T19:02:32.134116,2,1,136.65,0.5,136.4,147,135.9,100,,,,,,,,,,,,,,,,,136.9,150,,,,,,,,,,,,,,,,,,
2026-07-04T19:02:32.188544+00:00,2026-07-04T19:02:32.188388,2,1,136.65,0.5,136.4,47,135.9,100,,,,,,,,,,,,,,,,,136.9,150,,,,,,,,,,,,,,,,,,
2026-07-04T19:02:32.735396+00:00,2026-07-04T19:02:32.735290,2,1,136.65,0.5,136.4,22,135.9,100,,,,,,,,,,,,,,,,,136.9,150,,,,,,,,,,,,,,,,,,
2026-07-04T19:02:33.182078+00:00,2026-07-04T19:02:33.182021,2,1,136.65,0.5,136.4,22,135.9,100,,,,,,,,,,,,,,,,,136.9,100,,,,,,,,,,,,,,,,,,
2026-07-04T19:02:34.049605+00:00,2026-07-04T19:02:34.049531,1,0,,,135.9,100,,,,,,,,,,,,,,,,,,,,,,,,,,,,,,,,,,,,,,
2026-07-04T19:02:34.104835+00:00,2026-07-04T19:02:34.104929,2,0,,,136.1,150,135.9,100,,,,,,,,,,,,,,,,,,,,,,,,,,,,,,,,,,,,
2026-07-04T19:02:34.151077+00:00,2026-07-04T19:02:34.151266,2,1,136.35,0.5,136.1,150,135.9,100,,,,,,,,,,,,,,,,,136.6,150,,,,,,,,,,,,,,,,,,
2026-07-04T19:02:35.240482+00:00,2026-07-04T19:02:35.240391,1,1,136.35,0.5,136.1,150,,,,,,,,,,,,,,,,,,,136.6,150,,,,,,,,,,,,,,,,,,
2026-07-04T19:02:35.297613+00:00,2026-07-04T19:02:35.297493,1,1,136.35,0.5,136.1,150,,,,,,,,,,,,,,,,,,,136.6,100,,,,,,,,,,,,,,,,,,
2026-07-04T19:02:35.302796+00:00,2026-07-04T19:02:35.302672,2,1,136.4,0.4,136.2,100,136.1,150,,,,,,,,,,,,,,,,,136.6,100,,,,,,,,,,,,,,,,,,
2026-07-04T19:02:35.352986+00:00,2026-07-04T19:02:35.352874,2,2,136.4,0.4,136.2,100,136.1,150,,,,,,,,,,,,,,,,,136.6,100,136.7,100,,,,,,,,,,,,,,,,
2026-07-04T19:02:36.498657+00:00,2026-07-04T19:02:36.498490,2,2,136.4,0.4,136.2,100,136.1,150,,,,,,,,,,,,,,,,,136.6,51,136.7,100,,,,,,,,,,,,,,,,
2026-07-04T19:02:36.553069+00:00,2026-07-04T19:02:36.552915,2,2,136.4,0.4,136.2,54,136.1,150,,,,,,,,,,,,,,,,,136.6,51,136.7,100,,,,,,,,,,,,,,,,
2026-07-04T19:02:37.216177+00:00,2026-07-04T19:02:37.216076,1,1,136.45,0.5,136.2,54,,,,,,,,,,,,,,,,,,,136.7,100,,,,,,,,,,,,,,,,,,
2026-07-04T19:02:37.279923+00:00,2026-07-04T19:02:37.274338,2,1,136.6,0.2,136.5,139,136.2,54,,,,,,,,,,,,,,,,,136.7,100,,,,,,,,,,,,,,,,,,
2026-07-04T19:02:37.323286+00:00,2026-07-04T19:02:37.323202,2,2,136.6,0.2,136.5,139,136.2,54,,,,,,,,,,,,,,,,,136.7,100,137.0,150,,,,,,,,,,,,,,,,
2026-07-04T19:02:37.410585+00:00,2026-07-04T19:02:37.410475,2,2,136.6,0.2,136.5,139,136.2,54,,,,,,,,,,,,,,,,,136.7,50,137.0,150,,,,,,,,,,,,,,,,
2026-07-04T19:02:37.768929+00:00,2026-07-04T19:02:37.768772,2,2,136.6,0.2,136.5,114,136.2,54,,,,,,,,,,,,,,,,,136.7,50,137.0,150,,,,,,,,,,,,,,,,
2026-07-04T19:02:38.413339+00:00,2026-07-04T19:02:38.413535,1,1,136.75,0.5,136.5,114,,,,,,,,,,,,,,,,,,,137.0,150,,,,,,,,,,,,,,,,,,
2026-07-04T19:02:38.464142+00:00,2026-07-04T19:02:38.464096,2,1,136.75,0.5,136.5,114,136.2,100,,,,,,,,,,,,,,,,,137.0,150,,,,,,,,,,,,,,,,,,
2026-07-04T19:02:38.517242+00:00,2026-07-04T19:02:38.517195,2,2,136.6,0.2,136.5,114,136.2,100,,,,,,,,,,,,,,,,,136.7,100,137.0,150,,,,,,,,,,,,,,,,
2026-07-04T19:02:38.620450+00:00,2026-07-04T19:02:38.614023,2,2,136.6,0.2,136.5,102,136.2,100,,,,,,,,,,,,,,,,,136.7,100,137.0,150,,,,,,,,,,,,,,,,
2026-07-04T19:02:39.546864+00:00,2026-07-04T19:02:39.546814,2,2,136.6,0.2,136.5,102,136.2,100,,,,,,,,,,,,,,,,,136.7,50,137.0,150,,,,,,,,,,,,,,,,
2026-07-04T19:02:40.191145+00:00,2026-07-04T19:02:40.191020,2,2,136.6,0.2,136.5,102,136.2,100,,,,,,,,,,,,,,,,,136.7,3,137.0,150,,,,,,,,,,,,,,,,
2026-07-04T19:02:40.245071+00:00,2026-07-04T19:02:40.244980,2,2,136.6,0.2,136.5,59,136.2,100,,,,,,,,,,,,,,,,,136.7,3,137.0,150,,,,,,,,,,,,,,,,
2026-07-04T19:02:40.377425+00:00,2026-07-04T19:02:40.377279,1,1,136.45,0.5,136.2,100,,,,,,,,,,,,,,,,,,,136.7,3,,,,,,,,,,,,,,,,,,
2026-07-04T19:02:40.432413+00:00,2026-07-04T19:02:40.432341,2,1,136.45,0.5,136.2,100,136.1,150,,,,,,,,,,,,,,,,,136.7,3,,,,,,,,,,,,,,,,,,
2026-07-04T19:02:40.484948+00:00,2026-07-04T19:02:40.485121,2,2,136.4,0.4,136.2,100,136.1,150,,,,,,,,,,,,,,,,,136.6,150,136.7,3,,,,,,,,,,,,,,,,
2026-07-04T19:02:41.574475+00:00,2026-07-04T19:02:41.574448,1,1,136.35,0.5,136.1,150,,,,,,,,,,,,,,,,,,,136.6,150,,,,,,,,,,,,,,,,,,
2026-07-04T19:02:41.627674+00:00,2026-07-04T19:02:41.627567,2,1,136.55,0.1,136.5,100,136.1,150,,,,,,,,,,,,,,,,,136.6,150,,,,,,,,,,,,,,,,,,
2026-07-04T19:02:41.684391+00:00,2026-07-04T19:02:41.684480,2,2,136.55,0.1,136.5,100,136.1,150,,,,,,,,,,,,,,,,,136.6,150,137.0,100,,,,,,,,,,,,,,,,
2026-07-04T19:02:41.711722+00:00,2026-07-04T19:02:41.711655,2,2,136.55,0.1,136.5,50,136.1,150,,,,,,,,,,,,,,,,,136.6,150,137.0,100,,,,,,,,,,,,,,,,
2026-07-04T19:02:41.882803+00:00,2026-07-04T19:02:41.882684,2,2,136.55,0.1,136.5,50,136.1,150,,,,,,,,,,,,,,,,,136.6,104,137.0,100,,,,,,,,,,,,,,,,
2026-07-04T19:02:42.768403+00:00,2026-07-04T19:02:42.768295,2,2,136.55,0.1,136.5,25,136.1,150,,,,,,,,,,,,,,,,,136.6,104,137.0,100,,,,,,,,,,,,,,,,
2026-07-04T19:02:43.041174+00:00,2026-07-04T19:02:43.041123,1,2,136.35,0.5,136.1,135,,,,,,,,,,,,,,,,,,,136.6,104,137.0,100,,,,,,,,,,,,,,,,
2026-07-04T19:02:43.528416+00:00,2026-07-04T19:02:43.528314,1,2,136.35,0.5,136.1,86,,,,,,,,,,,,,,,,,,,136.6,104,137.0,100,,,,,,,,,,,,,,,,
2026-07-04T19:02:43.533383+00:00,2026-07-04T19:02:43.533462,1,1,136.55,0.9,136.1,86,,,,,,,,,,,,,,,,,,,137.0,100,,,,,,,,,,,,,,,,,,
2026-07-04T19:02:43.538650+00:00,2026-07-04T19:02:43.538585,0,1,,,,,,,,,,,,,,,,,,,,,,,137.0,100,,,,,,,,,,,,,,,,,,
2026-07-04T19:02:43.592398+00:00,2026-07-04T19:02:43.592340,1,1,136.55,0.9,136.1,150,,,,,,,,,,,,,,,,,,,137.0,100,,,,,,,,,,,,,,,,,,
2026-07-04T19:02:43.645275+00:00,2026-07-04T19:02:43.645200,1,2,136.35,0.5,136.1,150,,,,,,,,,,,,,,,,,,,136.6,150,137.0,100,,,,,,,,,,,,,,,,
2026-07-04T19:02:43.846079+00:00,2026-07-04T19:02:43.845866,1,2,136.35,0.5,136.1,100,,,,,,,,,,,,,,,,,,,136.6,150,137.0,100,,,,,,,,,,,,,,,,
2026-07-04T19:02:44.734644+00:00,2026-07-04T19:02:44.734758,1,1,136.35,0.5,136.1,100,,,,,,,,,,,,,,,,,,,136.6,150,,,,,,,,,,,,,,,,,,
2026-07-04T19:02:44.787912+00:00,2026-07-04T19:02:44.787834,2,1,136.4,0.4,136.2,100,136.1,100,,,,,,,,,,,,,,,,,136.6,150,,,,,,,,,,,,,,,,,,
2026-07-04T19:02:44.840957+00:00,2026-07-04T19:02:44.840920,2,2,136.4,0.4,136.2,100,136.1,100,,,,,,,,,,,,,,,,,136.6,150,136.7,100,,,,,,,,,,,,,,,,
2026-07-04T19:02:45.958586+00:00,2026-07-04T19:02:45.951507,2,2,136.4,0.4,136.2,50,136.1,100,,,,,,,,,,,,,,,,,136.6,150,136.7,100,,,,,,,,,,,,,,,,
2026-07-04T19:02:46.698618+00:00,2026-07-04T19:02:46.698573,1,1,136.45,0.5,136.2,50,,,,,,,,,,,,,,,,,,,136.7,100,,,,,,,,,,,,,,,,,,
2026-07-04T19:02:46.758645+00:00,2026-07-04T19:02:46.750913,2,1,136.45,0.5,136.2,50,135.8,150,,,,,,,,,,,,,,,,,136.7,100,,,,,,,,,,,,,,,,,,
2026-07-04T19:02:46.830730+00:00,2026-07-04T19:02:46.824789,2,2,136.25,0.1,136.2,50,135.8,150,,,,,,,,,,,,,,,,,136.3,138,136.7,100,,,,,,,,,,,,,,,,
2026-07-04T19:02:47.094776+00:00,2026-07-04T19:02:47.094726,2,2,136.25,0.1,136.2,50,135.8,150,,,,,,,,,,,,,,,,,136.3,89,136.7,100,,,,,,,,,,,,,,,,
2026-07-04T19:02:47.796043+00:00,2026-07-04T19:02:47.789103,2,2,136.25,0.1,136.2,50,135.8,150,,,,,,,,,,,,,,,,,136.3,78,136.7,100,,,,,,,,,,,,,,,,
2026-07-04T19:02:47.893098+00:00,2026-07-04T19:02:47.893308,1,1,136.05,0.5,135.8,150,,,,,,,,,,,,,,,,,,,136.3,78,,,,,,,,,,,,,,,,,,
2026-07-04T19:02:47.951086+00:00,2026-07-04T19:02:47.951000,2,1,136.15,0.3,136.0,100,135.8,150,,,,,,,,,,,,,,,,,136.3,78,,,,,,,,,,,,,,,,,,
2026-07-04T19:02:48.033864+00:00,2026-07-04T19:02:48.033715,2,2,136.15,0.3,136.0,100,135.8,150,,,,,,,,,,,,,,,,,136.3,78,136.5,100,,,,,,,,,,,,,,,,
2026-07-04T19:02:48.089924+00:00,2026-07-04T19:02:48.090094,2,2,136.15,0.3,136.0,50,135.8,150,,,,,,,,,,,,,,,,,136.3,78,136.5,100,,,,,,,,,,,,,,,,
2026-07-04T19:02:49.871178+00:00,2026-07-04T19:02:49.871009,1,1,136.25,0.5,136.0,50,,,,,,,,,,,,,,,,,,,136.5,100,,,,,,,,,,,,,,,,,,
2026-07-04T19:02:49.928790+00:00,2026-07-04T19:02:49.928735,2,1,136.3,0.4,136.1,150,136.0,50,,,,,,,,,,,,,,,,,136.5,100,,,,,,,,,,,,,,,,,,
2026-07-04T19:02:49.983881+00:00,2026-07-04T19:02:49.983796,2,2,136.3,0.4,136.1,150,136.0,50,,,,,,,,,,,,,,,,,136.5,100,136.6,150,,,,,,,,,,,,,,,,
2026-07-04T19:02:50.199082+00:00,2026-07-04T19:02:50.199160,2,2,136.3,0.4,136.1,100,136.0,50,,,,,,,,,,,,,,,,,136.5,100,136.6,150,,,,,,,,,,,,,,,,
2026-07-04T19:02:51.087523+00:00,2026-07-04T19:02:51.087430,1,1,136.35,0.5,136.1,100,,,,,,,,,,,,,,,,,,,136.6,150,,,,,,,,,,,,,,,,,,
2026-07-04T19:02:51.144340+00:00,2026-07-04T19:02:51.144151,2,1,136.35,0.5,136.1,100,135.9,100,,,,,,,,,,,,,,,,,136.6,150,,,,,,,,,,,,,,,,,,
2026-07-04T19:02:51.196319+00:00,2026-07-04T19:02:51.196201,2,2,136.25,0.3,136.1,100,135.9,100,,,,,,,,,,,,,,,,,136.4,100,136.6,150,,,,,,,,,,,,,,,,
2026-07-04T19:02:52.142248+00:00,2026-07-04T19:02:52.142157,2,2,136.25,0.3,136.1,54,135.9,100,,,,,,,,,,,,,,,,,136.4,100,136.6,150,,,,,,,,,,,,,,,,
2026-07-04T19:02:52.323001+00:00,2026-07-04T19:02:52.322831,2,2,136.25,0.3,136.1,4,135.9,100,,,,,,,,,,,,,,,,,136.4,100,136.6,150,,,,,,,,,,,,,,,,
2026-07-04T19:02:53.037586+00:00,2026-07-04T19:02:53.037698,1,1,136.15,0.5,135.9,100,,,,,,,,,,,,,,,,,,,136.4,100,,,,,,,,,,,,,,,,,,
2026-07-04T19:02:53.095221+00:00,2026-07-04T19:02:53.095109,2,1,136.15,0.5,135.9,100,135.6,150,,,,,,,,,,,,,,,,,136.4,100,,,,,,,,,,,,,,,,,,
2026-07-04T19:02:53.142050+00:00,2026-07-04T19:02:53.142124,2,2,136.0,0.2,135.9,100,135.6,150,,,,,,,,,,,,,,,,,136.1,150,136.4,100,,,,,,,,,,,,,,,,
2026-07-04T19:02:53.151073+00:00,2026-07-04T19:02:53.145633,2,2,136.0,0.2,135.9,100,135.6,150,,,,,,,,,,,,,,,,,136.1,147,136.4,100,,,,,,,,,,,,,,,,
2026-07-04T19:02:54.249712+00:00,2026-07-04T19:02:54.249840,1,1,135.85,0.5,135.6,150,,,,,,,,,,,,,,,,,,,136.1,147,,,,,,,,,,,,,,,,,,
2026-07-04T19:02:54.303424+00:00,2026-07-04T19:02:54.303243,2,1,135.9,0.4,135.7,100,135.6,150,,,,,,,,,,,,,,,,,136.1,147,,,,,,,,,,,,,,,,,,
2026-07-04T19:02:54.352370+00:00,2026-07-04T19:02:54.352514,2,2,135.9,0.4,135.7,100,135.6,150,,,,,,,,,,,,,,,,,136.1,147,136.2,100,,,,,,,,,,,,,,,,
2026-07-04T19:02:54.429318+00:00,2026-07-04T19:02:54.429145,2,2,135.9,0.4,135.7,50,135.6,150,,,,,,,,,,,,,,,,,136.1,147,136.2,100,,,,,,,,,,,,,,,,
2026-07-04T19:02:56.200521+00:00,2026-07-04T19:02:56.200422,1,1,135.95,0.5,135.7,50,,,,,,,,,,,,,,,,,,,136.2,100,,,,,,,,,,,,,,,,,,
2026-07-04T19:02:56.258542+00:00,2026-07-04T19:02:56.255595,2,1,135.95,0.5,135.7,50,135.5,150,,,,,,,,,,,,,,,,,136.2,100,,,,,,,,,,,,,,,,,,
2026-07-04T19:02:56.308845+00:00,2026-07-04T19:02:56.308733,2,2,135.85,0.3,135.7,50,135.5,150,,,,,,,,,,,,,,,,,136.0,150,136.2,100,,,,,,,,,,,,,,,,
2026-07-04T19:02:56.558657+00:00,2026-07-04T19:02:56.554464,1,2,135.75,0.5,135.5,150,,,,,,,,,,,,,,,,,,,136.0,150,136.2,100,,,,,,,,,,,,,,,,
2026-07-04T19:02:56.769523+00:00,2026-07-04T19:02:56.769490,1,2,135.75,0.5,135.5,150,,,,,,,,,,,,,,,,,,,136.0,102,136.2,100,,,,,,,,,,,,,,,,
2026-07-04T19:02:57.150925+00:00,2026-07-04T19:02:57.145512,1,2,135.75,0.5,135.5,150,,,,,,,,,,,,,,,,,,,136.0,88,136.2,100,,,,,,,,,,,,,,,,
2026-07-04T19:02:57.410355+00:00,2026-07-04T19:02:57.410262,1,1,135.75,0.5,135.5,150,,,,,,,,,,,,,,,,,,,136.0,88,,,,,,,,,,,,,,,,,,
2026-07-04T19:02:57.463970+00:00,2026-07-04T19:02:57.463763,2,1,135.9,0.2,135.8,100,135.5,150,,,,,,,,,,,,,,,,,136.0,88,,,,,,,,,,,,,,,,,,
2026-07-04T19:02:57.515454+00:00,2026-07-04T19:02:57.515389,2,2,135.9,0.2,135.8,100,135.5,150,,,,,,,,,,,,,,,,,136.0,88,136.3,100,,,,,,,,,,,,,,,,
2026-07-04T19:02:58.275872+00:00,2026-07-04T19:02:58.270527,2,2,135.9,0.2,135.8,89,135.5,150,,,,,,,,,,,,,,,,,136.0,88,136.3,100,,,,,,,,,,,,,,,,
2026-07-04T19:02:58.615523+00:00,2026-07-04T19:02:58.615445,2,2,135.9,0.2,135.8,89,135.5,150,,,,,,,,,,,,,,,,,136.0,38,136.3,100,,,,,,,,,,,,,,,,
2026-07-04T19:02:59.358642+00:00,2026-07-04T19:02:59.358026,1,1,136.05,0.5,135.8,89,,,,,,,,,,,,,,,,,,,136.3,100,,,,,,,,,,,,,,,,,,
2026-07-04T19:02:59.416971+00:00,2026-07-04T19:02:59.416858,1,1,136.05,0.5,135.8,239,,,,,,,,,,,,,,,,,,,136.3,100,,,,,,,,,,,,,,,,,,
2026-07-04T19:02:59.469025+00:00,2026-07-04T19:02:59.468938,1,1,136.05,0.5,135.8,239,,,,,,,,,,,,,,,,,,,136.3,250,,,,,,,,,,,,,,,,,,
2026-07-04T19:02:59.486886+00:00,2026-07-04T19:02:59.486732,1,1,136.05,0.5,135.8,193,,,,,,,,,,,,,,,,,,,136.3,250,,,,,,,,,,,,,,,,,,
2026-07-04T19:03:00.099257+00:00,2026-07-04T19:03:00.099070,1,1,136.05,0.5,135.8,193,,,,,,,,,,,,,,,,,,,136.3,204,,,,,,,,,,,,,,,,,,
2026-07-04T19:03:00.569434+00:00,2026-07-04T19:03:00.569567,1,1,136.05,0.5,135.8,150,,,,,,,,,,,,,,,,,,,136.3,150,,,,,,,,,,,,,,,,,,
2026-07-04T19:03:00.623701+00:00,2026-07-04T19:03:00.623526,2,1,136.05,0.5,135.8,150,135.4,100,,,,,,,,,,,,,,,,,136.3,150,,,,,,,,,,,,,,,,,,
2026-07-04T19:03:00.676314+00:00,2026-07-04T19:03:00.676222,2,2,135.85,0.1,135.8,150,135.4,100,,,,,,,,,,,,,,,,,135.9,100,136.3,150,,,,,,,,,,,,,,,,
2026-07-04T19:03:00.780081+00:00,2026-07-04T19:03:00.779947,2,2,135.85,0.1,135.8,100,135.4,100,,,,,,,,,,,,,,,,,135.9,100,136.3,150,,,,,,,,,,,,,,,,
2026-07-04T19:03:01.358550+00:00,2026-07-04T19:03:01.356408,2,2,135.85,0.1,135.8,100,135.4,100,,,,,,,,,,,,,,,,,135.9,60,136.3,150,,,,,,,,,,,,,,,,
2026-07-04T19:03:02.522805+00:00,2026-07-04T19:03:02.522700,1,1,135.65,0.5,135.4,100,,,,,,,,,,,,,,,,,,,135.9,60,,,,,,,,,,,,,,,,,,
2026-07-04T19:03:02.571889+00:00,2026-07-04T19:03:02.571794,2,1,135.75,0.3,135.6,150,135.4,100,,,,,,,,,,,,,,,,,135.9,60,,,,,,,,,,,,,,,,,,
2026-07-04T19:03:02.626349+00:00,2026-07-04T19:03:02.626250,2,2,135.75,0.3,135.6,150,135.4,100,,,,,,,,,,,,,,,,,135.9,60,136.1,150,,,,,,,,,,,,,,,,
2026-07-04T19:03:02.882709+00:00,2026-07-04T19:03:02.882603,2,2,135.75,0.3,135.6,100,135.4,100,,,,,,,,,,,,,,,,,135.9,60,136.1,150,,,,,,,,,,,,,,,,
2026-07-04T19:03:03.729343+00:00,2026-07-04T19:03:03.729245,1,1,135.85,0.5,135.6,100,,,,,,,,,,,,,,,,,,,136.1,150,,,,,,,,,,,,,,,,,,
2026-07-04T19:03:03.784901+00:00,2026-07-04T19:03:03.784761,2,1,135.85,0.5,135.6,100,135.5,100,,,,,,,,,,,,,,,,,136.1,150,,,,,,,,,,,,,,,,,,
2026-07-04T19:03:03.836325+00:00,2026-07-04T19:03:03.836257,2,2,135.8,0.4,135.6,100,135.5,100,,,,,,,,,,,,,,,,,136.0,100,136.1,150,,,,,,,,,,,,,,,,
2026-07-04T19:03:04.941104+00:00,2026-07-04T19:03:04.941052,2,2,135.8,0.4,135.6,100,135.5,100,,,,,,,,,,,,,,,,,136.0,50,136.1,150,,,,,,,,,,,,,,,,
2026-07-04T19:03:05.480851+00:00,2026-07-04T19:03:05.480772,2,2,135.8,0.4,135.6,56,135.5,100,,,,,,,,,,,,,,,,,136.0,50,136.1,150,,,,,,,,,,,,,,,,
2026-07-04T19:03:05.683165+00:00,2026-07-04T19:03:05.683129,1,1,135.75,0.5,135.5,100,,,,,,,,,,,,,,,,,,,136.0,50,,,,,,,,,,,,,,,,,,
2026-07-04T19:03:05.738416+00:00,2026-07-04T19:03:05.738298,2,1,135.75,0.5,135.5,100,135.3,150,,,,,,,,,,,,,,,,,136.0,50,,,,,,,,,,,,,,,,,,
2026-07-04T19:03:05.791539+00:00,2026-07-04T19:03:05.791408,2,2,135.65,0.3,135.5,100,135.3,150,,,,,,,,,,,,,,,,,135.8,150,136.0,50,,,,,,,,,,,,,,,,
2026-07-04T19:03:06.893908+00:00,2026-07-04T19:03:06.893760,1,1,135.55,0.5,135.3,150,,,,,,,,,,,,,,,,,,,135.8,150,,,,,,,,,,,,,,,,,,
2026-07-04T19:03:06.948424+00:00,2026-07-04T19:03:06.948539,2,1,135.75,0.1,135.7,100,135.3,150,,,,,,,,,,,,,,,,,135.8,150,,,,,,,,,,,,,,,,,,
2026-07-04T19:03:07.000995+00:00,2026-07-04T19:03:07.000871,2,2,135.75,0.1,135.7,100,135.3,150,,,,,,,,,,,,,,,,,135.8,103,136.2,100,,,,,,,,,,,,,,,,
2026-07-04T19:03:07.058540+00:00,2026-07-04T19:03:07.053493,2,2,135.75,0.1,135.7,100,135.3,150,,,,,,,,,,,,,,,,,135.8,53,136.2,100,,,,,,,,,,,,,,,,
2026-07-04T19:03:07.805038+00:00,2026-07-04T19:03:07.804968,2,2,135.75,0.1,135.7,100,135.3,150,,,,,,,,,,,,,,,,,135.8,28,136.2,100,,,,,,,,,,,,,,,,
2026-07-04T19:03:08.847634+00:00,2026-07-04T19:03:08.847529,1,1,135.95,0.5,135.7,100,,,,,,,,,,,,,,,,,,,136.2,100,,,,,,,,,,,,,,,,,,
2026-07-04T19:03:08.902416+00:00,2026-07-04T19:03:08.902578,2,1,136.05,0.3,135.9,150,135.7,100,,,,,,,,,,,,,,,,,136.2,100,,,,,,,,,,,,,,,,,,
2026-07-04T19:03:08.958614+00:00,2026-07-04T19:03:08.958448,2,2,136.05,0.3,135.9,150,135.7,100,,,,,,,,,,,,,,,,,136.2,100,136.4,150,,,,,,,,,,,,,,,,
2026-07-04T19:03:09.228606+00:00,2026-07-04T19:03:09.228767,2,2,136.05,0.3,135.9,100,135.7,100,,,,,,,,,,,,,,,,,136.2,100,136.4,150,,,,,,,,,,,,,,,,
2026-07-04T19:03:10.058546+00:00,2026-07-04T19:03:10.054516,1,1,136.15,0.5,135.9,100,,,,,,,,,,,,,,,,,,,136.4,150,,,,,,,,,,,,,,,,,,
2026-07-04T19:03:10.104552+00:00,2026-07-04T19:03:10.104502,2,1,136.15,0.5,135.9,100,135.8,100,,,,,,,,,,,,,,,,,136.4,150,,,,,,,,,,,,,,,,,,
2026-07-04T19:03:10.158654+00:00,2026-07-04T19:03:10.154913,2,2,136.1,0.4,135.9,100,135.8,100,,,,,,,,,,,,,,,,,136.3,100,136.4,150,,,,,,,,,,,,,,,,
2026-07-04T19:03:11.332613+00:00,2026-07-04T19:03:11.332572,2,2,136.1,0.4,135.9,50,135.8,100,,,,,,,,,,,,,,,,,136.3,100,136.4,150,,,,,,,,,,,,,,,,
2026-07-04T19:03:12.008873+00:00,2026-07-04T19:03:12.008848,1,1,136.05,0.5,135.8,100,,,,,,,,,,,,,,,,,,,136.3,100,,,,,,,,,,,,,,,,,,
2026-07-04T19:03:12.069900+00:00,2026-07-04T19:03:12.069803,2,1,136.05,0.5,135.8,100,135.4,150,,,,,,,,,,,,,,,,,136.3,100,,,,,,,,,,,,,,,,,,
2026-07-04T19:03:12.122879+00:00,2026-07-04T19:03:12.122792,2,2,135.85,0.1,135.8,100,135.4,150,,,,,,,,,,,,,,,,,135.9,150,136.3,100,,,,,,,,,,,,,,,,
2026-07-04T19:03:12.819611+00:00,2026-07-04T19:03:12.819550,2,2,135.85,0.1,135.8,100,135.4,150,,,,,,,,,,,,,,,,,135.9,125,136.3,100,,,,,,,,,,,,,,,,
2026-07-04T19:03:13.218551+00:00,2026-07-04T19:03:13.218376,1,1,135.65,0.5,135.4,150,,,,,,,,,,,,,,,,,,,135.9,125,,,,,,,,,,,,,,,,,,
2026-07-04T19:03:13.273171+00:00,2026-07-04T19:03:13.273006,2,1,135.75,0.3,135.6,100,135.4,150,,,,,,,,,,,,,,,,,135.9,125,,,,,,,,,,,,,,,,,,
2026-07-04T19:03:13.325933+00:00,2026-07-04T19:03:13.325774,2,2,135.75,0.3,135.6,100,135.4,150,,,,,,,,,,,,,,,,,135.9,125,136.1,100,,,,,,,,,,,,,,,,
2026-07-04T19:03:13.440112+00:00,2026-07-04T19:03:13.439959,2,2,135.75,0.3,135.6,50,135.4,150,,,,,,,,,,,,,,,,,135.9,125,136.1,100,,,,,,,,,,,,,,,,
2026-07-04T19:03:14.486414+00:00,2026-07-04T19:03:14.486380,2,2,135.75,0.3,135.6,3,135.4,150,,,,,,,,,,,,,,,,,135.9,125,136.1,100,,,,,,,,,,,,,,,,
2026-07-04T19:03:15.177500+00:00,2026-07-04T19:03:15.177459,1,1,135.85,0.5,135.6,3,,,,,,,,,,,,,,,,,,,136.1,100,,,,,,,,,,,,,,,,,,
2026-07-04T19:03:15.233115+00:00,2026-07-04T19:03:15.233078,2,1,135.85,0.5,135.6,3,135.4,150,,,,,,,,,,,,,,,,,136.1,100,,,,,,,,,,,,,,,,,,
2026-07-04T19:03:15.284712+00:00,2026-07-04T19:03:15.284664,2,2,135.75,0.3,135.6,3,135.4,150,,,,,,,,,,,,,,,,,135.9,150,136.1,100,,,,,,,,,,,,,,,,
2026-07-04T19:03:15.558940+00:00,2026-07-04T19:03:15.558729,1,2,135.65,0.5,135.4,103,,,,,,,,,,,,,,,,,,,135.9,150,136.1,100,,,,,,,,,,,,,,,,
2026-07-04T19:03:15.610186+00:00,2026-07-04T19:03:15.610109,1,2,135.65,0.5,135.4,103,,,,,,,,,,,,,,,,,,,135.9,101,136.1,100,,,,,,,,,,,,,,,,
2026-07-04T19:03:16.381167+00:00,2026-07-04T19:03:16.380979,1,1,135.65,0.5,135.4,103,,,,,,,,,,,,,,,,,,,135.9,101,,,,,,,,,,,,,,,,,,
2026-07-04T19:03:16.435175+00:00,2026-07-04T19:03:16.435023,2,1,135.65,0.5,135.4,103,135.2,100,,,,,,,,,,,,,,,,,135.9,101,,,,,,,,,,,,,,,,,,
2026-07-04T19:03:16.485110+00:00,2026-07-04T19:03:16.485029,2,2,135.55,0.3,135.4,103,135.2,100,,,,,,,,,,,,,,,,,135.7,100,135.9,101,,,,,,,,,,,,,,,,
2026-07-04T19:03:17.234701+00:00,2026-07-04T19:03:17.234575,2,2,135.55,0.3,135.4,103,135.2,100,,,,,,,,,,,,,,,,,135.7,54,135.9,101,,,,,,,,,,,,,,,,
2026-07-04T19:03:17.664248+00:00,2026-07-04T19:03:17.664107,2,2,135.55,0.3,135.4,53,135.2,100,,,,,,,,,,,,,,,,,135.7,54,135.9,101,,,,,,,,,,,,,,,,
2026-07-04T19:03:17.830794+00:00,2026-07-04T19:03:17.830699,2,2,135.55,0.3,135.4,53,135.2,100,,,,,,,,,,,,,,,,,135.7,29,135.9,101,,,,,,,,,,,,,,,,
2026-07-04T19:03:18.341307+00:00,2026-07-04T19:03:18.341198,1,1,135.45,0.5,135.2,100,,,,,,,,,,,,,,,,,,,135.7,29,,,,,,,,,,,,,,,,,,
2026-07-04T19:03:18.397757+00:00,2026-07-04T19:03:18.397716,2,1,135.45,0.5,135.2,100,135.1,150,,,,,,,,,,,,,,,,,135.7,29,,,,,,,,,,,,,,,,,,
2026-07-04T19:03:18.445634+00:00,2026-07-04T19:03:18.445709,2,2,135.4,0.4,135.2,100,135.1,150,,,,,,,,,,,,,,,,,135.6,150,135.7,29,,,,,,,,,,,,,,,,
2026-07-04T19:03:19.541870+00:00,2026-07-04T19:03:19.541778,1,1,135.35,0.5,135.1,150,,,,,,,,,,,,,,,,,,,135.6,150,,,,,,,,,,,,,,,,,,
2026-07-04T19:03:19.596964+00:00,2026-07-04T19:03:19.596912,2,1,135.5,0.2,135.4,100,135.1,150,,,,,,,,,,,,,,,,,135.6,150,,,,,,,,,,,,,,,,,,
2026-07-04T19:03:19.649734+00:00,2026-07-04T19:03:19.649407,2,2,135.5,0.2,135.4,100,135.1,150,,,,,,,,,,,,,,,,,135.6,150,135.9,100,,,,,,,,,,,,,,,,
2026-07-04T19:03:19.770243+00:00,2026-07-04T19:03:19.770169,2,2,135.5,0.2,135.4,50,135.1,150,,,,,,,,,,,,,,,,,135.6,150,135.9,100,,,,,,,,,,,,,,,,
2026-07-04T19:03:21.504149+00:00,2026-07-04T19:03:21.504089,1,1,135.65,0.5,135.4,50,,,,,,,,,,,,,,,,,,,135.9,100,,,,,,,,,,,,,,,,,,
2026-07-04T19:03:21.558631+00:00,2026-07-04T19:03:21.553845,2,1,135.65,0.5,135.4,50,135.2,150,,,,,,,,,,,,,,,,,135.9,100,,,,,,,,,,,,,,,,,,
2026-07-04T19:03:21.612768+00:00,2026-07-04T19:03:21.612688,2,2,135.55,0.3,135.4,50,135.2,150,,,,,,,,,,,,,,,,,135.7,150,135.9,100,,,,,,,,,,,,,,,,
2026-07-04T19:03:22.704086+00:00,2026-07-04T19:03:22.704018,1,1,135.45,0.5,135.2,150,,,,,,,,,,,,,,,,,,,135.7,150,,,,,,,,,,,,,,,,,,
2026-07-04T19:03:22.759172+00:00,2026-07-04T19:03:22.759027,2,1,135.5,0.4,135.3,100,135.2,150,,,,,,,,,,,,,,,,,135.7,150,,,,,,,,,,,,,,,,,,
2026-07-04T19:03:22.774539+00:00,2026-07-04T19:03:22.774629,2,1,135.5,0.4,135.3,60,135.2,150,,,,,,,,,,,,,,,,,135.7,150,,,,,,,,,,,,,,,,,,
2026-07-04T19:03:22.811127+00:00,2026-07-04T19:03:22.811217,2,2,135.5,0.4,135.3,60,135.2,150,,,,,,,,,,,,,,,,,135.7,150,135.8,100,,,,,,,,,,,,,,,,
2026-07-04T19:03:22.849197+00:00,2026-07-04T19:03:22.849119,2,2,135.5,0.4,135.3,60,135.2,150,,,,,,,,,,,,,,,,,135.7,125,135.8,100,,,,,,,,,,,,,,,,
2026-07-04T19:03:23.403848+00:00,2026-07-04T19:03:23.403811,2,2,135.5,0.4,135.3,60,135.2,150,,,,,,,,,,,,,,,,,135.7,77,135.8,100,,,,,,,,,,,,,,,,
2026-07-04T19:03:23.928935+00:00,2026-07-04T19:03:23.928854,2,2,135.5,0.4,135.3,60,135.2,150,,,,,,,,,,,,,,,,,135.7,27,135.8,100,,,,,,,,,,,,,,,,
2026-07-04T19:03:24.664115+00:00,2026-07-04T19:03:24.664023,1,1,135.55,0.5,135.3,60,,,,,,,,,,,,,,,,,,,135.8,100,,,,,,,,,,,,,,,,,,
2026-07-04T19:03:24.720375+00:00,2026-07-04T19:03:24.720483,2,1,135.7,0.2,135.6,150,135.3,60,,,,,,,,,,,,,,,,,135.8,100,,,,,,,,,,,,,,,,,,
2026-07-04T19:03:24.773485+00:00,2026-07-04T19:03:24.773449,2,2,135.7,0.2,135.6,150,135.3,60,,,,,,,,,,,,,,,,,135.8,100,136.1,150,,,,,,,,,,,,,,,,
2026-07-04T19:03:25.866508+00:00,2026-07-04T19:03:25.866461,1,1,135.85,0.5,135.6,150,,,,,,,,,,,,,,,,,,,136.1,150,,,,,,,,,,,,,,,,,,
2026-07-04T19:03:25.920552+00:00,2026-07-04T19:03:25.920663,2,1,135.85,0.5,135.6,150,135.3,100,,,,,,,,,,,,,,,,,136.1,150,,,,,,,,,,,,,,,,,,
2026-07-04T19:03:25.974303+00:00,2026-07-04T19:03:25.974469,2,2,135.7,0.2,135.6,150,135.3,100,,,,,,,,,,,,,,,,,135.8,100,136.1,150,,,,,,,,,,,,,,,,
2026-07-04T19:03:26.086442+00:00,2026-07-04T19:03:26.086372,2,2,135.7,0.2,135.6,100,135.3,100,,,,,,,,,,,,,,,,,135.8,100,136.1,150,,,,,,,,,,,,,,,,
2026-07-04T19:03:26.107311+00:00,2026-07-04T19:03:26.107203,2,2,135.7,0.2,135.6,55,135.3,100,,,,,,,,,,,,,,,,,135.8,100,136.1,150,,,,,,,,,,,,,,,,
2026-07-04T19:03:26.590928+00:00,2026-07-04T19:03:26.590827,2,2,135.7,0.2,135.6,13,135.3,100,,,,,,,,,,,,,,,,,135.8,100,136.1,150,,,,,,,,,,,,,,,,
2026-07-04T19:03:27.828149+00:00,2026-07-04T19:03:27.828277,1,1,135.55,0.5,135.3,100,,,,,,,,,,,,,,,,,,,135.8,100,,,,,,,,,,,,,,,,,,
2026-07-04T19:03:27.858534+00:00,2026-07-04T19:03:27.855285,1,1,135.55,0.5,135.3,100,,,,,,,,,,,,,,,,,,,135.8,75,,,,,,,,,,,,,,,,,,
2026-07-04T19:03:27.883903+00:00,2026-07-04T19:03:27.883731,1,1,135.55,0.5,135.3,250,,,,,,,,,,,,,,,,,,,135.8,75,,,,,,,,,,,,,,,,,,
2026-07-04T19:03:27.937099+00:00,2026-07-04T19:03:27.936982,1,1,135.55,0.5,135.3,250,,,,,,,,,,,,,,,,,,,135.8,225,,,,,,,,,,,,,,,,,,
2026-07-04T19:03:28.202959+00:00,2026-07-04T19:03:28.203108,1,1,135.55,0.5,135.3,200,,,,,,,,,,,,,,,,,,,135.8,225,,,,,,,,,,,,,,,,,,
2026-07-04T19:03:29.029395+00:00,2026-07-04T19:03:29.029261,1,1,135.55,0.5,135.3,150,,,,,,,,,,,,,,,,,,,135.8,150,,,,,,,,,,,,,,,,,,
2026-07-04T19:03:29.079749+00:00,2026-07-04T19:03:29.079651,2,1,135.55,0.5,135.3,150,135.2,100,,,,,,,,,,,,,,,,,135.8,150,,,,,,,,,,,,,,,,,,
2026-07-04T19:03:29.135870+00:00,2026-07-04T19:03:29.135966,2,2,135.5,0.4,135.3,150,135.2,100,,,,,,,,,,,,,,,,,135.7,100,135.8,150,,,,,,,,,,,,,,,,
2026-07-04T19:03:29.711092+00:00,2026-07-04T19:03:29.706269,2,2,135.5,0.4,135.3,150,135.2,100,,,,,,,,,,,,,,,,,135.7,89,135.8,150,,,,,,,,,,,,,,,,
2026-07-04T19:03:30.251015+00:00,2026-07-04T19:03:30.250881,2,2,135.5,0.4,135.3,150,135.2,100,,,,,,,,,,,,,,,,,135.7,39,135.8,150,,,,,,,,,,,,,,,,
2026-07-04T19:03:30.463636+00:00,2026-07-04T19:03:30.463857,2,1,135.55,0.5,135.3,150,135.2,100,,,,,,,,,,,,,,,,,135.8,144,,,,,,,,,,,,,,,,,,
2026-07-04T19:03:30.993066+00:00,2026-07-04T19:03:30.993013,1,0,,,135.2,100,,,,,,,,,,,,,,,,,,,,,,,,,,,,,,,,,,,,,,
2026-07-04T19:03:31.045357+00:00,2026-07-04T19:03:31.045238,2,0,,,135.4,150,135.2,100,,,,,,,,,,,,,,,,,,,,,,,,,,,,,,,,,,,,
2026-07-04T19:03:31.099276+00:00,2026-07-04T19:03:31.099164,2,1,135.65,0.5,135.4,150,135.2,100,,,,,,,,,,,,,,,,,135.9,150,,,,,,,,,,,,,,,,,,
2026-07-04T19:03:32.187333+00:00,2026-07-04T19:03:32.187213,1,1,135.65,0.5,135.4,150,,,,,,,,,,,,,,,,,,,135.9,150,,,,,,,,,,,,,,,,,,
2026-07-04T19:03:32.243784+00:00,2026-07-04T19:03:32.243682,2,1,135.75,0.3,135.6,100,135.4,150,,,,,,,,,,,,,,,,,135.9,150,,,,,,,,,,,,,,,,,,
2026-07-04T19:03:32.291116+00:00,2026-07-04T19:03:32.291010,2,2,135.75,0.3,135.6,100,135.4,150,,,,,,,,,,,,,,,,,135.9,150,136.1,100,,,,,,,,,,,,,,,,
2026-07-04T19:03:32.410908+00:00,2026-07-04T19:03:32.410755,2,2,135.75,0.3,135.6,50,135.4,150,,,,,,,,,,,,,,,,,135.9,150,136.1,100,,,,,,,,,,,,,,,,
2026-07-04T19:03:32.577503+00:00,2026-07-04T19:03:32.577461,2,2,135.75,0.3,135.6,5,135.4,150,,,,,,,,,,,,,,,,,135.9,150,136.1,100,,,,,,,,,,,,,,,,
2026-07-04T19:03:34.147953+00:00,2026-07-04T19:03:34.148114,1,1,135.85,0.5,135.6,5,,,,,,,,,,,,,,,,,,,136.1,100,,,,,,,,,,,,,,,,,,
2026-07-04T19:03:34.205814+00:00,2026-07-04T19:03:34.205721,2,1,135.85,0.5,135.6,5,135.4,150,,,,,,,,,,,,,,,,,136.1,100,,,,,,,,,,,,,,,,,,
2026-07-04T19:03:34.258609+00:00,2026-07-04T19:03:34.256519,2,2,135.75,0.3,135.6,5,135.4,150,,,,,,,,,,,,,,,,,135.9,150,136.1,100,,,,,,,,,,,,,,,,
2026-07-04T19:03:34.517572+00:00,2026-07-04T19:03:34.517542,1,2,135.65,0.5,135.4,105,,,,,,,,,,,,,,,,,,,135.9,150,136.1,100,,,,,,,,,,,,,,,,
2026-07-04T19:03:35.077579+00:00,2026-07-04T19:03:35.077694,1,2,135.65,0.5,135.4,105,,,,,,,,,,,,,,,,,,,135.9,104,136.1,100,,,,,,,,,,,,,,,,
2026-07-04T19:03:35.350427+00:00,2026-07-04T19:03:35.350336,1,1,135.65,0.5,135.4,105,,,,,,,,,,,,,,,,,,,135.9,104,,,,,,,,,,,,,,,,,,
2026-07-04T19:03:35.403360+00:00,2026-07-04T19:03:35.403493,2,1,135.65,0.5,135.4,105,135.3,100,,,,,,,,,,,,,,,,,135.9,104,,,,,,,,,,,,,,,,,,
2026-07-04T19:03:35.454737+00:00,2026-07-04T19:03:35.454860,2,2,135.6,0.4,135.4,105,135.3,100,,,,,,,,,,,,,,,,,135.8,100,135.9,104,,,,,,,,,,,,,,,,
2026-07-04T19:03:36.576046+00:00,2026-07-04T19:03:36.575975,2,2,135.6,0.4,135.4,105,135.3,100,,,,,,,,,,,,,,,,,135.8,50,135.9,104,,,,,,,,,,,,,,,,
2026-07-04T19:03:37.316917+00:00,2026-07-04T19:03:37.316853,1,1,135.55,0.5,135.3,100,,,,,,,,,,,,,,,,,,,135.8,50,,,,,,,,,,,,,,,,,,
2026-07-04T19:03:37.371713+00:00,2026-07-04T19:03:37.371607,2,1,135.55,0.5,135.3,100,135.1,150,,,,,,,,,,,,,,,,,135.8,50,,,,,,,,,,,,,,,,,,
2026-07-04T19:03:37.426321+00:00,2026-07-04T19:03:37.426230,2,2,135.45,0.3,135.3,100,135.1,150,,,,,,,,,,,,,,,,,135.6,150,135.8,50,,,,,,,,,,,,,,,,
2026-07-04T19:03:37.693454+00:00,2026-07-04T19:03:37.693409,2,2,135.45,0.3,135.3,56,135.1,150,,,,,,,,,,,,,,,,,135.6,150,135.8,50,,,,,,,,,,,,,,,,
2026-07-04T19:03:38.513707+00:00,2026-07-04T19:03:38.513864,1,1,135.35,0.5,135.1,150,,,,,,,,,,,,,,,,,,,135.6,150,,,,,,,,,,,,,,,,,,
2026-07-04T19:03:38.568904+00:00,2026-07-04T19:03:38.568722,2,1,135.35,0.5,135.1,150,135.0,100,,,,,,,,,,,,,,,,,135.6,150,,,,,,,,,,,,,,,,,,
2026-07-04T19:03:38.622165+00:00,2026-07-04T19:03:38.622112,2,2,135.3,0.4,135.1,150,135.0,100,,,,,,,,,,,,,,,,,135.5,100,135.6,150,,,,,,,,,,,,,,,,
2026-07-04T19:03:38.682688+00:00,2026-07-04T19:03:38.682541,2,2,135.3,0.4,135.1,150,135.0,100,,,,,,,,,,,,,,,,,135.5,50,135.6,150,,,,,,,,,,,,,,,,
2026-07-04T19:03:40.481167+00:00,2026-07-04T19:03:40.481078,1,1,135.25,0.5,135.0,100,,,,,,,,,,,,,,,,,,,135.5,50,,,,,,,,,,,,,,,,,,
2026-07-04T19:03:40.537656+00:00,2026-07-04T19:03:40.537486,1,1,135.25,0.5,135.0,250,,,,,,,,,,,,,,,,,,,135.5,50,,,,,,,,,,,,,,,,,,
2026-07-04T19:03:40.590945+00:00,2026-07-04T19:03:40.590823,1,1,135.25,0.5,135.0,250,,,,,,,,,,,,,,,,,,,135.5,200,,,,,,,,,,,,,,,,,,
2026-07-04T19:03:41.526687+00:00,2026-07-04T19:03:41.521564,1,1,135.25,0.5,135.0,250,,,,,,,,,,,,,,,,,,,135.5,188,,,,,,,,,,,,,,,,,,
2026-07-04T19:03:41.677295+00:00,2026-07-04T19:03:41.677217,1,1,135.25,0.5,135.0,150,,,,,,,,,,,,,,,,,,,135.5,150,,,,,,,,,,,,,,,,,,
2026-07-04T19:03:41.737630+00:00,2026-07-04T19:03:41.737487,2,1,135.45,0.1,135.4,100,135.0,150,,,,,,,,,,,,,,,,,135.5,150,,,,,,,,,,,,,,,,,,
2026-07-04T19:03:41.792360+00:00,2026-07-04T19:03:41.792158,2,2,135.45,0.1,135.4,100,135.0,150,,,,,,,,,,,,,,,,,135.5,150,135.9,100,,,,,,,,,,,,,,,,
2026-07-04T19:03:42.369519+00:00,2026-07-04T19:03:42.369448,2,2,135.45,0.1,135.4,100,135.0,150,,,,,,,,,,,,,,,,,135.5,107,135.9,100,,,,,,,,,,,,,,,,
2026-07-04T19:03:42.936448+00:00,2026-07-04T19:03:42.936663,2,2,135.45,0.1,135.4,100,135.0,150,,,,,,,,,,,,,,,,,135.5,61,135.9,100,,,,,,,,,,,,,,,,
2026-07-04T19:03:42.947126+00:00,2026-07-04T19:03:42.947063,2,2,135.45,0.1,135.4,50,135.0,150,,,,,,,,,,,,,,,,,135.5,61,135.9,100,,,,,,,,,,,,,,,,
2026-07-04T19:03:43.640436+00:00,2026-07-04T19:03:43.640352,1,1,135.65,0.5,135.4,50,,,,,,,,,,,,,,,,,,,135.9,100,,,,,,,,,,,,,,,,,,
2026-07-04T19:03:43.701300+00:00,2026-07-04T19:03:43.701044,2,1,135.65,0.5,135.4,50,135.3,150,,,,,,,,,,,,,,,,,135.9,100,,,,,,,,,,,,,,,,,,
2026-07-04T19:03:43.758607+00:00,2026-07-04T19:03:43.749644,2,2,135.6,0.4,135.4,50,135.3,150,,,,,,,,,,,,,,,,,135.8,150,135.9,100,,,,,,,,,,,,,,,,
2026-07-04T19:03:44.148291+00:00,2026-07-04T19:03:44.142786,2,2,135.6,0.4,135.4,27,135.3,150,,,,,,,,,,,,,,,,,135.8,150,135.9,100,,,,,,,,,,,,,,,,
2026-07-04T19:03:44.843857+00:00,2026-07-04T19:03:44.843734,1,1,135.55,0.5,135.3,150,,,,,,,,,,,,,,,,,,,135.8,150,,,,,,,,,,,,,,,,,,
2026-07-04T19:03:44.900480+00:00,2026-07-04T19:03:44.900341,2,1,135.55,0.5,135.3,150,134.7,100,,,,,,,,,,,,,,,,,135.8,150,,,,,,,,,,,,,,,,,,
2026-07-04T19:03:44.958595+00:00,2026-07-04T19:03:44.953008,2,1,135.55,0.5,135.3,50,134.7,100,,,,,,,,,,,,,,,,,135.8,150,,,,,,,,,,,,,,,,,,
2026-07-04T19:03:45.058591+00:00,2026-07-04T19:03:45.054211,1,1,135.25,1.1,134.7,100,,,,,,,,,,,,,,,,,,,135.8,150,,,,,,,,,,,,,,,,,,
2026-07-04T19:03:46.806526+00:00,2026-07-04T19:03:46.806452,1,0,,,134.7,100,,,,,,,,,,,,,,,,,,,,,,,,,,,,,,,,,,,,,,
2026-07-04T19:03:46.858597+00:00,2026-07-04T19:03:46.857848,1,0,,,134.7,250,,,,,,,,,,,,,,,,,,,,,,,,,,,,,,,,,,,,,,
2026-07-04T19:03:46.935255+00:00,2026-07-04T19:03:46.928815,1,1,134.95,0.5,134.7,250,,,,,,,,,,,,,,,,,,,135.2,127,,,,,,,,,,,,,,,,,,
2026-07-04T19:03:47.158691+00:00,2026-07-04T19:03:47.158646,1,1,134.95,0.5,134.7,200,,,,,,,,,,,,,,,,,,,135.2,127,,,,,,,,,,,,,,,,,,
2026-07-04T19:03:48.005867+00:00,2026-07-04T19:03:48.005814,1,1,134.95,0.5,134.7,150,,,,,,,,,,,,,,,,,,,135.2,127,,,,,,,,,,,,,,,,,,
2026-07-04T19:03:48.051290+00:00,2026-07-04T19:03:48.051490,2,1,135.15,0.1,135.1,100,134.7,150,,,,,,,,,,,,,,,,,135.2,127,,,,,,,,,,,,,,,,,,
2026-07-04T19:03:48.111302+00:00,2026-07-04T19:03:48.111210,2,2,135.15,0.1,135.1,100,134.7,150,,,,,,,,,,,,,,,,,135.2,127,135.6,100,,,,,,,,,,,,,,,,
2026-07-04T19:03:49.211803+00:00,2026-07-04T19:03:49.206374,2,2,135.15,0.1,135.1,100,134.7,150,,,,,,,,,,,,,,,,,135.2,116,135.6,100,,,,,,,,,,,,,,,,
2026-07-04T19:03:49.269188+00:00,2026-07-04T19:03:49.269020,2,2,135.15,0.1,135.1,50,134.7,150,,,,,,,,,,,,,,,,,135.2,116,135.6,100,,,,,,,,,,,,,,,,
2026-07-04T19:03:49.779927+00:00,2026-07-04T19:03:49.779781,2,2,135.15,0.1,135.1,8,134.7,150,,,,,,,,,,,,,,,,,135.2,116,135.6,100,,,,,,,,,,,,,,,,
2026-07-04T19:03:49.981559+00:00,2026-07-04T19:03:49.981496,1,1,135.35,0.5,135.1,8,,,,,,,,,,,,,,,,,,,135.6,100,,,,,,,,,,,,,,,,,,
2026-07-04T19:03:50.036919+00:00,2026-07-04T19:03:50.036826,2,1,135.35,0.5,135.1,8,134.9,150,,,,,,,,,,,,,,,,,135.6,100,,,,,,,,,,,,,,,,,,
2026-07-04T19:03:50.089555+00:00,2026-07-04T19:03:50.089667,2,2,135.25,0.3,135.1,8,134.9,150,,,,,,,,,,,,,,,,,135.4,150,135.6,100,,,,,,,,,,,,,,,,
2026-07-04T19:03:51.166665+00:00,2026-07-04T19:03:51.166544,1,1,135.15,0.5,134.9,150,,,,,,,,,,,,,,,,,,,135.4,150,,,,,,,,,,,,,,,,,,
2026-07-04T19:03:51.221070+00:00,2026-07-04T19:03:51.220927,2,1,135.15,0.5,134.9,150,134.8,100,,,,,,,,,,,,,,,,,135.4,150,,,,,,,,,,,,,,,,,,
2026-07-04T19:03:51.273840+00:00,2026-07-04T19:03:51.273944,2,2,135.1,0.4,134.9,150,134.8,100,,,,,,,,,,,,,,,,,135.3,100,135.4,150,,,,,,,,,,,,,,,,
2026-07-04T19:03:51.375860+00:00,2026-07-04T19:03:51.376000,2,2,135.1,0.4,134.9,100,134.8,100,,,,,,,,,,,,,,,,,135.3,100,135.4,150,,,,,,,,,,,,,,,,
2026-07-04T19:03:53.146618+00:00,2026-07-04T19:03:53.146520,1,1,135.05,0.5,134.8,100,,,,,,,,,,,,,,,,,,,135.3,100,,,,,,,,,,,,,,,,,,
2026-07-04T19:03:53.202264+00:00,2026-07-04T19:03:53.202215,1,1,135.05,0.5,134.8,250,,,,,,,,,,,,,,,,,,,135.3,100,,,,,,,,,,,,,,,,,,
2026-07-04T19:03:53.255420+00:00,2026-07-04T19:03:53.255495,1,1,135.05,0.5,134.8,250,,,,,,,,,,,,,,,,,,,135.3,250,,,,,,,,,,,,,,,,,,
2026-07-04T19:03:53.431852+00:00,2026-07-04T19:03:53.431783,1,1,135.05,0.5,134.8,250,,,,,,,,,,,,,,,,,,,135.3,200,,,,,,,,,,,,,,,,,,
2026-07-04T19:03:54.331240+00:00,2026-07-04T19:03:54.331086,1,1,135.05,0.5,134.8,150,,,,,,,,,,,,,,,,,,,135.3,150,,,,,,,,,,,,,,,,,,
2026-07-04T19:03:54.380837+00:00,2026-07-04T19:03:54.380753,2,1,135.1,0.4,134.9,100,134.8,150,,,,,,,,,,,,,,,,,135.3,150,,,,,,,,,,,,,,,,,,
2026-07-04T19:03:54.438861+00:00,2026-07-04T19:03:54.438749,2,2,135.1,0.4,134.9,100,134.8,150,,,,,,,,,,,,,,,,,135.3,150,135.4,100,,,,,,,,,,,,,,,,
2026-07-04T19:03:55.548302+00:00,2026-07-04T19:03:55.548187,2,2,135.1,0.4,134.9,100,134.8,150,,,,,,,,,,,,,,,,,135.3,100,135.4,100,,,,,,,,,,,,,,,,
2026-07-04T19:03:56.311529+00:00,2026-07-04T19:03:56.311428,1,1,135.15,0.5,134.9,100,,,,,,,,,,,,,,,,,,,135.4,100,,,,,,,,,,,,,,,,,,
2026-07-04T19:03:56.367335+00:00,2026-07-04T19:03:56.367181,1,1,135.15,0.5,134.9,250,,,,,,,,,,,,,,,,,,,135.4,100,,,,,,,,,,,,,,,,,,
2026-07-04T19:03:56.436336+00:00,2026-07-04T19:03:56.436270,1,1,135.15,0.5,134.9,250,,,,,,,,,,,,,,,,,,,135.4,250,,,,,,,,,,,,,,,,,,
2026-07-04T19:03:56.737673+00:00,2026-07-04T19:03:56.737596,1,1,135.15,0.5,134.9,210,,,,,,,,,,,,,,,,,,,135.4,250,,,,,,,,,,,,,,,,,,
2026-07-04T19:03:57.493643+00:00,2026-07-04T19:03:57.493538,1,1,135.15,0.5,134.9,150,,,,,,,,,,,,,,,,,,,135.4,150,,,,,,,,,,,,,,,,,,
2026-07-04T19:03:57.547863+00:00,2026-07-04T19:03:57.547781,1,1,135.15,0.5,134.9,250,,,,,,,,,,,,,,,,,,,135.4,150,,,,,,,,,,,,,,,,,,
2026-07-04T19:03:57.600042+00:00,2026-07-04T19:03:57.599964,1,1,135.15,0.5,134.9,250,,,,,,,,,,,,,,,,,,,135.4,250,,,,,,,,,,,,,,,,,,
2026-07-04T19:03:57.652446+00:00,2026-07-04T19:03:57.652288,1,1,135.15,0.5,134.9,250,,,,,,,,,,,,,,,,,,,135.4,200,,,,,,,,,,,,,,,,,,
2026-07-04T19:03:59.494555+00:00,2026-07-04T19:03:59.494450,1,1,135.15,0.5,134.9,100,,,,,,,,,,,,,,,,,,,135.4,100,,,,,,,,,,,,,,,,,,
2026-07-04T19:03:59.552027+00:00,2026-07-04T19:03:59.551968,2,1,135.15,0.5,134.9,100,134.6,150,,,,,,,,,,,,,,,,,135.4,100,,,,,,,,,,,,,,,,,,
2026-07-04T19:03:59.603226+00:00,2026-07-04T19:03:59.603120,2,2,135.0,0.2,134.9,100,134.6,150,,,,,,,,,,,,,,,,,135.1,150,135.4,100,,,,,,,,,,,,,,,,
2026-07-04T19:03:59.757670+00:00,2026-07-04T19:03:59.757844,2,2,135.0,0.2,134.9,100,134.6,150,,,,,,,,,,,,,,,,,135.1,100,135.4,100,,,,,,,,,,,,,,,,
2026-07-04T19:04:00.658566+00:00,2026-07-04T19:04:00.655930,1,1,134.85,0.5,134.6,150,,,,,,,,,,,,,,,,,,,135.1,100,,,,,,,,,,,,,,,,,,
2026-07-04T19:04:00.707666+00:00,2026-07-04T19:04:00.707605,2,1,134.85,0.5,134.6,150,134.5,100,,,,,,,,,,,,,,,,,135.1,100,,,,,,,,,,,,,,,,,,
2026-07-04T19:04:00.758540+00:00,2026-07-04T19:04:00.757883,2,2,134.8,0.4,134.6,150,134.5,100,,,,,,,,,,,,,,,,,135.0,100,135.1,100,,,,,,,,,,,,,,,,
2026-07-04T19:04:02.658612+00:00,2026-07-04T19:04:02.654412,1,1,134.75,0.5,134.5,100,,,,,,,,,,,,,,,,,,,135.0,100,,,,,,,,,,,,,,,,,,
2026-07-04T19:04:02.714983+00:00,2026-07-04T19:04:02.714881,2,1,134.95,0.1,134.9,150,134.5,100,,,,,,,,,,,,,,,,,135.0,100,,,,,,,,,,,,,,,,,,
2026-07-04T19:04:02.758609+00:00,2026-07-04T19:04:02.757761,2,2,134.95,0.1,134.9,150,134.5,100,,,,,,,,,,,,,,,,,135.0,100,135.4,150,,,,,,,,,,,,,,,,
2026-07-04T19:04:02.983061+00:00,2026-07-04T19:04:02.982838,2,2,134.95,0.1,134.9,150,134.5,100,,,,,,,,,,,,,,,,,135.0,60,135.4,150,,,,,,,,,,,,,,,,
2026-07-04T19:04:03.524524+00:00,2026-07-04T19:04:03.524450,2,2,134.95,0.1,134.9,150,134.5,100,,,,,,,,,,,,,,,,,135.0,14,135.4,150,,,,,,,,,,,,,,,,
2026-07-04T19:04:03.741371+00:00,2026-07-04T19:04:03.716709,2,2,134.95,0.1,134.9,139,134.5,100,,,,,,,,,,,,,,,,,135.0,14,135.4,150,,,,,,,,,,,,,,,,
2026-07-04T19:04:03.819937+00:00,2026-07-04T19:04:03.819866,1,1,135.15,0.5,134.9,139,,,,,,,,,,,,,,,,,,,135.4,150,,,,,,,,,,,,,,,,,,
2026-07-04T19:04:03.867631+00:00,2026-07-04T19:04:03.867521,1,1,135.15,0.5,134.9,139,,,,,,,,,,,,,,,,,,,135.4,100,,,,,,,,,,,,,,,,,,
2026-07-04T19:04:03.872771+00:00,2026-07-04T19:04:03.872711,2,1,135.15,0.5,134.9,139,134.6,100,,,,,,,,,,,,,,,,,135.4,100,,,,,,,,,,,,,,,,,,
2026-07-04T19:04:03.925380+00:00,2026-07-04T19:04:03.925283,2,2,135.0,0.2,134.9,139,134.6,100,,,,,,,,,,,,,,,,,135.1,100,135.4,100,,,,,,,,,,,,,,,,
2026-07-04T19:04:04.635723+00:00,2026-07-04T19:04:04.635595,2,2,135.0,0.2,134.9,97,134.6,100,,,,,,,,,,,,,,,,,135.1,100,135.4,100,,,,,,,,,,,,,,,,
2026-07-04T19:04:05.141220+00:00,2026-07-04T19:04:05.141139,2,2,135.0,0.2,134.9,57,134.6,100,,,,,,,,,,,,,,,,,135.1,100,135.4,100,,,,,,,,,,,,,,,,
2026-07-04T19:04:05.691467+00:00,2026-07-04T19:04:05.691680,2,2,135.0,0.2,134.9,57,134.6,100,,,,,,,,,,,,,,,,,135.1,58,135.4,100,,,,,,,,,,,,,,,,
2026-07-04T19:04:05.746315+00:00,2026-07-04T19:04:05.746492,2,2,135.0,0.2,134.9,9,134.6,100,,,,,,,,,,,,,,,,,135.1,58,135.4,100,,,,,,,,,,,,,,,,
2026-07-04T19:04:05.821921+00:00,2026-07-04T19:04:05.821792,1,1,134.85,0.5,134.6,100,,,,,,,,,,,,,,,,,,,135.1,58,,,,,,,,,,,,,,,,,,
2026-07-04T19:04:05.877209+00:00,2026-07-04T19:04:05.877094,2,1,134.85,0.5,134.6,100,134.5,150,,,,,,,,,,,,,,,,,135.1,58,,,,,,,,,,,,,,,,,,
2026-07-04T19:04:05.930968+00:00,2026-07-04T19:04:05.930821,2,2,134.8,0.4,134.6,100,134.5,150,,,,,,,,,,,,,,,,,135.0,150,135.1,58,,,,,,,,,,,,,,,,
2026-07-04T19:04:05.975190+00:00,2026-07-04T19:04:05.975112,2,2,134.8,0.4,134.6,100,134.5,150,,,,,,,,,,,,,,,,,135.0,100,135.1,58,,,,,,,,,,,,,,,,
2026-07-04T19:04:06.980129+00:00,2026-07-04T19:04:06.980310,1,1,134.75,0.5,134.5,150,,,,,,,,,,,,,,,,,,,135.0,100,,,,,,,,,,,,,,,,,,
2026-07-04T19:04:07.035796+00:00,2026-07-04T19:04:07.035718,2,1,134.9,0.2,134.8,100,134.5,150,,,,,,,,,,,,,,,,,135.0,100,,,,,,,,,,,,,,,,,,
2026-07-04T19:04:07.089082+00:00,2026-07-04T19:04:07.088962,2,2,134.9,0.2,134.8,100,134.5,150,,,,,,,,,,,,,,,,,135.0,100,135.3,100,,,,,,,,,,,,,,,,
2026-07-04T19:04:08.079781+00:00,2026-07-04T19:04:08.079723,2,2,134.9,0.2,134.8,100,134.5,150,,,,,,,,,,,,,,,,,135.0,50,135.3,100,,,,,,,,,,,,,,,,
