recv_time,book_timestamp,n_bids,n_asks,mid,spread,bid_px_0,bid_vol_0,bid_px_1,bid_vol_1,bid_px_2,bid_vol_2,bid_px_3,bid_vol_3,bid_px_4,bid_vol_4,bid_px_5,bid_vol_5,bid_px_6,bid_vol_6,bid_px_7,bid_vol_7,bid_px_8,bid_vol_8,bid_px_9,bid_vol_9,ask_px_0,ask_vol_0,ask_px_1,ask_vol_1,ask_px_2,ask_vol_2,ask_px_3,ask_vol_3,ask_px_4,ask_vol_4,ask_px_5,ask_vol_5,ask_px_6,ask_vol_6,ask_px_7,ask_vol_7,ask_px_8,ask_vol_8,ask_px_9,ask_vol_9
2026-06-30T02:00:00.051419+00:00,2026-06-30T12:00:00.050418,1,1,69.95,0.5,69.7,100,,,,,,,,,,,,,,,,,,,70.2,100,,,,,,,,,,,,,,,,,,
2026-06-30T02:00:00.106756+00:00,2026-06-30T12:00:00.099756,2,1,69.95,0.5,69.7,100,69.5,150,,,,,,,,,,,,,,,,,70.2,100,,,,,,,,,,,,,,,,,,
2026-06-30T02:00:00.160093+00:00,2026-06-30T12:00:00.153036,2,2,69.85,0.3,69.7,100,69.5,150,,,,,,,,,,,,,,,,,70.0,150,70.2,100,,,,,,,,,,,,,,,,
2026-06-30T02:00:01.511141+00:00,2026-06-30T12:00:01.509132,2,2,69.85,0.3,69.7,100,69.5,150,,,,,,,,,,,,,,,,,70.0,100,70.2,100,,,,,,,,,,,,,,,,
2026-06-30T02:00:01.817377+00:00,2026-06-30T12:00:01.811377,1,2,69.75,0.5,69.5,150,,,,,,,,,,,,,,,,,,,70.0,100,70.2,100,,,,,,,,,,,,,,,,
2026-06-30T02:00:02.646450+00:00,2026-06-30T12:00:02.638450,1,1,69.75,0.5,69.5,150,,,,,,,,,,,,,,,,,,,70.0,100,,,,,,,,,,,,,,,,,,
2026-06-30T02:00:02.700793+00:00,2026-06-30T12:00:02.690722,2,1,69.75,0.5,69.5,150,69.4,100,,,,,,,,,,,,,,,,,70.0,100,,,,,,,,,,,,,,,,,,
2026-06-30T02:00:02.745050+00:00,2026-06-30T12:00:02.744050,2,2,69.7,0.4,69.5,150,69.4,100,,,,,,,,,,,,,,,,,69.9,100,70.0,100,,,,,,,,,,,,,,,,
2026-06-30T02:00:03.212136+00:00,2026-06-30T12:00:03.208127,1,1,69.65,0.5,69.4,100,,,,,,,,,,,,,,,,,,,69.9,100,,,,,,,,,,,,,,,,,,
2026-06-30T02:00:03.267443+00:00,2026-06-30T12:00:03.260443,2,1,69.8,0.2,69.7,150,69.4,100,,,,,,,,,,,,,,,,,69.9,100,,,,,,,,,,,,,,,,,,
2026-06-30T02:00:03.320882+00:00,2026-06-30T12:00:03.312813,2,2,69.8,0.2,69.7,150,69.4,100,,,,,,,,,,,,,,,,,69.9,100,70.2,150,,,,,,,,,,,,,,,,
2026-06-30T02:00:03.387296+00:00,2026-06-30T12:00:03.386296,2,2,69.8,0.2,69.7,50,69.4,100,,,,,,,,,,,,,,,,,69.9,100,70.2,150,,,,,,,,,,,,,,,,
2026-06-30T02:00:03.441745+00:00,2026-06-30T12:00:03.436682,2,2,69.8,0.2,69.7,5,69.4,100,,,,,,,,,,,,,,,,,69.9,100,70.2,150,,,,,,,,,,,,,,,,
2026-06-30T02:00:03.626474+00:00,2026-06-30T12:00:03.615411,2,2,69.8,0.2,69.7,5,69.4,100,,,,,,,,,,,,,,,,,69.9,50,70.2,150,,,,,,,,,,,,,,,,
2026-06-30T02:00:05.011779+00:00,2026-06-30T12:00:05.008779,2,2,69.8,0.2,69.7,5,69.4,100,,,,,,,,,,,,,,,,,69.9,7,70.2,150,,,,,,,,,,,,,,,,
2026-06-30T02:00:05.547128+00:00,2026-06-30T12:00:05.546128,2,1,69.95,0.5,69.7,5,69.4,100,,,,,,,,,,,,,,,,,70.2,112,,,,,,,,,,,,,,,,,,
2026-06-30T02:00:05.807962+00:00,2026-06-30T12:00:05.800394,1,1,69.95,0.5,69.7,5,,,,,,,,,,,,,,,,,,,70.2,112,,,,,,,,,,,,,,,,,,
2026-06-30T02:00:05.862801+00:00,2026-06-30T12:00:05.851739,1,1,69.95,0.5,69.7,105,,,,,,,,,,,,,,,,,,,70.2,112,,,,,,,,,,,,,,,,,,
2026-06-30T02:00:05.907046+00:00,2026-06-30T12:00:05.904046,1,1,69.95,0.5,69.7,105,,,,,,,,,,,,,,,,,,,70.2,212,,,,,,,,,,,,,,,,,,
2026-06-30T02:00:06.374308+00:00,2026-06-30T12:00:06.366246,1,1,69.95,0.5,69.7,100,,,,,,,,,,,,,,,,,,,70.2,100,,,,,,,,,,,,,,,,,,
2026-06-30T02:00:06.429122+00:00,2026-06-30T12:00:06.425561,2,1,69.95,0.5,69.7,100,69.3,150,,,,,,,,,,,,,,,,,70.2,100,,,,,,,,,,,,,,,,,,
2026-06-30T02:00:06.484448+00:00,2026-06-30T12:00:06.473386,2,2,69.75,0.1,69.7,100,69.3,150,,,,,,,,,,,,,,,,,69.8,150,70.2,100,,,,,,,,,,,,,,,,
2026-06-30T02:00:07.885487+00:00,2026-06-30T12:00:07.876424,2,2,69.75,0.1,69.7,50,69.3,150,,,,,,,,,,,,,,,,,69.8,150,70.2,100,,,,,,,,,,,,,,,,
2026-06-30T02:00:08.962957+00:00,2026-06-30T12:00:08.959958,1,1,69.55,0.5,69.3,150,,,,,,,,,,,,,,,,,,,69.8,150,,,,,,,,,,,,,,,,,,
2026-06-30T02:00:09.028429+00:00,2026-06-30T12:00:09.026870,2,1,69.6,0.4,69.4,100,69.3,150,,,,,,,,,,,,,,,,,69.8,150,,,,,,,,,,,,,,,,,,
2026-06-30T02:00:09.094336+00:00,2026-06-30T12:00:09.083274,2,2,69.6,0.4,69.4,100,69.3,150,,,,,,,,,,,,,,,,,69.8,150,69.9,100,,,,,,,,,,,,,,,,
2026-06-30T02:00:09.530249+00:00,2026-06-30T12:00:09.529250,1,1,69.65,0.5,69.4,100,,,,,,,,,,,,,,,,,,,69.9,100,,,,,,,,,,,,,,,,,,
2026-06-30T02:00:09.585568+00:00,2026-06-30T12:00:09.581568,2,1,69.65,0.5,69.4,100,69.2,150,,,,,,,,,,,,,,,,,69.9,100,,,,,,,,,,,,,,,,,,
2026-06-30T02:00:09.639976+00:00,2026-06-30T12:00:09.633914,2,2,69.55,0.3,69.4,100,69.2,150,,,,,,,,,,,,,,,,,69.7,150,69.9,100,,,,,,,,,,,,,,,,
2026-06-30T02:00:09.878593+00:00,2026-06-30T12:00:09.873034,2,2,69.55,0.3,69.4,51,69.2,150,,,,,,,,,,,,,,,,,69.7,150,69.9,100,,,,,,,,,,,,,,,,
2026-06-30T02:00:09.987280+00:00,2026-06-30T12:00:09.984232,2,2,69.55,0.3,69.4,1,69.2,150,,,,,,,,,,,,,,,,,69.7,150,69.9,100,,,,,,,,,,,,,,,,
2026-06-30T02:00:10.412217+00:00,2026-06-30T12:00:10.401152,2,2,69.55,0.3,69.4,1,69.2,150,,,,,,,,,,,,,,,,,69.7,104,69.9,100,,,,,,,,,,,,,,,,
2026-06-30T02:00:12.098256+00:00,2026-06-30T12:00:12.091696,1,2,69.45,0.5,69.2,101,,,,,,,,,,,,,,,,,,,69.7,104,69.9,100,,,,,,,,,,,,,,,,
2026-06-30T02:00:12.142037+00:00,2026-06-30T12:00:12.133975,1,1,69.45,0.5,69.2,101,,,,,,,,,,,,,,,,,,,69.7,104,,,,,,,,,,,,,,,,,,
2026-06-30T02:00:12.197374+00:00,2026-06-30T12:00:12.189374,2,1,69.5,0.4,69.3,100,69.2,101,,,,,,,,,,,,,,,,,69.7,104,,,,,,,,,,,,,,,,,,
2026-06-30T02:00:12.240729+00:00,2026-06-30T12:00:12.239729,2,2,69.5,0.4,69.3,100,69.2,101,,,,,,,,,,,,,,,,,69.7,104,69.8,100,,,,,,,,,,,,,,,,
2026-06-30T02:00:12.698866+00:00,2026-06-30T12:00:12.693306,1,1,69.55,0.5,69.3,100,,,,,,,,,,,,,,,,,,,69.8,100,,,,,,,,,,,,,,,,,,
2026-06-30T02:00:12.754210+00:00,2026-06-30T12:00:12.744143,1,1,69.55,0.5,69.3,250,,,,,,,,,,,,,,,,,,,69.8,100,,,,,,,,,,,,,,,,,,
2026-06-30T02:00:12.807589+00:00,2026-06-30T12:00:12.797628,1,1,69.55,0.5,69.3,250,,,,,,,,,,,,,,,,,,,69.8,250,,,,,,,,,,,,,,,,,,
2026-06-30T02:00:13.057296+00:00,2026-06-30T12:00:13.056269,1,1,69.55,0.5,69.3,205,,,,,,,,,,,,,,,,,,,69.8,250,,,,,,,,,,,,,,,,,,
2026-06-30T02:00:14.198821+00:00,2026-06-30T12:00:14.197240,1,1,69.55,0.5,69.3,155,,,,,,,,,,,,,,,,,,,69.8,250,,,,,,,,,,,,,,,,,,
2026-06-30T02:00:15.297281+00:00,2026-06-30T12:00:15.294231,1,1,69.55,0.5,69.3,150,,,,,,,,,,,,,,,,,,,69.8,150,,,,,,,,,,,,,,,,,,
2026-06-30T02:00:15.351098+00:00,2026-06-30T12:00:15.346035,2,1,69.55,0.5,69.3,150,68.8,100,,,,,,,,,,,,,,,,,69.8,150,,,,,,,,,,,,,,,,,,
2026-06-30T02:00:15.405870+00:00,2026-06-30T12:00:15.398870,2,1,69.55,0.5,69.3,50,68.8,100,,,,,,,,,,,,,,,,,69.8,150,,,,,,,,,,,,,,,,,,
2026-06-30T02:00:15.863324+00:00,2026-06-30T12:00:15.854261,1,0,,,68.8,100,,,,,,,,,,,,,,,,,,,,,,,,,,,,,,,,,,,,,,
2026-06-30T02:00:15.917661+00:00,2026-06-30T12:00:15.907714,1,0,,,68.8,250,,,,,,,,,,,,,,,,,,,,,,,,,,,,,,,,,,,,,,
2026-06-30T02:00:15.971073+00:00,2026-06-30T12:00:15.961011,1,1,69.05,0.5,68.8,250,,,,,,,,,,,,,,,,,,,69.3,150,,,,,,,,,,,,,,,,,,
2026-06-30T02:00:16.319002+00:00,2026-06-30T12:00:16.317442,1,1,69.05,0.5,68.8,200,,,,,,,,,,,,,,,,,,,69.3,150,,,,,,,,,,,,,,,,,,
2026-06-30T02:00:16.330084+00:00,2026-06-30T12:00:16.319185,1,1,69.05,0.5,68.8,200,,,,,,,,,,,,,,,,,,,69.3,103,,,,,,,,,,,,,,,,,,
2026-06-30T02:00:16.852055+00:00,2026-06-30T12:00:16.846992,1,1,69.05,0.5,68.8,200,,,,,,,,,,,,,,,,,,,69.3,59,,,,,,,,,,,,,,,,,,
2026-06-30T02:00:17.363071+00:00,2026-06-30T12:00:17.361063,1,1,69.05,0.5,68.8,156,,,,,,,,,,,,,,,,,,,69.3,59,,,,,,,,,,,,,,,,,,
2026-06-30T02:00:18.427692+00:00,2026-06-30T12:00:18.423666,1,1,69.05,0.5,68.8,106,,,,,,,,,,,,,,,,,,,69.3,59,,,,,,,,,,,,,,,,,,
2026-06-30T02:00:18.503271+00:00,2026-06-30T12:00:18.502271,2,1,69.1,0.4,68.9,100,68.8,106,,,,,,,,,,,,,,,,,69.3,59,,,,,,,,,,,,,,,,,,
2026-06-30T02:00:18.557640+00:00,2026-06-30T12:00:18.555579,2,2,69.1,0.4,68.9,100,68.8,106,,,,,,,,,,,,,,,,,69.3,59,69.4,100,,,,,,,,,,,,,,,,
2026-06-30T02:00:19.024276+00:00,2026-06-30T12:00:19.015213,1,1,69.15,0.5,68.9,100,,,,,,,,,,,,,,,,,,,69.4,100,,,,,,,,,,,,,,,,,,
2026-06-30T02:00:19.078661+00:00,2026-06-30T12:00:19.068224,2,1,69.2,0.4,69.0,150,68.9,100,,,,,,,,,,,,,,,,,69.4,100,,,,,,,,,,,,,,,,,,
2026-06-30T02:00:19.133991+00:00,2026-06-30T12:00:19.122929,2,2,69.2,0.4,69.0,150,68.9,100,,,,,,,,,,,,,,,,,69.4,100,69.5,150,,,,,,,,,,,,,,,,
2026-06-30T02:00:19.384190+00:00,2026-06-30T12:00:19.381181,2,2,69.2,0.4,69.0,102,68.9,100,,,,,,,,,,,,,,,,,69.4,100,69.5,150,,,,,,,,,,,,,,,,
2026-06-30T02:00:20.538467+00:00,2026-06-30T12:00:20.531907,2,2,69.2,0.4,69.0,52,68.9,100,,,,,,,,,,,,,,,,,69.4,100,69.5,150,,,,,,,,,,,,,,,,
2026-06-30T02:00:21.617192+00:00,2026-06-30T12:00:21.609165,1,1,69.25,0.5,69.0,52,,,,,,,,,,,,,,,,,,,69.5,150,,,,,,,,,,,,,,,,,,
2026-06-30T02:00:21.671116+00:00,2026-06-30T12:00:21.661053,2,1,69.25,0.5,69.0,52,68.6,100,,,,,,,,,,,,,,,,,69.5,150,,,,,,,,,,,,,,,,,,
2026-06-30T02:00:21.726451+00:00,2026-06-30T12:00:21.716398,2,2,69.05,0.1,69.0,52,68.6,100,,,,,,,,,,,,,,,,,69.1,100,69.5,150,,,,,,,,,,,,,,,,
2026-06-30T02:00:21.769810+00:00,2026-06-30T12:00:21.760746,2,1,69.25,0.5,69.0,52,68.6,100,,,,,,,,,,,,,,,,,69.5,150,,,,,,,,,,,,,,,,,,
2026-06-30T02:00:22.180024+00:00,2026-06-30T12:00:22.175961,1,0,,,68.6,100,,,,,,,,,,,,,,,,,,,,,,,,,,,,,,,,,,,,,,
2026-06-30T02:00:22.235351+00:00,2026-06-30T12:00:22.228351,1,0,,,68.6,250,,,,,,,,,,,,,,,,,,,,,,,,,,,,,,,,,,,,,,
2026-06-30T02:00:22.288229+00:00,2026-06-30T12:00:22.283662,1,1,68.85,0.5,68.6,250,,,,,,,,,,,,,,,,,,,69.1,50,,,,,,,,,,,,,,,,,,
2026-06-30T02:00:22.647644+00:00,2026-06-30T12:00:22.638590,1,1,68.85,0.5,68.6,200,,,,,,,,,,,,,,,,,,,69.1,50,,,,,,,,,,,,,,,,,,
2026-06-30T02:00:24.756056+00:00,2026-06-30T12:00:24.748045,1,1,68.85,0.5,68.6,150,,,,,,,,,,,,,,,,,,,69.1,50,,,,,,,,,,,,,,,,,,
2026-06-30T02:00:24.843190+00:00,2026-06-30T12:00:24.840190,2,1,68.95,0.3,68.8,100,68.6,150,,,,,,,,,,,,,,,,,69.1,50,,,,,,,,,,,,,,,,,,
2026-06-30T02:00:24.897538+00:00,2026-06-30T12:00:24.895492,2,2,68.95,0.3,68.8,100,68.6,150,,,,,,,,,,,,,,,,,69.1,50,69.3,100,,,,,,,,,,,,,,,,
2026-06-30T02:00:25.342054+00:00,2026-06-30T12:00:25.335989,1,1,69.05,0.5,68.8,100,,,,,,,,,,,,,,,,,,,69.3,100,,,,,,,,,,,,,,,,,,
2026-06-30T02:00:25.396695+00:00,2026-06-30T12:00:25.388372,2,1,69.15,0.3,69.0,150,68.8,100,,,,,,,,,,,,,,,,,69.3,100,,,,,,,,,,,,,,,,,,
2026-06-30T02:00:25.449902+00:00,2026-06-30T12:00:25.439841,2,2,69.15,0.3,69.0,150,68.8,100,,,,,,,,,,,,,,,,,69.3,100,69.5,150,,,,,,,,,,,,,,,,
2026-06-30T02:00:26.807208+00:00,2026-06-30T12:00:26.803162,2,2,69.15,0.3,69.0,150,68.8,100,,,,,,,,,,,,,,,,,69.3,50,69.5,150,,,,,,,,,,,,,,,,
2026-06-30T02:00:27.874401+00:00,2026-06-30T12:00:27.867391,2,2,69.15,0.3,69.0,150,68.8,100,,,,,,,,,,,,,,,,,69.3,6,69.5,150,,,,,,,,,,,,,,,,
2026-06-30T02:00:27.960026+00:00,2026-06-30T12:00:27.953963,1,1,69.25,0.5,69.0,150,,,,,,,,,,,,,,,,,,,69.5,150,,,,,,,,,,,,,,,,,,
2026-06-30T02:00:28.004297+00:00,2026-06-30T12:00:28.003297,1,1,69.25,0.5,69.0,250,,,,,,,,,,,,,,,,,,,69.5,150,,,,,,,,,,,,,,,,,,
2026-06-30T02:00:28.057673+00:00,2026-06-30T12:00:28.054627,1,1,69.25,0.5,69.0,250,,,,,,,,,,,,,,,,,,,69.5,250,,,,,,,,,,,,,,,,,,
2026-06-30T02:00:28.505262+00:00,2026-06-30T12:00:28.495191,1,1,69.25,0.5,69.0,100,,,,,,,,,,,,,,,,,,,69.5,100,,,,,,,,,,,,,,,,,,
2026-06-30T02:00:28.548595+00:00,2026-06-30T12:00:28.548014,1,1,69.25,0.5,69.0,250,,,,,,,,,,,,,,,,,,,69.5,100,,,,,,,,,,,,,,,,,,
2026-06-30T02:00:28.614987+00:00,2026-06-30T12:00:28.609987,1,1,69.25,0.5,69.0,250,,,,,,,,,,,,,,,,,,,69.5,250,,,,,,,,,,,,,,,,,,
2026-06-30T02:00:28.918629+00:00,2026-06-30T12:00:28.908317,1,1,69.25,0.5,69.0,250,,,,,,,,,,,,,,,,,,,69.5,200,,,,,,,,,,,,,,,,,,
2026-06-30T02:00:31.070108+00:00,2026-06-30T12:00:31.064028,1,1,69.25,0.5,69.0,200,,,,,,,,,,,,,,,,,,,69.5,200,,,,,,,,,,,,,,,,,,
2026-06-30T02:00:31.114360+00:00,2026-06-30T12:00:31.108360,1,1,69.25,0.5,69.0,200,,,,,,,,,,,,,,,,,,,69.5,150,,,,,,,,,,,,,,,,,,
2026-06-30T02:00:31.125423+00:00,2026-06-30T12:00:31.114360,1,1,69.25,0.5,69.0,150,,,,,,,,,,,,,,,,,,,69.5,150,,,,,,,,,,,,,,,,,,
2026-06-30T02:00:31.168264+00:00,2026-06-30T12:00:31.161699,1,1,69.25,0.5,69.0,250,,,,,,,,,,,,,,,,,,,69.5,150,,,,,,,,,,,,,,,,,,
2026-06-30T02:00:31.223157+00:00,2026-06-30T12:00:31.214069,1,1,69.25,0.5,69.0,250,,,,,,,,,,,,,,,,,,,69.5,250,,,,,,,,,,,,,,,,,,
2026-06-30T02:00:31.668187+00:00,2026-06-30T12:00:31.664628,1,1,69.25,0.5,69.0,100,,,,,,,,,,,,,,,,,,,69.5,100,,,,,,,,,,,,,,,,,,
2026-06-30T02:00:31.723051+00:00,2026-06-30T12:00:31.719051,2,1,69.25,0.5,69.0,100,68.9,150,,,,,,,,,,,,,,,,,69.5,100,,,,,,,,,,,,,,,,,,
2026-06-30T02:00:31.777409+00:00,2026-06-30T12:00:31.771363,2,2,69.2,0.4,69.0,100,68.9,150,,,,,,,,,,,,,,,,,69.4,150,69.5,100,,,,,,,,,,,,,,,,
2026-06-30T02:00:32.048792+00:00,2026-06-30T12:00:32.039232,2,2,69.2,0.4,69.0,100,68.9,150,,,,,,,,,,,,,,,,,69.4,102,69.5,100,,,,,,,,,,,,,,,,
2026-06-30T02:00:33.178423+00:00,2026-06-30T12:00:33.170853,2,2,69.2,0.4,69.0,50,68.9,150,,,,,,,,,,,,,,,,,69.4,102,69.5,100,,,,,,,,,,,,,,,,
2026-06-30T02:00:34.272232+00:00,2026-06-30T12:00:34.270232,1,1,69.15,0.5,68.9,150,,,,,,,,,,,,,,,,,,,69.4,102,,,,,,,,,,,,,,,,,,
2026-06-30T02:00:34.327554+00:00,2026-06-30T12:00:34.319554,1,1,69.15,0.5,68.9,250,,,,,,,,,,,,,,,,,,,69.4,102,,,,,,,,,,,,,,,,,,
2026-06-30T02:00:34.381961+00:00,2026-06-30T12:00:34.371900,1,1,69.15,0.5,68.9,250,,,,,,,,,,,,,,,,,,,69.4,202,,,,,,,,,,,,,,,,,,
2026-06-30T02:00:34.829000+00:00,2026-06-30T12:00:34.827441,1,1,69.15,0.5,68.9,100,,,,,,,,,,,,,,,,,,,69.4,100,,,,,,,,,,,,,,,,,,
2026-06-30T02:00:34.884358+00:00,2026-06-30T12:00:34.879358,2,1,69.25,0.3,69.1,150,68.9,100,,,,,,,,,,,,,,,,,69.4,100,,,,,,,,,,,,,,,,,,
2026-06-30T02:00:34.938223+00:00,2026-06-30T12:00:34.931671,2,2,69.25,0.3,69.1,150,68.9,100,,,,,,,,,,,,,,,,,69.4,100,69.6,150,,,,,,,,,,,,,,,,
2026-06-30T02:00:35.288099+00:00,2026-06-30T12:00:35.278540,2,2,69.25,0.3,69.1,100,68.9,100,,,,,,,,,,,,,,,,,69.4,100,69.6,150,,,,,,,,,,,,,,,,
2026-06-30T02:00:37.388145+00:00,2026-06-30T12:00:37.382586,2,2,69.25,0.3,69.1,50,68.9,100,,,,,,,,,,,,,,,,,69.4,100,69.6,150,,,,,,,,,,,,,,,,
2026-06-30T02:00:37.431924+00:00,2026-06-30T12:00:37.426862,1,1,69.35,0.5,69.1,50,,,,,,,,,,,,,,,,,,,69.6,150,,,,,,,,,,,,,,,,,,
2026-06-30T02:00:37.497879+00:00,2026-06-30T12:00:37.489320,2,1,69.35,0.5,69.1,50,69.0,100,,,,,,,,,,,,,,,,,69.6,150,,,,,,,,,,,,,,,,,,
2026-06-30T02:00:37.541187+00:00,2026-06-30T12:00:37.540187,2,2,69.3,0.4,69.1,50,69.0,100,,,,,,,,,,,,,,,,,69.5,100,69.6,150,,,,,,,,,,,,,,,,
2026-06-30T02:00:37.997223+00:00,2026-06-30T12:00:37.990176,1,1,69.25,0.5,69.0,100,,,,,,,,,,,,,,,,,,,69.5,100,,,,,,,,,,,,,,,,,,
2026-06-30T02:00:38.051092+00:00,2026-06-30T12:00:38.041031,2,1,69.25,0.5,69.0,100,68.6,150,,,,,,,,,,,,,,,,,69.5,100,,,,,,,,,,,,,,,,,,
2026-06-30T02:00:38.095371+00:00,2026-06-30T12:00:38.093371,2,2,69.05,0.1,69.0,100,68.6,150,,,,,,,,,,,,,,,,,69.1,150,69.5,100,,,,,,,,,,,,,,,,
2026-06-30T02:00:39.498031+00:00,2026-06-30T12:00:39.489928,2,2,69.05,0.1,69.0,50,68.6,150,,,,,,,,,,,,,,,,,69.1,150,69.5,100,,,,,,,,,,,,,,,,
2026-06-30T02:00:39.542298+00:00,2026-06-30T12:00:39.536226,2,2,69.05,0.1,69.0,1,68.6,150,,,,,,,,,,,,,,,,,69.1,150,69.5,100,,,,,,,,,,,,,,,,
2026-06-30T02:00:40.087402+00:00,2026-06-30T12:00:40.079401,2,2,69.05,0.1,69.0,1,68.6,150,,,,,,,,,,,,,,,,,69.1,107,69.5,100,,,,,,,,,,,,,,,,
2026-06-30T02:00:40.607932+00:00,2026-06-30T12:00:40.597485,1,1,68.85,0.5,68.6,150,,,,,,,,,,,,,,,,,,,69.1,107,,,,,,,,,,,,,,,,,,
2026-06-30T02:00:40.651230+00:00,2026-06-30T12:00:40.648230,2,1,68.9,0.4,68.7,100,68.6,150,,,,,,,,,,,,,,,,,69.1,107,,,,,,,,,,,,,,,,,,
2026-06-30T02:00:40.706555+00:00,2026-06-30T12:00:40.701555,2,2,68.9,0.4,68.7,100,68.6,150,,,,,,,,,,,,,,,,,69.1,107,69.2,100,,,,,,,,,,,,,,,,
2026-06-30T02:00:41.011148+00:00,2026-06-30T12:00:41.011148,2,2,68.9,0.4,68.7,100,68.6,150,,,,,,,,,,,,,,,,,69.1,82,69.2,100,,,,,,,,,,,,,,,,
2026-06-30T02:00:41.120884+00:00,2026-06-30T12:00:41.109821,2,2,68.9,0.4,68.7,58,68.6,150,,,,,,,,,,,,,,,,,69.1,82,69.2,100,,,,,,,,,,,,,,,,
2026-06-30T02:00:41.154074+00:00,2026-06-30T12:00:41.148064,1,1,68.95,0.5,68.7,58,,,,,,,,,,,,,,,,,,,69.2,100,,,,,,,,,,,,,,,,,,
2026-06-30T02:00:41.207941+00:00,2026-06-30T12:00:41.200382,2,1,69.15,0.1,69.1,150,68.7,58,,,,,,,,,,,,,,,,,69.2,100,,,,,,,,,,,,,,,,,,
2026-06-30T02:00:41.262301+00:00,2026-06-30T12:00:41.252238,2,2,69.15,0.1,69.1,150,68.7,58,,,,,,,,,,,,,,,,,69.2,100,69.6,150,,,,,,,,,,,,,,,,
2026-06-30T02:00:41.597564+00:00,2026-06-30T12:00:41.597564,2,2,69.15,0.1,69.1,100,68.7,58,,,,,,,,,,,,,,,,,69.2,100,69.6,150,,,,,,,,,,,,,,,,
2026-06-30T02:00:42.218489+00:00,2026-06-30T12:00:42.216897,2,2,69.15,0.1,69.1,100,68.7,58,,,,,,,,,,,,,,,,,69.2,59,69.6,150,,,,,,,,,,,,,,,,
2026-06-30T02:00:43.264107+00:00,2026-06-30T12:00:43.260107,2,2,69.15,0.1,69.1,55,68.7,58,,,,,,,,,,,,,,,,,69.2,59,69.6,150,,,,,,,,,,,,,,,,
2026-06-30T02:00:43.710689+00:00,2026-06-30T12:00:43.705627,2,2,69.15,0.1,69.1,5,68.7,58,,,,,,,,,,,,,,,,,69.2,59,69.6,150,,,,,,,,,,,,,,,,
2026-06-30T02:00:43.766045+00:00,2026-06-30T12:00:43.759045,1,1,69.35,0.5,69.1,5,,,,,,,,,,,,,,,,,,,69.6,150,,,,,,,,,,,,,,,,,,
2026-06-30T02:00:43.818944+00:00,2026-06-30T12:00:43.812385,2,1,69.35,0.5,69.1,5,68.7,100,,,,,,,,,,,,,,,,,69.6,150,,,,,,,,,,,,,,,,,,
2026-06-30T02:00:43.874296+00:00,2026-06-30T12:00:43.865234,2,2,69.15,0.1,69.1,5,68.7,100,,,,,,,,,,,,,,,,,69.2,100,69.6,150,,,,,,,,,,,,,,,,
2026-06-30T02:00:44.308334+00:00,2026-06-30T12:00:44.306775,2,1,69.15,0.1,69.1,5,68.7,100,,,,,,,,,,,,,,,,,69.2,100,,,,,,,,,,,,,,,,,,
2026-06-30T02:00:44.318913+00:00,2026-06-30T12:00:44.308474,1,1,68.95,0.5,68.7,100,,,,,,,,,,,,,,,,,,,69.2,100,,,,,,,,,,,,,,,,,,
2026-06-30T02:00:44.363208+00:00,2026-06-30T12:00:44.361208,2,1,68.95,0.5,68.7,100,68.5,150,,,,,,,,,,,,,,,,,69.2,100,,,,,,,,,,,,,,,,,,
2026-06-30T02:00:44.417567+00:00,2026-06-30T12:00:44.413541,2,2,68.85,0.3,68.7,100,68.5,150,,,,,,,,,,,,,,,,,69.0,150,69.2,100,,,,,,,,,,,,,,,,
2026-06-30T02:00:45.818915+00:00,2026-06-30T12:00:45.813369,2,2,68.85,0.3,68.7,50,68.5,150,,,,,,,,,,,,,,,,,69.0,150,69.2,100,,,,,,,,,,,,,,,,
2026-06-30T02:00:46.026237+00:00,2026-06-30T12:00:46.023237,2,2,68.85,0.3,68.7,50,68.5,150,,,,,,,,,,,,,,,,,69.0,125,69.2,100,,,,,,,,,,,,,,,,
2026-06-30T02:00:46.568513+00:00,2026-06-30T12:00:46.558152,2,2,68.85,0.3,68.7,50,68.5,150,,,,,,,,,,,,,,,,,69.0,77,69.2,100,,,,,,,,,,,,,,,,
2026-06-30T02:00:46.928757+00:00,2026-06-30T12:00:46.920213,1,1,68.75,0.5,68.5,150,,,,,,,,,,,,,,,,,,,69.0,77,,,,,,,,,,,,,,,,,,
2026-06-30T02:00:46.984025+00:00,2026-06-30T12:00:46.975976,2,1,68.8,0.4,68.6,100,68.5,150,,,,,,,,,,,,,,,,,69.0,77,,,,,,,,,,,,,,,,,,
2026-06-30T02:00:47.037838+00:00,2026-06-30T12:00:47.029293,2,2,68.8,0.4,68.6,100,68.5,150,,,,,,,,,,,,,,,,,69.0,77,69.1,100,,,,,,,,,,,,,,,,
2026-06-30T02:00:47.179617+00:00,2026-06-30T12:00:47.170568,2,2,68.8,0.4,68.6,100,68.5,150,,,,,,,,,,,,,,,,,69.0,35,69.1,100,,,,,,,,,,,,,,,,
2026-06-30T02:00:47.223813+00:00,2026-06-30T12:00:47.219814,2,2,68.8,0.4,68.6,59,68.5,150,,,,,,,,,,,,,,,,,69.0,35,69.1,100,,,,,,,,,,,,,,,,
2026-06-30T02:00:47.473137+00:00,2026-06-30T12:00:47.469130,1,1,68.85,0.5,68.6,59,,,,,,,,,,,,,,,,,,,69.1,100,,,,,,,,,,,,,,,,,,
2026-06-30T02:00:47.527482+00:00,2026-06-30T12:00:47.521452,2,1,69.05,0.1,69.0,150,68.6,59,,,,,,,,,,,,,,,,,69.1,100,,,,,,,,,,,,,,,,,,
2026-06-30T02:00:47.581863+00:00,2026-06-30T12:00:47.574800,2,2,69.05,0.1,69.0,150,68.6,59,,,,,,,,,,,,,,,,,69.1,100,69.5,150,,,,,,,,,,,,,,,,
2026-06-30T02:00:48.267429+00:00,2026-06-30T12:00:48.261430,2,2,69.05,0.1,69.0,105,68.6,59,,,,,,,,,,,,,,,,,69.1,100,69.5,150,,,,,,,,,,,,,,,,
2026-06-30T02:00:48.865050+00:00,2026-06-30T12:00:48.859050,2,2,69.05,0.1,69.0,105,68.6,59,,,,,,,,,,,,,,,,,69.1,53,69.5,150,,,,,,,,,,,,,,,,
2026-06-30T02:00:49.976029+00:00,2026-06-30T12:00:49.966966,2,2,69.05,0.1,69.0,105,68.6,59,,,,,,,,,,,,,,,,,69.1,3,69.5,150,,,,,,,,,,,,,,,,
2026-06-30T02:00:50.095344+00:00,2026-06-30T12:00:50.084282,1,1,69.25,0.5,69.0,105,,,,,,,,,,,,,,,,,,,69.5,150,,,,,,,,,,,,,,,,,,
2026-06-30T02:00:50.148713+00:00,2026-06-30T12:00:50.138253,2,1,69.25,0.5,69.0,105,68.6,100,,,,,,,,,,,,,,,,,69.5,150,,,,,,,,,,,,,,,,,,
2026-06-30T02:00:50.204050+00:00,2026-06-30T12:00:50.198040,2,2,69.05,0.1,69.0,105,68.6,100,,,,,,,,,,,,,,,,,69.1,100,69.5,150,,,,,,,,,,,,,,,,
2026-06-30T02:00:50.629655+00:00,2026-06-30T12:00:50.628655,1,1,68.85,0.5,68.6,100,,,,,,,,,,,,,,,,,,,69.1,100,,,,,,,,,,,,,,,,,,
2026-06-30T02:00:50.684942+00:00,2026-06-30T12:00:50.680942,2,1,68.85,0.5,68.6,100,68.5,150,,,,,,,,,,,,,,,,,69.1,100,,,,,,,,,,,,,,,,,,
2026-06-30T02:00:50.738346+00:00,2026-06-30T12:00:50.733785,2,2,68.8,0.4,68.6,100,68.5,150,,,,,,,,,,,,,,,,,69.0,150,69.1,100,,,,,,,,,,,,,,,,
2026-06-30T02:00:51.043807+00:00,2026-06-30T12:00:51.035758,2,2,68.8,0.4,68.6,100,68.5,150,,,,,,,,,,,,,,,,,69.0,125,69.1,100,,,,,,,,,,,,,,,,
2026-06-30T02:00:51.933022+00:00,2026-06-30T12:00:51.923950,2,2,68.8,0.4,68.6,57,68.5,150,,,,,,,,,,,,,,,,,69.0,125,69.1,100,,,,,,,,,,,,,,,,
2026-06-30T02:00:52.074947+00:00,2026-06-30T12:00:52.073947,2,2,68.8,0.4,68.6,57,68.5,150,,,,,,,,,,,,,,,,,69.0,75,69.1,100,,,,,,,,,,,,,,,,
2026-06-30T02:00:53.263054+00:00,2026-06-30T12:00:53.253974,1,1,68.75,0.5,68.5,150,,,,,,,,,,,,,,,,,,,69.0,75,,,,,,,,,,,,,,,,,,
2026-06-30T02:00:53.317413+00:00,2026-06-30T12:00:53.310376,2,1,68.8,0.4,68.6,100,68.5,150,,,,,,,,,,,,,,,,,69.0,75,,,,,,,,,,,,,,,,,,
2026-06-30T02:00:53.360727+00:00,2026-06-30T12:00:53.358727,2,2,68.8,0.4,68.6,100,68.5,150,,,,,,,,,,,,,,,,,69.0,75,69.1,100,,,,,,,,,,,,,,,,
2026-06-30T02:00:53.795219+00:00,2026-06-30T12:00:53.787209,1,1,68.85,0.5,68.6,100,,,,,,,,,,,,,,,,,,,69.1,100,,,,,,,,,,,,,,,,,,
2026-06-30T02:00:53.849630+00:00,2026-06-30T12:00:53.848630,2,0,,,69.1,50,68.6,100,,,,,,,,,,,,,,,,,,,,,,,,,,,,,,,,,,,,
2026-06-30T02:00:53.905024+00:00,2026-06-30T12:00:53.901024,2,1,69.35,0.5,69.1,50,68.6,100,,,,,,,,,,,,,,,,,69.6,150,,,,,,,,,,,,,,,,,,
2026-06-30T02:00:54.185377+00:00,2026-06-30T12:00:54.180377,2,1,69.35,0.5,69.1,50,68.6,100,,,,,,,,,,,,,,,,,69.6,100,,,,,,,,,,,,,,,,,,
2026-06-30T02:00:54.599942+00:00,2026-06-30T12:00:54.592859,2,1,69.35,0.5,69.1,10,68.6,100,,,,,,,,,,,,,,,,,69.6,100,,,,,,,,,,,,,,,,,,
2026-06-30T02:00:55.209823+00:00,2026-06-30T12:00:55.198954,1,1,69.1,1.0,68.6,100,,,,,,,,,,,,,,,,,,,69.6,100,,,,,,,,,,,,,,,,,,
2026-06-30T02:00:56.300014+00:00,2026-06-30T12:00:56.292957,1,1,69.1,1.0,68.6,100,,,,,,,,,,,,,,,,,,,69.6,50,,,,,,,,,,,,,,,,,,
2026-06-30T02:00:56.419639+00:00,2026-06-30T12:00:56.413589,0,1,,,,,,,,,,,,,,,,,,,,,,,69.6,50,,,,,,,,,,,,,,,,,,
2026-06-30T02:00:56.474909+00:00,2026-06-30T12:00:56.467909,1,1,69.15,0.9,68.7,100,,,,,,,,,,,,,,,,,,,69.6,50,,,,,,,,,,,,,,,,,,
2026-06-30T02:00:56.528771+00:00,2026-06-30T12:00:56.518314,1,2,68.95,0.5,68.7,100,,,,,,,,,,,,,,,,,,,69.2,100,69.6,50,,,,,,,,,,,,,,,,
2026-06-30T02:00:56.961964+00:00,2026-06-30T12:00:56.955885,1,1,68.95,0.5,68.7,100,,,,,,,,,,,,,,,,,,,69.2,100,,,,,,,,,,,,,,,,,,
2026-06-30T02:00:57.017294+00:00,2026-06-30T12:00:57.007284,1,1,68.95,0.5,68.7,250,,,,,,,,,,,,,,,,,,,69.2,100,,,,,,,,,,,,,,,,,,
2026-06-30T02:00:57.070710+00:00,2026-06-30T12:00:57.059647,1,1,68.95,0.5,68.7,250,,,,,,,,,,,,,,,,,,,69.2,250,,,,,,,,,,,,,,,,,,
2026-06-30T02:00:58.407401+00:00,2026-06-30T12:00:58.397487,1,1,68.95,0.5,68.7,250,,,,,,,,,,,,,,,,,,,69.2,200,,,,,,,,,,,,,,,,,,
2026-06-30T02:00:58.756261+00:00,2026-06-30T12:00:58.748261,1,1,68.95,0.5,68.7,250,,,,,,,,,,,,,,,,,,,69.2,159,,,,,,,,,,,,,,,,,,
2026-06-30T02:00:59.584273+00:00,2026-06-30T12:00:59.574210,1,1,68.95,0.5,68.7,150,,,,,,,,,,,,,,,,,,,69.2,150,,,,,,,,,,,,,,,,,,
2026-06-30T02:00:59.638150+00:00,2026-06-30T12:00:59.629591,1,1,68.95,0.5,68.7,150,,,,,,,,,,,,,,,,,,,69.2,50,,,,,,,,,,,,,,,,,,
2026-06-30T02:00:59.681932+00:00,2026-06-30T12:00:59.678932,1,2,68.95,0.5,68.7,150,,,,,,,,,,,,,,,,,,,69.2,50,69.7,100,,,,,,,,,,,,,,,,
2026-06-30T02:01:00.117438+00:00,2026-06-30T12:01:00.114392,1,1,69.2,1.0,68.7,150,,,,,,,,,,,,,,,,,,,69.7,100,,,,,,,,,,,,,,,,,,
2026-06-30T02:01:00.128019+00:00,2026-06-30T12:01:00.120457,0,1,,,,,,,,,,,,,,,,,,,,,,,69.7,100,,,,,,,,,,,,,,,,,,
2026-06-30T02:01:00.171801+00:00,2026-06-30T12:01:00.166730,1,1,69.45,0.5,69.2,150,,,,,,,,,,,,,,,,,,,69.7,100,,,,,,,,,,,,,,,,,,
2026-06-30T02:01:00.227121+00:00,2026-06-30T12:01:00.219121,1,1,69.45,0.5,69.2,150,,,,,,,,,,,,,,,,,,,69.7,250,,,,,,,,,,,,,,,,,,
2026-06-30T02:01:00.518901+00:00,2026-06-30T12:01:00.511331,1,1,69.45,0.5,69.2,150,,,,,,,,,,,,,,,,,,,69.7,200,,,,,,,,,,,,,,,,,,
2026-06-30T02:01:02.618162+00:00,2026-06-30T12:01:02.613602,1,1,69.45,0.5,69.2,150,,,,,,,,,,,,,,,,,,,69.7,150,,,,,,,,,,,,,,,,,,
2026-06-30T02:01:02.804543+00:00,2026-06-30T12:01:02.800543,2,1,69.5,0.4,69.3,100,69.2,150,,,,,,,,,,,,,,,,,69.7,150,,,,,,,,,,,,,,,,,,
2026-06-30T02:01:02.858409+00:00,2026-06-30T12:01:02.853849,2,2,69.5,0.4,69.3,100,69.2,150,,,,,,,,,,,,,,,,,69.7,150,69.8,100,,,,,,,,,,,,,,,,
2026-06-30T02:01:03.273046+00:00,2026-06-30T12:01:03.272046,2,1,69.55,0.5,69.3,100,69.2,150,,,,,,,,,,,,,,,,,69.8,100,,,,,,,,,,,,,,,,,,
2026-06-30T02:01:03.284109+00:00,2026-06-30T12:01:03.273046,1,1,69.55,0.5,69.3,100,,,,,,,,,,,,,,,,,,,69.8,100,,,,,,,,,,,,,,,,,,
2026-06-30T02:01:03.327384+00:00,2026-06-30T12:01:03.326384,2,1,69.6,0.4,69.4,150,69.3,100,,,,,,,,,,,,,,,,,69.8,100,,,,,,,,,,,,,,,,,,
2026-06-30T02:01:03.380817+00:00,2026-06-30T12:01:03.377806,2,2,69.6,0.4,69.4,150,69.3,100,,,,,,,,,,,,,,,,,69.8,100,69.9,150,,,,,,,,,,,,,,,,
2026-06-30T02:01:04.738729+00:00,2026-06-30T12:01:04.729148,2,2,69.6,0.4,69.4,150,69.3,100,,,,,,,,,,,,,,,,,69.8,50,69.9,150,,,,,,,,,,,,,,,,
2026-06-30T02:01:05.468304+00:00,2026-06-30T12:01:05.463745,2,2,69.6,0.4,69.4,104,69.3,100,,,,,,,,,,,,,,,,,69.8,50,69.9,150,,,,,,,,,,,,,,,,
2026-06-30T02:01:05.937394+00:00,2026-06-30T12:01:05.928386,1,1,69.65,0.5,69.4,104,,,,,,,,,,,,,,,,,,,69.9,150,,,,,,,,,,,,,,,,,,
2026-06-30T02:01:05.991803+00:00,2026-06-30T12:01:05.981741,2,1,69.65,0.5,69.4,104,69.3,100,,,,,,,,,,,,,,,,,69.9,150,,,,,,,,,,,,,,,,,,
2026-06-30T02:01:06.035081+00:00,2026-06-30T12:01:06.034080,2,2,69.6,0.4,69.4,104,69.3,100,,,,,,,,,,,,,,,,,69.8,100,69.9,150,,,,,,,,,,,,,,,,
2026-06-30T02:01:06.393027+00:00,2026-06-30T12:01:06.383964,2,2,69.6,0.4,69.4,104,69.3,100,,,,,,,,,,,,,,,,,69.8,55,69.9,150,,,,,,,,,,,,,,,,
2026-06-30T02:01:06.437301+00:00,2026-06-30T12:01:06.433302,1,1,69.55,0.5,69.3,100,,,,,,,,,,,,,,,,,,,69.8,55,,,,,,,,,,,,,,,,,,
2026-06-30T02:01:06.490706+00:00,2026-06-30T12:01:06.486642,2,1,69.6,0.4,69.4,150,69.3,100,,,,,,,,,,,,,,,,,69.8,55,,,,,,,,,,,,,,,,,,
2026-06-30T02:01:06.557081+00:00,2026-06-30T12:01:06.553082,2,2,69.6,0.4,69.4,150,69.3,100,,,,,,,,,,,,,,,,,69.8,55,69.9,150,,,,,,,,,,,,,,,,
2026-06-30T02:01:06.838075+00:00,2026-06-30T12:01:06.831515,2,2,69.6,0.4,69.4,150,69.3,100,,,,,,,,,,,,,,,,,69.8,5,69.9,150,,,,,,,,,,,,,,,,
2026-06-30T02:01:08.020113+00:00,2026-06-30T12:01:08.014059,2,2,69.6,0.4,69.4,107,69.3,100,,,,,,,,,,,,,,,,,69.8,5,69.9,150,,,,,,,,,,,,,,,,
2026-06-30T02:01:08.943911+00:00,2026-06-30T12:01:08.940908,2,1,69.65,0.5,69.4,107,69.3,100,,,,,,,,,,,,,,,,,69.9,105,,,,,,,,,,,,,,,,,,
2026-06-30T02:01:09.097434+00:00,2026-06-30T12:01:09.088433,1,1,69.65,0.5,69.4,107,,,,,,,,,,,,,,,,,,,69.9,105,,,,,,,,,,,,,,,,,,
2026-06-30T02:01:09.151835+00:00,2026-06-30T12:01:09.141773,2,1,69.85,0.1,69.8,100,69.4,107,,,,,,,,,,,,,,,,,69.9,105,,,,,,,,,,,,,,,,,,
2026-06-30T02:01:09.196127+00:00,2026-06-30T12:01:09.195127,2,2,69.85,0.1,69.8,100,69.4,107,,,,,,,,,,,,,,,,,69.9,105,70.3,100,,,,,,,,,,,,,,,,
2026-06-30T02:01:09.445320+00:00,2026-06-30T12:01:09.443311,2,2,69.85,0.1,69.8,100,69.4,107,,,,,,,,,,,,,,,,,69.9,64,70.3,100,,,,,,,,,,,,,,,,
2026-06-30T02:01:09.608491+00:00,2026-06-30T12:01:09.607978,2,1,70.05,0.5,69.8,100,69.4,107,,,,,,,,,,,,,,,,,70.3,100,,,,,,,,,,,,,,,,,,
2026-06-30T02:01:09.619069+00:00,2026-06-30T12:01:09.608678,1,1,70.05,0.5,69.8,100,,,,,,,,,,,,,,,,,,,70.3,100,,,,,,,,,,,,,,,,,,
2026-06-30T02:01:09.663329+00:00,2026-06-30T12:01:09.662329,2,1,70.05,0.5,69.8,100,69.4,150,,,,,,,,,,,,,,,,,70.3,100,,,,,,,,,,,,,,,,,,
2026-06-30T02:01:09.717664+00:00,2026-06-30T12:01:09.714638,2,2,69.85,0.1,69.8,100,69.4,150,,,,,,,,,,,,,,,,,69.9,150,70.3,100,,,,,,,,,,,,,,,,
2026-06-30T02:01:11.055337+00:00,2026-06-30T12:01:11.045275,2,2,69.85,0.1,69.8,100,69.4,150,,,,,,,,,,,,,,,,,69.9,100,70.3,100,,,,,,,,,,,,,,,,
2026-06-30T02:01:11.066399+00:00,2026-06-30T12:01:11.064399,2,2,69.85,0.1,69.8,75,69.4,150,,,,,,,,,,,,,,,,,69.9,100,70.3,100,,,,,,,,,,,,,,,,
2026-06-30T02:01:12.011861+00:00,2026-06-30T12:01:12.010861,2,2,69.85,0.1,69.8,75,69.4,150,,,,,,,,,,,,,,,,,69.9,59,70.3,100,,,,,,,,,,,,,,,,
2026-06-30T02:01:12.251973+00:00,2026-06-30T12:01:12.249974,1,1,69.65,0.5,69.4,150,,,,,,,,,,,,,,,,,,,69.9,59,,,,,,,,,,,,,,,,,,
2026-06-30T02:01:12.307316+00:00,2026-06-30T12:01:12.302315,2,1,69.85,0.1,69.8,100,69.4,150,,,,,,,,,,,,,,,,,69.9,59,,,,,,,,,,,,,,,,,,
2026-06-30T02:01:12.361236+00:00,2026-06-30T12:01:12.354174,2,2,69.85,0.1,69.8,100,69.4,150,,,,,,,,,,,,,,,,,69.9,59,70.3,100,,,,,,,,,,,,,,,,
2026-06-30T02:01:12.773918+00:00,2026-06-30T12:01:12.770912,1,1,70.05,0.5,69.8,100,,,,,,,,,,,,,,,,,,,70.3,100,,,,,,,,,,,,,,,,,,
2026-06-30T02:01:12.827827+00:00,2026-06-30T12:01:12.823259,2,1,70.1,0.4,69.9,150,69.8,100,,,,,,,,,,,,,,,,,70.3,100,,,,,,,,,,,,,,,,,,
2026-06-30T02:01:12.893265+00:00,2026-06-30T12:01:12.885205,1,2,70.05,0.5,69.8,100,,,,,,,,,,,,,,,,,,,70.3,100,70.4,150,,,,,,,,,,,,,,,,
2026-06-30T02:01:13.154037+00:00,2026-06-30T12:01:13.150037,1,2,70.05,0.5,69.8,100,,,,,,,,,,,,,,,,,,,70.3,50,70.4,150,,,,,,,,,,,,,,,,
2026-06-30T02:01:15.276174+00:00,2026-06-30T12:01:15.268175,1,1,70.1,0.6,69.8,100,,,,,,,,,,,,,,,,,,,70.4,150,,,,,,,,,,,,,,,,,,
2026-06-30T02:01:15.416238+00:00,2026-06-30T12:01:15.407228,0,1,,,,,,,,,,,,,,,,,,,,,,,70.4,150,,,,,,,,,,,,,,,,,,
2026-06-30T02:01:15.468637+00:00,2026-06-30T12:01:15.459077,1,1,70.25,0.3,70.1,100,,,,,,,,,,,,,,,,,,,70.4,150,,,,,,,,,,,,,,,,,,
2026-06-30T02:01:15.479717+00:00,2026-06-30T12:01:15.473655,1,1,70.25,0.3,70.1,50,,,,,,,,,,,,,,,,,,,70.4,150,,,,,,,,,,,,,,,,,,
2026-06-30T02:01:15.512936+00:00,2026-06-30T12:01:15.510936,1,2,70.25,0.3,70.1,50,,,,,,,,,,,,,,,,,,,70.4,150,70.6,100,,,,,,,,,,,,,,,,
2026-06-30T02:01:15.937285+00:00,2026-06-30T12:01:15.931246,1,1,70.35,0.5,70.1,50,,,,,,,,,,,,,,,,,,,70.6,100,,,,,,,,,,,,,,,,,,
2026-06-30T02:01:15.991182+00:00,2026-06-30T12:01:15.983120,2,1,70.35,0.5,70.1,50,69.4,150,,,,,,,,,,,,,,,,,70.6,100,,,,,,,,,,,,,,,,,,
2026-06-30T02:01:16.046487+00:00,2026-06-30T12:01:16.035425,1,2,69.65,0.5,69.4,150,,,,,,,,,,,,,,,,,,,69.9,100,70.6,100,,,,,,,,,,,,,,,,
2026-06-30T02:01:17.385152+00:00,2026-06-30T12:01:17.374089,1,2,69.65,0.5,69.4,150,,,,,,,,,,,,,,,,,,,69.9,50,70.6,100,,,,,,,,,,,,,,,,
2026-06-30T02:01:18.572302+00:00,2026-06-30T12:01:18.564239,1,1,69.65,0.5,69.4,150,,,,,,,,,,,,,,,,,,,69.9,50,,,,,,,,,,,,,,,,,,
2026-06-30T02:01:18.627613+00:00,2026-06-30T12:01:18.616551,2,0,,,69.9,50,69.4,150,,,,,,,,,,,,,,,,,,,,,,,,,,,,,,,,,,,,
2026-06-30T02:01:18.670008+00:00,2026-06-30T12:01:18.669007,2,1,70.15,0.5,69.9,50,69.4,150,,,,,,,,,,,,,,,,,70.4,100,,,,,,,,,,,,,,,,,,
2026-06-30T02:01:19.094302+00:00,2026-06-30T12:01:19.089302,1,1,70.15,0.5,69.9,50,,,,,,,,,,,,,,,,,,,70.4,100,,,,,,,,,,,,,,,,,,
2026-06-30T02:01:19.148173+00:00,2026-06-30T12:01:19.141614,2,1,70.2,0.4,70.0,150,69.9,50,,,,,,,,,,,,,,,,,70.4,100,,,,,,,,,,,,,,,,,,
2026-06-30T02:01:19.203031+00:00,2026-06-30T12:01:19.192960,2,2,70.2,0.4,70.0,150,69.9,50,,,,,,,,,,,,,,,,,70.4,100,70.5,150,,,,,,,,,,,,,,,,
2026-06-30T02:01:19.508074+00:00,2026-06-30T12:01:19.501514,2,2,70.2,0.4,70.0,150,69.9,50,,,,,,,,,,,,,,,,,70.4,50,70.5,150,,,,,,,,,,,,,,,,
2026-06-30T02:01:21.085240+00:00,2026-06-30T12:01:21.077230,2,2,70.2,0.4,70.0,125,69.9,50,,,,,,,,,,,,,,,,,70.4,50,70.5,150,,,,,,,,,,,,,,,,
2026-06-30T02:01:21.607211+00:00,2026-06-30T12:01:21.599180,2,1,70.25,0.5,70.0,125,69.9,50,,,,,,,,,,,,,,,,,70.5,150,,,,,,,,,,,,,,,,,,
2026-06-30T02:01:21.727509+00:00,2026-06-30T12:01:21.722509,1,1,70.25,0.5,70.0,125,,,,,,,,,,,,,,,,,,,70.5,150,,,,,,,,,,,,,,,,,,
2026-06-30T02:01:21.781952+00:00,2026-06-30T12:01:21.774889,2,1,70.25,0.5,70.0,125,69.8,100,,,,,,,,,,,,,,,,,70.5,150,,,,,,,,,,,,,,,,,,
2026-06-30T02:01:21.837273+00:00,2026-06-30T12:01:21.827263,2,2,70.15,0.3,70.0,125,69.8,100,,,,,,,,,,,,,,,,,70.3,100,70.5,150,,,,,,,,,,,,,,,,
2026-06-30T02:01:22.251130+00:00,2026-06-30T12:01:22.246059,1,1,70.05,0.5,69.8,100,,,,,,,,,,,,,,,,,,,70.3,100,,,,,,,,,,,,,,,,,,
2026-06-30T02:01:22.306450+00:00,2026-06-30T12:01:22.300451,2,1,70.05,0.5,69.8,100,69.6,150,,,,,,,,,,,,,,,,,70.3,100,,,,,,,,,,,,,,,,,,
2026-06-30T02:01:22.359910+00:00,2026-06-30T12:01:22.350846,2,2,69.95,0.3,69.8,100,69.6,150,,,,,,,,,,,,,,,,,70.1,150,70.3,100,,,,,,,,,,,,,,,,
2026-06-30T02:01:24.891856+00:00,2026-06-30T12:01:24.884792,1,1,69.85,0.5,69.6,150,,,,,,,,,,,,,,,,,,,70.1,150,,,,,,,,,,,,,,,,,,
2026-06-30T02:01:24.947169+00:00,2026-06-30T12:01:24.936106,2,1,69.95,0.3,69.8,100,69.6,150,,,,,,,,,,,,,,,,,70.1,150,,,,,,,,,,,,,,,,,,
2026-06-30T02:01:24.990041+00:00,2026-06-30T12:01:24.987954,2,2,69.95,0.3,69.8,100,69.6,150,,,,,,,,,,,,,,,,,70.1,150,70.3,100,,,,,,,,,,,,,,,,
2026-06-30T02:01:25.415571+00:00,2026-06-30T12:01:25.405833,1,1,70.05,0.5,69.8,100,,,,,,,,,,,,,,,,,,,70.3,100,,,,,,,,,,,,,,,,,,
2026-06-30T02:01:25.467931+00:00,2026-06-30T12:01:25.457958,2,1,70.05,0.5,69.8,100,69.6,150,,,,,,,,,,,,,,,,,70.3,100,,,,,,,,,,,,,,,,,,
2026-06-30T02:01:25.511727+00:00,2026-06-30T12:01:25.509727,2,2,69.95,0.3,69.8,100,69.6,150,,,,,,,,,,,,,,,,,70.1,150,70.3,100,,,,,,,,,,,,,,,,
2026-06-30T02:01:25.891829+00:00,2026-06-30T12:01:25.880766,2,2,69.95,0.3,69.8,50,69.6,150,,,,,,,,,,,,,,,,,70.1,150,70.3,100,,,,,,,,,,,,,,,,
2026-06-30T02:01:26.097747+00:00,2026-06-30T12:01:26.087737,2,2,69.95,0.3,69.8,25,69.6,150,,,,,,,,,,,,,,,,,70.1,150,70.3,100,,,,,,,,,,,,,,,,
2026-06-30T02:01:26.531113+00:00,2026-06-30T12:01:26.525050,1,2,69.85,0.5,69.6,130,,,,,,,,,,,,,,,,,,,70.1,150,70.3,100,,,,,,,,,,,,,,,,
2026-06-30T02:01:27.993965+00:00,2026-06-30T12:01:27.986903,1,2,69.85,0.5,69.6,80,,,,,,,,,,,,,,,,,,,70.1,150,70.3,100,,,,,,,,,,,,,,,,
2026-06-30T02:01:28.047343+00:00,2026-06-30T12:01:28.042287,1,1,69.85,0.5,69.6,80,,,,,,,,,,,,,,,,,,,70.1,150,,,,,,,,,,,,,,,,,,
2026-06-30T02:01:28.101217+00:00,2026-06-30T12:01:28.094155,1,1,69.85,0.5,69.6,180,,,,,,,,,,,,,,,,,,,70.1,150,,,,,,,,,,,,,,,,,,
2026-06-30T02:01:28.156543+00:00,2026-06-30T12:01:28.145481,1,1,69.85,0.5,69.6,180,,,,,,,,,,,,,,,,,,,70.1,250,,,,,,,,,,,,,,,,,,
2026-06-30T02:01:28.501965+00:00,2026-06-30T12:01:28.498965,1,1,69.85,0.5,69.6,140,,,,,,,,,,,,,,,,,,,70.1,250,,,,,,,,,,,,,,,,,,
2026-06-30T02:01:28.567437+00:00,2026-06-30T12:01:28.563391,1,1,69.85,0.5,69.6,100,,,,,,,,,,,,,,,,,,,70.1,100,,,,,,,,,,,,,,,,,,
2026-06-30T02:01:28.621851+00:00,2026-06-30T12:01:28.614778,2,1,69.85,0.5,69.6,100,69.4,150,,,,,,,,,,,,,,,,,70.1,100,,,,,,,,,,,,,,,,,,
2026-06-30T02:01:28.677179+00:00,2026-06-30T12:01:28.667169,2,2,69.75,0.3,69.6,100,69.4,150,,,,,,,,,,,,,,,,,69.9,150,70.1,100,,,,,,,,,,,,,,,,
2026-06-30T02:01:29.459059+00:00,2026-06-30T12:01:29.453499,2,2,69.75,0.3,69.6,100,69.4,150,,,,,,,,,,,,,,,,,69.9,102,70.1,100,,,,,,,,,,,,,,,,
2026-06-30T02:01:31.095589+00:00,2026-06-30T12:01:31.086517,2,2,69.75,0.3,69.6,100,69.4,150,,,,,,,,,,,,,,,,,69.9,53,70.1,100,,,,,,,,,,,,,,,,
2026-06-30T02:01:31.148967+00:00,2026-06-30T12:01:31.140408,2,2,69.75,0.3,69.6,56,69.4,150,,,,,,,,,,,,,,,,,69.9,53,70.1,100,,,,,,,,,,,,,,,,
2026-06-30T02:01:31.215356+00:00,2026-06-30T12:01:31.206293,1,1,69.65,0.5,69.4,150,,,,,,,,,,,,,,,,,,,69.9,53,,,,,,,,,,,,,,,,,,
2026-06-30T02:01:31.268764+00:00,2026-06-30T12:01:31.263196,2,1,69.85,0.1,69.8,100,69.4,150,,,,,,,,,,,,,,,,,69.9,53,,,,,,,,,,,,,,,,,,
2026-06-30T02:01:31.324095+00:00,2026-06-30T12:01:31.314033,2,2,69.85,0.1,69.8,100,69.4,150,,,,,,,,,,,,,,,,,69.9,53,70.3,100,,,,,,,,,,,,,,,,
2026-06-30T02:01:31.727237+00:00,2026-06-30T12:01:31.723238,1,1,70.05,0.5,69.8,100,,,,,,,,,,,,,,,,,,,70.3,100,,,,,,,,,,,,,,,,,,
2026-06-30T02:01:31.780163+00:00,2026-06-30T12:01:31.776102,1,1,70.05,0.5,69.8,250,,,,,,,,,,,,,,,,,,,70.3,100,,,,,,,,,,,,,,,,,,
2026-06-30T02:01:31.834506+00:00,2026-06-30T12:01:31.832506,1,1,70.05,0.5,69.8,250,,,,,,,,,,,,,,,,,,,70.3,250,,,,,,,,,,,,,,,,,,
2026-06-30T02:01:32.205404+00:00,2026-06-30T12:01:32.196341,1,1,70.05,0.5,69.8,200,,,,,,,,,,,,,,,,,,,70.3,250,,,,,,,,,,,,,,,,,,
2026-06-30T02:01:34.387606+00:00,2026-06-30T12:01:34.385606,1,1,70.05,0.5,69.8,200,,,,,,,,,,,,,,,,,,,70.3,150,,,,,,,,,,,,,,,,,,
2026-06-30T02:01:34.398231+00:00,2026-06-30T12:01:34.389671,1,1,70.05,0.5,69.8,150,,,,,,,,,,,,,,,,,,,70.3,150,,,,,,,,,,,,,,,,,,
2026-06-30T02:01:34.442022+00:00,2026-06-30T12:01:34.435959,2,1,70.05,0.5,69.8,150,69.5,100,,,,,,,,,,,,,,,,,70.3,150,,,,,,,,,,,,,,,,,,
2026-06-30T02:01:34.497355+00:00,2026-06-30T12:01:34.490355,2,2,69.9,0.2,69.8,150,69.5,100,,,,,,,,,,,,,,,,,70.0,100,70.3,150,,,,,,,,,,,,,,,,
2026-06-30T02:01:34.822158+00:00,2026-06-30T12:01:34.813082,2,2,69.9,0.2,69.8,150,69.5,100,,,,,,,,,,,,,,,,,70.0,60,70.3,150,,,,,,,,,,,,,,,,
2026-06-30T02:01:34.887579+00:00,2026-06-30T12:01:34.882553,1,1,69.75,0.5,69.5,100,,,,,,,,,,,,,,,,,,,70.0,60,,,,,,,,,,,,,,,,,,
2026-06-30T02:01:34.941953+00:00,2026-06-30T12:01:34.935889,2,1,69.95,0.1,69.9,150,69.5,100,,,,,,,,,,,,,,,,,70.0,60,,,,,,,,,,,,,,,,,,
2026-06-30T02:01:34.997280+00:00,2026-06-30T12:01:34.989280,2,2,69.95,0.1,69.9,150,69.5,100,,,,,,,,,,,,,,,,,70.0,60,70.4,150,,,,,,,,,,,,,,,,
2026-06-30T02:01:36.415009+00:00,2026-06-30T12:01:36.405936,2,2,69.95,0.1,69.9,100,69.5,100,,,,,,,,,,,,,,,,,70.0,60,70.4,150,,,,,,,,,,,,,,,,
2026-06-30T02:01:37.551236+00:00,2026-06-30T12:01:37.543174,1,1,70.15,0.5,69.9,100,,,,,,,,,,,,,,,,,,,70.4,150,,,,,,,,,,,,,,,,,,
2026-06-30T02:01:37.595475+00:00,2026-06-30T12:01:37.595475,2,1,70.15,0.5,69.9,100,69.5,100,,,,,,,,,,,,,,,,,70.4,150,,,,,,,,,,,,,,,,,,
2026-06-30T02:01:37.657900+00:00,2026-06-30T12:01:37.647926,2,2,69.95,0.1,69.9,100,69.5,100,,,,,,,,,,,,,,,,,70.0,100,70.4,150,,,,,,,,,,,,,,,,
2026-06-30T02:01:38.005206+00:00,2026-06-30T12:01:38.004206,2,2,69.95,0.1,69.9,53,69.5,100,,,,,,,,,,,,,,,,,70.0,100,70.4,150,,,,,,,,,,,,,,,,
2026-06-30T02:01:38.048538+00:00,2026-06-30T12:01:38.043970,1,1,69.75,0.5,69.5,100,,,,,,,,,,,,,,,,,,,70.0,100,,,,,,,,,,,,,,,,,,
2026-06-30T02:01:38.103878+00:00,2026-06-30T12:01:38.095808,2,1,69.85,0.3,69.7,150,69.5,100,,,,,,,,,,,,,,,,,70.0,100,,,,,,,,,,,,,,,,,,
2026-06-30T02:01:38.157234+00:00,2026-06-30T12:01:38.147270,2,2,69.85,0.3,69.7,150,69.5,100,,,,,,,,,,,,,,,,,70.0,100,70.2,150,,,,,,,,,,,,,,,,
2026-06-30T02:01:38.515073+00:00,2026-06-30T12:01:38.511073,2,2,69.85,0.3,69.7,100,69.5,100,,,,,,,,,,,,,,,,,70.0,100,70.2,150,,,,,,,,,,,,,,,,
2026-06-30T02:01:39.525061+00:00,2026-06-30T12:01:39.524061,2,2,69.85,0.3,69.7,100,69.5,100,,,,,,,,,,,,,,,,,70.0,56,70.2,150,,,,,,,,,,,,,,,,
2026-06-30T02:01:39.588589+00:00,2026-06-30T12:01:39.585029,2,2,69.85,0.3,69.7,52,69.5,100,,,,,,,,,,,,,,,,,70.0,56,70.2,150,,,,,,,,,,,,,,,,
2026-06-30T02:01:40.568159+00:00,2026-06-30T12:01:40.565642,2,2,69.85,0.3,69.7,52,69.5,100,,,,,,,,,,,,,,,,,70.0,6,70.2,150,,,,,,,,,,,,,,,,
2026-06-30T02:01:40.712995+00:00,2026-06-30T12:01:40.703944,1,1,69.95,0.5,69.7,52,,,,,,,,,,,,,,,,,,,70.2,150,,,,,,,,,,,,,,,,,,
2026-06-30T02:01:40.767302+00:00,2026-06-30T12:01:40.757336,2,1,70.05,0.3,69.9,100,69.7,52,,,,,,,,,,,,,,,,,70.2,150,,,,,,,,,,,,,,,,,,
2026-06-30T02:01:40.821113+00:00,2026-06-30T12:01:40.810041,2,2,70.05,0.3,69.9,100,69.7,52,,,,,,,,,,,,,,,,,70.2,150,70.4,100,,,,,,,,,,,,,,,,
2026-06-30T02:01:41.214217+00:00,2026-06-30T12:01:41.204155,1,1,70.15,0.5,69.9,100,,,,,,,,,,,,,,,,,,,70.4,100,,,,,,,,,,,,,,,,,,
2026-06-30T02:01:41.257562+00:00,2026-06-30T12:01:41.255513,2,1,70.15,0.5,69.9,100,69.2,150,,,,,,,,,,,,,,,,,70.4,100,,,,,,,,,,,,,,,,,,
2026-06-30T02:01:41.311934+00:00,2026-06-30T12:01:41.308934,1,2,69.45,0.5,69.2,150,,,,,,,,,,,,,,,,,,,69.7,50,70.4,100,,,,,,,,,,,,,,,,
2026-06-30T02:01:41.323006+00:00,2026-06-30T12:01:41.312934,1,1,69.8,1.2,69.2,150,,,,,,,,,,,,,,,,,,,70.4,100,,,,,,,,,,,,,,,,,,
2026-06-30T02:01:43.876173+00:00,2026-06-30T12:01:43.865111,1,0,,,69.2,150,,,,,,,,,,,,,,,,,,,,,,,,,,,,,,,,,,,,,,
2026-06-30T02:01:43.919013+00:00,2026-06-30T12:01:43.917453,2,0,,,69.8,100,69.2,150,,,,,,,,,,,,,,,,,,,,,,,,,,,,,,,,,,,,
2026-06-30T02:01:43.951255+00:00,2026-06-30T12:01:43.940192,2,0,,,69.8,55,69.2,150,,,,,,,,,,,,,,,,,,,,,,,,,,,,,,,,,,,,
2026-06-30T02:01:43.984446+00:00,2026-06-30T12:01:43.977436,2,1,70.05,0.5,69.8,55,69.2,150,,,,,,,,,,,,,,,,,70.3,100,,,,,,,,,,,,,,,,,,
2026-06-30T02:01:44.364955+00:00,2026-06-30T12:01:44.362955,1,1,70.05,0.5,69.8,55,,,,,,,,,,,,,,,,,,,70.3,100,,,,,,,,,,,,,,,,,,
2026-06-30T02:01:44.407251+00:00,2026-06-30T12:01:44.400206,1,1,70.05,0.5,69.8,55,,,,,,,,,,,,,,,,,,,70.3,54,,,,,,,,,,,,,,,,,,
2026-06-30T02:01:44.417829+00:00,2026-06-30T12:01:44.415270,2,1,70.1,0.4,69.9,150,69.8,55,,,,,,,,,,,,,,,,,70.3,54,,,,,,,,,,,,,,,,,,
2026-06-30T02:01:44.472193+00:00,2026-06-30T12:01:44.468185,2,2,70.1,0.4,69.9,150,69.8,55,,,,,,,,,,,,,,,,,70.3,54,70.4,150,,,,,,,,,,,,,,,,
2026-06-30T02:01:44.831136+00:00,2026-06-30T12:01:44.826075,2,2,70.1,0.4,69.9,100,69.8,55,,,,,,,,,,,,,,,,,70.3,54,70.4,150,,,,,,,,,,,,,,,,
2026-06-30T02:01:45.058639+00:00,2026-06-30T12:01:45.049079,2,2,70.1,0.4,69.9,100,69.8,55,,,,,,,,,,,,,,,,,70.3,11,70.4,150,,,,,,,,,,,,,,,,
2026-06-30T02:01:45.114011+00:00,2026-06-30T12:01:45.103073,2,2,70.1,0.4,69.9,52,69.8,55,,,,,,,,,,,,,,,,,70.3,11,70.4,150,,,,,,,,,,,,,,,,
2026-06-30T02:01:46.939933+00:00,2026-06-30T12:01:46.937873,2,2,70.1,0.4,69.9,2,69.8,55,,,,,,,,,,,,,,,,,70.3,11,70.4,150,,,,,,,,,,,,,,,,
2026-06-30T02:01:47.027413+00:00,2026-06-30T12:01:47.024369,1,1,70.15,0.5,69.9,2,,,,,,,,,,,,,,,,,,,70.4,150,,,,,,,,,,,,,,,,,,
2026-06-30T02:01:47.092767+00:00,2026-06-30T12:01:47.086718,2,1,70.2,0.4,70.0,100,69.9,2,,,,,,,,,,,,,,,,,70.4,150,,,,,,,,,,,,,,,,,,
2026-06-30T02:01:47.148012+00:00,2026-06-30T12:01:47.141012,2,2,70.2,0.4,70.0,100,69.9,2,,,,,,,,,,,,,,,,,70.4,150,70.5,100,,,,,,,,,,,,,,,,
2026-06-30T02:01:47.528039+00:00,2026-06-30T12:01:47.524470,1,1,70.25,0.5,70.0,100,,,,,,,,,,,,,,,,,,,70.5,100,,,,,,,,,,,,,,,,,,
2026-06-30T02:01:47.582879+00:00,2026-06-30T12:01:47.575816,2,1,70.25,0.5,70.0,100,69.3,150,,,,,,,,,,,,,,,,,70.5,100,,,,,,,,,,,,,,,,,,
2026-06-30T02:01:47.637226+00:00,2026-06-30T12:01:47.630200,1,2,69.55,0.5,69.3,150,,,,,,,,,,,,,,,,,,,69.8,50,70.5,100,,,,,,,,,,,,,,,,
2026-06-30T02:01:47.647823+00:00,2026-06-30T12:01:47.637382,1,1,69.9,1.2,69.3,150,,,,,,,,,,,,,,,,,,,70.5,100,,,,,,,,,,,,,,,,,,
2026-06-30T02:01:49.050864+00:00,2026-06-30T12:01:49.040801,1,1,69.9,1.2,69.3,100,,,,,,,,,,,,,,,,,,,70.5,100,,,,,,,,,,,,,,,,,,
2026-06-30T02:01:50.194980+00:00,2026-06-30T12:01:50.190980,1,0,,,69.3,100,,,,,,,,,,,,,,,,,,,,,,,,,,,,,,,,,,,,,,
2026-06-30T02:01:50.248899+00:00,2026-06-30T12:01:50.244340,2,0,,,69.5,100,69.3,100,,,,,,,,,,,,,,,,,,,,,,,,,,,,,,,,,,,,
2026-06-30T02:01:50.304220+00:00,2026-06-30T12:01:50.297210,2,1,69.75,0.5,69.5,100,69.3,100,,,,,,,,,,,,,,,,,70.0,100,,,,,,,,,,,,,,,,,,
2026-06-30T02:01:50.692143+00:00,2026-06-30T12:01:50.684065,1,1,69.75,0.5,69.5,100,,,,,,,,,,,,,,,,,,,70.0,100,,,,,,,,,,,,,,,,,,
2026-06-30T02:01:50.747456+00:00,2026-06-30T12:01:50.737446,1,1,69.75,0.5,69.5,250,,,,,,,,,,,,,,,,,,,70.0,100,,,,,,,,,,,,,,,,,,
2026-06-30T02:01:50.790814+00:00,2026-06-30T12:01:50.788813,1,1,69.75,0.5,69.5,250,,,,,,,,,,,,,,,,,,,70.0,250,,,,,,,,,,,,,,,,,,
2026-06-30T02:01:51.097371+00:00,2026-06-30T12:01:51.095371,1,1,69.75,0.5,69.5,250,,,,,,,,,,,,,,,,,,,70.0,200,,,,,,,,,,,,,,,,,,
2026-06-30T02:01:52.077505+00:00,2026-06-30T12:01:52.076504,1,1,69.75,0.5,69.5,250,,,,,,,,,,,,,,,,,,,70.0,156,,,,,,,,,,,,,,,,,,
2026-06-30T02:01:53.353198+00:00,2026-06-30T12:01:53.350198,1,1,69.75,0.5,69.5,150,,,,,,,,,,,,,,,,,,,70.0,150,,,,,,,,,,,,,,,,,,
2026-06-30T02:01:53.407548+00:00,2026-06-30T12:01:53.403502,2,1,69.85,0.3,69.7,100,69.5,150,,,,,,,,,,,,,,,,,70.0,150,,,,,,,,,,,,,,,,,,
2026-06-30T02:01:53.461958+00:00,2026-06-30T12:01:53.456895,2,2,69.85,0.3,69.7,100,69.5,150,,,,,,,,,,,,,,,,,70.0,150,70.2,100,,,,,,,,,,,,,,,,
2026-06-30T02:01:53.844066+00:00,2026-06-30T12:01:53.843066,2,1,69.95,0.5,69.7,100,69.5,150,,,,,,,,,,,,,,,,,70.2,100,,,,,,,,,,,,,,,,,,
2026-06-30T02:01:53.855128+00:00,2026-06-30T12:01:53.844066,1,1,69.95,0.5,69.7,100,,,,,,,,,,,,,,,,,,,70.2,100,,,,,,,,,,,,,,,,,,
2026-06-30T02:01:53.897941+00:00,2026-06-30T12:01:53.895381,2,1,69.95,0.5,69.7,100,69.5,150,,,,,,,,,,,,,,,,,70.2,100,,,,,,,,,,,,,,,,,,
2026-06-30T02:01:53.952299+00:00,2026-06-30T12:01:53.947288,2,2,69.85,0.3,69.7,100,69.5,150,,,,,,,,,,,,,,,,,70.0,150,70.2,100,,,,,,,,,,,,,,,,
2026-06-30T02:01:55.312074+00:00,2026-06-30T12:01:55.305013,2,2,69.85,0.3,69.7,100,69.5,150,,,,,,,,,,,,,,,,,70.0,100,70.2,100,,,,,,,,,,,,,,,,
2026-06-30T02:01:56.518053+00:00,2026-06-30T12:01:56.509007,1,1,69.75,0.5,69.5,150,,,,,,,,,,,,,,,,,,,70.0,100,,,,,,,,,,,,,,,,,,
2026-06-30T02:01:56.562341+00:00,2026-06-30T12:01:56.561341,2,1,69.8,0.4,69.6,100,69.5,150,,,,,,,,,,,,,,,,,70.0,100,,,,,,,,,,,,,,,,,,
2026-06-30T02:01:56.617663+00:00,2026-06-30T12:01:56.613662,2,2,69.8,0.4,69.6,100,69.5,150,,,,,,,,,,,,,,,,,70.0,100,70.1,100,,,,,,,,,,,,,,,,
2026-06-30T02:01:57.007310+00:00,2026-06-30T12:01:57.001263,1,1,69.85,0.5,69.6,100,,,,,,,,,,,,,,,,,,,70.1,100,,,,,,,,,,,,,,,,,,
2026-06-30T02:01:57.061187+00:00,2026-06-30T12:01:57.054125,1,1,69.85,0.5,69.6,250,,,,,,,,,,,,,,,,,,,70.1,100,,,,,,,,,,,,,,,,,,
2026-06-30T02:01:57.116494+00:00,2026-06-30T12:01:57.106429,1,1,69.85,0.5,69.6,250,,,,,,,,,,,,,,,,,,,70.1,250,,,,,,,,,,,,,,,,,,
2026-06-30T02:01:59.357275+00:00,2026-06-30T12:01:59.355275,1,1,69.85,0.5,69.6,205,,,,,,,,,,,,,,,,,,,70.1,250,,,,,,,,,,,,,,,,,,
2026-06-30T02:01:59.519920+00:00,2026-06-30T12:01:59.518919,1,1,69.85,0.5,69.6,205,,,,,,,,,,,,,,,,,,,70.1,200,,,,,,,,,,,,,,,,,,
2026-06-30T02:01:59.672926+00:00,2026-06-30T12:01:59.666838,1,1,69.85,0.5,69.6,150,,,,,,,,,,,,,,,,,,,70.1,150,,,,,,,,,,,,,,,,,,
2026-06-30T02:01:59.727280+00:00,2026-06-30T12:01:59.719235,2,1,69.95,0.3,69.8,100,69.6,150,,,,,,,,,,,,,,,,,70.1,150,,,,,,,,,,,,,,,,,,
2026-06-30T02:01:59.781166+00:00,2026-06-30T12:01:59.772092,2,2,69.95,0.3,69.8,100,69.6,150,,,,,,,,,,,,,,,,,70.1,150,70.3,100,,,,,,,,,,,,,,,,
2026-06-30T02:02:00.161228+00:00,2026-06-30T12:02:00.160236,1,1,70.05,0.5,69.8,100,,,,,,,,,,,,,,,,,,,70.3,100,,,,,,,,,,,,,,,,,,
2026-06-30T02:02:00.216547+00:00,2026-06-30T12:02:00.213547,2,1,70.05,0.5,69.8,100,69.7,150,,,,,,,,,,,,,,,,,70.3,100,,,,,,,,,,,,,,,,,,
2026-06-30T02:02:00.270003+00:00,2026-06-30T12:02:00.266939,2,2,70.0,0.4,69.8,100,69.7,150,,,,,,,,,,,,,,,,,70.2,150,70.3,100,,,,,,,,,,,,,,,,
2026-06-30T02:02:01.651860+00:00,2026-06-30T12:02:01.641797,2,2,70.0,0.4,69.8,100,69.7,150,,,,,,,,,,,,,,,,,70.2,100,70.3,100,,,,,,,,,,,,,,,,
2026-06-30T02:02:02.846260+00:00,2026-06-30T12:02:02.841260,1,1,69.95,0.5,69.7,150,,,,,,,,,,,,,,,,,,,70.2,100,,,,,,,,,,,,,,,,,,
2026-06-30T02:02:02.900677+00:00,2026-06-30T12:02:02.892602,2,1,70.0,0.4,69.8,100,69.7,150,,,,,,,,,,,,,,,,,70.2,100,,,,,,,,,,,,,,,,,,
2026-06-30T02:02:02.956030+00:00,2026-06-30T12:02:02.945956,2,2,70.0,0.4,69.8,100,69.7,150,,,,,,,,,,,,,,,,,70.2,100,70.3,100,,,,,,,,,,,,,,,,
2026-06-30T02:02:03.323994+00:00,2026-06-30T12:02:03.322994,1,1,70.05,0.5,69.8,100,,,,,,,,,,,,,,,,,,,70.3,100,,,,,,,,,,,,,,,,,,
2026-06-30T02:02:03.377878+00:00,2026-06-30T12:02:03.375310,2,1,70.15,0.3,70.0,150,69.8,100,,,,,,,,,,,,,,,,,70.3,100,,,,,,,,,,,,,,,,,,
2026-06-30T02:02:03.454385+00:00,2026-06-30T12:02:03.443321,2,2,70.15,0.3,70.0,150,69.8,100,,,,,,,,,,,,,,,,,70.3,100,70.5,150,,,,,,,,,,,,,,,,
2026-06-30T02:02:03.747971+00:00,2026-06-30T12:02:03.742402,2,2,70.15,0.3,70.0,150,69.8,100,,,,,,,,,,,,,,,,,70.3,50,70.5,150,,,,,,,,,,,,,,,,
2026-06-30T02:02:03.977442+00:00,2026-06-30T12:02:03.969434,2,2,70.15,0.3,70.0,50,69.8,100,,,,,,,,,,,,,,,,,70.3,50,70.5,150,,,,,,,,,,,,,,,,
2026-06-30T02:02:06.000100+00:00,2026-06-30T12:02:05.999100,2,1,70.25,0.5,70.0,50,69.8,100,,,,,,,,,,,,,,,,,70.5,150,,,,,,,,,,,,,,,,,,
2026-06-30T02:02:06.011208+00:00,2026-06-30T12:02:06.001101,1,1,70.25,0.5,70.0,50,,,,,,,,,,,,,,,,,,,70.5,150,,,,,,,,,,,,,,,,,,
2026-06-30T02:02:06.055457+00:00,2026-06-30T12:02:06.053457,2,1,70.25,0.5,70.0,50,69.8,100,,,,,,,,,,,,,,,,,70.5,150,,,,,,,,,,,,,,,,,,
2026-06-30T02:02:06.108939+00:00,2026-06-30T12:02:06.105381,2,2,70.15,0.3,70.0,50,69.8,100,,,,,,,,,,,,,,,,,70.3,100,70.5,150,,,,,,,,,,,,,,,,
2026-06-30T02:02:06.501137+00:00,2026-06-30T12:02:06.498136,1,1,70.05,0.5,69.8,100,,,,,,,,,,,,,,,,,,,70.3,100,,,,,,,,,,,,,,,,,,
2026-06-30T02:02:06.556444+00:00,2026-06-30T12:02:06.550444,2,1,70.05,0.5,69.8,100,69.5,150,,,,,,,,,,,,,,,,,70.3,100,,,,,,,,,,,,,,,,,,
2026-06-30T02:02:06.609857+00:00,2026-06-30T12:02:06.603794,2,2,69.9,0.2,69.8,100,69.5,150,,,,,,,,,,,,,,,,,70.0,150,70.3,100,,,,,,,,,,,,,,,,
2026-06-30T02:02:07.046302+00:00,2026-06-30T12:02:07.040302,2,2,69.9,0.2,69.8,100,69.5,150,,,,,,,,,,,,,,,,,70.0,109,70.3,100,,,,,,,,,,,,,,,,
2026-06-30T02:02:09.164264+00:00,2026-06-30T12:02:09.163264,1,1,69.75,0.5,69.5,150,,,,,,,,,,,,,,,,,,,70.0,109,,,,,,,,,,,,,,,,,,
2026-06-30T02:02:09.218168+00:00,2026-06-30T12:02:09.215610,2,1,69.95,0.1,69.9,100,69.5,150,,,,,,,,,,,,,,,,,70.0,109,,,,,,,,,,,,,,,,,,
2026-06-30T02:02:09.250887+00:00,2026-06-30T12:02:09.244824,2,1,69.95,0.1,69.9,56,69.5,150,,,,,,,,,,,,,,,,,70.0,109,,,,,,,,,,,,,,,,,,
2026-06-30T02:02:09.273022+00:00,2026-06-30T12:02:09.266951,2,2,69.95,0.1,69.9,56,69.5,150,,,,,,,,,,,,,,,,,70.0,109,70.4,100,,,,,,,,,,,,,,,,
2026-06-30T02:02:09.667095+00:00,2026-06-30T12:02:09.659095,1,1,70.15,0.5,69.9,56,,,,,,,,,,,,,,,,,,,70.4,100,,,,,,,,,,,,,,,,,,
2026-06-30T02:02:09.718513+00:00,2026-06-30T12:02:09.710954,2,1,70.15,0.5,69.9,56,69.6,150,,,,,,,,,,,,,,,,,70.4,100,,,,,,,,,,,,,,,,,,
2026-06-30T02:02:09.773353+00:00,2026-06-30T12:02:09.763291,2,2,70.0,0.2,69.9,56,69.6,150,,,,,,,,,,,,,,,,,70.1,150,70.4,100,,,,,,,,,,,,,,,,
2026-06-30T02:02:12.168906+00:00,2026-06-30T12:02:12.165349,2,2,70.0,0.2,69.9,56,69.6,150,,,,,,,,,,,,,,,,,70.1,100,70.4,100,,,,,,,,,,,,,,,,
2026-06-30T02:02:12.321830+00:00,2026-06-30T12:02:12.320830,2,1,70.0,0.2,69.9,56,69.6,150,,,,,,,,,,,,,,,,,70.1,100,,,,,,,,,,,,,,,,,,
2026-06-30T02:02:12.332893+00:00,2026-06-30T12:02:12.321830,1,1,69.85,0.5,69.6,150,,,,,,,,,,,,,,,,,,,70.1,100,,,,,,,,,,,,,,,,,,
2026-06-30T02:02:12.377140+00:00,2026-06-30T12:02:12.374140,2,1,69.95,0.3,69.8,100,69.6,150,,,,,,,,,,,,,,,,,70.1,100,,,,,,,,,,,,,,,,,,
2026-06-30T02:02:12.431094+00:00,2026-06-30T12:02:12.426030,2,2,69.95,0.3,69.8,100,69.6,150,,,,,,,,,,,,,,,,,70.1,100,70.3,100,,,,,,,,,,,,,,,,
2026-06-30T02:02:12.823308+00:00,2026-06-30T12:02:12.818308,1,1,70.05,0.5,69.8,100,,,,,,,,,,,,,,,,,,,70.3,100,,,,,,,,,,,,,,,,,,
2026-06-30T02:02:12.877651+00:00,2026-06-30T12:02:12.870626,2,1,70.15,0.3,70.0,150,69.8,100,,,,,,,,,,,,,,,,,70.3,100,,,,,,,,,,,,,,,,,,
2026-06-30T02:02:12.932057+00:00,2026-06-30T12:02:12.923993,2,2,70.15,0.3,70.0,150,69.8,100,,,,,,,,,,,,,,,,,70.3,100,70.5,150,,,,,,,,,,,,,,,,
2026-06-30T02:02:14.277772+00:00,2026-06-30T12:02:14.273213,2,2,70.15,0.3,70.0,150,69.8,100,,,,,,,,,,,,,,,,,70.3,50,70.5,150,,,,,,,,,,,,,,,,
2026-06-30T02:02:14.507302+00:00,2026-06-30T12:02:14.497292,2,2,70.15,0.3,70.0,103,69.8,100,,,,,,,,,,,,,,,,,70.3,50,70.5,150,,,,,,,,,,,,,,,,
2026-06-30T02:02:15.481061+00:00,2026-06-30T12:02:15.480061,2,1,70.25,0.5,70.0,103,69.8,100,,,,,,,,,,,,,,,,,70.5,150,,,,,,,,,,,,,,,,,,
2026-06-30T02:02:15.492124+00:00,2026-06-30T12:02:15.481061,1,1,70.25,0.5,70.0,103,,,,,,,,,,,,,,,,,,,70.5,150,,,,,,,,,,,,,,,,,,
2026-06-30T02:02:15.558080+00:00,2026-06-30T12:02:15.558080,2,1,70.25,0.5,70.0,103,69.9,100,,,,,,,,,,,,,,,,,70.5,150,,,,,,,,,,,,,,,,,,
2026-06-30T02:02:15.612922+00:00,2026-06-30T12:02:15.608921,2,2,70.2,0.4,70.0,103,69.9,100,,,,,,,,,,,,,,,,,70.4,100,70.5,150,,,,,,,,,,,,,,,,
2026-06-30T02:02:15.981851+00:00,2026-06-30T12:02:15.978851,1,1,70.15,0.5,69.9,100,,,,,,,,,,,,,,,,,,,70.4,100,,,,,,,,,,,,,,,,,,
2026-06-30T02:02:16.037133+00:00,2026-06-30T12:02:16.030133,1,1,70.15,0.5,69.9,250,,,,,,,,,,,,,,,,,,,70.4,100,,,,,,,,,,,,,,,,,,
2026-06-30T02:02:16.091052+00:00,2026-06-30T12:02:16.083004,1,1,70.15,0.5,69.9,250,,,,,,,,,,,,,,,,,,,70.4,250,,,,,,,,,,,,,,,,,,
2026-06-30T02:02:16.386231+00:00,2026-06-30T12:02:16.378223,1,1,70.15,0.5,69.9,250,,,,,,,,,,,,,,,,,,,70.4,200,,,,,,,,,,,,,,,,,,
2026-06-30T02:02:17.607183+00:00,2026-06-30T12:02:17.605174,1,1,70.15,0.5,69.9,250,,,,,,,,,,,,,,,,,,,70.4,158,,,,,,,,,,,,,,,,,,
2026-06-30T02:02:18.542223+00:00,2026-06-30T12:02:18.539223,1,1,70.15,0.5,69.9,200,,,,,,,,,,,,,,,,,,,70.4,158,,,,,,,,,,,,,,,,,,
2026-06-30T02:02:18.673184+00:00,2026-06-30T12:02:18.664110,1,1,70.15,0.5,69.9,150,,,,,,,,,,,,,,,,,,,70.4,150,,,,,,,,,,,,,,,,,,
2026-06-30T02:02:18.717470+00:00,2026-06-30T12:02:18.716469,1,1,70.15,0.5,69.9,250,,,,,,,,,,,,,,,,,,,70.4,150,,,,,,,,,,,,,,,,,,
2026-06-30T02:02:18.770891+00:00,2026-06-30T12:02:18.768891,1,1,70.15,0.5,69.9,250,,,,,,,,,,,,,,,,,,,70.4,250,,,,,,,,,,,,,,,,,,
2026-06-30T02:02:19.140871+00:00,2026-06-30T12:02:19.139871,1,1,70.15,0.5,69.9,100,,,,,,,,,,,,,,,,,,,70.4,100,,,,,,,,,,,,,,,,,,
2026-06-30T02:02:19.207279+00:00,2026-06-30T12:02:19.197268,2,1,70.15,0.5,69.9,100,69.6,150,,,,,,,,,,,,,,,,,70.4,100,,,,,,,,,,,,,,,,,,
2026-06-30T02:02:19.250131+00:00,2026-06-30T12:02:19.248121,2,2,70.0,0.2,69.9,100,69.6,150,,,,,,,,,,,,,,,,,70.1,150,70.4,100,,,,,,,,,,,,,,,,
2026-06-30T02:02:19.348273+00:00,2026-06-30T12:02:19.339714,2,2,70.0,0.2,69.9,57,69.6,150,,,,,,,,,,,,,,,,,70.1,150,70.4,100,,,,,,,,,,,,,,,,
2026-06-30T02:02:21.825250+00:00,2026-06-30T12:02:21.824250,2,1,70.0,0.2,69.9,57,69.6,150,,,,,,,,,,,,,,,,,70.1,150,,,,,,,,,,,,,,,,,,
2026-06-30T02:02:21.836313+00:00,2026-06-30T12:02:21.826251,1,1,69.85,0.5,69.6,150,,,,,,,,,,,,,,,,,,,70.1,150,,,,,,,,,,,,,,,,,,
2026-06-30T02:02:21.889238+00:00,2026-06-30T12:02:21.878292,2,1,70.0,0.2,69.9,100,69.6,150,,,,,,,,,,,,,,,,,70.1,150,,,,,,,,,,,,,,,,,,
2026-06-30T02:02:21.900302+00:00,2026-06-30T12:02:21.890238,2,1,70.0,0.2,69.9,100,69.6,150,,,,,,,,,,,,,,,,,70.1,108,,,,,,,,,,,,,,,,,,
2026-06-30T02:02:21.933487+00:00,2026-06-30T12:02:21.931487,2,2,70.0,0.2,69.9,100,69.6,150,,,,,,,,,,,,,,,,,70.1,108,70.4,100,,,,,,,,,,,,,,,,
2026-06-30T02:02:22.305001+00:00,2026-06-30T12:02:22.304000,1,1,70.15,0.5,69.9,100,,,,,,,,,,,,,,,,,,,70.4,100,,,,,,,,,,,,,,,,,,
2026-06-30T02:02:22.358912+00:00,2026-06-30T12:02:22.356352,2,1,70.15,0.5,69.9,100,69.8,150,,,,,,,,,,,,,,,,,70.4,100,,,,,,,,,,,,,,,,,,
2026-06-30T02:02:22.414270+00:00,2026-06-30T12:02:22.409270,2,2,70.1,0.4,69.9,100,69.8,150,,,,,,,,,,,,,,,,,70.3,150,70.4,100,,,,,,,,,,,,,,,,
2026-06-30T02:02:22.707836+00:00,2026-06-30T12:02:22.698268,2,2,70.1,0.4,69.9,100,69.8,150,,,,,,,,,,,,,,,,,70.3,100,70.4,100,,,,,,,,,,,,,,,,
2026-06-30T02:02:24.804265+00:00,2026-06-30T12:02:24.803265,2,2,70.1,0.4,69.9,100,69.8,150,,,,,,,,,,,,,,,,,70.3,50,70.4,100,,,,,,,,,,,,,,,,
2026-06-30T02:02:24.988527+00:00,2026-06-30T12:02:24.986967,1,1,70.05,0.5,69.8,150,,,,,,,,,,,,,,,,,,,70.3,50,,,,,,,,,,,,,,,,,,
2026-06-30T02:02:25.043896+00:00,2026-06-30T12:02:25.038895,2,1,70.15,0.3,70.0,100,69.8,150,,,,,,,,,,,,,,,,,70.3,50,,,,,,,,,,,,,,,,,,
2026-06-30T02:02:25.097754+00:00,2026-06-30T12:02:25.093188,2,2,70.15,0.3,70.0,100,69.8,150,,,,,,,,,,,,,,,,,70.3,50,70.5,100,,,,,,,,,,,,,,,,
2026-06-30T02:02:25.467819+00:00,2026-06-30T12:02:25.463819,1,1,70.25,0.5,70.0,100,,,,,,,,,,,,,,,,,,,70.5,100,,,,,,,,,,,,,,,,,,
2026-06-30T02:02:25.521232+00:00,2026-06-30T12:02:25.515160,2,1,70.4,0.2,70.3,150,70.0,100,,,,,,,,,,,,,,,,,70.5,100,,,,,,,,,,,,,,,,,,
2026-06-30T02:02:25.576543+00:00,2026-06-30T12:02:25.567533,2,2,70.4,0.2,70.3,150,70.0,100,,,,,,,,,,,,,,,,,70.5,100,70.8,150,,,,,,,,,,,,,,,,
2026-06-30T02:02:26.968401+00:00,2026-06-30T12:02:26.964831,2,2,70.4,0.2,70.3,100,70.0,100,,,,,,,,,,,,,,,,,70.5,100,70.8,150,,,,,,,,,,,,,,,,
2026-06-30T02:02:28.153274+00:00,2026-06-30T12:02:28.145211,1,1,70.55,0.5,70.3,100,,,,,,,,,,,,,,,,,,,70.8,150,,,,,,,,,,,,,,,,,,
2026-06-30T02:02:28.207693+00:00,2026-06-30T12:02:28.198646,2,1,70.55,0.5,70.3,100,70.0,100,,,,,,,,,,,,,,,,,70.8,150,,,,,,,,,,,,,,,,,,
2026-06-30T02:02:28.273123+00:00,2026-06-30T12:02:28.264068,2,2,70.4,0.2,70.3,100,70.0,100,,,,,,,,,,,,,,,,,70.5,100,70.8,150,,,,,,,,,,,,,,,,
2026-06-30T02:02:28.621972+00:00,2026-06-30T12:02:28.620973,2,1,70.4,0.2,70.3,100,70.0,100,,,,,,,,,,,,,,,,,70.5,100,,,,,,,,,,,,,,,,,,
2026-06-30T02:02:28.633053+00:00,2026-06-30T12:02:28.622971,1,1,70.25,0.5,70.0,100,,,,,,,,,,,,,,,,,,,70.5,100,,,,,,,,,,,,,,,,,,
2026-06-30T02:02:28.677314+00:00,2026-06-30T12:02:28.675314,2,1,70.3,0.4,70.1,150,70.0,100,,,,,,,,,,,,,,,,,70.5,100,,,,,,,,,,,,,,,,,,
2026-06-30T02:02:28.731261+00:00,2026-06-30T12:02:28.728260,2,2,70.3,0.4,70.1,150,70.0,100,,,,,,,,,,,,,,,,,70.5,100,70.6,150,,,,,,,,,,,,,,,,
2026-06-30T02:02:29.025168+00:00,2026-06-30T12:02:29.024169,2,2,70.3,0.4,70.1,150,70.0,100,,,,,,,,,,,,,,,,,70.5,50,70.6,150,,,,,,,,,,,,,,,,
2026-06-30T02:02:29.797410+00:00,2026-06-30T12:02:29.788401,2,2,70.3,0.4,70.1,108,70.0,100,,,,,,,,,,,,,,,,,70.5,50,70.6,150,,,,,,,,,,,,,,,,
2026-06-30T02:02:30.427970+00:00,2026-06-30T12:02:30.425963,2,2,70.3,0.4,70.1,108,70.0,100,,,,,,,,,,,,,,,,,70.5,7,70.6,150,,,,,,,,,,,,,,,,
2026-06-30T02:02:31.136114+00:00,2026-06-30T12:02:31.131114,2,1,70.35,0.5,70.1,108,70.0,100,,,,,,,,,,,,,,,,,70.6,107,,,,,,,,,,,,,,,,,,
2026-06-30T02:02:31.319926+00:00,2026-06-30T12:02:31.314858,1,1,70.35,0.5,70.1,108,,,,,,,,,,,,,,,,,,,70.6,107,,,,,,,,,,,,,,,,,,
2026-06-30T02:02:31.375238+00:00,2026-06-30T12:02:31.367204,2,1,70.5,0.2,70.4,100,70.1,108,,,,,,,,,,,,,,,,,70.6,107,,,,,,,,,,,,,,,,,,
2026-06-30T02:02:31.429664+00:00,2026-06-30T12:02:31.419578,2,2,70.5,0.2,70.4,100,70.1,108,,,,,,,,,,,,,,,,,70.6,107,70.9,100,,,,,,,,,,,,,,,,
2026-06-30T02:02:31.797564+00:00,2026-06-30T12:02:31.792508,1,1,70.65,0.5,70.4,100,,,,,,,,,,,,,,,,,,,70.9,100,,,,,,,,,,,,,,,,,,
2026-06-30T02:02:31.851920+00:00,2026-06-30T12:02:31.845858,2,1,70.7,0.4,70.5,150,70.4,100,,,,,,,,,,,,,,,,,70.9,100,,,,,,,,,,,,,,,,,,
2026-06-30T02:02:31.907304+00:00,2026-06-30T12:02:31.904295,2,2,70.7,0.4,70.5,150,70.4,100,,,,,,,,,,,,,,,,,70.9,100,71.0,150,,,,,,,,,,,,,,,,
2026-06-30T02:02:33.245012+00:00,2026-06-30T12:02:33.238002,2,2,70.7,0.4,70.5,150,70.4,100,,,,,,,,,,,,,,,,,70.9,50,71.0,150,,,,,,,,,,,,,,,,
2026-06-30T02:02:33.449889+00:00,2026-06-30T12:02:33.448888,2,2,70.7,0.4,70.5,107,70.4,100,,,,,,,,,,,,,,,,,70.9,50,71.0,150,,,,,,,,,,,,,,,,
2026-06-30T02:02:33.970939+00:00,2026-06-30T12:02:33.967929,2,2,70.7,0.4,70.5,60,70.4,100,,,,,,,,,,,,,,,,,70.9,50,71.0,150,,,,,,,,,,,,,,,,
2026-06-30T02:02:34.481936+00:00,2026-06-30T12:02:34.473862,1,1,70.75,0.5,70.5,60,,,,,,,,,,,,,,,,,,,71.0,150,,,,,,,,,,,,,,,,,,
2026-06-30T02:02:34.537274+00:00,2026-06-30T12:02:34.526193,2,1,70.9,0.2,70.8,100,70.5,60,,,,,,,,,,,,,,,,,71.0,150,,,,,,,,,,,,,,,,,,
2026-06-30T02:02:34.591211+00:00,2026-06-30T12:02:34.580252,2,2,70.9,0.2,70.8,100,70.5,60,,,,,,,,,,,,,,,,,71.0,150,71.3,100,,,,,,,,,,,,,,,,
2026-06-30T02:02:34.962203+00:00,2026-06-30T12:02:34.960203,1,1,71.05,0.5,70.8,100,,,,,,,,,,,,,,,,,,,71.3,100,,,,,,,,,,,,,,,,,,
2026-06-30T02:02:35.017545+00:00,2026-06-30T12:02:35.012544,2,1,71.05,0.5,70.8,100,70.2,150,,,,,,,,,,,,,,,,,71.3,100,,,,,,,,,,,,,,,,,,
2026-06-30T02:02:35.070948+00:00,2026-06-30T12:02:35.066885,1,2,70.45,0.5,70.2,150,,,,,,,,,,,,,,,,,,,70.7,50,71.3,100,,,,,,,,,,,,,,,,
2026-06-30T02:02:35.345300+00:00,2026-06-30T12:02:35.344300,1,1,70.75,1.1,70.2,150,,,,,,,,,,,,,,,,,,,71.3,100,,,,,,,,,,,,,,,,,,
2026-06-30T02:02:37.168941+00:00,2026-06-30T12:02:37.159383,1,1,70.75,1.1,70.2,150,,,,,,,,,,,,,,,,,,,71.3,60,,,,,,,,,,,,,,,,,,
2026-06-30T02:02:37.636558+00:00,2026-06-30T12:02:37.633549,1,0,,,70.2,150,,,,,,,,,,,,,,,,,,,,,,,,,,,,,,,,,,,,,,
2026-06-30T02:02:37.689964+00:00,2026-06-30T12:02:37.685902,2,0,,,70.6,100,70.2,150,,,,,,,,,,,,,,,,,,,,,,,,,,,,,,,,,,,,
2026-06-30T02:02:37.745281+00:00,2026-06-30T12:02:37.739281,2,1,70.85,0.5,70.6,100,70.2,150,,,,,,,,,,,,,,,,,71.1,100,,,,,,,,,,,,,,,,,,
2026-06-30T02:02:38.059924+00:00,2026-06-30T12:02:38.050862,2,1,70.85,0.5,70.6,100,70.2,150,,,,,,,,,,,,,,,,,71.1,51,,,,,,,,,,,,,,,,,,
2026-06-30T02:02:38.126333+00:00,2026-06-30T12:02:38.120333,1,1,70.85,0.5,70.6,100,,,,,,,,,,,,,,,,,,,71.1,51,,,,,,,,,,,,,,,,,,
2026-06-30T02:02:38.179758+00:00,2026-06-30T12:02:38.173692,2,1,70.95,0.3,70.8,150,70.6,100,,,,,,,,,,,,,,,,,71.1,51,,,,,,,,,,,,,,,,,,
2026-06-30T02:02:38.235107+00:00,2026-06-30T12:02:38.225044,2,2,70.95,0.3,70.8,150,70.6,100,,,,,,,,,,,,,,,,,71.1,51,71.3,150,,,,,,,,,,,,,,,,
2026-06-30T02:02:39.561120+00:00,2026-06-30T12:02:39.555044,2,2,70.95,0.3,70.8,150,70.6,100,,,,,,,,,,,,,,,,,71.1,1,71.3,150,,,,,,,,,,,,,,,,
2026-06-30T02:02:40.794040+00:00,2026-06-30T12:02:40.792041,1,1,71.05,0.5,70.8,150,,,,,,,,,,,,,,,,,,,71.3,150,,,,,,,,,,,,,,,,,,
2026-06-30T02:02:40.847914+00:00,2026-06-30T12:02:40.844353,1,1,71.05,0.5,70.8,250,,,,,,,,,,,,,,,,,,,71.3,150,,,,,,,,,,,,,,,,,,
2026-06-30T02:02:40.902302+00:00,2026-06-30T12:02:40.896237,1,1,71.05,0.5,70.8,250,,,,,,,,,,,,,,,,,,,71.3,250,,,,,,,,,,,,,,,,,,
2026-06-30T02:02:41.283927+00:00,2026-06-30T12:02:41.279927,1,1,71.05,0.5,70.8,100,,,,,,,,,,,,,,,,,,,71.3,100,,,,,,,,,,,,,,,,,,
2026-06-30T02:02:41.337295+00:00,2026-06-30T12:02:41.333268,2,1,71.05,0.5,70.8,100,70.7,150,,,,,,,,,,,,,,,,,71.3,100,,,,,,,,,,,,,,,,,,
2026-06-30T02:02:41.391198+00:00,2026-06-30T12:02:41.386122,2,2,71.0,0.4,70.8,100,70.7,150,,,,,,,,,,,,,,,,,71.2,150,71.3,100,,,,,,,,,,,,,,,,
2026-06-30T02:02:41.663008+00:00,2026-06-30T12:02:41.660008,2,2,71.0,0.4,70.8,100,70.7,150,,,,,,,,,,,,,,,,,71.2,100,71.3,100,,,,,,,,,,,,,,,,
2026-06-30T02:02:43.770190+00:00,2026-06-30T12:02:43.767127,2,2,71.0,0.4,70.8,100,70.7,150,,,,,,,,,,,,,,,,,71.2,50,71.3,100,,,,,,,,,,,,,,,,
2026-06-30T02:02:43.847661+00:00,2026-06-30T12:02:43.840652,2,2,71.0,0.4,70.8,56,70.7,150,,,,,,,,,,,,,,,,,71.2,50,71.3,100,,,,,,,,,,,,,,,,
2026-06-30T02:02:43.957423+00:00,2026-06-30T12:02:43.950423,1,1,70.95,0.5,70.7,150,,,,,,,,,,,,,,,,,,,71.2,50,,,,,,,,,,,,,,,,,,
2026-06-30T02:02:44.021897+00:00,2026-06-30T12:02:44.015834,2,1,71.0,0.4,70.8,100,70.7,150,,,,,,,,,,,,,,,,,71.2,50,,,,,,,,,,,,,,,,,,
2026-06-30T02:02:44.077221+00:00,2026-06-30T12:02:44.069221,2,2,71.0,0.4,70.8,100,70.7,150,,,,,,,,,,,,,,,,,71.2,50,71.3,100,,,,,,,,,,,,,,,,
2026-06-30T02:02:44.447275+00:00,2026-06-30T12:02:44.440275,1,1,71.05,0.5,70.8,100,,,,,,,,,,,,,,,,,,,71.3,100,,,,,,,,,,,,,,,,,,
2026-06-30T02:02:44.500678+00:00,2026-06-30T12:02:44.492616,2,1,71.25,0.1,71.2,150,70.8,100,,,,,,,,,,,,,,,,,71.3,100,,,,,,,,,,,,,,,,,,
2026-06-30T02:02:44.555982+00:00,2026-06-30T12:02:44.544919,2,2,71.25,0.1,71.2,150,70.8,100,,,,,,,,,,,,,,,,,71.3,100,71.7,150,,,,,,,,,,,,,,,,
2026-06-30T02:02:45.878752+00:00,2026-06-30T12:02:45.874193,2,2,71.25,0.1,71.2,150,70.8,100,,,,,,,,,,,,,,,,,71.3,50,71.7,150,,,,,,,,,,,,,,,,
2026-06-30T02:02:47.129031+00:00,2026-06-30T12:02:47.127470,1,1,71.45,0.5,71.2,150,,,,,,,,,,,,,,,,,,,71.7,150,,,,,,,,,,,,,,,,,,
2026-06-30T02:02:47.184391+00:00,2026-06-30T12:02:47.177381,2,1,71.45,0.5,71.2,150,70.9,100,,,,,,,,,,,,,,,,,71.7,150,,,,,,,,,,,,,,,,,,
2026-06-30T02:02:47.238830+00:00,2026-06-30T12:02:47.230239,2,2,71.3,0.2,71.2,150,70.9,100,,,,,,,,,,,,,,,,,71.4,100,71.7,150,,,,,,,,,,,,,,,,
2026-06-30T02:02:47.608345+00:00,2026-06-30T12:02:47.599785,1,1,71.15,0.5,70.9,100,,,,,,,,,,,,,,,,,,,71.4,100,,,,,,,,,,,,,,,,,,
2026-06-30T02:02:47.663204+00:00,2026-06-30T12:02:47.653130,2,1,71.35,0.1,71.3,150,70.9,100,,,,,,,,,,,,,,,,,71.4,100,,,,,,,,,,,,,,,,,,
2026-06-30T02:02:47.707454+00:00,2026-06-30T12:02:47.704454,2,2,71.35,0.1,71.3,150,70.9,100,,,,,,,,,,,,,,,,,71.4,100,71.8,150,,,,,,,,,,,,,,,,
2026-06-30T02:02:48.106112+00:00,2026-06-30T12:02:48.102111,2,2,71.35,0.1,71.3,101,70.9,100,,,,,,,,,,,,,,,,,71.4,100,71.8,150,,,,,,,,,,,,,,,,
2026-06-30T02:02:48.714211+00:00,2026-06-30T12:02:48.714211,2,2,71.35,0.1,71.3,60,70.9,100,,,,,,,,,,,,,,,,,71.4,100,71.8,150,,,,,,,,,,,,,,,,
2026-06-30T02:02:50.102015+00:00,2026-06-30T12:02:50.095951,2,2,71.35,0.1,71.3,60,70.9,100,,,,,,,,,,,,,,,,,71.4,50,71.8,150,,,,,,,,,,,,,,,,
2026-06-30T02:02:50.287207+00:00,2026-06-30T12:02:50.285207,1,1,71.55,0.5,71.3,60,,,,,,,,,,,,,,,,,,,71.8,150,,,,,,,,,,,,,,,,,,
2026-06-30T02:02:50.340212+00:00,2026-06-30T12:02:50.338202,2,1,71.55,0.5,71.3,60,71.2,100,,,,,,,,,,,,,,,,,71.8,150,,,,,,,,,,,,,,,,,,
2026-06-30T02:02:50.395515+00:00,2026-06-30T12:02:50.391515,2,2,71.5,0.4,71.3,60,71.2,100,,,,,,,,,,,,,,,,,71.7,100,71.8,150,,,,,,,,,,,,,,,,
2026-06-30T02:02:50.762331+00:00,2026-06-30T12:02:50.759331,1,1,71.45,0.5,71.2,100,,,,,,,,,,,,,,,,,,,71.7,100,,,,,,,,,,,,,,,,,,
2026-06-30T02:02:50.817678+00:00,2026-06-30T12:02:50.811678,2,1,71.45,0.5,71.2,100,70.9,150,,,,,,,,,,,,,,,,,71.7,100,,,,,,,,,,,,,,,,,,
2026-06-30T02:02:50.883166+00:00,2026-06-30T12:02:50.874082,2,2,71.3,0.2,71.2,100,70.9,150,,,,,,,,,,,,,,,,,71.4,150,71.7,100,,,,,,,,,,,,,,,,
2026-06-30T02:02:51.390095+00:00,2026-06-30T12:02:51.385032,2,2,71.3,0.2,71.2,100,70.9,150,,,,,,,,,,,,,,,,,71.4,102,71.7,100,,,,,,,,,,,,,,,,
2026-06-30T02:02:52.042912+00:00,2026-06-30T12:02:52.037902,2,2,71.3,0.2,71.2,57,70.9,150,,,,,,,,,,,,,,,,,71.4,102,71.7,100,,,,,,,,,,,,,,,,
2026-06-30T02:02:52.207538+00:00,2026-06-30T12:02:52.201539,2,2,71.3,0.2,71.2,57,70.9,150,,,,,,,,,,,,,,,,,71.4,52,71.7,100,,,,,,,,,,,,,,,,
2026-06-30T02:02:53.453044+00:00,2026-06-30T12:02:53.446978,1,1,71.15,0.5,70.9,150,,,,,,,,,,,,,,,,,,,71.4,52,,,,,,,,,,,,,,,,,,
2026-06-30T02:02:53.507372+00:00,2026-06-30T12:02:53.499345,2,1,71.25,0.3,71.1,100,70.9,150,,,,,,,,,,,,,,,,,71.4,52,,,,,,,,,,,,,,,,,,
2026-06-30T02:02:53.561772+00:00,2026-06-30T12:02:53.552709,2,2,71.25,0.3,71.1,100,70.9,150,,,,,,,,,,,,,,,,,71.4,52,71.6,100,,,,,,,,,,,,,,,,
2026-06-30T02:02:53.929788+00:00,2026-06-30T12:02:53.921725,2,1,71.35,0.5,71.1,100,70.9,150,,,,,,,,,,,,,,,,,71.6,100,,,,,,,,,,,,,,,,,,
2026-06-30T02:02:53.940850+00:00,2026-06-30T12:02:53.929788,1,1,71.35,0.5,71.1,100,,,,,,,,,,,,,,,,,,,71.6,100,,,,,,,,,,,,,,,,,,
2026-06-30T02:02:53.985110+00:00,2026-06-30T12:02:53.976037,2,1,71.4,0.4,71.2,150,71.1,100,,,,,,,,,,,,,,,,,71.6,100,,,,,,,,,,,,,,,,,,
2026-06-30T02:02:54.038527+00:00,2026-06-30T12:02:54.028967,2,2,71.4,0.4,71.2,150,71.1,100,,,,,,,,,,,,,,,,,71.6,100,71.7,150,,,,,,,,,,,,,,,,
2026-06-30T02:02:54.364185+00:00,2026-06-30T12:02:54.359185,2,2,71.4,0.4,71.2,100,71.1,100,,,,,,,,,,,,,,,,,71.6,100,71.7,150,,,,,,,,,,,,,,,,
2026-06-30T02:02:56.477423+00:00,2026-06-30T12:02:56.468397,2,2,71.4,0.4,71.2,50,71.1,100,,,,,,,,,,,,,,,,,71.6,100,71.7,150,,,,,,,,,,,,,,,,
2026-06-30T02:02:56.607853+00:00,2026-06-30T12:02:56.607339,2,1,71.45,0.5,71.2,50,71.1,100,,,,,,,,,,,,,,,,,71.7,150,,,,,,,,,,,,,,,,,,
2026-06-30T02:02:56.618450+00:00,2026-06-30T12:02:56.611872,1,1,71.45,0.5,71.2,50,,,,,,,,,,,,,,,,,,,71.7,105,,,,,,,,,,,,,,,,,,
2026-06-30T02:02:56.662234+00:00,2026-06-30T12:02:56.660234,2,1,71.45,0.5,71.2,50,70.9,100,,,,,,,,,,,,,,,,,71.7,105,,,,,,,,,,,,,,,,,,
2026-06-30T02:02:56.717547+00:00,2026-06-30T12:02:56.713546,2,2,71.3,0.2,71.2,50,70.9,100,,,,,,,,,,,,,,,,,71.4,100,71.7,105,,,,,,,,,,,,,,,,
2026-06-30T02:02:57.085481+00:00,2026-06-30T12:02:57.084481,2,1,71.3,0.2,71.2,50,70.9,100,,,,,,,,,,,,,,,,,71.4,100,,,,,,,,,,,,,,,,,,
2026-06-30T02:02:57.096544+00:00,2026-06-30T12:02:57.085481,1,1,71.15,0.5,70.9,100,,,,,,,,,,,,,,,,,,,71.4,100,,,,,,,,,,,,,,,,,,
2026-06-30T02:02:57.148459+00:00,2026-06-30T12:02:57.138074,1,1,71.15,0.5,70.9,250,,,,,,,,,,,,,,,,,,,71.4,100,,,,,,,,,,,,,,,,,,
2026-06-30T02:02:57.192238+00:00,2026-06-30T12:02:57.190238,1,1,71.15,0.5,70.9,250,,,,,,,,,,,,,,,,,,,71.4,250,,,,,,,,,,,,,,,,,,
2026-06-30T02:02:57.584425+00:00,2026-06-30T12:02:57.580426,1,1,71.15,0.5,70.9,210,,,,,,,,,,,,,,,,,,,71.4,250,,,,,,,,,,,,,,,,,,
2026-06-30T02:02:58.583209+00:00,2026-06-30T12:02:58.577199,1,1,71.15,0.5,70.9,160,,,,,,,,,,,,,,,,,,,71.4,250,,,,,,,,,,,,,,,,,,
2026-06-30T02:02:59.776308+00:00,2026-06-30T12:02:59.772300,1,1,71.15,0.5,70.9,150,,,,,,,,,,,,,,,,,,,71.4,150,,,,,,,,,,,,,,,,,,
2026-06-30T02:02:59.828731+00:00,2026-06-30T12:02:59.821161,2,1,71.2,0.4,71.0,100,70.9,150,,,,,,,,,,,,,,,,,71.4,150,,,,,,,,,,,,,,,,,,
2026-06-30T02:02:59.884060+00:00,2026-06-30T12:02:59.872997,2,1,71.2,0.4,71.0,100,70.9,150,,,,,,,,,,,,,,,,,71.4,250,,,,,,,,,,,,,,,,,,
2026-06-30T02:03:00.250713+00:00,2026-06-30T12:03:00.245652,1,1,71.2,0.4,71.0,100,,,,,,,,,,,,,,,,,,,71.4,100,,,,,,,,,,,,,,,,,,
2026-06-30T02:03:00.306029+00:00,2026-06-30T12:03:00.299030,2,1,71.3,0.2,71.2,150,71.0,100,,,,,,,,,,,,,,,,,71.4,100,,,,,,,,,,,,,,,,,,
2026-06-30T02:03:00.359974+00:00,2026-06-30T12:03:00.351911,2,2,71.3,0.2,71.2,150,71.0,100,,,,,,,,,,,,,,,,,71.4,100,71.7,150,,,,,,,,,,,,,,,,
2026-06-30T02:03:00.687310+00:00,2026-06-30T12:03:00.684310,2,2,71.3,0.2,71.2,100,71.0,100,,,,,,,,,,,,,,,,,71.4,100,71.7,150,,,,,,,,,,,,,,,,
2026-06-30T02:03:01.683186+00:00,2026-06-30T12:03:01.673123,2,2,71.3,0.2,71.2,100,71.0,100,,,,,,,,,,,,,,,,,71.4,52,71.7,150,,,,,,,,,,,,,,,,
2026-06-30T02:03:02.937138+00:00,2026-06-30T12:03:02.928138,1,1,71.45,0.5,71.2,100,,,,,,,,,,,,,,,,,,,71.7,150,,,,,,,,,,,,,,,,,,
2026-06-30T02:03:02.991060+00:00,2026-06-30T12:03:02.979999,2,1,71.45,0.5,71.2,100,71.0,100,,,,,,,,,,,,,,,,,71.7,150,,,,,,,,,,,,,,,,,,
2026-06-30T02:03:03.035340+00:00,2026-06-30T12:03:03.033340,2,2,71.35,0.3,71.2,100,71.0,100,,,,,,,,,,,,,,,,,71.5,100,71.7,150,,,,,,,,,,,,,,,,
2026-06-30T02:03:03.383202+00:00,2026-06-30T12:03:03.375120,2,2,71.35,0.3,71.2,58,71.0,100,,,,,,,,,,,,,,,,,71.5,100,71.7,150,,,,,,,,,,,,,,,,
2026-06-30T02:03:03.416392+00:00,2026-06-30T12:03:03.414392,1,1,71.25,0.5,71.0,100,,,,,,,,,,,,,,,,,,,71.5,100,,,,,,,,,,,,,,,,,,
2026-06-30T02:03:03.469247+00:00,2026-06-30T12:03:03.468247,2,1,71.25,0.5,71.0,100,70.8,150,,,,,,,,,,,,,,,,,71.5,100,,,,,,,,,,,,,,,,,,
2026-06-30T02:03:03.524580+00:00,2026-06-30T12:03:03.520580,2,2,71.15,0.3,71.0,100,70.8,150,,,,,,,,,,,,,,,,,71.3,150,71.5,100,,,,,,,,,,,,,,,,
2026-06-30T02:03:04.899058+00:00,2026-06-30T12:03:04.892498,2,2,71.15,0.3,71.0,50,70.8,150,,,,,,,,,,,,,,,,,71.3,150,71.5,100,,,,,,,,,,,,,,,,
2026-06-30T02:03:06.093599+00:00,2026-06-30T12:03:06.088599,1,1,71.05,0.5,70.8,150,,,,,,,,,,,,,,,,,,,71.3,150,,,,,,,,,,,,,,,,,,
2026-06-30T02:03:06.147931+00:00,2026-06-30T12:03:06.141930,1,1,71.05,0.5,70.8,250,,,,,,,,,,,,,,,,,,,71.3,150,,,,,,,,,,,,,,,,,,
2026-06-30T02:03:06.202828+00:00,2026-06-30T12:03:06.194765,1,1,71.05,0.5,70.8,250,,,,,,,,,,,,,,,,,,,71.3,250,,,,,,,,,,,,,,,,,,
2026-06-30T02:03:06.584375+00:00,2026-06-30T12:03:06.574305,1,1,71.05,0.5,70.8,100,,,,,,,,,,,,,,,,,,,71.3,100,,,,,,,,,,,,,,,,,,
2026-06-30T02:03:06.628181+00:00,2026-06-30T12:03:06.627667,1,1,71.05,0.5,70.8,250,,,,,,,,,,,,,,,,,,,71.3,100,,,,,,,,,,,,,,,,,,
2026-06-30T02:03:06.683062+00:00,2026-06-30T12:03:06.681063,1,1,71.05,0.5,70.8,250,,,,,,,,,,,,,,,,,,,71.3,209,,,,,,,,,,,,,,,,,,
2026-06-30T02:03:09.077130+00:00,2026-06-30T12:03:09.067120,1,1,71.05,0.5,70.8,250,,,,,,,,,,,,,,,,,,,71.3,159,,,,,,,,,,,,,,,,,,
2026-06-30T02:03:09.257357+00:00,2026-06-30T12:03:09.249357,1,1,71.05,0.5,70.8,150,,,,,,,,,,,,,,,,,,,71.3,150,,,,,,,,,,,,,,,,,,
2026-06-30T02:03:09.310767+00:00,2026-06-30T12:03:09.301703,2,1,71.2,0.2,71.1,100,70.8,150,,,,,,,,,,,,,,,,,71.3,150,,,,,,,,,,,,,,,,,,
2026-06-30T02:03:09.366091+00:00,2026-06-30T12:03:09.355009,2,2,71.2,0.2,71.1,100,70.8,150,,,,,,,,,,,,,,,,,71.3,150,71.6,100,,,,,,,,,,,,,,,,
2026-06-30T02:03:09.737117+00:00,2026-06-30T12:03:09.735117,1,1,71.35,0.5,71.1,100,,,,,,,,,,,,,,,,,,,71.6,100,,,,,,,,,,,,,,,,,,
2026-06-30T02:03:09.790068+00:00,2026-06-30T12:03:09.787992,2,1,71.35,0.5,71.1,100,70.8,150,,,,,,,,,,,,,,,,,71.6,100,,,,,,,,,,,,,,,,,,
2026-06-30T02:03:09.845391+00:00,2026-06-30T12:03:09.839390,2,2,71.2,0.2,71.1,100,70.8,150,,,,,,,,,,,,,,,,,71.3,150,71.6,57,,,,,,,,,,,,,,,,
2026-06-30T02:03:09.898264+00:00,2026-06-30T12:03:09.888704,2,2,71.2,0.2,71.1,59,70.8,150,,,,,,,,,,,,,,,,,71.3,150,71.6,57,,,,,,,,,,,,,,,,
2026-06-30T02:03:11.243115+00:00,2026-06-30T12:03:11.239116,2,2,71.2,0.2,71.1,9,70.8,150,,,,,,,,,,,,,,,,,71.3,150,71.6,57,,,,,,,,,,,,,,,,
2026-06-30T02:03:12.408838+00:00,2026-06-30T12:03:12.407278,2,1,71.2,0.2,71.1,9,70.8,150,,,,,,,,,,,,,,,,,71.3,150,,,,,,,,,,,,,,,,,,
2026-06-30T02:03:12.419910+00:00,2026-06-30T12:03:12.408978,1,1,71.05,0.5,70.8,150,,,,,,,,,,,,,,,,,,,71.3,150,,,,,,,,,,,,,,,,,,
2026-06-30T02:03:12.464174+00:00,2026-06-30T12:03:12.461174,2,1,71.2,0.2,71.1,100,70.8,150,,,,,,,,,,,,,,,,,71.3,150,,,,,,,,,,,,,,,,,,
2026-06-30T02:03:12.517547+00:00,2026-06-30T12:03:12.513500,2,2,71.2,0.2,71.1,100,70.8,150,,,,,,,,,,,,,,,,,71.3,150,71.6,100,,,,,,,,,,,,,,,,
2026-06-30T02:03:12.538736+00:00,2026-06-30T12:03:12.531143,2,2,71.2,0.2,71.1,100,70.8,150,,,,,,,,,,,,,,,,,71.3,101,71.6,100,,,,,,,,,,,,,,,,
2026-06-30T02:03:12.897645+00:00,2026-06-30T12:03:12.894617,1,1,71.35,0.5,71.1,100,,,,,,,,,,,,,,,,,,,71.6,100,,,,,,,,,,,,,,,,,,
2026-06-30T02:03:12.963102+00:00,2026-06-30T12:03:12.955039,1,1,71.35,0.5,71.1,250,,,,,,,,,,,,,,,,,,,71.6,100,,,,,,,,,,,,,,,,,,
2026-06-30T02:03:13.007362+00:00,2026-06-30T12:03:13.003362,1,1,71.35,0.5,71.1,250,,,,,,,,,,,,,,,,,,,71.6,250,,,,,,,,,,,,,,,,,,
2026-06-30T02:03:13.355220+00:00,2026-06-30T12:03:13.344286,1,1,71.35,0.5,71.1,200,,,,,,,,,,,,,,,,,,,71.6,250,,,,,,,,,,,,,,,,,,
2026-06-30T02:03:13.746366+00:00,2026-06-30T12:03:13.737356,1,1,71.35,0.5,71.1,153,,,,,,,,,,,,,,,,,,,71.6,250,,,,,,,,,,,,,,,,,,
2026-06-30T02:03:15.161813+00:00,2026-06-30T12:03:15.159815,1,1,71.35,0.5,71.1,104,,,,,,,,,,,,,,,,,,,71.6,250,,,,,,,,,,,,,,,,,,
2026-06-30T02:03:15.455900+00:00,2026-06-30T12:03:15.448900,1,1,71.35,0.5,71.1,54,,,,,,,,,,,,,,,,,,,71.6,250,,,,,,,,,,,,,,,,,,
2026-06-30T02:03:15.576214+00:00,2026-06-30T12:03:15.567203,1,1,71.35,0.5,71.1,54,,,,,,,,,,,,,,,,,,,71.6,150,,,,,,,,,,,,,,,,,,
2026-06-30T02:03:15.629660+00:00,2026-06-30T12:03:15.619598,2,1,71.35,0.5,71.1,54,70.6,100,,,,,,,,,,,,,,,,,71.6,150,,,,,,,,,,,,,,,,,,
2026-06-30T02:03:15.673921+00:00,2026-06-30T12:03:15.671921,1,2,70.85,0.5,70.6,100,,,,,,,,,,,,,,,,,,,71.1,46,71.6,150,,,,,,,,,,,,,,,,
2026-06-30T02:03:16.073217+00:00,2026-06-30T12:03:16.070216,1,1,70.85,0.5,70.6,100,,,,,,,,,,,,,,,,,,,71.1,46,,,,,,,,,,,,,,,,,,
2026-06-30T02:03:16.138161+00:00,2026-06-30T12:03:16.131602,2,1,70.85,0.5,70.6,100,70.3,150,,,,,,,,,,,,,,,,,71.1,46,,,,,,,,,,,,,,,,,,
2026-06-30T02:03:16.181972+00:00,2026-06-30T12:03:16.180972,2,2,70.7,0.2,70.6,100,70.3,150,,,,,,,,,,,,,,,,,70.8,150,71.1,46,,,,,,,,,,,,,,,,
2026-06-30T02:03:17.562077+00:00,2026-06-30T12:03:17.557014,2,2,70.7,0.2,70.6,50,70.3,150,,,,,,,,,,,,,,,,,70.8,150,71.1,46,,,,,,,,,,,,,,,,
2026-06-30T02:03:18.733227+00:00,2026-06-30T12:03:18.728227,1,1,70.55,0.5,70.3,150,,,,,,,,,,,,,,,,,,,70.8,150,,,,,,,,,,,,,,,,,,
2026-06-30T02:03:18.787151+00:00,2026-06-30T12:03:18.782093,1,1,70.55,0.5,70.3,150,,,,,,,,,,,,,,,,,,,70.8,50,,,,,,,,,,,,,,,,,,
2026-06-30T02:03:18.841018+00:00,2026-06-30T12:03:18.834956,1,2,70.55,0.5,70.3,150,,,,,,,,,,,,,,,,,,,70.8,50,71.3,100,,,,,,,,,,,,,,,,
2026-06-30T02:03:19.245207+00:00,2026-06-30T12:03:19.238207,0,1,,,,,,,,,,,,,,,,,,,,,,,71.3,100,,,,,,,,,,,,,,,,,,
2026-06-30T02:03:19.297580+00:00,2026-06-30T12:03:19.290534,1,1,71.1,0.4,70.9,150,,,,,,,,,,,,,,,,,,,71.3,100,,,,,,,,,,,,,,,,,,
2026-06-30T02:03:19.351933+00:00,2026-06-30T12:03:19.342862,1,2,71.1,0.4,70.9,150,,,,,,,,,,,,,,,,,,,71.3,100,71.4,150,,,,,,,,,,,,,,,,
2026-06-30T02:03:19.612174+00:00,2026-06-30T12:03:19.610174,1,2,71.1,0.4,70.9,150,,,,,,,,,,,,,,,,,,,71.3,50,71.4,150,,,,,,,,,,,,,,,,
2026-06-30T02:03:20.785163+00:00,2026-06-30T12:03:20.783164,1,2,71.1,0.4,70.9,150,,,,,,,,,,,,,,,,,,,71.3,4,71.4,150,,,,,,,,,,,,,,,,
2026-06-30T02:03:21.373122+00:00,2026-06-30T12:03:21.368122,1,1,71.15,0.5,70.9,150,,,,,,,,,,,,,,,,,,,71.4,106,,,,,,,,,,,,,,,,,,
2026-06-30T02:03:21.776386+00:00,2026-06-30T12:03:21.766322,1,1,71.15,0.5,70.9,100,,,,,,,,,,,,,,,,,,,71.4,106,,,,,,,,,,,,,,,,,,
2026-06-30T02:03:21.938025+00:00,2026-06-30T12:03:21.937518,2,1,71.25,0.3,71.1,100,70.9,100,,,,,,,,,,,,,,,,,71.4,106,,,,,,,,,,,,,,,,,,
2026-06-30T02:03:21.992869+00:00,2026-06-30T12:03:21.988869,2,2,71.25,0.3,71.1,100,70.9,100,,,,,,,,,,,,,,,,,71.4,106,71.6,100,,,,,,,,,,,,,,,,
2026-06-30T02:03:22.406086+00:00,2026-06-30T12:03:22.399085,1,1,71.35,0.5,71.1,100,,,,,,,,,,,,,,,,,,,71.6,100,,,,,,,,,,,,,,,,,,
2026-06-30T02:03:22.458997+00:00,2026-06-30T12:03:22.449437,1,1,71.35,0.5,71.1,250,,,,,,,,,,,,,,,,,,,71.6,100,,,,,,,,,,,,,,,,,,
2026-06-30T02:03:22.513443+00:00,2026-06-30T12:03:22.502381,1,1,71.35,0.5,71.1,250,,,,,,,,,,,,,,,,,,,71.6,250,,,,,,,,,,,,,,,,,,
2026-06-30T02:03:22.546629+00:00,2026-06-30T12:03:22.540629,1,1,71.35,0.5,71.1,209,,,,,,,,,,,,,,,,,,,71.6,250,,,,,,,,,,,,,,,,,,
2026-06-30T02:03:23.871788+00:00,2026-06-30T12:03:23.871788,1,1,71.35,0.5,71.1,159,,,,,,,,,,,,,,,,,,,71.6,250,,,,,,,,,,,,,,,,,,
2026-06-30T02:03:25.047646+00:00,2026-06-30T12:03:25.044611,1,1,71.35,0.5,71.1,150,,,,,,,,,,,,,,,,,,,71.6,150,,,,,,,,,,,,,,,,,,
2026-06-30T02:03:25.102027+00:00,2026-06-30T12:03:25.096963,2,1,71.35,0.5,71.1,150,70.5,100,,,,,,,,,,,,,,,,,71.6,150,,,,,,,,,,,,,,,,,,
2026-06-30T02:03:25.157355+00:00,2026-06-30T12:03:25.156356,2,1,71.35,0.5,71.1,50,70.5,100,,,,,,,,,,,,,,,,,71.6,150,,,,,,,,,,,,,,,,,,
2026-06-30T02:03:25.557627+00:00,2026-06-30T12:03:25.555600,1,0,,,70.5,100,,,,,,,,,,,,,,,,,,,,,,,,,,,,,,,,,,,,,,
2026-06-30T02:03:25.611077+00:00,2026-06-30T12:03:25.608068,2,0,,,70.7,150,70.5,100,,,,,,,,,,,,,,,,,,,,,,,,,,,,,,,,,,,,
2026-06-30T02:03:25.666384+00:00,2026-06-30T12:03:25.660384,2,1,70.95,0.5,70.7,150,70.5,100,,,,,,,,,,,,,,,,,71.2,150,,,,,,,,,,,,,,,,,,
2026-06-30T02:03:25.979665+00:00,2026-06-30T12:03:25.977655,2,1,70.95,0.5,70.7,100,70.5,100,,,,,,,,,,,,,,,,,71.2,150,,,,,,,,,,,,,,,,,,
2026-06-30T02:03:28.088446+00:00,2026-06-30T12:03:28.086885,2,1,70.95,0.5,70.7,50,70.5,100,,,,,,,,,,,,,,,,,71.2,150,,,,,,,,,,,,,,,,,,
2026-06-30T02:03:28.208743+00:00,2026-06-30T12:03:28.207183,1,1,70.95,0.5,70.7,50,,,,,,,,,,,,,,,,,,,71.2,150,,,,,,,,,,,,,,,,,,
2026-06-30T02:03:28.264102+00:00,2026-06-30T12:03:28.260099,2,1,71.0,0.4,70.8,100,70.7,50,,,,,,,,,,,,,,,,,71.2,150,,,,,,,,,,,,,,,,,,
2026-06-30T02:03:28.317967+00:00,2026-06-30T12:03:28.312407,2,2,71.0,0.4,70.8,100,70.7,50,,,,,,,,,,,,,,,,,71.2,150,71.3,100,,,,,,,,,,,,,,,,
2026-06-30T02:03:28.719681+00:00,2026-06-30T12:03:28.716618,1,1,71.05,0.5,70.8,100,,,,,,,,,,,,,,,,,,,71.3,100,,,,,,,,,,,,,,,,,,
2026-06-30T02:03:28.775029+00:00,2026-06-30T12:03:28.769029,2,1,71.05,0.5,70.8,100,70.2,150,,,,,,,,,,,,,,,,,71.3,100,,,,,,,,,,,,,,,,,,
2026-06-30T02:03:28.851121+00:00,2026-06-30T12:03:28.841045,1,2,70.45,0.5,70.2,150,,,,,,,,,,,,,,,,,,,70.7,50,71.3,100,,,,,,,,,,,,,,,,
2026-06-30T02:03:29.157176+00:00,2026-06-30T12:03:29.155176,1,2,70.45,0.5,70.2,150,,,,,,,,,,,,,,,,,,,70.7,4,71.3,100,,,,,,,,,,,,,,,,
2026-06-30T02:03:30.677885+00:00,2026-06-30T12:03:30.672317,1,1,70.75,1.1,70.2,150,,,,,,,,,,,,,,,,,,,71.3,100,,,,,,,,,,,,,,,,,,
2026-06-30T02:03:31.372241+00:00,2026-06-30T12:03:31.365177,1,0,,,70.2,150,,,,,,,,,,,,,,,,,,,,,,,,,,,,,,,,,,,,,,
2026-06-30T02:03:31.427546+00:00,2026-06-30T12:03:31.418547,2,0,,,70.7,100,70.2,150,,,,,,,,,,,,,,,,,,,,,,,,,,,,,,,,,,,,
2026-06-30T02:03:31.480947+00:00,2026-06-30T12:03:31.470885,2,1,70.95,0.5,70.7,100,70.2,150,,,,,,,,,,,,,,,,,71.2,100,,,,,,,,,,,,,,,,,,
2026-06-30T02:03:31.895268+00:00,2026-06-30T12:03:31.894268,1,1,70.95,0.5,70.7,100,,,,,,,,,,,,,,,,,,,71.2,100,,,,,,,,,,,,,,,,,,
2026-06-30T02:03:31.948672+00:00,2026-06-30T12:03:31.946099,2,1,71.05,0.3,70.9,150,70.7,100,,,,,,,,,,,,,,,,,71.2,100,,,,,,,,,,,,,,,,,,
2026-06-30T02:03:32.003958+00:00,2026-06-30T12:03:31.997948,2,2,71.05,0.3,70.9,150,70.7,100,,,,,,,,,,,,,,,,,71.2,100,71.4,150,,,,,,,,,,,,,,,,
2026-06-30T02:03:32.243012+00:00,2026-06-30T12:03:32.242012,2,2,71.05,0.3,70.9,150,70.7,100,,,,,,,,,,,,,,,,,71.2,50,71.4,150,,,,,,,,,,,,,,,,
2026-06-30T02:03:34.407440+00:00,2026-06-30T12:03:34.398393,2,2,71.05,0.3,70.9,100,70.7,100,,,,,,,,,,,,,,,,,71.2,50,71.4,150,,,,,,,,,,,,,,,,
2026-06-30T02:03:34.527258+00:00,2026-06-30T12:03:34.526208,1,1,71.15,0.5,70.9,100,,,,,,,,,,,,,,,,,,,71.4,150,,,,,,,,,,,,,,,,,,
2026-06-30T02:03:34.581144+00:00,2026-06-30T12:03:34.578144,2,1,71.15,0.5,70.9,100,70.6,100,,,,,,,,,,,,,,,,,71.4,150,,,,,,,,,,,,,,,,,,
2026-06-30T02:03:34.636454+00:00,2026-06-30T12:03:34.630454,2,2,71.0,0.2,70.9,100,70.6,100,,,,,,,,,,,,,,,,,71.1,100,71.4,150,,,,,,,,,,,,,,,,
2026-06-30T02:03:35.057791+00:00,2026-06-30T12:03:35.053744,1,1,70.85,0.5,70.6,100,,,,,,,,,,,,,,,,,,,71.1,100,,,,,,,,,,,,,,,,,,
2026-06-30T02:03:35.123204+00:00,2026-06-30T12:03:35.114142,1,1,70.85,0.5,70.6,250,,,,,,,,,,,,,,,,,,,71.1,100,,,,,,,,,,,,,,,,,,
2026-06-30T02:03:35.177586+00:00,2026-06-30T12:03:35.167635,1,1,70.85,0.5,70.6,250,,,,,,,,,,,,,,,,,,,71.1,250,,,,,,,,,,,,,,,,,,
2026-06-30T02:03:35.634220+00:00,2026-06-30T12:03:35.632220,1,1,70.85,0.5,70.6,204,,,,,,,,,,,,,,,,,,,71.1,250,,,,,,,,,,,,,,,,,,
2026-06-30T02:03:36.125324+00:00,2026-06-30T12:03:36.114274,1,1,70.85,0.5,70.6,204,,,,,,,,,,,,,,,,,,,71.1,203,,,,,,,,,,,,,,,,,,
2026-06-30T02:03:36.516417+00:00,2026-06-30T12:03:36.505354,1,1,70.85,0.5,70.6,154,,,,,,,,,,,,,,,,,,,71.1,203,,,,,,,,,,,,,,,,,,
2026-06-30T02:03:37.688848+00:00,2026-06-30T12:03:37.686287,1,1,70.85,0.5,70.6,150,,,,,,,,,,,,,,,,,,,71.1,150,,,,,,,,,,,,,,,,,,
2026-06-30T02:03:37.744227+00:00,2026-06-30T12:03:37.739226,2,1,70.85,0.5,70.6,150,70.5,100,,,,,,,,,,,,,,,,,71.1,150,,,,,,,,,,,,,,,,,,
2026-06-30T02:03:37.798161+00:00,2026-06-30T12:03:37.791600,2,2,70.8,0.4,70.6,150,70.5,100,,,,,,,,,,,,,,,,,71.0,100,71.1,150,,,,,,,,,,,,,,,,
2026-06-30T02:03:38.223048+00:00,2026-06-30T12:03:38.222048,1,1,70.75,0.5,70.5,100,,,,,,,,,,,,,,,,,,,71.0,100,,,,,,,,,,,,,,,,,,
2026-06-30T02:03:38.277418+00:00,2026-06-30T12:03:38.274373,2,1,70.8,0.4,70.6,150,70.5,100,,,,,,,,,,,,,,,,,71.0,100,,,,,,,,,,,,,,,,,,
2026-06-30T02:03:38.331810+00:00,2026-06-30T12:03:38.327799,2,2,70.8,0.4,70.6,150,70.5,100,,,,,,,,,,,,,,,,,71.0,100,71.1,150,,,,,,,,,,,,,,,,
2026-06-30T02:03:38.364994+00:00,2026-06-30T12:03:38.363994,2,2,70.8,0.4,70.6,107,70.5,100,,,,,,,,,,,,,,,,,71.0,100,71.1,150,,,,,,,,,,,,,,,,
2026-06-30T02:03:38.616267+00:00,2026-06-30T12:03:38.611258,2,2,70.8,0.4,70.6,57,70.5,100,,,,,,,,,,,,,,,,,71.0,100,71.1,150,,,,,,,,,,,,,,,,
2026-06-30T02:03:40.247190+00:00,2026-06-30T12:03:40.244128,2,2,70.8,0.4,70.6,12,70.5,100,,,,,,,,,,,,,,,,,71.0,100,71.1,150,,,,,,,,,,,,,,,,
2026-06-30T02:03:40.854332+00:00,2026-06-30T12:03:40.847322,1,1,70.85,0.5,70.6,12,,,,,,,,,,,,,,,,,,,71.1,150,,,,,,,,,,,,,,,,,,
2026-06-30T02:03:40.908749+00:00,2026-06-30T12:03:40.903163,1,1,70.85,0.5,70.6,112,,,,,,,,,,,,,,,,,,,71.1,150,,,,,,,,,,,,,,,,,,
2026-06-30T02:03:40.964085+00:00,2026-06-30T12:03:40.955023,1,1,70.85,0.5,70.6,112,,,,,,,,,,,,,,,,,,,71.1,250,,,,,,,,,,,,,,,,,,
2026-06-30T02:03:41.226382+00:00,2026-06-30T12:03:41.220382,1,1,70.85,0.5,70.6,112,,,,,,,,,,,,,,,,,,,71.1,206,,,,,,,,,,,,,,,,,,
2026-06-30T02:03:41.388568+00:00,2026-06-30T12:03:41.383008,1,1,70.85,0.5,70.6,100,,,,,,,,,,,,,,,,,,,71.1,100,,,,,,,,,,,,,,,,,,
2026-06-30T02:03:41.443949+00:00,2026-06-30T12:03:41.434887,2,1,70.85,0.5,70.6,100,70.1,150,,,,,,,,,,,,,,,,,71.1,100,,,,,,,,,,,,,,,,,,
2026-06-30T02:03:41.508442+00:00,2026-06-30T12:03:41.504873,1,2,70.35,0.5,70.1,150,,,,,,,,,,,,,,,,,,,70.6,50,71.1,100,,,,,,,,,,,,,,,,
2026-06-30T02:03:42.237858+00:00,2026-06-30T12:03:42.226786,1,1,70.6,1.0,70.1,150,,,,,,,,,,,,,,,,,,,71.1,100,,,,,,,,,,,,,,,,,,
2026-06-30T02:03:42.771974+00:00,2026-06-30T12:03:42.770965,1,1,70.6,1.0,70.1,150,,,,,,,,,,,,,,,,,,,71.1,50,,,,,,,,,,,,,,,,,,
2026-06-30T02:03:43.749744+00:00,2026-06-30T12:03:43.740673,1,1,70.6,1.0,70.1,150,,,,,,,,,,,,,,,,,,,71.1,5,,,,,,,,,,,,,,,,,,
2026-06-30T02:03:44.012014+00:00,2026-06-30T12:03:44.009014,1,0,,,70.1,150,,,,,,,,,,,,,,,,,,,,,,,,,,,,,,,,,,,,,,
2026-06-30T02:03:44.067334+00:00,2026-06-30T12:03:44.062334,2,0,,,70.7,100,70.1,150,,,,,,,,,,,,,,,,,,,,,,,,,,,,,,,,,,,,
2026-06-30T02:03:44.121734+00:00,2026-06-30T12:03:44.113666,2,1,70.95,0.5,70.7,100,70.1,150,,,,,,,,,,,,,,,,,71.2,100,,,,,,,,,,,,,,,,,,
2026-06-30T02:03:44.588365+00:00,2026-06-30T12:03:44.578802,1,1,70.95,0.5,70.7,100,,,,,,,,,,,,,,,,,,,71.2,100,,,,,,,,,,,,,,,,,,
2026-06-30T02:03:44.632164+00:00,2026-06-30T12:03:44.629163,2,1,71.1,0.2,71.0,150,70.7,100,,,,,,,,,,,,,,,,,71.2,100,,,,,,,,,,,,,,,,,,
2026-06-30T02:03:44.687494+00:00,2026-06-30T12:03:44.682494,2,2,71.1,0.2,71.0,150,70.7,100,,,,,,,,,,,,,,,,,71.2,100,71.5,150,,,,,,,,,,,,,,,,
2026-06-30T02:03:44.883345+00:00,2026-06-30T12:03:44.875271,2,2,71.1,0.2,71.0,150,70.7,100,,,,,,,,,,,,,,,,,71.2,50,71.5,150,,,,,,,,,,,,,,,,
2026-06-30T02:03:46.416442+00:00,2026-06-30T12:03:46.406379,2,2,71.1,0.2,71.0,107,70.7,100,,,,,,,,,,,,,,,,,71.2,50,71.5,150,,,,,,,,,,,,,,,,
2026-06-30T02:03:47.177294+00:00,2026-06-30T12:03:47.168252,1,1,71.25,0.5,71.0,107,,,,,,,,,,,,,,,,,,,71.5,150,,,,,,,,,,,,,,,,,,
2026-06-30T02:03:47.231092+00:00,2026-06-30T12:03:47.221043,2,1,71.25,0.5,71.0,107,70.9,100,,,,,,,,,,,,,,,,,71.5,150,,,,,,,,,,,,,,,,,,
2026-06-30T02:03:47.275365+00:00,2026-06-30T12:03:47.273357,2,2,71.2,0.4,71.0,107,70.9,100,,,,,,,,,,,,,,,,,71.4,100,71.5,150,,,,,,,,,,,,,,,,
2026-06-30T02:03:47.471223+00:00,2026-06-30T12:03:47.465161,2,2,71.2,0.4,71.0,57,70.9,100,,,,,,,,,,,,,,,,,71.4,100,71.5,150,,,,,,,,,,,,,,,,
2026-06-30T02:03:47.744075+00:00,2026-06-30T12:03:47.736013,1,1,71.15,0.5,70.9,100,,,,,,,,,,,,,,,,,,,71.4,100,,,,,,,,,,,,,,,,,,
2026-06-30T02:03:47.797952+00:00,2026-06-30T12:03:47.788392,2,1,71.15,0.5,70.9,100,70.6,150,,,,,,,,,,,,,,,,,71.4,100,,,,,,,,,,,,,,,,,,
2026-06-30T02:03:47.841729+00:00,2026-06-30T12:03:47.840729,2,2,71.0,0.2,70.9,100,70.6,150,,,,,,,,,,,,,,,,,71.1,150,71.4,100,,,,,,,,,,,,,,,,
2026-06-30T02:03:49.447771+00:00,2026-06-30T12:03:49.439772,2,2,71.0,0.2,70.9,100,70.6,150,,,,,,,,,,,,,,,,,71.1,105,71.4,100,,,,,,,,,,,,,,,,
2026-06-30T02:03:49.501196+00:00,2026-06-30T12:03:49.492134,2,2,71.0,0.2,70.9,55,70.6,150,,,,,,,,,,,,,,,,,71.1,105,71.4,100,,,,,,,,,,,,,,,,
2026-06-30T02:03:50.329949+00:00,2026-06-30T12:03:50.326894,2,1,71.0,0.2,70.9,55,70.6,150,,,,,,,,,,,,,,,,,71.1,105,,,,,,,,,,,,,,,,,,
2026-06-30T02:03:50.341012+00:00,2026-06-30T12:03:50.329949,1,1,70.85,0.5,70.6,150,,,,,,,,,,,,,,,,,,,71.1,105,,,,,,,,,,,,,,,,,,
2026-06-30T02:03:50.385268+00:00,2026-06-30T12:03:50.381268,2,1,70.9,0.4,70.7,100,70.6,150,,,,,,,,,,,,,,,,,71.1,105,,,,,,,,,,,,,,,,,,
2026-06-30T02:03:50.440135+00:00,2026-06-30T12:03:50.434073,2,2,70.9,0.4,70.7,100,70.6,150,,,,,,,,,,,,,,,,,71.1,105,71.2,100,,,,,,,,,,,,,,,,
2026-06-30T02:03:50.896112+00:00,2026-06-30T12:03:50.894112,2,1,70.95,0.5,70.7,100,70.6,150,,,,,,,,,,,,,,,,,71.2,100,,,,,,,,,,,,,,,,,,
2026-06-30T02:03:50.907175+00:00,2026-06-30T12:03:50.896234,1,1,70.95,0.5,70.7,100,,,,,,,,,,,,,,,,,,,71.2,100,,,,,,,,,,,,,,,,,,
2026-06-30T02:03:50.950031+00:00,2026-06-30T12:03:50.949031,2,1,71.0,0.4,70.8,150,70.7,100,,,,,,,,,,,,,,,,,71.2,100,,,,,,,,,,,,,,,,,,
2026-06-30T02:03:51.005350+00:00,2026-06-30T12:03:51.000351,2,2,71.0,0.4,70.8,150,70.7,100,,,,,,,,,,,,,,,,,71.2,100,71.3,150,,,,,,,,,,,,,,,,
2026-06-30T02:03:51.277561+00:00,2026-06-30T12:03:51.271561,2,2,71.0,0.4,70.8,100,70.7,100,,,,,,,,,,,,,,,,,71.2,100,71.3,150,,,,,,,,,,,,,,,,
2026-06-30T02:03:52.269048+00:00,2026-06-30T12:03:52.264476,2,2,71.0,0.4,70.8,100,70.7,100,,,,,,,,,,,,,,,,,71.2,60,71.3,150,,,,,,,,,,,,,,,,
2026-06-30T02:03:53.387552+00:00,2026-06-30T12:03:53.377613,2,2,71.0,0.4,70.8,50,70.7,100,,,,,,,,,,,,,,,,,71.2,60,71.3,150,,,,,,,,,,,,,,,,
2026-06-30T02:03:53.497275+00:00,2026-06-30T12:03:53.488275,1,1,71.05,0.5,70.8,50,,,,,,,,,,,,,,,,,,,71.3,150,,,,,,,,,,,,,,,,,,
2026-06-30T02:03:53.551200+00:00,2026-06-30T12:03:53.540138,2,1,71.05,0.5,70.8,50,70.6,100,,,,,,,,,,,,,,,,,71.3,150,,,,,,,,,,,,,,,,,,
2026-06-30T02:03:53.595472+00:00,2026-06-30T12:03:53.592472,2,2,70.95,0.3,70.8,50,70.6,100,,,,,,,,,,,,,,,,,71.1,100,71.3,150,,,,,,,,,,,,,,,,
2026-06-30T02:03:54.062244+00:00,2026-06-30T12:03:54.055180,1,1,70.85,0.5,70.6,100,,,,,,,,,,,,,,,,,,,71.1,100,,,,,,,,,,,,,,,,,,
2026-06-30T02:03:54.117551+00:00,2026-06-30T12:03:54.107541,2,1,70.85,0.5,70.6,100,70.3,150,,,,,,,,,,,,,,,,,71.1,100,,,,,,,,,,,,,,,,,,
2026-06-30T02:03:54.170985+00:00,2026-06-30T12:03:54.159922,2,2,70.7,0.2,70.6,100,70.3,150,,,,,,,,,,,,,,,,,70.8,150,71.1,100,,,,,,,,,,,,,,,,
2026-06-30T02:03:55.485128+00:00,2026-06-30T12:03:55.484128,2,2,70.7,0.2,70.6,50,70.3,150,,,,,,,,,,,,,,,,,70.8,150,71.1,100,,,,,,,,,,,,,,,,
2026-06-30T02:03:56.658097+00:00,2026-06-30T12:03:56.657592,2,1,70.7,0.2,70.6,50,70.3,150,,,,,,,,,,,,,,,,,70.8,150,,,,,,,,,,,,,,,,,,
2026-06-30T02:03:56.668672+00:00,2026-06-30T12:03:56.658316,1,1,70.55,0.5,70.3,150,,,,,,,,,,,,,,,,,,,70.8,150,,,,,,,,,,,,,,,,,,
2026-06-30T02:03:56.712951+00:00,2026-06-30T12:03:56.707950,2,1,70.65,0.3,70.5,100,70.3,150,,,,,,,,,,,,,,,,,70.8,150,,,,,,,,,,,,,,,,,,
2026-06-30T02:03:56.767259+00:00,2026-06-30T12:03:56.761259,2,2,70.65,0.3,70.5,100,70.3,150,,,,,,,,,,,,,,,,,70.8,150,71.0,100,,,,,,,,,,,,,,,,
2026-06-30T02:03:57.223894+00:00,2026-06-30T12:03:57.214844,1,1,70.75,0.5,70.5,100,,,,,,,,,,,,,,,,,,,71.0,100,,,,,,,,,,,,,,,,,,
2026-06-30T02:03:57.278248+00:00,2026-06-30T12:03:57.268702,2,1,70.75,0.5,70.5,100,70.3,150,,,,,,,,,,,,,,,,,71.0,100,,,,,,,,,,,,,,,,,,
2026-06-30T02:03:57.333014+00:00,2026-06-30T12:03:57.322071,2,2,70.65,0.3,70.5,100,70.3,150,,,,,,,,,,,,,,,,,70.8,150,71.0,100,,,,,,,,,,,,,,,,
2026-06-30T02:03:57.550116+00:00,2026-06-30T12:03:57.539241,2,2,70.65,0.3,70.5,100,70.3,150,,,,,,,,,,,,,,,,,70.8,100,71.0,100,,,,,,,,,,,,,,,,
2026-06-30T02:03:59.659864+00:00,2026-06-30T12:03:59.648954,2,2,70.65,0.3,70.5,100,70.3,150,,,,,,,,,,,,,,,,,70.8,50,71.0,100,,,,,,,,,,,,,,,,
2026-06-30T02:03:59.824963+00:00,2026-06-30T12:03:59.814903,1,1,70.55,0.5,70.3,150,,,,,,,,,,,,,,,,,,,70.8,50,,,,,,,,,,,,,,,,,,
2026-06-30T02:03:59.878393+00:00,2026-06-30T12:03:59.867960,2,1,70.7,0.2,70.6,100,70.3,150,,,,,,,,,,,,,,,,,70.8,50,,,,,,,,,,,,,,,,,,
2026-06-30T02:03:59.933239+00:00,2026-06-30T12:03:59.922293,2,2,70.7,0.2,70.6,100,70.3,150,,,,,,,,,,,,,,,,,70.8,50,71.1,100,,,,,,,,,,,,,,,,
2026-06-30T02:04:00.389079+00:00,2026-06-30T12:04:00.381523,1,1,70.85,0.5,70.6,100,,,,,,,,,,,,,,,,,,,71.1,100,,,,,,,,,,,,,,,,,,
2026-06-30T02:04:00.442857+00:00,2026-06-30T12:04:00.435809,2,1,70.9,0.4,70.7,150,70.6,100,,,,,,,,,,,,,,,,,71.1,100,,,,,,,,,,,,,,,,,,
2026-06-30T02:04:00.497176+00:00,2026-06-30T12:04:00.488142,2,2,70.9,0.4,70.7,150,70.6,100,,,,,,,,,,,,,,,,,71.1,100,71.2,150,,,,,,,,,,,,,,,,
2026-06-30T02:04:01.765343+00:00,2026-06-30T12:04:01.754280,2,2,70.9,0.4,70.7,150,70.6,100,,,,,,,,,,,,,,,,,71.1,50,71.2,150,,,,,,,,,,,,,,,,
2026-06-30T02:04:02.982049+00:00,2026-06-30T12:04:02.976985,1,1,70.95,0.5,70.7,150,,,,,,,,,,,,,,,,,,,71.2,150,,,,,,,,,,,,,,,,,,
2026-06-30T02:04:03.037372+00:00,2026-06-30T12:04:03.029372,2,1,70.95,0.5,70.7,150,70.6,100,,,,,,,,,,,,,,,,,71.2,150,,,,,,,,,,,,,,,,,,
2026-06-30T02:04:03.090826+00:00,2026-06-30T12:04:03.083763,2,2,70.9,0.4,70.7,150,70.6,100,,,,,,,,,,,,,,,,,71.1,100,71.2,150,,,,,,,,,,,,,,,,
2026-06-30T02:04:03.319942+00:00,2026-06-30T12:04:03.318942,2,2,70.9,0.4,70.7,104,70.6,100,,,,,,,,,,,,,,,,,71.1,100,71.2,150,,,,,,,,,,,,,,,,
2026-06-30T02:04:03.547999+00:00,2026-06-30T12:04:03.543440,1,1,70.85,0.5,70.6,100,,,,,,,,,,,,,,,,,,,71.1,100,,,,,,,,,,,,,,,,,,
2026-06-30T02:04:03.602864+00:00,2026-06-30T12:04:03.595801,2,1,70.85,0.5,70.6,100,70.4,150,,,,,,,,,,,,,,,,,71.1,100,,,,,,,,,,,,,,,,,,
2026-06-30T02:04:03.657183+00:00,2026-06-30T12:04:03.648191,2,2,70.75,0.3,70.6,100,70.4,150,,,,,,,,,,,,,,,,,70.9,150,71.1,100,,,,,,,,,,,,,,,,
2026-06-30T02:04:03.852114+00:00,2026-06-30T12:04:03.845051,2,2,70.75,0.3,70.6,58,70.4,150,,,,,,,,,,,,,,,,,70.9,150,71.1,100,,,,,,,,,,,,,,,,
2026-06-30T02:04:03.863196+00:00,2026-06-30T12:04:03.860196,2,2,70.75,0.3,70.6,58,70.4,150,,,,,,,,,,,,,,,,,70.9,100,71.1,100,,,,,,,,,,,,,,,,
2026-06-30T02:04:04.852843+00:00,2026-06-30T12:04:04.842781,2,2,70.75,0.3,70.6,58,70.4,150,,,,,,,,,,,,,,,,,70.9,54,71.1,100,,,,,,,,,,,,,,,,
2026-06-30T02:04:05.972055+00:00,2026-06-30T12:04:05.969055,2,2,70.75,0.3,70.6,58,70.4,150,,,,,,,,,,,,,,,,,70.9,4,71.1,100,,,,,,,,,,,,,,,,
2026-06-30T02:04:06.146745+00:00,2026-06-30T12:04:06.138745,1,1,70.65,0.5,70.4,150,,,,,,,,,,,,,,,,,,,70.9,4,,,,,,,,,,,,,,,,,,
2026-06-30T02:04:06.201164+00:00,2026-06-30T12:04:06.191087,2,1,70.75,0.3,70.6,100,70.4,150,,,,,,,,,,,,,,,,,70.9,4,,,,,,,,,,,,,,,,,,
2026-06-30T02:04:06.256488+00:00,2026-06-30T12:04:06.245425,2,2,70.75,0.3,70.6,100,70.4,150,,,,,,,,,,,,,,,,,70.9,4,71.1,100,,,,,,,,,,,,,,,,
2026-06-30T02:04:06.703113+00:00,2026-06-30T12:04:06.702113,1,1,70.85,0.5,70.6,100,,,,,,,,,,,,,,,,,,,71.1,100,,,,,,,,,,,,,,,,,,
2026-06-30T02:04:06.757513+00:00,2026-06-30T12:04:06.755467,2,0,,,71.1,50,70.6,100,,,,,,,,,,,,,,,,,,,,,,,,,,,,,,,,,,,,
2026-06-30T02:04:06.811873+00:00,2026-06-30T12:04:06.806810,2,1,71.35,0.5,71.1,50,70.6,100,,,,,,,,,,,,,,,,,71.6,150,,,,,,,,,,,,,,,,,,
2026-06-30T02:04:07.977222+00:00,2026-06-30T12:04:07.969195,2,1,71.35,0.5,71.1,1,70.6,100,,,,,,,,,,,,,,,,,71.6,150,,,,,,,,,,,,,,,,,,
2026-06-30T02:04:08.474068+00:00,2026-06-30T12:04:08.470068,1,1,71.1,1.0,70.6,100,,,,,,,,,,,,,,,,,,,71.6,150,,,,,,,,,,,,,,,,,,
2026-06-30T02:04:09.307712+00:00,2026-06-30T12:04:09.297748,0,1,,,,,,,,,,,,,,,,,,,,,,,71.6,150,,,,,,,,,,,,,,,,,,
2026-06-30T02:04:09.362081+00:00,2026-06-30T12:04:09.357018,1,1,71.2,0.8,70.8,100,,,,,,,,,,,,,,,,,,,71.6,150,,,,,,,,,,,,,,,,,,
2026-06-30T02:04:09.417487+00:00,2026-06-30T12:04:09.406569,1,2,71.05,0.5,70.8,100,,,,,,,,,,,,,,,,,,,71.3,100,71.6,150,,,,,,,,,,,,,,,,
2026-06-30T02:04:09.870790+00:00,2026-06-30T12:04:09.859728,1,1,71.05,0.5,70.8,100,,,,,,,,,,,,,,,,,,,71.3,100,,,,,,,,,,,,,,,,,,
2026-06-30T02:04:09.915045+00:00,2026-06-30T12:04:09.912046,2,1,71.05,0.5,70.8,100,70.2,150,,,,,,,,,,,,,,,,,71.3,100,,,,,,,,,,,,,,,,,,
2026-06-30T02:04:09.991132+00:00,2026-06-30T12:04:09.983069,1,2,70.45,0.5,70.2,150,,,,,,,,,,,,,,,,,,,70.7,50,71.3,100,,,,,,,,,,,,,,,,
2026-06-30T02:04:10.187395+00:00,2026-06-30T12:04:10.180395,1,1,70.75,1.1,70.2,150,,,,,,,,,,,,,,,,,,,71.3,100,,,,,,,,,,,,,,,,,,
2026-06-30T02:04:11.547247+00:00,2026-06-30T12:04:11.537316,1,1,70.75,1.1,70.2,150,,,,,,,,,,,,,,,,,,,71.3,52,,,,,,,,,,,,,,,,,,
2026-06-30T02:04:12.346092+00:00,2026-06-30T12:04:12.336029,1,1,70.75,1.1,70.2,100,,,,,,,,,,,,,,,,,,,71.3,52,,,,,,,,,,,,,,,,,,
2026-06-30T02:04:12.466415+00:00,2026-06-30T12:04:12.456352,1,0,,,70.2,100,,,,,,,,,,,,,,,,,,,,,,,,,,,,,,,,,,,,,,
2026-06-30T02:04:12.519852+00:00,2026-06-30T12:04:12.509780,2,0,,,70.7,100,70.2,100,,,,,,,,,,,,,,,,,,,,,,,,,,,,,,,,,,,,
2026-06-30T02:04:12.564108+00:00,2026-06-30T12:04:12.561109,2,1,70.95,0.5,70.7,100,70.2,100,,,,,,,,,,,,,,,,,71.2,100,,,,,,,,,,,,,,,,,,
2026-06-30T02:04:13.031856+00:00,2026-06-30T12:04:13.030856,1,1,70.95,0.5,70.7,100,,,,,,,,,,,,,,,,,,,71.2,100,,,,,,,,,,,,,,,,,,
2026-06-30T02:04:13.087173+00:00,2026-06-30T12:04:13.084173,2,1,71.05,0.3,70.9,150,70.7,100,,,,,,,,,,,,,,,,,71.2,100,,,,,,,,,,,,,,,,,,
2026-06-30T02:04:13.141104+00:00,2026-06-30T12:04:13.136042,2,2,71.05,0.3,70.9,150,70.7,100,,,,,,,,,,,,,,,,,71.2,100,71.4,150,,,,,,,,,,,,,,,,
2026-06-30T02:04:14.172056+00:00,2026-06-30T12:04:14.170056,2,2,71.05,0.3,70.9,150,70.7,100,,,,,,,,,,,,,,,,,71.2,54,71.4,150,,,,,,,,,,,,,,,,
2026-06-30T02:04:14.455452+00:00,2026-06-30T12:04:14.445390,2,2,71.05,0.3,70.9,100,70.7,100,,,,,,,,,,,,,,,,,71.2,54,71.4,150,,,,,,,,,,,,,,,,
2026-06-30T02:04:15.616426+00:00,2026-06-30T12:04:15.614426,1,1,71.15,0.5,70.9,100,,,,,,,,,,,,,,,,,,,71.4,150,,,,,,,,,,,,,,,,,,
2026-06-30T02:04:15.669843+00:00,2026-06-30T12:04:15.666780,2,1,71.2,0.4,71.0,100,70.9,100,,,,,,,,,,,,,,,,,71.4,150,,,,,,,,,,,,,,,,,,
2026-06-30T02:04:15.736231+00:00,2026-06-30T12:04:15.725167,2,2,71.2,0.4,71.0,100,70.9,100,,,,,,,,,,,,,,,,,71.4,150,71.5,100,,,,,,,,,,,,,,,,
2026-06-30T02:04:16.179945+00:00,2026-06-30T12:04:16.169875,2,2,71.2,0.4,71.0,55,70.9,100,,,,,,,,,,,,,,,,,71.4,150,71.5,100,,,,,,,,,,,,,,,,
2026-06-30T02:04:16.191006+00:00,2026-06-30T12:04:16.190006,2,1,71.25,0.5,71.0,55,70.9,100,,,,,,,,,,,,,,,,,71.5,100,,,,,,,,,,,,,,,,,,
2026-06-30T02:04:16.202069+00:00,2026-06-30T12:04:16.192007,1,1,71.25,0.5,71.0,55,,,,,,,,,,,,,,,,,,,71.5,100,,,,,,,,,,,,,,,,,,
2026-06-30T02:04:16.246355+00:00,2026-06-30T12:04:16.244355,2,1,71.25,0.5,71.0,55,70.9,150,,,,,,,,,,,,,,,,,71.5,100,,,,,,,,,,,,,,,,,,
2026-06-30T02:04:16.298789+00:00,2026-06-30T12:04:16.298276,2,2,71.2,0.4,71.0,55,70.9,150,,,,,,,,,,,,,,,,,71.4,150,71.5,100,,,,,,,,,,,,,,,,
2026-06-30T02:04:16.558572+00:00,2026-06-30T12:04:16.549004,2,2,71.2,0.4,71.0,5,70.9,150,,,,,,,,,,,,,,,,,71.4,150,71.5,100,,,,,,,,,,,,,,,,
2026-06-30T02:04:17.312911+00:00,2026-06-30T12:04:17.309902,2,2,71.2,0.4,71.0,5,70.9,150,,,,,,,,,,,,,,,,,71.4,104,71.5,100,,,,,,,,,,,,,,,,
2026-06-30T02:04:18.662318+00:00,2026-06-30T12:04:18.658309,1,2,71.15,0.5,70.9,105,,,,,,,,,,,,,,,,,,,71.4,104,71.5,100,,,,,,,,,,,,,,,,
2026-06-30T02:04:18.783109+00:00,2026-06-30T12:04:18.774038,1,1,71.15,0.5,70.9,105,,,,,,,,,,,,,,,,,,,71.4,104,,,,,,,,,,,,,,,,,,
2026-06-30T02:04:18.827378+00:00,2026-06-30T12:04:18.825379,2,1,71.15,0.5,70.9,105,70.5,100,,,,,,,,,,,,,,,,,71.4,104,,,,,,,,,,,,,,,,,,
2026-06-30T02:04:18.880793+00:00,2026-06-30T12:04:18.878785,2,2,70.95,0.1,70.9,105,70.5,100,,,,,,,,,,,,,,,,,71.0,100,71.4,104,,,,,,,,,,,,,,,,
2026-06-30T02:04:18.947179+00:00,2026-06-30T12:04:18.937168,2,2,70.95,0.1,70.9,60,70.5,100,,,,,,,,,,,,,,,,,71.0,100,71.4,104,,,,,,,,,,,,,,,,
2026-06-30T02:04:19.360108+00:00,2026-06-30T12:04:19.352023,1,1,70.75,0.5,70.5,100,,,,,,,,,,,,,,,,,,,71.0,100,,,,,,,,,,,,,,,,,,
2026-06-30T02:04:19.415454+00:00,2026-06-30T12:04:19.404390,1,1,70.75,0.5,70.5,250,,,,,,,,,,,,,,,,,,,71.0,100,,,,,,,,,,,,,,,,,,
2026-06-30T02:04:19.458249+00:00,2026-06-30T12:04:19.456691,1,1,70.75,0.5,70.5,250,,,,,,,,,,,,,,,,,,,71.0,250,,,,,,,,,,,,,,,,,,
2026-06-30T02:04:20.772346+00:00,2026-06-30T12:04:20.762283,1,1,70.75,0.5,70.5,200,,,,,,,,,,,,,,,,,,,71.0,250,,,,,,,,,,,,,,,,,,
2026-06-30T02:04:21.937443+00:00,2026-06-30T12:04:21.933449,1,1,70.75,0.5,70.5,150,,,,,,,,,,,,,,,,,,,71.0,150,,,,,,,,,,,,,,,,,,
2026-06-30T02:04:21.990864+00:00,2026-06-30T12:04:21.983802,2,1,70.85,0.3,70.7,100,70.5,150,,,,,,,,,,,,,,,,,71.0,150,,,,,,,,,,,,,,,,,,
2026-06-30T02:04:22.046190+00:00,2026-06-30T12:04:22.037180,2,2,70.85,0.3,70.7,100,70.5,150,,,,,,,,,,,,,,,,,71.0,150,71.2,100,,,,,,,,,,,,,,,,
2026-06-30T02:04:22.511821+00:00,2026-06-30T12:04:22.510821,2,1,70.95,0.5,70.7,100,70.5,150,,,,,,,,,,,,,,,,,71.2,100,,,,,,,,,,,,,,,,,,
2026-06-30T02:04:22.522884+00:00,2026-06-30T12:04:22.512813,1,1,70.95,0.5,70.7,100,,,,,,,,,,,,,,,,,,,71.2,100,,,,,,,,,,,,,,,,,,
2026-06-30T02:04:22.567135+00:00,2026-06-30T12:04:22.565135,2,1,71.0,0.4,70.8,150,70.7,100,,,,,,,,,,,,,,,,,71.2,100,,,,,,,,,,,,,,,,,,
2026-06-30T02:04:22.620056+00:00,2026-06-30T12:04:22.616993,2,2,71.0,0.4,70.8,150,70.7,100,,,,,,,,,,,,,,,,,71.2,100,71.3,150,,,,,,,,,,,,,,,,
2026-06-30T02:04:22.878803+00:00,2026-06-30T12:04:22.868366,2,2,71.0,0.4,70.8,100,70.7,100,,,,,,,,,,,,,,,,,71.2,100,71.3,150,,,,,,,,,,,,,,,,
2026-06-30T02:04:23.598074+00:00,2026-06-30T12:04:23.591515,2,2,71.0,0.4,70.8,56,70.7,100,,,,,,,,,,,,,,,,,71.2,100,71.3,150,,,,,,,,,,,,,,,,
2026-06-30T02:04:24.138254+00:00,2026-06-30T12:04:24.127809,2,2,71.0,0.4,70.8,56,70.7,100,,,,,,,,,,,,,,,,,71.2,60,71.3,150,,,,,,,,,,,,,,,,
2026-06-30T02:04:24.984434+00:00,2026-06-30T12:04:24.974372,2,2,71.0,0.4,70.8,6,70.7,100,,,,,,,,,,,,,,,,,71.2,60,71.3,150,,,,,,,,,,,,,,,,
2026-06-30T02:04:25.115287+00:00,2026-06-30T12:04:25.105225,1,1,71.05,0.5,70.8,6,,,,,,,,,,,,,,,,,,,71.3,150,,,,,,,,,,,,,,,,,,
2026-06-30T02:04:25.157586+00:00,2026-06-30T12:04:25.156539,2,1,71.05,0.5,70.8,6,70.7,100,,,,,,,,,,,,,,,,,71.3,150,,,,,,,,,,,,,,,,,,
2026-06-30T02:04:25.211944+00:00,2026-06-30T12:04:25.208944,2,2,71.0,0.4,70.8,6,70.7,100,,,,,,,,,,,,,,,,,71.2,100,71.3,150,,,,,,,,,,,,,,,,
2026-06-30T02:04:25.671155+00:00,2026-06-30T12:04:25.670154,2,1,71.0,0.4,70.8,6,70.7,100,,,,,,,,,,,,,,,,,71.2,100,,,,,,,,,,,,,,,,,,
2026-06-30T02:04:25.682218+00:00,2026-06-30T12:04:25.672155,1,1,70.95,0.5,70.7,100,,,,,,,,,,,,,,,,,,,71.2,100,,,,,,,,,,,,,,,,,,
2026-06-30T02:04:25.726471+00:00,2026-06-30T12:04:25.723471,2,1,70.95,0.5,70.7,100,69.9,150,,,,,,,,,,,,,,,,,71.2,100,,,,,,,,,,,,,,,,,,
2026-06-30T02:04:25.779933+00:00,2026-06-30T12:04:25.776853,1,2,70.15,0.5,69.9,150,,,,,,,,,,,,,,,,,,,70.4,50,71.2,100,,,,,,,,,,,,,,,,
2026-06-30T02:04:25.790997+00:00,2026-06-30T12:04:25.784933,1,1,70.55,1.3,69.9,150,,,,,,,,,,,,,,,,,,,71.2,100,,,,,,,,,,,,,,,,,,
2026-06-30T02:04:27.084221+00:00,2026-06-30T12:04:27.081214,1,1,70.55,1.3,69.9,100,,,,,,,,,,,,,,,,,,,71.2,100,,,,,,,,,,,,,,,,,,
2026-06-30T02:04:27.148668+00:00,2026-06-30T12:04:27.142109,1,1,70.55,1.3,69.9,100,,,,,,,,,,,,,,,,,,,71.2,59,,,,,,,,,,,,,,,,,,
2026-06-30T02:04:28.269027+00:00,2026-06-30T12:04:28.266438,1,0,,,69.9,100,,,,,,,,,,,,,,,,,,,,,,,,,,,,,,,,,,,,,,
