recv_time,book_timestamp,n_bids,n_asks,mid,spread,bid_px_0,bid_vol_0,bid_px_1,bid_vol_1,bid_px_2,bid_vol_2,bid_px_3,bid_vol_3,bid_px_4,bid_vol_4,bid_px_5,bid_vol_5,bid_px_6,bid_vol_6,bid_px_7,bid_vol_7,bid_px_8,bid_vol_8,bid_px_9,bid_vol_9,ask_px_0,ask_vol_0,ask_px_1,ask_vol_1,ask_px_2,ask_vol_2,ask_px_3,ask_vol_3,ask_px_4,ask_vol_4,ask_px_5,ask_vol_5,ask_px_6,ask_vol_6,ask_px_7,ask_vol_7,ask_px_8,ask_vol_8,ask_px_9,ask_vol_9
2026-07-10T06:00:00.059402+00:00,2026-07-10T06:00:00.058900,2,3,106.85,0.1,106.8,153,106.5,69,,,,,,,,,,,,,,,,,106.9,8,107.0,100,107.3,150,,,,,,,,,,,,,,
2026-07-10T06:00:00.227334+00:00,2026-07-10T06:00:00.222883,2,3,106.85,0.1,106.8,103,106.5,69,,,,,,,,,,,,,,,,,106.9,8,107.0,100,107.3,150,,,,,,,,,,,,,,
2026-07-10T06:00:00.446708+00:00,2026-07-10T06:00:00.362537,2,3,106.85,0.1,106.8,103,106.5,69,,,,,,,,,,,,,,,,,106.9,5,107.0,100,107.3,150,,,,,,,,,,,,,,
2026-07-10T06:00:00.839856+00:00,2026-07-10T06:00:00.829476,2,3,106.85,0.1,106.8,103,106.5,69,,,,,,,,,,,,,,,,,106.9,4,107.0,100,107.3,150,,,,,,,,,,,,,,
2026-07-10T06:00:01.040028+00:00,2026-07-10T06:00:01.039974,2,3,106.85,0.1,106.8,100,106.5,69,,,,,,,,,,,,,,,,,106.9,4,107.0,100,107.3,150,,,,,,,,,,,,,,
2026-07-10T06:00:01.045286+00:00,2026-07-10T06:00:01.045179,2,3,106.85,0.1,106.8,100,106.5,69,,,,,,,,,,,,,,,,,106.9,1,107.0,100,107.3,150,,,,,,,,,,,,,,
2026-07-10T06:00:01.050485+00:00,2026-07-10T06:00:01.050375,2,3,106.85,0.1,106.8,103,106.5,69,,,,,,,,,,,,,,,,,106.9,1,107.0,100,107.3,150,,,,,,,,,,,,,,
2026-07-10T06:00:01.058587+00:00,2026-07-10T06:00:01.055607,2,3,106.85,0.1,106.8,103,106.5,69,,,,,,,,,,,,,,,,,106.9,4,107.0,100,107.3,150,,,,,,,,,,,,,,
2026-07-10T06:00:01.080181+00:00,2026-07-10T06:00:01.080077,2,3,106.85,0.1,106.8,58,106.5,69,,,,,,,,,,,,,,,,,106.9,4,107.0,100,107.3,150,,,,,,,,,,,,,,
2026-07-10T06:00:01.390171+00:00,2026-07-10T06:00:01.390046,2,3,106.85,0.1,106.8,58,106.5,69,,,,,,,,,,,,,,,,,106.9,3,107.0,100,107.3,150,,,,,,,,,,,,,,
2026-07-10T06:00:01.763681+00:00,2026-07-10T06:00:01.764118,3,2,106.85,0.1,106.8,58,106.6,5,106.5,12,,,,,,,,,,,,,,,106.9,3,107.3,150,,,,,,,,,,,,,,,,
2026-07-10T06:00:01.820999+00:00,2026-07-10T06:00:01.820861,4,2,106.85,0.1,106.8,58,106.6,5,106.5,12,106.4,100,,,,,,,,,,,,,106.9,3,107.3,150,,,,,,,,,,,,,,,,
2026-07-10T06:00:01.875062+00:00,2026-07-10T06:00:01.874863,4,2,106.85,0.1,106.8,58,106.6,5,106.5,12,106.4,100,,,,,,,,,,,,,106.9,103,107.3,150,,,,,,,,,,,,,,,,
2026-07-10T06:00:02.075730+00:00,2026-07-10T06:00:02.075388,4,2,106.85,0.1,106.8,55,106.6,5,106.5,12,106.4,100,,,,,,,,,,,,,106.9,103,107.3,150,,,,,,,,,,,,,,,,
2026-07-10T06:00:02.088489+00:00,2026-07-10T06:00:02.088750,4,2,106.85,0.1,106.8,58,106.6,5,106.5,12,106.4,100,,,,,,,,,,,,,106.9,100,107.3,150,,,,,,,,,,,,,,,,
2026-07-10T06:00:02.158654+00:00,2026-07-10T06:00:02.116522,4,2,106.85,0.1,106.8,58,106.6,5,106.5,12,106.4,100,,,,,,,,,,,,,106.9,103,107.3,150,,,,,,,,,,,,,,,,
2026-07-10T06:00:02.364230+00:00,2026-07-10T06:00:02.363968,4,2,106.85,0.1,106.8,8,106.6,5,106.5,12,106.4,100,,,,,,,,,,,,,106.9,103,107.3,150,,,,,,,,,,,,,,,,
2026-07-10T06:00:02.565083+00:00,2026-07-10T06:00:02.564304,4,1,106.85,0.1,106.8,3,106.6,5,106.5,12,106.4,100,,,,,,,,,,,,,106.9,103,,,,,,,,,,,,,,,,,,
2026-07-10T06:00:02.658804+00:00,2026-07-10T06:00:02.591633,5,1,106.85,0.1,106.8,3,106.6,5,106.5,12,106.4,100,106.2,150,,,,,,,,,,,106.9,103,,,,,,,,,,,,,,,,,,
2026-07-10T06:00:02.664230+00:00,2026-07-10T06:00:02.664067,4,2,106.65,0.1,106.6,5,106.5,12,106.4,100,106.2,150,,,,,,,,,,,,,106.7,147,106.9,103,,,,,,,,,,,,,,,,
2026-07-10T06:00:03.195245+00:00,2026-07-10T06:00:03.195365,4,2,106.65,0.1,106.6,9,106.5,12,106.4,100,106.2,150,,,,,,,,,,,,,106.7,147,106.9,100,,,,,,,,,,,,,,,,
2026-07-10T06:00:03.200610+00:00,2026-07-10T06:00:03.200517,4,2,106.65,0.1,106.6,9,106.5,12,106.4,100,106.2,150,,,,,,,,,,,,,106.7,151,106.9,100,,,,,,,,,,,,,,,,
2026-07-10T06:00:03.799325+00:00,2026-07-10T06:00:03.792950,4,2,106.65,0.1,106.6,9,106.5,12,106.4,100,106.2,150,,,,,,,,,,,,,106.7,148,106.9,100,,,,,,,,,,,,,,,,
2026-07-10T06:00:03.904312+00:00,2026-07-10T06:00:03.904213,4,2,106.65,0.1,106.6,9,106.5,12,106.4,100,106.2,150,,,,,,,,,,,,,106.7,105,106.9,100,,,,,,,,,,,,,,,,
2026-07-10T06:00:04.217415+00:00,2026-07-10T06:00:04.217307,4,2,106.65,0.1,106.6,5,106.5,12,106.4,100,106.2,150,,,,,,,,,,,,,106.7,105,106.9,100,,,,,,,,,,,,,,,,
2026-07-10T06:00:04.222668+00:00,2026-07-10T06:00:04.222499,4,2,106.65,0.1,106.6,5,106.5,12,106.4,100,106.2,150,,,,,,,,,,,,,106.7,101,106.9,100,,,,,,,,,,,,,,,,
2026-07-10T06:00:04.227785+00:00,2026-07-10T06:00:04.227757,4,2,106.65,0.1,106.6,9,106.5,12,106.4,100,106.2,150,,,,,,,,,,,,,106.7,105,106.9,100,,,,,,,,,,,,,,,,
2026-07-10T06:00:04.468723+00:00,2026-07-10T06:00:04.469191,2,2,106.55,0.3,106.4,71,106.2,150,,,,,,,,,,,,,,,,,106.7,105,106.9,100,,,,,,,,,,,,,,,,
2026-07-10T06:00:04.575754+00:00,2026-07-10T06:00:04.568831,3,2,106.65,0.1,106.6,6,106.4,71,106.2,150,,,,,,,,,,,,,,,106.7,94,106.9,100,,,,,,,,,,,,,,,,
2026-07-10T06:00:04.836100+00:00,2026-07-10T06:00:04.836253,3,2,106.65,0.1,106.6,5,106.4,71,106.2,150,,,,,,,,,,,,,,,106.7,94,106.9,100,,,,,,,,,,,,,,,,
2026-07-10T06:00:04.958857+00:00,2026-07-10T06:00:04.958749,2,1,106.65,0.1,106.6,5,106.2,150,,,,,,,,,,,,,,,,,106.7,94,,,,,,,,,,,,,,,,,,
2026-07-10T06:00:04.984805+00:00,2026-07-10T06:00:04.984709,3,1,106.65,0.1,106.6,5,106.5,100,106.2,150,,,,,,,,,,,,,,,106.7,94,,,,,,,,,,,,,,,,,,
2026-07-10T06:00:05.070008+00:00,2026-07-10T06:00:05.033117,3,2,106.65,0.1,106.6,5,106.5,100,106.2,150,,,,,,,,,,,,,,,106.7,94,107.0,100,,,,,,,,,,,,,,,,
2026-07-10T06:00:05.268704+00:00,2026-07-10T06:00:05.268905,3,2,106.65,0.1,106.6,9,106.5,100,106.2,150,,,,,,,,,,,,,,,106.7,94,107.0,100,,,,,,,,,,,,,,,,
2026-07-10T06:00:05.359464+00:00,2026-07-10T06:00:05.347880,3,2,106.65,0.1,106.6,9,106.5,100,106.2,150,,,,,,,,,,,,,,,106.7,82,107.0,100,,,,,,,,,,,,,,,,
2026-07-10T06:00:05.404116+00:00,2026-07-10T06:00:05.404060,3,2,106.65,0.1,106.6,9,106.5,100,106.2,150,,,,,,,,,,,,,,,106.7,39,107.0,100,,,,,,,,,,,,,,,,
2026-07-10T06:00:05.496918+00:00,2026-07-10T06:00:05.487810,3,2,106.65,0.1,106.6,9,106.5,100,106.2,150,,,,,,,,,,,,,,,106.7,27,107.0,112,,,,,,,,,,,,,,,,
2026-07-10T06:00:05.703656+00:00,2026-07-10T06:00:05.703867,2,2,106.65,0.1,106.6,9,106.5,100,,,,,,,,,,,,,,,,,106.7,4,107.0,112,,,,,,,,,,,,,,,,
2026-07-10T06:00:05.764277+00:00,2026-07-10T06:00:05.764147,3,0,,,107.0,34,106.6,9,106.5,100,,,,,,,,,,,,,,,,,,,,,,,,,,,,,,,,,,
2026-07-10T06:00:05.818493+00:00,2026-07-10T06:00:05.858755,3,1,107.25,0.5,107.0,34,106.6,9,106.5,100,,,,,,,,,,,,,,,107.5,150,,,,,,,,,,,,,,,,,,
2026-07-10T06:00:05.874273+00:00,2026-07-10T06:00:05.865656,3,1,107.25,0.5,107.0,22,106.6,9,106.5,100,,,,,,,,,,,,,,,107.5,150,,,,,,,,,,,,,,,,,,
2026-07-10T06:00:05.969230+00:00,2026-07-10T06:00:05.969032,1,1,107.0,1.0,106.5,86,,,,,,,,,,,,,,,,,,,107.5,150,,,,,,,,,,,,,,,,,,
2026-07-10T06:00:06.008696+00:00,2026-07-10T06:00:06.008871,2,1,107.05,0.9,106.6,12,106.5,86,,,,,,,,,,,,,,,,,107.5,150,,,,,,,,,,,,,,,,,,
2026-07-10T06:00:06.014206+00:00,2026-07-10T06:00:06.014098,2,2,107.0,0.8,106.6,12,106.5,86,,,,,,,,,,,,,,,,,107.4,12,107.5,150,,,,,,,,,,,,,,,,
2026-07-10T06:00:06.158778+00:00,2026-07-10T06:00:06.158714,2,2,107.0,0.8,106.6,17,106.5,86,,,,,,,,,,,,,,,,,107.4,12,107.5,150,,,,,,,,,,,,,,,,
2026-07-10T06:00:06.279518+00:00,2026-07-10T06:00:06.279634,2,2,107.0,0.8,106.6,21,106.5,86,,,,,,,,,,,,,,,,,107.4,12,107.5,150,,,,,,,,,,,,,,,,
2026-07-10T06:00:06.284916+00:00,2026-07-10T06:00:06.284813,2,2,107.0,0.8,106.6,21,106.5,86,,,,,,,,,,,,,,,,,107.4,16,107.5,150,,,,,,,,,,,,,,,,
2026-07-10T06:00:06.524574+00:00,2026-07-10T06:00:06.524503,2,2,107.0,0.8,106.6,9,106.5,86,,,,,,,,,,,,,,,,,107.4,16,107.5,150,,,,,,,,,,,,,,,,
2026-07-10T06:00:06.529787+00:00,2026-07-10T06:00:06.529717,2,2,107.0,0.8,106.6,9,106.5,86,,,,,,,,,,,,,,,,,107.4,4,107.5,150,,,,,,,,,,,,,,,,
2026-07-10T06:00:06.534977+00:00,2026-07-10T06:00:06.534920,3,2,107.05,0.7,106.7,12,106.6,9,106.5,86,,,,,,,,,,,,,,,107.4,4,107.5,150,,,,,,,,,,,,,,,,
2026-07-10T06:00:06.558824+00:00,2026-07-10T06:00:06.558680,3,3,107.0,0.6,106.7,12,106.6,9,106.5,86,,,,,,,,,,,,,,,107.3,12,107.4,4,107.5,150,,,,,,,,,,,,,,
2026-07-10T06:00:06.587885+00:00,2026-07-10T06:00:06.587838,1,3,106.9,0.8,106.5,57,,,,,,,,,,,,,,,,,,,107.3,12,107.4,4,107.5,150,,,,,,,,,,,,,,
2026-07-10T06:00:06.603332+00:00,2026-07-10T06:00:06.603431,2,3,106.95,0.7,106.6,5,106.5,57,,,,,,,,,,,,,,,,,107.3,12,107.4,4,107.5,150,,,,,,,,,,,,,,
2026-07-10T06:00:06.858773+00:00,2026-07-10T06:00:06.834938,2,4,106.75,0.3,106.6,5,106.5,57,,,,,,,,,,,,,,,,,106.9,1,107.3,12,107.4,4,107.5,150,,,,,,,,,,,,
2026-07-10T06:00:06.872937+00:00,2026-07-10T06:00:06.872843,2,3,106.95,0.7,106.6,5,106.5,57,,,,,,,,,,,,,,,,,107.3,12,107.4,4,107.5,150,,,,,,,,,,,,,,
2026-07-10T06:00:07.074754+00:00,2026-07-10T06:00:07.074658,2,2,107.0,0.8,106.6,17,106.5,57,,,,,,,,,,,,,,,,,107.4,4,107.5,150,,,,,,,,,,,,,,,,
2026-07-10T06:00:07.132474+00:00,2026-07-10T06:00:07.075798,2,3,106.9,0.6,106.6,17,106.5,57,,,,,,,,,,,,,,,,,107.2,12,107.4,4,107.5,150,,,,,,,,,,,,,,
2026-07-10T06:00:07.302554+00:00,2026-07-10T06:00:07.302452,2,2,106.9,0.6,106.6,17,106.5,57,,,,,,,,,,,,,,,,,107.2,12,107.5,150,,,,,,,,,,,,,,,,
2026-07-10T06:00:07.307720+00:00,2026-07-10T06:00:07.307674,2,2,106.9,0.6,106.6,21,106.5,57,,,,,,,,,,,,,,,,,107.2,16,107.5,150,,,,,,,,,,,,,,,,
2026-07-10T06:00:07.564411+00:00,2026-07-10T06:00:07.564215,2,1,107.05,0.9,106.6,21,106.5,57,,,,,,,,,,,,,,,,,107.5,150,,,,,,,,,,,,,,,,,,
2026-07-10T06:00:07.664862+00:00,2026-07-10T06:00:07.664035,2,2,107.0,0.8,106.6,21,106.5,57,,,,,,,,,,,,,,,,,107.4,12,107.5,150,,,,,,,,,,,,,,,,
2026-07-10T06:00:08.098199+00:00,2026-07-10T06:00:08.098092,1,2,106.95,0.9,106.5,33,,,,,,,,,,,,,,,,,,,107.4,12,107.5,150,,,,,,,,,,,,,,,,
2026-07-10T06:00:08.103420+00:00,2026-07-10T06:00:08.103330,0,2,,,,,,,,,,,,,,,,,,,,,,,107.4,12,107.5,150,,,,,,,,,,,,,,,,
2026-07-10T06:00:08.164045+00:00,2026-07-10T06:00:08.163939,1,2,107.05,0.7,106.7,100,,,,,,,,,,,,,,,,,,,107.4,12,107.5,150,,,,,,,,,,,,,,,,
2026-07-10T06:00:08.216569+00:00,2026-07-10T06:00:08.216650,1,3,106.95,0.5,106.7,100,,,,,,,,,,,,,,,,,,,107.2,100,107.4,12,107.5,150,,,,,,,,,,,,,,
2026-07-10T06:00:08.331555+00:00,2026-07-10T06:00:08.331638,1,3,106.95,0.5,106.7,104,,,,,,,,,,,,,,,,,,,107.2,100,107.4,12,107.5,150,,,,,,,,,,,,,,
2026-07-10T06:00:08.336893+00:00,2026-07-10T06:00:08.336803,1,3,106.95,0.5,106.7,104,,,,,,,,,,,,,,,,,,,107.2,104,107.4,12,107.5,150,,,,,,,,,,,,,,
2026-07-10T06:00:08.363989+00:00,2026-07-10T06:00:08.363893,1,2,106.95,0.5,106.7,104,,,,,,,,,,,,,,,,,,,107.2,104,107.5,150,,,,,,,,,,,,,,,,
2026-07-10T06:00:08.369214+00:00,2026-07-10T06:00:08.369097,1,3,106.9,0.4,106.7,116,,,,,,,,,,,,,,,,,,,107.1,12,107.2,104,107.5,150,,,,,,,,,,,,,,
2026-07-10T06:00:08.658607+00:00,2026-07-10T06:00:08.618649,1,2,106.95,0.5,106.7,116,,,,,,,,,,,,,,,,,,,107.2,76,107.5,150,,,,,,,,,,,,,,,,
2026-07-10T06:00:08.874605+00:00,2026-07-10T06:00:08.874463,1,1,106.95,0.5,106.7,116,,,,,,,,,,,,,,,,,,,107.2,76,,,,,,,,,,,,,,,,,,
2026-07-10T06:00:08.901383+00:00,2026-07-10T06:00:08.901312,2,1,106.95,0.5,106.7,116,106.6,5,,,,,,,,,,,,,,,,,107.2,76,,,,,,,,,,,,,,,,,,
2026-07-10T06:00:08.964350+00:00,2026-07-10T06:00:08.963840,3,1,106.95,0.5,106.7,116,106.6,5,106.5,150,,,,,,,,,,,,,,,107.2,76,,,,,,,,,,,,,,,,,,
2026-07-10T06:00:08.988661+00:00,2026-07-10T06:00:08.988552,3,2,106.85,0.3,106.7,116,106.6,5,106.5,150,,,,,,,,,,,,,,,107.0,150,107.2,76,,,,,,,,,,,,,,,,
2026-07-10T06:00:09.368694+00:00,2026-07-10T06:00:09.369145,3,2,106.85,0.3,106.7,116,106.6,5,106.5,150,,,,,,,,,,,,,,,107.0,154,107.2,72,,,,,,,,,,,,,,,,
2026-07-10T06:00:10.391805+00:00,2026-07-10T06:00:10.391710,3,2,106.85,0.3,106.7,112,106.6,5,106.5,150,,,,,,,,,,,,,,,107.0,150,107.2,72,,,,,,,,,,,,,,,,
2026-07-10T06:00:10.458749+00:00,2026-07-10T06:00:10.433776,3,2,106.85,0.3,106.7,116,106.6,5,106.5,150,,,,,,,,,,,,,,,107.0,154,107.2,72,,,,,,,,,,,,,,,,
2026-07-10T06:00:10.779590+00:00,2026-07-10T06:00:10.768984,3,2,106.85,0.3,106.7,116,106.6,5,106.5,150,,,,,,,,,,,,,,,107.0,104,107.2,72,,,,,,,,,,,,,,,,
2026-07-10T06:00:10.964479+00:00,2026-07-10T06:00:10.964118,3,2,106.85,0.3,106.7,116,106.6,4,106.5,150,,,,,,,,,,,,,,,107.0,104,107.2,72,,,,,,,,,,,,,,,,
2026-07-10T06:00:11.272250+00:00,2026-07-10T06:00:11.272119,3,1,106.85,0.3,106.7,16,106.6,4,106.5,150,,,,,,,,,,,,,,,107.0,104,,,,,,,,,,,,,,,,,,
2026-07-10T06:00:11.358627+00:00,2026-07-10T06:00:11.324225,4,1,106.95,0.1,106.9,100,106.7,16,106.6,4,106.5,150,,,,,,,,,,,,,107.0,104,,,,,,,,,,,,,,,,,,
2026-07-10T06:00:11.379792+00:00,2026-07-10T06:00:11.379921,4,2,106.95,0.1,106.9,100,106.7,16,106.6,4,106.5,150,,,,,,,,,,,,,107.0,104,107.4,100,,,,,,,,,,,,,,,,
2026-07-10T06:00:11.396786+00:00,2026-07-10T06:00:11.396679,4,2,106.95,0.1,106.9,112,106.7,4,106.6,4,106.5,150,,,,,,,,,,,,,107.0,104,107.4,100,,,,,,,,,,,,,,,,
2026-07-10T06:00:11.401955+00:00,2026-07-10T06:00:11.401864,4,3,106.95,0.1,106.9,112,106.7,4,106.6,4,106.5,150,,,,,,,,,,,,,107.0,104,107.2,12,107.4,100,,,,,,,,,,,,,,
2026-07-10T06:00:11.464585+00:00,2026-07-10T06:00:11.464451,3,3,106.95,0.1,106.9,112,106.6,4,106.5,150,,,,,,,,,,,,,,,107.0,100,107.2,12,107.4,100,,,,,,,,,,,,,,
2026-07-10T06:00:11.469800+00:00,2026-07-10T06:00:11.469721,3,3,106.95,0.1,106.9,116,106.6,4,106.5,150,,,,,,,,,,,,,,,107.0,100,107.2,12,107.4,100,,,,,,,,,,,,,,
2026-07-10T06:00:11.490874+00:00,2026-07-10T06:00:11.490778,3,3,106.95,0.1,106.9,116,106.6,4,106.5,150,,,,,,,,,,,,,,,107.0,104,107.2,12,107.4,100,,,,,,,,,,,,,,
2026-07-10T06:00:11.583435+00:00,2026-07-10T06:00:11.583336,3,3,106.95,0.1,106.9,116,106.6,1,106.5,150,,,,,,,,,,,,,,,107.0,104,107.2,12,107.4,100,,,,,,,,,,,,,,
2026-07-10T06:00:11.764103+00:00,2026-07-10T06:00:11.763969,3,3,106.95,0.1,106.9,116,106.6,1,106.5,150,,,,,,,,,,,,,,,107.0,55,107.2,12,107.4,100,,,,,,,,,,,,,,
2026-07-10T06:00:12.064196+00:00,2026-07-10T06:00:12.064099,2,3,106.95,0.1,106.9,116,106.6,1,,,,,,,,,,,,,,,,,107.0,4,107.2,12,107.4,100,,,,,,,,,,,,,,
2026-07-10T06:00:12.097870+00:00,2026-07-10T06:00:12.097747,2,3,106.95,0.1,106.9,266,106.6,1,,,,,,,,,,,,,,,,,107.0,4,107.2,12,107.4,100,,,,,,,,,,,,,,
2026-07-10T06:00:12.158702+00:00,2026-07-10T06:00:12.146375,2,3,106.95,0.1,106.9,266,106.6,1,,,,,,,,,,,,,,,,,107.0,4,107.2,12,107.4,250,,,,,,,,,,,,,,
2026-07-10T06:00:12.569820+00:00,2026-07-10T06:00:12.569688,2,3,106.95,0.1,106.9,266,106.6,1,,,,,,,,,,,,,,,,,107.0,8,107.2,12,107.4,250,,,,,,,,,,,,,,
2026-07-10T06:00:13.569615+00:00,2026-07-10T06:00:13.569414,2,3,106.95,0.1,106.9,262,106.6,1,,,,,,,,,,,,,,,,,107.0,8,107.2,12,107.4,250,,,,,,,,,,,,,,
2026-07-10T06:00:13.579896+00:00,2026-07-10T06:00:13.580035,2,3,106.95,0.1,106.9,262,106.6,1,,,,,,,,,,,,,,,,,107.0,4,107.2,12,107.4,250,,,,,,,,,,,,,,
2026-07-10T06:00:13.585481+00:00,2026-07-10T06:00:13.585397,2,3,106.95,0.1,106.9,266,106.6,1,,,,,,,,,,,,,,,,,107.0,4,107.2,12,107.4,250,,,,,,,,,,,,,,
2026-07-10T06:00:13.590742+00:00,2026-07-10T06:00:13.590643,2,3,106.95,0.1,106.9,266,106.6,1,,,,,,,,,,,,,,,,,107.0,8,107.2,12,107.4,250,,,,,,,,,,,,,,
2026-07-10T06:00:13.714077+00:00,2026-07-10T06:00:13.714039,1,3,106.95,0.1,106.9,266,,,,,,,,,,,,,,,,,,,107.0,8,107.2,12,107.4,250,,,,,,,,,,,,,,
2026-07-10T06:00:14.458602+00:00,2026-07-10T06:00:14.427547,1,3,106.95,0.1,106.9,166,,,,,,,,,,,,,,,,,,,107.0,8,107.2,12,107.4,150,,,,,,,,,,,,,,
2026-07-10T06:00:14.484826+00:00,2026-07-10T06:00:14.484653,1,3,106.95,0.1,106.9,166,,,,,,,,,,,,,,,,,,,107.0,7,107.2,12,107.4,150,,,,,,,,,,,,,,
2026-07-10T06:00:14.490041+00:00,2026-07-10T06:00:14.489911,2,3,106.95,0.1,106.9,166,106.8,100,,,,,,,,,,,,,,,,,107.0,7,107.2,12,107.4,150,,,,,,,,,,,,,,
2026-07-10T06:00:14.558601+00:00,2026-07-10T06:00:14.536133,2,4,106.95,0.1,106.9,166,106.8,100,,,,,,,,,,,,,,,,,107.0,7,107.2,12,107.3,100,107.4,150,,,,,,,,,,,,
2026-07-10T06:00:14.623429+00:00,2026-07-10T06:00:14.623578,2,4,106.95,0.1,106.9,162,106.8,100,,,,,,,,,,,,,,,,,107.0,7,107.2,12,107.3,100,107.4,150,,,,,,,,,,,,
2026-07-10T06:00:14.664570+00:00,2026-07-10T06:00:14.664389,2,4,106.95,0.1,106.9,162,106.8,100,,,,,,,,,,,,,,,,,107.0,3,107.2,12,107.3,100,107.4,150,,,,,,,,,,,,
2026-07-10T06:00:14.670141+00:00,2026-07-10T06:00:14.669710,2,4,106.95,0.1,106.9,166,106.8,100,,,,,,,,,,,,,,,,,107.0,3,107.2,12,107.3,100,107.4,150,,,,,,,,,,,,
2026-07-10T06:00:14.701623+00:00,2026-07-10T06:00:14.701439,2,4,106.95,0.1,106.9,166,106.8,100,,,,,,,,,,,,,,,,,107.0,7,107.2,12,107.3,100,107.4,150,,,,,,,,,,,,
2026-07-10T06:00:14.764248+00:00,2026-07-10T06:00:14.763986,3,4,106.95,0.1,106.9,166,106.8,100,106.7,3,,,,,,,,,,,,,,,107.0,7,107.2,12,107.3,100,107.4,150,,,,,,,,,,,,
2026-07-10T06:00:15.070545+00:00,2026-07-10T06:00:15.070451,3,4,106.95,0.1,106.9,116,106.8,100,106.7,3,,,,,,,,,,,,,,,107.0,7,107.2,12,107.3,100,107.4,150,,,,,,,,,,,,
2026-07-10T06:00:15.206180+00:00,2026-07-10T06:00:15.206139,3,3,106.95,0.1,106.9,4,106.8,100,106.7,3,,,,,,,,,,,,,,,107.0,7,107.2,12,107.3,100,,,,,,,,,,,,,,
2026-07-10T06:00:15.280315+00:00,2026-07-10T06:00:15.280139,3,3,106.95,0.1,106.9,4,106.8,100,106.7,153,,,,,,,,,,,,,,,107.0,7,107.2,12,107.3,100,,,,,,,,,,,,,,
2026-07-10T06:00:15.369039+00:00,2026-07-10T06:00:15.368939,3,3,106.95,0.1,106.9,4,106.8,100,106.7,153,,,,,,,,,,,,,,,107.0,7,107.2,162,107.3,100,,,,,,,,,,,,,,
2026-07-10T06:00:15.464319+00:00,2026-07-10T06:00:15.464053,3,3,106.95,0.1,106.9,4,106.8,100,106.7,165,,,,,,,,,,,,,,,107.0,19,107.2,150,107.3,100,,,,,,,,,,,,,,
2026-07-10T06:00:15.720283+00:00,2026-07-10T06:00:15.720194,2,3,106.9,0.2,106.8,100,106.7,165,,,,,,,,,,,,,,,,,107.0,19,107.2,150,107.3,100,,,,,,,,,,,,,,
2026-07-10T06:00:15.758727+00:00,2026-07-10T06:00:15.725502,3,3,106.95,0.1,106.9,4,106.8,100,106.7,165,,,,,,,,,,,,,,,107.0,19,107.2,150,107.3,100,,,,,,,,,,,,,,
2026-07-10T06:00:15.769047+00:00,2026-07-10T06:00:15.768841,3,3,106.95,0.1,106.9,4,106.8,100,106.7,165,,,,,,,,,,,,,,,107.0,18,107.2,150,107.3,100,,,,,,,,,,,,,,
2026-07-10T06:00:16.485070+00:00,2026-07-10T06:00:16.485020,3,3,106.95,0.1,106.9,4,106.8,100,106.7,165,,,,,,,,,,,,,,,107.0,17,107.2,150,107.3,100,,,,,,,,,,,,,,
2026-07-10T06:00:16.692080+00:00,2026-07-10T06:00:16.691993,3,3,106.95,0.1,106.9,4,106.8,100,106.7,153,,,,,,,,,,,,,,,107.0,17,107.2,150,107.3,100,,,,,,,,,,,,,,
2026-07-10T06:00:16.697344+00:00,2026-07-10T06:00:16.697261,3,3,106.95,0.1,106.9,16,106.8,100,106.7,153,,,,,,,,,,,,,,,107.0,5,107.2,150,107.3,100,,,,,,,,,,,,,,
2026-07-10T06:00:16.702527+00:00,2026-07-10T06:00:16.702445,3,3,106.95,0.1,106.9,16,106.8,100,106.7,153,,,,,,,,,,,,,,,107.0,5,107.2,162,107.3,100,,,,,,,,,,,,,,
2026-07-10T06:00:16.763694+00:00,2026-07-10T06:00:16.764179,3,3,106.95,0.1,106.9,16,106.8,100,106.7,153,,,,,,,,,,,,,,,107.0,5,107.2,162,107.3,100,,,,,,,,,,,,,,
2026-07-10T06:00:17.128915+00:00,2026-07-10T06:00:17.128827,3,2,107.05,0.3,106.9,16,106.8,100,106.7,153,,,,,,,,,,,,,,,107.2,162,107.3,100,,,,,,,,,,,,,,,,
2026-07-10T06:00:17.659600+00:00,2026-07-10T06:00:17.659098,3,1,107.15,0.1,107.1,100,106.9,16,106.7,153,,,,,,,,,,,,,,,107.2,162,,,,,,,,,,,,,,,,,,
2026-07-10T06:00:17.770445+00:00,2026-07-10T06:00:17.770279,3,3,107.15,0.1,107.1,111,106.9,4,106.7,153,,,,,,,,,,,,,,,107.2,150,107.4,12,107.6,100,,,,,,,,,,,,,,
2026-07-10T06:00:17.859226+00:00,2026-07-10T06:00:17.858917,2,3,107.15,0.1,107.1,115,106.7,153,,,,,,,,,,,,,,,,,107.2,154,107.4,12,107.6,100,,,,,,,,,,,,,,
2026-07-10T06:00:18.178047+00:00,2026-07-10T06:00:18.178183,2,3,107.15,0.1,107.1,72,106.7,153,,,,,,,,,,,,,,,,,107.2,154,107.4,12,107.6,100,,,,,,,,,,,,,,
2026-07-10T06:00:18.390130+00:00,2026-07-10T06:00:18.389982,2,3,107.15,0.1,107.1,72,106.7,153,,,,,,,,,,,,,,,,,107.2,4,107.4,12,107.6,100,,,,,,,,,,,,,,
2026-07-10T06:00:18.395062+00:00,2026-07-10T06:00:18.395165,2,3,107.15,0.1,107.1,72,106.7,3,,,,,,,,,,,,,,,,,107.2,4,107.4,12,107.6,100,,,,,,,,,,,,,,
2026-07-10T06:00:18.458646+00:00,2026-07-10T06:00:18.439440,3,3,107.15,0.1,107.1,72,107.0,150,106.7,3,,,,,,,,,,,,,,,107.2,4,107.4,12,107.6,100,,,,,,,,,,,,,,
2026-07-10T06:00:18.502804+00:00,2026-07-10T06:00:18.502646,3,4,107.15,0.1,107.1,72,107.0,150,106.7,3,,,,,,,,,,,,,,,107.2,4,107.4,12,107.5,150,107.6,100,,,,,,,,,,,,
2026-07-10T06:00:18.859340+00:00,2026-07-10T06:00:18.859067,3,3,107.15,0.1,107.1,72,107.0,150,106.7,3,,,,,,,,,,,,,,,107.2,4,107.5,121,107.6,100,,,,,,,,,,,,,,
2026-07-10T06:00:19.288635+00:00,2026-07-10T06:00:19.288491,3,3,107.15,0.1,107.1,22,107.0,150,106.7,3,,,,,,,,,,,,,,,107.2,4,107.5,121,107.6,100,,,,,,,,,,,,,,
2026-07-10T06:00:19.869652+00:00,2026-07-10T06:00:19.869553,3,3,107.15,0.1,107.1,18,107.0,150,106.7,3,,,,,,,,,,,,,,,107.2,4,107.5,121,107.6,100,,,,,,,,,,,,,,
2026-07-10T06:00:19.890554+00:00,2026-07-10T06:00:19.890470,3,2,107.3,0.4,107.1,18,107.0,150,106.7,3,,,,,,,,,,,,,,,107.5,121,107.6,100,,,,,,,,,,,,,,,,
2026-07-10T06:00:19.958592+00:00,2026-07-10T06:00:19.895736,3,3,107.15,0.1,107.1,22,107.0,150,106.7,3,,,,,,,,,,,,,,,107.2,4,107.5,121,107.6,100,,,,,,,,,,,,,,
2026-07-10T06:00:20.079354+00:00,2026-07-10T06:00:20.079262,3,4,107.15,0.1,107.1,10,107.0,162,106.7,3,,,,,,,,,,,,,,,107.2,4,107.3,12,107.5,121,107.6,100,,,,,,,,,,,,
2026-07-10T06:00:20.789163+00:00,2026-07-10T06:00:20.789066,3,3,107.15,0.1,107.1,4,107.0,162,106.7,3,,,,,,,,,,,,,,,107.2,4,107.3,12,107.5,121,,,,,,,,,,,,,,
2026-07-10T06:00:20.863931+00:00,2026-07-10T06:00:20.863825,3,3,107.15,0.1,107.1,4,107.0,162,106.7,103,,,,,,,,,,,,,,,107.2,4,107.3,12,107.5,121,,,,,,,,,,,,,,
2026-07-10T06:00:20.912196+00:00,2026-07-10T06:00:20.912124,3,3,107.15,0.1,107.1,4,107.0,162,106.7,103,,,,,,,,,,,,,,,107.2,104,107.3,12,107.5,121,,,,,,,,,,,,,,
2026-07-10T06:00:20.922595+00:00,2026-07-10T06:00:20.922539,2,3,107.1,0.2,107.0,162,106.7,103,,,,,,,,,,,,,,,,,107.2,100,107.3,12,107.5,121,,,,,,,,,,,,,,
2026-07-10T06:00:20.927827+00:00,2026-07-10T06:00:20.927763,3,3,107.15,0.1,107.1,4,107.0,162,106.7,103,,,,,,,,,,,,,,,107.2,100,107.3,12,107.5,121,,,,,,,,,,,,,,
2026-07-10T06:00:20.932846+00:00,2026-07-10T06:00:20.932945,3,3,107.15,0.1,107.1,4,107.0,162,106.7,103,,,,,,,,,,,,,,,107.2,104,107.3,12,107.5,121,,,,,,,,,,,,,,
2026-07-10T06:00:21.558652+00:00,2026-07-10T06:00:21.549458,3,2,107.15,0.1,107.1,4,107.0,12,106.7,103,,,,,,,,,,,,,,,107.2,104,107.3,12,,,,,,,,,,,,,,,,
2026-07-10T06:00:21.614074+00:00,2026-07-10T06:00:21.613946,3,2,107.15,0.1,107.1,154,107.0,12,106.7,103,,,,,,,,,,,,,,,107.2,104,107.3,12,,,,,,,,,,,,,,,,
2026-07-10T06:00:21.664200+00:00,2026-07-10T06:00:21.664140,3,3,107.15,0.1,107.1,154,107.0,12,106.7,103,,,,,,,,,,,,,,,107.2,104,107.3,12,107.6,150,,,,,,,,,,,,,,
2026-07-10T06:00:21.969726+00:00,2026-07-10T06:00:21.969643,3,3,107.15,0.1,107.1,150,107.0,12,106.7,103,,,,,,,,,,,,,,,107.2,104,107.3,12,107.6,150,,,,,,,,,,,,,,
2026-07-10T06:00:21.974996+00:00,2026-07-10T06:00:21.974861,3,3,107.15,0.1,107.1,150,107.0,12,106.7,103,,,,,,,,,,,,,,,107.2,100,107.3,12,107.6,150,,,,,,,,,,,,,,
2026-07-10T06:00:21.980266+00:00,2026-07-10T06:00:21.980182,3,3,107.15,0.1,107.1,154,107.0,12,106.7,103,,,,,,,,,,,,,,,107.2,104,107.3,12,107.6,150,,,,,,,,,,,,,,
2026-07-10T06:00:22.998983+00:00,2026-07-10T06:00:22.998952,3,3,107.15,0.1,107.1,150,107.0,12,106.7,103,,,,,,,,,,,,,,,107.2,104,107.3,12,107.6,150,,,,,,,,,,,,,,
2026-07-10T06:00:23.004268+00:00,2026-07-10T06:00:23.004136,3,3,107.15,0.1,107.1,150,107.0,12,106.7,103,,,,,,,,,,,,,,,107.2,100,107.3,12,107.6,150,,,,,,,,,,,,,,
2026-07-10T06:00:23.009441+00:00,2026-07-10T06:00:23.009387,3,3,107.15,0.1,107.1,154,107.0,12,106.7,103,,,,,,,,,,,,,,,107.2,104,107.3,12,107.6,150,,,,,,,,,,,,,,
2026-07-10T06:00:23.974806+00:00,2026-07-10T06:00:23.974632,3,3,107.15,0.1,107.1,154,107.0,12,106.7,103,,,,,,,,,,,,,,,107.2,4,107.3,12,107.6,150,,,,,,,,,,,,,,
2026-07-10T06:00:23.979984+00:00,2026-07-10T06:00:23.979883,3,3,107.15,0.1,107.1,154,107.0,12,106.7,3,,,,,,,,,,,,,,,107.2,4,107.3,12,107.6,150,,,,,,,,,,,,,,
2026-07-10T06:00:24.009138+00:00,2026-07-10T06:00:24.008945,2,3,107.15,0.1,107.1,154,107.0,12,,,,,,,,,,,,,,,,,107.2,4,107.3,12,107.6,150,,,,,,,,,,,,,,
2026-07-10T06:00:24.058728+00:00,2026-07-10T06:00:24.040192,2,2,107.15,0.1,107.1,154,106.8,100,,,,,,,,,,,,,,,,,107.2,4,107.6,150,,,,,,,,,,,,,,,,
2026-07-10T06:00:24.069096+00:00,2026-07-10T06:00:24.069024,2,3,107.15,0.1,107.1,166,106.8,100,,,,,,,,,,,,,,,,,107.2,4,107.4,12,107.6,150,,,,,,,,,,,,,,
2026-07-10T06:00:24.080738+00:00,2026-07-10T06:00:24.080630,2,4,107.15,0.1,107.1,166,106.8,100,,,,,,,,,,,,,,,,,107.2,4,107.3,100,107.4,12,107.6,150,,,,,,,,,,,,
2026-07-10T06:00:24.564006+00:00,2026-07-10T06:00:24.563908,3,4,107.15,0.1,107.1,166,106.9,5,106.8,100,,,,,,,,,,,,,,,107.2,4,107.3,100,107.4,12,107.6,150,,,,,,,,,,,,
2026-07-10T06:00:24.758691+00:00,2026-07-10T06:00:24.715138,3,3,107.15,0.1,107.1,16,106.9,5,106.8,100,,,,,,,,,,,,,,,107.2,4,107.3,100,107.4,12,,,,,,,,,,,,,,
2026-07-10T06:00:24.778547+00:00,2026-07-10T06:00:24.778470,3,3,107.15,0.1,107.1,166,106.9,5,106.8,100,,,,,,,,,,,,,,,107.2,4,107.3,100,107.4,12,,,,,,,,,,,,,,
2026-07-10T06:00:24.831954+00:00,2026-07-10T06:00:24.831854,3,4,107.15,0.1,107.1,166,106.9,5,106.8,100,,,,,,,,,,,,,,,107.2,4,107.3,100,107.4,12,107.6,150,,,,,,,,,,,,
2026-07-10T06:00:24.964135+00:00,2026-07-10T06:00:24.963823,3,4,107.15,0.1,107.1,166,106.9,4,106.8,100,,,,,,,,,,,,,,,107.2,4,107.3,100,107.4,12,107.6,150,,,,,,,,,,,,
2026-07-10T06:00:25.063983+00:00,2026-07-10T06:00:25.063955,3,4,107.15,0.1,107.1,162,106.9,4,106.8,100,,,,,,,,,,,,,,,107.2,4,107.3,100,107.4,12,107.6,150,,,,,,,,,,,,
2026-07-10T06:00:25.074603+00:00,2026-07-10T06:00:25.074436,3,3,107.2,0.2,107.1,162,106.9,4,106.8,100,,,,,,,,,,,,,,,107.3,100,107.4,12,107.6,150,,,,,,,,,,,,,,
2026-07-10T06:00:25.079730+00:00,2026-07-10T06:00:25.079611,3,3,107.2,0.2,107.1,166,106.9,4,106.8,100,,,,,,,,,,,,,,,107.3,100,107.4,12,107.6,150,,,,,,,,,,,,,,
2026-07-10T06:00:25.084901+00:00,2026-07-10T06:00:25.084789,3,4,107.15,0.1,107.1,166,106.9,4,106.8,100,,,,,,,,,,,,,,,107.2,4,107.3,100,107.4,12,107.6,150,,,,,,,,,,,,
2026-07-10T06:00:25.664361+00:00,2026-07-10T06:00:25.663965,3,4,107.15,0.1,107.1,116,106.9,4,106.8,100,,,,,,,,,,,,,,,107.2,4,107.3,100,107.4,12,107.6,150,,,,,,,,,,,,
2026-07-10T06:00:25.817102+00:00,2026-07-10T06:00:25.817033,3,3,107.15,0.1,107.1,116,106.9,4,106.8,100,,,,,,,,,,,,,,,107.2,4,107.3,100,107.6,150,,,,,,,,,,,,,,
2026-07-10T06:00:25.822406+00:00,2026-07-10T06:00:25.822340,4,3,107.15,0.1,107.1,116,107.0,12,106.9,4,106.8,100,,,,,,,,,,,,,107.2,4,107.3,112,107.6,150,,,,,,,,,,,,,,
2026-07-10T06:00:25.886409+00:00,2026-07-10T06:00:25.886319,4,3,107.15,0.1,107.1,116,107.0,12,106.9,2,106.8,100,,,,,,,,,,,,,107.2,4,107.3,112,107.6,150,,,,,,,,,,,,,,
2026-07-10T06:00:26.100806+00:00,2026-07-10T06:00:26.100670,4,2,107.2,0.2,107.1,112,107.0,12,106.9,2,106.8,100,,,,,,,,,,,,,107.3,112,107.6,150,,,,,,,,,,,,,,,,
2026-07-10T06:00:26.114048+00:00,2026-07-10T06:00:26.114268,4,3,107.15,0.1,107.1,116,107.0,12,106.9,2,106.8,100,,,,,,,,,,,,,107.2,4,107.3,112,107.6,150,,,,,,,,,,,,,,
2026-07-10T06:00:27.088481+00:00,2026-07-10T06:00:27.159069,3,3,107.15,0.1,107.1,116,107.0,12,106.9,2,,,,,,,,,,,,,,,107.2,4,107.3,12,107.6,150,,,,,,,,,,,,,,
2026-07-10T06:00:27.199421+00:00,2026-07-10T06:00:27.199262,4,3,107.15,0.1,107.1,116,107.0,12,106.9,2,106.8,100,,,,,,,,,,,,,107.2,4,107.3,12,107.6,150,,,,,,,,,,,,,,
2026-07-10T06:00:27.269146+00:00,2026-07-10T06:00:27.269001,4,3,107.15,0.1,107.1,116,107.0,12,106.9,2,106.8,100,,,,,,,,,,,,,107.2,4,107.3,112,107.6,150,,,,,,,,,,,,,,
2026-07-10T06:00:27.764680+00:00,2026-07-10T06:00:27.764480,4,3,107.15,0.1,107.1,66,107.0,12,106.9,2,106.8,100,,,,,,,,,,,,,107.2,4,107.3,112,107.6,150,,,,,,,,,,,,,,
2026-07-10T06:00:27.883272+00:00,2026-07-10T06:00:27.883148,4,2,107.15,0.1,107.1,66,107.0,12,106.9,2,106.8,100,,,,,,,,,,,,,107.2,4,107.3,112,,,,,,,,,,,,,,,,
2026-07-10T06:00:27.888469+00:00,2026-07-10T06:00:27.888347,4,2,107.15,0.1,107.1,4,107.0,12,106.9,2,106.8,100,,,,,,,,,,,,,107.2,4,107.3,112,,,,,,,,,,,,,,,,
2026-07-10T06:00:27.958702+00:00,2026-07-10T06:00:27.933073,5,2,107.15,0.1,107.1,4,107.0,12,106.9,2,106.8,100,106.6,150,,,,,,,,,,,107.2,4,107.3,112,,,,,,,,,,,,,,,,
2026-07-10T06:00:28.011287+00:00,2026-07-10T06:00:28.011140,4,3,107.05,0.1,107.0,12,106.9,2,106.8,100,106.6,150,,,,,,,,,,,,,107.1,146,107.2,4,107.3,112,,,,,,,,,,,,,,
2026-07-10T06:00:28.092916+00:00,2026-07-10T06:00:28.093140,3,3,107.0,0.2,106.9,2,106.8,100,106.6,150,,,,,,,,,,,,,,,107.1,146,107.2,4,107.3,100,,,,,,,,,,,,,,
2026-07-10T06:00:28.105704+00:00,2026-07-10T06:00:28.105592,3,3,107.0,0.2,106.9,2,106.8,112,106.6,150,,,,,,,,,,,,,,,107.1,158,107.2,4,107.3,100,,,,,,,,,,,,,,
2026-07-10T06:00:28.164141+00:00,2026-07-10T06:00:28.164018,3,2,107.0,0.2,106.9,2,106.8,112,106.6,150,,,,,,,,,,,,,,,107.1,158,107.3,100,,,,,,,,,,,,,,,,
2026-07-10T06:00:28.169348+00:00,2026-07-10T06:00:28.169293,3,2,107.0,0.2,106.9,6,106.8,112,106.6,150,,,,,,,,,,,,,,,107.1,162,107.3,100,,,,,,,,,,,,,,,,
2026-07-10T06:00:28.764371+00:00,2026-07-10T06:00:28.764228,2,2,106.95,0.3,106.8,74,106.6,150,,,,,,,,,,,,,,,,,107.1,162,107.3,100,,,,,,,,,,,,,,,,
2026-07-10T06:00:29.275731+00:00,2026-07-10T06:00:29.264017,2,2,106.95,0.3,106.8,78,106.6,150,,,,,,,,,,,,,,,,,107.1,162,107.3,100,,,,,,,,,,,,,,,,
2026-07-10T06:00:29.366423+00:00,2026-07-10T06:00:29.366234,2,2,106.95,0.3,106.8,66,106.6,150,,,,,,,,,,,,,,,,,107.1,162,107.3,100,,,,,,,,,,,,,,,,
2026-07-10T06:00:29.371823+00:00,2026-07-10T06:00:29.371554,2,2,106.95,0.3,106.8,66,106.6,150,,,,,,,,,,,,,,,,,107.1,150,107.3,100,,,,,,,,,,,,,,,,
2026-07-10T06:00:29.377045+00:00,2026-07-10T06:00:29.376938,3,3,106.9,0.2,106.8,66,106.7,12,106.6,150,,,,,,,,,,,,,,,107.0,12,107.1,150,107.3,100,,,,,,,,,,,,,,
2026-07-10T06:00:29.678845+00:00,2026-07-10T06:00:29.678714,3,3,106.9,0.2,106.8,25,106.7,12,106.6,150,,,,,,,,,,,,,,,107.0,12,107.1,150,107.3,100,,,,,,,,,,,,,,
2026-07-10T06:00:29.885307+00:00,2026-07-10T06:00:29.885186,2,2,106.95,0.3,106.8,25,106.6,150,,,,,,,,,,,,,,,,,107.1,150,107.3,100,,,,,,,,,,,,,,,,
2026-07-10T06:00:29.890678+00:00,2026-07-10T06:00:29.890446,3,2,106.95,0.3,106.8,25,106.6,150,106.5,12,,,,,,,,,,,,,,,107.1,150,107.3,100,,,,,,,,,,,,,,,,
2026-07-10T06:00:29.895889+00:00,2026-07-10T06:00:29.895848,3,3,106.85,0.1,106.8,25,106.6,150,106.5,12,,,,,,,,,,,,,,,106.9,12,107.1,150,107.3,100,,,,,,,,,,,,,,
2026-07-10T06:00:30.264118+00:00,2026-07-10T06:00:30.264041,3,3,106.85,0.1,106.8,25,106.6,150,106.5,12,,,,,,,,,,,,,,,106.9,16,107.1,146,107.3,100,,,,,,,,,,,,,,
2026-07-10T06:00:30.306980+00:00,2026-07-10T06:00:30.306903,3,2,106.85,0.1,106.8,4,106.6,150,106.5,12,,,,,,,,,,,,,,,106.9,16,107.1,146,,,,,,,,,,,,,,,,
2026-07-10T06:00:30.364044+00:00,2026-07-10T06:00:30.363992,4,2,106.85,0.1,106.8,4,106.6,150,106.5,12,106.3,100,,,,,,,,,,,,,106.9,16,107.1,146,,,,,,,,,,,,,,,,
2026-07-10T06:00:30.469068+00:00,2026-07-10T06:00:30.469007,3,3,106.7,0.2,106.6,150,106.5,12,106.3,100,,,,,,,,,,,,,,,106.8,96,106.9,16,107.1,146,,,,,,,,,,,,,,
2026-07-10T06:00:31.064304+00:00,2026-07-10T06:00:31.064277,3,2,106.7,0.2,106.6,150,106.5,12,106.3,100,,,,,,,,,,,,,,,106.8,96,106.9,16,,,,,,,,,,,,,,,,
2026-07-10T06:00:31.069559+00:00,2026-07-10T06:00:31.069467,2,2,106.65,0.3,106.5,12,106.3,100,,,,,,,,,,,,,,,,,106.8,96,106.9,16,,,,,,,,,,,,,,,,
2026-07-10T06:00:31.122942+00:00,2026-07-10T06:00:31.122793,2,2,106.65,0.3,106.5,12,106.3,250,,,,,,,,,,,,,,,,,106.8,96,106.9,16,,,,,,,,,,,,,,,,
2026-07-10T06:00:31.176366+00:00,2026-07-10T06:00:31.176240,2,2,106.65,0.3,106.5,12,106.3,250,,,,,,,,,,,,,,,,,106.8,246,106.9,16,,,,,,,,,,,,,,,,
2026-07-10T06:00:31.285413+00:00,2026-07-10T06:00:31.285386,2,2,106.65,0.3,106.5,12,106.3,250,,,,,,,,,,,,,,,,,106.8,246,106.9,12,,,,,,,,,,,,,,,,
2026-07-10T06:00:31.290694+00:00,2026-07-10T06:00:31.290577,2,2,106.65,0.3,106.5,16,106.3,250,,,,,,,,,,,,,,,,,106.8,246,106.9,12,,,,,,,,,,,,,,,,
2026-07-10T06:00:31.295826+00:00,2026-07-10T06:00:31.295781,2,2,106.65,0.3,106.5,16,106.3,250,,,,,,,,,,,,,,,,,106.8,250,106.9,12,,,,,,,,,,,,,,,,
2026-07-10T06:00:31.814386+00:00,2026-07-10T06:00:31.814332,2,2,106.65,0.3,106.5,16,106.3,250,,,,,,,,,,,,,,,,,106.8,200,106.9,12,,,,,,,,,,,,,,,,
2026-07-10T06:00:32.269322+00:00,2026-07-10T06:00:32.269218,2,2,106.65,0.3,106.5,16,106.3,250,,,,,,,,,,,,,,,,,106.8,160,106.9,12,,,,,,,,,,,,,,,,
2026-07-10T06:00:32.364558+00:00,2026-07-10T06:00:32.364269,2,2,106.65,0.3,106.5,16,106.3,250,,,,,,,,,,,,,,,,,106.8,160,106.9,12,,,,,,,,,,,,,,,,
2026-07-10T06:00:32.768840+00:00,2026-07-10T06:00:32.769170,2,2,106.65,0.3,106.5,16,106.3,250,,,,,,,,,,,,,,,,,106.8,118,106.9,12,,,,,,,,,,,,,,,,
2026-07-10T06:00:33.364304+00:00,2026-07-10T06:00:33.364159,2,2,106.65,0.3,106.5,12,106.3,250,,,,,,,,,,,,,,,,,106.8,114,106.9,12,,,,,,,,,,,,,,,,
2026-07-10T06:00:33.369448+00:00,2026-07-10T06:00:33.369382,2,2,106.65,0.3,106.5,16,106.3,250,,,,,,,,,,,,,,,,,106.8,118,106.9,12,,,,,,,,,,,,,,,,
2026-07-10T06:00:33.502102+00:00,2026-07-10T06:00:33.502032,2,2,106.65,0.3,106.5,16,106.3,150,,,,,,,,,,,,,,,,,106.8,118,106.9,12,,,,,,,,,,,,,,,,
2026-07-10T06:00:33.563956+00:00,2026-07-10T06:00:33.563894,3,2,106.7,0.2,106.6,100,106.5,16,106.3,150,,,,,,,,,,,,,,,106.8,118,106.9,12,,,,,,,,,,,,,,,,
2026-07-10T06:00:33.608502+00:00,2026-07-10T06:00:33.658971,3,2,106.7,0.2,106.6,100,106.5,4,106.3,150,,,,,,,,,,,,,,,106.8,118,107.1,100,,,,,,,,,,,,,,,,
2026-07-10T06:00:33.669924+00:00,2026-07-10T06:00:33.670149,4,3,106.75,0.1,106.7,12,106.6,100,106.5,4,106.3,150,,,,,,,,,,,,,106.8,118,107.0,12,107.1,100,,,,,,,,,,,,,,
2026-07-10T06:00:33.675524+00:00,2026-07-10T06:00:33.675448,4,3,106.75,0.1,106.7,12,106.6,100,106.5,4,106.3,150,,,,,,,,,,,,,106.8,76,107.0,12,107.1,100,,,,,,,,,,,,,,
2026-07-10T06:00:33.758732+00:00,2026-07-10T06:00:33.727002,3,3,106.7,0.2,106.6,69,106.5,4,106.3,150,,,,,,,,,,,,,,,106.8,76,107.0,12,107.1,100,,,,,,,,,,,,,,
2026-07-10T06:00:33.958706+00:00,2026-07-10T06:00:33.917643,3,3,106.7,0.2,106.6,69,106.5,4,106.3,150,,,,,,,,,,,,,,,106.8,26,107.0,12,107.1,100,,,,,,,,,,,,,,
2026-07-10T06:00:34.258631+00:00,2026-07-10T06:00:34.222350,2,3,106.7,0.2,106.6,69,106.5,4,,,,,,,,,,,,,,,,,106.8,4,107.0,12,107.1,100,,,,,,,,,,,,,,
2026-07-10T06:00:34.305116+00:00,2026-07-10T06:00:34.296148,3,1,107.05,0.1,107.0,123,106.6,69,106.5,4,,,,,,,,,,,,,,,107.1,100,,,,,,,,,,,,,,,,,,
2026-07-10T06:00:34.364062+00:00,2026-07-10T06:00:34.363915,3,2,107.05,0.1,107.0,123,106.6,69,106.5,4,,,,,,,,,,,,,,,107.1,100,107.5,150,,,,,,,,,,,,,,,,
2026-07-10T06:00:34.381100+00:00,2026-07-10T06:00:34.381028,2,2,107.05,0.1,107.0,123,106.6,69,,,,,,,,,,,,,,,,,107.1,100,107.5,150,,,,,,,,,,,,,,,,
2026-07-10T06:00:34.394665+00:00,2026-07-10T06:00:34.394580,2,2,107.05,0.1,107.0,127,106.6,69,,,,,,,,,,,,,,,,,107.1,104,107.5,150,,,,,,,,,,,,,,,,
2026-07-10T06:00:34.973993+00:00,2026-07-10T06:00:34.965174,2,2,107.05,0.1,107.0,124,106.6,69,,,,,,,,,,,,,,,,,107.1,104,107.5,150,,,,,,,,,,,,,,,,
2026-07-10T06:00:35.458896+00:00,2026-07-10T06:00:35.413786,2,2,107.05,0.1,107.0,124,106.6,69,,,,,,,,,,,,,,,,,107.1,104,107.5,150,,,,,,,,,,,,,,,,
2026-07-10T06:00:35.692850+00:00,2026-07-10T06:00:35.692735,3,2,107.05,0.1,107.0,124,106.6,69,106.5,12,,,,,,,,,,,,,,,107.1,104,107.5,150,,,,,,,,,,,,,,,,
2026-07-10T06:00:35.697887+00:00,2026-07-10T06:00:35.698068,3,2,107.05,0.1,107.0,112,106.6,69,106.5,12,,,,,,,,,,,,,,,107.1,104,107.5,150,,,,,,,,,,,,,,,,
2026-07-10T06:00:36.059058+00:00,2026-07-10T06:00:36.058790,3,2,107.05,0.1,107.0,112,106.6,69,106.5,12,,,,,,,,,,,,,,,107.1,54,107.5,150,,,,,,,,,,,,,,,,
2026-07-10T06:00:36.464352+00:00,2026-07-10T06:00:36.464070,3,2,107.05,0.1,107.0,112,106.6,69,106.5,12,,,,,,,,,,,,,,,107.1,54,107.5,150,,,,,,,,,,,,,,,,
2026-07-10T06:00:36.664229+00:00,2026-07-10T06:00:36.664076,2,2,107.05,0.1,107.0,112,106.5,12,,,,,,,,,,,,,,,,,107.1,4,107.5,150,,,,,,,,,,,,,,,,
2026-07-10T06:00:36.720910+00:00,2026-07-10T06:00:36.720830,3,2,107.05,0.1,107.0,112,106.5,12,106.4,100,,,,,,,,,,,,,,,107.1,4,107.5,150,,,,,,,,,,,,,,,,
2026-07-10T06:00:36.774803+00:00,2026-07-10T06:00:36.774748,3,2,107.05,0.1,107.0,12,106.5,12,106.4,100,,,,,,,,,,,,,,,107.1,4,107.5,150,,,,,,,,,,,,,,,,
2026-07-10T06:00:37.212491+00:00,2026-07-10T06:00:37.212460,3,2,107.05,0.1,107.0,9,106.5,12,106.4,100,,,,,,,,,,,,,,,107.1,4,107.5,150,,,,,,,,,,,,,,,,
2026-07-10T06:00:37.458697+00:00,2026-07-10T06:00:37.394015,3,1,107.05,0.1,107.0,4,106.5,12,106.4,100,,,,,,,,,,,,,,,107.1,4,,,,,,,,,,,,,,,,,,
2026-07-10T06:00:37.464450+00:00,2026-07-10T06:00:37.464218,4,1,107.05,0.1,107.0,4,106.5,12,106.4,100,106.2,150,,,,,,,,,,,,,107.1,4,,,,,,,,,,,,,,,,,,
2026-07-10T06:00:37.469747+00:00,2026-07-10T06:00:37.469665,3,0,,,106.5,12,106.4,100,106.2,150,,,,,,,,,,,,,,,,,,,,,,,,,,,,,,,,,,
2026-07-10T06:00:37.475182+00:00,2026-07-10T06:00:37.475050,4,1,107.05,0.1,107.0,4,106.5,12,106.4,100,106.2,150,,,,,,,,,,,,,107.1,4,,,,,,,,,,,,,,,,,,
2026-07-10T06:00:37.577906+00:00,2026-07-10T06:00:37.569813,3,2,106.6,0.2,106.5,12,106.4,100,106.2,150,,,,,,,,,,,,,,,106.7,143,107.1,4,,,,,,,,,,,,,,,,
2026-07-10T06:00:37.764617+00:00,2026-07-10T06:00:37.764350,2,2,106.55,0.3,106.4,112,106.2,150,,,,,,,,,,,,,,,,,106.7,152,107.1,4,,,,,,,,,,,,,,,,
2026-07-10T06:00:38.164309+00:00,2026-07-10T06:00:38.164036,2,2,106.55,0.3,106.4,112,106.2,150,,,,,,,,,,,,,,,,,106.7,102,107.1,4,,,,,,,,,,,,,,,,
2026-07-10T06:00:38.489578+00:00,2026-07-10T06:00:38.489545,2,2,106.55,0.3,106.4,100,106.2,150,,,,,,,,,,,,,,,,,106.7,93,107.1,4,,,,,,,,,,,,,,,,
2026-07-10T06:00:38.500116+00:00,2026-07-10T06:00:38.500041,3,2,106.6,0.2,106.5,12,106.4,100,106.2,150,,,,,,,,,,,,,,,106.7,93,107.1,4,,,,,,,,,,,,,,,,
2026-07-10T06:00:38.505316+00:00,2026-07-10T06:00:38.505259,3,1,106.6,0.2,106.5,12,106.4,100,106.2,150,,,,,,,,,,,,,,,106.7,93,,,,,,,,,,,,,,,,,,
2026-07-10T06:00:38.558610+00:00,2026-07-10T06:00:38.525759,3,2,106.6,0.2,106.5,12,106.4,104,106.2,150,,,,,,,,,,,,,,,106.7,93,106.9,9,,,,,,,,,,,,,,,,
2026-07-10T06:00:38.569247+00:00,2026-07-10T06:00:38.568956,3,2,106.6,0.2,106.5,12,106.4,104,106.2,150,,,,,,,,,,,,,,,106.7,97,106.9,9,,,,,,,,,,,,,,,,
2026-07-10T06:00:39.264221+00:00,2026-07-10T06:00:39.264081,2,2,106.55,0.3,106.4,72,106.2,150,,,,,,,,,,,,,,,,,106.7,97,106.9,9,,,,,,,,,,,,,,,,
2026-07-10T06:00:39.564078+00:00,2026-07-10T06:00:39.564012,2,2,106.55,0.3,106.4,68,106.2,150,,,,,,,,,,,,,,,,,106.7,93,106.9,9,,,,,,,,,,,,,,,,
2026-07-10T06:00:39.569298+00:00,2026-07-10T06:00:39.569254,2,2,106.55,0.3,106.4,72,106.2,150,,,,,,,,,,,,,,,,,106.7,93,106.9,9,,,,,,,,,,,,,,,,
2026-07-10T06:00:39.594777+00:00,2026-07-10T06:00:39.594717,2,2,106.55,0.3,106.4,72,106.2,150,,,,,,,,,,,,,,,,,106.7,97,106.9,9,,,,,,,,,,,,,,,,
2026-07-10T06:00:39.858736+00:00,2026-07-10T06:00:39.827129,2,2,106.55,0.3,106.4,4,106.2,150,,,,,,,,,,,,,,,,,106.7,97,106.9,9,,,,,,,,,,,,,,,,
2026-07-10T06:00:39.885263+00:00,2026-07-10T06:00:39.885385,3,2,106.65,0.1,106.6,100,106.4,4,106.2,150,,,,,,,,,,,,,,,106.7,97,106.9,9,,,,,,,,,,,,,,,,
2026-07-10T06:00:39.936497+00:00,2026-07-10T06:00:39.936606,3,3,106.65,0.1,106.6,100,106.4,4,106.2,150,,,,,,,,,,,,,,,106.7,97,106.9,9,107.1,100,,,,,,,,,,,,,,
2026-07-10T06:00:40.058798+00:00,2026-07-10T06:00:40.036586,3,3,106.65,0.1,106.6,112,106.4,4,106.2,150,,,,,,,,,,,,,,,106.7,97,106.9,12,107.1,100,,,,,,,,,,,,,,
2026-07-10T06:00:40.258577+00:00,2026-07-10T06:00:40.245706,3,3,106.65,0.1,106.6,112,106.4,4,106.2,150,,,,,,,,,,,,,,,106.7,47,106.9,12,107.1,100,,,,,,,,,,,,,,
2026-07-10T06:00:40.564129+00:00,2026-07-10T06:00:40.563917,2,3,106.65,0.1,106.6,112,106.4,4,,,,,,,,,,,,,,,,,106.7,4,106.9,12,107.1,100,,,,,,,,,,,,,,
2026-07-10T06:00:40.658597+00:00,2026-07-10T06:00:40.620185,1,3,106.65,0.1,106.6,266,,,,,,,,,,,,,,,,,,,106.7,4,106.9,12,107.1,100,,,,,,,,,,,,,,
2026-07-10T06:00:40.669064+00:00,2026-07-10T06:00:40.668934,1,1,106.85,0.5,106.6,266,,,,,,,,,,,,,,,,,,,107.1,73,,,,,,,,,,,,,,,,,,
2026-07-10T06:00:40.674256+00:00,2026-07-10T06:00:40.674138,1,1,106.85,0.5,106.6,266,,,,,,,,,,,,,,,,,,,107.1,223,,,,,,,,,,,,,,,,,,
2026-07-10T06:00:41.316650+00:00,2026-07-10T06:00:41.316545,1,1,106.85,0.5,106.6,254,,,,,,,,,,,,,,,,,,,107.1,223,,,,,,,,,,,,,,,,,,
2026-07-10T06:00:41.358911+00:00,2026-07-10T06:00:41.358780,2,1,106.85,0.5,106.6,254,106.5,12,,,,,,,,,,,,,,,,,107.1,223,,,,,,,,,,,,,,,,,,
2026-07-10T06:00:41.364104+00:00,2026-07-10T06:00:41.363962,2,2,106.8,0.4,106.6,254,106.5,12,,,,,,,,,,,,,,,,,107.0,9,107.1,223,,,,,,,,,,,,,,,,
2026-07-10T06:00:41.658651+00:00,2026-07-10T06:00:41.642753,2,2,106.8,0.4,106.6,254,106.5,12,,,,,,,,,,,,,,,,,107.0,13,107.1,223,,,,,,,,,,,,,,,,
2026-07-10T06:00:41.864115+00:00,2026-07-10T06:00:41.864013,2,3,106.75,0.3,106.6,254,106.5,12,,,,,,,,,,,,,,,,,106.9,9,107.0,4,107.1,223,,,,,,,,,,,,,,
2026-07-10T06:00:42.099402+00:00,2026-07-10T06:00:42.099293,2,4,106.65,0.1,106.6,254,106.5,12,,,,,,,,,,,,,,,,,106.7,5,106.9,9,107.0,4,107.1,223,,,,,,,,,,,,
2026-07-10T06:00:42.369555+00:00,2026-07-10T06:00:42.369431,2,1,106.85,0.5,106.6,254,106.5,12,,,,,,,,,,,,,,,,,107.1,191,,,,,,,,,,,,,,,,,,
2026-07-10T06:00:42.669473+00:00,2026-07-10T06:00:42.669415,1,1,106.85,0.5,106.6,266,,,,,,,,,,,,,,,,,,,107.1,191,,,,,,,,,,,,,,,,,,
2026-07-10T06:00:42.674782+00:00,2026-07-10T06:00:42.674736,1,1,106.85,0.5,106.6,266,,,,,,,,,,,,,,,,,,,107.1,195,,,,,,,,,,,,,,,,,,
2026-07-10T06:00:42.992312+00:00,2026-07-10T06:00:42.992264,1,1,106.85,0.5,106.6,166,,,,,,,,,,,,,,,,,,,107.1,154,,,,,,,,,,,,,,,,,,
2026-07-10T06:00:43.069452+00:00,2026-07-10T06:00:43.068954,2,1,107.0,0.2,106.9,100,106.6,166,,,,,,,,,,,,,,,,,107.1,154,,,,,,,,,,,,,,,,,,
2026-07-10T06:00:43.102585+00:00,2026-07-10T06:00:43.102479,2,2,107.0,0.2,106.9,100,106.6,166,,,,,,,,,,,,,,,,,107.1,154,107.4,100,,,,,,,,,,,,,,,,
2026-07-10T06:00:43.470683+00:00,2026-07-10T06:00:43.463575,2,2,107.0,0.2,106.9,97,106.6,166,,,,,,,,,,,,,,,,,107.1,154,107.4,100,,,,,,,,,,,,,,,,
2026-07-10T06:00:43.693251+00:00,2026-07-10T06:00:43.693160,2,2,107.0,0.2,106.9,97,106.6,162,,,,,,,,,,,,,,,,,107.1,154,107.4,100,,,,,,,,,,,,,,,,
2026-07-10T06:00:43.698399+00:00,2026-07-10T06:00:43.698375,2,2,107.0,0.2,106.9,101,106.6,162,,,,,,,,,,,,,,,,,107.1,150,107.4,100,,,,,,,,,,,,,,,,
2026-07-10T06:00:43.703639+00:00,2026-07-10T06:00:43.703547,2,2,107.0,0.2,106.9,101,106.6,162,,,,,,,,,,,,,,,,,107.1,154,107.4,100,,,,,,,,,,,,,,,,
2026-07-10T06:00:43.764262+00:00,2026-07-10T06:00:43.763976,2,2,107.0,0.2,106.9,101,106.6,12,,,,,,,,,,,,,,,,,107.1,4,107.4,100,,,,,,,,,,,,,,,,
2026-07-10T06:00:43.814198+00:00,2026-07-10T06:00:43.814145,2,2,107.0,0.2,106.9,101,106.6,162,,,,,,,,,,,,,,,,,107.1,4,107.4,100,,,,,,,,,,,,,,,,
2026-07-10T06:00:43.858963+00:00,2026-07-10T06:00:43.858894,2,2,107.0,0.2,106.9,101,106.6,162,,,,,,,,,,,,,,,,,107.1,154,107.4,100,,,,,,,,,,,,,,,,
2026-07-10T06:00:44.158655+00:00,2026-07-10T06:00:44.142515,2,2,107.0,0.2,106.9,96,106.6,162,,,,,,,,,,,,,,,,,107.1,154,107.4,100,,,,,,,,,,,,,,,,
2026-07-10T06:00:44.558637+00:00,2026-07-10T06:00:44.528262,2,2,107.0,0.2,106.9,46,106.6,162,,,,,,,,,,,,,,,,,107.1,154,107.4,100,,,,,,,,,,,,,,,,
2026-07-10T06:00:44.741182+00:00,2026-07-10T06:00:44.741023,2,2,107.0,0.2,106.9,42,106.6,162,,,,,,,,,,,,,,,,,107.1,154,107.4,100,,,,,,,,,,,,,,,,
2026-07-10T06:00:44.758655+00:00,2026-07-10T06:00:44.746300,2,2,107.0,0.2,106.9,46,106.6,162,,,,,,,,,,,,,,,,,107.1,150,107.4,100,,,,,,,,,,,,,,,,
2026-07-10T06:00:44.768741+00:00,2026-07-10T06:00:44.768837,2,2,107.0,0.2,106.9,46,106.6,162,,,,,,,,,,,,,,,,,107.1,154,107.4,100,,,,,,,,,,,,,,,,
2026-07-10T06:00:45.124910+00:00,2026-07-10T06:00:45.125087,2,2,107.0,0.2,106.9,41,106.6,162,,,,,,,,,,,,,,,,,107.1,154,107.4,100,,,,,,,,,,,,,,,,
2026-07-10T06:00:45.135421+00:00,2026-07-10T06:00:45.135552,3,2,107.0,0.2,106.9,41,106.6,162,106.5,1,,,,,,,,,,,,,,,107.1,154,107.4,100,,,,,,,,,,,,,,,,
2026-07-10T06:00:45.363933+00:00,2026-07-10T06:00:45.363860,3,2,107.0,0.2,106.9,36,106.6,162,106.5,1,,,,,,,,,,,,,,,107.1,154,107.4,100,,,,,,,,,,,,,,,,
2026-07-10T06:00:45.785642+00:00,2026-07-10T06:00:45.785552,3,2,107.0,0.2,106.9,32,106.6,162,106.5,1,,,,,,,,,,,,,,,107.1,154,107.4,100,,,,,,,,,,,,,,,,
2026-07-10T06:00:45.790864+00:00,2026-07-10T06:00:45.790820,3,2,107.0,0.2,106.9,36,106.6,162,106.5,1,,,,,,,,,,,,,,,107.1,150,107.4,100,,,,,,,,,,,,,,,,
2026-07-10T06:00:45.796149+00:00,2026-07-10T06:00:45.796044,3,2,107.0,0.2,106.9,36,106.6,162,106.5,1,,,,,,,,,,,,,,,107.1,154,107.4,100,,,,,,,,,,,,,,,,
2026-07-10T06:00:46.116363+00:00,2026-07-10T06:00:46.116291,3,2,107.0,0.2,106.9,31,106.6,162,106.5,1,,,,,,,,,,,,,,,107.1,154,107.4,100,,,,,,,,,,,,,,,,
2026-07-10T06:00:46.174803+00:00,2026-07-10T06:00:46.174711,3,1,107.0,0.2,106.9,31,106.6,162,106.5,1,,,,,,,,,,,,,,,107.1,154,,,,,,,,,,,,,,,,,,
2026-07-10T06:00:46.180088+00:00,2026-07-10T06:00:46.179899,3,1,107.0,0.2,106.9,4,106.6,162,106.5,1,,,,,,,,,,,,,,,107.1,154,,,,,,,,,,,,,,,,,,
2026-07-10T06:00:46.190537+00:00,2026-07-10T06:00:46.190383,2,2,106.75,0.3,106.6,162,106.5,1,,,,,,,,,,,,,,,,,106.9,1,107.1,154,,,,,,,,,,,,,,,,
2026-07-10T06:00:46.231808+00:00,2026-07-10T06:00:46.231922,2,2,106.75,0.3,106.6,262,106.5,1,,,,,,,,,,,,,,,,,106.9,1,107.1,154,,,,,,,,,,,,,,,,
2026-07-10T06:00:46.284671+00:00,2026-07-10T06:00:46.284549,2,2,106.75,0.3,106.6,262,106.5,1,,,,,,,,,,,,,,,,,106.9,1,107.1,254,,,,,,,,,,,,,,,,
2026-07-10T06:00:46.372429+00:00,2026-07-10T06:00:46.372406,2,2,106.75,0.3,106.6,250,106.5,13,,,,,,,,,,,,,,,,,106.9,1,107.1,254,,,,,,,,,,,,,,,,
2026-07-10T06:00:46.816111+00:00,2026-07-10T06:00:46.816250,2,2,106.75,0.3,106.6,250,106.5,13,,,,,,,,,,,,,,,,,106.9,1,107.1,250,,,,,,,,,,,,,,,,
2026-07-10T06:00:46.821530+00:00,2026-07-10T06:00:46.821418,2,2,106.75,0.3,106.6,254,106.5,13,,,,,,,,,,,,,,,,,106.9,1,107.1,250,,,,,,,,,,,,,,,,
2026-07-10T06:00:46.826681+00:00,2026-07-10T06:00:46.826574,2,2,106.75,0.3,106.6,254,106.5,13,,,,,,,,,,,,,,,,,106.9,5,107.1,250,,,,,,,,,,,,,,,,
2026-07-10T06:00:46.923270+00:00,2026-07-10T06:00:46.923188,2,2,106.75,0.3,106.6,104,106.5,13,,,,,,,,,,,,,,,,,106.9,5,107.1,100,,,,,,,,,,,,,,,,
2026-07-10T06:00:46.981408+00:00,2026-07-10T06:00:46.981333,2,2,106.75,0.3,106.6,104,106.5,163,,,,,,,,,,,,,,,,,106.9,5,107.1,100,,,,,,,,,,,,,,,,
2026-07-10T06:00:47.063652+00:00,2026-07-10T06:00:47.063764,2,3,106.75,0.3,106.6,104,106.5,163,,,,,,,,,,,,,,,,,106.9,5,107.0,150,107.1,100,,,,,,,,,,,,,,
2026-07-10T06:00:47.459394+00:00,2026-07-10T06:00:47.459149,3,3,106.75,0.3,106.6,104,106.5,151,106.4,12,,,,,,,,,,,,,,,106.9,5,107.0,150,107.1,100,,,,,,,,,,,,,,
2026-07-10T06:00:47.669398+00:00,2026-07-10T06:00:47.669328,2,3,106.75,0.3,106.6,104,106.5,163,,,,,,,,,,,,,,,,,106.9,5,107.0,150,107.1,100,,,,,,,,,,,,,,
2026-07-10T06:00:47.858733+00:00,2026-07-10T06:00:47.858677,2,3,106.75,0.3,106.6,100,106.5,163,,,,,,,,,,,,,,,,,106.9,5,107.0,150,107.1,100,,,,,,,,,,,,,,
2026-07-10T06:00:47.863936+00:00,2026-07-10T06:00:47.863910,2,3,106.75,0.3,106.6,104,106.5,163,,,,,,,,,,,,,,,,,106.9,5,107.0,150,107.1,100,,,,,,,,,,,,,,
2026-07-10T06:00:48.658669+00:00,2026-07-10T06:00:48.632251,2,3,106.75,0.3,106.6,61,106.5,163,,,,,,,,,,,,,,,,,106.9,5,107.0,150,107.1,100,,,,,,,,,,,,,,
2026-07-10T06:00:48.879788+00:00,2026-07-10T06:00:48.879661,2,3,106.75,0.3,106.6,57,106.5,163,,,,,,,,,,,,,,,,,106.9,5,107.0,150,107.1,100,,,,,,,,,,,,,,
2026-07-10T06:00:48.884994+00:00,2026-07-10T06:00:48.884895,2,3,106.75,0.3,106.6,61,106.5,163,,,,,,,,,,,,,,,,,106.9,1,107.0,150,107.1,100,,,,,,,,,,,,,,
2026-07-10T06:00:48.895505+00:00,2026-07-10T06:00:48.895395,2,3,106.75,0.3,106.6,61,106.5,163,,,,,,,,,,,,,,,,,106.9,5,107.0,150,107.1,100,,,,,,,,,,,,,,
2026-07-10T06:00:49.169364+00:00,2026-07-10T06:00:49.169198,2,3,106.75,0.3,106.6,19,106.5,163,,,,,,,,,,,,,,,,,106.9,5,107.0,150,107.1,100,,,,,,,,,,,,,,
2026-07-10T06:00:49.342684+00:00,2026-07-10T06:00:49.342650,2,2,106.75,0.3,106.6,4,106.5,163,,,,,,,,,,,,,,,,,106.9,5,107.0,150,,,,,,,,,,,,,,,,
2026-07-10T06:00:49.394735+00:00,2026-07-10T06:00:49.394612,3,2,106.75,0.3,106.6,4,106.5,163,106.2,100,,,,,,,,,,,,,,,106.9,5,107.0,150,,,,,,,,,,,,,,,,
2026-07-10T06:00:49.464113+00:00,2026-07-10T06:00:49.464011,3,3,106.65,0.1,106.6,4,106.5,163,106.2,100,,,,,,,,,,,,,,,106.7,100,106.9,5,107.0,150,,,,,,,,,,,,,,
2026-07-10T06:00:49.896057+00:00,2026-07-10T06:00:49.896196,3,3,106.65,0.1,106.6,4,106.5,162,106.2,100,,,,,,,,,,,,,,,106.7,100,106.9,5,107.0,150,,,,,,,,,,,,,,
2026-07-10T06:00:49.917126+00:00,2026-07-10T06:00:49.917058,2,3,106.6,0.2,106.5,162,106.2,100,,,,,,,,,,,,,,,,,106.7,100,106.9,1,107.0,150,,,,,,,,,,,,,,
2026-07-10T06:00:49.922328+00:00,2026-07-10T06:00:49.922250,3,3,106.65,0.1,106.6,4,106.5,162,106.2,100,,,,,,,,,,,,,,,106.7,100,106.9,1,107.0,150,,,,,,,,,,,,,,
2026-07-10T06:00:49.927564+00:00,2026-07-10T06:00:49.927454,3,3,106.65,0.1,106.6,4,106.5,162,106.2,100,,,,,,,,,,,,,,,106.7,104,106.9,1,107.0,150,,,,,,,,,,,,,,
2026-07-10T06:00:50.088889+00:00,2026-07-10T06:00:50.088784,3,2,106.65,0.1,106.6,4,106.5,12,106.2,100,,,,,,,,,,,,,,,106.7,104,106.9,1,,,,,,,,,,,,,,,,
2026-07-10T06:00:50.134231+00:00,2026-07-10T06:00:50.134446,3,2,106.65,0.1,106.6,4,106.5,162,106.2,100,,,,,,,,,,,,,,,106.7,104,106.9,1,,,,,,,,,,,,,,,,
2026-07-10T06:00:50.197359+00:00,2026-07-10T06:00:50.197238,3,3,106.65,0.1,106.6,4,106.5,162,106.2,100,,,,,,,,,,,,,,,106.7,104,106.9,1,107.0,150,,,,,,,,,,,,,,
2026-07-10T06:00:50.458604+00:00,2026-07-10T06:00:50.433665,4,3,106.65,0.1,106.6,4,106.5,150,106.4,12,106.2,100,,,,,,,,,,,,,106.7,104,106.9,1,107.0,150,,,,,,,,,,,,,,
2026-07-10T06:00:50.703922+00:00,2026-07-10T06:00:50.703778,4,3,106.65,0.1,106.6,4,106.5,150,106.4,12,106.2,100,,,,,,,,,,,,,106.7,59,106.9,1,107.0,150,,,,,,,,,,,,,,
2026-07-10T06:00:50.958644+00:00,2026-07-10T06:00:50.942073,3,3,106.6,0.2,106.5,150,106.4,12,106.2,100,,,,,,,,,,,,,,,106.7,59,106.9,1,107.0,150,,,,,,,,,,,,,,
2026-07-10T06:00:50.969175+00:00,2026-07-10T06:00:50.969104,4,3,106.65,0.1,106.6,4,106.5,150,106.4,12,106.2,100,,,,,,,,,,,,,106.7,59,106.9,1,107.0,150,,,,,,,,,,,,,,
2026-07-10T06:00:51.510101+00:00,2026-07-10T06:00:51.502656,4,3,106.65,0.1,106.6,4,106.5,150,106.4,12,106.2,100,,,,,,,,,,,,,106.7,45,106.9,1,107.0,150,,,,,,,,,,,,,,
2026-07-10T06:00:51.764294+00:00,2026-07-10T06:00:51.764147,3,3,106.6,0.2,106.5,107,106.4,12,106.2,100,,,,,,,,,,,,,,,106.7,45,106.9,1,107.0,150,,,,,,,,,,,,,,
2026-07-10T06:00:51.979923+00:00,2026-07-10T06:00:51.979787,3,3,106.6,0.2,106.5,111,106.4,12,106.2,100,,,,,,,,,,,,,,,106.7,41,106.9,1,107.0,150,,,,,,,,,,,,,,
2026-07-10T06:00:51.985188+00:00,2026-07-10T06:00:51.985130,3,3,106.6,0.2,106.5,111,106.4,12,106.2,100,,,,,,,,,,,,,,,106.7,45,106.9,1,107.0,150,,,,,,,,,,,,,,
2026-07-10T06:00:52.559338+00:00,2026-07-10T06:00:52.559113,3,3,106.65,0.1,106.6,100,106.5,111,106.4,12,,,,,,,,,,,,,,,106.7,4,106.9,1,107.0,150,,,,,,,,,,,,,,
2026-07-10T06:00:52.659440+00:00,2026-07-10T06:00:52.659211,3,4,106.65,0.1,106.6,100,106.5,111,106.4,12,,,,,,,,,,,,,,,106.7,4,106.9,1,107.0,150,107.1,100,,,,,,,,,,,,
2026-07-10T06:00:52.896033+00:00,2026-07-10T06:00:52.896319,3,2,106.8,0.4,106.6,100,106.5,111,106.4,12,,,,,,,,,,,,,,,107.0,105,107.1,100,,,,,,,,,,,,,,,,
2026-07-10T06:00:53.064082+00:00,2026-07-10T06:00:53.063988,3,2,106.8,0.4,106.6,104,106.5,107,106.4,12,,,,,,,,,,,,,,,107.0,109,107.1,100,,,,,,,,,,,,,,,,
2026-07-10T06:00:53.263667+00:00,2026-07-10T06:00:53.263952,2,2,106.8,0.4,106.6,104,106.4,12,,,,,,,,,,,,,,,,,107.0,4,107.1,100,,,,,,,,,,,,,,,,
2026-07-10T06:00:53.359252+00:00,2026-07-10T06:00:53.358961,3,2,106.8,0.4,106.6,104,106.5,150,106.4,12,,,,,,,,,,,,,,,107.0,154,107.1,100,,,,,,,,,,,,,,,,
2026-07-10T06:00:53.869439+00:00,2026-07-10T06:00:53.869214,3,2,106.8,0.4,106.6,104,106.5,150,106.4,12,,,,,,,,,,,,,,,107.0,113,107.1,100,,,,,,,,,,,,,,,,
2026-07-10T06:00:54.075059+00:00,2026-07-10T06:00:54.074924,3,2,106.8,0.4,106.6,100,106.5,150,106.4,12,,,,,,,,,,,,,,,107.0,113,107.1,100,,,,,,,,,,,,,,,,
2026-07-10T06:00:54.080228+00:00,2026-07-10T06:00:54.080103,3,2,106.8,0.4,106.6,104,106.5,150,106.4,12,,,,,,,,,,,,,,,107.0,113,107.1,100,,,,,,,,,,,,,,,,
2026-07-10T06:00:54.085195+00:00,2026-07-10T06:00:54.085318,3,2,106.8,0.4,106.6,104,106.5,150,106.4,12,,,,,,,,,,,,,,,107.0,117,107.1,100,,,,,,,,,,,,,,,,
2026-07-10T06:00:54.864124+00:00,2026-07-10T06:00:54.863920,3,3,106.75,0.3,106.6,107,106.5,150,106.4,12,,,,,,,,,,,,,,,106.9,3,107.0,117,107.1,100,,,,,,,,,,,,,,
2026-07-10T06:00:55.069918+00:00,2026-07-10T06:00:55.069824,3,3,106.75,0.3,106.6,57,106.5,150,106.4,12,,,,,,,,,,,,,,,106.9,3,107.0,117,107.1,100,,,,,,,,,,,,,,
2026-07-10T06:00:55.158864+00:00,2026-07-10T06:00:55.105698,3,3,106.75,0.3,106.6,57,106.5,150,106.4,12,,,,,,,,,,,,,,,106.9,7,107.0,113,107.1,100,,,,,,,,,,,,,,
2026-07-10T06:00:55.569608+00:00,2026-07-10T06:00:55.569205,2,3,106.75,0.3,106.6,69,106.5,150,,,,,,,,,,,,,,,,,106.9,7,107.0,113,107.1,100,,,,,,,,,,,,,,
2026-07-10T06:00:55.669370+00:00,2026-07-10T06:00:55.669291,2,2,106.75,0.3,106.6,19,106.5,150,,,,,,,,,,,,,,,,,106.9,7,107.0,113,,,,,,,,,,,,,,,,
2026-07-10T06:00:55.764246+00:00,2026-07-10T06:00:55.764043,3,2,106.75,0.3,106.6,19,106.5,150,106.3,100,,,,,,,,,,,,,,,106.9,5,107.0,113,,,,,,,,,,,,,,,,
2026-07-10T06:00:55.779543+00:00,2026-07-10T06:00:55.779428,3,3,106.7,0.2,106.6,19,106.5,150,106.3,100,,,,,,,,,,,,,,,106.8,100,106.9,5,107.0,113,,,,,,,,,,,,,,
2026-07-10T06:00:56.115477+00:00,2026-07-10T06:00:56.135176,3,3,106.7,0.2,106.6,19,106.5,150,106.3,100,,,,,,,,,,,,,,,106.8,100,106.9,1,107.0,113,,,,,,,,,,,,,,
2026-07-10T06:00:56.163693+00:00,2026-07-10T06:00:56.163882,3,3,106.7,0.2,106.6,19,106.5,150,106.3,100,,,,,,,,,,,,,,,106.8,104,106.9,1,107.0,113,,,,,,,,,,,,,,
2026-07-10T06:00:56.458815+00:00,2026-07-10T06:00:56.413533,2,2,106.7,0.2,106.6,19,106.3,100,,,,,,,,,,,,,,,,,106.8,104,106.9,1,,,,,,,,,,,,,,,,
2026-07-10T06:00:56.493520+00:00,2026-07-10T06:00:56.484925,3,2,106.75,0.1,106.7,146,106.6,19,106.3,100,,,,,,,,,,,,,,,106.8,104,106.9,1,,,,,,,,,,,,,,,,
2026-07-10T06:00:56.558745+00:00,2026-07-10T06:00:56.524038,3,3,106.75,0.1,106.7,146,106.6,19,106.3,100,,,,,,,,,,,,,,,106.8,104,106.9,1,107.2,150,,,,,,,,,,,,,,
2026-07-10T06:00:56.783301+00:00,2026-07-10T06:00:56.777195,3,3,106.75,0.1,106.7,146,106.6,19,106.3,100,,,,,,,,,,,,,,,106.8,55,106.9,1,107.2,150,,,,,,,,,,,,,,
2026-07-10T06:00:57.069810+00:00,2026-07-10T06:00:57.069724,3,3,106.75,0.1,106.7,158,106.6,7,106.3,100,,,,,,,,,,,,,,,106.8,55,106.9,1,107.2,150,,,,,,,,,,,,,,
2026-07-10T06:00:57.164202+00:00,2026-07-10T06:00:57.164098,3,3,106.75,0.1,106.7,158,106.6,3,106.3,100,,,,,,,,,,,,,,,106.8,55,106.9,1,107.2,150,,,,,,,,,,,,,,
2026-07-10T06:00:57.169449+00:00,2026-07-10T06:00:57.169398,3,3,106.75,0.1,106.7,162,106.6,3,106.3,100,,,,,,,,,,,,,,,106.8,51,106.9,1,107.2,150,,,,,,,,,,,,,,
2026-07-10T06:00:57.174686+00:00,2026-07-10T06:00:57.174580,3,3,106.75,0.1,106.7,162,106.6,3,106.3,100,,,,,,,,,,,,,,,106.8,55,106.9,1,107.2,150,,,,,,,,,,,,,,
2026-07-10T06:00:57.964205+00:00,2026-07-10T06:00:57.964096,3,2,106.75,0.1,106.7,162,106.6,3,106.3,100,,,,,,,,,,,,,,,106.8,55,107.2,150,,,,,,,,,,,,,,,,
2026-07-10T06:00:58.190316+00:00,2026-07-10T06:00:58.190275,3,2,106.75,0.1,106.7,158,106.6,3,106.3,100,,,,,,,,,,,,,,,106.8,55,107.2,150,,,,,,,,,,,,,,,,
2026-07-10T06:00:58.195561+00:00,2026-07-10T06:00:58.195474,3,2,106.75,0.1,106.7,158,106.6,3,106.3,100,,,,,,,,,,,,,,,106.8,51,107.2,150,,,,,,,,,,,,,,,,
2026-07-10T06:00:58.258797+00:00,2026-07-10T06:00:58.258710,3,2,106.75,0.1,106.7,162,106.6,3,106.3,100,,,,,,,,,,,,,,,106.8,55,107.2,150,,,,,,,,,,,,,,,,
2026-07-10T06:00:58.363881+00:00,2026-07-10T06:00:58.363820,3,2,106.75,0.1,106.7,150,106.6,15,106.3,100,,,,,,,,,,,,,,,106.8,55,107.2,150,,,,,,,,,,,,,,,,
2026-07-10T06:00:58.864338+00:00,2026-07-10T06:00:58.863909,2,2,106.75,0.1,106.7,150,106.6,15,,,,,,,,,,,,,,,,,106.8,4,107.2,150,,,,,,,,,,,,,,,,
2026-07-10T06:00:58.890505+00:00,2026-07-10T06:00:58.890433,3,2,106.75,0.1,106.7,150,106.6,15,106.5,100,,,,,,,,,,,,,,,106.8,4,107.2,150,,,,,,,,,,,,,,,,
2026-07-10T06:00:58.963674+00:00,2026-07-10T06:00:58.963829,3,3,106.75,0.1,106.7,150,106.6,15,106.5,100,,,,,,,,,,,,,,,106.8,4,107.0,100,107.2,150,,,,,,,,,,,,,,
2026-07-10T06:00:59.268699+00:00,2026-07-10T06:00:59.268914,3,3,106.75,0.1,106.7,150,106.6,15,106.5,100,,,,,,,,,,,,,,,106.8,4,107.0,100,107.2,150,,,,,,,,,,,,,,
2026-07-10T06:00:59.288362+00:00,2026-07-10T06:00:59.288312,3,3,106.75,0.1,106.7,100,106.6,15,106.5,100,,,,,,,,,,,,,,,106.8,4,107.0,100,107.2,150,,,,,,,,,,,,,,
2026-07-10T06:00:59.587556+00:00,2026-07-10T06:00:59.587916,3,2,106.75,0.1,106.7,100,106.6,15,106.5,100,,,,,,,,,,,,,,,106.8,4,107.0,100,,,,,,,,,,,,,,,,
2026-07-10T06:00:59.593363+00:00,2026-07-10T06:00:59.593163,3,2,106.75,0.1,106.7,4,106.6,15,106.5,100,,,,,,,,,,,,,,,106.8,4,107.0,100,,,,,,,,,,,,,,,,
2026-07-10T06:00:59.658565+00:00,2026-07-10T06:00:59.637404,3,2,106.75,0.1,106.7,4,106.6,15,106.5,250,,,,,,,,,,,,,,,106.8,4,107.0,100,,,,,,,,,,,,,,,,
2026-07-10T06:00:59.758644+00:00,2026-07-10T06:00:59.696770,3,2,106.75,0.1,106.7,4,106.6,15,106.5,250,,,,,,,,,,,,,,,106.8,4,107.0,250,,,,,,,,,,,,,,,,
2026-07-10T06:01:00.179557+00:00,2026-07-10T06:01:00.179315,3,2,106.75,0.1,106.7,4,106.6,3,106.5,262,,,,,,,,,,,,,,,106.8,4,107.0,250,,,,,,,,,,,,,,,,
2026-07-10T06:01:00.280914+00:00,2026-07-10T06:01:00.280678,2,1,106.8,0.4,106.6,3,106.5,262,,,,,,,,,,,,,,,,,107.0,250,,,,,,,,,,,,,,,,,,
2026-07-10T06:01:00.292146+00:00,2026-07-10T06:01:00.292352,3,1,106.85,0.3,106.7,4,106.6,3,106.5,262,,,,,,,,,,,,,,,107.0,250,,,,,,,,,,,,,,,,,,
2026-07-10T06:01:00.358656+00:00,2026-07-10T06:01:00.297619,3,2,106.75,0.1,106.7,4,106.6,3,106.5,262,,,,,,,,,,,,,,,106.8,4,107.0,250,,,,,,,,,,,,,,,,
2026-07-10T06:01:00.634947+00:00,2026-07-10T06:01:00.634859,3,2,106.75,0.1,106.7,16,106.6,3,106.5,250,,,,,,,,,,,,,,,106.8,4,107.0,250,,,,,,,,,,,,,,,,
2026-07-10T06:01:01.158672+00:00,2026-07-10T06:01:01.138155,3,2,106.75,0.1,106.7,16,106.6,3,106.5,250,,,,,,,,,,,,,,,106.8,4,107.0,250,,,,,,,,,,,,,,,,
2026-07-10T06:01:01.334121+00:00,2026-07-10T06:01:01.334008,3,2,106.75,0.1,106.7,12,106.6,3,106.5,250,,,,,,,,,,,,,,,106.8,4,107.0,250,,,,,,,,,,,,,,,,
2026-07-10T06:01:01.358740+00:00,2026-07-10T06:01:01.358707,3,1,106.85,0.3,106.7,16,106.6,3,106.5,250,,,,,,,,,,,,,,,107.0,250,,,,,,,,,,,,,,,,,,
2026-07-10T06:01:01.364041+00:00,2026-07-10T06:01:01.363909,3,2,106.75,0.1,106.7,16,106.6,3,106.5,250,,,,,,,,,,,,,,,106.8,4,107.0,250,,,,,,,,,,,,,,,,
2026-07-10T06:01:01.999230+00:00,2026-07-10T06:01:01.999067,3,2,106.75,0.1,106.7,16,106.6,3,106.5,250,,,,,,,,,,,,,,,106.8,4,107.0,150,,,,,,,,,,,,,,,,
2026-07-10T06:01:02.004413+00:00,2026-07-10T06:01:02.004300,3,2,106.75,0.1,106.7,16,106.6,3,106.5,150,,,,,,,,,,,,,,,106.8,4,107.0,150,,,,,,,,,,,,,,,,
2026-07-10T06:01:02.063953+00:00,2026-07-10T06:01:02.063868,3,2,106.75,0.1,106.7,116,106.6,3,106.5,150,,,,,,,,,,,,,,,106.8,4,107.0,150,,,,,,,,,,,,,,,,
2026-07-10T06:01:02.111355+00:00,2026-07-10T06:01:02.111218,3,3,106.75,0.1,106.7,116,106.6,3,106.5,150,,,,,,,,,,,,,,,106.8,4,107.0,150,107.2,100,,,,,,,,,,,,,,
2026-07-10T06:01:02.374441+00:00,2026-07-10T06:01:02.374385,3,2,106.85,0.3,106.7,112,106.6,3,106.5,150,,,,,,,,,,,,,,,107.0,150,107.2,100,,,,,,,,,,,,,,,,
2026-07-10T06:01:02.379700+00:00,2026-07-10T06:01:02.379593,3,2,106.85,0.3,106.7,116,106.6,3,106.5,150,,,,,,,,,,,,,,,107.0,150,107.2,100,,,,,,,,,,,,,,,,
2026-07-10T06:01:02.384838+00:00,2026-07-10T06:01:02.384805,3,3,106.75,0.1,106.7,116,106.6,3,106.5,150,,,,,,,,,,,,,,,106.8,4,107.0,150,107.2,100,,,,,,,,,,,,,,
2026-07-10T06:01:02.569530+00:00,2026-07-10T06:01:02.569230,3,3,106.75,0.1,106.7,76,106.6,3,106.5,150,,,,,,,,,,,,,,,106.8,4,107.0,150,107.2,100,,,,,,,,,,,,,,
2026-07-10T06:01:02.759540+00:00,2026-07-10T06:01:02.758698,2,2,106.75,0.1,106.7,76,106.6,3,,,,,,,,,,,,,,,,,106.8,4,107.2,100,,,,,,,,,,,,,,,,
2026-07-10T06:01:02.816126+00:00,2026-07-10T06:01:02.816008,3,1,107.05,0.3,106.9,146,106.7,76,106.6,3,,,,,,,,,,,,,,,107.2,100,,,,,,,,,,,,,,,,,,
2026-07-10T06:01:02.886146+00:00,2026-07-10T06:01:02.877047,3,2,107.05,0.3,106.9,139,106.7,76,106.6,3,,,,,,,,,,,,,,,107.2,100,107.4,150,,,,,,,,,,,,,,,,
2026-07-10T06:01:03.400803+00:00,2026-07-10T06:01:03.400999,3,2,107.05,0.3,106.9,143,106.7,72,106.6,3,,,,,,,,,,,,,,,107.2,100,107.4,150,,,,,,,,,,,,,,,,
2026-07-10T06:01:03.406292+00:00,2026-07-10T06:01:03.406214,3,2,107.05,0.3,106.9,143,106.7,72,106.6,3,,,,,,,,,,,,,,,107.2,104,107.4,150,,,,,,,,,,,,,,,,
2026-07-10T06:01:03.513728+00:00,2026-07-10T06:01:03.513650,3,2,107.05,0.3,106.9,93,106.7,72,106.6,3,,,,,,,,,,,,,,,107.2,104,107.4,150,,,,,,,,,,,,,,,,
2026-07-10T06:01:03.664039+00:00,2026-07-10T06:01:03.663989,4,2,107.05,0.3,106.9,93,106.8,12,106.7,72,106.6,3,,,,,,,,,,,,,107.2,116,107.4,150,,,,,,,,,,,,,,,,
2026-07-10T06:01:03.758634+00:00,2026-07-10T06:01:03.742576,4,2,107.05,0.3,106.9,93,106.8,12,106.7,72,106.6,3,,,,,,,,,,,,,107.2,73,107.4,150,,,,,,,,,,,,,,,,
2026-07-10T06:01:04.424629+00:00,2026-07-10T06:01:04.424521,4,2,107.05,0.3,106.9,89,106.8,12,106.7,72,106.6,3,,,,,,,,,,,,,107.2,73,107.4,150,,,,,,,,,,,,,,,,
2026-07-10T06:01:04.429605+00:00,2026-07-10T06:01:04.429736,4,2,107.05,0.3,106.9,93,106.8,12,106.7,72,106.6,3,,,,,,,,,,,,,107.2,69,107.4,150,,,,,,,,,,,,,,,,
2026-07-10T06:01:04.458593+00:00,2026-07-10T06:01:04.434915,4,2,107.05,0.3,106.9,93,106.8,12,106.7,72,106.6,3,,,,,,,,,,,,,107.2,73,107.4,150,,,,,,,,,,,,,,,,
2026-07-10T06:01:05.164089+00:00,2026-07-10T06:01:05.163964,3,2,107.05,0.3,106.9,93,106.8,12,106.6,3,,,,,,,,,,,,,,,107.2,16,107.4,150,,,,,,,,,,,,,,,,
2026-07-10T06:01:05.216293+00:00,2026-07-10T06:01:05.216398,3,2,107.05,0.3,106.9,193,106.8,12,106.6,3,,,,,,,,,,,,,,,107.2,16,107.4,150,,,,,,,,,,,,,,,,
2026-07-10T06:01:05.274469+00:00,2026-07-10T06:01:05.274350,3,2,107.05,0.3,106.9,193,106.8,12,106.6,3,,,,,,,,,,,,,,,107.2,16,107.4,250,,,,,,,,,,,,,,,,
2026-07-10T06:01:05.458607+00:00,2026-07-10T06:01:05.456280,3,2,107.05,0.3,106.9,193,106.8,12,106.6,3,,,,,,,,,,,,,,,107.2,16,107.4,250,,,,,,,,,,,,,,,,
2026-07-10T06:01:05.624883+00:00,2026-07-10T06:01:05.624801,3,2,107.05,0.3,106.9,143,106.8,12,106.6,3,,,,,,,,,,,,,,,107.2,16,107.4,250,,,,,,,,,,,,,,,,
2026-07-10T06:01:05.925268+00:00,2026-07-10T06:01:05.925135,3,2,107.05,0.3,106.9,104,106.8,12,106.6,3,,,,,,,,,,,,,,,107.2,16,107.4,100,,,,,,,,,,,,,,,,
2026-07-10T06:01:05.982549+00:00,2026-07-10T06:01:05.982439,4,2,107.05,0.3,106.9,104,106.8,12,106.6,3,106.3,150,,,,,,,,,,,,,107.2,16,107.4,100,,,,,,,,,,,,,,,,
2026-07-10T06:01:06.044499+00:00,2026-07-10T06:01:06.044377,2,3,106.7,0.2,106.6,3,106.3,150,,,,,,,,,,,,,,,,,106.8,34,107.2,16,107.4,100,,,,,,,,,,,,,,
2026-07-10T06:01:06.208688+00:00,2026-07-10T06:01:06.204924,3,3,106.75,0.1,106.7,12,106.6,3,106.3,150,,,,,,,,,,,,,,,106.8,23,107.2,4,107.4,100,,,,,,,,,,,,,,
2026-07-10T06:01:06.230911+00:00,2026-07-10T06:01:06.218916,3,4,106.75,0.1,106.7,12,106.6,3,106.3,150,,,,,,,,,,,,,,,106.8,11,107.1,12,107.2,4,107.4,100,,,,,,,,,,,,
2026-07-10T06:01:06.358648+00:00,2026-07-10T06:01:06.357841,3,3,106.9,0.4,106.7,12,106.6,3,106.3,150,,,,,,,,,,,,,,,107.1,12,107.2,4,107.4,100,,,,,,,,,,,,,,
2026-07-10T06:01:06.495211+00:00,2026-07-10T06:01:06.495095,3,2,106.9,0.4,106.7,12,106.6,3,106.3,150,,,,,,,,,,,,,,,107.1,12,107.4,100,,,,,,,,,,,,,,,,
2026-07-10T06:01:06.500186+00:00,2026-07-10T06:01:06.500329,3,2,106.9,0.4,106.7,16,106.6,3,106.3,150,,,,,,,,,,,,,,,107.1,16,107.4,100,,,,,,,,,,,,,,,,
2026-07-10T06:01:07.569361+00:00,2026-07-10T06:01:07.569220,3,2,106.9,0.4,106.7,16,106.6,3,106.3,150,,,,,,,,,,,,,,,107.1,16,107.4,100,,,,,,,,,,,,,,,,
2026-07-10T06:01:07.741400+00:00,2026-07-10T06:01:07.741303,1,2,106.7,0.8,106.3,119,,,,,,,,,,,,,,,,,,,107.1,16,107.4,100,,,,,,,,,,,,,,,,
2026-07-10T06:01:07.758622+00:00,2026-07-10T06:01:07.752877,2,2,106.9,0.4,106.7,6,106.3,119,,,,,,,,,,,,,,,,,107.1,16,107.4,100,,,,,,,,,,,,,,,,
2026-07-10T06:01:08.254305+00:00,2026-07-10T06:01:08.254230,2,2,106.9,0.4,106.7,18,106.3,119,,,,,,,,,,,,,,,,,107.1,4,107.4,100,,,,,,,,,,,,,,,,
2026-07-10T06:01:08.259430+00:00,2026-07-10T06:01:08.259390,2,3,106.85,0.3,106.7,18,106.3,119,,,,,,,,,,,,,,,,,107.0,12,107.1,4,107.4,100,,,,,,,,,,,,,,
2026-07-10T06:01:08.332570+00:00,2026-07-10T06:01:08.332498,2,2,106.85,0.3,106.7,18,106.3,119,,,,,,,,,,,,,,,,,107.0,12,107.1,4,,,,,,,,,,,,,,,,
2026-07-10T06:01:08.381049+00:00,2026-07-10T06:01:08.380996,3,2,106.85,0.3,106.7,18,106.5,100,106.3,119,,,,,,,,,,,,,,,107.0,12,107.1,4,,,,,,,,,,,,,,,,
2026-07-10T06:01:08.436020+00:00,2026-07-10T06:01:08.435947,3,2,106.85,0.3,106.7,18,106.5,100,106.3,119,,,,,,,,,,,,,,,107.0,112,107.1,4,,,,,,,,,,,,,,,,
2026-07-10T06:01:08.600400+00:00,2026-07-10T06:01:08.600374,3,1,106.85,0.3,106.7,22,106.5,100,106.3,119,,,,,,,,,,,,,,,107.0,112,,,,,,,,,,,,,,,,,,
2026-07-10T06:01:08.605605+00:00,2026-07-10T06:01:08.605537,3,1,106.85,0.3,106.7,22,106.5,100,106.3,119,,,,,,,,,,,,,,,107.0,116,,,,,,,,,,,,,,,,,,
2026-07-10T06:01:09.018474+00:00,2026-07-10T06:01:09.018362,3,1,106.85,0.3,106.7,10,106.5,100,106.3,119,,,,,,,,,,,,,,,107.0,104,,,,,,,,,,,,,,,,,,
2026-07-10T06:01:09.028808+00:00,2026-07-10T06:01:09.028746,4,1,106.9,0.2,106.8,12,106.7,10,106.5,100,106.3,119,,,,,,,,,,,,,107.0,104,,,,,,,,,,,,,,,,,,
2026-07-10T06:01:09.034041+00:00,2026-07-10T06:01:09.033920,4,2,106.9,0.2,106.8,12,106.7,10,106.5,100,106.3,119,,,,,,,,,,,,,107.0,104,107.2,12,,,,,,,,,,,,,,,,
2026-07-10T06:01:09.101383+00:00,2026-07-10T06:01:09.101324,3,2,106.9,0.2,106.8,12,106.7,10,106.5,100,,,,,,,,,,,,,,,107.0,104,107.2,12,,,,,,,,,,,,,,,,
2026-07-10T06:01:09.184944+00:00,2026-07-10T06:01:09.184798,4,1,107.1,0.2,107.0,46,106.8,12,106.7,10,106.5,100,,,,,,,,,,,,,107.2,12,,,,,,,,,,,,,,,,,,
2026-07-10T06:01:09.195451+00:00,2026-07-10T06:01:09.195336,3,1,107.0,0.4,106.8,11,106.7,10,106.5,100,,,,,,,,,,,,,,,107.2,12,,,,,,,,,,,,,,,,,,
2026-07-10T06:01:09.249841+00:00,2026-07-10T06:01:09.249751,3,2,107.0,0.4,106.8,11,106.7,10,106.5,100,,,,,,,,,,,,,,,107.2,12,107.5,150,,,,,,,,,,,,,,,,
2026-07-10T06:01:09.505648+00:00,2026-07-10T06:01:09.505883,3,2,107.0,0.4,106.8,11,106.7,9,106.5,100,,,,,,,,,,,,,,,107.2,12,107.5,150,,,,,,,,,,,,,,,,
2026-07-10T06:01:09.564401+00:00,2026-07-10T06:01:09.564246,3,2,107.05,0.3,106.9,12,106.7,9,106.5,100,,,,,,,,,,,,,,,107.2,12,107.5,150,,,,,,,,,,,,,,,,
2026-07-10T06:01:09.624494+00:00,2026-07-10T06:01:09.624440,3,2,107.05,0.3,106.9,16,106.7,5,106.5,100,,,,,,,,,,,,,,,107.2,12,107.5,150,,,,,,,,,,,,,,,,
2026-07-10T06:01:09.629643+00:00,2026-07-10T06:01:09.629617,3,2,107.05,0.3,106.9,16,106.7,5,106.5,100,,,,,,,,,,,,,,,107.2,16,107.5,150,,,,,,,,,,,,,,,,
2026-07-10T06:01:09.671787+00:00,2026-07-10T06:01:09.671642,3,1,107.2,0.6,106.9,16,106.7,5,106.5,100,,,,,,,,,,,,,,,107.5,150,,,,,,,,,,,,,,,,,,
2026-07-10T06:01:09.730717+00:00,2026-07-10T06:01:09.730658,1,1,107.0,1.0,106.5,100,,,,,,,,,,,,,,,,,,,107.5,150,,,,,,,,,,,,,,,,,,
2026-07-10T06:01:09.795613+00:00,2026-07-10T06:01:09.795549,2,1,107.1,0.8,106.7,5,106.5,100,,,,,,,,,,,,,,,,,107.5,150,,,,,,,,,,,,,,,,,,
2026-07-10T06:01:09.817787+00:00,2026-07-10T06:01:09.817757,3,2,107.1,0.6,106.8,12,106.7,5,106.5,100,,,,,,,,,,,,,,,107.4,12,107.5,150,,,,,,,,,,,,,,,,
2026-07-10T06:01:09.863979+00:00,2026-07-10T06:01:09.863943,1,2,106.95,0.9,106.5,67,,,,,,,,,,,,,,,,,,,107.4,12,107.5,150,,,,,,,,,,,,,,,,
2026-07-10T06:01:10.358703+00:00,2026-07-10T06:01:10.336917,1,1,107.0,1.0,106.5,67,,,,,,,,,,,,,,,,,,,107.5,150,,,,,,,,,,,,,,,,,,
2026-07-10T06:01:10.379953+00:00,2026-07-10T06:01:10.379844,2,1,107.05,0.9,106.6,12,106.5,67,,,,,,,,,,,,,,,,,107.5,150,,,,,,,,,,,,,,,,,,
2026-07-10T06:01:10.385109+00:00,2026-07-10T06:01:10.385046,2,2,106.95,0.7,106.6,12,106.5,67,,,,,,,,,,,,,,,,,107.3,12,107.5,150,,,,,,,,,,,,,,,,
2026-07-10T06:01:10.658731+00:00,2026-07-10T06:01:10.647717,2,2,106.95,0.7,106.6,16,106.5,67,,,,,,,,,,,,,,,,,107.3,16,107.5,150,,,,,,,,,,,,,,,,
2026-07-10T06:01:10.721909+00:00,2026-07-10T06:01:10.721860,2,1,107.05,0.9,106.6,16,106.5,67,,,,,,,,,,,,,,,,,107.5,125,,,,,,,,,,,,,,,,,,
2026-07-10T06:01:10.805961+00:00,2026-07-10T06:01:10.805730,3,1,107.1,0.8,106.7,5,106.6,16,106.5,67,,,,,,,,,,,,,,,107.5,125,,,,,,,,,,,,,,,,,,
2026-07-10T06:01:10.892151+00:00,2026-07-10T06:01:10.892120,4,1,107.15,0.7,106.8,12,106.7,5,106.6,4,106.5,67,,,,,,,,,,,,,107.5,125,,,,,,,,,,,,,,,,,,
2026-07-10T06:01:10.897393+00:00,2026-07-10T06:01:10.897295,4,2,107.1,0.6,106.8,12,106.7,5,106.6,4,106.5,67,,,,,,,,,,,,,107.4,12,107.5,125,,,,,,,,,,,,,,,,
2026-07-10T06:01:11.364393+00:00,2026-07-10T06:01:11.364132,1,2,106.95,0.9,106.5,44,,,,,,,,,,,,,,,,,,,107.4,12,107.5,125,,,,,,,,,,,,,,,,
2026-07-10T06:01:11.414379+00:00,2026-07-10T06:01:11.414351,2,1,107.05,0.9,106.6,12,106.5,44,,,,,,,,,,,,,,,,,107.5,125,,,,,,,,,,,,,,,,,,
2026-07-10T06:01:11.424709+00:00,2026-07-10T06:01:11.424796,2,2,106.95,0.7,106.6,12,106.5,44,,,,,,,,,,,,,,,,,107.3,12,107.5,125,,,,,,,,,,,,,,,,
2026-07-10T06:01:11.430189+00:00,2026-07-10T06:01:11.430057,2,2,106.95,0.7,106.6,1,106.5,44,,,,,,,,,,,,,,,,,107.3,12,107.5,125,,,,,,,,,,,,,,,,
2026-07-10T06:01:11.493250+00:00,2026-07-10T06:01:11.493138,1,2,106.95,0.7,106.6,1,,,,,,,,,,,,,,,,,,,107.3,12,107.5,125,,,,,,,,,,,,,,,,
2026-07-10T06:01:11.547341+00:00,2026-07-10T06:01:11.547279,3,2,107.05,0.5,106.8,100,106.7,5,106.6,1,,,,,,,,,,,,,,,107.3,12,107.5,125,,,,,,,,,,,,,,,,
2026-07-10T06:01:11.595749+00:00,2026-07-10T06:01:11.595664,3,2,107.05,0.5,106.8,100,106.7,5,106.6,1,,,,,,,,,,,,,,,107.3,112,107.5,125,,,,,,,,,,,,,,,,
2026-07-10T06:01:11.670927+00:00,2026-07-10T06:01:11.670856,3,2,107.05,0.5,106.8,104,106.7,5,106.6,1,,,,,,,,,,,,,,,107.3,112,107.5,125,,,,,,,,,,,,,,,,
2026-07-10T06:01:11.675961+00:00,2026-07-10T06:01:11.676050,3,2,107.05,0.5,106.8,104,106.7,5,106.6,1,,,,,,,,,,,,,,,107.3,116,107.5,125,,,,,,,,,,,,,,,,
2026-07-10T06:01:11.691628+00:00,2026-07-10T06:01:11.691526,2,2,107.05,0.5,106.8,104,106.7,5,,,,,,,,,,,,,,,,,107.3,104,107.5,125,,,,,,,,,,,,,,,,
2026-07-10T06:01:11.696614+00:00,2026-07-10T06:01:11.696699,2,2,107.05,0.5,106.8,116,106.7,5,,,,,,,,,,,,,,,,,107.3,104,107.5,125,,,,,,,,,,,,,,,,
2026-07-10T06:01:11.702017+00:00,2026-07-10T06:01:11.701872,2,3,107.0,0.4,106.8,116,106.7,5,,,,,,,,,,,,,,,,,107.2,12,107.3,104,107.5,125,,,,,,,,,,,,,,
2026-07-10T06:01:11.968917+00:00,2026-07-10T06:01:11.969039,2,3,107.0,0.4,106.8,66,106.7,5,,,,,,,,,,,,,,,,,107.2,12,107.3,104,107.5,125,,,,,,,,,,,,,,
2026-07-10T06:01:12.305709+00:00,2026-07-10T06:01:12.305607,2,2,107.0,0.4,106.8,66,106.7,5,,,,,,,,,,,,,,,,,107.2,12,107.3,104,,,,,,,,,,,,,,,,
2026-07-10T06:01:12.364015+00:00,2026-07-10T06:01:12.363798,3,2,107.0,0.4,106.8,66,106.7,5,106.5,150,,,,,,,,,,,,,,,107.2,12,107.3,104,,,,,,,,,,,,,,,,
2026-07-10T06:01:12.413139+00:00,2026-07-10T06:01:12.413350,3,3,106.9,0.2,106.8,66,106.7,5,106.5,150,,,,,,,,,,,,,,,107.0,150,107.2,12,107.3,104,,,,,,,,,,,,,,
2026-07-10T06:01:12.701269+00:00,2026-07-10T06:01:12.701203,3,3,106.9,0.2,106.8,62,106.7,5,106.5,150,,,,,,,,,,,,,,,107.0,150,107.2,12,107.3,100,,,,,,,,,,,,,,
2026-07-10T06:01:12.706440+00:00,2026-07-10T06:01:12.706415,3,3,106.9,0.2,106.8,66,106.7,5,106.5,150,,,,,,,,,,,,,,,107.0,150,107.2,12,107.3,100,,,,,,,,,,,,,,
2026-07-10T06:01:12.716899+00:00,2026-07-10T06:01:12.716874,3,3,106.9,0.2,106.8,66,106.7,5,106.5,150,,,,,,,,,,,,,,,107.0,154,107.2,12,107.3,100,,,,,,,,,,,,,,
2026-07-10T06:01:12.758662+00:00,2026-07-10T06:01:12.735901,3,3,106.9,0.2,106.8,66,106.7,5,106.5,150,,,,,,,,,,,,,,,107.0,155,107.2,12,107.3,100,,,,,,,,,,,,,,
2026-07-10T06:01:13.468983+00:00,2026-07-10T06:01:13.468882,3,3,106.9,0.2,106.8,54,106.7,5,106.5,150,,,,,,,,,,,,,,,107.0,155,107.2,12,107.3,100,,,,,,,,,,,,,,
2026-07-10T06:01:13.473998+00:00,2026-07-10T06:01:13.474095,3,2,106.9,0.2,106.8,54,106.7,5,106.5,150,,,,,,,,,,,,,,,107.0,155,107.3,100,,,,,,,,,,,,,,,,
2026-07-10T06:01:13.485508+00:00,2026-07-10T06:01:13.485445,3,2,106.9,0.2,106.8,66,106.7,5,106.5,150,,,,,,,,,,,,,,,107.0,155,107.3,100,,,,,,,,,,,,,,,,
2026-07-10T06:01:13.490549+00:00,2026-07-10T06:01:13.490642,3,3,106.9,0.2,106.8,66,106.7,5,106.5,150,,,,,,,,,,,,,,,107.0,155,107.1,12,107.3,100,,,,,,,,,,,,,,
2026-07-10T06:01:13.758586+00:00,2026-07-10T06:01:13.742276,3,3,106.9,0.2,106.8,66,106.7,5,106.5,150,,,,,,,,,,,,,,,107.0,155,107.1,12,107.3,100,,,,,,,,,,,,,,
2026-07-10T06:01:13.814988+00:00,2026-07-10T06:01:13.814924,3,3,106.9,0.2,106.8,66,106.7,4,106.5,150,,,,,,,,,,,,,,,107.0,155,107.1,12,107.3,100,,,,,,,,,,,,,,
2026-07-10T06:01:14.085075+00:00,2026-07-10T06:01:14.078161,3,3,106.9,0.2,106.8,16,106.7,4,106.5,150,,,,,,,,,,,,,,,107.0,144,107.1,12,107.3,100,,,,,,,,,,,,,,
2026-07-10T06:01:14.246122+00:00,2026-07-10T06:01:14.251295,4,2,106.95,0.1,106.9,12,106.8,4,106.7,4,106.5,150,,,,,,,,,,,,,107.0,144,107.3,112,,,,,,,,,,,,,,,,
2026-07-10T06:01:14.445700+00:00,2026-07-10T06:01:14.445605,4,2,106.95,0.1,106.9,12,106.8,4,106.7,4,106.5,150,,,,,,,,,,,,,107.0,89,107.3,112,,,,,,,,,,,,,,,,
2026-07-10T06:01:14.668962+00:00,2026-07-10T06:01:14.668888,4,2,106.95,0.1,106.9,12,106.8,4,106.7,4,106.5,150,,,,,,,,,,,,,107.0,89,107.3,12,,,,,,,,,,,,,,,,
2026-07-10T06:01:14.711507+00:00,2026-07-10T06:01:14.711391,4,2,106.95,0.1,106.9,12,106.8,4,106.7,104,106.5,150,,,,,,,,,,,,,107.0,89,107.3,12,,,,,,,,,,,,,,,,
2026-07-10T06:01:14.771065+00:00,2026-07-10T06:01:14.770925,3,2,106.9,0.2,106.8,4,106.7,104,106.5,150,,,,,,,,,,,,,,,107.0,89,107.3,12,,,,,,,,,,,,,,,,
2026-07-10T06:01:14.776330+00:00,2026-07-10T06:01:14.776215,3,3,106.9,0.2,106.8,4,106.7,104,106.5,150,,,,,,,,,,,,,,,107.0,89,107.2,100,107.3,12,,,,,,,,,,,,,,
2026-07-10T06:01:14.781597+00:00,2026-07-10T06:01:14.781474,3,2,106.9,0.2,106.8,4,106.7,104,106.5,150,,,,,,,,,,,,,,,107.0,89,107.2,100,,,,,,,,,,,,,,,,
2026-07-10T06:01:14.786910+00:00,2026-07-10T06:01:14.786779,2,2,106.85,0.3,106.7,104,106.5,150,,,,,,,,,,,,,,,,,107.0,77,107.2,100,,,,,,,,,,,,,,,,
2026-07-10T06:01:14.792134+00:00,2026-07-10T06:01:14.792083,2,2,106.85,0.3,106.7,104,106.5,150,,,,,,,,,,,,,,,,,107.0,73,107.2,100,,,,,,,,,,,,,,,,
2026-07-10T06:01:14.797186+00:00,2026-07-10T06:01:14.797338,3,3,106.9,0.2,106.8,4,106.7,104,106.5,150,,,,,,,,,,,,,,,107.0,73,107.2,100,107.4,12,,,,,,,,,,,,,,
2026-07-10T06:01:14.802416+00:00,2026-07-10T06:01:14.802515,3,3,106.9,0.2,106.8,4,106.7,104,106.5,150,,,,,,,,,,,,,,,107.0,77,107.2,100,107.4,12,,,,,,,,,,,,,,
2026-07-10T06:01:14.869180+00:00,2026-07-10T06:01:14.868909,3,3,106.9,0.2,106.8,4,106.7,104,106.5,150,,,,,,,,,,,,,,,107.0,76,107.2,100,107.4,12,,,,,,,,,,,,,,
2026-07-10T06:01:14.901436+00:00,2026-07-10T06:01:14.901536,3,3,106.9,0.2,106.8,4,106.7,104,106.5,150,,,,,,,,,,,,,,,107.0,27,107.2,100,107.4,12,,,,,,,,,,,,,,
2026-07-10T06:01:15.468710+00:00,2026-07-10T06:01:15.468635,2,3,106.9,0.2,106.8,4,106.7,104,,,,,,,,,,,,,,,,,107.0,4,107.2,100,107.4,12,,,,,,,,,,,,,,
2026-07-10T06:01:15.528506+00:00,2026-07-10T06:01:15.558696,3,1,107.3,0.2,107.2,46,106.8,4,106.7,104,,,,,,,,,,,,,,,107.4,12,,,,,,,,,,,,,,,,,,
2026-07-10T06:01:15.576261+00:00,2026-07-10T06:01:15.567739,4,1,107.3,0.2,107.2,35,107.1,12,106.8,4,106.7,104,,,,,,,,,,,,,107.4,12,,,,,,,,,,,,,,,,,,
2026-07-10T06:01:15.597123+00:00,2026-07-10T06:01:15.597017,4,2,107.3,0.2,107.2,35,107.1,12,106.8,4,106.7,104,,,,,,,,,,,,,107.4,12,107.7,150,,,,,,,,,,,,,,,,
2026-07-10T06:01:15.869206+00:00,2026-07-10T06:01:15.869079,3,2,107.3,0.2,107.2,39,107.1,12,106.7,104,,,,,,,,,,,,,,,107.4,16,107.7,150,,,,,,,,,,,,,,,,
2026-07-10T06:01:16.221786+00:00,2026-07-10T06:01:16.221687,2,2,107.25,0.3,107.1,1,106.7,104,,,,,,,,,,,,,,,,,107.4,16,107.7,150,,,,,,,,,,,,,,,,
2026-07-10T06:01:16.879164+00:00,2026-07-10T06:01:16.879132,2,2,107.25,0.3,107.1,1,106.7,104,,,,,,,,,,,,,,,,,107.4,12,107.7,150,,,,,,,,,,,,,,,,
2026-07-10T06:01:16.884412+00:00,2026-07-10T06:01:16.884339,2,2,107.25,0.3,107.1,5,106.7,104,,,,,,,,,,,,,,,,,107.4,16,107.7,150,,,,,,,,,,,,,,,,
2026-07-10T06:01:17.469254+00:00,2026-07-10T06:01:17.469142,2,2,107.25,0.3,107.1,5,106.7,104,,,,,,,,,,,,,,,,,107.4,3,107.7,150,,,,,,,,,,,,,,,,
2026-07-10T06:01:17.591476+00:00,2026-07-10T06:01:17.591437,2,2,107.25,0.3,107.1,4,106.7,104,,,,,,,,,,,,,,,,,107.4,3,107.7,150,,,,,,,,,,,,,,,,
2026-07-10T06:01:17.658601+00:00,2026-07-10T06:01:17.596688,3,3,107.3,0.2,107.2,12,107.1,4,106.7,104,,,,,,,,,,,,,,,107.4,3,107.5,12,107.7,150,,,,,,,,,,,,,,
2026-07-10T06:01:17.669526+00:00,2026-07-10T06:01:17.669475,1,3,107.05,0.7,106.7,78,,,,,,,,,,,,,,,,,,,107.4,3,107.5,12,107.7,150,,,,,,,,,,,,,,
2026-07-10T06:01:17.826559+00:00,2026-07-10T06:01:17.826418,0,3,,,,,,,,,,,,,,,,,,,,,,,107.4,3,107.5,12,107.7,150,,,,,,,,,,,,,,
2026-07-10T06:01:17.881320+00:00,2026-07-10T06:01:17.881422,1,3,107.25,0.3,107.1,100,,,,,,,,,,,,,,,,,,,107.4,3,107.5,12,107.7,150,,,,,,,,,,,,,,
2026-07-10T06:01:17.903385+00:00,2026-07-10T06:01:17.903285,1,2,107.3,0.4,107.1,100,,,,,,,,,,,,,,,,,,,107.5,12,107.7,150,,,,,,,,,,,,,,,,
2026-07-10T06:01:17.908620+00:00,2026-07-10T06:01:17.908499,1,3,107.25,0.3,107.1,104,,,,,,,,,,,,,,,,,,,107.4,4,107.5,12,107.7,150,,,,,,,,,,,,,,
2026-07-10T06:01:17.929336+00:00,2026-07-10T06:01:17.929287,1,4,107.25,0.3,107.1,104,,,,,,,,,,,,,,,,,,,107.4,4,107.5,12,107.6,100,107.7,150,,,,,,,,,,,,
2026-07-10T06:01:18.351426+00:00,2026-07-10T06:01:18.351280,1,4,107.25,0.3,107.1,54,,,,,,,,,,,,,,,,,,,107.4,4,107.5,12,107.6,100,107.7,150,,,,,,,,,,,,
2026-07-10T06:01:18.431109+00:00,2026-07-10T06:01:18.431010,2,4,107.25,0.3,107.1,54,106.8,4,,,,,,,,,,,,,,,,,107.4,4,107.5,12,107.6,100,107.7,150,,,,,,,,,,,,
2026-07-10T06:01:18.641616+00:00,2026-07-10T06:01:18.641474,2,3,107.25,0.3,107.1,54,106.8,4,,,,,,,,,,,,,,,,,107.4,4,107.5,12,107.6,100,,,,,,,,,,,,,,
2026-07-10T06:01:18.693282+00:00,2026-07-10T06:01:18.693207,3,3,107.25,0.3,107.1,54,106.8,4,106.7,150,,,,,,,,,,,,,,,107.4,4,107.5,12,107.6,100,,,,,,,,,,,,,,
2026-07-10T06:01:18.747576+00:00,2026-07-10T06:01:18.747482,3,4,107.15,0.1,107.1,54,106.8,4,106.7,150,,,,,,,,,,,,,,,107.2,150,107.4,4,107.5,12,107.6,100,,,,,,,,,,,,
2026-07-10T06:01:18.927505+00:00,2026-07-10T06:01:18.927436,3,4,107.15,0.1,107.1,50,106.8,4,106.7,150,,,,,,,,,,,,,,,107.2,150,107.4,4,107.5,12,107.6,100,,,,,,,,,,,,
2026-07-10T06:01:18.932673+00:00,2026-07-10T06:01:18.932619,3,3,107.15,0.1,107.1,50,106.8,4,106.7,150,,,,,,,,,,,,,,,107.2,150,107.5,12,107.6,100,,,,,,,,,,,,,,
2026-07-10T06:01:18.937941+00:00,2026-07-10T06:01:18.937828,3,3,107.15,0.1,107.1,54,106.8,4,106.7,150,,,,,,,,,,,,,,,107.2,154,107.5,12,107.6,100,,,,,,,,,,,,,,
2026-07-10T06:01:19.341662+00:00,2026-07-10T06:01:19.334695,3,3,107.15,0.1,107.1,54,106.8,4,106.7,150,,,,,,,,,,,,,,,107.2,143,107.5,12,107.6,100,,,,,,,,,,,,,,
2026-07-10T06:01:19.883515+00:00,2026-07-10T06:01:19.874503,3,3,107.15,0.1,107.1,54,106.8,2,106.7,150,,,,,,,,,,,,,,,107.2,131,107.5,12,107.6,100,,,,,,,,,,,,,,
2026-07-10T06:01:19.958485+00:00,2026-07-10T06:01:19.958431,3,3,107.15,0.1,107.1,50,106.8,2,106.7,150,,,,,,,,,,,,,,,107.2,131,107.5,12,107.6,100,,,,,,,,,,,,,,
2026-07-10T06:01:19.963727+00:00,2026-07-10T06:01:19.963654,3,3,107.15,0.1,107.1,54,106.8,2,106.7,150,,,,,,,,,,,,,,,107.2,127,107.5,12,107.6,100,,,,,,,,,,,,,,
2026-07-10T06:01:19.968891+00:00,2026-07-10T06:01:19.968821,3,3,107.15,0.1,107.1,54,106.8,2,106.7,150,,,,,,,,,,,,,,,107.2,131,107.5,12,107.6,100,,,,,,,,,,,,,,
2026-07-10T06:01:20.410300+00:00,2026-07-10T06:01:20.410416,3,3,107.15,0.1,107.1,54,106.8,2,106.7,150,,,,,,,,,,,,,,,107.2,81,107.5,12,107.6,100,,,,,,,,,,,,,,
2026-07-10T06:01:20.988456+00:00,2026-07-10T06:01:20.988406,3,2,107.15,0.1,107.1,4,106.8,2,106.7,150,,,,,,,,,,,,,,,107.2,81,107.5,12,,,,,,,,,,,,,,,,
2026-07-10T06:01:20.998950+00:00,2026-07-10T06:01:20.998862,2,2,107.0,0.4,106.8,2,106.7,150,,,,,,,,,,,,,,,,,107.2,81,107.5,12,,,,,,,,,,,,,,,,
2026-07-10T06:01:21.004128+00:00,2026-07-10T06:01:21.004045,2,2,107.0,0.4,106.8,2,106.7,150,,,,,,,,,,,,,,,,,107.2,77,107.5,12,,,,,,,,,,,,,,,,
2026-07-10T06:01:21.009284+00:00,2026-07-10T06:01:21.009228,3,2,107.15,0.1,107.1,4,106.8,2,106.7,150,,,,,,,,,,,,,,,107.2,77,107.5,12,,,,,,,,,,,,,,,,
2026-07-10T06:01:21.014553+00:00,2026-07-10T06:01:21.014431,3,2,107.15,0.1,107.1,4,106.8,2,106.7,150,,,,,,,,,,,,,,,107.2,81,107.5,12,,,,,,,,,,,,,,,,
2026-07-10T06:01:21.064172+00:00,2026-07-10T06:01:21.063820,3,2,107.15,0.1,107.1,104,106.8,2,106.7,150,,,,,,,,,,,,,,,107.2,81,107.5,12,,,,,,,,,,,,,,,,
2026-07-10T06:01:21.100678+00:00,2026-07-10T06:01:21.100822,3,3,107.15,0.1,107.1,104,106.8,2,106.7,150,,,,,,,,,,,,,,,107.2,81,107.5,12,107.6,100,,,,,,,,,,,,,,
2026-07-10T06:01:21.563690+00:00,2026-07-10T06:01:21.563892,3,3,107.15,0.1,107.1,104,106.8,2,106.7,150,,,,,,,,,,,,,,,107.2,37,107.5,12,107.6,100,,,,,,,,,,,,,,
2026-07-10T06:01:21.797783+00:00,2026-07-10T06:01:21.797709,3,3,107.15,0.1,107.1,104,106.8,2,106.7,150,,,,,,,,,,,,,,,107.2,4,107.5,12,107.6,100,,,,,,,,,,,,,,
2026-07-10T06:01:21.802979+00:00,2026-07-10T06:01:21.802898,2,3,107.15,0.1,107.1,104,106.8,2,,,,,,,,,,,,,,,,,107.2,4,107.5,12,107.6,100,,,,,,,,,,,,,,
2026-07-10T06:01:21.864145+00:00,2026-07-10T06:01:21.863979,3,2,107.35,0.3,107.2,146,107.1,104,106.8,2,,,,,,,,,,,,,,,107.5,12,107.6,100,,,,,,,,,,,,,,,,
2026-07-10T06:01:21.926995+00:00,2026-07-10T06:01:21.926824,3,3,107.35,0.3,107.2,146,107.1,104,106.8,2,,,,,,,,,,,,,,,107.5,12,107.6,100,107.7,150,,,,,,,,,,,,,,
2026-07-10T06:01:22.031058+00:00,2026-07-10T06:01:22.030963,3,3,107.35,0.3,107.2,146,107.1,100,106.8,2,,,,,,,,,,,,,,,107.5,12,107.6,100,107.7,150,,,,,,,,,,,,,,
2026-07-10T06:01:22.036222+00:00,2026-07-10T06:01:22.036188,3,3,107.35,0.3,107.2,150,107.1,100,106.8,2,,,,,,,,,,,,,,,107.5,16,107.6,100,107.7,150,,,,,,,,,,,,,,
2026-07-10T06:01:22.564936+00:00,2026-07-10T06:01:22.564755,3,2,107.4,0.4,107.2,150,107.1,100,106.8,2,,,,,,,,,,,,,,,107.6,66,107.7,150,,,,,,,,,,,,,,,,
2026-07-10T06:01:23.064252+00:00,2026-07-10T06:01:23.064022,3,2,107.4,0.4,107.2,150,107.1,100,106.8,2,,,,,,,,,,,,,,,107.6,70,107.7,150,,,,,,,,,,,,,,,,
2026-07-10T06:01:24.158703+00:00,2026-07-10T06:01:24.085880,2,2,107.4,0.4,107.2,150,107.1,100,,,,,,,,,,,,,,,,,107.6,66,107.7,150,,,,,,,,,,,,,,,,
2026-07-10T06:01:24.168761+00:00,2026-07-10T06:01:24.169247,2,2,107.4,0.4,107.2,150,107.0,5,,,,,,,,,,,,,,,,,107.6,4,107.7,150,,,,,,,,,,,,,,,,
2026-07-10T06:01:24.264272+00:00,2026-07-10T06:01:24.264141,3,2,107.4,0.4,107.2,150,107.1,100,107.0,5,,,,,,,,,,,,,,,107.6,104,107.7,150,,,,,,,,,,,,,,,,
2026-07-10T06:01:24.664035+00:00,2026-07-10T06:01:24.663913,3,2,107.4,0.4,107.2,150,107.1,100,107.0,5,,,,,,,,,,,,,,,107.6,54,107.7,150,,,,,,,,,,,,,,,,
2026-07-10T06:01:24.908752+00:00,2026-07-10T06:01:24.908611,3,3,107.25,0.1,107.2,150,107.1,100,107.0,5,,,,,,,,,,,,,,,107.3,1,107.6,54,107.7,150,,,,,,,,,,,,,,
2026-07-10T06:01:24.981511+00:00,2026-07-10T06:01:24.981673,3,2,107.25,0.1,107.2,4,107.1,100,107.0,5,,,,,,,,,,,,,,,107.3,1,107.6,54,,,,,,,,,,,,,,,,
2026-07-10T06:01:25.036514+00:00,2026-07-10T06:01:25.036409,3,2,107.25,0.1,107.2,154,107.1,100,107.0,5,,,,,,,,,,,,,,,107.3,1,107.6,54,,,,,,,,,,,,,,,,
2026-07-10T06:01:25.085750+00:00,2026-07-10T06:01:25.085675,3,3,107.25,0.1,107.2,154,107.1,100,107.0,5,,,,,,,,,,,,,,,107.3,1,107.6,54,107.7,150,,,,,,,,,,,,,,
2026-07-10T06:01:25.118253+00:00,2026-07-10T06:01:25.118387,3,3,107.25,0.1,107.2,150,107.1,100,107.0,5,,,,,,,,,,,,,,,107.3,1,107.6,54,107.7,150,,,,,,,,,,,,,,
2026-07-10T06:01:25.123693+00:00,2026-07-10T06:01:25.123579,3,3,107.25,0.1,107.2,154,107.1,100,107.0,5,,,,,,,,,,,,,,,107.3,1,107.6,54,107.7,150,,,,,,,,,,,,,,
2026-07-10T06:01:25.134117+00:00,2026-07-10T06:01:25.134054,3,3,107.25,0.1,107.2,154,107.1,100,107.0,5,,,,,,,,,,,,,,,107.3,5,107.6,54,107.7,150,,,,,,,,,,,,,,
2026-07-10T06:01:25.180796+00:00,2026-07-10T06:01:25.180990,3,3,107.25,0.1,107.2,154,107.1,100,107.0,5,,,,,,,,,,,,,,,107.3,4,107.6,54,107.7,150,,,,,,,,,,,,,,
2026-07-10T06:01:25.929314+00:00,2026-07-10T06:01:25.920530,3,2,107.4,0.4,107.2,154,107.1,100,107.0,5,,,,,,,,,,,,,,,107.6,66,107.7,150,,,,,,,,,,,,,,,,
2026-07-10T06:01:26.179827+00:00,2026-07-10T06:01:26.179764,3,2,107.4,0.4,107.2,150,107.1,100,107.0,5,,,,,,,,,,,,,,,107.6,66,107.7,150,,,,,,,,,,,,,,,,
2026-07-10T06:01:26.190144+00:00,2026-07-10T06:01:26.190236,3,2,107.4,0.4,107.2,153,107.1,100,107.0,5,,,,,,,,,,,,,,,107.6,66,107.7,150,,,,,,,,,,,,,,,,
2026-07-10T06:01:26.195481+00:00,2026-07-10T06:01:26.195418,3,2,107.4,0.4,107.2,153,107.1,100,107.0,5,,,,,,,,,,,,,,,107.6,69,107.7,150,,,,,,,,,,,,,,,,
2026-07-10T06:01:26.769431+00:00,2026-07-10T06:01:26.769525,3,2,107.4,0.4,107.2,153,107.1,100,107.0,5,,,,,,,,,,,,,,,107.6,19,107.7,150,,,,,,,,,,,,,,,,
2026-07-10T06:01:27.258680+00:00,2026-07-10T06:01:27.258623,3,2,107.4,0.4,107.2,150,107.1,100,107.0,5,,,,,,,,,,,,,,,107.6,19,107.7,150,,,,,,,,,,,,,,,,
2026-07-10T06:01:27.263903+00:00,2026-07-10T06:01:27.263841,3,2,107.4,0.4,107.2,153,107.1,100,107.0,5,,,,,,,,,,,,,,,107.6,16,107.7,150,,,,,,,,,,,,,,,,
2026-07-10T06:01:27.269138+00:00,2026-07-10T06:01:27.269007,3,2,107.4,0.4,107.2,153,107.1,100,107.0,5,,,,,,,,,,,,,,,107.6,19,107.7,150,,,,,,,,,,,,,,,,
2026-07-10T06:01:27.370969+00:00,2026-07-10T06:01:27.370810,3,2,107.4,0.4,107.2,153,107.1,100,107.0,5,,,,,,,,,,,,,,,107.6,15,107.7,150,,,,,,,,,,,,,,,,
2026-07-10T06:01:27.376137+00:00,2026-07-10T06:01:27.375992,2,2,107.4,0.4,107.2,153,107.0,5,,,,,,,,,,,,,,,,,107.6,15,107.7,150,,,,,,,,,,,,,,,,
2026-07-10T06:01:27.443877+00:00,2026-07-10T06:01:27.436622,3,2,107.5,0.2,107.4,85,107.2,153,107.0,5,,,,,,,,,,,,,,,107.6,15,107.7,150,,,,,,,,,,,,,,,,
2026-07-10T06:01:27.484862+00:00,2026-07-10T06:01:27.484729,3,3,107.5,0.2,107.4,85,107.2,153,107.0,5,,,,,,,,,,,,,,,107.6,15,107.7,150,107.9,100,,,,,,,,,,,,,,
2026-07-10T06:01:28.142502+00:00,2026-07-10T06:01:28.142656,3,2,107.5,0.2,107.4,85,107.2,3,107.0,5,,,,,,,,,,,,,,,107.6,15,107.9,100,,,,,,,,,,,,,,,,
2026-07-10T06:01:28.198782+00:00,2026-07-10T06:01:28.198630,4,2,107.5,0.2,107.4,85,107.3,150,107.2,3,107.0,5,,,,,,,,,,,,,107.6,15,107.9,100,,,,,,,,,,,,,,,,
2026-07-10T06:01:28.251402+00:00,2026-07-10T06:01:28.251327,4,3,107.5,0.2,107.4,85,107.3,150,107.2,3,107.0,5,,,,,,,,,,,,,107.6,15,107.8,150,107.9,100,,,,,,,,,,,,,,
2026-07-10T06:01:28.284765+00:00,2026-07-10T06:01:28.284701,3,3,107.5,0.2,107.4,85,107.3,150,107.0,5,,,,,,,,,,,,,,,107.6,12,107.8,150,107.9,100,,,,,,,,,,,,,,
2026-07-10T06:01:28.290050+00:00,2026-07-10T06:01:28.289971,3,3,107.5,0.2,107.4,88,107.3,150,107.0,5,,,,,,,,,,,,,,,107.6,12,107.8,150,107.9,100,,,,,,,,,,,,,,
2026-07-10T06:01:28.295290+00:00,2026-07-10T06:01:28.295193,3,3,107.5,0.2,107.4,88,107.3,150,107.0,5,,,,,,,,,,,,,,,107.6,15,107.8,150,107.9,100,,,,,,,,,,,,,,
2026-07-10T06:01:28.437963+00:00,2026-07-10T06:01:28.437866,3,3,107.5,0.2,107.4,100,107.3,150,107.0,5,,,,,,,,,,,,,,,107.6,3,107.8,150,107.9,100,,,,,,,,,,,,,,
2026-07-10T06:01:28.443199+00:00,2026-07-10T06:01:28.443107,3,4,107.5,0.2,107.4,100,107.3,150,107.0,5,,,,,,,,,,,,,,,107.6,3,107.7,12,107.8,150,107.9,100,,,,,,,,,,,,
2026-07-10T06:01:28.869460+00:00,2026-07-10T06:01:28.869563,3,2,107.6,0.4,107.4,100,107.3,150,107.0,5,,,,,,,,,,,,,,,107.8,115,107.9,100,,,,,,,,,,,,,,,,
2026-07-10T06:01:29.191445+00:00,2026-07-10T06:01:29.191618,3,2,107.6,0.4,107.4,56,107.3,150,107.0,5,,,,,,,,,,,,,,,107.8,115,107.9,100,,,,,,,,,,,,,,,,
2026-07-10T06:01:29.312459+00:00,2026-07-10T06:01:29.312356,3,2,107.6,0.4,107.4,56,107.3,150,107.0,5,,,,,,,,,,,,,,,107.8,115,107.9,100,,,,,,,,,,,,,,,,
2026-07-10T06:01:29.317648+00:00,2026-07-10T06:01:29.317563,3,2,107.6,0.4,107.4,56,107.3,150,107.0,5,,,,,,,,,,,,,,,107.8,118,107.9,100,,,,,,,,,,,,,,,,
2026-07-10T06:01:30.220202+00:00,2026-07-10T06:01:30.220129,2,2,107.6,0.4,107.4,44,107.3,150,,,,,,,,,,,,,,,,,107.8,118,107.9,100,,,,,,,,,,,,,,,,
2026-07-10T06:01:30.225381+00:00,2026-07-10T06:01:30.225340,3,2,107.65,0.3,107.5,12,107.4,44,107.3,150,,,,,,,,,,,,,,,107.8,130,107.9,100,,,,,,,,,,,,,,,,
2026-07-10T06:01:30.270606+00:00,2026-07-10T06:01:30.270548,4,2,107.65,0.3,107.5,12,107.4,44,107.3,150,107.2,5,,,,,,,,,,,,,107.8,130,107.9,100,,,,,,,,,,,,,,,,
2026-07-10T06:01:30.334429+00:00,2026-07-10T06:01:30.334313,4,2,107.65,0.3,107.5,12,107.4,41,107.3,150,107.2,5,,,,,,,,,,,,,107.8,130,107.9,100,,,,,,,,,,,,,,,,
2026-07-10T06:01:30.339631+00:00,2026-07-10T06:01:30.339515,4,2,107.65,0.3,107.5,15,107.4,41,107.3,150,107.2,5,,,,,,,,,,,,,107.8,127,107.9,100,,,,,,,,,,,,,,,,
2026-07-10T06:01:30.344711+00:00,2026-07-10T06:01:30.344684,4,2,107.65,0.3,107.5,15,107.4,41,107.3,150,107.2,5,,,,,,,,,,,,,107.8,130,107.9,100,,,,,,,,,,,,,,,,
2026-07-10T06:01:30.540845+00:00,2026-07-10T06:01:30.540735,3,1,107.65,0.3,107.5,15,107.3,150,107.2,5,,,,,,,,,,,,,,,107.8,130,,,,,,,,,,,,,,,,,,
2026-07-10T06:01:30.593284+00:00,2026-07-10T06:01:30.593236,4,1,107.65,0.3,107.5,15,107.4,100,107.3,150,107.2,5,,,,,,,,,,,,,107.8,130,,,,,,,,,,,,,,,,,,
2026-07-10T06:01:30.658632+00:00,2026-07-10T06:01:30.644124,4,2,107.65,0.3,107.5,15,107.4,100,107.3,150,107.2,5,,,,,,,,,,,,,107.8,130,107.9,100,,,,,,,,,,,,,,,,
2026-07-10T06:01:31.000592+00:00,2026-07-10T06:01:31.000745,4,2,107.65,0.3,107.5,15,107.4,100,107.3,150,107.2,5,,,,,,,,,,,,,107.8,80,107.9,100,,,,,,,,,,,,,,,,
2026-07-10T06:01:31.271923+00:00,2026-07-10T06:01:31.271774,4,2,107.65,0.3,107.5,14,107.4,100,107.3,150,107.2,5,,,,,,,,,,,,,107.8,80,107.9,100,,,,,,,,,,,,,,,,
2026-07-10T06:01:31.309841+00:00,2026-07-10T06:01:31.309752,3,2,107.65,0.3,107.5,14,107.4,100,107.2,5,,,,,,,,,,,,,,,107.8,15,107.9,100,,,,,,,,,,,,,,,,
2026-07-10T06:01:31.383673+00:00,2026-07-10T06:01:31.374981,4,1,107.85,0.1,107.8,109,107.5,14,107.4,100,107.2,5,,,,,,,,,,,,,107.9,100,,,,,,,,,,,,,,,,,,
2026-07-10T06:01:31.427860+00:00,2026-07-10T06:01:31.427695,4,2,107.85,0.1,107.8,109,107.5,14,107.4,100,107.2,5,,,,,,,,,,,,,107.9,100,108.3,150,,,,,,,,,,,,,,,,
2026-07-10T06:01:31.496327+00:00,2026-07-10T06:01:31.496266,4,2,107.85,0.1,107.8,81,107.5,14,107.4,100,107.2,5,,,,,,,,,,,,,107.9,100,108.3,150,,,,,,,,,,,,,,,,
2026-07-10T06:01:31.858731+00:00,2026-07-10T06:01:31.840425,4,2,107.85,0.1,107.8,39,107.5,14,107.4,100,107.2,5,,,,,,,,,,,,,107.9,100,108.3,150,,,,,,,,,,,,,,,,
2026-07-10T06:01:31.863652+00:00,2026-07-10T06:01:31.863870,4,2,107.85,0.1,107.8,38,107.5,14,107.4,100,107.2,5,,,,,,,,,,,,,107.9,100,108.3,150,,,,,,,,,,,,,,,,
2026-07-10T06:01:32.400832+00:00,2026-07-10T06:01:32.400958,4,2,107.85,0.1,107.8,38,107.5,11,107.4,100,107.2,5,,,,,,,,,,,,,107.9,100,108.3,150,,,,,,,,,,,,,,,,
2026-07-10T06:01:32.406221+00:00,2026-07-10T06:01:32.406150,4,2,107.85,0.1,107.8,41,107.5,11,107.4,100,107.2,5,,,,,,,,,,,,,107.9,100,108.3,150,,,,,,,,,,,,,,,,
2026-07-10T06:01:33.109504+00:00,2026-07-10T06:01:33.109425,4,2,107.85,0.1,107.8,41,107.5,11,107.4,100,107.2,5,,,,,,,,,,,,,107.9,50,108.3,150,,,,,,,,,,,,,,,,
2026-07-10T06:01:33.436147+00:00,2026-07-10T06:01:33.442818,4,2,107.85,0.1,107.8,41,107.5,11,107.4,100,107.2,5,,,,,,,,,,,,,107.9,50,108.3,150,,,,,,,,,,,,,,,,
2026-07-10T06:01:33.703109+00:00,2026-07-10T06:01:33.703313,3,1,108.05,0.5,107.8,41,107.5,11,107.2,5,,,,,,,,,,,,,,,108.3,150,,,,,,,,,,,,,,,,,,
2026-07-10T06:01:33.763645+00:00,2026-07-10T06:01:33.763882,3,2,108.0,0.4,107.8,41,107.5,112,107.2,5,,,,,,,,,,,,,,,108.2,12,108.3,150,,,,,,,,,,,,,,,,
2026-07-10T06:01:33.811835+00:00,2026-07-10T06:01:33.811701,3,3,107.9,0.2,107.8,41,107.5,112,107.2,5,,,,,,,,,,,,,,,108.0,100,108.2,12,108.3,150,,,,,,,,,,,,,,
2026-07-10T06:01:34.012201+00:00,2026-07-10T06:01:34.012139,3,2,107.9,0.2,107.8,41,107.5,100,107.2,5,,,,,,,,,,,,,,,108.0,100,108.3,150,,,,,,,,,,,,,,,,
2026-07-10T06:01:34.017400+00:00,2026-07-10T06:01:34.017336,3,2,107.9,0.2,107.8,41,107.5,112,107.2,5,,,,,,,,,,,,,,,108.0,100,108.3,150,,,,,,,,,,,,,,,,
2026-07-10T06:01:34.022602+00:00,2026-07-10T06:01:34.022526,3,3,107.85,0.1,107.8,41,107.5,112,107.2,5,,,,,,,,,,,,,,,107.9,12,108.0,100,108.3,150,,,,,,,,,,,,,,
2026-07-10T06:01:34.458593+00:00,2026-07-10T06:01:34.436145,2,3,107.7,0.4,107.5,112,107.2,5,,,,,,,,,,,,,,,,,107.9,12,108.0,100,108.3,150,,,,,,,,,,,,,,
2026-07-10T06:01:34.490089+00:00,2026-07-10T06:01:34.490266,2,2,107.7,0.4,107.5,112,107.2,5,,,,,,,,,,,,,,,,,107.9,12,108.0,100,,,,,,,,,,,,,,,,
2026-07-10T06:01:34.564848+00:00,2026-07-10T06:01:34.564575,2,2,107.7,0.4,107.5,115,107.2,155,,,,,,,,,,,,,,,,,107.9,3,108.0,100,,,,,,,,,,,,,,,,
2026-07-10T06:01:34.658864+00:00,2026-07-10T06:01:34.611873,2,3,107.6,0.2,107.5,115,107.2,155,,,,,,,,,,,,,,,,,107.7,150,107.9,3,108.0,100,,,,,,,,,,,,,,
2026-07-10T06:01:34.958769+00:00,2026-07-10T06:01:34.958696,2,3,107.6,0.2,107.5,115,107.2,154,,,,,,,,,,,,,,,,,107.7,150,107.9,3,108.0,100,,,,,,,,,,,,,,
2026-07-10T06:01:35.293120+00:00,2026-07-10T06:01:35.292984,2,3,107.6,0.2,107.5,65,107.2,154,,,,,,,,,,,,,,,,,107.7,150,107.9,3,108.0,100,,,,,,,,,,,,,,
2026-07-10T06:01:35.543308+00:00,2026-07-10T06:01:35.543145,2,3,107.6,0.2,107.5,65,107.2,154,,,,,,,,,,,,,,,,,107.7,147,107.9,3,108.0,100,,,,,,,,,,,,,,
2026-07-10T06:01:35.574260+00:00,2026-07-10T06:01:35.574151,2,3,107.6,0.2,107.5,62,107.2,154,,,,,,,,,,,,,,,,,107.7,147,107.9,3,108.0,100,,,,,,,,,,,,,,
2026-07-10T06:01:35.579465+00:00,2026-07-10T06:01:35.579343,2,2,107.6,0.2,107.5,62,107.2,154,,,,,,,,,,,,,,,,,107.7,147,108.0,100,,,,,,,,,,,,,,,,
2026-07-10T06:01:35.584685+00:00,2026-07-10T06:01:35.584643,2,2,107.6,0.2,107.5,65,107.2,154,,,,,,,,,,,,,,,,,107.7,150,108.0,100,,,,,,,,,,,,,,,,
2026-07-10T06:01:35.607148+00:00,2026-07-10T06:01:35.607005,2,2,107.6,0.2,107.5,65,107.2,154,,,,,,,,,,,,,,,,,107.7,107,108.0,100,,,,,,,,,,,,,,,,
2026-07-10T06:01:35.819202+00:00,2026-07-10T06:01:35.819112,2,2,107.6,0.2,107.5,53,107.2,154,,,,,,,,,,,,,,,,,107.7,107,108.0,100,,,,,,,,,,,,,,,,
2026-07-10T06:01:35.824378+00:00,2026-07-10T06:01:35.824330,3,2,107.6,0.2,107.5,53,107.4,12,107.2,154,,,,,,,,,,,,,,,107.7,107,108.0,100,,,,,,,,,,,,,,,,
2026-07-10T06:01:35.829546+00:00,2026-07-10T06:01:35.829512,3,2,107.6,0.2,107.5,53,107.4,12,107.2,154,,,,,,,,,,,,,,,107.7,119,108.0,100,,,,,,,,,,,,,,,,
2026-07-10T06:01:36.121196+00:00,2026-07-10T06:01:36.121114,3,2,107.6,0.2,107.5,53,107.4,12,107.2,154,,,,,,,,,,,,,,,107.7,77,108.0,100,,,,,,,,,,,,,,,,
2026-07-10T06:01:36.349949+00:00,2026-07-10T06:01:36.349837,2,2,107.6,0.2,107.5,53,107.2,154,,,,,,,,,,,,,,,,,107.7,65,108.0,100,,,,,,,,,,,,,,,,
2026-07-10T06:01:36.358620+00:00,2026-07-10T06:01:36.355050,2,3,107.6,0.2,107.5,65,107.2,154,,,,,,,,,,,,,,,,,107.7,65,107.8,12,108.0,100,,,,,,,,,,,,,,
2026-07-10T06:01:36.520844+00:00,2026-07-10T06:01:36.514085,2,3,107.6,0.2,107.5,65,107.2,154,,,,,,,,,,,,,,,,,107.7,42,107.8,12,108.0,100,,,,,,,,,,,,,,
2026-07-10T06:01:36.607199+00:00,2026-07-10T06:01:36.607099,2,3,107.6,0.2,107.5,62,107.2,154,,,,,,,,,,,,,,,,,107.7,42,107.8,12,108.0,100,,,,,,,,,,,,,,
2026-07-10T06:01:36.612372+00:00,2026-07-10T06:01:36.612342,2,2,107.6,0.2,107.5,50,107.2,154,,,,,,,,,,,,,,,,,107.7,39,108.0,100,,,,,,,,,,,,,,,,
2026-07-10T06:01:36.617667+00:00,2026-07-10T06:01:36.617596,3,2,107.65,0.1,107.6,12,107.5,53,107.2,154,,,,,,,,,,,,,,,107.7,42,108.0,100,,,,,,,,,,,,,,,,
2026-07-10T06:01:36.622835+00:00,2026-07-10T06:01:36.622778,3,2,107.65,0.1,107.6,12,107.5,53,107.2,154,,,,,,,,,,,,,,,107.7,42,108.0,112,,,,,,,,,,,,,,,,
2026-07-10T06:01:36.866549+00:00,2026-07-10T06:01:36.866786,3,2,107.65,0.1,107.6,12,107.5,3,107.2,154,,,,,,,,,,,,,,,107.7,42,108.0,12,,,,,,,,,,,,,,,,
2026-07-10T06:01:36.969185+00:00,2026-07-10T06:01:36.968952,3,2,107.65,0.1,107.6,112,107.5,3,107.2,154,,,,,,,,,,,,,,,107.7,42,108.0,12,,,,,,,,,,,,,,,,
2026-07-10T06:01:36.974490+00:00,2026-07-10T06:01:36.974393,3,3,107.65,0.1,107.6,112,107.5,3,107.2,154,,,,,,,,,,,,,,,107.7,42,108.0,12,108.1,100,,,,,,,,,,,,,,
2026-07-10T06:01:37.069371+00:00,2026-07-10T06:01:37.069251,3,3,107.65,0.1,107.6,110,107.5,3,107.2,154,,,,,,,,,,,,,,,107.7,42,108.0,12,108.1,100,,,,,,,,,,,,,,
2026-07-10T06:01:37.098125+00:00,2026-07-10T06:01:37.098084,3,3,107.65,0.1,107.6,110,107.5,3,107.2,150,,,,,,,,,,,,,,,107.7,42,108.0,12,108.1,100,,,,,,,,,,,,,,
2026-07-10T06:01:37.169221+00:00,2026-07-10T06:01:37.169074,3,2,107.65,0.1,107.6,100,107.5,3,107.2,150,,,,,,,,,,,,,,,107.7,30,108.1,112,,,,,,,,,,,,,,,,
2026-07-10T06:01:37.364121+00:00,2026-07-10T06:01:37.363975,3,1,107.85,0.5,107.6,100,107.5,3,107.2,150,,,,,,,,,,,,,,,108.1,92,,,,,,,,,,,,,,,,,,
2026-07-10T06:01:37.564166+00:00,2026-07-10T06:01:37.564097,4,1,107.85,0.5,107.6,100,107.5,3,107.4,4,107.2,150,,,,,,,,,,,,,108.1,79,,,,,,,,,,,,,,,,,,
2026-07-10T06:01:37.610728+00:00,2026-07-10T06:01:37.610592,4,2,107.65,0.1,107.6,100,107.5,3,107.4,4,107.2,150,,,,,,,,,,,,,107.7,2,108.1,79,,,,,,,,,,,,,,,,
2026-07-10T06:01:37.669470+00:00,2026-07-10T06:01:37.669432,2,2,107.65,0.1,107.6,100,107.4,4,,,,,,,,,,,,,,,,,107.7,2,108.1,79,,,,,,,,,,,,,,,,
2026-07-10T06:01:37.674746+00:00,2026-07-10T06:01:37.674668,2,2,107.65,0.1,107.6,103,107.4,4,,,,,,,,,,,,,,,,,107.7,2,108.1,79,,,,,,,,,,,,,,,,
2026-07-10T06:01:37.740769+00:00,2026-07-10T06:01:37.731682,3,1,108.05,0.1,108.0,141,107.6,103,107.4,4,,,,,,,,,,,,,,,108.1,79,,,,,,,,,,,,,,,,,,
2026-07-10T06:01:37.769004+00:00,2026-07-10T06:01:37.758896,3,1,108.05,0.1,108.0,136,107.6,103,107.4,4,,,,,,,,,,,,,,,108.1,79,,,,,,,,,,,,,,,,,,
2026-07-10T06:01:37.784675+00:00,2026-07-10T06:01:37.784453,3,2,108.05,0.1,108.0,136,107.6,103,107.4,4,,,,,,,,,,,,,,,108.1,79,108.5,150,,,,,,,,,,,,,,,,
2026-07-10T06:01:37.848245+00:00,2026-07-10T06:01:37.840151,3,2,108.05,0.1,108.0,125,107.6,103,107.4,4,,,,,,,,,,,,,,,108.1,79,108.5,150,,,,,,,,,,,,,,,,
2026-07-10T06:01:37.904299+00:00,2026-07-10T06:01:37.904268,3,2,108.05,0.1,108.0,125,107.6,115,107.4,4,,,,,,,,,,,,,,,108.1,67,108.5,150,,,,,,,,,,,,,,,,
2026-07-10T06:01:37.909611+00:00,2026-07-10T06:01:37.909483,3,2,108.05,0.1,108.0,113,107.6,115,107.4,4,,,,,,,,,,,,,,,108.1,67,108.5,150,,,,,,,,,,,,,,,,
2026-07-10T06:01:38.171141+00:00,2026-07-10T06:01:38.164127,3,2,108.05,0.1,108.0,110,107.6,115,107.4,4,,,,,,,,,,,,,,,108.1,67,108.5,150,,,,,,,,,,,,,,,,
2026-07-10T06:01:38.566030+00:00,2026-07-10T06:01:38.565754,3,2,108.05,0.1,108.0,110,107.6,115,107.4,2,,,,,,,,,,,,,,,108.1,67,108.5,150,,,,,,,,,,,,,,,,
2026-07-10T06:01:38.577363+00:00,2026-07-10T06:01:38.577286,3,2,108.05,0.1,108.0,62,107.6,115,107.4,2,,,,,,,,,,,,,,,108.1,67,108.5,150,,,,,,,,,,,,,,,,
2026-07-10T06:01:38.696314+00:00,2026-07-10T06:01:38.696233,3,2,108.05,0.1,108.0,62,107.6,112,107.4,2,,,,,,,,,,,,,,,108.1,67,108.5,150,,,,,,,,,,,,,,,,
2026-07-10T06:01:38.701529+00:00,2026-07-10T06:01:38.701428,3,2,108.05,0.1,108.0,65,107.6,112,107.4,2,,,,,,,,,,,,,,,108.1,67,108.5,150,,,,,,,,,,,,,,,,
2026-07-10T06:01:39.464560+00:00,2026-07-10T06:01:39.464420,3,2,108.05,0.1,108.0,65,107.6,112,107.4,2,,,,,,,,,,,,,,,108.1,17,108.5,150,,,,,,,,,,,,,,,,
2026-07-10T06:01:39.721193+00:00,2026-07-10T06:01:39.721088,3,2,108.05,0.1,108.0,62,107.6,112,107.4,2,,,,,,,,,,,,,,,108.1,17,108.5,150,,,,,,,,,,,,,,,,
2026-07-10T06:01:39.726373+00:00,2026-07-10T06:01:39.726306,3,2,108.05,0.1,108.0,65,107.6,112,107.4,2,,,,,,,,,,,,,,,108.1,17,108.5,150,,,,,,,,,,,,,,,,
2026-07-10T06:01:39.802009+00:00,2026-07-10T06:01:39.801931,3,2,108.05,0.1,108.0,17,107.6,112,107.4,2,,,,,,,,,,,,,,,108.1,17,108.5,150,,,,,,,,,,,,,,,,
2026-07-10T06:01:40.069970+00:00,2026-07-10T06:01:40.069392,3,1,108.25,0.5,108.0,17,107.6,12,107.4,2,,,,,,,,,,,,,,,108.5,150,,,,,,,,,,,,,,,,,,
2026-07-10T06:01:40.085921+00:00,2026-07-10T06:01:40.085804,4,1,108.25,0.5,108.0,17,107.7,100,107.6,12,107.4,2,,,,,,,,,,,,,108.5,150,,,,,,,,,,,,,,,,,,
2026-07-10T06:01:40.164177+00:00,2026-07-10T06:01:40.164039,4,2,108.1,0.2,108.0,17,107.7,100,107.6,12,107.4,2,,,,,,,,,,,,,108.2,100,108.5,150,,,,,,,,,,,,,,,,
2026-07-10T06:01:40.416077+00:00,2026-07-10T06:01:40.416003,4,2,108.1,0.2,108.0,17,107.7,100,107.6,12,107.4,2,,,,,,,,,,,,,108.2,53,108.5,150,,,,,,,,,,,,,,,,
2026-07-10T06:01:40.679628+00:00,2026-07-10T06:01:40.679517,4,2,108.1,0.2,108.0,17,107.7,100,107.5,12,107.4,2,,,,,,,,,,,,,108.2,53,108.5,150,,,,,,,,,,,,,,,,
2026-07-10T06:01:40.684811+00:00,2026-07-10T06:01:40.684697,4,3,108.05,0.1,108.0,17,107.7,100,107.5,12,107.4,2,,,,,,,,,,,,,108.1,12,108.2,53,108.5,150,,,,,,,,,,,,,,
2026-07-10T06:01:40.758680+00:00,2026-07-10T06:01:40.744728,4,3,108.05,0.1,108.0,17,107.7,100,107.5,12,107.4,2,,,,,,,,,,,,,108.1,12,108.2,53,108.5,150,,,,,,,,,,,,,,
2026-07-10T06:01:40.834100+00:00,2026-07-10T06:01:40.834328,4,2,108.05,0.1,108.0,3,107.7,100,107.5,12,107.4,2,,,,,,,,,,,,,108.1,12,108.2,53,,,,,,,,,,,,,,,,
2026-07-10T06:01:40.892231+00:00,2026-07-10T06:01:40.892079,5,2,108.05,0.1,108.0,3,107.7,100,107.5,12,107.4,2,107.3,150,,,,,,,,,,,108.1,12,108.2,53,,,,,,,,,,,,,,,,
2026-07-10T06:01:40.976884+00:00,2026-07-10T06:01:40.969473,4,3,107.75,0.1,107.7,100,107.5,12,107.4,2,107.3,150,,,,,,,,,,,,,107.8,144,108.1,12,108.2,53,,,,,,,,,,,,,,
2026-07-10T06:01:41.064008+00:00,2026-07-10T06:01:41.063839,4,3,107.75,0.1,107.7,100,107.5,12,107.4,2,107.3,150,,,,,,,,,,,,,107.8,98,108.1,12,108.2,53,,,,,,,,,,,,,,
2026-07-10T06:01:41.192248+00:00,2026-07-10T06:01:41.192162,3,2,107.75,0.1,107.7,100,107.4,2,107.3,150,,,,,,,,,,,,,,,107.8,98,108.2,53,,,,,,,,,,,,,,,,
