recv_time,book_timestamp,n_bids,n_asks,mid,spread,bid_px_0,bid_vol_0,bid_px_1,bid_vol_1,bid_px_2,bid_vol_2,bid_px_3,bid_vol_3,bid_px_4,bid_vol_4,bid_px_5,bid_vol_5,bid_px_6,bid_vol_6,bid_px_7,bid_vol_7,bid_px_8,bid_vol_8,bid_px_9,bid_vol_9,ask_px_0,ask_vol_0,ask_px_1,ask_vol_1,ask_px_2,ask_vol_2,ask_px_3,ask_vol_3,ask_px_4,ask_vol_4,ask_px_5,ask_vol_5,ask_px_6,ask_vol_6,ask_px_7,ask_vol_7,ask_px_8,ask_vol_8,ask_px_9,ask_vol_9
2026-06-28T21:00:00.150156+00:00,2026-06-29T07:00:00.141156,2,1,101.05,0.5,100.8,50,100.2,150,,,,,,,,,,,,,,,,,101.3,50,,,,,,,,,,,,,,,,,,
2026-06-28T21:00:01.194670+00:00,2026-06-29T07:00:01.189670,1,1,101.05,0.5,100.8,50,,,,,,,,,,,,,,,,,,,101.3,50,,,,,,,,,,,,,,,,,,
2026-06-28T21:00:01.238671+00:00,2026-06-29T07:00:01.227670,2,1,101.05,0.5,100.8,50,100.7,4,,,,,,,,,,,,,,,,,101.3,50,,,,,,,,,,,,,,,,,,
2026-06-28T21:00:01.249671+00:00,2026-06-29T07:00:01.242670,3,1,101.1,0.4,100.9,150,100.8,50,100.7,4,,,,,,,,,,,,,,,101.3,50,,,,,,,,,,,,,,,,,,
2026-06-28T21:00:01.304670+00:00,2026-06-29T07:00:01.294670,3,2,101.1,0.4,100.9,150,100.8,50,100.7,4,,,,,,,,,,,,,,,101.3,50,101.4,150,,,,,,,,,,,,,,,,
2026-06-28T21:00:01.524670+00:00,2026-06-29T07:00:01.518670,2,1,101.15,0.5,100.9,150,100.7,4,,,,,,,,,,,,,,,,,101.4,150,,,,,,,,,,,,,,,,,,
2026-06-28T21:00:01.579670+00:00,2026-06-29T07:00:01.570670,2,1,101.15,0.5,100.9,250,100.7,4,,,,,,,,,,,,,,,,,101.4,150,,,,,,,,,,,,,,,,,,
2026-06-28T21:00:01.634670+00:00,2026-06-29T07:00:01.624671,2,1,101.15,0.5,100.9,250,100.7,4,,,,,,,,,,,,,,,,,101.4,250,,,,,,,,,,,,,,,,,,
2026-06-28T21:00:02.492670+00:00,2026-06-29T07:00:02.488671,2,2,100.95,0.1,100.9,250,100.7,4,,,,,,,,,,,,,,,,,101.0,2,101.4,250,,,,,,,,,,,,,,,,
2026-06-28T21:00:02.854723+00:00,2026-06-29T07:00:02.844724,2,1,101.15,0.5,100.9,250,100.7,4,,,,,,,,,,,,,,,,,101.4,250,,,,,,,,,,,,,,,,,,
2026-06-28T21:00:04.196723+00:00,2026-06-29T07:00:04.187723,2,1,101.15,0.5,100.9,250,100.7,3,,,,,,,,,,,,,,,,,101.4,250,,,,,,,,,,,,,,,,,,
2026-06-28T21:00:04.350723+00:00,2026-06-29T07:00:04.347724,2,1,101.15,0.5,100.9,100,100.7,3,,,,,,,,,,,,,,,,,101.4,100,,,,,,,,,,,,,,,,,,
2026-06-28T21:00:04.405724+00:00,2026-06-29T07:00:04.402724,3,1,101.2,0.4,101.0,100,100.9,100,100.7,3,,,,,,,,,,,,,,,101.4,100,,,,,,,,,,,,,,,,,,
2026-06-28T21:00:04.460723+00:00,2026-06-29T07:00:04.454723,3,2,101.2,0.4,101.0,100,100.9,100,100.7,3,,,,,,,,,,,,,,,101.4,100,101.5,150,,,,,,,,,,,,,,,,
2026-06-28T21:00:04.680724+00:00,2026-06-29T07:00:04.679723,2,1,101.25,0.5,101.0,100,100.7,3,,,,,,,,,,,,,,,,,101.5,150,,,,,,,,,,,,,,,,,,
2026-06-28T21:00:04.735725+00:00,2026-06-29T07:00:04.733723,2,1,101.25,0.5,101.0,200,100.7,3,,,,,,,,,,,,,,,,,101.5,150,,,,,,,,,,,,,,,,,,
2026-06-28T21:00:04.790724+00:00,2026-06-29T07:00:04.786724,2,1,101.25,0.5,101.0,200,100.7,3,,,,,,,,,,,,,,,,,101.5,250,,,,,,,,,,,,,,,,,,
2026-06-28T21:00:05.120723+00:00,2026-06-29T07:00:05.118724,2,2,101.05,0.1,101.0,200,100.7,3,,,,,,,,,,,,,,,,,101.1,2,101.5,250,,,,,,,,,,,,,,,,
2026-06-28T21:00:06.517333+00:00,2026-06-29T07:00:06.508333,2,2,101.05,0.1,101.0,150,100.7,3,,,,,,,,,,,,,,,,,101.1,2,101.5,250,,,,,,,,,,,,,,,,
2026-06-28T21:00:07.518334+00:00,2026-06-29T07:00:07.510333,2,2,101.05,0.1,101.0,100,100.7,3,,,,,,,,,,,,,,,,,101.1,2,101.5,100,,,,,,,,,,,,,,,,
2026-06-28T21:00:07.573334+00:00,2026-06-29T07:00:07.565333,2,1,101.25,0.5,101.0,100,100.6,150,,,,,,,,,,,,,,,,,101.5,100,,,,,,,,,,,,,,,,,,
2026-06-28T21:00:07.584333+00:00,2026-06-29T07:00:07.573334,2,1,101.25,0.5,101.0,60,100.6,150,,,,,,,,,,,,,,,,,101.5,100,,,,,,,,,,,,,,,,,,
2026-06-28T21:00:07.617333+00:00,2026-06-29T07:00:07.614333,2,2,101.05,0.1,101.0,60,100.6,150,,,,,,,,,,,,,,,,,101.1,150,101.5,100,,,,,,,,,,,,,,,,
2026-06-28T21:00:07.847339+00:00,2026-06-29T07:00:07.843339,1,1,100.85,0.5,100.6,150,,,,,,,,,,,,,,,,,,,101.1,150,,,,,,,,,,,,,,,,,,
2026-06-28T21:00:07.902339+00:00,2026-06-29T07:00:07.896339,2,1,101.0,0.2,100.9,100,100.6,150,,,,,,,,,,,,,,,,,101.1,150,,,,,,,,,,,,,,,,,,
2026-06-28T21:00:07.957339+00:00,2026-06-29T07:00:07.948338,2,2,101.0,0.2,100.9,100,100.6,150,,,,,,,,,,,,,,,,,101.1,150,101.4,100,,,,,,,,,,,,,,,,
2026-06-28T21:00:10.674348+00:00,2026-06-29T07:00:10.669348,1,1,101.15,0.5,100.9,100,,,,,,,,,,,,,,,,,,,101.4,100,,,,,,,,,,,,,,,,,,
2026-06-28T21:00:10.729348+00:00,2026-06-29T07:00:10.721348,2,1,101.15,0.5,100.9,50,100.8,150,,,,,,,,,,,,,,,,,101.4,100,,,,,,,,,,,,,,,,,,
2026-06-28T21:00:10.784339+00:00,2026-06-29T07:00:10.774348,2,2,101.1,0.4,100.9,50,100.8,150,,,,,,,,,,,,,,,,,101.3,150,101.4,100,,,,,,,,,,,,,,,,
2026-06-28T21:00:11.004359+00:00,2026-06-29T07:00:11.003359,2,1,101.1,0.4,100.9,50,100.8,150,,,,,,,,,,,,,,,,,101.3,150,,,,,,,,,,,,,,,,,,
2026-06-28T21:00:11.015359+00:00,2026-06-29T07:00:11.004359,1,1,101.05,0.5,100.8,150,,,,,,,,,,,,,,,,,,,101.3,150,,,,,,,,,,,,,,,,,,
2026-06-28T21:00:11.059464+00:00,2026-06-29T07:00:11.057464,2,1,101.05,0.5,100.8,150,100.7,100,,,,,,,,,,,,,,,,,101.3,150,,,,,,,,,,,,,,,,,,
2026-06-28T21:00:11.114368+00:00,2026-06-29T07:00:11.110369,2,2,101.0,0.4,100.8,150,100.7,100,,,,,,,,,,,,,,,,,101.2,100,101.3,150,,,,,,,,,,,,,,,,
2026-06-28T21:00:12.225368+00:00,2026-06-29T07:00:12.219368,3,2,101.05,0.3,100.9,5,100.8,150,100.7,100,,,,,,,,,,,,,,,101.2,100,101.3,150,,,,,,,,,,,,,,,,
2026-06-28T21:00:12.478368+00:00,2026-06-29T07:00:12.473368,3,2,101.05,0.3,100.9,5,100.8,150,100.7,100,,,,,,,,,,,,,,,101.2,57,101.3,150,,,,,,,,,,,,,,,,
2026-06-28T21:00:12.829501+00:00,2026-06-29T07:00:12.827499,2,2,101.0,0.4,100.8,105,100.7,100,,,,,,,,,,,,,,,,,101.2,57,101.3,150,,,,,,,,,,,,,,,,
2026-06-28T21:00:13.830501+00:00,2026-06-29T07:00:13.829501,2,1,101.0,0.4,100.8,105,100.7,100,,,,,,,,,,,,,,,,,101.2,57,,,,,,,,,,,,,,,,,,
2026-06-28T21:00:13.841501+00:00,2026-06-29T07:00:13.830501,1,1,100.95,0.5,100.7,100,,,,,,,,,,,,,,,,,,,101.2,57,,,,,,,,,,,,,,,,,,
2026-06-28T21:00:13.885492+00:00,2026-06-29T07:00:13.882492,2,1,100.95,0.5,100.7,100,100.5,150,,,,,,,,,,,,,,,,,101.2,57,,,,,,,,,,,,,,,,,,
2026-06-28T21:00:13.940492+00:00,2026-06-29T07:00:13.934492,2,2,100.85,0.3,100.7,100,100.5,150,,,,,,,,,,,,,,,,,101.0,150,101.2,57,,,,,,,,,,,,,,,,
2026-06-28T21:00:14.171501+00:00,2026-06-29T07:00:14.166501,1,1,100.75,0.5,100.5,150,,,,,,,,,,,,,,,,,,,101.0,150,,,,,,,,,,,,,,,,,,
2026-06-28T21:00:14.237501+00:00,2026-06-29T07:00:14.228501,2,1,100.95,0.1,100.9,100,100.5,150,,,,,,,,,,,,,,,,,101.0,150,,,,,,,,,,,,,,,,,,
2026-06-28T21:00:14.281501+00:00,2026-06-29T07:00:14.280501,2,2,100.95,0.1,100.9,100,100.5,150,,,,,,,,,,,,,,,,,101.0,150,101.4,100,,,,,,,,,,,,,,,,
2026-06-28T21:00:14.941492+00:00,2026-06-29T07:00:14.933492,2,2,100.95,0.1,100.9,50,100.5,150,,,,,,,,,,,,,,,,,101.0,150,101.4,100,,,,,,,,,,,,,,,,
2026-06-28T21:00:15.975492+00:00,2026-06-29T07:00:15.970493,2,3,100.95,0.1,100.9,53,100.5,150,,,,,,,,,,,,,,,,,101.0,150,101.2,2,101.4,100,,,,,,,,,,,,,,
2026-06-28T21:00:16.734053+00:00,2026-06-29T07:00:16.733053,2,3,100.95,0.1,100.9,53,100.5,150,,,,,,,,,,,,,,,,,101.0,150,101.2,1,101.4,100,,,,,,,,,,,,,,
2026-06-28T21:00:16.998044+00:00,2026-06-29T07:00:16.989044,1,2,101.05,0.3,100.9,53,,,,,,,,,,,,,,,,,,,101.2,1,101.4,100,,,,,,,,,,,,,,,,
2026-06-28T21:00:17.053044+00:00,2026-06-29T07:00:17.044045,2,2,101.05,0.3,100.9,3,100.3,150,,,,,,,,,,,,,,,,,101.2,1,101.4,100,,,,,,,,,,,,,,,,
2026-06-28T21:00:17.108044+00:00,2026-06-29T07:00:17.098044,1,3,100.55,0.5,100.3,150,,,,,,,,,,,,,,,,,,,100.8,147,101.2,1,101.4,100,,,,,,,,,,,,,,
2026-06-28T21:00:17.273044+00:00,2026-06-29T07:00:17.265044,1,3,100.55,0.5,100.3,150,,,,,,,,,,,,,,,,,,,100.8,106,101.2,1,101.4,100,,,,,,,,,,,,,,
2026-06-28T21:00:17.306044+00:00,2026-06-29T07:00:17.296044,1,3,100.55,0.5,100.3,150,,,,,,,,,,,,,,,,,,,100.8,101,101.2,1,101.4,100,,,,,,,,,,,,,,
2026-06-28T21:00:17.339053+00:00,2026-06-29T07:00:17.335053,1,2,100.55,0.5,100.3,150,,,,,,,,,,,,,,,,,,,100.8,101,101.2,1,,,,,,,,,,,,,,,,
2026-06-28T21:00:17.405053+00:00,2026-06-29T07:00:17.396053,2,2,100.6,0.4,100.4,100,100.3,150,,,,,,,,,,,,,,,,,100.8,101,101.2,1,,,,,,,,,,,,,,,,
2026-06-28T21:00:17.449053+00:00,2026-06-29T07:00:17.442053,2,3,100.6,0.4,100.4,100,100.3,150,,,,,,,,,,,,,,,,,100.8,101,100.9,100,101.2,1,,,,,,,,,,,,,,
2026-06-28T21:00:17.471053+00:00,2026-06-29T07:00:17.460053,2,2,100.6,0.4,100.4,100,100.3,150,,,,,,,,,,,,,,,,,100.8,101,100.9,100,,,,,,,,,,,,,,,,
2026-06-28T21:00:19.152523+00:00,2026-06-29T07:00:19.149514,2,2,100.6,0.4,100.4,50,100.3,150,,,,,,,,,,,,,,,,,100.8,101,100.9,100,,,,,,,,,,,,,,,,
2026-06-28T21:00:20.153514+00:00,2026-06-29T07:00:20.151606,2,1,100.65,0.5,100.4,50,100.3,150,,,,,,,,,,,,,,,,,100.9,100,,,,,,,,,,,,,,,,,,
2026-06-28T21:00:20.164607+00:00,2026-06-29T07:00:20.153514,1,1,100.65,0.5,100.4,50,,,,,,,,,,,,,,,,,,,100.9,100,,,,,,,,,,,,,,,,,,
2026-06-28T21:00:20.208613+00:00,2026-06-29T07:00:20.207612,2,1,100.7,0.4,100.5,150,100.4,50,,,,,,,,,,,,,,,,,100.9,100,,,,,,,,,,,,,,,,,,
2026-06-28T21:00:20.296624+00:00,2026-06-29T07:00:20.286515,2,2,100.7,0.4,100.5,150,100.4,50,,,,,,,,,,,,,,,,,100.9,100,101.0,150,,,,,,,,,,,,,,,,
2026-06-28T21:00:20.505633+00:00,2026-06-29T07:00:20.498633,1,1,100.75,0.5,100.5,150,,,,,,,,,,,,,,,,,,,101.0,150,,,,,,,,,,,,,,,,,,
2026-06-28T21:00:20.560633+00:00,2026-06-29T07:00:20.551587,2,1,100.75,0.5,100.5,150,100.3,100,,,,,,,,,,,,,,,,,101.0,150,,,,,,,,,,,,,,,,,,
2026-06-28T21:00:20.615633+00:00,2026-06-29T07:00:20.605515,2,2,100.65,0.3,100.5,150,100.3,100,,,,,,,,,,,,,,,,,100.8,100,101.0,150,,,,,,,,,,,,,,,,
2026-06-28T21:00:21.253633+00:00,2026-06-29T07:00:21.250633,2,2,100.65,0.3,100.5,150,100.3,100,,,,,,,,,,,,,,,,,100.8,75,101.0,150,,,,,,,,,,,,,,,,
2026-06-28T21:00:21.264514+00:00,2026-06-29T07:00:21.255523,2,2,100.65,0.3,100.5,100,100.3,100,,,,,,,,,,,,,,,,,100.8,75,101.0,150,,,,,,,,,,,,,,,,
2026-06-28T21:00:21.495633+00:00,2026-06-29T07:00:21.491633,2,2,100.65,0.3,100.5,100,100.3,100,,,,,,,,,,,,,,,,,100.8,50,101.0,150,,,,,,,,,,,,,,,,
2026-06-28T21:00:21.704633+00:00,2026-06-29T07:00:21.700633,2,2,100.65,0.3,100.5,100,100.3,100,,,,,,,,,,,,,,,,,100.8,25,101.0,150,,,,,,,,,,,,,,,,
2026-06-28T21:00:21.912632+00:00,2026-06-29T07:00:21.907633,2,1,100.75,0.5,100.5,100,100.3,100,,,,,,,,,,,,,,,,,101.0,150,,,,,,,,,,,,,,,,,,
2026-06-28T21:00:23.341654+00:00,2026-06-29T07:00:23.339654,1,0,,,100.3,100,,,,,,,,,,,,,,,,,,,,,,,,,,,,,,,,,,,,,,
2026-06-28T21:00:23.374662+00:00,2026-06-29T07:00:23.363663,1,0,,,100.3,50,,,,,,,,,,,,,,,,,,,,,,,,,,,,,,,,,,,,,,
2026-06-28T21:00:23.396663+00:00,2026-06-29T07:00:23.392654,2,0,,,100.5,150,100.3,50,,,,,,,,,,,,,,,,,,,,,,,,,,,,,,,,,,,,
2026-06-28T21:00:23.451664+00:00,2026-06-29T07:00:23.445663,2,1,100.75,0.5,100.5,150,100.3,50,,,,,,,,,,,,,,,,,101.0,150,,,,,,,,,,,,,,,,,,
2026-06-28T21:00:23.660662+00:00,2026-06-29T07:00:23.655663,2,1,100.75,0.5,100.5,107,100.3,50,,,,,,,,,,,,,,,,,101.0,150,,,,,,,,,,,,,,,,,,
2026-06-28T21:00:23.671663+00:00,2026-06-29T07:00:23.661654,1,1,100.75,0.5,100.5,107,,,,,,,,,,,,,,,,,,,101.0,150,,,,,,,,,,,,,,,,,,
2026-06-28T21:00:23.715663+00:00,2026-06-29T07:00:23.713663,2,1,100.85,0.3,100.7,100,100.5,107,,,,,,,,,,,,,,,,,101.0,150,,,,,,,,,,,,,,,,,,
2026-06-28T21:00:23.770663+00:00,2026-06-29T07:00:23.767654,2,2,100.85,0.3,100.7,100,100.5,107,,,,,,,,,,,,,,,,,101.0,150,101.2,100,,,,,,,,,,,,,,,,
2026-06-28T21:00:24.562654+00:00,2026-06-29T07:00:24.558653,2,2,100.85,0.3,100.7,105,100.5,107,,,,,,,,,,,,,,,,,101.0,150,101.2,100,,,,,,,,,,,,,,,,
2026-06-28T21:00:25.211654+00:00,2026-06-29T07:00:25.206654,2,2,100.85,0.3,100.7,105,100.5,107,,,,,,,,,,,,,,,,,101.0,107,101.2,100,,,,,,,,,,,,,,,,
2026-06-28T21:00:25.409653+00:00,2026-06-29T07:00:25.399654,2,2,100.85,0.3,100.7,104,100.5,107,,,,,,,,,,,,,,,,,101.0,107,101.2,100,,,,,,,,,,,,,,,,
2026-06-28T21:00:25.475662+00:00,2026-06-29T07:00:25.469663,2,2,100.85,0.3,100.7,54,100.5,107,,,,,,,,,,,,,,,,,101.0,107,101.2,100,,,,,,,,,,,,,,,,
2026-06-28T21:00:25.530663+00:00,2026-06-29T07:00:25.523663,2,2,100.85,0.3,100.7,53,100.5,107,,,,,,,,,,,,,,,,,101.0,107,101.2,100,,,,,,,,,,,,,,,,
2026-06-28T21:00:25.629663+00:00,2026-06-29T07:00:25.628654,2,2,100.85,0.3,100.7,52,100.5,107,,,,,,,,,,,,,,,,,101.0,107,101.2,100,,,,,,,,,,,,,,,,
2026-06-28T21:00:26.508712+00:00,2026-06-29T07:00:26.501712,1,1,100.95,0.5,100.7,52,,,,,,,,,,,,,,,,,,,101.2,100,,,,,,,,,,,,,,,,,,
2026-06-28T21:00:26.563712+00:00,2026-06-29T07:00:26.554712,1,1,100.95,0.5,100.7,202,,,,,,,,,,,,,,,,,,,101.2,100,,,,,,,,,,,,,,,,,,
2026-06-28T21:00:26.607712+00:00,2026-06-29T07:00:26.606712,1,1,100.95,0.5,100.7,202,,,,,,,,,,,,,,,,,,,101.2,250,,,,,,,,,,,,,,,,,,
2026-06-28T21:00:26.827712+00:00,2026-06-29T07:00:26.824712,1,1,100.95,0.5,100.7,152,,,,,,,,,,,,,,,,,,,101.2,150,,,,,,,,,,,,,,,,,,
2026-06-28T21:00:26.882712+00:00,2026-06-29T07:00:26.879712,2,1,100.95,0.5,100.7,152,100.6,100,,,,,,,,,,,,,,,,,101.2,150,,,,,,,,,,,,,,,,,,
2026-06-28T21:00:26.948704+00:00,2026-06-29T07:00:26.945712,2,2,100.9,0.4,100.7,152,100.6,100,,,,,,,,,,,,,,,,,101.1,100,101.2,150,,,,,,,,,,,,,,,,
2026-06-28T21:00:27.355703+00:00,2026-06-29T07:00:27.350703,2,2,100.9,0.4,100.7,109,100.6,100,,,,,,,,,,,,,,,,,101.1,100,101.2,150,,,,,,,,,,,,,,,,
2026-06-28T21:00:27.597712+00:00,2026-06-29T07:00:27.592712,2,2,100.9,0.4,100.7,59,100.6,100,,,,,,,,,,,,,,,,,101.1,100,101.2,150,,,,,,,,,,,,,,,,
2026-06-28T21:00:28.113906+00:00,2026-06-29T07:00:28.112906,2,3,100.85,0.3,100.7,59,100.6,100,,,,,,,,,,,,,,,,,101.0,4,101.1,100,101.2,150,,,,,,,,,,,,,,
2026-06-28T21:00:28.179906+00:00,2026-06-29T07:00:28.171906,2,3,100.85,0.3,100.7,60,100.6,100,,,,,,,,,,,,,,,,,101.0,4,101.1,100,101.2,150,,,,,,,,,,,,,,
2026-06-28T21:00:29.664915+00:00,2026-06-29T07:00:29.660915,2,2,100.85,0.3,100.7,1,100.6,100,,,,,,,,,,,,,,,,,101.0,4,101.1,100,,,,,,,,,,,,,,,,
2026-06-28T21:00:29.708915+00:00,2026-06-29T07:00:29.699915,1,2,100.8,0.4,100.6,51,,,,,,,,,,,,,,,,,,,101.0,4,101.1,100,,,,,,,,,,,,,,,,
2026-06-28T21:00:29.719915+00:00,2026-06-29T07:00:29.714915,2,2,100.8,0.4,100.6,51,100.1,150,,,,,,,,,,,,,,,,,101.0,4,101.1,100,,,,,,,,,,,,,,,,
2026-06-28T21:00:29.730916+00:00,2026-06-29T07:00:29.720915,3,2,100.85,0.3,100.7,1,100.6,51,100.1,150,,,,,,,,,,,,,,,101.0,4,101.1,100,,,,,,,,,,,,,,,,
2026-06-28T21:00:29.774915+00:00,2026-06-29T07:00:29.770906,1,3,100.35,0.5,100.1,150,,,,,,,,,,,,,,,,,,,100.6,98,101.0,4,101.1,100,,,,,,,,,,,,,,
2026-06-28T21:00:29.796915+00:00,2026-06-29T07:00:29.792915,1,3,100.35,0.5,100.1,150,,,,,,,,,,,,,,,,,,,100.6,97,101.0,4,101.1,100,,,,,,,,,,,,,,
2026-06-28T21:00:29.829915+00:00,2026-06-29T07:00:29.818915,1,3,100.35,0.5,100.1,150,,,,,,,,,,,,,,,,,,,100.6,96,101.0,4,101.1,100,,,,,,,,,,,,,,
2026-06-28T21:00:29.895915+00:00,2026-06-29T07:00:29.885157,1,3,100.35,0.5,100.1,150,,,,,,,,,,,,,,,,,,,100.6,95,101.0,4,101.1,100,,,,,,,,,,,,,,
2026-06-28T21:00:29.928915+00:00,2026-06-29T07:00:29.924915,1,3,100.35,0.5,100.1,150,,,,,,,,,,,,,,,,,,,100.6,94,101.0,4,101.1,100,,,,,,,,,,,,,,
2026-06-28T21:00:29.939915+00:00,2026-06-29T07:00:29.934915,1,3,100.35,0.5,100.1,150,,,,,,,,,,,,,,,,,,,100.6,69,101.0,4,101.1,100,,,,,,,,,,,,,,
2026-06-28T21:00:29.972915+00:00,2026-06-29T07:00:29.964906,1,3,100.35,0.5,100.1,150,,,,,,,,,,,,,,,,,,,100.6,68,101.0,4,101.1,100,,,,,,,,,,,,,,
2026-06-28T21:00:29.994915+00:00,2026-06-29T07:00:29.986915,1,3,100.35,0.5,100.1,150,,,,,,,,,,,,,,,,,,,100.6,67,101.0,4,101.1,100,,,,,,,,,,,,,,
2026-06-28T21:00:30.005915+00:00,2026-06-29T07:00:29.996906,1,2,100.35,0.5,100.1,150,,,,,,,,,,,,,,,,,,,100.6,67,101.0,4,,,,,,,,,,,,,,,,
2026-06-28T21:00:30.049906+00:00,2026-06-29T07:00:30.046915,1,2,100.35,0.5,100.1,250,,,,,,,,,,,,,,,,,,,100.6,67,101.0,4,,,,,,,,,,,,,,,,
2026-06-28T21:00:30.104915+00:00,2026-06-29T07:00:30.100915,1,2,100.35,0.5,100.1,250,,,,,,,,,,,,,,,,,,,100.6,167,101.0,4,,,,,,,,,,,,,,,,
2026-06-28T21:00:30.148906+00:00,2026-06-29T07:00:30.143906,1,2,100.35,0.5,100.1,250,,,,,,,,,,,,,,,,,,,100.6,142,101.0,4,,,,,,,,,,,,,,,,
2026-06-28T21:00:30.225906+00:00,2026-06-29T07:00:30.223906,1,2,100.35,0.5,100.1,250,,,,,,,,,,,,,,,,,,,100.6,141,101.0,4,,,,,,,,,,,,,,,,
2026-06-28T21:00:30.368906+00:00,2026-06-29T07:00:30.357906,1,2,100.35,0.5,100.1,250,,,,,,,,,,,,,,,,,,,100.6,116,101.0,4,,,,,,,,,,,,,,,,
2026-06-28T21:00:31.039915+00:00,2026-06-29T07:00:31.037915,1,2,100.35,0.5,100.1,250,,,,,,,,,,,,,,,,,,,100.6,114,101.0,4,,,,,,,,,,,,,,,,
2026-06-28T21:00:31.281915+00:00,2026-06-29T07:00:31.277915,1,2,100.35,0.5,100.1,250,,,,,,,,,,,,,,,,,,,100.6,114,101.0,3,,,,,,,,,,,,,,,,
2026-06-28T21:00:31.314915+00:00,2026-06-29T07:00:31.306915,1,2,100.35,0.5,100.1,250,,,,,,,,,,,,,,,,,,,100.6,112,101.0,3,,,,,,,,,,,,,,,,
2026-06-28T21:00:31.765915+00:00,2026-06-29T07:00:31.760915,1,2,100.35,0.5,100.1,250,,,,,,,,,,,,,,,,,,,100.6,62,101.0,3,,,,,,,,,,,,,,,,
2026-06-28T21:00:31.897915+00:00,2026-06-29T07:00:31.887092,1,2,100.35,0.5,100.1,250,,,,,,,,,,,,,,,,,,,100.6,60,101.0,3,,,,,,,,,,,,,,,,
2026-06-28T21:00:31.930915+00:00,2026-06-29T07:00:31.924915,1,2,100.35,0.5,100.1,250,,,,,,,,,,,,,,,,,,,100.6,58,101.0,3,,,,,,,,,,,,,,,,
2026-06-28T21:00:31.963915+00:00,2026-06-29T07:00:31.956915,1,2,100.35,0.5,100.1,250,,,,,,,,,,,,,,,,,,,100.6,56,101.0,3,,,,,,,,,,,,,,,,
2026-06-28T21:00:31.985915+00:00,2026-06-29T07:00:31.982915,1,2,100.35,0.5,100.1,250,,,,,,,,,,,,,,,,,,,100.6,54,101.0,3,,,,,,,,,,,,,,,,
2026-06-28T21:00:32.051915+00:00,2026-06-29T07:00:32.041915,1,2,100.35,0.5,100.1,250,,,,,,,,,,,,,,,,,,,100.6,52,101.0,3,,,,,,,,,,,,,,,,
2026-06-28T21:00:32.073915+00:00,2026-06-29T07:00:32.064915,1,2,100.35,0.5,100.1,250,,,,,,,,,,,,,,,,,,,100.6,50,101.0,3,,,,,,,,,,,,,,,,
2026-06-28T21:00:32.315915+00:00,2026-06-29T07:00:32.313906,1,2,100.35,0.5,100.1,250,,,,,,,,,,,,,,,,,,,100.6,49,101.0,3,,,,,,,,,,,,,,,,
2026-06-28T21:00:32.359915+00:00,2026-06-29T07:00:32.349915,1,1,100.55,0.9,100.1,250,,,,,,,,,,,,,,,,,,,101.0,3,,,,,,,,,,,,,,,,,,
2026-06-28T21:00:32.370915+00:00,2026-06-29T07:00:32.368915,2,1,100.8,0.4,100.6,1,100.1,250,,,,,,,,,,,,,,,,,101.0,3,,,,,,,,,,,,,,,,,,
2026-06-28T21:00:32.833023+00:00,2026-06-29T07:00:32.824023,2,1,100.8,0.4,100.6,1,100.1,100,,,,,,,,,,,,,,,,,101.0,3,,,,,,,,,,,,,,,,,,
2026-06-28T21:00:32.888014+00:00,2026-06-29T07:00:32.877023,3,1,100.8,0.4,100.6,1,100.5,150,100.1,100,,,,,,,,,,,,,,,101.0,3,,,,,,,,,,,,,,,,,,
2026-06-28T21:00:32.932023+00:00,2026-06-29T07:00:32.930023,3,1,100.8,0.4,100.6,1,100.5,150,100.1,100,,,,,,,,,,,,,,,101.0,153,,,,,,,,,,,,,,,,,,
2026-06-28T21:00:33.163014+00:00,2026-06-29T07:00:33.156014,2,1,100.8,0.4,100.6,1,100.5,150,,,,,,,,,,,,,,,,,101.0,153,,,,,,,,,,,,,,,,,,
2026-06-28T21:00:33.218014+00:00,2026-06-29T07:00:33.215013,3,1,100.8,0.4,100.6,1,100.5,150,100.2,100,,,,,,,,,,,,,,,101.0,153,,,,,,,,,,,,,,,,,,
2026-06-28T21:00:33.262014+00:00,2026-06-29T07:00:33.262014,3,2,100.65,0.1,100.6,1,100.5,150,100.2,100,,,,,,,,,,,,,,,100.7,100,101.0,153,,,,,,,,,,,,,,,,
2026-06-28T21:00:33.878023+00:00,2026-06-29T07:00:33.869023,3,2,100.65,0.1,100.6,1,100.5,150,100.2,100,,,,,,,,,,,,,,,100.7,50,101.0,153,,,,,,,,,,,,,,,,
2026-06-28T21:00:34.450202+00:00,2026-06-29T07:00:34.443202,2,2,100.6,0.2,100.5,150,100.2,100,,,,,,,,,,,,,,,,,100.7,50,101.0,153,,,,,,,,,,,,,,,,
2026-06-28T21:00:35.990202+00:00,2026-06-29T07:00:35.987202,1,1,100.45,0.5,100.2,100,,,,,,,,,,,,,,,,,,,100.7,50,,,,,,,,,,,,,,,,,,
2026-06-28T21:00:36.023202+00:00,2026-06-29T07:00:36.015202,1,1,100.45,0.5,100.2,55,,,,,,,,,,,,,,,,,,,100.7,50,,,,,,,,,,,,,,,,,,
2026-06-28T21:00:36.045202+00:00,2026-06-29T07:00:36.038202,2,1,100.6,0.2,100.5,150,100.2,55,,,,,,,,,,,,,,,,,100.7,50,,,,,,,,,,,,,,,,,,
2026-06-28T21:00:36.099796+00:00,2026-06-29T07:00:36.090796,2,2,100.6,0.2,100.5,150,100.2,55,,,,,,,,,,,,,,,,,100.7,50,101.0,150,,,,,,,,,,,,,,,,
2026-06-28T21:00:36.319796+00:00,2026-06-29T07:00:36.316788,1,1,100.75,0.5,100.5,150,,,,,,,,,,,,,,,,,,,101.0,150,,,,,,,,,,,,,,,,,,
2026-06-28T21:00:36.374796+00:00,2026-06-29T07:00:36.367796,2,1,100.75,0.5,100.5,150,100.3,100,,,,,,,,,,,,,,,,,101.0,150,,,,,,,,,,,,,,,,,,
2026-06-28T21:00:36.429796+00:00,2026-06-29T07:00:36.419797,2,2,100.65,0.3,100.5,150,100.3,100,,,,,,,,,,,,,,,,,100.8,100,101.0,150,,,,,,,,,,,,,,,,
2026-06-28T21:00:36.528796+00:00,2026-06-29T07:00:36.518796,2,2,100.65,0.3,100.5,150,100.3,100,,,,,,,,,,,,,,,,,100.8,105,101.0,150,,,,,,,,,,,,,,,,
2026-06-28T21:00:37.144796+00:00,2026-06-29T07:00:37.134796,2,2,100.65,0.3,100.5,150,100.3,100,,,,,,,,,,,,,,,,,100.8,63,101.0,150,,,,,,,,,,,,,,,,
2026-06-28T21:00:38.133885+00:00,2026-06-29T07:00:38.130886,2,2,100.65,0.3,100.5,100,100.3,100,,,,,,,,,,,,,,,,,100.8,63,101.0,150,,,,,,,,,,,,,,,,
2026-06-28T21:00:39.145885+00:00,2026-06-29T07:00:39.144885,2,1,100.65,0.3,100.5,100,100.3,100,,,,,,,,,,,,,,,,,100.8,63,,,,,,,,,,,,,,,,,,
2026-06-28T21:00:39.156885+00:00,2026-06-29T07:00:39.145885,1,1,100.55,0.5,100.3,100,,,,,,,,,,,,,,,,,,,100.8,63,,,,,,,,,,,,,,,,,,
2026-06-28T21:00:39.211886+00:00,2026-06-29T07:00:39.201877,2,1,100.55,0.5,100.3,100,100.2,150,,,,,,,,,,,,,,,,,100.8,63,,,,,,,,,,,,,,,,,,
2026-06-28T21:00:39.244885+00:00,2026-06-29T07:00:39.240885,2,1,100.55,0.5,100.3,59,100.2,150,,,,,,,,,,,,,,,,,100.8,63,,,,,,,,,,,,,,,,,,
2026-06-28T21:00:39.255885+00:00,2026-06-29T07:00:39.251886,2,2,100.5,0.4,100.3,59,100.2,150,,,,,,,,,,,,,,,,,100.7,150,100.8,63,,,,,,,,,,,,,,,,
2026-06-28T21:00:39.475461+00:00,2026-06-29T07:00:39.474460,2,2,100.5,0.4,100.3,59,100.2,150,,,,,,,,,,,,,,,,,100.7,150,100.8,5,,,,,,,,,,,,,,,,
2026-06-28T21:00:39.486461+00:00,2026-06-29T07:00:39.477460,1,2,100.45,0.5,100.2,150,,,,,,,,,,,,,,,,,,,100.7,150,100.8,5,,,,,,,,,,,,,,,,
2026-06-28T21:00:39.530461+00:00,2026-06-29T07:00:39.529460,1,2,100.45,0.5,100.2,250,,,,,,,,,,,,,,,,,,,100.7,150,100.8,5,,,,,,,,,,,,,,,,
2026-06-28T21:00:39.585460+00:00,2026-06-29T07:00:39.582461,1,2,100.45,0.5,100.2,250,,,,,,,,,,,,,,,,,,,100.7,250,100.8,5,,,,,,,,,,,,,,,,
2026-06-28T21:00:40.256469+00:00,2026-06-29T07:00:40.255469,1,2,100.45,0.5,100.2,200,,,,,,,,,,,,,,,,,,,100.7,250,100.8,5,,,,,,,,,,,,,,,,
2026-06-28T21:00:41.333975+00:00,2026-06-29T07:00:41.323975,1,2,100.45,0.5,100.2,200,,,,,,,,,,,,,,,,,,,100.7,207,100.8,5,,,,,,,,,,,,,,,,
2026-06-28T21:00:41.388975+00:00,2026-06-29T07:00:41.380975,1,2,100.45,0.5,100.2,159,,,,,,,,,,,,,,,,,,,100.7,207,100.8,5,,,,,,,,,,,,,,,,
2026-06-28T21:00:42.312984+00:00,2026-06-29T07:00:42.308984,1,2,100.45,0.5,100.2,100,,,,,,,,,,,,,,,,,,,100.7,50,100.8,5,,,,,,,,,,,,,,,,
2026-06-28T21:00:42.367974+00:00,2026-06-29T07:00:42.357975,2,2,100.45,0.5,100.2,100,100.1,150,,,,,,,,,,,,,,,,,100.7,50,100.8,5,,,,,,,,,,,,,,,,
2026-06-28T21:00:42.411975+00:00,2026-06-29T07:00:42.409975,2,3,100.4,0.4,100.2,100,100.1,150,,,,,,,,,,,,,,,,,100.6,150,100.7,50,100.8,5,,,,,,,,,,,,,,
2026-06-28T21:00:42.642093+00:00,2026-06-29T07:00:42.640093,1,2,100.35,0.5,100.1,150,,,,,,,,,,,,,,,,,,,100.6,150,100.8,5,,,,,,,,,,,,,,,,
2026-06-28T21:00:42.707975+00:00,2026-06-29T07:00:42.697976,2,2,100.55,0.1,100.5,100,100.1,150,,,,,,,,,,,,,,,,,100.6,150,100.8,5,,,,,,,,,,,,,,,,
2026-06-28T21:00:42.751677+00:00,2026-06-29T07:00:42.748084,2,3,100.55,0.1,100.5,100,100.1,150,,,,,,,,,,,,,,,,,100.6,150,100.8,5,101.0,100,,,,,,,,,,,,,,
2026-06-28T21:00:43.598677+00:00,2026-06-29T07:00:43.593677,2,3,100.55,0.1,100.5,100,100.1,150,,,,,,,,,,,,,,,,,100.6,149,100.8,5,101.0,100,,,,,,,,,,,,,,
2026-06-28T21:00:44.104668+00:00,2026-06-29T07:00:44.100677,2,3,100.55,0.1,100.5,53,100.1,150,,,,,,,,,,,,,,,,,100.6,149,100.8,5,101.0,100,,,,,,,,,,,,,,
2026-06-28T21:00:44.225677+00:00,2026-06-29T07:00:44.217676,2,3,100.55,0.1,100.5,53,100.1,150,,,,,,,,,,,,,,,,,100.6,149,100.8,4,101.0,100,,,,,,,,,,,,,,
2026-06-28T21:00:44.412667+00:00,2026-06-29T07:00:44.405668,2,3,100.55,0.1,100.5,53,100.1,150,,,,,,,,,,,,,,,,,100.6,145,100.8,4,101.0,100,,,,,,,,,,,,,,
2026-06-28T21:00:44.478667+00:00,2026-06-29T07:00:44.467778,2,3,100.55,0.1,100.5,3,100.1,150,,,,,,,,,,,,,,,,,100.6,145,100.8,4,101.0,100,,,,,,,,,,,,,,
2026-06-28T21:00:44.973677+00:00,2026-06-29T07:00:44.970677,2,3,100.55,0.1,100.5,3,100.1,150,,,,,,,,,,,,,,,,,100.6,100,100.8,4,101.0,100,,,,,,,,,,,,,,
2026-06-28T21:00:45.468667+00:00,2026-06-29T07:00:45.465668,1,2,100.65,0.3,100.5,3,,,,,,,,,,,,,,,,,,,100.8,4,101.0,100,,,,,,,,,,,,,,,,
2026-06-28T21:00:45.523668+00:00,2026-06-29T07:00:45.518668,2,2,100.65,0.3,100.5,3,100.1,150,,,,,,,,,,,,,,,,,100.8,4,101.0,100,,,,,,,,,,,,,,,,
2026-06-28T21:00:45.578677+00:00,2026-06-29T07:00:45.570667,2,3,100.55,0.1,100.5,3,100.1,150,,,,,,,,,,,,,,,,,100.6,150,100.8,4,101.0,100,,,,,,,,,,,,,,
2026-06-28T21:00:45.809676+00:00,2026-06-29T07:00:45.804668,1,2,100.35,0.5,100.1,150,,,,,,,,,,,,,,,,,,,100.6,150,100.8,4,,,,,,,,,,,,,,,,
2026-06-28T21:00:45.864677+00:00,2026-06-29T07:00:45.856677,2,2,100.35,0.5,100.1,150,99.9,100,,,,,,,,,,,,,,,,,100.6,150,100.8,4,,,,,,,,,,,,,,,,
2026-06-28T21:00:45.919677+00:00,2026-06-29T07:00:45.908677,2,3,100.25,0.3,100.1,150,99.9,100,,,,,,,,,,,,,,,,,100.4,100,100.6,150,100.8,4,,,,,,,,,,,,,,
2026-06-28T21:00:46.018676+00:00,2026-06-29T07:00:46.015668,2,3,100.25,0.3,100.1,150,99.9,100,,,,,,,,,,,,,,,,,100.4,99,100.6,150,100.8,4,,,,,,,,,,,,,,
2026-06-28T21:00:46.436233+00:00,2026-06-29T07:00:46.426233,2,3,100.25,0.3,100.1,150,99.9,100,,,,,,,,,,,,,,,,,100.4,98,100.6,150,100.8,4,,,,,,,,,,,,,,
2026-06-28T21:00:46.579233+00:00,2026-06-29T07:00:46.574233,2,3,100.25,0.3,100.1,100,99.9,100,,,,,,,,,,,,,,,,,100.4,98,100.6,150,100.8,4,,,,,,,,,,,,,,
2026-06-28T21:00:48.634951+00:00,2026-06-29T07:00:48.626951,1,1,100.15,0.5,99.9,100,,,,,,,,,,,,,,,,,,,100.4,98,,,,,,,,,,,,,,,,,,
2026-06-28T21:00:48.678951+00:00,2026-06-29T07:00:48.677951,2,1,100.15,0.5,99.9,100,99.8,150,,,,,,,,,,,,,,,,,100.4,98,,,,,,,,,,,,,,,,,,
2026-06-28T21:00:48.689951+00:00,2026-06-29T07:00:48.680951,2,1,100.15,0.5,99.9,50,99.8,150,,,,,,,,,,,,,,,,,100.4,98,,,,,,,,,,,,,,,,,,
2026-06-28T21:00:48.733951+00:00,2026-06-29T07:00:48.729950,2,2,100.1,0.4,99.9,50,99.8,150,,,,,,,,,,,,,,,,,100.3,150,100.4,98,,,,,,,,,,,,,,,,
2026-06-28T21:00:48.964951+00:00,2026-06-29T07:00:48.963951,2,1,100.1,0.4,99.9,50,99.8,150,,,,,,,,,,,,,,,,,100.3,150,,,,,,,,,,,,,,,,,,
2026-06-28T21:00:48.975951+00:00,2026-06-29T07:00:48.964951,1,1,100.05,0.5,99.8,150,,,,,,,,,,,,,,,,,,,100.3,150,,,,,,,,,,,,,,,,,,
2026-06-28T21:00:49.019950+00:00,2026-06-29T07:00:49.017951,1,1,100.05,0.5,99.8,250,,,,,,,,,,,,,,,,,,,100.3,150,,,,,,,,,,,,,,,,,,
2026-06-28T21:00:49.074950+00:00,2026-06-29T07:00:49.070951,1,1,100.05,0.5,99.8,250,,,,,,,,,,,,,,,,,,,100.3,250,,,,,,,,,,,,,,,,,,
2026-06-28T21:00:50.746950+00:00,2026-06-29T07:00:50.735951,1,1,100.05,0.5,99.8,250,,,,,,,,,,,,,,,,,,,100.3,200,,,,,,,,,,,,,,,,,,
2026-06-28T21:00:51.791951+00:00,2026-06-29T07:00:51.786951,2,1,100.25,0.1,100.2,4,99.8,100,,,,,,,,,,,,,,,,,100.3,100,,,,,,,,,,,,,,,,,,
2026-06-28T21:00:51.802951+00:00,2026-06-29T07:00:51.797951,1,1,100.05,0.5,99.8,100,,,,,,,,,,,,,,,,,,,100.3,100,,,,,,,,,,,,,,,,,,
2026-06-28T21:00:51.846950+00:00,2026-06-29T07:00:51.837951,2,1,100.2,0.2,100.1,150,99.8,100,,,,,,,,,,,,,,,,,100.3,100,,,,,,,,,,,,,,,,,,
2026-06-28T21:00:51.901951+00:00,2026-06-29T07:00:51.890951,2,2,100.2,0.2,100.1,150,99.8,100,,,,,,,,,,,,,,,,,100.3,100,100.6,150,,,,,,,,,,,,,,,,
2026-06-28T21:00:52.132951+00:00,2026-06-29T07:00:52.126951,1,1,100.35,0.5,100.1,150,,,,,,,,,,,,,,,,,,,100.6,150,,,,,,,,,,,,,,,,,,
2026-06-28T21:00:52.187950+00:00,2026-06-29T07:00:52.179950,2,1,100.35,0.5,100.1,150,99.8,100,,,,,,,,,,,,,,,,,100.6,150,,,,,,,,,,,,,,,,,,
2026-06-28T21:00:52.242950+00:00,2026-06-29T07:00:52.232195,2,2,100.2,0.2,100.1,150,99.8,100,,,,,,,,,,,,,,,,,100.3,100,100.6,150,,,,,,,,,,,,,,,,
2026-06-28T21:00:52.495941+00:00,2026-06-29T07:00:52.486941,3,2,100.25,0.1,100.2,4,100.1,150,99.8,100,,,,,,,,,,,,,,,100.3,100,100.6,150,,,,,,,,,,,,,,,,
2026-06-28T21:00:53.430293+00:00,2026-06-29T07:00:53.429173,3,3,100.25,0.1,100.2,4,100.1,150,99.8,100,,,,,,,,,,,,,,,100.3,100,100.5,1,100.6,150,,,,,,,,,,,,,,
2026-06-28T21:00:54.947183+00:00,2026-06-29T07:00:54.946183,3,2,100.25,0.1,100.2,4,100.1,150,99.8,100,,,,,,,,,,,,,,,100.3,50,100.5,1,,,,,,,,,,,,,,,,
2026-06-28T21:00:54.958183+00:00,2026-06-29T07:00:54.947183,2,2,100.25,0.1,100.2,4,99.8,100,,,,,,,,,,,,,,,,,100.3,50,100.5,1,,,,,,,,,,,,,,,,
2026-06-28T21:00:55.002183+00:00,2026-06-29T07:00:55.000183,2,2,100.25,0.1,100.2,154,99.8,100,,,,,,,,,,,,,,,,,100.3,50,100.5,1,,,,,,,,,,,,,,,,
2026-06-28T21:00:55.057183+00:00,2026-06-29T07:00:55.053183,2,3,100.25,0.1,100.2,154,99.8,100,,,,,,,,,,,,,,,,,100.3,50,100.5,1,100.7,150,,,,,,,,,,,,,,
2026-06-28T21:00:55.288183+00:00,2026-06-29T07:00:55.287182,1,2,100.35,0.3,100.2,154,,,,,,,,,,,,,,,,,,,100.5,1,100.7,150,,,,,,,,,,,,,,,,
2026-06-28T21:00:55.343182+00:00,2026-06-29T07:00:55.340182,2,2,100.35,0.3,100.2,154,100.0,100,,,,,,,,,,,,,,,,,100.5,1,100.7,150,,,,,,,,,,,,,,,,
2026-06-28T21:00:55.398183+00:00,2026-06-29T07:00:55.394183,2,2,100.35,0.3,100.2,154,100.0,100,,,,,,,,,,,,,,,,,100.5,101,100.7,150,,,,,,,,,,,,,,,,
2026-06-28T21:00:57.058263+00:00,2026-06-29T07:00:57.054263,2,2,100.35,0.3,100.2,154,100.0,100,,,,,,,,,,,,,,,,,100.5,51,100.7,150,,,,,,,,,,,,,,,,
2026-06-28T21:00:57.586275+00:00,2026-06-29T07:00:57.585275,2,2,100.35,0.3,100.2,154,100.0,100,,,,,,,,,,,,,,,,,100.5,53,100.7,150,,,,,,,,,,,,,,,,
2026-06-28T21:00:58.113342+00:00,2026-06-29T07:00:58.107342,2,1,100.35,0.3,100.2,4,100.0,100,,,,,,,,,,,,,,,,,100.5,53,,,,,,,,,,,,,,,,,,
2026-06-28T21:00:58.168342+00:00,2026-06-29T07:00:58.161342,3,1,100.4,0.2,100.3,150,100.2,4,100.0,100,,,,,,,,,,,,,,,100.5,53,,,,,,,,,,,,,,,,,,
2026-06-28T21:00:58.223342+00:00,2026-06-29T07:00:58.214342,3,2,100.4,0.2,100.3,150,100.2,4,100.0,100,,,,,,,,,,,,,,,100.5,53,100.8,150,,,,,,,,,,,,,,,,
2026-06-28T21:00:58.421342+00:00,2026-06-29T07:00:58.417343,3,2,100.4,0.2,100.3,150,100.2,4,100.0,100,,,,,,,,,,,,,,,100.5,52,100.8,150,,,,,,,,,,,,,,,,
2026-06-28T21:00:58.454343+00:00,2026-06-29T07:00:58.452342,2,2,100.4,0.2,100.3,150,100.2,4,,,,,,,,,,,,,,,,,100.5,1,100.8,150,,,,,,,,,,,,,,,,
2026-06-28T21:00:58.465342+00:00,2026-06-29T07:00:58.462334,2,1,100.55,0.5,100.3,150,100.2,4,,,,,,,,,,,,,,,,,100.8,150,,,,,,,,,,,,,,,,,,
2026-06-28T21:00:58.509342+00:00,2026-06-29T07:00:58.506342,2,1,100.55,0.5,100.3,250,100.2,4,,,,,,,,,,,,,,,,,100.8,150,,,,,,,,,,,,,,,,,,
2026-06-28T21:00:58.564342+00:00,2026-06-29T07:00:58.558343,2,1,100.55,0.5,100.3,250,100.2,4,,,,,,,,,,,,,,,,,100.8,250,,,,,,,,,,,,,,,,,,
2026-06-28T21:00:59.168452+00:00,2026-06-29T07:00:59.160452,2,1,100.55,0.5,100.3,250,100.2,4,,,,,,,,,,,,,,,,,100.8,200,,,,,,,,,,,,,,,,,,
2026-06-28T21:00:59.993333+00:00,2026-06-29T07:00:59.984334,2,1,100.55,0.5,100.3,250,100.2,4,,,,,,,,,,,,,,,,,100.8,151,,,,,,,,,,,,,,,,,,
2026-06-28T21:01:01.269335+00:00,2026-06-29T07:01:01.269335,2,1,100.55,0.5,100.3,250,100.2,4,,,,,,,,,,,,,,,,,100.8,101,,,,,,,,,,,,,,,,,,
2026-06-28T21:01:01.280342+00:00,2026-06-29T07:01:01.272343,2,1,100.55,0.5,100.3,100,100.2,4,,,,,,,,,,,,,,,,,100.8,100,,,,,,,,,,,,,,,,,,
2026-06-28T21:01:01.335343+00:00,2026-06-29T07:01:01.324451,3,1,100.75,0.1,100.7,150,100.3,100,100.2,4,,,,,,,,,,,,,,,100.8,100,,,,,,,,,,,,,,,,,,
2026-06-28T21:01:01.379342+00:00,2026-06-29T07:01:01.377342,3,2,100.75,0.1,100.7,150,100.3,100,100.2,4,,,,,,,,,,,,,,,100.8,100,101.2,150,,,,,,,,,,,,,,,,
2026-06-28T21:01:01.621333+00:00,2026-06-29T07:01:01.614342,2,1,100.95,0.5,100.7,150,100.2,4,,,,,,,,,,,,,,,,,101.2,150,,,,,,,,,,,,,,,,,,
2026-06-28T21:01:01.676334+00:00,2026-06-29T07:01:01.666334,2,1,100.95,0.5,100.7,150,100.2,104,,,,,,,,,,,,,,,,,101.2,150,,,,,,,,,,,,,,,,,,
2026-06-28T21:01:01.731333+00:00,2026-06-29T07:01:01.721334,2,1,100.95,0.5,100.7,50,100.2,104,,,,,,,,,,,,,,,,,101.2,150,,,,,,,,,,,,,,,,,,
2026-06-28T21:01:03.381487+00:00,2026-06-29T07:01:03.375495,2,1,100.95,0.5,100.7,50,100.2,104,,,,,,,,,,,,,,,,,101.2,100,,,,,,,,,,,,,,,,,,
2026-06-28T21:01:04.415495+00:00,2026-06-29T07:01:04.410495,2,1,100.95,0.5,100.7,4,100.2,104,,,,,,,,,,,,,,,,,101.2,100,,,,,,,,,,,,,,,,,,
2026-06-28T21:01:04.437495+00:00,2026-06-29T07:01:04.433492,1,0,,,100.2,104,,,,,,,,,,,,,,,,,,,,,,,,,,,,,,,,,,,,,,
2026-06-28T21:01:04.492494+00:00,2026-06-29T07:01:04.487495,2,0,,,100.4,150,100.2,104,,,,,,,,,,,,,,,,,,,,,,,,,,,,,,,,,,,,
2026-06-28T21:01:04.547494+00:00,2026-06-29T07:01:04.542494,2,1,100.65,0.5,100.4,150,100.2,100,,,,,,,,,,,,,,,,,100.9,150,,,,,,,,,,,,,,,,,,
2026-06-28T21:01:04.789000+00:00,2026-06-29T07:01:04.786000,1,1,100.65,0.5,100.4,150,,,,,,,,,,,,,,,,,,,100.9,150,,,,,,,,,,,,,,,,,,
2026-06-28T21:01:04.833000+00:00,2026-06-29T07:01:04.828000,2,1,100.7,0.4,100.5,100,100.4,150,,,,,,,,,,,,,,,,,100.9,150,,,,,,,,,,,,,,,,,,
2026-06-28T21:01:04.888000+00:00,2026-06-29T07:01:04.880000,2,2,100.7,0.4,100.5,100,100.4,150,,,,,,,,,,,,,,,,,100.9,150,101.0,100,,,,,,,,,,,,,,,,
2026-06-28T21:01:05.493009+00:00,2026-06-29T07:01:05.485009,2,2,100.7,0.4,100.5,100,100.4,150,,,,,,,,,,,,,,,,,100.9,100,101.0,100,,,,,,,,,,,,,,,,
2026-06-28T21:01:07.604594+00:00,2026-06-29T07:01:07.598594,1,1,100.75,0.5,100.5,100,,,,,,,,,,,,,,,,,,,101.0,100,,,,,,,,,,,,,,,,,,
2026-06-28T21:01:07.659594+00:00,2026-06-29T07:01:07.650593,1,1,100.75,0.5,100.5,250,,,,,,,,,,,,,,,,,,,101.0,100,,,,,,,,,,,,,,,,,,
2026-06-28T21:01:07.714593+00:00,2026-06-29T07:01:07.703594,1,1,100.75,0.5,100.5,250,,,,,,,,,,,,,,,,,,,101.0,250,,,,,,,,,,,,,,,,,,
2026-06-28T21:01:07.944262+00:00,2026-06-29T07:01:07.936254,1,1,100.75,0.5,100.5,150,,,,,,,,,,,,,,,,,,,101.0,150,,,,,,,,,,,,,,,,,,
2026-06-28T21:01:07.999144+00:00,2026-06-29T07:01:07.988145,2,1,100.75,0.5,100.5,150,100.4,100,,,,,,,,,,,,,,,,,101.0,150,,,,,,,,,,,,,,,,,,
2026-06-28T21:01:08.043145+00:00,2026-06-29T07:01:08.041144,2,2,100.7,0.4,100.5,150,100.4,100,,,,,,,,,,,,,,,,,100.9,100,101.0,150,,,,,,,,,,,,,,,,
2026-06-28T21:01:08.076143+00:00,2026-06-29T07:01:08.073143,2,3,100.6,0.2,100.5,150,100.4,100,,,,,,,,,,,,,,,,,100.7,5,100.9,100,101.0,150,,,,,,,,,,,,,,
2026-06-28T21:01:08.175143+00:00,2026-06-29T07:01:08.166144,2,3,100.6,0.2,100.5,150,100.4,101,,,,,,,,,,,,,,,,,100.7,5,100.9,100,101.0,150,,,,,,,,,,,,,,
2026-06-28T21:01:08.769144+00:00,2026-06-29T07:01:08.759143,2,3,100.6,0.2,100.5,150,100.4,101,,,,,,,,,,,,,,,,,100.7,4,100.9,100,101.0,150,,,,,,,,,,,,,,
2026-06-28T21:01:09.506153+00:00,2026-06-29T07:01:09.496153,2,3,100.6,0.2,100.5,150,100.4,101,,,,,,,,,,,,,,,,,100.7,3,100.9,100,101.0,150,,,,,,,,,,,,,,
2026-06-28T21:01:09.704153+00:00,2026-06-29T07:01:09.703153,2,2,100.7,0.4,100.5,150,100.4,101,,,,,,,,,,,,,,,,,100.9,53,101.0,150,,,,,,,,,,,,,,,,
2026-06-28T21:01:10.760153+00:00,2026-06-29T07:01:10.758153,2,1,100.7,0.4,100.5,150,100.4,101,,,,,,,,,,,,,,,,,100.9,53,,,,,,,,,,,,,,,,,,
2026-06-28T21:01:10.771144+00:00,2026-06-29T07:01:10.760153,1,1,100.65,0.5,100.4,101,,,,,,,,,,,,,,,,,,,100.9,53,,,,,,,,,,,,,,,,,,
2026-06-28T21:01:10.815144+00:00,2026-06-29T07:01:10.814143,2,1,100.85,0.1,100.8,150,100.4,101,,,,,,,,,,,,,,,,,100.9,53,,,,,,,,,,,,,,,,,,
2026-06-28T21:01:10.870144+00:00,2026-06-29T07:01:10.865143,2,2,100.85,0.1,100.8,150,100.4,101,,,,,,,,,,,,,,,,,100.9,53,101.3,150,,,,,,,,,,,,,,,,
2026-06-28T21:01:10.892144+00:00,2026-06-29T07:01:10.888144,2,2,100.85,0.1,100.8,125,100.4,101,,,,,,,,,,,,,,,,,100.9,53,101.3,150,,,,,,,,,,,,,,,,
2026-06-28T21:01:11.101262+00:00,2026-06-29T07:01:11.097262,2,2,100.85,0.1,100.8,100,100.4,101,,,,,,,,,,,,,,,,,100.9,53,101.3,150,,,,,,,,,,,,,,,,
2026-06-28T21:01:11.112263+00:00,2026-06-29T07:01:11.102263,2,1,101.05,0.5,100.8,100,100.4,1,,,,,,,,,,,,,,,,,101.3,150,,,,,,,,,,,,,,,,,,
2026-06-28T21:01:11.156263+00:00,2026-06-29T07:01:11.150263,3,1,101.05,0.5,100.8,100,100.6,100,100.4,1,,,,,,,,,,,,,,,101.3,150,,,,,,,,,,,,,,,,,,
2026-06-28T21:01:11.211263+00:00,2026-06-29T07:01:11.203144,3,2,100.95,0.3,100.8,100,100.6,100,100.4,1,,,,,,,,,,,,,,,101.1,100,101.3,150,,,,,,,,,,,,,,,,
2026-06-28T21:01:11.321153+00:00,2026-06-29T07:01:11.312152,3,2,100.95,0.3,100.8,75,100.6,100,100.4,1,,,,,,,,,,,,,,,101.1,100,101.3,150,,,,,,,,,,,,,,,,
2026-06-28T21:01:11.530153+00:00,2026-06-29T07:01:11.521153,3,2,100.95,0.3,100.8,50,100.6,100,100.4,1,,,,,,,,,,,,,,,101.1,100,101.3,150,,,,,,,,,,,,,,,,
2026-06-28T21:01:11.739153+00:00,2026-06-29T07:01:11.732153,3,2,100.95,0.3,100.8,25,100.6,100,100.4,1,,,,,,,,,,,,,,,101.1,100,101.3,150,,,,,,,,,,,,,,,,
2026-06-28T21:01:11.816143+00:00,2026-06-29T07:01:11.810144,3,2,100.95,0.3,100.8,25,100.6,100,100.4,1,,,,,,,,,,,,,,,101.1,50,101.3,150,,,,,,,,,,,,,,,,
2026-06-28T21:01:11.827144+00:00,2026-06-29T07:01:11.816307,3,2,100.95,0.3,100.8,22,100.6,100,100.4,1,,,,,,,,,,,,,,,101.1,50,101.3,150,,,,,,,,,,,,,,,,
2026-06-28T21:01:11.948144+00:00,2026-06-29T07:01:11.944143,2,2,100.85,0.5,100.6,100,100.4,1,,,,,,,,,,,,,,,,,101.1,50,101.3,150,,,,,,,,,,,,,,,,
2026-06-28T21:01:12.058152+00:00,2026-06-29T07:01:12.048153,2,2,100.85,0.5,100.6,52,100.4,1,,,,,,,,,,,,,,,,,101.1,50,101.3,150,,,,,,,,,,,,,,,,
2026-06-28T21:01:12.892865+00:00,2026-06-29T07:01:12.883865,1,2,100.85,0.5,100.6,52,,,,,,,,,,,,,,,,,,,101.1,50,101.3,150,,,,,,,,,,,,,,,,
2026-06-28T21:01:13.772874+00:00,2026-06-29T07:01:13.762025,1,2,100.85,0.5,100.6,4,,,,,,,,,,,,,,,,,,,101.1,50,101.3,150,,,,,,,,,,,,,,,,
2026-06-28T21:01:13.926865+00:00,2026-06-29T07:01:13.920865,1,0,,,100.6,4,,,,,,,,,,,,,,,,,,,,,,,,,,,,,,,,,,,,,,
2026-06-28T21:01:13.981865+00:00,2026-06-29T07:01:13.973866,2,0,,,100.6,4,100.2,150,,,,,,,,,,,,,,,,,,,,,,,,,,,,,,,,,,,,
2026-06-28T21:01:14.036865+00:00,2026-06-29T07:01:14.027866,2,2,100.65,0.1,100.6,4,100.2,150,,,,,,,,,,,,,,,,,100.7,150,100.8,5,,,,,,,,,,,,,,,,
2026-06-28T21:01:14.267865+00:00,2026-06-29T07:01:14.256865,1,2,100.45,0.5,100.2,150,,,,,,,,,,,,,,,,,,,100.7,150,100.8,5,,,,,,,,,,,,,,,,
2026-06-28T21:01:14.311865+00:00,2026-06-29T07:01:14.309865,2,2,100.65,0.1,100.6,100,100.2,150,,,,,,,,,,,,,,,,,100.7,150,100.8,5,,,,,,,,,,,,,,,,
2026-06-28T21:01:14.366865+00:00,2026-06-29T07:01:14.361865,2,3,100.65,0.1,100.6,100,100.2,150,,,,,,,,,,,,,,,,,100.7,150,100.8,5,101.1,100,,,,,,,,,,,,,,
2026-06-28T21:01:14.696874+00:00,2026-06-29T07:01:14.689874,2,3,100.65,0.1,100.6,100,100.2,150,,,,,,,,,,,,,,,,,100.7,102,100.8,5,101.1,100,,,,,,,,,,,,,,
2026-06-28T21:01:15.444388+00:00,2026-06-29T07:01:15.442388,2,3,100.65,0.1,100.6,100,100.2,150,,,,,,,,,,,,,,,,,100.7,102,100.8,4,101.1,100,,,,,,,,,,,,,,
2026-06-28T21:01:15.455388+00:00,2026-06-29T07:01:15.445389,3,3,100.65,0.1,100.6,100,100.5,1,100.2,150,,,,,,,,,,,,,,,100.7,102,100.8,4,101.1,100,,,,,,,,,,,,,,
2026-06-28T21:01:15.631389+00:00,2026-06-29T07:01:15.630388,3,3,100.65,0.1,100.6,100,100.5,1,100.2,150,,,,,,,,,,,,,,,100.7,102,100.8,2,101.1,100,,,,,,,,,,,,,,
2026-06-28T21:01:15.675388+00:00,2026-06-29T07:01:15.670388,3,3,100.65,0.1,100.6,100,100.5,1,100.2,150,,,,,,,,,,,,,,,100.7,56,100.8,2,101.1,100,,,,,,,,,,,,,,
2026-06-28T21:01:16.027380+00:00,2026-06-29T07:01:16.024380,3,3,100.65,0.1,100.6,100,100.5,1,100.2,150,,,,,,,,,,,,,,,100.7,6,100.8,2,101.1,100,,,,,,,,,,,,,,
2026-06-28T21:01:16.467400+00:00,2026-06-29T07:01:16.460400,3,3,100.65,0.1,100.6,100,100.5,1,100.2,150,,,,,,,,,,,,,,,100.7,6,100.8,1,101.1,100,,,,,,,,,,,,,,
2026-06-28T21:01:16.643399+00:00,2026-06-29T07:01:16.632400,3,1,100.85,0.5,100.6,100,100.5,1,100.2,150,,,,,,,,,,,,,,,101.1,100,,,,,,,,,,,,,,,,,,
2026-06-28T21:01:17.083390+00:00,2026-06-29T07:01:17.080391,2,1,100.85,0.5,100.6,100,100.5,1,,,,,,,,,,,,,,,,,101.1,100,,,,,,,,,,,,,,,,,,
2026-06-28T21:01:17.138509+00:00,2026-06-29T07:01:17.132509,3,1,100.9,0.4,100.7,150,100.6,100,100.5,1,,,,,,,,,,,,,,,101.1,100,,,,,,,,,,,,,,,,,,
2026-06-28T21:01:17.193509+00:00,2026-06-29T07:01:17.185509,3,2,100.9,0.4,100.7,150,100.6,100,100.5,1,,,,,,,,,,,,,,,101.1,100,101.2,150,,,,,,,,,,,,,,,,
2026-06-28T21:01:17.424400+00:00,2026-06-29T07:01:17.416400,2,1,100.95,0.5,100.7,150,100.5,1,,,,,,,,,,,,,,,,,101.2,150,,,,,,,,,,,,,,,,,,
2026-06-28T21:01:17.479400+00:00,2026-06-29T07:01:17.468399,3,1,100.95,0.5,100.7,150,100.6,100,100.5,1,,,,,,,,,,,,,,,101.2,150,,,,,,,,,,,,,,,,,,
2026-06-28T21:01:17.523400+00:00,2026-06-29T07:01:17.521400,3,2,100.9,0.4,100.7,150,100.6,100,100.5,1,,,,,,,,,,,,,,,101.1,100,101.2,150,,,,,,,,,,,,,,,,
2026-06-28T21:01:17.796658+00:00,2026-06-29T07:01:17.794649,3,2,100.9,0.4,100.7,125,100.6,100,100.5,1,,,,,,,,,,,,,,,101.1,100,101.2,150,,,,,,,,,,,,,,,,
2026-06-28T21:01:18.148300+00:00,2026-06-29T07:01:18.137301,3,2,100.9,0.4,100.7,125,100.6,100,100.5,1,,,,,,,,,,,,,,,101.1,50,101.2,150,,,,,,,,,,,,,,,,
2026-06-28T21:01:18.511300+00:00,2026-06-29T07:01:18.501301,3,3,100.75,0.1,100.7,125,100.6,100,100.5,1,,,,,,,,,,,,,,,100.8,1,101.1,50,101.2,150,,,,,,,,,,,,,,
2026-06-28T21:01:19.666301+00:00,2026-06-29T07:01:19.665300,2,3,100.75,0.1,100.7,125,100.6,100,,,,,,,,,,,,,,,,,100.8,1,101.1,50,101.2,150,,,,,,,,,,,,,,
2026-06-28T21:01:20.248191+00:00,2026-06-29T07:01:20.241191,1,2,100.7,0.2,100.6,100,,,,,,,,,,,,,,,,,,,100.8,1,101.1,50,,,,,,,,,,,,,,,,
2026-06-28T21:01:20.303191+00:00,2026-06-29T07:01:20.302182,2,1,100.95,0.3,100.8,99,100.6,100,,,,,,,,,,,,,,,,,101.1,50,,,,,,,,,,,,,,,,,,
2026-06-28T21:01:20.358190+00:00,2026-06-29T07:01:20.348191,2,2,100.95,0.3,100.8,99,100.6,100,,,,,,,,,,,,,,,,,101.1,50,101.3,150,,,,,,,,,,,,,,,,
2026-06-28T21:01:20.545191+00:00,2026-06-29T07:01:20.541191,2,3,100.85,0.1,100.8,99,100.6,100,,,,,,,,,,,,,,,,,100.9,5,101.1,50,101.3,150,,,,,,,,,,,,,,
2026-06-28T21:01:20.578195+00:00,2026-06-29T07:01:20.576195,1,2,100.85,0.1,100.8,99,,,,,,,,,,,,,,,,,,,100.9,5,101.3,150,,,,,,,,,,,,,,,,
2026-06-28T21:01:20.644203+00:00,2026-06-29T07:01:20.633201,2,1,101.1,0.4,100.9,95,100.8,99,,,,,,,,,,,,,,,,,101.3,150,,,,,,,,,,,,,,,,,,
2026-06-28T21:01:20.688208+00:00,2026-06-29T07:01:20.686208,2,2,101.1,0.4,100.9,90,100.8,99,,,,,,,,,,,,,,,,,101.3,150,101.4,100,,,,,,,,,,,,,,,,
2026-06-28T21:01:20.798222+00:00,2026-06-29T07:01:20.792222,2,2,101.1,0.4,100.9,89,100.8,99,,,,,,,,,,,,,,,,,101.3,150,101.4,100,,,,,,,,,,,,,,,,
2026-06-28T21:01:21.656301+00:00,2026-06-29T07:01:21.646191,2,2,101.1,0.4,100.9,85,100.8,99,,,,,,,,,,,,,,,,,101.3,150,101.4,100,,,,,,,,,,,,,,,,
2026-06-28T21:01:21.788300+00:00,2026-06-29T07:01:21.785301,2,2,101.1,0.4,100.9,81,100.8,99,,,,,,,,,,,,,,,,,101.3,150,101.4,100,,,,,,,,,,,,,,,,
2026-06-28T21:01:22.415191+00:00,2026-06-29T07:01:22.408191,2,2,101.1,0.4,100.9,27,100.8,99,,,,,,,,,,,,,,,,,101.3,150,101.4,100,,,,,,,,,,,,,,,,
2026-06-28T21:01:22.503191+00:00,2026-06-29T07:01:22.492350,1,2,101.05,0.5,100.8,80,,,,,,,,,,,,,,,,,,,101.3,150,101.4,100,,,,,,,,,,,,,,,,
2026-06-28T21:01:23.403849+00:00,2026-06-29T07:01:23.401849,0,1,,,,,,,,,,,,,,,,,,,,,,,101.4,100,,,,,,,,,,,,,,,,,,
2026-06-28T21:01:23.458849+00:00,2026-06-29T07:01:23.453849,1,1,100.8,1.2,100.2,150,,,,,,,,,,,,,,,,,,,101.4,100,,,,,,,,,,,,,,,,,,
2026-06-28T21:01:23.513849+00:00,2026-06-29T07:01:23.505849,1,2,100.45,0.5,100.2,150,,,,,,,,,,,,,,,,,,,100.7,150,101.4,100,,,,,,,,,,,,,,,,
2026-06-28T21:01:23.744849+00:00,2026-06-29T07:01:23.739849,1,1,100.45,0.5,100.2,150,,,,,,,,,,,,,,,,,,,100.7,150,,,,,,,,,,,,,,,,,,
2026-06-28T21:01:23.799849+00:00,2026-06-29T07:01:23.791849,2,1,100.5,0.4,100.3,100,100.2,150,,,,,,,,,,,,,,,,,100.7,150,,,,,,,,,,,,,,,,,,
2026-06-28T21:01:23.854849+00:00,2026-06-29T07:01:23.844840,2,2,100.5,0.4,100.3,100,100.2,150,,,,,,,,,,,,,,,,,100.7,150,100.8,100,,,,,,,,,,,,,,,,
2026-06-28T21:01:24.525959+00:00,2026-06-29T07:01:24.521959,2,2,100.5,0.4,100.3,50,100.2,150,,,,,,,,,,,,,,,,,100.7,150,100.8,100,,,,,,,,,,,,,,,,
2026-06-28T21:01:24.811841+00:00,2026-06-29T07:01:24.807840,2,2,100.5,0.4,100.3,50,100.2,150,,,,,,,,,,,,,,,,,100.7,150,100.8,100,,,,,,,,,,,,,,,,
2026-06-28T21:01:25.768849+00:00,2026-06-29T07:01:25.765840,3,2,100.65,0.1,100.6,6,100.3,50,100.2,150,,,,,,,,,,,,,,,100.7,150,100.8,100,,,,,,,,,,,,,,,,
2026-06-28T21:01:26.570902+00:00,2026-06-29T07:01:26.560902,2,1,100.7,0.2,100.6,6,100.3,50,,,,,,,,,,,,,,,,,100.8,100,,,,,,,,,,,,,,,,,,
2026-06-28T21:01:26.614903+00:00,2026-06-29T07:01:26.613902,2,1,100.7,0.2,100.6,6,100.3,200,,,,,,,,,,,,,,,,,100.8,100,,,,,,,,,,,,,,,,,,
2026-06-28T21:01:26.647902+00:00,2026-06-29T07:01:26.646903,1,1,100.55,0.5,100.3,156,,,,,,,,,,,,,,,,,,,100.8,100,,,,,,,,,,,,,,,,,,
2026-06-28T21:01:26.669903+00:00,2026-06-29T07:01:26.665902,1,1,100.55,0.5,100.3,156,,,,,,,,,,,,,,,,,,,100.8,250,,,,,,,,,,,,,,,,,,
2026-06-28T21:01:26.911902+00:00,2026-06-29T07:01:26.903903,1,1,100.55,0.5,100.3,150,,,,,,,,,,,,,,,,,,,100.8,150,,,,,,,,,,,,,,,,,,
2026-06-28T21:01:26.966902+00:00,2026-06-29T07:01:26.955903,2,1,100.55,0.5,100.3,150,100.0,100,,,,,,,,,,,,,,,,,100.8,150,,,,,,,,,,,,,,,,,,
2026-06-28T21:01:27.010903+00:00,2026-06-29T07:01:27.009893,2,2,100.4,0.2,100.3,150,100.0,100,,,,,,,,,,,,,,,,,100.5,100,100.8,150,,,,,,,,,,,,,,,,
2026-06-28T21:01:27.461407+00:00,2026-06-29T07:01:27.454408,2,2,100.4,0.2,100.3,150,100.0,100,,,,,,,,,,,,,,,,,100.5,56,100.8,150,,,,,,,,,,,,,,,,
2026-06-28T21:01:28.769920+00:00,2026-06-29T07:01:28.766920,2,3,100.4,0.2,100.3,100,100.0,100,,,,,,,,,,,,,,,,,100.5,56,100.8,150,100.9,5,,,,,,,,,,,,,,
2026-06-28T21:01:29.407920+00:00,2026-06-29T07:01:29.403920,2,3,100.4,0.2,100.3,100,100.0,100,,,,,,,,,,,,,,,,,100.5,56,100.8,150,100.9,4,,,,,,,,,,,,,,
2026-06-28T21:01:29.726911+00:00,2026-06-29T07:01:29.720911,1,2,100.25,0.5,100.0,100,,,,,,,,,,,,,,,,,,,100.5,56,100.9,4,,,,,,,,,,,,,,,,
2026-06-28T21:01:29.781911+00:00,2026-06-29T07:01:29.773911,1,2,100.25,0.5,100.0,250,,,,,,,,,,,,,,,,,,,100.5,56,100.9,4,,,,,,,,,,,,,,,,
2026-06-28T21:01:29.836911+00:00,2026-06-29T07:01:29.825911,1,2,100.25,0.5,100.0,250,,,,,,,,,,,,,,,,,,,100.5,206,100.9,4,,,,,,,,,,,,,,,,
2026-06-28T21:01:29.946911+00:00,2026-06-29T07:01:29.935911,1,2,100.25,0.5,100.0,250,,,,,,,,,,,,,,,,,,,100.5,204,100.9,4,,,,,,,,,,,,,,,,
2026-06-28T21:01:30.067920+00:00,2026-06-29T07:01:30.065920,1,2,100.25,0.5,100.0,150,,,,,,,,,,,,,,,,,,,100.5,150,100.9,4,,,,,,,,,,,,,,,,
2026-06-28T21:01:30.122911+00:00,2026-06-29T07:01:30.117911,2,2,100.3,0.4,100.1,100,100.0,150,,,,,,,,,,,,,,,,,100.5,150,100.9,4,,,,,,,,,,,,,,,,
2026-06-28T21:01:30.177920+00:00,2026-06-29T07:01:30.169920,2,3,100.3,0.4,100.1,100,100.0,150,,,,,,,,,,,,,,,,,100.5,150,100.6,100,100.9,4,,,,,,,,,,,,,,
2026-06-28T21:01:30.661920+00:00,2026-06-29T07:01:30.652920,2,3,100.3,0.4,100.1,100,100.0,150,,,,,,,,,,,,,,,,,100.5,150,100.6,100,100.9,2,,,,,,,,,,,,,,
2026-06-28T21:01:30.881920+00:00,2026-06-29T07:01:30.877920,2,2,100.3,0.4,100.1,50,100.0,150,,,,,,,,,,,,,,,,,100.5,150,100.6,100,,,,,,,,,,,,,,,,
2026-06-28T21:01:32.728920+00:00,2026-06-29T07:01:32.719920,3,2,100.45,0.1,100.4,4,100.1,50,100.0,150,,,,,,,,,,,,,,,100.5,150,100.6,100,,,,,,,,,,,,,,,,
2026-06-28T21:01:32.784041+00:00,2026-06-29T07:01:32.781032,3,3,100.45,0.1,100.4,4,100.1,50,100.0,150,,,,,,,,,,,,,,,100.5,150,100.6,100,100.7,3,,,,,,,,,,,,,,
2026-06-28T21:01:32.883041+00:00,2026-06-29T07:01:32.882040,2,2,100.5,0.2,100.4,4,100.1,50,,,,,,,,,,,,,,,,,100.6,100,100.7,3,,,,,,,,,,,,,,,,
2026-06-28T21:01:32.949041+00:00,2026-06-29T07:01:32.943041,3,2,100.5,0.2,100.4,4,100.1,50,100.0,150,,,,,,,,,,,,,,,100.6,100,100.7,3,,,,,,,,,,,,,,,,
2026-06-28T21:01:33.004032+00:00,2026-06-29T07:01:32.997033,2,3,100.3,0.4,100.1,4,100.0,150,,,,,,,,,,,,,,,,,100.5,150,100.6,100,100.7,3,,,,,,,,,,,,,,
2026-06-28T21:01:33.234547+00:00,2026-06-29T07:01:33.224547,1,2,100.25,0.5,100.0,150,,,,,,,,,,,,,,,,,,,100.5,150,100.7,3,,,,,,,,,,,,,,,,
2026-06-28T21:01:33.278547+00:00,2026-06-29T07:01:33.276547,2,2,100.25,0.5,100.0,150,99.9,100,,,,,,,,,,,,,,,,,100.5,150,100.7,3,,,,,,,,,,,,,,,,
2026-06-28T21:01:33.333547+00:00,2026-06-29T07:01:33.330547,2,3,100.2,0.4,100.0,150,99.9,100,,,,,,,,,,,,,,,,,100.4,100,100.5,150,100.7,3,,,,,,,,,,,,,,
2026-06-28T21:01:33.443547+00:00,2026-06-29T07:01:33.438547,2,3,100.2,0.4,100.0,150,99.9,100,,,,,,,,,,,,,,,,,100.4,75,100.5,150,100.7,3,,,,,,,,,,,,,,
2026-06-28T21:01:33.652546+00:00,2026-06-29T07:01:33.649547,2,3,100.2,0.4,100.0,150,99.9,100,,,,,,,,,,,,,,,,,100.4,50,100.5,150,100.7,3,,,,,,,,,,,,,,
2026-06-28T21:01:33.861556+00:00,2026-06-29T07:01:33.857556,2,3,100.2,0.4,100.0,150,99.9,100,,,,,,,,,,,,,,,,,100.4,25,100.5,150,100.7,3,,,,,,,,,,,,,,
2026-06-28T21:01:34.081556+00:00,2026-06-29T07:01:34.070548,2,2,100.25,0.5,100.0,150,99.9,100,,,,,,,,,,,,,,,,,100.5,150,100.7,3,,,,,,,,,,,,,,,,
2026-06-28T21:01:34.279547+00:00,2026-06-29T07:01:34.276547,2,2,100.25,0.5,100.0,150,99.9,100,,,,,,,,,,,,,,,,,100.5,125,100.7,3,,,,,,,,,,,,,,,,
2026-06-28T21:01:34.498665+00:00,2026-06-29T07:01:34.487841,2,2,100.25,0.5,100.0,150,99.9,100,,,,,,,,,,,,,,,,,100.5,100,100.7,3,,,,,,,,,,,,,,,,
2026-06-28T21:01:35.070665+00:00,2026-06-29T07:01:35.063665,2,2,100.25,0.5,100.0,150,99.9,100,,,,,,,,,,,,,,,,,100.5,100,100.7,2,,,,,,,,,,,,,,,,
2026-06-28T21:01:35.103666+00:00,2026-06-29T07:01:35.101666,2,2,100.25,0.5,100.0,100,99.9,100,,,,,,,,,,,,,,,,,100.5,100,100.7,2,,,,,,,,,,,,,,,,
2026-06-28T21:01:36.049556+00:00,2026-06-29T07:01:36.048556,2,1,100.35,0.7,100.0,100,99.9,100,,,,,,,,,,,,,,,,,100.7,2,,,,,,,,,,,,,,,,,,
2026-06-28T21:01:36.060556+00:00,2026-06-29T07:01:36.049556,1,1,100.3,0.8,99.9,100,,,,,,,,,,,,,,,,,,,100.7,2,,,,,,,,,,,,,,,,,,
2026-06-28T21:01:36.104115+00:00,2026-06-29T07:01:36.103114,2,1,100.4,0.6,100.1,150,99.9,100,,,,,,,,,,,,,,,,,100.7,2,,,,,,,,,,,,,,,,,,
2026-06-28T21:01:36.159114+00:00,2026-06-29T07:01:36.157114,2,2,100.35,0.5,100.1,150,99.9,100,,,,,,,,,,,,,,,,,100.6,150,100.7,2,,,,,,,,,,,,,,,,
2026-06-28T21:01:36.170107+00:00,2026-06-29T07:01:36.159114,3,2,100.45,0.3,100.3,4,100.1,150,99.9,100,,,,,,,,,,,,,,,100.6,150,100.7,2,,,,,,,,,,,,,,,,
2026-06-28T21:01:36.390105+00:00,2026-06-29T07:01:36.385105,2,2,100.45,0.3,100.3,4,100.1,150,,,,,,,,,,,,,,,,,100.6,150,100.7,2,,,,,,,,,,,,,,,,
2026-06-28T21:01:36.445105+00:00,2026-06-29T07:01:36.436105,3,2,100.45,0.3,100.3,4,100.2,100,100.1,150,,,,,,,,,,,,,,,100.6,150,100.7,2,,,,,,,,,,,,,,,,
2026-06-28T21:01:36.500106+00:00,2026-06-29T07:01:36.490105,3,2,100.45,0.3,100.3,4,100.2,100,100.1,150,,,,,,,,,,,,,,,100.6,150,100.7,102,,,,,,,,,,,,,,,,
2026-06-28T21:01:37.171115+00:00,2026-06-29T07:01:37.163114,3,2,100.45,0.3,100.3,4,100.2,100,100.1,150,,,,,,,,,,,,,,,100.6,150,100.7,101,,,,,,,,,,,,,,,,
2026-06-28T21:01:37.215106+00:00,2026-06-29T07:01:37.214106,2,2,100.4,0.4,100.2,54,100.1,150,,,,,,,,,,,,,,,,,100.6,150,100.7,101,,,,,,,,,,,,,,,,
2026-06-28T21:01:39.172342+00:00,2026-06-29T07:01:39.169343,3,2,100.45,0.3,100.3,5,100.2,54,100.1,150,,,,,,,,,,,,,,,100.6,150,100.7,101,,,,,,,,,,,,,,,,
2026-06-28T21:01:39.216335+00:00,2026-06-29T07:01:39.212343,2,1,100.5,0.4,100.3,5,100.2,54,,,,,,,,,,,,,,,,,100.7,101,,,,,,,,,,,,,,,,,,
2026-06-28T21:01:39.271334+00:00,2026-06-29T07:01:39.267335,2,1,100.5,0.4,100.3,5,100.2,204,,,,,,,,,,,,,,,,,100.7,101,,,,,,,,,,,,,,,,,,
2026-06-28T21:01:39.326333+00:00,2026-06-29T07:01:39.323334,1,1,100.45,0.5,100.2,159,,,,,,,,,,,,,,,,,,,100.7,251,,,,,,,,,,,,,,,,,,
2026-06-28T21:01:39.546343+00:00,2026-06-29T07:01:39.545342,1,1,100.45,0.5,100.2,159,,,,,,,,,,,,,,,,,,,100.7,150,,,,,,,,,,,,,,,,,,
2026-06-28T21:01:39.557342+00:00,2026-06-29T07:01:39.547343,1,1,100.45,0.5,100.2,150,,,,,,,,,,,,,,,,,,,100.7,150,,,,,,,,,,,,,,,,,,
2026-06-28T21:01:39.601342+00:00,2026-06-29T07:01:39.599342,2,1,100.45,0.5,100.2,150,100.0,100,,,,,,,,,,,,,,,,,100.7,150,,,,,,,,,,,,,,,,,,
2026-06-28T21:01:39.656343+00:00,2026-06-29T07:01:39.650342,2,2,100.35,0.3,100.2,150,100.0,100,,,,,,,,,,,,,,,,,100.5,100,100.7,150,,,,,,,,,,,,,,,,
2026-06-28T21:01:39.909343+00:00,2026-06-29T07:01:39.907342,2,2,100.35,0.3,100.2,150,100.0,100,,,,,,,,,,,,,,,,,100.5,75,100.7,150,,,,,,,,,,,,,,,,
2026-06-28T21:01:39.975343+00:00,2026-06-29T07:01:39.966343,3,2,100.4,0.2,100.3,6,100.2,150,100.0,100,,,,,,,,,,,,,,,100.5,75,100.7,150,,,,,,,,,,,,,,,,
2026-06-28T21:01:40.206343+00:00,2026-06-29T07:01:40.201342,3,3,100.4,0.2,100.3,6,100.2,150,100.0,100,,,,,,,,,,,,,,,100.5,75,100.6,1,100.7,150,,,,,,,,,,,,,,
2026-06-28T21:01:40.745363+00:00,2026-06-29T07:01:40.743363,3,3,100.4,0.2,100.3,5,100.2,150,100.0,100,,,,,,,,,,,,,,,100.5,75,100.6,1,100.7,150,,,,,,,,,,,,,,
2026-06-28T21:01:41.383354+00:00,2026-06-29T07:01:41.378353,3,3,100.4,0.2,100.3,5,100.2,150,100.0,100,,,,,,,,,,,,,,,100.5,25,100.6,1,100.7,150,,,,,,,,,,,,,,
2026-06-28T21:01:42.175363+00:00,2026-06-29T07:01:42.167363,3,3,100.4,0.2,100.3,3,100.2,150,100.0,100,,,,,,,,,,,,,,,100.5,25,100.6,1,100.7,150,,,,,,,,,,,,,,
2026-06-28T21:01:42.383873+00:00,2026-06-29T07:01:42.379873,2,2,100.4,0.2,100.3,3,100.0,100,,,,,,,,,,,,,,,,,100.5,25,100.6,1,,,,,,,,,,,,,,,,
2026-06-28T21:01:42.438873+00:00,2026-06-29T07:01:42.432873,2,2,100.4,0.2,100.3,153,100.0,100,,,,,,,,,,,,,,,,,100.5,25,100.6,1,,,,,,,,,,,,,,,,
2026-06-28T21:01:42.493873+00:00,2026-06-29T07:01:42.485873,2,3,100.4,0.2,100.3,153,100.0,100,,,,,,,,,,,,,,,,,100.5,25,100.6,1,100.8,150,,,,,,,,,,,,,,
2026-06-28T21:01:42.713882+00:00,2026-06-29T07:01:42.704882,1,2,100.45,0.3,100.3,153,,,,,,,,,,,,,,,,,,,100.6,1,100.8,150,,,,,,,,,,,,,,,,
2026-06-28T21:01:42.724874+00:00,2026-06-29T07:01:42.724874,1,1,100.55,0.5,100.3,153,,,,,,,,,,,,,,,,,,,100.8,150,,,,,,,,,,,,,,,,,,
2026-06-28T21:01:42.768593+00:00,2026-06-29T07:01:42.758593,2,1,100.65,0.3,100.5,100,100.3,153,,,,,,,,,,,,,,,,,100.8,150,,,,,,,,,,,,,,,,,,
2026-06-28T21:01:42.812593+00:00,2026-06-29T07:01:42.810593,2,2,100.65,0.3,100.5,100,100.3,153,,,,,,,,,,,,,,,,,100.8,150,101.0,100,,,,,,,,,,,,,,,,
2026-06-28T21:01:43.494584+00:00,2026-06-29T07:01:43.484584,2,2,100.65,0.3,100.5,100,100.3,153,,,,,,,,,,,,,,,,,100.8,100,101.0,100,,,,,,,,,,,,,,,,
2026-06-28T21:01:45.540584+00:00,2026-06-29T07:01:45.539583,2,1,100.75,0.5,100.5,100,100.3,153,,,,,,,,,,,,,,,,,101.0,100,,,,,,,,,,,,,,,,,,
2026-06-28T21:01:45.551583+00:00,2026-06-29T07:01:45.540584,2,1,100.75,0.5,100.5,100,100.3,3,,,,,,,,,,,,,,,,,101.0,100,,,,,,,,,,,,,,,,,,
2026-06-28T21:01:45.595592+00:00,2026-06-29T07:01:45.592593,2,1,100.75,0.5,100.5,100,100.3,153,,,,,,,,,,,,,,,,,101.0,100,,,,,,,,,,,,,,,,,,
2026-06-28T21:01:45.661593+00:00,2026-06-29T07:01:45.652592,2,2,100.65,0.3,100.5,50,100.3,153,,,,,,,,,,,,,,,,,100.8,150,101.0,100,,,,,,,,,,,,,,,,
2026-06-28T21:01:45.870592+00:00,2026-06-29T07:01:45.866593,1,1,100.55,0.5,100.3,153,,,,,,,,,,,,,,,,,,,100.8,150,,,,,,,,,,,,,,,,,,
2026-06-28T21:01:45.925592+00:00,2026-06-29T07:01:45.918592,2,1,100.55,0.5,100.3,153,100.1,100,,,,,,,,,,,,,,,,,100.8,150,,,,,,,,,,,,,,,,,,
2026-06-28T21:01:45.980593+00:00,2026-06-29T07:01:45.974593,2,2,100.45,0.3,100.3,153,100.1,100,,,,,,,,,,,,,,,,,100.6,101,100.8,150,,,,,,,,,,,,,,,,
2026-06-28T21:01:46.408693+00:00,2026-06-29T07:01:46.407692,2,2,100.45,0.3,100.3,153,100.1,100,,,,,,,,,,,,,,,,,100.6,100,100.8,150,,,,,,,,,,,,,,,,
2026-06-28T21:01:46.991701+00:00,2026-06-29T07:01:46.980701,2,2,100.45,0.3,100.3,153,100.1,100,,,,,,,,,,,,,,,,,100.6,101,100.8,150,,,,,,,,,,,,,,,,
2026-06-28T21:01:48.123116+00:00,2026-06-29T07:01:48.115116,2,2,100.45,0.3,100.3,152,100.1,100,,,,,,,,,,,,,,,,,100.6,101,100.8,150,,,,,,,,,,,,,,,,
2026-06-28T21:01:48.715997+00:00,2026-06-29T07:01:48.706116,2,1,100.45,0.3,100.3,2,100.1,100,,,,,,,,,,,,,,,,,100.6,101,,,,,,,,,,,,,,,,,,
2026-06-28T21:01:48.760115+00:00,2026-06-29T07:01:48.758999,3,1,100.45,0.3,100.3,2,100.2,150,100.1,100,,,,,,,,,,,,,,,100.6,101,,,,,,,,,,,,,,,,,,
2026-06-28T21:01:48.815116+00:00,2026-06-29T07:01:48.811115,3,2,100.45,0.3,100.3,2,100.2,150,100.1,100,,,,,,,,,,,,,,,100.6,101,100.7,150,,,,,,,,,,,,,,,,
2026-06-28T21:01:49.035116+00:00,2026-06-29T07:01:49.028115,2,2,100.45,0.3,100.3,2,100.2,150,,,,,,,,,,,,,,,,,100.6,1,100.7,150,,,,,,,,,,,,,,,,
2026-06-28T21:01:49.090116+00:00,2026-06-29T07:01:49.081116,3,2,100.45,0.3,100.3,2,100.2,150,100.0,100,,,,,,,,,,,,,,,100.6,1,100.7,150,,,,,,,,,,,,,,,,
2026-06-28T21:01:49.145116+00:00,2026-06-29T07:01:49.135998,3,3,100.4,0.2,100.3,2,100.2,150,100.0,100,,,,,,,,,,,,,,,100.5,100,100.6,1,100.7,150,,,,,,,,,,,,,,
2026-06-28T21:01:49.814634+00:00,2026-06-29T07:01:49.810635,3,3,100.4,0.2,100.3,2,100.2,150,100.0,100,,,,,,,,,,,,,,,100.5,50,100.6,1,100.7,150,,,,,,,,,,,,,,
2026-06-28T21:01:51.871524+00:00,2026-06-29T07:01:51.865525,2,2,100.4,0.2,100.3,2,100.0,100,,,,,,,,,,,,,,,,,100.5,50,100.6,1,,,,,,,,,,,,,,,,
2026-06-28T21:01:51.882524+00:00,2026-06-29T07:01:51.875524,2,1,100.4,0.2,100.3,2,100.0,100,,,,,,,,,,,,,,,,,100.5,50,,,,,,,,,,,,,,,,,,
2026-06-28T21:01:51.926524+00:00,2026-06-29T07:01:51.919525,2,1,100.4,0.2,100.3,152,100.0,100,,,,,,,,,,,,,,,,,100.5,50,,,,,,,,,,,,,,,,,,
2026-06-28T21:01:51.981525+00:00,2026-06-29T07:01:51.980519,2,2,100.4,0.2,100.3,102,100.0,100,,,,,,,,,,,,,,,,,100.5,50,100.8,150,,,,,,,,,,,,,,,,
2026-06-28T21:01:52.190525+00:00,2026-06-29T07:01:52.189525,1,1,100.55,0.5,100.3,102,,,,,,,,,,,,,,,,,,,100.8,150,,,,,,,,,,,,,,,,,,
2026-06-28T21:01:52.245524+00:00,2026-06-29T07:01:52.243524,1,1,100.55,0.5,100.3,202,,,,,,,,,,,,,,,,,,,100.8,150,,,,,,,,,,,,,,,,,,
2026-06-28T21:01:52.322524+00:00,2026-06-29T07:01:52.317525,1,1,100.55,0.5,100.3,202,,,,,,,,,,,,,,,,,,,100.8,250,,,,,,,,,,,,,,,,,,
2026-06-28T21:01:52.630114+00:00,2026-06-29T07:01:52.627114,1,1,100.55,0.5,100.3,161,,,,,,,,,,,,,,,,,,,100.8,250,,,,,,,,,,,,,,,,,,
2026-06-28T21:01:54.092243+00:00,2026-06-29T07:01:54.086244,1,1,100.55,0.5,100.3,111,,,,,,,,,,,,,,,,,,,100.8,250,,,,,,,,,,,,,,,,,,
2026-06-28T21:01:55.026376+00:00,2026-06-29T07:01:55.025375,1,1,100.55,0.5,100.3,111,,,,,,,,,,,,,,,,,,,100.8,100,,,,,,,,,,,,,,,,,,
2026-06-28T21:01:55.037375+00:00,2026-06-29T07:01:55.027376,1,1,100.55,0.5,100.3,100,,,,,,,,,,,,,,,,,,,100.8,100,,,,,,,,,,,,,,,,,,
2026-06-28T21:01:55.081376+00:00,2026-06-29T07:01:55.080376,2,1,100.55,0.5,100.3,100,99.4,150,,,,,,,,,,,,,,,,,100.8,100,,,,,,,,,,,,,,,,,,
2026-06-28T21:01:55.147376+00:00,2026-06-29T07:01:55.136257,1,2,99.65,0.5,99.4,150,,,,,,,,,,,,,,,,,,,99.9,50,100.8,100,,,,,,,,,,,,,,,,
2026-06-28T21:01:55.378266+00:00,2026-06-29T07:01:55.369266,1,1,99.65,0.5,99.4,150,,,,,,,,,,,,,,,,,,,99.9,50,,,,,,,,,,,,,,,,,,
2026-06-28T21:01:55.433266+00:00,2026-06-29T07:01:55.422266,2,1,99.8,0.2,99.7,100,99.4,150,,,,,,,,,,,,,,,,,99.9,50,,,,,,,,,,,,,,,,,,
2026-06-28T21:01:55.477266+00:00,2026-06-29T07:01:55.475266,2,2,99.8,0.2,99.7,100,99.4,150,,,,,,,,,,,,,,,,,99.9,50,100.2,100,,,,,,,,,,,,,,,,
2026-06-28T21:01:55.818266+00:00,2026-06-29T07:01:55.814257,2,2,99.8,0.2,99.7,100,99.4,150,,,,,,,,,,,,,,,,,99.9,10,100.2,100,,,,,,,,,,,,,,,,
2026-06-28T21:01:55.972266+00:00,2026-06-29T07:01:55.963266,2,1,99.95,0.5,99.7,100,99.4,150,,,,,,,,,,,,,,,,,100.2,100,,,,,,,,,,,,,,,,,,
2026-06-28T21:01:56.147809+00:00,2026-06-29T07:01:56.143817,2,1,99.95,0.5,99.7,100,99.4,150,,,,,,,,,,,,,,,,,100.2,50,,,,,,,,,,,,,,,,,,
2026-06-28T21:01:56.708817+00:00,2026-06-29T07:01:56.697817,2,2,99.95,0.5,99.7,100,99.4,150,,,,,,,,,,,,,,,,,100.2,50,100.5,4,,,,,,,,,,,,,,,,
2026-06-28T21:01:56.862817+00:00,2026-06-29T07:01:56.853817,2,2,99.95,0.5,99.7,52,99.4,150,,,,,,,,,,,,,,,,,100.2,50,100.5,4,,,,,,,,,,,,,,,,
2026-06-28T21:01:57.203817+00:00,2026-06-29T07:01:57.194818,2,2,99.95,0.5,99.7,52,99.4,150,,,,,,,,,,,,,,,,,100.2,49,100.5,4,,,,,,,,,,,,,,,,
2026-06-28T21:01:57.346818+00:00,2026-06-29T07:01:57.341818,2,2,99.95,0.5,99.7,52,99.4,150,,,,,,,,,,,,,,,,,100.2,48,100.5,4,,,,,,,,,,,,,,,,
2026-06-28T21:01:57.379817+00:00,2026-06-29T07:01:57.373817,2,2,99.95,0.5,99.7,52,99.4,150,,,,,,,,,,,,,,,,,100.2,47,100.5,4,,,,,,,,,,,,,,,,
2026-06-28T21:01:57.445809+00:00,2026-06-29T07:01:57.435808,2,2,99.95,0.5,99.7,52,99.4,150,,,,,,,,,,,,,,,,,100.2,46,100.5,4,,,,,,,,,,,,,,,,
2026-06-28T21:01:58.203635+00:00,2026-06-29T07:01:58.200635,1,2,99.95,0.5,99.7,52,,,,,,,,,,,,,,,,,,,100.2,46,100.5,2,,,,,,,,,,,,,,,,
2026-06-28T21:01:58.280635+00:00,2026-06-29T07:01:58.272634,2,1,100.35,0.3,100.2,104,99.7,52,,,,,,,,,,,,,,,,,100.5,2,,,,,,,,,,,,,,,,,,
2026-06-28T21:01:58.335635+00:00,2026-06-29T07:01:58.333627,2,2,100.35,0.3,100.2,104,99.7,52,,,,,,,,,,,,,,,,,100.5,2,100.7,150,,,,,,,,,,,,,,,,
2026-06-28T21:01:58.500634+00:00,2026-06-29T07:01:58.494635,2,2,100.35,0.3,100.2,108,99.7,52,,,,,,,,,,,,,,,,,100.5,2,100.7,150,,,,,,,,,,,,,,,,
2026-06-28T21:01:58.533626+00:00,2026-06-29T07:01:58.528625,1,2,100.35,0.3,100.2,108,,,,,,,,,,,,,,,,,,,100.5,2,100.7,150,,,,,,,,,,,,,,,,
2026-06-28T21:01:58.588625+00:00,2026-06-29T07:01:58.581625,2,2,100.35,0.3,100.2,108,99.9,100,,,,,,,,,,,,,,,,,100.5,2,100.7,150,,,,,,,,,,,,,,,,
2026-06-28T21:01:58.643635+00:00,2026-06-29T07:01:58.635635,2,3,100.3,0.2,100.2,108,99.9,100,,,,,,,,,,,,,,,,,100.4,100,100.5,2,100.7,150,,,,,,,,,,,,,,
2026-06-28T21:01:59.204635+00:00,2026-06-29T07:01:59.196635,2,3,100.3,0.2,100.2,108,99.9,100,,,,,,,,,,,,,,,,,100.4,100,100.5,1,100.7,150,,,,,,,,,,,,,,
2026-06-28T21:02:00.414648+00:00,2026-06-29T07:02:00.412648,2,3,100.3,0.2,100.2,54,99.9,100,,,,,,,,,,,,,,,,,100.4,100,100.5,1,100.7,150,,,,,,,,,,,,,,
2026-06-28T21:02:00.447648+00:00,2026-06-29T07:02:00.436648,2,3,100.3,0.2,100.2,54,99.9,100,,,,,,,,,,,,,,,,,100.4,54,100.5,1,100.7,150,,,,,,,,,,,,,,
2026-06-28T21:02:00.480648+00:00,2026-06-29T07:02:00.472648,2,2,100.3,0.2,100.2,54,99.9,100,,,,,,,,,,,,,,,,,100.4,54,100.7,150,,,,,,,,,,,,,,,,
2026-06-28T21:02:00.986639+00:00,2026-06-29T07:02:00.976639,2,2,100.3,0.2,100.2,29,99.9,100,,,,,,,,,,,,,,,,,100.4,54,100.7,150,,,,,,,,,,,,,,,,
2026-06-28T21:02:01.195648+00:00,2026-06-29T07:02:01.187640,2,2,100.3,0.2,100.2,4,99.9,100,,,,,,,,,,,,,,,,,100.4,54,100.7,150,,,,,,,,,,,,,,,,
2026-06-28T21:02:01.349648+00:00,2026-06-29T07:02:01.348648,1,1,100.15,0.5,99.9,100,,,,,,,,,,,,,,,,,,,100.4,54,,,,,,,,,,,,,,,,,,
2026-06-28T21:02:01.404648+00:00,2026-06-29T07:02:01.401638,2,1,100.15,0.5,99.9,100,99.3,150,,,,,,,,,,,,,,,,,100.4,54,,,,,,,,,,,,,,,,,,
2026-06-28T21:02:01.437648+00:00,2026-06-29T07:02:01.434648,2,1,100.15,0.5,99.9,51,99.3,150,,,,,,,,,,,,,,,,,100.4,54,,,,,,,,,,,,,,,,,,
2026-06-28T21:02:01.459648+00:00,2026-06-29T07:02:01.455648,1,2,99.55,0.5,99.3,150,,,,,,,,,,,,,,,,,,,99.8,99,100.4,54,,,,,,,,,,,,,,,,
2026-06-28T21:02:01.613639+00:00,2026-06-29T07:02:01.603639,1,2,99.55,0.5,99.3,150,,,,,,,,,,,,,,,,,,,99.8,74,100.4,54,,,,,,,,,,,,,,,,
2026-06-28T21:02:01.690639+00:00,2026-06-29T07:02:01.688639,1,1,99.55,0.5,99.3,150,,,,,,,,,,,,,,,,,,,99.8,74,,,,,,,,,,,,,,,,,,
2026-06-28T21:02:01.745639+00:00,2026-06-29T07:02:01.744639,2,1,99.65,0.3,99.5,100,99.3,150,,,,,,,,,,,,,,,,,99.8,74,,,,,,,,,,,,,,,,,,
2026-06-28T21:02:01.800757+00:00,2026-06-29T07:02:01.798757,2,2,99.65,0.3,99.5,100,99.3,150,,,,,,,,,,,,,,,,,99.8,74,100.0,100,,,,,,,,,,,,,,,,
2026-06-28T21:02:01.822758+00:00,2026-06-29T07:02:01.812669,2,2,99.65,0.3,99.5,100,99.3,150,,,,,,,,,,,,,,,,,99.8,49,100.0,100,,,,,,,,,,,,,,,,
2026-06-28T21:02:02.526638+00:00,2026-06-29T07:02:02.516648,2,2,99.65,0.3,99.5,50,99.3,150,,,,,,,,,,,,,,,,,99.8,49,100.0,100,,,,,,,,,,,,,,,,
2026-06-28T21:02:02.811633+00:00,2026-06-29T07:02:02.804634,2,2,99.65,0.3,99.5,50,99.3,150,,,,,,,,,,,,,,,,,99.8,3,100.0,100,,,,,,,,,,,,,,,,
2026-06-28T21:02:03.350642+00:00,2026-06-29T07:02:03.345642,2,2,99.65,0.3,99.5,7,99.3,150,,,,,,,,,,,,,,,,,99.8,3,100.0,100,,,,,,,,,,,,,,,,
2026-06-28T21:02:04.516643+00:00,2026-06-29T07:02:04.511642,1,1,99.75,0.5,99.5,7,,,,,,,,,,,,,,,,,,,100.0,100,,,,,,,,,,,,,,,,,,
2026-06-28T21:02:04.571643+00:00,2026-06-29T07:02:04.565643,2,0,,,100.1,50,99.5,7,,,,,,,,,,,,,,,,,,,,,,,,,,,,,,,,,,,,
2026-06-28T21:02:04.626152+00:00,2026-06-29T07:02:04.624153,1,1,100.05,1.1,99.5,7,,,,,,,,,,,,,,,,,,,100.6,150,,,,,,,,,,,,,,,,,,
2026-06-28T21:02:04.857152+00:00,2026-06-29T07:02:04.852152,0,1,,,,,,,,,,,,,,,,,,,,,,,100.6,150,,,,,,,,,,,,,,,,,,
2026-06-28T21:02:04.912161+00:00,2026-06-29T07:02:04.905152,1,1,100.15,0.9,99.7,100,,,,,,,,,,,,,,,,,,,100.6,150,,,,,,,,,,,,,,,,,,
2026-06-28T21:02:04.967161+00:00,2026-06-29T07:02:04.959161,1,2,99.95,0.5,99.7,100,,,,,,,,,,,,,,,,,,,100.2,100,100.6,150,,,,,,,,,,,,,,,,
2026-06-28T21:02:05.033161+00:00,2026-06-29T07:02:05.032161,1,2,99.95,0.5,99.7,100,,,,,,,,,,,,,,,,,,,100.2,56,100.6,150,,,,,,,,,,,,,,,,
2026-06-28T21:02:06.735109+00:00,2026-06-29T07:02:06.732108,1,2,99.95,0.5,99.7,50,,,,,,,,,,,,,,,,,,,100.2,56,100.6,150,,,,,,,,,,,,,,,,
2026-06-28T21:02:07.680108+00:00,2026-06-29T07:02:07.672108,1,1,99.95,0.5,99.7,50,,,,,,,,,,,,,,,,,,,100.2,56,,,,,,,,,,,,,,,,,,
2026-06-28T21:02:07.735108+00:00,2026-06-29T07:02:07.726108,2,1,99.95,0.5,99.7,50,99.6,150,,,,,,,,,,,,,,,,,100.2,56,,,,,,,,,,,,,,,,,,
2026-06-28T21:02:07.789114+00:00,2026-06-29T07:02:07.779115,2,2,99.9,0.4,99.7,50,99.6,150,,,,,,,,,,,,,,,,,100.1,150,100.2,56,,,,,,,,,,,,,,,,
2026-06-28T21:02:08.042115+00:00,2026-06-29T07:02:08.037155,1,1,99.85,0.5,99.6,150,,,,,,,,,,,,,,,,,,,100.1,150,,,,,,,,,,,,,,,,,,
2026-06-28T21:02:08.097163+00:00,2026-06-29T07:02:08.094162,2,1,99.95,0.3,99.8,100,99.6,150,,,,,,,,,,,,,,,,,100.1,150,,,,,,,,,,,,,,,,,,
2026-06-28T21:02:08.152169+00:00,2026-06-29T07:02:08.146169,2,2,99.95,0.3,99.8,100,99.6,150,,,,,,,,,,,,,,,,,100.1,150,100.3,100,,,,,,,,,,,,,,,,
2026-06-28T21:02:08.845116+00:00,2026-06-29T07:02:08.839114,2,2,99.95,0.3,99.8,50,99.6,150,,,,,,,,,,,,,,,,,100.1,150,100.3,100,,,,,,,,,,,,,,,,
2026-06-28T21:02:09.559233+00:00,2026-06-29T07:02:09.551233,2,2,99.95,0.3,99.8,4,99.6,150,,,,,,,,,,,,,,,,,100.1,150,100.3,100,,,,,,,,,,,,,,,,
2026-06-28T21:02:10.626123+00:00,2026-06-29T07:02:10.624124,1,2,99.85,0.5,99.6,150,,,,,,,,,,,,,,,,,,,100.1,150,100.3,100,,,,,,,,,,,,,,,,
2026-06-28T21:02:10.835115+00:00,2026-06-29T07:02:10.834114,0,1,,,,,,,,,,,,,,,,,,,,,,,100.3,100,,,,,,,,,,,,,,,,,,
2026-06-28T21:02:10.901115+00:00,2026-06-29T07:02:10.899115,1,1,99.9,0.8,99.5,150,,,,,,,,,,,,,,,,,,,100.3,100,,,,,,,,,,,,,,,,,,
2026-06-28T21:02:10.956114+00:00,2026-06-29T07:02:10.953114,1,2,99.75,0.5,99.5,100,,,,,,,,,,,,,,,,,,,100.0,150,100.3,100,,,,,,,,,,,,,,,,
2026-06-28T21:02:11.209123+00:00,2026-06-29T07:02:11.202123,1,1,99.75,0.5,99.5,100,,,,,,,,,,,,,,,,,,,100.0,150,,,,,,,,,,,,,,,,,,
2026-06-28T21:02:11.264123+00:00,2026-06-29T07:02:11.256124,1,1,99.75,0.5,99.5,200,,,,,,,,,,,,,,,,,,,100.0,150,,,,,,,,,,,,,,,,,,
2026-06-28T21:02:11.319123+00:00,2026-06-29T07:02:11.310123,1,1,99.75,0.5,99.5,200,,,,,,,,,,,,,,,,,,,100.0,250,,,,,,,,,,,,,,,,,,
2026-06-28T21:02:11.836114+00:00,2026-06-29T07:02:11.828114,1,1,99.75,0.5,99.5,200,,,,,,,,,,,,,,,,,,,100.0,208,,,,,,,,,,,,,,,,,,
2026-06-28T21:02:13.067243+00:00,2026-06-29T07:02:13.059244,1,1,99.75,0.5,99.5,150,,,,,,,,,,,,,,,,,,,100.0,208,,,,,,,,,,,,,,,,,,
2026-06-28T21:02:14.012754+00:00,2026-06-29T07:02:14.005754,1,1,99.75,0.5,99.5,100,,,,,,,,,,,,,,,,,,,100.0,100,,,,,,,,,,,,,,,,,,
2026-06-28T21:02:14.067753+00:00,2026-06-29T07:02:14.058753,2,1,99.75,0.5,99.5,100,99.3,150,,,,,,,,,,,,,,,,,100.0,100,,,,,,,,,,,,,,,,,,
2026-06-28T21:02:14.111753+00:00,2026-06-29T07:02:14.110753,2,2,99.65,0.3,99.5,100,99.3,150,,,,,,,,,,,,,,,,,99.8,150,100.0,100,,,,,,,,,,,,,,,,
2026-06-28T21:02:14.375763+00:00,2026-06-29T07:02:14.365762,1,1,99.55,0.5,99.3,150,,,,,,,,,,,,,,,,,,,99.8,150,,,,,,,,,,,,,,,,,,
2026-06-28T21:02:14.419762+00:00,2026-06-29T07:02:14.418762,2,1,99.65,0.3,99.5,100,99.3,150,,,,,,,,,,,,,,,,,99.8,150,,,,,,,,,,,,,,,,,,
2026-06-28T21:02:14.474762+00:00,2026-06-29T07:02:14.470762,2,2,99.65,0.3,99.5,100,99.3,150,,,,,,,,,,,,,,,,,99.8,150,100.0,100,,,,,,,,,,,,,,,,
2026-06-28T21:02:15.068762+00:00,2026-06-29T07:02:15.063762,2,2,99.65,0.3,99.5,100,99.3,150,,,,,,,,,,,,,,,,,99.8,109,100.0,100,,,,,,,,,,,,,,,,
2026-06-28T21:02:15.167762+00:00,2026-06-29T07:02:15.165762,2,2,99.65,0.3,99.5,50,99.3,150,,,,,,,,,,,,,,,,,99.8,109,100.0,100,,,,,,,,,,,,,,,,
2026-06-28T21:02:16.783829+00:00,2026-06-29T07:02:16.773820,2,2,99.65,0.3,99.5,5,99.3,150,,,,,,,,,,,,,,,,,99.8,109,100.0,100,,,,,,,,,,,,,,,,
2026-06-28T21:02:17.179829+00:00,2026-06-29T07:02:17.171829,1,1,99.75,0.5,99.5,5,,,,,,,,,,,,,,,,,,,100.0,100,,,,,,,,,,,,,,,,,,
2026-06-28T21:02:17.234829+00:00,2026-06-29T07:02:17.224829,1,1,99.75,0.5,99.5,155,,,,,,,,,,,,,,,,,,,100.0,100,,,,,,,,,,,,,,,,,,
2026-06-28T21:02:17.278829+00:00,2026-06-29T07:02:17.276829,1,1,99.75,0.5,99.5,155,,,,,,,,,,,,,,,,,,,100.0,209,,,,,,,,,,,,,,,,,,
2026-06-28T21:02:17.531829+00:00,2026-06-29T07:02:17.528829,1,1,99.75,0.5,99.5,150,,,,,,,,,,,,,,,,,,,100.0,150,,,,,,,,,,,,,,,,,,
2026-06-28T21:02:17.586828+00:00,2026-06-29T07:02:17.578829,2,1,99.75,0.5,99.5,150,99.4,100,,,,,,,,,,,,,,,,,100.0,150,,,,,,,,,,,,,,,,,,
2026-06-28T21:02:17.641828+00:00,2026-06-29T07:02:17.632821,2,2,99.7,0.4,99.5,150,99.4,100,,,,,,,,,,,,,,,,,99.9,100,100.0,150,,,,,,,,,,,,,,,,
2026-06-28T21:02:18.224951+00:00,2026-06-29T07:02:18.216951,2,2,99.7,0.4,99.5,150,99.4,100,,,,,,,,,,,,,,,,,99.9,105,100.0,150,,,,,,,,,,,,,,,,
2026-06-28T21:02:18.994942+00:00,2026-06-29T07:02:18.983942,2,2,99.7,0.4,99.5,150,99.4,100,,,,,,,,,,,,,,,,,99.9,104,100.0,150,,,,,,,,,,,,,,,,
2026-06-28T21:02:19.379951+00:00,2026-06-29T07:02:19.375951,2,2,99.7,0.4,99.5,100,99.4,100,,,,,,,,,,,,,,,,,99.9,104,100.0,150,,,,,,,,,,,,,,,,
2026-06-28T21:02:20.336971+00:00,2026-06-29T07:02:20.331971,1,1,99.65,0.5,99.4,100,,,,,,,,,,,,,,,,,,,99.9,104,,,,,,,,,,,,,,,,,,
2026-06-28T21:02:20.391971+00:00,2026-06-29T07:02:20.384971,2,1,99.65,0.5,99.4,100,99.1,150,,,,,,,,,,,,,,,,,99.9,104,,,,,,,,,,,,,,,,,,
2026-06-28T21:02:20.446971+00:00,2026-06-29T07:02:20.436971,2,2,99.5,0.2,99.4,100,99.1,150,,,,,,,,,,,,,,,,,99.6,150,99.9,104,,,,,,,,,,,,,,,,
2026-06-28T21:02:20.688971+00:00,2026-06-29T07:02:20.686962,1,2,99.35,0.5,99.1,150,,,,,,,,,,,,,,,,,,,99.6,150,99.9,4,,,,,,,,,,,,,,,,
2026-06-28T21:02:20.743972+00:00,2026-06-29T07:02:20.737971,2,2,99.35,0.5,99.1,150,99.0,100,,,,,,,,,,,,,,,,,99.6,150,99.9,4,,,,,,,,,,,,,,,,
2026-06-28T21:02:20.809971+00:00,2026-06-29T07:02:20.799972,2,3,99.3,0.4,99.1,150,99.0,100,,,,,,,,,,,,,,,,,99.5,100,99.6,150,99.9,4,,,,,,,,,,,,,,
2026-06-28T21:02:21.436971+00:00,2026-06-29T07:02:21.432971,2,3,99.3,0.4,99.1,150,99.0,100,,,,,,,,,,,,,,,,,99.5,50,99.6,150,99.9,4,,,,,,,,,,,,,,
2026-06-28T21:02:21.634971+00:00,2026-06-29T07:02:21.631971,2,3,99.3,0.4,99.1,110,99.0,100,,,,,,,,,,,,,,,,,99.5,50,99.6,150,99.9,4,,,,,,,,,,,,,,
2026-06-28T21:02:22.657489+00:00,2026-06-29T07:02:22.653489,2,3,99.3,0.4,99.1,110,99.0,100,,,,,,,,,,,,,,,,,99.5,5,99.6,150,99.9,4,,,,,,,,,,,,,,
2026-06-28T21:02:22.712489+00:00,2026-06-29T07:02:22.707489,2,3,99.3,0.4,99.1,64,99.0,100,,,,,,,,,,,,,,,,,99.5,5,99.6,150,99.9,4,,,,,,,,,,,,,,
2026-06-28T21:02:23.502225+00:00,2026-06-29T07:02:23.493225,1,2,99.25,0.5,99.0,100,,,,,,,,,,,,,,,,,,,99.5,5,99.9,4,,,,,,,,,,,,,,,,
2026-06-28T21:02:23.546225+00:00,2026-06-29T07:02:23.546225,2,0,,,99.0,100,98.6,150,,,,,,,,,,,,,,,,,,,,,,,,,,,,,,,,,,,,
2026-06-28T21:02:23.601225+00:00,2026-06-29T07:02:23.597225,2,1,99.05,0.1,99.0,100,98.6,150,,,,,,,,,,,,,,,,,99.1,150,,,,,,,,,,,,,,,,,,
2026-06-28T21:02:23.865225+00:00,2026-06-29T07:02:23.856225,1,1,98.85,0.5,98.6,150,,,,,,,,,,,,,,,,,,,99.1,150,,,,,,,,,,,,,,,,,,
2026-06-28T21:02:23.876225+00:00,2026-06-29T07:02:23.866225,1,2,98.85,0.5,98.6,150,,,,,,,,,,,,,,,,,,,99.1,150,99.8,5,,,,,,,,,,,,,,,,
2026-06-28T21:02:23.919725+00:00,2026-06-29T07:02:23.910225,1,2,98.85,0.5,98.6,150,,,,,,,,,,,,,,,,,,,99.1,50,99.8,5,,,,,,,,,,,,,,,,
2026-06-28T21:02:23.974744+00:00,2026-06-29T07:02:23.967744,1,3,98.85,0.5,98.6,150,,,,,,,,,,,,,,,,,,,99.1,50,99.8,5,99.9,100,,,,,,,,,,,,,,
2026-06-28T21:02:24.953735+00:00,2026-06-29T07:02:24.943736,1,3,98.85,0.5,98.6,150,,,,,,,,,,,,,,,,,,,99.1,3,99.8,5,99.9,100,,,,,,,,,,,,,,
2026-06-28T21:02:25.657744+00:00,2026-06-29T07:02:25.650744,1,1,99.25,1.3,98.6,150,,,,,,,,,,,,,,,,,,,99.9,58,,,,,,,,,,,,,,,,,,
2026-06-28T21:02:26.658293+00:00,2026-06-29T07:02:26.650293,0,1,,,,,,,,,,,,,,,,,,,,,,,99.9,58,,,,,,,,,,,,,,,,,,
2026-06-28T21:02:26.713293+00:00,2026-06-29T07:02:26.703293,1,1,99.6,0.6,99.3,150,,,,,,,,,,,,,,,,,,,99.9,58,,,,,,,,,,,,,,,,,,
2026-06-28T21:02:26.757293+00:00,2026-06-29T07:02:26.756292,1,2,99.55,0.5,99.3,150,,,,,,,,,,,,,,,,,,,99.8,150,99.9,58,,,,,,,,,,,,,,,,
2026-06-28T21:02:27.032296+00:00,2026-06-29T07:02:27.024297,1,1,99.55,0.5,99.3,150,,,,,,,,,,,,,,,,,,,99.8,150,,,,,,,,,,,,,,,,,,
2026-06-28T21:02:27.087297+00:00,2026-06-29T07:02:27.077297,1,1,99.55,0.5,99.3,250,,,,,,,,,,,,,,,,,,,99.8,150,,,,,,,,,,,,,,,,,,
2026-06-28T21:02:27.131297+00:00,2026-06-29T07:02:27.130296,1,1,99.55,0.5,99.3,250,,,,,,,,,,,,,,,,,,,99.8,250,,,,,,,,,,,,,,,,,,
2026-06-28T21:02:27.230297+00:00,2026-06-29T07:02:27.219296,1,1,99.55,0.5,99.3,205,,,,,,,,,,,,,,,,,,,99.8,250,,,,,,,,,,,,,,,,,,
2026-06-28T21:02:27.769010+00:00,2026-06-29T07:02:27.759004,1,1,99.55,0.5,99.3,205,,,,,,,,,,,,,,,,,,,99.8,200,,,,,,,,,,,,,,,,,,
2026-06-28T21:02:29.814010+00:00,2026-06-29T07:02:29.809010,1,1,99.55,0.5,99.3,205,,,,,,,,,,,,,,,,,,,99.8,100,,,,,,,,,,,,,,,,,,
2026-06-28T21:02:29.825010+00:00,2026-06-29T07:02:29.818010,1,1,99.55,0.5,99.3,100,,,,,,,,,,,,,,,,,,,99.8,100,,,,,,,,,,,,,,,,,,
2026-06-28T21:02:29.880010+00:00,2026-06-29T07:02:29.876010,1,1,99.55,0.5,99.3,250,,,,,,,,,,,,,,,,,,,99.8,50,,,,,,,,,,,,,,,,,,
2026-06-28T21:02:29.935010+00:00,2026-06-29T07:02:29.927010,1,1,99.55,0.5,99.3,250,,,,,,,,,,,,,,,,,,,99.8,200,,,,,,,,,,,,,,,,,,
2026-06-28T21:02:29.979010+00:00,2026-06-29T07:02:29.968010,1,1,99.55,0.5,99.3,250,,,,,,,,,,,,,,,,,,,99.8,159,,,,,,,,,,,,,,,,,,
2026-06-28T21:02:30.188022+00:00,2026-06-29T07:02:30.186022,1,1,99.55,0.5,99.3,150,,,,,,,,,,,,,,,,,,,99.8,150,,,,,,,,,,,,,,,,,,
2026-06-28T21:02:30.243021+00:00,2026-06-29T07:02:30.239021,2,1,99.7,0.2,99.6,100,99.3,150,,,,,,,,,,,,,,,,,99.8,150,,,,,,,,,,,,,,,,,,
2026-06-28T21:02:30.298022+00:00,2026-06-29T07:02:30.291022,2,2,99.7,0.2,99.6,100,99.3,150,,,,,,,,,,,,,,,,,99.8,150,100.1,100,,,,,,,,,,,,,,,,
2026-06-28T21:02:31.805031+00:00,2026-06-29T07:02:31.798031,2,2,99.7,0.2,99.6,55,99.3,150,,,,,,,,,,,,,,,,,99.8,150,100.1,100,,,,,,,,,,,,,,,,
2026-06-28T21:02:31.992031+00:00,2026-06-29T07:02:31.981172,2,2,99.7,0.2,99.6,55,99.3,150,,,,,,,,,,,,,,,,,99.8,100,100.1,100,,,,,,,,,,,,,,,,
2026-06-28T21:02:32.990687+00:00,2026-06-29T07:02:32.988687,1,1,99.85,0.5,99.6,55,,,,,,,,,,,,,,,,,,,100.1,100,,,,,,,,,,,,,,,,,,
2026-06-28T21:02:33.045679+00:00,2026-06-29T07:02:33.034872,1,1,99.85,0.5,99.6,205,,,,,,,,,,,,,,,,,,,100.1,100,,,,,,,,,,,,,,,,,,
2026-06-28T21:02:33.089679+00:00,2026-06-29T07:02:33.086678,1,1,99.85,0.5,99.6,205,,,,,,,,,,,,,,,,,,,100.1,250,,,,,,,,,,,,,,,,,,
2026-06-28T21:02:33.353678+00:00,2026-06-29T07:02:33.347679,1,1,99.85,0.5,99.6,150,,,,,,,,,,,,,,,,,,,100.1,150,,,,,,,,,,,,,,,,,,
2026-06-28T21:02:33.408678+00:00,2026-06-29T07:02:33.399678,2,1,99.85,0.5,99.6,150,99.5,100,,,,,,,,,,,,,,,,,100.1,150,,,,,,,,,,,,,,,,,,
2026-06-28T21:02:33.463678+00:00,2026-06-29T07:02:33.452679,2,2,99.8,0.4,99.6,150,99.5,100,,,,,,,,,,,,,,,,,100.0,100,100.1,150,,,,,,,,,,,,,,,,
2026-06-28T21:02:33.958687+00:00,2026-06-29T07:02:33.948688,2,2,99.8,0.4,99.6,150,99.5,100,,,,,,,,,,,,,,,,,100.0,58,100.1,150,,,,,,,,,,,,,,,,
2026-06-28T21:02:34.112206+00:00,2026-06-29T07:02:34.107197,2,2,99.8,0.4,99.6,150,99.5,100,,,,,,,,,,,,,,,,,100.0,8,100.1,150,,,,,,,,,,,,,,,,
2026-06-28T21:02:34.926206+00:00,2026-06-29T07:02:34.925206,2,2,99.8,0.4,99.6,104,99.5,100,,,,,,,,,,,,,,,,,100.0,8,100.1,150,,,,,,,,,,,,,,,,
2026-06-28T21:02:35.905206+00:00,2026-06-29T07:02:35.897206,2,2,99.8,0.4,99.6,59,99.5,100,,,,,,,,,,,,,,,,,100.0,8,100.1,150,,,,,,,,,,,,,,,,
2026-06-28T21:02:36.146747+00:00,2026-06-29T07:02:36.145747,1,1,99.75,0.5,99.5,100,,,,,,,,,,,,,,,,,,,100.0,8,,,,,,,,,,,,,,,,,,
2026-06-28T21:02:36.201747+00:00,2026-06-29T07:02:36.196747,1,1,99.75,0.5,99.5,250,,,,,,,,,,,,,,,,,,,100.0,8,,,,,,,,,,,,,,,,,,
2026-06-28T21:02:36.223747+00:00,2026-06-29T07:02:36.212747,1,0,,,99.5,250,,,,,,,,,,,,,,,,,,,,,,,,,,,,,,,,,,,,,,
2026-06-28T21:02:36.256747+00:00,2026-06-29T07:02:36.250747,1,1,99.75,0.5,99.5,250,,,,,,,,,,,,,,,,,,,100.0,150,,,,,,,,,,,,,,,,,,
2026-06-28T21:02:36.520756+00:00,2026-06-29T07:02:36.518756,1,1,99.75,0.5,99.5,150,,,,,,,,,,,,,,,,,,,100.0,150,,,,,,,,,,,,,,,,,,
2026-06-28T21:02:36.575756+00:00,2026-06-29T07:02:36.569756,2,1,99.9,0.2,99.8,100,99.5,150,,,,,,,,,,,,,,,,,100.0,150,,,,,,,,,,,,,,,,,,
2026-06-28T21:02:36.630756+00:00,2026-06-29T07:02:36.621756,2,2,99.9,0.2,99.8,100,99.5,150,,,,,,,,,,,,,,,,,100.0,150,100.3,100,,,,,,,,,,,,,,,,
2026-06-28T21:02:37.048756+00:00,2026-06-29T07:02:37.040756,2,2,99.9,0.2,99.8,100,99.5,154,,,,,,,,,,,,,,,,,100.0,150,100.3,100,,,,,,,,,,,,,,,,
2026-06-28T21:02:37.378756+00:00,2026-06-29T07:02:37.375756,2,2,99.9,0.2,99.8,99,99.5,154,,,,,,,,,,,,,,,,,100.0,150,100.3,100,,,,,,,,,,,,,,,,
2026-06-28T21:02:37.697756+00:00,2026-06-29T07:02:37.696756,2,2,99.9,0.2,99.8,99,99.5,153,,,,,,,,,,,,,,,,,100.0,150,100.3,100,,,,,,,,,,,,,,,,
2026-06-28T21:02:38.148008+00:00,2026-06-29T07:02:38.141016,2,2,99.9,0.2,99.8,99,99.5,152,,,,,,,,,,,,,,,,,100.0,150,100.3,100,,,,,,,,,,,,,,,,
2026-06-28T21:02:38.357016+00:00,2026-06-29T07:02:38.356016,2,2,99.9,0.2,99.8,99,99.5,152,,,,,,,,,,,,,,,,,100.0,100,100.3,100,,,,,,,,,,,,,,,,
2026-06-28T21:02:38.368015+00:00,2026-06-29T07:02:38.366016,2,2,99.9,0.2,99.8,99,99.5,152,,,,,,,,,,,,,,,,,100.0,55,100.3,100,,,,,,,,,,,,,,,,
2026-06-28T21:02:38.908016+00:00,2026-06-29T07:02:38.899016,2,2,99.9,0.2,99.8,56,99.5,152,,,,,,,,,,,,,,,,,100.0,55,100.3,100,,,,,,,,,,,,,,,,
2026-06-28T21:02:39.315007+00:00,2026-06-29T07:02:39.306007,2,1,100.05,0.5,99.8,56,99.5,2,,,,,,,,,,,,,,,,,100.3,100,,,,,,,,,,,,,,,,,,
2026-06-28T21:02:39.370016+00:00,2026-06-29T07:02:39.360016,2,1,100.05,0.5,99.8,206,99.5,2,,,,,,,,,,,,,,,,,100.3,100,,,,,,,,,,,,,,,,,,
2026-06-28T21:02:39.392015+00:00,2026-06-29T07:02:39.383016,2,1,100.05,0.5,99.8,206,99.5,1,,,,,,,,,,,,,,,,,100.3,100,,,,,,,,,,,,,,,,,,
2026-06-28T21:02:39.414015+00:00,2026-06-29T07:02:39.413015,2,1,100.05,0.5,99.8,206,99.5,1,,,,,,,,,,,,,,,,,100.3,250,,,,,,,,,,,,,,,,,,
2026-06-28T21:02:39.689015+00:00,2026-06-29T07:02:39.680016,2,1,100.05,0.5,99.8,150,99.5,1,,,,,,,,,,,,,,,,,100.3,150,,,,,,,,,,,,,,,,,,
2026-06-28T21:02:39.733016+00:00,2026-06-29T07:02:39.732015,3,1,100.1,0.4,99.9,100,99.8,150,99.5,1,,,,,,,,,,,,,,,100.3,150,,,,,,,,,,,,,,,,,,
2026-06-28T21:02:39.788015+00:00,2026-06-29T07:02:39.784016,3,2,100.1,0.4,99.9,100,99.8,150,99.5,1,,,,,,,,,,,,,,,100.3,150,100.4,100,,,,,,,,,,,,,,,,
2026-06-28T21:02:40.436696+00:00,2026-06-29T07:02:40.434697,3,2,100.1,0.4,99.9,100,99.8,150,99.5,1,,,,,,,,,,,,,,,100.3,100,100.4,100,,,,,,,,,,,,,,,,
2026-06-28T21:02:41.666815+00:00,2026-06-29T07:02:41.660815,3,2,100.1,0.4,99.9,95,99.8,150,99.5,1,,,,,,,,,,,,,,,100.3,100,100.4,100,,,,,,,,,,,,,,,,
2026-06-28T21:02:41.732815+00:00,2026-06-29T07:02:41.726815,2,2,100.1,0.4,99.9,95,99.8,150,,,,,,,,,,,,,,,,,100.3,100,100.4,100,,,,,,,,,,,,,,,,
2026-06-28T21:02:41.974815+00:00,2026-06-29T07:02:41.967816,2,3,99.95,0.1,99.9,95,99.8,150,,,,,,,,,,,,,,,,,100.0,4,100.3,100,100.4,100,,,,,,,,,,,,,,
2026-06-28T21:02:42.478815+00:00,2026-06-29T07:02:42.471815,1,2,99.95,0.1,99.9,95,,,,,,,,,,,,,,,,,,,100.0,4,100.4,100,,,,,,,,,,,,,,,,
2026-06-28T21:02:42.533815+00:00,2026-06-29T07:02:42.526815,2,1,100.2,0.4,100.0,146,99.9,95,,,,,,,,,,,,,,,,,100.4,100,,,,,,,,,,,,,,,,,,
2026-06-28T21:02:42.544815+00:00,2026-06-29T07:02:42.539816,2,1,100.2,0.4,100.0,146,99.9,95,,,,,,,,,,,,,,,,,100.4,50,,,,,,,,,,,,,,,,,,
2026-06-28T21:02:42.588815+00:00,2026-06-29T07:02:42.578815,2,2,100.2,0.4,100.0,146,99.9,95,,,,,,,,,,,,,,,,,100.4,50,100.5,150,,,,,,,,,,,,,,,,
2026-06-28T21:02:42.840338+00:00,2026-06-29T07:02:42.838338,1,1,100.25,0.5,100.0,146,,,,,,,,,,,,,,,,,,,100.5,150,,,,,,,,,,,,,,,,,,
2026-06-28T21:02:42.895338+00:00,2026-06-29T07:02:42.891338,2,1,100.25,0.5,100.0,146,99.6,100,,,,,,,,,,,,,,,,,100.5,150,,,,,,,,,,,,,,,,,,
2026-06-28T21:02:42.961338+00:00,2026-06-29T07:02:42.951339,2,2,100.05,0.1,100.0,146,99.6,100,,,,,,,,,,,,,,,,,100.1,100,100.5,150,,,,,,,,,,,,,,,,
2026-06-28T21:02:43.115338+00:00,2026-06-29T07:02:43.113338,2,2,100.05,0.1,100.0,142,99.6,100,,,,,,,,,,,,,,,,,100.1,100,100.5,150,,,,,,,,,,,,,,,,
2026-06-28T21:02:43.225331+00:00,2026-06-29T07:02:43.224331,2,2,100.05,0.1,100.0,142,99.6,100,,,,,,,,,,,,,,,,,100.1,57,100.5,150,,,,,,,,,,,,,,,,
2026-06-28T21:02:43.302329+00:00,2026-06-29T07:02:43.293329,2,2,100.05,0.1,100.0,138,99.6,100,,,,,,,,,,,,,,,,,100.1,57,100.5,150,,,,,,,,,,,,,,,,
2026-06-28T21:02:43.401330+00:00,2026-06-29T07:02:43.400329,2,2,100.05,0.1,100.0,134,99.6,100,,,,,,,,,,,,,,,,,100.1,57,100.5,150,,,,,,,,,,,,,,,,
2026-06-28T21:02:44.204338+00:00,2026-06-29T07:02:44.196339,2,2,100.05,0.1,100.0,134,99.6,100,,,,,,,,,,,,,,,,,100.1,15,100.5,150,,,,,,,,,,,,,,,,
2026-06-28T21:02:44.710359+00:00,2026-06-29T07:02:44.700359,2,2,100.05,0.1,100.0,84,99.6,100,,,,,,,,,,,,,,,,,100.1,15,100.5,150,,,,,,,,,,,,,,,,
2026-06-28T21:02:45.436350+00:00,2026-06-29T07:02:45.432350,3,2,100.05,0.1,100.0,84,99.8,3,99.6,100,,,,,,,,,,,,,,,100.1,15,100.5,150,,,,,,,,,,,,,,,,
2026-06-28T21:02:45.612359+00:00,2026-06-29T07:02:45.605359,3,2,100.05,0.1,100.0,84,99.8,3,99.6,100,,,,,,,,,,,,,,,100.1,18,100.5,150,,,,,,,,,,,,,,,,
2026-06-28T21:02:45.634359+00:00,2026-06-29T07:02:45.633350,3,1,100.05,0.1,100.0,84,99.8,3,99.6,100,,,,,,,,,,,,,,,100.1,18,,,,,,,,,,,,,,,,,,
2026-06-28T21:02:45.645359+00:00,2026-06-29T07:02:45.634546,2,1,99.95,0.3,99.8,3,99.6,100,,,,,,,,,,,,,,,,,100.1,18,,,,,,,,,,,,,,,,,,
2026-06-28T21:02:45.689358+00:00,2026-06-29T07:02:45.685359,3,1,99.95,0.3,99.8,3,99.7,150,99.6,100,,,,,,,,,,,,,,,100.1,18,,,,,,,,,,,,,,,,,,
2026-06-28T21:02:45.744359+00:00,2026-06-29T07:02:45.738359,3,2,99.95,0.3,99.8,3,99.7,150,99.6,100,,,,,,,,,,,,,,,100.1,18,100.2,150,,,,,,,,,,,,,,,,
2026-06-28T21:02:46.008359+00:00,2026-06-29T07:02:46.000359,2,2,99.95,0.3,99.8,3,99.7,150,,,,,,,,,,,,,,,,,100.1,3,100.2,150,,,,,,,,,,,,,,,,
2026-06-28T21:02:46.063359+00:00,2026-06-29T07:02:46.053359,3,1,100.15,0.1,100.1,97,99.8,3,99.7,150,,,,,,,,,,,,,,,100.2,150,,,,,,,,,,,,,,,,,,
2026-06-28T21:02:46.085027+00:00,2026-06-29T07:02:46.080027,3,1,100.15,0.1,100.1,94,99.8,3,99.7,150,,,,,,,,,,,,,,,100.2,150,,,,,,,,,,,,,,,,,,
2026-06-28T21:02:46.118027+00:00,2026-06-29T07:02:46.107027,3,2,100.15,0.1,100.1,94,99.8,3,99.7,150,,,,,,,,,,,,,,,100.2,150,100.6,100,,,,,,,,,,,,,,,,
2026-06-28T21:02:46.140019+00:00,2026-06-29T07:02:46.137027,3,2,100.15,0.1,100.1,92,99.8,3,99.7,150,,,,,,,,,,,,,,,100.2,150,100.6,100,,,,,,,,,,,,,,,,
2026-06-28T21:02:47.118547+00:00,2026-06-29T07:02:47.112547,3,2,100.15,0.1,100.1,92,99.8,2,99.7,150,,,,,,,,,,,,,,,100.2,150,100.6,100,,,,,,,,,,,,,,,,
2026-06-28T21:02:47.426538+00:00,2026-06-29T07:02:47.423538,3,2,100.15,0.1,100.1,89,99.8,2,99.7,150,,,,,,,,,,,,,,,100.2,150,100.6,100,,,,,,,,,,,,,,,,
2026-06-28T21:02:48.174106+00:00,2026-06-29T07:02:48.163106,3,2,100.15,0.1,100.1,85,99.8,2,99.7,150,,,,,,,,,,,,,,,100.2,150,100.6,100,,,,,,,,,,,,,,,,
2026-06-28T21:02:48.471097+00:00,2026-06-29T07:02:48.462097,3,2,100.15,0.1,100.1,85,99.8,1,99.7,150,,,,,,,,,,,,,,,100.2,150,100.6,100,,,,,,,,,,,,,,,,
2026-06-28T21:02:48.801106+00:00,2026-06-29T07:02:48.794106,2,1,100.35,0.5,100.1,85,99.8,1,,,,,,,,,,,,,,,,,100.6,100,,,,,,,,,,,,,,,,,,
2026-06-28T21:02:48.856107+00:00,2026-06-29T07:02:48.847106,3,1,100.35,0.5,100.1,85,99.8,1,99.4,150,,,,,,,,,,,,,,,100.6,100,,,,,,,,,,,,,,,,,,
2026-06-28T21:02:48.889106+00:00,2026-06-29T07:02:48.880106,2,1,100.35,0.5,100.1,85,99.4,150,,,,,,,,,,,,,,,,,100.6,100,,,,,,,,,,,,,,,,,,
2026-06-28T21:02:48.911106+00:00,2026-06-29T07:02:48.903106,1,2,99.65,0.5,99.4,150,,,,,,,,,,,,,,,,,,,99.9,65,100.6,100,,,,,,,,,,,,,,,,
2026-06-28T21:02:48.922106+00:00,2026-06-29T07:02:48.917107,1,2,99.65,0.5,99.4,100,,,,,,,,,,,,,,,,,,,99.9,65,100.6,100,,,,,,,,,,,,,,,,
2026-06-28T21:02:49.164106+00:00,2026-06-29T07:02:49.162106,1,1,99.65,0.5,99.4,100,,,,,,,,,,,,,,,,,,,99.9,65,,,,,,,,,,,,,,,,,,
2026-06-28T21:02:49.241099+00:00,2026-06-29T07:02:49.240106,2,2,99.75,0.3,99.6,100,99.4,100,,,,,,,,,,,,,,,,,99.9,65,100.1,5,,,,,,,,,,,,,,,,
2026-06-28T21:02:49.285106+00:00,2026-06-29T07:02:49.284106,2,2,99.75,0.3,99.6,100,99.4,100,,,,,,,,,,,,,,,,,99.9,65,100.1,105,,,,,,,,,,,,,,,,
2026-06-28T21:02:51.034126+00:00,2026-06-29T07:02:51.024127,2,2,99.75,0.3,99.6,50,99.4,100,,,,,,,,,,,,,,,,,99.9,65,100.1,105,,,,,,,,,,,,,,,,
2026-06-28T21:02:51.968645+00:00,2026-06-29T07:02:51.967645,2,1,99.85,0.5,99.6,50,99.4,100,,,,,,,,,,,,,,,,,100.1,105,,,,,,,,,,,,,,,,,,
2026-06-28T21:02:51.979645+00:00,2026-06-29T07:02:51.969645,1,1,99.85,0.5,99.6,50,,,,,,,,,,,,,,,,,,,100.1,105,,,,,,,,,,,,,,,,,,
2026-06-28T21:02:52.034645+00:00,2026-06-29T07:02:52.028645,2,1,99.9,0.4,99.7,150,99.6,50,,,,,,,,,,,,,,,,,100.1,105,,,,,,,,,,,,,,,,,,
2026-06-28T21:02:52.078645+00:00,2026-06-29T07:02:52.075645,2,2,99.9,0.4,99.7,150,99.6,50,,,,,,,,,,,,,,,,,100.1,105,100.2,150,,,,,,,,,,,,,,,,
2026-06-28T21:02:52.342645+00:00,2026-06-29T07:02:52.341645,1,2,99.9,0.4,99.7,150,,,,,,,,,,,,,,,,,,,100.1,5,100.2,150,,,,,,,,,,,,,,,,
2026-06-28T21:02:52.397636+00:00,2026-06-29T07:02:52.394636,2,2,99.9,0.4,99.7,150,99.5,100,,,,,,,,,,,,,,,,,100.1,5,100.2,150,,,,,,,,,,,,,,,,
2026-06-28T21:02:52.452636+00:00,2026-06-29T07:02:52.448636,2,3,99.85,0.3,99.7,150,99.5,100,,,,,,,,,,,,,,,,,100.0,100,100.1,5,100.2,150,,,,,,,,,,,,,,
2026-06-28T21:02:53.133789+00:00,2026-06-29T07:02:53.132788,2,3,99.85,0.3,99.7,100,99.5,100,,,,,,,,,,,,,,,,,100.0,100,100.1,5,100.2,150,,,,,,,,,,,,,,
2026-06-28T21:02:53.364788+00:00,2026-06-29T07:02:53.361788,2,3,99.85,0.3,99.7,100,99.5,100,,,,,,,,,,,,,,,,,100.0,100,100.1,4,100.2,150,,,,,,,,,,,,,,
2026-06-28T21:02:54.387788+00:00,2026-06-29T07:02:54.384788,2,3,99.85,0.3,99.7,100,99.5,100,,,,,,,,,,,,,,,,,100.0,100,100.1,3,100.2,150,,,,,,,,,,,,,,
2026-06-28T21:02:55.135788+00:00,2026-06-29T07:02:55.133788,1,2,99.75,0.5,99.5,100,,,,,,,,,,,,,,,,,,,100.0,100,100.1,3,,,,,,,,,,,,,,,,
2026-06-28T21:02:55.190788+00:00,2026-06-29T07:02:55.185789,2,2,99.75,0.5,99.5,100,99.4,150,,,,,,,,,,,,,,,,,100.0,100,100.1,3,,,,,,,,,,,,,,,,
2026-06-28T21:02:55.245788+00:00,2026-06-29T07:02:55.242788,2,3,99.7,0.4,99.5,50,99.4,150,,,,,,,,,,,,,,,,,99.9,150,100.0,100,100.1,3,,,,,,,,,,,,,,
2026-06-28T21:02:55.509780+00:00,2026-06-29T07:02:55.504779,1,2,99.65,0.5,99.4,150,,,,,,,,,,,,,,,,,,,99.9,150,100.1,3,,,,,,,,,,,,,,,,
2026-06-28T21:02:55.564780+00:00,2026-06-29T07:02:55.557779,2,2,99.65,0.5,99.4,150,99.3,100,,,,,,,,,,,,,,,,,99.9,150,100.1,3,,,,,,,,,,,,,,,,
2026-06-28T21:02:55.619779+00:00,2026-06-29T07:02:55.609780,2,3,99.6,0.4,99.4,150,99.3,100,,,,,,,,,,,,,,,,,99.8,100,99.9,150,100.1,3,,,,,,,,,,,,,,
2026-06-28T21:02:55.773788+00:00,2026-06-29T07:02:55.762788,2,3,99.6,0.4,99.4,110,99.3,100,,,,,,,,,,,,,,,,,99.8,100,99.9,150,100.1,3,,,,,,,,,,,,,,
2026-06-28T21:02:56.785347+00:00,2026-06-29T07:02:56.784346,3,3,99.75,0.1,99.7,1,99.4,110,99.3,100,,,,,,,,,,,,,,,99.8,100,99.9,150,100.1,3,,,,,,,,,,,,,,
2026-06-28T21:02:57.126346+00:00,2026-06-29T07:02:57.125346,2,3,99.6,0.4,99.4,110,99.3,100,,,,,,,,,,,,,,,,,99.8,100,99.9,150,100.1,3,,,,,,,,,,,,,,
2026-06-28T21:02:57.346347+00:00,2026-06-29T07:02:57.345347,2,3,99.6,0.4,99.4,60,99.3,100,,,,,,,,,,,,,,,,,99.8,100,99.9,150,100.1,3,,,,,,,,,,,,,,
2026-06-28T21:02:57.829495+00:00,2026-06-29T07:02:57.825496,2,3,99.6,0.4,99.4,12,99.3,100,,,,,,,,,,,,,,,,,99.8,100,99.9,150,100.1,3,,,,,,,,,,,,,,
2026-06-28T21:02:58.324505+00:00,2026-06-29T07:02:58.316505,1,2,99.55,0.5,99.3,100,,,,,,,,,,,,,,,,,,,99.8,100,100.1,3,,,,,,,,,,,,,,,,
2026-06-28T21:02:58.379505+00:00,2026-06-29T07:02:58.371505,2,2,99.55,0.5,99.3,100,98.6,150,,,,,,,,,,,,,,,,,99.8,100,100.1,3,,,,,,,,,,,,,,,,
2026-06-28T21:02:58.434505+00:00,2026-06-29T07:02:58.424497,1,3,98.85,0.5,98.6,150,,,,,,,,,,,,,,,,,,,99.1,50,99.8,100,100.1,3,,,,,,,,,,,,,,
2026-06-28T21:02:58.676505+00:00,2026-06-29T07:02:58.674496,1,2,98.85,0.5,98.6,150,,,,,,,,,,,,,,,,,,,99.1,50,100.1,3,,,,,,,,,,,,,,,,
2026-06-28T21:02:58.698505+00:00,2026-06-29T07:02:58.693505,1,1,98.85,0.5,98.6,150,,,,,,,,,,,,,,,,,,,99.1,50,,,,,,,,,,,,,,,,,,
2026-06-28T21:02:58.720505+00:00,2026-06-29T07:02:58.714505,1,2,98.85,0.5,98.6,150,,,,,,,,,,,,,,,,,,,99.1,50,99.9,6,,,,,,,,,,,,,,,,
2026-06-28T21:02:58.731505+00:00,2026-06-29T07:02:58.727498,2,2,98.95,0.3,98.8,100,98.6,150,,,,,,,,,,,,,,,,,99.1,50,99.9,6,,,,,,,,,,,,,,,,
2026-06-28T21:02:58.786505+00:00,2026-06-29T07:02:58.777505,2,3,98.95,0.3,98.8,100,98.6,150,,,,,,,,,,,,,,,,,99.1,50,99.3,100,99.9,6,,,,,,,,,,,,,,
2026-06-28T21:03:00.227517+00:00,2026-06-29T07:03:00.224518,2,3,98.95,0.3,98.8,100,98.6,150,,,,,,,,,,,,,,,,,99.1,50,99.3,100,99.9,5,,,,,,,,,,,,,,
2026-06-28T21:03:01.305518+00:00,2026-06-29T07:03:01.298518,2,3,98.95,0.3,98.8,100,98.6,150,,,,,,,,,,,,,,,,,99.1,50,99.3,100,99.9,4,,,,,,,,,,,,,,
2026-06-28T21:03:01.481518+00:00,2026-06-29T07:03:01.479517,2,2,99.05,0.5,98.8,100,98.6,150,,,,,,,,,,,,,,,,,99.3,100,99.9,4,,,,,,,,,,,,,,,,
2026-06-28T21:03:01.492518+00:00,2026-06-29T07:03:01.481518,1,2,99.05,0.5,98.8,100,,,,,,,,,,,,,,,,,,,99.3,100,99.9,4,,,,,,,,,,,,,,,,
2026-06-28T21:03:01.536508+00:00,2026-06-29T07:03:01.535508,2,1,99.6,0.6,99.3,50,98.8,100,,,,,,,,,,,,,,,,,99.9,4,,,,,,,,,,,,,,,,,,
2026-06-28T21:03:01.591508+00:00,2026-06-29T07:03:01.589508,2,2,99.55,0.5,99.3,50,98.8,100,,,,,,,,,,,,,,,,,99.8,150,99.9,4,,,,,,,,,,,,,,,,
2026-06-28T21:03:01.833509+00:00,2026-06-29T07:03:01.831508,1,2,99.55,0.5,99.3,50,,,,,,,,,,,,,,,,,,,99.8,150,99.9,4,,,,,,,,,,,,,,,,
2026-06-28T21:03:01.888508+00:00,2026-06-29T07:03:01.885508,1,2,99.55,0.5,99.3,150,,,,,,,,,,,,,,,,,,,99.8,150,99.9,4,,,,,,,,,,,,,,,,
2026-06-28T21:03:01.943509+00:00,2026-06-29T07:03:01.939509,1,2,99.55,0.5,99.3,150,,,,,,,,,,,,,,,,,,,99.8,250,99.9,4,,,,,,,,,,,,,,,,
2026-06-28T21:03:02.064509+00:00,2026-06-29T07:03:02.055509,1,2,99.55,0.5,99.3,150,,,,,,,,,,,,,,,,,,,99.8,250,99.9,3,,,,,,,,,,,,,,,,
2026-06-28T21:03:02.174517+00:00,2026-06-29T07:03:02.163517,1,1,99.55,0.5,99.3,150,,,,,,,,,,,,,,,,,,,99.8,250,,,,,,,,,,,,,,,,,,
2026-06-28T21:03:03.109056+00:00,2026-06-29T07:03:03.098340,1,2,99.5,0.4,99.3,150,,,,,,,,,,,,,,,,,,,99.7,3,99.8,250,,,,,,,,,,,,,,,,
2026-06-28T21:03:03.670056+00:00,2026-06-29T07:03:03.662047,1,2,99.5,0.4,99.3,100,,,,,,,,,,,,,,,,,,,99.7,3,99.8,250,,,,,,,,,,,,,,,,
2026-06-28T21:03:04.440057+00:00,2026-06-29T07:03:04.437057,2,2,99.55,0.3,99.4,2,99.3,100,,,,,,,,,,,,,,,,,99.7,3,99.8,250,,,,,,,,,,,,,,,,
2026-06-28T21:03:04.648566+00:00,2026-06-29T07:03:04.643566,2,2,99.55,0.3,99.4,2,99.3,100,,,,,,,,,,,,,,,,,99.7,3,99.8,100,,,,,,,,,,,,,,,,
2026-06-28T21:03:04.703566+00:00,2026-06-29T07:03:04.696566,3,2,99.55,0.3,99.4,2,99.3,100,98.8,150,,,,,,,,,,,,,,,99.7,3,99.8,100,,,,,,,,,,,,,,,,
2026-06-28T21:03:04.758566+00:00,2026-06-29T07:03:04.753566,1,3,99.05,0.5,98.8,150,,,,,,,,,,,,,,,,,,,99.3,48,99.7,3,99.8,100,,,,,,,,,,,,,,
2026-06-28T21:03:05.000575+00:00,2026-06-29T07:03:04.994575,1,2,99.05,0.5,98.8,150,,,,,,,,,,,,,,,,,,,99.3,48,99.7,3,,,,,,,,,,,,,,,,
2026-06-28T21:03:05.055575+00:00,2026-06-29T07:03:05.048575,2,2,99.2,0.2,99.1,100,98.8,150,,,,,,,,,,,,,,,,,99.3,48,99.7,3,,,,,,,,,,,,,,,,
2026-06-28T21:03:05.110568+00:00,2026-06-29T07:03:05.102575,2,3,99.2,0.2,99.1,100,98.8,150,,,,,,,,,,,,,,,,,99.3,48,99.6,100,99.7,3,,,,,,,,,,,,,,
2026-06-28T21:03:07.814197+00:00,2026-06-29T07:03:07.810197,1,2,99.35,0.5,99.1,100,,,,,,,,,,,,,,,,,,,99.6,100,99.7,3,,,,,,,,,,,,,,,,
2026-06-28T21:03:07.836197+00:00,2026-06-29T07:03:07.827198,1,2,99.35,0.5,99.1,100,,,,,,,,,,,,,,,,,,,99.6,50,99.7,3,,,,,,,,,,,,,,,,
2026-06-28T21:03:07.869197+00:00,2026-06-29T07:03:07.863197,2,2,99.35,0.5,99.1,100,98.9,150,,,,,,,,,,,,,,,,,99.6,50,99.7,3,,,,,,,,,,,,,,,,
2026-06-28T21:03:07.924206+00:00,2026-06-29T07:03:07.918206,2,3,99.25,0.3,99.1,100,98.9,150,,,,,,,,,,,,,,,,,99.4,150,99.6,50,99.7,3,,,,,,,,,,,,,,
2026-06-28T21:03:08.111197+00:00,2026-06-29T07:03:08.107197,2,3,99.25,0.3,99.1,100,98.9,150,,,,,,,,,,,,,,,,,99.4,149,99.6,50,99.7,3,,,,,,,,,,,,,,
2026-06-28T21:03:08.166198+00:00,2026-06-29T07:03:08.157197,1,2,99.15,0.5,98.9,150,,,,,,,,,,,,,,,,,,,99.4,149,99.7,3,,,,,,,,,,,,,,,,
2026-06-28T21:03:08.210197+00:00,2026-06-29T07:03:08.209197,3,2,99.35,0.1,99.3,1,99.0,100,98.9,150,,,,,,,,,,,,,,,99.4,149,99.7,3,,,,,,,,,,,,,,,,
2026-06-28T21:03:08.265198+00:00,2026-06-29T07:03:08.262197,3,3,99.35,0.1,99.3,1,99.0,100,98.9,150,,,,,,,,,,,,,,,99.4,149,99.5,100,99.7,3,,,,,,,,,,,,,,
2026-06-28T21:03:09.936727+00:00,2026-06-29T07:03:09.928727,3,3,99.35,0.1,99.3,1,99.0,100,98.9,150,,,,,,,,,,,,,,,99.4,99,99.5,100,99.7,3,,,,,,,,,,,,,,
2026-06-28T21:03:10.981837+00:00,2026-06-29T07:03:10.971837,2,2,99.4,0.2,99.3,1,99.0,100,,,,,,,,,,,,,,,,,99.5,100,99.7,3,,,,,,,,,,,,,,,,
2026-06-28T21:03:11.036837+00:00,2026-06-29T07:03:11.028838,2,2,99.4,0.2,99.3,1,99.0,250,,,,,,,,,,,,,,,,,99.5,100,99.7,3,,,,,,,,,,,,,,,,
2026-06-28T21:03:11.091837+00:00,2026-06-29T07:03:11.081837,2,2,99.4,0.2,99.3,1,99.0,250,,,,,,,,,,,,,,,,,99.5,250,99.7,3,,,,,,,,,,,,,,,,
2026-06-28T21:03:11.322837+00:00,2026-06-29T07:03:11.317837,2,2,99.4,0.2,99.3,1,99.0,150,,,,,,,,,,,,,,,,,99.5,150,99.7,3,,,,,,,,,,,,,,,,
2026-06-28T21:03:11.377837+00:00,2026-06-29T07:03:11.370837,3,2,99.4,0.2,99.3,1,99.0,150,98.9,100,,,,,,,,,,,,,,,99.5,150,99.7,3,,,,,,,,,,,,,,,,
2026-06-28T21:03:11.432837+00:00,2026-06-29T07:03:11.422837,3,3,99.35,0.1,99.3,1,99.0,150,98.9,100,,,,,,,,,,,,,,,99.4,100,99.5,150,99.7,3,,,,,,,,,,,,,,
2026-06-28T21:03:12.091727+00:00,2026-06-29T07:03:12.086727,2,3,99.2,0.4,99.0,101,98.9,100,,,,,,,,,,,,,,,,,99.4,100,99.5,150,99.7,3,,,,,,,,,,,,,,
2026-06-28T21:03:12.168728+00:00,2026-06-29T07:03:12.165727,3,3,99.35,0.1,99.3,1,99.0,101,98.9,100,,,,,,,,,,,,,,,99.4,100,99.5,150,99.7,3,,,,,,,,,,,,,,
2026-06-28T21:03:12.707739+00:00,2026-06-29T07:03:12.701739,2,3,99.2,0.4,99.0,101,98.9,100,,,,,,,,,,,,,,,,,99.4,100,99.5,150,99.7,3,,,,,,,,,,,,,,
2026-06-28T21:03:12.729739+00:00,2026-06-29T07:03:12.721739,2,2,99.2,0.4,99.0,101,98.9,100,,,,,,,,,,,,,,,,,99.4,100,99.5,150,,,,,,,,,,,,,,,,
2026-06-28T21:03:13.818831+00:00,2026-06-29T07:03:13.815831,2,2,99.2,0.4,99.0,101,98.9,100,,,,,,,,,,,,,,,,,99.4,100,99.5,155,,,,,,,,,,,,,,,,
2026-06-28T21:03:14.137831+00:00,2026-06-29T07:03:14.135831,2,2,99.2,0.4,99.0,101,98.9,100,,,,,,,,,,,,,,,,,99.4,100,99.5,5,,,,,,,,,,,,,,,,
2026-06-28T21:03:14.148831+00:00,2026-06-29T07:03:14.137831,1,2,99.15,0.5,98.9,100,,,,,,,,,,,,,,,,,,,99.4,100,99.5,5,,,,,,,,,,,,,,,,
2026-06-28T21:03:14.203831+00:00,2026-06-29T07:03:14.198831,1,2,99.15,0.5,98.9,200,,,,,,,,,,,,,,,,,,,99.4,100,99.5,5,,,,,,,,,,,,,,,,
2026-06-28T21:03:14.247831+00:00,2026-06-29T07:03:14.245831,1,2,99.15,0.5,98.9,200,,,,,,,,,,,,,,,,,,,99.4,250,99.5,5,,,,,,,,,,,,,,,,
2026-06-28T21:03:14.478840+00:00,2026-06-29T07:03:14.476840,1,2,99.15,0.5,98.9,150,,,,,,,,,,,,,,,,,,,99.4,150,99.5,5,,,,,,,,,,,,,,,,
2026-06-28T21:03:14.533840+00:00,2026-06-29T07:03:14.529840,2,2,99.15,0.5,98.9,150,98.8,100,,,,,,,,,,,,,,,,,99.4,150,99.5,5,,,,,,,,,,,,,,,,
2026-06-28T21:03:14.588840+00:00,2026-06-29T07:03:14.583840,2,3,99.1,0.4,98.9,150,98.8,100,,,,,,,,,,,,,,,,,99.3,100,99.4,150,99.5,5,,,,,,,,,,,,,,
2026-06-28T21:03:15.889031+00:00,2026-06-29T07:03:15.886032,2,3,99.1,0.4,98.9,150,98.8,100,,,,,,,,,,,,,,,,,99.3,56,99.4,150,99.5,5,,,,,,,,,,,,,,
2026-06-28T21:03:16.306603+00:00,2026-06-29T07:03:16.300603,2,3,99.1,0.4,98.9,100,98.8,100,,,,,,,,,,,,,,,,,99.3,56,99.4,150,99.5,5,,,,,,,,,,,,,,
2026-06-28T21:03:17.098603+00:00,2026-06-29T07:03:17.097603,2,3,99.1,0.4,98.9,59,98.8,100,,,,,,,,,,,,,,,,,99.3,56,99.4,150,99.5,5,,,,,,,,,,,,,,
2026-06-28T21:03:17.307603+00:00,2026-06-29T07:03:17.301603,1,2,99.05,0.5,98.8,100,,,,,,,,,,,,,,,,,,,99.3,56,99.5,5,,,,,,,,,,,,,,,,
2026-06-28T21:03:17.362603+00:00,2026-06-29T07:03:17.353603,2,2,99.05,0.5,98.8,100,98.3,150,,,,,,,,,,,,,,,,,99.3,56,99.5,5,,,,,,,,,,,,,,,,
2026-06-28T21:03:17.417603+00:00,2026-06-29T07:03:17.408603,1,3,98.55,0.5,98.3,150,,,,,,,,,,,,,,,,,,,98.8,50,99.3,56,99.5,5,,,,,,,,,,,,,,
2026-06-28T21:03:17.637603+00:00,2026-06-29T07:03:17.636603,1,2,98.55,0.5,98.3,150,,,,,,,,,,,,,,,,,,,98.8,50,99.5,5,,,,,,,,,,,,,,,,
2026-06-28T21:03:17.692603+00:00,2026-06-29T07:03:17.688602,2,2,98.6,0.4,98.4,100,98.3,150,,,,,,,,,,,,,,,,,98.8,50,99.5,5,,,,,,,,,,,,,,,,
2026-06-28T21:03:17.747603+00:00,2026-06-29T07:03:17.741603,2,3,98.6,0.4,98.4,100,98.3,150,,,,,,,,,,,,,,,,,98.8,50,98.9,100,99.5,5,,,,,,,,,,,,,,
2026-06-28T21:03:20.462381+00:00,2026-06-29T07:03:20.461271,2,2,98.65,0.5,98.4,100,98.3,150,,,,,,,,,,,,,,,,,98.9,100,99.5,5,,,,,,,,,,,,,,,,
2026-06-28T21:03:20.473271+00:00,2026-06-29T07:03:20.471271,1,2,98.65,0.5,98.4,100,,,,,,,,,,,,,,,,,,,98.9,100,99.3,5,,,,,,,,,,,,,,,,
2026-06-28T21:03:20.517272+00:00,2026-06-29T07:03:20.515272,2,2,98.85,0.1,98.8,150,98.4,100,,,,,,,,,,,,,,,,,98.9,100,99.3,5,,,,,,,,,,,,,,,,
2026-06-28T21:03:20.572271+00:00,2026-06-29T07:03:20.568271,2,2,98.85,0.1,98.8,150,98.4,100,,,,,,,,,,,,,,,,,98.9,100,99.3,155,,,,,,,,,,,,,,,,
2026-06-28T21:03:20.803261+00:00,2026-06-29T07:03:20.798262,1,1,99.05,0.5,98.8,150,,,,,,,,,,,,,,,,,,,99.3,155,,,,,,,,,,,,,,,,,,
2026-06-28T21:03:20.858261+00:00,2026-06-29T07:03:20.851261,2,1,99.05,0.5,98.8,150,98.6,100,,,,,,,,,,,,,,,,,99.3,155,,,,,,,,,,,,,,,,,,
2026-06-28T21:03:20.913262+00:00,2026-06-29T07:03:20.904261,2,2,98.95,0.3,98.8,150,98.6,100,,,,,,,,,,,,,,,,,99.1,100,99.3,155,,,,,,,,,,,,,,,,
2026-06-28T21:03:22.574271+00:00,2026-06-29T07:03:22.564272,2,2,98.95,0.3,98.8,150,98.6,100,,,,,,,,,,,,,,,,,99.1,50,99.3,155,,,,,,,,,,,,,,,,
2026-06-28T21:03:23.454393+00:00,2026-06-29T07:03:23.449393,3,2,99.05,0.1,99.0,1,98.8,150,98.6,100,,,,,,,,,,,,,,,99.1,50,99.3,154,,,,,,,,,,,,,,,,
2026-06-28T21:03:23.630393+00:00,2026-06-29T07:03:23.624392,2,2,99.05,0.1,99.0,1,98.6,100,,,,,,,,,,,,,,,,,99.1,50,99.3,4,,,,,,,,,,,,,,,,
2026-06-28T21:03:23.685392+00:00,2026-06-29T07:03:23.677392,3,2,99.05,0.1,99.0,1,98.8,150,98.6,100,,,,,,,,,,,,,,,99.1,50,99.3,4,,,,,,,,,,,,,,,,
2026-06-28T21:03:23.740393+00:00,2026-06-29T07:03:23.739393,3,2,99.05,0.1,99.0,1,98.8,150,98.6,100,,,,,,,,,,,,,,,99.1,50,99.3,154,,,,,,,,,,,,,,,,
2026-06-28T21:03:23.960404+00:00,2026-06-29T07:03:23.957404,3,1,99.15,0.3,99.0,1,98.8,150,98.6,100,,,,,,,,,,,,,,,99.3,154,,,,,,,,,,,,,,,,,,
2026-06-28T21:03:23.971404+00:00,2026-06-29T07:03:23.961404,2,1,99.15,0.3,99.0,1,98.8,150,,,,,,,,,,,,,,,,,99.3,154,,,,,,,,,,,,,,,,,,
2026-06-28T21:03:24.015404+00:00,2026-06-29T07:03:24.012404,3,1,99.15,0.3,99.0,1,98.8,150,98.7,100,,,,,,,,,,,,,,,99.3,154,,,,,,,,,,,,,,,,,,
2026-06-28T21:03:24.070414+00:00,2026-06-29T07:03:24.069413,3,2,99.1,0.2,99.0,1,98.8,150,98.7,100,,,,,,,,,,,,,,,99.2,100,99.3,154,,,,,,,,,,,,,,,,
2026-06-28T21:03:24.158413+00:00,2026-06-29T07:03:24.153413,3,2,99.1,0.2,99.0,1,98.8,150,98.7,100,,,,,,,,,,,,,,,99.2,59,99.3,154,,,,,,,,,,,,,,,,
2026-06-28T21:03:24.895404+00:00,2026-06-29T07:03:24.887405,2,2,99.0,0.4,98.8,150,98.7,100,,,,,,,,,,,,,,,,,99.2,59,99.3,154,,,,,,,,,,,,,,,,
2026-06-28T21:03:25.698413+00:00,2026-06-29T07:03:25.690413,2,2,99.0,0.4,98.8,150,98.7,100,,,,,,,,,,,,,,,,,99.2,14,99.3,154,,,,,,,,,,,,,,,,
2026-06-28T21:03:26.785594+00:00,2026-06-29T07:03:26.779594,2,1,99.05,0.5,98.8,150,98.7,100,,,,,,,,,,,,,,,,,99.3,118,,,,,,,,,,,,,,,,,,
2026-06-28T21:03:26.796594+00:00,2026-06-29T07:03:26.794594,1,0,,,98.7,100,,,,,,,,,,,,,,,,,,,,,,,,,,,,,,,,,,,,,,
2026-06-28T21:03:26.851484+00:00,2026-06-29T07:03:26.846564,2,0,,,99.1,150,98.7,100,,,,,,,,,,,,,,,,,,,,,,,,,,,,,,,,,,,,
2026-06-28T21:03:26.906593+00:00,2026-06-29T07:03:26.901593,2,1,99.35,0.5,99.1,150,98.7,100,,,,,,,,,,,,,,,,,99.6,150,,,,,,,,,,,,,,,,,,
2026-06-28T21:03:27.126594+00:00,2026-06-29T07:03:27.122594,1,1,99.35,0.5,99.1,150,,,,,,,,,,,,,,,,,,,99.6,150,,,,,,,,,,,,,,,,,,
2026-06-28T21:03:27.181594+00:00,2026-06-29T07:03:27.176594,2,1,99.4,0.4,99.2,100,99.1,150,,,,,,,,,,,,,,,,,99.6,150,,,,,,,,,,,,,,,,,,
2026-06-28T21:03:27.236594+00:00,2026-06-29T07:03:27.230481,2,2,99.4,0.4,99.2,100,99.1,150,,,,,,,,,,,,,,,,,99.6,150,99.7,100,,,,,,,,,,,,,,,,
2026-06-28T21:03:27.577593+00:00,2026-06-29T07:03:27.575476,2,3,99.25,0.1,99.2,100,99.1,150,,,,,,,,,,,,,,,,,99.3,5,99.6,150,99.7,100,,,,,,,,,,,,,,
2026-06-28T21:03:28.950999+00:00,2026-06-29T07:03:28.942007,2,3,99.25,0.1,99.2,50,99.1,150,,,,,,,,,,,,,,,,,99.3,5,99.6,150,99.7,100,,,,,,,,,,,,,,
2026-06-28T21:03:29.621998+00:00,2026-06-29T07:03:29.620998,2,2,99.4,0.4,99.2,50,99.1,150,,,,,,,,,,,,,,,,,99.6,150,99.7,100,,,,,,,,,,,,,,,,
2026-06-28T21:03:29.952007+00:00,2026-06-29T07:03:29.951007,2,1,99.45,0.5,99.2,50,99.1,150,,,,,,,,,,,,,,,,,99.7,100,,,,,,,,,,,,,,,,,,
2026-06-28T21:03:29.962998+00:00,2026-06-29T07:03:29.957007,1,2,99.25,0.1,99.2,50,,,,,,,,,,,,,,,,,,,99.3,5,99.7,100,,,,,,,,,,,,,,,,
2026-06-28T21:03:30.006998+00:00,2026-06-29T07:03:30.004998,2,2,99.25,0.1,99.2,50,99.0,150,,,,,,,,,,,,,,,,,99.3,5,99.7,100,,,,,,,,,,,,,,,,
2026-06-28T21:03:30.062007+00:00,2026-06-29T07:03:30.057998,2,3,99.25,0.1,99.2,50,99.0,150,,,,,,,,,,,,,,,,,99.3,5,99.5,150,99.7,100,,,,,,,,,,,,,,
2026-06-28T21:03:30.293008+00:00,2026-06-29T07:03:30.286007,1,2,99.15,0.3,99.0,150,,,,,,,,,,,,,,,,,,,99.3,5,99.5,150,,,,,,,,,,,,,,,,
2026-06-28T21:03:30.348007+00:00,2026-06-29T07:03:30.338008,2,2,99.15,0.3,99.0,150,98.9,100,,,,,,,,,,,,,,,,,99.3,5,99.5,150,,,,,,,,,,,,,,,,
2026-06-28T21:03:30.414007+00:00,2026-06-29T07:03:30.403255,2,3,99.15,0.3,99.0,150,98.9,100,,,,,,,,,,,,,,,,,99.3,5,99.4,100,99.5,150,,,,,,,,,,,,,,
2026-06-28T21:03:30.854007+00:00,2026-06-29T07:03:30.848007,2,3,99.15,0.3,99.0,103,98.9,100,,,,,,,,,,,,,,,,,99.3,5,99.4,100,99.5,150,,,,,,,,,,,,,,
2026-06-28T21:03:31.019212+00:00,2026-06-29T07:03:31.010213,2,2,99.2,0.4,99.0,103,98.9,100,,,,,,,,,,,,,,,,,99.4,55,99.5,150,,,,,,,,,,,,,,,,
2026-06-28T21:03:31.030212+00:00,2026-06-29T07:03:31.020213,2,3,99.15,0.3,99.0,103,98.9,100,,,,,,,,,,,,,,,,,99.3,5,99.4,55,99.5,150,,,,,,,,,,,,,,
