recv_time,book_timestamp,n_bids,n_asks,mid,spread,bid_px_0,bid_vol_0,bid_px_1,bid_vol_1,bid_px_2,bid_vol_2,bid_px_3,bid_vol_3,bid_px_4,bid_vol_4,bid_px_5,bid_vol_5,bid_px_6,bid_vol_6,bid_px_7,bid_vol_7,bid_px_8,bid_vol_8,bid_px_9,bid_vol_9,ask_px_0,ask_vol_0,ask_px_1,ask_vol_1,ask_px_2,ask_vol_2,ask_px_3,ask_vol_3,ask_px_4,ask_vol_4,ask_px_5,ask_vol_5,ask_px_6,ask_vol_6,ask_px_7,ask_vol_7,ask_px_8,ask_vol_8,ask_px_9,ask_vol_9
2026-07-01T21:00:00.771618+00:00,2026-07-01T21:00:00.770773,2,2,87.15,0.1,87.1,50,86.7,150,,,,,,,,,,,,,,,,,87.2,138,87.6,105,,,,,,,,,,,,,,,,
2026-07-01T21:00:01.596943+00:00,2026-07-01T21:00:01.596913,2,2,87.15,0.1,87.1,50,86.7,150,,,,,,,,,,,,,,,,,87.2,97,87.6,105,,,,,,,,,,,,,,,,
2026-07-01T21:00:01.779250+00:00,2026-07-01T21:00:01.779348,1,2,86.95,0.5,86.7,150,,,,,,,,,,,,,,,,,,,87.2,97,87.6,5,,,,,,,,,,,,,,,,
2026-07-01T21:00:01.837134+00:00,2026-07-01T21:00:01.837056,2,2,87.1,0.2,87.0,100,86.7,150,,,,,,,,,,,,,,,,,87.2,97,87.6,5,,,,,,,,,,,,,,,,
2026-07-01T21:00:01.890335+00:00,2026-07-01T21:00:01.890219,2,3,87.1,0.2,87.0,100,86.7,150,,,,,,,,,,,,,,,,,87.2,97,87.5,100,87.6,5,,,,,,,,,,,,,,
2026-07-01T21:00:02.563776+00:00,2026-07-01T21:00:02.563744,1,2,87.25,0.5,87.0,100,,,,,,,,,,,,,,,,,,,87.5,100,87.6,5,,,,,,,,,,,,,,,,
2026-07-01T21:00:02.619680+00:00,2026-07-01T21:00:02.619568,2,2,87.25,0.5,87.0,100,86.9,150,,,,,,,,,,,,,,,,,87.5,100,87.6,3,,,,,,,,,,,,,,,,
2026-07-01T21:00:02.709622+00:00,2026-07-01T21:00:02.671674,2,3,87.2,0.4,87.0,100,86.9,150,,,,,,,,,,,,,,,,,87.4,150,87.5,100,87.6,3,,,,,,,,,,,,,,
2026-07-01T21:00:02.837284+00:00,2026-07-01T21:00:02.803117,2,3,87.2,0.4,87.0,100,86.9,150,,,,,,,,,,,,,,,,,87.4,150,87.5,100,87.6,2,,,,,,,,,,,,,,
2026-07-01T21:00:02.901955+00:00,2026-07-01T21:00:02.901763,2,3,87.2,0.4,87.0,50,86.9,150,,,,,,,,,,,,,,,,,87.4,150,87.5,100,87.6,2,,,,,,,,,,,,,,
2026-07-01T21:00:03.771280+00:00,2026-07-01T21:00:03.703498,2,3,87.2,0.4,87.0,1,86.9,150,,,,,,,,,,,,,,,,,87.4,150,87.5,100,87.6,2,,,,,,,,,,,,,,
2026-07-01T21:00:04.498679+00:00,2026-07-01T21:00:04.498609,2,3,87.2,0.4,87.0,1,86.9,150,,,,,,,,,,,,,,,,,87.4,150,87.5,100,87.6,1,,,,,,,,,,,,,,
2026-07-01T21:00:04.811481+00:00,2026-07-01T21:00:04.811408,3,3,87.3,0.2,87.2,5,87.0,1,86.9,150,,,,,,,,,,,,,,,87.4,150,87.5,100,87.6,1,,,,,,,,,,,,,,
2026-07-01T21:00:04.943483+00:00,2026-07-01T21:00:04.943390,1,1,87.15,0.5,86.9,150,,,,,,,,,,,,,,,,,,,87.4,150,,,,,,,,,,,,,,,,,,
2026-07-01T21:00:04.997876+00:00,2026-07-01T21:00:04.997753,2,1,87.15,0.5,86.9,150,86.8,100,,,,,,,,,,,,,,,,,87.4,150,,,,,,,,,,,,,,,,,,
2026-07-01T21:00:05.003139+00:00,2026-07-01T21:00:05.003021,2,1,87.15,0.5,86.9,100,86.8,100,,,,,,,,,,,,,,,,,87.4,150,,,,,,,,,,,,,,,,,,
2026-07-01T21:00:05.058563+00:00,2026-07-01T21:00:05.045343,2,2,87.1,0.4,86.9,100,86.8,100,,,,,,,,,,,,,,,,,87.3,100,87.4,150,,,,,,,,,,,,,,,,
2026-07-01T21:00:05.163677+00:00,2026-07-01T21:00:05.163935,2,2,87.1,0.4,86.9,100,86.8,100,,,,,,,,,,,,,,,,,87.3,55,87.4,150,,,,,,,,,,,,,,,,
2026-07-01T21:00:05.195534+00:00,2026-07-01T21:00:05.195375,3,2,87.2,0.2,87.1,5,86.9,100,86.8,100,,,,,,,,,,,,,,,87.3,55,87.4,150,,,,,,,,,,,,,,,,
2026-07-01T21:00:05.658620+00:00,2026-07-01T21:00:05.655016,3,2,87.2,0.2,87.1,5,86.9,100,86.8,100,,,,,,,,,,,,,,,87.3,55,87.4,151,,,,,,,,,,,,,,,,
2026-07-01T21:00:05.729671+00:00,2026-07-01T21:00:05.729852,2,2,87.2,0.2,87.1,5,86.8,100,,,,,,,,,,,,,,,,,87.3,55,87.4,1,,,,,,,,,,,,,,,,
2026-07-01T21:00:05.784216+00:00,2026-07-01T21:00:05.784089,2,2,87.2,0.2,87.1,5,86.8,250,,,,,,,,,,,,,,,,,87.3,55,87.4,1,,,,,,,,,,,,,,,,
2026-07-01T21:00:05.828284+00:00,2026-07-01T21:00:05.828180,2,2,87.2,0.2,87.1,4,86.8,250,,,,,,,,,,,,,,,,,87.3,55,87.4,1,,,,,,,,,,,,,,,,
2026-07-01T21:00:05.838825+00:00,2026-07-01T21:00:05.838702,2,2,87.2,0.2,87.1,4,86.8,250,,,,,,,,,,,,,,,,,87.3,205,87.4,1,,,,,,,,,,,,,,,,
2026-07-01T21:00:06.278780+00:00,2026-07-01T21:00:06.278674,2,2,87.2,0.2,87.1,4,86.8,250,,,,,,,,,,,,,,,,,87.3,158,87.4,1,,,,,,,,,,,,,,,,
2026-07-01T21:00:07.087423+00:00,2026-07-01T21:00:07.087344,2,2,87.2,0.2,87.1,4,86.8,250,,,,,,,,,,,,,,,,,87.3,108,87.4,1,,,,,,,,,,,,,,,,
2026-07-01T21:00:07.226444+00:00,2026-07-01T21:00:07.226395,1,2,87.05,0.5,86.8,207,,,,,,,,,,,,,,,,,,,87.3,108,87.4,1,,,,,,,,,,,,,,,,
2026-07-01T21:00:07.690756+00:00,2026-07-01T21:00:07.690646,1,1,87.05,0.5,86.8,207,,,,,,,,,,,,,,,,,,,87.3,108,,,,,,,,,,,,,,,,,,
2026-07-01T21:00:07.701199+00:00,2026-07-01T21:00:07.701106,1,1,87.05,0.5,86.8,160,,,,,,,,,,,,,,,,,,,87.3,108,,,,,,,,,,,,,,,,,,
2026-07-01T21:00:08.104212+00:00,2026-07-01T21:00:08.104115,1,1,87.05,0.5,86.8,150,,,,,,,,,,,,,,,,,,,87.3,108,,,,,,,,,,,,,,,,,,
2026-07-01T21:00:08.164195+00:00,2026-07-01T21:00:08.163954,2,1,87.1,0.4,86.9,100,86.8,150,,,,,,,,,,,,,,,,,87.3,108,,,,,,,,,,,,,,,,,,
2026-07-01T21:00:08.210282+00:00,2026-07-01T21:00:08.210196,2,2,87.1,0.4,86.9,100,86.8,150,,,,,,,,,,,,,,,,,87.3,108,87.4,100,,,,,,,,,,,,,,,,
2026-07-01T21:00:08.887900+00:00,2026-07-01T21:00:08.887838,1,1,87.15,0.5,86.9,100,,,,,,,,,,,,,,,,,,,87.4,100,,,,,,,,,,,,,,,,,,
2026-07-01T21:00:08.958626+00:00,2026-07-01T21:00:08.940417,2,1,87.2,0.4,87.0,150,86.9,100,,,,,,,,,,,,,,,,,87.4,100,,,,,,,,,,,,,,,,,,
2026-07-01T21:00:08.994161+00:00,2026-07-01T21:00:08.994029,2,2,87.2,0.4,87.0,150,86.9,100,,,,,,,,,,,,,,,,,87.4,100,87.5,150,,,,,,,,,,,,,,,,
2026-07-01T21:00:09.263733+00:00,2026-07-01T21:00:09.264108,2,2,87.2,0.4,87.0,150,86.9,100,,,,,,,,,,,,,,,,,87.4,50,87.5,150,,,,,,,,,,,,,,,,
2026-07-01T21:00:10.594366+00:00,2026-07-01T21:00:10.594266,3,2,87.25,0.3,87.1,6,87.0,150,86.9,100,,,,,,,,,,,,,,,87.4,50,87.5,150,,,,,,,,,,,,,,,,
2026-07-01T21:00:10.869334+00:00,2026-07-01T21:00:10.863071,3,2,87.25,0.3,87.1,6,87.0,150,86.9,100,,,,,,,,,,,,,,,87.4,39,87.5,150,,,,,,,,,,,,,,,,
2026-07-01T21:00:11.256086+00:00,2026-07-01T21:00:11.256305,2,1,87.3,0.4,87.1,6,87.0,150,,,,,,,,,,,,,,,,,87.5,150,,,,,,,,,,,,,,,,,,
2026-07-01T21:00:11.308903+00:00,2026-07-01T21:00:11.308750,2,1,87.3,0.4,87.1,6,87.0,150,,,,,,,,,,,,,,,,,87.5,100,,,,,,,,,,,,,,,,,,
2026-07-01T21:00:11.358906+00:00,2026-07-01T21:00:11.358721,3,1,87.35,0.3,87.2,100,87.1,6,87.0,150,,,,,,,,,,,,,,,87.5,100,,,,,,,,,,,,,,,,,,
2026-07-01T21:00:11.390680+00:00,2026-07-01T21:00:11.390569,3,2,87.35,0.3,87.2,100,87.1,6,87.0,150,,,,,,,,,,,,,,,87.5,100,87.7,100,,,,,,,,,,,,,,,,
2026-07-01T21:00:11.630391+00:00,2026-07-01T21:00:11.630518,3,2,87.35,0.3,87.2,100,87.1,6,87.0,150,,,,,,,,,,,,,,,87.5,59,87.7,100,,,,,,,,,,,,,,,,
2026-07-01T21:00:12.046199+00:00,2026-07-01T21:00:12.046394,2,1,87.45,0.5,87.2,100,87.1,6,,,,,,,,,,,,,,,,,87.7,100,,,,,,,,,,,,,,,,,,
2026-07-01T21:00:12.104261+00:00,2026-07-01T21:00:12.104145,3,1,87.5,0.4,87.3,150,87.2,100,87.1,6,,,,,,,,,,,,,,,87.7,100,,,,,,,,,,,,,,,,,,
2026-07-01T21:00:12.158714+00:00,2026-07-01T21:00:12.148077,3,2,87.5,0.4,87.3,150,87.2,100,87.1,6,,,,,,,,,,,,,,,87.7,100,87.8,150,,,,,,,,,,,,,,,,
2026-07-01T21:00:13.383323+00:00,2026-07-01T21:00:13.383170,3,2,87.5,0.4,87.3,110,87.2,100,87.1,6,,,,,,,,,,,,,,,87.7,100,87.8,150,,,,,,,,,,,,,,,,
2026-07-01T21:00:13.414808+00:00,2026-07-01T21:00:13.414710,3,2,87.5,0.4,87.3,110,87.2,100,87.1,6,,,,,,,,,,,,,,,87.7,50,87.8,150,,,,,,,,,,,,,,,,
2026-07-01T21:00:13.632798+00:00,2026-07-01T21:00:13.632663,3,3,87.35,0.1,87.3,110,87.2,100,87.1,6,,,,,,,,,,,,,,,87.4,1,87.7,50,87.8,150,,,,,,,,,,,,,,
2026-07-01T21:00:13.958811+00:00,2026-07-01T21:00:13.953318,3,3,87.35,0.1,87.3,110,87.2,100,87.1,5,,,,,,,,,,,,,,,87.4,1,87.7,50,87.8,150,,,,,,,,,,,,,,
2026-07-01T21:00:14.447721+00:00,2026-07-01T21:00:14.447654,2,2,87.35,0.1,87.3,110,87.1,5,,,,,,,,,,,,,,,,,87.4,1,87.8,150,,,,,,,,,,,,,,,,
2026-07-01T21:00:14.502584+00:00,2026-07-01T21:00:14.502728,2,2,87.35,0.1,87.3,110,87.1,105,,,,,,,,,,,,,,,,,87.4,1,87.8,150,,,,,,,,,,,,,,,,
2026-07-01T21:00:14.558582+00:00,2026-07-01T21:00:14.550536,2,3,87.35,0.1,87.3,110,87.1,105,,,,,,,,,,,,,,,,,87.4,1,87.6,100,87.8,150,,,,,,,,,,,,,,
2026-07-01T21:00:14.658714+00:00,2026-07-01T21:00:14.651905,2,3,87.35,0.1,87.3,110,87.1,103,,,,,,,,,,,,,,,,,87.4,1,87.6,100,87.8,150,,,,,,,,,,,,,,
2026-07-01T21:00:14.979756+00:00,2026-07-01T21:00:14.979839,2,3,87.35,0.1,87.3,110,87.1,101,,,,,,,,,,,,,,,,,87.4,1,87.6,100,87.8,150,,,,,,,,,,,,,,
2026-07-01T21:00:15.211887+00:00,2026-07-01T21:00:15.211833,1,2,87.25,0.3,87.1,101,,,,,,,,,,,,,,,,,,,87.4,1,87.6,100,,,,,,,,,,,,,,,,
2026-07-01T21:00:15.266480+00:00,2026-07-01T21:00:15.266593,2,2,87.3,0.2,87.2,150,87.1,101,,,,,,,,,,,,,,,,,87.4,1,87.6,100,,,,,,,,,,,,,,,,
2026-07-01T21:00:15.319885+00:00,2026-07-01T21:00:15.320020,2,3,87.3,0.2,87.2,150,87.1,101,,,,,,,,,,,,,,,,,87.4,1,87.6,100,87.7,150,,,,,,,,,,,,,,
2026-07-01T21:00:15.521732+00:00,2026-07-01T21:00:15.521611,2,2,87.4,0.4,87.2,150,87.1,101,,,,,,,,,,,,,,,,,87.6,51,87.7,150,,,,,,,,,,,,,,,,
2026-07-01T21:00:16.864000+00:00,2026-07-01T21:00:16.863902,2,3,87.35,0.3,87.2,150,87.1,101,,,,,,,,,,,,,,,,,87.5,4,87.6,51,87.7,150,,,,,,,,,,,,,,
2026-07-01T21:00:17.104035+00:00,2026-07-01T21:00:17.103984,2,2,87.4,0.4,87.2,150,87.1,101,,,,,,,,,,,,,,,,,87.6,10,87.7,150,,,,,,,,,,,,,,,,
2026-07-01T21:00:17.609459+00:00,2026-07-01T21:00:17.609408,2,1,87.45,0.5,87.2,150,87.1,1,,,,,,,,,,,,,,,,,87.7,150,,,,,,,,,,,,,,,,,,
2026-07-01T21:00:17.676851+00:00,2026-07-01T21:00:17.671240,3,1,87.65,0.1,87.6,77,87.2,150,87.1,1,,,,,,,,,,,,,,,87.7,150,,,,,,,,,,,,,,,,,,
2026-07-01T21:00:17.692602+00:00,2026-07-01T21:00:17.692490,3,1,87.65,0.1,87.6,27,87.2,150,87.1,1,,,,,,,,,,,,,,,87.7,150,,,,,,,,,,,,,,,,,,
2026-07-01T21:00:17.719323+00:00,2026-07-01T21:00:17.719192,3,2,87.65,0.1,87.6,27,87.2,150,87.1,1,,,,,,,,,,,,,,,87.7,150,88.1,100,,,,,,,,,,,,,,,,
2026-07-01T21:00:18.212351+00:00,2026-07-01T21:00:18.212533,2,2,87.45,0.5,87.2,137,87.1,1,,,,,,,,,,,,,,,,,87.7,150,88.1,100,,,,,,,,,,,,,,,,
2026-07-01T21:00:18.371203+00:00,2026-07-01T21:00:18.371148,1,1,87.6,1.0,87.1,1,,,,,,,,,,,,,,,,,,,88.1,100,,,,,,,,,,,,,,,,,,
2026-07-01T21:00:18.424684+00:00,2026-07-01T21:00:18.424862,2,1,87.65,0.9,87.2,150,87.1,1,,,,,,,,,,,,,,,,,88.1,100,,,,,,,,,,,,,,,,,,
2026-07-01T21:00:18.480393+00:00,2026-07-01T21:00:18.480318,2,2,87.45,0.5,87.2,150,87.1,1,,,,,,,,,,,,,,,,,87.7,150,88.1,100,,,,,,,,,,,,,,,,
2026-07-01T21:00:18.785801+00:00,2026-07-01T21:00:18.785674,2,2,87.45,0.5,87.2,110,87.1,1,,,,,,,,,,,,,,,,,87.7,150,88.1,100,,,,,,,,,,,,,,,,
2026-07-01T21:00:19.589092+00:00,2026-07-01T21:00:19.589051,2,3,87.35,0.3,87.2,110,87.1,1,,,,,,,,,,,,,,,,,87.5,1,87.7,150,88.1,100,,,,,,,,,,,,,,
2026-07-01T21:00:20.773276+00:00,2026-07-01T21:00:20.773158,2,2,87.35,0.3,87.2,110,87.1,1,,,,,,,,,,,,,,,,,87.5,1,87.7,150,,,,,,,,,,,,,,,,
2026-07-01T21:00:20.827680+00:00,2026-07-01T21:00:20.827572,3,2,87.4,0.2,87.3,100,87.2,110,87.1,1,,,,,,,,,,,,,,,87.5,1,87.7,150,,,,,,,,,,,,,,,,
2026-07-01T21:00:20.880776+00:00,2026-07-01T21:00:20.880691,3,3,87.4,0.2,87.3,100,87.2,110,87.1,1,,,,,,,,,,,,,,,87.5,1,87.7,150,87.8,100,,,,,,,,,,,,,,
2026-07-01T21:00:21.031607+00:00,2026-07-01T21:00:21.031850,3,2,87.5,0.4,87.3,100,87.2,110,87.1,1,,,,,,,,,,,,,,,87.7,107,87.8,100,,,,,,,,,,,,,,,,
2026-07-01T21:00:21.104152+00:00,2026-07-01T21:00:21.103955,3,3,87.4,0.2,87.3,100,87.2,110,87.1,1,,,,,,,,,,,,,,,87.5,1,87.7,107,87.8,100,,,,,,,,,,,,,,
2026-07-01T21:00:21.508847+00:00,2026-07-01T21:00:21.508731,3,2,87.5,0.4,87.3,100,87.2,110,87.1,1,,,,,,,,,,,,,,,87.7,67,87.8,100,,,,,,,,,,,,,,,,
2026-07-01T21:00:21.531171+00:00,2026-07-01T21:00:21.531308,2,2,87.5,0.4,87.3,100,87.2,110,,,,,,,,,,,,,,,,,87.7,67,87.8,100,,,,,,,,,,,,,,,,
2026-07-01T21:00:21.536589+00:00,2026-07-01T21:00:21.536526,1,1,87.55,0.5,87.3,100,,,,,,,,,,,,,,,,,,,87.8,100,,,,,,,,,,,,,,,,,,
2026-07-01T21:00:21.587447+00:00,2026-07-01T21:00:21.587408,2,1,87.55,0.5,87.3,100,87.2,150,,,,,,,,,,,,,,,,,87.8,100,,,,,,,,,,,,,,,,,,
2026-07-01T21:00:21.658572+00:00,2026-07-01T21:00:21.643336,2,2,87.5,0.4,87.3,100,87.2,150,,,,,,,,,,,,,,,,,87.7,150,87.8,100,,,,,,,,,,,,,,,,
2026-07-01T21:00:21.904143+00:00,2026-07-01T21:00:21.904031,2,2,87.5,0.4,87.3,55,87.2,150,,,,,,,,,,,,,,,,,87.7,150,87.8,100,,,,,,,,,,,,,,,,
2026-07-01T21:00:22.058805+00:00,2026-07-01T21:00:22.058714,2,3,87.45,0.3,87.3,55,87.2,150,,,,,,,,,,,,,,,,,87.6,1,87.7,150,87.8,100,,,,,,,,,,,,,,
2026-07-01T21:00:23.275381+00:00,2026-07-01T21:00:23.275210,2,3,87.45,0.3,87.3,53,87.2,150,,,,,,,,,,,,,,,,,87.6,1,87.7,150,87.8,100,,,,,,,,,,,,,,
2026-07-01T21:00:23.938977+00:00,2026-07-01T21:00:23.938795,2,2,87.45,0.3,87.3,3,87.2,150,,,,,,,,,,,,,,,,,87.6,1,87.7,150,,,,,,,,,,,,,,,,
2026-07-01T21:00:23.991731+00:00,2026-07-01T21:00:23.991649,3,2,87.45,0.3,87.3,3,87.2,150,87.1,100,,,,,,,,,,,,,,,87.6,1,87.7,150,,,,,,,,,,,,,,,,
2026-07-01T21:00:24.058718+00:00,2026-07-01T21:00:24.042392,3,2,87.45,0.3,87.3,3,87.2,150,87.1,100,,,,,,,,,,,,,,,87.6,101,87.7,150,,,,,,,,,,,,,,,,
2026-07-01T21:00:24.424642+00:00,2026-07-01T21:00:24.424509,3,2,87.45,0.3,87.3,2,87.2,150,87.1,100,,,,,,,,,,,,,,,87.6,101,87.7,150,,,,,,,,,,,,,,,,
2026-07-01T21:00:24.696743+00:00,2026-07-01T21:00:24.696665,2,1,87.45,0.3,87.3,2,87.1,100,,,,,,,,,,,,,,,,,87.6,101,,,,,,,,,,,,,,,,,,
2026-07-01T21:00:24.749346+00:00,2026-07-01T21:00:24.749246,2,1,87.45,0.3,87.3,152,87.1,100,,,,,,,,,,,,,,,,,87.6,101,,,,,,,,,,,,,,,,,,
2026-07-01T21:00:24.804844+00:00,2026-07-01T21:00:24.804772,2,2,87.45,0.3,87.3,152,87.1,100,,,,,,,,,,,,,,,,,87.6,101,87.8,150,,,,,,,,,,,,,,,,
2026-07-01T21:00:25.269777+00:00,2026-07-01T21:00:25.269732,2,2,87.45,0.3,87.3,111,87.1,100,,,,,,,,,,,,,,,,,87.6,101,87.8,150,,,,,,,,,,,,,,,,
2026-07-01T21:00:26.064133+00:00,2026-07-01T21:00:26.063964,2,2,87.45,0.3,87.3,111,87.1,100,,,,,,,,,,,,,,,,,87.6,51,87.8,150,,,,,,,,,,,,,,,,
2026-07-01T21:00:26.258672+00:00,2026-07-01T21:00:26.247562,2,2,87.45,0.3,87.3,111,87.1,100,,,,,,,,,,,,,,,,,87.6,11,87.8,150,,,,,,,,,,,,,,,,
2026-07-01T21:00:26.381044+00:00,2026-07-01T21:00:26.380994,2,2,87.45,0.3,87.3,115,87.1,100,,,,,,,,,,,,,,,,,87.6,11,87.8,150,,,,,,,,,,,,,,,,
2026-07-01T21:00:26.490707+00:00,2026-07-01T21:00:26.490500,2,2,87.45,0.3,87.3,115,87.1,100,,,,,,,,,,,,,,,,,87.6,13,87.8,150,,,,,,,,,,,,,,,,
2026-07-01T21:00:27.108357+00:00,2026-07-01T21:00:27.108331,1,2,87.45,0.3,87.3,115,,,,,,,,,,,,,,,,,,,87.6,2,87.8,150,,,,,,,,,,,,,,,,
2026-07-01T21:00:27.164208+00:00,2026-07-01T21:00:27.164076,1,2,87.45,0.3,87.3,215,,,,,,,,,,,,,,,,,,,87.6,2,87.8,150,,,,,,,,,,,,,,,,
2026-07-01T21:00:27.218759+00:00,2026-07-01T21:00:27.218631,1,2,87.45,0.3,87.3,215,,,,,,,,,,,,,,,,,,,87.6,2,87.8,250,,,,,,,,,,,,,,,,
2026-07-01T21:00:27.471307+00:00,2026-07-01T21:00:27.471172,1,2,87.45,0.3,87.3,215,,,,,,,,,,,,,,,,,,,87.6,1,87.8,250,,,,,,,,,,,,,,,,
2026-07-01T21:00:27.863850+00:00,2026-07-01T21:00:27.863797,1,2,87.45,0.3,87.3,104,,,,,,,,,,,,,,,,,,,87.6,1,87.8,100,,,,,,,,,,,,,,,,
2026-07-01T21:00:27.910267+00:00,2026-07-01T21:00:27.910201,2,2,87.45,0.3,87.3,104,87.1,150,,,,,,,,,,,,,,,,,87.6,1,87.8,100,,,,,,,,,,,,,,,,
2026-07-01T21:00:27.968019+00:00,2026-07-01T21:00:27.967922,2,2,87.45,0.3,87.3,104,87.1,150,,,,,,,,,,,,,,,,,87.6,151,87.8,100,,,,,,,,,,,,,,,,
2026-07-01T21:00:28.170638+00:00,2026-07-01T21:00:28.170487,2,2,87.45,0.3,87.3,104,87.1,150,,,,,,,,,,,,,,,,,87.6,101,87.8,100,,,,,,,,,,,,,,,,
2026-07-01T21:00:28.470912+00:00,2026-07-01T21:00:28.470827,2,2,87.45,0.3,87.3,104,87.1,150,,,,,,,,,,,,,,,,,87.6,102,87.8,100,,,,,,,,,,,,,,,,
2026-07-01T21:00:30.269261+00:00,2026-07-01T21:00:30.269184,2,1,87.45,0.3,87.3,104,87.1,150,,,,,,,,,,,,,,,,,87.6,102,,,,,,,,,,,,,,,,,,
2026-07-01T21:00:30.274513+00:00,2026-07-01T21:00:30.274349,2,1,87.45,0.3,87.3,4,87.1,150,,,,,,,,,,,,,,,,,87.6,102,,,,,,,,,,,,,,,,,,
2026-07-01T21:00:30.279475+00:00,2026-07-01T21:00:30.279580,2,1,87.45,0.3,87.3,4,87.1,150,,,,,,,,,,,,,,,,,87.6,52,,,,,,,,,,,,,,,,,,
2026-07-01T21:00:30.339374+00:00,2026-07-01T21:00:30.339319,3,1,87.45,0.3,87.3,4,87.2,100,87.1,150,,,,,,,,,,,,,,,87.6,52,,,,,,,,,,,,,,,,,,
2026-07-01T21:00:30.389779+00:00,2026-07-01T21:00:30.389903,3,2,87.45,0.3,87.3,4,87.2,100,87.1,150,,,,,,,,,,,,,,,87.6,52,87.7,100,,,,,,,,,,,,,,,,
2026-07-01T21:00:30.771463+00:00,2026-07-01T21:00:30.771363,2,2,87.4,0.4,87.2,59,87.1,150,,,,,,,,,,,,,,,,,87.6,52,87.7,100,,,,,,,,,,,,,,,,
2026-07-01T21:00:30.781649+00:00,2026-07-01T21:00:30.781827,3,2,87.45,0.3,87.3,4,87.2,59,87.1,150,,,,,,,,,,,,,,,87.6,52,87.7,100,,,,,,,,,,,,,,,,
2026-07-01T21:00:31.025113+00:00,2026-07-01T21:00:31.025016,2,2,87.45,0.3,87.3,4,87.2,59,,,,,,,,,,,,,,,,,87.6,1,87.7,100,,,,,,,,,,,,,,,,
2026-07-01T21:00:31.079525+00:00,2026-07-01T21:00:31.079487,3,2,87.55,0.1,87.5,150,87.3,4,87.2,59,,,,,,,,,,,,,,,87.6,1,87.7,100,,,,,,,,,,,,,,,,
2026-07-01T21:00:31.139292+00:00,2026-07-01T21:00:31.139460,3,2,87.55,0.1,87.5,150,87.3,3,87.2,59,,,,,,,,,,,,,,,87.6,1,87.7,100,,,,,,,,,,,,,,,,
2026-07-01T21:00:31.144928+00:00,2026-07-01T21:00:31.144725,3,3,87.55,0.1,87.5,150,87.3,3,87.2,59,,,,,,,,,,,,,,,87.6,1,87.7,100,88.0,150,,,,,,,,,,,,,,
2026-07-01T21:00:31.340717+00:00,2026-07-01T21:00:31.358771,3,3,87.55,0.1,87.5,104,87.3,3,87.2,59,,,,,,,,,,,,,,,87.6,1,87.7,100,88.0,150,,,,,,,,,,,,,,
2026-07-01T21:00:31.840795+00:00,2026-07-01T21:00:31.840687,3,2,87.6,0.2,87.5,104,87.3,3,87.2,59,,,,,,,,,,,,,,,87.7,52,88.0,150,,,,,,,,,,,,,,,,
2026-07-01T21:00:31.866971+00:00,2026-07-01T21:00:31.866925,3,3,87.55,0.1,87.5,104,87.3,3,87.2,59,,,,,,,,,,,,,,,87.6,2,87.7,52,88.0,150,,,,,,,,,,,,,,
2026-07-01T21:00:31.912456+00:00,2026-07-01T21:00:31.905912,3,3,87.55,0.1,87.5,93,87.3,3,87.2,59,,,,,,,,,,,,,,,87.6,2,87.7,52,88.0,150,,,,,,,,,,,,,,
2026-07-01T21:00:32.445728+00:00,2026-07-01T21:00:32.445604,3,3,87.55,0.1,87.5,43,87.3,3,87.2,59,,,,,,,,,,,,,,,87.6,2,87.7,52,88.0,150,,,,,,,,,,,,,,
2026-07-01T21:00:33.443139+00:00,2026-07-01T21:00:33.443283,2,2,87.55,0.1,87.5,43,87.3,3,,,,,,,,,,,,,,,,,87.6,2,88.0,150,,,,,,,,,,,,,,,,
2026-07-01T21:00:33.498131+00:00,2026-07-01T21:00:33.498066,3,2,87.55,0.1,87.5,43,87.3,3,87.2,100,,,,,,,,,,,,,,,87.6,2,88.0,150,,,,,,,,,,,,,,,,
2026-07-01T21:00:33.564086+00:00,2026-07-01T21:00:33.563905,3,3,87.55,0.1,87.5,43,87.3,3,87.2,100,,,,,,,,,,,,,,,87.6,2,87.7,100,88.0,150,,,,,,,,,,,,,,
2026-07-01T21:00:33.818821+00:00,2026-07-01T21:00:33.818693,1,3,87.4,0.4,87.2,97,,,,,,,,,,,,,,,,,,,87.6,2,87.7,100,88.0,150,,,,,,,,,,,,,,
2026-07-01T21:00:34.200186+00:00,2026-07-01T21:00:34.200000,1,2,87.4,0.4,87.2,97,,,,,,,,,,,,,,,,,,,87.6,2,87.7,100,,,,,,,,,,,,,,,,
2026-07-01T21:00:34.258630+00:00,2026-07-01T21:00:34.252976,2,2,87.4,0.4,87.2,97,86.8,150,,,,,,,,,,,,,,,,,87.6,2,87.7,100,,,,,,,,,,,,,,,,
2026-07-01T21:00:34.305708+00:00,2026-07-01T21:00:34.305860,2,3,87.25,0.1,87.2,97,86.8,150,,,,,,,,,,,,,,,,,87.3,150,87.6,2,87.7,100,,,,,,,,,,,,,,
2026-07-01T21:00:34.343342+00:00,2026-07-01T21:00:34.335692,2,3,87.25,0.1,87.2,97,86.8,150,,,,,,,,,,,,,,,,,87.3,139,87.6,2,87.7,100,,,,,,,,,,,,,,
2026-07-01T21:00:34.501120+00:00,2026-07-01T21:00:34.501086,2,3,87.25,0.1,87.2,97,86.8,150,,,,,,,,,,,,,,,,,87.3,89,87.6,2,87.7,100,,,,,,,,,,,,,,
2026-07-01T21:00:36.121329+00:00,2026-07-01T21:00:36.121518,2,3,87.25,0.1,87.2,97,86.8,150,,,,,,,,,,,,,,,,,87.3,49,87.6,2,87.7,100,,,,,,,,,,,,,,
2026-07-01T21:00:36.478731+00:00,2026-07-01T21:00:36.478869,2,3,87.25,0.1,87.2,97,86.8,150,,,,,,,,,,,,,,,,,87.3,47,87.6,2,87.7,100,,,,,,,,,,,,,,
2026-07-01T21:00:36.532348+00:00,2026-07-01T21:00:36.532296,2,3,87.25,0.1,87.2,97,86.8,150,,,,,,,,,,,,,,,,,87.3,45,87.6,2,87.7,100,,,,,,,,,,,,,,
2026-07-01T21:00:36.609122+00:00,2026-07-01T21:00:36.609057,1,2,87.05,0.5,86.8,150,,,,,,,,,,,,,,,,,,,87.3,45,87.6,2,,,,,,,,,,,,,,,,
2026-07-01T21:00:36.658596+00:00,2026-07-01T21:00:36.654771,2,2,87.2,0.2,87.1,100,86.8,150,,,,,,,,,,,,,,,,,87.3,45,87.6,2,,,,,,,,,,,,,,,,
2026-07-01T21:00:36.714047+00:00,2026-07-01T21:00:36.713987,2,2,87.2,0.2,87.1,100,86.8,150,,,,,,,,,,,,,,,,,87.3,45,87.6,102,,,,,,,,,,,,,,,,
2026-07-01T21:00:37.358744+00:00,2026-07-01T21:00:37.353685,1,1,87.35,0.5,87.1,100,,,,,,,,,,,,,,,,,,,87.6,102,,,,,,,,,,,,,,,,,,
2026-07-01T21:00:37.422879+00:00,2026-07-01T21:00:37.422837,1,1,87.35,0.5,87.1,250,,,,,,,,,,,,,,,,,,,87.6,102,,,,,,,,,,,,,,,,,,
2026-07-01T21:00:37.476663+00:00,2026-07-01T21:00:37.476744,1,1,87.35,0.5,87.1,250,,,,,,,,,,,,,,,,,,,87.6,252,,,,,,,,,,,,,,,,,,
2026-07-01T21:00:37.630341+00:00,2026-07-01T21:00:37.630464,2,1,87.45,0.3,87.3,1,87.1,250,,,,,,,,,,,,,,,,,87.6,252,,,,,,,,,,,,,,,,,,
2026-07-01T21:00:37.640069+00:00,2026-07-01T21:00:37.634204,1,1,87.35,0.5,87.1,250,,,,,,,,,,,,,,,,,,,87.6,252,,,,,,,,,,,,,,,,,,
2026-07-01T21:00:38.419688+00:00,2026-07-01T21:00:38.419484,1,1,87.35,0.5,87.1,207,,,,,,,,,,,,,,,,,,,87.6,252,,,,,,,,,,,,,,,,,,
2026-07-01T21:00:38.573538+00:00,2026-07-01T21:00:38.565503,1,1,87.35,0.5,87.1,207,,,,,,,,,,,,,,,,,,,87.6,252,,,,,,,,,,,,,,,,,,
2026-07-01T21:00:38.625055+00:00,2026-07-01T21:00:38.619432,1,1,87.35,0.5,87.1,207,,,,,,,,,,,,,,,,,,,87.6,252,,,,,,,,,,,,,,,,,,
2026-07-01T21:00:38.768962+00:00,2026-07-01T21:00:38.768933,1,1,87.35,0.5,87.1,157,,,,,,,,,,,,,,,,,,,87.6,252,,,,,,,,,,,,,,,,,,
2026-07-01T21:00:38.824639+00:00,2026-07-01T21:00:38.824516,2,1,87.45,0.3,87.3,2,87.1,157,,,,,,,,,,,,,,,,,87.6,252,,,,,,,,,,,,,,,,,,
2026-07-01T21:00:39.129010+00:00,2026-07-01T21:00:39.128956,2,1,87.45,0.3,87.3,1,87.1,157,,,,,,,,,,,,,,,,,87.6,252,,,,,,,,,,,,,,,,,,
2026-07-01T21:00:39.708674+00:00,2026-07-01T21:00:39.702599,1,1,87.35,0.5,87.1,157,,,,,,,,,,,,,,,,,,,87.6,252,,,,,,,,,,,,,,,,,,
2026-07-01T21:00:39.772482+00:00,2026-07-01T21:00:39.772433,1,1,87.35,0.5,87.1,150,,,,,,,,,,,,,,,,,,,87.6,152,,,,,,,,,,,,,,,,,,
2026-07-01T21:00:39.828838+00:00,2026-07-01T21:00:39.828678,2,1,87.35,0.5,87.1,150,86.7,100,,,,,,,,,,,,,,,,,87.6,152,,,,,,,,,,,,,,,,,,
2026-07-01T21:00:39.883363+00:00,2026-07-01T21:00:39.883270,2,2,87.15,0.1,87.1,150,86.7,100,,,,,,,,,,,,,,,,,87.2,100,87.6,152,,,,,,,,,,,,,,,,
2026-07-01T21:00:40.530098+00:00,2026-07-01T21:00:40.529997,1,2,86.95,0.5,86.7,100,,,,,,,,,,,,,,,,,,,87.2,100,87.6,2,,,,,,,,,,,,,,,,
2026-07-01T21:00:40.580837+00:00,2026-07-01T21:00:40.580731,2,2,87.1,0.2,87.0,150,86.7,100,,,,,,,,,,,,,,,,,87.2,100,87.6,2,,,,,,,,,,,,,,,,
2026-07-01T21:00:40.632890+00:00,2026-07-01T21:00:40.632821,2,3,87.1,0.2,87.0,150,86.7,100,,,,,,,,,,,,,,,,,87.2,100,87.5,150,87.6,2,,,,,,,,,,,,,,
2026-07-01T21:00:40.819870+00:00,2026-07-01T21:00:40.820034,2,3,87.1,0.2,87.0,150,86.7,100,,,,,,,,,,,,,,,,,87.2,59,87.5,150,87.6,2,,,,,,,,,,,,,,
2026-07-01T21:00:40.875657+00:00,2026-07-01T21:00:40.875616,2,3,87.1,0.2,87.0,100,86.7,100,,,,,,,,,,,,,,,,,87.2,59,87.5,150,87.6,2,,,,,,,,,,,,,,
2026-07-01T21:00:42.929695+00:00,2026-07-01T21:00:42.929547,2,3,87.1,0.2,87.0,100,86.7,100,,,,,,,,,,,,,,,,,87.2,9,87.5,150,87.6,2,,,,,,,,,,,,,,
2026-07-01T21:00:42.934869+00:00,2026-07-01T21:00:42.934793,1,2,87.25,0.5,87.0,100,,,,,,,,,,,,,,,,,,,87.5,150,87.6,2,,,,,,,,,,,,,,,,
2026-07-01T21:00:42.986617+00:00,2026-07-01T21:00:42.986751,1,2,87.25,0.5,87.0,200,,,,,,,,,,,,,,,,,,,87.5,150,87.6,2,,,,,,,,,,,,,,,,
2026-07-01T21:00:43.032101+00:00,2026-07-01T21:00:43.031966,1,2,87.25,0.5,87.0,200,,,,,,,,,,,,,,,,,,,87.5,105,87.6,2,,,,,,,,,,,,,,,,
2026-07-01T21:00:43.042419+00:00,2026-07-01T21:00:43.042562,1,2,87.25,0.5,87.0,200,,,,,,,,,,,,,,,,,,,87.5,205,87.6,2,,,,,,,,,,,,,,,,
2026-07-01T21:00:43.522612+00:00,2026-07-01T21:00:43.522520,1,2,87.25,0.5,87.0,151,,,,,,,,,,,,,,,,,,,87.5,205,87.6,2,,,,,,,,,,,,,,,,
2026-07-01T21:00:43.685342+00:00,2026-07-01T21:00:43.685235,1,2,87.25,0.5,87.0,100,,,,,,,,,,,,,,,,,,,87.5,100,87.6,2,,,,,,,,,,,,,,,,
2026-07-01T21:00:43.742571+00:00,2026-07-01T21:00:43.742501,2,2,87.25,0.5,87.0,100,86.8,150,,,,,,,,,,,,,,,,,87.5,100,87.6,2,,,,,,,,,,,,,,,,
2026-07-01T21:00:43.790157+00:00,2026-07-01T21:00:43.790058,2,3,87.15,0.3,87.0,100,86.8,150,,,,,,,,,,,,,,,,,87.3,150,87.5,100,87.6,2,,,,,,,,,,,,,,
2026-07-01T21:00:44.658631+00:00,2026-07-01T21:00:44.655083,2,3,87.15,0.3,87.0,59,86.8,150,,,,,,,,,,,,,,,,,87.3,150,87.5,100,87.6,2,,,,,,,,,,,,,,
2026-07-01T21:00:45.088689+00:00,2026-07-01T21:00:45.088650,2,3,87.15,0.3,87.0,9,86.8,150,,,,,,,,,,,,,,,,,87.3,150,87.5,100,87.6,2,,,,,,,,,,,,,,
2026-07-01T21:00:46.097814+00:00,2026-07-01T21:00:46.097766,1,1,87.05,0.5,86.8,150,,,,,,,,,,,,,,,,,,,87.3,150,,,,,,,,,,,,,,,,,,
2026-07-01T21:00:46.103072+00:00,2026-07-01T21:00:46.102983,1,2,87.05,0.5,86.8,150,,,,,,,,,,,,,,,,,,,87.3,150,87.4,5,,,,,,,,,,,,,,,,
2026-07-01T21:00:46.153153+00:00,2026-07-01T21:00:46.153303,1,2,87.05,0.5,86.8,250,,,,,,,,,,,,,,,,,,,87.3,150,87.4,5,,,,,,,,,,,,,,,,
2026-07-01T21:00:46.207017+00:00,2026-07-01T21:00:46.206917,1,2,87.05,0.5,86.8,250,,,,,,,,,,,,,,,,,,,87.3,250,87.4,5,,,,,,,,,,,,,,,,
2026-07-01T21:00:46.844977+00:00,2026-07-01T21:00:46.844914,1,2,87.05,0.5,86.8,250,,,,,,,,,,,,,,,,,,,87.3,100,87.4,5,,,,,,,,,,,,,,,,
2026-07-01T21:00:46.849988+00:00,2026-07-01T21:00:46.850094,1,2,87.05,0.5,86.8,100,,,,,,,,,,,,,,,,,,,87.3,100,87.4,5,,,,,,,,,,,,,,,,
2026-07-01T21:00:46.902680+00:00,2026-07-01T21:00:46.902813,2,2,87.1,0.4,86.9,150,86.8,100,,,,,,,,,,,,,,,,,87.3,100,87.4,5,,,,,,,,,,,,,,,,
2026-07-01T21:00:46.958693+00:00,2026-07-01T21:00:46.954794,2,2,87.1,0.4,86.9,150,86.8,100,,,,,,,,,,,,,,,,,87.3,100,87.4,155,,,,,,,,,,,,,,,,
2026-07-01T21:00:47.158804+00:00,2026-07-01T21:00:47.145767,2,2,87.1,0.4,86.9,150,86.8,100,,,,,,,,,,,,,,,,,87.3,50,87.4,155,,,,,,,,,,,,,,,,
2026-07-01T21:00:49.269051+00:00,2026-07-01T21:00:49.268940,1,1,87.15,0.5,86.9,150,,,,,,,,,,,,,,,,,,,87.4,155,,,,,,,,,,,,,,,,,,
2026-07-01T21:00:49.324356+00:00,2026-07-01T21:00:49.324143,2,1,87.2,0.4,87.0,100,86.9,150,,,,,,,,,,,,,,,,,87.4,155,,,,,,,,,,,,,,,,,,
2026-07-01T21:00:49.377185+00:00,2026-07-01T21:00:49.377123,2,2,87.2,0.4,87.0,100,86.9,150,,,,,,,,,,,,,,,,,87.4,155,87.5,100,,,,,,,,,,,,,,,,
2026-07-01T21:00:49.626407+00:00,2026-07-01T21:00:49.626266,2,2,87.2,0.4,87.0,100,86.9,150,,,,,,,,,,,,,,,,,87.4,112,87.5,100,,,,,,,,,,,,,,,,
2026-07-01T21:00:49.694394+00:00,2026-07-01T21:00:49.694297,2,2,87.2,0.4,87.0,100,86.9,150,,,,,,,,,,,,,,,,,87.4,117,87.5,100,,,,,,,,,,,,,,,,
2026-07-01T21:00:49.704680+00:00,2026-07-01T21:00:49.704655,3,2,87.25,0.3,87.1,1,87.0,100,86.9,150,,,,,,,,,,,,,,,87.4,117,87.5,100,,,,,,,,,,,,,,,,
2026-07-01T21:00:50.009207+00:00,2026-07-01T21:00:50.009130,2,2,87.25,0.3,87.1,1,87.0,100,,,,,,,,,,,,,,,,,87.4,5,87.5,100,,,,,,,,,,,,,,,,
2026-07-01T21:00:50.084967+00:00,2026-07-01T21:00:50.084864,2,2,87.25,0.3,87.1,1,87.0,250,,,,,,,,,,,,,,,,,87.4,5,87.5,100,,,,,,,,,,,,,,,,
2026-07-01T21:00:50.137200+00:00,2026-07-01T21:00:50.137095,2,2,87.25,0.3,87.1,1,87.0,250,,,,,,,,,,,,,,,,,87.4,5,87.5,250,,,,,,,,,,,,,,,,
2026-07-01T21:00:52.431059+00:00,2026-07-01T21:00:52.431005,2,2,87.25,0.3,87.1,1,87.0,150,,,,,,,,,,,,,,,,,87.4,5,87.5,150,,,,,,,,,,,,,,,,
2026-07-01T21:00:52.482046+00:00,2026-07-01T21:00:52.481990,3,2,87.25,0.3,87.1,1,87.0,150,86.9,100,,,,,,,,,,,,,,,87.4,5,87.5,150,,,,,,,,,,,,,,,,
2026-07-01T21:00:52.542157+00:00,2026-07-01T21:00:52.542055,3,2,87.25,0.3,87.1,1,87.0,150,86.9,100,,,,,,,,,,,,,,,87.4,105,87.5,150,,,,,,,,,,,,,,,,
2026-07-01T21:00:53.194130+00:00,2026-07-01T21:00:53.194028,2,1,87.25,0.3,87.1,1,86.9,100,,,,,,,,,,,,,,,,,87.4,105,,,,,,,,,,,,,,,,,,
2026-07-01T21:00:53.248049+00:00,2026-07-01T21:00:53.247948,3,1,87.25,0.3,87.1,1,87.0,150,86.9,100,,,,,,,,,,,,,,,87.4,105,,,,,,,,,,,,,,,,,,
2026-07-01T21:00:53.298373+00:00,2026-07-01T21:00:53.298312,3,2,87.25,0.3,87.1,1,87.0,150,86.9,100,,,,,,,,,,,,,,,87.4,105,87.5,150,,,,,,,,,,,,,,,,
2026-07-01T21:00:53.469071+00:00,2026-07-01T21:00:53.468963,3,2,87.25,0.3,87.1,1,87.0,150,86.9,100,,,,,,,,,,,,,,,87.4,55,87.5,150,,,,,,,,,,,,,,,,
2026-07-01T21:00:55.597167+00:00,2026-07-01T21:00:55.597100,2,1,87.3,0.4,87.1,1,87.0,150,,,,,,,,,,,,,,,,,87.5,150,,,,,,,,,,,,,,,,,,
2026-07-01T21:00:55.646056+00:00,2026-07-01T21:00:55.646193,2,1,87.3,0.4,87.1,101,87.0,150,,,,,,,,,,,,,,,,,87.5,150,,,,,,,,,,,,,,,,,,
2026-07-01T21:00:55.700979+00:00,2026-07-01T21:00:55.701105,2,2,87.3,0.4,87.1,101,87.0,150,,,,,,,,,,,,,,,,,87.5,150,87.6,100,,,,,,,,,,,,,,,,
2026-07-01T21:00:56.023377+00:00,2026-07-01T21:00:56.023264,2,2,87.3,0.4,87.1,54,87.0,150,,,,,,,,,,,,,,,,,87.5,150,87.6,100,,,,,,,,,,,,,,,,
2026-07-01T21:00:56.358692+00:00,2026-07-01T21:00:56.352350,1,1,87.35,0.5,87.1,54,,,,,,,,,,,,,,,,,,,87.6,100,,,,,,,,,,,,,,,,,,
2026-07-01T21:00:56.406595+00:00,2026-07-01T21:00:56.406684,1,1,87.35,0.5,87.1,204,,,,,,,,,,,,,,,,,,,87.6,100,,,,,,,,,,,,,,,,,,
2026-07-01T21:00:56.458569+00:00,2026-07-01T21:00:56.455953,1,1,87.35,0.5,87.1,204,,,,,,,,,,,,,,,,,,,87.6,250,,,,,,,,,,,,,,,,,,
2026-07-01T21:00:56.503096+00:00,2026-07-01T21:00:56.503238,1,1,87.35,0.5,87.1,204,,,,,,,,,,,,,,,,,,,87.6,202,,,,,,,,,,,,,,,,,,
2026-07-01T21:00:57.206072+00:00,2026-07-01T21:00:57.205996,1,2,87.25,0.3,87.1,204,,,,,,,,,,,,,,,,,,,87.4,4,87.6,202,,,,,,,,,,,,,,,,
2026-07-01T21:00:57.358592+00:00,2026-07-01T21:00:57.345898,1,2,87.25,0.3,87.1,205,,,,,,,,,,,,,,,,,,,87.4,4,87.6,202,,,,,,,,,,,,,,,,
2026-07-01T21:00:58.240046+00:00,2026-07-01T21:00:58.239946,1,1,87.35,0.5,87.1,205,,,,,,,,,,,,,,,,,,,87.6,166,,,,,,,,,,,,,,,,,,
2026-07-01T21:00:58.278082+00:00,2026-07-01T21:00:58.277973,1,2,87.25,0.3,87.1,205,,,,,,,,,,,,,,,,,,,87.4,4,87.6,166,,,,,,,,,,,,,,,,
2026-07-01T21:00:58.758643+00:00,2026-07-01T21:00:58.748844,1,2,87.25,0.3,87.1,151,,,,,,,,,,,,,,,,,,,87.4,4,87.6,150,,,,,,,,,,,,,,,,
2026-07-01T21:00:58.812358+00:00,2026-07-01T21:00:58.812253,2,2,87.3,0.2,87.2,100,87.1,151,,,,,,,,,,,,,,,,,87.4,4,87.6,150,,,,,,,,,,,,,,,,
2026-07-01T21:00:58.866496+00:00,2026-07-01T21:00:58.861413,2,3,87.3,0.2,87.2,100,87.1,151,,,,,,,,,,,,,,,,,87.4,4,87.6,150,87.7,100,,,,,,,,,,,,,,
2026-07-01T21:00:59.515547+00:00,2026-07-01T21:00:59.515407,2,2,87.3,0.2,87.2,100,87.1,1,,,,,,,,,,,,,,,,,87.4,4,87.7,100,,,,,,,,,,,,,,,,
2026-07-01T21:00:59.569343+00:00,2026-07-01T21:00:59.569500,3,2,87.3,0.2,87.2,100,87.1,1,87.0,150,,,,,,,,,,,,,,,87.4,4,87.7,100,,,,,,,,,,,,,,,,
2026-07-01T21:00:59.622892+00:00,2026-07-01T21:00:59.622744,3,3,87.3,0.2,87.2,100,87.1,1,87.0,150,,,,,,,,,,,,,,,87.4,4,87.5,150,87.7,100,,,,,,,,,,,,,,
2026-07-01T21:00:59.858614+00:00,2026-07-01T21:00:59.848015,3,3,87.3,0.2,87.2,50,87.1,1,87.0,150,,,,,,,,,,,,,,,87.4,4,87.5,150,87.7,100,,,,,,,,,,,,,,
2026-07-01T21:00:59.882548+00:00,2026-07-01T21:00:59.882387,3,3,87.3,0.2,87.2,10,87.1,1,87.0,150,,,,,,,,,,,,,,,87.4,4,87.5,150,87.7,100,,,,,,,,,,,,,,
2026-07-01T21:01:01.645990+00:00,2026-07-01T21:01:01.646167,1,3,87.2,0.4,87.0,150,,,,,,,,,,,,,,,,,,,87.4,4,87.5,150,87.7,100,,,,,,,,,,,,,,
2026-07-01T21:01:01.684815+00:00,2026-07-01T21:01:01.684724,2,3,87.3,0.2,87.2,2,87.0,150,,,,,,,,,,,,,,,,,87.4,4,87.5,150,87.7,100,,,,,,,,,,,,,,
2026-07-01T21:01:01.914463+00:00,2026-07-01T21:01:01.914347,2,3,87.3,0.2,87.2,2,87.0,150,,,,,,,,,,,,,,,,,87.4,3,87.5,150,87.7,100,,,,,,,,,,,,,,
2026-07-01T21:01:01.919636+00:00,2026-07-01T21:01:01.919556,2,2,87.3,0.2,87.2,2,87.0,150,,,,,,,,,,,,,,,,,87.4,3,87.5,150,,,,,,,,,,,,,,,,
2026-07-01T21:01:01.968767+00:00,2026-07-01T21:01:01.969009,1,2,87.2,0.4,87.0,202,,,,,,,,,,,,,,,,,,,87.4,3,87.5,150,,,,,,,,,,,,,,,,
2026-07-01T21:01:02.023363+00:00,2026-07-01T21:01:02.023453,1,2,87.2,0.4,87.0,202,,,,,,,,,,,,,,,,,,,87.4,3,87.5,250,,,,,,,,,,,,,,,,
2026-07-01T21:01:02.279765+00:00,2026-07-01T21:01:02.279728,1,1,87.25,0.5,87.0,202,,,,,,,,,,,,,,,,,,,87.5,210,,,,,,,,,,,,,,,,,,
2026-07-01T21:01:02.677195+00:00,2026-07-01T21:01:02.677100,1,1,87.25,0.5,87.0,100,,,,,,,,,,,,,,,,,,,87.5,100,,,,,,,,,,,,,,,,,,
2026-07-01T21:01:02.731994+00:00,2026-07-01T21:01:02.731875,2,1,87.3,0.4,87.1,150,87.0,100,,,,,,,,,,,,,,,,,87.5,100,,,,,,,,,,,,,,,,,,
2026-07-01T21:01:02.783955+00:00,2026-07-01T21:01:02.783914,2,2,87.3,0.4,87.1,150,87.0,100,,,,,,,,,,,,,,,,,87.5,100,87.6,150,,,,,,,,,,,,,,,,
2026-07-01T21:01:03.516941+00:00,2026-07-01T21:01:03.516811,3,2,87.35,0.3,87.2,4,87.1,150,87.0,100,,,,,,,,,,,,,,,87.5,100,87.6,150,,,,,,,,,,,,,,,,
2026-07-01T21:01:03.645908+00:00,2026-07-01T21:01:03.645848,3,2,87.35,0.3,87.2,4,87.1,150,87.0,100,,,,,,,,,,,,,,,87.5,102,87.6,150,,,,,,,,,,,,,,,,
2026-07-01T21:01:04.107495+00:00,2026-07-01T21:01:04.107367,2,2,87.3,0.4,87.1,104,87.0,100,,,,,,,,,,,,,,,,,87.5,102,87.6,150,,,,,,,,,,,,,,,,
2026-07-01T21:01:05.076135+00:00,2026-07-01T21:01:05.076088,2,2,87.3,0.4,87.1,104,87.0,100,,,,,,,,,,,,,,,,,87.5,2,87.6,150,,,,,,,,,,,,,,,,
2026-07-01T21:01:05.081323+00:00,2026-07-01T21:01:05.081284,1,2,87.3,0.4,87.1,104,,,,,,,,,,,,,,,,,,,87.5,2,87.6,150,,,,,,,,,,,,,,,,
2026-07-01T21:01:05.131969+00:00,2026-07-01T21:01:05.131874,2,2,87.35,0.3,87.2,100,87.1,104,,,,,,,,,,,,,,,,,87.5,2,87.6,150,,,,,,,,,,,,,,,,
2026-07-01T21:01:05.184637+00:00,2026-07-01T21:01:05.184574,2,3,87.35,0.3,87.2,100,87.1,104,,,,,,,,,,,,,,,,,87.5,2,87.6,150,87.7,100,,,,,,,,,,,,,,
2026-07-01T21:01:05.558800+00:00,2026-07-01T21:01:05.552848,2,3,87.35,0.3,87.2,100,87.1,104,,,,,,,,,,,,,,,,,87.5,1,87.6,150,87.7,100,,,,,,,,,,,,,,
2026-07-01T21:01:05.595801+00:00,2026-07-01T21:01:05.595958,2,2,87.4,0.4,87.2,100,87.1,104,,,,,,,,,,,,,,,,,87.6,150,87.7,100,,,,,,,,,,,,,,,,
2026-07-01T21:01:05.663969+00:00,2026-07-01T21:01:05.663897,2,2,87.4,0.4,87.2,60,87.1,104,,,,,,,,,,,,,,,,,87.6,150,87.7,100,,,,,,,,,,,,,,,,
2026-07-01T21:01:05.858708+00:00,2026-07-01T21:01:05.847446,1,1,87.45,0.5,87.2,60,,,,,,,,,,,,,,,,,,,87.7,100,,,,,,,,,,,,,,,,,,
2026-07-01T21:01:05.906178+00:00,2026-07-01T21:01:05.906076,2,1,87.45,0.5,87.2,60,87.0,150,,,,,,,,,,,,,,,,,87.7,100,,,,,,,,,,,,,,,,,,
2026-07-01T21:01:05.964430+00:00,2026-07-01T21:01:05.964550,2,2,87.35,0.3,87.2,60,87.0,150,,,,,,,,,,,,,,,,,87.5,150,87.7,100,,,,,,,,,,,,,,,,
2026-07-01T21:01:06.177413+00:00,2026-07-01T21:01:06.177531,2,2,87.35,0.3,87.2,66,87.0,150,,,,,,,,,,,,,,,,,87.5,150,87.7,100,,,,,,,,,,,,,,,,
2026-07-01T21:01:06.215820+00:00,2026-07-01T21:01:06.215719,2,2,87.35,0.3,87.2,16,87.0,150,,,,,,,,,,,,,,,,,87.5,150,87.7,100,,,,,,,,,,,,,,,,
2026-07-01T21:01:07.413409+00:00,2026-07-01T21:01:07.413367,2,2,87.35,0.3,87.2,16,87.0,150,,,,,,,,,,,,,,,,,87.5,103,87.7,100,,,,,,,,,,,,,,,,
2026-07-01T21:01:08.235218+00:00,2026-07-01T21:01:08.235181,2,1,87.35,0.3,87.2,16,87.0,150,,,,,,,,,,,,,,,,,87.5,103,,,,,,,,,,,,,,,,,,
2026-07-01T21:01:08.258609+00:00,2026-07-01T21:01:08.240347,2,1,87.35,0.3,87.2,6,87.0,150,,,,,,,,,,,,,,,,,87.5,103,,,,,,,,,,,,,,,,,,
2026-07-01T21:01:08.295185+00:00,2026-07-01T21:01:08.295127,3,1,87.35,0.3,87.2,6,87.0,150,86.8,100,,,,,,,,,,,,,,,87.5,103,,,,,,,,,,,,,,,,,,
2026-07-01T21:01:08.322592+00:00,2026-07-01T21:01:08.322493,2,1,87.25,0.5,87.0,106,86.8,100,,,,,,,,,,,,,,,,,87.5,103,,,,,,,,,,,,,,,,,,
2026-07-01T21:01:08.348492+00:00,2026-07-01T21:01:08.358647,2,2,87.15,0.3,87.0,106,86.8,100,,,,,,,,,,,,,,,,,87.3,100,87.5,103,,,,,,,,,,,,,,,,
2026-07-01T21:01:08.374707+00:00,2026-07-01T21:01:08.366626,2,2,87.15,0.3,87.0,106,86.8,100,,,,,,,,,,,,,,,,,87.3,83,87.5,103,,,,,,,,,,,,,,,,
2026-07-01T21:01:09.015167+00:00,2026-07-01T21:01:09.015108,2,1,87.15,0.3,87.0,106,86.8,100,,,,,,,,,,,,,,,,,87.3,83,,,,,,,,,,,,,,,,,,
2026-07-01T21:01:09.020459+00:00,2026-07-01T21:01:09.020315,1,1,87.05,0.5,86.8,100,,,,,,,,,,,,,,,,,,,87.3,83,,,,,,,,,,,,,,,,,,
2026-07-01T21:01:09.073455+00:00,2026-07-01T21:01:09.073403,2,1,87.15,0.3,87.0,150,86.8,100,,,,,,,,,,,,,,,,,87.3,83,,,,,,,,,,,,,,,,,,
2026-07-01T21:01:09.127242+00:00,2026-07-01T21:01:09.127186,2,2,87.15,0.3,87.0,150,86.8,100,,,,,,,,,,,,,,,,,87.3,83,87.5,150,,,,,,,,,,,,,,,,
2026-07-01T21:01:09.198373+00:00,2026-07-01T21:01:09.198264,3,2,87.2,0.2,87.1,6,87.0,150,86.8,100,,,,,,,,,,,,,,,87.3,83,87.5,150,,,,,,,,,,,,,,,,
2026-07-01T21:01:09.920086+00:00,2026-07-01T21:01:09.913784,3,2,87.2,0.2,87.1,6,87.0,150,86.8,100,,,,,,,,,,,,,,,87.3,72,87.5,150,,,,,,,,,,,,,,,,
2026-07-01T21:01:10.443949+00:00,2026-07-01T21:01:10.443910,2,2,87.15,0.3,87.0,106,86.8,100,,,,,,,,,,,,,,,,,87.3,72,87.5,150,,,,,,,,,,,,,,,,
2026-07-01T21:01:11.076920+00:00,2026-07-01T21:01:11.077034,2,2,87.15,0.3,87.0,59,86.8,100,,,,,,,,,,,,,,,,,87.3,72,87.5,150,,,,,,,,,,,,,,,,
2026-07-01T21:01:11.251479+00:00,2026-07-01T21:01:11.245833,2,2,87.15,0.3,87.0,59,86.8,100,,,,,,,,,,,,,,,,,87.3,69,87.5,150,,,,,,,,,,,,,,,,
2026-07-01T21:01:11.400647+00:00,2026-07-01T21:01:11.400600,1,1,87.25,0.5,87.0,59,,,,,,,,,,,,,,,,,,,87.5,150,,,,,,,,,,,,,,,,,,
2026-07-01T21:01:11.463979+00:00,2026-07-01T21:01:11.463819,2,1,87.25,0.5,87.0,59,86.9,100,,,,,,,,,,,,,,,,,87.5,150,,,,,,,,,,,,,,,,,,
2026-07-01T21:01:11.509239+00:00,2026-07-01T21:01:11.509118,2,2,87.2,0.4,87.0,59,86.9,100,,,,,,,,,,,,,,,,,87.4,100,87.5,150,,,,,,,,,,,,,,,,
2026-07-01T21:01:11.995714+00:00,2026-07-01T21:01:11.995659,2,2,87.2,0.4,87.0,59,86.9,100,,,,,,,,,,,,,,,,,87.4,51,87.5,150,,,,,,,,,,,,,,,,
2026-07-01T21:01:12.181070+00:00,2026-07-01T21:01:12.181233,1,1,87.15,0.5,86.9,100,,,,,,,,,,,,,,,,,,,87.4,51,,,,,,,,,,,,,,,,,,
2026-07-01T21:01:12.241348+00:00,2026-07-01T21:01:12.241230,2,1,87.15,0.5,86.9,100,86.6,150,,,,,,,,,,,,,,,,,87.4,51,,,,,,,,,,,,,,,,,,
2026-07-01T21:01:12.294887+00:00,2026-07-01T21:01:12.294812,2,2,87.0,0.2,86.9,100,86.6,150,,,,,,,,,,,,,,,,,87.1,150,87.4,51,,,,,,,,,,,,,,,,
2026-07-01T21:01:12.569303+00:00,2026-07-01T21:01:12.569202,2,2,87.0,0.2,86.9,50,86.6,150,,,,,,,,,,,,,,,,,87.1,150,87.4,51,,,,,,,,,,,,,,,,
2026-07-01T21:01:12.580068+00:00,2026-07-01T21:01:12.579920,2,2,87.0,0.2,86.9,50,86.6,150,,,,,,,,,,,,,,,,,87.1,145,87.4,51,,,,,,,,,,,,,,,,
2026-07-01T21:01:12.940785+00:00,2026-07-01T21:01:12.940715,2,2,87.0,0.2,86.9,50,86.6,150,,,,,,,,,,,,,,,,,87.1,99,87.4,51,,,,,,,,,,,,,,,,
2026-07-01T21:01:12.999239+00:00,2026-07-01T21:01:12.999165,2,2,87.0,0.2,86.9,10,86.6,150,,,,,,,,,,,,,,,,,87.1,99,87.4,51,,,,,,,,,,,,,,,,
2026-07-01T21:01:13.271223+00:00,2026-07-01T21:01:13.271070,2,2,87.0,0.2,86.9,10,86.6,150,,,,,,,,,,,,,,,,,87.1,94,87.4,51,,,,,,,,,,,,,,,,
2026-07-01T21:01:14.294631+00:00,2026-07-01T21:01:14.294474,2,2,87.0,0.2,86.9,10,86.6,150,,,,,,,,,,,,,,,,,87.1,89,87.4,51,,,,,,,,,,,,,,,,
2026-07-01T21:01:14.565275+00:00,2026-07-01T21:01:14.565173,1,1,86.85,0.5,86.6,150,,,,,,,,,,,,,,,,,,,87.1,89,,,,,,,,,,,,,,,,,,
2026-07-01T21:01:14.620081+00:00,2026-07-01T21:01:14.619961,2,1,86.9,0.4,86.7,100,86.6,150,,,,,,,,,,,,,,,,,87.1,89,,,,,,,,,,,,,,,,,,
2026-07-01T21:01:14.673928+00:00,2026-07-01T21:01:14.673887,2,2,86.9,0.4,86.7,50,86.6,150,,,,,,,,,,,,,,,,,87.1,89,87.2,100,,,,,,,,,,,,,,,,
2026-07-01T21:01:15.295702+00:00,2026-07-01T21:01:15.295586,3,2,87.05,0.1,87.0,4,86.7,50,86.6,150,,,,,,,,,,,,,,,87.1,89,87.2,100,,,,,,,,,,,,,,,,
2026-07-01T21:01:15.348503+00:00,2026-07-01T21:01:15.358737,2,1,87.1,0.2,87.0,4,86.7,50,,,,,,,,,,,,,,,,,87.2,100,,,,,,,,,,,,,,,,,,
2026-07-01T21:01:15.404239+00:00,2026-07-01T21:01:15.404197,2,1,87.1,0.2,87.0,154,86.7,50,,,,,,,,,,,,,,,,,87.2,100,,,,,,,,,,,,,,,,,,
2026-07-01T21:01:15.464046+00:00,2026-07-01T21:01:15.463986,2,2,87.1,0.2,87.0,154,86.7,50,,,,,,,,,,,,,,,,,87.2,100,87.5,150,,,,,,,,,,,,,,,,
2026-07-01T21:01:16.444631+00:00,2026-07-01T21:01:16.451713,2,2,87.1,0.2,87.0,107,86.7,50,,,,,,,,,,,,,,,,,87.2,100,87.5,150,,,,,,,,,,,,,,,,
2026-07-01T21:01:16.785614+00:00,2026-07-01T21:01:16.785455,2,2,87.1,0.2,87.0,57,86.7,50,,,,,,,,,,,,,,,,,87.2,100,87.5,150,,,,,,,,,,,,,,,,
2026-07-01T21:01:17.412658+00:00,2026-07-01T21:01:17.412504,2,2,87.1,0.2,87.0,62,86.7,50,,,,,,,,,,,,,,,,,87.2,100,87.5,150,,,,,,,,,,,,,,,,
2026-07-01T21:01:17.505208+00:00,2026-07-01T21:01:17.505101,2,2,87.1,0.2,87.0,62,86.7,50,,,,,,,,,,,,,,,,,87.2,55,87.5,150,,,,,,,,,,,,,,,,
2026-07-01T21:01:17.728771+00:00,2026-07-01T21:01:17.728702,1,1,87.25,0.5,87.0,62,,,,,,,,,,,,,,,,,,,87.5,150,,,,,,,,,,,,,,,,,,
2026-07-01T21:01:17.784307+00:00,2026-07-01T21:01:17.784190,1,1,87.25,0.5,87.0,162,,,,,,,,,,,,,,,,,,,87.5,150,,,,,,,,,,,,,,,,,,
2026-07-01T21:01:17.838118+00:00,2026-07-01T21:01:17.837975,1,1,87.25,0.5,87.0,162,,,,,,,,,,,,,,,,,,,87.5,250,,,,,,,,,,,,,,,,,,
2026-07-01T21:01:18.520656+00:00,2026-07-01T21:01:18.520612,1,1,87.25,0.5,87.0,105,,,,,,,,,,,,,,,,,,,87.5,100,,,,,,,,,,,,,,,,,,
2026-07-01T21:01:18.584880+00:00,2026-07-01T21:01:18.584808,2,1,87.25,0.5,87.0,105,86.6,150,,,,,,,,,,,,,,,,,87.5,100,,,,,,,,,,,,,,,,,,
2026-07-01T21:01:18.658569+00:00,2026-07-01T21:01:18.645600,2,2,87.05,0.1,87.0,105,86.6,150,,,,,,,,,,,,,,,,,87.1,104,87.5,100,,,,,,,,,,,,,,,,
2026-07-01T21:01:18.894842+00:00,2026-07-01T21:01:18.894802,2,2,87.05,0.1,87.0,55,86.6,150,,,,,,,,,,,,,,,,,87.1,104,87.5,100,,,,,,,,,,,,,,,,
2026-07-01T21:01:19.128619+00:00,2026-07-01T21:01:19.121870,2,2,87.05,0.1,87.0,55,86.6,150,,,,,,,,,,,,,,,,,87.1,101,87.5,100,,,,,,,,,,,,,,,,
2026-07-01T21:01:20.148751+00:00,2026-07-01T21:01:20.148629,2,2,87.05,0.1,87.0,55,86.6,150,,,,,,,,,,,,,,,,,87.1,59,87.5,100,,,,,,,,,,,,,,,,
2026-07-01T21:01:20.893316+00:00,2026-07-01T21:01:20.893236,1,1,86.85,0.5,86.6,150,,,,,,,,,,,,,,,,,,,87.1,59,,,,,,,,,,,,,,,,,,
2026-07-01T21:01:20.948993+00:00,2026-07-01T21:01:20.949222,2,1,86.95,0.3,86.8,100,86.6,150,,,,,,,,,,,,,,,,,87.1,9,,,,,,,,,,,,,,,,,,
2026-07-01T21:01:21.009337+00:00,2026-07-01T21:01:21.009203,2,2,86.95,0.3,86.8,100,86.6,150,,,,,,,,,,,,,,,,,87.1,9,87.3,100,,,,,,,,,,,,,,,,
2026-07-01T21:01:21.690674+00:00,2026-07-01T21:01:21.690527,1,1,87.05,0.5,86.8,100,,,,,,,,,,,,,,,,,,,87.3,100,,,,,,,,,,,,,,,,,,
2026-07-01T21:01:21.754948+00:00,2026-07-01T21:01:21.749259,2,1,87.25,0.1,87.2,147,86.8,100,,,,,,,,,,,,,,,,,87.3,100,,,,,,,,,,,,,,,,,,
2026-07-01T21:01:21.802378+00:00,2026-07-01T21:01:21.802159,2,2,87.25,0.1,87.2,147,86.8,100,,,,,,,,,,,,,,,,,87.3,100,87.7,150,,,,,,,,,,,,,,,,
2026-07-01T21:01:21.869355+00:00,2026-07-01T21:01:21.869458,2,2,87.25,0.1,87.2,99,86.8,100,,,,,,,,,,,,,,,,,87.3,100,87.7,150,,,,,,,,,,,,,,,,
2026-07-01T21:01:22.553236+00:00,2026-07-01T21:01:22.554095,3,2,87.25,0.1,87.2,99,87.0,5,86.8,100,,,,,,,,,,,,,,,87.3,100,87.7,150,,,,,,,,,,,,,,,,
2026-07-01T21:01:23.119882+00:00,2026-07-01T21:01:23.119767,3,2,87.25,0.1,87.2,49,87.0,5,86.8,100,,,,,,,,,,,,,,,87.3,100,87.7,150,,,,,,,,,,,,,,,,
2026-07-01T21:01:23.411685+00:00,2026-07-01T21:01:23.411627,3,2,87.25,0.1,87.2,49,87.0,5,86.8,100,,,,,,,,,,,,,,,87.3,101,87.7,150,,,,,,,,,,,,,,,,
2026-07-01T21:01:23.605017+00:00,2026-07-01T21:01:23.604923,3,2,87.25,0.1,87.2,49,87.0,4,86.8,100,,,,,,,,,,,,,,,87.3,101,87.7,150,,,,,,,,,,,,,,,,
2026-07-01T21:01:24.069005+00:00,2026-07-01T21:01:24.068914,2,2,87.25,0.1,87.2,49,87.0,4,,,,,,,,,,,,,,,,,87.3,1,87.7,150,,,,,,,,,,,,,,,,
2026-07-01T21:01:24.117880+00:00,2026-07-01T21:01:24.117844,3,2,87.25,0.1,87.2,49,87.0,4,86.7,100,,,,,,,,,,,,,,,87.3,1,87.7,150,,,,,,,,,,,,,,,,
2026-07-01T21:01:24.169498+00:00,2026-07-01T21:01:24.169401,2,3,87.1,0.2,87.0,4,86.7,100,,,,,,,,,,,,,,,,,87.2,51,87.3,1,87.7,150,,,,,,,,,,,,,,
2026-07-01T21:01:24.510232+00:00,2026-07-01T21:01:24.510086,2,3,87.1,0.2,87.0,2,86.7,100,,,,,,,,,,,,,,,,,87.2,51,87.3,1,87.7,150,,,,,,,,,,,,,,
2026-07-01T21:01:24.864667+00:00,2026-07-01T21:01:24.864583,2,2,87.1,0.2,87.0,2,86.7,100,,,,,,,,,,,,,,,,,87.2,51,87.3,1,,,,,,,,,,,,,,,,
2026-07-01T21:01:24.907679+00:00,2026-07-01T21:01:24.907624,3,2,87.1,0.2,87.0,2,86.7,100,86.6,150,,,,,,,,,,,,,,,87.2,51,87.3,1,,,,,,,,,,,,,,,,
2026-07-01T21:01:24.964054+00:00,2026-07-01T21:01:24.963937,3,3,87.05,0.1,87.0,2,86.7,100,86.6,150,,,,,,,,,,,,,,,87.1,150,87.2,51,87.3,1,,,,,,,,,,,,,,
2026-07-01T21:01:25.231071+00:00,2026-07-01T21:01:25.231185,2,3,86.9,0.4,86.7,52,86.6,150,,,,,,,,,,,,,,,,,87.1,150,87.2,51,87.3,1,,,,,,,,,,,,,,
2026-07-01T21:01:25.427929+00:00,2026-07-01T21:01:25.427853,2,3,86.9,0.4,86.7,8,86.6,150,,,,,,,,,,,,,,,,,87.1,150,87.2,51,87.3,1,,,,,,,,,,,,,,
2026-07-01T21:01:27.226274+00:00,2026-07-01T21:01:27.226208,1,2,86.85,0.5,86.6,150,,,,,,,,,,,,,,,,,,,87.1,150,87.3,1,,,,,,,,,,,,,,,,
2026-07-01T21:01:27.274687+00:00,2026-07-01T21:01:27.274648,1,2,86.85,0.5,86.6,250,,,,,,,,,,,,,,,,,,,87.1,150,87.3,1,,,,,,,,,,,,,,,,
2026-07-01T21:01:27.285112+00:00,2026-07-01T21:01:27.284952,1,2,86.85,0.5,86.6,250,,,,,,,,,,,,,,,,,,,87.1,100,87.3,1,,,,,,,,,,,,,,,,
2026-07-01T21:01:27.326580+00:00,2026-07-01T21:01:27.326477,1,2,86.85,0.5,86.6,250,,,,,,,,,,,,,,,,,,,87.1,200,87.3,1,,,,,,,,,,,,,,,,
2026-07-01T21:01:27.537672+00:00,2026-07-01T21:01:27.537550,2,2,87.0,0.2,86.9,1,86.6,250,,,,,,,,,,,,,,,,,87.1,200,87.3,1,,,,,,,,,,,,,,,,
2026-07-01T21:01:27.705077+00:00,2026-07-01T21:01:27.705047,1,2,86.85,0.5,86.6,250,,,,,,,,,,,,,,,,,,,87.1,200,87.3,1,,,,,,,,,,,,,,,,
2026-07-01T21:01:28.017646+00:00,2026-07-01T21:01:28.017584,1,2,86.85,0.5,86.6,100,,,,,,,,,,,,,,,,,,,87.1,100,87.3,1,,,,,,,,,,,,,,,,
2026-07-01T21:01:28.073701+00:00,2026-07-01T21:01:28.073615,2,2,86.95,0.3,86.8,150,86.6,100,,,,,,,,,,,,,,,,,87.1,100,87.3,1,,,,,,,,,,,,,,,,
2026-07-01T21:01:28.127962+00:00,2026-07-01T21:01:28.127894,2,2,86.95,0.3,86.8,150,86.6,100,,,,,,,,,,,,,,,,,87.1,100,87.3,151,,,,,,,,,,,,,,,,
2026-07-01T21:01:29.392016+00:00,2026-07-01T21:01:29.391874,2,2,86.95,0.3,86.8,150,86.6,100,,,,,,,,,,,,,,,,,87.1,50,87.3,151,,,,,,,,,,,,,,,,
2026-07-01T21:01:29.713739+00:00,2026-07-01T21:01:29.713633,2,2,86.95,0.3,86.8,108,86.6,100,,,,,,,,,,,,,,,,,87.1,50,87.3,151,,,,,,,,,,,,,,,,
2026-07-01T21:01:30.385741+00:00,2026-07-01T21:01:30.385663,1,1,87.05,0.5,86.8,108,,,,,,,,,,,,,,,,,,,87.3,151,,,,,,,,,,,,,,,,,,
2026-07-01T21:01:30.438579+00:00,2026-07-01T21:01:30.438545,2,1,87.05,0.5,86.8,108,86.5,100,,,,,,,,,,,,,,,,,87.3,151,,,,,,,,,,,,,,,,,,
2026-07-01T21:01:30.492100+00:00,2026-07-01T21:01:30.492305,2,2,86.9,0.2,86.8,108,86.5,100,,,,,,,,,,,,,,,,,87.0,100,87.3,151,,,,,,,,,,,,,,,,
2026-07-01T21:01:31.181451+00:00,2026-07-01T21:01:31.181345,1,2,86.75,0.5,86.5,100,,,,,,,,,,,,,,,,,,,87.0,100,87.3,1,,,,,,,,,,,,,,,,
2026-07-01T21:01:31.235272+00:00,2026-07-01T21:01:31.235219,1,2,86.75,0.5,86.5,250,,,,,,,,,,,,,,,,,,,87.0,100,87.3,1,,,,,,,,,,,,,,,,
2026-07-01T21:01:31.284897+00:00,2026-07-01T21:01:31.284816,1,2,86.75,0.5,86.5,250,,,,,,,,,,,,,,,,,,,87.0,250,87.3,1,,,,,,,,,,,,,,,,
2026-07-01T21:01:31.533608+00:00,2026-07-01T21:01:31.533476,1,2,86.75,0.5,86.5,250,,,,,,,,,,,,,,,,,,,87.0,200,87.3,1,,,,,,,,,,,,,,,,
2026-07-01T21:01:31.538875+00:00,2026-07-01T21:01:31.538744,1,1,86.75,0.5,86.5,250,,,,,,,,,,,,,,,,,,,87.0,200,,,,,,,,,,,,,,,,,,
2026-07-01T21:01:31.782514+00:00,2026-07-01T21:01:31.782399,1,2,86.75,0.5,86.5,250,,,,,,,,,,,,,,,,,,,87.0,200,87.1,5,,,,,,,,,,,,,,,,
2026-07-01T21:01:32.180541+00:00,2026-07-01T21:01:32.180494,1,2,86.75,0.5,86.5,250,,,,,,,,,,,,,,,,,,,87.0,158,87.1,5,,,,,,,,,,,,,,,,
2026-07-01T21:01:32.607390+00:00,2026-07-01T21:01:32.607312,2,2,86.9,0.2,86.8,1,86.5,250,,,,,,,,,,,,,,,,,87.0,158,87.1,5,,,,,,,,,,,,,,,,
2026-07-01T21:01:33.194791+00:00,2026-07-01T21:01:33.194711,1,2,86.75,0.5,86.5,250,,,,,,,,,,,,,,,,,,,87.0,158,87.1,5,,,,,,,,,,,,,,,,
2026-07-01T21:01:33.544967+00:00,2026-07-01T21:01:33.545104,1,2,86.75,0.5,86.5,250,,,,,,,,,,,,,,,,,,,87.0,150,87.1,5,,,,,,,,,,,,,,,,
2026-07-01T21:01:33.558922+00:00,2026-07-01T21:01:33.558648,1,2,86.75,0.5,86.5,150,,,,,,,,,,,,,,,,,,,87.0,150,87.1,5,,,,,,,,,,,,,,,,
2026-07-01T21:01:33.603907+00:00,2026-07-01T21:01:33.603749,2,2,86.9,0.2,86.8,100,86.5,150,,,,,,,,,,,,,,,,,87.0,150,87.1,5,,,,,,,,,,,,,,,,
2026-07-01T21:01:33.663782+00:00,2026-07-01T21:01:33.663752,2,3,86.9,0.2,86.8,100,86.5,150,,,,,,,,,,,,,,,,,87.0,150,87.1,5,87.3,100,,,,,,,,,,,,,,
2026-07-01T21:01:33.974071+00:00,2026-07-01T21:01:33.974033,2,3,86.9,0.2,86.8,100,86.5,150,,,,,,,,,,,,,,,,,87.0,101,87.1,5,87.3,100,,,,,,,,,,,,,,
2026-07-01T21:01:34.339628+00:00,2026-07-01T21:01:34.339489,1,2,86.95,0.3,86.8,100,,,,,,,,,,,,,,,,,,,87.1,5,87.3,100,,,,,,,,,,,,,,,,
2026-07-01T21:01:34.395030+00:00,2026-07-01T21:01:34.394823,2,2,86.95,0.3,86.8,100,86.7,150,,,,,,,,,,,,,,,,,87.1,5,87.3,100,,,,,,,,,,,,,,,,
2026-07-01T21:01:34.458660+00:00,2026-07-01T21:01:34.447812,2,3,86.95,0.3,86.8,100,86.7,150,,,,,,,,,,,,,,,,,87.1,5,87.2,150,87.3,100,,,,,,,,,,,,,,
2026-07-01T21:01:35.832942+00:00,2026-07-01T21:01:35.832803,2,3,86.95,0.3,86.8,50,86.7,150,,,,,,,,,,,,,,,,,87.1,5,87.2,150,87.3,100,,,,,,,,,,,,,,
2026-07-01T21:01:36.128826+00:00,2026-07-01T21:01:36.128683,2,3,86.95,0.3,86.8,8,86.7,150,,,,,,,,,,,,,,,,,87.1,5,87.2,150,87.3,100,,,,,,,,,,,,,,
2026-07-01T21:01:36.627088+00:00,2026-07-01T21:01:36.626927,2,3,86.95,0.3,86.8,8,86.7,150,,,,,,,,,,,,,,,,,87.1,4,87.2,150,87.3,100,,,,,,,,,,,,,,
2026-07-01T21:01:36.725192+00:00,2026-07-01T21:01:36.725140,2,2,86.95,0.3,86.8,8,86.7,150,,,,,,,,,,,,,,,,,87.1,4,87.2,150,,,,,,,,,,,,,,,,
2026-07-01T21:01:36.730485+00:00,2026-07-01T21:01:36.730333,1,2,86.9,0.4,86.7,150,,,,,,,,,,,,,,,,,,,87.1,4,87.2,150,,,,,,,,,,,,,,,,
2026-07-01T21:01:36.768726+00:00,2026-07-01T21:01:36.768876,1,2,86.9,0.4,86.7,109,,,,,,,,,,,,,,,,,,,87.1,4,87.2,150,,,,,,,,,,,,,,,,
2026-07-01T21:01:36.788724+00:00,2026-07-01T21:01:36.788639,2,2,86.9,0.4,86.7,109,86.6,100,,,,,,,,,,,,,,,,,87.1,4,87.2,150,,,,,,,,,,,,,,,,
2026-07-01T21:01:36.838216+00:00,2026-07-01T21:01:36.838117,2,2,86.9,0.4,86.7,109,86.6,100,,,,,,,,,,,,,,,,,87.1,104,87.2,150,,,,,,,,,,,,,,,,
2026-07-01T21:01:36.899000+00:00,2026-07-01T21:01:36.898921,2,2,86.9,0.4,86.7,109,86.6,100,,,,,,,,,,,,,,,,,87.1,103,87.2,150,,,,,,,,,,,,,,,,
2026-07-01T21:01:37.503906+00:00,2026-07-01T21:01:37.503875,1,1,86.85,0.5,86.6,100,,,,,,,,,,,,,,,,,,,87.1,103,,,,,,,,,,,,,,,,,,
2026-07-01T21:01:37.563997+00:00,2026-07-01T21:01:37.563805,2,1,86.85,0.5,86.6,100,86.5,150,,,,,,,,,,,,,,,,,87.1,103,,,,,,,,,,,,,,,,,,
2026-07-01T21:01:37.614561+00:00,2026-07-01T21:01:37.614521,2,2,86.8,0.4,86.6,100,86.5,150,,,,,,,,,,,,,,,,,87.0,150,87.1,103,,,,,,,,,,,,,,,,
2026-07-01T21:01:37.958609+00:00,2026-07-01T21:01:37.946605,2,2,86.8,0.4,86.6,100,86.5,150,,,,,,,,,,,,,,,,,87.0,150,87.1,102,,,,,,,,,,,,,,,,
2026-07-01T21:01:38.821843+00:00,2026-07-01T21:01:38.816441,2,2,86.8,0.4,86.6,100,86.5,150,,,,,,,,,,,,,,,,,87.0,147,87.1,102,,,,,,,,,,,,,,,,
2026-07-01T21:01:39.890146+00:00,2026-07-01T21:01:39.890103,2,2,86.8,0.4,86.6,100,86.5,150,,,,,,,,,,,,,,,,,87.0,147,87.1,2,,,,,,,,,,,,,,,,
2026-07-01T21:01:39.895394+00:00,2026-07-01T21:01:39.895286,1,2,86.75,0.5,86.5,150,,,,,,,,,,,,,,,,,,,87.0,147,87.1,2,,,,,,,,,,,,,,,,
2026-07-01T21:01:39.925356+00:00,2026-07-01T21:01:39.925267,1,2,86.75,0.5,86.5,150,,,,,,,,,,,,,,,,,,,87.0,105,87.1,2,,,,,,,,,,,,,,,,
2026-07-01T21:01:39.946152+00:00,2026-07-01T21:01:39.946081,2,2,86.95,0.1,86.9,100,86.5,150,,,,,,,,,,,,,,,,,87.0,105,87.1,2,,,,,,,,,,,,,,,,
2026-07-01T21:01:39.998993+00:00,2026-07-01T21:01:39.998930,2,2,86.95,0.1,86.9,100,86.5,150,,,,,,,,,,,,,,,,,87.0,55,87.1,2,,,,,,,,,,,,,,,,
2026-07-01T21:01:40.004293+00:00,2026-07-01T21:01:40.004096,2,3,86.95,0.1,86.9,100,86.5,150,,,,,,,,,,,,,,,,,87.0,55,87.1,2,87.4,100,,,,,,,,,,,,,,
2026-07-01T21:01:40.669067+00:00,2026-07-01T21:01:40.669021,1,2,87.0,0.2,86.9,100,,,,,,,,,,,,,,,,,,,87.1,2,87.4,100,,,,,,,,,,,,,,,,
2026-07-01T21:01:40.735647+00:00,2026-07-01T21:01:40.728600,2,2,87.05,0.1,87.0,147,86.9,100,,,,,,,,,,,,,,,,,87.1,2,87.4,100,,,,,,,,,,,,,,,,
2026-07-01T21:01:40.776911+00:00,2026-07-01T21:01:40.777116,2,3,87.05,0.1,87.0,147,86.9,100,,,,,,,,,,,,,,,,,87.1,2,87.4,100,87.5,150,,,,,,,,,,,,,,
2026-07-01T21:01:41.058575+00:00,2026-07-01T21:01:41.053259,2,3,87.05,0.1,87.0,106,86.9,100,,,,,,,,,,,,,,,,,87.1,2,87.4,100,87.5,150,,,,,,,,,,,,,,
2026-07-01T21:01:41.695960+00:00,2026-07-01T21:01:41.695834,3,3,87.05,0.1,87.0,106,86.9,100,86.8,4,,,,,,,,,,,,,,,87.1,2,87.4,100,87.5,150,,,,,,,,,,,,,,
2026-07-01T21:01:41.898798+00:00,2026-07-01T21:01:41.898958,3,3,87.05,0.1,87.0,106,86.9,100,86.8,3,,,,,,,,,,,,,,,87.1,2,87.4,100,87.5,150,,,,,,,,,,,,,,
2026-07-01T21:01:42.107276+00:00,2026-07-01T21:01:42.107171,3,2,87.2,0.4,87.0,106,86.9,100,86.8,3,,,,,,,,,,,,,,,87.4,52,87.5,150,,,,,,,,,,,,,,,,
2026-07-01T21:01:43.064134+00:00,2026-07-01T21:01:43.064027,2,1,87.25,0.5,87.0,106,86.8,3,,,,,,,,,,,,,,,,,87.5,150,,,,,,,,,,,,,,,,,,
2026-07-01T21:01:43.112000+00:00,2026-07-01T21:01:43.111935,3,1,87.25,0.5,87.0,106,86.9,100,86.8,3,,,,,,,,,,,,,,,87.5,150,,,,,,,,,,,,,,,,,,
2026-07-01T21:01:43.165587+00:00,2026-07-01T21:01:43.165517,3,2,87.2,0.4,87.0,106,86.9,100,86.8,3,,,,,,,,,,,,,,,87.4,100,87.5,150,,,,,,,,,,,,,,,,
2026-07-01T21:01:43.463875+00:00,2026-07-01T21:01:43.463838,3,2,87.2,0.4,87.0,106,86.9,100,86.8,3,,,,,,,,,,,,,,,87.4,60,87.5,150,,,,,,,,,,,,,,,,
2026-07-01T21:01:43.835807+00:00,2026-07-01T21:01:43.835756,2,1,87.15,0.5,86.9,100,86.8,3,,,,,,,,,,,,,,,,,87.4,60,,,,,,,,,,,,,,,,,,
2026-07-01T21:01:43.885743+00:00,2026-07-01T21:01:43.885312,2,1,87.15,0.5,86.9,250,86.8,3,,,,,,,,,,,,,,,,,87.4,60,,,,,,,,,,,,,,,,,,
2026-07-01T21:01:43.942777+00:00,2026-07-01T21:01:43.942910,2,1,87.15,0.5,86.9,250,86.8,3,,,,,,,,,,,,,,,,,87.4,210,,,,,,,,,,,,,,,,,,
2026-07-01T21:01:44.241149+00:00,2026-07-01T21:01:44.241075,2,1,87.15,0.5,86.9,250,86.8,3,,,,,,,,,,,,,,,,,87.4,160,,,,,,,,,,,,,,,,,,
2026-07-01T21:01:44.640487+00:00,2026-07-01T21:01:44.640386,2,1,87.15,0.5,86.9,250,86.8,3,,,,,,,,,,,,,,,,,87.4,114,,,,,,,,,,,,,,,,,,
2026-07-01T21:01:44.838495+00:00,2026-07-01T21:01:44.838363,2,1,87.15,0.5,86.9,250,86.8,2,,,,,,,,,,,,,,,,,87.4,114,,,,,,,,,,,,,,,,,,
2026-07-01T21:01:45.765990+00:00,2026-07-01T21:01:45.765905,2,1,87.15,0.5,86.9,250,86.8,1,,,,,,,,,,,,,,,,,87.4,114,,,,,,,,,,,,,,,,,,
2026-07-01T21:01:45.869128+00:00,2026-07-01T21:01:45.868931,2,2,87.05,0.3,86.9,250,86.8,1,,,,,,,,,,,,,,,,,87.2,4,87.4,114,,,,,,,,,,,,,,,,
2026-07-01T21:01:46.222061+00:00,2026-07-01T21:01:46.221999,2,2,87.05,0.3,86.9,150,86.8,1,,,,,,,,,,,,,,,,,87.2,4,87.4,114,,,,,,,,,,,,,,,,
2026-07-01T21:01:46.276220+00:00,2026-07-01T21:01:46.276083,3,1,87.35,0.1,87.3,96,86.9,150,86.8,1,,,,,,,,,,,,,,,87.4,114,,,,,,,,,,,,,,,,,,
2026-07-01T21:01:46.329800+00:00,2026-07-01T21:01:46.329725,3,2,87.35,0.1,87.3,96,86.9,150,86.8,1,,,,,,,,,,,,,,,87.4,114,87.8,100,,,,,,,,,,,,,,,,
2026-07-01T21:01:46.350511+00:00,2026-07-01T21:01:46.350636,3,2,87.35,0.1,87.3,96,86.9,150,86.8,1,,,,,,,,,,,,,,,87.4,64,87.8,100,,,,,,,,,,,,,,,,
2026-07-01T21:01:46.690104+00:00,2026-07-01T21:01:46.684559,3,2,87.35,0.1,87.3,93,86.9,150,86.8,1,,,,,,,,,,,,,,,87.4,64,87.8,100,,,,,,,,,,,,,,,,
2026-07-01T21:01:46.998401+00:00,2026-07-01T21:01:46.998279,2,1,87.55,0.5,87.3,93,86.8,1,,,,,,,,,,,,,,,,,87.8,100,,,,,,,,,,,,,,,,,,
2026-07-01T21:01:47.074866+00:00,2026-07-01T21:01:47.074717,3,1,87.55,0.5,87.3,93,87.1,150,86.8,1,,,,,,,,,,,,,,,87.8,100,,,,,,,,,,,,,,,,,,
2026-07-01T21:01:47.127487+00:00,2026-07-01T21:01:47.127460,3,2,87.45,0.3,87.3,93,87.1,150,86.8,1,,,,,,,,,,,,,,,87.6,150,87.8,100,,,,,,,,,,,,,,,,
2026-07-01T21:01:47.331080+00:00,2026-07-01T21:01:47.331037,2,2,87.45,0.3,87.3,93,87.1,150,,,,,,,,,,,,,,,,,87.6,150,87.8,100,,,,,,,,,,,,,,,,
2026-07-01T21:01:47.363992+00:00,2026-07-01T21:01:47.363903,2,2,87.45,0.3,87.3,52,87.1,150,,,,,,,,,,,,,,,,,87.6,150,87.8,100,,,,,,,,,,,,,,,,
2026-07-01T21:01:47.879718+00:00,2026-07-01T21:01:47.879653,2,2,87.45,0.3,87.3,7,87.1,150,,,,,,,,,,,,,,,,,87.6,150,87.8,100,,,,,,,,,,,,,,,,
2026-07-01T21:01:48.549680+00:00,2026-07-01T21:01:48.549765,1,2,87.35,0.5,87.1,107,,,,,,,,,,,,,,,,,,,87.6,150,87.8,100,,,,,,,,,,,,,,,,
2026-07-01T21:01:49.379113+00:00,2026-07-01T21:01:49.379017,1,1,87.35,0.5,87.1,107,,,,,,,,,,,,,,,,,,,87.6,150,,,,,,,,,,,,,,,,,,
2026-07-01T21:01:49.458556+00:00,2026-07-01T21:01:49.444110,2,1,87.4,0.4,87.2,100,87.1,107,,,,,,,,,,,,,,,,,87.6,150,,,,,,,,,,,,,,,,,,
2026-07-01T21:01:49.500114+00:00,2026-07-01T21:01:49.499974,2,2,87.4,0.4,87.2,100,87.1,107,,,,,,,,,,,,,,,,,87.6,150,87.7,100,,,,,,,,,,,,,,,,
2026-07-01T21:01:50.185234+00:00,2026-07-01T21:01:50.185122,1,1,87.45,0.5,87.2,100,,,,,,,,,,,,,,,,,,,87.7,100,,,,,,,,,,,,,,,,,,
2026-07-01T21:01:50.240339+00:00,2026-07-01T21:01:50.240253,2,1,87.5,0.4,87.3,150,87.2,100,,,,,,,,,,,,,,,,,87.7,100,,,,,,,,,,,,,,,,,,
2026-07-01T21:01:50.291873+00:00,2026-07-01T21:01:50.291777,2,2,87.5,0.4,87.3,150,87.2,100,,,,,,,,,,,,,,,,,87.7,100,87.8,150,,,,,,,,,,,,,,,,
2026-07-01T21:01:52.079894+00:00,2026-07-01T21:01:52.079821,2,2,87.5,0.4,87.3,150,87.2,100,,,,,,,,,,,,,,,,,87.7,51,87.8,150,,,,,,,,,,,,,,,,
2026-07-01T21:01:52.558601+00:00,2026-07-01T21:01:52.547723,1,1,87.55,0.5,87.3,150,,,,,,,,,,,,,,,,,,,87.8,150,,,,,,,,,,,,,,,,,,
2026-07-01T21:01:52.610167+00:00,2026-07-01T21:01:52.610066,2,1,87.55,0.5,87.3,150,87.2,100,,,,,,,,,,,,,,,,,87.8,150,,,,,,,,,,,,,,,,,,
2026-07-01T21:01:52.664083+00:00,2026-07-01T21:01:52.663948,2,2,87.5,0.4,87.3,150,87.2,100,,,,,,,,,,,,,,,,,87.7,100,87.8,150,,,,,,,,,,,,,,,,
2026-07-01T21:01:52.710112+00:00,2026-07-01T21:01:52.710000,2,2,87.5,0.4,87.3,150,87.2,100,,,,,,,,,,,,,,,,,87.7,50,87.8,150,,,,,,,,,,,,,,,,
2026-07-01T21:01:53.346675+00:00,2026-07-01T21:01:53.346644,1,1,87.45,0.5,87.2,100,,,,,,,,,,,,,,,,,,,87.7,50,,,,,,,,,,,,,,,,,,
2026-07-01T21:01:53.404246+00:00,2026-07-01T21:01:53.404371,1,1,87.45,0.5,87.2,250,,,,,,,,,,,,,,,,,,,87.7,50,,,,,,,,,,,,,,,,,,
2026-07-01T21:01:53.458637+00:00,2026-07-01T21:01:53.454809,1,1,87.45,0.5,87.2,250,,,,,,,,,,,,,,,,,,,87.7,200,,,,,,,,,,,,,,,,,,
2026-07-01T21:01:54.058620+00:00,2026-07-01T21:01:54.043496,2,2,87.3,0.2,87.2,250,87.1,3,,,,,,,,,,,,,,,,,87.4,2,87.7,200,,,,,,,,,,,,,,,,
2026-07-01T21:01:54.100819+00:00,2026-07-01T21:01:54.100908,2,2,87.3,0.2,87.2,250,87.1,2,,,,,,,,,,,,,,,,,87.4,2,87.7,200,,,,,,,,,,,,,,,,
2026-07-01T21:01:54.814114+00:00,2026-07-01T21:01:54.814072,2,1,87.45,0.5,87.2,250,87.1,2,,,,,,,,,,,,,,,,,87.7,200,,,,,,,,,,,,,,,,,,
2026-07-01T21:01:55.015765+00:00,2026-07-01T21:01:55.015656,2,1,87.45,0.5,87.2,250,87.1,1,,,,,,,,,,,,,,,,,87.7,200,,,,,,,,,,,,,,,,,,
2026-07-01T21:01:55.714137+00:00,2026-07-01T21:01:55.714299,2,1,87.45,0.5,87.2,250,87.1,1,,,,,,,,,,,,,,,,,87.7,150,,,,,,,,,,,,,,,,,,
2026-07-01T21:01:55.719378+00:00,2026-07-01T21:01:55.719468,2,1,87.45,0.5,87.2,150,87.1,1,,,,,,,,,,,,,,,,,87.7,150,,,,,,,,,,,,,,,,,,
2026-07-01T21:01:55.773223+00:00,2026-07-01T21:01:55.773037,3,1,87.5,0.4,87.3,100,87.2,150,87.1,1,,,,,,,,,,,,,,,87.7,150,,,,,,,,,,,,,,,,,,
2026-07-01T21:01:55.825642+00:00,2026-07-01T21:01:55.825536,3,2,87.5,0.4,87.3,100,87.2,150,87.1,1,,,,,,,,,,,,,,,87.7,150,87.8,100,,,,,,,,,,,,,,,,
2026-07-01T21:01:56.511050+00:00,2026-07-01T21:01:56.511002,2,1,87.55,0.5,87.3,100,87.1,1,,,,,,,,,,,,,,,,,87.8,100,,,,,,,,,,,,,,,,,,
2026-07-01T21:01:56.565683+00:00,2026-07-01T21:01:56.565561,3,1,87.55,0.5,87.3,100,87.2,150,87.1,1,,,,,,,,,,,,,,,87.8,100,,,,,,,,,,,,,,,,,,
2026-07-01T21:01:56.614678+00:00,2026-07-01T21:01:56.614615,3,2,87.5,0.4,87.3,100,87.2,150,87.1,1,,,,,,,,,,,,,,,87.7,150,87.8,100,,,,,,,,,,,,,,,,
2026-07-01T21:01:56.972176+00:00,2026-07-01T21:01:56.972120,3,2,87.5,0.4,87.3,50,87.2,150,87.1,1,,,,,,,,,,,,,,,87.7,150,87.8,100,,,,,,,,,,,,,,,,
2026-07-01T21:01:57.176009+00:00,2026-07-01T21:01:57.169069,3,2,87.5,0.4,87.3,27,87.2,150,87.1,1,,,,,,,,,,,,,,,87.7,150,87.8,100,,,,,,,,,,,,,,,,
2026-07-01T21:01:57.191581+00:00,2026-07-01T21:01:57.191509,3,3,87.4,0.2,87.3,27,87.2,150,87.1,1,,,,,,,,,,,,,,,87.5,4,87.7,150,87.8,100,,,,,,,,,,,,,,
2026-07-01T21:01:57.343886+00:00,2026-07-01T21:01:57.330738,2,2,87.5,0.4,87.3,27,87.2,150,,,,,,,,,,,,,,,,,87.7,150,87.8,100,,,,,,,,,,,,,,,,
2026-07-01T21:01:58.875351+00:00,2026-07-01T21:01:58.875500,1,1,87.45,0.5,87.2,150,,,,,,,,,,,,,,,,,,,87.7,150,,,,,,,,,,,,,,,,,,
2026-07-01T21:01:58.927988+00:00,2026-07-01T21:01:58.927885,2,1,87.45,0.5,87.2,150,87.1,100,,,,,,,,,,,,,,,,,87.7,150,,,,,,,,,,,,,,,,,,
2026-07-01T21:01:58.984871+00:00,2026-07-01T21:01:58.984814,2,2,87.4,0.4,87.2,150,87.1,100,,,,,,,,,,,,,,,,,87.6,100,87.7,150,,,,,,,,,,,,,,,,
2026-07-01T21:01:59.080889+00:00,2026-07-01T21:01:59.080772,2,2,87.4,0.4,87.2,100,87.1,100,,,,,,,,,,,,,,,,,87.6,100,87.7,150,,,,,,,,,,,,,,,,
2026-07-01T21:01:59.672898+00:00,2026-07-01T21:01:59.672789,1,1,87.35,0.5,87.1,100,,,,,,,,,,,,,,,,,,,87.6,100,,,,,,,,,,,,,,,,,,
2026-07-01T21:01:59.741605+00:00,2026-07-01T21:01:59.741536,2,1,87.35,0.5,87.1,100,87.0,150,,,,,,,,,,,,,,,,,87.6,100,,,,,,,,,,,,,,,,,,
2026-07-01T21:01:59.807483+00:00,2026-07-01T21:01:59.798828,2,2,87.3,0.4,87.1,100,87.0,150,,,,,,,,,,,,,,,,,87.5,142,87.6,100,,,,,,,,,,,,,,,,
2026-07-01T21:02:02.038942+00:00,2026-07-01T21:02:02.038864,1,1,87.25,0.5,87.0,150,,,,,,,,,,,,,,,,,,,87.5,142,,,,,,,,,,,,,,,,,,
2026-07-01T21:02:02.070701+00:00,2026-07-01T21:02:02.070648,1,1,87.25,0.5,87.0,150,,,,,,,,,,,,,,,,,,,87.5,93,,,,,,,,,,,,,,,,,,
2026-07-01T21:02:02.093259+00:00,2026-07-01T21:02:02.093168,2,1,87.3,0.4,87.1,100,87.0,150,,,,,,,,,,,,,,,,,87.5,93,,,,,,,,,,,,,,,,,,
2026-07-01T21:02:02.164248+00:00,2026-07-01T21:02:02.164159,3,2,87.35,0.3,87.2,4,87.1,100,87.0,150,,,,,,,,,,,,,,,87.5,93,87.6,100,,,,,,,,,,,,,,,,
2026-07-01T21:02:02.324791+00:00,2026-07-01T21:02:02.324653,3,2,87.35,0.3,87.2,3,87.1,100,87.0,150,,,,,,,,,,,,,,,87.5,93,87.6,100,,,,,,,,,,,,,,,,
2026-07-01T21:02:02.476463+00:00,2026-07-01T21:02:02.476391,3,2,87.35,0.3,87.2,3,87.1,100,87.0,150,,,,,,,,,,,,,,,87.5,95,87.6,100,,,,,,,,,,,,,,,,
2026-07-01T21:02:02.759041+00:00,2026-07-01T21:02:02.752731,3,2,87.35,0.3,87.2,3,87.1,100,87.0,150,,,,,,,,,,,,,,,87.5,84,87.6,100,,,,,,,,,,,,,,,,
2026-07-01T21:02:02.851760+00:00,2026-07-01T21:02:02.851671,2,2,87.35,0.3,87.2,3,87.1,100,,,,,,,,,,,,,,,,,87.5,2,87.6,100,,,,,,,,,,,,,,,,
2026-07-01T21:02:02.904435+00:00,2026-07-01T21:02:02.904550,3,2,87.4,0.2,87.3,150,87.2,3,87.1,100,,,,,,,,,,,,,,,87.5,2,87.6,100,,,,,,,,,,,,,,,,
2026-07-01T21:02:02.963991+00:00,2026-07-01T21:02:02.963865,3,3,87.4,0.2,87.3,150,87.2,3,87.1,100,,,,,,,,,,,,,,,87.5,2,87.6,100,87.8,150,,,,,,,,,,,,,,
2026-07-01T21:02:03.297291+00:00,2026-07-01T21:02:03.297237,3,3,87.4,0.2,87.3,100,87.2,3,87.1,100,,,,,,,,,,,,,,,87.5,2,87.6,100,87.8,150,,,,,,,,,,,,,,
2026-07-01T21:02:04.111605+00:00,2026-07-01T21:02:04.111558,3,3,87.4,0.2,87.3,100,87.2,2,87.1,100,,,,,,,,,,,,,,,87.5,2,87.6,100,87.8,150,,,,,,,,,,,,,,
2026-07-01T21:02:04.122001+00:00,2026-07-01T21:02:04.121929,3,3,87.4,0.2,87.3,57,87.2,2,87.1,100,,,,,,,,,,,,,,,87.5,2,87.6,100,87.8,150,,,,,,,,,,,,,,
2026-07-01T21:02:05.026097+00:00,2026-07-01T21:02:05.019523,3,2,87.45,0.3,87.3,57,87.2,2,87.1,100,,,,,,,,,,,,,,,87.6,100,87.8,150,,,,,,,,,,,,,,,,
2026-07-01T21:02:05.070441+00:00,2026-07-01T21:02:05.070607,3,3,87.4,0.2,87.3,57,87.2,2,87.1,100,,,,,,,,,,,,,,,87.5,4,87.6,100,87.8,150,,,,,,,,,,,,,,
2026-07-01T21:02:05.081326+00:00,2026-07-01T21:02:05.074315,3,3,87.4,0.2,87.3,57,87.2,2,87.1,100,,,,,,,,,,,,,,,87.5,3,87.6,100,87.8,150,,,,,,,,,,,,,,
2026-07-01T21:02:05.211227+00:00,2026-07-01T21:02:05.211159,2,2,87.4,0.2,87.3,57,87.2,2,,,,,,,,,,,,,,,,,87.5,3,87.8,150,,,,,,,,,,,,,,,,
2026-07-01T21:02:05.263802+00:00,2026-07-01T21:02:05.263966,2,2,87.4,0.2,87.3,157,87.2,2,,,,,,,,,,,,,,,,,87.5,3,87.8,150,,,,,,,,,,,,,,,,
2026-07-01T21:02:05.320396+00:00,2026-07-01T21:02:05.320516,2,2,87.4,0.2,87.3,157,87.2,2,,,,,,,,,,,,,,,,,87.5,3,87.8,250,,,,,,,,,,,,,,,,
2026-07-01T21:02:05.420183+00:00,2026-07-01T21:02:05.420074,2,2,87.4,0.2,87.3,157,87.2,1,,,,,,,,,,,,,,,,,87.5,3,87.8,250,,,,,,,,,,,,,,,,
2026-07-01T21:02:05.764024+00:00,2026-07-01T21:02:05.763921,2,2,87.4,0.2,87.3,112,87.2,1,,,,,,,,,,,,,,,,,87.5,3,87.8,250,,,,,,,,,,,,,,,,
2026-07-01T21:02:06.011869+00:00,2026-07-01T21:02:06.011791,2,2,87.4,0.2,87.3,100,87.2,1,,,,,,,,,,,,,,,,,87.5,3,87.8,100,,,,,,,,,,,,,,,,
2026-07-01T21:02:06.074046+00:00,2026-07-01T21:02:06.073910,3,2,87.4,0.2,87.3,100,87.2,1,86.9,150,,,,,,,,,,,,,,,87.5,3,87.8,100,,,,,,,,,,,,,,,,
2026-07-01T21:02:06.123168+00:00,2026-07-01T21:02:06.123110,3,3,87.35,0.1,87.3,100,87.2,1,86.9,150,,,,,,,,,,,,,,,87.4,150,87.5,3,87.8,100,,,,,,,,,,,,,,
2026-07-01T21:02:06.269523+00:00,2026-07-01T21:02:06.269678,3,3,87.35,0.1,87.3,100,87.2,1,86.9,150,,,,,,,,,,,,,,,87.4,106,87.5,3,87.8,100,,,,,,,,,,,,,,
2026-07-01T21:02:07.458651+00:00,2026-07-01T21:02:07.456861,3,3,87.35,0.1,87.3,100,87.2,1,86.9,150,,,,,,,,,,,,,,,87.4,56,87.5,3,87.8,100,,,,,,,,,,,,,,
2026-07-01T21:02:08.374749+00:00,2026-07-01T21:02:08.374647,2,2,87.3,0.2,87.2,1,86.9,150,,,,,,,,,,,,,,,,,87.4,56,87.5,3,,,,,,,,,,,,,,,,
2026-07-01T21:02:08.429823+00:00,2026-07-01T21:02:08.429668,3,1,87.45,0.1,87.4,44,87.2,1,86.9,150,,,,,,,,,,,,,,,87.5,3,,,,,,,,,,,,,,,,,,
2026-07-01T21:02:08.484534+00:00,2026-07-01T21:02:08.484671,3,2,87.45,0.1,87.4,44,87.2,1,86.9,150,,,,,,,,,,,,,,,87.5,3,87.9,100,,,,,,,,,,,,,,,,
2026-07-01T21:02:08.958556+00:00,2026-07-01T21:02:08.951537,3,2,87.45,0.1,87.4,44,87.2,1,86.9,150,,,,,,,,,,,,,,,87.5,2,87.9,100,,,,,,,,,,,,,,,,
2026-07-01T21:02:09.182880+00:00,2026-07-01T21:02:09.182788,2,2,87.45,0.1,87.4,44,87.2,1,,,,,,,,,,,,,,,,,87.5,2,87.9,100,,,,,,,,,,,,,,,,
2026-07-01T21:02:09.236013+00:00,2026-07-01T21:02:09.235912,2,2,87.45,0.1,87.4,194,87.2,1,,,,,,,,,,,,,,,,,87.5,2,87.9,100,,,,,,,,,,,,,,,,
2026-07-01T21:02:09.289417+00:00,2026-07-01T21:02:09.289268,2,2,87.45,0.1,87.4,194,87.2,1,,,,,,,,,,,,,,,,,87.5,2,87.9,250,,,,,,,,,,,,,,,,
2026-07-01T21:02:10.612685+00:00,2026-07-01T21:02:10.612578,2,1,87.65,0.5,87.4,194,87.2,1,,,,,,,,,,,,,,,,,87.9,250,,,,,,,,,,,,,,,,,,
2026-07-01T21:02:11.539711+00:00,2026-07-01T21:02:11.539593,2,1,87.65,0.5,87.4,150,87.2,1,,,,,,,,,,,,,,,,,87.9,150,,,,,,,,,,,,,,,,,,
2026-07-01T21:02:11.594041+00:00,2026-07-01T21:02:11.594110,3,1,87.65,0.5,87.4,150,87.2,1,86.9,100,,,,,,,,,,,,,,,87.9,150,,,,,,,,,,,,,,,,,,
2026-07-01T21:02:11.647709+00:00,2026-07-01T21:02:11.647811,3,1,87.65,0.5,87.4,50,87.2,1,86.9,100,,,,,,,,,,,,,,,87.9,150,,,,,,,,,,,,,,,,,,
2026-07-01T21:02:12.339482+00:00,2026-07-01T21:02:12.339440,3,0,,,87.4,50,87.2,1,86.9,100,,,,,,,,,,,,,,,,,,,,,,,,,,,,,,,,,,
2026-07-01T21:02:12.358620+00:00,2026-07-01T21:02:12.344597,2,0,,,87.2,1,86.9,100,,,,,,,,,,,,,,,,,,,,,,,,,,,,,,,,,,,,
2026-07-01T21:02:12.397403+00:00,2026-07-01T21:02:12.397300,3,0,,,87.2,1,87.0,150,86.9,100,,,,,,,,,,,,,,,,,,,,,,,,,,,,,,,,,,
2026-07-01T21:02:12.464091+00:00,2026-07-01T21:02:12.463974,3,1,87.35,0.3,87.2,1,87.0,150,86.9,100,,,,,,,,,,,,,,,87.5,150,,,,,,,,,,,,,,,,,,
2026-07-01T21:02:13.670390+00:00,2026-07-01T21:02:13.670336,3,1,87.35,0.3,87.2,1,87.0,150,86.9,100,,,,,,,,,,,,,,,87.5,101,,,,,,,,,,,,,,,,,,
2026-07-01T21:02:14.463795+00:00,2026-07-01T21:02:14.463717,2,1,87.25,0.5,87.0,150,86.9,100,,,,,,,,,,,,,,,,,87.5,101,,,,,,,,,,,,,,,,,,
2026-07-01T21:02:14.698686+00:00,2026-07-01T21:02:14.698549,1,1,87.25,0.5,87.0,150,,,,,,,,,,,,,,,,,,,87.5,101,,,,,,,,,,,,,,,,,,
2026-07-01T21:02:14.763794+00:00,2026-07-01T21:02:14.763740,2,1,87.45,0.1,87.4,100,87.0,150,,,,,,,,,,,,,,,,,87.5,101,,,,,,,,,,,,,,,,,,
2026-07-01T21:02:14.806707+00:00,2026-07-01T21:02:14.806834,2,2,87.45,0.1,87.4,100,87.0,150,,,,,,,,,,,,,,,,,87.5,101,87.9,100,,,,,,,,,,,,,,,,
2026-07-01T21:02:15.519398+00:00,2026-07-01T21:02:15.519286,2,1,87.65,0.5,87.4,100,87.0,150,,,,,,,,,,,,,,,,,87.9,100,,,,,,,,,,,,,,,,,,
2026-07-01T21:02:15.524563+00:00,2026-07-01T21:02:15.524441,1,1,87.65,0.5,87.4,100,,,,,,,,,,,,,,,,,,,87.9,100,,,,,,,,,,,,,,,,,,
2026-07-01T21:02:15.579303+00:00,2026-07-01T21:02:15.579175,2,1,87.65,0.5,87.4,100,87.3,150,,,,,,,,,,,,,,,,,87.9,100,,,,,,,,,,,,,,,,,,
2026-07-01T21:02:15.629410+00:00,2026-07-01T21:02:15.629284,2,2,87.6,0.4,87.4,100,87.3,150,,,,,,,,,,,,,,,,,87.8,150,87.9,100,,,,,,,,,,,,,,,,
2026-07-01T21:02:15.734448+00:00,2026-07-01T21:02:15.734333,2,3,87.5,0.2,87.4,100,87.3,150,,,,,,,,,,,,,,,,,87.6,5,87.8,150,87.9,100,,,,,,,,,,,,,,
2026-07-01T21:02:15.878324+00:00,2026-07-01T21:02:15.878185,2,2,87.6,0.4,87.4,100,87.3,150,,,,,,,,,,,,,,,,,87.8,105,87.9,100,,,,,,,,,,,,,,,,
2026-07-01T21:02:16.404787+00:00,2026-07-01T21:02:16.404935,2,3,87.5,0.2,87.4,100,87.3,150,,,,,,,,,,,,,,,,,87.6,4,87.8,105,87.9,100,,,,,,,,,,,,,,
2026-07-01T21:02:16.785009+00:00,2026-07-01T21:02:16.784875,2,3,87.5,0.2,87.4,100,87.3,150,,,,,,,,,,,,,,,,,87.6,2,87.8,105,87.9,100,,,,,,,,,,,,,,
2026-07-01T21:02:16.939165+00:00,2026-07-01T21:02:16.939262,2,3,87.5,0.2,87.4,52,87.3,150,,,,,,,,,,,,,,,,,87.6,2,87.8,105,87.9,100,,,,,,,,,,,,,,
2026-07-01T21:02:17.858694+00:00,2026-07-01T21:02:17.855689,1,2,87.45,0.3,87.3,150,,,,,,,,,,,,,,,,,,,87.6,2,87.8,105,,,,,,,,,,,,,,,,
2026-07-01T21:02:17.915457+00:00,2026-07-01T21:02:17.915367,2,2,87.5,0.2,87.4,100,87.3,150,,,,,,,,,,,,,,,,,87.6,2,87.8,105,,,,,,,,,,,,,,,,
2026-07-01T21:02:17.970017+00:00,2026-07-01T21:02:17.969919,2,3,87.5,0.2,87.4,100,87.3,150,,,,,,,,,,,,,,,,,87.6,2,87.8,105,87.9,100,,,,,,,,,,,,,,
2026-07-01T21:02:18.043597+00:00,2026-07-01T21:02:18.043762,2,3,87.5,0.2,87.4,50,87.3,150,,,,,,,,,,,,,,,,,87.6,2,87.8,105,87.9,100,,,,,,,,,,,,,,
2026-07-01T21:02:18.658607+00:00,2026-07-01T21:02:18.648253,2,3,87.5,0.2,87.4,6,87.3,150,,,,,,,,,,,,,,,,,87.6,2,87.8,105,87.9,100,,,,,,,,,,,,,,
2026-07-01T21:02:18.686165+00:00,2026-07-01T21:02:18.685995,1,2,87.5,0.2,87.4,6,,,,,,,,,,,,,,,,,,,87.6,2,87.9,100,,,,,,,,,,,,,,,,
2026-07-01T21:02:18.739644+00:00,2026-07-01T21:02:18.739454,2,1,87.8,0.2,87.7,148,87.4,6,,,,,,,,,,,,,,,,,87.9,100,,,,,,,,,,,,,,,,,,
2026-07-01T21:02:18.808753+00:00,2026-07-01T21:02:18.808578,2,2,87.8,0.2,87.7,148,87.4,6,,,,,,,,,,,,,,,,,87.9,100,88.2,150,,,,,,,,,,,,,,,,
2026-07-01T21:02:20.099407+00:00,2026-07-01T21:02:20.099360,2,2,87.8,0.2,87.7,148,87.4,6,,,,,,,,,,,,,,,,,87.9,50,88.2,150,,,,,,,,,,,,,,,,
2026-07-01T21:02:20.786345+00:00,2026-07-01T21:02:20.780901,2,2,87.8,0.2,87.7,145,87.4,6,,,,,,,,,,,,,,,,,87.9,50,88.2,150,,,,,,,,,,,,,,,,
2026-07-01T21:02:21.040957+00:00,2026-07-01T21:02:21.040914,2,1,87.95,0.5,87.7,145,87.4,6,,,,,,,,,,,,,,,,,88.2,150,,,,,,,,,,,,,,,,,,
2026-07-01T21:02:21.058555+00:00,2026-07-01T21:02:21.046059,1,1,87.95,0.5,87.7,145,,,,,,,,,,,,,,,,,,,88.2,150,,,,,,,,,,,,,,,,,,
2026-07-01T21:02:21.099778+00:00,2026-07-01T21:02:21.099698,2,1,87.95,0.5,87.7,145,87.6,100,,,,,,,,,,,,,,,,,88.2,150,,,,,,,,,,,,,,,,,,
2026-07-01T21:02:21.148384+00:00,2026-07-01T21:02:21.148581,2,2,87.9,0.4,87.7,145,87.6,100,,,,,,,,,,,,,,,,,88.1,100,88.2,150,,,,,,,,,,,,,,,,
2026-07-01T21:02:21.864747+00:00,2026-07-01T21:02:21.864598,1,1,87.85,0.5,87.6,100,,,,,,,,,,,,,,,,,,,88.1,100,,,,,,,,,,,,,,,,,,
2026-07-01T21:02:21.922179+00:00,2026-07-01T21:02:21.922074,2,1,87.95,0.3,87.8,150,87.6,100,,,,,,,,,,,,,,,,,88.1,100,,,,,,,,,,,,,,,,,,
2026-07-01T21:02:21.971641+00:00,2026-07-01T21:02:21.971610,2,2,87.95,0.3,87.8,150,87.6,100,,,,,,,,,,,,,,,,,88.1,100,88.3,150,,,,,,,,,,,,,,,,
2026-07-01T21:02:22.207373+00:00,2026-07-01T21:02:22.207303,2,2,87.95,0.3,87.8,150,87.6,100,,,,,,,,,,,,,,,,,88.1,50,88.3,150,,,,,,,,,,,,,,,,
2026-07-01T21:02:22.488639+00:00,2026-07-01T21:02:22.488535,3,2,87.95,0.3,87.8,150,87.6,100,87.4,5,,,,,,,,,,,,,,,88.1,50,88.3,150,,,,,,,,,,,,,,,,
2026-07-01T21:02:23.039591+00:00,2026-07-01T21:02:23.039534,3,2,87.95,0.3,87.8,150,87.6,100,87.4,5,,,,,,,,,,,,,,,88.1,5,88.3,150,,,,,,,,,,,,,,,,
2026-07-01T21:02:23.568112+00:00,2026-07-01T21:02:23.567963,3,2,87.95,0.3,87.8,104,87.6,100,87.4,5,,,,,,,,,,,,,,,88.1,5,88.3,150,,,,,,,,,,,,,,,,
2026-07-01T21:02:24.204756+00:00,2026-07-01T21:02:24.204691,2,1,88.05,0.5,87.8,104,87.4,5,,,,,,,,,,,,,,,,,88.3,150,,,,,,,,,,,,,,,,,,
2026-07-01T21:02:24.258624+00:00,2026-07-01T21:02:24.254636,3,1,88.1,0.4,87.9,100,87.8,104,87.4,5,,,,,,,,,,,,,,,88.3,150,,,,,,,,,,,,,,,,,,
2026-07-01T21:02:24.312609+00:00,2026-07-01T21:02:24.312571,3,2,88.1,0.4,87.9,100,87.8,104,87.4,5,,,,,,,,,,,,,,,88.3,100,88.4,100,,,,,,,,,,,,,,,,
2026-07-01T21:02:25.027745+00:00,2026-07-01T21:02:25.027682,1,1,88.15,0.5,87.9,100,,,,,,,,,,,,,,,,,,,88.4,100,,,,,,,,,,,,,,,,,,
2026-07-01T21:02:25.076196+00:00,2026-07-01T21:02:25.076386,1,1,88.15,0.5,87.9,250,,,,,,,,,,,,,,,,,,,88.4,100,,,,,,,,,,,,,,,,,,
2026-07-01T21:02:25.130171+00:00,2026-07-01T21:02:25.130113,1,1,88.15,0.5,87.9,250,,,,,,,,,,,,,,,,,,,88.4,250,,,,,,,,,,,,,,,,,,
2026-07-01T21:02:25.503747+00:00,2026-07-01T21:02:25.503907,2,1,88.15,0.5,87.9,250,87.6,5,,,,,,,,,,,,,,,,,88.4,250,,,,,,,,,,,,,,,,,,
2026-07-01T21:02:27.358736+00:00,2026-07-01T21:02:27.358529,2,1,88.15,0.5,87.9,150,87.6,5,,,,,,,,,,,,,,,,,88.4,150,,,,,,,,,,,,,,,,,,
2026-07-01T21:02:27.418971+00:00,2026-07-01T21:02:27.418864,3,1,88.15,0.5,87.9,150,87.8,100,87.6,5,,,,,,,,,,,,,,,88.4,150,,,,,,,,,,,,,,,,,,
2026-07-01T21:02:27.475882+00:00,2026-07-01T21:02:27.475796,3,2,88.1,0.4,87.9,150,87.8,100,87.6,5,,,,,,,,,,,,,,,88.3,100,88.4,150,,,,,,,,,,,,,,,,
2026-07-01T21:02:27.695839+00:00,2026-07-01T21:02:27.695744,3,2,88.1,0.4,87.9,110,87.8,100,87.6,5,,,,,,,,,,,,,,,88.3,100,88.4,150,,,,,,,,,,,,,,,,
2026-07-01T21:02:28.211384+00:00,2026-07-01T21:02:28.211346,2,1,88.05,0.5,87.8,100,87.6,5,,,,,,,,,,,,,,,,,88.3,100,,,,,,,,,,,,,,,,,,
2026-07-01T21:02:28.268479+00:00,2026-07-01T21:02:28.268633,3,1,88.05,0.5,87.8,100,87.7,150,87.6,5,,,,,,,,,,,,,,,88.3,100,,,,,,,,,,,,,,,,,,
2026-07-01T21:02:28.321156+00:00,2026-07-01T21:02:28.320923,3,2,88.0,0.4,87.8,100,87.7,150,87.6,5,,,,,,,,,,,,,,,88.2,150,88.3,100,,,,,,,,,,,,,,,,
2026-07-01T21:02:28.521043+00:00,2026-07-01T21:02:28.520959,3,2,88.0,0.4,87.8,100,87.7,150,87.6,5,,,,,,,,,,,,,,,88.2,100,88.3,100,,,,,,,,,,,,,,,,
2026-07-01T21:02:28.739885+00:00,2026-07-01T21:02:28.739801,3,2,88.0,0.4,87.8,100,87.7,150,87.6,5,,,,,,,,,,,,,,,88.2,53,88.3,100,,,,,,,,,,,,,,,,
2026-07-01T21:02:29.430073+00:00,2026-07-01T21:02:29.429976,3,2,88.0,0.4,87.8,100,87.7,150,87.6,4,,,,,,,,,,,,,,,88.2,53,88.3,100,,,,,,,,,,,,,,,,
2026-07-01T21:02:30.396549+00:00,2026-07-01T21:02:30.396468,3,2,88.0,0.4,87.8,100,87.7,150,87.6,2,,,,,,,,,,,,,,,88.2,53,88.3,100,,,,,,,,,,,,,,,,
2026-07-01T21:02:30.530243+00:00,2026-07-01T21:02:30.530437,3,1,88.0,0.4,87.8,100,87.7,150,87.6,2,,,,,,,,,,,,,,,88.2,53,,,,,,,,,,,,,,,,,,
2026-07-01T21:02:30.535743+00:00,2026-07-01T21:02:30.535648,2,1,87.95,0.5,87.7,150,87.6,2,,,,,,,,,,,,,,,,,88.2,53,,,,,,,,,,,,,,,,,,
2026-07-01T21:02:30.589115+00:00,2026-07-01T21:02:30.588995,3,1,88.0,0.4,87.8,100,87.7,150,87.6,2,,,,,,,,,,,,,,,88.2,53,,,,,,,,,,,,,,,,,,
2026-07-01T21:02:30.631000+00:00,2026-07-01T21:02:30.630865,3,1,88.0,0.4,87.8,100,87.7,150,87.6,2,,,,,,,,,,,,,,,88.2,3,,,,,,,,,,,,,,,,,,
2026-07-01T21:02:30.658564+00:00,2026-07-01T21:02:30.641977,3,2,88.0,0.4,87.8,100,87.7,150,87.6,2,,,,,,,,,,,,,,,88.2,3,88.3,100,,,,,,,,,,,,,,,,
2026-07-01T21:02:30.809659+00:00,2026-07-01T21:02:30.809560,3,2,88.0,0.4,87.8,57,87.7,150,87.6,2,,,,,,,,,,,,,,,88.2,3,88.3,100,,,,,,,,,,,,,,,,
2026-07-01T21:02:31.376005+00:00,2026-07-01T21:02:31.375924,2,1,88.05,0.5,87.8,57,87.6,2,,,,,,,,,,,,,,,,,88.3,100,,,,,,,,,,,,,,,,,,
2026-07-01T21:02:31.429553+00:00,2026-07-01T21:02:31.429449,3,0,,,88.3,50,87.8,57,87.6,2,,,,,,,,,,,,,,,,,,,,,,,,,,,,,,,,,,
2026-07-01T21:02:31.487385+00:00,2026-07-01T21:02:31.481926,3,1,88.55,0.5,88.3,42,87.8,57,87.6,2,,,,,,,,,,,,,,,88.8,150,,,,,,,,,,,,,,,,,,
2026-07-01T21:02:31.496423+00:00,2026-07-01T21:02:31.491012,3,1,88.55,0.5,88.3,39,87.8,57,87.6,2,,,,,,,,,,,,,,,88.8,150,,,,,,,,,,,,,,,,,,
2026-07-01T21:02:31.637029+00:00,2026-07-01T21:02:31.636939,2,1,88.55,0.5,88.3,39,87.8,57,,,,,,,,,,,,,,,,,88.8,150,,,,,,,,,,,,,,,,,,
2026-07-01T21:02:32.470552+00:00,2026-07-01T21:02:32.463250,2,1,88.55,0.5,88.3,29,87.8,57,,,,,,,,,,,,,,,,,88.8,150,,,,,,,,,,,,,,,,,,
2026-07-01T21:02:32.579010+00:00,2026-07-01T21:02:32.572915,2,1,88.55,0.5,88.3,4,87.8,57,,,,,,,,,,,,,,,,,88.8,150,,,,,,,,,,,,,,,,,,
2026-07-01T21:02:32.788753+00:00,2026-07-01T21:02:32.788615,1,1,88.3,1.0,87.8,57,,,,,,,,,,,,,,,,,,,88.8,150,,,,,,,,,,,,,,,,,,
2026-07-01T21:02:33.692430+00:00,2026-07-01T21:02:33.692319,0,1,,,,,,,,,,,,,,,,,,,,,,,88.8,150,,,,,,,,,,,,,,,,,,
2026-07-01T21:02:33.747824+00:00,2026-07-01T21:02:33.747778,1,1,88.3,1.0,87.8,100,,,,,,,,,,,,,,,,,,,88.8,150,,,,,,,,,,,,,,,,,,
2026-07-01T21:02:33.801220+00:00,2026-07-01T21:02:33.801118,1,2,88.05,0.5,87.8,100,,,,,,,,,,,,,,,,,,,88.3,100,88.8,150,,,,,,,,,,,,,,,,
2026-07-01T21:02:34.533072+00:00,2026-07-01T21:02:34.532963,1,1,88.05,0.5,87.8,100,,,,,,,,,,,,,,,,,,,88.3,100,,,,,,,,,,,,,,,,,,
2026-07-01T21:02:34.585588+00:00,2026-07-01T21:02:34.585485,2,1,88.05,0.5,87.8,100,87.6,150,,,,,,,,,,,,,,,,,88.3,100,,,,,,,,,,,,,,,,,,
2026-07-01T21:02:34.647861+00:00,2026-07-01T21:02:34.641956,2,2,87.95,0.3,87.8,100,87.6,150,,,,,,,,,,,,,,,,,88.1,127,88.3,100,,,,,,,,,,,,,,,,
2026-07-01T21:02:34.934732+00:00,2026-07-01T21:02:34.934581,2,2,87.95,0.3,87.8,50,87.6,150,,,,,,,,,,,,,,,,,88.1,127,88.3,100,,,,,,,,,,,,,,,,
2026-07-01T21:02:35.197808+00:00,2026-07-01T21:02:35.192195,2,2,87.95,0.3,87.8,50,87.6,150,,,,,,,,,,,,,,,,,88.1,104,88.3,100,,,,,,,,,,,,,,,,
2026-07-01T21:02:36.858621+00:00,2026-07-01T21:02:36.855572,1,1,87.85,0.5,87.6,150,,,,,,,,,,,,,,,,,,,88.1,104,,,,,,,,,,,,,,,,,,
2026-07-01T21:02:36.911126+00:00,2026-07-01T21:02:36.911047,2,1,88.05,0.1,88.0,100,87.6,150,,,,,,,,,,,,,,,,,88.1,104,,,,,,,,,,,,,,,,,,
2026-07-01T21:02:36.963806+00:00,2026-07-01T21:02:36.963744,2,2,88.05,0.1,88.0,100,87.6,150,,,,,,,,,,,,,,,,,88.1,104,88.5,100,,,,,,,,,,,,,,,,
2026-07-01T21:02:36.991125+00:00,2026-07-01T21:02:36.991032,2,2,88.05,0.1,88.0,100,87.6,150,,,,,,,,,,,,,,,,,88.1,54,88.5,100,,,,,,,,,,,,,,,,
2026-07-01T21:02:37.695174+00:00,2026-07-01T21:02:37.695361,1,1,88.25,0.5,88.0,100,,,,,,,,,,,,,,,,,,,88.5,100,,,,,,,,,,,,,,,,,,
2026-07-01T21:02:37.758646+00:00,2026-07-01T21:02:37.745643,2,1,88.3,0.4,88.1,150,88.0,100,,,,,,,,,,,,,,,,,88.5,100,,,,,,,,,,,,,,,,,,
2026-07-01T21:02:37.801073+00:00,2026-07-01T21:02:37.801014,2,2,88.3,0.4,88.1,150,88.0,100,,,,,,,,,,,,,,,,,88.5,100,88.6,150,,,,,,,,,,,,,,,,
2026-07-01T21:02:38.226951+00:00,2026-07-01T21:02:38.226924,2,2,88.3,0.4,88.1,150,88.0,100,,,,,,,,,,,,,,,,,88.5,53,88.6,150,,,,,,,,,,,,,,,,
2026-07-01T21:02:39.100205+00:00,2026-07-01T21:02:39.100346,2,2,88.3,0.4,88.1,150,88.0,100,,,,,,,,,,,,,,,,,88.5,3,88.6,150,,,,,,,,,,,,,,,,
2026-07-01T21:02:40.017855+00:00,2026-07-01T21:02:40.017746,1,1,88.35,0.5,88.1,150,,,,,,,,,,,,,,,,,,,88.6,150,,,,,,,,,,,,,,,,,,
2026-07-01T21:02:40.071904+00:00,2026-07-01T21:02:40.071812,2,1,88.4,0.4,88.2,100,88.1,150,,,,,,,,,,,,,,,,,88.6,150,,,,,,,,,,,,,,,,,,
2026-07-01T21:02:40.125005+00:00,2026-07-01T21:02:40.124904,2,2,88.4,0.4,88.2,100,88.1,150,,,,,,,,,,,,,,,,,88.6,150,88.7,100,,,,,,,,,,,,,,,,
2026-07-01T21:02:40.863786+00:00,2026-07-01T21:02:40.863907,1,1,88.45,0.5,88.2,100,,,,,,,,,,,,,,,,,,,88.7,100,,,,,,,,,,,,,,,,,,
2026-07-01T21:02:40.931197+00:00,2026-07-01T21:02:40.931054,1,1,88.45,0.5,88.2,250,,,,,,,,,,,,,,,,,,,88.7,100,,,,,,,,,,,,,,,,,,
2026-07-01T21:02:40.979637+00:00,2026-07-01T21:02:40.979733,1,1,88.45,0.5,88.2,250,,,,,,,,,,,,,,,,,,,88.7,250,,,,,,,,,,,,,,,,,,
2026-07-01T21:02:41.710009+00:00,2026-07-01T21:02:41.709970,1,2,88.35,0.3,88.2,201,,,,,,,,,,,,,,,,,,,88.5,4,88.7,250,,,,,,,,,,,,,,,,
2026-07-01T21:02:42.280518+00:00,2026-07-01T21:02:42.280393,1,1,88.45,0.5,88.2,201,,,,,,,,,,,,,,,,,,,88.7,208,,,,,,,,,,,,,,,,,,
2026-07-01T21:02:43.174691+00:00,2026-07-01T21:02:43.174586,1,1,88.45,0.5,88.2,201,,,,,,,,,,,,,,,,,,,88.7,150,,,,,,,,,,,,,,,,,,
2026-07-01T21:02:43.179893+00:00,2026-07-01T21:02:43.179773,1,1,88.45,0.5,88.2,150,,,,,,,,,,,,,,,,,,,88.7,150,,,,,,,,,,,,,,,,,,
2026-07-01T21:02:43.234063+00:00,2026-07-01T21:02:43.234001,1,1,88.45,0.5,88.2,250,,,,,,,,,,,,,,,,,,,88.7,150,,,,,,,,,,,,,,,,,,
2026-07-01T21:02:43.271671+00:00,2026-07-01T21:02:43.271817,1,1,88.45,0.5,88.2,210,,,,,,,,,,,,,,,,,,,88.7,150,,,,,,,,,,,,,,,,,,
2026-07-01T21:02:43.287529+00:00,2026-07-01T21:02:43.287459,1,1,88.45,0.5,88.2,210,,,,,,,,,,,,,,,,,,,88.7,250,,,,,,,,,,,,,,,,,,
2026-07-01T21:02:43.405115+00:00,2026-07-01T21:02:43.405078,1,1,88.45,0.5,88.2,160,,,,,,,,,,,,,,,,,,,88.7,250,,,,,,,,,,,,,,,,,,
2026-07-01T21:02:43.941512+00:00,2026-07-01T21:02:43.935600,1,1,88.45,0.5,88.2,149,,,,,,,,,,,,,,,,,,,88.7,250,,,,,,,,,,,,,,,,,,
2026-07-01T21:02:44.037797+00:00,2026-07-01T21:02:44.037733,1,1,88.45,0.5,88.2,100,,,,,,,,,,,,,,,,,,,88.7,100,,,,,,,,,,,,,,,,,,
2026-07-01T21:02:44.092776+00:00,2026-07-01T21:02:44.092702,2,1,88.45,0.5,88.2,100,87.7,150,,,,,,,,,,,,,,,,,88.7,100,,,,,,,,,,,,,,,,,,
2026-07-01T21:02:44.146286+00:00,2026-07-01T21:02:44.146473,1,2,87.95,0.5,87.7,150,,,,,,,,,,,,,,,,,,,88.2,50,88.7,100,,,,,,,,,,,,,,,,
2026-07-01T21:02:45.510262+00:00,2026-07-01T21:02:45.510076,1,2,87.95,0.5,87.7,100,,,,,,,,,,,,,,,,,,,88.2,50,88.7,100,,,,,,,,,,,,,,,,
2026-07-01T21:02:46.340665+00:00,2026-07-01T21:02:46.340771,1,1,87.95,0.5,87.7,100,,,,,,,,,,,,,,,,,,,88.2,50,,,,,,,,,,,,,,,,,,
2026-07-01T21:02:46.390293+00:00,2026-07-01T21:02:46.390210,2,1,88.0,0.4,87.8,100,87.7,100,,,,,,,,,,,,,,,,,88.2,50,,,,,,,,,,,,,,,,,,
2026-07-01T21:02:46.444237+00:00,2026-07-01T21:02:46.444162,2,2,88.0,0.4,87.8,100,87.7,100,,,,,,,,,,,,,,,,,88.2,50,88.3,100,,,,,,,,,,,,,,,,
2026-07-01T21:02:46.869074+00:00,2026-07-01T21:02:46.868990,2,2,88.0,0.4,87.8,100,87.7,100,,,,,,,,,,,,,,,,,88.2,10,88.3,100,,,,,,,,,,,,,,,,
2026-07-01T21:02:47.200197+00:00,2026-07-01T21:02:47.200366,1,1,88.05,0.5,87.8,100,,,,,,,,,,,,,,,,,,,88.3,100,,,,,,,,,,,,,,,,,,
2026-07-01T21:02:47.263978+00:00,2026-07-01T21:02:47.263807,1,1,88.05,0.5,87.8,250,,,,,,,,,,,,,,,,,,,88.3,100,,,,,,,,,,,,,,,,,,
2026-07-01T21:02:47.315206+00:00,2026-07-01T21:02:47.315049,1,1,88.05,0.5,87.8,250,,,,,,,,,,,,,,,,,,,88.3,250,,,,,,,,,,,,,,,,,,
2026-07-01T21:02:47.343923+00:00,2026-07-01T21:02:47.343802,1,1,88.05,0.5,87.8,204,,,,,,,,,,,,,,,,,,,88.3,250,,,,,,,,,,,,,,,,,,
2026-07-01T21:02:47.633126+00:00,2026-07-01T21:02:47.632971,1,1,88.05,0.5,87.8,154,,,,,,,,,,,,,,,,,,,88.3,250,,,,,,,,,,,,,,,,,,
2026-07-01T21:02:48.422187+00:00,2026-07-01T21:02:48.422145,1,1,88.05,0.5,87.8,154,,,,,,,,,,,,,,,,,,,88.3,203,,,,,,,,,,,,,,,,,,
2026-07-01T21:02:48.903619+00:00,2026-07-01T21:02:48.903497,1,1,88.05,0.5,87.8,112,,,,,,,,,,,,,,,,,,,88.3,203,,,,,,,,,,,,,,,,,,
2026-07-01T21:02:49.501196+00:00,2026-07-01T21:02:49.500975,1,1,88.05,0.5,87.8,112,,,,,,,,,,,,,,,,,,,88.3,150,,,,,,,,,,,,,,,,,,
2026-07-01T21:02:49.558686+00:00,2026-07-01T21:02:49.551669,2,1,88.05,0.5,87.8,112,87.7,100,,,,,,,,,,,,,,,,,88.3,150,,,,,,,,,,,,,,,,,,
2026-07-01T21:02:49.611126+00:00,2026-07-01T21:02:49.610925,2,2,88.0,0.4,87.8,112,87.7,100,,,,,,,,,,,,,,,,,88.2,100,88.3,150,,,,,,,,,,,,,,,,
2026-07-01T21:02:49.735667+00:00,2026-07-01T21:02:49.735817,2,2,88.0,0.4,87.8,62,87.7,100,,,,,,,,,,,,,,,,,88.2,100,88.3,150,,,,,,,,,,,,,,,,
2026-07-01T21:02:50.364278+00:00,2026-07-01T21:02:50.364221,1,1,87.95,0.5,87.7,100,,,,,,,,,,,,,,,,,,,88.2,100,,,,,,,,,,,,,,,,,,
2026-07-01T21:02:50.419107+00:00,2026-07-01T21:02:50.418921,2,1,87.95,0.5,87.7,100,87.5,150,,,,,,,,,,,,,,,,,88.2,100,,,,,,,,,,,,,,,,,,
2026-07-01T21:02:50.472399+00:00,2026-07-01T21:02:50.472343,2,2,87.85,0.3,87.7,100,87.5,150,,,,,,,,,,,,,,,,,88.0,150,88.2,100,,,,,,,,,,,,,,,,
2026-07-01T21:02:51.858633+00:00,2026-07-01T21:02:51.843257,2,3,87.85,0.3,87.7,100,87.5,150,,,,,,,,,,,,,,,,,88.0,150,88.2,100,88.4,6,,,,,,,,,,,,,,
2026-07-01T21:02:51.879594+00:00,2026-07-01T21:02:51.873850,2,3,87.85,0.3,87.7,50,87.5,150,,,,,,,,,,,,,,,,,88.0,139,88.2,100,88.4,6,,,,,,,,,,,,,,
2026-07-01T21:02:52.666198+00:00,2026-07-01T21:02:52.666124,1,2,87.75,0.5,87.5,150,,,,,,,,,,,,,,,,,,,88.0,139,88.4,6,,,,,,,,,,,,,,,,
2026-07-01T21:02:52.720514+00:00,2026-07-01T21:02:52.720312,2,2,87.75,0.5,87.5,150,87.3,100,,,,,,,,,,,,,,,,,88.0,139,88.4,6,,,,,,,,,,,,,,,,
2026-07-01T21:02:52.769119+00:00,2026-07-01T21:02:52.769043,2,3,87.65,0.3,87.5,150,87.3,100,,,,,,,,,,,,,,,,,87.8,100,88.0,139,88.4,6,,,,,,,,,,,,,,
2026-07-01T21:02:53.058976+00:00,2026-07-01T21:02:53.058825,2,3,87.65,0.3,87.5,150,87.3,100,,,,,,,,,,,,,,,,,87.8,60,88.0,139,88.4,6,,,,,,,,,,,,,,
2026-07-01T21:02:53.527678+00:00,2026-07-01T21:02:53.527545,1,2,87.55,0.5,87.3,100,,,,,,,,,,,,,,,,,,,87.8,60,88.4,6,,,,,,,,,,,,,,,,
2026-07-01T21:02:53.582848+00:00,2026-07-01T21:02:53.582821,2,1,87.65,0.3,87.5,150,87.3,100,,,,,,,,,,,,,,,,,87.8,60,,,,,,,,,,,,,,,,,,
2026-07-01T21:02:53.635696+00:00,2026-07-01T21:02:53.635806,2,2,87.65,0.3,87.5,150,87.3,100,,,,,,,,,,,,,,,,,87.8,60,88.0,150,,,,,,,,,,,,,,,,
2026-07-01T21:02:53.812155+00:00,2026-07-01T21:02:53.812079,2,3,87.65,0.3,87.5,150,87.3,100,,,,,,,,,,,,,,,,,87.8,60,88.0,150,88.2,6,,,,,,,,,,,,,,
2026-07-01T21:02:53.963898+00:00,2026-07-01T21:02:53.963800,2,3,87.65,0.3,87.5,100,87.3,100,,,,,,,,,,,,,,,,,87.8,60,88.0,150,88.2,6,,,,,,,,,,,,,,
2026-07-01T21:02:54.026708+00:00,2026-07-01T21:02:54.026931,2,3,87.65,0.3,87.5,100,87.3,100,,,,,,,,,,,,,,,,,87.8,20,88.0,150,88.2,6,,,,,,,,,,,,,,
2026-07-01T21:02:55.827058+00:00,2026-07-01T21:02:55.826973,1,2,87.75,0.5,87.5,100,,,,,,,,,,,,,,,,,,,88.0,150,88.2,6,,,,,,,,,,,,,,,,
2026-07-01T21:02:55.881902+00:00,2026-07-01T21:02:55.881795,2,2,87.8,0.4,87.6,100,87.5,100,,,,,,,,,,,,,,,,,88.0,150,88.2,6,,,,,,,,,,,,,,,,
2026-07-01T21:02:55.934653+00:00,2026-07-01T21:02:55.934548,2,3,87.8,0.4,87.6,100,87.5,100,,,,,,,,,,,,,,,,,88.0,150,88.1,100,88.2,6,,,,,,,,,,,,,,
2026-07-01T21:02:56.068685+00:00,2026-07-01T21:02:56.068848,2,3,87.8,0.4,87.6,50,87.5,100,,,,,,,,,,,,,,,,,88.0,150,88.1,100,88.2,6,,,,,,,,,,,,,,
2026-07-01T21:02:56.251414+00:00,2026-07-01T21:02:56.251337,2,3,87.8,0.4,87.6,50,87.5,100,,,,,,,,,,,,,,,,,88.0,150,88.1,100,88.2,5,,,,,,,,,,,,,,
2026-07-01T21:02:56.458601+00:00,2026-07-01T21:02:56.455014,2,3,87.8,0.4,87.6,50,87.5,100,,,,,,,,,,,,,,,,,88.0,150,88.1,100,88.2,4,,,,,,,,,,,,,,
2026-07-01T21:02:56.685480+00:00,2026-07-01T21:02:56.685434,2,2,87.85,0.5,87.6,50,87.5,100,,,,,,,,,,,,,,,,,88.1,100,88.2,4,,,,,,,,,,,,,,,,
2026-07-01T21:02:56.690774+00:00,2026-07-01T21:02:56.690589,1,2,87.85,0.5,87.6,50,,,,,,,,,,,,,,,,,,,88.1,100,88.2,4,,,,,,,,,,,,,,,,
2026-07-01T21:02:56.758601+00:00,2026-07-01T21:02:56.747021,2,2,87.85,0.5,87.6,50,87.4,150,,,,,,,,,,,,,,,,,88.1,100,88.2,4,,,,,,,,,,,,,,,,
2026-07-01T21:02:56.799816+00:00,2026-07-01T21:02:56.799734,2,3,87.75,0.3,87.6,50,87.4,150,,,,,,,,,,,,,,,,,87.9,150,88.1,100,88.2,4,,,,,,,,,,,,,,
2026-07-01T21:02:57.335683+00:00,2026-07-01T21:02:57.335566,2,3,87.75,0.3,87.6,7,87.4,150,,,,,,,,,,,,,,,,,87.9,150,88.1,100,88.2,4,,,,,,,,,,,,,,
2026-07-01T21:02:58.176281+00:00,2026-07-01T21:02:58.176195,1,3,87.65,0.5,87.4,107,,,,,,,,,,,,,,,,,,,87.9,150,88.1,100,88.2,4,,,,,,,,,,,,,,
2026-07-01T21:02:58.230021+00:00,2026-07-01T21:02:58.229922,1,3,87.65,0.5,87.4,107,,,,,,,,,,,,,,,,,,,87.9,107,88.1,100,88.2,4,,,,,,,,,,,,,,
2026-07-01T21:02:58.987424+00:00,2026-07-01T21:02:58.987358,1,2,87.65,0.5,87.4,107,,,,,,,,,,,,,,,,,,,87.9,107,88.2,4,,,,,,,,,,,,,,,,
2026-07-01T21:02:59.058768+00:00,2026-07-01T21:02:59.058676,2,2,87.65,0.5,87.4,107,87.3,100,,,,,,,,,,,,,,,,,87.9,107,88.2,4,,,,,,,,,,,,,,,,
2026-07-01T21:02:59.090308+00:00,2026-07-01T21:02:59.090258,2,3,87.6,0.4,87.4,107,87.3,100,,,,,,,,,,,,,,,,,87.8,100,87.9,107,88.2,4,,,,,,,,,,,,,,
2026-07-01T21:02:59.858702+00:00,2026-07-01T21:02:59.855480,1,2,87.55,0.5,87.3,100,,,,,,,,,,,,,,,,,,,87.8,100,88.2,4,,,,,,,,,,,,,,,,
2026-07-01T21:02:59.910793+00:00,2026-07-01T21:02:59.910658,2,2,87.6,0.4,87.4,150,87.3,100,,,,,,,,,,,,,,,,,87.8,100,88.2,4,,,,,,,,,,,,,,,,
2026-07-01T21:02:59.958617+00:00,2026-07-01T21:02:59.957796,2,3,87.6,0.4,87.4,150,87.3,100,,,,,,,,,,,,,,,,,87.8,100,87.9,150,88.2,4,,,,,,,,,,,,,,
2026-07-01T21:02:59.975193+00:00,2026-07-01T21:02:59.975150,2,2,87.6,0.4,87.4,150,87.3,100,,,,,,,,,,,,,,,,,87.8,100,87.9,150,,,,,,,,,,,,,,,,
2026-07-01T21:03:00.164095+00:00,2026-07-01T21:03:00.148904,2,2,87.6,0.4,87.4,150,87.3,100,,,,,,,,,,,,,,,,,87.8,97,87.9,150,,,,,,,,,,,,,,,,
2026-07-01T21:03:00.302948+00:00,2026-07-01T21:03:00.302730,2,2,87.6,0.4,87.4,100,87.3,100,,,,,,,,,,,,,,,,,87.8,97,87.9,150,,,,,,,,,,,,,,,,
2026-07-01T21:03:00.439370+00:00,2026-07-01T21:03:00.439270,2,2,87.6,0.4,87.4,54,87.3,100,,,,,,,,,,,,,,,,,87.8,97,87.9,150,,,,,,,,,,,,,,,,
2026-07-01T21:03:02.158642+00:00,2026-07-01T21:03:02.146761,1,1,87.65,0.5,87.4,54,,,,,,,,,,,,,,,,,,,87.9,150,,,,,,,,,,,,,,,,,,
2026-07-01T21:03:02.202517+00:00,2026-07-01T21:03:02.202472,2,1,87.65,0.5,87.4,54,87.3,100,,,,,,,,,,,,,,,,,87.9,150,,,,,,,,,,,,,,,,,,
2026-07-01T21:03:02.252089+00:00,2026-07-01T21:03:02.252039,2,2,87.6,0.4,87.4,54,87.3,100,,,,,,,,,,,,,,,,,87.8,100,87.9,150,,,,,,,,,,,,,,,,
2026-07-01T21:03:03.017269+00:00,2026-07-01T21:03:03.017181,1,1,87.55,0.5,87.3,100,,,,,,,,,,,,,,,,,,,87.8,100,,,,,,,,,,,,,,,,,,
2026-07-01T21:03:03.072320+00:00,2026-07-01T21:03:03.072449,2,1,87.55,0.5,87.3,100,86.9,150,,,,,,,,,,,,,,,,,87.8,100,,,,,,,,,,,,,,,,,,
2026-07-01T21:03:03.137839+00:00,2026-07-01T21:03:03.133895,2,2,87.35,0.1,87.3,100,86.9,150,,,,,,,,,,,,,,,,,87.4,147,87.8,100,,,,,,,,,,,,,,,,
2026-07-01T21:03:04.469172+00:00,2026-07-01T21:03:04.469074,2,2,87.35,0.1,87.3,100,86.9,150,,,,,,,,,,,,,,,,,87.4,97,87.8,100,,,,,,,,,,,,,,,,
2026-07-01T21:03:05.311636+00:00,2026-07-01T21:03:05.311582,1,1,87.15,0.5,86.9,150,,,,,,,,,,,,,,,,,,,87.4,97,,,,,,,,,,,,,,,,,,
2026-07-01T21:03:05.358554+00:00,2026-07-01T21:03:05.356478,2,1,87.35,0.1,87.3,100,86.9,150,,,,,,,,,,,,,,,,,87.4,55,,,,,,,,,,,,,,,,,,
2026-07-01T21:03:05.415399+00:00,2026-07-01T21:03:05.415276,2,2,87.35,0.1,87.3,100,86.9,150,,,,,,,,,,,,,,,,,87.4,55,87.8,100,,,,,,,,,,,,,,,,
2026-07-01T21:03:05.922911+00:00,2026-07-01T21:03:05.922794,2,2,87.35,0.1,87.3,100,86.9,150,,,,,,,,,,,,,,,,,87.4,10,87.8,100,,,,,,,,,,,,,,,,
2026-07-01T21:03:06.179295+00:00,2026-07-01T21:03:06.179252,1,1,87.55,0.5,87.3,100,,,,,,,,,,,,,,,,,,,87.8,100,,,,,,,,,,,,,,,,,,
2026-07-01T21:03:06.234122+00:00,2026-07-01T21:03:06.234038,2,1,87.65,0.3,87.5,150,87.3,100,,,,,,,,,,,,,,,,,87.8,100,,,,,,,,,,,,,,,,,,
2026-07-01T21:03:06.282355+00:00,2026-07-01T21:03:06.282453,2,2,87.65,0.3,87.5,150,87.3,100,,,,,,,,,,,,,,,,,87.8,100,88.0,150,,,,,,,,,,,,,,,,
2026-07-01T21:03:06.642479+00:00,2026-07-01T21:03:06.642409,2,2,87.65,0.3,87.5,100,87.3,100,,,,,,,,,,,,,,,,,87.8,100,88.0,150,,,,,,,,,,,,,,,,
2026-07-01T21:03:07.084522+00:00,2026-07-01T21:03:07.084459,2,2,87.65,0.3,87.5,52,87.3,100,,,,,,,,,,,,,,,,,87.8,100,88.0,150,,,,,,,,,,,,,,,,
2026-07-01T21:03:07.642990+00:00,2026-07-01T21:03:07.642881,2,2,87.65,0.3,87.5,10,87.3,100,,,,,,,,,,,,,,,,,87.8,100,88.0,150,,,,,,,,,,,,,,,,
2026-07-01T21:03:08.228134+00:00,2026-07-01T21:03:08.228015,2,2,87.65,0.3,87.5,10,87.3,100,,,,,,,,,,,,,,,,,87.8,53,88.0,150,,,,,,,,,,,,,,,,
2026-07-01T21:03:08.469455+00:00,2026-07-01T21:03:08.469560,1,1,87.75,0.5,87.5,10,,,,,,,,,,,,,,,,,,,88.0,150,,,,,,,,,,,,,,,,,,
2026-07-01T21:03:08.523896+00:00,2026-07-01T21:03:08.523999,2,1,87.75,0.5,87.5,10,87.4,100,,,,,,,,,,,,,,,,,88.0,150,,,,,,,,,,,,,,,,,,
2026-07-01T21:03:08.572237+00:00,2026-07-01T21:03:08.572123,2,2,87.7,0.4,87.5,10,87.4,100,,,,,,,,,,,,,,,,,87.9,100,88.0,150,,,,,,,,,,,,,,,,
2026-07-01T21:03:08.769432+00:00,2026-07-01T21:03:08.769393,1,2,87.65,0.5,87.4,60,,,,,,,,,,,,,,,,,,,87.9,100,88.0,150,,,,,,,,,,,,,,,,
2026-07-01T21:03:09.358598+00:00,2026-07-01T21:03:09.352491,1,1,87.65,0.5,87.4,60,,,,,,,,,,,,,,,,,,,87.9,100,,,,,,,,,,,,,,,,,,
2026-07-01T21:03:09.415167+00:00,2026-07-01T21:03:09.415065,2,1,87.65,0.5,87.4,60,86.9,150,,,,,,,,,,,,,,,,,87.9,100,,,,,,,,,,,,,,,,,,
2026-07-01T21:03:09.483952+00:00,2026-07-01T21:03:09.484121,1,2,87.15,0.5,86.9,150,,,,,,,,,,,,,,,,,,,87.4,90,87.9,100,,,,,,,,,,,,,,,,
2026-07-01T21:03:09.779490+00:00,2026-07-01T21:03:09.779344,1,2,87.15,0.5,86.9,150,,,,,,,,,,,,,,,,,,,87.4,85,87.9,100,,,,,,,,,,,,,,,,
2026-07-01T21:03:09.784671+00:00,2026-07-01T21:03:09.784535,1,3,87.15,0.5,86.9,150,,,,,,,,,,,,,,,,,,,87.4,85,87.8,1,87.9,100,,,,,,,,,,,,,,
2026-07-01T21:03:10.190563+00:00,2026-07-01T21:03:10.190485,1,3,87.15,0.5,86.9,150,,,,,,,,,,,,,,,,,,,87.4,81,87.8,1,87.9,100,,,,,,,,,,,,,,
2026-07-01T21:03:11.630207+00:00,2026-07-01T21:03:11.630096,1,2,87.15,0.5,86.9,150,,,,,,,,,,,,,,,,,,,87.4,81,87.8,1,,,,,,,,,,,,,,,,
2026-07-01T21:03:11.684300+00:00,2026-07-01T21:03:11.684202,2,2,87.2,0.4,87.0,100,86.9,150,,,,,,,,,,,,,,,,,87.4,81,87.8,1,,,,,,,,,,,,,,,,
2026-07-01T21:03:11.738628+00:00,2026-07-01T21:03:11.738566,2,3,87.2,0.4,87.0,100,86.9,150,,,,,,,,,,,,,,,,,87.4,81,87.5,100,87.8,1,,,,,,,,,,,,,,
2026-07-01T21:03:12.540521+00:00,2026-07-01T21:03:12.540465,1,2,87.25,0.5,87.0,100,,,,,,,,,,,,,,,,,,,87.5,100,87.8,1,,,,,,,,,,,,,,,,
2026-07-01T21:03:12.595188+00:00,2026-07-01T21:03:12.595320,2,2,87.3,0.4,87.1,150,87.0,100,,,,,,,,,,,,,,,,,87.5,100,87.8,1,,,,,,,,,,,,,,,,
2026-07-01T21:03:12.646974+00:00,2026-07-01T21:03:12.646881,2,3,87.3,0.4,87.1,150,87.0,100,,,,,,,,,,,,,,,,,87.5,100,87.6,150,87.8,1,,,,,,,,,,,,,,
2026-07-01T21:03:12.802323+00:00,2026-07-01T21:03:12.802260,2,3,87.3,0.4,87.1,150,87.0,100,,,,,,,,,,,,,,,,,87.5,55,87.6,150,87.8,1,,,,,,,,,,,,,,
2026-07-01T21:03:12.935691+00:00,2026-07-01T21:03:12.935632,2,3,87.3,0.4,87.1,150,87.0,100,,,,,,,,,,,,,,,,,87.5,5,87.6,150,87.8,1,,,,,,,,,,,,,,
2026-07-01T21:03:13.821284+00:00,2026-07-01T21:03:13.821210,2,3,87.3,0.4,87.1,107,87.0,100,,,,,,,,,,,,,,,,,87.5,5,87.6,150,87.8,1,,,,,,,,,,,,,,
2026-07-01T21:03:14.816004+00:00,2026-07-01T21:03:14.815955,1,2,87.35,0.5,87.1,107,,,,,,,,,,,,,,,,,,,87.6,150,87.8,1,,,,,,,,,,,,,,,,
2026-07-01T21:03:14.877317+00:00,2026-07-01T21:03:14.877169,2,2,87.45,0.3,87.3,100,87.1,107,,,,,,,,,,,,,,,,,87.6,150,87.8,1,,,,,,,,,,,,,,,,
2026-07-01T21:03:14.925278+00:00,2026-07-01T21:03:14.925234,2,2,87.45,0.3,87.3,100,87.1,107,,,,,,,,,,,,,,,,,87.6,150,87.8,101,,,,,,,,,,,,,,,,
2026-07-01T21:03:15.714285+00:00,2026-07-01T21:03:15.714143,2,1,87.55,0.5,87.3,100,87.1,107,,,,,,,,,,,,,,,,,87.8,101,,,,,,,,,,,,,,,,,,
2026-07-01T21:03:15.719223+00:00,2026-07-01T21:03:15.719317,1,1,87.55,0.5,87.3,100,,,,,,,,,,,,,,,,,,,87.8,101,,,,,,,,,,,,,,,,,,
2026-07-01T21:03:15.771048+00:00,2026-07-01T21:03:15.770960,2,1,87.55,0.5,87.3,100,86.8,150,,,,,,,,,,,,,,,,,87.8,101,,,,,,,,,,,,,,,,,,
2026-07-01T21:03:15.824365+00:00,2026-07-01T21:03:15.824498,1,2,87.05,0.5,86.8,150,,,,,,,,,,,,,,,,,,,87.3,50,87.8,101,,,,,,,,,,,,,,,,
2026-07-01T21:03:15.914110+00:00,2026-07-01T21:03:15.914037,1,2,87.05,0.5,86.8,150,,,,,,,,,,,,,,,,,,,87.3,48,87.8,101,,,,,,,,,,,,,,,,
2026-07-01T21:03:16.014419+00:00,2026-07-01T21:03:16.014317,1,2,87.05,0.5,86.8,150,,,,,,,,,,,,,,,,,,,87.3,46,87.8,100,,,,,,,,,,,,,,,,
2026-07-01T21:03:17.169049+00:00,2026-07-01T21:03:17.168990,1,1,87.3,1.0,86.8,150,,,,,,,,,,,,,,,,,,,87.8,100,,,,,,,,,,,,,,,,,,
2026-07-01T21:03:17.958805+00:00,2026-07-01T21:03:17.958669,1,2,87.2,0.8,86.8,150,,,,,,,,,,,,,,,,,,,87.6,4,87.8,100,,,,,,,,,,,,,,,,
2026-07-01T21:03:17.979272+00:00,2026-07-01T21:03:17.979371,1,1,87.2,0.8,86.8,150,,,,,,,,,,,,,,,,,,,87.6,4,,,,,,,,,,,,,,,,,,
2026-07-01T21:03:18.036018+00:00,2026-07-01T21:03:18.035994,2,1,87.25,0.7,86.9,100,86.8,150,,,,,,,,,,,,,,,,,87.6,4,,,,,,,,,,,,,,,,,,
2026-07-01T21:03:18.086633+00:00,2026-07-01T21:03:18.086543,2,2,87.15,0.5,86.9,100,86.8,150,,,,,,,,,,,,,,,,,87.4,100,87.6,4,,,,,,,,,,,,,,,,
2026-07-01T21:03:18.779954+00:00,2026-07-01T21:03:18.779858,2,2,87.15,0.5,86.9,100,86.8,150,,,,,,,,,,,,,,,,,87.4,60,87.6,4,,,,,,,,,,,,,,,,
2026-07-01T21:03:18.882694+00:00,2026-07-01T21:03:18.882477,1,2,87.15,0.5,86.9,100,,,,,,,,,,,,,,,,,,,87.4,60,87.6,4,,,,,,,,,,,,,,,,
2026-07-01T21:03:18.936390+00:00,2026-07-01T21:03:18.936360,2,0,,,87.6,86,86.9,100,,,,,,,,,,,,,,,,,,,,,,,,,,,,,,,,,,,,
2026-07-01T21:03:19.003881+00:00,2026-07-01T21:03:18.998247,2,1,87.85,0.5,87.6,83,86.9,100,,,,,,,,,,,,,,,,,88.1,150,,,,,,,,,,,,,,,,,,
2026-07-01T21:03:19.328818+00:00,2026-07-01T21:03:19.328689,2,1,87.85,0.5,87.6,33,86.9,100,,,,,,,,,,,,,,,,,88.1,150,,,,,,,,,,,,,,,,,,
2026-07-01T21:03:19.900969+00:00,2026-07-01T21:03:19.895312,2,1,87.85,0.5,87.6,30,86.9,100,,,,,,,,,,,,,,,,,88.1,150,,,,,,,,,,,,,,,,,,
2026-07-01T21:03:21.034552+00:00,2026-07-01T21:03:21.034441,2,1,87.85,0.5,87.6,26,86.9,100,,,,,,,,,,,,,,,,,88.1,150,,,,,,,,,,,,,,,,,,
2026-07-01T21:03:21.121394+00:00,2026-07-01T21:03:21.115583,2,2,87.65,0.1,87.6,26,86.9,100,,,,,,,,,,,,,,,,,87.7,1,88.1,150,,,,,,,,,,,,,,,,
2026-07-01T21:03:21.141991+00:00,2026-07-01T21:03:21.142096,1,2,87.65,0.1,87.6,26,,,,,,,,,,,,,,,,,,,87.7,1,88.1,150,,,,,,,,,,,,,,,,
2026-07-01T21:03:21.195722+00:00,2026-07-01T21:03:21.195638,2,2,87.65,0.1,87.6,26,87.4,100,,,,,,,,,,,,,,,,,87.7,1,88.1,150,,,,,,,,,,,,,,,,
2026-07-01T21:03:21.258758+00:00,2026-07-01T21:03:21.258648,2,3,87.65,0.1,87.6,26,87.4,100,,,,,,,,,,,,,,,,,87.7,1,87.9,100,88.1,150,,,,,,,,,,,,,,
2026-07-01T21:03:22.058576+00:00,2026-07-01T21:03:22.041864,1,2,87.55,0.3,87.4,100,,,,,,,,,,,,,,,,,,,87.7,1,87.9,100,,,,,,,,,,,,,,,,
2026-07-01T21:03:22.105410+00:00,2026-07-01T21:03:22.105231,2,1,87.65,0.5,87.4,100,87.3,150,,,,,,,,,,,,,,,,,87.9,100,,,,,,,,,,,,,,,,,,
2026-07-01T21:03:22.168698+00:00,2026-07-01T21:03:22.168788,2,2,87.6,0.4,87.4,100,87.3,150,,,,,,,,,,,,,,,,,87.8,150,87.9,100,,,,,,,,,,,,,,,,
2026-07-01T21:03:22.184261+00:00,2026-07-01T21:03:22.184373,2,2,87.6,0.4,87.4,55,87.3,150,,,,,,,,,,,,,,,,,87.8,150,87.9,100,,,,,,,,,,,,,,,,
2026-07-01T21:03:23.085826+00:00,2026-07-01T21:03:23.085734,2,2,87.6,0.4,87.4,61,87.3,150,,,,,,,,,,,,,,,,,87.8,150,87.9,100,,,,,,,,,,,,,,,,
2026-07-01T21:03:23.317754+00:00,2026-07-01T21:03:23.317662,2,2,87.6,0.4,87.4,20,87.3,150,,,,,,,,,,,,,,,,,87.8,150,87.9,100,,,,,,,,,,,,,,,,
2026-07-01T21:03:23.491436+00:00,2026-07-01T21:03:23.491323,2,2,87.6,0.4,87.4,20,87.3,150,,,,,,,,,,,,,,,,,87.8,100,87.9,100,,,,,,,,,,,,,,,,
2026-07-01T21:03:24.302453+00:00,2026-07-01T21:03:24.302410,2,1,87.6,0.4,87.4,6,87.3,150,,,,,,,,,,,,,,,,,87.8,100,,,,,,,,,,,,,,,,,,
2026-07-01T21:03:24.363945+00:00,2026-07-01T21:03:24.363813,2,1,87.6,0.4,87.4,6,87.3,250,,,,,,,,,,,,,,,,,87.8,100,,,,,,,,,,,,,,,,,,
2026-07-01T21:03:24.415666+00:00,2026-07-01T21:03:24.415565,2,1,87.6,0.4,87.4,6,87.3,250,,,,,,,,,,,,,,,,,87.8,200,,,,,,,,,,,,,,,,,,
2026-07-01T21:03:25.158860+00:00,2026-07-01T21:03:25.158680,2,1,87.6,0.4,87.4,3,87.3,250,,,,,,,,,,,,,,,,,87.8,200,,,,,,,,,,,,,,,,,,
2026-07-01T21:03:25.213798+00:00,2026-07-01T21:03:25.213646,2,1,87.6,0.4,87.4,3,87.3,100,,,,,,,,,,,,,,,,,87.8,100,,,,,,,,,,,,,,,,,,
2026-07-01T21:03:25.268110+00:00,2026-07-01T21:03:25.267973,2,1,87.6,0.4,87.4,3,87.3,250,,,,,,,,,,,,,,,,,87.8,100,,,,,,,,,,,,,,,,,,
2026-07-01T21:03:25.321146+00:00,2026-07-01T21:03:25.321025,2,1,87.6,0.4,87.4,3,87.3,250,,,,,,,,,,,,,,,,,87.8,250,,,,,,,,,,,,,,,,,,
2026-07-01T21:03:25.592268+00:00,2026-07-01T21:03:25.592118,2,1,87.6,0.4,87.4,3,87.3,250,,,,,,,,,,,,,,,,,87.8,200,,,,,,,,,,,,,,,,,,
2026-07-01T21:03:27.140125+00:00,2026-07-01T21:03:27.140011,2,1,87.6,0.4,87.4,2,87.3,250,,,,,,,,,,,,,,,,,87.8,200,,,,,,,,,,,,,,,,,,
2026-07-01T21:03:27.468666+00:00,2026-07-01T21:03:27.468593,2,1,87.6,0.4,87.4,2,87.3,150,,,,,,,,,,,,,,,,,87.8,150,,,,,,,,,,,,,,,,,,
2026-07-01T21:03:27.518790+00:00,2026-07-01T21:03:27.518759,3,1,87.65,0.3,87.5,100,87.4,2,87.3,150,,,,,,,,,,,,,,,87.8,150,,,,,,,,,,,,,,,,,,
2026-07-01T21:03:27.568884+00:00,2026-07-01T21:03:27.568816,3,1,87.65,0.3,87.5,100,87.4,2,87.3,150,,,,,,,,,,,,,,,87.8,107,,,,,,,,,,,,,,,,,,
2026-07-01T21:03:27.573893+00:00,2026-07-01T21:03:27.573985,3,2,87.65,0.3,87.5,100,87.4,2,87.3,150,,,,,,,,,,,,,,,87.8,107,88.0,100,,,,,,,,,,,,,,,,
2026-07-01T21:03:27.704854+00:00,2026-07-01T21:03:27.704986,3,2,87.65,0.3,87.5,100,87.4,2,87.3,150,,,,,,,,,,,,,,,87.8,57,88.0,100,,,,,,,,,,,,,,,,
2026-07-01T21:03:28.374098+00:00,2026-07-01T21:03:28.373999,2,1,87.75,0.5,87.5,100,87.4,2,,,,,,,,,,,,,,,,,88.0,100,,,,,,,,,,,,,,,,,,
2026-07-01T21:03:28.422888+00:00,2026-07-01T21:03:28.422827,3,1,87.95,0.1,87.9,150,87.5,100,87.4,2,,,,,,,,,,,,,,,88.0,100,,,,,,,,,,,,,,,,,,
2026-07-01T21:03:28.480077+00:00,2026-07-01T21:03:28.480159,3,2,87.95,0.1,87.9,150,87.5,100,87.4,2,,,,,,,,,,,,,,,88.0,100,88.4,150,,,,,,,,,,,,,,,,
2026-07-01T21:03:29.814281+00:00,2026-07-01T21:03:29.814244,3,2,87.95,0.1,87.9,150,87.5,100,87.4,2,,,,,,,,,,,,,,,88.0,50,88.4,150,,,,,,,,,,,,,,,,
2026-07-01T21:03:30.629278+00:00,2026-07-01T21:03:30.629148,2,1,88.15,0.5,87.9,150,87.4,2,,,,,,,,,,,,,,,,,88.4,150,,,,,,,,,,,,,,,,,,
2026-07-01T21:03:30.684465+00:00,2026-07-01T21:03:30.684328,3,1,88.15,0.5,87.9,150,87.5,100,87.4,2,,,,,,,,,,,,,,,88.4,150,,,,,,,,,,,,,,,,,,
2026-07-01T21:03:30.737808+00:00,2026-07-01T21:03:30.737677,3,2,87.95,0.1,87.9,150,87.5,100,87.4,2,,,,,,,,,,,,,,,88.0,100,88.4,150,,,,,,,,,,,,,,,,
2026-07-01T21:03:31.534004+00:00,2026-07-01T21:03:31.533885,2,1,87.75,0.5,87.5,100,87.4,2,,,,,,,,,,,,,,,,,88.0,100,,,,,,,,,,,,,,,,,,
2026-07-01T21:03:31.588594+00:00,2026-07-01T21:03:31.588471,3,1,87.9,0.2,87.8,150,87.5,100,87.4,2,,,,,,,,,,,,,,,88.0,100,,,,,,,,,,,,,,,,,,
2026-07-01T21:03:31.641630+00:00,2026-07-01T21:03:31.641453,3,2,87.9,0.2,87.8,150,87.5,100,87.4,2,,,,,,,,,,,,,,,88.0,100,88.3,150,,,,,,,,,,,,,,,,
2026-07-01T21:03:31.696369+00:00,2026-07-01T21:03:31.687648,3,2,87.9,0.2,87.8,147,87.5,100,87.4,2,,,,,,,,,,,,,,,88.0,100,88.3,150,,,,,,,,,,,,,,,,
2026-07-01T21:03:31.973362+00:00,2026-07-01T21:03:31.973308,3,2,87.9,0.2,87.8,97,87.5,100,87.4,2,,,,,,,,,,,,,,,88.0,100,88.3,150,,,,,,,,,,,,,,,,
