recv_time,book_timestamp,n_bids,n_asks,mid,spread,bid_px_0,bid_vol_0,bid_px_1,bid_vol_1,bid_px_2,bid_vol_2,bid_px_3,bid_vol_3,bid_px_4,bid_vol_4,bid_px_5,bid_vol_5,bid_px_6,bid_vol_6,bid_px_7,bid_vol_7,bid_px_8,bid_vol_8,bid_px_9,bid_vol_9,ask_px_0,ask_vol_0,ask_px_1,ask_vol_1,ask_px_2,ask_vol_2,ask_px_3,ask_vol_3,ask_px_4,ask_vol_4,ask_px_5,ask_vol_5,ask_px_6,ask_vol_6,ask_px_7,ask_vol_7,ask_px_8,ask_vol_8,ask_px_9,ask_vol_9
2026-07-03T23:00:00.333130+00:00,2026-07-03T23:00:00.280266,2,2,125.4,0.2,125.3,58,125.0,100,,,,,,,,,,,,,,,,,125.5,47,125.8,150,,,,,,,,,,,,,,,,
2026-07-03T23:00:00.443466+00:00,2026-07-03T23:00:00.443438,2,1,125.55,0.5,125.3,58,125.0,100,,,,,,,,,,,,,,,,,125.8,148,,,,,,,,,,,,,,,,,,
2026-07-03T23:00:01.186697+00:00,2026-07-03T23:00:01.179342,1,0,,,125.0,100,,,,,,,,,,,,,,,,,,,,,,,,,,,,,,,,,,,,,,
2026-07-03T23:00:01.242281+00:00,2026-07-03T23:00:01.242131,1,0,,,125.0,250,,,,,,,,,,,,,,,,,,,,,,,,,,,,,,,,,,,,,,
2026-07-03T23:00:01.294121+00:00,2026-07-03T23:00:01.294003,1,1,125.25,0.5,125.0,250,,,,,,,,,,,,,,,,,,,125.5,150,,,,,,,,,,,,,,,,,,
2026-07-03T23:00:02.543732+00:00,2026-07-03T23:00:02.543846,1,1,125.25,0.5,125.0,250,,,,,,,,,,,,,,,,,,,125.5,107,,,,,,,,,,,,,,,,,,
2026-07-03T23:00:02.579233+00:00,2026-07-03T23:00:02.579104,1,1,125.25,0.5,125.0,150,,,,,,,,,,,,,,,,,,,125.5,107,,,,,,,,,,,,,,,,,,
2026-07-03T23:00:02.638944+00:00,2026-07-03T23:00:02.624069,2,1,125.3,0.4,125.1,100,125.0,150,,,,,,,,,,,,,,,,,125.5,107,,,,,,,,,,,,,,,,,,
2026-07-03T23:00:02.687523+00:00,2026-07-03T23:00:02.687431,2,2,125.3,0.4,125.1,100,125.0,150,,,,,,,,,,,,,,,,,125.5,107,125.6,100,,,,,,,,,,,,,,,,
2026-07-03T23:00:04.349965+00:00,2026-07-03T23:00:04.349932,1,1,125.35,0.5,125.1,100,,,,,,,,,,,,,,,,,,,125.6,100,,,,,,,,,,,,,,,,,,
2026-07-03T23:00:04.403329+00:00,2026-07-03T23:00:04.403205,2,1,125.4,0.4,125.2,150,125.1,100,,,,,,,,,,,,,,,,,125.6,100,,,,,,,,,,,,,,,,,,
2026-07-03T23:00:04.458573+00:00,2026-07-03T23:00:04.453013,2,2,125.4,0.4,125.2,150,125.1,100,,,,,,,,,,,,,,,,,125.6,100,125.7,150,,,,,,,,,,,,,,,,
2026-07-03T23:00:04.512117+00:00,2026-07-03T23:00:04.512086,2,2,125.4,0.4,125.2,150,125.1,100,,,,,,,,,,,,,,,,,125.6,50,125.7,150,,,,,,,,,,,,,,,,
2026-07-03T23:00:05.741823+00:00,2026-07-03T23:00:05.741742,1,1,125.45,0.5,125.2,150,,,,,,,,,,,,,,,,,,,125.7,150,,,,,,,,,,,,,,,,,,
2026-07-03T23:00:05.758660+00:00,2026-07-03T23:00:05.750587,1,1,125.45,0.5,125.2,101,,,,,,,,,,,,,,,,,,,125.7,150,,,,,,,,,,,,,,,,,,
2026-07-03T23:00:05.797388+00:00,2026-07-03T23:00:05.797238,2,1,125.5,0.4,125.3,100,125.2,101,,,,,,,,,,,,,,,,,125.7,150,,,,,,,,,,,,,,,,,,
2026-07-03T23:00:05.852441+00:00,2026-07-03T23:00:05.852399,2,2,125.5,0.4,125.3,100,125.2,101,,,,,,,,,,,,,,,,,125.7,150,125.8,100,,,,,,,,,,,,,,,,
2026-07-03T23:00:06.670903+00:00,2026-07-03T23:00:06.670861,2,2,125.5,0.4,125.3,50,125.2,101,,,,,,,,,,,,,,,,,125.7,150,125.8,100,,,,,,,,,,,,,,,,
2026-07-03T23:00:07.508890+00:00,2026-07-03T23:00:07.508848,1,1,125.55,0.5,125.3,50,,,,,,,,,,,,,,,,,,,125.8,100,,,,,,,,,,,,,,,,,,
2026-07-03T23:00:07.557502+00:00,2026-07-03T23:00:07.557641,2,1,125.55,0.5,125.3,50,124.8,150,,,,,,,,,,,,,,,,,125.8,100,,,,,,,,,,,,,,,,,,
2026-07-03T23:00:07.614413+00:00,2026-07-03T23:00:07.614526,1,2,125.05,0.5,124.8,150,,,,,,,,,,,,,,,,,,,125.3,100,125.8,100,,,,,,,,,,,,,,,,
2026-07-03T23:00:08.897486+00:00,2026-07-03T23:00:08.896085,1,1,125.05,0.5,124.8,150,,,,,,,,,,,,,,,,,,,125.3,100,,,,,,,,,,,,,,,,,,
2026-07-03T23:00:08.959277+00:00,2026-07-03T23:00:08.959235,2,1,125.2,0.2,125.1,100,124.8,150,,,,,,,,,,,,,,,,,125.3,100,,,,,,,,,,,,,,,,,,
2026-07-03T23:00:09.012962+00:00,2026-07-03T23:00:09.013052,2,2,125.2,0.2,125.1,100,124.8,150,,,,,,,,,,,,,,,,,125.3,100,125.6,100,,,,,,,,,,,,,,,,
2026-07-03T23:00:10.669259+00:00,2026-07-03T23:00:10.669185,1,1,125.35,0.5,125.1,100,,,,,,,,,,,,,,,,,,,125.6,100,,,,,,,,,,,,,,,,,,
2026-07-03T23:00:10.721692+00:00,2026-07-03T23:00:10.721608,1,1,125.35,0.5,125.1,250,,,,,,,,,,,,,,,,,,,125.6,100,,,,,,,,,,,,,,,,,,
2026-07-03T23:00:10.776548+00:00,2026-07-03T23:00:10.776424,1,1,125.35,0.5,125.1,250,,,,,,,,,,,,,,,,,,,125.6,250,,,,,,,,,,,,,,,,,,
2026-07-03T23:00:10.831643+00:00,2026-07-03T23:00:10.831540,1,1,125.35,0.5,125.1,250,,,,,,,,,,,,,,,,,,,125.6,200,,,,,,,,,,,,,,,,,,
2026-07-03T23:00:12.068333+00:00,2026-07-03T23:00:12.068212,1,1,125.35,0.5,125.1,150,,,,,,,,,,,,,,,,,,,125.6,150,,,,,,,,,,,,,,,,,,
2026-07-03T23:00:12.122460+00:00,2026-07-03T23:00:12.122332,2,1,125.45,0.3,125.3,100,125.1,150,,,,,,,,,,,,,,,,,125.6,150,,,,,,,,,,,,,,,,,,
2026-07-03T23:00:12.175100+00:00,2026-07-03T23:00:12.175055,2,2,125.45,0.3,125.3,100,125.1,150,,,,,,,,,,,,,,,,,125.6,150,125.8,100,,,,,,,,,,,,,,,,
2026-07-03T23:00:12.890563+00:00,2026-07-03T23:00:12.890525,2,2,125.45,0.3,125.3,100,125.1,150,,,,,,,,,,,,,,,,,125.6,102,125.8,100,,,,,,,,,,,,,,,,
2026-07-03T23:00:12.938215+00:00,2026-07-03T23:00:12.938131,2,2,125.45,0.3,125.3,100,125.1,150,,,,,,,,,,,,,,,,,125.6,52,125.8,100,,,,,,,,,,,,,,,,
2026-07-03T23:00:13.829177+00:00,2026-07-03T23:00:13.829070,1,1,125.55,0.5,125.3,100,,,,,,,,,,,,,,,,,,,125.8,100,,,,,,,,,,,,,,,,,,
2026-07-03T23:00:13.891425+00:00,2026-07-03T23:00:13.885883,2,1,125.75,0.1,125.7,147,125.3,100,,,,,,,,,,,,,,,,,125.8,100,,,,,,,,,,,,,,,,,,
2026-07-03T23:00:13.943495+00:00,2026-07-03T23:00:13.943628,2,2,125.75,0.1,125.7,147,125.3,100,,,,,,,,,,,,,,,,,125.8,100,126.2,150,,,,,,,,,,,,,,,,
2026-07-03T23:00:15.049586+00:00,2026-07-03T23:00:15.049483,2,2,125.75,0.1,125.7,147,125.3,100,,,,,,,,,,,,,,,,,125.8,50,126.2,150,,,,,,,,,,,,,,,,
2026-07-03T23:00:15.229286+00:00,2026-07-03T23:00:15.229433,1,1,125.95,0.5,125.7,147,,,,,,,,,,,,,,,,,,,126.2,150,,,,,,,,,,,,,,,,,,
2026-07-03T23:00:15.283904+00:00,2026-07-03T23:00:15.283879,2,1,125.95,0.5,125.7,147,125.6,100,,,,,,,,,,,,,,,,,126.2,150,,,,,,,,,,,,,,,,,,
2026-07-03T23:00:15.336247+00:00,2026-07-03T23:00:15.336146,2,2,125.9,0.4,125.7,147,125.6,100,,,,,,,,,,,,,,,,,126.1,100,126.2,150,,,,,,,,,,,,,,,,
2026-07-03T23:00:16.444686+00:00,2026-07-03T23:00:16.444655,2,2,125.9,0.4,125.7,100,125.6,100,,,,,,,,,,,,,,,,,126.1,100,126.2,150,,,,,,,,,,,,,,,,
2026-07-03T23:00:16.997362+00:00,2026-07-03T23:00:16.997515,1,1,125.85,0.5,125.6,100,,,,,,,,,,,,,,,,,,,126.1,100,,,,,,,,,,,,,,,,,,
2026-07-03T23:00:17.050714+00:00,2026-07-03T23:00:17.050612,1,1,125.85,0.5,125.6,250,,,,,,,,,,,,,,,,,,,126.1,100,,,,,,,,,,,,,,,,,,
2026-07-03T23:00:17.106565+00:00,2026-07-03T23:00:17.106451,1,1,125.85,0.5,125.6,250,,,,,,,,,,,,,,,,,,,126.1,250,,,,,,,,,,,,,,,,,,
2026-07-03T23:00:17.842621+00:00,2026-07-03T23:00:17.842261,1,1,125.85,0.5,125.6,209,,,,,,,,,,,,,,,,,,,126.1,250,,,,,,,,,,,,,,,,,,
2026-07-03T23:00:18.390082+00:00,2026-07-03T23:00:18.390000,1,1,125.85,0.5,125.6,150,,,,,,,,,,,,,,,,,,,126.1,150,,,,,,,,,,,,,,,,,,
2026-07-03T23:00:18.444873+00:00,2026-07-03T23:00:18.444842,2,1,125.85,0.5,125.6,150,125.4,100,,,,,,,,,,,,,,,,,126.1,150,,,,,,,,,,,,,,,,,,
2026-07-03T23:00:18.513252+00:00,2026-07-03T23:00:18.513407,2,2,125.75,0.3,125.6,150,125.4,100,,,,,,,,,,,,,,,,,125.9,100,126.1,150,,,,,,,,,,,,,,,,
2026-07-03T23:00:19.257077+00:00,2026-07-03T23:00:19.257213,2,2,125.75,0.3,125.6,150,125.4,100,,,,,,,,,,,,,,,,,125.9,50,126.1,150,,,,,,,,,,,,,,,,
2026-07-03T23:00:20.160341+00:00,2026-07-03T23:00:20.160272,1,1,125.65,0.5,125.4,100,,,,,,,,,,,,,,,,,,,125.9,50,,,,,,,,,,,,,,,,,,
2026-07-03T23:00:20.212481+00:00,2026-07-03T23:00:20.212372,2,1,125.7,0.4,125.5,150,125.4,100,,,,,,,,,,,,,,,,,125.9,50,,,,,,,,,,,,,,,,,,
2026-07-03T23:00:20.267627+00:00,2026-07-03T23:00:20.267559,2,2,125.7,0.4,125.5,150,125.4,100,,,,,,,,,,,,,,,,,125.9,50,126.0,150,,,,,,,,,,,,,,,,
2026-07-03T23:00:21.416448+00:00,2026-07-03T23:00:21.416374,2,2,125.7,0.4,125.5,100,125.4,100,,,,,,,,,,,,,,,,,125.9,50,126.0,150,,,,,,,,,,,,,,,,
2026-07-03T23:00:21.571089+00:00,2026-07-03T23:00:21.571015,1,1,125.75,0.5,125.5,100,,,,,,,,,,,,,,,,,,,126.0,150,,,,,,,,,,,,,,,,,,
2026-07-03T23:00:21.626005+00:00,2026-07-03T23:00:21.625961,2,1,125.8,0.4,125.6,100,125.5,100,,,,,,,,,,,,,,,,,126.0,150,,,,,,,,,,,,,,,,,,
2026-07-03T23:00:21.681153+00:00,2026-07-03T23:00:21.681042,2,2,125.8,0.4,125.6,100,125.5,100,,,,,,,,,,,,,,,,,126.0,150,126.1,100,,,,,,,,,,,,,,,,
2026-07-03T23:00:23.315808+00:00,2026-07-03T23:00:23.315747,1,1,125.85,0.5,125.6,100,,,,,,,,,,,,,,,,,,,126.1,100,,,,,,,,,,,,,,,,,,
2026-07-03T23:00:23.374481+00:00,2026-07-03T23:00:23.374265,2,1,125.85,0.5,125.6,100,125.0,150,,,,,,,,,,,,,,,,,126.1,100,,,,,,,,,,,,,,,,,,
2026-07-03T23:00:23.386773+00:00,2026-07-03T23:00:23.386904,2,1,125.85,0.5,125.6,53,125.0,150,,,,,,,,,,,,,,,,,126.1,100,,,,,,,,,,,,,,,,,,
2026-07-03T23:00:23.427783+00:00,2026-07-03T23:00:23.427678,1,2,125.25,0.5,125.0,150,,,,,,,,,,,,,,,,,,,125.5,97,126.1,100,,,,,,,,,,,,,,,,
2026-07-03T23:00:23.538903+00:00,2026-07-03T23:00:23.538714,1,2,125.25,0.5,125.0,100,,,,,,,,,,,,,,,,,,,125.5,97,126.1,100,,,,,,,,,,,,,,,,
2026-07-03T23:00:24.734898+00:00,2026-07-03T23:00:24.734799,1,1,125.25,0.5,125.0,100,,,,,,,,,,,,,,,,,,,125.5,97,,,,,,,,,,,,,,,,,,
2026-07-03T23:00:24.785696+00:00,2026-07-03T23:00:24.785612,2,1,125.4,0.2,125.3,100,125.0,100,,,,,,,,,,,,,,,,,125.5,97,,,,,,,,,,,,,,,,,,
2026-07-03T23:00:24.843407+00:00,2026-07-03T23:00:24.843225,2,2,125.4,0.2,125.3,100,125.0,100,,,,,,,,,,,,,,,,,125.5,97,125.8,100,,,,,,,,,,,,,,,,
2026-07-03T23:00:25.641200+00:00,2026-07-03T23:00:25.641298,2,2,125.4,0.2,125.3,50,125.0,100,,,,,,,,,,,,,,,,,125.5,97,125.8,100,,,,,,,,,,,,,,,,
2026-07-03T23:00:26.479994+00:00,2026-07-03T23:00:26.479870,2,1,125.55,0.5,125.3,50,125.0,100,,,,,,,,,,,,,,,,,125.8,100,,,,,,,,,,,,,,,,,,
2026-07-03T23:00:26.485330+00:00,2026-07-03T23:00:26.485128,1,1,125.55,0.5,125.3,50,,,,,,,,,,,,,,,,,,,125.8,100,,,,,,,,,,,,,,,,,,
2026-07-03T23:00:26.535651+00:00,2026-07-03T23:00:26.535513,2,1,125.55,0.5,125.3,50,125.0,150,,,,,,,,,,,,,,,,,125.8,100,,,,,,,,,,,,,,,,,,
2026-07-03T23:00:26.589077+00:00,2026-07-03T23:00:26.589000,2,2,125.4,0.2,125.3,50,125.0,150,,,,,,,,,,,,,,,,,125.5,150,125.8,100,,,,,,,,,,,,,,,,
2026-07-03T23:00:27.414563+00:00,2026-07-03T23:00:27.408848,2,2,125.4,0.2,125.3,50,125.0,150,,,,,,,,,,,,,,,,,125.5,136,125.8,100,,,,,,,,,,,,,,,,
2026-07-03T23:00:27.747332+00:00,2026-07-03T23:00:27.747263,1,2,125.25,0.5,125.0,150,,,,,,,,,,,,,,,,,,,125.5,136,125.8,100,,,,,,,,,,,,,,,,
2026-07-03T23:00:27.897339+00:00,2026-07-03T23:00:27.897282,1,1,125.25,0.5,125.0,150,,,,,,,,,,,,,,,,,,,125.5,136,,,,,,,,,,,,,,,,,,
2026-07-03T23:00:27.950625+00:00,2026-07-03T23:00:27.950734,2,1,125.35,0.3,125.2,100,125.0,150,,,,,,,,,,,,,,,,,125.5,136,,,,,,,,,,,,,,,,,,
2026-07-03T23:00:28.003895+00:00,2026-07-03T23:00:28.003757,2,2,125.35,0.3,125.2,100,125.0,150,,,,,,,,,,,,,,,,,125.5,136,125.7,100,,,,,,,,,,,,,,,,
2026-07-03T23:00:29.580706+00:00,2026-07-03T23:00:29.580634,2,2,125.35,0.3,125.2,100,125.0,150,,,,,,,,,,,,,,,,,125.5,87,125.7,100,,,,,,,,,,,,,,,,
2026-07-03T23:00:29.643793+00:00,2026-07-03T23:00:29.643713,1,1,125.45,0.5,125.2,100,,,,,,,,,,,,,,,,,,,125.7,100,,,,,,,,,,,,,,,,,,
2026-07-03T23:00:29.694137+00:00,2026-07-03T23:00:29.694082,2,1,125.65,0.1,125.6,150,125.2,100,,,,,,,,,,,,,,,,,125.7,100,,,,,,,,,,,,,,,,,,
2026-07-03T23:00:29.746795+00:00,2026-07-03T23:00:29.746672,2,2,125.65,0.1,125.6,150,125.2,100,,,,,,,,,,,,,,,,,125.7,100,126.1,150,,,,,,,,,,,,,,,,
2026-07-03T23:00:29.858553+00:00,2026-07-03T23:00:29.854651,2,2,125.65,0.1,125.6,100,125.2,100,,,,,,,,,,,,,,,,,125.7,100,126.1,150,,,,,,,,,,,,,,,,
2026-07-03T23:00:30.055186+00:00,2026-07-03T23:00:30.055464,2,2,125.65,0.1,125.6,100,125.2,100,,,,,,,,,,,,,,,,,125.7,57,126.1,150,,,,,,,,,,,,,,,,
2026-07-03T23:00:30.625970+00:00,2026-07-03T23:00:30.619607,2,2,125.65,0.1,125.6,89,125.2,100,,,,,,,,,,,,,,,,,125.7,57,126.1,150,,,,,,,,,,,,,,,,
2026-07-03T23:00:31.058567+00:00,2026-07-03T23:00:31.054657,1,1,125.85,0.5,125.6,89,,,,,,,,,,,,,,,,,,,126.1,150,,,,,,,,,,,,,,,,,,
2026-07-03T23:00:31.113601+00:00,2026-07-03T23:00:31.113345,2,1,125.85,0.5,125.6,89,125.1,100,,,,,,,,,,,,,,,,,126.1,150,,,,,,,,,,,,,,,,,,
2026-07-03T23:00:31.168603+00:00,2026-07-03T23:00:31.168464,1,2,125.35,0.5,125.1,100,,,,,,,,,,,,,,,,,,,125.6,11,126.1,150,,,,,,,,,,,,,,,,
2026-07-03T23:00:31.958622+00:00,2026-07-03T23:00:31.956288,1,2,125.35,0.5,125.1,50,,,,,,,,,,,,,,,,,,,125.6,11,126.1,150,,,,,,,,,,,,,,,,
2026-07-03T23:00:32.814322+00:00,2026-07-03T23:00:32.814228,1,1,125.35,0.5,125.1,50,,,,,,,,,,,,,,,,,,,125.6,11,,,,,,,,,,,,,,,,,,
2026-07-03T23:00:32.875871+00:00,2026-07-03T23:00:32.875783,2,1,125.35,0.5,125.1,50,124.9,150,,,,,,,,,,,,,,,,,125.6,11,,,,,,,,,,,,,,,,,,
2026-07-03T23:00:32.929410+00:00,2026-07-03T23:00:32.929339,2,2,125.25,0.3,125.1,50,124.9,150,,,,,,,,,,,,,,,,,125.4,150,125.6,11,,,,,,,,,,,,,,,,
2026-07-03T23:00:33.077975+00:00,2026-07-03T23:00:33.072756,2,2,125.25,0.3,125.1,50,124.9,150,,,,,,,,,,,,,,,,,125.4,139,125.6,11,,,,,,,,,,,,,,,,
2026-07-03T23:00:34.064079+00:00,2026-07-03T23:00:34.064035,1,2,125.15,0.5,124.9,150,,,,,,,,,,,,,,,,,,,125.4,139,125.6,11,,,,,,,,,,,,,,,,
2026-07-03T23:00:34.244536+00:00,2026-07-03T23:00:34.244402,1,1,125.15,0.5,124.9,150,,,,,,,,,,,,,,,,,,,125.4,139,,,,,,,,,,,,,,,,,,
2026-07-03T23:00:34.300377+00:00,2026-07-03T23:00:34.300276,2,1,125.3,0.2,125.2,100,124.9,150,,,,,,,,,,,,,,,,,125.4,139,,,,,,,,,,,,,,,,,,
2026-07-03T23:00:34.351858+00:00,2026-07-03T23:00:34.351773,2,2,125.3,0.2,125.2,100,124.9,150,,,,,,,,,,,,,,,,,125.4,139,125.7,100,,,,,,,,,,,,,,,,
2026-07-03T23:00:34.655150+00:00,2026-07-03T23:00:34.655325,2,2,125.3,0.2,125.2,100,124.9,150,,,,,,,,,,,,,,,,,125.4,94,125.7,100,,,,,,,,,,,,,,,,
2026-07-03T23:00:35.296074+00:00,2026-07-03T23:00:35.295940,2,2,125.3,0.2,125.2,100,124.9,150,,,,,,,,,,,,,,,,,125.4,45,125.7,100,,,,,,,,,,,,,,,,
2026-07-03T23:00:35.985467+00:00,2026-07-03T23:00:35.985414,1,1,125.45,0.5,125.2,100,,,,,,,,,,,,,,,,,,,125.7,100,,,,,,,,,,,,,,,,,,
2026-07-03T23:00:36.039240+00:00,2026-07-03T23:00:36.039145,2,1,125.5,0.4,125.3,150,125.2,100,,,,,,,,,,,,,,,,,125.7,100,,,,,,,,,,,,,,,,,,
2026-07-03T23:00:36.092499+00:00,2026-07-03T23:00:36.092369,2,2,125.5,0.4,125.3,150,125.2,100,,,,,,,,,,,,,,,,,125.7,100,125.8,150,,,,,,,,,,,,,,,,
2026-07-03T23:00:36.173527+00:00,2026-07-03T23:00:36.173385,2,2,125.5,0.4,125.3,100,125.2,100,,,,,,,,,,,,,,,,,125.7,100,125.8,150,,,,,,,,,,,,,,,,
2026-07-03T23:00:37.408213+00:00,2026-07-03T23:00:37.408089,1,1,125.55,0.5,125.3,100,,,,,,,,,,,,,,,,,,,125.8,150,,,,,,,,,,,,,,,,,,
2026-07-03T23:00:37.468947+00:00,2026-07-03T23:00:37.468857,2,1,125.55,0.5,125.3,100,125.2,100,,,,,,,,,,,,,,,,,125.8,150,,,,,,,,,,,,,,,,,,
2026-07-03T23:00:37.517117+00:00,2026-07-03T23:00:37.517030,2,2,125.5,0.4,125.3,100,125.2,100,,,,,,,,,,,,,,,,,125.7,100,125.8,150,,,,,,,,,,,,,,,,
2026-07-03T23:00:38.281564+00:00,2026-07-03T23:00:38.281445,2,2,125.5,0.4,125.3,50,125.2,100,,,,,,,,,,,,,,,,,125.7,100,125.8,150,,,,,,,,,,,,,,,,
2026-07-03T23:00:39.146087+00:00,2026-07-03T23:00:39.145927,1,1,125.45,0.5,125.2,100,,,,,,,,,,,,,,,,,,,125.7,100,,,,,,,,,,,,,,,,,,
2026-07-03T23:00:39.203459+00:00,2026-07-03T23:00:39.203343,2,1,125.45,0.5,125.2,100,125.0,150,,,,,,,,,,,,,,,,,125.7,100,,,,,,,,,,,,,,,,,,
2026-07-03T23:00:39.229830+00:00,2026-07-03T23:00:39.229666,2,1,125.45,0.5,125.2,51,125.0,150,,,,,,,,,,,,,,,,,125.7,100,,,,,,,,,,,,,,,,,,
2026-07-03T23:00:39.258594+00:00,2026-07-03T23:00:39.252515,2,2,125.35,0.3,125.2,51,125.0,150,,,,,,,,,,,,,,,,,125.5,150,125.7,100,,,,,,,,,,,,,,,,
2026-07-03T23:00:39.822888+00:00,2026-07-03T23:00:39.822773,2,2,125.35,0.3,125.2,5,125.0,150,,,,,,,,,,,,,,,,,125.5,150,125.7,100,,,,,,,,,,,,,,,,
2026-07-03T23:00:40.396350+00:00,2026-07-03T23:00:40.396227,1,2,125.25,0.5,125.0,105,,,,,,,,,,,,,,,,,,,125.5,150,125.7,100,,,,,,,,,,,,,,,,
2026-07-03T23:00:40.569654+00:00,2026-07-03T23:00:40.569730,1,1,125.25,0.5,125.0,105,,,,,,,,,,,,,,,,,,,125.5,150,,,,,,,,,,,,,,,,,,
2026-07-03T23:00:40.622768+00:00,2026-07-03T23:00:40.622733,2,1,125.25,0.5,125.0,105,124.7,100,,,,,,,,,,,,,,,,,125.5,150,,,,,,,,,,,,,,,,,,
2026-07-03T23:00:40.675619+00:00,2026-07-03T23:00:40.675578,2,2,125.1,0.2,125.0,105,124.7,100,,,,,,,,,,,,,,,,,125.2,100,125.5,150,,,,,,,,,,,,,,,,
2026-07-03T23:00:40.685090+00:00,2026-07-03T23:00:40.679703,2,2,125.1,0.2,125.0,105,124.7,100,,,,,,,,,,,,,,,,,125.2,88,125.5,150,,,,,,,,,,,,,,,,
2026-07-03T23:00:41.034773+00:00,2026-07-03T23:00:41.034662,2,2,125.1,0.2,125.0,105,124.7,100,,,,,,,,,,,,,,,,,125.2,45,125.5,150,,,,,,,,,,,,,,,,
2026-07-03T23:00:41.578954+00:00,2026-07-03T23:00:41.578779,2,1,125.25,0.5,125.0,105,124.7,100,,,,,,,,,,,,,,,,,125.5,150,,,,,,,,,,,,,,,,,,
2026-07-03T23:00:42.310195+00:00,2026-07-03T23:00:42.310146,1,0,,,124.7,100,,,,,,,,,,,,,,,,,,,,,,,,,,,,,,,,,,,,,,
2026-07-03T23:00:42.358653+00:00,2026-07-03T23:00:42.357717,2,0,,,124.7,100,124.6,150,,,,,,,,,,,,,,,,,,,,,,,,,,,,,,,,,,,,
2026-07-03T23:00:42.416962+00:00,2026-07-03T23:00:42.416920,2,1,124.9,0.4,124.7,100,124.6,150,,,,,,,,,,,,,,,,,125.1,150,,,,,,,,,,,,,,,,,,
2026-07-03T23:00:42.505872+00:00,2026-07-03T23:00:42.505770,2,1,124.9,0.4,124.7,50,124.6,150,,,,,,,,,,,,,,,,,125.1,150,,,,,,,,,,,,,,,,,,
2026-07-03T23:00:42.763161+00:00,2026-07-03T23:00:42.753576,2,1,124.9,0.4,124.7,50,124.6,150,,,,,,,,,,,,,,,,,125.1,139,,,,,,,,,,,,,,,,,,
2026-07-03T23:00:43.677373+00:00,2026-07-03T23:00:43.677289,2,1,124.9,0.4,124.7,8,124.6,150,,,,,,,,,,,,,,,,,125.1,139,,,,,,,,,,,,,,,,,,
2026-07-03T23:00:43.733760+00:00,2026-07-03T23:00:43.733714,1,1,124.85,0.5,124.6,150,,,,,,,,,,,,,,,,,,,125.1,139,,,,,,,,,,,,,,,,,,
2026-07-03T23:00:43.781333+00:00,2026-07-03T23:00:43.781264,2,1,124.95,0.3,124.8,100,124.6,150,,,,,,,,,,,,,,,,,125.1,139,,,,,,,,,,,,,,,,,,
2026-07-03T23:00:43.834284+00:00,2026-07-03T23:00:43.834244,2,2,124.95,0.3,124.8,100,124.6,150,,,,,,,,,,,,,,,,,125.1,139,125.3,100,,,,,,,,,,,,,,,,
2026-07-03T23:00:44.558602+00:00,2026-07-03T23:00:44.556804,2,2,124.95,0.3,124.8,100,124.6,150,,,,,,,,,,,,,,,,,125.1,89,125.3,100,,,,,,,,,,,,,,,,
2026-07-03T23:00:44.749928+00:00,2026-07-03T23:00:44.749817,2,2,124.95,0.3,124.8,55,124.6,150,,,,,,,,,,,,,,,,,125.1,89,125.3,100,,,,,,,,,,,,,,,,
2026-07-03T23:00:45.469113+00:00,2026-07-03T23:00:45.469071,1,1,125.05,0.5,124.8,55,,,,,,,,,,,,,,,,,,,125.3,100,,,,,,,,,,,,,,,,,,
2026-07-03T23:00:45.523294+00:00,2026-07-03T23:00:45.523443,2,1,125.1,0.4,124.9,150,124.8,55,,,,,,,,,,,,,,,,,125.3,100,,,,,,,,,,,,,,,,,,
2026-07-03T23:00:45.576241+00:00,2026-07-03T23:00:45.576135,2,2,125.1,0.4,124.9,150,124.8,55,,,,,,,,,,,,,,,,,125.3,100,125.4,150,,,,,,,,,,,,,,,,
2026-07-03T23:00:45.882463+00:00,2026-07-03T23:00:45.882352,2,2,125.1,0.4,124.9,150,124.8,55,,,,,,,,,,,,,,,,,125.3,55,125.4,150,,,,,,,,,,,,,,,,
2026-07-03T23:00:46.667137+00:00,2026-07-03T23:00:46.667277,2,2,125.1,0.4,124.9,150,124.8,55,,,,,,,,,,,,,,,,,125.3,5,125.4,150,,,,,,,,,,,,,,,,
2026-07-03T23:00:46.888959+00:00,2026-07-03T23:00:46.888858,1,1,125.15,0.5,124.9,150,,,,,,,,,,,,,,,,,,,125.4,150,,,,,,,,,,,,,,,,,,
2026-07-03T23:00:46.958561+00:00,2026-07-03T23:00:46.953663,2,1,125.2,0.4,125.0,100,124.9,150,,,,,,,,,,,,,,,,,125.4,150,,,,,,,,,,,,,,,,,,
2026-07-03T23:00:47.006923+00:00,2026-07-03T23:00:47.006758,2,2,125.2,0.4,125.0,100,124.9,150,,,,,,,,,,,,,,,,,125.4,150,125.5,100,,,,,,,,,,,,,,,,
2026-07-03T23:00:48.630247+00:00,2026-07-03T23:00:48.630215,1,1,125.25,0.5,125.0,100,,,,,,,,,,,,,,,,,,,125.5,100,,,,,,,,,,,,,,,,,,
2026-07-03T23:00:48.683155+00:00,2026-07-03T23:00:48.682903,1,1,125.25,0.5,125.0,250,,,,,,,,,,,,,,,,,,,125.5,100,,,,,,,,,,,,,,,,,,
2026-07-03T23:00:48.737158+00:00,2026-07-03T23:00:48.737060,1,1,125.25,0.5,125.0,250,,,,,,,,,,,,,,,,,,,125.5,250,,,,,,,,,,,,,,,,,,
2026-07-03T23:00:48.779792+00:00,2026-07-03T23:00:48.779627,1,1,125.25,0.5,125.0,250,,,,,,,,,,,,,,,,,,,125.5,200,,,,,,,,,,,,,,,,,,
2026-07-03T23:00:50.056670+00:00,2026-07-03T23:00:50.056838,1,1,125.25,0.5,125.0,150,,,,,,,,,,,,,,,,,,,125.5,150,,,,,,,,,,,,,,,,,,
2026-07-03T23:00:50.113892+00:00,2026-07-03T23:00:50.114038,1,1,125.25,0.5,125.0,250,,,,,,,,,,,,,,,,,,,125.5,150,,,,,,,,,,,,,,,,,,
2026-07-03T23:00:50.167758+00:00,2026-07-03T23:00:50.167682,1,1,125.25,0.5,125.0,250,,,,,,,,,,,,,,,,,,,125.5,250,,,,,,,,,,,,,,,,,,
2026-07-03T23:00:50.937856+00:00,2026-07-03T23:00:50.937991,1,1,125.25,0.5,125.0,200,,,,,,,,,,,,,,,,,,,125.5,250,,,,,,,,,,,,,,,,,,
2026-07-03T23:00:51.794581+00:00,2026-07-03T23:00:51.794425,1,1,125.25,0.5,125.0,100,,,,,,,,,,,,,,,,,,,125.5,100,,,,,,,,,,,,,,,,,,
2026-07-03T23:00:51.851769+00:00,2026-07-03T23:00:51.851912,2,1,125.25,0.5,125.0,100,124.7,150,,,,,,,,,,,,,,,,,125.5,100,,,,,,,,,,,,,,,,,,
2026-07-03T23:00:51.906521+00:00,2026-07-03T23:00:51.906474,2,2,125.1,0.2,125.0,100,124.7,150,,,,,,,,,,,,,,,,,125.2,150,125.5,100,,,,,,,,,,,,,,,,
2026-07-03T23:00:53.064222+00:00,2026-07-03T23:00:53.064050,2,2,125.1,0.2,125.0,9,124.7,150,,,,,,,,,,,,,,,,,125.2,150,125.5,100,,,,,,,,,,,,,,,,
2026-07-03T23:00:53.219302+00:00,2026-07-03T23:00:53.219281,1,1,124.95,0.5,124.7,150,,,,,,,,,,,,,,,,,,,125.2,150,,,,,,,,,,,,,,,,,,
2026-07-03T23:00:53.271672+00:00,2026-07-03T23:00:53.271628,2,1,124.95,0.5,124.7,150,124.6,100,,,,,,,,,,,,,,,,,125.2,150,,,,,,,,,,,,,,,,,,
2026-07-03T23:00:53.327069+00:00,2026-07-03T23:00:53.326921,2,2,124.9,0.4,124.7,150,124.6,100,,,,,,,,,,,,,,,,,125.1,100,125.2,150,,,,,,,,,,,,,,,,
2026-07-03T23:00:54.964145+00:00,2026-07-03T23:00:54.964038,2,1,124.9,0.4,124.7,150,124.6,100,,,,,,,,,,,,,,,,,125.1,100,,,,,,,,,,,,,,,,,,
2026-07-03T23:00:54.969280+00:00,2026-07-03T23:00:54.969219,1,1,124.85,0.5,124.6,100,,,,,,,,,,,,,,,,,,,125.1,100,,,,,,,,,,,,,,,,,,
2026-07-03T23:00:55.021784+00:00,2026-07-03T23:00:55.021567,1,1,124.85,0.5,124.6,250,,,,,,,,,,,,,,,,,,,125.1,100,,,,,,,,,,,,,,,,,,
2026-07-03T23:00:55.075100+00:00,2026-07-03T23:00:55.075023,1,1,124.85,0.5,124.6,250,,,,,,,,,,,,,,,,,,,125.1,250,,,,,,,,,,,,,,,,,,
2026-07-03T23:00:56.376842+00:00,2026-07-03T23:00:56.376768,1,1,124.85,0.5,124.6,250,,,,,,,,,,,,,,,,,,,125.1,150,,,,,,,,,,,,,,,,,,
2026-07-03T23:00:56.381856+00:00,2026-07-03T23:00:56.381940,1,1,124.85,0.5,124.6,150,,,,,,,,,,,,,,,,,,,125.1,150,,,,,,,,,,,,,,,,,,
2026-07-03T23:00:56.431099+00:00,2026-07-03T23:00:56.431014,2,1,124.95,0.3,124.8,100,124.6,150,,,,,,,,,,,,,,,,,125.1,150,,,,,,,,,,,,,,,,,,
2026-07-03T23:00:56.484351+00:00,2026-07-03T23:00:56.484249,2,2,124.95,0.3,124.8,100,124.6,150,,,,,,,,,,,,,,,,,125.1,150,125.3,100,,,,,,,,,,,,,,,,
2026-07-03T23:00:57.571354+00:00,2026-07-03T23:00:57.571256,2,2,124.95,0.3,124.8,100,124.6,150,,,,,,,,,,,,,,,,,125.1,104,125.3,100,,,,,,,,,,,,,,,,
2026-07-03T23:00:58.130816+00:00,2026-07-03T23:00:58.130714,1,1,125.05,0.5,124.8,100,,,,,,,,,,,,,,,,,,,125.3,100,,,,,,,,,,,,,,,,,,
2026-07-03T23:00:58.186828+00:00,2026-07-03T23:00:58.186741,2,1,125.1,0.4,124.9,150,124.8,100,,,,,,,,,,,,,,,,,125.3,100,,,,,,,,,,,,,,,,,,
2026-07-03T23:00:58.239791+00:00,2026-07-03T23:00:58.239649,2,2,125.1,0.4,124.9,150,124.8,100,,,,,,,,,,,,,,,,,125.3,100,125.4,150,,,,,,,,,,,,,,,,
2026-07-03T23:00:58.599188+00:00,2026-07-03T23:00:58.599077,2,2,125.1,0.4,124.9,107,124.8,100,,,,,,,,,,,,,,,,,125.3,100,125.4,150,,,,,,,,,,,,,,,,
2026-07-03T23:00:59.130475+00:00,2026-07-03T23:00:59.130369,2,2,125.1,0.4,124.9,107,124.8,100,,,,,,,,,,,,,,,,,125.3,51,125.4,150,,,,,,,,,,,,,,,,
2026-07-03T23:00:59.542883+00:00,2026-07-03T23:00:59.542828,1,1,125.15,0.5,124.9,107,,,,,,,,,,,,,,,,,,,125.4,150,,,,,,,,,,,,,,,,,,
2026-07-03T23:00:59.593412+00:00,2026-07-03T23:00:59.593561,2,1,125.2,0.4,125.0,100,124.9,107,,,,,,,,,,,,,,,,,125.4,150,,,,,,,,,,,,,,,,,,
2026-07-03T23:00:59.648975+00:00,2026-07-03T23:00:59.648864,2,2,125.2,0.4,125.0,100,124.9,107,,,,,,,,,,,,,,,,,125.4,150,125.5,100,,,,,,,,,,,,,,,,
2026-07-03T23:00:59.679755+00:00,2026-07-03T23:00:59.679662,2,2,125.2,0.4,125.0,100,124.9,107,,,,,,,,,,,,,,,,,125.4,109,125.5,100,,,,,,,,,,,,,,,,
2026-07-03T23:01:01.294751+00:00,2026-07-03T23:01:01.294690,1,1,125.25,0.5,125.0,100,,,,,,,,,,,,,,,,,,,125.5,100,,,,,,,,,,,,,,,,,,
2026-07-03T23:01:01.348309+00:00,2026-07-03T23:01:01.348146,2,1,125.3,0.4,125.1,150,125.0,100,,,,,,,,,,,,,,,,,125.5,100,,,,,,,,,,,,,,,,,,
2026-07-03T23:01:01.401336+00:00,2026-07-03T23:01:01.401251,2,2,125.3,0.4,125.1,150,125.0,100,,,,,,,,,,,,,,,,,125.5,100,125.6,150,,,,,,,,,,,,,,,,
2026-07-03T23:01:02.333065+00:00,2026-07-03T23:01:02.333025,2,2,125.3,0.4,125.1,109,125.0,100,,,,,,,,,,,,,,,,,125.5,100,125.6,150,,,,,,,,,,,,,,,,
2026-07-03T23:01:02.700835+00:00,2026-07-03T23:01:02.700734,2,1,125.35,0.5,125.1,109,125.0,100,,,,,,,,,,,,,,,,,125.6,150,,,,,,,,,,,,,,,,,,
2026-07-03T23:01:02.706032+00:00,2026-07-03T23:01:02.705962,1,1,125.35,0.5,125.1,109,,,,,,,,,,,,,,,,,,,125.6,150,,,,,,,,,,,,,,,,,,
2026-07-03T23:01:02.756202+00:00,2026-07-03T23:01:02.756421,1,1,125.35,0.5,125.1,209,,,,,,,,,,,,,,,,,,,125.6,150,,,,,,,,,,,,,,,,,,
2026-07-03T23:01:02.809785+00:00,2026-07-03T23:01:02.809687,1,1,125.35,0.5,125.1,209,,,,,,,,,,,,,,,,,,,125.6,250,,,,,,,,,,,,,,,,,,
2026-07-03T23:01:03.545278+00:00,2026-07-03T23:01:03.545139,1,1,125.35,0.5,125.1,209,,,,,,,,,,,,,,,,,,,125.6,200,,,,,,,,,,,,,,,,,,
2026-07-03T23:01:04.463880+00:00,2026-07-03T23:01:04.463798,1,1,125.35,0.5,125.1,100,,,,,,,,,,,,,,,,,,,125.6,100,,,,,,,,,,,,,,,,,,
2026-07-03T23:01:04.508819+00:00,2026-07-03T23:01:04.509007,2,1,125.35,0.5,125.1,100,125.0,150,,,,,,,,,,,,,,,,,125.6,100,,,,,,,,,,,,,,,,,,
2026-07-03T23:01:04.564145+00:00,2026-07-03T23:01:04.564063,2,2,125.3,0.4,125.1,100,125.0,150,,,,,,,,,,,,,,,,,125.5,150,125.6,100,,,,,,,,,,,,,,,,
2026-07-03T23:01:05.705694+00:00,2026-07-03T23:01:05.705516,2,2,125.3,0.4,125.1,50,125.0,150,,,,,,,,,,,,,,,,,125.5,150,125.6,100,,,,,,,,,,,,,,,,
2026-07-03T23:01:05.867172+00:00,2026-07-03T23:01:05.867089,1,1,125.25,0.5,125.0,150,,,,,,,,,,,,,,,,,,,125.5,150,,,,,,,,,,,,,,,,,,
2026-07-03T23:01:05.922318+00:00,2026-07-03T23:01:05.922152,2,1,125.25,0.5,125.0,150,124.7,100,,,,,,,,,,,,,,,,,125.5,150,,,,,,,,,,,,,,,,,,
2026-07-03T23:01:05.975324+00:00,2026-07-03T23:01:05.975250,2,2,125.1,0.2,125.0,150,124.7,100,,,,,,,,,,,,,,,,,125.2,100,125.5,150,,,,,,,,,,,,,,,,
2026-07-03T23:01:06.448640+00:00,2026-07-03T23:01:06.448784,2,2,125.1,0.2,125.0,150,124.7,100,,,,,,,,,,,,,,,,,125.2,54,125.5,150,,,,,,,,,,,,,,,,
2026-07-03T23:01:06.985506+00:00,2026-07-03T23:01:06.985314,2,2,125.1,0.2,125.0,107,124.7,100,,,,,,,,,,,,,,,,,125.2,54,125.5,150,,,,,,,,,,,,,,,,
2026-07-03T23:01:07.619866+00:00,2026-07-03T23:01:07.619670,1,1,124.95,0.5,124.7,100,,,,,,,,,,,,,,,,,,,125.2,54,,,,,,,,,,,,,,,,,,
2026-07-03T23:01:07.672045+00:00,2026-07-03T23:01:07.671921,2,1,125.0,0.4,124.8,150,124.7,100,,,,,,,,,,,,,,,,,125.2,54,,,,,,,,,,,,,,,,,,
2026-07-03T23:01:07.724900+00:00,2026-07-03T23:01:07.724861,2,2,125.0,0.4,124.8,150,124.7,100,,,,,,,,,,,,,,,,,125.2,54,125.3,150,,,,,,,,,,,,,,,,
2026-07-03T23:01:07.811966+00:00,2026-07-03T23:01:07.811848,2,2,125.0,0.4,124.8,100,124.7,100,,,,,,,,,,,,,,,,,125.2,54,125.3,150,,,,,,,,,,,,,,,,
2026-07-03T23:01:09.030049+00:00,2026-07-03T23:01:09.029935,1,1,125.05,0.5,124.8,100,,,,,,,,,,,,,,,,,,,125.3,150,,,,,,,,,,,,,,,,,,
2026-07-03T23:01:09.085239+00:00,2026-07-03T23:01:09.085142,2,1,125.05,0.5,124.8,100,124.7,100,,,,,,,,,,,,,,,,,125.3,150,,,,,,,,,,,,,,,,,,
2026-07-03T23:01:09.137131+00:00,2026-07-03T23:01:09.137009,2,2,125.0,0.4,124.8,100,124.7,100,,,,,,,,,,,,,,,,,125.2,100,125.3,150,,,,,,,,,,,,,,,,
2026-07-03T23:01:09.883218+00:00,2026-07-03T23:01:09.883099,2,2,125.0,0.4,124.8,100,124.7,100,,,,,,,,,,,,,,,,,125.2,56,125.3,150,,,,,,,,,,,,,,,,
2026-07-03T23:01:09.920565+00:00,2026-07-03T23:01:09.920712,2,2,125.0,0.4,124.8,50,124.7,100,,,,,,,,,,,,,,,,,125.2,56,125.3,150,,,,,,,,,,,,,,,,
2026-07-03T23:01:09.952420+00:00,2026-07-03T23:01:09.952248,2,2,125.0,0.4,124.8,3,124.7,100,,,,,,,,,,,,,,,,,125.2,56,125.3,150,,,,,,,,,,,,,,,,
2026-07-03T23:01:10.778716+00:00,2026-07-03T23:01:10.778643,1,1,124.95,0.5,124.7,100,,,,,,,,,,,,,,,,,,,125.2,56,,,,,,,,,,,,,,,,,,
2026-07-03T23:01:10.834514+00:00,2026-07-03T23:01:10.834432,2,1,124.95,0.5,124.7,100,124.1,150,,,,,,,,,,,,,,,,,125.2,56,,,,,,,,,,,,,,,,,,
2026-07-03T23:01:10.896610+00:00,2026-07-03T23:01:10.891375,1,2,124.35,0.5,124.1,150,,,,,,,,,,,,,,,,,,,124.6,4,125.2,56,,,,,,,,,,,,,,,,
2026-07-03T23:01:11.187231+00:00,2026-07-03T23:01:11.187177,1,1,124.65,1.1,124.1,150,,,,,,,,,,,,,,,,,,,125.2,17,,,,,,,,,,,,,,,,,,
2026-07-03T23:01:12.190958+00:00,2026-07-03T23:01:12.190909,1,0,,,124.1,150,,,,,,,,,,,,,,,,,,,,,,,,,,,,,,,,,,,,,,
2026-07-03T23:01:12.243621+00:00,2026-07-03T23:01:12.243482,2,0,,,124.8,100,124.1,150,,,,,,,,,,,,,,,,,,,,,,,,,,,,,,,,,,,,
2026-07-03T23:01:12.297910+00:00,2026-07-03T23:01:12.297842,2,1,125.05,0.5,124.8,100,124.1,150,,,,,,,,,,,,,,,,,125.3,100,,,,,,,,,,,,,,,,,,
2026-07-03T23:01:13.941798+00:00,2026-07-03T23:01:13.941585,1,1,125.05,0.5,124.8,100,,,,,,,,,,,,,,,,,,,125.3,100,,,,,,,,,,,,,,,,,,
2026-07-03T23:01:13.996390+00:00,2026-07-03T23:01:13.996284,1,1,125.05,0.5,124.8,250,,,,,,,,,,,,,,,,,,,125.3,100,,,,,,,,,,,,,,,,,,
2026-07-03T23:01:14.049171+00:00,2026-07-03T23:01:14.049050,1,1,125.05,0.5,124.8,250,,,,,,,,,,,,,,,,,,,125.3,250,,,,,,,,,,,,,,,,,,
2026-07-03T23:01:14.558617+00:00,2026-07-03T23:01:14.557798,1,1,125.05,0.5,124.8,203,,,,,,,,,,,,,,,,,,,125.3,250,,,,,,,,,,,,,,,,,,
2026-07-03T23:01:15.136345+00:00,2026-07-03T23:01:15.136220,1,1,125.05,0.5,124.8,155,,,,,,,,,,,,,,,,,,,125.3,250,,,,,,,,,,,,,,,,,,
2026-07-03T23:01:15.351846+00:00,2026-07-03T23:01:15.351973,1,1,125.05,0.5,124.8,150,,,,,,,,,,,,,,,,,,,125.3,150,,,,,,,,,,,,,,,,,,
2026-07-03T23:01:15.406241+00:00,2026-07-03T23:01:15.406133,2,1,125.05,0.5,124.8,150,124.7,100,,,,,,,,,,,,,,,,,125.3,150,,,,,,,,,,,,,,,,,,
2026-07-03T23:01:15.463853+00:00,2026-07-03T23:01:15.463783,2,2,125.0,0.4,124.8,150,124.7,100,,,,,,,,,,,,,,,,,125.2,100,125.3,150,,,,,,,,,,,,,,,,
2026-07-03T23:01:16.186467+00:00,2026-07-03T23:01:16.186601,2,2,125.0,0.4,124.8,150,124.7,100,,,,,,,,,,,,,,,,,125.2,50,125.3,150,,,,,,,,,,,,,,,,
2026-07-03T23:01:16.685000+00:00,2026-07-03T23:01:16.684931,2,2,125.0,0.4,124.8,150,124.7,100,,,,,,,,,,,,,,,,,125.2,3,125.3,150,,,,,,,,,,,,,,,,
2026-07-03T23:01:17.103300+00:00,2026-07-03T23:01:17.103442,1,1,124.95,0.5,124.7,100,,,,,,,,,,,,,,,,,,,125.2,3,,,,,,,,,,,,,,,,,,
2026-07-03T23:01:17.158637+00:00,2026-07-03T23:01:17.149818,2,1,125.05,0.3,124.9,150,124.7,100,,,,,,,,,,,,,,,,,125.2,3,,,,,,,,,,,,,,,,,,
2026-07-03T23:01:17.219023+00:00,2026-07-03T23:01:17.218918,2,2,125.05,0.3,124.9,150,124.7,100,,,,,,,,,,,,,,,,,125.2,3,125.4,150,,,,,,,,,,,,,,,,
2026-07-03T23:01:17.874451+00:00,2026-07-03T23:01:17.869580,2,1,125.15,0.5,124.9,138,124.7,100,,,,,,,,,,,,,,,,,125.4,106,,,,,,,,,,,,,,,,,,
2026-07-03T23:01:18.292389+00:00,2026-07-03T23:01:18.292358,2,1,125.15,0.5,124.9,138,124.7,100,,,,,,,,,,,,,,,,,125.4,56,,,,,,,,,,,,,,,,,,
2026-07-03T23:01:18.514021+00:00,2026-07-03T23:01:18.513957,1,1,125.15,0.5,124.9,138,,,,,,,,,,,,,,,,,,,125.4,56,,,,,,,,,,,,,,,,,,
2026-07-03T23:01:18.566262+00:00,2026-07-03T23:01:18.566232,1,1,125.15,0.5,124.9,238,,,,,,,,,,,,,,,,,,,125.4,56,,,,,,,,,,,,,,,,,,
2026-07-03T23:01:18.619183+00:00,2026-07-03T23:01:18.619062,1,1,125.15,0.5,124.9,238,,,,,,,,,,,,,,,,,,,125.4,156,,,,,,,,,,,,,,,,,,
2026-07-03T23:01:18.947436+00:00,2026-07-03T23:01:18.947654,1,1,125.15,0.5,124.9,193,,,,,,,,,,,,,,,,,,,125.4,156,,,,,,,,,,,,,,,,,,
2026-07-03T23:01:19.665407+00:00,2026-07-03T23:01:19.657030,1,1,125.15,0.5,124.9,182,,,,,,,,,,,,,,,,,,,125.4,156,,,,,,,,,,,,,,,,,,
2026-07-03T23:01:19.867246+00:00,2026-07-03T23:01:19.862089,1,1,125.15,0.5,124.9,159,,,,,,,,,,,,,,,,,,,125.4,156,,,,,,,,,,,,,,,,,,
2026-07-03T23:01:20.275101+00:00,2026-07-03T23:01:20.275011,1,1,125.15,0.5,124.9,100,,,,,,,,,,,,,,,,,,,125.4,100,,,,,,,,,,,,,,,,,,
2026-07-03T23:01:20.327008+00:00,2026-07-03T23:01:20.326828,2,1,125.15,0.5,124.9,100,124.4,150,,,,,,,,,,,,,,,,,125.4,100,,,,,,,,,,,,,,,,,,
2026-07-03T23:01:20.380539+00:00,2026-07-03T23:01:20.380470,1,2,124.65,0.5,124.4,150,,,,,,,,,,,,,,,,,,,124.9,50,125.4,100,,,,,,,,,,,,,,,,
2026-07-03T23:01:21.674869+00:00,2026-07-03T23:01:21.674725,1,1,124.65,0.5,124.4,150,,,,,,,,,,,,,,,,,,,124.9,50,,,,,,,,,,,,,,,,,,
2026-07-03T23:01:21.724903+00:00,2026-07-03T23:01:21.724755,2,1,124.65,0.5,124.4,150,124.3,100,,,,,,,,,,,,,,,,,124.9,50,,,,,,,,,,,,,,,,,,
2026-07-03T23:01:21.781650+00:00,2026-07-03T23:01:21.781554,2,2,124.6,0.4,124.4,150,124.3,100,,,,,,,,,,,,,,,,,124.8,100,124.9,50,,,,,,,,,,,,,,,,
2026-07-03T23:01:22.113983+00:00,2026-07-03T23:01:22.113864,2,2,124.6,0.4,124.4,150,124.3,100,,,,,,,,,,,,,,,,,124.8,57,124.9,50,,,,,,,,,,,,,,,,
2026-07-03T23:01:23.444198+00:00,2026-07-03T23:01:23.444077,2,1,124.6,0.4,124.4,150,124.3,100,,,,,,,,,,,,,,,,,124.8,57,,,,,,,,,,,,,,,,,,
2026-07-03T23:01:23.458746+00:00,2026-07-03T23:01:23.458622,1,1,124.55,0.5,124.3,100,,,,,,,,,,,,,,,,,,,124.8,57,,,,,,,,,,,,,,,,,,
2026-07-03T23:01:23.504902+00:00,2026-07-03T23:01:23.504838,2,0,,,124.8,93,124.3,100,,,,,,,,,,,,,,,,,,,,,,,,,,,,,,,,,,,,
2026-07-03T23:01:23.558604+00:00,2026-07-03T23:01:23.558421,2,1,125.05,0.5,124.8,93,124.3,100,,,,,,,,,,,,,,,,,125.3,150,,,,,,,,,,,,,,,,,,
2026-07-03T23:01:24.606289+00:00,2026-07-03T23:01:24.606206,2,1,125.05,0.5,124.8,93,124.3,100,,,,,,,,,,,,,,,,,125.3,100,,,,,,,,,,,,,,,,,,
2026-07-03T23:01:24.833405+00:00,2026-07-03T23:01:24.833327,1,1,125.05,0.5,124.8,93,,,,,,,,,,,,,,,,,,,125.3,100,,,,,,,,,,,,,,,,,,
2026-07-03T23:01:24.886787+00:00,2026-07-03T23:01:24.886691,2,1,125.05,0.5,124.8,93,124.6,100,,,,,,,,,,,,,,,,,125.3,100,,,,,,,,,,,,,,,,,,
2026-07-03T23:01:24.945879+00:00,2026-07-03T23:01:24.945781,2,2,124.95,0.3,124.8,93,124.6,100,,,,,,,,,,,,,,,,,125.1,100,125.3,100,,,,,,,,,,,,,,,,
2026-07-03T23:01:26.607639+00:00,2026-07-03T23:01:26.607609,2,1,124.95,0.3,124.8,93,124.6,100,,,,,,,,,,,,,,,,,125.1,100,,,,,,,,,,,,,,,,,,
2026-07-03T23:01:26.612871+00:00,2026-07-03T23:01:26.612766,1,1,124.85,0.5,124.6,100,,,,,,,,,,,,,,,,,,,125.1,100,,,,,,,,,,,,,,,,,,
2026-07-03T23:01:26.657334+00:00,2026-07-03T23:01:26.657553,2,1,124.9,0.4,124.7,150,124.6,100,,,,,,,,,,,,,,,,,125.1,100,,,,,,,,,,,,,,,,,,
2026-07-03T23:01:26.710550+00:00,2026-07-03T23:01:26.710482,2,1,124.9,0.4,124.7,150,124.6,100,,,,,,,,,,,,,,,,,125.1,50,,,,,,,,,,,,,,,,,,
2026-07-03T23:01:26.715799+00:00,2026-07-03T23:01:26.715661,2,2,124.9,0.4,124.7,150,124.6,100,,,,,,,,,,,,,,,,,125.1,50,125.2,150,,,,,,,,,,,,,,,,
2026-07-03T23:01:27.613107+00:00,2026-07-03T23:01:27.612962,2,2,124.9,0.4,124.7,103,124.6,100,,,,,,,,,,,,,,,,,125.1,50,125.2,150,,,,,,,,,,,,,,,,
2026-07-03T23:01:28.000121+00:00,2026-07-03T23:01:28.000077,1,1,124.95,0.5,124.7,103,,,,,,,,,,,,,,,,,,,125.2,150,,,,,,,,,,,,,,,,,,
2026-07-03T23:01:28.054483+00:00,2026-07-03T23:01:28.054610,2,1,124.95,0.5,124.7,103,124.6,100,,,,,,,,,,,,,,,,,125.2,150,,,,,,,,,,,,,,,,,,
2026-07-03T23:01:28.123995+00:00,2026-07-03T23:01:28.123836,2,2,124.9,0.4,124.7,103,124.6,100,,,,,,,,,,,,,,,,,125.1,100,125.2,150,,,,,,,,,,,,,,,,
2026-07-03T23:01:29.142723+00:00,2026-07-03T23:01:29.142681,2,2,124.9,0.4,124.7,103,124.6,100,,,,,,,,,,,,,,,,,125.1,55,125.2,150,,,,,,,,,,,,,,,,
2026-07-03T23:01:29.772790+00:00,2026-07-03T23:01:29.772734,1,1,124.85,0.5,124.6,100,,,,,,,,,,,,,,,,,,,125.1,55,,,,,,,,,,,,,,,,,,
2026-07-03T23:01:29.828053+00:00,2026-07-03T23:01:29.827910,1,1,124.85,0.5,124.6,250,,,,,,,,,,,,,,,,,,,125.1,55,,,,,,,,,,,,,,,,,,
2026-07-03T23:01:29.880883+00:00,2026-07-03T23:01:29.880792,1,1,124.85,0.5,124.6,250,,,,,,,,,,,,,,,,,,,125.1,205,,,,,,,,,,,,,,,,,,
2026-07-03T23:01:30.822450+00:00,2026-07-03T23:01:30.822305,1,1,124.85,0.5,124.6,210,,,,,,,,,,,,,,,,,,,125.1,205,,,,,,,,,,,,,,,,,,
2026-07-03T23:01:31.176980+00:00,2026-07-03T23:01:31.177094,1,1,124.85,0.5,124.6,150,,,,,,,,,,,,,,,,,,,125.1,150,,,,,,,,,,,,,,,,,,
2026-07-03T23:01:31.228590+00:00,2026-07-03T23:01:31.228562,2,1,124.9,0.4,124.7,100,124.6,150,,,,,,,,,,,,,,,,,125.1,150,,,,,,,,,,,,,,,,,,
2026-07-03T23:01:31.280159+00:00,2026-07-03T23:01:31.280099,2,2,124.9,0.4,124.7,100,124.6,150,,,,,,,,,,,,,,,,,125.1,150,125.2,100,,,,,,,,,,,,,,,,
2026-07-03T23:01:31.458671+00:00,2026-07-03T23:01:31.453155,2,2,124.9,0.4,124.7,53,124.6,150,,,,,,,,,,,,,,,,,125.1,150,125.2,100,,,,,,,,,,,,,,,,
2026-07-03T23:01:32.934632+00:00,2026-07-03T23:01:32.934542,1,1,124.95,0.5,124.7,53,,,,,,,,,,,,,,,,,,,125.2,100,,,,,,,,,,,,,,,,,,
2026-07-03T23:01:32.993814+00:00,2026-07-03T23:01:32.993768,2,1,125.0,0.4,124.8,150,124.7,53,,,,,,,,,,,,,,,,,125.2,100,,,,,,,,,,,,,,,,,,
2026-07-03T23:01:33.038802+00:00,2026-07-03T23:01:33.038684,2,2,125.0,0.4,124.8,150,124.7,53,,,,,,,,,,,,,,,,,125.2,100,125.3,150,,,,,,,,,,,,,,,,
2026-07-03T23:01:34.364023+00:00,2026-07-03T23:01:34.363801,1,1,125.05,0.5,124.8,150,,,,,,,,,,,,,,,,,,,125.3,150,,,,,,,,,,,,,,,,,,
2026-07-03T23:01:34.406741+00:00,2026-07-03T23:01:34.406892,1,1,125.05,0.5,124.8,250,,,,,,,,,,,,,,,,,,,125.3,150,,,,,,,,,,,,,,,,,,
2026-07-03T23:01:34.458679+00:00,2026-07-03T23:01:34.457329,1,1,125.05,0.5,124.8,250,,,,,,,,,,,,,,,,,,,125.3,250,,,,,,,,,,,,,,,,,,
2026-07-03T23:01:34.803570+00:00,2026-07-03T23:01:34.803510,1,1,125.05,0.5,124.8,250,,,,,,,,,,,,,,,,,,,125.3,208,,,,,,,,,,,,,,,,,,
2026-07-03T23:01:35.139624+00:00,2026-07-03T23:01:35.139475,1,1,125.05,0.5,124.8,250,,,,,,,,,,,,,,,,,,,125.3,158,,,,,,,,,,,,,,,,,,
2026-07-03T23:01:36.091709+00:00,2026-07-03T23:01:36.091610,1,1,125.05,0.5,124.8,250,,,,,,,,,,,,,,,,,,,125.3,100,,,,,,,,,,,,,,,,,,
2026-07-03T23:01:36.096845+00:00,2026-07-03T23:01:36.096774,1,1,125.05,0.5,124.8,100,,,,,,,,,,,,,,,,,,,125.3,100,,,,,,,,,,,,,,,,,,
2026-07-03T23:01:36.159835+00:00,2026-07-03T23:01:36.153784,2,1,125.2,0.2,125.1,139,124.8,100,,,,,,,,,,,,,,,,,125.3,100,,,,,,,,,,,,,,,,,,
2026-07-03T23:01:36.201955+00:00,2026-07-03T23:01:36.202056,2,2,125.2,0.2,125.1,139,124.8,100,,,,,,,,,,,,,,,,,125.3,100,125.6,150,,,,,,,,,,,,,,,,
2026-07-03T23:01:36.291019+00:00,2026-07-03T23:01:36.290980,2,2,125.2,0.2,125.1,99,124.8,100,,,,,,,,,,,,,,,,,125.3,100,125.6,150,,,,,,,,,,,,,,,,
2026-07-03T23:01:37.249398+00:00,2026-07-03T23:01:37.249313,2,2,125.2,0.2,125.1,99,124.8,100,,,,,,,,,,,,,,,,,125.3,50,125.6,150,,,,,,,,,,,,,,,,
2026-07-03T23:01:37.516261+00:00,2026-07-03T23:01:37.516161,1,1,125.35,0.5,125.1,99,,,,,,,,,,,,,,,,,,,125.6,150,,,,,,,,,,,,,,,,,,
2026-07-03T23:01:37.569007+00:00,2026-07-03T23:01:37.568976,2,1,125.35,0.5,125.1,99,124.8,100,,,,,,,,,,,,,,,,,125.6,150,,,,,,,,,,,,,,,,,,
2026-07-03T23:01:37.622629+00:00,2026-07-03T23:01:37.622557,2,2,125.2,0.2,125.1,99,124.8,100,,,,,,,,,,,,,,,,,125.3,100,125.6,150,,,,,,,,,,,,,,,,
2026-07-03T23:01:39.250658+00:00,2026-07-03T23:01:39.250598,2,1,125.2,0.2,125.1,99,124.8,100,,,,,,,,,,,,,,,,,125.3,100,,,,,,,,,,,,,,,,,,
2026-07-03T23:01:39.255862+00:00,2026-07-03T23:01:39.255770,1,1,125.05,0.5,124.8,100,,,,,,,,,,,,,,,,,,,125.3,100,,,,,,,,,,,,,,,,,,
2026-07-03T23:01:39.303886+00:00,2026-07-03T23:01:39.304005,2,1,125.1,0.4,124.9,150,124.8,100,,,,,,,,,,,,,,,,,125.3,100,,,,,,,,,,,,,,,,,,
2026-07-03T23:01:39.358679+00:00,2026-07-03T23:01:39.356735,2,2,125.1,0.4,124.9,150,124.8,100,,,,,,,,,,,,,,,,,125.3,50,125.4,150,,,,,,,,,,,,,,,,
2026-07-03T23:01:40.676024+00:00,2026-07-03T23:01:40.675970,1,1,125.15,0.5,124.9,150,,,,,,,,,,,,,,,,,,,125.4,150,,,,,,,,,,,,,,,,,,
2026-07-03T23:01:40.726062+00:00,2026-07-03T23:01:40.726144,2,1,125.2,0.4,125.0,100,124.9,150,,,,,,,,,,,,,,,,,125.4,150,,,,,,,,,,,,,,,,,,
2026-07-03T23:01:40.779724+00:00,2026-07-03T23:01:40.779638,2,2,125.2,0.4,125.0,100,124.9,150,,,,,,,,,,,,,,,,,125.4,150,125.5,100,,,,,,,,,,,,,,,,
2026-07-03T23:01:41.404833+00:00,2026-07-03T23:01:41.404990,2,2,125.2,0.4,125.0,100,124.9,150,,,,,,,,,,,,,,,,,125.4,108,125.5,100,,,,,,,,,,,,,,,,
2026-07-03T23:01:41.463953+00:00,2026-07-03T23:01:41.463867,2,2,125.2,0.4,125.0,100,124.9,150,,,,,,,,,,,,,,,,,125.4,58,125.5,100,,,,,,,,,,,,,,,,
2026-07-03T23:01:42.413782+00:00,2026-07-03T23:01:42.413672,1,1,125.25,0.5,125.0,100,,,,,,,,,,,,,,,,,,,125.5,100,,,,,,,,,,,,,,,,,,
2026-07-03T23:01:42.469764+00:00,2026-07-03T23:01:42.464945,2,1,125.45,0.1,125.4,127,125.0,100,,,,,,,,,,,,,,,,,125.5,100,,,,,,,,,,,,,,,,,,
2026-07-03T23:01:42.518783+00:00,2026-07-03T23:01:42.518718,2,2,125.45,0.1,125.4,127,125.0,100,,,,,,,,,,,,,,,,,125.5,100,125.9,150,,,,,,,,,,,,,,,,
2026-07-03T23:01:43.573573+00:00,2026-07-03T23:01:43.573551,2,2,125.45,0.1,125.4,127,125.0,100,,,,,,,,,,,,,,,,,125.5,50,125.9,150,,,,,,,,,,,,,,,,
2026-07-03T23:01:43.836011+00:00,2026-07-03T23:01:43.835937,1,1,125.65,0.5,125.4,127,,,,,,,,,,,,,,,,,,,125.9,150,,,,,,,,,,,,,,,,,,
2026-07-03T23:01:43.891735+00:00,2026-07-03T23:01:43.891615,2,1,125.65,0.5,125.4,127,125.2,100,,,,,,,,,,,,,,,,,125.9,150,,,,,,,,,,,,,,,,,,
2026-07-03T23:01:43.940122+00:00,2026-07-03T23:01:43.940040,2,2,125.55,0.3,125.4,127,125.2,100,,,,,,,,,,,,,,,,,125.7,100,125.9,150,,,,,,,,,,,,,,,,
2026-07-03T23:01:44.556676+00:00,2026-07-03T23:01:44.550279,2,2,125.55,0.3,125.4,124,125.2,100,,,,,,,,,,,,,,,,,125.7,100,125.9,150,,,,,,,,,,,,,,,,
2026-07-03T23:01:45.569841+00:00,2026-07-03T23:01:45.569798,2,1,125.55,0.3,125.4,124,125.2,100,,,,,,,,,,,,,,,,,125.7,100,,,,,,,,,,,,,,,,,,
2026-07-03T23:01:45.575147+00:00,2026-07-03T23:01:45.574978,1,1,125.45,0.5,125.2,100,,,,,,,,,,,,,,,,,,,125.7,100,,,,,,,,,,,,,,,,,,
2026-07-03T23:01:45.623817+00:00,2026-07-03T23:01:45.623743,2,1,125.55,0.3,125.4,150,125.2,100,,,,,,,,,,,,,,,,,125.7,100,,,,,,,,,,,,,,,,,,
2026-07-03T23:01:45.687654+00:00,2026-07-03T23:01:45.687525,2,2,125.55,0.3,125.4,105,125.2,100,,,,,,,,,,,,,,,,,125.7,100,125.9,150,,,,,,,,,,,,,,,,
2026-07-03T23:01:47.000312+00:00,2026-07-03T23:01:47.000199,1,1,125.65,0.5,125.4,105,,,,,,,,,,,,,,,,,,,125.9,150,,,,,,,,,,,,,,,,,,
2026-07-03T23:01:47.058579+00:00,2026-07-03T23:01:47.053592,2,1,125.65,0.5,125.4,105,125.1,100,,,,,,,,,,,,,,,,,125.9,150,,,,,,,,,,,,,,,,,,
2026-07-03T23:01:47.105863+00:00,2026-07-03T23:01:47.105803,2,2,125.5,0.2,125.4,105,125.1,100,,,,,,,,,,,,,,,,,125.6,100,125.9,150,,,,,,,,,,,,,,,,
2026-07-03T23:01:47.844118+00:00,2026-07-03T23:01:47.844006,2,2,125.5,0.2,125.4,55,125.1,100,,,,,,,,,,,,,,,,,125.6,100,125.9,150,,,,,,,,,,,,,,,,
2026-07-03T23:01:48.741371+00:00,2026-07-03T23:01:48.741162,1,1,125.35,0.5,125.1,100,,,,,,,,,,,,,,,,,,,125.6,100,,,,,,,,,,,,,,,,,,
2026-07-03T23:01:48.797827+00:00,2026-07-03T23:01:48.797736,2,1,125.35,0.5,125.1,100,124.9,150,,,,,,,,,,,,,,,,,125.6,100,,,,,,,,,,,,,,,,,,
2026-07-03T23:01:48.858628+00:00,2026-07-03T23:01:48.856978,2,2,125.25,0.3,125.1,100,124.9,150,,,,,,,,,,,,,,,,,125.4,150,125.6,100,,,,,,,,,,,,,,,,
2026-07-03T23:01:50.158585+00:00,2026-07-03T23:01:50.156077,1,1,125.15,0.5,124.9,150,,,,,,,,,,,,,,,,,,,125.4,150,,,,,,,,,,,,,,,,,,
2026-07-03T23:01:50.220213+00:00,2026-07-03T23:01:50.220122,2,1,125.25,0.3,125.1,100,124.9,150,,,,,,,,,,,,,,,,,125.4,150,,,,,,,,,,,,,,,,,,
2026-07-03T23:01:50.271093+00:00,2026-07-03T23:01:50.271035,2,2,125.25,0.3,125.1,100,124.9,150,,,,,,,,,,,,,,,,,125.4,150,125.6,100,,,,,,,,,,,,,,,,
2026-07-03T23:01:50.351403+00:00,2026-07-03T23:01:50.351308,2,2,125.25,0.3,125.1,100,124.9,150,,,,,,,,,,,,,,,,,125.4,106,125.6,100,,,,,,,,,,,,,,,,
2026-07-03T23:01:50.406163+00:00,2026-07-03T23:01:50.406028,2,2,125.25,0.3,125.1,56,124.9,150,,,,,,,,,,,,,,,,,125.4,106,125.6,100,,,,,,,,,,,,,,,,
2026-07-03T23:01:51.909145+00:00,2026-07-03T23:01:51.909098,1,1,125.35,0.5,125.1,56,,,,,,,,,,,,,,,,,,,125.6,100,,,,,,,,,,,,,,,,,,
2026-07-03T23:01:51.969203+00:00,2026-07-03T23:01:51.969090,2,1,125.35,0.5,125.1,56,124.8,150,,,,,,,,,,,,,,,,,125.6,100,,,,,,,,,,,,,,,,,,
2026-07-03T23:01:52.000761+00:00,2026-07-03T23:01:52.000903,2,1,125.35,0.5,125.1,56,124.8,150,,,,,,,,,,,,,,,,,125.6,50,,,,,,,,,,,,,,,,,,
2026-07-03T23:01:52.006198+00:00,2026-07-03T23:01:52.006088,2,1,125.35,0.5,125.1,56,124.8,150,,,,,,,,,,,,,,,,,125.6,1,,,,,,,,,,,,,,,,,,
2026-07-03T23:01:52.016325+00:00,2026-07-03T23:01:52.016418,2,2,125.2,0.2,125.1,56,124.8,150,,,,,,,,,,,,,,,,,125.3,150,125.6,1,,,,,,,,,,,,,,,,
2026-07-03T23:01:53.324098+00:00,2026-07-03T23:01:53.324235,1,1,125.05,0.5,124.8,150,,,,,,,,,,,,,,,,,,,125.3,150,,,,,,,,,,,,,,,,,,
2026-07-03T23:01:53.375504+00:00,2026-07-03T23:01:53.375413,2,1,125.25,0.1,125.2,100,124.8,150,,,,,,,,,,,,,,,,,125.3,150,,,,,,,,,,,,,,,,,,
2026-07-03T23:01:53.430059+00:00,2026-07-03T23:01:53.429947,2,2,125.25,0.1,125.2,100,124.8,150,,,,,,,,,,,,,,,,,125.3,150,125.6,100,,,,,,,,,,,,,,,,
2026-07-03T23:01:54.685126+00:00,2026-07-03T23:01:54.685320,2,2,125.25,0.1,125.2,57,124.8,150,,,,,,,,,,,,,,,,,125.3,150,125.6,100,,,,,,,,,,,,,,,,
2026-07-03T23:01:55.074598+00:00,2026-07-03T23:01:55.074514,1,1,125.4,0.4,125.2,57,,,,,,,,,,,,,,,,,,,125.6,100,,,,,,,,,,,,,,,,,,
2026-07-03T23:01:55.128922+00:00,2026-07-03T23:01:55.128990,2,1,125.4,0.4,125.2,57,125.0,150,,,,,,,,,,,,,,,,,125.6,100,,,,,,,,,,,,,,,,,,
2026-07-03T23:01:55.181316+00:00,2026-07-03T23:01:55.181262,2,2,125.35,0.3,125.2,57,125.0,150,,,,,,,,,,,,,,,,,125.5,150,125.6,100,,,,,,,,,,,,,,,,
2026-07-03T23:01:55.698631+00:00,2026-07-03T23:01:55.698772,2,2,125.35,0.3,125.2,17,125.0,150,,,,,,,,,,,,,,,,,125.5,150,125.6,100,,,,,,,,,,,,,,,,
2026-07-03T23:01:56.222375+00:00,2026-07-03T23:01:56.222237,2,2,125.35,0.3,125.2,17,125.0,150,,,,,,,,,,,,,,,,,125.5,100,125.6,100,,,,,,,,,,,,,,,,
2026-07-03T23:01:56.486779+00:00,2026-07-03T23:01:56.486678,1,1,125.25,0.5,125.0,150,,,,,,,,,,,,,,,,,,,125.5,100,,,,,,,,,,,,,,,,,,
2026-07-03T23:01:56.537633+00:00,2026-07-03T23:01:56.537482,1,1,125.25,0.5,125.0,250,,,,,,,,,,,,,,,,,,,125.5,100,,,,,,,,,,,,,,,,,,
2026-07-03T23:01:56.603630+00:00,2026-07-03T23:01:56.603598,1,1,125.25,0.5,125.0,250,,,,,,,,,,,,,,,,,,,125.5,200,,,,,,,,,,,,,,,,,,
2026-07-03T23:01:56.697920+00:00,2026-07-03T23:01:56.697793,1,1,125.25,0.5,125.0,250,,,,,,,,,,,,,,,,,,,125.5,156,,,,,,,,,,,,,,,,,,
2026-07-03T23:01:57.288607+00:00,2026-07-03T23:01:57.288459,1,1,125.25,0.5,125.0,250,,,,,,,,,,,,,,,,,,,125.5,110,,,,,,,,,,,,,,,,,,
2026-07-03T23:01:57.800674+00:00,2026-07-03T23:01:57.800592,1,1,125.25,0.5,125.0,204,,,,,,,,,,,,,,,,,,,125.5,110,,,,,,,,,,,,,,,,,,
2026-07-03T23:01:58.235476+00:00,2026-07-03T23:01:58.235443,1,1,125.25,0.5,125.0,100,,,,,,,,,,,,,,,,,,,125.5,100,,,,,,,,,,,,,,,,,,
2026-07-03T23:01:58.288490+00:00,2026-07-03T23:01:58.288381,2,1,125.35,0.3,125.2,150,125.0,100,,,,,,,,,,,,,,,,,125.5,100,,,,,,,,,,,,,,,,,,
2026-07-03T23:01:58.341468+00:00,2026-07-03T23:01:58.341404,2,2,125.35,0.3,125.2,150,125.0,100,,,,,,,,,,,,,,,,,125.5,100,125.7,150,,,,,,,,,,,,,,,,
2026-07-03T23:01:58.391391+00:00,2026-07-03T23:01:58.391332,2,2,125.35,0.3,125.2,100,125.0,100,,,,,,,,,,,,,,,,,125.5,100,125.7,150,,,,,,,,,,,,,,,,
2026-07-03T23:01:59.649512+00:00,2026-07-03T23:01:59.653962,1,1,125.45,0.5,125.2,100,,,,,,,,,,,,,,,,,,,125.7,150,,,,,,,,,,,,,,,,,,
2026-07-03T23:01:59.716590+00:00,2026-07-03T23:01:59.716524,2,1,125.45,0.5,125.2,100,124.7,100,,,,,,,,,,,,,,,,,125.7,150,,,,,,,,,,,,,,,,,,
2026-07-03T23:01:59.769984+00:00,2026-07-03T23:01:59.770113,1,1,125.2,1.0,124.7,100,,,,,,,,,,,,,,,,,,,125.7,150,,,,,,,,,,,,,,,,,,
2026-07-03T23:02:01.396131+00:00,2026-07-03T23:02:01.396212,1,0,,,124.7,100,,,,,,,,,,,,,,,,,,,,,,,,,,,,,,,,,,,,,,
2026-07-03T23:02:01.458648+00:00,2026-07-03T23:02:01.446561,2,0,,,124.7,100,124.3,150,,,,,,,,,,,,,,,,,,,,,,,,,,,,,,,,,,,,
2026-07-03T23:02:01.509990+00:00,2026-07-03T23:02:01.504585,2,1,124.75,0.1,124.7,100,124.3,150,,,,,,,,,,,,,,,,,124.8,147,,,,,,,,,,,,,,,,,,
2026-07-03T23:02:02.598258+00:00,2026-07-03T23:02:02.598082,2,1,124.75,0.1,124.7,50,124.3,150,,,,,,,,,,,,,,,,,124.8,147,,,,,,,,,,,,,,,,,,
2026-07-03T23:02:02.825215+00:00,2026-07-03T23:02:02.825145,1,1,124.55,0.5,124.3,150,,,,,,,,,,,,,,,,,,,124.8,147,,,,,,,,,,,,,,,,,,
2026-07-03T23:02:02.877835+00:00,2026-07-03T23:02:02.877754,1,1,124.55,0.5,124.3,150,,,,,,,,,,,,,,,,,,,124.8,47,,,,,,,,,,,,,,,,,,
2026-07-03T23:02:02.932291+00:00,2026-07-03T23:02:02.932221,1,2,124.55,0.5,124.3,150,,,,,,,,,,,,,,,,,,,124.8,47,125.3,100,,,,,,,,,,,,,,,,
2026-07-03T23:02:04.147657+00:00,2026-07-03T23:02:04.147519,1,2,124.55,0.5,124.3,150,,,,,,,,,,,,,,,,,,,124.8,3,125.3,100,,,,,,,,,,,,,,,,
2026-07-03T23:02:04.445003+00:00,2026-07-03T23:02:04.439387,1,1,124.8,1.0,124.3,150,,,,,,,,,,,,,,,,,,,125.3,100,,,,,,,,,,,,,,,,,,
2026-07-03T23:02:04.558616+00:00,2026-07-03T23:02:04.557774,0,1,,,,,,,,,,,,,,,,,,,,,,,125.3,100,,,,,,,,,,,,,,,,,,
2026-07-03T23:02:04.619381+00:00,2026-07-03T23:02:04.613613,1,1,125.2,0.2,125.1,144,,,,,,,,,,,,,,,,,,,125.3,100,,,,,,,,,,,,,,,,,,
2026-07-03T23:02:04.668363+00:00,2026-07-03T23:02:04.668464,1,2,125.2,0.2,125.1,144,,,,,,,,,,,,,,,,,,,125.3,100,125.6,150,,,,,,,,,,,,,,,,
2026-07-03T23:02:04.705317+00:00,2026-07-03T23:02:04.705177,1,2,125.2,0.2,125.1,94,,,,,,,,,,,,,,,,,,,125.3,100,125.6,150,,,,,,,,,,,,,,,,
2026-07-03T23:02:05.986042+00:00,2026-07-03T23:02:05.986129,1,1,125.35,0.5,125.1,94,,,,,,,,,,,,,,,,,,,125.6,150,,,,,,,,,,,,,,,,,,
2026-07-03T23:02:06.040576+00:00,2026-07-03T23:02:06.040521,2,1,125.35,0.5,125.1,94,124.6,100,,,,,,,,,,,,,,,,,125.6,150,,,,,,,,,,,,,,,,,,
2026-07-03T23:02:06.093639+00:00,2026-07-03T23:02:06.093772,1,2,124.85,0.5,124.6,100,,,,,,,,,,,,,,,,,,,125.1,6,125.6,150,,,,,,,,,,,,,,,,
2026-07-03T23:02:06.810966+00:00,2026-07-03T23:02:06.810835,1,2,124.85,0.5,124.6,50,,,,,,,,,,,,,,,,,,,125.1,6,125.6,150,,,,,,,,,,,,,,,,
2026-07-03T23:02:07.716462+00:00,2026-07-03T23:02:07.716382,1,1,124.85,0.5,124.6,50,,,,,,,,,,,,,,,,,,,125.1,6,,,,,,,,,,,,,,,,,,
2026-07-03T23:02:07.769805+00:00,2026-07-03T23:02:07.769687,2,1,124.95,0.3,124.8,150,124.6,50,,,,,,,,,,,,,,,,,125.1,6,,,,,,,,,,,,,,,,,,
2026-07-03T23:02:07.822954+00:00,2026-07-03T23:02:07.822836,2,2,124.95,0.3,124.8,150,124.6,50,,,,,,,,,,,,,,,,,125.1,6,125.3,150,,,,,,,,,,,,,,,,
2026-07-03T23:02:08.582746+00:00,2026-07-03T23:02:08.582701,2,2,124.95,0.3,124.8,110,124.6,50,,,,,,,,,,,,,,,,,125.1,6,125.3,150,,,,,,,,,,,,,,,,
2026-07-03T23:02:08.915893+00:00,2026-07-03T23:02:08.915773,2,2,124.95,0.3,124.8,60,124.6,50,,,,,,,,,,,,,,,,,125.1,6,125.3,150,,,,,,,,,,,,,,,,
2026-07-03T23:02:09.158628+00:00,2026-07-03T23:02:09.150646,1,1,125.05,0.5,124.8,60,,,,,,,,,,,,,,,,,,,125.3,150,,,,,,,,,,,,,,,,,,
2026-07-03T23:02:09.203866+00:00,2026-07-03T23:02:09.203761,2,1,125.1,0.4,124.9,100,124.8,60,,,,,,,,,,,,,,,,,125.3,150,,,,,,,,,,,,,,,,,,
2026-07-03T23:02:09.258591+00:00,2026-07-03T23:02:09.256103,2,2,125.1,0.4,124.9,100,124.8,60,,,,,,,,,,,,,,,,,125.3,150,125.4,100,,,,,,,,,,,,,,,,
2026-07-03T23:02:09.659975+00:00,2026-07-03T23:02:09.660105,2,2,125.1,0.4,124.9,100,124.8,60,,,,,,,,,,,,,,,,,125.3,104,125.4,100,,,,,,,,,,,,,,,,
2026-07-03T23:02:10.704701+00:00,2026-07-03T23:02:10.704858,2,2,125.1,0.4,124.9,57,124.8,60,,,,,,,,,,,,,,,,,125.3,104,125.4,100,,,,,,,,,,,,,,,,
2026-07-03T23:02:10.893905+00:00,2026-07-03T23:02:10.893835,1,1,125.15,0.5,124.9,57,,,,,,,,,,,,,,,,,,,125.4,100,,,,,,,,,,,,,,,,,,
2026-07-03T23:02:10.948847+00:00,2026-07-03T23:02:10.948780,2,1,125.15,0.5,124.9,57,124.5,150,,,,,,,,,,,,,,,,,125.4,100,,,,,,,,,,,,,,,,,,
2026-07-03T23:02:11.012686+00:00,2026-07-03T23:02:11.007381,2,2,124.95,0.1,124.9,57,124.5,150,,,,,,,,,,,,,,,,,125.0,136,125.4,100,,,,,,,,,,,,,,,,
2026-07-03T23:02:11.028236+00:00,2026-07-03T23:02:11.028096,2,2,124.95,0.1,124.9,7,124.5,150,,,,,,,,,,,,,,,,,125.0,136,125.4,100,,,,,,,,,,,,,,,,
2026-07-03T23:02:11.107085+00:00,2026-07-03T23:02:11.101721,2,2,124.95,0.1,124.9,7,124.5,150,,,,,,,,,,,,,,,,,125.0,124,125.4,100,,,,,,,,,,,,,,,,
2026-07-03T23:02:12.311049+00:00,2026-07-03T23:02:12.310832,1,1,124.75,0.5,124.5,150,,,,,,,,,,,,,,,,,,,125.0,124,,,,,,,,,,,,,,,,,,
2026-07-03T23:02:12.370124+00:00,2026-07-03T23:02:12.369983,2,1,124.9,0.2,124.8,100,124.5,150,,,,,,,,,,,,,,,,,125.0,124,,,,,,,,,,,,,,,,,,
2026-07-03T23:02:12.426835+00:00,2026-07-03T23:02:12.426688,2,2,124.9,0.2,124.8,100,124.5,150,,,,,,,,,,,,,,,,,125.0,124,125.3,100,,,,,,,,,,,,,,,,
2026-07-03T23:02:13.129937+00:00,2026-07-03T23:02:13.129837,2,2,124.9,0.2,124.8,50,124.5,150,,,,,,,,,,,,,,,,,125.0,124,125.3,100,,,,,,,,,,,,,,,,
2026-07-03T23:02:13.777526+00:00,2026-07-03T23:02:13.777393,2,2,124.9,0.2,124.8,50,124.5,150,,,,,,,,,,,,,,,,,125.0,83,125.3,100,,,,,,,,,,,,,,,,
2026-07-03T23:02:13.828558+00:00,2026-07-03T23:02:13.828493,2,2,124.9,0.2,124.8,8,124.5,150,,,,,,,,,,,,,,,,,125.0,83,125.3,100,,,,,,,,,,,,,,,,
2026-07-03T23:02:14.058552+00:00,2026-07-03T23:02:14.057928,1,1,125.05,0.5,124.8,8,,,,,,,,,,,,,,,,,,,125.3,100,,,,,,,,,,,,,,,,,,
2026-07-03T23:02:14.107464+00:00,2026-07-03T23:02:14.107318,2,1,125.05,0.5,124.8,8,124.7,150,,,,,,,,,,,,,,,,,125.3,100,,,,,,,,,,,,,,,,,,
2026-07-03T23:02:14.171076+00:00,2026-07-03T23:02:14.170928,2,2,125.0,0.4,124.8,8,124.7,150,,,,,,,,,,,,,,,,,125.2,150,125.3,100,,,,,,,,,,,,,,,,
2026-07-03T23:02:15.244063+00:00,2026-07-03T23:02:15.243996,1,2,124.95,0.5,124.7,108,,,,,,,,,,,,,,,,,,,125.2,150,125.3,100,,,,,,,,,,,,,,,,
2026-07-03T23:02:15.481873+00:00,2026-07-03T23:02:15.481820,1,1,124.95,0.5,124.7,108,,,,,,,,,,,,,,,,,,,125.2,150,,,,,,,,,,,,,,,,,,
2026-07-03T23:02:15.534726+00:00,2026-07-03T23:02:15.534602,2,1,124.95,0.5,124.7,108,124.5,100,,,,,,,,,,,,,,,,,125.2,150,,,,,,,,,,,,,,,,,,
2026-07-03T23:02:15.587979+00:00,2026-07-03T23:02:15.587871,2,2,124.85,0.3,124.7,108,124.5,100,,,,,,,,,,,,,,,,,125.0,100,125.2,150,,,,,,,,,,,,,,,,
2026-07-03T23:02:16.569095+00:00,2026-07-03T23:02:16.569041,2,2,124.85,0.3,124.7,108,124.5,100,,,,,,,,,,,,,,,,,125.0,54,125.2,150,,,,,,,,,,,,,,,,
2026-07-03T23:02:17.219797+00:00,2026-07-03T23:02:17.219739,2,1,124.85,0.3,124.7,108,124.5,100,,,,,,,,,,,,,,,,,125.0,54,,,,,,,,,,,,,,,,,,
2026-07-03T23:02:17.225015+00:00,2026-07-03T23:02:17.224894,1,1,124.75,0.5,124.5,100,,,,,,,,,,,,,,,,,,,125.0,54,,,,,,,,,,,,,,,,,,
2026-07-03T23:02:17.278597+00:00,2026-07-03T23:02:17.278406,2,1,124.85,0.3,124.7,150,124.5,100,,,,,,,,,,,,,,,,,125.0,54,,,,,,,,,,,,,,,,,,
2026-07-03T23:02:17.332552+00:00,2026-07-03T23:02:17.332446,2,2,124.85,0.3,124.7,150,124.5,100,,,,,,,,,,,,,,,,,125.0,54,125.2,150,,,,,,,,,,,,,,,,
2026-07-03T23:02:17.350692+00:00,2026-07-03T23:02:17.350556,2,2,124.85,0.3,124.7,100,124.5,100,,,,,,,,,,,,,,,,,125.0,54,125.2,150,,,,,,,,,,,,,,,,
2026-07-03T23:02:17.574427+00:00,2026-07-03T23:02:17.574375,2,2,124.85,0.3,124.7,100,124.5,100,,,,,,,,,,,,,,,,,125.0,7,125.2,150,,,,,,,,,,,,,,,,
2026-07-03T23:02:17.628934+00:00,2026-07-03T23:02:17.614159,2,1,124.95,0.5,124.7,100,124.5,100,,,,,,,,,,,,,,,,,125.2,150,,,,,,,,,,,,,,,,,,
2026-07-03T23:02:18.642410+00:00,2026-07-03T23:02:18.642368,1,1,124.95,0.5,124.7,100,,,,,,,,,,,,,,,,,,,125.2,150,,,,,,,,,,,,,,,,,,
2026-07-03T23:02:18.695731+00:00,2026-07-03T23:02:18.695613,2,1,125.1,0.2,125.0,100,124.7,100,,,,,,,,,,,,,,,,,125.2,150,,,,,,,,,,,,,,,,,,
2026-07-03T23:02:18.748475+00:00,2026-07-03T23:02:18.748381,2,2,125.1,0.2,125.0,100,124.7,100,,,,,,,,,,,,,,,,,125.2,150,125.5,100,,,,,,,,,,,,,,,,
2026-07-03T23:02:19.458632+00:00,2026-07-03T23:02:19.453869,2,2,125.1,0.2,125.0,50,124.7,100,,,,,,,,,,,,,,,,,125.2,150,125.5,100,,,,,,,,,,,,,,,,
2026-07-03T23:02:20.384470+00:00,2026-07-03T23:02:20.384580,1,1,125.25,0.5,125.0,50,,,,,,,,,,,,,,,,,,,125.5,100,,,,,,,,,,,,,,,,,,
2026-07-03T23:02:20.439139+00:00,2026-07-03T23:02:20.439097,2,1,125.25,0.5,125.0,50,124.5,150,,,,,,,,,,,,,,,,,125.5,100,,,,,,,,,,,,,,,,,,
2026-07-03T23:02:20.491699+00:00,2026-07-03T23:02:20.491563,1,2,124.75,0.5,124.5,150,,,,,,,,,,,,,,,,,,,125.0,100,125.5,100,,,,,,,,,,,,,,,,
2026-07-03T23:02:21.803116+00:00,2026-07-03T23:02:21.803046,1,1,124.75,0.5,124.5,150,,,,,,,,,,,,,,,,,,,125.0,100,,,,,,,,,,,,,,,,,,
2026-07-03T23:02:21.858641+00:00,2026-07-03T23:02:21.851513,1,1,124.75,0.5,124.5,250,,,,,,,,,,,,,,,,,,,125.0,100,,,,,,,,,,,,,,,,,,
2026-07-03T23:02:21.905278+00:00,2026-07-03T23:02:21.905370,1,1,124.75,0.5,124.5,250,,,,,,,,,,,,,,,,,,,125.0,200,,,,,,,,,,,,,,,,,,
2026-07-03T23:02:22.060047+00:00,2026-07-03T23:02:22.059941,1,1,124.75,0.5,124.5,210,,,,,,,,,,,,,,,,,,,125.0,200,,,,,,,,,,,,,,,,,,
2026-07-03T23:02:23.564045+00:00,2026-07-03T23:02:23.563976,1,1,124.75,0.5,124.5,100,,,,,,,,,,,,,,,,,,,125.0,100,,,,,,,,,,,,,,,,,,
2026-07-03T23:02:23.603500+00:00,2026-07-03T23:02:23.603358,2,1,124.75,0.5,124.5,100,124.4,150,,,,,,,,,,,,,,,,,125.0,100,,,,,,,,,,,,,,,,,,
2026-07-03T23:02:23.656344+00:00,2026-07-03T23:02:23.656270,2,2,124.7,0.4,124.5,100,124.4,150,,,,,,,,,,,,,,,,,124.9,150,125.0,100,,,,,,,,,,,,,,,,
2026-07-03T23:02:24.178036+00:00,2026-07-03T23:02:24.172837,2,2,124.7,0.4,124.5,100,124.4,150,,,,,,,,,,,,,,,,,124.9,146,125.0,100,,,,,,,,,,,,,,,,
2026-07-03T23:02:24.958632+00:00,2026-07-03T23:02:24.958404,1,1,124.65,0.5,124.4,150,,,,,,,,,,,,,,,,,,,124.9,146,,,,,,,,,,,,,,,,,,
2026-07-03T23:02:25.018214+00:00,2026-07-03T23:02:25.018099,2,1,124.7,0.4,124.5,100,124.4,150,,,,,,,,,,,,,,,,,124.9,146,,,,,,,,,,,,,,,,,,
2026-07-03T23:02:25.071001+00:00,2026-07-03T23:02:25.070910,2,2,124.7,0.4,124.5,100,124.4,150,,,,,,,,,,,,,,,,,124.9,146,125.0,100,,,,,,,,,,,,,,,,
2026-07-03T23:02:25.488794+00:00,2026-07-03T23:02:25.483739,2,2,124.7,0.4,124.5,100,124.4,150,,,,,,,,,,,,,,,,,124.9,90,125.0,100,,,,,,,,,,,,,,,,
2026-07-03T23:02:25.724575+00:00,2026-07-03T23:02:25.724458,2,2,124.7,0.4,124.5,100,124.4,150,,,,,,,,,,,,,,,,,124.9,40,125.0,100,,,,,,,,,,,,,,,,
2026-07-03T23:02:26.707880+00:00,2026-07-03T23:02:26.708056,2,1,124.75,0.5,124.5,100,124.4,150,,,,,,,,,,,,,,,,,125.0,100,,,,,,,,,,,,,,,,,,
2026-07-03T23:02:26.713334+00:00,2026-07-03T23:02:26.713211,1,1,124.75,0.5,124.5,100,,,,,,,,,,,,,,,,,,,125.0,100,,,,,,,,,,,,,,,,,,
2026-07-03T23:02:26.768674+00:00,2026-07-03T23:02:26.768768,2,0,,,125.1,50,124.5,100,,,,,,,,,,,,,,,,,,,,,,,,,,,,,,,,,,,,
2026-07-03T23:02:26.831908+00:00,2026-07-03T23:02:26.823897,2,1,125.35,0.5,125.1,38,124.5,100,,,,,,,,,,,,,,,,,125.6,150,,,,,,,,,,,,,,,,,,
2026-07-03T23:02:27.834035+00:00,2026-07-03T23:02:27.834209,2,1,125.35,0.5,125.1,38,124.5,100,,,,,,,,,,,,,,,,,125.6,100,,,,,,,,,,,,,,,,,,
2026-07-03T23:02:28.117277+00:00,2026-07-03T23:02:28.113732,1,1,125.35,0.5,125.1,27,,,,,,,,,,,,,,,,,,,125.6,100,,,,,,,,,,,,,,,,,,
2026-07-03T23:02:28.175462+00:00,2026-07-03T23:02:28.175350,2,1,125.35,0.5,125.1,27,124.7,100,,,,,,,,,,,,,,,,,125.6,100,,,,,,,,,,,,,,,,,,
2026-07-03T23:02:28.224782+00:00,2026-07-03T23:02:28.224647,2,2,125.15,0.1,125.1,27,124.7,100,,,,,,,,,,,,,,,,,125.2,100,125.6,100,,,,,,,,,,,,,,,,
2026-07-03T23:02:29.880006+00:00,2026-07-03T23:02:29.879942,2,1,125.15,0.1,125.1,27,124.7,100,,,,,,,,,,,,,,,,,125.2,100,,,,,,,,,,,,,,,,,,
2026-07-03T23:02:29.885274+00:00,2026-07-03T23:02:29.885100,1,1,124.95,0.5,124.7,100,,,,,,,,,,,,,,,,,,,125.2,100,,,,,,,,,,,,,,,,,,
2026-07-03T23:02:29.936600+00:00,2026-07-03T23:02:29.936456,2,1,125.0,0.4,124.8,150,124.7,100,,,,,,,,,,,,,,,,,125.2,100,,,,,,,,,,,,,,,,,,
2026-07-03T23:02:29.941832+00:00,2026-07-03T23:02:29.941728,2,1,125.0,0.4,124.8,150,124.7,100,,,,,,,,,,,,,,,,,125.2,50,,,,,,,,,,,,,,,,,,
2026-07-03T23:02:29.989367+00:00,2026-07-03T23:02:29.989248,2,2,125.0,0.4,124.8,150,124.7,100,,,,,,,,,,,,,,,,,125.2,50,125.3,150,,,,,,,,,,,,,,,,
2026-07-03T23:02:30.717906+00:00,2026-07-03T23:02:30.717766,2,2,125.0,0.4,124.8,103,124.7,100,,,,,,,,,,,,,,,,,125.2,50,125.3,150,,,,,,,,,,,,,,,,
2026-07-03T23:02:31.282116+00:00,2026-07-03T23:02:31.282032,1,1,125.05,0.5,124.8,103,,,,,,,,,,,,,,,,,,,125.3,150,,,,,,,,,,,,,,,,,,
2026-07-03T23:02:31.333308+00:00,2026-07-03T23:02:31.333268,2,1,125.2,0.2,125.1,100,124.8,103,,,,,,,,,,,,,,,,,125.3,150,,,,,,,,,,,,,,,,,,
2026-07-03T23:02:31.387236+00:00,2026-07-03T23:02:31.387187,2,2,125.2,0.2,125.1,100,124.8,103,,,,,,,,,,,,,,,,,125.3,150,125.6,100,,,,,,,,,,,,,,,,
2026-07-03T23:02:32.048125+00:00,2026-07-03T23:02:32.048081,2,2,125.2,0.2,125.1,100,124.8,103,,,,,,,,,,,,,,,,,125.3,100,125.6,100,,,,,,,,,,,,,,,,
2026-07-03T23:02:32.939923+00:00,2026-07-03T23:02:32.939864,2,2,125.2,0.2,125.1,53,124.8,103,,,,,,,,,,,,,,,,,125.3,100,125.6,100,,,,,,,,,,,,,,,,
2026-07-03T23:02:33.044223+00:00,2026-07-03T23:02:33.044046,1,1,125.35,0.5,125.1,53,,,,,,,,,,,,,,,,,,,125.6,100,,,,,,,,,,,,,,,,,,
2026-07-03T23:02:33.096629+00:00,2026-07-03T23:02:33.096609,2,1,125.35,0.5,125.1,53,124.7,150,,,,,,,,,,,,,,,,,125.6,100,,,,,,,,,,,,,,,,,,
2026-07-03T23:02:33.151351+00:00,2026-07-03T23:02:33.151171,2,2,125.15,0.1,125.1,53,124.7,150,,,,,,,,,,,,,,,,,125.2,150,125.6,100,,,,,,,,,,,,,,,,
2026-07-03T23:02:34.153625+00:00,2026-07-03T23:02:34.153536,2,2,125.15,0.1,125.1,53,124.7,150,,,,,,,,,,,,,,,,,125.2,100,125.6,100,,,,,,,,,,,,,,,,
2026-07-03T23:02:34.442619+00:00,2026-07-03T23:02:34.442574,1,1,124.95,0.5,124.7,150,,,,,,,,,,,,,,,,,,,125.2,100,,,,,,,,,,,,,,,,,,
2026-07-03T23:02:34.497200+00:00,2026-07-03T23:02:34.497026,1,1,124.95,0.5,124.7,250,,,,,,,,,,,,,,,,,,,125.2,100,,,,,,,,,,,,,,,,,,
2026-07-03T23:02:34.558543+00:00,2026-07-03T23:02:34.551453,1,1,124.95,0.5,124.7,250,,,,,,,,,,,,,,,,,,,125.2,200,,,,,,,,,,,,,,,,,,
2026-07-03T23:02:35.058583+00:00,2026-07-03T23:02:35.053836,1,1,124.95,0.5,124.7,250,,,,,,,,,,,,,,,,,,,125.2,160,,,,,,,,,,,,,,,,,,
2026-07-03T23:02:35.627337+00:00,2026-07-03T23:02:35.627270,1,1,124.95,0.5,124.7,207,,,,,,,,,,,,,,,,,,,125.2,160,,,,,,,,,,,,,,,,,,
2026-07-03T23:02:36.204778+00:00,2026-07-03T23:02:36.204594,1,1,124.95,0.5,124.7,100,,,,,,,,,,,,,,,,,,,125.2,100,,,,,,,,,,,,,,,,,,
2026-07-03T23:02:36.258722+00:00,2026-07-03T23:02:36.253957,2,1,125.15,0.1,125.1,150,124.7,100,,,,,,,,,,,,,,,,,125.2,50,,,,,,,,,,,,,,,,,,
2026-07-03T23:02:36.316746+00:00,2026-07-03T23:02:36.316583,2,2,125.15,0.1,125.1,150,124.7,100,,,,,,,,,,,,,,,,,125.2,50,125.6,150,,,,,,,,,,,,,,,,
2026-07-03T23:02:37.298385+00:00,2026-07-03T23:02:37.292679,2,2,125.15,0.1,125.1,150,124.7,100,,,,,,,,,,,,,,,,,125.2,39,125.6,150,,,,,,,,,,,,,,,,
2026-07-03T23:02:37.609855+00:00,2026-07-03T23:02:37.609790,1,1,125.35,0.5,125.1,150,,,,,,,,,,,,,,,,,,,125.6,150,,,,,,,,,,,,,,,,,,
2026-07-03T23:02:37.673671+00:00,2026-07-03T23:02:37.673601,2,1,125.4,0.4,125.2,100,125.1,150,,,,,,,,,,,,,,,,,125.6,150,,,,,,,,,,,,,,,,,,
2026-07-03T23:02:37.723221+00:00,2026-07-03T23:02:37.723144,2,2,125.4,0.4,125.2,100,125.1,150,,,,,,,,,,,,,,,,,125.6,150,125.7,100,,,,,,,,,,,,,,,,
2026-07-03T23:02:38.379409+00:00,2026-07-03T23:02:38.379287,2,2,125.4,0.4,125.2,100,125.1,150,,,,,,,,,,,,,,,,,125.6,100,125.7,100,,,,,,,,,,,,,,,,
2026-07-03T23:02:39.370369+00:00,2026-07-03T23:02:39.370205,1,1,125.45,0.5,125.2,100,,,,,,,,,,,,,,,,,,,125.7,100,,,,,,,,,,,,,,,,,,
2026-07-03T23:02:39.424774+00:00,2026-07-03T23:02:39.424656,2,1,125.5,0.4,125.3,150,125.2,100,,,,,,,,,,,,,,,,,125.7,100,,,,,,,,,,,,,,,,,,
2026-07-03T23:02:39.477714+00:00,2026-07-03T23:02:39.477597,2,2,125.5,0.4,125.3,150,125.2,100,,,,,,,,,,,,,,,,,125.7,100,125.8,150,,,,,,,,,,,,,,,,
2026-07-03T23:02:39.946661+00:00,2026-07-03T23:02:39.946583,2,2,125.5,0.4,125.3,150,125.2,100,,,,,,,,,,,,,,,,,125.7,55,125.8,150,,,,,,,,,,,,,,,,
2026-07-03T23:02:40.481948+00:00,2026-07-03T23:02:40.481815,2,2,125.5,0.4,125.3,150,125.2,100,,,,,,,,,,,,,,,,,125.7,5,125.8,150,,,,,,,,,,,,,,,,
2026-07-03T23:02:40.784812+00:00,2026-07-03T23:02:40.784729,1,1,125.55,0.5,125.3,150,,,,,,,,,,,,,,,,,,,125.8,150,,,,,,,,,,,,,,,,,,
2026-07-03T23:02:40.852750+00:00,2026-07-03T23:02:40.846469,2,1,125.65,0.3,125.5,77,125.3,150,,,,,,,,,,,,,,,,,125.8,150,,,,,,,,,,,,,,,,,,
2026-07-03T23:02:40.896273+00:00,2026-07-03T23:02:40.896202,2,2,125.65,0.3,125.5,77,125.3,150,,,,,,,,,,,,,,,,,125.8,150,126.0,100,,,,,,,,,,,,,,,,
2026-07-03T23:02:41.058553+00:00,2026-07-03T23:02:41.054895,2,2,125.65,0.3,125.5,34,125.3,150,,,,,,,,,,,,,,,,,125.8,150,126.0,100,,,,,,,,,,,,,,,,
2026-07-03T23:02:42.275110+00:00,2026-07-03T23:02:42.275061,1,2,125.55,0.5,125.3,138,,,,,,,,,,,,,,,,,,,125.8,150,126.0,100,,,,,,,,,,,,,,,,
2026-07-03T23:02:42.531830+00:00,2026-07-03T23:02:42.531662,0,1,,,,,,,,,,,,,,,,,,,,,,,126.0,100,,,,,,,,,,,,,,,,,,
2026-07-03T23:02:42.583777+00:00,2026-07-03T23:02:42.583854,1,1,125.7,0.6,125.4,150,,,,,,,,,,,,,,,,,,,126.0,100,,,,,,,,,,,,,,,,,,
2026-07-03T23:02:42.588940+00:00,2026-07-03T23:02:42.589058,1,1,125.7,0.6,125.4,150,,,,,,,,,,,,,,,,,,,126.0,50,,,,,,,,,,,,,,,,,,
2026-07-03T23:02:42.639623+00:00,2026-07-03T23:02:42.639600,1,2,125.65,0.5,125.4,150,,,,,,,,,,,,,,,,,,,125.9,150,126.0,50,,,,,,,,,,,,,,,,
2026-07-03T23:02:42.914124+00:00,2026-07-03T23:02:42.914054,1,2,125.65,0.5,125.4,150,,,,,,,,,,,,,,,,,,,125.9,104,126.0,50,,,,,,,,,,,,,,,,
2026-07-03T23:02:43.895252+00:00,2026-07-03T23:02:43.895340,1,2,125.65,0.5,125.4,104,,,,,,,,,,,,,,,,,,,125.9,104,126.0,50,,,,,,,,,,,,,,,,
2026-07-03T23:02:43.949602+00:00,2026-07-03T23:02:43.949470,1,1,125.65,0.5,125.4,104,,,,,,,,,,,,,,,,,,,125.9,104,,,,,,,,,,,,,,,,,,
2026-07-03T23:02:44.002340+00:00,2026-07-03T23:02:43.999697,2,1,125.65,0.5,125.4,104,125.3,100,,,,,,,,,,,,,,,,,125.9,104,,,,,,,,,,,,,,,,,,
2026-07-03T23:02:44.058664+00:00,2026-07-03T23:02:44.051989,2,2,125.6,0.4,125.4,104,125.3,100,,,,,,,,,,,,,,,,,125.8,100,125.9,104,,,,,,,,,,,,,,,,
2026-07-03T23:02:44.392801+00:00,2026-07-03T23:02:44.392979,2,2,125.6,0.4,125.4,104,125.3,100,,,,,,,,,,,,,,,,,125.8,52,125.9,104,,,,,,,,,,,,,,,,
2026-07-03T23:02:44.709349+00:00,2026-07-03T23:02:44.709474,2,2,125.6,0.4,125.4,104,125.3,100,,,,,,,,,,,,,,,,,125.8,2,125.9,104,,,,,,,,,,,,,,,,
2026-07-03T23:02:45.509243+00:00,2026-07-03T23:02:45.509190,2,2,125.6,0.4,125.4,60,125.3,100,,,,,,,,,,,,,,,,,125.8,2,125.9,104,,,,,,,,,,,,,,,,
2026-07-03T23:02:45.697882+00:00,2026-07-03T23:02:45.697754,1,1,125.55,0.5,125.3,100,,,,,,,,,,,,,,,,,,,125.8,2,,,,,,,,,,,,,,,,,,
2026-07-03T23:02:45.750118+00:00,2026-07-03T23:02:45.750031,2,1,125.55,0.5,125.3,100,125.2,150,,,,,,,,,,,,,,,,,125.8,2,,,,,,,,,,,,,,,,,,
2026-07-03T23:02:45.803693+00:00,2026-07-03T23:02:45.803582,2,2,125.5,0.4,125.3,100,125.2,150,,,,,,,,,,,,,,,,,125.7,150,125.8,2,,,,,,,,,,,,,,,,
2026-07-03T23:02:46.835880+00:00,2026-07-03T23:02:46.835816,2,2,125.5,0.4,125.3,100,125.2,150,,,,,,,,,,,,,,,,,125.7,100,125.8,2,,,,,,,,,,,,,,,,
2026-07-03T23:02:47.109824+00:00,2026-07-03T23:02:47.109743,1,1,125.45,0.5,125.2,150,,,,,,,,,,,,,,,,,,,125.7,100,,,,,,,,,,,,,,,,,,
2026-07-03T23:02:47.158592+00:00,2026-07-03T23:02:47.154815,1,0,,,125.2,150,,,,,,,,,,,,,,,,,,,,,,,,,,,,,,,,,,,,,,
2026-07-03T23:02:47.212746+00:00,2026-07-03T23:02:47.212712,1,1,125.75,1.1,125.2,150,,,,,,,,,,,,,,,,,,,126.3,100,,,,,,,,,,,,,,,,,,
2026-07-03T23:02:48.858561+00:00,2026-07-03T23:02:48.854180,0,1,,,,,,,,,,,,,,,,,,,,,,,126.3,100,,,,,,,,,,,,,,,,,,
2026-07-03T23:02:48.917493+00:00,2026-07-03T23:02:48.912348,1,1,126.0,0.6,125.7,136,,,,,,,,,,,,,,,,,,,126.3,100,,,,,,,,,,,,,,,,,,
2026-07-03T23:02:48.945145+00:00,2026-07-03T23:02:48.945071,1,1,126.0,0.6,125.7,136,,,,,,,,,,,,,,,,,,,126.3,50,,,,,,,,,,,,,,,,,,
2026-07-03T23:02:48.963929+00:00,2026-07-03T23:02:48.963852,1,2,125.95,0.5,125.7,136,,,,,,,,,,,,,,,,,,,126.2,150,126.3,50,,,,,,,,,,,,,,,,
2026-07-03T23:02:49.001725+00:00,2026-07-03T23:02:49.001615,1,2,125.95,0.5,125.7,95,,,,,,,,,,,,,,,,,,,126.2,150,126.3,50,,,,,,,,,,,,,,,,
2026-07-03T23:02:49.510661+00:00,2026-07-03T23:02:49.510621,1,2,125.95,0.5,125.7,95,,,,,,,,,,,,,,,,,,,126.2,107,126.3,50,,,,,,,,,,,,,,,,
2026-07-03T23:02:50.270757+00:00,2026-07-03T23:02:50.270715,1,1,125.95,0.5,125.7,95,,,,,,,,,,,,,,,,,,,126.2,107,,,,,,,,,,,,,,,,,,
2026-07-03T23:02:50.320390+00:00,2026-07-03T23:02:50.320305,2,1,125.95,0.5,125.7,95,125.5,100,,,,,,,,,,,,,,,,,126.2,107,,,,,,,,,,,,,,,,,,
2026-07-03T23:02:50.375096+00:00,2026-07-03T23:02:50.374992,2,2,125.85,0.3,125.7,95,125.5,100,,,,,,,,,,,,,,,,,126.0,100,126.2,107,,,,,,,,,,,,,,,,
2026-07-03T23:02:51.074370+00:00,2026-07-03T23:02:51.074230,2,2,125.85,0.3,125.7,95,125.5,100,,,,,,,,,,,,,,,,,126.0,50,126.2,107,,,,,,,,,,,,,,,,
2026-07-03T23:02:51.079519+00:00,2026-07-03T23:02:51.079437,2,2,125.85,0.3,125.7,55,125.5,100,,,,,,,,,,,,,,,,,126.0,50,126.2,107,,,,,,,,,,,,,,,,
2026-07-03T23:02:52.018312+00:00,2026-07-03T23:02:52.018448,1,1,125.75,0.5,125.5,100,,,,,,,,,,,,,,,,,,,126.0,50,,,,,,,,,,,,,,,,,,
2026-07-03T23:02:52.068929+00:00,2026-07-03T23:02:52.068842,2,1,125.8,0.4,125.6,150,125.5,100,,,,,,,,,,,,,,,,,126.0,50,,,,,,,,,,,,,,,,,,
2026-07-03T23:02:52.122922+00:00,2026-07-03T23:02:52.122758,2,2,125.8,0.4,125.6,150,125.5,100,,,,,,,,,,,,,,,,,126.0,50,126.1,150,,,,,,,,,,,,,,,,
2026-07-03T23:02:53.183239+00:00,2026-07-03T23:02:53.183402,2,1,125.85,0.5,125.6,150,125.5,100,,,,,,,,,,,,,,,,,126.1,150,,,,,,,,,,,,,,,,,,
2026-07-03T23:02:53.428980+00:00,2026-07-03T23:02:53.428827,1,1,125.85,0.5,125.6,150,,,,,,,,,,,,,,,,,,,126.1,150,,,,,,,,,,,,,,,,,,
2026-07-03T23:02:53.489980+00:00,2026-07-03T23:02:53.489931,2,1,125.95,0.3,125.8,100,125.6,150,,,,,,,,,,,,,,,,,126.1,150,,,,,,,,,,,,,,,,,,
2026-07-03T23:02:53.542136+00:00,2026-07-03T23:02:53.542236,2,2,125.95,0.3,125.8,100,125.6,150,,,,,,,,,,,,,,,,,126.1,150,126.3,100,,,,,,,,,,,,,,,,
2026-07-03T23:02:53.858667+00:00,2026-07-03T23:02:53.852359,2,2,125.95,0.3,125.8,100,125.6,150,,,,,,,,,,,,,,,,,126.1,104,126.3,100,,,,,,,,,,,,,,,,
2026-07-03T23:02:54.496999+00:00,2026-07-03T23:02:54.496873,2,2,125.95,0.3,125.8,56,125.6,150,,,,,,,,,,,,,,,,,126.1,104,126.3,100,,,,,,,,,,,,,,,,
2026-07-03T23:02:55.175995+00:00,2026-07-03T23:02:55.175900,1,1,126.05,0.5,125.8,56,,,,,,,,,,,,,,,,,,,126.3,100,,,,,,,,,,,,,,,,,,
2026-07-03T23:02:55.233929+00:00,2026-07-03T23:02:55.233838,2,1,126.05,0.5,125.8,56,125.7,150,,,,,,,,,,,,,,,,,126.3,100,,,,,,,,,,,,,,,,,,
2026-07-03T23:02:55.287849+00:00,2026-07-03T23:02:55.287752,2,2,126.0,0.4,125.8,56,125.7,150,,,,,,,,,,,,,,,,,126.2,100,126.3,100,,,,,,,,,,,,,,,,
2026-07-03T23:02:56.597754+00:00,2026-07-03T23:02:56.597863,1,1,125.95,0.5,125.7,150,,,,,,,,,,,,,,,,,,,126.2,100,,,,,,,,,,,,,,,,,,
2026-07-03T23:02:56.651182+00:00,2026-07-03T23:02:56.651092,2,1,125.95,0.5,125.7,150,125.6,100,,,,,,,,,,,,,,,,,126.2,100,,,,,,,,,,,,,,,,,,
2026-07-03T23:02:56.707092+00:00,2026-07-03T23:02:56.707158,2,2,125.9,0.4,125.7,150,125.6,100,,,,,,,,,,,,,,,,,126.1,100,126.2,100,,,,,,,,,,,,,,,,
2026-07-03T23:02:57.451526+00:00,2026-07-03T23:02:57.451358,2,2,125.9,0.4,125.7,100,125.6,100,,,,,,,,,,,,,,,,,126.1,100,126.2,100,,,,,,,,,,,,,,,,
2026-07-03T23:02:58.340400+00:00,2026-07-03T23:02:58.340370,1,1,125.85,0.5,125.6,100,,,,,,,,,,,,,,,,,,,126.1,100,,,,,,,,,,,,,,,,,,
2026-07-03T23:02:58.403699+00:00,2026-07-03T23:02:58.403546,2,1,125.85,0.5,125.6,100,125.5,150,,,,,,,,,,,,,,,,,126.1,100,,,,,,,,,,,,,,,,,,
2026-07-03T23:02:58.458785+00:00,2026-07-03T23:02:58.458678,2,2,125.8,0.4,125.6,100,125.5,150,,,,,,,,,,,,,,,,,126.0,150,126.1,100,,,,,,,,,,,,,,,,
2026-07-03T23:02:58.768899+00:00,2026-07-03T23:02:58.768758,2,2,125.8,0.4,125.6,100,125.5,150,,,,,,,,,,,,,,,,,126.0,107,126.1,100,,,,,,,,,,,,,,,,
2026-07-03T23:02:59.558186+00:00,2026-07-03T23:02:59.558154,2,2,125.8,0.4,125.6,50,125.5,150,,,,,,,,,,,,,,,,,126.0,107,126.1,100,,,,,,,,,,,,,,,,
2026-07-03T23:02:59.758570+00:00,2026-07-03T23:02:59.756246,1,1,125.75,0.5,125.5,150,,,,,,,,,,,,,,,,,,,126.0,107,,,,,,,,,,,,,,,,,,
2026-07-03T23:02:59.814090+00:00,2026-07-03T23:02:59.814011,1,1,125.75,0.5,125.5,250,,,,,,,,,,,,,,,,,,,126.0,107,,,,,,,,,,,,,,,,,,
2026-07-03T23:02:59.867232+00:00,2026-07-03T23:02:59.867384,1,1,125.75,0.5,125.5,250,,,,,,,,,,,,,,,,,,,126.0,207,,,,,,,,,,,,,,,,,,
2026-07-03T23:02:59.872712+00:00,2026-07-03T23:02:59.872601,1,1,125.75,0.5,125.5,250,,,,,,,,,,,,,,,,,,,126.0,164,,,,,,,,,,,,,,,,,,
2026-07-03T23:03:01.507656+00:00,2026-07-03T23:03:01.507564,1,1,125.75,0.5,125.5,100,,,,,,,,,,,,,,,,,,,126.0,100,,,,,,,,,,,,,,,,,,
2026-07-03T23:03:01.558585+00:00,2026-07-03T23:03:01.557241,2,0,,,126.1,50,125.5,100,,,,,,,,,,,,,,,,,,,,,,,,,,,,,,,,,,,,
2026-07-03T23:03:01.626633+00:00,2026-07-03T23:03:01.621084,2,1,126.35,0.5,126.1,47,125.5,100,,,,,,,,,,,,,,,,,126.6,150,,,,,,,,,,,,,,,,,,
2026-07-03T23:03:01.665229+00:00,2026-07-03T23:03:01.665390,1,1,126.05,1.1,125.5,97,,,,,,,,,,,,,,,,,,,126.6,150,,,,,,,,,,,,,,,,,,
2026-07-03T23:03:01.980246+00:00,2026-07-03T23:03:01.980188,1,1,126.05,1.1,125.5,51,,,,,,,,,,,,,,,,,,,126.6,150,,,,,,,,,,,,,,,,,,
2026-07-03T23:03:02.923899+00:00,2026-07-03T23:03:02.923842,0,1,,,,,,,,,,,,,,,,,,,,,,,126.6,150,,,,,,,,,,,,,,,,,,
2026-07-03T23:03:02.978433+00:00,2026-07-03T23:03:02.978396,1,1,126.15,0.9,125.7,100,,,,,,,,,,,,,,,,,,,126.6,150,,,,,,,,,,,,,,,,,,
2026-07-03T23:03:03.031685+00:00,2026-07-03T23:03:03.031757,1,2,125.95,0.5,125.7,100,,,,,,,,,,,,,,,,,,,126.2,100,126.6,150,,,,,,,,,,,,,,,,
2026-07-03T23:03:03.786104+00:00,2026-07-03T23:03:03.785908,1,2,125.95,0.5,125.7,50,,,,,,,,,,,,,,,,,,,126.2,100,126.6,150,,,,,,,,,,,,,,,,
2026-07-03T23:03:04.418203+00:00,2026-07-03T23:03:04.418075,1,2,125.95,0.5,125.7,5,,,,,,,,,,,,,,,,,,,126.2,100,126.6,150,,,,,,,,,,,,,,,,
2026-07-03T23:03:04.670670+00:00,2026-07-03T23:03:04.670799,1,1,125.95,0.5,125.7,5,,,,,,,,,,,,,,,,,,,126.2,100,,,,,,,,,,,,,,,,,,
2026-07-03T23:03:04.724870+00:00,2026-07-03T23:03:04.724759,2,1,125.95,0.5,125.7,5,125.4,150,,,,,,,,,,,,,,,,,126.2,100,,,,,,,,,,,,,,,,,,
2026-07-03T23:03:04.777874+00:00,2026-07-03T23:03:04.777704,2,2,125.8,0.2,125.7,5,125.4,150,,,,,,,,,,,,,,,,,125.9,150,126.2,100,,,,,,,,,,,,,,,,
2026-07-03T23:03:05.893114+00:00,2026-07-03T23:03:05.892988,1,2,125.65,0.5,125.4,150,,,,,,,,,,,,,,,,,,,125.9,150,126.2,100,,,,,,,,,,,,,,,,
2026-07-03T23:03:06.086728+00:00,2026-07-03T23:03:06.086686,1,1,125.65,0.5,125.4,150,,,,,,,,,,,,,,,,,,,125.9,150,,,,,,,,,,,,,,,,,,
2026-07-03T23:03:06.139885+00:00,2026-07-03T23:03:06.139770,2,1,125.65,0.5,125.4,150,125.2,100,,,,,,,,,,,,,,,,,125.9,150,,,,,,,,,,,,,,,,,,
2026-07-03T23:03:06.229107+00:00,2026-07-03T23:03:06.222829,2,2,125.55,0.3,125.4,150,125.2,100,,,,,,,,,,,,,,,,,125.7,97,125.9,150,,,,,,,,,,,,,,,,
2026-07-03T23:03:07.831699+00:00,2026-07-03T23:03:07.831630,1,1,125.45,0.5,125.2,100,,,,,,,,,,,,,,,,,,,125.7,97,,,,,,,,,,,,,,,,,,
2026-07-03T23:03:07.887225+00:00,2026-07-03T23:03:07.887126,2,1,125.6,0.2,125.5,150,125.2,100,,,,,,,,,,,,,,,,,125.7,97,,,,,,,,,,,,,,,,,,
2026-07-03T23:03:07.940734+00:00,2026-07-03T23:03:07.940625,2,2,125.6,0.2,125.5,150,125.2,100,,,,,,,,,,,,,,,,,125.7,97,126.0,150,,,,,,,,,,,,,,,,
2026-07-03T23:03:08.002147+00:00,2026-07-03T23:03:08.002231,2,2,125.6,0.2,125.5,100,125.2,100,,,,,,,,,,,,,,,,,125.7,97,126.0,150,,,,,,,,,,,,,,,,
2026-07-03T23:03:09.271426+00:00,2026-07-03T23:03:09.271380,1,1,125.75,0.5,125.5,100,,,,,,,,,,,,,,,,,,,126.0,150,,,,,,,,,,,,,,,,,,
2026-07-03T23:03:09.324857+00:00,2026-07-03T23:03:09.324776,2,1,125.75,0.5,125.5,100,125.4,100,,,,,,,,,,,,,,,,,126.0,150,,,,,,,,,,,,,,,,,,
2026-07-03T23:03:09.377216+00:00,2026-07-03T23:03:09.377158,2,2,125.7,0.4,125.5,100,125.4,100,,,,,,,,,,,,,,,,,125.9,100,126.0,150,,,,,,,,,,,,,,,,
2026-07-03T23:03:10.991843+00:00,2026-07-03T23:03:10.991803,1,1,125.65,0.5,125.4,100,,,,,,,,,,,,,,,,,,,125.9,58,,,,,,,,,,,,,,,,,,
2026-07-03T23:03:11.048006+00:00,2026-07-03T23:03:11.047871,2,1,125.65,0.5,125.4,100,125.2,150,,,,,,,,,,,,,,,,,125.9,58,,,,,,,,,,,,,,,,,,
2026-07-03T23:03:11.099375+00:00,2026-07-03T23:03:11.099464,2,2,125.55,0.3,125.4,100,125.2,150,,,,,,,,,,,,,,,,,125.7,150,125.9,58,,,,,,,,,,,,,,,,
2026-07-03T23:03:12.211409+00:00,2026-07-03T23:03:12.211275,2,2,125.55,0.3,125.4,50,125.2,150,,,,,,,,,,,,,,,,,125.7,150,125.9,58,,,,,,,,,,,,,,,,
2026-07-03T23:03:12.433929+00:00,2026-07-03T23:03:12.433891,1,1,125.45,0.5,125.2,150,,,,,,,,,,,,,,,,,,,125.7,150,,,,,,,,,,,,,,,,,,
2026-07-03T23:03:12.488411+00:00,2026-07-03T23:03:12.488286,2,1,125.6,0.2,125.5,100,125.2,150,,,,,,,,,,,,,,,,,125.7,150,,,,,,,,,,,,,,,,,,
2026-07-03T23:03:12.537951+00:00,2026-07-03T23:03:12.537880,2,2,125.6,0.2,125.5,100,125.2,150,,,,,,,,,,,,,,,,,125.7,150,126.0,100,,,,,,,,,,,,,,,,
2026-07-03T23:03:14.153148+00:00,2026-07-03T23:03:14.152987,1,1,125.75,0.5,125.5,100,,,,,,,,,,,,,,,,,,,126.0,100,,,,,,,,,,,,,,,,,,
2026-07-03T23:03:14.206426+00:00,2026-07-03T23:03:14.206504,2,1,125.75,0.5,125.5,100,125.2,150,,,,,,,,,,,,,,,,,126.0,100,,,,,,,,,,,,,,,,,,
2026-07-03T23:03:14.222823+00:00,2026-07-03T23:03:14.222748,2,1,125.75,0.5,125.5,56,125.2,150,,,,,,,,,,,,,,,,,126.0,100,,,,,,,,,,,,,,,,,,
2026-07-03T23:03:14.253423+00:00,2026-07-03T23:03:14.253524,2,2,125.6,0.2,125.5,56,125.2,150,,,,,,,,,,,,,,,,,125.7,150,126.0,100,,,,,,,,,,,,,,,,
2026-07-03T23:03:14.316304+00:00,2026-07-03T23:03:14.316429,2,2,125.6,0.2,125.5,6,125.2,150,,,,,,,,,,,,,,,,,125.7,150,126.0,100,,,,,,,,,,,,,,,,
2026-07-03T23:03:15.594444+00:00,2026-07-03T23:03:15.594331,1,1,125.45,0.5,125.2,150,,,,,,,,,,,,,,,,,,,125.7,150,,,,,,,,,,,,,,,,,,
2026-07-03T23:03:15.644650+00:00,2026-07-03T23:03:15.644563,2,1,125.45,0.5,125.2,150,124.9,100,,,,,,,,,,,,,,,,,125.7,150,,,,,,,,,,,,,,,,,,
2026-07-03T23:03:15.699425+00:00,2026-07-03T23:03:15.699308,2,2,125.3,0.2,125.2,150,124.9,100,,,,,,,,,,,,,,,,,125.4,100,125.7,150,,,,,,,,,,,,,,,,
2026-07-03T23:03:15.905566+00:00,2026-07-03T23:03:15.891498,2,2,125.3,0.2,125.2,150,124.9,100,,,,,,,,,,,,,,,,,125.4,97,125.7,150,,,,,,,,,,,,,,,,
2026-07-03T23:03:16.633018+00:00,2026-07-03T23:03:16.627936,2,2,125.3,0.2,125.2,150,124.9,100,,,,,,,,,,,,,,,,,125.4,86,125.7,150,,,,,,,,,,,,,,,,
2026-07-03T23:03:17.312821+00:00,2026-07-03T23:03:17.312758,1,1,125.15,0.5,124.9,100,,,,,,,,,,,,,,,,,,,125.4,86,,,,,,,,,,,,,,,,,,
2026-07-03T23:03:17.367990+00:00,2026-07-03T23:03:17.367896,2,0,,,125.4,64,124.9,100,,,,,,,,,,,,,,,,,,,,,,,,,,,,,,,,,,,,
2026-07-03T23:03:17.423098+00:00,2026-07-03T23:03:17.423190,2,1,125.65,0.5,125.4,64,124.9,100,,,,,,,,,,,,,,,,,125.9,150,,,,,,,,,,,,,,,,,,
2026-07-03T23:03:18.478575+00:00,2026-07-03T23:03:18.478743,2,1,125.65,0.5,125.4,64,124.9,100,,,,,,,,,,,,,,,,,125.9,100,,,,,,,,,,,,,,,,,,
2026-07-03T23:03:18.758724+00:00,2026-07-03T23:03:18.758659,1,1,125.65,0.5,125.4,64,,,,,,,,,,,,,,,,,,,125.9,100,,,,,,,,,,,,,,,,,,
2026-07-03T23:03:18.812520+00:00,2026-07-03T23:03:18.812620,2,1,125.65,0.5,125.4,64,125.2,100,,,,,,,,,,,,,,,,,125.9,100,,,,,,,,,,,,,,,,,,
2026-07-03T23:03:18.817933+00:00,2026-07-03T23:03:18.817816,2,1,125.65,0.5,125.4,64,125.2,100,,,,,,,,,,,,,,,,,125.9,57,,,,,,,,,,,,,,,,,,
2026-07-03T23:03:18.858579+00:00,2026-07-03T23:03:18.857584,2,2,125.55,0.3,125.4,64,125.2,100,,,,,,,,,,,,,,,,,125.7,100,125.9,57,,,,,,,,,,,,,,,,
2026-07-03T23:03:20.477938+00:00,2026-07-03T23:03:20.477890,1,1,125.45,0.5,125.2,100,,,,,,,,,,,,,,,,,,,125.7,100,,,,,,,,,,,,,,,,,,
2026-07-03T23:03:20.531834+00:00,2026-07-03T23:03:20.531718,2,1,125.45,0.5,125.2,100,125.1,150,,,,,,,,,,,,,,,,,125.7,100,,,,,,,,,,,,,,,,,,
2026-07-03T23:03:20.585071+00:00,2026-07-03T23:03:20.584906,2,2,125.4,0.4,125.2,100,125.1,150,,,,,,,,,,,,,,,,,125.6,150,125.7,100,,,,,,,,,,,,,,,,
2026-07-03T23:03:21.271446+00:00,2026-07-03T23:03:21.271335,2,2,125.4,0.4,125.2,100,125.1,150,,,,,,,,,,,,,,,,,125.6,102,125.7,100,,,,,,,,,,,,,,,,
2026-07-03T23:03:21.939933+00:00,2026-07-03T23:03:21.939850,2,1,125.4,0.4,125.2,100,125.1,150,,,,,,,,,,,,,,,,,125.6,102,,,,,,,,,,,,,,,,,,
2026-07-03T23:03:21.945159+00:00,2026-07-03T23:03:21.945000,1,1,125.35,0.5,125.1,150,,,,,,,,,,,,,,,,,,,125.6,102,,,,,,,,,,,,,,,,,,
2026-07-03T23:03:21.998491+00:00,2026-07-03T23:03:21.998349,2,1,125.45,0.3,125.3,100,125.1,150,,,,,,,,,,,,,,,,,125.6,102,,,,,,,,,,,,,,,,,,
2026-07-03T23:03:22.058574+00:00,2026-07-03T23:03:22.052418,2,2,125.45,0.3,125.3,100,125.1,150,,,,,,,,,,,,,,,,,125.6,102,125.8,100,,,,,,,,,,,,,,,,
2026-07-03T23:03:22.688563+00:00,2026-07-03T23:03:22.688462,2,2,125.45,0.3,125.3,100,125.1,150,,,,,,,,,,,,,,,,,125.6,52,125.8,100,,,,,,,,,,,,,,,,
2026-07-03T23:03:23.427115+00:00,2026-07-03T23:03:23.427074,2,2,125.45,0.3,125.3,56,125.1,150,,,,,,,,,,,,,,,,,125.6,52,125.8,100,,,,,,,,,,,,,,,,
2026-07-03T23:03:23.638532+00:00,2026-07-03T23:03:23.638450,1,1,125.55,0.5,125.3,56,,,,,,,,,,,,,,,,,,,125.8,100,,,,,,,,,,,,,,,,,,
2026-07-03T23:03:23.707291+00:00,2026-07-03T23:03:23.701725,2,1,125.7,0.2,125.6,139,125.3,56,,,,,,,,,,,,,,,,,125.8,100,,,,,,,,,,,,,,,,,,
2026-07-03T23:03:23.753983+00:00,2026-07-03T23:03:23.754115,2,2,125.7,0.2,125.6,139,125.3,56,,,,,,,,,,,,,,,,,125.8,100,126.1,150,,,,,,,,,,,,,,,,
2026-07-03T23:03:23.867703+00:00,2026-07-03T23:03:23.862374,2,2,125.7,0.2,125.6,136,125.3,56,,,,,,,,,,,,,,,,,125.8,100,126.1,150,,,,,,,,,,,,,,,,
2026-07-03T23:03:24.793953+00:00,2026-07-03T23:03:24.793895,2,2,125.7,0.2,125.6,136,125.3,56,,,,,,,,,,,,,,,,,125.8,50,126.1,150,,,,,,,,,,,,,,,,
2026-07-03T23:03:25.104525+00:00,2026-07-03T23:03:25.104477,2,1,125.85,0.5,125.6,136,125.3,56,,,,,,,,,,,,,,,,,126.1,150,,,,,,,,,,,,,,,,,,
2026-07-03T23:03:25.109547+00:00,2026-07-03T23:03:25.109628,1,1,125.85,0.5,125.6,136,,,,,,,,,,,,,,,,,,,126.1,150,,,,,,,,,,,,,,,,,,
2026-07-03T23:03:25.158594+00:00,2026-07-03T23:03:25.157555,2,1,125.85,0.5,125.6,136,125.5,100,,,,,,,,,,,,,,,,,126.1,150,,,,,,,,,,,,,,,,,,
2026-07-03T23:03:25.210856+00:00,2026-07-03T23:03:25.210805,2,2,125.8,0.4,125.6,136,125.5,100,,,,,,,,,,,,,,,,,126.0,100,126.1,150,,,,,,,,,,,,,,,,
2026-07-03T23:03:25.688211+00:00,2026-07-03T23:03:25.688144,2,2,125.8,0.4,125.6,136,125.5,100,,,,,,,,,,,,,,,,,126.0,52,126.1,150,,,,,,,,,,,,,,,,
2026-07-03T23:03:26.810422+00:00,2026-07-03T23:03:26.810321,1,1,125.75,0.5,125.5,100,,,,,,,,,,,,,,,,,,,126.0,52,,,,,,,,,,,,,,,,,,
2026-07-03T23:03:26.858627+00:00,2026-07-03T23:03:26.856159,1,1,125.75,0.5,125.5,250,,,,,,,,,,,,,,,,,,,126.0,52,,,,,,,,,,,,,,,,,,
2026-07-03T23:03:26.915428+00:00,2026-07-03T23:03:26.915264,1,1,125.75,0.5,125.5,250,,,,,,,,,,,,,,,,,,,126.0,202,,,,,,,,,,,,,,,,,,
2026-07-03T23:03:26.937888+00:00,2026-07-03T23:03:26.937864,1,1,125.75,0.5,125.5,201,,,,,,,,,,,,,,,,,,,126.0,202,,,,,,,,,,,,,,,,,,
2026-07-03T23:03:28.268300+00:00,2026-07-03T23:03:28.268210,1,1,125.75,0.5,125.5,150,,,,,,,,,,,,,,,,,,,126.0,150,,,,,,,,,,,,,,,,,,
2026-07-03T23:03:28.323209+00:00,2026-07-03T23:03:28.323152,2,1,125.75,0.5,125.5,150,125.3,100,,,,,,,,,,,,,,,,,126.0,150,,,,,,,,,,,,,,,,,,
2026-07-03T23:03:28.376028+00:00,2026-07-03T23:03:28.375932,2,2,125.65,0.3,125.5,150,125.3,100,,,,,,,,,,,,,,,,,125.8,100,126.0,150,,,,,,,,,,,,,,,,
2026-07-03T23:03:28.458599+00:00,2026-07-03T23:03:28.454405,2,2,125.65,0.3,125.5,102,125.3,100,,,,,,,,,,,,,,,,,125.8,100,126.0,150,,,,,,,,,,,,,,,,
2026-07-03T23:03:29.969729+00:00,2026-07-03T23:03:29.969841,1,1,125.55,0.5,125.3,100,,,,,,,,,,,,,,,,,,,125.8,100,,,,,,,,,,,,,,,,,,
2026-07-03T23:03:30.023912+00:00,2026-07-03T23:03:30.023841,2,1,125.65,0.3,125.5,150,125.3,100,,,,,,,,,,,,,,,,,125.8,100,,,,,,,,,,,,,,,,,,
2026-07-03T23:03:30.080428+00:00,2026-07-03T23:03:30.080309,2,2,125.65,0.3,125.5,150,125.3,100,,,,,,,,,,,,,,,,,125.8,100,126.0,150,,,,,,,,,,,,,,,,
2026-07-03T23:03:31.110695+00:00,2026-07-03T23:03:31.110587,2,2,125.65,0.3,125.5,150,125.3,100,,,,,,,,,,,,,,,,,125.8,50,126.0,150,,,,,,,,,,,,,,,,
2026-07-03T23:03:31.425076+00:00,2026-07-03T23:03:31.424975,2,1,125.75,0.5,125.5,150,125.3,100,,,,,,,,,,,,,,,,,126.0,150,,,,,,,,,,,,,,,,,,
2026-07-03T23:03:31.430148+00:00,2026-07-03T23:03:31.430119,1,1,125.75,0.5,125.5,150,,,,,,,,,,,,,,,,,,,126.0,150,,,,,,,,,,,,,,,,,,
2026-07-03T23:03:31.482522+00:00,2026-07-03T23:03:31.482427,2,1,125.9,0.2,125.8,100,125.5,150,,,,,,,,,,,,,,,,,126.0,150,,,,,,,,,,,,,,,,,,
2026-07-03T23:03:31.533958+00:00,2026-07-03T23:03:31.534032,2,2,125.9,0.2,125.8,100,125.5,150,,,,,,,,,,,,,,,,,126.0,150,126.3,100,,,,,,,,,,,,,,,,
2026-07-03T23:03:31.599695+00:00,2026-07-03T23:03:31.599654,2,2,125.9,0.2,125.8,100,125.5,150,,,,,,,,,,,,,,,,,126.0,108,126.3,100,,,,,,,,,,,,,,,,
2026-07-03T23:03:32.201435+00:00,2026-07-03T23:03:32.201362,2,2,125.9,0.2,125.8,58,125.5,150,,,,,,,,,,,,,,,,,126.0,108,126.3,100,,,,,,,,,,,,,,,,
2026-07-03T23:03:33.131458+00:00,2026-07-03T23:03:33.131402,2,1,126.05,0.5,125.8,58,125.5,150,,,,,,,,,,,,,,,,,126.3,100,,,,,,,,,,,,,,,,,,
2026-07-03T23:03:33.136491+00:00,2026-07-03T23:03:33.136567,1,1,126.05,0.5,125.8,58,,,,,,,,,,,,,,,,,,,126.3,100,,,,,,,,,,,,,,,,,,
2026-07-03T23:03:33.185344+00:00,2026-07-03T23:03:33.185269,1,1,126.05,0.5,125.8,208,,,,,,,,,,,,,,,,,,,126.3,100,,,,,,,,,,,,,,,,,,
2026-07-03T23:03:33.216857+00:00,2026-07-03T23:03:33.216808,1,1,126.05,0.5,125.8,208,,,,,,,,,,,,,,,,,,,126.3,50,,,,,,,,,,,,,,,,,,
2026-07-03T23:03:33.237111+00:00,2026-07-03T23:03:33.237018,1,1,126.05,0.5,125.8,208,,,,,,,,,,,,,,,,,,,126.3,200,,,,,,,,,,,,,,,,,,
2026-07-03T23:03:34.588082+00:00,2026-07-03T23:03:34.587965,1,1,126.05,0.5,125.8,150,,,,,,,,,,,,,,,,,,,126.3,150,,,,,,,,,,,,,,,,,,
2026-07-03T23:03:34.658586+00:00,2026-07-03T23:03:34.654043,2,1,126.05,0.5,125.8,150,125.7,100,,,,,,,,,,,,,,,,,126.3,150,,,,,,,,,,,,,,,,,,
2026-07-03T23:03:34.706664+00:00,2026-07-03T23:03:34.706599,2,2,126.0,0.4,125.8,150,125.7,100,,,,,,,,,,,,,,,,,126.2,100,126.3,150,,,,,,,,,,,,,,,,
2026-07-03T23:03:34.924941+00:00,2026-07-03T23:03:34.924884,2,2,126.0,0.4,125.8,150,125.7,100,,,,,,,,,,,,,,,,,126.2,60,126.3,150,,,,,,,,,,,,,,,,
2026-07-03T23:03:35.323928+00:00,2026-07-03T23:03:35.323821,2,2,126.0,0.4,125.8,150,125.7,100,,,,,,,,,,,,,,,,,126.2,10,126.3,150,,,,,,,,,,,,,,,,
2026-07-03T23:03:36.292253+00:00,2026-07-03T23:03:36.292131,1,1,125.95,0.5,125.7,100,,,,,,,,,,,,,,,,,,,126.2,10,,,,,,,,,,,,,,,,,,
2026-07-03T23:03:36.349838+00:00,2026-07-03T23:03:36.349742,2,1,126.0,0.4,125.8,150,125.7,100,,,,,,,,,,,,,,,,,126.2,10,,,,,,,,,,,,,,,,,,
2026-07-03T23:03:36.403060+00:00,2026-07-03T23:03:36.402997,2,2,126.0,0.4,125.8,150,125.7,100,,,,,,,,,,,,,,,,,126.2,10,126.3,150,,,,,,,,,,,,,,,,
2026-07-03T23:03:37.148332+00:00,2026-07-03T23:03:37.148295,2,1,126.05,0.5,125.8,150,125.7,100,,,,,,,,,,,,,,,,,126.3,113,,,,,,,,,,,,,,,,,,
2026-07-03T23:03:37.426526+00:00,2026-07-03T23:03:37.426685,2,1,126.05,0.5,125.8,150,125.7,100,,,,,,,,,,,,,,,,,126.3,63,,,,,,,,,,,,,,,,,,
2026-07-03T23:03:37.758535+00:00,2026-07-03T23:03:37.755355,1,1,126.05,0.5,125.8,150,,,,,,,,,,,,,,,,,,,126.3,63,,,,,,,,,,,,,,,,,,
2026-07-03T23:03:37.813221+00:00,2026-07-03T23:03:37.813106,2,1,126.2,0.2,126.1,100,125.8,150,,,,,,,,,,,,,,,,,126.3,63,,,,,,,,,,,,,,,,,,
2026-07-03T23:03:37.868062+00:00,2026-07-03T23:03:37.867869,2,2,126.2,0.2,126.1,100,125.8,150,,,,,,,,,,,,,,,,,126.3,63,126.6,100,,,,,,,,,,,,,,,,
2026-07-03T23:03:39.458587+00:00,2026-07-03T23:03:39.449301,1,1,126.35,0.5,126.1,100,,,,,,,,,,,,,,,,,,,126.6,100,,,,,,,,,,,,,,,,,,
2026-07-03T23:03:39.519302+00:00,2026-07-03T23:03:39.511791,2,1,126.4,0.4,126.2,147,126.1,100,,,,,,,,,,,,,,,,,126.6,100,,,,,,,,,,,,,,,,,,
2026-07-03T23:03:39.562909+00:00,2026-07-03T23:03:39.562766,2,2,126.4,0.4,126.2,147,126.1,100,,,,,,,,,,,,,,,,,126.6,100,126.7,150,,,,,,,,,,,,,,,,
2026-07-03T23:03:39.588448+00:00,2026-07-03T23:03:39.588318,2,2,126.4,0.4,126.2,97,126.1,100,,,,,,,,,,,,,,,,,126.6,100,126.7,150,,,,,,,,,,,,,,,,
2026-07-03T23:03:40.767291+00:00,2026-07-03T23:03:40.762101,2,2,126.4,0.4,126.2,86,126.1,100,,,,,,,,,,,,,,,,,126.6,100,126.7,150,,,,,,,,,,,,,,,,
2026-07-03T23:03:40.921239+00:00,2026-07-03T23:03:40.921156,1,1,126.45,0.5,126.2,86,,,,,,,,,,,,,,,,,,,126.7,150,,,,,,,,,,,,,,,,,,
2026-07-03T23:03:40.975895+00:00,2026-07-03T23:03:40.975798,2,1,126.45,0.5,126.2,86,126.0,100,,,,,,,,,,,,,,,,,126.7,150,,,,,,,,,,,,,,,,,,
2026-07-03T23:03:41.028782+00:00,2026-07-03T23:03:41.028675,2,2,126.35,0.3,126.2,86,126.0,100,,,,,,,,,,,,,,,,,126.5,100,126.7,150,,,,,,,,,,,,,,,,
2026-07-03T23:03:42.616961+00:00,2026-07-03T23:03:42.616910,1,1,126.25,0.5,126.0,100,,,,,,,,,,,,,,,,,,,126.5,100,,,,,,,,,,,,,,,,,,
2026-07-03T23:03:42.671438+00:00,2026-07-03T23:03:42.671298,2,1,126.25,0.5,126.0,100,125.9,150,,,,,,,,,,,,,,,,,126.5,100,,,,,,,,,,,,,,,,,,
2026-07-03T23:03:42.725000+00:00,2026-07-03T23:03:42.724932,2,2,126.2,0.4,126.0,100,125.9,150,,,,,,,,,,,,,,,,,126.4,150,126.5,100,,,,,,,,,,,,,,,,
2026-07-03T23:03:43.748652+00:00,2026-07-03T23:03:43.748503,2,2,126.2,0.4,126.0,100,125.9,150,,,,,,,,,,,,,,,,,126.4,100,126.5,100,,,,,,,,,,,,,,,,
2026-07-03T23:03:44.086682+00:00,2026-07-03T23:03:44.086807,1,1,126.15,0.5,125.9,150,,,,,,,,,,,,,,,,,,,126.4,100,,,,,,,,,,,,,,,,,,
2026-07-03T23:03:44.142237+00:00,2026-07-03T23:03:44.142141,2,1,126.25,0.3,126.1,100,125.9,150,,,,,,,,,,,,,,,,,126.4,100,,,,,,,,,,,,,,,,,,
2026-07-03T23:03:44.195012+00:00,2026-07-03T23:03:44.194849,2,2,126.25,0.3,126.1,100,125.9,150,,,,,,,,,,,,,,,,,126.4,100,126.6,100,,,,,,,,,,,,,,,,
2026-07-03T23:03:45.777957+00:00,2026-07-03T23:03:45.777856,2,1,126.35,0.5,126.1,100,125.9,150,,,,,,,,,,,,,,,,,126.6,100,,,,,,,,,,,,,,,,,,
2026-07-03T23:03:45.783079+00:00,2026-07-03T23:03:45.783017,1,1,126.35,0.5,126.1,100,,,,,,,,,,,,,,,,,,,126.6,100,,,,,,,,,,,,,,,,,,
2026-07-03T23:03:45.836404+00:00,2026-07-03T23:03:45.836518,2,1,126.45,0.3,126.3,150,126.1,100,,,,,,,,,,,,,,,,,126.6,100,,,,,,,,,,,,,,,,,,
2026-07-03T23:03:45.890439+00:00,2026-07-03T23:03:45.890381,2,2,126.45,0.3,126.3,150,126.1,100,,,,,,,,,,,,,,,,,126.6,100,126.8,150,,,,,,,,,,,,,,,,
2026-07-03T23:03:46.846110+00:00,2026-07-03T23:03:46.846081,2,2,126.45,0.3,126.3,103,126.1,100,,,,,,,,,,,,,,,,,126.6,100,126.8,150,,,,,,,,,,,,,,,,
2026-07-03T23:03:47.258651+00:00,2026-07-03T23:03:47.251128,1,1,126.55,0.5,126.3,103,,,,,,,,,,,,,,,,,,,126.8,150,,,,,,,,,,,,,,,,,,
2026-07-03T23:03:47.302984+00:00,2026-07-03T23:03:47.303062,2,1,126.55,0.5,126.3,103,126.1,100,,,,,,,,,,,,,,,,,126.8,150,,,,,,,,,,,,,,,,,,
2026-07-03T23:03:47.372306+00:00,2026-07-03T23:03:47.372218,2,2,126.45,0.3,126.3,103,126.1,100,,,,,,,,,,,,,,,,,126.6,100,126.8,150,,,,,,,,,,,,,,,,
2026-07-03T23:03:47.899339+00:00,2026-07-03T23:03:47.899292,2,2,126.45,0.3,126.3,54,126.1,100,,,,,,,,,,,,,,,,,126.6,100,126.8,150,,,,,,,,,,,,,,,,
2026-07-03T23:03:47.968927+00:00,2026-07-03T23:03:47.968875,2,2,126.45,0.3,126.3,54,126.1,100,,,,,,,,,,,,,,,,,126.6,50,126.8,150,,,,,,,,,,,,,,,,
2026-07-03T23:03:48.958600+00:00,2026-07-03T23:03:48.944546,1,1,126.35,0.5,126.1,100,,,,,,,,,,,,,,,,,,,126.6,50,,,,,,,,,,,,,,,,,,
2026-07-03T23:03:48.997740+00:00,2026-07-03T23:03:48.997630,2,1,126.35,0.5,126.1,100,125.8,150,,,,,,,,,,,,,,,,,126.6,50,,,,,,,,,,,,,,,,,,
2026-07-03T23:03:49.050572+00:00,2026-07-03T23:03:49.050521,2,2,126.2,0.2,126.1,100,125.8,150,,,,,,,,,,,,,,,,,126.3,150,126.6,50,,,,,,,,,,,,,,,,
2026-07-03T23:03:49.483816+00:00,2026-07-03T23:03:49.478151,2,2,126.2,0.2,126.1,100,125.8,150,,,,,,,,,,,,,,,,,126.3,139,126.6,50,,,,,,,,,,,,,,,,
2026-07-03T23:03:49.526621+00:00,2026-07-03T23:03:49.526587,2,2,126.2,0.2,126.1,100,125.8,150,,,,,,,,,,,,,,,,,126.3,93,126.6,50,,,,,,,,,,,,,,,,
2026-07-03T23:03:50.130699+00:00,2026-07-03T23:03:50.130622,2,2,126.2,0.2,126.1,50,125.8,150,,,,,,,,,,,,,,,,,126.3,93,126.6,50,,,,,,,,,,,,,,,,
2026-07-03T23:03:50.418803+00:00,2026-07-03T23:03:50.418704,2,1,126.2,0.2,126.1,50,125.8,150,,,,,,,,,,,,,,,,,126.3,93,,,,,,,,,,,,,,,,,,
2026-07-03T23:03:50.424001+00:00,2026-07-03T23:03:50.423882,1,1,126.05,0.5,125.8,150,,,,,,,,,,,,,,,,,,,126.3,93,,,,,,,,,,,,,,,,,,
2026-07-03T23:03:50.474462+00:00,2026-07-03T23:03:50.474326,2,0,,,126.3,7,125.8,150,,,,,,,,,,,,,,,,,,,,,,,,,,,,,,,,,,,,
2026-07-03T23:03:50.531765+00:00,2026-07-03T23:03:50.531625,2,1,126.55,0.5,126.3,7,125.8,150,,,,,,,,,,,,,,,,,126.8,100,,,,,,,,,,,,,,,,,,
2026-07-03T23:03:52.115102+00:00,2026-07-03T23:03:52.114882,1,1,126.55,0.5,126.3,7,,,,,,,,,,,,,,,,,,,126.8,100,,,,,,,,,,,,,,,,,,
2026-07-03T23:03:52.167062+00:00,2026-07-03T23:03:52.161482,2,1,126.6,0.4,126.4,139,126.3,7,,,,,,,,,,,,,,,,,126.8,100,,,,,,,,,,,,,,,,,,
2026-07-03T23:03:52.209188+00:00,2026-07-03T23:03:52.209048,2,2,126.6,0.4,126.4,139,126.3,7,,,,,,,,,,,,,,,,,126.8,100,126.9,150,,,,,,,,,,,,,,,,
2026-07-03T23:03:52.258156+00:00,2026-07-03T23:03:52.257984,2,2,126.6,0.4,126.4,89,126.3,7,,,,,,,,,,,,,,,,,126.8,100,126.9,150,,,,,,,,,,,,,,,,
2026-07-03T23:03:52.993036+00:00,2026-07-03T23:03:52.992953,2,2,126.6,0.4,126.4,40,126.3,7,,,,,,,,,,,,,,,,,126.8,100,126.9,150,,,,,,,,,,,,,,,,
2026-07-03T23:03:53.585999+00:00,2026-07-03T23:03:53.585894,1,1,126.65,0.5,126.4,40,,,,,,,,,,,,,,,,,,,126.9,150,,,,,,,,,,,,,,,,,,
2026-07-03T23:03:53.640503+00:00,2026-07-03T23:03:53.640422,2,1,126.65,0.5,126.4,40,126.1,100,,,,,,,,,,,,,,,,,126.9,150,,,,,,,,,,,,,,,,,,
2026-07-03T23:03:53.692866+00:00,2026-07-03T23:03:53.692623,2,2,126.5,0.2,126.4,40,126.1,100,,,,,,,,,,,,,,,,,126.6,100,126.9,150,,,,,,,,,,,,,,,,
2026-07-03T23:03:54.357690+00:00,2026-07-03T23:03:54.357881,1,2,126.35,0.5,126.1,90,,,,,,,,,,,,,,,,,,,126.6,100,126.9,150,,,,,,,,,,,,,,,,
2026-07-03T23:03:54.640036+00:00,2026-07-03T23:03:54.640191,1,2,126.35,0.5,126.1,90,,,,,,,,,,,,,,,,,,,126.6,60,126.9,150,,,,,,,,,,,,,,,,
2026-07-03T23:03:55.261810+00:00,2026-07-03T23:03:55.261913,1,1,126.35,0.5,126.1,90,,,,,,,,,,,,,,,,,,,126.6,60,,,,,,,,,,,,,,,,,,
2026-07-03T23:03:55.316462+00:00,2026-07-03T23:03:55.316346,1,1,126.35,0.5,126.1,240,,,,,,,,,,,,,,,,,,,126.6,60,,,,,,,,,,,,,,,,,,
2026-07-03T23:03:55.368975+00:00,2026-07-03T23:03:55.368793,1,1,126.35,0.5,126.1,240,,,,,,,,,,,,,,,,,,,126.6,210,,,,,,,,,,,,,,,,,,
2026-07-03T23:03:56.411829+00:00,2026-07-03T23:03:56.411804,1,1,126.35,0.5,126.1,240,,,,,,,,,,,,,,,,,,,126.6,167,,,,,,,,,,,,,,,,,,
2026-07-03T23:03:56.469432+00:00,2026-07-03T23:03:56.469307,1,1,126.35,0.5,126.1,190,,,,,,,,,,,,,,,,,,,126.6,167,,,,,,,,,,,,,,,,,,
2026-07-03T23:03:56.746341+00:00,2026-07-03T23:03:56.746452,1,1,126.35,0.5,126.1,150,,,,,,,,,,,,,,,,,,,126.6,150,,,,,,,,,,,,,,,,,,
2026-07-03T23:03:56.801173+00:00,2026-07-03T23:03:56.801078,1,1,126.35,0.5,126.1,250,,,,,,,,,,,,,,,,,,,126.6,150,,,,,,,,,,,,,,,,,,
2026-07-03T23:03:56.858589+00:00,2026-07-03T23:03:56.854329,1,1,126.35,0.5,126.1,250,,,,,,,,,,,,,,,,,,,126.6,250,,,,,,,,,,,,,,,,,,
2026-07-03T23:03:58.421814+00:00,2026-07-03T23:03:58.421739,1,1,126.35,0.5,126.1,100,,,,,,,,,,,,,,,,,,,126.6,100,,,,,,,,,,,,,,,,,,
2026-07-03T23:03:58.475615+00:00,2026-07-03T23:03:58.475562,1,1,126.35,0.5,126.1,250,,,,,,,,,,,,,,,,,,,126.6,100,,,,,,,,,,,,,,,,,,
2026-07-03T23:03:58.528567+00:00,2026-07-03T23:03:58.528529,1,1,126.35,0.5,126.1,250,,,,,,,,,,,,,,,,,,,126.6,250,,,,,,,,,,,,,,,,,,
2026-07-03T23:03:59.069377+00:00,2026-07-03T23:03:59.069306,1,1,126.35,0.5,126.1,250,,,,,,,,,,,,,,,,,,,126.6,207,,,,,,,,,,,,,,,,,,
2026-07-03T23:03:59.910105+00:00,2026-07-03T23:03:59.910010,1,1,126.35,0.5,126.1,150,,,,,,,,,,,,,,,,,,,126.6,150,,,,,,,,,,,,,,,,,,
2026-07-03T23:03:59.965555+00:00,2026-07-03T23:03:59.965481,2,1,126.5,0.2,126.4,100,126.1,150,,,,,,,,,,,,,,,,,126.6,150,,,,,,,,,,,,,,,,,,
2026-07-03T23:04:00.016598+00:00,2026-07-03T23:04:00.016521,2,2,126.5,0.2,126.4,100,126.1,150,,,,,,,,,,,,,,,,,126.6,150,126.9,100,,,,,,,,,,,,,,,,
2026-07-03T23:04:00.694290+00:00,2026-07-03T23:04:00.694101,2,2,126.5,0.2,126.4,50,126.1,150,,,,,,,,,,,,,,,,,126.6,150,126.9,100,,,,,,,,,,,,,,,,
2026-07-03T23:04:01.586158+00:00,2026-07-03T23:04:01.586041,1,1,126.65,0.5,126.4,50,,,,,,,,,,,,,,,,,,,126.9,100,,,,,,,,,,,,,,,,,,
2026-07-03T23:04:01.636750+00:00,2026-07-03T23:04:01.636598,2,1,126.65,0.5,126.4,50,126.0,150,,,,,,,,,,,,,,,,,126.9,100,,,,,,,,,,,,,,,,,,
2026-07-03T23:04:01.691126+00:00,2026-07-03T23:04:01.691055,2,2,126.45,0.1,126.4,50,126.0,150,,,,,,,,,,,,,,,,,126.5,150,126.9,100,,,,,,,,,,,,,,,,
2026-07-03T23:04:02.749791+00:00,2026-07-03T23:04:02.749754,2,2,126.45,0.1,126.4,50,126.0,150,,,,,,,,,,,,,,,,,126.5,100,126.9,100,,,,,,,,,,,,,,,,
2026-07-03T23:04:03.071603+00:00,2026-07-03T23:04:03.071482,1,1,126.25,0.5,126.0,150,,,,,,,,,,,,,,,,,,,126.5,100,,,,,,,,,,,,,,,,,,
2026-07-03T23:04:03.125231+00:00,2026-07-03T23:04:03.125083,2,1,126.3,0.4,126.1,100,126.0,150,,,,,,,,,,,,,,,,,126.5,100,,,,,,,,,,,,,,,,,,
2026-07-03T23:04:03.178571+00:00,2026-07-03T23:04:03.178365,2,2,126.3,0.4,126.1,100,126.0,150,,,,,,,,,,,,,,,,,126.5,100,126.6,100,,,,,,,,,,,,,,,,
2026-07-03T23:04:04.746390+00:00,2026-07-03T23:04:04.746297,1,1,126.35,0.5,126.1,100,,,,,,,,,,,,,,,,,,,126.6,100,,,,,,,,,,,,,,,,,,
2026-07-03T23:04:04.800498+00:00,2026-07-03T23:04:04.800388,2,1,126.4,0.4,126.2,150,126.1,100,,,,,,,,,,,,,,,,,126.6,100,,,,,,,,,,,,,,,,,,
2026-07-03T23:04:04.858644+00:00,2026-07-03T23:04:04.851198,2,2,126.4,0.4,126.2,150,126.1,100,,,,,,,,,,,,,,,,,126.6,100,126.7,150,,,,,,,,,,,,,,,,
2026-07-03T23:04:04.916951+00:00,2026-07-03T23:04:04.916833,2,2,126.4,0.4,126.2,100,126.1,100,,,,,,,,,,,,,,,,,126.6,100,126.7,150,,,,,,,,,,,,,,,,
2026-07-03T23:04:06.231950+00:00,2026-07-03T23:04:06.231840,1,1,126.45,0.5,126.2,100,,,,,,,,,,,,,,,,,,,126.7,150,,,,,,,,,,,,,,,,,,
2026-07-03T23:04:06.286616+00:00,2026-07-03T23:04:06.286498,2,1,126.45,0.5,126.2,100,126.0,100,,,,,,,,,,,,,,,,,126.7,150,,,,,,,,,,,,,,,,,,
2026-07-03T23:04:06.339704+00:00,2026-07-03T23:04:06.339523,2,2,126.35,0.3,126.2,100,126.0,100,,,,,,,,,,,,,,,,,126.5,100,126.7,150,,,,,,,,,,,,,,,,
2026-07-03T23:04:07.020029+00:00,2026-07-03T23:04:07.019899,2,2,126.35,0.3,126.2,50,126.0,100,,,,,,,,,,,,,,,,,126.5,100,126.7,150,,,,,,,,,,,,,,,,
2026-07-03T23:04:07.907601+00:00,2026-07-03T23:04:07.907719,1,1,126.25,0.5,126.0,100,,,,,,,,,,,,,,,,,,,126.5,100,,,,,,,,,,,,,,,,,,
2026-07-03T23:04:07.958632+00:00,2026-07-03T23:04:07.953513,2,1,126.25,0.5,126.0,100,125.5,150,,,,,,,,,,,,,,,,,126.5,100,,,,,,,,,,,,,,,,,,
2026-07-03T23:04:08.023674+00:00,2026-07-03T23:04:08.017052,1,2,125.75,0.5,125.5,150,,,,,,,,,,,,,,,,,,,126.0,39,126.5,100,,,,,,,,,,,,,,,,
2026-07-03T23:04:08.547404+00:00,2026-07-03T23:04:08.543742,1,2,125.75,0.5,125.5,150,,,,,,,,,,,,,,,,,,,126.0,36,126.5,100,,,,,,,,,,,,,,,,
2026-07-03T23:04:09.393525+00:00,2026-07-03T23:04:09.393421,1,1,125.75,0.5,125.5,150,,,,,,,,,,,,,,,,,,,126.0,36,,,,,,,,,,,,,,,,,,
2026-07-03T23:04:09.458601+00:00,2026-07-03T23:04:09.450004,2,0,,,125.8,100,125.5,150,,,,,,,,,,,,,,,,,,,,,,,,,,,,,,,,,,,,
2026-07-03T23:04:09.499059+00:00,2026-07-03T23:04:09.498952,2,1,126.05,0.5,125.8,100,125.5,150,,,,,,,,,,,,,,,,,126.3,100,,,,,,,,,,,,,,,,,,
2026-07-03T23:04:11.066549+00:00,2026-07-03T23:04:11.066456,1,1,126.05,0.5,125.8,100,,,,,,,,,,,,,,,,,,,126.3,100,,,,,,,,,,,,,,,,,,
2026-07-03T23:04:11.120217+00:00,2026-07-03T23:04:11.120148,2,1,126.25,0.1,126.2,150,125.8,100,,,,,,,,,,,,,,,,,126.3,100,,,,,,,,,,,,,,,,,,
2026-07-03T23:04:11.176353+00:00,2026-07-03T23:04:11.176237,2,2,126.25,0.1,126.2,150,125.8,100,,,,,,,,,,,,,,,,,126.3,100,126.7,150,,,,,,,,,,,,,,,,
2026-07-03T23:04:11.230090+00:00,2026-07-03T23:04:11.230034,2,2,126.25,0.1,126.2,100,125.8,100,,,,,,,,,,,,,,,,,126.3,100,126.7,150,,,,,,,,,,,,,,,,
2026-07-03T23:04:12.553146+00:00,2026-07-03T23:04:12.553074,1,1,126.45,0.5,126.2,100,,,,,,,,,,,,,,,,,,,126.7,150,,,,,,,,,,,,,,,,,,
2026-07-03T23:04:12.608791+00:00,2026-07-03T23:04:12.608725,2,1,126.45,0.5,126.2,100,125.8,100,,,,,,,,,,,,,,,,,126.7,150,,,,,,,,,,,,,,,,,,
2026-07-03T23:04:12.656468+00:00,2026-07-03T23:04:12.656594,2,2,126.25,0.1,126.2,100,125.8,100,,,,,,,,,,,,,,,,,126.3,100,126.7,150,,,,,,,,,,,,,,,,
2026-07-03T23:04:13.338537+00:00,2026-07-03T23:04:13.338477,2,2,126.25,0.1,126.2,50,125.8,100,,,,,,,,,,,,,,,,,126.3,100,126.7,150,,,,,,,,,,,,,,,,
2026-07-03T23:04:14.230181+00:00,2026-07-03T23:04:14.230142,2,1,126.25,0.1,126.2,50,125.8,100,,,,,,,,,,,,,,,,,126.3,100,,,,,,,,,,,,,,,,,,
2026-07-03T23:04:14.235399+00:00,2026-07-03T23:04:14.235303,1,1,126.05,0.5,125.8,100,,,,,,,,,,,,,,,,,,,126.3,100,,,,,,,,,,,,,,,,,,
2026-07-03T23:04:14.287247+00:00,2026-07-03T23:04:14.287155,2,1,126.25,0.1,126.2,150,125.8,100,,,,,,,,,,,,,,,,,126.3,100,,,,,,,,,,,,,,,,,,
2026-07-03T23:04:14.339850+00:00,2026-07-03T23:04:14.339944,2,2,126.25,0.1,126.2,150,125.8,100,,,,,,,,,,,,,,,,,126.3,100,126.7,150,,,,,,,,,,,,,,,,
2026-07-03T23:04:14.430777+00:00,2026-07-03T23:04:14.430705,2,2,126.25,0.1,126.2,107,125.8,100,,,,,,,,,,,,,,,,,126.3,100,126.7,150,,,,,,,,,,,,,,,,
2026-07-03T23:04:15.446016+00:00,2026-07-03T23:04:15.445892,2,2,126.25,0.1,126.2,57,125.8,100,,,,,,,,,,,,,,,,,126.3,100,126.7,150,,,,,,,,,,,,,,,,
2026-07-03T23:04:15.717262+00:00,2026-07-03T23:04:15.717232,1,1,126.45,0.5,126.2,57,,,,,,,,,,,,,,,,,,,126.7,150,,,,,,,,,,,,,,,,,,
2026-07-03T23:04:15.769504+00:00,2026-07-03T23:04:15.769685,2,1,126.45,0.5,126.2,57,125.8,100,,,,,,,,,,,,,,,,,126.7,150,,,,,,,,,,,,,,,,,,
2026-07-03T23:04:15.827571+00:00,2026-07-03T23:04:15.827487,2,2,126.25,0.1,126.2,57,125.8,100,,,,,,,,,,,,,,,,,126.3,100,126.7,150,,,,,,,,,,,,,,,,
2026-07-03T23:04:16.576547+00:00,2026-07-03T23:04:16.576488,2,2,126.25,0.1,126.2,10,125.8,100,,,,,,,,,,,,,,,,,126.3,100,126.7,150,,,,,,,,,,,,,,,,
2026-07-03T23:04:17.182010+00:00,2026-07-03T23:04:17.181937,2,2,126.25,0.1,126.2,10,125.8,100,,,,,,,,,,,,,,,,,126.3,54,126.7,150,,,,,,,,,,,,,,,,
2026-07-03T23:04:17.392098+00:00,2026-07-03T23:04:17.392308,1,1,126.05,0.5,125.8,100,,,,,,,,,,,,,,,,,,,126.3,54,,,,,,,,,,,,,,,,,,
2026-07-03T23:04:17.458669+00:00,2026-07-03T23:04:17.458622,2,1,126.05,0.5,125.8,100,125.5,150,,,,,,,,,,,,,,,,,126.3,54,,,,,,,,,,,,,,,,,,
2026-07-03T23:04:17.505583+00:00,2026-07-03T23:04:17.500531,2,2,125.9,0.2,125.8,100,125.5,150,,,,,,,,,,,,,,,,,126.0,147,126.3,54,,,,,,,,,,,,,,,,
