recv_time,book_timestamp,n_bids,n_asks,mid,spread,bid_px_0,bid_vol_0,bid_px_1,bid_vol_1,bid_px_2,bid_vol_2,bid_px_3,bid_vol_3,bid_px_4,bid_vol_4,bid_px_5,bid_vol_5,bid_px_6,bid_vol_6,bid_px_7,bid_vol_7,bid_px_8,bid_vol_8,bid_px_9,bid_vol_9,ask_px_0,ask_vol_0,ask_px_1,ask_vol_1,ask_px_2,ask_vol_2,ask_px_3,ask_vol_3,ask_px_4,ask_vol_4,ask_px_5,ask_vol_5,ask_px_6,ask_vol_6,ask_px_7,ask_vol_7,ask_px_8,ask_vol_8,ask_px_9,ask_vol_9
2026-07-01T07:00:33.853019+00:00,2026-07-01T07:00:33.947155,1,1,83.05,0.5,82.8,150,,,,,,,,,,,,,,,,,,,83.3,100,,,,,,,,,,,,,,,,,,
2026-07-01T07:00:34.182530+00:00,2026-07-01T07:00:34.052084,2,2,83.0,0.4,82.8,150,82.7,100,,,,,,,,,,,,,,,,,83.2,100,83.3,100,,,,,,,,,,,,,,,,
2026-07-01T07:00:34.580586+00:00,2026-07-01T07:00:34.572397,1,1,82.95,0.5,82.7,100,,,,,,,,,,,,,,,,,,,83.2,100,,,,,,,,,,,,,,,,,,
2026-07-01T07:00:34.632078+00:00,2026-07-01T07:00:34.626684,2,1,83.1,0.2,83.0,150,82.7,100,,,,,,,,,,,,,,,,,83.2,100,,,,,,,,,,,,,,,,,,
2026-07-01T07:00:34.683652+00:00,2026-07-01T07:00:34.680496,2,2,83.1,0.2,83.0,150,82.7,100,,,,,,,,,,,,,,,,,83.2,100,83.5,150,,,,,,,,,,,,,,,,
2026-07-01T07:00:35.317460+00:00,2026-07-01T07:00:35.315900,2,2,83.1,0.2,83.0,147,82.7,100,,,,,,,,,,,,,,,,,83.2,100,83.5,150,,,,,,,,,,,,,,,,
2026-07-01T07:00:35.427437+00:00,2026-07-01T07:00:35.421437,2,2,83.1,0.2,83.0,47,82.7,100,,,,,,,,,,,,,,,,,83.2,100,83.5,150,,,,,,,,,,,,,,,,
2026-07-01T07:00:35.571081+00:00,2026-07-01T07:00:35.561398,2,2,83.1,0.2,83.0,47,82.7,100,,,,,,,,,,,,,,,,,83.2,50,83.5,150,,,,,,,,,,,,,,,,
2026-07-01T07:00:35.601974+00:00,2026-07-01T07:00:35.600082,1,2,82.95,0.5,82.7,100,,,,,,,,,,,,,,,,,,,83.2,50,83.5,150,,,,,,,,,,,,,,,,
2026-07-01T07:00:36.670408+00:00,2026-07-01T07:00:36.664430,1,2,82.95,0.5,82.7,100,,,,,,,,,,,,,,,,,,,83.2,8,83.5,150,,,,,,,,,,,,,,,,
2026-07-01T07:00:37.112385+00:00,2026-07-01T07:00:37.107597,0,1,,,,,,,,,,,,,,,,,,,,,,,83.5,150,,,,,,,,,,,,,,,,,,
2026-07-01T07:00:37.176485+00:00,2026-07-01T07:00:37.175484,1,1,83.35,0.3,83.2,89,,,,,,,,,,,,,,,,,,,83.5,150,,,,,,,,,,,,,,,,,,
2026-07-01T07:00:37.217994+00:00,2026-07-01T07:00:37.212564,1,2,83.35,0.3,83.2,89,,,,,,,,,,,,,,,,,,,83.5,150,83.7,100,,,,,,,,,,,,,,,,
2026-07-01T07:00:37.249273+00:00,2026-07-01T07:00:37.247190,1,2,83.35,0.3,83.2,40,,,,,,,,,,,,,,,,,,,83.5,150,83.7,100,,,,,,,,,,,,,,,,
2026-07-01T07:00:37.497304+00:00,2026-07-01T07:00:37.492529,1,2,83.35,0.3,83.2,15,,,,,,,,,,,,,,,,,,,83.5,150,83.7,100,,,,,,,,,,,,,,,,
2026-07-01T07:00:37.507668+00:00,2026-07-01T07:00:37.502017,1,2,83.35,0.3,83.2,13,,,,,,,,,,,,,,,,,,,83.5,150,83.7,100,,,,,,,,,,,,,,,,
2026-07-01T07:00:37.569913+00:00,2026-07-01T07:00:37.565721,1,2,83.35,0.3,83.2,13,,,,,,,,,,,,,,,,,,,83.5,160,83.7,100,,,,,,,,,,,,,,,,
2026-07-01T07:00:37.673085+00:00,2026-07-01T07:00:37.668039,1,2,83.35,0.3,83.2,13,,,,,,,,,,,,,,,,,,,83.5,110,83.7,100,,,,,,,,,,,,,,,,
2026-07-01T07:00:37.734857+00:00,2026-07-01T07:00:37.734387,1,2,83.35,0.3,83.2,13,,,,,,,,,,,,,,,,,,,83.5,10,83.7,100,,,,,,,,,,,,,,,,
2026-07-01T07:00:37.796702+00:00,2026-07-01T07:00:37.786978,2,2,83.35,0.3,83.2,13,82.7,150,,,,,,,,,,,,,,,,,83.5,10,83.7,100,,,,,,,,,,,,,,,,
2026-07-01T07:00:37.848602+00:00,2026-07-01T07:00:37.840565,1,3,82.95,0.5,82.7,150,,,,,,,,,,,,,,,,,,,83.2,137,83.5,10,83.7,100,,,,,,,,,,,,,,
2026-07-01T07:00:38.075460+00:00,2026-07-01T07:00:38.069852,1,2,82.95,0.5,82.7,150,,,,,,,,,,,,,,,,,,,83.2,137,83.7,100,,,,,,,,,,,,,,,,
2026-07-01T07:00:39.172571+00:00,2026-07-01T07:00:39.167133,1,2,82.95,0.5,82.7,105,,,,,,,,,,,,,,,,,,,83.2,137,83.7,100,,,,,,,,,,,,,,,,
2026-07-01T07:00:39.779036+00:00,2026-07-01T07:00:39.775410,1,2,82.95,0.5,82.7,105,,,,,,,,,,,,,,,,,,,83.2,87,83.7,100,,,,,,,,,,,,,,,,
2026-07-01T07:00:40.271312+00:00,2026-07-01T07:00:40.266669,1,1,82.95,0.5,82.7,105,,,,,,,,,,,,,,,,,,,83.2,87,,,,,,,,,,,,,,,,,,
2026-07-01T07:00:40.323086+00:00,2026-07-01T07:00:40.319525,2,1,83.05,0.3,82.9,100,82.7,105,,,,,,,,,,,,,,,,,83.2,87,,,,,,,,,,,,,,,,,,
2026-07-01T07:00:40.374452+00:00,2026-07-01T07:00:40.373658,2,2,83.05,0.3,82.9,100,82.7,105,,,,,,,,,,,,,,,,,83.2,87,83.4,100,,,,,,,,,,,,,,,,
2026-07-01T07:00:40.897047+00:00,2026-07-01T07:00:40.895733,2,1,83.15,0.5,82.9,100,82.7,105,,,,,,,,,,,,,,,,,83.4,100,,,,,,,,,,,,,,,,,,
2026-07-01T07:00:40.907362+00:00,2026-07-01T07:00:40.897781,1,1,83.15,0.5,82.9,100,,,,,,,,,,,,,,,,,,,83.4,100,,,,,,,,,,,,,,,,,,
2026-07-01T07:00:40.958617+00:00,2026-07-01T07:00:40.950936,2,1,83.15,0.5,82.9,100,82.8,150,,,,,,,,,,,,,,,,,83.4,100,,,,,,,,,,,,,,,,,,
2026-07-01T07:00:41.009692+00:00,2026-07-01T07:00:41.003983,2,2,83.1,0.4,82.9,100,82.8,150,,,,,,,,,,,,,,,,,83.3,150,83.4,100,,,,,,,,,,,,,,,,
2026-07-01T07:00:41.882644+00:00,2026-07-01T07:00:41.881911,2,2,83.1,0.4,82.9,100,82.8,150,,,,,,,,,,,,,,,,,83.3,100,83.4,100,,,,,,,,,,,,,,,,
2026-07-01T07:00:43.434870+00:00,2026-07-01T07:00:43.430286,1,1,83.05,0.5,82.8,150,,,,,,,,,,,,,,,,,,,83.3,100,,,,,,,,,,,,,,,,,,
2026-07-01T07:00:43.486380+00:00,2026-07-01T07:00:43.483900,2,1,83.2,0.2,83.1,100,82.8,150,,,,,,,,,,,,,,,,,83.3,100,,,,,,,,,,,,,,,,,,
2026-07-01T07:00:43.538606+00:00,2026-07-01T07:00:43.536865,2,2,83.2,0.2,83.1,100,82.8,150,,,,,,,,,,,,,,,,,83.3,100,83.6,100,,,,,,,,,,,,,,,,
2026-07-01T07:00:44.042418+00:00,2026-07-01T07:00:44.040235,2,2,83.2,0.2,83.1,50,82.8,150,,,,,,,,,,,,,,,,,83.3,100,83.6,100,,,,,,,,,,,,,,,,
2026-07-01T07:00:44.062960+00:00,2026-07-01T07:00:44.059481,1,1,83.35,0.5,83.1,50,,,,,,,,,,,,,,,,,,,83.6,100,,,,,,,,,,,,,,,,,,
2026-07-01T07:00:44.114068+00:00,2026-07-01T07:00:44.112577,2,1,83.35,0.5,83.1,50,82.9,150,,,,,,,,,,,,,,,,,83.6,100,,,,,,,,,,,,,,,,,,
2026-07-01T07:00:44.165320+00:00,2026-07-01T07:00:44.165206,2,2,83.25,0.3,83.1,50,82.9,150,,,,,,,,,,,,,,,,,83.4,150,83.6,100,,,,,,,,,,,,,,,,
2026-07-01T07:00:44.298298+00:00,2026-07-01T07:00:44.297218,2,3,83.2,0.2,83.1,50,82.9,150,,,,,,,,,,,,,,,,,83.3,4,83.4,150,83.6,100,,,,,,,,,,,,,,
2026-07-01T07:00:45.305931+00:00,2026-07-01T07:00:45.302675,2,3,83.2,0.2,83.1,50,82.9,150,,,,,,,,,,,,,,,,,83.3,3,83.4,150,83.6,100,,,,,,,,,,,,,,
2026-07-01T07:00:46.099287+00:00,2026-07-01T07:00:46.098139,2,2,83.25,0.3,83.1,50,82.9,150,,,,,,,,,,,,,,,,,83.4,103,83.6,100,,,,,,,,,,,,,,,,
2026-07-01T07:00:46.604320+00:00,2026-07-01T07:00:46.604236,2,1,83.25,0.3,83.1,50,82.9,150,,,,,,,,,,,,,,,,,83.4,103,,,,,,,,,,,,,,,,,,
2026-07-01T07:00:46.614696+00:00,2026-07-01T07:00:46.606859,1,1,83.15,0.5,82.9,150,,,,,,,,,,,,,,,,,,,83.4,103,,,,,,,,,,,,,,,,,,
2026-07-01T07:00:46.677165+00:00,2026-07-01T07:00:46.668188,2,1,83.15,0.5,82.9,150,82.8,100,,,,,,,,,,,,,,,,,83.4,103,,,,,,,,,,,,,,,,,,
2026-07-01T07:00:46.728881+00:00,2026-07-01T07:00:46.722498,2,2,83.1,0.4,82.9,150,82.8,100,,,,,,,,,,,,,,,,,83.3,100,83.4,103,,,,,,,,,,,,,,,,
2026-07-01T07:00:47.221829+00:00,2026-07-01T07:00:47.220482,1,1,83.05,0.5,82.8,100,,,,,,,,,,,,,,,,,,,83.3,100,,,,,,,,,,,,,,,,,,
2026-07-01T07:00:47.284484+00:00,2026-07-01T07:00:47.274600,2,1,83.25,0.1,83.2,150,82.8,100,,,,,,,,,,,,,,,,,83.3,100,,,,,,,,,,,,,,,,,,
2026-07-01T07:00:47.336723+00:00,2026-07-01T07:00:47.329698,2,2,83.25,0.1,83.2,150,82.8,100,,,,,,,,,,,,,,,,,83.3,100,83.7,150,,,,,,,,,,,,,,,,
2026-07-01T07:00:47.532970+00:00,2026-07-01T07:00:47.524097,2,2,83.25,0.1,83.2,125,82.8,100,,,,,,,,,,,,,,,,,83.3,100,83.7,150,,,,,,,,,,,,,,,,
2026-07-01T07:00:47.543400+00:00,2026-07-01T07:00:47.533686,2,2,83.25,0.1,83.2,123,82.8,100,,,,,,,,,,,,,,,,,83.3,100,83.7,150,,,,,,,,,,,,,,,,
2026-07-01T07:00:48.273915+00:00,2026-07-01T07:00:48.259234,2,2,83.25,0.1,83.2,73,82.8,100,,,,,,,,,,,,,,,,,83.3,100,83.7,150,,,,,,,,,,,,,,,,
2026-07-01T07:00:49.262488+00:00,2026-07-01T07:00:49.260439,2,2,83.25,0.1,83.2,73,82.8,100,,,,,,,,,,,,,,,,,83.3,105,83.7,150,,,,,,,,,,,,,,,,
2026-07-01T07:00:49.685375+00:00,2026-07-01T07:00:49.681553,2,2,83.25,0.1,83.2,73,82.8,100,,,,,,,,,,,,,,,,,83.3,56,83.7,150,,,,,,,,,,,,,,,,
2026-07-01T07:00:49.706163+00:00,2026-07-01T07:00:49.697801,2,2,83.25,0.1,83.2,73,82.8,100,,,,,,,,,,,,,,,,,83.3,66,83.7,150,,,,,,,,,,,,,,,,
2026-07-01T07:00:49.739581+00:00,2026-07-01T07:00:49.738440,2,2,83.25,0.1,83.2,61,82.8,100,,,,,,,,,,,,,,,,,83.3,66,83.7,150,,,,,,,,,,,,,,,,
2026-07-01T07:00:49.780909+00:00,2026-07-01T07:00:49.777880,1,2,83.25,0.1,83.2,61,,,,,,,,,,,,,,,,,,,83.3,15,83.7,150,,,,,,,,,,,,,,,,
2026-07-01T07:00:49.843540+00:00,2026-07-01T07:00:49.833559,2,2,83.25,0.1,83.2,61,82.7,100,,,,,,,,,,,,,,,,,83.3,15,83.7,150,,,,,,,,,,,,,,,,
2026-07-01T07:00:49.895480+00:00,2026-07-01T07:00:49.887450,1,3,82.95,0.5,82.7,100,,,,,,,,,,,,,,,,,,,83.2,39,83.3,15,83.7,150,,,,,,,,,,,,,,
2026-07-01T07:00:50.203960+00:00,2026-07-01T07:00:50.202548,1,3,82.95,0.5,82.7,100,,,,,,,,,,,,,,,,,,,83.2,39,83.3,5,83.7,150,,,,,,,,,,,,,,
2026-07-01T07:00:50.317588+00:00,2026-07-01T07:00:50.313709,1,3,82.95,0.5,82.7,59,,,,,,,,,,,,,,,,,,,83.2,39,83.3,5,83.7,150,,,,,,,,,,,,,,
2026-07-01T07:00:50.379345+00:00,2026-07-01T07:00:50.369402,1,3,82.95,0.5,82.7,9,,,,,,,,,,,,,,,,,,,83.2,39,83.3,5,83.7,150,,,,,,,,,,,,,,
2026-07-01T07:00:50.389748+00:00,2026-07-01T07:00:50.383213,1,2,82.95,0.5,82.7,9,,,,,,,,,,,,,,,,,,,83.2,39,83.3,5,,,,,,,,,,,,,,,,
2026-07-01T07:00:50.440871+00:00,2026-07-01T07:00:50.435480,2,2,82.95,0.5,82.7,9,82.4,150,,,,,,,,,,,,,,,,,83.2,39,83.3,5,,,,,,,,,,,,,,,,
2026-07-01T07:00:50.505646+00:00,2026-07-01T07:00:50.504405,2,3,82.8,0.2,82.7,9,82.4,150,,,,,,,,,,,,,,,,,82.9,127,83.2,39,83.3,5,,,,,,,,,,,,,,
2026-07-01T07:00:50.710236+00:00,2026-07-01T07:00:50.708574,2,3,82.8,0.2,82.7,19,82.4,150,,,,,,,,,,,,,,,,,82.9,127,83.2,39,83.3,5,,,,,,,,,,,,,,
2026-07-01T07:00:51.214075+00:00,2026-07-01T07:00:51.212971,2,3,82.8,0.2,82.7,9,82.4,150,,,,,,,,,,,,,,,,,82.9,127,83.2,39,83.3,5,,,,,,,,,,,,,,
2026-07-01T07:00:51.285721+00:00,2026-07-01T07:00:51.285151,2,3,82.8,0.2,82.7,9,82.4,150,,,,,,,,,,,,,,,,,82.9,126,83.2,39,83.3,5,,,,,,,,,,,,,,
2026-07-01T07:00:52.109531+00:00,2026-07-01T07:00:52.109094,2,3,82.8,0.2,82.7,9,82.4,150,,,,,,,,,,,,,,,,,82.9,126,83.2,39,83.3,3,,,,,,,,,,,,,,
2026-07-01T07:00:52.295109+00:00,2026-07-01T07:00:52.290899,2,3,82.8,0.2,82.7,9,82.4,150,,,,,,,,,,,,,,,,,82.9,123,83.2,39,83.3,3,,,,,,,,,,,,,,
2026-07-01T07:00:52.480028+00:00,2026-07-01T07:00:52.477972,1,3,82.65,0.5,82.4,109,,,,,,,,,,,,,,,,,,,82.9,123,83.2,39,83.3,3,,,,,,,,,,,,,,
2026-07-01T07:00:52.942721+00:00,2026-07-01T07:00:52.942117,1,2,82.65,0.5,82.4,109,,,,,,,,,,,,,,,,,,,82.9,123,83.3,3,,,,,,,,,,,,,,,,
2026-07-01T07:00:53.004611+00:00,2026-07-01T07:00:52.995132,2,2,82.7,0.4,82.5,100,82.4,109,,,,,,,,,,,,,,,,,82.9,123,83.3,3,,,,,,,,,,,,,,,,
2026-07-01T07:00:53.056037+00:00,2026-07-01T07:00:53.048044,2,3,82.7,0.4,82.5,100,82.4,109,,,,,,,,,,,,,,,,,82.9,123,83.0,100,83.3,3,,,,,,,,,,,,,,
2026-07-01T07:00:53.128486+00:00,2026-07-01T07:00:53.123496,2,3,82.7,0.4,82.5,100,82.4,109,,,,,,,,,,,,,,,,,82.9,123,83.0,100,83.3,1,,,,,,,,,,,,,,
2026-07-01T07:00:53.241406+00:00,2026-07-01T07:00:53.233580,2,3,82.7,0.4,82.5,100,82.4,109,,,,,,,,,,,,,,,,,82.9,74,83.0,100,83.3,1,,,,,,,,,,,,,,
2026-07-01T07:00:53.324480+00:00,2026-07-01T07:00:53.318928,2,3,82.7,0.4,82.5,51,82.4,109,,,,,,,,,,,,,,,,,82.9,74,83.0,100,83.3,1,,,,,,,,,,,,,,
2026-07-01T07:00:53.552523+00:00,2026-07-01T07:00:53.545757,1,2,82.75,0.5,82.5,51,,,,,,,,,,,,,,,,,,,83.0,100,83.3,1,,,,,,,,,,,,,,,,
2026-07-01T07:00:53.604239+00:00,2026-07-01T07:00:53.598477,2,2,82.75,0.5,82.5,51,82.4,150,,,,,,,,,,,,,,,,,83.0,100,83.3,1,,,,,,,,,,,,,,,,
2026-07-01T07:00:53.656263+00:00,2026-07-01T07:00:53.651353,2,3,82.7,0.4,82.5,51,82.4,150,,,,,,,,,,,,,,,,,82.9,150,83.0,100,83.3,1,,,,,,,,,,,,,,
2026-07-01T07:00:54.592303+00:00,2026-07-01T07:00:54.585022,2,2,82.7,0.4,82.5,1,82.4,150,,,,,,,,,,,,,,,,,82.9,150,83.0,100,,,,,,,,,,,,,,,,
2026-07-01T07:00:55.333789+00:00,2026-07-01T07:00:55.332644,2,3,82.7,0.4,82.5,1,82.4,150,,,,,,,,,,,,,,,,,82.9,150,83.0,100,83.1,3,,,,,,,,,,,,,,
2026-07-01T07:00:55.550072+00:00,2026-07-01T07:00:55.548900,2,3,82.7,0.4,82.5,1,82.4,150,,,,,,,,,,,,,,,,,82.9,150,83.0,100,83.1,3,,,,,,,,,,,,,,
2026-07-01T07:00:56.107893+00:00,2026-07-01T07:00:56.102942,1,2,82.65,0.5,82.4,150,,,,,,,,,,,,,,,,,,,82.9,150,83.1,3,,,,,,,,,,,,,,,,
2026-07-01T07:00:56.169873+00:00,2026-07-01T07:00:56.159914,2,2,82.65,0.5,82.4,150,82.1,100,,,,,,,,,,,,,,,,,82.9,150,83.1,3,,,,,,,,,,,,,,,,
2026-07-01T07:00:56.233480+00:00,2026-07-01T07:00:56.232692,2,3,82.5,0.2,82.4,150,82.1,100,,,,,,,,,,,,,,,,,82.6,95,82.9,150,83.1,3,,,,,,,,,,,,,,
2026-07-01T07:00:56.254231+00:00,2026-07-01T07:00:56.249120,2,3,82.5,0.2,82.4,160,82.1,100,,,,,,,,,,,,,,,,,82.6,95,82.9,150,83.1,3,,,,,,,,,,,,,,
2026-07-01T07:00:56.359018+00:00,2026-07-01T07:00:56.357370,2,3,82.5,0.2,82.4,160,82.1,100,,,,,,,,,,,,,,,,,82.6,92,82.9,150,83.1,3,,,,,,,,,,,,,,
2026-07-01T07:00:56.648076+00:00,2026-07-01T07:00:56.640233,2,3,82.5,0.2,82.4,160,82.1,100,,,,,,,,,,,,,,,,,82.6,42,82.9,150,83.1,3,,,,,,,,,,,,,,
2026-07-01T07:00:56.710133+00:00,2026-07-01T07:00:56.707008,2,2,82.5,0.2,82.4,10,82.1,100,,,,,,,,,,,,,,,,,82.6,42,83.1,3,,,,,,,,,,,,,,,,
2026-07-01T07:00:56.761420+00:00,2026-07-01T07:00:56.759969,3,2,82.5,0.2,82.4,150,82.2,10,82.1,100,,,,,,,,,,,,,,,82.6,42,83.1,3,,,,,,,,,,,,,,,,
2026-07-01T07:00:56.812903+00:00,2026-07-01T07:00:56.812340,3,3,82.5,0.2,82.4,150,82.2,10,82.1,100,,,,,,,,,,,,,,,82.6,42,82.9,150,83.1,3,,,,,,,,,,,,,,
2026-07-01T07:00:57.267867+00:00,2026-07-01T07:00:57.263246,2,3,82.5,0.2,82.4,160,82.1,100,,,,,,,,,,,,,,,,,82.6,42,82.9,150,83.1,3,,,,,,,,,,,,,,
2026-07-01T07:00:57.771956+00:00,2026-07-01T07:00:57.771504,2,3,82.5,0.2,82.4,160,82.1,100,,,,,,,,,,,,,,,,,82.6,42,82.9,150,83.1,3,,,,,,,,,,,,,,
2026-07-01T07:00:58.277201+00:00,2026-07-01T07:00:58.276024,2,3,82.5,0.2,82.4,150,82.1,100,,,,,,,,,,,,,,,,,82.6,42,82.9,150,83.1,3,,,,,,,,,,,,,,
2026-07-01T07:00:58.287586+00:00,2026-07-01T07:00:58.281891,2,3,82.5,0.2,82.4,160,82.1,100,,,,,,,,,,,,,,,,,82.6,42,82.9,150,83.1,3,,,,,,,,,,,,,,
2026-07-01T07:00:58.791954+00:00,2026-07-01T07:00:58.788614,2,3,82.5,0.2,82.4,160,82.1,100,,,,,,,,,,,,,,,,,82.6,42,82.9,150,83.1,3,,,,,,,,,,,,,,
2026-07-01T07:00:58.823023+00:00,2026-07-01T07:00:58.819436,2,3,82.5,0.2,82.4,110,82.1,100,,,,,,,,,,,,,,,,,82.6,42,82.9,150,83.1,3,,,,,,,,,,,,,,
2026-07-01T07:00:59.276791+00:00,2026-07-01T07:00:59.271025,1,2,82.65,0.5,82.4,110,,,,,,,,,,,,,,,,,,,82.9,150,83.1,3,,,,,,,,,,,,,,,,
2026-07-01T07:00:59.303059+00:00,2026-07-01T07:00:59.292533,1,2,82.65,0.5,82.4,100,,,,,,,,,,,,,,,,,,,82.9,150,83.1,3,,,,,,,,,,,,,,,,
2026-07-01T07:00:59.333820+00:00,2026-07-01T07:00:59.324682,2,2,82.65,0.5,82.4,100,82.3,100,,,,,,,,,,,,,,,,,82.9,150,83.1,3,,,,,,,,,,,,,,,,
2026-07-01T07:00:59.375273+00:00,2026-07-01T07:00:59.373306,2,2,82.65,0.5,82.4,100,82.3,100,,,,,,,,,,,,,,,,,82.9,150,83.1,2,,,,,,,,,,,,,,,,
2026-07-01T07:00:59.385617+00:00,2026-07-01T07:00:59.377637,2,3,82.6,0.4,82.4,100,82.3,100,,,,,,,,,,,,,,,,,82.8,100,82.9,150,83.1,2,,,,,,,,,,,,,,
2026-07-01T07:00:59.869612+00:00,2026-07-01T07:00:59.867284,1,2,82.55,0.5,82.3,100,,,,,,,,,,,,,,,,,,,82.8,100,83.1,2,,,,,,,,,,,,,,,,
2026-07-01T07:00:59.921207+00:00,2026-07-01T07:00:59.919544,2,2,82.55,0.5,82.3,100,82.2,150,,,,,,,,,,,,,,,,,82.8,100,83.1,2,,,,,,,,,,,,,,,,
2026-07-01T07:00:59.983422+00:00,2026-07-01T07:00:59.980961,2,3,82.5,0.4,82.3,100,82.2,150,,,,,,,,,,,,,,,,,82.7,150,82.8,100,83.1,2,,,,,,,,,,,,,,
2026-07-01T07:01:00.313554+00:00,2026-07-01T07:01:00.303979,3,3,82.55,0.3,82.4,10,82.3,100,82.2,150,,,,,,,,,,,,,,,82.7,150,82.8,100,83.1,2,,,,,,,,,,,,,,
2026-07-01T07:01:00.344614+00:00,2026-07-01T07:01:00.335357,3,2,82.55,0.3,82.4,10,82.3,100,82.2,150,,,,,,,,,,,,,,,82.7,150,82.8,100,,,,,,,,,,,,,,,,
2026-07-01T07:01:00.809334+00:00,2026-07-01T07:01:00.807984,2,2,82.5,0.4,82.3,100,82.2,150,,,,,,,,,,,,,,,,,82.7,150,82.8,100,,,,,,,,,,,,,,,,
2026-07-01T07:01:00.819709+00:00,2026-07-01T07:01:00.810936,3,2,82.55,0.3,82.4,10,82.3,100,82.2,150,,,,,,,,,,,,,,,82.7,150,82.8,100,,,,,,,,,,,,,,,,
2026-07-01T07:01:00.932285+00:00,2026-07-01T07:01:00.931738,2,2,82.5,0.4,82.3,60,82.2,150,,,,,,,,,,,,,,,,,82.7,150,82.8,100,,,,,,,,,,,,,,,,
2026-07-01T07:01:02.437847+00:00,2026-07-01T07:01:02.433099,1,1,82.45,0.5,82.2,150,,,,,,,,,,,,,,,,,,,82.7,150,,,,,,,,,,,,,,,,,,
2026-07-01T07:01:02.489495+00:00,2026-07-01T07:01:02.486118,1,1,82.45,0.5,82.2,250,,,,,,,,,,,,,,,,,,,82.7,150,,,,,,,,,,,,,,,,,,
2026-07-01T07:01:02.551122+00:00,2026-07-01T07:01:02.545490,1,1,82.45,0.5,82.2,250,,,,,,,,,,,,,,,,,,,82.7,250,,,,,,,,,,,,,,,,,,
2026-07-01T07:01:03.035434+00:00,2026-07-01T07:01:03.030349,1,1,82.45,0.5,82.2,100,,,,,,,,,,,,,,,,,,,82.7,100,,,,,,,,,,,,,,,,,,
2026-07-01T07:01:03.056110+00:00,2026-07-01T07:01:03.050528,1,1,82.45,0.5,82.2,50,,,,,,,,,,,,,,,,,,,82.7,100,,,,,,,,,,,,,,,,,,
2026-07-01T07:01:03.087264+00:00,2026-07-01T07:01:03.084303,1,1,82.45,0.5,82.2,200,,,,,,,,,,,,,,,,,,,82.7,100,,,,,,,,,,,,,,,,,,
2026-07-01T07:01:03.138909+00:00,2026-07-01T07:01:03.136571,1,1,82.45,0.5,82.2,200,,,,,,,,,,,,,,,,,,,82.7,250,,,,,,,,,,,,,,,,,,
2026-07-01T07:01:03.540577+00:00,2026-07-01T07:01:03.535182,1,2,82.45,0.5,82.2,200,,,,,,,,,,,,,,,,,,,82.7,250,82.9,6,,,,,,,,,,,,,,,,
2026-07-01T07:01:04.863561+00:00,2026-07-01T07:01:04.861288,1,2,82.45,0.5,82.2,200,,,,,,,,,,,,,,,,,,,82.7,202,82.9,6,,,,,,,,,,,,,,,,
2026-07-01T07:01:05.159930+00:00,2026-07-01T07:01:05.157867,1,2,82.45,0.5,82.2,150,,,,,,,,,,,,,,,,,,,82.7,202,82.9,6,,,,,,,,,,,,,,,,
2026-07-01T07:01:05.602605+00:00,2026-07-01T07:01:05.601426,1,2,82.45,0.5,82.2,150,,,,,,,,,,,,,,,,,,,82.7,150,82.9,6,,,,,,,,,,,,,,,,
2026-07-01T07:01:05.664746+00:00,2026-07-01T07:01:05.654886,1,2,82.45,0.5,82.2,250,,,,,,,,,,,,,,,,,,,82.7,150,82.9,6,,,,,,,,,,,,,,,,
2026-07-01T07:01:05.716204+00:00,2026-07-01T07:01:05.707419,1,2,82.45,0.5,82.2,250,,,,,,,,,,,,,,,,,,,82.7,250,82.9,6,,,,,,,,,,,,,,,,
2026-07-01T07:01:05.767888+00:00,2026-07-01T07:01:05.762380,1,2,82.45,0.5,82.2,250,,,,,,,,,,,,,,,,,,,82.7,250,82.9,5,,,,,,,,,,,,,,,,
2026-07-01T07:01:05.901979+00:00,2026-07-01T07:01:05.898341,2,2,82.5,0.4,82.3,10,82.2,250,,,,,,,,,,,,,,,,,82.7,250,82.9,5,,,,,,,,,,,,,,,,
2026-07-01T07:01:06.190492+00:00,2026-07-01T07:01:06.189895,2,2,82.5,0.4,82.3,10,82.2,100,,,,,,,,,,,,,,,,,82.7,100,82.9,5,,,,,,,,,,,,,,,,
2026-07-01T07:01:06.252646+00:00,2026-07-01T07:01:06.242655,2,2,82.5,0.4,82.3,160,82.2,100,,,,,,,,,,,,,,,,,82.7,100,82.9,5,,,,,,,,,,,,,,,,
2026-07-01T07:01:06.304119+00:00,2026-07-01T07:01:06.294163,2,3,82.5,0.4,82.3,160,82.2,100,,,,,,,,,,,,,,,,,82.7,100,82.8,150,82.9,5,,,,,,,,,,,,,,
2026-07-01T07:01:06.406885+00:00,2026-07-01T07:01:06.404879,3,3,82.55,0.3,82.4,10,82.3,150,82.2,100,,,,,,,,,,,,,,,82.7,100,82.8,150,82.9,5,,,,,,,,,,,,,,
2026-07-01T07:01:06.910015+00:00,2026-07-01T07:01:06.909068,2,3,82.5,0.4,82.3,150,82.2,100,,,,,,,,,,,,,,,,,82.7,100,82.8,150,82.9,5,,,,,,,,,,,,,,
2026-07-01T07:01:07.300792+00:00,2026-07-01T07:01:07.291028,2,3,82.5,0.4,82.3,100,82.2,100,,,,,,,,,,,,,,,,,82.7,100,82.8,150,82.9,5,,,,,,,,,,,,,,
2026-07-01T07:01:08.453476+00:00,2026-07-01T07:01:08.444120,3,3,82.55,0.3,82.4,10,82.3,100,82.2,100,,,,,,,,,,,,,,,82.7,100,82.8,150,82.9,5,,,,,,,,,,,,,,
2026-07-01T07:01:08.720339+00:00,2026-07-01T07:01:08.716602,4,3,82.6,0.2,82.5,1,82.4,10,82.3,100,82.2,100,,,,,,,,,,,,,82.7,100,82.8,150,82.9,5,,,,,,,,,,,,,,
2026-07-01T07:01:08.740880+00:00,2026-07-01T07:01:08.734176,4,2,82.6,0.2,82.5,1,82.4,10,82.3,100,82.2,100,,,,,,,,,,,,,82.7,100,82.8,150,,,,,,,,,,,,,,,,
2026-07-01T07:01:08.771606+00:00,2026-07-01T07:01:08.764023,3,1,82.65,0.3,82.5,1,82.4,10,82.3,100,,,,,,,,,,,,,,,82.8,150,,,,,,,,,,,,,,,,,,
2026-07-01T07:01:08.823058+00:00,2026-07-01T07:01:08.817874,4,1,82.65,0.3,82.5,1,82.4,10,82.3,100,82.2,100,,,,,,,,,,,,,82.8,150,,,,,,,,,,,,,,,,,,
2026-07-01T07:01:08.833426+00:00,2026-07-01T07:01:08.826159,4,1,82.65,0.3,82.5,1,82.4,10,82.3,100,82.2,100,,,,,,,,,,,,,82.8,109,,,,,,,,,,,,,,,,,,
2026-07-01T07:01:08.874377+00:00,2026-07-01T07:01:08.870599,4,2,82.6,0.2,82.5,1,82.4,10,82.3,100,82.2,100,,,,,,,,,,,,,82.7,100,82.8,109,,,,,,,,,,,,,,,,
2026-07-01T07:01:08.956281+00:00,2026-07-01T07:01:08.954349,3,2,82.6,0.2,82.5,11,82.3,100,82.2,100,,,,,,,,,,,,,,,82.7,100,82.8,109,,,,,,,,,,,,,,,,
2026-07-01T07:01:09.244194+00:00,2026-07-01T07:01:09.236537,3,2,82.6,0.2,82.5,11,82.3,100,82.2,100,,,,,,,,,,,,,,,82.7,105,82.8,109,,,,,,,,,,,,,,,,
2026-07-01T07:01:09.347769+00:00,2026-07-01T07:01:09.347594,3,1,82.6,0.2,82.5,11,82.3,100,82.2,100,,,,,,,,,,,,,,,82.7,105,,,,,,,,,,,,,,,,,,
2026-07-01T07:01:09.358072+00:00,2026-07-01T07:01:09.349895,2,1,82.6,0.2,82.5,11,82.2,100,,,,,,,,,,,,,,,,,82.7,105,,,,,,,,,,,,,,,,,,
2026-07-01T07:01:09.409777+00:00,2026-07-01T07:01:09.404466,2,1,82.5,0.4,82.3,150,82.2,61,,,,,,,,,,,,,,,,,82.7,105,,,,,,,,,,,,,,,,,,
2026-07-01T07:01:09.440944+00:00,2026-07-01T07:01:09.439330,3,1,82.55,0.3,82.4,1,82.3,150,82.2,61,,,,,,,,,,,,,,,82.7,104,,,,,,,,,,,,,,,,,,
2026-07-01T07:01:09.461562+00:00,2026-07-01T07:01:09.461061,3,2,82.55,0.3,82.4,1,82.3,150,82.2,61,,,,,,,,,,,,,,,82.7,104,82.8,150,,,,,,,,,,,,,,,,
2026-07-01T07:01:09.709698+00:00,2026-07-01T07:01:09.700190,2,2,82.5,0.4,82.3,150,82.2,61,,,,,,,,,,,,,,,,,82.7,104,82.8,150,,,,,,,,,,,,,,,,
2026-07-01T07:01:11.544094+00:00,2026-07-01T07:01:11.535524,2,2,82.5,0.4,82.3,100,82.2,61,,,,,,,,,,,,,,,,,82.7,104,82.8,150,,,,,,,,,,,,,,,,
2026-07-01T07:01:11.894238+00:00,2026-07-01T07:01:11.892584,2,2,82.5,0.4,82.3,52,82.2,61,,,,,,,,,,,,,,,,,82.7,104,82.8,150,,,,,,,,,,,,,,,,
2026-07-01T07:01:11.925255+00:00,2026-07-01T07:01:11.924208,2,2,82.5,0.4,82.3,52,82.2,61,,,,,,,,,,,,,,,,,82.7,4,82.8,150,,,,,,,,,,,,,,,,
2026-07-01T07:01:11.935659+00:00,2026-07-01T07:01:11.925580,1,2,82.5,0.4,82.3,52,,,,,,,,,,,,,,,,,,,82.7,4,82.8,150,,,,,,,,,,,,,,,,
2026-07-01T07:01:11.987257+00:00,2026-07-01T07:01:11.978778,2,2,82.5,0.4,82.3,52,81.9,100,,,,,,,,,,,,,,,,,82.7,4,82.8,150,,,,,,,,,,,,,,,,
2026-07-01T07:01:12.039047+00:00,2026-07-01T07:01:12.031561,2,3,82.35,0.1,82.3,52,81.9,100,,,,,,,,,,,,,,,,,82.4,100,82.7,4,82.8,150,,,,,,,,,,,,,,
2026-07-01T07:01:12.163482+00:00,2026-07-01T07:01:12.162884,2,2,82.5,0.4,82.3,52,81.9,100,,,,,,,,,,,,,,,,,82.7,4,82.8,150,,,,,,,,,,,,,,,,
2026-07-01T07:01:12.522258+00:00,2026-07-01T07:01:12.516437,1,1,82.3,0.8,81.9,100,,,,,,,,,,,,,,,,,,,82.7,4,,,,,,,,,,,,,,,,,,
2026-07-01T07:01:12.573450+00:00,2026-07-01T07:01:12.569292,2,1,82.3,0.8,81.9,100,81.7,150,,,,,,,,,,,,,,,,,82.7,4,,,,,,,,,,,,,,,,,,
2026-07-01T07:01:12.633923+00:00,2026-07-01T07:01:12.632061,2,1,82.3,0.8,81.9,100,81.7,150,,,,,,,,,,,,,,,,,82.7,4,,,,,,,,,,,,,,,,,,
2026-07-01T07:01:13.788393+00:00,2026-07-01T07:01:13.779682,3,1,82.55,0.3,82.4,1,81.9,100,81.7,150,,,,,,,,,,,,,,,82.7,4,,,,,,,,,,,,,,,,,,
2026-07-01T07:01:13.932905+00:00,2026-07-01T07:01:13.931907,3,0,,,82.4,1,81.9,100,81.7,150,,,,,,,,,,,,,,,,,,,,,,,,,,,,,,,,,,
2026-07-01T07:01:13.994628+00:00,2026-07-01T07:01:13.990173,2,1,82.3,0.8,81.9,100,81.7,150,,,,,,,,,,,,,,,,,82.7,5,,,,,,,,,,,,,,,,,,
2026-07-01T07:01:14.035794+00:00,2026-07-01T07:01:14.034685,3,1,82.55,0.3,82.4,1,81.9,100,81.7,150,,,,,,,,,,,,,,,82.7,5,,,,,,,,,,,,,,,,,,
2026-07-01T07:01:14.076974+00:00,2026-07-01T07:01:14.072332,2,1,82.3,0.8,81.9,100,81.7,150,,,,,,,,,,,,,,,,,82.7,5,,,,,,,,,,,,,,,,,,
2026-07-01T07:01:14.323625+00:00,2026-07-01T07:01:14.320149,3,1,82.55,0.3,82.4,1,81.9,100,81.7,150,,,,,,,,,,,,,,,82.7,5,,,,,,,,,,,,,,,,,,
2026-07-01T07:01:14.533546+00:00,2026-07-01T07:01:14.528139,3,1,82.55,0.3,82.4,11,81.9,100,81.7,150,,,,,,,,,,,,,,,82.7,5,,,,,,,,,,,,,,,,,,
2026-07-01T07:01:14.966558+00:00,2026-07-01T07:01:14.962844,2,1,82.3,0.8,81.9,100,81.7,150,,,,,,,,,,,,,,,,,82.7,5,,,,,,,,,,,,,,,,,,
2026-07-01T07:01:14.997397+00:00,2026-07-01T07:01:14.991174,3,1,82.55,0.3,82.4,1,81.9,100,81.7,150,,,,,,,,,,,,,,,82.7,4,,,,,,,,,,,,,,,,,,
2026-07-01T07:01:15.038682+00:00,2026-07-01T07:01:15.033720,3,1,82.55,0.3,82.4,11,81.9,100,81.7,150,,,,,,,,,,,,,,,82.7,4,,,,,,,,,,,,,,,,,,
2026-07-01T07:01:15.048997+00:00,2026-07-01T07:01:15.040858,3,1,82.55,0.3,82.4,10,81.9,100,81.7,150,,,,,,,,,,,,,,,82.7,4,,,,,,,,,,,,,,,,,,
2026-07-01T07:01:15.101337+00:00,2026-07-01T07:01:15.092601,2,1,82.55,0.3,82.4,10,81.7,150,,,,,,,,,,,,,,,,,82.7,4,,,,,,,,,,,,,,,,,,
2026-07-01T07:01:15.152704+00:00,2026-07-01T07:01:15.149157,3,1,82.55,0.3,82.4,10,82.3,100,81.7,150,,,,,,,,,,,,,,,82.7,4,,,,,,,,,,,,,,,,,,
2026-07-01T07:01:15.204281+00:00,2026-07-01T07:01:15.203087,3,2,82.55,0.3,82.4,10,82.3,100,81.7,150,,,,,,,,,,,,,,,82.7,4,82.8,100,,,,,,,,,,,,,,,,
2026-07-01T07:01:15.553214+00:00,2026-07-01T07:01:15.546569,3,2,82.55,0.3,82.4,10,82.3,100,81.7,150,,,,,,,,,,,,,,,82.7,4,82.8,100,,,,,,,,,,,,,,,,
2026-07-01T07:01:15.676191+00:00,2026-07-01T07:01:15.676106,2,2,82.55,0.3,82.4,10,82.3,100,,,,,,,,,,,,,,,,,82.7,4,82.8,100,,,,,,,,,,,,,,,,
2026-07-01T07:01:15.738798+00:00,2026-07-01T07:01:15.729995,3,2,82.6,0.2,82.5,150,82.4,10,82.3,100,,,,,,,,,,,,,,,82.7,4,82.8,100,,,,,,,,,,,,,,,,
2026-07-01T07:01:15.780232+00:00,2026-07-01T07:01:15.771113,3,2,82.6,0.2,82.5,100,82.4,10,82.3,100,,,,,,,,,,,,,,,82.7,4,82.8,100,,,,,,,,,,,,,,,,
2026-07-01T07:01:15.790618+00:00,2026-07-01T07:01:15.782561,3,3,82.6,0.2,82.5,100,82.4,10,82.3,100,,,,,,,,,,,,,,,82.7,4,82.8,100,83.0,150,,,,,,,,,,,,,,
2026-07-01T07:01:16.058337+00:00,2026-07-01T07:01:16.054577,2,3,82.6,0.2,82.5,110,82.3,100,,,,,,,,,,,,,,,,,82.7,4,82.8,100,83.0,150,,,,,,,,,,,,,,
2026-07-01T07:01:16.573355+00:00,2026-07-01T07:01:16.569712,2,3,82.6,0.2,82.5,110,82.3,100,,,,,,,,,,,,,,,,,82.7,4,82.8,100,83.0,150,,,,,,,,,,,,,,
2026-07-01T07:01:17.076731+00:00,2026-07-01T07:01:17.073911,2,3,82.6,0.2,82.5,100,82.3,100,,,,,,,,,,,,,,,,,82.7,4,82.8,100,83.0,150,,,,,,,,,,,,,,
2026-07-01T07:01:17.087050+00:00,2026-07-01T07:01:17.077373,2,3,82.6,0.2,82.5,110,82.3,100,,,,,,,,,,,,,,,,,82.7,4,82.8,100,83.0,150,,,,,,,,,,,,,,
2026-07-01T07:01:17.531051+00:00,2026-07-01T07:01:17.523248,2,2,82.65,0.3,82.5,110,82.3,100,,,,,,,,,,,,,,,,,82.8,57,83.0,150,,,,,,,,,,,,,,,,
2026-07-01T07:01:17.593104+00:00,2026-07-01T07:01:17.591470,2,2,82.65,0.3,82.5,100,82.3,100,,,,,,,,,,,,,,,,,82.8,57,83.0,150,,,,,,,,,,,,,,,,
2026-07-01T07:01:17.882125+00:00,2026-07-01T07:01:17.877467,2,2,82.65,0.3,82.5,50,82.3,100,,,,,,,,,,,,,,,,,82.8,57,83.0,150,,,,,,,,,,,,,,,,
2026-07-01T07:01:18.131260+00:00,2026-07-01T07:01:18.128915,2,3,82.6,0.2,82.5,50,82.3,100,,,,,,,,,,,,,,,,,82.7,5,82.8,57,83.0,150,,,,,,,,,,,,,,
2026-07-01T07:01:18.265471+00:00,2026-07-01T07:01:18.258389,1,2,82.6,0.2,82.5,50,,,,,,,,,,,,,,,,,,,82.7,5,83.0,150,,,,,,,,,,,,,,,,
2026-07-01T07:01:18.316829+00:00,2026-07-01T07:01:18.311303,1,2,82.6,0.2,82.5,150,,,,,,,,,,,,,,,,,,,82.7,5,83.0,150,,,,,,,,,,,,,,,,
2026-07-01T07:01:18.368187+00:00,2026-07-01T07:01:18.364620,1,2,82.6,0.2,82.5,150,,,,,,,,,,,,,,,,,,,82.7,5,83.0,250,,,,,,,,,,,,,,,,
2026-07-01T07:01:18.595236+00:00,2026-07-01T07:01:18.594111,1,2,82.6,0.2,82.5,147,,,,,,,,,,,,,,,,,,,82.7,5,83.0,250,,,,,,,,,,,,,,,,
2026-07-01T07:01:18.842437+00:00,2026-07-01T07:01:18.837528,1,2,82.6,0.2,82.5,100,,,,,,,,,,,,,,,,,,,82.7,5,83.0,100,,,,,,,,,,,,,,,,
2026-07-01T07:01:18.893628+00:00,2026-07-01T07:01:18.890167,2,2,82.6,0.2,82.5,100,82.0,150,,,,,,,,,,,,,,,,,82.7,5,83.0,100,,,,,,,,,,,,,,,,
2026-07-01T07:01:18.903972+00:00,2026-07-01T07:01:18.894298,3,2,82.6,0.2,82.5,100,82.4,1,82.0,150,,,,,,,,,,,,,,,82.7,5,83.0,100,,,,,,,,,,,,,,,,
2026-07-01T07:01:18.934798+00:00,2026-07-01T07:01:18.932988,2,2,82.6,0.2,82.5,100,82.0,150,,,,,,,,,,,,,,,,,82.7,5,83.0,100,,,,,,,,,,,,,,,,
2026-07-01T07:01:18.945155+00:00,2026-07-01T07:01:18.944850,1,3,82.25,0.5,82.0,150,,,,,,,,,,,,,,,,,,,82.5,50,82.7,5,83.0,100,,,,,,,,,,,,,,
2026-07-01T07:01:19.058261+00:00,2026-07-01T07:01:19.055648,1,2,82.35,0.7,82.0,150,,,,,,,,,,,,,,,,,,,82.7,5,83.0,100,,,,,,,,,,,,,,,,
2026-07-01T07:01:19.643712+00:00,2026-07-01T07:01:19.634097,2,2,82.4,0.6,82.1,10,82.0,150,,,,,,,,,,,,,,,,,82.7,5,83.0,100,,,,,,,,,,,,,,,,
2026-07-01T07:01:19.995111+00:00,2026-07-01T07:01:19.991387,1,2,82.35,0.7,82.0,110,,,,,,,,,,,,,,,,,,,82.7,5,83.0,100,,,,,,,,,,,,,,,,
2026-07-01T07:01:20.652288+00:00,2026-07-01T07:01:20.651899,2,1,82.55,0.9,82.1,10,82.0,110,,,,,,,,,,,,,,,,,83.0,100,,,,,,,,,,,,,,,,,,
2026-07-01T07:01:20.744591+00:00,2026-07-01T07:01:20.743267,2,2,82.4,0.6,82.1,10,82.0,110,,,,,,,,,,,,,,,,,82.7,5,83.0,100,,,,,,,,,,,,,,,,
2026-07-01T07:01:20.754928+00:00,2026-07-01T07:01:20.747114,3,2,82.55,0.3,82.4,1,82.1,10,82.0,110,,,,,,,,,,,,,,,82.7,5,83.0,100,,,,,,,,,,,,,,,,
2026-07-01T07:01:20.795991+00:00,2026-07-01T07:01:20.794321,2,2,82.4,0.6,82.1,10,82.0,110,,,,,,,,,,,,,,,,,82.7,5,83.0,100,,,,,,,,,,,,,,,,
2026-07-01T07:01:21.156186+00:00,2026-07-01T07:01:21.154780,1,2,82.35,0.7,82.0,110,,,,,,,,,,,,,,,,,,,82.7,5,83.0,100,,,,,,,,,,,,,,,,
2026-07-01T07:01:21.166586+00:00,2026-07-01T07:01:21.161339,2,2,82.4,0.6,82.1,10,82.0,110,,,,,,,,,,,,,,,,,82.7,5,83.0,100,,,,,,,,,,,,,,,,
2026-07-01T07:01:21.425462+00:00,2026-07-01T07:01:21.418053,2,1,82.4,0.6,82.1,10,82.0,110,,,,,,,,,,,,,,,,,82.7,5,,,,,,,,,,,,,,,,,,
2026-07-01T07:01:21.477135+00:00,2026-07-01T07:01:21.470886,3,1,82.5,0.4,82.3,100,82.1,10,82.0,110,,,,,,,,,,,,,,,82.7,5,,,,,,,,,,,,,,,,,,
2026-07-01T07:01:21.528785+00:00,2026-07-01T07:01:21.523408,3,2,82.5,0.4,82.3,100,82.1,10,82.0,110,,,,,,,,,,,,,,,82.7,5,82.8,100,,,,,,,,,,,,,,,,
2026-07-01T07:01:21.662468+00:00,2026-07-01T07:01:21.662370,2,2,82.5,0.4,82.3,100,82.0,110,,,,,,,,,,,,,,,,,82.7,5,82.8,100,,,,,,,,,,,,,,,,
2026-07-01T07:01:21.672818+00:00,2026-07-01T07:01:21.665637,3,2,82.55,0.3,82.4,10,82.3,100,82.0,110,,,,,,,,,,,,,,,82.7,5,82.8,100,,,,,,,,,,,,,,,,
2026-07-01T07:01:21.693440+00:00,2026-07-01T07:01:21.686849,3,2,82.55,0.3,82.4,10,82.3,100,82.0,110,,,,,,,,,,,,,,,82.7,4,82.8,100,,,,,,,,,,,,,,,,
2026-07-01T07:01:21.888981+00:00,2026-07-01T07:01:21.884677,3,2,82.55,0.3,82.4,11,82.3,100,82.0,110,,,,,,,,,,,,,,,82.7,4,82.8,100,,,,,,,,,,,,,,,,
2026-07-01T07:01:22.001801+00:00,2026-07-01T07:01:21.998831,2,2,82.55,0.3,82.4,11,82.3,100,,,,,,,,,,,,,,,,,82.7,4,82.8,100,,,,,,,,,,,,,,,,
2026-07-01T07:01:22.053355+00:00,2026-07-01T07:01:22.052086,3,2,82.65,0.1,82.6,150,82.4,11,82.3,100,,,,,,,,,,,,,,,82.7,4,82.8,100,,,,,,,,,,,,,,,,
2026-07-01T07:01:22.094526+00:00,2026-07-01T07:01:22.085022,3,2,82.65,0.1,82.6,106,82.4,11,82.3,100,,,,,,,,,,,,,,,82.7,4,82.8,100,,,,,,,,,,,,,,,,
2026-07-01T07:01:22.105086+00:00,2026-07-01T07:01:22.104793,3,3,82.65,0.1,82.6,106,82.4,11,82.3,100,,,,,,,,,,,,,,,82.7,4,82.8,100,83.1,150,,,,,,,,,,,,,,
2026-07-01T07:01:22.177209+00:00,2026-07-01T07:01:22.173481,3,3,82.65,0.1,82.6,116,82.4,1,82.3,100,,,,,,,,,,,,,,,82.7,4,82.8,100,83.1,150,,,,,,,,,,,,,,
2026-07-01T07:01:22.537823+00:00,2026-07-01T07:01:22.529210,3,2,82.7,0.2,82.6,116,82.4,1,82.3,100,,,,,,,,,,,,,,,82.8,100,83.1,150,,,,,,,,,,,,,,,,
2026-07-01T07:01:22.630609+00:00,2026-07-01T07:01:22.626941,3,2,82.7,0.2,82.6,116,82.4,1,82.3,100,,,,,,,,,,,,,,,82.8,75,83.1,150,,,,,,,,,,,,,,,,
2026-07-01T07:01:22.682034+00:00,2026-07-01T07:01:22.680860,3,2,82.7,0.2,82.6,116,82.4,1,82.3,100,,,,,,,,,,,,,,,82.8,75,83.1,150,,,,,,,,,,,,,,,,
2026-07-01T07:01:22.856413+00:00,2026-07-01T07:01:22.852061,3,3,82.65,0.1,82.6,116,82.4,1,82.3,100,,,,,,,,,,,,,,,82.7,4,82.8,75,83.1,150,,,,,,,,,,,,,,
2026-07-01T07:01:22.866756+00:00,2026-07-01T07:01:22.861784,3,2,82.7,0.2,82.6,116,82.4,1,82.3,100,,,,,,,,,,,,,,,82.8,75,83.1,150,,,,,,,,,,,,,,,,
2026-07-01T07:01:23.185905+00:00,2026-07-01T07:01:23.185102,3,2,82.7,0.2,82.6,106,82.4,1,82.3,100,,,,,,,,,,,,,,,82.8,75,83.1,150,,,,,,,,,,,,,,,,
2026-07-01T07:01:23.196256+00:00,2026-07-01T07:01:23.188287,3,2,82.7,0.2,82.6,116,82.4,1,82.3,100,,,,,,,,,,,,,,,82.8,75,83.1,150,,,,,,,,,,,,,,,,
2026-07-01T07:01:23.247538+00:00,2026-07-01T07:01:23.245187,3,3,82.65,0.1,82.6,116,82.4,1,82.3,100,,,,,,,,,,,,,,,82.7,4,82.8,75,83.1,150,,,,,,,,,,,,,,
2026-07-01T07:01:23.257911+00:00,2026-07-01T07:01:23.254898,3,2,82.7,0.2,82.6,116,82.4,1,82.3,100,,,,,,,,,,,,,,,82.8,75,83.1,150,,,,,,,,,,,,,,,,
2026-07-01T07:01:23.628965+00:00,2026-07-01T07:01:23.626187,3,3,82.65,0.1,82.6,116,82.4,1,82.3,100,,,,,,,,,,,,,,,82.7,4,82.8,75,83.1,150,,,,,,,,,,,,,,
2026-07-01T07:01:23.649701+00:00,2026-07-01T07:01:23.647556,3,2,82.7,0.2,82.6,116,82.4,1,82.3,100,,,,,,,,,,,,,,,82.8,75,83.1,150,,,,,,,,,,,,,,,,
2026-07-01T07:01:23.701461+00:00,2026-07-01T07:01:23.701114,3,2,82.7,0.2,82.6,116,82.4,1,82.3,100,,,,,,,,,,,,,,,82.8,75,83.1,150,,,,,,,,,,,,,,,,
2026-07-01T07:01:23.774011+00:00,2026-07-01T07:01:23.772409,3,3,82.65,0.1,82.6,116,82.4,1,82.3,100,,,,,,,,,,,,,,,82.7,4,82.8,75,83.1,150,,,,,,,,,,,,,,
2026-07-01T07:01:23.784400+00:00,2026-07-01T07:01:23.781888,3,2,82.7,0.2,82.6,116,82.4,1,82.3,100,,,,,,,,,,,,,,,82.8,75,83.1,150,,,,,,,,,,,,,,,,
2026-07-01T07:01:24.208209+00:00,2026-07-01T07:01:24.207822,3,2,82.7,0.2,82.6,66,82.4,1,82.3,100,,,,,,,,,,,,,,,82.8,75,83.1,150,,,,,,,,,,,,,,,,
2026-07-01T07:01:24.529571+00:00,2026-07-01T07:01:24.524941,3,2,82.7,0.2,82.6,17,82.4,1,82.3,100,,,,,,,,,,,,,,,82.8,75,83.1,150,,,,,,,,,,,,,,,,
2026-07-01T07:01:24.581211+00:00,2026-07-01T07:01:24.580599,2,1,82.85,0.5,82.6,17,82.4,1,,,,,,,,,,,,,,,,,83.1,150,,,,,,,,,,,,,,,,,,
2026-07-01T07:01:24.642713+00:00,2026-07-01T07:01:24.633482,2,1,82.85,0.5,82.6,17,82.4,101,,,,,,,,,,,,,,,,,83.1,150,,,,,,,,,,,,,,,,,,
2026-07-01T07:01:24.693844+00:00,2026-07-01T07:01:24.686967,2,2,82.75,0.3,82.6,17,82.4,101,,,,,,,,,,,,,,,,,82.9,100,83.1,150,,,,,,,,,,,,,,,,
2026-07-01T07:01:24.724734+00:00,2026-07-01T07:01:24.716958,2,2,82.75,0.3,82.6,7,82.4,101,,,,,,,,,,,,,,,,,82.9,100,83.1,150,,,,,,,,,,,,,,,,
2026-07-01T07:01:24.900898+00:00,2026-07-01T07:01:24.897641,2,3,82.65,0.1,82.6,7,82.4,101,,,,,,,,,,,,,,,,,82.7,5,82.9,100,83.1,150,,,,,,,,,,,,,,
2026-07-01T07:01:24.911304+00:00,2026-07-01T07:01:24.907309,2,2,82.75,0.3,82.6,7,82.4,101,,,,,,,,,,,,,,,,,82.9,100,83.1,150,,,,,,,,,,,,,,,,
2026-07-01T07:01:25.055441+00:00,2026-07-01T07:01:25.050934,2,2,82.75,0.3,82.6,7,82.4,101,,,,,,,,,,,,,,,,,82.9,100,83.1,150,,,,,,,,,,,,,,,,
2026-07-01T07:01:25.065839+00:00,2026-07-01T07:01:25.059484,2,3,82.7,0.2,82.6,7,82.4,101,,,,,,,,,,,,,,,,,82.8,4,82.9,100,83.1,150,,,,,,,,,,,,,,
2026-07-01T07:01:25.159365+00:00,2026-07-01T07:01:25.159083,2,2,82.7,0.2,82.6,7,82.4,101,,,,,,,,,,,,,,,,,82.8,4,82.9,100,,,,,,,,,,,,,,,,
2026-07-01T07:01:25.169802+00:00,2026-07-01T07:01:25.160508,1,2,82.6,0.4,82.4,101,,,,,,,,,,,,,,,,,,,82.8,4,82.9,100,,,,,,,,,,,,,,,,
2026-07-01T07:01:25.221201+00:00,2026-07-01T07:01:25.213107,2,2,82.6,0.4,82.4,101,82.1,150,,,,,,,,,,,,,,,,,82.8,4,82.9,100,,,,,,,,,,,,,,,,
2026-07-01T07:01:25.272539+00:00,2026-07-01T07:01:25.266853,2,3,82.5,0.2,82.4,101,82.1,150,,,,,,,,,,,,,,,,,82.6,150,82.8,4,82.9,100,,,,,,,,,,,,,,
2026-07-01T07:01:25.282886+00:00,2026-07-01T07:01:25.279208,2,3,82.5,0.2,82.4,101,82.1,150,,,,,,,,,,,,,,,,,82.6,125,82.8,4,82.9,100,,,,,,,,,,,,,,
2026-07-01T07:01:25.725755+00:00,2026-07-01T07:01:25.725509,2,3,82.5,0.2,82.4,111,82.1,150,,,,,,,,,,,,,,,,,82.6,125,82.8,4,82.9,100,,,,,,,,,,,,,,
2026-07-01T07:01:26.231247+00:00,2026-07-01T07:01:26.230764,2,3,82.5,0.2,82.4,111,82.1,150,,,,,,,,,,,,,,,,,82.6,83,82.8,4,82.9,100,,,,,,,,,,,,,,
2026-07-01T07:01:26.323991+00:00,2026-07-01T07:01:26.314005,2,3,82.5,0.2,82.4,61,82.1,150,,,,,,,,,,,,,,,,,82.6,83,82.8,4,82.9,100,,,,,,,,,,,,,,
2026-07-01T07:01:26.405966+00:00,2026-07-01T07:01:26.400219,2,3,82.5,0.2,82.4,63,82.1,150,,,,,,,,,,,,,,,,,82.6,83,82.8,4,82.9,100,,,,,,,,,,,,,,
2026-07-01T07:01:26.735043+00:00,2026-07-01T07:01:26.734902,2,3,82.5,0.2,82.4,53,82.1,150,,,,,,,,,,,,,,,,,82.6,83,82.8,4,82.9,100,,,,,,,,,,,,,,
2026-07-01T07:01:26.745308+00:00,2026-07-01T07:01:26.737906,2,3,82.5,0.2,82.4,63,82.1,150,,,,,,,,,,,,,,,,,82.6,83,82.8,4,82.9,100,,,,,,,,,,,,,,
2026-07-01T07:01:26.827353+00:00,2026-07-01T07:01:26.824746,2,3,82.5,0.2,82.4,62,82.1,150,,,,,,,,,,,,,,,,,82.6,83,82.8,4,82.9,100,,,,,,,,,,,,,,
2026-07-01T07:01:26.858270+00:00,2026-07-01T07:01:26.853454,2,3,82.5,0.2,82.4,62,82.1,150,,,,,,,,,,,,,,,,,82.6,40,82.8,4,82.9,100,,,,,,,,,,,,,,
2026-07-01T07:01:27.249751+00:00,2026-07-01T07:01:27.246879,2,3,82.5,0.2,82.4,62,82.1,150,,,,,,,,,,,,,,,,,82.6,40,82.8,4,82.9,100,,,,,,,,,,,,,,
2026-07-01T07:01:27.291099+00:00,2026-07-01T07:01:27.288919,2,3,82.5,0.2,82.4,61,82.1,150,,,,,,,,,,,,,,,,,82.6,40,82.8,4,82.9,100,,,,,,,,,,,,,,
2026-07-01T07:01:27.639103+00:00,2026-07-01T07:01:27.638021,2,3,82.5,0.2,82.4,61,82.1,150,,,,,,,,,,,,,,,,,82.6,15,82.8,4,82.9,100,,,,,,,,,,,,,,
2026-07-01T07:01:27.752203+00:00,2026-07-01T07:01:27.745534,2,2,82.5,0.2,82.4,10,82.1,150,,,,,,,,,,,,,,,,,82.6,15,82.8,4,,,,,,,,,,,,,,,,
2026-07-01T07:01:27.762645+00:00,2026-07-01T07:01:27.758467,1,2,82.35,0.5,82.1,150,,,,,,,,,,,,,,,,,,,82.6,15,82.8,4,,,,,,,,,,,,,,,,
2026-07-01T07:01:27.773053+00:00,2026-07-01T07:01:27.763460,2,2,82.5,0.2,82.4,10,82.1,150,,,,,,,,,,,,,,,,,82.6,15,82.8,4,,,,,,,,,,,,,,,,
2026-07-01T07:01:27.824618+00:00,2026-07-01T07:01:27.824074,3,2,82.5,0.2,82.4,10,82.2,100,82.1,150,,,,,,,,,,,,,,,82.6,15,82.8,4,,,,,,,,,,,,,,,,
2026-07-01T07:01:27.876607+00:00,2026-07-01T07:01:27.875345,3,3,82.5,0.2,82.4,10,82.2,100,82.1,150,,,,,,,,,,,,,,,82.6,15,82.7,100,82.8,4,,,,,,,,,,,,,,
2026-07-01T07:01:28.268245+00:00,2026-07-01T07:01:28.267105,2,3,82.4,0.4,82.2,100,82.1,150,,,,,,,,,,,,,,,,,82.6,15,82.7,100,82.8,4,,,,,,,,,,,,,,
2026-07-01T07:01:28.278604+00:00,2026-07-01T07:01:28.270874,3,3,82.45,0.3,82.3,10,82.2,100,82.1,150,,,,,,,,,,,,,,,82.6,15,82.7,100,82.8,4,,,,,,,,,,,,,,
2026-07-01T07:01:28.330150+00:00,2026-07-01T07:01:28.323503,2,2,82.5,0.4,82.3,10,82.2,100,,,,,,,,,,,,,,,,,82.7,100,82.8,4,,,,,,,,,,,,,,,,
2026-07-01T07:01:28.371294+00:00,2026-07-01T07:01:28.370047,2,2,82.5,0.4,82.3,10,82.2,100,,,,,,,,,,,,,,,,,82.7,50,82.8,4,,,,,,,,,,,,,,,,
2026-07-01T07:01:28.381615+00:00,2026-07-01T07:01:28.375820,3,2,82.6,0.2,82.5,150,82.3,10,82.2,100,,,,,,,,,,,,,,,82.7,50,82.8,4,,,,,,,,,,,,,,,,
2026-07-01T07:01:28.433624+00:00,2026-07-01T07:01:28.428154,3,3,82.6,0.2,82.5,150,82.3,10,82.2,100,,,,,,,,,,,,,,,82.7,50,82.8,4,83.0,150,,,,,,,,,,,,,,
2026-07-01T07:01:28.784586+00:00,2026-07-01T07:01:28.779553,2,3,82.6,0.2,82.5,160,82.2,100,,,,,,,,,,,,,,,,,82.7,50,82.8,4,83.0,150,,,,,,,,,,,,,,
2026-07-01T07:01:29.290252+00:00,2026-07-01T07:01:29.287547,2,3,82.6,0.2,82.5,160,82.2,100,,,,,,,,,,,,,,,,,82.7,50,82.8,4,83.0,150,,,,,,,,,,,,,,
2026-07-01T07:01:29.800231+00:00,2026-07-01T07:01:29.793930,2,3,82.6,0.2,82.5,150,82.2,100,,,,,,,,,,,,,,,,,82.7,50,82.8,4,83.0,150,,,,,,,,,,,,,,
2026-07-01T07:01:29.810545+00:00,2026-07-01T07:01:29.802493,2,3,82.6,0.2,82.5,160,82.2,100,,,,,,,,,,,,,,,,,82.7,50,82.8,4,83.0,150,,,,,,,,,,,,,,
2026-07-01T07:01:30.315506+00:00,2026-07-01T07:01:30.310293,2,3,82.6,0.2,82.5,160,82.2,100,,,,,,,,,,,,,,,,,82.7,50,82.8,4,83.0,150,,,,,,,,,,,,,,
2026-07-01T07:01:30.841518+00:00,2026-07-01T07:01:30.840885,2,3,82.6,0.2,82.5,150,82.2,100,,,,,,,,,,,,,,,,,82.7,50,82.8,4,83.0,150,,,,,,,,,,,,,,
2026-07-01T07:01:30.851953+00:00,2026-07-01T07:01:30.851198,2,3,82.6,0.2,82.5,160,82.2,100,,,,,,,,,,,,,,,,,82.7,50,82.8,4,83.0,150,,,,,,,,,,,,,,
2026-07-01T07:01:30.934917+00:00,2026-07-01T07:01:30.933409,1,2,82.65,0.3,82.5,160,,,,,,,,,,,,,,,,,,,82.8,4,83.0,150,,,,,,,,,,,,,,,,
2026-07-01T07:01:30.996481+00:00,2026-07-01T07:01:30.989850,2,2,82.65,0.3,82.5,160,82.3,100,,,,,,,,,,,,,,,,,82.8,4,83.0,150,,,,,,,,,,,,,,,,
2026-07-01T07:01:31.048019+00:00,2026-07-01T07:01:31.042618,2,2,82.65,0.3,82.5,160,82.3,100,,,,,,,,,,,,,,,,,82.8,104,83.0,150,,,,,,,,,,,,,,,,
2026-07-01T07:01:31.356434+00:00,2026-07-01T07:01:31.355756,2,2,82.65,0.3,82.5,150,82.3,100,,,,,,,,,,,,,,,,,82.8,104,83.0,150,,,,,,,,,,,,,,,,
2026-07-01T07:01:31.489942+00:00,2026-07-01T07:01:31.485040,1,1,82.55,0.5,82.3,100,,,,,,,,,,,,,,,,,,,82.8,104,,,,,,,,,,,,,,,,,,
2026-07-01T07:01:31.541393+00:00,2026-07-01T07:01:31.538837,2,1,82.65,0.3,82.5,150,82.3,100,,,,,,,,,,,,,,,,,82.8,104,,,,,,,,,,,,,,,,,,
2026-07-01T07:01:31.592680+00:00,2026-07-01T07:01:31.592201,2,2,82.65,0.3,82.5,150,82.3,100,,,,,,,,,,,,,,,,,82.8,104,83.0,150,,,,,,,,,,,,,,,,
2026-07-01T07:01:32.652440+00:00,2026-07-01T07:01:32.650148,2,2,82.65,0.3,82.5,100,82.3,100,,,,,,,,,,,,,,,,,82.8,104,83.0,150,,,,,,,,,,,,,,,,
2026-07-01T07:01:34.101342+00:00,2026-07-01T07:01:34.098137,1,2,82.65,0.3,82.5,100,,,,,,,,,,,,,,,,,,,82.8,4,83.0,150,,,,,,,,,,,,,,,,
2026-07-01T07:01:34.163617+00:00,2026-07-01T07:01:34.154365,2,2,82.65,0.3,82.5,100,82.4,100,,,,,,,,,,,,,,,,,82.8,4,83.0,150,,,,,,,,,,,,,,,,
2026-07-01T07:01:34.215199+00:00,2026-07-01T07:01:34.207140,2,3,82.65,0.3,82.5,100,82.4,100,,,,,,,,,,,,,,,,,82.8,4,82.9,100,83.0,150,,,,,,,,,,,,,,
2026-07-01T07:01:34.647710+00:00,2026-07-01T07:01:34.647544,2,2,82.65,0.3,82.5,100,82.4,100,,,,,,,,,,,,,,,,,82.8,4,82.9,100,,,,,,,,,,,,,,,,
2026-07-01T07:01:34.658021+00:00,2026-07-01T07:01:34.649220,1,2,82.6,0.4,82.4,100,,,,,,,,,,,,,,,,,,,82.8,4,82.9,100,,,,,,,,,,,,,,,,
2026-07-01T07:01:34.709376+00:00,2026-07-01T07:01:34.702170,2,2,82.6,0.4,82.4,100,82.2,150,,,,,,,,,,,,,,,,,82.8,4,82.9,100,,,,,,,,,,,,,,,,
2026-07-01T07:01:34.760739+00:00,2026-07-01T07:01:34.755835,2,3,82.55,0.3,82.4,100,82.2,150,,,,,,,,,,,,,,,,,82.7,150,82.8,4,82.9,100,,,,,,,,,,,,,,
2026-07-01T07:01:34.771177+00:00,2026-07-01T07:01:34.764872,2,3,82.55,0.3,82.4,50,82.2,150,,,,,,,,,,,,,,,,,82.7,150,82.8,4,82.9,100,,,,,,,,,,,,,,
2026-07-01T07:01:35.595719+00:00,2026-07-01T07:01:35.586612,2,3,82.55,0.3,82.4,5,82.2,150,,,,,,,,,,,,,,,,,82.7,150,82.8,4,82.9,100,,,,,,,,,,,,,,
2026-07-01T07:01:36.892779+00:00,2026-07-01T07:01:36.890681,1,3,82.45,0.5,82.2,105,,,,,,,,,,,,,,,,,,,82.7,150,82.8,4,82.9,100,,,,,,,,,,,,,,
2026-07-01T07:01:36.903248+00:00,2026-07-01T07:01:36.894421,2,3,82.6,0.2,82.5,2,82.2,105,,,,,,,,,,,,,,,,,82.7,150,82.8,4,82.9,100,,,,,,,,,,,,,,
2026-07-01T07:01:36.976112+00:00,2026-07-01T07:01:36.975130,2,3,82.6,0.2,82.5,1,82.2,105,,,,,,,,,,,,,,,,,82.7,150,82.8,4,82.9,100,,,,,,,,,,,,,,
2026-07-01T07:01:37.265112+00:00,2026-07-01T07:01:37.260006,2,2,82.6,0.2,82.5,1,82.2,105,,,,,,,,,,,,,,,,,82.7,150,82.8,4,,,,,,,,,,,,,,,,
2026-07-01T07:01:37.316950+00:00,2026-07-01T07:01:37.312553,3,2,82.6,0.2,82.5,1,82.2,105,82.0,100,,,,,,,,,,,,,,,82.7,150,82.8,4,,,,,,,,,,,,,,,,
2026-07-01T07:01:37.379386+00:00,2026-07-01T07:01:37.378182,2,3,82.35,0.3,82.2,105,82.0,100,,,,,,,,,,,,,,,,,82.5,96,82.7,150,82.8,4,,,,,,,,,,,,,,
2026-07-01T07:01:37.410615+00:00,2026-07-01T07:01:37.405949,2,3,82.35,0.3,82.2,115,82.0,100,,,,,,,,,,,,,,,,,82.5,96,82.7,150,82.8,4,,,,,,,,,,,,,,
2026-07-01T07:01:37.813344+00:00,2026-07-01T07:01:37.810228,2,2,82.35,0.3,82.2,10,82.0,100,,,,,,,,,,,,,,,,,82.5,96,82.8,4,,,,,,,,,,,,,,,,
2026-07-01T07:01:37.864687+00:00,2026-07-01T07:01:37.862983,2,2,82.35,0.3,82.2,160,82.0,100,,,,,,,,,,,,,,,,,82.5,96,82.8,4,,,,,,,,,,,,,,,,
2026-07-01T07:01:37.916497+00:00,2026-07-01T07:01:37.912701,2,2,82.35,0.3,82.2,160,82.0,100,,,,,,,,,,,,,,,,,82.5,96,82.8,4,,,,,,,,,,,,,,,,
2026-07-01T07:01:37.926821+00:00,2026-07-01T07:01:37.916893,2,3,82.35,0.3,82.2,160,82.0,100,,,,,,,,,,,,,,,,,82.5,96,82.7,150,82.8,4,,,,,,,,,,,,,,
2026-07-01T07:01:38.267388+00:00,2026-07-01T07:01:38.266217,2,3,82.35,0.3,82.2,160,82.0,100,,,,,,,,,,,,,,,,,82.5,73,82.7,150,82.8,4,,,,,,,,,,,,,,
2026-07-01T07:01:38.421700+00:00,2026-07-01T07:01:38.417479,2,3,82.35,0.3,82.2,150,82.0,100,,,,,,,,,,,,,,,,,82.5,73,82.7,150,82.8,4,,,,,,,,,,,,,,
2026-07-01T07:01:38.432016+00:00,2026-07-01T07:01:38.423362,2,3,82.35,0.3,82.2,160,82.0,100,,,,,,,,,,,,,,,,,82.5,73,82.7,150,82.8,4,,,,,,,,,,,,,,
2026-07-01T07:01:38.935639+00:00,2026-07-01T07:01:38.930612,2,3,82.35,0.3,82.2,160,82.0,100,,,,,,,,,,,,,,,,,82.5,73,82.7,150,82.8,4,,,,,,,,,,,,,,
2026-07-01T07:01:39.438554+00:00,2026-07-01T07:01:39.437834,2,3,82.35,0.3,82.2,160,82.0,100,,,,,,,,,,,,,,,,,82.5,73,82.7,150,82.8,4,,,,,,,,,,,,,,
2026-07-01T07:01:39.572857+00:00,2026-07-01T07:01:39.569836,2,3,82.35,0.3,82.2,160,82.0,100,,,,,,,,,,,,,,,,,82.5,25,82.7,150,82.8,4,,,,,,,,,,,,,,
2026-07-01T07:01:39.951708+00:00,2026-07-01T07:01:39.947613,2,3,82.35,0.3,82.2,160,82.0,100,,,,,,,,,,,,,,,,,82.5,25,82.7,150,82.8,4,,,,,,,,,,,,,,
2026-07-01T07:01:40.422742+00:00,2026-07-01T07:01:40.421332,1,2,82.45,0.5,82.2,160,,,,,,,,,,,,,,,,,,,82.7,150,82.8,4,,,,,,,,,,,,,,,,
2026-07-01T07:01:40.453612+00:00,2026-07-01T07:01:40.451329,1,2,82.45,0.5,82.2,150,,,,,,,,,,,,,,,,,,,82.7,150,82.8,4,,,,,,,,,,,,,,,,
2026-07-01T07:01:40.463904+00:00,2026-07-01T07:01:40.455607,2,2,82.5,0.4,82.3,10,82.2,150,,,,,,,,,,,,,,,,,82.7,150,82.8,4,,,,,,,,,,,,,,,,
2026-07-01T07:01:40.484584+00:00,2026-07-01T07:01:40.474762,3,2,82.6,0.2,82.5,100,82.3,10,82.2,150,,,,,,,,,,,,,,,82.7,150,82.8,4,,,,,,,,,,,,,,,,
2026-07-01T07:01:40.546545+00:00,2026-07-01T07:01:40.540418,3,3,82.6,0.2,82.5,100,82.3,10,82.2,150,,,,,,,,,,,,,,,82.7,150,82.8,4,83.0,100,,,,,,,,,,,,,,
2026-07-01T07:01:40.967340+00:00,2026-07-01T07:01:40.962079,2,3,82.6,0.2,82.5,110,82.2,150,,,,,,,,,,,,,,,,,82.7,150,82.8,4,83.0,100,,,,,,,,,,,,,,
2026-07-01T07:01:40.977711+00:00,2026-07-01T07:01:40.971227,1,2,82.65,0.3,82.5,110,,,,,,,,,,,,,,,,,,,82.8,4,83.0,100,,,,,,,,,,,,,,,,
2026-07-01T07:01:41.028833+00:00,2026-07-01T07:01:41.023857,2,2,82.65,0.3,82.5,110,82.4,150,,,,,,,,,,,,,,,,,82.8,4,83.0,100,,,,,,,,,,,,,,,,
2026-07-01T07:01:41.059694+00:00,2026-07-01T07:01:41.053540,2,1,82.75,0.5,82.5,110,82.4,150,,,,,,,,,,,,,,,,,83.0,54,,,,,,,,,,,,,,,,,,
2026-07-01T07:01:41.080221+00:00,2026-07-01T07:01:41.077102,2,2,82.7,0.4,82.5,110,82.4,150,,,,,,,,,,,,,,,,,82.9,150,83.0,54,,,,,,,,,,,,,,,,
2026-07-01T07:01:41.182989+00:00,2026-07-01T07:01:41.182473,2,2,82.7,0.4,82.5,70,82.4,150,,,,,,,,,,,,,,,,,82.9,150,83.0,54,,,,,,,,,,,,,,,,
2026-07-01T07:01:41.470778+00:00,2026-07-01T07:01:41.469645,2,2,82.7,0.4,82.5,60,82.4,150,,,,,,,,,,,,,,,,,82.9,150,83.0,54,,,,,,,,,,,,,,,,
2026-07-01T07:01:41.491427+00:00,2026-07-01T07:01:41.481458,3,2,82.75,0.3,82.6,10,82.5,60,82.4,150,,,,,,,,,,,,,,,82.9,150,83.0,54,,,,,,,,,,,,,,,,
2026-07-01T07:01:41.762417+00:00,2026-07-01T07:01:41.761507,2,2,82.7,0.4,82.5,60,82.4,150,,,,,,,,,,,,,,,,,82.9,150,83.0,54,,,,,,,,,,,,,,,,
2026-07-01T07:01:42.993752+00:00,2026-07-01T07:01:42.984055,2,2,82.7,0.4,82.5,60,82.4,155,,,,,,,,,,,,,,,,,82.9,150,83.0,54,,,,,,,,,,,,,,,,
2026-07-01T07:01:43.599884+00:00,2026-07-01T07:01:43.594599,1,1,82.65,0.5,82.4,155,,,,,,,,,,,,,,,,,,,82.9,150,,,,,,,,,,,,,,,,,,
2026-07-01T07:01:43.651099+00:00,2026-07-01T07:01:43.648959,2,1,82.65,0.5,82.4,155,82.3,100,,,,,,,,,,,,,,,,,82.9,150,,,,,,,,,,,,,,,,,,
2026-07-01T07:01:43.712535+00:00,2026-07-01T07:01:43.702921,2,2,82.6,0.4,82.4,155,82.3,100,,,,,,,,,,,,,,,,,82.8,100,82.9,150,,,,,,,,,,,,,,,,
2026-07-01T07:01:43.948087+00:00,2026-07-01T07:01:43.946431,2,2,82.6,0.4,82.4,154,82.3,100,,,,,,,,,,,,,,,,,82.8,100,82.9,150,,,,,,,,,,,,,,,,
2026-07-01T07:01:44.164108+00:00,2026-07-01T07:01:44.160416,2,1,82.6,0.4,82.4,4,82.3,100,,,,,,,,,,,,,,,,,82.8,100,,,,,,,,,,,,,,,,,,
2026-07-01T07:01:44.215262+00:00,2026-07-01T07:01:44.214410,3,1,82.6,0.4,82.4,4,82.3,100,82.2,150,,,,,,,,,,,,,,,82.8,100,,,,,,,,,,,,,,,,,,
2026-07-01T07:01:44.277532+00:00,2026-07-01T07:01:44.268588,3,2,82.55,0.3,82.4,4,82.3,100,82.2,150,,,,,,,,,,,,,,,82.7,150,82.8,100,,,,,,,,,,,,,,,,
2026-07-01T07:01:44.523601+00:00,2026-07-01T07:01:44.523242,3,2,82.55,0.3,82.4,14,82.3,100,82.2,150,,,,,,,,,,,,,,,82.7,150,82.8,100,,,,,,,,,,,,,,,,
2026-07-01T07:01:45.037389+00:00,2026-07-01T07:01:45.030902,3,2,82.55,0.3,82.4,14,82.3,100,82.2,150,,,,,,,,,,,,,,,82.7,150,82.8,100,,,,,,,,,,,,,,,,
2026-07-01T07:01:45.252869+00:00,2026-07-01T07:01:45.244619,3,2,82.55,0.3,82.4,12,82.3,100,82.2,150,,,,,,,,,,,,,,,82.7,150,82.8,100,,,,,,,,,,,,,,,,
2026-07-01T07:01:45.325033+00:00,2026-07-01T07:01:45.321664,2,2,82.5,0.4,82.3,62,82.2,150,,,,,,,,,,,,,,,,,82.7,150,82.8,100,,,,,,,,,,,,,,,,
2026-07-01T07:01:45.542153+00:00,2026-07-01T07:01:45.536167,3,2,82.55,0.3,82.4,10,82.3,62,82.2,150,,,,,,,,,,,,,,,82.7,150,82.8,100,,,,,,,,,,,,,,,,
2026-07-01T07:01:46.048152+00:00,2026-07-01T07:01:46.046568,2,2,82.5,0.4,82.3,62,82.2,150,,,,,,,,,,,,,,,,,82.7,150,82.8,100,,,,,,,,,,,,,,,,
2026-07-01T07:01:46.058498+00:00,2026-07-01T07:01:46.049887,3,2,82.55,0.3,82.4,10,82.3,62,82.2,150,,,,,,,,,,,,,,,82.7,150,82.8,100,,,,,,,,,,,,,,,,
2026-07-01T07:01:46.192801+00:00,2026-07-01T07:01:46.184123,3,2,82.55,0.3,82.4,10,82.3,62,82.2,150,,,,,,,,,,,,,,,82.7,155,82.8,100,,,,,,,,,,,,,,,,
2026-07-01T07:01:46.562189+00:00,2026-07-01T07:01:46.553967,2,2,82.5,0.4,82.3,62,82.2,150,,,,,,,,,,,,,,,,,82.7,155,82.8,100,,,,,,,,,,,,,,,,
2026-07-01T07:01:46.572648+00:00,2026-07-01T07:01:46.563844,3,2,82.55,0.3,82.4,10,82.3,62,82.2,150,,,,,,,,,,,,,,,82.7,155,82.8,100,,,,,,,,,,,,,,,,
2026-07-01T07:01:46.767898+00:00,2026-07-01T07:01:46.760593,2,1,82.55,0.3,82.4,10,82.2,150,,,,,,,,,,,,,,,,,82.7,155,,,,,,,,,,,,,,,,,,
2026-07-01T07:01:46.819044+00:00,2026-07-01T07:01:46.813765,3,1,82.55,0.3,82.4,10,82.3,100,82.2,150,,,,,,,,,,,,,,,82.7,155,,,,,,,,,,,,,,,,,,
2026-07-01T07:01:46.870362+00:00,2026-07-01T07:01:46.867306,3,2,82.55,0.3,82.4,10,82.3,100,82.2,150,,,,,,,,,,,,,,,82.7,155,82.8,100,,,,,,,,,,,,,,,,
2026-07-01T07:01:46.982631+00:00,2026-07-01T07:01:46.977947,3,2,82.55,0.3,82.4,11,82.3,100,82.2,150,,,,,,,,,,,,,,,82.7,155,82.8,100,,,,,,,,,,,,,,,,
2026-07-01T07:01:47.074766+00:00,2026-07-01T07:01:47.070877,3,2,82.55,0.3,82.4,11,82.3,100,82.2,150,,,,,,,,,,,,,,,82.7,155,82.8,100,,,,,,,,,,,,,,,,
2026-07-01T07:01:47.167108+00:00,2026-07-01T07:01:47.165456,3,2,82.55,0.3,82.4,11,82.3,100,82.2,150,,,,,,,,,,,,,,,82.7,154,82.8,100,,,,,,,,,,,,,,,,
2026-07-01T07:01:47.332232+00:00,2026-07-01T07:01:47.324595,2,2,82.55,0.3,82.4,11,82.3,100,,,,,,,,,,,,,,,,,82.7,4,82.8,100,,,,,,,,,,,,,,,,
2026-07-01T07:01:47.383898+00:00,2026-07-01T07:01:47.378393,3,2,82.55,0.3,82.4,11,82.3,100,82.2,150,,,,,,,,,,,,,,,82.7,4,82.8,100,,,,,,,,,,,,,,,,
2026-07-01T07:01:47.435432+00:00,2026-07-01T07:01:47.432363,2,2,82.5,0.4,82.3,61,82.2,150,,,,,,,,,,,,,,,,,82.7,154,82.8,100,,,,,,,,,,,,,,,,
2026-07-01T07:01:47.589610+00:00,2026-07-01T07:01:47.588392,3,2,82.55,0.3,82.4,10,82.3,61,82.2,150,,,,,,,,,,,,,,,82.7,154,82.8,100,,,,,,,,,,,,,,,,
2026-07-01T07:01:47.991177+00:00,2026-07-01T07:01:47.982524,3,2,82.55,0.3,82.4,10,82.3,61,82.2,150,,,,,,,,,,,,,,,82.7,152,82.8,100,,,,,,,,,,,,,,,,
2026-07-01T07:01:48.104524+00:00,2026-07-01T07:01:48.099452,3,2,82.55,0.3,82.4,10,82.3,61,82.2,150,,,,,,,,,,,,,,,82.7,152,82.8,100,,,,,,,,,,,,,,,,
2026-07-01T07:01:48.606440+00:00,2026-07-01T07:01:48.604082,2,2,82.5,0.4,82.3,61,82.2,150,,,,,,,,,,,,,,,,,82.7,152,82.8,100,,,,,,,,,,,,,,,,
2026-07-01T07:01:48.616683+00:00,2026-07-01T07:01:48.609279,2,2,82.5,0.4,82.3,61,82.2,150,,,,,,,,,,,,,,,,,82.7,151,82.8,100,,,,,,,,,,,,,,,,
2026-07-01T07:01:48.626985+00:00,2026-07-01T07:01:48.620375,3,2,82.55,0.3,82.4,10,82.3,61,82.2,150,,,,,,,,,,,,,,,82.7,151,82.8,100,,,,,,,,,,,,,,,,
2026-07-01T07:01:49.129223+00:00,2026-07-01T07:01:49.124410,2,2,82.5,0.4,82.3,61,82.2,150,,,,,,,,,,,,,,,,,82.7,151,82.8,100,,,,,,,,,,,,,,,,
2026-07-01T07:01:49.314118+00:00,2026-07-01T07:01:49.313177,2,2,82.5,0.4,82.3,61,82.2,150,,,,,,,,,,,,,,,,,82.7,104,82.8,100,,,,,,,,,,,,,,,,
2026-07-01T07:01:49.375942+00:00,2026-07-01T07:01:49.368370,2,2,82.5,0.4,82.3,20,82.2,150,,,,,,,,,,,,,,,,,82.7,104,82.8,100,,,,,,,,,,,,,,,,
2026-07-01T07:01:49.923361+00:00,2026-07-01T07:01:49.921917,2,1,82.5,0.4,82.3,20,82.2,150,,,,,,,,,,,,,,,,,82.7,104,,,,,,,,,,,,,,,,,,
2026-07-01T07:01:49.933605+00:00,2026-07-01T07:01:49.924528,1,1,82.45,0.5,82.2,150,,,,,,,,,,,,,,,,,,,82.7,104,,,,,,,,,,,,,,,,,,
2026-07-01T07:01:49.984947+00:00,2026-07-01T07:01:49.977333,2,1,82.45,0.5,82.2,150,81.9,100,,,,,,,,,,,,,,,,,82.7,104,,,,,,,,,,,,,,,,,,
2026-07-01T07:01:50.036623+00:00,2026-07-01T07:01:50.029722,2,2,82.3,0.2,82.2,150,81.9,100,,,,,,,,,,,,,,,,,82.4,100,82.7,104,,,,,,,,,,,,,,,,
2026-07-01T07:01:50.139741+00:00,2026-07-01T07:01:50.132396,2,2,82.3,0.2,82.2,160,81.9,100,,,,,,,,,,,,,,,,,82.4,100,82.7,104,,,,,,,,,,,,,,,,
2026-07-01T07:01:50.489637+00:00,2026-07-01T07:01:50.487084,2,1,82.3,0.2,82.2,10,81.9,100,,,,,,,,,,,,,,,,,82.4,100,,,,,,,,,,,,,,,,,,
2026-07-01T07:01:50.551115+00:00,2026-07-01T07:01:50.542048,3,0,,,82.4,50,82.2,10,81.9,100,,,,,,,,,,,,,,,,,,,,,,,,,,,,,,,,,,
2026-07-01T07:01:50.602090+00:00,2026-07-01T07:01:50.595360,3,1,82.65,0.5,82.4,50,82.2,10,81.9,100,,,,,,,,,,,,,,,82.9,150,,,,,,,,,,,,,,,,,,
2026-07-01T07:01:50.643249+00:00,2026-07-01T07:01:50.636900,2,1,82.65,0.5,82.4,50,81.9,100,,,,,,,,,,,,,,,,,82.9,150,,,,,,,,,,,,,,,,,,
2026-07-01T07:01:50.745257+00:00,2026-07-01T07:01:50.741191,2,1,82.65,0.5,82.4,54,81.9,100,,,,,,,,,,,,,,,,,82.9,150,,,,,,,,,,,,,,,,,,
2026-07-01T07:01:51.598325+00:00,2026-07-01T07:01:51.593046,2,1,82.65,0.5,82.4,54,81.9,100,,,,,,,,,,,,,,,,,82.9,100,,,,,,,,,,,,,,,,,,
2026-07-01T07:01:51.701989+00:00,2026-07-01T07:01:51.700707,2,1,82.65,0.5,82.4,52,81.9,100,,,,,,,,,,,,,,,,,82.9,100,,,,,,,,,,,,,,,,,,
2026-07-01T07:01:52.062113+00:00,2026-07-01T07:01:52.057414,2,1,82.65,0.5,82.4,50,81.9,100,,,,,,,,,,,,,,,,,82.9,100,,,,,,,,,,,,,,,,,,
2026-07-01T07:01:52.154518+00:00,2026-07-01T07:01:52.147101,2,2,82.6,0.4,82.4,50,81.9,100,,,,,,,,,,,,,,,,,82.8,10,82.9,100,,,,,,,,,,,,,,,,
2026-07-01T07:01:52.657343+00:00,2026-07-01T07:01:52.654166,2,1,82.65,0.5,82.4,50,81.9,100,,,,,,,,,,,,,,,,,82.9,100,,,,,,,,,,,,,,,,,,
2026-07-01T07:01:52.667688+00:00,2026-07-01T07:01:52.662129,2,2,82.6,0.4,82.4,50,81.9,100,,,,,,,,,,,,,,,,,82.8,10,82.9,100,,,,,,,,,,,,,,,,
2026-07-01T07:01:52.760124+00:00,2026-07-01T07:01:52.758537,2,2,82.6,0.4,82.4,49,81.9,100,,,,,,,,,,,,,,,,,82.8,10,82.9,100,,,,,,,,,,,,,,,,
2026-07-01T07:01:53.088444+00:00,2026-07-01T07:01:53.083617,1,2,82.6,0.4,82.4,49,,,,,,,,,,,,,,,,,,,82.8,10,82.9,100,,,,,,,,,,,,,,,,
2026-07-01T07:01:53.139872+00:00,2026-07-01T07:01:53.136356,2,2,82.6,0.4,82.4,49,82.2,100,,,,,,,,,,,,,,,,,82.8,10,82.9,100,,,,,,,,,,,,,,,,
2026-07-01T07:01:53.170828+00:00,2026-07-01T07:01:53.165686,2,1,82.65,0.5,82.4,49,82.2,100,,,,,,,,,,,,,,,,,82.9,100,,,,,,,,,,,,,,,,,,
2026-07-01T07:01:53.191446+00:00,2026-07-01T07:01:53.190585,2,2,82.55,0.3,82.4,49,82.2,100,,,,,,,,,,,,,,,,,82.7,100,82.9,100,,,,,,,,,,,,,,,,
2026-07-01T07:01:53.655579+00:00,2026-07-01T07:01:53.653421,2,1,82.55,0.3,82.4,1,82.2,100,,,,,,,,,,,,,,,,,82.7,100,,,,,,,,,,,,,,,,,,
2026-07-01T07:01:53.706984+00:00,2026-07-01T07:01:53.706806,3,1,82.55,0.3,82.4,1,82.2,100,82.1,150,,,,,,,,,,,,,,,82.7,100,,,,,,,,,,,,,,,,,,
2026-07-01T07:01:53.758454+00:00,2026-07-01T07:01:53.752250,2,1,82.45,0.5,82.2,51,82.1,150,,,,,,,,,,,,,,,,,82.7,100,,,,,,,,,,,,,,,,,,
2026-07-01T07:01:53.768797+00:00,2026-07-01T07:01:53.759495,2,2,82.4,0.4,82.2,51,82.1,150,,,,,,,,,,,,,,,,,82.6,150,82.7,100,,,,,,,,,,,,,,,,
2026-07-01T07:01:53.934411+00:00,2026-07-01T07:01:53.929221,2,2,82.4,0.4,82.2,51,82.1,150,,,,,,,,,,,,,,,,,82.6,108,82.7,100,,,,,,,,,,,,,,,,
2026-07-01T07:01:54.181316+00:00,2026-07-01T07:01:54.175015,3,2,82.45,0.3,82.3,10,82.2,51,82.1,150,,,,,,,,,,,,,,,82.6,108,82.7,100,,,,,,,,,,,,,,,,
2026-07-01T07:01:54.366204+00:00,2026-07-01T07:01:54.361334,3,2,82.45,0.3,82.3,10,82.2,51,82.1,150,,,,,,,,,,,,,,,82.6,108,82.7,106,,,,,,,,,,,,,,,,
2026-07-01T07:01:54.532016+00:00,2026-07-01T07:01:54.521968,2,2,82.4,0.4,82.2,15,82.1,150,,,,,,,,,,,,,,,,,82.6,108,82.7,106,,,,,,,,,,,,,,,,
2026-07-01T07:01:55.231539+00:00,2026-07-01T07:01:55.230535,2,2,82.4,0.4,82.2,15,82.1,150,,,,,,,,,,,,,,,,,82.6,108,82.7,105,,,,,,,,,,,,,,,,
2026-07-01T07:01:55.695707+00:00,2026-07-01T07:01:55.693665,3,2,82.45,0.3,82.3,10,82.2,15,82.1,150,,,,,,,,,,,,,,,82.6,108,82.7,105,,,,,,,,,,,,,,,,
2026-07-01T07:01:55.900606+00:00,2026-07-01T07:01:55.890973,3,2,82.45,0.3,82.3,10,82.2,15,82.1,150,,,,,,,,,,,,,,,82.6,108,82.7,104,,,,,,,,,,,,,,,,
2026-07-01T07:01:56.126037+00:00,2026-07-01T07:01:56.117019,3,2,82.45,0.3,82.3,10,82.2,15,82.1,150,,,,,,,,,,,,,,,82.6,66,82.7,104,,,,,,,,,,,,,,,,
2026-07-01T07:01:56.197802+00:00,2026-07-01T07:01:56.197312,2,2,82.4,0.4,82.2,15,82.1,150,,,,,,,,,,,,,,,,,82.6,66,82.7,104,,,,,,,,,,,,,,,,
2026-07-01T07:01:56.208149+00:00,2026-07-01T07:01:56.205325,3,2,82.45,0.3,82.3,10,82.2,15,82.1,150,,,,,,,,,,,,,,,82.6,66,82.7,104,,,,,,,,,,,,,,,,
2026-07-01T07:01:56.280440+00:00,2026-07-01T07:01:56.272535,2,2,82.45,0.3,82.3,10,82.1,150,,,,,,,,,,,,,,,,,82.6,66,82.7,4,,,,,,,,,,,,,,,,
2026-07-01T07:01:56.331561+00:00,2026-07-01T07:01:56.330340,3,2,82.45,0.3,82.3,10,82.1,150,82.0,100,,,,,,,,,,,,,,,82.6,66,82.7,4,,,,,,,,,,,,,,,,
2026-07-01T07:01:56.393431+00:00,2026-07-01T07:01:56.389900,3,3,82.4,0.2,82.3,10,82.1,150,82.0,100,,,,,,,,,,,,,,,82.5,100,82.6,66,82.7,4,,,,,,,,,,,,,,
2026-07-01T07:01:56.711580+00:00,2026-07-01T07:01:56.709247,2,3,82.3,0.4,82.1,150,82.0,100,,,,,,,,,,,,,,,,,82.5,100,82.6,66,82.7,4,,,,,,,,,,,,,,
2026-07-01T07:01:56.721800+00:00,2026-07-01T07:01:56.717751,3,4,82.3,0.2,82.2,10,82.1,150,82.0,100,,,,,,,,,,,,,,,82.4,10,82.5,100,82.6,66,82.7,4,,,,,,,,,,,,
2026-07-01T07:01:56.823978+00:00,2026-07-01T07:01:56.816247,2,3,82.3,0.2,82.2,10,82.0,100,,,,,,,,,,,,,,,,,82.4,10,82.5,100,82.7,4,,,,,,,,,,,,,,
2026-07-01T07:01:56.885894+00:00,2026-07-01T07:01:56.876731,3,2,82.45,0.1,82.4,140,82.2,10,82.0,100,,,,,,,,,,,,,,,82.5,100,82.7,4,,,,,,,,,,,,,,,,
2026-07-01T07:01:56.937107+00:00,2026-07-01T07:01:56.929345,3,3,82.45,0.1,82.4,140,82.2,10,82.0,100,,,,,,,,,,,,,,,82.5,100,82.7,4,82.9,150,,,,,,,,,,,,,,
2026-07-01T07:01:57.060100+00:00,2026-07-01T07:01:57.057146,3,3,82.45,0.1,82.4,140,82.2,10,82.0,100,,,,,,,,,,,,,,,82.5,100,82.7,3,82.9,150,,,,,,,,,,,,,,
2026-07-01T07:01:57.224044+00:00,2026-07-01T07:01:57.221088,2,3,82.45,0.1,82.4,140,82.0,100,,,,,,,,,,,,,,,,,82.5,100,82.7,3,82.9,150,,,,,,,,,,,,,,
2026-07-01T07:01:57.234398+00:00,2026-07-01T07:01:57.227035,2,3,82.45,0.1,82.4,150,82.0,100,,,,,,,,,,,,,,,,,82.5,110,82.7,3,82.9,150,,,,,,,,,,,,,,
2026-07-01T07:01:57.735808+00:00,2026-07-01T07:01:57.735293,2,3,82.45,0.1,82.4,150,82.0,100,,,,,,,,,,,,,,,,,82.5,100,82.7,3,82.9,150,,,,,,,,,,,,,,
2026-07-01T07:01:57.746086+00:00,2026-07-01T07:01:57.739189,2,3,82.45,0.1,82.4,150,82.0,100,,,,,,,,,,,,,,,,,82.5,100,82.7,3,82.9,150,,,,,,,,,,,,,,
2026-07-01T07:01:57.756376+00:00,2026-07-01T07:01:57.747166,2,3,82.45,0.1,82.4,150,82.0,100,,,,,,,,,,,,,,,,,82.5,110,82.7,3,82.9,150,,,,,,,,,,,,,,
2026-07-01T07:01:57.970934+00:00,2026-07-01T07:01:57.964580,2,3,82.45,0.1,82.4,100,82.0,100,,,,,,,,,,,,,,,,,82.5,110,82.7,3,82.9,150,,,,,,,,,,,,,,
2026-07-01T07:01:58.257950+00:00,2026-07-01T07:01:58.253599,2,3,82.45,0.1,82.4,90,82.0,100,,,,,,,,,,,,,,,,,82.5,100,82.7,3,82.9,150,,,,,,,,,,,,,,
2026-07-01T07:01:58.268252+00:00,2026-07-01T07:01:58.265392,2,3,82.45,0.1,82.4,100,82.0,100,,,,,,,,,,,,,,,,,82.5,110,82.7,3,82.9,150,,,,,,,,,,,,,,
2026-07-01T07:01:58.781656+00:00,2026-07-01T07:01:58.781362,2,3,82.45,0.1,82.4,100,82.0,100,,,,,,,,,,,,,,,,,82.5,100,82.7,3,82.9,150,,,,,,,,,,,,,,
2026-07-01T07:01:58.792091+00:00,2026-07-01T07:01:58.789120,2,3,82.45,0.1,82.4,100,82.0,100,,,,,,,,,,,,,,,,,82.5,110,82.7,3,82.9,150,,,,,,,,,,,,,,
2026-07-01T07:01:59.089370+00:00,2026-07-01T07:01:59.085915,3,3,82.45,0.1,82.4,100,82.3,3,82.0,100,,,,,,,,,,,,,,,82.5,110,82.7,3,82.9,150,,,,,,,,,,,,,,
2026-07-01T07:01:59.120234+00:00,2026-07-01T07:01:59.116634,3,3,82.45,0.1,82.4,54,82.3,3,82.0,100,,,,,,,,,,,,,,,82.5,110,82.7,3,82.9,150,,,,,,,,,,,,,,
2026-07-01T07:01:59.315937+00:00,2026-07-01T07:01:59.313378,3,3,82.45,0.1,82.4,44,82.3,3,82.0,100,,,,,,,,,,,,,,,82.5,100,82.7,3,82.9,150,,,,,,,,,,,,,,
2026-07-01T07:01:59.326435+00:00,2026-07-01T07:01:59.324901,3,3,82.45,0.1,82.4,54,82.3,3,82.0,100,,,,,,,,,,,,,,,82.5,100,82.7,3,82.9,150,,,,,,,,,,,,,,
2026-07-01T07:01:59.346723+00:00,2026-07-01T07:01:59.345658,3,3,82.45,0.1,82.4,40,82.3,3,82.0,100,,,,,,,,,,,,,,,82.5,100,82.7,3,82.9,150,,,,,,,,,,,,,,
2026-07-01T07:01:59.444852+00:00,2026-07-01T07:01:59.444418,2,2,82.55,0.3,82.4,40,82.3,3,,,,,,,,,,,,,,,,,82.7,3,82.9,150,,,,,,,,,,,,,,,,
2026-07-01T07:01:59.506901+00:00,2026-07-01T07:01:59.497232,3,2,82.55,0.3,82.4,40,82.3,3,81.6,100,,,,,,,,,,,,,,,82.7,3,82.9,150,,,,,,,,,,,,,,,,
2026-07-01T07:01:59.568738+00:00,2026-07-01T07:01:59.567147,1,3,81.85,0.5,81.6,100,,,,,,,,,,,,,,,,,,,82.1,54,82.7,3,82.9,150,,,,,,,,,,,,,,
2026-07-01T07:01:59.835700+00:00,2026-07-01T07:01:59.830164,2,3,81.9,0.4,81.7,10,81.6,100,,,,,,,,,,,,,,,,,82.1,54,82.7,3,82.9,150,,,,,,,,,,,,,,
2026-07-01T07:02:00.001294+00:00,2026-07-01T07:01:59.997852,2,2,81.9,0.4,81.7,10,81.6,100,,,,,,,,,,,,,,,,,82.1,54,82.7,3,,,,,,,,,,,,,,,,
2026-07-01T07:02:00.053229+00:00,2026-07-01T07:02:00.050188,3,2,81.9,0.4,81.7,10,81.6,100,81.5,150,,,,,,,,,,,,,,,82.1,54,82.7,3,,,,,,,,,,,,,,,,
2026-07-01T07:02:00.084230+00:00,2026-07-01T07:02:00.078570,2,2,81.85,0.5,81.6,60,81.5,150,,,,,,,,,,,,,,,,,82.1,54,82.7,3,,,,,,,,,,,,,,,,
2026-07-01T07:02:00.116620+00:00,2026-07-01T07:02:00.115462,2,3,81.8,0.4,81.6,60,81.5,150,,,,,,,,,,,,,,,,,82.0,139,82.1,54,82.7,3,,,,,,,,,,,,,,
2026-07-01T07:02:00.336950+00:00,2026-07-01T07:02:00.335448,2,3,81.8,0.4,81.6,60,81.5,150,,,,,,,,,,,,,,,,,82.0,134,82.1,54,82.7,3,,,,,,,,,,,,,,
2026-07-01T07:02:00.347548+00:00,2026-07-01T07:02:00.340646,3,3,81.85,0.3,81.7,10,81.6,60,81.5,150,,,,,,,,,,,,,,,82.0,134,82.1,54,82.7,3,,,,,,,,,,,,,,
2026-07-01T07:02:00.728375+00:00,2026-07-01T07:02:00.727039,3,3,81.85,0.3,81.7,10,81.6,60,81.5,150,,,,,,,,,,,,,,,82.0,130,82.1,54,82.7,3,,,,,,,,,,,,,,
2026-07-01T07:02:00.759475+00:00,2026-07-01T07:02:00.758771,3,3,81.85,0.3,81.7,10,81.6,60,81.5,150,,,,,,,,,,,,,,,82.0,84,82.1,54,82.7,3,,,,,,,,,,,,,,
2026-07-01T07:02:00.851964+00:00,2026-07-01T07:02:00.851792,2,3,81.8,0.4,81.6,60,81.5,150,,,,,,,,,,,,,,,,,82.0,84,82.1,54,82.7,3,,,,,,,,,,,,,,
2026-07-01T07:02:00.862210+00:00,2026-07-01T07:02:00.855864,3,2,81.85,0.3,81.7,10,81.6,60,81.5,150,,,,,,,,,,,,,,,82.0,84,82.1,54,,,,,,,,,,,,,,,,
2026-07-01T07:02:01.139325+00:00,2026-07-01T07:02:01.138076,3,2,81.85,0.3,81.7,10,81.6,60,81.5,150,,,,,,,,,,,,,,,82.0,80,82.1,54,,,,,,,,,,,,,,,,
2026-07-01T07:02:01.354423+00:00,2026-07-01T07:02:01.352855,3,2,81.85,0.3,81.7,10,81.6,60,81.5,150,,,,,,,,,,,,,,,82.0,76,82.1,54,,,,,,,,,,,,,,,,
2026-07-01T07:02:01.364894+00:00,2026-07-01T07:02:01.363079,3,2,81.85,0.3,81.7,10,81.6,60,81.5,150,,,,,,,,,,,,,,,82.0,76,82.1,54,,,,,,,,,,,,,,,,
2026-07-01T07:02:01.868919+00:00,2026-07-01T07:02:01.866989,2,2,81.8,0.4,81.6,60,81.5,150,,,,,,,,,,,,,,,,,82.0,76,82.1,54,,,,,,,,,,,,,,,,
2026-07-01T07:02:01.879184+00:00,2026-07-01T07:02:01.869538,3,2,81.85,0.3,81.7,10,81.6,60,81.5,150,,,,,,,,,,,,,,,82.0,76,82.1,54,,,,,,,,,,,,,,,,
2026-07-01T07:02:02.197021+00:00,2026-07-01T07:02:02.187368,2,2,81.8,0.4,81.6,20,81.5,150,,,,,,,,,,,,,,,,,82.0,76,82.1,54,,,,,,,,,,,,,,,,
2026-07-01T07:02:02.382671+00:00,2026-07-01T07:02:02.375974,3,2,81.85,0.3,81.7,10,81.6,20,81.5,150,,,,,,,,,,,,,,,82.0,76,82.1,54,,,,,,,,,,,,,,,,
2026-07-01T07:02:02.609462+00:00,2026-07-01T07:02:02.608998,3,1,81.85,0.3,81.7,10,81.6,20,81.5,150,,,,,,,,,,,,,,,82.0,76,,,,,,,,,,,,,,,,,,
2026-07-01T07:02:02.619767+00:00,2026-07-01T07:02:02.618839,1,1,81.75,0.5,81.5,113,,,,,,,,,,,,,,,,,,,82.0,76,,,,,,,,,,,,,,,,,,
2026-07-01T07:02:02.671483+00:00,2026-07-01T07:02:02.663601,2,1,81.75,0.5,81.5,113,81.4,100,,,,,,,,,,,,,,,,,82.0,76,,,,,,,,,,,,,,,,,,
2026-07-01T07:02:02.723161+00:00,2026-07-01T07:02:02.716392,2,2,81.7,0.4,81.5,113,81.4,100,,,,,,,,,,,,,,,,,81.9,100,82.0,76,,,,,,,,,,,,,,,,
2026-07-01T07:02:03.164975+00:00,2026-07-01T07:02:03.160777,1,1,81.65,0.5,81.4,100,,,,,,,,,,,,,,,,,,,81.9,100,,,,,,,,,,,,,,,,,,
2026-07-01T07:02:03.216913+00:00,2026-07-01T07:02:03.213639,2,1,81.75,0.3,81.6,150,81.4,100,,,,,,,,,,,,,,,,,81.9,100,,,,,,,,,,,,,,,,,,
2026-07-01T07:02:03.269097+00:00,2026-07-01T07:02:03.266108,2,2,81.75,0.3,81.6,150,81.4,100,,,,,,,,,,,,,,,,,81.9,100,82.1,150,,,,,,,,,,,,,,,,
2026-07-01T07:02:03.402923+00:00,2026-07-01T07:02:03.395315,2,2,81.75,0.3,81.6,160,81.4,100,,,,,,,,,,,,,,,,,81.9,100,82.1,150,,,,,,,,,,,,,,,,
2026-07-01T07:02:03.805113+00:00,2026-07-01T07:02:03.803982,2,2,81.75,0.3,81.6,160,81.4,100,,,,,,,,,,,,,,,,,81.9,94,82.1,150,,,,,,,,,,,,,,,,
2026-07-01T07:02:03.907463+00:00,2026-07-01T07:02:03.903754,2,2,81.75,0.3,81.6,160,81.4,100,,,,,,,,,,,,,,,,,81.9,94,82.1,150,,,,,,,,,,,,,,,,
2026-07-01T07:02:04.183674+00:00,2026-07-01T07:02:04.174991,2,3,81.75,0.3,81.6,160,81.4,100,,,,,,,,,,,,,,,,,81.9,94,82.1,150,82.4,5,,,,,,,,,,,,,,
2026-07-01T07:02:04.296087+00:00,2026-07-01T07:02:04.295527,2,3,81.75,0.3,81.6,110,81.4,100,,,,,,,,,,,,,,,,,81.9,94,82.1,150,82.4,5,,,,,,,,,,,,,,
2026-07-01T07:02:04.408745+00:00,2026-07-01T07:02:04.408332,2,3,81.75,0.3,81.6,100,81.4,100,,,,,,,,,,,,,,,,,81.9,94,82.1,150,82.4,5,,,,,,,,,,,,,,
2026-07-01T07:02:04.423497+00:00,2026-07-01T07:02:04.411504,2,3,81.75,0.3,81.6,110,81.4,100,,,,,,,,,,,,,,,,,81.9,94,82.1,150,82.4,5,,,,,,,,,,,,,,
2026-07-01T07:02:04.927391+00:00,2026-07-01T07:02:04.920206,2,3,81.75,0.3,81.6,110,81.4,100,,,,,,,,,,,,,,,,,81.9,94,82.1,150,82.4,5,,,,,,,,,,,,,,
2026-07-01T07:02:05.429065+00:00,2026-07-01T07:02:05.428719,2,3,81.75,0.3,81.6,100,81.4,100,,,,,,,,,,,,,,,,,81.9,94,82.1,150,82.4,5,,,,,,,,,,,,,,
2026-07-01T07:02:05.439321+00:00,2026-07-01T07:02:05.435134,2,3,81.75,0.3,81.6,110,81.4,100,,,,,,,,,,,,,,,,,81.9,94,82.1,150,82.4,5,,,,,,,,,,,,,,
2026-07-01T07:02:05.777484+00:00,2026-07-01T07:02:05.771295,1,2,81.85,0.5,81.6,110,,,,,,,,,,,,,,,,,,,82.1,150,82.4,5,,,,,,,,,,,,,,,,
2026-07-01T07:02:05.828829+00:00,2026-07-01T07:02:05.823697,1,2,81.85,0.5,81.6,210,,,,,,,,,,,,,,,,,,,82.1,150,82.4,5,,,,,,,,,,,,,,,,
2026-07-01T07:02:05.880086+00:00,2026-07-01T07:02:05.877661,1,2,81.85,0.5,81.6,210,,,,,,,,,,,,,,,,,,,82.1,250,82.4,5,,,,,,,,,,,,,,,,
2026-07-01T07:02:05.941571+00:00,2026-07-01T07:02:05.938575,1,2,81.85,0.5,81.6,200,,,,,,,,,,,,,,,,,,,82.1,250,82.4,5,,,,,,,,,,,,,,,,
2026-07-01T07:02:05.972653+00:00,2026-07-01T07:02:05.972593,1,3,81.8,0.4,81.6,200,,,,,,,,,,,,,,,,,,,82.0,10,82.1,250,82.4,5,,,,,,,,,,,,,,
2026-07-01T07:02:06.321581+00:00,2026-07-01T07:02:06.320498,1,3,81.8,0.4,81.6,100,,,,,,,,,,,,,,,,,,,82.0,10,82.1,100,82.4,5,,,,,,,,,,,,,,
2026-07-01T07:02:06.383218+00:00,2026-07-01T07:02:06.373350,2,3,81.8,0.4,81.6,100,81.3,150,,,,,,,,,,,,,,,,,82.0,10,82.1,100,82.4,5,,,,,,,,,,,,,,
2026-07-01T07:02:06.403793+00:00,2026-07-01T07:02:06.402135,2,3,81.8,0.4,81.6,50,81.3,150,,,,,,,,,,,,,,,,,82.0,10,82.1,100,82.4,5,,,,,,,,,,,,,,
2026-07-01T07:02:06.434551+00:00,2026-07-01T07:02:06.424963,2,4,81.7,0.2,81.6,50,81.3,150,,,,,,,,,,,,,,,,,81.8,150,82.0,10,82.1,100,82.4,5,,,,,,,,,,,,
2026-07-01T07:02:06.485713+00:00,2026-07-01T07:02:06.479423,2,3,81.7,0.2,81.6,50,81.3,150,,,,,,,,,,,,,,,,,81.8,160,82.1,100,82.4,5,,,,,,,,,,,,,,
2026-07-01T07:02:06.987776+00:00,2026-07-01T07:02:06.987714,2,3,81.7,0.2,81.6,50,81.3,150,,,,,,,,,,,,,,,,,81.8,160,82.1,100,82.4,5,,,,,,,,,,,,,,
2026-07-01T07:02:07.430503+00:00,2026-07-01T07:02:07.428861,2,3,81.7,0.2,81.6,50,81.3,150,,,,,,,,,,,,,,,,,81.8,148,82.1,100,82.4,5,,,,,,,,,,,,,,
2026-07-01T07:02:07.502218+00:00,2026-07-01T07:02:07.497840,2,2,81.7,0.2,81.6,60,81.3,150,,,,,,,,,,,,,,,,,81.8,138,82.1,100,,,,,,,,,,,,,,,,
2026-07-01T07:02:08.004327+00:00,2026-07-01T07:02:08.001634,2,2,81.7,0.2,81.6,50,81.3,150,,,,,,,,,,,,,,,,,81.8,138,82.1,100,,,,,,,,,,,,,,,,
2026-07-01T07:02:08.014578+00:00,2026-07-01T07:02:08.005125,2,2,81.7,0.2,81.6,60,81.3,150,,,,,,,,,,,,,,,,,81.8,138,82.1,100,,,,,,,,,,,,,,,,
2026-07-01T07:02:08.516785+00:00,2026-07-01T07:02:08.513284,1,3,81.5,0.4,81.3,150,,,,,,,,,,,,,,,,,,,81.7,10,81.8,138,82.1,100,,,,,,,,,,,,,,
2026-07-01T07:02:08.936628+00:00,2026-07-01T07:02:08.933073,1,1,81.55,0.5,81.3,150,,,,,,,,,,,,,,,,,,,81.8,108,,,,,,,,,,,,,,,,,,
2026-07-01T07:02:08.998497+00:00,2026-07-01T07:02:08.991904,2,1,81.55,0.5,81.3,150,81.0,100,,,,,,,,,,,,,,,,,81.8,108,,,,,,,,,,,,,,,,,,
2026-07-01T07:02:09.019107+00:00,2026-07-01T07:02:09.018692,3,1,81.6,0.4,81.4,10,81.3,150,81.0,100,,,,,,,,,,,,,,,81.8,108,,,,,,,,,,,,,,,,,,
2026-07-01T07:02:09.050019+00:00,2026-07-01T07:02:09.044893,3,2,81.45,0.1,81.4,10,81.3,150,81.0,100,,,,,,,,,,,,,,,81.5,100,81.8,108,,,,,,,,,,,,,,,,
2026-07-01T07:02:09.162457+00:00,2026-07-01T07:02:09.156408,3,3,81.45,0.1,81.4,10,81.3,150,81.0,100,,,,,,,,,,,,,,,81.5,100,81.8,108,82.2,6,,,,,,,,,,,,,,
2026-07-01T07:02:09.490011+00:00,2026-07-01T07:02:09.481796,2,2,81.45,0.1,81.4,10,81.0,100,,,,,,,,,,,,,,,,,81.5,100,82.2,6,,,,,,,,,,,,,,,,
2026-07-01T07:02:09.530988+00:00,2026-07-01T07:02:09.527639,1,2,81.25,0.5,81.0,100,,,,,,,,,,,,,,,,,,,81.5,100,82.2,6,,,,,,,,,,,,,,,,
2026-07-01T07:02:09.541260+00:00,2026-07-01T07:02:09.534117,3,2,81.45,0.1,81.4,150,81.1,10,81.0,100,,,,,,,,,,,,,,,81.5,100,82.2,6,,,,,,,,,,,,,,,,
2026-07-01T07:02:09.603216+00:00,2026-07-01T07:02:09.598987,3,3,81.45,0.1,81.4,150,81.1,10,81.0,100,,,,,,,,,,,,,,,81.5,100,81.9,150,82.2,6,,,,,,,,,,,,,,
2026-07-01T07:02:09.828582+00:00,2026-07-01T07:02:09.827335,3,3,81.45,0.1,81.4,150,81.1,10,81.0,100,,,,,,,,,,,,,,,81.5,78,81.9,150,82.2,6,,,,,,,,,,,,,,
2026-07-01T07:02:09.849521+00:00,2026-07-01T07:02:09.848320,3,3,81.45,0.1,81.4,150,81.1,10,81.0,100,,,,,,,,,,,,,,,81.5,66,81.9,150,82.2,6,,,,,,,,,,,,,,
2026-07-01T07:02:10.043817+00:00,2026-07-01T07:02:10.039336,2,3,81.45,0.1,81.4,160,81.0,100,,,,,,,,,,,,,,,,,81.5,66,81.9,150,82.2,6,,,,,,,,,,,,,,
2026-07-01T07:02:10.555571+00:00,2026-07-01T07:02:10.545538,2,3,81.45,0.1,81.4,150,81.0,100,,,,,,,,,,,,,,,,,81.5,66,81.9,150,82.2,6,,,,,,,,,,,,,,
2026-07-01T07:02:10.576191+00:00,2026-07-01T07:02:10.566159,2,3,81.45,0.1,81.4,150,81.0,100,,,,,,,,,,,,,,,,,81.5,16,81.9,150,82.2,6,,,,,,,,,,,,,,
2026-07-01T07:02:10.596701+00:00,2026-07-01T07:02:10.596271,2,3,81.45,0.1,81.4,160,81.0,100,,,,,,,,,,,,,,,,,81.5,16,81.9,150,82.2,6,,,,,,,,,,,,,,
2026-07-01T07:02:11.108977+00:00,2026-07-01T07:02:11.105496,2,3,81.45,0.1,81.4,160,81.0,100,,,,,,,,,,,,,,,,,81.5,16,81.9,150,82.2,6,,,,,,,,,,,,,,
2026-07-01T07:02:11.620168+00:00,2026-07-01T07:02:11.614464,2,3,81.45,0.1,81.4,160,81.0,100,,,,,,,,,,,,,,,,,81.5,16,81.9,150,82.2,6,,,,,,,,,,,,,,
2026-07-01T07:02:12.101325+00:00,2026-07-01T07:02:12.099194,1,2,81.65,0.5,81.4,160,,,,,,,,,,,,,,,,,,,81.9,150,82.2,6,,,,,,,,,,,,,,,,
2026-07-01T07:02:12.143843+00:00,2026-07-01T07:02:12.142744,1,1,81.65,0.5,81.4,150,,,,,,,,,,,,,,,,,,,81.9,150,,,,,,,,,,,,,,,,,,
2026-07-01T07:02:12.154228+00:00,2026-07-01T07:02:12.152501,2,1,81.65,0.5,81.4,150,81.3,100,,,,,,,,,,,,,,,,,81.9,150,,,,,,,,,,,,,,,,,,
2026-07-01T07:02:12.205451+00:00,2026-07-01T07:02:12.204320,2,2,81.6,0.4,81.4,150,81.3,100,,,,,,,,,,,,,,,,,81.8,100,81.9,150,,,,,,,,,,,,,,,,
2026-07-01T07:02:12.637805+00:00,2026-07-01T07:02:12.637558,3,2,81.65,0.3,81.5,10,81.4,150,81.3,100,,,,,,,,,,,,,,,81.8,100,81.9,150,,,,,,,,,,,,,,,,
2026-07-01T07:02:12.658587+00:00,2026-07-01T07:02:12.653917,2,1,81.65,0.3,81.5,10,81.3,100,,,,,,,,,,,,,,,,,81.8,100,,,,,,,,,,,,,,,,,,
2026-07-01T07:02:12.709849+00:00,2026-07-01T07:02:12.706850,3,1,81.7,0.2,81.6,150,81.5,10,81.3,100,,,,,,,,,,,,,,,81.8,100,,,,,,,,,,,,,,,,,,
2026-07-01T07:02:12.730498+00:00,2026-07-01T07:02:12.724342,3,1,81.7,0.2,81.6,100,81.5,10,81.3,100,,,,,,,,,,,,,,,81.8,100,,,,,,,,,,,,,,,,,,
2026-07-01T07:02:12.761649+00:00,2026-07-01T07:02:12.759770,3,2,81.7,0.2,81.6,100,81.5,10,81.3,100,,,,,,,,,,,,,,,81.8,100,82.1,150,,,,,,,,,,,,,,,,
2026-07-01T07:02:13.120462+00:00,2026-07-01T07:02:13.112286,3,3,81.7,0.2,81.6,100,81.5,10,81.3,100,,,,,,,,,,,,,,,81.8,100,82.0,6,82.1,150,,,,,,,,,,,,,,
2026-07-01T07:02:13.151169+00:00,2026-07-01T07:02:13.150427,2,3,81.7,0.2,81.6,110,81.3,100,,,,,,,,,,,,,,,,,81.8,100,82.0,6,82.1,150,,,,,,,,,,,,,,
2026-07-01T07:02:13.489943+00:00,2026-07-01T07:02:13.488840,2,3,81.7,0.2,81.6,108,81.3,100,,,,,,,,,,,,,,,,,81.8,100,82.0,6,82.1,150,,,,,,,,,,,,,,
2026-07-01T07:02:13.664540+00:00,2026-07-01T07:02:13.660724,2,3,81.7,0.2,81.6,108,81.3,100,,,,,,,,,,,,,,,,,81.8,100,82.0,6,82.1,150,,,,,,,,,,,,,,
2026-07-01T07:02:13.901845+00:00,2026-07-01T07:02:13.900812,2,3,81.7,0.2,81.6,108,81.3,100,,,,,,,,,,,,,,,,,81.8,100,82.0,5,82.1,150,,,,,,,,,,,,,,
2026-07-01T07:02:14.168826+00:00,2026-07-01T07:02:14.166634,2,3,81.7,0.2,81.6,98,81.3,100,,,,,,,,,,,,,,,,,81.8,100,82.0,5,82.1,150,,,,,,,,,,,,,,
2026-07-01T07:02:14.179127+00:00,2026-07-01T07:02:14.170141,2,3,81.7,0.2,81.6,108,81.3,100,,,,,,,,,,,,,,,,,81.8,100,82.0,5,82.1,150,,,,,,,,,,,,,,
2026-07-01T07:02:14.675446+00:00,2026-07-01T07:02:14.672451,2,3,81.7,0.2,81.6,98,81.3,100,,,,,,,,,,,,,,,,,81.8,100,82.0,5,82.1,150,,,,,,,,,,,,,,
2026-07-01T07:02:14.696248+00:00,2026-07-01T07:02:14.690452,2,3,81.7,0.2,81.6,108,81.3,100,,,,,,,,,,,,,,,,,81.8,100,82.0,5,82.1,150,,,,,,,,,,,,,,
2026-07-01T07:02:14.839563+00:00,2026-07-01T07:02:14.830807,2,3,81.7,0.2,81.6,58,81.3,100,,,,,,,,,,,,,,,,,81.8,100,82.0,5,82.1,150,,,,,,,,,,,,,,
2026-07-01T07:02:15.055193+00:00,2026-07-01T07:02:15.049354,3,3,81.75,0.1,81.7,1,81.6,58,81.3,100,,,,,,,,,,,,,,,81.8,100,82.0,5,82.1,150,,,,,,,,,,,,,,
2026-07-01T07:02:15.074401+00:00,2026-07-01T07:02:15.073465,2,3,81.7,0.2,81.6,58,81.3,100,,,,,,,,,,,,,,,,,81.8,100,82.0,5,82.1,150,,,,,,,,,,,,,,
2026-07-01T07:02:15.093481+00:00,2026-07-01T07:02:15.092372,2,3,81.7,0.2,81.6,48,81.3,100,,,,,,,,,,,,,,,,,81.8,100,82.0,5,82.1,150,,,,,,,,,,,,,,
2026-07-01T07:02:15.195915+00:00,2026-07-01T07:02:15.195548,2,3,81.7,0.2,81.6,38,81.3,100,,,,,,,,,,,,,,,,,81.8,100,82.0,5,82.1,150,,,,,,,,,,,,,,
2026-07-01T07:02:15.206236+00:00,2026-07-01T07:02:15.200996,2,3,81.7,0.2,81.6,48,81.3,100,,,,,,,,,,,,,,,,,81.8,110,82.0,5,82.1,150,,,,,,,,,,,,,,
2026-07-01T07:02:15.267757+00:00,2026-07-01T07:02:15.261229,1,3,81.7,0.2,81.6,48,,,,,,,,,,,,,,,,,,,81.8,10,82.0,5,82.1,150,,,,,,,,,,,,,,
2026-07-01T07:02:15.319238+00:00,2026-07-01T07:02:15.313040,2,3,81.7,0.2,81.6,48,81.3,100,,,,,,,,,,,,,,,,,81.8,10,82.0,5,82.1,150,,,,,,,,,,,,,,
2026-07-01T07:02:15.370641+00:00,2026-07-01T07:02:15.365831,2,3,81.7,0.2,81.6,48,81.3,100,,,,,,,,,,,,,,,,,81.8,110,82.0,5,82.1,150,,,,,,,,,,,,,,
2026-07-01T07:02:15.381007+00:00,2026-07-01T07:02:15.371562,2,3,81.7,0.2,81.6,48,81.3,100,,,,,,,,,,,,,,,,,81.8,70,82.0,5,82.1,150,,,,,,,,,,,,,,
2026-07-01T07:02:15.708651+00:00,2026-07-01T07:02:15.705160,2,3,81.7,0.2,81.6,38,81.3,100,,,,,,,,,,,,,,,,,81.8,70,82.0,5,82.1,150,,,,,,,,,,,,,,
2026-07-01T07:02:15.718929+00:00,2026-07-01T07:02:15.708883,2,3,81.7,0.2,81.6,48,81.3,100,,,,,,,,,,,,,,,,,81.8,70,82.0,5,82.1,150,,,,,,,,,,,,,,
2026-07-01T07:02:15.821590+00:00,2026-07-01T07:02:15.815042,2,2,81.7,0.2,81.6,10,81.3,100,,,,,,,,,,,,,,,,,81.8,70,82.0,5,,,,,,,,,,,,,,,,
2026-07-01T07:02:15.872751+00:00,2026-07-01T07:02:15.869020,3,2,81.7,0.2,81.6,10,81.3,100,81.2,150,,,,,,,,,,,,,,,81.8,70,82.0,5,,,,,,,,,,,,,,,,
2026-07-01T07:02:15.924015+00:00,2026-07-01T07:02:15.922010,3,3,81.65,0.1,81.6,10,81.3,100,81.2,150,,,,,,,,,,,,,,,81.7,150,81.8,70,82.0,5,,,,,,,,,,,,,,
2026-07-01T07:02:15.985965+00:00,2026-07-01T07:02:15.978815,3,3,81.65,0.1,81.6,10,81.3,100,81.2,150,,,,,,,,,,,,,,,81.7,109,81.8,70,82.0,5,,,,,,,,,,,,,,
2026-07-01T07:02:16.222166+00:00,2026-07-01T07:02:16.220898,3,3,81.55,0.3,81.4,10,81.3,100,81.2,150,,,,,,,,,,,,,,,81.7,109,81.8,70,82.0,5,,,,,,,,,,,,,,
2026-07-01T07:02:16.725577+00:00,2026-07-01T07:02:16.725331,2,3,81.5,0.4,81.3,100,81.2,150,,,,,,,,,,,,,,,,,81.7,109,81.8,70,82.0,5,,,,,,,,,,,,,,
2026-07-01T07:02:16.735917+00:00,2026-07-01T07:02:16.729599,3,3,81.55,0.3,81.4,10,81.3,100,81.2,150,,,,,,,,,,,,,,,81.7,109,81.8,70,82.0,5,,,,,,,,,,,,,,
2026-07-01T07:02:16.890885+00:00,2026-07-01T07:02:16.885638,3,3,81.55,0.3,81.4,10,81.3,100,81.2,150,,,,,,,,,,,,,,,81.7,59,81.8,70,82.0,5,,,,,,,,,,,,,,
2026-07-01T07:02:17.024913+00:00,2026-07-01T07:02:17.022940,3,3,81.55,0.3,81.4,10,81.3,100,81.2,150,,,,,,,,,,,,,,,81.7,59,81.8,70,82.0,3,,,,,,,,,,,,,,
2026-07-01T07:02:17.241652+00:00,2026-07-01T07:02:17.237699,3,3,81.55,0.3,81.4,10,81.3,100,81.2,150,,,,,,,,,,,,,,,81.7,59,81.8,70,82.0,3,,,,,,,,,,,,,,
2026-07-01T07:02:17.746238+00:00,2026-07-01T07:02:17.745596,3,3,81.55,0.3,81.4,10,81.3,100,81.2,150,,,,,,,,,,,,,,,81.7,59,81.8,70,82.0,3,,,,,,,,,,,,,,
2026-07-01T07:02:18.034146+00:00,2026-07-01T07:02:18.028057,3,3,81.55,0.3,81.4,10,81.3,100,81.2,150,,,,,,,,,,,,,,,81.7,59,81.8,70,82.0,2,,,,,,,,,,,,,,
2026-07-01T07:02:18.261905+00:00,2026-07-01T07:02:18.255566,3,3,81.55,0.3,81.4,10,81.3,100,81.2,150,,,,,,,,,,,,,,,81.7,59,81.8,70,82.0,2,,,,,,,,,,,,,,
2026-07-01T07:02:18.364267+00:00,2026-07-01T07:02:18.362662,3,3,81.55,0.3,81.4,10,81.3,100,81.2,150,,,,,,,,,,,,,,,81.7,59,81.8,70,82.0,1,,,,,,,,,,,,,,
2026-07-01T07:02:18.425869+00:00,2026-07-01T07:02:18.422621,2,2,81.55,0.3,81.4,10,81.2,150,,,,,,,,,,,,,,,,,81.7,59,82.0,1,,,,,,,,,,,,,,,,
2026-07-01T07:02:18.477222+00:00,2026-07-01T07:02:18.477117,3,1,81.85,0.3,81.7,41,81.4,10,81.2,150,,,,,,,,,,,,,,,82.0,1,,,,,,,,,,,,,,,,,,
2026-07-01T07:02:18.538765+00:00,2026-07-01T07:02:18.530447,3,2,81.85,0.3,81.7,41,81.4,10,81.2,150,,,,,,,,,,,,,,,82.0,1,82.2,100,,,,,,,,,,,,,,,,
2026-07-01T07:02:18.764732+00:00,2026-07-01T07:02:18.762864,2,2,81.85,0.3,81.7,51,81.2,150,,,,,,,,,,,,,,,,,82.0,1,82.2,100,,,,,,,,,,,,,,,,
2026-07-01T07:02:18.979872+00:00,2026-07-01T07:02:18.975394,1,2,81.85,0.3,81.7,51,,,,,,,,,,,,,,,,,,,82.0,1,82.2,100,,,,,,,,,,,,,,,,
2026-07-01T07:02:19.000552+00:00,2026-07-01T07:02:18.995767,1,1,81.95,0.5,81.7,51,,,,,,,,,,,,,,,,,,,82.2,51,,,,,,,,,,,,,,,,,,
2026-07-01T07:02:19.031505+00:00,2026-07-01T07:02:19.029959,2,1,82.05,0.3,81.9,150,81.7,51,,,,,,,,,,,,,,,,,82.2,51,,,,,,,,,,,,,,,,,,
2026-07-01T07:02:19.082784+00:00,2026-07-01T07:02:19.082362,2,2,82.05,0.3,81.9,150,81.7,51,,,,,,,,,,,,,,,,,82.2,51,82.4,150,,,,,,,,,,,,,,,,
2026-07-01T07:02:19.288985+00:00,2026-07-01T07:02:19.285079,2,2,82.05,0.3,81.9,150,81.7,41,,,,,,,,,,,,,,,,,82.2,51,82.4,150,,,,,,,,,,,,,,,,
2026-07-01T07:02:19.309732+00:00,2026-07-01T07:02:19.299978,2,2,82.05,0.3,81.9,160,81.7,41,,,,,,,,,,,,,,,,,82.2,51,82.4,150,,,,,,,,,,,,,,,,
2026-07-01T07:02:19.392023+00:00,2026-07-01T07:02:19.383777,3,2,82.05,0.3,81.9,160,81.7,41,81.6,4,,,,,,,,,,,,,,,82.2,51,82.4,150,,,,,,,,,,,,,,,,
2026-07-01T07:02:19.805197+00:00,2026-07-01T07:02:19.803653,3,2,82.05,0.3,81.9,150,81.7,41,81.6,4,,,,,,,,,,,,,,,82.2,51,82.4,150,,,,,,,,,,,,,,,,
2026-07-01T07:02:19.815476+00:00,2026-07-01T07:02:19.806515,3,2,82.05,0.3,81.9,160,81.7,41,81.6,4,,,,,,,,,,,,,,,82.2,51,82.4,150,,,,,,,,,,,,,,,,
2026-07-01T07:02:20.204929+00:00,2026-07-01T07:02:20.199683,3,3,81.95,0.1,81.9,160,81.7,41,81.6,4,,,,,,,,,,,,,,,82.0,1,82.2,51,82.4,150,,,,,,,,,,,,,,
2026-07-01T07:02:20.256354+00:00,2026-07-01T07:02:20.255864,3,2,82.05,0.3,81.9,160,81.7,41,81.6,4,,,,,,,,,,,,,,,82.2,51,82.4,150,,,,,,,,,,,,,,,,
2026-07-01T07:02:20.297440+00:00,2026-07-01T07:02:20.290353,3,2,82.05,0.3,81.9,113,81.7,41,81.6,4,,,,,,,,,,,,,,,82.2,51,82.4,150,,,,,,,,,,,,,,,,
2026-07-01T07:02:20.318050+00:00,2026-07-01T07:02:20.314573,3,2,82.05,0.3,81.9,113,81.7,41,81.6,4,,,,,,,,,,,,,,,82.2,51,82.4,150,,,,,,,,,,,,,,,,
2026-07-01T07:02:20.823748+00:00,2026-07-01T07:02:20.821839,3,2,82.05,0.3,81.9,113,81.7,41,81.6,4,,,,,,,,,,,,,,,82.2,51,82.4,150,,,,,,,,,,,,,,,,
2026-07-01T07:02:21.121342+00:00,2026-07-01T07:02:21.117522,3,2,82.05,0.3,81.9,113,81.7,41,81.6,4,,,,,,,,,,,,,,,82.2,1,82.4,150,,,,,,,,,,,,,,,,
2026-07-01T07:02:21.326367+00:00,2026-07-01T07:02:21.325787,3,2,82.05,0.3,81.9,103,81.7,41,81.6,4,,,,,,,,,,,,,,,82.2,1,82.4,150,,,,,,,,,,,,,,,,
2026-07-01T07:02:21.336691+00:00,2026-07-01T07:02:21.329267,3,2,82.05,0.3,81.9,113,81.7,41,81.6,4,,,,,,,,,,,,,,,82.2,1,82.4,150,,,,,,,,,,,,,,,,
2026-07-01T07:02:21.594034+00:00,2026-07-01T07:02:21.585730,2,1,82.15,0.5,81.9,113,81.6,4,,,,,,,,,,,,,,,,,82.4,150,,,,,,,,,,,,,,,,,,
2026-07-01T07:02:21.645594+00:00,2026-07-01T07:02:21.638209,3,1,82.25,0.3,82.1,100,81.9,113,81.6,4,,,,,,,,,,,,,,,82.4,150,,,,,,,,,,,,,,,,,,
2026-07-01T07:02:21.697154+00:00,2026-07-01T07:02:21.695660,3,2,82.25,0.3,82.1,100,81.9,113,81.6,4,,,,,,,,,,,,,,,82.4,150,82.6,100,,,,,,,,,,,,,,,,
2026-07-01T07:02:21.841942+00:00,2026-07-01T07:02:21.838004,3,2,82.25,0.3,82.1,110,81.9,103,81.6,4,,,,,,,,,,,,,,,82.4,150,82.6,100,,,,,,,,,,,,,,,,
2026-07-01T07:02:22.139190+00:00,2026-07-01T07:02:22.137427,3,1,82.35,0.5,82.1,110,81.9,103,81.6,4,,,,,,,,,,,,,,,82.6,100,,,,,,,,,,,,,,,,,,
2026-07-01T07:02:22.149480+00:00,2026-07-01T07:02:22.139559,2,1,82.35,0.5,82.1,110,81.6,4,,,,,,,,,,,,,,,,,82.6,100,,,,,,,,,,,,,,,,,,
2026-07-01T07:02:22.200800+00:00,2026-07-01T07:02:22.191807,3,1,82.35,0.5,82.1,110,82.0,150,81.6,4,,,,,,,,,,,,,,,82.6,100,,,,,,,,,,,,,,,,,,
2026-07-01T07:02:22.251883+00:00,2026-07-01T07:02:22.244109,3,2,82.3,0.4,82.1,110,82.0,150,81.6,4,,,,,,,,,,,,,,,82.5,150,82.6,100,,,,,,,,,,,,,,,,
2026-07-01T07:02:22.344983+00:00,2026-07-01T07:02:22.342607,3,2,82.3,0.4,82.1,100,82.0,150,81.6,4,,,,,,,,,,,,,,,82.5,150,82.6,100,,,,,,,,,,,,,,,,
2026-07-01T07:02:22.959987+00:00,2026-07-01T07:02:22.958485,3,2,82.3,0.4,82.1,77,82.0,150,81.6,4,,,,,,,,,,,,,,,82.5,150,82.6,100,,,,,,,,,,,,,,,,
2026-07-01T07:02:22.970437+00:00,2026-07-01T07:02:22.964120,3,2,82.3,0.4,82.1,77,82.0,150,81.8,5,,,,,,,,,,,,,,,82.5,150,82.6,100,,,,,,,,,,,,,,,,
2026-07-01T07:02:23.227899+00:00,2026-07-01T07:02:23.223776,3,2,82.3,0.4,82.1,77,82.0,150,81.8,5,,,,,,,,,,,,,,,82.5,100,82.6,100,,,,,,,,,,,,,,,,
2026-07-01T07:02:23.351174+00:00,2026-07-01T07:02:23.350825,3,3,82.25,0.3,82.1,77,82.0,150,81.8,5,,,,,,,,,,,,,,,82.4,10,82.5,100,82.6,100,,,,,,,,,,,,,,
2026-07-01T07:02:23.854847+00:00,2026-07-01T07:02:23.854510,3,2,82.3,0.4,82.1,77,82.0,150,81.8,5,,,,,,,,,,,,,,,82.5,100,82.6,100,,,,,,,,,,,,,,,,
2026-07-01T07:02:23.865216+00:00,2026-07-01T07:02:23.859530,3,3,82.25,0.3,82.1,77,82.0,150,81.8,5,,,,,,,,,,,,,,,82.4,10,82.5,100,82.6,100,,,,,,,,,,,,,,
2026-07-01T07:02:24.371529+00:00,2026-07-01T07:02:24.366613,4,2,82.35,0.3,82.2,10,82.1,77,82.0,150,81.8,5,,,,,,,,,,,,,82.5,100,82.6,100,,,,,,,,,,,,,,,,
2026-07-01T07:02:24.755158+00:00,2026-07-01T07:02:24.754635,3,1,82.35,0.3,82.2,10,82.0,150,81.8,5,,,,,,,,,,,,,,,82.5,100,,,,,,,,,,,,,,,,,,
2026-07-01T07:02:24.817287+00:00,2026-07-01T07:02:24.810538,3,1,82.35,0.3,82.2,10,82.0,250,81.8,5,,,,,,,,,,,,,,,82.5,100,,,,,,,,,,,,,,,,,,
2026-07-01T07:02:24.868457+00:00,2026-07-01T07:02:24.860304,3,1,82.35,0.3,82.2,10,82.0,250,81.8,5,,,,,,,,,,,,,,,82.5,200,,,,,,,,,,,,,,,,,,
2026-07-01T07:02:24.878803+00:00,2026-07-01T07:02:24.873445,2,2,82.2,0.4,82.0,250,81.8,5,,,,,,,,,,,,,,,,,82.4,10,82.5,200,,,,,,,,,,,,,,,,
2026-07-01T07:02:25.299550+00:00,2026-07-01T07:02:25.297820,2,2,82.2,0.4,82.0,250,81.8,5,,,,,,,,,,,,,,,,,82.4,10,82.5,100,,,,,,,,,,,,,,,,
2026-07-01T07:02:25.309802+00:00,2026-07-01T07:02:25.299946,2,2,82.2,0.4,82.0,100,81.8,5,,,,,,,,,,,,,,,,,82.4,10,82.5,100,,,,,,,,,,,,,,,,
2026-07-01T07:02:25.361817+00:00,2026-07-01T07:02:25.354684,2,1,82.25,0.5,82.0,100,81.8,5,,,,,,,,,,,,,,,,,82.5,60,,,,,,,,,,,,,,,,,,
2026-07-01T07:02:25.372146+00:00,2026-07-01T07:02:25.362209,3,1,82.35,0.3,82.2,150,82.0,100,81.8,5,,,,,,,,,,,,,,,82.5,60,,,,,,,,,,,,,,,,,,
2026-07-01T07:02:25.382489+00:00,2026-07-01T07:02:25.378461,3,1,82.35,0.3,82.2,160,82.0,100,81.8,5,,,,,,,,,,,,,,,82.5,60,,,,,,,,,,,,,,,,,,
2026-07-01T07:02:25.434205+00:00,2026-07-01T07:02:25.425756,3,2,82.35,0.3,82.2,160,82.0,100,81.8,5,,,,,,,,,,,,,,,82.5,60,82.7,150,,,,,,,,,,,,,,,,
2026-07-01T07:02:25.793718+00:00,2026-07-01T07:02:25.790413,3,2,82.35,0.3,82.2,117,82.0,100,81.8,5,,,,,,,,,,,,,,,82.5,60,82.7,150,,,,,,,,,,,,,,,,
2026-07-01T07:02:25.896745+00:00,2026-07-01T07:02:25.891620,3,2,82.35,0.3,82.2,107,82.0,100,81.8,5,,,,,,,,,,,,,,,82.5,70,82.7,150,,,,,,,,,,,,,,,,
2026-07-01T07:02:26.400948+00:00,2026-07-01T07:02:26.398766,3,2,82.35,0.3,82.2,107,82.0,100,81.8,5,,,,,,,,,,,,,,,82.5,70,82.7,150,,,,,,,,,,,,,,,,
2026-07-01T07:02:26.710023+00:00,2026-07-01T07:02:26.708840,3,2,82.35,0.3,82.2,63,82.0,100,81.8,5,,,,,,,,,,,,,,,82.5,70,82.7,150,,,,,,,,,,,,,,,,
2026-07-01T07:02:26.906211+00:00,2026-07-01T07:02:26.903167,3,2,82.35,0.3,82.2,63,82.0,100,81.8,5,,,,,,,,,,,,,,,82.5,60,82.7,150,,,,,,,,,,,,,,,,
2026-07-01T07:02:27.121551+00:00,2026-07-01T07:02:27.119760,3,2,82.35,0.3,82.2,62,82.0,100,81.8,5,,,,,,,,,,,,,,,82.5,60,82.7,150,,,,,,,,,,,,,,,,
2026-07-01T07:02:27.316723+00:00,2026-07-01T07:02:27.307814,3,2,82.35,0.3,82.2,62,82.0,100,81.8,5,,,,,,,,,,,,,,,82.5,13,82.7,150,,,,,,,,,,,,,,,,
2026-07-01T07:02:27.409379+00:00,2026-07-01T07:02:27.409101,3,2,82.35,0.3,82.2,62,82.0,100,81.8,5,,,,,,,,,,,,,,,82.5,23,82.7,150,,,,,,,,,,,,,,,,
2026-07-01T07:02:27.481508+00:00,2026-07-01T07:02:27.481437,3,1,82.45,0.5,82.2,62,82.0,100,81.8,5,,,,,,,,,,,,,,,82.7,123,,,,,,,,,,,,,,,,,,
2026-07-01T07:02:27.821204+00:00,2026-07-01T07:02:27.819752,3,1,82.45,0.5,82.2,62,82.0,100,81.8,2,,,,,,,,,,,,,,,82.7,123,,,,,,,,,,,,,,,,,,
2026-07-01T07:02:27.923964+00:00,2026-07-01T07:02:27.914252,2,1,82.45,0.5,82.2,62,81.8,2,,,,,,,,,,,,,,,,,82.7,123,,,,,,,,,,,,,,,,,,
2026-07-01T07:02:27.975239+00:00,2026-07-01T07:02:27.967721,2,1,82.45,0.5,82.2,162,81.8,2,,,,,,,,,,,,,,,,,82.7,123,,,,,,,,,,,,,,,,,,
2026-07-01T07:02:28.026879+00:00,2026-07-01T07:02:28.022001,2,1,82.45,0.5,82.2,162,81.8,2,,,,,,,,,,,,,,,,,82.7,223,,,,,,,,,,,,,,,,,,
2026-07-01T07:02:28.212634+00:00,2026-07-01T07:02:28.211243,2,1,82.45,0.5,82.2,151,81.8,2,,,,,,,,,,,,,,,,,82.7,223,,,,,,,,,,,,,,,,,,
2026-07-01T07:02:28.223036+00:00,2026-07-01T07:02:28.213175,1,1,82.45,0.5,82.2,151,,,,,,,,,,,,,,,,,,,82.7,223,,,,,,,,,,,,,,,,,,
2026-07-01T07:02:28.305400+00:00,2026-07-01T07:02:28.301206,1,1,82.45,0.5,82.2,111,,,,,,,,,,,,,,,,,,,82.7,223,,,,,,,,,,,,,,,,,,
2026-07-01T07:02:28.429067+00:00,2026-07-01T07:02:28.423696,1,2,82.4,0.4,82.2,111,,,,,,,,,,,,,,,,,,,82.6,10,82.7,223,,,,,,,,,,,,,,,,
2026-07-01T07:02:28.480595+00:00,2026-07-01T07:02:28.478137,1,2,82.4,0.4,82.2,100,,,,,,,,,,,,,,,,,,,82.6,10,82.7,100,,,,,,,,,,,,,,,,
2026-07-01T07:02:28.531935+00:00,2026-07-01T07:02:28.531783,2,2,82.4,0.4,82.2,100,81.5,150,,,,,,,,,,,,,,,,,82.6,10,82.7,100,,,,,,,,,,,,,,,,
2026-07-01T07:02:28.611101+00:00,2026-07-01T07:02:28.609771,1,3,81.75,0.5,81.5,150,,,,,,,,,,,,,,,,,,,82.0,39,82.6,10,82.7,100,,,,,,,,,,,,,,
2026-07-01T07:02:28.939137+00:00,2026-07-01T07:02:28.938371,2,2,81.8,0.4,81.6,10,81.5,150,,,,,,,,,,,,,,,,,82.0,39,82.7,100,,,,,,,,,,,,,,,,
2026-07-01T07:02:29.443139+00:00,2026-07-01T07:02:29.442879,1,2,81.75,0.5,81.5,150,,,,,,,,,,,,,,,,,,,82.0,39,82.7,100,,,,,,,,,,,,,,,,
2026-07-01T07:02:29.453377+00:00,2026-07-01T07:02:29.446299,2,2,81.8,0.4,81.6,10,81.5,150,,,,,,,,,,,,,,,,,82.0,39,82.7,100,,,,,,,,,,,,,,,,
2026-07-01T07:02:29.598233+00:00,2026-07-01T07:02:29.591755,2,1,82.15,1.1,81.6,10,81.5,150,,,,,,,,,,,,,,,,,82.7,89,,,,,,,,,,,,,,,,,,
2026-07-01T07:02:29.957215+00:00,2026-07-01T07:02:29.950957,1,1,82.1,1.2,81.5,150,,,,,,,,,,,,,,,,,,,82.7,89,,,,,,,,,,,,,,,,,,
2026-07-01T07:02:30.080503+00:00,2026-07-01T07:02:30.075067,1,1,82.1,1.2,81.5,150,,,,,,,,,,,,,,,,,,,82.7,41,,,,,,,,,,,,,,,,,,
2026-07-01T07:02:31.086890+00:00,2026-07-01T07:02:31.077061,1,0,,,81.5,150,,,,,,,,,,,,,,,,,,,,,,,,,,,,,,,,,,,,,,
2026-07-01T07:02:31.138568+00:00,2026-07-01T07:02:31.131947,2,0,,,81.9,100,81.5,150,,,,,,,,,,,,,,,,,,,,,,,,,,,,,,,,,,,,
2026-07-01T07:02:31.189877+00:00,2026-07-01T07:02:31.184713,2,1,82.15,0.5,81.9,100,81.5,150,,,,,,,,,,,,,,,,,82.4,100,,,,,,,,,,,,,,,,,,
2026-07-01T07:02:31.643832+00:00,2026-07-01T07:02:31.642042,1,1,82.15,0.5,81.9,100,,,,,,,,,,,,,,,,,,,82.4,100,,,,,,,,,,,,,,,,,,
2026-07-01T07:02:31.705403+00:00,2026-07-01T07:02:31.699483,2,1,82.25,0.3,82.1,150,81.9,100,,,,,,,,,,,,,,,,,82.4,50,,,,,,,,,,,,,,,,,,
2026-07-01T07:02:31.756786+00:00,2026-07-01T07:02:31.748703,2,2,82.25,0.3,82.1,150,81.9,100,,,,,,,,,,,,,,,,,82.4,50,82.6,150,,,,,,,,,,,,,,,,
2026-07-01T07:02:32.148198+00:00,2026-07-01T07:02:32.147007,2,2,82.25,0.3,82.1,127,81.9,100,,,,,,,,,,,,,,,,,82.4,50,82.6,150,,,,,,,,,,,,,,,,
2026-07-01T07:02:32.507191+00:00,2026-07-01T07:02:32.501599,2,2,82.25,0.3,82.1,127,81.9,100,,,,,,,,,,,,,,,,,82.4,60,82.6,150,,,,,,,,,,,,,,,,
2026-07-01T07:02:33.009678+00:00,2026-07-01T07:02:33.006800,2,2,82.25,0.3,82.1,127,81.9,100,,,,,,,,,,,,,,,,,82.4,50,82.6,150,,,,,,,,,,,,,,,,
2026-07-01T07:02:33.019941+00:00,2026-07-01T07:02:33.010872,2,2,82.25,0.3,82.1,127,81.9,100,,,,,,,,,,,,,,,,,82.4,60,82.6,150,,,,,,,,,,,,,,,,
2026-07-01T07:02:33.521848+00:00,2026-07-01T07:02:33.517979,2,2,82.25,0.3,82.1,137,81.9,100,,,,,,,,,,,,,,,,,82.4,50,82.6,150,,,,,,,,,,,,,,,,
2026-07-01T07:02:33.809068+00:00,2026-07-01T07:02:33.806468,2,1,82.35,0.5,82.1,137,81.9,100,,,,,,,,,,,,,,,,,82.6,150,,,,,,,,,,,,,,,,,,
2026-07-01T07:02:34.024166+00:00,2026-07-01T07:02:34.021751,2,1,82.35,0.5,82.1,127,81.9,100,,,,,,,,,,,,,,,,,82.6,150,,,,,,,,,,,,,,,,,,
2026-07-01T07:02:34.034408+00:00,2026-07-01T07:02:34.025473,3,1,82.4,0.4,82.2,10,82.1,127,81.9,100,,,,,,,,,,,,,,,82.6,150,,,,,,,,,,,,,,,,,,
2026-07-01T07:02:34.239177+00:00,2026-07-01T07:02:34.238090,2,1,82.4,0.4,82.2,10,82.1,127,,,,,,,,,,,,,,,,,82.6,150,,,,,,,,,,,,,,,,,,
2026-07-01T07:02:34.300623+00:00,2026-07-01T07:02:34.291060,3,1,82.55,0.1,82.5,100,82.2,10,82.1,127,,,,,,,,,,,,,,,82.6,150,,,,,,,,,,,,,,,,,,
2026-07-01T07:02:34.351760+00:00,2026-07-01T07:02:34.343640,3,2,82.55,0.1,82.5,100,82.2,10,82.1,127,,,,,,,,,,,,,,,82.6,150,83.0,100,,,,,,,,,,,,,,,,
2026-07-01T07:02:34.531444+00:00,2026-07-01T07:02:34.529497,2,2,82.55,0.1,82.5,100,82.1,127,,,,,,,,,,,,,,,,,82.6,150,83.0,100,,,,,,,,,,,,,,,,
2026-07-01T07:02:34.541704+00:00,2026-07-01T07:02:34.536009,2,2,82.55,0.1,82.5,110,82.1,127,,,,,,,,,,,,,,,,,82.6,160,83.0,100,,,,,,,,,,,,,,,,
2026-07-01T07:02:34.809123+00:00,2026-07-01T07:02:34.804593,1,2,82.55,0.1,82.5,110,,,,,,,,,,,,,,,,,,,82.6,10,83.0,100,,,,,,,,,,,,,,,,
2026-07-01T07:02:34.860544+00:00,2026-07-01T07:02:34.857450,2,2,82.55,0.1,82.5,110,82.2,150,,,,,,,,,,,,,,,,,82.6,10,83.0,100,,,,,,,,,,,,,,,,
2026-07-01T07:02:34.912076+00:00,2026-07-01T07:02:34.910606,2,3,82.55,0.1,82.5,110,82.2,150,,,,,,,,,,,,,,,,,82.6,10,82.7,150,83.0,100,,,,,,,,,,,,,,
2026-07-01T07:02:35.046058+00:00,2026-07-01T07:02:35.043866,2,2,82.6,0.2,82.5,100,82.2,150,,,,,,,,,,,,,,,,,82.7,160,83.0,100,,,,,,,,,,,,,,,,
2026-07-01T07:02:35.275603+00:00,2026-07-01T07:02:35.274462,2,2,82.6,0.2,82.5,89,82.2,150,,,,,,,,,,,,,,,,,82.7,160,83.0,100,,,,,,,,,,,,,,,,
2026-07-01T07:02:35.552965+00:00,2026-07-01T07:02:35.550662,2,2,82.6,0.2,82.5,89,82.2,150,,,,,,,,,,,,,,,,,82.7,160,83.0,100,,,,,,,,,,,,,,,,
2026-07-01T07:02:35.769138+00:00,2026-07-01T07:02:35.762957,2,2,82.6,0.2,82.5,41,82.2,150,,,,,,,,,,,,,,,,,82.7,160,83.0,100,,,,,,,,,,,,,,,,
2026-07-01T07:02:35.912701+00:00,2026-07-01T07:02:35.911928,2,2,82.6,0.2,82.5,41,82.2,150,,,,,,,,,,,,,,,,,82.7,110,83.0,100,,,,,,,,,,,,,,,,
2026-07-01T07:02:36.066632+00:00,2026-07-01T07:02:36.057718,2,2,82.6,0.2,82.5,41,82.2,150,,,,,,,,,,,,,,,,,82.7,100,83.0,100,,,,,,,,,,,,,,,,
2026-07-01T07:02:36.077049+00:00,2026-07-01T07:02:36.067162,2,2,82.6,0.2,82.5,41,82.2,150,,,,,,,,,,,,,,,,,82.7,110,83.0,100,,,,,,,,,,,,,,,,
2026-07-01T07:02:36.397072+00:00,2026-07-01T07:02:36.387378,2,2,82.6,0.2,82.5,41,82.2,150,,,,,,,,,,,,,,,,,82.7,67,83.0,100,,,,,,,,,,,,,,,,
2026-07-01T07:02:36.571681+00:00,2026-07-01T07:02:36.570639,2,2,82.6,0.2,82.5,41,82.2,150,,,,,,,,,,,,,,,,,82.7,57,83.0,100,,,,,,,,,,,,,,,,
2026-07-01T07:02:36.582010+00:00,2026-07-01T07:02:36.573261,2,2,82.6,0.2,82.5,41,82.2,150,,,,,,,,,,,,,,,,,82.7,67,83.0,100,,,,,,,,,,,,,,,,
2026-07-01T07:02:37.085195+00:00,2026-07-01T07:02:37.080144,2,2,82.6,0.2,82.5,41,82.2,150,,,,,,,,,,,,,,,,,82.7,67,83.0,100,,,,,,,,,,,,,,,,
2026-07-01T07:02:37.404372+00:00,2026-07-01T07:02:37.399391,1,1,82.45,0.5,82.2,150,,,,,,,,,,,,,,,,,,,82.7,67,,,,,,,,,,,,,,,,,,
2026-07-01T07:02:37.456218+00:00,2026-07-01T07:02:37.453787,2,1,82.5,0.4,82.3,100,82.2,150,,,,,,,,,,,,,,,,,82.7,67,,,,,,,,,,,,,,,,,,
2026-07-01T07:02:37.517879+00:00,2026-07-01T07:02:37.510067,2,2,82.5,0.4,82.3,100,82.2,150,,,,,,,,,,,,,,,,,82.7,67,82.8,100,,,,,,,,,,,,,,,,
2026-07-01T07:02:37.589970+00:00,2026-07-01T07:02:37.584282,2,2,82.5,0.4,82.3,100,82.2,150,,,,,,,,,,,,,,,,,82.7,57,82.8,100,,,,,,,,,,,,,,,,
2026-07-01T07:02:37.969830+00:00,2026-07-01T07:02:37.964885,1,1,82.55,0.5,82.3,100,,,,,,,,,,,,,,,,,,,82.8,100,,,,,,,,,,,,,,,,,,
2026-07-01T07:02:38.051987+00:00,2026-07-01T07:02:38.042796,2,1,82.7,0.2,82.6,150,82.3,100,,,,,,,,,,,,,,,,,82.8,100,,,,,,,,,,,,,,,,,,
2026-07-01T07:02:38.072474+00:00,2026-07-01T07:02:38.069276,2,1,82.7,0.2,82.6,100,82.3,100,,,,,,,,,,,,,,,,,82.8,100,,,,,,,,,,,,,,,,,,
2026-07-01T07:02:38.093011+00:00,2026-07-01T07:02:38.089724,2,1,82.7,0.2,82.6,100,82.3,100,,,,,,,,,,,,,,,,,82.8,110,,,,,,,,,,,,,,,,,,
2026-07-01T07:02:38.103269+00:00,2026-07-01T07:02:38.094940,2,2,82.7,0.2,82.6,100,82.3,100,,,,,,,,,,,,,,,,,82.8,110,83.1,150,,,,,,,,,,,,,,,,
2026-07-01T07:02:38.605234+00:00,2026-07-01T07:02:38.599091,2,2,82.7,0.2,82.6,59,82.3,100,,,,,,,,,,,,,,,,,82.8,110,83.1,150,,,,,,,,,,,,,,,,
2026-07-01T07:02:38.707213+00:00,2026-07-01T07:02:38.706135,2,2,82.7,0.2,82.6,56,82.3,100,,,,,,,,,,,,,,,,,82.8,110,83.1,150,,,,,,,,,,,,,,,,
2026-07-01T07:02:39.107696+00:00,2026-07-01T07:02:39.103827,2,2,82.7,0.2,82.6,56,82.3,100,,,,,,,,,,,,,,,,,82.8,100,83.1,150,,,,,,,,,,,,,,,,
2026-07-01T07:02:39.117991+00:00,2026-07-01T07:02:39.109076,2,2,82.7,0.2,82.6,56,82.3,100,,,,,,,,,,,,,,,,,82.8,110,83.1,150,,,,,,,,,,,,,,,,
2026-07-01T07:02:39.231000+00:00,2026-07-01T07:02:39.223329,3,2,82.7,0.2,82.6,56,82.3,100,82.2,5,,,,,,,,,,,,,,,82.8,110,83.1,150,,,,,,,,,,,,,,,,
2026-07-01T07:02:39.620977+00:00,2026-07-01T07:02:39.614717,3,2,82.7,0.2,82.6,56,82.3,100,82.2,5,,,,,,,,,,,,,,,82.8,110,83.1,150,,,,,,,,,,,,,,,,
2026-07-01T07:02:40.124479+00:00,2026-07-01T07:02:40.121508,3,2,82.7,0.2,82.6,56,82.3,100,82.2,5,,,,,,,,,,,,,,,82.8,110,83.1,150,,,,,,,,,,,,,,,,
2026-07-01T07:02:40.288541+00:00,2026-07-01T07:02:40.285256,3,2,82.7,0.2,82.6,56,82.3,100,82.2,5,,,,,,,,,,,,,,,82.8,67,83.1,150,,,,,,,,,,,,,,,,
2026-07-01T07:02:40.566342+00:00,2026-07-01T07:02:40.565986,2,2,82.7,0.2,82.6,56,82.2,5,,,,,,,,,,,,,,,,,82.8,10,83.1,150,,,,,,,,,,,,,,,,
2026-07-01T07:02:40.627844+00:00,2026-07-01T07:02:40.625278,2,1,82.85,0.5,82.6,56,82.2,105,,,,,,,,,,,,,,,,,83.1,150,,,,,,,,,,,,,,,,,,
2026-07-01T07:02:40.638167+00:00,2026-07-01T07:02:40.628363,2,2,82.8,0.4,82.6,56,82.2,105,,,,,,,,,,,,,,,,,83.0,10,83.1,150,,,,,,,,,,,,,,,,
2026-07-01T07:02:40.679235+00:00,2026-07-01T07:02:40.672246,2,3,82.65,0.1,82.6,56,82.2,105,,,,,,,,,,,,,,,,,82.7,100,83.0,10,83.1,150,,,,,,,,,,,,,,
2026-07-01T07:02:40.955681+00:00,2026-07-01T07:02:40.954939,2,3,82.65,0.1,82.6,56,82.2,104,,,,,,,,,,,,,,,,,82.7,100,83.0,10,83.1,150,,,,,,,,,,,,,,
2026-07-01T07:02:41.141141+00:00,2026-07-01T07:02:41.132510,2,2,82.65,0.1,82.6,56,82.2,104,,,,,,,,,,,,,,,,,82.7,100,83.1,150,,,,,,,,,,,,,,,,
2026-07-01T07:02:41.151492+00:00,2026-07-01T07:02:41.144598,2,2,82.65,0.1,82.6,56,82.2,104,,,,,,,,,,,,,,,,,82.7,110,83.1,150,,,,,,,,,,,,,,,,
2026-07-01T07:02:41.161840+00:00,2026-07-01T07:02:41.159338,1,1,82.45,0.5,82.2,104,,,,,,,,,,,,,,,,,,,82.7,110,,,,,,,,,,,,,,,,,,
2026-07-01T07:02:41.223620+00:00,2026-07-01T07:02:41.213804,2,1,82.45,0.5,82.2,104,82.0,150,,,,,,,,,,,,,,,,,82.7,110,,,,,,,,,,,,,,,,,,
2026-07-01T07:02:41.275301+00:00,2026-07-01T07:02:41.266296,2,2,82.35,0.3,82.2,104,82.0,150,,,,,,,,,,,,,,,,,82.5,150,82.7,110,,,,,,,,,,,,,,,,
2026-07-01T07:02:41.337111+00:00,2026-07-01T07:02:41.336366,2,2,82.35,0.3,82.2,104,82.0,150,,,,,,,,,,,,,,,,,82.5,108,82.7,110,,,,,,,,,,,,,,,,
2026-07-01T07:02:41.367947+00:00,2026-07-01T07:02:41.366689,2,2,82.35,0.3,82.2,102,82.0,150,,,,,,,,,,,,,,,,,82.5,108,82.7,110,,,,,,,,,,,,,,,,
2026-07-01T07:02:41.655759+00:00,2026-07-01T07:02:41.654402,2,2,82.35,0.3,82.2,112,82.0,150,,,,,,,,,,,,,,,,,82.5,108,82.7,100,,,,,,,,,,,,,,,,
2026-07-01T07:02:41.964457+00:00,2026-07-01T07:02:41.962769,2,2,82.35,0.3,82.2,111,82.0,150,,,,,,,,,,,,,,,,,82.5,108,82.7,100,,,,,,,,,,,,,,,,
2026-07-01T07:02:42.160647+00:00,2026-07-01T07:02:42.158366,2,2,82.35,0.3,82.2,101,82.0,150,,,,,,,,,,,,,,,,,82.5,108,82.7,100,,,,,,,,,,,,,,,,
2026-07-01T07:02:42.171019+00:00,2026-07-01T07:02:42.161473,2,2,82.35,0.3,82.2,111,82.0,150,,,,,,,,,,,,,,,,,82.5,108,82.7,100,,,,,,,,,,,,,,,,
2026-07-01T07:02:42.233011+00:00,2026-07-01T07:02:42.230692,2,2,82.35,0.3,82.2,111,82.0,150,,,,,,,,,,,,,,,,,82.5,58,82.7,100,,,,,,,,,,,,,,,,
2026-07-01T07:02:42.428718+00:00,2026-07-01T07:02:42.421754,2,2,82.35,0.3,82.2,110,82.0,150,,,,,,,,,,,,,,,,,82.5,58,82.7,100,,,,,,,,,,,,,,,,
2026-07-01T07:02:42.449210+00:00,2026-07-01T07:02:42.441658,2,2,82.35,0.3,82.2,63,82.0,150,,,,,,,,,,,,,,,,,82.5,58,82.7,100,,,,,,,,,,,,,,,,
2026-07-01T07:02:42.674696+00:00,2026-07-01T07:02:42.668211,2,2,82.35,0.3,82.2,63,82.0,150,,,,,,,,,,,,,,,,,82.5,58,82.7,100,,,,,,,,,,,,,,,,
2026-07-01T07:02:43.179448+00:00,2026-07-01T07:02:43.176242,2,2,82.35,0.3,82.2,63,82.0,150,,,,,,,,,,,,,,,,,82.5,58,82.7,100,,,,,,,,,,,,,,,,
2026-07-01T07:02:43.374336+00:00,2026-07-01T07:02:43.373649,2,3,82.35,0.3,82.2,63,82.0,150,,,,,,,,,,,,,,,,,82.5,58,82.6,6,82.7,100,,,,,,,,,,,,,,
2026-07-01T07:02:43.682801+00:00,2026-07-01T07:02:43.680020,2,3,82.35,0.3,82.2,53,82.0,150,,,,,,,,,,,,,,,,,82.5,58,82.6,6,82.7,100,,,,,,,,,,,,,,
2026-07-01T07:02:43.693077+00:00,2026-07-01T07:02:43.683254,2,3,82.35,0.3,82.2,63,82.0,150,,,,,,,,,,,,,,,,,82.5,58,82.6,6,82.7,100,,,,,,,,,,,,,,
2026-07-01T07:02:43.734262+00:00,2026-07-01T07:02:43.728076,2,2,82.35,0.3,82.2,10,82.0,150,,,,,,,,,,,,,,,,,82.5,58,82.6,6,,,,,,,,,,,,,,,,
2026-07-01T07:02:43.785991+00:00,2026-07-01T07:02:43.780429,2,2,82.35,0.3,82.2,110,82.0,150,,,,,,,,,,,,,,,,,82.5,58,82.6,6,,,,,,,,,,,,,,,,
2026-07-01T07:02:43.837458+00:00,2026-07-01T07:02:43.833718,2,3,82.35,0.3,82.2,110,82.0,150,,,,,,,,,,,,,,,,,82.5,58,82.6,6,82.7,100,,,,,,,,,,,,,,
2026-07-01T07:02:43.970841+00:00,2026-07-01T07:02:43.969814,2,3,82.35,0.3,82.2,110,82.0,150,,,,,,,,,,,,,,,,,82.5,44,82.6,6,82.7,100,,,,,,,,,,,,,,
2026-07-01T07:02:44.187749+00:00,2026-07-01T07:02:44.187268,2,3,82.35,0.3,82.2,100,82.0,150,,,,,,,,,,,,,,,,,82.5,44,82.6,6,82.7,100,,,,,,,,,,,,,,
2026-07-01T07:02:44.198096+00:00,2026-07-01T07:02:44.190520,2,3,82.35,0.3,82.2,110,82.0,150,,,,,,,,,,,,,,,,,82.5,44,82.6,6,82.7,100,,,,,,,,,,,,,,
2026-07-01T07:02:44.260259+00:00,2026-07-01T07:02:44.259510,2,3,82.35,0.3,82.2,110,82.0,150,,,,,,,,,,,,,,,,,82.5,44,82.6,3,82.7,100,,,,,,,,,,,,,,
2026-07-01T07:02:44.321746+00:00,2026-07-01T07:02:44.321043,2,2,82.4,0.4,82.2,110,82.0,150,,,,,,,,,,,,,,,,,82.6,3,82.7,100,,,,,,,,,,,,,,,,
2026-07-01T07:02:44.332039+00:00,2026-07-01T07:02:44.323023,1,2,82.4,0.4,82.2,110,,,,,,,,,,,,,,,,,,,82.6,3,82.7,100,,,,,,,,,,,,,,,,
2026-07-01T07:02:44.352599+00:00,2026-07-01T07:02:44.347392,1,1,82.45,0.5,82.2,110,,,,,,,,,,,,,,,,,,,82.7,53,,,,,,,,,,,,,,,,,,
2026-07-01T07:02:44.383312+00:00,2026-07-01T07:02:44.376982,2,0,,,82.7,97,82.2,110,,,,,,,,,,,,,,,,,,,,,,,,,,,,,,,,,,,,
2026-07-01T07:02:44.444223+00:00,2026-07-01T07:02:44.442862,2,1,82.95,0.5,82.7,86,82.2,110,,,,,,,,,,,,,,,,,83.2,150,,,,,,,,,,,,,,,,,,
2026-07-01T07:02:44.704940+00:00,2026-07-01T07:02:44.704607,2,2,82.9,0.4,82.7,86,82.2,100,,,,,,,,,,,,,,,,,83.1,10,83.2,150,,,,,,,,,,,,,,,,
2026-07-01T07:02:44.961422+00:00,2026-07-01T07:02:44.960280,2,2,82.9,0.4,82.7,83,82.2,100,,,,,,,,,,,,,,,,,83.1,10,83.2,150,,,,,,,,,,,,,,,,
2026-07-01T07:02:45.074780+00:00,2026-07-01T07:02:45.067613,2,2,82.9,0.4,82.7,34,82.2,100,,,,,,,,,,,,,,,,,83.1,10,83.2,150,,,,,,,,,,,,,,,,
2026-07-01T07:02:45.208649+00:00,2026-07-01T07:02:45.208567,2,1,82.95,0.5,82.7,34,82.2,100,,,,,,,,,,,,,,,,,83.2,150,,,,,,,,,,,,,,,,,,
2026-07-01T07:02:45.218887+00:00,2026-07-01T07:02:45.212085,2,2,82.9,0.4,82.7,34,82.2,100,,,,,,,,,,,,,,,,,83.1,10,83.2,150,,,,,,,,,,,,,,,,
2026-07-01T07:02:45.310380+00:00,2026-07-01T07:02:45.309236,2,2,82.9,0.4,82.7,31,82.2,100,,,,,,,,,,,,,,,,,83.1,10,83.2,150,,,,,,,,,,,,,,,,
2026-07-01T07:02:45.372360+00:00,2026-07-01T07:02:45.367793,1,2,82.65,0.9,82.2,100,,,,,,,,,,,,,,,,,,,83.1,10,83.2,150,,,,,,,,,,,,,,,,
2026-07-01T07:02:45.721056+00:00,2026-07-01T07:02:45.719521,1,2,82.65,0.9,82.2,100,,,,,,,,,,,,,,,,,,,83.1,10,83.2,150,,,,,,,,,,,,,,,,
2026-07-01T07:02:46.225142+00:00,2026-07-01T07:02:46.223769,1,1,82.7,1.0,82.2,100,,,,,,,,,,,,,,,,,,,83.2,150,,,,,,,,,,,,,,,,,,
2026-07-01T07:02:46.235439+00:00,2026-07-01T07:02:46.227328,1,2,82.65,0.9,82.2,100,,,,,,,,,,,,,,,,,,,83.1,10,83.2,150,,,,,,,,,,,,,,,,
2026-07-01T07:02:46.543108+00:00,2026-07-01T07:02:46.533355,1,2,82.65,0.9,82.2,50,,,,,,,,,,,,,,,,,,,83.1,10,83.2,150,,,,,,,,,,,,,,,,
2026-07-01T07:02:46.738156+00:00,2026-07-01T07:02:46.731967,1,1,82.7,1.0,82.2,50,,,,,,,,,,,,,,,,,,,83.2,150,,,,,,,,,,,,,,,,,,
