recv_time,book_timestamp,n_bids,n_asks,mid,spread,bid_px_0,bid_vol_0,bid_px_1,bid_vol_1,bid_px_2,bid_vol_2,bid_px_3,bid_vol_3,bid_px_4,bid_vol_4,bid_px_5,bid_vol_5,bid_px_6,bid_vol_6,bid_px_7,bid_vol_7,bid_px_8,bid_vol_8,bid_px_9,bid_vol_9,ask_px_0,ask_vol_0,ask_px_1,ask_vol_1,ask_px_2,ask_vol_2,ask_px_3,ask_vol_3,ask_px_4,ask_vol_4,ask_px_5,ask_vol_5,ask_px_6,ask_vol_6,ask_px_7,ask_vol_7,ask_px_8,ask_vol_8,ask_px_9,ask_vol_9
2026-07-09T03:00:00.345345+00:00,2026-07-09T03:00:00.341468,2,2,120.7,0.2,120.6,101,120.3,150,,,,,,,,,,,,,,,,,120.8,103,121.1,100,,,,,,,,,,,,,,,,
2026-07-09T03:00:00.525050+00:00,2026-07-09T03:00:00.462767,3,2,120.7,0.2,120.6,100,120.5,1,120.3,150,,,,,,,,,,,,,,,120.8,103,121.1,100,,,,,,,,,,,,,,,,
2026-07-09T03:00:00.736391+00:00,2026-07-09T03:00:00.736272,2,2,120.7,0.2,120.6,100,120.3,150,,,,,,,,,,,,,,,,,120.8,103,121.1,100,,,,,,,,,,,,,,,,
2026-07-09T03:00:00.951293+00:00,2026-07-09T03:00:00.951444,2,2,120.7,0.2,120.6,60,120.3,150,,,,,,,,,,,,,,,,,120.8,103,121.1,100,,,,,,,,,,,,,,,,
2026-07-09T03:00:01.702885+00:00,2026-07-09T03:00:01.703042,2,2,120.7,0.2,120.6,60,120.3,150,,,,,,,,,,,,,,,,,120.8,83,121.1,100,,,,,,,,,,,,,,,,
2026-07-09T03:00:01.767650+00:00,2026-07-09T03:00:01.758857,2,2,120.7,0.2,120.6,60,120.3,150,,,,,,,,,,,,,,,,,120.8,63,121.1,100,,,,,,,,,,,,,,,,
2026-07-09T03:00:01.818753+00:00,2026-07-09T03:00:01.791887,2,2,120.7,0.2,120.6,60,120.3,150,,,,,,,,,,,,,,,,,120.8,43,121.1,100,,,,,,,,,,,,,,,,
2026-07-09T03:00:01.835535+00:00,2026-07-09T03:00:01.826259,2,2,120.7,0.2,120.6,60,120.3,150,,,,,,,,,,,,,,,,,120.8,23,121.1,100,,,,,,,,,,,,,,,,
2026-07-09T03:00:01.881285+00:00,2026-07-09T03:00:01.881183,2,2,120.7,0.2,120.6,60,120.3,150,,,,,,,,,,,,,,,,,120.8,3,121.1,100,,,,,,,,,,,,,,,,
2026-07-09T03:00:01.922893+00:00,2026-07-09T03:00:01.922783,2,1,120.85,0.5,120.6,60,120.3,150,,,,,,,,,,,,,,,,,121.1,100,,,,,,,,,,,,,,,,,,
2026-07-09T03:00:02.044010+00:00,2026-07-09T03:00:02.043875,2,1,120.85,0.5,120.6,60,120.3,150,,,,,,,,,,,,,,,,,121.1,53,,,,,,,,,,,,,,,,,,
2026-07-09T03:00:02.127395+00:00,2026-07-09T03:00:02.127308,1,1,120.85,0.5,120.6,60,,,,,,,,,,,,,,,,,,,121.1,53,,,,,,,,,,,,,,,,,,
2026-07-09T03:00:02.181639+00:00,2026-07-09T03:00:02.181717,2,1,121.0,0.2,120.9,150,120.6,60,,,,,,,,,,,,,,,,,121.1,53,,,,,,,,,,,,,,,,,,
2026-07-09T03:00:02.244096+00:00,2026-07-09T03:00:02.243949,2,2,121.0,0.2,120.9,150,120.6,60,,,,,,,,,,,,,,,,,121.1,53,121.4,150,,,,,,,,,,,,,,,,
2026-07-09T03:00:02.594685+00:00,2026-07-09T03:00:02.594579,2,2,121.0,0.2,120.9,110,120.6,60,,,,,,,,,,,,,,,,,121.1,53,121.4,150,,,,,,,,,,,,,,,,
2026-07-09T03:00:02.758567+00:00,2026-07-09T03:00:02.752195,1,1,121.15,0.5,120.9,110,,,,,,,,,,,,,,,,,,,121.4,150,,,,,,,,,,,,,,,,,,
2026-07-09T03:00:02.815315+00:00,2026-07-09T03:00:02.819753,2,1,121.15,0.5,120.9,110,120.8,100,,,,,,,,,,,,,,,,,121.4,150,,,,,,,,,,,,,,,,,,
2026-07-09T03:00:02.882106+00:00,2026-07-09T03:00:02.881974,2,2,121.1,0.4,120.9,110,120.8,100,,,,,,,,,,,,,,,,,121.3,100,121.4,150,,,,,,,,,,,,,,,,
2026-07-09T03:00:02.984465+00:00,2026-07-09T03:00:02.974806,2,2,121.1,0.4,120.9,57,120.8,100,,,,,,,,,,,,,,,,,121.3,100,121.4,150,,,,,,,,,,,,,,,,
2026-07-09T03:00:03.005125+00:00,2026-07-09T03:00:03.005273,2,2,121.1,0.4,120.9,37,120.8,100,,,,,,,,,,,,,,,,,121.3,100,121.4,150,,,,,,,,,,,,,,,,
2026-07-09T03:00:03.075433+00:00,2026-07-09T03:00:03.075392,2,2,121.1,0.4,120.9,17,120.8,100,,,,,,,,,,,,,,,,,121.3,100,121.4,150,,,,,,,,,,,,,,,,
2026-07-09T03:00:03.112201+00:00,2026-07-09T03:00:03.106051,1,2,121.05,0.5,120.8,100,,,,,,,,,,,,,,,,,,,121.3,100,121.4,150,,,,,,,,,,,,,,,,
2026-07-09T03:00:03.181890+00:00,2026-07-09T03:00:03.181804,1,2,121.05,0.5,120.8,97,,,,,,,,,,,,,,,,,,,121.3,100,121.4,150,,,,,,,,,,,,,,,,
2026-07-09T03:00:03.658583+00:00,2026-07-09T03:00:03.647554,1,2,121.05,0.5,120.8,97,,,,,,,,,,,,,,,,,,,121.3,57,121.4,150,,,,,,,,,,,,,,,,
2026-07-09T03:00:05.081036+00:00,2026-07-09T03:00:05.081200,1,2,121.05,0.5,120.8,47,,,,,,,,,,,,,,,,,,,121.3,57,121.4,150,,,,,,,,,,,,,,,,
2026-07-09T03:00:05.300377+00:00,2026-07-09T03:00:05.300544,1,1,121.05,0.5,120.8,47,,,,,,,,,,,,,,,,,,,121.3,57,,,,,,,,,,,,,,,,,,
2026-07-09T03:00:05.352395+00:00,2026-07-09T03:00:05.352217,2,1,121.05,0.5,120.8,47,120.3,150,,,,,,,,,,,,,,,,,121.3,57,,,,,,,,,,,,,,,,,,
2026-07-09T03:00:05.417577+00:00,2026-07-09T03:00:05.411451,1,2,120.55,0.5,120.3,150,,,,,,,,,,,,,,,,,,,120.8,100,121.3,57,,,,,,,,,,,,,,,,
2026-07-09T03:00:05.938091+00:00,2026-07-09T03:00:05.937959,1,1,120.55,0.5,120.3,150,,,,,,,,,,,,,,,,,,,120.8,100,,,,,,,,,,,,,,,,,,
2026-07-09T03:00:05.988397+00:00,2026-07-09T03:00:05.988299,2,1,120.6,0.4,120.4,100,120.3,150,,,,,,,,,,,,,,,,,120.8,100,,,,,,,,,,,,,,,,,,
2026-07-09T03:00:06.044137+00:00,2026-07-09T03:00:06.044030,2,2,120.6,0.4,120.4,100,120.3,150,,,,,,,,,,,,,,,,,120.8,100,120.9,100,,,,,,,,,,,,,,,,
2026-07-09T03:00:06.810172+00:00,2026-07-09T03:00:06.802809,2,2,120.6,0.4,120.4,56,120.3,150,,,,,,,,,,,,,,,,,120.8,100,120.9,100,,,,,,,,,,,,,,,,
2026-07-09T03:00:07.204871+00:00,2026-07-09T03:00:07.204769,2,2,120.6,0.4,120.4,6,120.3,150,,,,,,,,,,,,,,,,,120.8,100,120.9,100,,,,,,,,,,,,,,,,
2026-07-09T03:00:07.283418+00:00,2026-07-09T03:00:07.283365,2,2,120.6,0.4,120.4,6,120.3,150,,,,,,,,,,,,,,,,,120.8,57,120.9,100,,,,,,,,,,,,,,,,
2026-07-09T03:00:08.458625+00:00,2026-07-09T03:00:08.457103,1,1,120.65,0.5,120.4,6,,,,,,,,,,,,,,,,,,,120.9,100,,,,,,,,,,,,,,,,,,
2026-07-09T03:00:08.517613+00:00,2026-07-09T03:00:08.517570,2,1,120.65,0.5,120.4,6,120.3,150,,,,,,,,,,,,,,,,,120.9,100,,,,,,,,,,,,,,,,,,
2026-07-09T03:00:08.569783+00:00,2026-07-09T03:00:08.569922,2,2,120.6,0.4,120.4,6,120.3,150,,,,,,,,,,,,,,,,,120.8,150,120.9,100,,,,,,,,,,,,,,,,
2026-07-09T03:00:08.846923+00:00,2026-07-09T03:00:08.846853,2,2,120.6,0.4,120.4,6,120.3,150,,,,,,,,,,,,,,,,,120.8,109,120.9,100,,,,,,,,,,,,,,,,
2026-07-09T03:00:09.099174+00:00,2026-07-09T03:00:09.099076,1,1,120.55,0.5,120.3,150,,,,,,,,,,,,,,,,,,,120.8,109,,,,,,,,,,,,,,,,,,
2026-07-09T03:00:09.149926+00:00,2026-07-09T03:00:09.149851,2,1,120.55,0.5,120.3,150,120.0,100,,,,,,,,,,,,,,,,,120.8,109,,,,,,,,,,,,,,,,,,
2026-07-09T03:00:09.204366+00:00,2026-07-09T03:00:09.204295,2,2,120.4,0.2,120.3,150,120.0,100,,,,,,,,,,,,,,,,,120.5,100,120.8,109,,,,,,,,,,,,,,,,
2026-07-09T03:00:09.313691+00:00,2026-07-09T03:00:09.313577,2,2,120.4,0.2,120.3,100,120.0,100,,,,,,,,,,,,,,,,,120.5,100,120.8,109,,,,,,,,,,,,,,,,
2026-07-09T03:00:09.607134+00:00,2026-07-09T03:00:09.607265,2,2,120.4,0.2,120.3,100,120.0,100,,,,,,,,,,,,,,,,,120.5,80,120.8,109,,,,,,,,,,,,,,,,
2026-07-09T03:00:09.694651+00:00,2026-07-09T03:00:09.694736,2,2,120.4,0.2,120.3,100,120.0,100,,,,,,,,,,,,,,,,,120.5,60,120.8,109,,,,,,,,,,,,,,,,
2026-07-09T03:00:09.724331+00:00,2026-07-09T03:00:09.724416,2,2,120.4,0.2,120.3,100,120.0,100,,,,,,,,,,,,,,,,,120.5,40,120.8,109,,,,,,,,,,,,,,,,
2026-07-09T03:00:09.745563+00:00,2026-07-09T03:00:09.745541,2,2,120.4,0.2,120.3,100,120.0,100,,,,,,,,,,,,,,,,,120.5,20,120.8,109,,,,,,,,,,,,,,,,
2026-07-09T03:00:09.760961+00:00,2026-07-09T03:00:09.761103,2,2,120.4,0.2,120.3,100,120.0,100,,,,,,,,,,,,,,,,,120.5,3,120.8,109,,,,,,,,,,,,,,,,
2026-07-09T03:00:10.052181+00:00,2026-07-09T03:00:10.052450,2,1,120.55,0.5,120.3,100,120.0,100,,,,,,,,,,,,,,,,,120.8,109,,,,,,,,,,,,,,,,,,
2026-07-09T03:00:11.385851+00:00,2026-07-09T03:00:11.385758,2,1,120.55,0.5,120.3,100,120.0,100,,,,,,,,,,,,,,,,,120.8,59,,,,,,,,,,,,,,,,,,
2026-07-09T03:00:11.624982+00:00,2026-07-09T03:00:11.624929,1,0,,,120.0,100,,,,,,,,,,,,,,,,,,,,,,,,,,,,,,,,,,,,,,
2026-07-09T03:00:11.681496+00:00,2026-07-09T03:00:11.681401,2,0,,,120.6,150,120.0,100,,,,,,,,,,,,,,,,,,,,,,,,,,,,,,,,,,,,
2026-07-09T03:00:11.734255+00:00,2026-07-09T03:00:11.734145,2,1,120.85,0.5,120.6,150,120.0,100,,,,,,,,,,,,,,,,,121.1,150,,,,,,,,,,,,,,,,,,
2026-07-09T03:00:12.258677+00:00,2026-07-09T03:00:12.253851,1,1,120.85,0.5,120.6,150,,,,,,,,,,,,,,,,,,,121.1,150,,,,,,,,,,,,,,,,,,
2026-07-09T03:00:12.311872+00:00,2026-07-09T03:00:12.311760,2,1,120.85,0.5,120.6,150,120.3,100,,,,,,,,,,,,,,,,,121.1,150,,,,,,,,,,,,,,,,,,
2026-07-09T03:00:12.368047+00:00,2026-07-09T03:00:12.368009,2,2,120.7,0.2,120.6,150,120.3,100,,,,,,,,,,,,,,,,,120.8,100,121.1,150,,,,,,,,,,,,,,,,
2026-07-09T03:00:13.543793+00:00,2026-07-09T03:00:13.543661,2,2,120.7,0.2,120.6,100,120.3,100,,,,,,,,,,,,,,,,,120.8,100,121.1,150,,,,,,,,,,,,,,,,
2026-07-09T03:00:14.265426+00:00,2026-07-09T03:00:14.265392,2,2,120.7,0.2,120.6,54,120.3,100,,,,,,,,,,,,,,,,,120.8,100,121.1,150,,,,,,,,,,,,,,,,
2026-07-09T03:00:14.785704+00:00,2026-07-09T03:00:14.785627,1,1,120.55,0.5,120.3,100,,,,,,,,,,,,,,,,,,,120.8,100,,,,,,,,,,,,,,,,,,
2026-07-09T03:00:14.843144+00:00,2026-07-09T03:00:14.843045,2,1,120.55,0.5,120.3,100,120.2,150,,,,,,,,,,,,,,,,,120.8,100,,,,,,,,,,,,,,,,,,
2026-07-09T03:00:14.914560+00:00,2026-07-09T03:00:14.914479,2,2,120.5,0.4,120.3,100,120.2,150,,,,,,,,,,,,,,,,,120.7,150,120.8,100,,,,,,,,,,,,,,,,
2026-07-09T03:00:15.420027+00:00,2026-07-09T03:00:15.420232,1,1,120.45,0.5,120.2,150,,,,,,,,,,,,,,,,,,,120.7,150,,,,,,,,,,,,,,,,,,
2026-07-09T03:00:15.473376+00:00,2026-07-09T03:00:15.473292,2,1,120.55,0.3,120.4,100,120.2,150,,,,,,,,,,,,,,,,,120.7,150,,,,,,,,,,,,,,,,,,
2026-07-09T03:00:15.546681+00:00,2026-07-09T03:00:15.546615,2,2,120.55,0.3,120.4,100,120.2,150,,,,,,,,,,,,,,,,,120.7,150,120.9,100,,,,,,,,,,,,,,,,
2026-07-09T03:00:15.605629+00:00,2026-07-09T03:00:15.605765,2,2,120.55,0.3,120.4,100,120.2,150,,,,,,,,,,,,,,,,,120.7,100,120.9,100,,,,,,,,,,,,,,,,
2026-07-09T03:00:17.713190+00:00,2026-07-09T03:00:17.713040,2,2,120.55,0.3,120.4,100,120.2,150,,,,,,,,,,,,,,,,,120.7,50,120.9,100,,,,,,,,,,,,,,,,
2026-07-09T03:00:17.964801+00:00,2026-07-09T03:00:17.964746,2,1,120.65,0.5,120.4,100,120.2,150,,,,,,,,,,,,,,,,,120.9,100,,,,,,,,,,,,,,,,,,
2026-07-09T03:00:17.970022+00:00,2026-07-09T03:00:17.969920,1,1,120.65,0.5,120.4,100,,,,,,,,,,,,,,,,,,,120.9,100,,,,,,,,,,,,,,,,,,
2026-07-09T03:00:18.023013+00:00,2026-07-09T03:00:18.022936,2,1,120.65,0.5,120.4,100,120.2,150,,,,,,,,,,,,,,,,,120.9,100,,,,,,,,,,,,,,,,,,
2026-07-09T03:00:18.072953+00:00,2026-07-09T03:00:18.072869,2,2,120.55,0.3,120.4,100,120.2,150,,,,,,,,,,,,,,,,,120.7,150,120.9,100,,,,,,,,,,,,,,,,
2026-07-09T03:00:18.595494+00:00,2026-07-09T03:00:18.595406,2,1,120.55,0.3,120.4,100,120.2,150,,,,,,,,,,,,,,,,,120.7,150,,,,,,,,,,,,,,,,,,
2026-07-09T03:00:18.600733+00:00,2026-07-09T03:00:18.600565,1,1,120.45,0.5,120.2,150,,,,,,,,,,,,,,,,,,,120.7,150,,,,,,,,,,,,,,,,,,
2026-07-09T03:00:18.664105+00:00,2026-07-09T03:00:18.663894,2,1,120.45,0.5,120.2,150,119.8,100,,,,,,,,,,,,,,,,,120.7,150,,,,,,,,,,,,,,,,,,
2026-07-09T03:00:18.707777+00:00,2026-07-09T03:00:18.707608,2,2,120.25,0.1,120.2,150,119.8,100,,,,,,,,,,,,,,,,,120.3,100,120.7,150,,,,,,,,,,,,,,,,
2026-07-09T03:00:19.543997+00:00,2026-07-09T03:00:19.544135,2,2,120.25,0.1,120.2,150,119.8,100,,,,,,,,,,,,,,,,,120.3,56,120.7,150,,,,,,,,,,,,,,,,
2026-07-09T03:00:19.819015+00:00,2026-07-09T03:00:19.818937,2,2,120.25,0.1,120.2,150,119.8,100,,,,,,,,,,,,,,,,,120.3,6,120.7,150,,,,,,,,,,,,,,,,
2026-07-09T03:00:20.426890+00:00,2026-07-09T03:00:20.420418,2,2,120.25,0.1,120.2,150,119.8,100,,,,,,,,,,,,,,,,,120.3,3,120.7,150,,,,,,,,,,,,,,,,
2026-07-09T03:00:21.131394+00:00,2026-07-09T03:00:21.131238,1,1,120.05,0.5,119.8,100,,,,,,,,,,,,,,,,,,,120.3,3,,,,,,,,,,,,,,,,,,
2026-07-09T03:00:21.187653+00:00,2026-07-09T03:00:21.187742,2,0,,,120.6,147,119.8,100,,,,,,,,,,,,,,,,,,,,,,,,,,,,,,,,,,,,
2026-07-09T03:00:21.253264+00:00,2026-07-09T03:00:21.245742,2,1,120.85,0.5,120.6,144,119.8,100,,,,,,,,,,,,,,,,,121.1,150,,,,,,,,,,,,,,,,,,
2026-07-09T03:00:21.344223+00:00,2026-07-09T03:00:21.338021,2,1,120.85,0.5,120.6,118,119.8,100,,,,,,,,,,,,,,,,,121.1,150,,,,,,,,,,,,,,,,,,
2026-07-09T03:00:21.366894+00:00,2026-07-09T03:00:21.366812,2,1,120.85,0.5,120.6,98,119.8,100,,,,,,,,,,,,,,,,,121.1,150,,,,,,,,,,,,,,,,,,
2026-07-09T03:00:21.403984+00:00,2026-07-09T03:00:21.403906,2,1,120.85,0.5,120.6,78,119.8,100,,,,,,,,,,,,,,,,,121.1,150,,,,,,,,,,,,,,,,,,
2026-07-09T03:00:21.469023+00:00,2026-07-09T03:00:21.469264,2,1,120.85,0.5,120.6,58,119.8,100,,,,,,,,,,,,,,,,,121.1,150,,,,,,,,,,,,,,,,,,
2026-07-09T03:00:21.504048+00:00,2026-07-09T03:00:21.503914,2,1,120.85,0.5,120.6,38,119.8,100,,,,,,,,,,,,,,,,,121.1,150,,,,,,,,,,,,,,,,,,
2026-07-09T03:00:21.530444+00:00,2026-07-09T03:00:21.530291,2,1,120.85,0.5,120.6,18,119.8,100,,,,,,,,,,,,,,,,,121.1,150,,,,,,,,,,,,,,,,,,
2026-07-09T03:00:21.596338+00:00,2026-07-09T03:00:21.596218,1,1,120.45,1.3,119.8,100,,,,,,,,,,,,,,,,,,,121.1,150,,,,,,,,,,,,,,,,,,
2026-07-09T03:00:21.758560+00:00,2026-07-09T03:00:21.758087,0,1,,,,,,,,,,,,,,,,,,,,,,,121.1,150,,,,,,,,,,,,,,,,,,
2026-07-09T03:00:21.816032+00:00,2026-07-09T03:00:21.815949,1,1,120.65,0.9,120.2,100,,,,,,,,,,,,,,,,,,,121.1,150,,,,,,,,,,,,,,,,,,
2026-07-09T03:00:21.885380+00:00,2026-07-09T03:00:21.885299,1,2,120.45,0.5,120.2,100,,,,,,,,,,,,,,,,,,,120.7,100,121.1,150,,,,,,,,,,,,,,,,
2026-07-09T03:00:21.926781+00:00,2026-07-09T03:00:21.926682,1,2,120.45,0.5,120.2,100,,,,,,,,,,,,,,,,,,,120.7,50,121.1,150,,,,,,,,,,,,,,,,
2026-07-09T03:00:22.358639+00:00,2026-07-09T03:00:22.357726,1,2,120.45,0.5,120.2,60,,,,,,,,,,,,,,,,,,,120.7,50,121.1,150,,,,,,,,,,,,,,,,
2026-07-09T03:00:22.656106+00:00,2026-07-09T03:00:22.650272,1,2,120.45,0.5,120.2,60,,,,,,,,,,,,,,,,,,,120.7,27,121.1,150,,,,,,,,,,,,,,,,
2026-07-09T03:00:24.293050+00:00,2026-07-09T03:00:24.292941,1,1,120.45,0.5,120.2,60,,,,,,,,,,,,,,,,,,,120.7,27,,,,,,,,,,,,,,,,,,
2026-07-09T03:00:24.358601+00:00,2026-07-09T03:00:24.349490,2,1,120.45,0.5,120.2,60,119.8,150,,,,,,,,,,,,,,,,,120.7,27,,,,,,,,,,,,,,,,,,
2026-07-09T03:00:24.429284+00:00,2026-07-09T03:00:24.421994,2,2,120.25,0.1,120.2,60,119.8,150,,,,,,,,,,,,,,,,,120.3,147,120.7,27,,,,,,,,,,,,,,,,
2026-07-09T03:00:24.456181+00:00,2026-07-09T03:00:24.456080,2,2,120.25,0.1,120.2,60,119.8,150,,,,,,,,,,,,,,,,,120.3,127,120.7,27,,,,,,,,,,,,,,,,
2026-07-09T03:00:24.490925+00:00,2026-07-09T03:00:24.491045,2,2,120.25,0.1,120.2,60,119.8,150,,,,,,,,,,,,,,,,,120.3,107,120.7,27,,,,,,,,,,,,,,,,
2026-07-09T03:00:24.510878+00:00,2026-07-09T03:00:24.511333,2,2,120.25,0.1,120.2,60,119.8,150,,,,,,,,,,,,,,,,,120.3,87,120.7,27,,,,,,,,,,,,,,,,
2026-07-09T03:00:24.551811+00:00,2026-07-09T03:00:24.551728,2,2,120.25,0.1,120.2,60,119.8,150,,,,,,,,,,,,,,,,,120.3,67,120.7,27,,,,,,,,,,,,,,,,
2026-07-09T03:00:24.577750+00:00,2026-07-09T03:00:24.577602,2,2,120.25,0.1,120.2,60,119.8,150,,,,,,,,,,,,,,,,,120.3,47,120.7,27,,,,,,,,,,,,,,,,
2026-07-09T03:00:24.602486+00:00,2026-07-09T03:00:24.602345,2,2,120.25,0.1,120.2,60,119.8,150,,,,,,,,,,,,,,,,,120.3,29,120.7,27,,,,,,,,,,,,,,,,
2026-07-09T03:00:24.743360+00:00,2026-07-09T03:00:24.743209,2,2,120.25,0.1,120.2,60,119.8,150,,,,,,,,,,,,,,,,,120.3,19,120.7,27,,,,,,,,,,,,,,,,
2026-07-09T03:00:24.789727+00:00,2026-07-09T03:00:24.789620,2,3,120.25,0.1,120.2,60,119.8,150,,,,,,,,,,,,,,,,,120.3,19,120.6,1,120.7,27,,,,,,,,,,,,,,
2026-07-09T03:00:24.936727+00:00,2026-07-09T03:00:24.936630,1,2,120.05,0.5,119.8,150,,,,,,,,,,,,,,,,,,,120.3,19,120.6,1,,,,,,,,,,,,,,,,
2026-07-09T03:00:24.994147+00:00,2026-07-09T03:00:24.994239,2,1,120.55,0.1,120.5,81,119.8,150,,,,,,,,,,,,,,,,,120.6,1,,,,,,,,,,,,,,,,,,
2026-07-09T03:00:25.047740+00:00,2026-07-09T03:00:25.047655,2,2,120.55,0.1,120.5,81,119.8,150,,,,,,,,,,,,,,,,,120.6,1,121.0,100,,,,,,,,,,,,,,,,
2026-07-09T03:00:25.094857+00:00,2026-07-09T03:00:25.094772,2,1,120.75,0.5,120.5,81,119.8,150,,,,,,,,,,,,,,,,,121.0,100,,,,,,,,,,,,,,,,,,
2026-07-09T03:00:25.100068+00:00,2026-07-09T03:00:25.100000,2,1,120.75,0.5,120.5,71,119.8,150,,,,,,,,,,,,,,,,,121.0,100,,,,,,,,,,,,,,,,,,
2026-07-09T03:00:25.845482+00:00,2026-07-09T03:00:25.845367,2,2,120.7,0.4,120.5,71,119.8,150,,,,,,,,,,,,,,,,,120.9,1,121.0,100,,,,,,,,,,,,,,,,
2026-07-09T03:00:26.951638+00:00,2026-07-09T03:00:26.951531,2,2,120.7,0.4,120.5,71,119.8,150,,,,,,,,,,,,,,,,,120.9,1,121.0,100,,,,,,,,,,,,,,,,
2026-07-09T03:00:27.470415+00:00,2026-07-09T03:00:27.470322,1,2,120.7,0.4,120.5,71,,,,,,,,,,,,,,,,,,,120.9,1,121.0,100,,,,,,,,,,,,,,,,
2026-07-09T03:00:27.525323+00:00,2026-07-09T03:00:27.525199,2,2,120.7,0.4,120.5,71,120.4,150,,,,,,,,,,,,,,,,,120.9,1,121.0,100,,,,,,,,,,,,,,,,
2026-07-09T03:00:27.578847+00:00,2026-07-09T03:00:27.579030,2,2,120.7,0.4,120.5,71,120.4,150,,,,,,,,,,,,,,,,,120.9,151,121.0,100,,,,,,,,,,,,,,,,
2026-07-09T03:00:28.063833+00:00,2026-07-09T03:00:28.063786,2,3,120.65,0.3,120.5,71,120.4,150,,,,,,,,,,,,,,,,,120.8,1,120.9,150,121.0,100,,,,,,,,,,,,,,
2026-07-09T03:00:28.099098+00:00,2026-07-09T03:00:28.099185,2,2,120.65,0.3,120.5,71,120.4,150,,,,,,,,,,,,,,,,,120.8,1,120.9,150,,,,,,,,,,,,,,,,
2026-07-09T03:00:28.104535+00:00,2026-07-09T03:00:28.104351,1,2,120.6,0.4,120.4,150,,,,,,,,,,,,,,,,,,,120.8,1,120.9,150,,,,,,,,,,,,,,,,
2026-07-09T03:00:28.154072+00:00,2026-07-09T03:00:28.154206,2,2,120.65,0.3,120.5,100,120.4,150,,,,,,,,,,,,,,,,,120.8,1,120.9,150,,,,,,,,,,,,,,,,
2026-07-09T03:00:28.212919+00:00,2026-07-09T03:00:28.212848,2,3,120.65,0.3,120.5,100,120.4,150,,,,,,,,,,,,,,,,,120.8,1,120.9,150,121.0,100,,,,,,,,,,,,,,
2026-07-09T03:00:29.172751+00:00,2026-07-09T03:00:29.172634,2,2,120.7,0.4,120.5,100,120.4,151,,,,,,,,,,,,,,,,,120.9,150,121.0,100,,,,,,,,,,,,,,,,
2026-07-09T03:00:30.283921+00:00,2026-07-09T03:00:30.283807,2,2,120.7,0.4,120.5,100,120.4,151,,,,,,,,,,,,,,,,,120.9,150,121.0,100,,,,,,,,,,,,,,,,
2026-07-09T03:00:30.358680+00:00,2026-07-09T03:00:30.353247,2,2,120.7,0.4,120.5,100,120.4,151,,,,,,,,,,,,,,,,,120.9,100,121.0,100,,,,,,,,,,,,,,,,
2026-07-09T03:00:30.633467+00:00,2026-07-09T03:00:30.633383,2,1,120.75,0.5,120.5,100,120.4,1,,,,,,,,,,,,,,,,,121.0,100,,,,,,,,,,,,,,,,,,
2026-07-09T03:00:30.705427+00:00,2026-07-09T03:00:30.705533,3,1,120.85,0.3,120.7,150,120.5,100,120.4,1,,,,,,,,,,,,,,,121.0,100,,,,,,,,,,,,,,,,,,
2026-07-09T03:00:30.758570+00:00,2026-07-09T03:00:30.753025,3,2,120.85,0.3,120.7,150,120.5,100,120.4,1,,,,,,,,,,,,,,,121.0,100,121.2,150,,,,,,,,,,,,,,,,
2026-07-09T03:00:31.264105+00:00,2026-07-09T03:00:31.264073,2,1,120.95,0.5,120.7,150,120.4,1,,,,,,,,,,,,,,,,,121.2,150,,,,,,,,,,,,,,,,,,
2026-07-09T03:00:31.331812+00:00,2026-07-09T03:00:31.331930,3,1,120.95,0.5,120.7,150,120.6,100,120.4,1,,,,,,,,,,,,,,,121.2,150,,,,,,,,,,,,,,,,,,
2026-07-09T03:00:31.387312+00:00,2026-07-09T03:00:31.387170,3,2,120.9,0.4,120.7,150,120.6,100,120.4,1,,,,,,,,,,,,,,,121.1,100,121.2,150,,,,,,,,,,,,,,,,
2026-07-09T03:00:31.392444+00:00,2026-07-09T03:00:31.392345,2,2,120.9,0.4,120.7,150,120.6,100,,,,,,,,,,,,,,,,,121.1,100,121.2,150,,,,,,,,,,,,,,,,
2026-07-09T03:00:31.397604+00:00,2026-07-09T03:00:31.397520,2,3,120.85,0.3,120.7,150,120.6,100,,,,,,,,,,,,,,,,,121.0,1,121.1,100,121.2,150,,,,,,,,,,,,,,
2026-07-09T03:00:31.827171+00:00,2026-07-09T03:00:31.821299,2,3,120.85,0.3,120.7,147,120.6,100,,,,,,,,,,,,,,,,,121.0,1,121.1,100,121.2,150,,,,,,,,,,,,,,
2026-07-09T03:00:31.860994+00:00,2026-07-09T03:00:31.860878,2,3,120.85,0.3,120.7,127,120.6,100,,,,,,,,,,,,,,,,,121.0,1,121.1,100,121.2,150,,,,,,,,,,,,,,
2026-07-09T03:00:31.897824+00:00,2026-07-09T03:00:31.897728,2,3,120.85,0.3,120.7,107,120.6,100,,,,,,,,,,,,,,,,,121.0,1,121.1,100,121.2,150,,,,,,,,,,,,,,
2026-07-09T03:00:31.903061+00:00,2026-07-09T03:00:31.902920,2,2,120.9,0.4,120.7,107,120.6,100,,,,,,,,,,,,,,,,,121.1,100,121.2,150,,,,,,,,,,,,,,,,
2026-07-09T03:00:31.908297+00:00,2026-07-09T03:00:31.908226,2,2,120.9,0.4,120.7,97,120.6,100,,,,,,,,,,,,,,,,,121.1,100,121.2,150,,,,,,,,,,,,,,,,
2026-07-09T03:00:31.989768+00:00,2026-07-09T03:00:31.989682,2,2,120.9,0.4,120.7,77,120.6,100,,,,,,,,,,,,,,,,,121.1,100,121.2,150,,,,,,,,,,,,,,,,
2026-07-09T03:00:32.014999+00:00,2026-07-09T03:00:32.015176,2,2,120.9,0.4,120.7,57,120.6,100,,,,,,,,,,,,,,,,,121.1,100,121.2,150,,,,,,,,,,,,,,,,
2026-07-09T03:00:32.066587+00:00,2026-07-09T03:00:32.066512,2,2,120.9,0.4,120.7,37,120.6,100,,,,,,,,,,,,,,,,,121.1,100,121.2,150,,,,,,,,,,,,,,,,
2026-07-09T03:00:32.103920+00:00,2026-07-09T03:00:32.103875,2,2,120.9,0.4,120.7,17,120.6,100,,,,,,,,,,,,,,,,,121.1,100,121.2,150,,,,,,,,,,,,,,,,
2026-07-09T03:00:32.136349+00:00,2026-07-09T03:00:32.136289,1,2,120.85,0.5,120.6,100,,,,,,,,,,,,,,,,,,,121.1,100,121.2,150,,,,,,,,,,,,,,,,
2026-07-09T03:00:32.158669+00:00,2026-07-09T03:00:32.155953,1,2,120.85,0.5,120.6,97,,,,,,,,,,,,,,,,,,,121.1,100,121.2,150,,,,,,,,,,,,,,,,
2026-07-09T03:00:32.240721+00:00,2026-07-09T03:00:32.240650,1,2,120.85,0.5,120.6,57,,,,,,,,,,,,,,,,,,,121.1,100,121.2,150,,,,,,,,,,,,,,,,
2026-07-09T03:00:32.858635+00:00,2026-07-09T03:00:32.858565,1,2,120.85,0.5,120.6,57,,,,,,,,,,,,,,,,,,,121.1,55,121.2,150,,,,,,,,,,,,,,,,
2026-07-09T03:00:33.189687+00:00,2026-07-09T03:00:33.189849,1,2,120.85,0.5,120.6,37,,,,,,,,,,,,,,,,,,,121.1,55,121.2,150,,,,,,,,,,,,,,,,
2026-07-09T03:00:33.282833+00:00,2026-07-09T03:00:33.282706,1,2,120.85,0.5,120.6,17,,,,,,,,,,,,,,,,,,,121.1,55,121.2,150,,,,,,,,,,,,,,,,
2026-07-09T03:00:33.330155+00:00,2026-07-09T03:00:33.330275,0,2,,,,,,,,,,,,,,,,,,,,,,,121.1,55,121.2,150,,,,,,,,,,,,,,,,
2026-07-09T03:00:33.809664+00:00,2026-07-09T03:00:33.809579,0,1,,,,,,,,,,,,,,,,,,,,,,,121.1,55,,,,,,,,,,,,,,,,,,
2026-07-09T03:00:33.859337+00:00,2026-07-09T03:00:33.859254,1,1,120.55,1.1,120.0,150,,,,,,,,,,,,,,,,,,,121.1,55,,,,,,,,,,,,,,,,,,
2026-07-09T03:00:33.914785+00:00,2026-07-09T03:00:33.914751,1,2,120.25,0.5,120.0,150,,,,,,,,,,,,,,,,,,,120.5,150,121.1,55,,,,,,,,,,,,,,,,
2026-07-09T03:00:34.086333+00:00,2026-07-09T03:00:34.086261,1,2,120.25,0.5,120.0,150,,,,,,,,,,,,,,,,,,,120.5,103,121.1,55,,,,,,,,,,,,,,,,
2026-07-09T03:00:34.142525+00:00,2026-07-09T03:00:34.142450,1,2,120.25,0.5,120.0,108,,,,,,,,,,,,,,,,,,,120.5,103,121.1,55,,,,,,,,,,,,,,,,
2026-07-09T03:00:34.442515+00:00,2026-07-09T03:00:34.442366,1,1,120.25,0.5,120.0,108,,,,,,,,,,,,,,,,,,,120.5,103,,,,,,,,,,,,,,,,,,
2026-07-09T03:00:34.494470+00:00,2026-07-09T03:00:34.494353,2,1,120.4,0.2,120.3,100,120.0,108,,,,,,,,,,,,,,,,,120.5,103,,,,,,,,,,,,,,,,,,
2026-07-09T03:00:34.548897+00:00,2026-07-09T03:00:34.548792,2,2,120.4,0.2,120.3,100,120.0,108,,,,,,,,,,,,,,,,,120.5,103,120.8,100,,,,,,,,,,,,,,,,
2026-07-09T03:00:34.570968+00:00,2026-07-09T03:00:34.570825,2,2,120.4,0.2,120.3,100,120.0,108,,,,,,,,,,,,,,,,,120.5,53,120.8,100,,,,,,,,,,,,,,,,
2026-07-09T03:00:36.265544+00:00,2026-07-09T03:00:36.265516,2,2,120.4,0.2,120.3,55,120.0,108,,,,,,,,,,,,,,,,,120.5,53,120.8,100,,,,,,,,,,,,,,,,
2026-07-09T03:00:36.697391+00:00,2026-07-09T03:00:36.697318,2,2,120.4,0.2,120.3,55,120.0,108,,,,,,,,,,,,,,,,,120.5,3,120.8,100,,,,,,,,,,,,,,,,
2026-07-09T03:00:36.858564+00:00,2026-07-09T03:00:36.858419,2,1,120.55,0.5,120.3,55,120.0,108,,,,,,,,,,,,,,,,,120.8,60,,,,,,,,,,,,,,,,,,
2026-07-09T03:00:36.969357+00:00,2026-07-09T03:00:36.969275,1,1,120.55,0.5,120.3,55,,,,,,,,,,,,,,,,,,,120.8,60,,,,,,,,,,,,,,,,,,
2026-07-09T03:00:37.018929+00:00,2026-07-09T03:00:37.018887,2,1,120.6,0.4,120.4,150,120.3,55,,,,,,,,,,,,,,,,,120.8,60,,,,,,,,,,,,,,,,,,
2026-07-09T03:00:37.079002+00:00,2026-07-09T03:00:37.078888,2,2,120.6,0.4,120.4,150,120.3,55,,,,,,,,,,,,,,,,,120.8,60,120.9,150,,,,,,,,,,,,,,,,
2026-07-09T03:00:37.410533+00:00,2026-07-09T03:00:37.410379,2,2,120.6,0.4,120.4,105,120.3,55,,,,,,,,,,,,,,,,,120.8,60,120.9,150,,,,,,,,,,,,,,,,
2026-07-09T03:00:37.607244+00:00,2026-07-09T03:00:37.607399,1,1,120.65,0.5,120.4,105,,,,,,,,,,,,,,,,,,,120.9,150,,,,,,,,,,,,,,,,,,
2026-07-09T03:00:37.658603+00:00,2026-07-09T03:00:37.655350,2,1,120.65,0.5,120.4,105,120.1,100,,,,,,,,,,,,,,,,,120.9,150,,,,,,,,,,,,,,,,,,
2026-07-09T03:00:37.714687+00:00,2026-07-09T03:00:37.714543,2,2,120.5,0.2,120.4,105,120.1,100,,,,,,,,,,,,,,,,,120.6,100,120.9,150,,,,,,,,,,,,,,,,
2026-07-09T03:00:38.806241+00:00,2026-07-09T03:00:38.806165,2,2,120.5,0.2,120.4,105,120.1,100,,,,,,,,,,,,,,,,,120.6,50,120.9,150,,,,,,,,,,,,,,,,
2026-07-09T03:00:40.134270+00:00,2026-07-09T03:00:40.134191,1,1,120.35,0.5,120.1,100,,,,,,,,,,,,,,,,,,,120.6,50,,,,,,,,,,,,,,,,,,
2026-07-09T03:00:40.188218+00:00,2026-07-09T03:00:40.188139,1,1,120.35,0.5,120.1,250,,,,,,,,,,,,,,,,,,,120.6,50,,,,,,,,,,,,,,,,,,
2026-07-09T03:00:40.242026+00:00,2026-07-09T03:00:40.241985,1,1,120.35,0.5,120.1,250,,,,,,,,,,,,,,,,,,,120.6,200,,,,,,,,,,,,,,,,,,
2026-07-09T03:00:40.769510+00:00,2026-07-09T03:00:40.769427,1,1,120.35,0.5,120.1,150,,,,,,,,,,,,,,,,,,,120.6,150,,,,,,,,,,,,,,,,,,
2026-07-09T03:00:40.822123+00:00,2026-07-09T03:00:40.821974,2,1,120.45,0.3,120.3,100,120.1,150,,,,,,,,,,,,,,,,,120.6,150,,,,,,,,,,,,,,,,,,
2026-07-09T03:00:40.879723+00:00,2026-07-09T03:00:40.879590,2,2,120.45,0.3,120.3,100,120.1,150,,,,,,,,,,,,,,,,,120.6,150,120.8,100,,,,,,,,,,,,,,,,
2026-07-09T03:00:40.911181+00:00,2026-07-09T03:00:40.911117,2,2,120.45,0.3,120.3,100,120.1,150,,,,,,,,,,,,,,,,,120.6,100,120.8,100,,,,,,,,,,,,,,,,
2026-07-09T03:00:43.027519+00:00,2026-07-09T03:00:43.027358,2,2,120.45,0.3,120.3,100,120.1,150,,,,,,,,,,,,,,,,,120.6,50,120.8,100,,,,,,,,,,,,,,,,
2026-07-09T03:00:43.292422+00:00,2026-07-09T03:00:43.292381,2,1,120.55,0.5,120.3,100,120.1,150,,,,,,,,,,,,,,,,,120.8,100,,,,,,,,,,,,,,,,,,
2026-07-09T03:00:43.297673+00:00,2026-07-09T03:00:43.297559,1,1,120.55,0.5,120.3,100,,,,,,,,,,,,,,,,,,,120.8,100,,,,,,,,,,,,,,,,,,
2026-07-09T03:00:43.347638+00:00,2026-07-09T03:00:43.347578,2,1,120.7,0.2,120.6,150,120.3,100,,,,,,,,,,,,,,,,,120.8,100,,,,,,,,,,,,,,,,,,
2026-07-09T03:00:43.358569+00:00,2026-07-09T03:00:43.357979,2,1,120.7,0.2,120.6,147,120.3,100,,,,,,,,,,,,,,,,,120.8,100,,,,,,,,,,,,,,,,,,
2026-07-09T03:00:43.411840+00:00,2026-07-09T03:00:43.411929,2,2,120.7,0.2,120.6,147,120.3,100,,,,,,,,,,,,,,,,,120.8,100,121.1,150,,,,,,,,,,,,,,,,
2026-07-09T03:00:43.969252+00:00,2026-07-09T03:00:43.969064,1,1,120.85,0.5,120.6,147,,,,,,,,,,,,,,,,,,,121.1,150,,,,,,,,,,,,,,,,,,
2026-07-09T03:00:44.064677+00:00,2026-07-09T03:00:44.064637,2,2,120.75,0.3,120.6,147,120.4,100,,,,,,,,,,,,,,,,,120.9,100,121.1,150,,,,,,,,,,,,,,,,
2026-07-09T03:00:44.480137+00:00,2026-07-09T03:00:44.480079,2,2,120.75,0.3,120.6,147,120.4,100,,,,,,,,,,,,,,,,,120.9,57,121.1,150,,,,,,,,,,,,,,,,
2026-07-09T03:00:45.135270+00:00,2026-07-09T03:00:45.135151,2,2,120.75,0.3,120.6,147,120.4,100,,,,,,,,,,,,,,,,,120.9,7,121.1,150,,,,,,,,,,,,,,,,
2026-07-09T03:00:45.520357+00:00,2026-07-09T03:00:45.520248,2,2,120.75,0.3,120.6,98,120.4,100,,,,,,,,,,,,,,,,,120.9,7,121.1,150,,,,,,,,,,,,,,,,
2026-07-09T03:00:45.901582+00:00,2026-07-09T03:00:45.891134,2,2,120.75,0.3,120.6,87,120.4,100,,,,,,,,,,,,,,,,,120.9,7,121.1,150,,,,,,,,,,,,,,,,
2026-07-09T03:00:46.458674+00:00,2026-07-09T03:00:46.458555,2,1,120.75,0.3,120.6,87,120.4,100,,,,,,,,,,,,,,,,,120.9,7,,,,,,,,,,,,,,,,,,
2026-07-09T03:00:46.463917+00:00,2026-07-09T03:00:46.463727,1,1,120.65,0.5,120.4,100,,,,,,,,,,,,,,,,,,,120.9,7,,,,,,,,,,,,,,,,,,
2026-07-09T03:00:46.516202+00:00,2026-07-09T03:00:46.516128,2,1,120.7,0.4,120.5,150,120.4,100,,,,,,,,,,,,,,,,,120.9,7,,,,,,,,,,,,,,,,,,
2026-07-09T03:00:46.569446+00:00,2026-07-09T03:00:46.569394,2,2,120.7,0.4,120.5,150,120.4,100,,,,,,,,,,,,,,,,,120.9,7,121.0,150,,,,,,,,,,,,,,,,
2026-07-09T03:00:47.119713+00:00,2026-07-09T03:00:47.119640,2,1,120.75,0.5,120.5,150,120.4,100,,,,,,,,,,,,,,,,,121.0,150,,,,,,,,,,,,,,,,,,
2026-07-09T03:00:47.124874+00:00,2026-07-09T03:00:47.124817,1,1,120.75,0.5,120.5,150,,,,,,,,,,,,,,,,,,,121.0,150,,,,,,,,,,,,,,,,,,
2026-07-09T03:00:47.174670+00:00,2026-07-09T03:00:47.174595,2,1,120.85,0.3,120.7,100,120.5,150,,,,,,,,,,,,,,,,,121.0,150,,,,,,,,,,,,,,,,,,
2026-07-09T03:00:47.228139+00:00,2026-07-09T03:00:47.227990,2,2,120.85,0.3,120.7,100,120.5,150,,,,,,,,,,,,,,,,,121.0,150,121.2,100,,,,,,,,,,,,,,,,
2026-07-09T03:00:47.268970+00:00,2026-07-09T03:00:47.268902,2,2,120.85,0.3,120.7,100,120.5,150,,,,,,,,,,,,,,,,,121.0,100,121.2,100,,,,,,,,,,,,,,,,
2026-07-09T03:00:49.623904+00:00,2026-07-09T03:00:49.623870,1,1,120.95,0.5,120.7,100,,,,,,,,,,,,,,,,,,,121.2,100,,,,,,,,,,,,,,,,,,
2026-07-09T03:00:49.677210+00:00,2026-07-09T03:00:49.677139,2,1,120.95,0.5,120.7,100,120.6,150,,,,,,,,,,,,,,,,,121.2,100,,,,,,,,,,,,,,,,,,
2026-07-09T03:00:49.733124+00:00,2026-07-09T03:00:49.733000,2,2,120.9,0.4,120.7,100,120.6,150,,,,,,,,,,,,,,,,,121.1,150,121.2,100,,,,,,,,,,,,,,,,
2026-07-09T03:00:50.280969+00:00,2026-07-09T03:00:50.280877,2,1,120.9,0.4,120.7,100,120.6,150,,,,,,,,,,,,,,,,,121.1,150,,,,,,,,,,,,,,,,,,
2026-07-09T03:00:50.286266+00:00,2026-07-09T03:00:50.286135,1,1,120.85,0.5,120.6,150,,,,,,,,,,,,,,,,,,,121.1,150,,,,,,,,,,,,,,,,,,
2026-07-09T03:00:50.336360+00:00,2026-07-09T03:00:50.336209,2,1,120.95,0.3,120.8,100,120.6,150,,,,,,,,,,,,,,,,,121.1,150,,,,,,,,,,,,,,,,,,
2026-07-09T03:00:50.393462+00:00,2026-07-09T03:00:50.393640,2,2,120.95,0.3,120.8,100,120.6,150,,,,,,,,,,,,,,,,,121.1,150,121.3,100,,,,,,,,,,,,,,,,
2026-07-09T03:00:52.790045+00:00,2026-07-09T03:00:52.789968,1,1,121.05,0.5,120.8,100,,,,,,,,,,,,,,,,,,,121.3,100,,,,,,,,,,,,,,,,,,
2026-07-09T03:00:52.844335+00:00,2026-07-09T03:00:52.844472,2,1,121.05,0.5,120.8,100,120.6,150,,,,,,,,,,,,,,,,,121.3,100,,,,,,,,,,,,,,,,,,
2026-07-09T03:00:52.899588+00:00,2026-07-09T03:00:52.899451,2,2,120.95,0.3,120.8,100,120.6,150,,,,,,,,,,,,,,,,,121.1,150,121.3,100,,,,,,,,,,,,,,,,
2026-07-09T03:00:53.080522+00:00,2026-07-09T03:00:53.080407,2,2,120.95,0.3,120.8,100,120.6,150,,,,,,,,,,,,,,,,,121.1,109,121.3,100,,,,,,,,,,,,,,,,
2026-07-09T03:00:53.448735+00:00,2026-07-09T03:00:53.448650,1,1,120.85,0.5,120.6,150,,,,,,,,,,,,,,,,,,,121.1,109,,,,,,,,,,,,,,,,,,
2026-07-09T03:00:53.502659+00:00,2026-07-09T03:00:53.502578,2,1,120.9,0.4,120.7,100,120.6,150,,,,,,,,,,,,,,,,,121.1,109,,,,,,,,,,,,,,,,,,
2026-07-09T03:00:53.558624+00:00,2026-07-09T03:00:53.555003,2,2,120.9,0.4,120.7,100,120.6,150,,,,,,,,,,,,,,,,,121.1,109,121.2,100,,,,,,,,,,,,,,,,
2026-07-09T03:00:53.644107+00:00,2026-07-09T03:00:53.644048,2,2,120.9,0.4,120.7,50,120.6,150,,,,,,,,,,,,,,,,,121.1,109,121.2,100,,,,,,,,,,,,,,,,
2026-07-09T03:00:55.701547+00:00,2026-07-09T03:00:55.701507,2,2,120.9,0.4,120.7,50,120.6,150,,,,,,,,,,,,,,,,,121.1,59,121.2,100,,,,,,,,,,,,,,,,
2026-07-09T03:00:55.953630+00:00,2026-07-09T03:00:55.953855,1,1,120.95,0.5,120.7,50,,,,,,,,,,,,,,,,,,,121.2,100,,,,,,,,,,,,,,,,,,
2026-07-09T03:00:56.008501+00:00,2026-07-09T03:00:56.008690,2,0,,,121.2,50,120.7,50,,,,,,,,,,,,,,,,,,,,,,,,,,,,,,,,,,,,
2026-07-09T03:00:56.075605+00:00,2026-07-09T03:00:56.068565,2,1,121.45,0.5,121.2,27,120.7,50,,,,,,,,,,,,,,,,,121.7,150,,,,,,,,,,,,,,,,,,
2026-07-09T03:00:56.386804+00:00,2026-07-09T03:00:56.386729,1,1,121.2,1.0,120.7,33,,,,,,,,,,,,,,,,,,,121.7,150,,,,,,,,,,,,,,,,,,
2026-07-09T03:00:56.609518+00:00,2026-07-09T03:00:56.609338,0,1,,,,,,,,,,,,,,,,,,,,,,,121.7,150,,,,,,,,,,,,,,,,,,
2026-07-09T03:00:56.658637+00:00,2026-07-09T03:00:56.654570,1,1,121.35,0.7,121.0,100,,,,,,,,,,,,,,,,,,,121.7,150,,,,,,,,,,,,,,,,,,
2026-07-09T03:00:56.712317+00:00,2026-07-09T03:00:56.712207,1,2,121.25,0.5,121.0,100,,,,,,,,,,,,,,,,,,,121.5,100,121.7,150,,,,,,,,,,,,,,,,
2026-07-09T03:00:57.858546+00:00,2026-07-09T03:00:57.853717,1,2,121.25,0.5,121.0,50,,,,,,,,,,,,,,,,,,,121.5,100,121.7,150,,,,,,,,,,,,,,,,
2026-07-09T03:00:59.134298+00:00,2026-07-09T03:00:59.134151,1,1,121.25,0.5,121.0,50,,,,,,,,,,,,,,,,,,,121.5,100,,,,,,,,,,,,,,,,,,
2026-07-09T03:00:59.188376+00:00,2026-07-09T03:00:59.188306,2,1,121.25,0.5,121.0,50,120.6,150,,,,,,,,,,,,,,,,,121.5,100,,,,,,,,,,,,,,,,,,
2026-07-09T03:00:59.243502+00:00,2026-07-09T03:00:59.243376,2,2,121.05,0.1,121.0,50,120.6,150,,,,,,,,,,,,,,,,,121.1,150,121.5,100,,,,,,,,,,,,,,,,
2026-07-09T03:00:59.370140+00:00,2026-07-09T03:00:59.363535,2,2,121.05,0.1,121.0,50,120.6,150,,,,,,,,,,,,,,,,,121.1,116,121.5,100,,,,,,,,,,,,,,,,
2026-07-09T03:00:59.727764+00:00,2026-07-09T03:00:59.721681,2,2,121.05,0.1,121.0,39,120.6,150,,,,,,,,,,,,,,,,,121.1,116,121.5,100,,,,,,,,,,,,,,,,
2026-07-09T03:00:59.766638+00:00,2026-07-09T03:00:59.766548,2,1,121.05,0.1,121.0,39,120.6,150,,,,,,,,,,,,,,,,,121.1,116,,,,,,,,,,,,,,,,,,
2026-07-09T03:00:59.771861+00:00,2026-07-09T03:00:59.771722,1,1,120.85,0.5,120.6,150,,,,,,,,,,,,,,,,,,,121.1,116,,,,,,,,,,,,,,,,,,
2026-07-09T03:00:59.819187+00:00,2026-07-09T03:00:59.819150,1,1,120.85,0.5,120.6,250,,,,,,,,,,,,,,,,,,,121.1,116,,,,,,,,,,,,,,,,,,
2026-07-09T03:00:59.877515+00:00,2026-07-09T03:00:59.877401,1,1,120.85,0.5,120.6,250,,,,,,,,,,,,,,,,,,,121.1,216,,,,,,,,,,,,,,,,,,
2026-07-09T03:00:59.964351+00:00,2026-07-09T03:00:59.964223,1,1,120.85,0.5,120.6,200,,,,,,,,,,,,,,,,,,,121.1,216,,,,,,,,,,,,,,,,,,
2026-07-09T03:01:01.523399+00:00,2026-07-09T03:01:01.523254,1,1,120.85,0.5,120.6,200,,,,,,,,,,,,,,,,,,,121.1,171,,,,,,,,,,,,,,,,,,
2026-07-09T03:01:02.297174+00:00,2026-07-09T03:01:02.297091,1,1,120.85,0.5,120.6,200,,,,,,,,,,,,,,,,,,,121.1,100,,,,,,,,,,,,,,,,,,
2026-07-09T03:01:02.302408+00:00,2026-07-09T03:01:02.302262,1,1,120.85,0.5,120.6,100,,,,,,,,,,,,,,,,,,,121.1,100,,,,,,,,,,,,,,,,,,
2026-07-09T03:01:02.358545+00:00,2026-07-09T03:01:02.355887,2,1,120.95,0.3,120.8,150,120.6,100,,,,,,,,,,,,,,,,,121.1,100,,,,,,,,,,,,,,,,,,
2026-07-09T03:01:02.408140+00:00,2026-07-09T03:01:02.408258,2,2,120.95,0.3,120.8,150,120.6,100,,,,,,,,,,,,,,,,,121.1,100,121.3,150,,,,,,,,,,,,,,,,
2026-07-09T03:01:02.658594+00:00,2026-07-09T03:01:02.648428,2,2,120.95,0.3,120.8,101,120.6,100,,,,,,,,,,,,,,,,,121.1,100,121.3,150,,,,,,,,,,,,,,,,
2026-07-09T03:01:02.931357+00:00,2026-07-09T03:01:02.931257,1,1,121.05,0.5,120.8,101,,,,,,,,,,,,,,,,,,,121.3,150,,,,,,,,,,,,,,,,,,
2026-07-09T03:01:02.986220+00:00,2026-07-09T03:01:02.986001,2,1,121.1,0.4,120.9,100,120.8,101,,,,,,,,,,,,,,,,,121.3,150,,,,,,,,,,,,,,,,,,
2026-07-09T03:01:03.038902+00:00,2026-07-09T03:01:03.038840,2,2,121.1,0.4,120.9,100,120.8,101,,,,,,,,,,,,,,,,,121.3,150,121.4,100,,,,,,,,,,,,,,,,
2026-07-09T03:01:03.272701+00:00,2026-07-09T03:01:03.272565,2,2,121.1,0.4,120.9,60,120.8,101,,,,,,,,,,,,,,,,,121.3,150,121.4,100,,,,,,,,,,,,,,,,
2026-07-09T03:01:04.176136+00:00,2026-07-09T03:01:04.176071,2,2,121.1,0.4,120.9,10,120.8,101,,,,,,,,,,,,,,,,,121.3,150,121.4,100,,,,,,,,,,,,,,,,
2026-07-09T03:01:04.713549+00:00,2026-07-09T03:01:04.713718,2,2,121.1,0.4,120.9,10,120.8,101,,,,,,,,,,,,,,,,,121.3,107,121.4,100,,,,,,,,,,,,,,,,
2026-07-09T03:01:05.458648+00:00,2026-07-09T03:01:05.457856,1,1,121.15,0.5,120.9,10,,,,,,,,,,,,,,,,,,,121.4,100,,,,,,,,,,,,,,,,,,
2026-07-09T03:01:05.518009+00:00,2026-07-09T03:01:05.517939,2,1,121.15,0.5,120.9,10,120.5,150,,,,,,,,,,,,,,,,,121.4,100,,,,,,,,,,,,,,,,,,
2026-07-09T03:01:05.570921+00:00,2026-07-09T03:01:05.570877,2,2,120.95,0.1,120.9,10,120.5,150,,,,,,,,,,,,,,,,,121.0,150,121.4,100,,,,,,,,,,,,,,,,
2026-07-09T03:01:05.858690+00:00,2026-07-09T03:01:05.855913,2,2,120.95,0.1,120.9,10,120.5,150,,,,,,,,,,,,,,,,,121.0,110,121.4,100,,,,,,,,,,,,,,,,
2026-07-09T03:01:06.093307+00:00,2026-07-09T03:01:06.093186,1,1,120.75,0.5,120.5,150,,,,,,,,,,,,,,,,,,,121.0,110,,,,,,,,,,,,,,,,,,
2026-07-09T03:01:06.148541+00:00,2026-07-09T03:01:06.148393,1,1,120.75,0.5,120.5,250,,,,,,,,,,,,,,,,,,,121.0,110,,,,,,,,,,,,,,,,,,
2026-07-09T03:01:06.201680+00:00,2026-07-09T03:01:06.201511,1,1,120.75,0.5,120.5,250,,,,,,,,,,,,,,,,,,,121.0,210,,,,,,,,,,,,,,,,,,
2026-07-09T03:01:06.906701+00:00,2026-07-09T03:01:06.906570,1,1,120.75,0.5,120.5,250,,,,,,,,,,,,,,,,,,,121.0,164,,,,,,,,,,,,,,,,,,
2026-07-09T03:01:08.625781+00:00,2026-07-09T03:01:08.625692,1,1,120.75,0.5,120.5,100,,,,,,,,,,,,,,,,,,,121.0,100,,,,,,,,,,,,,,,,,,
2026-07-09T03:01:08.680552+00:00,2026-07-09T03:01:08.680691,2,0,,,121.1,50,120.5,100,,,,,,,,,,,,,,,,,,,,,,,,,,,,,,,,,,,,
2026-07-09T03:01:08.746349+00:00,2026-07-09T03:01:08.739348,2,1,121.35,0.5,121.1,38,120.5,100,,,,,,,,,,,,,,,,,121.6,150,,,,,,,,,,,,,,,,,,
2026-07-09T03:01:09.258697+00:00,2026-07-09T03:01:09.255116,1,1,121.35,0.5,121.1,38,,,,,,,,,,,,,,,,,,,121.6,150,,,,,,,,,,,,,,,,,,
2026-07-09T03:01:09.307915+00:00,2026-07-09T03:01:09.307863,2,1,121.35,0.5,121.1,38,120.9,100,,,,,,,,,,,,,,,,,121.6,150,,,,,,,,,,,,,,,,,,
2026-07-09T03:01:09.358570+00:00,2026-07-09T03:01:09.356337,2,2,121.25,0.3,121.1,38,120.9,100,,,,,,,,,,,,,,,,,121.4,100,121.6,150,,,,,,,,,,,,,,,,
2026-07-09T03:01:09.458575+00:00,2026-07-09T03:01:09.457854,1,2,121.15,0.5,120.9,92,,,,,,,,,,,,,,,,,,,121.4,100,121.6,150,,,,,,,,,,,,,,,,
2026-07-09T03:01:10.493435+00:00,2026-07-09T03:01:10.493409,1,2,121.15,0.5,120.9,42,,,,,,,,,,,,,,,,,,,121.4,100,121.6,150,,,,,,,,,,,,,,,,
2026-07-09T03:01:10.582427+00:00,2026-07-09T03:01:10.582605,0,2,,,,,,,,,,,,,,,,,,,,,,,121.4,100,121.6,150,,,,,,,,,,,,,,,,
2026-07-09T03:01:11.786375+00:00,2026-07-09T03:01:11.786251,0,1,,,,,,,,,,,,,,,,,,,,,,,121.4,100,,,,,,,,,,,,,,,,,,
2026-07-09T03:01:11.842735+00:00,2026-07-09T03:01:11.842638,1,1,120.9,1.0,120.4,150,,,,,,,,,,,,,,,,,,,121.4,100,,,,,,,,,,,,,,,,,,
2026-07-09T03:01:11.893761+00:00,2026-07-09T03:01:11.893648,1,2,120.65,0.5,120.4,150,,,,,,,,,,,,,,,,,,,120.9,150,121.4,100,,,,,,,,,,,,,,,,
2026-07-09T03:01:12.443942+00:00,2026-07-09T03:01:12.443850,1,1,120.65,0.5,120.4,150,,,,,,,,,,,,,,,,,,,120.9,150,,,,,,,,,,,,,,,,,,
2026-07-09T03:01:12.488840+00:00,2026-07-09T03:01:12.484463,1,1,120.65,0.5,120.4,150,,,,,,,,,,,,,,,,,,,120.9,124,,,,,,,,,,,,,,,,,,
2026-07-09T03:01:12.504375+00:00,2026-07-09T03:01:12.504247,2,1,120.75,0.3,120.6,100,120.4,150,,,,,,,,,,,,,,,,,120.9,124,,,,,,,,,,,,,,,,,,
2026-07-09T03:01:12.552870+00:00,2026-07-09T03:01:12.552782,2,2,120.75,0.3,120.6,100,120.4,150,,,,,,,,,,,,,,,,,120.9,124,121.1,100,,,,,,,,,,,,,,,,
2026-07-09T03:01:12.607924+00:00,2026-07-09T03:01:12.607833,2,2,120.75,0.3,120.6,50,120.4,150,,,,,,,,,,,,,,,,,120.9,124,121.1,100,,,,,,,,,,,,,,,,
2026-07-09T03:01:14.170224+00:00,2026-07-09T03:01:14.170122,2,2,120.75,0.3,120.6,50,120.4,150,,,,,,,,,,,,,,,,,120.9,77,121.1,100,,,,,,,,,,,,,,,,
2026-07-09T03:01:14.663954+00:00,2026-07-09T03:01:14.663852,2,2,120.75,0.3,120.6,50,120.4,150,,,,,,,,,,,,,,,,,120.9,27,121.1,100,,,,,,,,,,,,,,,,
2026-07-09T03:01:14.953477+00:00,2026-07-09T03:01:14.953375,1,1,120.85,0.5,120.6,50,,,,,,,,,,,,,,,,,,,121.1,100,,,,,,,,,,,,,,,,,,
2026-07-09T03:01:15.007540+00:00,2026-07-09T03:01:15.007409,2,0,,,121.2,50,120.6,50,,,,,,,,,,,,,,,,,,,,,,,,,,,,,,,,,,,,
2026-07-09T03:01:15.069697+00:00,2026-07-09T03:01:15.062418,2,1,121.45,0.5,121.2,36,120.6,50,,,,,,,,,,,,,,,,,121.7,150,,,,,,,,,,,,,,,,,,
2026-07-09T03:01:15.611928+00:00,2026-07-09T03:01:15.611787,1,1,121.45,0.5,121.2,36,,,,,,,,,,,,,,,,,,,121.7,150,,,,,,,,,,,,,,,,,,
2026-07-09T03:01:15.658622+00:00,2026-07-09T03:01:15.657485,2,1,121.45,0.5,121.2,36,121.1,100,,,,,,,,,,,,,,,,,121.7,150,,,,,,,,,,,,,,,,,,
2026-07-09T03:01:15.716317+00:00,2026-07-09T03:01:15.716258,2,2,121.4,0.4,121.2,36,121.1,100,,,,,,,,,,,,,,,,,121.6,100,121.7,150,,,,,,,,,,,,,,,,
2026-07-09T03:01:16.822009+00:00,2026-07-09T03:01:16.821938,1,2,121.35,0.5,121.1,86,,,,,,,,,,,,,,,,,,,121.6,100,121.7,150,,,,,,,,,,,,,,,,
2026-07-09T03:01:18.119841+00:00,2026-07-09T03:01:18.119948,1,1,121.35,0.5,121.1,86,,,,,,,,,,,,,,,,,,,121.6,100,,,,,,,,,,,,,,,,,,
2026-07-09T03:01:18.172845+00:00,2026-07-09T03:01:18.173047,2,1,121.35,0.5,121.1,86,120.8,150,,,,,,,,,,,,,,,,,121.6,100,,,,,,,,,,,,,,,,,,
2026-07-09T03:01:18.225334+00:00,2026-07-09T03:01:18.225155,2,2,121.2,0.2,121.1,86,120.8,150,,,,,,,,,,,,,,,,,121.3,150,121.6,100,,,,,,,,,,,,,,,,
2026-07-09T03:01:18.581167+00:00,2026-07-09T03:01:18.564852,2,2,121.2,0.2,121.1,86,120.8,150,,,,,,,,,,,,,,,,,121.3,139,121.6,100,,,,,,,,,,,,,,,,
2026-07-09T03:01:18.773676+00:00,2026-07-09T03:01:18.773617,2,1,121.2,0.2,121.1,86,120.8,150,,,,,,,,,,,,,,,,,121.3,139,,,,,,,,,,,,,,,,,,
2026-07-09T03:01:18.778986+00:00,2026-07-09T03:01:18.778806,1,1,121.05,0.5,120.8,150,,,,,,,,,,,,,,,,,,,121.3,139,,,,,,,,,,,,,,,,,,
2026-07-09T03:01:18.831443+00:00,2026-07-09T03:01:18.831352,2,1,121.25,0.1,121.2,100,120.8,150,,,,,,,,,,,,,,,,,121.3,139,,,,,,,,,,,,,,,,,,
2026-07-09T03:01:18.880636+00:00,2026-07-09T03:01:18.880487,2,1,121.25,0.1,121.2,100,120.8,150,,,,,,,,,,,,,,,,,121.3,89,,,,,,,,,,,,,,,,,,
2026-07-09T03:01:18.885852+00:00,2026-07-09T03:01:18.885715,2,2,121.25,0.1,121.2,100,120.8,150,,,,,,,,,,,,,,,,,121.3,89,121.7,100,,,,,,,,,,,,,,,,
2026-07-09T03:01:19.253736+00:00,2026-07-09T03:01:19.253678,2,2,121.25,0.1,121.2,100,120.8,150,,,,,,,,,,,,,,,,,121.3,40,121.7,100,,,,,,,,,,,,,,,,
2026-07-09T03:01:20.987053+00:00,2026-07-09T03:01:20.987014,2,1,121.45,0.5,121.2,100,120.8,150,,,,,,,,,,,,,,,,,121.7,90,,,,,,,,,,,,,,,,,,
2026-07-09T03:01:21.279208+00:00,2026-07-09T03:01:21.279070,1,1,121.45,0.5,121.2,100,,,,,,,,,,,,,,,,,,,121.7,90,,,,,,,,,,,,,,,,,,
2026-07-09T03:01:21.347776+00:00,2026-07-09T03:01:21.341957,2,1,121.55,0.3,121.4,139,121.2,100,,,,,,,,,,,,,,,,,121.7,90,,,,,,,,,,,,,,,,,,
2026-07-09T03:01:21.390904+00:00,2026-07-09T03:01:21.390790,2,2,121.55,0.3,121.4,139,121.2,100,,,,,,,,,,,,,,,,,121.7,90,121.9,150,,,,,,,,,,,,,,,,
2026-07-09T03:01:21.939131+00:00,2026-07-09T03:01:21.939026,2,1,121.65,0.5,121.4,139,121.2,100,,,,,,,,,,,,,,,,,121.9,150,,,,,,,,,,,,,,,,,,
2026-07-09T03:01:21.944310+00:00,2026-07-09T03:01:21.944202,1,1,121.65,0.5,121.4,139,,,,,,,,,,,,,,,,,,,121.9,150,,,,,,,,,,,,,,,,,,
2026-07-09T03:01:21.994546+00:00,2026-07-09T03:01:21.994663,2,1,121.65,0.5,121.4,139,121.2,100,,,,,,,,,,,,,,,,,121.9,150,,,,,,,,,,,,,,,,,,
2026-07-09T03:01:22.047922+00:00,2026-07-09T03:01:22.047759,2,2,121.55,0.3,121.4,139,121.2,100,,,,,,,,,,,,,,,,,121.7,100,121.9,150,,,,,,,,,,,,,,,,
2026-07-09T03:01:23.096838+00:00,2026-07-09T03:01:23.096788,2,2,121.55,0.3,121.4,139,121.2,100,,,,,,,,,,,,,,,,,121.7,50,121.9,150,,,,,,,,,,,,,,,,
2026-07-09T03:01:23.391823+00:00,2026-07-09T03:01:23.391678,2,2,121.55,0.3,121.4,91,121.2,100,,,,,,,,,,,,,,,,,121.7,50,121.9,150,,,,,,,,,,,,,,,,
2026-07-09T03:01:24.305442+00:00,2026-07-09T03:01:24.298673,2,2,121.55,0.3,121.4,79,121.2,100,,,,,,,,,,,,,,,,,121.7,50,121.9,150,,,,,,,,,,,,,,,,
2026-07-09T03:01:24.446053+00:00,2026-07-09T03:01:24.445950,1,1,121.45,0.5,121.2,100,,,,,,,,,,,,,,,,,,,121.7,50,,,,,,,,,,,,,,,,,,
2026-07-09T03:01:24.497789+00:00,2026-07-09T03:01:24.497712,2,1,121.45,0.5,121.2,100,120.9,150,,,,,,,,,,,,,,,,,121.7,50,,,,,,,,,,,,,,,,,,
2026-07-09T03:01:24.558733+00:00,2026-07-09T03:01:24.555890,2,2,121.3,0.2,121.2,100,120.9,150,,,,,,,,,,,,,,,,,121.4,150,121.7,50,,,,,,,,,,,,,,,,
2026-07-09T03:01:25.103178+00:00,2026-07-09T03:01:25.103072,2,1,121.3,0.2,121.2,100,120.9,150,,,,,,,,,,,,,,,,,121.4,150,,,,,,,,,,,,,,,,,,
2026-07-09T03:01:25.108429+00:00,2026-07-09T03:01:25.108231,1,1,121.15,0.5,120.9,150,,,,,,,,,,,,,,,,,,,121.4,150,,,,,,,,,,,,,,,,,,
2026-07-09T03:01:25.192994+00:00,2026-07-09T03:01:25.192842,2,1,121.25,0.3,121.1,100,120.9,150,,,,,,,,,,,,,,,,,121.4,150,,,,,,,,,,,,,,,,,,
2026-07-09T03:01:25.203411+00:00,2026-07-09T03:01:25.203361,2,1,121.25,0.3,121.1,100,120.9,150,,,,,,,,,,,,,,,,,121.4,100,,,,,,,,,,,,,,,,,,
2026-07-09T03:01:25.242309+00:00,2026-07-09T03:01:25.242241,2,2,121.25,0.3,121.1,100,120.9,150,,,,,,,,,,,,,,,,,121.4,100,121.6,100,,,,,,,,,,,,,,,,
2026-07-09T03:01:25.924585+00:00,2026-07-09T03:01:25.924456,2,2,121.25,0.3,121.1,60,120.9,150,,,,,,,,,,,,,,,,,121.4,100,121.6,100,,,,,,,,,,,,,,,,
2026-07-09T03:01:26.558563+00:00,2026-07-09T03:01:26.555328,2,2,121.25,0.3,121.1,16,120.9,150,,,,,,,,,,,,,,,,,121.4,100,121.6,100,,,,,,,,,,,,,,,,
2026-07-09T03:01:27.313920+00:00,2026-07-09T03:01:27.313790,2,2,121.25,0.3,121.1,16,120.9,150,,,,,,,,,,,,,,,,,121.4,50,121.6,100,,,,,,,,,,,,,,,,
2026-07-09T03:01:27.620214+00:00,2026-07-09T03:01:27.620332,2,2,121.25,0.3,121.1,16,120.9,150,,,,,,,,,,,,,,,,,121.4,10,121.6,100,,,,,,,,,,,,,,,,
2026-07-09T03:01:27.625478+00:00,2026-07-09T03:01:27.625624,1,1,121.35,0.5,121.1,16,,,,,,,,,,,,,,,,,,,121.6,100,,,,,,,,,,,,,,,,,,
2026-07-09T03:01:27.679462+00:00,2026-07-09T03:01:27.679339,2,1,121.4,0.4,121.2,150,121.1,16,,,,,,,,,,,,,,,,,121.6,100,,,,,,,,,,,,,,,,,,
2026-07-09T03:01:27.731252+00:00,2026-07-09T03:01:27.731340,2,2,121.4,0.4,121.2,150,121.1,16,,,,,,,,,,,,,,,,,121.6,100,121.7,150,,,,,,,,,,,,,,,,
2026-07-09T03:01:28.298299+00:00,2026-07-09T03:01:28.298267,1,1,121.45,0.5,121.2,150,,,,,,,,,,,,,,,,,,,121.7,150,,,,,,,,,,,,,,,,,,
2026-07-09T03:01:28.358593+00:00,2026-07-09T03:01:28.354063,2,1,121.45,0.5,121.2,150,120.8,100,,,,,,,,,,,,,,,,,121.7,150,,,,,,,,,,,,,,,,,,
2026-07-09T03:01:28.406487+00:00,2026-07-09T03:01:28.406360,2,2,121.25,0.1,121.2,150,120.8,100,,,,,,,,,,,,,,,,,121.3,100,121.7,150,,,,,,,,,,,,,,,,
2026-07-09T03:01:29.420168+00:00,2026-07-09T03:01:29.420105,2,2,121.25,0.1,121.2,150,120.8,100,,,,,,,,,,,,,,,,,121.3,50,121.7,150,,,,,,,,,,,,,,,,
2026-07-09T03:01:30.781763+00:00,2026-07-09T03:01:30.781669,2,1,121.25,0.1,121.2,150,120.8,100,,,,,,,,,,,,,,,,,121.3,50,,,,,,,,,,,,,,,,,,
2026-07-09T03:01:30.786875+00:00,2026-07-09T03:01:30.786833,1,1,121.05,0.5,120.8,100,,,,,,,,,,,,,,,,,,,121.3,50,,,,,,,,,,,,,,,,,,
2026-07-09T03:01:30.840022+00:00,2026-07-09T03:01:30.839900,2,0,,,121.3,100,120.8,100,,,,,,,,,,,,,,,,,,,,,,,,,,,,,,,,,,,,
2026-07-09T03:01:30.895781+00:00,2026-07-09T03:01:30.895693,2,1,121.55,0.5,121.3,100,120.8,100,,,,,,,,,,,,,,,,,121.8,150,,,,,,,,,,,,,,,,,,
2026-07-09T03:01:31.258601+00:00,2026-07-09T03:01:31.252411,2,1,121.55,0.5,121.3,56,120.8,100,,,,,,,,,,,,,,,,,121.8,150,,,,,,,,,,,,,,,,,,
2026-07-09T03:01:31.458554+00:00,2026-07-09T03:01:31.455241,1,1,121.55,0.5,121.3,56,,,,,,,,,,,,,,,,,,,121.8,150,,,,,,,,,,,,,,,,,,
2026-07-09T03:01:31.508641+00:00,2026-07-09T03:01:31.508608,2,1,121.55,0.5,121.3,56,121.1,100,,,,,,,,,,,,,,,,,121.8,150,,,,,,,,,,,,,,,,,,
2026-07-09T03:01:31.565260+00:00,2026-07-09T03:01:31.565340,2,2,121.45,0.3,121.3,56,121.1,100,,,,,,,,,,,,,,,,,121.6,100,121.8,150,,,,,,,,,,,,,,,,
2026-07-09T03:01:32.190835+00:00,2026-07-09T03:01:32.184733,2,2,121.45,0.3,121.3,45,121.1,100,,,,,,,,,,,,,,,,,121.6,100,121.8,150,,,,,,,,,,,,,,,,
2026-07-09T03:01:33.711792+00:00,2026-07-09T03:01:33.711658,1,2,121.35,0.5,121.1,95,,,,,,,,,,,,,,,,,,,121.6,100,121.8,150,,,,,,,,,,,,,,,,
2026-07-09T03:01:33.890801+00:00,2026-07-09T03:01:33.890741,1,2,121.35,0.5,121.1,95,,,,,,,,,,,,,,,,,,,121.6,60,121.8,150,,,,,,,,,,,,,,,,
2026-07-09T03:01:33.949735+00:00,2026-07-09T03:01:33.949614,1,1,121.35,0.5,121.1,95,,,,,,,,,,,,,,,,,,,121.6,60,,,,,,,,,,,,,,,,,,
2026-07-09T03:01:34.003253+00:00,2026-07-09T03:01:34.003365,2,1,121.35,0.5,121.1,95,120.9,150,,,,,,,,,,,,,,,,,121.6,60,,,,,,,,,,,,,,,,,,
2026-07-09T03:01:34.058646+00:00,2026-07-09T03:01:34.051876,2,2,121.25,0.3,121.1,95,120.9,150,,,,,,,,,,,,,,,,,121.4,150,121.6,60,,,,,,,,,,,,,,,,
2026-07-09T03:01:34.418837+00:00,2026-07-09T03:01:34.418774,2,2,121.25,0.3,121.1,95,120.9,150,,,,,,,,,,,,,,,,,121.4,106,121.6,60,,,,,,,,,,,,,,,,
2026-07-09T03:01:34.619019+00:00,2026-07-09T03:01:34.618891,1,1,121.15,0.5,120.9,150,,,,,,,,,,,,,,,,,,,121.4,106,,,,,,,,,,,,,,,,,,
2026-07-09T03:01:34.674513+00:00,2026-07-09T03:01:34.674619,1,1,121.15,0.5,120.9,250,,,,,,,,,,,,,,,,,,,121.4,106,,,,,,,,,,,,,,,,,,
2026-07-09T03:01:34.728592+00:00,2026-07-09T03:01:34.728552,1,1,121.15,0.5,120.9,250,,,,,,,,,,,,,,,,,,,121.4,206,,,,,,,,,,,,,,,,,,
2026-07-09T03:01:34.955708+00:00,2026-07-09T03:01:34.955848,1,1,121.15,0.5,120.9,202,,,,,,,,,,,,,,,,,,,121.4,206,,,,,,,,,,,,,,,,,,
2026-07-09T03:01:35.528096+00:00,2026-07-09T03:01:35.528036,1,1,121.15,0.5,120.9,153,,,,,,,,,,,,,,,,,,,121.4,206,,,,,,,,,,,,,,,,,,
2026-07-09T03:01:37.109464+00:00,2026-07-09T03:01:37.109365,1,1,121.15,0.5,120.9,100,,,,,,,,,,,,,,,,,,,121.4,100,,,,,,,,,,,,,,,,,,
2026-07-09T03:01:37.168716+00:00,2026-07-09T03:01:37.168803,2,1,121.15,0.5,120.9,100,120.5,150,,,,,,,,,,,,,,,,,121.4,100,,,,,,,,,,,,,,,,,,
2026-07-09T03:01:37.232803+00:00,2026-07-09T03:01:37.225064,2,2,120.95,0.1,120.9,100,120.5,150,,,,,,,,,,,,,,,,,121.0,127,121.4,100,,,,,,,,,,,,,,,,
2026-07-09T03:01:37.729201+00:00,2026-07-09T03:01:37.729075,2,2,120.95,0.1,120.9,100,120.5,150,,,,,,,,,,,,,,,,,121.0,78,121.4,100,,,,,,,,,,,,,,,,
2026-07-09T03:01:37.783806+00:00,2026-07-09T03:01:37.783932,1,1,120.75,0.5,120.5,150,,,,,,,,,,,,,,,,,,,121.0,78,,,,,,,,,,,,,,,,,,
2026-07-09T03:01:37.837077+00:00,2026-07-09T03:01:37.836923,2,0,,,121.0,22,120.5,150,,,,,,,,,,,,,,,,,,,,,,,,,,,,,,,,,,,,
2026-07-09T03:01:37.907260+00:00,2026-07-09T03:01:37.900204,2,1,121.25,0.5,121.0,10,120.5,150,,,,,,,,,,,,,,,,,121.5,100,,,,,,,,,,,,,,,,,,
2026-07-09T03:01:37.943519+00:00,2026-07-09T03:01:37.943717,1,1,121.0,1.0,120.5,150,,,,,,,,,,,,,,,,,,,121.5,100,,,,,,,,,,,,,,,,,,
2026-07-09T03:01:38.960439+00:00,2026-07-09T03:01:38.960406,1,1,121.0,1.0,120.5,151,,,,,,,,,,,,,,,,,,,121.5,100,,,,,,,,,,,,,,,,,,
2026-07-09T03:01:40.071744+00:00,2026-07-09T03:01:40.071706,1,1,121.0,1.0,120.5,151,,,,,,,,,,,,,,,,,,,121.5,100,,,,,,,,,,,,,,,,,,
2026-07-09T03:01:40.275202+00:00,2026-07-09T03:01:40.275055,1,1,121.0,1.0,120.5,1,,,,,,,,,,,,,,,,,,,121.5,100,,,,,,,,,,,,,,,,,,
2026-07-09T03:01:40.328887+00:00,2026-07-09T03:01:40.328820,2,1,121.2,0.6,120.9,150,120.5,1,,,,,,,,,,,,,,,,,121.5,100,,,,,,,,,,,,,,,,,,
2026-07-09T03:01:40.380066+00:00,2026-07-09T03:01:40.379970,1,2,121.15,0.5,120.9,150,,,,,,,,,,,,,,,,,,,121.4,150,121.5,100,,,,,,,,,,,,,,,,
2026-07-09T03:01:40.964347+00:00,2026-07-09T03:01:40.964118,1,1,121.15,0.5,120.9,150,,,,,,,,,,,,,,,,,,,121.4,150,,,,,,,,,,,,,,,,,,
2026-07-09T03:01:41.015758+00:00,2026-07-09T03:01:41.015699,2,1,121.15,0.5,120.9,150,120.7,100,,,,,,,,,,,,,,,,,121.4,150,,,,,,,,,,,,,,,,,,
2026-07-09T03:01:41.067553+00:00,2026-07-09T03:01:41.067458,2,2,121.05,0.3,120.9,150,120.7,100,,,,,,,,,,,,,,,,,121.2,100,121.4,150,,,,,,,,,,,,,,,,
2026-07-09T03:01:41.131936+00:00,2026-07-09T03:01:41.132092,3,2,121.05,0.3,120.9,150,120.7,100,120.5,1,,,,,,,,,,,,,,,121.2,100,121.4,150,,,,,,,,,,,,,,,,
2026-07-09T03:01:41.359466+00:00,2026-07-09T03:01:41.353392,3,2,121.05,0.3,120.9,139,120.7,100,120.5,1,,,,,,,,,,,,,,,121.2,100,121.4,150,,,,,,,,,,,,,,,,
2026-07-09T03:01:41.434897+00:00,2026-07-09T03:01:41.434806,2,2,121.05,0.3,120.9,139,120.7,100,,,,,,,,,,,,,,,,,121.2,100,121.4,150,,,,,,,,,,,,,,,,
2026-07-09T03:01:41.445452+00:00,2026-07-09T03:01:41.445345,2,2,121.05,0.3,120.9,119,120.7,100,,,,,,,,,,,,,,,,,121.2,100,121.4,150,,,,,,,,,,,,,,,,
2026-07-09T03:01:41.513559+00:00,2026-07-09T03:01:41.513488,2,2,121.05,0.3,120.9,119,120.7,100,,,,,,,,,,,,,,,,,121.2,57,121.4,150,,,,,,,,,,,,,,,,
2026-07-09T03:01:42.174408+00:00,2026-07-09T03:01:42.174244,2,2,121.05,0.3,120.9,69,120.7,100,,,,,,,,,,,,,,,,,121.2,57,121.4,150,,,,,,,,,,,,,,,,
2026-07-09T03:01:42.184812+00:00,2026-07-09T03:01:42.184717,3,2,121.05,0.3,120.9,69,120.7,100,120.2,1,,,,,,,,,,,,,,,121.2,57,121.4,150,,,,,,,,,,,,,,,,
2026-07-09T03:01:42.287940+00:00,2026-07-09T03:01:42.287807,2,2,121.05,0.3,120.9,69,120.7,100,,,,,,,,,,,,,,,,,121.2,57,121.4,150,,,,,,,,,,,,,,,,
2026-07-09T03:01:42.714665+00:00,2026-07-09T03:01:42.714608,2,2,121.05,0.3,120.9,69,120.7,100,,,,,,,,,,,,,,,,,121.2,13,121.4,150,,,,,,,,,,,,,,,,
2026-07-09T03:01:43.304556+00:00,2026-07-09T03:01:43.304459,3,2,121.05,0.3,120.9,69,120.7,100,119.8,1,,,,,,,,,,,,,,,121.2,13,121.4,150,,,,,,,,,,,,,,,,
2026-07-09T03:01:43.351125+00:00,2026-07-09T03:01:43.352879,3,2,121.05,0.3,120.9,21,120.7,100,119.8,1,,,,,,,,,,,,,,,121.2,13,121.4,150,,,,,,,,,,,,,,,,
2026-07-09T03:01:43.436145+00:00,2026-07-09T03:01:43.436031,2,1,120.95,0.5,120.7,100,119.8,1,,,,,,,,,,,,,,,,,121.2,13,,,,,,,,,,,,,,,,,,
2026-07-09T03:01:43.491181+00:00,2026-07-09T03:01:43.491103,3,1,120.95,0.5,120.7,100,120.0,150,119.8,1,,,,,,,,,,,,,,,121.2,13,,,,,,,,,,,,,,,,,,
2026-07-09T03:01:43.544623+00:00,2026-07-09T03:01:43.544580,2,2,120.25,0.5,120.0,150,119.8,1,,,,,,,,,,,,,,,,,120.5,50,121.2,13,,,,,,,,,,,,,,,,
2026-07-09T03:01:43.976133+00:00,2026-07-09T03:01:43.968814,2,2,120.25,0.5,120.0,150,119.8,1,,,,,,,,,,,,,,,,,120.5,27,121.2,13,,,,,,,,,,,,,,,,
2026-07-09T03:01:44.008156+00:00,2026-07-09T03:01:44.008424,1,2,120.25,0.5,120.0,150,,,,,,,,,,,,,,,,,,,120.5,7,121.2,13,,,,,,,,,,,,,,,,
2026-07-09T03:01:44.119872+00:00,2026-07-09T03:01:44.119738,1,1,120.25,0.5,120.0,150,,,,,,,,,,,,,,,,,,,120.5,7,,,,,,,,,,,,,,,,,,
2026-07-09T03:01:44.179484+00:00,2026-07-09T03:01:44.179336,2,1,120.45,0.1,120.4,100,120.0,150,,,,,,,,,,,,,,,,,120.5,7,,,,,,,,,,,,,,,,,,
2026-07-09T03:01:44.233390+00:00,2026-07-09T03:01:44.233326,2,2,120.45,0.1,120.4,100,120.0,150,,,,,,,,,,,,,,,,,120.5,7,120.9,100,,,,,,,,,,,,,,,,
2026-07-09T03:01:44.277565+00:00,2026-07-09T03:01:44.277514,2,2,120.45,0.1,120.4,50,120.0,150,,,,,,,,,,,,,,,,,120.5,7,120.9,100,,,,,,,,,,,,,,,,
2026-07-09T03:01:44.435790+00:00,2026-07-09T03:01:44.435987,3,2,120.45,0.1,120.4,50,120.2,1,120.0,150,,,,,,,,,,,,,,,120.5,7,120.9,100,,,,,,,,,,,,,,,,
2026-07-09T03:01:44.558735+00:00,2026-07-09T03:01:44.555835,2,2,120.45,0.1,120.4,50,120.0,150,,,,,,,,,,,,,,,,,120.5,7,120.9,100,,,,,,,,,,,,,,,,
2026-07-09T03:01:45.190405+00:00,2026-07-09T03:01:45.183783,2,1,120.65,0.5,120.4,50,120.0,150,,,,,,,,,,,,,,,,,120.9,100,,,,,,,,,,,,,,,,,,
2026-07-09T03:01:45.582313+00:00,2026-07-09T03:01:45.582266,3,1,120.65,0.5,120.4,50,120.3,1,120.0,150,,,,,,,,,,,,,,,120.9,100,,,,,,,,,,,,,,,,,,
2026-07-09T03:01:46.264693+00:00,2026-07-09T03:01:46.264578,3,1,120.65,0.5,120.4,6,120.3,1,120.0,150,,,,,,,,,,,,,,,120.9,100,,,,,,,,,,,,,,,,,,
2026-07-09T03:01:46.421607+00:00,2026-07-09T03:01:46.421544,1,1,120.45,0.9,120.0,107,,,,,,,,,,,,,,,,,,,120.9,100,,,,,,,,,,,,,,,,,,
2026-07-09T03:01:46.598459+00:00,2026-07-09T03:01:46.598333,0,1,,,,,,,,,,,,,,,,,,,,,,,120.9,100,,,,,,,,,,,,,,,,,,
2026-07-09T03:01:46.663894+00:00,2026-07-09T03:01:46.663780,1,1,120.75,0.3,120.6,150,,,,,,,,,,,,,,,,,,,120.9,100,,,,,,,,,,,,,,,,,,
2026-07-09T03:01:46.699750+00:00,2026-07-09T03:01:46.699623,2,1,120.75,0.3,120.6,150,120.2,1,,,,,,,,,,,,,,,,,120.9,100,,,,,,,,,,,,,,,,,,
2026-07-09T03:01:46.704896+00:00,2026-07-09T03:01:46.704780,2,2,120.75,0.3,120.6,150,120.2,1,,,,,,,,,,,,,,,,,120.9,100,121.1,150,,,,,,,,,,,,,,,,
2026-07-09T03:01:47.287439+00:00,2026-07-09T03:01:47.287538,2,1,120.85,0.5,120.6,150,120.2,1,,,,,,,,,,,,,,,,,121.1,150,,,,,,,,,,,,,,,,,,
2026-07-09T03:01:47.292905+00:00,2026-07-09T03:01:47.292744,2,1,120.85,0.5,120.6,150,120.2,1,,,,,,,,,,,,,,,,,121.1,104,,,,,,,,,,,,,,,,,,
2026-07-09T03:01:47.337046+00:00,2026-07-09T03:01:47.336997,3,1,120.85,0.5,120.6,150,120.2,1,120.1,100,,,,,,,,,,,,,,,121.1,104,,,,,,,,,,,,,,,,,,
2026-07-09T03:01:47.394476+00:00,2026-07-09T03:01:47.394426,3,1,120.85,0.5,120.6,50,120.2,1,120.1,100,,,,,,,,,,,,,,,121.1,104,,,,,,,,,,,,,,,,,,
2026-07-09T03:01:47.806574+00:00,2026-07-09T03:01:47.806497,3,1,120.85,0.5,120.6,50,120.3,1,120.1,100,,,,,,,,,,,,,,,121.1,104,,,,,,,,,,,,,,,,,,
2026-07-09T03:01:48.532319+00:00,2026-07-09T03:01:48.532198,2,1,120.7,0.8,120.3,1,120.1,100,,,,,,,,,,,,,,,,,121.1,104,,,,,,,,,,,,,,,,,,
2026-07-09T03:01:48.916408+00:00,2026-07-09T03:01:48.916299,1,1,120.6,1.0,120.1,100,,,,,,,,,,,,,,,,,,,121.1,104,,,,,,,,,,,,,,,,,,
2026-07-09T03:01:48.921640+00:00,2026-07-09T03:01:48.921507,2,1,120.65,0.9,120.2,1,120.1,100,,,,,,,,,,,,,,,,,121.1,104,,,,,,,,,,,,,,,,,,
2026-07-09T03:01:49.756488+00:00,2026-07-09T03:01:49.756606,2,0,,,120.2,1,120.1,100,,,,,,,,,,,,,,,,,,,,,,,,,,,,,,,,,,,,
2026-07-09T03:01:49.810943+00:00,2026-07-09T03:01:49.810871,3,0,,,120.4,150,120.2,1,120.1,100,,,,,,,,,,,,,,,,,,,,,,,,,,,,,,,,,,
2026-07-09T03:01:49.868620+00:00,2026-07-09T03:01:49.868501,3,1,120.65,0.5,120.4,150,120.2,1,120.1,100,,,,,,,,,,,,,,,120.9,150,,,,,,,,,,,,,,,,,,
2026-07-09T03:01:50.027802+00:00,2026-07-09T03:01:50.027757,2,1,120.65,0.5,120.4,150,120.1,100,,,,,,,,,,,,,,,,,120.9,150,,,,,,,,,,,,,,,,,,
2026-07-09T03:01:50.032830+00:00,2026-07-09T03:01:50.032943,2,1,120.65,0.5,120.4,151,120.1,100,,,,,,,,,,,,,,,,,120.9,150,,,,,,,,,,,,,,,,,,
2026-07-09T03:01:50.452112+00:00,2026-07-09T03:01:50.452058,1,1,120.65,0.5,120.4,151,,,,,,,,,,,,,,,,,,,120.9,150,,,,,,,,,,,,,,,,,,
2026-07-09T03:01:50.504719+00:00,2026-07-09T03:01:50.504623,2,1,120.7,0.4,120.5,100,120.4,151,,,,,,,,,,,,,,,,,120.9,150,,,,,,,,,,,,,,,,,,
2026-07-09T03:01:50.563963+00:00,2026-07-09T03:01:50.563870,2,2,120.7,0.4,120.5,100,120.4,151,,,,,,,,,,,,,,,,,120.9,150,121.0,100,,,,,,,,,,,,,,,,
2026-07-09T03:01:50.658635+00:00,2026-07-09T03:01:50.657224,2,2,120.7,0.4,120.5,50,120.4,151,,,,,,,,,,,,,,,,,120.9,150,121.0,100,,,,,,,,,,,,,,,,
2026-07-09T03:01:51.143221+00:00,2026-07-09T03:01:51.143112,3,2,120.7,0.4,120.5,50,120.4,150,120.3,1,,,,,,,,,,,,,,,120.9,150,121.0,100,,,,,,,,,,,,,,,,
2026-07-09T03:01:51.378468+00:00,2026-07-09T03:01:51.378351,3,2,120.7,0.4,120.5,2,120.4,150,120.3,1,,,,,,,,,,,,,,,120.9,150,121.0,100,,,,,,,,,,,,,,,,
2026-07-09T03:01:52.253361+00:00,2026-07-09T03:01:52.253477,2,2,120.7,0.4,120.5,2,120.4,151,,,,,,,,,,,,,,,,,120.9,150,121.0,100,,,,,,,,,,,,,,,,
2026-07-09T03:01:52.768101+00:00,2026-07-09T03:01:52.768039,1,2,120.65,0.5,120.4,103,,,,,,,,,,,,,,,,,,,120.9,150,121.0,100,,,,,,,,,,,,,,,,
2026-07-09T03:01:52.804229+00:00,2026-07-09T03:01:52.804155,1,2,120.65,0.5,120.4,103,,,,,,,,,,,,,,,,,,,120.9,102,121.0,100,,,,,,,,,,,,,,,,
2026-07-09T03:01:52.923338+00:00,2026-07-09T03:01:52.923229,1,1,120.7,0.6,120.4,1,,,,,,,,,,,,,,,,,,,121.0,100,,,,,,,,,,,,,,,,,,
2026-07-09T03:01:52.977419+00:00,2026-07-09T03:01:52.977501,1,1,120.7,0.6,120.4,151,,,,,,,,,,,,,,,,,,,121.0,100,,,,,,,,,,,,,,,,,,
2026-07-09T03:01:53.036019+00:00,2026-07-09T03:01:53.035910,1,2,120.65,0.5,120.4,151,,,,,,,,,,,,,,,,,,,120.9,150,121.0,100,,,,,,,,,,,,,,,,
2026-07-09T03:01:53.363971+00:00,2026-07-09T03:01:53.363931,1,2,120.65,0.5,120.4,151,,,,,,,,,,,,,,,,,,,120.9,150,121.0,100,,,,,,,,,,,,,,,,
2026-07-09T03:01:53.628658+00:00,2026-07-09T03:01:53.628549,1,1,120.65,0.5,120.4,151,,,,,,,,,,,,,,,,,,,120.9,150,,,,,,,,,,,,,,,,,,
2026-07-09T03:01:53.681019+00:00,2026-07-09T03:01:53.681116,2,1,120.65,0.5,120.4,151,120.3,100,,,,,,,,,,,,,,,,,120.9,150,,,,,,,,,,,,,,,,,,
2026-07-09T03:01:53.734360+00:00,2026-07-09T03:01:53.734468,2,2,120.6,0.4,120.4,151,120.3,100,,,,,,,,,,,,,,,,,120.8,100,120.9,150,,,,,,,,,,,,,,,,
2026-07-09T03:01:54.477751+00:00,2026-07-09T03:01:54.477708,3,2,120.6,0.4,120.4,150,120.3,100,120.1,1,,,,,,,,,,,,,,,120.8,100,120.9,150,,,,,,,,,,,,,,,,
2026-07-09T03:01:54.898333+00:00,2026-07-09T03:01:54.898291,3,2,120.6,0.4,120.4,150,120.3,100,120.1,1,,,,,,,,,,,,,,,120.8,58,120.9,150,,,,,,,,,,,,,,,,
2026-07-09T03:01:55.458623+00:00,2026-07-09T03:01:55.457203,3,2,120.6,0.4,120.4,106,120.3,100,120.1,1,,,,,,,,,,,,,,,120.8,58,120.9,150,,,,,,,,,,,,,,,,
2026-07-09T03:01:55.584737+00:00,2026-07-09T03:01:55.584873,2,2,120.6,0.4,120.4,106,120.3,100,,,,,,,,,,,,,,,,,120.8,58,120.9,150,,,,,,,,,,,,,,,,
2026-07-09T03:01:55.590119+00:00,2026-07-09T03:01:55.590064,2,2,120.6,0.4,120.4,107,120.3,100,,,,,,,,,,,,,,,,,120.8,58,120.9,150,,,,,,,,,,,,,,,,
2026-07-09T03:01:56.089575+00:00,2026-07-09T03:01:56.089513,2,1,120.6,0.4,120.4,1,120.3,100,,,,,,,,,,,,,,,,,120.8,58,,,,,,,,,,,,,,,,,,
2026-07-09T03:01:56.144827+00:00,2026-07-09T03:01:56.144796,3,1,120.6,0.4,120.4,1,120.3,100,120.2,150,,,,,,,,,,,,,,,120.8,58,,,,,,,,,,,,,,,,,,
2026-07-09T03:01:56.199867+00:00,2026-07-09T03:01:56.199807,3,2,120.55,0.3,120.4,1,120.3,100,120.2,150,,,,,,,,,,,,,,,120.7,150,120.8,58,,,,,,,,,,,,,,,,
2026-07-09T03:01:56.695655+00:00,2026-07-09T03:01:56.695589,3,2,120.55,0.3,120.4,1,120.3,100,120.2,150,,,,,,,,,,,,,,,120.7,150,120.8,58,,,,,,,,,,,,,,,,
2026-07-09T03:01:56.781426+00:00,2026-07-09T03:01:56.781372,2,1,120.55,0.3,120.4,1,120.2,150,,,,,,,,,,,,,,,,,120.7,150,,,,,,,,,,,,,,,,,,
2026-07-09T03:01:56.842524+00:00,2026-07-09T03:01:56.842455,2,1,120.55,0.3,120.4,101,120.2,150,,,,,,,,,,,,,,,,,120.7,150,,,,,,,,,,,,,,,,,,
2026-07-09T03:01:56.896195+00:00,2026-07-09T03:01:56.896010,2,2,120.55,0.3,120.4,101,120.2,150,,,,,,,,,,,,,,,,,120.7,150,120.9,100,,,,,,,,,,,,,,,,
2026-07-09T03:01:56.932836+00:00,2026-07-09T03:01:56.932702,2,2,120.55,0.3,120.4,101,120.2,150,,,,,,,,,,,,,,,,,120.7,100,120.9,100,,,,,,,,,,,,,,,,
2026-07-09T03:01:57.805055+00:00,2026-07-09T03:01:57.805024,2,2,120.55,0.3,120.4,100,120.2,150,,,,,,,,,,,,,,,,,120.7,100,120.9,100,,,,,,,,,,,,,,,,
2026-07-09T03:01:57.810103+00:00,2026-07-09T03:01:57.810190,2,2,120.55,0.3,120.4,100,120.2,151,,,,,,,,,,,,,,,,,120.7,100,120.9,100,,,,,,,,,,,,,,,,
2026-07-09T03:01:58.918525+00:00,2026-07-09T03:01:58.918412,2,2,120.55,0.3,120.4,100,120.2,151,,,,,,,,,,,,,,,,,120.7,100,120.9,100,,,,,,,,,,,,,,,,
2026-07-09T03:01:59.123990+00:00,2026-07-09T03:01:59.123916,2,2,120.55,0.3,120.4,50,120.2,151,,,,,,,,,,,,,,,,,120.7,100,120.9,100,,,,,,,,,,,,,,,,
2026-07-09T03:01:59.258707+00:00,2026-07-09T03:01:59.249229,2,1,120.65,0.5,120.4,50,120.2,1,,,,,,,,,,,,,,,,,120.9,100,,,,,,,,,,,,,,,,,,
2026-07-09T03:01:59.313029+00:00,2026-07-09T03:01:59.312936,2,1,120.65,0.5,120.4,50,120.2,151,,,,,,,,,,,,,,,,,120.9,100,,,,,,,,,,,,,,,,,,
2026-07-09T03:01:59.365305+00:00,2026-07-09T03:01:59.365224,2,2,120.55,0.3,120.4,50,120.2,151,,,,,,,,,,,,,,,,,120.7,150,120.9,100,,,,,,,,,,,,,,,,
2026-07-09T03:01:59.947576+00:00,2026-07-09T03:01:59.947476,1,1,120.45,0.5,120.2,151,,,,,,,,,,,,,,,,,,,120.7,150,,,,,,,,,,,,,,,,,,
2026-07-09T03:02:00.001677+00:00,2026-07-09T03:02:00.001592,2,1,120.45,0.5,120.2,151,120.0,100,,,,,,,,,,,,,,,,,120.7,150,,,,,,,,,,,,,,,,,,
2026-07-09T03:02:00.026824+00:00,2026-07-09T03:02:00.026726,2,1,120.45,0.5,120.2,150,120.0,100,,,,,,,,,,,,,,,,,120.7,150,,,,,,,,,,,,,,,,,,
2026-07-09T03:02:00.032166+00:00,2026-07-09T03:02:00.031986,2,1,120.45,0.5,120.2,151,120.0,100,,,,,,,,,,,,,,,,,120.7,150,,,,,,,,,,,,,,,,,,
2026-07-09T03:02:00.058583+00:00,2026-07-09T03:02:00.055081,2,2,120.35,0.3,120.2,151,120.0,100,,,,,,,,,,,,,,,,,120.5,100,120.7,150,,,,,,,,,,,,,,,,
2026-07-09T03:02:01.138271+00:00,2026-07-09T03:02:01.138154,2,2,120.35,0.3,120.2,151,120.0,100,,,,,,,,,,,,,,,,,120.5,100,120.7,150,,,,,,,,,,,,,,,,
2026-07-09T03:02:01.158631+00:00,2026-07-09T03:02:01.153783,2,2,120.35,0.3,120.2,151,120.0,100,,,,,,,,,,,,,,,,,120.5,57,120.7,150,,,,,,,,,,,,,,,,
2026-07-09T03:02:01.179008+00:00,2026-07-09T03:02:01.178887,2,2,120.35,0.3,120.2,151,120.0,100,,,,,,,,,,,,,,,,,120.5,7,120.7,150,,,,,,,,,,,,,,,,
2026-07-09T03:02:02.249017+00:00,2026-07-09T03:02:02.248954,2,2,120.35,0.3,120.2,151,120.0,100,,,,,,,,,,,,,,,,,120.5,7,120.7,150,,,,,,,,,,,,,,,,
2026-07-09T03:02:02.352036+00:00,2026-07-09T03:02:02.347774,2,2,120.35,0.3,120.2,150,120.0,100,,,,,,,,,,,,,,,,,120.5,3,120.7,150,,,,,,,,,,,,,,,,
2026-07-09T03:02:02.372650+00:00,2026-07-09T03:02:02.372494,2,1,120.45,0.5,120.2,150,120.0,100,,,,,,,,,,,,,,,,,120.7,150,,,,,,,,,,,,,,,,,,
2026-07-09T03:02:02.419185+00:00,2026-07-09T03:02:02.419326,1,0,,,120.0,100,,,,,,,,,,,,,,,,,,,,,,,,,,,,,,,,,,,,,,
2026-07-09T03:02:02.476995+00:00,2026-07-09T03:02:02.476891,2,0,,,120.3,150,120.0,100,,,,,,,,,,,,,,,,,,,,,,,,,,,,,,,,,,,,
2026-07-09T03:02:02.531151+00:00,2026-07-09T03:02:02.531062,2,1,120.55,0.5,120.3,150,120.0,100,,,,,,,,,,,,,,,,,120.8,150,,,,,,,,,,,,,,,,,,
2026-07-09T03:02:03.113051+00:00,2026-07-09T03:02:03.112858,1,1,120.55,0.5,120.3,150,,,,,,,,,,,,,,,,,,,120.8,150,,,,,,,,,,,,,,,,,,
2026-07-09T03:02:03.158607+00:00,2026-07-09T03:02:03.156112,2,1,120.6,0.4,120.4,100,120.3,150,,,,,,,,,,,,,,,,,120.8,150,,,,,,,,,,,,,,,,,,
2026-07-09T03:02:03.196035+00:00,2026-07-09T03:02:03.195985,2,1,120.6,0.4,120.4,52,120.3,150,,,,,,,,,,,,,,,,,120.8,150,,,,,,,,,,,,,,,,,,
2026-07-09T03:02:03.214586+00:00,2026-07-09T03:02:03.214488,2,2,120.6,0.4,120.4,52,120.3,150,,,,,,,,,,,,,,,,,120.8,150,120.9,100,,,,,,,,,,,,,,,,
2026-07-09T03:02:03.368940+00:00,2026-07-09T03:02:03.368912,2,2,120.6,0.4,120.4,2,120.3,150,,,,,,,,,,,,,,,,,120.8,150,120.9,100,,,,,,,,,,,,,,,,
2026-07-09T03:02:03.379430+00:00,2026-07-09T03:02:03.379354,2,2,120.6,0.4,120.4,2,120.3,151,,,,,,,,,,,,,,,,,120.8,150,120.9,100,,,,,,,,,,,,,,,,
2026-07-09T03:02:03.850741+00:00,2026-07-09T03:02:03.850590,1,2,120.55,0.5,120.3,113,,,,,,,,,,,,,,,,,,,120.8,150,120.9,100,,,,,,,,,,,,,,,,
2026-07-09T03:02:04.487902+00:00,2026-07-09T03:02:04.488067,1,2,120.55,0.5,120.3,113,,,,,,,,,,,,,,,,,,,120.8,150,120.9,100,,,,,,,,,,,,,,,,
2026-07-09T03:02:05.478577+00:00,2026-07-09T03:02:05.478763,1,2,120.55,0.5,120.3,63,,,,,,,,,,,,,,,,,,,120.8,150,120.9,100,,,,,,,,,,,,,,,,
2026-07-09T03:02:05.587197+00:00,2026-07-09T03:02:05.587142,1,1,120.6,0.6,120.3,1,,,,,,,,,,,,,,,,,,,120.9,100,,,,,,,,,,,,,,,,,,
2026-07-09T03:02:05.592216+00:00,2026-07-09T03:02:05.592339,0,1,,,,,,,,,,,,,,,,,,,,,,,120.9,100,,,,,,,,,,,,,,,,,,
2026-07-09T03:02:05.641085+00:00,2026-07-09T03:02:05.641018,1,1,120.45,0.9,120.0,150,,,,,,,,,,,,,,,,,,,120.9,100,,,,,,,,,,,,,,,,,,
2026-07-09T03:02:05.749416+00:00,2026-07-09T03:02:05.743930,1,2,120.2,0.4,120.0,150,,,,,,,,,,,,,,,,,,,120.4,131,120.9,100,,,,,,,,,,,,,,,,
2026-07-09T03:02:06.268696+00:00,2026-07-09T03:02:06.268844,1,1,120.2,0.4,120.0,150,,,,,,,,,,,,,,,,,,,120.4,131,,,,,,,,,,,,,,,,,,
2026-07-09T03:02:06.335896+00:00,2026-07-09T03:02:06.335801,2,1,120.2,0.4,120.0,150,119.9,100,,,,,,,,,,,,,,,,,120.4,131,,,,,,,,,,,,,,,,,,
2026-07-09T03:02:06.392721+00:00,2026-07-09T03:02:06.392584,2,1,120.2,0.4,120.0,150,119.9,100,,,,,,,,,,,,,,,,,120.4,231,,,,,,,,,,,,,,,,,,
2026-07-09T03:02:06.672977+00:00,2026-07-09T03:02:06.673146,3,1,120.25,0.3,120.1,1,120.0,150,119.9,100,,,,,,,,,,,,,,,120.4,231,,,,,,,,,,,,,,,,,,
2026-07-09T03:02:07.568688+00:00,2026-07-09T03:02:07.568857,3,1,120.25,0.3,120.1,1,120.0,150,119.9,100,,,,,,,,,,,,,,,120.4,181,,,,,,,,,,,,,,,,,,
2026-07-09T03:02:07.584712+00:00,2026-07-09T03:02:07.584564,2,1,120.2,0.4,120.0,150,119.9,100,,,,,,,,,,,,,,,,,120.4,181,,,,,,,,,,,,,,,,,,
2026-07-09T03:02:07.589872+00:00,2026-07-09T03:02:07.589769,2,1,120.2,0.4,120.0,150,119.9,100,,,,,,,,,,,,,,,,,120.4,171,,,,,,,,,,,,,,,,,,
2026-07-09T03:02:07.605493+00:00,2026-07-09T03:02:07.605383,2,1,120.2,0.4,120.0,150,119.9,100,,,,,,,,,,,,,,,,,120.4,151,,,,,,,,,,,,,,,,,,
2026-07-09T03:02:07.663636+00:00,2026-07-09T03:02:07.663851,2,1,120.2,0.4,120.0,150,119.9,100,,,,,,,,,,,,,,,,,120.4,131,,,,,,,,,,,,,,,,,,
2026-07-09T03:02:07.711419+00:00,2026-07-09T03:02:07.711349,2,1,120.2,0.4,120.0,150,119.9,100,,,,,,,,,,,,,,,,,120.4,111,,,,,,,,,,,,,,,,,,
2026-07-09T03:02:07.785299+00:00,2026-07-09T03:02:07.785174,2,1,120.2,0.4,120.0,150,119.9,100,,,,,,,,,,,,,,,,,120.4,91,,,,,,,,,,,,,,,,,,
2026-07-09T03:02:07.796475+00:00,2026-07-09T03:02:07.796595,2,2,120.2,0.4,120.0,150,119.9,100,,,,,,,,,,,,,,,,,120.4,91,120.7,1,,,,,,,,,,,,,,,,
2026-07-09T03:02:07.816771+00:00,2026-07-09T03:02:07.816676,2,2,120.2,0.4,120.0,150,119.9,100,,,,,,,,,,,,,,,,,120.4,71,120.7,1,,,,,,,,,,,,,,,,
2026-07-09T03:02:07.858690+00:00,2026-07-09T03:02:07.853457,2,2,120.2,0.4,120.0,150,119.9,100,,,,,,,,,,,,,,,,,120.4,51,120.7,1,,,,,,,,,,,,,,,,
2026-07-09T03:02:07.889344+00:00,2026-07-09T03:02:07.889202,2,2,120.2,0.4,120.0,150,119.9,100,,,,,,,,,,,,,,,,,120.4,31,120.7,1,,,,,,,,,,,,,,,,
2026-07-09T03:02:07.910232+00:00,2026-07-09T03:02:07.910172,2,2,120.2,0.4,120.0,150,119.9,100,,,,,,,,,,,,,,,,,120.4,11,120.7,1,,,,,,,,,,,,,,,,
2026-07-09T03:02:07.959163+00:00,2026-07-09T03:02:07.955037,2,0,,,120.0,150,119.9,100,,,,,,,,,,,,,,,,,,,,,,,,,,,,,,,,,,,,
2026-07-09T03:02:08.761320+00:00,2026-07-09T03:02:08.761125,1,0,,,119.9,100,,,,,,,,,,,,,,,,,,,,,,,,,,,,,,,,,,,,,,
2026-07-09T03:02:08.816628+00:00,2026-07-09T03:02:08.816728,2,0,,,120.6,150,119.9,100,,,,,,,,,,,,,,,,,,,,,,,,,,,,,,,,,,,,
2026-07-09T03:02:08.866875+00:00,2026-07-09T03:02:08.866956,2,1,120.85,0.5,120.6,150,119.9,100,,,,,,,,,,,,,,,,,121.1,150,,,,,,,,,,,,,,,,,,
2026-07-09T03:02:08.932924+00:00,2026-07-09T03:02:08.932789,2,1,120.85,0.5,120.6,141,119.9,100,,,,,,,,,,,,,,,,,121.1,150,,,,,,,,,,,,,,,,,,
2026-07-09T03:02:08.943336+00:00,2026-07-09T03:02:08.943242,2,2,120.8,0.4,120.6,141,119.9,100,,,,,,,,,,,,,,,,,121.0,1,121.1,150,,,,,,,,,,,,,,,,
2026-07-09T03:02:09.431375+00:00,2026-07-09T03:02:09.424443,2,2,120.8,0.4,120.6,138,119.9,100,,,,,,,,,,,,,,,,,121.0,1,121.1,150,,,,,,,,,,,,,,,,
2026-07-09T03:02:09.446974+00:00,2026-07-09T03:02:09.446859,1,1,120.85,0.5,120.6,138,,,,,,,,,,,,,,,,,,,121.1,150,,,,,,,,,,,,,,,,,,
2026-07-09T03:02:09.451976+00:00,2026-07-09T03:02:09.452087,1,1,120.85,0.5,120.6,128,,,,,,,,,,,,,,,,,,,121.1,150,,,,,,,,,,,,,,,,,,
2026-07-09T03:02:09.472671+00:00,2026-07-09T03:02:09.472784,1,1,120.85,0.5,120.6,108,,,,,,,,,,,,,,,,,,,121.1,150,,,,,,,,,,,,,,,,,,
2026-07-09T03:02:09.506355+00:00,2026-07-09T03:02:09.506304,1,1,120.85,0.5,120.6,88,,,,,,,,,,,,,,,,,,,121.1,150,,,,,,,,,,,,,,,,,,
2026-07-09T03:02:09.511618+00:00,2026-07-09T03:02:09.511454,2,1,120.85,0.5,120.6,88,120.4,100,,,,,,,,,,,,,,,,,121.1,150,,,,,,,,,,,,,,,,,,
2026-07-09T03:02:09.567944+00:00,2026-07-09T03:02:09.567827,2,2,120.75,0.3,120.6,88,120.4,100,,,,,,,,,,,,,,,,,120.9,100,121.1,150,,,,,,,,,,,,,,,,
2026-07-09T03:02:09.588859+00:00,2026-07-09T03:02:09.588814,2,2,120.75,0.3,120.6,68,120.4,100,,,,,,,,,,,,,,,,,120.9,100,121.1,150,,,,,,,,,,,,,,,,
2026-07-09T03:02:09.658577+00:00,2026-07-09T03:02:09.656481,2,2,120.75,0.3,120.6,48,120.4,100,,,,,,,,,,,,,,,,,120.9,100,121.1,150,,,,,,,,,,,,,,,,
2026-07-09T03:02:09.681575+00:00,2026-07-09T03:02:09.681524,2,2,120.75,0.3,120.6,28,120.4,100,,,,,,,,,,,,,,,,,120.9,100,121.1,150,,,,,,,,,,,,,,,,
2026-07-09T03:02:09.704036+00:00,2026-07-09T03:02:09.704168,2,2,120.75,0.3,120.6,8,120.4,100,,,,,,,,,,,,,,,,,120.9,100,121.1,150,,,,,,,,,,,,,,,,
2026-07-09T03:02:09.741078+00:00,2026-07-09T03:02:09.740916,1,2,120.65,0.5,120.4,100,,,,,,,,,,,,,,,,,,,120.9,100,121.1,150,,,,,,,,,,,,,,,,
2026-07-09T03:02:10.083519+00:00,2026-07-09T03:02:10.083417,2,2,120.65,0.5,120.4,100,120.3,1,,,,,,,,,,,,,,,,,120.9,100,121.1,150,,,,,,,,,,,,,,,,
2026-07-09T03:02:10.529554+00:00,2026-07-09T03:02:10.529439,2,2,120.65,0.5,120.4,100,120.3,1,,,,,,,,,,,,,,,,,120.9,57,121.1,150,,,,,,,,,,,,,,,,
2026-07-09T03:02:11.192118+00:00,2026-07-09T03:02:11.192001,2,2,120.65,0.5,120.4,100,120.2,1,,,,,,,,,,,,,,,,,120.9,57,121.1,150,,,,,,,,,,,,,,,,
2026-07-09T03:02:11.831441+00:00,2026-07-09T03:02:11.831405,2,2,120.65,0.5,120.4,50,120.2,1,,,,,,,,,,,,,,,,,120.9,57,121.1,150,,,,,,,,,,,,,,,,
2026-07-09T03:02:11.922756+00:00,2026-07-09T03:02:11.922671,2,1,120.65,0.5,120.4,50,120.2,1,,,,,,,,,,,,,,,,,120.9,57,,,,,,,,,,,,,,,,,,
2026-07-09T03:02:11.972796+00:00,2026-07-09T03:02:11.972639,3,1,120.65,0.5,120.4,50,120.2,1,119.9,150,,,,,,,,,,,,,,,120.9,57,,,,,,,,,,,,,,,,,,
2026-07-09T03:02:12.040465+00:00,2026-07-09T03:02:12.033696,2,2,120.3,0.2,120.2,1,119.9,150,,,,,,,,,,,,,,,,,120.4,97,120.9,57,,,,,,,,,,,,,,,,
2026-07-09T03:02:12.101125+00:00,2026-07-09T03:02:12.101012,1,2,120.15,0.5,119.9,150,,,,,,,,,,,,,,,,,,,120.4,97,120.9,57,,,,,,,,,,,,,,,,
2026-07-09T03:02:12.106349+00:00,2026-07-09T03:02:12.106236,1,2,120.15,0.5,119.9,150,,,,,,,,,,,,,,,,,,,120.4,87,120.9,57,,,,,,,,,,,,,,,,
2026-07-09T03:02:12.315728+00:00,2026-07-09T03:02:12.315699,2,2,120.2,0.4,120.0,1,119.9,150,,,,,,,,,,,,,,,,,120.4,87,120.9,57,,,,,,,,,,,,,,,,
2026-07-09T03:02:12.625190+00:00,2026-07-09T03:02:12.625124,2,1,120.2,0.4,120.0,1,119.9,150,,,,,,,,,,,,,,,,,120.4,87,,,,,,,,,,,,,,,,,,
2026-07-09T03:02:12.658561+00:00,2026-07-09T03:02:12.653381,2,1,120.2,0.4,120.0,1,119.9,150,,,,,,,,,,,,,,,,,120.4,40,,,,,,,,,,,,,,,,,,
2026-07-09T03:02:12.682386+00:00,2026-07-09T03:02:12.682258,3,1,120.3,0.2,120.2,100,120.0,1,119.9,150,,,,,,,,,,,,,,,120.4,40,,,,,,,,,,,,,,,,,,
2026-07-09T03:02:12.731760+00:00,2026-07-09T03:02:12.731671,3,2,120.3,0.2,120.2,100,120.0,1,119.9,150,,,,,,,,,,,,,,,120.4,40,120.7,100,,,,,,,,,,,,,,,,
2026-07-09T03:02:13.421525+00:00,2026-07-09T03:02:13.421425,2,2,120.3,0.2,120.2,100,119.9,150,,,,,,,,,,,,,,,,,120.4,40,120.7,100,,,,,,,,,,,,,,,,
2026-07-09T03:02:13.426637+00:00,2026-07-09T03:02:13.426574,3,2,120.35,0.1,120.3,1,120.2,100,119.9,150,,,,,,,,,,,,,,,120.4,40,120.7,100,,,,,,,,,,,,,,,,
2026-07-09T03:02:13.630409+00:00,2026-07-09T03:02:13.630350,2,2,120.3,0.2,120.2,100,119.9,150,,,,,,,,,,,,,,,,,120.4,40,120.7,100,,,,,,,,,,,,,,,,
2026-07-09T03:02:13.635751+00:00,2026-07-09T03:02:13.635588,2,2,120.3,0.2,120.2,100,119.9,150,,,,,,,,,,,,,,,,,120.4,30,120.7,100,,,,,,,,,,,,,,,,
2026-07-09T03:02:13.688839+00:00,2026-07-09T03:02:13.688944,2,2,120.3,0.2,120.2,100,119.9,150,,,,,,,,,,,,,,,,,120.4,10,120.7,100,,,,,,,,,,,,,,,,
2026-07-09T03:02:13.720099+00:00,2026-07-09T03:02:13.720247,2,1,120.45,0.5,120.2,100,119.9,150,,,,,,,,,,,,,,,,,120.7,100,,,,,,,,,,,,,,,,,,
2026-07-09T03:02:13.730750+00:00,2026-07-09T03:02:13.730694,2,1,120.45,0.5,120.2,100,119.9,150,,,,,,,,,,,,,,,,,120.7,58,,,,,,,,,,,,,,,,,,
2026-07-09T03:02:13.780004+00:00,2026-07-09T03:02:13.779966,2,1,120.45,0.5,120.2,100,119.9,150,,,,,,,,,,,,,,,,,120.7,48,,,,,,,,,,,,,,,,,,
2026-07-09T03:02:13.790456+00:00,2026-07-09T03:02:13.790339,2,1,120.45,0.5,120.2,57,119.9,150,,,,,,,,,,,,,,,,,120.7,48,,,,,,,,,,,,,,,,,,
2026-07-09T03:02:14.550020+00:00,2026-07-09T03:02:14.549895,2,2,120.45,0.5,120.2,57,119.9,150,,,,,,,,,,,,,,,,,120.7,48,120.9,1,,,,,,,,,,,,,,,,
2026-07-09T03:02:15.085453+00:00,2026-07-09T03:02:15.085361,1,2,120.45,0.5,120.2,57,,,,,,,,,,,,,,,,,,,120.7,48,120.9,1,,,,,,,,,,,,,,,,
2026-07-09T03:02:15.138972+00:00,2026-07-09T03:02:15.138880,2,1,120.85,0.1,120.8,102,120.2,57,,,,,,,,,,,,,,,,,120.9,1,,,,,,,,,,,,,,,,,,
2026-07-09T03:02:15.158684+00:00,2026-07-09T03:02:15.149310,2,0,,,120.8,102,120.2,57,,,,,,,,,,,,,,,,,,,,,,,,,,,,,,,,,,,,
2026-07-09T03:02:15.192094+00:00,2026-07-09T03:02:15.192026,2,1,121.0,0.4,120.8,102,120.2,57,,,,,,,,,,,,,,,,,121.2,150,,,,,,,,,,,,,,,,,,
2026-07-09T03:02:15.261430+00:00,2026-07-09T03:02:15.261353,2,1,121.0,0.4,120.8,92,120.2,57,,,,,,,,,,,,,,,,,121.2,150,,,,,,,,,,,,,,,,,,
2026-07-09T03:02:15.447634+00:00,2026-07-09T03:02:15.442219,2,1,121.0,0.4,120.8,78,120.2,57,,,,,,,,,,,,,,,,,121.2,150,,,,,,,,,,,,,,,,,,
2026-07-09T03:02:15.478886+00:00,2026-07-09T03:02:15.478830,2,1,121.0,0.4,120.8,58,120.2,57,,,,,,,,,,,,,,,,,121.2,150,,,,,,,,,,,,,,,,,,
2026-07-09T03:02:15.499770+00:00,2026-07-09T03:02:15.499625,2,1,121.0,0.4,120.8,38,120.2,57,,,,,,,,,,,,,,,,,121.2,150,,,,,,,,,,,,,,,,,,
2026-07-09T03:02:15.578427+00:00,2026-07-09T03:02:15.578603,2,1,121.0,0.4,120.8,18,120.2,57,,,,,,,,,,,,,,,,,121.2,150,,,,,,,,,,,,,,,,,,
2026-07-09T03:02:15.607532+00:00,2026-07-09T03:02:15.607431,1,1,120.7,1.0,120.2,57,,,,,,,,,,,,,,,,,,,121.2,150,,,,,,,,,,,,,,,,,,
2026-07-09T03:02:15.698162+00:00,2026-07-09T03:02:15.698129,2,1,120.75,0.9,120.3,1,120.2,57,,,,,,,,,,,,,,,,,121.2,150,,,,,,,,,,,,,,,,,,
2026-07-09T03:02:15.788791+00:00,2026-07-09T03:02:15.788753,1,1,120.75,0.9,120.3,1,,,,,,,,,,,,,,,,,,,121.2,150,,,,,,,,,,,,,,,,,,
2026-07-09T03:02:15.843071+00:00,2026-07-09T03:02:15.843014,2,1,120.8,0.8,120.4,100,120.3,1,,,,,,,,,,,,,,,,,121.2,150,,,,,,,,,,,,,,,,,,
2026-07-09T03:02:15.896852+00:00,2026-07-09T03:02:15.896822,2,2,120.65,0.5,120.4,100,120.3,1,,,,,,,,,,,,,,,,,120.9,100,121.2,150,,,,,,,,,,,,,,,,
2026-07-09T03:02:16.076823+00:00,2026-07-09T03:02:16.076704,2,2,120.65,0.5,120.4,50,120.3,1,,,,,,,,,,,,,,,,,120.9,100,121.2,150,,,,,,,,,,,,,,,,
2026-07-09T03:02:16.368982+00:00,2026-07-09T03:02:16.368862,2,2,120.65,0.5,120.4,50,120.3,1,,,,,,,,,,,,,,,,,120.9,60,121.2,150,,,,,,,,,,,,,,,,
2026-07-09T03:02:16.797422+00:00,2026-07-09T03:02:16.797312,1,2,120.65,0.5,120.4,50,,,,,,,,,,,,,,,,,,,120.9,60,121.2,150,,,,,,,,,,,,,,,,
2026-07-09T03:02:16.810478+00:00,2026-07-09T03:02:16.810360,2,2,120.7,0.4,120.5,1,120.4,50,,,,,,,,,,,,,,,,,120.9,60,121.2,150,,,,,,,,,,,,,,,,
2026-07-09T03:02:17.913315+00:00,2026-07-09T03:02:17.913421,1,2,120.65,0.5,120.4,50,,,,,,,,,,,,,,,,,,,120.9,60,121.2,150,,,,,,,,,,,,,,,,
2026-07-09T03:02:17.918747+00:00,2026-07-09T03:02:17.918623,2,2,120.7,0.4,120.5,1,120.4,50,,,,,,,,,,,,,,,,,120.9,60,121.2,150,,,,,,,,,,,,,,,,
2026-07-09T03:02:18.184558+00:00,2026-07-09T03:02:18.184490,1,2,120.65,0.5,120.4,1,,,,,,,,,,,,,,,,,,,120.9,60,121.2,150,,,,,,,,,,,,,,,,
2026-07-09T03:02:18.248006+00:00,2026-07-09T03:02:18.247919,1,1,120.65,0.5,120.4,1,,,,,,,,,,,,,,,,,,,120.9,60,,,,,,,,,,,,,,,,,,
2026-07-09T03:02:18.301038+00:00,2026-07-09T03:02:18.300949,2,1,120.65,0.5,120.4,1,120.0,150,,,,,,,,,,,,,,,,,120.9,60,,,,,,,,,,,,,,,,,,
2026-07-09T03:02:18.369836+00:00,2026-07-09T03:02:18.363314,2,2,120.45,0.1,120.4,1,120.0,150,,,,,,,,,,,,,,,,,120.5,136,120.9,60,,,,,,,,,,,,,,,,
2026-07-09T03:02:18.436126+00:00,2026-07-09T03:02:18.436086,2,2,120.45,0.1,120.4,1,120.0,150,,,,,,,,,,,,,,,,,120.5,117,120.9,60,,,,,,,,,,,,,,,,
2026-07-09T03:02:18.950171+00:00,2026-07-09T03:02:18.950023,1,1,120.25,0.5,120.0,150,,,,,,,,,,,,,,,,,,,120.5,117,,,,,,,,,,,,,,,,,,
2026-07-09T03:02:19.039032+00:00,2026-07-09T03:02:19.038840,2,1,120.45,0.1,120.4,100,120.0,150,,,,,,,,,,,,,,,,,120.5,117,,,,,,,,,,,,,,,,,,
2026-07-09T03:02:19.049356+00:00,2026-07-09T03:02:19.049273,2,1,120.45,0.1,120.4,101,120.0,150,,,,,,,,,,,,,,,,,120.5,117,,,,,,,,,,,,,,,,,,
2026-07-09T03:02:19.092644+00:00,2026-07-09T03:02:19.092548,2,2,120.45,0.1,120.4,101,120.0,150,,,,,,,,,,,,,,,,,120.5,117,120.9,100,,,,,,,,,,,,,,,,
2026-07-09T03:02:20.158593+00:00,2026-07-09T03:02:20.151940,3,2,120.45,0.1,120.4,100,120.3,1,120.0,150,,,,,,,,,,,,,,,120.5,117,120.9,100,,,,,,,,,,,,,,,,
2026-07-09T03:02:20.318909+00:00,2026-07-09T03:02:20.318796,3,2,120.45,0.1,120.4,50,120.3,1,120.0,150,,,,,,,,,,,,,,,120.5,117,120.9,100,,,,,,,,,,,,,,,,
2026-07-09T03:02:21.113398+00:00,2026-07-09T03:02:21.113232,3,2,120.45,0.1,120.4,5,120.3,1,120.0,150,,,,,,,,,,,,,,,120.5,117,120.9,100,,,,,,,,,,,,,,,,
2026-07-09T03:02:21.263777+00:00,2026-07-09T03:02:21.263927,2,2,120.45,0.1,120.4,5,120.0,150,,,,,,,,,,,,,,,,,120.5,117,120.9,100,,,,,,,,,,,,,,,,
2026-07-09T03:02:21.269192+00:00,2026-07-09T03:02:21.269094,2,2,120.45,0.1,120.4,6,120.0,150,,,,,,,,,,,,,,,,,120.5,117,120.9,100,,,,,,,,,,,,,,,,
2026-07-09T03:02:21.403845+00:00,2026-07-09T03:02:21.403812,1,1,120.65,0.5,120.4,6,,,,,,,,,,,,,,,,,,,120.9,100,,,,,,,,,,,,,,,,,,
2026-07-09T03:02:21.475541+00:00,2026-07-09T03:02:21.475432,2,1,120.65,0.5,120.4,6,120.2,150,,,,,,,,,,,,,,,,,120.9,100,,,,,,,,,,,,,,,,,,
2026-07-09T03:02:21.534927+00:00,2026-07-09T03:02:21.534792,2,2,120.55,0.3,120.4,6,120.2,150,,,,,,,,,,,,,,,,,120.7,150,120.9,100,,,,,,,,,,,,,,,,
2026-07-09T03:02:22.146633+00:00,2026-07-09T03:02:22.146578,2,1,120.55,0.3,120.4,1,120.2,150,,,,,,,,,,,,,,,,,120.7,150,,,,,,,,,,,,,,,,,,
2026-07-09T03:02:22.198213+00:00,2026-07-09T03:02:22.198106,3,1,120.55,0.3,120.4,1,120.2,150,120.1,100,,,,,,,,,,,,,,,120.7,150,,,,,,,,,,,,,,,,,,
2026-07-09T03:02:22.255217+00:00,2026-07-09T03:02:22.255310,3,2,120.5,0.2,120.4,1,120.2,150,120.1,100,,,,,,,,,,,,,,,120.6,100,120.7,150,,,,,,,,,,,,,,,,
2026-07-09T03:02:22.374553+00:00,2026-07-09T03:02:22.374520,3,2,120.45,0.3,120.3,1,120.2,150,120.1,100,,,,,,,,,,,,,,,120.6,100,120.7,150,,,,,,,,,,,,,,,,
2026-07-09T03:02:22.426977+00:00,2026-07-09T03:02:22.426875,2,2,120.4,0.4,120.2,101,120.1,100,,,,,,,,,,,,,,,,,120.6,100,120.7,150,,,,,,,,,,,,,,,,
2026-07-09T03:02:23.370697+00:00,2026-07-09T03:02:23.370570,2,2,120.4,0.4,120.2,101,120.1,100,,,,,,,,,,,,,,,,,120.6,80,120.7,150,,,,,,,,,,,,,,,,
2026-07-09T03:02:23.390364+00:00,2026-07-09T03:02:23.390250,2,2,120.4,0.4,120.2,101,120.1,100,,,,,,,,,,,,,,,,,120.6,60,120.7,150,,,,,,,,,,,,,,,,
2026-07-09T03:02:23.395509+00:00,2026-07-09T03:02:23.395460,2,2,120.4,0.4,120.2,101,120.1,100,,,,,,,,,,,,,,,,,120.6,51,120.7,150,,,,,,,,,,,,,,,,
2026-07-09T03:02:23.464250+00:00,2026-07-09T03:02:23.464118,2,2,120.4,0.4,120.2,101,120.1,100,,,,,,,,,,,,,,,,,120.6,31,120.7,150,,,,,,,,,,,,,,,,
2026-07-09T03:02:23.497385+00:00,2026-07-09T03:02:23.497304,2,2,120.4,0.4,120.2,101,120.1,100,,,,,,,,,,,,,,,,,120.6,11,120.7,150,,,,,,,,,,,,,,,,
2026-07-09T03:02:23.511216+00:00,2026-07-09T03:02:23.511096,2,3,120.4,0.4,120.2,101,120.1,100,,,,,,,,,,,,,,,,,120.6,11,120.7,150,121.0,1,,,,,,,,,,,,,,
2026-07-09T03:02:23.526825+00:00,2026-07-09T03:02:23.526693,2,2,120.45,0.5,120.2,101,120.1,100,,,,,,,,,,,,,,,,,120.7,150,121.0,1,,,,,,,,,,,,,,,,
2026-07-09T03:02:23.553540+00:00,2026-07-09T03:02:23.553479,2,2,120.45,0.5,120.2,101,120.1,100,,,,,,,,,,,,,,,,,120.7,141,121.0,1,,,,,,,,,,,,,,,,
2026-07-09T03:02:24.587548+00:00,2026-07-09T03:02:24.587454,1,1,120.55,0.9,120.1,100,,,,,,,,,,,,,,,,,,,121.0,1,,,,,,,,,,,,,,,,,,
2026-07-09T03:02:24.617291+00:00,2026-07-09T03:02:24.617127,1,0,,,120.1,100,,,,,,,,,,,,,,,,,,,,,,,,,,,,,,,,,,,,,,
2026-07-09T03:02:24.648540+00:00,2026-07-09T03:02:24.648432,2,0,,,120.2,150,120.1,100,,,,,,,,,,,,,,,,,,,,,,,,,,,,,,,,,,,,
2026-07-09T03:02:24.705695+00:00,2026-07-09T03:02:24.705616,2,1,120.45,0.5,120.2,150,120.1,100,,,,,,,,,,,,,,,,,120.7,150,,,,,,,,,,,,,,,,,,
2026-07-09T03:02:25.309296+00:00,2026-07-09T03:02:25.309172,1,1,120.45,0.5,120.2,150,,,,,,,,,,,,,,,,,,,120.7,150,,,,,,,,,,,,,,,,,,
2026-07-09T03:02:25.358618+00:00,2026-07-09T03:02:25.358494,2,1,120.55,0.3,120.4,100,120.2,150,,,,,,,,,,,,,,,,,120.7,150,,,,,,,,,,,,,,,,,,
2026-07-09T03:02:25.413853+00:00,2026-07-09T03:02:25.413730,2,2,120.55,0.3,120.4,100,120.2,150,,,,,,,,,,,,,,,,,120.7,150,120.9,100,,,,,,,,,,,,,,,,
2026-07-09T03:02:25.726791+00:00,2026-07-09T03:02:25.726691,2,3,120.55,0.3,120.4,100,120.2,150,,,,,,,,,,,,,,,,,120.7,150,120.8,1,120.9,100,,,,,,,,,,,,,,
2026-07-09T03:02:25.987919+00:00,2026-07-09T03:02:25.987845,2,3,120.55,0.3,120.4,60,120.2,150,,,,,,,,,,,,,,,,,120.7,150,120.8,1,120.9,100,,,,,,,,,,,,,,
2026-07-09T03:02:26.840405+00:00,2026-07-09T03:02:26.840330,2,2,120.55,0.3,120.4,60,120.2,150,,,,,,,,,,,,,,,,,120.7,150,120.9,101,,,,,,,,,,,,,,,,
2026-07-09T03:02:27.758675+00:00,2026-07-09T03:02:27.755672,1,1,120.65,0.5,120.4,60,,,,,,,,,,,,,,,,,,,120.9,101,,,,,,,,,,,,,,,,,,
2026-07-09T03:02:27.815751+00:00,2026-07-09T03:02:27.815652,2,1,120.65,0.5,120.4,60,120.2,150,,,,,,,,,,,,,,,,,120.9,101,,,,,,,,,,,,,,,,,,
2026-07-09T03:02:27.865353+00:00,2026-07-09T03:02:27.865229,2,2,120.55,0.3,120.4,60,120.2,150,,,,,,,,,,,,,,,,,120.7,150,120.9,101,,,,,,,,,,,,,,,,
2026-07-09T03:02:27.942627+00:00,2026-07-09T03:02:27.942545,2,3,120.55,0.3,120.4,60,120.2,150,,,,,,,,,,,,,,,,,120.7,150,120.9,100,121.0,1,,,,,,,,,,,,,,
2026-07-09T03:02:28.464863+00:00,2026-07-09T03:02:28.464768,1,2,120.45,0.5,120.2,150,,,,,,,,,,,,,,,,,,,120.7,150,121.0,1,,,,,,,,,,,,,,,,
2026-07-09T03:02:28.521940+00:00,2026-07-09T03:02:28.522037,2,2,120.6,0.2,120.5,100,120.2,150,,,,,,,,,,,,,,,,,120.7,150,121.0,1,,,,,,,,,,,,,,,,
2026-07-09T03:02:28.570138+00:00,2026-07-09T03:02:28.570081,2,2,120.6,0.2,120.5,100,120.2,150,,,,,,,,,,,,,,,,,120.7,150,121.0,101,,,,,,,,,,,,,,,,
2026-07-09T03:02:28.701635+00:00,2026-07-09T03:02:28.701516,2,2,120.6,0.2,120.5,100,120.2,150,,,,,,,,,,,,,,,,,120.7,100,121.0,101,,,,,,,,,,,,,,,,
2026-07-09T03:02:29.052865+00:00,2026-07-09T03:02:29.052817,2,2,120.6,0.2,120.5,54,120.2,150,,,,,,,,,,,,,,,,,120.7,100,121.0,100,,,,,,,,,,,,,,,,
2026-07-09T03:02:29.058547+00:00,2026-07-09T03:02:29.057985,2,2,120.6,0.2,120.5,54,120.2,150,,,,,,,,,,,,,,,,,120.7,100,121.0,101,,,,,,,,,,,,,,,,
2026-07-09T03:02:29.897719+00:00,2026-07-09T03:02:29.897618,2,2,120.6,0.2,120.5,54,120.2,150,,,,,,,,,,,,,,,,,120.7,80,121.0,101,,,,,,,,,,,,,,,,
2026-07-09T03:02:29.958571+00:00,2026-07-09T03:02:29.957301,2,2,120.6,0.2,120.5,54,120.2,150,,,,,,,,,,,,,,,,,120.7,60,121.0,101,,,,,,,,,,,,,,,,
2026-07-09T03:02:29.969310+00:00,2026-07-09T03:02:29.969218,2,2,120.6,0.2,120.5,54,120.2,150,,,,,,,,,,,,,,,,,120.7,60,121.0,100,,,,,,,,,,,,,,,,
2026-07-09T03:02:30.005654+00:00,2026-07-09T03:02:30.005592,2,2,120.6,0.2,120.5,54,120.2,150,,,,,,,,,,,,,,,,,120.7,40,121.0,100,,,,,,,,,,,,,,,,
2026-07-09T03:02:30.055027+00:00,2026-07-09T03:02:30.055230,2,2,120.6,0.2,120.5,54,120.2,150,,,,,,,,,,,,,,,,,120.7,25,121.0,100,,,,,,,,,,,,,,,,
2026-07-09T03:02:30.176498+00:00,2026-07-09T03:02:30.176426,2,3,120.6,0.2,120.5,54,120.2,150,,,,,,,,,,,,,,,,,120.7,25,121.0,100,121.1,1,,,,,,,,,,,,,,
2026-07-09T03:02:30.279251+00:00,2026-07-09T03:02:30.279178,2,2,120.6,0.2,120.5,54,120.2,150,,,,,,,,,,,,,,,,,120.7,25,121.0,100,,,,,,,,,,,,,,,,
2026-07-09T03:02:30.810636+00:00,2026-07-09T03:02:30.810501,2,1,120.75,0.5,120.5,54,120.2,150,,,,,,,,,,,,,,,,,121.0,75,,,,,,,,,,,,,,,,,,
2026-07-09T03:02:30.920056+00:00,2026-07-09T03:02:30.920020,1,1,120.75,0.5,120.5,54,,,,,,,,,,,,,,,,,,,121.0,75,,,,,,,,,,,,,,,,,,
2026-07-09T03:02:30.974761+00:00,2026-07-09T03:02:30.974664,2,1,120.95,0.1,120.9,150,120.5,54,,,,,,,,,,,,,,,,,121.0,75,,,,,,,,,,,,,,,,,,
2026-07-09T03:02:31.025704+00:00,2026-07-09T03:02:31.025624,2,2,120.95,0.1,120.9,150,120.5,54,,,,,,,,,,,,,,,,,121.0,75,121.4,150,,,,,,,,,,,,,,,,
2026-07-09T03:02:31.198129+00:00,2026-07-09T03:02:31.191040,2,2,120.95,0.1,120.9,136,120.5,54,,,,,,,,,,,,,,,,,121.0,75,121.4,150,,,,,,,,,,,,,,,,
2026-07-09T03:02:31.259872+00:00,2026-07-09T03:02:31.259815,2,2,120.95,0.1,120.9,136,120.5,54,,,,,,,,,,,,,,,,,121.0,33,121.4,150,,,,,,,,,,,,,,,,
2026-07-09T03:02:31.305248+00:00,2026-07-09T03:02:31.305178,2,3,120.95,0.1,120.9,136,120.5,54,,,,,,,,,,,,,,,,,121.0,33,121.1,1,121.4,150,,,,,,,,,,,,,,
2026-07-09T03:02:31.408865+00:00,2026-07-09T03:02:31.408956,2,2,120.95,0.1,120.9,136,120.5,54,,,,,,,,,,,,,,,,,121.0,33,121.4,150,,,,,,,,,,,,,,,,
2026-07-09T03:02:31.639957+00:00,2026-07-09T03:02:31.639858,1,1,121.15,0.5,120.9,136,,,,,,,,,,,,,,,,,,,121.4,150,,,,,,,,,,,,,,,,,,
2026-07-09T03:02:31.692035+00:00,2026-07-09T03:02:31.691999,2,1,121.15,0.5,120.9,136,120.6,100,,,,,,,,,,,,,,,,,121.4,150,,,,,,,,,,,,,,,,,,
2026-07-09T03:02:31.742951+00:00,2026-07-09T03:02:31.743078,2,2,121.0,0.2,120.9,136,120.6,100,,,,,,,,,,,,,,,,,121.1,100,121.4,150,,,,,,,,,,,,,,,,
2026-07-09T03:02:32.386603+00:00,2026-07-09T03:02:32.386744,2,2,121.0,0.2,120.9,136,120.6,100,,,,,,,,,,,,,,,,,121.1,101,121.4,150,,,,,,,,,,,,,,,,
2026-07-09T03:02:32.494174+00:00,2026-07-09T03:02:32.494036,2,2,121.0,0.2,120.9,136,120.6,100,,,,,,,,,,,,,,,,,121.1,100,121.4,150,,,,,,,,,,,,,,,,
2026-07-09T03:02:32.921375+00:00,2026-07-09T03:02:32.921243,2,2,121.0,0.2,120.9,136,120.6,100,,,,,,,,,,,,,,,,,121.1,50,121.4,150,,,,,,,,,,,,,,,,
2026-07-09T03:02:33.524592+00:00,2026-07-09T03:02:33.524437,2,2,121.0,0.2,120.9,136,120.6,100,,,,,,,,,,,,,,,,,121.1,51,121.4,150,,,,,,,,,,,,,,,,
2026-07-09T03:02:33.629499+00:00,2026-07-09T03:02:33.629347,2,2,121.0,0.2,120.9,136,120.6,100,,,,,,,,,,,,,,,,,121.1,50,121.4,150,,,,,,,,,,,,,,,,
2026-07-09T03:02:34.084052+00:00,2026-07-09T03:02:34.084017,1,1,120.85,0.5,120.6,100,,,,,,,,,,,,,,,,,,,121.1,50,,,,,,,,,,,,,,,,,,
2026-07-09T03:02:34.139056+00:00,2026-07-09T03:02:34.139155,2,1,121.0,0.2,120.9,150,120.6,100,,,,,,,,,,,,,,,,,121.1,50,,,,,,,,,,,,,,,,,,
2026-07-09T03:02:34.190697+00:00,2026-07-09T03:02:34.190610,2,2,121.0,0.2,120.9,150,120.6,100,,,,,,,,,,,,,,,,,121.1,50,121.4,150,,,,,,,,,,,,,,,,
2026-07-09T03:02:34.353282+00:00,2026-07-09T03:02:34.353244,2,2,121.0,0.2,120.9,150,120.6,100,,,,,,,,,,,,,,,,,121.1,2,121.4,150,,,,,,,,,,,,,,,,
2026-07-09T03:02:34.658617+00:00,2026-07-09T03:02:34.651275,2,2,121.0,0.2,120.9,150,120.6,100,,,,,,,,,,,,,,,,,121.1,3,121.4,150,,,,,,,,,,,,,,,,
2026-07-09T03:02:34.760582+00:00,2026-07-09T03:02:34.760393,2,2,121.0,0.2,120.9,150,120.6,100,,,,,,,,,,,,,,,,,121.1,2,121.4,150,,,,,,,,,,,,,,,,
2026-07-09T03:02:34.800719+00:00,2026-07-09T03:02:34.800643,1,1,121.15,0.5,120.9,150,,,,,,,,,,,,,,,,,,,121.4,150,,,,,,,,,,,,,,,,,,
2026-07-09T03:02:34.860585+00:00,2026-07-09T03:02:34.860462,1,1,121.15,0.5,120.9,250,,,,,,,,,,,,,,,,,,,121.4,150,,,,,,,,,,,,,,,,,,
2026-07-09T03:02:34.865717+00:00,2026-07-09T03:02:34.865678,1,1,121.15,0.5,120.9,240,,,,,,,,,,,,,,,,,,,121.4,150,,,,,,,,,,,,,,,,,,
2026-07-09T03:02:34.909913+00:00,2026-07-09T03:02:34.909729,1,1,121.15,0.5,120.9,240,,,,,,,,,,,,,,,,,,,121.4,250,,,,,,,,,,,,,,,,,,
2026-07-09T03:02:34.915019+00:00,2026-07-09T03:02:34.914970,1,1,121.15,0.5,120.9,191,,,,,,,,,,,,,,,,,,,121.4,250,,,,,,,,,,,,,,,,,,
2026-07-09T03:02:35.058584+00:00,2026-07-09T03:02:35.054087,1,1,121.15,0.5,120.9,191,,,,,,,,,,,,,,,,,,,121.4,200,,,,,,,,,,,,,,,,,,
2026-07-09T03:02:35.781411+00:00,2026-07-09T03:02:35.781278,1,2,121.1,0.4,120.9,191,,,,,,,,,,,,,,,,,,,121.3,1,121.4,200,,,,,,,,,,,,,,,,
2026-07-09T03:02:36.007027+00:00,2026-07-09T03:02:36.006809,1,2,121.1,0.4,120.9,150,,,,,,,,,,,,,,,,,,,121.3,1,121.4,200,,,,,,,,,,,,,,,,
2026-07-09T03:02:36.459051+00:00,2026-07-09T03:02:36.458978,1,2,121.1,0.4,120.9,130,,,,,,,,,,,,,,,,,,,121.3,1,121.4,200,,,,,,,,,,,,,,,,
2026-07-09T03:02:36.484881+00:00,2026-07-09T03:02:36.484841,1,1,121.15,0.5,120.9,110,,,,,,,,,,,,,,,,,,,121.4,200,,,,,,,,,,,,,,,,,,
2026-07-09T03:02:36.495331+00:00,2026-07-09T03:02:36.495190,1,1,121.15,0.5,120.9,90,,,,,,,,,,,,,,,,,,,121.4,200,,,,,,,,,,,,,,,,,,
2026-07-09T03:02:36.558569+00:00,2026-07-09T03:02:36.557422,1,1,121.15,0.5,120.9,70,,,,,,,,,,,,,,,,,,,121.4,200,,,,,,,,,,,,,,,,,,
2026-07-09T03:02:36.616190+00:00,2026-07-09T03:02:36.616124,1,1,121.15,0.5,120.9,50,,,,,,,,,,,,,,,,,,,121.4,200,,,,,,,,,,,,,,,,,,
2026-07-09T03:02:36.678457+00:00,2026-07-09T03:02:36.678358,1,1,121.15,0.5,120.9,30,,,,,,,,,,,,,,,,,,,121.4,200,,,,,,,,,,,,,,,,,,
2026-07-09T03:02:36.699061+00:00,2026-07-09T03:02:36.698921,1,1,121.15,0.5,120.9,10,,,,,,,,,,,,,,,,,,,121.4,200,,,,,,,,,,,,,,,,,,
2026-07-09T03:02:36.736858+00:00,2026-07-09T03:02:36.736763,0,1,,,,,,,,,,,,,,,,,,,,,,,121.4,200,,,,,,,,,,,,,,,,,,
2026-07-09T03:02:37.242475+00:00,2026-07-09T03:02:37.242547,0,1,,,,,,,,,,,,,,,,,,,,,,,121.4,100,,,,,,,,,,,,,,,,,,
2026-07-09T03:02:37.299633+00:00,2026-07-09T03:02:37.299558,1,1,120.8,1.2,120.2,150,,,,,,,,,,,,,,,,,,,121.4,100,,,,,,,,,,,,,,,,,,
2026-07-09T03:02:37.360647+00:00,2026-07-09T03:02:37.354164,1,2,120.45,0.5,120.2,150,,,,,,,,,,,,,,,,,,,120.7,139,121.4,100,,,,,,,,,,,,,,,,
2026-07-09T03:02:37.411962+00:00,2026-07-09T03:02:37.412066,1,2,120.45,0.5,120.2,150,,,,,,,,,,,,,,,,,,,120.7,129,121.4,100,,,,,,,,,,,,,,,,
2026-07-09T03:02:37.958594+00:00,2026-07-09T03:02:37.957845,1,1,120.45,0.5,120.2,150,,,,,,,,,,,,,,,,,,,120.7,129,,,,,,,,,,,,,,,,,,
2026-07-09T03:02:38.016496+00:00,2026-07-09T03:02:38.016647,2,1,120.6,0.2,120.5,100,120.2,150,,,,,,,,,,,,,,,,,120.7,129,,,,,,,,,,,,,,,,,,
2026-07-09T03:02:38.045845+00:00,2026-07-09T03:02:38.045938,2,1,120.6,0.2,120.5,101,120.2,150,,,,,,,,,,,,,,,,,120.7,129,,,,,,,,,,,,,,,,,,
2026-07-09T03:02:38.072926+00:00,2026-07-09T03:02:38.072807,2,2,120.6,0.2,120.5,101,120.2,150,,,,,,,,,,,,,,,,,120.7,129,121.0,100,,,,,,,,,,,,,,,,
2026-07-09T03:02:38.158630+00:00,2026-07-09T03:02:38.152240,2,2,120.6,0.2,120.5,100,120.2,150,,,,,,,,,,,,,,,,,120.7,129,121.0,100,,,,,,,,,,,,,,,,
2026-07-09T03:02:38.436956+00:00,2026-07-09T03:02:38.428550,2,2,120.6,0.2,120.5,100,120.2,150,,,,,,,,,,,,,,,,,120.7,126,121.0,100,,,,,,,,,,,,,,,,
2026-07-09T03:02:38.463018+00:00,2026-07-09T03:02:38.462901,2,2,120.6,0.2,120.5,100,120.2,150,,,,,,,,,,,,,,,,,120.7,116,121.0,100,,,,,,,,,,,,,,,,
2026-07-09T03:02:39.073897+00:00,2026-07-09T03:02:39.073818,2,2,120.6,0.2,120.5,100,120.2,150,,,,,,,,,,,,,,,,,120.7,106,121.0,100,,,,,,,,,,,,,,,,
2026-07-09T03:02:39.179977+00:00,2026-07-09T03:02:39.179943,2,2,120.6,0.2,120.5,100,120.2,150,,,,,,,,,,,,,,,,,120.7,86,121.0,100,,,,,,,,,,,,,,,,
2026-07-09T03:02:39.185187+00:00,2026-07-09T03:02:39.185138,2,3,120.6,0.2,120.5,100,120.2,150,,,,,,,,,,,,,,,,,120.7,86,121.0,100,121.1,1,,,,,,,,,,,,,,
2026-07-09T03:02:39.206091+00:00,2026-07-09T03:02:39.205960,2,3,120.6,0.2,120.5,100,120.2,150,,,,,,,,,,,,,,,,,120.7,66,121.0,100,121.1,1,,,,,,,,,,,,,,
2026-07-09T03:02:39.268692+00:00,2026-07-09T03:02:39.268565,2,3,120.6,0.2,120.5,100,120.2,150,,,,,,,,,,,,,,,,,120.7,16,121.0,100,121.1,1,,,,,,,,,,,,,,
2026-07-09T03:02:39.285872+00:00,2026-07-09T03:02:39.285972,2,2,120.75,0.5,120.5,100,120.2,150,,,,,,,,,,,,,,,,,121.0,100,121.1,1,,,,,,,,,,,,,,,,
2026-07-09T03:02:39.533893+00:00,2026-07-09T03:02:39.533826,2,2,120.75,0.5,120.5,100,120.2,150,,,,,,,,,,,,,,,,,121.0,57,121.1,1,,,,,,,,,,,,,,,,
2026-07-09T03:02:40.297138+00:00,2026-07-09T03:02:40.297078,2,2,120.75,0.5,120.5,100,120.2,150,,,,,,,,,,,,,,,,,121.0,57,121.1,1,,,,,,,,,,,,,,,,
2026-07-09T03:02:40.409558+00:00,2026-07-09T03:02:40.409427,1,2,120.75,0.5,120.5,100,,,,,,,,,,,,,,,,,,,121.0,57,121.1,1,,,,,,,,,,,,,,,,
2026-07-09T03:02:40.474624+00:00,2026-07-09T03:02:40.467029,2,2,120.95,0.1,120.9,127,120.5,100,,,,,,,,,,,,,,,,,121.0,57,121.1,1,,,,,,,,,,,,,,,,
2026-07-09T03:02:40.505684+00:00,2026-07-09T03:02:40.505616,2,1,120.95,0.1,120.9,127,120.5,100,,,,,,,,,,,,,,,,,121.0,57,,,,,,,,,,,,,,,,,,
2026-07-09T03:02:40.510735+00:00,2026-07-09T03:02:40.510815,2,1,120.95,0.1,120.9,107,120.5,100,,,,,,,,,,,,,,,,,121.0,57,,,,,,,,,,,,,,,,,,
2026-07-09T03:02:40.516067+00:00,2026-07-09T03:02:40.516038,2,2,120.95,0.1,120.9,87,120.5,100,,,,,,,,,,,,,,,,,121.0,57,121.4,150,,,,,,,,,,,,,,,,
2026-07-09T03:02:40.570659+00:00,2026-07-09T03:02:40.570600,2,2,120.95,0.1,120.9,67,120.5,100,,,,,,,,,,,,,,,,,121.0,57,121.4,150,,,,,,,,,,,,,,,,
2026-07-09T03:02:40.594215+00:00,2026-07-09T03:02:40.594157,2,2,120.95,0.1,120.9,47,120.5,100,,,,,,,,,,,,,,,,,121.0,57,121.4,150,,,,,,,,,,,,,,,,
2026-07-09T03:02:40.625618+00:00,2026-07-09T03:02:40.625577,2,2,120.95,0.1,120.9,27,120.5,100,,,,,,,,,,,,,,,,,121.0,57,121.4,150,,,,,,,,,,,,,,,,
2026-07-09T03:02:40.649600+00:00,2026-07-09T03:02:40.649537,2,2,120.95,0.1,120.9,7,120.5,100,,,,,,,,,,,,,,,,,121.0,57,121.4,150,,,,,,,,,,,,,,,,
2026-07-09T03:02:40.674271+00:00,2026-07-09T03:02:40.674176,2,2,120.95,0.1,120.9,1,120.5,100,,,,,,,,,,,,,,,,,121.0,57,121.4,150,,,,,,,,,,,,,,,,
2026-07-09T03:02:41.123950+00:00,2026-07-09T03:02:41.123808,1,1,121.15,0.5,120.9,1,,,,,,,,,,,,,,,,,,,121.4,150,,,,,,,,,,,,,,,,,,
2026-07-09T03:02:41.179652+00:00,2026-07-09T03:02:41.179563,2,1,121.15,0.5,120.9,1,120.6,100,,,,,,,,,,,,,,,,,121.4,150,,,,,,,,,,,,,,,,,,
2026-07-09T03:02:41.233964+00:00,2026-07-09T03:02:41.233894,2,2,121.0,0.2,120.9,1,120.6,100,,,,,,,,,,,,,,,,,121.1,100,121.4,150,,,,,,,,,,,,,,,,
2026-07-09T03:02:41.381715+00:00,2026-07-09T03:02:41.381605,2,2,121.0,0.2,120.9,1,120.6,100,,,,,,,,,,,,,,,,,121.1,50,121.4,150,,,,,,,,,,,,,,,,
2026-07-09T03:02:41.442942+00:00,2026-07-09T03:02:41.442800,2,2,121.0,0.2,120.9,1,120.6,101,,,,,,,,,,,,,,,,,121.1,50,121.4,150,,,,,,,,,,,,,,,,
2026-07-09T03:02:42.551122+00:00,2026-07-09T03:02:42.551016,3,2,121.0,0.2,120.9,1,120.7,1,120.6,100,,,,,,,,,,,,,,,121.1,50,121.4,150,,,,,,,,,,,,,,,,
2026-07-09T03:02:43.552035+00:00,2026-07-09T03:02:43.551903,1,2,120.85,0.5,120.6,52,,,,,,,,,,,,,,,,,,,121.1,50,121.4,150,,,,,,,,,,,,,,,,
2026-07-09T03:02:43.568996+00:00,2026-07-09T03:02:43.568957,1,1,120.85,0.5,120.6,52,,,,,,,,,,,,,,,,,,,121.1,50,,,,,,,,,,,,,,,,,,
2026-07-09T03:02:43.625459+00:00,2026-07-09T03:02:43.625334,2,1,120.85,0.5,120.6,52,120.4,150,,,,,,,,,,,,,,,,,121.1,50,,,,,,,,,,,,,,,,,,
2026-07-09T03:02:43.671475+00:00,2026-07-09T03:02:43.671411,3,1,120.9,0.4,120.7,1,120.6,52,120.4,150,,,,,,,,,,,,,,,121.1,50,,,,,,,,,,,,,,,,,,
2026-07-09T03:02:43.676702+00:00,2026-07-09T03:02:43.676596,3,2,120.8,0.2,120.7,1,120.6,52,120.4,150,,,,,,,,,,,,,,,120.9,150,121.1,50,,,,,,,,,,,,,,,,
2026-07-09T03:02:44.286710+00:00,2026-07-09T03:02:44.286670,3,1,120.8,0.2,120.7,1,120.6,52,120.4,150,,,,,,,,,,,,,,,120.9,150,,,,,,,,,,,,,,,,,,
2026-07-09T03:02:44.291966+00:00,2026-07-09T03:02:44.291855,2,1,120.8,0.2,120.7,1,120.4,150,,,,,,,,,,,,,,,,,120.9,150,,,,,,,,,,,,,,,,,,
2026-07-09T03:02:44.340274+00:00,2026-07-09T03:02:44.340241,2,1,120.8,0.2,120.7,101,120.4,150,,,,,,,,,,,,,,,,,120.9,150,,,,,,,,,,,,,,,,,,
2026-07-09T03:02:44.397751+00:00,2026-07-09T03:02:44.397681,2,2,120.8,0.2,120.7,101,120.4,150,,,,,,,,,,,,,,,,,120.9,150,121.2,100,,,,,,,,,,,,,,,,
2026-07-09T03:02:44.778811+00:00,2026-07-09T03:02:44.778679,2,2,120.8,0.2,120.7,101,120.4,150,,,,,,,,,,,,,,,,,120.9,150,121.2,100,,,,,,,,,,,,,,,,
2026-07-09T03:02:45.652907+00:00,2026-07-09T03:02:45.656147,2,2,120.8,0.2,120.7,51,120.4,150,,,,,,,,,,,,,,,,,120.9,150,121.2,100,,,,,,,,,,,,,,,,
2026-07-09T03:02:45.888439+00:00,2026-07-09T03:02:45.888397,3,2,120.8,0.2,120.7,50,120.6,1,120.4,150,,,,,,,,,,,,,,,120.9,150,121.2,100,,,,,,,,,,,,,,,,
2026-07-09T03:02:46.464110+00:00,2026-07-09T03:02:46.464044,3,2,120.8,0.2,120.7,50,120.6,1,120.4,150,,,,,,,,,,,,,,,120.9,108,121.2,100,,,,,,,,,,,,,,,,
2026-07-09T03:02:46.733976+00:00,2026-07-09T03:02:46.733847,2,1,120.95,0.5,120.7,50,120.6,1,,,,,,,,,,,,,,,,,121.2,100,,,,,,,,,,,,,,,,,,
2026-07-09T03:02:46.782284+00:00,2026-07-09T03:02:46.782227,2,1,120.95,0.5,120.7,50,120.6,151,,,,,,,,,,,,,,,,,121.2,100,,,,,,,,,,,,,,,,,,
2026-07-09T03:02:46.836005+00:00,2026-07-09T03:02:46.835912,2,2,120.9,0.4,120.7,50,120.6,151,,,,,,,,,,,,,,,,,121.1,150,121.2,100,,,,,,,,,,,,,,,,
2026-07-09T03:02:46.931813+00:00,2026-07-09T03:02:46.923729,2,2,120.9,0.4,120.7,50,120.6,151,,,,,,,,,,,,,,,,,121.1,147,121.2,100,,,,,,,,,,,,,,,,
2026-07-09T03:02:46.998049+00:00,2026-07-09T03:02:46.998438,2,2,120.9,0.4,120.7,50,120.6,150,,,,,,,,,,,,,,,,,121.1,138,121.2,100,,,,,,,,,,,,,,,,
2026-07-09T03:02:47.009687+00:00,2026-07-09T03:02:47.009595,3,2,120.95,0.3,120.8,1,120.7,50,120.6,150,,,,,,,,,,,,,,,121.1,138,121.2,100,,,,,,,,,,,,,,,,
2026-07-09T03:02:47.449016+00:00,2026-07-09T03:02:47.448934,3,1,120.95,0.3,120.8,1,120.7,50,120.6,150,,,,,,,,,,,,,,,121.1,138,,,,,,,,,,,,,,,,,,
2026-07-09T03:02:47.458705+00:00,2026-07-09T03:02:47.458622,2,1,120.95,0.3,120.8,1,120.6,150,,,,,,,,,,,,,,,,,121.1,138,,,,,,,,,,,,,,,,,,
2026-07-09T03:02:47.511469+00:00,2026-07-09T03:02:47.511414,3,1,121.0,0.2,120.9,100,120.8,1,120.6,150,,,,,,,,,,,,,,,121.1,138,,,,,,,,,,,,,,,,,,
2026-07-09T03:02:47.564414+00:00,2026-07-09T03:02:47.564294,3,2,121.0,0.2,120.9,100,120.8,1,120.6,150,,,,,,,,,,,,,,,121.1,138,121.4,100,,,,,,,,,,,,,,,,
2026-07-09T03:02:47.577893+00:00,2026-07-09T03:02:47.577821,3,2,121.0,0.2,120.9,54,120.8,1,120.6,150,,,,,,,,,,,,,,,121.1,138,121.4,100,,,,,,,,,,,,,,,,
2026-07-09T03:02:47.771609+00:00,2026-07-09T03:02:47.771482,3,2,121.0,0.2,120.9,4,120.8,1,120.6,150,,,,,,,,,,,,,,,121.1,138,121.4,100,,,,,,,,,,,,,,,,
2026-07-09T03:02:48.119757+00:00,2026-07-09T03:02:48.119657,3,2,121.05,0.1,121.0,1,120.9,4,120.6,150,,,,,,,,,,,,,,,121.1,138,121.4,100,,,,,,,,,,,,,,,,
2026-07-09T03:02:48.242179+00:00,2026-07-09T03:02:48.236072,2,2,121.0,0.2,120.9,4,120.6,150,,,,,,,,,,,,,,,,,121.1,138,121.4,100,,,,,,,,,,,,,,,,
2026-07-09T03:02:48.330053+00:00,2026-07-09T03:02:48.330167,2,2,121.0,0.2,120.9,3,120.6,150,,,,,,,,,,,,,,,,,121.1,138,121.4,100,,,,,,,,,,,,,,,,
2026-07-09T03:02:48.483023+00:00,2026-07-09T03:02:48.482883,1,2,120.85,0.5,120.6,113,,,,,,,,,,,,,,,,,,,121.1,138,121.4,100,,,,,,,,,,,,,,,,
2026-07-09T03:02:49.237983+00:00,2026-07-09T03:02:49.238062,2,2,120.9,0.4,120.7,1,120.6,113,,,,,,,,,,,,,,,,,121.1,138,121.4,100,,,,,,,,,,,,,,,,
2026-07-09T03:02:49.879948+00:00,2026-07-09T03:02:49.879907,1,2,120.85,0.5,120.6,64,,,,,,,,,,,,,,,,,,,121.1,138,121.4,100,,,,,,,,,,,,,,,,
2026-07-09T03:02:49.896616+00:00,2026-07-09T03:02:49.896549,0,1,,,,,,,,,,,,,,,,,,,,,,,121.4,100,,,,,,,,,,,,,,,,,,
2026-07-09T03:02:49.959382+00:00,2026-07-09T03:02:49.959232,1,1,120.85,1.1,120.3,150,,,,,,,,,,,,,,,,,,,121.4,100,,,,,,,,,,,,,,,,,,
2026-07-09T03:02:50.037019+00:00,2026-07-09T03:02:50.021697,1,2,120.55,0.5,120.3,150,,,,,,,,,,,,,,,,,,,120.8,149,121.4,100,,,,,,,,,,,,,,,,
2026-07-09T03:02:50.063041+00:00,2026-07-09T03:02:50.062863,1,2,120.55,0.5,120.3,150,,,,,,,,,,,,,,,,,,,120.8,140,121.4,100,,,,,,,,,,,,,,,,
2026-07-09T03:02:50.079937+00:00,2026-07-09T03:02:50.079813,1,2,120.55,0.5,120.3,150,,,,,,,,,,,,,,,,,,,120.8,120,121.4,100,,,,,,,,,,,,,,,,
2026-07-09T03:02:50.117280+00:00,2026-07-09T03:02:50.117237,1,2,120.55,0.5,120.3,150,,,,,,,,,,,,,,,,,,,120.8,100,121.4,100,,,,,,,,,,,,,,,,
2026-07-09T03:02:50.155526+00:00,2026-07-09T03:02:50.155452,1,2,120.55,0.5,120.3,150,,,,,,,,,,,,,,,,,,,120.8,80,121.4,100,,,,,,,,,,,,,,,,
2026-07-09T03:02:50.176577+00:00,2026-07-09T03:02:50.176702,1,2,120.55,0.5,120.3,150,,,,,,,,,,,,,,,,,,,120.8,60,121.4,100,,,,,,,,,,,,,,,,
2026-07-09T03:02:50.207583+00:00,2026-07-09T03:02:50.207531,1,2,120.55,0.5,120.3,150,,,,,,,,,,,,,,,,,,,120.8,40,121.4,100,,,,,,,,,,,,,,,,
2026-07-09T03:02:50.230443+00:00,2026-07-09T03:02:50.230394,1,2,120.55,0.5,120.3,150,,,,,,,,,,,,,,,,,,,120.8,20,121.4,100,,,,,,,,,,,,,,,,
2026-07-09T03:02:50.251662+00:00,2026-07-09T03:02:50.251548,1,1,120.85,1.1,120.3,150,,,,,,,,,,,,,,,,,,,121.4,100,,,,,,,,,,,,,,,,,,
2026-07-09T03:02:50.374754+00:00,2026-07-09T03:02:50.374687,1,2,120.8,1.0,120.3,150,,,,,,,,,,,,,,,,,,,121.3,1,121.4,100,,,,,,,,,,,,,,,,
2026-07-09T03:02:50.618735+00:00,2026-07-09T03:02:50.618656,1,1,120.8,1.0,120.3,150,,,,,,,,,,,,,,,,,,,121.3,1,,,,,,,,,,,,,,,,,,
2026-07-09T03:02:50.668963+00:00,2026-07-09T03:02:50.668937,1,1,120.8,1.0,120.3,250,,,,,,,,,,,,,,,,,,,121.3,1,,,,,,,,,,,,,,,,,,
