recv_time,book_timestamp,n_bids,n_asks,mid,spread,bid_px_0,bid_vol_0,bid_px_1,bid_vol_1,bid_px_2,bid_vol_2,bid_px_3,bid_vol_3,bid_px_4,bid_vol_4,bid_px_5,bid_vol_5,bid_px_6,bid_vol_6,bid_px_7,bid_vol_7,bid_px_8,bid_vol_8,bid_px_9,bid_vol_9,ask_px_0,ask_vol_0,ask_px_1,ask_vol_1,ask_px_2,ask_vol_2,ask_px_3,ask_vol_3,ask_px_4,ask_vol_4,ask_px_5,ask_vol_5,ask_px_6,ask_vol_6,ask_px_7,ask_vol_7,ask_px_8,ask_vol_8,ask_px_9,ask_vol_9
2026-07-05T18:00:00.477551+00:00,2026-07-05T18:00:00.470988,3,2,155.35,0.3,155.2,100,155.1,8,155.0,150,,,,,,,,,,,,,,,155.5,45,155.7,100,,,,,,,,,,,,,,,,
2026-07-05T18:00:00.908262+00:00,2026-07-05T18:00:00.908189,3,1,155.45,0.5,155.2,100,155.1,8,155.0,150,,,,,,,,,,,,,,,155.7,95,,,,,,,,,,,,,,,,,,
2026-07-05T18:00:00.922280+00:00,2026-07-05T18:00:00.922248,3,1,155.45,0.5,155.2,57,155.1,8,155.0,150,,,,,,,,,,,,,,,155.7,95,,,,,,,,,,,,,,,,,,
2026-07-05T18:00:01.046403+00:00,2026-07-05T18:00:01.046286,3,1,155.45,0.5,155.2,57,155.1,8,155.0,150,,,,,,,,,,,,,,,155.7,95,,,,,,,,,,,,,,,,,,
2026-07-05T18:00:01.608842+00:00,2026-07-05T18:00:01.608718,2,0,,,155.1,8,155.0,150,,,,,,,,,,,,,,,,,,,,,,,,,,,,,,,,,,,,
2026-07-05T18:00:01.661293+00:00,2026-07-05T18:00:01.653816,3,0,,,155.3,100,155.1,8,155.0,150,,,,,,,,,,,,,,,,,,,,,,,,,,,,,,,,,,
2026-07-05T18:00:01.691783+00:00,2026-07-05T18:00:01.691743,2,0,,,155.3,100,155.1,8,,,,,,,,,,,,,,,,,,,,,,,,,,,,,,,,,,,,
2026-07-05T18:00:01.717668+00:00,2026-07-05T18:00:01.717578,2,1,155.55,0.5,155.3,100,155.1,8,,,,,,,,,,,,,,,,,155.8,100,,,,,,,,,,,,,,,,,,
2026-07-05T18:00:01.745240+00:00,2026-07-05T18:00:01.745386,3,0,,,155.8,50,155.3,100,155.1,8,,,,,,,,,,,,,,,,,,,,,,,,,,,,,,,,,,
2026-07-05T18:00:01.844000+00:00,2026-07-05T18:00:01.837981,3,1,156.05,0.5,155.8,36,155.3,100,155.0,8,,,,,,,,,,,,,,,156.3,150,,,,,,,,,,,,,,,,,,
2026-07-05T18:00:02.405603+00:00,2026-07-05T18:00:02.405472,3,1,156.05,0.5,155.8,36,155.3,100,155.0,8,,,,,,,,,,,,,,,156.3,101,,,,,,,,,,,,,,,,,,
2026-07-05T18:00:03.015890+00:00,2026-07-05T18:00:03.016001,3,1,156.05,0.5,155.8,36,155.3,100,155.0,8,,,,,,,,,,,,,,,156.3,51,,,,,,,,,,,,,,,,,,
2026-07-05T18:00:03.090078+00:00,2026-07-05T18:00:03.089906,2,1,156.05,0.5,155.8,36,155.3,100,,,,,,,,,,,,,,,,,156.3,51,,,,,,,,,,,,,,,,,,
2026-07-05T18:00:03.095270+00:00,2026-07-05T18:00:03.095126,3,1,156.05,0.5,155.8,36,155.3,100,154.9,8,,,,,,,,,,,,,,,156.3,51,,,,,,,,,,,,,,,,,,
2026-07-05T18:00:04.601925+00:00,2026-07-05T18:00:04.601877,3,1,156.05,0.5,155.8,36,155.3,100,155.1,8,,,,,,,,,,,,,,,156.3,51,,,,,,,,,,,,,,,,,,
2026-07-05T18:00:04.767060+00:00,2026-07-05T18:00:04.767223,2,1,156.05,0.5,155.8,36,155.1,8,,,,,,,,,,,,,,,,,156.3,51,,,,,,,,,,,,,,,,,,
2026-07-05T18:00:04.822151+00:00,2026-07-05T18:00:04.822001,3,1,156.05,0.5,155.8,36,155.7,100,155.1,8,,,,,,,,,,,,,,,156.3,51,,,,,,,,,,,,,,,,,,
2026-07-05T18:00:04.858543+00:00,2026-07-05T18:00:04.856470,2,0,,,155.7,100,155.1,8,,,,,,,,,,,,,,,,,,,,,,,,,,,,,,,,,,,,
2026-07-05T18:00:04.896754+00:00,2026-07-05T18:00:04.896689,2,1,155.95,0.5,155.7,100,155.1,8,,,,,,,,,,,,,,,,,156.2,100,,,,,,,,,,,,,,,,,,
2026-07-05T18:00:04.912042+00:00,2026-07-05T18:00:04.911959,3,1,156.0,0.4,155.8,150,155.7,100,155.1,8,,,,,,,,,,,,,,,156.2,100,,,,,,,,,,,,,,,,,,
2026-07-05T18:00:04.967477+00:00,2026-07-05T18:00:04.967357,3,2,156.0,0.4,155.8,150,155.7,100,155.1,8,,,,,,,,,,,,,,,156.2,100,156.3,150,,,,,,,,,,,,,,,,
2026-07-05T18:00:05.145516+00:00,2026-07-05T18:00:05.145397,3,2,156.0,0.4,155.8,150,155.7,100,155.1,8,,,,,,,,,,,,,,,156.2,50,156.3,150,,,,,,,,,,,,,,,,
2026-07-05T18:00:05.610932+00:00,2026-07-05T18:00:05.610887,3,2,156.0,0.4,155.8,150,155.7,100,154.9,8,,,,,,,,,,,,,,,156.2,50,156.3,150,,,,,,,,,,,,,,,,
2026-07-05T18:00:06.934552+00:00,2026-07-05T18:00:06.856885,3,2,156.0,0.4,155.8,109,155.7,100,154.9,8,,,,,,,,,,,,,,,156.2,50,156.3,150,,,,,,,,,,,,,,,,
2026-07-05T18:00:07.258927+00:00,2026-07-05T18:00:07.258780,3,1,156.05,0.5,155.8,109,155.7,100,154.9,8,,,,,,,,,,,,,,,156.3,150,,,,,,,,,,,,,,,,,,
2026-07-05T18:00:07.953480+00:00,2026-07-05T18:00:07.953373,2,1,156.05,0.5,155.8,109,154.9,8,,,,,,,,,,,,,,,,,156.3,150,,,,,,,,,,,,,,,,,,
2026-07-05T18:00:08.006103+00:00,2026-07-05T18:00:08.005996,3,1,156.1,0.4,155.9,100,155.8,109,154.9,8,,,,,,,,,,,,,,,156.3,150,,,,,,,,,,,,,,,,,,
2026-07-05T18:00:08.021972+00:00,2026-07-05T18:00:08.021889,2,0,,,155.9,100,154.9,8,,,,,,,,,,,,,,,,,,,,,,,,,,,,,,,,,,,,
2026-07-05T18:00:08.059466+00:00,2026-07-05T18:00:08.059417,2,1,156.15,0.5,155.9,100,154.9,8,,,,,,,,,,,,,,,,,156.4,100,,,,,,,,,,,,,,,,,,
2026-07-05T18:00:08.076272+00:00,2026-07-05T18:00:08.076158,3,1,156.15,0.5,155.9,100,155.5,150,154.9,8,,,,,,,,,,,,,,,156.4,100,,,,,,,,,,,,,,,,,,
2026-07-05T18:00:08.122945+00:00,2026-07-05T18:00:08.122902,3,1,156.15,0.5,155.9,100,155.5,150,155.0,8,,,,,,,,,,,,,,,156.4,100,,,,,,,,,,,,,,,,,,
2026-07-05T18:00:08.128496+00:00,2026-07-05T18:00:08.128349,3,2,155.95,0.1,155.9,100,155.5,150,155.0,8,,,,,,,,,,,,,,,156.0,150,156.4,100,,,,,,,,,,,,,,,,
2026-07-05T18:00:08.381135+00:00,2026-07-05T18:00:08.381037,3,2,155.95,0.1,155.9,100,155.5,150,154.9,8,,,,,,,,,,,,,,,156.0,150,156.4,100,,,,,,,,,,,,,,,,
2026-07-05T18:00:08.923162+00:00,2026-07-05T18:00:08.923033,3,2,155.95,0.1,155.9,51,155.5,150,154.9,8,,,,,,,,,,,,,,,156.0,150,156.4,100,,,,,,,,,,,,,,,,
2026-07-05T18:00:09.363822+00:00,2026-07-05T18:00:09.363711,3,2,155.95,0.1,155.9,51,155.5,150,154.9,8,,,,,,,,,,,,,,,156.0,100,156.4,100,,,,,,,,,,,,,,,,
2026-07-05T18:00:09.478409+00:00,2026-07-05T18:00:09.472870,3,2,155.95,0.1,155.9,48,155.5,150,154.9,8,,,,,,,,,,,,,,,156.0,100,156.4,100,,,,,,,,,,,,,,,,
2026-07-05T18:00:10.768702+00:00,2026-07-05T18:00:10.762919,3,2,155.95,0.1,155.9,37,155.5,150,154.9,8,,,,,,,,,,,,,,,156.0,100,156.4,100,,,,,,,,,,,,,,,,
2026-07-05T18:00:11.114601+00:00,2026-07-05T18:00:11.114539,2,1,155.75,0.5,155.5,150,154.9,8,,,,,,,,,,,,,,,,,156.0,100,,,,,,,,,,,,,,,,,,
2026-07-05T18:00:11.169650+00:00,2026-07-05T18:00:11.169603,3,1,155.75,0.5,155.5,150,155.4,100,154.9,8,,,,,,,,,,,,,,,156.0,100,,,,,,,,,,,,,,,,,,
2026-07-05T18:00:11.182093+00:00,2026-07-05T18:00:11.182028,2,0,,,155.4,100,154.9,8,,,,,,,,,,,,,,,,,,,,,,,,,,,,,,,,,,,,
2026-07-05T18:00:11.217932+00:00,2026-07-05T18:00:11.217877,2,1,155.65,0.5,155.4,100,154.9,8,,,,,,,,,,,,,,,,,155.9,100,,,,,,,,,,,,,,,,,,
2026-07-05T18:00:11.237149+00:00,2026-07-05T18:00:11.237089,3,1,155.7,0.4,155.5,150,155.4,100,154.9,8,,,,,,,,,,,,,,,155.9,100,,,,,,,,,,,,,,,,,,
2026-07-05T18:00:11.289332+00:00,2026-07-05T18:00:11.289469,3,2,155.7,0.4,155.5,150,155.4,100,154.9,8,,,,,,,,,,,,,,,155.9,100,156.0,150,,,,,,,,,,,,,,,,
2026-07-05T18:00:11.472633+00:00,2026-07-05T18:00:11.461905,3,2,155.7,0.4,155.5,150,155.4,100,154.9,8,,,,,,,,,,,,,,,155.9,50,156.0,150,,,,,,,,,,,,,,,,
2026-07-05T18:00:13.573851+00:00,2026-07-05T18:00:13.573783,3,1,155.75,0.5,155.5,150,155.4,100,154.9,8,,,,,,,,,,,,,,,156.0,150,,,,,,,,,,,,,,,,,,
2026-07-05T18:00:14.276895+00:00,2026-07-05T18:00:14.276728,2,1,155.75,0.5,155.5,150,154.9,8,,,,,,,,,,,,,,,,,156.0,150,,,,,,,,,,,,,,,,,,
2026-07-05T18:00:14.330232+00:00,2026-07-05T18:00:14.330106,3,1,155.9,0.2,155.8,100,155.5,150,154.9,8,,,,,,,,,,,,,,,156.0,150,,,,,,,,,,,,,,,,,,
2026-07-05T18:00:14.340874+00:00,2026-07-05T18:00:14.340830,2,0,,,155.8,100,154.9,8,,,,,,,,,,,,,,,,,,,,,,,,,,,,,,,,,,,,
2026-07-05T18:00:14.383986+00:00,2026-07-05T18:00:14.383780,2,1,156.05,0.5,155.8,100,154.9,8,,,,,,,,,,,,,,,,,156.3,100,,,,,,,,,,,,,,,,,,
2026-07-05T18:00:14.394496+00:00,2026-07-05T18:00:14.394472,3,1,156.05,0.5,155.8,100,155.5,150,154.9,8,,,,,,,,,,,,,,,156.3,100,,,,,,,,,,,,,,,,,,
2026-07-05T18:00:14.458588+00:00,2026-07-05T18:00:14.446711,3,2,155.9,0.2,155.8,100,155.5,150,154.9,8,,,,,,,,,,,,,,,156.0,150,156.3,100,,,,,,,,,,,,,,,,
2026-07-05T18:00:15.079553+00:00,2026-07-05T18:00:15.079470,2,2,155.9,0.2,155.8,100,155.5,150,,,,,,,,,,,,,,,,,156.0,150,156.3,100,,,,,,,,,,,,,,,,
2026-07-05T18:00:15.084671+00:00,2026-07-05T18:00:15.084643,3,2,155.9,0.2,155.8,100,155.5,150,155.1,8,,,,,,,,,,,,,,,156.0,150,156.3,100,,,,,,,,,,,,,,,,
2026-07-05T18:00:15.681786+00:00,2026-07-05T18:00:15.681918,3,2,155.9,0.2,155.8,100,155.5,150,155.1,8,,,,,,,,,,,,,,,156.0,100,156.3,100,,,,,,,,,,,,,,,,
2026-07-05T18:00:16.588634+00:00,2026-07-05T18:00:16.588604,2,2,155.9,0.2,155.8,100,155.5,150,,,,,,,,,,,,,,,,,156.0,100,156.3,100,,,,,,,,,,,,,,,,
2026-07-05T18:00:16.593864+00:00,2026-07-05T18:00:16.593771,3,2,155.9,0.2,155.8,100,155.5,150,155.0,8,,,,,,,,,,,,,,,156.0,100,156.3,100,,,,,,,,,,,,,,,,
2026-07-05T18:00:17.430131+00:00,2026-07-05T18:00:17.430064,3,2,155.9,0.2,155.8,75,155.5,150,155.0,8,,,,,,,,,,,,,,,156.0,100,156.3,100,,,,,,,,,,,,,,,,
2026-07-05T18:00:17.435151+00:00,2026-07-05T18:00:17.435348,2,1,155.75,0.5,155.5,150,155.0,8,,,,,,,,,,,,,,,,,156.0,100,,,,,,,,,,,,,,,,,,
2026-07-05T18:00:17.440605+00:00,2026-07-05T18:00:17.440577,3,1,155.8,0.4,155.6,10,155.5,150,155.0,8,,,,,,,,,,,,,,,156.0,100,,,,,,,,,,,,,,,,,,
2026-07-05T18:00:17.445844+00:00,2026-07-05T18:00:17.445757,3,2,155.75,0.3,155.6,10,155.5,150,155.0,8,,,,,,,,,,,,,,,155.9,10,156.0,100,,,,,,,,,,,,,,,,
2026-07-05T18:00:17.486357+00:00,2026-07-05T18:00:17.486287,3,2,155.75,0.3,155.6,10,155.5,250,155.0,8,,,,,,,,,,,,,,,155.9,10,156.0,100,,,,,,,,,,,,,,,,
2026-07-05T18:00:17.501887+00:00,2026-07-05T18:00:17.501828,3,1,155.75,0.3,155.6,10,155.5,100,155.0,8,,,,,,,,,,,,,,,155.9,10,,,,,,,,,,,,,,,,,,
2026-07-05T18:00:17.543331+00:00,2026-07-05T18:00:17.543263,3,2,155.75,0.3,155.6,10,155.5,100,155.0,8,,,,,,,,,,,,,,,155.9,10,156.0,100,,,,,,,,,,,,,,,,
2026-07-05T18:00:17.558628+00:00,2026-07-05T18:00:17.554473,3,2,155.75,0.3,155.6,160,155.5,100,155.0,8,,,,,,,,,,,,,,,155.9,10,156.0,100,,,,,,,,,,,,,,,,
2026-07-05T18:00:17.612980+00:00,2026-07-05T18:00:17.612923,3,3,155.75,0.3,155.6,160,155.5,100,155.0,8,,,,,,,,,,,,,,,155.9,10,156.0,100,156.1,150,,,,,,,,,,,,,,
2026-07-05T18:00:18.858656+00:00,2026-07-05T18:00:18.853696,3,3,155.75,0.3,155.6,160,155.5,100,155.1,8,,,,,,,,,,,,,,,155.9,10,156.0,100,156.1,150,,,,,,,,,,,,,,
2026-07-05T18:00:19.943655+00:00,2026-07-05T18:00:19.943519,3,3,155.75,0.3,155.6,110,155.5,100,155.1,8,,,,,,,,,,,,,,,155.9,10,156.0,100,156.1,150,,,,,,,,,,,,,,
2026-07-05T18:00:20.620987+00:00,2026-07-05T18:00:20.620894,3,2,155.75,0.3,155.6,110,155.5,100,155.1,8,,,,,,,,,,,,,,,155.9,10,156.1,150,,,,,,,,,,,,,,,,
2026-07-05T18:00:20.626223+00:00,2026-07-05T18:00:20.626067,2,2,155.75,0.3,155.6,110,155.1,8,,,,,,,,,,,,,,,,,155.9,10,156.1,150,,,,,,,,,,,,,,,,
2026-07-05T18:00:20.665359+00:00,2026-07-05T18:00:20.665196,1,1,155.5,0.8,155.1,8,,,,,,,,,,,,,,,,,,,155.9,10,,,,,,,,,,,,,,,,,,
2026-07-05T18:00:20.681016+00:00,2026-07-05T18:00:20.680825,2,1,155.7,0.4,155.5,100,155.1,8,,,,,,,,,,,,,,,,,155.9,10,,,,,,,,,,,,,,,,,,
2026-07-05T18:00:20.721017+00:00,2026-07-05T18:00:20.720978,3,1,155.7,0.4,155.5,100,155.4,150,155.1,8,,,,,,,,,,,,,,,155.9,10,,,,,,,,,,,,,,,,,,
2026-07-05T18:00:20.731457+00:00,2026-07-05T18:00:20.731427,3,2,155.7,0.4,155.5,100,155.4,150,155.1,8,,,,,,,,,,,,,,,155.9,10,156.0,100,,,,,,,,,,,,,,,,
2026-07-05T18:00:20.772503+00:00,2026-07-05T18:00:20.772399,3,2,155.7,0.4,155.5,100,155.4,150,155.1,8,,,,,,,,,,,,,,,155.9,160,156.0,100,,,,,,,,,,,,,,,,
2026-07-05T18:00:20.858542+00:00,2026-07-05T18:00:20.857146,3,2,155.7,0.4,155.5,100,155.4,150,155.0,8,,,,,,,,,,,,,,,155.9,160,156.0,100,,,,,,,,,,,,,,,,
2026-07-05T18:00:21.371994+00:00,2026-07-05T18:00:21.371876,3,2,155.7,0.4,155.5,100,155.4,150,155.2,8,,,,,,,,,,,,,,,155.9,160,156.0,100,,,,,,,,,,,,,,,,
2026-07-05T18:00:22.058606+00:00,2026-07-05T18:00:22.051037,3,2,155.7,0.4,155.5,50,155.4,150,155.2,8,,,,,,,,,,,,,,,155.9,160,156.0,100,,,,,,,,,,,,,,,,
2026-07-05T18:00:22.464305+00:00,2026-07-05T18:00:22.464145,4,2,155.75,0.3,155.6,10,155.5,50,155.4,150,155.2,8,,,,,,,,,,,,,155.9,150,156.0,100,,,,,,,,,,,,,,,,
2026-07-05T18:00:22.469364+00:00,2026-07-05T18:00:22.469336,4,3,155.7,0.2,155.6,10,155.5,50,155.4,150,155.2,8,,,,,,,,,,,,,155.8,10,155.9,150,156.0,100,,,,,,,,,,,,,,
2026-07-05T18:00:22.474660+00:00,2026-07-05T18:00:22.474556,3,2,155.7,0.4,155.5,50,155.4,150,155.2,8,,,,,,,,,,,,,,,155.9,150,156.0,100,,,,,,,,,,,,,,,,
2026-07-05T18:00:23.787764+00:00,2026-07-05T18:00:23.787648,2,1,155.65,0.5,155.4,150,155.2,8,,,,,,,,,,,,,,,,,155.9,150,,,,,,,,,,,,,,,,,,
2026-07-05T18:00:23.823309+00:00,2026-07-05T18:00:23.823271,1,0,,,155.2,8,,,,,,,,,,,,,,,,,,,,,,,,,,,,,,,,,,,,,,
2026-07-05T18:00:23.841062+00:00,2026-07-05T18:00:23.841022,2,0,,,155.5,100,155.2,8,,,,,,,,,,,,,,,,,,,,,,,,,,,,,,,,,,,,
2026-07-05T18:00:23.879789+00:00,2026-07-05T18:00:23.879614,2,0,,,155.5,250,155.2,8,,,,,,,,,,,,,,,,,,,,,,,,,,,,,,,,,,,,
2026-07-05T18:00:23.890319+00:00,2026-07-05T18:00:23.890232,2,1,155.75,0.5,155.5,250,155.2,8,,,,,,,,,,,,,,,,,156.0,100,,,,,,,,,,,,,,,,,,
2026-07-05T18:00:23.933978+00:00,2026-07-05T18:00:23.933924,2,1,155.75,0.5,155.5,250,155.2,8,,,,,,,,,,,,,,,,,156.0,250,,,,,,,,,,,,,,,,,,
2026-07-05T18:00:24.159235+00:00,2026-07-05T18:00:24.159134,2,1,155.75,0.5,155.5,200,155.2,8,,,,,,,,,,,,,,,,,156.0,250,,,,,,,,,,,,,,,,,,
2026-07-05T18:00:25.408488+00:00,2026-07-05T18:00:25.408382,2,1,155.75,0.5,155.5,200,155.2,8,,,,,,,,,,,,,,,,,156.0,201,,,,,,,,,,,,,,,,,,
2026-07-05T18:00:25.977338+00:00,2026-07-05T18:00:25.977216,2,1,155.75,0.5,155.5,200,155.2,8,,,,,,,,,,,,,,,,,156.0,156,,,,,,,,,,,,,,,,,,
2026-07-05T18:00:26.267035+00:00,2026-07-05T18:00:26.266905,2,1,155.75,0.5,155.5,150,155.2,8,,,,,,,,,,,,,,,,,156.0,156,,,,,,,,,,,,,,,,,,
2026-07-05T18:00:26.947275+00:00,2026-07-05T18:00:26.947174,2,1,155.75,0.5,155.5,150,155.2,8,,,,,,,,,,,,,,,,,156.0,150,,,,,,,,,,,,,,,,,,
2026-07-05T18:00:26.985154+00:00,2026-07-05T18:00:26.985045,2,0,,,155.5,150,155.2,8,,,,,,,,,,,,,,,,,,,,,,,,,,,,,,,,,,,,
2026-07-05T18:00:26.990374+00:00,2026-07-05T18:00:26.990230,1,0,,,155.2,8,,,,,,,,,,,,,,,,,,,,,,,,,,,,,,,,,,,,,,
2026-07-05T18:00:26.995390+00:00,2026-07-05T18:00:26.995476,2,0,,,155.4,100,155.2,8,,,,,,,,,,,,,,,,,,,,,,,,,,,,,,,,,,,,
2026-07-05T18:00:27.045393+00:00,2026-07-05T18:00:27.045308,3,0,,,155.5,150,155.4,100,155.2,8,,,,,,,,,,,,,,,,,,,,,,,,,,,,,,,,,,
2026-07-05T18:00:27.050404+00:00,2026-07-05T18:00:27.050492,3,1,155.7,0.4,155.5,150,155.4,100,155.2,8,,,,,,,,,,,,,,,155.9,100,,,,,,,,,,,,,,,,,,
2026-07-05T18:00:27.100628+00:00,2026-07-05T18:00:27.100531,3,2,155.7,0.4,155.5,150,155.4,100,155.2,8,,,,,,,,,,,,,,,155.9,100,156.0,150,,,,,,,,,,,,,,,,
2026-07-05T18:00:28.374184+00:00,2026-07-05T18:00:28.374137,3,2,155.7,0.4,155.5,100,155.4,100,155.2,8,,,,,,,,,,,,,,,155.9,100,156.0,150,,,,,,,,,,,,,,,,
2026-07-05T18:00:30.106155+00:00,2026-07-05T18:00:30.106080,2,1,155.75,0.5,155.5,100,155.2,8,,,,,,,,,,,,,,,,,156.0,150,,,,,,,,,,,,,,,,,,
2026-07-05T18:00:30.158580+00:00,2026-07-05T18:00:30.155846,2,0,,,155.5,100,155.2,8,,,,,,,,,,,,,,,,,,,,,,,,,,,,,,,,,,,,
2026-07-05T18:00:30.212433+00:00,2026-07-05T18:00:30.212641,3,1,155.75,0.5,155.5,100,155.3,150,155.2,8,,,,,,,,,,,,,,,156.0,100,,,,,,,,,,,,,,,,,,
2026-07-05T18:00:30.233806+00:00,2026-07-05T18:00:30.233690,3,1,155.75,0.5,155.5,51,155.3,150,155.2,8,,,,,,,,,,,,,,,156.0,100,,,,,,,,,,,,,,,,,,
2026-07-05T18:00:30.266061+00:00,2026-07-05T18:00:30.266191,3,2,155.65,0.3,155.5,51,155.3,150,155.2,8,,,,,,,,,,,,,,,155.8,150,156.0,100,,,,,,,,,,,,,,,,
2026-07-05T18:00:30.490163+00:00,2026-07-05T18:00:30.489977,3,2,155.65,0.3,155.5,1,155.3,150,155.2,8,,,,,,,,,,,,,,,155.8,150,156.0,100,,,,,,,,,,,,,,,,
2026-07-05T18:00:32.596214+00:00,2026-07-05T18:00:32.596183,2,2,155.55,0.5,155.3,101,155.2,8,,,,,,,,,,,,,,,,,155.8,150,156.0,100,,,,,,,,,,,,,,,,
2026-07-05T18:00:33.151775+00:00,2026-07-05T18:00:33.151647,1,2,155.55,0.5,155.3,109,,,,,,,,,,,,,,,,,,,155.8,150,156.0,100,,,,,,,,,,,,,,,,
2026-07-05T18:00:33.269276+00:00,2026-07-05T18:00:33.269165,1,1,155.55,0.5,155.3,109,,,,,,,,,,,,,,,,,,,155.8,150,,,,,,,,,,,,,,,,,,
2026-07-05T18:00:33.320490+00:00,2026-07-05T18:00:33.320448,2,0,,,155.3,8,155.2,100,,,,,,,,,,,,,,,,,,,,,,,,,,,,,,,,,,,,
2026-07-05T18:00:33.383653+00:00,2026-07-05T18:00:33.377838,2,1,155.5,0.4,155.3,8,155.2,250,,,,,,,,,,,,,,,,,155.7,89,,,,,,,,,,,,,,,,,,
2026-07-05T18:00:33.427781+00:00,2026-07-05T18:00:33.427886,2,1,155.5,0.4,155.3,8,155.2,250,,,,,,,,,,,,,,,,,155.7,239,,,,,,,,,,,,,,,,,,
2026-07-05T18:00:34.406777+00:00,2026-07-05T18:00:34.401295,2,1,155.5,0.4,155.3,8,155.2,250,,,,,,,,,,,,,,,,,155.7,236,,,,,,,,,,,,,,,,,,
2026-07-05T18:00:36.429375+00:00,2026-07-05T18:00:36.429243,2,1,155.5,0.4,155.3,8,155.2,150,,,,,,,,,,,,,,,,,155.7,150,,,,,,,,,,,,,,,,,,
2026-07-05T18:00:36.482687+00:00,2026-07-05T18:00:36.482591,2,0,,,155.4,100,155.3,8,,,,,,,,,,,,,,,,,,,,,,,,,,,,,,,,,,,,
2026-07-05T18:00:36.536515+00:00,2026-07-05T18:00:36.536426,2,1,155.65,0.5,155.4,100,155.3,158,,,,,,,,,,,,,,,,,155.9,100,,,,,,,,,,,,,,,,,,
2026-07-05T18:00:36.589608+00:00,2026-07-05T18:00:36.589527,2,2,155.6,0.4,155.4,100,155.3,158,,,,,,,,,,,,,,,,,155.8,150,155.9,100,,,,,,,,,,,,,,,,
2026-07-05T18:00:36.808405+00:00,2026-07-05T18:00:36.808321,2,2,155.6,0.4,155.4,50,155.3,158,,,,,,,,,,,,,,,,,155.8,150,155.9,100,,,,,,,,,,,,,,,,
2026-07-05T18:00:38.419359+00:00,2026-07-05T18:00:38.419291,2,2,155.6,0.4,155.4,58,155.3,150,,,,,,,,,,,,,,,,,155.8,150,155.9,100,,,,,,,,,,,,,,,,
2026-07-05T18:00:39.428942+00:00,2026-07-05T18:00:39.428882,2,2,155.6,0.4,155.4,50,155.3,150,,,,,,,,,,,,,,,,,155.8,150,155.9,100,,,,,,,,,,,,,,,,
2026-07-05T18:00:39.434165+00:00,2026-07-05T18:00:39.434098,3,2,155.65,0.3,155.5,8,155.4,50,155.3,150,,,,,,,,,,,,,,,155.8,150,155.9,100,,,,,,,,,,,,,,,,
2026-07-05T18:00:39.458593+00:00,2026-07-05T18:00:39.448622,3,2,155.65,0.3,155.5,8,155.4,50,155.3,150,,,,,,,,,,,,,,,155.8,107,155.9,100,,,,,,,,,,,,,,,,
2026-07-05T18:00:39.592411+00:00,2026-07-05T18:00:39.592268,2,1,155.65,0.3,155.5,8,155.3,150,,,,,,,,,,,,,,,,,155.8,107,,,,,,,,,,,,,,,,,,
2026-07-05T18:00:39.644085+00:00,2026-07-05T18:00:39.643925,2,0,,,155.5,8,155.4,100,,,,,,,,,,,,,,,,,,,,,,,,,,,,,,,,,,,,
2026-07-05T18:00:39.696080+00:00,2026-07-05T18:00:39.696008,3,0,,,155.8,150,155.5,8,155.4,100,,,,,,,,,,,,,,,,,,,,,,,,,,,,,,,,,,
2026-07-05T18:00:39.701126+00:00,2026-07-05T18:00:39.701257,3,1,155.85,0.1,155.8,150,155.5,8,155.4,100,,,,,,,,,,,,,,,155.9,100,,,,,,,,,,,,,,,,,,
2026-07-05T18:00:39.752978+00:00,2026-07-05T18:00:39.752839,3,2,155.85,0.1,155.8,150,155.5,8,155.4,100,,,,,,,,,,,,,,,155.9,100,156.3,150,,,,,,,,,,,,,,,,
2026-07-05T18:00:39.940813+00:00,2026-07-05T18:00:39.940729,3,2,155.85,0.1,155.8,150,155.6,8,155.4,100,,,,,,,,,,,,,,,155.9,100,156.3,150,,,,,,,,,,,,,,,,
2026-07-05T18:00:41.018998+00:00,2026-07-05T18:00:41.018924,3,2,155.85,0.1,155.8,150,155.6,8,155.4,100,,,,,,,,,,,,,,,155.9,59,156.3,150,,,,,,,,,,,,,,,,
2026-07-05T18:00:41.024244+00:00,2026-07-05T18:00:41.024137,3,2,155.85,0.1,155.8,100,155.6,8,155.4,100,,,,,,,,,,,,,,,155.9,59,156.3,150,,,,,,,,,,,,,,,,
2026-07-05T18:00:41.458777+00:00,2026-07-05T18:00:41.458679,2,2,155.85,0.1,155.8,100,155.4,100,,,,,,,,,,,,,,,,,155.9,59,156.3,150,,,,,,,,,,,,,,,,
2026-07-05T18:00:41.463970+00:00,2026-07-05T18:00:41.463888,3,2,155.85,0.1,155.8,100,155.7,8,155.4,100,,,,,,,,,,,,,,,155.9,59,156.3,150,,,,,,,,,,,,,,,,
2026-07-05T18:00:42.269358+00:00,2026-07-05T18:00:42.263276,3,2,155.85,0.1,155.8,100,155.7,8,155.4,100,,,,,,,,,,,,,,,155.9,56,156.3,150,,,,,,,,,,,,,,,,
2026-07-05T18:00:42.546592+00:00,2026-07-05T18:00:42.546718,3,2,155.85,0.1,155.8,100,155.7,8,155.4,100,,,,,,,,,,,,,,,155.9,41,156.3,150,,,,,,,,,,,,,,,,
2026-07-05T18:00:42.754775+00:00,2026-07-05T18:00:42.755003,2,1,156.05,0.5,155.8,100,155.7,8,,,,,,,,,,,,,,,,,156.3,150,,,,,,,,,,,,,,,,,,
2026-07-05T18:00:42.809520+00:00,2026-07-05T18:00:42.809441,2,0,,,155.9,100,155.7,8,,,,,,,,,,,,,,,,,,,,,,,,,,,,,,,,,,,,
2026-07-05T18:00:42.864456+00:00,2026-07-05T18:00:42.864396,2,1,156.1,0.4,155.9,100,155.7,158,,,,,,,,,,,,,,,,,156.3,100,,,,,,,,,,,,,,,,,,
2026-07-05T18:00:42.917437+00:00,2026-07-05T18:00:42.917372,2,2,156.05,0.3,155.9,100,155.7,158,,,,,,,,,,,,,,,,,156.2,150,156.3,100,,,,,,,,,,,,,,,,
2026-07-05T18:00:43.132024+00:00,2026-07-05T18:00:43.132111,2,2,156.05,0.3,155.9,50,155.7,158,,,,,,,,,,,,,,,,,156.2,150,156.3,100,,,,,,,,,,,,,,,,
2026-07-05T18:00:43.713274+00:00,2026-07-05T18:00:43.713223,3,2,156.05,0.3,155.9,50,155.7,150,155.6,8,,,,,,,,,,,,,,,156.2,150,156.3,100,,,,,,,,,,,,,,,,
2026-07-05T18:00:44.642573+00:00,2026-07-05T18:00:44.642461,3,2,156.05,0.3,155.9,9,155.7,150,155.6,8,,,,,,,,,,,,,,,156.2,150,156.3,100,,,,,,,,,,,,,,,,
2026-07-05T18:00:44.911224+00:00,2026-07-05T18:00:44.905337,3,2,156.05,0.3,155.9,6,155.7,150,155.6,8,,,,,,,,,,,,,,,156.2,150,156.3,100,,,,,,,,,,,,,,,,
2026-07-05T18:00:44.972122+00:00,2026-07-05T18:00:44.972042,3,2,156.05,0.3,155.9,6,155.7,150,155.5,8,,,,,,,,,,,,,,,156.2,150,156.3,100,,,,,,,,,,,,,,,,
2026-07-05T18:00:45.198131+00:00,2026-07-05T18:00:45.198022,2,2,155.95,0.5,155.7,114,155.5,8,,,,,,,,,,,,,,,,,156.2,150,156.3,100,,,,,,,,,,,,,,,,
2026-07-05T18:00:45.238471+00:00,2026-07-05T18:00:45.238335,2,2,155.95,0.5,155.7,64,155.5,8,,,,,,,,,,,,,,,,,156.2,150,156.3,100,,,,,,,,,,,,,,,,
2026-07-05T18:00:45.919281+00:00,2026-07-05T18:00:45.919186,2,1,155.95,0.5,155.7,64,155.5,8,,,,,,,,,,,,,,,,,156.2,150,,,,,,,,,,,,,,,,,,
2026-07-05T18:00:45.971692+00:00,2026-07-05T18:00:45.971615,2,0,,,155.5,8,155.2,100,,,,,,,,,,,,,,,,,,,,,,,,,,,,,,,,,,,,
2026-07-05T18:00:46.023289+00:00,2026-07-05T18:00:46.023203,3,0,,,155.5,8,155.2,100,155.1,150,,,,,,,,,,,,,,,,,,,,,,,,,,,,,,,,,,
2026-07-05T18:00:46.028416+00:00,2026-07-05T18:00:46.028379,3,1,155.6,0.2,155.5,8,155.2,100,155.1,150,,,,,,,,,,,,,,,155.7,100,,,,,,,,,,,,,,,,,,
2026-07-05T18:00:46.110214+00:00,2026-07-05T18:00:46.103634,3,2,155.55,0.1,155.5,8,155.2,100,155.1,150,,,,,,,,,,,,,,,155.6,147,155.7,100,,,,,,,,,,,,,,,,
2026-07-05T18:00:46.213091+00:00,2026-07-05T18:00:46.207312,3,2,155.55,0.1,155.5,8,155.2,100,155.1,150,,,,,,,,,,,,,,,155.6,136,155.7,100,,,,,,,,,,,,,,,,
2026-07-05T18:00:46.228738+00:00,2026-07-05T18:00:46.228613,2,2,155.4,0.4,155.2,100,155.1,150,,,,,,,,,,,,,,,,,155.6,136,155.7,100,,,,,,,,,,,,,,,,
2026-07-05T18:00:46.233913+00:00,2026-07-05T18:00:46.233849,3,2,155.55,0.1,155.5,8,155.2,100,155.1,150,,,,,,,,,,,,,,,155.6,136,155.7,100,,,,,,,,,,,,,,,,
2026-07-05T18:00:47.292049+00:00,2026-07-05T18:00:47.291905,3,2,155.55,0.1,155.5,8,155.2,100,155.1,150,,,,,,,,,,,,,,,155.6,86,155.7,100,,,,,,,,,,,,,,,,
2026-07-05T18:00:47.523619+00:00,2026-07-05T18:00:47.517757,3,2,155.55,0.1,155.5,8,155.2,100,155.1,150,,,,,,,,,,,,,,,155.6,74,155.7,100,,,,,,,,,,,,,,,,
2026-07-05T18:00:47.838060+00:00,2026-07-05T18:00:47.837916,3,2,155.55,0.1,155.5,8,155.2,100,155.1,150,,,,,,,,,,,,,,,155.6,26,155.7,100,,,,,,,,,,,,,,,,
2026-07-05T18:00:47.991162+00:00,2026-07-05T18:00:47.991048,2,2,155.4,0.4,155.2,100,155.1,150,,,,,,,,,,,,,,,,,155.6,26,155.7,100,,,,,,,,,,,,,,,,
2026-07-05T18:00:47.996416+00:00,2026-07-05T18:00:47.996288,2,2,155.4,0.4,155.2,100,155.1,150,,,,,,,,,,,,,,,,,155.6,18,155.7,100,,,,,,,,,,,,,,,,
2026-07-05T18:00:48.258621+00:00,2026-07-05T18:00:48.254292,3,3,155.45,0.3,155.3,8,155.2,100,155.1,150,,,,,,,,,,,,,,,155.6,18,155.7,100,156.1,8,,,,,,,,,,,,,,
2026-07-05T18:00:48.377799+00:00,2026-07-05T18:00:48.377763,3,2,155.5,0.4,155.3,8,155.2,100,155.1,150,,,,,,,,,,,,,,,155.7,73,156.1,8,,,,,,,,,,,,,,,,
2026-07-05T18:00:49.104539+00:00,2026-07-05T18:00:49.104403,2,1,155.7,0.8,155.3,8,155.1,150,,,,,,,,,,,,,,,,,156.1,8,,,,,,,,,,,,,,,,,,
2026-07-05T18:00:49.142240+00:00,2026-07-05T18:00:49.142177,1,1,155.7,0.8,155.3,8,,,,,,,,,,,,,,,,,,,156.1,8,,,,,,,,,,,,,,,,,,
2026-07-05T18:00:49.158578+00:00,2026-07-05T18:00:49.154551,2,1,155.85,0.5,155.6,100,155.3,8,,,,,,,,,,,,,,,,,156.1,8,,,,,,,,,,,,,,,,,,
2026-07-05T18:00:49.203774+00:00,2026-07-05T18:00:49.198640,3,1,156.05,0.1,156.0,138,155.6,100,155.3,8,,,,,,,,,,,,,,,156.1,8,,,,,,,,,,,,,,,,,,
2026-07-05T18:00:49.219388+00:00,2026-07-05T18:00:49.219245,3,1,156.05,0.1,156.0,138,155.6,100,155.3,8,,,,,,,,,,,,,,,156.1,108,,,,,,,,,,,,,,,,,,
2026-07-05T18:00:49.247498+00:00,2026-07-05T18:00:49.247420,3,2,156.05,0.1,156.0,138,155.6,100,155.3,8,,,,,,,,,,,,,,,156.1,108,156.5,150,,,,,,,,,,,,,,,,
2026-07-05T18:00:49.263402+00:00,2026-07-05T18:00:49.263562,2,2,156.05,0.1,156.0,138,155.6,100,,,,,,,,,,,,,,,,,156.1,108,156.5,150,,,,,,,,,,,,,,,,
2026-07-05T18:00:49.269028+00:00,2026-07-05T18:00:49.268878,2,2,156.05,0.1,156.0,138,155.6,100,,,,,,,,,,,,,,,,,156.1,100,156.5,150,,,,,,,,,,,,,,,,
2026-07-05T18:00:49.274346+00:00,2026-07-05T18:00:49.274255,3,2,156.05,0.1,156.0,138,155.7,8,155.6,100,,,,,,,,,,,,,,,156.1,108,156.5,150,,,,,,,,,,,,,,,,
2026-07-05T18:00:49.400770+00:00,2026-07-05T18:00:49.400721,3,2,156.05,0.1,156.0,138,155.7,8,155.6,100,,,,,,,,,,,,,,,156.1,58,156.5,150,,,,,,,,,,,,,,,,
2026-07-05T18:00:49.768681+00:00,2026-07-05T18:00:49.762300,3,2,156.05,0.1,156.0,127,155.7,8,155.6,100,,,,,,,,,,,,,,,156.1,58,156.5,150,,,,,,,,,,,,,,,,
2026-07-05T18:00:50.980638+00:00,2026-07-05T18:00:50.973674,3,2,156.05,0.1,156.0,124,155.7,8,155.6,100,,,,,,,,,,,,,,,156.1,58,156.5,150,,,,,,,,,,,,,,,,
2026-07-05T18:00:51.507161+00:00,2026-07-05T18:00:51.507047,3,2,156.05,0.1,156.0,124,155.7,8,155.6,100,,,,,,,,,,,,,,,156.1,8,156.5,150,,,,,,,,,,,,,,,,
2026-07-05T18:00:52.269926+00:00,2026-07-05T18:00:52.269814,2,2,156.05,0.1,156.0,124,155.7,8,,,,,,,,,,,,,,,,,156.1,8,156.5,150,,,,,,,,,,,,,,,,
2026-07-05T18:00:52.302969+00:00,2026-07-05T18:00:52.302825,1,1,155.9,0.4,155.7,8,,,,,,,,,,,,,,,,,,,156.1,8,,,,,,,,,,,,,,,,,,
2026-07-05T18:00:52.323463+00:00,2026-07-05T18:00:52.323356,2,1,156.0,0.2,155.9,100,155.7,8,,,,,,,,,,,,,,,,,156.1,8,,,,,,,,,,,,,,,,,,
2026-07-05T18:00:52.352372+00:00,2026-07-05T18:00:52.352348,3,1,156.0,0.2,155.9,100,155.8,150,155.7,8,,,,,,,,,,,,,,,156.1,8,,,,,,,,,,,,,,,,,,
2026-07-05T18:00:52.375837+00:00,2026-07-05T18:00:52.375720,3,2,156.0,0.2,155.9,100,155.8,150,155.7,8,,,,,,,,,,,,,,,156.1,8,156.4,100,,,,,,,,,,,,,,,,
2026-07-05T18:00:52.418164+00:00,2026-07-05T18:00:52.418040,3,3,156.0,0.2,155.9,100,155.8,150,155.7,8,,,,,,,,,,,,,,,156.1,8,156.3,150,156.4,100,,,,,,,,,,,,,,
2026-07-05T18:00:52.888681+00:00,2026-07-05T18:00:52.888562,3,3,156.0,0.2,155.9,58,155.8,150,155.7,8,,,,,,,,,,,,,,,156.1,8,156.3,150,156.4,100,,,,,,,,,,,,,,
2026-07-05T18:00:53.669609+00:00,2026-07-05T18:00:53.669733,3,3,156.0,0.2,155.9,8,155.8,150,155.7,8,,,,,,,,,,,,,,,156.1,8,156.3,150,156.4,100,,,,,,,,,,,,,,
2026-07-05T18:00:53.858633+00:00,2026-07-05T18:00:53.851114,2,3,155.95,0.3,155.8,112,155.7,8,,,,,,,,,,,,,,,,,156.1,8,156.3,150,156.4,100,,,,,,,,,,,,,,
2026-07-05T18:00:55.426628+00:00,2026-07-05T18:00:55.426509,2,2,155.95,0.3,155.8,112,155.7,8,,,,,,,,,,,,,,,,,156.1,8,156.3,150,,,,,,,,,,,,,,,,
2026-07-05T18:00:55.464921+00:00,2026-07-05T18:00:55.464801,1,1,155.9,0.4,155.7,8,,,,,,,,,,,,,,,,,,,156.1,8,,,,,,,,,,,,,,,,,,
2026-07-05T18:00:55.480463+00:00,2026-07-05T18:00:55.480374,2,1,155.95,0.3,155.8,100,155.7,8,,,,,,,,,,,,,,,,,156.1,8,,,,,,,,,,,,,,,,,,
2026-07-05T18:00:55.520483+00:00,2026-07-05T18:00:55.520361,3,1,156.0,0.2,155.9,150,155.8,100,155.7,8,,,,,,,,,,,,,,,156.1,8,,,,,,,,,,,,,,,,,,
2026-07-05T18:00:55.530868+00:00,2026-07-05T18:00:55.530754,3,2,156.0,0.2,155.9,150,155.8,100,155.7,8,,,,,,,,,,,,,,,156.1,8,156.3,100,,,,,,,,,,,,,,,,
2026-07-05T18:00:55.543883+00:00,2026-07-05T18:00:55.543775,2,1,156.1,0.4,155.9,150,155.8,100,,,,,,,,,,,,,,,,,156.3,100,,,,,,,,,,,,,,,,,,
2026-07-05T18:00:55.549085+00:00,2026-07-05T18:00:55.548963,2,1,156.1,0.4,155.9,158,155.8,100,,,,,,,,,,,,,,,,,156.3,108,,,,,,,,,,,,,,,,,,
2026-07-05T18:00:55.573628+00:00,2026-07-05T18:00:55.573749,2,2,156.1,0.4,155.9,158,155.8,100,,,,,,,,,,,,,,,,,156.3,108,156.4,150,,,,,,,,,,,,,,,,
2026-07-05T18:00:55.772850+00:00,2026-07-05T18:00:55.772728,2,2,156.1,0.4,155.9,108,155.8,100,,,,,,,,,,,,,,,,,156.3,108,156.4,150,,,,,,,,,,,,,,,,
2026-07-05T18:00:56.445938+00:00,2026-07-05T18:00:56.445782,2,2,156.1,0.4,155.9,108,155.8,100,,,,,,,,,,,,,,,,,156.3,65,156.4,150,,,,,,,,,,,,,,,,
2026-07-05T18:00:57.882454+00:00,2026-07-05T18:00:57.882388,2,2,156.1,0.4,155.9,58,155.8,100,,,,,,,,,,,,,,,,,156.3,65,156.4,150,,,,,,,,,,,,,,,,
2026-07-05T18:00:58.592367+00:00,2026-07-05T18:00:58.592234,1,2,156.1,0.4,155.9,58,,,,,,,,,,,,,,,,,,,156.3,8,156.4,150,,,,,,,,,,,,,,,,
2026-07-05T18:00:58.627757+00:00,2026-07-05T18:00:58.627703,1,1,156.1,0.4,155.9,8,,,,,,,,,,,,,,,,,,,156.3,8,,,,,,,,,,,,,,,,,,
2026-07-05T18:00:58.646115+00:00,2026-07-05T18:00:58.646002,2,1,156.1,0.4,155.9,8,155.8,100,,,,,,,,,,,,,,,,,156.3,8,,,,,,,,,,,,,,,,,,
2026-07-05T18:00:58.679840+00:00,2026-07-05T18:00:58.679977,3,1,156.1,0.4,155.9,8,155.8,100,155.3,150,,,,,,,,,,,,,,,156.3,8,,,,,,,,,,,,,,,,,,
2026-07-05T18:00:58.699889+00:00,2026-07-05T18:00:58.699809,3,1,156.1,0.4,155.9,8,155.8,100,155.3,150,,,,,,,,,,,,,,,156.3,108,,,,,,,,,,,,,,,,,,
2026-07-05T18:00:58.750164+00:00,2026-07-05T18:00:58.740170,1,2,155.55,0.5,155.3,150,,,,,,,,,,,,,,,,,,,155.8,28,156.3,108,,,,,,,,,,,,,,,,
2026-07-05T18:00:58.807583+00:00,2026-07-05T18:00:58.807714,1,2,155.55,0.5,155.3,150,,,,,,,,,,,,,,,,,,,155.8,28,156.3,100,,,,,,,,,,,,,,,,
2026-07-05T18:00:58.812809+00:00,2026-07-05T18:00:58.812937,2,3,155.6,0.4,155.4,8,155.3,150,,,,,,,,,,,,,,,,,155.8,28,156.2,8,156.3,100,,,,,,,,,,,,,,
2026-07-05T18:00:58.991706+00:00,2026-07-05T18:00:58.991583,1,3,155.55,0.5,155.3,150,,,,,,,,,,,,,,,,,,,155.8,28,156.2,8,156.3,100,,,,,,,,,,,,,,
2026-07-05T18:00:59.330891+00:00,2026-07-05T18:00:59.330846,2,2,155.6,0.4,155.4,8,155.3,150,,,,,,,,,,,,,,,,,155.8,28,156.3,100,,,,,,,,,,,,,,,,
2026-07-05T18:00:59.336109+00:00,2026-07-05T18:00:59.336031,2,3,155.6,0.4,155.4,8,155.3,150,,,,,,,,,,,,,,,,,155.8,28,156.0,8,156.3,100,,,,,,,,,,,,,,
2026-07-05T18:00:59.958665+00:00,2026-07-05T18:00:59.951662,2,1,155.85,0.9,155.4,8,155.3,150,,,,,,,,,,,,,,,,,156.3,100,,,,,,,,,,,,,,,,,,
2026-07-05T18:01:00.009563+00:00,2026-07-05T18:01:00.009666,1,1,155.8,1.0,155.3,108,,,,,,,,,,,,,,,,,,,156.3,100,,,,,,,,,,,,,,,,,,
2026-07-05T18:01:00.091324+00:00,2026-07-05T18:01:00.091243,2,2,155.8,0.8,155.4,8,155.3,108,,,,,,,,,,,,,,,,,156.2,8,156.3,100,,,,,,,,,,,,,,,,
2026-07-05T18:01:01.752444+00:00,2026-07-05T18:01:01.752335,2,1,155.8,0.8,155.4,8,155.3,108,,,,,,,,,,,,,,,,,156.2,8,,,,,,,,,,,,,,,,,,
2026-07-05T18:01:01.812743+00:00,2026-07-05T18:01:01.812837,1,1,155.8,0.8,155.4,8,,,,,,,,,,,,,,,,,,,156.2,8,,,,,,,,,,,,,,,,,,
2026-07-05T18:01:01.818179+00:00,2026-07-05T18:01:01.818150,2,1,155.8,0.8,155.4,8,155.3,100,,,,,,,,,,,,,,,,,156.2,8,,,,,,,,,,,,,,,,,,
2026-07-05T18:01:01.868928+00:00,2026-07-05T18:01:01.868891,3,1,155.9,0.6,155.6,150,155.4,8,155.3,100,,,,,,,,,,,,,,,156.2,8,,,,,,,,,,,,,,,,,,
2026-07-05T18:01:01.873984+00:00,2026-07-05T18:01:01.874088,3,2,155.7,0.2,155.6,150,155.4,8,155.3,100,,,,,,,,,,,,,,,155.8,100,156.2,8,,,,,,,,,,,,,,,,
2026-07-05T18:01:01.929508+00:00,2026-07-05T18:01:01.929691,3,3,155.7,0.2,155.6,150,155.4,8,155.3,100,,,,,,,,,,,,,,,155.8,100,156.1,150,156.2,8,,,,,,,,,,,,,,
2026-07-05T18:01:02.060824+00:00,2026-07-05T18:01:02.060752,3,3,155.7,0.2,155.6,150,155.4,8,155.3,100,,,,,,,,,,,,,,,155.8,50,156.1,150,156.2,8,,,,,,,,,,,,,,
2026-07-05T18:01:02.101711+00:00,2026-07-05T18:01:02.101849,2,2,155.7,0.2,155.6,150,155.3,100,,,,,,,,,,,,,,,,,155.8,50,156.1,150,,,,,,,,,,,,,,,,
2026-07-05T18:01:02.107175+00:00,2026-07-05T18:01:02.107064,2,3,155.7,0.2,155.6,158,155.3,100,,,,,,,,,,,,,,,,,155.8,50,156.0,8,156.1,150,,,,,,,,,,,,,,
2026-07-05T18:01:03.358612+00:00,2026-07-05T18:01:03.357729,2,2,155.7,0.2,155.6,150,155.3,100,,,,,,,,,,,,,,,,,155.8,50,156.1,150,,,,,,,,,,,,,,,,
2026-07-05T18:01:03.370726+00:00,2026-07-05T18:01:03.370657,3,3,155.7,0.2,155.6,150,155.5,8,155.3,100,,,,,,,,,,,,,,,155.8,50,155.9,8,156.1,150,,,,,,,,,,,,,,
2026-07-05T18:01:04.926763+00:00,2026-07-05T18:01:04.926658,2,2,155.75,0.3,155.6,150,155.5,8,,,,,,,,,,,,,,,,,155.9,8,156.1,150,,,,,,,,,,,,,,,,
2026-07-05T18:01:04.981332+00:00,2026-07-05T18:01:04.981233,1,1,155.7,0.4,155.5,108,,,,,,,,,,,,,,,,,,,155.9,8,,,,,,,,,,,,,,,,,,
2026-07-05T18:01:05.033615+00:00,2026-07-05T18:01:05.033737,2,2,155.75,0.3,155.6,150,155.5,108,,,,,,,,,,,,,,,,,155.9,8,156.0,100,,,,,,,,,,,,,,,,
2026-07-05T18:01:05.089680+00:00,2026-07-05T18:01:05.089566,2,3,155.75,0.3,155.6,150,155.5,108,,,,,,,,,,,,,,,,,155.9,8,156.0,100,156.1,150,,,,,,,,,,,,,,
2026-07-05T18:01:05.804184+00:00,2026-07-05T18:01:05.804342,2,3,155.75,0.3,155.6,105,155.5,108,,,,,,,,,,,,,,,,,155.9,8,156.0,100,156.1,150,,,,,,,,,,,,,,
2026-07-05T18:01:06.131584+00:00,2026-07-05T18:01:06.131471,2,2,155.8,0.4,155.6,105,155.5,100,,,,,,,,,,,,,,,,,156.0,100,156.1,150,,,,,,,,,,,,,,,,
2026-07-05T18:01:06.136771+00:00,2026-07-05T18:01:06.136682,2,2,155.8,0.4,155.6,113,155.5,100,,,,,,,,,,,,,,,,,156.0,108,156.1,150,,,,,,,,,,,,,,,,
2026-07-05T18:01:06.268997+00:00,2026-07-05T18:01:06.268860,2,2,155.8,0.4,155.6,113,155.5,100,,,,,,,,,,,,,,,,,156.0,58,156.1,150,,,,,,,,,,,,,,,,
2026-07-05T18:01:07.623977+00:00,2026-07-05T18:01:07.624190,2,2,155.8,0.4,155.6,113,155.5,100,,,,,,,,,,,,,,,,,156.0,16,156.1,150,,,,,,,,,,,,,,,,
2026-07-05T18:01:08.087531+00:00,2026-07-05T18:01:08.087694,1,2,155.8,0.4,155.6,113,,,,,,,,,,,,,,,,,,,156.0,8,156.1,150,,,,,,,,,,,,,,,,
2026-07-05T18:01:08.142873+00:00,2026-07-05T18:01:08.142780,1,1,155.8,0.4,155.6,108,,,,,,,,,,,,,,,,,,,156.0,8,,,,,,,,,,,,,,,,,,
2026-07-05T18:01:08.196214+00:00,2026-07-05T18:01:08.196121,2,2,155.8,0.4,155.6,108,155.3,150,,,,,,,,,,,,,,,,,156.0,8,156.1,100,,,,,,,,,,,,,,,,
2026-07-05T18:01:08.258680+00:00,2026-07-05T18:01:08.251451,2,3,155.7,0.2,155.6,108,155.3,150,,,,,,,,,,,,,,,,,155.8,150,156.0,8,156.1,100,,,,,,,,,,,,,,
2026-07-05T18:01:08.378578+00:00,2026-07-05T18:01:08.378749,2,3,155.7,0.2,155.6,108,155.3,150,,,,,,,,,,,,,,,,,155.8,100,156.0,8,156.1,100,,,,,,,,,,,,,,
2026-07-05T18:01:08.394493+00:00,2026-07-05T18:01:08.394399,2,3,155.7,0.2,155.6,100,155.3,150,,,,,,,,,,,,,,,,,155.8,100,156.0,8,156.1,100,,,,,,,,,,,,,,
2026-07-05T18:01:08.399749+00:00,2026-07-05T18:01:08.399656,3,2,155.7,0.2,155.6,100,155.5,8,155.3,150,,,,,,,,,,,,,,,155.8,100,156.1,100,,,,,,,,,,,,,,,,
2026-07-05T18:01:08.404930+00:00,2026-07-05T18:01:08.404856,3,3,155.7,0.2,155.6,100,155.5,8,155.3,150,,,,,,,,,,,,,,,155.8,100,155.9,8,156.1,100,,,,,,,,,,,,,,
2026-07-05T18:01:08.767110+00:00,2026-07-05T18:01:08.767077,3,3,155.7,0.2,155.6,60,155.5,8,155.3,150,,,,,,,,,,,,,,,155.8,100,155.9,8,156.1,100,,,,,,,,,,,,,,
2026-07-05T18:01:08.910096+00:00,2026-07-05T18:01:08.909987,2,2,155.7,0.2,155.6,60,155.3,150,,,,,,,,,,,,,,,,,155.8,100,156.1,100,,,,,,,,,,,,,,,,
2026-07-05T18:01:08.915310+00:00,2026-07-05T18:01:08.915227,3,2,155.7,0.2,155.6,60,155.4,8,155.3,150,,,,,,,,,,,,,,,155.8,108,156.1,100,,,,,,,,,,,,,,,,
2026-07-05T18:01:09.329693+00:00,2026-07-05T18:01:09.329831,3,2,155.7,0.2,155.6,12,155.4,8,155.3,150,,,,,,,,,,,,,,,155.8,108,156.1,100,,,,,,,,,,,,,,,,
2026-07-05T18:01:09.965456+00:00,2026-07-05T18:01:09.965373,3,2,155.7,0.2,155.6,12,155.4,8,155.3,150,,,,,,,,,,,,,,,155.8,64,156.1,100,,,,,,,,,,,,,,,,
2026-07-05T18:01:10.538052+00:00,2026-07-05T18:01:10.537902,1,2,155.55,0.5,155.3,120,,,,,,,,,,,,,,,,,,,155.8,64,156.1,100,,,,,,,,,,,,,,,,
2026-07-05T18:01:11.250132+00:00,2026-07-05T18:01:11.250063,1,1,155.55,0.5,155.3,120,,,,,,,,,,,,,,,,,,,155.8,64,,,,,,,,,,,,,,,,,,
2026-07-05T18:01:11.360122+00:00,2026-07-05T18:01:11.358644,2,1,155.7,0.2,155.6,150,155.3,100,,,,,,,,,,,,,,,,,155.8,108,,,,,,,,,,,,,,,,,,
2026-07-05T18:01:11.458613+00:00,2026-07-05T18:01:11.406837,2,2,155.7,0.2,155.6,150,155.3,100,,,,,,,,,,,,,,,,,155.8,108,156.1,150,,,,,,,,,,,,,,,,
2026-07-05T18:01:11.575328+00:00,2026-07-05T18:01:11.564612,2,2,155.7,0.2,155.6,150,155.3,100,,,,,,,,,,,,,,,,,155.8,62,156.1,150,,,,,,,,,,,,,,,,
2026-07-05T18:01:11.918498+00:00,2026-07-05T18:01:11.958761,3,3,155.7,0.2,155.6,150,155.5,8,155.3,100,,,,,,,,,,,,,,,155.8,62,155.9,8,156.1,150,,,,,,,,,,,,,,
2026-07-05T18:01:12.718396+00:00,2026-07-05T18:01:12.718572,2,3,155.7,0.2,155.6,150,155.3,100,,,,,,,,,,,,,,,,,155.8,62,155.9,8,156.1,150,,,,,,,,,,,,,,
2026-07-05T18:01:12.723922+00:00,2026-07-05T18:01:12.723848,3,2,155.7,0.2,155.6,150,155.4,8,155.3,100,,,,,,,,,,,,,,,155.8,62,156.1,150,,,,,,,,,,,,,,,,
2026-07-05T18:01:12.729200+00:00,2026-07-05T18:01:12.729113,3,2,155.7,0.2,155.6,150,155.4,8,155.3,100,,,,,,,,,,,,,,,155.8,70,156.1,150,,,,,,,,,,,,,,,,
2026-07-05T18:01:13.985991+00:00,2026-07-05T18:01:13.985879,2,2,155.7,0.2,155.6,150,155.3,100,,,,,,,,,,,,,,,,,155.8,70,156.1,150,,,,,,,,,,,,,,,,
2026-07-05T18:01:13.990976+00:00,2026-07-05T18:01:13.991146,3,2,155.7,0.2,155.6,150,155.5,8,155.3,100,,,,,,,,,,,,,,,155.8,62,156.1,150,,,,,,,,,,,,,,,,
2026-07-05T18:01:13.996236+00:00,2026-07-05T18:01:13.996334,3,3,155.7,0.2,155.6,150,155.5,8,155.3,100,,,,,,,,,,,,,,,155.8,62,155.9,8,156.1,150,,,,,,,,,,,,,,
2026-07-05T18:01:14.411638+00:00,2026-07-05T18:01:14.411528,2,2,155.75,0.3,155.6,150,155.5,8,,,,,,,,,,,,,,,,,155.9,8,156.1,150,,,,,,,,,,,,,,,,
2026-07-05T18:01:14.447986+00:00,2026-07-05T18:01:14.456010,3,2,155.8,0.2,155.7,100,155.6,150,155.5,8,,,,,,,,,,,,,,,155.9,8,156.1,150,,,,,,,,,,,,,,,,
2026-07-05T18:01:14.470651+00:00,2026-07-05T18:01:14.470540,2,1,155.8,0.2,155.7,100,155.5,8,,,,,,,,,,,,,,,,,155.9,8,,,,,,,,,,,,,,,,,,
2026-07-05T18:01:14.542801+00:00,2026-07-05T18:01:14.537128,3,2,155.85,0.1,155.8,139,155.7,100,155.5,8,,,,,,,,,,,,,,,155.9,8,156.2,100,,,,,,,,,,,,,,,,
2026-07-05T18:01:14.587671+00:00,2026-07-05T18:01:14.587572,3,3,155.85,0.1,155.8,139,155.7,100,155.5,8,,,,,,,,,,,,,,,155.9,8,156.2,100,156.3,150,,,,,,,,,,,,,,
2026-07-05T18:01:14.700454+00:00,2026-07-05T18:01:14.700641,3,2,156.0,0.4,155.8,139,155.7,100,155.5,8,,,,,,,,,,,,,,,156.2,58,156.3,150,,,,,,,,,,,,,,,,
2026-07-05T18:01:14.753358+00:00,2026-07-05T18:01:14.753250,3,2,156.0,0.4,155.8,139,155.7,100,155.6,8,,,,,,,,,,,,,,,156.2,58,156.3,150,,,,,,,,,,,,,,,,
2026-07-05T18:01:14.758748+00:00,2026-07-05T18:01:14.758482,3,3,155.95,0.3,155.8,139,155.7,100,155.6,8,,,,,,,,,,,,,,,156.1,8,156.2,58,156.3,150,,,,,,,,,,,,,,
2026-07-05T18:01:15.585396+00:00,2026-07-05T18:01:15.585366,3,3,155.95,0.3,155.8,92,155.7,100,155.6,8,,,,,,,,,,,,,,,156.1,8,156.2,58,156.3,150,,,,,,,,,,,,,,
2026-07-05T18:01:16.175017+00:00,2026-07-05T18:01:16.174987,3,2,156.0,0.4,155.8,92,155.7,100,155.6,8,,,,,,,,,,,,,,,156.2,58,156.3,150,,,,,,,,,,,,,,,,
2026-07-05T18:01:17.587541+00:00,2026-07-05T18:01:17.587345,2,1,156.05,0.5,155.8,92,155.6,8,,,,,,,,,,,,,,,,,156.3,150,,,,,,,,,,,,,,,,,,
2026-07-05T18:01:17.639970+00:00,2026-07-05T18:01:17.639835,2,0,,,155.8,92,155.6,108,,,,,,,,,,,,,,,,,,,,,,,,,,,,,,,,,,,,
2026-07-05T18:01:17.644946+00:00,2026-07-05T18:01:17.645092,1,0,,,155.6,108,,,,,,,,,,,,,,,,,,,,,,,,,,,,,,,,,,,,,,
2026-07-05T18:01:17.694338+00:00,2026-07-05T18:01:17.694250,2,1,155.85,0.5,155.6,108,155.4,150,,,,,,,,,,,,,,,,,156.1,100,,,,,,,,,,,,,,,,,,
2026-07-05T18:01:17.755890+00:00,2026-07-05T18:01:17.756053,2,2,155.75,0.3,155.6,108,155.4,150,,,,,,,,,,,,,,,,,155.9,150,156.1,100,,,,,,,,,,,,,,,,
2026-07-05T18:01:18.913382+00:00,2026-07-05T18:01:18.913353,2,2,155.75,0.3,155.6,108,155.4,150,,,,,,,,,,,,,,,,,155.9,100,156.1,100,,,,,,,,,,,,,,,,
2026-07-05T18:01:19.636013+00:00,2026-07-05T18:01:19.635900,2,2,155.75,0.3,155.6,108,155.4,150,,,,,,,,,,,,,,,,,155.9,60,156.1,100,,,,,,,,,,,,,,,,
2026-07-05T18:01:20.747848+00:00,2026-07-05T18:01:20.747791,2,1,155.75,0.3,155.6,8,155.4,150,,,,,,,,,,,,,,,,,155.9,60,,,,,,,,,,,,,,,,,,
2026-07-05T18:01:20.802483+00:00,2026-07-05T18:01:20.802376,2,1,155.75,0.3,155.6,108,155.4,150,,,,,,,,,,,,,,,,,155.9,60,,,,,,,,,,,,,,,,,,
2026-07-05T18:01:20.807707+00:00,2026-07-05T18:01:20.807609,1,0,,,155.6,108,,,,,,,,,,,,,,,,,,,,,,,,,,,,,,,,,,,,,,
2026-07-05T18:01:20.855916+00:00,2026-07-05T18:01:20.855752,1,1,155.85,0.5,155.6,108,,,,,,,,,,,,,,,,,,,156.1,100,,,,,,,,,,,,,,,,,,
2026-07-05T18:01:20.861171+00:00,2026-07-05T18:01:20.861050,2,1,155.9,0.4,155.7,150,155.6,108,,,,,,,,,,,,,,,,,156.1,100,,,,,,,,,,,,,,,,,,
2026-07-05T18:01:20.911209+00:00,2026-07-05T18:01:20.911144,2,2,155.9,0.4,155.7,150,155.6,108,,,,,,,,,,,,,,,,,156.1,100,156.2,150,,,,,,,,,,,,,,,,
2026-07-05T18:01:21.018257+00:00,2026-07-05T18:01:21.018158,2,2,155.9,0.4,155.7,150,155.6,108,,,,,,,,,,,,,,,,,156.1,50,156.2,150,,,,,,,,,,,,,,,,
2026-07-05T18:01:22.681471+00:00,2026-07-05T18:01:22.681346,2,2,155.9,0.4,155.7,108,155.6,108,,,,,,,,,,,,,,,,,156.1,50,156.2,150,,,,,,,,,,,,,,,,
2026-07-05T18:01:22.946215+00:00,2026-07-05T18:01:22.941744,2,2,155.9,0.4,155.7,105,155.6,100,,,,,,,,,,,,,,,,,156.1,50,156.2,150,,,,,,,,,,,,,,,,
2026-07-05T18:01:22.961881+00:00,2026-07-05T18:01:22.961698,3,3,155.85,0.3,155.7,105,155.6,100,155.3,8,,,,,,,,,,,,,,,156.0,8,156.1,50,156.2,150,,,,,,,,,,,,,,
2026-07-05T18:01:23.178142+00:00,2026-07-05T18:01:23.178018,3,3,155.85,0.3,155.7,55,155.6,100,155.3,8,,,,,,,,,,,,,,,156.0,8,156.1,50,156.2,150,,,,,,,,,,,,,,
2026-07-05T18:01:23.211745+00:00,2026-07-05T18:01:23.211659,2,2,155.9,0.4,155.7,55,155.6,100,,,,,,,,,,,,,,,,,156.1,50,156.2,150,,,,,,,,,,,,,,,,
2026-07-05T18:01:23.216907+00:00,2026-07-05T18:01:23.216866,3,3,155.8,0.2,155.7,55,155.6,100,155.3,8,,,,,,,,,,,,,,,155.9,8,156.1,50,156.2,150,,,,,,,,,,,,,,
2026-07-05T18:01:23.909849+00:00,2026-07-05T18:01:23.909769,2,2,155.8,0.2,155.7,55,155.3,8,,,,,,,,,,,,,,,,,155.9,8,156.2,150,,,,,,,,,,,,,,,,
2026-07-05T18:01:23.964468+00:00,2026-07-05T18:01:23.964381,2,1,155.8,0.2,155.7,55,155.3,108,,,,,,,,,,,,,,,,,155.9,8,,,,,,,,,,,,,,,,,,
2026-07-05T18:01:23.969728+00:00,2026-07-05T18:01:23.969548,1,1,155.6,0.6,155.3,108,,,,,,,,,,,,,,,,,,,155.9,8,,,,,,,,,,,,,,,,,,
2026-07-05T18:01:24.017442+00:00,2026-07-05T18:01:24.017382,2,2,155.55,0.5,155.3,108,154.9,150,,,,,,,,,,,,,,,,,155.8,100,155.9,8,,,,,,,,,,,,,,,,
2026-07-05T18:01:24.069713+00:00,2026-07-05T18:01:24.069627,2,3,155.35,0.1,155.3,108,154.9,150,,,,,,,,,,,,,,,,,155.4,150,155.8,100,155.9,8,,,,,,,,,,,,,,
2026-07-05T18:01:24.229453+00:00,2026-07-05T18:01:24.229384,2,3,155.35,0.1,155.3,100,154.9,150,,,,,,,,,,,,,,,,,155.4,150,155.8,100,155.9,8,,,,,,,,,,,,,,
2026-07-05T18:01:24.234774+00:00,2026-07-05T18:01:24.234628,3,2,155.35,0.1,155.3,100,155.2,8,154.9,150,,,,,,,,,,,,,,,155.4,150,155.8,100,,,,,,,,,,,,,,,,
2026-07-05T18:01:24.259985+00:00,2026-07-05T18:01:24.254213,3,3,155.35,0.1,155.3,100,155.2,8,154.9,150,,,,,,,,,,,,,,,155.4,147,155.6,8,155.8,100,,,,,,,,,,,,,,
2026-07-05T18:01:24.752063+00:00,2026-07-05T18:01:24.751969,2,2,155.35,0.1,155.3,100,154.9,150,,,,,,,,,,,,,,,,,155.4,147,155.8,100,,,,,,,,,,,,,,,,
2026-07-05T18:01:24.758597+00:00,2026-07-05T18:01:24.758555,2,2,155.35,0.1,155.3,108,154.9,150,,,,,,,,,,,,,,,,,155.4,147,155.8,108,,,,,,,,,,,,,,,,
2026-07-05T18:01:24.793448+00:00,2026-07-05T18:01:24.793332,2,2,155.35,0.1,155.3,108,154.9,150,,,,,,,,,,,,,,,,,155.4,98,155.8,108,,,,,,,,,,,,,,,,
2026-07-05T18:01:24.878322+00:00,2026-07-05T18:01:24.872746,2,2,155.35,0.1,155.3,108,154.9,150,,,,,,,,,,,,,,,,,155.4,75,155.8,108,,,,,,,,,,,,,,,,
2026-07-05T18:01:25.233499+00:00,2026-07-05T18:01:25.233347,2,2,155.35,0.1,155.3,108,154.9,150,,,,,,,,,,,,,,,,,155.4,25,155.8,108,,,,,,,,,,,,,,,,
2026-07-05T18:01:25.269388+00:00,2026-07-05T18:01:25.269313,2,2,155.35,0.1,155.3,100,154.9,150,,,,,,,,,,,,,,,,,155.4,25,155.8,100,,,,,,,,,,,,,,,,
2026-07-05T18:01:25.274644+00:00,2026-07-05T18:01:25.274563,2,3,155.35,0.1,155.3,100,154.9,150,,,,,,,,,,,,,,,,,155.4,17,155.8,100,155.9,8,,,,,,,,,,,,,,
2026-07-05T18:01:26.037444+00:00,2026-07-05T18:01:26.037383,2,2,155.35,0.1,155.3,100,154.9,150,,,,,,,,,,,,,,,,,155.4,17,155.8,100,,,,,,,,,,,,,,,,
2026-07-05T18:01:26.042650+00:00,2026-07-05T18:01:26.042588,2,2,155.35,0.1,155.3,108,154.9,150,,,,,,,,,,,,,,,,,155.4,17,155.8,108,,,,,,,,,,,,,,,,
2026-07-05T18:01:27.069079+00:00,2026-07-05T18:01:27.068960,2,2,155.35,0.1,155.3,8,154.9,150,,,,,,,,,,,,,,,,,155.4,17,155.8,8,,,,,,,,,,,,,,,,
2026-07-05T18:01:27.138134+00:00,2026-07-05T18:01:27.129939,2,1,155.7,0.2,155.6,71,155.3,8,,,,,,,,,,,,,,,,,155.8,8,,,,,,,,,,,,,,,,,,
2026-07-05T18:01:27.190514+00:00,2026-07-05T18:01:27.184344,3,2,155.75,0.1,155.7,139,155.6,71,155.3,8,,,,,,,,,,,,,,,155.8,8,156.1,100,,,,,,,,,,,,,,,,
2026-07-05T18:01:27.269867+00:00,2026-07-05T18:01:27.269693,3,3,155.75,0.1,155.7,139,155.6,71,155.3,8,,,,,,,,,,,,,,,155.8,8,156.1,100,156.2,150,,,,,,,,,,,,,,
2026-07-05T18:01:27.392597+00:00,2026-07-05T18:01:27.392768,3,3,155.75,0.1,155.7,89,155.6,71,155.3,8,,,,,,,,,,,,,,,155.8,8,156.1,100,156.2,150,,,,,,,,,,,,,,
2026-07-05T18:01:27.558612+00:00,2026-07-05T18:01:27.551261,3,3,155.75,0.1,155.7,89,155.6,71,155.4,8,,,,,,,,,,,,,,,155.8,8,156.1,100,156.2,150,,,,,,,,,,,,,,
2026-07-05T18:01:28.202594+00:00,2026-07-05T18:01:28.196510,3,3,155.75,0.1,155.7,86,155.6,71,155.4,8,,,,,,,,,,,,,,,155.8,8,156.1,100,156.2,150,,,,,,,,,,,,,,
2026-07-05T18:01:28.828396+00:00,2026-07-05T18:01:28.828573,3,3,155.75,0.1,155.7,40,155.6,71,155.4,8,,,,,,,,,,,,,,,155.8,8,156.1,100,156.2,150,,,,,,,,,,,,,,
2026-07-05T18:01:29.390963+00:00,2026-07-05T18:01:29.390893,2,3,155.7,0.2,155.6,63,155.4,8,,,,,,,,,,,,,,,,,155.8,8,156.1,100,156.2,150,,,,,,,,,,,,,,
2026-07-05T18:01:29.504850+00:00,2026-07-05T18:01:29.504647,2,3,155.7,0.2,155.6,13,155.4,8,,,,,,,,,,,,,,,,,155.8,8,156.1,100,156.2,150,,,,,,,,,,,,,,
2026-07-05T18:01:30.234011+00:00,2026-07-05T18:01:30.233963,1,2,155.6,0.4,155.4,8,,,,,,,,,,,,,,,,,,,155.8,8,156.2,150,,,,,,,,,,,,,,,,
2026-07-05T18:01:30.290536+00:00,2026-07-05T18:01:30.290430,1,2,155.6,0.4,155.4,108,,,,,,,,,,,,,,,,,,,155.8,8,156.2,150,,,,,,,,,,,,,,,,
2026-07-05T18:01:30.321178+00:00,2026-07-05T18:01:30.321061,1,1,155.6,0.4,155.4,108,,,,,,,,,,,,,,,,,,,155.8,8,,,,,,,,,,,,,,,,,,
2026-07-05T18:01:30.342929+00:00,2026-07-05T18:01:30.343047,1,2,155.6,0.4,155.4,108,,,,,,,,,,,,,,,,,,,155.8,8,155.9,100,,,,,,,,,,,,,,,,
2026-07-05T18:01:30.373972+00:00,2026-07-05T18:01:30.373848,2,2,155.6,0.4,155.4,108,155.2,150,,,,,,,,,,,,,,,,,155.8,8,155.9,100,,,,,,,,,,,,,,,,
2026-07-05T18:01:30.425805+00:00,2026-07-05T18:01:30.425736,2,3,155.55,0.3,155.4,108,155.2,150,,,,,,,,,,,,,,,,,155.7,150,155.8,8,155.9,100,,,,,,,,,,,,,,
2026-07-05T18:01:33.399426+00:00,2026-07-05T18:01:33.399343,2,2,155.55,0.3,155.4,8,155.2,150,,,,,,,,,,,,,,,,,155.7,150,155.8,8,,,,,,,,,,,,,,,,
2026-07-05T18:01:33.458636+00:00,2026-07-05T18:01:33.454165,3,2,155.55,0.3,155.4,8,155.3,100,155.2,150,,,,,,,,,,,,,,,155.7,150,155.8,8,,,,,,,,,,,,,,,,
2026-07-05T18:01:33.479930+00:00,2026-07-05T18:01:33.479889,2,1,155.6,0.4,155.4,8,155.3,100,,,,,,,,,,,,,,,,,155.8,8,,,,,,,,,,,,,,,,,,
2026-07-05T18:01:33.507278+00:00,2026-07-05T18:01:33.507159,2,1,155.6,0.4,155.4,8,155.3,100,,,,,,,,,,,,,,,,,155.8,108,,,,,,,,,,,,,,,,,,
2026-07-05T18:01:33.530484+00:00,2026-07-05T18:01:33.530415,3,1,155.6,0.4,155.4,8,155.3,100,155.2,150,,,,,,,,,,,,,,,155.8,108,,,,,,,,,,,,,,,,,,
2026-07-05T18:01:33.588315+00:00,2026-07-05T18:01:33.588221,3,2,155.55,0.3,155.4,8,155.3,100,155.2,150,,,,,,,,,,,,,,,155.7,150,155.8,108,,,,,,,,,,,,,,,,
2026-07-05T18:01:33.664983+00:00,2026-07-05T18:01:33.664944,3,2,155.55,0.3,155.4,8,155.3,100,155.2,150,,,,,,,,,,,,,,,155.7,100,155.8,108,,,,,,,,,,,,,,,,
2026-07-05T18:01:35.327914+00:00,2026-07-05T18:01:35.327803,2,2,155.5,0.4,155.3,100,155.2,150,,,,,,,,,,,,,,,,,155.7,100,155.8,100,,,,,,,,,,,,,,,,
2026-07-05T18:01:35.333117+00:00,2026-07-05T18:01:35.333035,2,2,155.5,0.4,155.3,108,155.2,150,,,,,,,,,,,,,,,,,155.7,108,155.8,100,,,,,,,,,,,,,,,,
2026-07-05T18:01:35.780400+00:00,2026-07-05T18:01:35.780317,2,2,155.5,0.4,155.3,108,155.2,150,,,,,,,,,,,,,,,,,155.7,58,155.8,100,,,,,,,,,,,,,,,,
2026-07-05T18:01:36.558581+00:00,2026-07-05T18:01:36.555958,2,1,155.5,0.4,155.3,8,155.2,150,,,,,,,,,,,,,,,,,155.7,58,,,,,,,,,,,,,,,,,,
2026-07-05T18:01:36.615835+00:00,2026-07-05T18:01:36.615784,2,1,155.5,0.4,155.3,108,155.2,150,,,,,,,,,,,,,,,,,155.7,58,,,,,,,,,,,,,,,,,,
2026-07-05T18:01:36.642327+00:00,2026-07-05T18:01:36.642302,1,1,155.5,0.4,155.3,108,,,,,,,,,,,,,,,,,,,155.7,8,,,,,,,,,,,,,,,,,,
2026-07-05T18:01:36.669335+00:00,2026-07-05T18:01:36.669240,1,2,155.5,0.4,155.3,108,,,,,,,,,,,,,,,,,,,155.7,8,155.8,100,,,,,,,,,,,,,,,,
2026-07-05T18:01:36.697470+00:00,2026-07-05T18:01:36.697353,2,2,155.6,0.2,155.5,150,155.3,108,,,,,,,,,,,,,,,,,155.7,8,155.8,100,,,,,,,,,,,,,,,,
2026-07-05T18:01:36.750561+00:00,2026-07-05T18:01:36.750492,2,3,155.6,0.2,155.5,150,155.3,108,,,,,,,,,,,,,,,,,155.7,8,155.8,100,156.0,150,,,,,,,,,,,,,,
2026-07-05T18:01:37.780533+00:00,2026-07-05T18:01:37.780401,2,2,155.65,0.3,155.5,150,155.3,108,,,,,,,,,,,,,,,,,155.8,65,156.0,150,,,,,,,,,,,,,,,,
2026-07-05T18:01:37.934301+00:00,2026-07-05T18:01:37.934279,2,2,155.65,0.3,155.5,100,155.3,108,,,,,,,,,,,,,,,,,155.8,65,156.0,150,,,,,,,,,,,,,,,,
2026-07-05T18:01:38.816019+00:00,2026-07-05T18:01:38.815851,2,2,155.65,0.3,155.5,100,155.3,108,,,,,,,,,,,,,,,,,155.8,19,156.0,150,,,,,,,,,,,,,,,,
2026-07-05T18:01:38.850354+00:00,2026-07-05T18:01:38.850231,2,2,155.65,0.3,155.5,108,155.3,100,,,,,,,,,,,,,,,,,155.8,19,156.0,150,,,,,,,,,,,,,,,,
2026-07-05T18:01:38.855504+00:00,2026-07-05T18:01:38.855396,2,3,155.65,0.3,155.5,108,155.3,100,,,,,,,,,,,,,,,,,155.8,19,155.9,8,156.0,150,,,,,,,,,,,,,,
2026-07-05T18:01:39.722656+00:00,2026-07-05T18:01:39.722614,1,2,155.7,0.4,155.5,108,,,,,,,,,,,,,,,,,,,155.9,8,156.0,150,,,,,,,,,,,,,,,,
2026-07-05T18:01:39.775752+00:00,2026-07-05T18:01:39.775649,2,2,155.8,0.2,155.7,100,155.5,108,,,,,,,,,,,,,,,,,155.9,8,156.0,150,,,,,,,,,,,,,,,,
2026-07-05T18:01:39.803739+00:00,2026-07-05T18:01:39.803702,2,1,155.8,0.2,155.7,100,155.5,8,,,,,,,,,,,,,,,,,155.9,8,,,,,,,,,,,,,,,,,,
2026-07-05T18:01:39.828752+00:00,2026-07-05T18:01:39.828881,2,2,155.8,0.2,155.7,100,155.5,8,,,,,,,,,,,,,,,,,155.9,8,156.2,100,,,,,,,,,,,,,,,,
2026-07-05T18:01:39.858572+00:00,2026-07-05T18:01:39.853829,2,2,155.8,0.2,155.7,100,155.5,158,,,,,,,,,,,,,,,,,155.9,8,156.2,100,,,,,,,,,,,,,,,,
2026-07-05T18:01:39.908691+00:00,2026-07-05T18:01:39.908582,2,3,155.8,0.2,155.7,100,155.5,158,,,,,,,,,,,,,,,,,155.9,8,156.0,150,156.2,100,,,,,,,,,,,,,,
2026-07-05T18:01:40.000530+00:00,2026-07-05T18:01:40.000453,2,2,155.85,0.3,155.7,100,155.5,158,,,,,,,,,,,,,,,,,156.0,108,156.2,100,,,,,,,,,,,,,,,,
2026-07-05T18:01:40.111176+00:00,2026-07-05T18:01:40.111043,2,2,155.85,0.3,155.7,100,155.5,158,,,,,,,,,,,,,,,,,156.0,108,156.2,100,,,,,,,,,,,,,,,,
2026-07-05T18:01:42.107672+00:00,2026-07-05T18:01:42.107604,2,2,155.85,0.3,155.7,100,155.5,158,,,,,,,,,,,,,,,,,156.0,58,156.2,100,,,,,,,,,,,,,,,,
2026-07-05T18:01:42.112676+00:00,2026-07-05T18:01:42.112795,2,2,155.85,0.3,155.7,55,155.5,158,,,,,,,,,,,,,,,,,156.0,58,156.2,100,,,,,,,,,,,,,,,,
2026-07-05T18:01:42.620015+00:00,2026-07-05T18:01:42.619807,2,2,155.85,0.3,155.7,11,155.5,158,,,,,,,,,,,,,,,,,156.0,58,156.2,100,,,,,,,,,,,,,,,,
2026-07-05T18:01:42.884365+00:00,2026-07-05T18:01:42.884298,1,1,155.75,0.5,155.5,158,,,,,,,,,,,,,,,,,,,156.0,58,,,,,,,,,,,,,,,,,,
2026-07-05T18:01:42.938713+00:00,2026-07-05T18:01:42.938790,2,1,155.75,0.5,155.5,158,155.2,100,,,,,,,,,,,,,,,,,156.0,58,,,,,,,,,,,,,,,,,,
2026-07-05T18:01:42.989824+00:00,2026-07-05T18:01:42.989799,2,1,155.6,0.2,155.5,8,155.2,100,,,,,,,,,,,,,,,,,155.7,100,,,,,,,,,,,,,,,,,,
2026-07-05T18:01:43.058542+00:00,2026-07-05T18:01:43.052624,3,1,155.65,0.1,155.6,150,155.5,8,155.2,100,,,,,,,,,,,,,,,155.7,100,,,,,,,,,,,,,,,,,,
2026-07-05T18:01:43.104126+00:00,2026-07-05T18:01:43.104029,3,2,155.65,0.1,155.6,150,155.5,8,155.2,100,,,,,,,,,,,,,,,155.7,100,156.1,150,,,,,,,,,,,,,,,,
2026-07-05T18:01:43.126398+00:00,2026-07-05T18:01:43.126331,3,2,155.65,0.1,155.6,150,155.4,8,155.2,100,,,,,,,,,,,,,,,155.7,100,156.1,150,,,,,,,,,,,,,,,,
2026-07-05T18:01:46.048721+00:00,2026-07-05T18:01:46.048832,2,1,155.85,0.5,155.6,150,155.4,8,,,,,,,,,,,,,,,,,156.1,150,,,,,,,,,,,,,,,,,,
2026-07-05T18:01:46.102879+00:00,2026-07-05T18:01:46.102977,2,1,155.85,0.5,155.6,150,155.4,108,,,,,,,,,,,,,,,,,156.1,150,,,,,,,,,,,,,,,,,,
2026-07-05T18:01:46.139212+00:00,2026-07-05T18:01:46.139136,3,1,155.85,0.5,155.6,150,155.5,8,155.4,100,,,,,,,,,,,,,,,156.1,150,,,,,,,,,,,,,,,,,,
2026-07-05T18:01:46.158608+00:00,2026-07-05T18:01:46.151434,2,1,155.7,0.4,155.5,8,155.4,100,,,,,,,,,,,,,,,,,155.9,100,,,,,,,,,,,,,,,,,,
2026-07-05T18:01:46.214852+00:00,2026-07-05T18:01:46.214615,3,1,155.85,0.1,155.8,150,155.5,8,155.4,100,,,,,,,,,,,,,,,155.9,100,,,,,,,,,,,,,,,,,,
2026-07-05T18:01:46.268730+00:00,2026-07-05T18:01:46.268606,3,2,155.85,0.1,155.8,150,155.5,8,155.4,100,,,,,,,,,,,,,,,155.9,100,156.3,150,,,,,,,,,,,,,,,,
2026-07-05T18:01:46.371565+00:00,2026-07-05T18:01:46.371446,3,2,155.85,0.1,155.8,100,155.5,8,155.4,100,,,,,,,,,,,,,,,155.9,100,156.3,150,,,,,,,,,,,,,,,,
2026-07-05T18:01:46.646656+00:00,2026-07-05T18:01:46.646553,3,2,155.85,0.1,155.8,100,155.5,8,155.4,100,,,,,,,,,,,,,,,155.9,100,156.3,150,,,,,,,,,,,,,,,,
2026-07-05T18:01:46.919915+00:00,2026-07-05T18:01:46.919868,3,2,155.85,0.1,155.8,100,155.5,8,155.4,100,,,,,,,,,,,,,,,155.9,55,156.3,150,,,,,,,,,,,,,,,,
2026-07-05T18:01:47.468826+00:00,2026-07-05T18:01:47.469059,3,2,155.85,0.1,155.8,60,155.5,8,155.4,100,,,,,,,,,,,,,,,155.9,55,156.3,150,,,,,,,,,,,,,,,,
2026-07-05T18:01:48.005288+00:00,2026-07-05T18:01:48.005188,3,2,155.85,0.1,155.8,60,155.5,8,155.4,100,,,,,,,,,,,,,,,155.9,15,156.3,150,,,,,,,,,,,,,,,,
2026-07-05T18:01:48.155331+00:00,2026-07-05T18:01:48.155450,3,2,155.85,0.1,155.8,60,155.6,8,155.4,100,,,,,,,,,,,,,,,155.9,15,156.3,150,,,,,,,,,,,,,,,,
2026-07-05T18:01:48.497530+00:00,2026-07-05T18:01:48.497404,3,2,155.85,0.1,155.8,10,155.6,8,155.4,100,,,,,,,,,,,,,,,155.9,15,156.3,150,,,,,,,,,,,,,,,,
2026-07-05T18:01:49.210378+00:00,2026-07-05T18:01:49.210303,2,1,156.05,0.5,155.8,10,155.6,8,,,,,,,,,,,,,,,,,156.3,150,,,,,,,,,,,,,,,,,,
2026-07-05T18:01:49.253656+00:00,2026-07-05T18:01:49.254455,2,1,156.05,0.5,155.8,10,155.6,108,,,,,,,,,,,,,,,,,156.3,150,,,,,,,,,,,,,,,,,,
2026-07-05T18:01:49.317111+00:00,2026-07-05T18:01:49.317197,2,2,155.95,0.3,155.8,10,155.6,108,,,,,,,,,,,,,,,,,156.1,100,156.3,150,,,,,,,,,,,,,,,,
2026-07-05T18:01:49.322484+00:00,2026-07-05T18:01:49.322405,1,1,155.85,0.5,155.6,108,,,,,,,,,,,,,,,,,,,156.1,100,,,,,,,,,,,,,,,,,,
2026-07-05T18:01:49.376752+00:00,2026-07-05T18:01:49.376647,2,1,155.85,0.5,155.6,108,155.2,150,,,,,,,,,,,,,,,,,156.1,100,,,,,,,,,,,,,,,,,,
2026-07-05T18:01:49.430814+00:00,2026-07-05T18:01:49.430688,2,2,155.65,0.1,155.6,108,155.2,150,,,,,,,,,,,,,,,,,155.7,150,156.1,100,,,,,,,,,,,,,,,,
2026-07-05T18:01:50.158600+00:00,2026-07-05T18:01:50.158014,3,2,155.65,0.1,155.6,62,155.5,8,155.2,150,,,,,,,,,,,,,,,155.7,150,156.1,100,,,,,,,,,,,,,,,,
2026-07-05T18:01:50.169051+00:00,2026-07-05T18:01:50.168918,3,3,155.65,0.1,155.6,62,155.5,8,155.2,150,,,,,,,,,,,,,,,155.7,150,155.9,8,156.1,100,,,,,,,,,,,,,,
2026-07-05T18:01:50.605352+00:00,2026-07-05T18:01:50.605273,3,3,155.65,0.1,155.6,12,155.5,8,155.2,150,,,,,,,,,,,,,,,155.7,150,155.9,8,156.1,100,,,,,,,,,,,,,,
2026-07-05T18:01:51.182637+00:00,2026-07-05T18:01:51.182545,3,3,155.65,0.1,155.6,12,155.5,8,155.2,150,,,,,,,,,,,,,,,155.7,109,155.9,8,156.1,100,,,,,,,,,,,,,,
2026-07-05T18:01:51.925453+00:00,2026-07-05T18:01:51.925388,2,3,155.65,0.1,155.6,12,155.2,150,,,,,,,,,,,,,,,,,155.7,109,155.9,8,156.1,100,,,,,,,,,,,,,,
2026-07-05T18:01:51.930489+00:00,2026-07-05T18:01:51.930626,2,2,155.65,0.1,155.6,12,155.2,150,,,,,,,,,,,,,,,,,155.7,109,156.1,100,,,,,,,,,,,,,,,,
2026-07-05T18:01:51.935745+00:00,2026-07-05T18:01:51.935880,3,2,155.65,0.1,155.6,12,155.3,8,155.2,150,,,,,,,,,,,,,,,155.7,117,156.1,100,,,,,,,,,,,,,,,,
2026-07-05T18:01:52.373243+00:00,2026-07-05T18:01:52.373179,2,1,155.5,0.4,155.3,8,155.2,150,,,,,,,,,,,,,,,,,155.7,117,,,,,,,,,,,,,,,,,,
2026-07-05T18:01:52.428663+00:00,2026-07-05T18:01:52.428495,3,1,155.5,0.4,155.3,8,155.2,150,155.1,100,,,,,,,,,,,,,,,155.7,117,,,,,,,,,,,,,,,,,,
2026-07-05T18:01:52.478127+00:00,2026-07-05T18:01:52.478002,3,2,155.45,0.3,155.3,8,155.2,150,155.1,100,,,,,,,,,,,,,,,155.6,100,155.7,117,,,,,,,,,,,,,,,,
2026-07-05T18:01:52.483317+00:00,2026-07-05T18:01:52.483243,2,2,155.45,0.3,155.3,8,155.1,100,,,,,,,,,,,,,,,,,155.6,100,155.7,8,,,,,,,,,,,,,,,,
2026-07-05T18:01:52.558623+00:00,2026-07-05T18:01:52.554045,2,2,155.45,0.3,155.3,8,155.1,250,,,,,,,,,,,,,,,,,155.6,100,155.7,8,,,,,,,,,,,,,,,,
2026-07-05T18:01:52.607943+00:00,2026-07-05T18:01:52.607895,2,2,155.45,0.3,155.3,8,155.1,250,,,,,,,,,,,,,,,,,155.6,250,155.7,8,,,,,,,,,,,,,,,,
2026-07-05T18:01:52.717626+00:00,2026-07-05T18:01:52.713013,1,2,155.35,0.5,155.1,208,,,,,,,,,,,,,,,,,,,155.6,250,155.7,8,,,,,,,,,,,,,,,,
2026-07-05T18:01:52.943642+00:00,2026-07-05T18:01:52.943606,2,1,155.4,0.4,155.2,8,155.1,208,,,,,,,,,,,,,,,,,155.6,250,,,,,,,,,,,,,,,,,,
2026-07-05T18:01:52.948865+00:00,2026-07-05T18:01:52.948750,2,2,155.4,0.4,155.2,8,155.1,208,,,,,,,,,,,,,,,,,155.6,250,155.7,8,,,,,,,,,,,,,,,,
2026-07-05T18:01:53.463869+00:00,2026-07-05T18:01:53.463803,2,2,155.45,0.3,155.3,8,155.1,208,,,,,,,,,,,,,,,,,155.6,250,155.8,8,,,,,,,,,,,,,,,,
2026-07-05T18:01:54.228820+00:00,2026-07-05T18:01:54.228678,2,2,155.45,0.3,155.3,8,155.1,208,,,,,,,,,,,,,,,,,155.6,209,155.8,8,,,,,,,,,,,,,,,,
2026-07-05T18:01:54.445254+00:00,2026-07-05T18:01:54.439978,2,2,155.45,0.3,155.3,8,155.1,208,,,,,,,,,,,,,,,,,155.6,206,155.8,8,,,,,,,,,,,,,,,,
2026-07-05T18:01:54.724454+00:00,2026-07-05T18:01:54.724409,1,1,155.35,0.5,155.1,208,,,,,,,,,,,,,,,,,,,155.6,206,,,,,,,,,,,,,,,,,,
2026-07-05T18:01:54.729481+00:00,2026-07-05T18:01:54.729582,2,2,155.5,0.2,155.4,8,155.1,208,,,,,,,,,,,,,,,,,155.6,206,155.9,8,,,,,,,,,,,,,,,,
2026-07-05T18:01:54.777416+00:00,2026-07-05T18:01:54.777355,2,2,155.5,0.2,155.4,8,155.1,208,,,,,,,,,,,,,,,,,155.6,156,155.9,8,,,,,,,,,,,,,,,,
2026-07-05T18:01:55.409524+00:00,2026-07-05T18:01:55.409586,1,2,155.35,0.5,155.1,171,,,,,,,,,,,,,,,,,,,155.6,156,155.9,8,,,,,,,,,,,,,,,,
2026-07-05T18:01:55.487062+00:00,2026-07-05T18:01:55.486980,2,1,155.4,0.4,155.2,8,155.1,171,,,,,,,,,,,,,,,,,155.6,156,,,,,,,,,,,,,,,,,,
2026-07-05T18:01:55.492296+00:00,2026-07-05T18:01:55.492129,2,2,155.4,0.4,155.2,8,155.1,171,,,,,,,,,,,,,,,,,155.6,156,155.9,8,,,,,,,,,,,,,,,,
2026-07-05T18:01:55.534733+00:00,2026-07-05T18:01:55.534622,2,2,155.4,0.4,155.2,8,155.1,150,,,,,,,,,,,,,,,,,155.6,150,155.9,8,,,,,,,,,,,,,,,,
2026-07-05T18:01:55.589146+00:00,2026-07-05T18:01:55.589051,3,2,155.5,0.2,155.4,100,155.2,8,155.1,150,,,,,,,,,,,,,,,155.6,150,155.9,8,,,,,,,,,,,,,,,,
2026-07-05T18:01:55.642319+00:00,2026-07-05T18:01:55.642282,3,2,155.5,0.2,155.4,100,155.2,8,155.1,150,,,,,,,,,,,,,,,155.6,150,155.9,108,,,,,,,,,,,,,,,,
2026-07-05T18:01:55.663850+00:00,2026-07-05T18:01:55.663790,2,1,155.65,0.5,155.4,100,155.2,8,,,,,,,,,,,,,,,,,155.9,108,,,,,,,,,,,,,,,,,,
2026-07-05T18:01:55.713566+00:00,2026-07-05T18:01:55.713508,2,1,155.65,0.5,155.4,250,155.2,8,,,,,,,,,,,,,,,,,155.9,108,,,,,,,,,,,,,,,,,,
2026-07-05T18:01:55.765083+00:00,2026-07-05T18:01:55.764959,2,1,155.65,0.5,155.4,250,155.2,8,,,,,,,,,,,,,,,,,155.9,258,,,,,,,,,,,,,,,,,,
2026-07-05T18:01:56.003023+00:00,2026-07-05T18:01:56.002963,1,1,155.65,0.5,155.4,250,,,,,,,,,,,,,,,,,,,155.9,250,,,,,,,,,,,,,,,,,,
2026-07-05T18:01:56.008190+00:00,2026-07-05T18:01:56.008162,2,1,155.7,0.4,155.5,8,155.4,250,,,,,,,,,,,,,,,,,155.9,258,,,,,,,,,,,,,,,,,,
2026-07-05T18:01:58.696396+00:00,2026-07-05T18:01:58.696352,2,1,155.7,0.4,155.5,8,155.4,150,,,,,,,,,,,,,,,,,155.9,158,,,,,,,,,,,,,,,,,,
2026-07-05T18:01:58.752471+00:00,2026-07-05T18:01:58.752440,2,1,155.7,0.4,155.5,108,155.4,150,,,,,,,,,,,,,,,,,155.9,158,,,,,,,,,,,,,,,,,,
2026-07-05T18:01:58.804524+00:00,2026-07-05T18:01:58.804441,2,2,155.7,0.4,155.5,108,155.4,150,,,,,,,,,,,,,,,,,155.9,158,156.0,100,,,,,,,,,,,,,,,,
2026-07-05T18:01:58.823001+00:00,2026-07-05T18:01:58.822903,1,2,155.7,0.4,155.5,108,,,,,,,,,,,,,,,,,,,155.9,8,156.0,100,,,,,,,,,,,,,,,,
2026-07-05T18:01:58.876952+00:00,2026-07-05T18:01:58.876823,1,2,155.7,0.4,155.5,258,,,,,,,,,,,,,,,,,,,155.9,8,156.0,100,,,,,,,,,,,,,,,,
2026-07-05T18:01:58.929194+00:00,2026-07-05T18:01:58.929279,1,2,155.7,0.4,155.5,258,,,,,,,,,,,,,,,,,,,155.9,8,156.0,250,,,,,,,,,,,,,,,,
2026-07-05T18:01:59.075710+00:00,2026-07-05T18:01:59.075616,1,2,155.7,0.4,155.5,208,,,,,,,,,,,,,,,,,,,155.9,8,156.0,250,,,,,,,,,,,,,,,,
2026-07-05T18:02:00.026494+00:00,2026-07-05T18:02:00.026652,1,1,155.75,0.5,155.5,208,,,,,,,,,,,,,,,,,,,156.0,250,,,,,,,,,,,,,,,,,,
2026-07-05T18:02:00.031924+00:00,2026-07-05T18:02:00.031845,2,2,155.65,0.3,155.5,208,155.4,8,,,,,,,,,,,,,,,,,155.8,8,156.0,250,,,,,,,,,,,,,,,,
2026-07-05T18:02:01.158578+00:00,2026-07-05T18:02:01.158004,2,1,155.75,0.5,155.5,208,155.4,8,,,,,,,,,,,,,,,,,156.0,208,,,,,,,,,,,,,,,,,,
2026-07-05T18:02:01.863869+00:00,2026-07-05T18:02:01.863797,2,1,155.75,0.5,155.5,150,155.4,8,,,,,,,,,,,,,,,,,156.0,150,,,,,,,,,,,,,,,,,,
2026-07-05T18:02:01.913963+00:00,2026-07-05T18:02:01.914074,2,1,155.75,0.5,155.5,150,155.4,108,,,,,,,,,,,,,,,,,156.0,150,,,,,,,,,,,,,,,,,,
2026-07-05T18:02:01.967355+00:00,2026-07-05T18:02:01.967293,2,2,155.7,0.4,155.5,150,155.4,108,,,,,,,,,,,,,,,,,155.9,100,156.0,150,,,,,,,,,,,,,,,,
2026-07-05T18:02:01.983099+00:00,2026-07-05T18:02:01.982988,1,1,155.65,0.5,155.4,108,,,,,,,,,,,,,,,,,,,155.9,100,,,,,,,,,,,,,,,,,,
2026-07-05T18:02:02.033610+00:00,2026-07-05T18:02:02.033559,1,1,155.65,0.5,155.4,258,,,,,,,,,,,,,,,,,,,155.9,100,,,,,,,,,,,,,,,,,,
2026-07-05T18:02:02.090613+00:00,2026-07-05T18:02:02.090701,1,1,155.65,0.5,155.4,258,,,,,,,,,,,,,,,,,,,155.9,250,,,,,,,,,,,,,,,,,,
2026-07-05T18:02:02.217318+00:00,2026-07-05T18:02:02.217478,1,1,155.65,0.5,155.4,213,,,,,,,,,,,,,,,,,,,155.9,250,,,,,,,,,,,,,,,,,,
2026-07-05T18:02:03.273254+00:00,2026-07-05T18:02:03.273230,1,1,155.65,0.5,155.4,213,,,,,,,,,,,,,,,,,,,155.9,200,,,,,,,,,,,,,,,,,,
2026-07-05T18:02:03.304831+00:00,2026-07-05T18:02:03.304731,2,1,155.7,0.4,155.5,8,155.4,213,,,,,,,,,,,,,,,,,155.9,208,,,,,,,,,,,,,,,,,,
2026-07-05T18:02:04.490761+00:00,2026-07-05T18:02:04.490709,2,1,155.7,0.4,155.5,8,155.4,213,,,,,,,,,,,,,,,,,155.9,159,,,,,,,,,,,,,,,,,,
2026-07-05T18:02:04.828682+00:00,2026-07-05T18:02:04.828532,1,1,155.65,0.5,155.4,213,,,,,,,,,,,,,,,,,,,155.9,159,,,,,,,,,,,,,,,,,,
2026-07-05T18:02:04.833864+00:00,2026-07-05T18:02:04.833799,1,1,155.65,0.5,155.4,213,,,,,,,,,,,,,,,,,,,155.9,151,,,,,,,,,,,,,,,,,,
2026-07-05T18:02:04.839019+00:00,2026-07-05T18:02:04.838984,1,1,155.65,0.5,155.4,221,,,,,,,,,,,,,,,,,,,155.9,151,,,,,,,,,,,,,,,,,,
2026-07-05T18:02:04.849544+00:00,2026-07-05T18:02:04.849459,1,2,155.6,0.4,155.4,221,,,,,,,,,,,,,,,,,,,155.8,8,155.9,151,,,,,,,,,,,,,,,,
2026-07-05T18:02:04.993641+00:00,2026-07-05T18:02:04.993555,1,1,155.65,0.5,155.4,221,,,,,,,,,,,,,,,,,,,155.9,113,,,,,,,,,,,,,,,,,,
2026-07-05T18:02:05.022744+00:00,2026-07-05T18:02:05.022624,1,1,155.65,0.5,155.4,158,,,,,,,,,,,,,,,,,,,155.9,113,,,,,,,,,,,,,,,,,,
2026-07-05T18:02:05.075037+00:00,2026-07-05T18:02:05.074959,2,1,155.8,0.2,155.7,100,155.4,158,,,,,,,,,,,,,,,,,155.9,113,,,,,,,,,,,,,,,,,,
2026-07-05T18:02:05.105001+00:00,2026-07-05T18:02:05.104940,2,1,155.8,0.2,155.7,100,155.4,150,,,,,,,,,,,,,,,,,155.9,113,,,,,,,,,,,,,,,,,,
2026-07-05T18:02:05.110184+00:00,2026-07-05T18:02:05.110141,3,1,155.8,0.2,155.7,100,155.5,8,155.4,150,,,,,,,,,,,,,,,155.9,121,,,,,,,,,,,,,,,,,,
2026-07-05T18:02:05.128605+00:00,2026-07-05T18:02:05.128384,3,2,155.8,0.2,155.7,100,155.5,8,155.4,150,,,,,,,,,,,,,,,155.9,121,156.2,100,,,,,,,,,,,,,,,,
2026-07-05T18:02:05.141791+00:00,2026-07-05T18:02:05.141970,2,2,155.8,0.2,155.7,100,155.5,8,,,,,,,,,,,,,,,,,155.9,8,156.2,100,,,,,,,,,,,,,,,,
2026-07-05T18:02:05.196146+00:00,2026-07-05T18:02:05.196110,3,2,155.8,0.2,155.7,100,155.6,150,155.5,8,,,,,,,,,,,,,,,155.9,8,156.2,100,,,,,,,,,,,,,,,,
2026-07-05T18:02:05.250353+00:00,2026-07-05T18:02:05.250280,3,3,155.8,0.2,155.7,100,155.6,150,155.5,8,,,,,,,,,,,,,,,155.9,8,156.1,150,156.2,100,,,,,,,,,,,,,,
2026-07-05T18:02:05.410196+00:00,2026-07-05T18:02:05.410015,3,2,155.9,0.4,155.7,100,155.6,150,155.5,8,,,,,,,,,,,,,,,156.1,108,156.2,100,,,,,,,,,,,,,,,,
2026-07-05T18:02:05.644479+00:00,2026-07-05T18:02:05.644344,3,2,155.9,0.4,155.7,56,155.6,150,155.5,8,,,,,,,,,,,,,,,156.1,108,156.2,100,,,,,,,,,,,,,,,,
2026-07-05T18:02:06.127534+00:00,2026-07-05T18:02:06.127415,2,2,155.9,0.4,155.7,56,155.6,158,,,,,,,,,,,,,,,,,156.1,116,156.2,100,,,,,,,,,,,,,,,,
2026-07-05T18:02:06.384719+00:00,2026-07-05T18:02:06.384692,2,2,155.9,0.4,155.7,56,155.6,150,,,,,,,,,,,,,,,,,156.1,108,156.2,100,,,,,,,,,,,,,,,,
2026-07-05T18:02:06.389773+00:00,2026-07-05T18:02:06.389902,3,2,155.9,0.4,155.7,56,155.6,150,155.5,8,,,,,,,,,,,,,,,156.1,108,156.2,100,,,,,,,,,,,,,,,,
2026-07-05T18:02:06.395098+00:00,2026-07-05T18:02:06.395061,3,3,155.85,0.3,155.7,56,155.6,150,155.5,8,,,,,,,,,,,,,,,156.0,8,156.1,108,156.2,100,,,,,,,,,,,,,,
2026-07-05T18:02:06.658600+00:00,2026-07-05T18:02:06.654026,3,3,155.85,0.3,155.7,9,155.6,150,155.5,8,,,,,,,,,,,,,,,156.0,8,156.1,108,156.2,100,,,,,,,,,,,,,,
2026-07-05T18:02:06.901240+00:00,2026-07-05T18:02:06.901364,2,2,155.9,0.4,155.7,9,155.6,150,,,,,,,,,,,,,,,,,156.1,108,156.2,100,,,,,,,,,,,,,,,,
2026-07-05T18:02:06.906604+00:00,2026-07-05T18:02:06.906545,3,3,155.8,0.2,155.7,9,155.6,150,155.5,8,,,,,,,,,,,,,,,155.9,8,156.1,108,156.2,100,,,,,,,,,,,,,,
2026-07-05T18:02:07.519619+00:00,2026-07-05T18:02:07.519516,3,2,155.9,0.4,155.7,9,155.6,150,155.5,8,,,,,,,,,,,,,,,156.1,66,156.2,100,,,,,,,,,,,,,,,,
2026-07-05T18:02:07.664525+00:00,2026-07-05T18:02:07.664427,3,2,155.9,0.4,155.7,9,155.6,150,155.5,8,,,,,,,,,,,,,,,156.1,66,156.2,100,,,,,,,,,,,,,,,,
2026-07-05T18:02:07.669701+00:00,2026-07-05T18:02:07.669593,3,3,155.85,0.3,155.7,9,155.6,150,155.5,8,,,,,,,,,,,,,,,156.0,8,156.1,66,156.2,100,,,,,,,,,,,,,,
2026-07-05T18:02:08.180895+00:00,2026-07-05T18:02:08.180868,2,2,155.8,0.4,155.6,150,155.5,8,,,,,,,,,,,,,,,,,156.0,8,156.1,66,,,,,,,,,,,,,,,,
2026-07-05T18:02:08.236508+00:00,2026-07-05T18:02:08.236596,3,2,155.8,0.4,155.6,150,155.5,8,155.4,100,,,,,,,,,,,,,,,156.0,8,156.1,66,,,,,,,,,,,,,,,,
2026-07-05T18:02:08.289437+00:00,2026-07-05T18:02:08.289329,3,3,155.75,0.3,155.6,150,155.5,8,155.4,100,,,,,,,,,,,,,,,155.9,100,156.0,8,156.1,66,,,,,,,,,,,,,,
2026-07-05T18:02:08.299747+00:00,2026-07-05T18:02:08.299686,3,2,155.75,0.3,155.6,150,155.5,8,155.4,100,,,,,,,,,,,,,,,155.9,100,156.0,8,,,,,,,,,,,,,,,,
2026-07-05T18:02:08.304916+00:00,2026-07-05T18:02:08.304842,2,2,155.7,0.4,155.5,8,155.4,100,,,,,,,,,,,,,,,,,155.9,100,156.0,8,,,,,,,,,,,,,,,,
2026-07-05T18:02:08.359927+00:00,2026-07-05T18:02:08.360072,3,0,,,156.0,42,155.5,8,155.4,100,,,,,,,,,,,,,,,,,,,,,,,,,,,,,,,,,,
2026-07-05T18:02:08.435104+00:00,2026-07-05T18:02:08.429648,3,1,156.25,0.5,156.0,39,155.5,8,155.4,100,,,,,,,,,,,,,,,156.5,150,,,,,,,,,,,,,,,,,,
2026-07-05T18:02:08.881422+00:00,2026-07-05T18:02:08.875438,3,1,156.25,0.5,156.0,36,155.5,8,155.4,100,,,,,,,,,,,,,,,156.5,150,,,,,,,,,,,,,,,,,,
2026-07-05T18:02:09.188461+00:00,2026-07-05T18:02:09.188393,2,1,156.25,0.5,156.0,36,155.4,100,,,,,,,,,,,,,,,,,156.5,150,,,,,,,,,,,,,,,,,,
2026-07-05T18:02:09.193649+00:00,2026-07-05T18:02:09.193564,2,1,156.25,0.5,156.0,36,155.4,108,,,,,,,,,,,,,,,,,156.5,150,,,,,,,,,,,,,,,,,,
2026-07-05T18:02:09.693106+00:00,2026-07-05T18:02:09.692988,1,1,155.95,1.1,155.4,94,,,,,,,,,,,,,,,,,,,156.5,150,,,,,,,,,,,,,,,,,,
2026-07-05T18:02:10.192322+00:00,2026-07-05T18:02:10.192199,1,1,155.95,1.1,155.4,94,,,,,,,,,,,,,,,,,,,156.5,105,,,,,,,,,,,,,,,,,,
2026-07-05T18:02:10.197307+00:00,2026-07-05T18:02:10.197448,1,1,155.95,1.1,155.4,86,,,,,,,,,,,,,,,,,,,156.5,105,,,,,,,,,,,,,,,,,,
2026-07-05T18:02:10.202720+00:00,2026-07-05T18:02:10.202663,2,1,156.0,1.0,155.5,8,155.4,86,,,,,,,,,,,,,,,,,156.5,105,,,,,,,,,,,,,,,,,,
2026-07-05T18:02:11.364550+00:00,2026-07-05T18:02:11.364006,1,1,156.0,1.0,155.5,8,,,,,,,,,,,,,,,,,,,156.5,105,,,,,,,,,,,,,,,,,,
2026-07-05T18:02:11.465410+00:00,2026-07-05T18:02:11.465183,2,2,155.95,0.5,155.7,100,155.6,8,,,,,,,,,,,,,,,,,156.2,100,156.5,105,,,,,,,,,,,,,,,,
2026-07-05T18:02:11.475697+00:00,2026-07-05T18:02:11.475970,2,1,155.95,0.5,155.7,100,155.6,8,,,,,,,,,,,,,,,,,156.2,100,,,,,,,,,,,,,,,,,,
2026-07-05T18:02:11.569016+00:00,2026-07-05T18:02:11.568876,3,1,155.95,0.5,155.7,100,155.6,8,155.5,150,,,,,,,,,,,,,,,156.2,100,,,,,,,,,,,,,,,,,,
2026-07-05T18:02:11.583935+00:00,2026-07-05T18:02:11.583815,3,2,155.85,0.3,155.7,100,155.6,8,155.5,150,,,,,,,,,,,,,,,156.0,150,156.2,100,,,,,,,,,,,,,,,,
2026-07-05T18:02:11.749269+00:00,2026-07-05T18:02:11.748827,3,2,155.85,0.3,155.7,100,155.6,8,155.5,150,,,,,,,,,,,,,,,156.0,100,156.2,100,,,,,,,,,,,,,,,,
2026-07-05T18:02:11.970961+00:00,2026-07-05T18:02:11.971068,2,2,155.85,0.3,155.7,100,155.5,150,,,,,,,,,,,,,,,,,156.0,100,156.2,100,,,,,,,,,,,,,,,,
2026-07-05T18:02:11.976386+00:00,2026-07-05T18:02:11.976316,2,2,155.85,0.3,155.7,100,155.5,158,,,,,,,,,,,,,,,,,156.0,100,156.2,100,,,,,,,,,,,,,,,,
2026-07-05T18:02:14.112419+00:00,2026-07-05T18:02:14.107087,2,2,155.85,0.3,155.7,100,155.5,158,,,,,,,,,,,,,,,,,156.0,48,156.2,100,,,,,,,,,,,,,,,,
2026-07-05T18:02:14.166476+00:00,2026-07-05T18:02:14.166425,2,2,155.85,0.3,155.7,60,155.5,158,,,,,,,,,,,,,,,,,156.0,48,156.2,100,,,,,,,,,,,,,,,,
2026-07-05T18:02:14.235225+00:00,2026-07-05T18:02:14.235119,2,2,155.85,0.3,155.7,68,155.5,150,,,,,,,,,,,,,,,,,156.0,48,156.2,100,,,,,,,,,,,,,,,,
2026-07-05T18:02:14.517373+00:00,2026-07-05T18:02:14.517274,2,1,155.85,0.3,155.7,8,155.5,150,,,,,,,,,,,,,,,,,156.0,48,,,,,,,,,,,,,,,,,,
2026-07-05T18:02:14.572120+00:00,2026-07-05T18:02:14.572064,2,1,155.85,0.3,155.7,108,155.5,150,,,,,,,,,,,,,,,,,156.0,48,,,,,,,,,,,,,,,,,,
2026-07-05T18:02:14.624878+00:00,2026-07-05T18:02:14.624839,2,2,155.85,0.3,155.7,108,155.5,150,,,,,,,,,,,,,,,,,156.0,48,156.2,100,,,,,,,,,,,,,,,,
2026-07-05T18:02:14.638333+00:00,2026-07-05T18:02:14.638256,1,1,155.95,0.5,155.7,108,,,,,,,,,,,,,,,,,,,156.2,100,,,,,,,,,,,,,,,,,,
2026-07-05T18:02:14.692417+00:00,2026-07-05T18:02:14.692235,2,1,156.1,0.2,156.0,150,155.7,108,,,,,,,,,,,,,,,,,156.2,100,,,,,,,,,,,,,,,,,,
2026-07-05T18:02:14.741277+00:00,2026-07-05T18:02:14.741231,2,2,156.1,0.2,156.0,150,155.7,108,,,,,,,,,,,,,,,,,156.2,100,156.5,150,,,,,,,,,,,,,,,,
2026-07-05T18:02:15.494188+00:00,2026-07-05T18:02:15.494139,3,2,156.1,0.2,156.0,150,155.7,100,155.6,8,,,,,,,,,,,,,,,156.2,100,156.5,150,,,,,,,,,,,,,,,,
2026-07-05T18:02:17.679680+00:00,2026-07-05T18:02:17.679576,2,1,156.25,0.5,156.0,150,155.6,8,,,,,,,,,,,,,,,,,156.5,150,,,,,,,,,,,,,,,,,,
2026-07-05T18:02:17.732625+00:00,2026-07-05T18:02:17.732504,3,1,156.25,0.5,156.0,150,155.6,8,155.5,100,,,,,,,,,,,,,,,156.5,150,,,,,,,,,,,,,,,,,,
2026-07-05T18:02:17.758614+00:00,2026-07-05T18:02:17.753430,3,1,156.25,0.5,156.0,150,155.6,8,155.5,100,,,,,,,,,,,,,,,156.5,150,,,,,,,,,,,,,,,,,,
2026-07-05T18:02:17.787075+00:00,2026-07-05T18:02:17.787017,3,1,156.25,0.5,156.0,50,155.6,8,155.5,100,,,,,,,,,,,,,,,156.5,150,,,,,,,,,,,,,,,,,,
2026-07-05T18:02:17.793470+00:00,2026-07-05T18:02:17.793443,2,0,,,155.6,8,155.5,100,,,,,,,,,,,,,,,,,,,,,,,,,,,,,,,,,,,,
2026-07-05T18:02:17.853304+00:00,2026-07-05T18:02:17.853249,2,0,,,155.6,158,155.5,100,,,,,,,,,,,,,,,,,,,,,,,,,,,,,,,,,,,,
2026-07-05T18:02:17.900855+00:00,2026-07-05T18:02:17.900785,2,1,155.85,0.5,155.6,158,155.5,100,,,,,,,,,,,,,,,,,156.1,150,,,,,,,,,,,,,,,,,,
2026-07-05T18:02:18.011831+00:00,2026-07-05T18:02:18.011690,2,1,155.85,0.5,155.6,158,155.5,100,,,,,,,,,,,,,,,,,156.1,150,,,,,,,,,,,,,,,,,,
2026-07-05T18:02:18.128802+00:00,2026-07-05T18:02:18.128702,2,1,155.85,0.5,155.6,108,155.5,100,,,,,,,,,,,,,,,,,156.1,150,,,,,,,,,,,,,,,,,,
2026-07-05T18:02:19.522635+00:00,2026-07-05T18:02:19.522538,2,1,155.85,0.5,155.6,100,155.5,108,,,,,,,,,,,,,,,,,156.1,150,,,,,,,,,,,,,,,,,,
2026-07-05T18:02:20.239624+00:00,2026-07-05T18:02:20.239525,2,1,155.85,0.5,155.6,50,155.5,108,,,,,,,,,,,,,,,,,156.1,150,,,,,,,,,,,,,,,,,,
2026-07-05T18:02:20.781858+00:00,2026-07-05T18:02:20.782028,3,1,155.85,0.5,155.6,50,155.5,100,155.4,8,,,,,,,,,,,,,,,156.1,150,,,,,,,,,,,,,,,,,,
2026-07-05T18:02:20.842673+00:00,2026-07-05T18:02:20.842610,2,1,155.85,0.5,155.6,50,155.4,8,,,,,,,,,,,,,,,,,156.1,150,,,,,,,,,,,,,,,,,,
2026-07-05T18:02:20.896461+00:00,2026-07-05T18:02:20.896352,2,1,155.85,0.5,155.6,150,155.4,8,,,,,,,,,,,,,,,,,156.1,150,,,,,,,,,,,,,,,,,,
2026-07-05T18:02:20.946642+00:00,2026-07-05T18:02:20.946540,2,1,155.85,0.5,155.6,150,155.4,8,,,,,,,,,,,,,,,,,156.1,250,,,,,,,,,,,,,,,,,,
2026-07-05T18:02:20.964095+00:00,2026-07-05T18:02:20.963972,2,1,155.85,0.5,155.6,100,155.4,8,,,,,,,,,,,,,,,,,156.1,100,,,,,,,,,,,,,,,,,,
2026-07-05T18:02:21.011632+00:00,2026-07-05T18:02:21.011562,3,1,155.85,0.5,155.6,100,155.4,8,155.0,150,,,,,,,,,,,,,,,156.1,100,,,,,,,,,,,,,,,,,,
2026-07-05T18:02:21.070562+00:00,2026-07-05T18:02:21.070421,2,2,155.45,0.1,155.4,8,155.0,150,,,,,,,,,,,,,,,,,155.5,50,156.1,100,,,,,,,,,,,,,,,,
2026-07-05T18:02:21.288592+00:00,2026-07-05T18:02:21.288438,1,2,155.25,0.5,155.0,150,,,,,,,,,,,,,,,,,,,155.5,50,156.1,100,,,,,,,,,,,,,,,,
2026-07-05T18:02:21.293732+00:00,2026-07-05T18:02:21.293621,2,2,155.4,0.2,155.3,8,155.0,150,,,,,,,,,,,,,,,,,155.5,50,156.1,100,,,,,,,,,,,,,,,,
2026-07-05T18:02:22.368857+00:00,2026-07-05T18:02:22.368992,1,2,155.25,0.5,155.0,108,,,,,,,,,,,,,,,,,,,155.5,50,156.1,100,,,,,,,,,,,,,,,,
2026-07-05T18:02:22.475917+00:00,2026-07-05T18:02:22.476040,1,2,155.25,0.5,155.0,108,,,,,,,,,,,,,,,,,,,155.5,10,156.1,100,,,,,,,,,,,,,,,,
2026-07-05T18:02:24.004031+00:00,2026-07-05T18:02:24.003901,1,1,155.25,0.5,155.0,108,,,,,,,,,,,,,,,,,,,155.5,10,,,,,,,,,,,,,,,,,,
2026-07-05T18:02:24.054303+00:00,2026-07-05T18:02:24.054202,2,1,155.4,0.2,155.3,100,155.0,108,,,,,,,,,,,,,,,,,155.5,10,,,,,,,,,,,,,,,,,,
2026-07-05T18:02:24.110546+00:00,2026-07-05T18:02:24.110467,2,2,155.4,0.2,155.3,100,155.0,108,,,,,,,,,,,,,,,,,155.5,10,155.8,100,,,,,,,,,,,,,,,,
2026-07-05T18:02:24.127045+00:00,2026-07-05T18:02:24.126949,1,1,155.55,0.5,155.3,100,,,,,,,,,,,,,,,,,,,155.8,100,,,,,,,,,,,,,,,,,,
2026-07-05T18:02:24.180558+00:00,2026-07-05T18:02:24.180454,1,1,155.55,0.5,155.3,250,,,,,,,,,,,,,,,,,,,155.8,100,,,,,,,,,,,,,,,,,,
2026-07-05T18:02:24.236508+00:00,2026-07-05T18:02:24.236450,1,1,155.55,0.5,155.3,250,,,,,,,,,,,,,,,,,,,155.8,250,,,,,,,,,,,,,,,,,,
2026-07-05T18:02:25.758638+00:00,2026-07-05T18:02:25.754507,1,1,155.55,0.5,155.3,205,,,,,,,,,,,,,,,,,,,155.8,250,,,,,,,,,,,,,,,,,,
2026-07-05T18:02:26.584797+00:00,2026-07-05T18:02:26.584690,1,1,155.55,0.5,155.3,155,,,,,,,,,,,,,,,,,,,155.8,250,,,,,,,,,,,,,,,,,,
2026-07-05T18:02:26.958619+00:00,2026-07-05T18:02:26.952249,2,2,155.6,0.4,155.4,8,155.3,155,,,,,,,,,,,,,,,,,155.8,250,156.0,8,,,,,,,,,,,,,,,,
2026-07-05T18:02:27.196537+00:00,2026-07-05T18:02:27.196417,2,2,155.6,0.4,155.4,8,155.3,150,,,,,,,,,,,,,,,,,155.8,150,156.0,8,,,,,,,,,,,,,,,,
2026-07-05T18:02:27.247644+00:00,2026-07-05T18:02:27.247561,2,2,155.6,0.4,155.4,8,155.3,250,,,,,,,,,,,,,,,,,155.8,150,156.0,8,,,,,,,,,,,,,,,,
2026-07-05T18:02:27.290320+00:00,2026-07-05T18:02:27.290250,2,1,155.7,0.6,155.4,8,155.3,100,,,,,,,,,,,,,,,,,156.0,8,,,,,,,,,,,,,,,,,,
2026-07-05T18:02:27.303029+00:00,2026-07-05T18:02:27.302981,2,2,155.6,0.4,155.4,8,155.3,100,,,,,,,,,,,,,,,,,155.8,100,156.0,8,,,,,,,,,,,,,,,,
2026-07-05T18:02:27.344705+00:00,2026-07-05T18:02:27.344609,2,2,155.6,0.4,155.4,8,155.3,250,,,,,,,,,,,,,,,,,155.8,100,156.0,8,,,,,,,,,,,,,,,,
2026-07-05T18:02:27.397238+00:00,2026-07-05T18:02:27.397203,2,2,155.6,0.4,155.4,8,155.3,250,,,,,,,,,,,,,,,,,155.8,250,156.0,8,,,,,,,,,,,,,,,,
2026-07-05T18:02:27.458607+00:00,2026-07-05T18:02:27.457469,2,1,155.6,0.4,155.4,8,155.3,250,,,,,,,,,,,,,,,,,155.8,250,,,,,,,,,,,,,,,,,,
2026-07-05T18:02:27.470134+00:00,2026-07-05T18:02:27.470049,2,2,155.6,0.4,155.4,8,155.3,250,,,,,,,,,,,,,,,,,155.8,250,155.9,8,,,,,,,,,,,,,,,,
2026-07-05T18:02:28.285893+00:00,2026-07-05T18:02:28.285748,1,2,155.55,0.5,155.3,216,,,,,,,,,,,,,,,,,,,155.8,250,155.9,8,,,,,,,,,,,,,,,,
2026-07-05T18:02:28.799516+00:00,2026-07-05T18:02:28.799436,1,2,155.55,0.5,155.3,216,,,,,,,,,,,,,,,,,,,155.8,203,155.9,8,,,,,,,,,,,,,,,,
2026-07-05T18:02:29.317047+00:00,2026-07-05T18:02:29.317196,1,2,155.55,0.5,155.3,216,,,,,,,,,,,,,,,,,,,155.8,163,155.9,8,,,,,,,,,,,,,,,,
2026-07-05T18:02:29.373200+00:00,2026-07-05T18:02:29.373070,1,2,155.55,0.5,155.3,169,,,,,,,,,,,,,,,,,,,155.8,163,155.9,8,,,,,,,,,,,,,,,,
2026-07-05T18:02:29.844385+00:00,2026-07-05T18:02:29.844350,1,2,155.55,0.5,155.3,128,,,,,,,,,,,,,,,,,,,155.8,163,155.9,8,,,,,,,,,,,,,,,,
2026-07-05T18:02:30.231853+00:00,2026-07-05T18:02:30.231766,1,1,155.55,0.5,155.3,128,,,,,,,,,,,,,,,,,,,155.8,163,,,,,,,,,,,,,,,,,,
2026-07-05T18:02:30.237182+00:00,2026-07-05T18:02:30.236964,2,1,155.6,0.4,155.4,8,155.3,128,,,,,,,,,,,,,,,,,155.8,163,,,,,,,,,,,,,,,,,,
2026-07-05T18:02:30.242335+00:00,2026-07-05T18:02:30.242205,2,2,155.6,0.4,155.4,8,155.3,128,,,,,,,,,,,,,,,,,155.8,163,156.1,8,,,,,,,,,,,,,,,,
2026-07-05T18:02:30.358634+00:00,2026-07-05T18:02:30.355497,2,2,155.6,0.4,155.4,8,155.3,128,,,,,,,,,,,,,,,,,155.8,150,156.1,8,,,,,,,,,,,,,,,,
2026-07-05T18:02:30.415055+00:00,2026-07-05T18:02:30.415020,3,2,155.6,0.4,155.4,8,155.3,128,155.0,100,,,,,,,,,,,,,,,155.8,150,156.1,8,,,,,,,,,,,,,,,,
2026-07-05T18:02:30.451459+00:00,2026-07-05T18:02:30.451343,2,1,155.75,0.7,155.4,8,155.0,100,,,,,,,,,,,,,,,,,156.1,8,,,,,,,,,,,,,,,,,,
2026-07-05T18:02:30.468985+00:00,2026-07-05T18:02:30.468860,2,2,155.45,0.1,155.4,8,155.0,100,,,,,,,,,,,,,,,,,155.5,100,156.1,8,,,,,,,,,,,,,,,,
2026-07-05T18:02:30.505307+00:00,2026-07-05T18:02:30.505194,3,2,155.45,0.1,155.4,8,155.2,150,155.0,100,,,,,,,,,,,,,,,155.5,100,156.1,8,,,,,,,,,,,,,,,,
2026-07-05T18:02:30.553070+00:00,2026-07-05T18:02:30.553335,3,3,155.45,0.1,155.4,8,155.2,150,155.0,100,,,,,,,,,,,,,,,155.5,100,155.7,150,156.1,8,,,,,,,,,,,,,,
2026-07-05T18:02:30.747168+00:00,2026-07-05T18:02:30.747092,2,2,155.35,0.3,155.2,150,155.0,100,,,,,,,,,,,,,,,,,155.5,100,155.7,150,,,,,,,,,,,,,,,,
2026-07-05T18:02:30.758583+00:00,2026-07-05T18:02:30.752356,2,3,155.35,0.3,155.2,150,155.0,100,,,,,,,,,,,,,,,,,155.5,92,155.7,150,155.9,8,,,,,,,,,,,,,,
2026-07-05T18:02:30.791600+00:00,2026-07-05T18:02:30.791502,2,3,155.35,0.3,155.2,100,155.0,100,,,,,,,,,,,,,,,,,155.5,92,155.7,150,155.9,8,,,,,,,,,,,,,,
2026-07-05T18:02:30.824726+00:00,2026-07-05T18:02:30.820558,2,3,155.35,0.3,155.2,100,155.0,100,,,,,,,,,,,,,,,,,155.5,78,155.7,150,155.9,8,,,,,,,,,,,,,,
2026-07-05T18:02:31.015393+00:00,2026-07-05T18:02:31.015252,2,3,155.35,0.3,155.2,100,155.0,100,,,,,,,,,,,,,,,,,155.5,75,155.7,150,155.9,8,,,,,,,,,,,,,,
2026-07-05T18:02:31.274369+00:00,2026-07-05T18:02:31.274266,2,2,155.35,0.3,155.2,100,155.0,100,,,,,,,,,,,,,,,,,155.5,75,155.7,150,,,,,,,,,,,,,,,,
2026-07-05T18:02:31.279347+00:00,2026-07-05T18:02:31.279476,3,3,155.4,0.2,155.3,8,155.2,100,155.0,100,,,,,,,,,,,,,,,155.5,75,155.7,150,156.0,8,,,,,,,,,,,,,,
2026-07-05T18:02:31.787598+00:00,2026-07-05T18:02:31.787490,2,2,155.35,0.3,155.2,100,155.0,100,,,,,,,,,,,,,,,,,155.5,75,155.7,150,,,,,,,,,,,,,,,,
2026-07-05T18:02:31.792771+00:00,2026-07-05T18:02:31.792669,3,2,155.45,0.1,155.4,8,155.2,100,155.0,100,,,,,,,,,,,,,,,155.5,75,155.7,150,,,,,,,,,,,,,,,,
2026-07-05T18:02:31.797960+00:00,2026-07-05T18:02:31.797847,3,3,155.45,0.1,155.4,8,155.2,100,155.0,100,,,,,,,,,,,,,,,155.5,75,155.7,150,155.9,8,,,,,,,,,,,,,,
2026-07-05T18:02:32.475850+00:00,2026-07-05T18:02:32.475779,3,3,155.45,0.1,155.4,8,155.2,100,155.0,100,,,,,,,,,,,,,,,155.5,29,155.7,150,155.9,8,,,,,,,,,,,,,,
2026-07-05T18:02:33.519493+00:00,2026-07-05T18:02:33.519462,2,2,155.55,0.3,155.4,8,155.2,100,,,,,,,,,,,,,,,,,155.7,150,155.9,8,,,,,,,,,,,,,,,,
2026-07-05T18:02:33.576824+00:00,2026-07-05T18:02:33.576912,2,2,155.55,0.3,155.4,108,155.2,100,,,,,,,,,,,,,,,,,155.7,150,155.9,8,,,,,,,,,,,,,,,,
2026-07-05T18:02:33.612415+00:00,2026-07-05T18:02:33.612342,1,1,155.65,0.5,155.4,108,,,,,,,,,,,,,,,,,,,155.9,8,,,,,,,,,,,,,,,,,,
2026-07-05T18:02:33.630161+00:00,2026-07-05T18:02:33.630135,1,1,155.65,0.5,155.4,108,,,,,,,,,,,,,,,,,,,155.9,108,,,,,,,,,,,,,,,,,,
2026-07-05T18:02:33.667157+00:00,2026-07-05T18:02:33.667085,2,1,155.65,0.5,155.4,108,155.3,150,,,,,,,,,,,,,,,,,155.9,108,,,,,,,,,,,,,,,,,,
2026-07-05T18:02:33.715960+00:00,2026-07-05T18:02:33.715903,2,2,155.6,0.4,155.4,108,155.3,150,,,,,,,,,,,,,,,,,155.8,150,155.9,108,,,,,,,,,,,,,,,,
2026-07-05T18:02:34.828317+00:00,2026-07-05T18:02:34.828239,2,2,155.6,0.4,155.4,108,155.3,150,,,,,,,,,,,,,,,,,155.8,109,155.9,108,,,,,,,,,,,,,,,,
2026-07-05T18:02:34.952441+00:00,2026-07-05T18:02:34.952582,2,2,155.6,0.4,155.4,108,155.3,150,,,,,,,,,,,,,,,,,155.8,59,155.9,108,,,,,,,,,,,,,,,,
2026-07-05T18:02:36.414918+00:00,2026-07-05T18:02:36.414858,2,2,155.6,0.4,155.4,62,155.3,150,,,,,,,,,,,,,,,,,155.8,59,155.9,108,,,,,,,,,,,,,,,,
2026-07-05T18:02:36.684599+00:00,2026-07-05T18:02:36.684490,1,2,155.55,0.5,155.3,150,,,,,,,,,,,,,,,,,,,155.8,59,155.9,8,,,,,,,,,,,,,,,,
2026-07-05T18:02:36.739090+00:00,2026-07-05T18:02:36.738969,1,2,155.55,0.5,155.3,250,,,,,,,,,,,,,,,,,,,155.8,59,155.9,8,,,,,,,,,,,,,,,,
2026-07-05T18:02:36.774295+00:00,2026-07-05T18:02:36.774208,1,1,155.6,0.6,155.3,100,,,,,,,,,,,,,,,,,,,155.9,8,,,,,,,,,,,,,,,,,,
2026-07-05T18:02:36.791703+00:00,2026-07-05T18:02:36.791615,1,2,155.55,0.5,155.3,100,,,,,,,,,,,,,,,,,,,155.8,100,155.9,8,,,,,,,,,,,,,,,,
2026-07-05T18:02:36.827252+00:00,2026-07-05T18:02:36.827166,2,2,155.7,0.2,155.6,150,155.3,100,,,,,,,,,,,,,,,,,155.8,100,155.9,8,,,,,,,,,,,,,,,,
2026-07-05T18:02:36.885084+00:00,2026-07-05T18:02:36.884913,2,3,155.7,0.2,155.6,150,155.3,100,,,,,,,,,,,,,,,,,155.8,100,155.9,8,156.1,150,,,,,,,,,,,,,,
2026-07-05T18:02:37.069270+00:00,2026-07-05T18:02:37.069224,3,2,155.7,0.2,155.6,150,155.5,8,155.3,100,,,,,,,,,,,,,,,155.8,100,156.1,150,,,,,,,,,,,,,,,,
2026-07-05T18:02:37.074513+00:00,2026-07-05T18:02:37.074390,3,3,155.7,0.2,155.6,150,155.5,8,155.3,100,,,,,,,,,,,,,,,155.8,100,155.9,8,156.1,150,,,,,,,,,,,,,,
2026-07-05T18:02:37.108296+00:00,2026-07-05T18:02:37.108426,3,3,155.7,0.2,155.6,100,155.5,8,155.3,100,,,,,,,,,,,,,,,155.8,100,155.9,8,156.1,150,,,,,,,,,,,,,,
2026-07-05T18:02:37.550953+00:00,2026-07-05T18:02:37.544577,3,3,155.7,0.2,155.6,89,155.5,8,155.3,100,,,,,,,,,,,,,,,155.8,100,155.9,8,156.1,150,,,,,,,,,,,,,,
2026-07-05T18:02:39.234226+00:00,2026-07-05T18:02:39.234082,3,3,155.7,0.2,155.6,39,155.5,8,155.3,100,,,,,,,,,,,,,,,155.8,100,155.9,8,156.1,150,,,,,,,,,,,,,,
2026-07-05T18:02:39.843072+00:00,2026-07-05T18:02:39.843026,2,2,155.75,0.3,155.6,39,155.5,8,,,,,,,,,,,,,,,,,155.9,8,156.1,150,,,,,,,,,,,,,,,,
2026-07-05T18:02:39.916182+00:00,2026-07-05T18:02:39.916070,3,2,155.75,0.3,155.6,39,155.5,8,155.3,100,,,,,,,,,,,,,,,155.9,8,156.1,150,,,,,,,,,,,,,,,,
2026-07-05T18:02:39.942173+00:00,2026-07-05T18:02:39.942082,2,1,155.7,0.4,155.5,8,155.3,100,,,,,,,,,,,,,,,,,155.9,8,,,,,,,,,,,,,,,,,,
2026-07-05T18:02:39.958559+00:00,2026-07-05T18:02:39.957764,2,2,155.65,0.3,155.5,8,155.3,100,,,,,,,,,,,,,,,,,155.8,100,155.9,8,,,,,,,,,,,,,,,,
2026-07-05T18:02:40.001006+00:00,2026-07-05T18:02:40.000870,3,2,155.65,0.3,155.5,8,155.3,100,155.1,150,,,,,,,,,,,,,,,155.8,100,155.9,8,,,,,,,,,,,,,,,,
2026-07-05T18:02:40.032158+00:00,2026-07-05T18:02:40.032047,3,2,155.65,0.3,155.5,8,155.3,100,155.1,150,,,,,,,,,,,,,,,155.8,55,155.9,8,,,,,,,,,,,,,,,,
2026-07-05T18:02:40.047805+00:00,2026-07-05T18:02:40.047771,3,3,155.55,0.1,155.5,8,155.3,100,155.1,150,,,,,,,,,,,,,,,155.6,150,155.8,55,155.9,8,,,,,,,,,,,,,,
2026-07-05T18:02:40.368983+00:00,2026-07-05T18:02:40.362456,3,3,155.55,0.1,155.5,8,155.3,100,155.1,150,,,,,,,,,,,,,,,155.6,139,155.8,55,155.9,8,,,,,,,,,,,,,,
2026-07-05T18:02:41.344086+00:00,2026-07-05T18:02:41.344000,2,3,155.45,0.3,155.3,58,155.1,150,,,,,,,,,,,,,,,,,155.6,139,155.8,55,155.9,8,,,,,,,,,,,,,,
2026-07-05T18:02:41.588540+00:00,2026-07-05T18:02:41.588374,2,2,155.45,0.3,155.3,58,155.1,150,,,,,,,,,,,,,,,,,155.6,139,155.8,55,,,,,,,,,,,,,,,,
2026-07-05T18:02:41.593716+00:00,2026-07-05T18:02:41.593662,3,3,155.5,0.2,155.4,8,155.3,58,155.1,150,,,,,,,,,,,,,,,155.6,139,155.8,55,156.0,8,,,,,,,,,,,,,,
2026-07-05T18:02:42.121952+00:00,2026-07-05T18:02:42.121871,2,3,155.45,0.3,155.3,25,155.1,150,,,,,,,,,,,,,,,,,155.6,139,155.8,55,156.0,8,,,,,,,,,,,,,,
2026-07-05T18:02:43.021966+00:00,2026-07-05T18:02:43.022088,1,2,155.35,0.5,155.1,150,,,,,,,,,,,,,,,,,,,155.6,139,156.0,8,,,,,,,,,,,,,,,,
2026-07-05T18:02:43.077171+00:00,2026-07-05T18:02:43.077046,2,2,155.4,0.4,155.2,100,155.1,150,,,,,,,,,,,,,,,,,155.6,139,156.0,8,,,,,,,,,,,,,,,,
2026-07-05T18:02:43.104993+00:00,2026-07-05T18:02:43.104893,1,1,155.6,0.8,155.2,100,,,,,,,,,,,,,,,,,,,156.0,8,,,,,,,,,,,,,,,,,,
2026-07-05T18:02:43.129798+00:00,2026-07-05T18:02:43.129739,1,2,155.45,0.5,155.2,100,,,,,,,,,,,,,,,,,,,155.7,100,156.0,8,,,,,,,,,,,,,,,,
2026-07-05T18:02:43.160023+00:00,2026-07-05T18:02:43.150954,1,2,155.45,0.5,155.2,250,,,,,,,,,,,,,,,,,,,155.7,100,156.0,8,,,,,,,,,,,,,,,,
2026-07-05T18:02:43.207577+00:00,2026-07-05T18:02:43.207452,1,2,155.45,0.5,155.2,250,,,,,,,,,,,,,,,,,,,155.7,250,156.0,8,,,,,,,,,,,,,,,,
2026-07-05T18:02:43.398187+00:00,2026-07-05T18:02:43.398045,1,2,155.45,0.5,155.2,250,,,,,,,,,,,,,,,,,,,155.7,200,156.0,8,,,,,,,,,,,,,,,,
2026-07-05T18:02:45.506217+00:00,2026-07-05T18:02:45.506351,1,2,155.45,0.5,155.2,250,,,,,,,,,,,,,,,,,,,155.7,150,156.0,8,,,,,,,,,,,,,,,,
2026-07-05T18:02:46.185366+00:00,2026-07-05T18:02:46.185446,1,2,155.45,0.5,155.2,150,,,,,,,,,,,,,,,,,,,155.7,150,156.0,8,,,,,,,,,,,,,,,,
2026-07-05T18:02:46.236760+00:00,2026-07-05T18:02:46.236654,2,2,155.65,0.1,155.6,100,155.2,150,,,,,,,,,,,,,,,,,155.7,150,156.0,8,,,,,,,,,,,,,,,,
2026-07-05T18:02:46.266690+00:00,2026-07-05T18:02:46.266837,1,1,155.8,0.4,155.6,100,,,,,,,,,,,,,,,,,,,156.0,8,,,,,,,,,,,,,,,,,,
2026-07-05T18:02:46.286216+00:00,2026-07-05T18:02:46.286362,1,2,155.8,0.4,155.6,100,,,,,,,,,,,,,,,,,,,156.0,8,156.1,100,,,,,,,,,,,,,,,,
2026-07-05T18:02:46.321037+00:00,2026-07-05T18:02:46.320934,2,2,155.8,0.4,155.6,100,155.3,150,,,,,,,,,,,,,,,,,156.0,8,156.1,100,,,,,,,,,,,,,,,,
2026-07-05T18:02:46.373620+00:00,2026-07-05T18:02:46.373740,2,3,155.7,0.2,155.6,100,155.3,150,,,,,,,,,,,,,,,,,155.8,150,156.0,8,156.1,100,,,,,,,,,,,,,,
2026-07-05T18:02:46.378949+00:00,2026-07-05T18:02:46.378902,2,2,155.7,0.2,155.6,100,155.3,150,,,,,,,,,,,,,,,,,155.8,150,156.1,100,,,,,,,,,,,,,,,,
2026-07-05T18:02:46.384197+00:00,2026-07-05T18:02:46.384090,2,2,155.7,0.2,155.6,108,155.3,150,,,,,,,,,,,,,,,,,155.8,150,156.1,100,,,,,,,,,,,,,,,,
2026-07-05T18:02:46.389398+00:00,2026-07-05T18:02:46.389318,2,3,155.7,0.2,155.6,108,155.3,150,,,,,,,,,,,,,,,,,155.8,150,156.0,8,156.1,100,,,,,,,,,,,,,,
2026-07-05T18:02:47.148450+00:00,2026-07-05T18:02:47.148344,2,2,155.7,0.2,155.6,100,155.3,150,,,,,,,,,,,,,,,,,155.8,150,156.1,100,,,,,,,,,,,,,,,,
2026-07-05T18:02:47.158630+00:00,2026-07-05T18:02:47.153605,3,3,155.7,0.2,155.6,100,155.5,8,155.3,150,,,,,,,,,,,,,,,155.8,150,155.9,8,156.1,100,,,,,,,,,,,,,,
2026-07-05T18:02:47.612996+00:00,2026-07-05T18:02:47.613172,3,3,155.7,0.2,155.6,100,155.5,8,155.3,150,,,,,,,,,,,,,,,155.8,100,155.9,8,156.1,100,,,,,,,,,,,,,,
2026-07-05T18:02:48.129358+00:00,2026-07-05T18:02:48.129221,3,3,155.7,0.2,155.6,100,155.5,8,155.3,150,,,,,,,,,,,,,,,155.8,55,155.9,8,156.1,100,,,,,,,,,,,,,,
2026-07-05T18:02:49.345457+00:00,2026-07-05T18:02:49.345393,2,2,155.65,0.3,155.5,8,155.3,150,,,,,,,,,,,,,,,,,155.8,55,155.9,8,,,,,,,,,,,,,,,,
2026-07-05T18:02:49.400167+00:00,2026-07-05T18:02:49.400067,2,2,155.65,0.3,155.5,108,155.3,150,,,,,,,,,,,,,,,,,155.8,55,155.9,8,,,,,,,,,,,,,,,,
2026-07-05T18:02:49.428840+00:00,2026-07-05T18:02:49.428984,1,1,155.7,0.4,155.5,108,,,,,,,,,,,,,,,,,,,155.9,8,,,,,,,,,,,,,,,,,,
2026-07-05T18:02:49.458603+00:00,2026-07-05T18:02:49.448546,1,2,155.7,0.4,155.5,108,,,,,,,,,,,,,,,,,,,155.9,8,156.0,100,,,,,,,,,,,,,,,,
2026-07-05T18:02:49.483650+00:00,2026-07-05T18:02:49.483544,2,2,155.75,0.3,155.6,150,155.5,108,,,,,,,,,,,,,,,,,155.9,8,156.0,100,,,,,,,,,,,,,,,,
2026-07-05T18:02:49.536139+00:00,2026-07-05T18:02:49.536033,2,3,155.75,0.3,155.6,150,155.5,108,,,,,,,,,,,,,,,,,155.9,8,156.0,100,156.1,150,,,,,,,,,,,,,,
2026-07-05T18:02:49.771832+00:00,2026-07-05T18:02:49.771792,2,3,155.75,0.3,155.6,100,155.5,108,,,,,,,,,,,,,,,,,155.9,8,156.0,100,156.1,150,,,,,,,,,,,,,,
2026-07-05T18:02:50.917901+00:00,2026-07-05T18:02:50.917996,2,3,155.75,0.3,155.6,100,155.5,100,,,,,,,,,,,,,,,,,155.9,8,156.0,100,156.1,150,,,,,,,,,,,,,,
2026-07-05T18:02:50.923309+00:00,2026-07-05T18:02:50.923272,2,2,155.8,0.4,155.6,108,155.5,100,,,,,,,,,,,,,,,,,156.0,100,156.1,150,,,,,,,,,,,,,,,,
2026-07-05T18:02:50.928619+00:00,2026-07-05T18:02:50.928443,2,2,155.8,0.4,155.6,108,155.5,100,,,,,,,,,,,,,,,,,156.0,108,156.1,150,,,,,,,,,,,,,,,,
2026-07-05T18:02:51.418133+00:00,2026-07-05T18:02:51.413306,2,2,155.8,0.4,155.6,97,155.5,100,,,,,,,,,,,,,,,,,156.0,108,156.1,150,,,,,,,,,,,,,,,,
2026-07-05T18:02:51.438917+00:00,2026-07-05T18:02:51.438792,3,3,155.75,0.3,155.6,89,155.5,100,155.4,8,,,,,,,,,,,,,,,155.9,8,156.0,100,156.1,150,,,,,,,,,,,,,,
2026-07-05T18:02:51.600321+00:00,2026-07-05T18:02:51.600201,3,3,155.75,0.3,155.6,40,155.5,100,155.4,8,,,,,,,,,,,,,,,155.9,8,156.0,100,156.1,150,,,,,,,,,,,,,,
2026-07-05T18:02:51.881666+00:00,2026-07-05T18:02:51.881510,2,3,155.7,0.4,155.5,90,155.4,8,,,,,,,,,,,,,,,,,155.9,8,156.0,100,156.1,150,,,,,,,,,,,,,,
2026-07-05T18:02:52.504311+00:00,2026-07-05T18:02:52.504202,1,2,155.65,0.5,155.4,8,,,,,,,,,,,,,,,,,,,155.9,8,156.1,150,,,,,,,,,,,,,,,,
2026-07-05T18:02:52.558592+00:00,2026-07-05T18:02:52.557055,2,2,155.65,0.5,155.4,8,155.3,100,,,,,,,,,,,,,,,,,155.9,8,156.1,150,,,,,,,,,,,,,,,,
2026-07-05T18:02:52.589850+00:00,2026-07-05T18:02:52.589743,2,1,155.65,0.5,155.4,8,155.3,100,,,,,,,,,,,,,,,,,155.9,8,,,,,,,,,,,,,,,,,,
2026-07-05T18:02:52.611892+00:00,2026-07-05T18:02:52.611813,2,2,155.6,0.4,155.4,8,155.3,100,,,,,,,,,,,,,,,,,155.8,100,155.9,8,,,,,,,,,,,,,,,,
2026-07-05T18:02:52.643532+00:00,2026-07-05T18:02:52.643485,3,2,155.6,0.4,155.4,8,155.3,100,154.8,150,,,,,,,,,,,,,,,155.8,100,155.9,8,,,,,,,,,,,,,,,,
2026-07-05T18:02:52.711697+00:00,2026-07-05T18:02:52.705314,1,3,155.05,0.5,154.8,150,,,,,,,,,,,,,,,,,,,155.3,31,155.8,100,155.9,8,,,,,,,,,,,,,,
2026-07-05T18:02:52.949093+00:00,2026-07-05T18:02:52.949027,2,2,155.1,0.4,154.9,8,154.8,150,,,,,,,,,,,,,,,,,155.3,31,155.8,100,,,,,,,,,,,,,,,,
2026-07-05T18:02:52.954124+00:00,2026-07-05T18:02:52.954208,2,2,155.1,0.4,154.9,8,154.8,150,,,,,,,,,,,,,,,,,155.3,31,155.8,108,,,,,,,,,,,,,,,,
2026-07-05T18:02:53.995137+00:00,2026-07-05T18:02:53.995098,1,2,155.05,0.5,154.8,108,,,,,,,,,,,,,,,,,,,155.3,31,155.8,108,,,,,,,,,,,,,,,,
2026-07-05T18:02:54.973716+00:00,2026-07-05T18:02:54.973656,2,2,155.1,0.4,154.9,8,154.8,108,,,,,,,,,,,,,,,,,155.3,31,155.8,100,,,,,,,,,,,,,,,,
2026-07-05T18:02:54.978873+00:00,2026-07-05T18:02:54.978810,2,3,155.1,0.4,154.9,8,154.8,108,,,,,,,,,,,,,,,,,155.3,31,155.6,8,155.8,100,,,,,,,,,,,,,,
2026-07-05T18:02:55.664124+00:00,2026-07-05T18:02:55.664039,2,2,155.1,0.4,154.9,8,154.8,108,,,,,,,,,,,,,,,,,155.3,31,155.6,8,,,,,,,,,,,,,,,,
2026-07-05T18:02:55.723895+00:00,2026-07-05T18:02:55.723819,2,2,155.1,0.4,154.9,8,154.8,208,,,,,,,,,,,,,,,,,155.3,31,155.6,8,,,,,,,,,,,,,,,,
2026-07-05T18:02:55.758595+00:00,2026-07-05T18:02:55.758475,2,1,155.25,0.7,154.9,8,154.8,100,,,,,,,,,,,,,,,,,155.6,8,,,,,,,,,,,,,,,,,,
2026-07-05T18:02:55.776277+00:00,2026-07-05T18:02:55.776139,2,2,155.1,0.4,154.9,8,154.8,100,,,,,,,,,,,,,,,,,155.3,100,155.6,8,,,,,,,,,,,,,,,,
2026-07-05T18:02:55.812926+00:00,2026-07-05T18:02:55.812830,3,2,155.15,0.3,155.0,150,154.9,8,154.8,100,,,,,,,,,,,,,,,155.3,100,155.6,8,,,,,,,,,,,,,,,,
2026-07-05T18:02:55.867189+00:00,2026-07-05T18:02:55.867121,3,3,155.15,0.3,155.0,150,154.9,8,154.8,100,,,,,,,,,,,,,,,155.3,100,155.5,150,155.6,8,,,,,,,,,,,,,,
2026-07-05T18:02:55.985207+00:00,2026-07-05T18:02:55.985178,2,2,155.15,0.3,155.0,150,154.8,100,,,,,,,,,,,,,,,,,155.3,100,155.5,150,,,,,,,,,,,,,,,,
2026-07-05T18:02:55.990473+00:00,2026-07-05T18:02:55.990382,3,3,155.2,0.2,155.1,8,155.0,150,154.8,100,,,,,,,,,,,,,,,155.3,100,155.5,150,155.6,8,,,,,,,,,,,,,,
2026-07-05T18:02:56.101285+00:00,2026-07-05T18:02:56.101181,2,3,155.15,0.3,155.0,108,154.8,100,,,,,,,,,,,,,,,,,155.3,100,155.5,150,155.6,8,,,,,,,,,,,,,,
2026-07-05T18:02:56.268861+00:00,2026-07-05T18:02:56.269040,2,2,155.15,0.3,155.0,108,154.8,100,,,,,,,,,,,,,,,,,155.3,100,155.5,150,,,,,,,,,,,,,,,,
2026-07-05T18:02:56.274183+00:00,2026-07-05T18:02:56.274417,2,2,155.15,0.3,155.0,116,154.8,100,,,,,,,,,,,,,,,,,155.3,100,155.5,150,,,,,,,,,,,,,,,,
2026-07-05T18:02:56.279506+00:00,2026-07-05T18:02:56.279618,2,3,155.15,0.3,155.0,116,154.8,100,,,,,,,,,,,,,,,,,155.3,100,155.4,8,155.5,150,,,,,,,,,,,,,,
2026-07-05T18:02:57.787951+00:00,2026-07-05T18:02:57.787827,2,3,155.15,0.3,155.0,108,154.8,100,,,,,,,,,,,,,,,,,155.3,100,155.4,8,155.5,150,,,,,,,,,,,,,,
2026-07-05T18:02:57.793043+00:00,2026-07-05T18:02:57.792976,2,2,155.15,0.3,155.0,108,154.8,100,,,,,,,,,,,,,,,,,155.3,100,155.5,150,,,,,,,,,,,,,,,,
2026-07-05T18:02:57.798266+00:00,2026-07-05T18:02:57.798156,3,2,155.15,0.3,155.0,108,154.9,8,154.8,100,,,,,,,,,,,,,,,155.3,108,155.5,150,,,,,,,,,,,,,,,,
2026-07-05T18:02:58.210686+00:00,2026-07-05T18:02:58.210759,3,2,155.15,0.3,155.0,58,154.9,8,154.8,100,,,,,,,,,,,,,,,155.3,108,155.5,150,,,,,,,,,,,,,,,,
2026-07-05T18:02:58.829916+00:00,2026-07-05T18:02:58.829841,2,2,155.15,0.3,155.0,58,154.9,8,,,,,,,,,,,,,,,,,155.3,8,155.5,150,,,,,,,,,,,,,,,,
2026-07-05T18:02:58.885513+00:00,2026-07-05T18:02:58.885464,3,2,155.15,0.3,155.0,58,154.9,8,154.6,100,,,,,,,,,,,,,,,155.3,8,155.5,150,,,,,,,,,,,,,,,,
2026-07-05T18:02:58.920652+00:00,2026-07-05T18:02:58.920601,2,1,155.1,0.4,154.9,8,154.6,100,,,,,,,,,,,,,,,,,155.3,8,,,,,,,,,,,,,,,,,,
2026-07-05T18:02:58.938783+00:00,2026-07-05T18:02:58.938735,2,2,155.0,0.2,154.9,8,154.6,100,,,,,,,,,,,,,,,,,155.1,100,155.3,8,,,,,,,,,,,,,,,,
2026-07-05T18:02:58.975405+00:00,2026-07-05T18:02:58.975318,3,2,155.0,0.2,154.9,8,154.6,100,154.4,150,,,,,,,,,,,,,,,155.1,100,155.3,8,,,,,,,,,,,,,,,,
2026-07-05T18:02:59.028658+00:00,2026-07-05T18:02:59.028788,2,3,154.75,0.3,154.6,100,154.4,150,,,,,,,,,,,,,,,,,154.9,142,155.1,100,155.3,8,,,,,,,,,,,,,,
2026-07-05T18:02:59.058583+00:00,2026-07-05T18:02:59.056889,3,3,154.8,0.2,154.7,8,154.6,100,154.4,150,,,,,,,,,,,,,,,154.9,139,155.1,100,155.3,8,,,,,,,,,,,,,,
2026-07-05T18:02:59.324800+00:00,2026-07-05T18:02:59.324656,3,3,154.8,0.2,154.7,8,154.6,100,154.4,150,,,,,,,,,,,,,,,154.9,136,155.1,100,155.3,8,,,,,,,,,,,,,,
2026-07-05T18:02:59.588343+00:00,2026-07-05T18:02:59.588168,3,3,154.8,0.2,154.7,8,154.6,100,154.4,150,,,,,,,,,,,,,,,154.9,133,155.1,100,155.3,8,,,,,,,,,,,,,,
2026-07-05T18:02:59.846730+00:00,2026-07-05T18:02:59.846929,3,3,154.8,0.2,154.7,8,154.6,100,154.4,150,,,,,,,,,,,,,,,154.9,130,155.1,100,155.3,8,,,,,,,,,,,,,,
2026-07-05T18:03:00.106742+00:00,2026-07-05T18:03:00.106936,3,3,154.8,0.2,154.7,8,154.6,100,154.4,150,,,,,,,,,,,,,,,154.9,127,155.1,100,155.3,8,,,,,,,,,,,,,,
2026-07-05T18:03:00.265406+00:00,2026-07-05T18:03:00.265330,3,3,154.8,0.2,154.7,8,154.6,100,154.4,150,,,,,,,,,,,,,,,154.9,77,155.1,100,155.3,8,,,,,,,,,,,,,,
2026-07-05T18:03:00.367991+00:00,2026-07-05T18:03:00.367834,3,3,154.8,0.2,154.7,8,154.6,100,154.4,150,,,,,,,,,,,,,,,154.9,74,155.1,100,155.3,8,,,,,,,,,,,,,,
2026-07-05T18:03:01.346148+00:00,2026-07-05T18:03:01.340491,3,3,154.8,0.2,154.7,8,154.6,100,154.4,150,,,,,,,,,,,,,,,154.9,39,155.1,100,155.3,8,,,,,,,,,,,,,,
2026-07-05T18:03:01.378895+00:00,2026-07-05T18:03:01.378743,3,3,154.8,0.2,154.7,8,154.6,100,154.4,150,,,,,,,,,,,,,,,154.9,36,155.1,100,155.3,8,,,,,,,,,,,,,,
2026-07-05T18:03:01.637005+00:00,2026-07-05T18:03:01.636959,2,3,154.75,0.3,154.6,100,154.4,150,,,,,,,,,,,,,,,,,154.9,33,155.1,100,155.3,8,,,,,,,,,,,,,,
2026-07-05T18:03:01.642231+00:00,2026-07-05T18:03:01.642176,3,2,154.85,0.1,154.8,8,154.6,100,154.4,150,,,,,,,,,,,,,,,154.9,33,155.1,100,,,,,,,,,,,,,,,,
2026-07-05T18:03:01.647437+00:00,2026-07-05T18:03:01.647345,3,3,154.85,0.1,154.8,8,154.6,100,154.4,150,,,,,,,,,,,,,,,154.9,33,155.1,100,155.4,8,,,,,,,,,,,,,,
2026-07-05T18:03:01.807379+00:00,2026-07-05T18:03:01.807327,3,2,154.95,0.3,154.8,8,154.6,100,154.4,150,,,,,,,,,,,,,,,155.1,87,155.4,8,,,,,,,,,,,,,,,,
2026-07-05T18:03:01.906930+00:00,2026-07-05T18:03:01.906881,3,2,154.95,0.3,154.8,8,154.6,100,154.4,150,,,,,,,,,,,,,,,155.1,84,155.4,8,,,,,,,,,,,,,,,,
2026-07-05T18:03:01.991275+00:00,2026-07-05T18:03:01.991213,2,1,155.1,0.6,154.8,8,154.4,150,,,,,,,,,,,,,,,,,155.4,8,,,,,,,,,,,,,,,,,,
2026-07-05T18:03:02.035565+00:00,2026-07-05T18:03:02.035120,3,1,155.15,0.5,154.9,100,154.8,8,154.4,150,,,,,,,,,,,,,,,155.4,8,,,,,,,,,,,,,,,,,,
2026-07-05T18:03:02.084821+00:00,2026-07-05T18:03:02.084757,2,1,155.15,0.5,154.9,100,154.8,8,,,,,,,,,,,,,,,,,155.4,8,,,,,,,,,,,,,,,,,,
2026-07-05T18:03:02.095251+00:00,2026-07-05T18:03:02.095218,2,1,155.15,0.5,154.9,100,154.8,8,,,,,,,,,,,,,,,,,155.4,108,,,,,,,,,,,,,,,,,,
2026-07-05T18:03:02.149586+00:00,2026-07-05T18:03:02.143993,3,1,155.3,0.2,155.2,138,154.9,100,154.8,8,,,,,,,,,,,,,,,155.4,108,,,,,,,,,,,,,,,,,,
2026-07-05T18:03:02.165194+00:00,2026-07-05T18:03:02.165041,2,1,155.3,0.2,155.2,138,154.9,100,,,,,,,,,,,,,,,,,155.4,100,,,,,,,,,,,,,,,,,,
2026-07-05T18:03:02.170323+00:00,2026-07-05T18:03:02.170277,3,1,155.3,0.2,155.2,138,155.0,8,154.9,100,,,,,,,,,,,,,,,155.4,108,,,,,,,,,,,,,,,,,,
2026-07-05T18:03:02.190492+00:00,2026-07-05T18:03:02.190386,3,2,155.3,0.2,155.2,138,155.0,8,154.9,100,,,,,,,,,,,,,,,155.4,108,155.7,150,,,,,,,,,,,,,,,,
2026-07-05T18:03:02.372228+00:00,2026-07-05T18:03:02.372062,3,2,155.3,0.2,155.2,138,155.0,8,154.9,100,,,,,,,,,,,,,,,155.4,58,155.7,150,,,,,,,,,,,,,,,,
2026-07-05T18:03:02.661967+00:00,2026-07-05T18:03:02.655775,3,2,155.3,0.2,155.2,115,155.0,8,154.9,100,,,,,,,,,,,,,,,155.4,58,155.7,150,,,,,,,,,,,,,,,,
2026-07-05T18:03:02.924533+00:00,2026-07-05T18:03:02.924709,2,2,155.3,0.2,155.2,115,154.9,100,,,,,,,,,,,,,,,,,155.4,58,155.7,150,,,,,,,,,,,,,,,,
2026-07-05T18:03:02.929974+00:00,2026-07-05T18:03:02.929870,2,2,155.3,0.2,155.2,115,154.9,100,,,,,,,,,,,,,,,,,155.4,50,155.7,150,,,,,,,,,,,,,,,,
2026-07-05T18:03:02.935101+00:00,2026-07-05T18:03:02.935054,2,2,155.3,0.2,155.2,115,154.9,108,,,,,,,,,,,,,,,,,155.4,58,155.7,150,,,,,,,,,,,,,,,,
2026-07-05T18:03:02.997080+00:00,2026-07-05T18:03:02.991038,2,2,155.3,0.2,155.2,104,154.9,108,,,,,,,,,,,,,,,,,155.4,58,155.7,150,,,,,,,,,,,,,,,,
2026-07-05T18:03:03.967704+00:00,2026-07-05T18:03:03.962276,2,2,155.3,0.2,155.2,101,154.9,108,,,,,,,,,,,,,,,,,155.4,58,155.7,150,,,,,,,,,,,,,,,,
2026-07-05T18:03:04.205812+00:00,2026-07-05T18:03:04.205660,2,2,155.3,0.2,155.2,101,154.9,100,,,,,,,,,,,,,,,,,155.4,58,155.7,150,,,,,,,,,,,,,,,,
2026-07-05T18:03:04.210936+00:00,2026-07-05T18:03:04.210889,3,2,155.3,0.2,155.2,101,154.9,100,154.8,8,,,,,,,,,,,,,,,155.4,50,155.7,150,,,,,,,,,,,,,,,,
2026-07-05T18:03:04.216099+00:00,2026-07-05T18:03:04.216043,3,3,155.25,0.1,155.2,101,154.9,100,154.8,8,,,,,,,,,,,,,,,155.3,8,155.4,50,155.7,150,,,,,,,,,,,,,,
2026-07-05T18:03:04.481352+00:00,2026-07-05T18:03:04.481290,3,2,155.3,0.2,155.2,101,154.9,100,154.8,8,,,,,,,,,,,,,,,155.4,8,155.7,150,,,,,,,,,,,,,,,,
2026-07-05T18:03:05.151459+00:00,2026-07-05T18:03:05.151380,2,1,155.45,0.5,155.2,101,154.8,8,,,,,,,,,,,,,,,,,155.7,150,,,,,,,,,,,,,,,,,,
2026-07-05T18:03:05.204173+00:00,2026-07-05T18:03:05.204036,2,1,155.45,0.5,155.2,101,154.8,108,,,,,,,,,,,,,,,,,155.7,150,,,,,,,,,,,,,,,,,,
2026-07-05T18:03:05.228412+00:00,2026-07-05T18:03:05.228333,2,1,155.45,0.5,155.2,101,154.8,108,,,,,,,,,,,,,,,,,155.7,150,,,,,,,,,,,,,,,,,,
2026-07-05T18:03:05.233584+00:00,2026-07-05T18:03:05.233483,2,2,155.4,0.4,155.2,101,154.8,108,,,,,,,,,,,,,,,,,155.6,8,155.7,150,,,,,,,,,,,,,,,,
2026-07-05T18:03:05.245197+00:00,2026-07-05T18:03:05.245180,1,1,155.2,0.8,154.8,108,,,,,,,,,,,,,,,,,,,155.6,8,,,,,,,,,,,,,,,,,,
2026-07-05T18:03:05.255425+00:00,2026-07-05T18:03:05.255546,1,2,155.05,0.5,154.8,108,,,,,,,,,,,,,,,,,,,155.3,100,155.6,8,,,,,,,,,,,,,,,,
2026-07-05T18:03:05.298405+00:00,2026-07-05T18:03:05.298505,2,2,155.05,0.5,154.8,108,154.6,150,,,,,,,,,,,,,,,,,155.3,100,155.6,8,,,,,,,,,,,,,,,,
2026-07-05T18:03:05.346596+00:00,2026-07-05T18:03:05.346441,2,3,154.95,0.3,154.8,108,154.6,150,,,,,,,,,,,,,,,,,155.1,150,155.3,100,155.6,8,,,,,,,,,,,,,,
2026-07-05T18:03:05.738189+00:00,2026-07-05T18:03:05.738073,2,2,154.95,0.3,154.8,100,154.6,150,,,,,,,,,,,,,,,,,155.1,150,155.3,100,,,,,,,,,,,,,,,,
2026-07-05T18:03:05.743295+00:00,2026-07-05T18:03:05.743261,3,2,155.0,0.2,154.9,8,154.8,100,154.6,150,,,,,,,,,,,,,,,155.1,150,155.3,108,,,,,,,,,,,,,,,,
2026-07-05T18:03:06.590196+00:00,2026-07-05T18:03:06.590044,3,2,155.0,0.2,154.9,8,154.8,100,154.6,150,,,,,,,,,,,,,,,155.1,100,155.3,108,,,,,,,,,,,,,,,,
