recv_time,book_timestamp,n_bids,n_asks,mid,spread,bid_px_0,bid_vol_0,bid_px_1,bid_vol_1,bid_px_2,bid_vol_2,bid_px_3,bid_vol_3,bid_px_4,bid_vol_4,bid_px_5,bid_vol_5,bid_px_6,bid_vol_6,bid_px_7,bid_vol_7,bid_px_8,bid_vol_8,bid_px_9,bid_vol_9,ask_px_0,ask_vol_0,ask_px_1,ask_vol_1,ask_px_2,ask_vol_2,ask_px_3,ask_vol_3,ask_px_4,ask_vol_4,ask_px_5,ask_vol_5,ask_px_6,ask_vol_6,ask_px_7,ask_vol_7,ask_px_8,ask_vol_8,ask_px_9,ask_vol_9
2026-07-06T20:00:00.002281+00:00,2026-07-06T20:00:02.158813,3,3,151.1,0.2,151.0,86,150.9,100,150.8,8,,,,,,,,,,,,,,,151.2,8,151.4,100,151.5,150,,,,,,,,,,,,,,
2026-07-06T20:00:06.242053+00:00,2026-07-06T20:00:06.234400,2,2,150.95,0.3,150.8,158,150.6,100,,,,,,,,,,,,,,,,,151.1,97,151.3,150,,,,,,,,,,,,,,,,
2026-07-06T20:00:08.265731+00:00,2026-07-06T20:00:08.258936,2,2,150.95,0.3,150.8,108,150.6,100,,,,,,,,,,,,,,,,,151.1,94,151.3,150,,,,,,,,,,,,,,,,
2026-07-06T20:00:08.464684+00:00,2026-07-06T20:00:08.464296,1,2,150.95,0.3,150.8,208,,,,,,,,,,,,,,,,,,,151.1,8,151.3,150,,,,,,,,,,,,,,,,
2026-07-06T20:00:09.233419+00:00,2026-07-06T20:00:08.958836,2,3,150.95,0.3,150.8,100,150.7,150,,,,,,,,,,,,,,,,,151.1,8,151.2,150,151.3,100,,,,,,,,,,,,,,
2026-07-06T20:00:11.214871+00:00,2026-07-06T20:00:11.214743,2,3,150.95,0.3,150.8,57,150.7,150,,,,,,,,,,,,,,,,,151.1,8,151.2,150,151.3,100,,,,,,,,,,,,,,
2026-07-06T20:00:12.986110+00:00,2026-07-06T20:00:12.065580,3,3,150.75,0.3,150.6,8,150.5,100,150.4,150,,,,,,,,,,,,,,,150.9,150,151.0,100,151.2,8,,,,,,,,,,,,,,
2026-07-06T20:00:13.270772+00:00,2026-07-06T20:00:13.270448,3,3,150.75,0.3,150.6,8,150.5,100,150.4,150,,,,,,,,,,,,,,,150.9,109,151.0,100,151.2,8,,,,,,,,,,,,,,
2026-07-06T20:00:13.364322+00:00,2026-07-06T20:00:13.364293,3,3,150.8,0.2,150.7,8,150.5,100,150.4,150,,,,,,,,,,,,,,,150.9,109,151.0,100,151.1,8,,,,,,,,,,,,,,
2026-07-06T20:00:13.959612+00:00,2026-07-06T20:00:13.887305,2,3,150.7,0.4,150.5,58,150.4,150,,,,,,,,,,,,,,,,,150.9,109,151.0,100,151.1,8,,,,,,,,,,,,,,
2026-07-06T20:00:14.758786+00:00,2026-07-06T20:00:14.704657,2,2,150.7,0.4,150.5,58,150.4,150,,,,,,,,,,,,,,,,,150.9,109,151.1,8,,,,,,,,,,,,,,,,
2026-07-06T20:00:14.764013+00:00,2026-07-06T20:00:14.763762,1,2,150.65,0.5,150.4,150,,,,,,,,,,,,,,,,,,,150.9,109,151.1,8,,,,,,,,,,,,,,,,
2026-07-06T20:00:14.769036+00:00,2026-07-06T20:00:14.769204,1,2,150.65,0.5,150.4,250,,,,,,,,,,,,,,,,,,,150.9,109,151.1,8,,,,,,,,,,,,,,,,
2026-07-06T20:00:14.858787+00:00,2026-07-06T20:00:14.812051,1,2,150.65,0.5,150.4,250,,,,,,,,,,,,,,,,,,,150.9,209,151.1,8,,,,,,,,,,,,,,,,
2026-07-06T20:00:14.959099+00:00,2026-07-06T20:00:14.958903,1,2,150.65,0.5,150.4,250,,,,,,,,,,,,,,,,,,,150.9,209,151.1,8,,,,,,,,,,,,,,,,
2026-07-06T20:00:15.164918+00:00,2026-07-06T20:00:15.164104,1,2,150.65,0.5,150.4,100,,,,,,,,,,,,,,,,,,,150.9,100,151.1,8,,,,,,,,,,,,,,,,
2026-07-06T20:00:15.180498+00:00,2026-07-06T20:00:15.180641,2,2,150.7,0.4,150.5,150,150.4,100,,,,,,,,,,,,,,,,,150.9,100,151.1,8,,,,,,,,,,,,,,,,
2026-07-06T20:00:15.235363+00:00,2026-07-06T20:00:15.235306,2,3,150.7,0.4,150.5,150,150.4,100,,,,,,,,,,,,,,,,,150.9,100,151.0,150,151.1,8,,,,,,,,,,,,,,
2026-07-06T20:00:15.678282+00:00,2026-07-06T20:00:15.678240,2,3,150.7,0.4,150.5,150,150.4,100,,,,,,,,,,,,,,,,,150.9,52,151.0,150,151.1,8,,,,,,,,,,,,,,
2026-07-06T20:00:15.959094+00:00,2026-07-06T20:00:15.958988,2,3,150.7,0.4,150.5,150,150.4,100,,,,,,,,,,,,,,,,,150.9,2,151.0,150,151.1,8,,,,,,,,,,,,,,
2026-07-06T20:00:16.163838+00:00,2026-07-06T20:00:16.164111,2,2,150.75,0.5,150.5,150,150.4,100,,,,,,,,,,,,,,,,,151.0,112,151.1,8,,,,,,,,,,,,,,,,
2026-07-06T20:00:17.353134+00:00,2026-07-06T20:00:17.358532,2,1,150.75,0.5,150.5,150,150.4,100,,,,,,,,,,,,,,,,,151.0,112,,,,,,,,,,,,,,,,,,
2026-07-06T20:00:17.371919+00:00,2026-07-06T20:00:17.371786,2,2,150.7,0.4,150.5,150,150.4,100,,,,,,,,,,,,,,,,,150.9,8,151.0,112,,,,,,,,,,,,,,,,
2026-07-06T20:00:17.876433+00:00,2026-07-06T20:00:17.876389,1,2,150.75,0.5,150.5,150,,,,,,,,,,,,,,,,,,,151.0,112,151.1,8,,,,,,,,,,,,,,,,
2026-07-06T20:00:17.931143+00:00,2026-07-06T20:00:17.931003,2,2,150.95,0.1,150.9,100,150.5,150,,,,,,,,,,,,,,,,,151.0,112,151.1,8,,,,,,,,,,,,,,,,
2026-07-06T20:00:19.662745+00:00,2026-07-06T20:00:19.655672,1,2,151.0,0.2,150.9,197,,,,,,,,,,,,,,,,,,,151.1,8,151.4,250,,,,,,,,,,,,,,,,
2026-07-06T20:00:19.899949+00:00,2026-07-06T20:00:19.899873,1,1,151.15,0.5,150.9,197,,,,,,,,,,,,,,,,,,,151.4,250,,,,,,,,,,,,,,,,,,
2026-07-06T20:00:19.905402+00:00,2026-07-06T20:00:19.905238,1,2,150.95,0.1,150.9,197,,,,,,,,,,,,,,,,,,,151.0,8,151.4,250,,,,,,,,,,,,,,,,
2026-07-06T20:00:20.210894+00:00,2026-07-06T20:00:20.210737,1,2,150.95,0.1,150.9,147,,,,,,,,,,,,,,,,,,,151.0,8,151.4,250,,,,,,,,,,,,,,,,
2026-07-06T20:00:20.912100+00:00,2026-07-06T20:00:20.912004,1,2,150.95,0.1,150.9,147,,,,,,,,,,,,,,,,,,,151.0,8,151.4,250,,,,,,,,,,,,,,,,
2026-07-06T20:00:21.035050+00:00,2026-07-06T20:00:21.034993,1,2,150.95,0.1,150.9,147,,,,,,,,,,,,,,,,,,,151.0,8,151.4,150,,,,,,,,,,,,,,,,
2026-07-06T20:00:21.087423+00:00,2026-07-06T20:00:21.087370,2,2,150.95,0.1,150.9,147,150.4,100,,,,,,,,,,,,,,,,,151.0,8,151.4,150,,,,,,,,,,,,,,,,
2026-07-06T20:00:21.141810+00:00,2026-07-06T20:00:21.141673,2,2,150.95,0.1,150.9,47,150.4,100,,,,,,,,,,,,,,,,,151.0,8,151.4,150,,,,,,,,,,,,,,,,
2026-07-06T20:00:21.464159+00:00,2026-07-06T20:00:21.463934,1,1,150.7,0.6,150.4,100,,,,,,,,,,,,,,,,,,,151.0,8,,,,,,,,,,,,,,,,,,
2026-07-06T20:00:21.510156+00:00,2026-07-06T20:00:21.510022,2,1,150.7,0.6,150.4,100,150.2,150,,,,,,,,,,,,,,,,,151.0,8,,,,,,,,,,,,,,,,,,
2026-07-06T20:00:21.557499+00:00,2026-07-06T20:00:21.557704,2,2,150.55,0.3,150.4,100,150.2,150,,,,,,,,,,,,,,,,,150.7,150,151.0,8,,,,,,,,,,,,,,,,
2026-07-06T20:00:21.568951+00:00,2026-07-06T20:00:21.562527,2,2,150.55,0.3,150.4,100,150.2,150,,,,,,,,,,,,,,,,,150.7,147,151.0,8,,,,,,,,,,,,,,,,
2026-07-06T20:00:21.670951+00:00,2026-07-06T20:00:21.670890,2,2,150.55,0.3,150.4,100,150.2,150,,,,,,,,,,,,,,,,,150.7,147,151.0,8,,,,,,,,,,,,,,,,
2026-07-06T20:00:21.858870+00:00,2026-07-06T20:00:21.801703,2,2,150.55,0.3,150.4,57,150.2,150,,,,,,,,,,,,,,,,,150.7,147,151.0,8,,,,,,,,,,,,,,,,
2026-07-06T20:00:22.319422+00:00,2026-07-06T20:00:22.319318,2,2,150.55,0.3,150.4,7,150.2,150,,,,,,,,,,,,,,,,,150.7,147,151.0,8,,,,,,,,,,,,,,,,
2026-07-06T20:00:22.475531+00:00,2026-07-06T20:00:22.468577,2,2,150.55,0.3,150.4,7,150.2,150,,,,,,,,,,,,,,,,,150.7,144,151.0,8,,,,,,,,,,,,,,,,
2026-07-06T20:00:22.859342+00:00,2026-07-06T20:00:22.859094,2,2,150.55,0.3,150.4,7,150.2,150,,,,,,,,,,,,,,,,,150.7,103,151.0,8,,,,,,,,,,,,,,,,
2026-07-06T20:00:24.217465+00:00,2026-07-06T20:00:24.217369,1,2,150.45,0.5,150.2,150,,,,,,,,,,,,,,,,,,,150.7,103,151.0,8,,,,,,,,,,,,,,,,
2026-07-06T20:00:24.274104+00:00,2026-07-06T20:00:24.274253,2,2,150.6,0.2,150.5,100,150.2,150,,,,,,,,,,,,,,,,,150.7,103,151.0,8,,,,,,,,,,,,,,,,
2026-07-06T20:00:24.330241+00:00,2026-07-06T20:00:24.330404,2,2,150.6,0.2,150.5,100,150.2,150,,,,,,,,,,,,,,,,,150.7,103,151.0,108,,,,,,,,,,,,,,,,
2026-07-06T20:00:24.423754+00:00,2026-07-06T20:00:24.423714,2,2,150.6,0.2,150.5,50,150.2,150,,,,,,,,,,,,,,,,,150.7,103,151.0,108,,,,,,,,,,,,,,,,
2026-07-06T20:00:24.617550+00:00,2026-07-06T20:00:24.617467,1,1,150.75,0.5,150.5,50,,,,,,,,,,,,,,,,,,,151.0,108,,,,,,,,,,,,,,,,,,
2026-07-06T20:00:24.828807+00:00,2026-07-06T20:00:24.716604,1,1,150.75,0.5,150.5,200,,,,,,,,,,,,,,,,,,,151.0,258,,,,,,,,,,,,,,,,,,
2026-07-06T20:00:25.369158+00:00,2026-07-06T20:00:25.369027,1,1,150.75,0.5,150.5,158,,,,,,,,,,,,,,,,,,,151.0,258,,,,,,,,,,,,,,,,,,
2026-07-06T20:00:26.187764+00:00,2026-07-06T20:00:26.187726,1,1,150.75,0.5,150.5,158,,,,,,,,,,,,,,,,,,,151.0,250,,,,,,,,,,,,,,,,,,
2026-07-06T20:00:26.193101+00:00,2026-07-06T20:00:26.193035,1,2,150.75,0.5,150.5,158,,,,,,,,,,,,,,,,,,,151.0,250,151.1,8,,,,,,,,,,,,,,,,
2026-07-06T20:00:26.478734+00:00,2026-07-06T20:00:26.472264,1,2,150.75,0.5,150.5,158,,,,,,,,,,,,,,,,,,,151.0,200,151.1,8,,,,,,,,,,,,,,,,
2026-07-06T20:00:27.380323+00:00,2026-07-06T20:00:27.380232,1,2,150.75,0.5,150.5,150,,,,,,,,,,,,,,,,,,,151.0,150,151.1,8,,,,,,,,,,,,,,,,
2026-07-06T20:00:27.437574+00:00,2026-07-06T20:00:27.437346,2,2,150.75,0.5,150.5,150,150.4,100,,,,,,,,,,,,,,,,,151.0,150,151.1,8,,,,,,,,,,,,,,,,
2026-07-06T20:00:27.491554+00:00,2026-07-06T20:00:27.491485,2,3,150.7,0.4,150.5,150,150.4,100,,,,,,,,,,,,,,,,,150.9,100,151.0,150,151.1,8,,,,,,,,,,,,,,
2026-07-06T20:00:27.775857+00:00,2026-07-06T20:00:27.775779,2,2,150.7,0.4,150.5,150,150.4,100,,,,,,,,,,,,,,,,,150.9,100,151.1,8,,,,,,,,,,,,,,,,
2026-07-06T20:00:27.781031+00:00,2026-07-06T20:00:27.780969,1,2,150.65,0.5,150.4,100,,,,,,,,,,,,,,,,,,,150.9,100,151.1,8,,,,,,,,,,,,,,,,
2026-07-06T20:00:27.858787+00:00,2026-07-06T20:00:27.853109,2,2,150.7,0.4,150.5,150,150.4,100,,,,,,,,,,,,,,,,,150.9,100,151.1,8,,,,,,,,,,,,,,,,
2026-07-06T20:00:27.915929+00:00,2026-07-06T20:00:27.915797,2,3,150.7,0.4,150.5,150,150.4,100,,,,,,,,,,,,,,,,,150.9,100,151.0,150,151.1,8,,,,,,,,,,,,,,
2026-07-06T20:00:28.586761+00:00,2026-07-06T20:00:28.586978,2,3,150.7,0.4,150.5,150,150.4,100,,,,,,,,,,,,,,,,,150.9,50,151.0,150,151.1,8,,,,,,,,,,,,,,
2026-07-06T20:00:29.915182+00:00,2026-07-06T20:00:29.848676,2,3,150.7,0.4,150.5,150,150.4,100,,,,,,,,,,,,,,,,,150.9,8,151.0,150,151.1,8,,,,,,,,,,,,,,
2026-07-06T20:00:29.968909+00:00,2026-07-06T20:00:29.968847,2,2,150.7,0.4,150.5,150,150.4,100,,,,,,,,,,,,,,,,,150.9,8,151.0,150,,,,,,,,,,,,,,,,
2026-07-06T20:00:29.974109+00:00,2026-07-06T20:00:29.974051,2,3,150.7,0.4,150.5,150,150.4,100,,,,,,,,,,,,,,,,,150.9,8,151.0,150,151.2,8,,,,,,,,,,,,,,
2026-07-06T20:00:30.558628+00:00,2026-07-06T20:00:30.476924,2,3,150.7,0.4,150.5,150,150.4,100,,,,,,,,,,,,,,,,,150.9,8,151.0,150,151.1,8,,,,,,,,,,,,,,
2026-07-06T20:00:30.564420+00:00,2026-07-06T20:00:30.564052,1,2,150.75,0.5,150.5,150,,,,,,,,,,,,,,,,,,,151.0,150,151.1,8,,,,,,,,,,,,,,,,
2026-07-06T20:00:30.659388+00:00,2026-07-06T20:00:30.659107,2,2,150.8,0.4,150.6,100,150.5,150,,,,,,,,,,,,,,,,,151.0,150,151.1,108,,,,,,,,,,,,,,,,
2026-07-06T20:00:30.764115+00:00,2026-07-06T20:00:30.764059,2,2,150.8,0.4,150.6,100,150.5,150,,,,,,,,,,,,,,,,,151.0,100,151.1,108,,,,,,,,,,,,,,,,
2026-07-06T20:00:30.961427+00:00,2026-07-06T20:00:30.961254,1,1,150.85,0.5,150.6,100,,,,,,,,,,,,,,,,,,,151.1,108,,,,,,,,,,,,,,,,,,
2026-07-06T20:00:31.064340+00:00,2026-07-06T20:00:31.064161,2,1,150.95,0.3,150.8,150,150.6,100,,,,,,,,,,,,,,,,,151.1,108,,,,,,,,,,,,,,,,,,
2026-07-06T20:00:31.164374+00:00,2026-07-06T20:00:31.163943,2,2,150.95,0.3,150.8,150,150.6,100,,,,,,,,,,,,,,,,,151.1,108,151.3,150,,,,,,,,,,,,,,,,
2026-07-06T20:00:31.264412+00:00,2026-07-06T20:00:31.264249,2,2,150.95,0.3,150.8,150,150.6,100,,,,,,,,,,,,,,,,,151.1,108,151.3,150,,,,,,,,,,,,,,,,
2026-07-06T20:00:31.464477+00:00,2026-07-06T20:00:31.464073,2,2,150.95,0.3,150.8,109,150.6,100,,,,,,,,,,,,,,,,,151.1,108,151.3,150,,,,,,,,,,,,,,,,
2026-07-06T20:00:31.977960+00:00,2026-07-06T20:00:31.977789,2,2,150.95,0.3,150.8,109,150.6,100,,,,,,,,,,,,,,,,,151.1,65,151.3,150,,,,,,,,,,,,,,,,
2026-07-06T20:00:32.032885+00:00,2026-07-06T20:00:32.033053,2,2,150.95,0.3,150.8,67,150.6,100,,,,,,,,,,,,,,,,,151.1,65,151.3,150,,,,,,,,,,,,,,,,
2026-07-06T20:00:32.960372+00:00,2026-07-06T20:00:32.959927,2,2,150.95,0.3,150.8,67,150.6,100,,,,,,,,,,,,,,,,,151.1,15,151.3,150,,,,,,,,,,,,,,,,
2026-07-06T20:00:33.163789+00:00,2026-07-06T20:00:33.164248,2,2,150.95,0.3,150.8,18,150.6,100,,,,,,,,,,,,,,,,,151.1,15,151.3,150,,,,,,,,,,,,,,,,
2026-07-06T20:00:33.969981+00:00,2026-07-06T20:00:33.963584,2,2,151.2,0.2,151.1,89,150.8,18,,,,,,,,,,,,,,,,,151.3,150,151.6,100,,,,,,,,,,,,,,,,
2026-07-06T20:00:34.364910+00:00,2026-07-06T20:00:34.269394,1,2,150.55,0.5,150.3,150,,,,,,,,,,,,,,,,,,,150.8,58,151.6,100,,,,,,,,,,,,,,,,
2026-07-06T20:00:34.910346+00:00,2026-07-06T20:00:34.910588,1,2,150.55,0.5,150.3,150,,,,,,,,,,,,,,,,,,,150.8,8,151.6,100,,,,,,,,,,,,,,,,
2026-07-06T20:00:37.059001+00:00,2026-07-06T20:00:36.971606,2,2,150.7,0.2,150.6,100,150.3,150,,,,,,,,,,,,,,,,,150.8,8,151.1,100,,,,,,,,,,,,,,,,
2026-07-06T20:00:37.158799+00:00,2026-07-06T20:00:37.066701,2,2,150.7,0.2,150.6,50,150.3,150,,,,,,,,,,,,,,,,,150.8,8,151.1,100,,,,,,,,,,,,,,,,
2026-07-06T20:00:37.359509+00:00,2026-07-06T20:00:37.359324,2,1,150.9,0.4,150.7,150,150.6,50,,,,,,,,,,,,,,,,,151.1,100,,,,,,,,,,,,,,,,,,
2026-07-06T20:00:37.659594+00:00,2026-07-06T20:00:37.558818,2,2,150.9,0.4,150.7,150,150.6,50,,,,,,,,,,,,,,,,,151.1,100,151.2,150,,,,,,,,,,,,,,,,
2026-07-06T20:00:38.058864+00:00,2026-07-06T20:00:37.963217,2,2,150.9,0.4,150.7,150,150.6,50,,,,,,,,,,,,,,,,,151.1,59,151.2,150,,,,,,,,,,,,,,,,
2026-07-06T20:00:38.564077+00:00,2026-07-06T20:00:38.564336,2,2,150.9,0.4,150.7,150,150.6,50,,,,,,,,,,,,,,,,,151.1,12,151.2,150,,,,,,,,,,,,,,,,
2026-07-06T20:00:39.176977+00:00,2026-07-06T20:00:39.164310,2,2,150.9,0.4,150.7,100,150.6,50,,,,,,,,,,,,,,,,,151.1,12,151.2,150,,,,,,,,,,,,,,,,
2026-07-06T20:00:40.063943+00:00,2026-07-06T20:00:40.063857,1,1,150.95,0.5,150.7,100,,,,,,,,,,,,,,,,,,,151.2,150,,,,,,,,,,,,,,,,,,
2026-07-06T20:00:40.080948+00:00,2026-07-06T20:00:40.080893,1,1,150.95,0.5,150.7,200,,,,,,,,,,,,,,,,,,,151.2,150,,,,,,,,,,,,,,,,,,
2026-07-06T20:00:40.169286+00:00,2026-07-06T20:00:40.169080,1,1,150.95,0.5,150.7,200,,,,,,,,,,,,,,,,,,,151.2,250,,,,,,,,,,,,,,,,,,
2026-07-06T20:00:40.463999+00:00,2026-07-06T20:00:40.463953,1,1,150.95,0.5,150.7,100,,,,,,,,,,,,,,,,,,,151.2,100,,,,,,,,,,,,,,,,,,
2026-07-06T20:00:40.517069+00:00,2026-07-06T20:00:40.517179,2,1,150.95,0.5,150.7,100,150.5,150,,,,,,,,,,,,,,,,,151.2,100,,,,,,,,,,,,,,,,,,
2026-07-06T20:00:40.569023+00:00,2026-07-06T20:00:40.568961,2,2,150.85,0.3,150.7,100,150.5,150,,,,,,,,,,,,,,,,,151.0,150,151.2,100,,,,,,,,,,,,,,,,
2026-07-06T20:00:41.369668+00:00,2026-07-06T20:00:41.369364,2,2,150.85,0.3,150.7,58,150.5,150,,,,,,,,,,,,,,,,,151.0,158,151.2,100,,,,,,,,,,,,,,,,
2026-07-06T20:00:41.963679+00:00,2026-07-06T20:00:41.963927,2,2,150.85,0.3,150.7,17,150.5,150,,,,,,,,,,,,,,,,,151.0,158,151.2,100,,,,,,,,,,,,,,,,
2026-07-06T20:00:43.195896+00:00,2026-07-06T20:00:43.195800,2,1,150.85,0.3,150.7,8,150.5,150,,,,,,,,,,,,,,,,,151.0,158,,,,,,,,,,,,,,,,,,
2026-07-06T20:00:43.268803+00:00,2026-07-06T20:00:43.268992,2,1,150.85,0.3,150.7,8,150.5,250,,,,,,,,,,,,,,,,,151.0,158,,,,,,,,,,,,,,,,,,
2026-07-06T20:00:43.304049+00:00,2026-07-06T20:00:43.303957,2,1,150.85,0.3,150.7,8,150.5,250,,,,,,,,,,,,,,,,,151.0,258,,,,,,,,,,,,,,,,,,
2026-07-06T20:00:43.665044+00:00,2026-07-06T20:00:43.664707,2,1,150.85,0.3,150.7,8,150.5,100,,,,,,,,,,,,,,,,,151.0,108,,,,,,,,,,,,,,,,,,
2026-07-06T20:00:43.694024+00:00,2026-07-06T20:00:43.693942,3,1,150.85,0.3,150.7,8,150.6,150,150.5,100,,,,,,,,,,,,,,,151.0,108,,,,,,,,,,,,,,,,,,
2026-07-06T20:00:43.764023+00:00,2026-07-06T20:00:43.763881,3,2,150.85,0.3,150.7,8,150.6,150,150.5,100,,,,,,,,,,,,,,,151.0,108,151.1,150,,,,,,,,,,,,,,,,
2026-07-06T20:00:44.292308+00:00,2026-07-06T20:00:44.292147,2,2,150.8,0.4,150.6,118,150.5,100,,,,,,,,,,,,,,,,,151.0,108,151.1,150,,,,,,,,,,,,,,,,
2026-07-06T20:00:45.433638+00:00,2026-07-06T20:00:45.436726,2,2,150.8,0.4,150.6,118,150.5,100,,,,,,,,,,,,,,,,,151.0,58,151.1,150,,,,,,,,,,,,,,,,
2026-07-06T20:00:45.620147+00:00,2026-07-06T20:00:45.620376,3,2,150.85,0.3,150.7,8,150.6,118,150.5,100,,,,,,,,,,,,,,,151.0,58,151.1,150,,,,,,,,,,,,,,,,
2026-07-06T20:00:45.625692+00:00,2026-07-06T20:00:45.625570,3,2,150.85,0.3,150.7,8,150.6,118,150.5,100,,,,,,,,,,,,,,,151.0,58,151.1,158,,,,,,,,,,,,,,,,
2026-07-06T20:00:45.885073+00:00,2026-07-06T20:00:45.885030,2,2,150.8,0.4,150.6,118,150.5,100,,,,,,,,,,,,,,,,,151.0,58,151.1,150,,,,,,,,,,,,,,,,
2026-07-06T20:00:45.890405+00:00,2026-07-06T20:00:45.890300,3,2,150.9,0.2,150.8,8,150.6,118,150.5,100,,,,,,,,,,,,,,,151.0,58,151.1,158,,,,,,,,,,,,,,,,
2026-07-06T20:00:46.364053+00:00,2026-07-06T20:00:46.363915,2,1,150.95,0.3,150.8,8,150.6,118,,,,,,,,,,,,,,,,,151.1,158,,,,,,,,,,,,,,,,,,
2026-07-06T20:00:46.413075+00:00,2026-07-06T20:00:46.413005,3,1,150.95,0.3,150.8,8,150.7,100,150.6,118,,,,,,,,,,,,,,,151.1,158,,,,,,,,,,,,,,,,,,
2026-07-06T20:00:46.465271+00:00,2026-07-06T20:00:46.465196,3,2,150.95,0.3,150.8,8,150.7,100,150.6,118,,,,,,,,,,,,,,,151.1,158,151.2,100,,,,,,,,,,,,,,,,
2026-07-06T20:00:46.859254+00:00,2026-07-06T20:00:46.859009,3,2,150.95,0.3,150.8,8,150.7,100,150.5,150,,,,,,,,,,,,,,,151.1,8,151.2,100,,,,,,,,,,,,,,,,
2026-07-06T20:00:46.963681+00:00,2026-07-06T20:00:46.963928,3,3,150.9,0.2,150.8,8,150.7,100,150.5,150,,,,,,,,,,,,,,,151.0,150,151.1,8,151.2,100,,,,,,,,,,,,,,
2026-07-06T20:00:48.659963+00:00,2026-07-06T20:00:48.464704,2,2,150.85,0.3,150.7,108,150.5,150,,,,,,,,,,,,,,,,,151.0,158,151.2,100,,,,,,,,,,,,,,,,
2026-07-06T20:00:49.559246+00:00,2026-07-06T20:00:49.558961,2,1,150.85,0.3,150.7,8,150.5,150,,,,,,,,,,,,,,,,,151.0,158,,,,,,,,,,,,,,,,,,
2026-07-06T20:00:49.660524+00:00,2026-07-06T20:00:49.660103,3,2,150.85,0.3,150.7,8,150.6,100,150.5,150,,,,,,,,,,,,,,,151.0,158,151.1,100,,,,,,,,,,,,,,,,
2026-07-06T20:00:49.859127+00:00,2026-07-06T20:00:49.763937,2,2,150.8,0.4,150.6,58,150.5,150,,,,,,,,,,,,,,,,,151.0,158,151.1,100,,,,,,,,,,,,,,,,
2026-07-06T20:00:49.978922+00:00,2026-07-06T20:00:49.978770,1,2,150.8,0.4,150.6,58,,,,,,,,,,,,,,,,,,,151.0,8,151.1,100,,,,,,,,,,,,,,,,
2026-07-06T20:00:50.009616+00:00,2026-07-06T20:00:50.009560,2,2,150.8,0.4,150.6,58,150.4,150,,,,,,,,,,,,,,,,,151.0,8,151.1,100,,,,,,,,,,,,,,,,
2026-07-06T20:00:50.063670+00:00,2026-07-06T20:00:50.063999,2,3,150.75,0.3,150.6,58,150.4,150,,,,,,,,,,,,,,,,,150.9,150,151.0,8,151.1,100,,,,,,,,,,,,,,
2026-07-06T20:00:50.563678+00:00,2026-07-06T20:00:50.563929,2,3,150.75,0.3,150.6,58,150.4,150,,,,,,,,,,,,,,,,,150.9,108,151.0,8,151.1,100,,,,,,,,,,,,,,
2026-07-06T20:00:51.669242+00:00,2026-07-06T20:00:51.669200,2,3,150.75,0.3,150.6,13,150.4,150,,,,,,,,,,,,,,,,,150.9,108,151.0,8,151.1,100,,,,,,,,,,,,,,
2026-07-06T20:00:51.757858+00:00,2026-07-06T20:00:51.757700,2,3,150.75,0.3,150.6,13,150.4,150,,,,,,,,,,,,,,,,,150.9,58,151.0,8,151.1,100,,,,,,,,,,,,,,
2026-07-06T20:00:52.463895+00:00,2026-07-06T20:00:52.463851,2,2,150.75,0.3,150.6,13,150.4,150,,,,,,,,,,,,,,,,,150.9,58,151.1,100,,,,,,,,,,,,,,,,
2026-07-06T20:00:52.469072+00:00,2026-07-06T20:00:52.469035,2,3,150.75,0.3,150.6,13,150.4,150,,,,,,,,,,,,,,,,,150.9,58,151.1,100,151.2,8,,,,,,,,,,,,,,
2026-07-06T20:00:52.685158+00:00,2026-07-06T20:00:52.685112,2,2,150.75,0.3,150.6,13,150.4,150,,,,,,,,,,,,,,,,,150.9,58,151.2,8,,,,,,,,,,,,,,,,
2026-07-06T20:00:52.690439+00:00,2026-07-06T20:00:52.690306,1,2,150.65,0.5,150.4,150,,,,,,,,,,,,,,,,,,,150.9,58,151.2,8,,,,,,,,,,,,,,,,
2026-07-06T20:00:52.726049+00:00,2026-07-06T20:00:52.726167,1,2,150.65,0.5,150.4,150,,,,,,,,,,,,,,,,,,,150.9,58,151.2,8,,,,,,,,,,,,,,,,
2026-07-06T20:00:52.738968+00:00,2026-07-06T20:00:52.738939,2,2,150.75,0.3,150.6,100,150.4,150,,,,,,,,,,,,,,,,,150.9,58,151.2,8,,,,,,,,,,,,,,,,
2026-07-06T20:00:52.796193+00:00,2026-07-06T20:00:52.796100,2,3,150.75,0.3,150.6,100,150.4,150,,,,,,,,,,,,,,,,,150.9,58,151.1,100,151.2,8,,,,,,,,,,,,,,
2026-07-06T20:00:52.983398+00:00,2026-07-06T20:00:52.983332,2,3,150.75,0.3,150.6,100,150.4,150,,,,,,,,,,,,,,,,,150.9,58,151.1,100,151.2,8,,,,,,,,,,,,,,
2026-07-06T20:00:53.122018+00:00,2026-07-06T20:00:53.121874,2,2,150.85,0.5,150.6,100,150.4,150,,,,,,,,,,,,,,,,,151.1,100,151.2,8,,,,,,,,,,,,,,,,
2026-07-06T20:00:53.127130+00:00,2026-07-06T20:00:53.127058,1,2,150.85,0.5,150.6,100,,,,,,,,,,,,,,,,,,,151.1,100,151.2,8,,,,,,,,,,,,,,,,
2026-07-06T20:00:53.179351+00:00,2026-07-06T20:00:53.179313,2,2,151.05,0.1,151.0,150,150.6,100,,,,,,,,,,,,,,,,,151.1,100,151.2,8,,,,,,,,,,,,,,,,
2026-07-06T20:00:53.233832+00:00,2026-07-06T20:00:53.233993,2,3,151.05,0.1,151.0,150,150.6,100,,,,,,,,,,,,,,,,,151.1,100,151.2,8,151.5,150,,,,,,,,,,,,,,
2026-07-06T20:00:53.239280+00:00,2026-07-06T20:00:53.239197,2,2,151.05,0.1,151.0,150,150.6,100,,,,,,,,,,,,,,,,,151.1,100,151.5,150,,,,,,,,,,,,,,,,
2026-07-06T20:00:53.244485+00:00,2026-07-06T20:00:53.244382,2,3,151.05,0.1,151.0,150,150.6,100,,,,,,,,,,,,,,,,,151.1,100,151.2,8,151.5,150,,,,,,,,,,,,,,
2026-07-06T20:00:53.879510+00:00,2026-07-06T20:00:53.879666,2,3,151.05,0.1,151.0,150,150.6,100,,,,,,,,,,,,,,,,,151.1,50,151.2,8,151.5,150,,,,,,,,,,,,,,
2026-07-06T20:00:53.885066+00:00,2026-07-06T20:00:53.884953,2,3,151.05,0.1,151.0,150,150.6,100,,,,,,,,,,,,,,,,,151.1,2,151.2,8,151.5,150,,,,,,,,,,,,,,
2026-07-06T20:00:53.931422+00:00,2026-07-06T20:00:53.927820,2,3,151.05,0.1,151.0,147,150.6,100,,,,,,,,,,,,,,,,,151.1,2,151.2,8,151.5,150,,,,,,,,,,,,,,
2026-07-06T20:00:55.858688+00:00,2026-07-06T20:00:55.847895,1,2,151.1,0.2,151.0,147,,,,,,,,,,,,,,,,,,,151.2,8,151.5,150,,,,,,,,,,,,,,,,
2026-07-06T20:00:55.901651+00:00,2026-07-06T20:00:55.901611,2,2,151.1,0.2,151.0,147,150.8,100,,,,,,,,,,,,,,,,,151.2,8,151.5,150,,,,,,,,,,,,,,,,
2026-07-06T20:00:55.964051+00:00,2026-07-06T20:00:55.964003,2,3,151.1,0.2,151.0,100,150.8,100,,,,,,,,,,,,,,,,,151.2,8,151.3,100,151.5,150,,,,,,,,,,,,,,
2026-07-06T20:00:55.985824+00:00,2026-07-06T20:00:55.985679,2,2,151.15,0.3,151.0,100,150.8,100,,,,,,,,,,,,,,,,,151.3,58,151.5,150,,,,,,,,,,,,,,,,
2026-07-06T20:00:56.364848+00:00,2026-07-06T20:00:56.364736,2,1,151.1,0.4,150.9,150,150.8,100,,,,,,,,,,,,,,,,,151.3,58,,,,,,,,,,,,,,,,,,
2026-07-06T20:00:56.398824+00:00,2026-07-06T20:00:56.398695,2,2,151.1,0.4,150.9,150,150.8,100,,,,,,,,,,,,,,,,,151.3,58,151.4,150,,,,,,,,,,,,,,,,
2026-07-06T20:00:58.094011+00:00,2026-07-06T20:00:58.093877,2,2,151.1,0.4,150.9,150,150.8,100,,,,,,,,,,,,,,,,,151.3,8,151.4,150,,,,,,,,,,,,,,,,
2026-07-06T20:00:59.064095+00:00,2026-07-06T20:00:59.064062,2,1,151.3,0.2,151.2,100,150.9,150,,,,,,,,,,,,,,,,,151.4,150,,,,,,,,,,,,,,,,,,
2026-07-06T20:00:59.164060+00:00,2026-07-06T20:00:59.163909,2,2,151.3,0.2,151.2,100,150.9,150,,,,,,,,,,,,,,,,,151.4,150,151.7,100,,,,,,,,,,,,,,,,
2026-07-06T20:00:59.459112+00:00,2026-07-06T20:00:59.458976,1,1,151.45,0.5,151.2,100,,,,,,,,,,,,,,,,,,,151.7,100,,,,,,,,,,,,,,,,,,
2026-07-06T20:00:59.564248+00:00,2026-07-06T20:00:59.564075,3,3,151.3,0.2,151.2,100,151.0,8,150.9,150,,,,,,,,,,,,,,,151.4,150,151.6,8,151.7,100,,,,,,,,,,,,,,
2026-07-06T20:00:59.858711+00:00,2026-07-06T20:00:59.776811,3,3,151.25,0.1,151.2,100,151.0,8,150.9,150,,,,,,,,,,,,,,,151.3,8,151.4,150,151.7,100,,,,,,,,,,,,,,
2026-07-06T20:01:00.259185+00:00,2026-07-06T20:01:00.259085,3,2,151.3,0.2,151.2,100,151.0,8,150.9,150,,,,,,,,,,,,,,,151.4,108,151.7,100,,,,,,,,,,,,,,,,
2026-07-06T20:01:00.364303+00:00,2026-07-06T20:01:00.364019,3,2,151.3,0.2,151.2,100,151.1,8,150.9,150,,,,,,,,,,,,,,,151.4,116,151.7,100,,,,,,,,,,,,,,,,
2026-07-06T20:01:02.258714+00:00,2026-07-06T20:01:02.222510,3,1,151.35,0.1,151.3,100,151.1,8,150.9,150,,,,,,,,,,,,,,,151.4,116,,,,,,,,,,,,,,,,,,
2026-07-06T20:01:02.364529+00:00,2026-07-06T20:01:02.363909,3,2,151.35,0.1,151.3,100,151.1,8,150.9,150,,,,,,,,,,,,,,,151.4,116,151.8,100,,,,,,,,,,,,,,,,
2026-07-06T20:01:02.458580+00:00,2026-07-06T20:01:02.375256,3,2,151.35,0.1,151.3,50,151.1,8,150.9,150,,,,,,,,,,,,,,,151.4,116,151.8,100,,,,,,,,,,,,,,,,
2026-07-06T20:01:02.559856+00:00,2026-07-06T20:01:02.559547,3,2,151.35,0.1,151.3,50,151.1,8,150.9,150,,,,,,,,,,,,,,,151.4,73,151.8,100,,,,,,,,,,,,,,,,
2026-07-06T20:01:02.659397+00:00,2026-07-06T20:01:02.659118,2,2,151.35,0.1,151.3,50,151.1,8,,,,,,,,,,,,,,,,,151.4,8,151.8,100,,,,,,,,,,,,,,,,
2026-07-06T20:01:02.859882+00:00,2026-07-06T20:01:02.859120,2,2,151.35,0.1,151.3,200,151.1,8,,,,,,,,,,,,,,,,,151.4,8,151.8,250,,,,,,,,,,,,,,,,
2026-07-06T20:01:04.558972+00:00,2026-07-06T20:01:04.479054,2,2,151.35,0.1,151.3,150,151.1,8,,,,,,,,,,,,,,,,,151.4,8,151.8,250,,,,,,,,,,,,,,,,
2026-07-06T20:01:05.561994+00:00,2026-07-06T20:01:05.561349,3,3,151.35,0.1,151.3,150,151.1,8,151.0,100,,,,,,,,,,,,,,,151.4,8,151.5,100,151.8,150,,,,,,,,,,,,,,
2026-07-06T20:01:05.959497+00:00,2026-07-06T20:01:05.959165,3,2,151.3,0.2,151.2,150,151.1,8,151.0,100,,,,,,,,,,,,,,,151.4,8,151.5,100,,,,,,,,,,,,,,,,
2026-07-06T20:01:05.964908+00:00,2026-07-06T20:01:05.964629,3,3,151.3,0.2,151.2,150,151.1,8,151.0,100,,,,,,,,,,,,,,,151.4,8,151.5,100,151.6,150,,,,,,,,,,,,,,
2026-07-06T20:01:06.660557+00:00,2026-07-06T20:01:06.659844,3,3,151.3,0.2,151.2,57,151.1,8,151.0,100,,,,,,,,,,,,,,,151.4,8,151.5,100,151.6,150,,,,,,,,,,,,,,
2026-07-06T20:01:07.159117+00:00,2026-07-06T20:01:07.158872,3,2,151.35,0.3,151.2,57,151.1,8,151.0,100,,,,,,,,,,,,,,,151.5,66,151.6,150,,,,,,,,,,,,,,,,
2026-07-06T20:01:07.670123+00:00,2026-07-06T20:01:07.658899,2,2,151.35,0.3,151.2,65,151.0,100,,,,,,,,,,,,,,,,,151.5,74,151.6,150,,,,,,,,,,,,,,,,
2026-07-06T20:01:07.768952+00:00,2026-07-06T20:01:07.769325,2,2,151.35,0.3,151.2,24,151.0,100,,,,,,,,,,,,,,,,,151.5,74,151.6,150,,,,,,,,,,,,,,,,
2026-07-06T20:01:07.864600+00:00,2026-07-06T20:01:07.864433,3,3,151.3,0.2,151.2,16,151.0,100,150.9,8,,,,,,,,,,,,,,,151.4,8,151.5,66,151.6,150,,,,,,,,,,,,,,
2026-07-06T20:01:08.469925+00:00,2026-07-06T20:01:08.469607,2,2,151.25,0.5,151.0,100,150.9,8,,,,,,,,,,,,,,,,,151.5,32,151.6,150,,,,,,,,,,,,,,,,
2026-07-06T20:01:08.564531+00:00,2026-07-06T20:01:08.564327,1,1,151.25,0.7,150.9,8,,,,,,,,,,,,,,,,,,,151.6,150,,,,,,,,,,,,,,,,,,
2026-07-06T20:01:08.575805+00:00,2026-07-06T20:01:08.575760,2,1,151.3,0.6,151.0,100,150.9,8,,,,,,,,,,,,,,,,,151.6,150,,,,,,,,,,,,,,,,,,
2026-07-06T20:01:08.607338+00:00,2026-07-06T20:01:08.618005,2,2,151.2,0.4,151.0,100,150.9,8,,,,,,,,,,,,,,,,,151.4,100,151.6,150,,,,,,,,,,,,,,,,
2026-07-06T20:01:08.705605+00:00,2026-07-06T20:01:08.705547,2,2,151.2,0.4,151.0,50,150.9,8,,,,,,,,,,,,,,,,,151.4,100,151.6,150,,,,,,,,,,,,,,,,
2026-07-06T20:01:08.964069+00:00,2026-07-06T20:01:08.963899,2,1,151.2,0.4,151.0,50,150.9,8,,,,,,,,,,,,,,,,,151.4,100,,,,,,,,,,,,,,,,,,
2026-07-06T20:01:08.993072+00:00,2026-07-06T20:01:08.993026,3,1,151.2,0.4,151.0,50,150.9,8,150.5,150,,,,,,,,,,,,,,,151.4,100,,,,,,,,,,,,,,,,,,
2026-07-06T20:01:09.064576+00:00,2026-07-06T20:01:09.064530,1,2,150.7,0.4,150.5,150,,,,,,,,,,,,,,,,,,,150.9,92,151.4,100,,,,,,,,,,,,,,,,
2026-07-06T20:01:09.164122+00:00,2026-07-06T20:01:09.163939,2,3,150.75,0.3,150.6,8,150.5,150,,,,,,,,,,,,,,,,,150.9,92,151.2,8,151.4,100,,,,,,,,,,,,,,
2026-07-06T20:01:09.378074+00:00,2026-07-06T20:01:09.377963,1,3,150.7,0.4,150.5,150,,,,,,,,,,,,,,,,,,,150.9,92,151.2,8,151.4,100,,,,,,,,,,,,,,
2026-07-06T20:01:09.383258+00:00,2026-07-06T20:01:09.383153,1,2,150.7,0.4,150.5,150,,,,,,,,,,,,,,,,,,,150.9,92,151.4,100,,,,,,,,,,,,,,,,
2026-07-06T20:01:09.388402+00:00,2026-07-06T20:01:09.388379,2,3,150.8,0.2,150.7,8,150.5,150,,,,,,,,,,,,,,,,,150.9,92,151.0,8,151.4,100,,,,,,,,,,,,,,
2026-07-06T20:01:09.545712+00:00,2026-07-06T20:01:09.545572,2,3,150.8,0.2,150.7,8,150.5,150,,,,,,,,,,,,,,,,,150.9,45,151.0,8,151.4,100,,,,,,,,,,,,,,
2026-07-06T20:01:10.868747+00:00,2026-07-06T20:01:10.869244,1,3,150.7,0.4,150.5,108,,,,,,,,,,,,,,,,,,,150.9,45,151.0,8,151.4,100,,,,,,,,,,,,,,
2026-07-06T20:01:11.163720+00:00,2026-07-06T20:01:11.164295,2,3,150.75,0.3,150.6,8,150.5,108,,,,,,,,,,,,,,,,,150.9,45,151.1,8,151.4,100,,,,,,,,,,,,,,
2026-07-06T20:01:11.578501+00:00,2026-07-06T20:01:11.860186,2,2,150.75,0.3,150.6,108,150.5,108,,,,,,,,,,,,,,,,,150.9,45,151.1,108,,,,,,,,,,,,,,,,
2026-07-06T20:01:12.164420+00:00,2026-07-06T20:01:12.164324,2,1,150.9,0.4,150.7,150,150.6,100,,,,,,,,,,,,,,,,,151.1,108,,,,,,,,,,,,,,,,,,
2026-07-06T20:01:12.169665+00:00,2026-07-06T20:01:12.169604,2,1,150.9,0.4,150.7,150,150.6,100,,,,,,,,,,,,,,,,,151.1,100,,,,,,,,,,,,,,,,,,
2026-07-06T20:01:12.180195+00:00,2026-07-06T20:01:12.180090,3,2,150.95,0.3,150.8,8,150.7,150,150.6,100,,,,,,,,,,,,,,,151.1,100,151.2,8,,,,,,,,,,,,,,,,
2026-07-06T20:01:12.259149+00:00,2026-07-06T20:01:12.258867,3,2,150.95,0.3,150.8,8,150.7,150,150.6,100,,,,,,,,,,,,,,,151.1,100,151.2,158,,,,,,,,,,,,,,,,
2026-07-06T20:01:12.868489+00:00,2026-07-06T20:01:12.959389,2,2,150.9,0.4,150.7,108,150.6,100,,,,,,,,,,,,,,,,,151.1,100,151.2,158,,,,,,,,,,,,,,,,
2026-07-06T20:01:13.768494+00:00,2026-07-06T20:01:13.859050,2,2,150.9,0.4,150.7,63,150.6,100,,,,,,,,,,,,,,,,,151.1,100,151.2,158,,,,,,,,,,,,,,,,
2026-07-06T20:01:14.859268+00:00,2026-07-06T20:01:14.859072,1,1,150.95,0.5,150.7,63,,,,,,,,,,,,,,,,,,,151.2,158,,,,,,,,,,,,,,,,,,
2026-07-06T20:01:14.964386+00:00,2026-07-06T20:01:14.964121,1,2,150.9,0.4,150.7,163,,,,,,,,,,,,,,,,,,,151.1,100,151.2,158,,,,,,,,,,,,,,,,
2026-07-06T20:01:15.268534+00:00,2026-07-06T20:01:15.267922,1,2,150.9,0.4,150.7,113,,,,,,,,,,,,,,,,,,,151.1,100,151.2,158,,,,,,,,,,,,,,,,
2026-07-06T20:01:15.273800+00:00,2026-07-06T20:01:15.273716,1,2,150.9,0.4,150.7,100,,,,,,,,,,,,,,,,,,,151.1,100,151.2,8,,,,,,,,,,,,,,,,
2026-07-06T20:01:15.358689+00:00,2026-07-06T20:01:15.315904,2,2,150.9,0.4,150.7,100,150.2,150,,,,,,,,,,,,,,,,,151.1,100,151.2,8,,,,,,,,,,,,,,,,
2026-07-06T20:01:15.372805+00:00,2026-07-06T20:01:15.373011,1,3,150.45,0.5,150.2,150,,,,,,,,,,,,,,,,,,,150.7,50,151.1,100,151.2,8,,,,,,,,,,,,,,
2026-07-06T20:01:15.382068+00:00,2026-07-06T20:01:15.376424,1,3,150.45,0.5,150.2,150,,,,,,,,,,,,,,,,,,,150.7,36,151.1,100,151.2,8,,,,,,,,,,,,,,
2026-07-06T20:01:15.459223+00:00,2026-07-06T20:01:15.459018,2,3,150.5,0.4,150.3,8,150.2,150,,,,,,,,,,,,,,,,,150.7,36,151.1,100,151.2,8,,,,,,,,,,,,,,
2026-07-06T20:01:15.765320+00:00,2026-07-06T20:01:15.764993,2,3,150.5,0.4,150.3,8,150.2,150,,,,,,,,,,,,,,,,,150.7,33,151.1,100,151.2,8,,,,,,,,,,,,,,
2026-07-06T20:01:16.159535+00:00,2026-07-06T20:01:15.965416,2,2,150.55,0.3,150.4,5,150.2,150,,,,,,,,,,,,,,,,,150.7,33,151.1,108,,,,,,,,,,,,,,,,
2026-07-06T20:01:17.359357+00:00,2026-07-06T20:01:17.259260,1,2,150.45,0.5,150.2,105,,,,,,,,,,,,,,,,,,,150.7,33,151.1,108,,,,,,,,,,,,,,,,
2026-07-06T20:01:17.658787+00:00,2026-07-06T20:01:17.564224,1,3,150.45,0.5,150.2,105,,,,,,,,,,,,,,,,,,,150.7,33,151.0,8,151.1,100,,,,,,,,,,,,,,
2026-07-06T20:01:18.058735+00:00,2026-07-06T20:01:17.997303,1,2,150.45,0.5,150.2,105,,,,,,,,,,,,,,,,,,,150.7,33,151.0,8,,,,,,,,,,,,,,,,
2026-07-06T20:01:18.063908+00:00,2026-07-06T20:01:18.063748,2,2,150.45,0.5,150.2,105,150.1,100,,,,,,,,,,,,,,,,,150.7,33,151.0,8,,,,,,,,,,,,,,,,
2026-07-06T20:01:18.159072+00:00,2026-07-06T20:01:18.158803,2,3,150.35,0.3,150.2,105,150.1,100,,,,,,,,,,,,,,,,,150.5,100,150.7,33,151.0,8,,,,,,,,,,,,,,
2026-07-06T20:01:18.464223+00:00,2026-07-06T20:01:18.464094,1,2,150.3,0.4,150.1,100,,,,,,,,,,,,,,,,,,,150.5,100,151.0,8,,,,,,,,,,,,,,,,
2026-07-06T20:01:18.559688+00:00,2026-07-06T20:01:18.559321,1,3,150.3,0.4,150.1,250,,,,,,,,,,,,,,,,,,,150.5,100,150.6,150,151.0,8,,,,,,,,,,,,,,
2026-07-06T20:01:19.059233+00:00,2026-07-06T20:01:18.970080,1,3,150.3,0.4,150.1,250,,,,,,,,,,,,,,,,,,,150.5,58,150.6,150,151.0,8,,,,,,,,,,,,,,
2026-07-06T20:01:19.308596+00:00,2026-07-06T20:01:19.308457,1,3,150.3,0.4,150.1,200,,,,,,,,,,,,,,,,,,,150.5,58,150.6,150,151.0,8,,,,,,,,,,,,,,
2026-07-06T20:01:19.405585+00:00,2026-07-06T20:01:19.398918,1,3,150.3,0.4,150.1,200,,,,,,,,,,,,,,,,,,,150.5,46,150.6,150,151.0,8,,,,,,,,,,,,,,
2026-07-06T20:01:19.564071+00:00,2026-07-06T20:01:19.563916,1,3,150.3,0.4,150.1,154,,,,,,,,,,,,,,,,,,,150.5,46,150.6,150,151.0,8,,,,,,,,,,,,,,
2026-07-06T20:01:21.161246+00:00,2026-07-06T20:01:21.160706,1,2,150.35,0.5,150.1,150,,,,,,,,,,,,,,,,,,,150.6,150,151.0,8,,,,,,,,,,,,,,,,
2026-07-06T20:01:21.268775+00:00,2026-07-06T20:01:21.269368,2,2,150.35,0.5,150.1,150,150.0,100,,,,,,,,,,,,,,,,,150.6,101,151.0,8,,,,,,,,,,,,,,,,
2026-07-06T20:01:21.358716+00:00,2026-07-06T20:01:21.274611,2,3,150.3,0.4,150.1,150,150.0,100,,,,,,,,,,,,,,,,,150.5,100,150.6,101,151.0,8,,,,,,,,,,,,,,
2026-07-06T20:01:21.459233+00:00,2026-07-06T20:01:21.458928,2,3,150.3,0.4,150.1,100,150.0,100,,,,,,,,,,,,,,,,,150.5,100,150.6,101,151.0,8,,,,,,,,,,,,,,
2026-07-06T20:01:21.658770+00:00,2026-07-06T20:01:21.583439,1,2,150.25,0.5,150.0,100,,,,,,,,,,,,,,,,,,,150.5,100,151.0,8,,,,,,,,,,,,,,,,
2026-07-06T20:01:21.669138+00:00,2026-07-06T20:01:21.669009,2,2,150.35,0.3,150.2,150,150.0,100,,,,,,,,,,,,,,,,,150.5,100,151.0,8,,,,,,,,,,,,,,,,
2026-07-06T20:01:21.858645+00:00,2026-07-06T20:01:21.764697,2,3,150.35,0.3,150.2,150,150.0,100,,,,,,,,,,,,,,,,,150.5,100,150.7,150,151.1,8,,,,,,,,,,,,,,
2026-07-06T20:01:22.772727+00:00,2026-07-06T20:01:22.772958,2,3,150.35,0.3,150.2,150,150.0,100,,,,,,,,,,,,,,,,,150.5,100,150.7,150,150.9,8,,,,,,,,,,,,,,
2026-07-06T20:01:23.059674+00:00,2026-07-06T20:01:23.059218,2,3,150.35,0.3,150.2,105,150.0,100,,,,,,,,,,,,,,,,,150.5,59,150.7,150,150.9,8,,,,,,,,,,,,,,
2026-07-06T20:01:23.542376+00:00,2026-07-06T20:01:23.542329,2,3,150.35,0.3,150.2,55,150.0,100,,,,,,,,,,,,,,,,,150.5,59,150.7,150,150.9,8,,,,,,,,,,,,,,
2026-07-06T20:01:23.589055+00:00,2026-07-06T20:01:23.588987,2,3,150.35,0.3,150.2,55,150.0,100,,,,,,,,,,,,,,,,,150.5,12,150.7,150,150.9,8,,,,,,,,,,,,,,
2026-07-06T20:01:24.369104+00:00,2026-07-06T20:01:24.368959,1,2,150.45,0.5,150.2,55,,,,,,,,,,,,,,,,,,,150.7,150,150.9,8,,,,,,,,,,,,,,,,
2026-07-06T20:01:24.458930+00:00,2026-07-06T20:01:24.429790,1,2,150.45,0.5,150.2,155,,,,,,,,,,,,,,,,,,,150.7,250,150.9,8,,,,,,,,,,,,,,,,
2026-07-06T20:01:24.760984+00:00,2026-07-06T20:01:24.760733,1,2,150.45,0.5,150.2,100,,,,,,,,,,,,,,,,,,,150.7,100,150.9,8,,,,,,,,,,,,,,,,
2026-07-06T20:01:24.864408+00:00,2026-07-06T20:01:24.864385,2,3,150.25,0.1,150.2,100,149.8,150,,,,,,,,,,,,,,,,,150.3,150,150.7,100,150.9,8,,,,,,,,,,,,,,
2026-07-06T20:01:24.875258+00:00,2026-07-06T20:01:24.868011,2,3,150.25,0.1,150.2,100,149.8,150,,,,,,,,,,,,,,,,,150.3,139,150.7,100,150.9,8,,,,,,,,,,,,,,
2026-07-06T20:01:25.176177+00:00,2026-07-06T20:01:25.176735,2,3,150.25,0.1,150.2,52,149.8,150,,,,,,,,,,,,,,,,,150.3,139,150.7,100,150.9,8,,,,,,,,,,,,,,
2026-07-06T20:01:25.270168+00:00,2026-07-06T20:01:25.263307,2,3,150.25,0.1,150.2,52,149.8,150,,,,,,,,,,,,,,,,,150.3,127,150.7,100,150.9,8,,,,,,,,,,,,,,
2026-07-06T20:01:25.474330+00:00,2026-07-06T20:01:25.467565,2,3,150.25,0.1,150.2,52,149.8,150,,,,,,,,,,,,,,,,,150.3,116,150.7,100,150.9,8,,,,,,,,,,,,,,
2026-07-06T20:01:25.558601+00:00,2026-07-06T20:01:25.536102,2,3,150.25,0.1,150.2,52,149.8,150,,,,,,,,,,,,,,,,,150.3,116,150.7,100,151.0,8,,,,,,,,,,,,,,
2026-07-06T20:01:25.664200+00:00,2026-07-06T20:01:25.663994,2,3,150.25,0.1,150.2,2,149.8,150,,,,,,,,,,,,,,,,,150.3,116,150.7,100,151.0,8,,,,,,,,,,,,,,
2026-07-06T20:01:26.087721+00:00,2026-07-06T20:01:26.087553,1,3,150.05,0.5,149.8,150,,,,,,,,,,,,,,,,,,,150.3,116,150.7,100,151.0,8,,,,,,,,,,,,,,
2026-07-06T20:01:26.297985+00:00,2026-07-06T20:01:26.297879,1,2,150.05,0.5,149.8,150,,,,,,,,,,,,,,,,,,,150.3,116,150.7,100,,,,,,,,,,,,,,,,
2026-07-06T20:01:26.302952+00:00,2026-07-06T20:01:26.303047,1,3,150.05,0.5,149.8,150,,,,,,,,,,,,,,,,,,,150.3,116,150.7,100,151.1,8,,,,,,,,,,,,,,
2026-07-06T20:01:27.564105+00:00,2026-07-06T20:01:27.564044,2,2,150.15,0.3,150.0,100,149.8,150,,,,,,,,,,,,,,,,,150.3,116,151.1,8,,,,,,,,,,,,,,,,
2026-07-06T20:01:27.664507+00:00,2026-07-06T20:01:27.664286,2,3,150.15,0.3,150.0,100,149.8,150,,,,,,,,,,,,,,,,,150.3,116,150.5,100,151.1,8,,,,,,,,,,,,,,
2026-07-06T20:01:27.864897+00:00,2026-07-06T20:01:27.864233,2,3,150.15,0.3,150.0,50,149.8,150,,,,,,,,,,,,,,,,,150.3,116,150.5,100,151.1,8,,,,,,,,,,,,,,
2026-07-06T20:01:27.908500+00:00,2026-07-06T20:01:27.958738,1,2,150.25,0.5,150.0,50,,,,,,,,,,,,,,,,,,,150.5,100,151.1,8,,,,,,,,,,,,,,,,
2026-07-06T20:01:27.981637+00:00,2026-07-06T20:01:27.981544,2,2,150.3,0.4,150.1,150,150.0,50,,,,,,,,,,,,,,,,,150.5,100,151.1,8,,,,,,,,,,,,,,,,
2026-07-06T20:01:28.035273+00:00,2026-07-06T20:01:28.035146,2,3,150.3,0.4,150.1,150,150.0,50,,,,,,,,,,,,,,,,,150.5,100,150.6,150,151.1,8,,,,,,,,,,,,,,
2026-07-06T20:01:29.069180+00:00,2026-07-06T20:01:29.069058,2,2,150.3,0.4,150.1,150,150.0,50,,,,,,,,,,,,,,,,,150.5,100,150.6,150,,,,,,,,,,,,,,,,
2026-07-06T20:01:29.074437+00:00,2026-07-06T20:01:29.074315,2,3,150.3,0.4,150.1,150,150.0,50,,,,,,,,,,,,,,,,,150.5,100,150.6,150,151.2,8,,,,,,,,,,,,,,
2026-07-06T20:01:30.578495+00:00,2026-07-06T20:01:30.659159,1,2,150.35,0.5,150.1,150,,,,,,,,,,,,,,,,,,,150.6,150,151.2,8,,,,,,,,,,,,,,,,
2026-07-06T20:01:30.763761+00:00,2026-07-06T20:01:30.764172,1,2,150.35,0.5,150.1,250,,,,,,,,,,,,,,,,,,,150.6,250,151.2,8,,,,,,,,,,,,,,,,
2026-07-06T20:01:31.068501+00:00,2026-07-06T20:01:31.158996,2,2,150.45,0.3,150.3,150,150.1,100,,,,,,,,,,,,,,,,,150.6,100,151.2,8,,,,,,,,,,,,,,,,
2026-07-06T20:01:31.259226+00:00,2026-07-06T20:01:31.258996,2,3,150.45,0.3,150.3,150,150.1,100,,,,,,,,,,,,,,,,,150.6,100,150.8,150,151.2,8,,,,,,,,,,,,,,
2026-07-06T20:01:31.364205+00:00,2026-07-06T20:01:31.364022,2,3,150.45,0.3,150.3,150,150.1,100,,,,,,,,,,,,,,,,,150.6,100,150.8,150,151.2,8,,,,,,,,,,,,,,
2026-07-06T20:01:32.064726+00:00,2026-07-06T20:01:32.064300,2,3,150.45,0.3,150.3,100,150.1,100,,,,,,,,,,,,,,,,,150.6,100,150.8,150,151.2,8,,,,,,,,,,,,,,
2026-07-06T20:01:32.485438+00:00,2026-07-06T20:01:32.485401,2,3,150.45,0.3,150.3,100,150.1,100,,,,,,,,,,,,,,,,,150.6,60,150.8,150,151.2,8,,,,,,,,,,,,,,
2026-07-06T20:01:33.668798+00:00,2026-07-06T20:01:33.669213,2,3,150.45,0.3,150.3,51,150.1,100,,,,,,,,,,,,,,,,,150.6,60,150.8,150,151.2,8,,,,,,,,,,,,,,
2026-07-06T20:01:33.864979+00:00,2026-07-06T20:01:33.864729,2,2,150.55,0.5,150.3,51,150.2,100,,,,,,,,,,,,,,,,,150.8,150,151.1,8,,,,,,,,,,,,,,,,
2026-07-06T20:01:33.958603+00:00,2026-07-06T20:01:33.908837,2,3,150.5,0.4,150.3,51,150.2,100,,,,,,,,,,,,,,,,,150.7,100,150.8,150,151.1,8,,,,,,,,,,,,,,
2026-07-06T20:01:34.069691+00:00,2026-07-06T20:01:34.069605,2,3,150.5,0.4,150.3,51,150.2,100,,,,,,,,,,,,,,,,,150.7,50,150.8,150,151.1,8,,,,,,,,,,,,,,
2026-07-06T20:01:34.264378+00:00,2026-07-06T20:01:34.264138,1,2,150.45,0.5,150.2,100,,,,,,,,,,,,,,,,,,,150.7,50,151.1,8,,,,,,,,,,,,,,,,
2026-07-06T20:01:34.278489+00:00,2026-07-06T20:01:34.359086,2,2,150.45,0.5,150.2,100,149.8,150,,,,,,,,,,,,,,,,,150.7,50,151.1,8,,,,,,,,,,,,,,,,
2026-07-06T20:01:34.368415+00:00,2026-07-06T20:01:34.368668,2,3,150.25,0.1,150.2,100,149.8,150,,,,,,,,,,,,,,,,,150.3,150,150.7,50,151.1,8,,,,,,,,,,,,,,
2026-07-06T20:01:34.689877+00:00,2026-07-06T20:01:34.689847,2,3,150.25,0.1,150.2,100,149.8,150,,,,,,,,,,,,,,,,,150.3,105,150.7,50,151.1,8,,,,,,,,,,,,,,
2026-07-06T20:01:36.263824+00:00,2026-07-06T20:01:36.264180,2,3,150.25,0.1,150.2,50,149.8,150,,,,,,,,,,,,,,,,,150.3,105,150.7,50,151.1,8,,,,,,,,,,,,,,
2026-07-06T20:01:36.364417+00:00,2026-07-06T20:01:36.364353,2,3,150.25,0.1,150.2,50,149.8,150,,,,,,,,,,,,,,,,,150.3,105,150.7,50,151.0,8,,,,,,,,,,,,,,
2026-07-06T20:01:36.459082+00:00,2026-07-06T20:01:36.458833,2,3,150.25,0.1,150.2,50,149.8,150,,,,,,,,,,,,,,,,,150.3,61,150.7,50,151.0,8,,,,,,,,,,,,,,
2026-07-06T20:01:37.059819+00:00,2026-07-06T20:01:37.059485,1,2,150.05,0.5,149.8,150,,,,,,,,,,,,,,,,,,,150.3,61,151.0,8,,,,,,,,,,,,,,,,
2026-07-06T20:01:37.158776+00:00,2026-07-06T20:01:37.070710,2,3,150.2,0.2,150.1,100,149.8,150,,,,,,,,,,,,,,,,,150.3,61,150.6,100,151.0,8,,,,,,,,,,,,,,
2026-07-06T20:01:37.164031+00:00,2026-07-06T20:01:37.163901,2,3,150.2,0.2,150.1,100,149.8,150,,,,,,,,,,,,,,,,,150.3,61,150.6,100,151.1,8,,,,,,,,,,,,,,
2026-07-06T20:01:37.469678+00:00,2026-07-06T20:01:37.468957,1,2,150.35,0.5,150.1,100,,,,,,,,,,,,,,,,,,,150.6,100,151.1,8,,,,,,,,,,,,,,,,
2026-07-06T20:01:37.483996+00:00,2026-07-06T20:01:37.483926,1,2,150.35,0.5,150.1,250,,,,,,,,,,,,,,,,,,,150.6,100,151.1,8,,,,,,,,,,,,,,,,
2026-07-06T20:01:37.498497+00:00,2026-07-06T20:01:37.558839,1,2,150.35,0.5,150.1,250,,,,,,,,,,,,,,,,,,,150.6,250,151.1,8,,,,,,,,,,,,,,,,
2026-07-06T20:01:38.364225+00:00,2026-07-06T20:01:38.364005,1,2,150.35,0.5,150.1,200,,,,,,,,,,,,,,,,,,,150.6,250,151.1,8,,,,,,,,,,,,,,,,
2026-07-06T20:01:38.571509+00:00,2026-07-06T20:01:38.571349,1,2,150.35,0.5,150.1,159,,,,,,,,,,,,,,,,,,,150.6,250,151.1,8,,,,,,,,,,,,,,,,
2026-07-06T20:01:39.531876+00:00,2026-07-06T20:01:39.531798,1,2,150.35,0.5,150.1,118,,,,,,,,,,,,,,,,,,,150.6,250,151.1,8,,,,,,,,,,,,,,,,
2026-07-06T20:01:40.158634+00:00,2026-07-06T20:01:40.124491,1,2,150.35,0.5,150.1,118,,,,,,,,,,,,,,,,,,,150.6,150,151.1,8,,,,,,,,,,,,,,,,
2026-07-06T20:01:40.188268+00:00,2026-07-06T20:01:40.188138,2,2,150.35,0.5,150.1,118,149.8,100,,,,,,,,,,,,,,,,,150.6,150,151.1,8,,,,,,,,,,,,,,,,
2026-07-06T20:01:40.263909+00:00,2026-07-06T20:01:40.263839,2,3,150.2,0.2,150.1,118,149.8,100,,,,,,,,,,,,,,,,,150.3,100,150.6,150,151.1,8,,,,,,,,,,,,,,
2026-07-06T20:01:40.590987+00:00,2026-07-06T20:01:40.591190,1,2,150.05,0.5,149.8,100,,,,,,,,,,,,,,,,,,,150.3,100,151.1,8,,,,,,,,,,,,,,,,
2026-07-06T20:01:40.663933+00:00,2026-07-06T20:01:40.663885,2,2,150.15,0.3,150.0,150,149.8,100,,,,,,,,,,,,,,,,,150.3,100,151.1,8,,,,,,,,,,,,,,,,
2026-07-06T20:01:40.701239+00:00,2026-07-06T20:01:40.701117,2,3,150.15,0.3,150.0,150,149.8,100,,,,,,,,,,,,,,,,,150.3,100,150.5,150,151.1,8,,,,,,,,,,,,,,
2026-07-06T20:01:42.401494+00:00,2026-07-06T20:01:42.392900,2,3,150.15,0.3,150.0,150,149.8,100,,,,,,,,,,,,,,,,,150.3,89,150.5,150,151.1,8,,,,,,,,,,,,,,
2026-07-06T20:01:42.431145+00:00,2026-07-06T20:01:42.431006,2,3,150.15,0.3,150.0,150,149.8,100,,,,,,,,,,,,,,,,,150.3,43,150.5,150,151.1,8,,,,,,,,,,,,,,
2026-07-06T20:01:42.494619+00:00,2026-07-06T20:01:42.494812,2,2,150.25,0.5,150.0,150,149.8,100,,,,,,,,,,,,,,,,,150.5,143,151.1,8,,,,,,,,,,,,,,,,
2026-07-06T20:01:43.364398+00:00,2026-07-06T20:01:43.364219,2,2,150.35,0.3,150.2,100,150.0,150,,,,,,,,,,,,,,,,,150.5,143,151.1,8,,,,,,,,,,,,,,,,
2026-07-06T20:01:43.463699+00:00,2026-07-06T20:01:43.463874,2,3,150.35,0.3,150.2,100,150.0,150,,,,,,,,,,,,,,,,,150.5,143,150.7,100,151.1,8,,,,,,,,,,,,,,
2026-07-06T20:01:43.764104+00:00,2026-07-06T20:01:43.763950,1,2,150.45,0.5,150.2,100,,,,,,,,,,,,,,,,,,,150.7,100,151.1,8,,,,,,,,,,,,,,,,
2026-07-06T20:01:43.864149+00:00,2026-07-06T20:01:43.864020,2,3,150.4,0.4,150.2,100,150.1,150,,,,,,,,,,,,,,,,,150.6,150,150.7,100,151.1,8,,,,,,,,,,,,,,
2026-07-06T20:01:44.258717+00:00,2026-07-06T20:01:44.240617,2,2,150.4,0.4,150.2,100,150.1,150,,,,,,,,,,,,,,,,,150.6,150,150.7,100,,,,,,,,,,,,,,,,
2026-07-06T20:01:44.269052+00:00,2026-07-06T20:01:44.268881,2,3,150.4,0.4,150.2,100,150.1,150,,,,,,,,,,,,,,,,,150.6,150,150.7,100,151.1,8,,,,,,,,,,,,,,
2026-07-06T20:01:44.669387+00:00,2026-07-06T20:01:44.669137,2,3,150.4,0.4,150.2,52,150.1,150,,,,,,,,,,,,,,,,,150.6,100,150.7,100,151.1,8,,,,,,,,,,,,,,
2026-07-06T20:01:45.737904+00:00,2026-07-06T20:01:45.738125,2,3,150.4,0.4,150.2,52,150.1,150,,,,,,,,,,,,,,,,,150.6,60,150.7,100,151.1,8,,,,,,,,,,,,,,
2026-07-06T20:01:46.559292+00:00,2026-07-06T20:01:46.558947,1,2,150.35,0.5,150.1,150,,,,,,,,,,,,,,,,,,,150.6,60,151.1,8,,,,,,,,,,,,,,,,
2026-07-06T20:01:46.565004+00:00,2026-07-06T20:01:46.564508,2,2,150.4,0.4,150.2,100,150.1,150,,,,,,,,,,,,,,,,,150.6,60,151.3,8,,,,,,,,,,,,,,,,
2026-07-06T20:01:46.575510+00:00,2026-07-06T20:01:46.575431,2,3,150.4,0.4,150.2,100,150.1,150,,,,,,,,,,,,,,,,,150.6,60,150.7,100,151.3,8,,,,,,,,,,,,,,
2026-07-06T20:01:46.764037+00:00,2026-07-06T20:01:46.763923,2,3,150.4,0.4,150.2,50,150.1,150,,,,,,,,,,,,,,,,,150.6,60,150.7,100,151.3,8,,,,,,,,,,,,,,
2026-07-06T20:01:46.916741+00:00,2026-07-06T20:01:46.916912,1,2,150.45,0.5,150.2,50,,,,,,,,,,,,,,,,,,,150.7,100,151.3,8,,,,,,,,,,,,,,,,
2026-07-06T20:01:46.971189+00:00,2026-07-06T20:01:46.971339,2,2,150.65,0.1,150.6,150,150.2,50,,,,,,,,,,,,,,,,,150.7,100,151.3,8,,,,,,,,,,,,,,,,
2026-07-06T20:01:46.983051+00:00,2026-07-06T20:01:46.975753,2,2,150.65,0.1,150.6,139,150.2,50,,,,,,,,,,,,,,,,,150.7,100,151.3,8,,,,,,,,,,,,,,,,
2026-07-06T20:01:47.021516+00:00,2026-07-06T20:01:47.021379,2,3,150.65,0.1,150.6,139,150.2,50,,,,,,,,,,,,,,,,,150.7,100,151.1,150,151.3,8,,,,,,,,,,,,,,
2026-07-06T20:01:47.817951+00:00,2026-07-06T20:01:47.817867,2,3,150.65,0.1,150.6,139,150.2,50,,,,,,,,,,,,,,,,,150.7,53,151.1,150,151.3,8,,,,,,,,,,,,,,
2026-07-06T20:01:48.869122+00:00,2026-07-06T20:01:48.869075,2,3,150.65,0.1,150.6,89,150.2,50,,,,,,,,,,,,,,,,,150.7,53,151.1,150,151.3,8,,,,,,,,,,,,,,
2026-07-06T20:01:49.406726+00:00,2026-07-06T20:01:49.406682,2,3,150.65,0.1,150.6,49,150.2,50,,,,,,,,,,,,,,,,,150.7,53,151.1,150,151.3,8,,,,,,,,,,,,,,
2026-07-06T20:01:49.629650+00:00,2026-07-06T20:01:49.629609,1,2,150.85,0.5,150.6,49,,,,,,,,,,,,,,,,,,,151.1,150,151.3,8,,,,,,,,,,,,,,,,
2026-07-06T20:01:49.684407+00:00,2026-07-06T20:01:49.684531,2,2,150.85,0.5,150.6,49,150.2,100,,,,,,,,,,,,,,,,,151.1,150,151.3,8,,,,,,,,,,,,,,,,
2026-07-06T20:01:49.737241+00:00,2026-07-06T20:01:49.737174,2,3,150.65,0.1,150.6,49,150.2,100,,,,,,,,,,,,,,,,,150.7,100,151.1,150,151.3,8,,,,,,,,,,,,,,
2026-07-06T20:01:50.078046+00:00,2026-07-06T20:01:50.078016,1,2,150.45,0.5,150.2,100,,,,,,,,,,,,,,,,,,,150.7,100,151.3,8,,,,,,,,,,,,,,,,
2026-07-06T20:01:50.132374+00:00,2026-07-06T20:01:50.132133,1,2,150.45,0.5,150.2,250,,,,,,,,,,,,,,,,,,,150.7,100,151.3,8,,,,,,,,,,,,,,,,
2026-07-06T20:01:50.193825+00:00,2026-07-06T20:01:50.194024,1,2,150.45,0.5,150.2,250,,,,,,,,,,,,,,,,,,,150.7,250,151.3,8,,,,,,,,,,,,,,,,
2026-07-06T20:01:50.286695+00:00,2026-07-06T20:01:50.286603,1,2,150.45,0.5,150.2,250,,,,,,,,,,,,,,,,,,,150.7,250,151.3,8,,,,,,,,,,,,,,,,
2026-07-06T20:01:50.612243+00:00,2026-07-06T20:01:50.612204,1,2,150.45,0.5,150.2,250,,,,,,,,,,,,,,,,,,,150.7,204,151.3,8,,,,,,,,,,,,,,,,
2026-07-06T20:01:50.976346+00:00,2026-07-06T20:01:50.976265,1,2,150.45,0.5,150.2,200,,,,,,,,,,,,,,,,,,,150.7,204,151.3,8,,,,,,,,,,,,,,,,
2026-07-06T20:01:52.493020+00:00,2026-07-06T20:01:52.492938,1,2,150.45,0.5,150.2,151,,,,,,,,,,,,,,,,,,,150.7,204,151.3,8,,,,,,,,,,,,,,,,
2026-07-06T20:01:52.859709+00:00,2026-07-06T20:01:52.859585,2,2,150.45,0.5,150.2,150,149.9,100,,,,,,,,,,,,,,,,,150.7,150,151.3,8,,,,,,,,,,,,,,,,
2026-07-06T20:01:52.958909+00:00,2026-07-06T20:01:52.887205,2,3,150.3,0.2,150.2,150,149.9,100,,,,,,,,,,,,,,,,,150.4,100,150.7,150,151.3,8,,,,,,,,,,,,,,
2026-07-06T20:01:53.064334+00:00,2026-07-06T20:01:53.064135,2,3,150.3,0.2,150.2,150,149.9,100,,,,,,,,,,,,,,,,,150.4,50,150.7,150,151.3,8,,,,,,,,,,,,,,
2026-07-06T20:01:53.264770+00:00,2026-07-06T20:01:53.264459,1,2,150.15,0.5,149.9,100,,,,,,,,,,,,,,,,,,,150.4,50,151.3,8,,,,,,,,,,,,,,,,
2026-07-06T20:01:53.364421+00:00,2026-07-06T20:01:53.364161,2,3,150.25,0.3,150.1,150,149.9,100,,,,,,,,,,,,,,,,,150.4,50,150.6,150,151.3,8,,,,,,,,,,,,,,
2026-07-06T20:01:53.864958+00:00,2026-07-06T20:01:53.864666,2,3,150.25,0.3,150.1,150,149.9,100,,,,,,,,,,,,,,,,,150.4,50,150.6,150,151.3,8,,,,,,,,,,,,,,
2026-07-06T20:01:53.980441+00:00,2026-07-06T20:01:53.973403,2,3,150.25,0.3,150.1,150,149.9,100,,,,,,,,,,,,,,,,,150.4,39,150.6,150,151.3,8,,,,,,,,,,,,,,
2026-07-06T20:01:54.122882+00:00,2026-07-06T20:01:54.123141,2,2,150.35,0.5,150.1,150,149.9,100,,,,,,,,,,,,,,,,,150.6,147,151.3,8,,,,,,,,,,,,,,,,
2026-07-06T20:01:55.968758+00:00,2026-07-06T20:01:55.968949,1,2,150.35,0.5,150.1,150,,,,,,,,,,,,,,,,,,,150.6,147,151.3,8,,,,,,,,,,,,,,,,
2026-07-06T20:01:56.001961+00:00,2026-07-06T20:01:56.001906,2,2,150.45,0.3,150.3,100,150.1,150,,,,,,,,,,,,,,,,,150.6,147,151.3,8,,,,,,,,,,,,,,,,
2026-07-06T20:01:56.058985+00:00,2026-07-06T20:01:56.058727,2,3,150.45,0.3,150.3,100,150.1,150,,,,,,,,,,,,,,,,,150.6,147,150.8,100,151.3,8,,,,,,,,,,,,,,
2026-07-06T20:01:56.159275+00:00,2026-07-06T20:01:56.158928,2,3,150.45,0.3,150.3,100,150.1,150,,,,,,,,,,,,,,,,,150.6,147,150.8,100,151.2,8,,,,,,,,,,,,,,
2026-07-06T20:01:56.464124+00:00,2026-07-06T20:01:56.464070,2,2,150.55,0.5,150.3,100,150.2,150,,,,,,,,,,,,,,,,,150.8,100,151.2,8,,,,,,,,,,,,,,,,
2026-07-06T20:01:56.520574+00:00,2026-07-06T20:01:56.520471,2,3,150.5,0.4,150.3,100,150.2,150,,,,,,,,,,,,,,,,,150.7,150,150.8,100,151.2,8,,,,,,,,,,,,,,
2026-07-06T20:01:58.459322+00:00,2026-07-06T20:01:58.459058,2,3,150.5,0.4,150.3,52,150.2,150,,,,,,,,,,,,,,,,,150.7,150,150.8,100,151.2,8,,,,,,,,,,,,,,
2026-07-06T20:01:59.169062+00:00,2026-07-06T20:01:59.168967,1,2,150.45,0.5,150.2,250,,,,,,,,,,,,,,,,,,,150.7,150,151.2,8,,,,,,,,,,,,,,,,
2026-07-06T20:01:59.258622+00:00,2026-07-06T20:01:59.206363,1,2,150.45,0.5,150.2,250,,,,,,,,,,,,,,,,,,,150.7,250,151.2,8,,,,,,,,,,,,,,,,
2026-07-06T20:01:59.570690+00:00,2026-07-06T20:01:59.570631,1,2,150.45,0.5,150.2,100,,,,,,,,,,,,,,,,,,,150.7,100,151.2,8,,,,,,,,,,,,,,,,
2026-07-06T20:01:59.576445+00:00,2026-07-06T20:01:59.576356,1,2,150.45,0.5,150.2,54,,,,,,,,,,,,,,,,,,,150.7,100,151.2,8,,,,,,,,,,,,,,,,
2026-07-06T20:01:59.664000+00:00,2026-07-06T20:01:59.663886,2,2,150.45,0.5,150.2,54,150.0,150,,,,,,,,,,,,,,,,,150.7,100,151.2,8,,,,,,,,,,,,,,,,
2026-07-06T20:01:59.760837+00:00,2026-07-06T20:01:59.760501,2,3,150.35,0.3,150.2,54,150.0,150,,,,,,,,,,,,,,,,,150.5,150,150.7,100,151.2,8,,,,,,,,,,,,,,
2026-07-06T20:01:59.890370+00:00,2026-07-06T20:01:59.890564,2,3,150.35,0.3,150.2,54,150.0,150,,,,,,,,,,,,,,,,,150.5,150,150.7,100,151.1,8,,,,,,,,,,,,,,
2026-07-06T20:02:01.513738+00:00,2026-07-06T20:02:01.513638,2,3,150.35,0.3,150.2,4,150.0,150,,,,,,,,,,,,,,,,,150.5,150,150.7,100,151.1,8,,,,,,,,,,,,,,
2026-07-06T20:02:01.518916+00:00,2026-07-06T20:02:01.518815,2,3,150.35,0.3,150.2,4,150.0,150,,,,,,,,,,,,,,,,,150.5,110,150.7,100,151.1,8,,,,,,,,,,,,,,
2026-07-06T20:02:01.959511+00:00,2026-07-06T20:02:01.958976,2,3,150.35,0.3,150.2,4,150.0,150,,,,,,,,,,,,,,,,,150.5,110,150.7,100,151.0,8,,,,,,,,,,,,,,
2026-07-06T20:02:02.290247+00:00,2026-07-06T20:02:02.290411,2,2,150.35,0.3,150.2,4,150.0,150,,,,,,,,,,,,,,,,,150.5,110,151.0,8,,,,,,,,,,,,,,,,
2026-07-06T20:02:02.295588+00:00,2026-07-06T20:02:02.295553,1,2,150.25,0.5,150.0,150,,,,,,,,,,,,,,,,,,,150.5,110,151.0,8,,,,,,,,,,,,,,,,
2026-07-06T20:02:02.364398+00:00,2026-07-06T20:02:02.364277,2,2,150.25,0.5,150.0,150,149.5,100,,,,,,,,,,,,,,,,,150.5,110,151.0,8,,,,,,,,,,,,,,,,
2026-07-06T20:02:02.402326+00:00,2026-07-06T20:02:02.402657,2,2,150.25,0.5,150.0,50,149.5,100,,,,,,,,,,,,,,,,,150.5,110,150.9,8,,,,,,,,,,,,,,,,
2026-07-06T20:02:02.735237+00:00,2026-07-06T20:02:02.735174,1,1,150.2,1.4,149.5,100,,,,,,,,,,,,,,,,,,,150.9,8,,,,,,,,,,,,,,,,,,
2026-07-06T20:02:02.794031+00:00,2026-07-06T20:02:02.794181,1,1,150.2,1.4,149.5,250,,,,,,,,,,,,,,,,,,,150.9,8,,,,,,,,,,,,,,,,,,
2026-07-06T20:02:02.864040+00:00,2026-07-06T20:02:02.863915,1,2,149.75,0.5,149.5,250,,,,,,,,,,,,,,,,,,,150.0,150,150.9,8,,,,,,,,,,,,,,,,
2026-07-06T20:02:02.960211+00:00,2026-07-06T20:02:02.959762,1,2,149.75,0.5,149.5,250,,,,,,,,,,,,,,,,,,,150.0,150,151.0,8,,,,,,,,,,,,,,,,
2026-07-06T20:02:03.459619+00:00,2026-07-06T20:02:03.265062,1,2,149.75,0.5,149.5,250,,,,,,,,,,,,,,,,,,,150.0,138,151.0,8,,,,,,,,,,,,,,,,
2026-07-06T20:02:03.764569+00:00,2026-07-06T20:02:03.682546,1,2,149.75,0.5,149.5,250,,,,,,,,,,,,,,,,,,,150.0,88,151.1,8,,,,,,,,,,,,,,,,
2026-07-06T20:02:04.464395+00:00,2026-07-06T20:02:04.464350,1,2,149.75,0.5,149.5,250,,,,,,,,,,,,,,,,,,,150.0,88,151.0,8,,,,,,,,,,,,,,,,
2026-07-06T20:02:04.659417+00:00,2026-07-06T20:02:04.658998,1,2,149.75,0.5,149.5,250,,,,,,,,,,,,,,,,,,,150.0,39,151.0,8,,,,,,,,,,,,,,,,
2026-07-06T20:02:05.459361+00:00,2026-07-06T20:02:05.459209,1,2,149.75,0.5,149.5,150,,,,,,,,,,,,,,,,,,,150.0,39,151.0,8,,,,,,,,,,,,,,,,
2026-07-06T20:02:05.765236+00:00,2026-07-06T20:02:05.764844,2,2,150.05,0.5,149.8,100,149.5,150,,,,,,,,,,,,,,,,,150.3,89,150.9,8,,,,,,,,,,,,,,,,
2026-07-06T20:02:05.958852+00:00,2026-07-06T20:02:05.889942,1,2,150.05,0.5,149.8,100,,,,,,,,,,,,,,,,,,,150.3,89,150.9,8,,,,,,,,,,,,,,,,
2026-07-06T20:02:06.066022+00:00,2026-07-06T20:02:06.059066,2,3,150.25,0.1,150.2,138,149.8,100,,,,,,,,,,,,,,,,,150.3,89,150.7,150,150.9,8,,,,,,,,,,,,,,
2026-07-06T20:02:06.260385+00:00,2026-07-06T20:02:06.259186,2,3,150.25,0.1,150.2,93,149.8,100,,,,,,,,,,,,,,,,,150.3,89,150.7,150,150.9,8,,,,,,,,,,,,,,
2026-07-06T20:02:06.670694+00:00,2026-07-06T20:02:06.663354,2,3,150.25,0.1,150.2,82,149.8,100,,,,,,,,,,,,,,,,,150.3,89,150.7,150,150.9,8,,,,,,,,,,,,,,
2026-07-06T20:02:07.265207+00:00,2026-07-06T20:02:07.265144,2,3,150.25,0.1,150.2,82,149.8,100,,,,,,,,,,,,,,,,,150.3,43,150.7,150,150.9,8,,,,,,,,,,,,,,
2026-07-06T20:02:07.965407+00:00,2026-07-06T20:02:07.965098,2,3,150.25,0.1,150.2,32,149.8,100,,,,,,,,,,,,,,,,,150.3,43,150.7,150,150.9,8,,,,,,,,,,,,,,
2026-07-06T20:02:08.659136+00:00,2026-07-06T20:02:08.658984,1,2,150.45,0.5,150.2,32,,,,,,,,,,,,,,,,,,,150.7,150,150.9,8,,,,,,,,,,,,,,,,
2026-07-06T20:02:08.670273+00:00,2026-07-06T20:02:08.670168,2,2,150.45,0.5,150.2,32,150.1,100,,,,,,,,,,,,,,,,,150.7,150,150.9,8,,,,,,,,,,,,,,,,
2026-07-06T20:02:08.763702+00:00,2026-07-06T20:02:08.764116,2,3,150.4,0.4,150.2,32,150.1,100,,,,,,,,,,,,,,,,,150.6,100,150.7,150,151.0,8,,,,,,,,,,,,,,
2026-07-06T20:02:09.064728+00:00,2026-07-06T20:02:09.064664,1,2,150.35,0.5,150.1,100,,,,,,,,,,,,,,,,,,,150.6,100,151.0,8,,,,,,,,,,,,,,,,
2026-07-06T20:02:09.164303+00:00,2026-07-06T20:02:09.164173,2,3,150.2,0.2,150.1,100,149.8,150,,,,,,,,,,,,,,,,,150.3,150,150.6,100,151.0,8,,,,,,,,,,,,,,
2026-07-06T20:02:09.264212+00:00,2026-07-06T20:02:09.264045,2,3,150.2,0.2,150.1,100,149.8,150,,,,,,,,,,,,,,,,,150.3,150,150.6,100,151.0,8,,,,,,,,,,,,,,
2026-07-06T20:02:10.059187+00:00,2026-07-06T20:02:09.958970,2,3,150.2,0.2,150.1,50,149.8,150,,,,,,,,,,,,,,,,,150.3,150,150.6,100,151.0,8,,,,,,,,,,,,,,
2026-07-06T20:02:10.068494+00:00,2026-07-06T20:02:10.190551,2,3,150.2,0.2,150.1,50,149.8,150,,,,,,,,,,,,,,,,,150.3,150,150.6,100,150.9,8,,,,,,,,,,,,,,
2026-07-06T20:02:11.259639+00:00,2026-07-06T20:02:11.160515,2,3,150.2,0.2,150.1,4,149.8,150,,,,,,,,,,,,,,,,,150.3,150,150.6,100,150.9,8,,,,,,,,,,,,,,
2026-07-06T20:02:44.947464+00:00,2026-07-06T20:02:44.925265,2,3,150.5,0.4,150.3,128,150.2,100,,,,,,,,,,,,,,,,,150.7,100,150.8,150,151.0,8,,,,,,,,,,,,,,
2026-07-06T20:02:45.130189+00:00,2026-07-06T20:02:45.123819,2,3,150.5,0.4,150.3,116,150.2,100,,,,,,,,,,,,,,,,,150.7,100,150.8,150,151.0,8,,,,,,,,,,,,,,
2026-07-06T20:02:45.473123+00:00,2026-07-06T20:02:45.472940,2,3,150.5,0.4,150.3,116,150.2,100,,,,,,,,,,,,,,,,,150.7,60,150.8,150,151.0,8,,,,,,,,,,,,,,
2026-07-06T20:02:45.547665+00:00,2026-07-06T20:02:45.547831,2,3,150.5,0.4,150.3,71,150.2,100,,,,,,,,,,,,,,,,,150.7,60,150.8,150,151.0,8,,,,,,,,,,,,,,
2026-07-06T20:02:45.727567+00:00,2026-07-06T20:02:45.727130,2,3,150.5,0.4,150.3,71,150.2,100,,,,,,,,,,,,,,,,,150.7,10,150.8,150,151.0,8,,,,,,,,,,,,,,
2026-07-06T20:02:46.156718+00:00,2026-07-06T20:02:46.157042,2,2,150.55,0.5,150.3,71,150.2,100,,,,,,,,,,,,,,,,,150.8,119,151.0,8,,,,,,,,,,,,,,,,
2026-07-06T20:02:46.578061+00:00,2026-07-06T20:02:46.578033,1,2,150.55,0.5,150.3,71,,,,,,,,,,,,,,,,,,,150.8,119,151.0,8,,,,,,,,,,,,,,,,
2026-07-06T20:02:46.643650+00:00,2026-07-06T20:02:46.643583,2,2,150.65,0.3,150.5,100,150.3,71,,,,,,,,,,,,,,,,,150.8,119,151.0,8,,,,,,,,,,,,,,,,
2026-07-06T20:02:46.706288+00:00,2026-07-06T20:02:46.706248,2,2,150.65,0.3,150.5,100,150.3,71,,,,,,,,,,,,,,,,,150.8,119,151.0,108,,,,,,,,,,,,,,,,
2026-07-06T20:02:47.063971+00:00,2026-07-06T20:02:47.063889,1,1,150.75,0.5,150.5,100,,,,,,,,,,,,,,,,,,,151.0,108,,,,,,,,,,,,,,,,,,
2026-07-06T20:02:47.123494+00:00,2026-07-06T20:02:47.123364,2,1,150.75,0.5,150.5,100,150.1,150,,,,,,,,,,,,,,,,,151.0,108,,,,,,,,,,,,,,,,,,
2026-07-06T20:02:47.158750+00:00,2026-07-06T20:02:47.151534,2,2,150.55,0.1,150.5,100,150.1,150,,,,,,,,,,,,,,,,,150.6,150,151.0,108,,,,,,,,,,,,,,,,
2026-07-06T20:02:47.271797+00:00,2026-07-06T20:02:47.271738,2,2,150.55,0.1,150.5,54,150.1,150,,,,,,,,,,,,,,,,,150.6,150,151.0,108,,,,,,,,,,,,,,,,
2026-07-06T20:02:47.871403+00:00,2026-07-06T20:02:47.864208,2,2,150.55,0.1,150.5,31,150.1,150,,,,,,,,,,,,,,,,,150.6,100,151.0,108,,,,,,,,,,,,,,,,
2026-07-06T20:02:49.389760+00:00,2026-07-06T20:02:49.389666,1,2,150.35,0.5,150.1,150,,,,,,,,,,,,,,,,,,,150.6,100,151.0,108,,,,,,,,,,,,,,,,
2026-07-06T20:02:49.749535+00:00,2026-07-06T20:02:49.749705,1,2,150.35,0.5,150.1,150,,,,,,,,,,,,,,,,,,,150.6,100,151.0,8,,,,,,,,,,,,,,,,
2026-07-06T20:02:49.803515+00:00,2026-07-06T20:02:49.803401,2,2,150.35,0.5,150.1,150,149.9,100,,,,,,,,,,,,,,,,,150.6,100,151.0,8,,,,,,,,,,,,,,,,
2026-07-06T20:02:49.864105+00:00,2026-07-06T20:02:49.863998,2,3,150.25,0.3,150.1,150,149.9,100,,,,,,,,,,,,,,,,,150.4,100,150.6,100,151.0,8,,,,,,,,,,,,,,
2026-07-06T20:02:49.933697+00:00,2026-07-06T20:02:49.933579,2,3,150.25,0.3,150.1,150,149.9,100,,,,,,,,,,,,,,,,,150.4,50,150.6,100,151.0,8,,,,,,,,,,,,,,
2026-07-06T20:02:50.215244+00:00,2026-07-06T20:02:50.215373,1,2,150.15,0.5,149.9,100,,,,,,,,,,,,,,,,,,,150.4,50,151.0,8,,,,,,,,,,,,,,,,
2026-07-06T20:02:50.269144+00:00,2026-07-06T20:02:50.268875,2,2,150.25,0.3,150.1,150,149.9,100,,,,,,,,,,,,,,,,,150.4,50,151.0,8,,,,,,,,,,,,,,,,
2026-07-06T20:02:50.322506+00:00,2026-07-06T20:02:50.322459,2,3,150.25,0.3,150.1,150,149.9,100,,,,,,,,,,,,,,,,,150.4,50,150.6,150,151.0,8,,,,,,,,,,,,,,
2026-07-06T20:02:50.939737+00:00,2026-07-06T20:02:50.939627,2,3,150.25,0.3,150.1,150,149.9,100,,,,,,,,,,,,,,,,,150.4,8,150.6,150,151.0,8,,,,,,,,,,,,,,
2026-07-06T20:02:50.958604+00:00,2026-07-06T20:02:50.955717,2,3,150.25,0.3,150.1,150,149.9,100,,,,,,,,,,,,,,,,,150.4,8,150.6,150,150.7,8,,,,,,,,,,,,,,
2026-07-06T20:02:52.041599+00:00,2026-07-06T20:02:52.041563,2,2,150.35,0.5,150.1,150,149.9,100,,,,,,,,,,,,,,,,,150.6,108,150.7,8,,,,,,,,,,,,,,,,
2026-07-06T20:02:52.958969+00:00,2026-07-06T20:02:52.958803,1,2,150.35,0.5,150.1,250,,,,,,,,,,,,,,,,,,,150.6,108,150.7,8,,,,,,,,,,,,,,,,
2026-07-06T20:02:53.009745+00:00,2026-07-06T20:02:53.009865,1,2,150.35,0.5,150.1,250,,,,,,,,,,,,,,,,,,,150.6,208,150.7,8,,,,,,,,,,,,,,,,
2026-07-06T20:02:53.401860+00:00,2026-07-06T20:02:53.390899,1,2,150.35,0.5,150.1,100,,,,,,,,,,,,,,,,,,,150.6,100,150.7,8,,,,,,,,,,,,,,,,
2026-07-06T20:02:53.425563+00:00,2026-07-06T20:02:53.425738,2,2,150.35,0.5,150.1,100,150.0,150,,,,,,,,,,,,,,,,,150.6,100,150.7,8,,,,,,,,,,,,,,,,
2026-07-06T20:02:53.478381+00:00,2026-07-06T20:02:53.478708,2,3,150.3,0.4,150.1,100,150.0,150,,,,,,,,,,,,,,,,,150.5,150,150.6,100,150.7,8,,,,,,,,,,,,,,
2026-07-06T20:02:53.710567+00:00,2026-07-06T20:02:53.710452,2,2,150.3,0.4,150.1,100,150.0,150,,,,,,,,,,,,,,,,,150.5,158,150.6,100,,,,,,,,,,,,,,,,
2026-07-06T20:02:54.143417+00:00,2026-07-06T20:02:54.143322,2,2,150.3,0.4,150.1,100,150.0,150,,,,,,,,,,,,,,,,,150.5,108,150.6,100,,,,,,,,,,,,,,,,
2026-07-06T20:02:56.058625+00:00,2026-07-06T20:02:56.058186,2,1,150.3,0.4,150.1,100,150.0,150,,,,,,,,,,,,,,,,,150.5,108,,,,,,,,,,,,,,,,,,
2026-07-06T20:02:56.078876+00:00,2026-07-06T20:02:56.078984,1,1,150.25,0.5,150.0,150,,,,,,,,,,,,,,,,,,,150.5,108,,,,,,,,,,,,,,,,,,
2026-07-06T20:02:56.125741+00:00,2026-07-06T20:02:56.125630,1,1,150.25,0.5,150.0,250,,,,,,,,,,,,,,,,,,,150.5,108,,,,,,,,,,,,,,,,,,
2026-07-06T20:02:56.200181+00:00,2026-07-06T20:02:56.200147,1,1,150.25,0.5,150.0,250,,,,,,,,,,,,,,,,,,,150.5,208,,,,,,,,,,,,,,,,,,
2026-07-06T20:02:56.258642+00:00,2026-07-06T20:02:56.253612,1,1,150.25,0.5,150.0,250,,,,,,,,,,,,,,,,,,,150.5,158,,,,,,,,,,,,,,,,,,
2026-07-06T20:02:56.558589+00:00,2026-07-06T20:02:56.547456,1,1,150.25,0.5,150.0,100,,,,,,,,,,,,,,,,,,,150.5,108,,,,,,,,,,,,,,,,,,
2026-07-06T20:02:56.592079+00:00,2026-07-06T20:02:56.592222,2,1,150.45,0.1,150.4,150,150.0,100,,,,,,,,,,,,,,,,,150.5,108,,,,,,,,,,,,,,,,,,
2026-07-06T20:02:56.604745+00:00,2026-07-06T20:02:56.596471,2,1,150.45,0.1,150.4,136,150.0,100,,,,,,,,,,,,,,,,,150.5,108,,,,,,,,,,,,,,,,,,
2026-07-06T20:02:56.655087+00:00,2026-07-06T20:02:56.655027,2,2,150.45,0.1,150.4,136,150.0,100,,,,,,,,,,,,,,,,,150.5,108,150.9,150,,,,,,,,,,,,,,,,
2026-07-06T20:02:56.941531+00:00,2026-07-06T20:02:56.941409,2,2,150.45,0.1,150.4,136,150.0,100,,,,,,,,,,,,,,,,,150.5,62,150.9,150,,,,,,,,,,,,,,,,
2026-07-06T20:02:56.990237+00:00,2026-07-06T20:02:56.990155,3,3,150.45,0.1,150.4,136,150.3,8,150.0,100,,,,,,,,,,,,,,,150.5,62,150.6,8,150.9,150,,,,,,,,,,,,,,
2026-07-06T20:02:58.363320+00:00,2026-07-06T20:02:58.363281,3,3,150.45,0.1,150.4,136,150.3,8,150.0,100,,,,,,,,,,,,,,,150.5,12,150.6,8,150.9,150,,,,,,,,,,,,,,
2026-07-06T20:02:59.233484+00:00,2026-07-06T20:02:59.233602,2,2,150.5,0.2,150.4,136,150.3,8,,,,,,,,,,,,,,,,,150.6,8,150.9,150,,,,,,,,,,,,,,,,
2026-07-06T20:02:59.284703+00:00,2026-07-06T20:02:59.284648,3,2,150.5,0.2,150.4,136,150.3,8,150.2,100,,,,,,,,,,,,,,,150.6,8,150.9,150,,,,,,,,,,,,,,,,
2026-07-06T20:02:59.358608+00:00,2026-07-06T20:02:59.355771,3,3,150.5,0.2,150.4,136,150.3,8,150.2,100,,,,,,,,,,,,,,,150.6,8,150.7,100,150.9,150,,,,,,,,,,,,,,
2026-07-06T20:02:59.641610+00:00,2026-07-06T20:02:59.641539,3,3,150.5,0.2,150.4,91,150.3,8,150.2,100,,,,,,,,,,,,,,,150.6,8,150.7,100,150.9,150,,,,,,,,,,,,,,
2026-07-06T20:02:59.704318+00:00,2026-07-06T20:02:59.704264,2,2,150.45,0.3,150.3,8,150.2,100,,,,,,,,,,,,,,,,,150.6,8,150.7,100,,,,,,,,,,,,,,,,
2026-07-06T20:02:59.749149+00:00,2026-07-06T20:02:59.749067,2,2,150.45,0.3,150.3,8,150.2,250,,,,,,,,,,,,,,,,,150.6,8,150.7,100,,,,,,,,,,,,,,,,
2026-07-06T20:02:59.816901+00:00,2026-07-06T20:02:59.816806,2,2,150.45,0.3,150.3,8,150.2,250,,,,,,,,,,,,,,,,,150.6,8,150.7,250,,,,,,,,,,,,,,,,
2026-07-06T20:03:01.054299+00:00,2026-07-06T20:03:01.054182,1,2,150.35,0.3,150.2,258,,,,,,,,,,,,,,,,,,,150.5,8,150.7,250,,,,,,,,,,,,,,,,
2026-07-06T20:03:02.408594+00:00,2026-07-06T20:03:02.408542,1,2,150.35,0.3,150.2,158,,,,,,,,,,,,,,,,,,,150.5,8,150.7,150,,,,,,,,,,,,,,,,
2026-07-06T20:03:02.458554+00:00,2026-07-06T20:03:02.457295,2,2,150.35,0.3,150.2,158,150.1,100,,,,,,,,,,,,,,,,,150.5,8,150.7,150,,,,,,,,,,,,,,,,
2026-07-06T20:03:02.521777+00:00,2026-07-06T20:03:02.521675,2,3,150.35,0.3,150.2,158,150.1,100,,,,,,,,,,,,,,,,,150.5,8,150.6,100,150.7,150,,,,,,,,,,,,,,
2026-07-06T20:03:02.597811+00:00,2026-07-06T20:03:02.597782,2,2,150.4,0.4,150.2,158,150.1,100,,,,,,,,,,,,,,,,,150.6,58,150.7,150,,,,,,,,,,,,,,,,
2026-07-06T20:03:02.873888+00:00,2026-07-06T20:03:02.873783,2,1,150.4,0.4,150.2,8,150.1,100,,,,,,,,,,,,,,,,,150.6,58,,,,,,,,,,,,,,,,,,
2026-07-06T20:03:02.927925+00:00,2026-07-06T20:03:02.928036,3,1,150.4,0.4,150.2,8,150.1,100,150.0,150,,,,,,,,,,,,,,,150.6,58,,,,,,,,,,,,,,,,,,
2026-07-06T20:03:02.980971+00:00,2026-07-06T20:03:02.980937,3,2,150.35,0.3,150.2,8,150.1,100,150.0,150,,,,,,,,,,,,,,,150.5,150,150.6,58,,,,,,,,,,,,,,,,
2026-07-06T20:03:04.685910+00:00,2026-07-06T20:03:04.685769,3,2,150.35,0.3,150.2,8,150.1,100,150.0,150,,,,,,,,,,,,,,,150.5,100,150.6,58,,,,,,,,,,,,,,,,
2026-07-06T20:03:04.867235+00:00,2026-07-06T20:03:04.867204,2,2,150.3,0.4,150.1,59,150.0,150,,,,,,,,,,,,,,,,,150.5,100,150.6,58,,,,,,,,,,,,,,,,
2026-07-06T20:03:05.441777+00:00,2026-07-06T20:03:05.441944,2,2,150.3,0.4,150.1,59,150.0,150,,,,,,,,,,,,,,,,,150.5,60,150.6,58,,,,,,,,,,,,,,,,
2026-07-06T20:03:05.577175+00:00,2026-07-06T20:03:05.577094,1,1,150.25,0.5,150.0,150,,,,,,,,,,,,,,,,,,,150.5,60,,,,,,,,,,,,,,,,,,
2026-07-06T20:03:05.641471+00:00,2026-07-06T20:03:05.641387,2,1,150.35,0.3,150.2,100,150.0,150,,,,,,,,,,,,,,,,,150.5,60,,,,,,,,,,,,,,,,,,
2026-07-06T20:03:05.684560+00:00,2026-07-06T20:03:05.684474,2,2,150.35,0.3,150.2,100,150.0,150,,,,,,,,,,,,,,,,,150.5,60,150.7,100,,,,,,,,,,,,,,,,
2026-07-06T20:03:06.051109+00:00,2026-07-06T20:03:06.051045,1,1,150.45,0.5,150.2,100,,,,,,,,,,,,,,,,,,,150.7,100,,,,,,,,,,,,,,,,,,
2026-07-06T20:03:06.075567+00:00,2026-07-06T20:03:06.075545,1,2,150.4,0.4,150.2,60,,,,,,,,,,,,,,,,,,,150.6,8,150.7,100,,,,,,,,,,,,,,,,
2026-07-06T20:03:06.084584+00:00,2026-07-06T20:03:06.084378,2,1,150.65,0.1,150.6,142,150.2,60,,,,,,,,,,,,,,,,,150.7,100,,,,,,,,,,,,,,,,,,
2026-07-06T20:03:06.126612+00:00,2026-07-06T20:03:06.120306,2,1,150.65,0.1,150.6,139,150.2,60,,,,,,,,,,,,,,,,,150.7,100,,,,,,,,,,,,,,,,,,
2026-07-06T20:03:06.142049+00:00,2026-07-06T20:03:06.141995,2,2,150.65,0.1,150.6,139,150.2,60,,,,,,,,,,,,,,,,,150.7,100,151.1,150,,,,,,,,,,,,,,,,
2026-07-06T20:03:06.589562+00:00,2026-07-06T20:03:06.589474,2,2,150.65,0.1,150.6,95,150.2,60,,,,,,,,,,,,,,,,,150.7,100,151.1,150,,,,,,,,,,,,,,,,
2026-07-06T20:03:06.853216+00:00,2026-07-06T20:03:06.853345,2,2,150.65,0.1,150.6,45,150.2,60,,,,,,,,,,,,,,,,,150.7,100,151.1,150,,,,,,,,,,,,,,,,
2026-07-06T20:03:08.755206+00:00,2026-07-06T20:03:08.755299,2,1,150.85,0.5,150.6,45,150.2,8,,,,,,,,,,,,,,,,,151.1,150,,,,,,,,,,,,,,,,,,
2026-07-06T20:03:08.792982+00:00,2026-07-06T20:03:08.793114,2,1,150.85,0.5,150.6,45,150.2,108,,,,,,,,,,,,,,,,,151.1,150,,,,,,,,,,,,,,,,,,
2026-07-06T20:03:08.839660+00:00,2026-07-06T20:03:08.839587,3,1,150.85,0.5,150.6,45,150.4,8,150.2,100,,,,,,,,,,,,,,,151.1,150,,,,,,,,,,,,,,,,,,
2026-07-06T20:03:08.844913+00:00,2026-07-06T20:03:08.844840,3,3,150.65,0.1,150.6,45,150.4,8,150.2,100,,,,,,,,,,,,,,,150.7,100,151.0,8,151.1,150,,,,,,,,,,,,,,
2026-07-06T20:03:08.956381+00:00,2026-07-06T20:03:08.956307,2,3,150.55,0.3,150.4,3,150.2,100,,,,,,,,,,,,,,,,,150.7,100,151.0,8,151.1,150,,,,,,,,,,,,,,
2026-07-06T20:03:09.208629+00:00,2026-07-06T20:03:09.208552,2,2,150.55,0.3,150.4,3,150.2,100,,,,,,,,,,,,,,,,,150.7,100,151.0,8,,,,,,,,,,,,,,,,
2026-07-06T20:03:09.268851+00:00,2026-07-06T20:03:09.268785,3,2,150.55,0.3,150.4,3,150.2,100,150.0,150,,,,,,,,,,,,,,,150.7,100,151.0,8,,,,,,,,,,,,,,,,
2026-07-06T20:03:09.310399+00:00,2026-07-06T20:03:09.303879,3,3,150.45,0.1,150.4,3,150.2,100,150.0,150,,,,,,,,,,,,,,,150.5,147,150.7,100,151.0,8,,,,,,,,,,,,,,
2026-07-06T20:03:09.350517+00:00,2026-07-06T20:03:09.350306,2,3,150.35,0.3,150.2,100,150.0,150,,,,,,,,,,,,,,,,,150.5,147,150.7,100,151.0,8,,,,,,,,,,,,,,
2026-07-06T20:03:09.381352+00:00,2026-07-06T20:03:09.381296,3,2,150.45,0.1,150.4,8,150.2,100,150.0,150,,,,,,,,,,,,,,,150.5,147,150.7,108,,,,,,,,,,,,,,,,
2026-07-06T20:03:10.298015+00:00,2026-07-06T20:03:10.297901,3,2,150.45,0.1,150.4,8,150.2,100,150.0,150,,,,,,,,,,,,,,,150.5,104,150.7,108,,,,,,,,,,,,,,,,
2026-07-06T20:03:11.920253+00:00,2026-07-06T20:03:11.920223,2,2,150.45,0.1,150.4,8,150.0,150,,,,,,,,,,,,,,,,,150.5,104,150.7,8,,,,,,,,,,,,,,,,
2026-07-06T20:03:11.972509+00:00,2026-07-06T20:03:11.972476,3,2,150.45,0.1,150.4,8,150.2,100,150.0,150,,,,,,,,,,,,,,,150.5,104,150.7,8,,,,,,,,,,,,,,,,
2026-07-06T20:03:12.022251+00:00,2026-07-06T20:03:12.022035,3,2,150.45,0.1,150.4,8,150.2,100,150.0,150,,,,,,,,,,,,,,,150.5,104,150.7,108,,,,,,,,,,,,,,,,
2026-07-06T20:03:12.354560+00:00,2026-07-06T20:03:12.354422,3,1,150.55,0.3,150.4,8,150.2,100,150.0,150,,,,,,,,,,,,,,,150.7,108,,,,,,,,,,,,,,,,,,
2026-07-06T20:03:12.359668+00:00,2026-07-06T20:03:12.359577,2,1,150.55,0.3,150.4,8,150.2,100,,,,,,,,,,,,,,,,,150.7,108,,,,,,,,,,,,,,,,,,
2026-07-06T20:03:12.443740+00:00,2026-07-06T20:03:12.443543,2,1,150.55,0.3,150.4,8,150.2,250,,,,,,,,,,,,,,,,,150.7,108,,,,,,,,,,,,,,,,,,
2026-07-06T20:03:12.458648+00:00,2026-07-06T20:03:12.455997,2,1,150.55,0.3,150.4,8,150.2,250,,,,,,,,,,,,,,,,,150.7,258,,,,,,,,,,,,,,,,,,
2026-07-06T20:03:13.135111+00:00,2026-07-06T20:03:13.134992,2,1,150.55,0.3,150.4,8,150.2,250,,,,,,,,,,,,,,,,,150.7,208,,,,,,,,,,,,,,,,,,
2026-07-06T20:03:13.327658+00:00,2026-07-06T20:03:13.327555,2,1,150.55,0.3,150.4,8,150.2,250,,,,,,,,,,,,,,,,,150.7,165,,,,,,,,,,,,,,,,,,
2026-07-06T20:03:14.353031+00:00,2026-07-06T20:03:14.353501,2,1,150.55,0.3,150.4,8,150.2,250,,,,,,,,,,,,,,,,,150.7,117,,,,,,,,,,,,,,,,,,
2026-07-06T20:03:15.083710+00:00,2026-07-06T20:03:15.083636,2,1,150.55,0.3,150.4,8,150.2,150,,,,,,,,,,,,,,,,,150.7,117,,,,,,,,,,,,,,,,,,
2026-07-06T20:03:15.133881+00:00,2026-07-06T20:03:15.134081,3,1,150.6,0.2,150.5,100,150.4,8,150.2,150,,,,,,,,,,,,,,,150.7,117,,,,,,,,,,,,,,,,,,
2026-07-06T20:03:15.184953+00:00,2026-07-06T20:03:15.185208,3,2,150.6,0.2,150.5,100,150.4,8,150.2,150,,,,,,,,,,,,,,,150.7,117,151.0,100,,,,,,,,,,,,,,,,
2026-07-06T20:03:15.291064+00:00,2026-07-06T20:03:15.290877,3,2,150.6,0.2,150.5,50,150.4,8,150.2,150,,,,,,,,,,,,,,,150.7,117,151.0,100,,,,,,,,,,,,,,,,
2026-07-06T20:03:15.409743+00:00,2026-07-06T20:03:15.409677,3,3,150.55,0.1,150.5,50,150.3,8,150.2,150,,,,,,,,,,,,,,,150.6,8,150.7,117,151.0,100,,,,,,,,,,,,,,
2026-07-06T20:03:15.529869+00:00,2026-07-06T20:03:15.529838,2,2,150.55,0.1,150.5,50,150.3,8,,,,,,,,,,,,,,,,,150.6,8,151.0,100,,,,,,,,,,,,,,,,
2026-07-06T20:03:15.595598+00:00,2026-07-06T20:03:15.595510,3,2,150.55,0.1,150.5,50,150.3,8,150.1,150,,,,,,,,,,,,,,,150.6,8,151.0,100,,,,,,,,,,,,,,,,
2026-07-06T20:03:15.631916+00:00,2026-07-06T20:03:15.631789,3,2,150.55,0.1,150.5,50,150.3,8,150.1,150,,,,,,,,,,,,,,,150.6,158,151.0,100,,,,,,,,,,,,,,,,
2026-07-06T20:03:17.416609+00:00,2026-07-06T20:03:17.416538,2,2,150.45,0.3,150.3,8,150.1,150,,,,,,,,,,,,,,,,,150.6,158,151.0,100,,,,,,,,,,,,,,,,
2026-07-06T20:03:18.243972+00:00,2026-07-06T20:03:18.243909,2,1,150.45,0.3,150.3,8,150.1,150,,,,,,,,,,,,,,,,,150.6,158,,,,,,,,,,,,,,,,,,
2026-07-06T20:03:18.292500+00:00,2026-07-06T20:03:18.292279,2,1,150.45,0.3,150.3,8,150.1,250,,,,,,,,,,,,,,,,,150.6,158,,,,,,,,,,,,,,,,,,
2026-07-06T20:03:18.350310+00:00,2026-07-06T20:03:18.350214,2,1,150.45,0.3,150.3,8,150.1,250,,,,,,,,,,,,,,,,,150.6,258,,,,,,,,,,,,,,,,,,
2026-07-06T20:03:18.688079+00:00,2026-07-06T20:03:18.687995,2,1,150.45,0.3,150.3,8,150.1,100,,,,,,,,,,,,,,,,,150.6,108,,,,,,,,,,,,,,,,,,
2026-07-06T20:03:18.743573+00:00,2026-07-06T20:03:18.743271,3,1,150.45,0.3,150.3,8,150.2,150,150.1,100,,,,,,,,,,,,,,,150.6,108,,,,,,,,,,,,,,,,,,
2026-07-06T20:03:18.796749+00:00,2026-07-06T20:03:18.796684,3,2,150.45,0.3,150.3,8,150.2,150,150.1,100,,,,,,,,,,,,,,,150.6,108,150.7,150,,,,,,,,,,,,,,,,
2026-07-06T20:03:19.476584+00:00,2026-07-06T20:03:19.476449,3,2,150.45,0.3,150.3,8,150.2,150,150.1,100,,,,,,,,,,,,,,,150.6,58,150.7,150,,,,,,,,,,,,,,,,
2026-07-06T20:03:20.958600+00:00,2026-07-06T20:03:20.953311,2,2,150.4,0.4,150.2,109,150.1,100,,,,,,,,,,,,,,,,,150.6,58,150.7,150,,,,,,,,,,,,,,,,
2026-07-06T20:03:21.398919+00:00,2026-07-06T20:03:21.398746,1,1,150.45,0.5,150.2,109,,,,,,,,,,,,,,,,,,,150.7,150,,,,,,,,,,,,,,,,,,
2026-07-06T20:03:21.452608+00:00,2026-07-06T20:03:21.452447,2,1,150.5,0.4,150.3,100,150.2,109,,,,,,,,,,,,,,,,,150.7,150,,,,,,,,,,,,,,,,,,
2026-07-06T20:03:21.504857+00:00,2026-07-06T20:03:21.504745,2,2,150.5,0.4,150.3,100,150.2,109,,,,,,,,,,,,,,,,,150.7,150,150.8,100,,,,,,,,,,,,,,,,
2026-07-06T20:03:21.849657+00:00,2026-07-06T20:03:21.850054,1,1,150.55,0.5,150.3,100,,,,,,,,,,,,,,,,,,,150.8,100,,,,,,,,,,,,,,,,,,
2026-07-06T20:03:21.901090+00:00,2026-07-06T20:03:21.901068,2,1,150.55,0.5,150.3,100,150.1,150,,,,,,,,,,,,,,,,,150.8,100,,,,,,,,,,,,,,,,,,
2026-07-06T20:03:21.958616+00:00,2026-07-06T20:03:21.954514,2,2,150.45,0.3,150.3,100,150.1,150,,,,,,,,,,,,,,,,,150.6,150,150.8,100,,,,,,,,,,,,,,,,
2026-07-06T20:03:23.703401+00:00,2026-07-06T20:03:23.703618,2,2,150.45,0.3,150.3,100,150.1,150,,,,,,,,,,,,,,,,,150.6,100,150.8,100,,,,,,,,,,,,,,,,
2026-07-06T20:03:24.558603+00:00,2026-07-06T20:03:24.558490,1,1,150.35,0.5,150.1,150,,,,,,,,,,,,,,,,,,,150.6,100,,,,,,,,,,,,,,,,,,
2026-07-06T20:03:24.654877+00:00,2026-07-06T20:03:24.655486,2,1,150.45,0.3,150.3,100,150.1,150,,,,,,,,,,,,,,,,,150.6,100,,,,,,,,,,,,,,,,,,
2026-07-06T20:03:24.697757+00:00,2026-07-06T20:03:24.697674,2,2,150.45,0.3,150.3,100,150.1,150,,,,,,,,,,,,,,,,,150.6,54,150.8,100,,,,,,,,,,,,,,,,
2026-07-06T20:03:24.755133+00:00,2026-07-06T20:03:24.754980,2,2,150.45,0.3,150.3,59,150.1,150,,,,,,,,,,,,,,,,,150.6,54,150.8,100,,,,,,,,,,,,,,,,
2026-07-06T20:03:25.013388+00:00,2026-07-06T20:03:25.013300,1,1,150.55,0.5,150.3,59,,,,,,,,,,,,,,,,,,,150.8,100,,,,,,,,,,,,,,,,,,
2026-07-06T20:03:25.063216+00:00,2026-07-06T20:03:25.062869,2,1,150.7,0.2,150.6,150,150.3,59,,,,,,,,,,,,,,,,,150.8,100,,,,,,,,,,,,,,,,,,
2026-07-06T20:03:25.120031+00:00,2026-07-06T20:03:25.119938,2,2,150.7,0.2,150.6,150,150.3,59,,,,,,,,,,,,,,,,,150.8,100,151.1,150,,,,,,,,,,,,,,,,
2026-07-06T20:03:26.554666+00:00,2026-07-06T20:03:26.547661,2,2,150.7,0.2,150.6,147,150.3,59,,,,,,,,,,,,,,,,,150.8,100,151.1,150,,,,,,,,,,,,,,,,
2026-07-06T20:03:27.758632+00:00,2026-07-06T20:03:27.755800,1,1,150.85,0.5,150.6,147,,,,,,,,,,,,,,,,,,,151.1,150,,,,,,,,,,,,,,,,,,
2026-07-06T20:03:27.814541+00:00,2026-07-06T20:03:27.814384,2,1,150.85,0.5,150.6,147,150.2,100,,,,,,,,,,,,,,,,,151.1,150,,,,,,,,,,,,,,,,,,
2026-07-06T20:03:27.867383+00:00,2026-07-06T20:03:27.867245,2,2,150.65,0.1,150.6,147,150.2,100,,,,,,,,,,,,,,,,,150.7,100,151.1,150,,,,,,,,,,,,,,,,
2026-07-06T20:03:27.904119+00:00,2026-07-06T20:03:27.904019,2,2,150.65,0.1,150.6,147,150.2,100,,,,,,,,,,,,,,,,,150.7,50,151.1,150,,,,,,,,,,,,,,,,
2026-07-06T20:03:27.958596+00:00,2026-07-06T20:03:27.955998,3,2,150.65,0.1,150.6,147,150.4,8,150.2,100,,,,,,,,,,,,,,,150.7,58,151.1,150,,,,,,,,,,,,,,,,
2026-07-06T20:03:28.174194+00:00,2026-07-06T20:03:28.174169,2,1,150.55,0.3,150.4,8,150.2,100,,,,,,,,,,,,,,,,,150.7,58,,,,,,,,,,,,,,,,,,
2026-07-06T20:03:28.225477+00:00,2026-07-06T20:03:28.225802,3,1,150.6,0.2,150.5,150,150.4,8,150.2,100,,,,,,,,,,,,,,,150.7,58,,,,,,,,,,,,,,,,,,
2026-07-06T20:03:28.311468+00:00,2026-07-06T20:03:28.311233,3,2,150.6,0.2,150.5,150,150.4,8,150.2,100,,,,,,,,,,,,,,,150.7,58,151.0,150,,,,,,,,,,,,,,,,
2026-07-06T20:03:28.973238+00:00,2026-07-06T20:03:28.973173,3,2,150.6,0.2,150.5,150,150.4,8,150.2,100,,,,,,,,,,,,,,,150.7,9,151.0,150,,,,,,,,,,,,,,,,
2026-07-06T20:03:30.064169+00:00,2026-07-06T20:03:30.063457,3,2,150.6,0.2,150.5,100,150.4,8,150.2,100,,,,,,,,,,,,,,,150.7,9,151.0,150,,,,,,,,,,,,,,,,
2026-07-06T20:03:30.123121+00:00,2026-07-06T20:03:30.123079,3,2,150.6,0.2,150.5,58,150.4,8,150.2,100,,,,,,,,,,,,,,,150.7,9,151.0,150,,,,,,,,,,,,,,,,
2026-07-06T20:03:30.918724+00:00,2026-07-06T20:03:30.918643,2,2,150.6,0.2,150.5,58,150.4,8,,,,,,,,,,,,,,,,,150.7,8,151.0,150,,,,,,,,,,,,,,,,
2026-07-06T20:03:30.966856+00:00,2026-07-06T20:03:30.966816,2,2,150.6,0.2,150.5,58,150.4,108,,,,,,,,,,,,,,,,,150.7,8,151.0,150,,,,,,,,,,,,,,,,
2026-07-06T20:03:31.025872+00:00,2026-07-06T20:03:31.025826,2,3,150.6,0.2,150.5,58,150.4,108,,,,,,,,,,,,,,,,,150.7,8,150.9,100,151.0,150,,,,,,,,,,,,,,
2026-07-06T20:03:31.358589+00:00,2026-07-06T20:03:31.357215,1,2,150.55,0.3,150.4,108,,,,,,,,,,,,,,,,,,,150.7,8,150.9,100,,,,,,,,,,,,,,,,
2026-07-06T20:03:31.410327+00:00,2026-07-06T20:03:31.410665,2,2,150.55,0.3,150.4,108,150.0,150,,,,,,,,,,,,,,,,,150.7,8,150.9,100,,,,,,,,,,,,,,,,
2026-07-06T20:03:31.458613+00:00,2026-07-06T20:03:31.457454,2,2,150.45,0.1,150.4,100,150.0,150,,,,,,,,,,,,,,,,,150.5,150,150.9,100,,,,,,,,,,,,,,,,
2026-07-06T20:03:31.464367+00:00,2026-07-06T20:03:31.464205,3,3,150.45,0.1,150.4,100,150.1,8,150.0,150,,,,,,,,,,,,,,,150.5,150,150.6,8,150.9,100,,,,,,,,,,,,,,
2026-07-06T20:03:31.726432+00:00,2026-07-06T20:03:31.726343,2,2,150.45,0.1,150.4,100,150.0,150,,,,,,,,,,,,,,,,,150.5,150,150.9,100,,,,,,,,,,,,,,,,
2026-07-06T20:03:31.742286+00:00,2026-07-06T20:03:31.742224,2,2,150.45,0.1,150.4,92,150.0,158,,,,,,,,,,,,,,,,,150.5,150,150.9,100,,,,,,,,,,,,,,,,
2026-07-06T20:03:32.119002+00:00,2026-07-06T20:03:32.118958,2,2,150.45,0.1,150.4,92,150.0,158,,,,,,,,,,,,,,,,,150.5,100,150.9,100,,,,,,,,,,,,,,,,
2026-07-06T20:03:32.526924+00:00,2026-07-06T20:03:32.526784,2,2,150.45,0.1,150.4,92,150.0,150,,,,,,,,,,,,,,,,,150.5,100,150.9,100,,,,,,,,,,,,,,,,
2026-07-06T20:03:32.532094+00:00,2026-07-06T20:03:32.532042,3,2,150.45,0.1,150.4,92,150.2,8,150.0,150,,,,,,,,,,,,,,,150.5,108,150.9,100,,,,,,,,,,,,,,,,
2026-07-06T20:03:32.816385+00:00,2026-07-06T20:03:32.816238,3,2,150.45,0.1,150.4,92,150.2,8,150.0,150,,,,,,,,,,,,,,,150.5,61,150.9,100,,,,,,,,,,,,,,,,
2026-07-06T20:03:33.671262+00:00,2026-07-06T20:03:33.662902,3,2,150.45,0.1,150.4,92,150.2,8,150.0,150,,,,,,,,,,,,,,,150.5,58,150.9,100,,,,,,,,,,,,,,,,
2026-07-06T20:03:33.903541+00:00,2026-07-06T20:03:33.903425,3,2,150.45,0.1,150.4,45,150.2,8,150.0,150,,,,,,,,,,,,,,,150.5,58,150.9,100,,,,,,,,,,,,,,,,
2026-07-06T20:03:34.083042+00:00,2026-07-06T20:03:34.083008,2,1,150.35,0.3,150.2,8,150.0,150,,,,,,,,,,,,,,,,,150.5,58,,,,,,,,,,,,,,,,,,
2026-07-06T20:03:34.137569+00:00,2026-07-06T20:03:34.137516,3,1,150.35,0.3,150.2,8,150.1,100,150.0,150,,,,,,,,,,,,,,,150.5,58,,,,,,,,,,,,,,,,,,
2026-07-06T20:03:34.191053+00:00,2026-07-06T20:03:34.191166,3,2,150.35,0.3,150.2,8,150.1,100,150.0,150,,,,,,,,,,,,,,,150.5,58,150.6,100,,,,,,,,,,,,,,,,
2026-07-06T20:03:34.521737+00:00,2026-07-06T20:03:34.521650,2,2,150.35,0.3,150.2,8,150.1,100,,,,,,,,,,,,,,,,,150.5,8,150.6,100,,,,,,,,,,,,,,,,
2026-07-06T20:03:34.575660+00:00,2026-07-06T20:03:34.575571,3,2,150.4,0.2,150.3,150,150.2,8,150.1,100,,,,,,,,,,,,,,,150.5,8,150.6,100,,,,,,,,,,,,,,,,
2026-07-06T20:03:34.630640+00:00,2026-07-06T20:03:34.630592,3,3,150.4,0.2,150.3,150,150.2,8,150.1,100,,,,,,,,,,,,,,,150.5,8,150.6,100,150.8,150,,,,,,,,,,,,,,
2026-07-06T20:03:35.276202+00:00,2026-07-06T20:03:35.276039,2,3,150.35,0.1,150.3,150,150.1,108,,,,,,,,,,,,,,,,,150.4,8,150.6,100,150.8,150,,,,,,,,,,,,,,
2026-07-06T20:03:36.562499+00:00,2026-07-06T20:03:36.562429,2,2,150.45,0.3,150.3,150,150.1,100,,,,,,,,,,,,,,,,,150.6,100,150.8,150,,,,,,,,,,,,,,,,
2026-07-06T20:03:36.567751+00:00,2026-07-06T20:03:36.567628,3,3,150.4,0.2,150.3,150,150.2,8,150.1,100,,,,,,,,,,,,,,,150.5,8,150.6,100,150.8,150,,,,,,,,,,,,,,
2026-07-06T20:03:37.246539+00:00,2026-07-06T20:03:37.246483,2,2,150.4,0.2,150.3,150,150.2,8,,,,,,,,,,,,,,,,,150.5,8,150.8,150,,,,,,,,,,,,,,,,
2026-07-06T20:03:37.251793+00:00,2026-07-06T20:03:37.251677,2,2,150.4,0.2,150.3,104,150.2,8,,,,,,,,,,,,,,,,,150.5,8,150.8,150,,,,,,,,,,,,,,,,
2026-07-06T20:03:37.297164+00:00,2026-07-06T20:03:37.297114,3,2,150.4,0.2,150.3,104,150.2,8,149.9,100,,,,,,,,,,,,,,,150.5,8,150.8,150,,,,,,,,,,,,,,,,
2026-07-06T20:03:37.364091+00:00,2026-07-06T20:03:37.363990,3,3,150.35,0.1,150.3,104,150.2,8,149.9,100,,,,,,,,,,,,,,,150.4,100,150.5,8,150.8,150,,,,,,,,,,,,,,
2026-07-06T20:03:37.553801+00:00,2026-07-06T20:03:37.553744,2,3,150.35,0.1,150.3,104,149.9,100,,,,,,,,,,,,,,,,,150.4,100,150.5,8,150.8,150,,,,,,,,,,,,,,
2026-07-06T20:03:37.558961+00:00,2026-07-06T20:03:37.558899,2,2,150.35,0.1,150.3,104,149.9,100,,,,,,,,,,,,,,,,,150.4,100,150.8,150,,,,,,,,,,,,,,,,
2026-07-06T20:03:37.564100+00:00,2026-07-06T20:03:37.564077,3,2,150.35,0.1,150.3,104,150.1,8,149.9,100,,,,,,,,,,,,,,,150.4,108,150.8,150,,,,,,,,,,,,,,,,
2026-07-06T20:03:37.594484+00:00,2026-07-06T20:03:37.588261,3,2,150.35,0.1,150.3,101,150.1,8,149.9,100,,,,,,,,,,,,,,,150.4,108,150.8,150,,,,,,,,,,,,,,,,
2026-07-06T20:03:37.690553+00:00,2026-07-06T20:03:37.690683,2,1,150.25,0.3,150.1,8,149.9,100,,,,,,,,,,,,,,,,,150.4,108,,,,,,,,,,,,,,,,,,
2026-07-06T20:03:37.746309+00:00,2026-07-06T20:03:37.746163,2,1,150.25,0.3,150.1,8,149.9,250,,,,,,,,,,,,,,,,,150.4,108,,,,,,,,,,,,,,,,,,
2026-07-06T20:03:37.799172+00:00,2026-07-06T20:03:37.799397,2,1,150.25,0.3,150.1,8,149.9,250,,,,,,,,,,,,,,,,,150.4,258,,,,,,,,,,,,,,,,,,
2026-07-06T20:03:38.063954+00:00,2026-07-06T20:03:38.063896,1,1,150.15,0.5,149.9,250,,,,,,,,,,,,,,,,,,,150.4,258,,,,,,,,,,,,,,,,,,
2026-07-06T20:03:38.070551+00:00,2026-07-06T20:03:38.070353,1,1,150.15,0.5,149.9,250,,,,,,,,,,,,,,,,,,,150.4,250,,,,,,,,,,,,,,,,,,
2026-07-06T20:03:38.081527+00:00,2026-07-06T20:03:38.081434,2,2,150.15,0.3,150.0,8,149.9,250,,,,,,,,,,,,,,,,,150.3,8,150.4,250,,,,,,,,,,,,,,,,
2026-07-06T20:03:38.494526+00:00,2026-07-06T20:03:38.494330,1,2,150.1,0.4,149.9,208,,,,,,,,,,,,,,,,,,,150.3,8,150.4,250,,,,,,,,,,,,,,,,
2026-07-06T20:03:40.177181+00:00,2026-07-06T20:03:40.177089,1,1,150.15,0.5,149.9,208,,,,,,,,,,,,,,,,,,,150.4,210,,,,,,,,,,,,,,,,,,
2026-07-06T20:03:40.417824+00:00,2026-07-06T20:03:40.417780,1,1,150.15,0.5,149.9,150,,,,,,,,,,,,,,,,,,,150.4,150,,,,,,,,,,,,,,,,,,
2026-07-06T20:03:40.484971+00:00,2026-07-06T20:03:40.485104,2,1,150.2,0.4,150.0,100,149.9,150,,,,,,,,,,,,,,,,,150.4,150,,,,,,,,,,,,,,,,,,
2026-07-06T20:03:40.523617+00:00,2026-07-06T20:03:40.523510,2,2,150.2,0.4,150.0,100,149.9,150,,,,,,,,,,,,,,,,,150.4,150,150.5,100,,,,,,,,,,,,,,,,
2026-07-06T20:03:40.540882+00:00,2026-07-06T20:03:40.540675,2,2,150.2,0.4,150.0,100,149.9,150,,,,,,,,,,,,,,,,,150.4,100,150.5,100,,,,,,,,,,,,,,,,
2026-07-06T20:03:40.611063+00:00,2026-07-06T20:03:40.611005,3,2,150.25,0.3,150.1,8,150.0,100,149.9,150,,,,,,,,,,,,,,,150.4,108,150.5,100,,,,,,,,,,,,,,,,
2026-07-06T20:03:40.849124+00:00,2026-07-06T20:03:40.849006,2,2,150.25,0.3,150.1,8,150.0,100,,,,,,,,,,,,,,,,,150.4,8,150.5,100,,,,,,,,,,,,,,,,
2026-07-06T20:03:40.901504+00:00,2026-07-06T20:03:40.901666,3,2,150.3,0.2,150.2,150,150.1,8,150.0,100,,,,,,,,,,,,,,,150.4,8,150.5,100,,,,,,,,,,,,,,,,
2026-07-06T20:03:40.958923+00:00,2026-07-06T20:03:40.958755,3,3,150.3,0.2,150.2,150,150.1,8,150.0,100,,,,,,,,,,,,,,,150.4,8,150.5,100,150.7,150,,,,,,,,,,,,,,
2026-07-06T20:03:42.643352+00:00,2026-07-06T20:03:42.643291,3,2,150.35,0.3,150.2,150,150.1,8,150.0,100,,,,,,,,,,,,,,,150.5,58,150.7,150,,,,,,,,,,,,,,,,
2026-07-06T20:03:43.582813+00:00,2026-07-06T20:03:43.582722,2,1,150.45,0.5,150.2,150,150.1,8,,,,,,,,,,,,,,,,,150.7,150,,,,,,,,,,,,,,,,,,
2026-07-06T20:03:43.658695+00:00,2026-07-06T20:03:43.621266,1,1,150.45,0.5,150.2,150,,,,,,,,,,,,,,,,,,,150.7,150,,,,,,,,,,,,,,,,,,
2026-07-06T20:03:43.664558+00:00,2026-07-06T20:03:43.664294,2,2,150.4,0.4,150.2,158,150.1,100,,,,,,,,,,,,,,,,,150.6,8,150.7,150,,,,,,,,,,,,,,,,
2026-07-06T20:03:43.689439+00:00,2026-07-06T20:03:43.689311,2,2,150.4,0.4,150.2,158,150.1,100,,,,,,,,,,,,,,,,,150.6,108,150.7,150,,,,,,,,,,,,,,,,
2026-07-06T20:03:44.012609+00:00,2026-07-06T20:03:44.012520,2,1,150.4,0.4,150.2,8,150.1,100,,,,,,,,,,,,,,,,,150.6,108,,,,,,,,,,,,,,,,,,
2026-07-06T20:03:44.064153+00:00,2026-07-06T20:03:44.064039,3,1,150.45,0.3,150.3,150,150.2,8,150.1,100,,,,,,,,,,,,,,,150.6,108,,,,,,,,,,,,,,,,,,
2026-07-06T20:03:44.164359+00:00,2026-07-06T20:03:44.164205,2,3,150.4,0.2,150.3,150,150.1,108,,,,,,,,,,,,,,,,,150.5,8,150.6,100,150.8,150,,,,,,,,,,,,,,
2026-07-06T20:03:44.669937+00:00,2026-07-06T20:03:44.669721,3,3,150.35,0.1,150.3,150,150.1,100,150.0,8,,,,,,,,,,,,,,,150.4,8,150.6,100,150.8,150,,,,,,,,,,,,,,
2026-07-06T20:03:44.774420+00:00,2026-07-06T20:03:44.774248,3,2,150.45,0.3,150.3,150,150.1,100,150.0,8,,,,,,,,,,,,,,,150.6,58,150.8,150,,,,,,,,,,,,,,,,
2026-07-06T20:03:46.759119+00:00,2026-07-06T20:03:46.743304,2,1,150.55,0.5,150.3,150,150.0,8,,,,,,,,,,,,,,,,,150.8,150,,,,,,,,,,,,,,,,,,
2026-07-06T20:03:46.781075+00:00,2026-07-06T20:03:46.774871,2,1,150.55,0.5,150.3,139,150.0,8,,,,,,,,,,,,,,,,,150.8,150,,,,,,,,,,,,,,,,,,
2026-07-06T20:03:46.812183+00:00,2026-07-06T20:03:46.812050,3,1,150.55,0.5,150.3,139,150.1,100,150.0,8,,,,,,,,,,,,,,,150.8,150,,,,,,,,,,,,,,,,,,
2026-07-06T20:03:46.855248+00:00,2026-07-06T20:03:46.855151,3,2,150.45,0.3,150.3,139,150.1,100,150.0,8,,,,,,,,,,,,,,,150.6,100,150.8,150,,,,,,,,,,,,,,,,
2026-07-06T20:03:46.934335+00:00,2026-07-06T20:03:46.934224,3,2,150.45,0.3,150.3,89,150.1,100,150.0,8,,,,,,,,,,,,,,,150.6,100,150.8,150,,,,,,,,,,,,,,,,
2026-07-06T20:03:47.091186+00:00,2026-07-06T20:03:47.084031,3,2,150.45,0.3,150.3,77,150.1,100,150.0,8,,,,,,,,,,,,,,,150.6,100,150.8,150,,,,,,,,,,,,,,,,
2026-07-06T20:03:47.173066+00:00,2026-07-06T20:03:47.172990,2,1,150.35,0.5,150.1,100,150.0,8,,,,,,,,,,,,,,,,,150.6,100,,,,,,,,,,,,,,,,,,
2026-07-06T20:03:47.237235+00:00,2026-07-06T20:03:47.237206,3,1,150.35,0.5,150.1,100,150.0,8,149.6,150,,,,,,,,,,,,,,,150.6,100,,,,,,,,,,,,,,,,,,
2026-07-06T20:03:47.288972+00:00,2026-07-06T20:03:47.283288,2,2,150.05,0.1,150.0,8,149.6,150,,,,,,,,,,,,,,,,,150.1,38,150.6,100,,,,,,,,,,,,,,,,
2026-07-06T20:03:47.433068+00:00,2026-07-06T20:03:47.432971,2,2,150.0,0.2,149.9,8,149.6,150,,,,,,,,,,,,,,,,,150.1,38,150.6,100,,,,,,,,,,,,,,,,
2026-07-06T20:03:47.438184+00:00,2026-07-06T20:03:47.438137,2,3,150.0,0.2,149.9,8,149.6,150,,,,,,,,,,,,,,,,,150.1,38,150.2,8,150.6,100,,,,,,,,,,,,,,
2026-07-06T20:03:47.446072+00:00,2026-07-06T20:03:47.445859,1,3,149.85,0.5,149.6,117,,,,,,,,,,,,,,,,,,,150.1,38,150.2,8,150.6,100,,,,,,,,,,,,,,
2026-07-06T20:03:47.687589+00:00,2026-07-06T20:03:47.688208,2,2,149.9,0.4,149.7,8,149.6,117,,,,,,,,,,,,,,,,,150.1,38,150.6,100,,,,,,,,,,,,,,,,
2026-07-06T20:03:47.699549+00:00,2026-07-06T20:03:47.699403,2,3,149.9,0.4,149.7,8,149.6,117,,,,,,,,,,,,,,,,,150.1,38,150.2,8,150.6,100,,,,,,,,,,,,,,
2026-07-06T20:03:47.969090+00:00,2026-07-06T20:03:47.969005,2,3,149.95,0.3,149.8,8,149.6,117,,,,,,,,,,,,,,,,,150.1,38,150.2,8,150.6,100,,,,,,,,,,,,,,
2026-07-06T20:03:49.058697+00:00,2026-07-06T20:03:49.034686,1,3,149.85,0.5,149.6,75,,,,,,,,,,,,,,,,,,,150.1,38,150.2,8,150.6,100,,,,,,,,,,,,,,
2026-07-06T20:03:49.242034+00:00,2026-07-06T20:03:49.242187,1,2,149.85,0.5,149.6,75,,,,,,,,,,,,,,,,,,,150.1,38,150.6,100,,,,,,,,,,,,,,,,
2026-07-06T20:03:49.258595+00:00,2026-07-06T20:03:49.252551,2,3,149.9,0.4,149.7,8,149.6,75,,,,,,,,,,,,,,,,,150.1,38,150.2,8,150.6,100,,,,,,,,,,,,,,
2026-07-06T20:03:49.907525+00:00,2026-07-06T20:03:49.907441,2,2,149.9,0.4,149.7,8,149.6,75,,,,,,,,,,,,,,,,,150.1,38,150.2,8,,,,,,,,,,,,,,,,
2026-07-06T20:03:49.951695+00:00,2026-07-06T20:03:49.951920,3,2,149.9,0.4,149.7,8,149.6,75,149.5,100,,,,,,,,,,,,,,,150.1,38,150.2,8,,,,,,,,,,,,,,,,
2026-07-06T20:03:50.010750+00:00,2026-07-06T20:03:50.010615,3,3,149.85,0.3,149.7,8,149.6,75,149.5,100,,,,,,,,,,,,,,,150.0,100,150.1,38,150.2,8,,,,,,,,,,,,,,
2026-07-06T20:03:50.170663+00:00,2026-07-06T20:03:50.170527,2,3,149.8,0.4,149.6,38,149.5,100,,,,,,,,,,,,,,,,,150.0,100,150.1,38,150.2,8,,,,,,,,,,,,,,
2026-07-06T20:03:50.240614+00:00,2026-07-06T20:03:50.240522,2,2,149.8,0.4,149.6,38,149.5,100,,,,,,,,,,,,,,,,,150.0,100,150.1,38,,,,,,,,,,,,,,,,
2026-07-06T20:03:50.245829+00:00,2026-07-06T20:03:50.245778,3,2,149.85,0.3,149.7,8,149.6,38,149.5,100,,,,,,,,,,,,,,,150.0,108,150.1,38,,,,,,,,,,,,,,,,
2026-07-06T20:03:50.337584+00:00,2026-07-06T20:03:50.337461,2,1,149.85,0.3,149.7,8,149.5,100,,,,,,,,,,,,,,,,,150.0,108,,,,,,,,,,,,,,,,,,
2026-07-06T20:03:50.407930+00:00,2026-07-06T20:03:50.407891,2,1,149.85,0.3,149.7,8,149.5,250,,,,,,,,,,,,,,,,,150.0,108,,,,,,,,,,,,,,,,,,
2026-07-06T20:03:50.459361+00:00,2026-07-06T20:03:50.458857,2,1,149.85,0.3,149.7,8,149.5,250,,,,,,,,,,,,,,,,,150.0,258,,,,,,,,,,,,,,,,,,
2026-07-06T20:03:50.752114+00:00,2026-07-06T20:03:50.746856,2,1,149.85,0.3,149.7,8,149.5,250,,,,,,,,,,,,,,,,,150.0,247,,,,,,,,,,,,,,,,,,
2026-07-06T20:03:51.170428+00:00,2026-07-06T20:03:51.170326,1,1,149.75,0.5,149.5,208,,,,,,,,,,,,,,,,,,,150.0,247,,,,,,,,,,,,,,,,,,
2026-07-06T20:03:51.711799+00:00,2026-07-06T20:03:51.711695,1,1,149.75,0.5,149.5,208,,,,,,,,,,,,,,,,,,,150.0,206,,,,,,,,,,,,,,,,,,
2026-07-06T20:03:53.077885+00:00,2026-07-06T20:03:53.077478,1,1,149.75,0.5,149.5,150,,,,,,,,,,,,,,,,,,,150.0,158,,,,,,,,,,,,,,,,,,
2026-07-06T20:03:53.120103+00:00,2026-07-06T20:03:53.120339,1,1,149.75,0.5,149.5,250,,,,,,,,,,,,,,,,,,,150.0,158,,,,,,,,,,,,,,,,,,
2026-07-06T20:03:53.175254+00:00,2026-07-06T20:03:53.175118,1,1,149.75,0.5,149.5,250,,,,,,,,,,,,,,,,,,,150.0,258,,,,,,,,,,,,,,,,,,
2026-07-06T20:03:53.274253+00:00,2026-07-06T20:03:53.274126,1,1,149.75,0.5,149.5,200,,,,,,,,,,,,,,,,,,,150.0,258,,,,,,,,,,,,,,,,,,
2026-07-06T20:03:53.559117+00:00,2026-07-06T20:03:53.558835,2,1,149.75,0.5,149.5,100,149.3,150,,,,,,,,,,,,,,,,,150.0,108,,,,,,,,,,,,,,,,,,
2026-07-06T20:03:53.658812+00:00,2026-07-06T20:03:53.604785,2,2,149.65,0.3,149.5,100,149.3,150,,,,,,,,,,,,,,,,,149.8,150,150.0,108,,,,,,,,,,,,,,,,
2026-07-06T20:03:55.319942+00:00,2026-07-06T20:03:55.309342,2,2,149.65,0.3,149.5,100,149.3,150,,,,,,,,,,,,,,,,,149.8,100,150.0,108,,,,,,,,,,,,,,,,
2026-07-06T20:03:55.458943+00:00,2026-07-06T20:03:55.458795,2,2,149.65,0.3,149.5,100,149.3,150,,,,,,,,,,,,,,,,,149.8,57,150.0,108,,,,,,,,,,,,,,,,
2026-07-06T20:03:56.228888+00:00,2026-07-06T20:03:56.228823,1,2,149.55,0.5,149.3,150,,,,,,,,,,,,,,,,,,,149.8,57,150.0,8,,,,,,,,,,,,,,,,
2026-07-06T20:03:56.310113+00:00,2026-07-06T20:03:56.310082,2,2,149.65,0.3,149.5,100,149.3,150,,,,,,,,,,,,,,,,,149.8,57,150.0,8,,,,,,,,,,,,,,,,
2026-07-06T20:03:56.358680+00:00,2026-07-06T20:03:56.332121,2,2,149.65,0.3,149.5,100,149.3,150,,,,,,,,,,,,,,,,,149.8,57,150.0,108,,,,,,,,,,,,,,,,
2026-07-06T20:03:56.665185+00:00,2026-07-06T20:03:56.665102,1,1,149.75,0.5,149.5,100,,,,,,,,,,,,,,,,,,,150.0,108,,,,,,,,,,,,,,,,,,
2026-07-06T20:03:56.779877+00:00,2026-07-06T20:03:56.779489,2,1,149.85,0.3,149.7,150,149.5,100,,,,,,,,,,,,,,,,,150.0,108,,,,,,,,,,,,,,,,,,
2026-07-06T20:03:56.786317+00:00,2026-07-06T20:03:56.786137,2,2,149.85,0.3,149.7,150,149.5,100,,,,,,,,,,,,,,,,,150.0,108,150.2,150,,,,,,,,,,,,,,,,
2026-07-06T20:03:58.707378+00:00,2026-07-06T20:03:58.707466,2,2,149.85,0.3,149.7,150,149.5,100,,,,,,,,,,,,,,,,,150.0,100,150.2,150,,,,,,,,,,,,,,,,
2026-07-06T20:03:58.712682+00:00,2026-07-06T20:03:58.712632,3,2,149.85,0.3,149.7,150,149.6,8,149.5,100,,,,,,,,,,,,,,,150.0,100,150.2,150,,,,,,,,,,,,,,,,
2026-07-06T20:03:58.717974+00:00,2026-07-06T20:03:58.717862,3,3,149.8,0.2,149.7,150,149.6,8,149.5,100,,,,,,,,,,,,,,,149.9,8,150.0,100,150.2,150,,,,,,,,,,,,,,
2026-07-06T20:03:59.391738+00:00,2026-07-06T20:03:59.391668,2,2,149.8,0.2,149.7,150,149.6,8,,,,,,,,,,,,,,,,,149.9,8,150.2,150,,,,,,,,,,,,,,,,
2026-07-06T20:03:59.459284+00:00,2026-07-06T20:03:59.458905,3,2,149.8,0.2,149.7,150,149.6,8,149.3,100,,,,,,,,,,,,,,,149.9,8,150.2,150,,,,,,,,,,,,,,,,
2026-07-06T20:03:59.558730+00:00,2026-07-06T20:03:59.494790,3,3,149.75,0.1,149.7,150,149.6,8,149.3,100,,,,,,,,,,,,,,,149.8,100,149.9,8,150.2,150,,,,,,,,,,,,,,
2026-07-06T20:03:59.577129+00:00,2026-07-06T20:03:59.576923,3,3,149.75,0.1,149.7,100,149.6,8,149.3,100,,,,,,,,,,,,,,,149.8,100,149.9,8,150.2,150,,,,,,,,,,,,,,
2026-07-06T20:03:59.858649+00:00,2026-07-06T20:03:59.841182,2,2,149.7,0.2,149.6,8,149.3,100,,,,,,,,,,,,,,,,,149.8,100,149.9,8,,,,,,,,,,,,,,,,
2026-07-06T20:03:59.917863+00:00,2026-07-06T20:03:59.917777,3,2,149.7,0.2,149.6,8,149.3,100,149.2,150,,,,,,,,,,,,,,,149.8,100,149.9,8,,,,,,,,,,,,,,,,
2026-07-06T20:03:59.958673+00:00,2026-07-06T20:03:59.955605,3,3,149.65,0.1,149.6,8,149.3,100,149.2,150,,,,,,,,,,,,,,,149.7,150,149.8,100,149.9,8,,,,,,,,,,,,,,
2026-07-06T20:04:01.212362+00:00,2026-07-06T20:04:01.211980,2,3,149.5,0.4,149.3,65,149.2,150,,,,,,,,,,,,,,,,,149.7,150,149.8,100,149.9,8,,,,,,,,,,,,,,
2026-07-06T20:04:01.223330+00:00,2026-07-06T20:04:01.223554,2,2,149.5,0.4,149.3,65,149.2,150,,,,,,,,,,,,,,,,,149.7,150,149.8,100,,,,,,,,,,,,,,,,
2026-07-06T20:04:01.228856+00:00,2026-07-06T20:04:01.228786,3,3,149.55,0.3,149.4,3,149.3,65,149.2,150,,,,,,,,,,,,,,,149.7,150,149.8,100,149.9,8,,,,,,,,,,,,,,
2026-07-06T20:04:01.658609+00:00,2026-07-06T20:04:01.634705,3,3,149.55,0.3,149.4,3,149.3,65,149.2,150,,,,,,,,,,,,,,,149.7,100,149.8,100,149.9,8,,,,,,,,,,,,,,
2026-07-06T20:04:02.548372+00:00,2026-07-06T20:04:02.548777,2,2,149.55,0.3,149.4,3,149.2,150,,,,,,,,,,,,,,,,,149.7,100,149.9,8,,,,,,,,,,,,,,,,
2026-07-06T20:04:02.608868+00:00,2026-07-06T20:04:02.608755,2,2,149.55,0.3,149.4,3,149.2,250,,,,,,,,,,,,,,,,,149.7,100,149.9,8,,,,,,,,,,,,,,,,
2026-07-06T20:04:02.658932+00:00,2026-07-06T20:04:02.658846,2,2,149.55,0.3,149.4,3,149.2,250,,,,,,,,,,,,,,,,,149.7,200,149.9,8,,,,,,,,,,,,,,,,
2026-07-06T20:04:03.009631+00:00,2026-07-06T20:04:03.009845,2,2,149.55,0.3,149.4,3,149.2,100,,,,,,,,,,,,,,,,,149.7,100,149.9,8,,,,,,,,,,,,,,,,
2026-07-06T20:04:03.063647+00:00,2026-07-06T20:04:03.063968,3,2,149.6,0.2,149.5,150,149.4,3,149.2,100,,,,,,,,,,,,,,,149.7,100,149.9,8,,,,,,,,,,,,,,,,
2026-07-06T20:04:03.121238+00:00,2026-07-06T20:04:03.121408,3,3,149.6,0.2,149.5,150,149.4,3,149.2,100,,,,,,,,,,,,,,,149.7,100,149.9,8,150.0,150,,,,,,,,,,,,,,
2026-07-06T20:04:03.421759+00:00,2026-07-06T20:04:03.413110,3,3,149.6,0.2,149.5,150,149.4,3,149.2,100,,,,,,,,,,,,,,,149.7,97,149.9,8,150.0,150,,,,,,,,,,,,,,
2026-07-06T20:04:03.456178+00:00,2026-07-06T20:04:03.456083,3,3,149.6,0.2,149.5,150,149.4,3,149.2,100,,,,,,,,,,,,,,,149.7,52,149.9,8,150.0,150,,,,,,,,,,,,,,
2026-07-06T20:04:03.517046+00:00,2026-07-06T20:04:03.517381,3,3,149.65,0.1,149.6,3,149.5,150,149.2,100,,,,,,,,,,,,,,,149.7,52,150.0,150,150.1,8,,,,,,,,,,,,,,
2026-07-06T20:04:03.764091+00:00,2026-07-06T20:04:03.763973,3,3,149.65,0.1,149.6,3,149.5,150,149.2,100,,,,,,,,,,,,,,,149.7,2,150.0,150,150.1,8,,,,,,,,,,,,,,
2026-07-06T20:04:05.264610+00:00,2026-07-06T20:04:05.264475,3,2,149.8,0.4,149.6,3,149.5,150,149.2,100,,,,,,,,,,,,,,,150.0,150,150.1,8,,,,,,,,,,,,,,,,
2026-07-06T20:04:05.725298+00:00,2026-07-06T20:04:05.725250,2,2,149.8,0.4,149.6,3,149.5,150,,,,,,,,,,,,,,,,,150.0,150,150.1,8,,,,,,,,,,,,,,,,
2026-07-06T20:04:05.758795+00:00,2026-07-06T20:04:05.758632,3,2,149.85,0.3,149.7,100,149.6,3,149.5,150,,,,,,,,,,,,,,,150.0,150,150.1,8,,,,,,,,,,,,,,,,
2026-07-06T20:04:05.836628+00:00,2026-07-06T20:04:05.836409,3,3,149.85,0.3,149.7,100,149.6,3,149.5,150,,,,,,,,,,,,,,,150.0,150,150.1,8,150.2,100,,,,,,,,,,,,,,
2026-07-06T20:04:05.958995+00:00,2026-07-06T20:04:05.958905,3,3,149.85,0.3,149.7,50,149.6,3,149.5,150,,,,,,,,,,,,,,,150.0,150,150.1,8,150.2,100,,,,,,,,,,,,,,
2026-07-06T20:04:06.058653+00:00,2026-07-06T20:04:06.015296,2,2,149.85,0.3,149.7,53,149.5,150,,,,,,,,,,,,,,,,,150.0,158,150.2,100,,,,,,,,,,,,,,,,
2026-07-06T20:04:06.175878+00:00,2026-07-06T20:04:06.175845,1,2,149.85,0.3,149.7,53,,,,,,,,,,,,,,,,,,,150.0,8,150.2,100,,,,,,,,,,,,,,,,
2026-07-06T20:04:06.258651+00:00,2026-07-06T20:04:06.237242,1,2,149.85,0.3,149.7,203,,,,,,,,,,,,,,,,,,,150.0,8,150.2,100,,,,,,,,,,,,,,,,
2026-07-06T20:04:06.284458+00:00,2026-07-06T20:04:06.284279,1,2,149.85,0.3,149.7,203,,,,,,,,,,,,,,,,,,,150.0,8,150.2,250,,,,,,,,,,,,,,,,
2026-07-06T20:04:06.885422+00:00,2026-07-06T20:04:06.885299,1,2,149.85,0.3,149.7,155,,,,,,,,,,,,,,,,,,,150.0,8,150.2,250,,,,,,,,,,,,,,,,
2026-07-06T20:04:07.399642+00:00,2026-07-06T20:04:07.399600,1,1,149.95,0.5,149.7,155,,,,,,,,,,,,,,,,,,,150.2,210,,,,,,,,,,,,,,,,,,
2026-07-06T20:04:07.790904+00:00,2026-07-06T20:04:07.790615,2,1,150.0,0.4,149.8,8,149.7,152,,,,,,,,,,,,,,,,,150.2,218,,,,,,,,,,,,,,,,,,
2026-07-06T20:04:08.080209+00:00,2026-07-06T20:04:08.079989,1,1,149.95,0.5,149.7,110,,,,,,,,,,,,,,,,,,,150.2,218,,,,,,,,,,,,,,,,,,
2026-07-06T20:04:08.900431+00:00,2026-07-06T20:04:08.900597,1,1,149.95,0.5,149.7,110,,,,,,,,,,,,,,,,,,,150.2,158,,,,,,,,,,,,,,,,,,
2026-07-06T20:04:08.958936+00:00,2026-07-06T20:04:08.944146,2,1,150.0,0.4,149.8,100,149.7,70,,,,,,,,,,,,,,,,,150.2,158,,,,,,,,,,,,,,,,,,
2026-07-06T20:04:09.004178+00:00,2026-07-06T20:04:09.003867,2,2,150.0,0.4,149.8,100,149.7,70,,,,,,,,,,,,,,,,,150.2,158,150.3,100,,,,,,,,,,,,,,,,
2026-07-06T20:04:09.374270+00:00,2026-07-06T20:04:09.374134,1,2,150.0,0.4,149.8,100,,,,,,,,,,,,,,,,,,,150.2,8,150.3,100,,,,,,,,,,,,,,,,
2026-07-06T20:04:09.397453+00:00,2026-07-06T20:04:09.397333,2,2,150.0,0.4,149.8,100,149.3,150,,,,,,,,,,,,,,,,,150.2,8,150.3,100,,,,,,,,,,,,,,,,
2026-07-06T20:04:09.464124+00:00,2026-07-06T20:04:09.463927,1,3,149.55,0.5,149.3,150,,,,,,,,,,,,,,,,,,,149.8,50,150.2,8,150.3,100,,,,,,,,,,,,,,
2026-07-06T20:04:09.564226+00:00,2026-07-06T20:04:09.564037,2,2,149.6,0.4,149.4,3,149.3,150,,,,,,,,,,,,,,,,,149.8,50,150.3,100,,,,,,,,,,,,,,,,
2026-07-06T20:04:09.569441+00:00,2026-07-06T20:04:09.569308,2,3,149.6,0.4,149.4,3,149.3,150,,,,,,,,,,,,,,,,,149.8,50,150.0,8,150.3,100,,,,,,,,,,,,,,
2026-07-06T20:04:10.133407+00:00,2026-07-06T20:04:10.133254,1,3,149.55,0.5,149.3,103,,,,,,,,,,,,,,,,,,,149.8,50,150.0,8,150.3,100,,,,,,,,,,,,,,
2026-07-06T20:04:10.400293+00:00,2026-07-06T20:04:10.400185,1,3,149.55,0.5,149.3,103,,,,,,,,,,,,,,,,,,,149.8,7,150.0,8,150.3,100,,,,,,,,,,,,,,
2026-07-06T20:04:12.064212+00:00,2026-07-06T20:04:12.064118,1,2,149.55,0.5,149.3,103,,,,,,,,,,,,,,,,,,,149.8,7,150.0,8,,,,,,,,,,,,,,,,
2026-07-06T20:04:12.164598+00:00,2026-07-06T20:04:12.164562,2,3,149.5,0.4,149.3,103,149.2,100,,,,,,,,,,,,,,,,,149.7,100,149.8,7,150.0,8,,,,,,,,,,,,,,
2026-07-06T20:04:12.276012+00:00,2026-07-06T20:04:12.275863,2,3,149.5,0.4,149.3,53,149.2,100,,,,,,,,,,,,,,,,,149.7,100,149.8,7,150.0,8,,,,,,,,,,,,,,
2026-07-06T20:04:12.564908+00:00,2026-07-06T20:04:12.565739,2,2,149.6,0.2,149.5,150,149.2,100,,,,,,,,,,,,,,,,,149.7,100,150.0,8,,,,,,,,,,,,,,,,
2026-07-06T20:04:12.675046+00:00,2026-07-06T20:04:12.674736,2,2,149.6,0.2,149.5,150,149.2,100,,,,,,,,,,,,,,,,,149.7,100,150.0,158,,,,,,,,,,,,,,,,
2026-07-06T20:04:14.459508+00:00,2026-07-06T20:04:14.458867,2,2,149.6,0.2,149.5,110,149.2,100,,,,,,,,,,,,,,,,,149.7,100,150.0,158,,,,,,,,,,,,,,,,
2026-07-06T20:04:15.259554+00:00,2026-07-06T20:04:15.259313,2,1,149.75,0.5,149.5,110,149.3,100,,,,,,,,,,,,,,,,,150.0,158,,,,,,,,,,,,,,,,,,
2026-07-06T20:04:15.373951+00:00,2026-07-06T20:04:15.374282,2,2,149.65,0.3,149.5,110,149.3,100,,,,,,,,,,,,,,,,,149.8,100,150.0,158,,,,,,,,,,,,,,,,
2026-07-06T20:04:15.681931+00:00,2026-07-06T20:04:15.683550,1,2,149.55,0.5,149.3,100,,,,,,,,,,,,,,,,,,,149.8,100,150.0,8,,,,,,,,,,,,,,,,
2026-07-06T20:04:15.764341+00:00,2026-07-06T20:04:15.764088,2,2,149.65,0.3,149.5,150,149.3,100,,,,,,,,,,,,,,,,,149.8,100,150.0,8,,,,,,,,,,,,,,,,
2026-07-06T20:04:15.769967+00:00,2026-07-06T20:04:15.769639,2,2,149.65,0.3,149.5,150,149.3,100,,,,,,,,,,,,,,,,,149.8,100,150.0,158,,,,,,,,,,,,,,,,
2026-07-06T20:04:15.859609+00:00,2026-07-06T20:04:15.859345,2,3,149.65,0.3,149.5,150,149.3,100,,,,,,,,,,,,,,,,,149.8,100,150.0,150,150.1,8,,,,,,,,,,,,,,
2026-07-06T20:04:16.463924+00:00,2026-07-06T20:04:16.463863,2,3,149.65,0.3,149.5,100,149.3,100,,,,,,,,,,,,,,,,,149.8,100,150.0,150,150.1,8,,,,,,,,,,,,,,
2026-07-06T20:04:18.373236+00:00,2026-07-06T20:04:18.372850,1,2,149.75,0.5,149.5,100,,,,,,,,,,,,,,,,,,,150.0,150,150.1,8,,,,,,,,,,,,,,,,
2026-07-06T20:04:18.463693+00:00,2026-07-06T20:04:18.464223,2,2,149.75,0.5,149.5,100,149.4,100,,,,,,,,,,,,,,,,,150.0,150,150.1,8,,,,,,,,,,,,,,,,
2026-07-06T20:04:18.480170+00:00,2026-07-06T20:04:18.480551,2,3,149.7,0.4,149.5,100,149.4,100,,,,,,,,,,,,,,,,,149.9,100,150.0,150,150.1,8,,,,,,,,,,,,,,
2026-07-06T20:04:18.569675+00:00,2026-07-06T20:04:18.569586,2,3,149.7,0.4,149.5,50,149.4,100,,,,,,,,,,,,,,,,,149.9,100,150.0,150,150.1,8,,,,,,,,,,,,,,
2026-07-06T20:04:18.664291+00:00,2026-07-06T20:04:18.664157,2,3,149.7,0.4,149.5,50,149.4,100,,,,,,,,,,,,,,,,,149.9,51,150.0,150,150.1,8,,,,,,,,,,,,,,
2026-07-06T20:04:18.824467+00:00,2026-07-06T20:04:18.824321,2,2,149.7,0.4,149.5,50,149.4,100,,,,,,,,,,,,,,,,,149.9,51,150.1,8,,,,,,,,,,,,,,,,
2026-07-06T20:04:18.834727+00:00,2026-07-06T20:04:18.834646,1,2,149.65,0.5,149.4,100,,,,,,,,,,,,,,,,,,,149.9,51,150.1,8,,,,,,,,,,,,,,,,
2026-07-06T20:04:18.891861+00:00,2026-07-06T20:04:18.892002,2,2,149.65,0.5,149.4,100,149.1,150,,,,,,,,,,,,,,,,,149.9,51,150.1,8,,,,,,,,,,,,,,,,
2026-07-06T20:04:18.940642+00:00,2026-07-06T20:04:18.934191,2,3,149.5,0.2,149.4,100,149.1,150,,,,,,,,,,,,,,,,,149.6,147,149.9,51,150.1,8,,,,,,,,,,,,,,
2026-07-06T20:04:20.378854+00:00,2026-07-06T20:04:20.369264,2,2,149.5,0.2,149.4,100,149.1,150,,,,,,,,,,,,,,,,,149.6,147,149.9,51,,,,,,,,,,,,,,,,
2026-07-06T20:04:20.393165+00:00,2026-07-06T20:04:20.391269,2,3,149.5,0.2,149.4,100,149.1,150,,,,,,,,,,,,,,,,,149.6,147,149.9,51,150.0,8,,,,,,,,,,,,,,
2026-07-06T20:04:20.677536+00:00,2026-07-06T20:04:20.677464,2,3,149.5,0.2,149.4,50,149.1,150,,,,,,,,,,,,,,,,,149.6,147,149.9,51,150.0,8,,,,,,,,,,,,,,
2026-07-06T20:04:21.576183+00:00,2026-07-06T20:04:21.576116,1,2,149.35,0.5,149.1,150,,,,,,,,,,,,,,,,,,,149.6,147,150.0,8,,,,,,,,,,,,,,,,
2026-07-06T20:04:21.659379+00:00,2026-07-06T20:04:21.659013,2,2,149.45,0.3,149.3,100,149.1,150,,,,,,,,,,,,,,,,,149.6,147,150.0,8,,,,,,,,,,,,,,,,
2026-07-06T20:04:21.678077+00:00,2026-07-06T20:04:21.677965,2,3,149.45,0.3,149.3,100,149.1,150,,,,,,,,,,,,,,,,,149.6,147,149.8,100,150.0,8,,,,,,,,,,,,,,
2026-07-06T20:04:21.892818+00:00,2026-07-06T20:04:21.892707,2,2,149.45,0.3,149.3,100,149.1,150,,,,,,,,,,,,,,,,,149.6,147,149.8,100,,,,,,,,,,,,,,,,
2026-07-06T20:04:21.898057+00:00,2026-07-06T20:04:21.897945,2,3,149.45,0.3,149.3,100,149.1,150,,,,,,,,,,,,,,,,,149.6,147,149.8,100,150.0,8,,,,,,,,,,,,,,
2026-07-06T20:04:21.983897+00:00,2026-07-06T20:04:21.983810,1,2,149.55,0.5,149.3,100,,,,,,,,,,,,,,,,,,,149.8,100,150.0,8,,,,,,,,,,,,,,,,
2026-07-06T20:04:22.059116+00:00,2026-07-06T20:04:22.058960,2,2,149.55,0.5,149.3,100,149.1,150,,,,,,,,,,,,,,,,,149.8,100,150.0,8,,,,,,,,,,,,,,,,
2026-07-06T20:04:22.095720+00:00,2026-07-06T20:04:22.096083,2,3,149.45,0.3,149.3,100,149.1,150,,,,,,,,,,,,,,,,,149.6,150,149.8,100,150.0,8,,,,,,,,,,,,,,
2026-07-06T20:04:22.582116+00:00,2026-07-06T20:04:22.582559,2,3,149.45,0.3,149.3,58,149.1,150,,,,,,,,,,,,,,,,,149.6,150,149.8,100,150.0,8,,,,,,,,,,,,,,
2026-07-06T20:04:22.831576+00:00,2026-07-06T20:04:22.831156,2,3,149.45,0.3,149.3,8,149.1,150,,,,,,,,,,,,,,,,,149.6,150,149.8,100,150.0,8,,,,,,,,,,,,,,
2026-07-06T20:04:24.163989+00:00,2026-07-06T20:04:24.163933,2,3,149.45,0.3,149.3,8,149.1,150,,,,,,,,,,,,,,,,,149.6,150,149.8,100,149.9,8,,,,,,,,,,,,,,
2026-07-06T20:04:24.751092+00:00,2026-07-06T20:04:24.750972,1,2,149.35,0.5,149.1,150,,,,,,,,,,,,,,,,,,,149.6,150,149.9,8,,,,,,,,,,,,,,,,
