recv_time,book_timestamp,n_bids,n_asks,mid,spread,bid_px_0,bid_vol_0,bid_px_1,bid_vol_1,bid_px_2,bid_vol_2,bid_px_3,bid_vol_3,bid_px_4,bid_vol_4,bid_px_5,bid_vol_5,bid_px_6,bid_vol_6,bid_px_7,bid_vol_7,bid_px_8,bid_vol_8,bid_px_9,bid_vol_9,ask_px_0,ask_vol_0,ask_px_1,ask_vol_1,ask_px_2,ask_vol_2,ask_px_3,ask_vol_3,ask_px_4,ask_vol_4,ask_px_5,ask_vol_5,ask_px_6,ask_vol_6,ask_px_7,ask_vol_7,ask_px_8,ask_vol_8,ask_px_9,ask_vol_9
2026-06-29T03:00:00.490455+00:00,2026-06-29T13:00:00.482455,1,1,98.85,0.5,98.6,6,,,,,,,,,,,,,,,,,,,99.1,100,,,,,,,,,,,,,,,,,,
2026-06-29T03:00:00.545455+00:00,2026-06-29T13:00:00.544454,2,1,99.0,0.2,98.9,150,98.6,6,,,,,,,,,,,,,,,,,99.1,100,,,,,,,,,,,,,,,,,,
2026-06-29T03:00:00.600455+00:00,2026-06-29T13:00:00.593455,2,2,99.0,0.2,98.9,150,98.6,6,,,,,,,,,,,,,,,,,99.1,100,99.4,150,,,,,,,,,,,,,,,,
2026-06-29T03:00:00.875454+00:00,2026-06-29T13:00:00.871455,2,1,99.15,0.5,98.9,150,98.6,3,,,,,,,,,,,,,,,,,99.4,150,,,,,,,,,,,,,,,,,,
2026-06-29T03:00:00.930455+00:00,2026-06-29T13:00:00.924455,3,1,99.15,0.5,98.9,150,98.6,3,98.4,100,,,,,,,,,,,,,,,99.4,150,,,,,,,,,,,,,,,,,,
2026-06-29T03:00:00.985454+00:00,2026-06-29T13:00:00.978454,3,1,99.15,0.5,98.9,50,98.6,3,98.4,100,,,,,,,,,,,,,,,99.4,150,,,,,,,,,,,,,,,,,,
2026-06-29T03:00:01.480454+00:00,2026-06-29T13:00:01.472454,2,1,99.0,0.8,98.6,3,98.4,100,,,,,,,,,,,,,,,,,99.4,150,,,,,,,,,,,,,,,,,,
2026-06-29T03:00:03.582572+00:00,2026-06-29T13:00:03.577572,1,1,98.9,1.0,98.4,53,,,,,,,,,,,,,,,,,,,99.4,150,,,,,,,,,,,,,,,,,,
2026-06-29T03:00:03.593572+00:00,2026-06-29T13:00:03.591572,2,1,99.0,0.8,98.6,5,98.4,53,,,,,,,,,,,,,,,,,99.4,150,,,,,,,,,,,,,,,,,,
2026-06-29T03:00:03.648572+00:00,2026-06-29T13:00:03.646572,2,0,,,98.6,5,98.4,53,,,,,,,,,,,,,,,,,,,,,,,,,,,,,,,,,,,,
2026-06-29T03:00:03.703572+00:00,2026-06-29T13:00:03.699573,2,0,,,98.6,5,98.4,203,,,,,,,,,,,,,,,,,,,,,,,,,,,,,,,,,,,,
2026-06-29T03:00:03.758571+00:00,2026-06-29T13:00:03.750572,2,1,98.75,0.3,98.6,5,98.4,203,,,,,,,,,,,,,,,,,98.9,150,,,,,,,,,,,,,,,,,,
2026-06-29T03:00:04.044571+00:00,2026-06-29T13:00:04.033774,2,1,98.75,0.3,98.6,5,98.4,150,,,,,,,,,,,,,,,,,98.9,150,,,,,,,,,,,,,,,,,,
2026-06-29T03:00:04.088572+00:00,2026-06-29T13:00:04.085572,3,1,98.8,0.2,98.7,100,98.6,5,98.4,150,,,,,,,,,,,,,,,98.9,150,,,,,,,,,,,,,,,,,,
2026-06-29T03:00:04.121572+00:00,2026-06-29T13:00:04.116572,3,1,98.8,0.2,98.7,100,98.6,5,98.4,150,,,,,,,,,,,,,,,98.9,125,,,,,,,,,,,,,,,,,,
2026-06-29T03:00:04.143572+00:00,2026-06-29T13:00:04.141572,3,2,98.8,0.2,98.7,100,98.6,5,98.4,150,,,,,,,,,,,,,,,98.9,90,99.2,100,,,,,,,,,,,,,,,,
2026-06-29T03:00:04.187572+00:00,2026-06-29T13:00:04.185572,3,2,98.8,0.2,98.7,100,98.6,5,98.4,150,,,,,,,,,,,,,,,98.9,65,99.2,100,,,,,,,,,,,,,,,,
2026-06-29T03:00:04.231572+00:00,2026-06-29T13:00:04.230571,3,2,98.8,0.2,98.7,100,98.6,5,98.4,150,,,,,,,,,,,,,,,98.9,38,99.2,100,,,,,,,,,,,,,,,,
2026-06-29T03:00:04.330572+00:00,2026-06-29T13:00:04.325572,3,2,98.8,0.2,98.7,100,98.6,5,98.4,150,,,,,,,,,,,,,,,98.9,13,99.2,100,,,,,,,,,,,,,,,,
2026-06-29T03:00:04.407572+00:00,2026-06-29T13:00:04.400571,3,1,98.95,0.5,98.7,100,98.6,5,98.4,150,,,,,,,,,,,,,,,99.2,100,,,,,,,,,,,,,,,,,,
2026-06-29T03:00:04.418572+00:00,2026-06-29T13:00:04.412572,3,1,98.95,0.5,98.7,100,98.6,3,98.4,150,,,,,,,,,,,,,,,99.2,100,,,,,,,,,,,,,,,,,,
2026-06-29T03:00:04.693572+00:00,2026-06-29T13:00:04.687571,3,1,98.95,0.5,98.7,100,98.6,2,98.4,150,,,,,,,,,,,,,,,99.2,100,,,,,,,,,,,,,,,,,,
2026-06-29T03:00:04.825571+00:00,2026-06-29T13:00:04.817572,3,1,98.95,0.5,98.7,100,98.6,2,98.4,150,,,,,,,,,,,,,,,99.2,98,,,,,,,,,,,,,,,,,,
2026-06-29T03:00:05.441095+00:00,2026-06-29T13:00:05.434095,3,1,98.95,0.5,98.7,100,98.6,1,98.4,150,,,,,,,,,,,,,,,99.2,98,,,,,,,,,,,,,,,,,,
2026-06-29T03:00:05.694095+00:00,2026-06-29T13:00:05.686086,3,1,98.95,0.5,98.7,50,98.6,1,98.4,150,,,,,,,,,,,,,,,99.2,98,,,,,,,,,,,,,,,,,,
2026-06-29T03:00:05.969095+00:00,2026-06-29T13:00:05.964094,3,2,98.8,0.2,98.7,50,98.6,1,98.4,150,,,,,,,,,,,,,,,98.9,5,99.2,98,,,,,,,,,,,,,,,,
2026-06-29T03:00:06.057095+00:00,2026-06-29T13:00:06.049095,3,1,98.95,0.5,98.7,50,98.6,1,98.4,150,,,,,,,,,,,,,,,99.2,98,,,,,,,,,,,,,,,,,,
2026-06-29T03:00:06.508134+00:00,2026-06-29T13:00:06.497134,3,2,98.8,0.2,98.7,50,98.6,1,98.4,150,,,,,,,,,,,,,,,98.9,4,99.2,98,,,,,,,,,,,,,,,,
2026-06-29T03:00:06.552135+00:00,2026-06-29T13:00:06.541134,3,1,98.95,0.5,98.7,50,98.6,1,98.4,150,,,,,,,,,,,,,,,99.2,98,,,,,,,,,,,,,,,,,,
2026-06-29T03:00:06.717126+00:00,2026-06-29T13:00:06.714125,3,2,98.8,0.2,98.7,50,98.6,1,98.4,150,,,,,,,,,,,,,,,98.9,5,99.2,98,,,,,,,,,,,,,,,,
2026-06-29T03:00:06.761125+00:00,2026-06-29T13:00:06.751126,3,1,98.95,0.5,98.7,50,98.6,1,98.4,150,,,,,,,,,,,,,,,99.2,98,,,,,,,,,,,,,,,,,,
2026-06-29T03:00:06.805125+00:00,2026-06-29T13:00:06.804125,2,1,98.95,0.5,98.7,50,98.6,1,,,,,,,,,,,,,,,,,99.2,98,,,,,,,,,,,,,,,,,,
2026-06-29T03:00:06.860134+00:00,2026-06-29T13:00:06.857134,3,1,99.15,0.1,99.1,150,98.7,50,98.6,1,,,,,,,,,,,,,,,99.2,98,,,,,,,,,,,,,,,,,,
2026-06-29T03:00:06.915134+00:00,2026-06-29T13:00:06.911134,3,2,99.15,0.1,99.1,150,98.7,50,98.6,1,,,,,,,,,,,,,,,99.2,98,99.6,150,,,,,,,,,,,,,,,,
2026-06-29T03:00:07.201125+00:00,2026-06-29T13:00:07.194125,2,1,99.35,0.5,99.1,150,98.6,1,,,,,,,,,,,,,,,,,99.6,150,,,,,,,,,,,,,,,,,,
2026-06-29T03:00:07.256125+00:00,2026-06-29T13:00:07.252125,2,1,99.35,0.5,99.1,101,98.6,101,,,,,,,,,,,,,,,,,99.6,150,,,,,,,,,,,,,,,,,,
2026-06-29T03:00:07.311126+00:00,2026-06-29T13:00:07.309125,2,1,99.35,0.5,99.1,1,98.6,101,,,,,,,,,,,,,,,,,99.6,150,,,,,,,,,,,,,,,,,,
2026-06-29T03:00:07.751135+00:00,2026-06-29T13:00:07.745134,2,1,99.35,0.5,99.1,1,98.6,101,,,,,,,,,,,,,,,,,99.6,100,,,,,,,,,,,,,,,,,,
2026-06-29T03:00:08.948872+00:00,2026-06-29T13:00:08.939872,1,2,98.8,0.4,98.6,101,,,,,,,,,,,,,,,,,,,99.0,3,99.6,100,,,,,,,,,,,,,,,,
2026-06-29T03:00:09.971872+00:00,2026-06-29T13:00:09.963864,1,1,98.8,0.4,98.6,101,,,,,,,,,,,,,,,,,,,99.0,3,,,,,,,,,,,,,,,,,,
2026-06-29T03:00:10.026865+00:00,2026-06-29T13:00:10.015872,2,1,98.85,0.3,98.7,150,98.6,101,,,,,,,,,,,,,,,,,99.0,3,,,,,,,,,,,,,,,,,,
2026-06-29T03:00:10.070863+00:00,2026-06-29T13:00:10.066863,2,2,98.85,0.3,98.7,150,98.6,101,,,,,,,,,,,,,,,,,99.0,3,99.2,150,,,,,,,,,,,,,,,,
2026-06-29T03:00:10.367387+00:00,2026-06-29T13:00:10.359378,2,2,98.85,0.3,98.7,150,98.6,1,,,,,,,,,,,,,,,,,99.0,3,99.2,150,,,,,,,,,,,,,,,,
2026-06-29T03:00:10.422387+00:00,2026-06-29T13:00:10.411386,3,2,98.95,0.1,98.9,100,98.7,150,98.6,1,,,,,,,,,,,,,,,99.0,3,99.2,150,,,,,,,,,,,,,,,,
2026-06-29T03:00:10.466386+00:00,2026-06-29T13:00:10.464386,3,3,98.95,0.1,98.9,100,98.7,150,98.6,1,,,,,,,,,,,,,,,99.0,3,99.2,150,99.4,100,,,,,,,,,,,,,,
2026-06-29T03:00:10.763387+00:00,2026-06-29T13:00:10.757387,3,2,99.05,0.3,98.9,100,98.7,150,98.6,1,,,,,,,,,,,,,,,99.2,150,99.4,100,,,,,,,,,,,,,,,,
2026-06-29T03:00:10.972387+00:00,2026-06-29T13:00:10.964387,3,3,98.95,0.1,98.9,100,98.7,150,98.6,1,,,,,,,,,,,,,,,99.0,4,99.2,150,99.4,100,,,,,,,,,,,,,,
2026-06-29T03:00:11.170378+00:00,2026-06-29T13:00:11.168378,3,2,99.05,0.3,98.9,100,98.7,150,98.6,1,,,,,,,,,,,,,,,99.2,150,99.4,100,,,,,,,,,,,,,,,,
2026-06-29T03:00:11.379377+00:00,2026-06-29T13:00:11.377377,3,2,99.05,0.3,98.9,100,98.7,150,98.6,1,,,,,,,,,,,,,,,99.2,148,99.4,100,,,,,,,,,,,,,,,,
2026-06-29T03:00:11.588386+00:00,2026-06-29T13:00:11.581387,3,2,99.05,0.3,98.9,100,98.7,150,98.6,1,,,,,,,,,,,,,,,99.2,146,99.4,100,,,,,,,,,,,,,,,,
2026-06-29T03:00:11.786386+00:00,2026-06-29T13:00:11.785387,3,2,99.05,0.3,98.9,100,98.7,150,98.6,1,,,,,,,,,,,,,,,99.2,144,99.4,100,,,,,,,,,,,,,,,,
2026-06-29T03:00:11.995387+00:00,2026-06-29T13:00:11.993387,3,2,99.05,0.3,98.9,100,98.7,150,98.6,1,,,,,,,,,,,,,,,99.2,142,99.4,100,,,,,,,,,,,,,,,,
2026-06-29T03:00:12.017387+00:00,2026-06-29T13:00:12.015378,3,2,99.05,0.3,98.9,50,98.7,150,98.6,1,,,,,,,,,,,,,,,99.2,142,99.4,100,,,,,,,,,,,,,,,,
2026-06-29T03:00:12.204378+00:00,2026-06-29T13:00:12.196377,3,2,99.05,0.3,98.9,50,98.7,150,98.6,1,,,,,,,,,,,,,,,99.2,140,99.4,100,,,,,,,,,,,,,,,,
2026-06-29T03:00:12.611378+00:00,2026-06-29T13:00:12.606387,3,2,99.05,0.3,98.9,50,98.7,150,98.6,1,,,,,,,,,,,,,,,99.2,138,99.4,100,,,,,,,,,,,,,,,,
2026-06-29T03:00:12.820387+00:00,2026-06-29T13:00:12.815387,3,2,99.05,0.3,98.9,50,98.7,150,98.6,1,,,,,,,,,,,,,,,99.2,136,99.4,100,,,,,,,,,,,,,,,,
2026-06-29T03:00:13.128386+00:00,2026-06-29T13:00:13.122387,2,1,99.15,0.5,98.9,50,98.6,1,,,,,,,,,,,,,,,,,99.4,100,,,,,,,,,,,,,,,,,,
2026-06-29T03:00:13.183387+00:00,2026-06-29T13:00:13.177387,2,1,99.15,0.5,98.9,200,98.6,1,,,,,,,,,,,,,,,,,99.4,100,,,,,,,,,,,,,,,,,,
2026-06-29T03:00:13.238387+00:00,2026-06-29T13:00:13.231387,2,1,99.15,0.5,98.9,200,98.6,1,,,,,,,,,,,,,,,,,99.4,250,,,,,,,,,,,,,,,,,,
2026-06-29T03:00:13.523943+00:00,2026-06-29T13:00:13.518943,2,1,99.15,0.5,98.9,150,98.6,1,,,,,,,,,,,,,,,,,99.4,150,,,,,,,,,,,,,,,,,,
2026-06-29T03:00:13.578943+00:00,2026-06-29T13:00:13.571934,2,1,99.15,0.5,98.9,250,98.6,1,,,,,,,,,,,,,,,,,99.4,150,,,,,,,,,,,,,,,,,,
2026-06-29T03:00:13.633942+00:00,2026-06-29T13:00:13.623943,2,1,99.15,0.5,98.9,250,98.6,1,,,,,,,,,,,,,,,,,99.4,250,,,,,,,,,,,,,,,,,,
2026-06-29T03:00:14.128943+00:00,2026-06-29T13:00:14.120943,2,1,99.15,0.5,98.9,200,98.6,1,,,,,,,,,,,,,,,,,99.4,250,,,,,,,,,,,,,,,,,,
2026-06-29T03:00:16.250481+00:00,2026-06-29T13:00:16.247482,2,1,99.15,0.5,98.9,150,98.6,1,,,,,,,,,,,,,,,,,99.4,250,,,,,,,,,,,,,,,,,,
2026-06-29T03:00:16.261482+00:00,2026-06-29T13:00:16.251482,1,1,99.15,0.5,98.9,150,,,,,,,,,,,,,,,,,,,99.4,250,,,,,,,,,,,,,,,,,,
2026-06-29T03:00:16.294482+00:00,2026-06-29T13:00:16.286481,1,1,99.15,0.5,98.9,100,,,,,,,,,,,,,,,,,,,99.4,100,,,,,,,,,,,,,,,,,,
2026-06-29T03:00:16.349481+00:00,2026-06-29T13:00:16.339482,2,1,99.15,0.5,98.9,100,98.5,150,,,,,,,,,,,,,,,,,99.4,100,,,,,,,,,,,,,,,,,,
2026-06-29T03:00:16.382491+00:00,2026-06-29T13:00:16.377491,3,1,99.15,0.5,98.9,100,98.8,3,98.5,150,,,,,,,,,,,,,,,99.4,100,,,,,,,,,,,,,,,,,,
2026-06-29T03:00:16.393490+00:00,2026-06-29T13:00:16.392490,3,2,98.95,0.1,98.9,100,98.8,3,98.5,150,,,,,,,,,,,,,,,99.0,150,99.4,100,,,,,,,,,,,,,,,,
2026-06-29T03:00:16.437490+00:00,2026-06-29T13:00:16.429491,3,2,98.95,0.1,98.9,100,98.8,3,98.5,150,,,,,,,,,,,,,,,99.0,125,99.4,100,,,,,,,,,,,,,,,,
2026-06-29T03:00:16.591490+00:00,2026-06-29T13:00:16.590491,3,2,98.95,0.1,98.9,100,98.8,3,98.5,150,,,,,,,,,,,,,,,99.0,100,99.4,100,,,,,,,,,,,,,,,,
2026-06-29T03:00:16.646491+00:00,2026-06-29T13:00:16.640490,3,2,98.95,0.1,98.9,100,98.8,3,98.5,150,,,,,,,,,,,,,,,99.0,75,99.4,100,,,,,,,,,,,,,,,,
2026-06-29T03:00:16.690490+00:00,2026-06-29T13:00:16.680490,2,1,98.9,0.2,98.8,3,98.5,150,,,,,,,,,,,,,,,,,99.0,75,,,,,,,,,,,,,,,,,,
2026-06-29T03:00:16.734490+00:00,2026-06-29T13:00:16.733491,3,1,98.95,0.1,98.9,100,98.8,3,98.5,150,,,,,,,,,,,,,,,99.0,75,,,,,,,,,,,,,,,,,,
2026-06-29T03:00:16.800491+00:00,2026-06-29T13:00:16.792491,3,2,98.95,0.1,98.9,100,98.8,3,98.5,150,,,,,,,,,,,,,,,99.0,75,99.4,100,,,,,,,,,,,,,,,,
2026-06-29T03:00:16.855490+00:00,2026-06-29T13:00:16.849491,3,2,98.95,0.1,98.9,100,98.8,3,98.5,150,,,,,,,,,,,,,,,99.0,73,99.4,100,,,,,,,,,,,,,,,,
2026-06-29T03:00:17.218481+00:00,2026-06-29T13:00:17.210481,3,3,98.95,0.1,98.9,100,98.8,3,98.5,150,,,,,,,,,,,,,,,99.0,73,99.1,4,99.4,100,,,,,,,,,,,,,,
2026-06-29T03:00:18.361004+00:00,2026-06-29T13:00:18.352004,3,3,98.95,0.1,98.9,50,98.8,3,98.5,150,,,,,,,,,,,,,,,99.0,73,99.1,4,99.4,100,,,,,,,,,,,,,,
2026-06-29T03:00:19.450004+00:00,2026-06-29T13:00:19.449004,2,2,99.0,0.2,98.9,50,98.8,3,,,,,,,,,,,,,,,,,99.1,4,99.4,100,,,,,,,,,,,,,,,,
2026-06-29T03:00:19.494004+00:00,2026-06-29T13:00:19.488005,2,2,99.0,0.2,98.9,50,98.8,1,,,,,,,,,,,,,,,,,99.1,4,99.4,100,,,,,,,,,,,,,,,,
2026-06-29T03:00:19.516004+00:00,2026-06-29T13:00:19.507004,2,2,99.0,0.2,98.9,50,98.8,151,,,,,,,,,,,,,,,,,99.1,4,99.4,100,,,,,,,,,,,,,,,,
2026-06-29T03:00:19.571004+00:00,2026-06-29T13:00:19.560005,2,3,99.0,0.2,98.9,50,98.8,151,,,,,,,,,,,,,,,,,99.1,4,99.3,150,99.4,100,,,,,,,,,,,,,,
2026-06-29T03:00:19.857014+00:00,2026-06-29T13:00:19.846198,1,2,98.95,0.3,98.8,151,,,,,,,,,,,,,,,,,,,99.1,4,99.3,150,,,,,,,,,,,,,,,,
2026-06-29T03:00:19.901013+00:00,2026-06-29T13:00:19.900014,1,2,98.95,0.3,98.8,251,,,,,,,,,,,,,,,,,,,99.1,4,99.3,150,,,,,,,,,,,,,,,,
2026-06-29T03:00:19.956013+00:00,2026-06-29T13:00:19.953013,1,2,98.95,0.3,98.8,251,,,,,,,,,,,,,,,,,,,99.1,4,99.3,250,,,,,,,,,,,,,,,,
2026-06-29T03:00:20.473004+00:00,2026-06-29T13:00:20.463005,1,2,98.95,0.3,98.8,201,,,,,,,,,,,,,,,,,,,99.1,4,99.3,250,,,,,,,,,,,,,,,,
2026-06-29T03:00:21.133005+00:00,2026-06-29T13:00:21.127004,1,2,98.95,0.3,98.8,201,,,,,,,,,,,,,,,,,,,99.1,3,99.3,250,,,,,,,,,,,,,,,,
2026-06-29T03:00:21.155004+00:00,2026-06-29T13:00:21.144004,1,1,99.05,0.5,98.8,201,,,,,,,,,,,,,,,,,,,99.3,207,,,,,,,,,,,,,,,,,,
2026-06-29T03:00:21.705004+00:00,2026-06-29T13:00:21.702005,1,1,99.05,0.5,98.8,204,,,,,,,,,,,,,,,,,,,99.3,207,,,,,,,,,,,,,,,,,,
2026-06-29T03:00:22.112013+00:00,2026-06-29T13:00:22.104014,1,1,99.05,0.5,98.8,204,,,,,,,,,,,,,,,,,,,99.3,163,,,,,,,,,,,,,,,,,,
2026-06-29T03:00:22.123013+00:00,2026-06-29T13:00:22.112013,1,2,98.95,0.3,98.8,204,,,,,,,,,,,,,,,,,,,99.1,4,99.3,163,,,,,,,,,,,,,,,,
2026-06-29T03:00:22.222013+00:00,2026-06-29T13:00:22.211014,1,1,99.05,0.5,98.8,204,,,,,,,,,,,,,,,,,,,99.3,163,,,,,,,,,,,,,,,,,,
2026-06-29T03:00:22.563013+00:00,2026-06-29T13:00:22.557013,1,2,98.95,0.3,98.8,204,,,,,,,,,,,,,,,,,,,99.1,3,99.3,163,,,,,,,,,,,,,,,,
2026-06-29T03:00:22.574013+00:00,2026-06-29T13:00:22.569013,1,2,98.95,0.3,98.8,154,,,,,,,,,,,,,,,,,,,99.1,3,99.3,163,,,,,,,,,,,,,,,,
2026-06-29T03:00:22.629013+00:00,2026-06-29T13:00:22.619014,1,2,98.95,0.3,98.8,103,,,,,,,,,,,,,,,,,,,99.1,3,99.3,100,,,,,,,,,,,,,,,,
2026-06-29T03:00:22.640013+00:00,2026-06-29T13:00:22.630014,1,1,99.05,0.5,98.8,103,,,,,,,,,,,,,,,,,,,99.3,100,,,,,,,,,,,,,,,,,,
2026-06-29T03:00:22.673014+00:00,2026-06-29T13:00:22.669005,1,1,99.05,0.5,98.8,253,,,,,,,,,,,,,,,,,,,99.3,100,,,,,,,,,,,,,,,,,,
2026-06-29T03:00:22.728013+00:00,2026-06-29T13:00:22.721013,1,1,99.05,0.5,98.8,253,,,,,,,,,,,,,,,,,,,99.3,250,,,,,,,,,,,,,,,,,,
2026-06-29T03:00:22.849014+00:00,2026-06-29T13:00:22.848013,1,2,98.95,0.3,98.8,253,,,,,,,,,,,,,,,,,,,99.1,3,99.3,250,,,,,,,,,,,,,,,,
2026-06-29T03:00:23.014013+00:00,2026-06-29T13:00:23.009013,1,2,98.95,0.3,98.8,153,,,,,,,,,,,,,,,,,,,99.1,3,99.3,150,,,,,,,,,,,,,,,,
2026-06-29T03:00:23.036005+00:00,2026-06-29T13:00:23.036005,1,1,99.05,0.5,98.8,153,,,,,,,,,,,,,,,,,,,99.3,150,,,,,,,,,,,,,,,,,,
2026-06-29T03:00:23.080013+00:00,2026-06-29T13:00:23.073013,2,1,99.1,0.4,98.9,100,98.8,153,,,,,,,,,,,,,,,,,99.3,150,,,,,,,,,,,,,,,,,,
2026-06-29T03:00:23.124013+00:00,2026-06-29T13:00:23.116013,2,2,99.1,0.4,98.9,100,98.8,153,,,,,,,,,,,,,,,,,99.3,150,99.4,100,,,,,,,,,,,,,,,,
2026-06-29T03:00:23.860542+00:00,2026-06-29T13:00:23.854550,2,2,99.1,0.4,98.9,100,98.8,150,,,,,,,,,,,,,,,,,99.3,150,99.4,100,,,,,,,,,,,,,,,,
2026-06-29T03:00:24.685550+00:00,2026-06-29T13:00:24.677541,2,2,99.1,0.4,98.9,50,98.8,150,,,,,,,,,,,,,,,,,99.3,150,99.4,100,,,,,,,,,,,,,,,,
2026-06-29T03:00:25.785065+00:00,2026-06-29T13:00:25.779065,1,1,99.15,0.5,98.9,50,,,,,,,,,,,,,,,,,,,99.4,100,,,,,,,,,,,,,,,,,,
2026-06-29T03:00:25.840065+00:00,2026-06-29T13:00:25.830056,1,1,99.15,0.5,98.9,200,,,,,,,,,,,,,,,,,,,99.4,100,,,,,,,,,,,,,,,,,,
2026-06-29T03:00:25.895064+00:00,2026-06-29T13:00:25.886065,1,1,99.15,0.5,98.9,200,,,,,,,,,,,,,,,,,,,99.4,250,,,,,,,,,,,,,,,,,,
2026-06-29T03:00:26.180621+00:00,2026-06-29T13:00:26.171621,1,1,99.15,0.5,98.9,150,,,,,,,,,,,,,,,,,,,99.4,150,,,,,,,,,,,,,,,,,,
2026-06-29T03:00:26.224621+00:00,2026-06-29T13:00:26.223621,2,1,99.15,0.5,98.9,150,98.7,100,,,,,,,,,,,,,,,,,99.4,150,,,,,,,,,,,,,,,,,,
2026-06-29T03:00:26.279621+00:00,2026-06-29T13:00:26.278621,2,2,99.05,0.3,98.9,150,98.7,100,,,,,,,,,,,,,,,,,99.2,100,99.4,150,,,,,,,,,,,,,,,,
2026-06-29T03:00:26.785620+00:00,2026-06-29T13:00:26.782621,2,2,99.05,0.3,98.9,100,98.7,100,,,,,,,,,,,,,,,,,99.2,100,99.4,150,,,,,,,,,,,,,,,,
2026-06-29T03:00:26.994621+00:00,2026-06-29T13:00:26.993620,2,2,99.05,0.3,98.9,100,98.7,100,,,,,,,,,,,,,,,,,99.2,60,99.4,150,,,,,,,,,,,,,,,,
2026-06-29T03:00:28.544416+00:00,2026-06-29T13:00:28.543416,2,2,99.05,0.3,98.9,51,98.7,100,,,,,,,,,,,,,,,,,99.2,60,99.4,150,,,,,,,,,,,,,,,,
2026-06-29T03:00:28.918425+00:00,2026-06-29T13:00:28.912424,2,2,99.05,0.3,98.9,1,98.7,100,,,,,,,,,,,,,,,,,99.2,60,99.4,150,,,,,,,,,,,,,,,,
2026-06-29T03:00:28.940425+00:00,2026-06-29T13:00:28.938425,1,1,98.95,0.5,98.7,100,,,,,,,,,,,,,,,,,,,99.2,60,,,,,,,,,,,,,,,,,,
2026-06-29T03:00:28.995425+00:00,2026-06-29T13:00:28.990425,2,1,98.95,0.5,98.7,100,98.4,150,,,,,,,,,,,,,,,,,99.2,60,,,,,,,,,,,,,,,,,,
2026-06-29T03:00:29.017425+00:00,2026-06-29T13:00:29.014425,2,1,98.95,0.5,98.7,100,98.4,150,,,,,,,,,,,,,,,,,99.2,13,,,,,,,,,,,,,,,,,,
2026-06-29T03:00:29.050425+00:00,2026-06-29T13:00:29.043425,2,2,98.8,0.2,98.7,100,98.4,150,,,,,,,,,,,,,,,,,98.9,150,99.2,13,,,,,,,,,,,,,,,,
2026-06-29T03:00:29.336425+00:00,2026-06-29T13:00:29.332425,1,1,98.65,0.5,98.4,150,,,,,,,,,,,,,,,,,,,98.9,150,,,,,,,,,,,,,,,,,,
2026-06-29T03:00:29.391425+00:00,2026-06-29T13:00:29.386425,1,1,98.65,0.5,98.4,150,,,,,,,,,,,,,,,,,,,98.9,50,,,,,,,,,,,,,,,,,,
2026-06-29T03:00:29.446415+00:00,2026-06-29T13:00:29.440416,1,2,98.65,0.5,98.4,150,,,,,,,,,,,,,,,,,,,98.9,50,99.6,100,,,,,,,,,,,,,,,,
2026-06-29T03:00:29.633416+00:00,2026-06-29T13:00:29.629416,1,2,98.65,0.5,98.4,150,,,,,,,,,,,,,,,,,,,98.9,10,99.6,100,,,,,,,,,,,,,,,,
2026-06-29T03:00:29.666415+00:00,2026-06-29T13:00:29.658416,1,1,99.0,1.2,98.4,150,,,,,,,,,,,,,,,,,,,99.6,100,,,,,,,,,,,,,,,,,,
2026-06-29T03:00:30.271416+00:00,2026-06-29T13:00:30.263415,1,1,99.0,1.2,98.4,109,,,,,,,,,,,,,,,,,,,99.6,100,,,,,,,,,,,,,,,,,,
2026-06-29T03:00:30.973930+00:00,2026-06-29T13:00:30.963051,1,1,99.0,1.2,98.4,109,,,,,,,,,,,,,,,,,,,99.6,50,,,,,,,,,,,,,,,,,,
2026-06-29T03:00:32.106939+00:00,2026-06-29T13:00:32.096940,0,1,,,,,,,,,,,,,,,,,,,,,,,99.6,50,,,,,,,,,,,,,,,,,,
2026-06-29T03:00:32.161939+00:00,2026-06-29T13:00:32.150939,1,1,99.2,0.8,98.8,150,,,,,,,,,,,,,,,,,,,99.6,50,,,,,,,,,,,,,,,,,,
2026-06-29T03:00:32.205939+00:00,2026-06-29T13:00:32.201939,1,2,99.05,0.5,98.8,150,,,,,,,,,,,,,,,,,,,99.3,150,99.6,50,,,,,,,,,,,,,,,,
2026-06-29T03:00:32.502930+00:00,2026-06-29T13:00:32.493930,1,1,99.05,0.5,98.8,150,,,,,,,,,,,,,,,,,,,99.3,150,,,,,,,,,,,,,,,,,,
2026-06-29T03:00:32.557931+00:00,2026-06-29T13:00:32.549930,2,1,99.1,0.4,98.9,100,98.8,150,,,,,,,,,,,,,,,,,99.3,150,,,,,,,,,,,,,,,,,,
2026-06-29T03:00:32.612930+00:00,2026-06-29T13:00:32.602931,2,2,99.1,0.4,98.9,100,98.8,150,,,,,,,,,,,,,,,,,99.3,150,99.4,100,,,,,,,,,,,,,,,,
2026-06-29T03:00:33.052930+00:00,2026-06-29T13:00:33.048930,2,3,99.0,0.2,98.9,100,98.8,150,,,,,,,,,,,,,,,,,99.1,4,99.3,150,99.4,100,,,,,,,,,,,,,,
2026-06-29T03:00:33.074930+00:00,2026-06-29T13:00:33.064931,2,2,99.1,0.4,98.9,100,98.8,150,,,,,,,,,,,,,,,,,99.3,104,99.4,100,,,,,,,,,,,,,,,,
2026-06-29T03:00:33.931588+00:00,2026-06-29T13:00:33.926587,2,3,99.0,0.2,98.9,100,98.8,150,,,,,,,,,,,,,,,,,99.1,4,99.3,104,99.4,100,,,,,,,,,,,,,,
2026-06-29T03:00:34.085587+00:00,2026-06-29T13:00:34.076469,2,2,99.1,0.4,98.9,100,98.8,150,,,,,,,,,,,,,,,,,99.3,104,99.4,100,,,,,,,,,,,,,,,,
2026-06-29T03:00:34.965478+00:00,2026-06-29T13:00:34.963477,2,3,99.0,0.2,98.9,100,98.8,153,,,,,,,,,,,,,,,,,99.1,3,99.3,104,99.4,100,,,,,,,,,,,,,,
2026-06-29T03:00:35.163477+00:00,2026-06-29T13:00:35.162477,2,2,99.1,0.4,98.9,100,98.8,153,,,,,,,,,,,,,,,,,99.3,66,99.4,100,,,,,,,,,,,,,,,,
2026-06-29T03:00:35.174477+00:00,2026-06-29T13:00:35.172477,2,2,99.1,0.4,98.9,100,98.8,153,,,,,,,,,,,,,,,,,99.3,16,99.4,100,,,,,,,,,,,,,,,,
2026-06-29T03:00:35.185477+00:00,2026-06-29T13:00:35.184478,2,3,99.05,0.3,98.9,100,98.8,153,,,,,,,,,,,,,,,,,99.2,3,99.3,16,99.4,100,,,,,,,,,,,,,,
2026-06-29T03:00:35.262477+00:00,2026-06-29T13:00:35.257470,2,2,99.05,0.3,98.9,100,98.8,3,,,,,,,,,,,,,,,,,99.2,3,99.4,100,,,,,,,,,,,,,,,,
2026-06-29T03:00:35.317477+00:00,2026-06-29T13:00:35.313478,3,0,,,99.5,47,98.9,100,98.8,3,,,,,,,,,,,,,,,,,,,,,,,,,,,,,,,,,,
2026-06-29T03:00:35.339477+00:00,2026-06-29T13:00:35.338477,3,0,,,99.5,44,98.9,100,98.8,3,,,,,,,,,,,,,,,,,,,,,,,,,,,,,,,,,,
2026-06-29T03:00:35.372477+00:00,2026-06-29T13:00:35.367477,3,1,99.75,0.5,99.5,44,98.9,100,98.8,3,,,,,,,,,,,,,,,100.0,150,,,,,,,,,,,,,,,,,,
2026-06-29T03:00:35.658468+00:00,2026-06-29T13:00:35.656468,2,1,99.75,0.5,99.5,44,98.8,3,,,,,,,,,,,,,,,,,100.0,150,,,,,,,,,,,,,,,,,,
2026-06-29T03:00:35.713468+00:00,2026-06-29T13:00:35.709468,3,1,99.75,0.5,99.5,44,99.4,100,98.8,3,,,,,,,,,,,,,,,100.0,150,,,,,,,,,,,,,,,,,,
2026-06-29T03:00:35.768468+00:00,2026-06-29T13:00:35.763468,3,2,99.7,0.4,99.5,44,99.4,100,98.8,3,,,,,,,,,,,,,,,99.9,100,100.0,150,,,,,,,,,,,,,,,,
2026-06-29T03:00:35.867477+00:00,2026-06-29T13:00:35.858477,3,2,99.7,0.4,99.5,4,99.4,100,98.8,3,,,,,,,,,,,,,,,99.9,100,100.0,150,,,,,,,,,,,,,,,,
2026-06-29T03:00:36.340037+00:00,2026-06-29T13:00:36.339037,2,2,99.65,0.5,99.4,58,98.8,3,,,,,,,,,,,,,,,,,99.9,100,100.0,150,,,,,,,,,,,,,,,,
2026-06-29T03:00:36.901037+00:00,2026-06-29T13:00:36.895037,2,2,99.65,0.5,99.4,9,98.8,3,,,,,,,,,,,,,,,,,99.9,100,100.0,150,,,,,,,,,,,,,,,,
2026-06-29T03:00:36.967028+00:00,2026-06-29T13:00:36.959027,2,2,99.65,0.5,99.4,8,98.8,3,,,,,,,,,,,,,,,,,99.9,100,100.0,150,,,,,,,,,,,,,,,,
2026-06-29T03:00:37.198027+00:00,2026-06-29T13:00:37.193028,2,2,99.65,0.5,99.4,7,98.8,3,,,,,,,,,,,,,,,,,99.9,100,100.0,150,,,,,,,,,,,,,,,,
2026-06-29T03:00:37.231028+00:00,2026-06-29T13:00:37.224027,1,2,99.65,0.5,99.4,7,,,,,,,,,,,,,,,,,,,99.9,100,100.0,150,,,,,,,,,,,,,,,,
2026-06-29T03:00:37.297028+00:00,2026-06-29T13:00:37.286027,1,2,99.65,0.5,99.4,7,,,,,,,,,,,,,,,,,,,99.9,50,100.0,150,,,,,,,,,,,,,,,,
2026-06-29T03:00:37.352028+00:00,2026-06-29T13:00:37.351028,2,2,99.65,0.5,99.4,6,99.0,5,,,,,,,,,,,,,,,,,99.9,50,100.0,150,,,,,,,,,,,,,,,,
2026-06-29T03:00:37.407028+00:00,2026-06-29T13:00:37.398027,2,2,99.65,0.5,99.4,6,99.0,5,,,,,,,,,,,,,,,,,99.9,7,100.0,150,,,,,,,,,,,,,,,,
2026-06-29T03:00:37.429027+00:00,2026-06-29T13:00:37.421028,2,2,99.65,0.5,99.4,5,99.0,5,,,,,,,,,,,,,,,,,99.9,7,100.0,150,,,,,,,,,,,,,,,,
2026-06-29T03:00:37.462028+00:00,2026-06-29T13:00:37.458028,2,2,99.65,0.5,99.4,4,99.0,5,,,,,,,,,,,,,,,,,99.9,7,100.0,150,,,,,,,,,,,,,,,,
2026-06-29T03:00:38.264542+00:00,2026-06-29T13:00:38.257542,2,2,99.65,0.5,99.4,3,99.0,5,,,,,,,,,,,,,,,,,99.9,7,100.0,150,,,,,,,,,,,,,,,,
2026-06-29T03:00:38.406613+00:00,2026-06-29T13:00:38.396613,2,2,99.65,0.5,99.4,2,99.0,5,,,,,,,,,,,,,,,,,99.9,7,100.0,150,,,,,,,,,,,,,,,,
2026-06-29T03:00:38.428613+00:00,2026-06-29T13:00:38.426613,2,2,99.65,0.5,99.4,1,99.0,5,,,,,,,,,,,,,,,,,99.9,7,100.0,150,,,,,,,,,,,,,,,,
2026-06-29T03:00:38.439613+00:00,2026-06-29T13:00:38.431613,2,1,99.65,0.5,99.4,1,99.0,5,,,,,,,,,,,,,,,,,99.9,7,,,,,,,,,,,,,,,,,,
2026-06-29T03:00:38.483613+00:00,2026-06-29T13:00:38.479612,2,1,99.45,0.9,99.0,5,98.9,150,,,,,,,,,,,,,,,,,99.9,7,,,,,,,,,,,,,,,,,,
2026-06-29T03:00:38.538613+00:00,2026-06-29T13:00:38.531613,2,2,99.2,0.4,99.0,5,98.9,150,,,,,,,,,,,,,,,,,99.4,150,99.9,7,,,,,,,,,,,,,,,,
2026-06-29T03:00:38.604613+00:00,2026-06-29T13:00:38.593613,2,3,99.15,0.3,99.0,5,98.9,150,,,,,,,,,,,,,,,,,99.3,1,99.4,150,99.9,7,,,,,,,,,,,,,,
2026-06-29T03:00:38.824613+00:00,2026-06-29T13:00:38.817613,2,2,99.15,0.3,99.0,5,98.9,150,,,,,,,,,,,,,,,,,99.3,1,99.4,150,,,,,,,,,,,,,,,,
2026-06-29T03:00:38.879617+00:00,2026-06-29T13:00:38.871613,3,2,99.25,0.1,99.2,100,99.0,5,98.9,150,,,,,,,,,,,,,,,99.3,1,99.4,150,,,,,,,,,,,,,,,,
2026-06-29T03:00:38.934613+00:00,2026-06-29T13:00:38.925613,3,3,99.25,0.1,99.2,100,99.0,5,98.9,150,,,,,,,,,,,,,,,99.3,1,99.4,150,99.7,100,,,,,,,,,,,,,,
2026-06-29T03:00:39.440613+00:00,2026-06-29T13:00:39.437613,3,3,99.25,0.1,99.2,50,99.0,5,98.9,150,,,,,,,,,,,,,,,99.3,1,99.4,150,99.7,100,,,,,,,,,,,,,,
2026-06-29T03:00:40.639613+00:00,2026-06-29T13:00:40.636613,3,2,99.3,0.2,99.2,50,99.0,5,98.9,150,,,,,,,,,,,,,,,99.4,106,99.7,100,,,,,,,,,,,,,,,,
2026-06-29T03:00:40.694613+00:00,2026-06-29T13:00:40.691613,3,2,99.3,0.2,99.2,7,99.0,5,98.9,150,,,,,,,,,,,,,,,99.4,106,99.7,100,,,,,,,,,,,,,,,,
2026-06-29T03:00:41.200614+00:00,2026-06-29T13:00:41.192613,3,2,99.3,0.2,99.2,7,99.0,5,98.9,150,,,,,,,,,,,,,,,99.4,58,99.7,100,,,,,,,,,,,,,,,,
2026-06-29T03:00:41.497613+00:00,2026-06-29T13:00:41.493614,3,2,99.3,0.2,99.2,7,99.0,5,98.9,150,,,,,,,,,,,,,,,99.4,8,99.7,100,,,,,,,,,,,,,,,,
2026-06-29T03:00:41.618614+00:00,2026-06-29T13:00:41.616613,3,1,99.45,0.5,99.2,7,99.0,5,98.9,150,,,,,,,,,,,,,,,99.7,100,,,,,,,,,,,,,,,,,,
2026-06-29T03:00:41.629613+00:00,2026-06-29T13:00:41.623613,2,1,99.45,0.5,99.2,7,99.0,5,,,,,,,,,,,,,,,,,99.7,100,,,,,,,,,,,,,,,,,,
2026-06-29T03:00:41.673613+00:00,2026-06-29T13:00:41.669613,3,1,99.5,0.4,99.3,150,99.2,7,99.0,5,,,,,,,,,,,,,,,99.7,100,,,,,,,,,,,,,,,,,,
2026-06-29T03:00:41.728613+00:00,2026-06-29T13:00:41.722613,3,2,99.5,0.4,99.3,150,99.2,7,99.0,5,,,,,,,,,,,,,,,99.7,100,99.8,150,,,,,,,,,,,,,,,,
2026-06-29T03:00:41.981732+00:00,2026-06-29T13:00:41.980615,3,1,99.55,0.5,99.3,150,99.2,7,99.0,5,,,,,,,,,,,,,,,99.8,150,,,,,,,,,,,,,,,,,,
2026-06-29T03:00:41.992732+00:00,2026-06-29T13:00:41.981932,2,1,99.55,0.5,99.3,150,99.0,5,,,,,,,,,,,,,,,,,99.8,150,,,,,,,,,,,,,,,,,,
2026-06-29T03:00:42.036732+00:00,2026-06-29T13:00:42.033732,3,1,99.55,0.5,99.3,150,99.0,5,98.9,100,,,,,,,,,,,,,,,99.8,150,,,,,,,,,,,,,,,,,,
2026-06-29T03:00:42.091731+00:00,2026-06-29T13:00:42.086732,3,2,99.35,0.1,99.3,150,99.0,5,98.9,100,,,,,,,,,,,,,,,99.4,100,99.8,150,,,,,,,,,,,,,,,,
2026-06-29T03:00:42.124732+00:00,2026-06-29T13:00:42.116732,3,2,99.35,0.1,99.3,150,99.0,4,98.9,100,,,,,,,,,,,,,,,99.4,100,99.8,150,,,,,,,,,,,,,,,,
2026-06-29T03:00:43.609036+00:00,2026-06-29T13:00:43.602090,3,2,99.35,0.1,99.3,150,99.0,4,98.9,100,,,,,,,,,,,,,,,99.4,50,99.8,150,,,,,,,,,,,,,,,,
2026-06-29T03:00:44.543725+00:00,2026-06-29T13:00:44.540724,3,2,99.35,0.1,99.3,150,99.0,2,98.9,100,,,,,,,,,,,,,,,99.4,50,99.8,150,,,,,,,,,,,,,,,,
2026-06-29T03:00:44.785724+00:00,2026-06-29T13:00:44.778724,2,1,99.2,0.4,99.0,2,98.9,100,,,,,,,,,,,,,,,,,99.4,50,,,,,,,,,,,,,,,,,,
2026-06-29T03:00:44.818724+00:00,2026-06-29T13:00:44.814724,2,1,99.2,0.4,99.0,2,98.9,100,,,,,,,,,,,,,,,,,99.4,54,,,,,,,,,,,,,,,,,,
2026-06-29T03:00:44.840724+00:00,2026-06-29T13:00:44.831724,3,1,99.35,0.1,99.3,150,99.0,2,98.9,100,,,,,,,,,,,,,,,99.4,54,,,,,,,,,,,,,,,,,,
2026-06-29T03:00:44.884725+00:00,2026-06-29T13:00:44.883724,3,2,99.35,0.1,99.3,150,99.0,2,98.9,100,,,,,,,,,,,,,,,99.4,54,99.8,150,,,,,,,,,,,,,,,,
2026-06-29T03:00:45.148843+00:00,2026-06-29T13:00:45.141843,2,2,99.35,0.1,99.3,150,99.0,2,,,,,,,,,,,,,,,,,99.4,4,99.8,150,,,,,,,,,,,,,,,,
2026-06-29T03:00:45.203843+00:00,2026-06-29T13:00:45.194843,3,2,99.35,0.1,99.3,150,99.1,100,99.0,2,,,,,,,,,,,,,,,99.4,4,99.8,150,,,,,,,,,,,,,,,,
2026-06-29T03:00:45.258733+00:00,2026-06-29T13:00:45.256725,3,3,99.35,0.1,99.3,150,99.1,100,99.0,2,,,,,,,,,,,,,,,99.4,4,99.6,100,99.8,150,,,,,,,,,,,,,,
2026-06-29T03:00:45.720725+00:00,2026-06-29T13:00:45.718724,3,2,99.45,0.3,99.3,150,99.1,100,99.0,2,,,,,,,,,,,,,,,99.6,54,99.8,150,,,,,,,,,,,,,,,,
2026-06-29T03:00:47.557283+00:00,2026-06-29T13:00:47.555283,3,2,99.45,0.3,99.3,108,99.1,100,99.0,2,,,,,,,,,,,,,,,99.6,54,99.8,150,,,,,,,,,,,,,,,,
2026-06-29T03:00:47.568283+00:00,2026-06-29T13:00:47.558284,2,2,99.45,0.3,99.3,108,99.1,100,,,,,,,,,,,,,,,,,99.6,54,99.8,150,,,,,,,,,,,,,,,,
2026-06-29T03:00:47.832274+00:00,2026-06-29T13:00:47.822275,2,2,99.45,0.3,99.3,108,99.1,100,,,,,,,,,,,,,,,,,99.6,4,99.8,150,,,,,,,,,,,,,,,,
2026-06-29T03:00:47.942274+00:00,2026-06-29T13:00:47.940274,1,1,99.35,0.5,99.1,100,,,,,,,,,,,,,,,,,,,99.6,4,,,,,,,,,,,,,,,,,,
2026-06-29T03:00:47.997274+00:00,2026-06-29T13:00:47.991274,1,1,99.35,0.5,99.1,250,,,,,,,,,,,,,,,,,,,99.6,4,,,,,,,,,,,,,,,,,,
2026-06-29T03:00:48.052283+00:00,2026-06-29T13:00:48.044283,1,1,99.35,0.5,99.1,250,,,,,,,,,,,,,,,,,,,99.6,154,,,,,,,,,,,,,,,,,,
2026-06-29T03:00:48.195283+00:00,2026-06-29T13:00:48.186274,2,1,99.4,0.4,99.2,4,99.1,250,,,,,,,,,,,,,,,,,99.6,154,,,,,,,,,,,,,,,,,,
2026-06-29T03:00:48.315837+00:00,2026-06-29T13:00:48.309468,2,1,99.4,0.4,99.2,4,99.1,150,,,,,,,,,,,,,,,,,99.6,150,,,,,,,,,,,,,,,,,,
2026-06-29T03:00:48.370548+00:00,2026-06-29T13:00:48.361548,3,1,99.5,0.2,99.4,100,99.2,4,99.1,150,,,,,,,,,,,,,,,99.6,150,,,,,,,,,,,,,,,,,,
2026-06-29T03:00:48.425548+00:00,2026-06-29T13:00:48.415549,3,2,99.5,0.2,99.4,100,99.2,4,99.1,150,,,,,,,,,,,,,,,99.6,150,99.9,100,,,,,,,,,,,,,,,,
2026-06-29T03:00:48.843073+00:00,2026-06-29T13:00:48.839074,3,3,99.45,0.1,99.4,100,99.2,4,99.1,150,,,,,,,,,,,,,,,99.5,1,99.6,150,99.9,100,,,,,,,,,,,,,,
2026-06-29T03:00:49.107072+00:00,2026-06-29T13:00:49.106073,3,3,99.45,0.1,99.4,56,99.2,4,99.1,150,,,,,,,,,,,,,,,99.5,1,99.6,150,99.9,100,,,,,,,,,,,,,,
2026-06-29T03:00:49.657081+00:00,2026-06-29T13:00:49.647082,3,2,99.5,0.2,99.4,56,99.2,4,99.1,150,,,,,,,,,,,,,,,99.6,104,99.9,100,,,,,,,,,,,,,,,,
2026-06-29T03:00:49.932081+00:00,2026-06-29T13:00:49.925081,3,2,99.5,0.2,99.4,56,99.2,2,99.1,150,,,,,,,,,,,,,,,99.6,54,99.9,100,,,,,,,,,,,,,,,,
2026-06-29T03:00:50.218081+00:00,2026-06-29T13:00:50.210081,3,2,99.5,0.2,99.4,56,99.2,2,99.1,150,,,,,,,,,,,,,,,99.6,12,99.9,100,,,,,,,,,,,,,,,,
2026-06-29T03:00:50.823081+00:00,2026-06-29T13:00:50.815081,3,3,99.45,0.1,99.4,56,99.2,2,99.1,150,,,,,,,,,,,,,,,99.5,4,99.6,12,99.9,100,,,,,,,,,,,,,,
2026-06-29T03:00:51.098073+00:00,2026-06-29T13:00:51.098073,3,2,99.45,0.1,99.4,56,99.2,2,99.1,150,,,,,,,,,,,,,,,99.5,4,99.9,100,,,,,,,,,,,,,,,,
2026-06-29T03:00:51.109082+00:00,2026-06-29T13:00:51.100081,2,2,99.45,0.1,99.4,56,99.2,2,,,,,,,,,,,,,,,,,99.5,4,99.9,100,,,,,,,,,,,,,,,,
2026-06-29T03:00:51.164081+00:00,2026-06-29T13:00:51.156081,3,0,,,99.9,46,99.4,56,99.2,2,,,,,,,,,,,,,,,,,,,,,,,,,,,,,,,,,,
2026-06-29T03:00:51.219081+00:00,2026-06-29T13:00:51.212081,3,1,100.15,0.5,99.9,42,99.4,56,99.2,2,,,,,,,,,,,,,,,100.4,150,,,,,,,,,,,,,,,,,,
2026-06-29T03:00:51.230081+00:00,2026-06-29T13:00:51.221081,2,1,99.9,1.0,99.4,56,99.2,2,,,,,,,,,,,,,,,,,100.4,150,,,,,,,,,,,,,,,,,,
2026-06-29T03:00:51.472081+00:00,2026-06-29T13:00:51.471081,1,1,99.8,1.2,99.2,2,,,,,,,,,,,,,,,,,,,100.4,150,,,,,,,,,,,,,,,,,,
2026-06-29T03:00:51.527081+00:00,2026-06-29T13:00:51.524081,2,1,100.1,0.6,99.8,100,99.2,2,,,,,,,,,,,,,,,,,100.4,150,,,,,,,,,,,,,,,,,,
2026-06-29T03:00:51.582081+00:00,2026-06-29T13:00:51.575081,2,2,100.05,0.5,99.8,100,99.2,2,,,,,,,,,,,,,,,,,100.3,100,100.4,150,,,,,,,,,,,,,,,,
2026-06-29T03:00:51.637073+00:00,2026-06-29T13:00:51.633081,2,2,100.05,0.5,99.8,93,99.2,2,,,,,,,,,,,,,,,,,100.3,100,100.4,150,,,,,,,,,,,,,,,,
2026-06-29T03:00:51.670081+00:00,2026-06-29T13:00:51.668081,2,2,100.05,0.5,99.8,89,99.2,2,,,,,,,,,,,,,,,,,100.3,100,100.4,150,,,,,,,,,,,,,,,,
2026-06-29T03:00:51.736081+00:00,2026-06-29T13:00:51.732073,2,2,100.05,0.5,99.8,52,99.2,2,,,,,,,,,,,,,,,,,100.3,100,100.4,150,,,,,,,,,,,,,,,,
2026-06-29T03:00:51.835072+00:00,2026-06-29T13:00:51.828073,1,2,99.75,1.1,99.2,2,,,,,,,,,,,,,,,,,,,100.3,100,100.4,150,,,,,,,,,,,,,,,,
2026-06-29T03:00:51.890072+00:00,2026-06-29T13:00:51.880073,1,3,99.4,0.4,99.2,2,,,,,,,,,,,,,,,,,,,99.6,3,100.3,100,100.4,150,,,,,,,,,,,,,,
2026-06-29T03:00:52.044081+00:00,2026-06-29T13:00:52.034082,1,2,99.75,1.1,99.2,2,,,,,,,,,,,,,,,,,,,100.3,53,100.4,150,,,,,,,,,,,,,,,,
2026-06-29T03:00:52.682081+00:00,2026-06-29T13:00:52.676081,1,3,99.4,0.4,99.2,2,,,,,,,,,,,,,,,,,,,99.6,3,100.3,53,100.4,150,,,,,,,,,,,,,,
2026-06-29T03:00:53.188081+00:00,2026-06-29T13:00:53.181081,1,3,99.4,0.4,99.2,2,,,,,,,,,,,,,,,,,,,99.6,1,100.3,53,100.4,150,,,,,,,,,,,,,,
2026-06-29T03:00:53.384781+00:00,2026-06-29T13:00:53.381781,1,2,99.75,1.1,99.2,2,,,,,,,,,,,,,,,,,,,100.3,53,100.4,150,,,,,,,,,,,,,,,,
2026-06-29T03:00:54.274781+00:00,2026-06-29T13:00:54.272781,1,1,99.75,1.1,99.2,2,,,,,,,,,,,,,,,,,,,100.3,53,,,,,,,,,,,,,,,,,,
2026-06-29T03:00:54.329772+00:00,2026-06-29T13:00:54.326772,2,1,99.8,1.0,99.3,150,99.2,2,,,,,,,,,,,,,,,,,100.3,53,,,,,,,,,,,,,,,,,,
2026-06-29T03:00:54.340781+00:00,2026-06-29T13:00:54.329772,1,1,99.8,1.0,99.3,150,,,,,,,,,,,,,,,,,,,100.3,53,,,,,,,,,,,,,,,,,,
2026-06-29T03:00:54.384781+00:00,2026-06-29T13:00:54.377781,1,2,99.55,0.5,99.3,150,,,,,,,,,,,,,,,,,,,99.8,150,100.3,53,,,,,,,,,,,,,,,,
2026-06-29T03:00:54.637772+00:00,2026-06-29T13:00:54.631772,1,1,99.55,0.5,99.3,150,,,,,,,,,,,,,,,,,,,99.8,150,,,,,,,,,,,,,,,,,,
2026-06-29T03:00:54.692772+00:00,2026-06-29T13:00:54.687772,2,1,99.65,0.3,99.5,100,99.3,150,,,,,,,,,,,,,,,,,99.8,150,,,,,,,,,,,,,,,,,,
2026-06-29T03:00:54.747772+00:00,2026-06-29T13:00:54.738772,2,2,99.65,0.3,99.5,100,99.3,150,,,,,,,,,,,,,,,,,99.8,150,100.0,100,,,,,,,,,,,,,,,,
2026-06-29T03:00:57.288910+00:00,2026-06-29T13:00:57.282911,2,2,99.65,0.3,99.5,57,99.3,150,,,,,,,,,,,,,,,,,99.8,150,100.0,100,,,,,,,,,,,,,,,,
2026-06-29T03:00:57.442911+00:00,2026-06-29T13:00:57.434910,1,1,99.75,0.5,99.5,57,,,,,,,,,,,,,,,,,,,100.0,100,,,,,,,,,,,,,,,,,,
2026-06-29T03:00:57.486911+00:00,2026-06-29T13:00:57.485911,2,1,99.75,0.5,99.5,57,99.3,150,,,,,,,,,,,,,,,,,100.0,100,,,,,,,,,,,,,,,,,,
2026-06-29T03:00:57.541910+00:00,2026-06-29T13:00:57.537910,2,2,99.65,0.3,99.5,57,99.3,150,,,,,,,,,,,,,,,,,99.8,150,100.0,100,,,,,,,,,,,,,,,,
2026-06-29T03:00:57.794911+00:00,2026-06-29T13:00:57.793911,2,1,99.65,0.3,99.5,57,99.3,150,,,,,,,,,,,,,,,,,99.8,150,,,,,,,,,,,,,,,,,,
2026-06-29T03:00:57.805910+00:00,2026-06-29T13:00:57.802911,1,1,99.55,0.5,99.3,150,,,,,,,,,,,,,,,,,,,99.8,150,,,,,,,,,,,,,,,,,,
2026-06-29T03:00:57.860901+00:00,2026-06-29T13:00:57.854901,2,1,99.65,0.3,99.5,100,99.3,150,,,,,,,,,,,,,,,,,99.8,150,,,,,,,,,,,,,,,,,,
2026-06-29T03:00:57.904911+00:00,2026-06-29T13:00:57.900902,2,2,99.65,0.3,99.5,100,99.3,150,,,,,,,,,,,,,,,,,99.8,150,100.0,100,,,,,,,,,,,,,,,,
2026-06-29T03:00:58.003911+00:00,2026-06-29T13:00:57.995911,3,2,99.65,0.3,99.5,100,99.4,9,99.3,150,,,,,,,,,,,,,,,99.8,150,100.0,100,,,,,,,,,,,,,,,,
2026-06-29T03:00:58.399471+00:00,2026-06-29T13:00:58.395471,3,2,99.65,0.3,99.5,50,99.4,9,99.3,150,,,,,,,,,,,,,,,99.8,150,100.0,100,,,,,,,,,,,,,,,,
2026-06-29T03:00:58.476471+00:00,2026-06-29T13:00:58.469471,3,2,99.65,0.3,99.5,1,99.4,9,99.3,150,,,,,,,,,,,,,,,99.8,150,100.0,100,,,,,,,,,,,,,,,,
2026-06-29T03:00:58.751471+00:00,2026-06-29T13:00:58.745471,3,3,99.6,0.2,99.5,1,99.4,9,99.3,150,,,,,,,,,,,,,,,99.7,5,99.8,150,100.0,100,,,,,,,,,,,,,,
2026-06-29T03:00:58.773471+00:00,2026-06-29T13:00:58.767471,3,2,99.65,0.3,99.5,1,99.4,9,99.3,150,,,,,,,,,,,,,,,99.8,150,100.0,100,,,,,,,,,,,,,,,,
2026-06-29T03:00:58.993461+00:00,2026-06-29T13:00:58.991462,3,2,99.65,0.3,99.5,1,99.4,9,99.3,150,,,,,,,,,,,,,,,99.8,155,100.0,100,,,,,,,,,,,,,,,,
2026-06-29T03:01:00.456462+00:00,2026-06-29T13:01:00.449462,3,2,99.65,0.3,99.5,1,99.4,9,99.3,150,,,,,,,,,,,,,,,99.8,105,100.0,100,,,,,,,,,,,,,,,,
2026-06-29T03:01:00.599471+00:00,2026-06-29T13:01:00.596471,2,2,99.65,0.3,99.5,1,99.4,9,,,,,,,,,,,,,,,,,99.8,5,100.0,100,,,,,,,,,,,,,,,,
2026-06-29T03:01:00.654471+00:00,2026-06-29T13:01:00.653471,3,2,99.7,0.2,99.6,150,99.5,1,99.4,9,,,,,,,,,,,,,,,99.8,5,100.0,100,,,,,,,,,,,,,,,,
2026-06-29T03:01:00.676471+00:00,2026-06-29T13:01:00.669471,3,2,99.7,0.2,99.6,150,99.5,1,99.4,9,,,,,,,,,,,,,,,99.8,2,100.0,100,,,,,,,,,,,,,,,,
2026-06-29T03:01:00.709471+00:00,2026-06-29T13:01:00.706471,3,3,99.7,0.2,99.6,150,99.5,1,99.4,9,,,,,,,,,,,,,,,99.8,2,100.0,100,100.1,150,,,,,,,,,,,,,,
2026-06-29T03:01:00.885471+00:00,2026-06-29T13:01:00.878471,3,3,99.7,0.2,99.6,150,99.5,1,99.4,7,,,,,,,,,,,,,,,99.8,2,100.0,100,100.1,150,,,,,,,,,,,,,,
2026-06-29T03:01:00.984461+00:00,2026-06-29T13:01:00.981462,2,2,99.7,0.2,99.6,150,99.4,7,,,,,,,,,,,,,,,,,99.8,2,100.1,150,,,,,,,,,,,,,,,,
2026-06-29T03:01:01.050463+00:00,2026-06-29T13:01:01.042463,3,2,99.7,0.2,99.6,150,99.4,7,99.3,100,,,,,,,,,,,,,,,99.8,2,100.1,150,,,,,,,,,,,,,,,,
2026-06-29T03:01:01.105462+00:00,2026-06-29T13:01:01.095462,3,2,99.7,0.2,99.6,150,99.4,7,99.3,100,,,,,,,,,,,,,,,99.8,102,100.1,150,,,,,,,,,,,,,,,,
2026-06-29T03:01:01.743462+00:00,2026-06-29T13:01:01.743462,3,2,99.7,0.2,99.6,150,99.4,6,99.3,100,,,,,,,,,,,,,,,99.8,102,100.1,150,,,,,,,,,,,,,,,,
2026-06-29T03:01:02.568113+00:00,2026-06-29T13:01:02.559114,3,2,99.7,0.2,99.6,150,99.4,6,99.3,100,,,,,,,,,,,,,,,99.8,52,100.1,150,,,,,,,,,,,,,,,,
2026-06-29T03:01:02.744113+00:00,2026-06-29T13:01:02.738113,3,2,99.7,0.2,99.6,150,99.4,6,99.3,100,,,,,,,,,,,,,,,99.8,5,100.1,150,,,,,,,,,,,,,,,,
2026-06-29T03:01:02.777114+00:00,2026-06-29T13:01:02.769004,3,2,99.7,0.2,99.6,150,99.4,6,99.3,100,,,,,,,,,,,,,,,99.8,7,100.1,150,,,,,,,,,,,,,,,,
2026-06-29T03:01:03.007994+00:00,2026-06-29T13:01:02.997995,3,2,99.7,0.2,99.6,150,99.4,5,99.3,100,,,,,,,,,,,,,,,99.8,7,100.1,150,,,,,,,,,,,,,,,,
2026-06-29T03:01:03.062994+00:00,2026-06-29T13:01:03.052995,3,2,99.7,0.2,99.6,150,99.4,5,99.3,100,,,,,,,,,,,,,,,99.8,6,100.1,150,,,,,,,,,,,,,,,,
2026-06-29T03:01:03.633471+00:00,2026-06-29T13:01:03.623472,3,1,99.85,0.5,99.6,150,99.4,5,99.3,100,,,,,,,,,,,,,,,100.1,150,,,,,,,,,,,,,,,,,,
2026-06-29T03:01:03.776471+00:00,2026-06-29T13:01:03.768471,2,0,,,99.4,5,99.3,100,,,,,,,,,,,,,,,,,,,,,,,,,,,,,,,,,,,,
2026-06-29T03:01:03.831471+00:00,2026-06-29T13:01:03.820584,3,0,,,99.8,150,99.4,5,99.3,100,,,,,,,,,,,,,,,,,,,,,,,,,,,,,,,,,,
2026-06-29T03:01:03.875471+00:00,2026-06-29T13:01:03.871471,3,1,100.05,0.5,99.8,150,99.4,5,99.3,100,,,,,,,,,,,,,,,100.3,150,,,,,,,,,,,,,,,,,,
2026-06-29T03:01:04.150484+00:00,2026-06-29T13:01:04.148482,2,1,100.05,0.5,99.8,150,99.4,5,,,,,,,,,,,,,,,,,100.3,150,,,,,,,,,,,,,,,,,,
2026-06-29T03:01:04.205491+00:00,2026-06-29T13:01:04.200482,2,1,100.05,0.5,99.8,250,99.4,5,,,,,,,,,,,,,,,,,100.3,150,,,,,,,,,,,,,,,,,,
2026-06-29T03:01:04.260491+00:00,2026-06-29T13:01:04.257491,2,1,100.05,0.5,99.8,250,99.4,5,,,,,,,,,,,,,,,,,100.3,250,,,,,,,,,,,,,,,,,,
2026-06-29T03:01:04.667491+00:00,2026-06-29T13:01:04.666492,2,1,100.05,0.5,99.8,250,99.4,5,,,,,,,,,,,,,,,,,100.3,200,,,,,,,,,,,,,,,,,,
2026-06-29T03:01:04.678491+00:00,2026-06-29T13:01:04.670491,1,1,100.05,0.5,99.8,250,,,,,,,,,,,,,,,,,,,100.3,200,,,,,,,,,,,,,,,,,,
2026-06-29T03:01:04.876491+00:00,2026-06-29T13:01:04.872491,1,1,100.05,0.5,99.8,225,,,,,,,,,,,,,,,,,,,100.3,200,,,,,,,,,,,,,,,,,,
2026-06-29T03:01:04.931491+00:00,2026-06-29T13:01:04.928491,2,1,100.05,0.5,99.8,190,99.6,5,,,,,,,,,,,,,,,,,100.3,200,,,,,,,,,,,,,,,,,,
2026-06-29T03:01:04.997482+00:00,2026-06-29T13:01:04.987483,2,1,100.05,0.5,99.8,165,99.6,5,,,,,,,,,,,,,,,,,100.3,200,,,,,,,,,,,,,,,,,,
2026-06-29T03:01:05.030482+00:00,2026-06-29T13:01:05.024482,2,1,100.05,0.5,99.8,130,99.6,5,,,,,,,,,,,,,,,,,100.3,200,,,,,,,,,,,,,,,,,,
2026-06-29T03:01:05.096483+00:00,2026-06-29T13:01:05.085482,2,1,100.05,0.5,99.8,105,99.6,5,,,,,,,,,,,,,,,,,100.3,200,,,,,,,,,,,,,,,,,,
2026-06-29T03:01:05.118482+00:00,2026-06-29T13:01:05.114482,2,1,100.05,0.5,99.8,95,99.6,5,,,,,,,,,,,,,,,,,100.3,200,,,,,,,,,,,,,,,,,,
2026-06-29T03:01:05.206491+00:00,2026-06-29T13:01:05.197491,2,1,100.05,0.5,99.8,70,99.6,5,,,,,,,,,,,,,,,,,100.3,200,,,,,,,,,,,,,,,,,,
2026-06-29T03:01:06.778254+00:00,2026-06-29T13:01:06.773254,2,1,100.05,0.5,99.8,70,99.6,5,,,,,,,,,,,,,,,,,100.3,150,,,,,,,,,,,,,,,,,,
2026-06-29T03:01:06.932273+00:00,2026-06-29T13:01:06.924272,2,1,100.05,0.5,99.8,70,99.6,5,,,,,,,,,,,,,,,,,100.3,100,,,,,,,,,,,,,,,,,,
2026-06-29T03:01:06.987280+00:00,2026-06-29T13:01:06.977279,2,1,100.05,0.5,99.8,70,99.6,155,,,,,,,,,,,,,,,,,100.3,100,,,,,,,,,,,,,,,,,,
2026-06-29T03:01:07.053179+00:00,2026-06-29T13:01:07.042179,2,2,99.95,0.3,99.8,70,99.6,155,,,,,,,,,,,,,,,,,100.1,150,100.3,100,,,,,,,,,,,,,,,,
2026-06-29T03:01:07.317179+00:00,2026-06-29T13:01:07.312179,1,1,99.85,0.5,99.6,155,,,,,,,,,,,,,,,,,,,100.1,150,,,,,,,,,,,,,,,,,,
2026-06-29T03:01:07.372179+00:00,2026-06-29T13:01:07.365179,2,1,99.9,0.4,99.7,100,99.6,155,,,,,,,,,,,,,,,,,100.1,150,,,,,,,,,,,,,,,,,,
2026-06-29T03:01:07.394179+00:00,2026-06-29T13:01:07.389179,2,1,99.9,0.4,99.7,58,99.6,155,,,,,,,,,,,,,,,,,100.1,150,,,,,,,,,,,,,,,,,,
2026-06-29T03:01:07.427179+00:00,2026-06-29T13:01:07.418179,2,2,99.9,0.4,99.7,58,99.6,155,,,,,,,,,,,,,,,,,100.1,150,100.2,100,,,,,,,,,,,,,,,,
2026-06-29T03:01:07.889298+00:00,2026-06-29T13:01:07.878297,2,2,99.9,0.4,99.7,58,99.6,155,,,,,,,,,,,,,,,,,100.1,104,100.2,100,,,,,,,,,,,,,,,,
2026-06-29T03:01:08.888977+00:00,2026-06-29T13:01:08.880086,2,2,99.9,0.4,99.7,58,99.6,155,,,,,,,,,,,,,,,,,100.1,54,100.2,100,,,,,,,,,,,,,,,,
2026-06-29T03:01:10.087106+00:00,2026-06-29T13:01:10.085106,2,1,99.95,0.5,99.7,58,99.6,5,,,,,,,,,,,,,,,,,100.2,100,,,,,,,,,,,,,,,,,,
2026-06-29T03:01:10.142106+00:00,2026-06-29T13:01:10.140106,3,1,100.05,0.3,99.9,150,99.7,58,99.6,5,,,,,,,,,,,,,,,100.2,100,,,,,,,,,,,,,,,,,,
2026-06-29T03:01:10.197106+00:00,2026-06-29T13:01:10.191106,3,2,100.05,0.3,99.9,150,99.7,58,99.6,5,,,,,,,,,,,,,,,100.2,100,100.4,150,,,,,,,,,,,,,,,,
2026-06-29T03:01:10.483106+00:00,2026-06-29T13:01:10.479106,2,1,100.15,0.5,99.9,150,99.6,5,,,,,,,,,,,,,,,,,100.4,150,,,,,,,,,,,,,,,,,,
2026-06-29T03:01:10.538106+00:00,2026-06-29T13:01:10.531106,3,1,100.15,0.5,99.9,150,99.6,5,99.5,100,,,,,,,,,,,,,,,100.4,150,,,,,,,,,,,,,,,,,,
2026-06-29T03:01:10.593106+00:00,2026-06-29T13:01:10.584106,3,2,99.95,0.1,99.9,150,99.6,5,99.5,100,,,,,,,,,,,,,,,100.0,100,100.4,150,,,,,,,,,,,,,,,,
2026-06-29T03:01:10.813106+00:00,2026-06-29T13:01:10.812106,3,2,99.95,0.1,99.9,150,99.6,5,99.5,100,,,,,,,,,,,,,,,100.0,101,100.4,150,,,,,,,,,,,,,,,,
2026-06-29T03:01:11.044106+00:00,2026-06-29T13:01:11.036106,3,2,99.95,0.1,99.9,100,99.6,5,99.5,100,,,,,,,,,,,,,,,100.0,101,100.4,150,,,,,,,,,,,,,,,,
2026-06-29T03:01:13.254097+00:00,2026-06-29T13:01:13.246098,2,1,99.8,0.4,99.6,5,99.5,100,,,,,,,,,,,,,,,,,100.0,101,,,,,,,,,,,,,,,,,,
2026-06-29T03:01:13.309097+00:00,2026-06-29T13:01:13.300097,3,1,99.85,0.3,99.7,150,99.6,5,99.5,100,,,,,,,,,,,,,,,100.0,101,,,,,,,,,,,,,,,,,,
2026-06-29T03:01:13.352633+00:00,2026-06-29T13:01:13.351633,3,2,99.85,0.3,99.7,150,99.6,5,99.5,100,,,,,,,,,,,,,,,100.0,101,100.2,150,,,,,,,,,,,,,,,,
2026-06-29T03:01:13.648752+00:00,2026-06-29T13:01:13.640751,2,2,99.85,0.3,99.7,150,99.6,5,,,,,,,,,,,,,,,,,100.0,1,100.2,150,,,,,,,,,,,,,,,,
2026-06-29T03:01:13.659751+00:00,2026-06-29T13:01:13.657752,2,1,99.95,0.5,99.7,150,99.6,5,,,,,,,,,,,,,,,,,100.2,150,,,,,,,,,,,,,,,,,,
2026-06-29T03:01:13.725751+00:00,2026-06-29T13:01:13.717751,3,2,99.85,0.3,99.7,150,99.6,5,99.5,100,,,,,,,,,,,,,,,100.0,1,100.2,150,,,,,,,,,,,,,,,,
2026-06-29T03:01:13.769642+00:00,2026-06-29T13:01:13.768642,3,2,99.85,0.3,99.7,150,99.6,5,99.5,100,,,,,,,,,,,,,,,100.0,101,100.2,150,,,,,,,,,,,,,,,,
2026-06-29T03:01:14.209633+00:00,2026-06-29T13:01:14.203633,3,2,99.85,0.3,99.7,150,99.6,5,99.5,100,,,,,,,,,,,,,,,100.0,100,100.2,150,,,,,,,,,,,,,,,,
2026-06-29T03:01:14.814642+00:00,2026-06-29T13:01:14.810642,3,2,99.85,0.3,99.7,104,99.6,5,99.5,100,,,,,,,,,,,,,,,100.0,100,100.2,150,,,,,,,,,,,,,,,,
2026-06-29T03:01:15.254633+00:00,2026-06-29T13:01:15.251633,3,2,99.85,0.3,99.7,54,99.6,5,99.5,100,,,,,,,,,,,,,,,100.0,100,100.2,150,,,,,,,,,,,,,,,,
2026-06-29T03:01:16.408594+00:00,2026-06-29T13:01:16.406594,2,1,99.8,0.4,99.6,5,99.5,100,,,,,,,,,,,,,,,,,100.0,100,,,,,,,,,,,,,,,,,,
2026-06-29T03:01:16.463594+00:00,2026-06-29T13:01:16.459594,3,1,99.8,0.4,99.6,5,99.5,100,99.2,150,,,,,,,,,,,,,,,100.0,100,,,,,,,,,,,,,,,,,,
2026-06-29T03:01:16.518594+00:00,2026-06-29T13:01:16.511594,3,2,99.65,0.1,99.6,5,99.5,100,99.2,150,,,,,,,,,,,,,,,99.7,150,100.0,100,,,,,,,,,,,,,,,,
2026-06-29T03:01:16.826594+00:00,2026-06-29T13:01:16.824594,2,1,99.65,0.1,99.6,5,99.2,150,,,,,,,,,,,,,,,,,99.7,150,,,,,,,,,,,,,,,,,,
2026-06-29T03:01:16.881594+00:00,2026-06-29T13:01:16.876594,3,1,99.65,0.1,99.6,5,99.4,100,99.2,150,,,,,,,,,,,,,,,99.7,150,,,,,,,,,,,,,,,,,,
2026-06-29T03:01:16.936594+00:00,2026-06-29T13:01:16.929594,3,2,99.65,0.1,99.6,5,99.4,100,99.2,150,,,,,,,,,,,,,,,99.7,150,99.9,100,,,,,,,,,,,,,,,,
2026-06-29T03:01:17.354586+00:00,2026-06-29T13:01:17.344586,3,2,99.65,0.1,99.6,5,99.4,100,99.2,150,,,,,,,,,,,,,,,99.7,100,99.9,100,,,,,,,,,,,,,,,,
2026-06-29T03:01:17.893594+00:00,2026-06-29T13:01:17.882594,3,2,99.65,0.1,99.6,5,99.4,100,99.2,150,,,,,,,,,,,,,,,99.7,51,99.9,100,,,,,,,,,,,,,,,,
2026-06-29T03:01:18.025594+00:00,2026-06-29T13:01:18.022594,3,2,99.65,0.1,99.6,5,99.4,100,99.2,150,,,,,,,,,,,,,,,99.7,16,99.9,100,,,,,,,,,,,,,,,,
2026-06-29T03:01:18.047594+00:00,2026-06-29T13:01:18.037594,3,1,99.75,0.3,99.6,5,99.4,100,99.2,150,,,,,,,,,,,,,,,99.9,100,,,,,,,,,,,,,,,,,,
2026-06-29T03:01:18.552327+00:00,2026-06-29T13:01:18.551209,2,1,99.65,0.5,99.4,56,99.2,150,,,,,,,,,,,,,,,,,99.9,100,,,,,,,,,,,,,,,,,,
2026-06-29T03:01:18.662327+00:00,2026-06-29T13:01:18.652328,3,1,99.8,0.2,99.7,5,99.4,56,99.2,150,,,,,,,,,,,,,,,99.9,100,,,,,,,,,,,,,,,,,,
2026-06-29T03:01:19.509217+00:00,2026-06-29T13:01:19.501217,2,1,99.65,0.5,99.4,11,99.2,150,,,,,,,,,,,,,,,,,99.9,100,,,,,,,,,,,,,,,,,,
2026-06-29T03:01:19.575218+00:00,2026-06-29T13:01:19.567217,1,1,99.65,0.5,99.4,11,,,,,,,,,,,,,,,,,,,99.9,100,,,,,,,,,,,,,,,,,,
2026-06-29T03:01:19.630217+00:00,2026-06-29T13:01:19.619218,2,1,99.85,0.1,99.8,150,99.4,11,,,,,,,,,,,,,,,,,99.9,100,,,,,,,,,,,,,,,,,,
2026-06-29T03:01:19.685218+00:00,2026-06-29T13:01:19.675218,2,2,99.85,0.1,99.8,150,99.4,11,,,,,,,,,,,,,,,,,99.9,100,100.3,150,,,,,,,,,,,,,,,,
2026-06-29T03:01:19.696218+00:00,2026-06-29T13:01:19.691217,3,2,99.85,0.1,99.8,150,99.6,6,99.4,11,,,,,,,,,,,,,,,99.9,100,100.3,150,,,,,,,,,,,,,,,,
2026-06-29T03:01:19.993218+00:00,2026-06-29T13:01:19.985218,2,1,100.05,0.5,99.8,150,99.6,6,,,,,,,,,,,,,,,,,100.3,150,,,,,,,,,,,,,,,,,,
2026-06-29T03:01:20.048217+00:00,2026-06-29T13:01:20.037217,3,1,100.05,0.5,99.8,150,99.6,6,99.1,100,,,,,,,,,,,,,,,100.3,150,,,,,,,,,,,,,,,,,,
2026-06-29T03:01:20.092218+00:00,2026-06-29T13:01:20.091218,3,1,100.05,0.5,99.8,50,99.6,6,99.1,100,,,,,,,,,,,,,,,100.3,150,,,,,,,,,,,,,,,,,,
2026-06-29T03:01:20.158218+00:00,2026-06-29T13:01:20.148218,3,1,100.05,0.5,99.8,50,99.6,5,99.1,100,,,,,,,,,,,,,,,100.3,150,,,,,,,,,,,,,,,,,,
2026-06-29T03:01:20.542327+00:00,2026-06-29T13:01:20.534328,3,1,100.05,0.5,99.8,50,99.6,5,99.1,100,,,,,,,,,,,,,,,100.3,105,,,,,,,,,,,,,,,,,,
2026-06-29T03:01:21.004327+00:00,2026-06-29T13:01:20.994328,3,1,100.05,0.5,99.8,10,99.6,5,99.1,100,,,,,,,,,,,,,,,100.3,105,,,,,,,,,,,,,,,,,,
2026-06-29T03:01:21.576457+00:00,2026-06-29T13:01:21.575400,3,1,100.05,0.5,99.8,10,99.6,5,99.1,100,,,,,,,,,,,,,,,100.3,55,,,,,,,,,,,,,,,,,,
2026-06-29T03:01:21.983457+00:00,2026-06-29T13:01:21.974457,3,1,100.05,0.5,99.8,10,99.6,5,99.1,100,,,,,,,,,,,,,,,100.3,10,,,,,,,,,,,,,,,,,,
2026-06-29T03:01:22.731348+00:00,2026-06-29T13:01:22.729347,2,0,,,99.6,5,99.1,100,,,,,,,,,,,,,,,,,,,,,,,,,,,,,,,,,,,,
2026-06-29T03:01:22.786347+00:00,2026-06-29T13:01:22.783347,3,0,,,99.8,150,99.6,5,99.1,100,,,,,,,,,,,,,,,,,,,,,,,,,,,,,,,,,,
2026-06-29T03:01:22.841347+00:00,2026-06-29T13:01:22.835348,3,1,100.05,0.5,99.8,150,99.6,5,99.1,100,,,,,,,,,,,,,,,100.3,150,,,,,,,,,,,,,,,,,,
2026-06-29T03:01:23.149347+00:00,2026-06-29T13:01:23.144347,2,1,100.05,0.5,99.8,150,99.6,5,,,,,,,,,,,,,,,,,100.3,150,,,,,,,,,,,,,,,,,,
2026-06-29T03:01:23.204348+00:00,2026-06-29T13:01:23.197347,3,1,100.05,0.5,99.8,150,99.6,5,99.4,100,,,,,,,,,,,,,,,100.3,150,,,,,,,,,,,,,,,,,,
2026-06-29T03:01:23.258852+00:00,2026-06-29T13:01:23.251852,3,2,99.85,0.1,99.8,150,99.6,5,99.4,100,,,,,,,,,,,,,,,99.9,100,100.3,150,,,,,,,,,,,,,,,,
2026-06-29T03:01:23.698475+00:00,2026-06-29T13:01:23.687476,3,2,99.85,0.1,99.8,150,99.6,5,99.4,100,,,,,,,,,,,,,,,99.9,50,100.3,150,,,,,,,,,,,,,,,,
2026-06-29T03:01:23.995475+00:00,2026-06-29T13:01:23.985476,3,2,99.85,0.1,99.8,150,99.6,5,99.4,100,,,,,,,,,,,,,,,99.9,4,100.3,150,,,,,,,,,,,,,,,,
2026-06-29T03:01:25.799585+00:00,2026-06-29T13:01:25.797585,3,1,100.05,0.5,99.8,150,99.6,5,99.4,100,,,,,,,,,,,,,,,100.3,104,,,,,,,,,,,,,,,,,,
2026-06-29T03:01:25.832585+00:00,2026-06-29T13:01:25.827585,2,1,100.05,0.5,99.8,150,99.4,100,,,,,,,,,,,,,,,,,100.3,104,,,,,,,,,,,,,,,,,,
2026-06-29T03:01:25.865585+00:00,2026-06-29T13:01:25.863585,2,1,100.05,0.5,99.8,131,99.4,100,,,,,,,,,,,,,,,,,100.3,104,,,,,,,,,,,,,,,,,,
2026-06-29T03:01:25.898585+00:00,2026-06-29T13:01:25.894585,1,0,,,99.4,100,,,,,,,,,,,,,,,,,,,,,,,,,,,,,,,,,,,,,,
2026-06-29T03:01:25.953585+00:00,2026-06-29T13:01:25.944495,2,0,,,99.8,150,99.4,100,,,,,,,,,,,,,,,,,,,,,,,,,,,,,,,,,,,,
2026-06-29T03:01:25.986585+00:00,2026-06-29T13:01:25.984467,2,0,,,99.8,127,99.4,100,,,,,,,,,,,,,,,,,,,,,,,,,,,,,,,,,,,,
2026-06-29T03:01:26.008585+00:00,2026-06-29T13:01:25.997794,2,1,100.05,0.5,99.8,127,99.4,100,,,,,,,,,,,,,,,,,100.3,150,,,,,,,,,,,,,,,,,,
2026-06-29T03:01:26.074523+00:00,2026-06-29T13:01:26.065586,2,1,100.05,0.5,99.8,102,99.4,100,,,,,,,,,,,,,,,,,100.3,150,,,,,,,,,,,,,,,,,,
2026-06-29T03:01:26.085523+00:00,2026-06-29T13:01:26.077523,2,1,100.05,0.5,99.8,96,99.4,100,,,,,,,,,,,,,,,,,100.3,150,,,,,,,,,,,,,,,,,,
2026-06-29T03:01:26.162413+00:00,2026-06-29T13:01:26.156523,2,1,100.05,0.5,99.8,71,99.4,100,,,,,,,,,,,,,,,,,100.3,150,,,,,,,,,,,,,,,,,,
2026-06-29T03:01:26.316404+00:00,2026-06-29T13:01:26.307404,1,1,100.05,0.5,99.8,71,,,,,,,,,,,,,,,,,,,100.3,150,,,,,,,,,,,,,,,,,,
2026-06-29T03:01:26.360405+00:00,2026-06-29T13:01:26.359404,2,1,100.05,0.5,99.8,71,99.7,100,,,,,,,,,,,,,,,,,100.3,150,,,,,,,,,,,,,,,,,,
2026-06-29T03:01:26.426404+00:00,2026-06-29T13:01:26.424404,2,2,100.0,0.4,99.8,71,99.7,100,,,,,,,,,,,,,,,,,100.2,100,100.3,150,,,,,,,,,,,,,,,,
2026-06-29T03:01:26.843523+00:00,2026-06-29T13:01:26.838404,2,2,100.0,0.4,99.8,76,99.7,100,,,,,,,,,,,,,,,,,100.2,100,100.3,150,,,,,,,,,,,,,,,,
2026-06-29T03:01:27.393404+00:00,2026-06-29T13:01:27.382405,2,2,100.0,0.4,99.8,75,99.7,100,,,,,,,,,,,,,,,,,100.2,100,100.3,150,,,,,,,,,,,,,,,,
2026-06-29T03:01:29.053871+00:00,2026-06-29T13:01:29.051871,2,1,100.0,0.4,99.8,4,99.7,100,,,,,,,,,,,,,,,,,100.2,100,,,,,,,,,,,,,,,,,,
2026-06-29T03:01:29.108871+00:00,2026-06-29T13:01:29.103871,2,1,100.0,0.4,99.8,154,99.7,100,,,,,,,,,,,,,,,,,100.2,100,,,,,,,,,,,,,,,,,,
2026-06-29T03:01:29.163871+00:00,2026-06-29T13:01:29.156871,2,2,100.0,0.4,99.8,154,99.7,100,,,,,,,,,,,,,,,,,100.2,100,100.3,150,,,,,,,,,,,,,,,,
2026-06-29T03:01:29.251880+00:00,2026-06-29T13:01:29.243880,2,2,100.0,0.4,99.8,111,99.7,100,,,,,,,,,,,,,,,,,100.2,100,100.3,150,,,,,,,,,,,,,,,,
2026-06-29T03:01:29.438871+00:00,2026-06-29T13:01:29.434872,2,3,99.95,0.3,99.8,116,99.7,100,,,,,,,,,,,,,,,,,100.1,1,100.2,100,100.3,150,,,,,,,,,,,,,,
2026-06-29T03:01:29.482871+00:00,2026-06-29T13:01:29.477871,1,2,99.95,0.3,99.8,116,,,,,,,,,,,,,,,,,,,100.1,1,100.3,150,,,,,,,,,,,,,,,,
2026-06-29T03:01:29.537871+00:00,2026-06-29T13:01:29.529871,2,2,100.0,0.2,99.9,100,99.8,116,,,,,,,,,,,,,,,,,100.1,1,100.3,150,,,,,,,,,,,,,,,,
2026-06-29T03:01:29.592871+00:00,2026-06-29T13:01:29.581871,2,3,100.0,0.2,99.9,100,99.8,116,,,,,,,,,,,,,,,,,100.1,1,100.3,150,100.4,100,,,,,,,,,,,,,,
2026-06-29T03:01:30.021880+00:00,2026-06-29T13:01:30.013880,2,2,100.1,0.4,99.9,100,99.8,116,,,,,,,,,,,,,,,,,100.3,101,100.4,100,,,,,,,,,,,,,,,,
2026-06-29T03:01:30.054880+00:00,2026-06-29T13:01:30.051880,2,3,100.0,0.2,99.9,100,99.8,116,,,,,,,,,,,,,,,,,100.1,1,100.3,101,100.4,100,,,,,,,,,,,,,,
2026-06-29T03:01:30.703871+00:00,2026-06-29T13:01:30.696871,2,2,100.1,0.4,99.9,100,99.8,116,,,,,,,,,,,,,,,,,100.3,101,100.4,100,,,,,,,,,,,,,,,,
2026-06-29T03:01:32.122891+00:00,2026-06-29T13:01:32.120891,2,2,100.1,0.4,99.9,100,99.8,116,,,,,,,,,,,,,,,,,100.3,51,100.4,100,,,,,,,,,,,,,,,,
2026-06-29T03:01:32.221891+00:00,2026-06-29T13:01:32.211891,2,1,100.15,0.5,99.9,100,99.8,5,,,,,,,,,,,,,,,,,100.4,100,,,,,,,,,,,,,,,,,,
2026-06-29T03:01:32.265891+00:00,2026-06-29T13:01:32.264891,2,1,100.15,0.5,99.9,250,99.8,5,,,,,,,,,,,,,,,,,100.4,100,,,,,,,,,,,,,,,,,,
2026-06-29T03:01:32.320891+00:00,2026-06-29T13:01:32.316891,2,1,100.15,0.5,99.9,250,99.8,5,,,,,,,,,,,,,,,,,100.4,250,,,,,,,,,,,,,,,,,,
2026-06-29T03:01:32.419882+00:00,2026-06-29T13:01:32.414882,2,1,100.15,0.5,99.9,225,99.8,5,,,,,,,,,,,,,,,,,100.4,250,,,,,,,,,,,,,,,,,,
2026-06-29T03:01:32.496882+00:00,2026-06-29T13:01:32.488883,2,1,100.15,0.5,99.9,200,99.8,5,,,,,,,,,,,,,,,,,100.4,250,,,,,,,,,,,,,,,,,,
2026-06-29T03:01:32.629001+00:00,2026-06-29T13:01:32.625001,2,1,100.15,0.5,99.9,175,99.8,5,,,,,,,,,,,,,,,,,100.4,250,,,,,,,,,,,,,,,,,,
2026-06-29T03:01:32.640001+00:00,2026-06-29T13:01:32.637001,2,1,100.15,0.5,99.9,150,99.8,5,,,,,,,,,,,,,,,,,100.4,150,,,,,,,,,,,,,,,,,,
2026-06-29T03:01:32.695001+00:00,2026-06-29T13:01:32.689001,3,1,100.15,0.5,99.9,150,99.8,5,99.4,100,,,,,,,,,,,,,,,100.4,150,,,,,,,,,,,,,,,,,,
2026-06-29T03:01:32.706001+00:00,2026-06-29T13:01:32.696882,3,1,100.15,0.5,99.9,125,99.8,5,99.4,100,,,,,,,,,,,,,,,100.4,150,,,,,,,,,,,,,,,,,,
2026-06-29T03:01:32.750000+00:00,2026-06-29T13:01:32.743001,3,1,100.15,0.5,99.9,25,99.8,5,99.4,100,,,,,,,,,,,,,,,100.4,150,,,,,,,,,,,,,,,,,,
2026-06-29T03:01:32.838001+00:00,2026-06-29T13:01:32.833001,2,1,100.1,0.6,99.8,5,99.4,100,,,,,,,,,,,,,,,,,100.4,150,,,,,,,,,,,,,,,,,,
2026-06-29T03:01:34.190430+00:00,2026-06-29T13:01:34.187429,2,2,99.95,0.3,99.8,4,99.4,100,,,,,,,,,,,,,,,,,100.1,2,100.4,150,,,,,,,,,,,,,,,,
2026-06-29T03:01:34.234429+00:00,2026-06-29T13:01:34.228429,2,1,100.1,0.6,99.8,4,99.4,100,,,,,,,,,,,,,,,,,100.4,150,,,,,,,,,,,,,,,,,,
2026-06-29T03:01:35.378430+00:00,2026-06-29T13:01:35.372430,2,0,,,99.8,4,99.4,100,,,,,,,,,,,,,,,,,,,,,,,,,,,,,,,,,,,,
2026-06-29T03:01:35.433429+00:00,2026-06-29T13:01:35.425429,2,0,,,99.8,4,99.4,250,,,,,,,,,,,,,,,,,,,,,,,,,,,,,,,,,,,,
2026-06-29T03:01:35.499420+00:00,2026-06-29T13:01:35.493420,2,1,99.85,0.1,99.8,4,99.4,250,,,,,,,,,,,,,,,,,99.9,150,,,,,,,,,,,,,,,,,,
2026-06-29T03:01:35.807420+00:00,2026-06-29T13:01:35.798421,2,1,99.85,0.1,99.8,4,99.4,150,,,,,,,,,,,,,,,,,99.9,150,,,,,,,,,,,,,,,,,,
2026-06-29T03:01:35.862430+00:00,2026-06-29T13:01:35.851430,2,1,99.85,0.1,99.8,4,99.4,150,,,,,,,,,,,,,,,,,99.9,50,,,,,,,,,,,,,,,,,,
2026-06-29T03:01:35.906429+00:00,2026-06-29T13:01:35.905429,2,2,99.85,0.1,99.8,4,99.4,150,,,,,,,,,,,,,,,,,99.9,50,100.4,100,,,,,,,,,,,,,,,,
2026-06-29T03:01:35.917430+00:00,2026-06-29T13:01:35.913430,2,2,99.85,0.1,99.8,4,99.4,150,,,,,,,,,,,,,,,,,99.9,8,100.4,100,,,,,,,,,,,,,,,,
2026-06-29T03:01:36.400997+00:00,2026-06-29T13:01:36.398997,1,2,99.65,0.5,99.4,150,,,,,,,,,,,,,,,,,,,99.9,8,100.4,100,,,,,,,,,,,,,,,,
2026-06-29T03:01:36.544008+00:00,2026-06-29T13:01:36.537009,1,2,99.65,0.5,99.4,108,,,,,,,,,,,,,,,,,,,99.9,8,100.4,100,,,,,,,,,,,,,,,,
2026-06-29T03:01:37.171017+00:00,2026-06-29T13:01:37.163017,1,1,99.9,1.0,99.4,108,,,,,,,,,,,,,,,,,,,100.4,100,,,,,,,,,,,,,,,,,,
2026-06-29T03:01:37.226017+00:00,2026-06-29T13:01:37.218017,1,1,99.9,1.0,99.4,63,,,,,,,,,,,,,,,,,,,100.4,100,,,,,,,,,,,,,,,,,,
2026-06-29T03:01:38.534642+00:00,2026-06-29T13:01:38.532642,1,1,99.9,1.0,99.4,13,,,,,,,,,,,,,,,,,,,100.4,100,,,,,,,,,,,,,,,,,,
2026-06-29T03:01:38.545642+00:00,2026-06-29T13:01:38.544642,0,1,,,,,,,,,,,,,,,,,,,,,,,100.4,100,,,,,,,,,,,,,,,,,,
2026-06-29T03:01:38.600641+00:00,2026-06-29T13:01:38.597641,1,1,99.85,1.1,99.3,150,,,,,,,,,,,,,,,,,,,100.4,100,,,,,,,,,,,,,,,,,,
2026-06-29T03:01:38.655642+00:00,2026-06-29T13:01:38.650644,1,2,99.55,0.5,99.3,150,,,,,,,,,,,,,,,,,,,99.8,150,100.4,100,,,,,,,,,,,,,,,,
2026-06-29T03:01:38.963651+00:00,2026-06-29T13:01:38.958651,1,1,99.55,0.5,99.3,150,,,,,,,,,,,,,,,,,,,99.8,150,,,,,,,,,,,,,,,,,,
2026-06-29T03:01:39.018651+00:00,2026-06-29T13:01:39.013651,2,1,99.6,0.4,99.4,100,99.3,150,,,,,,,,,,,,,,,,,99.8,150,,,,,,,,,,,,,,,,,,
2026-06-29T03:01:39.073650+00:00,2026-06-29T13:01:39.064650,2,2,99.6,0.4,99.4,100,99.3,150,,,,,,,,,,,,,,,,,99.8,150,99.9,100,,,,,,,,,,,,,,,,
2026-06-29T03:01:40.294651+00:00,2026-06-29T13:01:40.285651,3,2,99.75,0.1,99.7,5,99.4,100,99.3,150,,,,,,,,,,,,,,,99.8,150,99.9,100,,,,,,,,,,,,,,,,
2026-06-29T03:01:40.646651+00:00,2026-06-29T13:01:40.641651,2,2,99.6,0.4,99.4,55,99.3,150,,,,,,,,,,,,,,,,,99.8,150,99.9,100,,,,,,,,,,,,,,,,
2026-06-29T03:01:40.888651+00:00,2026-06-29T13:01:40.882642,3,2,99.75,0.1,99.7,4,99.4,55,99.3,150,,,,,,,,,,,,,,,99.8,150,99.9,100,,,,,,,,,,,,,,,,
2026-06-29T03:01:41.658642+00:00,2026-06-29T13:01:41.656642,2,2,99.6,0.4,99.4,55,99.3,150,,,,,,,,,,,,,,,,,99.8,150,99.9,100,,,,,,,,,,,,,,,,
2026-06-29T03:01:41.713642+00:00,2026-06-29T13:01:41.706642,1,1,99.65,0.5,99.4,55,,,,,,,,,,,,,,,,,,,99.9,100,,,,,,,,,,,,,,,,,,
2026-06-29T03:01:41.768642+00:00,2026-06-29T13:01:41.760641,2,1,99.65,0.5,99.4,55,99.0,150,,,,,,,,,,,,,,,,,99.9,100,,,,,,,,,,,,,,,,,,
2026-06-29T03:01:41.823651+00:00,2026-06-29T13:01:41.815651,2,2,99.45,0.1,99.4,55,99.0,150,,,,,,,,,,,,,,,,,99.5,150,99.9,100,,,,,,,,,,,,,,,,
2026-06-29T03:01:42.120651+00:00,2026-06-29T13:01:42.119651,1,1,99.25,0.5,99.0,150,,,,,,,,,,,,,,,,,,,99.5,150,,,,,,,,,,,,,,,,,,
2026-06-29T03:01:42.164651+00:00,2026-06-29T13:01:42.155651,1,1,99.25,0.5,99.0,150,,,,,,,,,,,,,,,,,,,99.5,104,,,,,,,,,,,,,,,,,,
2026-06-29T03:01:42.175651+00:00,2026-06-29T13:01:42.174651,2,1,99.3,0.4,99.1,100,99.0,150,,,,,,,,,,,,,,,,,99.5,104,,,,,,,,,,,,,,,,,,
2026-06-29T03:01:42.230651+00:00,2026-06-29T13:01:42.226642,2,2,99.3,0.4,99.1,100,99.0,150,,,,,,,,,,,,,,,,,99.5,104,99.6,100,,,,,,,,,,,,,,,,
2026-06-29T03:01:42.758642+00:00,2026-06-29T13:01:42.756642,2,2,99.3,0.4,99.1,50,99.0,150,,,,,,,,,,,,,,,,,99.5,104,99.6,100,,,,,,,,,,,,,,,,
2026-06-29T03:01:43.868286+00:00,2026-06-29T13:01:43.864286,2,2,99.3,0.4,99.1,50,99.0,150,,,,,,,,,,,,,,,,,99.5,59,99.6,100,,,,,,,,,,,,,,,,
2026-06-29T03:01:43.934285+00:00,2026-06-29T13:01:43.929286,2,2,99.3,0.4,99.1,50,99.0,150,,,,,,,,,,,,,,,,,99.5,55,99.6,100,,,,,,,,,,,,,,,,
2026-06-29T03:01:44.858277+00:00,2026-06-29T13:01:44.857278,1,2,99.25,0.5,99.0,150,,,,,,,,,,,,,,,,,,,99.5,55,99.6,100,,,,,,,,,,,,,,,,
2026-06-29T03:01:44.869277+00:00,2026-06-29T13:01:44.868276,1,1,99.3,0.6,99.0,150,,,,,,,,,,,,,,,,,,,99.6,100,,,,,,,,,,,,,,,,,,
2026-06-29T03:01:44.880277+00:00,2026-06-29T13:01:44.869277,0,1,,,,,,,,,,,,,,,,,,,,,,,99.6,100,,,,,,,,,,,,,,,,,,
2026-06-29T03:01:44.924277+00:00,2026-06-29T13:01:44.923276,1,1,99.55,0.1,99.5,150,,,,,,,,,,,,,,,,,,,99.6,100,,,,,,,,,,,,,,,,,,
2026-06-29T03:01:44.979277+00:00,2026-06-29T13:01:44.974276,1,2,99.55,0.1,99.5,150,,,,,,,,,,,,,,,,,,,99.6,100,100.0,150,,,,,,,,,,,,,,,,
2026-06-29T03:01:45.287395+00:00,2026-06-29T13:01:45.279395,1,1,99.75,0.5,99.5,150,,,,,,,,,,,,,,,,,,,100.0,150,,,,,,,,,,,,,,,,,,
2026-06-29T03:01:45.342396+00:00,2026-06-29T13:01:45.334395,2,1,99.75,0.5,99.5,150,98.9,100,,,,,,,,,,,,,,,,,100.0,150,,,,,,,,,,,,,,,,,,
2026-06-29T03:01:45.397396+00:00,2026-06-29T13:01:45.386395,2,1,99.75,0.5,99.5,50,98.9,100,,,,,,,,,,,,,,,,,100.0,150,,,,,,,,,,,,,,,,,,
2026-06-29T03:01:45.463395+00:00,2026-06-29T13:01:45.462395,2,1,99.75,0.5,99.5,54,98.9,100,,,,,,,,,,,,,,,,,100.0,150,,,,,,,,,,,,,,,,,,
2026-06-29T03:01:45.628277+00:00,2026-06-29T13:01:45.617277,2,2,99.65,0.3,99.5,54,98.9,100,,,,,,,,,,,,,,,,,99.8,1,100.0,150,,,,,,,,,,,,,,,,
2026-06-29T03:01:46.991301+00:00,2026-06-29T13:01:46.990281,2,2,99.65,0.3,99.5,4,98.9,100,,,,,,,,,,,,,,,,,99.8,1,100.0,150,,,,,,,,,,,,,,,,
2026-06-29T03:01:47.002301+00:00,2026-06-29T13:01:46.994301,2,2,99.65,0.3,99.5,3,98.9,100,,,,,,,,,,,,,,,,,99.8,1,100.0,150,,,,,,,,,,,,,,,,
2026-06-29T03:01:47.552300+00:00,2026-06-29T13:01:47.544301,1,2,99.35,0.9,98.9,56,,,,,,,,,,,,,,,,,,,99.8,1,100.0,150,,,,,,,,,,,,,,,,
2026-06-29T03:01:47.618301+00:00,2026-06-29T13:01:47.614183,2,2,99.65,0.3,99.5,4,98.9,56,,,,,,,,,,,,,,,,,99.8,1,100.0,150,,,,,,,,,,,,,,,,
2026-06-29T03:01:48.035182+00:00,2026-06-29T13:01:48.027182,2,1,99.65,0.3,99.5,4,98.9,56,,,,,,,,,,,,,,,,,99.8,1,,,,,,,,,,,,,,,,,,
2026-06-29T03:01:48.090182+00:00,2026-06-29T13:01:48.079182,2,1,99.65,0.3,99.5,4,98.9,206,,,,,,,,,,,,,,,,,99.8,1,,,,,,,,,,,,,,,,,,
2026-06-29T03:01:48.134301+00:00,2026-06-29T13:01:48.133301,1,2,99.15,0.5,98.9,206,,,,,,,,,,,,,,,,,,,99.4,146,99.8,1,,,,,,,,,,,,,,,,
2026-06-29T03:01:48.156301+00:00,2026-06-29T13:01:48.147301,1,1,99.35,0.9,98.9,206,,,,,,,,,,,,,,,,,,,99.8,1,,,,,,,,,,,,,,,,,,
2026-06-29T03:01:48.222301+00:00,2026-06-29T13:01:48.219301,2,1,99.6,0.4,99.4,3,98.9,206,,,,,,,,,,,,,,,,,99.8,1,,,,,,,,,,,,,,,,,,
2026-06-29T03:01:48.441674+00:00,2026-06-29T13:01:48.440675,2,1,99.6,0.4,99.4,3,98.9,150,,,,,,,,,,,,,,,,,99.8,1,,,,,,,,,,,,,,,,,,
2026-06-29T03:01:48.496674+00:00,2026-06-29T13:01:48.495674,3,1,99.6,0.4,99.4,3,99.1,100,98.9,150,,,,,,,,,,,,,,,99.8,1,,,,,,,,,,,,,,,,,,
2026-06-29T03:01:48.551674+00:00,2026-06-29T13:01:48.547674,3,2,99.5,0.2,99.4,3,99.1,100,98.9,150,,,,,,,,,,,,,,,99.6,100,99.8,1,,,,,,,,,,,,,,,,
2026-06-29T03:01:49.123674+00:00,2026-06-29T13:01:49.118674,2,2,99.35,0.5,99.1,53,98.9,150,,,,,,,,,,,,,,,,,99.6,100,99.8,1,,,,,,,,,,,,,,,,
2026-06-29T03:01:49.145674+00:00,2026-06-29T13:01:49.139674,3,2,99.5,0.2,99.4,3,99.1,53,98.9,150,,,,,,,,,,,,,,,99.6,100,99.8,1,,,,,,,,,,,,,,,,
2026-06-29T03:01:51.092793+00:00,2026-06-29T13:01:51.087793,2,2,99.35,0.5,99.1,10,98.9,150,,,,,,,,,,,,,,,,,99.6,100,99.8,1,,,,,,,,,,,,,,,,
2026-06-29T03:01:51.125793+00:00,2026-06-29T13:01:51.123793,2,1,99.35,0.5,99.1,10,98.9,150,,,,,,,,,,,,,,,,,99.6,100,,,,,,,,,,,,,,,,,,
2026-06-29T03:01:51.191793+00:00,2026-06-29T13:01:51.186793,1,1,99.35,0.5,99.1,10,,,,,,,,,,,,,,,,,,,99.6,100,,,,,,,,,,,,,,,,,,
2026-06-29T03:01:51.246793+00:00,2026-06-29T13:01:51.240793,1,1,99.55,0.1,99.5,150,,,,,,,,,,,,,,,,,,,99.6,100,,,,,,,,,,,,,,,,,,
2026-06-29T03:01:51.301792+00:00,2026-06-29T13:01:51.291793,1,2,99.55,0.1,99.5,150,,,,,,,,,,,,,,,,,,,99.6,100,100.0,150,,,,,,,,,,,,,,,,
2026-06-29T03:01:51.609792+00:00,2026-06-29T13:01:51.605674,2,1,99.75,0.5,99.5,150,99.3,4,,,,,,,,,,,,,,,,,100.0,150,,,,,,,,,,,,,,,,,,
2026-06-29T03:01:51.664792+00:00,2026-06-29T13:01:51.656793,3,1,99.75,0.5,99.5,150,99.3,4,98.8,100,,,,,,,,,,,,,,,100.0,150,,,,,,,,,,,,,,,,,,
2026-06-29T03:01:51.719803+00:00,2026-06-29T13:01:51.712804,3,1,99.75,0.5,99.5,50,99.3,4,98.8,100,,,,,,,,,,,,,,,100.0,150,,,,,,,,,,,,,,,,,,
2026-06-29T03:01:51.741803+00:00,2026-06-29T13:01:51.732803,3,1,99.75,0.5,99.5,7,99.3,4,98.8,100,,,,,,,,,,,,,,,100.0,150,,,,,,,,,,,,,,,,,,
2026-06-29T03:01:53.356084+00:00,2026-06-29T13:01:53.353084,1,1,99.4,1.2,98.8,61,,,,,,,,,,,,,,,,,,,100.0,150,,,,,,,,,,,,,,,,,,
2026-06-29T03:01:53.653084+00:00,2026-06-29T13:01:53.649084,2,1,99.65,0.7,99.3,5,98.8,61,,,,,,,,,,,,,,,,,100.0,150,,,,,,,,,,,,,,,,,,
2026-06-29T03:01:54.346104+00:00,2026-06-29T13:01:54.345104,2,0,,,99.3,5,98.8,61,,,,,,,,,,,,,,,,,,,,,,,,,,,,,,,,,,,,
2026-06-29T03:01:54.401104+00:00,2026-06-29T13:01:54.399104,3,0,,,99.3,5,98.9,150,98.8,61,,,,,,,,,,,,,,,,,,,,,,,,,,,,,,,,,,
2026-06-29T03:01:54.456104+00:00,2026-06-29T13:01:54.452104,3,1,99.35,0.1,99.3,5,98.9,150,98.8,61,,,,,,,,,,,,,,,99.4,150,,,,,,,,,,,,,,,,,,
2026-06-29T03:01:54.533104+00:00,2026-06-29T13:01:54.529104,3,1,99.35,0.1,99.3,5,98.9,150,98.8,61,,,,,,,,,,,,,,,99.4,119,,,,,,,,,,,,,,,,,,
2026-06-29T03:01:54.555104+00:00,2026-06-29T13:01:54.551104,3,1,99.35,0.1,99.3,5,98.9,150,98.8,61,,,,,,,,,,,,,,,99.4,94,,,,,,,,,,,,,,,,,,
2026-06-29T03:01:54.566104+00:00,2026-06-29T13:01:54.559105,3,1,99.35,0.1,99.3,5,98.9,150,98.8,61,,,,,,,,,,,,,,,99.4,69,,,,,,,,,,,,,,,,,,
2026-06-29T03:01:54.764095+00:00,2026-06-29T13:01:54.758095,3,1,99.35,0.1,99.3,5,98.9,150,98.8,61,,,,,,,,,,,,,,,99.4,44,,,,,,,,,,,,,,,,,,
2026-06-29T03:01:54.786095+00:00,2026-06-29T13:01:54.779095,2,1,99.35,0.1,99.3,5,98.9,150,,,,,,,,,,,,,,,,,99.4,44,,,,,,,,,,,,,,,,,,
2026-06-29T03:01:54.797095+00:00,2026-06-29T13:01:54.787096,2,1,99.35,0.1,99.3,5,98.9,150,,,,,,,,,,,,,,,,,99.4,19,,,,,,,,,,,,,,,,,,
2026-06-29T03:01:54.863095+00:00,2026-06-29T13:01:54.852095,3,1,99.35,0.1,99.3,5,99.0,100,98.9,150,,,,,,,,,,,,,,,99.4,19,,,,,,,,,,,,,,,,,,
2026-06-29T03:01:54.907095+00:00,2026-06-29T13:01:54.905095,3,2,99.35,0.1,99.3,5,99.0,100,98.9,150,,,,,,,,,,,,,,,99.4,19,99.5,100,,,,,,,,,,,,,,,,
2026-06-29T03:01:54.984095+00:00,2026-06-29T13:01:54.978095,3,1,99.4,0.2,99.3,5,99.0,100,98.9,150,,,,,,,,,,,,,,,99.5,98,,,,,,,,,,,,,,,,,,
2026-06-29T03:01:55.006095+00:00,2026-06-29T13:01:54.997095,3,1,99.4,0.2,99.3,5,99.0,100,98.9,150,,,,,,,,,,,,,,,99.5,73,,,,,,,,,,,,,,,,,,
2026-06-29T03:01:55.193104+00:00,2026-06-29T13:01:55.190104,3,1,99.4,0.2,99.3,5,99.0,100,98.9,150,,,,,,,,,,,,,,,99.5,48,,,,,,,,,,,,,,,,,,
2026-06-29T03:01:55.204104+00:00,2026-06-29T13:01:55.194104,3,1,99.4,0.2,99.3,5,99.0,100,98.9,150,,,,,,,,,,,,,,,99.5,46,,,,,,,,,,,,,,,,,,
2026-06-29T03:01:55.215104+00:00,2026-06-29T13:01:55.206104,3,1,99.4,0.2,99.3,5,99.0,100,98.9,150,,,,,,,,,,,,,,,99.5,21,,,,,,,,,,,,,,,,,,
2026-06-29T03:01:55.413104+00:00,2026-06-29T13:01:55.404104,3,0,,,99.3,5,99.0,100,98.9,150,,,,,,,,,,,,,,,,,,,,,,,,,,,,,,,,,,
2026-06-29T03:01:55.468104+00:00,2026-06-29T13:01:55.459104,2,0,,,99.0,55,98.9,150,,,,,,,,,,,,,,,,,,,,,,,,,,,,,,,,,,,,
2026-06-29T03:01:57.083307+00:00,2026-06-29T13:01:57.075307,3,0,,,99.2,5,99.0,55,98.9,150,,,,,,,,,,,,,,,,,,,,,,,,,,,,,,,,,,
2026-06-29T03:01:57.512307+00:00,2026-06-29T13:01:57.506308,2,0,,,99.2,5,99.0,55,,,,,,,,,,,,,,,,,,,,,,,,,,,,,,,,,,,,
2026-06-29T03:01:57.567307+00:00,2026-06-29T13:01:57.566307,3,0,,,99.3,100,99.2,5,99.0,55,,,,,,,,,,,,,,,,,,,,,,,,,,,,,,,,,,
2026-06-29T03:01:57.622307+00:00,2026-06-29T13:01:57.616307,3,1,99.55,0.5,99.3,100,99.2,5,99.0,55,,,,,,,,,,,,,,,99.8,150,,,,,,,,,,,,,,,,,,
2026-06-29T03:01:57.963307+00:00,2026-06-29T13:01:57.959307,2,1,99.55,0.5,99.3,100,99.2,5,,,,,,,,,,,,,,,,,99.8,150,,,,,,,,,,,,,,,,,,
2026-06-29T03:01:58.018316+00:00,2026-06-29T13:01:58.012317,3,1,99.55,0.5,99.3,100,99.2,5,98.9,100,,,,,,,,,,,,,,,99.8,150,,,,,,,,,,,,,,,,,,
2026-06-29T03:01:58.073316+00:00,2026-06-29T13:01:58.066316,3,2,99.35,0.1,99.3,100,99.2,5,98.9,100,,,,,,,,,,,,,,,99.4,100,99.8,150,,,,,,,,,,,,,,,,
2026-06-29T03:01:59.227080+00:00,2026-06-29T13:01:59.223080,3,2,99.35,0.1,99.3,100,99.2,5,98.9,100,,,,,,,,,,,,,,,99.4,75,99.8,150,,,,,,,,,,,,,,,,
2026-06-29T03:01:59.249080+00:00,2026-06-29T13:01:59.244075,3,2,99.35,0.1,99.3,100,99.2,5,98.9,100,,,,,,,,,,,,,,,99.4,50,99.8,150,,,,,,,,,,,,,,,,
2026-06-29T03:01:59.457970+00:00,2026-06-29T13:01:59.453970,3,2,99.35,0.1,99.3,100,99.2,5,98.9,100,,,,,,,,,,,,,,,99.4,25,99.8,150,,,,,,,,,,,,,,,,
2026-06-29T03:01:59.666970+00:00,2026-06-29T13:01:59.663962,3,2,99.35,0.1,99.3,100,99.2,5,98.9,100,,,,,,,,,,,,,,,99.4,18,99.8,150,,,,,,,,,,,,,,,,
2026-06-29T03:01:59.699970+00:00,2026-06-29T13:01:59.692970,3,2,99.35,0.1,99.3,50,99.2,5,98.9,100,,,,,,,,,,,,,,,99.4,18,99.8,150,,,,,,,,,,,,,,,,
2026-06-29T03:01:59.732970+00:00,2026-06-29T13:01:59.722962,3,3,99.35,0.1,99.3,50,99.2,5,98.9,100,,,,,,,,,,,,,,,99.4,18,99.6,1,99.8,150,,,,,,,,,,,,,,
2026-06-29T03:02:00.051961+00:00,2026-06-29T13:02:00.049961,3,1,99.55,0.5,99.3,50,99.2,5,98.9,100,,,,,,,,,,,,,,,99.8,128,,,,,,,,,,,,,,,,,,
2026-06-29T03:02:00.106961+00:00,2026-06-29T13:02:00.101961,3,2,99.45,0.3,99.3,50,99.2,5,98.9,100,,,,,,,,,,,,,,,99.6,1,99.8,128,,,,,,,,,,,,,,,,
2026-06-29T03:02:00.678970+00:00,2026-06-29T13:02:00.671970,2,1,99.4,0.4,99.2,5,98.9,100,,,,,,,,,,,,,,,,,99.6,1,,,,,,,,,,,,,,,,,,
2026-06-29T03:02:00.733970+00:00,2026-06-29T13:02:00.727970,3,1,99.4,0.4,99.2,5,99.1,150,98.9,100,,,,,,,,,,,,,,,99.6,1,,,,,,,,,,,,,,,,,,
2026-06-29T03:02:00.788970+00:00,2026-06-29T13:02:00.780970,3,1,99.4,0.4,99.2,5,99.1,150,98.9,100,,,,,,,,,,,,,,,99.6,151,,,,,,,,,,,,,,,,,,
2026-06-29T03:02:00.986961+00:00,2026-06-29T13:02:00.985961,3,1,99.4,0.4,99.2,5,99.1,150,98.9,100,,,,,,,,,,,,,,,99.6,108,,,,,,,,,,,,,,,,,,
2026-06-29T03:02:01.118961+00:00,2026-06-29T13:02:01.116961,3,1,99.4,0.4,99.2,5,99.1,150,98.9,100,,,,,,,,,,,,,,,99.6,109,,,,,,,,,,,,,,,,,,
2026-06-29T03:02:01.129961+00:00,2026-06-29T13:02:01.119961,2,1,99.4,0.4,99.2,5,99.1,150,,,,,,,,,,,,,,,,,99.6,109,,,,,,,,,,,,,,,,,,
2026-06-29T03:02:01.173961+00:00,2026-06-29T13:02:01.171961,3,1,99.45,0.3,99.3,100,99.2,5,99.1,150,,,,,,,,,,,,,,,99.6,109,,,,,,,,,,,,,,,,,,
2026-06-29T03:02:01.228970+00:00,2026-06-29T13:02:01.224961,3,2,99.45,0.3,99.3,100,99.2,5,99.1,150,,,,,,,,,,,,,,,99.6,109,99.8,100,,,,,,,,,,,,,,,,
2026-06-29T03:02:01.316970+00:00,2026-06-29T13:02:01.312967,3,2,99.45,0.3,99.3,100,99.2,4,99.1,150,,,,,,,,,,,,,,,99.6,109,99.8,100,,,,,,,,,,,,,,,,
2026-06-29T03:02:01.756970+00:00,2026-06-29T13:02:01.747970,3,2,99.45,0.3,99.3,100,99.2,4,99.1,150,,,,,,,,,,,,,,,99.6,59,99.8,100,,,,,,,,,,,,,,,,
2026-06-29T03:02:03.503747+00:00,2026-06-29T13:02:03.496747,3,2,99.45,0.3,99.3,100,99.2,4,99.1,150,,,,,,,,,,,,,,,99.6,58,99.8,100,,,,,,,,,,,,,,,,
2026-06-29T03:02:03.844756+00:00,2026-06-29T13:02:03.836756,2,1,99.55,0.5,99.3,100,99.2,4,,,,,,,,,,,,,,,,,99.8,100,,,,,,,,,,,,,,,,,,
2026-06-29T03:02:03.855757+00:00,2026-06-29T13:02:03.853757,2,1,99.55,0.5,99.3,100,99.2,4,,,,,,,,,,,,,,,,,99.8,50,,,,,,,,,,,,,,,,,,
2026-06-29T03:02:03.899747+00:00,2026-06-29T13:02:03.889757,3,1,99.7,0.2,99.6,150,99.3,100,99.2,4,,,,,,,,,,,,,,,99.8,50,,,,,,,,,,,,,,,,,,
2026-06-29T03:02:03.943748+00:00,2026-06-29T13:02:03.942748,3,2,99.7,0.2,99.6,150,99.3,100,99.2,4,,,,,,,,,,,,,,,99.8,50,100.1,150,,,,,,,,,,,,,,,,
2026-06-29T03:02:04.284866+00:00,2026-06-29T13:02:04.279867,2,1,99.85,0.5,99.6,150,99.2,4,,,,,,,,,,,,,,,,,100.1,150,,,,,,,,,,,,,,,,,,
2026-06-29T03:02:04.339866+00:00,2026-06-29T13:02:04.331866,2,1,99.85,0.5,99.6,250,99.2,4,,,,,,,,,,,,,,,,,100.1,150,,,,,,,,,,,,,,,,,,
2026-06-29T03:02:04.394866+00:00,2026-06-29T13:02:04.385866,2,1,99.85,0.5,99.6,250,99.2,4,,,,,,,,,,,,,,,,,100.1,250,,,,,,,,,,,,,,,,,,
2026-06-29T03:02:05.527866+00:00,2026-06-29T13:02:05.524866,2,1,99.85,0.5,99.6,207,99.2,4,,,,,,,,,,,,,,,,,100.1,250,,,,,,,,,,,,,,,,,,
2026-06-29T03:02:05.989749+00:00,2026-06-29T13:02:05.986748,1,1,99.85,0.5,99.6,162,,,,,,,,,,,,,,,,,,,100.1,250,,,,,,,,,,,,,,,,,,
2026-06-29T03:02:06.000747+00:00,2026-06-29T13:02:05.990748,2,1,99.85,0.5,99.6,162,99.4,5,,,,,,,,,,,,,,,,,100.1,250,,,,,,,,,,,,,,,,,,
2026-06-29T03:02:07.001306+00:00,2026-06-29T13:02:06.996307,2,1,99.85,0.5,99.6,100,99.4,5,,,,,,,,,,,,,,,,,100.1,100,,,,,,,,,,,,,,,,,,
2026-06-29T03:02:07.056306+00:00,2026-06-29T13:02:07.049306,3,1,99.85,0.5,99.6,100,99.4,5,99.2,150,,,,,,,,,,,,,,,100.1,100,,,,,,,,,,,,,,,,,,
2026-06-29T03:02:07.078306+00:00,2026-06-29T13:02:07.072306,3,1,99.85,0.5,99.6,100,99.4,3,99.2,150,,,,,,,,,,,,,,,100.1,52,,,,,,,,,,,,,,,,,,
2026-06-29T03:02:07.111307+00:00,2026-06-29T13:02:07.101307,3,2,99.65,0.1,99.6,100,99.4,3,99.2,150,,,,,,,,,,,,,,,99.7,150,100.1,52,,,,,,,,,,,,,,,,
2026-06-29T03:02:07.441425+00:00,2026-06-29T13:02:07.440425,2,1,99.55,0.3,99.4,3,99.2,150,,,,,,,,,,,,,,,,,99.7,150,,,,,,,,,,,,,,,,,,
2026-06-29T03:02:07.496425+00:00,2026-06-29T13:02:07.495317,2,1,99.55,0.3,99.4,3,99.2,150,,,,,,,,,,,,,,,,,99.7,50,,,,,,,,,,,,,,,,,,
2026-06-29T03:02:07.562426+00:00,2026-06-29T13:02:07.556426,2,2,99.55,0.3,99.4,3,99.2,150,,,,,,,,,,,,,,,,,99.7,50,100.2,100,,,,,,,,,,,,,,,,
2026-06-29T03:02:07.595307+00:00,2026-06-29T13:02:07.587425,1,2,99.45,0.5,99.2,150,,,,,,,,,,,,,,,,,,,99.7,50,100.2,100,,,,,,,,,,,,,,,,
2026-06-29T03:02:08.068306+00:00,2026-06-29T13:02:08.066306,1,1,99.7,1.0,99.2,150,,,,,,,,,,,,,,,,,,,100.2,100,,,,,,,,,,,,,,,,,,
2026-06-29T03:02:08.969071+00:00,2026-06-29T13:02:08.968070,2,1,99.8,0.8,99.4,3,99.2,150,,,,,,,,,,,,,,,,,100.2,100,,,,,,,,,,,,,,,,,,
2026-06-29T03:02:09.090082+00:00,2026-06-29T13:02:09.081082,2,2,99.55,0.3,99.4,3,99.2,150,,,,,,,,,,,,,,,,,99.7,3,100.2,100,,,,,,,,,,,,,,,,
2026-06-29T03:02:09.475134+00:00,2026-06-29T13:02:09.466133,2,2,99.55,0.3,99.4,3,99.2,150,,,,,,,,,,,,,,,,,99.7,2,100.2,100,,,,,,,,,,,,,,,,
2026-06-29T03:02:09.651082+00:00,2026-06-29T13:02:09.640155,1,2,99.45,0.5,99.2,150,,,,,,,,,,,,,,,,,,,99.7,2,100.2,100,,,,,,,,,,,,,,,,
2026-06-29T03:02:09.673159+00:00,2026-06-29T13:02:09.664158,2,2,99.55,0.3,99.4,3,99.2,150,,,,,,,,,,,,,,,,,99.7,2,100.2,100,,,,,,,,,,,,,,,,
2026-06-29T03:02:10.168083+00:00,2026-06-29T13:02:10.157082,1,2,99.55,0.3,99.4,3,,,,,,,,,,,,,,,,,,,99.7,2,100.2,100,,,,,,,,,,,,,,,,
2026-06-29T03:02:10.212092+00:00,2026-06-29T13:02:10.211091,2,1,99.95,0.5,99.7,148,99.4,3,,,,,,,,,,,,,,,,,100.2,100,,,,,,,,,,,,,,,,,,
2026-06-29T03:02:10.256083+00:00,2026-06-29T13:02:10.248091,2,1,99.95,0.5,99.7,123,99.4,3,,,,,,,,,,,,,,,,,100.2,100,,,,,,,,,,,,,,,,,,
2026-06-29T03:02:10.267091+00:00,2026-06-29T13:02:10.262091,2,1,99.95,0.5,99.7,88,99.4,3,,,,,,,,,,,,,,,,,100.2,250,,,,,,,,,,,,,,,,,,
2026-06-29T03:02:10.289091+00:00,2026-06-29T13:02:10.287091,2,1,99.95,0.5,99.7,63,99.4,3,,,,,,,,,,,,,,,,,100.2,250,,,,,,,,,,,,,,,,,,
2026-06-29T03:02:10.355091+00:00,2026-06-29T13:02:10.347091,2,1,99.95,0.5,99.7,28,99.4,3,,,,,,,,,,,,,,,,,100.2,250,,,,,,,,,,,,,,,,,,
2026-06-29T03:02:10.443091+00:00,2026-06-29T13:02:10.435091,1,1,99.8,0.8,99.4,3,,,,,,,,,,,,,,,,,,,100.2,250,,,,,,,,,,,,,,,,,,
2026-06-29T03:02:10.619091+00:00,2026-06-29T13:02:10.617083,1,1,99.8,0.8,99.4,3,,,,,,,,,,,,,,,,,,,100.2,150,,,,,,,,,,,,,,,,,,
2026-06-29T03:02:10.674092+00:00,2026-06-29T13:02:10.670091,2,1,99.85,0.7,99.5,100,99.4,3,,,,,,,,,,,,,,,,,100.2,150,,,,,,,,,,,,,,,,,,
2026-06-29T03:02:10.729091+00:00,2026-06-29T13:02:10.723091,2,2,99.75,0.5,99.5,100,99.4,3,,,,,,,,,,,,,,,,,100.0,100,100.2,150,,,,,,,,,,,,,,,,
2026-06-29T03:02:11.135606+00:00,2026-06-29T13:02:11.133606,2,2,99.75,0.5,99.5,100,99.4,3,,,,,,,,,,,,,,,,,100.0,54,100.2,150,,,,,,,,,,,,,,,,
2026-06-29T03:02:11.509606+00:00,2026-06-29T13:02:11.503605,2,3,99.65,0.3,99.5,100,99.4,3,,,,,,,,,,,,,,,,,99.8,3,100.0,54,100.2,150,,,,,,,,,,,,,,
2026-06-29T03:02:11.773606+00:00,2026-06-29T13:02:11.767598,2,3,99.65,0.3,99.5,100,99.4,3,,,,,,,,,,,,,,,,,99.8,2,100.0,54,100.2,150,,,,,,,,,,,,,,
2026-06-29T03:02:12.279606+00:00,2026-06-29T13:02:12.276606,2,2,99.75,0.5,99.5,100,99.4,3,,,,,,,,,,,,,,,,,100.0,54,100.2,150,,,,,,,,,,,,,,,,
2026-06-29T03:02:12.939606+00:00,2026-06-29T13:02:12.938606,2,2,99.75,0.5,99.5,53,99.4,3,,,,,,,,,,,,,,,,,100.0,54,100.2,150,,,,,,,,,,,,,,,,
2026-06-29T03:02:13.324688+00:00,2026-06-29T13:02:13.315597,2,1,99.75,0.5,99.5,53,99.4,3,,,,,,,,,,,,,,,,,100.0,54,,,,,,,,,,,,,,,,,,
2026-06-29T03:02:13.368698+00:00,2026-06-29T13:02:13.367697,3,1,99.75,0.5,99.5,53,99.4,3,99.3,150,,,,,,,,,,,,,,,100.0,54,,,,,,,,,,,,,,,,,,
2026-06-29T03:02:13.423698+00:00,2026-06-29T13:02:13.421698,3,2,99.65,0.3,99.5,53,99.4,3,99.3,150,,,,,,,,,,,,,,,99.8,150,100.0,54,,,,,,,,,,,,,,,,
2026-06-29T03:02:13.786697+00:00,2026-06-29T13:02:13.778698,2,1,99.6,0.4,99.4,3,99.3,150,,,,,,,,,,,,,,,,,99.8,150,,,,,,,,,,,,,,,,,,
2026-06-29T03:02:13.841698+00:00,2026-06-29T13:02:13.831698,3,1,99.65,0.3,99.5,100,99.4,3,99.3,150,,,,,,,,,,,,,,,99.8,150,,,,,,,,,,,,,,,,,,
2026-06-29T03:02:13.874698+00:00,2026-06-29T13:02:13.869698,3,1,99.65,0.3,99.5,100,99.4,3,99.3,150,,,,,,,,,,,,,,,99.8,107,,,,,,,,,,,,,,,,,,
2026-06-29T03:02:13.885698+00:00,2026-06-29T13:02:13.884689,3,2,99.65,0.3,99.5,100,99.4,3,99.3,150,,,,,,,,,,,,,,,99.8,107,100.0,100,,,,,,,,,,,,,,,,
2026-06-29T03:02:14.193689+00:00,2026-06-29T13:02:14.192688,3,2,99.65,0.3,99.5,100,99.4,1,99.3,150,,,,,,,,,,,,,,,99.8,107,100.0,100,,,,,,,,,,,,,,,,
2026-06-29T03:02:14.435697+00:00,2026-06-29T13:02:14.433698,3,2,99.65,0.3,99.5,50,99.4,1,99.3,150,,,,,,,,,,,,,,,99.8,107,100.0,100,,,,,,,,,,,,,,,,
2026-06-29T03:02:14.490697+00:00,2026-06-29T13:02:14.479697,3,2,99.65,0.3,99.5,8,99.4,1,99.3,150,,,,,,,,,,,,,,,99.8,107,100.0,100,,,,,,,,,,,,,,,,
2026-06-29T03:02:14.974698+00:00,2026-06-29T13:02:14.968697,3,2,99.65,0.3,99.5,8,99.4,1,99.3,150,,,,,,,,,,,,,,,99.8,64,100.0,100,,,,,,,,,,,,,,,,
2026-06-29T03:02:15.029697+00:00,2026-06-29T13:02:15.022698,2,2,99.6,0.4,99.4,1,99.3,150,,,,,,,,,,,,,,,,,99.8,64,100.0,100,,,,,,,,,,,,,,,,
2026-06-29T03:02:15.810698+00:00,2026-06-29T13:02:15.809697,2,2,99.6,0.4,99.4,1,99.3,150,,,,,,,,,,,,,,,,,99.8,69,100.0,100,,,,,,,,,,,,,,,,
2026-06-29T03:02:16.327238+00:00,2026-06-29T13:02:16.321238,2,2,99.6,0.4,99.4,1,99.3,150,,,,,,,,,,,,,,,,,99.8,68,100.0,100,,,,,,,,,,,,,,,,
2026-06-29T03:02:16.481248+00:00,2026-06-29T13:02:16.477248,1,2,99.6,0.4,99.4,1,,,,,,,,,,,,,,,,,,,99.8,4,100.0,100,,,,,,,,,,,,,,,,
2026-06-29T03:02:16.492247+00:00,2026-06-29T13:02:16.490247,1,1,99.7,0.6,99.4,1,,,,,,,,,,,,,,,,,,,100.0,54,,,,,,,,,,,,,,,,,,
2026-06-29T03:02:16.536247+00:00,2026-06-29T13:02:16.530239,2,1,99.75,0.5,99.5,150,99.4,1,,,,,,,,,,,,,,,,,100.0,54,,,,,,,,,,,,,,,,,,
2026-06-29T03:02:16.591248+00:00,2026-06-29T13:02:16.581248,2,1,99.75,0.5,99.5,150,99.4,1,,,,,,,,,,,,,,,,,100.0,204,,,,,,,,,,,,,,,,,,
2026-06-29T03:02:16.943247+00:00,2026-06-29T13:02:16.938247,2,1,99.75,0.5,99.5,150,99.4,1,,,,,,,,,,,,,,,,,100.0,150,,,,,,,,,,,,,,,,,,
2026-06-29T03:02:16.998247+00:00,2026-06-29T13:02:16.991247,3,1,99.75,0.5,99.5,150,99.4,1,99.2,100,,,,,,,,,,,,,,,100.0,150,,,,,,,,,,,,,,,,,,
2026-06-29T03:02:17.053247+00:00,2026-06-29T13:02:17.043248,3,2,99.6,0.2,99.5,150,99.4,1,99.2,100,,,,,,,,,,,,,,,99.7,100,100.0,150,,,,,,,,,,,,,,,,
2026-06-29T03:02:17.592268+00:00,2026-06-29T13:02:17.583267,3,2,99.6,0.2,99.5,150,99.4,1,99.2,100,,,,,,,,,,,,,,,99.7,57,100.0,150,,,,,,,,,,,,,,,,
2026-06-29T03:02:18.647445+00:00,2026-06-29T13:02:18.644445,3,2,99.6,0.2,99.5,100,99.4,1,99.2,100,,,,,,,,,,,,,,,99.7,57,100.0,150,,,,,,,,,,,,,,,,
2026-06-29T03:02:18.746334+00:00,2026-06-29T13:02:18.736445,3,2,99.6,0.2,99.5,59,99.4,1,99.2,100,,,,,,,,,,,,,,,99.7,57,100.0,150,,,,,,,,,,,,,,,,
2026-06-29T03:02:19.681334+00:00,2026-06-29T13:02:19.673334,2,1,99.55,0.3,99.4,1,99.2,100,,,,,,,,,,,,,,,,,99.7,57,,,,,,,,,,,,,,,,,,
2026-06-29T03:02:19.725335+00:00,2026-06-29T13:02:19.723334,3,1,99.55,0.3,99.4,1,99.3,150,99.2,100,,,,,,,,,,,,,,,99.7,14,,,,,,,,,,,,,,,,,,
2026-06-29T03:02:19.780335+00:00,2026-06-29T13:02:19.772334,3,2,99.55,0.3,99.4,1,99.3,150,99.2,100,,,,,,,,,,,,,,,99.7,14,99.8,150,,,,,,,,,,,,,,,,
2026-06-29T03:02:20.099334+00:00,2026-06-29T13:02:20.097334,3,1,99.6,0.4,99.4,1,99.3,150,99.2,100,,,,,,,,,,,,,,,99.8,150,,,,,,,,,,,,,,,,,,
2026-06-29T03:02:20.110334+00:00,2026-06-29T13:02:20.099334,2,1,99.6,0.4,99.4,1,99.3,150,,,,,,,,,,,,,,,,,99.8,150,,,,,,,,,,,,,,,,,,
2026-06-29T03:02:20.154334+00:00,2026-06-29T13:02:20.152326,3,1,99.7,0.2,99.6,100,99.4,1,99.3,150,,,,,,,,,,,,,,,99.8,150,,,,,,,,,,,,,,,,,,
2026-06-29T03:02:20.209335+00:00,2026-06-29T13:02:20.204335,3,2,99.7,0.2,99.6,100,99.4,1,99.3,150,,,,,,,,,,,,,,,99.8,150,100.1,100,,,,,,,,,,,,,,,,
2026-06-29T03:02:20.737334+00:00,2026-06-29T13:02:20.728335,2,2,99.7,0.2,99.6,100,99.3,150,,,,,,,,,,,,,,,,,99.8,150,100.1,100,,,,,,,,,,,,,,,,
2026-06-29T03:02:22.683334+00:00,2026-06-29T13:02:22.674335,2,2,99.7,0.2,99.6,100,99.3,150,,,,,,,,,,,,,,,,,99.8,156,100.1,100,,,,,,,,,,,,,,,,
2026-06-29T03:02:22.804335+00:00,2026-06-29T13:02:22.803335,2,2,99.7,0.2,99.6,100,99.3,150,,,,,,,,,,,,,,,,,99.8,106,100.1,100,,,,,,,,,,,,,,,,
2026-06-29T03:02:22.837334+00:00,2026-06-29T13:02:22.827334,1,2,99.7,0.2,99.6,100,,,,,,,,,,,,,,,,,,,99.8,6,100.1,100,,,,,,,,,,,,,,,,
2026-06-29T03:02:22.881334+00:00,2026-06-29T13:02:22.879335,1,2,99.7,0.2,99.6,250,,,,,,,,,,,,,,,,,,,99.8,6,100.1,100,,,,,,,,,,,,,,,,
2026-06-29T03:02:22.936334+00:00,2026-06-29T13:02:22.932326,1,2,99.7,0.2,99.6,250,,,,,,,,,,,,,,,,,,,99.8,6,100.1,250,,,,,,,,,,,,,,,,
2026-06-29T03:02:23.024334+00:00,2026-06-29T13:02:23.015335,1,2,99.7,0.2,99.6,208,,,,,,,,,,,,,,,,,,,99.8,6,100.1,250,,,,,,,,,,,,,,,,
2026-06-29T03:02:23.266326+00:00,2026-06-29T13:02:23.259325,1,2,99.7,0.2,99.6,150,,,,,,,,,,,,,,,,,,,99.8,6,100.1,150,,,,,,,,,,,,,,,,
2026-06-29T03:02:23.320636+00:00,2026-06-29T13:02:23.313326,1,2,99.7,0.2,99.6,250,,,,,,,,,,,,,,,,,,,99.8,6,100.1,150,,,,,,,,,,,,,,,,
2026-06-29T03:02:23.375057+00:00,2026-06-29T13:02:23.365057,1,2,99.7,0.2,99.6,250,,,,,,,,,,,,,,,,,,,99.8,6,100.1,250,,,,,,,,,,,,,,,,
2026-06-29T03:02:23.672066+00:00,2026-06-29T13:02:23.661066,1,1,99.85,0.5,99.6,250,,,,,,,,,,,,,,,,,,,100.1,250,,,,,,,,,,,,,,,,,,
2026-06-29T03:02:24.320650+00:00,2026-06-29T13:02:24.309793,1,1,99.85,0.5,99.6,250,,,,,,,,,,,,,,,,,,,100.1,206,,,,,,,,,,,,,,,,,,
2026-06-29T03:02:24.364650+00:00,2026-06-29T13:02:24.363650,1,1,99.85,0.5,99.6,209,,,,,,,,,,,,,,,,,,,100.1,206,,,,,,,,,,,,,,,,,,
2026-06-29T03:02:24.980659+00:00,2026-06-29T13:02:24.969659,1,1,99.85,0.5,99.6,209,,,,,,,,,,,,,,,,,,,100.1,166,,,,,,,,,,,,,,,,,,
2026-06-29T03:02:25.992659+00:00,2026-06-29T13:02:25.985659,1,1,99.85,0.5,99.6,100,,,,,,,,,,,,,,,,,,,100.1,100,,,,,,,,,,,,,,,,,,
2026-06-29T03:02:26.047659+00:00,2026-06-29T13:02:26.038659,2,1,100.05,0.1,100.0,150,99.6,100,,,,,,,,,,,,,,,,,100.1,100,,,,,,,,,,,,,,,,,,
2026-06-29T03:02:26.102216+00:00,2026-06-29T13:02:26.092217,2,2,100.05,0.1,100.0,150,99.6,100,,,,,,,,,,,,,,,,,100.1,100,100.5,150,,,,,,,,,,,,,,,,
2026-06-29T03:02:26.421207+00:00,2026-06-29T13:02:26.419207,2,1,100.25,0.5,100.0,150,99.6,100,,,,,,,,,,,,,,,,,100.5,150,,,,,,,,,,,,,,,,,,
2026-06-29T03:02:26.432207+00:00,2026-06-29T13:02:26.421333,1,1,100.25,0.5,100.0,150,,,,,,,,,,,,,,,,,,,100.5,150,,,,,,,,,,,,,,,,,,
2026-06-29T03:02:26.476207+00:00,2026-06-29T13:02:26.473207,2,1,100.25,0.5,100.0,150,99.8,100,,,,,,,,,,,,,,,,,100.5,150,,,,,,,,,,,,,,,,,,
2026-06-29T03:02:26.542216+00:00,2026-06-29T13:02:26.532216,2,2,100.15,0.3,100.0,150,99.8,100,,,,,,,,,,,,,,,,,100.3,100,100.5,150,,,,,,,,,,,,,,,,
2026-06-29T03:02:27.070216+00:00,2026-06-29T13:02:27.064216,2,2,100.15,0.3,100.0,100,99.8,100,,,,,,,,,,,,,,,,,100.3,100,100.5,150,,,,,,,,,,,,,,,,
2026-06-29T03:02:27.961216+00:00,2026-06-29T13:02:27.960216,2,2,100.15,0.3,100.0,59,99.8,100,,,,,,,,,,,,,,,,,100.3,100,100.5,150,,,,,,,,,,,,,,,,
2026-06-29T03:02:28.510220+00:00,2026-06-29T13:02:28.505211,2,2,100.15,0.3,100.0,59,99.8,100,,,,,,,,,,,,,,,,,100.3,55,100.5,150,,,,,,,,,,,,,,,,
2026-06-29T03:02:29.159220+00:00,2026-06-29T13:02:29.151220,1,1,100.05,0.5,99.8,100,,,,,,,,,,,,,,,,,,,100.3,55,,,,,,,,,,,,,,,,,,
2026-06-29T03:02:29.214220+00:00,2026-06-29T13:02:29.205220,2,1,100.05,0.5,99.8,100,99.7,150,,,,,,,,,,,,,,,,,100.3,55,,,,,,,,,,,,,,,,,,
2026-06-29T03:02:29.258220+00:00,2026-06-29T13:02:29.257220,2,2,100.0,0.4,99.8,100,99.7,150,,,,,,,,,,,,,,,,,100.2,150,100.3,55,,,,,,,,,,,,,,,,
2026-06-29T03:02:29.577220+00:00,2026-06-29T13:02:29.572221,2,2,100.0,0.4,99.8,100,99.7,154,,,,,,,,,,,,,,,,,100.2,150,100.3,55,,,,,,,,,,,,,,,,
2026-06-29T03:02:29.588220+00:00,2026-06-29T13:02:29.587220,1,1,99.95,0.5,99.7,154,,,,,,,,,,,,,,,,,,,100.2,150,,,,,,,,,,,,,,,,,,
2026-06-29T03:02:29.621220+00:00,2026-06-29T13:02:29.613211,1,2,99.85,0.3,99.7,154,,,,,,,,,,,,,,,,,,,100.0,2,100.2,150,,,,,,,,,,,,,,,,
2026-06-29T03:02:29.643220+00:00,2026-06-29T13:02:29.639220,2,2,99.95,0.1,99.9,100,99.7,154,,,,,,,,,,,,,,,,,100.0,2,100.2,150,,,,,,,,,,,,,,,,
2026-06-29T03:02:29.698220+00:00,2026-06-29T13:02:29.690220,2,3,99.95,0.1,99.9,100,99.7,154,,,,,,,,,,,,,,,,,100.0,2,100.2,150,100.4,100,,,,,,,,,,,,,,
2026-06-29T03:02:30.248220+00:00,2026-06-29T13:02:30.241220,2,2,100.05,0.3,99.9,100,99.7,154,,,,,,,,,,,,,,,,,100.2,150,100.4,100,,,,,,,,,,,,,,,,
2026-06-29T03:02:30.270220+00:00,2026-06-29T13:02:30.261220,2,3,99.95,0.1,99.9,100,99.7,154,,,,,,,,,,,,,,,,,100.0,2,100.2,150,100.4,100,,,,,,,,,,,,,,
2026-06-29T03:02:30.303220+00:00,2026-06-29T13:02:30.298220,2,2,100.05,0.3,99.9,100,99.7,154,,,,,,,,,,,,,,,,,100.2,150,100.4,100,,,,,,,,,,,,,,,,
2026-06-29T03:02:31.282220+00:00,2026-06-29T13:02:31.277220,2,2,100.05,0.3,99.9,50,99.7,154,,,,,,,,,,,,,,,,,100.2,150,100.4,100,,,,,,,,,,,,,,,,
2026-06-29T03:02:32.316220+00:00,2026-06-29T13:02:32.311220,2,1,100.15,0.5,99.9,50,99.7,4,,,,,,,,,,,,,,,,,100.4,100,,,,,,,,,,,,,,,,,,
2026-06-29T03:02:32.371211+00:00,2026-06-29T13:02:32.363211,3,1,100.15,0.5,99.9,50,99.7,4,99.6,150,,,,,,,,,,,,,,,100.4,100,,,,,,,,,,,,,,,,,,
2026-06-29T03:02:32.437211+00:00,2026-06-29T13:02:32.432211,3,3,99.95,0.1,99.9,50,99.7,4,99.6,150,,,,,,,,,,,,,,,100.0,2,100.1,150,100.4,100,,,,,,,,,,,,,,
2026-06-29T03:02:32.745220+00:00,2026-06-29T13:02:32.744220,3,2,99.95,0.1,99.9,50,99.7,4,99.6,150,,,,,,,,,,,,,,,100.0,2,100.1,150,,,,,,,,,,,,,,,,
2026-06-29T03:02:32.756220+00:00,2026-06-29T13:02:32.746221,2,2,99.85,0.3,99.7,4,99.6,150,,,,,,,,,,,,,,,,,100.0,2,100.1,150,,,,,,,,,,,,,,,,
2026-06-29T03:02:32.800220+00:00,2026-06-29T13:02:32.799220,3,2,99.9,0.2,99.8,100,99.7,4,99.6,150,,,,,,,,,,,,,,,100.0,2,100.1,150,,,,,,,,,,,,,,,,
2026-06-29T03:02:32.855220+00:00,2026-06-29T13:02:32.852220,3,3,99.9,0.2,99.8,100,99.7,4,99.6,150,,,,,,,,,,,,,,,100.0,2,100.1,150,100.3,100,,,,,,,,,,,,,,
2026-06-29T03:02:32.899220+00:00,2026-06-29T13:02:32.894220,3,2,99.95,0.3,99.8,100,99.7,4,99.6,150,,,,,,,,,,,,,,,100.1,150,100.3,100,,,,,,,,,,,,,,,,
2026-06-29T03:02:32.921221+00:00,2026-06-29T13:02:32.917220,3,3,99.9,0.2,99.8,100,99.7,4,99.6,150,,,,,,,,,,,,,,,100.0,2,100.1,150,100.3,100,,,,,,,,,,,,,,
2026-06-29T03:02:32.943220+00:00,2026-06-29T13:02:32.940220,3,2,99.95,0.3,99.8,100,99.7,4,99.6,150,,,,,,,,,,,,,,,100.1,150,100.3,100,,,,,,,,,,,,,,,,
2026-06-29T03:02:32.954220+00:00,2026-06-29T13:02:32.944220,3,2,99.95,0.3,99.8,100,99.7,4,99.6,150,,,,,,,,,,,,,,,100.1,148,100.3,100,,,,,,,,,,,,,,,,
2026-06-29T03:02:32.965220+00:00,2026-06-29T13:02:32.962220,3,3,99.9,0.2,99.8,100,99.7,4,99.6,150,,,,,,,,,,,,,,,100.0,2,100.1,148,100.3,100,,,,,,,,,,,,,,
2026-06-29T03:02:32.987220+00:00,2026-06-29T13:02:32.984220,3,2,99.95,0.3,99.8,100,99.7,4,99.6,150,,,,,,,,,,,,,,,100.1,148,100.3,100,,,,,,,,,,,,,,,,
2026-06-29T03:02:33.042211+00:00,2026-06-29T13:02:33.033211,3,3,99.9,0.2,99.8,100,99.7,4,99.6,150,,,,,,,,,,,,,,,100.0,2,100.1,148,100.3,100,,,,,,,,,,,,,,
2026-06-29T03:02:33.075211+00:00,2026-06-29T13:02:33.073212,3,2,99.95,0.3,99.8,100,99.7,4,99.6,150,,,,,,,,,,,,,,,100.1,148,100.3,100,,,,,,,,,,,,,,,,
2026-06-29T03:02:33.152211+00:00,2026-06-29T13:02:33.150212,3,2,99.95,0.3,99.8,100,99.7,4,99.6,150,,,,,,,,,,,,,,,100.1,146,100.3,100,,,,,,,,,,,,,,,,
2026-06-29T03:02:33.361349+00:00,2026-06-29T13:02:33.356349,3,2,99.95,0.3,99.8,100,99.7,4,99.6,150,,,,,,,,,,,,,,,100.1,144,100.3,100,,,,,,,,,,,,,,,,
2026-06-29T03:02:33.394349+00:00,2026-06-29T13:02:33.384350,3,2,99.95,0.3,99.8,50,99.7,4,99.6,150,,,,,,,,,,,,,,,100.1,144,100.3,100,,,,,,,,,,,,,,,,
2026-06-29T03:02:33.570349+00:00,2026-06-29T13:02:33.560350,3,2,99.95,0.3,99.8,50,99.7,4,99.6,150,,,,,,,,,,,,,,,100.1,142,100.3,100,,,,,,,,,,,,,,,,
2026-06-29T03:02:33.768358+00:00,2026-06-29T13:02:33.767359,3,2,99.95,0.3,99.8,50,99.7,4,99.6,150,,,,,,,,,,,,,,,100.1,140,100.3,100,,,,,,,,,,,,,,,,
2026-06-29T03:02:33.999358+00:00,2026-06-29T13:02:33.993358,3,2,99.95,0.3,99.8,50,99.7,4,99.6,150,,,,,,,,,,,,,,,100.1,138,100.3,100,,,,,,,,,,,,,,,,
2026-06-29T03:02:35.449883+00:00,2026-06-29T13:02:35.443882,3,2,99.95,0.3,99.8,50,99.7,4,99.6,150,,,,,,,,,,,,,,,100.1,88,100.3,100,,,,,,,,,,,,,,,,
2026-06-29T03:02:35.482882+00:00,2026-06-29T13:02:35.481883,3,1,100.05,0.5,99.8,50,99.7,4,99.6,150,,,,,,,,,,,,,,,100.3,100,,,,,,,,,,,,,,,,,,
2026-06-29T03:02:35.493882+00:00,2026-06-29T13:02:35.482882,2,1,100.05,0.5,99.8,50,99.7,4,,,,,,,,,,,,,,,,,100.3,100,,,,,,,,,,,,,,,,,,
2026-06-29T03:02:35.537882+00:00,2026-06-29T13:02:35.536882,3,1,100.1,0.4,99.9,150,99.8,50,99.7,4,,,,,,,,,,,,,,,100.3,100,,,,,,,,,,,,,,,,,,
2026-06-29T03:02:35.592882+00:00,2026-06-29T13:02:35.589882,3,2,100.1,0.4,99.9,150,99.8,50,99.7,4,,,,,,,,,,,,,,,100.3,100,100.4,150,,,,,,,,,,,,,,,,
2026-06-29T03:02:35.911891+00:00,2026-06-29T13:02:35.908891,2,1,100.15,0.5,99.9,150,99.7,4,,,,,,,,,,,,,,,,,100.4,150,,,,,,,,,,,,,,,,,,
2026-06-29T03:02:35.966891+00:00,2026-06-29T13:02:35.960891,2,1,100.15,0.5,99.9,150,99.7,104,,,,,,,,,,,,,,,,,100.4,150,,,,,,,,,,,,,,,,,,
2026-06-29T03:02:36.043891+00:00,2026-06-29T13:02:36.037891,2,2,100.05,0.3,99.9,150,99.7,104,,,,,,,,,,,,,,,,,100.2,100,100.4,150,,,,,,,,,,,,,,,,
2026-06-29T03:02:37.605454+00:00,2026-06-29T13:02:37.602454,2,2,100.05,0.3,99.9,100,99.7,104,,,,,,,,,,,,,,,,,100.2,100,100.4,150,,,,,,,,,,,,,,,,
2026-06-29T03:02:38.648122+00:00,2026-06-29T13:02:38.645123,2,1,100.05,0.3,99.9,100,99.7,104,,,,,,,,,,,,,,,,,100.2,100,,,,,,,,,,,,,,,,,,
2026-06-29T03:02:38.659123+00:00,2026-06-29T13:02:38.648122,1,1,99.95,0.5,99.7,104,,,,,,,,,,,,,,,,,,,100.2,100,,,,,,,,,,,,,,,,,,
2026-06-29T03:02:38.703123+00:00,2026-06-29T13:02:38.702123,2,1,100.0,0.4,99.8,150,99.7,104,,,,,,,,,,,,,,,,,100.2,100,,,,,,,,,,,,,,,,,,
2026-06-29T03:02:38.758123+00:00,2026-06-29T13:02:38.756123,2,2,100.0,0.4,99.8,150,99.7,104,,,,,,,,,,,,,,,,,100.2,100,100.3,150,,,,,,,,,,,,,,,,
2026-06-29T03:02:39.099123+00:00,2026-06-29T13:02:39.094123,2,1,100.05,0.5,99.8,150,99.7,4,,,,,,,,,,,,,,,,,100.3,150,,,,,,,,,,,,,,,,,,
2026-06-29T03:02:39.154123+00:00,2026-06-29T13:02:39.146122,2,1,100.05,0.5,99.8,150,99.7,104,,,,,,,,,,,,,,,,,100.3,150,,,,,,,,,,,,,,,,,,
2026-06-29T03:02:39.209123+00:00,2026-06-29T13:02:39.200123,2,2,100.0,0.4,99.8,150,99.7,104,,,,,,,,,,,,,,,,,100.2,100,100.3,150,,,,,,,,,,,,,,,,
2026-06-29T03:02:39.660123+00:00,2026-06-29T13:02:39.659123,2,2,100.0,0.4,99.8,150,99.7,104,,,,,,,,,,,,,,,,,100.2,50,100.3,150,,,,,,,,,,,,,,,,
2026-06-29T03:02:41.683183+00:00,2026-06-29T13:02:41.682182,2,2,100.0,0.4,99.8,150,99.7,103,,,,,,,,,,,,,,,,,100.2,50,100.3,150,,,,,,,,,,,,,,,,
2026-06-29T03:02:41.771193+00:00,2026-06-29T13:02:41.765193,2,1,100.05,0.5,99.8,150,99.7,103,,,,,,,,,,,,,,,,,100.3,150,,,,,,,,,,,,,,,,,,
2026-06-29T03:02:41.815199+00:00,2026-06-29T13:02:41.814198,1,0,,,99.7,103,,,,,,,,,,,,,,,,,,,,,,,,,,,,,,,,,,,,,,
2026-06-29T03:02:41.870206+00:00,2026-06-29T13:02:41.866205,2,0,,,99.8,150,99.7,103,,,,,,,,,,,,,,,,,,,,,,,,,,,,,,,,,,,,
2026-06-29T03:02:41.925213+00:00,2026-06-29T13:02:41.922202,2,1,100.05,0.5,99.8,150,99.7,103,,,,,,,,,,,,,,,,,100.3,150,,,,,,,,,,,,,,,,,,
2026-06-29T03:02:42.266233+00:00,2026-06-29T13:02:42.255194,2,1,100.05,0.5,99.8,150,99.7,3,,,,,,,,,,,,,,,,,100.3,150,,,,,,,,,,,,,,,,,,
2026-06-29T03:02:42.310232+00:00,2026-06-29T13:02:42.308232,3,1,100.2,0.2,100.1,100,99.8,150,99.7,3,,,,,,,,,,,,,,,100.3,150,,,,,,,,,,,,,,,,,,
2026-06-29T03:02:42.321123+00:00,2026-06-29T13:02:42.311210,3,1,100.2,0.2,100.1,100,99.8,150,99.7,2,,,,,,,,,,,,,,,100.3,150,,,,,,,,,,,,,,,,,,
2026-06-29T03:02:42.365232+00:00,2026-06-29T13:02:42.361232,3,2,100.2,0.2,100.1,100,99.8,150,99.7,2,,,,,,,,,,,,,,,100.3,150,100.6,100,,,,,,,,,,,,,,,,
2026-06-29T03:02:43.882630+00:00,2026-06-29T13:02:43.874739,2,2,100.2,0.2,100.1,100,99.8,150,,,,,,,,,,,,,,,,,100.3,100,100.6,100,,,,,,,,,,,,,,,,
2026-06-29T03:02:44.245740+00:00,2026-06-29T13:02:44.235739,2,3,100.15,0.1,100.1,100,99.8,150,,,,,,,,,,,,,,,,,100.2,4,100.3,100,100.6,100,,,,,,,,,,,,,,
2026-06-29T03:02:44.674621+00:00,2026-06-29T13:02:44.671622,2,3,100.15,0.1,100.1,75,99.8,150,,,,,,,,,,,,,,,,,100.2,4,100.3,100,100.6,100,,,,,,,,,,,,,,
2026-06-29T03:02:44.718621+00:00,2026-06-29T13:02:44.708621,2,3,100.15,0.1,100.1,40,99.8,150,,,,,,,,,,,,,,,,,100.2,4,100.3,100,100.6,100,,,,,,,,,,,,,,
2026-06-29T03:02:44.740621+00:00,2026-06-29T13:02:44.730622,2,3,100.15,0.1,100.1,15,99.8,150,,,,,,,,,,,,,,,,,100.2,4,100.3,100,100.6,100,,,,,,,,,,,,,,
2026-06-29T03:02:44.806620+00:00,2026-06-29T13:02:44.799621,1,3,100.0,0.4,99.8,150,,,,,,,,,,,,,,,,,,,100.2,4,100.3,100,100.6,100,,,,,,,,,,,,,,
2026-06-29T03:02:44.982621+00:00,2026-06-29T13:02:44.976621,0,2,,,,,,,,,,,,,,,,,,,,,,,100.2,4,100.6,100,,,,,,,,,,,,,,,,
2026-06-29T03:02:45.037621+00:00,2026-06-29T13:02:45.032621,1,2,99.95,0.5,99.7,150,,,,,,,,,,,,,,,,,,,100.2,2,100.6,100,,,,,,,,,,,,,,,,
2026-06-29T03:02:45.081621+00:00,2026-06-29T13:02:45.081621,1,2,99.95,0.5,99.7,150,,,,,,,,,,,,,,,,,,,100.2,152,100.6,100,,,,,,,,,,,,,,,,
2026-06-29T03:02:45.422652+00:00,2026-06-29T13:02:45.415622,1,1,99.95,0.5,99.7,150,,,,,,,,,,,,,,,,,,,100.2,152,,,,,,,,,,,,,,,,,,
2026-06-29T03:02:45.477659+00:00,2026-06-29T13:02:45.468658,2,1,99.95,0.5,99.7,150,99.5,100,,,,,,,,,,,,,,,,,100.2,152,,,,,,,,,,,,,,,,,,
2026-06-29T03:02:45.532666+00:00,2026-06-29T13:02:45.521793,2,2,99.85,0.3,99.7,150,99.5,100,,,,,,,,,,,,,,,,,100.0,100,100.2,152,,,,,,,,,,,,,,,,
2026-06-29T03:02:45.983724+00:00,2026-06-29T13:02:45.981621,2,2,99.85,0.3,99.7,150,99.5,100,,,,,,,,,,,,,,,,,100.0,50,100.2,152,,,,,,,,,,,,,,,,
2026-06-29T03:02:47.149283+00:00,2026-06-29T13:02:47.138283,2,2,99.85,0.3,99.7,110,99.5,100,,,,,,,,,,,,,,,,,100.0,50,100.2,152,,,,,,,,,,,,,,,,
2026-06-29T03:02:48.095303+00:00,2026-06-29T13:02:48.087303,2,1,99.95,0.5,99.7,110,99.5,100,,,,,,,,,,,,,,,,,100.2,152,,,,,,,,,,,,,,,,,,
2026-06-29T03:02:48.161303+00:00,2026-06-29T13:02:48.155303,1,1,99.85,0.7,99.5,100,,,,,,,,,,,,,,,,,,,100.2,2,,,,,,,,,,,,,,,,,,
2026-06-29T03:02:48.216303+00:00,2026-06-29T13:02:48.208303,2,1,99.95,0.5,99.7,150,99.5,100,,,,,,,,,,,,,,,,,100.2,2,,,,,,,,,,,,,,,,,,
2026-06-29T03:02:48.271303+00:00,2026-06-29T13:02:48.261303,2,1,99.95,0.5,99.7,150,99.5,100,,,,,,,,,,,,,,,,,100.2,152,,,,,,,,,,,,,,,,,,
2026-06-29T03:02:48.579223+00:00,2026-06-29T13:02:48.577222,1,1,99.95,0.5,99.7,150,,,,,,,,,,,,,,,,,,,100.2,152,,,,,,,,,,,,,,,,,,
2026-06-29T03:02:48.634213+00:00,2026-06-29T13:02:48.630214,2,1,100.05,0.3,99.9,100,99.7,150,,,,,,,,,,,,,,,,,100.2,152,,,,,,,,,,,,,,,,,,
2026-06-29T03:02:48.689213+00:00,2026-06-29T13:02:48.682213,2,2,100.05,0.3,99.9,100,99.7,150,,,,,,,,,,,,,,,,,100.2,152,100.4,100,,,,,,,,,,,,,,,,
2026-06-29T03:02:49.371222+00:00,2026-06-29T13:02:49.367223,2,2,100.05,0.3,99.9,101,99.7,150,,,,,,,,,,,,,,,,,100.2,152,100.4,100,,,,,,,,,,,,,,,,
2026-06-29T03:02:49.448223+00:00,2026-06-29T13:02:49.444222,2,2,100.05,0.3,99.9,100,99.7,150,,,,,,,,,,,,,,,,,100.2,152,100.4,100,,,,,,,,,,,,,,,,
2026-06-29T03:02:50.394222+00:00,2026-06-29T13:02:50.389222,2,2,100.05,0.3,99.9,100,99.7,150,,,,,,,,,,,,,,,,,100.2,111,100.4,100,,,,,,,,,,,,,,,,
2026-06-29T03:02:50.482223+00:00,2026-06-29T13:02:50.479222,2,2,100.05,0.3,99.9,100,99.7,150,,,,,,,,,,,,,,,,,100.2,118,100.4,100,,,,,,,,,,,,,,,,
2026-06-29T03:02:51.317756+00:00,2026-06-29T13:02:51.316756,2,2,100.05,0.3,99.9,100,99.7,150,,,,,,,,,,,,,,,,,100.2,7,100.4,100,,,,,,,,,,,,,,,,
2026-06-29T03:02:51.328756+00:00,2026-06-29T13:02:51.317756,1,2,100.05,0.3,99.9,100,,,,,,,,,,,,,,,,,,,100.2,7,100.4,100,,,,,,,,,,,,,,,,
2026-06-29T03:02:51.372756+00:00,2026-06-29T13:02:51.369756,1,2,100.05,0.3,99.9,250,,,,,,,,,,,,,,,,,,,100.2,7,100.4,100,,,,,,,,,,,,,,,,
2026-06-29T03:02:51.427756+00:00,2026-06-29T13:02:51.422756,1,2,100.05,0.3,99.9,250,,,,,,,,,,,,,,,,,,,100.2,7,100.4,250,,,,,,,,,,,,,,,,
2026-06-29T03:02:51.581756+00:00,2026-06-29T13:02:51.576747,1,2,100.05,0.3,99.9,209,,,,,,,,,,,,,,,,,,,100.2,7,100.4,250,,,,,,,,,,,,,,,,
2026-06-29T03:02:51.757747+00:00,2026-06-29T13:02:51.746747,1,2,100.05,0.3,99.9,150,,,,,,,,,,,,,,,,,,,100.2,7,100.4,150,,,,,,,,,,,,,,,,
2026-06-29T03:02:51.812747+00:00,2026-06-29T13:02:51.807747,2,2,100.05,0.3,99.9,150,99.8,100,,,,,,,,,,,,,,,,,100.2,5,100.4,150,,,,,,,,,,,,,,,,
2026-06-29T03:02:51.867747+00:00,2026-06-29T13:02:51.859747,2,3,100.05,0.3,99.9,150,99.8,100,,,,,,,,,,,,,,,,,100.2,5,100.3,100,100.4,150,,,,,,,,,,,,,,
2026-06-29T03:02:52.318756+00:00,2026-06-29T13:02:52.311756,2,2,100.1,0.4,99.9,150,99.8,100,,,,,,,,,,,,,,,,,100.3,55,100.4,150,,,,,,,,,,,,,,,,
2026-06-29T03:02:53.451884+00:00,2026-06-29T13:02:53.441884,2,2,100.1,0.4,99.9,104,99.8,100,,,,,,,,,,,,,,,,,100.3,55,100.4,150,,,,,,,,,,,,,,,,
2026-06-29T03:02:53.737875+00:00,2026-06-29T13:02:53.726875,2,3,100.05,0.3,99.9,104,99.8,100,,,,,,,,,,,,,,,,,100.2,4,100.3,55,100.4,150,,,,,,,,,,,,,,
2026-06-29T03:02:54.232884+00:00,2026-06-29T13:02:54.229882,2,3,100.05,0.3,99.9,104,99.8,100,,,,,,,,,,,,,,,,,100.2,3,100.3,55,100.4,150,,,,,,,,,,,,,,
2026-06-29T03:02:54.430884+00:00,2026-06-29T13:02:54.420884,2,2,100.1,0.4,99.9,104,99.8,100,,,,,,,,,,,,,,,,,100.3,8,100.4,150,,,,,,,,,,,,,,,,
2026-06-29T03:02:54.485875+00:00,2026-06-29T13:02:54.477875,1,1,100.05,0.5,99.8,100,,,,,,,,,,,,,,,,,,,100.3,8,,,,,,,,,,,,,,,,,,
2026-06-29T03:02:54.540875+00:00,2026-06-29T13:02:54.530875,2,1,100.15,0.3,100.0,150,99.8,100,,,,,,,,,,,,,,,,,100.3,8,,,,,,,,,,,,,,,,,,
2026-06-29T03:02:54.595874+00:00,2026-06-29T13:02:54.584875,2,2,100.15,0.3,100.0,150,99.8,100,,,,,,,,,,,,,,,,,100.3,8,100.5,150,,,,,,,,,,,,,,,,
2026-06-29T03:02:54.914875+00:00,2026-06-29T13:02:54.909875,1,1,100.25,0.5,100.0,150,,,,,,,,,,,,,,,,,,,100.5,150,,,,,,,,,,,,,,,,,,
2026-06-29T03:02:54.969884+00:00,2026-06-29T13:02:54.962884,2,1,100.3,0.4,100.1,100,100.0,150,,,,,,,,,,,,,,,,,100.5,150,,,,,,,,,,,,,,,,,,
2026-06-29T03:02:55.024875+00:00,2026-06-29T13:02:55.015874,2,2,100.3,0.4,100.1,100,100.0,150,,,,,,,,,,,,,,,,,100.5,150,100.6,100,,,,,,,,,,,,,,,,
2026-06-29T03:02:55.772875+00:00,2026-06-29T13:02:55.761875,2,3,100.15,0.1,100.1,100,100.0,150,,,,,,,,,,,,,,,,,100.2,7,100.5,150,100.6,100,,,,,,,,,,,,,,
2026-06-29T03:02:56.025884+00:00,2026-06-29T13:02:56.016884,2,2,100.3,0.4,100.1,100,100.0,150,,,,,,,,,,,,,,,,,100.5,150,100.6,100,,,,,,,,,,,,,,,,
2026-06-29T03:02:56.315973+00:00,2026-06-29T13:02:56.309973,2,2,100.3,0.4,100.1,51,100.0,150,,,,,,,,,,,,,,,,,100.5,150,100.6,100,,,,,,,,,,,,,,,,
2026-06-29T03:02:56.711983+00:00,2026-06-29T13:02:56.704983,2,3,100.2,0.2,100.1,51,100.0,150,,,,,,,,,,,,,,,,,100.3,7,100.5,150,100.6,100,,,,,,,,,,,,,,
2026-06-29T03:02:57.403983+00:00,2026-06-29T13:02:57.392982,2,2,100.3,0.4,100.1,51,100.0,150,,,,,,,,,,,,,,,,,100.5,108,100.6,100,,,,,,,,,,,,,,,,
2026-06-29T03:02:57.645983+00:00,2026-06-29T13:02:57.639974,1,1,100.35,0.5,100.1,51,,,,,,,,,,,,,,,,,,,100.6,100,,,,,,,,,,,,,,,,,,
2026-06-29T03:02:57.700983+00:00,2026-06-29T13:02:57.691983,2,1,100.35,0.5,100.1,51,99.9,150,,,,,,,,,,,,,,,,,100.6,100,,,,,,,,,,,,,,,,,,
2026-06-29T03:02:57.755974+00:00,2026-06-29T13:02:57.745973,2,2,100.25,0.3,100.1,51,99.9,150,,,,,,,,,,,,,,,,,100.4,150,100.6,100,,,,,,,,,,,,,,,,
2026-06-29T03:02:57.865974+00:00,2026-06-29T13:02:57.854974,2,3,100.2,0.2,100.1,51,99.9,150,,,,,,,,,,,,,,,,,100.3,7,100.4,150,100.6,100,,,,,,,,,,,,,,
2026-06-29T03:02:58.074983+00:00,2026-06-29T13:02:58.072982,1,2,100.1,0.4,99.9,150,,,,,,,,,,,,,,,,,,,100.3,7,100.4,150,,,,,,,,,,,,,,,,
2026-06-29T03:02:58.129983+00:00,2026-06-29T13:02:58.127983,2,2,100.15,0.3,100.0,100,99.9,150,,,,,,,,,,,,,,,,,100.3,7,100.4,150,,,,,,,,,,,,,,,,
2026-06-29T03:02:58.184983+00:00,2026-06-29T13:02:58.179982,2,3,100.15,0.3,100.0,100,99.9,150,,,,,,,,,,,,,,,,,100.3,7,100.4,150,100.5,100,,,,,,,,,,,,,,
2026-06-29T03:02:58.789077+00:00,2026-06-29T13:02:58.779077,2,3,100.15,0.3,100.0,100,99.9,150,,,,,,,,,,,,,,,,,100.3,5,100.4,150,100.5,100,,,,,,,,,,,,,,
2026-06-29T03:02:59.415195+00:00,2026-06-29T13:02:59.410113,2,3,100.15,0.3,100.0,100,99.9,150,,,,,,,,,,,,,,,,,100.3,3,100.4,150,100.5,100,,,,,,,,,,,,,,
2026-06-29T03:03:00.273086+00:00,2026-06-29T13:03:00.265086,2,3,100.15,0.3,100.0,100,99.9,150,,,,,,,,,,,,,,,,,100.3,2,100.4,150,100.5,100,,,,,,,,,,,,,,
2026-06-29T03:03:00.790077+00:00,2026-06-29T13:03:00.787076,2,3,100.15,0.3,100.0,50,99.9,150,,,,,,,,,,,,,,,,,100.3,2,100.4,150,100.5,100,,,,,,,,,,,,,,
2026-06-29T03:03:00.812077+00:00,2026-06-29T13:03:00.806077,1,2,100.15,0.3,100.0,50,,,,,,,,,,,,,,,,,,,100.3,2,100.5,100,,,,,,,,,,,,,,,,
2026-06-29T03:03:00.878078+00:00,2026-06-29T13:03:00.867077,2,2,100.15,0.3,100.0,50,99.9,150,,,,,,,,,,,,,,,,,100.3,2,100.5,100,,,,,,,,,,,,,,,,
2026-06-29T03:03:00.944077+00:00,2026-06-29T13:03:00.936077,2,3,100.15,0.3,100.0,50,99.9,150,,,,,,,,,,,,,,,,,100.3,2,100.4,150,100.5,100,,,,,,,,,,,,,,
2026-06-29T03:03:01.241076+00:00,2026-06-29T13:03:01.234077,1,2,100.1,0.4,99.9,150,,,,,,,,,,,,,,,,,,,100.3,2,100.4,150,,,,,,,,,,,,,,,,
2026-06-29T03:03:01.296077+00:00,2026-06-29T13:03:01.286077,1,2,100.1,0.4,99.9,250,,,,,,,,,,,,,,,,,,,100.3,2,100.4,150,,,,,,,,,,,,,,,,
2026-06-29T03:03:01.340076+00:00,2026-06-29T13:03:01.338077,1,2,100.1,0.4,99.9,250,,,,,,,,,,,,,,,,,,,100.3,2,100.4,250,,,,,,,,,,,,,,,,
2026-06-29T03:03:01.582076+00:00,2026-06-29T13:03:01.578077,1,2,100.1,0.4,99.9,250,,,,,,,,,,,,,,,,,,,100.3,1,100.4,250,,,,,,,,,,,,,,,,
2026-06-29T03:03:01.890077+00:00,2026-06-29T13:03:01.883076,2,2,100.15,0.3,100.0,4,99.9,250,,,,,,,,,,,,,,,,,100.3,1,100.4,250,,,,,,,,,,,,,,,,
2026-06-29T03:03:02.736086+00:00,2026-06-29T13:03:02.734195,2,2,100.15,0.3,100.0,2,99.9,250,,,,,,,,,,,,,,,,,100.3,1,100.4,250,,,,,,,,,,,,,,,,
2026-06-29T03:03:02.900591+00:00,2026-06-29T13:03:02.899591,1,2,100.1,0.4,99.9,202,,,,,,,,,,,,,,,,,,,100.3,1,100.4,250,,,,,,,,,,,,,,,,
2026-06-29T03:03:03.845557+00:00,2026-06-29T13:03:03.841558,2,2,100.15,0.3,100.0,1,99.9,202,,,,,,,,,,,,,,,,,100.3,1,100.4,250,,,,,,,,,,,,,,,,
2026-06-29T03:03:03.988558+00:00,2026-06-29T13:03:03.987558,2,2,100.15,0.3,100.0,1,99.9,100,,,,,,,,,,,,,,,,,100.3,1,100.4,100,,,,,,,,,,,,,,,,
2026-06-29T03:03:04.043557+00:00,2026-06-29T13:03:04.041557,3,2,100.15,0.3,100.0,1,99.9,100,99.6,150,,,,,,,,,,,,,,,100.3,1,100.4,100,,,,,,,,,,,,,,,,
2026-06-29T03:03:04.098557+00:00,2026-06-29T13:03:04.095557,3,3,100.05,0.1,100.0,1,99.9,100,99.6,150,,,,,,,,,,,,,,,100.1,150,100.3,1,100.4,100,,,,,,,,,,,,,,
2026-06-29T03:03:04.384676+00:00,2026-06-29T13:03:04.379569,3,3,100.05,0.1,100.0,1,99.9,100,99.6,150,,,,,,,,,,,,,,,100.1,125,100.3,1,100.4,100,,,,,,,,,,,,,,
2026-06-29T03:03:04.395676+00:00,2026-06-29T13:03:04.393626,2,2,100.05,0.1,100.0,1,99.6,150,,,,,,,,,,,,,,,,,100.1,125,100.3,1,,,,,,,,,,,,,,,,
2026-06-29T03:03:04.406676+00:00,2026-06-29T13:03:04.400676,2,2,100.05,0.1,100.0,1,99.6,150,,,,,,,,,,,,,,,,,100.1,90,100.3,1,,,,,,,,,,,,,,,,
