recv_time,book_timestamp,n_bids,n_asks,mid,spread,bid_px_0,bid_vol_0,bid_px_1,bid_vol_1,bid_px_2,bid_vol_2,bid_px_3,bid_vol_3,bid_px_4,bid_vol_4,bid_px_5,bid_vol_5,bid_px_6,bid_vol_6,bid_px_7,bid_vol_7,bid_px_8,bid_vol_8,bid_px_9,bid_vol_9,ask_px_0,ask_vol_0,ask_px_1,ask_vol_1,ask_px_2,ask_vol_2,ask_px_3,ask_vol_3,ask_px_4,ask_vol_4,ask_px_5,ask_vol_5,ask_px_6,ask_vol_6,ask_px_7,ask_vol_7,ask_px_8,ask_vol_8,ask_px_9,ask_vol_9
2026-07-08T00:00:00.349732+00:00,2026-07-08T00:00:00.302614,2,2,137.55,0.1,137.5,150,137.1,100,,,,,,,,,,,,,,,,,137.6,7,138.0,150,,,,,,,,,,,,,,,,
2026-07-08T00:00:00.899438+00:00,2026-07-08T00:00:00.899382,2,1,137.75,0.5,137.5,150,137.1,100,,,,,,,,,,,,,,,,,138.0,107,,,,,,,,,,,,,,,,,,
2026-07-08T00:00:01.441592+00:00,2026-07-08T00:00:01.424641,1,1,137.75,0.5,137.5,150,,,,,,,,,,,,,,,,,,,138.0,107,,,,,,,,,,,,,,,,,,
2026-07-08T00:00:01.488416+00:00,2026-07-08T00:00:01.488320,1,1,137.75,0.5,137.5,150,,,,,,,,,,,,,,,,,,,138.0,7,,,,,,,,,,,,,,,,,,
2026-07-08T00:00:01.543653+00:00,2026-07-08T00:00:01.543756,1,2,137.75,0.5,137.5,150,,,,,,,,,,,,,,,,,,,138.0,7,138.5,100,,,,,,,,,,,,,,,,
2026-07-08T00:00:02.080175+00:00,2026-07-08T00:00:02.080090,0,1,,,,,,,,,,,,,,,,,,,,,,,138.5,100,,,,,,,,,,,,,,,,,,
2026-07-08T00:00:02.175541+00:00,2026-07-08T00:00:02.165142,1,1,138.35,0.3,138.2,93,,,,,,,,,,,,,,,,,,,138.5,100,,,,,,,,,,,,,,,,,,
2026-07-08T00:00:02.208802+00:00,2026-07-08T00:00:02.208698,1,2,138.35,0.3,138.2,93,,,,,,,,,,,,,,,,,,,138.5,100,138.7,150,,,,,,,,,,,,,,,,
2026-07-08T00:00:03.008392+00:00,2026-07-08T00:00:03.008625,1,2,138.35,0.3,138.2,93,,,,,,,,,,,,,,,,,,,138.5,50,138.7,150,,,,,,,,,,,,,,,,
2026-07-08T00:00:03.314403+00:00,2026-07-08T00:00:03.285278,1,2,138.35,0.3,138.2,47,,,,,,,,,,,,,,,,,,,138.5,50,138.7,150,,,,,,,,,,,,,,,,
2026-07-08T00:00:04.329561+00:00,2026-07-08T00:00:04.329442,1,2,138.35,0.3,138.2,2,,,,,,,,,,,,,,,,,,,138.5,50,138.7,150,,,,,,,,,,,,,,,,
2026-07-08T00:00:04.593959+00:00,2026-07-08T00:00:04.593895,1,1,138.45,0.5,138.2,2,,,,,,,,,,,,,,,,,,,138.7,150,,,,,,,,,,,,,,,,,,
2026-07-08T00:00:04.648473+00:00,2026-07-08T00:00:04.648435,2,1,138.45,0.5,138.2,2,137.5,100,,,,,,,,,,,,,,,,,138.7,150,,,,,,,,,,,,,,,,,,
2026-07-08T00:00:04.717558+00:00,2026-07-08T00:00:04.711141,1,2,137.75,0.5,137.5,100,,,,,,,,,,,,,,,,,,,138.0,87,138.7,150,,,,,,,,,,,,,,,,
2026-07-08T00:00:04.940218+00:00,2026-07-08T00:00:04.940150,1,2,137.75,0.5,137.5,100,,,,,,,,,,,,,,,,,,,138.0,45,138.7,150,,,,,,,,,,,,,,,,
2026-07-08T00:00:04.999060+00:00,2026-07-08T00:00:04.998928,1,2,137.75,0.5,137.5,60,,,,,,,,,,,,,,,,,,,138.0,45,138.7,150,,,,,,,,,,,,,,,,
2026-07-08T00:00:05.115938+00:00,2026-07-08T00:00:05.115804,1,1,138.1,1.2,137.5,60,,,,,,,,,,,,,,,,,,,138.7,145,,,,,,,,,,,,,,,,,,
2026-07-08T00:00:05.264510+00:00,2026-07-08T00:00:05.264452,1,0,,,137.5,60,,,,,,,,,,,,,,,,,,,,,,,,,,,,,,,,,,,,,,
2026-07-08T00:00:05.317337+00:00,2026-07-08T00:00:05.317261,2,0,,,137.7,150,137.5,60,,,,,,,,,,,,,,,,,,,,,,,,,,,,,,,,,,,,
2026-07-08T00:00:05.370826+00:00,2026-07-08T00:00:05.370570,2,1,137.95,0.5,137.7,150,137.5,60,,,,,,,,,,,,,,,,,138.2,150,,,,,,,,,,,,,,,,,,
2026-07-08T00:00:06.423425+00:00,2026-07-08T00:00:06.423278,2,1,137.95,0.5,137.7,105,137.5,60,,,,,,,,,,,,,,,,,138.2,150,,,,,,,,,,,,,,,,,,
2026-07-08T00:00:07.226170+00:00,2026-07-08T00:00:07.226067,2,1,137.95,0.5,137.7,105,137.5,60,,,,,,,,,,,,,,,,,138.2,100,,,,,,,,,,,,,,,,,,
2026-07-08T00:00:07.458645+00:00,2026-07-08T00:00:07.455638,2,1,137.95,0.5,137.7,105,137.5,60,,,,,,,,,,,,,,,,,138.2,58,,,,,,,,,,,,,,,,,,
2026-07-08T00:00:07.758663+00:00,2026-07-08T00:00:07.757342,1,1,137.95,0.5,137.7,105,,,,,,,,,,,,,,,,,,,138.2,58,,,,,,,,,,,,,,,,,,
2026-07-08T00:00:07.809764+00:00,2026-07-08T00:00:07.809949,2,1,137.95,0.5,137.7,105,137.6,100,,,,,,,,,,,,,,,,,138.2,58,,,,,,,,,,,,,,,,,,
2026-07-08T00:00:07.858554+00:00,2026-07-08T00:00:07.858409,2,2,137.9,0.4,137.7,105,137.6,100,,,,,,,,,,,,,,,,,138.1,100,138.2,58,,,,,,,,,,,,,,,,
2026-07-08T00:00:08.420732+00:00,2026-07-08T00:00:08.420669,2,1,137.9,0.4,137.7,105,137.6,100,,,,,,,,,,,,,,,,,138.1,100,,,,,,,,,,,,,,,,,,
2026-07-08T00:00:08.425920+00:00,2026-07-08T00:00:08.425837,1,1,137.85,0.5,137.6,100,,,,,,,,,,,,,,,,,,,138.1,100,,,,,,,,,,,,,,,,,,
2026-07-08T00:00:08.478399+00:00,2026-07-08T00:00:08.478288,2,1,137.95,0.3,137.8,150,137.6,100,,,,,,,,,,,,,,,,,138.1,100,,,,,,,,,,,,,,,,,,
2026-07-08T00:00:08.505838+00:00,2026-07-08T00:00:08.505799,2,1,137.95,0.3,137.8,150,137.6,100,,,,,,,,,,,,,,,,,138.1,54,,,,,,,,,,,,,,,,,,
2026-07-08T00:00:08.531156+00:00,2026-07-08T00:00:08.531105,2,2,137.95,0.3,137.8,150,137.6,100,,,,,,,,,,,,,,,,,138.1,54,138.3,150,,,,,,,,,,,,,,,,
2026-07-08T00:00:09.333385+00:00,2026-07-08T00:00:09.333314,2,2,137.95,0.3,137.8,150,137.6,100,,,,,,,,,,,,,,,,,138.1,4,138.3,150,,,,,,,,,,,,,,,,
2026-07-08T00:00:10.919629+00:00,2026-07-08T00:00:10.919799,2,1,138.05,0.5,137.8,150,137.6,100,,,,,,,,,,,,,,,,,138.3,150,,,,,,,,,,,,,,,,,,
2026-07-08T00:00:10.925060+00:00,2026-07-08T00:00:10.924961,1,1,138.05,0.5,137.8,150,,,,,,,,,,,,,,,,,,,138.3,150,,,,,,,,,,,,,,,,,,
2026-07-08T00:00:10.975177+00:00,2026-07-08T00:00:10.975070,2,1,138.15,0.3,138.0,100,137.8,150,,,,,,,,,,,,,,,,,138.3,150,,,,,,,,,,,,,,,,,,
2026-07-08T00:00:11.029825+00:00,2026-07-08T00:00:11.029701,2,2,138.15,0.3,138.0,100,137.8,150,,,,,,,,,,,,,,,,,138.3,150,138.5,100,,,,,,,,,,,,,,,,
2026-07-08T00:00:11.492167+00:00,2026-07-08T00:00:11.492056,2,2,138.15,0.3,138.0,50,137.8,150,,,,,,,,,,,,,,,,,138.3,150,138.5,100,,,,,,,,,,,,,,,,
2026-07-08T00:00:11.584957+00:00,2026-07-08T00:00:11.584854,1,1,138.25,0.5,138.0,50,,,,,,,,,,,,,,,,,,,138.5,100,,,,,,,,,,,,,,,,,,
2026-07-08T00:00:11.638957+00:00,2026-07-08T00:00:11.638904,2,1,138.25,0.5,138.0,50,137.8,150,,,,,,,,,,,,,,,,,138.5,100,,,,,,,,,,,,,,,,,,
2026-07-08T00:00:11.690107+00:00,2026-07-08T00:00:11.689945,2,2,138.15,0.3,138.0,50,137.8,150,,,,,,,,,,,,,,,,,138.3,150,138.5,100,,,,,,,,,,,,,,,,
2026-07-08T00:00:13.609488+00:00,2026-07-08T00:00:13.609387,1,2,138.05,0.5,137.8,150,,,,,,,,,,,,,,,,,,,138.3,150,138.5,100,,,,,,,,,,,,,,,,
2026-07-08T00:00:14.096391+00:00,2026-07-08T00:00:14.096629,1,1,138.05,0.5,137.8,150,,,,,,,,,,,,,,,,,,,138.3,150,,,,,,,,,,,,,,,,,,
2026-07-08T00:00:14.165126+00:00,2026-07-08T00:00:14.164940,2,1,138.05,0.5,137.8,150,137.7,100,,,,,,,,,,,,,,,,,138.3,150,,,,,,,,,,,,,,,,,,
2026-07-08T00:00:14.217868+00:00,2026-07-08T00:00:14.217749,2,2,138.0,0.4,137.8,150,137.7,100,,,,,,,,,,,,,,,,,138.2,100,138.3,150,,,,,,,,,,,,,,,,
2026-07-08T00:00:14.743008+00:00,2026-07-08T00:00:14.742950,1,1,137.95,0.5,137.7,100,,,,,,,,,,,,,,,,,,,138.2,100,,,,,,,,,,,,,,,,,,
2026-07-08T00:00:14.800352+00:00,2026-07-08T00:00:14.800217,2,1,138.1,0.2,138.0,150,137.7,100,,,,,,,,,,,,,,,,,138.2,100,,,,,,,,,,,,,,,,,,
2026-07-08T00:00:14.858591+00:00,2026-07-08T00:00:14.853216,2,2,138.1,0.2,138.0,150,137.7,100,,,,,,,,,,,,,,,,,138.2,100,138.5,150,,,,,,,,,,,,,,,,
2026-07-08T00:00:15.716222+00:00,2026-07-08T00:00:15.716114,2,2,138.1,0.2,138.0,100,137.7,100,,,,,,,,,,,,,,,,,138.2,100,138.5,150,,,,,,,,,,,,,,,,
2026-07-08T00:00:16.779153+00:00,2026-07-08T00:00:16.779080,2,2,138.1,0.2,138.0,54,137.7,100,,,,,,,,,,,,,,,,,138.2,100,138.5,150,,,,,,,,,,,,,,,,
2026-07-08T00:00:17.248479+00:00,2026-07-08T00:00:17.248381,2,2,138.1,0.2,138.0,54,137.7,100,,,,,,,,,,,,,,,,,138.2,57,138.5,150,,,,,,,,,,,,,,,,
2026-07-08T00:00:17.273636+00:00,2026-07-08T00:00:17.273551,1,1,138.25,0.5,138.0,54,,,,,,,,,,,,,,,,,,,138.5,150,,,,,,,,,,,,,,,,,,
2026-07-08T00:00:17.328347+00:00,2026-07-08T00:00:17.328225,2,1,138.25,0.5,138.0,54,137.9,100,,,,,,,,,,,,,,,,,138.5,150,,,,,,,,,,,,,,,,,,
2026-07-08T00:00:17.377777+00:00,2026-07-08T00:00:17.377696,2,2,138.2,0.4,138.0,54,137.9,100,,,,,,,,,,,,,,,,,138.4,100,138.5,150,,,,,,,,,,,,,,,,
2026-07-08T00:00:17.826225+00:00,2026-07-08T00:00:17.826184,2,2,138.2,0.4,138.0,4,137.9,100,,,,,,,,,,,,,,,,,138.4,100,138.5,150,,,,,,,,,,,,,,,,
2026-07-08T00:00:17.903320+00:00,2026-07-08T00:00:17.903251,2,1,138.2,0.4,138.0,4,137.9,100,,,,,,,,,,,,,,,,,138.4,100,,,,,,,,,,,,,,,,,,
2026-07-08T00:00:17.908345+00:00,2026-07-08T00:00:17.908428,1,1,138.15,0.5,137.9,100,,,,,,,,,,,,,,,,,,,138.4,100,,,,,,,,,,,,,,,,,,
2026-07-08T00:00:17.958605+00:00,2026-07-08T00:00:17.952678,2,1,138.15,0.5,137.9,100,137.3,150,,,,,,,,,,,,,,,,,138.4,100,,,,,,,,,,,,,,,,,,
2026-07-08T00:00:18.022225+00:00,2026-07-08T00:00:18.016149,1,2,137.55,0.5,137.3,150,,,,,,,,,,,,,,,,,,,137.8,16,138.4,100,,,,,,,,,,,,,,,,
2026-07-08T00:00:18.363731+00:00,2026-07-08T00:00:18.363895,1,1,137.85,1.1,137.3,150,,,,,,,,,,,,,,,,,,,138.4,100,,,,,,,,,,,,,,,,,,
2026-07-08T00:00:19.934979+00:00,2026-07-08T00:00:19.934876,1,1,137.85,1.1,137.3,100,,,,,,,,,,,,,,,,,,,138.4,100,,,,,,,,,,,,,,,,,,
2026-07-08T00:00:20.436109+00:00,2026-07-08T00:00:20.436000,1,0,,,137.3,100,,,,,,,,,,,,,,,,,,,,,,,,,,,,,,,,,,,,,,
2026-07-08T00:00:20.488799+00:00,2026-07-08T00:00:20.488968,2,0,,,137.8,100,137.3,100,,,,,,,,,,,,,,,,,,,,,,,,,,,,,,,,,,,,
2026-07-08T00:00:20.540260+00:00,2026-07-08T00:00:20.540174,2,1,138.05,0.5,137.8,100,137.3,100,,,,,,,,,,,,,,,,,138.3,100,,,,,,,,,,,,,,,,,,
2026-07-08T00:00:21.070462+00:00,2026-07-08T00:00:21.070337,1,1,138.05,0.5,137.8,100,,,,,,,,,,,,,,,,,,,138.3,100,,,,,,,,,,,,,,,,,,
2026-07-08T00:00:21.124873+00:00,2026-07-08T00:00:21.125020,2,1,138.2,0.2,138.1,150,137.8,100,,,,,,,,,,,,,,,,,138.3,100,,,,,,,,,,,,,,,,,,
2026-07-08T00:00:21.178115+00:00,2026-07-08T00:00:21.178013,2,2,138.2,0.2,138.1,150,137.8,100,,,,,,,,,,,,,,,,,138.3,100,138.6,150,,,,,,,,,,,,,,,,
2026-07-08T00:00:22.040610+00:00,2026-07-08T00:00:22.040479,2,2,138.2,0.2,138.1,100,137.8,100,,,,,,,,,,,,,,,,,138.3,100,138.6,150,,,,,,,,,,,,,,,,
2026-07-08T00:00:23.500717+00:00,2026-07-08T00:00:23.500687,2,2,138.2,0.2,138.1,54,137.8,100,,,,,,,,,,,,,,,,,138.3,100,138.6,150,,,,,,,,,,,,,,,,
2026-07-08T00:00:23.598699+00:00,2026-07-08T00:00:23.598569,1,1,138.35,0.5,138.1,54,,,,,,,,,,,,,,,,,,,138.6,150,,,,,,,,,,,,,,,,,,
2026-07-08T00:00:23.658607+00:00,2026-07-08T00:00:23.654418,2,1,138.35,0.5,138.1,54,138.0,100,,,,,,,,,,,,,,,,,138.6,150,,,,,,,,,,,,,,,,,,
2026-07-08T00:00:23.707939+00:00,2026-07-08T00:00:23.707840,2,2,138.3,0.4,138.1,54,138.0,100,,,,,,,,,,,,,,,,,138.5,100,138.6,150,,,,,,,,,,,,,,,,
2026-07-08T00:00:24.146953+00:00,2026-07-08T00:00:24.146850,2,2,138.3,0.4,138.1,4,138.0,100,,,,,,,,,,,,,,,,,138.5,100,138.6,150,,,,,,,,,,,,,,,,
2026-07-08T00:00:24.238005+00:00,2026-07-08T00:00:24.237948,1,1,138.25,0.5,138.0,100,,,,,,,,,,,,,,,,,,,138.5,100,,,,,,,,,,,,,,,,,,
2026-07-08T00:00:24.294126+00:00,2026-07-08T00:00:24.294063,2,1,138.25,0.5,138.0,100,137.6,150,,,,,,,,,,,,,,,,,138.5,100,,,,,,,,,,,,,,,,,,
2026-07-08T00:00:24.360858+00:00,2026-07-08T00:00:24.352338,2,2,138.05,0.1,138.0,100,137.6,150,,,,,,,,,,,,,,,,,138.1,138,138.5,100,,,,,,,,,,,,,,,,
2026-07-08T00:00:24.425302+00:00,2026-07-08T00:00:24.425197,2,2,138.05,0.1,138.0,100,137.6,150,,,,,,,,,,,,,,,,,138.1,96,138.5,100,,,,,,,,,,,,,,,,
2026-07-08T00:00:26.114985+00:00,2026-07-08T00:00:26.108728,2,2,138.05,0.1,138.0,100,137.6,150,,,,,,,,,,,,,,,,,138.1,85,138.5,100,,,,,,,,,,,,,,,,
2026-07-08T00:00:26.254071+00:00,2026-07-08T00:00:26.254347,2,2,138.05,0.1,138.0,50,137.6,150,,,,,,,,,,,,,,,,,138.1,85,138.5,100,,,,,,,,,,,,,,,,
2026-07-08T00:00:26.758610+00:00,2026-07-08T00:00:26.758338,1,1,137.85,0.5,137.6,150,,,,,,,,,,,,,,,,,,,138.1,85,,,,,,,,,,,,,,,,,,
2026-07-08T00:00:26.816993+00:00,2026-07-08T00:00:26.816788,2,1,138.05,0.1,138.0,100,137.6,150,,,,,,,,,,,,,,,,,138.1,85,,,,,,,,,,,,,,,,,,
2026-07-08T00:00:26.869858+00:00,2026-07-08T00:00:26.869957,2,2,138.05,0.1,138.0,100,137.6,150,,,,,,,,,,,,,,,,,138.1,85,138.5,100,,,,,,,,,,,,,,,,
2026-07-08T00:00:26.924746+00:00,2026-07-08T00:00:26.924623,2,2,138.05,0.1,138.0,60,137.6,150,,,,,,,,,,,,,,,,,138.1,85,138.5,100,,,,,,,,,,,,,,,,
2026-07-08T00:00:27.411666+00:00,2026-07-08T00:00:27.411581,1,1,138.25,0.5,138.0,60,,,,,,,,,,,,,,,,,,,138.5,100,,,,,,,,,,,,,,,,,,
2026-07-08T00:00:27.467775+00:00,2026-07-08T00:00:27.467694,1,1,138.25,0.5,138.0,210,,,,,,,,,,,,,,,,,,,138.5,100,,,,,,,,,,,,,,,,,,
2026-07-08T00:00:27.524394+00:00,2026-07-08T00:00:27.524285,1,2,138.2,0.4,138.0,210,,,,,,,,,,,,,,,,,,,138.4,150,138.5,100,,,,,,,,,,,,,,,,
2026-07-08T00:00:28.358646+00:00,2026-07-08T00:00:28.358291,1,2,138.2,0.4,138.0,160,,,,,,,,,,,,,,,,,,,138.4,150,138.5,100,,,,,,,,,,,,,,,,
2026-07-08T00:00:29.258550+00:00,2026-07-08T00:00:29.253266,1,2,138.2,0.4,138.0,160,,,,,,,,,,,,,,,,,,,138.4,106,138.5,100,,,,,,,,,,,,,,,,
2026-07-08T00:00:29.325438+00:00,2026-07-08T00:00:29.325319,1,2,138.2,0.4,138.0,113,,,,,,,,,,,,,,,,,,,138.4,106,138.5,100,,,,,,,,,,,,,,,,
2026-07-08T00:00:29.917425+00:00,2026-07-08T00:00:29.913254,1,1,138.2,0.4,138.0,113,,,,,,,,,,,,,,,,,,,138.4,106,,,,,,,,,,,,,,,,,,
2026-07-08T00:00:29.976979+00:00,2026-07-08T00:00:29.976878,2,1,138.2,0.4,138.0,113,137.8,100,,,,,,,,,,,,,,,,,138.4,106,,,,,,,,,,,,,,,,,,
2026-07-08T00:00:30.031030+00:00,2026-07-08T00:00:30.031125,2,2,138.15,0.3,138.0,113,137.8,100,,,,,,,,,,,,,,,,,138.3,100,138.4,106,,,,,,,,,,,,,,,,
2026-07-08T00:00:30.470857+00:00,2026-07-08T00:00:30.470824,2,2,138.15,0.3,138.0,63,137.8,100,,,,,,,,,,,,,,,,,138.3,100,138.4,106,,,,,,,,,,,,,,,,
2026-07-08T00:00:30.582188+00:00,2026-07-08T00:00:30.582151,1,1,138.05,0.5,137.8,100,,,,,,,,,,,,,,,,,,,138.3,100,,,,,,,,,,,,,,,,,,
2026-07-08T00:00:30.639922+00:00,2026-07-08T00:00:30.639808,1,1,138.05,0.5,137.8,250,,,,,,,,,,,,,,,,,,,138.3,100,,,,,,,,,,,,,,,,,,
2026-07-08T00:00:30.692817+00:00,2026-07-08T00:00:30.692921,1,1,138.05,0.5,137.8,250,,,,,,,,,,,,,,,,,,,138.3,250,,,,,,,,,,,,,,,,,,
2026-07-08T00:00:33.084818+00:00,2026-07-08T00:00:33.084969,1,1,138.05,0.5,137.8,150,,,,,,,,,,,,,,,,,,,138.3,150,,,,,,,,,,,,,,,,,,
2026-07-08T00:00:33.137782+00:00,2026-07-08T00:00:33.137725,1,1,138.05,0.5,137.8,250,,,,,,,,,,,,,,,,,,,138.3,150,,,,,,,,,,,,,,,,,,
2026-07-08T00:00:33.192633+00:00,2026-07-08T00:00:33.192604,1,1,138.05,0.5,137.8,250,,,,,,,,,,,,,,,,,,,138.3,250,,,,,,,,,,,,,,,,,,
2026-07-08T00:00:33.746890+00:00,2026-07-08T00:00:33.746777,1,1,138.05,0.5,137.8,100,,,,,,,,,,,,,,,,,,,138.3,100,,,,,,,,,,,,,,,,,,
2026-07-08T00:00:33.802078+00:00,2026-07-08T00:00:33.801983,2,1,138.1,0.4,137.9,150,137.8,100,,,,,,,,,,,,,,,,,138.3,100,,,,,,,,,,,,,,,,,,
2026-07-08T00:00:33.855480+00:00,2026-07-08T00:00:33.855436,2,2,138.1,0.4,137.9,150,137.8,100,,,,,,,,,,,,,,,,,138.3,100,138.4,150,,,,,,,,,,,,,,,,
2026-07-08T00:00:34.703649+00:00,2026-07-08T00:00:34.703495,2,2,138.1,0.4,137.9,100,137.8,100,,,,,,,,,,,,,,,,,138.3,100,138.4,150,,,,,,,,,,,,,,,,
2026-07-08T00:00:36.249104+00:00,2026-07-08T00:00:36.248980,1,1,138.15,0.5,137.9,100,,,,,,,,,,,,,,,,,,,138.4,150,,,,,,,,,,,,,,,,,,
2026-07-08T00:00:36.301006+00:00,2026-07-08T00:00:36.300884,2,1,138.15,0.5,137.9,100,137.8,100,,,,,,,,,,,,,,,,,138.4,150,,,,,,,,,,,,,,,,,,
2026-07-08T00:00:36.364397+00:00,2026-07-08T00:00:36.364315,2,2,138.1,0.4,137.9,100,137.8,100,,,,,,,,,,,,,,,,,138.3,100,138.4,150,,,,,,,,,,,,,,,,
2026-07-08T00:00:36.423702+00:00,2026-07-08T00:00:36.423582,2,2,138.1,0.4,137.9,100,137.8,100,,,,,,,,,,,,,,,,,138.3,54,138.4,150,,,,,,,,,,,,,,,,
2026-07-08T00:00:36.639185+00:00,2026-07-08T00:00:36.632197,2,2,138.1,0.4,137.9,100,137.8,100,,,,,,,,,,,,,,,,,138.3,48,138.4,150,,,,,,,,,,,,,,,,
2026-07-08T00:00:36.758266+00:00,2026-07-08T00:00:36.758484,2,1,138.15,0.5,137.9,100,137.8,100,,,,,,,,,,,,,,,,,138.4,148,,,,,,,,,,,,,,,,,,
2026-07-08T00:00:36.909998+00:00,2026-07-08T00:00:36.909931,1,0,,,137.8,100,,,,,,,,,,,,,,,,,,,,,,,,,,,,,,,,,,,,,,
2026-07-08T00:00:36.965844+00:00,2026-07-08T00:00:36.965744,2,0,,,137.9,150,137.8,100,,,,,,,,,,,,,,,,,,,,,,,,,,,,,,,,,,,,
2026-07-08T00:00:37.018893+00:00,2026-07-08T00:00:37.018801,2,1,138.15,0.5,137.9,150,137.8,100,,,,,,,,,,,,,,,,,138.4,150,,,,,,,,,,,,,,,,,,
2026-07-08T00:00:38.871337+00:00,2026-07-08T00:00:38.871225,2,1,138.15,0.5,137.9,150,137.8,100,,,,,,,,,,,,,,,,,138.4,100,,,,,,,,,,,,,,,,,,
2026-07-08T00:00:39.421150+00:00,2026-07-08T00:00:39.421024,1,1,138.15,0.5,137.9,150,,,,,,,,,,,,,,,,,,,138.4,100,,,,,,,,,,,,,,,,,,
2026-07-08T00:00:39.469600+00:00,2026-07-08T00:00:39.469725,2,1,138.35,0.1,138.3,100,137.9,150,,,,,,,,,,,,,,,,,138.4,100,,,,,,,,,,,,,,,,,,
2026-07-08T00:00:39.528621+00:00,2026-07-08T00:00:39.528482,2,2,138.35,0.1,138.3,100,137.9,150,,,,,,,,,,,,,,,,,138.4,100,138.8,100,,,,,,,,,,,,,,,,
2026-07-08T00:00:40.074891+00:00,2026-07-08T00:00:40.074870,1,1,138.55,0.5,138.3,100,,,,,,,,,,,,,,,,,,,138.8,100,,,,,,,,,,,,,,,,,,
2026-07-08T00:00:40.130550+00:00,2026-07-08T00:00:40.130449,2,1,138.55,0.5,138.3,100,138.1,150,,,,,,,,,,,,,,,,,138.8,100,,,,,,,,,,,,,,,,,,
2026-07-08T00:00:40.185532+00:00,2026-07-08T00:00:40.185472,2,2,138.45,0.3,138.3,100,138.1,150,,,,,,,,,,,,,,,,,138.6,150,138.8,100,,,,,,,,,,,,,,,,
2026-07-08T00:00:40.977849+00:00,2026-07-08T00:00:40.977710,2,2,138.45,0.3,138.3,100,138.1,150,,,,,,,,,,,,,,,,,138.6,100,138.8,100,,,,,,,,,,,,,,,,
2026-07-08T00:00:42.579911+00:00,2026-07-08T00:00:42.579872,1,1,138.35,0.5,138.1,150,,,,,,,,,,,,,,,,,,,138.6,100,,,,,,,,,,,,,,,,,,
2026-07-08T00:00:42.636790+00:00,2026-07-08T00:00:42.636682,2,1,138.45,0.3,138.3,100,138.1,150,,,,,,,,,,,,,,,,,138.6,100,,,,,,,,,,,,,,,,,,
2026-07-08T00:00:42.690438+00:00,2026-07-08T00:00:42.690323,2,2,138.45,0.3,138.3,100,138.1,150,,,,,,,,,,,,,,,,,138.6,100,138.8,100,,,,,,,,,,,,,,,,
2026-07-08T00:00:43.086050+00:00,2026-07-08T00:00:43.085938,2,2,138.45,0.3,138.3,100,138.1,150,,,,,,,,,,,,,,,,,138.6,50,138.8,100,,,,,,,,,,,,,,,,
2026-07-08T00:00:43.258580+00:00,2026-07-08T00:00:43.255555,1,1,138.55,0.5,138.3,100,,,,,,,,,,,,,,,,,,,138.8,100,,,,,,,,,,,,,,,,,,
2026-07-08T00:00:43.318400+00:00,2026-07-08T00:00:43.318337,2,1,138.7,0.2,138.6,150,138.3,100,,,,,,,,,,,,,,,,,138.8,100,,,,,,,,,,,,,,,,,,
2026-07-08T00:00:43.371352+00:00,2026-07-08T00:00:43.371291,2,2,138.7,0.2,138.6,150,138.3,100,,,,,,,,,,,,,,,,,138.8,100,139.1,150,,,,,,,,,,,,,,,,
2026-07-08T00:00:44.508903+00:00,2026-07-08T00:00:44.502612,2,2,138.7,0.2,138.6,144,138.3,100,,,,,,,,,,,,,,,,,138.8,100,139.1,150,,,,,,,,,,,,,,,,
2026-07-08T00:00:45.196698+00:00,2026-07-08T00:00:45.196645,2,2,138.7,0.2,138.6,144,138.3,100,,,,,,,,,,,,,,,,,138.8,50,139.1,150,,,,,,,,,,,,,,,,
2026-07-08T00:00:45.746357+00:00,2026-07-08T00:00:45.746258,1,1,138.85,0.5,138.6,144,,,,,,,,,,,,,,,,,,,139.1,150,,,,,,,,,,,,,,,,,,
2026-07-08T00:00:45.804407+00:00,2026-07-08T00:00:45.804312,2,1,138.85,0.5,138.6,144,138.5,100,,,,,,,,,,,,,,,,,139.1,150,,,,,,,,,,,,,,,,,,
2026-07-08T00:00:45.826251+00:00,2026-07-08T00:00:45.819346,2,1,138.85,0.5,138.6,133,138.5,100,,,,,,,,,,,,,,,,,139.1,150,,,,,,,,,,,,,,,,,,
2026-07-08T00:00:45.861313+00:00,2026-07-08T00:00:45.861215,2,2,138.8,0.4,138.6,133,138.5,100,,,,,,,,,,,,,,,,,139.0,100,139.1,150,,,,,,,,,,,,,,,,
2026-07-08T00:00:46.426209+00:00,2026-07-08T00:00:46.426140,1,1,138.75,0.5,138.5,100,,,,,,,,,,,,,,,,,,,139.0,100,,,,,,,,,,,,,,,,,,
2026-07-08T00:00:46.481289+00:00,2026-07-08T00:00:46.481189,2,1,138.75,0.5,138.5,100,138.3,150,,,,,,,,,,,,,,,,,139.0,100,,,,,,,,,,,,,,,,,,
2026-07-08T00:00:46.533845+00:00,2026-07-08T00:00:46.533813,2,2,138.65,0.3,138.5,100,138.3,150,,,,,,,,,,,,,,,,,138.8,150,139.0,100,,,,,,,,,,,,,,,,
2026-07-08T00:00:47.303326+00:00,2026-07-08T00:00:47.303215,2,2,138.65,0.3,138.5,100,138.3,150,,,,,,,,,,,,,,,,,138.8,100,139.0,100,,,,,,,,,,,,,,,,
2026-07-08T00:00:48.455854+00:00,2026-07-08T00:00:48.455725,2,2,138.65,0.3,138.5,58,138.3,150,,,,,,,,,,,,,,,,,138.8,100,139.0,100,,,,,,,,,,,,,,,,
2026-07-08T00:00:48.915621+00:00,2026-07-08T00:00:48.915769,1,1,138.55,0.5,138.3,150,,,,,,,,,,,,,,,,,,,138.8,100,,,,,,,,,,,,,,,,,,
2026-07-08T00:00:48.970200+00:00,2026-07-08T00:00:48.970137,1,1,138.55,0.5,138.3,250,,,,,,,,,,,,,,,,,,,138.8,100,,,,,,,,,,,,,,,,,,
2026-07-08T00:00:49.023534+00:00,2026-07-08T00:00:49.023465,1,1,138.55,0.5,138.3,250,,,,,,,,,,,,,,,,,,,138.8,200,,,,,,,,,,,,,,,,,,
2026-07-08T00:00:49.407324+00:00,2026-07-08T00:00:49.407260,1,1,138.55,0.5,138.3,250,,,,,,,,,,,,,,,,,,,138.8,150,,,,,,,,,,,,,,,,,,
2026-07-08T00:00:49.436126+00:00,2026-07-08T00:00:49.436269,1,1,138.55,0.5,138.3,206,,,,,,,,,,,,,,,,,,,138.8,150,,,,,,,,,,,,,,,,,,
2026-07-08T00:00:49.588797+00:00,2026-07-08T00:00:49.588694,1,1,138.55,0.5,138.3,100,,,,,,,,,,,,,,,,,,,138.8,100,,,,,,,,,,,,,,,,,,
2026-07-08T00:00:49.642061+00:00,2026-07-08T00:00:49.642002,2,1,138.75,0.1,138.7,150,138.3,100,,,,,,,,,,,,,,,,,138.8,100,,,,,,,,,,,,,,,,,,
2026-07-08T00:00:49.694751+00:00,2026-07-08T00:00:49.694705,2,2,138.75,0.1,138.7,150,138.3,100,,,,,,,,,,,,,,,,,138.8,100,139.2,150,,,,,,,,,,,,,,,,
2026-07-08T00:00:49.763143+00:00,2026-07-08T00:00:49.756787,2,2,138.75,0.1,138.7,138,138.3,100,,,,,,,,,,,,,,,,,138.8,100,139.2,150,,,,,,,,,,,,,,,,
2026-07-08T00:00:51.058682+00:00,2026-07-08T00:00:51.056205,2,2,138.75,0.1,138.7,138,138.3,100,,,,,,,,,,,,,,,,,138.8,58,139.2,150,,,,,,,,,,,,,,,,
2026-07-08T00:00:51.515555+00:00,2026-07-08T00:00:51.515453,2,2,138.75,0.1,138.7,138,138.3,100,,,,,,,,,,,,,,,,,138.8,8,139.2,150,,,,,,,,,,,,,,,,
2026-07-08T00:00:52.077891+00:00,2026-07-08T00:00:52.077833,1,1,138.95,0.5,138.7,138,,,,,,,,,,,,,,,,,,,139.2,150,,,,,,,,,,,,,,,,,,
2026-07-08T00:00:52.133205+00:00,2026-07-08T00:00:52.133388,2,1,138.95,0.5,138.7,138,138.5,100,,,,,,,,,,,,,,,,,139.2,150,,,,,,,,,,,,,,,,,,
2026-07-08T00:00:52.184566+00:00,2026-07-08T00:00:52.184482,2,2,138.85,0.3,138.7,138,138.5,100,,,,,,,,,,,,,,,,,139.0,100,139.2,150,,,,,,,,,,,,,,,,
2026-07-08T00:00:52.385522+00:00,2026-07-08T00:00:52.378479,2,2,138.85,0.3,138.7,127,138.5,100,,,,,,,,,,,,,,,,,139.0,100,139.2,150,,,,,,,,,,,,,,,,
2026-07-08T00:00:52.749528+00:00,2026-07-08T00:00:52.749482,1,1,138.75,0.5,138.5,100,,,,,,,,,,,,,,,,,,,139.0,100,,,,,,,,,,,,,,,,,,
2026-07-08T00:00:52.804089+00:00,2026-07-08T00:00:52.804009,2,1,138.75,0.5,138.5,100,138.4,150,,,,,,,,,,,,,,,,,139.0,100,,,,,,,,,,,,,,,,,,
2026-07-08T00:00:52.874955+00:00,2026-07-08T00:00:52.874744,2,2,138.7,0.4,138.5,100,138.4,150,,,,,,,,,,,,,,,,,138.9,150,139.0,100,,,,,,,,,,,,,,,,
2026-07-08T00:00:53.107291+00:00,2026-07-08T00:00:53.107192,2,2,138.7,0.4,138.5,51,138.4,150,,,,,,,,,,,,,,,,,138.9,150,139.0,100,,,,,,,,,,,,,,,,
2026-07-08T00:00:53.621917+00:00,2026-07-08T00:00:53.621775,2,2,138.7,0.4,138.5,51,138.4,150,,,,,,,,,,,,,,,,,138.9,100,139.0,100,,,,,,,,,,,,,,,,
2026-07-08T00:00:55.179891+00:00,2026-07-08T00:00:55.179845,2,2,138.7,0.4,138.5,51,138.4,150,,,,,,,,,,,,,,,,,138.9,55,139.0,100,,,,,,,,,,,,,,,,
2026-07-08T00:00:55.241226+00:00,2026-07-08T00:00:55.241102,1,1,138.65,0.5,138.4,150,,,,,,,,,,,,,,,,,,,138.9,55,,,,,,,,,,,,,,,,,,
2026-07-08T00:00:55.291082+00:00,2026-07-08T00:00:55.290982,2,1,138.65,0.5,138.4,150,138.2,100,,,,,,,,,,,,,,,,,138.9,55,,,,,,,,,,,,,,,,,,
2026-07-08T00:00:55.348656+00:00,2026-07-08T00:00:55.348578,2,2,138.55,0.3,138.4,150,138.2,100,,,,,,,,,,,,,,,,,138.7,100,138.9,55,,,,,,,,,,,,,,,,
2026-07-08T00:00:55.729366+00:00,2026-07-08T00:00:55.729258,2,2,138.55,0.3,138.4,150,138.2,100,,,,,,,,,,,,,,,,,138.7,50,138.9,55,,,,,,,,,,,,,,,,
2026-07-08T00:00:55.929207+00:00,2026-07-08T00:00:55.929185,1,1,138.45,0.5,138.2,100,,,,,,,,,,,,,,,,,,,138.7,50,,,,,,,,,,,,,,,,,,
2026-07-08T00:00:55.991158+00:00,2026-07-08T00:00:55.991104,2,0,,,138.7,100,138.2,100,,,,,,,,,,,,,,,,,,,,,,,,,,,,,,,,,,,,
2026-07-08T00:00:56.044364+00:00,2026-07-08T00:00:56.044226,2,1,138.95,0.5,138.7,100,138.2,100,,,,,,,,,,,,,,,,,139.2,150,,,,,,,,,,,,,,,,,,
2026-07-08T00:00:56.758617+00:00,2026-07-08T00:00:56.755834,2,1,138.95,0.5,138.7,56,138.2,100,,,,,,,,,,,,,,,,,139.2,150,,,,,,,,,,,,,,,,,,
2026-07-08T00:00:57.208860+00:00,2026-07-08T00:00:57.202871,2,1,138.95,0.5,138.7,45,138.2,100,,,,,,,,,,,,,,,,,139.2,150,,,,,,,,,,,,,,,,,,
2026-07-08T00:00:57.837918+00:00,2026-07-08T00:00:57.837804,2,1,138.95,0.5,138.7,45,138.2,100,,,,,,,,,,,,,,,,,139.2,100,,,,,,,,,,,,,,,,,,
2026-07-08T00:00:58.416785+00:00,2026-07-08T00:00:58.416715,1,1,138.95,0.5,138.7,45,,,,,,,,,,,,,,,,,,,139.2,100,,,,,,,,,,,,,,,,,,
2026-07-08T00:00:58.470502+00:00,2026-07-08T00:00:58.470387,2,1,138.95,0.5,138.7,45,138.4,100,,,,,,,,,,,,,,,,,139.2,100,,,,,,,,,,,,,,,,,,
2026-07-08T00:00:58.523365+00:00,2026-07-08T00:00:58.523248,2,2,138.8,0.2,138.7,45,138.4,100,,,,,,,,,,,,,,,,,138.9,100,139.2,100,,,,,,,,,,,,,,,,
2026-07-08T00:00:59.100035+00:00,2026-07-08T00:00:59.099975,1,1,138.65,0.5,138.4,100,,,,,,,,,,,,,,,,,,,138.9,100,,,,,,,,,,,,,,,,,,
2026-07-08T00:00:59.163897+00:00,2026-07-08T00:00:59.163989,1,1,138.65,0.5,138.4,250,,,,,,,,,,,,,,,,,,,138.9,100,,,,,,,,,,,,,,,,,,
2026-07-08T00:00:59.218269+00:00,2026-07-08T00:00:59.218234,1,1,138.65,0.5,138.4,250,,,,,,,,,,,,,,,,,,,138.9,250,,,,,,,,,,,,,,,,,,
2026-07-08T00:00:59.956185+00:00,2026-07-08T00:00:59.956293,1,1,138.65,0.5,138.4,250,,,,,,,,,,,,,,,,,,,138.9,200,,,,,,,,,,,,,,,,,,
2026-07-08T00:01:01.578469+00:00,2026-07-08T00:01:01.578321,1,1,138.65,0.5,138.4,150,,,,,,,,,,,,,,,,,,,138.9,150,,,,,,,,,,,,,,,,,,
2026-07-08T00:01:01.633249+00:00,2026-07-08T00:01:01.633218,2,1,138.8,0.2,138.7,100,138.4,150,,,,,,,,,,,,,,,,,138.9,150,,,,,,,,,,,,,,,,,,
2026-07-08T00:01:01.687295+00:00,2026-07-08T00:01:01.687136,2,2,138.8,0.2,138.7,100,138.4,150,,,,,,,,,,,,,,,,,138.9,150,139.2,100,,,,,,,,,,,,,,,,
2026-07-08T00:01:02.055555+00:00,2026-07-08T00:01:02.055451,2,2,138.8,0.2,138.7,100,138.4,150,,,,,,,,,,,,,,,,,138.9,100,139.2,100,,,,,,,,,,,,,,,,
2026-07-08T00:01:02.273884+00:00,2026-07-08T00:01:02.273766,1,1,138.95,0.5,138.7,100,,,,,,,,,,,,,,,,,,,139.2,100,,,,,,,,,,,,,,,,,,
2026-07-08T00:01:02.329981+00:00,2026-07-08T00:01:02.329912,2,1,139.0,0.4,138.8,150,138.7,100,,,,,,,,,,,,,,,,,139.2,100,,,,,,,,,,,,,,,,,,
2026-07-08T00:01:02.383308+00:00,2026-07-08T00:01:02.383123,2,2,139.0,0.4,138.8,150,138.7,100,,,,,,,,,,,,,,,,,139.2,100,139.3,150,,,,,,,,,,,,,,,,
2026-07-08T00:01:04.163912+00:00,2026-07-08T00:01:04.163797,2,2,139.0,0.4,138.8,150,138.7,100,,,,,,,,,,,,,,,,,139.2,50,139.3,150,,,,,,,,,,,,,,,,
2026-07-08T00:01:04.741490+00:00,2026-07-08T00:01:04.741407,1,1,139.05,0.5,138.8,150,,,,,,,,,,,,,,,,,,,139.3,150,,,,,,,,,,,,,,,,,,
2026-07-08T00:01:04.796445+00:00,2026-07-08T00:01:04.796408,1,1,139.05,0.5,138.8,250,,,,,,,,,,,,,,,,,,,139.3,150,,,,,,,,,,,,,,,,,,
2026-07-08T00:01:04.849512+00:00,2026-07-08T00:01:04.849404,1,1,139.05,0.5,138.8,250,,,,,,,,,,,,,,,,,,,139.3,250,,,,,,,,,,,,,,,,,,
2026-07-08T00:01:05.437640+00:00,2026-07-08T00:01:05.437759,1,1,139.05,0.5,138.8,100,,,,,,,,,,,,,,,,,,,139.3,100,,,,,,,,,,,,,,,,,,
2026-07-08T00:01:05.488439+00:00,2026-07-08T00:01:05.488396,2,1,139.05,0.5,138.8,100,138.7,150,,,,,,,,,,,,,,,,,139.3,100,,,,,,,,,,,,,,,,,,
2026-07-08T00:01:05.545609+00:00,2026-07-08T00:01:05.545519,2,2,139.0,0.4,138.8,100,138.7,150,,,,,,,,,,,,,,,,,139.2,150,139.3,100,,,,,,,,,,,,,,,,
2026-07-08T00:01:05.922110+00:00,2026-07-08T00:01:05.922063,2,2,139.0,0.4,138.8,58,138.7,150,,,,,,,,,,,,,,,,,139.2,150,139.3,100,,,,,,,,,,,,,,,,
2026-07-08T00:01:06.328110+00:00,2026-07-08T00:01:06.328060,2,2,139.0,0.4,138.8,8,138.7,150,,,,,,,,,,,,,,,,,139.2,150,139.3,100,,,,,,,,,,,,,,,,
2026-07-08T00:01:07.903325+00:00,2026-07-08T00:01:07.903299,1,1,138.95,0.5,138.7,150,,,,,,,,,,,,,,,,,,,139.2,150,,,,,,,,,,,,,,,,,,
2026-07-08T00:01:07.958603+00:00,2026-07-08T00:01:07.952159,1,1,138.95,0.5,138.7,250,,,,,,,,,,,,,,,,,,,139.2,150,,,,,,,,,,,,,,,,,,
2026-07-08T00:01:08.010099+00:00,2026-07-08T00:01:08.010179,1,1,138.95,0.5,138.7,250,,,,,,,,,,,,,,,,,,,139.2,250,,,,,,,,,,,,,,,,,,
2026-07-08T00:01:08.137570+00:00,2026-07-08T00:01:08.137717,1,1,138.95,0.5,138.7,250,,,,,,,,,,,,,,,,,,,139.2,202,,,,,,,,,,,,,,,,,,
2026-07-08T00:01:08.599476+00:00,2026-07-08T00:01:08.599357,1,1,138.95,0.5,138.7,100,,,,,,,,,,,,,,,,,,,139.2,100,,,,,,,,,,,,,,,,,,
2026-07-08T00:01:08.656861+00:00,2026-07-08T00:01:08.651476,2,1,139.05,0.3,138.9,138,138.7,100,,,,,,,,,,,,,,,,,139.2,100,,,,,,,,,,,,,,,,,,
2026-07-08T00:01:08.707007+00:00,2026-07-08T00:01:08.707099,2,2,139.05,0.3,138.9,138,138.7,100,,,,,,,,,,,,,,,,,139.2,100,139.4,150,,,,,,,,,,,,,,,,
2026-07-08T00:01:09.332950+00:00,2026-07-08T00:01:09.326120,2,2,139.05,0.3,138.9,127,138.7,100,,,,,,,,,,,,,,,,,139.2,100,139.4,150,,,,,,,,,,,,,,,,
2026-07-08T00:01:09.744453+00:00,2026-07-08T00:01:09.744414,2,2,139.05,0.3,138.9,81,138.7,100,,,,,,,,,,,,,,,,,139.2,100,139.4,150,,,,,,,,,,,,,,,,
2026-07-08T00:01:10.291784+00:00,2026-07-08T00:01:10.291649,2,2,139.05,0.3,138.9,40,138.7,100,,,,,,,,,,,,,,,,,139.2,100,139.4,150,,,,,,,,,,,,,,,,
2026-07-08T00:01:10.541074+00:00,2026-07-08T00:01:10.540944,1,2,138.95,0.5,138.7,90,,,,,,,,,,,,,,,,,,,139.2,100,139.4,150,,,,,,,,,,,,,,,,
2026-07-08T00:01:11.065838+00:00,2026-07-08T00:01:11.065748,0,1,,,,,,,,,,,,,,,,,,,,,,,139.4,150,,,,,,,,,,,,,,,,,,
2026-07-08T00:01:11.115692+00:00,2026-07-08T00:01:11.115582,1,1,138.9,1.0,138.4,100,,,,,,,,,,,,,,,,,,,139.4,150,,,,,,,,,,,,,,,,,,
2026-07-08T00:01:11.173068+00:00,2026-07-08T00:01:11.173150,1,2,138.65,0.5,138.4,100,,,,,,,,,,,,,,,,,,,138.9,100,139.4,150,,,,,,,,,,,,,,,,
2026-07-08T00:01:11.758570+00:00,2026-07-08T00:01:11.754724,1,1,138.65,0.5,138.4,100,,,,,,,,,,,,,,,,,,,138.9,100,,,,,,,,,,,,,,,,,,
2026-07-08T00:01:11.815007+00:00,2026-07-08T00:01:11.814922,2,1,138.65,0.5,138.4,100,138.2,150,,,,,,,,,,,,,,,,,138.9,100,,,,,,,,,,,,,,,,,,
2026-07-08T00:01:11.867946+00:00,2026-07-08T00:01:11.868043,2,2,138.55,0.3,138.4,100,138.2,150,,,,,,,,,,,,,,,,,138.7,150,138.9,100,,,,,,,,,,,,,,,,
2026-07-08T00:01:12.645924+00:00,2026-07-08T00:01:12.645869,2,2,138.55,0.3,138.4,50,138.2,150,,,,,,,,,,,,,,,,,138.7,150,138.9,100,,,,,,,,,,,,,,,,
2026-07-08T00:01:13.973545+00:00,2026-07-08T00:01:13.973482,2,2,138.55,0.3,138.4,50,138.2,150,,,,,,,,,,,,,,,,,138.7,102,138.9,100,,,,,,,,,,,,,,,,
2026-07-08T00:01:14.227886+00:00,2026-07-08T00:01:14.227847,1,1,138.45,0.5,138.2,150,,,,,,,,,,,,,,,,,,,138.7,102,,,,,,,,,,,,,,,,,,
2026-07-08T00:01:14.283322+00:00,2026-07-08T00:01:14.283273,1,1,138.45,0.5,138.2,250,,,,,,,,,,,,,,,,,,,138.7,102,,,,,,,,,,,,,,,,,,
2026-07-08T00:01:14.337534+00:00,2026-07-08T00:01:14.337422,1,1,138.45,0.5,138.2,250,,,,,,,,,,,,,,,,,,,138.7,202,,,,,,,,,,,,,,,,,,
2026-07-08T00:01:14.609570+00:00,2026-07-08T00:01:14.609521,1,1,138.45,0.5,138.2,250,,,,,,,,,,,,,,,,,,,138.7,154,,,,,,,,,,,,,,,,,,
2026-07-08T00:01:14.758711+00:00,2026-07-08T00:01:14.756842,1,1,138.45,0.5,138.2,200,,,,,,,,,,,,,,,,,,,138.7,154,,,,,,,,,,,,,,,,,,
2026-07-08T00:01:14.919975+00:00,2026-07-08T00:01:14.919887,1,1,138.45,0.5,138.2,100,,,,,,,,,,,,,,,,,,,138.7,100,,,,,,,,,,,,,,,,,,
2026-07-08T00:01:14.973295+00:00,2026-07-08T00:01:14.973245,2,1,138.45,0.5,138.2,100,138.1,150,,,,,,,,,,,,,,,,,138.7,100,,,,,,,,,,,,,,,,,,
2026-07-08T00:01:15.029361+00:00,2026-07-08T00:01:15.029250,2,2,138.4,0.4,138.2,100,138.1,150,,,,,,,,,,,,,,,,,138.6,150,138.7,100,,,,,,,,,,,,,,,,
2026-07-08T00:01:15.250791+00:00,2026-07-08T00:01:15.244590,2,2,138.4,0.4,138.2,100,138.1,150,,,,,,,,,,,,,,,,,138.6,139,138.7,100,,,,,,,,,,,,,,,,
2026-07-08T00:01:16.813100+00:00,2026-07-08T00:01:16.813043,2,2,138.4,0.4,138.2,100,138.1,150,,,,,,,,,,,,,,,,,138.6,89,138.7,100,,,,,,,,,,,,,,,,
2026-07-08T00:01:17.298496+00:00,2026-07-08T00:01:17.292663,2,2,138.4,0.4,138.2,100,138.1,150,,,,,,,,,,,,,,,,,138.6,77,138.7,100,,,,,,,,,,,,,,,,
2026-07-08T00:01:17.392400+00:00,2026-07-08T00:01:17.392554,1,1,138.35,0.5,138.1,150,,,,,,,,,,,,,,,,,,,138.6,77,,,,,,,,,,,,,,,,,,
2026-07-08T00:01:17.447569+00:00,2026-07-08T00:01:17.447495,2,1,138.5,0.2,138.4,100,138.1,150,,,,,,,,,,,,,,,,,138.6,77,,,,,,,,,,,,,,,,,,
2026-07-08T00:01:17.499648+00:00,2026-07-08T00:01:17.499547,2,2,138.5,0.2,138.4,100,138.1,150,,,,,,,,,,,,,,,,,138.6,77,138.9,100,,,,,,,,,,,,,,,,
2026-07-08T00:01:18.085693+00:00,2026-07-08T00:01:18.085649,1,1,138.65,0.5,138.4,100,,,,,,,,,,,,,,,,,,,138.9,100,,,,,,,,,,,,,,,,,,
2026-07-08T00:01:18.141723+00:00,2026-07-08T00:01:18.141612,2,1,138.85,0.1,138.8,150,138.4,100,,,,,,,,,,,,,,,,,138.9,100,,,,,,,,,,,,,,,,,,
2026-07-08T00:01:18.195157+00:00,2026-07-08T00:01:18.195040,2,2,138.85,0.1,138.8,150,138.4,100,,,,,,,,,,,,,,,,,138.9,100,139.3,150,,,,,,,,,,,,,,,,
2026-07-08T00:01:18.302195+00:00,2026-07-08T00:01:18.302019,2,2,138.85,0.1,138.8,150,138.4,100,,,,,,,,,,,,,,,,,138.9,56,139.3,150,,,,,,,,,,,,,,,,
2026-07-08T00:01:18.613899+00:00,2026-07-08T00:01:18.608715,2,2,138.85,0.1,138.8,138,138.4,100,,,,,,,,,,,,,,,,,138.9,56,139.3,150,,,,,,,,,,,,,,,,
2026-07-08T00:01:18.975100+00:00,2026-07-08T00:01:18.975039,2,2,138.85,0.1,138.8,88,138.4,100,,,,,,,,,,,,,,,,,138.9,56,139.3,150,,,,,,,,,,,,,,,,
2026-07-08T00:01:19.425891+00:00,2026-07-08T00:01:19.425811,2,2,138.85,0.1,138.8,42,138.4,100,,,,,,,,,,,,,,,,,138.9,56,139.3,150,,,,,,,,,,,,,,,,
2026-07-08T00:01:19.892421+00:00,2026-07-08T00:01:19.892299,1,2,138.65,0.5,138.4,96,,,,,,,,,,,,,,,,,,,138.9,56,139.3,150,,,,,,,,,,,,,,,,
2026-07-08T00:01:20.555163+00:00,2026-07-08T00:01:20.555331,0,1,,,,,,,,,,,,,,,,,,,,,,,139.3,150,,,,,,,,,,,,,,,,,,
2026-07-08T00:01:20.610267+00:00,2026-07-08T00:01:20.610167,1,1,138.8,1.0,138.3,100,,,,,,,,,,,,,,,,,,,139.3,150,,,,,,,,,,,,,,,,,,
2026-07-08T00:01:20.657869+00:00,2026-07-08T00:01:20.657980,1,2,138.55,0.5,138.3,100,,,,,,,,,,,,,,,,,,,138.8,100,139.3,150,,,,,,,,,,,,,,,,
2026-07-08T00:01:21.031718+00:00,2026-07-08T00:01:21.031559,1,2,138.55,0.5,138.3,100,,,,,,,,,,,,,,,,,,,138.8,50,139.3,150,,,,,,,,,,,,,,,,
2026-07-08T00:01:21.058667+00:00,2026-07-08T00:01:21.053659,1,2,138.55,0.5,138.3,100,,,,,,,,,,,,,,,,,,,138.8,3,139.3,150,,,,,,,,,,,,,,,,
2026-07-08T00:01:21.249762+00:00,2026-07-08T00:01:21.249646,1,1,138.55,0.5,138.3,100,,,,,,,,,,,,,,,,,,,138.8,3,,,,,,,,,,,,,,,,,,
2026-07-08T00:01:21.308835+00:00,2026-07-08T00:01:21.308742,2,1,138.55,0.5,138.3,100,138.1,150,,,,,,,,,,,,,,,,,138.8,3,,,,,,,,,,,,,,,,,,
2026-07-08T00:01:21.364752+00:00,2026-07-08T00:01:21.364654,2,2,138.45,0.3,138.3,100,138.1,150,,,,,,,,,,,,,,,,,138.6,150,138.8,3,,,,,,,,,,,,,,,,
2026-07-08T00:01:21.428862+00:00,2026-07-08T00:01:21.422949,2,2,138.45,0.3,138.3,100,138.1,150,,,,,,,,,,,,,,,,,138.6,138,138.8,3,,,,,,,,,,,,,,,,
2026-07-08T00:01:21.702690+00:00,2026-07-08T00:01:21.702578,2,2,138.45,0.3,138.3,100,138.1,150,,,,,,,,,,,,,,,,,138.6,95,138.8,3,,,,,,,,,,,,,,,,
2026-07-08T00:01:22.295702+00:00,2026-07-08T00:01:22.295594,2,2,138.45,0.3,138.3,60,138.1,150,,,,,,,,,,,,,,,,,138.6,95,138.8,3,,,,,,,,,,,,,,,,
2026-07-08T00:01:23.141843+00:00,2026-07-08T00:01:23.141715,2,2,138.45,0.3,138.3,60,138.1,150,,,,,,,,,,,,,,,,,138.6,45,138.8,3,,,,,,,,,,,,,,,,
2026-07-08T00:01:23.739890+00:00,2026-07-08T00:01:23.739790,2,1,138.45,0.3,138.3,60,138.1,150,,,,,,,,,,,,,,,,,138.6,45,,,,,,,,,,,,,,,,,,
2026-07-08T00:01:23.745150+00:00,2026-07-08T00:01:23.744961,1,1,138.35,0.5,138.1,150,,,,,,,,,,,,,,,,,,,138.6,45,,,,,,,,,,,,,,,,,,
2026-07-08T00:01:23.799606+00:00,2026-07-08T00:01:23.799453,2,1,138.5,0.2,138.4,100,138.1,150,,,,,,,,,,,,,,,,,138.6,45,,,,,,,,,,,,,,,,,,
2026-07-08T00:01:23.858555+00:00,2026-07-08T00:01:23.853590,2,2,138.5,0.2,138.4,100,138.1,150,,,,,,,,,,,,,,,,,138.6,45,138.9,100,,,,,,,,,,,,,,,,
2026-07-08T00:01:24.416902+00:00,2026-07-08T00:01:24.416757,2,1,138.65,0.5,138.4,100,138.1,150,,,,,,,,,,,,,,,,,138.9,100,,,,,,,,,,,,,,,,,,
2026-07-08T00:01:24.422113+00:00,2026-07-08T00:01:24.421963,1,1,138.65,0.5,138.4,100,,,,,,,,,,,,,,,,,,,138.9,100,,,,,,,,,,,,,,,,,,
2026-07-08T00:01:24.475406+00:00,2026-07-08T00:01:24.475360,2,1,138.7,0.4,138.5,150,138.4,100,,,,,,,,,,,,,,,,,138.9,100,,,,,,,,,,,,,,,,,,
2026-07-08T00:01:24.523196+00:00,2026-07-08T00:01:24.523070,2,2,138.7,0.4,138.5,150,138.4,100,,,,,,,,,,,,,,,,,138.9,100,139.0,150,,,,,,,,,,,,,,,,
2026-07-08T00:01:25.247410+00:00,2026-07-08T00:01:25.247575,2,2,138.7,0.4,138.5,150,138.4,100,,,,,,,,,,,,,,,,,138.9,50,139.0,150,,,,,,,,,,,,,,,,
2026-07-08T00:01:26.641549+00:00,2026-07-08T00:01:26.641424,2,2,138.7,0.4,138.5,150,138.4,100,,,,,,,,,,,,,,,,,138.9,7,139.0,150,,,,,,,,,,,,,,,,
2026-07-08T00:01:26.904809+00:00,2026-07-08T00:01:26.904920,1,1,138.75,0.5,138.5,150,,,,,,,,,,,,,,,,,,,139.0,150,,,,,,,,,,,,,,,,,,
2026-07-08T00:01:26.969599+00:00,2026-07-08T00:01:26.962954,2,1,138.9,0.2,138.8,88,138.5,150,,,,,,,,,,,,,,,,,139.0,150,,,,,,,,,,,,,,,,,,
2026-07-08T00:01:27.013668+00:00,2026-07-08T00:01:27.013840,2,2,138.9,0.2,138.8,88,138.5,150,,,,,,,,,,,,,,,,,139.0,150,139.3,100,,,,,,,,,,,,,,,,
2026-07-08T00:01:27.369100+00:00,2026-07-08T00:01:27.368874,2,2,138.9,0.2,138.8,88,138.5,150,,,,,,,,,,,,,,,,,139.0,100,139.3,100,,,,,,,,,,,,,,,,
2026-07-08T00:01:27.578987+00:00,2026-07-08T00:01:27.578842,2,1,139.05,0.5,138.8,88,138.5,150,,,,,,,,,,,,,,,,,139.3,100,,,,,,,,,,,,,,,,,,
2026-07-08T00:01:27.584119+00:00,2026-07-08T00:01:27.584017,1,1,139.05,0.5,138.8,88,,,,,,,,,,,,,,,,,,,139.3,100,,,,,,,,,,,,,,,,,,
2026-07-08T00:01:27.632247+00:00,2026-07-08T00:01:27.632385,2,1,139.05,0.5,138.8,88,138.7,150,,,,,,,,,,,,,,,,,139.3,100,,,,,,,,,,,,,,,,,,
2026-07-08T00:01:27.687773+00:00,2026-07-08T00:01:27.687712,2,2,139.0,0.4,138.8,88,138.7,150,,,,,,,,,,,,,,,,,139.2,150,139.3,100,,,,,,,,,,,,,,,,
2026-07-08T00:01:28.789298+00:00,2026-07-08T00:01:28.789381,2,2,139.0,0.4,138.8,46,138.7,150,,,,,,,,,,,,,,,,,139.2,150,139.3,100,,,,,,,,,,,,,,,,
2026-07-08T00:01:29.131620+00:00,2026-07-08T00:01:29.125584,2,2,139.0,0.4,138.8,23,138.7,150,,,,,,,,,,,,,,,,,139.2,150,139.3,100,,,,,,,,,,,,,,,,
2026-07-08T00:01:30.069373+00:00,2026-07-08T00:01:30.069248,1,1,138.95,0.5,138.7,150,,,,,,,,,,,,,,,,,,,139.2,150,,,,,,,,,,,,,,,,,,
2026-07-08T00:01:30.124804+00:00,2026-07-08T00:01:30.124689,2,1,138.95,0.5,138.7,150,138.4,100,,,,,,,,,,,,,,,,,139.2,150,,,,,,,,,,,,,,,,,,
2026-07-08T00:01:30.178011+00:00,2026-07-08T00:01:30.177910,2,2,138.8,0.2,138.7,150,138.4,100,,,,,,,,,,,,,,,,,138.9,100,139.2,150,,,,,,,,,,,,,,,,
2026-07-08T00:01:30.744008+00:00,2026-07-08T00:01:30.743910,1,1,138.65,0.5,138.4,100,,,,,,,,,,,,,,,,,,,138.9,100,,,,,,,,,,,,,,,,,,
2026-07-08T00:01:30.797189+00:00,2026-07-08T00:01:30.797113,2,1,138.7,0.4,138.5,150,138.4,100,,,,,,,,,,,,,,,,,138.9,100,,,,,,,,,,,,,,,,,,
2026-07-08T00:01:30.858681+00:00,2026-07-08T00:01:30.851025,2,2,138.7,0.4,138.5,104,138.4,100,,,,,,,,,,,,,,,,,138.9,100,139.0,150,,,,,,,,,,,,,,,,
2026-07-08T00:01:33.228865+00:00,2026-07-08T00:01:33.228729,2,1,138.75,0.5,138.5,104,138.4,100,,,,,,,,,,,,,,,,,139.0,150,,,,,,,,,,,,,,,,,,
2026-07-08T00:01:33.234054+00:00,2026-07-08T00:01:33.233910,1,1,138.75,0.5,138.5,104,,,,,,,,,,,,,,,,,,,139.0,150,,,,,,,,,,,,,,,,,,
2026-07-08T00:01:33.286611+00:00,2026-07-08T00:01:33.286713,2,1,138.75,0.5,138.5,104,138.3,100,,,,,,,,,,,,,,,,,139.0,150,,,,,,,,,,,,,,,,,,
2026-07-08T00:01:33.338891+00:00,2026-07-08T00:01:33.339036,2,2,138.65,0.3,138.5,104,138.3,100,,,,,,,,,,,,,,,,,138.8,100,139.0,150,,,,,,,,,,,,,,,,
2026-07-08T00:01:33.906924+00:00,2026-07-08T00:01:33.906854,1,1,138.55,0.5,138.3,100,,,,,,,,,,,,,,,,,,,138.8,100,,,,,,,,,,,,,,,,,,
2026-07-08T00:01:33.958542+00:00,2026-07-08T00:01:33.957011,1,1,138.55,0.5,138.3,250,,,,,,,,,,,,,,,,,,,138.8,100,,,,,,,,,,,,,,,,,,
2026-07-08T00:01:34.016681+00:00,2026-07-08T00:01:34.016606,1,1,138.55,0.5,138.3,250,,,,,,,,,,,,,,,,,,,138.8,250,,,,,,,,,,,,,,,,,,
2026-07-08T00:01:34.272652+00:00,2026-07-08T00:01:34.272614,1,1,138.55,0.5,138.3,250,,,,,,,,,,,,,,,,,,,138.8,209,,,,,,,,,,,,,,,,,,
2026-07-08T00:01:35.784832+00:00,2026-07-08T00:01:35.784808,1,1,138.55,0.5,138.3,250,,,,,,,,,,,,,,,,,,,138.8,159,,,,,,,,,,,,,,,,,,
2026-07-08T00:01:36.393654+00:00,2026-07-08T00:01:36.393628,1,1,138.55,0.5,138.3,150,,,,,,,,,,,,,,,,,,,138.8,150,,,,,,,,,,,,,,,,,,
2026-07-08T00:01:36.469080+00:00,2026-07-08T00:01:36.468852,1,1,138.55,0.5,138.3,150,,,,,,,,,,,,,,,,,,,138.8,50,,,,,,,,,,,,,,,,,,
2026-07-08T00:01:36.528980+00:00,2026-07-08T00:01:36.528876,1,2,138.55,0.5,138.3,150,,,,,,,,,,,,,,,,,,,138.8,50,139.3,100,,,,,,,,,,,,,,,,
2026-07-08T00:01:37.069147+00:00,2026-07-08T00:01:37.069281,0,1,,,,,,,,,,,,,,,,,,,,,,,139.3,100,,,,,,,,,,,,,,,,,,
2026-07-08T00:01:37.127021+00:00,2026-07-08T00:01:37.126850,1,1,139.05,0.5,138.8,150,,,,,,,,,,,,,,,,,,,139.3,100,,,,,,,,,,,,,,,,,,
2026-07-08T00:01:37.179433+00:00,2026-07-08T00:01:37.179293,1,1,139.05,0.5,138.8,150,,,,,,,,,,,,,,,,,,,139.3,250,,,,,,,,,,,,,,,,,,
2026-07-08T00:01:37.914481+00:00,2026-07-08T00:01:37.914322,1,1,139.05,0.5,138.8,150,,,,,,,,,,,,,,,,,,,139.3,200,,,,,,,,,,,,,,,,,,
2026-07-08T00:01:39.581975+00:00,2026-07-08T00:01:39.582068,1,1,139.05,0.5,138.8,150,,,,,,,,,,,,,,,,,,,139.3,150,,,,,,,,,,,,,,,,,,
2026-07-08T00:01:39.636919+00:00,2026-07-08T00:01:39.636805,2,1,139.05,0.5,138.8,150,138.7,100,,,,,,,,,,,,,,,,,139.3,150,,,,,,,,,,,,,,,,,,
2026-07-08T00:01:39.690254+00:00,2026-07-08T00:01:39.690414,2,2,139.0,0.4,138.8,150,138.7,100,,,,,,,,,,,,,,,,,139.2,100,139.3,150,,,,,,,,,,,,,,,,
2026-07-08T00:01:40.020954+00:00,2026-07-08T00:01:40.020844,2,2,139.0,0.4,138.8,150,138.7,100,,,,,,,,,,,,,,,,,139.2,50,139.3,150,,,,,,,,,,,,,,,,
2026-07-08T00:01:40.229045+00:00,2026-07-08T00:01:40.229121,2,1,139.0,0.4,138.8,150,138.7,100,,,,,,,,,,,,,,,,,139.2,50,,,,,,,,,,,,,,,,,,
2026-07-08T00:01:40.234401+00:00,2026-07-08T00:01:40.234306,1,1,138.95,0.5,138.7,100,,,,,,,,,,,,,,,,,,,139.2,50,,,,,,,,,,,,,,,,,,
2026-07-08T00:01:40.287823+00:00,2026-07-08T00:01:40.287710,1,1,138.95,0.5,138.7,250,,,,,,,,,,,,,,,,,,,139.2,50,,,,,,,,,,,,,,,,,,
2026-07-08T00:01:40.342396+00:00,2026-07-08T00:01:40.342298,1,1,138.95,0.5,138.7,250,,,,,,,,,,,,,,,,,,,139.2,200,,,,,,,,,,,,,,,,,,
2026-07-08T00:01:42.142066+00:00,2026-07-08T00:01:42.141976,1,1,138.95,0.5,138.7,250,,,,,,,,,,,,,,,,,,,139.2,150,,,,,,,,,,,,,,,,,,
2026-07-08T00:01:42.740350+00:00,2026-07-08T00:01:42.740222,1,1,138.95,0.5,138.7,150,,,,,,,,,,,,,,,,,,,139.2,150,,,,,,,,,,,,,,,,,,
2026-07-08T00:01:42.797209+00:00,2026-07-08T00:01:42.797097,2,1,139.0,0.4,138.8,100,138.7,150,,,,,,,,,,,,,,,,,139.2,150,,,,,,,,,,,,,,,,,,
2026-07-08T00:01:42.850905+00:00,2026-07-08T00:01:42.850794,2,2,139.0,0.4,138.8,100,138.7,150,,,,,,,,,,,,,,,,,139.2,150,139.3,100,,,,,,,,,,,,,,,,
2026-07-08T00:01:42.858661+00:00,2026-07-08T00:01:42.856150,2,2,139.0,0.4,138.8,51,138.7,150,,,,,,,,,,,,,,,,,139.2,150,139.3,100,,,,,,,,,,,,,,,,
2026-07-08T00:01:43.393626+00:00,2026-07-08T00:01:43.393764,1,1,139.05,0.5,138.8,51,,,,,,,,,,,,,,,,,,,139.3,100,,,,,,,,,,,,,,,,,,
2026-07-08T00:01:43.446710+00:00,2026-07-08T00:01:43.446592,1,1,139.05,0.5,138.8,201,,,,,,,,,,,,,,,,,,,139.3,100,,,,,,,,,,,,,,,,,,
2026-07-08T00:01:43.500279+00:00,2026-07-08T00:01:43.500207,1,1,139.05,0.5,138.8,201,,,,,,,,,,,,,,,,,,,139.3,250,,,,,,,,,,,,,,,,,,
2026-07-08T00:01:44.364690+00:00,2026-07-08T00:01:44.364378,1,1,139.05,0.5,138.8,151,,,,,,,,,,,,,,,,,,,139.3,250,,,,,,,,,,,,,,,,,,
2026-07-08T00:01:45.905087+00:00,2026-07-08T00:01:45.904990,1,1,139.05,0.5,138.8,150,,,,,,,,,,,,,,,,,,,139.3,150,,,,,,,,,,,,,,,,,,
2026-07-08T00:01:45.964017+00:00,2026-07-08T00:01:45.963930,2,1,139.05,0.5,138.8,150,138.5,100,,,,,,,,,,,,,,,,,139.3,150,,,,,,,,,,,,,,,,,,
2026-07-08T00:01:46.018166+00:00,2026-07-08T00:01:46.018267,2,2,138.9,0.2,138.8,150,138.5,100,,,,,,,,,,,,,,,,,139.0,100,139.3,150,,,,,,,,,,,,,,,,
2026-07-08T00:01:46.443311+00:00,2026-07-08T00:01:46.443229,2,2,138.9,0.2,138.8,100,138.5,100,,,,,,,,,,,,,,,,,139.0,100,139.3,150,,,,,,,,,,,,,,,,
2026-07-08T00:01:46.559150+00:00,2026-07-08T00:01:46.559037,1,1,138.75,0.5,138.5,100,,,,,,,,,,,,,,,,,,,139.0,100,,,,,,,,,,,,,,,,,,
2026-07-08T00:01:46.614095+00:00,2026-07-08T00:01:46.613910,1,1,138.75,0.5,138.5,250,,,,,,,,,,,,,,,,,,,139.0,100,,,,,,,,,,,,,,,,,,
2026-07-08T00:01:46.666691+00:00,2026-07-08T00:01:46.666537,1,1,138.75,0.5,138.5,250,,,,,,,,,,,,,,,,,,,139.0,250,,,,,,,,,,,,,,,,,,
2026-07-08T00:01:48.584518+00:00,2026-07-08T00:01:48.584668,1,1,138.75,0.5,138.5,200,,,,,,,,,,,,,,,,,,,139.0,250,,,,,,,,,,,,,,,,,,
2026-07-08T00:01:49.073557+00:00,2026-07-08T00:01:49.073453,1,1,138.75,0.5,138.5,150,,,,,,,,,,,,,,,,,,,139.0,150,,,,,,,,,,,,,,,,,,
2026-07-08T00:01:49.128666+00:00,2026-07-08T00:01:49.128536,2,1,138.85,0.3,138.7,100,138.5,150,,,,,,,,,,,,,,,,,139.0,150,,,,,,,,,,,,,,,,,,
2026-07-08T00:01:49.190383+00:00,2026-07-08T00:01:49.190267,2,2,138.85,0.3,138.7,100,138.5,150,,,,,,,,,,,,,,,,,139.0,150,139.2,100,,,,,,,,,,,,,,,,
2026-07-08T00:01:49.720906+00:00,2026-07-08T00:01:49.720821,1,1,138.95,0.5,138.7,100,,,,,,,,,,,,,,,,,,,139.2,100,,,,,,,,,,,,,,,,,,
2026-07-08T00:01:49.784949+00:00,2026-07-08T00:01:49.784835,2,1,139.0,0.4,138.8,150,138.7,100,,,,,,,,,,,,,,,,,139.2,100,,,,,,,,,,,,,,,,,,
2026-07-08T00:01:49.842769+00:00,2026-07-08T00:01:49.842718,2,2,139.0,0.4,138.8,150,138.7,100,,,,,,,,,,,,,,,,,139.2,100,139.3,150,,,,,,,,,,,,,,,,
2026-07-08T00:01:50.064592+00:00,2026-07-08T00:01:50.064542,2,2,139.0,0.4,138.8,150,138.7,100,,,,,,,,,,,,,,,,,139.2,56,139.3,150,,,,,,,,,,,,,,,,
2026-07-08T00:01:50.693864+00:00,2026-07-08T00:01:50.693749,2,2,139.0,0.4,138.8,100,138.7,100,,,,,,,,,,,,,,,,,139.2,56,139.3,150,,,,,,,,,,,,,,,,
2026-07-08T00:01:52.242696+00:00,2026-07-08T00:01:52.242653,1,1,139.05,0.5,138.8,100,,,,,,,,,,,,,,,,,,,139.3,150,,,,,,,,,,,,,,,,,,
2026-07-08T00:01:52.301811+00:00,2026-07-08T00:01:52.301664,2,1,139.05,0.5,138.8,100,138.7,100,,,,,,,,,,,,,,,,,139.3,150,,,,,,,,,,,,,,,,,,
2026-07-08T00:01:52.355133+00:00,2026-07-08T00:01:52.355252,2,2,139.0,0.4,138.8,100,138.7,100,,,,,,,,,,,,,,,,,139.2,100,139.3,150,,,,,,,,,,,,,,,,
2026-07-08T00:01:52.629962+00:00,2026-07-08T00:01:52.629905,2,2,139.0,0.4,138.8,52,138.7,100,,,,,,,,,,,,,,,,,139.2,100,139.3,150,,,,,,,,,,,,,,,,
2026-07-08T00:01:52.837659+00:00,2026-07-08T00:01:52.837490,2,2,139.0,0.4,138.8,2,138.7,100,,,,,,,,,,,,,,,,,139.2,100,139.3,150,,,,,,,,,,,,,,,,
2026-07-08T00:01:52.895255+00:00,2026-07-08T00:01:52.895193,1,1,138.95,0.5,138.7,100,,,,,,,,,,,,,,,,,,,139.2,100,,,,,,,,,,,,,,,,,,
2026-07-08T00:01:52.948672+00:00,2026-07-08T00:01:52.948830,2,1,138.95,0.5,138.7,100,138.1,150,,,,,,,,,,,,,,,,,139.2,100,,,,,,,,,,,,,,,,,,
2026-07-08T00:01:53.016030+00:00,2026-07-08T00:01:53.009887,1,2,138.35,0.5,138.1,150,,,,,,,,,,,,,,,,,,,138.6,27,139.2,100,,,,,,,,,,,,,,,,
2026-07-08T00:01:55.364268+00:00,2026-07-08T00:01:55.358095,1,2,138.35,0.5,138.1,150,,,,,,,,,,,,,,,,,,,138.6,4,139.2,100,,,,,,,,,,,,,,,,
2026-07-08T00:01:55.405209+00:00,2026-07-08T00:01:55.405301,1,1,138.35,0.5,138.1,150,,,,,,,,,,,,,,,,,,,138.6,4,,,,,,,,,,,,,,,,,,
2026-07-08T00:01:55.462720+00:00,2026-07-08T00:01:55.462610,2,0,,,138.7,96,138.1,150,,,,,,,,,,,,,,,,,,,,,,,,,,,,,,,,,,,,
2026-07-08T00:01:55.517469+00:00,2026-07-08T00:01:55.517353,2,1,138.95,0.5,138.7,96,138.1,150,,,,,,,,,,,,,,,,,139.2,100,,,,,,,,,,,,,,,,,,
2026-07-08T00:01:56.058574+00:00,2026-07-08T00:01:56.058377,1,1,138.95,0.5,138.7,96,,,,,,,,,,,,,,,,,,,139.2,100,,,,,,,,,,,,,,,,,,
2026-07-08T00:01:56.118396+00:00,2026-07-08T00:01:56.118591,2,1,139.1,0.2,139.0,150,138.7,96,,,,,,,,,,,,,,,,,139.2,100,,,,,,,,,,,,,,,,,,
2026-07-08T00:01:56.129078+00:00,2026-07-08T00:01:56.122764,2,1,139.1,0.2,139.0,139,138.7,96,,,,,,,,,,,,,,,,,139.2,100,,,,,,,,,,,,,,,,,,
2026-07-08T00:01:56.174894+00:00,2026-07-08T00:01:56.174842,2,2,139.1,0.2,139.0,139,138.7,96,,,,,,,,,,,,,,,,,139.2,100,139.5,150,,,,,,,,,,,,,,,,
2026-07-08T00:01:56.678470+00:00,2026-07-08T00:01:56.673121,2,2,139.1,0.2,139.0,116,138.7,96,,,,,,,,,,,,,,,,,139.2,100,139.5,150,,,,,,,,,,,,,,,,
2026-07-08T00:01:56.811664+00:00,2026-07-08T00:01:56.811580,2,2,139.1,0.2,139.0,116,138.7,96,,,,,,,,,,,,,,,,,139.2,52,139.5,150,,,,,,,,,,,,,,,,
2026-07-08T00:01:57.987255+00:00,2026-07-08T00:01:57.981547,2,2,139.1,0.2,139.0,104,138.7,96,,,,,,,,,,,,,,,,,139.2,52,139.5,150,,,,,,,,,,,,,,,,
2026-07-08T00:01:58.571669+00:00,2026-07-08T00:01:58.571585,1,1,139.25,0.5,139.0,104,,,,,,,,,,,,,,,,,,,139.5,150,,,,,,,,,,,,,,,,,,
2026-07-08T00:01:58.626815+00:00,2026-07-08T00:01:58.626702,2,1,139.25,0.5,139.0,104,138.5,100,,,,,,,,,,,,,,,,,139.5,150,,,,,,,,,,,,,,,,,,
2026-07-08T00:01:58.680284+00:00,2026-07-08T00:01:58.680442,2,1,139.25,0.5,139.0,4,138.5,100,,,,,,,,,,,,,,,,,139.5,150,,,,,,,,,,,,,,,,,,
2026-07-08T00:01:59.112993+00:00,2026-07-08T00:01:59.112925,2,1,139.25,0.5,139.0,4,138.5,100,,,,,,,,,,,,,,,,,139.5,100,,,,,,,,,,,,,,,,,,
2026-07-08T00:01:59.230499+00:00,2026-07-08T00:01:59.230423,1,0,,,138.5,100,,,,,,,,,,,,,,,,,,,,,,,,,,,,,,,,,,,,,,
2026-07-08T00:01:59.285200+00:00,2026-07-08T00:01:59.285127,2,0,,,138.5,100,138.3,150,,,,,,,,,,,,,,,,,,,,,,,,,,,,,,,,,,,,
2026-07-08T00:01:59.340736+00:00,2026-07-08T00:01:59.340641,2,1,138.65,0.3,138.5,100,138.3,150,,,,,,,,,,,,,,,,,138.8,150,,,,,,,,,,,,,,,,,,
2026-07-08T00:02:00.127463+00:00,2026-07-08T00:02:00.119901,2,1,138.65,0.3,138.5,100,138.3,150,,,,,,,,,,,,,,,,,138.8,138,,,,,,,,,,,,,,,,,,
2026-07-08T00:02:01.217639+00:00,2026-07-08T00:02:01.217516,2,1,138.65,0.3,138.5,100,138.3,150,,,,,,,,,,,,,,,,,138.8,88,,,,,,,,,,,,,,,,,,
2026-07-08T00:02:01.339001+00:00,2026-07-08T00:02:01.332904,2,1,138.65,0.3,138.5,100,138.3,150,,,,,,,,,,,,,,,,,138.8,77,,,,,,,,,,,,,,,,,,
2026-07-08T00:02:01.737523+00:00,2026-07-08T00:02:01.737434,1,1,138.55,0.5,138.3,150,,,,,,,,,,,,,,,,,,,138.8,77,,,,,,,,,,,,,,,,,,
2026-07-08T00:02:01.791513+00:00,2026-07-08T00:02:01.791375,2,0,,,139.0,23,138.3,150,,,,,,,,,,,,,,,,,,,,,,,,,,,,,,,,,,,,
2026-07-08T00:02:01.848399+00:00,2026-07-08T00:02:01.848332,2,1,139.25,0.5,139.0,23,138.3,150,,,,,,,,,,,,,,,,,139.5,100,,,,,,,,,,,,,,,,,,
2026-07-08T00:02:02.394193+00:00,2026-07-08T00:02:02.394087,1,1,139.25,0.5,139.0,23,,,,,,,,,,,,,,,,,,,139.5,100,,,,,,,,,,,,,,,,,,
2026-07-08T00:02:02.449806+00:00,2026-07-08T00:02:02.449902,2,1,139.3,0.4,139.1,150,139.0,23,,,,,,,,,,,,,,,,,139.5,100,,,,,,,,,,,,,,,,,,
2026-07-08T00:02:02.460434+00:00,2026-07-08T00:02:02.453885,2,1,139.3,0.4,139.1,139,139.0,23,,,,,,,,,,,,,,,,,139.5,100,,,,,,,,,,,,,,,,,,
2026-07-08T00:02:02.507296+00:00,2026-07-08T00:02:02.507254,2,2,139.3,0.4,139.1,139,139.0,23,,,,,,,,,,,,,,,,,139.5,100,139.6,150,,,,,,,,,,,,,,,,
2026-07-08T00:02:02.565586+00:00,2026-07-08T00:02:02.559996,2,2,139.3,0.4,139.1,116,139.0,23,,,,,,,,,,,,,,,,,139.5,100,139.6,150,,,,,,,,,,,,,,,,
2026-07-08T00:02:02.702730+00:00,2026-07-08T00:02:02.702610,2,2,139.3,0.4,139.1,75,139.0,23,,,,,,,,,,,,,,,,,139.5,100,139.6,150,,,,,,,,,,,,,,,,
2026-07-08T00:02:03.314466+00:00,2026-07-08T00:02:03.314407,2,2,139.3,0.4,139.1,75,139.0,23,,,,,,,,,,,,,,,,,139.5,53,139.6,150,,,,,,,,,,,,,,,,
2026-07-08T00:02:04.901037+00:00,2026-07-08T00:02:04.900982,1,1,139.35,0.5,139.1,75,,,,,,,,,,,,,,,,,,,139.6,150,,,,,,,,,,,,,,,,,,
2026-07-08T00:02:04.966812+00:00,2026-07-08T00:02:04.963459,2,1,139.35,0.5,139.1,75,138.8,100,,,,,,,,,,,,,,,,,139.6,150,,,,,,,,,,,,,,,,,,
2026-07-08T00:02:05.007641+00:00,2026-07-08T00:02:05.007716,2,2,139.2,0.2,139.1,75,138.8,100,,,,,,,,,,,,,,,,,139.3,100,139.6,150,,,,,,,,,,,,,,,,
2026-07-08T00:02:05.505898+00:00,2026-07-08T00:02:05.505869,2,2,139.2,0.2,139.1,25,138.8,100,,,,,,,,,,,,,,,,,139.3,100,139.6,150,,,,,,,,,,,,,,,,
2026-07-08T00:02:05.563841+00:00,2026-07-08T00:02:05.563983,1,1,139.05,0.5,138.8,100,,,,,,,,,,,,,,,,,,,139.3,100,,,,,,,,,,,,,,,,,,
2026-07-08T00:02:05.619785+00:00,2026-07-08T00:02:05.619889,2,1,139.05,0.5,138.8,100,138.5,150,,,,,,,,,,,,,,,,,139.3,100,,,,,,,,,,,,,,,,,,
2026-07-08T00:02:05.673686+00:00,2026-07-08T00:02:05.673587,2,2,138.9,0.2,138.8,100,138.5,150,,,,,,,,,,,,,,,,,139.0,150,139.3,100,,,,,,,,,,,,,,,,
2026-07-08T00:02:05.914090+00:00,2026-07-08T00:02:05.913978,2,2,138.9,0.2,138.8,52,138.5,150,,,,,,,,,,,,,,,,,139.0,150,139.3,100,,,,,,,,,,,,,,,,
2026-07-08T00:02:07.614776+00:00,2026-07-08T00:02:07.614692,2,2,138.9,0.2,138.8,2,138.5,150,,,,,,,,,,,,,,,,,139.0,150,139.3,100,,,,,,,,,,,,,,,,
2026-07-08T00:02:08.058632+00:00,2026-07-08T00:02:08.055373,1,1,138.75,0.5,138.5,150,,,,,,,,,,,,,,,,,,,139.0,150,,,,,,,,,,,,,,,,,,
2026-07-08T00:02:08.115393+00:00,2026-07-08T00:02:08.115278,1,1,138.75,0.5,138.5,250,,,,,,,,,,,,,,,,,,,139.0,150,,,,,,,,,,,,,,,,,,
2026-07-08T00:02:08.168056+00:00,2026-07-08T00:02:08.167985,1,1,138.75,0.5,138.5,250,,,,,,,,,,,,,,,,,,,139.0,250,,,,,,,,,,,,,,,,,,
2026-07-08T00:02:08.728206+00:00,2026-07-08T00:02:08.728184,1,1,138.75,0.5,138.5,100,,,,,,,,,,,,,,,,,,,139.0,100,,,,,,,,,,,,,,,,,,
2026-07-08T00:02:08.783444+00:00,2026-07-08T00:02:08.783299,1,1,138.75,0.5,138.5,250,,,,,,,,,,,,,,,,,,,139.0,100,,,,,,,,,,,,,,,,,,
2026-07-08T00:02:08.836703+00:00,2026-07-08T00:02:08.836631,1,1,138.75,0.5,138.5,250,,,,,,,,,,,,,,,,,,,139.0,250,,,,,,,,,,,,,,,,,,
2026-07-08T00:02:09.120782+00:00,2026-07-08T00:02:09.120637,1,1,138.75,0.5,138.5,250,,,,,,,,,,,,,,,,,,,139.0,203,,,,,,,,,,,,,,,,,,
2026-07-08T00:02:09.671717+00:00,2026-07-08T00:02:09.671597,1,1,138.75,0.5,138.5,250,,,,,,,,,,,,,,,,,,,139.0,153,,,,,,,,,,,,,,,,,,
2026-07-08T00:02:09.769421+00:00,2026-07-08T00:02:09.762329,1,1,138.75,0.5,138.5,250,,,,,,,,,,,,,,,,,,,139.0,93,,,,,,,,,,,,,,,,,,
2026-07-08T00:02:11.221110+00:00,2026-07-08T00:02:11.221233,1,1,138.75,0.5,138.5,150,,,,,,,,,,,,,,,,,,,139.0,93,,,,,,,,,,,,,,,,,,
2026-07-08T00:02:11.274695+00:00,2026-07-08T00:02:11.274518,2,0,,,139.0,7,138.5,150,,,,,,,,,,,,,,,,,,,,,,,,,,,,,,,,,,,,
2026-07-08T00:02:11.323673+00:00,2026-07-08T00:02:11.323620,2,1,139.25,0.5,139.0,7,138.5,150,,,,,,,,,,,,,,,,,139.5,100,,,,,,,,,,,,,,,,,,
2026-07-08T00:02:11.371776+00:00,2026-07-08T00:02:11.371908,1,1,139.0,1.0,138.5,117,,,,,,,,,,,,,,,,,,,139.5,100,,,,,,,,,,,,,,,,,,
2026-07-08T00:02:11.830186+00:00,2026-07-08T00:02:11.830151,1,1,139.0,1.0,138.5,67,,,,,,,,,,,,,,,,,,,139.5,100,,,,,,,,,,,,,,,,,,
2026-07-08T00:02:11.890215+00:00,2026-07-08T00:02:11.890130,0,1,,,,,,,,,,,,,,,,,,,,,,,139.5,100,,,,,,,,,,,,,,,,,,
2026-07-08T00:02:11.947583+00:00,2026-07-08T00:02:11.947500,1,1,139.25,0.5,139.0,150,,,,,,,,,,,,,,,,,,,139.5,100,,,,,,,,,,,,,,,,,,
2026-07-08T00:02:11.996827+00:00,2026-07-08T00:02:11.996980,1,1,139.25,0.5,139.0,150,,,,,,,,,,,,,,,,,,,139.5,250,,,,,,,,,,,,,,,,,,
2026-07-08T00:02:14.382343+00:00,2026-07-08T00:02:14.382267,1,1,139.25,0.5,139.0,150,,,,,,,,,,,,,,,,,,,139.5,150,,,,,,,,,,,,,,,,,,
2026-07-08T00:02:14.399702+00:00,2026-07-08T00:02:14.399590,1,1,139.25,0.5,139.0,103,,,,,,,,,,,,,,,,,,,139.5,150,,,,,,,,,,,,,,,,,,
2026-07-08T00:02:14.434934+00:00,2026-07-08T00:02:14.434881,1,1,139.25,0.5,139.0,203,,,,,,,,,,,,,,,,,,,139.5,150,,,,,,,,,,,,,,,,,,
2026-07-08T00:02:14.489167+00:00,2026-07-08T00:02:14.488947,1,1,139.25,0.5,139.0,203,,,,,,,,,,,,,,,,,,,139.5,250,,,,,,,,,,,,,,,,,,
2026-07-08T00:02:15.054716+00:00,2026-07-08T00:02:15.054834,1,1,139.25,0.5,139.0,100,,,,,,,,,,,,,,,,,,,139.5,100,,,,,,,,,,,,,,,,,,
2026-07-08T00:02:15.109313+00:00,2026-07-08T00:02:15.109455,2,1,139.25,0.5,139.0,100,138.9,150,,,,,,,,,,,,,,,,,139.5,100,,,,,,,,,,,,,,,,,,
2026-07-08T00:02:15.158633+00:00,2026-07-08T00:02:15.156878,2,2,139.2,0.4,139.0,100,138.9,150,,,,,,,,,,,,,,,,,139.4,150,139.5,100,,,,,,,,,,,,,,,,
2026-07-08T00:02:16.039361+00:00,2026-07-08T00:02:16.039293,2,2,139.2,0.4,139.0,50,138.9,150,,,,,,,,,,,,,,,,,139.4,150,139.5,100,,,,,,,,,,,,,,,,
2026-07-08T00:02:17.539330+00:00,2026-07-08T00:02:17.539502,2,1,139.2,0.4,139.0,50,138.9,150,,,,,,,,,,,,,,,,,139.4,150,,,,,,,,,,,,,,,,,,
2026-07-08T00:02:17.544795+00:00,2026-07-08T00:02:17.544672,1,1,139.15,0.5,138.9,150,,,,,,,,,,,,,,,,,,,139.4,150,,,,,,,,,,,,,,,,,,
2026-07-08T00:02:17.598531+00:00,2026-07-08T00:02:17.598376,2,1,139.15,0.5,138.9,150,138.6,100,,,,,,,,,,,,,,,,,139.4,150,,,,,,,,,,,,,,,,,,
2026-07-08T00:02:17.674773+00:00,2026-07-08T00:02:17.668493,2,2,139.0,0.2,138.9,150,138.6,100,,,,,,,,,,,,,,,,,139.1,88,139.4,150,,,,,,,,,,,,,,,,
2026-07-08T00:02:18.158660+00:00,2026-07-08T00:02:18.153715,2,2,139.0,0.2,138.9,100,138.6,100,,,,,,,,,,,,,,,,,139.1,88,139.4,150,,,,,,,,,,,,,,,,
2026-07-08T00:02:18.215732+00:00,2026-07-08T00:02:18.215654,1,1,138.85,0.5,138.6,100,,,,,,,,,,,,,,,,,,,139.1,88,,,,,,,,,,,,,,,,,,
2026-07-08T00:02:18.268345+00:00,2026-07-08T00:02:18.268224,2,1,138.9,0.4,138.7,150,138.6,100,,,,,,,,,,,,,,,,,139.1,88,,,,,,,,,,,,,,,,,,
2026-07-08T00:02:18.323745+00:00,2026-07-08T00:02:18.323553,2,2,138.9,0.4,138.7,150,138.6,100,,,,,,,,,,,,,,,,,139.1,88,139.2,150,,,,,,,,,,,,,,,,
2026-07-08T00:02:20.258651+00:00,2026-07-08T00:02:20.258171,2,2,138.9,0.4,138.7,100,138.6,100,,,,,,,,,,,,,,,,,139.1,88,139.2,150,,,,,,,,,,,,,,,,
2026-07-08T00:02:20.707956+00:00,2026-07-08T00:02:20.708116,1,1,138.95,0.5,138.7,100,,,,,,,,,,,,,,,,,,,139.2,150,,,,,,,,,,,,,,,,,,
2026-07-08T00:02:20.758601+00:00,2026-07-08T00:02:20.757331,1,1,138.95,0.5,138.7,200,,,,,,,,,,,,,,,,,,,139.2,150,,,,,,,,,,,,,,,,,,
2026-07-08T00:02:20.810833+00:00,2026-07-08T00:02:20.810960,1,1,138.95,0.5,138.7,200,,,,,,,,,,,,,,,,,,,139.2,250,,,,,,,,,,,,,,,,,,
2026-07-08T00:02:21.374503+00:00,2026-07-08T00:02:21.374403,1,1,138.95,0.5,138.7,100,,,,,,,,,,,,,,,,,,,139.2,100,,,,,,,,,,,,,,,,,,
2026-07-08T00:02:21.426696+00:00,2026-07-08T00:02:21.426632,2,1,138.95,0.5,138.7,100,138.5,150,,,,,,,,,,,,,,,,,139.2,100,,,,,,,,,,,,,,,,,,
2026-07-08T00:02:21.495236+00:00,2026-07-08T00:02:21.488996,2,2,138.85,0.3,138.7,100,138.5,150,,,,,,,,,,,,,,,,,139.0,139,139.2,100,,,,,,,,,,,,,,,,
2026-07-08T00:02:21.603779+00:00,2026-07-08T00:02:21.597722,2,2,138.85,0.3,138.7,100,138.5,150,,,,,,,,,,,,,,,,,139.0,127,139.2,100,,,,,,,,,,,,,,,,
2026-07-08T00:02:21.808607+00:00,2026-07-08T00:02:21.808465,2,2,138.85,0.3,138.7,100,138.5,150,,,,,,,,,,,,,,,,,139.0,81,139.2,100,,,,,,,,,,,,,,,,
2026-07-08T00:02:22.320253+00:00,2026-07-08T00:02:22.320172,2,2,138.85,0.3,138.7,100,138.5,150,,,,,,,,,,,,,,,,,139.0,31,139.2,100,,,,,,,,,,,,,,,,
2026-07-08T00:02:22.390748+00:00,2026-07-08T00:02:22.390640,2,1,138.95,0.5,138.7,100,138.5,150,,,,,,,,,,,,,,,,,139.2,87,,,,,,,,,,,,,,,,,,
2026-07-08T00:02:23.864783+00:00,2026-07-08T00:02:23.864930,2,0,,,138.7,100,138.5,150,,,,,,,,,,,,,,,,,,,,,,,,,,,,,,,,,,,,
2026-07-08T00:02:23.870198+00:00,2026-07-08T00:02:23.870084,1,0,,,138.5,150,,,,,,,,,,,,,,,,,,,,,,,,,,,,,,,,,,,,,,
2026-07-08T00:02:23.923191+00:00,2026-07-08T00:02:23.923078,2,0,,,139.1,100,138.5,150,,,,,,,,,,,,,,,,,,,,,,,,,,,,,,,,,,,,
2026-07-08T00:02:23.977897+00:00,2026-07-08T00:02:23.977829,2,1,139.35,0.5,139.1,100,138.5,150,,,,,,,,,,,,,,,,,139.6,100,,,,,,,,,,,,,,,,,,
2026-07-08T00:02:24.428040+00:00,2026-07-08T00:02:24.427986,2,1,139.35,0.5,139.1,100,138.5,150,,,,,,,,,,,,,,,,,139.6,50,,,,,,,,,,,,,,,,,,
2026-07-08T00:02:24.534929+00:00,2026-07-08T00:02:24.534839,1,1,139.35,0.5,139.1,100,,,,,,,,,,,,,,,,,,,139.6,50,,,,,,,,,,,,,,,,,,
2026-07-08T00:02:24.592908+00:00,2026-07-08T00:02:24.592843,2,1,139.45,0.3,139.3,150,139.1,100,,,,,,,,,,,,,,,,,139.6,50,,,,,,,,,,,,,,,,,,
2026-07-08T00:02:24.645508+00:00,2026-07-08T00:02:24.645474,2,2,139.45,0.3,139.3,150,139.1,100,,,,,,,,,,,,,,,,,139.6,50,139.8,150,,,,,,,,,,,,,,,,
2026-07-08T00:02:26.536641+00:00,2026-07-08T00:02:26.536521,2,1,139.55,0.5,139.3,150,139.1,100,,,,,,,,,,,,,,,,,139.8,150,,,,,,,,,,,,,,,,,,
2026-07-08T00:02:26.771155+00:00,2026-07-08T00:02:26.762707,2,1,139.55,0.5,139.3,138,139.1,100,,,,,,,,,,,,,,,,,139.8,150,,,,,,,,,,,,,,,,,,
2026-07-08T00:02:27.031935+00:00,2026-07-08T00:02:27.031814,1,1,139.55,0.5,139.3,138,,,,,,,,,,,,,,,,,,,139.8,150,,,,,,,,,,,,,,,,,,
2026-07-08T00:02:27.084982+00:00,2026-07-08T00:02:27.084957,2,1,139.55,0.5,139.3,138,139.2,100,,,,,,,,,,,,,,,,,139.8,150,,,,,,,,,,,,,,,,,,
2026-07-08T00:02:27.138483+00:00,2026-07-08T00:02:27.138431,2,2,139.5,0.4,139.3,138,139.2,100,,,,,,,,,,,,,,,,,139.7,100,139.8,150,,,,,,,,,,,,,,,,
2026-07-08T00:02:27.699747+00:00,2026-07-08T00:02:27.699591,1,1,139.45,0.5,139.2,100,,,,,,,,,,,,,,,,,,,139.7,100,,,,,,,,,,,,,,,,,,
2026-07-08T00:02:27.758590+00:00,2026-07-08T00:02:27.754333,1,1,139.45,0.5,139.2,250,,,,,,,,,,,,,,,,,,,139.7,100,,,,,,,,,,,,,,,,,,
2026-07-08T00:02:27.808773+00:00,2026-07-08T00:02:27.808697,1,1,139.45,0.5,139.2,250,,,,,,,,,,,,,,,,,,,139.7,250,,,,,,,,,,,,,,,,,,
2026-07-08T00:02:28.639936+00:00,2026-07-08T00:02:28.640074,1,1,139.45,0.5,139.2,250,,,,,,,,,,,,,,,,,,,139.7,200,,,,,,,,,,,,,,,,,,
2026-07-08T00:02:30.198059+00:00,2026-07-08T00:02:30.197946,1,1,139.45,0.5,139.2,150,,,,,,,,,,,,,,,,,,,139.7,150,,,,,,,,,,,,,,,,,,
2026-07-08T00:02:30.247617+00:00,2026-07-08T00:02:30.247828,2,1,139.55,0.3,139.4,100,139.2,150,,,,,,,,,,,,,,,,,139.7,150,,,,,,,,,,,,,,,,,,
2026-07-08T00:02:30.259857+00:00,2026-07-08T00:02:30.253331,2,1,139.55,0.3,139.4,89,139.2,150,,,,,,,,,,,,,,,,,139.7,150,,,,,,,,,,,,,,,,,,
2026-07-08T00:02:30.307286+00:00,2026-07-08T00:02:30.307421,2,2,139.55,0.3,139.4,89,139.2,150,,,,,,,,,,,,,,,,,139.7,150,139.9,100,,,,,,,,,,,,,,,,
2026-07-08T00:02:30.749758+00:00,2026-07-08T00:02:30.749631,2,2,139.55,0.3,139.4,89,139.2,150,,,,,,,,,,,,,,,,,139.7,100,139.9,100,,,,,,,,,,,,,,,,
2026-07-08T00:02:30.859026+00:00,2026-07-08T00:02:30.858940,2,1,139.65,0.5,139.4,89,139.2,150,,,,,,,,,,,,,,,,,139.9,100,,,,,,,,,,,,,,,,,,
2026-07-08T00:02:30.864035+00:00,2026-07-08T00:02:30.864108,1,1,139.65,0.5,139.4,89,,,,,,,,,,,,,,,,,,,139.9,100,,,,,,,,,,,,,,,,,,
2026-07-08T00:02:30.924520+00:00,2026-07-08T00:02:30.924433,1,1,139.65,0.5,139.4,239,,,,,,,,,,,,,,,,,,,139.9,100,,,,,,,,,,,,,,,,,,
2026-07-08T00:02:30.979314+00:00,2026-07-08T00:02:30.979199,1,1,139.65,0.5,139.4,239,,,,,,,,,,,,,,,,,,,139.9,250,,,,,,,,,,,,,,,,,,
2026-07-08T00:02:31.026980+00:00,2026-07-08T00:02:31.026899,1,1,139.65,0.5,139.4,193,,,,,,,,,,,,,,,,,,,139.9,250,,,,,,,,,,,,,,,,,,
2026-07-08T00:02:31.569174+00:00,2026-07-08T00:02:31.564599,1,1,139.65,0.5,139.4,170,,,,,,,,,,,,,,,,,,,139.9,250,,,,,,,,,,,,,,,,,,
2026-07-08T00:02:32.856689+00:00,2026-07-08T00:02:32.856813,1,1,139.65,0.5,139.4,170,,,,,,,,,,,,,,,,,,,139.9,200,,,,,,,,,,,,,,,,,,
2026-07-08T00:02:33.369935+00:00,2026-07-08T00:02:33.369814,1,1,139.65,0.5,139.4,150,,,,,,,,,,,,,,,,,,,139.9,150,,,,,,,,,,,,,,,,,,
2026-07-08T00:02:33.424492+00:00,2026-07-08T00:02:33.424435,2,1,139.65,0.5,139.4,150,139.1,100,,,,,,,,,,,,,,,,,139.9,150,,,,,,,,,,,,,,,,,,
2026-07-08T00:02:33.477777+00:00,2026-07-08T00:02:33.477660,2,2,139.5,0.2,139.4,150,139.1,100,,,,,,,,,,,,,,,,,139.6,100,139.9,150,,,,,,,,,,,,,,,,
2026-07-08T00:02:34.031148+00:00,2026-07-08T00:02:34.031115,1,1,139.35,0.5,139.1,100,,,,,,,,,,,,,,,,,,,139.6,100,,,,,,,,,,,,,,,,,,
2026-07-08T00:02:34.056798+00:00,2026-07-08T00:02:34.056697,1,1,139.35,0.5,139.1,58,,,,,,,,,,,,,,,,,,,139.6,100,,,,,,,,,,,,,,,,,,
2026-07-08T00:02:34.084721+00:00,2026-07-08T00:02:34.084676,2,1,139.4,0.4,139.2,150,139.1,58,,,,,,,,,,,,,,,,,139.6,100,,,,,,,,,,,,,,,,,,
2026-07-08T00:02:34.138781+00:00,2026-07-08T00:02:34.138716,2,2,139.4,0.4,139.2,150,139.1,58,,,,,,,,,,,,,,,,,139.6,100,139.7,150,,,,,,,,,,,,,,,,
2026-07-08T00:02:35.107763+00:00,2026-07-08T00:02:35.107655,2,2,139.4,0.4,139.2,102,139.1,58,,,,,,,,,,,,,,,,,139.6,100,139.7,150,,,,,,,,,,,,,,,,
2026-07-08T00:02:35.812005+00:00,2026-07-08T00:02:35.806338,2,2,139.4,0.4,139.2,99,139.1,58,,,,,,,,,,,,,,,,,139.6,100,139.7,150,,,,,,,,,,,,,,,,
2026-07-08T00:02:36.532060+00:00,2026-07-08T00:02:36.531961,1,1,139.45,0.5,139.2,99,,,,,,,,,,,,,,,,,,,139.7,150,,,,,,,,,,,,,,,,,,
2026-07-08T00:02:36.587168+00:00,2026-07-08T00:02:36.587125,2,1,139.45,0.5,139.2,99,138.3,100,,,,,,,,,,,,,,,,,139.7,150,,,,,,,,,,,,,,,,,,
2026-07-08T00:02:36.639591+00:00,2026-07-08T00:02:36.639726,1,2,138.55,0.5,138.3,100,,,,,,,,,,,,,,,,,,,138.8,1,139.7,150,,,,,,,,,,,,,,,,
2026-07-08T00:02:37.073358+00:00,2026-07-08T00:02:37.073290,1,1,139.0,1.4,138.3,100,,,,,,,,,,,,,,,,,,,139.7,101,,,,,,,,,,,,,,,,,,
2026-07-08T00:02:37.193031+00:00,2026-07-08T00:02:37.192965,1,0,,,138.3,100,,,,,,,,,,,,,,,,,,,,,,,,,,,,,,,,,,,,,,
2026-07-08T00:02:37.243328+00:00,2026-07-08T00:02:37.243248,2,0,,,138.3,100,138.2,150,,,,,,,,,,,,,,,,,,,,,,,,,,,,,,,,,,,,
2026-07-08T00:02:37.296753+00:00,2026-07-08T00:02:37.296657,2,1,138.5,0.4,138.3,100,138.2,150,,,,,,,,,,,,,,,,,138.7,150,,,,,,,,,,,,,,,,,,
2026-07-08T00:02:37.317072+00:00,2026-07-08T00:02:37.311214,2,1,138.5,0.4,138.3,100,138.2,150,,,,,,,,,,,,,,,,,138.7,113,,,,,,,,,,,,,,,,,,
2026-07-08T00:02:38.408928+00:00,2026-07-08T00:02:38.408851,2,1,138.5,0.4,138.3,100,138.2,150,,,,,,,,,,,,,,,,,138.7,69,,,,,,,,,,,,,,,,,,
2026-07-08T00:02:39.695799+00:00,2026-07-08T00:02:39.695765,1,1,138.45,0.5,138.2,150,,,,,,,,,,,,,,,,,,,138.7,69,,,,,,,,,,,,,,,,,,
2026-07-08T00:02:39.749022+00:00,2026-07-08T00:02:39.748951,2,0,,,139.0,31,138.2,150,,,,,,,,,,,,,,,,,,,,,,,,,,,,,,,,,,,,
2026-07-08T00:02:39.814403+00:00,2026-07-08T00:02:39.808131,2,1,139.25,0.5,139.0,20,138.2,150,,,,,,,,,,,,,,,,,139.5,100,,,,,,,,,,,,,,,,,,
2026-07-08T00:02:39.886340+00:00,2026-07-08T00:02:39.886228,1,1,138.85,1.3,138.2,150,,,,,,,,,,,,,,,,,,,139.5,100,,,,,,,,,,,,,,,,,,
2026-07-08T00:02:40.358540+00:00,2026-07-08T00:02:40.353635,0,1,,,,,,,,,,,,,,,,,,,,,,,139.5,100,,,,,,,,,,,,,,,,,,
2026-07-08T00:02:40.419010+00:00,2026-07-08T00:02:40.411997,1,1,139.3,0.4,139.1,127,,,,,,,,,,,,,,,,,,,139.5,100,,,,,,,,,,,,,,,,,,
2026-07-08T00:02:40.460254+00:00,2026-07-08T00:02:40.460189,1,2,139.3,0.4,139.1,127,,,,,,,,,,,,,,,,,,,139.5,100,139.6,150,,,,,,,,,,,,,,,,
2026-07-08T00:02:40.634929+00:00,2026-07-08T00:02:40.628963,1,2,139.3,0.4,139.1,124,,,,,,,,,,,,,,,,,,,139.5,100,139.6,150,,,,,,,,,,,,,,,,
2026-07-08T00:02:40.808273+00:00,2026-07-08T00:02:40.808352,1,2,139.3,0.4,139.1,77,,,,,,,,,,,,,,,,,,,139.5,100,139.6,150,,,,,,,,,,,,,,,,
2026-07-08T00:02:41.333892+00:00,2026-07-08T00:02:41.333801,1,2,139.3,0.4,139.1,27,,,,,,,,,,,,,,,,,,,139.5,100,139.6,150,,,,,,,,,,,,,,,,
2026-07-08T00:02:42.853839+00:00,2026-07-08T00:02:42.853969,1,1,139.35,0.5,139.1,27,,,,,,,,,,,,,,,,,,,139.6,150,,,,,,,,,,,,,,,,,,
2026-07-08T00:02:42.913114+00:00,2026-07-08T00:02:42.913063,2,1,139.35,0.5,139.1,27,138.6,100,,,,,,,,,,,,,,,,,139.6,150,,,,,,,,,,,,,,,,,,
2026-07-08T00:02:42.969292+00:00,2026-07-08T00:02:42.969205,1,2,138.85,0.5,138.6,100,,,,,,,,,,,,,,,,,,,139.1,73,139.6,150,,,,,,,,,,,,,,,,
2026-07-08T00:02:43.438951+00:00,2026-07-08T00:02:43.438836,1,2,138.85,0.5,138.6,50,,,,,,,,,,,,,,,,,,,139.1,73,139.6,150,,,,,,,,,,,,,,,,
2026-07-08T00:02:43.514111+00:00,2026-07-08T00:02:43.514176,1,1,138.85,0.5,138.6,50,,,,,,,,,,,,,,,,,,,139.1,73,,,,,,,,,,,,,,,,,,
2026-07-08T00:02:43.569176+00:00,2026-07-08T00:02:43.569129,2,1,138.85,0.5,138.6,50,138.2,150,,,,,,,,,,,,,,,,,139.1,73,,,,,,,,,,,,,,,,,,
2026-07-08T00:02:43.622196+00:00,2026-07-08T00:02:43.622168,2,2,138.65,0.1,138.6,50,138.2,150,,,,,,,,,,,,,,,,,138.7,150,139.1,73,,,,,,,,,,,,,,,,
2026-07-08T00:02:43.873625+00:00,2026-07-08T00:02:43.873756,2,2,138.65,0.1,138.6,50,138.2,150,,,,,,,,,,,,,,,,,138.7,108,139.1,73,,,,,,,,,,,,,,,,
2026-07-08T00:02:44.364538+00:00,2026-07-08T00:02:44.364257,2,2,138.65,0.1,138.6,1,138.2,150,,,,,,,,,,,,,,,,,138.7,108,139.1,73,,,,,,,,,,,,,,,,
2026-07-08T00:02:45.546729+00:00,2026-07-08T00:02:45.546585,1,2,138.45,0.5,138.2,101,,,,,,,,,,,,,,,,,,,138.7,108,139.1,73,,,,,,,,,,,,,,,,
2026-07-08T00:02:46.025413+00:00,2026-07-08T00:02:46.025528,1,1,138.45,0.5,138.2,101,,,,,,,,,,,,,,,,,,,138.7,108,,,,,,,,,,,,,,,,,,
2026-07-08T00:02:46.105353+00:00,2026-07-08T00:02:46.105261,2,1,138.45,0.5,138.2,101,137.9,100,,,,,,,,,,,,,,,,,138.7,108,,,,,,,,,,,,,,,,,,
2026-07-08T00:02:46.175515+00:00,2026-07-08T00:02:46.168274,2,2,138.3,0.2,138.2,101,137.9,100,,,,,,,,,,,,,,,,,138.4,97,138.7,108,,,,,,,,,,,,,,,,
2026-07-08T00:02:46.514055+00:00,2026-07-08T00:02:46.508031,2,2,138.3,0.2,138.2,101,137.9,100,,,,,,,,,,,,,,,,,138.4,63,138.7,108,,,,,,,,,,,,,,,,
2026-07-08T00:02:46.691340+00:00,2026-07-08T00:02:46.691202,1,1,138.15,0.5,137.9,100,,,,,,,,,,,,,,,,,,,138.4,63,,,,,,,,,,,,,,,,,,
2026-07-08T00:02:46.748470+00:00,2026-07-08T00:02:46.748367,2,1,138.3,0.2,138.2,150,137.9,100,,,,,,,,,,,,,,,,,138.4,63,,,,,,,,,,,,,,,,,,
2026-07-08T00:02:46.799627+00:00,2026-07-08T00:02:46.799502,2,2,138.3,0.2,138.2,150,137.9,100,,,,,,,,,,,,,,,,,138.4,63,138.7,150,,,,,,,,,,,,,,,,
2026-07-08T00:02:46.875597+00:00,2026-07-08T00:02:46.875480,2,2,138.3,0.2,138.2,150,137.9,100,,,,,,,,,,,,,,,,,138.4,22,138.7,150,,,,,,,,,,,,,,,,
2026-07-08T00:02:47.658703+00:00,2026-07-08T00:02:47.651706,2,2,138.3,0.2,138.2,100,137.9,100,,,,,,,,,,,,,,,,,138.4,22,138.7,150,,,,,,,,,,,,,,,,
2026-07-08T00:02:49.217128+00:00,2026-07-08T00:02:49.217084,1,1,138.45,0.5,138.2,100,,,,,,,,,,,,,,,,,,,138.7,150,,,,,,,,,,,,,,,,,,
2026-07-08T00:02:49.270263+00:00,2026-07-08T00:02:49.270168,2,1,138.55,0.3,138.4,100,138.2,100,,,,,,,,,,,,,,,,,138.7,150,,,,,,,,,,,,,,,,,,
2026-07-08T00:02:49.320970+00:00,2026-07-08T00:02:49.320894,2,2,138.55,0.3,138.4,100,138.2,100,,,,,,,,,,,,,,,,,138.7,150,138.9,100,,,,,,,,,,,,,,,,
2026-07-08T00:02:49.635735+00:00,2026-07-08T00:02:49.635706,2,2,138.55,0.3,138.4,100,138.2,100,,,,,,,,,,,,,,,,,138.7,104,138.9,100,,,,,,,,,,,,,,,,
2026-07-08T00:02:49.853384+00:00,2026-07-08T00:02:49.853349,1,1,138.65,0.5,138.4,100,,,,,,,,,,,,,,,,,,,138.9,100,,,,,,,,,,,,,,,,,,
2026-07-08T00:02:49.908487+00:00,2026-07-08T00:02:49.908444,2,1,138.65,0.5,138.4,100,138.1,150,,,,,,,,,,,,,,,,,138.9,100,,,,,,,,,,,,,,,,,,
2026-07-08T00:02:49.958613+00:00,2026-07-08T00:02:49.956306,2,2,138.5,0.2,138.4,100,138.1,150,,,,,,,,,,,,,,,,,138.6,150,138.9,100,,,,,,,,,,,,,,,,
2026-07-08T00:02:52.374400+00:00,2026-07-08T00:02:52.374263,1,1,138.35,0.5,138.1,150,,,,,,,,,,,,,,,,,,,138.6,150,,,,,,,,,,,,,,,,,,
2026-07-08T00:02:52.434544+00:00,2026-07-08T00:02:52.434653,2,1,138.45,0.3,138.3,100,138.1,150,,,,,,,,,,,,,,,,,138.6,150,,,,,,,,,,,,,,,,,,
2026-07-08T00:02:52.488258+00:00,2026-07-08T00:02:52.488183,2,2,138.45,0.3,138.3,100,138.1,150,,,,,,,,,,,,,,,,,138.6,150,138.8,100,,,,,,,,,,,,,,,,
2026-07-08T00:02:52.658677+00:00,2026-07-08T00:02:52.655700,2,2,138.45,0.3,138.3,59,138.1,150,,,,,,,,,,,,,,,,,138.6,150,138.8,100,,,,,,,,,,,,,,,,
2026-07-08T00:02:53.014373+00:00,2026-07-08T00:02:53.014276,2,1,138.55,0.5,138.3,59,138.1,150,,,,,,,,,,,,,,,,,138.8,100,,,,,,,,,,,,,,,,,,
2026-07-08T00:02:53.019573+00:00,2026-07-08T00:02:53.019531,1,1,138.55,0.5,138.3,59,,,,,,,,,,,,,,,,,,,138.8,100,,,,,,,,,,,,,,,,,,
2026-07-08T00:02:53.072790+00:00,2026-07-08T00:02:53.072678,2,1,138.55,0.5,138.3,59,138.1,150,,,,,,,,,,,,,,,,,138.8,100,,,,,,,,,,,,,,,,,,
2026-07-08T00:02:53.126081+00:00,2026-07-08T00:02:53.126045,2,2,138.45,0.3,138.3,59,138.1,150,,,,,,,,,,,,,,,,,138.6,150,138.8,100,,,,,,,,,,,,,,,,
2026-07-08T00:02:53.958690+00:00,2026-07-08T00:02:53.953093,2,2,138.45,0.3,138.3,59,138.1,150,,,,,,,,,,,,,,,,,138.6,100,138.8,100,,,,,,,,,,,,,,,,
2026-07-08T00:02:54.828843+00:00,2026-07-08T00:02:54.828769,2,2,138.45,0.3,138.3,59,138.1,150,,,,,,,,,,,,,,,,,138.6,59,138.8,100,,,,,,,,,,,,,,,,
2026-07-08T00:02:55.543228+00:00,2026-07-08T00:02:55.543188,1,1,138.35,0.5,138.1,150,,,,,,,,,,,,,,,,,,,138.6,59,,,,,,,,,,,,,,,,,,
2026-07-08T00:02:55.598405+00:00,2026-07-08T00:02:55.598289,2,1,138.35,0.5,138.1,150,137.7,100,,,,,,,,,,,,,,,,,138.6,59,,,,,,,,,,,,,,,,,,
2026-07-08T00:02:55.651205+00:00,2026-07-08T00:02:55.651112,2,2,138.15,0.1,138.1,150,137.7,100,,,,,,,,,,,,,,,,,138.2,100,138.6,59,,,,,,,,,,,,,,,,
2026-07-08T00:02:56.111146+00:00,2026-07-08T00:02:56.111261,2,2,138.15,0.1,138.1,100,137.7,100,,,,,,,,,,,,,,,,,138.2,100,138.6,59,,,,,,,,,,,,,,,,
2026-07-08T00:02:56.181076+00:00,2026-07-08T00:02:56.181018,1,1,137.95,0.5,137.7,100,,,,,,,,,,,,,,,,,,,138.2,100,,,,,,,,,,,,,,,,,,
2026-07-08T00:02:56.236966+00:00,2026-07-08T00:02:56.236891,2,1,138.15,0.1,138.1,150,137.7,100,,,,,,,,,,,,,,,,,138.2,100,,,,,,,,,,,,,,,,,,
2026-07-08T00:02:56.290411+00:00,2026-07-08T00:02:56.290337,2,2,138.15,0.1,138.1,150,137.7,100,,,,,,,,,,,,,,,,,138.2,100,138.6,150,,,,,,,,,,,,,,,,
2026-07-08T00:02:56.971925+00:00,2026-07-08T00:02:56.972122,2,2,138.15,0.1,138.1,150,137.7,100,,,,,,,,,,,,,,,,,138.2,60,138.6,150,,,,,,,,,,,,,,,,
2026-07-08T00:02:58.220125+00:00,2026-07-08T00:02:58.220061,2,2,138.15,0.1,138.1,100,137.7,100,,,,,,,,,,,,,,,,,138.2,60,138.6,150,,,,,,,,,,,,,,,,
2026-07-08T00:02:58.702632+00:00,2026-07-08T00:02:58.702605,2,1,138.35,0.5,138.1,100,137.7,100,,,,,,,,,,,,,,,,,138.6,150,,,,,,,,,,,,,,,,,,
2026-07-08T00:02:58.707808+00:00,2026-07-08T00:02:58.707768,1,1,138.35,0.5,138.1,100,,,,,,,,,,,,,,,,,,,138.6,150,,,,,,,,,,,,,,,,,,
2026-07-08T00:02:58.758595+00:00,2026-07-08T00:02:58.753662,1,1,138.35,0.5,138.1,200,,,,,,,,,,,,,,,,,,,138.6,150,,,,,,,,,,,,,,,,,,
2026-07-08T00:02:58.811948+00:00,2026-07-08T00:02:58.811907,1,1,138.35,0.5,138.1,200,,,,,,,,,,,,,,,,,,,138.6,250,,,,,,,,,,,,,,,,,,
2026-07-08T00:02:59.346279+00:00,2026-07-08T00:02:59.346162,1,1,138.35,0.5,138.1,100,,,,,,,,,,,,,,,,,,,138.6,100,,,,,,,,,,,,,,,,,,
2026-07-08T00:02:59.400620+00:00,2026-07-08T00:02:59.400546,2,1,138.35,0.5,138.1,100,137.9,150,,,,,,,,,,,,,,,,,138.6,100,,,,,,,,,,,,,,,,,,
2026-07-08T00:02:59.458570+00:00,2026-07-08T00:02:59.450043,2,2,138.25,0.3,138.1,100,137.9,150,,,,,,,,,,,,,,,,,138.4,150,138.6,100,,,,,,,,,,,,,,,,
2026-07-08T00:03:00.325019+00:00,2026-07-08T00:03:00.324953,2,2,138.25,0.3,138.1,50,137.9,150,,,,,,,,,,,,,,,,,138.4,150,138.6,100,,,,,,,,,,,,,,,,
2026-07-08T00:03:01.858548+00:00,2026-07-08T00:03:01.857922,1,1,138.15,0.5,137.9,150,,,,,,,,,,,,,,,,,,,138.4,150,,,,,,,,,,,,,,,,,,
2026-07-08T00:03:01.918677+00:00,2026-07-08T00:03:01.918627,2,1,138.15,0.5,137.9,150,137.7,100,,,,,,,,,,,,,,,,,138.4,150,,,,,,,,,,,,,,,,,,
2026-07-08T00:03:01.976832+00:00,2026-07-08T00:03:01.976663,2,2,138.05,0.3,137.9,150,137.7,100,,,,,,,,,,,,,,,,,138.2,100,138.4,150,,,,,,,,,,,,,,,,
2026-07-08T00:03:02.458571+00:00,2026-07-08T00:03:02.457560,2,2,138.05,0.3,137.9,100,137.7,100,,,,,,,,,,,,,,,,,138.2,100,138.4,150,,,,,,,,,,,,,,,,
2026-07-08T00:03:02.515196+00:00,2026-07-08T00:03:02.515104,1,1,137.95,0.5,137.7,100,,,,,,,,,,,,,,,,,,,138.2,100,,,,,,,,,,,,,,,,,,
2026-07-08T00:03:02.568897+00:00,2026-07-08T00:03:02.568841,2,1,137.95,0.5,137.7,100,137.6,150,,,,,,,,,,,,,,,,,138.2,100,,,,,,,,,,,,,,,,,,
2026-07-08T00:03:02.624458+00:00,2026-07-08T00:03:02.624324,2,2,137.9,0.4,137.7,100,137.6,150,,,,,,,,,,,,,,,,,138.1,150,138.2,100,,,,,,,,,,,,,,,,
2026-07-08T00:03:03.588971+00:00,2026-07-08T00:03:03.588871,2,2,137.9,0.4,137.7,100,137.6,150,,,,,,,,,,,,,,,,,138.1,109,138.2,100,,,,,,,,,,,,,,,,
2026-07-08T00:03:04.558563+00:00,2026-07-08T00:03:04.557641,2,2,137.9,0.4,137.7,50,137.6,150,,,,,,,,,,,,,,,,,138.1,109,138.2,100,,,,,,,,,,,,,,,,
2026-07-08T00:03:04.820042+00:00,2026-07-08T00:03:04.819980,2,2,137.9,0.4,137.7,1,137.6,150,,,,,,,,,,,,,,,,,138.1,109,138.2,100,,,,,,,,,,,,,,,,
2026-07-08T00:03:05.030478+00:00,2026-07-08T00:03:05.030440,1,1,137.85,0.5,137.6,150,,,,,,,,,,,,,,,,,,,138.1,109,,,,,,,,,,,,,,,,,,
2026-07-08T00:03:05.085268+00:00,2026-07-08T00:03:05.085335,1,1,137.85,0.5,137.6,250,,,,,,,,,,,,,,,,,,,138.1,109,,,,,,,,,,,,,,,,,,
2026-07-08T00:03:05.133772+00:00,2026-07-08T00:03:05.133664,1,1,137.85,0.5,137.6,250,,,,,,,,,,,,,,,,,,,138.1,209,,,,,,,,,,,,,,,,,,
2026-07-08T00:03:05.526834+00:00,2026-07-08T00:03:05.520035,1,1,137.85,0.5,137.6,250,,,,,,,,,,,,,,,,,,,138.1,197,,,,,,,,,,,,,,,,,,
2026-07-08T00:03:05.676160+00:00,2026-07-08T00:03:05.676075,1,1,137.85,0.5,137.6,100,,,,,,,,,,,,,,,,,,,138.1,100,,,,,,,,,,,,,,,,,,
2026-07-08T00:03:05.729163+00:00,2026-07-08T00:03:05.729066,2,1,138.0,0.2,137.9,150,137.6,100,,,,,,,,,,,,,,,,,138.1,100,,,,,,,,,,,,,,,,,,
2026-07-08T00:03:05.781975+00:00,2026-07-08T00:03:05.781902,2,2,138.0,0.2,137.9,150,137.6,100,,,,,,,,,,,,,,,,,138.1,100,138.4,150,,,,,,,,,,,,,,,,
2026-07-08T00:03:06.667675+00:00,2026-07-08T00:03:06.667646,2,2,138.0,0.2,137.9,100,137.6,100,,,,,,,,,,,,,,,,,138.1,100,138.4,150,,,,,,,,,,,,,,,,
2026-07-08T00:03:08.193730+00:00,2026-07-08T00:03:08.193665,1,1,138.15,0.5,137.9,100,,,,,,,,,,,,,,,,,,,138.4,150,,,,,,,,,,,,,,,,,,
2026-07-08T00:03:08.258599+00:00,2026-07-08T00:03:08.248495,2,1,138.15,0.5,137.9,100,137.6,100,,,,,,,,,,,,,,,,,138.4,150,,,,,,,,,,,,,,,,,,
2026-07-08T00:03:08.314497+00:00,2026-07-08T00:03:08.314435,2,2,138.0,0.2,137.9,100,137.6,100,,,,,,,,,,,,,,,,,138.1,100,138.4,150,,,,,,,,,,,,,,,,
2026-07-08T00:03:08.727945+00:00,2026-07-08T00:03:08.727898,2,2,138.0,0.2,137.9,100,137.6,100,,,,,,,,,,,,,,,,,138.1,50,138.4,150,,,,,,,,,,,,,,,,
2026-07-08T00:03:08.836458+00:00,2026-07-08T00:03:08.836547,1,1,137.85,0.5,137.6,100,,,,,,,,,,,,,,,,,,,138.1,50,,,,,,,,,,,,,,,,,,
2026-07-08T00:03:08.890541+00:00,2026-07-08T00:03:08.890457,2,1,137.9,0.4,137.7,150,137.6,100,,,,,,,,,,,,,,,,,138.1,50,,,,,,,,,,,,,,,,,,
2026-07-08T00:03:08.941682+00:00,2026-07-08T00:03:08.941575,2,2,137.9,0.4,137.7,150,137.6,100,,,,,,,,,,,,,,,,,138.1,50,138.2,150,,,,,,,,,,,,,,,,
2026-07-08T00:03:10.885381+00:00,2026-07-08T00:03:10.885215,2,2,137.9,0.4,137.7,100,137.6,100,,,,,,,,,,,,,,,,,138.1,50,138.2,150,,,,,,,,,,,,,,,,
2026-07-08T00:03:11.369976+00:00,2026-07-08T00:03:11.369946,1,1,137.95,0.5,137.7,100,,,,,,,,,,,,,,,,,,,138.2,150,,,,,,,,,,,,,,,,,,
2026-07-08T00:03:11.420691+00:00,2026-07-08T00:03:11.420570,1,1,137.95,0.5,137.7,200,,,,,,,,,,,,,,,,,,,138.2,150,,,,,,,,,,,,,,,,,,
2026-07-08T00:03:11.476519+00:00,2026-07-08T00:03:11.476481,1,1,137.95,0.5,137.7,200,,,,,,,,,,,,,,,,,,,138.2,250,,,,,,,,,,,,,,,,,,
2026-07-08T00:03:11.999279+00:00,2026-07-08T00:03:11.999200,1,1,137.95,0.5,137.7,100,,,,,,,,,,,,,,,,,,,138.2,100,,,,,,,,,,,,,,,,,,
2026-07-08T00:03:12.053200+00:00,2026-07-08T00:03:12.053084,2,1,137.95,0.5,137.7,100,137.6,150,,,,,,,,,,,,,,,,,138.2,100,,,,,,,,,,,,,,,,,,
2026-07-08T00:03:12.103290+00:00,2026-07-08T00:03:12.103222,2,2,137.9,0.4,137.7,100,137.6,150,,,,,,,,,,,,,,,,,138.1,150,138.2,100,,,,,,,,,,,,,,,,
2026-07-08T00:03:12.940303+00:00,2026-07-08T00:03:12.940172,2,2,137.9,0.4,137.7,100,137.6,150,,,,,,,,,,,,,,,,,138.1,100,138.2,100,,,,,,,,,,,,,,,,
2026-07-08T00:03:14.558606+00:00,2026-07-08T00:03:14.556709,1,1,137.85,0.5,137.6,150,,,,,,,,,,,,,,,,,,,138.1,100,,,,,,,,,,,,,,,,,,
2026-07-08T00:03:14.615541+00:00,2026-07-08T00:03:14.615480,2,1,137.95,0.3,137.8,100,137.6,150,,,,,,,,,,,,,,,,,138.1,100,,,,,,,,,,,,,,,,,,
2026-07-08T00:03:14.669698+00:00,2026-07-08T00:03:14.669774,2,2,137.95,0.3,137.8,100,137.6,150,,,,,,,,,,,,,,,,,138.1,100,138.3,100,,,,,,,,,,,,,,,,
2026-07-08T00:03:15.058797+00:00,2026-07-08T00:03:15.058727,2,2,137.95,0.3,137.8,100,137.6,150,,,,,,,,,,,,,,,,,138.1,50,138.3,100,,,,,,,,,,,,,,,,
2026-07-08T00:03:15.169306+00:00,2026-07-08T00:03:15.169222,1,1,138.05,0.5,137.8,100,,,,,,,,,,,,,,,,,,,138.3,100,,,,,,,,,,,,,,,,,,
2026-07-08T00:03:15.221542+00:00,2026-07-08T00:03:15.221493,2,1,138.1,0.4,137.9,150,137.8,100,,,,,,,,,,,,,,,,,138.3,100,,,,,,,,,,,,,,,,,,
2026-07-08T00:03:15.274392+00:00,2026-07-08T00:03:15.274359,2,2,138.1,0.4,137.9,150,137.8,100,,,,,,,,,,,,,,,,,138.3,100,138.4,150,,,,,,,,,,,,,,,,
2026-07-08T00:03:16.825936+00:00,2026-07-08T00:03:16.825868,2,2,138.1,0.4,137.9,150,137.8,100,,,,,,,,,,,,,,,,,138.3,52,138.4,150,,,,,,,,,,,,,,,,
2026-07-08T00:03:16.879724+00:00,2026-07-08T00:03:16.879898,2,2,138.1,0.4,137.9,107,137.8,100,,,,,,,,,,,,,,,,,138.3,52,138.4,150,,,,,,,,,,,,,,,,
2026-07-08T00:03:17.158657+00:00,2026-07-08T00:03:17.152456,2,2,138.1,0.4,137.9,107,137.8,100,,,,,,,,,,,,,,,,,138.3,2,138.4,150,,,,,,,,,,,,,,,,
2026-07-08T00:03:17.726477+00:00,2026-07-08T00:03:17.726594,1,1,138.15,0.5,137.9,107,,,,,,,,,,,,,,,,,,,138.4,150,,,,,,,,,,,,,,,,,,
2026-07-08T00:03:17.781606+00:00,2026-07-08T00:03:17.781484,2,1,138.3,0.2,138.2,100,137.9,107,,,,,,,,,,,,,,,,,138.4,150,,,,,,,,,,,,,,,,,,
2026-07-08T00:03:17.834185+00:00,2026-07-08T00:03:17.834156,2,2,138.3,0.2,138.2,100,137.9,107,,,,,,,,,,,,,,,,,138.4,150,138.7,100,,,,,,,,,,,,,,,,
2026-07-08T00:03:18.327571+00:00,2026-07-08T00:03:18.327502,1,1,138.45,0.5,138.2,100,,,,,,,,,,,,,,,,,,,138.7,100,,,,,,,,,,,,,,,,,,
2026-07-08T00:03:18.381212+00:00,2026-07-08T00:03:18.381347,2,1,138.45,0.5,138.2,100,138.0,150,,,,,,,,,,,,,,,,,138.7,100,,,,,,,,,,,,,,,,,,
2026-07-08T00:03:18.434591+00:00,2026-07-08T00:03:18.434693,2,2,138.35,0.3,138.2,100,138.0,150,,,,,,,,,,,,,,,,,138.5,150,138.7,100,,,,,,,,,,,,,,,,
2026-07-08T00:03:19.249705+00:00,2026-07-08T00:03:19.258345,2,2,138.35,0.3,138.2,100,138.0,150,,,,,,,,,,,,,,,,,138.5,100,138.7,100,,,,,,,,,,,,,,,,
2026-07-08T00:03:20.556298+00:00,2026-07-08T00:03:20.556241,2,2,138.35,0.3,138.2,56,138.0,150,,,,,,,,,,,,,,,,,138.5,100,138.7,100,,,,,,,,,,,,,,,,
2026-07-08T00:03:20.888134+00:00,2026-07-08T00:03:20.888084,1,1,138.25,0.5,138.0,150,,,,,,,,,,,,,,,,,,,138.5,100,,,,,,,,,,,,,,,,,,
2026-07-08T00:03:20.943757+00:00,2026-07-08T00:03:20.943573,2,1,138.35,0.3,138.2,100,138.0,150,,,,,,,,,,,,,,,,,138.5,100,,,,,,,,,,,,,,,,,,
2026-07-08T00:03:20.996638+00:00,2026-07-08T00:03:20.996549,2,2,138.35,0.3,138.2,100,138.0,150,,,,,,,,,,,,,,,,,138.5,100,138.7,100,,,,,,,,,,,,,,,,
2026-07-08T00:03:21.426028+00:00,2026-07-08T00:03:21.425949,2,2,138.35,0.3,138.2,50,138.0,150,,,,,,,,,,,,,,,,,138.5,100,138.7,100,,,,,,,,,,,,,,,,
2026-07-08T00:03:21.487507+00:00,2026-07-08T00:03:21.487421,1,1,138.45,0.5,138.2,50,,,,,,,,,,,,,,,,,,,138.7,100,,,,,,,,,,,,,,,,,,
2026-07-08T00:03:21.541058+00:00,2026-07-08T00:03:21.540946,2,1,138.45,0.5,138.2,50,138.1,150,,,,,,,,,,,,,,,,,138.7,100,,,,,,,,,,,,,,,,,,
2026-07-08T00:03:21.595080+00:00,2026-07-08T00:03:21.594924,2,2,138.4,0.4,138.2,50,138.1,150,,,,,,,,,,,,,,,,,138.6,150,138.7,100,,,,,,,,,,,,,,,,
2026-07-08T00:03:23.534408+00:00,2026-07-08T00:03:23.534552,1,2,138.35,0.5,138.1,150,,,,,,,,,,,,,,,,,,,138.6,150,138.7,100,,,,,,,,,,,,,,,,
2026-07-08T00:03:24.058632+00:00,2026-07-08T00:03:24.051077,1,1,138.35,0.5,138.1,150,,,,,,,,,,,,,,,,,,,138.6,150,,,,,,,,,,,,,,,,,,
2026-07-08T00:03:24.098713+00:00,2026-07-08T00:03:24.098658,2,1,138.35,0.5,138.1,150,137.7,100,,,,,,,,,,,,,,,,,138.6,150,,,,,,,,,,,,,,,,,,
2026-07-08T00:03:24.152837+00:00,2026-07-08T00:03:24.153061,2,2,138.15,0.1,138.1,150,137.7,100,,,,,,,,,,,,,,,,,138.2,100,138.6,150,,,,,,,,,,,,,,,,
2026-07-08T00:03:24.423059+00:00,2026-07-08T00:03:24.422928,2,2,138.15,0.1,138.1,150,137.7,100,,,,,,,,,,,,,,,,,138.2,58,138.6,150,,,,,,,,,,,,,,,,
2026-07-08T00:03:24.652214+00:00,2026-07-08T00:03:24.652388,1,1,137.95,0.5,137.7,100,,,,,,,,,,,,,,,,,,,138.2,58,,,,,,,,,,,,,,,,,,
2026-07-08T00:03:24.706314+00:00,2026-07-08T00:03:24.706218,2,1,138.1,0.2,138.0,150,137.7,100,,,,,,,,,,,,,,,,,138.2,58,,,,,,,,,,,,,,,,,,
2026-07-08T00:03:24.757650+00:00,2026-07-08T00:03:24.757793,2,2,138.1,0.2,138.0,150,137.7,100,,,,,,,,,,,,,,,,,138.2,58,138.5,150,,,,,,,,,,,,,,,,
2026-07-08T00:03:25.593641+00:00,2026-07-08T00:03:25.593533,2,2,138.1,0.2,138.0,150,137.7,100,,,,,,,,,,,,,,,,,138.2,8,138.5,150,,,,,,,,,,,,,,,,
2026-07-08T00:03:27.211198+00:00,2026-07-08T00:03:27.211124,2,1,138.25,0.5,138.0,150,137.7,100,,,,,,,,,,,,,,,,,138.5,150,,,,,,,,,,,,,,,,,,
2026-07-08T00:03:27.216202+00:00,2026-07-08T00:03:27.216285,1,1,138.25,0.5,138.0,150,,,,,,,,,,,,,,,,,,,138.5,150,,,,,,,,,,,,,,,,,,
2026-07-08T00:03:27.275022+00:00,2026-07-08T00:03:27.274957,2,1,138.3,0.4,138.1,100,138.0,150,,,,,,,,,,,,,,,,,138.5,150,,,,,,,,,,,,,,,,,,
2026-07-08T00:03:27.328548+00:00,2026-07-08T00:03:27.328429,2,2,138.3,0.4,138.1,100,138.0,150,,,,,,,,,,,,,,,,,138.5,150,138.6,100,,,,,,,,,,,,,,,,
2026-07-08T00:03:27.698123+00:00,2026-07-08T00:03:27.698049,2,2,138.3,0.4,138.1,100,138.0,150,,,,,,,,,,,,,,,,,138.5,100,138.6,100,,,,,,,,,,,,,,,,
2026-07-08T00:03:27.817722+00:00,2026-07-08T00:03:27.817680,1,1,138.35,0.5,138.1,100,,,,,,,,,,,,,,,,,,,138.6,100,,,,,,,,,,,,,,,,,,
2026-07-08T00:03:27.875761+00:00,2026-07-08T00:03:27.875591,2,1,138.45,0.3,138.3,150,138.1,100,,,,,,,,,,,,,,,,,138.6,100,,,,,,,,,,,,,,,,,,
2026-07-08T00:03:27.926640+00:00,2026-07-08T00:03:27.926577,2,2,138.45,0.3,138.3,150,138.1,100,,,,,,,,,,,,,,,,,138.6,100,138.8,150,,,,,,,,,,,,,,,,
2026-07-08T00:03:28.123903+00:00,2026-07-08T00:03:28.123786,2,2,138.45,0.3,138.3,150,138.1,100,,,,,,,,,,,,,,,,,138.6,57,138.8,150,,,,,,,,,,,,,,,,
2026-07-08T00:03:29.804981+00:00,2026-07-08T00:03:29.804883,2,2,138.45,0.3,138.3,150,138.1,100,,,,,,,,,,,,,,,,,138.6,7,138.8,150,,,,,,,,,,,,,,,,
2026-07-08T00:03:30.384901+00:00,2026-07-08T00:03:30.384765,1,1,138.55,0.5,138.3,150,,,,,,,,,,,,,,,,,,,138.8,150,,,,,,,,,,,,,,,,,,
2026-07-08T00:03:30.438855+00:00,2026-07-08T00:03:30.438924,2,1,138.7,0.2,138.6,100,138.3,150,,,,,,,,,,,,,,,,,138.8,150,,,,,,,,,,,,,,,,,,
2026-07-08T00:03:30.450004+00:00,2026-07-08T00:03:30.443192,2,1,138.7,0.2,138.6,88,138.3,150,,,,,,,,,,,,,,,,,138.8,150,,,,,,,,,,,,,,,,,,
2026-07-08T00:03:30.493017+00:00,2026-07-08T00:03:30.492912,2,2,138.7,0.2,138.6,88,138.3,150,,,,,,,,,,,,,,,,,138.8,150,139.1,100,,,,,,,,,,,,,,,,
2026-07-08T00:03:30.980852+00:00,2026-07-08T00:03:30.980743,2,1,138.85,0.5,138.6,88,138.3,150,,,,,,,,,,,,,,,,,139.1,100,,,,,,,,,,,,,,,,,,
2026-07-08T00:03:30.985823+00:00,2026-07-08T00:03:30.985897,1,1,138.85,0.5,138.6,88,,,,,,,,,,,,,,,,,,,139.1,100,,,,,,,,,,,,,,,,,,
2026-07-08T00:03:31.039470+00:00,2026-07-08T00:03:31.039365,2,1,138.85,0.5,138.6,88,138.4,150,,,,,,,,,,,,,,,,,139.1,100,,,,,,,,,,,,,,,,,,
2026-07-08T00:03:31.091942+00:00,2026-07-08T00:03:31.091906,2,2,138.75,0.3,138.6,88,138.4,150,,,,,,,,,,,,,,,,,138.9,150,139.1,100,,,,,,,,,,,,,,,,
2026-07-08T00:03:31.915018+00:00,2026-07-08T00:03:31.914901,2,2,138.75,0.3,138.6,88,138.4,150,,,,,,,,,,,,,,,,,138.9,100,139.1,100,,,,,,,,,,,,,,,,
2026-07-08T00:03:32.242467+00:00,2026-07-08T00:03:32.242325,2,2,138.75,0.3,138.6,44,138.4,150,,,,,,,,,,,,,,,,,138.9,100,139.1,100,,,,,,,,,,,,,,,,
2026-07-08T00:03:33.549180+00:00,2026-07-08T00:03:33.549080,1,1,138.65,0.5,138.4,150,,,,,,,,,,,,,,,,,,,138.9,100,,,,,,,,,,,,,,,,,,
2026-07-08T00:03:33.604940+00:00,2026-07-08T00:03:33.604919,1,1,138.65,0.5,138.4,250,,,,,,,,,,,,,,,,,,,138.9,100,,,,,,,,,,,,,,,,,,
2026-07-08T00:03:33.658569+00:00,2026-07-08T00:03:33.651751,1,1,138.65,0.5,138.4,250,,,,,,,,,,,,,,,,,,,138.9,200,,,,,,,,,,,,,,,,,,
2026-07-08T00:03:34.021461+00:00,2026-07-08T00:03:34.021359,1,1,138.65,0.5,138.4,250,,,,,,,,,,,,,,,,,,,138.9,150,,,,,,,,,,,,,,,,,,
2026-07-08T00:03:34.146737+00:00,2026-07-08T00:03:34.146613,1,1,138.65,0.5,138.4,100,,,,,,,,,,,,,,,,,,,138.9,100,,,,,,,,,,,,,,,,,,
2026-07-08T00:03:34.201763+00:00,2026-07-08T00:03:34.201900,2,0,,,138.9,50,138.4,100,,,,,,,,,,,,,,,,,,,,,,,,,,,,,,,,,,,,
2026-07-08T00:03:34.268450+00:00,2026-07-08T00:03:34.262558,2,1,139.15,0.5,138.9,16,138.4,100,,,,,,,,,,,,,,,,,139.4,150,,,,,,,,,,,,,,,,,,
2026-07-08T00:03:36.182979+00:00,2026-07-08T00:03:36.182958,1,1,138.9,1.0,138.4,66,,,,,,,,,,,,,,,,,,,139.4,150,,,,,,,,,,,,,,,,,,
2026-07-08T00:03:36.712927+00:00,2026-07-08T00:03:36.712816,0,1,,,,,,,,,,,,,,,,,,,,,,,139.4,150,,,,,,,,,,,,,,,,,,
2026-07-08T00:03:36.758577+00:00,2026-07-08T00:03:36.756288,1,1,139.0,0.8,138.6,100,,,,,,,,,,,,,,,,,,,139.4,150,,,,,,,,,,,,,,,,,,
2026-07-08T00:03:36.819227+00:00,2026-07-08T00:03:36.819031,1,2,138.85,0.5,138.6,100,,,,,,,,,,,,,,,,,,,139.1,100,139.4,150,,,,,,,,,,,,,,,,
2026-07-08T00:03:37.309098+00:00,2026-07-08T00:03:37.309242,1,1,138.85,0.5,138.6,100,,,,,,,,,,,,,,,,,,,139.1,100,,,,,,,,,,,,,,,,,,
2026-07-08T00:03:37.366316+00:00,2026-07-08T00:03:37.366243,2,1,138.85,0.5,138.6,100,138.3,150,,,,,,,,,,,,,,,,,139.1,100,,,,,,,,,,,,,,,,,,
2026-07-08T00:03:37.419412+00:00,2026-07-08T00:03:37.419315,2,2,138.7,0.2,138.6,100,138.3,150,,,,,,,,,,,,,,,,,138.8,150,139.1,100,,,,,,,,,,,,,,,,
2026-07-08T00:03:37.752011+00:00,2026-07-08T00:03:37.751958,2,2,138.7,0.2,138.6,56,138.3,150,,,,,,,,,,,,,,,,,138.8,150,139.1,100,,,,,,,,,,,,,,,,
2026-07-08T00:03:38.289370+00:00,2026-07-08T00:03:38.289270,2,2,138.7,0.2,138.6,14,138.3,150,,,,,,,,,,,,,,,,,138.8,150,139.1,100,,,,,,,,,,,,,,,,
2026-07-08T00:03:38.801811+00:00,2026-07-08T00:03:38.801722,2,2,138.7,0.2,138.6,14,138.3,150,,,,,,,,,,,,,,,,,138.8,109,139.1,100,,,,,,,,,,,,,,,,
2026-07-08T00:03:39.845483+00:00,2026-07-08T00:03:39.845446,2,2,138.7,0.2,138.6,14,138.3,150,,,,,,,,,,,,,,,,,138.8,67,139.1,100,,,,,,,,,,,,,,,,
2026-07-08T00:03:39.872001+00:00,2026-07-08T00:03:39.871927,2,1,138.7,0.2,138.6,14,138.3,150,,,,,,,,,,,,,,,,,138.8,67,,,,,,,,,,,,,,,,,,
2026-07-08T00:03:39.877011+00:00,2026-07-08T00:03:39.877086,1,1,138.55,0.5,138.3,150,,,,,,,,,,,,,,,,,,,138.8,67,,,,,,,,,,,,,,,,,,
2026-07-08T00:03:39.927252+00:00,2026-07-08T00:03:39.927147,1,1,138.55,0.5,138.3,250,,,,,,,,,,,,,,,,,,,138.8,67,,,,,,,,,,,,,,,,,,
2026-07-08T00:03:39.980477+00:00,2026-07-08T00:03:39.978746,1,1,138.55,0.5,138.3,250,,,,,,,,,,,,,,,,,,,138.8,167,,,,,,,,,,,,,,,,,,
2026-07-08T00:03:40.399453+00:00,2026-07-08T00:03:40.399354,1,1,138.55,0.5,138.3,200,,,,,,,,,,,,,,,,,,,138.8,167,,,,,,,,,,,,,,,,,,
2026-07-08T00:03:40.472358+00:00,2026-07-08T00:03:40.472250,1,1,138.55,0.5,138.3,100,,,,,,,,,,,,,,,,,,,138.8,100,,,,,,,,,,,,,,,,,,
2026-07-08T00:03:40.529626+00:00,2026-07-08T00:03:40.529537,1,1,138.55,0.5,138.3,250,,,,,,,,,,,,,,,,,,,138.8,100,,,,,,,,,,,,,,,,,,
2026-07-08T00:03:40.586452+00:00,2026-07-08T00:03:40.586407,1,1,138.55,0.5,138.3,250,,,,,,,,,,,,,,,,,,,138.8,250,,,,,,,,,,,,,,,,,,
2026-07-08T00:03:42.184591+00:00,2026-07-08T00:03:42.184484,1,1,138.55,0.5,138.3,250,,,,,,,,,,,,,,,,,,,138.8,207,,,,,,,,,,,,,,,,,,
2026-07-08T00:03:42.424079+00:00,2026-07-08T00:03:42.418053,1,1,138.55,0.5,138.3,250,,,,,,,,,,,,,,,,,,,138.8,196,,,,,,,,,,,,,,,,,,
2026-07-08T00:03:42.506649+00:00,2026-07-08T00:03:42.506622,1,1,138.55,0.5,138.3,200,,,,,,,,,,,,,,,,,,,138.8,196,,,,,,,,,,,,,,,,,,
2026-07-08T00:03:43.040229+00:00,2026-07-08T00:03:43.040138,1,1,138.55,0.5,138.3,150,,,,,,,,,,,,,,,,,,,138.8,150,,,,,,,,,,,,,,,,,,
2026-07-08T00:03:43.094583+00:00,2026-07-08T00:03:43.094664,2,1,138.65,0.3,138.5,100,138.3,150,,,,,,,,,,,,,,,,,138.8,150,,,,,,,,,,,,,,,,,,
2026-07-08T00:03:43.142972+00:00,2026-07-08T00:03:43.143062,2,2,138.65,0.3,138.5,100,138.3,150,,,,,,,,,,,,,,,,,138.8,150,139.0,100,,,,,,,,,,,,,,,,
2026-07-08T00:03:43.643256+00:00,2026-07-08T00:03:43.643121,1,1,138.75,0.5,138.5,100,,,,,,,,,,,,,,,,,,,139.0,100,,,,,,,,,,,,,,,,,,
2026-07-08T00:03:43.695494+00:00,2026-07-08T00:03:43.695385,2,1,138.8,0.4,138.6,150,138.5,100,,,,,,,,,,,,,,,,,139.0,100,,,,,,,,,,,,,,,,,,
2026-07-08T00:03:43.746553+00:00,2026-07-08T00:03:43.746451,2,2,138.8,0.4,138.6,150,138.5,100,,,,,,,,,,,,,,,,,139.0,100,139.1,150,,,,,,,,,,,,,,,,
2026-07-08T00:03:43.758616+00:00,2026-07-08T00:03:43.756801,2,2,138.8,0.4,138.6,104,138.5,100,,,,,,,,,,,,,,,,,139.0,100,139.1,150,,,,,,,,,,,,,,,,
2026-07-08T00:03:44.613245+00:00,2026-07-08T00:03:44.613212,2,2,138.8,0.4,138.6,54,138.5,100,,,,,,,,,,,,,,,,,139.0,100,139.1,150,,,,,,,,,,,,,,,,
2026-07-08T00:03:45.479418+00:00,2026-07-08T00:03:45.479298,2,2,138.8,0.4,138.6,54,138.5,100,,,,,,,,,,,,,,,,,139.0,57,139.1,150,,,,,,,,,,,,,,,,
2026-07-08T00:03:46.197932+00:00,2026-07-08T00:03:46.197873,2,1,138.85,0.5,138.6,54,138.5,100,,,,,,,,,,,,,,,,,139.1,150,,,,,,,,,,,,,,,,,,
2026-07-08T00:03:46.203107+00:00,2026-07-08T00:03:46.203032,1,1,138.85,0.5,138.6,54,,,,,,,,,,,,,,,,,,,139.1,150,,,,,,,,,,,,,,,,,,
2026-07-08T00:03:46.253020+00:00,2026-07-08T00:03:46.252873,2,1,138.9,0.4,138.7,100,138.6,54,,,,,,,,,,,,,,,,,139.1,150,,,,,,,,,,,,,,,,,,
2026-07-08T00:03:46.306026+00:00,2026-07-08T00:03:46.305982,2,2,138.9,0.4,138.7,100,138.6,54,,,,,,,,,,,,,,,,,139.1,150,139.2,100,,,,,,,,,,,,,,,,
2026-07-08T00:03:46.806605+00:00,2026-07-08T00:03:46.806526,1,1,138.95,0.5,138.7,100,,,,,,,,,,,,,,,,,,,139.2,100,,,,,,,,,,,,,,,,,,
2026-07-08T00:03:46.858755+00:00,2026-07-08T00:03:46.858650,2,1,138.95,0.5,138.7,100,138.2,150,,,,,,,,,,,,,,,,,139.2,100,,,,,,,,,,,,,,,,,,
2026-07-08T00:03:46.924409+00:00,2026-07-08T00:03:46.918035,1,2,138.45,0.5,138.2,150,,,,,,,,,,,,,,,,,,,138.7,38,139.2,100,,,,,,,,,,,,,,,,
2026-07-08T00:03:49.358940+00:00,2026-07-08T00:03:49.358896,1,1,138.45,0.5,138.2,150,,,,,,,,,,,,,,,,,,,138.7,38,,,,,,,,,,,,,,,,,,
2026-07-08T00:03:49.412071+00:00,2026-07-08T00:03:49.412037,2,1,138.55,0.3,138.4,100,138.2,150,,,,,,,,,,,,,,,,,138.7,38,,,,,,,,,,,,,,,,,,
2026-07-08T00:03:49.464969+00:00,2026-07-08T00:03:49.464890,2,2,138.55,0.3,138.4,100,138.2,150,,,,,,,,,,,,,,,,,138.7,38,138.9,100,,,,,,,,,,,,,,,,
2026-07-08T00:03:49.970669+00:00,2026-07-08T00:03:49.970577,1,1,138.65,0.5,138.4,100,,,,,,,,,,,,,,,,,,,138.9,100,,,,,,,,,,,,,,,,,,
2026-07-08T00:03:50.025677+00:00,2026-07-08T00:03:50.025806,2,1,138.75,0.3,138.6,150,138.4,100,,,,,,,,,,,,,,,,,138.9,100,,,,,,,,,,,,,,,,,,
2026-07-08T00:03:50.078986+00:00,2026-07-08T00:03:50.078887,2,2,138.75,0.3,138.6,150,138.4,100,,,,,,,,,,,,,,,,,138.9,100,139.1,150,,,,,,,,,,,,,,,,
2026-07-08T00:03:50.889925+00:00,2026-07-08T00:03:50.889862,2,2,138.75,0.3,138.6,150,138.4,100,,,,,,,,,,,,,,,,,138.9,50,139.1,150,,,,,,,,,,,,,,,,
2026-07-08T00:03:52.164049+00:00,2026-07-08T00:03:52.163830,2,2,138.75,0.3,138.6,106,138.4,100,,,,,,,,,,,,,,,,,138.9,50,139.1,150,,,,,,,,,,,,,,,,
2026-07-08T00:03:52.518454+00:00,2026-07-08T00:03:52.518310,2,1,138.85,0.5,138.6,106,138.4,100,,,,,,,,,,,,,,,,,139.1,150,,,,,,,,,,,,,,,,,,
2026-07-08T00:03:52.523624+00:00,2026-07-08T00:03:52.523489,1,1,138.85,0.5,138.6,106,,,,,,,,,,,,,,,,,,,139.1,150,,,,,,,,,,,,,,,,,,
2026-07-08T00:03:52.577275+00:00,2026-07-08T00:03:52.577169,2,1,138.85,0.5,138.6,106,138.5,100,,,,,,,,,,,,,,,,,139.1,150,,,,,,,,,,,,,,,,,,
2026-07-08T00:03:52.629615+00:00,2026-07-08T00:03:52.629700,2,2,138.8,0.4,138.6,106,138.5,100,,,,,,,,,,,,,,,,,139.0,100,139.1,150,,,,,,,,,,,,,,,,
2026-07-08T00:03:52.998088+00:00,2026-07-08T00:03:52.997957,2,2,138.8,0.4,138.6,106,138.5,100,,,,,,,,,,,,,,,,,139.0,50,139.1,150,,,,,,,,,,,,,,,,
2026-07-08T00:03:53.133757+00:00,2026-07-08T00:03:53.133881,1,1,138.75,0.5,138.5,100,,,,,,,,,,,,,,,,,,,139.0,50,,,,,,,,,,,,,,,,,,
2026-07-08T00:03:53.189202+00:00,2026-07-08T00:03:53.189070,2,1,138.75,0.5,138.5,100,138.3,150,,,,,,,,,,,,,,,,,139.0,50,,,,,,,,,,,,,,,,,,
2026-07-08T00:03:53.243993+00:00,2026-07-08T00:03:53.243962,2,2,138.65,0.3,138.5,100,138.3,150,,,,,,,,,,,,,,,,,138.8,150,139.0,50,,,,,,,,,,,,,,,,
2026-07-08T00:03:54.696134+00:00,2026-07-08T00:03:54.696094,2,2,138.65,0.3,138.5,100,138.3,150,,,,,,,,,,,,,,,,,138.8,102,139.0,50,,,,,,,,,,,,,,,,
2026-07-08T00:03:54.752774+00:00,2026-07-08T00:03:54.752648,2,2,138.65,0.3,138.5,58,138.3,150,,,,,,,,,,,,,,,,,138.8,102,139.0,50,,,,,,,,,,,,,,,,
2026-07-08T00:03:55.124963+00:00,2026-07-08T00:03:55.124906,2,2,138.65,0.3,138.5,58,138.3,150,,,,,,,,,,,,,,,,,138.8,52,139.0,50,,,,,,,,,,,,,,,,
2026-07-08T00:03:55.256189+00:00,2026-07-08T00:03:55.256454,2,2,138.65,0.3,138.5,17,138.3,150,,,,,,,,,,,,,,,,,138.8,52,139.0,50,,,,,,,,,,,,,,,,
2026-07-08T00:03:55.682879+00:00,2026-07-08T00:03:55.683009,1,1,138.55,0.5,138.3,150,,,,,,,,,,,,,,,,,,,138.8,52,,,,,,,,,,,,,,,,,,
2026-07-08T00:03:55.737305+00:00,2026-07-08T00:03:55.737249,2,1,138.6,0.4,138.4,100,138.3,150,,,,,,,,,,,,,,,,,138.8,52,,,,,,,,,,,,,,,,,,
2026-07-08T00:03:55.791969+00:00,2026-07-08T00:03:55.792089,2,2,138.6,0.4,138.4,100,138.3,150,,,,,,,,,,,,,,,,,138.8,52,138.9,100,,,,,,,,,,,,,,,,
2026-07-08T00:03:56.298792+00:00,2026-07-08T00:03:56.298677,1,1,138.65,0.5,138.4,100,,,,,,,,,,,,,,,,,,,138.9,100,,,,,,,,,,,,,,,,,,
2026-07-08T00:03:56.351806+00:00,2026-07-08T00:03:56.351716,2,1,138.85,0.1,138.8,150,138.4,100,,,,,,,,,,,,,,,,,138.9,100,,,,,,,,,,,,,,,,,,
2026-07-08T00:03:56.406481+00:00,2026-07-08T00:03:56.406405,2,2,138.85,0.1,138.8,150,138.4,100,,,,,,,,,,,,,,,,,138.9,100,139.3,150,,,,,,,,,,,,,,,,
2026-07-08T00:03:57.233236+00:00,2026-07-08T00:03:57.233113,2,2,138.85,0.1,138.8,150,138.4,100,,,,,,,,,,,,,,,,,138.9,50,139.3,150,,,,,,,,,,,,,,,,
2026-07-08T00:03:57.679501+00:00,2026-07-08T00:03:57.679426,2,2,138.85,0.1,138.8,150,138.4,100,,,,,,,,,,,,,,,,,138.9,10,139.3,150,,,,,,,,,,,,,,,,
2026-07-08T00:03:57.734649+00:00,2026-07-08T00:03:57.734584,2,2,138.85,0.1,138.8,101,138.4,100,,,,,,,,,,,,,,,,,138.9,10,139.3,150,,,,,,,,,,,,,,,,
2026-07-08T00:03:58.847921+00:00,2026-07-08T00:03:58.848093,1,1,139.05,0.5,138.8,101,,,,,,,,,,,,,,,,,,,139.3,150,,,,,,,,,,,,,,,,,,
2026-07-08T00:03:58.903323+00:00,2026-07-08T00:03:58.903281,2,1,139.05,0.5,138.8,101,138.7,100,,,,,,,,,,,,,,,,,139.3,150,,,,,,,,,,,,,,,,,,
2026-07-08T00:03:58.958614+00:00,2026-07-08T00:03:58.956306,2,2,139.0,0.4,138.8,101,138.7,100,,,,,,,,,,,,,,,,,139.2,100,139.3,150,,,,,,,,,,,,,,,,
2026-07-08T00:03:59.407999+00:00,2026-07-08T00:03:59.407911,2,2,139.0,0.4,138.8,51,138.7,100,,,,,,,,,,,,,,,,,139.2,100,139.3,150,,,,,,,,,,,,,,,,
2026-07-08T00:03:59.452414+00:00,2026-07-08T00:03:59.452590,1,1,138.95,0.5,138.7,100,,,,,,,,,,,,,,,,,,,139.2,100,,,,,,,,,,,,,,,,,,
2026-07-08T00:03:59.510342+00:00,2026-07-08T00:03:59.510314,2,1,138.95,0.5,138.7,100,138.5,150,,,,,,,,,,,,,,,,,139.2,100,,,,,,,,,,,,,,,,,,
2026-07-08T00:03:59.558573+00:00,2026-07-08T00:03:59.558419,2,2,138.85,0.3,138.7,100,138.5,150,,,,,,,,,,,,,,,,,139.0,150,139.2,100,,,,,,,,,,,,,,,,
2026-07-08T00:04:01.517418+00:00,2026-07-08T00:04:01.517387,2,2,138.85,0.3,138.7,50,138.5,150,,,,,,,,,,,,,,,,,139.0,150,139.2,100,,,,,,,,,,,,,,,,
2026-07-08T00:04:02.011587+00:00,2026-07-08T00:04:02.011561,1,1,138.75,0.5,138.5,150,,,,,,,,,,,,,,,,,,,139.0,150,,,,,,,,,,,,,,,,,,
2026-07-08T00:04:02.067060+00:00,2026-07-08T00:04:02.066931,2,1,138.85,0.3,138.7,100,138.5,150,,,,,,,,,,,,,,,,,139.0,150,,,,,,,,,,,,,,,,,,
2026-07-08T00:04:02.120703+00:00,2026-07-08T00:04:02.120603,2,2,138.85,0.3,138.7,100,138.5,150,,,,,,,,,,,,,,,,,139.0,150,139.2,100,,,,,,,,,,,,,,,,
2026-07-08T00:04:02.621493+00:00,2026-07-08T00:04:02.621612,1,1,138.95,0.5,138.7,100,,,,,,,,,,,,,,,,,,,139.2,100,,,,,,,,,,,,,,,,,,
2026-07-08T00:04:02.675259+00:00,2026-07-08T00:04:02.675162,2,1,138.95,0.5,138.7,100,138.6,150,,,,,,,,,,,,,,,,,139.2,100,,,,,,,,,,,,,,,,,,
2026-07-08T00:04:02.728830+00:00,2026-07-08T00:04:02.728716,2,2,138.9,0.4,138.7,100,138.6,150,,,,,,,,,,,,,,,,,139.1,150,139.2,100,,,,,,,,,,,,,,,,
2026-07-08T00:04:02.758586+00:00,2026-07-08T00:04:02.752506,2,2,138.9,0.4,138.7,100,138.6,150,,,,,,,,,,,,,,,,,139.1,103,139.2,100,,,,,,,,,,,,,,,,
2026-07-08T00:04:03.645305+00:00,2026-07-08T00:04:03.645140,2,2,138.9,0.4,138.7,50,138.6,150,,,,,,,,,,,,,,,,,139.1,103,139.2,100,,,,,,,,,,,,,,,,
2026-07-08T00:04:04.410471+00:00,2026-07-08T00:04:04.410411,2,2,138.9,0.4,138.7,50,138.6,150,,,,,,,,,,,,,,,,,139.1,60,139.2,100,,,,,,,,,,,,,,,,
2026-07-08T00:04:05.175905+00:00,2026-07-08T00:04:05.176037,1,1,138.85,0.5,138.6,150,,,,,,,,,,,,,,,,,,,139.1,60,,,,,,,,,,,,,,,,,,
2026-07-08T00:04:05.232924+00:00,2026-07-08T00:04:05.232849,2,1,138.85,0.5,138.6,150,138.5,100,,,,,,,,,,,,,,,,,139.1,60,,,,,,,,,,,,,,,,,,
2026-07-08T00:04:05.283914+00:00,2026-07-08T00:04:05.283820,2,2,138.8,0.4,138.6,150,138.5,100,,,,,,,,,,,,,,,,,139.0,100,139.1,60,,,,,,,,,,,,,,,,
2026-07-08T00:04:05.753675+00:00,2026-07-08T00:04:05.753536,2,2,138.8,0.4,138.6,100,138.5,100,,,,,,,,,,,,,,,,,139.0,100,139.1,60,,,,,,,,,,,,,,,,
2026-07-08T00:04:05.783324+00:00,2026-07-08T00:04:05.783246,1,1,138.75,0.5,138.5,100,,,,,,,,,,,,,,,,,,,139.0,100,,,,,,,,,,,,,,,,,,
2026-07-08T00:04:05.834966+00:00,2026-07-08T00:04:05.834829,2,1,138.9,0.2,138.8,150,138.5,100,,,,,,,,,,,,,,,,,139.0,100,,,,,,,,,,,,,,,,,,
2026-07-08T00:04:05.887988+00:00,2026-07-08T00:04:05.887900,2,2,138.9,0.2,138.8,150,138.5,100,,,,,,,,,,,,,,,,,139.0,100,139.3,150,,,,,,,,,,,,,,,,
2026-07-08T00:04:06.302916+00:00,2026-07-08T00:04:06.302795,2,2,138.9,0.2,138.8,110,138.5,100,,,,,,,,,,,,,,,,,139.0,100,139.3,150,,,,,,,,,,,,,,,,
2026-07-08T00:04:07.668901+00:00,2026-07-08T00:04:07.668823,2,2,138.9,0.2,138.8,110,138.5,100,,,,,,,,,,,,,,,,,139.0,52,139.3,150,,,,,,,,,,,,,,,,
2026-07-08T00:04:07.715058+00:00,2026-07-08T00:04:07.715001,2,2,138.9,0.2,138.8,68,138.5,100,,,,,,,,,,,,,,,,,139.0,52,139.3,150,,,,,,,,,,,,,,,,
2026-07-08T00:04:08.333113+00:00,2026-07-08T00:04:08.333009,2,1,139.05,0.5,138.8,68,138.5,100,,,,,,,,,,,,,,,,,139.3,150,,,,,,,,,,,,,,,,,,
2026-07-08T00:04:08.338307+00:00,2026-07-08T00:04:08.338166,1,1,139.05,0.5,138.8,68,,,,,,,,,,,,,,,,,,,139.3,150,,,,,,,,,,,,,,,,,,
2026-07-08T00:04:08.392392+00:00,2026-07-08T00:04:08.392284,2,1,139.05,0.5,138.8,68,138.6,100,,,,,,,,,,,,,,,,,139.3,150,,,,,,,,,,,,,,,,,,
2026-07-08T00:04:08.442503+00:00,2026-07-08T00:04:08.442418,2,2,138.95,0.3,138.8,68,138.6,100,,,,,,,,,,,,,,,,,139.1,100,139.3,150,,,,,,,,,,,,,,,,
2026-07-08T00:04:08.946218+00:00,2026-07-08T00:04:08.946147,1,1,138.85,0.5,138.6,100,,,,,,,,,,,,,,,,,,,139.1,100,,,,,,,,,,,,,,,,,,
2026-07-08T00:04:09.002096+00:00,2026-07-08T00:04:09.001934,2,1,138.85,0.5,138.6,100,138.4,150,,,,,,,,,,,,,,,,,139.1,100,,,,,,,,,,,,,,,,,,
2026-07-08T00:04:09.052591+00:00,2026-07-08T00:04:09.052752,2,2,138.75,0.3,138.6,100,138.4,150,,,,,,,,,,,,,,,,,138.9,150,139.1,100,,,,,,,,,,,,,,,,
2026-07-08T00:04:09.492740+00:00,2026-07-08T00:04:09.492632,2,2,138.75,0.3,138.6,100,138.4,150,,,,,,,,,,,,,,,,,138.9,106,139.1,100,,,,,,,,,,,,,,,,
2026-07-08T00:04:09.917901+00:00,2026-07-08T00:04:09.917855,2,2,138.75,0.3,138.6,100,138.4,150,,,,,,,,,,,,,,,,,138.9,56,139.1,100,,,,,,,,,,,,,,,,
