recv_time,book_timestamp,n_bids,n_asks,mid,spread,bid_px_0,bid_vol_0,bid_px_1,bid_vol_1,bid_px_2,bid_vol_2,bid_px_3,bid_vol_3,bid_px_4,bid_vol_4,bid_px_5,bid_vol_5,bid_px_6,bid_vol_6,bid_px_7,bid_vol_7,bid_px_8,bid_vol_8,bid_px_9,bid_vol_9,ask_px_0,ask_vol_0,ask_px_1,ask_vol_1,ask_px_2,ask_vol_2,ask_px_3,ask_vol_3,ask_px_4,ask_vol_4,ask_px_5,ask_vol_5,ask_px_6,ask_vol_6,ask_px_7,ask_vol_7,ask_px_8,ask_vol_8,ask_px_9,ask_vol_9
2026-07-05T06:00:00.519938+00:00,2026-07-05T06:00:00.519879,1,1,137.25,0.5,137.0,150,,,,,,,,,,,,,,,,,,,137.5,100,,,,,,,,,,,,,,,,,,
2026-07-05T06:00:00.578259+00:00,2026-07-05T06:00:00.578135,2,1,137.35,0.3,137.2,100,137.0,150,,,,,,,,,,,,,,,,,137.5,100,,,,,,,,,,,,,,,,,,
2026-07-05T06:00:00.631831+00:00,2026-07-05T06:00:00.631705,2,2,137.35,0.3,137.2,100,137.0,150,,,,,,,,,,,,,,,,,137.5,100,137.7,100,,,,,,,,,,,,,,,,
2026-07-05T06:00:01.116171+00:00,2026-07-05T06:00:01.090562,1,1,137.45,0.5,137.2,100,,,,,,,,,,,,,,,,,,,137.7,100,,,,,,,,,,,,,,,,,,
2026-07-05T06:00:01.164587+00:00,2026-07-05T06:00:01.152463,2,1,137.45,0.5,137.2,100,137.1,150,,,,,,,,,,,,,,,,,137.7,100,,,,,,,,,,,,,,,,,,
2026-07-05T06:00:01.238538+00:00,2026-07-05T06:00:01.203822,2,2,137.4,0.4,137.2,100,137.1,150,,,,,,,,,,,,,,,,,137.6,150,137.7,100,,,,,,,,,,,,,,,,
2026-07-05T06:00:02.031592+00:00,2026-07-05T06:00:02.031529,2,2,137.4,0.4,137.2,100,137.1,150,,,,,,,,,,,,,,,,,137.6,100,137.7,100,,,,,,,,,,,,,,,,
2026-07-05T06:00:03.686892+00:00,2026-07-05T06:00:03.686838,1,1,137.35,0.5,137.1,150,,,,,,,,,,,,,,,,,,,137.6,100,,,,,,,,,,,,,,,,,,
2026-07-05T06:00:03.742268+00:00,2026-07-05T06:00:03.742233,2,1,137.4,0.4,137.2,100,137.1,150,,,,,,,,,,,,,,,,,137.6,100,,,,,,,,,,,,,,,,,,
2026-07-05T06:00:03.795677+00:00,2026-07-05T06:00:03.795532,2,2,137.4,0.4,137.2,100,137.1,150,,,,,,,,,,,,,,,,,137.6,100,137.7,100,,,,,,,,,,,,,,,,
2026-07-05T06:00:04.168963+00:00,2026-07-05T06:00:04.168885,2,2,137.4,0.4,137.2,100,137.1,150,,,,,,,,,,,,,,,,,137.6,50,137.7,100,,,,,,,,,,,,,,,,
2026-07-05T06:00:04.258581+00:00,2026-07-05T06:00:04.258136,2,1,137.45,0.5,137.2,100,137.1,150,,,,,,,,,,,,,,,,,137.7,100,,,,,,,,,,,,,,,,,,
2026-07-05T06:00:04.269747+00:00,2026-07-05T06:00:04.269832,1,1,137.45,0.5,137.2,100,,,,,,,,,,,,,,,,,,,137.7,100,,,,,,,,,,,,,,,,,,
2026-07-05T06:00:04.326620+00:00,2026-07-05T06:00:04.319432,2,1,137.6,0.2,137.5,147,137.2,100,,,,,,,,,,,,,,,,,137.7,100,,,,,,,,,,,,,,,,,,
2026-07-05T06:00:04.381927+00:00,2026-07-05T06:00:04.382012,2,2,137.6,0.2,137.5,147,137.2,100,,,,,,,,,,,,,,,,,137.7,100,138.0,150,,,,,,,,,,,,,,,,
2026-07-05T06:00:06.849164+00:00,2026-07-05T06:00:06.848990,1,1,137.75,0.5,137.5,147,,,,,,,,,,,,,,,,,,,138.0,150,,,,,,,,,,,,,,,,,,
2026-07-05T06:00:06.903873+00:00,2026-07-05T06:00:06.903766,2,1,137.75,0.5,137.5,147,137.1,100,,,,,,,,,,,,,,,,,138.0,150,,,,,,,,,,,,,,,,,,
2026-07-05T06:00:06.958587+00:00,2026-07-05T06:00:06.956649,2,2,137.55,0.1,137.5,147,137.1,100,,,,,,,,,,,,,,,,,137.6,100,138.0,150,,,,,,,,,,,,,,,,
2026-07-05T06:00:07.433879+00:00,2026-07-05T06:00:07.433835,1,1,137.35,0.5,137.1,100,,,,,,,,,,,,,,,,,,,137.6,100,,,,,,,,,,,,,,,,,,
2026-07-05T06:00:07.488265+00:00,2026-07-05T06:00:07.488414,2,0,,,137.6,50,137.1,100,,,,,,,,,,,,,,,,,,,,,,,,,,,,,,,,,,,,
2026-07-05T06:00:07.541501+00:00,2026-07-05T06:00:07.541462,2,1,137.85,0.5,137.6,50,137.1,100,,,,,,,,,,,,,,,,,138.1,150,,,,,,,,,,,,,,,,,,
2026-07-05T06:00:08.464055+00:00,2026-07-05T06:00:08.428686,1,1,137.6,1.0,137.1,100,,,,,,,,,,,,,,,,,,,138.1,150,,,,,,,,,,,,,,,,,,
2026-07-05T06:00:08.487143+00:00,2026-07-05T06:00:08.487096,1,1,137.6,1.0,137.1,100,,,,,,,,,,,,,,,,,,,138.1,101,,,,,,,,,,,,,,,,,,
2026-07-05T06:00:10.010393+00:00,2026-07-05T06:00:10.010282,0,1,,,,,,,,,,,,,,,,,,,,,,,138.1,101,,,,,,,,,,,,,,,,,,
2026-07-05T06:00:10.058573+00:00,2026-07-05T06:00:10.058149,1,1,137.75,0.7,137.4,100,,,,,,,,,,,,,,,,,,,138.1,101,,,,,,,,,,,,,,,,,,
2026-07-05T06:00:10.115705+00:00,2026-07-05T06:00:10.115571,1,2,137.65,0.5,137.4,100,,,,,,,,,,,,,,,,,,,137.9,100,138.1,101,,,,,,,,,,,,,,,,
2026-07-05T06:00:10.544426+00:00,2026-07-05T06:00:10.544306,1,2,137.65,0.5,137.4,50,,,,,,,,,,,,,,,,,,,137.9,100,138.1,101,,,,,,,,,,,,,,,,
2026-07-05T06:00:10.600583+00:00,2026-07-05T06:00:10.600551,1,1,137.65,0.5,137.4,50,,,,,,,,,,,,,,,,,,,137.9,100,,,,,,,,,,,,,,,,,,
2026-07-05T06:00:10.653101+00:00,2026-07-05T06:00:10.653008,2,1,137.65,0.5,137.4,50,137.2,150,,,,,,,,,,,,,,,,,137.9,100,,,,,,,,,,,,,,,,,,
2026-07-05T06:00:10.705769+00:00,2026-07-05T06:00:10.705719,2,2,137.55,0.3,137.4,50,137.2,150,,,,,,,,,,,,,,,,,137.7,150,137.9,100,,,,,,,,,,,,,,,,
2026-07-05T06:00:12.144243+00:00,2026-07-05T06:00:12.144327,2,2,137.55,0.3,137.4,3,137.2,150,,,,,,,,,,,,,,,,,137.7,150,137.9,100,,,,,,,,,,,,,,,,
2026-07-05T06:00:12.738925+00:00,2026-07-05T06:00:12.738849,2,2,137.55,0.3,137.4,3,137.2,150,,,,,,,,,,,,,,,,,137.7,103,137.9,100,,,,,,,,,,,,,,,,
2026-07-05T06:00:13.170610+00:00,2026-07-05T06:00:13.170428,1,1,137.45,0.5,137.2,150,,,,,,,,,,,,,,,,,,,137.7,103,,,,,,,,,,,,,,,,,,
2026-07-05T06:00:13.225196+00:00,2026-07-05T06:00:13.225127,2,1,137.45,0.5,137.2,150,137.1,100,,,,,,,,,,,,,,,,,137.7,103,,,,,,,,,,,,,,,,,,
2026-07-05T06:00:13.278466+00:00,2026-07-05T06:00:13.278405,2,2,137.4,0.4,137.2,150,137.1,100,,,,,,,,,,,,,,,,,137.6,100,137.7,103,,,,,,,,,,,,,,,,
2026-07-05T06:00:13.758605+00:00,2026-07-05T06:00:13.755564,1,1,137.35,0.5,137.1,100,,,,,,,,,,,,,,,,,,,137.6,100,,,,,,,,,,,,,,,,,,
2026-07-05T06:00:13.835814+00:00,2026-07-05T06:00:13.835944,2,1,137.5,0.2,137.4,150,137.1,100,,,,,,,,,,,,,,,,,137.6,100,,,,,,,,,,,,,,,,,,
2026-07-05T06:00:13.887593+00:00,2026-07-05T06:00:13.887493,2,2,137.5,0.2,137.4,150,137.1,100,,,,,,,,,,,,,,,,,137.6,100,137.9,150,,,,,,,,,,,,,,,,
2026-07-05T06:00:14.605299+00:00,2026-07-05T06:00:14.605186,2,2,137.5,0.2,137.4,150,137.1,100,,,,,,,,,,,,,,,,,137.6,75,137.9,150,,,,,,,,,,,,,,,,
2026-07-05T06:00:14.637098+00:00,2026-07-05T06:00:14.637037,2,2,137.5,0.2,137.4,150,137.1,100,,,,,,,,,,,,,,,,,137.6,26,137.9,150,,,,,,,,,,,,,,,,
2026-07-05T06:00:14.728649+00:00,2026-07-05T06:00:14.728563,2,1,137.65,0.5,137.4,150,137.1,100,,,,,,,,,,,,,,,,,137.9,126,,,,,,,,,,,,,,,,,,
2026-07-05T06:00:15.122470+00:00,2026-07-05T06:00:15.122416,2,1,137.65,0.5,137.4,102,137.1,100,,,,,,,,,,,,,,,,,137.9,126,,,,,,,,,,,,,,,,,,
2026-07-05T06:00:16.329504+00:00,2026-07-05T06:00:16.329432,1,1,137.65,0.5,137.4,102,,,,,,,,,,,,,,,,,,,137.9,126,,,,,,,,,,,,,,,,,,
2026-07-05T06:00:16.384081+00:00,2026-07-05T06:00:16.384053,1,1,137.65,0.5,137.4,202,,,,,,,,,,,,,,,,,,,137.9,126,,,,,,,,,,,,,,,,,,
2026-07-05T06:00:16.436570+00:00,2026-07-05T06:00:16.436635,1,1,137.65,0.5,137.4,202,,,,,,,,,,,,,,,,,,,137.9,226,,,,,,,,,,,,,,,,,,
2026-07-05T06:00:16.902567+00:00,2026-07-05T06:00:16.902457,1,1,137.65,0.5,137.4,152,,,,,,,,,,,,,,,,,,,137.9,226,,,,,,,,,,,,,,,,,,
2026-07-05T06:00:16.942366+00:00,2026-07-05T06:00:16.942321,1,1,137.65,0.5,137.4,100,,,,,,,,,,,,,,,,,,,137.9,100,,,,,,,,,,,,,,,,,,
2026-07-05T06:00:17.004167+00:00,2026-07-05T06:00:17.004091,2,1,137.65,0.5,137.4,100,137.0,150,,,,,,,,,,,,,,,,,137.9,100,,,,,,,,,,,,,,,,,,
2026-07-05T06:00:17.058597+00:00,2026-07-05T06:00:17.052808,2,2,137.45,0.1,137.4,100,137.0,150,,,,,,,,,,,,,,,,,137.5,150,137.9,100,,,,,,,,,,,,,,,,
2026-07-05T06:00:17.335554+00:00,2026-07-05T06:00:17.335416,2,2,137.45,0.1,137.4,100,137.0,150,,,,,,,,,,,,,,,,,137.5,107,137.9,100,,,,,,,,,,,,,,,,
2026-07-05T06:00:19.010658+00:00,2026-07-05T06:00:19.010542,2,2,137.45,0.1,137.4,50,137.0,150,,,,,,,,,,,,,,,,,137.5,107,137.9,100,,,,,,,,,,,,,,,,
2026-07-05T06:00:19.494230+00:00,2026-07-05T06:00:19.494115,1,1,137.25,0.5,137.0,150,,,,,,,,,,,,,,,,,,,137.5,107,,,,,,,,,,,,,,,,,,
2026-07-05T06:00:19.558616+00:00,2026-07-05T06:00:19.552011,1,1,137.25,0.5,137.0,250,,,,,,,,,,,,,,,,,,,137.5,107,,,,,,,,,,,,,,,,,,
2026-07-05T06:00:19.603520+00:00,2026-07-05T06:00:19.603439,1,1,137.25,0.5,137.0,250,,,,,,,,,,,,,,,,,,,137.5,207,,,,,,,,,,,,,,,,,,
2026-07-05T06:00:20.108336+00:00,2026-07-05T06:00:20.108262,1,1,137.25,0.5,137.0,250,,,,,,,,,,,,,,,,,,,137.5,100,,,,,,,,,,,,,,,,,,
2026-07-05T06:00:20.113488+00:00,2026-07-05T06:00:20.113443,1,1,137.25,0.5,137.0,100,,,,,,,,,,,,,,,,,,,137.5,100,,,,,,,,,,,,,,,,,,
2026-07-05T06:00:20.175298+00:00,2026-07-05T06:00:20.175204,1,1,137.25,0.5,137.0,250,,,,,,,,,,,,,,,,,,,137.5,100,,,,,,,,,,,,,,,,,,
2026-07-05T06:00:20.232274+00:00,2026-07-05T06:00:20.232089,1,1,137.25,0.5,137.0,250,,,,,,,,,,,,,,,,,,,137.5,250,,,,,,,,,,,,,,,,,,
2026-07-05T06:00:22.655131+00:00,2026-07-05T06:00:22.655277,1,1,137.25,0.5,137.0,150,,,,,,,,,,,,,,,,,,,137.5,150,,,,,,,,,,,,,,,,,,
2026-07-05T06:00:22.711879+00:00,2026-07-05T06:00:22.711808,2,1,137.4,0.2,137.3,100,137.0,150,,,,,,,,,,,,,,,,,137.5,150,,,,,,,,,,,,,,,,,,
2026-07-05T06:00:22.764623+00:00,2026-07-05T06:00:22.764504,2,2,137.4,0.2,137.3,100,137.0,150,,,,,,,,,,,,,,,,,137.5,150,137.8,100,,,,,,,,,,,,,,,,
2026-07-05T06:00:23.097333+00:00,2026-07-05T06:00:23.097255,2,2,137.4,0.2,137.3,53,137.0,150,,,,,,,,,,,,,,,,,137.5,150,137.8,100,,,,,,,,,,,,,,,,
2026-07-05T06:00:23.253213+00:00,2026-07-05T06:00:23.253180,2,2,137.4,0.2,137.3,3,137.0,150,,,,,,,,,,,,,,,,,137.5,150,137.8,100,,,,,,,,,,,,,,,,
2026-07-05T06:00:23.287826+00:00,2026-07-05T06:00:23.287723,1,1,137.55,0.5,137.3,3,,,,,,,,,,,,,,,,,,,137.8,100,,,,,,,,,,,,,,,,,,
2026-07-05T06:00:23.358625+00:00,2026-07-05T06:00:23.354189,2,1,137.55,0.5,137.3,3,137.2,150,,,,,,,,,,,,,,,,,137.8,100,,,,,,,,,,,,,,,,,,
2026-07-05T06:00:23.412701+00:00,2026-07-05T06:00:23.412552,2,2,137.5,0.4,137.3,3,137.2,150,,,,,,,,,,,,,,,,,137.7,150,137.8,100,,,,,,,,,,,,,,,,
2026-07-05T06:00:24.147005+00:00,2026-07-05T06:00:24.146894,1,2,137.45,0.5,137.2,150,,,,,,,,,,,,,,,,,,,137.7,150,137.8,100,,,,,,,,,,,,,,,,
2026-07-05T06:00:25.115579+00:00,2026-07-05T06:00:25.115556,1,2,137.45,0.5,137.2,150,,,,,,,,,,,,,,,,,,,137.7,106,137.8,100,,,,,,,,,,,,,,,,
2026-07-05T06:00:25.389207+00:00,2026-07-05T06:00:25.389172,1,2,137.45,0.5,137.2,100,,,,,,,,,,,,,,,,,,,137.7,106,137.8,100,,,,,,,,,,,,,,,,
2026-07-05T06:00:25.781411+00:00,2026-07-05T06:00:25.781375,1,2,137.45,0.5,137.2,58,,,,,,,,,,,,,,,,,,,137.7,106,137.8,100,,,,,,,,,,,,,,,,
2026-07-05T06:00:25.820349+00:00,2026-07-05T06:00:25.820161,1,1,137.45,0.5,137.2,58,,,,,,,,,,,,,,,,,,,137.7,106,,,,,,,,,,,,,,,,,,
2026-07-05T06:00:25.873211+00:00,2026-07-05T06:00:25.873119,2,1,137.45,0.5,137.2,58,136.9,100,,,,,,,,,,,,,,,,,137.7,106,,,,,,,,,,,,,,,,,,
2026-07-05T06:00:25.939656+00:00,2026-07-05T06:00:25.939543,2,2,137.3,0.2,137.2,58,136.9,100,,,,,,,,,,,,,,,,,137.4,100,137.7,106,,,,,,,,,,,,,,,,
2026-07-05T06:00:26.468590+00:00,2026-07-05T06:00:26.468559,2,1,137.3,0.2,137.2,58,136.9,100,,,,,,,,,,,,,,,,,137.4,100,,,,,,,,,,,,,,,,,,
2026-07-05T06:00:26.473831+00:00,2026-07-05T06:00:26.473762,1,1,137.15,0.5,136.9,100,,,,,,,,,,,,,,,,,,,137.4,100,,,,,,,,,,,,,,,,,,
2026-07-05T06:00:26.536430+00:00,2026-07-05T06:00:26.536350,2,1,137.2,0.4,137.0,150,136.9,100,,,,,,,,,,,,,,,,,137.4,100,,,,,,,,,,,,,,,,,,
2026-07-05T06:00:26.591886+00:00,2026-07-05T06:00:26.591789,2,1,137.2,0.4,137.0,150,136.9,100,,,,,,,,,,,,,,,,,137.4,250,,,,,,,,,,,,,,,,,,
2026-07-05T06:00:27.490398+00:00,2026-07-05T06:00:27.490275,2,1,137.2,0.4,137.0,100,136.9,100,,,,,,,,,,,,,,,,,137.4,250,,,,,,,,,,,,,,,,,,
2026-07-05T06:00:27.951501+00:00,2026-07-05T06:00:27.951361,2,1,137.2,0.4,137.0,100,136.9,100,,,,,,,,,,,,,,,,,137.4,207,,,,,,,,,,,,,,,,,,
2026-07-05T06:00:28.423218+00:00,2026-07-05T06:00:28.423106,2,1,137.2,0.4,137.0,100,136.9,100,,,,,,,,,,,,,,,,,137.4,166,,,,,,,,,,,,,,,,,,
2026-07-05T06:00:28.994948+00:00,2026-07-05T06:00:28.994842,1,1,137.2,0.4,137.0,100,,,,,,,,,,,,,,,,,,,137.4,150,,,,,,,,,,,,,,,,,,
2026-07-05T06:00:29.048799+00:00,2026-07-05T06:00:29.048897,2,1,137.35,0.1,137.3,100,137.0,100,,,,,,,,,,,,,,,,,137.4,150,,,,,,,,,,,,,,,,,,
2026-07-05T06:00:29.102043+00:00,2026-07-05T06:00:29.101941,2,2,137.35,0.1,137.3,100,137.0,100,,,,,,,,,,,,,,,,,137.4,150,137.8,100,,,,,,,,,,,,,,,,
2026-07-05T06:00:29.209049+00:00,2026-07-05T06:00:29.202946,2,2,137.35,0.1,137.3,100,137.0,100,,,,,,,,,,,,,,,,,137.4,147,137.8,100,,,,,,,,,,,,,,,,
2026-07-05T06:00:29.632759+00:00,2026-07-05T06:00:29.632608,2,2,137.35,0.1,137.3,50,137.0,100,,,,,,,,,,,,,,,,,137.4,147,137.8,100,,,,,,,,,,,,,,,,
2026-07-05T06:00:29.648494+00:00,2026-07-05T06:00:29.648455,2,1,137.55,0.5,137.3,50,137.0,100,,,,,,,,,,,,,,,,,137.8,100,,,,,,,,,,,,,,,,,,
2026-07-05T06:00:29.653701+00:00,2026-07-05T06:00:29.653631,1,1,137.55,0.5,137.3,50,,,,,,,,,,,,,,,,,,,137.8,100,,,,,,,,,,,,,,,,,,
2026-07-05T06:00:29.702723+00:00,2026-07-05T06:00:29.702660,2,1,137.55,0.5,137.3,50,136.9,150,,,,,,,,,,,,,,,,,137.8,100,,,,,,,,,,,,,,,,,,
2026-07-05T06:00:29.756373+00:00,2026-07-05T06:00:29.756489,2,2,137.35,0.1,137.3,50,136.9,150,,,,,,,,,,,,,,,,,137.4,150,137.8,100,,,,,,,,,,,,,,,,
2026-07-05T06:00:31.216336+00:00,2026-07-05T06:00:31.209388,2,2,137.35,0.1,137.3,50,136.9,150,,,,,,,,,,,,,,,,,137.4,139,137.8,100,,,,,,,,,,,,,,,,
2026-07-05T06:00:31.529190+00:00,2026-07-05T06:00:31.529085,2,2,137.35,0.1,137.3,8,136.9,150,,,,,,,,,,,,,,,,,137.4,139,137.8,100,,,,,,,,,,,,,,,,
2026-07-05T06:00:31.539710+00:00,2026-07-05T06:00:31.539547,2,2,137.35,0.1,137.3,8,136.9,150,,,,,,,,,,,,,,,,,137.4,135,137.8,100,,,,,,,,,,,,,,,,
2026-07-05T06:00:31.742555+00:00,2026-07-05T06:00:31.742487,1,2,137.15,0.5,136.9,108,,,,,,,,,,,,,,,,,,,137.4,135,137.8,100,,,,,,,,,,,,,,,,
2026-07-05T06:00:32.158638+00:00,2026-07-05T06:00:32.151403,1,1,137.15,0.5,136.9,108,,,,,,,,,,,,,,,,,,,137.4,135,,,,,,,,,,,,,,,,,,
2026-07-05T06:00:32.209893+00:00,2026-07-05T06:00:32.210006,1,1,137.15,0.5,136.9,208,,,,,,,,,,,,,,,,,,,137.4,135,,,,,,,,,,,,,,,,,,
2026-07-05T06:00:32.263951+00:00,2026-07-05T06:00:32.263887,1,1,137.15,0.5,136.9,208,,,,,,,,,,,,,,,,,,,137.4,235,,,,,,,,,,,,,,,,,,
2026-07-05T06:00:32.820742+00:00,2026-07-05T06:00:32.820692,1,1,137.15,0.5,136.9,100,,,,,,,,,,,,,,,,,,,137.4,100,,,,,,,,,,,,,,,,,,
2026-07-05T06:00:32.870645+00:00,2026-07-05T06:00:32.870577,2,1,137.15,0.5,136.9,100,136.8,150,,,,,,,,,,,,,,,,,137.4,100,,,,,,,,,,,,,,,,,,
2026-07-05T06:00:32.929925+00:00,2026-07-05T06:00:32.929836,2,2,137.1,0.4,136.9,100,136.8,150,,,,,,,,,,,,,,,,,137.3,150,137.4,100,,,,,,,,,,,,,,,,
2026-07-05T06:00:33.236305+00:00,2026-07-05T06:00:33.236191,2,2,137.1,0.4,136.9,51,136.8,150,,,,,,,,,,,,,,,,,137.3,150,137.4,100,,,,,,,,,,,,,,,,
2026-07-05T06:00:33.864082+00:00,2026-07-05T06:00:33.863909,2,2,137.1,0.4,136.9,1,136.8,150,,,,,,,,,,,,,,,,,137.3,150,137.4,100,,,,,,,,,,,,,,,,
2026-07-05T06:00:34.320716+00:00,2026-07-05T06:00:34.320645,2,2,137.1,0.4,136.9,1,136.8,150,,,,,,,,,,,,,,,,,137.3,103,137.4,100,,,,,,,,,,,,,,,,
2026-07-05T06:00:34.681779+00:00,2026-07-05T06:00:34.681711,2,2,137.1,0.4,136.9,1,136.8,150,,,,,,,,,,,,,,,,,137.3,101,137.4,100,,,,,,,,,,,,,,,,
2026-07-05T06:00:34.686953+00:00,2026-07-05T06:00:34.686898,3,2,137.15,0.3,137.0,10,136.9,1,136.8,150,,,,,,,,,,,,,,,137.3,101,137.4,100,,,,,,,,,,,,,,,,
2026-07-05T06:00:34.692174+00:00,2026-07-05T06:00:34.692094,3,3,137.1,0.2,137.0,10,136.9,1,136.8,150,,,,,,,,,,,,,,,137.2,10,137.3,101,137.4,100,,,,,,,,,,,,,,
2026-07-05T06:00:34.697402+00:00,2026-07-05T06:00:34.697317,2,2,137.1,0.4,136.9,1,136.8,150,,,,,,,,,,,,,,,,,137.3,101,137.4,100,,,,,,,,,,,,,,,,
2026-07-05T06:00:34.702658+00:00,2026-07-05T06:00:34.702527,2,2,137.1,0.4,136.9,1,136.8,150,,,,,,,,,,,,,,,,,137.3,99,137.4,100,,,,,,,,,,,,,,,,
2026-07-05T06:00:34.821566+00:00,2026-07-05T06:00:34.821537,2,2,137.1,0.4,136.9,1,136.8,150,,,,,,,,,,,,,,,,,137.3,95,137.4,100,,,,,,,,,,,,,,,,
2026-07-05T06:00:35.318651+00:00,2026-07-05T06:00:35.318599,2,1,137.1,0.4,136.9,1,136.8,150,,,,,,,,,,,,,,,,,137.3,95,,,,,,,,,,,,,,,,,,
2026-07-05T06:00:35.323898+00:00,2026-07-05T06:00:35.323800,1,1,137.05,0.5,136.8,150,,,,,,,,,,,,,,,,,,,137.3,95,,,,,,,,,,,,,,,,,,
2026-07-05T06:00:35.372672+00:00,2026-07-05T06:00:35.372583,2,1,137.05,0.5,136.8,150,136.7,100,,,,,,,,,,,,,,,,,137.3,95,,,,,,,,,,,,,,,,,,
2026-07-05T06:00:35.426773+00:00,2026-07-05T06:00:35.426736,2,2,137.0,0.4,136.8,150,136.7,100,,,,,,,,,,,,,,,,,137.2,100,137.3,95,,,,,,,,,,,,,,,,
2026-07-05T06:00:35.975148+00:00,2026-07-05T06:00:35.975014,2,2,137.0,0.4,136.8,100,136.7,100,,,,,,,,,,,,,,,,,137.2,100,137.3,95,,,,,,,,,,,,,,,,
2026-07-05T06:00:35.996228+00:00,2026-07-05T06:00:35.996080,1,1,136.95,0.5,136.7,100,,,,,,,,,,,,,,,,,,,137.2,100,,,,,,,,,,,,,,,,,,
2026-07-05T06:00:36.050983+00:00,2026-07-05T06:00:36.051117,2,1,137.0,0.4,136.8,150,136.7,100,,,,,,,,,,,,,,,,,137.2,100,,,,,,,,,,,,,,,,,,
2026-07-05T06:00:36.105960+00:00,2026-07-05T06:00:36.105889,2,2,137.0,0.4,136.8,150,136.7,100,,,,,,,,,,,,,,,,,137.2,100,137.3,150,,,,,,,,,,,,,,,,
2026-07-05T06:00:37.074042+00:00,2026-07-05T06:00:37.067886,2,2,137.0,0.4,136.8,150,136.7,100,,,,,,,,,,,,,,,,,137.2,88,137.3,150,,,,,,,,,,,,,,,,
2026-07-05T06:00:37.563983+00:00,2026-07-05T06:00:37.563934,2,2,137.0,0.4,136.8,150,136.7,100,,,,,,,,,,,,,,,,,137.2,48,137.3,150,,,,,,,,,,,,,,,,
2026-07-05T06:00:38.064689+00:00,2026-07-05T06:00:38.064508,2,1,137.05,0.5,136.8,150,136.7,100,,,,,,,,,,,,,,,,,137.3,148,,,,,,,,,,,,,,,,,,
2026-07-05T06:00:38.483619+00:00,2026-07-05T06:00:38.483523,1,1,137.05,0.5,136.8,150,,,,,,,,,,,,,,,,,,,137.3,148,,,,,,,,,,,,,,,,,,
2026-07-05T06:00:38.541538+00:00,2026-07-05T06:00:38.541474,2,1,137.1,0.4,136.9,100,136.8,150,,,,,,,,,,,,,,,,,137.3,148,,,,,,,,,,,,,,,,,,
2026-07-05T06:00:38.596884+00:00,2026-07-05T06:00:38.596741,2,2,137.1,0.4,136.9,100,136.8,150,,,,,,,,,,,,,,,,,137.3,148,137.4,100,,,,,,,,,,,,,,,,
2026-07-05T06:00:39.158592+00:00,2026-07-05T06:00:39.155536,1,1,137.15,0.5,136.9,100,,,,,,,,,,,,,,,,,,,137.4,100,,,,,,,,,,,,,,,,,,
2026-07-05T06:00:39.168703+00:00,2026-07-05T06:00:39.168840,1,1,137.15,0.5,136.9,52,,,,,,,,,,,,,,,,,,,137.4,100,,,,,,,,,,,,,,,,,,
2026-07-05T06:00:39.213301+00:00,2026-07-05T06:00:39.213148,2,1,137.15,0.5,136.9,52,136.7,150,,,,,,,,,,,,,,,,,137.4,100,,,,,,,,,,,,,,,,,,
2026-07-05T06:00:39.255381+00:00,2026-07-05T06:00:39.255546,2,2,137.05,0.3,136.9,52,136.7,150,,,,,,,,,,,,,,,,,137.2,150,137.4,100,,,,,,,,,,,,,,,,
2026-07-05T06:00:39.728109+00:00,2026-07-05T06:00:39.728025,3,2,137.1,0.2,137.0,10,136.9,52,136.7,150,,,,,,,,,,,,,,,137.2,150,137.4,100,,,,,,,,,,,,,,,,
2026-07-05T06:00:39.733441+00:00,2026-07-05T06:00:39.733321,3,3,137.05,0.1,137.0,10,136.9,52,136.7,150,,,,,,,,,,,,,,,137.1,10,137.2,150,137.4,100,,,,,,,,,,,,,,
2026-07-05T06:00:39.749172+00:00,2026-07-05T06:00:39.749022,2,2,137.05,0.3,136.9,52,136.7,150,,,,,,,,,,,,,,,,,137.2,150,137.4,100,,,,,,,,,,,,,,,,
2026-07-05T06:00:39.754333+00:00,2026-07-05T06:00:39.754245,2,2,137.05,0.3,136.9,52,136.7,150,,,,,,,,,,,,,,,,,137.2,148,137.4,100,,,,,,,,,,,,,,,,
2026-07-05T06:00:40.155536+00:00,2026-07-05T06:00:40.155803,2,2,137.05,0.3,136.9,52,136.7,150,,,,,,,,,,,,,,,,,137.2,98,137.4,100,,,,,,,,,,,,,,,,
2026-07-05T06:00:40.737983+00:00,2026-07-05T06:00:40.738118,2,2,137.05,0.3,136.9,8,136.7,150,,,,,,,,,,,,,,,,,137.2,98,137.4,100,,,,,,,,,,,,,,,,
2026-07-05T06:00:41.651011+00:00,2026-07-05T06:00:41.651190,1,1,136.95,0.5,136.7,150,,,,,,,,,,,,,,,,,,,137.2,98,,,,,,,,,,,,,,,,,,
2026-07-05T06:00:41.705718+00:00,2026-07-05T06:00:41.705688,2,1,136.95,0.5,136.7,150,136.6,100,,,,,,,,,,,,,,,,,137.2,98,,,,,,,,,,,,,,,,,,
2026-07-05T06:00:41.758635+00:00,2026-07-05T06:00:41.757520,2,2,136.9,0.4,136.7,150,136.6,100,,,,,,,,,,,,,,,,,137.1,100,137.2,98,,,,,,,,,,,,,,,,
2026-07-05T06:00:42.295156+00:00,2026-07-05T06:00:42.294975,2,2,136.9,0.4,136.7,150,136.6,100,,,,,,,,,,,,,,,,,137.1,50,137.2,98,,,,,,,,,,,,,,,,
2026-07-05T06:00:42.319576+00:00,2026-07-05T06:00:42.314345,1,1,136.85,0.5,136.6,100,,,,,,,,,,,,,,,,,,,137.1,39,,,,,,,,,,,,,,,,,,
2026-07-05T06:00:42.379243+00:00,2026-07-05T06:00:42.379210,2,0,,,137.1,111,136.6,100,,,,,,,,,,,,,,,,,,,,,,,,,,,,,,,,,,,,
2026-07-05T06:00:42.431134+00:00,2026-07-05T06:00:42.431220,2,1,137.35,0.5,137.1,111,136.6,100,,,,,,,,,,,,,,,,,137.6,150,,,,,,,,,,,,,,,,,,
2026-07-05T06:00:44.402010+00:00,2026-07-05T06:00:44.401930,2,1,137.35,0.5,137.1,111,136.6,100,,,,,,,,,,,,,,,,,137.6,100,,,,,,,,,,,,,,,,,,
2026-07-05T06:00:44.767694+00:00,2026-07-05T06:00:44.767611,2,2,137.3,0.4,137.1,111,136.6,100,,,,,,,,,,,,,,,,,137.5,10,137.6,100,,,,,,,,,,,,,,,,
2026-07-05T06:00:44.772920+00:00,2026-07-05T06:00:44.772828,2,1,137.35,0.5,137.1,111,136.6,100,,,,,,,,,,,,,,,,,137.6,100,,,,,,,,,,,,,,,,,,
2026-07-05T06:00:44.777978+00:00,2026-07-05T06:00:44.778079,2,1,137.35,0.5,137.1,111,136.6,100,,,,,,,,,,,,,,,,,137.6,98,,,,,,,,,,,,,,,,,,
2026-07-05T06:00:44.812776+00:00,2026-07-05T06:00:44.812717,1,1,137.35,0.5,137.1,111,,,,,,,,,,,,,,,,,,,137.6,98,,,,,,,,,,,,,,,,,,
2026-07-05T06:00:44.866614+00:00,2026-07-05T06:00:44.866472,2,1,137.4,0.4,137.2,100,137.1,111,,,,,,,,,,,,,,,,,137.6,98,,,,,,,,,,,,,,,,,,
2026-07-05T06:00:44.919716+00:00,2026-07-05T06:00:44.919576,2,2,137.4,0.4,137.2,100,137.1,111,,,,,,,,,,,,,,,,,137.6,98,137.7,100,,,,,,,,,,,,,,,,
2026-07-05T06:00:44.978350+00:00,2026-07-05T06:00:44.978553,2,2,137.4,0.4,137.2,100,137.1,111,,,,,,,,,,,,,,,,,137.6,54,137.7,100,,,,,,,,,,,,,,,,
2026-07-05T06:00:45.485039+00:00,2026-07-05T06:00:45.484987,1,1,137.45,0.5,137.2,100,,,,,,,,,,,,,,,,,,,137.7,100,,,,,,,,,,,,,,,,,,
2026-07-05T06:00:45.538969+00:00,2026-07-05T06:00:45.539061,2,1,137.5,0.4,137.3,150,137.2,100,,,,,,,,,,,,,,,,,137.7,100,,,,,,,,,,,,,,,,,,
2026-07-05T06:00:45.588371+00:00,2026-07-05T06:00:45.588330,2,2,137.5,0.4,137.3,150,137.2,100,,,,,,,,,,,,,,,,,137.7,100,137.8,150,,,,,,,,,,,,,,,,
2026-07-05T06:00:46.249266+00:00,2026-07-05T06:00:46.242675,2,2,137.5,0.4,137.3,127,137.2,100,,,,,,,,,,,,,,,,,137.7,100,137.8,150,,,,,,,,,,,,,,,,
2026-07-05T06:00:46.534695+00:00,2026-07-05T06:00:46.534547,2,2,137.5,0.4,137.3,127,137.2,100,,,,,,,,,,,,,,,,,137.7,50,137.8,150,,,,,,,,,,,,,,,,
2026-07-05T06:00:46.555440+00:00,2026-07-05T06:00:46.555606,2,2,137.5,0.4,137.3,79,137.2,100,,,,,,,,,,,,,,,,,137.7,50,137.8,150,,,,,,,,,,,,,,,,
2026-07-05T06:00:47.973536+00:00,2026-07-05T06:00:47.973503,1,1,137.55,0.5,137.3,79,,,,,,,,,,,,,,,,,,,137.8,150,,,,,,,,,,,,,,,,,,
2026-07-05T06:00:48.027474+00:00,2026-07-05T06:00:48.027366,2,1,137.55,0.5,137.3,79,137.0,100,,,,,,,,,,,,,,,,,137.8,150,,,,,,,,,,,,,,,,,,
2026-07-05T06:00:48.079877+00:00,2026-07-05T06:00:48.079768,2,2,137.4,0.2,137.3,79,137.0,100,,,,,,,,,,,,,,,,,137.5,100,137.8,150,,,,,,,,,,,,,,,,
2026-07-05T06:00:48.641799+00:00,2026-07-05T06:00:48.641651,2,2,137.4,0.2,137.3,79,137.0,100,,,,,,,,,,,,,,,,,137.5,50,137.8,150,,,,,,,,,,,,,,,,
2026-07-05T06:00:48.652234+00:00,2026-07-05T06:00:48.652167,1,1,137.25,0.5,137.0,100,,,,,,,,,,,,,,,,,,,137.5,50,,,,,,,,,,,,,,,,,,
2026-07-05T06:00:48.701533+00:00,2026-07-05T06:00:48.701456,2,1,137.25,0.5,137.0,100,136.9,150,,,,,,,,,,,,,,,,,137.5,50,,,,,,,,,,,,,,,,,,
2026-07-05T06:00:48.758606+00:00,2026-07-05T06:00:48.755838,2,2,137.2,0.4,137.0,100,136.9,150,,,,,,,,,,,,,,,,,137.4,150,137.5,50,,,,,,,,,,,,,,,,
2026-07-05T06:00:49.790524+00:00,2026-07-05T06:00:49.790452,2,2,137.2,0.4,137.0,100,136.9,150,,,,,,,,,,,,,,,,,137.4,150,137.5,50,,,,,,,,,,,,,,,,
2026-07-05T06:00:49.795808+00:00,2026-07-05T06:00:49.795755,2,2,137.2,0.4,137.0,100,136.9,150,,,,,,,,,,,,,,,,,137.4,148,137.5,50,,,,,,,,,,,,,,,,
2026-07-05T06:00:50.758546+00:00,2026-07-05T06:00:50.758218,2,2,137.2,0.4,137.0,100,136.9,150,,,,,,,,,,,,,,,,,137.4,98,137.5,50,,,,,,,,,,,,,,,,
2026-07-05T06:00:51.129287+00:00,2026-07-05T06:00:51.129239,2,1,137.2,0.4,137.0,100,136.9,150,,,,,,,,,,,,,,,,,137.4,98,,,,,,,,,,,,,,,,,,
2026-07-05T06:00:51.134508+00:00,2026-07-05T06:00:51.134424,1,1,137.15,0.5,136.9,150,,,,,,,,,,,,,,,,,,,137.4,98,,,,,,,,,,,,,,,,,,
2026-07-05T06:00:51.187050+00:00,2026-07-05T06:00:51.187137,2,1,137.3,0.2,137.2,100,136.9,150,,,,,,,,,,,,,,,,,137.4,98,,,,,,,,,,,,,,,,,,
2026-07-05T06:00:51.241315+00:00,2026-07-05T06:00:51.241213,2,2,137.3,0.2,137.2,100,136.9,150,,,,,,,,,,,,,,,,,137.4,98,137.7,100,,,,,,,,,,,,,,,,
2026-07-05T06:00:51.813276+00:00,2026-07-05T06:00:51.813186,1,1,137.45,0.5,137.2,100,,,,,,,,,,,,,,,,,,,137.7,100,,,,,,,,,,,,,,,,,,
2026-07-05T06:00:51.867320+00:00,2026-07-05T06:00:51.867277,2,1,137.45,0.5,137.2,100,137.1,150,,,,,,,,,,,,,,,,,137.7,100,,,,,,,,,,,,,,,,,,
2026-07-05T06:00:51.918294+00:00,2026-07-05T06:00:51.918155,2,2,137.4,0.4,137.2,100,137.1,150,,,,,,,,,,,,,,,,,137.6,150,137.7,100,,,,,,,,,,,,,,,,
2026-07-05T06:00:52.858432+00:00,2026-07-05T06:00:52.858633,2,2,137.4,0.4,137.2,100,137.1,150,,,,,,,,,,,,,,,,,137.6,100,137.7,100,,,,,,,,,,,,,,,,
2026-07-05T06:00:53.058601+00:00,2026-07-05T06:00:53.052922,2,2,137.4,0.4,137.2,100,137.1,150,,,,,,,,,,,,,,,,,137.6,55,137.7,100,,,,,,,,,,,,,,,,
2026-07-05T06:00:53.558559+00:00,2026-07-05T06:00:53.555756,2,2,137.4,0.4,137.2,51,137.1,150,,,,,,,,,,,,,,,,,137.6,55,137.7,100,,,,,,,,,,,,,,,,
2026-07-05T06:00:54.111258+00:00,2026-07-05T06:00:54.104376,2,2,137.4,0.4,137.2,40,137.1,150,,,,,,,,,,,,,,,,,137.6,55,137.7,100,,,,,,,,,,,,,,,,
2026-07-05T06:00:54.177951+00:00,2026-07-05T06:00:54.177811,1,2,137.35,0.5,137.1,150,,,,,,,,,,,,,,,,,,,137.6,55,137.7,100,,,,,,,,,,,,,,,,
2026-07-05T06:00:54.296252+00:00,2026-07-05T06:00:54.296177,1,1,137.35,0.5,137.1,150,,,,,,,,,,,,,,,,,,,137.6,55,,,,,,,,,,,,,,,,,,
2026-07-05T06:00:54.346396+00:00,2026-07-05T06:00:54.346276,2,1,137.35,0.5,137.1,150,136.7,100,,,,,,,,,,,,,,,,,137.6,55,,,,,,,,,,,,,,,,,,
2026-07-05T06:00:54.402684+00:00,2026-07-05T06:00:54.402612,2,2,137.15,0.1,137.1,150,136.7,100,,,,,,,,,,,,,,,,,137.2,100,137.6,55,,,,,,,,,,,,,,,,
2026-07-05T06:00:54.753138+00:00,2026-07-05T06:00:54.753020,2,2,137.15,0.1,137.1,150,136.7,100,,,,,,,,,,,,,,,,,137.2,51,137.6,55,,,,,,,,,,,,,,,,
2026-07-05T06:00:54.811684+00:00,2026-07-05T06:00:54.811608,2,2,137.15,0.1,137.1,150,136.7,100,,,,,,,,,,,,,,,,,137.2,49,137.6,55,,,,,,,,,,,,,,,,
2026-07-05T06:00:55.006826+00:00,2026-07-05T06:00:55.006961,2,1,137.35,0.5,137.1,150,136.7,100,,,,,,,,,,,,,,,,,137.6,54,,,,,,,,,,,,,,,,,,
2026-07-05T06:00:55.012323+00:00,2026-07-05T06:00:55.012187,1,0,,,136.7,100,,,,,,,,,,,,,,,,,,,,,,,,,,,,,,,,,,,,,,
2026-07-05T06:00:55.069051+00:00,2026-07-05T06:00:55.068945,2,0,,,137.2,150,136.7,100,,,,,,,,,,,,,,,,,,,,,,,,,,,,,,,,,,,,
2026-07-05T06:00:55.126829+00:00,2026-07-05T06:00:55.126716,2,1,137.45,0.5,137.2,150,136.7,100,,,,,,,,,,,,,,,,,137.7,150,,,,,,,,,,,,,,,,,,
2026-07-05T06:00:55.791016+00:00,2026-07-05T06:00:55.790902,2,1,137.45,0.5,137.2,150,136.7,100,,,,,,,,,,,,,,,,,137.7,107,,,,,,,,,,,,,,,,,,
2026-07-05T06:00:56.810434+00:00,2026-07-05T06:00:56.810346,2,1,137.45,0.5,137.2,103,136.7,100,,,,,,,,,,,,,,,,,137.7,107,,,,,,,,,,,,,,,,,,
2026-07-05T06:00:57.122174+00:00,2026-07-05T06:00:57.122038,2,1,137.45,0.5,137.2,103,136.7,100,,,,,,,,,,,,,,,,,137.7,57,,,,,,,,,,,,,,,,,,
2026-07-05T06:00:57.463652+00:00,2026-07-05T06:00:57.463831,1,1,137.45,0.5,137.2,103,,,,,,,,,,,,,,,,,,,137.7,57,,,,,,,,,,,,,,,,,,
2026-07-05T06:00:57.514185+00:00,2026-07-05T06:00:57.514123,2,1,137.45,0.5,137.2,103,137.1,100,,,,,,,,,,,,,,,,,137.7,57,,,,,,,,,,,,,,,,,,
2026-07-05T06:00:57.566691+00:00,2026-07-05T06:00:57.566606,2,2,137.4,0.4,137.2,103,137.1,100,,,,,,,,,,,,,,,,,137.6,100,137.7,57,,,,,,,,,,,,,,,,
2026-07-05T06:00:58.182526+00:00,2026-07-05T06:00:58.182422,1,1,137.35,0.5,137.1,100,,,,,,,,,,,,,,,,,,,137.6,100,,,,,,,,,,,,,,,,,,
2026-07-05T06:00:58.246784+00:00,2026-07-05T06:00:58.240705,2,1,137.55,0.1,137.5,147,137.1,100,,,,,,,,,,,,,,,,,137.6,100,,,,,,,,,,,,,,,,,,
2026-07-05T06:00:58.288732+00:00,2026-07-05T06:00:58.288625,2,2,137.55,0.1,137.5,147,137.1,100,,,,,,,,,,,,,,,,,137.6,100,138.0,150,,,,,,,,,,,,,,,,
2026-07-05T06:00:59.249329+00:00,2026-07-05T06:00:59.249200,2,2,137.55,0.1,137.5,147,137.1,100,,,,,,,,,,,,,,,,,137.6,50,138.0,150,,,,,,,,,,,,,,,,
2026-07-05T06:00:59.852043+00:00,2026-07-05T06:00:59.851957,2,2,137.55,0.1,137.5,147,137.1,100,,,,,,,,,,,,,,,,,137.6,48,138.0,150,,,,,,,,,,,,,,,,
2026-07-05T06:01:00.127907+00:00,2026-07-05T06:01:00.127842,2,2,137.55,0.1,137.5,105,137.1,100,,,,,,,,,,,,,,,,,137.6,48,138.0,150,,,,,,,,,,,,,,,,
2026-07-05T06:01:00.621480+00:00,2026-07-05T06:01:00.621374,1,1,137.75,0.5,137.5,105,,,,,,,,,,,,,,,,,,,138.0,150,,,,,,,,,,,,,,,,,,
2026-07-05T06:01:00.678024+00:00,2026-07-05T06:01:00.677798,1,1,137.75,0.5,137.5,205,,,,,,,,,,,,,,,,,,,138.0,150,,,,,,,,,,,,,,,,,,
2026-07-05T06:01:00.731712+00:00,2026-07-05T06:01:00.731517,1,1,137.75,0.5,137.5,205,,,,,,,,,,,,,,,,,,,138.0,250,,,,,,,,,,,,,,,,,,
2026-07-05T06:01:01.350585+00:00,2026-07-05T06:01:01.350555,1,1,137.75,0.5,137.5,100,,,,,,,,,,,,,,,,,,,138.0,100,,,,,,,,,,,,,,,,,,
2026-07-05T06:01:01.355825+00:00,2026-07-05T06:01:01.355750,1,1,137.75,0.5,137.5,100,,,,,,,,,,,,,,,,,,,138.0,50,,,,,,,,,,,,,,,,,,
2026-07-05T06:01:01.405364+00:00,2026-07-05T06:01:01.405278,2,1,137.75,0.5,137.5,100,137.4,150,,,,,,,,,,,,,,,,,138.0,50,,,,,,,,,,,,,,,,,,
2026-07-05T06:01:01.458604+00:00,2026-07-05T06:01:01.452607,2,2,137.7,0.4,137.5,100,137.4,150,,,,,,,,,,,,,,,,,137.9,150,138.0,50,,,,,,,,,,,,,,,,
2026-07-05T06:01:01.754392+00:00,2026-07-05T06:01:01.754271,2,2,137.7,0.4,137.5,100,137.4,150,,,,,,,,,,,,,,,,,137.9,110,138.0,50,,,,,,,,,,,,,,,,
2026-07-05T06:01:02.370941+00:00,2026-07-05T06:01:02.370753,2,2,137.7,0.4,137.5,52,137.4,150,,,,,,,,,,,,,,,,,137.9,110,138.0,50,,,,,,,,,,,,,,,,
2026-07-05T06:01:02.879275+00:00,2026-07-05T06:01:02.879397,2,2,137.7,0.4,137.5,52,137.4,150,,,,,,,,,,,,,,,,,137.9,65,138.0,50,,,,,,,,,,,,,,,,
2026-07-05T06:01:03.517029+00:00,2026-07-05T06:01:03.516965,2,2,137.7,0.4,137.5,2,137.4,150,,,,,,,,,,,,,,,,,137.9,65,138.0,50,,,,,,,,,,,,,,,,
2026-07-05T06:01:03.786769+00:00,2026-07-05T06:01:03.786625,1,1,137.65,0.5,137.4,150,,,,,,,,,,,,,,,,,,,137.9,65,,,,,,,,,,,,,,,,,,
2026-07-05T06:01:03.842994+00:00,2026-07-05T06:01:03.842803,2,1,137.65,0.5,137.4,150,137.3,100,,,,,,,,,,,,,,,,,137.9,65,,,,,,,,,,,,,,,,,,
2026-07-05T06:01:03.895506+00:00,2026-07-05T06:01:03.895616,2,2,137.6,0.4,137.4,150,137.3,100,,,,,,,,,,,,,,,,,137.8,100,137.9,65,,,,,,,,,,,,,,,,
2026-07-05T06:01:04.510449+00:00,2026-07-05T06:01:04.510369,1,1,137.55,0.5,137.3,100,,,,,,,,,,,,,,,,,,,137.8,100,,,,,,,,,,,,,,,,,,
2026-07-05T06:01:04.573013+00:00,2026-07-05T06:01:04.558605,2,0,,,137.9,50,137.3,100,,,,,,,,,,,,,,,,,,,,,,,,,,,,,,,,,,,,
2026-07-05T06:01:04.632624+00:00,2026-07-05T06:01:04.626370,2,1,138.15,0.5,137.9,36,137.3,100,,,,,,,,,,,,,,,,,138.4,150,,,,,,,,,,,,,,,,,,
2026-07-05T06:01:04.865186+00:00,2026-07-05T06:01:04.865334,2,1,138.15,0.5,137.9,11,137.3,100,,,,,,,,,,,,,,,,,138.4,150,,,,,,,,,,,,,,,,,,
2026-07-05T06:01:04.890798+00:00,2026-07-05T06:01:04.879462,2,1,138.15,0.5,137.9,11,137.3,100,,,,,,,,,,,,,,,,,138.4,150,,,,,,,,,,,,,,,,,,
2026-07-05T06:01:05.626117+00:00,2026-07-05T06:01:05.625982,1,1,137.85,1.1,137.3,61,,,,,,,,,,,,,,,,,,,138.4,150,,,,,,,,,,,,,,,,,,
2026-07-05T06:01:06.958743+00:00,2026-07-05T06:01:06.958627,0,1,,,,,,,,,,,,,,,,,,,,,,,138.4,150,,,,,,,,,,,,,,,,,,
2026-07-05T06:01:07.008498+00:00,2026-07-05T06:01:07.008662,1,1,137.85,1.1,137.3,100,,,,,,,,,,,,,,,,,,,138.4,150,,,,,,,,,,,,,,,,,,
2026-07-05T06:01:07.059433+00:00,2026-07-05T06:01:07.059351,1,2,137.55,0.5,137.3,100,,,,,,,,,,,,,,,,,,,137.8,100,138.4,150,,,,,,,,,,,,,,,,
2026-07-05T06:01:07.683699+00:00,2026-07-05T06:01:07.683428,1,1,137.55,0.5,137.3,100,,,,,,,,,,,,,,,,,,,137.8,100,,,,,,,,,,,,,,,,,,
2026-07-05T06:01:07.709967+00:00,2026-07-05T06:01:07.709859,1,1,137.55,0.5,137.3,100,,,,,,,,,,,,,,,,,,,137.8,50,,,,,,,,,,,,,,,,,,
2026-07-05T06:01:07.728255+00:00,2026-07-05T06:01:07.728142,2,1,137.55,0.5,137.3,100,137.0,150,,,,,,,,,,,,,,,,,137.8,50,,,,,,,,,,,,,,,,,,
2026-07-05T06:01:07.791372+00:00,2026-07-05T06:01:07.785813,2,2,137.4,0.2,137.3,100,137.0,150,,,,,,,,,,,,,,,,,137.5,139,137.8,50,,,,,,,,,,,,,,,,
2026-07-05T06:01:09.826026+00:00,2026-07-05T06:01:09.825952,2,2,137.4,0.2,137.3,100,137.0,150,,,,,,,,,,,,,,,,,137.5,89,137.8,50,,,,,,,,,,,,,,,,
2026-07-05T06:01:10.126031+00:00,2026-07-05T06:01:10.126160,1,1,137.25,0.5,137.0,150,,,,,,,,,,,,,,,,,,,137.5,89,,,,,,,,,,,,,,,,,,
2026-07-05T06:01:10.179925+00:00,2026-07-05T06:01:10.179809,2,1,137.45,0.1,137.4,100,137.0,150,,,,,,,,,,,,,,,,,137.5,89,,,,,,,,,,,,,,,,,,
2026-07-05T06:01:10.233097+00:00,2026-07-05T06:01:10.233071,2,2,137.45,0.1,137.4,100,137.0,150,,,,,,,,,,,,,,,,,137.5,89,137.9,100,,,,,,,,,,,,,,,,
2026-07-05T06:01:10.833708+00:00,2026-07-05T06:01:10.833619,1,1,137.65,0.5,137.4,100,,,,,,,,,,,,,,,,,,,137.9,100,,,,,,,,,,,,,,,,,,
2026-07-05T06:01:10.886007+00:00,2026-07-05T06:01:10.885924,2,1,137.65,0.5,137.4,100,137.3,150,,,,,,,,,,,,,,,,,137.9,100,,,,,,,,,,,,,,,,,,
2026-07-05T06:01:10.942219+00:00,2026-07-05T06:01:10.942127,2,2,137.6,0.4,137.4,100,137.3,150,,,,,,,,,,,,,,,,,137.8,150,137.9,100,,,,,,,,,,,,,,,,
2026-07-05T06:01:11.968759+00:00,2026-07-05T06:01:11.969038,2,2,137.6,0.4,137.4,100,137.3,150,,,,,,,,,,,,,,,,,137.8,100,137.9,100,,,,,,,,,,,,,,,,
2026-07-05T06:01:13.291563+00:00,2026-07-05T06:01:13.291538,1,1,137.55,0.5,137.3,150,,,,,,,,,,,,,,,,,,,137.8,100,,,,,,,,,,,,,,,,,,
2026-07-05T06:01:13.345950+00:00,2026-07-05T06:01:13.345904,2,1,137.7,0.2,137.6,100,137.3,150,,,,,,,,,,,,,,,,,137.8,100,,,,,,,,,,,,,,,,,,
2026-07-05T06:01:13.399287+00:00,2026-07-05T06:01:13.399172,2,2,137.7,0.2,137.6,100,137.3,150,,,,,,,,,,,,,,,,,137.8,100,138.1,100,,,,,,,,,,,,,,,,
2026-07-05T06:01:13.550508+00:00,2026-07-05T06:01:13.550438,2,2,137.7,0.2,137.6,100,137.3,150,,,,,,,,,,,,,,,,,137.8,53,138.1,100,,,,,,,,,,,,,,,,
2026-07-05T06:01:13.993451+00:00,2026-07-05T06:01:13.993418,1,1,137.85,0.5,137.6,100,,,,,,,,,,,,,,,,,,,138.1,100,,,,,,,,,,,,,,,,,,
2026-07-05T06:01:14.046648+00:00,2026-07-05T06:01:14.046589,2,1,137.95,0.3,137.8,150,137.6,100,,,,,,,,,,,,,,,,,138.1,100,,,,,,,,,,,,,,,,,,
2026-07-05T06:01:14.103332+00:00,2026-07-05T06:01:14.103222,2,2,137.95,0.3,137.8,150,137.6,100,,,,,,,,,,,,,,,,,138.1,100,138.3,150,,,,,,,,,,,,,,,,
2026-07-05T06:01:14.120305+00:00,2026-07-05T06:01:14.120457,2,2,137.95,0.3,137.8,100,137.6,100,,,,,,,,,,,,,,,,,138.1,100,138.3,150,,,,,,,,,,,,,,,,
2026-07-05T06:01:14.231809+00:00,2026-07-05T06:01:14.231945,2,2,137.95,0.3,137.8,56,137.6,100,,,,,,,,,,,,,,,,,138.1,100,138.3,150,,,,,,,,,,,,,,,,
2026-07-05T06:01:14.903432+00:00,2026-07-05T06:01:14.888066,2,2,137.95,0.3,137.8,33,137.6,100,,,,,,,,,,,,,,,,,138.1,100,138.3,150,,,,,,,,,,,,,,,,
2026-07-05T06:01:14.929473+00:00,2026-07-05T06:01:14.929355,2,2,137.95,0.3,137.8,8,137.6,100,,,,,,,,,,,,,,,,,138.1,100,138.3,150,,,,,,,,,,,,,,,,
2026-07-05T06:01:16.101029+00:00,2026-07-05T06:01:16.100922,1,2,137.85,0.5,137.6,67,,,,,,,,,,,,,,,,,,,138.1,100,138.3,150,,,,,,,,,,,,,,,,
2026-07-05T06:01:16.233358+00:00,2026-07-05T06:01:16.233278,1,2,137.85,0.5,137.6,17,,,,,,,,,,,,,,,,,,,138.1,100,138.3,150,,,,,,,,,,,,,,,,
2026-07-05T06:01:16.458669+00:00,2026-07-05T06:01:16.447488,0,1,,,,,,,,,,,,,,,,,,,,,,,138.3,150,,,,,,,,,,,,,,,,,,
2026-07-05T06:01:16.508314+00:00,2026-07-05T06:01:16.508235,1,1,137.75,1.1,137.2,100,,,,,,,,,,,,,,,,,,,138.3,150,,,,,,,,,,,,,,,,,,
2026-07-05T06:01:16.558582+00:00,2026-07-05T06:01:16.555876,1,2,137.45,0.5,137.2,100,,,,,,,,,,,,,,,,,,,137.7,100,138.3,150,,,,,,,,,,,,,,,,
2026-07-05T06:01:17.155161+00:00,2026-07-05T06:01:17.155129,1,1,137.45,0.5,137.2,100,,,,,,,,,,,,,,,,,,,137.7,100,,,,,,,,,,,,,,,,,,
2026-07-05T06:01:17.208325+00:00,2026-07-05T06:01:17.208265,2,1,137.45,0.5,137.2,100,137.1,150,,,,,,,,,,,,,,,,,137.7,100,,,,,,,,,,,,,,,,,,
2026-07-05T06:01:17.274139+00:00,2026-07-05T06:01:17.268073,2,2,137.4,0.4,137.2,100,137.1,150,,,,,,,,,,,,,,,,,137.6,138,137.7,100,,,,,,,,,,,,,,,,
2026-07-05T06:01:19.616271+00:00,2026-07-05T06:01:19.616196,1,1,137.35,0.5,137.1,150,,,,,,,,,,,,,,,,,,,137.6,138,,,,,,,,,,,,,,,,,,
2026-07-05T06:01:19.670532+00:00,2026-07-05T06:01:19.670645,1,1,137.35,0.5,137.1,250,,,,,,,,,,,,,,,,,,,137.6,138,,,,,,,,,,,,,,,,,,
2026-07-05T06:01:19.721527+00:00,2026-07-05T06:01:19.721407,1,1,137.35,0.5,137.1,250,,,,,,,,,,,,,,,,,,,137.6,238,,,,,,,,,,,,,,,,,,
2026-07-05T06:01:20.318345+00:00,2026-07-05T06:01:20.318322,1,1,137.35,0.5,137.1,100,,,,,,,,,,,,,,,,,,,137.6,100,,,,,,,,,,,,,,,,,,
2026-07-05T06:01:20.371163+00:00,2026-07-05T06:01:20.371120,1,1,137.35,0.5,137.1,250,,,,,,,,,,,,,,,,,,,137.6,100,,,,,,,,,,,,,,,,,,
2026-07-05T06:01:20.424053+00:00,2026-07-05T06:01:20.423982,1,2,137.3,0.4,137.1,250,,,,,,,,,,,,,,,,,,,137.5,150,137.6,100,,,,,,,,,,,,,,,,
2026-07-05T06:01:20.472871+00:00,2026-07-05T06:01:20.472752,1,2,137.3,0.4,137.1,200,,,,,,,,,,,,,,,,,,,137.5,150,137.6,100,,,,,,,,,,,,,,,,
2026-07-05T06:01:21.025744+00:00,2026-07-05T06:01:21.020709,1,2,137.3,0.4,137.1,200,,,,,,,,,,,,,,,,,,,137.5,139,137.6,100,,,,,,,,,,,,,,,,
2026-07-05T06:01:22.580500+00:00,2026-07-05T06:01:22.580463,1,2,137.3,0.4,137.1,150,,,,,,,,,,,,,,,,,,,137.5,139,137.6,100,,,,,,,,,,,,,,,,
2026-07-05T06:01:22.776729+00:00,2026-07-05T06:01:22.776641,1,1,137.3,0.4,137.1,150,,,,,,,,,,,,,,,,,,,137.5,139,,,,,,,,,,,,,,,,,,
2026-07-05T06:01:22.858674+00:00,2026-07-05T06:01:22.853542,2,1,137.3,0.4,137.1,150,136.9,100,,,,,,,,,,,,,,,,,137.5,139,,,,,,,,,,,,,,,,,,
2026-07-05T06:01:22.918533+00:00,2026-07-05T06:01:22.912046,2,2,137.25,0.3,137.1,150,136.9,100,,,,,,,,,,,,,,,,,137.4,97,137.5,139,,,,,,,,,,,,,,,,
2026-07-05T06:01:23.481442+00:00,2026-07-05T06:01:23.481577,1,1,137.15,0.5,136.9,100,,,,,,,,,,,,,,,,,,,137.4,97,,,,,,,,,,,,,,,,,,
2026-07-05T06:01:23.538363+00:00,2026-07-05T06:01:23.538206,2,1,137.35,0.1,137.3,150,136.9,100,,,,,,,,,,,,,,,,,137.4,97,,,,,,,,,,,,,,,,,,
2026-07-05T06:01:23.591274+00:00,2026-07-05T06:01:23.591179,2,2,137.35,0.1,137.3,150,136.9,100,,,,,,,,,,,,,,,,,137.4,97,137.8,150,,,,,,,,,,,,,,,,
2026-07-05T06:01:24.690985+00:00,2026-07-05T06:01:24.690892,2,2,137.35,0.1,137.3,150,136.9,100,,,,,,,,,,,,,,,,,137.4,52,137.8,150,,,,,,,,,,,,,,,,
2026-07-05T06:01:24.718935+00:00,2026-07-05T06:01:24.718905,2,2,137.35,0.1,137.3,100,136.9,100,,,,,,,,,,,,,,,,,137.4,52,137.8,150,,,,,,,,,,,,,,,,
2026-07-05T06:01:25.958618+00:00,2026-07-05T06:01:25.956996,1,1,137.55,0.5,137.3,100,,,,,,,,,,,,,,,,,,,137.8,150,,,,,,,,,,,,,,,,,,
2026-07-05T06:01:26.013629+00:00,2026-07-05T06:01:26.013581,2,1,137.65,0.3,137.5,100,137.3,100,,,,,,,,,,,,,,,,,137.8,150,,,,,,,,,,,,,,,,,,
2026-07-05T06:01:26.070871+00:00,2026-07-05T06:01:26.070805,2,2,137.65,0.3,137.5,100,137.3,100,,,,,,,,,,,,,,,,,137.8,150,138.0,100,,,,,,,,,,,,,,,,
2026-07-05T06:01:26.645553+00:00,2026-07-05T06:01:26.645416,1,1,137.75,0.5,137.5,100,,,,,,,,,,,,,,,,,,,138.0,100,,,,,,,,,,,,,,,,,,
2026-07-05T06:01:26.698339+00:00,2026-07-05T06:01:26.692147,2,1,137.75,0.5,137.5,100,137.3,150,,,,,,,,,,,,,,,,,138.0,100,,,,,,,,,,,,,,,,,,
2026-07-05T06:01:26.755141+00:00,2026-07-05T06:01:26.755055,2,2,137.65,0.3,137.5,100,137.3,150,,,,,,,,,,,,,,,,,137.8,150,138.0,100,,,,,,,,,,,,,,,,
2026-07-05T06:01:26.825632+00:00,2026-07-05T06:01:26.825857,2,2,137.65,0.3,137.5,50,137.3,150,,,,,,,,,,,,,,,,,137.8,150,138.0,100,,,,,,,,,,,,,,,,
2026-07-05T06:01:27.807292+00:00,2026-07-05T06:01:27.807408,2,2,137.65,0.3,137.5,6,137.3,150,,,,,,,,,,,,,,,,,137.8,150,138.0,100,,,,,,,,,,,,,,,,
2026-07-05T06:01:28.974755+00:00,2026-07-05T06:01:28.974683,1,2,137.55,0.5,137.3,106,,,,,,,,,,,,,,,,,,,137.8,150,138.0,100,,,,,,,,,,,,,,,,
2026-07-05T06:01:29.124124+00:00,2026-07-05T06:01:29.123991,1,1,137.55,0.5,137.3,106,,,,,,,,,,,,,,,,,,,137.8,150,,,,,,,,,,,,,,,,,,
2026-07-05T06:01:29.178526+00:00,2026-07-05T06:01:29.178616,2,1,137.55,0.5,137.3,106,136.9,100,,,,,,,,,,,,,,,,,137.8,150,,,,,,,,,,,,,,,,,,
2026-07-05T06:01:29.230823+00:00,2026-07-05T06:01:29.230695,2,2,137.35,0.1,137.3,106,136.9,100,,,,,,,,,,,,,,,,,137.4,100,137.8,150,,,,,,,,,,,,,,,,
2026-07-05T06:01:29.547599+00:00,2026-07-05T06:01:29.541613,2,2,137.35,0.1,137.3,106,136.9,100,,,,,,,,,,,,,,,,,137.4,97,137.8,150,,,,,,,,,,,,,,,,
2026-07-05T06:01:29.809355+00:00,2026-07-05T06:01:29.809242,1,1,137.15,0.5,136.9,100,,,,,,,,,,,,,,,,,,,137.4,97,,,,,,,,,,,,,,,,,,
2026-07-05T06:01:29.863988+00:00,2026-07-05T06:01:29.863894,2,1,137.25,0.3,137.1,150,136.9,100,,,,,,,,,,,,,,,,,137.4,97,,,,,,,,,,,,,,,,,,
2026-07-05T06:01:29.917018+00:00,2026-07-05T06:01:29.916968,2,2,137.25,0.3,137.1,150,136.9,100,,,,,,,,,,,,,,,,,137.4,97,137.6,150,,,,,,,,,,,,,,,,
2026-07-05T06:01:29.969364+00:00,2026-07-05T06:01:29.969451,2,2,137.25,0.3,137.1,150,136.9,100,,,,,,,,,,,,,,,,,137.4,72,137.6,150,,,,,,,,,,,,,,,,
2026-07-05T06:01:29.986804+00:00,2026-07-05T06:01:29.978791,3,2,137.3,0.2,137.2,10,137.1,150,136.9,100,,,,,,,,,,,,,,,137.4,72,137.6,150,,,,,,,,,,,,,,,,
2026-07-05T06:01:31.089230+00:00,2026-07-05T06:01:31.089355,2,2,137.25,0.3,137.1,110,136.9,100,,,,,,,,,,,,,,,,,137.4,72,137.6,150,,,,,,,,,,,,,,,,
2026-07-05T06:01:32.108978+00:00,2026-07-05T06:01:32.108917,2,2,137.25,0.3,137.1,110,136.9,100,,,,,,,,,,,,,,,,,137.4,27,137.6,150,,,,,,,,,,,,,,,,
2026-07-05T06:01:32.286404+00:00,2026-07-05T06:01:32.286372,1,1,137.35,0.5,137.1,110,,,,,,,,,,,,,,,,,,,137.6,150,,,,,,,,,,,,,,,,,,
2026-07-05T06:01:32.343025+00:00,2026-07-05T06:01:32.342944,2,1,137.4,0.4,137.2,100,137.1,110,,,,,,,,,,,,,,,,,137.6,150,,,,,,,,,,,,,,,,,,
2026-07-05T06:01:32.394071+00:00,2026-07-05T06:01:32.394041,2,2,137.4,0.4,137.2,100,137.1,110,,,,,,,,,,,,,,,,,137.6,150,137.7,100,,,,,,,,,,,,,,,,
2026-07-05T06:01:32.971010+00:00,2026-07-05T06:01:32.970986,1,1,137.45,0.5,137.2,100,,,,,,,,,,,,,,,,,,,137.7,100,,,,,,,,,,,,,,,,,,
2026-07-05T06:01:33.041929+00:00,2026-07-05T06:01:33.042023,2,1,137.45,0.5,137.2,100,136.9,150,,,,,,,,,,,,,,,,,137.7,100,,,,,,,,,,,,,,,,,,
2026-07-05T06:01:33.130797+00:00,2026-07-05T06:01:33.130653,2,2,137.3,0.2,137.2,100,136.9,150,,,,,,,,,,,,,,,,,137.4,150,137.7,100,,,,,,,,,,,,,,,,
2026-07-05T06:01:33.196452+00:00,2026-07-05T06:01:33.196582,2,2,137.3,0.2,137.2,50,136.9,150,,,,,,,,,,,,,,,,,137.4,150,137.7,100,,,,,,,,,,,,,,,,
2026-07-05T06:01:34.256418+00:00,2026-07-05T06:01:34.249292,2,2,137.3,0.2,137.2,40,136.9,150,,,,,,,,,,,,,,,,,137.4,150,137.7,100,,,,,,,,,,,,,,,,
2026-07-05T06:01:35.305900+00:00,2026-07-05T06:01:35.305862,1,2,137.15,0.5,136.9,140,,,,,,,,,,,,,,,,,,,137.4,150,137.7,100,,,,,,,,,,,,,,,,
2026-07-05T06:01:35.463795+00:00,2026-07-05T06:01:35.463885,1,1,137.15,0.5,136.9,140,,,,,,,,,,,,,,,,,,,137.4,150,,,,,,,,,,,,,,,,,,
2026-07-05T06:01:35.510597+00:00,2026-07-05T06:01:35.510521,2,1,137.15,0.5,136.9,140,136.6,100,,,,,,,,,,,,,,,,,137.4,150,,,,,,,,,,,,,,,,,,
2026-07-05T06:01:35.576197+00:00,2026-07-05T06:01:35.570636,2,2,137.0,0.2,136.9,140,136.6,100,,,,,,,,,,,,,,,,,137.1,89,137.4,150,,,,,,,,,,,,,,,,
2026-07-05T06:01:36.188003+00:00,2026-07-05T06:01:36.187965,2,1,137.0,0.2,136.9,140,136.6,100,,,,,,,,,,,,,,,,,137.1,89,,,,,,,,,,,,,,,,,,
2026-07-05T06:01:36.193283+00:00,2026-07-05T06:01:36.193137,1,1,136.85,0.5,136.6,100,,,,,,,,,,,,,,,,,,,137.1,89,,,,,,,,,,,,,,,,,,
2026-07-05T06:01:36.248698+00:00,2026-07-05T06:01:36.248608,1,1,136.85,0.5,136.6,250,,,,,,,,,,,,,,,,,,,137.1,89,,,,,,,,,,,,,,,,,,
2026-07-05T06:01:36.301614+00:00,2026-07-05T06:01:36.301533,1,1,136.85,0.5,136.6,250,,,,,,,,,,,,,,,,,,,137.1,239,,,,,,,,,,,,,,,,,,
2026-07-05T06:01:37.416407+00:00,2026-07-05T06:01:37.416372,1,1,136.85,0.5,136.6,200,,,,,,,,,,,,,,,,,,,137.1,239,,,,,,,,,,,,,,,,,,
2026-07-05T06:01:38.620782+00:00,2026-07-05T06:01:38.620740,1,1,136.85,0.5,136.6,150,,,,,,,,,,,,,,,,,,,137.1,150,,,,,,,,,,,,,,,,,,
2026-07-05T06:01:38.676742+00:00,2026-07-05T06:01:38.676618,1,1,136.85,0.5,136.6,250,,,,,,,,,,,,,,,,,,,137.1,150,,,,,,,,,,,,,,,,,,
2026-07-05T06:01:38.731294+00:00,2026-07-05T06:01:38.731108,1,1,136.85,0.5,136.6,250,,,,,,,,,,,,,,,,,,,137.1,250,,,,,,,,,,,,,,,,,,
2026-07-05T06:01:39.350764+00:00,2026-07-05T06:01:39.350879,1,1,136.85,0.5,136.6,250,,,,,,,,,,,,,,,,,,,137.1,100,,,,,,,,,,,,,,,,,,
2026-07-05T06:01:39.358623+00:00,2026-07-05T06:01:39.356032,1,1,136.85,0.5,136.6,100,,,,,,,,,,,,,,,,,,,137.1,100,,,,,,,,,,,,,,,,,,
2026-07-05T06:01:39.410370+00:00,2026-07-05T06:01:39.410246,1,1,136.85,0.5,136.6,250,,,,,,,,,,,,,,,,,,,137.1,100,,,,,,,,,,,,,,,,,,
2026-07-05T06:01:39.463892+00:00,2026-07-05T06:01:39.463785,1,1,136.85,0.5,136.6,250,,,,,,,,,,,,,,,,,,,137.1,250,,,,,,,,,,,,,,,,,,
2026-07-05T06:01:39.525244+00:00,2026-07-05T06:01:39.525212,1,1,136.85,0.5,136.6,200,,,,,,,,,,,,,,,,,,,137.1,250,,,,,,,,,,,,,,,,,,
2026-07-05T06:01:40.006504+00:00,2026-07-05T06:01:40.006396,1,1,136.85,0.5,136.6,200,,,,,,,,,,,,,,,,,,,137.1,225,,,,,,,,,,,,,,,,,,
2026-07-05T06:01:40.011471+00:00,2026-07-05T06:01:40.011640,1,2,136.8,0.4,136.6,200,,,,,,,,,,,,,,,,,,,137.0,10,137.1,225,,,,,,,,,,,,,,,,
2026-07-05T06:01:40.018528+00:00,2026-07-05T06:01:40.015653,1,1,136.85,0.5,136.6,200,,,,,,,,,,,,,,,,,,,137.1,225,,,,,,,,,,,,,,,,,,
2026-07-05T06:01:41.335436+00:00,2026-07-05T06:01:41.329251,1,1,136.85,0.5,136.6,200,,,,,,,,,,,,,,,,,,,137.1,223,,,,,,,,,,,,,,,,,,
2026-07-05T06:01:41.629343+00:00,2026-07-05T06:01:41.629215,1,1,136.85,0.5,136.6,150,,,,,,,,,,,,,,,,,,,137.1,223,,,,,,,,,,,,,,,,,,
2026-07-05T06:01:41.786002+00:00,2026-07-05T06:01:41.785881,1,1,136.85,0.5,136.6,150,,,,,,,,,,,,,,,,,,,137.1,150,,,,,,,,,,,,,,,,,,
2026-07-05T06:01:41.839551+00:00,2026-07-05T06:01:41.839497,2,1,136.85,0.5,136.6,150,136.5,100,,,,,,,,,,,,,,,,,137.1,150,,,,,,,,,,,,,,,,,,
2026-07-05T06:01:41.899267+00:00,2026-07-05T06:01:41.892961,2,2,136.8,0.4,136.6,150,136.5,100,,,,,,,,,,,,,,,,,137.0,89,137.1,150,,,,,,,,,,,,,,,,
2026-07-05T06:01:42.514818+00:00,2026-07-05T06:01:42.514721,2,1,136.8,0.4,136.6,150,136.5,100,,,,,,,,,,,,,,,,,137.0,89,,,,,,,,,,,,,,,,,,
2026-07-05T06:01:42.519983+00:00,2026-07-05T06:01:42.519887,1,1,136.75,0.5,136.5,100,,,,,,,,,,,,,,,,,,,137.0,89,,,,,,,,,,,,,,,,,,
2026-07-05T06:01:42.573472+00:00,2026-07-05T06:01:42.573392,2,1,136.9,0.2,136.8,150,136.5,100,,,,,,,,,,,,,,,,,137.0,89,,,,,,,,,,,,,,,,,,
2026-07-05T06:01:42.622960+00:00,2026-07-05T06:01:42.622915,2,2,136.9,0.2,136.8,150,136.5,100,,,,,,,,,,,,,,,,,137.0,89,137.3,150,,,,,,,,,,,,,,,,
2026-07-05T06:01:43.740409+00:00,2026-07-05T06:01:43.740271,2,2,136.9,0.2,136.8,100,136.5,100,,,,,,,,,,,,,,,,,137.0,89,137.3,150,,,,,,,,,,,,,,,,
2026-07-05T06:01:44.949081+00:00,2026-07-05T06:01:44.949207,1,1,137.05,0.5,136.8,100,,,,,,,,,,,,,,,,,,,137.3,150,,,,,,,,,,,,,,,,,,
2026-07-05T06:01:45.004548+00:00,2026-07-05T06:01:45.004476,2,1,137.05,0.5,136.8,100,136.5,100,,,,,,,,,,,,,,,,,137.3,150,,,,,,,,,,,,,,,,,,
2026-07-05T06:01:45.029509+00:00,2026-07-05T06:01:45.029623,2,1,137.05,0.5,136.8,100,136.5,100,,,,,,,,,,,,,,,,,137.3,149,,,,,,,,,,,,,,,,,,
2026-07-05T06:01:45.034862+00:00,2026-07-05T06:01:45.034780,3,1,137.1,0.4,136.9,10,136.8,100,136.5,100,,,,,,,,,,,,,,,137.3,149,,,,,,,,,,,,,,,,,,
2026-07-05T06:01:45.039850+00:00,2026-07-05T06:01:45.039940,3,2,137.05,0.3,136.9,10,136.8,100,136.5,100,,,,,,,,,,,,,,,137.2,10,137.3,149,,,,,,,,,,,,,,,,
2026-07-05T06:01:45.045309+00:00,2026-07-05T06:01:45.045199,2,1,137.05,0.5,136.8,100,136.5,100,,,,,,,,,,,,,,,,,137.3,149,,,,,,,,,,,,,,,,,,
2026-07-05T06:01:45.050264+00:00,2026-07-05T06:01:45.050377,2,1,137.05,0.5,136.8,100,136.5,100,,,,,,,,,,,,,,,,,137.3,147,,,,,,,,,,,,,,,,,,
2026-07-05T06:01:45.055568+00:00,2026-07-05T06:01:45.055527,2,2,136.9,0.2,136.8,100,136.5,100,,,,,,,,,,,,,,,,,137.0,100,137.3,147,,,,,,,,,,,,,,,,
2026-07-05T06:01:45.268946+00:00,2026-07-05T06:01:45.262639,2,2,136.9,0.2,136.8,100,136.5,100,,,,,,,,,,,,,,,,,137.0,88,137.3,147,,,,,,,,,,,,,,,,
2026-07-05T06:01:45.675953+00:00,2026-07-05T06:01:45.675878,2,1,136.9,0.2,136.8,100,136.5,100,,,,,,,,,,,,,,,,,137.0,88,,,,,,,,,,,,,,,,,,
2026-07-05T06:01:45.681147+00:00,2026-07-05T06:01:45.681036,1,1,136.75,0.5,136.5,100,,,,,,,,,,,,,,,,,,,137.0,88,,,,,,,,,,,,,,,,,,
2026-07-05T06:01:45.733049+00:00,2026-07-05T06:01:45.733178,2,1,136.85,0.3,136.7,150,136.5,100,,,,,,,,,,,,,,,,,137.0,88,,,,,,,,,,,,,,,,,,
2026-07-05T06:01:45.804608+00:00,2026-07-05T06:01:45.804550,2,2,136.85,0.3,136.7,150,136.5,100,,,,,,,,,,,,,,,,,137.0,88,137.2,150,,,,,,,,,,,,,,,,
2026-07-05T06:01:45.856605+00:00,2026-07-05T06:01:45.856823,2,2,136.85,0.3,136.7,100,136.5,100,,,,,,,,,,,,,,,,,137.0,88,137.2,150,,,,,,,,,,,,,,,,
2026-07-05T06:01:46.864837+00:00,2026-07-05T06:01:46.865011,2,2,136.85,0.3,136.7,100,136.5,100,,,,,,,,,,,,,,,,,137.0,40,137.2,150,,,,,,,,,,,,,,,,
2026-07-05T06:01:47.431592+00:00,2026-07-05T06:01:47.431448,2,1,136.95,0.5,136.7,100,136.5,100,,,,,,,,,,,,,,,,,137.2,148,,,,,,,,,,,,,,,,,,
2026-07-05T06:01:47.967331+00:00,2026-07-05T06:01:47.967236,2,1,136.95,0.5,136.7,50,136.5,100,,,,,,,,,,,,,,,,,137.2,148,,,,,,,,,,,,,,,,,,
2026-07-05T06:01:48.111870+00:00,2026-07-05T06:01:48.111792,1,1,136.95,0.5,136.7,50,,,,,,,,,,,,,,,,,,,137.2,148,,,,,,,,,,,,,,,,,,
2026-07-05T06:01:48.164082+00:00,2026-07-05T06:01:48.164011,2,1,137.1,0.2,137.0,100,136.7,50,,,,,,,,,,,,,,,,,137.2,148,,,,,,,,,,,,,,,,,,
2026-07-05T06:01:48.217400+00:00,2026-07-05T06:01:48.217305,2,2,137.1,0.2,137.0,100,136.7,50,,,,,,,,,,,,,,,,,137.2,148,137.5,100,,,,,,,,,,,,,,,,
2026-07-05T06:01:48.875510+00:00,2026-07-05T06:01:48.875332,1,1,137.25,0.5,137.0,100,,,,,,,,,,,,,,,,,,,137.5,100,,,,,,,,,,,,,,,,,,
2026-07-05T06:01:48.934258+00:00,2026-07-05T06:01:48.934378,2,1,137.25,0.5,137.0,100,136.4,150,,,,,,,,,,,,,,,,,137.5,100,,,,,,,,,,,,,,,,,,
2026-07-05T06:01:49.013961+00:00,2026-07-05T06:01:49.006652,1,2,136.65,0.5,136.4,150,,,,,,,,,,,,,,,,,,,136.9,28,137.5,100,,,,,,,,,,,,,,,,
2026-07-05T06:01:50.085906+00:00,2026-07-05T06:01:50.085885,1,2,136.65,0.5,136.4,100,,,,,,,,,,,,,,,,,,,136.9,28,137.5,100,,,,,,,,,,,,,,,,
2026-07-05T06:01:50.090951+00:00,2026-07-05T06:01:50.091050,1,3,136.6,0.4,136.4,100,,,,,,,,,,,,,,,,,,,136.8,10,136.9,28,137.5,100,,,,,,,,,,,,,,
2026-07-05T06:01:50.096329+00:00,2026-07-05T06:01:50.096250,1,2,136.65,0.5,136.4,100,,,,,,,,,,,,,,,,,,,136.9,28,137.5,100,,,,,,,,,,,,,,,,
2026-07-05T06:01:50.101578+00:00,2026-07-05T06:01:50.101468,1,2,136.65,0.5,136.4,100,,,,,,,,,,,,,,,,,,,136.9,26,137.5,100,,,,,,,,,,,,,,,,
2026-07-05T06:01:50.950461+00:00,2026-07-05T06:01:50.950394,1,1,136.95,1.1,136.4,100,,,,,,,,,,,,,,,,,,,137.5,100,,,,,,,,,,,,,,,,,,
2026-07-05T06:01:51.289728+00:00,2026-07-05T06:01:51.289823,1,0,,,136.4,100,,,,,,,,,,,,,,,,,,,,,,,,,,,,,,,,,,,,,,
2026-07-05T06:01:51.342959+00:00,2026-07-05T06:01:51.342899,2,0,,,136.7,100,136.4,100,,,,,,,,,,,,,,,,,,,,,,,,,,,,,,,,,,,,
2026-07-05T06:01:51.397647+00:00,2026-07-05T06:01:51.397598,2,1,136.95,0.5,136.7,100,136.4,100,,,,,,,,,,,,,,,,,137.2,100,,,,,,,,,,,,,,,,,,
2026-07-05T06:01:52.044805+00:00,2026-07-05T06:01:52.044954,1,1,136.95,0.5,136.7,100,,,,,,,,,,,,,,,,,,,137.2,100,,,,,,,,,,,,,,,,,,
2026-07-05T06:01:52.095399+00:00,2026-07-05T06:01:52.095299,1,1,136.95,0.5,136.7,250,,,,,,,,,,,,,,,,,,,137.2,100,,,,,,,,,,,,,,,,,,
2026-07-05T06:01:52.172210+00:00,2026-07-05T06:01:52.148617,1,1,136.95,0.5,136.7,250,,,,,,,,,,,,,,,,,,,137.2,250,,,,,,,,,,,,,,,,,,
2026-07-05T06:01:52.188045+00:00,2026-07-05T06:01:52.187893,1,1,136.95,0.5,136.7,200,,,,,,,,,,,,,,,,,,,137.2,250,,,,,,,,,,,,,,,,,,
2026-07-05T06:01:54.249614+00:00,2026-07-05T06:01:54.249522,1,1,136.95,0.5,136.7,200,,,,,,,,,,,,,,,,,,,137.2,200,,,,,,,,,,,,,,,,,,
2026-07-05T06:01:54.448503+00:00,2026-07-05T06:01:54.458732,1,1,136.95,0.5,136.7,150,,,,,,,,,,,,,,,,,,,137.2,150,,,,,,,,,,,,,,,,,,
2026-07-05T06:01:54.503972+00:00,2026-07-05T06:01:54.503867,2,1,136.95,0.5,136.7,150,136.5,100,,,,,,,,,,,,,,,,,137.2,150,,,,,,,,,,,,,,,,,,
2026-07-05T06:01:54.558687+00:00,2026-07-05T06:01:54.557309,2,2,136.85,0.3,136.7,150,136.5,100,,,,,,,,,,,,,,,,,137.0,100,137.2,150,,,,,,,,,,,,,,,,
2026-07-05T06:01:55.044672+00:00,2026-07-05T06:01:55.044594,2,2,136.85,0.3,136.7,101,136.5,100,,,,,,,,,,,,,,,,,137.0,100,137.2,150,,,,,,,,,,,,,,,,
2026-07-05T06:01:55.120662+00:00,2026-07-05T06:01:55.120624,2,2,136.85,0.3,136.7,101,136.5,100,,,,,,,,,,,,,,,,,137.0,98,137.2,150,,,,,,,,,,,,,,,,
2026-07-05T06:01:55.206397+00:00,2026-07-05T06:01:55.206333,1,1,136.75,0.5,136.5,100,,,,,,,,,,,,,,,,,,,137.0,98,,,,,,,,,,,,,,,,,,
2026-07-05T06:01:55.268071+00:00,2026-07-05T06:01:55.253397,2,1,136.8,0.4,136.6,150,136.5,100,,,,,,,,,,,,,,,,,137.0,98,,,,,,,,,,,,,,,,,,
2026-07-05T06:01:55.313261+00:00,2026-07-05T06:01:55.313217,2,2,136.8,0.4,136.6,150,136.5,100,,,,,,,,,,,,,,,,,137.0,98,137.1,150,,,,,,,,,,,,,,,,
2026-07-05T06:01:56.385557+00:00,2026-07-05T06:01:56.385458,2,2,136.8,0.4,136.6,150,136.5,100,,,,,,,,,,,,,,,,,137.0,48,137.1,150,,,,,,,,,,,,,,,,
2026-07-05T06:01:57.607752+00:00,2026-07-05T06:01:57.607729,2,1,136.85,0.5,136.6,150,136.5,100,,,,,,,,,,,,,,,,,137.1,150,,,,,,,,,,,,,,,,,,
2026-07-05T06:01:57.613008+00:00,2026-07-05T06:01:57.612897,1,1,136.85,0.5,136.6,150,,,,,,,,,,,,,,,,,,,137.1,150,,,,,,,,,,,,,,,,,,
2026-07-05T06:01:57.666444+00:00,2026-07-05T06:01:57.666536,2,1,137.05,0.1,137.0,100,136.6,150,,,,,,,,,,,,,,,,,137.1,150,,,,,,,,,,,,,,,,,,
2026-07-05T06:01:57.719492+00:00,2026-07-05T06:01:57.719325,2,2,137.05,0.1,137.0,100,136.6,150,,,,,,,,,,,,,,,,,137.1,150,137.5,100,,,,,,,,,,,,,,,,
2026-07-05T06:01:58.370583+00:00,2026-07-05T06:01:58.370492,1,1,137.25,0.5,137.0,100,,,,,,,,,,,,,,,,,,,137.5,100,,,,,,,,,,,,,,,,,,
2026-07-05T06:01:58.423995+00:00,2026-07-05T06:01:58.423953,2,1,137.25,0.5,137.0,100,136.7,150,,,,,,,,,,,,,,,,,137.5,100,,,,,,,,,,,,,,,,,,
2026-07-05T06:01:58.476984+00:00,2026-07-05T06:01:58.477104,2,2,137.1,0.2,137.0,100,136.7,150,,,,,,,,,,,,,,,,,137.2,150,137.5,100,,,,,,,,,,,,,,,,
2026-07-05T06:01:58.502934+00:00,2026-07-05T06:01:58.502704,2,2,137.1,0.2,137.0,100,136.7,150,,,,,,,,,,,,,,,,,137.2,100,137.5,100,,,,,,,,,,,,,,,,
2026-07-05T06:01:58.609852+00:00,2026-07-05T06:01:58.609752,2,2,137.1,0.2,137.0,100,136.7,150,,,,,,,,,,,,,,,,,137.2,58,137.5,100,,,,,,,,,,,,,,,,
2026-07-05T06:01:59.075942+00:00,2026-07-05T06:01:59.075892,2,2,137.1,0.2,137.0,55,136.7,150,,,,,,,,,,,,,,,,,137.2,58,137.5,100,,,,,,,,,,,,,,,,
2026-07-05T06:02:00.137761+00:00,2026-07-05T06:02:00.137909,2,2,137.1,0.2,137.0,55,136.7,150,,,,,,,,,,,,,,,,,137.2,56,137.5,100,,,,,,,,,,,,,,,,
2026-07-05T06:02:00.242542+00:00,2026-07-05T06:02:00.242512,2,2,137.1,0.2,137.0,13,136.7,150,,,,,,,,,,,,,,,,,137.2,56,137.5,100,,,,,,,,,,,,,,,,
2026-07-05T06:02:00.608892+00:00,2026-07-05T06:02:00.608784,2,2,137.1,0.2,137.0,13,136.7,150,,,,,,,,,,,,,,,,,137.2,6,137.5,100,,,,,,,,,,,,,,,,
2026-07-05T06:02:00.771667+00:00,2026-07-05T06:02:00.771616,1,1,136.95,0.5,136.7,150,,,,,,,,,,,,,,,,,,,137.2,6,,,,,,,,,,,,,,,,,,
2026-07-05T06:02:00.826596+00:00,2026-07-05T06:02:00.826684,2,1,136.95,0.5,136.7,150,136.5,100,,,,,,,,,,,,,,,,,137.2,6,,,,,,,,,,,,,,,,,,
2026-07-05T06:02:00.879597+00:00,2026-07-05T06:02:00.879555,2,2,136.85,0.3,136.7,150,136.5,100,,,,,,,,,,,,,,,,,137.0,100,137.2,6,,,,,,,,,,,,,,,,
2026-07-05T06:02:01.249542+00:00,2026-07-05T06:02:01.249699,2,2,136.85,0.3,136.7,150,136.5,100,,,,,,,,,,,,,,,,,137.0,58,137.2,6,,,,,,,,,,,,,,,,
2026-07-05T06:02:01.531954+00:00,2026-07-05T06:02:01.531876,2,1,136.85,0.3,136.7,150,136.5,100,,,,,,,,,,,,,,,,,137.0,58,,,,,,,,,,,,,,,,,,
2026-07-05T06:02:01.537070+00:00,2026-07-05T06:02:01.537040,1,1,136.75,0.5,136.5,100,,,,,,,,,,,,,,,,,,,137.0,58,,,,,,,,,,,,,,,,,,
2026-07-05T06:02:01.605169+00:00,2026-07-05T06:02:01.605253,2,0,,,137.3,92,136.5,100,,,,,,,,,,,,,,,,,,,,,,,,,,,,,,,,,,,,
2026-07-05T06:02:01.660041+00:00,2026-07-05T06:02:01.653818,2,1,137.55,0.5,137.3,81,136.5,100,,,,,,,,,,,,,,,,,137.8,150,,,,,,,,,,,,,,,,,,
2026-07-05T06:02:02.333431+00:00,2026-07-05T06:02:02.327051,2,1,137.55,0.5,137.3,70,136.5,100,,,,,,,,,,,,,,,,,137.8,150,,,,,,,,,,,,,,,,,,
2026-07-05T06:02:03.642563+00:00,2026-07-05T06:02:03.636258,2,1,137.55,0.5,137.3,58,136.5,100,,,,,,,,,,,,,,,,,137.8,150,,,,,,,,,,,,,,,,,,
2026-07-05T06:02:03.845602+00:00,2026-07-05T06:02:03.845476,2,1,137.55,0.5,137.3,17,136.5,100,,,,,,,,,,,,,,,,,137.8,150,,,,,,,,,,,,,,,,,,
2026-07-05T06:02:03.934304+00:00,2026-07-05T06:02:03.934377,1,1,137.55,0.5,137.3,17,,,,,,,,,,,,,,,,,,,137.8,150,,,,,,,,,,,,,,,,,,
2026-07-05T06:02:03.996162+00:00,2026-07-05T06:02:03.996299,2,1,137.55,0.5,137.3,17,136.8,100,,,,,,,,,,,,,,,,,137.8,150,,,,,,,,,,,,,,,,,,
2026-07-05T06:02:04.068894+00:00,2026-07-05T06:02:04.068773,1,2,137.05,0.5,136.8,100,,,,,,,,,,,,,,,,,,,137.3,83,137.8,150,,,,,,,,,,,,,,,,
2026-07-05T06:02:04.710184+00:00,2026-07-05T06:02:04.710302,1,1,137.05,0.5,136.8,100,,,,,,,,,,,,,,,,,,,137.3,83,,,,,,,,,,,,,,,,,,
2026-07-05T06:02:04.758555+00:00,2026-07-05T06:02:04.755182,2,1,137.05,0.5,136.8,100,136.6,150,,,,,,,,,,,,,,,,,137.3,83,,,,,,,,,,,,,,,,,,
2026-07-05T06:02:04.824029+00:00,2026-07-05T06:02:04.818022,2,2,136.95,0.3,136.8,100,136.6,150,,,,,,,,,,,,,,,,,137.1,138,137.3,83,,,,,,,,,,,,,,,,
2026-07-05T06:02:04.898398+00:00,2026-07-05T06:02:04.898546,2,2,136.95,0.3,136.8,50,136.6,150,,,,,,,,,,,,,,,,,137.1,138,137.3,83,,,,,,,,,,,,,,,,
2026-07-05T06:02:05.150368+00:00,2026-07-05T06:02:05.150569,2,2,136.95,0.3,136.8,50,136.6,150,,,,,,,,,,,,,,,,,137.1,136,137.3,83,,,,,,,,,,,,,,,,
2026-07-05T06:02:05.843435+00:00,2026-07-05T06:02:05.833897,2,2,136.95,0.3,136.8,50,136.6,150,,,,,,,,,,,,,,,,,137.1,125,137.3,83,,,,,,,,,,,,,,,,
2026-07-05T06:02:06.259212+00:00,2026-07-05T06:02:06.253577,2,2,136.95,0.3,136.8,50,136.6,150,,,,,,,,,,,,,,,,,137.1,114,137.3,83,,,,,,,,,,,,,,,,
2026-07-05T06:02:06.958654+00:00,2026-07-05T06:02:06.953843,2,2,136.95,0.3,136.8,50,136.6,150,,,,,,,,,,,,,,,,,137.1,64,137.3,83,,,,,,,,,,,,,,,,
2026-07-05T06:02:07.106196+00:00,2026-07-05T06:02:07.106273,2,1,136.95,0.3,136.8,50,136.6,150,,,,,,,,,,,,,,,,,137.1,64,,,,,,,,,,,,,,,,,,
2026-07-05T06:02:07.111492+00:00,2026-07-05T06:02:07.111433,1,1,136.85,0.5,136.6,150,,,,,,,,,,,,,,,,,,,137.1,64,,,,,,,,,,,,,,,,,,
2026-07-05T06:02:07.160107+00:00,2026-07-05T06:02:07.160060,2,1,137.05,0.1,137.0,100,136.6,150,,,,,,,,,,,,,,,,,137.1,64,,,,,,,,,,,,,,,,,,
2026-07-05T06:02:07.213334+00:00,2026-07-05T06:02:07.213285,2,2,137.05,0.1,137.0,100,136.6,150,,,,,,,,,,,,,,,,,137.1,64,137.5,100,,,,,,,,,,,,,,,,
2026-07-05T06:02:07.868950+00:00,2026-07-05T06:02:07.868928,2,1,137.25,0.5,137.0,100,136.6,150,,,,,,,,,,,,,,,,,137.5,100,,,,,,,,,,,,,,,,,,
2026-07-05T06:02:07.874258+00:00,2026-07-05T06:02:07.874091,1,1,137.25,0.5,137.0,100,,,,,,,,,,,,,,,,,,,137.5,100,,,,,,,,,,,,,,,,,,
2026-07-05T06:02:07.925781+00:00,2026-07-05T06:02:07.925732,2,1,137.3,0.4,137.1,150,137.0,100,,,,,,,,,,,,,,,,,137.5,100,,,,,,,,,,,,,,,,,,
2026-07-05T06:02:07.982027+00:00,2026-07-05T06:02:07.981945,2,2,137.3,0.4,137.1,150,137.0,100,,,,,,,,,,,,,,,,,137.5,100,137.6,150,,,,,,,,,,,,,,,,
2026-07-05T06:02:09.339733+00:00,2026-07-05T06:02:09.339581,2,2,137.3,0.4,137.1,150,137.0,100,,,,,,,,,,,,,,,,,137.5,54,137.6,150,,,,,,,,,,,,,,,,
2026-07-05T06:02:09.905161+00:00,2026-07-05T06:02:09.905029,2,2,137.3,0.4,137.1,105,137.0,100,,,,,,,,,,,,,,,,,137.5,54,137.6,150,,,,,,,,,,,,,,,,
2026-07-05T06:02:10.173479+00:00,2026-07-05T06:02:10.173375,2,3,137.25,0.3,137.1,105,137.0,100,,,,,,,,,,,,,,,,,137.4,10,137.5,54,137.6,150,,,,,,,,,,,,,,
2026-07-05T06:02:10.269049+00:00,2026-07-05T06:02:10.268932,1,2,137.25,0.3,137.1,105,,,,,,,,,,,,,,,,,,,137.4,10,137.6,150,,,,,,,,,,,,,,,,
2026-07-05T06:02:10.321631+00:00,2026-07-05T06:02:10.321740,1,2,137.25,0.3,137.1,205,,,,,,,,,,,,,,,,,,,137.4,10,137.6,150,,,,,,,,,,,,,,,,
2026-07-05T06:02:10.374302+00:00,2026-07-05T06:02:10.374273,1,2,137.25,0.3,137.1,205,,,,,,,,,,,,,,,,,,,137.4,10,137.6,250,,,,,,,,,,,,,,,,
2026-07-05T06:02:10.466659+00:00,2026-07-05T06:02:10.466811,1,1,137.35,0.5,137.1,205,,,,,,,,,,,,,,,,,,,137.6,214,,,,,,,,,,,,,,,,,,
2026-07-05T06:02:11.036840+00:00,2026-07-05T06:02:11.036796,1,1,137.35,0.5,137.1,100,,,,,,,,,,,,,,,,,,,137.6,100,,,,,,,,,,,,,,,,,,
2026-07-05T06:02:11.087094+00:00,2026-07-05T06:02:11.087181,1,1,137.35,0.5,137.1,250,,,,,,,,,,,,,,,,,,,137.6,100,,,,,,,,,,,,,,,,,,
2026-07-05T06:02:11.139775+00:00,2026-07-05T06:02:11.139652,1,1,137.35,0.5,137.1,250,,,,,,,,,,,,,,,,,,,137.6,250,,,,,,,,,,,,,,,,,,
2026-07-05T06:02:11.246030+00:00,2026-07-05T06:02:11.245930,1,1,137.35,0.5,137.1,200,,,,,,,,,,,,,,,,,,,137.6,250,,,,,,,,,,,,,,,,,,
2026-07-05T06:02:11.432614+00:00,2026-07-05T06:02:11.432475,1,1,137.35,0.5,137.1,200,,,,,,,,,,,,,,,,,,,137.6,204,,,,,,,,,,,,,,,,,,
2026-07-05T06:02:12.049120+00:00,2026-07-05T06:02:12.049040,1,1,137.35,0.5,137.1,156,,,,,,,,,,,,,,,,,,,137.6,204,,,,,,,,,,,,,,,,,,
2026-07-05T06:02:13.358633+00:00,2026-07-05T06:02:13.353719,1,1,137.35,0.5,137.1,106,,,,,,,,,,,,,,,,,,,137.6,204,,,,,,,,,,,,,,,,,,
2026-07-05T06:02:13.428627+00:00,2026-07-05T06:02:13.428470,1,1,137.35,0.5,137.1,106,,,,,,,,,,,,,,,,,,,137.6,150,,,,,,,,,,,,,,,,,,
2026-07-05T06:02:13.479098+00:00,2026-07-05T06:02:13.479048,2,1,137.45,0.3,137.3,100,137.1,106,,,,,,,,,,,,,,,,,137.6,150,,,,,,,,,,,,,,,,,,
2026-07-05T06:02:13.531869+00:00,2026-07-05T06:02:13.531822,2,2,137.45,0.3,137.3,100,137.1,106,,,,,,,,,,,,,,,,,137.6,150,137.8,100,,,,,,,,,,,,,,,,
2026-07-05T06:02:14.198279+00:00,2026-07-05T06:02:14.198177,1,1,137.55,0.5,137.3,100,,,,,,,,,,,,,,,,,,,137.8,100,,,,,,,,,,,,,,,,,,
2026-07-05T06:02:14.249482+00:00,2026-07-05T06:02:14.249447,2,1,137.55,0.5,137.3,100,137.1,150,,,,,,,,,,,,,,,,,137.8,100,,,,,,,,,,,,,,,,,,
2026-07-05T06:02:14.301706+00:00,2026-07-05T06:02:14.301650,2,2,137.45,0.3,137.3,100,137.1,150,,,,,,,,,,,,,,,,,137.6,150,137.8,100,,,,,,,,,,,,,,,,
2026-07-05T06:02:15.188870+00:00,2026-07-05T06:02:15.188747,2,2,137.45,0.3,137.3,100,137.1,150,,,,,,,,,,,,,,,,,137.6,148,137.8,100,,,,,,,,,,,,,,,,
2026-07-05T06:02:15.420522+00:00,2026-07-05T06:02:15.420378,2,2,137.45,0.3,137.3,100,137.1,150,,,,,,,,,,,,,,,,,137.6,98,137.8,100,,,,,,,,,,,,,,,,
2026-07-05T06:02:16.589801+00:00,2026-07-05T06:02:16.589742,1,1,137.35,0.5,137.1,150,,,,,,,,,,,,,,,,,,,137.6,98,,,,,,,,,,,,,,,,,,
2026-07-05T06:02:16.646023+00:00,2026-07-05T06:02:16.645903,2,1,137.4,0.4,137.2,100,137.1,150,,,,,,,,,,,,,,,,,137.6,98,,,,,,,,,,,,,,,,,,
2026-07-05T06:02:16.705548+00:00,2026-07-05T06:02:16.705424,2,2,137.4,0.4,137.2,100,137.1,150,,,,,,,,,,,,,,,,,137.6,98,137.7,100,,,,,,,,,,,,,,,,
2026-07-05T06:02:17.360129+00:00,2026-07-05T06:02:17.360025,1,1,137.45,0.5,137.2,100,,,,,,,,,,,,,,,,,,,137.7,100,,,,,,,,,,,,,,,,,,
2026-07-05T06:02:17.412734+00:00,2026-07-05T06:02:17.412630,2,1,137.55,0.3,137.4,150,137.2,100,,,,,,,,,,,,,,,,,137.7,100,,,,,,,,,,,,,,,,,,
2026-07-05T06:02:17.469289+00:00,2026-07-05T06:02:17.457738,2,2,137.55,0.3,137.4,150,137.2,100,,,,,,,,,,,,,,,,,137.7,100,137.9,150,,,,,,,,,,,,,,,,
2026-07-05T06:02:17.605956+00:00,2026-07-05T06:02:17.605903,2,2,137.55,0.3,137.4,100,137.2,100,,,,,,,,,,,,,,,,,137.7,100,137.9,150,,,,,,,,,,,,,,,,
2026-07-05T06:02:17.701728+00:00,2026-07-05T06:02:17.701595,2,2,137.55,0.3,137.4,100,137.2,100,,,,,,,,,,,,,,,,,137.7,53,137.9,150,,,,,,,,,,,,,,,,
2026-07-05T06:02:18.922488+00:00,2026-07-05T06:02:18.922616,2,2,137.55,0.3,137.4,52,137.2,100,,,,,,,,,,,,,,,,,137.7,53,137.9,150,,,,,,,,,,,,,,,,
2026-07-05T06:02:19.664958+00:00,2026-07-05T06:02:19.664848,2,2,137.55,0.3,137.4,52,137.2,100,,,,,,,,,,,,,,,,,137.7,3,137.9,150,,,,,,,,,,,,,,,,
2026-07-05T06:02:19.758630+00:00,2026-07-05T06:02:19.756600,1,1,137.65,0.5,137.4,52,,,,,,,,,,,,,,,,,,,137.9,150,,,,,,,,,,,,,,,,,,
2026-07-05T06:02:19.816763+00:00,2026-07-05T06:02:19.816692,1,1,137.65,0.5,137.4,152,,,,,,,,,,,,,,,,,,,137.9,150,,,,,,,,,,,,,,,,,,
2026-07-05T06:02:19.868870+00:00,2026-07-05T06:02:19.868821,1,1,137.65,0.5,137.4,152,,,,,,,,,,,,,,,,,,,137.9,250,,,,,,,,,,,,,,,,,,
2026-07-05T06:02:20.200838+00:00,2026-07-05T06:02:20.200750,1,2,137.6,0.4,137.4,152,,,,,,,,,,,,,,,,,,,137.8,10,137.9,250,,,,,,,,,,,,,,,,
2026-07-05T06:02:20.205985+00:00,2026-07-05T06:02:20.205922,1,1,137.65,0.5,137.4,152,,,,,,,,,,,,,,,,,,,137.9,250,,,,,,,,,,,,,,,,,,
2026-07-05T06:02:20.211194+00:00,2026-07-05T06:02:20.211135,1,1,137.65,0.5,137.4,152,,,,,,,,,,,,,,,,,,,137.9,248,,,,,,,,,,,,,,,,,,
2026-07-05T06:02:20.522459+00:00,2026-07-05T06:02:20.522364,1,1,137.65,0.5,137.4,100,,,,,,,,,,,,,,,,,,,137.9,100,,,,,,,,,,,,,,,,,,
2026-07-05T06:02:20.578593+00:00,2026-07-05T06:02:20.578670,2,1,137.65,0.5,137.4,100,136.9,150,,,,,,,,,,,,,,,,,137.9,100,,,,,,,,,,,,,,,,,,
2026-07-05T06:02:20.640187+00:00,2026-07-05T06:02:20.626676,1,2,137.15,0.5,136.9,150,,,,,,,,,,,,,,,,,,,137.4,50,137.9,100,,,,,,,,,,,,,,,,
2026-07-05T06:02:21.798483+00:00,2026-07-05T06:02:21.798357,1,1,137.4,1.0,136.9,150,,,,,,,,,,,,,,,,,,,137.9,100,,,,,,,,,,,,,,,,,,
2026-07-05T06:02:22.921565+00:00,2026-07-05T06:02:22.921538,1,0,,,136.9,150,,,,,,,,,,,,,,,,,,,,,,,,,,,,,,,,,,,,,,
2026-07-05T06:02:22.976204+00:00,2026-07-05T06:02:22.976153,2,0,,,137.3,100,136.9,150,,,,,,,,,,,,,,,,,,,,,,,,,,,,,,,,,,,,
2026-07-05T06:02:23.059029+00:00,2026-07-05T06:02:23.058793,2,1,137.55,0.5,137.3,100,136.9,150,,,,,,,,,,,,,,,,,137.8,100,,,,,,,,,,,,,,,,,,
2026-07-05T06:02:23.687749+00:00,2026-07-05T06:02:23.687703,1,1,137.55,0.5,137.3,100,,,,,,,,,,,,,,,,,,,137.8,100,,,,,,,,,,,,,,,,,,
2026-07-05T06:02:23.738263+00:00,2026-07-05T06:02:23.738448,2,1,137.7,0.2,137.6,150,137.3,100,,,,,,,,,,,,,,,,,137.8,100,,,,,,,,,,,,,,,,,,
2026-07-05T06:02:23.765808+00:00,2026-07-05T06:02:23.746157,2,1,137.7,0.2,137.6,139,137.3,100,,,,,,,,,,,,,,,,,137.8,100,,,,,,,,,,,,,,,,,,
2026-07-05T06:02:23.792284+00:00,2026-07-05T06:02:23.792131,2,2,137.7,0.2,137.6,139,137.3,100,,,,,,,,,,,,,,,,,137.8,100,138.1,150,,,,,,,,,,,,,,,,
2026-07-05T06:02:23.903092+00:00,2026-07-05T06:02:23.903009,2,2,137.7,0.2,137.6,139,137.3,100,,,,,,,,,,,,,,,,,137.8,50,138.1,150,,,,,,,,,,,,,,,,
2026-07-05T06:02:24.633376+00:00,2026-07-05T06:02:24.626507,2,2,137.7,0.2,137.6,128,137.3,100,,,,,,,,,,,,,,,,,137.8,50,138.1,150,,,,,,,,,,,,,,,,
2026-07-05T06:02:25.229996+00:00,2026-07-05T06:02:25.229942,2,2,137.7,0.2,137.6,128,137.3,100,,,,,,,,,,,,,,,,,137.8,48,138.1,150,,,,,,,,,,,,,,,,
2026-07-05T06:02:25.941403+00:00,2026-07-05T06:02:25.935228,2,2,137.7,0.2,137.6,116,137.3,100,,,,,,,,,,,,,,,,,137.8,48,138.1,150,,,,,,,,,,,,,,,,
2026-07-05T06:02:26.012530+00:00,2026-07-05T06:02:26.012755,2,1,137.85,0.5,137.6,116,137.3,100,,,,,,,,,,,,,,,,,138.1,148,,,,,,,,,,,,,,,,,,
2026-07-05T06:02:26.090128+00:00,2026-07-05T06:02:26.090217,1,1,137.85,0.5,137.6,116,,,,,,,,,,,,,,,,,,,138.1,148,,,,,,,,,,,,,,,,,,
2026-07-05T06:02:26.140781+00:00,2026-07-05T06:02:26.140754,2,1,137.85,0.5,137.6,116,137.4,100,,,,,,,,,,,,,,,,,138.1,148,,,,,,,,,,,,,,,,,,
2026-07-05T06:02:26.194843+00:00,2026-07-05T06:02:26.194776,2,2,137.75,0.3,137.6,116,137.4,100,,,,,,,,,,,,,,,,,137.9,100,138.1,148,,,,,,,,,,,,,,,,
2026-07-05T06:02:26.306888+00:00,2026-07-05T06:02:26.307048,2,2,137.75,0.3,137.6,75,137.4,100,,,,,,,,,,,,,,,,,137.9,100,138.1,148,,,,,,,,,,,,,,,,
2026-07-05T06:02:26.848440+00:00,2026-07-05T06:02:26.848345,1,1,137.65,0.5,137.4,100,,,,,,,,,,,,,,,,,,,137.9,100,,,,,,,,,,,,,,,,,,
2026-07-05T06:02:26.902493+00:00,2026-07-05T06:02:26.902372,2,1,137.65,0.5,137.4,100,137.1,150,,,,,,,,,,,,,,,,,137.9,100,,,,,,,,,,,,,,,,,,
2026-07-05T06:02:26.964185+00:00,2026-07-05T06:02:26.963934,2,2,137.5,0.2,137.4,100,137.1,150,,,,,,,,,,,,,,,,,137.6,150,137.9,100,,,,,,,,,,,,,,,,
2026-07-05T06:02:28.122298+00:00,2026-07-05T06:02:28.122273,2,2,137.5,0.2,137.4,100,137.1,150,,,,,,,,,,,,,,,,,137.6,100,137.9,100,,,,,,,,,,,,,,,,
2026-07-05T06:02:28.557212+00:00,2026-07-05T06:02:28.550950,2,2,137.5,0.2,137.4,100,137.1,150,,,,,,,,,,,,,,,,,137.6,88,137.9,100,,,,,,,,,,,,,,,,
2026-07-05T06:02:29.250762+00:00,2026-07-05T06:02:29.250853,1,1,137.35,0.5,137.1,150,,,,,,,,,,,,,,,,,,,137.6,88,,,,,,,,,,,,,,,,,,
2026-07-05T06:02:29.304881+00:00,2026-07-05T06:02:29.304815,2,0,,,137.7,12,137.1,150,,,,,,,,,,,,,,,,,,,,,,,,,,,,,,,,,,,,
2026-07-05T06:02:29.358612+00:00,2026-07-05T06:02:29.357970,2,1,137.95,0.5,137.7,12,137.1,150,,,,,,,,,,,,,,,,,138.2,100,,,,,,,,,,,,,,,,,,
2026-07-05T06:02:29.874220+00:00,2026-07-05T06:02:29.867110,1,1,137.65,1.1,137.1,150,,,,,,,,,,,,,,,,,,,138.2,100,,,,,,,,,,,,,,,,,,
2026-07-05T06:02:30.017687+00:00,2026-07-05T06:02:30.017604,0,1,,,,,,,,,,,,,,,,,,,,,,,138.2,100,,,,,,,,,,,,,,,,,,
2026-07-05T06:02:30.088224+00:00,2026-07-05T06:02:30.082010,1,1,137.95,0.5,137.7,93,,,,,,,,,,,,,,,,,,,138.2,100,,,,,,,,,,,,,,,,,,
2026-07-05T06:02:30.123456+00:00,2026-07-05T06:02:30.123388,1,1,137.95,0.5,137.7,93,,,,,,,,,,,,,,,,,,,138.2,250,,,,,,,,,,,,,,,,,,
2026-07-05T06:02:30.228762+00:00,2026-07-05T06:02:30.228714,1,1,137.95,0.5,137.7,93,,,,,,,,,,,,,,,,,,,138.2,200,,,,,,,,,,,,,,,,,,
2026-07-05T06:02:30.239258+00:00,2026-07-05T06:02:30.239135,1,2,137.9,0.4,137.7,93,,,,,,,,,,,,,,,,,,,138.1,10,138.2,200,,,,,,,,,,,,,,,,
2026-07-05T06:02:30.244372+00:00,2026-07-05T06:02:30.244301,1,1,137.95,0.5,137.7,93,,,,,,,,,,,,,,,,,,,138.2,200,,,,,,,,,,,,,,,,,,
2026-07-05T06:02:31.658531+00:00,2026-07-05T06:02:31.657157,1,1,137.95,0.5,137.7,93,,,,,,,,,,,,,,,,,,,138.2,158,,,,,,,,,,,,,,,,,,
2026-07-05T06:02:32.304381+00:00,2026-07-05T06:02:32.304226,1,1,137.95,0.5,137.7,93,,,,,,,,,,,,,,,,,,,138.2,116,,,,,,,,,,,,,,,,,,
2026-07-05T06:02:32.338736+00:00,2026-07-05T06:02:32.338830,1,1,137.95,0.5,137.7,93,,,,,,,,,,,,,,,,,,,138.2,66,,,,,,,,,,,,,,,,,,
2026-07-05T06:02:32.470300+00:00,2026-07-05T06:02:32.470241,2,1,137.95,0.5,137.7,93,137.6,100,,,,,,,,,,,,,,,,,138.2,66,,,,,,,,,,,,,,,,,,
2026-07-05T06:02:32.524191+00:00,2026-07-05T06:02:32.524052,2,2,137.9,0.4,137.7,93,137.6,100,,,,,,,,,,,,,,,,,138.1,100,138.2,66,,,,,,,,,,,,,,,,
2026-07-05T06:02:33.177863+00:00,2026-07-05T06:02:33.177805,2,1,137.9,0.4,137.7,93,137.6,100,,,,,,,,,,,,,,,,,138.1,100,,,,,,,,,,,,,,,,,,
2026-07-05T06:02:33.183040+00:00,2026-07-05T06:02:33.182974,1,1,137.85,0.5,137.6,100,,,,,,,,,,,,,,,,,,,138.1,100,,,,,,,,,,,,,,,,,,
2026-07-05T06:02:33.245645+00:00,2026-07-05T06:02:33.239020,2,1,138.05,0.1,138.0,138,137.6,100,,,,,,,,,,,,,,,,,138.1,100,,,,,,,,,,,,,,,,,,
2026-07-05T06:02:33.287919+00:00,2026-07-05T06:02:33.287835,2,2,138.05,0.1,138.0,138,137.6,100,,,,,,,,,,,,,,,,,138.1,100,138.5,150,,,,,,,,,,,,,,,,
2026-07-05T06:02:34.458825+00:00,2026-07-05T06:02:34.458610,2,2,138.05,0.1,138.0,138,137.6,100,,,,,,,,,,,,,,,,,138.1,50,138.5,150,,,,,,,,,,,,,,,,
2026-07-05T06:02:35.270170+00:00,2026-07-05T06:02:35.270110,2,2,138.05,0.1,138.0,138,137.6,100,,,,,,,,,,,,,,,,,138.1,48,138.5,150,,,,,,,,,,,,,,,,
2026-07-05T06:02:35.285827+00:00,2026-07-05T06:02:35.285690,2,2,138.05,0.1,138.0,138,137.6,100,,,,,,,,,,,,,,,,,138.1,46,138.5,150,,,,,,,,,,,,,,,,
2026-07-05T06:02:35.290988+00:00,2026-07-05T06:02:35.290891,2,2,138.05,0.1,138.0,96,137.6,100,,,,,,,,,,,,,,,,,138.1,46,138.5,150,,,,,,,,,,,,,,,,
2026-07-05T06:02:35.578295+00:00,2026-07-05T06:02:35.578182,1,1,138.25,0.5,138.0,96,,,,,,,,,,,,,,,,,,,138.5,150,,,,,,,,,,,,,,,,,,
2026-07-05T06:02:35.632715+00:00,2026-07-05T06:02:35.632602,2,1,138.25,0.5,138.0,96,137.9,100,,,,,,,,,,,,,,,,,138.5,150,,,,,,,,,,,,,,,,,,
2026-07-05T06:02:35.686532+00:00,2026-07-05T06:02:35.686420,2,2,138.2,0.4,138.0,96,137.9,100,,,,,,,,,,,,,,,,,138.4,100,138.5,150,,,,,,,,,,,,,,,,
2026-07-05T06:02:35.907848+00:00,2026-07-05T06:02:35.907713,2,2,138.2,0.4,138.0,96,137.9,100,,,,,,,,,,,,,,,,,138.4,59,138.5,150,,,,,,,,,,,,,,,,
2026-07-05T06:02:36.344203+00:00,2026-07-05T06:02:36.344162,1,1,138.15,0.5,137.9,100,,,,,,,,,,,,,,,,,,,138.4,59,,,,,,,,,,,,,,,,,,
2026-07-05T06:02:36.399700+00:00,2026-07-05T06:02:36.399634,2,1,138.2,0.4,138.0,150,137.9,100,,,,,,,,,,,,,,,,,138.4,59,,,,,,,,,,,,,,,,,,
2026-07-05T06:02:36.458688+00:00,2026-07-05T06:02:36.458603,2,2,138.2,0.4,138.0,150,137.9,100,,,,,,,,,,,,,,,,,138.4,59,138.5,150,,,,,,,,,,,,,,,,
2026-07-05T06:02:36.558568+00:00,2026-07-05T06:02:36.558391,2,2,138.2,0.4,138.0,150,137.9,100,,,,,,,,,,,,,,,,,138.4,9,138.5,150,,,,,,,,,,,,,,,,
2026-07-05T06:02:37.195095+00:00,2026-07-05T06:02:37.194960,2,2,138.2,0.4,138.0,102,137.9,100,,,,,,,,,,,,,,,,,138.4,9,138.5,150,,,,,,,,,,,,,,,,
2026-07-05T06:02:37.805316+00:00,2026-07-05T06:02:37.805161,2,1,138.25,0.5,138.0,102,137.9,100,,,,,,,,,,,,,,,,,138.5,112,,,,,,,,,,,,,,,,,,
2026-07-05T06:02:38.658535+00:00,2026-07-05T06:02:38.658309,2,1,138.25,0.5,138.0,102,137.9,100,,,,,,,,,,,,,,,,,138.5,62,,,,,,,,,,,,,,,,,,
2026-07-05T06:02:38.743970+00:00,2026-07-05T06:02:38.743862,1,1,138.25,0.5,138.0,102,,,,,,,,,,,,,,,,,,,138.5,62,,,,,,,,,,,,,,,,,,
2026-07-05T06:02:38.798763+00:00,2026-07-05T06:02:38.798715,2,1,138.3,0.4,138.1,100,138.0,102,,,,,,,,,,,,,,,,,138.5,62,,,,,,,,,,,,,,,,,,
2026-07-05T06:02:38.852287+00:00,2026-07-05T06:02:38.852047,2,2,138.3,0.4,138.1,100,138.0,102,,,,,,,,,,,,,,,,,138.5,62,138.6,100,,,,,,,,,,,,,,,,
2026-07-05T06:02:39.503327+00:00,2026-07-05T06:02:39.503261,2,1,138.35,0.5,138.1,100,138.0,102,,,,,,,,,,,,,,,,,138.6,100,,,,,,,,,,,,,,,,,,
2026-07-05T06:02:39.508553+00:00,2026-07-05T06:02:39.508419,1,1,138.35,0.5,138.1,100,,,,,,,,,,,,,,,,,,,138.6,100,,,,,,,,,,,,,,,,,,
2026-07-05T06:02:39.565290+00:00,2026-07-05T06:02:39.556041,1,1,138.35,0.5,138.1,250,,,,,,,,,,,,,,,,,,,138.6,100,,,,,,,,,,,,,,,,,,
2026-07-05T06:02:39.612208+00:00,2026-07-05T06:02:39.612078,1,1,138.35,0.5,138.1,250,,,,,,,,,,,,,,,,,,,138.6,250,,,,,,,,,,,,,,,,,,
2026-07-05T06:02:40.321924+00:00,2026-07-05T06:02:40.321865,1,2,138.3,0.4,138.1,250,,,,,,,,,,,,,,,,,,,138.5,10,138.6,250,,,,,,,,,,,,,,,,
2026-07-05T06:02:40.355524+00:00,2026-07-05T06:02:40.348962,1,2,138.3,0.4,138.1,239,,,,,,,,,,,,,,,,,,,138.5,10,138.6,250,,,,,,,,,,,,,,,,
2026-07-05T06:02:40.778395+00:00,2026-07-05T06:02:40.778340,1,1,138.35,0.5,138.1,239,,,,,,,,,,,,,,,,,,,138.6,210,,,,,,,,,,,,,,,,,,
2026-07-05T06:02:41.905394+00:00,2026-07-05T06:02:41.905318,1,1,138.35,0.5,138.1,150,,,,,,,,,,,,,,,,,,,138.6,150,,,,,,,,,,,,,,,,,,
2026-07-05T06:02:41.958533+00:00,2026-07-05T06:02:41.953972,2,1,138.5,0.2,138.4,100,138.1,150,,,,,,,,,,,,,,,,,138.6,150,,,,,,,,,,,,,,,,,,
2026-07-05T06:02:42.011941+00:00,2026-07-05T06:02:42.011872,2,2,138.5,0.2,138.4,100,138.1,150,,,,,,,,,,,,,,,,,138.6,150,138.9,100,,,,,,,,,,,,,,,,
2026-07-05T06:02:42.669261+00:00,2026-07-05T06:02:42.669087,1,1,138.65,0.5,138.4,100,,,,,,,,,,,,,,,,,,,138.9,100,,,,,,,,,,,,,,,,,,
2026-07-05T06:02:42.719142+00:00,2026-07-05T06:02:42.719091,2,1,138.65,0.5,138.4,100,138.2,150,,,,,,,,,,,,,,,,,138.9,100,,,,,,,,,,,,,,,,,,
2026-07-05T06:02:42.775322+00:00,2026-07-05T06:02:42.775255,2,2,138.55,0.3,138.4,100,138.2,150,,,,,,,,,,,,,,,,,138.7,150,138.9,100,,,,,,,,,,,,,,,,
2026-07-05T06:02:42.894286+00:00,2026-07-05T06:02:42.894385,2,2,138.55,0.3,138.4,100,138.2,150,,,,,,,,,,,,,,,,,138.7,100,138.9,100,,,,,,,,,,,,,,,,
2026-07-05T06:02:42.982147+00:00,2026-07-05T06:02:42.974880,2,2,138.55,0.3,138.4,94,138.2,150,,,,,,,,,,,,,,,,,138.7,100,138.9,100,,,,,,,,,,,,,,,,
2026-07-05T06:02:44.998217+00:00,2026-07-05T06:02:44.998338,2,2,138.55,0.3,138.4,94,138.2,150,,,,,,,,,,,,,,,,,138.7,50,138.9,100,,,,,,,,,,,,,,,,
2026-07-05T06:02:45.070190+00:00,2026-07-05T06:02:45.070076,1,1,138.45,0.5,138.2,150,,,,,,,,,,,,,,,,,,,138.7,50,,,,,,,,,,,,,,,,,,
2026-07-05T06:02:45.124346+00:00,2026-07-05T06:02:45.124447,2,1,138.5,0.4,138.3,100,138.2,150,,,,,,,,,,,,,,,,,138.7,50,,,,,,,,,,,,,,,,,,
2026-07-05T06:02:45.175208+00:00,2026-07-05T06:02:45.175133,2,2,138.5,0.4,138.3,100,138.2,150,,,,,,,,,,,,,,,,,138.7,50,138.8,100,,,,,,,,,,,,,,,,
2026-07-05T06:02:45.336318+00:00,2026-07-05T06:02:45.336267,3,3,138.5,0.2,138.4,10,138.3,100,138.2,150,,,,,,,,,,,,,,,138.6,10,138.7,50,138.8,100,,,,,,,,,,,,,,
2026-07-05T06:02:45.341533+00:00,2026-07-05T06:02:45.341448,3,2,138.55,0.3,138.4,10,138.3,100,138.2,150,,,,,,,,,,,,,,,138.7,50,138.8,100,,,,,,,,,,,,,,,,
2026-07-05T06:02:45.346749+00:00,2026-07-05T06:02:45.346632,2,2,138.5,0.4,138.3,100,138.2,150,,,,,,,,,,,,,,,,,138.7,50,138.8,100,,,,,,,,,,,,,,,,
2026-07-05T06:02:45.825766+00:00,2026-07-05T06:02:45.825621,2,1,138.55,0.5,138.3,100,138.2,150,,,,,,,,,,,,,,,,,138.8,100,,,,,,,,,,,,,,,,,,
2026-07-05T06:02:45.830967+00:00,2026-07-05T06:02:45.830787,1,1,138.55,0.5,138.3,100,,,,,,,,,,,,,,,,,,,138.8,100,,,,,,,,,,,,,,,,,,
2026-07-05T06:02:45.884998+00:00,2026-07-05T06:02:45.884947,2,1,138.75,0.1,138.7,150,138.3,100,,,,,,,,,,,,,,,,,138.8,100,,,,,,,,,,,,,,,,,,
2026-07-05T06:02:45.937304+00:00,2026-07-05T06:02:45.937200,2,2,138.75,0.1,138.7,150,138.3,100,,,,,,,,,,,,,,,,,138.8,100,139.2,150,,,,,,,,,,,,,,,,
2026-07-05T06:02:47.105297+00:00,2026-07-05T06:02:47.105236,2,2,138.75,0.1,138.7,150,138.3,100,,,,,,,,,,,,,,,,,138.8,50,139.2,150,,,,,,,,,,,,,,,,
2026-07-05T06:02:48.229683+00:00,2026-07-05T06:02:48.229600,2,1,138.95,0.5,138.7,150,138.3,100,,,,,,,,,,,,,,,,,139.2,150,,,,,,,,,,,,,,,,,,
2026-07-05T06:02:48.234677+00:00,2026-07-05T06:02:48.234757,1,1,138.95,0.5,138.7,150,,,,,,,,,,,,,,,,,,,139.2,150,,,,,,,,,,,,,,,,,,
2026-07-05T06:02:48.288937+00:00,2026-07-05T06:02:48.288848,2,1,138.95,0.5,138.7,150,138.5,100,,,,,,,,,,,,,,,,,139.2,150,,,,,,,,,,,,,,,,,,
2026-07-05T06:02:48.339547+00:00,2026-07-05T06:02:48.339492,2,2,138.85,0.3,138.7,150,138.5,100,,,,,,,,,,,,,,,,,139.0,100,139.2,150,,,,,,,,,,,,,,,,
2026-07-05T06:02:48.992081+00:00,2026-07-05T06:02:48.992022,2,1,138.85,0.3,138.7,150,138.5,100,,,,,,,,,,,,,,,,,139.0,100,,,,,,,,,,,,,,,,,,
2026-07-05T06:02:48.997270+00:00,2026-07-05T06:02:48.997184,1,1,138.75,0.5,138.5,100,,,,,,,,,,,,,,,,,,,139.0,100,,,,,,,,,,,,,,,,,,
2026-07-05T06:02:49.058762+00:00,2026-07-05T06:02:49.058658,2,1,138.8,0.4,138.6,150,138.5,100,,,,,,,,,,,,,,,,,139.0,100,,,,,,,,,,,,,,,,,,
2026-07-05T06:02:49.101209+00:00,2026-07-05T06:02:49.101131,2,2,138.8,0.4,138.6,150,138.5,100,,,,,,,,,,,,,,,,,139.0,100,139.1,150,,,,,,,,,,,,,,,,
2026-07-05T06:02:49.269178+00:00,2026-07-05T06:02:49.269097,2,2,138.8,0.4,138.6,100,138.5,100,,,,,,,,,,,,,,,,,139.0,100,139.1,150,,,,,,,,,,,,,,,,
2026-07-05T06:02:49.996463+00:00,2026-07-05T06:02:49.996325,2,2,138.8,0.4,138.6,56,138.5,100,,,,,,,,,,,,,,,,,139.0,100,139.1,150,,,,,,,,,,,,,,,,
2026-07-05T06:02:50.583973+00:00,2026-07-05T06:02:50.583948,2,2,138.8,0.4,138.6,8,138.5,100,,,,,,,,,,,,,,,,,139.0,100,139.1,150,,,,,,,,,,,,,,,,
2026-07-05T06:02:51.327170+00:00,2026-07-05T06:02:51.327063,2,2,138.8,0.4,138.6,8,138.5,100,,,,,,,,,,,,,,,,,139.0,50,139.1,150,,,,,,,,,,,,,,,,
2026-07-05T06:02:51.397771+00:00,2026-07-05T06:02:51.397666,1,1,138.85,0.5,138.6,8,,,,,,,,,,,,,,,,,,,139.1,150,,,,,,,,,,,,,,,,,,
2026-07-05T06:02:51.458605+00:00,2026-07-05T06:02:51.453123,2,1,139.0,0.2,138.9,100,138.6,8,,,,,,,,,,,,,,,,,139.1,150,,,,,,,,,,,,,,,,,,
2026-07-05T06:02:51.505496+00:00,2026-07-05T06:02:51.505407,2,2,139.0,0.2,138.9,100,138.6,8,,,,,,,,,,,,,,,,,139.1,150,139.4,100,,,,,,,,,,,,,,,,
2026-07-05T06:02:52.153278+00:00,2026-07-05T06:02:52.153485,1,1,139.15,0.5,138.9,100,,,,,,,,,,,,,,,,,,,139.4,100,,,,,,,,,,,,,,,,,,
2026-07-05T06:02:52.219680+00:00,2026-07-05T06:02:52.209105,2,1,139.15,0.5,138.9,100,138.3,150,,,,,,,,,,,,,,,,,139.4,100,,,,,,,,,,,,,,,,,,
2026-07-05T06:02:52.275097+00:00,2026-07-05T06:02:52.268657,1,2,138.55,0.5,138.3,150,,,,,,,,,,,,,,,,,,,138.8,47,139.4,100,,,,,,,,,,,,,,,,
2026-07-05T06:02:53.434281+00:00,2026-07-05T06:02:53.434207,1,1,138.85,1.1,138.3,150,,,,,,,,,,,,,,,,,,,139.4,97,,,,,,,,,,,,,,,,,,
2026-07-05T06:02:54.564053+00:00,2026-07-05T06:02:54.563884,1,0,,,138.3,150,,,,,,,,,,,,,,,,,,,,,,,,,,,,,,,,,,,,,,
2026-07-05T06:02:54.607941+00:00,2026-07-05T06:02:54.607867,2,0,,,138.6,100,138.3,150,,,,,,,,,,,,,,,,,,,,,,,,,,,,,,,,,,,,
2026-07-05T06:02:54.665240+00:00,2026-07-05T06:02:54.665388,2,1,138.85,0.5,138.6,100,138.3,150,,,,,,,,,,,,,,,,,139.1,100,,,,,,,,,,,,,,,,,,
2026-07-05T06:02:55.326595+00:00,2026-07-05T06:02:55.326567,1,1,138.85,0.5,138.6,100,,,,,,,,,,,,,,,,,,,139.1,100,,,,,,,,,,,,,,,,,,
2026-07-05T06:02:55.375167+00:00,2026-07-05T06:02:55.375097,2,0,,,139.1,50,138.6,100,,,,,,,,,,,,,,,,,,,,,,,,,,,,,,,,,,,,
2026-07-05T06:02:55.429002+00:00,2026-07-05T06:02:55.428874,2,1,139.35,0.5,139.1,50,138.6,100,,,,,,,,,,,,,,,,,139.6,150,,,,,,,,,,,,,,,,,,
2026-07-05T06:02:56.125781+00:00,2026-07-05T06:02:56.119530,2,1,139.35,0.5,139.1,47,138.6,100,,,,,,,,,,,,,,,,,139.6,150,,,,,,,,,,,,,,,,,,
2026-07-05T06:02:56.463851+00:00,2026-07-05T06:02:56.463761,2,1,139.35,0.5,139.1,47,138.6,100,,,,,,,,,,,,,,,,,139.6,110,,,,,,,,,,,,,,,,,,
2026-07-05T06:02:57.547925+00:00,2026-07-05T06:02:57.547839,1,1,139.1,1.0,138.6,99,,,,,,,,,,,,,,,,,,,139.6,110,,,,,,,,,,,,,,,,,,
2026-07-05T06:02:57.699516+00:00,2026-07-05T06:02:57.699419,1,1,139.1,1.0,138.6,49,,,,,,,,,,,,,,,,,,,139.6,110,,,,,,,,,,,,,,,,,,
2026-07-05T06:02:57.716085+00:00,2026-07-05T06:02:57.716271,0,1,,,,,,,,,,,,,,,,,,,,,,,139.6,110,,,,,,,,,,,,,,,,,,
2026-07-05T06:02:57.769483+00:00,2026-07-05T06:02:57.769432,1,1,139.2,0.8,138.8,100,,,,,,,,,,,,,,,,,,,139.6,110,,,,,,,,,,,,,,,,,,
2026-07-05T06:02:57.820693+00:00,2026-07-05T06:02:57.820579,1,2,139.05,0.5,138.8,100,,,,,,,,,,,,,,,,,,,139.3,100,139.6,110,,,,,,,,,,,,,,,,
2026-07-05T06:02:58.495597+00:00,2026-07-05T06:02:58.495488,1,1,139.05,0.5,138.8,100,,,,,,,,,,,,,,,,,,,139.3,100,,,,,,,,,,,,,,,,,,
2026-07-05T06:02:58.549540+00:00,2026-07-05T06:02:58.549650,2,1,139.05,0.5,138.8,100,138.5,150,,,,,,,,,,,,,,,,,139.3,100,,,,,,,,,,,,,,,,,,
2026-07-05T06:02:58.602988+00:00,2026-07-05T06:02:58.602906,2,2,138.9,0.2,138.8,100,138.5,150,,,,,,,,,,,,,,,,,139.0,150,139.3,100,,,,,,,,,,,,,,,,
2026-07-05T06:02:59.758542+00:00,2026-07-05T06:02:59.751419,2,2,138.9,0.2,138.8,100,138.5,150,,,,,,,,,,,,,,,,,139.0,100,139.3,100,,,,,,,,,,,,,,,,
2026-07-05T06:03:00.877282+00:00,2026-07-05T06:03:00.877213,1,1,138.75,0.5,138.5,150,,,,,,,,,,,,,,,,,,,139.0,100,,,,,,,,,,,,,,,,,,
2026-07-05T06:03:00.932454+00:00,2026-07-05T06:03:00.932564,2,1,138.9,0.2,138.8,100,138.5,150,,,,,,,,,,,,,,,,,139.0,100,,,,,,,,,,,,,,,,,,
2026-07-05T06:03:00.986107+00:00,2026-07-05T06:03:00.986186,2,2,138.9,0.2,138.8,100,138.5,150,,,,,,,,,,,,,,,,,139.0,100,139.3,100,,,,,,,,,,,,,,,,
2026-07-05T06:03:01.663933+00:00,2026-07-05T06:03:01.663812,1,1,139.05,0.5,138.8,100,,,,,,,,,,,,,,,,,,,139.3,100,,,,,,,,,,,,,,,,,,
2026-07-05T06:03:01.715367+00:00,2026-07-05T06:03:01.715290,2,1,139.05,0.5,138.8,100,138.6,150,,,,,,,,,,,,,,,,,139.3,100,,,,,,,,,,,,,,,,,,
2026-07-05T06:03:01.767608+00:00,2026-07-05T06:03:01.767696,2,2,138.95,0.3,138.8,100,138.6,150,,,,,,,,,,,,,,,,,139.1,150,139.3,100,,,,,,,,,,,,,,,,
2026-07-05T06:03:02.735540+00:00,2026-07-05T06:03:02.735426,2,2,138.95,0.3,138.8,100,138.6,150,,,,,,,,,,,,,,,,,139.1,103,139.3,100,,,,,,,,,,,,,,,,
2026-07-05T06:03:03.367895+00:00,2026-07-05T06:03:03.367776,2,2,138.95,0.3,138.8,52,138.6,150,,,,,,,,,,,,,,,,,139.1,103,139.3,100,,,,,,,,,,,,,,,,
2026-07-05T06:03:04.014828+00:00,2026-07-05T06:03:04.014716,2,2,138.95,0.3,138.8,2,138.6,150,,,,,,,,,,,,,,,,,139.1,103,139.3,100,,,,,,,,,,,,,,,,
2026-07-05T06:03:04.040620+00:00,2026-07-05T06:03:04.040519,1,1,138.85,0.5,138.6,150,,,,,,,,,,,,,,,,,,,139.1,103,,,,,,,,,,,,,,,,,,
2026-07-05T06:03:04.095614+00:00,2026-07-05T06:03:04.095511,2,1,138.85,0.5,138.6,150,138.4,100,,,,,,,,,,,,,,,,,139.1,103,,,,,,,,,,,,,,,,,,
2026-07-05T06:03:04.148392+00:00,2026-07-05T06:03:04.148339,2,2,138.75,0.3,138.6,150,138.4,100,,,,,,,,,,,,,,,,,138.9,100,139.1,103,,,,,,,,,,,,,,,,
2026-07-05T06:03:04.822615+00:00,2026-07-05T06:03:04.822469,1,1,138.65,0.5,138.4,100,,,,,,,,,,,,,,,,,,,138.9,100,,,,,,,,,,,,,,,,,,
2026-07-05T06:03:04.874828+00:00,2026-07-05T06:03:04.874749,2,1,138.85,0.1,138.8,150,138.4,100,,,,,,,,,,,,,,,,,138.9,100,,,,,,,,,,,,,,,,,,
2026-07-05T06:03:04.929512+00:00,2026-07-05T06:03:04.929418,2,2,138.85,0.1,138.8,150,138.4,100,,,,,,,,,,,,,,,,,138.9,100,139.3,150,,,,,,,,,,,,,,,,
2026-07-05T06:03:05.298848+00:00,2026-07-05T06:03:05.291975,2,2,138.85,0.1,138.8,150,138.4,100,,,,,,,,,,,,,,,,,138.9,97,139.3,150,,,,,,,,,,,,,,,,
2026-07-05T06:03:05.429702+00:00,2026-07-05T06:03:05.429776,2,2,138.85,0.1,138.8,150,138.4,100,,,,,,,,,,,,,,,,,138.9,95,139.3,150,,,,,,,,,,,,,,,,
2026-07-05T06:03:06.122956+00:00,2026-07-05T06:03:06.122906,2,2,138.85,0.1,138.8,100,138.4,100,,,,,,,,,,,,,,,,,138.9,95,139.3,150,,,,,,,,,,,,,,,,
2026-07-05T06:03:07.199744+00:00,2026-07-05T06:03:07.199662,1,1,139.05,0.5,138.8,100,,,,,,,,,,,,,,,,,,,139.3,150,,,,,,,,,,,,,,,,,,
2026-07-05T06:03:07.258689+00:00,2026-07-05T06:03:07.252492,2,1,139.05,0.5,138.8,100,138.7,100,,,,,,,,,,,,,,,,,139.3,150,,,,,,,,,,,,,,,,,,
2026-07-05T06:03:07.311215+00:00,2026-07-05T06:03:07.311109,2,2,139.0,0.4,138.8,100,138.7,100,,,,,,,,,,,,,,,,,139.2,100,139.3,150,,,,,,,,,,,,,,,,
2026-07-05T06:03:07.983822+00:00,2026-07-05T06:03:07.983746,1,1,138.95,0.5,138.7,100,,,,,,,,,,,,,,,,,,,139.2,100,,,,,,,,,,,,,,,,,,
2026-07-05T06:03:08.039407+00:00,2026-07-05T06:03:08.039279,2,1,138.95,0.5,138.7,100,138.6,150,,,,,,,,,,,,,,,,,139.2,100,,,,,,,,,,,,,,,,,,
2026-07-05T06:03:08.088331+00:00,2026-07-05T06:03:08.088429,2,2,138.9,0.4,138.7,100,138.6,150,,,,,,,,,,,,,,,,,139.1,150,139.2,100,,,,,,,,,,,,,,,,
2026-07-05T06:03:08.238730+00:00,2026-07-05T06:03:08.238661,2,2,138.9,0.4,138.7,50,138.6,150,,,,,,,,,,,,,,,,,139.1,150,139.2,100,,,,,,,,,,,,,,,,
2026-07-05T06:03:10.295604+00:00,2026-07-05T06:03:10.295550,2,2,138.9,0.4,138.7,50,138.6,150,,,,,,,,,,,,,,,,,139.1,100,139.2,100,,,,,,,,,,,,,,,,
2026-07-05T06:03:10.356278+00:00,2026-07-05T06:03:10.356495,1,1,138.85,0.5,138.6,150,,,,,,,,,,,,,,,,,,,139.1,100,,,,,,,,,,,,,,,,,,
2026-07-05T06:03:10.414310+00:00,2026-07-05T06:03:10.414227,2,1,138.85,0.5,138.6,150,138.5,100,,,,,,,,,,,,,,,,,139.1,100,,,,,,,,,,,,,,,,,,
2026-07-05T06:03:10.443147+00:00,2026-07-05T06:03:10.443235,2,2,138.8,0.4,138.6,150,138.5,100,,,,,,,,,,,,,,,,,139.0,10,139.1,100,,,,,,,,,,,,,,,,
2026-07-05T06:03:10.471337+00:00,2026-07-05T06:03:10.471309,2,2,138.8,0.4,138.6,150,138.5,100,,,,,,,,,,,,,,,,,139.0,110,139.1,100,,,,,,,,,,,,,,,,
2026-07-05T06:03:10.928420+00:00,2026-07-05T06:03:10.928296,2,2,138.8,0.4,138.6,150,138.5,100,,,,,,,,,,,,,,,,,139.0,65,139.1,100,,,,,,,,,,,,,,,,
2026-07-05T06:03:11.145852+00:00,2026-07-05T06:03:11.145761,1,1,138.75,0.5,138.5,100,,,,,,,,,,,,,,,,,,,139.0,65,,,,,,,,,,,,,,,,,,
2026-07-05T06:03:11.201118+00:00,2026-07-05T06:03:11.201060,2,1,138.95,0.1,138.9,150,138.5,100,,,,,,,,,,,,,,,,,139.0,65,,,,,,,,,,,,,,,,,,
2026-07-05T06:03:11.258617+00:00,2026-07-05T06:03:11.257127,2,2,138.95,0.1,138.9,150,138.5,100,,,,,,,,,,,,,,,,,139.0,65,139.4,150,,,,,,,,,,,,,,,,
2026-07-05T06:03:12.436932+00:00,2026-07-05T06:03:12.436887,2,2,138.95,0.1,138.9,150,138.5,100,,,,,,,,,,,,,,,,,139.0,15,139.4,150,,,,,,,,,,,,,,,,
2026-07-05T06:03:13.525836+00:00,2026-07-05T06:03:13.525720,1,1,139.15,0.5,138.9,150,,,,,,,,,,,,,,,,,,,139.4,150,,,,,,,,,,,,,,,,,,
2026-07-05T06:03:13.572076+00:00,2026-07-05T06:03:13.571711,2,1,139.15,0.5,138.9,150,138.7,100,,,,,,,,,,,,,,,,,139.4,150,,,,,,,,,,,,,,,,,,
2026-07-05T06:03:13.651433+00:00,2026-07-05T06:03:13.651383,2,2,139.05,0.3,138.9,150,138.7,100,,,,,,,,,,,,,,,,,139.2,100,139.4,150,,,,,,,,,,,,,,,,
2026-07-05T06:03:14.311826+00:00,2026-07-05T06:03:14.311741,1,1,138.95,0.5,138.7,100,,,,,,,,,,,,,,,,,,,139.2,100,,,,,,,,,,,,,,,,,,
2026-07-05T06:03:14.358537+00:00,2026-07-05T06:03:14.358430,2,1,139.1,0.2,139.0,150,138.7,100,,,,,,,,,,,,,,,,,139.2,100,,,,,,,,,,,,,,,,,,
2026-07-05T06:03:14.428981+00:00,2026-07-05T06:03:14.418479,2,2,139.1,0.2,139.0,150,138.7,100,,,,,,,,,,,,,,,,,139.2,100,139.5,150,,,,,,,,,,,,,,,,
2026-07-05T06:03:14.543614+00:00,2026-07-05T06:03:14.543582,2,2,139.1,0.2,139.0,150,138.7,100,,,,,,,,,,,,,,,,,139.2,50,139.5,150,,,,,,,,,,,,,,,,
2026-07-05T06:03:14.769536+00:00,2026-07-05T06:03:14.763225,2,2,139.1,0.2,139.0,147,138.7,100,,,,,,,,,,,,,,,,,139.2,50,139.5,150,,,,,,,,,,,,,,,,
2026-07-05T06:03:15.458560+00:00,2026-07-05T06:03:15.454994,2,2,139.1,0.2,139.0,122,138.7,100,,,,,,,,,,,,,,,,,139.2,50,139.5,150,,,,,,,,,,,,,,,,
2026-07-05T06:03:16.663752+00:00,2026-07-05T06:03:16.663713,2,1,139.25,0.5,139.0,122,138.7,100,,,,,,,,,,,,,,,,,139.5,150,,,,,,,,,,,,,,,,,,
2026-07-05T06:03:16.693287+00:00,2026-07-05T06:03:16.693176,1,1,139.25,0.5,139.0,122,,,,,,,,,,,,,,,,,,,139.5,150,,,,,,,,,,,,,,,,,,
2026-07-05T06:03:16.744163+00:00,2026-07-05T06:03:16.744087,1,1,139.25,0.5,139.0,222,,,,,,,,,,,,,,,,,,,139.5,150,,,,,,,,,,,,,,,,,,
2026-07-05T06:03:16.805575+00:00,2026-07-05T06:03:16.805517,1,1,139.25,0.5,139.0,222,,,,,,,,,,,,,,,,,,,139.5,250,,,,,,,,,,,,,,,,,,
2026-07-05T06:03:17.472227+00:00,2026-07-05T06:03:17.472334,1,1,139.25,0.5,139.0,222,,,,,,,,,,,,,,,,,,,139.5,100,,,,,,,,,,,,,,,,,,
2026-07-05T06:03:17.477593+00:00,2026-07-05T06:03:17.477484,1,1,139.25,0.5,139.0,100,,,,,,,,,,,,,,,,,,,139.5,100,,,,,,,,,,,,,,,,,,
2026-07-05T06:03:17.530285+00:00,2026-07-05T06:03:17.530356,2,1,139.25,0.5,139.0,100,138.8,150,,,,,,,,,,,,,,,,,139.5,100,,,,,,,,,,,,,,,,,,
2026-07-05T06:03:17.584270+00:00,2026-07-05T06:03:17.584201,2,2,139.15,0.3,139.0,100,138.8,150,,,,,,,,,,,,,,,,,139.3,150,139.5,100,,,,,,,,,,,,,,,,
2026-07-05T06:03:18.772764+00:00,2026-07-05T06:03:18.772737,2,2,139.15,0.3,139.0,100,138.8,150,,,,,,,,,,,,,,,,,139.3,100,139.5,100,,,,,,,,,,,,,,,,
2026-07-05T06:03:19.860965+00:00,2026-07-05T06:03:19.860926,1,1,139.05,0.5,138.8,150,,,,,,,,,,,,,,,,,,,139.3,100,,,,,,,,,,,,,,,,,,
2026-07-05T06:03:19.918749+00:00,2026-07-05T06:03:19.918617,2,1,139.15,0.3,139.0,100,138.8,150,,,,,,,,,,,,,,,,,139.3,100,,,,,,,,,,,,,,,,,,
2026-07-05T06:03:19.972155+00:00,2026-07-05T06:03:19.972058,2,2,139.15,0.3,139.0,100,138.8,150,,,,,,,,,,,,,,,,,139.3,100,139.5,100,,,,,,,,,,,,,,,,
2026-07-05T06:03:20.636803+00:00,2026-07-05T06:03:20.636714,1,1,139.25,0.5,139.0,100,,,,,,,,,,,,,,,,,,,139.5,100,,,,,,,,,,,,,,,,,,
2026-07-05T06:03:20.691638+00:00,2026-07-05T06:03:20.691528,2,1,139.3,0.4,139.1,150,139.0,100,,,,,,,,,,,,,,,,,139.5,100,,,,,,,,,,,,,,,,,,
2026-07-05T06:03:20.751034+00:00,2026-07-05T06:03:20.750930,2,2,139.3,0.4,139.1,150,139.0,100,,,,,,,,,,,,,,,,,139.5,100,139.6,150,,,,,,,,,,,,,,,,
2026-07-05T06:03:20.958633+00:00,2026-07-05T06:03:20.955700,2,2,139.3,0.4,139.1,100,139.0,100,,,,,,,,,,,,,,,,,139.5,100,139.6,150,,,,,,,,,,,,,,,,
2026-07-05T06:03:21.041267+00:00,2026-07-05T06:03:21.035052,2,2,139.3,0.4,139.1,89,139.0,100,,,,,,,,,,,,,,,,,139.5,100,139.6,150,,,,,,,,,,,,,,,,
2026-07-05T06:03:22.384385+00:00,2026-07-05T06:03:22.384359,2,2,139.3,0.4,139.1,49,139.0,100,,,,,,,,,,,,,,,,,139.5,100,139.6,150,,,,,,,,,,,,,,,,
2026-07-05T06:03:23.025365+00:00,2026-07-05T06:03:23.025295,1,1,139.35,0.5,139.1,49,,,,,,,,,,,,,,,,,,,139.6,150,,,,,,,,,,,,,,,,,,
2026-07-05T06:03:23.058764+00:00,2026-07-05T06:03:23.058584,0,1,,,,,,,,,,,,,,,,,,,,,,,139.6,150,,,,,,,,,,,,,,,,,,
2026-07-05T06:03:23.080672+00:00,2026-07-05T06:03:23.080783,1,1,139.25,0.7,138.9,100,,,,,,,,,,,,,,,,,,,139.6,150,,,,,,,,,,,,,,,,,,
2026-07-05T06:03:23.133733+00:00,2026-07-05T06:03:23.133697,1,2,139.15,0.5,138.9,100,,,,,,,,,,,,,,,,,,,139.4,100,139.6,150,,,,,,,,,,,,,,,,
2026-07-05T06:03:23.820284+00:00,2026-07-05T06:03:23.820162,1,1,139.15,0.5,138.9,100,,,,,,,,,,,,,,,,,,,139.4,100,,,,,,,,,,,,,,,,,,
2026-07-05T06:03:23.871693+00:00,2026-07-05T06:03:23.871629,2,1,139.15,0.5,138.9,100,138.3,150,,,,,,,,,,,,,,,,,139.4,100,,,,,,,,,,,,,,,,,,
2026-07-05T06:03:23.956818+00:00,2026-07-05T06:03:23.949787,1,2,138.55,0.5,138.3,150,,,,,,,,,,,,,,,,,,,138.8,39,139.4,100,,,,,,,,,,,,,,,,
2026-07-05T06:03:24.596564+00:00,2026-07-05T06:03:24.596505,1,1,138.85,1.1,138.3,150,,,,,,,,,,,,,,,,,,,139.4,99,,,,,,,,,,,,,,,,,,
2026-07-05T06:03:25.194305+00:00,2026-07-05T06:03:25.194243,1,1,138.85,1.1,138.3,100,,,,,,,,,,,,,,,,,,,139.4,99,,,,,,,,,,,,,,,,,,
2026-07-05T06:03:26.185093+00:00,2026-07-05T06:03:26.185006,1,0,,,138.3,100,,,,,,,,,,,,,,,,,,,,,,,,,,,,,,,,,,,,,,
2026-07-05T06:03:26.236768+00:00,2026-07-05T06:03:26.236689,2,0,,,138.8,100,138.3,100,,,,,,,,,,,,,,,,,,,,,,,,,,,,,,,,,,,,
2026-07-05T06:03:26.291262+00:00,2026-07-05T06:03:26.291153,2,1,139.05,0.5,138.8,100,138.3,100,,,,,,,,,,,,,,,,,139.3,100,,,,,,,,,,,,,,,,,,
2026-07-05T06:03:27.000393+00:00,2026-07-05T06:03:27.000560,1,1,139.05,0.5,138.8,100,,,,,,,,,,,,,,,,,,,139.3,100,,,,,,,,,,,,,,,,,,
2026-07-05T06:03:27.064161+00:00,2026-07-05T06:03:27.064060,2,1,139.1,0.4,138.9,150,138.8,100,,,,,,,,,,,,,,,,,139.3,100,,,,,,,,,,,,,,,,,,
2026-07-05T06:03:27.118941+00:00,2026-07-05T06:03:27.118784,2,2,139.1,0.4,138.9,150,138.8,100,,,,,,,,,,,,,,,,,139.3,100,139.4,150,,,,,,,,,,,,,,,,
2026-07-05T06:03:29.358591+00:00,2026-07-05T06:03:29.356809,1,1,139.15,0.5,138.9,150,,,,,,,,,,,,,,,,,,,139.4,150,,,,,,,,,,,,,,,,,,
2026-07-05T06:03:29.417509+00:00,2026-07-05T06:03:29.417405,2,1,139.15,0.5,138.9,100,138.8,100,,,,,,,,,,,,,,,,,139.4,150,,,,,,,,,,,,,,,,,,
2026-07-05T06:03:29.469434+00:00,2026-07-05T06:03:29.469407,2,2,139.1,0.4,138.9,100,138.8,100,,,,,,,,,,,,,,,,,139.3,100,139.4,150,,,,,,,,,,,,,,,,
2026-07-05T06:03:30.169426+00:00,2026-07-05T06:03:30.169367,1,1,139.05,0.5,138.8,100,,,,,,,,,,,,,,,,,,,139.3,100,,,,,,,,,,,,,,,,,,
2026-07-05T06:03:30.222385+00:00,2026-07-05T06:03:30.222304,2,1,139.05,0.5,138.8,100,138.7,150,,,,,,,,,,,,,,,,,139.3,100,,,,,,,,,,,,,,,,,,
2026-07-05T06:03:30.275409+00:00,2026-07-05T06:03:30.275339,2,2,139.0,0.4,138.8,100,138.7,150,,,,,,,,,,,,,,,,,139.2,150,139.3,100,,,,,,,,,,,,,,,,
2026-07-05T06:03:32.302877+00:00,2026-07-05T06:03:32.302754,2,2,139.0,0.4,138.8,100,138.7,150,,,,,,,,,,,,,,,,,139.2,108,139.3,100,,,,,,,,,,,,,,,,
2026-07-05T06:03:32.524112+00:00,2026-07-05T06:03:32.524022,2,1,139.0,0.4,138.8,100,138.7,150,,,,,,,,,,,,,,,,,139.2,108,,,,,,,,,,,,,,,,,,
2026-07-05T06:03:32.529243+00:00,2026-07-05T06:03:32.529188,1,1,138.95,0.5,138.7,150,,,,,,,,,,,,,,,,,,,139.2,108,,,,,,,,,,,,,,,,,,
2026-07-05T06:03:32.582861+00:00,2026-07-05T06:03:32.582777,1,1,138.95,0.5,138.7,250,,,,,,,,,,,,,,,,,,,139.2,108,,,,,,,,,,,,,,,,,,
2026-07-05T06:03:32.636267+00:00,2026-07-05T06:03:32.636148,1,1,138.95,0.5,138.7,250,,,,,,,,,,,,,,,,,,,139.2,208,,,,,,,,,,,,,,,,,,
2026-07-05T06:03:33.333956+00:00,2026-07-05T06:03:33.333928,1,1,138.95,0.5,138.7,100,,,,,,,,,,,,,,,,,,,139.2,100,,,,,,,,,,,,,,,,,,
2026-07-05T06:03:33.389505+00:00,2026-07-05T06:03:33.389419,2,1,139.0,0.4,138.8,150,138.7,100,,,,,,,,,,,,,,,,,139.2,100,,,,,,,,,,,,,,,,,,
2026-07-05T06:03:33.405024+00:00,2026-07-05T06:03:33.394646,2,1,139.0,0.4,138.8,110,138.7,100,,,,,,,,,,,,,,,,,139.2,100,,,,,,,,,,,,,,,,,,
2026-07-05T06:03:33.442470+00:00,2026-07-05T06:03:33.442353,2,2,139.0,0.4,138.8,110,138.7,100,,,,,,,,,,,,,,,,,139.2,100,139.3,150,,,,,,,,,,,,,,,,
2026-07-05T06:03:33.605794+00:00,2026-07-05T06:03:33.605746,2,2,139.0,0.4,138.8,110,138.7,100,,,,,,,,,,,,,,,,,139.2,50,139.3,150,,,,,,,,,,,,,,,,
2026-07-05T06:03:35.689912+00:00,2026-07-05T06:03:35.690036,1,1,139.05,0.5,138.8,110,,,,,,,,,,,,,,,,,,,139.3,150,,,,,,,,,,,,,,,,,,
2026-07-05T06:03:35.745421+00:00,2026-07-05T06:03:35.745236,2,1,139.05,0.5,138.8,110,138.7,100,,,,,,,,,,,,,,,,,139.3,150,,,,,,,,,,,,,,,,,,
2026-07-05T06:03:35.766392+00:00,2026-07-05T06:03:35.766318,2,1,139.05,0.5,138.8,60,138.7,100,,,,,,,,,,,,,,,,,139.3,150,,,,,,,,,,,,,,,,,,
2026-07-05T06:03:35.796310+00:00,2026-07-05T06:03:35.796206,2,2,139.0,0.4,138.8,60,138.7,100,,,,,,,,,,,,,,,,,139.2,100,139.3,150,,,,,,,,,,,,,,,,
2026-07-05T06:03:36.499419+00:00,2026-07-05T06:03:36.499369,1,1,138.95,0.5,138.7,100,,,,,,,,,,,,,,,,,,,139.2,100,,,,,,,,,,,,,,,,,,
2026-07-05T06:03:36.555790+00:00,2026-07-05T06:03:36.555758,2,1,138.95,0.5,138.7,100,138.3,150,,,,,,,,,,,,,,,,,139.2,100,,,,,,,,,,,,,,,,,,
2026-07-05T06:03:36.610077+00:00,2026-07-05T06:03:36.610034,2,2,138.75,0.1,138.7,100,138.3,150,,,,,,,,,,,,,,,,,138.8,150,139.2,100,,,,,,,,,,,,,,,,
2026-07-05T06:03:37.769659+00:00,2026-07-05T06:03:37.769487,2,2,138.75,0.1,138.7,100,138.3,150,,,,,,,,,,,,,,,,,138.8,106,139.2,100,,,,,,,,,,,,,,,,
2026-07-05T06:03:37.874820+00:00,2026-07-05T06:03:37.874766,2,2,138.75,0.1,138.7,50,138.3,150,,,,,,,,,,,,,,,,,138.8,106,139.2,100,,,,,,,,,,,,,,,,
2026-07-05T06:03:38.858548+00:00,2026-07-05T06:03:38.854119,1,1,138.55,0.5,138.3,150,,,,,,,,,,,,,,,,,,,138.8,106,,,,,,,,,,,,,,,,,,
2026-07-05T06:03:38.909701+00:00,2026-07-05T06:03:38.909575,2,1,138.6,0.4,138.4,100,138.3,150,,,,,,,,,,,,,,,,,138.8,106,,,,,,,,,,,,,,,,,,
2026-07-05T06:03:38.964885+00:00,2026-07-05T06:03:38.965060,2,2,138.6,0.4,138.4,100,138.3,150,,,,,,,,,,,,,,,,,138.8,106,138.9,100,,,,,,,,,,,,,,,,
2026-07-05T06:03:39.669317+00:00,2026-07-05T06:03:39.669177,1,1,138.65,0.5,138.4,100,,,,,,,,,,,,,,,,,,,138.9,100,,,,,,,,,,,,,,,,,,
2026-07-05T06:03:39.722734+00:00,2026-07-05T06:03:39.722870,2,1,138.7,0.4,138.5,150,138.4,100,,,,,,,,,,,,,,,,,138.9,100,,,,,,,,,,,,,,,,,,
2026-07-05T06:03:39.779118+00:00,2026-07-05T06:03:39.779060,2,2,138.7,0.4,138.5,150,138.4,100,,,,,,,,,,,,,,,,,138.9,100,139.0,150,,,,,,,,,,,,,,,,
2026-07-05T06:03:39.985500+00:00,2026-07-05T06:03:39.985376,2,2,138.7,0.4,138.5,100,138.4,100,,,,,,,,,,,,,,,,,138.9,100,139.0,150,,,,,,,,,,,,,,,,
2026-07-05T06:03:42.014895+00:00,2026-07-05T06:03:42.014796,1,1,138.75,0.5,138.5,100,,,,,,,,,,,,,,,,,,,139.0,150,,,,,,,,,,,,,,,,,,
2026-07-05T06:03:42.071334+00:00,2026-07-05T06:03:42.071460,1,1,138.75,0.5,138.5,200,,,,,,,,,,,,,,,,,,,139.0,150,,,,,,,,,,,,,,,,,,
2026-07-05T06:03:42.113456+00:00,2026-07-05T06:03:42.113354,1,1,138.75,0.5,138.5,150,,,,,,,,,,,,,,,,,,,139.0,150,,,,,,,,,,,,,,,,,,
2026-07-05T06:03:42.126937+00:00,2026-07-05T06:03:42.126815,1,1,138.75,0.5,138.5,150,,,,,,,,,,,,,,,,,,,139.0,250,,,,,,,,,,,,,,,,,,
2026-07-05T06:03:42.796802+00:00,2026-07-05T06:03:42.796697,1,1,138.75,0.5,138.5,105,,,,,,,,,,,,,,,,,,,139.0,250,,,,,,,,,,,,,,,,,,
2026-07-05T06:03:42.833114+00:00,2026-07-05T06:03:42.833030,1,1,138.75,0.5,138.5,100,,,,,,,,,,,,,,,,,,,139.0,100,,,,,,,,,,,,,,,,,,
2026-07-05T06:03:42.886956+00:00,2026-07-05T06:03:42.886853,2,1,138.75,0.5,138.5,100,137.8,150,,,,,,,,,,,,,,,,,139.0,100,,,,,,,,,,,,,,,,,,
2026-07-05T06:03:42.952132+00:00,2026-07-05T06:03:42.945782,1,2,138.05,0.5,137.8,150,,,,,,,,,,,,,,,,,,,138.3,44,139.0,100,,,,,,,,,,,,,,,,
2026-07-05T06:03:44.216789+00:00,2026-07-05T06:03:44.216757,1,2,138.05,0.5,137.8,100,,,,,,,,,,,,,,,,,,,138.3,44,139.0,100,,,,,,,,,,,,,,,,
2026-07-05T06:03:45.180955+00:00,2026-07-05T06:03:45.180796,1,1,138.05,0.5,137.8,100,,,,,,,,,,,,,,,,,,,138.3,44,,,,,,,,,,,,,,,,,,
2026-07-05T06:03:45.230706+00:00,2026-07-05T06:03:45.230643,2,1,138.1,0.4,137.9,100,137.8,100,,,,,,,,,,,,,,,,,138.3,44,,,,,,,,,,,,,,,,,,
2026-07-05T06:03:45.288637+00:00,2026-07-05T06:03:45.288497,2,2,138.1,0.4,137.9,100,137.8,100,,,,,,,,,,,,,,,,,138.3,44,138.4,100,,,,,,,,,,,,,,,,
2026-07-05T06:03:45.577786+00:00,2026-07-05T06:03:45.577724,2,2,138.1,0.4,137.9,100,137.8,100,,,,,,,,,,,,,,,,,138.3,19,138.4,100,,,,,,,,,,,,,,,,
2026-07-05T06:03:45.590865+00:00,2026-07-05T06:03:45.590814,3,3,138.1,0.2,138.0,10,137.9,100,137.8,100,,,,,,,,,,,,,,,138.2,10,138.3,19,138.4,100,,,,,,,,,,,,,,
2026-07-05T06:03:45.996140+00:00,2026-07-05T06:03:45.996009,2,2,138.1,0.2,138.0,10,137.9,100,,,,,,,,,,,,,,,,,138.2,10,138.4,100,,,,,,,,,,,,,,,,
2026-07-05T06:03:46.050535+00:00,2026-07-05T06:03:46.050380,2,2,138.1,0.2,138.0,10,137.9,250,,,,,,,,,,,,,,,,,138.2,10,138.4,100,,,,,,,,,,,,,,,,
2026-07-05T06:03:46.102684+00:00,2026-07-05T06:03:46.102489,2,2,138.1,0.2,138.0,10,137.9,250,,,,,,,,,,,,,,,,,138.2,10,138.4,250,,,,,,,,,,,,,,,,
2026-07-05T06:03:46.323736+00:00,2026-07-05T06:03:46.323917,1,2,138.05,0.3,137.9,210,,,,,,,,,,,,,,,,,,,138.2,10,138.4,250,,,,,,,,,,,,,,,,
2026-07-05T06:03:48.344050+00:00,2026-07-05T06:03:48.343982,1,2,138.05,0.3,137.9,210,,,,,,,,,,,,,,,,,,,138.2,10,138.4,150,,,,,,,,,,,,,,,,
2026-07-05T06:03:48.349219+00:00,2026-07-05T06:03:48.349135,1,2,138.05,0.3,137.9,150,,,,,,,,,,,,,,,,,,,138.2,10,138.4,150,,,,,,,,,,,,,,,,
2026-07-05T06:03:48.398149+00:00,2026-07-05T06:03:48.398042,2,2,138.05,0.3,137.9,150,137.8,100,,,,,,,,,,,,,,,,,138.2,10,138.4,150,,,,,,,,,,,,,,,,
2026-07-05T06:03:48.432393+00:00,2026-07-05T06:03:48.432346,2,2,138.05,0.3,137.9,100,137.8,100,,,,,,,,,,,,,,,,,138.2,10,138.4,150,,,,,,,,,,,,,,,,
2026-07-05T06:03:48.458545+00:00,2026-07-05T06:03:48.453583,2,3,138.05,0.3,137.9,100,137.8,100,,,,,,,,,,,,,,,,,138.2,10,138.3,100,138.4,150,,,,,,,,,,,,,,
2026-07-05T06:03:48.558562+00:00,2026-07-05T06:03:48.557600,2,2,138.1,0.4,137.9,100,137.8,100,,,,,,,,,,,,,,,,,138.3,66,138.4,150,,,,,,,,,,,,,,,,
2026-07-05T06:03:49.163890+00:00,2026-07-05T06:03:49.163768,1,1,138.05,0.5,137.8,100,,,,,,,,,,,,,,,,,,,138.3,66,,,,,,,,,,,,,,,,,,
2026-07-05T06:03:49.174268+00:00,2026-07-05T06:03:49.174211,1,1,138.05,0.5,137.8,100,,,,,,,,,,,,,,,,,,,138.3,20,,,,,,,,,,,,,,,,,,
2026-07-05T06:03:49.210288+00:00,2026-07-05T06:03:49.210214,2,1,138.05,0.5,137.8,100,137.7,150,,,,,,,,,,,,,,,,,138.3,20,,,,,,,,,,,,,,,,,,
2026-07-05T06:03:49.264441+00:00,2026-07-05T06:03:49.264339,2,2,138.0,0.4,137.8,100,137.7,150,,,,,,,,,,,,,,,,,138.2,150,138.3,20,,,,,,,,,,,,,,,,
2026-07-05T06:03:50.181773+00:00,2026-07-05T06:03:50.181661,2,2,138.0,0.4,137.8,52,137.7,150,,,,,,,,,,,,,,,,,138.2,150,138.3,20,,,,,,,,,,,,,,,,
2026-07-05T06:03:50.569394+00:00,2026-07-05T06:03:50.569276,2,2,138.0,0.4,137.8,2,137.7,150,,,,,,,,,,,,,,,,,138.2,150,138.3,20,,,,,,,,,,,,,,,,
