recv_time,book_timestamp,n_bids,n_asks,mid,spread,bid_px_0,bid_vol_0,bid_px_1,bid_vol_1,bid_px_2,bid_vol_2,bid_px_3,bid_vol_3,bid_px_4,bid_vol_4,bid_px_5,bid_vol_5,bid_px_6,bid_vol_6,bid_px_7,bid_vol_7,bid_px_8,bid_vol_8,bid_px_9,bid_vol_9,ask_px_0,ask_vol_0,ask_px_1,ask_vol_1,ask_px_2,ask_vol_2,ask_px_3,ask_vol_3,ask_px_4,ask_vol_4,ask_px_5,ask_vol_5,ask_px_6,ask_vol_6,ask_px_7,ask_vol_7,ask_px_8,ask_vol_8,ask_px_9,ask_vol_9
2026-07-14T20:00:00.114025+00:00,2026-07-14T20:00:00.120607,3,3,68.65,0.1,68.6,119,68.5,170,68.4,180,,,,,,,,,,,,,,,68.7,29,68.9,150,69.0,100,,,,,,,,,,,,,,
2026-07-14T20:00:00.389638+00:00,2026-07-14T20:00:00.383325,3,2,68.75,0.3,68.6,119,68.5,170,68.4,180,,,,,,,,,,,,,,,68.9,150,69.0,100,,,,,,,,,,,,,,,,
2026-07-14T20:00:00.639921+00:00,2026-07-14T20:00:00.648781,4,3,68.75,0.1,68.7,124,68.6,70,68.5,102,68.4,150,,,,,,,,,,,,,68.8,70,68.9,150,69.0,100,,,,,,,,,,,,,,
2026-07-14T20:00:00.917582+00:00,2026-07-14T20:00:00.915939,4,3,68.75,0.1,68.7,124,68.6,70,68.5,102,68.4,150,,,,,,,,,,,,,68.8,66,68.9,150,69.0,100,,,,,,,,,,,,,,
2026-07-14T20:00:01.163675+00:00,2026-07-14T20:00:01.158219,4,2,68.75,0.1,68.7,124,68.6,70,68.5,2,68.4,150,,,,,,,,,,,,,68.8,66,68.9,150,,,,,,,,,,,,,,,,
2026-07-14T20:00:01.206158+00:00,2026-07-14T20:00:01.182778,4,2,68.75,0.1,68.7,124,68.6,70,68.5,2,68.4,150,,,,,,,,,,,,,68.8,76,68.9,150,,,,,,,,,,,,,,,,
2026-07-14T20:00:01.217219+00:00,2026-07-14T20:00:01.211332,4,2,68.75,0.1,68.7,124,68.6,70,68.5,102,68.4,150,,,,,,,,,,,,,68.8,76,68.9,150,,,,,,,,,,,,,,,,
2026-07-14T20:00:01.270826+00:00,2026-07-14T20:00:01.263729,4,3,68.75,0.1,68.7,124,68.6,70,68.5,102,68.4,150,,,,,,,,,,,,,68.8,76,68.9,150,69.0,100,,,,,,,,,,,,,,
2026-07-14T20:00:01.547083+00:00,2026-07-14T20:00:01.574977,3,3,68.75,0.1,68.7,74,68.5,100,68.4,150,,,,,,,,,,,,,,,68.8,26,68.9,150,69.0,100,,,,,,,,,,,,,,
2026-07-14T20:00:01.701052+00:00,2026-07-14T20:00:01.717181,4,3,68.75,0.1,68.7,140,68.6,70,68.5,102,68.4,150,,,,,,,,,,,,,68.8,30,68.9,150,69.0,100,,,,,,,,,,,,,,
2026-07-14T20:00:02.363781+00:00,2026-07-14T20:00:02.361295,3,2,68.75,0.1,68.7,140,68.6,70,68.5,102,,,,,,,,,,,,,,,68.8,30,69.0,100,,,,,,,,,,,,,,,,
2026-07-14T20:00:02.502541+00:00,2026-07-14T20:00:02.498945,4,3,68.75,0.1,68.7,110,68.6,70,68.5,102,68.4,150,,,,,,,,,,,,,68.8,40,68.9,150,69.0,100,,,,,,,,,,,,,,
2026-07-14T20:00:02.555807+00:00,2026-07-14T20:00:02.550807,3,3,68.75,0.1,68.7,60,68.5,100,68.4,150,,,,,,,,,,,,,,,68.8,10,68.9,150,69.0,100,,,,,,,,,,,,,,
2026-07-14T20:00:02.566399+00:00,2026-07-14T20:00:02.559886,3,3,68.75,0.1,68.7,110,68.5,100,68.4,150,,,,,,,,,,,,,,,68.8,10,68.9,150,69.0,100,,,,,,,,,,,,,,
2026-07-14T20:00:02.576988+00:00,2026-07-14T20:00:02.571807,4,3,68.75,0.1,68.7,110,68.6,70,68.5,122,68.4,150,,,,,,,,,,,,,68.8,10,68.9,150,69.0,100,,,,,,,,,,,,,,
2026-07-14T20:00:02.587625+00:00,2026-07-14T20:00:02.577388,4,3,68.75,0.1,68.7,110,68.6,70,68.5,122,68.4,150,,,,,,,,,,,,,68.8,40,68.9,150,69.0,100,,,,,,,,,,,,,,
2026-07-14T20:00:02.630012+00:00,2026-07-14T20:00:02.625869,4,3,68.75,0.1,68.7,60,68.6,70,68.5,122,68.4,150,,,,,,,,,,,,,68.8,40,68.9,150,69.0,100,,,,,,,,,,,,,,
2026-07-14T20:00:02.766608+00:00,2026-07-14T20:00:02.764696,4,3,68.75,0.1,68.7,50,68.6,70,68.5,122,68.4,150,,,,,,,,,,,,,68.8,30,68.9,150,69.0,100,,,,,,,,,,,,,,
2026-07-14T20:00:02.777111+00:00,2026-07-14T20:00:02.770637,4,3,68.75,0.1,68.7,52,68.6,70,68.5,122,68.4,150,,,,,,,,,,,,,68.8,90,68.9,150,69.0,100,,,,,,,,,,,,,,
2026-07-14T20:00:03.050945+00:00,2026-07-14T20:00:03.046885,4,3,68.75,0.1,68.7,50,68.6,70,68.5,122,68.4,150,,,,,,,,,,,,,68.8,90,68.9,150,69.0,100,,,,,,,,,,,,,,
2026-07-14T20:00:03.525215+00:00,2026-07-14T20:00:03.524383,4,3,68.75,0.1,68.7,50,68.6,70,68.5,122,68.4,150,,,,,,,,,,,,,68.8,60,68.9,150,69.0,100,,,,,,,,,,,,,,
2026-07-14T20:00:03.535945+00:00,2026-07-14T20:00:03.529524,2,3,68.65,0.3,68.5,100,68.4,150,,,,,,,,,,,,,,,,,68.8,60,68.9,150,69.0,100,,,,,,,,,,,,,,
2026-07-14T20:00:03.546683+00:00,2026-07-14T20:00:03.538048,2,3,68.65,0.3,68.5,150,68.4,150,,,,,,,,,,,,,,,,,68.8,60,68.9,150,69.0,100,,,,,,,,,,,,,,
2026-07-14T20:00:03.557420+00:00,2026-07-14T20:00:03.547124,2,3,68.65,0.3,68.5,150,68.4,220,,,,,,,,,,,,,,,,,68.8,60,68.9,150,69.0,100,,,,,,,,,,,,,,
2026-07-14T20:00:03.568159+00:00,2026-07-14T20:00:03.563880,3,3,68.65,0.3,68.5,190,68.4,220,68.3,22,,,,,,,,,,,,,,,68.8,38,68.9,150,69.0,100,,,,,,,,,,,,,,
2026-07-14T20:00:03.578808+00:00,2026-07-14T20:00:03.572881,3,3,68.65,0.3,68.5,190,68.4,220,68.3,22,,,,,,,,,,,,,,,68.8,68,68.9,150,69.0,100,,,,,,,,,,,,,,
2026-07-14T20:00:03.631424+00:00,2026-07-14T20:00:03.625259,4,4,68.65,0.1,68.6,5,68.5,190,68.4,220,68.3,22,,,,,,,,,,,,,68.7,5,68.8,68,68.9,150,69.0,100,,,,,,,,,,,,
2026-07-14T20:00:03.832832+00:00,2026-07-14T20:00:03.829880,4,4,68.65,0.1,68.6,45,68.5,150,68.4,220,68.3,22,,,,,,,,,,,,,68.7,5,68.8,30,68.9,150,69.0,100,,,,,,,,,,,,
2026-07-14T20:00:03.843540+00:00,2026-07-14T20:00:03.833108,4,4,68.65,0.1,68.6,45,68.5,150,68.4,220,68.3,22,,,,,,,,,,,,,68.7,21,68.8,30,68.9,150,69.0,100,,,,,,,,,,,,
2026-07-14T20:00:04.065265+00:00,2026-07-14T20:00:04.061501,4,4,68.65,0.1,68.6,45,68.5,150,68.4,220,68.3,22,,,,,,,,,,,,,68.7,19,68.8,30,68.9,150,69.0,100,,,,,,,,,,,,
2026-07-14T20:00:04.097254+00:00,2026-07-14T20:00:04.095129,4,4,68.65,0.1,68.6,5,68.5,150,68.4,220,68.3,22,,,,,,,,,,,,,68.7,3,68.8,30,68.9,150,69.0,100,,,,,,,,,,,,
2026-07-14T20:00:04.107937+00:00,2026-07-14T20:00:04.101538,4,4,68.65,0.1,68.6,45,68.5,150,68.4,220,68.3,22,,,,,,,,,,,,,68.7,11,68.8,30,68.9,150,69.0,100,,,,,,,,,,,,
2026-07-14T20:00:04.320827+00:00,2026-07-14T20:00:04.318717,4,3,68.65,0.1,68.6,45,68.5,150,68.4,220,68.3,22,,,,,,,,,,,,,68.7,11,68.8,30,68.9,150,,,,,,,,,,,,,,
2026-07-14T20:00:04.331342+00:00,2026-07-14T20:00:04.321055,4,3,68.65,0.1,68.6,45,68.5,50,68.4,220,68.3,22,,,,,,,,,,,,,68.7,11,68.8,30,68.9,150,,,,,,,,,,,,,,
2026-07-14T20:00:04.362860+00:00,2026-07-14T20:00:04.362000,4,3,68.65,0.1,68.6,45,68.5,50,68.4,220,68.3,22,,,,,,,,,,,,,68.7,3,68.8,30,68.9,150,,,,,,,,,,,,,,
2026-07-14T20:00:04.373417+00:00,2026-07-14T20:00:04.369412,4,3,68.65,0.1,68.6,45,68.5,50,68.4,220,68.3,22,,,,,,,,,,,,,68.7,7,68.8,30,68.9,150,,,,,,,,,,,,,,
2026-07-14T20:00:04.384009+00:00,2026-07-14T20:00:04.374401,4,3,68.65,0.1,68.6,45,68.5,150,68.4,220,68.3,22,,,,,,,,,,,,,68.7,7,68.8,30,68.9,150,,,,,,,,,,,,,,
2026-07-14T20:00:04.436779+00:00,2026-07-14T20:00:04.427680,4,4,68.65,0.1,68.6,45,68.5,150,68.4,220,68.3,22,,,,,,,,,,,,,68.7,7,68.8,30,68.9,150,69.0,100,,,,,,,,,,,,
2026-07-14T20:00:04.489557+00:00,2026-07-14T20:00:04.488815,4,3,68.65,0.1,68.6,45,68.5,150,68.4,220,68.3,22,,,,,,,,,,,,,68.7,7,68.9,150,69.0,100,,,,,,,,,,,,,,
2026-07-14T20:00:04.500156+00:00,2026-07-14T20:00:04.494110,3,3,68.65,0.1,68.6,45,68.5,100,68.4,150,,,,,,,,,,,,,,,68.7,7,68.9,150,69.0,100,,,,,,,,,,,,,,
2026-07-14T20:00:04.510724+00:00,2026-07-14T20:00:04.507149,3,3,68.65,0.1,68.6,95,68.5,170,68.4,150,,,,,,,,,,,,,,,68.7,7,68.9,150,69.0,100,,,,,,,,,,,,,,
2026-07-14T20:00:04.521257+00:00,2026-07-14T20:00:04.516854,3,3,68.65,0.1,68.6,95,68.5,170,68.4,180,,,,,,,,,,,,,,,68.7,37,68.9,150,69.0,100,,,,,,,,,,,,,,
2026-07-14T20:00:04.637029+00:00,2026-07-14T20:00:04.634069,3,3,68.65,0.1,68.6,50,68.5,170,68.4,180,,,,,,,,,,,,,,,68.7,30,68.9,150,69.0,100,,,,,,,,,,,,,,
2026-07-14T20:00:04.647700+00:00,2026-07-14T20:00:04.641805,3,3,68.65,0.1,68.6,90,68.5,170,68.4,180,,,,,,,,,,,,,,,68.7,34,68.9,150,69.0,100,,,,,,,,,,,,,,
2026-07-14T20:00:04.763605+00:00,2026-07-14T20:00:04.755681,3,3,68.65,0.1,68.6,40,68.5,170,68.4,180,,,,,,,,,,,,,,,68.7,34,68.9,150,69.0,100,,,,,,,,,,,,,,
2026-07-14T20:00:04.911113+00:00,2026-07-14T20:00:04.910647,3,3,68.65,0.1,68.6,40,68.5,170,68.4,180,,,,,,,,,,,,,,,68.7,42,68.9,150,69.0,100,,,,,,,,,,,,,,
2026-07-14T20:00:05.175495+00:00,2026-07-14T20:00:05.174141,2,3,68.6,0.2,68.5,170,68.4,180,,,,,,,,,,,,,,,,,68.7,28,68.9,150,69.0,100,,,,,,,,,,,,,,
2026-07-14T20:00:05.186261+00:00,2026-07-14T20:00:05.179955,3,3,68.65,0.1,68.6,26,68.5,170,68.4,180,,,,,,,,,,,,,,,68.7,88,68.9,150,69.0,100,,,,,,,,,,,,,,
2026-07-14T20:00:05.292979+00:00,2026-07-14T20:00:05.290878,3,3,68.65,0.1,68.6,26,68.5,170,68.4,180,,,,,,,,,,,,,,,68.7,86,68.9,150,69.0,100,,,,,,,,,,,,,,
2026-07-14T20:00:05.449116+00:00,2026-07-14T20:00:05.448030,3,2,68.75,0.3,68.6,26,68.5,100,68.4,150,,,,,,,,,,,,,,,68.9,150,69.0,100,,,,,,,,,,,,,,,,
2026-07-14T20:00:05.459719+00:00,2026-07-14T20:00:05.455849,3,3,68.65,0.1,68.6,14,68.5,100,68.4,150,,,,,,,,,,,,,,,68.7,60,68.9,150,69.0,100,,,,,,,,,,,,,,
2026-07-14T20:00:05.470265+00:00,2026-07-14T20:00:05.468401,3,3,68.65,0.1,68.6,64,68.5,154,68.4,150,,,,,,,,,,,,,,,68.7,60,68.9,150,69.0,100,,,,,,,,,,,,,,
2026-07-14T20:00:05.480809+00:00,2026-07-14T20:00:05.479139,3,3,68.65,0.1,68.6,64,68.5,154,68.4,150,,,,,,,,,,,,,,,68.7,60,68.9,200,69.0,126,,,,,,,,,,,,,,
2026-07-14T20:00:05.523032+00:00,2026-07-14T20:00:05.522228,3,3,68.65,0.1,68.6,64,68.5,154,68.4,150,,,,,,,,,,,,,,,68.7,60,68.9,50,69.0,126,,,,,,,,,,,,,,
2026-07-14T20:00:05.533626+00:00,2026-07-14T20:00:05.524524,2,3,68.65,0.1,68.6,64,68.5,154,,,,,,,,,,,,,,,,,68.7,60,68.9,50,69.0,126,,,,,,,,,,,,,,
2026-07-14T20:00:05.586508+00:00,2026-07-14T20:00:05.578658,3,3,68.65,0.1,68.6,64,68.5,154,68.4,150,,,,,,,,,,,,,,,68.7,60,68.9,50,69.0,126,,,,,,,,,,,,,,
2026-07-14T20:00:05.639424+00:00,2026-07-14T20:00:05.632246,3,3,68.65,0.1,68.6,64,68.5,154,68.4,150,,,,,,,,,,,,,,,68.7,60,68.9,200,69.0,126,,,,,,,,,,,,,,
2026-07-14T20:00:05.723805+00:00,2026-07-14T20:00:05.722203,3,2,68.75,0.3,68.6,50,68.5,154,68.4,150,,,,,,,,,,,,,,,68.9,200,69.0,126,,,,,,,,,,,,,,,,
2026-07-14T20:00:05.734440+00:00,2026-07-14T20:00:05.727653,3,3,68.65,0.1,68.6,76,68.5,154,68.4,150,,,,,,,,,,,,,,,68.7,60,68.9,200,69.0,126,,,,,,,,,,,,,,
2026-07-14T20:00:05.998908+00:00,2026-07-14T20:00:05.998098,3,3,68.65,0.1,68.6,78,68.5,154,68.4,150,,,,,,,,,,,,,,,68.7,60,68.9,200,69.0,126,,,,,,,,,,,,,,
2026-07-14T20:00:06.391860+00:00,2026-07-14T20:00:06.390400,3,3,68.65,0.1,68.6,78,68.5,154,68.4,150,,,,,,,,,,,,,,,68.7,60,68.9,150,69.0,100,,,,,,,,,,,,,,
2026-07-14T20:00:06.402598+00:00,2026-07-14T20:00:06.393276,3,3,68.65,0.1,68.6,28,68.5,100,68.4,150,,,,,,,,,,,,,,,68.7,60,68.9,150,69.0,100,,,,,,,,,,,,,,
2026-07-14T20:00:06.413335+00:00,2026-07-14T20:00:06.410024,3,3,68.65,0.1,68.6,78,68.5,100,68.4,150,,,,,,,,,,,,,,,68.7,60,68.9,150,69.0,100,,,,,,,,,,,,,,
2026-07-14T20:00:06.434817+00:00,2026-07-14T20:00:06.433969,3,4,68.65,0.1,68.6,78,68.5,154,68.4,150,,,,,,,,,,,,,,,68.7,110,68.8,26,68.9,150,69.0,100,,,,,,,,,,,,
2026-07-14T20:00:06.517408+00:00,2026-07-14T20:00:06.516447,3,4,68.65,0.1,68.6,50,68.5,154,68.4,150,,,,,,,,,,,,,,,68.7,50,68.8,26,68.9,150,69.0,100,,,,,,,,,,,,
2026-07-14T20:00:06.528247+00:00,2026-07-14T20:00:06.521801,3,4,68.65,0.1,68.6,90,68.5,154,68.4,150,,,,,,,,,,,,,,,68.7,50,68.8,26,68.9,150,69.0,100,,,,,,,,,,,,
2026-07-14T20:00:06.539095+00:00,2026-07-14T20:00:06.528701,3,4,68.65,0.1,68.6,90,68.5,154,68.4,150,,,,,,,,,,,,,,,68.7,110,68.8,26,68.9,150,69.0,100,,,,,,,,,,,,
2026-07-14T20:00:06.646553+00:00,2026-07-14T20:00:06.644800,3,4,68.65,0.1,68.6,90,68.5,154,68.4,150,,,,,,,,,,,,,,,68.7,67,68.8,26,68.9,150,69.0,100,,,,,,,,,,,,
2026-07-14T20:00:06.796133+00:00,2026-07-14T20:00:06.793921,3,4,68.65,0.1,68.6,50,68.5,154,68.4,150,,,,,,,,,,,,,,,68.7,7,68.8,26,68.9,150,69.0,100,,,,,,,,,,,,
2026-07-14T20:00:06.807019+00:00,2026-07-14T20:00:06.799305,3,4,68.65,0.1,68.6,90,68.5,154,68.4,150,,,,,,,,,,,,,,,68.7,63,68.8,26,68.9,150,69.0,100,,,,,,,,,,,,
2026-07-14T20:00:06.817795+00:00,2026-07-14T20:00:06.812227,3,4,68.65,0.1,68.6,90,68.5,154,68.4,150,,,,,,,,,,,,,,,68.7,13,68.8,26,68.9,150,69.0,100,,,,,,,,,,,,
2026-07-14T20:00:07.073253+00:00,2026-07-14T20:00:07.069655,3,4,68.65,0.1,68.6,133,68.5,154,68.4,150,,,,,,,,,,,,,,,68.7,1,68.8,26,68.9,150,69.0,100,,,,,,,,,,,,
2026-07-14T20:00:07.342622+00:00,2026-07-14T20:00:07.337392,3,3,68.7,0.2,68.6,133,68.5,154,68.4,150,,,,,,,,,,,,,,,68.8,26,68.9,150,69.0,100,,,,,,,,,,,,,,
2026-07-14T20:00:07.353549+00:00,2026-07-14T20:00:07.347443,3,2,68.75,0.3,68.6,83,68.5,100,68.4,150,,,,,,,,,,,,,,,68.9,150,69.0,100,,,,,,,,,,,,,,,,
2026-07-14T20:00:07.364489+00:00,2026-07-14T20:00:07.361556,3,2,68.75,0.3,68.6,133,68.5,170,68.4,150,,,,,,,,,,,,,,,68.9,150,69.0,100,,,,,,,,,,,,,,,,
2026-07-14T20:00:07.375464+00:00,2026-07-14T20:00:07.371293,3,2,68.75,0.3,68.6,133,68.5,170,68.4,184,,,,,,,,,,,,,,,68.9,176,69.0,100,,,,,,,,,,,,,,,,
2026-07-14T20:00:07.482800+00:00,2026-07-14T20:00:07.482253,3,1,68.75,0.3,68.6,133,68.5,170,68.4,184,,,,,,,,,,,,,,,68.9,176,,,,,,,,,,,,,,,,,,
2026-07-14T20:00:07.493712+00:00,2026-07-14T20:00:07.483447,3,1,68.75,0.3,68.6,133,68.5,70,68.4,184,,,,,,,,,,,,,,,68.9,176,,,,,,,,,,,,,,,,,,
2026-07-14T20:00:07.547464+00:00,2026-07-14T20:00:07.537407,3,1,68.75,0.3,68.6,133,68.5,70,68.4,284,,,,,,,,,,,,,,,68.9,176,,,,,,,,,,,,,,,,,,
2026-07-14T20:00:07.601080+00:00,2026-07-14T20:00:07.590905,3,1,68.75,0.3,68.6,133,68.5,70,68.4,284,,,,,,,,,,,,,,,68.9,276,,,,,,,,,,,,,,,,,,
2026-07-14T20:00:07.611866+00:00,2026-07-14T20:00:07.607174,3,1,68.75,0.3,68.6,93,68.5,70,68.4,284,,,,,,,,,,,,,,,68.9,276,,,,,,,,,,,,,,,,,,
2026-07-14T20:00:07.622578+00:00,2026-07-14T20:00:07.612182,3,1,68.75,0.3,68.6,93,68.5,70,68.4,284,,,,,,,,,,,,,,,68.9,293,,,,,,,,,,,,,,,,,,
2026-07-14T20:00:07.654300+00:00,2026-07-14T20:00:07.653768,4,1,68.8,0.2,68.7,5,68.6,93,68.5,70,68.4,284,,,,,,,,,,,,,68.9,293,,,,,,,,,,,,,,,,,,
2026-07-14T20:00:07.665026+00:00,2026-07-14T20:00:07.656335,4,2,68.75,0.1,68.7,5,68.6,93,68.5,70,68.4,284,,,,,,,,,,,,,68.8,5,68.9,293,,,,,,,,,,,,,,,,
2026-07-14T20:00:07.880448+00:00,2026-07-14T20:00:07.877860,4,2,68.75,0.1,68.7,56,68.6,50,68.5,70,68.4,284,,,,,,,,,,,,,68.8,5,68.9,276,,,,,,,,,,,,,,,,
2026-07-14T20:00:07.891186+00:00,2026-07-14T20:00:07.880892,4,2,68.75,0.1,68.7,56,68.6,50,68.5,70,68.4,284,,,,,,,,,,,,,68.8,22,68.9,276,,,,,,,,,,,,,,,,
2026-07-14T20:00:08.155667+00:00,2026-07-14T20:00:08.152846,4,2,68.75,0.1,68.7,66,68.6,50,68.5,70,68.4,284,,,,,,,,,,,,,68.8,22,68.9,276,,,,,,,,,,,,,,,,
2026-07-14T20:00:08.284118+00:00,2026-07-14T20:00:08.282616,3,2,68.75,0.1,68.7,66,68.6,50,68.4,250,,,,,,,,,,,,,,,68.8,22,68.9,250,,,,,,,,,,,,,,,,
2026-07-14T20:00:08.294741+00:00,2026-07-14T20:00:08.284351,2,2,68.75,0.1,68.7,66,68.4,250,,,,,,,,,,,,,,,,,68.8,22,68.9,250,,,,,,,,,,,,,,,,
2026-07-14T20:00:08.305399+00:00,2026-07-14T20:00:08.302137,3,2,68.75,0.1,68.7,116,68.6,70,68.4,250,,,,,,,,,,,,,,,68.8,22,68.9,250,,,,,,,,,,,,,,,,
2026-07-14T20:00:08.326722+00:00,2026-07-14T20:00:08.320998,4,2,68.75,0.1,68.7,116,68.6,70,68.5,34,68.4,250,,,,,,,,,,,,,68.8,48,68.9,250,,,,,,,,,,,,,,,,
2026-07-14T20:00:08.665338+00:00,2026-07-14T20:00:08.662255,4,2,68.75,0.1,68.7,111,68.6,70,68.5,34,68.4,250,,,,,,,,,,,,,68.8,43,68.9,250,,,,,,,,,,,,,,,,
2026-07-14T20:00:08.686597+00:00,2026-07-14T20:00:08.686226,4,2,68.75,0.1,68.7,111,68.6,70,68.5,34,68.4,250,,,,,,,,,,,,,68.8,43,68.9,100,,,,,,,,,,,,,,,,
2026-07-14T20:00:08.697150+00:00,2026-07-14T20:00:08.688079,4,2,68.75,0.1,68.7,111,68.6,70,68.5,34,68.4,100,,,,,,,,,,,,,68.8,43,68.9,100,,,,,,,,,,,,,,,,
2026-07-14T20:00:08.749924+00:00,2026-07-14T20:00:08.741323,4,2,68.75,0.1,68.7,111,68.6,70,68.5,34,68.4,250,,,,,,,,,,,,,68.8,43,68.9,100,,,,,,,,,,,,,,,,
2026-07-14T20:00:08.803023+00:00,2026-07-14T20:00:08.798816,4,2,68.75,0.1,68.7,71,68.6,70,68.5,34,68.4,250,,,,,,,,,,,,,68.8,43,68.9,250,,,,,,,,,,,,,,,,
2026-07-14T20:00:08.940329+00:00,2026-07-14T20:00:08.933694,4,2,68.75,0.1,68.7,50,68.6,70,68.5,34,68.4,250,,,,,,,,,,,,,68.8,26,68.9,250,,,,,,,,,,,,,,,,
2026-07-14T20:00:08.950975+00:00,2026-07-14T20:00:08.946213,4,2,68.75,0.1,68.7,69,68.6,70,68.5,34,68.4,250,,,,,,,,,,,,,68.8,83,68.9,250,,,,,,,,,,,,,,,,
2026-07-14T20:00:08.982983+00:00,2026-07-14T20:00:08.982311,4,2,68.75,0.1,68.7,19,68.6,70,68.5,34,68.4,250,,,,,,,,,,,,,68.8,83,68.9,250,,,,,,,,,,,,,,,,
2026-07-14T20:00:09.216717+00:00,2026-07-14T20:00:09.209967,3,2,68.7,0.2,68.6,70,68.5,34,68.4,250,,,,,,,,,,,,,,,68.8,83,68.9,250,,,,,,,,,,,,,,,,
2026-07-14T20:00:09.237923+00:00,2026-07-14T20:00:09.231284,1,2,68.6,0.4,68.4,250,,,,,,,,,,,,,,,,,,,68.8,57,68.9,250,,,,,,,,,,,,,,,,
2026-07-14T20:00:09.248809+00:00,2026-07-14T20:00:09.247838,2,2,68.6,0.4,68.4,300,68.3,54,,,,,,,,,,,,,,,,,68.8,57,68.9,250,,,,,,,,,,,,,,,,
2026-07-14T20:00:09.259547+00:00,2026-07-14T20:00:09.257364,2,2,68.6,0.4,68.4,300,68.3,54,,,,,,,,,,,,,,,,,68.8,107,68.9,276,,,,,,,,,,,,,,,,
2026-07-14T20:00:09.481655+00:00,2026-07-14T20:00:09.479479,2,2,68.6,0.4,68.4,343,68.3,54,,,,,,,,,,,,,,,,,68.8,51,68.9,276,,,,,,,,,,,,,,,,
2026-07-14T20:00:09.672767+00:00,2026-07-14T20:00:09.672127,3,3,68.6,0.2,68.5,5,68.4,343,68.3,54,,,,,,,,,,,,,,,68.7,5,68.8,51,68.9,276,,,,,,,,,,,,,,
2026-07-14T20:00:09.746883+00:00,2026-07-14T20:00:09.746116,3,3,68.6,0.2,68.5,5,68.4,343,68.3,54,,,,,,,,,,,,,,,68.7,5,68.8,50,68.9,276,,,,,,,,,,,,,,
2026-07-14T20:00:09.757660+00:00,2026-07-14T20:00:09.755271,3,3,68.6,0.2,68.5,48,68.4,300,68.3,54,,,,,,,,,,,,,,,68.7,44,68.8,50,68.9,276,,,,,,,,,,,,,,
2026-07-14T20:00:10.033936+00:00,2026-07-14T20:00:10.031438,3,3,68.6,0.2,68.5,48,68.4,300,68.3,54,,,,,,,,,,,,,,,68.7,42,68.8,50,68.9,276,,,,,,,,,,,,,,
2026-07-14T20:00:10.172221+00:00,2026-07-14T20:00:10.169987,2,2,68.6,0.2,68.5,48,68.4,250,,,,,,,,,,,,,,,,,68.7,42,68.9,250,,,,,,,,,,,,,,,,
2026-07-14T20:00:10.259215+00:00,2026-07-14T20:00:10.248752,2,2,68.6,0.2,68.5,98,68.4,250,,,,,,,,,,,,,,,,,68.7,42,68.9,250,,,,,,,,,,,,,,,,
2026-07-14T20:00:10.281100+00:00,2026-07-14T20:00:10.278791,2,2,68.6,0.2,68.5,98,68.4,304,,,,,,,,,,,,,,,,,68.7,42,68.9,250,,,,,,,,,,,,,,,,
2026-07-14T20:00:10.291781+00:00,2026-07-14T20:00:10.284255,2,2,68.6,0.2,68.5,98,68.4,304,,,,,,,,,,,,,,,,,68.7,92,68.9,250,,,,,,,,,,,,,,,,
2026-07-14T20:00:10.302448+00:00,2026-07-14T20:00:10.300564,2,3,68.6,0.2,68.5,80,68.4,304,,,,,,,,,,,,,,,,,68.7,55,68.8,26,68.9,250,,,,,,,,,,,,,,
2026-07-14T20:00:10.313100+00:00,2026-07-14T20:00:10.303394,2,3,68.6,0.2,68.5,80,68.4,304,,,,,,,,,,,,,,,,,68.7,112,68.8,26,68.9,250,,,,,,,,,,,,,,
2026-07-14T20:00:10.572024+00:00,2026-07-14T20:00:10.571147,2,3,68.6,0.2,68.5,60,68.4,304,,,,,,,,,,,,,,,,,68.7,55,68.8,26,68.9,250,,,,,,,,,,,,,,
2026-07-14T20:00:10.582855+00:00,2026-07-14T20:00:10.573796,2,3,68.6,0.2,68.5,60,68.4,304,,,,,,,,,,,,,,,,,68.7,112,68.8,26,68.9,250,,,,,,,,,,,,,,
2026-07-14T20:00:10.657262+00:00,2026-07-14T20:00:10.650219,2,3,68.6,0.2,68.5,60,68.4,204,,,,,,,,,,,,,,,,,68.7,112,68.8,26,68.9,150,,,,,,,,,,,,,,
2026-07-14T20:00:10.678556+00:00,2026-07-14T20:00:10.676428,2,3,68.6,0.2,68.5,60,68.4,204,,,,,,,,,,,,,,,,,68.7,107,68.8,26,68.9,150,,,,,,,,,,,,,,
2026-07-14T20:00:10.689148+00:00,2026-07-14T20:00:10.686329,2,3,68.6,0.2,68.5,55,68.4,204,,,,,,,,,,,,,,,,,68.7,107,68.8,26,68.9,150,,,,,,,,,,,,,,
2026-07-14T20:00:10.710247+00:00,2026-07-14T20:00:10.702723,3,3,68.6,0.2,68.5,55,68.4,204,68.3,100,,,,,,,,,,,,,,,68.7,107,68.8,26,68.9,150,,,,,,,,,,,,,,
2026-07-14T20:00:10.763107+00:00,2026-07-14T20:00:10.758827,3,3,68.6,0.2,68.5,55,68.4,204,68.3,100,,,,,,,,,,,,,,,68.7,107,68.8,126,68.9,150,,,,,,,,,,,,,,
2026-07-14T20:00:10.838071+00:00,2026-07-14T20:00:10.836791,3,3,68.6,0.2,68.5,50,68.4,204,68.3,100,,,,,,,,,,,,,,,68.7,50,68.8,126,68.9,150,,,,,,,,,,,,,,
2026-07-14T20:00:10.848801+00:00,2026-07-14T20:00:10.842385,3,3,68.6,0.2,68.5,93,68.4,204,68.3,100,,,,,,,,,,,,,,,68.7,79,68.8,126,68.9,150,,,,,,,,,,,,,,
2026-07-14T20:00:11.040668+00:00,2026-07-14T20:00:11.037371,3,3,68.6,0.2,68.5,93,68.4,204,68.3,100,,,,,,,,,,,,,,,68.7,29,68.8,126,68.9,150,,,,,,,,,,,,,,
2026-07-14T20:00:11.115160+00:00,2026-07-14T20:00:11.109539,3,2,68.65,0.3,68.5,93,68.4,204,68.3,100,,,,,,,,,,,,,,,68.8,126,68.9,150,,,,,,,,,,,,,,,,
2026-07-14T20:00:11.222732+00:00,2026-07-14T20:00:11.219142,3,2,68.65,0.3,68.5,43,68.4,150,68.3,100,,,,,,,,,,,,,,,68.8,100,68.9,150,,,,,,,,,,,,,,,,
2026-07-14T20:00:11.233427+00:00,2026-07-14T20:00:11.232200,3,2,68.65,0.3,68.5,93,68.4,220,68.3,100,,,,,,,,,,,,,,,68.8,100,68.9,150,,,,,,,,,,,,,,,,
2026-07-14T20:00:11.244085+00:00,2026-07-14T20:00:11.242508,3,2,68.65,0.3,68.5,93,68.4,220,68.3,134,,,,,,,,,,,,,,,68.8,126,68.9,150,,,,,,,,,,,,,,,,
2026-07-14T20:00:11.382949+00:00,2026-07-14T20:00:11.372887,3,2,68.65,0.3,68.5,50,68.4,220,68.3,134,,,,,,,,,,,,,,,68.8,126,68.9,150,,,,,,,,,,,,,,,,
2026-07-14T20:00:11.404715+00:00,2026-07-14T20:00:11.404218,3,2,68.65,0.3,68.5,85,68.4,220,68.3,134,,,,,,,,,,,,,,,68.8,126,68.9,150,,,,,,,,,,,,,,,,
2026-07-14T20:00:11.415634+00:00,2026-07-14T20:00:11.407043,3,2,68.65,0.3,68.5,85,68.4,220,68.3,134,,,,,,,,,,,,,,,68.8,183,68.9,150,,,,,,,,,,,,,,,,
2026-07-14T20:00:11.639988+00:00,2026-07-14T20:00:11.630155,3,2,68.65,0.3,68.5,85,68.4,220,68.3,134,,,,,,,,,,,,,,,68.8,145,68.9,150,,,,,,,,,,,,,,,,
2026-07-14T20:00:11.672183+00:00,2026-07-14T20:00:11.670467,3,2,68.65,0.3,68.5,93,68.4,220,68.3,134,,,,,,,,,,,,,,,68.8,88,68.9,150,,,,,,,,,,,,,,,,
2026-07-14T20:00:11.704249+00:00,2026-07-14T20:00:11.703064,4,3,68.65,0.1,68.6,5,68.5,93,68.4,220,68.3,134,,,,,,,,,,,,,68.7,5,68.8,38,68.9,150,,,,,,,,,,,,,,
2026-07-14T20:00:11.747091+00:00,2026-07-14T20:00:11.740563,4,2,68.7,0.2,68.6,5,68.5,93,68.4,220,68.3,134,,,,,,,,,,,,,68.8,36,68.9,150,,,,,,,,,,,,,,,,
2026-07-14T20:00:11.854597+00:00,2026-07-14T20:00:11.850708,4,1,68.7,0.2,68.6,5,68.5,93,68.4,70,68.3,134,,,,,,,,,,,,,68.8,36,,,,,,,,,,,,,,,,,,
2026-07-14T20:00:11.897330+00:00,2026-07-14T20:00:11.888644,3,1,68.65,0.3,68.5,55,68.4,70,68.3,134,,,,,,,,,,,,,,,68.8,36,,,,,,,,,,,,,,,,,,
2026-07-14T20:00:11.908032+00:00,2026-07-14T20:00:11.904505,4,1,68.75,0.1,68.7,150,68.5,55,68.4,70,68.3,134,,,,,,,,,,,,,68.8,36,,,,,,,,,,,,,,,,,,
2026-07-14T20:00:11.929618+00:00,2026-07-14T20:00:11.926784,4,1,68.75,0.1,68.7,193,68.5,12,68.4,70,68.3,134,,,,,,,,,,,,,68.8,36,,,,,,,,,,,,,,,,,,
2026-07-14T20:00:11.961678+00:00,2026-07-14T20:00:11.961226,4,2,68.75,0.1,68.7,193,68.5,12,68.4,70,68.3,134,,,,,,,,,,,,,68.8,9,69.2,150,,,,,,,,,,,,,,,,
2026-07-14T20:00:12.153064+00:00,2026-07-14T20:00:12.151611,4,1,68.95,0.5,68.7,193,68.5,12,68.4,70,68.3,100,,,,,,,,,,,,,69.2,150,,,,,,,,,,,,,,,,,,
2026-07-14T20:00:12.163804+00:00,2026-07-14T20:00:12.162634,2,1,68.95,0.5,68.7,243,68.3,100,,,,,,,,,,,,,,,,,69.2,150,,,,,,,,,,,,,,,,,,
2026-07-14T20:00:12.174506+00:00,2026-07-14T20:00:12.173060,3,1,68.95,0.5,68.7,243,68.6,70,68.3,100,,,,,,,,,,,,,,,69.2,150,,,,,,,,,,,,,,,,,,
2026-07-14T20:00:12.185322+00:00,2026-07-14T20:00:12.178033,4,1,68.95,0.5,68.7,243,68.6,70,68.5,13,68.3,100,,,,,,,,,,,,,69.2,150,,,,,,,,,,,,,,,,,,
2026-07-14T20:00:12.196183+00:00,2026-07-14T20:00:12.190740,4,1,68.95,0.5,68.7,200,68.6,70,68.5,13,68.3,100,,,,,,,,,,,,,69.2,150,,,,,,,,,,,,,,,,,,
2026-07-14T20:00:12.206970+00:00,2026-07-14T20:00:12.199814,4,1,68.95,0.5,68.7,243,68.6,70,68.5,13,68.3,100,,,,,,,,,,,,,69.2,222,,,,,,,,,,,,,,,,,,
2026-07-14T20:00:12.475396+00:00,2026-07-14T20:00:12.471614,4,1,68.95,0.5,68.7,243,68.6,70,68.5,13,68.3,100,,,,,,,,,,,,,69.2,236,,,,,,,,,,,,,,,,,,
2026-07-14T20:00:12.710927+00:00,2026-07-14T20:00:12.710392,5,1,69.0,0.4,68.8,10,68.7,243,68.6,70,68.5,13,68.3,100,,,,,,,,,,,69.2,236,,,,,,,,,,,,,,,,,,
2026-07-14T20:00:12.721661+00:00,2026-07-14T20:00:12.713977,5,2,68.95,0.3,68.8,10,68.7,243,68.6,70,68.5,13,68.3,100,,,,,,,,,,,69.1,10,69.2,236,,,,,,,,,,,,,,,,
2026-07-14T20:00:12.743164+00:00,2026-07-14T20:00:12.740305,5,2,68.95,0.3,68.8,53,68.7,200,68.6,70,68.5,13,68.3,100,,,,,,,,,,,69.1,10,69.2,197,,,,,,,,,,,,,,,,
2026-07-14T20:00:12.753962+00:00,2026-07-14T20:00:12.743481,5,2,68.95,0.3,68.8,53,68.7,200,68.6,70,68.5,13,68.3,100,,,,,,,,,,,69.1,55,69.2,197,,,,,,,,,,,,,,,,
2026-07-14T20:00:12.956994+00:00,2026-07-14T20:00:12.955507,5,2,68.95,0.3,68.8,15,68.7,200,68.6,70,68.5,13,68.3,100,,,,,,,,,,,69.1,55,69.2,197,,,,,,,,,,,,,,,,
2026-07-14T20:00:13.010869+00:00,2026-07-14T20:00:13.007439,4,2,68.9,0.4,68.7,200,68.6,70,68.5,13,68.3,100,,,,,,,,,,,,,69.1,95,69.2,197,,,,,,,,,,,,,,,,
2026-07-14T20:00:13.117595+00:00,2026-07-14T20:00:13.115274,2,2,68.9,0.4,68.7,150,68.3,100,,,,,,,,,,,,,,,,,69.1,95,69.2,150,,,,,,,,,,,,,,,,
2026-07-14T20:00:13.128283+00:00,2026-07-14T20:00:13.123583,2,2,68.9,0.4,68.7,200,68.3,100,,,,,,,,,,,,,,,,,69.1,95,69.2,150,,,,,,,,,,,,,,,,
2026-07-14T20:00:13.139012+00:00,2026-07-14T20:00:13.128644,3,2,68.9,0.4,68.7,200,68.6,70,68.3,100,,,,,,,,,,,,,,,69.1,95,69.2,150,,,,,,,,,,,,,,,,
2026-07-14T20:00:13.149679+00:00,2026-07-14T20:00:13.147261,4,2,68.9,0.4,68.7,200,68.6,70,68.5,13,68.3,100,,,,,,,,,,,,,69.1,45,69.2,150,,,,,,,,,,,,,,,,
2026-07-14T20:00:13.160369+00:00,2026-07-14T20:00:13.157746,4,2,68.9,0.4,68.7,200,68.6,70,68.5,13,68.3,100,,,,,,,,,,,,,69.1,92,69.2,150,,,,,,,,,,,,,,,,
2026-07-14T20:00:13.289600+00:00,2026-07-14T20:00:13.287504,4,2,68.9,0.4,68.7,235,68.6,70,68.5,13,68.3,100,,,,,,,,,,,,,69.1,92,69.2,150,,,,,,,,,,,,,,,,
2026-07-14T20:00:13.466021+00:00,2026-07-14T20:00:13.456423,4,2,68.9,0.4,68.7,235,68.6,70,68.5,13,68.3,100,,,,,,,,,,,,,69.1,46,69.2,150,,,,,,,,,,,,,,,,
2026-07-14T20:00:13.562390+00:00,2026-07-14T20:00:13.560894,4,2,68.9,0.4,68.7,235,68.6,70,68.5,13,68.3,100,,,,,,,,,,,,,69.1,1,69.2,150,,,,,,,,,,,,,,,,
2026-07-14T20:00:13.573197+00:00,2026-07-14T20:00:13.569045,4,2,68.9,0.4,68.7,255,68.6,70,68.5,13,68.3,100,,,,,,,,,,,,,69.1,44,69.2,150,,,,,,,,,,,,,,,,
2026-07-14T20:00:13.722675+00:00,2026-07-14T20:00:13.719775,5,2,68.95,0.3,68.8,10,68.7,255,68.6,70,68.5,13,68.3,100,,,,,,,,,,,69.1,44,69.2,150,,,,,,,,,,,,,,,,
2026-07-14T20:00:13.733431+00:00,2026-07-14T20:00:13.723527,5,3,68.9,0.2,68.8,10,68.7,255,68.6,70,68.5,13,68.3,100,,,,,,,,,,,69.0,10,69.1,44,69.2,150,,,,,,,,,,,,,,
2026-07-14T20:00:13.819225+00:00,2026-07-14T20:00:13.816972,4,3,68.9,0.2,68.8,10,68.7,255,68.6,70,68.5,13,,,,,,,,,,,,,69.0,10,69.1,44,69.2,150,,,,,,,,,,,,,,
2026-07-14T20:00:13.840653+00:00,2026-07-14T20:00:13.838456,4,3,68.9,0.2,68.8,25,68.7,200,68.6,70,68.5,13,,,,,,,,,,,,,69.0,55,69.1,1,69.2,150,,,,,,,,,,,,,,
2026-07-14T20:00:13.872639+00:00,2026-07-14T20:00:13.869909,4,3,68.9,0.2,68.8,125,68.7,200,68.6,70,68.5,13,,,,,,,,,,,,,69.0,55,69.1,1,69.2,150,,,,,,,,,,,,,,
2026-07-14T20:00:13.926311+00:00,2026-07-14T20:00:13.923333,4,4,68.9,0.2,68.8,125,68.7,200,68.6,70,68.5,13,,,,,,,,,,,,,69.0,55,69.1,1,69.2,150,69.3,100,,,,,,,,,,,,
2026-07-14T20:00:14.074949+00:00,2026-07-14T20:00:14.071214,2,3,68.9,0.2,68.8,125,68.7,150,,,,,,,,,,,,,,,,,69.0,55,69.2,150,69.3,100,,,,,,,,,,,,,,
2026-07-14T20:00:14.085670+00:00,2026-07-14T20:00:14.085194,2,3,68.9,0.2,68.8,175,68.7,150,,,,,,,,,,,,,,,,,69.0,55,69.2,150,69.3,100,,,,,,,,,,,,,,
2026-07-14T20:00:14.107180+00:00,2026-07-14T20:00:14.106479,2,3,68.9,0.2,68.8,160,68.7,220,,,,,,,,,,,,,,,,,69.0,10,69.2,150,69.3,100,,,,,,,,,,,,,,
2026-07-14T20:00:14.117898+00:00,2026-07-14T20:00:14.111029,2,3,68.9,0.2,68.8,195,68.7,220,,,,,,,,,,,,,,,,,69.0,55,69.2,150,69.3,100,,,,,,,,,,,,,,
2026-07-14T20:00:14.128612+00:00,2026-07-14T20:00:14.126992,4,3,68.9,0.2,68.8,195,68.7,220,68.6,50,68.5,9,,,,,,,,,,,,,69.0,55,69.2,150,69.3,100,,,,,,,,,,,,,,
2026-07-14T20:00:14.139308+00:00,2026-07-14T20:00:14.132142,4,3,68.9,0.2,68.8,195,68.7,220,68.6,50,68.5,9,,,,,,,,,,,,,69.0,56,69.2,150,69.3,100,,,,,,,,,,,,,,
2026-07-14T20:00:14.375422+00:00,2026-07-14T20:00:14.373750,4,3,68.9,0.2,68.8,195,68.7,220,68.6,50,68.5,9,,,,,,,,,,,,,69.0,11,69.2,150,69.3,100,,,,,,,,,,,,,,
2026-07-14T20:00:14.386230+00:00,2026-07-14T20:00:14.381791,4,3,68.9,0.2,68.8,161,68.7,220,68.6,50,68.5,9,,,,,,,,,,,,,69.0,56,69.2,150,69.3,100,,,,,,,,,,,,,,
2026-07-14T20:00:14.653772+00:00,2026-07-14T20:00:14.649070,4,3,68.9,0.2,68.8,160,68.7,220,68.6,50,68.5,9,,,,,,,,,,,,,69.0,11,69.2,150,69.3,100,,,,,,,,,,,,,,
2026-07-14T20:00:14.664572+00:00,2026-07-14T20:00:14.654093,4,3,68.9,0.2,68.8,160,68.7,220,68.6,50,68.5,9,,,,,,,,,,,,,69.0,56,69.2,150,69.3,100,,,,,,,,,,,,,,
2026-07-14T20:00:14.739498+00:00,2026-07-14T20:00:14.730399,4,3,68.9,0.2,68.8,150,68.7,220,68.6,50,68.5,9,,,,,,,,,,,,,69.0,46,69.2,150,69.3,100,,,,,,,,,,,,,,
2026-07-14T20:00:14.921089+00:00,2026-07-14T20:00:14.918765,4,3,68.9,0.2,68.8,157,68.7,220,68.6,50,68.5,9,,,,,,,,,,,,,69.0,1,69.2,150,69.3,100,,,,,,,,,,,,,,
2026-07-14T20:00:14.931797+00:00,2026-07-14T20:00:14.922484,4,3,68.9,0.2,68.8,157,68.7,220,68.6,50,68.5,9,,,,,,,,,,,,,69.0,46,69.2,150,69.3,100,,,,,,,,,,,,,,
2026-07-14T20:00:15.028179+00:00,2026-07-14T20:00:15.019173,4,2,68.9,0.2,68.8,157,68.7,70,68.6,50,68.5,9,,,,,,,,,,,,,69.0,46,69.3,100,,,,,,,,,,,,,,,,
2026-07-14T20:00:15.049593+00:00,2026-07-14T20:00:15.044281,1,2,68.9,0.2,68.8,107,,,,,,,,,,,,,,,,,,,69.0,45,69.3,100,,,,,,,,,,,,,,,,
2026-07-14T20:00:15.060335+00:00,2026-07-14T20:00:15.059588,1,2,68.9,0.2,68.8,157,,,,,,,,,,,,,,,,,,,69.0,45,69.3,100,,,,,,,,,,,,,,,,
2026-07-14T20:00:15.071048+00:00,2026-07-14T20:00:15.069135,3,2,68.9,0.2,68.8,157,68.7,70,68.6,50,,,,,,,,,,,,,,,69.0,45,69.3,100,,,,,,,,,,,,,,,,
2026-07-14T20:00:15.081716+00:00,2026-07-14T20:00:15.073447,4,2,68.9,0.2,68.8,157,68.7,70,68.6,50,68.5,150,,,,,,,,,,,,,69.0,45,69.3,100,,,,,,,,,,,,,,,,
2026-07-14T20:00:15.092413+00:00,2026-07-14T20:00:15.087603,4,2,68.9,0.2,68.8,157,68.7,70,68.6,50,68.5,159,,,,,,,,,,,,,69.0,46,69.3,100,,,,,,,,,,,,,,,,
2026-07-14T20:00:15.135096+00:00,2026-07-14T20:00:15.126942,4,2,68.9,0.2,68.8,157,68.7,70,68.6,50,68.5,159,,,,,,,,,,,,,69.0,196,69.3,100,,,,,,,,,,,,,,,,
2026-07-14T20:00:15.199655+00:00,2026-07-14T20:00:15.196709,4,2,68.9,0.2,68.8,150,68.7,70,68.6,50,68.5,159,,,,,,,,,,,,,69.0,196,69.3,100,,,,,,,,,,,,,,,,
2026-07-14T20:00:15.328056+00:00,2026-07-14T20:00:15.320586,4,2,68.9,0.2,68.8,100,68.7,70,68.6,50,68.5,159,,,,,,,,,,,,,69.0,196,69.3,100,,,,,,,,,,,,,,,,
2026-07-14T20:00:16.006538+00:00,2026-07-14T20:00:16.005187,2,2,68.9,0.2,68.8,50,68.5,150,,,,,,,,,,,,,,,,,69.0,195,69.3,100,,,,,,,,,,,,,,,,
2026-07-14T20:00:16.017618+00:00,2026-07-14T20:00:16.015980,2,2,68.9,0.2,68.8,100,68.5,150,,,,,,,,,,,,,,,,,69.0,195,69.3,100,,,,,,,,,,,,,,,,
2026-07-14T20:00:16.028688+00:00,2026-07-14T20:00:16.021673,3,2,68.9,0.2,68.8,100,68.7,70,68.5,150,,,,,,,,,,,,,,,69.0,195,69.3,100,,,,,,,,,,,,,,,,
2026-07-14T20:00:16.050860+00:00,2026-07-14T20:00:16.043197,4,2,68.9,0.2,68.8,100,68.7,70,68.6,50,68.5,150,,,,,,,,,,,,,69.0,195,69.3,100,,,,,,,,,,,,,,,,
2026-07-14T20:00:16.061991+00:00,2026-07-14T20:00:16.056623,4,2,68.9,0.2,68.8,100,68.7,70,68.6,50,68.5,159,,,,,,,,,,,,,69.0,196,69.3,100,,,,,,,,,,,,,,,,
2026-07-14T20:00:16.236146+00:00,2026-07-14T20:00:16.226675,4,2,68.9,0.2,68.8,100,68.7,70,68.6,50,68.5,159,,,,,,,,,,,,,69.0,151,69.3,100,,,,,,,,,,,,,,,,
2026-07-14T20:00:16.269617+00:00,2026-07-14T20:00:16.262078,4,2,68.9,0.2,68.8,135,68.7,70,68.6,50,68.5,159,,,,,,,,,,,,,69.0,196,69.3,100,,,,,,,,,,,,,,,,
2026-07-14T20:00:16.530620+00:00,2026-07-14T20:00:16.529557,4,2,68.9,0.2,68.8,100,68.7,70,68.6,50,68.5,159,,,,,,,,,,,,,69.0,151,69.3,100,,,,,,,,,,,,,,,,
2026-07-14T20:00:16.541629+00:00,2026-07-14T20:00:16.535855,4,2,68.9,0.2,68.8,141,68.7,70,68.6,50,68.5,159,,,,,,,,,,,,,69.0,196,69.3,100,,,,,,,,,,,,,,,,
2026-07-14T20:00:16.563720+00:00,2026-07-14T20:00:16.553156,4,2,68.9,0.2,68.8,92,68.7,70,68.6,50,68.5,159,,,,,,,,,,,,,69.0,196,69.3,100,,,,,,,,,,,,,,,,
2026-07-14T20:00:16.823617+00:00,2026-07-14T20:00:16.820730,4,2,68.9,0.2,68.8,84,68.7,70,68.6,50,68.5,159,,,,,,,,,,,,,69.0,151,69.3,100,,,,,,,,,,,,,,,,
2026-07-14T20:00:16.834694+00:00,2026-07-14T20:00:16.824505,4,2,68.9,0.2,68.8,84,68.7,70,68.6,50,68.5,159,,,,,,,,,,,,,69.0,196,69.3,100,,,,,,,,,,,,,,,,
2026-07-14T20:00:16.965717+00:00,2026-07-14T20:00:16.965109,4,2,68.9,0.2,68.8,84,68.7,70,68.6,50,68.5,159,,,,,,,,,,,,,69.0,195,69.3,100,,,,,,,,,,,,,,,,
2026-07-14T20:00:16.976655+00:00,2026-07-14T20:00:16.970961,2,2,68.9,0.2,68.8,34,68.5,150,,,,,,,,,,,,,,,,,69.0,195,69.3,100,,,,,,,,,,,,,,,,
2026-07-14T20:00:16.987635+00:00,2026-07-14T20:00:16.977840,2,1,68.9,0.2,68.8,33,68.5,150,,,,,,,,,,,,,,,,,69.0,195,,,,,,,,,,,,,,,,,,
2026-07-14T20:00:16.998671+00:00,2026-07-14T20:00:16.992845,3,1,68.9,0.2,68.8,83,68.7,70,68.5,150,,,,,,,,,,,,,,,69.0,195,,,,,,,,,,,,,,,,,,
2026-07-14T20:00:17.009645+00:00,2026-07-14T20:00:17.008435,4,1,68.9,0.2,68.8,83,68.7,70,68.6,50,68.5,159,,,,,,,,,,,,,69.0,196,,,,,,,,,,,,,,,,,,
2026-07-14T20:00:17.031437+00:00,2026-07-14T20:00:17.030837,4,1,68.9,0.2,68.8,83,68.7,70,68.6,150,68.5,159,,,,,,,,,,,,,69.0,196,,,,,,,,,,,,,,,,,,
2026-07-14T20:00:17.085311+00:00,2026-07-14T20:00:17.083073,4,2,68.9,0.2,68.8,83,68.7,70,68.6,150,68.5,159,,,,,,,,,,,,,69.0,196,69.1,100,,,,,,,,,,,,,,,,
2026-07-14T20:00:17.096290+00:00,2026-07-14T20:00:17.094418,4,2,68.9,0.2,68.8,69,68.7,70,68.6,150,68.5,159,,,,,,,,,,,,,69.0,151,69.1,100,,,,,,,,,,,,,,,,
2026-07-14T20:00:17.107267+00:00,2026-07-14T20:00:17.097145,4,2,68.9,0.2,68.8,69,68.7,70,68.6,150,68.5,159,,,,,,,,,,,,,69.0,196,69.1,100,,,,,,,,,,,,,,,,
2026-07-14T20:00:17.439756+00:00,2026-07-14T20:00:17.430140,4,2,68.9,0.2,68.8,19,68.7,70,68.6,150,68.5,159,,,,,,,,,,,,,69.0,196,69.1,100,,,,,,,,,,,,,,,,
2026-07-14T20:00:17.625729+00:00,2026-07-14T20:00:17.622334,4,2,68.9,0.2,68.8,5,68.7,70,68.6,150,68.5,159,,,,,,,,,,,,,69.0,196,69.1,100,,,,,,,,,,,,,,,,
2026-07-14T20:00:17.896461+00:00,2026-07-14T20:00:17.891801,4,2,68.9,0.2,68.8,1,68.7,70,68.6,150,68.5,159,,,,,,,,,,,,,69.0,196,69.1,100,,,,,,,,,,,,,,,,
2026-07-14T20:00:17.929221+00:00,2026-07-14T20:00:17.922490,3,2,68.9,0.2,68.8,1,68.6,100,68.5,150,,,,,,,,,,,,,,,69.0,195,69.1,100,,,,,,,,,,,,,,,,
2026-07-14T20:00:17.940206+00:00,2026-07-14T20:00:17.936461,3,2,68.9,0.2,68.8,51,68.6,100,68.5,150,,,,,,,,,,,,,,,69.0,195,69.1,100,,,,,,,,,,,,,,,,
2026-07-14T20:00:17.951152+00:00,2026-07-14T20:00:17.948459,4,2,68.9,0.2,68.8,51,68.7,70,68.6,109,68.5,150,,,,,,,,,,,,,69.0,195,69.1,100,,,,,,,,,,,,,,,,
2026-07-14T20:00:17.962101+00:00,2026-07-14T20:00:17.957336,4,2,68.9,0.2,68.8,51,68.7,70,68.6,109,68.5,150,,,,,,,,,,,,,69.0,245,69.1,100,,,,,,,,,,,,,,,,
2026-07-14T20:00:17.973093+00:00,2026-07-14T20:00:17.963195,4,2,68.9,0.2,68.8,51,68.7,70,68.6,109,68.5,150,,,,,,,,,,,,,69.0,245,69.1,101,,,,,,,,,,,,,,,,
2026-07-14T20:00:18.158360+00:00,2026-07-14T20:00:18.155267,4,2,68.9,0.2,68.8,50,68.7,70,68.6,109,68.5,150,,,,,,,,,,,,,69.0,200,69.1,101,,,,,,,,,,,,,,,,
2026-07-14T20:00:18.169462+00:00,2026-07-14T20:00:18.158876,4,2,68.9,0.2,68.8,50,68.7,70,68.6,109,68.5,150,,,,,,,,,,,,,69.0,245,69.1,101,,,,,,,,,,,,,,,,
2026-07-14T20:00:18.191141+00:00,2026-07-14T20:00:18.183680,3,2,68.9,0.2,68.8,50,68.7,70,68.6,109,,,,,,,,,,,,,,,69.0,95,69.1,101,,,,,,,,,,,,,,,,
2026-07-14T20:00:18.245568+00:00,2026-07-14T20:00:18.240627,4,2,68.9,0.2,68.8,50,68.7,70,68.6,109,68.5,150,,,,,,,,,,,,,69.0,95,69.1,101,,,,,,,,,,,,,,,,
2026-07-14T20:00:18.299449+00:00,2026-07-14T20:00:18.294451,4,2,68.9,0.2,68.8,50,68.7,70,68.6,109,68.5,150,,,,,,,,,,,,,69.0,245,69.1,101,,,,,,,,,,,,,,,,
2026-07-14T20:00:18.880632+00:00,2026-07-14T20:00:18.876289,2,2,68.8,0.4,68.6,100,68.5,150,,,,,,,,,,,,,,,,,69.0,195,69.1,100,,,,,,,,,,,,,,,,
2026-07-14T20:00:18.891625+00:00,2026-07-14T20:00:18.886564,2,2,68.8,0.4,68.6,150,68.5,150,,,,,,,,,,,,,,,,,69.0,195,69.1,100,,,,,,,,,,,,,,,,
2026-07-14T20:00:18.902674+00:00,2026-07-14T20:00:18.897520,3,2,68.8,0.4,68.6,150,68.5,220,68.4,9,,,,,,,,,,,,,,,69.0,195,69.1,100,,,,,,,,,,,,,,,,
2026-07-14T20:00:18.913673+00:00,2026-07-14T20:00:18.909194,3,2,68.8,0.4,68.6,150,68.5,220,68.4,9,,,,,,,,,,,,,,,69.0,245,69.1,101,,,,,,,,,,,,,,,,
2026-07-14T20:00:18.924640+00:00,2026-07-14T20:00:18.922803,3,2,68.8,0.4,68.6,165,68.5,220,68.4,9,,,,,,,,,,,,,,,69.0,245,69.1,101,,,,,,,,,,,,,,,,
2026-07-14T20:00:19.194290+00:00,2026-07-14T20:00:19.191429,3,2,68.8,0.4,68.6,169,68.5,220,68.4,9,,,,,,,,,,,,,,,69.0,245,69.1,101,,,,,,,,,,,,,,,,
2026-07-14T20:00:19.467716+00:00,2026-07-14T20:00:19.463364,3,2,68.8,0.4,68.6,155,68.5,220,68.4,9,,,,,,,,,,,,,,,69.0,245,69.1,101,,,,,,,,,,,,,,,,
2026-07-14T20:00:19.542975+00:00,2026-07-14T20:00:19.538887,3,2,68.8,0.4,68.6,105,68.5,220,68.4,9,,,,,,,,,,,,,,,69.0,245,69.1,101,,,,,,,,,,,,,,,,
2026-07-14T20:00:19.726065+00:00,2026-07-14T20:00:19.725028,3,2,68.8,0.4,68.6,100,68.5,220,68.4,9,,,,,,,,,,,,,,,69.0,245,69.1,101,,,,,,,,,,,,,,,,
2026-07-14T20:00:19.747635+00:00,2026-07-14T20:00:19.745906,4,2,68.85,0.3,68.7,5,68.6,100,68.5,220,68.4,9,,,,,,,,,,,,,69.0,245,69.1,101,,,,,,,,,,,,,,,,
2026-07-14T20:00:19.758493+00:00,2026-07-14T20:00:19.748746,4,3,68.8,0.2,68.7,5,68.6,100,68.5,220,68.4,9,,,,,,,,,,,,,68.9,5,69.0,245,69.1,101,,,,,,,,,,,,,,
2026-07-14T20:00:19.822504+00:00,2026-07-14T20:00:19.820737,3,3,68.8,0.2,68.7,5,68.6,100,68.5,220,,,,,,,,,,,,,,,68.9,5,69.0,195,69.1,100,,,,,,,,,,,,,,
2026-07-14T20:00:19.833268+00:00,2026-07-14T20:00:19.832635,3,3,68.8,0.2,68.7,55,68.6,50,68.5,150,,,,,,,,,,,,,,,68.9,5,69.0,195,69.1,100,,,,,,,,,,,,,,
2026-07-14T20:00:19.843899+00:00,2026-07-14T20:00:19.837837,3,3,68.8,0.2,68.7,55,68.6,120,68.5,150,,,,,,,,,,,,,,,68.9,5,69.0,195,69.1,100,,,,,,,,,,,,,,
2026-07-14T20:00:19.876307+00:00,2026-07-14T20:00:19.869444,3,3,68.8,0.2,68.7,55,68.6,120,68.5,159,,,,,,,,,,,,,,,68.9,5,69.0,195,69.1,100,,,,,,,,,,,,,,
2026-07-14T20:00:19.887205+00:00,2026-07-14T20:00:19.882514,3,3,68.8,0.2,68.7,55,68.6,120,68.5,159,,,,,,,,,,,,,,,68.9,55,69.0,195,69.1,100,,,,,,,,,,,,,,
2026-07-14T20:00:19.908903+00:00,2026-07-14T20:00:19.898403,3,3,68.8,0.2,68.7,55,68.6,120,68.5,159,,,,,,,,,,,,,,,68.9,55,69.0,196,69.1,100,,,,,,,,,,,,,,
2026-07-14T20:00:19.983865+00:00,2026-07-14T20:00:19.982393,3,3,68.8,0.2,68.7,55,68.6,120,68.5,159,,,,,,,,,,,,,,,68.9,55,69.0,151,69.1,100,,,,,,,,,,,,,,
2026-07-14T20:00:19.994687+00:00,2026-07-14T20:00:19.987889,3,3,68.8,0.2,68.7,110,68.6,120,68.5,159,,,,,,,,,,,,,,,68.9,60,69.0,151,69.1,100,,,,,,,,,,,,,,
2026-07-14T20:00:20.143687+00:00,2026-07-14T20:00:20.138774,3,2,68.8,0.2,68.7,110,68.6,70,68.5,159,,,,,,,,,,,,,,,68.9,60,69.0,151,,,,,,,,,,,,,,,,
2026-07-14T20:00:20.197277+00:00,2026-07-14T20:00:20.192678,3,2,68.8,0.2,68.7,110,68.6,70,68.5,259,,,,,,,,,,,,,,,68.9,60,69.0,151,,,,,,,,,,,,,,,,
2026-07-14T20:00:20.250748+00:00,2026-07-14T20:00:20.247882,3,2,68.8,0.2,68.7,110,68.6,70,68.5,259,,,,,,,,,,,,,,,68.9,55,69.0,251,,,,,,,,,,,,,,,,
2026-07-14T20:00:20.336627+00:00,2026-07-14T20:00:20.334032,3,2,68.8,0.2,68.7,110,68.6,70,68.5,259,,,,,,,,,,,,,,,68.9,53,69.0,251,,,,,,,,,,,,,,,,
2026-07-14T20:00:20.766629+00:00,2026-07-14T20:00:20.764668,3,2,68.8,0.2,68.7,105,68.6,70,68.5,259,,,,,,,,,,,,,,,68.9,48,69.0,251,,,,,,,,,,,,,,,,
2026-07-14T20:00:20.820370+00:00,2026-07-14T20:00:20.818591,3,1,68.85,0.3,68.7,105,68.6,70,68.5,250,,,,,,,,,,,,,,,69.0,250,,,,,,,,,,,,,,,,,,
2026-07-14T20:00:20.831151+00:00,2026-07-14T20:00:20.821307,2,1,68.85,0.3,68.7,55,68.5,250,,,,,,,,,,,,,,,,,69.0,250,,,,,,,,,,,,,,,,,,
2026-07-14T20:00:20.841953+00:00,2026-07-14T20:00:20.837852,3,1,68.85,0.3,68.7,105,68.6,70,68.5,250,,,,,,,,,,,,,,,69.0,250,,,,,,,,,,,,,,,,,,
2026-07-14T20:00:20.852719+00:00,2026-07-14T20:00:20.848092,3,1,68.85,0.3,68.7,105,68.6,70,68.5,261,,,,,,,,,,,,,,,69.0,299,,,,,,,,,,,,,,,,,,
2026-07-14T20:00:21.013243+00:00,2026-07-14T20:00:21.011607,3,1,68.85,0.3,68.7,105,68.6,70,68.5,261,,,,,,,,,,,,,,,69.0,299,,,,,,,,,,,,,,,,,,
2026-07-14T20:00:21.024047+00:00,2026-07-14T20:00:21.014545,3,1,68.85,0.3,68.7,105,68.6,70,68.5,261,,,,,,,,,,,,,,,69.0,330,,,,,,,,,,,,,,,,,,
2026-07-14T20:00:21.359338+00:00,2026-07-14T20:00:21.349783,3,1,68.85,0.3,68.7,105,68.6,70,68.5,111,,,,,,,,,,,,,,,69.0,180,,,,,,,,,,,,,,,,,,
2026-07-14T20:00:21.413963+00:00,2026-07-14T20:00:21.403870,3,1,68.85,0.3,68.7,255,68.6,70,68.5,111,,,,,,,,,,,,,,,69.0,180,,,,,,,,,,,,,,,,,,
2026-07-14T20:00:21.467413+00:00,2026-07-14T20:00:21.458132,3,2,68.85,0.3,68.7,255,68.6,70,68.5,111,,,,,,,,,,,,,,,69.0,180,69.2,150,,,,,,,,,,,,,,,,
2026-07-14T20:00:21.520759+00:00,2026-07-14T20:00:21.519467,3,2,68.85,0.3,68.7,200,68.6,70,68.5,111,,,,,,,,,,,,,,,69.0,149,69.2,150,,,,,,,,,,,,,,,,
2026-07-14T20:00:21.531531+00:00,2026-07-14T20:00:21.525811,3,2,68.85,0.3,68.7,255,68.6,70,68.5,111,,,,,,,,,,,,,,,69.0,149,69.2,150,,,,,,,,,,,,,,,,
2026-07-14T20:00:21.755885+00:00,2026-07-14T20:00:21.755255,3,2,68.85,0.3,68.7,255,68.6,70,68.5,111,,,,,,,,,,,,,,,69.0,100,69.2,150,,,,,,,,,,,,,,,,
2026-07-14T20:00:21.766666+00:00,2026-07-14T20:00:21.759811,2,2,68.85,0.3,68.7,205,68.5,100,,,,,,,,,,,,,,,,,69.0,100,69.2,150,,,,,,,,,,,,,,,,
2026-07-14T20:00:21.777347+00:00,2026-07-14T20:00:21.773418,3,3,68.85,0.1,68.8,5,68.7,255,68.5,100,,,,,,,,,,,,,,,68.9,5,69.0,100,69.2,150,,,,,,,,,,,,,,
2026-07-14T20:00:21.788038+00:00,2026-07-14T20:00:21.782837,4,3,68.85,0.1,68.8,60,68.7,200,68.6,70,68.5,100,,,,,,,,,,,,,68.9,5,69.0,100,69.2,150,,,,,,,,,,,,,,
2026-07-14T20:00:21.798765+00:00,2026-07-14T20:00:21.795640,4,3,68.85,0.1,68.8,60,68.7,200,68.6,70,68.5,111,,,,,,,,,,,,,68.9,6,69.0,100,69.2,150,,,,,,,,,,,,,,
2026-07-14T20:00:21.809455+00:00,2026-07-14T20:00:21.801146,4,3,68.85,0.1,68.8,60,68.7,200,68.6,70,68.5,111,,,,,,,,,,,,,68.9,6,69.0,149,69.2,150,,,,,,,,,,,,,,
2026-07-14T20:00:22.044784+00:00,2026-07-14T20:00:22.043551,4,3,68.85,0.1,68.8,60,68.7,200,68.6,70,68.5,111,,,,,,,,,,,,,68.9,5,69.0,149,69.2,150,,,,,,,,,,,,,,
2026-07-14T20:00:22.055526+00:00,2026-07-14T20:00:22.049198,4,3,68.85,0.1,68.8,60,68.7,200,68.6,70,68.5,111,,,,,,,,,,,,,68.9,5,69.0,149,69.2,150,,,,,,,,,,,,,,
2026-07-14T20:00:22.130946+00:00,2026-07-14T20:00:22.128472,4,3,68.85,0.1,68.8,15,68.7,200,68.6,70,68.5,111,,,,,,,,,,,,,68.9,5,69.0,149,69.2,150,,,,,,,,,,,,,,
2026-07-14T20:00:22.324145+00:00,2026-07-14T20:00:22.321999,3,3,68.8,0.2,68.7,200,68.6,70,68.5,111,,,,,,,,,,,,,,,68.9,5,69.0,149,69.2,150,,,,,,,,,,,,,,
2026-07-14T20:00:22.335226+00:00,2026-07-14T20:00:22.327829,4,3,68.85,0.1,68.8,13,68.7,200,68.6,70,68.5,111,,,,,,,,,,,,,68.9,5,69.0,149,69.2,150,,,,,,,,,,,,,,
2026-07-14T20:00:22.346302+00:00,2026-07-14T20:00:22.335621,4,3,68.85,0.1,68.8,13,68.7,200,68.6,70,68.5,111,,,,,,,,,,,,,68.9,90,69.0,149,69.2,150,,,,,,,,,,,,,,
2026-07-14T20:00:22.596452+00:00,2026-07-14T20:00:22.595656,3,3,68.8,0.2,68.7,200,68.6,70,68.5,111,,,,,,,,,,,,,,,68.9,5,69.0,149,69.2,150,,,,,,,,,,,,,,
2026-07-14T20:00:22.607482+00:00,2026-07-14T20:00:22.598453,3,3,68.8,0.2,68.7,200,68.6,70,68.5,111,,,,,,,,,,,,,,,68.9,90,69.0,149,69.2,150,,,,,,,,,,,,,,
2026-07-14T20:00:22.672076+00:00,2026-07-14T20:00:22.663261,3,3,68.8,0.2,68.7,200,68.6,70,68.5,111,,,,,,,,,,,,,,,68.9,48,69.0,149,69.2,150,,,,,,,,,,,,,,
2026-07-14T20:00:22.715783+00:00,2026-07-14T20:00:22.712711,2,3,68.8,0.2,68.7,150,68.5,100,,,,,,,,,,,,,,,,,68.9,48,69.0,100,69.2,150,,,,,,,,,,,,,,
2026-07-14T20:00:22.726840+00:00,2026-07-14T20:00:22.723181,2,3,68.8,0.2,68.7,200,68.5,100,,,,,,,,,,,,,,,,,68.9,48,69.0,100,69.2,150,,,,,,,,,,,,,,
2026-07-14T20:00:22.737860+00:00,2026-07-14T20:00:22.733401,3,3,68.8,0.2,68.7,200,68.6,70,68.5,111,,,,,,,,,,,,,,,68.9,48,69.0,100,69.2,150,,,,,,,,,,,,,,
2026-07-14T20:00:22.748910+00:00,2026-07-14T20:00:22.738396,3,3,68.8,0.2,68.7,200,68.6,70,68.5,111,,,,,,,,,,,,,,,68.9,97,69.0,100,69.2,150,,,,,,,,,,,,,,
2026-07-14T20:00:22.867130+00:00,2026-07-14T20:00:22.864071,3,3,68.8,0.2,68.7,252,68.6,70,68.5,111,,,,,,,,,,,,,,,68.9,75,69.0,100,69.2,150,,,,,,,,,,,,,,
2026-07-14T20:00:23.125845+00:00,2026-07-14T20:00:23.123960,3,3,68.8,0.2,68.7,252,68.6,70,68.5,111,,,,,,,,,,,,,,,68.9,49,69.0,100,69.2,150,,,,,,,,,,,,,,
2026-07-14T20:00:23.136854+00:00,2026-07-14T20:00:23.127036,3,3,68.8,0.2,68.7,252,68.6,70,68.5,111,,,,,,,,,,,,,,,68.9,65,69.0,100,69.2,150,,,,,,,,,,,,,,
2026-07-14T20:00:23.190509+00:00,2026-07-14T20:00:23.185689,3,3,68.8,0.2,68.7,252,68.6,70,68.5,111,,,,,,,,,,,,,,,68.9,19,69.0,100,69.2,150,,,,,,,,,,,,,,
2026-07-14T20:00:23.245145+00:00,2026-07-14T20:00:23.240653,3,3,68.8,0.2,68.7,208,68.6,70,68.5,111,,,,,,,,,,,,,,,68.9,19,69.0,100,69.2,150,,,,,,,,,,,,,,
2026-07-14T20:00:23.312534+00:00,2026-07-14T20:00:23.302104,3,2,68.8,0.2,68.7,208,68.6,70,68.5,11,,,,,,,,,,,,,,,68.9,19,69.2,150,,,,,,,,,,,,,,,,
2026-07-14T20:00:23.356674+00:00,2026-07-14T20:00:23.354993,4,2,68.8,0.2,68.7,208,68.6,70,68.5,11,68.4,100,,,,,,,,,,,,,68.9,19,69.2,150,,,,,,,,,,,,,,,,
2026-07-14T20:00:23.389690+00:00,2026-07-14T20:00:23.386903,4,2,68.8,0.2,68.7,208,68.6,70,68.5,11,68.4,100,,,,,,,,,,,,,68.9,3,69.2,150,,,,,,,,,,,,,,,,
2026-07-14T20:00:23.411963+00:00,2026-07-14T20:00:23.407729,4,2,68.8,0.2,68.7,208,68.6,70,68.5,11,68.4,100,,,,,,,,,,,,,68.9,103,69.2,150,,,,,,,,,,,,,,,,
2026-07-14T20:00:23.657008+00:00,2026-07-14T20:00:23.655489,4,2,68.8,0.2,68.7,164,68.6,70,68.5,11,68.4,100,,,,,,,,,,,,,68.9,103,69.2,150,,,,,,,,,,,,,,,,
2026-07-14T20:00:23.668144+00:00,2026-07-14T20:00:23.666650,3,2,68.8,0.2,68.7,164,68.6,70,68.4,100,,,,,,,,,,,,,,,68.9,148,69.2,150,,,,,,,,,,,,,,,,
2026-07-14T20:00:23.679182+00:00,2026-07-14T20:00:23.677541,2,2,68.8,0.2,68.7,164,68.4,100,,,,,,,,,,,,,,,,,68.9,148,69.2,150,,,,,,,,,,,,,,,,
2026-07-14T20:00:23.690197+00:00,2026-07-14T20:00:23.687463,4,2,68.8,0.2,68.7,164,68.6,70,68.5,50,68.4,100,,,,,,,,,,,,,68.9,148,69.2,150,,,,,,,,,,,,,,,,
2026-07-14T20:00:23.701250+00:00,2026-07-14T20:00:23.697735,4,2,68.8,0.2,68.7,164,68.6,70,68.5,50,68.4,107,,,,,,,,,,,,,68.9,151,69.2,150,,,,,,,,,,,,,,,,
2026-07-14T20:00:23.755259+00:00,2026-07-14T20:00:23.750366,4,2,68.8,0.2,68.7,114,68.6,70,68.5,50,68.4,107,,,,,,,,,,,,,68.9,151,69.2,150,,,,,,,,,,,,,,,,
2026-07-14T20:00:23.928215+00:00,2026-07-14T20:00:23.923260,4,2,68.8,0.2,68.7,106,68.6,70,68.5,50,68.4,107,,,,,,,,,,,,,68.9,151,69.2,150,,,,,,,,,,,,,,,,
2026-07-14T20:00:24.521241+00:00,2026-07-14T20:00:24.513594,4,1,68.8,0.2,68.7,50,68.6,70,68.5,50,68.4,107,,,,,,,,,,,,,68.9,151,,,,,,,,,,,,,,,,,,
2026-07-14T20:00:24.576205+00:00,2026-07-14T20:00:24.566499,5,1,68.8,0.2,68.7,50,68.6,70,68.5,50,68.4,107,68.0,150,,,,,,,,,,,68.9,151,,,,,,,,,,,,,,,,,,
2026-07-14T20:00:24.619618+00:00,2026-07-14T20:00:24.618820,2,1,68.65,0.5,68.4,100,68.0,150,,,,,,,,,,,,,,,,,68.9,148,,,,,,,,,,,,,,,,,,
2026-07-14T20:00:24.630748+00:00,2026-07-14T20:00:24.621971,2,2,68.45,0.1,68.4,100,68.0,150,,,,,,,,,,,,,,,,,68.5,150,68.9,148,,,,,,,,,,,,,,,,
2026-07-14T20:00:24.652898+00:00,2026-07-14T20:00:24.647564,2,2,68.45,0.1,68.4,100,68.0,150,,,,,,,,,,,,,,,,,68.5,130,68.9,148,,,,,,,,,,,,,,,,
2026-07-14T20:00:24.663984+00:00,2026-07-14T20:00:24.656238,2,2,68.45,0.1,68.4,100,68.0,150,,,,,,,,,,,,,,,,,68.5,105,68.9,148,,,,,,,,,,,,,,,,
2026-07-14T20:00:24.731019+00:00,2026-07-14T20:00:24.728953,2,2,68.45,0.1,68.4,100,68.0,150,,,,,,,,,,,,,,,,,68.5,67,68.9,100,,,,,,,,,,,,,,,,
2026-07-14T20:00:24.753304+00:00,2026-07-14T20:00:24.750015,2,2,68.45,0.1,68.4,152,68.0,150,,,,,,,,,,,,,,,,,68.5,67,68.9,100,,,,,,,,,,,,,,,,
2026-07-14T20:00:24.873874+00:00,2026-07-14T20:00:24.866100,2,2,68.45,0.1,68.4,152,68.0,150,,,,,,,,,,,,,,,,,68.5,42,68.9,100,,,,,,,,,,,,,,,,
2026-07-14T20:00:25.080385+00:00,2026-07-14T20:00:25.076384,2,2,68.45,0.1,68.4,152,68.0,150,,,,,,,,,,,,,,,,,68.5,17,68.9,100,,,,,,,,,,,,,,,,
2026-07-14T20:00:25.295971+00:00,2026-07-14T20:00:25.288267,2,1,68.65,0.5,68.4,152,68.0,150,,,,,,,,,,,,,,,,,68.9,100,,,,,,,,,,,,,,,,,,
2026-07-14T20:00:25.512588+00:00,2026-07-14T20:00:25.510508,2,1,68.65,0.5,68.4,152,68.0,150,,,,,,,,,,,,,,,,,68.9,100,,,,,,,,,,,,,,,,,,
2026-07-14T20:00:25.523357+00:00,2026-07-14T20:00:25.513257,2,1,68.65,0.5,68.4,152,68.0,150,,,,,,,,,,,,,,,,,68.9,130,,,,,,,,,,,,,,,,,,
2026-07-14T20:00:25.576798+00:00,2026-07-14T20:00:25.572678,2,1,68.65,0.5,68.4,202,68.0,150,,,,,,,,,,,,,,,,,68.9,130,,,,,,,,,,,,,,,,,,
2026-07-14T20:00:25.587442+00:00,2026-07-14T20:00:25.586081,4,1,68.65,0.5,68.4,202,68.3,70,68.2,40,68.0,150,,,,,,,,,,,,,68.9,130,,,,,,,,,,,,,,,,,,
2026-07-14T20:00:25.598077+00:00,2026-07-14T20:00:25.591359,4,1,68.65,0.5,68.4,202,68.3,70,68.2,40,68.0,150,,,,,,,,,,,,,68.9,150,,,,,,,,,,,,,,,,,,
2026-07-14T20:00:25.768817+00:00,2026-07-14T20:00:25.768003,4,1,68.65,0.5,68.4,150,68.3,70,68.2,40,68.0,150,,,,,,,,,,,,,68.9,120,,,,,,,,,,,,,,,,,,
2026-07-14T20:00:25.779597+00:00,2026-07-14T20:00:25.773736,4,1,68.65,0.5,68.4,202,68.3,70,68.2,40,68.0,150,,,,,,,,,,,,,68.9,156,,,,,,,,,,,,,,,,,,
2026-07-14T20:00:25.800904+00:00,2026-07-14T20:00:25.794298,5,2,68.65,0.3,68.5,10,68.4,202,68.3,70,68.2,40,68.0,150,,,,,,,,,,,68.8,10,68.9,156,,,,,,,,,,,,,,,,
2026-07-14T20:00:25.865156+00:00,2026-07-14T20:00:25.861271,4,2,68.6,0.4,68.4,162,68.3,70,68.2,40,68.0,150,,,,,,,,,,,,,68.8,10,68.9,156,,,,,,,,,,,,,,,,
2026-07-14T20:00:26.037231+00:00,2026-07-14T20:00:26.035431,4,2,68.6,0.4,68.4,162,68.3,70,68.2,40,68.0,150,,,,,,,,,,,,,68.8,10,68.9,120,,,,,,,,,,,,,,,,
2026-07-14T20:00:26.197888+00:00,2026-07-14T20:00:26.196803,4,1,68.65,0.5,68.4,162,68.3,70,68.2,40,68.0,150,,,,,,,,,,,,,68.9,89,,,,,,,,,,,,,,,,,,
2026-07-14T20:00:26.304859+00:00,2026-07-14T20:00:26.298926,4,1,68.65,0.5,68.4,162,68.3,70,68.2,40,68.0,150,,,,,,,,,,,,,68.9,89,,,,,,,,,,,,,,,,,,
2026-07-14T20:00:26.465478+00:00,2026-07-14T20:00:26.463968,4,1,68.65,0.5,68.4,102,68.3,70,68.2,40,68.0,150,,,,,,,,,,,,,68.9,20,,,,,,,,,,,,,,,,,,
2026-07-14T20:00:26.529990+00:00,2026-07-14T20:00:26.524300,4,1,68.65,0.5,68.4,102,68.3,170,68.2,40,68.0,150,,,,,,,,,,,,,68.9,20,,,,,,,,,,,,,,,,,,
2026-07-14T20:00:26.540711+00:00,2026-07-14T20:00:26.539146,3,0,,,68.4,102,68.3,100,68.0,150,,,,,,,,,,,,,,,,,,,,,,,,,,,,,,,,,,
2026-07-14T20:00:26.551373+00:00,2026-07-14T20:00:26.540977,3,0,,,68.4,52,68.3,100,68.0,150,,,,,,,,,,,,,,,,,,,,,,,,,,,,,,,,,,
2026-07-14T20:00:26.583158+00:00,2026-07-14T20:00:26.577002,3,1,68.6,0.4,68.4,52,68.3,100,68.0,150,,,,,,,,,,,,,,,68.8,100,,,,,,,,,,,,,,,,,,
2026-07-14T20:00:26.807131+00:00,2026-07-14T20:00:26.802798,4,2,68.6,0.2,68.5,5,68.4,52,68.3,100,68.0,150,,,,,,,,,,,,,68.7,5,68.8,100,,,,,,,,,,,,,,,,
2026-07-14T20:00:26.817834+00:00,2026-07-14T20:00:26.815502,3,2,68.6,0.2,68.5,57,68.3,100,68.0,150,,,,,,,,,,,,,,,68.7,5,68.8,148,,,,,,,,,,,,,,,,
2026-07-14T20:00:27.084718+00:00,2026-07-14T20:00:27.081030,3,2,68.6,0.2,68.5,57,68.3,100,68.0,150,,,,,,,,,,,,,,,68.7,5,68.8,100,,,,,,,,,,,,,,,,
2026-07-14T20:00:27.191573+00:00,2026-07-14T20:00:27.185504,3,1,68.65,0.3,68.5,57,68.3,100,68.0,150,,,,,,,,,,,,,,,68.8,64,,,,,,,,,,,,,,,,,,
2026-07-14T20:00:27.341240+00:00,2026-07-14T20:00:27.340394,3,1,68.65,0.3,68.5,5,68.3,100,68.0,150,,,,,,,,,,,,,,,68.8,64,,,,,,,,,,,,,,,,,,
2026-07-14T20:00:27.351994+00:00,2026-07-14T20:00:27.345725,3,1,68.65,0.3,68.5,57,68.3,100,68.0,150,,,,,,,,,,,,,,,68.8,88,,,,,,,,,,,,,,,,,,
2026-07-14T20:00:27.373413+00:00,2026-07-14T20:00:27.365476,3,1,68.65,0.3,68.5,57,68.3,100,68.0,150,,,,,,,,,,,,,,,68.8,86,,,,,,,,,,,,,,,,,,
2026-07-14T20:00:27.459410+00:00,2026-07-14T20:00:27.457380,4,1,68.65,0.3,68.5,107,68.4,70,68.3,100,68.0,150,,,,,,,,,,,,,68.8,86,,,,,,,,,,,,,,,,,,
2026-07-14T20:00:27.470202+00:00,2026-07-14T20:00:27.469389,4,1,68.65,0.3,68.5,107,68.4,70,68.3,140,68.0,150,,,,,,,,,,,,,68.8,86,,,,,,,,,,,,,,,,,,
2026-07-14T20:00:27.480958+00:00,2026-07-14T20:00:27.474493,4,1,68.65,0.3,68.5,107,68.4,70,68.3,140,68.0,150,,,,,,,,,,,,,68.8,106,,,,,,,,,,,,,,,,,,
2026-07-14T20:00:27.608501+00:00,2026-07-14T20:00:27.606866,4,1,68.65,0.3,68.5,55,68.4,70,68.3,140,68.0,150,,,,,,,,,,,,,68.8,82,,,,,,,,,,,,,,,,,,
2026-07-14T20:00:27.619246+00:00,2026-07-14T20:00:27.612152,4,1,68.65,0.3,68.5,107,68.4,70,68.3,140,68.0,150,,,,,,,,,,,,,68.8,104,,,,,,,,,,,,,,,,,,
2026-07-14T20:00:27.683338+00:00,2026-07-14T20:00:27.681095,3,1,68.65,0.3,68.5,107,68.4,70,68.3,140,,,,,,,,,,,,,,,68.8,104,,,,,,,,,,,,,,,,,,
2026-07-14T20:00:27.747641+00:00,2026-07-14T20:00:27.739788,4,1,68.75,0.1,68.7,150,68.5,107,68.4,70,68.3,140,,,,,,,,,,,,,68.8,104,,,,,,,,,,,,,,,,,,
2026-07-14T20:00:27.800812+00:00,2026-07-14T20:00:27.793393,4,2,68.75,0.1,68.7,150,68.5,107,68.4,70,68.3,140,,,,,,,,,,,,,68.8,104,69.2,150,,,,,,,,,,,,,,,,
2026-07-14T20:00:27.811487+00:00,2026-07-14T20:00:27.806828,4,2,68.75,0.1,68.7,150,68.5,102,68.4,70,68.3,140,,,,,,,,,,,,,68.8,104,69.2,150,,,,,,,,,,,,,,,,
2026-07-14T20:00:27.875862+00:00,2026-07-14T20:00:27.873053,4,2,68.75,0.1,68.7,150,68.5,50,68.4,70,68.3,140,,,,,,,,,,,,,68.8,82,69.2,150,,,,,,,,,,,,,,,,
2026-07-14T20:00:27.886590+00:00,2026-07-14T20:00:27.878644,4,2,68.75,0.1,68.7,192,68.5,50,68.4,70,68.3,140,,,,,,,,,,,,,68.8,130,69.2,150,,,,,,,,,,,,,,,,
2026-07-14T20:00:27.993007+00:00,2026-07-14T20:00:27.987578,4,2,68.75,0.1,68.7,142,68.5,50,68.4,70,68.3,140,,,,,,,,,,,,,68.8,130,69.2,150,,,,,,,,,,,,,,,,
2026-07-14T20:00:28.143442+00:00,2026-07-14T20:00:28.139934,4,2,68.75,0.1,68.7,140,68.5,50,68.4,70,68.3,140,,,,,,,,,,,,,68.8,130,69.2,150,,,,,,,,,,,,,,,,
2026-07-14T20:00:28.394387+00:00,2026-07-14T20:00:28.387016,2,2,68.75,0.1,68.7,140,68.3,100,,,,,,,,,,,,,,,,,68.8,110,69.2,150,,,,,,,,,,,,,,,,
2026-07-14T20:00:28.405440+00:00,2026-07-14T20:00:28.403339,2,2,68.75,0.1,68.7,152,68.3,100,,,,,,,,,,,,,,,,,68.8,62,69.2,150,,,,,,,,,,,,,,,,
2026-07-14T20:00:28.416524+00:00,2026-07-14T20:00:28.411475,2,2,68.75,0.1,68.7,202,68.3,100,,,,,,,,,,,,,,,,,68.8,62,69.2,150,,,,,,,,,,,,,,,,
2026-07-14T20:00:28.444559+00:00,2026-07-14T20:00:28.428062,3,2,68.75,0.1,68.7,202,68.6,70,68.3,100,,,,,,,,,,,,,,,68.8,62,69.2,150,,,,,,,,,,,,,,,,
2026-07-14T20:00:28.466827+00:00,2026-07-14T20:00:28.462456,4,2,68.75,0.1,68.7,202,68.6,70,68.5,40,68.3,100,,,,,,,,,,,,,68.8,82,69.2,150,,,,,,,,,,,,,,,,
2026-07-14T20:00:28.706510+00:00,2026-07-14T20:00:28.697664,4,2,68.75,0.1,68.7,202,68.6,70,68.5,40,68.3,100,,,,,,,,,,,,,68.8,80,69.2,150,,,,,,,,,,,,,,,,
2026-07-14T20:00:28.911214+00:00,2026-07-14T20:00:28.909139,4,2,68.75,0.1,68.7,157,68.6,70,68.5,40,68.3,100,,,,,,,,,,,,,68.8,80,69.2,150,,,,,,,,,,,,,,,,
2026-07-14T20:00:28.922188+00:00,2026-07-14T20:00:28.920779,4,2,68.75,0.1,68.7,105,68.6,70,68.5,40,68.3,100,,,,,,,,,,,,,68.8,80,69.2,150,,,,,,,,,,,,,,,,
2026-07-14T20:00:28.933263+00:00,2026-07-14T20:00:28.926328,4,2,68.75,0.1,68.7,155,68.6,70,68.5,40,68.3,100,,,,,,,,,,,,,68.8,128,69.2,150,,,,,,,,,,,,,,,,
2026-07-14T20:00:29.385620+00:00,2026-07-14T20:00:29.383314,4,2,68.75,0.1,68.7,155,68.6,70,68.5,40,68.3,100,,,,,,,,,,,,,68.8,108,69.2,150,,,,,,,,,,,,,,,,
2026-07-14T20:00:29.396757+00:00,2026-07-14T20:00:29.387857,2,2,68.75,0.1,68.7,105,68.3,100,,,,,,,,,,,,,,,,,68.8,108,69.2,150,,,,,,,,,,,,,,,,
2026-07-14T20:00:29.407798+00:00,2026-07-14T20:00:29.407042,2,2,68.75,0.1,68.7,155,68.3,100,,,,,,,,,,,,,,,,,68.8,108,69.2,150,,,,,,,,,,,,,,,,
2026-07-14T20:00:29.418950+00:00,2026-07-14T20:00:29.413727,3,2,68.75,0.1,68.7,155,68.6,70,68.3,100,,,,,,,,,,,,,,,68.8,108,69.2,150,,,,,,,,,,,,,,,,
2026-07-14T20:00:29.430047+00:00,2026-07-14T20:00:29.423922,4,2,68.75,0.1,68.7,155,68.6,70,68.5,40,68.3,100,,,,,,,,,,,,,68.8,128,69.2,150,,,,,,,,,,,,,,,,
2026-07-14T20:00:29.452136+00:00,2026-07-14T20:00:29.450157,4,2,68.75,0.1,68.7,157,68.6,70,68.5,40,68.3,100,,,,,,,,,,,,,68.8,128,69.2,150,,,,,,,,,,,,,,,,
2026-07-14T20:00:29.637715+00:00,2026-07-14T20:00:29.633125,3,2,68.75,0.1,68.7,157,68.6,70,68.5,40,,,,,,,,,,,,,,,68.8,68,69.2,150,,,,,,,,,,,,,,,,
2026-07-14T20:00:29.692216+00:00,2026-07-14T20:00:29.686121,4,2,68.75,0.1,68.7,157,68.6,70,68.5,40,68.4,100,,,,,,,,,,,,,68.8,68,69.2,150,,,,,,,,,,,,,,,,
2026-07-14T20:00:29.746208+00:00,2026-07-14T20:00:29.739216,4,3,68.75,0.1,68.7,157,68.6,70,68.5,40,68.4,100,,,,,,,,,,,,,68.8,68,68.9,100,69.2,150,,,,,,,,,,,,,,
2026-07-14T20:00:30.102788+00:00,2026-07-14T20:00:30.098680,4,3,68.75,0.1,68.7,107,68.6,70,68.5,40,68.4,100,,,,,,,,,,,,,68.8,68,68.9,100,69.2,150,,,,,,,,,,,,,,
2026-07-14T20:00:30.222193+00:00,2026-07-14T20:00:30.219233,4,3,68.75,0.1,68.7,79,68.6,70,68.5,40,68.4,100,,,,,,,,,,,,,68.8,68,68.9,100,69.2,150,,,,,,,,,,,,,,
2026-07-14T20:00:30.318995+00:00,2026-07-14T20:00:30.312311,4,3,68.75,0.1,68.7,79,68.6,70,68.5,40,68.4,100,,,,,,,,,,,,,68.8,23,68.9,100,69.2,150,,,,,,,,,,,,,,
2026-07-14T20:00:30.341033+00:00,2026-07-14T20:00:30.339773,2,3,68.75,0.1,68.7,29,68.4,100,,,,,,,,,,,,,,,,,68.8,23,68.9,100,69.2,150,,,,,,,,,,,,,,
2026-07-14T20:00:30.352015+00:00,2026-07-14T20:00:30.347609,2,3,68.75,0.1,68.7,79,68.4,100,,,,,,,,,,,,,,,,,68.8,23,68.9,100,69.2,150,,,,,,,,,,,,,,
2026-07-14T20:00:30.362986+00:00,2026-07-14T20:00:30.358438,4,3,68.75,0.1,68.7,79,68.6,70,68.5,50,68.4,100,,,,,,,,,,,,,68.8,23,68.9,100,69.2,150,,,,,,,,,,,,,,
2026-07-14T20:00:30.373981+00:00,2026-07-14T20:00:30.364102,4,3,68.75,0.1,68.7,79,68.6,70,68.5,50,68.4,110,,,,,,,,,,,,,68.8,23,68.9,100,69.2,150,,,,,,,,,,,,,,
2026-07-14T20:00:30.480893+00:00,2026-07-14T20:00:30.479280,4,2,68.8,0.2,68.7,79,68.6,70,68.5,50,68.4,110,,,,,,,,,,,,,68.9,100,69.2,150,,,,,,,,,,,,,,,,
2026-07-14T20:00:30.491936+00:00,2026-07-14T20:00:30.486259,4,3,68.75,0.1,68.7,112,68.6,70,68.5,50,68.4,110,,,,,,,,,,,,,68.8,23,68.9,100,69.2,150,,,,,,,,,,,,,,
2026-07-14T20:00:30.610914+00:00,2026-07-14T20:00:30.605849,4,3,68.75,0.1,68.7,74,68.6,70,68.5,50,68.4,110,,,,,,,,,,,,,68.8,23,68.9,100,69.2,150,,,,,,,,,,,,,,
2026-07-14T20:00:30.785907+00:00,2026-07-14T20:00:30.782702,4,2,68.8,0.2,68.7,17,68.6,70,68.5,50,68.4,110,,,,,,,,,,,,,68.9,100,69.2,150,,,,,,,,,,,,,,,,
2026-07-14T20:00:30.796994+00:00,2026-07-14T20:00:30.791329,4,3,68.75,0.1,68.7,56,68.6,70,68.5,50,68.4,110,,,,,,,,,,,,,68.8,23,68.9,100,69.2,150,,,,,,,,,,,,,,
2026-07-14T20:00:30.852194+00:00,2026-07-14T20:00:30.849848,4,2,68.75,0.1,68.7,56,68.6,70,68.5,50,68.4,110,,,,,,,,,,,,,68.8,23,68.9,100,,,,,,,,,,,,,,,,
2026-07-14T20:00:30.906709+00:00,2026-07-14T20:00:30.902675,5,2,68.75,0.1,68.7,56,68.6,70,68.5,50,68.4,110,68.0,150,,,,,,,,,,,68.8,23,68.9,100,,,,,,,,,,,,,,,,
2026-07-14T20:00:30.972011+00:00,2026-07-14T20:00:30.961337,3,2,68.65,0.3,68.5,26,68.4,110,68.0,150,,,,,,,,,,,,,,,68.8,23,68.9,100,,,,,,,,,,,,,,,,
2026-07-14T20:00:31.059630+00:00,2026-07-14T20:00:31.056129,3,1,68.7,0.4,68.5,62,68.4,110,68.0,150,,,,,,,,,,,,,,,68.9,100,,,,,,,,,,,,,,,,,,
2026-07-14T20:00:31.070761+00:00,2026-07-14T20:00:31.060058,3,2,68.65,0.3,68.5,62,68.4,110,68.0,150,,,,,,,,,,,,,,,68.8,62,68.9,100,,,,,,,,,,,,,,,,
2026-07-14T20:00:31.277452+00:00,2026-07-14T20:00:31.276356,3,2,68.65,0.3,68.5,36,68.4,100,68.0,150,,,,,,,,,,,,,,,68.8,62,68.9,100,,,,,,,,,,,,,,,,
2026-07-14T20:00:31.288574+00:00,2026-07-14T20:00:31.282888,3,2,68.65,0.3,68.5,72,68.4,100,68.0,150,,,,,,,,,,,,,,,68.8,62,68.9,100,,,,,,,,,,,,,,,,
2026-07-14T20:00:31.299648+00:00,2026-07-14T20:00:31.298083,3,3,68.65,0.3,68.5,72,68.4,100,68.0,150,,,,,,,,,,,,,,,68.8,112,68.9,170,69.0,24,,,,,,,,,,,,,,
2026-07-14T20:00:31.332897+00:00,2026-07-14T20:00:31.331191,3,3,68.65,0.3,68.5,74,68.4,100,68.0,150,,,,,,,,,,,,,,,68.8,50,68.9,170,69.0,24,,,,,,,,,,,,,,
2026-07-14T20:00:31.833714+00:00,2026-07-14T20:00:31.830423,3,3,68.65,0.3,68.5,29,68.4,100,68.0,150,,,,,,,,,,,,,,,68.8,50,68.9,170,69.0,24,,,,,,,,,,,,,,
2026-07-14T20:00:31.844756+00:00,2026-07-14T20:00:31.838072,4,3,68.7,0.2,68.6,5,68.5,29,68.4,100,68.0,150,,,,,,,,,,,,,68.8,50,68.9,170,69.0,24,,,,,,,,,,,,,,
2026-07-14T20:00:31.855846+00:00,2026-07-14T20:00:31.849513,4,4,68.65,0.1,68.6,5,68.5,29,68.4,100,68.0,150,,,,,,,,,,,,,68.7,5,68.8,50,68.9,170,69.0,24,,,,,,,,,,,,
2026-07-14T20:00:31.866933+00:00,2026-07-14T20:00:31.862505,3,4,68.65,0.1,68.6,34,68.4,100,68.0,150,,,,,,,,,,,,,,,68.7,5,68.8,50,68.9,170,69.0,24,,,,,,,,,,,,
2026-07-14T20:00:31.878027+00:00,2026-07-14T20:00:31.867884,3,4,68.65,0.1,68.6,34,68.4,100,68.0,150,,,,,,,,,,,,,,,68.7,5,68.8,91,68.9,170,69.0,24,,,,,,,,,,,,
2026-07-14T20:00:31.932196+00:00,2026-07-14T20:00:31.925059,3,3,68.7,0.2,68.6,34,68.4,100,68.0,150,,,,,,,,,,,,,,,68.8,91,68.9,170,69.0,24,,,,,,,,,,,,,,
2026-07-14T20:00:32.141482+00:00,2026-07-14T20:00:32.138227,3,3,68.7,0.2,68.6,34,68.4,100,68.0,150,,,,,,,,,,,,,,,68.8,50,68.9,170,69.0,24,,,,,,,,,,,,,,
2026-07-14T20:00:32.152532+00:00,2026-07-14T20:00:32.141937,3,3,68.7,0.2,68.6,34,68.4,100,68.0,150,,,,,,,,,,,,,,,68.8,77,68.9,170,69.0,24,,,,,,,,,,,,,,
2026-07-14T20:00:32.217682+00:00,2026-07-14T20:00:32.209920,2,3,68.6,0.4,68.4,84,68.0,150,,,,,,,,,,,,,,,,,68.8,77,68.9,170,69.0,24,,,,,,,,,,,,,,
2026-07-14T20:00:32.228741+00:00,2026-07-14T20:00:32.227128,2,2,68.6,0.4,68.4,84,68.0,150,,,,,,,,,,,,,,,,,68.8,77,68.9,100,,,,,,,,,,,,,,,,
2026-07-14T20:00:32.239812+00:00,2026-07-14T20:00:32.229197,2,2,68.6,0.4,68.4,84,68.0,150,,,,,,,,,,,,,,,,,68.8,27,68.9,100,,,,,,,,,,,,,,,,
2026-07-14T20:00:32.250867+00:00,2026-07-14T20:00:32.246466,2,2,68.6,0.4,68.4,84,68.0,150,,,,,,,,,,,,,,,,,68.8,77,68.9,100,,,,,,,,,,,,,,,,
2026-07-14T20:00:32.261861+00:00,2026-07-14T20:00:32.259569,2,3,68.6,0.4,68.4,84,68.0,150,,,,,,,,,,,,,,,,,68.8,77,68.9,170,69.0,50,,,,,,,,,,,,,,
2026-07-14T20:00:32.272879+00:00,2026-07-14T20:00:32.265042,2,4,68.6,0.4,68.4,84,68.0,150,,,,,,,,,,,,,,,,,68.8,77,68.9,170,69.0,50,69.1,10,,,,,,,,,,,,
2026-07-14T20:00:32.412881+00:00,2026-07-14T20:00:32.405655,2,4,68.6,0.4,68.4,84,68.0,150,,,,,,,,,,,,,,,,,68.8,50,68.9,170,69.0,50,69.1,10,,,,,,,,,,,,
2026-07-14T20:00:32.532172+00:00,2026-07-14T20:00:32.525078,2,4,68.6,0.4,68.4,84,68.0,150,,,,,,,,,,,,,,,,,68.8,48,68.9,170,69.0,50,69.1,10,,,,,,,,,,,,
2026-07-14T20:00:32.675816+00:00,2026-07-14T20:00:32.669464,2,4,68.6,0.4,68.4,84,68.0,150,,,,,,,,,,,,,,,,,68.8,68,68.9,170,69.0,50,69.1,10,,,,,,,,,,,,
2026-07-14T20:00:32.794804+00:00,2026-07-14T20:00:32.792729,2,4,68.6,0.4,68.4,84,68.0,150,,,,,,,,,,,,,,,,,68.8,68,68.9,70,69.0,50,69.1,10,,,,,,,,,,,,
2026-07-14T20:00:32.805813+00:00,2026-07-14T20:00:32.795294,1,4,68.4,0.8,68.0,150,,,,,,,,,,,,,,,,,,,68.8,68,68.9,70,69.0,50,69.1,10,,,,,,,,,,,,
2026-07-14T20:00:32.849387+00:00,2026-07-14T20:00:32.848211,2,4,68.6,0.4,68.4,100,68.0,150,,,,,,,,,,,,,,,,,68.8,68,68.9,70,69.0,50,69.1,10,,,,,,,,,,,,
2026-07-14T20:00:32.860436+00:00,2026-07-14T20:00:32.857502,3,5,68.6,0.2,68.5,5,68.4,100,68.0,150,,,,,,,,,,,,,,,68.7,5,68.8,68,68.9,70,69.0,50,69.1,10,,,,,,,,,,
2026-07-14T20:00:32.903907+00:00,2026-07-14T20:00:32.901480,3,5,68.6,0.2,68.5,5,68.4,100,68.0,150,,,,,,,,,,,,,,,68.7,5,68.8,68,68.9,170,69.0,50,69.1,10,,,,,,,,,,
2026-07-14T20:00:32.937001+00:00,2026-07-14T20:00:32.934618,3,5,68.6,0.2,68.5,5,68.4,100,68.0,150,,,,,,,,,,,,,,,68.7,49,68.8,48,68.9,170,69.0,50,69.1,10,,,,,,,,,,
2026-07-14T20:00:33.209540+00:00,2026-07-14T20:00:33.207441,3,5,68.6,0.2,68.5,5,68.4,100,68.0,150,,,,,,,,,,,,,,,68.7,77,68.8,48,68.9,170,69.0,50,69.1,10,,,,,,,,,,
2026-07-14T20:00:33.220597+00:00,2026-07-14T20:00:33.218859,3,3,68.6,0.2,68.5,5,68.4,100,68.0,150,,,,,,,,,,,,,,,68.7,77,68.8,48,68.9,100,,,,,,,,,,,,,,
2026-07-14T20:00:33.231627+00:00,2026-07-14T20:00:33.220930,3,2,68.6,0.2,68.5,5,68.4,100,68.0,150,,,,,,,,,,,,,,,68.7,77,68.9,100,,,,,,,,,,,,,,,,
2026-07-14T20:00:33.242689+00:00,2026-07-14T20:00:33.236518,3,2,68.6,0.2,68.5,7,68.4,100,68.0,150,,,,,,,,,,,,,,,68.7,77,68.9,100,,,,,,,,,,,,,,,,
2026-07-14T20:00:33.253757+00:00,2026-07-14T20:00:33.252195,3,3,68.6,0.2,68.5,7,68.4,100,68.0,150,,,,,,,,,,,,,,,68.7,127,68.8,70,68.9,100,,,,,,,,,,,,,,
2026-07-14T20:00:33.264805+00:00,2026-07-14T20:00:33.257402,3,3,68.6,0.2,68.5,7,68.4,100,68.0,150,,,,,,,,,,,,,,,68.7,127,68.8,70,68.9,150,,,,,,,,,,,,,,
2026-07-14T20:00:33.275817+00:00,2026-07-14T20:00:33.271540,3,4,68.6,0.2,68.5,7,68.4,100,68.0,150,,,,,,,,,,,,,,,68.7,127,68.8,70,68.9,150,69.0,8,,,,,,,,,,,,
2026-07-14T20:00:33.476117+00:00,2026-07-14T20:00:33.472306,3,4,68.6,0.2,68.5,7,68.4,100,68.0,150,,,,,,,,,,,,,,,68.7,55,68.8,70,68.9,150,69.0,8,,,,,,,,,,,,
2026-07-14T20:00:33.487277+00:00,2026-07-14T20:00:33.477673,3,4,68.6,0.2,68.5,7,68.4,100,68.0,150,,,,,,,,,,,,,,,68.7,131,68.8,70,68.9,150,69.0,8,,,,,,,,,,,,
2026-07-14T20:00:33.792690+00:00,2026-07-14T20:00:33.782161,3,4,68.6,0.2,68.5,7,68.4,100,68.0,150,,,,,,,,,,,,,,,68.7,129,68.8,70,68.9,150,69.0,8,,,,,,,,,,,,
2026-07-14T20:00:33.869025+00:00,2026-07-14T20:00:33.866892,3,4,68.6,0.2,68.5,2,68.4,100,68.0,150,,,,,,,,,,,,,,,68.7,124,68.8,70,68.9,150,69.0,8,,,,,,,,,,,,
2026-07-14T20:00:33.957123+00:00,2026-07-14T20:00:33.953526,3,4,68.6,0.2,68.5,2,68.4,100,68.0,150,,,,,,,,,,,,,,,68.7,99,68.8,70,68.9,150,69.0,8,,,,,,,,,,,,
2026-07-14T20:00:33.989919+00:00,2026-07-14T20:00:33.988821,3,3,68.65,0.3,68.5,2,68.4,100,68.0,150,,,,,,,,,,,,,,,68.8,70,68.9,150,69.0,8,,,,,,,,,,,,,,
2026-07-14T20:00:34.022615+00:00,2026-07-14T20:00:34.017069,2,3,68.65,0.3,68.5,2,68.4,100,,,,,,,,,,,,,,,,,68.8,70,68.9,150,69.0,8,,,,,,,,,,,,,,
2026-07-14T20:00:34.076752+00:00,2026-07-14T20:00:34.072555,2,2,68.7,0.4,68.5,2,68.4,100,,,,,,,,,,,,,,,,,68.9,70,69.0,8,,,,,,,,,,,,,,,,
2026-07-14T20:00:34.131279+00:00,2026-07-14T20:00:34.124848,2,3,68.7,0.4,68.5,2,68.4,100,,,,,,,,,,,,,,,,,68.9,70,69.0,8,69.4,150,,,,,,,,,,,,,,
2026-07-14T20:00:34.196417+00:00,2026-07-14T20:00:34.194630,2,2,68.7,0.4,68.5,2,68.4,100,,,,,,,,,,,,,,,,,68.9,70,69.4,150,,,,,,,,,,,,,,,,
2026-07-14T20:00:34.207480+00:00,2026-07-14T20:00:34.204225,1,2,68.65,0.5,68.4,150,,,,,,,,,,,,,,,,,,,68.9,20,69.4,150,,,,,,,,,,,,,,,,
2026-07-14T20:00:34.218598+00:00,2026-07-14T20:00:34.212412,2,2,68.65,0.5,68.4,150,68.3,70,,,,,,,,,,,,,,,,,68.9,20,69.4,150,,,,,,,,,,,,,,,,
2026-07-14T20:00:34.240792+00:00,2026-07-14T20:00:34.235401,3,2,68.65,0.5,68.4,150,68.3,70,68.2,2,,,,,,,,,,,,,,,68.9,70,69.4,150,,,,,,,,,,,,,,,,
2026-07-14T20:00:34.251800+00:00,2026-07-14T20:00:34.241168,3,3,68.65,0.5,68.4,150,68.3,70,68.2,2,,,,,,,,,,,,,,,68.9,70,69.0,8,69.4,150,,,,,,,,,,,,,,
2026-07-14T20:00:34.328016+00:00,2026-07-14T20:00:34.317811,3,3,68.65,0.5,68.4,100,68.3,70,68.2,2,,,,,,,,,,,,,,,68.9,70,69.0,8,69.4,150,,,,,,,,,,,,,,
2026-07-14T20:00:34.877540+00:00,2026-07-14T20:00:34.875883,4,4,68.65,0.3,68.5,10,68.4,100,68.3,70,68.2,2,,,,,,,,,,,,,68.8,10,68.9,70,69.0,8,69.4,150,,,,,,,,,,,,
2026-07-14T20:00:34.888163+00:00,2026-07-14T20:00:34.883831,4,3,68.7,0.4,68.5,10,68.4,100,68.3,70,68.2,2,,,,,,,,,,,,,68.9,70,69.0,8,69.4,150,,,,,,,,,,,,,,
2026-07-14T20:00:35.026520+00:00,2026-07-14T20:00:35.021120,4,3,68.7,0.4,68.5,10,68.4,100,68.3,70,68.2,2,,,,,,,,,,,,,68.9,136,69.0,8,69.4,150,,,,,,,,,,,,,,
2026-07-14T20:00:35.143696+00:00,2026-07-14T20:00:35.133338,4,3,68.7,0.4,68.5,10,68.4,100,68.3,70,68.2,2,,,,,,,,,,,,,68.9,134,69.0,8,69.4,150,,,,,,,,,,,,,,
2026-07-14T20:00:35.154444+00:00,2026-07-14T20:00:35.153835,3,2,68.7,0.4,68.5,10,68.4,100,68.3,70,,,,,,,,,,,,,,,68.9,84,69.4,150,,,,,,,,,,,,,,,,
2026-07-14T20:00:35.165174+00:00,2026-07-14T20:00:35.156581,2,2,68.7,0.4,68.5,10,68.4,50,,,,,,,,,,,,,,,,,68.9,84,69.4,150,,,,,,,,,,,,,,,,
2026-07-14T20:00:35.175862+00:00,2026-07-14T20:00:35.172228,2,2,68.7,0.4,68.5,60,68.4,50,,,,,,,,,,,,,,,,,68.9,84,69.4,150,,,,,,,,,,,,,,,,
2026-07-14T20:00:35.186554+00:00,2026-07-14T20:00:35.181969,3,2,68.7,0.4,68.5,60,68.4,120,68.3,2,,,,,,,,,,,,,,,68.9,84,69.4,150,,,,,,,,,,,,,,,,
2026-07-14T20:00:35.197264+00:00,2026-07-14T20:00:35.187210,3,2,68.7,0.4,68.5,60,68.4,120,68.3,2,,,,,,,,,,,,,,,68.9,134,69.4,150,,,,,,,,,,,,,,,,
2026-07-14T20:00:35.208008+00:00,2026-07-14T20:00:35.206425,3,3,68.7,0.4,68.5,60,68.4,120,68.3,2,,,,,,,,,,,,,,,68.9,134,69.0,8,69.4,150,,,,,,,,,,,,,,
2026-07-14T20:00:35.282678+00:00,2026-07-14T20:00:35.281156,3,3,68.7,0.4,68.5,60,68.4,120,68.3,2,,,,,,,,,,,,,,,68.9,68,69.0,8,69.4,150,,,,,,,,,,,,,,
2026-07-14T20:00:35.293335+00:00,2026-07-14T20:00:35.284154,3,3,68.7,0.4,68.5,60,68.4,120,68.3,2,,,,,,,,,,,,,,,68.9,110,69.0,8,69.4,150,,,,,,,,,,,,,,
2026-07-14T20:00:35.883808+00:00,2026-07-14T20:00:35.881133,3,3,68.7,0.4,68.5,50,68.4,120,68.3,2,,,,,,,,,,,,,,,68.9,110,69.0,8,69.4,150,,,,,,,,,,,,,,
2026-07-14T20:00:35.894615+00:00,2026-07-14T20:00:35.893066,4,4,68.7,0.2,68.6,10,68.5,50,68.4,120,68.3,2,,,,,,,,,,,,,68.8,10,68.9,108,69.0,8,69.4,150,,,,,,,,,,,,
2026-07-14T20:00:35.958563+00:00,2026-07-14T20:00:35.957320,4,4,68.7,0.2,68.6,10,68.5,50,68.4,120,68.3,2,,,,,,,,,,,,,68.8,10,68.9,92,69.0,8,69.4,150,,,,,,,,,,,,
2026-07-14T20:00:35.969418+00:00,2026-07-14T20:00:35.967277,4,3,68.75,0.3,68.6,10,68.5,50,68.4,70,68.3,2,,,,,,,,,,,,,68.9,92,69.0,8,69.4,150,,,,,,,,,,,,,,
2026-07-14T20:00:35.980262+00:00,2026-07-14T20:00:35.972193,4,3,68.75,0.3,68.6,10,68.5,50,68.4,70,68.3,2,,,,,,,,,,,,,68.9,90,69.0,8,69.4,150,,,,,,,,,,,,,,
2026-07-14T20:00:36.023031+00:00,2026-07-14T20:00:36.012636,5,3,68.8,0.2,68.7,100,68.6,10,68.5,50,68.4,70,68.3,2,,,,,,,,,,,68.9,90,69.0,8,69.4,150,,,,,,,,,,,,,,
2026-07-14T20:00:36.055256+00:00,2026-07-14T20:00:36.049155,5,3,68.8,0.2,68.7,100,68.6,10,68.5,50,68.4,70,68.3,2,,,,,,,,,,,68.9,104,69.0,8,69.4,150,,,,,,,,,,,,,,
2026-07-14T20:00:36.066077+00:00,2026-07-14T20:00:36.065518,5,4,68.8,0.2,68.7,100,68.6,10,68.5,50,68.4,70,68.3,2,,,,,,,,,,,68.9,104,69.0,8,69.2,100,69.4,150,,,,,,,,,,,,
2026-07-14T20:00:36.119882+00:00,2026-07-14T20:00:36.118769,5,3,68.8,0.2,68.7,100,68.6,10,68.5,50,68.4,70,68.3,2,,,,,,,,,,,68.9,104,69.2,100,69.4,150,,,,,,,,,,,,,,
2026-07-14T20:00:36.130623+00:00,2026-07-14T20:00:36.125325,2,3,68.8,0.2,68.7,100,68.6,10,,,,,,,,,,,,,,,,,68.9,56,69.2,100,69.4,150,,,,,,,,,,,,,,
2026-07-14T20:00:36.141279+00:00,2026-07-14T20:00:36.139718,2,3,68.8,0.2,68.7,150,68.6,80,,,,,,,,,,,,,,,,,68.9,56,69.2,100,69.4,150,,,,,,,,,,,,,,
2026-07-14T20:00:36.151920+00:00,2026-07-14T20:00:36.149760,3,3,68.8,0.2,68.7,150,68.6,80,68.5,4,,,,,,,,,,,,,,,68.9,106,69.2,100,69.4,150,,,,,,,,,,,,,,
2026-07-14T20:00:36.162580+00:00,2026-07-14T20:00:36.154835,3,4,68.8,0.2,68.7,150,68.6,80,68.5,4,,,,,,,,,,,,,,,68.9,106,69.0,6,69.2,100,69.4,150,,,,,,,,,,,,
2026-07-14T20:00:36.173239+00:00,2026-07-14T20:00:36.169408,3,4,68.8,0.2,68.7,101,68.6,80,68.5,4,,,,,,,,,,,,,,,68.9,106,69.0,6,69.2,100,69.4,150,,,,,,,,,,,,
2026-07-14T20:00:36.183938+00:00,2026-07-14T20:00:36.177442,3,4,68.8,0.2,68.7,101,68.6,80,68.5,4,,,,,,,,,,,,,,,68.9,104,69.0,6,69.2,100,69.4,150,,,,,,,,,,,,
2026-07-14T20:00:36.312024+00:00,2026-07-14T20:00:36.309624,3,4,68.8,0.2,68.7,101,68.6,80,68.5,4,,,,,,,,,,,,,,,68.9,50,69.0,6,69.2,100,69.4,150,,,,,,,,,,,,
2026-07-14T20:00:36.322727+00:00,2026-07-14T20:00:36.315315,3,4,68.8,0.2,68.7,103,68.6,80,68.5,4,,,,,,,,,,,,,,,68.9,108,69.0,6,69.2,100,69.4,150,,,,,,,,,,,,
2026-07-14T20:00:36.386444+00:00,2026-07-14T20:00:36.382437,3,4,68.8,0.2,68.7,103,68.6,80,68.5,4,,,,,,,,,,,,,,,68.9,106,69.0,6,69.2,100,69.4,150,,,,,,,,,,,,
2026-07-14T20:00:36.439634+00:00,2026-07-14T20:00:36.430828,3,4,68.8,0.2,68.7,53,68.6,80,68.5,4,,,,,,,,,,,,,,,68.9,106,69.0,6,69.2,100,69.4,150,,,,,,,,,,,,
2026-07-14T20:00:36.472017+00:00,2026-07-14T20:00:36.462543,3,4,68.8,0.2,68.7,53,68.6,80,68.5,4,,,,,,,,,,,,,,,68.9,104,69.0,6,69.2,100,69.4,150,,,,,,,,,,,,
2026-07-14T20:00:36.601062+00:00,2026-07-14T20:00:36.598292,3,4,68.8,0.2,68.7,53,68.6,80,68.5,4,,,,,,,,,,,,,,,68.9,44,69.0,6,69.2,100,69.4,150,,,,,,,,,,,,
2026-07-14T20:00:36.611797+00:00,2026-07-14T20:00:36.601514,3,4,68.8,0.2,68.7,53,68.6,80,68.5,4,,,,,,,,,,,,,,,68.9,104,69.0,6,69.2,100,69.4,150,,,,,,,,,,,,
2026-07-14T20:00:36.879345+00:00,2026-07-14T20:00:36.878485,3,4,68.8,0.2,68.7,51,68.6,80,68.5,4,,,,,,,,,,,,,,,68.9,142,69.0,6,69.2,100,69.4,150,,,,,,,,,,,,
2026-07-14T20:00:36.900672+00:00,2026-07-14T20:00:36.899232,3,4,68.8,0.2,68.7,51,68.6,70,68.5,4,,,,,,,,,,,,,,,68.9,142,69.0,6,69.2,100,69.4,150,,,,,,,,,,,,
2026-07-14T20:00:37.071396+00:00,2026-07-14T20:00:37.070931,1,3,68.8,0.2,68.7,51,,,,,,,,,,,,,,,,,,,68.9,98,69.2,100,69.4,150,,,,,,,,,,,,,,
2026-07-14T20:00:37.082087+00:00,2026-07-14T20:00:37.072065,1,3,68.8,0.2,68.7,1,,,,,,,,,,,,,,,,,,,68.9,98,69.2,100,69.4,150,,,,,,,,,,,,,,
2026-07-14T20:00:37.092794+00:00,2026-07-14T20:00:37.087851,1,3,68.8,0.2,68.7,51,,,,,,,,,,,,,,,,,,,68.9,98,69.2,100,69.4,150,,,,,,,,,,,,,,
2026-07-14T20:00:37.103470+00:00,2026-07-14T20:00:37.097325,3,3,68.8,0.2,68.7,51,68.6,70,68.5,10,,,,,,,,,,,,,,,68.9,98,69.2,100,69.4,150,,,,,,,,,,,,,,
2026-07-14T20:00:37.114163+00:00,2026-07-14T20:00:37.109258,3,3,68.8,0.2,68.7,51,68.6,70,68.5,10,,,,,,,,,,,,,,,68.9,148,69.2,100,69.4,150,,,,,,,,,,,,,,
2026-07-14T20:00:37.188801+00:00,2026-07-14T20:00:37.178423,3,2,68.8,0.2,68.7,51,68.6,70,68.5,10,,,,,,,,,,,,,,,68.9,148,69.2,100,,,,,,,,,,,,,,,,
2026-07-14T20:00:37.241953+00:00,2026-07-14T20:00:37.231613,4,2,68.8,0.2,68.7,51,68.6,70,68.5,10,68.2,150,,,,,,,,,,,,,68.9,148,69.2,100,,,,,,,,,,,,,,,,
2026-07-14T20:00:37.295590+00:00,2026-07-14T20:00:37.287279,3,3,68.65,0.1,68.6,70,68.5,10,68.2,150,,,,,,,,,,,,,,,68.7,99,68.9,148,69.2,100,,,,,,,,,,,,,,
2026-07-14T20:00:37.455584+00:00,2026-07-14T20:00:37.450639,3,3,68.65,0.1,68.6,72,68.5,10,68.2,150,,,,,,,,,,,,,,,68.7,135,68.9,50,69.2,100,,,,,,,,,,,,,,
2026-07-14T20:00:37.476954+00:00,2026-07-14T20:00:37.474536,3,3,68.65,0.1,68.6,72,68.5,10,68.2,150,,,,,,,,,,,,,,,68.7,110,68.9,50,69.2,100,,,,,,,,,,,,,,
2026-07-14T20:00:37.487662+00:00,2026-07-14T20:00:37.479623,3,3,68.65,0.1,68.6,72,68.5,10,68.2,150,,,,,,,,,,,,,,,68.7,109,68.9,50,69.2,100,,,,,,,,,,,,,,
2026-07-14T20:00:37.691594+00:00,2026-07-14T20:00:37.689852,3,3,68.65,0.1,68.6,72,68.5,10,68.2,150,,,,,,,,,,,,,,,68.7,104,68.9,50,69.2,100,,,,,,,,,,,,,,
2026-07-14T20:00:37.918588+00:00,2026-07-14T20:00:37.917118,3,3,68.65,0.1,68.6,72,68.5,10,68.2,150,,,,,,,,,,,,,,,68.7,96,68.9,50,69.2,100,,,,,,,,,,,,,,
2026-07-14T20:00:37.929514+00:00,2026-07-14T20:00:37.922954,3,3,68.65,0.1,68.6,72,68.5,10,68.2,150,,,,,,,,,,,,,,,68.7,94,68.9,50,69.2,100,,,,,,,,,,,,,,
2026-07-14T20:00:37.961559+00:00,2026-07-14T20:00:37.960758,3,3,68.65,0.1,68.6,70,68.5,10,68.2,150,,,,,,,,,,,,,,,68.7,58,68.9,50,69.2,100,,,,,,,,,,,,,,
2026-07-14T20:00:37.972345+00:00,2026-07-14T20:00:37.966460,3,3,68.65,0.1,68.6,72,68.5,10,68.2,150,,,,,,,,,,,,,,,68.7,70,68.9,50,69.2,100,,,,,,,,,,,,,,
2026-07-14T20:00:38.048704+00:00,2026-07-14T20:00:38.040284,2,2,68.65,0.1,68.6,2,68.2,150,,,,,,,,,,,,,,,,,68.7,70,69.2,100,,,,,,,,,,,,,,,,
2026-07-14T20:00:38.080897+00:00,2026-07-14T20:00:38.072923,2,2,68.65,0.1,68.6,2,68.2,150,,,,,,,,,,,,,,,,,68.7,45,69.2,100,,,,,,,,,,,,,,,,
2026-07-14T20:00:38.231590+00:00,2026-07-14T20:00:38.230048,2,2,68.65,0.1,68.6,2,68.2,150,,,,,,,,,,,,,,,,,68.7,33,69.2,100,,,,,,,,,,,,,,,,
2026-07-14T20:00:38.242493+00:00,2026-07-14T20:00:38.237185,2,2,68.65,0.1,68.6,2,68.2,150,,,,,,,,,,,,,,,,,68.7,61,69.2,100,,,,,,,,,,,,,,,,
2026-07-14T20:00:38.349850+00:00,2026-07-14T20:00:38.339377,2,2,68.65,0.1,68.6,2,68.2,150,,,,,,,,,,,,,,,,,68.7,59,69.2,100,,,,,,,,,,,,,,,,
2026-07-14T20:00:38.546057+00:00,2026-07-14T20:00:38.541358,1,2,68.45,0.5,68.2,102,,,,,,,,,,,,,,,,,,,68.7,59,69.2,100,,,,,,,,,,,,,,,,
2026-07-14T20:00:38.751795+00:00,2026-07-14T20:00:38.744077,1,2,68.45,0.5,68.2,102,,,,,,,,,,,,,,,,,,,68.7,31,69.2,100,,,,,,,,,,,,,,,,
2026-07-14T20:00:38.935183+00:00,2026-07-14T20:00:38.933806,2,2,68.5,0.4,68.3,10,68.2,102,,,,,,,,,,,,,,,,,68.7,29,69.2,100,,,,,,,,,,,,,,,,
2026-07-14T20:00:38.946024+00:00,2026-07-14T20:00:38.937090,2,3,68.45,0.3,68.3,10,68.2,102,,,,,,,,,,,,,,,,,68.6,10,68.7,29,69.2,100,,,,,,,,,,,,,,
2026-07-14T20:00:38.967752+00:00,2026-07-14T20:00:38.965999,2,2,68.5,0.4,68.3,10,68.2,102,,,,,,,,,,,,,,,,,68.7,29,69.2,100,,,,,,,,,,,,,,,,
2026-07-14T20:00:39.130241+00:00,2026-07-14T20:00:39.120522,2,1,68.5,0.4,68.3,10,68.2,102,,,,,,,,,,,,,,,,,68.7,29,,,,,,,,,,,,,,,,,,
2026-07-14T20:00:39.184784+00:00,2026-07-14T20:00:39.176484,2,1,68.5,0.4,68.3,110,68.2,102,,,,,,,,,,,,,,,,,68.7,29,,,,,,,,,,,,,,,,,,
2026-07-14T20:00:39.203517+00:00,2026-07-14T20:00:39.201583,2,1,68.5,0.4,68.3,110,68.2,102,,,,,,,,,,,,,,,,,68.7,15,,,,,,,,,,,,,,,,,,
2026-07-14T20:00:39.247674+00:00,2026-07-14T20:00:39.242815,2,1,68.55,0.5,68.3,110,68.2,102,,,,,,,,,,,,,,,,,68.8,100,,,,,,,,,,,,,,,,,,
2026-07-14T20:00:39.441527+00:00,2026-07-14T20:00:39.432889,2,1,68.55,0.5,68.3,110,68.2,102,,,,,,,,,,,,,,,,,68.8,79,,,,,,,,,,,,,,,,,,
2026-07-14T20:00:39.860411+00:00,2026-07-14T20:00:39.859411,2,1,68.55,0.5,68.3,110,68.2,102,,,,,,,,,,,,,,,,,68.8,54,,,,,,,,,,,,,,,,,,
2026-07-14T20:00:39.892359+00:00,2026-07-14T20:00:39.890151,2,1,68.55,0.5,68.3,110,68.2,102,,,,,,,,,,,,,,,,,68.8,14,,,,,,,,,,,,,,,,,,
2026-07-14T20:00:39.945605+00:00,2026-07-14T20:00:39.941046,2,1,68.55,0.5,68.3,100,68.2,102,,,,,,,,,,,,,,,,,68.8,14,,,,,,,,,,,,,,,,,,
2026-07-14T20:00:40.127382+00:00,2026-07-14T20:00:40.118115,2,1,68.55,0.5,68.3,100,68.2,102,,,,,,,,,,,,,,,,,68.8,12,,,,,,,,,,,,,,,,,,
2026-07-14T20:00:40.351104+00:00,2026-07-14T20:00:40.342344,1,1,68.55,0.5,68.3,100,,,,,,,,,,,,,,,,,,,68.8,12,,,,,,,,,,,,,,,,,,
2026-07-14T20:00:40.404167+00:00,2026-07-14T20:00:40.396959,2,0,,,68.9,138,68.3,100,,,,,,,,,,,,,,,,,,,,,,,,,,,,,,,,,,,,
2026-07-14T20:00:40.485961+00:00,2026-07-14T20:00:40.483899,2,1,69.15,0.5,68.9,127,68.3,100,,,,,,,,,,,,,,,,,69.4,150,,,,,,,,,,,,,,,,,,
2026-07-14T20:00:40.523973+00:00,2026-07-14T20:00:40.521885,2,1,69.15,0.5,68.9,124,68.3,100,,,,,,,,,,,,,,,,,69.4,250,,,,,,,,,,,,,,,,,,
2026-07-14T20:00:40.556209+00:00,2026-07-14T20:00:40.548333,2,1,69.15,0.5,68.9,111,68.3,100,,,,,,,,,,,,,,,,,69.4,250,,,,,,,,,,,,,,,,,,
2026-07-14T20:00:40.652865+00:00,2026-07-14T20:00:40.648765,2,1,69.15,0.5,68.9,61,68.3,100,,,,,,,,,,,,,,,,,69.4,250,,,,,,,,,,,,,,,,,,
2026-07-14T20:00:40.812189+00:00,2026-07-14T20:00:40.808151,2,1,69.15,0.5,68.9,98,68.3,100,,,,,,,,,,,,,,,,,69.4,300,,,,,,,,,,,,,,,,,,
2026-07-14T20:00:40.833496+00:00,2026-07-14T20:00:40.826425,2,2,69.15,0.5,68.9,98,68.3,100,,,,,,,,,,,,,,,,,69.4,300,69.5,40,,,,,,,,,,,,,,,,
2026-07-14T20:00:41.602107+00:00,2026-07-14T20:00:41.594421,3,3,69.15,0.3,69.0,10,68.9,98,68.3,100,,,,,,,,,,,,,,,69.3,10,69.4,300,69.5,40,,,,,,,,,,,,,,
2026-07-14T20:00:41.689513+00:00,2026-07-14T20:00:41.687901,2,3,69.1,0.4,68.9,98,68.3,100,,,,,,,,,,,,,,,,,69.3,10,69.4,300,69.5,40,,,,,,,,,,,,,,
2026-07-14T20:00:41.764341+00:00,2026-07-14T20:00:41.763172,2,2,69.1,0.4,68.9,98,68.3,100,,,,,,,,,,,,,,,,,69.3,10,69.4,250,,,,,,,,,,,,,,,,
2026-07-14T20:00:41.775261+00:00,2026-07-14T20:00:41.771480,2,2,69.1,0.4,68.9,98,68.3,100,,,,,,,,,,,,,,,,,69.3,10,69.4,250,,,,,,,,,,,,,,,,
2026-07-14T20:00:41.797017+00:00,2026-07-14T20:00:41.790155,2,2,69.1,0.4,68.9,98,68.3,100,,,,,,,,,,,,,,,,,69.3,90,69.4,150,,,,,,,,,,,,,,,,
2026-07-14T20:00:41.807951+00:00,2026-07-14T20:00:41.804104,2,2,69.1,0.4,68.9,98,68.3,100,,,,,,,,,,,,,,,,,69.3,140,69.4,190,,,,,,,,,,,,,,,,
2026-07-14T20:00:42.063757+00:00,2026-07-14T20:00:42.056128,2,2,69.1,0.4,68.9,98,68.3,100,,,,,,,,,,,,,,,,,69.3,160,69.4,190,,,,,,,,,,,,,,,,
2026-07-14T20:00:42.298081+00:00,2026-07-14T20:00:42.297227,1,2,69.1,0.4,68.9,98,,,,,,,,,,,,,,,,,,,69.3,160,69.4,190,,,,,,,,,,,,,,,,
2026-07-14T20:00:42.362113+00:00,2026-07-14T20:00:42.351687,2,2,69.1,0.4,68.9,98,68.7,100,,,,,,,,,,,,,,,,,69.3,160,69.4,190,,,,,,,,,,,,,,,,
2026-07-14T20:00:42.404592+00:00,2026-07-14T20:00:42.404171,2,3,69.05,0.3,68.9,98,68.7,100,,,,,,,,,,,,,,,,,69.2,100,69.3,160,69.4,190,,,,,,,,,,,,,,
2026-07-14T20:00:42.565549+00:00,2026-07-14T20:00:42.562875,2,3,69.05,0.3,68.9,98,68.7,100,,,,,,,,,,,,,,,,,69.2,200,69.3,60,69.4,190,,,,,,,,,,,,,,
2026-07-14T20:00:42.609391+00:00,2026-07-14T20:00:42.607303,3,3,69.1,0.2,69.0,5,68.9,98,68.7,100,,,,,,,,,,,,,,,69.2,200,69.3,50,69.4,190,,,,,,,,,,,,,,
2026-07-14T20:00:42.620471+00:00,2026-07-14T20:00:42.616237,2,4,69.0,0.2,68.9,98,68.7,100,,,,,,,,,,,,,,,,,69.1,5,69.2,200,69.3,50,69.4,190,,,,,,,,,,,,
2026-07-14T20:00:42.761824+00:00,2026-07-14T20:00:42.756296,2,4,69.0,0.2,68.9,48,68.7,100,,,,,,,,,,,,,,,,,69.1,5,69.2,200,69.3,50,69.4,190,,,,,,,,,,,,
2026-07-14T20:00:42.784001+00:00,2026-07-14T20:00:42.776458,2,3,69.0,0.2,68.9,11,68.7,100,,,,,,,,,,,,,,,,,69.1,5,69.2,200,69.4,150,,,,,,,,,,,,,,
2026-07-14T20:00:42.795059+00:00,2026-07-14T20:00:42.793693,2,3,69.0,0.2,68.9,48,68.7,100,,,,,,,,,,,,,,,,,69.1,55,69.2,240,69.4,150,,,,,,,,,,,,,,
2026-07-14T20:00:42.817140+00:00,2026-07-14T20:00:42.816219,2,3,69.0,0.2,68.9,48,68.7,100,,,,,,,,,,,,,,,,,69.1,55,69.2,140,69.4,150,,,,,,,,,,,,,,
2026-07-14T20:00:42.828276+00:00,2026-07-14T20:00:42.820696,2,3,69.0,0.2,68.9,48,68.7,100,,,,,,,,,,,,,,,,,69.1,155,69.2,140,69.4,150,,,,,,,,,,,,,,
2026-07-14T20:00:43.341182+00:00,2026-07-14T20:00:43.335629,2,3,69.0,0.2,68.9,48,68.7,100,,,,,,,,,,,,,,,,,69.1,75,69.2,140,69.4,150,,,,,,,,,,,,,,
2026-07-14T20:00:43.526566+00:00,2026-07-14T20:00:43.525102,2,2,69.0,0.2,68.9,48,68.7,100,,,,,,,,,,,,,,,,,69.1,75,69.2,140,,,,,,,,,,,,,,,,
2026-07-14T20:00:43.537540+00:00,2026-07-14T20:00:43.526961,2,2,69.0,0.2,68.9,37,68.7,100,,,,,,,,,,,,,,,,,69.1,75,69.2,140,,,,,,,,,,,,,,,,
2026-07-14T20:00:43.581361+00:00,2026-07-14T20:00:43.579475,3,2,69.0,0.2,68.9,37,68.7,100,68.4,150,,,,,,,,,,,,,,,69.1,75,69.2,140,,,,,,,,,,,,,,,,
2026-07-14T20:00:43.603275+00:00,2026-07-14T20:00:43.598380,3,2,69.0,0.2,68.9,37,68.7,100,68.4,150,,,,,,,,,,,,,,,69.1,69,69.2,140,,,,,,,,,,,,,,,,
2026-07-14T20:00:43.625406+00:00,2026-07-14T20:00:43.620326,3,2,69.0,0.2,68.9,37,68.7,100,68.4,150,,,,,,,,,,,,,,,69.1,64,69.2,140,,,,,,,,,,,,,,,,
2026-07-14T20:00:43.641821+00:00,2026-07-14T20:00:43.639586,2,3,68.8,0.2,68.7,100,68.4,150,,,,,,,,,,,,,,,,,68.9,110,69.1,59,69.2,140,,,,,,,,,,,,,,
2026-07-14T20:00:43.663809+00:00,2026-07-14T20:00:43.654896,2,3,68.8,0.2,68.7,100,68.4,150,,,,,,,,,,,,,,,,,68.9,61,69.1,59,69.2,140,,,,,,,,,,,,,,
2026-07-14T20:00:43.717484+00:00,2026-07-14T20:00:43.713168,2,3,68.8,0.2,68.7,100,68.4,150,,,,,,,,,,,,,,,,,68.9,33,69.1,59,69.2,140,,,,,,,,,,,,,,
2026-07-14T20:00:43.739176+00:00,2026-07-14T20:00:43.737531,2,3,68.8,0.2,68.7,100,68.4,150,,,,,,,,,,,,,,,,,68.9,33,69.1,14,69.2,100,,,,,,,,,,,,,,
2026-07-14T20:00:43.760655+00:00,2026-07-14T20:00:43.753286,2,3,68.8,0.2,68.7,100,68.4,150,,,,,,,,,,,,,,,,,68.9,28,69.1,14,69.2,100,,,,,,,,,,,,,,
2026-07-14T20:00:43.856907+00:00,2026-07-14T20:00:43.855938,2,2,68.8,0.2,68.7,100,68.4,150,,,,,,,,,,,,,,,,,68.9,28,69.2,100,,,,,,,,,,,,,,,,
2026-07-14T20:00:44.135209+00:00,2026-07-14T20:00:44.127075,2,2,68.8,0.2,68.7,100,68.4,150,,,,,,,,,,,,,,,,,68.9,3,69.2,100,,,,,,,,,,,,,,,,
2026-07-14T20:00:44.391061+00:00,2026-07-14T20:00:44.384466,2,2,68.8,0.2,68.7,100,68.4,150,,,,,,,,,,,,,,,,,68.9,1,69.2,100,,,,,,,,,,,,,,,,
2026-07-14T20:00:44.647225+00:00,2026-07-14T20:00:44.646226,2,1,68.95,0.5,68.7,100,68.4,150,,,,,,,,,,,,,,,,,69.2,95,,,,,,,,,,,,,,,,,,
2026-07-14T20:00:44.658263+00:00,2026-07-14T20:00:44.652172,3,2,68.95,0.3,68.8,10,68.7,100,68.4,150,,,,,,,,,,,,,,,69.1,10,69.2,95,,,,,,,,,,,,,,,,
2026-07-14T20:00:45.150393+00:00,2026-07-14T20:00:45.141239,2,2,68.9,0.4,68.7,66,68.4,150,,,,,,,,,,,,,,,,,69.1,10,69.2,95,,,,,,,,,,,,,,,,
2026-07-14T20:00:45.459964+00:00,2026-07-14T20:00:45.459213,1,1,68.75,0.7,68.4,150,,,,,,,,,,,,,,,,,,,69.1,10,,,,,,,,,,,,,,,,,,
2026-07-14T20:00:45.523949+00:00,2026-07-14T20:00:45.513612,2,1,68.9,0.4,68.7,100,68.4,150,,,,,,,,,,,,,,,,,69.1,10,,,,,,,,,,,,,,,,,,
2026-07-14T20:00:45.577511+00:00,2026-07-14T20:00:45.567079,2,2,68.9,0.4,68.7,100,68.4,150,,,,,,,,,,,,,,,,,69.1,10,69.2,100,,,,,,,,,,,,,,,,
2026-07-14T20:00:45.620047+00:00,2026-07-14T20:00:45.619085,2,2,68.9,0.4,68.7,100,68.4,150,,,,,,,,,,,,,,,,,69.1,60,69.2,100,,,,,,,,,,,,,,,,
2026-07-14T20:00:45.630814+00:00,2026-07-14T20:00:45.623951,2,2,68.9,0.4,68.7,100,68.4,150,,,,,,,,,,,,,,,,,69.1,60,69.2,147,,,,,,,,,,,,,,,,
2026-07-14T20:00:45.652203+00:00,2026-07-14T20:00:45.642257,2,2,68.9,0.4,68.7,100,68.4,150,,,,,,,,,,,,,,,,,69.1,58,69.2,147,,,,,,,,,,,,,,,,
2026-07-14T20:00:45.663275+00:00,2026-07-14T20:00:45.657023,2,2,68.9,0.4,68.7,100,68.4,150,,,,,,,,,,,,,,,,,69.1,50,69.2,147,,,,,,,,,,,,,,,,
2026-07-14T20:00:45.674155+00:00,2026-07-14T20:00:45.670387,3,2,68.95,0.3,68.8,10,68.7,100,68.4,150,,,,,,,,,,,,,,,69.1,50,69.2,147,,,,,,,,,,,,,,,,
2026-07-14T20:00:45.684989+00:00,2026-07-14T20:00:45.674711,3,3,68.9,0.2,68.8,10,68.7,100,68.4,150,,,,,,,,,,,,,,,69.0,10,69.1,50,69.2,147,,,,,,,,,,,,,,
2026-07-14T20:00:45.754996+00:00,2026-07-14T20:00:45.753098,3,3,68.9,0.2,68.8,7,68.7,100,68.4,150,,,,,,,,,,,,,,,69.0,10,69.1,50,69.2,147,,,,,,,,,,,,,,
2026-07-14T20:00:45.905493+00:00,2026-07-14T20:00:45.898666,3,3,68.9,0.2,68.8,7,68.7,100,68.4,150,,,,,,,,,,,,,,,69.0,80,69.1,50,69.2,147,,,,,,,,,,,,,,
2026-07-14T20:00:46.162868+00:00,2026-07-14T20:00:46.159787,3,3,68.9,0.2,68.8,7,68.7,100,68.4,150,,,,,,,,,,,,,,,69.0,10,69.1,50,69.2,147,,,,,,,,,,,,,,
2026-07-14T20:00:46.173611+00:00,2026-07-14T20:00:46.163181,3,3,68.9,0.2,68.8,7,68.7,100,68.4,150,,,,,,,,,,,,,,,69.0,110,69.1,50,69.2,147,,,,,,,,,,,,,,
2026-07-14T20:00:46.611766+00:00,2026-07-14T20:00:46.607952,3,2,68.9,0.2,68.8,7,68.7,100,68.4,150,,,,,,,,,,,,,,,69.0,110,69.2,100,,,,,,,,,,,,,,,,
2026-07-14T20:00:46.622410+00:00,2026-07-14T20:00:46.619686,3,3,68.9,0.2,68.8,7,68.7,100,68.4,150,,,,,,,,,,,,,,,69.0,160,69.1,67,69.2,100,,,,,,,,,,,,,,
2026-07-14T20:00:46.687400+00:00,2026-07-14T20:00:46.680684,2,3,68.85,0.3,68.7,100,68.4,150,,,,,,,,,,,,,,,,,69.0,150,69.1,67,69.2,100,,,,,,,,,,,,,,
2026-07-14T20:00:46.698434+00:00,2026-07-14T20:00:46.691498,2,4,68.85,0.1,68.8,5,68.7,100,,,,,,,,,,,,,,,,,68.9,5,69.0,150,69.1,67,69.2,100,,,,,,,,,,,,
2026-07-14T20:00:46.741906+00:00,2026-07-14T20:00:46.740641,2,4,68.85,0.1,68.8,5,68.7,250,,,,,,,,,,,,,,,,,68.9,5,69.0,150,69.1,67,69.2,100,,,,,,,,,,,,
2026-07-14T20:00:46.795976+00:00,2026-07-14T20:00:46.794687,2,4,68.85,0.1,68.8,5,68.7,250,,,,,,,,,,,,,,,,,68.9,5,69.0,150,69.1,67,69.2,250,,,,,,,,,,,,
2026-07-14T20:00:46.925063+00:00,2026-07-14T20:00:46.921459,2,3,68.9,0.2,68.8,5,68.7,250,,,,,,,,,,,,,,,,,69.0,105,69.1,67,69.2,250,,,,,,,,,,,,,,
2026-07-14T20:00:46.935925+00:00,2026-07-14T20:00:46.933242,2,3,68.9,0.2,68.8,5,68.7,250,,,,,,,,,,,,,,,,,69.0,50,69.1,67,69.2,250,,,,,,,,,,,,,,
2026-07-14T20:00:46.946824+00:00,2026-07-14T20:00:46.936235,2,4,68.85,0.1,68.8,5,68.7,250,,,,,,,,,,,,,,,,,68.9,54,69.0,50,69.1,67,69.2,250,,,,,,,,,,,,
2026-07-14T20:00:47.205747+00:00,2026-07-14T20:00:47.201338,2,3,68.9,0.2,68.8,50,68.7,250,,,,,,,,,,,,,,,,,69.0,50,69.1,67,69.2,250,,,,,,,,,,,,,,
2026-07-14T20:00:47.460302+00:00,2026-07-14T20:00:47.459151,2,3,68.9,0.2,68.8,50,68.7,250,,,,,,,,,,,,,,,,,69.0,50,69.1,67,69.2,250,,,,,,,,,,,,,,
2026-07-14T20:00:47.566996+00:00,2026-07-14T20:00:47.559681,2,1,69.0,0.4,68.8,50,68.7,250,,,,,,,,,,,,,,,,,69.2,250,,,,,,,,,,,,,,,,,,
2026-07-14T20:00:47.577794+00:00,2026-07-14T20:00:47.571379,2,2,69.0,0.4,68.8,50,68.7,250,,,,,,,,,,,,,,,,,69.2,300,69.3,67,,,,,,,,,,,,,,,,
2026-07-14T20:00:47.706417+00:00,2026-07-14T20:00:47.698965,2,2,69.0,0.4,68.8,45,68.7,250,,,,,,,,,,,,,,,,,69.2,300,69.3,67,,,,,,,,,,,,,,,,
2026-07-14T20:00:47.751100+00:00,2026-07-14T20:00:47.748433,2,3,69.0,0.2,68.9,10,68.7,250,,,,,,,,,,,,,,,,,69.1,10,69.2,355,69.3,67,,,,,,,,,,,,,,
2026-07-14T20:00:48.011251+00:00,2026-07-14T20:00:48.010041,2,3,69.0,0.2,68.9,55,68.7,250,,,,,,,,,,,,,,,,,69.1,10,69.2,300,69.3,67,,,,,,,,,,,,,,
2026-07-14T20:00:48.022296+00:00,2026-07-14T20:00:48.012711,2,3,69.0,0.2,68.9,55,68.7,250,,,,,,,,,,,,,,,,,69.1,51,69.2,300,69.3,67,,,,,,,,,,,,,,
2026-07-14T20:00:48.302703+00:00,2026-07-14T20:00:48.298000,2,3,69.0,0.2,68.9,10,68.7,250,,,,,,,,,,,,,,,,,69.1,10,69.2,300,69.3,67,,,,,,,,,,,,,,
2026-07-14T20:00:48.358263+00:00,2026-07-14T20:00:48.356158,2,3,69.0,0.2,68.9,55,68.7,250,,,,,,,,,,,,,,,,,69.1,10,69.2,300,69.3,67,,,,,,,,,,,,,,
2026-07-14T20:00:48.369428+00:00,2026-07-14T20:00:48.368475,2,3,69.0,0.2,68.9,55,68.7,250,,,,,,,,,,,,,,,,,69.1,49,69.2,300,69.3,67,,,,,,,,,,,,,,
2026-07-14T20:00:48.508118+00:00,2026-07-14T20:00:48.506962,2,2,69.0,0.2,68.9,55,68.7,250,,,,,,,,,,,,,,,,,69.1,49,69.2,250,,,,,,,,,,,,,,,,
2026-07-14T20:00:48.530369+00:00,2026-07-14T20:00:48.525039,2,2,69.0,0.2,68.9,55,68.7,250,,,,,,,,,,,,,,,,,69.1,99,69.2,317,,,,,,,,,,,,,,,,
2026-07-14T20:00:48.628413+00:00,2026-07-14T20:00:48.622667,2,2,69.0,0.2,68.9,55,68.7,150,,,,,,,,,,,,,,,,,69.1,99,69.2,217,,,,,,,,,,,,,,,,
2026-07-14T20:00:48.639512+00:00,2026-07-14T20:00:48.637872,2,2,69.0,0.2,68.9,15,68.7,150,,,,,,,,,,,,,,,,,69.1,115,69.2,217,,,,,,,,,,,,,,,,
2026-07-14T20:00:48.682918+00:00,2026-07-14T20:00:48.675569,3,2,69.0,0.2,68.9,15,68.7,150,68.6,100,,,,,,,,,,,,,,,69.1,115,69.2,217,,,,,,,,,,,,,,,,
2026-07-14T20:00:48.737289+00:00,2026-07-14T20:00:48.729430,3,2,69.0,0.2,68.9,15,68.7,150,68.6,100,,,,,,,,,,,,,,,69.1,215,69.2,217,,,,,,,,,,,,,,,,
2026-07-14T20:00:48.769670+00:00,2026-07-14T20:00:48.761753,3,2,69.0,0.2,68.9,5,68.7,150,68.6,100,,,,,,,,,,,,,,,69.1,205,69.2,217,,,,,,,,,,,,,,,,
2026-07-14T20:00:48.908394+00:00,2026-07-14T20:00:48.901549,2,2,68.9,0.4,68.7,150,68.6,100,,,,,,,,,,,,,,,,,69.1,150,69.2,217,,,,,,,,,,,,,,,,
2026-07-14T20:00:48.919202+00:00,2026-07-14T20:00:48.908977,3,2,69.0,0.2,68.9,45,68.7,150,68.6,100,,,,,,,,,,,,,,,69.1,150,69.2,217,,,,,,,,,,,,,,,,
2026-07-14T20:00:48.940908+00:00,2026-07-14T20:00:48.937636,3,2,69.0,0.2,68.9,45,68.7,150,68.6,100,,,,,,,,,,,,,,,69.1,171,69.2,217,,,,,,,,,,,,,,,,
2026-07-14T20:00:49.038934+00:00,2026-07-14T20:00:49.029269,3,2,69.0,0.2,68.9,45,68.7,150,68.6,100,,,,,,,,,,,,,,,69.1,121,69.2,217,,,,,,,,,,,,,,,,
2026-07-14T20:00:49.210133+00:00,2026-07-14T20:00:49.206665,3,2,69.0,0.2,68.9,45,68.7,150,68.6,100,,,,,,,,,,,,,,,69.1,139,69.2,217,,,,,,,,,,,,,,,,
2026-07-14T20:00:49.467509+00:00,2026-07-14T20:00:49.459509,3,2,69.0,0.2,68.9,45,68.7,150,68.6,100,,,,,,,,,,,,,,,69.1,139,69.2,150,,,,,,,,,,,,,,,,
2026-07-14T20:00:49.478365+00:00,2026-07-14T20:00:49.475287,2,2,68.9,0.4,68.7,150,68.6,100,,,,,,,,,,,,,,,,,69.1,100,69.2,150,,,,,,,,,,,,,,,,
2026-07-14T20:00:49.489181+00:00,2026-07-14T20:00:49.482983,3,2,69.0,0.2,68.9,95,68.7,150,68.6,100,,,,,,,,,,,,,,,69.1,141,69.2,150,,,,,,,,,,,,,,,,
2026-07-14T20:00:49.499951+00:00,2026-07-14T20:00:49.495291,3,2,69.0,0.2,68.9,95,68.7,150,68.6,100,,,,,,,,,,,,,,,69.1,191,69.2,150,,,,,,,,,,,,,,,,
2026-07-14T20:00:49.510689+00:00,2026-07-14T20:00:49.501758,3,2,69.0,0.2,68.9,95,68.7,150,68.6,100,,,,,,,,,,,,,,,69.1,191,69.2,167,,,,,,,,,,,,,,,,
2026-07-14T20:00:49.758499+00:00,2026-07-14T20:00:49.754728,3,2,69.0,0.2,68.9,83,68.7,150,68.6,100,,,,,,,,,,,,,,,69.1,205,69.2,167,,,,,,,,,,,,,,,,
2026-07-14T20:00:49.854803+00:00,2026-07-14T20:00:49.850535,2,2,69.0,0.2,68.9,83,68.6,100,,,,,,,,,,,,,,,,,69.1,205,69.2,17,,,,,,,,,,,,,,,,
2026-07-14T20:00:49.908621+00:00,2026-07-14T20:00:49.903284,3,2,69.0,0.2,68.9,83,68.8,150,68.6,100,,,,,,,,,,,,,,,69.1,205,69.2,17,,,,,,,,,,,,,,,,
2026-07-14T20:00:49.962008+00:00,2026-07-14T20:00:49.956262,3,3,69.0,0.2,68.9,83,68.8,150,68.6,100,,,,,,,,,,,,,,,69.1,205,69.2,17,69.3,150,,,,,,,,,,,,,,
2026-07-14T20:00:50.026492+00:00,2026-07-14T20:00:50.026013,3,3,69.0,0.2,68.9,95,68.8,150,68.6,100,,,,,,,,,,,,,,,69.1,191,69.2,17,69.3,150,,,,,,,,,,,,,,
2026-07-14T20:00:50.294960+00:00,2026-07-14T20:00:50.292490,3,3,69.0,0.2,68.9,50,68.8,150,68.6,100,,,,,,,,,,,,,,,69.1,150,69.2,17,69.3,150,,,,,,,,,,,,,,
2026-07-14T20:00:50.305640+00:00,2026-07-14T20:00:50.298343,3,3,69.0,0.2,68.9,95,68.8,150,68.6,100,,,,,,,,,,,,,,,69.1,189,69.2,17,69.3,150,,,,,,,,,,,,,,
2026-07-14T20:00:50.487118+00:00,2026-07-14T20:00:50.484139,3,2,69.0,0.2,68.9,45,68.8,150,68.6,100,,,,,,,,,,,,,,,69.1,139,69.3,150,,,,,,,,,,,,,,,,
2026-07-14T20:00:50.497765+00:00,2026-07-14T20:00:50.496652,3,2,69.0,0.2,68.9,95,68.8,150,68.6,100,,,,,,,,,,,,,,,69.1,189,69.3,150,,,,,,,,,,,,,,,,
2026-07-14T20:00:50.508543+00:00,2026-07-14T20:00:50.501589,3,3,69.0,0.2,68.9,95,68.8,150,68.6,100,,,,,,,,,,,,,,,69.1,189,69.2,17,69.3,150,,,,,,,,,,,,,,
2026-07-14T20:00:51.048296+00:00,2026-07-14T20:00:51.037772,3,3,69.0,0.2,68.9,82,68.8,150,68.6,100,,,,,,,,,,,,,,,69.1,189,69.2,17,69.3,150,,,,,,,,,,,,,,
2026-07-14T20:00:51.070567+00:00,2026-07-14T20:00:51.069161,3,3,69.0,0.2,68.9,64,68.8,150,68.6,100,,,,,,,,,,,,,,,69.1,218,69.2,17,69.3,150,,,,,,,,,,,,,,
2026-07-14T20:00:51.190254+00:00,2026-07-14T20:00:51.189041,3,3,69.0,0.2,68.9,14,68.8,150,68.6,100,,,,,,,,,,,,,,,69.1,218,69.2,17,69.3,150,,,,,,,,,,,,,,
2026-07-14T20:00:51.298130+00:00,2026-07-14T20:00:51.292953,3,3,69.0,0.2,68.9,14,68.8,150,68.6,100,,,,,,,,,,,,,,,69.1,173,69.2,17,69.3,150,,,,,,,,,,,,,,
2026-07-14T20:00:51.364722+00:00,2026-07-14T20:00:51.363641,2,3,68.95,0.3,68.8,150,68.6,100,,,,,,,,,,,,,,,,,69.1,173,69.2,17,69.3,150,,,,,,,,,,,,,,
2026-07-14T20:00:51.441956+00:00,2026-07-14T20:00:51.440814,2,2,68.95,0.3,68.8,150,68.6,100,,,,,,,,,,,,,,,,,69.1,123,69.3,150,,,,,,,,,,,,,,,,
2026-07-14T20:00:51.453057+00:00,2026-07-14T20:00:51.447505,2,2,68.95,0.3,68.8,150,68.6,100,,,,,,,,,,,,,,,,,69.1,173,69.3,150,,,,,,,,,,,,,,,,
2026-07-14T20:00:51.464122+00:00,2026-07-14T20:00:51.457772,2,3,68.95,0.3,68.8,150,68.6,100,,,,,,,,,,,,,,,,,69.1,173,69.2,70,69.3,167,,,,,,,,,,,,,,
2026-07-14T20:00:51.637181+00:00,2026-07-14T20:00:51.635485,2,3,68.95,0.3,68.8,182,68.6,100,,,,,,,,,,,,,,,,,69.1,105,69.2,70,69.3,167,,,,,,,,,,,,,,
2026-07-14T20:00:51.648097+00:00,2026-07-14T20:00:51.638318,2,3,68.95,0.3,68.8,182,68.6,100,,,,,,,,,,,,,,,,,69.1,161,69.2,70,69.3,167,,,,,,,,,,,,,,
2026-07-14T20:00:51.777559+00:00,2026-07-14T20:00:51.774199,3,3,69.0,0.2,68.9,5,68.8,182,68.6,100,,,,,,,,,,,,,,,69.1,161,69.2,70,69.3,167,,,,,,,,,,,,,,
2026-07-14T20:00:51.788289+00:00,2026-07-14T20:00:51.785187,3,4,68.95,0.1,68.9,5,68.8,182,68.6,100,,,,,,,,,,,,,,,69.0,5,69.1,161,69.2,70,69.3,167,,,,,,,,,,,,
2026-07-14T20:00:51.799084+00:00,2026-07-14T20:00:51.793254,2,4,68.95,0.1,68.9,5,68.8,182,,,,,,,,,,,,,,,,,69.0,5,69.1,106,69.2,70,69.3,167,,,,,,,,,,,,
2026-07-14T20:00:51.852375+00:00,2026-07-14T20:00:51.844658,3,4,68.95,0.1,68.9,5,68.8,182,68.7,100,,,,,,,,,,,,,,,69.0,5,69.1,106,69.2,70,69.3,167,,,,,,,,,,,,
2026-07-14T20:00:51.906013+00:00,2026-07-14T20:00:51.904526,3,4,68.95,0.1,68.9,5,68.8,150,68.7,100,,,,,,,,,,,,,,,69.0,5,69.1,50,69.2,170,69.3,167,,,,,,,,,,,,
2026-07-14T20:00:51.916815+00:00,2026-07-14T20:00:51.910218,3,4,68.95,0.1,68.9,37,68.8,150,68.7,100,,,,,,,,,,,,,,,69.0,55,69.1,50,69.2,170,69.3,167,,,,,,,,,,,,
2026-07-14T20:00:52.185044+00:00,2026-07-14T20:00:52.180746,3,4,68.95,0.1,68.9,37,68.8,150,68.7,100,,,,,,,,,,,,,,,69.0,59,69.1,50,69.2,170,69.3,167,,,,,,,,,,,,
2026-07-14T20:00:52.409624+00:00,2026-07-14T20:00:52.406840,3,3,68.95,0.1,68.9,37,68.8,150,68.7,100,,,,,,,,,,,,,,,69.0,59,69.2,100,69.3,150,,,,,,,,,,,,,,
2026-07-14T20:00:52.420293+00:00,2026-07-14T20:00:52.416654,3,3,68.95,0.1,68.9,37,68.8,150,68.7,100,,,,,,,,,,,,,,,69.0,109,69.2,100,69.3,150,,,,,,,,,,,,,,
2026-07-14T20:00:52.430945+00:00,2026-07-14T20:00:52.425798,3,4,68.95,0.1,68.9,37,68.8,150,68.7,100,,,,,,,,,,,,,,,69.0,109,69.1,70,69.2,100,69.3,150,,,,,,,,,,,,
2026-07-14T20:00:52.441638+00:00,2026-07-14T20:00:52.431238,3,4,68.95,0.1,68.9,37,68.8,150,68.7,100,,,,,,,,,,,,,,,69.0,109,69.1,70,69.2,137,69.3,150,,,,,,,,,,,,
2026-07-14T20:00:52.452329+00:00,2026-07-14T20:00:52.451611,3,4,68.95,0.1,68.9,15,68.8,150,68.7,100,,,,,,,,,,,,,,,69.0,123,69.1,70,69.2,137,69.3,150,,,,,,,,,,,,
2026-07-14T20:00:52.721557+00:00,2026-07-14T20:00:52.718487,3,4,68.95,0.1,68.9,5,68.8,150,68.7,100,,,,,,,,,,,,,,,69.0,55,69.1,70,69.2,137,69.3,150,,,,,,,,,,,,
2026-07-14T20:00:52.732512+00:00,2026-07-14T20:00:52.723974,3,4,68.95,0.1,68.9,7,68.8,150,68.7,100,,,,,,,,,,,,,,,69.0,123,69.1,70,69.2,137,69.3,150,,,,,,,,,,,,
2026-07-14T20:00:52.797066+00:00,2026-07-14T20:00:52.791553,3,4,68.95,0.1,68.9,2,68.8,150,68.7,100,,,,,,,,,,,,,,,69.0,118,69.1,70,69.2,137,69.3,150,,,,,,,,,,,,
2026-07-14T20:00:52.989631+00:00,2026-07-14T20:00:52.988336,3,4,68.95,0.1,68.9,2,68.8,150,68.7,100,,,,,,,,,,,,,,,69.0,50,69.1,70,69.2,137,69.3,150,,,,,,,,,,,,
2026-07-14T20:00:53.000615+00:00,2026-07-14T20:00:52.992552,2,4,68.9,0.2,68.8,150,68.7,100,,,,,,,,,,,,,,,,,69.0,118,69.1,70,69.2,137,69.3,150,,,,,,,,,,,,
2026-07-14T20:00:53.011385+00:00,2026-07-14T20:00:53.010284,2,3,68.9,0.2,68.8,150,68.7,100,,,,,,,,,,,,,,,,,69.0,118,69.1,70,69.2,137,,,,,,,,,,,,,,
2026-07-14T20:00:53.022100+00:00,2026-07-14T20:00:53.011766,1,3,68.85,0.3,68.7,100,,,,,,,,,,,,,,,,,,,69.0,118,69.1,70,69.2,137,,,,,,,,,,,,,,
2026-07-14T20:00:53.075727+00:00,2026-07-14T20:00:53.065209,1,3,68.85,0.3,68.7,250,,,,,,,,,,,,,,,,,,,69.0,118,69.1,70,69.2,137,,,,,,,,,,,,,,
2026-07-14T20:00:53.118475+00:00,2026-07-14T20:00:53.117348,1,3,68.85,0.3,68.7,250,,,,,,,,,,,,,,,,,,,69.0,118,69.1,70,69.2,287,,,,,,,,,,,,,,
2026-07-14T20:00:53.257300+00:00,2026-07-14T20:00:53.254500,1,3,68.85,0.3,68.7,250,,,,,,,,,,,,,,,,,,,69.0,50,69.1,70,69.2,287,,,,,,,,,,,,,,
2026-07-14T20:00:53.268157+00:00,2026-07-14T20:00:53.259910,1,3,68.85,0.3,68.7,282,,,,,,,,,,,,,,,,,,,69.0,74,69.1,70,69.2,287,,,,,,,,,,,,,,
2026-07-14T20:00:53.300154+00:00,2026-07-14T20:00:53.295685,1,3,68.85,0.3,68.7,232,,,,,,,,,,,,,,,,,,,69.0,74,69.1,70,69.2,287,,,,,,,,,,,,,,
2026-07-14T20:00:53.385225+00:00,2026-07-14T20:00:53.382671,1,2,68.85,0.3,68.7,232,,,,,,,,,,,,,,,,,,,69.0,24,69.2,250,,,,,,,,,,,,,,,,
2026-07-14T20:00:53.395884+00:00,2026-07-14T20:00:53.394989,1,3,68.85,0.3,68.7,232,,,,,,,,,,,,,,,,,,,69.0,74,69.1,70,69.2,250,,,,,,,,,,,,,,
2026-07-14T20:00:53.406539+00:00,2026-07-14T20:00:53.400186,1,3,68.85,0.3,68.7,232,,,,,,,,,,,,,,,,,,,69.0,74,69.1,70,69.2,287,,,,,,,,,,,,,,
2026-07-14T20:00:53.514573+00:00,2026-07-14T20:00:53.513452,1,3,68.85,0.3,68.7,232,,,,,,,,,,,,,,,,,,,69.0,50,69.1,70,69.2,287,,,,,,,,,,,,,,
2026-07-14T20:00:53.525408+00:00,2026-07-14T20:00:53.521658,1,3,68.85,0.3,68.7,232,,,,,,,,,,,,,,,,,,,69.0,62,69.1,70,69.2,287,,,,,,,,,,,,,,
2026-07-14T20:00:53.784211+00:00,2026-07-14T20:00:53.780968,1,3,68.85,0.3,68.7,200,,,,,,,,,,,,,,,,,,,69.0,50,69.1,70,69.2,287,,,,,,,,,,,,,,
2026-07-14T20:00:53.795133+00:00,2026-07-14T20:00:53.784605,1,3,68.85,0.3,68.7,232,,,,,,,,,,,,,,,,,,,69.0,50,69.1,70,69.2,287,,,,,,,,,,,,,,
2026-07-14T20:00:53.805980+00:00,2026-07-14T20:00:53.804145,2,4,68.85,0.1,68.8,5,68.7,232,,,,,,,,,,,,,,,,,68.9,5,69.0,50,69.1,70,69.2,287,,,,,,,,,,,,
2026-07-14T20:00:54.042616+00:00,2026-07-14T20:00:54.040704,2,4,68.85,0.1,68.8,37,68.7,200,,,,,,,,,,,,,,,,,68.9,5,69.0,50,69.1,70,69.2,287,,,,,,,,,,,,
2026-07-14T20:00:54.053387+00:00,2026-07-14T20:00:54.043879,2,4,68.85,0.1,68.8,37,68.7,200,,,,,,,,,,,,,,,,,68.9,15,69.0,50,69.1,70,69.2,287,,,,,,,,,,,,
2026-07-14T20:00:54.085781+00:00,2026-07-14T20:00:54.081105,2,3,68.9,0.2,68.8,37,68.7,200,,,,,,,,,,,,,,,,,69.0,20,69.1,70,69.2,287,,,,,,,,,,,,,,
2026-07-14T20:00:54.299899+00:00,2026-07-14T20:00:54.297778,2,3,68.9,0.2,68.8,5,68.7,200,,,,,,,,,,,,,,,,,69.0,20,69.1,70,69.2,287,,,,,,,,,,,,,,
2026-07-14T20:00:54.310647+00:00,2026-07-14T20:00:54.304485,2,3,68.9,0.2,68.8,47,68.7,200,,,,,,,,,,,,,,,,,69.0,28,69.1,70,69.2,287,,,,,,,,,,,,,,
2026-07-14T20:00:54.332291+00:00,2026-07-14T20:00:54.329127,2,2,68.9,0.2,68.8,47,68.7,200,,,,,,,,,,,,,,,,,69.0,8,69.2,250,,,,,,,,,,,,,,,,
2026-07-14T20:00:54.343127+00:00,2026-07-14T20:00:54.338332,2,2,68.9,0.2,68.8,77,68.7,200,,,,,,,,,,,,,,,,,69.0,8,69.2,250,,,,,,,,,,,,,,,,
2026-07-14T20:00:54.353999+00:00,2026-07-14T20:00:54.348286,2,3,68.9,0.2,68.8,77,68.7,200,,,,,,,,,,,,,,,,,69.0,58,69.1,70,69.2,250,,,,,,,,,,,,,,
2026-07-14T20:00:54.386752+00:00,2026-07-14T20:00:54.382842,2,3,68.9,0.2,68.8,77,68.7,200,,,,,,,,,,,,,,,,,69.0,58,69.1,70,69.2,257,,,,,,,,,,,,,,
2026-07-14T20:00:54.568804+00:00,2026-07-14T20:00:54.568193,2,3,68.9,0.2,68.8,35,68.7,200,,,,,,,,,,,,,,,,,69.0,50,69.1,70,69.2,257,,,,,,,,,,,,,,
2026-07-14T20:00:54.579646+00:00,2026-07-14T20:00:54.574388,2,3,68.9,0.2,68.8,75,68.7,200,,,,,,,,,,,,,,,,,69.0,108,69.1,70,69.2,257,,,,,,,,,,,,,,
2026-07-14T20:00:54.816555+00:00,2026-07-14T20:00:54.812935,2,3,68.9,0.2,68.8,70,68.7,200,,,,,,,,,,,,,,,,,69.0,108,69.1,70,69.2,257,,,,,,,,,,,,,,
2026-07-14T20:00:54.849115+00:00,2026-07-14T20:00:54.846884,2,3,68.9,0.2,68.8,58,68.7,200,,,,,,,,,,,,,,,,,69.0,108,69.1,70,69.2,257,,,,,,,,,,,,,,
2026-07-14T20:00:54.956622+00:00,2026-07-14T20:00:54.954799,2,3,68.9,0.2,68.8,58,68.7,200,,,,,,,,,,,,,,,,,69.0,108,69.1,70,69.2,157,,,,,,,,,,,,,,
2026-07-14T20:00:54.967495+00:00,2026-07-14T20:00:54.956880,2,3,68.9,0.2,68.8,58,68.7,150,,,,,,,,,,,,,,,,,69.0,108,69.1,70,69.2,157,,,,,,,,,,,,,,
2026-07-14T20:00:55.022343+00:00,2026-07-14T20:00:55.020968,3,3,68.9,0.2,68.8,58,68.7,150,68.5,100,,,,,,,,,,,,,,,69.0,108,69.1,70,69.2,157,,,,,,,,,,,,,,
2026-07-14T20:00:55.076492+00:00,2026-07-14T20:00:55.073725,3,3,68.9,0.2,68.8,58,68.7,150,68.5,100,,,,,,,,,,,,,,,69.0,208,69.1,70,69.2,157,,,,,,,,,,,,,,
2026-07-14T20:00:55.119398+00:00,2026-07-14T20:00:55.117576,3,3,68.9,0.2,68.8,58,68.7,150,68.5,100,,,,,,,,,,,,,,,69.0,150,69.1,70,69.2,157,,,,,,,,,,,,,,
2026-07-14T20:00:55.130393+00:00,2026-07-14T20:00:55.124476,3,3,68.9,0.2,68.8,72,68.7,150,68.5,100,,,,,,,,,,,,,,,69.0,208,69.1,70,69.2,157,,,,,,,,,,,,,,
2026-07-14T20:00:55.370381+00:00,2026-07-14T20:00:55.360116,3,3,68.9,0.2,68.8,72,68.7,150,68.5,100,,,,,,,,,,,,,,,69.0,208,69.1,70,69.2,157,,,,,,,,,,,,,,
2026-07-14T20:00:55.712059+00:00,2026-07-14T20:00:55.704712,3,3,68.9,0.2,68.8,31,68.7,150,68.5,100,,,,,,,,,,,,,,,69.0,208,69.1,70,69.2,157,,,,,,,,,,,,,,
2026-07-14T20:00:55.896476+00:00,2026-07-14T20:00:55.892582,3,3,68.9,0.2,68.8,30,68.7,150,68.5,100,,,,,,,,,,,,,,,69.0,249,69.1,70,69.2,157,,,,,,,,,,,,,,
