recv_time,book_timestamp,n_bids,n_asks,mid,spread,bid_px_0,bid_vol_0,bid_px_1,bid_vol_1,bid_px_2,bid_vol_2,bid_px_3,bid_vol_3,bid_px_4,bid_vol_4,bid_px_5,bid_vol_5,bid_px_6,bid_vol_6,bid_px_7,bid_vol_7,bid_px_8,bid_vol_8,bid_px_9,bid_vol_9,ask_px_0,ask_vol_0,ask_px_1,ask_vol_1,ask_px_2,ask_vol_2,ask_px_3,ask_vol_3,ask_px_4,ask_vol_4,ask_px_5,ask_vol_5,ask_px_6,ask_vol_6,ask_px_7,ask_vol_7,ask_px_8,ask_vol_8,ask_px_9,ask_vol_9
2026-06-29T23:00:00.848921+00:00,2026-06-30T09:00:00.845349,3,2,65.15,0.1,65.1,5,64.8,100,64.7,100,,,,,,,,,,,,,,,65.2,100,65.3,150,,,,,,,,,,,,,,,,
2026-06-29T23:00:01.292887+00:00,2026-06-30T09:00:01.282824,3,2,65.15,0.1,65.1,5,64.8,100,64.7,100,,,,,,,,,,,,,,,65.2,60,65.3,150,,,,,,,,,,,,,,,,
2026-06-29T23:00:01.640774+00:00,2026-06-30T09:00:01.632712,2,1,65.15,0.1,65.1,5,64.7,100,,,,,,,,,,,,,,,,,65.2,60,,,,,,,,,,,,,,,,,,
2026-06-29T23:00:01.696088+00:00,2026-06-30T09:00:01.686027,3,1,65.15,0.1,65.1,5,64.7,100,64.5,150,,,,,,,,,,,,,,,65.2,60,,,,,,,,,,,,,,,,,,
2026-06-29T23:00:01.748013+00:00,2026-06-30T09:00:01.741452,2,2,64.85,0.3,64.7,100,64.5,150,,,,,,,,,,,,,,,,,65.0,145,65.2,60,,,,,,,,,,,,,,,,
2026-06-29T23:00:02.085442+00:00,2026-06-30T09:00:02.084442,2,2,64.85,0.3,64.7,50,64.5,150,,,,,,,,,,,,,,,,,65.0,145,65.2,60,,,,,,,,,,,,,,,,
2026-06-29T23:00:02.984306+00:00,2026-06-30T09:00:02.976242,1,1,64.75,0.5,64.5,150,,,,,,,,,,,,,,,,,,,65.0,145,,,,,,,,,,,,,,,,,,
2026-06-29T23:00:03.038699+00:00,2026-06-30T09:00:03.030137,2,1,64.9,0.2,64.8,100,64.5,150,,,,,,,,,,,,,,,,,65.0,145,,,,,,,,,,,,,,,,,,
2026-06-29T23:00:03.094029+00:00,2026-06-30T09:00:03.082978,2,2,64.9,0.2,64.8,100,64.5,150,,,,,,,,,,,,,,,,,65.0,145,65.3,100,,,,,,,,,,,,,,,,
2026-06-29T23:00:03.105095+00:00,2026-06-30T09:00:03.100088,2,2,64.9,0.2,64.8,100,64.5,150,,,,,,,,,,,,,,,,,65.0,140,65.3,100,,,,,,,,,,,,,,,,
2026-06-29T23:00:03.703443+00:00,2026-06-30T09:00:03.695374,2,2,64.9,0.2,64.8,100,64.5,150,,,,,,,,,,,,,,,,,65.0,136,65.3,100,,,,,,,,,,,,,,,,
2026-06-29T23:00:03.768904+00:00,2026-06-30T09:00:03.767345,2,2,64.9,0.2,64.8,100,64.5,150,,,,,,,,,,,,,,,,,65.0,132,65.3,100,,,,,,,,,,,,,,,,
2026-06-29T23:00:04.107500+00:00,2026-06-30T09:00:04.105473,2,2,64.9,0.2,64.8,100,64.5,150,,,,,,,,,,,,,,,,,65.0,128,65.3,100,,,,,,,,,,,,,,,,
2026-06-29T23:00:04.139805+00:00,2026-06-30T09:00:04.131742,2,2,64.9,0.2,64.8,100,64.5,150,,,,,,,,,,,,,,,,,65.0,124,65.3,100,,,,,,,,,,,,,,,,
2026-06-29T23:00:04.195112+00:00,2026-06-30T09:00:04.192112,2,2,64.9,0.2,64.8,50,64.5,150,,,,,,,,,,,,,,,,,65.0,124,65.3,100,,,,,,,,,,,,,,,,
2026-06-29T23:00:04.706407+00:00,2026-06-30T09:00:04.696343,3,2,64.95,0.1,64.9,4,64.8,50,64.5,150,,,,,,,,,,,,,,,65.0,124,65.3,100,,,,,,,,,,,,,,,,
2026-06-29T23:00:04.804094+00:00,2026-06-30T09:00:04.797084,2,1,65.1,0.4,64.9,4,64.8,50,,,,,,,,,,,,,,,,,65.3,100,,,,,,,,,,,,,,,,,,
2026-06-29T23:00:04.848357+00:00,2026-06-30T09:00:04.845357,1,1,65.05,0.5,64.8,14,,,,,,,,,,,,,,,,,,,65.3,100,,,,,,,,,,,,,,,,,,
2026-06-29T23:00:04.858917+00:00,2026-06-30T09:00:04.852357,1,1,65.05,0.5,64.8,164,,,,,,,,,,,,,,,,,,,65.3,100,,,,,,,,,,,,,,,,,,
2026-06-29T23:00:04.914248+00:00,2026-06-30T09:00:04.906184,2,1,65.1,0.4,64.9,4,64.8,164,,,,,,,,,,,,,,,,,65.3,250,,,,,,,,,,,,,,,,,,
2026-06-29T23:00:05.465192+00:00,2026-06-30T09:00:05.460192,2,1,65.1,0.4,64.9,4,64.8,164,,,,,,,,,,,,,,,,,65.3,203,,,,,,,,,,,,,,,,,,
2026-06-29T23:00:05.737534+00:00,2026-06-30T09:00:05.728534,2,2,65.05,0.3,64.9,4,64.8,164,,,,,,,,,,,,,,,,,65.2,2,65.3,203,,,,,,,,,,,,,,,,
2026-06-29T23:00:06.137790+00:00,2026-06-30T09:00:06.136791,2,2,65.05,0.3,64.9,4,64.8,164,,,,,,,,,,,,,,,,,65.2,2,65.3,150,,,,,,,,,,,,,,,,
2026-06-29T23:00:06.147907+00:00,2026-06-30T09:00:06.137970,2,2,65.05,0.3,64.9,4,64.8,150,,,,,,,,,,,,,,,,,65.2,2,65.3,150,,,,,,,,,,,,,,,,
2026-06-29T23:00:06.202304+00:00,2026-06-30T09:00:06.200304,3,2,65.05,0.3,64.9,4,64.8,150,64.7,100,,,,,,,,,,,,,,,65.2,2,65.3,150,,,,,,,,,,,,,,,,
2026-06-29T23:00:06.257625+00:00,2026-06-30T09:00:06.253625,3,2,65.05,0.3,64.9,4,64.8,150,64.7,100,,,,,,,,,,,,,,,65.2,100,65.3,102,,,,,,,,,,,,,,,,
2026-06-29T23:00:06.267748+00:00,2026-06-30T09:00:06.264698,3,2,65.05,0.3,64.9,4,64.8,150,64.7,100,,,,,,,,,,,,,,,65.2,101,65.3,102,,,,,,,,,,,,,,,,
2026-06-29T23:00:06.607417+00:00,2026-06-30T09:00:06.605417,3,2,65.05,0.3,64.9,4,64.8,150,64.7,100,,,,,,,,,,,,,,,65.2,76,65.3,102,,,,,,,,,,,,,,,,
2026-06-29T23:00:07.431865+00:00,2026-06-30T09:00:07.425802,3,2,65.05,0.3,64.9,4,64.8,150,64.7,100,,,,,,,,,,,,,,,65.2,75,65.3,102,,,,,,,,,,,,,,,,
2026-06-29T23:00:07.962975+00:00,2026-06-30T09:00:07.961976,3,1,65.05,0.3,64.9,4,64.8,150,64.7,100,,,,,,,,,,,,,,,65.2,75,,,,,,,,,,,,,,,,,,
2026-06-29T23:00:07.974039+00:00,2026-06-30T09:00:07.963976,2,1,65.05,0.3,64.9,4,64.7,100,,,,,,,,,,,,,,,,,65.2,75,,,,,,,,,,,,,,,,,,
2026-06-29T23:00:08.027402+00:00,2026-06-30T09:00:08.022349,3,0,,,65.3,75,64.9,4,64.7,100,,,,,,,,,,,,,,,,,,,,,,,,,,,,,,,,,,
2026-06-29T23:00:08.081752+00:00,2026-06-30T09:00:08.074689,3,1,65.55,0.5,65.3,75,64.9,4,64.7,100,,,,,,,,,,,,,,,65.8,150,,,,,,,,,,,,,,,,,,
2026-06-29T23:00:08.308265+00:00,2026-06-30T09:00:08.299705,3,1,65.55,0.5,65.3,27,64.9,4,64.7,100,,,,,,,,,,,,,,,65.8,150,,,,,,,,,,,,,,,,,,
2026-06-29T23:00:08.374166+00:00,2026-06-30T09:00:08.367155,3,1,65.55,0.5,65.3,27,64.9,4,64.7,100,,,,,,,,,,,,,,,65.8,100,,,,,,,,,,,,,,,,,,
2026-06-29T23:00:09.327681+00:00,2026-06-30T09:00:09.317730,2,1,65.55,0.5,65.3,27,64.9,4,,,,,,,,,,,,,,,,,65.8,100,,,,,,,,,,,,,,,,,,
2026-06-29T23:00:09.382058+00:00,2026-06-30T09:00:09.373988,2,1,65.55,0.5,65.3,127,64.9,4,,,,,,,,,,,,,,,,,65.8,100,,,,,,,,,,,,,,,,,,
2026-06-29T23:00:09.414293+00:00,2026-06-30T09:00:09.413286,2,1,65.55,0.5,65.3,127,64.9,4,,,,,,,,,,,,,,,,,65.8,200,,,,,,,,,,,,,,,,,,
2026-06-29T23:00:09.980962+00:00,2026-06-30T09:00:09.970024,2,1,65.55,0.5,65.3,84,64.9,4,,,,,,,,,,,,,,,,,65.8,200,,,,,,,,,,,,,,,,,,
2026-06-29T23:00:10.537128+00:00,2026-06-30T09:00:10.526079,2,1,65.55,0.5,65.3,84,64.9,4,,,,,,,,,,,,,,,,,65.8,150,,,,,,,,,,,,,,,,,,
2026-06-29T23:00:11.133873+00:00,2026-06-30T09:00:11.129873,2,1,65.55,0.5,65.3,84,64.9,4,,,,,,,,,,,,,,,,,65.8,100,,,,,,,,,,,,,,,,,,
2026-06-29T23:00:11.187757+00:00,2026-06-30T09:00:11.183193,2,1,65.55,0.5,65.3,84,64.9,154,,,,,,,,,,,,,,,,,65.8,100,,,,,,,,,,,,,,,,,,
2026-06-29T23:00:11.242118+00:00,2026-06-30T09:00:11.236055,2,2,65.35,0.1,65.3,84,64.9,154,,,,,,,,,,,,,,,,,65.4,150,65.8,100,,,,,,,,,,,,,,,,
2026-06-29T23:00:11.624134+00:00,2026-06-30T09:00:11.622134,2,2,65.35,0.1,65.3,84,64.9,154,,,,,,,,,,,,,,,,,65.4,125,65.8,100,,,,,,,,,,,,,,,,
2026-06-29T23:00:12.470967+00:00,2026-06-30T09:00:12.466903,1,1,65.15,0.5,64.9,154,,,,,,,,,,,,,,,,,,,65.4,125,,,,,,,,,,,,,,,,,,
2026-06-29T23:00:12.526299+00:00,2026-06-30T09:00:12.520300,2,1,65.3,0.2,65.2,100,64.9,154,,,,,,,,,,,,,,,,,65.4,125,,,,,,,,,,,,,,,,,,
2026-06-29T23:00:12.579713+00:00,2026-06-30T09:00:12.573643,2,2,65.3,0.2,65.2,100,64.9,154,,,,,,,,,,,,,,,,,65.4,125,65.7,100,,,,,,,,,,,,,,,,
2026-06-29T23:00:12.590808+00:00,2026-06-30T09:00:12.586713,2,2,65.3,0.2,65.2,100,64.9,154,,,,,,,,,,,,,,,,,65.4,75,65.7,100,,,,,,,,,,,,,,,,
2026-06-29T23:00:13.230707+00:00,2026-06-30T09:00:13.226636,2,2,65.3,0.2,65.2,100,64.9,154,,,,,,,,,,,,,,,,,65.4,31,65.7,100,,,,,,,,,,,,,,,,
2026-06-29T23:00:14.126214+00:00,2026-06-30T09:00:14.117204,2,2,65.3,0.2,65.2,100,64.9,152,,,,,,,,,,,,,,,,,65.4,31,65.7,100,,,,,,,,,,,,,,,,
2026-06-29T23:00:14.297815+00:00,2026-06-30T09:00:14.290267,2,1,65.45,0.5,65.2,100,64.9,2,,,,,,,,,,,,,,,,,65.7,100,,,,,,,,,,,,,,,,,,
2026-06-29T23:00:14.352069+00:00,2026-06-30T09:00:14.347068,2,1,65.45,0.5,65.2,250,64.9,2,,,,,,,,,,,,,,,,,65.7,100,,,,,,,,,,,,,,,,,,
2026-06-29T23:00:14.407298+00:00,2026-06-30T09:00:14.398298,2,1,65.45,0.5,65.2,250,64.9,2,,,,,,,,,,,,,,,,,65.7,250,,,,,,,,,,,,,,,,,,
2026-06-29T23:00:14.700997+00:00,2026-06-30T09:00:14.694934,1,1,65.45,0.5,65.2,250,,,,,,,,,,,,,,,,,,,65.7,200,,,,,,,,,,,,,,,,,,
2026-06-29T23:00:15.637354+00:00,2026-06-30T09:00:15.635354,1,1,65.45,0.5,65.2,150,,,,,,,,,,,,,,,,,,,65.7,150,,,,,,,,,,,,,,,,,,
2026-06-29T23:00:15.690765+00:00,2026-06-30T09:00:15.685704,1,1,65.45,0.5,65.2,250,,,,,,,,,,,,,,,,,,,65.7,150,,,,,,,,,,,,,,,,,,
2026-06-29T23:00:15.799949+00:00,2026-06-30T09:00:15.788942,1,1,65.45,0.5,65.2,250,,,,,,,,,,,,,,,,,,,65.7,250,,,,,,,,,,,,,,,,,,
2026-06-29T23:00:16.618481+00:00,2026-06-30T09:00:16.613921,1,1,65.45,0.5,65.2,202,,,,,,,,,,,,,,,,,,,65.7,250,,,,,,,,,,,,,,,,,,
2026-06-29T23:00:16.804215+00:00,2026-06-30T09:00:16.798215,1,1,65.45,0.5,65.2,202,,,,,,,,,,,,,,,,,,,65.7,200,,,,,,,,,,,,,,,,,,
2026-06-29T23:00:17.457476+00:00,2026-06-30T09:00:17.453450,1,1,65.45,0.5,65.2,100,,,,,,,,,,,,,,,,,,,65.7,100,,,,,,,,,,,,,,,,,,
2026-06-29T23:00:17.511874+00:00,2026-06-30T09:00:17.505812,1,1,65.45,0.5,65.2,250,,,,,,,,,,,,,,,,,,,65.7,100,,,,,,,,,,,,,,,,,,
2026-06-29T23:00:17.522936+00:00,2026-06-30T09:00:17.512059,1,2,65.3,0.2,65.2,250,,,,,,,,,,,,,,,,,,,65.4,6,65.7,100,,,,,,,,,,,,,,,,
2026-06-29T23:00:17.577307+00:00,2026-06-30T09:00:17.568261,1,2,65.3,0.2,65.2,250,,,,,,,,,,,,,,,,,,,65.4,6,65.7,250,,,,,,,,,,,,,,,,
2026-06-29T23:00:18.837820+00:00,2026-06-30T09:00:18.833240,1,1,65.45,0.5,65.2,150,,,,,,,,,,,,,,,,,,,65.7,150,,,,,,,,,,,,,,,,,,
2026-06-29T23:00:18.892200+00:00,2026-06-30T09:00:18.885138,2,1,65.5,0.4,65.3,100,65.2,150,,,,,,,,,,,,,,,,,65.7,150,,,,,,,,,,,,,,,,,,
2026-06-29T23:00:18.914327+00:00,2026-06-30T09:00:18.903416,2,1,65.5,0.4,65.3,100,65.2,150,,,,,,,,,,,,,,,,,65.7,100,,,,,,,,,,,,,,,,,,
2026-06-29T23:00:18.947510+00:00,2026-06-30T09:00:18.938510,2,2,65.5,0.4,65.3,100,65.2,150,,,,,,,,,,,,,,,,,65.7,100,65.8,100,,,,,,,,,,,,,,,,
2026-06-29T23:00:20.514054+00:00,2026-06-30T09:00:20.510054,2,2,65.5,0.4,65.3,100,65.2,150,,,,,,,,,,,,,,,,,65.7,58,65.8,100,,,,,,,,,,,,,,,,
2026-06-29T23:00:20.622855+00:00,2026-06-30T09:00:20.615793,1,1,65.55,0.5,65.3,100,,,,,,,,,,,,,,,,,,,65.8,100,,,,,,,,,,,,,,,,,,
2026-06-29T23:00:20.677217+00:00,2026-06-30T09:00:20.671170,2,0,,,65.8,50,65.3,100,,,,,,,,,,,,,,,,,,,,,,,,,,,,,,,,,,,,
2026-06-29T23:00:20.731092+00:00,2026-06-30T09:00:20.724030,2,1,66.05,0.5,65.8,50,65.3,100,,,,,,,,,,,,,,,,,66.3,150,,,,,,,,,,,,,,,,,,
2026-06-29T23:00:21.068662+00:00,2026-06-30T09:00:21.062111,1,1,65.8,1.0,65.3,100,,,,,,,,,,,,,,,,,,,66.3,150,,,,,,,,,,,,,,,,,,
2026-06-29T23:00:21.994345+00:00,2026-06-30T09:00:21.991345,0,1,,,,,,,,,,,,,,,,,,,,,,,66.3,150,,,,,,,,,,,,,,,,,,
2026-06-29T23:00:22.048251+00:00,2026-06-30T09:00:22.045691,1,1,65.95,0.7,65.6,100,,,,,,,,,,,,,,,,,,,66.3,150,,,,,,,,,,,,,,,,,,
2026-06-29T23:00:22.103097+00:00,2026-06-30T09:00:22.097087,1,2,65.85,0.5,65.6,100,,,,,,,,,,,,,,,,,,,66.1,100,66.3,150,,,,,,,,,,,,,,,,
2026-06-29T23:00:22.658360+00:00,2026-06-30T09:00:22.650792,2,2,65.85,0.5,65.6,100,65.2,4,,,,,,,,,,,,,,,,,66.1,100,66.3,150,,,,,,,,,,,,,,,,
2026-06-29T23:00:23.182881+00:00,2026-06-30T09:00:23.176817,2,2,65.85,0.5,65.6,50,65.2,4,,,,,,,,,,,,,,,,,66.1,100,66.3,150,,,,,,,,,,,,,,,,
2026-06-29T23:00:23.477700+00:00,2026-06-30T09:00:23.476156,2,2,65.85,0.5,65.6,50,65.2,3,,,,,,,,,,,,,,,,,66.1,100,66.3,150,,,,,,,,,,,,,,,,
2026-06-29T23:00:23.783285+00:00,2026-06-30T09:00:23.776237,2,1,65.85,0.5,65.6,50,65.2,3,,,,,,,,,,,,,,,,,66.1,100,,,,,,,,,,,,,,,,,,
2026-06-29T23:00:23.837585+00:00,2026-06-30T09:00:23.828537,3,1,65.85,0.5,65.6,50,65.4,150,65.2,3,,,,,,,,,,,,,,,66.1,100,,,,,,,,,,,,,,,,,,
2026-06-29T23:00:23.891842+00:00,2026-06-30T09:00:23.882793,3,2,65.75,0.3,65.6,50,65.4,150,65.2,3,,,,,,,,,,,,,,,65.9,150,66.1,100,,,,,,,,,,,,,,,,
2026-06-29T23:00:24.370108+00:00,2026-06-30T09:00:24.359195,3,2,65.75,0.3,65.6,50,65.4,150,65.2,2,,,,,,,,,,,,,,,65.9,150,66.1,100,,,,,,,,,,,,,,,,
2026-06-29T23:00:25.153235+00:00,2026-06-30T09:00:25.149235,3,1,65.75,0.3,65.6,50,65.4,150,65.2,2,,,,,,,,,,,,,,,65.9,150,,,,,,,,,,,,,,,,,,
2026-06-29T23:00:25.164299+00:00,2026-06-30T09:00:25.153376,2,1,65.65,0.5,65.4,150,65.2,2,,,,,,,,,,,,,,,,,65.9,150,,,,,,,,,,,,,,,,,,
2026-06-29T23:00:25.218176+00:00,2026-06-30T09:00:25.208616,3,1,65.85,0.1,65.8,100,65.4,150,65.2,2,,,,,,,,,,,,,,,65.9,150,,,,,,,,,,,,,,,,,,
2026-06-29T23:00:25.273029+00:00,2026-06-30T09:00:25.261966,3,2,65.85,0.1,65.8,100,65.4,150,65.2,2,,,,,,,,,,,,,,,65.9,150,66.3,100,,,,,,,,,,,,,,,,
2026-06-29T23:00:25.284091+00:00,2026-06-30T09:00:25.283091,3,2,65.85,0.1,65.8,50,65.4,150,65.2,2,,,,,,,,,,,,,,,65.9,150,66.3,100,,,,,,,,,,,,,,,,
2026-06-29T23:00:25.369686+00:00,2026-06-30T09:00:25.362624,3,2,65.85,0.1,65.8,50,65.4,150,65.2,1,,,,,,,,,,,,,,,65.9,150,66.3,100,,,,,,,,,,,,,,,,
2026-06-29T23:00:25.727450+00:00,2026-06-30T09:00:25.718423,3,2,65.85,0.1,65.8,2,65.4,150,65.2,1,,,,,,,,,,,,,,,65.9,150,66.3,100,,,,,,,,,,,,,,,,
2026-06-29T23:00:26.652056+00:00,2026-06-30T09:00:26.640953,2,2,65.65,0.5,65.4,150,65.2,1,,,,,,,,,,,,,,,,,65.9,150,66.3,100,,,,,,,,,,,,,,,,
2026-06-29T23:00:26.945398+00:00,2026-06-30T09:00:26.938398,1,1,65.75,1.1,65.2,1,,,,,,,,,,,,,,,,,,,66.3,100,,,,,,,,,,,,,,,,,,
2026-06-29T23:00:26.987710+00:00,2026-06-30T09:00:26.977767,0,1,,,,,,,,,,,,,,,,,,,,,,,66.3,100,,,,,,,,,,,,,,,,,,
2026-06-29T23:00:26.997840+00:00,2026-06-30T09:00:26.990776,1,1,65.8,1.0,65.3,150,,,,,,,,,,,,,,,,,,,66.3,100,,,,,,,,,,,,,,,,,,
2026-06-29T23:00:27.052234+00:00,2026-06-30T09:00:27.044170,1,2,65.55,0.5,65.3,150,,,,,,,,,,,,,,,,,,,65.8,150,66.3,100,,,,,,,,,,,,,,,,
2026-06-29T23:00:27.184097+00:00,2026-06-30T09:00:27.174034,1,2,65.55,0.5,65.3,107,,,,,,,,,,,,,,,,,,,65.8,150,66.3,100,,,,,,,,,,,,,,,,
2026-06-29T23:00:27.402085+00:00,2026-06-30T09:00:27.391164,1,2,65.55,0.5,65.3,57,,,,,,,,,,,,,,,,,,,65.8,150,66.3,100,,,,,,,,,,,,,,,,
2026-06-29T23:00:28.327304+00:00,2026-06-30T09:00:28.317294,1,1,65.55,0.5,65.3,57,,,,,,,,,,,,,,,,,,,65.8,150,,,,,,,,,,,,,,,,,,
2026-06-29T23:00:28.381243+00:00,2026-06-30T09:00:28.370160,2,1,65.6,0.4,65.4,100,65.3,57,,,,,,,,,,,,,,,,,65.8,150,,,,,,,,,,,,,,,,,,
2026-06-29T23:00:28.425500+00:00,2026-06-30T09:00:28.423500,2,2,65.6,0.4,65.4,100,65.3,57,,,,,,,,,,,,,,,,,65.8,150,65.9,100,,,,,,,,,,,,,,,,
2026-06-29T23:00:28.458253+00:00,2026-06-30T09:00:28.455684,2,3,65.5,0.2,65.4,100,65.3,57,,,,,,,,,,,,,,,,,65.6,5,65.8,150,65.9,100,,,,,,,,,,,,,,
2026-06-29T23:00:28.741263+00:00,2026-06-30T09:00:28.732193,2,3,65.5,0.2,65.4,100,65.3,57,,,,,,,,,,,,,,,,,65.6,4,65.8,150,65.9,100,,,,,,,,,,,,,,
2026-06-29T23:00:29.285459+00:00,2026-06-30T09:00:29.275396,2,2,65.6,0.4,65.4,100,65.3,57,,,,,,,,,,,,,,,,,65.8,108,65.9,100,,,,,,,,,,,,,,,,
2026-06-29T23:00:29.416294+00:00,2026-06-30T09:00:29.411294,2,3,65.55,0.3,65.4,100,65.3,57,,,,,,,,,,,,,,,,,65.7,4,65.8,108,65.9,100,,,,,,,,,,,,,,
2026-06-29T23:00:29.458616+00:00,2026-06-30T09:00:29.448227,2,3,65.55,0.3,65.4,102,65.3,57,,,,,,,,,,,,,,,,,65.7,4,65.8,108,65.9,100,,,,,,,,,,,,,,
2026-06-29T23:00:29.502907+00:00,2026-06-30T09:00:29.500906,2,3,65.55,0.3,65.4,52,65.3,57,,,,,,,,,,,,,,,,,65.7,4,65.8,108,65.9,100,,,,,,,,,,,,,,
2026-06-29T23:00:30.109644+00:00,2026-06-30T09:00:30.099546,1,2,65.55,0.3,65.4,52,,,,,,,,,,,,,,,,,,,65.7,4,65.9,100,,,,,,,,,,,,,,,,
2026-06-29T23:00:30.153890+00:00,2026-06-30T09:00:30.151890,2,2,65.55,0.3,65.4,52,65.2,150,,,,,,,,,,,,,,,,,65.7,4,65.9,100,,,,,,,,,,,,,,,,
2026-06-29T23:00:30.207757+00:00,2026-06-30T09:00:30.204197,2,2,65.55,0.3,65.4,52,65.2,150,,,,,,,,,,,,,,,,,65.7,154,65.9,100,,,,,,,,,,,,,,,,
2026-06-29T23:00:30.989058+00:00,2026-06-30T09:00:30.981488,2,2,65.55,0.3,65.4,52,65.2,150,,,,,,,,,,,,,,,,,65.7,153,65.9,100,,,,,,,,,,,,,,,,
2026-06-29T23:00:31.077592+00:00,2026-06-30T09:00:31.067582,2,2,65.55,0.3,65.4,50,65.2,150,,,,,,,,,,,,,,,,,65.7,153,65.9,100,,,,,,,,,,,,,,,,
2026-06-29T23:00:31.283057+00:00,2026-06-30T09:00:31.281057,2,2,65.55,0.3,65.4,50,65.2,150,,,,,,,,,,,,,,,,,65.7,112,65.9,100,,,,,,,,,,,,,,,,
2026-06-29T23:00:31.478878+00:00,2026-06-30T09:00:31.477319,2,1,65.55,0.3,65.4,50,65.2,150,,,,,,,,,,,,,,,,,65.7,112,,,,,,,,,,,,,,,,,,
2026-06-29T23:00:31.489958+00:00,2026-06-30T09:00:31.479030,1,1,65.45,0.5,65.2,150,,,,,,,,,,,,,,,,,,,65.7,112,,,,,,,,,,,,,,,,,,
2026-06-29T23:00:31.534222+00:00,2026-06-30T09:00:31.531222,2,1,65.55,0.3,65.4,100,65.2,150,,,,,,,,,,,,,,,,,65.7,112,,,,,,,,,,,,,,,,,,
2026-06-29T23:00:31.588092+00:00,2026-06-30T09:00:31.584533,2,2,65.55,0.3,65.4,100,65.2,150,,,,,,,,,,,,,,,,,65.7,112,65.9,100,,,,,,,,,,,,,,,,
2026-06-29T23:00:31.608793+00:00,2026-06-30T09:00:31.607783,2,2,65.55,0.3,65.4,50,65.2,150,,,,,,,,,,,,,,,,,65.7,112,65.9,100,,,,,,,,,,,,,,,,
2026-06-29T23:00:31.675170+00:00,2026-06-30T09:00:31.667159,2,2,65.55,0.3,65.4,50,65.2,150,,,,,,,,,,,,,,,,,65.7,87,65.9,100,,,,,,,,,,,,,,,,
2026-06-29T23:00:32.024017+00:00,2026-06-30T09:00:32.020009,3,3,65.5,0.2,65.4,50,65.3,4,65.2,150,,,,,,,,,,,,,,,65.6,2,65.7,87,65.9,100,,,,,,,,,,,,,,
2026-06-29T23:00:32.995329+00:00,2026-06-30T09:00:32.984266,3,3,65.5,0.2,65.4,50,65.3,4,65.2,150,,,,,,,,,,,,,,,65.6,1,65.7,87,65.9,100,,,,,,,,,,,,,,
2026-06-29T23:00:33.267173+00:00,2026-06-30T09:00:33.258173,2,2,65.5,0.2,65.4,50,65.3,4,,,,,,,,,,,,,,,,,65.6,1,65.9,100,,,,,,,,,,,,,,,,
2026-06-29T23:00:33.321104+00:00,2026-06-30T09:00:33.312042,3,2,65.55,0.1,65.5,150,65.4,50,65.3,4,,,,,,,,,,,,,,,65.6,1,65.9,100,,,,,,,,,,,,,,,,
2026-06-29T23:00:33.365357+00:00,2026-06-30T09:00:33.364357,3,3,65.55,0.1,65.5,150,65.4,50,65.3,4,,,,,,,,,,,,,,,65.6,1,65.9,100,66.0,150,,,,,,,,,,,,,,
2026-06-29T23:00:33.724280+00:00,2026-06-30T09:00:33.717270,3,2,65.7,0.4,65.5,100,65.4,50,65.3,4,,,,,,,,,,,,,,,65.9,100,66.0,150,,,,,,,,,,,,,,,,
2026-06-29T23:00:34.638939+00:00,2026-06-30T09:00:34.638939,3,1,65.75,0.5,65.5,100,65.4,50,65.3,4,,,,,,,,,,,,,,,66.0,150,,,,,,,,,,,,,,,,,,
2026-06-29T23:00:34.650020+00:00,2026-06-30T09:00:34.639958,2,1,65.75,0.5,65.5,100,65.3,4,,,,,,,,,,,,,,,,,66.0,150,,,,,,,,,,,,,,,,,,
2026-06-29T23:00:34.694271+00:00,2026-06-30T09:00:34.692271,3,1,65.75,0.5,65.5,100,65.3,4,65.2,100,,,,,,,,,,,,,,,66.0,150,,,,,,,,,,,,,,,,,,
2026-06-29T23:00:34.748667+00:00,2026-06-30T09:00:34.744106,3,2,65.6,0.2,65.5,100,65.3,4,65.2,100,,,,,,,,,,,,,,,65.7,100,66.0,150,,,,,,,,,,,,,,,,
2026-06-29T23:00:35.772028+00:00,2026-06-30T09:00:35.771019,3,2,65.6,0.2,65.5,100,65.3,4,65.2,100,,,,,,,,,,,,,,,65.7,50,66.0,150,,,,,,,,,,,,,,,,
2026-06-29T23:00:36.425208+00:00,2026-06-30T09:00:36.423207,2,1,65.5,0.4,65.3,4,65.2,100,,,,,,,,,,,,,,,,,65.7,50,,,,,,,,,,,,,,,,,,
2026-06-29T23:00:36.478078+00:00,2026-06-30T09:00:36.472519,3,1,65.5,0.4,65.3,4,65.2,100,65.1,150,,,,,,,,,,,,,,,65.7,50,,,,,,,,,,,,,,,,,,
2026-06-29T23:00:36.532923+00:00,2026-06-30T09:00:36.524860,3,2,65.45,0.3,65.3,4,65.2,100,65.1,150,,,,,,,,,,,,,,,65.6,150,65.7,50,,,,,,,,,,,,,,,,
2026-06-29T23:00:37.801158+00:00,2026-06-30T09:00:37.799158,2,1,65.45,0.3,65.3,4,65.1,150,,,,,,,,,,,,,,,,,65.6,150,,,,,,,,,,,,,,,,,,
2026-06-29T23:00:37.856468+00:00,2026-06-30T09:00:37.851468,2,1,65.45,0.3,65.3,104,65.1,150,,,,,,,,,,,,,,,,,65.6,150,,,,,,,,,,,,,,,,,,
2026-06-29T23:00:37.910885+00:00,2026-06-30T09:00:37.906821,2,2,65.45,0.3,65.3,104,65.1,150,,,,,,,,,,,,,,,,,65.6,150,65.8,100,,,,,,,,,,,,,,,,
2026-06-29T23:00:38.573272+00:00,2026-06-30T09:00:38.564209,2,2,65.45,0.3,65.3,62,65.1,150,,,,,,,,,,,,,,,,,65.6,150,65.8,100,,,,,,,,,,,,,,,,
2026-06-29T23:00:39.586557+00:00,2026-06-30T09:00:39.580557,1,1,65.55,0.5,65.3,62,,,,,,,,,,,,,,,,,,,65.8,100,,,,,,,,,,,,,,,,,,
2026-06-29T23:00:39.640968+00:00,2026-06-30T09:00:39.633904,2,1,65.55,0.5,65.3,62,65.1,150,,,,,,,,,,,,,,,,,65.8,100,,,,,,,,,,,,,,,,,,
2026-06-29T23:00:39.696273+00:00,2026-06-30T09:00:39.688264,2,2,65.45,0.3,65.3,62,65.1,150,,,,,,,,,,,,,,,,,65.6,150,65.8,100,,,,,,,,,,,,,,,,
2026-06-29T23:00:39.990816+00:00,2026-06-30T09:00:39.980754,2,2,65.45,0.3,65.3,62,65.1,150,,,,,,,,,,,,,,,,,65.6,100,65.8,100,,,,,,,,,,,,,,,,
2026-06-29T23:00:40.972998+00:00,2026-06-30T09:00:40.961936,1,1,65.35,0.5,65.1,150,,,,,,,,,,,,,,,,,,,65.6,100,,,,,,,,,,,,,,,,,,
2026-06-29T23:00:41.017242+00:00,2026-06-30T09:00:41.014242,2,1,65.4,0.4,65.2,100,65.1,150,,,,,,,,,,,,,,,,,65.6,100,,,,,,,,,,,,,,,,,,
2026-06-29T23:00:41.070716+00:00,2026-06-30T09:00:41.067705,2,2,65.4,0.4,65.2,100,65.1,150,,,,,,,,,,,,,,,,,65.6,100,65.7,100,,,,,,,,,,,,,,,,
2026-06-29T23:00:41.700923+00:00,2026-06-30T09:00:41.697913,2,2,65.4,0.4,65.2,100,65.1,150,,,,,,,,,,,,,,,,,65.6,75,65.7,100,,,,,,,,,,,,,,,,
2026-06-29T23:00:41.843902+00:00,2026-06-30T09:00:41.835839,2,2,65.4,0.4,65.2,100,65.1,150,,,,,,,,,,,,,,,,,65.6,26,65.7,100,,,,,,,,,,,,,,,,
2026-06-29T23:00:42.093063+00:00,2026-06-30T09:00:42.086000,2,1,65.45,0.5,65.2,100,65.1,150,,,,,,,,,,,,,,,,,65.7,76,,,,,,,,,,,,,,,,,,
2026-06-29T23:00:42.743136+00:00,2026-06-30T09:00:42.742136,1,1,65.45,0.5,65.2,100,,,,,,,,,,,,,,,,,,,65.7,76,,,,,,,,,,,,,,,,,,
2026-06-29T23:00:42.797494+00:00,2026-06-30T09:00:42.795447,2,0,,,65.8,74,65.2,100,,,,,,,,,,,,,,,,,,,,,,,,,,,,,,,,,,,,
2026-06-29T23:00:42.851874+00:00,2026-06-30T09:00:42.850874,2,1,66.05,0.5,65.8,74,65.2,100,,,,,,,,,,,,,,,,,66.3,150,,,,,,,,,,,,,,,,,,
2026-06-29T23:00:43.267063+00:00,2026-06-30T09:00:43.262063,2,1,66.05,0.5,65.8,32,65.2,100,,,,,,,,,,,,,,,,,66.3,150,,,,,,,,,,,,,,,,,,
2026-06-29T23:00:44.128286+00:00,2026-06-30T09:00:44.123727,1,1,66.05,0.5,65.8,32,,,,,,,,,,,,,,,,,,,66.3,150,,,,,,,,,,,,,,,,,,
2026-06-29T23:00:44.194207+00:00,2026-06-30T09:00:44.193207,2,1,66.05,0.5,65.8,32,65.5,100,,,,,,,,,,,,,,,,,66.3,150,,,,,,,,,,,,,,,,,,
2026-06-29T23:00:44.259687+00:00,2026-06-30T09:00:44.249621,2,2,65.9,0.2,65.8,32,65.5,100,,,,,,,,,,,,,,,,,66.0,100,66.3,150,,,,,,,,,,,,,,,,
2026-06-29T23:00:44.390071+00:00,2026-06-30T09:00:44.384008,2,2,65.9,0.2,65.8,32,65.5,100,,,,,,,,,,,,,,,,,66.0,55,66.3,150,,,,,,,,,,,,,,,,
2026-06-29T23:00:44.423270+00:00,2026-06-30T09:00:44.421270,2,2,65.9,0.2,65.8,26,65.5,100,,,,,,,,,,,,,,,,,66.0,55,66.3,150,,,,,,,,,,,,,,,,
2026-06-29T23:00:45.906118+00:00,2026-06-30T09:00:45.905119,1,1,65.75,0.5,65.5,100,,,,,,,,,,,,,,,,,,,66.0,55,,,,,,,,,,,,,,,,,,
2026-06-29T23:00:45.960115+00:00,2026-06-30T09:00:45.956046,2,1,65.75,0.5,65.5,100,65.4,150,,,,,,,,,,,,,,,,,66.0,55,,,,,,,,,,,,,,,,,,
2026-06-29T23:00:46.047665+00:00,2026-06-30T09:00:46.037725,2,2,65.7,0.4,65.5,100,65.4,150,,,,,,,,,,,,,,,,,65.9,150,66.0,55,,,,,,,,,,,,,,,,
2026-06-29T23:00:46.384030+00:00,2026-06-30T09:00:46.376967,2,2,65.7,0.4,65.5,50,65.4,150,,,,,,,,,,,,,,,,,65.9,150,66.0,55,,,,,,,,,,,,,,,,
2026-06-29T23:00:46.471144+00:00,2026-06-30T09:00:46.464081,2,2,65.7,0.4,65.5,4,65.4,150,,,,,,,,,,,,,,,,,65.9,150,66.0,55,,,,,,,,,,,,,,,,
2026-06-29T23:00:47.234253+00:00,2026-06-30T09:00:47.232253,2,2,65.7,0.4,65.5,4,65.4,155,,,,,,,,,,,,,,,,,65.9,150,66.0,55,,,,,,,,,,,,,,,,
2026-06-29T23:00:47.309815+00:00,2026-06-30T09:00:47.304745,1,1,65.65,0.5,65.4,155,,,,,,,,,,,,,,,,,,,65.9,150,,,,,,,,,,,,,,,,,,
2026-06-29T23:00:47.365147+00:00,2026-06-30T09:00:47.358147,2,1,65.7,0.4,65.5,100,65.4,155,,,,,,,,,,,,,,,,,65.9,150,,,,,,,,,,,,,,,,,,
2026-06-29T23:00:47.418033+00:00,2026-06-30T09:00:47.411473,2,2,65.7,0.4,65.5,100,65.4,155,,,,,,,,,,,,,,,,,65.9,150,66.0,100,,,,,,,,,,,,,,,,
2026-06-29T23:00:48.246559+00:00,2026-06-30T09:00:48.245559,2,2,65.7,0.4,65.5,100,65.4,154,,,,,,,,,,,,,,,,,65.9,150,66.0,100,,,,,,,,,,,,,,,,
2026-06-29T23:00:48.442393+00:00,2026-06-30T09:00:48.440393,2,2,65.7,0.4,65.5,100,65.4,154,,,,,,,,,,,,,,,,,65.9,100,66.0,100,,,,,,,,,,,,,,,,
2026-06-29T23:00:49.085086+00:00,2026-06-30T09:00:49.081086,2,1,65.75,0.5,65.5,100,65.4,154,,,,,,,,,,,,,,,,,66.0,100,,,,,,,,,,,,,,,,,,
2026-06-29T23:00:49.096154+00:00,2026-06-30T09:00:49.085227,2,1,65.75,0.5,65.5,100,65.4,4,,,,,,,,,,,,,,,,,66.0,100,,,,,,,,,,,,,,,,,,
2026-06-29T23:00:49.138481+00:00,2026-06-30T09:00:49.135922,3,1,65.85,0.3,65.7,150,65.5,100,65.4,4,,,,,,,,,,,,,,,66.0,100,,,,,,,,,,,,,,,,,,
2026-06-29T23:00:49.193357+00:00,2026-06-30T09:00:49.189357,3,2,65.85,0.3,65.7,150,65.5,100,65.4,4,,,,,,,,,,,,,,,66.0,100,66.2,150,,,,,,,,,,,,,,,,
2026-06-29T23:00:49.552840+00:00,2026-06-30T09:00:49.548840,3,2,65.85,0.3,65.7,150,65.5,100,65.4,4,,,,,,,,,,,,,,,66.0,59,66.2,150,,,,,,,,,,,,,,,,
2026-06-29T23:00:49.607179+00:00,2026-06-30T09:00:49.605152,3,2,65.85,0.3,65.7,104,65.5,100,65.4,4,,,,,,,,,,,,,,,66.0,59,66.2,150,,,,,,,,,,,,,,,,
2026-06-29T23:00:50.106974+00:00,2026-06-30T09:00:50.100975,3,2,65.85,0.3,65.7,64,65.5,100,65.4,4,,,,,,,,,,,,,,,66.0,59,66.2,150,,,,,,,,,,,,,,,,
2026-06-29T23:00:50.467383+00:00,2026-06-30T09:00:50.465383,3,1,65.95,0.5,65.7,64,65.5,100,65.4,4,,,,,,,,,,,,,,,66.2,150,,,,,,,,,,,,,,,,,,
2026-06-29T23:00:50.478007+00:00,2026-06-30T09:00:50.467599,2,1,65.95,0.5,65.7,64,65.4,4,,,,,,,,,,,,,,,,,66.2,150,,,,,,,,,,,,,,,,,,
2026-06-29T23:00:50.521811+00:00,2026-06-30T09:00:50.518812,3,1,65.95,0.5,65.7,64,65.6,100,65.4,4,,,,,,,,,,,,,,,66.2,150,,,,,,,,,,,,,,,,,,
2026-06-29T23:00:50.577122+00:00,2026-06-30T09:00:50.572121,3,2,65.9,0.4,65.7,64,65.6,100,65.4,4,,,,,,,,,,,,,,,66.1,100,66.2,150,,,,,,,,,,,,,,,,
2026-06-29T23:00:50.597808+00:00,2026-06-30T09:00:50.596248,3,2,65.9,0.4,65.7,14,65.6,100,65.4,4,,,,,,,,,,,,,,,66.1,100,66.2,150,,,,,,,,,,,,,,,,
2026-06-29T23:00:52.249738+00:00,2026-06-30T09:00:52.244674,2,1,65.85,0.5,65.6,100,65.4,4,,,,,,,,,,,,,,,,,66.1,100,,,,,,,,,,,,,,,,,,
2026-06-29T23:00:52.305050+00:00,2026-06-30T09:00:52.296986,3,1,65.85,0.5,65.6,100,65.4,4,65.1,150,,,,,,,,,,,,,,,66.1,100,,,,,,,,,,,,,,,,,,
2026-06-29T23:00:52.358522+00:00,2026-06-30T09:00:52.349958,2,2,65.5,0.2,65.4,4,65.1,150,,,,,,,,,,,,,,,,,65.6,50,66.1,100,,,,,,,,,,,,,,,,
2026-06-29T23:00:52.729748+00:00,2026-06-30T09:00:52.726648,1,2,65.35,0.5,65.1,104,,,,,,,,,,,,,,,,,,,65.6,50,66.1,100,,,,,,,,,,,,,,,,
2026-06-29T23:00:53.635291+00:00,2026-06-30T09:00:53.627281,1,1,65.35,0.5,65.1,104,,,,,,,,,,,,,,,,,,,65.6,50,,,,,,,,,,,,,,,,,,
2026-06-29T23:00:53.688675+00:00,2026-06-30T09:00:53.680116,2,1,65.4,0.4,65.2,100,65.1,104,,,,,,,,,,,,,,,,,65.6,50,,,,,,,,,,,,,,,,,,
2026-06-29T23:00:53.744033+00:00,2026-06-30T09:00:53.733963,2,2,65.4,0.4,65.2,100,65.1,104,,,,,,,,,,,,,,,,,65.6,50,65.7,100,,,,,,,,,,,,,,,,
2026-06-29T23:00:54.103026+00:00,2026-06-30T09:00:54.098016,2,2,65.4,0.4,65.2,100,65.1,104,,,,,,,,,,,,,,,,,65.6,4,65.7,100,,,,,,,,,,,,,,,,
2026-06-29T23:00:54.839015+00:00,2026-06-30T09:00:54.833455,2,2,65.4,0.4,65.2,50,65.1,104,,,,,,,,,,,,,,,,,65.6,4,65.7,100,,,,,,,,,,,,,,,,
2026-06-29T23:00:55.405340+00:00,2026-06-30T09:00:55.403341,1,1,65.45,0.5,65.2,50,,,,,,,,,,,,,,,,,,,65.7,100,,,,,,,,,,,,,,,,,,
2026-06-29T23:00:55.459712+00:00,2026-06-30T09:00:55.456631,2,1,65.55,0.3,65.4,150,65.2,50,,,,,,,,,,,,,,,,,65.7,100,,,,,,,,,,,,,,,,,,
2026-06-29T23:00:55.515055+00:00,2026-06-30T09:00:55.509054,2,2,65.55,0.3,65.4,150,65.2,50,,,,,,,,,,,,,,,,,65.7,100,65.9,150,,,,,,,,,,,,,,,,
2026-06-29T23:00:56.797214+00:00,2026-06-30T09:00:56.790214,1,1,65.65,0.5,65.4,150,,,,,,,,,,,,,,,,,,,65.9,150,,,,,,,,,,,,,,,,,,
2026-06-29T23:00:56.850181+00:00,2026-06-30T09:00:56.843107,2,1,65.65,0.5,65.4,150,65.0,100,,,,,,,,,,,,,,,,,65.9,150,,,,,,,,,,,,,,,,,,
2026-06-29T23:00:56.916555+00:00,2026-06-30T09:00:56.911555,2,2,65.45,0.1,65.4,150,65.0,100,,,,,,,,,,,,,,,,,65.5,100,65.9,150,,,,,,,,,,,,,,,,
2026-06-29T23:00:56.968980+00:00,2026-06-30T09:00:56.964406,2,2,65.45,0.1,65.4,100,65.0,100,,,,,,,,,,,,,,,,,65.5,100,65.9,150,,,,,,,,,,,,,,,,
2026-06-29T23:00:58.393983+00:00,2026-06-30T09:00:58.385920,2,3,65.45,0.1,65.4,100,65.0,100,,,,,,,,,,,,,,,,,65.5,100,65.7,6,65.9,150,,,,,,,,,,,,,,
2026-06-29T23:00:58.567625+00:00,2026-06-30T09:00:58.563625,1,2,65.25,0.5,65.0,100,,,,,,,,,,,,,,,,,,,65.5,100,65.7,6,,,,,,,,,,,,,,,,
2026-06-29T23:00:58.622037+00:00,2026-06-30T09:00:58.614974,2,2,65.4,0.2,65.3,150,65.0,100,,,,,,,,,,,,,,,,,65.5,100,65.7,6,,,,,,,,,,,,,,,,
2026-06-29T23:00:58.677349+00:00,2026-06-30T09:00:58.667339,2,3,65.4,0.2,65.3,150,65.0,100,,,,,,,,,,,,,,,,,65.5,100,65.7,6,65.8,150,,,,,,,,,,,,,,
2026-06-29T23:00:58.828987+00:00,2026-06-30T09:00:58.819405,2,3,65.4,0.2,65.3,150,65.0,100,,,,,,,,,,,,,,,,,65.5,53,65.7,6,65.8,150,,,,,,,,,,,,,,
2026-06-29T23:00:59.972959+00:00,2026-06-30T09:00:59.967949,1,2,65.5,0.4,65.3,150,,,,,,,,,,,,,,,,,,,65.7,6,65.8,150,,,,,,,,,,,,,,,,
2026-06-29T23:01:00.027883+00:00,2026-06-30T09:01:00.020292,2,2,65.5,0.4,65.3,150,65.1,100,,,,,,,,,,,,,,,,,65.7,6,65.8,150,,,,,,,,,,,,,,,,
2026-06-29T23:01:00.082640+00:00,2026-06-30T09:01:00.072578,2,3,65.45,0.3,65.3,150,65.1,100,,,,,,,,,,,,,,,,,65.6,100,65.7,6,65.8,150,,,,,,,,,,,,,,
2026-06-29T23:01:01.188891+00:00,2026-06-30T09:01:01.185333,2,3,65.45,0.3,65.3,100,65.1,100,,,,,,,,,,,,,,,,,65.6,100,65.7,6,65.8,150,,,,,,,,,,,,,,
2026-06-29T23:01:01.244250+00:00,2026-06-30T09:01:01.241257,2,3,65.45,0.3,65.3,100,65.1,100,,,,,,,,,,,,,,,,,65.6,100,65.7,5,65.8,150,,,,,,,,,,,,,,
2026-06-29T23:01:01.558912+00:00,2026-06-30T09:01:01.551353,3,3,65.5,0.2,65.4,1,65.3,100,65.1,100,,,,,,,,,,,,,,,65.6,100,65.7,5,65.8,150,,,,,,,,,,,,,,
2026-06-29T23:01:01.744101+00:00,2026-06-30T09:01:01.736038,2,2,65.5,0.2,65.4,1,65.1,100,,,,,,,,,,,,,,,,,65.6,100,65.7,5,,,,,,,,,,,,,,,,
2026-06-29T23:01:01.797993+00:00,2026-06-30T09:01:01.790433,3,2,65.5,0.2,65.4,1,65.1,100,64.9,150,,,,,,,,,,,,,,,65.6,100,65.7,5,,,,,,,,,,,,,,,,
2026-06-29T23:01:01.852832+00:00,2026-06-30T09:01:01.843769,2,3,65.25,0.3,65.1,100,64.9,150,,,,,,,,,,,,,,,,,65.4,149,65.6,100,65.7,5,,,,,,,,,,,,,,
2026-06-29T23:01:01.907178+00:00,2026-06-30T09:01:01.900133,2,3,65.25,0.3,65.1,100,64.9,150,,,,,,,,,,,,,,,,,65.4,148,65.6,100,65.7,5,,,,,,,,,,,,,,
2026-06-29T23:01:01.928333+00:00,2026-06-30T09:01:01.923772,2,3,65.25,0.3,65.1,100,64.9,150,,,,,,,,,,,,,,,,,65.4,147,65.6,100,65.7,5,,,,,,,,,,,,,,
2026-06-29T23:01:01.983179+00:00,2026-06-30T09:01:01.981179,2,3,65.25,0.3,65.1,100,64.9,150,,,,,,,,,,,,,,,,,65.4,146,65.6,100,65.7,5,,,,,,,,,,,,,,
2026-06-29T23:01:02.048164+00:00,2026-06-30T09:01:02.037893,2,3,65.25,0.3,65.1,100,64.9,150,,,,,,,,,,,,,,,,,65.4,145,65.6,100,65.7,5,,,,,,,,,,,,,,
2026-06-29T23:01:02.069823+00:00,2026-06-30T09:01:02.065761,2,3,65.25,0.3,65.1,100,64.9,150,,,,,,,,,,,,,,,,,65.4,144,65.6,100,65.7,5,,,,,,,,,,,,,,
2026-06-29T23:01:02.408102+00:00,2026-06-30T09:01:02.398542,2,3,65.25,0.3,65.1,100,64.9,150,,,,,,,,,,,,,,,,,65.4,144,65.6,100,65.7,4,,,,,,,,,,,,,,
2026-06-29T23:01:03.136469+00:00,2026-06-30T09:01:03.128469,1,2,65.15,0.5,64.9,150,,,,,,,,,,,,,,,,,,,65.4,144,65.7,4,,,,,,,,,,,,,,,,
2026-06-29T23:01:03.189892+00:00,2026-06-30T09:01:03.182830,2,2,65.2,0.4,65.0,100,64.9,150,,,,,,,,,,,,,,,,,65.4,144,65.7,4,,,,,,,,,,,,,,,,
2026-06-29T23:01:03.245202+00:00,2026-06-30T09:01:03.242202,2,3,65.2,0.4,65.0,100,64.9,150,,,,,,,,,,,,,,,,,65.4,94,65.5,100,65.7,4,,,,,,,,,,,,,,
2026-06-29T23:01:03.669673+00:00,2026-06-30T09:01:03.664611,2,3,65.2,0.4,65.0,100,64.9,150,,,,,,,,,,,,,,,,,65.4,49,65.5,100,65.7,4,,,,,,,,,,,,,,
2026-06-29T23:01:04.857167+00:00,2026-06-30T09:01:04.848168,2,3,65.2,0.4,65.0,100,64.9,150,,,,,,,,,,,,,,,,,65.4,49,65.5,100,65.7,3,,,,,,,,,,,,,,
2026-06-29T23:01:04.911089+00:00,2026-06-30T09:01:04.903026,1,2,65.25,0.5,65.0,100,,,,,,,,,,,,,,,,,,,65.5,100,65.7,3,,,,,,,,,,,,,,,,
2026-06-29T23:01:04.966433+00:00,2026-06-30T09:01:04.955338,2,2,65.4,0.2,65.3,150,65.0,100,,,,,,,,,,,,,,,,,65.5,100,65.7,3,,,,,,,,,,,,,,,,
2026-06-29T23:01:05.018822+00:00,2026-06-30T09:01:05.012263,2,3,65.4,0.2,65.3,150,65.0,100,,,,,,,,,,,,,,,,,65.5,100,65.7,3,65.8,150,,,,,,,,,,,,,,
2026-06-29T23:01:05.357770+00:00,2026-06-30T09:01:05.350769,2,3,65.4,0.2,65.3,150,65.0,100,,,,,,,,,,,,,,,,,65.5,50,65.7,3,65.8,150,,,,,,,,,,,,,,
2026-06-29T23:01:06.294253+00:00,2026-06-30T09:01:06.293253,1,2,65.5,0.4,65.3,150,,,,,,,,,,,,,,,,,,,65.7,3,65.8,150,,,,,,,,,,,,,,,,
2026-06-29T23:01:06.348114+00:00,2026-06-30T09:01:06.346553,2,2,65.5,0.4,65.3,150,65.2,100,,,,,,,,,,,,,,,,,65.7,3,65.8,150,,,,,,,,,,,,,,,,
2026-06-29T23:01:06.402978+00:00,2026-06-30T09:01:06.398971,2,2,65.5,0.4,65.3,150,65.2,100,,,,,,,,,,,,,,,,,65.7,103,65.8,150,,,,,,,,,,,,,,,,
2026-06-29T23:01:06.467956+00:00,2026-06-30T09:01:06.457507,2,2,65.5,0.4,65.3,152,65.2,100,,,,,,,,,,,,,,,,,65.7,103,65.8,150,,,,,,,,,,,,,,,,
2026-06-29T23:01:07.459854+00:00,2026-06-30T09:01:07.458853,2,2,65.5,0.4,65.3,152,65.2,100,,,,,,,,,,,,,,,,,65.7,53,65.8,150,,,,,,,,,,,,,,,,
2026-06-29T23:01:07.493039+00:00,2026-06-30T09:01:07.484967,2,3,65.45,0.3,65.3,152,65.2,100,,,,,,,,,,,,,,,,,65.6,3,65.7,53,65.8,150,,,,,,,,,,,,,,
2026-06-29T23:01:08.069920+00:00,2026-06-30T09:01:08.064857,2,2,65.45,0.3,65.3,2,65.2,100,,,,,,,,,,,,,,,,,65.6,3,65.7,53,,,,,,,,,,,,,,,,
2026-06-29T23:01:08.125257+00:00,2026-06-30T09:01:08.116194,2,2,65.45,0.3,65.3,152,65.2,100,,,,,,,,,,,,,,,,,65.6,3,65.7,53,,,,,,,,,,,,,,,,
2026-06-29T23:01:08.136320+00:00,2026-06-30T09:01:08.132319,2,2,65.45,0.3,65.3,107,65.2,100,,,,,,,,,,,,,,,,,65.6,3,65.7,53,,,,,,,,,,,,,,,,
2026-06-29T23:01:08.178653+00:00,2026-06-30T09:01:08.168213,2,3,65.45,0.3,65.3,107,65.2,100,,,,,,,,,,,,,,,,,65.6,3,65.7,53,65.8,150,,,,,,,,,,,,,,
2026-06-29T23:01:09.456215+00:00,2026-06-30T09:01:09.455215,1,2,65.45,0.3,65.3,107,,,,,,,,,,,,,,,,,,,65.6,3,65.8,150,,,,,,,,,,,,,,,,
2026-06-29T23:01:09.510135+00:00,2026-06-30T09:01:09.507072,2,2,65.45,0.3,65.3,107,65.2,100,,,,,,,,,,,,,,,,,65.6,3,65.8,150,,,,,,,,,,,,,,,,
2026-06-29T23:01:09.565487+00:00,2026-06-30T09:01:09.559487,2,3,65.45,0.3,65.3,107,65.2,100,,,,,,,,,,,,,,,,,65.6,3,65.7,100,65.8,150,,,,,,,,,,,,,,
2026-06-29T23:01:09.587613+00:00,2026-06-30T09:01:09.576549,2,2,65.5,0.4,65.3,107,65.2,100,,,,,,,,,,,,,,,,,65.7,53,65.8,150,,,,,,,,,,,,,,,,
2026-06-29T23:01:11.229734+00:00,2026-06-30T09:01:11.222671,1,1,65.45,0.5,65.2,100,,,,,,,,,,,,,,,,,,,65.7,53,,,,,,,,,,,,,,,,,,
2026-06-29T23:01:11.285088+00:00,2026-06-30T09:01:11.275025,2,1,65.5,0.4,65.3,150,65.2,100,,,,,,,,,,,,,,,,,65.7,53,,,,,,,,,,,,,,,,,,
2026-06-29T23:01:11.327906+00:00,2026-06-30T09:01:11.326346,2,2,65.5,0.4,65.3,150,65.2,100,,,,,,,,,,,,,,,,,65.7,53,65.8,150,,,,,,,,,,,,,,,,
2026-06-29T23:01:11.382284+00:00,2026-06-30T09:01:11.373222,2,3,65.45,0.3,65.3,150,65.2,100,,,,,,,,,,,,,,,,,65.6,6,65.7,53,65.8,150,,,,,,,,,,,,,,
2026-06-29T23:01:11.588725+00:00,2026-06-30T09:01:11.583592,2,3,65.45,0.3,65.3,107,65.2,100,,,,,,,,,,,,,,,,,65.6,6,65.7,53,65.8,150,,,,,,,,,,,,,,
2026-06-29T23:01:11.697475+00:00,2026-06-30T09:01:11.690384,2,2,65.5,0.4,65.3,107,65.2,100,,,,,,,,,,,,,,,,,65.7,9,65.8,150,,,,,,,,,,,,,,,,
2026-06-29T23:01:12.227560+00:00,2026-06-30T09:01:12.223506,2,3,65.45,0.3,65.3,107,65.2,100,,,,,,,,,,,,,,,,,65.6,6,65.7,9,65.8,150,,,,,,,,,,,,,,
2026-06-29T23:01:12.618804+00:00,2026-06-30T09:01:12.615237,1,2,65.45,0.3,65.3,107,,,,,,,,,,,,,,,,,,,65.6,6,65.8,150,,,,,,,,,,,,,,,,
2026-06-29T23:01:12.674133+00:00,2026-06-30T09:01:12.670134,2,1,65.75,0.1,65.7,94,65.3,107,,,,,,,,,,,,,,,,,65.8,150,,,,,,,,,,,,,,,,,,
2026-06-29T23:01:12.727573+00:00,2026-06-30T09:01:12.722518,2,2,65.75,0.1,65.7,94,65.3,107,,,,,,,,,,,,,,,,,65.8,150,66.2,100,,,,,,,,,,,,,,,,
2026-06-29T23:01:13.859770+00:00,2026-06-30T09:01:13.858770,2,2,65.75,0.1,65.7,44,65.3,107,,,,,,,,,,,,,,,,,65.8,150,66.2,100,,,,,,,,,,,,,,,,
2026-06-29T23:01:14.382167+00:00,2026-06-30T09:01:14.380167,1,1,65.95,0.5,65.7,44,,,,,,,,,,,,,,,,,,,66.2,100,,,,,,,,,,,,,,,,,,
2026-06-29T23:01:14.458681+00:00,2026-06-30T09:01:14.454121,2,1,65.95,0.5,65.7,44,65.2,150,,,,,,,,,,,,,,,,,66.2,100,,,,,,,,,,,,,,,,,,
2026-06-29T23:01:14.514009+00:00,2026-06-30T09:01:14.503060,1,2,65.45,0.5,65.2,150,,,,,,,,,,,,,,,,,,,65.7,106,66.2,100,,,,,,,,,,,,,,,,
2026-06-29T23:01:15.350703+00:00,2026-06-30T09:01:15.343640,2,2,65.55,0.3,65.4,5,65.2,150,,,,,,,,,,,,,,,,,65.7,106,66.2,100,,,,,,,,,,,,,,,,
2026-06-29T23:01:15.786727+00:00,2026-06-30T09:01:15.775657,2,1,65.55,0.3,65.4,5,65.2,150,,,,,,,,,,,,,,,,,65.7,106,,,,,,,,,,,,,,,,,,
2026-06-29T23:01:15.829073+00:00,2026-06-30T09:01:15.828560,3,1,65.6,0.2,65.5,100,65.4,5,65.2,150,,,,,,,,,,,,,,,65.7,106,,,,,,,,,,,,,,,,,,
2026-06-29T23:01:15.884411+00:00,2026-06-30T09:01:15.882411,3,2,65.6,0.2,65.5,100,65.4,5,65.2,150,,,,,,,,,,,,,,,65.7,106,66.0,100,,,,,,,,,,,,,,,,
2026-06-29T23:01:16.535431+00:00,2026-06-30T09:01:16.530431,3,2,65.6,0.2,65.5,60,65.4,5,65.2,150,,,,,,,,,,,,,,,65.7,106,66.0,100,,,,,,,,,,,,,,,,
2026-06-29T23:01:17.567359+00:00,2026-06-30T09:01:17.559333,2,1,65.75,0.5,65.5,60,65.4,5,,,,,,,,,,,,,,,,,66.0,100,,,,,,,,,,,,,,,,,,
2026-06-29T23:01:17.621734+00:00,2026-06-30T09:01:17.612671,3,1,65.75,0.5,65.5,60,65.4,5,65.2,150,,,,,,,,,,,,,,,66.0,100,,,,,,,,,,,,,,,,,,
2026-06-29T23:01:17.665982+00:00,2026-06-30T09:01:17.664981,3,2,65.6,0.2,65.5,60,65.4,5,65.2,150,,,,,,,,,,,,,,,65.7,150,66.0,100,,,,,,,,,,,,,,,,
2026-06-29T23:01:17.687154+00:00,2026-06-30T09:01:17.681108,3,2,65.6,0.2,65.5,60,65.4,5,65.2,150,,,,,,,,,,,,,,,65.7,151,66.0,100,,,,,,,,,,,,,,,,
2026-06-29T23:01:18.077766+00:00,2026-06-30T09:01:18.068196,3,2,65.6,0.2,65.5,10,65.4,5,65.2,150,,,,,,,,,,,,,,,65.7,151,66.0,100,,,,,,,,,,,,,,,,
2026-06-29T23:01:18.937509+00:00,2026-06-30T09:01:18.935463,3,1,65.6,0.2,65.5,10,65.4,5,65.2,150,,,,,,,,,,,,,,,65.7,151,,,,,,,,,,,,,,,,,,
2026-06-29T23:01:18.948087+00:00,2026-06-30T09:01:18.937648,2,1,65.55,0.3,65.4,5,65.2,150,,,,,,,,,,,,,,,,,65.7,151,,,,,,,,,,,,,,,,,,
2026-06-29T23:01:19.001977+00:00,2026-06-30T09:01:18.991904,3,1,65.55,0.3,65.4,5,65.3,100,65.2,150,,,,,,,,,,,,,,,65.7,151,,,,,,,,,,,,,,,,,,
2026-06-29T23:01:19.046223+00:00,2026-06-30T09:01:19.043224,3,2,65.55,0.3,65.4,5,65.3,100,65.2,150,,,,,,,,,,,,,,,65.7,151,65.8,100,,,,,,,,,,,,,,,,
2026-06-29T23:01:19.436455+00:00,2026-06-30T09:01:19.429455,3,2,65.55,0.3,65.4,4,65.3,100,65.2,150,,,,,,,,,,,,,,,65.7,151,65.8,100,,,,,,,,,,,,,,,,
2026-06-29T23:01:19.478770+00:00,2026-06-30T09:01:19.477210,3,2,65.55,0.3,65.4,4,65.3,100,65.2,150,,,,,,,,,,,,,,,65.7,106,65.8,100,,,,,,,,,,,,,,,,
2026-06-29T23:01:20.382947+00:00,2026-06-30T09:01:20.373856,3,2,65.55,0.3,65.4,4,65.3,100,65.2,150,,,,,,,,,,,,,,,65.7,105,65.8,100,,,,,,,,,,,,,,,,
2026-06-29T23:01:20.729783+00:00,2026-06-30T09:01:20.720717,2,1,65.6,0.4,65.4,4,65.3,100,,,,,,,,,,,,,,,,,65.8,100,,,,,,,,,,,,,,,,,,
2026-06-29T23:01:20.774031+00:00,2026-06-30T09:01:20.773031,2,1,65.6,0.4,65.4,154,65.3,100,,,,,,,,,,,,,,,,,65.8,100,,,,,,,,,,,,,,,,,,
2026-06-29T23:01:20.827899+00:00,2026-06-30T09:01:20.825329,2,2,65.6,0.4,65.4,154,65.3,100,,,,,,,,,,,,,,,,,65.8,100,65.9,150,,,,,,,,,,,,,,,,
2026-06-29T23:01:21.449074+00:00,2026-06-30T09:01:21.440511,2,2,65.6,0.4,65.4,154,65.3,100,,,,,,,,,,,,,,,,,65.8,53,65.9,150,,,,,,,,,,,,,,,,
2026-06-29T23:01:22.102995+00:00,2026-06-30T09:01:22.097985,1,1,65.65,0.5,65.4,154,,,,,,,,,,,,,,,,,,,65.9,150,,,,,,,,,,,,,,,,,,
2026-06-29T23:01:22.157361+00:00,2026-06-30T09:01:22.151314,2,1,65.65,0.5,65.4,154,65.3,100,,,,,,,,,,,,,,,,,65.9,150,,,,,,,,,,,,,,,,,,
2026-06-29T23:01:22.211255+00:00,2026-06-30T09:01:22.203175,2,2,65.6,0.4,65.4,154,65.3,100,,,,,,,,,,,,,,,,,65.8,100,65.9,150,,,,,,,,,,,,,,,,
2026-06-29T23:01:22.288260+00:00,2026-06-30T09:01:22.278699,2,2,65.6,0.4,65.4,104,65.3,100,,,,,,,,,,,,,,,,,65.8,100,65.9,150,,,,,,,,,,,,,,,,
2026-06-29T23:01:23.627243+00:00,2026-06-30T09:01:23.624243,2,2,65.6,0.4,65.4,62,65.3,100,,,,,,,,,,,,,,,,,65.8,100,65.9,150,,,,,,,,,,,,,,,,
2026-06-29T23:01:23.887470+00:00,2026-06-30T09:01:23.880471,1,1,65.55,0.5,65.3,100,,,,,,,,,,,,,,,,,,,65.8,100,,,,,,,,,,,,,,,,,,
2026-06-29T23:01:23.940887+00:00,2026-06-30T09:01:23.932822,2,1,65.55,0.5,65.3,100,65.2,150,,,,,,,,,,,,,,,,,65.8,100,,,,,,,,,,,,,,,,,,
2026-06-29T23:01:23.996199+00:00,2026-06-30T09:01:23.986138,2,2,65.5,0.4,65.3,100,65.2,150,,,,,,,,,,,,,,,,,65.7,150,65.8,100,,,,,,,,,,,,,,,,
2026-06-29T23:01:24.343061+00:00,2026-06-30T09:01:24.333999,2,2,65.5,0.4,65.3,100,65.2,150,,,,,,,,,,,,,,,,,65.7,100,65.8,100,,,,,,,,,,,,,,,,
2026-06-29T23:01:25.258793+00:00,2026-06-30T09:01:25.258279,2,1,65.5,0.4,65.3,100,65.2,150,,,,,,,,,,,,,,,,,65.7,100,,,,,,,,,,,,,,,,,,
2026-06-29T23:01:25.269876+00:00,2026-06-30T09:01:25.259803,1,1,65.45,0.5,65.2,150,,,,,,,,,,,,,,,,,,,65.7,100,,,,,,,,,,,,,,,,,,
2026-06-29T23:01:25.314127+00:00,2026-06-30T09:01:25.313126,2,1,65.6,0.2,65.5,100,65.2,150,,,,,,,,,,,,,,,,,65.7,100,,,,,,,,,,,,,,,,,,
2026-06-29T23:01:25.368536+00:00,2026-06-30T09:01:25.364961,2,2,65.6,0.2,65.5,100,65.2,150,,,,,,,,,,,,,,,,,65.7,100,66.0,100,,,,,,,,,,,,,,,,
2026-06-29T23:01:25.587493+00:00,2026-06-30T09:01:25.584426,3,2,65.6,0.2,65.5,100,65.4,5,65.2,150,,,,,,,,,,,,,,,65.7,100,66.0,100,,,,,,,,,,,,,,,,
2026-06-29T23:01:25.978612+00:00,2026-06-30T09:01:25.970053,3,2,65.6,0.2,65.5,100,65.4,4,65.2,150,,,,,,,,,,,,,,,65.7,100,66.0,100,,,,,,,,,,,,,,,,
2026-06-29T23:01:26.479069+00:00,2026-06-30T09:01:26.470488,3,2,65.6,0.2,65.5,100,65.4,3,65.2,150,,,,,,,,,,,,,,,65.7,100,66.0,100,,,,,,,,,,,,,,,,
2026-06-29T23:01:26.501212+00:00,2026-06-30T09:01:26.498204,3,2,65.6,0.2,65.5,50,65.4,3,65.2,150,,,,,,,,,,,,,,,65.7,100,66.0,100,,,,,,,,,,,,,,,,
2026-06-29T23:01:27.045388+00:00,2026-06-30T09:01:27.044388,2,1,65.75,0.5,65.5,50,65.4,3,,,,,,,,,,,,,,,,,66.0,100,,,,,,,,,,,,,,,,,,
2026-06-29T23:01:27.098785+00:00,2026-06-30T09:01:27.096217,3,1,65.75,0.5,65.5,50,65.4,3,65.2,150,,,,,,,,,,,,,,,66.0,100,,,,,,,,,,,,,,,,,,
2026-06-29T23:01:27.154125+00:00,2026-06-30T09:01:27.149126,3,2,65.6,0.2,65.5,50,65.4,3,65.2,150,,,,,,,,,,,,,,,65.7,150,66.0,100,,,,,,,,,,,,,,,,
2026-06-29T23:01:28.428997+00:00,2026-06-30T09:01:28.419438,2,1,65.55,0.3,65.4,3,65.2,150,,,,,,,,,,,,,,,,,65.7,150,,,,,,,,,,,,,,,,,,
2026-06-29T23:01:28.484355+00:00,2026-06-30T09:01:28.477353,3,1,65.55,0.3,65.4,3,65.2,150,65.0,100,,,,,,,,,,,,,,,65.7,150,,,,,,,,,,,,,,,,,,
2026-06-29T23:01:28.527692+00:00,2026-06-30T09:01:28.526645,3,2,65.45,0.1,65.4,3,65.2,150,65.0,100,,,,,,,,,,,,,,,65.5,100,65.7,150,,,,,,,,,,,,,,,,
2026-06-29T23:01:28.559931+00:00,2026-06-30T09:01:28.550869,3,2,65.45,0.1,65.4,3,65.2,150,65.0,100,,,,,,,,,,,,,,,65.5,50,65.7,150,,,,,,,,,,,,,,,,
2026-06-29T23:01:29.084366+00:00,2026-06-30T09:01:29.081366,3,2,65.45,0.1,65.4,3,65.2,150,65.0,100,,,,,,,,,,,,,,,65.5,4,65.7,150,,,,,,,,,,,,,,,,
2026-06-29T23:01:30.217090+00:00,2026-06-30T09:01:30.213090,2,1,65.45,0.1,65.4,3,65.0,100,,,,,,,,,,,,,,,,,65.5,4,,,,,,,,,,,,,,,,,,
2026-06-29T23:01:30.282075+00:00,2026-06-30T09:01:30.278064,3,1,65.45,0.1,65.4,3,65.2,150,65.0,100,,,,,,,,,,,,,,,65.5,4,,,,,,,,,,,,,,,,,,
2026-06-29T23:01:30.337387+00:00,2026-06-30T09:01:30.333386,3,2,65.45,0.1,65.4,3,65.2,150,65.0,100,,,,,,,,,,,,,,,65.5,4,65.7,150,,,,,,,,,,,,,,,,
2026-06-29T23:01:30.467269+00:00,2026-06-30T09:01:30.465223,2,2,65.35,0.3,65.2,107,65.0,100,,,,,,,,,,,,,,,,,65.5,4,65.7,150,,,,,,,,,,,,,,,,
2026-06-29T23:01:30.717368+00:00,2026-06-30T09:01:30.713368,2,1,65.45,0.5,65.2,107,65.0,100,,,,,,,,,,,,,,,,,65.7,104,,,,,,,,,,,,,,,,,,
2026-06-29T23:01:31.488563+00:00,2026-06-30T09:01:31.479997,2,1,65.45,0.5,65.2,58,65.0,100,,,,,,,,,,,,,,,,,65.7,104,,,,,,,,,,,,,,,,,,
2026-06-29T23:01:31.587202+00:00,2026-06-30T09:01:31.580202,1,1,65.45,0.5,65.2,58,,,,,,,,,,,,,,,,,,,65.7,104,,,,,,,,,,,,,,,,,,
2026-06-29T23:01:31.640148+00:00,2026-06-30T09:01:31.633068,2,1,65.55,0.3,65.4,100,65.2,58,,,,,,,,,,,,,,,,,65.7,104,,,,,,,,,,,,,,,,,,
2026-06-29T23:01:31.695458+00:00,2026-06-30T09:01:31.686395,2,2,65.55,0.3,65.4,100,65.2,58,,,,,,,,,,,,,,,,,65.7,104,65.9,100,,,,,,,,,,,,,,,,
2026-06-29T23:01:32.773172+00:00,2026-06-30T09:01:32.762293,2,2,65.55,0.3,65.4,100,65.2,58,,,,,,,,,,,,,,,,,65.7,54,65.9,100,,,,,,,,,,,,,,,,
2026-06-29T23:01:33.144323+00:00,2026-06-30T09:01:33.136236,2,3,65.5,0.2,65.4,100,65.2,58,,,,,,,,,,,,,,,,,65.6,5,65.7,54,65.9,100,,,,,,,,,,,,,,
2026-06-29T23:01:33.155407+00:00,2026-06-30T09:01:33.146322,2,2,65.55,0.3,65.4,100,65.2,58,,,,,,,,,,,,,,,,,65.7,54,65.9,100,,,,,,,,,,,,,,,,
2026-06-29T23:01:33.394285+00:00,2026-06-30T09:01:33.390285,1,1,65.65,0.5,65.4,100,,,,,,,,,,,,,,,,,,,65.9,100,,,,,,,,,,,,,,,,,,
2026-06-29T23:01:33.448089+00:00,2026-06-30T09:01:33.442544,2,1,65.65,0.5,65.4,100,65.3,150,,,,,,,,,,,,,,,,,65.9,100,,,,,,,,,,,,,,,,,,
2026-06-29T23:01:33.513928+00:00,2026-06-30T09:01:33.502884,2,2,65.6,0.4,65.4,100,65.3,150,,,,,,,,,,,,,,,,,65.8,150,65.9,100,,,,,,,,,,,,,,,,
2026-06-29T23:01:34.743214+00:00,2026-06-30T09:01:34.742207,1,1,65.55,0.5,65.3,150,,,,,,,,,,,,,,,,,,,65.8,150,,,,,,,,,,,,,,,,,,
2026-06-29T23:01:34.797577+00:00,2026-06-30T09:01:34.794531,2,1,65.6,0.4,65.4,100,65.3,150,,,,,,,,,,,,,,,,,65.8,150,,,,,,,,,,,,,,,,,,
2026-06-29T23:01:34.851936+00:00,2026-06-30T09:01:34.847925,2,2,65.6,0.4,65.4,100,65.3,150,,,,,,,,,,,,,,,,,65.8,150,65.9,100,,,,,,,,,,,,,,,,
2026-06-29T23:01:34.874061+00:00,2026-06-30T09:01:34.869061,2,2,65.6,0.4,65.4,100,65.3,150,,,,,,,,,,,,,,,,,65.8,100,65.9,100,,,,,,,,,,,,,,,,
2026-06-29T23:01:35.318686+00:00,2026-06-30T09:01:35.313135,2,2,65.6,0.4,65.4,100,65.3,150,,,,,,,,,,,,,,,,,65.8,57,65.9,100,,,,,,,,,,,,,,,,
2026-06-29T23:01:36.234405+00:00,2026-06-30T09:01:36.228404,2,2,65.6,0.4,65.4,100,65.3,150,,,,,,,,,,,,,,,,,65.8,17,65.9,100,,,,,,,,,,,,,,,,
2026-06-29T23:01:36.559792+00:00,2026-06-30T09:01:36.557781,1,1,65.65,0.5,65.4,100,,,,,,,,,,,,,,,,,,,65.9,100,,,,,,,,,,,,,,,,,,
2026-06-29T23:01:36.614175+00:00,2026-06-30T09:01:36.609175,2,1,65.85,0.1,65.8,150,65.4,100,,,,,,,,,,,,,,,,,65.9,100,,,,,,,,,,,,,,,,,,
2026-06-29T23:01:36.668566+00:00,2026-06-30T09:01:36.666007,2,2,65.85,0.1,65.8,150,65.4,100,,,,,,,,,,,,,,,,,65.9,100,66.3,150,,,,,,,,,,,,,,,,
2026-06-29T23:01:36.985142+00:00,2026-06-30T09:01:36.975079,2,2,65.85,0.1,65.8,150,65.4,100,,,,,,,,,,,,,,,,,65.9,50,66.3,150,,,,,,,,,,,,,,,,
2026-06-29T23:01:37.908599+00:00,2026-06-30T09:01:37.903040,2,1,66.05,0.5,65.8,150,65.4,100,,,,,,,,,,,,,,,,,66.3,150,,,,,,,,,,,,,,,,,,
2026-06-29T23:01:37.919680+00:00,2026-06-30T09:01:37.911617,1,1,66.05,0.5,65.8,150,,,,,,,,,,,,,,,,,,,66.3,150,,,,,,,,,,,,,,,,,,
2026-06-29T23:01:37.963930+00:00,2026-06-30T09:01:37.961930,2,1,66.05,0.5,65.8,150,65.6,100,,,,,,,,,,,,,,,,,66.3,150,,,,,,,,,,,,,,,,,,
2026-06-29T23:01:38.017286+00:00,2026-06-30T09:01:38.015241,2,2,65.95,0.3,65.8,150,65.6,100,,,,,,,,,,,,,,,,,66.1,100,66.3,150,,,,,,,,,,,,,,,,
2026-06-29T23:01:38.407356+00:00,2026-06-30T09:01:38.398356,2,2,65.95,0.3,65.8,106,65.6,100,,,,,,,,,,,,,,,,,66.1,100,66.3,150,,,,,,,,,,,,,,,,
2026-06-29T23:01:39.091799+00:00,2026-06-30T09:01:39.083751,2,2,65.95,0.3,65.8,106,65.6,100,,,,,,,,,,,,,,,,,66.1,50,66.3,150,,,,,,,,,,,,,,,,
2026-06-29T23:01:39.221967+00:00,2026-06-30T09:01:39.218968,2,2,65.95,0.3,65.8,101,65.6,100,,,,,,,,,,,,,,,,,66.1,50,66.3,150,,,,,,,,,,,,,,,,
2026-06-29T23:01:39.342278+00:00,2026-06-30T09:01:39.334214,2,2,65.95,0.3,65.8,96,65.6,100,,,,,,,,,,,,,,,,,66.1,50,66.3,150,,,,,,,,,,,,,,,,
2026-06-29T23:01:39.733989+00:00,2026-06-30T09:01:39.723926,1,1,65.85,0.5,65.6,100,,,,,,,,,,,,,,,,,,,66.1,50,,,,,,,,,,,,,,,,,,
2026-06-29T23:01:39.777279+00:00,2026-06-30T09:01:39.771240,2,1,65.85,0.5,65.6,100,65.5,150,,,,,,,,,,,,,,,,,66.1,50,,,,,,,,,,,,,,,,,,
2026-06-29T23:01:39.831156+00:00,2026-06-30T09:01:39.826092,2,2,65.8,0.4,65.6,100,65.5,150,,,,,,,,,,,,,,,,,66.0,150,66.1,50,,,,,,,,,,,,,,,,
2026-06-29T23:01:41.072162+00:00,2026-06-30T09:01:41.071162,1,1,65.75,0.5,65.5,150,,,,,,,,,,,,,,,,,,,66.0,150,,,,,,,,,,,,,,,,,,
2026-06-29T23:01:41.138112+00:00,2026-06-30T09:01:41.129544,1,1,65.75,0.5,65.5,250,,,,,,,,,,,,,,,,,,,66.0,150,,,,,,,,,,,,,,,,,,
2026-06-29T23:01:41.181899+00:00,2026-06-30T09:01:41.180899,1,1,65.75,0.5,65.5,250,,,,,,,,,,,,,,,,,,,66.0,250,,,,,,,,,,,,,,,,,,
2026-06-29T23:01:41.192962+00:00,2026-06-30T09:01:41.190961,1,1,65.75,0.5,65.5,250,,,,,,,,,,,,,,,,,,,66.0,200,,,,,,,,,,,,,,,,,,
2026-06-29T23:01:42.508558+00:00,2026-06-30T09:01:42.503998,1,1,65.75,0.5,65.5,202,,,,,,,,,,,,,,,,,,,66.0,200,,,,,,,,,,,,,,,,,,
2026-06-29T23:01:42.888717+00:00,2026-06-30T09:01:42.881135,1,1,65.75,0.5,65.5,100,,,,,,,,,,,,,,,,,,,66.0,100,,,,,,,,,,,,,,,,,,
2026-06-29T23:01:42.955117+00:00,2026-06-30T09:01:42.947106,2,1,65.75,0.5,65.5,100,65.4,150,,,,,,,,,,,,,,,,,66.0,100,,,,,,,,,,,,,,,,,,
2026-06-29T23:01:43.007994+00:00,2026-06-30T09:01:43.002422,2,2,65.7,0.4,65.5,100,65.4,150,,,,,,,,,,,,,,,,,65.9,150,66.0,100,,,,,,,,,,,,,,,,
2026-06-29T23:01:43.357308+00:00,2026-06-30T09:01:43.347298,2,2,65.7,0.4,65.5,50,65.4,150,,,,,,,,,,,,,,,,,65.9,150,66.0,100,,,,,,,,,,,,,,,,
2026-06-29T23:01:44.183029+00:00,2026-06-30T09:01:44.175949,2,2,65.7,0.4,65.5,50,65.4,150,,,,,,,,,,,,,,,,,65.9,106,66.0,100,,,,,,,,,,,,,,,,
2026-06-29T23:01:44.237406+00:00,2026-06-30T09:01:44.235380,1,1,65.65,0.5,65.4,150,,,,,,,,,,,,,,,,,,,65.9,106,,,,,,,,,,,,,,,,,,
2026-06-29T23:01:44.291783+00:00,2026-06-30T09:01:44.287773,2,1,65.65,0.5,65.4,150,65.3,100,,,,,,,,,,,,,,,,,65.9,106,,,,,,,,,,,,,,,,,,
2026-06-29T23:01:44.347102+00:00,2026-06-30T09:01:44.339102,2,2,65.6,0.4,65.4,150,65.3,100,,,,,,,,,,,,,,,,,65.8,100,65.9,106,,,,,,,,,,,,,,,,
2026-06-29T23:01:45.410898+00:00,2026-06-30T09:01:45.404693,2,2,65.6,0.4,65.4,150,65.3,100,,,,,,,,,,,,,,,,,65.8,50,65.9,106,,,,,,,,,,,,,,,,
2026-06-29T23:01:46.066564+00:00,2026-06-30T09:01:46.057563,1,1,65.55,0.5,65.3,100,,,,,,,,,,,,,,,,,,,65.8,50,,,,,,,,,,,,,,,,,,
2026-06-29T23:01:46.118985+00:00,2026-06-30T09:01:46.115882,2,1,65.7,0.2,65.6,150,65.3,100,,,,,,,,,,,,,,,,,65.8,50,,,,,,,,,,,,,,,,,,
2026-06-29T23:01:46.174328+00:00,2026-06-30T09:01:46.169327,2,2,65.7,0.2,65.6,150,65.3,100,,,,,,,,,,,,,,,,,65.8,50,66.1,150,,,,,,,,,,,,,,,,
2026-06-29T23:01:46.239895+00:00,2026-06-30T09:01:46.229028,2,2,65.7,0.2,65.6,150,65.3,100,,,,,,,,,,,,,,,,,65.8,7,66.1,150,,,,,,,,,,,,,,,,
2026-06-29T23:01:46.337963+00:00,2026-06-30T09:01:46.332417,2,2,65.7,0.2,65.6,150,65.3,100,,,,,,,,,,,,,,,,,65.8,12,66.1,150,,,,,,,,,,,,,,,,
2026-06-29T23:01:46.949758+00:00,2026-06-30T09:01:46.945711,2,2,65.7,0.2,65.6,150,65.3,100,,,,,,,,,,,,,,,,,65.8,11,66.1,150,,,,,,,,,,,,,,,,
2026-06-29T23:01:47.397144+00:00,2026-06-30T09:01:47.394118,1,2,65.7,0.2,65.6,150,,,,,,,,,,,,,,,,,,,65.8,4,66.1,150,,,,,,,,,,,,,,,,
2026-06-29T23:01:47.451036+00:00,2026-06-30T09:01:47.445974,2,2,65.75,0.1,65.7,100,65.6,150,,,,,,,,,,,,,,,,,65.8,4,66.1,150,,,,,,,,,,,,,,,,
2026-06-29T23:01:47.506348+00:00,2026-06-30T09:01:47.499358,2,3,65.75,0.1,65.7,100,65.6,150,,,,,,,,,,,,,,,,,65.8,4,66.1,150,66.2,100,,,,,,,,,,,,,,
2026-06-29T23:01:47.570764+00:00,2026-06-30T09:01:47.562692,2,3,65.75,0.1,65.7,50,65.6,150,,,,,,,,,,,,,,,,,65.8,4,66.1,150,66.2,100,,,,,,,,,,,,,,
2026-06-29T23:01:48.397210+00:00,2026-06-30T09:01:48.389210,2,3,65.75,0.1,65.7,50,65.6,150,,,,,,,,,,,,,,,,,65.8,3,66.1,150,66.2,100,,,,,,,,,,,,,,
2026-06-29T23:01:48.995253+00:00,2026-06-30T09:01:48.988262,2,3,65.75,0.1,65.7,50,65.6,150,,,,,,,,,,,,,,,,,65.8,1,66.1,150,66.2,100,,,,,,,,,,,,,,
2026-06-29T23:01:49.233356+00:00,2026-06-30T09:01:49.227346,1,2,65.75,0.1,65.7,50,,,,,,,,,,,,,,,,,,,65.8,1,66.2,100,,,,,,,,,,,,,,,,
2026-06-29T23:01:49.287683+00:00,2026-06-30T09:01:49.283674,2,1,66.0,0.4,65.8,149,65.7,50,,,,,,,,,,,,,,,,,66.2,100,,,,,,,,,,,,,,,,,,
2026-06-29T23:01:49.342086+00:00,2026-06-30T09:01:49.336016,2,2,66.0,0.4,65.8,149,65.7,50,,,,,,,,,,,,,,,,,66.2,100,66.3,150,,,,,,,,,,,,,,,,
2026-06-29T23:01:49.538476+00:00,2026-06-30T09:01:49.533908,2,2,66.0,0.4,65.8,101,65.7,50,,,,,,,,,,,,,,,,,66.2,100,66.3,150,,,,,,,,,,,,,,,,
2026-06-29T23:01:49.669907+00:00,2026-06-30T09:01:49.667896,2,2,66.0,0.4,65.8,51,65.7,50,,,,,,,,,,,,,,,,,66.2,100,66.3,150,,,,,,,,,,,,,,,,
2026-06-29T23:01:50.561084+00:00,2026-06-30T09:01:50.555022,1,1,66.05,0.5,65.8,51,,,,,,,,,,,,,,,,,,,66.3,150,,,,,,,,,,,,,,,,,,
2026-06-29T23:01:50.615452+00:00,2026-06-30T09:01:50.607442,2,1,66.05,0.5,65.8,51,65.7,100,,,,,,,,,,,,,,,,,66.3,150,,,,,,,,,,,,,,,,,,
2026-06-29T23:01:50.668840+00:00,2026-06-30T09:01:50.660273,2,2,66.0,0.4,65.8,51,65.7,100,,,,,,,,,,,,,,,,,66.2,100,66.3,150,,,,,,,,,,,,,,,,
2026-06-29T23:01:51.081099+00:00,2026-06-30T09:01:51.075028,2,2,66.0,0.4,65.8,5,65.7,100,,,,,,,,,,,,,,,,,66.2,100,66.3,150,,,,,,,,,,,,,,,,
2026-06-29T23:01:51.787923+00:00,2026-06-30T09:01:51.778352,1,2,65.95,0.5,65.7,55,,,,,,,,,,,,,,,,,,,66.2,100,66.3,150,,,,,,,,,,,,,,,,
2026-06-29T23:01:52.397461+00:00,2026-06-30T09:01:52.389460,1,1,65.95,0.5,65.7,55,,,,,,,,,,,,,,,,,,,66.2,100,,,,,,,,,,,,,,,,,,
2026-06-29T23:01:52.451879+00:00,2026-06-30T09:01:52.442817,2,1,65.95,0.5,65.7,55,65.1,150,,,,,,,,,,,,,,,,,66.2,100,,,,,,,,,,,,,,,,,,
2026-06-29T23:01:52.507197+00:00,2026-06-30T09:01:52.496134,1,2,65.35,0.5,65.1,150,,,,,,,,,,,,,,,,,,,65.6,95,66.2,100,,,,,,,,,,,,,,,,
2026-06-29T23:01:53.137824+00:00,2026-06-30T09:01:53.127385,1,2,65.35,0.5,65.1,150,,,,,,,,,,,,,,,,,,,65.6,52,66.2,100,,,,,,,,,,,,,,,,
2026-06-29T23:01:53.725447+00:00,2026-06-30T09:01:53.723447,1,1,65.35,0.5,65.1,150,,,,,,,,,,,,,,,,,,,65.6,52,,,,,,,,,,,,,,,,,,
2026-06-29T23:01:53.778837+00:00,2026-06-30T09:01:53.775277,2,1,65.45,0.3,65.3,100,65.1,150,,,,,,,,,,,,,,,,,65.6,52,,,,,,,,,,,,,,,,,,
2026-06-29T23:01:53.856298+00:00,2026-06-30T09:01:53.851298,2,2,65.45,0.3,65.3,100,65.1,150,,,,,,,,,,,,,,,,,65.6,52,65.8,100,,,,,,,,,,,,,,,,
2026-06-29T23:01:55.558292+00:00,2026-06-30T09:01:55.552733,1,1,65.55,0.5,65.3,100,,,,,,,,,,,,,,,,,,,65.8,100,,,,,,,,,,,,,,,,,,
2026-06-29T23:01:55.613132+00:00,2026-06-30T09:01:55.606070,2,1,65.65,0.3,65.5,150,65.3,100,,,,,,,,,,,,,,,,,65.8,100,,,,,,,,,,,,,,,,,,
2026-06-29T23:01:55.668001+00:00,2026-06-30T09:01:55.658443,2,2,65.65,0.3,65.5,150,65.3,100,,,,,,,,,,,,,,,,,65.8,100,66.0,150,,,,,,,,,,,,,,,,
2026-06-29T23:01:56.010777+00:00,2026-06-30T09:01:56.007766,2,2,65.65,0.3,65.5,100,65.3,100,,,,,,,,,,,,,,,,,65.8,100,66.0,150,,,,,,,,,,,,,,,,
2026-06-29T23:01:56.066080+00:00,2026-06-30T09:01:56.063080,2,2,65.65,0.3,65.5,100,65.3,100,,,,,,,,,,,,,,,,,65.8,59,66.0,150,,,,,,,,,,,,,,,,
2026-06-29T23:01:56.923922+00:00,2026-06-30T09:01:56.917912,1,1,65.75,0.5,65.5,100,,,,,,,,,,,,,,,,,,,66.0,150,,,,,,,,,,,,,,,,,,
2026-06-29T23:01:56.977782+00:00,2026-06-30T09:01:56.968222,2,1,65.75,0.5,65.5,100,65.4,100,,,,,,,,,,,,,,,,,66.0,150,,,,,,,,,,,,,,,,,,
2026-06-29T23:01:57.032150+00:00,2026-06-30T09:01:57.021088,2,2,65.7,0.4,65.5,100,65.4,100,,,,,,,,,,,,,,,,,65.9,100,66.0,150,,,,,,,,,,,,,,,,
2026-06-29T23:01:58.073150+00:00,2026-06-30T09:01:58.063088,2,2,65.7,0.4,65.5,100,65.4,100,,,,,,,,,,,,,,,,,65.9,50,66.0,150,,,,,,,,,,,,,,,,
2026-06-29T23:01:58.715482+00:00,2026-06-30T09:01:58.714481,1,1,65.65,0.5,65.4,100,,,,,,,,,,,,,,,,,,,65.9,50,,,,,,,,,,,,,,,,,,
2026-06-29T23:01:58.757795+00:00,2026-06-30T09:01:58.749723,1,1,65.65,0.5,65.4,59,,,,,,,,,,,,,,,,,,,65.9,50,,,,,,,,,,,,,,,,,,
2026-06-29T23:01:58.768372+00:00,2026-06-30T09:01:58.766814,2,1,65.65,0.5,65.4,59,65.1,150,,,,,,,,,,,,,,,,,65.9,50,,,,,,,,,,,,,,,,,,
2026-06-29T23:01:58.823210+00:00,2026-06-30T09:01:58.820210,2,2,65.5,0.2,65.4,59,65.1,150,,,,,,,,,,,,,,,,,65.6,150,65.9,50,,,,,,,,,,,,,,,,
2026-06-29T23:01:59.766443+00:00,2026-06-30T09:01:59.759443,2,2,65.5,0.2,65.4,19,65.1,150,,,,,,,,,,,,,,,,,65.6,150,65.9,50,,,,,,,,,,,,,,,,
2026-06-29T23:02:00.081844+00:00,2026-06-30T09:02:00.076796,1,1,65.35,0.5,65.1,150,,,,,,,,,,,,,,,,,,,65.6,150,,,,,,,,,,,,,,,,,,
2026-06-29T23:02:00.135102+00:00,2026-06-30T09:02:00.129102,2,1,65.45,0.3,65.3,100,65.1,150,,,,,,,,,,,,,,,,,65.6,150,,,,,,,,,,,,,,,,,,
2026-06-29T23:02:00.188496+00:00,2026-06-30T09:02:00.180937,2,2,65.45,0.3,65.3,100,65.1,150,,,,,,,,,,,,,,,,,65.6,150,65.8,100,,,,,,,,,,,,,,,,
2026-06-29T23:02:00.232318+00:00,2026-06-30T09:02:00.231319,2,2,65.45,0.3,65.3,50,65.1,150,,,,,,,,,,,,,,,,,65.6,150,65.8,100,,,,,,,,,,,,,,,,
2026-06-29T23:02:00.886137+00:00,2026-06-30T09:02:00.881137,2,2,65.45,0.3,65.3,50,65.1,150,,,,,,,,,,,,,,,,,65.6,103,65.8,100,,,,,,,,,,,,,,,,
2026-06-29T23:02:01.874436+00:00,2026-06-30T09:02:01.873435,2,1,65.55,0.5,65.3,50,65.1,150,,,,,,,,,,,,,,,,,65.8,100,,,,,,,,,,,,,,,,,,
2026-06-29T23:02:01.885498+00:00,2026-06-30T09:02:01.874436,1,1,65.55,0.5,65.3,50,,,,,,,,,,,,,,,,,,,65.8,100,,,,,,,,,,,,,,,,,,
2026-06-29T23:02:01.928304+00:00,2026-06-30T09:02:01.926745,2,1,65.6,0.4,65.4,150,65.3,50,,,,,,,,,,,,,,,,,65.8,100,,,,,,,,,,,,,,,,,,
2026-06-29T23:02:01.983148+00:00,2026-06-30T09:02:01.980147,2,2,65.6,0.4,65.4,150,65.3,50,,,,,,,,,,,,,,,,,65.8,100,65.9,150,,,,,,,,,,,,,,,,
2026-06-29T23:02:02.318866+00:00,2026-06-30T09:02:02.310306,2,2,65.6,0.4,65.4,150,65.3,50,,,,,,,,,,,,,,,,,65.8,50,65.9,150,,,,,,,,,,,,,,,,
2026-06-29T23:02:02.928448+00:00,2026-06-30T09:02:02.925889,2,2,65.6,0.4,65.4,150,65.3,50,,,,,,,,,,,,,,,,,65.8,10,65.9,150,,,,,,,,,,,,,,,,
2026-06-29T23:02:03.245045+00:00,2026-06-30T09:02:03.238034,1,1,65.65,0.5,65.4,150,,,,,,,,,,,,,,,,,,,65.9,150,,,,,,,,,,,,,,,,,,
2026-06-29T23:02:03.297936+00:00,2026-06-30T09:02:03.290377,2,1,65.8,0.2,65.7,100,65.4,150,,,,,,,,,,,,,,,,,65.9,150,,,,,,,,,,,,,,,,,,
2026-06-29T23:02:03.352294+00:00,2026-06-30T09:02:03.344232,2,2,65.8,0.2,65.7,100,65.4,150,,,,,,,,,,,,,,,,,65.9,150,66.2,100,,,,,,,,,,,,,,,,
2026-06-29T23:02:04.417968+00:00,2026-06-30T09:02:04.414409,2,2,65.8,0.2,65.7,100,65.4,150,,,,,,,,,,,,,,,,,65.9,100,66.2,100,,,,,,,,,,,,,,,,
2026-06-29T23:02:04.592314+00:00,2026-06-30T09:02:04.591313,3,2,65.8,0.2,65.7,100,65.5,3,65.4,150,,,,,,,,,,,,,,,65.9,100,66.2,100,,,,,,,,,,,,,,,,
2026-06-29T23:02:04.658276+00:00,2026-06-30T09:02:04.654716,3,3,65.75,0.1,65.7,100,65.5,3,65.4,150,,,,,,,,,,,,,,,65.8,3,65.9,100,66.2,100,,,,,,,,,,,,,,
2026-06-29T23:02:05.040859+00:00,2026-06-30T09:02:05.034796,2,2,65.75,0.1,65.7,100,65.5,3,,,,,,,,,,,,,,,,,65.8,3,66.2,100,,,,,,,,,,,,,,,,
2026-06-29T23:02:05.095296+00:00,2026-06-30T09:02:05.087181,2,2,65.75,0.1,65.7,250,65.5,3,,,,,,,,,,,,,,,,,65.8,3,66.2,100,,,,,,,,,,,,,,,,
2026-06-29T23:02:05.148683+00:00,2026-06-30T09:02:05.140123,2,2,65.75,0.1,65.7,250,65.5,3,,,,,,,,,,,,,,,,,65.8,3,66.2,250,,,,,,,,,,,,,,,,
2026-06-29T23:02:05.606338+00:00,2026-06-30T09:02:05.595275,2,2,65.75,0.1,65.7,250,65.5,2,,,,,,,,,,,,,,,,,65.8,3,66.2,250,,,,,,,,,,,,,,,,
2026-06-29T23:02:06.408875+00:00,2026-06-30T09:02:06.403299,2,2,65.75,0.1,65.7,150,65.5,2,,,,,,,,,,,,,,,,,65.8,3,66.2,150,,,,,,,,,,,,,,,,
2026-06-29T23:02:06.464203+00:00,2026-06-30T09:02:06.454142,3,2,65.75,0.1,65.7,150,65.6,100,65.5,2,,,,,,,,,,,,,,,65.8,3,66.2,150,,,,,,,,,,,,,,,,
2026-06-29T23:02:06.507485+00:00,2026-06-30T09:02:06.506484,3,3,65.75,0.1,65.7,150,65.6,100,65.5,2,,,,,,,,,,,,,,,65.8,3,66.1,100,66.2,150,,,,,,,,,,,,,,
2026-06-29T23:02:06.528694+00:00,2026-06-30T09:02:06.524123,3,2,65.9,0.4,65.7,150,65.6,100,65.5,2,,,,,,,,,,,,,,,66.1,53,66.2,150,,,,,,,,,,,,,,,,
2026-06-29T23:02:06.572973+00:00,2026-06-30T09:02:06.571973,3,3,65.75,0.1,65.7,150,65.6,100,65.5,2,,,,,,,,,,,,,,,65.8,3,66.1,53,66.2,150,,,,,,,,,,,,,,
2026-06-29T23:02:07.051870+00:00,2026-06-30T09:02:07.050869,3,3,65.75,0.1,65.7,110,65.6,100,65.5,2,,,,,,,,,,,,,,,65.8,3,66.1,53,66.2,150,,,,,,,,,,,,,,
2026-06-29T23:02:07.062933+00:00,2026-06-30T09:02:07.056869,3,3,65.8,0.2,65.7,110,65.6,100,65.5,2,,,,,,,,,,,,,,,65.9,3,66.1,53,66.2,150,,,,,,,,,,,,,,
2026-06-29T23:02:08.197464+00:00,2026-06-30T09:02:08.195464,2,2,65.75,0.3,65.6,100,65.5,2,,,,,,,,,,,,,,,,,65.9,3,66.1,53,,,,,,,,,,,,,,,,
2026-06-29T23:02:08.250865+00:00,2026-06-30T09:02:08.248856,2,2,65.75,0.3,65.6,250,65.5,2,,,,,,,,,,,,,,,,,65.9,3,66.1,53,,,,,,,,,,,,,,,,
2026-06-29T23:02:08.306173+00:00,2026-06-30T09:02:08.301173,2,2,65.75,0.3,65.6,250,65.5,2,,,,,,,,,,,,,,,,,65.9,3,66.1,203,,,,,,,,,,,,,,,,
2026-06-29T23:02:08.642946+00:00,2026-06-30T09:02:08.634883,2,1,65.85,0.5,65.6,250,65.5,2,,,,,,,,,,,,,,,,,66.1,156,,,,,,,,,,,,,,,,,,
2026-06-29T23:02:08.665071+00:00,2026-06-30T09:02:08.656009,2,2,65.75,0.3,65.6,250,65.5,2,,,,,,,,,,,,,,,,,65.9,3,66.1,156,,,,,,,,,,,,,,,,
2026-06-29T23:02:09.570715+00:00,2026-06-30T09:02:09.564137,2,2,65.75,0.3,65.6,150,65.5,2,,,,,,,,,,,,,,,,,65.9,3,66.1,150,,,,,,,,,,,,,,,,
2026-06-29T23:02:09.626059+00:00,2026-06-30T09:02:09.614996,2,2,65.75,0.3,65.6,250,65.5,2,,,,,,,,,,,,,,,,,65.9,3,66.1,150,,,,,,,,,,,,,,,,
2026-06-29T23:02:09.678446+00:00,2026-06-30T09:02:09.667982,2,2,65.75,0.3,65.6,250,65.5,2,,,,,,,,,,,,,,,,,65.9,3,66.1,250,,,,,,,,,,,,,,,,
2026-06-29T23:02:10.082016+00:00,2026-06-30T09:02:10.078006,2,2,65.75,0.3,65.6,250,65.5,1,,,,,,,,,,,,,,,,,65.9,3,66.1,250,,,,,,,,,,,,,,,,
2026-06-29T23:02:10.246345+00:00,2026-06-30T09:02:10.245345,2,2,65.75,0.3,65.6,209,65.5,1,,,,,,,,,,,,,,,,,65.9,3,66.1,250,,,,,,,,,,,,,,,,
2026-06-29T23:02:10.813176+00:00,2026-06-30T09:02:10.806085,2,2,65.75,0.3,65.6,159,65.5,1,,,,,,,,,,,,,,,,,65.9,3,66.1,250,,,,,,,,,,,,,,,,
2026-06-29T23:02:11.359662+00:00,2026-06-30T09:02:11.357652,2,2,65.75,0.3,65.6,100,65.5,1,,,,,,,,,,,,,,,,,65.9,3,66.1,100,,,,,,,,,,,,,,,,
2026-06-29T23:02:11.414980+00:00,2026-06-30T09:02:11.408979,3,2,65.75,0.3,65.6,100,65.5,1,65.1,150,,,,,,,,,,,,,,,65.9,3,66.1,100,,,,,,,,,,,,,,,,
2026-06-29T23:02:11.467374+00:00,2026-06-30T09:02:11.462347,2,3,65.55,0.1,65.5,1,65.1,150,,,,,,,,,,,,,,,,,65.6,50,65.9,3,66.1,100,,,,,,,,,,,,,,
2026-06-29T23:02:12.727124+00:00,2026-06-30T09:02:12.723124,2,2,65.55,0.1,65.5,1,65.1,150,,,,,,,,,,,,,,,,,65.6,50,65.9,3,,,,,,,,,,,,,,,,
2026-06-29T23:02:12.780057+00:00,2026-06-30T09:02:12.774999,3,2,65.55,0.1,65.5,1,65.3,100,65.1,150,,,,,,,,,,,,,,,65.6,50,65.9,3,,,,,,,,,,,,,,,,
2026-06-29T23:02:12.835415+00:00,2026-06-30T09:02:12.827404,3,3,65.55,0.1,65.5,1,65.3,100,65.1,150,,,,,,,,,,,,,,,65.6,50,65.8,100,65.9,3,,,,,,,,,,,,,,
2026-06-29T23:02:13.551773+00:00,2026-06-30T09:02:13.549773,3,3,65.55,0.1,65.5,1,65.3,100,65.1,150,,,,,,,,,,,,,,,65.6,1,65.8,100,65.9,3,,,,,,,,,,,,,,
2026-06-29T23:02:14.528594+00:00,2026-06-30T09:02:14.519049,2,2,65.65,0.3,65.5,1,65.3,100,,,,,,,,,,,,,,,,,65.8,100,65.9,3,,,,,,,,,,,,,,,,
2026-06-29T23:02:14.583851+00:00,2026-06-30T09:02:14.572800,3,1,65.85,0.1,65.8,50,65.5,1,65.3,100,,,,,,,,,,,,,,,65.9,3,,,,,,,,,,,,,,,,,,
2026-06-29T23:02:14.627583+00:00,2026-06-30T09:02:14.626039,3,2,65.85,0.1,65.8,50,65.5,1,65.3,100,,,,,,,,,,,,,,,65.9,3,66.3,150,,,,,,,,,,,,,,,,
2026-06-29T23:02:14.966577+00:00,2026-06-30T09:02:14.962577,3,1,66.05,0.5,65.8,50,65.5,1,65.3,100,,,,,,,,,,,,,,,66.3,103,,,,,,,,,,,,,,,,,,
2026-06-29T23:02:15.607585+00:00,2026-06-30T09:02:15.606516,3,2,65.85,0.1,65.8,50,65.5,1,65.3,100,,,,,,,,,,,,,,,65.9,4,66.3,103,,,,,,,,,,,,,,,,
2026-06-29T23:02:15.889023+00:00,2026-06-30T09:02:15.881464,2,2,65.85,0.1,65.8,50,65.5,1,,,,,,,,,,,,,,,,,65.9,4,66.3,103,,,,,,,,,,,,,,,,
2026-06-29T23:02:15.944362+00:00,2026-06-30T09:02:15.935301,3,2,65.85,0.1,65.8,50,65.6,100,65.5,1,,,,,,,,,,,,,,,65.9,4,66.3,103,,,,,,,,,,,,,,,,
2026-06-29T23:02:15.998748+00:00,2026-06-30T09:02:15.988301,3,3,65.85,0.1,65.8,50,65.6,100,65.5,1,,,,,,,,,,,,,,,65.9,4,66.1,100,66.3,103,,,,,,,,,,,,,,
2026-06-29T23:02:16.009830+00:00,2026-06-30T09:02:16.002767,3,3,65.85,0.1,65.8,5,65.6,100,65.5,1,,,,,,,,,,,,,,,65.9,4,66.1,100,66.3,103,,,,,,,,,,,,,,
2026-06-29T23:02:16.694027+00:00,2026-06-30T09:02:16.689027,3,3,65.85,0.1,65.8,5,65.6,100,65.5,1,,,,,,,,,,,,,,,65.9,3,66.1,100,66.3,103,,,,,,,,,,,,,,
2026-06-29T23:02:16.857074+00:00,2026-06-30T09:02:16.848071,2,3,65.75,0.3,65.6,100,65.5,1,,,,,,,,,,,,,,,,,65.9,3,66.1,100,66.3,103,,,,,,,,,,,,,,
2026-06-29T23:02:17.087113+00:00,2026-06-30T09:02:17.080113,2,2,65.85,0.5,65.6,100,65.5,1,,,,,,,,,,,,,,,,,66.1,53,66.3,103,,,,,,,,,,,,,,,,
2026-06-29T23:02:17.467165+00:00,2026-06-30T09:02:17.463165,2,3,65.75,0.3,65.6,100,65.5,1,,,,,,,,,,,,,,,,,65.9,3,66.1,53,66.3,103,,,,,,,,,,,,,,
2026-06-29T23:02:17.685139+00:00,2026-06-30T09:02:17.680140,2,2,65.75,0.3,65.6,100,65.5,1,,,,,,,,,,,,,,,,,65.9,3,66.1,53,,,,,,,,,,,,,,,,
2026-06-29T23:02:17.738558+00:00,2026-06-30T09:02:17.732984,3,2,65.75,0.3,65.6,100,65.5,1,65.3,150,,,,,,,,,,,,,,,65.9,3,66.1,53,,,,,,,,,,,,,,,,
2026-06-29T23:02:17.793925+00:00,2026-06-30T09:02:17.786850,3,3,65.7,0.2,65.6,100,65.5,1,65.3,150,,,,,,,,,,,,,,,65.8,150,65.9,3,66.1,53,,,,,,,,,,,,,,
2026-06-29T23:02:19.031955+00:00,2026-06-30T09:02:19.021176,3,3,65.7,0.2,65.6,100,65.5,1,65.3,150,,,,,,,,,,,,,,,65.8,150,65.9,2,66.1,53,,,,,,,,,,,,,,
2026-06-29T23:02:19.043028+00:00,2026-06-30T09:02:19.042027,3,2,65.7,0.2,65.6,100,65.5,1,65.3,150,,,,,,,,,,,,,,,65.8,150,65.9,2,,,,,,,,,,,,,,,,
2026-06-29T23:02:19.054089+00:00,2026-06-30T09:02:19.043028,2,2,65.65,0.3,65.5,1,65.3,150,,,,,,,,,,,,,,,,,65.8,150,65.9,2,,,,,,,,,,,,,,,,
2026-06-29T23:02:19.097363+00:00,2026-06-30T09:02:19.096336,2,2,65.65,0.3,65.5,1,65.3,150,,,,,,,,,,,,,,,,,65.8,50,65.9,2,,,,,,,,,,,,,,,,
2026-06-29T23:02:19.151742+00:00,2026-06-30T09:02:19.149742,2,3,65.65,0.3,65.5,1,65.3,150,,,,,,,,,,,,,,,,,65.8,50,65.9,2,66.4,100,,,,,,,,,,,,,,
2026-06-29T23:02:20.847435+00:00,2026-06-30T09:02:20.844435,1,2,65.7,0.4,65.5,1,,,,,,,,,,,,,,,,,,,65.9,2,66.4,100,,,,,,,,,,,,,,,,
2026-06-29T23:02:20.900835+00:00,2026-06-30T09:02:20.898835,2,2,65.85,0.1,65.8,150,65.5,1,,,,,,,,,,,,,,,,,65.9,2,66.4,100,,,,,,,,,,,,,,,,
2026-06-29T23:02:20.956136+00:00,2026-06-30T09:02:20.952136,2,3,65.85,0.1,65.8,150,65.5,1,,,,,,,,,,,,,,,,,65.9,2,66.3,150,66.4,100,,,,,,,,,,,,,,
2026-06-29T23:02:21.348922+00:00,2026-06-30T09:02:21.339338,2,3,65.85,0.1,65.8,100,65.5,1,,,,,,,,,,,,,,,,,65.9,2,66.3,150,66.4,100,,,,,,,,,,,,,,
2026-06-29T23:02:21.871013+00:00,2026-06-30T09:02:21.866950,2,3,65.85,0.1,65.8,75,65.5,1,,,,,,,,,,,,,,,,,65.9,2,66.3,150,66.4,100,,,,,,,,,,,,,,
2026-06-29T23:02:21.882076+00:00,2026-06-30T09:02:21.875013,2,3,65.85,0.1,65.8,73,65.5,1,,,,,,,,,,,,,,,,,65.9,2,66.3,150,66.4,100,,,,,,,,,,,,,,
2026-06-29T23:02:22.177508+00:00,2026-06-30T09:02:22.176508,2,3,65.85,0.1,65.8,73,65.5,1,,,,,,,,,,,,,,,,,65.9,1,66.3,150,66.4,100,,,,,,,,,,,,,,
2026-06-29T23:02:22.209792+00:00,2026-06-30T09:02:22.204722,2,2,65.85,0.1,65.8,73,65.5,1,,,,,,,,,,,,,,,,,65.9,1,66.3,150,,,,,,,,,,,,,,,,
2026-06-29T23:02:22.265128+00:00,2026-06-30T09:02:22.258128,2,2,65.85,0.1,65.8,73,65.5,101,,,,,,,,,,,,,,,,,65.9,1,66.3,150,,,,,,,,,,,,,,,,
2026-06-29T23:02:22.340181+00:00,2026-06-30T09:02:22.330097,2,3,65.85,0.1,65.8,73,65.5,101,,,,,,,,,,,,,,,,,65.9,1,66.0,100,66.3,150,,,,,,,,,,,,,,
2026-06-29T23:02:22.655328+00:00,2026-06-30T09:02:22.650328,2,2,65.9,0.2,65.8,73,65.5,101,,,,,,,,,,,,,,,,,66.0,100,66.3,150,,,,,,,,,,,,,,,,
2026-06-29T23:02:23.287599+00:00,2026-06-30T09:02:23.285599,2,2,65.9,0.2,65.8,73,65.5,101,,,,,,,,,,,,,,,,,66.0,51,66.3,150,,,,,,,,,,,,,,,,
2026-06-29T23:02:23.297708+00:00,2026-06-30T09:02:23.291682,3,2,65.9,0.2,65.8,73,65.7,5,65.5,100,,,,,,,,,,,,,,,66.0,51,66.3,150,,,,,,,,,,,,,,,,
2026-06-29T23:02:23.407436+00:00,2026-06-30T09:02:23.396348,3,2,65.9,0.2,65.8,73,65.7,5,65.5,100,,,,,,,,,,,,,,,66.0,1,66.3,150,,,,,,,,,,,,,,,,
2026-06-29T23:02:24.018155+00:00,2026-06-30T09:02:24.009590,2,1,65.85,0.3,65.7,5,65.5,100,,,,,,,,,,,,,,,,,66.0,1,,,,,,,,,,,,,,,,,,
2026-06-29T23:02:24.061941+00:00,2026-06-30T09:02:24.060940,3,1,65.85,0.3,65.7,5,65.5,100,65.4,150,,,,,,,,,,,,,,,66.0,1,,,,,,,,,,,,,,,,,,
2026-06-29T23:02:24.127967+00:00,2026-06-30T09:02:24.125400,3,2,65.8,0.2,65.7,5,65.5,100,65.4,150,,,,,,,,,,,,,,,65.9,150,66.0,1,,,,,,,,,,,,,,,,
2026-06-29T23:02:25.387553+00:00,2026-06-30T09:02:25.383507,2,1,65.8,0.2,65.7,5,65.4,150,,,,,,,,,,,,,,,,,65.9,150,,,,,,,,,,,,,,,,,,
2026-06-29T23:02:25.441917+00:00,2026-06-30T09:02:25.440917,2,1,65.8,0.2,65.7,5,65.4,150,,,,,,,,,,,,,,,,,65.9,50,,,,,,,,,,,,,,,,,,
2026-06-29T23:02:25.497223+00:00,2026-06-30T09:02:25.494223,2,2,65.8,0.2,65.7,5,65.4,150,,,,,,,,,,,,,,,,,65.9,50,66.4,100,,,,,,,,,,,,,,,,
2026-06-29T23:02:25.507846+00:00,2026-06-30T09:02:25.501286,2,1,66.05,0.7,65.7,5,65.4,150,,,,,,,,,,,,,,,,,66.4,100,,,,,,,,,,,,,,,,,,
2026-06-29T23:02:26.888458+00:00,2026-06-30T09:02:26.881325,2,1,66.05,0.7,65.7,3,65.4,150,,,,,,,,,,,,,,,,,66.4,100,,,,,,,,,,,,,,,,,,
2026-06-29T23:02:27.193988+00:00,2026-06-30T09:02:27.182924,1,1,66.05,0.7,65.7,3,,,,,,,,,,,,,,,,,,,66.4,100,,,,,,,,,,,,,,,,,,
2026-06-29T23:02:27.237262+00:00,2026-06-30T09:02:27.235236,2,1,66.2,0.4,66.0,150,65.7,3,,,,,,,,,,,,,,,,,66.4,100,,,,,,,,,,,,,,,,,,
2026-06-29T23:02:27.291169+00:00,2026-06-30T09:02:27.289169,2,2,66.2,0.4,66.0,150,65.7,3,,,,,,,,,,,,,,,,,66.4,100,66.5,150,,,,,,,,,,,,,,,,
2026-06-29T23:02:27.618276+00:00,2026-06-30T09:02:27.607826,2,2,66.2,0.4,66.0,150,65.7,3,,,,,,,,,,,,,,,,,66.4,50,66.5,150,,,,,,,,,,,,,,,,
2026-06-29T23:02:28.552185+00:00,2026-06-30T09:02:28.547175,2,1,66.25,0.5,66.0,150,65.7,3,,,,,,,,,,,,,,,,,66.5,150,,,,,,,,,,,,,,,,,,
2026-06-29T23:02:28.607504+00:00,2026-06-30T09:02:28.600504,2,1,66.25,0.5,66.0,150,65.7,103,,,,,,,,,,,,,,,,,66.5,150,,,,,,,,,,,,,,,,,,
2026-06-29T23:02:28.661900+00:00,2026-06-30T09:02:28.651838,2,2,66.1,0.2,66.0,150,65.7,103,,,,,,,,,,,,,,,,,66.2,100,66.5,150,,,,,,,,,,,,,,,,
2026-06-29T23:02:29.717390+00:00,2026-06-30T09:02:29.713363,2,2,66.1,0.2,66.0,150,65.7,103,,,,,,,,,,,,,,,,,66.2,50,66.5,150,,,,,,,,,,,,,,,,
2026-06-29T23:02:30.347334+00:00,2026-06-30T09:02:30.345325,1,1,65.95,0.5,65.7,103,,,,,,,,,,,,,,,,,,,66.2,50,,,,,,,,,,,,,,,,,,
2026-06-29T23:02:30.400743+00:00,2026-06-30T09:02:30.397732,2,1,66.05,0.3,65.9,150,65.7,103,,,,,,,,,,,,,,,,,66.2,50,,,,,,,,,,,,,,,,,,
2026-06-29T23:02:30.456052+00:00,2026-06-30T09:02:30.450052,2,2,66.05,0.3,65.9,150,65.7,103,,,,,,,,,,,,,,,,,66.2,50,66.4,150,,,,,,,,,,,,,,,,
2026-06-29T23:02:30.790000+00:00,2026-06-30T09:02:30.787990,2,2,66.05,0.3,65.9,103,65.7,103,,,,,,,,,,,,,,,,,66.2,50,66.4,150,,,,,,,,,,,,,,,,
2026-06-29T23:02:31.713299+00:00,2026-06-30T09:02:31.708299,2,1,66.15,0.5,65.9,103,65.7,3,,,,,,,,,,,,,,,,,66.4,150,,,,,,,,,,,,,,,,,,
2026-06-29T23:02:31.767696+00:00,2026-06-30T09:02:31.760650,3,1,66.2,0.4,66.0,100,65.9,103,65.7,3,,,,,,,,,,,,,,,66.4,150,,,,,,,,,,,,,,,,,,
2026-06-29T23:02:31.833119+00:00,2026-06-30T09:02:31.822056,3,2,66.2,0.4,66.0,100,65.9,103,65.7,3,,,,,,,,,,,,,,,66.4,150,66.5,100,,,,,,,,,,,,,,,,
2026-06-29T23:02:31.877378+00:00,2026-06-30T09:02:31.874378,3,2,66.2,0.4,66.0,50,65.9,103,65.7,3,,,,,,,,,,,,,,,66.4,150,66.5,100,,,,,,,,,,,,,,,,
2026-06-29T23:02:31.898601+00:00,2026-06-30T09:02:31.891040,3,2,66.2,0.4,66.0,25,65.9,103,65.7,3,,,,,,,,,,,,,,,66.4,150,66.5,100,,,,,,,,,,,,,,,,
2026-06-29T23:02:31.909682+00:00,2026-06-30T09:02:31.903611,3,2,66.2,0.4,66.0,23,65.9,103,65.7,3,,,,,,,,,,,,,,,66.4,150,66.5,100,,,,,,,,,,,,,,,,
2026-06-29T23:02:33.508667+00:00,2026-06-30T09:02:33.504121,2,1,66.25,0.5,66.0,23,65.7,3,,,,,,,,,,,,,,,,,66.5,100,,,,,,,,,,,,,,,,,,
2026-06-29T23:02:33.563914+00:00,2026-06-30T09:02:33.556866,3,1,66.25,0.5,66.0,23,65.9,150,65.7,3,,,,,,,,,,,,,,,66.5,100,,,,,,,,,,,,,,,,,,
2026-06-29T23:02:33.617775+00:00,2026-06-30T09:02:33.609216,3,2,66.2,0.4,66.0,23,65.9,150,65.7,3,,,,,,,,,,,,,,,66.4,150,66.5,100,,,,,,,,,,,,,,,,
2026-06-29T23:02:33.933899+00:00,2026-06-30T09:02:33.928899,3,2,66.2,0.4,66.0,23,65.9,150,65.7,3,,,,,,,,,,,,,,,66.4,100,66.5,100,,,,,,,,,,,,,,,,
2026-06-29T23:02:34.878353+00:00,2026-06-30T09:02:34.873795,2,1,66.15,0.5,65.9,150,65.7,3,,,,,,,,,,,,,,,,,66.4,100,,,,,,,,,,,,,,,,,,
2026-06-29T23:02:34.933209+00:00,2026-06-30T09:02:34.926145,2,1,66.15,0.5,65.9,150,65.7,103,,,,,,,,,,,,,,,,,66.4,100,,,,,,,,,,,,,,,,,,
2026-06-29T23:02:34.987101+00:00,2026-06-30T09:02:34.980102,2,2,66.05,0.3,65.9,150,65.7,103,,,,,,,,,,,,,,,,,66.2,100,66.4,100,,,,,,,,,,,,,,,,
2026-06-29T23:02:35.398582+00:00,2026-06-30T09:02:35.396014,2,2,66.05,0.3,65.9,108,65.7,103,,,,,,,,,,,,,,,,,66.2,100,66.4,100,,,,,,,,,,,,,,,,
2026-06-29T23:02:36.041842+00:00,2026-06-30T09:02:36.035788,2,2,66.05,0.3,65.9,108,65.7,103,,,,,,,,,,,,,,,,,66.2,50,66.4,100,,,,,,,,,,,,,,,,
2026-06-29T23:02:36.664137+00:00,2026-06-30T09:02:36.663137,2,1,66.05,0.3,65.9,108,65.7,103,,,,,,,,,,,,,,,,,66.2,50,,,,,,,,,,,,,,,,,,
2026-06-29T23:02:36.675205+00:00,2026-06-30T09:02:36.665137,1,1,65.95,0.5,65.7,103,,,,,,,,,,,,,,,,,,,66.2,50,,,,,,,,,,,,,,,,,,
2026-06-29T23:02:36.728136+00:00,2026-06-30T09:02:36.717699,2,1,66.0,0.4,65.8,150,65.7,103,,,,,,,,,,,,,,,,,66.2,50,,,,,,,,,,,,,,,,,,
2026-06-29T23:02:36.771953+00:00,2026-06-30T09:02:36.768953,2,2,66.0,0.4,65.8,150,65.7,103,,,,,,,,,,,,,,,,,66.2,50,66.3,150,,,,,,,,,,,,,,,,
2026-06-29T23:02:36.914393+00:00,2026-06-30T09:02:36.911393,2,2,66.0,0.4,65.8,148,65.7,103,,,,,,,,,,,,,,,,,66.2,50,66.3,150,,,,,,,,,,,,,,,,
2026-06-29T23:02:38.055172+00:00,2026-06-30T09:02:38.054172,2,1,66.05,0.5,65.8,148,65.7,3,,,,,,,,,,,,,,,,,66.3,150,,,,,,,,,,,,,,,,,,
2026-06-29T23:02:38.130757+00:00,2026-06-30T09:02:38.127747,2,1,66.05,0.5,65.8,248,65.7,3,,,,,,,,,,,,,,,,,66.3,150,,,,,,,,,,,,,,,,,,
2026-06-29T23:02:38.175015+00:00,2026-06-30T09:02:38.174015,2,1,66.05,0.5,65.8,248,65.7,3,,,,,,,,,,,,,,,,,66.3,250,,,,,,,,,,,,,,,,,,
2026-06-29T23:02:38.186071+00:00,2026-06-30T09:02:38.177014,2,1,66.05,0.5,65.8,248,65.7,2,,,,,,,,,,,,,,,,,66.3,250,,,,,,,,,,,,,,,,,,
2026-06-29T23:02:38.197134+00:00,2026-06-30T09:02:38.192134,2,1,66.05,0.5,65.8,198,65.7,2,,,,,,,,,,,,,,,,,66.3,250,,,,,,,,,,,,,,,,,,
2026-06-29T23:02:38.567117+00:00,2026-06-30T09:02:38.564117,1,1,66.05,0.5,65.8,198,,,,,,,,,,,,,,,,,,,66.3,203,,,,,,,,,,,,,,,,,,
2026-06-29T23:02:39.622285+00:00,2026-06-30T09:02:39.619286,1,1,66.05,0.5,65.8,149,,,,,,,,,,,,,,,,,,,66.3,203,,,,,,,,,,,,,,,,,,
2026-06-29T23:02:39.828702+00:00,2026-06-30T09:02:39.824143,1,1,66.05,0.5,65.8,100,,,,,,,,,,,,,,,,,,,66.3,100,,,,,,,,,,,,,,,,,,
2026-06-29T23:02:39.884031+00:00,2026-06-30T09:02:39.882031,2,1,66.05,0.5,65.8,100,65.6,150,,,,,,,,,,,,,,,,,66.3,100,,,,,,,,,,,,,,,,,,
2026-06-29T23:02:39.937941+00:00,2026-06-30T09:02:39.934382,2,2,65.95,0.3,65.8,100,65.6,150,,,,,,,,,,,,,,,,,66.1,150,66.3,100,,,,,,,,,,,,,,,,
2026-06-29T23:02:40.308461+00:00,2026-06-30T09:02:40.299901,2,2,65.95,0.3,65.8,50,65.6,150,,,,,,,,,,,,,,,,,66.1,150,66.3,100,,,,,,,,,,,,,,,,
2026-06-29T23:02:41.233906+00:00,2026-06-30T09:02:41.230905,1,1,65.85,0.5,65.6,150,,,,,,,,,,,,,,,,,,,66.1,150,,,,,,,,,,,,,,,,,,
2026-06-29T23:02:41.244954+00:00,2026-06-30T09:02:41.233906,1,1,65.85,0.5,65.6,150,,,,,,,,,,,,,,,,,,,66.1,155,,,,,,,,,,,,,,,,,,
2026-06-29T23:02:41.287714+00:00,2026-06-30T09:02:41.284166,1,1,65.85,0.5,65.6,250,,,,,,,,,,,,,,,,,,,66.1,155,,,,,,,,,,,,,,,,,,
2026-06-29T23:02:41.341988+00:00,2026-06-30T09:02:41.337978,1,1,65.85,0.5,65.6,250,,,,,,,,,,,,,,,,,,,66.1,255,,,,,,,,,,,,,,,,,,
2026-06-29T23:02:41.927739+00:00,2026-06-30T09:02:41.922692,1,1,65.85,0.5,65.6,248,,,,,,,,,,,,,,,,,,,66.1,255,,,,,,,,,,,,,,,,,,
2026-06-29T23:02:42.407423+00:00,2026-06-30T09:02:42.405396,1,1,65.85,0.5,65.6,198,,,,,,,,,,,,,,,,,,,66.1,255,,,,,,,,,,,,,,,,,,
2026-06-29T23:02:42.997249+00:00,2026-06-30T09:02:42.989249,1,1,65.85,0.5,65.6,100,,,,,,,,,,,,,,,,,,,66.1,105,,,,,,,,,,,,,,,,,,
2026-06-29T23:02:43.050103+00:00,2026-06-30T09:02:43.041045,2,1,65.85,0.5,65.6,100,65.5,150,,,,,,,,,,,,,,,,,66.1,105,,,,,,,,,,,,,,,,,,
2026-06-29T23:02:43.061155+00:00,2026-06-30T09:02:43.050103,3,1,65.95,0.3,65.8,1,65.6,100,65.5,150,,,,,,,,,,,,,,,66.1,105,,,,,,,,,,,,,,,,,,
2026-06-29T23:02:43.105381+00:00,2026-06-30T09:02:43.094297,3,2,65.9,0.2,65.8,1,65.6,100,65.5,150,,,,,,,,,,,,,,,66.0,150,66.1,105,,,,,,,,,,,,,,,,
2026-06-29T23:02:43.606368+00:00,2026-06-30T09:02:43.598367,2,2,65.8,0.4,65.6,100,65.5,150,,,,,,,,,,,,,,,,,66.0,150,66.1,105,,,,,,,,,,,,,,,,
2026-06-29T23:02:44.401129+00:00,2026-06-30T09:02:44.392057,1,2,65.75,0.5,65.5,150,,,,,,,,,,,,,,,,,,,66.0,150,66.1,5,,,,,,,,,,,,,,,,
2026-06-29T23:02:44.445395+00:00,2026-06-30T09:02:44.444394,1,2,65.75,0.5,65.5,250,,,,,,,,,,,,,,,,,,,66.0,150,66.1,5,,,,,,,,,,,,,,,,
2026-06-29T23:02:44.498770+00:00,2026-06-30T09:02:44.497202,1,2,65.75,0.5,65.5,250,,,,,,,,,,,,,,,,,,,66.0,250,66.1,5,,,,,,,,,,,,,,,,
2026-06-29T23:02:44.520934+00:00,2026-06-30T09:02:44.512851,1,2,65.75,0.5,65.5,200,,,,,,,,,,,,,,,,,,,66.0,250,66.1,5,,,,,,,,,,,,,,,,
2026-06-29T23:02:46.156679+00:00,2026-06-30T09:02:46.151669,1,2,65.75,0.5,65.5,100,,,,,,,,,,,,,,,,,,,66.0,100,66.1,5,,,,,,,,,,,,,,,,
2026-06-29T23:02:46.210099+00:00,2026-06-30T09:02:46.202036,2,2,65.75,0.5,65.5,100,65.0,150,,,,,,,,,,,,,,,,,66.0,100,66.1,5,,,,,,,,,,,,,,,,
2026-06-29T23:02:46.265428+00:00,2026-06-30T09:02:46.255350,1,3,65.25,0.5,65.0,150,,,,,,,,,,,,,,,,,,,65.5,50,66.0,100,66.1,5,,,,,,,,,,,,,,
2026-06-29T23:02:46.625490+00:00,2026-06-30T09:02:46.621490,1,3,65.25,0.5,65.0,100,,,,,,,,,,,,,,,,,,,65.5,50,66.0,100,66.1,5,,,,,,,,,,,,,,
2026-06-29T23:02:47.562236+00:00,2026-06-30T09:02:47.551173,1,2,65.25,0.5,65.0,100,,,,,,,,,,,,,,,,,,,65.5,50,66.1,5,,,,,,,,,,,,,,,,
2026-06-29T23:02:47.606508+00:00,2026-06-30T09:02:47.603508,2,2,65.35,0.3,65.2,100,65.0,100,,,,,,,,,,,,,,,,,65.5,50,66.1,5,,,,,,,,,,,,,,,,
2026-06-29T23:02:47.658888+00:00,2026-06-30T09:02:47.655328,2,3,65.35,0.3,65.2,100,65.0,100,,,,,,,,,,,,,,,,,65.5,50,65.7,100,66.1,5,,,,,,,,,,,,,,
2026-06-29T23:02:48.736470+00:00,2026-06-30T09:02:48.726407,2,3,65.35,0.3,65.2,50,65.0,100,,,,,,,,,,,,,,,,,65.5,50,65.7,100,66.1,5,,,,,,,,,,,,,,
2026-06-29T23:02:48.800959+00:00,2026-06-30T09:02:48.796894,2,2,65.35,0.3,65.2,50,65.0,100,,,,,,,,,,,,,,,,,65.5,50,65.7,100,,,,,,,,,,,,,,,,
2026-06-29T23:02:49.127688+00:00,2026-06-30T09:02:49.126662,2,3,65.35,0.3,65.2,50,65.0,100,,,,,,,,,,,,,,,,,65.5,50,65.7,100,65.9,6,,,,,,,,,,,,,,
2026-06-29T23:02:49.181134+00:00,2026-06-30T09:02:49.180134,2,3,65.35,0.3,65.2,50,65.0,100,,,,,,,,,,,,,,,,,65.5,50,65.7,100,65.9,5,,,,,,,,,,,,,,
2026-06-29T23:02:49.311997+00:00,2026-06-30T09:02:49.309989,1,2,65.45,0.5,65.2,50,,,,,,,,,,,,,,,,,,,65.7,100,65.9,5,,,,,,,,,,,,,,,,
2026-06-29T23:02:49.367307+00:00,2026-06-30T09:02:49.361307,2,2,65.6,0.2,65.5,150,65.2,50,,,,,,,,,,,,,,,,,65.7,100,65.9,5,,,,,,,,,,,,,,,,
2026-06-29T23:02:49.420772+00:00,2026-06-30T09:02:49.414687,2,3,65.6,0.2,65.5,150,65.2,50,,,,,,,,,,,,,,,,,65.7,100,65.9,5,66.0,150,,,,,,,,,,,,,,
2026-06-29T23:02:50.719032+00:00,2026-06-30T09:02:50.712472,1,2,65.7,0.4,65.5,150,,,,,,,,,,,,,,,,,,,65.9,5,66.0,150,,,,,,,,,,,,,,,,
2026-06-29T23:02:50.785423+00:00,2026-06-30T09:02:50.781423,2,1,65.75,0.5,65.5,150,65.3,100,,,,,,,,,,,,,,,,,66.0,150,,,,,,,,,,,,,,,,,,
2026-06-29T23:02:50.828238+00:00,2026-06-30T09:02:50.825676,2,2,65.65,0.3,65.5,150,65.3,100,,,,,,,,,,,,,,,,,65.8,100,66.0,150,,,,,,,,,,,,,,,,
2026-06-29T23:02:50.894142+00:00,2026-06-30T09:02:50.885079,2,3,65.65,0.3,65.5,150,65.3,100,,,,,,,,,,,,,,,,,65.8,100,65.9,6,66.0,150,,,,,,,,,,,,,,
2026-06-29T23:02:52.472329+00:00,2026-06-30T09:02:52.469329,1,2,65.55,0.5,65.3,100,,,,,,,,,,,,,,,,,,,65.8,100,65.9,6,,,,,,,,,,,,,,,,
2026-06-29T23:02:52.527649+00:00,2026-06-30T09:02:52.522649,2,2,65.65,0.3,65.5,150,65.3,100,,,,,,,,,,,,,,,,,65.8,100,65.9,6,,,,,,,,,,,,,,,,
2026-06-29T23:02:52.582051+00:00,2026-06-30T09:02:52.573997,2,3,65.65,0.3,65.5,150,65.3,100,,,,,,,,,,,,,,,,,65.8,100,65.9,6,66.0,150,,,,,,,,,,,,,,
2026-06-29T23:02:52.952081+00:00,2026-06-30T09:02:52.941019,2,3,65.65,0.3,65.5,100,65.3,100,,,,,,,,,,,,,,,,,65.8,100,65.9,6,66.0,150,,,,,,,,,,,,,,
2026-06-29T23:02:53.885435+00:00,2026-06-30T09:02:53.881435,1,2,65.7,0.4,65.5,100,,,,,,,,,,,,,,,,,,,65.9,6,66.0,150,,,,,,,,,,,,,,,,
2026-06-29T23:02:53.938307+00:00,2026-06-30T09:02:53.933747,2,2,65.7,0.4,65.5,100,65.2,100,,,,,,,,,,,,,,,,,65.9,6,66.0,150,,,,,,,,,,,,,,,,
2026-06-29T23:02:53.993166+00:00,2026-06-30T09:02:53.989166,2,3,65.6,0.2,65.5,100,65.2,100,,,,,,,,,,,,,,,,,65.7,100,65.9,6,66.0,150,,,,,,,,,,,,,,
2026-06-29T23:02:54.777397+00:00,2026-06-30T09:02:54.767387,2,3,65.6,0.2,65.5,100,65.2,100,,,,,,,,,,,,,,,,,65.7,100,65.9,5,66.0,150,,,,,,,,,,,,,,
2026-06-29T23:02:55.068986+00:00,2026-06-30T09:02:55.063425,2,3,65.6,0.2,65.5,50,65.2,100,,,,,,,,,,,,,,,,,65.7,100,65.9,5,66.0,150,,,,,,,,,,,,,,
2026-06-29T23:02:55.633367+00:00,2026-06-30T09:02:55.628359,1,2,65.45,0.5,65.2,100,,,,,,,,,,,,,,,,,,,65.7,100,65.9,5,,,,,,,,,,,,,,,,
2026-06-29T23:02:55.687753+00:00,2026-06-30T09:02:55.680697,2,2,65.45,0.5,65.2,100,64.8,150,,,,,,,,,,,,,,,,,65.7,100,65.9,5,,,,,,,,,,,,,,,,
2026-06-29T23:02:55.742109+00:00,2026-06-30T09:02:55.733046,2,3,65.25,0.1,65.2,100,64.8,150,,,,,,,,,,,,,,,,,65.3,150,65.7,100,65.9,5,,,,,,,,,,,,,,
2026-06-29T23:02:56.958766+00:00,2026-06-30T09:02:56.957206,2,3,65.25,0.1,65.2,100,64.8,150,,,,,,,,,,,,,,,,,65.3,125,65.7,100,65.9,5,,,,,,,,,,,,,,
2026-06-29T23:02:57.047314+00:00,2026-06-30T09:02:57.045315,1,2,65.05,0.5,64.8,150,,,,,,,,,,,,,,,,,,,65.3,125,65.9,5,,,,,,,,,,,,,,,,
2026-06-29T23:02:57.100723+00:00,2026-06-30T09:02:57.099723,2,2,65.15,0.3,65.0,100,64.8,150,,,,,,,,,,,,,,,,,65.3,125,65.9,5,,,,,,,,,,,,,,,,
2026-06-29T23:02:57.156032+00:00,2026-06-30T09:02:57.152032,2,3,65.15,0.3,65.0,100,64.8,150,,,,,,,,,,,,,,,,,65.3,125,65.5,100,65.9,5,,,,,,,,,,,,,,
2026-06-29T23:02:57.177175+00:00,2026-06-30T09:02:57.169149,2,3,65.15,0.3,65.0,50,64.8,150,,,,,,,,,,,,,,,,,65.3,125,65.5,100,65.9,5,,,,,,,,,,,,,,
2026-06-29T23:02:58.797057+00:00,2026-06-30T09:02:58.788047,1,1,65.25,0.5,65.0,50,,,,,,,,,,,,,,,,,,,65.5,100,,,,,,,,,,,,,,,,,,
2026-06-29T23:02:58.849999+00:00,2026-06-30T09:02:58.845932,2,1,65.3,0.4,65.1,150,65.0,50,,,,,,,,,,,,,,,,,65.5,100,,,,,,,,,,,,,,,,,,
2026-06-29T23:02:58.905310+00:00,2026-06-30T09:02:58.894405,2,2,65.3,0.4,65.1,150,65.0,50,,,,,,,,,,,,,,,,,65.5,100,65.6,150,,,,,,,,,,,,,,,,
2026-06-29T23:02:59.283368+00:00,2026-06-30T09:02:59.277358,2,2,65.3,0.4,65.1,100,65.0,50,,,,,,,,,,,,,,,,,65.5,100,65.6,150,,,,,,,,,,,,,,,,
2026-06-29T23:02:59.477671+00:00,2026-06-30T09:02:59.470671,2,2,65.3,0.4,65.1,100,65.0,50,,,,,,,,,,,,,,,,,65.5,55,65.6,150,,,,,,,,,,,,,,,,
2026-06-29T23:03:00.215192+00:00,2026-06-30T09:03:00.207181,1,1,65.35,0.5,65.1,100,,,,,,,,,,,,,,,,,,,65.6,150,,,,,,,,,,,,,,,,,,
2026-06-29T23:03:00.267545+00:00,2026-06-30T09:03:00.258518,1,1,65.35,0.5,65.1,200,,,,,,,,,,,,,,,,,,,65.6,150,,,,,,,,,,,,,,,,,,
2026-06-29T23:03:00.310867+00:00,2026-06-30T09:03:00.308866,1,2,65.35,0.5,65.1,200,,,,,,,,,,,,,,,,,,,65.6,150,65.7,5,,,,,,,,,,,,,,,,
2026-06-29T23:03:00.321929+00:00,2026-06-30T09:03:00.311858,1,2,65.35,0.5,65.1,200,,,,,,,,,,,,,,,,,,,65.6,250,65.7,5,,,,,,,,,,,,,,,,
2026-06-29T23:03:01.337371+00:00,2026-06-30T09:03:01.333343,1,2,65.35,0.5,65.1,200,,,,,,,,,,,,,,,,,,,65.6,200,65.7,5,,,,,,,,,,,,,,,,
2026-06-29T23:03:01.955469+00:00,2026-06-30T09:03:01.948469,1,2,65.35,0.5,65.1,100,,,,,,,,,,,,,,,,,,,65.6,100,65.7,5,,,,,,,,,,,,,,,,
2026-06-29T23:03:02.009777+00:00,2026-06-30T09:03:01.999730,2,2,65.35,0.5,65.1,100,65.0,150,,,,,,,,,,,,,,,,,65.6,100,65.7,5,,,,,,,,,,,,,,,,
2026-06-29T23:03:02.053957+00:00,2026-06-30T09:03:02.052957,2,3,65.3,0.4,65.1,100,65.0,150,,,,,,,,,,,,,,,,,65.5,150,65.6,100,65.7,5,,,,,,,,,,,,,,
2026-06-29T23:03:03.371967+00:00,2026-06-30T09:03:03.364905,1,2,65.25,0.5,65.0,150,,,,,,,,,,,,,,,,,,,65.5,150,65.7,5,,,,,,,,,,,,,,,,
2026-06-29T23:03:03.427293+00:00,2026-06-30T09:03:03.418294,2,2,65.35,0.3,65.2,100,65.0,150,,,,,,,,,,,,,,,,,65.5,150,65.7,5,,,,,,,,,,,,,,,,
2026-06-29T23:03:03.447987+00:00,2026-06-30T09:03:03.438428,2,2,65.35,0.3,65.2,100,65.0,150,,,,,,,,,,,,,,,,,65.5,100,65.7,5,,,,,,,,,,,,,,,,
2026-06-29T23:03:03.480710+00:00,2026-06-30T09:03:03.475646,2,2,65.35,0.3,65.2,100,65.0,150,,,,,,,,,,,,,,,,,65.5,100,65.7,105,,,,,,,,,,,,,,,,
2026-06-29T23:03:05.121961+00:00,2026-06-30T09:03:05.111878,1,1,65.45,0.5,65.2,100,,,,,,,,,,,,,,,,,,,65.7,105,,,,,,,,,,,,,,,,,,
2026-06-29T23:03:05.166204+00:00,2026-06-30T09:03:05.159205,2,1,65.5,0.4,65.3,150,65.2,100,,,,,,,,,,,,,,,,,65.7,105,,,,,,,,,,,,,,,,,,
2026-06-29T23:03:05.218592+00:00,2026-06-30T09:03:05.213032,2,2,65.5,0.4,65.3,150,65.2,100,,,,,,,,,,,,,,,,,65.7,105,65.8,150,,,,,,,,,,,,,,,,
2026-06-29T23:03:05.547231+00:00,2026-06-30T09:03:05.545231,2,2,65.5,0.4,65.3,150,65.2,100,,,,,,,,,,,,,,,,,65.7,104,65.8,150,,,,,,,,,,,,,,,,
2026-06-29T23:03:05.557858+00:00,2026-06-30T09:03:05.549298,2,2,65.5,0.4,65.3,150,65.2,100,,,,,,,,,,,,,,,,,65.7,54,65.8,150,,,,,,,,,,,,,,,,
2026-06-29T23:03:05.687712+00:00,2026-06-30T09:03:05.678666,2,2,65.5,0.4,65.3,150,65.2,100,,,,,,,,,,,,,,,,,65.7,12,65.8,150,,,,,,,,,,,,,,,,
2026-06-29T23:03:06.199208+00:00,2026-06-30T09:03:06.194146,2,2,65.5,0.4,65.3,110,65.2,100,,,,,,,,,,,,,,,,,65.7,12,65.8,150,,,,,,,,,,,,,,,,
2026-06-29T23:03:06.253572+00:00,2026-06-30T09:03:06.252572,2,3,65.45,0.3,65.3,110,65.2,100,,,,,,,,,,,,,,,,,65.6,4,65.7,12,65.8,150,,,,,,,,,,,,,,
2026-06-29T23:03:06.537880+00:00,2026-06-30T09:03:06.530880,1,2,65.45,0.3,65.3,111,,,,,,,,,,,,,,,,,,,65.6,4,65.8,150,,,,,,,,,,,,,,,,
2026-06-29T23:03:06.591769+00:00,2026-06-30T09:03:06.583706,2,2,65.5,0.2,65.4,100,65.3,111,,,,,,,,,,,,,,,,,65.6,4,65.8,150,,,,,,,,,,,,,,,,
2026-06-29T23:03:06.647075+00:00,2026-06-30T09:03:06.639076,2,3,65.5,0.2,65.4,100,65.3,111,,,,,,,,,,,,,,,,,65.6,4,65.8,150,65.9,100,,,,,,,,,,,,,,
2026-06-29T23:03:07.303907+00:00,2026-06-30T09:03:07.292857,2,3,65.5,0.2,65.4,100,65.3,111,,,,,,,,,,,,,,,,,65.6,3,65.8,150,65.9,100,,,,,,,,,,,,,,
2026-06-29T23:03:07.661871+00:00,2026-06-30T09:03:07.656808,2,2,65.6,0.4,65.4,100,65.3,111,,,,,,,,,,,,,,,,,65.8,103,65.9,100,,,,,,,,,,,,,,,,
2026-06-29T23:03:08.271127+00:00,2026-06-30T09:03:08.268128,2,1,65.65,0.5,65.4,100,65.3,111,,,,,,,,,,,,,,,,,65.9,100,,,,,,,,,,,,,,,,,,
2026-06-29T23:03:08.282190+00:00,2026-06-30T09:03:08.271127,2,1,65.65,0.5,65.4,100,65.3,1,,,,,,,,,,,,,,,,,65.9,100,,,,,,,,,,,,,,,,,,
2026-06-29T23:03:08.337505+00:00,2026-06-30T09:03:08.328505,2,1,65.65,0.5,65.4,250,65.3,1,,,,,,,,,,,,,,,,,65.9,100,,,,,,,,,,,,,,,,,,
2026-06-29T23:03:08.348156+00:00,2026-06-30T09:03:08.339560,2,2,65.55,0.3,65.4,250,65.3,1,,,,,,,,,,,,,,,,,65.7,3,65.9,100,,,,,,,,,,,,,,,,
2026-06-29T23:03:08.391958+00:00,2026-06-30T09:03:08.381886,2,2,65.55,0.3,65.4,250,65.3,1,,,,,,,,,,,,,,,,,65.7,3,65.9,250,,,,,,,,,,,,,,,,
2026-06-29T23:03:09.032291+00:00,2026-06-30T09:03:09.024227,2,2,65.55,0.3,65.4,250,65.3,1,,,,,,,,,,,,,,,,,65.7,2,65.9,250,,,,,,,,,,,,,,,,
2026-06-29T23:03:09.697100+00:00,2026-06-30T09:03:09.695101,2,2,65.55,0.3,65.4,150,65.3,1,,,,,,,,,,,,,,,,,65.7,2,65.9,150,,,,,,,,,,,,,,,,
2026-06-29T23:03:09.749075+00:00,2026-06-30T09:03:09.748065,2,2,65.55,0.3,65.4,150,65.3,101,,,,,,,,,,,,,,,,,65.7,2,65.9,150,,,,,,,,,,,,,,,,
2026-06-29T23:03:09.782254+00:00,2026-06-30T09:03:09.776200,2,1,65.65,0.5,65.4,150,65.3,101,,,,,,,,,,,,,,,,,65.9,150,,,,,,,,,,,,,,,,,,
2026-06-29T23:03:09.804389+00:00,2026-06-30T09:03:09.802389,2,2,65.6,0.4,65.4,150,65.3,101,,,,,,,,,,,,,,,,,65.8,100,65.9,150,,,,,,,,,,,,,,,,
2026-06-29T23:03:10.043962+00:00,2026-06-30T09:03:10.041962,2,3,65.55,0.3,65.4,150,65.3,101,,,,,,,,,,,,,,,,,65.7,2,65.8,100,65.9,150,,,,,,,,,,,,,,
2026-06-29T23:03:11.435324+00:00,2026-06-30T09:03:11.434324,2,2,65.55,0.3,65.4,150,65.3,101,,,,,,,,,,,,,,,,,65.7,2,65.8,100,,,,,,,,,,,,,,,,
2026-06-29T23:03:11.446387+00:00,2026-06-30T09:03:11.436324,1,2,65.5,0.4,65.3,101,,,,,,,,,,,,,,,,,,,65.7,2,65.8,100,,,,,,,,,,,,,,,,
2026-06-29T23:03:11.500808+00:00,2026-06-30T09:03:11.491721,1,2,65.5,0.4,65.3,251,,,,,,,,,,,,,,,,,,,65.7,2,65.8,100,,,,,,,,,,,,,,,,
2026-06-29T23:03:11.555603+00:00,2026-06-30T09:03:11.544750,1,2,65.5,0.4,65.3,251,,,,,,,,,,,,,,,,,,,65.7,2,65.8,250,,,,,,,,,,,,,,,,
2026-06-29T23:03:12.863181+00:00,2026-06-30T09:03:12.856118,1,2,65.5,0.4,65.3,151,,,,,,,,,,,,,,,,,,,65.7,2,65.8,150,,,,,,,,,,,,,,,,
2026-06-29T23:03:12.917555+00:00,2026-06-30T09:03:12.913509,2,2,65.55,0.3,65.4,100,65.3,151,,,,,,,,,,,,,,,,,65.7,2,65.8,150,,,,,,,,,,,,,,,,
2026-06-29T23:03:12.971913+00:00,2026-06-30T09:03:12.962847,2,3,65.55,0.3,65.4,100,65.3,151,,,,,,,,,,,,,,,,,65.7,2,65.8,150,65.9,100,,,,,,,,,,,,,,
2026-06-29T23:03:13.993865+00:00,2026-06-30T09:03:13.986813,2,2,65.6,0.4,65.4,100,65.3,151,,,,,,,,,,,,,,,,,65.8,102,65.9,100,,,,,,,,,,,,,,,,
2026-06-29T23:03:14.602963+00:00,2026-06-30T09:03:14.600963,2,1,65.65,0.5,65.4,100,65.3,1,,,,,,,,,,,,,,,,,65.9,100,,,,,,,,,,,,,,,,,,
2026-06-29T23:03:14.614011+00:00,2026-06-30T09:03:14.605963,2,2,65.55,0.3,65.4,100,65.3,1,,,,,,,,,,,,,,,,,65.7,3,65.9,100,,,,,,,,,,,,,,,,
2026-06-29T23:03:14.657798+00:00,2026-06-30T09:03:14.653237,3,2,65.65,0.1,65.6,150,65.4,100,65.3,1,,,,,,,,,,,,,,,65.7,3,65.9,100,,,,,,,,,,,,,,,,
2026-06-29T23:03:14.668376+00:00,2026-06-30T09:03:14.660817,3,1,65.75,0.3,65.6,150,65.4,100,65.3,1,,,,,,,,,,,,,,,65.9,54,,,,,,,,,,,,,,,,,,
2026-06-29T23:03:14.712157+00:00,2026-06-30T09:03:14.706095,3,2,65.75,0.3,65.6,150,65.4,100,65.3,1,,,,,,,,,,,,,,,65.9,54,66.1,150,,,,,,,,,,,,,,,,
2026-06-29T23:03:15.256458+00:00,2026-06-30T09:03:15.255458,3,2,65.75,0.3,65.6,109,65.4,100,65.3,1,,,,,,,,,,,,,,,65.9,54,66.1,150,,,,,,,,,,,,,,,,
2026-06-29T23:03:15.626397+00:00,2026-06-30T09:03:15.625397,3,3,65.65,0.1,65.6,109,65.4,100,65.3,1,,,,,,,,,,,,,,,65.7,3,65.9,54,66.1,150,,,,,,,,,,,,,,
2026-06-29T23:03:15.800966+00:00,2026-06-30T09:03:15.797886,3,2,65.75,0.3,65.6,109,65.4,100,65.3,1,,,,,,,,,,,,,,,65.9,12,66.1,150,,,,,,,,,,,,,,,,
2026-06-29T23:03:15.845174+00:00,2026-06-30T09:03:15.835114,3,3,65.65,0.1,65.6,109,65.4,100,65.3,1,,,,,,,,,,,,,,,65.7,3,65.9,12,66.1,150,,,,,,,,,,,,,,
2026-06-29T23:03:16.018963+00:00,2026-06-30T09:03:16.018432,2,2,65.65,0.1,65.6,109,65.3,1,,,,,,,,,,,,,,,,,65.7,3,66.1,150,,,,,,,,,,,,,,,,
2026-06-29T23:03:16.074302+00:00,2026-06-30T09:03:16.071303,3,1,65.9,0.4,65.7,97,65.6,109,65.3,1,,,,,,,,,,,,,,,66.1,150,,,,,,,,,,,,,,,,,,
2026-06-29T23:03:16.128257+00:00,2026-06-30T09:03:16.121677,2,2,65.75,0.1,65.7,97,65.6,109,,,,,,,,,,,,,,,,,65.8,3,66.1,150,,,,,,,,,,,,,,,,
2026-06-29T23:03:16.138835+00:00,2026-06-30T09:03:16.129275,2,3,65.75,0.1,65.7,97,65.6,109,,,,,,,,,,,,,,,,,65.8,3,66.1,150,66.2,100,,,,,,,,,,,,,,
2026-06-29T23:03:16.183103+00:00,2026-06-30T09:03:16.181103,3,3,65.75,0.1,65.7,97,65.6,109,65.5,3,,,,,,,,,,,,,,,65.8,3,66.1,150,66.2,100,,,,,,,,,,,,,,
2026-06-29T23:03:16.848601+00:00,2026-06-30T09:03:16.839041,3,3,65.75,0.1,65.7,97,65.6,109,65.5,3,,,,,,,,,,,,,,,65.8,2,66.1,150,66.2,100,,,,,,,,,,,,,,
2026-06-29T23:03:17.359022+00:00,2026-06-30T09:03:17.350457,3,3,65.75,0.1,65.7,54,65.6,109,65.5,3,,,,,,,,,,,,,,,65.8,2,66.1,150,66.2,100,,,,,,,,,,,,,,
2026-06-29T23:03:17.770740+00:00,2026-06-30T09:03:17.767730,2,2,65.75,0.1,65.7,54,65.5,3,,,,,,,,,,,,,,,,,65.8,2,66.2,100,,,,,,,,,,,,,,,,
2026-06-29T23:03:17.815004+00:00,2026-06-30T09:03:17.814004,3,2,65.75,0.1,65.7,54,65.6,150,65.5,3,,,,,,,,,,,,,,,65.8,2,66.2,100,,,,,,,,,,,,,,,,
2026-06-29T23:03:17.867901+00:00,2026-06-30T09:03:17.866341,3,3,65.75,0.1,65.7,54,65.6,150,65.5,3,,,,,,,,,,,,,,,65.8,2,66.1,150,66.2,100,,,,,,,,,,,,,,
2026-06-29T23:03:17.900137+00:00,2026-06-30T09:03:17.894075,3,3,65.75,0.1,65.7,11,65.6,150,65.5,3,,,,,,,,,,,,,,,65.8,2,66.1,150,66.2,100,,,,,,,,,,,,,,
2026-06-29T23:03:18.212284+00:00,2026-06-30T09:03:18.205219,3,2,65.9,0.4,65.7,11,65.6,150,65.5,3,,,,,,,,,,,,,,,66.1,102,66.2,100,,,,,,,,,,,,,,,,
2026-06-29T23:03:19.138525+00:00,2026-06-30T09:03:19.138011,3,2,65.9,0.4,65.7,11,65.6,150,65.5,1,,,,,,,,,,,,,,,66.1,102,66.2,100,,,,,,,,,,,,,,,,
2026-06-29T23:03:19.182810+00:00,2026-06-30T09:03:19.181810,3,1,65.9,0.4,65.7,11,65.6,150,65.5,1,,,,,,,,,,,,,,,66.1,102,,,,,,,,,,,,,,,,,,
2026-06-29T23:03:19.193881+00:00,2026-06-30T09:03:19.182810,2,1,65.85,0.5,65.6,150,65.5,1,,,,,,,,,,,,,,,,,66.1,102,,,,,,,,,,,,,,,,,,
2026-06-29T23:03:19.247825+00:00,2026-06-30T09:03:19.247312,3,1,65.85,0.5,65.6,150,65.5,1,65.3,100,,,,,,,,,,,,,,,66.1,102,,,,,,,,,,,,,,,,,,
2026-06-29T23:03:19.302168+00:00,2026-06-30T09:03:19.300168,3,2,65.7,0.2,65.6,150,65.5,1,65.3,100,,,,,,,,,,,,,,,65.8,100,66.1,102,,,,,,,,,,,,,,,,
2026-06-29T23:03:20.374313+00:00,2026-06-30T09:03:20.372304,2,2,65.7,0.2,65.6,100,65.3,100,,,,,,,,,,,,,,,,,65.8,100,66.1,102,,,,,,,,,,,,,,,,
2026-06-29T23:03:20.927458+00:00,2026-06-30T09:03:20.922459,1,1,65.55,0.5,65.3,100,,,,,,,,,,,,,,,,,,,65.8,100,,,,,,,,,,,,,,,,,,
2026-06-29T23:03:20.980876+00:00,2026-06-30T09:03:20.976820,1,1,65.55,0.5,65.3,250,,,,,,,,,,,,,,,,,,,65.8,100,,,,,,,,,,,,,,,,,,
2026-06-29T23:03:21.057389+00:00,2026-06-30T09:03:21.049343,1,1,65.55,0.5,65.3,250,,,,,,,,,,,,,,,,,,,65.8,250,,,,,,,,,,,,,,,,,,
2026-06-29T23:03:22.287889+00:00,2026-06-30T09:03:22.285329,1,1,65.55,0.5,65.3,250,,,,,,,,,,,,,,,,,,,65.8,256,,,,,,,,,,,,,,,,,,
2026-06-29T23:03:22.364385+00:00,2026-06-30T09:03:22.357374,1,1,65.55,0.5,65.3,150,,,,,,,,,,,,,,,,,,,65.8,156,,,,,,,,,,,,,,,,,,
2026-06-29T23:03:22.417743+00:00,2026-06-30T09:03:22.407809,2,1,65.6,0.4,65.4,100,65.3,150,,,,,,,,,,,,,,,,,65.8,156,,,,,,,,,,,,,,,,,,
2026-06-29T23:03:22.428340+00:00,2026-06-30T09:03:22.417892,2,1,65.6,0.4,65.4,100,65.3,150,,,,,,,,,,,,,,,,,65.8,106,,,,,,,,,,,,,,,,,,
2026-06-29T23:03:22.461053+00:00,2026-06-30T09:03:22.460053,2,2,65.6,0.4,65.4,100,65.3,150,,,,,,,,,,,,,,,,,65.8,106,65.9,100,,,,,,,,,,,,,,,,
2026-06-29T23:03:23.716316+00:00,2026-06-30T09:03:23.715307,2,2,65.6,0.4,65.4,100,65.3,150,,,,,,,,,,,,,,,,,65.8,105,65.9,100,,,,,,,,,,,,,,,,
2026-06-29T23:03:24.101942+00:00,2026-06-30T09:03:24.092875,1,2,65.6,0.4,65.4,100,,,,,,,,,,,,,,,,,,,65.8,5,65.9,100,,,,,,,,,,,,,,,,
2026-06-29T23:03:24.146207+00:00,2026-06-30T09:03:24.145206,2,2,65.65,0.3,65.5,150,65.4,100,,,,,,,,,,,,,,,,,65.8,5,65.9,100,,,,,,,,,,,,,,,,
2026-06-29T23:03:24.199619+00:00,2026-06-30T09:03:24.197609,2,3,65.65,0.3,65.5,150,65.4,100,,,,,,,,,,,,,,,,,65.8,5,65.9,100,66.0,150,,,,,,,,,,,,,,
2026-06-29T23:03:24.364198+00:00,2026-06-30T09:03:24.360199,2,3,65.65,0.3,65.5,150,65.4,100,,,,,,,,,,,,,,,,,65.8,4,65.9,100,66.0,150,,,,,,,,,,,,,,
2026-06-29T23:03:24.527260+00:00,2026-06-30T09:03:24.526260,2,2,65.7,0.4,65.5,150,65.4,100,,,,,,,,,,,,,,,,,65.9,54,66.0,150,,,,,,,,,,,,,,,,
2026-06-29T23:03:25.517050+00:00,2026-06-30T09:03:25.514051,1,1,65.75,0.5,65.5,150,,,,,,,,,,,,,,,,,,,66.0,150,,,,,,,,,,,,,,,,,,
2026-06-29T23:03:25.569980+00:00,2026-06-30T09:03:25.565918,2,1,65.85,0.3,65.7,100,65.5,150,,,,,,,,,,,,,,,,,66.0,150,,,,,,,,,,,,,,,,,,
2026-06-29T23:03:25.625323+00:00,2026-06-30T09:03:25.619323,2,2,65.85,0.3,65.7,100,65.5,150,,,,,,,,,,,,,,,,,66.0,150,66.2,100,,,,,,,,,,,,,,,,
2026-06-29T23:03:26.640131+00:00,2026-06-30T09:03:26.634068,2,2,65.85,0.3,65.7,100,65.5,150,,,,,,,,,,,,,,,,,66.0,100,66.2,100,,,,,,,,,,,,,,,,
2026-06-29T23:03:27.259719+00:00,2026-06-30T09:03:27.252644,1,1,65.95,0.5,65.7,100,,,,,,,,,,,,,,,,,,,66.2,100,,,,,,,,,,,,,,,,,,
2026-06-29T23:03:27.315029+00:00,2026-06-30T09:03:27.304968,2,1,66.05,0.3,65.9,150,65.7,100,,,,,,,,,,,,,,,,,66.2,100,,,,,,,,,,,,,,,,,,
2026-06-29T23:03:27.367901+00:00,2026-06-30T09:03:27.359341,2,2,66.05,0.3,65.9,150,65.7,100,,,,,,,,,,,,,,,,,66.2,100,66.4,150,,,,,,,,,,,,,,,,
2026-06-29T23:03:28.681786+00:00,2026-06-30T09:03:28.673723,1,1,66.15,0.5,65.9,150,,,,,,,,,,,,,,,,,,,66.4,150,,,,,,,,,,,,,,,,,,
2026-06-29T23:03:28.737096+00:00,2026-06-30T09:03:28.726032,2,1,66.15,0.5,65.9,150,65.6,100,,,,,,,,,,,,,,,,,66.4,150,,,,,,,,,,,,,,,,,,
2026-06-29T23:03:28.790008+00:00,2026-06-30T09:03:28.781946,2,2,66.0,0.2,65.9,150,65.6,100,,,,,,,,,,,,,,,,,66.1,100,66.4,150,,,,,,,,,,,,,,,,
2026-06-29T23:03:29.397591+00:00,2026-06-30T09:03:29.387654,2,2,66.0,0.2,65.9,146,65.6,100,,,,,,,,,,,,,,,,,66.1,100,66.4,150,,,,,,,,,,,,,,,,
2026-06-29T23:03:30.416497+00:00,2026-06-30T09:03:30.413497,1,1,65.85,0.5,65.6,100,,,,,,,,,,,,,,,,,,,66.1,100,,,,,,,,,,,,,,,,,,
2026-06-29T23:03:30.468886+00:00,2026-06-30T09:03:30.466325,2,1,66.0,0.2,65.9,150,65.6,100,,,,,,,,,,,,,,,,,66.1,100,,,,,,,,,,,,,,,,,,
2026-06-29T23:03:30.524214+00:00,2026-06-30T09:03:30.519214,2,2,66.0,0.2,65.9,150,65.6,100,,,,,,,,,,,,,,,,,66.1,100,66.4,150,,,,,,,,,,,,,,,,
2026-06-29T23:03:30.588680+00:00,2026-06-30T09:03:30.582121,2,3,65.95,0.1,65.9,150,65.6,100,,,,,,,,,,,,,,,,,66.0,4,66.1,100,66.4,150,,,,,,,,,,,,,,
2026-06-29T23:03:30.849684+00:00,2026-06-30T09:03:30.845634,2,2,66.0,0.2,65.9,150,65.6,100,,,,,,,,,,,,,,,,,66.1,54,66.4,150,,,,,,,,,,,,,,,,
2026-06-29T23:03:31.839643+00:00,2026-06-30T09:03:31.833581,1,1,66.15,0.5,65.9,150,,,,,,,,,,,,,,,,,,,66.4,150,,,,,,,,,,,,,,,,,,
2026-06-29T23:03:31.894990+00:00,2026-06-30T09:03:31.887979,1,1,66.15,0.5,65.9,250,,,,,,,,,,,,,,,,,,,66.4,150,,,,,,,,,,,,,,,,,,
2026-06-29T23:03:31.958446+00:00,2026-06-30T09:03:31.953887,1,1,66.15,0.5,65.9,250,,,,,,,,,,,,,,,,,,,66.4,250,,,,,,,,,,,,,,,,,,
2026-06-29T23:03:32.220689+00:00,2026-06-30T09:03:32.216626,2,2,65.95,0.1,65.9,250,65.7,4,,,,,,,,,,,,,,,,,66.0,1,66.4,250,,,,,,,,,,,,,,,,
2026-06-29T23:03:32.907880+00:00,2026-06-30T09:03:32.897403,2,1,66.15,0.5,65.9,250,65.7,4,,,,,,,,,,,,,,,,,66.4,207,,,,,,,,,,,,,,,,,,
2026-06-29T23:03:32.962275+00:00,2026-06-30T09:03:32.951212,2,1,66.15,0.5,65.9,250,65.7,4,,,,,,,,,,,,,,,,,66.4,157,,,,,,,,,,,,,,,,,,
2026-06-29T23:03:33.583062+00:00,2026-06-30T09:03:33.574997,2,1,66.15,0.5,65.9,100,65.7,4,,,,,,,,,,,,,,,,,66.4,100,,,,,,,,,,,,,,,,,,
2026-06-29T23:03:33.637413+00:00,2026-06-30T09:03:33.628387,3,0,,,66.4,50,65.9,100,65.7,4,,,,,,,,,,,,,,,,,,,,,,,,,,,,,,,,,,
2026-06-29T23:03:33.691798+00:00,2026-06-30T09:03:33.682735,3,1,66.65,0.5,66.4,50,65.9,100,65.7,4,,,,,,,,,,,,,,,66.9,150,,,,,,,,,,,,,,,,,,
2026-06-29T23:03:35.016219+00:00,2026-06-30T09:03:35.009219,1,1,66.65,0.5,66.4,50,,,,,,,,,,,,,,,,,,,66.9,150,,,,,,,,,,,,,,,,,,
2026-06-29T23:03:35.069638+00:00,2026-06-30T09:03:35.060560,1,1,66.65,0.5,66.4,50,,,,,,,,,,,,,,,,,,,66.9,100,,,,,,,,,,,,,,,,,,
2026-06-29T23:03:35.080700+00:00,2026-06-30T09:03:35.069638,2,1,66.65,0.5,66.4,50,66.3,100,,,,,,,,,,,,,,,,,66.9,100,,,,,,,,,,,,,,,,,,
2026-06-29T23:03:35.124083+00:00,2026-06-30T09:03:35.122083,2,2,66.6,0.4,66.4,50,66.3,100,,,,,,,,,,,,,,,,,66.8,100,66.9,100,,,,,,,,,,,,,,,,
2026-06-29T23:03:35.569761+00:00,2026-06-30T09:03:35.559698,3,2,66.6,0.4,66.4,50,66.3,100,65.9,5,,,,,,,,,,,,,,,66.8,100,66.9,100,,,,,,,,,,,,,,,,
2026-06-29T23:03:36.747272+00:00,2026-06-30T09:03:36.738225,2,1,66.55,0.5,66.3,100,65.9,5,,,,,,,,,,,,,,,,,66.8,100,,,,,,,,,,,,,,,,,,
2026-06-29T23:03:36.812231+00:00,2026-06-30T09:03:36.810231,3,1,66.55,0.5,66.3,100,66.0,150,65.9,5,,,,,,,,,,,,,,,66.8,100,,,,,,,,,,,,,,,,,,
2026-06-29T23:03:36.867546+00:00,2026-06-30T09:03:36.865546,3,2,66.4,0.2,66.3,100,66.0,150,65.9,5,,,,,,,,,,,,,,,66.5,150,66.8,100,,,,,,,,,,,,,,,,
2026-06-29T23:03:37.019647+00:00,2026-06-30T09:03:37.012574,3,2,66.4,0.2,66.3,75,66.0,150,65.9,5,,,,,,,,,,,,,,,66.5,150,66.8,100,,,,,,,,,,,,,,,,
2026-06-29T23:03:37.172161+00:00,2026-06-30T09:03:37.167151,3,2,66.4,0.2,66.3,75,66.0,150,65.9,5,,,,,,,,,,,,,,,66.5,100,66.8,100,,,,,,,,,,,,,,,,
2026-06-29T23:03:38.184072+00:00,2026-06-30T09:03:38.176008,2,1,66.25,0.5,66.0,150,65.9,5,,,,,,,,,,,,,,,,,66.5,100,,,,,,,,,,,,,,,,,,
2026-06-29T23:03:38.237945+00:00,2026-06-30T09:03:38.227506,3,1,66.35,0.3,66.2,100,66.0,150,65.9,5,,,,,,,,,,,,,,,66.5,100,,,,,,,,,,,,,,,,,,
2026-06-29T23:03:38.281251+00:00,2026-06-30T09:03:38.280251,3,2,66.35,0.3,66.2,100,66.0,150,65.9,5,,,,,,,,,,,,,,,66.5,100,66.7,100,,,,,,,,,,,,,,,,
2026-06-29T23:03:39.285330+00:00,2026-06-30T09:03:39.274267,3,2,66.35,0.3,66.2,100,66.0,150,65.9,5,,,,,,,,,,,,,,,66.5,50,66.7,100,,,,,,,,,,,,,,,,
2026-06-29T23:03:39.927670+00:00,2026-06-30T09:03:39.923624,2,1,66.45,0.5,66.2,100,65.9,5,,,,,,,,,,,,,,,,,66.7,100,,,,,,,,,,,,,,,,,,
2026-06-29T23:03:39.982052+00:00,2026-06-30T09:03:39.974978,3,1,66.65,0.1,66.6,150,66.2,100,65.9,5,,,,,,,,,,,,,,,66.7,100,,,,,,,,,,,,,,,,,,
2026-06-29T23:03:40.037376+00:00,2026-06-30T09:03:40.028369,3,2,66.65,0.1,66.6,150,66.2,100,65.9,5,,,,,,,,,,,,,,,66.7,100,67.1,150,,,,,,,,,,,,,,,,
2026-06-29T23:03:41.336055+00:00,2026-06-30T09:03:41.334055,3,1,66.85,0.5,66.6,150,66.2,100,65.9,5,,,,,,,,,,,,,,,67.1,150,,,,,,,,,,,,,,,,,,
2026-06-29T23:03:41.347104+00:00,2026-06-30T09:03:41.340104,2,1,66.85,0.5,66.6,150,66.1,6,,,,,,,,,,,,,,,,,67.1,150,,,,,,,,,,,,,,,,,,
2026-06-29T23:03:41.388876+00:00,2026-06-30T09:03:41.381321,2,1,66.85,0.5,66.6,150,66.1,6,,,,,,,,,,,,,,,,,67.1,100,,,,,,,,,,,,,,,,,,
2026-06-29T23:03:41.399933+00:00,2026-06-30T09:03:41.389024,2,1,66.85,0.5,66.6,150,66.1,106,,,,,,,,,,,,,,,,,67.1,100,,,,,,,,,,,,,,,,,,
2026-06-29T23:03:41.444127+00:00,2026-06-30T09:03:41.442128,2,1,66.85,0.5,66.6,50,66.1,106,,,,,,,,,,,,,,,,,67.1,100,,,,,,,,,,,,,,,,,,
2026-06-29T23:03:42.033035+00:00,2026-06-30T09:03:42.029035,2,1,66.85,0.5,66.6,25,66.1,106,,,,,,,,,,,,,,,,,67.1,100,,,,,,,,,,,,,,,,,,
2026-06-29T23:03:42.478501+00:00,2026-06-30T09:03:42.472941,2,1,66.85,0.5,66.6,25,66.1,105,,,,,,,,,,,,,,,,,67.1,100,,,,,,,,,,,,,,,,,,
2026-06-29T23:03:43.089669+00:00,2026-06-30T09:03:43.084606,1,0,,,66.1,105,,,,,,,,,,,,,,,,,,,,,,,,,,,,,,,,,,,,,,
2026-06-29T23:03:43.144975+00:00,2026-06-30T09:03:43.135913,2,0,,,66.2,150,66.1,105,,,,,,,,,,,,,,,,,,,,,,,,,,,,,,,,,,,,
2026-06-29T23:03:43.198361+00:00,2026-06-30T09:03:43.188801,2,1,66.45,0.5,66.2,150,66.1,105,,,,,,,,,,,,,,,,,66.7,150,,,,,,,,,,,,,,,,,,
2026-06-29T23:03:43.490977+00:00,2026-06-30T09:03:43.487966,2,1,66.45,0.5,66.2,150,66.1,105,,,,,,,,,,,,,,,,,66.7,100,,,,,,,,,,,,,,,,,,
2026-06-29T23:03:43.535231+00:00,2026-06-30T09:03:43.524337,2,1,66.45,0.5,66.2,105,66.1,105,,,,,,,,,,,,,,,,,66.7,100,,,,,,,,,,,,,,,,,,
2026-06-29T23:03:44.504925+00:00,2026-06-30T09:03:44.495863,2,1,66.45,0.5,66.2,105,66.1,5,,,,,,,,,,,,,,,,,66.7,100,,,,,,,,,,,,,,,,,,
2026-06-29T23:03:44.558311+00:00,2026-06-30T09:03:44.548751,3,1,66.5,0.4,66.3,100,66.2,105,66.1,5,,,,,,,,,,,,,,,66.7,100,,,,,,,,,,,,,,,,,,
2026-06-29T23:03:44.613153+00:00,2026-06-30T09:03:44.602091,3,2,66.5,0.4,66.3,100,66.2,105,66.1,5,,,,,,,,,,,,,,,66.7,100,66.8,100,,,,,,,,,,,,,,,,
2026-06-29T23:03:44.635277+00:00,2026-06-30T09:03:44.624382,3,2,66.5,0.4,66.3,100,66.2,105,66.1,5,,,,,,,,,,,,,,,66.7,59,66.8,100,,,,,,,,,,,,,,,,
2026-06-29T23:03:44.678617+00:00,2026-06-30T09:03:44.676056,3,2,66.5,0.4,66.3,59,66.2,105,66.1,5,,,,,,,,,,,,,,,66.7,59,66.8,100,,,,,,,,,,,,,,,,
2026-06-29T23:03:45.606395+00:00,2026-06-30T09:03:45.595332,3,2,66.5,0.4,66.3,59,66.2,105,66.1,5,,,,,,,,,,,,,,,66.7,9,66.8,100,,,,,,,,,,,,,,,,
