recv_time,book_timestamp,n_bids,n_asks,mid,spread,bid_px_0,bid_vol_0,bid_px_1,bid_vol_1,bid_px_2,bid_vol_2,bid_px_3,bid_vol_3,bid_px_4,bid_vol_4,bid_px_5,bid_vol_5,bid_px_6,bid_vol_6,bid_px_7,bid_vol_7,bid_px_8,bid_vol_8,bid_px_9,bid_vol_9,ask_px_0,ask_vol_0,ask_px_1,ask_vol_1,ask_px_2,ask_vol_2,ask_px_3,ask_vol_3,ask_px_4,ask_vol_4,ask_px_5,ask_vol_5,ask_px_6,ask_vol_6,ask_px_7,ask_vol_7,ask_px_8,ask_vol_8,ask_px_9,ask_vol_9
2026-07-09T07:00:00.602687+00:00,2026-07-09T07:00:00.590081,0,1,,,,,,,,,,,,,,,,,,,,,,,121.7,100,,,,,,,,,,,,,,,,,,
2026-07-09T07:00:00.691762+00:00,2026-07-09T07:00:00.693058,1,1,121.45,0.5,121.2,139,,,,,,,,,,,,,,,,,,,121.7,250,,,,,,,,,,,,,,,,,,
2026-07-09T07:00:00.977089+00:00,2026-07-09T07:00:00.972756,1,1,121.45,0.5,121.2,139,,,,,,,,,,,,,,,,,,,121.7,150,,,,,,,,,,,,,,,,,,
2026-07-09T07:00:01.034630+00:00,2026-07-09T07:00:01.034757,2,1,121.45,0.5,121.2,139,120.7,100,,,,,,,,,,,,,,,,,121.7,150,,,,,,,,,,,,,,,,,,
2026-07-09T07:00:01.090199+00:00,2026-07-09T07:00:01.090137,2,1,121.45,0.5,121.2,39,120.7,100,,,,,,,,,,,,,,,,,121.7,150,,,,,,,,,,,,,,,,,,
2026-07-09T07:00:01.227183+00:00,2026-07-09T07:00:01.246692,2,1,121.45,0.5,121.2,39,120.7,100,,,,,,,,,,,,,,,,,121.7,110,,,,,,,,,,,,,,,,,,
2026-07-09T07:00:01.597820+00:00,2026-07-09T07:00:01.597707,1,1,121.2,1.0,120.7,89,,,,,,,,,,,,,,,,,,,121.7,110,,,,,,,,,,,,,,,,,,
2026-07-09T07:00:03.704923+00:00,2026-07-09T07:00:03.704795,1,1,121.2,1.0,120.7,39,,,,,,,,,,,,,,,,,,,121.7,110,,,,,,,,,,,,,,,,,,
2026-07-09T07:00:03.743059+00:00,2026-07-09T07:00:03.747071,1,0,,,120.7,39,,,,,,,,,,,,,,,,,,,,,,,,,,,,,,,,,,,,,,
2026-07-09T07:00:03.807277+00:00,2026-07-09T07:00:03.807190,2,0,,,120.8,150,120.7,39,,,,,,,,,,,,,,,,,,,,,,,,,,,,,,,,,,,,
2026-07-09T07:00:03.863938+00:00,2026-07-09T07:00:03.863847,2,1,121.05,0.5,120.8,150,120.7,39,,,,,,,,,,,,,,,,,121.3,150,,,,,,,,,,,,,,,,,,
2026-07-09T07:00:04.149446+00:00,2026-07-09T07:00:04.149414,1,1,121.05,0.5,120.8,150,,,,,,,,,,,,,,,,,,,121.3,150,,,,,,,,,,,,,,,,,,
2026-07-09T07:00:04.228597+00:00,2026-07-09T07:00:04.228504,1,1,121.05,0.5,120.8,250,,,,,,,,,,,,,,,,,,,121.3,150,,,,,,,,,,,,,,,,,,
2026-07-09T07:00:04.285405+00:00,2026-07-09T07:00:04.285206,1,1,121.05,0.5,120.8,250,,,,,,,,,,,,,,,,,,,121.3,250,,,,,,,,,,,,,,,,,,
2026-07-09T07:00:04.847177+00:00,2026-07-09T07:00:04.847024,1,1,121.05,0.5,120.8,204,,,,,,,,,,,,,,,,,,,121.3,250,,,,,,,,,,,,,,,,,,
2026-07-09T07:00:05.811983+00:00,2026-07-09T07:00:05.811858,1,1,121.05,0.5,120.8,154,,,,,,,,,,,,,,,,,,,121.3,250,,,,,,,,,,,,,,,,,,
2026-07-09T07:00:06.918309+00:00,2026-07-09T07:00:06.918230,1,1,121.05,0.5,120.8,100,,,,,,,,,,,,,,,,,,,121.3,100,,,,,,,,,,,,,,,,,,
2026-07-09T07:00:06.973800+00:00,2026-07-09T07:00:06.973756,2,1,121.05,0.5,120.8,100,120.4,150,,,,,,,,,,,,,,,,,121.3,100,,,,,,,,,,,,,,,,,,
2026-07-09T07:00:07.041551+00:00,2026-07-09T07:00:07.035158,2,2,120.85,0.1,120.8,100,120.4,150,,,,,,,,,,,,,,,,,120.9,127,121.3,100,,,,,,,,,,,,,,,,
2026-07-09T07:00:07.340793+00:00,2026-07-09T07:00:07.340752,1,1,120.65,0.5,120.4,150,,,,,,,,,,,,,,,,,,,120.9,127,,,,,,,,,,,,,,,,,,
2026-07-09T07:00:07.397512+00:00,2026-07-09T07:00:07.397454,2,1,120.85,0.1,120.8,100,120.4,150,,,,,,,,,,,,,,,,,120.9,127,,,,,,,,,,,,,,,,,,
2026-07-09T07:00:07.451061+00:00,2026-07-09T07:00:07.450946,2,2,120.85,0.1,120.8,100,120.4,150,,,,,,,,,,,,,,,,,120.9,127,121.3,100,,,,,,,,,,,,,,,,
2026-07-09T07:00:07.919581+00:00,2026-07-09T07:00:07.919502,2,2,120.85,0.1,120.8,50,120.4,150,,,,,,,,,,,,,,,,,120.9,127,121.3,100,,,,,,,,,,,,,,,,
2026-07-09T07:00:09.100291+00:00,2026-07-09T07:00:09.100226,2,2,120.85,0.1,120.8,50,120.4,150,,,,,,,,,,,,,,,,,120.9,79,121.3,100,,,,,,,,,,,,,,,,
2026-07-09T07:00:09.460970+00:00,2026-07-09T07:00:09.452073,2,2,120.85,0.1,120.8,50,120.4,150,,,,,,,,,,,,,,,,,120.9,68,121.3,100,,,,,,,,,,,,,,,,
2026-07-09T07:00:09.979987+00:00,2026-07-09T07:00:09.979871,2,2,120.85,0.1,120.8,50,120.4,150,,,,,,,,,,,,,,,,,120.9,18,121.3,100,,,,,,,,,,,,,,,,
2026-07-09T07:00:10.081205+00:00,2026-07-09T07:00:10.081098,1,1,121.05,0.5,120.8,50,,,,,,,,,,,,,,,,,,,121.3,100,,,,,,,,,,,,,,,,,,
2026-07-09T07:00:10.136317+00:00,2026-07-09T07:00:10.136272,2,1,121.1,0.4,120.9,150,120.8,50,,,,,,,,,,,,,,,,,121.3,100,,,,,,,,,,,,,,,,,,
2026-07-09T07:00:10.189422+00:00,2026-07-09T07:00:10.189351,2,2,121.1,0.4,120.9,150,120.8,50,,,,,,,,,,,,,,,,,121.3,100,121.4,150,,,,,,,,,,,,,,,,
2026-07-09T07:00:10.296318+00:00,2026-07-09T07:00:10.289711,2,2,121.1,0.4,120.9,139,120.8,50,,,,,,,,,,,,,,,,,121.3,100,121.4,150,,,,,,,,,,,,,,,,
2026-07-09T07:00:10.506865+00:00,2026-07-09T07:00:10.506793,1,1,121.15,0.5,120.9,139,,,,,,,,,,,,,,,,,,,121.4,150,,,,,,,,,,,,,,,,,,
2026-07-09T07:00:10.564052+00:00,2026-07-09T07:00:10.563900,2,1,121.15,0.5,120.9,139,120.6,100,,,,,,,,,,,,,,,,,121.4,150,,,,,,,,,,,,,,,,,,
2026-07-09T07:00:10.629516+00:00,2026-07-09T07:00:10.616766,2,2,121.0,0.2,120.9,139,120.6,100,,,,,,,,,,,,,,,,,121.1,100,121.4,150,,,,,,,,,,,,,,,,
2026-07-09T07:00:10.771140+00:00,2026-07-09T07:00:10.757794,2,2,121.0,0.2,120.9,127,120.6,100,,,,,,,,,,,,,,,,,121.1,100,121.4,150,,,,,,,,,,,,,,,,
2026-07-09T07:00:11.527342+00:00,2026-07-09T07:00:11.527174,2,2,121.0,0.2,120.9,127,120.6,100,,,,,,,,,,,,,,,,,121.1,51,121.4,150,,,,,,,,,,,,,,,,
2026-07-09T07:00:12.105359+00:00,2026-07-09T07:00:12.105258,2,2,121.0,0.2,120.9,127,120.6,100,,,,,,,,,,,,,,,,,121.1,1,121.4,150,,,,,,,,,,,,,,,,
2026-07-09T07:00:13.244991+00:00,2026-07-09T07:00:13.244936,1,1,120.85,0.5,120.6,100,,,,,,,,,,,,,,,,,,,121.1,1,,,,,,,,,,,,,,,,,,
2026-07-09T07:00:13.312790+00:00,2026-07-09T07:00:13.312679,2,1,120.9,0.4,120.7,150,120.6,100,,,,,,,,,,,,,,,,,121.1,1,,,,,,,,,,,,,,,,,,
2026-07-09T07:00:13.358585+00:00,2026-07-09T07:00:13.357189,2,2,120.9,0.4,120.7,150,120.6,100,,,,,,,,,,,,,,,,,121.1,1,121.2,150,,,,,,,,,,,,,,,,
2026-07-09T07:00:13.672610+00:00,2026-07-09T07:00:13.672785,1,1,120.95,0.5,120.7,150,,,,,,,,,,,,,,,,,,,121.2,150,,,,,,,,,,,,,,,,,,
2026-07-09T07:00:13.728333+00:00,2026-07-09T07:00:13.728163,2,1,120.95,0.5,120.7,150,120.6,100,,,,,,,,,,,,,,,,,121.2,150,,,,,,,,,,,,,,,,,,
2026-07-09T07:00:13.782171+00:00,2026-07-09T07:00:13.781987,2,2,120.9,0.4,120.7,150,120.6,100,,,,,,,,,,,,,,,,,121.1,100,121.2,150,,,,,,,,,,,,,,,,
2026-07-09T07:00:14.221219+00:00,2026-07-09T07:00:14.221077,2,2,120.9,0.4,120.7,150,120.6,100,,,,,,,,,,,,,,,,,121.1,50,121.2,150,,,,,,,,,,,,,,,,
2026-07-09T07:00:15.156691+00:00,2026-07-09T07:00:15.156593,2,2,120.9,0.4,120.7,107,120.6,100,,,,,,,,,,,,,,,,,121.1,50,121.2,150,,,,,,,,,,,,,,,,
2026-07-09T07:00:16.360312+00:00,2026-07-09T07:00:16.360214,2,1,120.95,0.5,120.7,107,120.6,100,,,,,,,,,,,,,,,,,121.2,150,,,,,,,,,,,,,,,,,,
2026-07-09T07:00:16.421229+00:00,2026-07-09T07:00:16.421199,1,0,,,120.6,100,,,,,,,,,,,,,,,,,,,,,,,,,,,,,,,,,,,,,,
2026-07-09T07:00:16.473877+00:00,2026-07-09T07:00:16.473791,2,0,,,120.6,100,120.3,150,,,,,,,,,,,,,,,,,,,,,,,,,,,,,,,,,,,,
2026-07-09T07:00:16.529393+00:00,2026-07-09T07:00:16.529472,2,1,120.7,0.2,120.6,100,120.3,150,,,,,,,,,,,,,,,,,120.8,150,,,,,,,,,,,,,,,,,,
2026-07-09T07:00:16.599917+00:00,2026-07-09T07:00:16.599822,2,1,120.7,0.2,120.6,53,120.3,150,,,,,,,,,,,,,,,,,120.8,150,,,,,,,,,,,,,,,,,,
2026-07-09T07:00:16.835485+00:00,2026-07-09T07:00:16.835567,1,1,120.55,0.5,120.3,150,,,,,,,,,,,,,,,,,,,120.8,150,,,,,,,,,,,,,,,,,,
2026-07-09T07:00:16.890158+00:00,2026-07-09T07:00:16.890084,1,1,120.55,0.5,120.3,150,,,,,,,,,,,,,,,,,,,120.8,50,,,,,,,,,,,,,,,,,,
2026-07-09T07:00:16.955530+00:00,2026-07-09T07:00:16.955479,1,2,120.55,0.5,120.3,150,,,,,,,,,,,,,,,,,,,120.8,50,121.3,100,,,,,,,,,,,,,,,,
2026-07-09T07:00:17.882775+00:00,2026-07-09T07:00:17.882663,1,2,120.55,0.5,120.3,150,,,,,,,,,,,,,,,,,,,120.8,9,121.3,100,,,,,,,,,,,,,,,,
2026-07-09T07:00:18.465243+00:00,2026-07-09T07:00:18.465216,1,1,120.8,1.0,120.3,150,,,,,,,,,,,,,,,,,,,121.3,59,,,,,,,,,,,,,,,,,,
2026-07-09T07:00:19.454310+00:00,2026-07-09T07:00:19.454207,1,1,120.8,1.0,120.3,103,,,,,,,,,,,,,,,,,,,121.3,59,,,,,,,,,,,,,,,,,,
2026-07-09T07:00:19.580343+00:00,2026-07-09T07:00:19.580300,0,1,,,,,,,,,,,,,,,,,,,,,,,121.3,59,,,,,,,,,,,,,,,,,,
2026-07-09T07:00:19.637297+00:00,2026-07-09T07:00:19.637219,1,1,120.95,0.7,120.6,150,,,,,,,,,,,,,,,,,,,121.3,59,,,,,,,,,,,,,,,,,,
2026-07-09T07:00:19.690426+00:00,2026-07-09T07:00:19.690238,1,2,120.85,0.5,120.6,150,,,,,,,,,,,,,,,,,,,121.1,150,121.3,59,,,,,,,,,,,,,,,,
2026-07-09T07:00:20.013755+00:00,2026-07-09T07:00:20.013559,1,1,120.85,0.5,120.6,150,,,,,,,,,,,,,,,,,,,121.1,150,,,,,,,,,,,,,,,,,,
2026-07-09T07:00:20.067571+00:00,2026-07-09T07:00:20.067496,2,1,120.85,0.5,120.6,150,120.4,100,,,,,,,,,,,,,,,,,121.1,150,,,,,,,,,,,,,,,,,,
2026-07-09T07:00:20.120052+00:00,2026-07-09T07:00:20.119974,2,2,120.75,0.3,120.6,150,120.4,100,,,,,,,,,,,,,,,,,120.9,100,121.1,150,,,,,,,,,,,,,,,,
2026-07-09T07:00:20.605937+00:00,2026-07-09T07:00:20.605861,2,2,120.75,0.3,120.6,150,120.4,100,,,,,,,,,,,,,,,,,120.9,50,121.1,150,,,,,,,,,,,,,,,,
2026-07-09T07:00:21.281889+00:00,2026-07-09T07:00:21.256455,2,2,120.75,0.3,120.6,136,120.4,100,,,,,,,,,,,,,,,,,120.9,50,121.1,150,,,,,,,,,,,,,,,,
2026-07-09T07:00:21.573113+00:00,2026-07-09T07:00:21.573074,2,2,120.75,0.3,120.6,136,120.4,100,,,,,,,,,,,,,,,,,120.9,5,121.1,150,,,,,,,,,,,,,,,,
2026-07-09T07:00:22.740796+00:00,2026-07-09T07:00:22.740757,2,1,120.75,0.3,120.6,136,120.4,100,,,,,,,,,,,,,,,,,120.9,5,,,,,,,,,,,,,,,,,,
2026-07-09T07:00:22.746122+00:00,2026-07-09T07:00:22.746006,1,1,120.65,0.5,120.4,100,,,,,,,,,,,,,,,,,,,120.9,5,,,,,,,,,,,,,,,,,,
2026-07-09T07:00:22.774732+00:00,2026-07-09T07:00:22.774681,1,1,120.65,0.5,120.4,50,,,,,,,,,,,,,,,,,,,120.9,5,,,,,,,,,,,,,,,,,,
2026-07-09T07:00:22.801416+00:00,2026-07-09T07:00:22.794444,2,1,120.7,0.4,120.5,150,120.4,50,,,,,,,,,,,,,,,,,120.9,5,,,,,,,,,,,,,,,,,,
2026-07-09T07:00:22.849739+00:00,2026-07-09T07:00:22.849626,2,2,120.7,0.4,120.5,150,120.4,50,,,,,,,,,,,,,,,,,120.9,5,121.0,150,,,,,,,,,,,,,,,,
2026-07-09T07:00:23.018383+00:00,2026-07-09T07:00:23.018280,2,1,120.75,0.5,120.5,150,120.4,50,,,,,,,,,,,,,,,,,121.0,150,,,,,,,,,,,,,,,,,,
2026-07-09T07:00:23.174479+00:00,2026-07-09T07:00:23.174333,1,1,120.75,0.5,120.5,150,,,,,,,,,,,,,,,,,,,121.0,150,,,,,,,,,,,,,,,,,,
2026-07-09T07:00:23.227761+00:00,2026-07-09T07:00:23.227671,2,1,120.8,0.4,120.6,100,120.5,150,,,,,,,,,,,,,,,,,121.0,150,,,,,,,,,,,,,,,,,,
2026-07-09T07:00:23.282854+00:00,2026-07-09T07:00:23.282944,2,2,120.8,0.4,120.6,100,120.5,150,,,,,,,,,,,,,,,,,121.0,150,121.1,100,,,,,,,,,,,,,,,,
2026-07-09T07:00:24.888206+00:00,2026-07-09T07:00:24.888317,2,2,120.8,0.4,120.6,50,120.5,150,,,,,,,,,,,,,,,,,121.0,150,121.1,100,,,,,,,,,,,,,,,,
2026-07-09T07:00:25.903057+00:00,2026-07-09T07:00:25.902984,2,1,120.85,0.5,120.6,50,120.5,150,,,,,,,,,,,,,,,,,121.1,100,,,,,,,,,,,,,,,,,,
2026-07-09T07:00:25.908262+00:00,2026-07-09T07:00:25.908171,1,1,120.85,0.5,120.6,50,,,,,,,,,,,,,,,,,,,121.1,100,,,,,,,,,,,,,,,,,,
2026-07-09T07:00:25.958624+00:00,2026-07-09T07:00:25.955005,2,1,120.85,0.5,120.6,50,120.4,150,,,,,,,,,,,,,,,,,121.1,100,,,,,,,,,,,,,,,,,,
2026-07-09T07:00:26.036145+00:00,2026-07-09T07:00:26.036026,2,2,120.75,0.3,120.6,50,120.4,150,,,,,,,,,,,,,,,,,120.9,150,121.1,100,,,,,,,,,,,,,,,,
2026-07-09T07:00:26.337919+00:00,2026-07-09T07:00:26.338071,1,1,120.65,0.5,120.4,150,,,,,,,,,,,,,,,,,,,120.9,150,,,,,,,,,,,,,,,,,,
2026-07-09T07:00:26.393819+00:00,2026-07-09T07:00:26.393703,2,1,120.65,0.5,120.4,150,120.3,100,,,,,,,,,,,,,,,,,120.9,150,,,,,,,,,,,,,,,,,,
2026-07-09T07:00:26.444078+00:00,2026-07-09T07:00:26.444041,2,2,120.6,0.4,120.4,150,120.3,100,,,,,,,,,,,,,,,,,120.8,100,120.9,150,,,,,,,,,,,,,,,,
2026-07-09T07:00:26.997740+00:00,2026-07-09T07:00:26.997692,2,2,120.6,0.4,120.4,100,120.3,100,,,,,,,,,,,,,,,,,120.8,100,120.9,150,,,,,,,,,,,,,,,,
2026-07-09T07:00:27.975645+00:00,2026-07-09T07:00:27.975497,2,2,120.6,0.4,120.4,59,120.3,100,,,,,,,,,,,,,,,,,120.8,100,120.9,150,,,,,,,,,,,,,,,,
2026-07-09T07:00:29.007328+00:00,2026-07-09T07:00:29.007280,2,2,120.6,0.4,120.4,59,120.3,100,,,,,,,,,,,,,,,,,120.8,59,120.9,150,,,,,,,,,,,,,,,,
2026-07-09T07:00:29.069892+00:00,2026-07-09T07:00:29.070034,2,2,120.6,0.4,120.4,16,120.3,100,,,,,,,,,,,,,,,,,120.8,59,120.9,150,,,,,,,,,,,,,,,,
2026-07-09T07:00:29.090774+00:00,2026-07-09T07:00:29.090935,1,1,120.55,0.5,120.3,100,,,,,,,,,,,,,,,,,,,120.8,59,,,,,,,,,,,,,,,,,,
2026-07-09T07:00:29.127860+00:00,2026-07-09T07:00:29.127620,1,1,120.55,0.5,120.3,50,,,,,,,,,,,,,,,,,,,120.8,59,,,,,,,,,,,,,,,,,,
2026-07-09T07:00:29.143450+00:00,2026-07-09T07:00:29.143324,2,1,120.55,0.5,120.3,50,119.7,150,,,,,,,,,,,,,,,,,120.8,59,,,,,,,,,,,,,,,,,,
2026-07-09T07:00:29.213698+00:00,2026-07-09T07:00:29.205980,1,2,119.95,0.5,119.7,150,,,,,,,,,,,,,,,,,,,120.2,97,120.8,59,,,,,,,,,,,,,,,,
2026-07-09T07:00:29.499944+00:00,2026-07-09T07:00:29.499888,1,1,119.95,0.5,119.7,150,,,,,,,,,,,,,,,,,,,120.2,97,,,,,,,,,,,,,,,,,,
2026-07-09T07:00:29.553756+00:00,2026-07-09T07:00:29.553860,2,1,120.05,0.3,119.9,100,119.7,150,,,,,,,,,,,,,,,,,120.2,97,,,,,,,,,,,,,,,,,,
2026-07-09T07:00:29.604885+00:00,2026-07-09T07:00:29.604798,2,2,120.05,0.3,119.9,100,119.7,150,,,,,,,,,,,,,,,,,120.2,97,120.4,100,,,,,,,,,,,,,,,,
2026-07-09T07:00:31.231765+00:00,2026-07-09T07:00:31.231717,2,2,120.05,0.3,119.9,50,119.7,150,,,,,,,,,,,,,,,,,120.2,97,120.4,100,,,,,,,,,,,,,,,,
2026-07-09T07:00:31.769755+00:00,2026-07-09T07:00:31.763005,2,2,120.05,0.3,119.9,50,119.7,150,,,,,,,,,,,,,,,,,120.2,86,120.4,100,,,,,,,,,,,,,,,,
2026-07-09T07:00:32.258632+00:00,2026-07-09T07:00:32.253537,1,1,120.15,0.5,119.9,50,,,,,,,,,,,,,,,,,,,120.4,100,,,,,,,,,,,,,,,,,,
2026-07-09T07:00:32.313565+00:00,2026-07-09T07:00:32.313711,2,1,120.2,0.4,120.0,150,119.9,50,,,,,,,,,,,,,,,,,120.4,100,,,,,,,,,,,,,,,,,,
2026-07-09T07:00:32.358623+00:00,2026-07-09T07:00:32.356512,2,2,120.2,0.4,120.0,150,119.9,50,,,,,,,,,,,,,,,,,120.4,100,120.5,150,,,,,,,,,,,,,,,,
2026-07-09T07:00:32.663879+00:00,2026-07-09T07:00:32.663805,1,1,120.25,0.5,120.0,150,,,,,,,,,,,,,,,,,,,120.5,150,,,,,,,,,,,,,,,,,,
2026-07-09T07:00:32.721600+00:00,2026-07-09T07:00:32.721490,2,1,120.25,0.5,120.0,150,119.8,100,,,,,,,,,,,,,,,,,120.5,150,,,,,,,,,,,,,,,,,,
2026-07-09T07:00:32.771642+00:00,2026-07-09T07:00:32.771523,2,2,120.15,0.3,120.0,150,119.8,100,,,,,,,,,,,,,,,,,120.3,100,120.5,150,,,,,,,,,,,,,,,,
2026-07-09T07:00:33.373560+00:00,2026-07-09T07:00:33.373429,2,2,120.15,0.3,120.0,100,119.8,100,,,,,,,,,,,,,,,,,120.3,100,120.5,150,,,,,,,,,,,,,,,,
2026-07-09T07:00:34.289279+00:00,2026-07-09T07:00:34.289152,2,2,120.15,0.3,120.0,100,119.8,100,,,,,,,,,,,,,,,,,120.3,55,120.5,150,,,,,,,,,,,,,,,,
2026-07-09T07:00:35.424869+00:00,2026-07-09T07:00:35.424765,1,1,120.05,0.5,119.8,100,,,,,,,,,,,,,,,,,,,120.3,55,,,,,,,,,,,,,,,,,,
2026-07-09T07:00:35.475872+00:00,2026-07-09T07:00:35.475852,1,1,120.05,0.5,119.8,250,,,,,,,,,,,,,,,,,,,120.3,55,,,,,,,,,,,,,,,,,,
2026-07-09T07:00:35.480942+00:00,2026-07-09T07:00:35.481059,1,1,120.05,0.5,119.8,200,,,,,,,,,,,,,,,,,,,120.3,55,,,,,,,,,,,,,,,,,,
2026-07-09T07:00:35.533426+00:00,2026-07-09T07:00:35.533357,1,1,120.05,0.5,119.8,200,,,,,,,,,,,,,,,,,,,120.3,205,,,,,,,,,,,,,,,,,,
2026-07-09T07:00:35.825967+00:00,2026-07-09T07:00:35.825870,1,1,120.05,0.5,119.8,150,,,,,,,,,,,,,,,,,,,120.3,150,,,,,,,,,,,,,,,,,,
2026-07-09T07:00:35.885514+00:00,2026-07-09T07:00:35.885303,2,1,120.1,0.4,119.9,100,119.8,150,,,,,,,,,,,,,,,,,120.3,150,,,,,,,,,,,,,,,,,,
2026-07-09T07:00:35.936672+00:00,2026-07-09T07:00:35.936487,2,2,120.1,0.4,119.9,100,119.8,150,,,,,,,,,,,,,,,,,120.3,150,120.4,100,,,,,,,,,,,,,,,,
2026-07-09T07:00:37.194426+00:00,2026-07-09T07:00:37.194319,2,2,120.1,0.4,119.9,100,119.8,150,,,,,,,,,,,,,,,,,120.3,103,120.4,100,,,,,,,,,,,,,,,,
2026-07-09T07:00:37.537013+00:00,2026-07-09T07:00:37.536961,2,2,120.1,0.4,119.9,100,119.8,150,,,,,,,,,,,,,,,,,120.3,53,120.4,100,,,,,,,,,,,,,,,,
2026-07-09T07:00:38.588199+00:00,2026-07-09T07:00:38.588088,1,1,120.15,0.5,119.9,100,,,,,,,,,,,,,,,,,,,120.4,100,,,,,,,,,,,,,,,,,,
2026-07-09T07:00:38.638095+00:00,2026-07-09T07:00:38.638005,2,1,120.25,0.3,120.1,150,119.9,100,,,,,,,,,,,,,,,,,120.4,100,,,,,,,,,,,,,,,,,,
2026-07-09T07:00:38.694343+00:00,2026-07-09T07:00:38.694231,2,2,120.25,0.3,120.1,150,119.9,100,,,,,,,,,,,,,,,,,120.4,100,120.6,150,,,,,,,,,,,,,,,,
2026-07-09T07:00:38.991757+00:00,2026-07-09T07:00:38.991873,1,1,120.35,0.5,120.1,150,,,,,,,,,,,,,,,,,,,120.6,150,,,,,,,,,,,,,,,,,,
2026-07-09T07:00:39.046048+00:00,2026-07-09T07:00:39.046138,2,1,120.35,0.5,120.1,150,119.8,100,,,,,,,,,,,,,,,,,120.6,150,,,,,,,,,,,,,,,,,,
2026-07-09T07:00:39.104215+00:00,2026-07-09T07:00:39.104121,2,2,120.2,0.2,120.1,150,119.8,100,,,,,,,,,,,,,,,,,120.3,100,120.6,150,,,,,,,,,,,,,,,,
2026-07-09T07:00:39.701185+00:00,2026-07-09T07:00:39.701060,2,2,120.2,0.2,120.1,100,119.8,100,,,,,,,,,,,,,,,,,120.3,100,120.6,150,,,,,,,,,,,,,,,,
2026-07-09T07:00:40.676216+00:00,2026-07-09T07:00:40.676098,2,2,120.2,0.2,120.1,54,119.8,100,,,,,,,,,,,,,,,,,120.3,100,120.6,150,,,,,,,,,,,,,,,,
2026-07-09T07:00:41.748333+00:00,2026-07-09T07:00:41.748461,1,1,120.05,0.5,119.8,100,,,,,,,,,,,,,,,,,,,120.3,100,,,,,,,,,,,,,,,,,,
2026-07-09T07:00:41.784919+00:00,2026-07-09T07:00:41.784837,1,1,120.05,0.5,119.8,100,,,,,,,,,,,,,,,,,,,120.3,50,,,,,,,,,,,,,,,,,,
2026-07-09T07:00:41.805899+00:00,2026-07-09T07:00:41.805792,2,1,120.05,0.5,119.8,100,119.7,150,,,,,,,,,,,,,,,,,120.3,50,,,,,,,,,,,,,,,,,,
2026-07-09T07:00:41.811234+00:00,2026-07-09T07:00:41.811105,2,1,120.05,0.5,119.8,58,119.7,150,,,,,,,,,,,,,,,,,120.3,50,,,,,,,,,,,,,,,,,,
2026-07-09T07:00:41.858636+00:00,2026-07-09T07:00:41.857113,2,2,120.0,0.4,119.8,58,119.7,150,,,,,,,,,,,,,,,,,120.2,150,120.3,50,,,,,,,,,,,,,,,,
2026-07-09T07:00:42.158680+00:00,2026-07-09T07:00:42.158137,1,1,119.95,0.5,119.7,150,,,,,,,,,,,,,,,,,,,120.2,150,,,,,,,,,,,,,,,,,,
2026-07-09T07:00:42.211878+00:00,2026-07-09T07:00:42.211718,1,1,119.95,0.5,119.7,250,,,,,,,,,,,,,,,,,,,120.2,150,,,,,,,,,,,,,,,,,,
2026-07-09T07:00:42.285693+00:00,2026-07-09T07:00:42.285586,1,1,119.95,0.5,119.7,250,,,,,,,,,,,,,,,,,,,120.2,250,,,,,,,,,,,,,,,,,,
2026-07-09T07:00:43.958995+00:00,2026-07-09T07:00:43.958766,1,1,119.95,0.5,119.7,200,,,,,,,,,,,,,,,,,,,120.2,250,,,,,,,,,,,,,,,,,,
2026-07-09T07:00:44.921570+00:00,2026-07-09T07:00:44.921490,1,1,119.95,0.5,119.7,100,,,,,,,,,,,,,,,,,,,120.2,100,,,,,,,,,,,,,,,,,,
2026-07-09T07:00:44.977548+00:00,2026-07-09T07:00:44.977676,2,1,119.95,0.5,119.7,100,119.3,150,,,,,,,,,,,,,,,,,120.2,100,,,,,,,,,,,,,,,,,,
2026-07-09T07:00:45.042880+00:00,2026-07-09T07:00:45.032449,2,2,119.75,0.1,119.7,100,119.3,150,,,,,,,,,,,,,,,,,119.8,138,120.2,100,,,,,,,,,,,,,,,,
2026-07-09T07:00:45.338470+00:00,2026-07-09T07:00:45.338648,1,1,119.55,0.5,119.3,150,,,,,,,,,,,,,,,,,,,119.8,138,,,,,,,,,,,,,,,,,,
2026-07-09T07:00:45.427229+00:00,2026-07-09T07:00:45.416586,2,1,119.65,0.3,119.5,100,119.3,150,,,,,,,,,,,,,,,,,119.8,138,,,,,,,,,,,,,,,,,,
2026-07-09T07:00:45.472104+00:00,2026-07-09T07:00:45.471939,2,2,119.65,0.3,119.5,100,119.3,150,,,,,,,,,,,,,,,,,119.8,138,120.0,100,,,,,,,,,,,,,,,,
2026-07-09T07:00:45.785737+00:00,2026-07-09T07:00:45.785696,2,2,119.65,0.3,119.5,100,119.3,150,,,,,,,,,,,,,,,,,119.8,94,120.0,100,,,,,,,,,,,,,,,,
2026-07-09T07:00:46.033032+00:00,2026-07-09T07:00:46.032909,2,2,119.65,0.3,119.5,100,119.3,150,,,,,,,,,,,,,,,,,119.8,44,120.0,100,,,,,,,,,,,,,,,,
2026-07-09T07:00:48.085666+00:00,2026-07-09T07:00:48.085558,1,1,119.75,0.5,119.5,100,,,,,,,,,,,,,,,,,,,120.0,100,,,,,,,,,,,,,,,,,,
2026-07-09T07:00:48.141009+00:00,2026-07-09T07:00:48.140878,2,1,119.85,0.3,119.7,150,119.5,100,,,,,,,,,,,,,,,,,120.0,50,,,,,,,,,,,,,,,,,,
2026-07-09T07:00:48.192993+00:00,2026-07-09T07:00:48.192910,2,2,119.85,0.3,119.7,150,119.5,100,,,,,,,,,,,,,,,,,120.0,50,120.2,150,,,,,,,,,,,,,,,,
2026-07-09T07:00:48.525873+00:00,2026-07-09T07:00:48.525780,1,1,119.95,0.5,119.7,150,,,,,,,,,,,,,,,,,,,120.2,150,,,,,,,,,,,,,,,,,,
2026-07-09T07:00:48.582037+00:00,2026-07-09T07:00:48.582137,2,1,119.95,0.5,119.7,150,119.4,100,,,,,,,,,,,,,,,,,120.2,150,,,,,,,,,,,,,,,,,,
2026-07-09T07:00:48.635610+00:00,2026-07-09T07:00:48.635703,2,2,119.8,0.2,119.7,150,119.4,100,,,,,,,,,,,,,,,,,119.9,100,120.2,150,,,,,,,,,,,,,,,,
2026-07-09T07:00:50.276343+00:00,2026-07-09T07:00:50.276203,2,2,119.8,0.2,119.7,150,119.4,100,,,,,,,,,,,,,,,,,119.9,50,120.2,150,,,,,,,,,,,,,,,,
2026-07-09T07:00:51.250017+00:00,2026-07-09T07:00:51.249958,2,1,119.8,0.2,119.7,150,119.4,100,,,,,,,,,,,,,,,,,119.9,50,,,,,,,,,,,,,,,,,,
2026-07-09T07:00:51.258722+00:00,2026-07-09T07:00:51.255139,1,1,119.65,0.5,119.4,100,,,,,,,,,,,,,,,,,,,119.9,50,,,,,,,,,,,,,,,,,,
2026-07-09T07:00:51.309254+00:00,2026-07-09T07:00:51.309206,2,1,119.75,0.3,119.6,150,119.4,100,,,,,,,,,,,,,,,,,119.9,50,,,,,,,,,,,,,,,,,,
2026-07-09T07:00:51.358626+00:00,2026-07-09T07:00:51.357969,2,2,119.75,0.3,119.6,150,119.4,100,,,,,,,,,,,,,,,,,119.9,50,120.1,150,,,,,,,,,,,,,,,,
2026-07-09T07:00:51.514509+00:00,2026-07-09T07:00:51.514442,2,2,119.75,0.3,119.6,101,119.4,100,,,,,,,,,,,,,,,,,119.9,50,120.1,150,,,,,,,,,,,,,,,,
2026-07-09T07:00:51.700272+00:00,2026-07-09T07:00:51.700499,1,1,119.85,0.5,119.6,101,,,,,,,,,,,,,,,,,,,120.1,150,,,,,,,,,,,,,,,,,,
2026-07-09T07:00:51.759338+00:00,2026-07-09T07:00:51.759215,2,1,119.95,0.3,119.8,100,119.6,101,,,,,,,,,,,,,,,,,120.1,150,,,,,,,,,,,,,,,,,,
2026-07-09T07:00:51.810557+00:00,2026-07-09T07:00:51.810513,2,2,119.95,0.3,119.8,100,119.6,101,,,,,,,,,,,,,,,,,120.1,150,120.3,100,,,,,,,,,,,,,,,,
2026-07-09T07:00:52.097305+00:00,2026-07-09T07:00:52.089324,2,2,119.95,0.3,119.8,88,119.6,101,,,,,,,,,,,,,,,,,120.1,150,120.3,100,,,,,,,,,,,,,,,,
2026-07-09T07:00:52.450607+00:00,2026-07-09T07:00:52.450534,2,2,119.95,0.3,119.8,38,119.6,101,,,,,,,,,,,,,,,,,120.1,150,120.3,100,,,,,,,,,,,,,,,,
2026-07-09T07:00:52.688175+00:00,2026-07-09T07:00:52.681043,2,2,119.95,0.3,119.8,27,119.6,101,,,,,,,,,,,,,,,,,120.1,150,120.3,100,,,,,,,,,,,,,,,,
2026-07-09T07:00:52.818370+00:00,2026-07-09T07:00:52.811874,2,2,119.95,0.3,119.8,24,119.6,101,,,,,,,,,,,,,,,,,120.1,150,120.3,100,,,,,,,,,,,,,,,,
2026-07-09T07:00:53.658570+00:00,2026-07-09T07:00:53.652761,2,2,119.95,0.3,119.8,24,119.6,101,,,,,,,,,,,,,,,,,120.1,102,120.3,100,,,,,,,,,,,,,,,,
2026-07-09T07:00:54.351918+00:00,2026-07-09T07:00:54.347651,1,2,119.85,0.5,119.6,85,,,,,,,,,,,,,,,,,,,120.1,102,120.3,100,,,,,,,,,,,,,,,,
2026-07-09T07:00:54.416822+00:00,2026-07-09T07:00:54.416790,1,1,119.95,0.7,119.6,85,,,,,,,,,,,,,,,,,,,120.3,100,,,,,,,,,,,,,,,,,,
2026-07-09T07:00:54.422032+00:00,2026-07-09T07:00:54.421948,0,1,,,,,,,,,,,,,,,,,,,,,,,120.3,100,,,,,,,,,,,,,,,,,,
2026-07-09T07:00:54.487136+00:00,2026-07-09T07:00:54.487093,1,1,119.7,1.2,119.1,150,,,,,,,,,,,,,,,,,,,120.3,100,,,,,,,,,,,,,,,,,,
2026-07-09T07:00:54.509068+00:00,2026-07-09T07:00:54.508960,1,1,119.7,1.2,119.1,150,,,,,,,,,,,,,,,,,,,120.3,50,,,,,,,,,,,,,,,,,,
2026-07-09T07:00:54.544757+00:00,2026-07-09T07:00:54.544603,1,2,119.35,0.5,119.1,150,,,,,,,,,,,,,,,,,,,119.6,150,120.3,50,,,,,,,,,,,,,,,,
2026-07-09T07:00:54.870258+00:00,2026-07-09T07:00:54.870152,1,1,119.35,0.5,119.1,150,,,,,,,,,,,,,,,,,,,119.6,150,,,,,,,,,,,,,,,,,,
2026-07-09T07:00:54.920755+00:00,2026-07-09T07:00:54.920864,2,1,119.4,0.4,119.2,100,119.1,150,,,,,,,,,,,,,,,,,119.6,150,,,,,,,,,,,,,,,,,,
2026-07-09T07:00:54.974333+00:00,2026-07-09T07:00:54.974562,2,2,119.4,0.4,119.2,100,119.1,150,,,,,,,,,,,,,,,,,119.6,150,119.7,100,,,,,,,,,,,,,,,,
2026-07-09T07:00:55.323286+00:00,2026-07-09T07:00:55.323161,2,2,119.4,0.4,119.2,100,119.1,150,,,,,,,,,,,,,,,,,119.6,105,119.7,100,,,,,,,,,,,,,,,,
2026-07-09T07:00:55.901891+00:00,2026-07-09T07:00:55.901762,2,2,119.4,0.4,119.2,57,119.1,150,,,,,,,,,,,,,,,,,119.6,105,119.7,100,,,,,,,,,,,,,,,,
2026-07-09T07:00:56.770142+00:00,2026-07-09T07:00:56.763991,2,2,119.4,0.4,119.2,57,119.1,150,,,,,,,,,,,,,,,,,119.6,102,119.7,100,,,,,,,,,,,,,,,,
2026-07-09T07:00:57.598302+00:00,2026-07-09T07:00:57.598208,1,1,119.45,0.5,119.2,57,,,,,,,,,,,,,,,,,,,119.7,100,,,,,,,,,,,,,,,,,,
2026-07-09T07:00:57.650979+00:00,2026-07-09T07:00:57.650879,2,1,119.45,0.5,119.2,57,118.9,150,,,,,,,,,,,,,,,,,119.7,100,,,,,,,,,,,,,,,,,,
2026-07-09T07:00:57.705516+00:00,2026-07-09T07:00:57.705482,2,2,119.3,0.2,119.2,57,118.9,150,,,,,,,,,,,,,,,,,119.4,150,119.7,100,,,,,,,,,,,,,,,,
2026-07-09T07:00:58.032648+00:00,2026-07-09T07:00:58.032588,1,1,119.15,0.5,118.9,150,,,,,,,,,,,,,,,,,,,119.4,150,,,,,,,,,,,,,,,,,,
2026-07-09T07:00:58.090453+00:00,2026-07-09T07:00:58.090341,2,1,119.15,0.5,118.9,150,118.7,100,,,,,,,,,,,,,,,,,119.4,150,,,,,,,,,,,,,,,,,,
2026-07-09T07:00:58.142965+00:00,2026-07-09T07:00:58.142850,2,2,119.05,0.3,118.9,150,118.7,100,,,,,,,,,,,,,,,,,119.2,100,119.4,150,,,,,,,,,,,,,,,,
2026-07-09T07:00:58.312739+00:00,2026-07-09T07:00:58.312665,2,2,119.05,0.3,118.9,150,118.7,100,,,,,,,,,,,,,,,,,119.2,57,119.4,150,,,,,,,,,,,,,,,,
2026-07-09T07:00:58.785955+00:00,2026-07-09T07:00:58.785914,2,2,119.05,0.3,118.9,100,118.7,100,,,,,,,,,,,,,,,,,119.2,57,119.4,150,,,,,,,,,,,,,,,,
2026-07-09T07:00:59.262889+00:00,2026-07-09T07:00:59.256268,2,2,119.05,0.3,118.9,100,118.7,100,,,,,,,,,,,,,,,,,119.2,46,119.4,150,,,,,,,,,,,,,,,,
2026-07-09T07:00:59.394742+00:00,2026-07-09T07:00:59.382956,2,2,119.05,0.3,118.9,100,118.7,100,,,,,,,,,,,,,,,,,119.2,34,119.4,150,,,,,,,,,,,,,,,,
2026-07-09T07:01:00.759903+00:00,2026-07-09T07:01:00.759814,1,1,118.95,0.5,118.7,100,,,,,,,,,,,,,,,,,,,119.2,34,,,,,,,,,,,,,,,,,,
2026-07-09T07:01:00.813269+00:00,2026-07-09T07:01:00.813139,2,1,119.1,0.2,119.0,150,118.7,100,,,,,,,,,,,,,,,,,119.2,34,,,,,,,,,,,,,,,,,,
2026-07-09T07:01:00.868858+00:00,2026-07-09T07:01:00.868820,2,2,119.1,0.2,119.0,150,118.7,100,,,,,,,,,,,,,,,,,119.2,34,119.5,150,,,,,,,,,,,,,,,,
2026-07-09T07:01:00.894188+00:00,2026-07-09T07:01:00.894164,2,2,119.1,0.2,119.0,100,118.7,100,,,,,,,,,,,,,,,,,119.2,34,119.5,150,,,,,,,,,,,,,,,,
2026-07-09T07:01:01.197114+00:00,2026-07-09T07:01:01.197072,1,1,119.25,0.5,119.0,100,,,,,,,,,,,,,,,,,,,119.5,150,,,,,,,,,,,,,,,,,,
2026-07-09T07:01:01.258723+00:00,2026-07-09T07:01:01.258650,2,1,119.3,0.4,119.1,100,119.0,100,,,,,,,,,,,,,,,,,119.5,150,,,,,,,,,,,,,,,,,,
2026-07-09T07:01:01.309318+00:00,2026-07-09T07:01:01.309195,2,2,119.3,0.4,119.1,100,119.0,100,,,,,,,,,,,,,,,,,119.5,150,119.6,100,,,,,,,,,,,,,,,,
2026-07-09T07:01:02.938609+00:00,2026-07-09T07:01:02.938489,2,2,119.3,0.4,119.1,100,119.0,100,,,,,,,,,,,,,,,,,119.5,108,119.6,100,,,,,,,,,,,,,,,,
2026-07-09T07:01:03.036865+00:00,2026-07-09T07:01:03.036713,2,2,119.3,0.4,119.1,50,119.0,100,,,,,,,,,,,,,,,,,119.5,108,119.6,100,,,,,,,,,,,,,,,,
2026-07-09T07:01:03.901188+00:00,2026-07-09T07:01:03.901136,2,2,119.3,0.4,119.1,2,119.0,100,,,,,,,,,,,,,,,,,119.5,108,119.6,100,,,,,,,,,,,,,,,,
2026-07-09T07:01:03.922807+00:00,2026-07-09T07:01:03.922681,1,1,119.35,0.5,119.1,2,,,,,,,,,,,,,,,,,,,119.6,100,,,,,,,,,,,,,,,,,,
2026-07-09T07:01:03.978006+00:00,2026-07-09T07:01:03.977857,2,1,119.35,0.5,119.1,2,118.9,150,,,,,,,,,,,,,,,,,119.6,100,,,,,,,,,,,,,,,,,,
2026-07-09T07:01:04.026446+00:00,2026-07-09T07:01:04.026326,2,2,119.25,0.3,119.1,2,118.9,150,,,,,,,,,,,,,,,,,119.4,150,119.6,100,,,,,,,,,,,,,,,,
2026-07-09T07:01:04.358586+00:00,2026-07-09T07:01:04.355361,1,1,119.15,0.5,118.9,150,,,,,,,,,,,,,,,,,,,119.4,150,,,,,,,,,,,,,,,,,,
2026-07-09T07:01:04.413674+00:00,2026-07-09T07:01:04.413582,2,1,119.15,0.5,118.9,150,118.7,100,,,,,,,,,,,,,,,,,119.4,150,,,,,,,,,,,,,,,,,,
2026-07-09T07:01:04.466128+00:00,2026-07-09T07:01:04.466208,2,2,119.05,0.3,118.9,150,118.7,100,,,,,,,,,,,,,,,,,119.2,100,119.4,150,,,,,,,,,,,,,,,,
2026-07-09T07:01:04.952020+00:00,2026-07-09T07:01:04.951912,2,2,119.05,0.3,118.9,108,118.7,100,,,,,,,,,,,,,,,,,119.2,100,119.4,150,,,,,,,,,,,,,,,,
2026-07-09T07:01:05.142007+00:00,2026-07-09T07:01:05.141899,2,2,119.05,0.3,118.9,58,118.7,100,,,,,,,,,,,,,,,,,119.2,100,119.4,150,,,,,,,,,,,,,,,,
2026-07-09T07:01:06.061457+00:00,2026-07-09T07:01:06.061355,2,2,119.05,0.3,118.9,58,118.7,100,,,,,,,,,,,,,,,,,119.2,60,119.4,150,,,,,,,,,,,,,,,,
2026-07-09T07:01:07.082837+00:00,2026-07-09T07:01:07.082713,1,1,118.95,0.5,118.7,100,,,,,,,,,,,,,,,,,,,119.2,60,,,,,,,,,,,,,,,,,,
2026-07-09T07:01:07.137732+00:00,2026-07-09T07:01:07.137664,2,1,118.95,0.5,118.7,100,118.5,150,,,,,,,,,,,,,,,,,119.2,60,,,,,,,,,,,,,,,,,,
2026-07-09T07:01:07.212791+00:00,2026-07-09T07:01:07.204886,2,2,118.85,0.3,118.7,100,118.5,150,,,,,,,,,,,,,,,,,119.0,139,119.2,60,,,,,,,,,,,,,,,,
2026-07-09T07:01:07.254766+00:00,2026-07-09T07:01:07.254653,2,2,118.85,0.3,118.7,50,118.5,150,,,,,,,,,,,,,,,,,119.0,139,119.2,60,,,,,,,,,,,,,,,,
2026-07-09T07:01:07.524262+00:00,2026-07-09T07:01:07.524433,1,1,118.75,0.5,118.5,150,,,,,,,,,,,,,,,,,,,119.0,139,,,,,,,,,,,,,,,,,,
2026-07-09T07:01:07.577128+00:00,2026-07-09T07:01:07.577087,2,1,118.85,0.3,118.7,100,118.5,150,,,,,,,,,,,,,,,,,119.0,139,,,,,,,,,,,,,,,,,,
2026-07-09T07:01:07.631743+00:00,2026-07-09T07:01:07.631588,2,2,118.85,0.3,118.7,100,118.5,150,,,,,,,,,,,,,,,,,119.0,139,119.2,100,,,,,,,,,,,,,,,,
2026-07-09T07:01:08.248753+00:00,2026-07-09T07:01:08.248703,2,2,118.85,0.3,118.7,100,118.5,150,,,,,,,,,,,,,,,,,119.0,99,119.2,100,,,,,,,,,,,,,,,,
2026-07-09T07:01:09.780753+00:00,2026-07-09T07:01:09.780894,2,2,118.85,0.3,118.7,100,118.5,150,,,,,,,,,,,,,,,,,119.0,55,119.2,100,,,,,,,,,,,,,,,,
2026-07-09T07:01:10.258812+00:00,2026-07-09T07:01:10.258777,1,1,118.95,0.5,118.7,100,,,,,,,,,,,,,,,,,,,119.2,100,,,,,,,,,,,,,,,,,,
2026-07-09T07:01:10.308743+00:00,2026-07-09T07:01:10.308647,2,1,119.1,0.2,119.0,150,118.7,100,,,,,,,,,,,,,,,,,119.2,100,,,,,,,,,,,,,,,,,,
2026-07-09T07:01:10.355372+00:00,2026-07-09T07:01:10.356609,2,2,119.1,0.2,119.0,150,118.7,100,,,,,,,,,,,,,,,,,119.2,100,119.5,150,,,,,,,,,,,,,,,,
2026-07-09T07:01:10.690284+00:00,2026-07-09T07:01:10.690169,1,1,119.25,0.5,119.0,150,,,,,,,,,,,,,,,,,,,119.5,150,,,,,,,,,,,,,,,,,,
2026-07-09T07:01:10.742270+00:00,2026-07-09T07:01:10.742345,2,1,119.25,0.5,119.0,150,118.8,100,,,,,,,,,,,,,,,,,119.5,150,,,,,,,,,,,,,,,,,,
2026-07-09T07:01:10.792013+00:00,2026-07-09T07:01:10.791973,2,2,119.15,0.3,119.0,150,118.8,100,,,,,,,,,,,,,,,,,119.3,100,119.5,150,,,,,,,,,,,,,,,,
2026-07-09T07:01:11.426453+00:00,2026-07-09T07:01:11.426556,2,2,119.15,0.3,119.0,150,118.8,100,,,,,,,,,,,,,,,,,119.3,50,119.5,150,,,,,,,,,,,,,,,,
2026-07-09T07:01:13.406649+00:00,2026-07-09T07:01:13.406516,2,2,119.15,0.3,119.0,102,118.8,100,,,,,,,,,,,,,,,,,119.3,50,119.5,150,,,,,,,,,,,,,,,,
2026-07-09T07:01:13.421889+00:00,2026-07-09T07:01:13.421782,1,1,119.05,0.5,118.8,100,,,,,,,,,,,,,,,,,,,119.3,50,,,,,,,,,,,,,,,,,,
2026-07-09T07:01:13.473205+00:00,2026-07-09T07:01:13.473079,2,1,119.05,0.5,118.8,100,118.7,150,,,,,,,,,,,,,,,,,119.3,50,,,,,,,,,,,,,,,,,,
2026-07-09T07:01:13.528949+00:00,2026-07-09T07:01:13.528854,2,2,119.0,0.4,118.8,100,118.7,150,,,,,,,,,,,,,,,,,119.2,150,119.3,50,,,,,,,,,,,,,,,,
2026-07-09T07:01:13.539395+00:00,2026-07-09T07:01:13.539286,2,2,119.0,0.4,118.8,100,118.7,150,,,,,,,,,,,,,,,,,119.2,100,119.3,50,,,,,,,,,,,,,,,,
2026-07-09T07:01:13.864484+00:00,2026-07-09T07:01:13.864404,1,1,118.95,0.5,118.7,150,,,,,,,,,,,,,,,,,,,119.2,100,,,,,,,,,,,,,,,,,,
2026-07-09T07:01:13.918747+00:00,2026-07-09T07:01:13.918647,2,1,119.0,0.4,118.8,100,118.7,150,,,,,,,,,,,,,,,,,119.2,100,,,,,,,,,,,,,,,,,,
2026-07-09T07:01:13.969256+00:00,2026-07-09T07:01:13.969188,2,2,119.0,0.4,118.8,100,118.7,150,,,,,,,,,,,,,,,,,119.2,100,119.3,100,,,,,,,,,,,,,,,,
2026-07-09T07:01:15.003399+00:00,2026-07-09T07:01:15.003340,2,2,119.0,0.4,118.8,55,118.7,150,,,,,,,,,,,,,,,,,119.2,100,119.3,100,,,,,,,,,,,,,,,,
2026-07-09T07:01:16.581921+00:00,2026-07-09T07:01:16.581855,2,1,119.05,0.5,118.8,55,118.7,150,,,,,,,,,,,,,,,,,119.3,100,,,,,,,,,,,,,,,,,,
2026-07-09T07:01:16.587195+00:00,2026-07-09T07:01:16.587067,1,1,119.05,0.5,118.8,55,,,,,,,,,,,,,,,,,,,119.3,100,,,,,,,,,,,,,,,,,,
2026-07-09T07:01:16.641316+00:00,2026-07-09T07:01:16.641192,2,1,119.15,0.3,119.0,150,118.8,55,,,,,,,,,,,,,,,,,119.3,100,,,,,,,,,,,,,,,,,,
2026-07-09T07:01:16.695249+00:00,2026-07-09T07:01:16.695343,2,2,119.15,0.3,119.0,150,118.8,55,,,,,,,,,,,,,,,,,119.3,100,119.5,150,,,,,,,,,,,,,,,,
2026-07-09T07:01:17.029650+00:00,2026-07-09T07:01:17.029517,1,1,119.25,0.5,119.0,150,,,,,,,,,,,,,,,,,,,119.5,150,,,,,,,,,,,,,,,,,,
2026-07-09T07:01:17.080115+00:00,2026-07-09T07:01:17.079973,2,1,119.25,0.5,119.0,150,118.9,100,,,,,,,,,,,,,,,,,119.5,150,,,,,,,,,,,,,,,,,,
2026-07-09T07:01:17.136136+00:00,2026-07-09T07:01:17.136230,2,2,119.2,0.4,119.0,150,118.9,100,,,,,,,,,,,,,,,,,119.4,100,119.5,150,,,,,,,,,,,,,,,,
2026-07-09T07:01:17.813027+00:00,2026-07-09T07:01:17.812917,2,2,119.2,0.4,119.0,100,118.9,100,,,,,,,,,,,,,,,,,119.4,100,119.5,150,,,,,,,,,,,,,,,,
2026-07-09T07:01:19.749487+00:00,2026-07-09T07:01:19.749605,1,1,119.15,0.5,118.9,100,,,,,,,,,,,,,,,,,,,119.4,100,,,,,,,,,,,,,,,,,,
2026-07-09T07:01:19.768397+00:00,2026-07-09T07:01:19.768536,1,1,119.15,0.5,118.9,100,,,,,,,,,,,,,,,,,,,119.4,56,,,,,,,,,,,,,,,,,,
2026-07-09T07:01:19.801436+00:00,2026-07-09T07:01:19.801349,2,1,119.15,0.5,118.9,100,118.8,150,,,,,,,,,,,,,,,,,119.4,56,,,,,,,,,,,,,,,,,,
2026-07-09T07:01:19.858634+00:00,2026-07-09T07:01:19.853635,2,2,119.1,0.4,118.9,100,118.8,150,,,,,,,,,,,,,,,,,119.3,150,119.4,56,,,,,,,,,,,,,,,,
2026-07-09T07:01:19.924527+00:00,2026-07-09T07:01:19.924704,2,2,119.1,0.4,118.9,50,118.8,150,,,,,,,,,,,,,,,,,119.3,150,119.4,56,,,,,,,,,,,,,,,,
2026-07-09T07:01:20.187200+00:00,2026-07-09T07:01:20.187342,2,1,119.1,0.4,118.9,50,118.8,150,,,,,,,,,,,,,,,,,119.3,150,,,,,,,,,,,,,,,,,,
2026-07-09T07:01:20.192652+00:00,2026-07-09T07:01:20.192522,1,1,119.05,0.5,118.8,150,,,,,,,,,,,,,,,,,,,119.3,150,,,,,,,,,,,,,,,,,,
2026-07-09T07:01:20.243063+00:00,2026-07-09T07:01:20.242975,2,1,119.05,0.5,118.8,150,118.7,100,,,,,,,,,,,,,,,,,119.3,150,,,,,,,,,,,,,,,,,,
2026-07-09T07:01:20.297035+00:00,2026-07-09T07:01:20.297000,2,2,119.0,0.4,118.8,150,118.7,100,,,,,,,,,,,,,,,,,119.2,100,119.3,150,,,,,,,,,,,,,,,,
2026-07-09T07:01:22.669251+00:00,2026-07-09T07:01:22.669130,2,2,119.0,0.4,118.8,107,118.7,100,,,,,,,,,,,,,,,,,119.2,100,119.3,150,,,,,,,,,,,,,,,,
2026-07-09T07:01:22.909654+00:00,2026-07-09T07:01:22.909899,1,1,118.95,0.5,118.7,100,,,,,,,,,,,,,,,,,,,119.2,100,,,,,,,,,,,,,,,,,,
2026-07-09T07:01:22.975334+00:00,2026-07-09T07:01:22.975245,2,1,118.95,0.5,118.7,100,118.5,150,,,,,,,,,,,,,,,,,119.2,100,,,,,,,,,,,,,,,,,,
2026-07-09T07:01:23.027563+00:00,2026-07-09T07:01:23.027440,2,2,118.85,0.3,118.7,100,118.5,150,,,,,,,,,,,,,,,,,119.0,150,119.2,100,,,,,,,,,,,,,,,,
2026-07-09T07:01:23.358639+00:00,2026-07-09T07:01:23.350754,1,1,118.75,0.5,118.5,150,,,,,,,,,,,,,,,,,,,119.0,150,,,,,,,,,,,,,,,,,,
2026-07-09T07:01:23.411822+00:00,2026-07-09T07:01:23.411629,2,1,118.85,0.3,118.7,100,118.5,150,,,,,,,,,,,,,,,,,119.0,150,,,,,,,,,,,,,,,,,,
2026-07-09T07:01:23.464632+00:00,2026-07-09T07:01:23.464501,2,2,118.85,0.3,118.7,100,118.5,150,,,,,,,,,,,,,,,,,119.0,150,119.2,100,,,,,,,,,,,,,,,,
2026-07-09T07:01:24.131237+00:00,2026-07-09T07:01:24.131190,2,2,118.85,0.3,118.7,50,118.5,150,,,,,,,,,,,,,,,,,119.0,150,119.2,100,,,,,,,,,,,,,,,,
2026-07-09T07:01:26.084150+00:00,2026-07-09T07:01:26.084081,1,1,118.95,0.5,118.7,50,,,,,,,,,,,,,,,,,,,119.2,100,,,,,,,,,,,,,,,,,,
2026-07-09T07:01:26.140535+00:00,2026-07-09T07:01:26.140369,2,1,118.95,0.5,118.7,50,118.4,150,,,,,,,,,,,,,,,,,119.2,100,,,,,,,,,,,,,,,,,,
2026-07-09T07:01:26.189251+00:00,2026-07-09T07:01:26.189383,2,2,118.8,0.2,118.7,50,118.4,150,,,,,,,,,,,,,,,,,118.9,150,119.2,100,,,,,,,,,,,,,,,,
2026-07-09T07:01:26.239921+00:00,2026-07-09T07:01:26.240061,1,2,118.65,0.5,118.4,150,,,,,,,,,,,,,,,,,,,118.9,150,119.2,100,,,,,,,,,,,,,,,,
2026-07-09T07:01:26.515086+00:00,2026-07-09T07:01:26.515028,1,1,118.65,0.5,118.4,150,,,,,,,,,,,,,,,,,,,118.9,150,,,,,,,,,,,,,,,,,,
2026-07-09T07:01:26.580578+00:00,2026-07-09T07:01:26.580488,2,1,118.65,0.5,118.4,150,118.3,100,,,,,,,,,,,,,,,,,118.9,150,,,,,,,,,,,,,,,,,,
2026-07-09T07:01:26.648753+00:00,2026-07-09T07:01:26.640713,2,2,118.6,0.4,118.4,150,118.3,100,,,,,,,,,,,,,,,,,118.8,88,118.9,150,,,,,,,,,,,,,,,,
2026-07-09T07:01:28.358616+00:00,2026-07-09T07:01:28.355480,2,2,118.6,0.4,118.4,100,118.3,100,,,,,,,,,,,,,,,,,118.8,88,118.9,150,,,,,,,,,,,,,,,,
2026-07-09T07:01:28.791433+00:00,2026-07-09T07:01:28.791293,2,2,118.6,0.4,118.4,100,118.3,100,,,,,,,,,,,,,,,,,118.8,43,118.9,150,,,,,,,,,,,,,,,,
2026-07-09T07:01:29.247627+00:00,2026-07-09T07:01:29.247536,1,1,118.55,0.5,118.3,100,,,,,,,,,,,,,,,,,,,118.8,43,,,,,,,,,,,,,,,,,,
2026-07-09T07:01:29.299738+00:00,2026-07-09T07:01:29.299702,2,1,118.55,0.5,118.3,100,118.2,150,,,,,,,,,,,,,,,,,118.8,43,,,,,,,,,,,,,,,,,,
2026-07-09T07:01:29.358583+00:00,2026-07-09T07:01:29.354879,2,2,118.5,0.4,118.3,100,118.2,150,,,,,,,,,,,,,,,,,118.7,150,118.8,43,,,,,,,,,,,,,,,,
2026-07-09T07:01:29.560609+00:00,2026-07-09T07:01:29.553883,2,2,118.5,0.4,118.3,100,118.2,150,,,,,,,,,,,,,,,,,118.7,139,118.8,43,,,,,,,,,,,,,,,,
2026-07-09T07:01:29.694603+00:00,2026-07-09T07:01:29.694521,1,1,118.45,0.5,118.2,150,,,,,,,,,,,,,,,,,,,118.7,139,,,,,,,,,,,,,,,,,,
2026-07-09T07:01:29.751626+00:00,2026-07-09T07:01:29.751559,2,1,118.65,0.1,118.6,100,118.2,150,,,,,,,,,,,,,,,,,118.7,139,,,,,,,,,,,,,,,,,,
2026-07-09T07:01:29.804927+00:00,2026-07-09T07:01:29.804799,2,2,118.65,0.1,118.6,100,118.2,150,,,,,,,,,,,,,,,,,118.7,139,119.1,100,,,,,,,,,,,,,,,,
2026-07-09T07:01:31.218878+00:00,2026-07-09T07:01:31.218819,2,2,118.65,0.1,118.6,100,118.2,150,,,,,,,,,,,,,,,,,118.7,92,119.1,100,,,,,,,,,,,,,,,,
2026-07-09T07:01:31.275213+00:00,2026-07-09T07:01:31.275156,2,2,118.65,0.1,118.6,56,118.2,150,,,,,,,,,,,,,,,,,118.7,92,119.1,100,,,,,,,,,,,,,,,,
2026-07-09T07:01:31.830828+00:00,2026-07-09T07:01:31.830974,2,2,118.65,0.1,118.6,56,118.2,150,,,,,,,,,,,,,,,,,118.7,50,119.1,100,,,,,,,,,,,,,,,,
2026-07-09T07:01:32.409539+00:00,2026-07-09T07:01:32.409472,1,1,118.85,0.5,118.6,56,,,,,,,,,,,,,,,,,,,119.1,100,,,,,,,,,,,,,,,,,,
2026-07-09T07:01:32.463929+00:00,2026-07-09T07:01:32.463814,2,1,118.9,0.4,118.7,150,118.6,56,,,,,,,,,,,,,,,,,119.1,100,,,,,,,,,,,,,,,,,,
2026-07-09T07:01:32.512241+00:00,2026-07-09T07:01:32.512143,2,2,118.9,0.4,118.7,150,118.6,56,,,,,,,,,,,,,,,,,119.1,100,119.2,150,,,,,,,,,,,,,,,,
2026-07-09T07:01:32.865074+00:00,2026-07-09T07:01:32.864947,1,1,118.95,0.5,118.7,150,,,,,,,,,,,,,,,,,,,119.2,150,,,,,,,,,,,,,,,,,,
2026-07-09T07:01:32.914918+00:00,2026-07-09T07:01:32.914787,2,1,118.95,0.5,118.7,150,118.4,100,,,,,,,,,,,,,,,,,119.2,150,,,,,,,,,,,,,,,,,,
2026-07-09T07:01:32.970136+00:00,2026-07-09T07:01:32.970091,2,2,118.8,0.2,118.7,150,118.4,100,,,,,,,,,,,,,,,,,118.9,100,119.2,150,,,,,,,,,,,,,,,,
2026-07-09T07:01:33.048497+00:00,2026-07-09T07:01:33.059201,2,2,118.8,0.2,118.7,104,118.4,100,,,,,,,,,,,,,,,,,118.9,100,119.2,150,,,,,,,,,,,,,,,,
2026-07-09T07:01:34.618140+00:00,2026-07-09T07:01:34.618033,2,2,118.8,0.2,118.7,104,118.4,100,,,,,,,,,,,,,,,,,118.9,50,119.2,150,,,,,,,,,,,,,,,,
2026-07-09T07:01:35.571651+00:00,2026-07-09T07:01:35.571523,1,1,118.65,0.5,118.4,100,,,,,,,,,,,,,,,,,,,118.9,50,,,,,,,,,,,,,,,,,,
2026-07-09T07:01:35.626668+00:00,2026-07-09T07:01:35.626596,2,1,118.7,0.4,118.5,150,118.4,100,,,,,,,,,,,,,,,,,118.9,50,,,,,,,,,,,,,,,,,,
2026-07-09T07:01:35.679557+00:00,2026-07-09T07:01:35.679513,2,2,118.7,0.4,118.5,150,118.4,100,,,,,,,,,,,,,,,,,118.9,50,119.0,150,,,,,,,,,,,,,,,,
2026-07-09T07:01:35.846694+00:00,2026-07-09T07:01:35.846829,2,2,118.7,0.4,118.5,150,118.4,100,,,,,,,,,,,,,,,,,118.9,10,119.0,150,,,,,,,,,,,,,,,,
2026-07-09T07:01:36.027763+00:00,2026-07-09T07:01:36.027899,2,1,118.75,0.5,118.5,150,118.4,100,,,,,,,,,,,,,,,,,119.0,150,,,,,,,,,,,,,,,,,,
2026-07-09T07:01:36.033166+00:00,2026-07-09T07:01:36.033076,1,1,118.75,0.5,118.5,150,,,,,,,,,,,,,,,,,,,119.0,150,,,,,,,,,,,,,,,,,,
2026-07-09T07:01:36.087109+00:00,2026-07-09T07:01:36.087188,2,1,118.8,0.4,118.6,100,118.5,150,,,,,,,,,,,,,,,,,119.0,150,,,,,,,,,,,,,,,,,,
2026-07-09T07:01:36.140348+00:00,2026-07-09T07:01:36.140308,2,2,118.8,0.4,118.6,100,118.5,150,,,,,,,,,,,,,,,,,119.0,150,119.1,100,,,,,,,,,,,,,,,,
2026-07-09T07:01:36.724941+00:00,2026-07-09T07:01:36.724893,2,2,118.8,0.4,118.6,100,118.5,150,,,,,,,,,,,,,,,,,119.0,100,119.1,100,,,,,,,,,,,,,,,,
2026-07-09T07:01:38.737785+00:00,2026-07-09T07:01:38.737704,1,1,118.85,0.5,118.6,100,,,,,,,,,,,,,,,,,,,119.1,100,,,,,,,,,,,,,,,,,,
2026-07-09T07:01:38.792694+00:00,2026-07-09T07:01:38.792502,2,1,118.9,0.4,118.7,150,118.6,100,,,,,,,,,,,,,,,,,119.1,100,,,,,,,,,,,,,,,,,,
2026-07-09T07:01:38.843939+00:00,2026-07-09T07:01:38.843855,2,2,118.9,0.4,118.7,150,118.6,100,,,,,,,,,,,,,,,,,119.1,100,119.2,150,,,,,,,,,,,,,,,,
2026-07-09T07:01:38.883181+00:00,2026-07-09T07:01:38.883132,2,2,118.9,0.4,118.7,100,118.6,100,,,,,,,,,,,,,,,,,119.1,100,119.2,150,,,,,,,,,,,,,,,,
2026-07-09T07:01:39.191342+00:00,2026-07-09T07:01:39.191178,2,1,118.95,0.5,118.7,100,118.6,100,,,,,,,,,,,,,,,,,119.2,150,,,,,,,,,,,,,,,,,,
2026-07-09T07:01:39.196470+00:00,2026-07-09T07:01:39.196361,1,1,118.95,0.5,118.7,100,,,,,,,,,,,,,,,,,,,119.2,150,,,,,,,,,,,,,,,,,,
2026-07-09T07:01:39.249326+00:00,2026-07-09T07:01:39.249408,2,1,119.05,0.3,118.9,100,118.7,100,,,,,,,,,,,,,,,,,119.2,150,,,,,,,,,,,,,,,,,,
2026-07-09T07:01:39.325170+00:00,2026-07-09T07:01:39.325334,2,2,119.05,0.3,118.9,100,118.7,100,,,,,,,,,,,,,,,,,119.2,150,119.4,100,,,,,,,,,,,,,,,,
2026-07-09T07:01:40.990772+00:00,2026-07-09T07:01:40.990932,2,2,119.05,0.3,118.9,50,118.7,100,,,,,,,,,,,,,,,,,119.2,150,119.4,100,,,,,,,,,,,,,,,,
2026-07-09T07:01:41.898873+00:00,2026-07-09T07:01:41.898994,1,1,119.15,0.5,118.9,50,,,,,,,,,,,,,,,,,,,119.4,100,,,,,,,,,,,,,,,,,,
2026-07-09T07:01:41.958619+00:00,2026-07-09T07:01:41.953116,2,1,119.15,0.5,118.9,50,118.6,150,,,,,,,,,,,,,,,,,119.4,100,,,,,,,,,,,,,,,,,,
2026-07-09T07:01:42.008820+00:00,2026-07-09T07:01:42.008679,2,2,119.0,0.2,118.9,50,118.6,150,,,,,,,,,,,,,,,,,119.1,150,119.4,100,,,,,,,,,,,,,,,,
2026-07-09T07:01:42.383931+00:00,2026-07-09T07:01:42.383822,1,1,118.85,0.5,118.6,150,,,,,,,,,,,,,,,,,,,119.1,150,,,,,,,,,,,,,,,,,,
2026-07-09T07:01:42.441133+00:00,2026-07-09T07:01:42.441021,1,1,118.85,0.5,118.6,250,,,,,,,,,,,,,,,,,,,119.1,150,,,,,,,,,,,,,,,,,,
2026-07-09T07:01:42.495741+00:00,2026-07-09T07:01:42.495649,1,1,118.85,0.5,118.6,250,,,,,,,,,,,,,,,,,,,119.1,250,,,,,,,,,,,,,,,,,,
2026-07-09T07:01:42.965782+00:00,2026-07-09T07:01:42.965904,1,1,118.85,0.5,118.6,207,,,,,,,,,,,,,,,,,,,119.1,250,,,,,,,,,,,,,,,,,,
2026-07-09T07:01:43.100438+00:00,2026-07-09T07:01:43.100402,1,1,118.85,0.5,118.6,157,,,,,,,,,,,,,,,,,,,119.1,250,,,,,,,,,,,,,,,,,,
2026-07-09T07:01:43.440800+00:00,2026-07-09T07:01:43.440763,1,1,118.85,0.5,118.6,117,,,,,,,,,,,,,,,,,,,119.1,250,,,,,,,,,,,,,,,,,,
2026-07-09T07:01:45.058586+00:00,2026-07-09T07:01:45.057763,1,1,118.85,0.5,118.6,100,,,,,,,,,,,,,,,,,,,119.1,100,,,,,,,,,,,,,,,,,,
2026-07-09T07:01:45.117640+00:00,2026-07-09T07:01:45.117594,2,1,118.85,0.5,118.6,100,118.1,150,,,,,,,,,,,,,,,,,119.1,100,,,,,,,,,,,,,,,,,,
2026-07-09T07:01:45.158697+00:00,2026-07-09T07:01:45.152878,2,1,118.85,0.5,118.6,100,118.1,150,,,,,,,,,,,,,,,,,119.1,50,,,,,,,,,,,,,,,,,,
2026-07-09T07:01:45.181625+00:00,2026-07-09T07:01:45.174631,1,2,118.35,0.5,118.1,150,,,,,,,,,,,,,,,,,,,118.6,16,119.1,50,,,,,,,,,,,,,,,,
2026-07-09T07:01:45.570266+00:00,2026-07-09T07:01:45.570201,1,1,118.35,0.5,118.1,150,,,,,,,,,,,,,,,,,,,118.6,16,,,,,,,,,,,,,,,,,,
2026-07-09T07:01:45.630035+00:00,2026-07-09T07:01:45.630139,2,1,118.55,0.1,118.5,100,118.1,150,,,,,,,,,,,,,,,,,118.6,16,,,,,,,,,,,,,,,,,,
2026-07-09T07:01:45.682369+00:00,2026-07-09T07:01:45.682258,2,2,118.55,0.1,118.5,100,118.1,150,,,,,,,,,,,,,,,,,118.6,16,119.0,100,,,,,,,,,,,,,,,,
2026-07-09T07:01:47.269127+00:00,2026-07-09T07:01:47.269084,2,1,118.75,0.5,118.5,100,118.1,150,,,,,,,,,,,,,,,,,119.0,66,,,,,,,,,,,,,,,,,,
2026-07-09T07:01:48.224521+00:00,2026-07-09T07:01:48.224634,1,1,118.75,0.5,118.5,100,,,,,,,,,,,,,,,,,,,119.0,66,,,,,,,,,,,,,,,,,,
2026-07-09T07:01:48.285253+00:00,2026-07-09T07:01:48.285144,2,1,118.85,0.3,118.7,150,118.5,100,,,,,,,,,,,,,,,,,119.0,66,,,,,,,,,,,,,,,,,,
2026-07-09T07:01:48.334543+00:00,2026-07-09T07:01:48.334432,2,2,118.85,0.3,118.7,150,118.5,100,,,,,,,,,,,,,,,,,119.0,66,119.2,150,,,,,,,,,,,,,,,,
2026-07-09T07:01:48.736957+00:00,2026-07-09T07:01:48.736921,1,1,118.95,0.5,118.7,150,,,,,,,,,,,,,,,,,,,119.2,150,,,,,,,,,,,,,,,,,,
2026-07-09T07:01:48.790968+00:00,2026-07-09T07:01:48.790787,2,1,118.95,0.5,118.7,150,118.5,100,,,,,,,,,,,,,,,,,119.2,150,,,,,,,,,,,,,,,,,,
2026-07-09T07:01:48.843949+00:00,2026-07-09T07:01:48.844016,2,2,118.85,0.3,118.7,150,118.5,100,,,,,,,,,,,,,,,,,119.0,100,119.2,150,,,,,,,,,,,,,,,,
2026-07-09T07:01:49.281358+00:00,2026-07-09T07:01:49.274217,2,2,118.85,0.3,118.7,127,118.5,100,,,,,,,,,,,,,,,,,119.0,100,119.2,150,,,,,,,,,,,,,,,,
2026-07-09T07:01:49.384870+00:00,2026-07-09T07:01:49.384754,2,2,118.85,0.3,118.7,127,118.5,100,,,,,,,,,,,,,,,,,119.0,50,119.2,150,,,,,,,,,,,,,,,,
2026-07-09T07:01:51.389887+00:00,2026-07-09T07:01:51.389853,1,1,118.75,0.5,118.5,100,,,,,,,,,,,,,,,,,,,119.0,50,,,,,,,,,,,,,,,,,,
2026-07-09T07:01:51.447844+00:00,2026-07-09T07:01:51.447738,2,1,118.85,0.3,118.7,150,118.5,100,,,,,,,,,,,,,,,,,119.0,50,,,,,,,,,,,,,,,,,,
2026-07-09T07:01:51.491091+00:00,2026-07-09T07:01:51.491197,2,0,,,118.7,150,118.5,100,,,,,,,,,,,,,,,,,,,,,,,,,,,,,,,,,,,,
2026-07-09T07:01:51.496502+00:00,2026-07-09T07:01:51.496410,2,1,118.95,0.5,118.7,150,118.5,100,,,,,,,,,,,,,,,,,119.2,150,,,,,,,,,,,,,,,,,,
2026-07-09T07:01:51.902539+00:00,2026-07-09T07:01:51.902318,1,1,118.95,0.5,118.7,150,,,,,,,,,,,,,,,,,,,119.2,150,,,,,,,,,,,,,,,,,,
2026-07-09T07:01:51.958652+00:00,2026-07-09T07:01:51.952057,2,1,119.15,0.1,119.1,100,118.7,150,,,,,,,,,,,,,,,,,119.2,150,,,,,,,,,,,,,,,,,,
2026-07-09T07:01:52.011901+00:00,2026-07-09T07:01:52.011800,2,2,119.15,0.1,119.1,100,118.7,150,,,,,,,,,,,,,,,,,119.2,150,119.6,100,,,,,,,,,,,,,,,,
2026-07-09T07:01:52.548130+00:00,2026-07-09T07:01:52.541814,2,2,119.15,0.1,119.1,89,118.7,150,,,,,,,,,,,,,,,,,119.2,150,119.6,100,,,,,,,,,,,,,,,,
2026-07-09T07:01:53.598650+00:00,2026-07-09T07:01:53.598496,2,2,119.15,0.1,119.1,89,118.7,150,,,,,,,,,,,,,,,,,119.2,100,119.6,100,,,,,,,,,,,,,,,,
2026-07-09T07:01:54.424565+00:00,2026-07-09T07:01:54.424461,2,2,119.15,0.1,119.1,89,118.7,150,,,,,,,,,,,,,,,,,119.2,52,119.6,100,,,,,,,,,,,,,,,,
2026-07-09T07:01:54.552652+00:00,2026-07-09T07:01:54.552559,1,1,119.35,0.5,119.1,89,,,,,,,,,,,,,,,,,,,119.6,100,,,,,,,,,,,,,,,,,,
2026-07-09T07:01:54.605669+00:00,2026-07-09T07:01:54.605566,1,1,119.35,0.5,119.1,239,,,,,,,,,,,,,,,,,,,119.6,100,,,,,,,,,,,,,,,,,,
2026-07-09T07:01:54.663875+00:00,2026-07-09T07:01:54.663783,1,1,119.35,0.5,119.1,239,,,,,,,,,,,,,,,,,,,119.6,250,,,,,,,,,,,,,,,,,,
2026-07-09T07:01:55.068869+00:00,2026-07-09T07:01:55.068983,1,1,119.35,0.5,119.1,150,,,,,,,,,,,,,,,,,,,119.6,150,,,,,,,,,,,,,,,,,,
2026-07-09T07:01:55.123640+00:00,2026-07-09T07:01:55.123708,2,1,119.35,0.5,119.1,150,119.0,100,,,,,,,,,,,,,,,,,119.6,150,,,,,,,,,,,,,,,,,,
2026-07-09T07:01:55.176572+00:00,2026-07-09T07:01:55.176663,2,2,119.3,0.4,119.1,150,119.0,100,,,,,,,,,,,,,,,,,119.5,100,119.6,150,,,,,,,,,,,,,,,,
2026-07-09T07:01:55.431423+00:00,2026-07-09T07:01:55.431305,2,2,119.3,0.4,119.1,101,119.0,100,,,,,,,,,,,,,,,,,119.5,100,119.6,150,,,,,,,,,,,,,,,,
2026-07-09T07:01:55.707894+00:00,2026-07-09T07:01:55.707836,2,2,119.3,0.4,119.1,101,119.0,100,,,,,,,,,,,,,,,,,119.5,50,119.6,150,,,,,,,,,,,,,,,,
2026-07-09T07:01:56.515733+00:00,2026-07-09T07:01:56.515601,2,2,119.3,0.4,119.1,101,119.0,100,,,,,,,,,,,,,,,,,119.5,7,119.6,150,,,,,,,,,,,,,,,,
2026-07-09T07:01:57.724809+00:00,2026-07-09T07:01:57.724716,1,1,119.25,0.5,119.0,100,,,,,,,,,,,,,,,,,,,119.5,7,,,,,,,,,,,,,,,,,,
2026-07-09T07:01:57.781772+00:00,2026-07-09T07:01:57.781655,2,1,119.25,0.5,119.0,100,118.9,150,,,,,,,,,,,,,,,,,119.5,7,,,,,,,,,,,,,,,,,,
2026-07-09T07:01:57.813916+00:00,2026-07-09T07:01:57.813804,2,0,,,119.0,100,118.9,150,,,,,,,,,,,,,,,,,,,,,,,,,,,,,,,,,,,,
2026-07-09T07:01:57.835387+00:00,2026-07-09T07:01:57.835291,2,1,119.2,0.4,119.0,100,118.9,150,,,,,,,,,,,,,,,,,119.4,150,,,,,,,,,,,,,,,,,,
2026-07-09T07:01:58.231577+00:00,2026-07-09T07:01:58.231479,1,1,119.15,0.5,118.9,150,,,,,,,,,,,,,,,,,,,119.4,150,,,,,,,,,,,,,,,,,,
2026-07-09T07:01:58.298498+00:00,2026-07-09T07:01:58.289754,2,1,119.35,0.1,119.3,77,118.9,150,,,,,,,,,,,,,,,,,119.4,150,,,,,,,,,,,,,,,,,,
2026-07-09T07:01:58.337824+00:00,2026-07-09T07:01:58.337740,2,2,119.35,0.1,119.3,77,118.9,150,,,,,,,,,,,,,,,,,119.4,150,119.8,100,,,,,,,,,,,,,,,,
2026-07-09T07:01:58.474773+00:00,2026-07-09T07:01:58.474620,2,2,119.35,0.1,119.3,33,118.9,150,,,,,,,,,,,,,,,,,119.4,150,119.8,100,,,,,,,,,,,,,,,,
2026-07-09T07:01:59.926988+00:00,2026-07-09T07:01:59.926928,2,2,119.35,0.1,119.3,33,118.9,150,,,,,,,,,,,,,,,,,119.4,100,119.8,100,,,,,,,,,,,,,,,,
2026-07-09T07:02:00.893029+00:00,2026-07-09T07:02:00.892958,1,1,119.55,0.5,119.3,33,,,,,,,,,,,,,,,,,,,119.8,100,,,,,,,,,,,,,,,,,,
2026-07-09T07:02:00.943330+00:00,2026-07-09T07:02:00.943400,2,1,119.55,0.5,119.3,33,119.2,150,,,,,,,,,,,,,,,,,119.8,100,,,,,,,,,,,,,,,,,,
2026-07-09T07:02:00.995867+00:00,2026-07-09T07:02:00.995805,2,2,119.5,0.4,119.3,33,119.2,150,,,,,,,,,,,,,,,,,119.7,150,119.8,100,,,,,,,,,,,,,,,,
2026-07-09T07:02:01.391369+00:00,2026-07-09T07:02:01.391349,1,1,119.45,0.5,119.2,150,,,,,,,,,,,,,,,,,,,119.7,150,,,,,,,,,,,,,,,,,,
2026-07-09T07:02:01.445237+00:00,2026-07-09T07:02:01.445327,1,1,119.45,0.5,119.2,250,,,,,,,,,,,,,,,,,,,119.7,150,,,,,,,,,,,,,,,,,,
2026-07-09T07:02:01.505186+00:00,2026-07-09T07:02:01.505080,1,1,119.45,0.5,119.2,250,,,,,,,,,,,,,,,,,,,119.7,250,,,,,,,,,,,,,,,,,,
2026-07-09T07:02:02.032722+00:00,2026-07-09T07:02:02.032678,1,1,119.45,0.5,119.2,250,,,,,,,,,,,,,,,,,,,119.7,200,,,,,,,,,,,,,,,,,,
2026-07-09T07:02:03.022817+00:00,2026-07-09T07:02:03.022704,1,1,119.45,0.5,119.2,250,,,,,,,,,,,,,,,,,,,119.7,156,,,,,,,,,,,,,,,,,,
2026-07-09T07:02:04.049905+00:00,2026-07-09T07:02:04.049760,1,1,119.45,0.5,119.2,250,,,,,,,,,,,,,,,,,,,119.7,100,,,,,,,,,,,,,,,,,,
2026-07-09T07:02:04.058552+00:00,2026-07-09T07:02:04.055024,1,1,119.45,0.5,119.2,100,,,,,,,,,,,,,,,,,,,119.7,100,,,,,,,,,,,,,,,,,,
2026-07-09T07:02:04.115839+00:00,2026-07-09T07:02:04.109148,2,1,119.65,0.1,119.6,127,119.2,100,,,,,,,,,,,,,,,,,119.7,100,,,,,,,,,,,,,,,,,,
2026-07-09T07:02:04.162949+00:00,2026-07-09T07:02:04.162799,2,2,119.65,0.1,119.6,127,119.2,100,,,,,,,,,,,,,,,,,119.7,100,120.1,150,,,,,,,,,,,,,,,,
2026-07-09T07:02:04.168120+00:00,2026-07-09T07:02:04.168009,2,2,119.65,0.1,119.6,85,119.2,100,,,,,,,,,,,,,,,,,119.7,100,120.1,150,,,,,,,,,,,,,,,,
2026-07-09T07:02:04.213268+00:00,2026-07-09T07:02:04.213134,2,2,119.65,0.1,119.6,35,119.2,100,,,,,,,,,,,,,,,,,119.7,100,120.1,150,,,,,,,,,,,,,,,,
2026-07-09T07:02:04.554632+00:00,2026-07-09T07:02:04.554739,1,1,119.85,0.5,119.6,35,,,,,,,,,,,,,,,,,,,120.1,150,,,,,,,,,,,,,,,,,,
2026-07-09T07:02:04.604822+00:00,2026-07-09T07:02:04.604721,2,1,119.85,0.5,119.6,35,119.2,100,,,,,,,,,,,,,,,,,120.1,150,,,,,,,,,,,,,,,,,,
2026-07-09T07:02:04.658644+00:00,2026-07-09T07:02:04.652838,2,2,119.65,0.1,119.6,35,119.2,100,,,,,,,,,,,,,,,,,119.7,100,120.1,150,,,,,,,,,,,,,,,,
2026-07-09T07:02:05.396871+00:00,2026-07-09T07:02:05.396799,2,2,119.65,0.1,119.6,35,119.2,100,,,,,,,,,,,,,,,,,119.7,53,120.1,150,,,,,,,,,,,,,,,,
2026-07-09T07:02:06.326578+00:00,2026-07-09T07:02:06.326662,1,2,119.45,0.5,119.2,85,,,,,,,,,,,,,,,,,,,119.7,53,120.1,150,,,,,,,,,,,,,,,,
2026-07-09T07:02:07.224415+00:00,2026-07-09T07:02:07.224262,1,1,119.45,0.5,119.2,85,,,,,,,,,,,,,,,,,,,119.7,53,,,,,,,,,,,,,,,,,,
2026-07-09T07:02:07.278419+00:00,2026-07-09T07:02:07.278309,1,1,119.45,0.5,119.2,235,,,,,,,,,,,,,,,,,,,119.7,53,,,,,,,,,,,,,,,,,,
2026-07-09T07:02:07.331749+00:00,2026-07-09T07:02:07.331654,1,1,119.45,0.5,119.2,235,,,,,,,,,,,,,,,,,,,119.7,203,,,,,,,,,,,,,,,,,,
2026-07-09T07:02:07.723786+00:00,2026-07-09T07:02:07.723677,1,1,119.45,0.5,119.2,150,,,,,,,,,,,,,,,,,,,119.7,150,,,,,,,,,,,,,,,,,,
2026-07-09T07:02:07.776090+00:00,2026-07-09T07:02:07.775985,2,1,119.55,0.3,119.4,100,119.2,150,,,,,,,,,,,,,,,,,119.7,150,,,,,,,,,,,,,,,,,,
2026-07-09T07:02:07.832959+00:00,2026-07-09T07:02:07.832890,2,2,119.55,0.3,119.4,100,119.2,150,,,,,,,,,,,,,,,,,119.7,150,119.9,100,,,,,,,,,,,,,,,,
2026-07-09T07:02:08.445768+00:00,2026-07-09T07:02:08.445659,2,2,119.55,0.3,119.4,50,119.2,150,,,,,,,,,,,,,,,,,119.7,150,119.9,100,,,,,,,,,,,,,,,,
2026-07-09T07:02:10.384535+00:00,2026-07-09T07:02:10.384703,1,1,119.65,0.5,119.4,50,,,,,,,,,,,,,,,,,,,119.9,100,,,,,,,,,,,,,,,,,,
2026-07-09T07:02:10.443175+00:00,2026-07-09T07:02:10.443134,2,1,119.65,0.5,119.4,50,119.0,150,,,,,,,,,,,,,,,,,119.9,100,,,,,,,,,,,,,,,,,,
2026-07-09T07:02:10.495700+00:00,2026-07-09T07:02:10.495641,2,2,119.45,0.1,119.4,50,119.0,150,,,,,,,,,,,,,,,,,119.5,150,119.9,100,,,,,,,,,,,,,,,,
2026-07-09T07:02:10.548914+00:00,2026-07-09T07:02:10.548788,1,2,119.25,0.5,119.0,150,,,,,,,,,,,,,,,,,,,119.5,150,119.9,100,,,,,,,,,,,,,,,,
2026-07-09T07:02:10.886588+00:00,2026-07-09T07:02:10.886480,1,1,119.25,0.5,119.0,150,,,,,,,,,,,,,,,,,,,119.5,150,,,,,,,,,,,,,,,,,,
2026-07-09T07:02:10.940110+00:00,2026-07-09T07:02:10.940079,1,1,119.25,0.5,119.0,250,,,,,,,,,,,,,,,,,,,119.5,150,,,,,,,,,,,,,,,,,,
2026-07-09T07:02:10.992330+00:00,2026-07-09T07:02:10.992186,1,1,119.25,0.5,119.0,250,,,,,,,,,,,,,,,,,,,119.5,250,,,,,,,,,,,,,,,,,,
2026-07-09T07:02:11.671005+00:00,2026-07-09T07:02:11.663419,1,1,119.25,0.5,119.0,250,,,,,,,,,,,,,,,,,,,119.5,227,,,,,,,,,,,,,,,,,,
2026-07-09T07:02:12.685903+00:00,2026-07-09T07:02:12.685835,1,1,119.25,0.5,119.0,200,,,,,,,,,,,,,,,,,,,119.5,227,,,,,,,,,,,,,,,,,,
2026-07-09T07:02:13.009429+00:00,2026-07-09T07:02:13.009358,1,1,119.25,0.5,119.0,157,,,,,,,,,,,,,,,,,,,119.5,227,,,,,,,,,,,,,,,,,,
2026-07-09T07:02:13.546601+00:00,2026-07-09T07:02:13.546580,1,1,119.25,0.5,119.0,157,,,,,,,,,,,,,,,,,,,119.5,100,,,,,,,,,,,,,,,,,,
2026-07-09T07:02:13.551801+00:00,2026-07-09T07:02:13.551732,1,1,119.25,0.5,119.0,100,,,,,,,,,,,,,,,,,,,119.5,100,,,,,,,,,,,,,,,,,,
2026-07-09T07:02:13.604692+00:00,2026-07-09T07:02:13.604601,2,1,119.25,0.5,119.0,100,118.8,150,,,,,,,,,,,,,,,,,119.5,100,,,,,,,,,,,,,,,,,,
2026-07-09T07:02:13.677248+00:00,2026-07-09T07:02:13.668710,2,2,119.15,0.3,119.0,100,118.8,150,,,,,,,,,,,,,,,,,119.3,138,119.5,100,,,,,,,,,,,,,,,,
2026-07-09T07:02:14.043761+00:00,2026-07-09T07:02:14.043643,1,1,119.05,0.5,118.8,150,,,,,,,,,,,,,,,,,,,119.3,138,,,,,,,,,,,,,,,,,,
2026-07-09T07:02:14.115110+00:00,2026-07-09T07:02:14.114962,2,1,119.2,0.2,119.1,100,118.8,150,,,,,,,,,,,,,,,,,119.3,138,,,,,,,,,,,,,,,,,,
2026-07-09T07:02:14.171312+00:00,2026-07-09T07:02:14.171112,2,2,119.2,0.2,119.1,100,118.8,150,,,,,,,,,,,,,,,,,119.3,138,119.6,100,,,,,,,,,,,,,,,,
2026-07-09T07:02:14.299900+00:00,2026-07-09T07:02:14.283768,2,2,119.2,0.2,119.1,100,118.8,150,,,,,,,,,,,,,,,,,119.3,127,119.6,100,,,,,,,,,,,,,,,,
2026-07-09T07:02:14.796455+00:00,2026-07-09T07:02:14.796394,2,2,119.2,0.2,119.1,50,118.8,150,,,,,,,,,,,,,,,,,119.3,127,119.6,100,,,,,,,,,,,,,,,,
2026-07-09T07:02:16.712240+00:00,2026-07-09T07:02:16.712137,1,1,119.35,0.5,119.1,50,,,,,,,,,,,,,,,,,,,119.6,100,,,,,,,,,,,,,,,,,,
2026-07-09T07:02:16.770817+00:00,2026-07-09T07:02:16.770714,2,1,119.35,0.5,119.1,50,119.0,150,,,,,,,,,,,,,,,,,119.6,100,,,,,,,,,,,,,,,,,,
2026-07-09T07:02:16.823703+00:00,2026-07-09T07:02:16.823678,2,2,119.3,0.4,119.1,50,119.0,150,,,,,,,,,,,,,,,,,119.5,150,119.6,100,,,,,,,,,,,,,,,,
2026-07-09T07:02:16.884772+00:00,2026-07-09T07:02:16.884621,2,2,119.3,0.4,119.1,50,119.0,150,,,,,,,,,,,,,,,,,119.5,100,119.6,100,,,,,,,,,,,,,,,,
2026-07-09T07:02:17.218773+00:00,2026-07-09T07:02:17.218722,2,1,119.3,0.4,119.1,50,119.0,150,,,,,,,,,,,,,,,,,119.5,100,,,,,,,,,,,,,,,,,,
2026-07-09T07:02:17.224005+00:00,2026-07-09T07:02:17.223894,1,1,119.25,0.5,119.0,150,,,,,,,,,,,,,,,,,,,119.5,100,,,,,,,,,,,,,,,,,,
2026-07-09T07:02:17.277443+00:00,2026-07-09T07:02:17.277302,2,1,119.25,0.5,119.0,150,118.9,100,,,,,,,,,,,,,,,,,119.5,100,,,,,,,,,,,,,,,,,,
2026-07-09T07:02:17.331681+00:00,2026-07-09T07:02:17.331522,2,2,119.2,0.4,119.0,150,118.9,100,,,,,,,,,,,,,,,,,119.4,100,119.5,100,,,,,,,,,,,,,,,,
2026-07-09T07:02:18.992382+00:00,2026-07-09T07:02:18.992344,2,2,119.2,0.4,119.0,150,118.9,100,,,,,,,,,,,,,,,,,119.4,50,119.5,100,,,,,,,,,,,,,,,,
2026-07-09T07:02:19.885698+00:00,2026-07-09T07:02:19.885609,2,1,119.2,0.4,119.0,150,118.9,100,,,,,,,,,,,,,,,,,119.4,50,,,,,,,,,,,,,,,,,,
2026-07-09T07:02:19.890958+00:00,2026-07-09T07:02:19.890770,1,1,119.15,0.5,118.9,100,,,,,,,,,,,,,,,,,,,119.4,50,,,,,,,,,,,,,,,,,,
2026-07-09T07:02:19.942401+00:00,2026-07-09T07:02:19.942350,2,1,119.3,0.2,119.2,150,118.9,100,,,,,,,,,,,,,,,,,119.4,50,,,,,,,,,,,,,,,,,,
2026-07-09T07:02:19.992882+00:00,2026-07-09T07:02:19.992755,2,2,119.3,0.2,119.2,150,118.9,100,,,,,,,,,,,,,,,,,119.4,50,119.7,150,,,,,,,,,,,,,,,,
2026-07-09T07:02:20.383801+00:00,2026-07-09T07:02:20.383931,2,1,119.45,0.5,119.2,150,118.9,100,,,,,,,,,,,,,,,,,119.7,150,,,,,,,,,,,,,,,,,,
2026-07-09T07:02:20.389273+00:00,2026-07-09T07:02:20.389083,1,1,119.45,0.5,119.2,150,,,,,,,,,,,,,,,,,,,119.7,150,,,,,,,,,,,,,,,,,,
2026-07-09T07:02:20.444194+00:00,2026-07-09T07:02:20.444076,1,1,119.45,0.5,119.2,250,,,,,,,,,,,,,,,,,,,119.7,150,,,,,,,,,,,,,,,,,,
2026-07-09T07:02:20.496292+00:00,2026-07-09T07:02:20.496165,1,1,119.45,0.5,119.2,250,,,,,,,,,,,,,,,,,,,119.7,250,,,,,,,,,,,,,,,,,,
2026-07-09T07:02:21.105935+00:00,2026-07-09T07:02:21.105767,1,1,119.45,0.5,119.2,250,,,,,,,,,,,,,,,,,,,119.7,200,,,,,,,,,,,,,,,,,,
2026-07-09T07:02:22.257861+00:00,2026-07-09T07:02:22.246047,1,1,119.45,0.5,119.2,227,,,,,,,,,,,,,,,,,,,119.7,200,,,,,,,,,,,,,,,,,,
2026-07-09T07:02:23.051494+00:00,2026-07-09T07:02:23.051361,1,1,119.45,0.5,119.2,100,,,,,,,,,,,,,,,,,,,119.7,100,,,,,,,,,,,,,,,,,,
2026-07-09T07:02:23.107824+00:00,2026-07-09T07:02:23.107778,2,1,119.45,0.5,119.2,100,118.9,150,,,,,,,,,,,,,,,,,119.7,100,,,,,,,,,,,,,,,,,,
2026-07-09T07:02:23.158625+00:00,2026-07-09T07:02:23.156545,2,2,119.3,0.2,119.2,100,118.9,150,,,,,,,,,,,,,,,,,119.4,150,119.7,100,,,,,,,,,,,,,,,,
2026-07-09T07:02:23.217935+00:00,2026-07-09T07:02:23.217809,2,2,119.3,0.2,119.2,100,118.9,150,,,,,,,,,,,,,,,,,119.4,100,119.7,100,,,,,,,,,,,,,,,,
2026-07-09T07:02:23.441427+00:00,2026-07-09T07:02:23.441227,2,2,119.3,0.2,119.2,100,118.9,150,,,,,,,,,,,,,,,,,119.4,52,119.7,100,,,,,,,,,,,,,,,,
2026-07-09T07:02:23.558640+00:00,2026-07-09T07:02:23.550989,1,1,119.15,0.5,118.9,150,,,,,,,,,,,,,,,,,,,119.4,52,,,,,,,,,,,,,,,,,,
2026-07-09T07:02:23.611713+00:00,2026-07-09T07:02:23.611814,2,1,119.15,0.5,118.9,150,118.8,100,,,,,,,,,,,,,,,,,119.4,52,,,,,,,,,,,,,,,,,,
2026-07-09T07:02:23.658635+00:00,2026-07-09T07:02:23.655639,2,2,119.1,0.4,118.9,150,118.8,100,,,,,,,,,,,,,,,,,119.3,100,119.4,52,,,,,,,,,,,,,,,,
2026-07-09T07:02:24.033521+00:00,2026-07-09T07:02:24.033391,2,2,119.1,0.4,118.9,104,118.8,100,,,,,,,,,,,,,,,,,119.3,100,119.4,52,,,,,,,,,,,,,,,,
2026-07-09T07:02:25.233071+00:00,2026-07-09T07:02:25.226558,2,2,119.1,0.4,118.9,104,118.8,100,,,,,,,,,,,,,,,,,119.3,88,119.4,52,,,,,,,,,,,,,,,,
2026-07-09T07:02:26.216683+00:00,2026-07-09T07:02:26.216649,1,1,119.05,0.5,118.8,100,,,,,,,,,,,,,,,,,,,119.3,88,,,,,,,,,,,,,,,,,,
2026-07-09T07:02:26.270843+00:00,2026-07-09T07:02:26.270973,2,0,,,119.3,62,118.8,100,,,,,,,,,,,,,,,,,,,,,,,,,,,,,,,,,,,,
2026-07-09T07:02:26.326400+00:00,2026-07-09T07:02:26.326240,2,1,119.55,0.5,119.3,62,118.8,100,,,,,,,,,,,,,,,,,119.8,150,,,,,,,,,,,,,,,,,,
2026-07-09T07:02:26.718430+00:00,2026-07-09T07:02:26.718273,1,1,119.55,0.5,119.3,62,,,,,,,,,,,,,,,,,,,119.8,150,,,,,,,,,,,,,,,,,,
2026-07-09T07:02:26.723611+00:00,2026-07-09T07:02:26.723505,1,1,119.55,0.5,119.3,15,,,,,,,,,,,,,,,,,,,119.8,150,,,,,,,,,,,,,,,,,,
2026-07-09T07:02:26.772734+00:00,2026-07-09T07:02:26.772633,1,1,119.55,0.5,119.3,115,,,,,,,,,,,,,,,,,,,119.8,150,,,,,,,,,,,,,,,,,,
2026-07-09T07:02:26.826349+00:00,2026-07-09T07:02:26.826202,1,1,119.55,0.5,119.3,115,,,,,,,,,,,,,,,,,,,119.8,250,,,,,,,,,,,,,,,,,,
2026-07-09T07:02:27.457274+00:00,2026-07-09T07:02:27.457354,1,1,119.55,0.5,119.3,115,,,,,,,,,,,,,,,,,,,119.8,200,,,,,,,,,,,,,,,,,,
2026-07-09T07:02:27.790990+00:00,2026-07-09T07:02:27.790832,1,1,119.55,0.5,119.3,115,,,,,,,,,,,,,,,,,,,119.8,151,,,,,,,,,,,,,,,,,,
2026-07-09T07:02:28.846565+00:00,2026-07-09T07:02:28.846470,1,1,119.55,0.5,119.3,66,,,,,,,,,,,,,,,,,,,119.8,151,,,,,,,,,,,,,,,,,,
2026-07-09T07:02:29.381041+00:00,2026-07-09T07:02:29.381123,1,1,119.55,0.5,119.3,66,,,,,,,,,,,,,,,,,,,119.8,100,,,,,,,,,,,,,,,,,,
2026-07-09T07:02:29.434066+00:00,2026-07-09T07:02:29.433904,1,1,119.55,0.5,119.3,216,,,,,,,,,,,,,,,,,,,119.8,100,,,,,,,,,,,,,,,,,,
2026-07-09T07:02:29.487243+00:00,2026-07-09T07:02:29.487189,1,1,119.55,0.5,119.3,216,,,,,,,,,,,,,,,,,,,119.8,250,,,,,,,,,,,,,,,,,,
2026-07-09T07:02:29.595199+00:00,2026-07-09T07:02:29.595119,1,1,119.55,0.5,119.3,216,,,,,,,,,,,,,,,,,,,119.8,200,,,,,,,,,,,,,,,,,,
2026-07-09T07:02:29.879359+00:00,2026-07-09T07:02:29.879248,1,1,119.55,0.5,119.3,216,,,,,,,,,,,,,,,,,,,119.8,150,,,,,,,,,,,,,,,,,,
2026-07-09T07:02:29.884328+00:00,2026-07-09T07:02:29.884403,1,1,119.55,0.5,119.3,150,,,,,,,,,,,,,,,,,,,119.8,150,,,,,,,,,,,,,,,,,,
2026-07-09T07:02:29.937964+00:00,2026-07-09T07:02:29.937889,2,1,119.65,0.3,119.5,100,119.3,150,,,,,,,,,,,,,,,,,119.8,150,,,,,,,,,,,,,,,,,,
2026-07-09T07:02:29.988202+00:00,2026-07-09T07:02:29.988381,2,2,119.65,0.3,119.5,100,119.3,150,,,,,,,,,,,,,,,,,119.8,103,120.0,100,,,,,,,,,,,,,,,,
2026-07-09T07:02:31.699648+00:00,2026-07-09T07:02:31.699518,2,2,119.65,0.3,119.5,100,119.3,150,,,,,,,,,,,,,,,,,119.8,53,120.0,100,,,,,,,,,,,,,,,,
2026-07-09T07:02:32.518343+00:00,2026-07-09T07:02:32.518310,2,2,119.65,0.3,119.5,100,119.3,150,,,,,,,,,,,,,,,,,119.8,11,120.0,100,,,,,,,,,,,,,,,,
2026-07-09T07:02:32.545114+00:00,2026-07-09T07:02:32.545010,1,1,119.75,0.5,119.5,100,,,,,,,,,,,,,,,,,,,120.0,100,,,,,,,,,,,,,,,,,,
2026-07-09T07:02:32.625279+00:00,2026-07-09T07:02:32.619081,2,1,119.95,0.1,119.9,104,119.5,100,,,,,,,,,,,,,,,,,120.0,100,,,,,,,,,,,,,,,,,,
2026-07-09T07:02:32.658560+00:00,2026-07-09T07:02:32.657820,2,2,119.95,0.1,119.9,104,119.5,100,,,,,,,,,,,,,,,,,120.0,100,120.4,150,,,,,,,,,,,,,,,,
2026-07-09T07:02:33.045122+00:00,2026-07-09T07:02:33.045033,1,1,120.15,0.5,119.9,104,,,,,,,,,,,,,,,,,,,120.4,150,,,,,,,,,,,,,,,,,,
2026-07-09T07:02:33.094660+00:00,2026-07-09T07:02:33.094841,2,1,120.15,0.5,119.9,104,119.7,100,,,,,,,,,,,,,,,,,120.4,150,,,,,,,,,,,,,,,,,,
2026-07-09T07:02:33.132915+00:00,2026-07-09T07:02:33.132849,2,1,120.15,0.5,119.9,64,119.7,100,,,,,,,,,,,,,,,,,120.4,150,,,,,,,,,,,,,,,,,,
2026-07-09T07:02:33.148530+00:00,2026-07-09T07:02:33.148440,2,2,120.05,0.3,119.9,64,119.7,100,,,,,,,,,,,,,,,,,120.2,100,120.4,150,,,,,,,,,,,,,,,,
2026-07-09T07:02:33.658648+00:00,2026-07-09T07:02:33.655499,2,2,120.05,0.3,119.9,23,119.7,100,,,,,,,,,,,,,,,,,120.2,100,120.4,150,,,,,,,,,,,,,,,,
2026-07-09T07:02:33.836459+00:00,2026-07-09T07:02:33.836541,2,2,120.05,0.3,119.9,23,119.7,100,,,,,,,,,,,,,,,,,120.2,50,120.4,150,,,,,,,,,,,,,,,,
2026-07-09T07:02:34.121053+00:00,2026-07-09T07:02:34.114222,2,2,120.05,0.3,119.9,20,119.7,100,,,,,,,,,,,,,,,,,120.2,50,120.4,150,,,,,,,,,,,,,,,,
2026-07-09T07:02:34.274319+00:00,2026-07-09T07:02:34.274215,1,2,119.95,0.5,119.7,78,,,,,,,,,,,,,,,,,,,120.2,50,120.4,150,,,,,,,,,,,,,,,,
2026-07-09T07:02:35.717661+00:00,2026-07-09T07:02:35.717535,1,1,119.95,0.5,119.7,78,,,,,,,,,,,,,,,,,,,120.2,50,,,,,,,,,,,,,,,,,,
2026-07-09T07:02:35.769510+00:00,2026-07-09T07:02:35.769457,2,1,119.95,0.5,119.7,78,119.3,150,,,,,,,,,,,,,,,,,120.2,50,,,,,,,,,,,,,,,,,,
2026-07-09T07:02:35.837966+00:00,2026-07-09T07:02:35.830806,2,2,119.75,0.1,119.7,78,119.3,150,,,,,,,,,,,,,,,,,119.8,147,120.2,50,,,,,,,,,,,,,,,,
2026-07-09T07:02:35.942261+00:00,2026-07-09T07:02:35.942189,2,2,119.75,0.1,119.7,78,119.3,150,,,,,,,,,,,,,,,,,119.8,52,120.2,50,,,,,,,,,,,,,,,,
2026-07-09T07:02:36.204809+00:00,2026-07-09T07:02:36.204760,1,1,119.55,0.5,119.3,150,,,,,,,,,,,,,,,,,,,119.8,52,,,,,,,,,,,,,,,,,,
2026-07-09T07:02:36.262414+00:00,2026-07-09T07:02:36.262346,2,1,119.75,0.1,119.7,100,119.3,150,,,,,,,,,,,,,,,,,119.8,52,,,,,,,,,,,,,,,,,,
2026-07-09T07:02:36.316954+00:00,2026-07-09T07:02:36.316862,2,2,119.75,0.1,119.7,100,119.3,150,,,,,,,,,,,,,,,,,119.8,52,120.2,100,,,,,,,,,,,,,,,,
2026-07-09T07:02:37.477361+00:00,2026-07-09T07:02:37.477282,2,2,119.75,0.1,119.7,100,119.3,150,,,,,,,,,,,,,,,,,119.8,4,120.2,100,,,,,,,,,,,,,,,,
2026-07-09T07:02:37.533590+00:00,2026-07-09T07:02:37.533525,2,2,119.75,0.1,119.7,56,119.3,150,,,,,,,,,,,,,,,,,119.8,4,120.2,100,,,,,,,,,,,,,,,,
2026-07-09T07:02:38.116212+00:00,2026-07-09T07:02:38.116108,2,2,119.75,0.1,119.7,6,119.3,150,,,,,,,,,,,,,,,,,119.8,4,120.2,100,,,,,,,,,,,,,,,,
2026-07-09T07:02:38.121475+00:00,2026-07-09T07:02:38.121371,2,1,119.95,0.5,119.7,6,119.3,150,,,,,,,,,,,,,,,,,120.2,61,,,,,,,,,,,,,,,,,,
2026-07-09T07:02:38.179572+00:00,2026-07-09T07:02:38.179425,1,1,119.75,0.9,119.3,150,,,,,,,,,,,,,,,,,,,120.2,61,,,,,,,,,,,,,,,,,,
2026-07-09T07:02:38.881293+00:00,2026-07-09T07:02:38.881371,0,1,,,,,,,,,,,,,,,,,,,,,,,120.2,61,,,,,,,,,,,,,,,,,,
2026-07-09T07:02:38.933053+00:00,2026-07-09T07:02:38.933132,1,1,120.05,0.3,119.9,150,,,,,,,,,,,,,,,,,,,120.2,61,,,,,,,,,,,,,,,,,,
2026-07-09T07:02:38.989048+00:00,2026-07-09T07:02:38.988943,1,2,120.05,0.3,119.9,150,,,,,,,,,,,,,,,,,,,120.2,61,120.4,150,,,,,,,,,,,,,,,,
2026-07-09T07:02:39.371823+00:00,2026-07-09T07:02:39.371942,1,1,120.15,0.5,119.9,150,,,,,,,,,,,,,,,,,,,120.4,150,,,,,,,,,,,,,,,,,,
2026-07-09T07:02:39.405560+00:00,2026-07-09T07:02:39.397291,1,1,120.15,0.5,119.9,147,,,,,,,,,,,,,,,,,,,120.4,150,,,,,,,,,,,,,,,,,,
2026-07-09T07:02:39.428282+00:00,2026-07-09T07:02:39.428100,2,1,120.15,0.5,119.9,147,119.5,100,,,,,,,,,,,,,,,,,120.4,150,,,,,,,,,,,,,,,,,,
2026-07-09T07:02:39.494387+00:00,2026-07-09T07:02:39.494323,2,2,119.95,0.1,119.9,147,119.5,100,,,,,,,,,,,,,,,,,120.0,100,120.4,150,,,,,,,,,,,,,,,,
2026-07-09T07:02:40.221297+00:00,2026-07-09T07:02:40.221213,2,2,119.95,0.1,119.9,97,119.5,100,,,,,,,,,,,,,,,,,120.0,100,120.4,150,,,,,,,,,,,,,,,,
2026-07-09T07:02:40.770421+00:00,2026-07-09T07:02:40.770275,2,2,119.95,0.1,119.9,52,119.5,100,,,,,,,,,,,,,,,,,120.0,100,120.4,150,,,,,,,,,,,,,,,,
2026-07-09T07:02:41.765759+00:00,2026-07-09T07:02:41.765729,2,2,119.95,0.1,119.9,52,119.5,100,,,,,,,,,,,,,,,,,120.0,59,120.4,150,,,,,,,,,,,,,,,,
2026-07-09T07:02:42.044868+00:00,2026-07-09T07:02:42.044816,1,1,119.75,0.5,119.5,100,,,,,,,,,,,,,,,,,,,120.0,59,,,,,,,,,,,,,,,,,,
2026-07-09T07:02:42.100485+00:00,2026-07-09T07:02:42.100392,2,1,119.75,0.5,119.5,100,119.4,150,,,,,,,,,,,,,,,,,120.0,59,,,,,,,,,,,,,,,,,,
2026-07-09T07:02:42.153473+00:00,2026-07-09T07:02:42.153327,2,2,119.7,0.4,119.5,100,119.4,150,,,,,,,,,,,,,,,,,119.9,150,120.0,59,,,,,,,,,,,,,,,,
2026-07-09T07:02:42.363993+00:00,2026-07-09T07:02:42.363922,2,2,119.7,0.4,119.5,50,119.4,150,,,,,,,,,,,,,,,,,119.9,150,120.0,59,,,,,,,,,,,,,,,,
2026-07-09T07:02:42.546855+00:00,2026-07-09T07:02:42.546832,1,1,119.65,0.5,119.4,150,,,,,,,,,,,,,,,,,,,119.9,150,,,,,,,,,,,,,,,,,,
2026-07-09T07:02:42.604501+00:00,2026-07-09T07:02:42.604402,1,1,119.65,0.5,119.4,250,,,,,,,,,,,,,,,,,,,119.9,150,,,,,,,,,,,,,,,,,,
2026-07-09T07:02:42.663647+00:00,2026-07-09T07:02:42.663731,1,1,119.65,0.5,119.4,250,,,,,,,,,,,,,,,,,,,119.9,250,,,,,,,,,,,,,,,,,,
2026-07-09T07:02:44.310890+00:00,2026-07-09T07:02:44.310782,1,1,119.65,0.5,119.4,250,,,,,,,,,,,,,,,,,,,119.9,208,,,,,,,,,,,,,,,,,,
2026-07-09T07:02:44.471775+00:00,2026-07-09T07:02:44.471718,1,1,119.65,0.5,119.4,200,,,,,,,,,,,,,,,,,,,119.9,208,,,,,,,,,,,,,,,,,,
2026-07-09T07:02:44.899813+00:00,2026-07-09T07:02:44.899730,1,1,119.65,0.5,119.4,157,,,,,,,,,,,,,,,,,,,119.9,208,,,,,,,,,,,,,,,,,,
2026-07-09T07:02:45.207091+00:00,2026-07-09T07:02:45.207193,1,1,119.65,0.5,119.4,100,,,,,,,,,,,,,,,,,,,119.9,100,,,,,,,,,,,,,,,,,,
2026-07-09T07:02:45.260441+00:00,2026-07-09T07:02:45.260359,2,1,119.65,0.5,119.4,100,119.0,150,,,,,,,,,,,,,,,,,119.9,100,,,,,,,,,,,,,,,,,,
2026-07-09T07:02:45.342758+00:00,2026-07-09T07:02:45.335001,2,2,119.45,0.1,119.4,100,119.0,150,,,,,,,,,,,,,,,,,119.5,147,119.9,100,,,,,,,,,,,,,,,,
2026-07-09T07:02:45.710734+00:00,2026-07-09T07:02:45.710846,1,1,119.25,0.5,119.0,150,,,,,,,,,,,,,,,,,,,119.5,147,,,,,,,,,,,,,,,,,,
2026-07-09T07:02:45.765785+00:00,2026-07-09T07:02:45.765760,2,1,119.35,0.3,119.2,100,119.0,150,,,,,,,,,,,,,,,,,119.5,147,,,,,,,,,,,,,,,,,,
2026-07-09T07:02:45.819804+00:00,2026-07-09T07:02:45.819744,2,2,119.35,0.3,119.2,100,119.0,150,,,,,,,,,,,,,,,,,119.5,147,119.7,100,,,,,,,,,,,,,,,,
2026-07-09T07:02:46.020625+00:00,2026-07-09T07:02:46.012119,2,2,119.35,0.3,119.2,100,119.0,150,,,,,,,,,,,,,,,,,119.5,124,119.7,100,,,,,,,,,,,,,,,,
2026-07-09T07:02:48.380629+00:00,2026-07-09T07:02:48.380536,2,1,119.45,0.5,119.2,100,119.0,150,,,,,,,,,,,,,,,,,119.7,100,,,,,,,,,,,,,,,,,,
2026-07-09T07:02:48.385779+00:00,2026-07-09T07:02:48.385688,1,1,119.45,0.5,119.2,100,,,,,,,,,,,,,,,,,,,119.7,100,,,,,,,,,,,,,,,,,,
2026-07-09T07:02:48.445013+00:00,2026-07-09T07:02:48.444880,2,1,119.5,0.4,119.3,150,119.2,100,,,,,,,,,,,,,,,,,119.7,100,,,,,,,,,,,,,,,,,,
2026-07-09T07:02:48.498937+00:00,2026-07-09T07:02:48.498781,2,2,119.5,0.4,119.3,150,119.2,100,,,,,,,,,,,,,,,,,119.7,100,119.8,150,,,,,,,,,,,,,,,,
2026-07-09T07:02:48.663835+00:00,2026-07-09T07:02:48.663801,2,2,119.5,0.4,119.3,150,119.2,100,,,,,,,,,,,,,,,,,119.7,50,119.8,150,,,,,,,,,,,,,,,,
2026-07-09T07:02:48.873021+00:00,2026-07-09T07:02:48.872951,1,1,119.55,0.5,119.3,150,,,,,,,,,,,,,,,,,,,119.8,150,,,,,,,,,,,,,,,,,,
2026-07-09T07:02:48.931386+00:00,2026-07-09T07:02:48.931225,2,1,119.6,0.4,119.4,100,119.3,150,,,,,,,,,,,,,,,,,119.8,150,,,,,,,,,,,,,,,,,,
2026-07-09T07:02:48.979397+00:00,2026-07-09T07:02:48.979533,2,2,119.6,0.4,119.4,100,119.3,150,,,,,,,,,,,,,,,,,119.8,150,119.9,100,,,,,,,,,,,,,,,,
2026-07-09T07:02:49.358575+00:00,2026-07-09T07:02:49.355288,2,2,119.6,0.4,119.4,100,119.3,150,,,,,,,,,,,,,,,,,119.8,103,119.9,100,,,,,,,,,,,,,,,,
2026-07-09T07:02:49.958679+00:00,2026-07-09T07:02:49.952864,2,2,119.6,0.4,119.4,60,119.3,150,,,,,,,,,,,,,,,,,119.8,103,119.9,100,,,,,,,,,,,,,,,,
2026-07-09T07:02:50.780011+00:00,2026-07-09T07:02:50.779875,2,2,119.6,0.4,119.4,60,119.3,150,,,,,,,,,,,,,,,,,119.8,53,119.9,100,,,,,,,,,,,,,,,,
2026-07-09T07:02:51.130192+00:00,2026-07-09T07:02:51.130030,2,2,119.6,0.4,119.4,18,119.3,150,,,,,,,,,,,,,,,,,119.8,53,119.9,100,,,,,,,,,,,,,,,,
2026-07-09T07:02:51.553969+00:00,2026-07-09T07:02:51.553864,1,1,119.65,0.5,119.4,18,,,,,,,,,,,,,,,,,,,119.9,100,,,,,,,,,,,,,,,,,,
2026-07-09T07:02:51.603750+00:00,2026-07-09T07:02:51.603645,2,1,119.7,0.4,119.5,150,119.4,18,,,,,,,,,,,,,,,,,119.9,100,,,,,,,,,,,,,,,,,,
2026-07-09T07:02:51.663803+00:00,2026-07-09T07:02:51.663742,2,2,119.7,0.4,119.5,150,119.4,18,,,,,,,,,,,,,,,,,119.9,100,120.0,150,,,,,,,,,,,,,,,,
2026-07-09T07:02:51.913225+00:00,2026-07-09T07:02:51.905950,2,2,119.7,0.4,119.5,138,119.4,18,,,,,,,,,,,,,,,,,119.9,100,120.0,150,,,,,,,,,,,,,,,,
2026-07-09T07:02:52.035712+00:00,2026-07-09T07:02:52.035638,1,1,119.75,0.5,119.5,138,,,,,,,,,,,,,,,,,,,120.0,150,,,,,,,,,,,,,,,,,,
2026-07-09T07:02:52.088665+00:00,2026-07-09T07:02:52.088594,2,1,119.75,0.5,119.5,138,119.0,100,,,,,,,,,,,,,,,,,120.0,150,,,,,,,,,,,,,,,,,,
2026-07-09T07:02:52.145413+00:00,2026-07-09T07:02:52.145315,2,1,119.75,0.5,119.5,38,119.0,100,,,,,,,,,,,,,,,,,120.0,150,,,,,,,,,,,,,,,,,,
2026-07-09T07:02:52.515589+00:00,2026-07-09T07:02:52.515549,2,1,119.75,0.5,119.5,38,119.0,100,,,,,,,,,,,,,,,,,120.0,102,,,,,,,,,,,,,,,,,,
2026-07-09T07:02:52.650758+00:00,2026-07-09T07:02:52.643301,2,1,119.75,0.5,119.5,27,119.0,100,,,,,,,,,,,,,,,,,120.0,102,,,,,,,,,,,,,,,,,,
2026-07-09T07:02:53.658849+00:00,2026-07-09T07:02:53.658796,1,1,119.5,1.0,119.0,83,,,,,,,,,,,,,,,,,,,120.0,102,,,,,,,,,,,,,,,,,,
2026-07-09T07:02:54.714806+00:00,2026-07-09T07:02:54.714768,1,0,,,119.0,83,,,,,,,,,,,,,,,,,,,,,,,,,,,,,,,,,,,,,,
2026-07-09T07:02:54.763831+00:00,2026-07-09T07:02:54.763783,1,0,,,119.0,233,,,,,,,,,,,,,,,,,,,,,,,,,,,,,,,,,,,,,,
2026-07-09T07:02:54.821391+00:00,2026-07-09T07:02:54.821302,1,1,119.25,0.5,119.0,233,,,,,,,,,,,,,,,,,,,119.5,150,,,,,,,,,,,,,,,,,,
2026-07-09T07:02:55.045364+00:00,2026-07-09T07:02:55.045523,1,1,119.25,0.5,119.0,183,,,,,,,,,,,,,,,,,,,119.5,150,,,,,,,,,,,,,,,,,,
2026-07-09T07:02:55.201364+00:00,2026-07-09T07:02:55.201301,1,1,119.25,0.5,119.0,150,,,,,,,,,,,,,,,,,,,119.5,150,,,,,,,,,,,,,,,,,,
2026-07-09T07:02:55.258616+00:00,2026-07-09T07:02:55.255650,1,1,119.25,0.5,119.0,250,,,,,,,,,,,,,,,,,,,119.5,150,,,,,,,,,,,,,,,,,,
2026-07-09T07:02:55.307014+00:00,2026-07-09T07:02:55.307122,1,1,119.25,0.5,119.0,250,,,,,,,,,,,,,,,,,,,119.5,250,,,,,,,,,,,,,,,,,,
2026-07-09T07:02:57.149621+00:00,2026-07-09T07:02:57.149489,1,1,119.25,0.5,119.0,200,,,,,,,,,,,,,,,,,,,119.5,250,,,,,,,,,,,,,,,,,,
2026-07-09T07:02:57.877010+00:00,2026-07-09T07:02:57.876408,1,1,119.25,0.5,119.0,100,,,,,,,,,,,,,,,,,,,119.5,100,,,,,,,,,,,,,,,,,,
2026-07-09T07:02:57.934475+00:00,2026-07-09T07:02:57.934343,2,1,119.25,0.5,119.0,100,118.6,150,,,,,,,,,,,,,,,,,119.5,100,,,,,,,,,,,,,,,,,,
2026-07-09T07:02:57.985976+00:00,2026-07-09T07:02:57.986064,2,2,119.05,0.1,119.0,100,118.6,150,,,,,,,,,,,,,,,,,119.1,150,119.5,100,,,,,,,,,,,,,,,,
2026-07-09T07:02:57.997958+00:00,2026-07-09T07:02:57.990505,2,2,119.05,0.1,119.0,100,118.6,150,,,,,,,,,,,,,,,,,119.1,127,119.5,100,,,,,,,,,,,,,,,,
2026-07-09T07:02:58.258653+00:00,2026-07-09T07:02:58.257185,2,2,119.05,0.1,119.0,100,118.6,150,,,,,,,,,,,,,,,,,119.1,82,119.5,100,,,,,,,,,,,,,,,,
2026-07-09T07:02:58.358544+00:00,2026-07-09T07:02:58.356970,2,1,119.05,0.1,119.0,100,118.6,150,,,,,,,,,,,,,,,,,119.1,82,,,,,,,,,,,,,,,,,,
2026-07-09T07:02:58.371194+00:00,2026-07-09T07:02:58.359303,1,1,118.85,0.5,118.6,150,,,,,,,,,,,,,,,,,,,119.1,82,,,,,,,,,,,,,,,,,,
2026-07-09T07:02:58.419723+00:00,2026-07-09T07:02:58.419646,2,1,119.0,0.2,118.9,100,118.6,150,,,,,,,,,,,,,,,,,119.1,82,,,,,,,,,,,,,,,,,,
2026-07-09T07:02:58.477797+00:00,2026-07-09T07:02:58.477642,2,2,119.0,0.2,118.9,100,118.6,150,,,,,,,,,,,,,,,,,119.1,82,119.4,100,,,,,,,,,,,,,,,,
2026-07-09T07:02:59.279607+00:00,2026-07-09T07:02:59.279537,2,2,119.0,0.2,118.9,50,118.6,150,,,,,,,,,,,,,,,,,119.1,35,119.4,100,,,,,,,,,,,,,,,,
2026-07-09T07:02:59.796522+00:00,2026-07-09T07:02:59.796485,2,2,119.0,0.2,118.9,7,118.6,150,,,,,,,,,,,,,,,,,119.1,35,119.4,100,,,,,,,,,,,,,,,,
2026-07-09T07:03:01.042110+00:00,2026-07-09T07:03:01.042015,1,1,119.15,0.5,118.9,7,,,,,,,,,,,,,,,,,,,119.4,100,,,,,,,,,,,,,,,,,,
2026-07-09T07:03:01.094322+00:00,2026-07-09T07:03:01.094279,2,1,119.3,0.2,119.2,150,118.9,7,,,,,,,,,,,,,,,,,119.4,100,,,,,,,,,,,,,,,,,,
2026-07-09T07:03:01.146400+00:00,2026-07-09T07:03:01.146313,2,2,119.3,0.2,119.2,150,118.9,7,,,,,,,,,,,,,,,,,119.4,100,119.7,150,,,,,,,,,,,,,,,,
2026-07-09T07:03:01.385918+00:00,2026-07-09T07:03:01.385869,2,2,119.3,0.2,119.2,100,118.9,7,,,,,,,,,,,,,,,,,119.4,100,119.7,150,,,,,,,,,,,,,,,,
2026-07-09T07:03:01.532536+00:00,2026-07-09T07:03:01.532432,1,1,119.45,0.5,119.2,100,,,,,,,,,,,,,,,,,,,119.7,150,,,,,,,,,,,,,,,,,,
2026-07-09T07:03:01.584654+00:00,2026-07-09T07:03:01.584629,2,1,119.45,0.5,119.2,100,118.7,100,,,,,,,,,,,,,,,,,119.7,150,,,,,,,,,,,,,,,,,,
2026-07-09T07:03:01.640696+00:00,2026-07-09T07:03:01.640630,1,1,119.2,1.0,118.7,100,,,,,,,,,,,,,,,,,,,119.7,150,,,,,,,,,,,,,,,,,,
2026-07-09T07:03:02.925771+00:00,2026-07-09T07:03:02.925742,1,1,119.2,1.0,118.7,57,,,,,,,,,,,,,,,,,,,119.7,150,,,,,,,,,,,,,,,,,,
2026-07-09T07:03:03.445185+00:00,2026-07-09T07:03:03.445070,1,1,119.2,1.0,118.7,57,,,,,,,,,,,,,,,,,,,119.7,100,,,,,,,,,,,,,,,,,,
2026-07-09T07:03:03.976940+00:00,2026-07-09T07:03:03.976904,1,1,119.2,1.0,118.7,57,,,,,,,,,,,,,,,,,,,119.7,56,,,,,,,,,,,,,,,,,,
2026-07-09T07:03:04.204287+00:00,2026-07-09T07:03:04.204238,1,0,,,118.7,57,,,,,,,,,,,,,,,,,,,,,,,,,,,,,,,,,,,,,,
2026-07-09T07:03:04.264045+00:00,2026-07-09T07:03:04.263927,2,0,,,119.0,150,118.7,57,,,,,,,,,,,,,,,,,,,,,,,,,,,,,,,,,,,,
2026-07-09T07:03:04.319853+00:00,2026-07-09T07:03:04.319650,2,1,119.25,0.5,119.0,150,118.7,57,,,,,,,,,,,,,,,,,119.5,150,,,,,,,,,,,,,,,,,,
2026-07-09T07:03:04.727916+00:00,2026-07-09T07:03:04.727777,1,1,119.25,0.5,119.0,150,,,,,,,,,,,,,,,,,,,119.5,150,,,,,,,,,,,,,,,,,,
2026-07-09T07:03:04.784230+00:00,2026-07-09T07:03:04.784411,2,1,119.25,0.5,119.0,150,118.7,100,,,,,,,,,,,,,,,,,119.5,150,,,,,,,,,,,,,,,,,,
2026-07-09T07:03:04.837918+00:00,2026-07-09T07:03:04.837872,2,2,119.1,0.2,119.0,150,118.7,100,,,,,,,,,,,,,,,,,119.2,100,119.5,150,,,,,,,,,,,,,,,,
2026-07-09T07:03:05.716633+00:00,2026-07-09T07:03:05.716429,2,2,119.1,0.2,119.0,150,118.7,100,,,,,,,,,,,,,,,,,119.2,53,119.5,150,,,,,,,,,,,,,,,,
2026-07-09T07:03:06.701891+00:00,2026-07-09T07:03:06.701767,2,2,119.1,0.2,119.0,104,118.7,100,,,,,,,,,,,,,,,,,119.2,53,119.5,150,,,,,,,,,,,,,,,,
2026-07-09T07:03:07.371994+00:00,2026-07-09T07:03:07.371849,1,1,118.95,0.5,118.7,100,,,,,,,,,,,,,,,,,,,119.2,53,,,,,,,,,,,,,,,,,,
2026-07-09T07:03:07.429208+00:00,2026-07-09T07:03:07.429169,2,1,118.95,0.5,118.7,100,118.5,150,,,,,,,,,,,,,,,,,119.2,53,,,,,,,,,,,,,,,,,,
2026-07-09T07:03:07.479769+00:00,2026-07-09T07:03:07.479874,2,2,118.85,0.3,118.7,100,118.5,150,,,,,,,,,,,,,,,,,119.0,150,119.2,53,,,,,,,,,,,,,,,,
2026-07-09T07:03:07.895973+00:00,2026-07-09T07:03:07.895920,1,1,118.75,0.5,118.5,150,,,,,,,,,,,,,,,,,,,119.0,150,,,,,,,,,,,,,,,,,,
2026-07-09T07:03:07.953120+00:00,2026-07-09T07:03:07.953006,2,1,118.85,0.3,118.7,100,118.5,150,,,,,,,,,,,,,,,,,119.0,150,,,,,,,,,,,,,,,,,,
2026-07-09T07:03:08.007203+00:00,2026-07-09T07:03:08.007132,2,2,118.85,0.3,118.7,100,118.5,150,,,,,,,,,,,,,,,,,119.0,150,119.2,100,,,,,,,,,,,,,,,,
2026-07-09T07:03:10.369346+00:00,2026-07-09T07:03:10.369272,2,2,118.85,0.3,118.7,100,118.5,150,,,,,,,,,,,,,,,,,119.0,104,119.2,100,,,,,,,,,,,,,,,,
2026-07-09T07:03:10.537034+00:00,2026-07-09T07:03:10.537135,1,1,118.95,0.5,118.7,100,,,,,,,,,,,,,,,,,,,119.2,100,,,,,,,,,,,,,,,,,,
2026-07-09T07:03:10.592535+00:00,2026-07-09T07:03:10.592431,2,1,119.0,0.4,118.8,150,118.7,100,,,,,,,,,,,,,,,,,119.2,100,,,,,,,,,,,,,,,,,,
2026-07-09T07:03:10.646640+00:00,2026-07-09T07:03:10.646558,2,2,119.0,0.4,118.8,150,118.7,100,,,,,,,,,,,,,,,,,119.2,100,119.3,150,,,,,,,,,,,,,,,,
2026-07-09T07:03:10.957132+00:00,2026-07-09T07:03:10.957061,2,2,119.0,0.4,118.8,102,118.7,100,,,,,,,,,,,,,,,,,119.2,100,119.3,150,,,,,,,,,,,,,,,,
2026-07-09T07:03:11.058699+00:00,2026-07-09T07:03:11.058583,1,1,119.05,0.5,118.8,102,,,,,,,,,,,,,,,,,,,119.3,150,,,,,,,,,,,,,,,,,,
2026-07-09T07:03:11.119185+00:00,2026-07-09T07:03:11.119094,2,1,119.1,0.4,118.9,100,118.8,102,,,,,,,,,,,,,,,,,119.3,150,,,,,,,,,,,,,,,,,,
2026-07-09T07:03:11.174180+00:00,2026-07-09T07:03:11.174137,2,2,119.1,0.4,118.9,100,118.8,102,,,,,,,,,,,,,,,,,119.3,150,119.4,100,,,,,,,,,,,,,,,,
2026-07-09T07:03:11.471499+00:00,2026-07-09T07:03:11.471587,2,2,119.1,0.4,118.9,53,118.8,102,,,,,,,,,,,,,,,,,119.3,150,119.4,100,,,,,,,,,,,,,,,,
2026-07-09T07:03:11.864166+00:00,2026-07-09T07:03:11.864109,2,2,119.1,0.4,118.9,53,118.8,102,,,,,,,,,,,,,,,,,119.3,100,119.4,100,,,,,,,,,,,,,,,,
2026-07-09T07:03:13.706311+00:00,2026-07-09T07:03:13.706258,2,1,119.15,0.5,118.9,53,118.8,102,,,,,,,,,,,,,,,,,119.4,100,,,,,,,,,,,,,,,,,,
2026-07-09T07:03:13.711488+00:00,2026-07-09T07:03:13.711391,1,1,119.15,0.5,118.9,53,,,,,,,,,,,,,,,,,,,119.4,100,,,,,,,,,,,,,,,,,,
2026-07-09T07:03:13.795929+00:00,2026-07-09T07:03:13.796060,2,1,119.3,0.2,119.2,150,118.9,53,,,,,,,,,,,,,,,,,119.4,100,,,,,,,,,,,,,,,,,,
2026-07-09T07:03:13.854257+00:00,2026-07-09T07:03:13.854149,2,2,119.3,0.2,119.2,150,118.9,53,,,,,,,,,,,,,,,,,119.4,100,119.7,150,,,,,,,,,,,,,,,,
2026-07-09T07:03:14.024231+00:00,2026-07-09T07:03:14.024161,2,2,119.3,0.2,119.2,100,118.9,53,,,,,,,,,,,,,,,,,119.4,100,119.7,150,,,,,,,,,,,,,,,,
2026-07-09T07:03:14.228268+00:00,2026-07-09T07:03:14.228399,1,1,119.45,0.5,119.2,100,,,,,,,,,,,,,,,,,,,119.7,150,,,,,,,,,,,,,,,,,,
2026-07-09T07:03:14.285733+00:00,2026-07-09T07:03:14.285701,2,1,119.45,0.5,119.2,100,119.0,100,,,,,,,,,,,,,,,,,119.7,150,,,,,,,,,,,,,,,,,,
2026-07-09T07:03:14.338985+00:00,2026-07-09T07:03:14.338906,2,2,119.35,0.3,119.2,100,119.0,100,,,,,,,,,,,,,,,,,119.5,100,119.7,150,,,,,,,,,,,,,,,,
2026-07-09T07:03:16.133466+00:00,2026-07-09T07:03:16.133345,2,2,119.35,0.3,119.2,50,119.0,100,,,,,,,,,,,,,,,,,119.5,100,119.7,150,,,,,,,,,,,,,,,,
2026-07-09T07:03:16.909957+00:00,2026-07-09T07:03:16.909835,1,1,119.25,0.5,119.0,100,,,,,,,,,,,,,,,,,,,119.5,100,,,,,,,,,,,,,,,,,,
2026-07-09T07:03:16.965802+00:00,2026-07-09T07:03:16.965755,2,1,119.25,0.5,119.0,100,118.6,150,,,,,,,,,,,,,,,,,119.5,100,,,,,,,,,,,,,,,,,,
2026-07-09T07:03:17.014888+00:00,2026-07-09T07:03:17.014868,2,2,119.05,0.1,119.0,100,118.6,150,,,,,,,,,,,,,,,,,119.1,150,119.5,100,,,,,,,,,,,,,,,,
2026-07-09T07:03:17.027416+00:00,2026-07-09T07:03:17.020043,2,2,119.05,0.1,119.0,100,118.6,150,,,,,,,,,,,,,,,,,119.1,139,119.5,100,,,,,,,,,,,,,,,,
2026-07-09T07:03:17.391226+00:00,2026-07-09T07:03:17.391156,1,1,118.85,0.5,118.6,150,,,,,,,,,,,,,,,,,,,119.1,139,,,,,,,,,,,,,,,,,,
2026-07-09T07:03:17.458622+00:00,2026-07-09T07:03:17.457504,2,1,119.05,0.1,119.0,100,118.6,150,,,,,,,,,,,,,,,,,119.1,91,,,,,,,,,,,,,,,,,,
2026-07-09T07:03:17.510712+00:00,2026-07-09T07:03:17.510633,2,2,119.05,0.1,119.0,100,118.6,150,,,,,,,,,,,,,,,,,119.1,91,119.5,100,,,,,,,,,,,,,,,,
2026-07-09T07:03:18.034031+00:00,2026-07-09T07:03:18.033941,2,2,119.05,0.1,119.0,100,118.6,150,,,,,,,,,,,,,,,,,119.1,46,119.5,100,,,,,,,,,,,,,,,,
2026-07-09T07:03:18.240063+00:00,2026-07-09T07:03:18.240217,2,2,119.05,0.1,119.0,50,118.6,150,,,,,,,,,,,,,,,,,119.1,46,119.5,100,,,,,,,,,,,,,,,,
2026-07-09T07:03:18.575730+00:00,2026-07-09T07:03:18.568629,2,2,119.05,0.1,119.0,50,118.6,150,,,,,,,,,,,,,,,,,119.1,34,119.5,100,,,,,,,,,,,,,,,,
2026-07-09T07:03:19.044009+00:00,2026-07-09T07:03:19.043876,2,2,119.05,0.1,119.0,5,118.6,150,,,,,,,,,,,,,,,,,119.1,34,119.5,100,,,,,,,,,,,,,,,,
2026-07-09T07:03:20.073824+00:00,2026-07-09T07:03:20.073748,1,1,119.25,0.5,119.0,5,,,,,,,,,,,,,,,,,,,119.5,100,,,,,,,,,,,,,,,,,,
2026-07-09T07:03:20.128486+00:00,2026-07-09T07:03:20.128382,2,1,119.35,0.3,119.2,150,119.0,5,,,,,,,,,,,,,,,,,119.5,100,,,,,,,,,,,,,,,,,,
2026-07-09T07:03:20.180705+00:00,2026-07-09T07:03:20.180784,2,2,119.35,0.3,119.2,150,119.0,5,,,,,,,,,,,,,,,,,119.5,100,119.7,150,,,,,,,,,,,,,,,,
2026-07-09T07:03:20.298468+00:00,2026-07-09T07:03:20.298392,2,2,119.35,0.3,119.2,150,119.0,5,,,,,,,,,,,,,,,,,119.5,50,119.7,150,,,,,,,,,,,,,,,,
2026-07-09T07:03:20.564560+00:00,2026-07-09T07:03:20.564483,1,1,119.45,0.5,119.2,150,,,,,,,,,,,,,,,,,,,119.7,150,,,,,,,,,,,,,,,,,,
2026-07-09T07:03:20.618709+00:00,2026-07-09T07:03:20.618609,2,1,119.45,0.5,119.2,150,118.9,100,,,,,,,,,,,,,,,,,119.7,150,,,,,,,,,,,,,,,,,,
2026-07-09T07:03:20.674953+00:00,2026-07-09T07:03:20.674815,2,2,119.3,0.2,119.2,150,118.9,100,,,,,,,,,,,,,,,,,119.4,100,119.7,150,,,,,,,,,,,,,,,,
2026-07-09T07:03:21.586876+00:00,2026-07-09T07:03:21.579100,2,2,119.3,0.2,119.2,138,118.9,100,,,,,,,,,,,,,,,,,119.4,100,119.7,150,,,,,,,,,,,,,,,,
2026-07-09T07:03:22.403230+00:00,2026-07-09T07:03:22.403168,2,2,119.3,0.2,119.2,138,118.9,100,,,,,,,,,,,,,,,,,119.4,50,119.7,150,,,,,,,,,,,,,,,,
2026-07-09T07:03:23.235505+00:00,2026-07-09T07:03:23.235392,1,1,119.15,0.5,118.9,100,,,,,,,,,,,,,,,,,,,119.4,50,,,,,,,,,,,,,,,,,,
2026-07-09T07:03:23.291034+00:00,2026-07-09T07:03:23.290950,2,1,119.2,0.4,119.0,150,118.9,100,,,,,,,,,,,,,,,,,119.4,50,,,,,,,,,,,,,,,,,,
2026-07-09T07:03:23.341083+00:00,2026-07-09T07:03:23.340962,2,2,119.2,0.4,119.0,150,118.9,100,,,,,,,,,,,,,,,,,119.4,50,119.5,150,,,,,,,,,,,,,,,,
2026-07-09T07:03:23.729830+00:00,2026-07-09T07:03:23.729747,1,1,119.25,0.5,119.0,150,,,,,,,,,,,,,,,,,,,119.5,150,,,,,,,,,,,,,,,,,,
2026-07-09T07:03:23.781892+00:00,2026-07-09T07:03:23.781964,2,1,119.25,0.5,119.0,150,118.9,100,,,,,,,,,,,,,,,,,119.5,150,,,,,,,,,,,,,,,,,,
2026-07-09T07:03:23.838018+00:00,2026-07-09T07:03:23.837913,2,2,119.2,0.4,119.0,150,118.9,100,,,,,,,,,,,,,,,,,119.4,100,119.5,150,,,,,,,,,,,,,,,,
2026-07-09T07:03:24.564831+00:00,2026-07-09T07:03:24.565021,2,2,119.2,0.4,119.0,100,118.9,100,,,,,,,,,,,,,,,,,119.4,100,119.5,150,,,,,,,,,,,,,,,,
2026-07-09T07:03:24.735855+00:00,2026-07-09T07:03:24.735762,2,2,119.2,0.4,119.0,100,118.9,100,,,,,,,,,,,,,,,,,119.4,59,119.5,150,,,,,,,,,,,,,,,,
2026-07-09T07:03:26.358536+00:00,2026-07-09T07:03:26.348468,2,2,119.2,0.4,119.0,51,118.9,100,,,,,,,,,,,,,,,,,119.4,59,119.5,150,,,,,,,,,,,,,,,,
2026-07-09T07:03:26.397405+00:00,2026-07-09T07:03:26.397543,1,1,119.15,0.5,118.9,100,,,,,,,,,,,,,,,,,,,119.4,59,,,,,,,,,,,,,,,,,,
2026-07-09T07:03:26.452251+00:00,2026-07-09T07:03:26.452380,2,1,119.15,0.5,118.9,100,118.7,150,,,,,,,,,,,,,,,,,119.4,59,,,,,,,,,,,,,,,,,,
2026-07-09T07:03:26.507127+00:00,2026-07-09T07:03:26.507050,2,2,119.05,0.3,118.9,100,118.7,150,,,,,,,,,,,,,,,,,119.2,150,119.4,59,,,,,,,,,,,,,,,,
2026-07-09T07:03:26.891252+00:00,2026-07-09T07:03:26.891186,1,1,118.95,0.5,118.7,150,,,,,,,,,,,,,,,,,,,119.2,150,,,,,,,,,,,,,,,,,,
2026-07-09T07:03:26.944165+00:00,2026-07-09T07:03:26.944107,1,1,118.95,0.5,118.7,150,,,,,,,,,,,,,,,,,,,119.2,50,,,,,,,,,,,,,,,,,,
2026-07-09T07:03:27.000052+00:00,2026-07-09T07:03:26.999996,1,2,118.95,0.5,118.7,150,,,,,,,,,,,,,,,,,,,119.2,50,119.7,100,,,,,,,,,,,,,,,,
2026-07-09T07:03:27.052467+00:00,2026-07-09T07:03:27.045084,1,2,118.95,0.5,118.7,150,,,,,,,,,,,,,,,,,,,119.2,38,119.7,100,,,,,,,,,,,,,,,,
2026-07-09T07:03:28.735688+00:00,2026-07-09T07:03:28.735793,1,1,119.2,1.0,118.7,150,,,,,,,,,,,,,,,,,,,119.7,88,,,,,,,,,,,,,,,,,,
2026-07-09T07:03:29.559862+00:00,2026-07-09T07:03:29.559824,0,1,,,,,,,,,,,,,,,,,,,,,,,119.7,88,,,,,,,,,,,,,,,,,,
2026-07-09T07:03:29.625036+00:00,2026-07-09T07:03:29.617817,1,1,119.5,0.4,119.3,138,,,,,,,,,,,,,,,,,,,119.7,88,,,,,,,,,,,,,,,,,,
2026-07-09T07:03:29.669506+00:00,2026-07-09T07:03:29.669301,1,2,119.5,0.4,119.3,138,,,,,,,,,,,,,,,,,,,119.7,88,119.8,150,,,,,,,,,,,,,,,,
2026-07-09T07:03:30.049537+00:00,2026-07-09T07:03:30.049439,1,1,119.55,0.5,119.3,138,,,,,,,,,,,,,,,,,,,119.8,150,,,,,,,,,,,,,,,,,,
2026-07-09T07:03:30.103495+00:00,2026-07-09T07:03:30.103380,2,1,119.55,0.5,119.3,138,118.9,100,,,,,,,,,,,,,,,,,119.8,150,,,,,,,,,,,,,,,,,,
2026-07-09T07:03:30.158561+00:00,2026-07-09T07:03:30.151317,2,2,119.35,0.1,119.3,138,118.9,100,,,,,,,,,,,,,,,,,119.4,100,119.8,150,,,,,,,,,,,,,,,,
2026-07-09T07:03:30.844239+00:00,2026-07-09T07:03:30.844209,2,2,119.35,0.1,119.3,138,118.9,100,,,,,,,,,,,,,,,,,119.4,50,119.8,150,,,,,,,,,,,,,,,,
2026-07-09T07:03:31.694080+00:00,2026-07-09T07:03:31.694054,2,2,119.35,0.1,119.3,97,118.9,100,,,,,,,,,,,,,,,,,119.4,50,119.8,150,,,,,,,,,,,,,,,,
2026-07-09T07:03:32.309724+00:00,2026-07-09T07:03:32.309657,2,2,119.35,0.1,119.3,97,118.9,100,,,,,,,,,,,,,,,,,119.4,5,119.8,150,,,,,,,,,,,,,,,,
2026-07-09T07:03:32.725919+00:00,2026-07-09T07:03:32.725837,1,1,119.15,0.5,118.9,100,,,,,,,,,,,,,,,,,,,119.4,5,,,,,,,,,,,,,,,,,,
2026-07-09T07:03:32.776988+00:00,2026-07-09T07:03:32.776906,2,1,119.35,0.1,119.3,150,118.9,100,,,,,,,,,,,,,,,,,119.4,5,,,,,,,,,,,,,,,,,,
2026-07-09T07:03:32.789668+00:00,2026-07-09T07:03:32.789634,2,0,,,119.3,150,118.9,100,,,,,,,,,,,,,,,,,,,,,,,,,,,,,,,,,,,,
2026-07-09T07:03:32.840781+00:00,2026-07-09T07:03:32.840675,2,1,119.55,0.5,119.3,150,118.9,100,,,,,,,,,,,,,,,,,119.8,150,,,,,,,,,,,,,,,,,,
2026-07-09T07:03:32.955360+00:00,2026-07-09T07:03:32.955443,2,1,119.55,0.5,119.3,150,118.9,100,,,,,,,,,,,,,,,,,119.8,100,,,,,,,,,,,,,,,,,,
2026-07-09T07:03:33.214862+00:00,2026-07-09T07:03:33.214774,1,1,119.55,0.5,119.3,150,,,,,,,,,,,,,,,,,,,119.8,100,,,,,,,,,,,,,,,,,,
2026-07-09T07:03:33.268634+00:00,2026-07-09T07:03:33.268462,2,1,119.6,0.4,119.4,100,119.3,150,,,,,,,,,,,,,,,,,119.8,100,,,,,,,,,,,,,,,,,,
2026-07-09T07:03:33.320178+00:00,2026-07-09T07:03:33.320127,2,2,119.6,0.4,119.4,100,119.3,150,,,,,,,,,,,,,,,,,119.8,100,119.9,100,,,,,,,,,,,,,,,,
2026-07-09T07:03:33.421568+00:00,2026-07-09T07:03:33.414207,2,2,119.6,0.4,119.4,89,119.3,150,,,,,,,,,,,,,,,,,119.8,100,119.9,100,,,,,,,,,,,,,,,,
2026-07-09T07:03:33.995549+00:00,2026-07-09T07:03:33.995416,2,2,119.6,0.4,119.4,48,119.3,150,,,,,,,,,,,,,,,,,119.8,100,119.9,100,,,,,,,,,,,,,,,,
2026-07-09T07:03:35.058614+00:00,2026-07-09T07:03:35.057840,2,2,119.6,0.4,119.4,48,119.3,150,,,,,,,,,,,,,,,,,119.8,50,119.9,100,,,,,,,,,,,,,,,,
2026-07-09T07:03:35.894507+00:00,2026-07-09T07:03:35.894452,1,1,119.65,0.5,119.4,48,,,,,,,,,,,,,,,,,,,119.9,100,,,,,,,,,,,,,,,,,,
2026-07-09T07:03:35.959345+00:00,2026-07-09T07:03:35.951119,2,1,119.75,0.3,119.6,138,119.4,48,,,,,,,,,,,,,,,,,119.9,100,,,,,,,,,,,,,,,,,,
2026-07-09T07:03:36.000010+00:00,2026-07-09T07:03:36.000116,2,2,119.75,0.3,119.6,138,119.4,48,,,,,,,,,,,,,,,,,119.9,100,120.1,150,,,,,,,,,,,,,,,,
2026-07-09T07:03:36.378035+00:00,2026-07-09T07:03:36.378140,1,1,119.85,0.5,119.6,138,,,,,,,,,,,,,,,,,,,120.1,150,,,,,,,,,,,,,,,,,,
2026-07-09T07:03:36.432974+00:00,2026-07-09T07:03:36.432887,2,1,119.85,0.5,119.6,138,119.1,100,,,,,,,,,,,,,,,,,120.1,150,,,,,,,,,,,,,,,,,,
2026-07-09T07:03:36.483333+00:00,2026-07-09T07:03:36.483217,2,1,119.85,0.5,119.6,38,119.1,100,,,,,,,,,,,,,,,,,120.1,150,,,,,,,,,,,,,,,,,,
2026-07-09T07:03:36.748754+00:00,2026-07-09T07:03:36.741285,2,1,119.85,0.5,119.6,27,119.1,100,,,,,,,,,,,,,,,,,120.1,150,,,,,,,,,,,,,,,,,,
2026-07-09T07:03:37.222741+00:00,2026-07-09T07:03:37.222682,1,1,119.6,1.0,119.1,100,,,,,,,,,,,,,,,,,,,120.1,150,,,,,,,,,,,,,,,,,,
2026-07-09T07:03:39.057843+00:00,2026-07-09T07:03:39.057746,1,0,,,119.1,100,,,,,,,,,,,,,,,,,,,,,,,,,,,,,,,,,,,,,,
2026-07-09T07:03:39.110482+00:00,2026-07-09T07:03:39.110377,2,0,,,119.1,100,118.9,150,,,,,,,,,,,,,,,,,,,,,,,,,,,,,,,,,,,,
2026-07-09T07:03:39.220397+00:00,2026-07-09T07:03:39.170623,2,1,119.25,0.3,119.1,100,118.9,150,,,,,,,,,,,,,,,,,119.4,139,,,,,,,,,,,,,,,,,,
2026-07-09T07:03:39.278047+00:00,2026-07-09T07:03:39.277954,2,1,119.25,0.3,119.1,100,118.9,150,,,,,,,,,,,,,,,,,119.4,89,,,,,,,,,,,,,,,,,,
2026-07-09T07:03:39.539694+00:00,2026-07-09T07:03:39.539627,1,1,119.15,0.5,118.9,150,,,,,,,,,,,,,,,,,,,119.4,89,,,,,,,,,,,,,,,,,,
2026-07-09T07:03:39.589930+00:00,2026-07-09T07:03:39.589850,2,1,119.35,0.1,119.3,100,118.9,150,,,,,,,,,,,,,,,,,119.4,89,,,,,,,,,,,,,,,,,,
2026-07-09T07:03:39.641959+00:00,2026-07-09T07:03:39.642076,2,2,119.35,0.1,119.3,100,118.9,150,,,,,,,,,,,,,,,,,119.4,89,119.8,100,,,,,,,,,,,,,,,,
2026-07-09T07:03:39.758604+00:00,2026-07-09T07:03:39.752327,2,2,119.35,0.1,119.3,100,118.9,150,,,,,,,,,,,,,,,,,119.4,46,119.8,100,,,,,,,,,,,,,,,,
2026-07-09T07:03:40.715571+00:00,2026-07-09T07:03:40.715519,2,2,119.35,0.1,119.3,100,118.9,150,,,,,,,,,,,,,,,,,119.4,3,119.8,100,,,,,,,,,,,,,,,,
2026-07-09T07:03:41.387846+00:00,2026-07-09T07:03:41.387747,2,1,119.55,0.5,119.3,100,118.9,150,,,,,,,,,,,,,,,,,119.8,53,,,,,,,,,,,,,,,,,,
2026-07-09T07:03:42.218818+00:00,2026-07-09T07:03:42.218964,1,1,119.55,0.5,119.3,100,,,,,,,,,,,,,,,,,,,119.8,53,,,,,,,,,,,,,,,,,,
2026-07-09T07:03:42.271257+00:00,2026-07-09T07:03:42.271139,2,1,119.65,0.3,119.5,150,119.3,100,,,,,,,,,,,,,,,,,119.8,53,,,,,,,,,,,,,,,,,,
2026-07-09T07:03:42.327499+00:00,2026-07-09T07:03:42.327346,2,2,119.65,0.3,119.5,150,119.3,100,,,,,,,,,,,,,,,,,119.8,53,120.0,150,,,,,,,,,,,,,,,,
2026-07-09T07:03:42.699966+00:00,2026-07-09T07:03:42.700068,1,1,119.75,0.5,119.5,150,,,,,,,,,,,,,,,,,,,120.0,150,,,,,,,,,,,,,,,,,,
2026-07-09T07:03:42.752295+00:00,2026-07-09T07:03:42.752402,1,1,119.75,0.5,119.5,250,,,,,,,,,,,,,,,,,,,120.0,150,,,,,,,,,,,,,,,,,,
2026-07-09T07:03:42.808571+00:00,2026-07-09T07:03:42.808475,1,1,119.75,0.5,119.5,250,,,,,,,,,,,,,,,,,,,120.0,250,,,,,,,,,,,,,,,,,,
2026-07-09T07:03:43.495105+00:00,2026-07-09T07:03:43.495000,1,1,119.75,0.5,119.5,250,,,,,,,,,,,,,,,,,,,120.0,200,,,,,,,,,,,,,,,,,,
2026-07-09T07:03:44.249261+00:00,2026-07-09T07:03:44.249192,1,1,119.75,0.5,119.5,202,,,,,,,,,,,,,,,,,,,120.0,200,,,,,,,,,,,,,,,,,,
2026-07-09T07:03:45.379942+00:00,2026-07-09T07:03:45.379882,1,1,119.75,0.5,119.5,100,,,,,,,,,,,,,,,,,,,120.0,100,,,,,,,,,,,,,,,,,,
2026-07-09T07:03:45.436711+00:00,2026-07-09T07:03:45.436614,2,1,119.8,0.4,119.6,150,119.5,100,,,,,,,,,,,,,,,,,120.0,100,,,,,,,,,,,,,,,,,,
2026-07-09T07:03:45.491510+00:00,2026-07-09T07:03:45.491436,2,2,119.8,0.4,119.6,150,119.5,100,,,,,,,,,,,,,,,,,120.0,100,120.1,150,,,,,,,,,,,,,,,,
2026-07-09T07:03:45.600967+00:00,2026-07-09T07:03:45.600886,2,2,119.8,0.4,119.6,150,119.5,100,,,,,,,,,,,,,,,,,120.0,50,120.1,150,,,,,,,,,,,,,,,,
2026-07-09T07:03:45.875803+00:00,2026-07-09T07:03:45.875934,1,1,119.85,0.5,119.6,150,,,,,,,,,,,,,,,,,,,120.1,150,,,,,,,,,,,,,,,,,,
2026-07-09T07:03:45.944914+00:00,2026-07-09T07:03:45.938124,2,1,119.9,0.4,119.7,89,119.6,150,,,,,,,,,,,,,,,,,120.1,150,,,,,,,,,,,,,,,,,,
2026-07-09T07:03:45.988087+00:00,2026-07-09T07:03:45.988016,2,2,119.9,0.4,119.7,89,119.6,150,,,,,,,,,,,,,,,,,120.1,150,120.2,100,,,,,,,,,,,,,,,,
2026-07-09T07:03:46.515591+00:00,2026-07-09T07:03:46.515458,2,2,119.9,0.4,119.7,42,119.6,150,,,,,,,,,,,,,,,,,120.1,150,120.2,100,,,,,,,,,,,,,,,,
2026-07-09T07:03:47.710933+00:00,2026-07-09T07:03:47.710821,2,2,119.9,0.4,119.7,42,119.6,150,,,,,,,,,,,,,,,,,120.1,100,120.2,100,,,,,,,,,,,,,,,,
2026-07-09T07:03:48.026770+00:00,2026-07-09T07:03:48.026683,2,2,119.9,0.4,119.7,2,119.6,150,,,,,,,,,,,,,,,,,120.1,100,120.2,100,,,,,,,,,,,,,,,,
2026-07-09T07:03:48.542111+00:00,2026-07-09T07:03:48.542083,2,1,119.95,0.5,119.7,2,119.6,150,,,,,,,,,,,,,,,,,120.2,100,,,,,,,,,,,,,,,,,,
2026-07-09T07:03:48.547426+00:00,2026-07-09T07:03:48.547283,1,1,119.95,0.5,119.7,2,,,,,,,,,,,,,,,,,,,120.2,100,,,,,,,,,,,,,,,,,,
2026-07-09T07:03:48.607961+00:00,2026-07-09T07:03:48.600457,2,1,120.05,0.3,119.9,147,119.7,2,,,,,,,,,,,,,,,,,120.2,100,,,,,,,,,,,,,,,,,,
2026-07-09T07:03:48.648782+00:00,2026-07-09T07:03:48.648738,2,2,120.05,0.3,119.9,147,119.7,2,,,,,,,,,,,,,,,,,120.2,100,120.4,150,,,,,,,,,,,,,,,,
2026-07-09T07:03:49.041265+00:00,2026-07-09T07:03:49.041200,1,1,120.15,0.5,119.9,147,,,,,,,,,,,,,,,,,,,120.4,150,,,,,,,,,,,,,,,,,,
2026-07-09T07:03:49.098073+00:00,2026-07-09T07:03:49.098005,2,1,120.15,0.5,119.9,147,119.5,100,,,,,,,,,,,,,,,,,120.4,150,,,,,,,,,,,,,,,,,,
2026-07-09T07:03:49.152833+00:00,2026-07-09T07:03:49.152758,2,2,119.95,0.1,119.9,147,119.5,100,,,,,,,,,,,,,,,,,120.0,100,120.4,150,,,,,,,,,,,,,,,,
2026-07-09T07:03:49.470944+00:00,2026-07-09T07:03:49.470898,2,2,119.95,0.1,119.9,147,119.5,100,,,,,,,,,,,,,,,,,120.0,52,120.4,150,,,,,,,,,,,,,,,,
2026-07-09T07:03:49.873068+00:00,2026-07-09T07:03:49.872950,2,2,119.95,0.1,119.9,97,119.5,100,,,,,,,,,,,,,,,,,120.0,52,120.4,150,,,,,,,,,,,,,,,,
2026-07-09T07:03:49.958720+00:00,2026-07-09T07:03:49.952350,2,2,119.95,0.1,119.9,57,119.5,100,,,,,,,,,,,,,,,,,120.0,52,120.4,150,,,,,,,,,,,,,,,,
2026-07-09T07:03:50.514321+00:00,2026-07-09T07:03:50.506771,2,2,119.95,0.1,119.9,57,119.5,100,,,,,,,,,,,,,,,,,120.0,49,120.4,150,,,,,,,,,,,,,,,,
2026-07-09T07:03:51.703555+00:00,2026-07-09T07:03:51.703481,1,1,119.75,0.5,119.5,100,,,,,,,,,,,,,,,,,,,120.0,49,,,,,,,,,,,,,,,,,,
2026-07-09T07:03:51.758672+00:00,2026-07-09T07:03:51.757777,2,1,119.95,0.1,119.9,150,119.5,100,,,,,,,,,,,,,,,,,120.0,49,,,,,,,,,,,,,,,,,,
2026-07-09T07:03:51.823331+00:00,2026-07-09T07:03:51.823196,2,2,119.95,0.1,119.9,150,119.5,100,,,,,,,,,,,,,,,,,120.0,49,120.4,150,,,,,,,,,,,,,,,,
2026-07-09T07:03:51.983222+00:00,2026-07-09T07:03:51.983197,2,2,119.95,0.1,119.9,100,119.5,100,,,,,,,,,,,,,,,,,120.0,49,120.4,150,,,,,,,,,,,,,,,,
2026-07-09T07:03:52.209203+00:00,2026-07-09T07:03:52.209146,2,1,120.15,0.5,119.9,100,119.5,100,,,,,,,,,,,,,,,,,120.4,150,,,,,,,,,,,,,,,,,,
2026-07-09T07:03:52.214421+00:00,2026-07-09T07:03:52.214326,1,1,120.15,0.5,119.9,100,,,,,,,,,,,,,,,,,,,120.4,150,,,,,,,,,,,,,,,,,,
2026-07-09T07:03:52.258673+00:00,2026-07-09T07:03:52.257126,1,1,120.15,0.5,119.9,200,,,,,,,,,,,,,,,,,,,120.4,150,,,,,,,,,,,,,,,,,,
2026-07-09T07:03:52.320029+00:00,2026-07-09T07:03:52.319851,1,1,120.15,0.5,119.9,200,,,,,,,,,,,,,,,,,,,120.4,250,,,,,,,,,,,,,,,,,,
2026-07-09T07:03:54.091311+00:00,2026-07-09T07:03:54.091278,1,1,120.15,0.5,119.9,150,,,,,,,,,,,,,,,,,,,120.4,250,,,,,,,,,,,,,,,,,,
2026-07-09T07:03:54.882358+00:00,2026-07-09T07:03:54.882483,1,1,120.15,0.5,119.9,100,,,,,,,,,,,,,,,,,,,120.4,100,,,,,,,,,,,,,,,,,,
2026-07-09T07:03:54.935421+00:00,2026-07-09T07:03:54.935251,2,1,120.15,0.5,119.9,100,119.4,150,,,,,,,,,,,,,,,,,120.4,100,,,,,,,,,,,,,,,,,,
2026-07-09T07:03:54.990126+00:00,2026-07-09T07:03:54.989978,1,2,119.65,0.5,119.4,150,,,,,,,,,,,,,,,,,,,119.9,50,120.4,100,,,,,,,,,,,,,,,,
2026-07-09T07:03:55.375770+00:00,2026-07-09T07:03:55.375859,1,1,119.65,0.5,119.4,150,,,,,,,,,,,,,,,,,,,119.9,50,,,,,,,,,,,,,,,,,,
2026-07-09T07:03:55.429300+00:00,2026-07-09T07:03:55.429384,2,1,119.75,0.3,119.6,100,119.4,150,,,,,,,,,,,,,,,,,119.9,50,,,,,,,,,,,,,,,,,,
2026-07-09T07:03:55.483873+00:00,2026-07-09T07:03:55.483820,2,2,119.75,0.3,119.6,100,119.4,150,,,,,,,,,,,,,,,,,119.9,50,120.1,100,,,,,,,,,,,,,,,,
2026-07-09T07:03:56.233165+00:00,2026-07-09T07:03:56.233024,2,2,119.75,0.3,119.6,50,119.4,150,,,,,,,,,,,,,,,,,119.9,50,120.1,100,,,,,,,,,,,,,,,,
2026-07-09T07:03:58.049535+00:00,2026-07-09T07:03:58.049424,1,1,119.85,0.5,119.6,50,,,,,,,,,,,,,,,,,,,120.1,100,,,,,,,,,,,,,,,,,,
2026-07-09T07:03:58.097661+00:00,2026-07-09T07:03:58.097555,2,1,119.95,0.3,119.8,150,119.6,50,,,,,,,,,,,,,,,,,120.1,100,,,,,,,,,,,,,,,,,,
2026-07-09T07:03:58.152120+00:00,2026-07-09T07:03:58.152008,2,2,119.95,0.3,119.8,150,119.6,50,,,,,,,,,,,,,,,,,120.1,100,120.3,150,,,,,,,,,,,,,,,,
2026-07-09T07:03:58.535292+00:00,2026-07-09T07:03:58.535257,2,1,120.05,0.5,119.8,150,119.6,50,,,,,,,,,,,,,,,,,120.3,150,,,,,,,,,,,,,,,,,,
2026-07-09T07:03:58.540611+00:00,2026-07-09T07:03:58.540414,1,1,120.05,0.5,119.8,150,,,,,,,,,,,,,,,,,,,120.3,150,,,,,,,,,,,,,,,,,,
2026-07-09T07:03:58.623649+00:00,2026-07-09T07:03:58.623871,2,1,120.05,0.5,119.8,150,119.4,100,,,,,,,,,,,,,,,,,120.3,150,,,,,,,,,,,,,,,,,,
2026-07-09T07:03:58.679905+00:00,2026-07-09T07:03:58.679809,2,2,119.85,0.1,119.8,150,119.4,100,,,,,,,,,,,,,,,,,119.9,100,120.3,150,,,,,,,,,,,,,,,,
2026-07-09T07:04:00.396593+00:00,2026-07-09T07:04:00.396514,2,2,119.85,0.1,119.8,150,119.4,100,,,,,,,,,,,,,,,,,119.9,50,120.3,150,,,,,,,,,,,,,,,,
2026-07-09T07:04:01.069013+00:00,2026-07-09T07:04:01.068906,2,2,119.85,0.1,119.8,150,119.4,100,,,,,,,,,,,,,,,,,119.9,7,120.3,150,,,,,,,,,,,,,,,,
2026-07-09T07:04:01.208795+00:00,2026-07-09T07:04:01.208747,1,1,119.65,0.5,119.4,100,,,,,,,,,,,,,,,,,,,119.9,7,,,,,,,,,,,,,,,,,,
2026-07-09T07:04:01.264052+00:00,2026-07-09T07:04:01.263947,2,1,119.75,0.3,119.6,150,119.4,100,,,,,,,,,,,,,,,,,119.9,7,,,,,,,,,,,,,,,,,,
2026-07-09T07:04:01.319128+00:00,2026-07-09T07:04:01.319045,2,2,119.75,0.3,119.6,150,119.4,100,,,,,,,,,,,,,,,,,119.9,7,120.1,150,,,,,,,,,,,,,,,,
2026-07-09T07:04:01.735835+00:00,2026-07-09T07:04:01.735766,1,1,119.85,0.5,119.6,150,,,,,,,,,,,,,,,,,,,120.1,150,,,,,,,,,,,,,,,,,,
2026-07-09T07:04:01.741130+00:00,2026-07-09T07:04:01.741016,1,1,119.85,0.5,119.6,150,,,,,,,,,,,,,,,,,,,120.1,107,,,,,,,,,,,,,,,,,,
2026-07-09T07:04:01.788597+00:00,2026-07-09T07:04:01.788430,1,1,119.85,0.5,119.6,250,,,,,,,,,,,,,,,,,,,120.1,107,,,,,,,,,,,,,,,,,,
2026-07-09T07:04:01.844268+00:00,2026-07-09T07:04:01.844186,1,1,119.85,0.5,119.6,250,,,,,,,,,,,,,,,,,,,120.1,207,,,,,,,,,,,,,,,,,,
2026-07-09T07:04:04.373104+00:00,2026-07-09T07:04:04.373008,1,1,119.85,0.5,119.6,100,,,,,,,,,,,,,,,,,,,120.1,100,,,,,,,,,,,,,,,,,,
2026-07-09T07:04:04.427799+00:00,2026-07-09T07:04:04.427885,2,1,119.95,0.3,119.8,150,119.6,100,,,,,,,,,,,,,,,,,120.1,100,,,,,,,,,,,,,,,,,,
2026-07-09T07:04:04.481603+00:00,2026-07-09T07:04:04.481487,2,2,119.95,0.3,119.8,150,119.6,100,,,,,,,,,,,,,,,,,120.1,100,120.3,150,,,,,,,,,,,,,,,,
2026-07-09T07:04:04.628796+00:00,2026-07-09T07:04:04.628923,2,2,119.95,0.3,119.8,150,119.6,100,,,,,,,,,,,,,,,,,120.1,50,120.3,150,,,,,,,,,,,,,,,,
2026-07-09T07:04:04.896888+00:00,2026-07-09T07:04:04.896822,2,1,120.05,0.5,119.8,150,119.6,100,,,,,,,,,,,,,,,,,120.3,150,,,,,,,,,,,,,,,,,,
2026-07-09T07:04:04.902153+00:00,2026-07-09T07:04:04.902007,1,1,120.05,0.5,119.8,150,,,,,,,,,,,,,,,,,,,120.3,150,,,,,,,,,,,,,,,,,,
2026-07-09T07:04:04.958589+00:00,2026-07-09T07:04:04.955164,1,1,120.05,0.5,119.8,250,,,,,,,,,,,,,,,,,,,120.3,150,,,,,,,,,,,,,,,,,,
