recv_time,book_timestamp,n_bids,n_asks,mid,spread,bid_px_0,bid_vol_0,bid_px_1,bid_vol_1,bid_px_2,bid_vol_2,bid_px_3,bid_vol_3,bid_px_4,bid_vol_4,bid_px_5,bid_vol_5,bid_px_6,bid_vol_6,bid_px_7,bid_vol_7,bid_px_8,bid_vol_8,bid_px_9,bid_vol_9,ask_px_0,ask_vol_0,ask_px_1,ask_vol_1,ask_px_2,ask_vol_2,ask_px_3,ask_vol_3,ask_px_4,ask_vol_4,ask_px_5,ask_vol_5,ask_px_6,ask_vol_6,ask_px_7,ask_vol_7,ask_px_8,ask_vol_8,ask_px_9,ask_vol_9
2026-07-13T20:00:00.281448+00:00,2026-07-13T20:00:00.314549,2,2,77.75,0.1,77.7,100,77.3,150,,,,,,,,,,,,,,,,,77.8,147,78.2,150,,,,,,,,,,,,,,,,
2026-07-13T20:00:00.601328+00:00,2026-07-13T20:00:00.540136,2,2,77.75,0.1,77.7,50,77.3,150,,,,,,,,,,,,,,,,,77.8,147,78.2,150,,,,,,,,,,,,,,,,
2026-07-13T20:00:01.207414+00:00,2026-07-13T20:00:01.205883,2,2,77.75,0.1,77.7,50,77.3,150,,,,,,,,,,,,,,,,,77.8,122,78.2,150,,,,,,,,,,,,,,,,
2026-07-13T20:00:01.499244+00:00,2026-07-13T20:00:01.489316,2,2,77.75,0.1,77.7,50,77.3,150,,,,,,,,,,,,,,,,,77.8,120,78.2,150,,,,,,,,,,,,,,,,
2026-07-13T20:00:01.520405+00:00,2026-07-13T20:00:01.519887,2,3,77.75,0.1,77.7,50,77.3,150,,,,,,,,,,,,,,,,,77.8,120,78.1,50,78.2,100,,,,,,,,,,,,,,
2026-07-13T20:00:02.246410+00:00,2026-07-13T20:00:02.245928,2,2,77.75,0.1,77.7,50,77.3,150,,,,,,,,,,,,,,,,,77.8,120,78.1,50,,,,,,,,,,,,,,,,
2026-07-13T20:00:02.256990+00:00,2026-07-13T20:00:02.248120,1,2,77.55,0.5,77.3,150,,,,,,,,,,,,,,,,,,,77.8,120,78.1,50,,,,,,,,,,,,,,,,
2026-07-13T20:00:02.310254+00:00,2026-07-13T20:00:02.300965,2,2,77.65,0.3,77.5,100,77.3,150,,,,,,,,,,,,,,,,,77.8,120,78.1,50,,,,,,,,,,,,,,,,
2026-07-13T20:00:02.363286+00:00,2026-07-13T20:00:02.353201,2,3,77.65,0.3,77.5,100,77.3,150,,,,,,,,,,,,,,,,,77.8,120,78.0,100,78.1,50,,,,,,,,,,,,,,
2026-07-13T20:00:02.657782+00:00,2026-07-13T20:00:02.652462,2,3,77.65,0.3,77.5,50,77.3,150,,,,,,,,,,,,,,,,,77.8,120,78.0,100,78.1,50,,,,,,,,,,,,,,
2026-07-13T20:00:02.752483+00:00,2026-07-13T20:00:02.749120,2,3,77.65,0.3,77.5,50,77.3,150,,,,,,,,,,,,,,,,,77.8,118,78.0,100,78.1,50,,,,,,,,,,,,,,
2026-07-13T20:00:02.909982+00:00,2026-07-13T20:00:02.904608,2,3,77.65,0.3,77.5,50,77.3,150,,,,,,,,,,,,,,,,,77.8,74,78.0,100,78.1,50,,,,,,,,,,,,,,
2026-07-13T20:00:02.987248+00:00,2026-07-13T20:00:02.983637,1,2,77.75,0.5,77.5,50,,,,,,,,,,,,,,,,,,,78.0,100,78.1,50,,,,,,,,,,,,,,,,
2026-07-13T20:00:03.040391+00:00,2026-07-13T20:00:03.037386,2,2,77.8,0.4,77.6,150,77.5,50,,,,,,,,,,,,,,,,,78.0,100,78.1,50,,,,,,,,,,,,,,,,
2026-07-13T20:00:03.093887+00:00,2026-07-13T20:00:03.092675,2,2,77.8,0.4,77.6,150,77.5,50,,,,,,,,,,,,,,,,,78.0,100,78.1,200,,,,,,,,,,,,,,,,
2026-07-13T20:00:04.180062+00:00,2026-07-13T20:00:04.177877,2,2,77.8,0.4,77.6,150,77.5,50,,,,,,,,,,,,,,,,,78.0,100,78.1,150,,,,,,,,,,,,,,,,
2026-07-13T20:00:04.190790+00:00,2026-07-13T20:00:04.184470,2,3,77.8,0.4,77.6,150,77.5,50,,,,,,,,,,,,,,,,,78.0,100,78.1,150,78.4,50,,,,,,,,,,,,,,
2026-07-13T20:00:04.776703+00:00,2026-07-13T20:00:04.775213,2,3,77.8,0.4,77.6,100,77.5,50,,,,,,,,,,,,,,,,,78.0,100,78.1,150,78.4,50,,,,,,,,,,,,,,
2026-07-13T20:00:04.998067+00:00,2026-07-13T20:00:04.996478,2,2,77.8,0.4,77.6,100,77.5,50,,,,,,,,,,,,,,,,,78.0,100,78.1,200,,,,,,,,,,,,,,,,
2026-07-13T20:00:05.417934+00:00,2026-07-13T20:00:05.409594,1,1,77.85,0.5,77.6,100,,,,,,,,,,,,,,,,,,,78.1,200,,,,,,,,,,,,,,,,,,
2026-07-13T20:00:05.471455+00:00,2026-07-13T20:00:05.461805,2,1,77.85,0.5,77.6,100,77.3,100,,,,,,,,,,,,,,,,,78.1,200,,,,,,,,,,,,,,,,,,
2026-07-13T20:00:05.524154+00:00,2026-07-13T20:00:05.514566,2,2,77.7,0.2,77.6,100,77.3,100,,,,,,,,,,,,,,,,,77.8,100,78.1,200,,,,,,,,,,,,,,,,
2026-07-13T20:00:05.619302+00:00,2026-07-13T20:00:05.616363,2,3,77.7,0.2,77.6,100,77.3,100,,,,,,,,,,,,,,,,,77.8,100,78.1,150,78.3,50,,,,,,,,,,,,,,
2026-07-13T20:00:06.091999+00:00,2026-07-13T20:00:06.026112,2,3,77.7,0.2,77.6,100,77.3,100,,,,,,,,,,,,,,,,,77.8,100,78.1,150,78.2,50,,,,,,,,,,,,,,
2026-07-13T20:00:06.156581+00:00,2026-07-13T20:00:06.147478,1,2,77.55,0.5,77.3,100,,,,,,,,,,,,,,,,,,,77.8,100,78.2,50,,,,,,,,,,,,,,,,
2026-07-13T20:00:06.210388+00:00,2026-07-13T20:00:06.200140,2,2,77.65,0.3,77.5,150,77.3,100,,,,,,,,,,,,,,,,,77.8,100,78.2,50,,,,,,,,,,,,,,,,
2026-07-13T20:00:06.264050+00:00,2026-07-13T20:00:06.262053,2,3,77.65,0.3,77.5,107,77.3,100,,,,,,,,,,,,,,,,,77.8,100,78.0,150,78.2,50,,,,,,,,,,,,,,
2026-07-13T20:00:06.886309+00:00,2026-07-13T20:00:06.880253,2,3,77.65,0.3,77.5,57,77.3,100,,,,,,,,,,,,,,,,,77.8,100,78.0,150,78.2,50,,,,,,,,,,,,,,
2026-07-13T20:00:07.595646+00:00,2026-07-13T20:00:07.594502,2,3,77.65,0.3,77.5,57,77.3,100,,,,,,,,,,,,,,,,,77.8,89,78.0,150,78.2,50,,,,,,,,,,,,,,
2026-07-13T20:00:07.606470+00:00,2026-07-13T20:00:07.595960,3,3,77.7,0.2,77.6,8,77.5,57,77.3,100,,,,,,,,,,,,,,,77.8,89,78.0,150,78.2,50,,,,,,,,,,,,,,
2026-07-13T20:00:07.670861+00:00,2026-07-13T20:00:07.670344,3,3,77.7,0.2,77.6,8,77.5,57,77.3,100,,,,,,,,,,,,,,,77.8,89,78.0,150,78.3,50,,,,,,,,,,,,,,
2026-07-13T20:00:08.500140+00:00,2026-07-13T20:00:08.495099,3,3,77.7,0.2,77.6,8,77.5,57,77.3,100,,,,,,,,,,,,,,,77.8,89,78.0,150,78.4,50,,,,,,,,,,,,,,
2026-07-13T20:00:08.574965+00:00,2026-07-13T20:00:08.571935,2,2,77.8,0.4,77.6,8,77.5,57,,,,,,,,,,,,,,,,,78.0,150,78.4,50,,,,,,,,,,,,,,,,
2026-07-13T20:00:08.628008+00:00,2026-07-13T20:00:08.625077,2,2,77.8,0.4,77.6,108,77.5,57,,,,,,,,,,,,,,,,,78.0,150,78.4,50,,,,,,,,,,,,,,,,
2026-07-13T20:00:08.638804+00:00,2026-07-13T20:00:08.636095,2,2,77.8,0.4,77.6,100,77.5,57,,,,,,,,,,,,,,,,,78.0,150,78.4,50,,,,,,,,,,,,,,,,
2026-07-13T20:00:08.681495+00:00,2026-07-13T20:00:08.678988,2,3,77.8,0.4,77.6,100,77.5,57,,,,,,,,,,,,,,,,,78.0,150,78.1,100,78.4,50,,,,,,,,,,,,,,
2026-07-13T20:00:09.011383+00:00,2026-07-13T20:00:09.007015,2,3,77.8,0.4,77.6,50,77.5,57,,,,,,,,,,,,,,,,,78.0,150,78.1,100,78.4,50,,,,,,,,,,,,,,
2026-07-13T20:00:09.310615+00:00,2026-07-13T20:00:09.308682,1,2,77.85,0.5,77.6,50,,,,,,,,,,,,,,,,,,,78.1,100,78.4,50,,,,,,,,,,,,,,,,
2026-07-13T20:00:09.364889+00:00,2026-07-13T20:00:09.360704,2,2,77.85,0.5,77.6,50,77.3,150,,,,,,,,,,,,,,,,,78.1,100,78.4,50,,,,,,,,,,,,,,,,
2026-07-13T20:00:09.422024+00:00,2026-07-13T20:00:09.412821,2,3,77.7,0.2,77.6,50,77.3,150,,,,,,,,,,,,,,,,,77.8,150,78.1,100,78.4,50,,,,,,,,,,,,,,
2026-07-13T20:00:09.520526+00:00,2026-07-13T20:00:09.500738,3,3,77.75,0.1,77.7,8,77.6,50,77.3,150,,,,,,,,,,,,,,,77.8,150,78.1,100,78.4,50,,,,,,,,,,,,,,
2026-07-13T20:00:09.776806+00:00,2026-07-13T20:00:09.771111,4,3,77.75,0.1,77.7,8,77.6,50,77.5,5,77.3,150,,,,,,,,,,,,,77.8,150,78.1,100,78.4,50,,,,,,,,,,,,,,
2026-07-13T20:00:09.808597+00:00,2026-07-13T20:00:09.802582,4,3,77.75,0.1,77.7,8,77.6,50,77.5,5,77.3,150,,,,,,,,,,,,,77.8,102,78.1,100,78.4,50,,,,,,,,,,,,,,
2026-07-13T20:00:10.172615+00:00,2026-07-13T20:00:10.168252,4,3,77.75,0.1,77.7,8,77.6,50,77.5,5,77.3,150,,,,,,,,,,,,,77.8,102,78.1,100,78.3,50,,,,,,,,,,,,,,
2026-07-13T20:00:11.742693+00:00,2026-07-13T20:00:11.733398,3,2,77.75,0.1,77.7,8,77.5,5,77.3,150,,,,,,,,,,,,,,,77.8,102,78.3,50,,,,,,,,,,,,,,,,
2026-07-13T20:00:11.796603+00:00,2026-07-13T20:00:11.786297,4,2,77.75,0.1,77.7,8,77.5,5,77.4,100,77.3,150,,,,,,,,,,,,,77.8,102,78.3,50,,,,,,,,,,,,,,,,
2026-07-13T20:00:11.818024+00:00,2026-07-13T20:00:11.811857,4,2,77.7,0.2,77.6,8,77.5,5,77.4,100,77.3,150,,,,,,,,,,,,,77.8,102,78.3,50,,,,,,,,,,,,,,,,
2026-07-13T20:00:11.850296+00:00,2026-07-13T20:00:11.839719,4,3,77.7,0.2,77.6,8,77.5,5,77.4,100,77.3,150,,,,,,,,,,,,,77.8,102,77.9,100,78.3,50,,,,,,,,,,,,,,
2026-07-13T20:00:12.467569+00:00,2026-07-13T20:00:12.466557,4,2,77.75,0.3,77.6,8,77.5,5,77.4,100,77.3,150,,,,,,,,,,,,,77.9,100,78.3,50,,,,,,,,,,,,,,,,
2026-07-13T20:00:12.478312+00:00,2026-07-13T20:00:12.468622,3,2,77.75,0.3,77.6,8,77.5,5,77.4,100,,,,,,,,,,,,,,,77.9,100,78.3,50,,,,,,,,,,,,,,,,
2026-07-13T20:00:12.531159+00:00,2026-07-13T20:00:12.522541,3,2,77.75,0.3,77.6,8,77.5,5,77.4,250,,,,,,,,,,,,,,,77.9,100,78.3,50,,,,,,,,,,,,,,,,
2026-07-13T20:00:12.541950+00:00,2026-07-13T20:00:12.532004,2,2,77.7,0.4,77.5,5,77.4,250,,,,,,,,,,,,,,,,,77.9,100,78.3,50,,,,,,,,,,,,,,,,
2026-07-13T20:00:12.595843+00:00,2026-07-13T20:00:12.594813,2,2,77.7,0.4,77.5,5,77.4,250,,,,,,,,,,,,,,,,,77.9,250,78.3,50,,,,,,,,,,,,,,,,
2026-07-13T20:00:13.174643+00:00,2026-07-13T20:00:13.168894,2,2,77.7,0.4,77.5,5,77.4,250,,,,,,,,,,,,,,,,,77.9,200,78.3,50,,,,,,,,,,,,,,,,
2026-07-13T20:00:13.330457+00:00,2026-07-13T20:00:13.329042,2,2,77.7,0.4,77.5,5,77.4,250,,,,,,,,,,,,,,,,,77.9,190,78.3,50,,,,,,,,,,,,,,,,
2026-07-13T20:00:13.384526+00:00,2026-07-13T20:00:13.381590,3,2,77.75,0.3,77.6,14,77.5,4,77.4,250,,,,,,,,,,,,,,,77.9,190,78.3,50,,,,,,,,,,,,,,,,
2026-07-13T20:00:13.405987+00:00,2026-07-13T20:00:13.403232,3,2,77.75,0.3,77.6,14,77.5,4,77.4,250,,,,,,,,,,,,,,,77.9,143,78.3,50,,,,,,,,,,,,,,,,
2026-07-13T20:00:13.427592+00:00,2026-07-13T20:00:13.422771,3,1,77.75,0.3,77.6,14,77.5,4,77.4,250,,,,,,,,,,,,,,,77.9,143,,,,,,,,,,,,,,,,,,
2026-07-13T20:00:13.438381+00:00,2026-07-13T20:00:13.432942,3,2,77.75,0.3,77.6,14,77.5,4,77.4,250,,,,,,,,,,,,,,,77.9,143,78.5,50,,,,,,,,,,,,,,,,
2026-07-13T20:00:13.808964+00:00,2026-07-13T20:00:13.805996,2,2,77.7,0.4,77.5,4,77.4,250,,,,,,,,,,,,,,,,,77.9,143,78.5,50,,,,,,,,,,,,,,,,
2026-07-13T20:00:13.851705+00:00,2026-07-13T20:00:13.849101,2,2,77.7,0.4,77.5,4,77.4,250,,,,,,,,,,,,,,,,,77.9,143,78.4,50,,,,,,,,,,,,,,,,
2026-07-13T20:00:13.950913+00:00,2026-07-13T20:00:13.942170,1,2,77.65,0.5,77.4,208,,,,,,,,,,,,,,,,,,,77.9,143,78.4,50,,,,,,,,,,,,,,,,
2026-07-13T20:00:14.678168+00:00,2026-07-13T20:00:14.673949,1,2,77.65,0.5,77.4,208,,,,,,,,,,,,,,,,,,,77.9,143,78.2,50,,,,,,,,,,,,,,,,
2026-07-13T20:00:14.903085+00:00,2026-07-13T20:00:14.893719,1,2,77.65,0.5,77.4,150,,,,,,,,,,,,,,,,,,,77.9,143,78.2,50,,,,,,,,,,,,,,,,
2026-07-13T20:00:14.956299+00:00,2026-07-13T20:00:14.946916,2,2,77.7,0.4,77.5,100,77.4,150,,,,,,,,,,,,,,,,,77.9,143,78.2,50,,,,,,,,,,,,,,,,
2026-07-13T20:00:15.010144+00:00,2026-07-13T20:00:15.009186,2,3,77.7,0.4,77.5,100,77.4,150,,,,,,,,,,,,,,,,,77.9,143,78.0,100,78.2,50,,,,,,,,,,,,,,
2026-07-13T20:00:15.282054+00:00,2026-07-13T20:00:15.278816,2,3,77.7,0.4,77.5,100,77.4,150,,,,,,,,,,,,,,,,,77.9,93,78.0,100,78.2,50,,,,,,,,,,,,,,
2026-07-13T20:00:15.643322+00:00,2026-07-13T20:00:15.641727,2,3,77.7,0.4,77.5,105,77.4,150,,,,,,,,,,,,,,,,,77.9,93,78.0,100,78.2,50,,,,,,,,,,,,,,
2026-07-13T20:00:15.665193+00:00,2026-07-13T20:00:15.656016,1,2,77.75,0.5,77.5,105,,,,,,,,,,,,,,,,,,,78.0,100,78.2,50,,,,,,,,,,,,,,,,
2026-07-13T20:00:15.686730+00:00,2026-07-13T20:00:15.681595,1,2,77.75,0.5,77.5,59,,,,,,,,,,,,,,,,,,,78.0,100,78.2,50,,,,,,,,,,,,,,,,
2026-07-13T20:00:15.718898+00:00,2026-07-13T20:00:15.708435,1,2,77.75,0.5,77.5,209,,,,,,,,,,,,,,,,,,,78.0,100,78.2,50,,,,,,,,,,,,,,,,
2026-07-13T20:00:15.761449+00:00,2026-07-13T20:00:15.760525,1,2,77.75,0.5,77.5,209,,,,,,,,,,,,,,,,,,,78.0,250,78.2,50,,,,,,,,,,,,,,,,
2026-07-13T20:00:16.192401+00:00,2026-07-13T20:00:16.186498,1,3,77.65,0.3,77.5,209,,,,,,,,,,,,,,,,,,,77.8,1,78.0,250,78.2,50,,,,,,,,,,,,,,
2026-07-13T20:00:16.825436+00:00,2026-07-13T20:00:16.816592,1,2,77.75,0.5,77.5,209,,,,,,,,,,,,,,,,,,,78.0,208,78.2,50,,,,,,,,,,,,,,,,
2026-07-13T20:00:17.190054+00:00,2026-07-13T20:00:17.183265,1,2,77.75,0.5,77.5,208,,,,,,,,,,,,,,,,,,,78.0,208,78.2,50,,,,,,,,,,,,,,,,
2026-07-13T20:00:17.319869+00:00,2026-07-13T20:00:17.317660,1,2,77.75,0.5,77.5,208,,,,,,,,,,,,,,,,,,,78.0,208,78.4,50,,,,,,,,,,,,,,,,
2026-07-13T20:00:17.394105+00:00,2026-07-13T20:00:17.385763,1,2,77.75,0.5,77.5,208,,,,,,,,,,,,,,,,,,,78.0,158,78.4,50,,,,,,,,,,,,,,,,
2026-07-13T20:00:17.522669+00:00,2026-07-13T20:00:17.521579,1,1,77.75,0.5,77.5,208,,,,,,,,,,,,,,,,,,,78.0,158,,,,,,,,,,,,,,,,,,
2026-07-13T20:00:17.533340+00:00,2026-07-13T20:00:17.525869,1,2,77.75,0.5,77.5,208,,,,,,,,,,,,,,,,,,,78.0,158,78.2,50,,,,,,,,,,,,,,,,
2026-07-13T20:00:17.725291+00:00,2026-07-13T20:00:17.715600,1,2,77.75,0.5,77.5,207,,,,,,,,,,,,,,,,,,,78.0,158,78.2,50,,,,,,,,,,,,,,,,
2026-07-13T20:00:18.067041+00:00,2026-07-13T20:00:18.062133,1,2,77.75,0.5,77.5,153,,,,,,,,,,,,,,,,,,,78.0,150,78.2,50,,,,,,,,,,,,,,,,
2026-07-13T20:00:18.120942+00:00,2026-07-13T20:00:18.115225,2,2,77.8,0.4,77.6,100,77.5,153,,,,,,,,,,,,,,,,,78.0,150,78.2,50,,,,,,,,,,,,,,,,
2026-07-13T20:00:18.175064+00:00,2026-07-13T20:00:18.167915,2,3,77.8,0.4,77.6,100,77.5,153,,,,,,,,,,,,,,,,,78.0,150,78.1,100,78.2,50,,,,,,,,,,,,,,
2026-07-13T20:00:18.706003+00:00,2026-07-13T20:00:18.702042,2,3,77.8,0.4,77.6,100,77.5,152,,,,,,,,,,,,,,,,,78.0,150,78.1,100,78.2,50,,,,,,,,,,,,,,
2026-07-13T20:00:18.822829+00:00,2026-07-13T20:00:18.815981,2,2,77.85,0.5,77.6,100,77.5,2,,,,,,,,,,,,,,,,,78.1,100,78.2,50,,,,,,,,,,,,,,,,
2026-07-13T20:00:18.875672+00:00,2026-07-13T20:00:18.868755,2,2,77.85,0.5,77.6,100,77.5,152,,,,,,,,,,,,,,,,,78.1,100,78.2,50,,,,,,,,,,,,,,,,
2026-07-13T20:00:18.928541+00:00,2026-07-13T20:00:18.921424,2,3,77.8,0.4,77.6,100,77.5,152,,,,,,,,,,,,,,,,,78.0,150,78.1,100,78.2,50,,,,,,,,,,,,,,
2026-07-13T20:00:19.507296+00:00,2026-07-13T20:00:19.503292,2,3,77.8,0.4,77.6,100,77.5,152,,,,,,,,,,,,,,,,,78.0,100,78.1,100,78.2,50,,,,,,,,,,,,,,
2026-07-13T20:00:19.528860+00:00,2026-07-13T20:00:19.521561,2,3,77.8,0.4,77.6,59,77.5,152,,,,,,,,,,,,,,,,,78.0,100,78.1,100,78.2,50,,,,,,,,,,,,,,
2026-07-13T20:00:19.741899+00:00,2026-07-13T20:00:19.738186,2,4,77.7,0.2,77.6,59,77.5,152,,,,,,,,,,,,,,,,,77.8,3,78.0,100,78.1,100,78.2,50,,,,,,,,,,,,
2026-07-13T20:00:19.973211+00:00,2026-07-13T20:00:19.972656,2,3,77.7,0.2,77.6,59,77.5,152,,,,,,,,,,,,,,,,,77.8,3,78.0,100,78.1,100,,,,,,,,,,,,,,
2026-07-13T20:00:19.983924+00:00,2026-07-13T20:00:19.978606,2,3,77.7,0.2,77.6,59,77.5,152,,,,,,,,,,,,,,,,,77.8,3,78.0,100,78.1,150,,,,,,,,,,,,,,
2026-07-13T20:00:20.642186+00:00,2026-07-13T20:00:20.636802,2,2,77.8,0.4,77.6,59,77.5,152,,,,,,,,,,,,,,,,,78.0,60,78.1,150,,,,,,,,,,,,,,,,
2026-07-13T20:00:20.663447+00:00,2026-07-13T20:00:20.658280,2,3,77.7,0.2,77.6,59,77.5,152,,,,,,,,,,,,,,,,,77.8,3,78.0,60,78.1,150,,,,,,,,,,,,,,
2026-07-13T20:00:21.213034+00:00,2026-07-13T20:00:21.209426,2,4,77.7,0.2,77.6,59,77.5,152,,,,,,,,,,,,,,,,,77.8,3,78.0,60,78.1,100,78.2,50,,,,,,,,,,,,
2026-07-13T20:00:21.245580+00:00,2026-07-13T20:00:21.238846,1,3,77.65,0.3,77.5,152,,,,,,,,,,,,,,,,,,,77.8,3,78.0,60,78.2,50,,,,,,,,,,,,,,
2026-07-13T20:00:21.299500+00:00,2026-07-13T20:00:21.294018,1,3,77.65,0.3,77.5,252,,,,,,,,,,,,,,,,,,,77.8,3,78.0,60,78.2,50,,,,,,,,,,,,,,
2026-07-13T20:00:21.353677+00:00,2026-07-13T20:00:21.352183,1,3,77.65,0.3,77.5,252,,,,,,,,,,,,,,,,,,,77.8,3,78.0,160,78.2,50,,,,,,,,,,,,,,
2026-07-13T20:00:21.600327+00:00,2026-07-13T20:00:21.589950,1,3,77.65,0.3,77.5,209,,,,,,,,,,,,,,,,,,,77.8,3,78.0,160,78.2,50,,,,,,,,,,,,,,
2026-07-13T20:00:21.621738+00:00,2026-07-13T20:00:21.611659,1,2,77.75,0.5,77.5,209,,,,,,,,,,,,,,,,,,,78.0,113,78.2,50,,,,,,,,,,,,,,,,
2026-07-13T20:00:21.985951+00:00,2026-07-13T20:00:21.978089,1,2,77.75,0.5,77.5,100,,,,,,,,,,,,,,,,,,,78.0,100,78.2,50,,,,,,,,,,,,,,,,
2026-07-13T20:00:22.051823+00:00,2026-07-13T20:00:22.031283,2,2,77.95,0.1,77.9,150,77.5,100,,,,,,,,,,,,,,,,,78.0,100,78.2,50,,,,,,,,,,,,,,,,
2026-07-13T20:00:22.062860+00:00,2026-07-13T20:00:22.054430,2,2,77.95,0.1,77.9,129,77.5,100,,,,,,,,,,,,,,,,,78.0,100,78.2,50,,,,,,,,,,,,,,,,
2026-07-13T20:00:22.095399+00:00,2026-07-13T20:00:22.085492,2,3,77.95,0.1,77.9,129,77.5,100,,,,,,,,,,,,,,,,,78.0,100,78.2,50,78.4,150,,,,,,,,,,,,,,
2026-07-13T20:00:22.687349+00:00,2026-07-13T20:00:22.680559,2,3,77.95,0.1,77.9,129,77.5,100,,,,,,,,,,,,,,,,,78.0,100,78.3,50,78.4,150,,,,,,,,,,,,,,
2026-07-13T20:00:23.612999+00:00,2026-07-13T20:00:23.611095,2,3,77.95,0.1,77.9,129,77.5,100,,,,,,,,,,,,,,,,,78.0,59,78.3,50,78.4,150,,,,,,,,,,,,,,
2026-07-13T20:00:23.687549+00:00,2026-07-13T20:00:23.686373,2,2,77.95,0.1,77.9,129,77.5,100,,,,,,,,,,,,,,,,,78.0,59,78.4,150,,,,,,,,,,,,,,,,
2026-07-13T20:00:23.698602+00:00,2026-07-13T20:00:23.689916,2,3,77.95,0.1,77.9,129,77.5,100,,,,,,,,,,,,,,,,,78.0,59,78.2,50,78.4,150,,,,,,,,,,,,,,
2026-07-13T20:00:23.731141+00:00,2026-07-13T20:00:23.721699,2,3,77.95,0.1,77.9,129,77.5,100,,,,,,,,,,,,,,,,,78.0,9,78.2,50,78.4,150,,,,,,,,,,,,,,
2026-07-13T20:00:23.843934+00:00,2026-07-13T20:00:23.842282,2,3,77.95,0.1,77.9,123,77.5,100,,,,,,,,,,,,,,,,,78.0,9,78.2,50,78.4,150,,,,,,,,,,,,,,
2026-07-13T20:00:23.908817+00:00,2026-07-13T20:00:23.904160,2,3,77.95,0.1,77.9,73,77.5,100,,,,,,,,,,,,,,,,,78.0,9,78.2,50,78.4,150,,,,,,,,,,,,,,
2026-07-13T20:00:23.919650+00:00,2026-07-13T20:00:23.918204,2,2,77.95,0.1,77.9,73,77.5,150,,,,,,,,,,,,,,,,,78.0,9,78.4,150,,,,,,,,,,,,,,,,
2026-07-13T20:00:23.930468+00:00,2026-07-13T20:00:23.923271,1,3,77.7,0.4,77.5,150,,,,,,,,,,,,,,,,,,,77.9,90,78.0,9,78.4,150,,,,,,,,,,,,,,
2026-07-13T20:00:24.037575+00:00,2026-07-13T20:00:24.031022,1,3,77.7,0.4,77.5,150,,,,,,,,,,,,,,,,,,,77.9,50,78.0,9,78.4,150,,,,,,,,,,,,,,
2026-07-13T20:00:24.135158+00:00,2026-07-13T20:00:24.131368,1,2,77.75,0.5,77.5,100,,,,,,,,,,,,,,,,,,,78.0,9,78.4,150,,,,,,,,,,,,,,,,
2026-07-13T20:00:24.145957+00:00,2026-07-13T20:00:24.138593,2,2,77.8,0.4,77.6,50,77.5,100,,,,,,,,,,,,,,,,,78.0,9,78.4,200,,,,,,,,,,,,,,,,
2026-07-13T20:00:24.415514+00:00,2026-07-13T20:00:24.409630,1,1,78.0,0.8,77.6,50,,,,,,,,,,,,,,,,,,,78.4,200,,,,,,,,,,,,,,,,,,
2026-07-13T20:00:24.468964+00:00,2026-07-13T20:00:24.462637,2,1,78.05,0.7,77.7,100,77.6,50,,,,,,,,,,,,,,,,,78.4,200,,,,,,,,,,,,,,,,,,
2026-07-13T20:00:24.528207+00:00,2026-07-13T20:00:24.526742,2,2,77.95,0.5,77.7,100,77.6,50,,,,,,,,,,,,,,,,,78.2,97,78.4,200,,,,,,,,,,,,,,,,
2026-07-13T20:00:24.560468+00:00,2026-07-13T20:00:24.557512,2,2,77.95,0.5,77.7,100,77.6,50,,,,,,,,,,,,,,,,,78.2,97,78.4,150,,,,,,,,,,,,,,,,
2026-07-13T20:00:24.571138+00:00,2026-07-13T20:00:24.568842,2,2,77.95,0.5,77.7,100,77.6,50,,,,,,,,,,,,,,,,,78.2,92,78.4,150,,,,,,,,,,,,,,,,
2026-07-13T20:00:24.786527+00:00,2026-07-13T20:00:24.785156,2,2,78.0,0.4,77.8,45,77.7,100,,,,,,,,,,,,,,,,,78.2,92,78.4,200,,,,,,,,,,,,,,,,
2026-07-13T20:00:24.797289+00:00,2026-07-13T20:00:24.793668,2,2,78.0,0.4,77.8,5,77.7,100,,,,,,,,,,,,,,,,,78.2,92,78.4,200,,,,,,,,,,,,,,,,
2026-07-13T20:00:25.001466+00:00,2026-07-13T20:00:24.999621,2,2,78.0,0.4,77.8,5,77.7,100,,,,,,,,,,,,,,,,,78.2,92,78.4,150,,,,,,,,,,,,,,,,
2026-07-13T20:00:25.022947+00:00,2026-07-13T20:00:25.015776,2,3,78.0,0.4,77.8,5,77.7,100,,,,,,,,,,,,,,,,,78.2,92,78.3,50,78.4,150,,,,,,,,,,,,,,
2026-07-13T20:00:25.152939+00:00,2026-07-13T20:00:25.148814,2,2,78.0,0.4,77.8,5,77.7,100,,,,,,,,,,,,,,,,,78.2,92,78.3,50,,,,,,,,,,,,,,,,
2026-07-13T20:00:25.206634+00:00,2026-07-13T20:00:25.202321,3,2,78.0,0.4,77.8,5,77.7,100,77.4,150,,,,,,,,,,,,,,,78.2,92,78.3,50,,,,,,,,,,,,,,,,
2026-07-13T20:00:25.228130+00:00,2026-07-13T20:00:25.220701,2,2,77.95,0.5,77.7,100,77.4,150,,,,,,,,,,,,,,,,,78.2,92,78.3,50,,,,,,,,,,,,,,,,
2026-07-13T20:00:25.260951+00:00,2026-07-13T20:00:25.260061,2,2,77.8,0.2,77.7,100,77.4,150,,,,,,,,,,,,,,,,,77.9,150,78.2,92,,,,,,,,,,,,,,,,
2026-07-13T20:00:25.283027+00:00,2026-07-13T20:00:25.273446,2,2,77.8,0.2,77.7,105,77.4,150,,,,,,,,,,,,,,,,,77.9,150,78.2,92,,,,,,,,,,,,,,,,
2026-07-13T20:00:25.315866+00:00,2026-07-13T20:00:25.307090,2,2,77.8,0.2,77.7,105,77.4,150,,,,,,,,,,,,,,,,,77.9,150,78.2,142,,,,,,,,,,,,,,,,
2026-07-13T20:00:25.337583+00:00,2026-07-13T20:00:25.327105,3,2,77.85,0.1,77.8,38,77.7,105,77.4,150,,,,,,,,,,,,,,,77.9,150,78.2,142,,,,,,,,,,,,,,,,
2026-07-13T20:00:25.723855+00:00,2026-07-13T20:00:25.720744,3,2,77.85,0.1,77.8,38,77.7,105,77.4,150,,,,,,,,,,,,,,,77.9,150,78.2,92,,,,,,,,,,,,,,,,
2026-07-13T20:00:25.734902+00:00,2026-07-13T20:00:25.724210,3,3,77.85,0.1,77.8,38,77.7,105,77.4,150,,,,,,,,,,,,,,,77.9,150,78.1,50,78.2,92,,,,,,,,,,,,,,
2026-07-13T20:00:25.832699+00:00,2026-07-13T20:00:25.829099,2,3,77.8,0.2,77.7,105,77.4,150,,,,,,,,,,,,,,,,,77.9,100,78.1,50,78.2,92,,,,,,,,,,,,,,
2026-07-13T20:00:26.471545+00:00,2026-07-13T20:00:26.469797,2,3,77.8,0.2,77.7,105,77.4,150,,,,,,,,,,,,,,,,,77.9,97,78.1,50,78.2,92,,,,,,,,,,,,,,
2026-07-13T20:00:26.482644+00:00,2026-07-13T20:00:26.473342,3,3,77.85,0.1,77.8,35,77.7,105,77.4,150,,,,,,,,,,,,,,,77.9,97,78.1,50,78.2,92,,,,,,,,,,,,,,
2026-07-13T20:00:26.558417+00:00,2026-07-13T20:00:26.555348,3,3,77.85,0.1,77.8,35,77.7,100,77.4,150,,,,,,,,,,,,,,,77.9,97,78.1,50,78.2,92,,,,,,,,,,,,,,
2026-07-13T20:00:26.569280+00:00,2026-07-13T20:00:26.565245,3,2,77.85,0.1,77.8,35,77.7,100,77.4,150,,,,,,,,,,,,,,,77.9,92,78.2,92,,,,,,,,,,,,,,,,
2026-07-13T20:00:26.580097+00:00,2026-07-13T20:00:26.569629,3,3,77.85,0.1,77.8,35,77.7,100,77.4,150,,,,,,,,,,,,,,,77.9,92,78.2,92,78.3,50,,,,,,,,,,,,,,
2026-07-13T20:00:26.987962+00:00,2026-07-13T20:00:26.980981,3,3,77.85,0.1,77.8,35,77.7,100,77.4,150,,,,,,,,,,,,,,,77.9,49,78.2,92,78.3,50,,,,,,,,,,,,,,
2026-07-13T20:00:27.572054+00:00,2026-07-13T20:00:27.571292,3,2,77.85,0.1,77.8,35,77.7,100,77.4,150,,,,,,,,,,,,,,,77.9,49,78.3,50,,,,,,,,,,,,,,,,
2026-07-13T20:00:27.582959+00:00,2026-07-13T20:00:27.572684,2,2,77.85,0.1,77.8,35,77.4,150,,,,,,,,,,,,,,,,,77.9,49,78.3,50,,,,,,,,,,,,,,,,
2026-07-13T20:00:27.636640+00:00,2026-07-13T20:00:27.626746,3,1,78.1,0.4,77.9,51,77.8,35,77.4,150,,,,,,,,,,,,,,,78.3,50,,,,,,,,,,,,,,,,,,
2026-07-13T20:00:27.647365+00:00,2026-07-13T20:00:27.640982,2,1,78.1,0.4,77.9,51,77.4,150,,,,,,,,,,,,,,,,,78.3,50,,,,,,,,,,,,,,,,,,
2026-07-13T20:00:27.690562+00:00,2026-07-13T20:00:27.681094,2,2,78.1,0.4,77.9,51,77.4,150,,,,,,,,,,,,,,,,,78.3,50,78.4,100,,,,,,,,,,,,,,,,
2026-07-13T20:00:27.781823+00:00,2026-07-13T20:00:27.780395,2,2,78.1,0.4,77.9,48,77.4,150,,,,,,,,,,,,,,,,,78.3,50,78.4,100,,,,,,,,,,,,,,,,
2026-07-13T20:00:27.963451+00:00,2026-07-13T20:00:27.954326,2,1,78.15,0.5,77.9,48,77.4,150,,,,,,,,,,,,,,,,,78.4,100,,,,,,,,,,,,,,,,,,
2026-07-13T20:00:28.016932+00:00,2026-07-13T20:00:28.015205,3,1,78.15,0.5,77.9,48,77.7,50,77.4,150,,,,,,,,,,,,,,,78.4,58,,,,,,,,,,,,,,,,,,
2026-07-13T20:00:28.027728+00:00,2026-07-13T20:00:28.018338,3,2,78.1,0.4,77.9,48,77.7,50,77.4,150,,,,,,,,,,,,,,,78.3,50,78.4,58,,,,,,,,,,,,,,,,
2026-07-13T20:00:28.338905+00:00,2026-07-13T20:00:28.330570,2,2,78.1,0.4,77.9,48,77.7,50,,,,,,,,,,,,,,,,,78.3,50,78.4,58,,,,,,,,,,,,,,,,
2026-07-13T20:00:28.380899+00:00,2026-07-13T20:00:28.375601,3,2,78.1,0.4,77.9,48,77.8,150,77.7,50,,,,,,,,,,,,,,,78.3,50,78.4,58,,,,,,,,,,,,,,,,
2026-07-13T20:00:28.434370+00:00,2026-07-13T20:00:28.428758,3,2,78.1,0.4,77.9,48,77.8,150,77.7,50,,,,,,,,,,,,,,,78.3,200,78.4,58,,,,,,,,,,,,,,,,
2026-07-13T20:00:28.445168+00:00,2026-07-13T20:00:28.438856,3,3,78.05,0.3,77.9,48,77.8,150,77.7,50,,,,,,,,,,,,,,,78.2,50,78.3,150,78.4,58,,,,,,,,,,,,,,
2026-07-13T20:00:28.594840+00:00,2026-07-13T20:00:28.586459,3,3,78.05,0.3,77.9,5,77.8,150,77.7,50,,,,,,,,,,,,,,,78.2,50,78.3,150,78.4,58,,,,,,,,,,,,,,
2026-07-13T20:00:29.196876+00:00,2026-07-13T20:00:29.193408,4,3,78.05,0.3,77.9,5,77.8,150,77.7,50,77.6,4,,,,,,,,,,,,,78.2,50,78.3,150,78.4,58,,,,,,,,,,,,,,
2026-07-13T20:00:29.261500+00:00,2026-07-13T20:00:29.259264,3,3,78.05,0.3,77.9,5,77.8,150,77.6,4,,,,,,,,,,,,,,,78.2,50,78.3,150,78.4,58,,,,,,,,,,,,,,
2026-07-13T20:00:29.272441+00:00,2026-07-13T20:00:29.262817,3,3,78.05,0.3,77.9,5,77.8,200,77.6,4,,,,,,,,,,,,,,,78.2,50,78.3,150,78.4,58,,,,,,,,,,,,,,
2026-07-13T20:00:29.413695+00:00,2026-07-13T20:00:29.412135,3,3,78.05,0.3,77.9,4,77.8,200,77.6,4,,,,,,,,,,,,,,,78.2,50,78.3,150,78.4,58,,,,,,,,,,,,,,
2026-07-13T20:00:29.445644+00:00,2026-07-13T20:00:29.437677,3,3,78.05,0.3,77.9,3,77.8,200,77.6,4,,,,,,,,,,,,,,,78.2,50,78.3,150,78.4,58,,,,,,,,,,,,,,
2026-07-13T20:00:29.477439+00:00,2026-07-13T20:00:29.474095,3,2,78.1,0.4,77.9,3,77.8,200,77.6,4,,,,,,,,,,,,,,,78.3,150,78.4,58,,,,,,,,,,,,,,,,
2026-07-13T20:00:29.488149+00:00,2026-07-13T20:00:29.478717,3,2,78.1,0.4,77.9,3,77.8,200,77.6,4,,,,,,,,,,,,,,,78.3,200,78.4,58,,,,,,,,,,,,,,,,
2026-07-13T20:00:29.552175+00:00,2026-07-13T20:00:29.550924,3,2,78.1,0.4,77.9,2,77.8,200,77.6,4,,,,,,,,,,,,,,,78.3,200,78.4,58,,,,,,,,,,,,,,,,
2026-07-13T20:00:30.064052+00:00,2026-07-13T20:00:30.060743,3,2,78.1,0.4,77.9,2,77.8,200,77.6,4,,,,,,,,,,,,,,,78.3,150,78.4,58,,,,,,,,,,,,,,,,
2026-07-13T20:00:30.214077+00:00,2026-07-13T20:00:30.211690,3,3,77.95,0.1,77.9,2,77.8,200,77.6,4,,,,,,,,,,,,,,,78.0,1,78.3,150,78.4,58,,,,,,,,,,,,,,
2026-07-13T20:00:30.310841+00:00,2026-07-13T20:00:30.303902,3,2,78.1,0.4,77.9,2,77.8,200,77.6,4,,,,,,,,,,,,,,,78.3,150,78.4,58,,,,,,,,,,,,,,,,
2026-07-13T20:00:30.386150+00:00,2026-07-13T20:00:30.382872,3,3,77.95,0.1,77.9,2,77.8,200,77.6,4,,,,,,,,,,,,,,,78.0,1,78.3,150,78.4,58,,,,,,,,,,,,,,
2026-07-13T20:00:30.482403+00:00,2026-07-13T20:00:30.472054,3,2,78.1,0.4,77.9,2,77.8,200,77.6,4,,,,,,,,,,,,,,,78.3,150,78.4,58,,,,,,,,,,,,,,,,
2026-07-13T20:00:30.514627+00:00,2026-07-13T20:00:30.510009,3,3,78.05,0.3,77.9,2,77.8,200,77.6,4,,,,,,,,,,,,,,,78.2,50,78.3,100,78.4,58,,,,,,,,,,,,,,
2026-07-13T20:00:30.717442+00:00,2026-07-13T20:00:30.711966,3,3,78.05,0.3,77.9,2,77.8,200,77.6,4,,,,,,,,,,,,,,,78.2,8,78.3,100,78.4,58,,,,,,,,,,,,,,
2026-07-13T20:00:30.760693+00:00,2026-07-13T20:00:30.759190,2,2,78.0,0.4,77.8,200,77.6,4,,,,,,,,,,,,,,,,,78.2,8,78.3,100,,,,,,,,,,,,,,,,
2026-07-13T20:00:30.814404+00:00,2026-07-13T20:00:30.810295,2,2,78.0,0.4,77.8,200,77.6,104,,,,,,,,,,,,,,,,,78.2,8,78.3,100,,,,,,,,,,,,,,,,
2026-07-13T20:00:30.867758+00:00,2026-07-13T20:00:30.863095,2,3,77.95,0.3,77.8,200,77.6,104,,,,,,,,,,,,,,,,,78.1,100,78.2,8,78.3,100,,,,,,,,,,,,,,
2026-07-13T20:00:31.237793+00:00,2026-07-13T20:00:31.228317,2,3,77.95,0.3,77.8,200,77.6,102,,,,,,,,,,,,,,,,,78.1,100,78.2,8,78.3,100,,,,,,,,,,,,,,
2026-07-13T20:00:31.489127+00:00,2026-07-13T20:00:31.485302,2,2,77.95,0.3,77.8,50,77.6,102,,,,,,,,,,,,,,,,,78.1,100,78.2,8,,,,,,,,,,,,,,,,
2026-07-13T20:00:31.543381+00:00,2026-07-13T20:00:31.540783,3,2,78.05,0.1,78.0,150,77.8,50,77.6,102,,,,,,,,,,,,,,,78.1,100,78.2,8,,,,,,,,,,,,,,,,
2026-07-13T20:00:31.597354+00:00,2026-07-13T20:00:31.593533,3,3,78.05,0.1,78.0,150,77.8,50,77.6,102,,,,,,,,,,,,,,,78.1,100,78.2,8,78.5,150,,,,,,,,,,,,,,
2026-07-13T20:00:32.174955+00:00,2026-07-13T20:00:32.167810,3,3,78.05,0.1,78.0,150,77.8,50,77.6,102,,,,,,,,,,,,,,,78.1,50,78.2,8,78.5,150,,,,,,,,,,,,,,
2026-07-13T20:00:32.261000+00:00,2026-07-13T20:00:32.257777,3,3,78.05,0.1,78.0,147,77.8,50,77.6,102,,,,,,,,,,,,,,,78.1,50,78.2,8,78.5,150,,,,,,,,,,,,,,
2026-07-13T20:00:32.411226+00:00,2026-07-13T20:00:32.403014,3,3,78.05,0.1,78.0,144,77.8,50,77.6,102,,,,,,,,,,,,,,,78.1,50,78.2,8,78.5,150,,,,,,,,,,,,,,
2026-07-13T20:00:32.432754+00:00,2026-07-13T20:00:32.429841,3,3,78.05,0.1,78.0,141,77.8,50,77.6,102,,,,,,,,,,,,,,,78.1,50,78.2,8,78.5,150,,,,,,,,,,,,,,
2026-07-13T20:00:32.464748+00:00,2026-07-13T20:00:32.461231,3,3,78.05,0.1,78.0,138,77.8,50,77.6,102,,,,,,,,,,,,,,,78.1,50,78.2,8,78.5,150,,,,,,,,,,,,,,
2026-07-13T20:00:33.922810+00:00,2026-07-13T20:00:33.919715,3,2,78.1,0.2,78.0,138,77.8,50,77.6,2,,,,,,,,,,,,,,,78.2,8,78.5,150,,,,,,,,,,,,,,,,
2026-07-13T20:00:33.976620+00:00,2026-07-13T20:00:33.974135,4,2,78.1,0.2,78.0,138,77.8,50,77.7,100,77.6,2,,,,,,,,,,,,,78.2,8,78.5,150,,,,,,,,,,,,,,,,
2026-07-13T20:00:34.030559+00:00,2026-07-13T20:00:34.028455,4,2,78.1,0.2,78.0,138,77.8,50,77.7,100,77.6,2,,,,,,,,,,,,,78.2,108,78.5,150,,,,,,,,,,,,,,,,
2026-07-13T20:00:34.106436+00:00,2026-07-13T20:00:34.097362,4,2,78.1,0.2,78.0,138,77.8,50,77.7,100,77.6,1,,,,,,,,,,,,,78.2,108,78.5,150,,,,,,,,,,,,,,,,
2026-07-13T20:00:34.117230+00:00,2026-07-13T20:00:34.112207,3,2,78.1,0.2,78.0,138,77.8,50,77.7,100,,,,,,,,,,,,,,,78.2,108,78.5,150,,,,,,,,,,,,,,,,
2026-07-13T20:00:34.269089+00:00,2026-07-13T20:00:34.264041,3,3,78.1,0.2,78.0,138,77.8,50,77.7,100,,,,,,,,,,,,,,,78.2,100,78.3,50,78.5,150,,,,,,,,,,,,,,
2026-07-13T20:00:34.291293+00:00,2026-07-13T20:00:34.280605,3,3,78.1,0.2,78.0,138,77.8,50,77.7,100,,,,,,,,,,,,,,,78.2,50,78.3,50,78.5,150,,,,,,,,,,,,,,
2026-07-13T20:00:34.445163+00:00,2026-07-13T20:00:34.434605,3,4,78.05,0.1,78.0,138,77.8,50,77.7,100,,,,,,,,,,,,,,,78.1,39,78.2,50,78.3,50,78.5,150,,,,,,,,,,,,
2026-07-13T20:00:34.477654+00:00,2026-07-13T20:00:34.475638,2,4,78.05,0.1,78.0,138,77.7,100,,,,,,,,,,,,,,,,,78.1,39,78.2,50,78.3,50,78.5,150,,,,,,,,,,,,
2026-07-13T20:00:34.488550+00:00,2026-07-13T20:00:34.486338,2,3,78.05,0.1,78.0,138,77.7,150,,,,,,,,,,,,,,,,,78.1,89,78.2,50,78.5,150,,,,,,,,,,,,,,
2026-07-13T20:00:34.542274+00:00,2026-07-13T20:00:34.539194,2,3,78.05,0.1,78.0,138,77.7,150,,,,,,,,,,,,,,,,,78.1,50,78.2,50,78.5,150,,,,,,,,,,,,,,
2026-07-13T20:00:34.553082+00:00,2026-07-13T20:00:34.543818,2,3,78.05,0.1,78.0,99,77.7,150,,,,,,,,,,,,,,,,,78.1,50,78.2,50,78.5,150,,,,,,,,,,,,,,
2026-07-13T20:00:34.650087+00:00,2026-07-13T20:00:34.648733,1,2,77.9,0.4,77.7,150,,,,,,,,,,,,,,,,,,,78.1,50,78.2,50,,,,,,,,,,,,,,,,
2026-07-13T20:00:34.704340+00:00,2026-07-13T20:00:34.702263,1,2,77.9,0.4,77.7,300,,,,,,,,,,,,,,,,,,,78.1,50,78.2,50,,,,,,,,,,,,,,,,
2026-07-13T20:00:34.758378+00:00,2026-07-13T20:00:34.755274,1,2,77.9,0.4,77.7,300,,,,,,,,,,,,,,,,,,,78.1,50,78.2,200,,,,,,,,,,,,,,,,
2026-07-13T20:00:35.123121+00:00,2026-07-13T20:00:35.116947,1,2,77.9,0.4,77.7,300,,,,,,,,,,,,,,,,,,,78.1,55,78.2,200,,,,,,,,,,,,,,,,
2026-07-13T20:00:35.717745+00:00,2026-07-13T20:00:35.716724,2,2,77.9,0.4,77.7,250,77.5,50,,,,,,,,,,,,,,,,,78.1,5,78.2,200,,,,,,,,,,,,,,,,
2026-07-13T20:00:35.728609+00:00,2026-07-13T20:00:35.719993,2,3,77.85,0.3,77.7,250,77.5,50,,,,,,,,,,,,,,,,,78.0,50,78.1,5,78.2,200,,,,,,,,,,,,,,
2026-07-13T20:00:36.445727+00:00,2026-07-13T20:00:36.437030,2,3,77.85,0.3,77.7,200,77.5,50,,,,,,,,,,,,,,,,,78.0,50,78.1,5,78.2,200,,,,,,,,,,,,,,
2026-07-13T20:00:36.959585+00:00,2026-07-13T20:00:36.957203,2,2,77.9,0.4,77.7,200,77.6,50,,,,,,,,,,,,,,,,,78.1,5,78.2,200,,,,,,,,,,,,,,,,
2026-07-13T20:00:36.970397+00:00,2026-07-13T20:00:36.960706,2,2,77.9,0.4,77.7,200,77.6,50,,,,,,,,,,,,,,,,,78.1,55,78.2,200,,,,,,,,,,,,,,,,
2026-07-13T20:00:37.087064+00:00,2026-07-13T20:00:37.084658,2,2,77.9,0.4,77.7,150,77.6,50,,,,,,,,,,,,,,,,,78.1,55,78.2,150,,,,,,,,,,,,,,,,
2026-07-13T20:00:37.140228+00:00,2026-07-13T20:00:37.139052,2,2,77.9,0.4,77.7,150,77.6,150,,,,,,,,,,,,,,,,,78.1,55,78.2,150,,,,,,,,,,,,,,,,
2026-07-13T20:00:37.194079+00:00,2026-07-13T20:00:37.191155,2,2,77.9,0.4,77.7,150,77.6,150,,,,,,,,,,,,,,,,,78.1,155,78.2,150,,,,,,,,,,,,,,,,
2026-07-13T20:00:37.386657+00:00,2026-07-13T20:00:37.385114,2,2,77.9,0.4,77.7,200,77.6,100,,,,,,,,,,,,,,,,,78.1,155,78.2,150,,,,,,,,,,,,,,,,
2026-07-13T20:00:37.828035+00:00,2026-07-13T20:00:37.820287,2,1,77.9,0.4,77.7,50,77.6,100,,,,,,,,,,,,,,,,,78.1,155,,,,,,,,,,,,,,,,,,
2026-07-13T20:00:37.881959+00:00,2026-07-13T20:00:37.878315,2,1,77.9,0.4,77.7,200,77.6,100,,,,,,,,,,,,,,,,,78.1,155,,,,,,,,,,,,,,,,,,
2026-07-13T20:00:37.936142+00:00,2026-07-13T20:00:37.931611,2,2,77.9,0.4,77.7,200,77.6,100,,,,,,,,,,,,,,,,,78.1,155,78.2,150,,,,,,,,,,,,,,,,
2026-07-13T20:00:38.022775+00:00,2026-07-13T20:00:38.020351,2,2,77.9,0.4,77.7,150,77.6,100,,,,,,,,,,,,,,,,,78.1,105,78.2,150,,,,,,,,,,,,,,,,
2026-07-13T20:00:38.033523+00:00,2026-07-13T20:00:38.028057,2,3,77.85,0.3,77.7,150,77.6,150,,,,,,,,,,,,,,,,,78.0,50,78.1,105,78.2,150,,,,,,,,,,,,,,
2026-07-13T20:00:38.449741+00:00,2026-07-13T20:00:38.448349,2,3,77.85,0.3,77.7,150,77.6,100,,,,,,,,,,,,,,,,,78.0,50,78.1,105,78.2,150,,,,,,,,,,,,,,
2026-07-13T20:00:38.460746+00:00,2026-07-13T20:00:38.459050,2,2,77.9,0.4,77.7,200,77.6,100,,,,,,,,,,,,,,,,,78.1,105,78.2,200,,,,,,,,,,,,,,,,
2026-07-13T20:00:39.231716+00:00,2026-07-13T20:00:39.226540,2,2,77.9,0.4,77.7,154,77.6,100,,,,,,,,,,,,,,,,,78.1,105,78.2,200,,,,,,,,,,,,,,,,
2026-07-13T20:00:39.693050+00:00,2026-07-13T20:00:39.687986,2,2,77.9,0.4,77.7,104,77.6,100,,,,,,,,,,,,,,,,,78.1,105,78.2,150,,,,,,,,,,,,,,,,
2026-07-13T20:00:39.703819+00:00,2026-07-13T20:00:39.696696,2,2,77.9,0.4,77.7,104,77.6,150,,,,,,,,,,,,,,,,,78.1,155,78.2,150,,,,,,,,,,,,,,,,
2026-07-13T20:00:39.885030+00:00,2026-07-13T20:00:39.876989,2,2,77.9,0.4,77.7,59,77.6,150,,,,,,,,,,,,,,,,,78.1,155,78.2,150,,,,,,,,,,,,,,,,
2026-07-13T20:00:40.257684+00:00,2026-07-13T20:00:40.248162,2,2,77.9,0.4,77.7,59,77.6,50,,,,,,,,,,,,,,,,,78.1,55,78.2,150,,,,,,,,,,,,,,,,
2026-07-13T20:00:40.311336+00:00,2026-07-13T20:00:40.307335,2,2,77.9,0.4,77.7,109,77.6,100,,,,,,,,,,,,,,,,,78.1,55,78.2,150,,,,,,,,,,,,,,,,
2026-07-13T20:00:40.355021+00:00,2026-07-13T20:00:40.353466,2,2,77.9,0.4,77.7,109,77.6,100,,,,,,,,,,,,,,,,,78.1,155,78.2,150,,,,,,,,,,,,,,,,
2026-07-13T20:00:40.608123+00:00,2026-07-13T20:00:40.603289,2,2,77.9,0.4,77.7,109,77.6,100,,,,,,,,,,,,,,,,,78.1,105,78.2,150,,,,,,,,,,,,,,,,
2026-07-13T20:00:40.663077+00:00,2026-07-13T20:00:40.656015,2,2,77.9,0.4,77.7,109,77.6,100,,,,,,,,,,,,,,,,,78.1,110,78.2,150,,,,,,,,,,,,,,,,
2026-07-13T20:00:40.729329+00:00,2026-07-13T20:00:40.728036,3,2,77.95,0.3,77.8,50,77.7,59,77.6,100,,,,,,,,,,,,,,,78.1,105,78.2,150,,,,,,,,,,,,,,,,
2026-07-13T20:00:40.740387+00:00,2026-07-13T20:00:40.731224,3,2,77.95,0.3,77.8,50,77.7,59,77.6,100,,,,,,,,,,,,,,,78.1,105,78.2,200,,,,,,,,,,,,,,,,
2026-07-13T20:00:40.991798+00:00,2026-07-13T20:00:40.989529,2,2,77.95,0.3,77.8,50,77.6,100,,,,,,,,,,,,,,,,,78.1,105,78.2,50,,,,,,,,,,,,,,,,
2026-07-13T20:00:41.058316+00:00,2026-07-13T20:00:41.047632,3,2,77.95,0.3,77.8,50,77.6,100,77.4,150,,,,,,,,,,,,,,,78.1,105,78.2,50,,,,,,,,,,,,,,,,
2026-07-13T20:00:41.118371+00:00,2026-07-13T20:00:41.107526,3,3,77.85,0.1,77.8,50,77.6,100,77.4,150,,,,,,,,,,,,,,,77.9,150,78.1,105,78.2,50,,,,,,,,,,,,,,
2026-07-13T20:00:41.162432+00:00,2026-07-13T20:00:41.158975,3,3,77.8,0.2,77.7,50,77.6,100,77.4,150,,,,,,,,,,,,,,,77.9,150,78.1,105,78.2,50,,,,,,,,,,,,,,
2026-07-13T20:00:42.399164+00:00,2026-07-13T20:00:42.392999,3,2,77.8,0.2,77.7,50,77.6,100,77.4,150,,,,,,,,,,,,,,,77.9,150,78.1,155,,,,,,,,,,,,,,,,
2026-07-13T20:00:42.721632+00:00,2026-07-13T20:00:42.712365,3,2,77.8,0.2,77.7,50,77.6,100,77.4,150,,,,,,,,,,,,,,,77.9,100,78.1,155,,,,,,,,,,,,,,,,
2026-07-13T20:00:43.417691+00:00,2026-07-13T20:00:43.407598,2,2,77.8,0.2,77.7,50,77.4,150,,,,,,,,,,,,,,,,,77.9,100,78.1,55,,,,,,,,,,,,,,,,
2026-07-13T20:00:43.472141+00:00,2026-07-13T20:00:43.463761,3,2,77.8,0.2,77.7,50,77.5,100,77.4,150,,,,,,,,,,,,,,,77.9,100,78.1,55,,,,,,,,,,,,,,,,
2026-07-13T20:00:43.515756+00:00,2026-07-13T20:00:43.514755,3,3,77.8,0.2,77.7,50,77.5,100,77.4,150,,,,,,,,,,,,,,,77.9,100,78.0,100,78.1,55,,,,,,,,,,,,,,
2026-07-13T20:00:43.601395+00:00,2026-07-13T20:00:43.594791,4,3,77.85,0.1,77.8,39,77.7,50,77.5,100,77.4,150,,,,,,,,,,,,,77.9,100,78.0,100,78.1,55,,,,,,,,,,,,,,
2026-07-13T20:00:43.612136+00:00,2026-07-13T20:00:43.605994,4,3,77.85,0.1,77.8,39,77.7,50,77.5,100,77.4,150,,,,,,,,,,,,,77.9,100,78.0,100,78.1,5,,,,,,,,,,,,,,
2026-07-13T20:00:43.622939+00:00,2026-07-13T20:00:43.619297,3,3,77.85,0.1,77.8,89,77.5,100,77.4,150,,,,,,,,,,,,,,,77.9,50,78.0,100,78.1,5,,,,,,,,,,,,,,
2026-07-13T20:00:43.633688+00:00,2026-07-13T20:00:43.623769,3,4,77.85,0.1,77.8,89,77.5,100,77.4,150,,,,,,,,,,,,,,,77.9,50,78.0,100,78.1,5,78.2,50,,,,,,,,,,,,
2026-07-13T20:00:43.708892+00:00,2026-07-13T20:00:43.705494,3,4,77.85,0.1,77.8,50,77.5,100,77.4,150,,,,,,,,,,,,,,,77.9,11,78.0,100,78.1,5,78.2,50,,,,,,,,,,,,
2026-07-13T20:00:43.847497+00:00,2026-07-13T20:00:43.842547,3,4,77.75,0.3,77.6,50,77.5,100,77.4,150,,,,,,,,,,,,,,,77.9,11,78.0,100,78.1,5,78.2,50,,,,,,,,,,,,
2026-07-13T20:00:44.160257+00:00,2026-07-13T20:00:44.159472,3,3,77.8,0.4,77.6,50,77.5,100,77.4,150,,,,,,,,,,,,,,,78.0,100,78.1,5,78.2,50,,,,,,,,,,,,,,
2026-07-13T20:00:44.171333+00:00,2026-07-13T20:00:44.161084,2,3,77.8,0.4,77.6,50,77.5,100,,,,,,,,,,,,,,,,,78.0,100,78.1,5,78.2,50,,,,,,,,,,,,,,
2026-07-13T20:00:44.225043+00:00,2026-07-13T20:00:44.215277,3,2,78.05,0.1,78.0,50,77.6,50,77.5,100,,,,,,,,,,,,,,,78.1,5,78.2,50,,,,,,,,,,,,,,,,
2026-07-13T20:00:44.279492+00:00,2026-07-13T20:00:44.277172,3,3,78.05,0.1,78.0,50,77.8,50,77.5,100,,,,,,,,,,,,,,,78.1,5,78.2,50,78.5,150,,,,,,,,,,,,,,
2026-07-13T20:00:44.826477+00:00,2026-07-13T20:00:44.819202,3,2,78.1,0.2,78.0,50,77.8,50,77.5,100,,,,,,,,,,,,,,,78.2,5,78.5,150,,,,,,,,,,,,,,,,
2026-07-13T20:00:44.923278+00:00,2026-07-13T20:00:44.916517,3,2,78.2,0.4,78.0,50,77.8,50,77.5,100,,,,,,,,,,,,,,,78.4,50,78.5,150,,,,,,,,,,,,,,,,
2026-07-13T20:00:45.907564+00:00,2026-07-13T20:00:45.897185,3,3,78.15,0.3,78.0,50,77.8,50,77.5,100,,,,,,,,,,,,,,,78.3,39,78.4,50,78.5,150,,,,,,,,,,,,,,
2026-07-13T20:00:45.950366+00:00,2026-07-13T20:00:45.943977,3,3,78.1,0.2,78.0,50,77.8,50,77.5,100,,,,,,,,,,,,,,,78.2,50,78.3,39,78.5,150,,,,,,,,,,,,,,
2026-07-13T20:00:46.004386+00:00,2026-07-13T20:00:46.002327,3,2,78.1,0.2,78.0,50,77.8,50,77.5,100,,,,,,,,,,,,,,,78.2,50,78.5,150,,,,,,,,,,,,,,,,
2026-07-13T20:00:46.015276+00:00,2026-07-13T20:00:46.006111,3,3,78.05,0.1,78.0,50,77.8,50,77.5,100,,,,,,,,,,,,,,,78.1,39,78.2,50,78.5,150,,,,,,,,,,,,,,
2026-07-13T20:00:46.166119+00:00,2026-07-13T20:00:46.165325,3,3,78.05,0.1,78.0,50,77.8,50,77.5,100,,,,,,,,,,,,,,,78.1,39,78.3,50,78.5,150,,,,,,,,,,,,,,
2026-07-13T20:00:46.224932+00:00,2026-07-13T20:00:46.219966,3,2,78.15,0.3,78.0,50,77.8,50,77.5,100,,,,,,,,,,,,,,,78.3,50,78.5,150,,,,,,,,,,,,,,,,
2026-07-13T20:00:46.365266+00:00,2026-07-13T20:00:46.360664,3,2,78.15,0.3,78.0,50,77.8,50,77.5,100,,,,,,,,,,,,,,,78.3,6,78.5,150,,,,,,,,,,,,,,,,
2026-07-13T20:00:46.572529+00:00,2026-07-13T20:00:46.569218,2,2,78.15,0.3,78.0,50,77.8,50,,,,,,,,,,,,,,,,,78.3,6,78.5,150,,,,,,,,,,,,,,,,
2026-07-13T20:00:46.627176+00:00,2026-07-13T20:00:46.621227,2,2,78.15,0.3,78.0,150,77.8,50,,,,,,,,,,,,,,,,,78.3,6,78.5,150,,,,,,,,,,,,,,,,
2026-07-13T20:00:46.681678+00:00,2026-07-13T20:00:46.674214,2,2,78.15,0.3,78.0,150,77.8,50,,,,,,,,,,,,,,,,,78.3,6,78.5,250,,,,,,,,,,,,,,,,
2026-07-13T20:00:46.931384+00:00,2026-07-13T20:00:46.927407,2,1,78.25,0.5,78.0,150,77.8,50,,,,,,,,,,,,,,,,,78.5,206,,,,,,,,,,,,,,,,,,
2026-07-13T20:00:47.008470+00:00,2026-07-13T20:00:47.005578,1,1,78.25,0.5,78.0,150,,,,,,,,,,,,,,,,,,,78.5,206,,,,,,,,,,,,,,,,,,
2026-07-13T20:00:47.019535+00:00,2026-07-13T20:00:47.012961,1,2,78.2,0.4,78.0,200,,,,,,,,,,,,,,,,,,,78.4,8,78.5,206,,,,,,,,,,,,,,,,
2026-07-13T20:00:47.326860+00:00,2026-07-13T20:00:47.325665,1,2,78.2,0.4,78.0,200,,,,,,,,,,,,,,,,,,,78.4,8,78.5,100,,,,,,,,,,,,,,,,
2026-07-13T20:00:47.337899+00:00,2026-07-13T20:00:47.327170,1,2,78.2,0.4,78.0,150,,,,,,,,,,,,,,,,,,,78.4,8,78.5,100,,,,,,,,,,,,,,,,
2026-07-13T20:00:47.382050+00:00,2026-07-13T20:00:47.379497,2,2,78.2,0.4,78.0,150,77.8,150,,,,,,,,,,,,,,,,,78.4,8,78.5,100,,,,,,,,,,,,,,,,
2026-07-13T20:00:47.436041+00:00,2026-07-13T20:00:47.432452,2,3,78.15,0.3,78.0,150,77.8,150,,,,,,,,,,,,,,,,,78.3,150,78.4,8,78.5,100,,,,,,,,,,,,,,
2026-07-13T20:00:47.463655+00:00,2026-07-13T20:00:47.462122,2,3,78.15,0.3,78.0,147,77.8,150,,,,,,,,,,,,,,,,,78.3,150,78.4,8,78.5,100,,,,,,,,,,,,,,
2026-07-13T20:00:47.519008+00:00,2026-07-13T20:00:47.516550,2,4,78.1,0.2,78.0,147,77.8,150,,,,,,,,,,,,,,,,,78.2,78,78.3,150,78.4,8,78.5,100,,,,,,,,,,,,
2026-07-13T20:00:47.636875+00:00,2026-07-13T20:00:47.635789,2,4,78.1,0.2,78.0,97,77.8,150,,,,,,,,,,,,,,,,,78.2,78,78.3,150,78.4,8,78.5,100,,,,,,,,,,,,
2026-07-13T20:00:47.647675+00:00,2026-07-13T20:00:47.645607,2,3,78.1,0.2,78.0,97,77.8,200,,,,,,,,,,,,,,,,,78.2,86,78.3,150,78.5,100,,,,,,,,,,,,,,
2026-07-13T20:00:47.734722+00:00,2026-07-13T20:00:47.733511,2,4,78.05,0.1,78.0,97,77.8,200,,,,,,,,,,,,,,,,,78.1,78,78.2,8,78.3,150,78.5,100,,,,,,,,,,,,
2026-07-13T20:00:47.831828+00:00,2026-07-13T20:00:47.829421,2,4,78.05,0.1,78.0,97,77.8,200,,,,,,,,,,,,,,,,,78.1,35,78.2,8,78.3,150,78.5,100,,,,,,,,,,,,
2026-07-13T20:00:48.094043+00:00,2026-07-13T20:00:48.086711,2,4,78.05,0.1,78.0,72,77.8,200,,,,,,,,,,,,,,,,,78.1,35,78.2,8,78.3,150,78.5,100,,,,,,,,,,,,
2026-07-13T20:00:48.848118+00:00,2026-07-13T20:00:48.847537,2,3,78.1,0.2,78.0,72,77.8,200,,,,,,,,,,,,,,,,,78.2,8,78.3,150,78.5,100,,,,,,,,,,,,,,
2026-07-13T20:00:48.923993+00:00,2026-07-13T20:00:48.923407,2,2,78.15,0.3,78.0,72,77.8,150,,,,,,,,,,,,,,,,,78.3,150,78.5,100,,,,,,,,,,,,,,,,
2026-07-13T20:00:48.934928+00:00,2026-07-13T20:00:48.931602,3,3,78.15,0.3,78.0,72,77.9,50,77.8,150,,,,,,,,,,,,,,,78.3,150,78.4,8,78.5,100,,,,,,,,,,,,,,
2026-07-13T20:00:49.041831+00:00,2026-07-13T20:00:49.034876,3,3,78.15,0.3,78.0,72,77.9,50,77.8,150,,,,,,,,,,,,,,,78.3,100,78.4,8,78.5,100,,,,,,,,,,,,,,
2026-07-13T20:00:49.212677+00:00,2026-07-13T20:00:49.208909,3,4,78.05,0.1,78.0,72,77.9,50,77.8,150,,,,,,,,,,,,,,,78.1,6,78.3,100,78.4,8,78.5,100,,,,,,,,,,,,
2026-07-13T20:00:49.575630+00:00,2026-07-13T20:00:49.571793,3,3,78.05,0.1,78.0,72,77.9,50,77.8,150,,,,,,,,,,,,,,,78.1,6,78.3,100,78.5,100,,,,,,,,,,,,,,
2026-07-13T20:00:49.586501+00:00,2026-07-13T20:00:49.575977,3,3,78.05,0.1,78.0,72,77.9,50,77.8,150,,,,,,,,,,,,,,,78.1,6,78.3,108,78.5,100,,,,,,,,,,,,,,
2026-07-13T20:00:49.737372+00:00,2026-07-13T20:00:49.731720,2,2,78.0,0.2,77.9,50,77.8,150,,,,,,,,,,,,,,,,,78.1,6,78.3,108,,,,,,,,,,,,,,,,
2026-07-13T20:00:49.791623+00:00,2026-07-13T20:00:49.786706,2,2,78.0,0.2,77.9,50,77.8,250,,,,,,,,,,,,,,,,,78.1,6,78.3,108,,,,,,,,,,,,,,,,
2026-07-13T20:00:49.845450+00:00,2026-07-13T20:00:49.839009,2,2,78.0,0.2,77.9,50,77.8,250,,,,,,,,,,,,,,,,,78.1,6,78.3,208,,,,,,,,,,,,,,,,
2026-07-13T20:00:49.942107+00:00,2026-07-13T20:00:49.936434,2,2,78.0,0.2,77.9,50,77.8,250,,,,,,,,,,,,,,,,,78.1,5,78.3,208,,,,,,,,,,,,,,,,
2026-07-13T20:00:50.488227+00:00,2026-07-13T20:00:50.487235,2,2,78.0,0.2,77.9,50,77.8,250,,,,,,,,,,,,,,,,,78.1,5,78.3,108,,,,,,,,,,,,,,,,
2026-07-13T20:00:50.499131+00:00,2026-07-13T20:00:50.488827,2,2,78.0,0.2,77.9,50,77.8,100,,,,,,,,,,,,,,,,,78.1,5,78.3,108,,,,,,,,,,,,,,,,
2026-07-13T20:00:50.552196+00:00,2026-07-13T20:00:50.541767,2,2,78.0,0.2,77.9,200,77.8,100,,,,,,,,,,,,,,,,,78.1,5,78.3,108,,,,,,,,,,,,,,,,
2026-07-13T20:00:50.595375+00:00,2026-07-13T20:00:50.593826,2,3,78.0,0.2,77.9,200,77.8,100,,,,,,,,,,,,,,,,,78.1,5,78.3,108,78.4,150,,,,,,,,,,,,,,
2026-07-13T20:00:51.162619+00:00,2026-07-13T20:00:51.153079,2,2,78.1,0.4,77.9,200,77.8,100,,,,,,,,,,,,,,,,,78.3,63,78.4,150,,,,,,,,,,,,,,,,
2026-07-13T20:00:51.222322+00:00,2026-07-13T20:00:51.208141,2,3,78.05,0.3,77.9,200,77.8,100,,,,,,,,,,,,,,,,,78.2,6,78.3,63,78.4,150,,,,,,,,,,,,,,
2026-07-13T20:00:51.659246+00:00,2026-07-13T20:00:51.656002,2,3,78.05,0.3,77.9,200,77.8,100,,,,,,,,,,,,,,,,,78.2,5,78.3,63,78.4,150,,,,,,,,,,,,,,
2026-07-13T20:00:52.215827+00:00,2026-07-13T20:00:52.210688,2,3,78.05,0.3,77.9,200,77.8,100,,,,,,,,,,,,,,,,,78.2,3,78.3,63,78.4,150,,,,,,,,,,,,,,
2026-07-13T20:00:52.893487+00:00,2026-07-13T20:00:52.892638,2,2,78.05,0.3,77.9,200,77.8,100,,,,,,,,,,,,,,,,,78.2,3,78.4,150,,,,,,,,,,,,,,,,
2026-07-13T20:00:52.904227+00:00,2026-07-13T20:00:52.893908,1,2,78.05,0.3,77.9,200,,,,,,,,,,,,,,,,,,,78.2,3,78.4,150,,,,,,,,,,,,,,,,
2026-07-13T20:00:52.947279+00:00,2026-07-13T20:00:52.946644,1,2,78.05,0.3,77.9,300,,,,,,,,,,,,,,,,,,,78.2,3,78.4,150,,,,,,,,,,,,,,,,
2026-07-13T20:00:53.001107+00:00,2026-07-13T20:00:53.000423,1,2,78.05,0.3,77.9,300,,,,,,,,,,,,,,,,,,,78.2,3,78.4,250,,,,,,,,,,,,,,,,
2026-07-13T20:00:53.271600+00:00,2026-07-13T20:00:53.263313,1,1,78.15,0.5,77.9,300,,,,,,,,,,,,,,,,,,,78.4,203,,,,,,,,,,,,,,,,,,
2026-07-13T20:00:53.657867+00:00,2026-07-13T20:00:53.648916,1,1,78.15,0.5,77.9,150,,,,,,,,,,,,,,,,,,,78.4,100,,,,,,,,,,,,,,,,,,
2026-07-13T20:00:53.711805+00:00,2026-07-13T20:00:53.706091,2,1,78.25,0.3,78.1,150,77.9,150,,,,,,,,,,,,,,,,,78.4,100,,,,,,,,,,,,,,,,,,
2026-07-13T20:00:53.733524+00:00,2026-07-13T20:00:53.731454,2,2,78.2,0.2,78.1,150,77.9,150,,,,,,,,,,,,,,,,,78.3,35,78.4,100,,,,,,,,,,,,,,,,
2026-07-13T20:00:53.776810+00:00,2026-07-13T20:00:53.775795,2,3,78.2,0.2,78.1,150,77.9,150,,,,,,,,,,,,,,,,,78.3,35,78.4,100,78.6,150,,,,,,,,,,,,,,
2026-07-13T20:00:54.669599+00:00,2026-07-13T20:00:54.668257,2,3,78.2,0.2,78.1,125,77.9,150,,,,,,,,,,,,,,,,,78.3,35,78.4,100,78.6,150,,,,,,,,,,,,,,
2026-07-13T20:00:55.379407+00:00,2026-07-13T20:00:55.378137,2,2,78.25,0.3,78.1,104,77.9,150,,,,,,,,,,,,,,,,,78.4,85,78.6,150,,,,,,,,,,,,,,,,
2026-07-13T20:00:55.470346+00:00,2026-07-13T20:00:55.460304,2,3,78.2,0.2,78.1,104,77.9,150,,,,,,,,,,,,,,,,,78.3,35,78.4,85,78.6,150,,,,,,,,,,,,,,
2026-07-13T20:00:55.559145+00:00,2026-07-13T20:00:55.503136,2,3,78.2,0.2,78.1,104,77.9,100,,,,,,,,,,,,,,,,,78.3,35,78.4,85,78.6,150,,,,,,,,,,,,,,
2026-07-13T20:00:55.570046+00:00,2026-07-13T20:00:55.559775,3,3,78.2,0.2,78.1,99,77.9,100,77.6,50,,,,,,,,,,,,,,,78.3,35,78.4,85,78.6,150,,,,,,,,,,,,,,
2026-07-13T20:00:55.930785+00:00,2026-07-13T20:00:55.924565,3,3,78.2,0.2,78.1,99,77.9,100,77.8,50,,,,,,,,,,,,,,,78.3,35,78.4,85,78.6,150,,,,,,,,,,,,,,
2026-07-13T20:00:56.059453+00:00,2026-07-13T20:00:56.057471,2,2,78.2,0.2,78.1,99,77.8,50,,,,,,,,,,,,,,,,,78.3,35,78.6,150,,,,,,,,,,,,,,,,
2026-07-13T20:00:56.080845+00:00,2026-07-13T20:00:56.073818,2,2,78.3,0.4,78.1,99,77.8,50,,,,,,,,,,,,,,,,,78.5,35,78.6,150,,,,,,,,,,,,,,,,
2026-07-13T20:00:56.123460+00:00,2026-07-13T20:00:56.115508,2,2,78.3,0.4,78.1,99,77.8,150,,,,,,,,,,,,,,,,,78.5,35,78.6,150,,,,,,,,,,,,,,,,
2026-07-13T20:00:56.201434+00:00,2026-07-13T20:00:56.193630,2,3,78.2,0.2,78.1,99,77.8,150,,,,,,,,,,,,,,,,,78.3,100,78.5,35,78.6,150,,,,,,,,,,,,,,
2026-07-13T20:00:56.212467+00:00,2026-07-13T20:00:56.201839,2,3,78.2,0.2,78.1,74,77.8,150,,,,,,,,,,,,,,,,,78.3,100,78.5,35,78.6,150,,,,,,,,,,,,,,
2026-07-13T20:00:56.287461+00:00,2026-07-13T20:00:56.281887,2,3,78.15,0.1,78.1,74,77.8,150,,,,,,,,,,,,,,,,,78.2,35,78.3,100,78.6,150,,,,,,,,,,,,,,
2026-07-13T20:00:56.656660+00:00,2026-07-13T20:00:56.655779,2,3,78.15,0.1,78.1,74,77.8,150,,,,,,,,,,,,,,,,,78.2,25,78.3,100,78.6,150,,,,,,,,,,,,,,
2026-07-13T20:00:56.689374+00:00,2026-07-13T20:00:56.686667,2,2,78.2,0.2,78.1,74,77.8,150,,,,,,,,,,,,,,,,,78.3,100,78.6,150,,,,,,,,,,,,,,,,
2026-07-13T20:00:56.742985+00:00,2026-07-13T20:00:56.741570,3,2,78.2,0.2,78.1,74,78.0,50,77.8,100,,,,,,,,,,,,,,,78.3,100,78.6,150,,,,,,,,,,,,,,,,
2026-07-13T20:00:56.839721+00:00,2026-07-13T20:00:56.831464,2,1,78.15,0.3,78.0,50,77.8,100,,,,,,,,,,,,,,,,,78.3,100,,,,,,,,,,,,,,,,,,
2026-07-13T20:00:56.893131+00:00,2026-07-13T20:00:56.885173,3,1,78.15,0.3,78.0,50,77.8,100,77.7,150,,,,,,,,,,,,,,,78.3,100,,,,,,,,,,,,,,,,,,
2026-07-13T20:00:56.946436+00:00,2026-07-13T20:00:56.945636,2,2,78.0,0.4,77.8,100,77.7,150,,,,,,,,,,,,,,,,,78.2,150,78.3,100,,,,,,,,,,,,,,,,
2026-07-13T20:00:56.957355+00:00,2026-07-13T20:00:56.949852,2,2,78.0,0.4,77.8,150,77.7,150,,,,,,,,,,,,,,,,,78.2,150,78.3,100,,,,,,,,,,,,,,,,
2026-07-13T20:00:57.482971+00:00,2026-07-13T20:00:57.481588,2,2,78.0,0.4,77.8,150,77.7,150,,,,,,,,,,,,,,,,,78.2,100,78.3,100,,,,,,,,,,,,,,,,
2026-07-13T20:00:59.256987+00:00,2026-07-13T20:00:59.250514,2,1,78.0,0.4,77.8,50,77.7,150,,,,,,,,,,,,,,,,,78.2,100,,,,,,,,,,,,,,,,,,
2026-07-13T20:00:59.310533+00:00,2026-07-13T20:00:59.303739,2,1,78.0,0.4,77.8,150,77.7,150,,,,,,,,,,,,,,,,,78.2,100,,,,,,,,,,,,,,,,,,
2026-07-13T20:00:59.364329+00:00,2026-07-13T20:00:59.356147,2,2,78.0,0.4,77.8,150,77.7,150,,,,,,,,,,,,,,,,,78.2,100,78.3,100,,,,,,,,,,,,,,,,
2026-07-13T20:00:59.599069+00:00,2026-07-13T20:00:59.589027,2,2,78.0,0.4,77.8,150,77.7,150,,,,,,,,,,,,,,,,,78.2,50,78.3,100,,,,,,,,,,,,,,,,
2026-07-13T20:00:59.996309+00:00,2026-07-13T20:00:59.994373,2,1,78.05,0.5,77.8,150,77.7,150,,,,,,,,,,,,,,,,,78.3,100,,,,,,,,,,,,,,,,,,
2026-07-13T20:01:00.007056+00:00,2026-07-13T20:00:59.996586,1,1,78.05,0.5,77.8,150,,,,,,,,,,,,,,,,,,,78.3,100,,,,,,,,,,,,,,,,,,
2026-07-13T20:01:00.050586+00:00,2026-07-13T20:01:00.049879,2,1,78.15,0.3,78.0,150,77.8,150,,,,,,,,,,,,,,,,,78.3,100,,,,,,,,,,,,,,,,,,
2026-07-13T20:01:00.083031+00:00,2026-07-13T20:01:00.078380,2,2,78.1,0.2,78.0,150,77.8,150,,,,,,,,,,,,,,,,,78.2,12,78.3,100,,,,,,,,,,,,,,,,
2026-07-13T20:01:00.104308+00:00,2026-07-13T20:01:00.102633,2,3,78.1,0.2,78.0,150,77.8,150,,,,,,,,,,,,,,,,,78.2,12,78.3,100,78.5,150,,,,,,,,,,,,,,
2026-07-13T20:01:00.726946+00:00,2026-07-13T20:01:00.716454,2,3,78.1,0.2,78.0,125,77.8,150,,,,,,,,,,,,,,,,,78.2,12,78.3,100,78.5,150,,,,,,,,,,,,,,
2026-07-13T20:01:00.872567+00:00,2026-07-13T20:01:00.871068,2,3,78.1,0.2,78.0,115,77.8,150,,,,,,,,,,,,,,,,,78.2,12,78.3,100,78.5,150,,,,,,,,,,,,,,
2026-07-13T20:01:01.046248+00:00,2026-07-13T20:01:01.041061,2,3,78.1,0.2,78.0,115,77.8,100,,,,,,,,,,,,,,,,,78.2,12,78.3,100,78.5,150,,,,,,,,,,,,,,
2026-07-13T20:01:01.057345+00:00,2026-07-13T20:01:01.047220,3,3,78.1,0.2,78.0,115,77.8,100,77.6,50,,,,,,,,,,,,,,,78.2,12,78.3,100,78.5,150,,,,,,,,,,,,,,
2026-07-13T20:01:01.708778+00:00,2026-07-13T20:01:01.706824,3,2,78.15,0.3,78.0,115,77.8,100,77.6,50,,,,,,,,,,,,,,,78.3,62,78.5,150,,,,,,,,,,,,,,,,
2026-07-13T20:01:01.774078+00:00,2026-07-13T20:01:01.768581,3,3,78.1,0.2,78.0,115,77.8,100,77.6,50,,,,,,,,,,,,,,,78.2,13,78.3,62,78.5,150,,,,,,,,,,,,,,
2026-07-13T20:01:01.796064+00:00,2026-07-13T20:01:01.792017,3,3,78.1,0.2,78.0,66,77.8,100,77.6,50,,,,,,,,,,,,,,,78.2,13,78.3,62,78.5,150,,,,,,,,,,,,,,
2026-07-13T20:01:01.980947+00:00,2026-07-13T20:01:01.977319,3,2,78.15,0.3,78.0,66,77.8,100,77.6,50,,,,,,,,,,,,,,,78.3,62,78.5,150,,,,,,,,,,,,,,,,
2026-07-13T20:01:02.057469+00:00,2026-07-13T20:01:02.053458,2,2,78.15,0.3,78.0,66,77.8,100,,,,,,,,,,,,,,,,,78.3,62,78.5,150,,,,,,,,,,,,,,,,
2026-07-13T20:01:02.068447+00:00,2026-07-13T20:01:02.060076,2,2,78.15,0.3,78.0,66,77.8,150,,,,,,,,,,,,,,,,,78.3,62,78.5,150,,,,,,,,,,,,,,,,
2026-07-13T20:01:02.414164+00:00,2026-07-13T20:01:02.413581,2,1,78.25,0.5,78.0,66,77.8,50,,,,,,,,,,,,,,,,,78.5,150,,,,,,,,,,,,,,,,,,
2026-07-13T20:01:02.425065+00:00,2026-07-13T20:01:02.424126,2,1,78.25,0.5,78.0,72,77.8,50,,,,,,,,,,,,,,,,,78.5,150,,,,,,,,,,,,,,,,,,
2026-07-13T20:01:02.468029+00:00,2026-07-13T20:01:02.466102,2,1,78.25,0.5,78.0,172,77.8,50,,,,,,,,,,,,,,,,,78.5,150,,,,,,,,,,,,,,,,,,
2026-07-13T20:01:02.521929+00:00,2026-07-13T20:01:02.519946,2,1,78.25,0.5,78.0,172,77.8,50,,,,,,,,,,,,,,,,,78.5,250,,,,,,,,,,,,,,,,,,
2026-07-13T20:01:03.163924+00:00,2026-07-13T20:01:03.158973,2,1,78.25,0.5,78.0,106,77.8,50,,,,,,,,,,,,,,,,,78.5,100,,,,,,,,,,,,,,,,,,
2026-07-13T20:01:03.229819+00:00,2026-07-13T20:01:03.227035,2,1,78.25,0.5,78.0,106,77.8,200,,,,,,,,,,,,,,,,,78.5,100,,,,,,,,,,,,,,,,,,
2026-07-13T20:01:03.284806+00:00,2026-07-13T20:01:03.282882,2,2,78.15,0.3,78.0,106,77.8,200,,,,,,,,,,,,,,,,,78.3,150,78.5,100,,,,,,,,,,,,,,,,
2026-07-13T20:01:03.306929+00:00,2026-07-13T20:01:03.303347,3,2,78.15,0.3,78.0,106,77.8,150,77.6,50,,,,,,,,,,,,,,,78.3,150,78.5,100,,,,,,,,,,,,,,,,
2026-07-13T20:01:03.339959+00:00,2026-07-13T20:01:03.335803,3,3,78.1,0.2,78.0,106,77.8,150,77.6,50,,,,,,,,,,,,,,,78.2,13,78.3,150,78.5,100,,,,,,,,,,,,,,
2026-07-13T20:01:03.818097+00:00,2026-07-13T20:01:03.816530,3,2,78.15,0.3,78.0,106,77.8,150,77.6,50,,,,,,,,,,,,,,,78.3,113,78.5,100,,,,,,,,,,,,,,,,
2026-07-13T20:01:04.228490+00:00,2026-07-13T20:01:04.224103,3,2,78.15,0.3,78.0,81,77.8,150,77.6,50,,,,,,,,,,,,,,,78.3,113,78.5,100,,,,,,,,,,,,,,,,
2026-07-13T20:01:04.444119+00:00,2026-07-13T20:01:04.437328,3,2,78.15,0.3,78.0,87,77.8,150,77.6,50,,,,,,,,,,,,,,,78.3,113,78.5,100,,,,,,,,,,,,,,,,
2026-07-13T20:01:04.553156+00:00,2026-07-13T20:01:04.547892,2,2,78.15,0.3,78.0,87,77.8,200,,,,,,,,,,,,,,,,,78.3,113,78.5,100,,,,,,,,,,,,,,,,
2026-07-13T20:01:05.579397+00:00,2026-07-13T20:01:05.578348,2,1,78.15,0.3,78.0,87,77.8,200,,,,,,,,,,,,,,,,,78.3,113,,,,,,,,,,,,,,,,,,
2026-07-13T20:01:05.590437+00:00,2026-07-13T20:01:05.579851,2,1,78.15,0.3,78.0,6,77.8,200,,,,,,,,,,,,,,,,,78.3,113,,,,,,,,,,,,,,,,,,
2026-07-13T20:01:05.633935+00:00,2026-07-13T20:01:05.632323,3,1,78.15,0.3,78.0,6,77.9,100,77.8,200,,,,,,,,,,,,,,,78.3,113,,,,,,,,,,,,,,,,,,
2026-07-13T20:01:05.688714+00:00,2026-07-13T20:01:05.686462,3,2,78.15,0.3,78.0,6,77.9,100,77.8,200,,,,,,,,,,,,,,,78.3,113,78.4,100,,,,,,,,,,,,,,,,
2026-07-13T20:01:05.744086+00:00,2026-07-13T20:01:05.741524,2,2,78.1,0.4,77.9,100,77.8,200,,,,,,,,,,,,,,,,,78.3,113,78.4,100,,,,,,,,,,,,,,,,
2026-07-13T20:01:05.949612+00:00,2026-07-13T20:01:05.944491,2,2,78.1,0.4,77.9,52,77.8,200,,,,,,,,,,,,,,,,,78.3,113,78.4,100,,,,,,,,,,,,,,,,
2026-07-13T20:01:05.960369+00:00,2026-07-13T20:01:05.959884,3,2,78.1,0.4,77.9,52,77.8,150,77.6,50,,,,,,,,,,,,,,,78.3,113,78.4,100,,,,,,,,,,,,,,,,
2026-07-13T20:01:05.981941+00:00,2026-07-13T20:01:05.974720,3,2,78.1,0.4,77.9,2,77.8,150,77.6,50,,,,,,,,,,,,,,,78.3,113,78.4,100,,,,,,,,,,,,,,,,
2026-07-13T20:01:06.287039+00:00,2026-07-13T20:01:06.278813,2,2,78.05,0.5,77.8,150,77.6,50,,,,,,,,,,,,,,,,,78.3,113,78.4,100,,,,,,,,,,,,,,,,
2026-07-13T20:01:06.341399+00:00,2026-07-13T20:01:06.338396,1,1,78.0,0.8,77.6,50,,,,,,,,,,,,,,,,,,,78.4,100,,,,,,,,,,,,,,,,,,
2026-07-13T20:01:06.395883+00:00,2026-07-13T20:01:06.391230,2,1,78.05,0.7,77.7,150,77.6,50,,,,,,,,,,,,,,,,,78.4,100,,,,,,,,,,,,,,,,,,
2026-07-13T20:01:06.450271+00:00,2026-07-13T20:01:06.443211,2,2,77.95,0.5,77.7,150,77.6,50,,,,,,,,,,,,,,,,,78.2,150,78.4,100,,,,,,,,,,,,,,,,
2026-07-13T20:01:06.990036+00:00,2026-07-13T20:01:06.983894,2,2,78.0,0.4,77.8,50,77.7,150,,,,,,,,,,,,,,,,,78.2,150,78.4,100,,,,,,,,,,,,,,,,
2026-07-13T20:01:07.196358+00:00,2026-07-13T20:01:07.195521,2,2,77.95,0.5,77.7,150,77.6,50,,,,,,,,,,,,,,,,,78.2,150,78.4,100,,,,,,,,,,,,,,,,
2026-07-13T20:01:07.532412+00:00,2026-07-13T20:01:07.530197,2,2,77.95,0.5,77.7,148,77.6,50,,,,,,,,,,,,,,,,,78.2,150,78.4,100,,,,,,,,,,,,,,,,
2026-07-13T20:01:08.017684+00:00,2026-07-13T20:01:08.008624,2,2,77.95,0.5,77.7,148,77.6,50,,,,,,,,,,,,,,,,,78.2,105,78.4,100,,,,,,,,,,,,,,,,
2026-07-13T20:01:08.082284+00:00,2026-07-13T20:01:08.080056,2,2,77.95,0.5,77.7,98,77.6,50,,,,,,,,,,,,,,,,,78.2,105,78.4,100,,,,,,,,,,,,,,,,
2026-07-13T20:01:08.621688+00:00,2026-07-13T20:01:08.618044,1,2,77.95,0.5,77.7,98,,,,,,,,,,,,,,,,,,,78.2,105,78.4,100,,,,,,,,,,,,,,,,
2026-07-13T20:01:08.632638+00:00,2026-07-13T20:01:08.621980,2,2,78.0,0.4,77.8,50,77.7,98,,,,,,,,,,,,,,,,,78.2,105,78.4,100,,,,,,,,,,,,,,,,
2026-07-13T20:01:08.751101+00:00,2026-07-13T20:01:08.740635,2,1,78.0,0.4,77.8,50,77.7,98,,,,,,,,,,,,,,,,,78.2,105,,,,,,,,,,,,,,,,,,
2026-07-13T20:01:08.794791+00:00,2026-07-13T20:01:08.793267,3,1,78.0,0.4,77.8,50,77.7,98,77.6,100,,,,,,,,,,,,,,,78.2,105,,,,,,,,,,,,,,,,,,
2026-07-13T20:01:08.848743+00:00,2026-07-13T20:01:08.845783,3,2,77.95,0.3,77.8,50,77.7,98,77.6,100,,,,,,,,,,,,,,,78.1,100,78.2,105,,,,,,,,,,,,,,,,
2026-07-13T20:01:09.431263+00:00,2026-07-13T20:01:09.428677,3,2,77.95,0.3,77.8,6,77.7,98,77.6,100,,,,,,,,,,,,,,,78.1,100,78.2,105,,,,,,,,,,,,,,,,
2026-07-13T20:01:09.463689+00:00,2026-07-13T20:01:09.462810,2,2,77.9,0.4,77.7,98,77.6,100,,,,,,,,,,,,,,,,,78.1,100,78.2,105,,,,,,,,,,,,,,,,
2026-07-13T20:01:09.474503+00:00,2026-07-13T20:01:09.467254,2,2,77.9,0.4,77.7,148,77.6,100,,,,,,,,,,,,,,,,,78.1,100,78.2,105,,,,,,,,,,,,,,,,
2026-07-13T20:01:09.506957+00:00,2026-07-13T20:01:09.502656,2,2,77.9,0.4,77.7,50,77.6,100,,,,,,,,,,,,,,,,,78.1,100,78.2,39,,,,,,,,,,,,,,,,
2026-07-13T20:01:09.560898+00:00,2026-07-13T20:01:09.554239,3,2,77.95,0.3,77.8,150,77.7,50,77.6,100,,,,,,,,,,,,,,,78.1,100,78.2,39,,,,,,,,,,,,,,,,
2026-07-13T20:01:09.614482+00:00,2026-07-13T20:01:09.607029,3,3,77.95,0.3,77.8,150,77.7,50,77.6,100,,,,,,,,,,,,,,,78.1,100,78.2,39,78.3,150,,,,,,,,,,,,,,
2026-07-13T20:01:09.711502+00:00,2026-07-13T20:01:09.707160,3,2,77.95,0.3,77.8,150,77.7,50,77.6,100,,,,,,,,,,,,,,,78.1,100,78.3,150,,,,,,,,,,,,,,,,
2026-07-13T20:01:09.722446+00:00,2026-07-13T20:01:09.711813,3,2,77.95,0.3,77.8,150,77.7,50,77.6,100,,,,,,,,,,,,,,,78.1,139,78.3,150,,,,,,,,,,,,,,,,
2026-07-13T20:01:09.927341+00:00,2026-07-13T20:01:09.923543,2,2,77.95,0.3,77.8,150,77.6,100,,,,,,,,,,,,,,,,,78.1,100,78.3,150,,,,,,,,,,,,,,,,
2026-07-13T20:01:09.938140+00:00,2026-07-13T20:01:09.930287,2,3,77.9,0.2,77.8,150,77.6,150,,,,,,,,,,,,,,,,,78.0,39,78.1,100,78.3,150,,,,,,,,,,,,,,
2026-07-13T20:01:10.045317+00:00,2026-07-13T20:01:10.042522,2,3,77.9,0.2,77.8,125,77.6,150,,,,,,,,,,,,,,,,,78.0,39,78.1,100,78.3,150,,,,,,,,,,,,,,
2026-07-13T20:01:10.195899+00:00,2026-07-13T20:01:10.186683,2,3,77.9,0.2,77.8,75,77.6,150,,,,,,,,,,,,,,,,,78.0,39,78.1,100,78.3,150,,,,,,,,,,,,,,
2026-07-13T20:01:10.282920+00:00,2026-07-13T20:01:10.281668,2,4,77.9,0.2,77.8,75,77.6,150,,,,,,,,,,,,,,,,,78.0,39,78.1,100,78.2,5,78.3,150,,,,,,,,,,,,
2026-07-13T20:01:10.551666+00:00,2026-07-13T20:01:10.546604,3,4,77.95,0.1,77.9,1,77.8,75,77.6,150,,,,,,,,,,,,,,,78.0,39,78.1,100,78.2,5,78.3,150,,,,,,,,,,,,
2026-07-13T20:01:10.562413+00:00,2026-07-13T20:01:10.560781,2,4,77.9,0.2,77.8,74,77.6,150,,,,,,,,,,,,,,,,,78.0,39,78.1,100,78.2,5,78.3,150,,,,,,,,,,,,
2026-07-13T20:01:10.573238+00:00,2026-07-13T20:01:10.565240,2,3,77.95,0.3,77.8,74,77.6,150,,,,,,,,,,,,,,,,,78.1,91,78.2,5,78.3,150,,,,,,,,,,,,,,
2026-07-13T20:01:10.648402+00:00,2026-07-13T20:01:10.637823,2,3,77.95,0.3,77.8,74,77.6,150,,,,,,,,,,,,,,,,,78.1,91,78.2,4,78.3,150,,,,,,,,,,,,,,
2026-07-13T20:01:11.653216+00:00,2026-07-13T20:01:11.646017,3,3,78.0,0.2,77.9,2,77.8,74,77.6,150,,,,,,,,,,,,,,,78.1,91,78.2,4,78.3,150,,,,,,,,,,,,,,
2026-07-13T20:01:11.816309+00:00,2026-07-13T20:01:11.814761,2,3,77.95,0.3,77.8,74,77.6,150,,,,,,,,,,,,,,,,,78.1,91,78.2,4,78.3,150,,,,,,,,,,,,,,
2026-07-13T20:01:11.838285+00:00,2026-07-13T20:01:11.835558,3,3,78.0,0.2,77.9,2,77.8,74,77.6,150,,,,,,,,,,,,,,,78.1,91,78.2,4,78.3,150,,,,,,,,,,,,,,
2026-07-13T20:01:11.902452+00:00,2026-07-13T20:01:11.900353,3,2,78.05,0.3,77.9,2,77.8,74,77.6,150,,,,,,,,,,,,,,,78.2,4,78.3,150,,,,,,,,,,,,,,,,
2026-07-13T20:01:11.913397+00:00,2026-07-13T20:01:11.902773,3,2,78.05,0.3,77.9,2,77.8,74,77.6,50,,,,,,,,,,,,,,,78.2,4,78.3,150,,,,,,,,,,,,,,,,
2026-07-13T20:01:11.957856+00:00,2026-07-13T20:01:11.956210,4,2,78.05,0.3,77.9,2,77.8,74,77.6,50,77.5,100,,,,,,,,,,,,,78.2,4,78.3,150,,,,,,,,,,,,,,,,
2026-07-13T20:01:12.012901+00:00,2026-07-13T20:01:12.008346,4,3,77.95,0.1,77.9,2,77.8,74,77.6,50,77.5,100,,,,,,,,,,,,,78.0,100,78.2,4,78.3,150,,,,,,,,,,,,,,
2026-07-13T20:01:12.250738+00:00,2026-07-13T20:01:12.242976,4,3,77.95,0.1,77.9,2,77.8,74,77.6,50,77.5,100,,,,,,,,,,,,,78.0,50,78.2,4,78.3,150,,,,,,,,,,,,,,
2026-07-13T20:01:12.665051+00:00,2026-07-13T20:01:12.664003,3,2,77.95,0.1,77.9,2,77.6,50,77.5,100,,,,,,,,,,,,,,,78.0,50,78.2,4,,,,,,,,,,,,,,,,
2026-07-13T20:01:12.719379+00:00,2026-07-13T20:01:12.716519,4,2,77.95,0.1,77.9,2,77.6,50,77.5,100,77.4,150,,,,,,,,,,,,,78.0,50,78.2,4,,,,,,,,,,,,,,,,
2026-07-13T20:01:12.773446+00:00,2026-07-13T20:01:12.770418,3,3,77.75,0.3,77.6,50,77.5,100,77.4,150,,,,,,,,,,,,,,,77.9,148,78.0,50,78.2,4,,,,,,,,,,,,,,
2026-07-13T20:01:13.755647+00:00,2026-07-13T20:01:13.753451,3,3,77.75,0.3,77.6,50,77.5,100,77.4,150,,,,,,,,,,,,,,,77.9,138,78.0,50,78.2,4,,,,,,,,,,,,,,
2026-07-13T20:01:13.809832+00:00,2026-07-13T20:01:13.801422,3,3,77.75,0.3,77.6,6,77.5,100,77.4,150,,,,,,,,,,,,,,,77.9,138,78.0,50,78.2,4,,,,,,,,,,,,,,
2026-07-13T20:01:13.875617+00:00,2026-07-13T20:01:13.865596,3,4,77.75,0.3,77.6,6,77.5,100,77.4,150,,,,,,,,,,,,,,,77.9,138,78.0,50,78.1,44,78.2,4,,,,,,,,,,,,
2026-07-13T20:01:14.409362+00:00,2026-07-13T20:01:14.406960,2,4,77.7,0.4,77.5,56,77.4,150,,,,,,,,,,,,,,,,,77.9,138,78.0,50,78.1,44,78.2,4,,,,,,,,,,,,
2026-07-13T20:01:14.495799+00:00,2026-07-13T20:01:14.493989,2,3,77.7,0.4,77.5,56,77.4,150,,,,,,,,,,,,,,,,,77.9,138,78.0,50,78.2,4,,,,,,,,,,,,,,
2026-07-13T20:01:14.506850+00:00,2026-07-13T20:01:14.501140,3,3,77.75,0.3,77.6,50,77.5,56,77.4,150,,,,,,,,,,,,,,,77.9,138,78.0,100,78.2,4,,,,,,,,,,,,,,
2026-07-13T20:01:15.070485+00:00,2026-07-13T20:01:15.063725,2,3,77.75,0.3,77.6,50,77.4,150,,,,,,,,,,,,,,,,,77.9,138,78.0,50,78.2,4,,,,,,,,,,,,,,
2026-07-13T20:01:15.124808+00:00,2026-07-13T20:01:15.118644,2,3,77.75,0.3,77.6,100,77.4,150,,,,,,,,,,,,,,,,,77.9,138,78.0,50,78.2,4,,,,,,,,,,,,,,
2026-07-13T20:01:15.135877+00:00,2026-07-13T20:01:15.125187,3,3,77.75,0.3,77.6,100,77.5,50,77.4,150,,,,,,,,,,,,,,,77.9,138,78.0,50,78.2,4,,,,,,,,,,,,,,
2026-07-13T20:01:15.179265+00:00,2026-07-13T20:01:15.171113,3,4,77.75,0.3,77.6,100,77.5,50,77.4,150,,,,,,,,,,,,,,,77.9,138,78.0,50,78.1,100,78.2,4,,,,,,,,,,,,
2026-07-13T20:01:15.320298+00:00,2026-07-13T20:01:15.311452,4,4,77.85,0.1,77.8,2,77.6,100,77.5,50,77.4,150,,,,,,,,,,,,,77.9,138,78.0,50,78.1,100,78.2,4,,,,,,,,,,,,
2026-07-13T20:01:15.331296+00:00,2026-07-13T20:01:15.329293,3,4,77.85,0.1,77.8,2,77.6,100,77.4,150,,,,,,,,,,,,,,,77.9,138,78.0,50,78.1,100,78.2,4,,,,,,,,,,,,
2026-07-13T20:01:15.342238+00:00,2026-07-13T20:01:15.334093,3,4,77.85,0.1,77.8,2,77.6,150,77.4,150,,,,,,,,,,,,,,,77.9,138,78.0,50,78.1,100,78.2,4,,,,,,,,,,,,
2026-07-13T20:01:15.605829+00:00,2026-07-13T20:01:15.603145,2,4,77.75,0.3,77.6,150,77.4,150,,,,,,,,,,,,,,,,,77.9,138,78.0,50,78.1,100,78.2,4,,,,,,,,,,,,
2026-07-13T20:01:15.832069+00:00,2026-07-13T20:01:15.826551,1,3,77.8,0.4,77.6,150,,,,,,,,,,,,,,,,,,,78.0,50,78.1,100,78.2,4,,,,,,,,,,,,,,
2026-07-13T20:01:15.886759+00:00,2026-07-13T20:01:15.879869,2,3,77.8,0.4,77.6,150,77.5,150,,,,,,,,,,,,,,,,,78.0,50,78.1,100,78.2,4,,,,,,,,,,,,,,
2026-07-13T20:01:15.940419+00:00,2026-07-13T20:01:15.933181,2,3,77.8,0.4,77.6,150,77.5,150,,,,,,,,,,,,,,,,,78.0,200,78.1,100,78.2,4,,,,,,,,,,,,,,
2026-07-13T20:01:16.516997+00:00,2026-07-13T20:01:16.512945,2,3,77.8,0.4,77.6,100,77.5,150,,,,,,,,,,,,,,,,,78.0,200,78.1,100,78.2,4,,,,,,,,,,,,,,
2026-07-13T20:01:16.527782+00:00,2026-07-13T20:01:16.521816,3,3,77.9,0.2,77.8,1,77.6,100,77.5,150,,,,,,,,,,,,,,,78.0,200,78.1,100,78.2,4,,,,,,,,,,,,,,
2026-07-13T20:01:16.780204+00:00,2026-07-13T20:01:16.776975,3,3,77.9,0.2,77.8,1,77.6,50,77.5,150,,,,,,,,,,,,,,,78.0,200,78.1,100,78.2,4,,,,,,,,,,,,,,
2026-07-13T20:01:16.791264+00:00,2026-07-13T20:01:16.788941,4,3,77.9,0.2,77.8,1,77.7,50,77.6,50,77.5,150,,,,,,,,,,,,,78.0,150,78.1,100,78.2,4,,,,,,,,,,,,,,
2026-07-13T20:01:16.802330+00:00,2026-07-13T20:01:16.792317,4,3,77.9,0.2,77.8,1,77.7,50,77.6,50,77.5,150,,,,,,,,,,,,,78.0,150,78.1,150,78.2,4,,,,,,,,,,,,,,
2026-07-13T20:01:17.814560+00:00,2026-07-13T20:01:17.811892,2,2,77.8,0.4,77.6,50,77.5,150,,,,,,,,,,,,,,,,,78.0,150,78.1,100,,,,,,,,,,,,,,,,
2026-07-13T20:01:17.825610+00:00,2026-07-13T20:01:17.818943,2,3,77.75,0.3,77.6,50,77.5,200,,,,,,,,,,,,,,,,,77.9,50,78.0,150,78.1,100,,,,,,,,,,,,,,
2026-07-13T20:01:18.232802+00:00,2026-07-13T20:01:18.227592,1,2,77.7,0.4,77.5,200,,,,,,,,,,,,,,,,,,,77.9,50,78.0,150,,,,,,,,,,,,,,,,
2026-07-13T20:01:18.287750+00:00,2026-07-13T20:01:18.280182,2,2,77.7,0.4,77.5,200,77.3,100,,,,,,,,,,,,,,,,,77.9,50,78.0,150,,,,,,,,,,,,,,,,
2026-07-13T20:01:18.342115+00:00,2026-07-13T20:01:18.332862,2,3,77.65,0.3,77.5,200,77.3,100,,,,,,,,,,,,,,,,,77.8,100,77.9,50,78.0,150,,,,,,,,,,,,,,
2026-07-13T20:01:18.623988+00:00,2026-07-13T20:01:18.619628,3,3,77.75,0.1,77.7,3,77.5,200,77.3,100,,,,,,,,,,,,,,,77.8,100,77.9,50,78.0,150,,,,,,,,,,,,,,
2026-07-13T20:01:18.646014+00:00,2026-07-13T20:01:18.640888,3,3,77.75,0.1,77.7,3,77.5,200,77.3,100,,,,,,,,,,,,,,,77.8,100,77.9,50,78.0,153,,,,,,,,,,,,,,
2026-07-13T20:01:18.657030+00:00,2026-07-13T20:01:18.650091,2,3,77.65,0.3,77.5,153,77.3,100,,,,,,,,,,,,,,,,,77.8,100,77.9,50,78.0,153,,,,,,,,,,,,,,
2026-07-13T20:01:18.732818+00:00,2026-07-13T20:01:18.722876,3,3,77.75,0.1,77.7,2,77.5,153,77.3,100,,,,,,,,,,,,,,,77.8,100,77.9,50,78.0,153,,,,,,,,,,,,,,
2026-07-13T20:01:18.991874+00:00,2026-07-13T20:01:18.988917,3,3,77.75,0.1,77.7,2,77.5,50,77.3,100,,,,,,,,,,,,,,,77.8,100,77.9,50,78.0,3,,,,,,,,,,,,,,
2026-07-13T20:01:19.007635+00:00,2026-07-13T20:01:19.006266,3,3,77.75,0.1,77.7,2,77.5,50,77.3,100,,,,,,,,,,,,,,,77.8,89,77.9,50,78.0,3,,,,,,,,,,,,,,
2026-07-13T20:01:19.050780+00:00,2026-07-13T20:01:19.041462,3,3,77.75,0.1,77.7,2,77.5,50,77.3,250,,,,,,,,,,,,,,,77.8,89,77.9,50,78.0,3,,,,,,,,,,,,,,
2026-07-13T20:01:19.082993+00:00,2026-07-13T20:01:19.078361,3,2,77.75,0.1,77.7,2,77.5,50,77.3,250,,,,,,,,,,,,,,,77.8,39,78.0,3,,,,,,,,,,,,,,,,
2026-07-13T20:01:19.094125+00:00,2026-07-13T20:01:19.083438,3,2,77.75,0.1,77.7,2,77.5,50,77.3,250,,,,,,,,,,,,,,,77.8,39,78.0,53,,,,,,,,,,,,,,,,
2026-07-13T20:01:19.105129+00:00,2026-07-13T20:01:19.094483,3,2,77.75,0.1,77.7,2,77.5,50,77.3,250,,,,,,,,,,,,,,,77.8,189,78.0,53,,,,,,,,,,,,,,,,
2026-07-13T20:01:19.821542+00:00,2026-07-13T20:01:19.813332,3,2,77.75,0.1,77.7,2,77.5,50,77.3,250,,,,,,,,,,,,,,,77.8,146,78.0,53,,,,,,,,,,,,,,,,
2026-07-13T20:01:20.217716+00:00,2026-07-13T20:01:20.216024,3,2,77.75,0.1,77.7,2,77.5,50,77.3,250,,,,,,,,,,,,,,,77.8,143,78.0,53,,,,,,,,,,,,,,,,
2026-07-13T20:01:20.240106+00:00,2026-07-13T20:01:20.230201,3,2,77.75,0.1,77.7,2,77.5,50,77.3,250,,,,,,,,,,,,,,,77.8,69,78.0,53,,,,,,,,,,,,,,,,
2026-07-13T20:01:20.317086+00:00,2026-07-13T20:01:20.313607,2,2,77.75,0.1,77.7,2,77.3,250,,,,,,,,,,,,,,,,,77.8,69,78.0,3,,,,,,,,,,,,,,,,
2026-07-13T20:01:20.328124+00:00,2026-07-13T20:01:20.320503,3,2,77.75,0.1,77.7,2,77.4,50,77.3,250,,,,,,,,,,,,,,,77.8,119,78.0,3,,,,,,,,,,,,,,,,
2026-07-13T20:01:20.764523+00:00,2026-07-13T20:01:20.757682,2,2,77.6,0.4,77.4,2,77.3,250,,,,,,,,,,,,,,,,,77.8,119,78.0,3,,,,,,,,,,,,,,,,
2026-07-13T20:01:20.775554+00:00,2026-07-13T20:01:20.769951,2,2,77.6,0.4,77.4,2,77.3,250,,,,,,,,,,,,,,,,,77.8,78,78.0,3,,,,,,,,,,,,,,,,
2026-07-13T20:01:20.893849+00:00,2026-07-13T20:01:20.884062,3,2,77.75,0.1,77.7,3,77.4,2,77.3,250,,,,,,,,,,,,,,,77.8,78,78.0,3,,,,,,,,,,,,,,,,
2026-07-13T20:01:20.904798+00:00,2026-07-13T20:01:20.902072,2,2,77.6,0.4,77.4,2,77.3,250,,,,,,,,,,,,,,,,,77.8,78,78.0,3,,,,,,,,,,,,,,,,
2026-07-13T20:01:20.915718+00:00,2026-07-13T20:01:20.911147,3,2,77.7,0.2,77.6,3,77.4,2,77.3,250,,,,,,,,,,,,,,,77.8,78,78.0,3,,,,,,,,,,,,,,,,
2026-07-13T20:01:20.937988+00:00,2026-07-13T20:01:20.936526,2,2,77.7,0.2,77.6,3,77.3,250,,,,,,,,,,,,,,,,,77.8,78,78.0,3,,,,,,,,,,,,,,,,
2026-07-13T20:01:20.949117+00:00,2026-07-13T20:01:20.946766,2,3,77.65,0.1,77.6,3,77.3,292,,,,,,,,,,,,,,,,,77.7,50,77.8,28,78.0,3,,,,,,,,,,,,,,
2026-07-13T20:01:20.960135+00:00,2026-07-13T20:01:20.951979,2,3,77.65,0.1,77.6,2,77.3,292,,,,,,,,,,,,,,,,,77.7,50,77.8,28,78.0,3,,,,,,,,,,,,,,
2026-07-13T20:01:21.396339+00:00,2026-07-13T20:01:21.386782,2,3,77.65,0.1,77.6,2,77.3,192,,,,,,,,,,,,,,,,,77.7,50,77.8,28,78.0,3,,,,,,,,,,,,,,
2026-07-13T20:01:21.461321+00:00,2026-07-13T20:01:21.440613,2,3,77.65,0.1,77.6,102,77.3,192,,,,,,,,,,,,,,,,,77.7,50,77.8,28,78.0,3,,,,,,,,,,,,,,
2026-07-13T20:01:21.494145+00:00,2026-07-13T20:01:21.493033,2,4,77.65,0.1,77.6,102,77.3,192,,,,,,,,,,,,,,,,,77.7,50,77.8,28,78.0,3,78.1,100,,,,,,,,,,,,
2026-07-13T20:01:21.778004+00:00,2026-07-13T20:01:21.775692,2,3,77.7,0.2,77.6,102,77.3,150,,,,,,,,,,,,,,,,,77.8,28,78.0,3,78.1,100,,,,,,,,,,,,,,
2026-07-13T20:01:21.789075+00:00,2026-07-13T20:01:21.782229,3,3,77.7,0.2,77.6,102,77.4,42,77.3,150,,,,,,,,,,,,,,,77.8,78,78.0,3,78.1,100,,,,,,,,,,,,,,
2026-07-13T20:01:21.799922+00:00,2026-07-13T20:01:21.799015,3,3,77.7,0.2,77.6,102,77.4,42,77.3,150,,,,,,,,,,,,,,,77.8,30,78.0,3,78.1,100,,,,,,,,,,,,,,
2026-07-13T20:01:22.004488+00:00,2026-07-13T20:01:22.002737,2,2,77.8,0.4,77.6,102,77.3,150,,,,,,,,,,,,,,,,,78.0,3,78.1,100,,,,,,,,,,,,,,,,
2026-07-13T20:01:22.015512+00:00,2026-07-13T20:01:22.009638,3,3,77.75,0.3,77.6,102,77.5,50,77.3,150,,,,,,,,,,,,,,,77.9,50,78.0,3,78.1,100,,,,,,,,,,,,,,
2026-07-13T20:01:22.156013+00:00,2026-07-13T20:01:22.147767,2,3,77.75,0.3,77.6,102,77.5,50,,,,,,,,,,,,,,,,,77.9,50,78.0,3,78.1,100,,,,,,,,,,,,,,
2026-07-13T20:01:22.237865+00:00,2026-07-13T20:01:22.236139,3,2,77.95,0.1,77.9,97,77.6,102,77.5,50,,,,,,,,,,,,,,,78.0,3,78.1,100,,,,,,,,,,,,,,,,
2026-07-13T20:01:22.281207+00:00,2026-07-13T20:01:22.276421,3,3,77.95,0.1,77.9,97,77.6,102,77.5,50,,,,,,,,,,,,,,,78.0,3,78.1,100,78.4,150,,,,,,,,,,,,,,
2026-07-13T20:01:22.335774+00:00,2026-07-13T20:01:22.334672,3,3,77.95,0.1,77.9,58,77.6,102,77.5,50,,,,,,,,,,,,,,,78.0,3,78.1,100,78.4,150,,,,,,,,,,,,,,
2026-07-13T20:01:22.847717+00:00,2026-07-13T20:01:22.844274,2,3,77.95,0.1,77.9,58,77.6,152,,,,,,,,,,,,,,,,,78.0,3,78.1,100,78.4,150,,,,,,,,,,,,,,
2026-07-13T20:01:22.858754+00:00,2026-07-13T20:01:22.850025,2,3,77.95,0.1,77.9,58,77.6,152,,,,,,,,,,,,,,,,,78.0,53,78.1,100,78.4,150,,,,,,,,,,,,,,
2026-07-13T20:01:22.880574+00:00,2026-07-13T20:01:22.873489,2,3,77.95,0.1,77.9,8,77.6,152,,,,,,,,,,,,,,,,,78.0,53,78.1,100,78.4,150,,,,,,,,,,,,,,
2026-07-13T20:01:22.956972+00:00,2026-07-13T20:01:22.946219,2,3,77.95,0.1,77.9,8,77.6,152,,,,,,,,,,,,,,,,,78.0,52,78.1,100,78.4,150,,,,,,,,,,,,,,
2026-07-13T20:01:23.684355+00:00,2026-07-13T20:01:23.681290,2,3,77.95,0.1,77.9,8,77.6,152,,,,,,,,,,,,,,,,,78.0,51,78.1,100,78.4,150,,,,,,,,,,,,,,
2026-07-13T20:01:24.096584+00:00,2026-07-13T20:01:24.092314,1,3,77.8,0.4,77.6,102,,,,,,,,,,,,,,,,,,,78.0,51,78.1,100,78.4,150,,,,,,,,,,,,,,
2026-07-13T20:01:24.118589+00:00,2026-07-13T20:01:24.110906,1,3,77.8,0.4,77.6,119,,,,,,,,,,,,,,,,,,,78.0,46,78.1,100,78.4,150,,,,,,,,,,,,,,
2026-07-13T20:01:24.344860+00:00,2026-07-13T20:01:24.340799,1,3,77.8,0.4,77.6,69,,,,,,,,,,,,,,,,,,,78.0,1,78.1,100,78.4,150,,,,,,,,,,,,,,
2026-07-13T20:01:24.355867+00:00,2026-07-13T20:01:24.348804,2,4,77.85,0.3,77.7,50,77.6,69,,,,,,,,,,,,,,,,,78.0,1,78.1,100,78.2,45,78.4,150,,,,,,,,,,,,
2026-07-13T20:01:24.549668+00:00,2026-07-13T20:01:24.548917,2,3,77.85,0.3,77.7,50,77.6,69,,,,,,,,,,,,,,,,,78.0,1,78.2,45,78.4,150,,,,,,,,,,,,,,
2026-07-13T20:01:24.560607+00:00,2026-07-13T20:01:24.550631,1,3,77.85,0.3,77.7,50,,,,,,,,,,,,,,,,,,,78.0,1,78.2,45,78.4,150,,,,,,,,,,,,,,
2026-07-13T20:01:24.615272+00:00,2026-07-13T20:01:24.604618,1,3,77.85,0.3,77.7,150,,,,,,,,,,,,,,,,,,,78.0,1,78.2,45,78.4,150,,,,,,,,,,,,,,
2026-07-13T20:01:24.670666+00:00,2026-07-13T20:01:24.665820,1,3,77.85,0.3,77.7,150,,,,,,,,,,,,,,,,,,,78.0,1,78.2,145,78.4,150,,,,,,,,,,,,,,
2026-07-13T20:01:25.007578+00:00,2026-07-13T20:01:24.980840,1,3,77.85,0.3,77.7,100,,,,,,,,,,,,,,,,,,,78.0,1,78.2,145,78.4,150,,,,,,,,,,,,,,
2026-07-13T20:01:25.148750+00:00,2026-07-13T20:01:25.141146,1,2,77.95,0.5,77.7,100,,,,,,,,,,,,,,,,,,,78.2,145,78.4,150,,,,,,,,,,,,,,,,
2026-07-13T20:01:25.181889+00:00,2026-07-13T20:01:25.180938,2,3,77.9,0.4,77.7,100,77.4,50,,,,,,,,,,,,,,,,,78.1,50,78.2,100,78.4,150,,,,,,,,,,,,,,
2026-07-13T20:01:25.335702+00:00,2026-07-13T20:01:25.330632,2,2,77.9,0.4,77.7,100,77.4,50,,,,,,,,,,,,,,,,,78.1,50,78.2,100,,,,,,,,,,,,,,,,
2026-07-13T20:01:25.389578+00:00,2026-07-13T20:01:25.383508,3,2,77.9,0.4,77.7,100,77.4,50,77.2,150,,,,,,,,,,,,,,,78.1,50,78.2,100,,,,,,,,,,,,,,,,
2026-07-13T20:01:25.403929+00:00,2026-07-13T20:01:25.400657,2,2,77.9,0.4,77.7,100,77.2,150,,,,,,,,,,,,,,,,,78.1,50,78.2,100,,,,,,,,,,,,,,,,
2026-07-13T20:01:25.415060+00:00,2026-07-13T20:01:25.406716,2,2,77.9,0.4,77.7,100,77.2,200,,,,,,,,,,,,,,,,,78.1,50,78.2,100,,,,,,,,,,,,,,,,
2026-07-13T20:01:25.447872+00:00,2026-07-13T20:01:25.438318,1,3,77.45,0.5,77.2,200,,,,,,,,,,,,,,,,,,,77.7,50,78.1,50,78.2,100,,,,,,,,,,,,,,
2026-07-13T20:01:25.597132+00:00,2026-07-13T20:01:25.591056,1,3,77.45,0.5,77.2,200,,,,,,,,,,,,,,,,,,,77.7,42,78.1,50,78.2,100,,,,,,,,,,,,,,
2026-07-13T20:01:26.097361+00:00,2026-07-13T20:01:26.092998,1,3,77.45,0.5,77.2,200,,,,,,,,,,,,,,,,,,,77.7,36,78.1,50,78.2,100,,,,,,,,,,,,,,
2026-07-13T20:01:26.227652+00:00,2026-07-13T20:01:26.226028,1,3,77.45,0.5,77.2,150,,,,,,,,,,,,,,,,,,,77.7,36,78.1,50,78.2,100,,,,,,,,,,,,,,
2026-07-13T20:01:26.238669+00:00,2026-07-13T20:01:26.237266,2,3,77.5,0.4,77.3,50,77.2,150,,,,,,,,,,,,,,,,,77.7,36,78.0,50,78.2,100,,,,,,,,,,,,,,
2026-07-13T20:01:26.469914+00:00,2026-07-13T20:01:26.465000,2,2,77.5,0.4,77.3,50,77.2,150,,,,,,,,,,,,,,,,,77.7,36,78.2,100,,,,,,,,,,,,,,,,
2026-07-13T20:01:26.481026+00:00,2026-07-13T20:01:26.474680,2,2,77.6,0.6,77.3,50,77.2,150,,,,,,,,,,,,,,,,,77.9,50,78.2,100,,,,,,,,,,,,,,,,
2026-07-13T20:01:26.705439+00:00,2026-07-13T20:01:26.693966,2,2,77.7,0.8,77.3,50,77.2,150,,,,,,,,,,,,,,,,,78.1,50,78.2,100,,,,,,,,,,,,,,,,
2026-07-13T20:01:27.722039+00:00,2026-07-13T20:01:27.716019,2,1,77.7,0.8,77.3,50,77.2,150,,,,,,,,,,,,,,,,,78.1,50,,,,,,,,,,,,,,,,,,
2026-07-13T20:01:27.732851+00:00,2026-07-13T20:01:27.726402,2,1,77.6,0.6,77.3,50,77.2,150,,,,,,,,,,,,,,,,,77.9,50,,,,,,,,,,,,,,,,,,
2026-07-13T20:01:27.775387+00:00,2026-07-13T20:01:27.768862,2,1,77.6,0.6,77.3,150,77.2,150,,,,,,,,,,,,,,,,,77.9,50,,,,,,,,,,,,,,,,,,
2026-07-13T20:01:27.828841+00:00,2026-07-13T20:01:27.822767,2,2,77.55,0.5,77.3,150,77.2,150,,,,,,,,,,,,,,,,,77.8,100,77.9,50,,,,,,,,,,,,,,,,
2026-07-13T20:01:27.935617+00:00,2026-07-13T20:01:27.930426,2,2,77.55,0.5,77.3,100,77.2,150,,,,,,,,,,,,,,,,,77.8,100,77.9,50,,,,,,,,,,,,,,,,
2026-07-13T20:01:27.946387+00:00,2026-07-13T20:01:27.935925,3,2,77.6,0.4,77.4,50,77.3,100,77.2,150,,,,,,,,,,,,,,,77.8,100,77.9,50,,,,,,,,,,,,,,,,
2026-07-13T20:01:28.011037+00:00,2026-07-13T20:01:28.008445,4,2,77.7,0.2,77.6,4,77.4,50,77.3,100,77.2,150,,,,,,,,,,,,,77.8,100,77.9,50,,,,,,,,,,,,,,,,
2026-07-13T20:01:28.097349+00:00,2026-07-13T20:01:28.095059,4,2,77.7,0.2,77.6,4,77.4,50,77.3,100,77.2,150,,,,,,,,,,,,,77.8,100,77.9,52,,,,,,,,,,,,,,,,
2026-07-13T20:01:28.161342+00:00,2026-07-13T20:01:28.159639,4,2,77.7,0.2,77.6,4,77.5,50,77.3,100,77.2,150,,,,,,,,,,,,,77.8,100,77.9,52,,,,,,,,,,,,,,,,
2026-07-13T20:01:28.220134+00:00,2026-07-13T20:01:28.218795,4,2,77.7,0.2,77.6,4,77.5,50,77.3,100,77.2,150,,,,,,,,,,,,,77.8,97,77.9,52,,,,,,,,,,,,,,,,
2026-07-13T20:01:28.252292+00:00,2026-07-13T20:01:28.241953,5,2,77.75,0.1,77.7,39,77.6,4,77.5,50,77.3,100,77.2,150,,,,,,,,,,,77.8,97,77.9,52,,,,,,,,,,,,,,,,
2026-07-13T20:01:28.369690+00:00,2026-07-13T20:01:28.367886,4,2,77.75,0.1,77.7,39,77.6,4,77.3,100,77.2,150,,,,,,,,,,,,,77.8,97,77.9,2,,,,,,,,,,,,,,,,
2026-07-13T20:01:28.380415+00:00,2026-07-13T20:01:28.375087,4,3,77.75,0.1,77.7,39,77.6,54,77.3,100,77.2,150,,,,,,,,,,,,,77.8,97,77.9,2,78.0,50,,,,,,,,,,,,,,
2026-07-13T20:01:28.401744+00:00,2026-07-13T20:01:28.398867,4,3,77.75,0.1,77.7,39,77.6,53,77.3,100,77.2,150,,,,,,,,,,,,,77.8,97,77.9,2,78.0,50,,,,,,,,,,,,,,
2026-07-13T20:01:28.497325+00:00,2026-07-13T20:01:28.492338,3,3,77.75,0.1,77.7,39,77.6,53,77.3,100,,,,,,,,,,,,,,,77.8,97,77.9,2,78.0,50,,,,,,,,,,,,,,
2026-07-13T20:01:28.550330+00:00,2026-07-13T20:01:28.549882,4,0,,,78.0,1,77.7,39,77.6,53,77.3,100,,,,,,,,,,,,,,,,,,,,,,,,,,,,,,,,
2026-07-13T20:01:28.619155+00:00,2026-07-13T20:01:28.617552,3,1,78.1,0.8,77.7,39,77.6,53,77.3,100,,,,,,,,,,,,,,,78.5,150,,,,,,,,,,,,,,,,,,
2026-07-13T20:01:28.661697+00:00,2026-07-13T20:01:28.656758,2,1,78.05,0.9,77.6,53,77.3,100,,,,,,,,,,,,,,,,,78.5,150,,,,,,,,,,,,,,,,,,
2026-07-13T20:01:28.801678+00:00,2026-07-13T20:01:28.797787,3,2,78.05,0.7,77.7,50,77.6,3,77.3,100,,,,,,,,,,,,,,,78.4,50,78.5,150,,,,,,,,,,,,,,,,
2026-07-13T20:01:29.149661+00:00,2026-07-13T20:01:29.144934,3,3,77.8,0.2,77.7,50,77.6,3,77.3,100,,,,,,,,,,,,,,,77.9,2,78.4,50,78.5,150,,,,,,,,,,,,,,
2026-07-13T20:01:29.193062+00:00,2026-07-13T20:01:29.191262,2,3,77.75,0.3,77.6,3,77.3,100,,,,,,,,,,,,,,,,,77.9,2,78.4,50,78.5,150,,,,,,,,,,,,,,
2026-07-13T20:01:29.236563+00:00,2026-07-13T20:01:29.233050,2,2,77.75,0.3,77.6,53,77.3,100,,,,,,,,,,,,,,,,,77.9,2,78.5,150,,,,,,,,,,,,,,,,
2026-07-13T20:01:29.247556+00:00,2026-07-13T20:01:29.236906,2,3,77.75,0.3,77.6,53,77.3,100,,,,,,,,,,,,,,,,,77.9,2,78.0,50,78.5,150,,,,,,,,,,,,,,
2026-07-13T20:01:29.775681+00:00,2026-07-13T20:01:29.771412,2,3,77.75,0.3,77.6,53,77.3,100,,,,,,,,,,,,,,,,,77.9,1,78.0,50,78.5,150,,,,,,,,,,,,,,
2026-07-13T20:01:29.895271+00:00,2026-07-13T20:01:29.888963,2,3,77.75,0.3,77.6,3,77.3,100,,,,,,,,,,,,,,,,,77.9,1,78.0,50,78.5,150,,,,,,,,,,,,,,
2026-07-13T20:01:29.906306+00:00,2026-07-13T20:01:29.905574,3,2,77.75,0.3,77.6,3,77.4,50,77.3,100,,,,,,,,,,,,,,,77.9,51,78.5,150,,,,,,,,,,,,,,,,
2026-07-13T20:01:30.200230+00:00,2026-07-13T20:01:30.189636,3,2,77.75,0.3,77.6,3,77.4,50,77.3,100,,,,,,,,,,,,,,,77.9,50,78.5,150,,,,,,,,,,,,,,,,
2026-07-13T20:01:30.328926+00:00,2026-07-13T20:01:30.327452,3,2,78.0,0.8,77.6,3,77.4,50,77.3,100,,,,,,,,,,,,,,,78.4,50,78.5,150,,,,,,,,,,,,,,,,
2026-07-13T20:01:30.883787+00:00,2026-07-13T20:01:30.876317,2,2,78.0,0.8,77.6,3,77.4,50,,,,,,,,,,,,,,,,,78.4,50,78.5,150,,,,,,,,,,,,,,,,
2026-07-13T20:01:30.937789+00:00,2026-07-13T20:01:30.930128,2,2,78.0,0.8,77.6,103,77.4,50,,,,,,,,,,,,,,,,,78.4,50,78.5,150,,,,,,,,,,,,,,,,
2026-07-13T20:01:30.992362+00:00,2026-07-13T20:01:30.982641,2,3,77.85,0.5,77.6,103,77.4,50,,,,,,,,,,,,,,,,,78.1,100,78.4,50,78.5,150,,,,,,,,,,,,,,
2026-07-13T20:01:31.167151+00:00,2026-07-13T20:01:31.165542,1,2,77.85,0.5,77.6,103,,,,,,,,,,,,,,,,,,,78.1,100,78.5,150,,,,,,,,,,,,,,,,
2026-07-13T20:01:31.178129+00:00,2026-07-13T20:01:31.172201,2,3,77.8,0.4,77.6,103,77.5,50,,,,,,,,,,,,,,,,,78.0,50,78.1,100,78.5,150,,,,,,,,,,,,,,
2026-07-13T20:01:31.320850+00:00,2026-07-13T20:01:31.316685,2,3,77.8,0.4,77.6,53,77.5,50,,,,,,,,,,,,,,,,,78.0,50,78.1,100,78.5,150,,,,,,,,,,,,,,
2026-07-13T20:01:31.668159+00:00,2026-07-13T20:01:31.657800,2,2,77.8,0.4,77.6,53,77.5,50,,,,,,,,,,,,,,,,,78.0,50,78.1,100,,,,,,,,,,,,,,,,
2026-07-13T20:01:31.721730+00:00,2026-07-13T20:01:31.711221,3,2,77.8,0.4,77.6,53,77.5,50,77.3,150,,,,,,,,,,,,,,,78.0,50,78.1,100,,,,,,,,,,,,,,,,
2026-07-13T20:01:31.764858+00:00,2026-07-13T20:01:31.763606,3,3,77.7,0.2,77.6,53,77.5,50,77.3,150,,,,,,,,,,,,,,,77.8,150,78.0,50,78.1,100,,,,,,,,,,,,,,
2026-07-13T20:01:31.808349+00:00,2026-07-13T20:01:31.804461,3,2,77.7,0.2,77.6,53,77.5,50,77.3,150,,,,,,,,,,,,,,,77.8,150,78.1,100,,,,,,,,,,,,,,,,
2026-07-13T20:01:31.819344+00:00,2026-07-13T20:01:31.810530,3,3,77.7,0.2,77.6,59,77.5,50,77.3,150,,,,,,,,,,,,,,,77.8,150,77.9,50,78.1,100,,,,,,,,,,,,,,
2026-07-13T20:01:32.531708+00:00,2026-07-13T20:01:32.521133,3,3,77.7,0.2,77.6,59,77.5,50,77.3,150,,,,,,,,,,,,,,,77.8,150,77.9,51,78.1,100,,,,,,,,,,,,,,
2026-07-13T20:01:32.553639+00:00,2026-07-13T20:01:32.550293,3,3,77.7,0.2,77.6,59,77.5,50,77.3,150,,,,,,,,,,,,,,,77.8,150,77.9,50,78.1,100,,,,,,,,,,,,,,
2026-07-13T20:01:32.757845+00:00,2026-07-13T20:01:32.747627,3,3,77.7,0.2,77.6,11,77.5,50,77.3,150,,,,,,,,,,,,,,,77.8,150,77.9,50,78.1,100,,,,,,,,,,,,,,
2026-07-13T20:01:33.254411+00:00,2026-07-13T20:01:33.243802,3,3,77.7,0.2,77.6,10,77.5,50,77.3,150,,,,,,,,,,,,,,,77.8,150,77.9,50,78.1,100,,,,,,,,,,,,,,
2026-07-13T20:01:33.341504+00:00,2026-07-13T20:01:33.331830,3,3,77.7,0.2,77.6,10,77.5,50,77.3,150,,,,,,,,,,,,,,,77.8,105,77.9,50,78.1,100,,,,,,,,,,,,,,
2026-07-13T20:01:33.428710+00:00,2026-07-13T20:01:33.426695,2,3,77.65,0.3,77.5,10,77.3,150,,,,,,,,,,,,,,,,,77.8,105,77.9,50,78.1,100,,,,,,,,,,,,,,
2026-07-13T20:01:33.472802+00:00,2026-07-13T20:01:33.471999,2,2,77.6,0.4,77.4,19,77.3,150,,,,,,,,,,,,,,,,,77.8,105,78.1,100,,,,,,,,,,,,,,,,
2026-07-13T20:01:33.483879+00:00,2026-07-13T20:01:33.475273,2,2,77.6,0.4,77.4,19,77.3,150,,,,,,,,,,,,,,,,,77.8,155,78.1,100,,,,,,,,,,,,,,,,
2026-07-13T20:01:33.940303+00:00,2026-07-13T20:01:33.934336,3,2,77.7,0.2,77.6,5,77.4,19,77.3,150,,,,,,,,,,,,,,,77.8,155,78.1,100,,,,,,,,,,,,,,,,
2026-07-13T20:01:34.038483+00:00,2026-07-13T20:01:34.035713,3,1,77.7,0.2,77.6,5,77.4,19,77.3,150,,,,,,,,,,,,,,,77.8,155,,,,,,,,,,,,,,,,,,
2026-07-13T20:01:34.092434+00:00,2026-07-13T20:01:34.088310,3,1,77.7,0.2,77.6,5,77.4,19,77.3,250,,,,,,,,,,,,,,,77.8,155,,,,,,,,,,,,,,,,,,
2026-07-13T20:01:34.146932+00:00,2026-07-13T20:01:34.141114,3,1,77.7,0.2,77.6,5,77.4,19,77.3,250,,,,,,,,,,,,,,,77.8,255,,,,,,,,,,,,,,,,,,
2026-07-13T20:01:34.820436+00:00,2026-07-13T20:01:34.819354,3,1,77.7,0.2,77.6,5,77.4,19,77.3,100,,,,,,,,,,,,,,,77.8,150,,,,,,,,,,,,,,,,,,
2026-07-13T20:01:34.831375+00:00,2026-07-13T20:01:34.821019,2,1,77.6,0.4,77.4,19,77.3,100,,,,,,,,,,,,,,,,,77.8,150,,,,,,,,,,,,,,,,,,
2026-07-13T20:01:34.874308+00:00,2026-07-13T20:01:34.872645,3,1,77.65,0.3,77.5,150,77.4,19,77.3,100,,,,,,,,,,,,,,,77.8,150,,,,,,,,,,,,,,,,,,
2026-07-13T20:01:34.939097+00:00,2026-07-13T20:01:34.934012,3,2,77.65,0.3,77.5,155,77.4,19,77.3,100,,,,,,,,,,,,,,,77.8,150,78.0,150,,,,,,,,,,,,,,,,
2026-07-13T20:01:35.111379+00:00,2026-07-13T20:01:35.101294,3,2,77.65,0.3,77.5,155,77.4,19,77.3,100,,,,,,,,,,,,,,,77.8,151,78.0,150,,,,,,,,,,,,,,,,
2026-07-13T20:01:35.539721+00:00,2026-07-13T20:01:35.534152,3,2,77.65,0.3,77.5,105,77.4,19,77.3,100,,,,,,,,,,,,,,,77.8,151,78.0,150,,,,,,,,,,,,,,,,
2026-07-13T20:01:35.916747+00:00,2026-07-13T20:01:35.915351,3,2,77.65,0.3,77.5,63,77.4,19,77.3,100,,,,,,,,,,,,,,,77.8,151,78.0,150,,,,,,,,,,,,,,,,
2026-07-13T20:01:36.175080+00:00,2026-07-13T20:01:36.168844,2,2,77.65,0.3,77.5,63,77.3,119,,,,,,,,,,,,,,,,,77.8,151,78.0,150,,,,,,,,,,,,,,,,
2026-07-13T20:01:36.983159+00:00,2026-07-13T20:01:36.974937,2,2,77.65,0.3,77.5,62,77.3,119,,,,,,,,,,,,,,,,,77.8,151,78.0,150,,,,,,,,,,,,,,,,
2026-07-13T20:01:37.200822+00:00,2026-07-13T20:01:37.197660,2,2,77.65,0.3,77.5,62,77.3,19,,,,,,,,,,,,,,,,,77.8,51,78.0,150,,,,,,,,,,,,,,,,
2026-07-13T20:01:37.255666+00:00,2026-07-13T20:01:37.250306,2,2,77.65,0.3,77.5,62,77.3,119,,,,,,,,,,,,,,,,,77.8,51,78.0,150,,,,,,,,,,,,,,,,
2026-07-13T20:01:37.310614+00:00,2026-07-13T20:01:37.302891,2,2,77.65,0.3,77.5,62,77.3,119,,,,,,,,,,,,,,,,,77.8,151,78.0,150,,,,,,,,,,,,,,,,
2026-07-13T20:01:37.409902+00:00,2026-07-13T20:01:37.406729,2,2,77.65,0.3,77.5,62,77.3,100,,,,,,,,,,,,,,,,,77.8,101,78.0,150,,,,,,,,,,,,,,,,
2026-07-13T20:01:37.420958+00:00,2026-07-13T20:01:37.413320,3,3,77.6,0.2,77.5,62,77.3,100,77.2,19,,,,,,,,,,,,,,,77.7,50,77.8,101,78.0,150,,,,,,,,,,,,,,
2026-07-13T20:01:37.571968+00:00,2026-07-13T20:01:37.562557,3,3,77.6,0.2,77.5,20,77.3,100,77.2,19,,,,,,,,,,,,,,,77.7,50,77.8,101,78.0,150,,,,,,,,,,,,,,
2026-07-13T20:01:37.648031+00:00,2026-07-13T20:01:37.643455,2,3,77.5,0.4,77.3,70,77.2,19,,,,,,,,,,,,,,,,,77.7,50,77.8,101,78.0,150,,,,,,,,,,,,,,
2026-07-13T20:01:37.979103+00:00,2026-07-13T20:01:37.972997,3,3,77.6,0.2,77.5,4,77.3,70,77.2,19,,,,,,,,,,,,,,,77.7,50,77.8,101,78.0,150,,,,,,,,,,,,,,
2026-07-13T20:01:37.989910+00:00,2026-07-13T20:01:37.980911,3,2,77.6,0.2,77.5,4,77.3,70,77.2,19,,,,,,,,,,,,,,,77.7,50,77.8,101,,,,,,,,,,,,,,,,
2026-07-13T20:01:38.043444+00:00,2026-07-13T20:01:38.032907,4,2,77.6,0.2,77.5,4,77.3,70,77.2,19,76.7,150,,,,,,,,,,,,,77.7,50,77.8,101,,,,,,,,,,,,,,,,
2026-07-13T20:01:38.102094+00:00,2026-07-13T20:01:38.100764,1,3,76.95,0.5,76.7,150,,,,,,,,,,,,,,,,,,,77.2,53,77.7,50,77.8,101,,,,,,,,,,,,,,
2026-07-13T20:01:38.188288+00:00,2026-07-13T20:01:38.181917,2,3,77.0,0.4,76.8,113,76.7,150,,,,,,,,,,,,,,,,,77.2,53,77.7,50,77.8,101,,,,,,,,,,,,,,
2026-07-13T20:01:38.209723+00:00,2026-07-13T20:01:38.204320,2,3,77.0,0.4,76.8,113,76.7,150,,,,,,,,,,,,,,,,,77.2,12,77.7,50,77.8,101,,,,,,,,,,,,,,
2026-07-13T20:01:38.263172+00:00,2026-07-13T20:01:38.260774,2,2,77.0,0.4,76.8,113,76.7,150,,,,,,,,,,,,,,,,,77.2,12,77.8,101,,,,,,,,,,,,,,,,
2026-07-13T20:01:38.273872+00:00,2026-07-13T20:01:38.264182,2,3,77.0,0.4,76.8,113,76.7,150,,,,,,,,,,,,,,,,,77.2,12,77.6,50,77.8,101,,,,,,,,,,,,,,
2026-07-13T20:01:38.731461+00:00,2026-07-13T20:01:38.722152,2,2,77.2,0.8,76.8,113,76.7,150,,,,,,,,,,,,,,,,,77.6,50,77.8,101,,,,,,,,,,,,,,,,
2026-07-13T20:01:38.816684+00:00,2026-07-13T20:01:38.810843,1,2,77.15,0.9,76.7,150,,,,,,,,,,,,,,,,,,,77.6,50,77.8,101,,,,,,,,,,,,,,,,
2026-07-13T20:01:38.901476+00:00,2026-07-13T20:01:38.895315,1,2,77.2,1.0,76.7,150,,,,,,,,,,,,,,,,,,,77.7,50,77.8,101,,,,,,,,,,,,,,,,
2026-07-13T20:01:40.044161+00:00,2026-07-13T20:01:40.041970,1,2,77.2,1.0,76.7,150,,,,,,,,,,,,,,,,,,,77.7,50,77.8,101,,,,,,,,,,,,,,,,
2026-07-13T20:01:40.173208+00:00,2026-07-13T20:01:40.171694,2,2,77.55,0.3,77.4,3,76.7,150,,,,,,,,,,,,,,,,,77.7,50,77.8,101,,,,,,,,,,,,,,,,
2026-07-13T20:01:40.381314+00:00,2026-07-13T20:01:40.377102,2,2,77.55,0.3,77.4,3,76.7,150,,,,,,,,,,,,,,,,,77.7,50,77.8,1,,,,,,,,,,,,,,,,
2026-07-13T20:01:40.446299+00:00,2026-07-13T20:01:40.435682,3,2,77.55,0.3,77.4,3,76.9,100,76.7,150,,,,,,,,,,,,,,,77.7,50,77.8,1,,,,,,,,,,,,,,,,
2026-07-13T20:01:40.500149+00:00,2026-07-13T20:01:40.489818,2,3,77.15,0.5,76.9,100,76.7,150,,,,,,,,,,,,,,,,,77.4,97,77.7,50,77.8,1,,,,,,,,,,,,,,
2026-07-13T20:01:40.510959+00:00,2026-07-13T20:01:40.507135,3,3,77.2,0.4,77.0,78,76.9,100,76.7,150,,,,,,,,,,,,,,,77.4,97,77.7,50,77.8,1,,,,,,,,,,,,,,
2026-07-13T20:01:41.152761+00:00,2026-07-13T20:01:41.145591,2,3,77.2,0.4,77.0,78,76.9,100,,,,,,,,,,,,,,,,,77.4,97,77.7,50,77.8,1,,,,,,,,,,,,,,
2026-07-13T20:01:41.207663+00:00,2026-07-13T20:01:41.198045,3,3,77.35,0.1,77.3,150,77.0,78,76.9,100,,,,,,,,,,,,,,,77.4,97,77.7,50,77.8,1,,,,,,,,,,,,,,
2026-07-13T20:01:41.239922+00:00,2026-07-13T20:01:41.237510,2,3,77.35,0.1,77.3,150,76.9,100,,,,,,,,,,,,,,,,,77.4,19,77.7,50,77.8,1,,,,,,,,,,,,,,
2026-07-13T20:01:41.250629+00:00,2026-07-13T20:01:41.250141,2,3,77.35,0.1,77.3,150,76.9,100,,,,,,,,,,,,,,,,,77.4,19,77.7,50,77.8,151,,,,,,,,,,,,,,
2026-07-13T20:01:41.342961+00:00,2026-07-13T20:01:41.340184,2,3,77.35,0.1,77.3,150,76.9,100,,,,,,,,,,,,,,,,,77.4,19,77.6,50,77.8,151,,,,,,,,,,,,,,
2026-07-13T20:01:41.592879+00:00,2026-07-13T20:01:41.590128,2,3,77.35,0.1,77.3,109,76.9,100,,,,,,,,,,,,,,,,,77.4,19,77.6,50,77.8,151,,,,,,,,,,,,,,
2026-07-13T20:01:41.742516+00:00,2026-07-13T20:01:41.737324,2,2,77.45,0.3,77.3,109,76.9,100,,,,,,,,,,,,,,,,,77.6,50,77.8,151,,,,,,,,,,,,,,,,
2026-07-13T20:01:41.753465+00:00,2026-07-13T20:01:41.751741,2,1,77.55,0.5,77.3,109,76.9,100,,,,,,,,,,,,,,,,,77.8,151,,,,,,,,,,,,,,,,,,
2026-07-13T20:01:41.764402+00:00,2026-07-13T20:01:41.755250,2,2,77.5,0.4,77.3,109,76.9,100,,,,,,,,,,,,,,,,,77.7,50,77.8,151,,,,,,,,,,,,,,,,
2026-07-13T20:01:42.778238+00:00,2026-07-13T20:01:42.774005,2,1,77.55,0.5,77.3,109,76.9,100,,,,,,,,,,,,,,,,,77.8,201,,,,,,,,,,,,,,,,,,
2026-07-13T20:01:43.115084+00:00,2026-07-13T20:01:43.105922,2,1,77.55,0.5,77.3,109,76.9,100,,,,,,,,,,,,,,,,,77.8,157,,,,,,,,,,,,,,,,,,
2026-07-13T20:01:43.355069+00:00,2026-07-13T20:01:43.352275,2,2,77.5,0.4,77.3,109,76.9,100,,,,,,,,,,,,,,,,,77.7,6,77.8,157,,,,,,,,,,,,,,,,
2026-07-13T20:01:43.549863+00:00,2026-07-13T20:01:43.545903,1,2,77.5,0.4,77.3,109,,,,,,,,,,,,,,,,,,,77.7,6,77.8,157,,,,,,,,,,,,,,,,
2026-07-13T20:01:43.604449+00:00,2026-07-13T20:01:43.599583,1,2,77.5,0.4,77.3,209,,,,,,,,,,,,,,,,,,,77.7,6,77.8,157,,,,,,,,,,,,,,,,
2026-07-13T20:01:43.658575+00:00,2026-07-13T20:01:43.652637,1,2,77.5,0.4,77.3,209,,,,,,,,,,,,,,,,,,,77.7,6,77.8,257,,,,,,,,,,,,,,,,
2026-07-13T20:01:43.991429+00:00,2026-07-13T20:01:43.988660,1,2,77.5,0.4,77.3,159,,,,,,,,,,,,,,,,,,,77.7,6,77.8,257,,,,,,,,,,,,,,,,
2026-07-13T20:01:44.174599+00:00,2026-07-13T20:01:44.168766,1,2,77.5,0.4,77.3,159,,,,,,,,,,,,,,,,,,,77.7,5,77.8,257,,,,,,,,,,,,,,,,
2026-07-13T20:01:44.314556+00:00,2026-07-13T20:01:44.306797,1,2,77.5,0.4,77.3,100,,,,,,,,,,,,,,,,,,,77.7,5,77.8,150,,,,,,,,,,,,,,,,
2026-07-13T20:01:44.368161+00:00,2026-07-13T20:01:44.360935,1,2,77.5,0.4,77.3,250,,,,,,,,,,,,,,,,,,,77.7,5,77.8,150,,,,,,,,,,,,,,,,
2026-07-13T20:01:44.422437+00:00,2026-07-13T20:01:44.415649,1,2,77.5,0.4,77.3,250,,,,,,,,,,,,,,,,,,,77.7,5,77.8,300,,,,,,,,,,,,,,,,
2026-07-13T20:01:44.518200+00:00,2026-07-13T20:01:44.511759,1,2,77.5,0.4,77.3,250,,,,,,,,,,,,,,,,,,,77.7,3,77.8,300,,,,,,,,,,,,,,,,
2026-07-13T20:01:44.625755+00:00,2026-07-13T20:01:44.619310,1,3,77.5,0.4,77.3,250,,,,,,,,,,,,,,,,,,,77.7,3,77.8,250,77.9,50,,,,,,,,,,,,,,
2026-07-13T20:01:45.768346+00:00,2026-07-13T20:01:45.766591,1,3,77.5,0.4,77.3,250,,,,,,,,,,,,,,,,,,,77.7,1,77.8,250,77.9,50,,,,,,,,,,,,,,
2026-07-13T20:01:46.047927+00:00,2026-07-13T20:01:46.046671,1,2,77.55,0.5,77.3,250,,,,,,,,,,,,,,,,,,,77.8,201,77.9,50,,,,,,,,,,,,,,,,
2026-07-13T20:01:46.718666+00:00,2026-07-13T20:01:46.708735,1,2,77.55,0.5,77.3,150,,,,,,,,,,,,,,,,,,,77.8,150,77.9,50,,,,,,,,,,,,,,,,
2026-07-13T20:01:46.772795+00:00,2026-07-13T20:01:46.762275,2,2,77.7,0.2,77.6,100,77.3,150,,,,,,,,,,,,,,,,,77.8,150,77.9,50,,,,,,,,,,,,,,,,
2026-07-13T20:01:46.816187+00:00,2026-07-13T20:01:46.814506,2,3,77.7,0.2,77.6,100,77.3,150,,,,,,,,,,,,,,,,,77.8,150,77.9,50,78.1,100,,,,,,,,,,,,,,
2026-07-13T20:01:47.042176+00:00,2026-07-13T20:01:47.039670,2,3,77.7,0.2,77.6,100,77.3,150,,,,,,,,,,,,,,,,,77.8,103,77.9,50,78.1,100,,,,,,,,,,,,,,
2026-07-13T20:01:47.053132+00:00,2026-07-13T20:01:47.045240,2,3,77.7,0.2,77.6,100,77.3,150,,,,,,,,,,,,,,,,,77.8,101,77.9,50,78.1,100,,,,,,,,,,,,,,
2026-07-13T20:01:47.389723+00:00,2026-07-13T20:01:47.386901,2,4,77.65,0.1,77.6,100,77.3,150,,,,,,,,,,,,,,,,,77.7,4,77.8,101,77.9,50,78.1,100,,,,,,,,,,,,
2026-07-13T20:01:47.474382+00:00,2026-07-13T20:01:47.471681,1,3,77.65,0.1,77.6,100,,,,,,,,,,,,,,,,,,,77.7,4,77.9,50,78.1,100,,,,,,,,,,,,,,
2026-07-13T20:01:47.527848+00:00,2026-07-13T20:01:47.525342,1,3,77.65,0.1,77.6,250,,,,,,,,,,,,,,,,,,,77.7,4,77.9,50,78.1,100,,,,,,,,,,,,,,
2026-07-13T20:01:47.581640+00:00,2026-07-13T20:01:47.577939,1,3,77.65,0.1,77.6,250,,,,,,,,,,,,,,,,,,,77.7,4,77.9,50,78.1,250,,,,,,,,,,,,,,
2026-07-13T20:01:48.208795+00:00,2026-07-13T20:01:48.206585,1,3,77.65,0.1,77.6,200,,,,,,,,,,,,,,,,,,,77.7,4,77.9,50,78.1,250,,,,,,,,,,,,,,
2026-07-13T20:01:48.570006+00:00,2026-07-13T20:01:48.566604,1,2,77.75,0.3,77.6,200,,,,,,,,,,,,,,,,,,,77.9,50,78.1,250,,,,,,,,,,,,,,,,
2026-07-13T20:01:48.686166+00:00,2026-07-13T20:01:48.682585,1,2,77.8,0.4,77.6,200,,,,,,,,,,,,,,,,,,,78.0,50,78.1,250,,,,,,,,,,,,,,,,
2026-07-13T20:01:48.834192+00:00,2026-07-13T20:01:48.824331,1,2,77.8,0.4,77.6,200,,,,,,,,,,,,,,,,,,,78.0,48,78.1,250,,,,,,,,,,,,,,,,
2026-07-13T20:01:48.897656+00:00,2026-07-13T20:01:48.891053,2,2,77.8,0.4,77.6,200,77.5,2,,,,,,,,,,,,,,,,,78.0,48,78.1,250,,,,,,,,,,,,,,,,
2026-07-13T20:01:49.319776+00:00,2026-07-13T20:01:49.316649,1,2,77.8,0.4,77.6,200,,,,,,,,,,,,,,,,,,,78.0,48,78.1,250,,,,,,,,,,,,,,,,
2026-07-13T20:01:49.330484+00:00,2026-07-13T20:01:49.320969,2,2,77.8,0.4,77.6,200,77.4,2,,,,,,,,,,,,,,,,,78.0,48,78.1,250,,,,,,,,,,,,,,,,
2026-07-13T20:01:49.869866+00:00,2026-07-13T20:01:49.868581,2,2,77.8,0.4,77.6,200,77.4,2,,,,,,,,,,,,,,,,,78.0,48,78.1,150,,,,,,,,,,,,,,,,
2026-07-13T20:01:49.880396+00:00,2026-07-13T20:01:49.870801,2,2,77.8,0.4,77.6,150,77.4,2,,,,,,,,,,,,,,,,,78.0,48,78.1,150,,,,,,,,,,,,,,,,
2026-07-13T20:01:49.932927+00:00,2026-07-13T20:01:49.923946,3,2,77.8,0.4,77.6,150,77.4,2,77.3,100,,,,,,,,,,,,,,,78.0,48,78.1,150,,,,,,,,,,,,,,,,
2026-07-13T20:01:49.985709+00:00,2026-07-13T20:01:49.978997,3,3,77.7,0.2,77.6,150,77.4,2,77.3,100,,,,,,,,,,,,,,,77.8,100,78.0,48,78.1,150,,,,,,,,,,,,,,
2026-07-13T20:01:50.134268+00:00,2026-07-13T20:01:50.132356,3,2,77.7,0.2,77.6,150,77.4,2,77.3,100,,,,,,,,,,,,,,,77.8,150,78.1,150,,,,,,,,,,,,,,,,
2026-07-13T20:01:50.638486+00:00,2026-07-13T20:01:50.633946,2,1,77.6,0.4,77.4,2,77.3,100,,,,,,,,,,,,,,,,,77.8,150,,,,,,,,,,,,,,,,,,
2026-07-13T20:01:50.692244+00:00,2026-07-13T20:01:50.686618,3,1,77.65,0.3,77.5,150,77.4,2,77.3,100,,,,,,,,,,,,,,,77.8,150,,,,,,,,,,,,,,,,,,
2026-07-13T20:01:50.745444+00:00,2026-07-13T20:01:50.739129,3,2,77.65,0.3,77.5,150,77.4,2,77.3,100,,,,,,,,,,,,,,,77.8,150,78.0,150,,,,,,,,,,,,,,,,
2026-07-13T20:01:51.437387+00:00,2026-07-13T20:01:51.430179,3,2,77.65,0.3,77.5,150,77.4,2,77.3,100,,,,,,,,,,,,,,,77.8,155,78.0,150,,,,,,,,,,,,,,,,
2026-07-13T20:01:51.978623+00:00,2026-07-13T20:01:51.976108,2,2,77.65,0.3,77.5,152,77.3,100,,,,,,,,,,,,,,,,,77.8,105,78.0,150,,,,,,,,,,,,,,,,
2026-07-13T20:01:51.989152+00:00,2026-07-13T20:01:51.979298,2,3,77.65,0.3,77.5,152,77.3,100,,,,,,,,,,,,,,,,,77.8,105,77.9,50,78.0,150,,,,,,,,,,,,,,
2026-07-13T20:01:52.433197+00:00,2026-07-13T20:01:52.425869,2,3,77.65,0.3,77.5,102,77.3,100,,,,,,,,,,,,,,,,,77.8,105,77.9,50,78.0,150,,,,,,,,,,,,,,
2026-07-13T20:01:52.603121+00:00,2026-07-13T20:01:52.597529,2,3,77.65,0.3,77.5,102,77.3,100,,,,,,,,,,,,,,,,,77.8,103,77.9,50,78.0,150,,,,,,,,,,,,,,
2026-07-13T20:01:53.038855+00:00,2026-07-13T20:01:53.035132,1,3,77.65,0.3,77.5,102,,,,,,,,,,,,,,,,,,,77.8,5,77.9,50,78.0,150,,,,,,,,,,,,,,
2026-07-13T20:01:53.092689+00:00,2026-07-13T20:01:53.090718,2,3,77.65,0.3,77.5,102,77.4,100,,,,,,,,,,,,,,,,,77.8,5,77.9,50,78.0,150,,,,,,,,,,,,,,
2026-07-13T20:01:53.156565+00:00,2026-07-13T20:01:53.146154,2,3,77.65,0.3,77.5,102,77.4,100,,,,,,,,,,,,,,,,,77.8,5,77.9,150,78.0,150,,,,,,,,,,,,,,
2026-07-13T20:01:53.199094+00:00,2026-07-13T20:01:53.193008,2,3,77.65,0.3,77.5,100,77.4,100,,,,,,,,,,,,,,,,,77.8,5,77.9,150,78.0,150,,,,,,,,,,,,,,
2026-07-13T20:01:53.209804+00:00,2026-07-13T20:01:53.206062,2,3,77.65,0.3,77.5,100,77.4,102,,,,,,,,,,,,,,,,,77.8,55,77.9,100,78.0,150,,,,,,,,,,,,,,
2026-07-13T20:01:53.793159+00:00,2026-07-13T20:01:53.787646,2,3,77.65,0.3,77.5,55,77.4,102,,,,,,,,,,,,,,,,,77.8,55,77.9,100,78.0,150,,,,,,,,,,,,,,
2026-07-13T20:01:53.803686+00:00,2026-07-13T20:01:53.794243,1,2,77.6,0.4,77.4,102,,,,,,,,,,,,,,,,,,,77.8,55,77.9,100,,,,,,,,,,,,,,,,
2026-07-13T20:01:53.856525+00:00,2026-07-13T20:01:53.848173,2,2,77.6,0.4,77.4,102,77.1,150,,,,,,,,,,,,,,,,,77.8,55,77.9,100,,,,,,,,,,,,,,,,
2026-07-13T20:01:53.909190+00:00,2026-07-13T20:01:53.900043,2,3,77.5,0.2,77.4,102,77.1,150,,,,,,,,,,,,,,,,,77.6,150,77.8,55,77.9,100,,,,,,,,,,,,,,
2026-07-13T20:01:54.235671+00:00,2026-07-13T20:01:54.230146,3,3,77.5,0.2,77.4,100,77.3,2,77.1,150,,,,,,,,,,,,,,,77.6,150,77.8,55,77.9,100,,,,,,,,,,,,,,
2026-07-13T20:01:54.443658+00:00,2026-07-13T20:01:54.438911,2,3,77.5,0.2,77.4,102,77.1,150,,,,,,,,,,,,,,,,,77.6,150,77.8,55,77.9,100,,,,,,,,,,,,,,
2026-07-13T20:01:55.004092+00:00,2026-07-13T20:01:55.002785,2,3,77.5,0.2,77.4,56,77.1,150,,,,,,,,,,,,,,,,,77.6,150,77.8,55,77.9,100,,,,,,,,,,,,,,
2026-07-13T20:01:55.365926+00:00,2026-07-13T20:01:55.360743,2,3,77.5,0.2,77.4,56,77.1,150,,,,,,,,,,,,,,,,,77.6,125,77.8,55,77.9,100,,,,,,,,,,,,,,
2026-07-13T20:01:55.628336+00:00,2026-07-13T20:01:55.622736,2,3,77.5,0.2,77.4,56,77.1,150,,,,,,,,,,,,,,,,,77.6,123,77.8,55,77.9,100,,,,,,,,,,,,,,
2026-07-13T20:01:56.199961+00:00,2026-07-13T20:01:56.199192,2,2,77.5,0.2,77.4,56,77.1,150,,,,,,,,,,,,,,,,,77.6,123,77.8,55,,,,,,,,,,,,,,,,
2026-07-13T20:01:56.210733+00:00,2026-07-13T20:01:56.200571,2,2,77.5,0.2,77.4,2,77.1,150,,,,,,,,,,,,,,,,,77.6,123,77.8,55,,,,,,,,,,,,,,,,
2026-07-13T20:01:56.263699+00:00,2026-07-13T20:01:56.261039,2,2,77.4,0.4,77.2,100,77.1,150,,,,,,,,,,,,,,,,,77.6,123,77.8,55,,,,,,,,,,,,,,,,
2026-07-13T20:01:56.274374+00:00,2026-07-13T20:01:56.264590,3,2,77.45,0.3,77.3,2,77.2,100,77.1,150,,,,,,,,,,,,,,,77.6,123,77.8,55,,,,,,,,,,,,,,,,
2026-07-13T20:01:56.318001+00:00,2026-07-13T20:01:56.309584,3,3,77.45,0.3,77.3,2,77.2,100,77.1,150,,,,,,,,,,,,,,,77.6,123,77.7,100,77.8,55,,,,,,,,,,,,,,
2026-07-13T20:01:56.648151+00:00,2026-07-13T20:01:56.637878,2,3,77.4,0.4,77.2,52,77.1,150,,,,,,,,,,,,,,,,,77.6,123,77.7,100,77.8,55,,,,,,,,,,,,,,
2026-07-13T20:01:56.925538+00:00,2026-07-13T20:01:56.919794,2,3,77.4,0.4,77.2,52,77.1,150,,,,,,,,,,,,,,,,,77.6,121,77.7,100,77.8,55,,,,,,,,,,,,,,
2026-07-13T20:01:56.958176+00:00,2026-07-13T20:01:56.955856,1,2,77.45,0.5,77.2,52,,,,,,,,,,,,,,,,,,,77.7,100,77.8,55,,,,,,,,,,,,,,,,
2026-07-13T20:01:57.012089+00:00,2026-07-13T20:01:57.009885,1,2,77.45,0.5,77.2,202,,,,,,,,,,,,,,,,,,,77.7,100,77.8,55,,,,,,,,,,,,,,,,
2026-07-13T20:01:57.065250+00:00,2026-07-13T20:01:57.063100,1,2,77.45,0.5,77.2,202,,,,,,,,,,,,,,,,,,,77.7,250,77.8,55,,,,,,,,,,,,,,,,
2026-07-13T20:01:57.718909+00:00,2026-07-13T20:01:57.711177,1,2,77.45,0.5,77.2,202,,,,,,,,,,,,,,,,,,,77.7,207,77.8,55,,,,,,,,,,,,,,,,
2026-07-13T20:01:58.206288+00:00,2026-07-13T20:01:58.196750,1,2,77.45,0.5,77.2,202,,,,,,,,,,,,,,,,,,,77.7,205,77.8,55,,,,,,,,,,,,,,,,
2026-07-13T20:01:58.701437+00:00,2026-07-13T20:01:58.691708,1,2,77.45,0.5,77.2,202,,,,,,,,,,,,,,,,,,,77.7,155,77.8,55,,,,,,,,,,,,,,,,
2026-07-13T20:01:59.368409+00:00,2026-07-13T20:01:59.363908,1,2,77.45,0.5,77.2,150,,,,,,,,,,,,,,,,,,,77.7,150,77.8,55,,,,,,,,,,,,,,,,
2026-07-13T20:01:59.379460+00:00,2026-07-13T20:01:59.373906,1,2,77.45,0.5,77.2,150,,,,,,,,,,,,,,,,,,,77.7,106,77.8,55,,,,,,,,,,,,,,,,
2026-07-13T20:01:59.423343+00:00,2026-07-13T20:01:59.418418,2,2,77.55,0.3,77.4,100,77.2,150,,,,,,,,,,,,,,,,,77.7,106,77.8,55,,,,,,,,,,,,,,,,
2026-07-13T20:01:59.466021+00:00,2026-07-13T20:01:59.461509,2,2,77.55,0.3,77.4,100,77.2,150,,,,,,,,,,,,,,,,,77.7,104,77.8,55,,,,,,,,,,,,,,,,
2026-07-13T20:01:59.476808+00:00,2026-07-13T20:01:59.470558,2,3,77.55,0.3,77.4,100,77.2,150,,,,,,,,,,,,,,,,,77.7,104,77.8,55,77.9,100,,,,,,,,,,,,,,
2026-07-13T20:01:59.584052+00:00,2026-07-13T20:01:59.580451,2,3,77.55,0.3,77.4,100,77.2,150,,,,,,,,,,,,,,,,,77.7,104,77.8,52,77.9,100,,,,,,,,,,,,,,
2026-07-13T20:02:00.125842+00:00,2026-07-13T20:02:00.120693,1,2,77.6,0.4,77.4,100,,,,,,,,,,,,,,,,,,,77.8,52,77.9,100,,,,,,,,,,,,,,,,
2026-07-13T20:02:00.179365+00:00,2026-07-13T20:02:00.173861,1,2,77.6,0.4,77.4,250,,,,,,,,,,,,,,,,,,,77.8,52,77.9,100,,,,,,,,,,,,,,,,
2026-07-13T20:02:00.232314+00:00,2026-07-13T20:02:00.226596,1,2,77.6,0.4,77.4,250,,,,,,,,,,,,,,,,,,,77.8,52,77.9,250,,,,,,,,,,,,,,,,
2026-07-13T20:02:00.793038+00:00,2026-07-13T20:02:00.790823,1,2,77.6,0.4,77.4,254,,,,,,,,,,,,,,,,,,,77.8,52,77.9,250,,,,,,,,,,,,,,,,
2026-07-13T20:02:00.853424+00:00,2026-07-13T20:02:00.847785,1,2,77.6,0.4,77.4,204,,,,,,,,,,,,,,,,,,,77.8,52,77.9,250,,,,,,,,,,,,,,,,
2026-07-13T20:02:01.184791+00:00,2026-07-13T20:02:01.178036,1,3,77.6,0.4,77.4,204,,,,,,,,,,,,,,,,,,,77.8,2,77.9,250,78.0,50,,,,,,,,,,,,,,
2026-07-13T20:02:01.637998+00:00,2026-07-13T20:02:01.633333,1,3,77.6,0.4,77.4,203,,,,,,,,,,,,,,,,,,,77.8,2,77.9,250,78.0,50,,,,,,,,,,,,,,
2026-07-13T20:02:01.990797+00:00,2026-07-13T20:02:01.982147,1,2,77.65,0.5,77.4,203,,,,,,,,,,,,,,,,,,,77.9,250,78.0,50,,,,,,,,,,,,,,,,
2026-07-13T20:02:02.501188+00:00,2026-07-13T20:02:02.498185,1,2,77.65,0.5,77.4,203,,,,,,,,,,,,,,,,,,,77.9,248,78.0,50,,,,,,,,,,,,,,,,
2026-07-13T20:02:02.533393+00:00,2026-07-13T20:02:02.526317,1,2,77.65,0.5,77.4,153,,,,,,,,,,,,,,,,,,,77.9,150,78.0,50,,,,,,,,,,,,,,,,
2026-07-13T20:02:02.598252+00:00,2026-07-13T20:02:02.587818,1,2,77.65,0.5,77.4,253,,,,,,,,,,,,,,,,,,,77.9,150,78.0,50,,,,,,,,,,,,,,,,
2026-07-13T20:02:02.640728+00:00,2026-07-13T20:02:02.640325,1,2,77.65,0.5,77.4,253,,,,,,,,,,,,,,,,,,,77.9,250,78.0,50,,,,,,,,,,,,,,,,
2026-07-13T20:02:02.991410+00:00,2026-07-13T20:02:02.988876,1,2,77.65,0.5,77.4,206,,,,,,,,,,,,,,,,,,,77.9,250,78.0,50,,,,,,,,,,,,,,,,
2026-07-13T20:02:03.290172+00:00,2026-07-13T20:02:03.282489,1,2,77.65,0.5,77.4,103,,,,,,,,,,,,,,,,,,,77.9,100,78.0,50,,,,,,,,,,,,,,,,
2026-07-13T20:02:03.343163+00:00,2026-07-13T20:02:03.334658,1,2,77.65,0.5,77.4,253,,,,,,,,,,,,,,,,,,,77.9,100,78.0,50,,,,,,,,,,,,,,,,
2026-07-13T20:02:03.397287+00:00,2026-07-13T20:02:03.393591,1,2,77.65,0.5,77.4,253,,,,,,,,,,,,,,,,,,,77.9,250,78.0,50,,,,,,,,,,,,,,,,
2026-07-13T20:02:03.765239+00:00,2026-07-13T20:02:03.758693,1,2,77.65,0.5,77.4,253,,,,,,,,,,,,,,,,,,,77.9,248,78.0,50,,,,,,,,,,,,,,,,
2026-07-13T20:02:05.032360+00:00,2026-07-13T20:02:05.023968,1,2,77.65,0.5,77.4,253,,,,,,,,,,,,,,,,,,,77.9,246,78.0,50,,,,,,,,,,,,,,,,
2026-07-13T20:02:05.085753+00:00,2026-07-13T20:02:05.082899,1,2,77.65,0.5,77.4,203,,,,,,,,,,,,,,,,,,,77.9,246,78.0,50,,,,,,,,,,,,,,,,
2026-07-13T20:02:05.533345+00:00,2026-07-13T20:02:05.525877,1,2,77.65,0.5,77.4,203,,,,,,,,,,,,,,,,,,,77.9,199,78.0,50,,,,,,,,,,,,,,,,
2026-07-13T20:02:05.704220+00:00,2026-07-13T20:02:05.697151,1,2,77.65,0.5,77.4,150,,,,,,,,,,,,,,,,,,,77.9,150,78.0,50,,,,,,,,,,,,,,,,
2026-07-13T20:02:05.757445+00:00,2026-07-13T20:02:05.753385,1,2,77.65,0.5,77.4,250,,,,,,,,,,,,,,,,,,,77.9,150,78.0,50,,,,,,,,,,,,,,,,
2026-07-13T20:02:05.812113+00:00,2026-07-13T20:02:05.806514,1,2,77.65,0.5,77.4,250,,,,,,,,,,,,,,,,,,,77.9,250,78.0,50,,,,,,,,,,,,,,,,
2026-07-13T20:02:06.036486+00:00,2026-07-13T20:02:06.033869,1,2,77.65,0.5,77.4,255,,,,,,,,,,,,,,,,,,,77.9,250,78.0,50,,,,,,,,,,,,,,,,
2026-07-13T20:02:06.282227+00:00,2026-07-13T20:02:06.279155,1,2,77.65,0.5,77.4,255,,,,,,,,,,,,,,,,,,,77.9,248,78.0,50,,,,,,,,,,,,,,,,
2026-07-13T20:02:06.445491+00:00,2026-07-13T20:02:06.444844,1,2,77.65,0.5,77.4,105,,,,,,,,,,,,,,,,,,,77.9,100,78.0,50,,,,,,,,,,,,,,,,
2026-07-13T20:02:06.456269+00:00,2026-07-13T20:02:06.449660,1,2,77.6,0.4,77.4,105,,,,,,,,,,,,,,,,,,,77.8,50,77.9,100,,,,,,,,,,,,,,,,
2026-07-13T20:02:06.499271+00:00,2026-07-13T20:02:06.497192,2,2,77.6,0.4,77.4,105,77.1,150,,,,,,,,,,,,,,,,,77.8,50,77.9,100,,,,,,,,,,,,,,,,
2026-07-13T20:02:06.553508+00:00,2026-07-13T20:02:06.549253,2,3,77.5,0.2,77.4,105,77.1,150,,,,,,,,,,,,,,,,,77.6,150,77.8,50,77.9,100,,,,,,,,,,,,,,
2026-07-13T20:02:06.660833+00:00,2026-07-13T20:02:06.657122,2,3,77.5,0.2,77.4,105,77.1,150,,,,,,,,,,,,,,,,,77.6,150,77.7,50,77.9,100,,,,,,,,,,,,,,
2026-07-13T20:02:07.143345+00:00,2026-07-13T20:02:07.139313,2,3,77.5,0.2,77.4,105,77.1,150,,,,,,,,,,,,,,,,,77.6,100,77.7,50,77.9,100,,,,,,,,,,,,,,
