recv_time,book_timestamp,n_bids,n_asks,mid,spread,bid_px_0,bid_vol_0,bid_px_1,bid_vol_1,bid_px_2,bid_vol_2,bid_px_3,bid_vol_3,bid_px_4,bid_vol_4,bid_px_5,bid_vol_5,bid_px_6,bid_vol_6,bid_px_7,bid_vol_7,bid_px_8,bid_vol_8,bid_px_9,bid_vol_9,ask_px_0,ask_vol_0,ask_px_1,ask_vol_1,ask_px_2,ask_vol_2,ask_px_3,ask_vol_3,ask_px_4,ask_vol_4,ask_px_5,ask_vol_5,ask_px_6,ask_vol_6,ask_px_7,ask_vol_7,ask_px_8,ask_vol_8,ask_px_9,ask_vol_9
2026-07-08T02:00:00.313928+00:00,2026-07-08T02:00:00.335881,2,2,133.7,0.2,133.6,5,133.3,208,,,,,,,,,,,,,,,,,133.8,188,133.9,5,,,,,,,,,,,,,,,,
2026-07-08T02:00:00.817761+00:00,2026-07-08T02:00:00.817646,2,2,133.7,0.2,133.6,5,133.3,100,,,,,,,,,,,,,,,,,133.8,100,133.9,5,,,,,,,,,,,,,,,,
2026-07-08T02:00:00.850699+00:00,2026-07-08T02:00:00.850633,2,1,133.7,0.2,133.6,5,133.3,100,,,,,,,,,,,,,,,,,133.8,100,,,,,,,,,,,,,,,,,,
2026-07-08T02:00:00.855902+00:00,2026-07-08T02:00:00.855801,1,1,133.55,0.5,133.3,100,,,,,,,,,,,,,,,,,,,133.8,100,,,,,,,,,,,,,,,,,,
2026-07-08T02:00:00.871521+00:00,2026-07-08T02:00:00.871416,2,1,133.65,0.3,133.5,150,133.3,100,,,,,,,,,,,,,,,,,133.8,100,,,,,,,,,,,,,,,,,,
2026-07-08T02:00:00.876724+00:00,2026-07-08T02:00:00.876639,3,2,133.7,0.2,133.6,5,133.5,150,133.3,100,,,,,,,,,,,,,,,133.8,100,133.9,5,,,,,,,,,,,,,,,,
2026-07-08T02:00:00.953225+00:00,2026-07-08T02:00:00.917340,3,3,133.7,0.2,133.6,5,133.5,150,133.3,100,,,,,,,,,,,,,,,133.8,100,133.9,5,134.0,150,,,,,,,,,,,,,,
2026-07-08T02:00:01.277548+00:00,2026-07-08T02:00:01.271036,3,3,133.7,0.2,133.6,5,133.5,150,133.3,100,,,,,,,,,,,,,,,133.8,89,133.9,5,134.0,150,,,,,,,,,,,,,,
2026-07-08T02:00:01.395934+00:00,2026-07-08T02:00:01.390822,2,2,133.65,0.3,133.5,150,133.3,100,,,,,,,,,,,,,,,,,133.8,84,134.0,150,,,,,,,,,,,,,,,,
2026-07-08T02:00:01.413902+00:00,2026-07-08T02:00:01.413795,3,2,133.75,0.1,133.7,5,133.5,150,133.3,100,,,,,,,,,,,,,,,133.8,84,134.0,155,,,,,,,,,,,,,,,,
2026-07-08T02:00:01.450494+00:00,2026-07-08T02:00:01.450614,3,2,133.75,0.1,133.7,5,133.5,150,133.3,100,,,,,,,,,,,,,,,133.8,64,134.0,155,,,,,,,,,,,,,,,,
2026-07-08T02:00:01.717631+00:00,2026-07-08T02:00:01.717528,3,2,133.75,0.1,133.7,5,133.5,150,133.3,100,,,,,,,,,,,,,,,133.8,44,134.0,155,,,,,,,,,,,,,,,,
2026-07-08T02:00:01.922598+00:00,2026-07-08T02:00:01.922490,3,2,133.75,0.1,133.7,5,133.5,150,133.3,100,,,,,,,,,,,,,,,133.8,44,134.0,150,,,,,,,,,,,,,,,,
2026-07-08T02:00:01.927763+00:00,2026-07-08T02:00:01.927656,2,2,133.65,0.3,133.5,150,133.3,100,,,,,,,,,,,,,,,,,133.8,44,134.0,150,,,,,,,,,,,,,,,,
2026-07-08T02:00:01.968722+00:00,2026-07-08T02:00:01.945025,3,2,133.75,0.1,133.7,5,133.5,150,133.3,100,,,,,,,,,,,,,,,133.8,44,134.0,155,,,,,,,,,,,,,,,,
2026-07-08T02:00:02.264297+00:00,2026-07-08T02:00:02.264221,2,2,133.65,0.3,133.5,105,133.3,100,,,,,,,,,,,,,,,,,133.8,44,134.0,155,,,,,,,,,,,,,,,,
2026-07-08T02:00:02.479266+00:00,2026-07-08T02:00:02.479164,2,2,133.65,0.3,133.5,105,133.3,100,,,,,,,,,,,,,,,,,133.8,44,134.0,150,,,,,,,,,,,,,,,,
2026-07-08T02:00:02.505239+00:00,2026-07-08T02:00:02.505123,3,2,133.75,0.1,133.7,5,133.5,105,133.3,100,,,,,,,,,,,,,,,133.8,44,134.0,150,,,,,,,,,,,,,,,,
2026-07-08T02:00:02.531510+00:00,2026-07-08T02:00:02.521290,3,2,133.75,0.1,133.7,5,133.5,105,133.3,100,,,,,,,,,,,,,,,133.8,44,134.0,155,,,,,,,,,,,,,,,,
2026-07-08T02:00:02.577435+00:00,2026-07-08T02:00:02.585031,3,1,133.85,0.3,133.7,5,133.5,105,133.3,100,,,,,,,,,,,,,,,134.0,154,,,,,,,,,,,,,,,,,,
2026-07-08T02:00:02.636771+00:00,2026-07-08T02:00:02.636658,2,1,133.85,0.3,133.7,5,133.5,105,,,,,,,,,,,,,,,,,134.0,154,,,,,,,,,,,,,,,,,,
2026-07-08T02:00:02.691587+00:00,2026-07-08T02:00:02.691558,3,1,133.9,0.2,133.8,100,133.7,5,133.5,105,,,,,,,,,,,,,,,134.0,154,,,,,,,,,,,,,,,,,,
2026-07-08T02:00:02.747195+00:00,2026-07-08T02:00:02.747309,3,2,133.9,0.2,133.8,100,133.7,5,133.5,105,,,,,,,,,,,,,,,134.0,154,134.3,100,,,,,,,,,,,,,,,,
2026-07-08T02:00:03.037197+00:00,2026-07-08T02:00:03.037323,2,2,133.9,0.2,133.8,100,133.5,105,,,,,,,,,,,,,,,,,134.0,149,134.3,100,,,,,,,,,,,,,,,,
2026-07-08T02:00:03.047819+00:00,2026-07-08T02:00:03.047704,2,2,133.9,0.2,133.8,105,133.5,105,,,,,,,,,,,,,,,,,134.0,149,134.3,100,,,,,,,,,,,,,,,,
2026-07-08T02:00:03.052773+00:00,2026-07-08T02:00:03.052851,2,3,133.9,0.2,133.8,105,133.5,105,,,,,,,,,,,,,,,,,134.0,149,134.1,5,134.3,100,,,,,,,,,,,,,,
2026-07-08T02:00:03.158581+00:00,2026-07-08T02:00:03.159945,2,3,133.9,0.2,133.8,105,133.5,105,,,,,,,,,,,,,,,,,134.0,103,134.1,5,134.3,100,,,,,,,,,,,,,,
2026-07-08T02:00:03.570017+00:00,2026-07-08T02:00:03.570139,2,2,133.9,0.2,133.8,100,133.5,105,,,,,,,,,,,,,,,,,134.0,103,134.3,100,,,,,,,,,,,,,,,,
2026-07-08T02:00:03.585959+00:00,2026-07-08T02:00:03.585920,2,3,133.9,0.2,133.8,105,133.5,105,,,,,,,,,,,,,,,,,134.0,103,134.1,5,134.3,100,,,,,,,,,,,,,,
2026-07-08T02:00:03.982199+00:00,2026-07-08T02:00:03.982107,1,2,133.95,0.3,133.8,105,,,,,,,,,,,,,,,,,,,134.1,5,134.3,100,,,,,,,,,,,,,,,,
2026-07-08T02:00:03.992584+00:00,2026-07-08T02:00:03.992516,1,2,133.95,0.3,133.8,105,,,,,,,,,,,,,,,,,,,134.1,15,134.3,100,,,,,,,,,,,,,,,,
2026-07-08T02:00:04.038087+00:00,2026-07-08T02:00:04.037926,2,2,133.95,0.3,133.8,105,133.6,150,,,,,,,,,,,,,,,,,134.1,15,134.3,100,,,,,,,,,,,,,,,,
2026-07-08T02:00:04.106352+00:00,2026-07-08T02:00:04.106235,2,2,133.95,0.3,133.8,105,133.6,150,,,,,,,,,,,,,,,,,134.1,165,134.3,100,,,,,,,,,,,,,,,,
2026-07-08T02:00:04.116832+00:00,2026-07-08T02:00:04.116761,2,2,133.95,0.3,133.8,100,133.6,150,,,,,,,,,,,,,,,,,134.1,160,134.3,100,,,,,,,,,,,,,,,,
2026-07-08T02:00:04.127226+00:00,2026-07-08T02:00:04.127099,2,2,133.95,0.3,133.8,105,133.6,150,,,,,,,,,,,,,,,,,134.1,160,134.3,100,,,,,,,,,,,,,,,,
2026-07-08T02:00:04.132313+00:00,2026-07-08T02:00:04.132261,2,3,133.95,0.3,133.8,105,133.6,150,,,,,,,,,,,,,,,,,134.1,160,134.2,5,134.3,100,,,,,,,,,,,,,,
2026-07-08T02:00:04.376813+00:00,2026-07-08T02:00:04.376734,2,3,133.95,0.3,133.8,55,133.6,150,,,,,,,,,,,,,,,,,134.1,160,134.2,5,134.3,100,,,,,,,,,,,,,,
2026-07-08T02:00:04.639392+00:00,2026-07-08T02:00:04.639336,2,2,133.95,0.3,133.8,50,133.6,150,,,,,,,,,,,,,,,,,134.1,160,134.3,100,,,,,,,,,,,,,,,,
2026-07-08T02:00:04.653426+00:00,2026-07-08T02:00:04.653389,2,3,133.95,0.3,133.8,55,133.6,150,,,,,,,,,,,,,,,,,134.1,160,134.2,5,134.3,100,,,,,,,,,,,,,,
2026-07-08T02:00:05.172175+00:00,2026-07-08T02:00:05.172087,2,2,133.95,0.3,133.8,50,133.6,150,,,,,,,,,,,,,,,,,134.1,160,134.3,100,,,,,,,,,,,,,,,,
2026-07-08T02:00:05.182554+00:00,2026-07-08T02:00:05.182469,2,2,133.95,0.3,133.8,55,133.6,150,,,,,,,,,,,,,,,,,134.1,160,134.3,100,,,,,,,,,,,,,,,,
2026-07-08T02:00:05.187738+00:00,2026-07-08T02:00:05.187673,2,3,133.95,0.3,133.8,55,133.6,150,,,,,,,,,,,,,,,,,134.1,160,134.2,5,134.3,100,,,,,,,,,,,,,,
2026-07-08T02:00:05.695239+00:00,2026-07-08T02:00:05.695175,2,2,133.95,0.3,133.8,50,133.6,150,,,,,,,,,,,,,,,,,134.1,160,134.3,100,,,,,,,,,,,,,,,,
2026-07-08T02:00:05.703978+00:00,2026-07-08T02:00:05.703870,2,2,133.95,0.3,133.8,55,133.6,150,,,,,,,,,,,,,,,,,134.1,160,134.3,100,,,,,,,,,,,,,,,,
2026-07-08T02:00:05.710973+00:00,2026-07-08T02:00:05.710904,2,3,133.95,0.3,133.8,55,133.6,150,,,,,,,,,,,,,,,,,134.1,160,134.2,5,134.3,100,,,,,,,,,,,,,,
2026-07-08T02:00:05.802385+00:00,2026-07-08T02:00:05.802228,2,2,133.95,0.3,133.8,5,133.6,150,,,,,,,,,,,,,,,,,134.1,160,134.2,5,,,,,,,,,,,,,,,,
2026-07-08T02:00:05.842574+00:00,2026-07-08T02:00:05.847753,3,2,133.95,0.3,133.8,5,133.7,100,133.6,150,,,,,,,,,,,,,,,134.1,160,134.2,5,,,,,,,,,,,,,,,,
2026-07-08T02:00:05.906150+00:00,2026-07-08T02:00:05.906318,3,2,133.95,0.3,133.8,5,133.7,100,133.6,150,,,,,,,,,,,,,,,134.1,160,134.2,105,,,,,,,,,,,,,,,,
2026-07-08T02:00:06.225875+00:00,2026-07-08T02:00:06.225729,2,2,133.9,0.4,133.7,100,133.6,150,,,,,,,,,,,,,,,,,134.1,160,134.2,100,,,,,,,,,,,,,,,,
2026-07-08T02:00:06.236291+00:00,2026-07-08T02:00:06.236178,3,2,133.95,0.3,133.8,5,133.7,100,133.6,150,,,,,,,,,,,,,,,134.1,160,134.2,100,,,,,,,,,,,,,,,,
2026-07-08T02:00:06.241477+00:00,2026-07-08T02:00:06.241354,3,2,133.95,0.3,133.8,5,133.7,100,133.6,150,,,,,,,,,,,,,,,134.1,165,134.2,100,,,,,,,,,,,,,,,,
2026-07-08T02:00:06.512674+00:00,2026-07-08T02:00:06.512539,2,2,133.9,0.4,133.7,55,133.6,150,,,,,,,,,,,,,,,,,134.1,165,134.2,100,,,,,,,,,,,,,,,,
2026-07-08T02:00:06.758581+00:00,2026-07-08T02:00:06.753108,2,2,133.9,0.4,133.7,55,133.6,150,,,,,,,,,,,,,,,,,134.1,160,134.2,100,,,,,,,,,,,,,,,,
2026-07-08T02:00:06.772727+00:00,2026-07-08T02:00:06.772617,3,2,133.95,0.3,133.8,5,133.7,55,133.6,150,,,,,,,,,,,,,,,134.1,165,134.2,100,,,,,,,,,,,,,,,,
2026-07-08T02:00:07.158551+00:00,2026-07-08T02:00:07.154729,2,2,133.95,0.3,133.8,5,133.7,55,,,,,,,,,,,,,,,,,134.1,15,134.2,100,,,,,,,,,,,,,,,,
2026-07-08T02:00:07.213073+00:00,2026-07-08T02:00:07.212915,3,2,133.95,0.3,133.8,5,133.7,55,133.6,150,,,,,,,,,,,,,,,134.1,15,134.2,100,,,,,,,,,,,,,,,,
2026-07-08T02:00:07.266974+00:00,2026-07-08T02:00:07.266953,3,2,133.95,0.3,133.8,5,133.7,55,133.6,150,,,,,,,,,,,,,,,134.1,165,134.2,100,,,,,,,,,,,,,,,,
2026-07-08T02:00:07.287891+00:00,2026-07-08T02:00:07.287848,2,2,133.9,0.4,133.7,55,133.6,150,,,,,,,,,,,,,,,,,134.1,160,134.2,100,,,,,,,,,,,,,,,,
2026-07-08T02:00:07.298304+00:00,2026-07-08T02:00:07.298219,3,2,133.95,0.3,133.8,5,133.7,55,133.6,150,,,,,,,,,,,,,,,134.1,160,134.2,100,,,,,,,,,,,,,,,,
2026-07-08T02:00:07.303462+00:00,2026-07-08T02:00:07.303405,3,2,133.95,0.3,133.8,5,133.7,55,133.6,150,,,,,,,,,,,,,,,134.1,165,134.2,100,,,,,,,,,,,,,,,,
2026-07-08T02:00:07.809535+00:00,2026-07-08T02:00:07.809415,3,2,133.95,0.3,133.8,5,133.7,55,133.6,150,,,,,,,,,,,,,,,134.1,160,134.2,100,,,,,,,,,,,,,,,,
2026-07-08T02:00:07.814481+00:00,2026-07-08T02:00:07.814563,2,2,133.9,0.4,133.7,55,133.6,150,,,,,,,,,,,,,,,,,134.1,160,134.2,100,,,,,,,,,,,,,,,,
2026-07-08T02:00:07.825023+00:00,2026-07-08T02:00:07.824985,3,2,133.95,0.3,133.8,5,133.7,55,133.6,150,,,,,,,,,,,,,,,134.1,165,134.2,100,,,,,,,,,,,,,,,,
2026-07-08T02:00:07.987913+00:00,2026-07-08T02:00:07.987808,3,2,133.95,0.3,133.8,5,133.7,55,133.6,150,,,,,,,,,,,,,,,134.1,155,134.2,100,,,,,,,,,,,,,,,,
2026-07-08T02:00:08.242586+00:00,2026-07-08T02:00:08.242525,2,2,133.9,0.4,133.7,16,133.6,150,,,,,,,,,,,,,,,,,134.1,155,134.2,100,,,,,,,,,,,,,,,,
2026-07-08T02:00:08.330880+00:00,2026-07-08T02:00:08.330825,2,2,133.9,0.4,133.7,16,133.6,150,,,,,,,,,,,,,,,,,134.1,150,134.2,100,,,,,,,,,,,,,,,,
2026-07-08T02:00:08.349294+00:00,2026-07-08T02:00:08.349262,3,2,134.0,0.2,133.9,5,133.7,16,133.6,150,,,,,,,,,,,,,,,134.1,150,134.2,100,,,,,,,,,,,,,,,,
2026-07-08T02:00:08.354518+00:00,2026-07-08T02:00:08.354471,3,2,134.0,0.2,133.9,5,133.7,16,133.6,150,,,,,,,,,,,,,,,134.1,150,134.2,105,,,,,,,,,,,,,,,,
2026-07-08T02:00:08.569481+00:00,2026-07-08T02:00:08.569404,3,2,134.0,0.2,133.9,5,133.7,16,133.6,150,,,,,,,,,,,,,,,134.1,100,134.2,105,,,,,,,,,,,,,,,,
2026-07-08T02:00:08.858573+00:00,2026-07-08T02:00:08.854032,2,2,133.9,0.4,133.7,16,133.6,150,,,,,,,,,,,,,,,,,134.1,100,134.2,100,,,,,,,,,,,,,,,,
2026-07-08T02:00:08.879628+00:00,2026-07-08T02:00:08.879516,3,2,134.0,0.2,133.9,5,133.7,16,133.6,150,,,,,,,,,,,,,,,134.1,100,134.2,100,,,,,,,,,,,,,,,,
2026-07-08T02:00:08.884728+00:00,2026-07-08T02:00:08.884698,3,2,134.0,0.2,133.9,5,133.7,16,133.6,150,,,,,,,,,,,,,,,134.1,100,134.2,105,,,,,,,,,,,,,,,,
2026-07-08T02:00:08.958701+00:00,2026-07-08T02:00:08.957849,2,2,134.0,0.2,133.9,5,133.6,150,,,,,,,,,,,,,,,,,134.1,100,134.2,5,,,,,,,,,,,,,,,,
2026-07-08T02:00:09.018605+00:00,2026-07-08T02:00:09.018494,3,2,134.0,0.2,133.9,5,133.7,100,133.6,150,,,,,,,,,,,,,,,134.1,100,134.2,5,,,,,,,,,,,,,,,,
2026-07-08T02:00:09.071149+00:00,2026-07-08T02:00:09.071072,3,2,134.0,0.2,133.9,5,133.7,100,133.6,150,,,,,,,,,,,,,,,134.1,100,134.2,105,,,,,,,,,,,,,,,,
2026-07-08T02:00:09.392155+00:00,2026-07-08T02:00:09.392041,2,2,133.9,0.4,133.7,100,133.6,150,,,,,,,,,,,,,,,,,134.1,100,134.2,100,,,,,,,,,,,,,,,,
2026-07-08T02:00:09.407630+00:00,2026-07-08T02:00:09.407575,3,2,134.0,0.2,133.9,5,133.7,100,133.6,150,,,,,,,,,,,,,,,134.1,100,134.2,100,,,,,,,,,,,,,,,,
2026-07-08T02:00:09.412848+00:00,2026-07-08T02:00:09.412752,3,2,134.0,0.2,133.9,5,133.7,100,133.6,150,,,,,,,,,,,,,,,134.1,100,134.2,105,,,,,,,,,,,,,,,,
2026-07-08T02:00:09.926339+00:00,2026-07-08T02:00:09.926178,2,2,133.9,0.4,133.7,100,133.6,150,,,,,,,,,,,,,,,,,134.1,100,134.2,100,,,,,,,,,,,,,,,,
2026-07-08T02:00:09.936674+00:00,2026-07-08T02:00:09.936624,3,2,134.0,0.2,133.9,5,133.7,100,133.6,150,,,,,,,,,,,,,,,134.1,100,134.2,100,,,,,,,,,,,,,,,,
2026-07-08T02:00:09.941829+00:00,2026-07-08T02:00:09.941780,3,2,134.0,0.2,133.9,5,133.7,100,133.6,150,,,,,,,,,,,,,,,134.1,100,134.2,105,,,,,,,,,,,,,,,,
2026-07-08T02:00:10.322933+00:00,2026-07-08T02:00:10.323107,2,1,134.05,0.3,133.9,5,133.7,100,,,,,,,,,,,,,,,,,134.2,105,,,,,,,,,,,,,,,,,,
2026-07-08T02:00:10.380727+00:00,2026-07-08T02:00:10.380597,3,1,134.05,0.3,133.9,5,133.8,150,133.7,100,,,,,,,,,,,,,,,134.2,105,,,,,,,,,,,,,,,,,,
2026-07-08T02:00:10.423959+00:00,2026-07-08T02:00:10.423899,3,1,134.05,0.3,133.9,5,133.8,150,133.7,100,,,,,,,,,,,,,,,134.2,115,,,,,,,,,,,,,,,,,,
2026-07-08T02:00:10.434954+00:00,2026-07-08T02:00:10.434864,3,2,134.05,0.3,133.9,5,133.8,150,133.7,100,,,,,,,,,,,,,,,134.2,115,134.3,150,,,,,,,,,,,,,,,,
2026-07-08T02:00:10.450583+00:00,2026-07-08T02:00:10.450470,3,2,134.05,0.3,133.9,5,133.8,150,133.7,100,,,,,,,,,,,,,,,134.2,110,134.3,150,,,,,,,,,,,,,,,,
2026-07-08T02:00:10.455724+00:00,2026-07-08T02:00:10.455636,2,2,134.0,0.4,133.8,150,133.7,100,,,,,,,,,,,,,,,,,134.2,110,134.3,150,,,,,,,,,,,,,,,,
2026-07-08T02:00:10.466071+00:00,2026-07-08T02:00:10.466026,3,2,134.05,0.3,133.9,5,133.8,150,133.7,100,,,,,,,,,,,,,,,134.2,110,134.3,150,,,,,,,,,,,,,,,,
2026-07-08T02:00:10.471398+00:00,2026-07-08T02:00:10.471181,3,2,134.05,0.3,133.9,5,133.8,150,133.7,100,,,,,,,,,,,,,,,134.2,115,134.3,150,,,,,,,,,,,,,,,,
2026-07-08T02:00:10.981960+00:00,2026-07-08T02:00:10.981869,2,2,134.0,0.4,133.8,150,133.7,100,,,,,,,,,,,,,,,,,134.2,110,134.3,150,,,,,,,,,,,,,,,,
2026-07-08T02:00:11.002744+00:00,2026-07-08T02:00:11.002643,3,2,134.05,0.3,133.9,5,133.8,150,133.7,100,,,,,,,,,,,,,,,134.2,110,134.3,150,,,,,,,,,,,,,,,,
2026-07-08T02:00:11.007874+00:00,2026-07-08T02:00:11.007830,3,2,134.05,0.3,133.9,5,133.8,150,133.7,100,,,,,,,,,,,,,,,134.2,115,134.3,150,,,,,,,,,,,,,,,,
2026-07-08T02:00:11.013098+00:00,2026-07-08T02:00:11.013011,3,2,134.05,0.3,133.9,5,133.8,150,133.7,100,,,,,,,,,,,,,,,134.2,105,134.3,150,,,,,,,,,,,,,,,,
2026-07-08T02:00:11.519754+00:00,2026-07-08T02:00:11.519700,2,2,134.0,0.4,133.8,150,133.7,100,,,,,,,,,,,,,,,,,134.2,100,134.3,150,,,,,,,,,,,,,,,,
2026-07-08T02:00:11.530110+00:00,2026-07-08T02:00:11.530039,3,2,134.05,0.3,133.9,5,133.8,150,133.7,100,,,,,,,,,,,,,,,134.2,100,134.3,150,,,,,,,,,,,,,,,,
2026-07-08T02:00:11.535232+00:00,2026-07-08T02:00:11.535196,3,2,134.05,0.3,133.9,5,133.8,150,133.7,100,,,,,,,,,,,,,,,134.2,105,134.3,150,,,,,,,,,,,,,,,,
2026-07-08T02:00:12.050717+00:00,2026-07-08T02:00:12.039217,2,2,134.0,0.4,133.8,150,133.7,100,,,,,,,,,,,,,,,,,134.2,110,134.3,150,,,,,,,,,,,,,,,,
2026-07-08T02:00:12.066332+00:00,2026-07-08T02:00:12.066168,3,2,134.05,0.3,133.9,5,133.8,150,133.7,100,,,,,,,,,,,,,,,134.2,115,134.3,150,,,,,,,,,,,,,,,,
2026-07-08T02:00:12.124654+00:00,2026-07-08T02:00:12.124546,2,2,134.05,0.3,133.9,5,133.8,150,,,,,,,,,,,,,,,,,134.2,15,134.3,150,,,,,,,,,,,,,,,,
2026-07-08T02:00:12.178803+00:00,2026-07-08T02:00:12.178921,3,2,134.05,0.3,133.9,5,133.8,150,133.5,100,,,,,,,,,,,,,,,134.2,15,134.3,150,,,,,,,,,,,,,,,,
2026-07-08T02:00:12.232536+00:00,2026-07-08T02:00:12.232452,3,3,133.95,0.1,133.9,5,133.8,150,133.5,100,,,,,,,,,,,,,,,134.0,100,134.2,15,134.3,150,,,,,,,,,,,,,,
2026-07-08T02:00:12.354770+00:00,2026-07-08T02:00:12.354713,3,3,133.95,0.1,133.9,5,133.8,150,133.5,100,,,,,,,,,,,,,,,134.0,100,134.2,5,134.3,150,,,,,,,,,,,,,,
2026-07-08T02:00:12.574201+00:00,2026-07-08T02:00:12.574117,3,2,133.95,0.1,133.9,5,133.8,150,133.5,100,,,,,,,,,,,,,,,134.0,100,134.3,150,,,,,,,,,,,,,,,,
2026-07-08T02:00:12.579192+00:00,2026-07-08T02:00:12.579268,2,2,133.9,0.2,133.8,150,133.5,100,,,,,,,,,,,,,,,,,134.0,100,134.3,150,,,,,,,,,,,,,,,,
2026-07-08T02:00:12.589823+00:00,2026-07-08T02:00:12.589753,3,2,133.95,0.1,133.9,5,133.8,150,133.5,100,,,,,,,,,,,,,,,134.0,100,134.3,150,,,,,,,,,,,,,,,,
2026-07-08T02:00:12.595007+00:00,2026-07-08T02:00:12.594923,3,3,133.95,0.1,133.9,5,133.8,150,133.5,100,,,,,,,,,,,,,,,134.0,100,134.2,5,134.3,150,,,,,,,,,,,,,,
2026-07-08T02:00:13.105859+00:00,2026-07-08T02:00:13.105819,2,2,133.9,0.2,133.8,150,133.5,100,,,,,,,,,,,,,,,,,134.0,100,134.3,150,,,,,,,,,,,,,,,,
2026-07-08T02:00:13.116085+00:00,2026-07-08T02:00:13.116204,3,2,133.95,0.1,133.9,5,133.8,150,133.5,100,,,,,,,,,,,,,,,134.0,100,134.3,150,,,,,,,,,,,,,,,,
2026-07-08T02:00:13.121430+00:00,2026-07-08T02:00:13.121359,3,3,133.95,0.1,133.9,5,133.8,150,133.5,100,,,,,,,,,,,,,,,134.0,100,134.2,5,134.3,150,,,,,,,,,,,,,,
2026-07-08T02:00:13.490054+00:00,2026-07-08T02:00:13.489975,2,2,133.95,0.1,133.9,5,133.5,100,,,,,,,,,,,,,,,,,134.0,100,134.2,5,,,,,,,,,,,,,,,,
2026-07-08T02:00:13.546322+00:00,2026-07-08T02:00:13.546243,2,2,133.95,0.1,133.9,155,133.5,100,,,,,,,,,,,,,,,,,134.0,100,134.2,5,,,,,,,,,,,,,,,,
2026-07-08T02:00:13.599547+00:00,2026-07-08T02:00:13.599418,2,3,133.95,0.1,133.9,155,133.5,100,,,,,,,,,,,,,,,,,134.0,100,134.2,5,134.4,150,,,,,,,,,,,,,,
2026-07-08T02:00:13.632902+00:00,2026-07-08T02:00:13.632809,2,2,133.95,0.1,133.9,150,133.5,100,,,,,,,,,,,,,,,,,134.0,100,134.4,150,,,,,,,,,,,,,,,,
2026-07-08T02:00:13.643340+00:00,2026-07-08T02:00:13.643236,2,3,133.95,0.1,133.9,155,133.5,100,,,,,,,,,,,,,,,,,134.0,100,134.2,5,134.4,150,,,,,,,,,,,,,,
2026-07-08T02:00:14.005712+00:00,2026-07-08T02:00:14.005591,2,3,133.95,0.1,133.9,107,133.5,100,,,,,,,,,,,,,,,,,134.0,100,134.2,5,134.4,150,,,,,,,,,,,,,,
2026-07-08T02:00:14.144731+00:00,2026-07-08T02:00:14.150173,2,2,133.95,0.1,133.9,102,133.5,100,,,,,,,,,,,,,,,,,134.0,100,134.4,150,,,,,,,,,,,,,,,,
2026-07-08T02:00:14.171212+00:00,2026-07-08T02:00:14.171117,2,3,133.95,0.1,133.9,107,133.5,100,,,,,,,,,,,,,,,,,134.0,100,134.2,5,134.4,150,,,,,,,,,,,,,,
2026-07-08T02:00:14.684583+00:00,2026-07-08T02:00:14.684556,2,2,133.95,0.1,133.9,102,133.5,100,,,,,,,,,,,,,,,,,134.0,100,134.4,150,,,,,,,,,,,,,,,,
2026-07-08T02:00:14.689857+00:00,2026-07-08T02:00:14.689761,2,2,133.95,0.1,133.9,77,133.5,100,,,,,,,,,,,,,,,,,134.0,100,134.4,150,,,,,,,,,,,,,,,,
2026-07-08T02:00:14.700256+00:00,2026-07-08T02:00:14.700183,3,2,133.95,0.1,133.9,77,133.8,5,133.5,100,,,,,,,,,,,,,,,134.0,100,134.4,150,,,,,,,,,,,,,,,,
2026-07-08T02:00:14.996061+00:00,2026-07-08T02:00:14.996012,3,2,133.95,0.1,133.9,27,133.8,5,133.5,100,,,,,,,,,,,,,,,134.0,100,134.4,150,,,,,,,,,,,,,,,,
2026-07-08T02:00:15.210291+00:00,2026-07-08T02:00:15.210247,2,2,133.95,0.1,133.9,27,133.5,100,,,,,,,,,,,,,,,,,134.0,100,134.4,150,,,,,,,,,,,,,,,,
2026-07-08T02:00:15.220643+00:00,2026-07-08T02:00:15.220587,3,2,133.95,0.1,133.9,27,133.8,5,133.5,100,,,,,,,,,,,,,,,134.0,100,134.4,150,,,,,,,,,,,,,,,,
2026-07-08T02:00:15.288471+00:00,2026-07-08T02:00:15.288394,2,1,134.15,0.5,133.9,27,133.8,5,,,,,,,,,,,,,,,,,134.4,150,,,,,,,,,,,,,,,,,,
2026-07-08T02:00:15.343766+00:00,2026-07-08T02:00:15.343733,3,1,134.15,0.5,133.9,27,133.8,5,133.4,100,,,,,,,,,,,,,,,134.4,150,,,,,,,,,,,,,,,,,,
2026-07-08T02:00:15.397196+00:00,2026-07-08T02:00:15.397051,2,2,133.85,0.1,133.8,5,133.4,100,,,,,,,,,,,,,,,,,133.9,73,134.4,160,,,,,,,,,,,,,,,,
2026-07-08T02:00:15.704235+00:00,2026-07-08T02:00:15.704119,2,2,133.85,0.1,133.8,5,133.4,100,,,,,,,,,,,,,,,,,133.9,73,134.4,150,,,,,,,,,,,,,,,,
2026-07-08T02:00:15.743407+00:00,2026-07-08T02:00:15.743286,1,2,133.65,0.5,133.4,100,,,,,,,,,,,,,,,,,,,133.9,73,134.4,150,,,,,,,,,,,,,,,,
2026-07-08T02:00:15.748677+00:00,2026-07-08T02:00:15.748587,2,2,133.8,0.2,133.7,5,133.4,100,,,,,,,,,,,,,,,,,133.9,73,134.4,150,,,,,,,,,,,,,,,,
2026-07-08T02:00:16.250878+00:00,2026-07-08T02:00:16.250707,1,2,133.65,0.5,133.4,100,,,,,,,,,,,,,,,,,,,133.9,73,134.4,150,,,,,,,,,,,,,,,,
2026-07-08T02:00:16.266346+00:00,2026-07-08T02:00:16.266425,2,2,133.8,0.2,133.7,5,133.4,100,,,,,,,,,,,,,,,,,133.9,73,134.4,150,,,,,,,,,,,,,,,,
2026-07-08T02:00:16.653374+00:00,2026-07-08T02:00:16.653254,2,1,133.8,0.2,133.7,5,133.4,100,,,,,,,,,,,,,,,,,133.9,73,,,,,,,,,,,,,,,,,,
2026-07-08T02:00:16.707242+00:00,2026-07-08T02:00:16.707209,3,1,133.8,0.2,133.7,5,133.4,100,133.2,150,,,,,,,,,,,,,,,133.9,73,,,,,,,,,,,,,,,,,,
2026-07-08T02:00:16.773873+00:00,2026-07-08T02:00:16.766300,2,2,133.55,0.3,133.4,100,133.2,150,,,,,,,,,,,,,,,,,133.7,142,133.9,73,,,,,,,,,,,,,,,,
2026-07-08T02:00:16.820761+00:00,2026-07-08T02:00:16.820942,2,2,133.55,0.3,133.4,100,133.2,150,,,,,,,,,,,,,,,,,133.7,137,133.9,73,,,,,,,,,,,,,,,,
2026-07-08T02:00:16.826341+00:00,2026-07-08T02:00:16.826200,2,3,133.55,0.3,133.4,100,133.2,150,,,,,,,,,,,,,,,,,133.7,137,133.9,73,134.0,5,,,,,,,,,,,,,,
2026-07-08T02:00:16.952040+00:00,2026-07-08T02:00:16.951884,2,3,133.55,0.3,133.4,100,133.2,150,,,,,,,,,,,,,,,,,133.7,127,133.9,73,134.0,5,,,,,,,,,,,,,,
2026-07-08T02:00:17.107748+00:00,2026-07-08T02:00:17.107901,2,3,133.55,0.3,133.4,50,133.2,150,,,,,,,,,,,,,,,,,133.7,127,133.9,73,134.0,5,,,,,,,,,,,,,,
2026-07-08T02:00:17.204544+00:00,2026-07-08T02:00:17.204446,3,3,133.6,0.2,133.5,10,133.4,50,133.2,150,,,,,,,,,,,,,,,133.7,127,133.9,73,134.0,5,,,,,,,,,,,,,,
2026-07-08T02:00:17.340678+00:00,2026-07-08T02:00:17.340543,3,2,133.6,0.2,133.5,10,133.4,50,133.2,150,,,,,,,,,,,,,,,133.7,127,133.9,73,,,,,,,,,,,,,,,,
2026-07-08T02:00:17.351218+00:00,2026-07-08T02:00:17.351026,3,2,133.6,0.2,133.5,10,133.4,50,133.2,150,,,,,,,,,,,,,,,133.7,87,133.9,73,,,,,,,,,,,,,,,,
2026-07-08T02:00:17.358591+00:00,2026-07-08T02:00:17.356730,4,2,133.65,0.1,133.6,5,133.5,10,133.4,50,133.2,150,,,,,,,,,,,,,133.7,87,133.9,73,,,,,,,,,,,,,,,,
2026-07-08T02:00:17.370384+00:00,2026-07-08T02:00:17.370285,4,3,133.65,0.1,133.6,5,133.5,10,133.4,50,133.2,150,,,,,,,,,,,,,133.7,87,133.8,5,133.9,73,,,,,,,,,,,,,,
2026-07-08T02:00:17.880273+00:00,2026-07-08T02:00:17.880199,4,2,133.65,0.1,133.6,5,133.5,10,133.4,50,133.2,150,,,,,,,,,,,,,133.7,87,133.9,73,,,,,,,,,,,,,,,,
2026-07-08T02:00:17.885279+00:00,2026-07-08T02:00:17.885369,3,2,133.6,0.2,133.5,10,133.4,50,133.2,150,,,,,,,,,,,,,,,133.7,87,133.9,73,,,,,,,,,,,,,,,,
2026-07-08T02:00:17.895881+00:00,2026-07-08T02:00:17.895804,3,2,133.6,0.2,133.5,10,133.4,50,133.2,150,,,,,,,,,,,,,,,133.7,47,133.9,73,,,,,,,,,,,,,,,,
2026-07-08T02:00:17.901106+00:00,2026-07-08T02:00:17.901019,3,2,133.6,0.2,133.5,10,133.4,50,133.2,150,,,,,,,,,,,,,,,133.7,42,133.9,73,,,,,,,,,,,,,,,,
2026-07-08T02:00:17.916546+00:00,2026-07-08T02:00:17.916655,4,2,133.65,0.1,133.6,5,133.5,10,133.4,50,133.2,150,,,,,,,,,,,,,133.7,42,133.9,73,,,,,,,,,,,,,,,,
2026-07-08T02:00:17.921998+00:00,2026-07-08T02:00:17.921867,4,3,133.65,0.1,133.6,5,133.5,10,133.4,50,133.2,150,,,,,,,,,,,,,133.7,42,133.8,5,133.9,73,,,,,,,,,,,,,,
2026-07-08T02:00:18.430103+00:00,2026-07-08T02:00:18.430022,3,2,133.6,0.2,133.5,10,133.4,50,133.2,150,,,,,,,,,,,,,,,133.7,42,133.9,73,,,,,,,,,,,,,,,,
2026-07-08T02:00:18.440536+00:00,2026-07-08T02:00:18.440426,3,1,133.7,0.4,133.5,10,133.4,50,133.2,150,,,,,,,,,,,,,,,133.9,73,,,,,,,,,,,,,,,,,,
2026-07-08T02:00:18.445656+00:00,2026-07-08T02:00:18.445616,3,1,133.7,0.4,133.5,10,133.4,50,133.2,150,,,,,,,,,,,,,,,133.9,68,,,,,,,,,,,,,,,,,,
2026-07-08T02:00:18.450683+00:00,2026-07-08T02:00:18.450794,2,0,,,133.5,10,133.2,150,,,,,,,,,,,,,,,,,,,,,,,,,,,,,,,,,,,,
2026-07-08T02:00:18.458679+00:00,2026-07-08T02:00:18.457370,3,1,133.8,0.2,133.7,5,133.5,10,133.2,150,,,,,,,,,,,,,,,133.9,5,,,,,,,,,,,,,,,,,,
2026-07-08T02:00:18.506440+00:00,2026-07-08T02:00:18.506330,4,1,133.8,0.2,133.7,5,133.6,100,133.5,10,133.2,150,,,,,,,,,,,,,133.9,5,,,,,,,,,,,,,,,,,,
2026-07-08T02:00:18.560081+00:00,2026-07-08T02:00:18.560028,4,2,133.8,0.2,133.7,5,133.6,100,133.5,10,133.2,150,,,,,,,,,,,,,133.9,5,134.1,100,,,,,,,,,,,,,,,,
2026-07-08T02:00:18.642662+00:00,2026-07-08T02:00:18.642821,3,2,133.8,0.2,133.7,5,133.6,100,133.2,150,,,,,,,,,,,,,,,133.9,5,134.1,100,,,,,,,,,,,,,,,,
2026-07-08T02:00:18.658611+00:00,2026-07-08T02:00:18.655744,3,2,133.8,0.2,133.7,15,133.6,100,133.2,150,,,,,,,,,,,,,,,133.9,5,134.1,100,,,,,,,,,,,,,,,,
2026-07-08T02:00:18.969406+00:00,2026-07-08T02:00:18.969269,3,2,133.8,0.2,133.7,5,133.6,100,133.2,150,,,,,,,,,,,,,,,133.9,5,134.1,100,,,,,,,,,,,,,,,,
2026-07-08T02:00:18.974605+00:00,2026-07-08T02:00:18.974500,2,1,133.85,0.5,133.6,100,133.2,150,,,,,,,,,,,,,,,,,134.1,100,,,,,,,,,,,,,,,,,,
2026-07-08T02:00:18.990156+00:00,2026-07-08T02:00:18.990065,3,1,133.95,0.3,133.8,5,133.6,100,133.2,150,,,,,,,,,,,,,,,134.1,100,,,,,,,,,,,,,,,,,,
2026-07-08T02:00:18.995383+00:00,2026-07-08T02:00:18.995307,3,2,133.9,0.2,133.8,5,133.6,100,133.2,150,,,,,,,,,,,,,,,134.0,5,134.1,100,,,,,,,,,,,,,,,,
2026-07-08T02:00:19.227952+00:00,2026-07-08T02:00:19.227830,2,2,133.8,0.4,133.6,55,133.2,150,,,,,,,,,,,,,,,,,134.0,5,134.1,100,,,,,,,,,,,,,,,,
2026-07-08T02:00:19.387319+00:00,2026-07-08T02:00:19.387274,2,2,133.8,0.4,133.6,65,133.2,150,,,,,,,,,,,,,,,,,134.0,5,134.1,100,,,,,,,,,,,,,,,,
2026-07-08T02:00:19.505992+00:00,2026-07-08T02:00:19.505929,2,1,133.85,0.5,133.6,65,133.2,150,,,,,,,,,,,,,,,,,134.1,100,,,,,,,,,,,,,,,,,,
2026-07-08T02:00:19.516370+00:00,2026-07-08T02:00:19.516327,3,1,133.9,0.4,133.7,5,133.6,65,133.2,150,,,,,,,,,,,,,,,134.1,100,,,,,,,,,,,,,,,,,,
2026-07-08T02:00:19.521549+00:00,2026-07-08T02:00:19.521510,3,2,133.8,0.2,133.7,5,133.6,65,133.2,150,,,,,,,,,,,,,,,133.9,5,134.1,100,,,,,,,,,,,,,,,,
2026-07-08T02:00:19.702049+00:00,2026-07-08T02:00:19.701902,3,2,133.8,0.2,133.7,5,133.6,55,133.2,150,,,,,,,,,,,,,,,133.9,5,134.1,100,,,,,,,,,,,,,,,,
2026-07-08T02:00:19.825598+00:00,2026-07-08T02:00:19.825441,2,2,133.8,0.2,133.7,5,133.6,55,,,,,,,,,,,,,,,,,133.9,5,134.1,100,,,,,,,,,,,,,,,,
2026-07-08T02:00:19.872975+00:00,2026-07-08T02:00:19.872951,2,2,133.8,0.2,133.7,5,133.6,205,,,,,,,,,,,,,,,,,133.9,5,134.1,100,,,,,,,,,,,,,,,,
2026-07-08T02:00:19.919263+00:00,2026-07-08T02:00:19.919134,2,2,133.8,0.2,133.7,5,133.6,205,,,,,,,,,,,,,,,,,133.9,15,134.1,100,,,,,,,,,,,,,,,,
2026-07-08T02:00:19.930157+00:00,2026-07-08T02:00:19.930037,2,2,133.8,0.2,133.7,5,133.6,205,,,,,,,,,,,,,,,,,133.9,15,134.1,250,,,,,,,,,,,,,,,,
2026-07-08T02:00:20.034053+00:00,2026-07-08T02:00:20.034026,2,2,133.8,0.2,133.7,5,133.6,205,,,,,,,,,,,,,,,,,133.9,10,134.1,250,,,,,,,,,,,,,,,,
2026-07-08T02:00:20.039385+00:00,2026-07-08T02:00:20.039217,1,2,133.75,0.3,133.6,205,,,,,,,,,,,,,,,,,,,133.9,10,134.1,250,,,,,,,,,,,,,,,,
2026-07-08T02:00:20.044536+00:00,2026-07-08T02:00:20.044474,1,2,133.75,0.3,133.6,200,,,,,,,,,,,,,,,,,,,133.9,10,134.1,250,,,,,,,,,,,,,,,,
2026-07-08T02:00:20.058635+00:00,2026-07-08T02:00:20.054930,1,3,133.7,0.2,133.6,205,,,,,,,,,,,,,,,,,,,133.8,5,133.9,10,134.1,250,,,,,,,,,,,,,,
2026-07-08T02:00:20.225876+00:00,2026-07-08T02:00:20.225758,1,2,133.7,0.2,133.6,205,,,,,,,,,,,,,,,,,,,133.8,5,134.1,250,,,,,,,,,,,,,,,,
2026-07-08T02:00:20.566051+00:00,2026-07-08T02:00:20.566216,1,1,133.85,0.5,133.6,205,,,,,,,,,,,,,,,,,,,134.1,250,,,,,,,,,,,,,,,,,,
2026-07-08T02:00:20.571487+00:00,2026-07-08T02:00:20.571383,1,1,133.85,0.5,133.6,200,,,,,,,,,,,,,,,,,,,134.1,250,,,,,,,,,,,,,,,,,,
2026-07-08T02:00:20.581864+00:00,2026-07-08T02:00:20.581786,1,2,133.7,0.2,133.6,205,,,,,,,,,,,,,,,,,,,133.8,5,134.1,250,,,,,,,,,,,,,,,,
2026-07-08T02:00:21.103038+00:00,2026-07-08T02:00:21.102984,1,1,133.85,0.5,133.6,200,,,,,,,,,,,,,,,,,,,134.1,250,,,,,,,,,,,,,,,,,,
2026-07-08T02:00:21.123913+00:00,2026-07-08T02:00:21.123854,2,2,133.8,0.2,133.7,5,133.6,200,,,,,,,,,,,,,,,,,133.9,5,134.1,250,,,,,,,,,,,,,,,,
2026-07-08T02:00:21.334352+00:00,2026-07-08T02:00:21.334265,1,2,133.75,0.3,133.6,155,,,,,,,,,,,,,,,,,,,133.9,5,134.1,250,,,,,,,,,,,,,,,,
2026-07-08T02:00:21.392712+00:00,2026-07-08T02:00:21.392564,1,1,133.85,0.5,133.6,155,,,,,,,,,,,,,,,,,,,134.1,211,,,,,,,,,,,,,,,,,,
2026-07-08T02:00:21.449782+00:00,2026-07-08T02:00:21.449698,1,2,133.8,0.4,133.6,155,,,,,,,,,,,,,,,,,,,134.0,10,134.1,211,,,,,,,,,,,,,,,,
2026-07-08T02:00:21.613352+00:00,2026-07-08T02:00:21.613497,1,2,133.8,0.4,133.6,150,,,,,,,,,,,,,,,,,,,134.0,10,134.1,150,,,,,,,,,,,,,,,,
2026-07-08T02:00:21.674323+00:00,2026-07-08T02:00:21.674174,2,2,133.8,0.4,133.6,150,133.2,100,,,,,,,,,,,,,,,,,134.0,10,134.1,150,,,,,,,,,,,,,,,,
2026-07-08T02:00:21.690102+00:00,2026-07-08T02:00:21.690071,2,3,133.7,0.2,133.6,155,133.2,100,,,,,,,,,,,,,,,,,133.8,5,134.0,10,134.1,150,,,,,,,,,,,,,,
2026-07-08T02:00:21.735180+00:00,2026-07-08T02:00:21.735064,2,4,133.65,0.1,133.6,155,133.2,100,,,,,,,,,,,,,,,,,133.7,100,133.8,5,134.0,10,134.1,150,,,,,,,,,,,,
2026-07-08T02:00:22.040713+00:00,2026-07-08T02:00:22.040659,2,3,133.65,0.1,133.6,155,133.2,100,,,,,,,,,,,,,,,,,133.7,100,133.8,5,134.1,150,,,,,,,,,,,,,,
2026-07-08T02:00:22.201460+00:00,2026-07-08T02:00:22.201434,2,2,133.65,0.1,133.6,150,133.2,100,,,,,,,,,,,,,,,,,133.7,100,134.1,150,,,,,,,,,,,,,,,,
2026-07-08T02:00:22.211917+00:00,2026-07-08T02:00:22.211851,2,2,133.65,0.1,133.6,155,133.2,100,,,,,,,,,,,,,,,,,133.7,100,134.1,150,,,,,,,,,,,,,,,,
2026-07-08T02:00:22.217105+00:00,2026-07-08T02:00:22.217031,2,3,133.65,0.1,133.6,155,133.2,100,,,,,,,,,,,,,,,,,133.7,100,133.8,5,134.1,150,,,,,,,,,,,,,,
2026-07-08T02:00:22.722480+00:00,2026-07-08T02:00:22.722414,2,2,133.65,0.1,133.6,150,133.2,100,,,,,,,,,,,,,,,,,133.7,100,134.1,150,,,,,,,,,,,,,,,,
2026-07-08T02:00:22.738055+00:00,2026-07-08T02:00:22.738010,2,3,133.65,0.1,133.6,155,133.2,100,,,,,,,,,,,,,,,,,133.7,100,133.8,5,134.1,150,,,,,,,,,,,,,,
2026-07-08T02:00:22.983727+00:00,2026-07-08T02:00:22.983677,2,2,133.65,0.1,133.6,5,133.2,100,,,,,,,,,,,,,,,,,133.7,100,133.8,5,,,,,,,,,,,,,,,,
2026-07-08T02:00:23.039154+00:00,2026-07-08T02:00:23.039056,3,1,133.75,0.1,133.7,50,133.6,5,133.2,100,,,,,,,,,,,,,,,133.8,5,,,,,,,,,,,,,,,,,,
2026-07-08T02:00:23.095348+00:00,2026-07-08T02:00:23.095257,3,2,133.75,0.1,133.7,50,133.6,5,133.2,100,,,,,,,,,,,,,,,133.8,5,134.2,150,,,,,,,,,,,,,,,,
2026-07-08T02:00:23.258621+00:00,2026-07-08T02:00:23.252739,2,1,133.95,0.5,133.7,50,133.2,100,,,,,,,,,,,,,,,,,134.2,150,,,,,,,,,,,,,,,,,,
2026-07-08T02:00:23.268975+00:00,2026-07-08T02:00:23.268895,2,2,133.9,0.4,133.7,55,133.2,100,,,,,,,,,,,,,,,,,134.1,10,134.2,150,,,,,,,,,,,,,,,,
2026-07-08T02:00:23.274176+00:00,2026-07-08T02:00:23.274100,2,3,133.8,0.2,133.7,55,133.2,100,,,,,,,,,,,,,,,,,133.9,5,134.1,10,134.2,150,,,,,,,,,,,,,,
2026-07-08T02:00:23.474432+00:00,2026-07-08T02:00:23.474303,2,3,133.8,0.2,133.7,5,133.2,100,,,,,,,,,,,,,,,,,133.9,5,134.1,10,134.2,150,,,,,,,,,,,,,,
2026-07-08T02:00:23.577284+00:00,2026-07-08T02:00:23.577148,1,3,133.55,0.7,133.2,56,,,,,,,,,,,,,,,,,,,133.9,5,134.1,10,134.2,150,,,,,,,,,,,,,,
2026-07-08T02:00:23.778979+00:00,2026-07-08T02:00:23.778942,1,2,133.65,0.9,133.2,56,,,,,,,,,,,,,,,,,,,134.1,10,134.2,150,,,,,,,,,,,,,,,,
2026-07-08T02:00:23.794608+00:00,2026-07-08T02:00:23.794557,2,2,133.8,0.6,133.5,5,133.2,56,,,,,,,,,,,,,,,,,134.1,10,134.2,150,,,,,,,,,,,,,,,,
2026-07-08T02:00:23.799646+00:00,2026-07-08T02:00:23.799760,2,3,133.6,0.2,133.5,5,133.2,56,,,,,,,,,,,,,,,,,133.7,5,134.1,10,134.2,150,,,,,,,,,,,,,,
2026-07-08T02:00:23.863963+00:00,2026-07-08T02:00:23.863856,2,3,133.6,0.2,133.5,5,133.2,66,,,,,,,,,,,,,,,,,133.7,5,134.1,10,134.2,150,,,,,,,,,,,,,,
2026-07-08T02:00:24.170389+00:00,2026-07-08T02:00:24.170246,2,2,133.6,0.2,133.5,5,133.2,66,,,,,,,,,,,,,,,,,133.7,5,134.2,150,,,,,,,,,,,,,,,,
2026-07-08T02:00:24.190180+00:00,2026-07-08T02:00:24.190113,2,2,133.6,0.2,133.5,5,133.2,56,,,,,,,,,,,,,,,,,133.7,5,134.2,150,,,,,,,,,,,,,,,,
2026-07-08T02:00:24.312986+00:00,2026-07-08T02:00:24.312930,1,1,133.7,1.0,133.2,56,,,,,,,,,,,,,,,,,,,134.2,150,,,,,,,,,,,,,,,,,,
2026-07-08T02:00:24.328529+00:00,2026-07-08T02:00:24.328651,2,1,133.85,0.7,133.5,5,133.2,56,,,,,,,,,,,,,,,,,134.2,150,,,,,,,,,,,,,,,,,,
2026-07-08T02:00:24.333930+00:00,2026-07-08T02:00:24.333849,2,2,133.6,0.2,133.5,5,133.2,56,,,,,,,,,,,,,,,,,133.7,5,134.2,150,,,,,,,,,,,,,,,,
2026-07-08T02:00:24.795742+00:00,2026-07-08T02:00:24.795599,1,2,133.6,0.2,133.5,5,,,,,,,,,,,,,,,,,,,133.7,5,134.2,150,,,,,,,,,,,,,,,,
2026-07-08T02:00:24.843249+00:00,2026-07-08T02:00:24.843521,2,2,133.6,0.2,133.5,5,133.2,100,,,,,,,,,,,,,,,,,133.7,5,134.2,150,,,,,,,,,,,,,,,,
2026-07-08T02:00:24.848840+00:00,2026-07-08T02:00:24.848799,1,1,133.7,1.0,133.2,100,,,,,,,,,,,,,,,,,,,134.2,150,,,,,,,,,,,,,,,,,,
2026-07-08T02:00:24.858686+00:00,2026-07-08T02:00:24.856352,2,2,133.6,0.2,133.5,5,133.2,100,,,,,,,,,,,,,,,,,133.7,5,134.2,150,,,,,,,,,,,,,,,,
2026-07-08T02:00:24.900207+00:00,2026-07-08T02:00:24.900060,2,2,133.6,0.2,133.5,5,133.2,100,,,,,,,,,,,,,,,,,133.7,105,134.2,150,,,,,,,,,,,,,,,,
2026-07-08T02:00:25.214168+00:00,2026-07-08T02:00:25.214120,2,2,133.6,0.2,133.5,5,133.2,100,,,,,,,,,,,,,,,,,133.7,56,134.2,150,,,,,,,,,,,,,,,,
2026-07-08T02:00:25.377771+00:00,2026-07-08T02:00:25.377873,1,2,133.45,0.5,133.2,100,,,,,,,,,,,,,,,,,,,133.7,56,134.2,150,,,,,,,,,,,,,,,,
2026-07-08T02:00:25.393647+00:00,2026-07-08T02:00:25.393598,2,2,133.55,0.3,133.4,5,133.2,100,,,,,,,,,,,,,,,,,133.7,56,134.2,150,,,,,,,,,,,,,,,,
2026-07-08T02:00:25.398696+00:00,2026-07-08T02:00:25.398809,2,3,133.5,0.2,133.4,5,133.2,100,,,,,,,,,,,,,,,,,133.6,5,133.7,56,134.2,150,,,,,,,,,,,,,,
2026-07-08T02:00:25.580604+00:00,2026-07-08T02:00:25.580806,1,3,133.4,0.4,133.2,55,,,,,,,,,,,,,,,,,,,133.6,5,133.7,56,134.2,150,,,,,,,,,,,,,,
2026-07-08T02:00:25.616761+00:00,2026-07-08T02:00:25.616908,1,3,133.4,0.4,133.2,65,,,,,,,,,,,,,,,,,,,133.6,5,133.7,56,134.2,150,,,,,,,,,,,,,,
2026-07-08T02:00:25.909658+00:00,2026-07-08T02:00:25.909581,1,2,133.45,0.5,133.2,65,,,,,,,,,,,,,,,,,,,133.7,56,134.2,150,,,,,,,,,,,,,,,,
2026-07-08T02:00:25.925133+00:00,2026-07-08T02:00:25.925262,2,2,133.55,0.3,133.4,5,133.2,65,,,,,,,,,,,,,,,,,133.7,56,134.2,150,,,,,,,,,,,,,,,,
2026-07-08T02:00:25.930914+00:00,2026-07-08T02:00:25.930698,2,3,133.5,0.2,133.4,5,133.2,65,,,,,,,,,,,,,,,,,133.6,5,133.7,56,134.2,150,,,,,,,,,,,,,,
2026-07-08T02:00:26.158794+00:00,2026-07-08T02:00:26.158655,2,2,133.5,0.2,133.4,5,133.2,65,,,,,,,,,,,,,,,,,133.6,5,133.7,56,,,,,,,,,,,,,,,,
2026-07-08T02:00:26.197773+00:00,2026-07-08T02:00:26.195360,3,2,133.5,0.2,133.4,5,133.2,65,132.9,150,,,,,,,,,,,,,,,133.6,5,133.7,56,,,,,,,,,,,,,,,,
2026-07-08T02:00:26.209070+00:00,2026-07-08T02:00:26.208971,3,2,133.5,0.2,133.4,5,133.2,55,132.9,150,,,,,,,,,,,,,,,133.6,5,133.7,56,,,,,,,,,,,,,,,,
2026-07-08T02:00:26.259511+00:00,2026-07-08T02:00:26.259434,2,3,133.3,0.2,133.2,55,132.9,150,,,,,,,,,,,,,,,,,133.4,145,133.6,5,133.7,56,,,,,,,,,,,,,,
2026-07-08T02:00:26.437714+00:00,2026-07-08T02:00:26.437680,2,2,133.3,0.2,133.2,55,132.9,150,,,,,,,,,,,,,,,,,133.4,145,133.7,56,,,,,,,,,,,,,,,,
2026-07-08T02:00:26.490305+00:00,2026-07-08T02:00:26.490234,3,2,133.3,0.2,133.2,55,133.1,5,132.9,150,,,,,,,,,,,,,,,133.4,150,133.7,56,,,,,,,,,,,,,,,,
2026-07-08T02:00:27.004813+00:00,2026-07-08T02:00:27.004744,2,2,133.3,0.2,133.2,55,132.9,150,,,,,,,,,,,,,,,,,133.4,145,133.7,56,,,,,,,,,,,,,,,,
2026-07-08T02:00:27.015061+00:00,2026-07-08T02:00:27.015186,3,2,133.3,0.2,133.2,55,133.1,5,132.9,150,,,,,,,,,,,,,,,133.4,145,133.7,56,,,,,,,,,,,,,,,,
2026-07-08T02:00:27.020265+00:00,2026-07-08T02:00:27.020389,3,2,133.3,0.2,133.2,55,133.1,5,132.9,150,,,,,,,,,,,,,,,133.4,150,133.7,56,,,,,,,,,,,,,,,,
2026-07-08T02:00:27.235664+00:00,2026-07-08T02:00:27.235532,3,2,133.3,0.2,133.2,65,133.1,5,132.9,150,,,,,,,,,,,,,,,133.4,150,133.7,56,,,,,,,,,,,,,,,,
2026-07-08T02:00:27.531063+00:00,2026-07-08T02:00:27.530962,2,2,133.3,0.2,133.2,65,132.9,150,,,,,,,,,,,,,,,,,133.4,145,133.7,56,,,,,,,,,,,,,,,,
2026-07-08T02:00:27.546734+00:00,2026-07-08T02:00:27.546632,3,2,133.3,0.2,133.2,65,133.0,5,132.9,150,,,,,,,,,,,,,,,133.4,145,133.7,56,,,,,,,,,,,,,,,,
2026-07-08T02:00:27.551925+00:00,2026-07-08T02:00:27.551818,3,2,133.3,0.2,133.2,65,133.0,5,132.9,150,,,,,,,,,,,,,,,133.4,150,133.7,56,,,,,,,,,,,,,,,,
2026-07-08T02:00:27.720682+00:00,2026-07-08T02:00:27.720610,3,2,133.3,0.2,133.2,15,133.0,5,132.9,150,,,,,,,,,,,,,,,133.4,150,133.7,56,,,,,,,,,,,,,,,,
2026-07-08T02:00:27.958607+00:00,2026-07-08T02:00:27.949713,3,1,133.3,0.2,133.2,10,133.0,5,132.9,150,,,,,,,,,,,,,,,133.4,150,,,,,,,,,,,,,,,,,,
2026-07-08T02:00:28.009913+00:00,2026-07-08T02:00:28.009811,3,1,133.3,0.2,133.2,10,133.0,5,132.9,250,,,,,,,,,,,,,,,133.4,150,,,,,,,,,,,,,,,,,,
2026-07-08T02:00:28.060495+00:00,2026-07-08T02:00:28.060432,3,1,133.3,0.2,133.2,10,133.0,5,132.9,250,,,,,,,,,,,,,,,133.4,245,,,,,,,,,,,,,,,,,,
2026-07-08T02:00:28.065698+00:00,2026-07-08T02:00:28.065599,2,1,133.3,0.2,133.2,10,132.9,250,,,,,,,,,,,,,,,,,133.4,245,,,,,,,,,,,,,,,,,,
2026-07-08T02:00:28.075964+00:00,2026-07-08T02:00:28.076100,3,1,133.3,0.2,133.2,10,133.0,5,132.9,250,,,,,,,,,,,,,,,133.4,250,,,,,,,,,,,,,,,,,,
2026-07-08T02:00:28.585280+00:00,2026-07-08T02:00:28.585231,3,1,133.3,0.2,133.2,10,133.0,5,132.9,250,,,,,,,,,,,,,,,133.4,245,,,,,,,,,,,,,,,,,,
2026-07-08T02:00:28.590553+00:00,2026-07-08T02:00:28.590410,2,1,133.3,0.2,133.2,10,132.9,250,,,,,,,,,,,,,,,,,133.4,245,,,,,,,,,,,,,,,,,,
2026-07-08T02:00:28.600900+00:00,2026-07-08T02:00:28.600855,3,1,133.3,0.2,133.2,10,133.0,5,132.9,250,,,,,,,,,,,,,,,133.4,245,,,,,,,,,,,,,,,,,,
2026-07-08T02:00:28.606166+00:00,2026-07-08T02:00:28.606054,3,1,133.3,0.2,133.2,10,133.0,5,132.9,250,,,,,,,,,,,,,,,133.4,250,,,,,,,,,,,,,,,,,,
2026-07-08T02:00:28.673468+00:00,2026-07-08T02:00:28.673384,2,1,133.2,0.4,133.0,5,132.9,250,,,,,,,,,,,,,,,,,133.4,250,,,,,,,,,,,,,,,,,,
2026-07-08T02:00:28.891622+00:00,2026-07-08T02:00:28.891422,3,1,133.25,0.3,133.1,10,133.0,5,132.9,250,,,,,,,,,,,,,,,133.4,250,,,,,,,,,,,,,,,,,,
2026-07-08T02:00:29.118306+00:00,2026-07-08T02:00:29.118196,2,1,133.25,0.3,133.1,10,132.9,250,,,,,,,,,,,,,,,,,133.4,245,,,,,,,,,,,,,,,,,,
2026-07-08T02:00:29.123505+00:00,2026-07-08T02:00:29.123395,1,1,133.15,0.5,132.9,250,,,,,,,,,,,,,,,,,,,133.4,245,,,,,,,,,,,,,,,,,,
2026-07-08T02:00:29.128708+00:00,2026-07-08T02:00:29.128658,2,1,133.2,0.4,133.0,5,132.9,250,,,,,,,,,,,,,,,,,133.4,245,,,,,,,,,,,,,,,,,,
2026-07-08T02:00:29.133898+00:00,2026-07-08T02:00:29.133855,2,2,133.15,0.3,133.0,5,132.9,250,,,,,,,,,,,,,,,,,133.3,5,133.4,245,,,,,,,,,,,,,,,,
2026-07-08T02:00:29.315945+00:00,2026-07-08T02:00:29.315895,2,2,133.15,0.3,133.0,5,132.9,100,,,,,,,,,,,,,,,,,133.3,5,133.4,100,,,,,,,,,,,,,,,,
2026-07-08T02:00:29.371090+00:00,2026-07-08T02:00:29.371258,2,2,133.15,0.3,133.0,5,132.9,250,,,,,,,,,,,,,,,,,133.3,5,133.4,100,,,,,,,,,,,,,,,,
2026-07-08T02:00:29.395123+00:00,2026-07-08T02:00:29.395076,2,2,133.15,0.3,133.0,15,132.9,250,,,,,,,,,,,,,,,,,133.3,5,133.4,100,,,,,,,,,,,,,,,,
2026-07-08T02:00:29.425273+00:00,2026-07-08T02:00:29.425188,2,2,133.15,0.3,133.0,15,132.9,250,,,,,,,,,,,,,,,,,133.3,5,133.4,250,,,,,,,,,,,,,,,,
2026-07-08T02:00:29.645528+00:00,2026-07-08T02:00:29.645412,2,1,133.2,0.4,133.0,10,132.9,250,,,,,,,,,,,,,,,,,133.4,250,,,,,,,,,,,,,,,,,,
2026-07-08T02:00:29.655768+00:00,2026-07-08T02:00:29.655947,2,2,133.15,0.3,133.0,15,132.9,250,,,,,,,,,,,,,,,,,133.3,5,133.4,250,,,,,,,,,,,,,,,,
2026-07-08T02:00:29.778293+00:00,2026-07-08T02:00:29.778185,2,1,133.2,0.4,133.0,15,132.9,250,,,,,,,,,,,,,,,,,133.4,205,,,,,,,,,,,,,,,,,,
2026-07-08T02:00:30.171785+00:00,2026-07-08T02:00:30.171577,2,1,133.2,0.4,133.0,10,132.9,250,,,,,,,,,,,,,,,,,133.4,205,,,,,,,,,,,,,,,,,,
2026-07-08T02:00:30.187291+00:00,2026-07-08T02:00:30.187262,3,2,133.25,0.1,133.2,5,133.0,10,132.9,250,,,,,,,,,,,,,,,133.3,5,133.4,205,,,,,,,,,,,,,,,,
2026-07-08T02:00:30.283020+00:00,2026-07-08T02:00:30.282979,2,2,133.25,0.1,133.2,5,132.9,250,,,,,,,,,,,,,,,,,133.3,5,133.4,205,,,,,,,,,,,,,,,,
2026-07-08T02:00:30.738145+00:00,2026-07-08T02:00:30.738060,1,1,133.15,0.5,132.9,250,,,,,,,,,,,,,,,,,,,133.4,205,,,,,,,,,,,,,,,,,,
2026-07-08T02:00:30.748475+00:00,2026-07-08T02:00:30.748650,2,2,133.25,0.1,133.2,5,132.9,250,,,,,,,,,,,,,,,,,133.3,5,133.4,205,,,,,,,,,,,,,,,,
2026-07-08T02:00:31.115547+00:00,2026-07-08T02:00:31.115491,2,2,133.25,0.1,133.2,5,132.9,150,,,,,,,,,,,,,,,,,133.3,5,133.4,150,,,,,,,,,,,,,,,,
2026-07-08T02:00:31.169061+00:00,2026-07-08T02:00:31.168965,2,2,133.25,0.1,133.2,5,132.9,250,,,,,,,,,,,,,,,,,133.3,5,133.4,150,,,,,,,,,,,,,,,,
2026-07-08T02:00:31.223252+00:00,2026-07-08T02:00:31.223374,2,2,133.25,0.1,133.2,5,132.9,250,,,,,,,,,,,,,,,,,133.3,5,133.4,250,,,,,,,,,,,,,,,,
2026-07-08T02:00:31.262989+00:00,2026-07-08T02:00:31.262870,1,1,133.15,0.5,132.9,250,,,,,,,,,,,,,,,,,,,133.4,250,,,,,,,,,,,,,,,,,,
2026-07-08T02:00:31.283934+00:00,2026-07-08T02:00:31.283850,2,2,133.25,0.1,133.2,5,132.9,250,,,,,,,,,,,,,,,,,133.3,5,133.4,250,,,,,,,,,,,,,,,,
2026-07-08T02:00:31.792258+00:00,2026-07-08T02:00:31.792175,1,1,133.15,0.5,132.9,250,,,,,,,,,,,,,,,,,,,133.4,250,,,,,,,,,,,,,,,,,,
2026-07-08T02:00:31.802612+00:00,2026-07-08T02:00:31.802539,1,1,133.15,0.5,132.9,250,,,,,,,,,,,,,,,,,,,133.4,245,,,,,,,,,,,,,,,,,,
2026-07-08T02:00:31.813029+00:00,2026-07-08T02:00:31.812973,2,1,133.2,0.4,133.0,5,132.9,250,,,,,,,,,,,,,,,,,133.4,245,,,,,,,,,,,,,,,,,,
2026-07-08T02:00:31.818228+00:00,2026-07-08T02:00:31.818174,2,2,133.15,0.3,133.0,5,132.9,250,,,,,,,,,,,,,,,,,133.3,5,133.4,245,,,,,,,,,,,,,,,,
2026-07-08T02:00:31.890892+00:00,2026-07-08T02:00:31.890745,2,1,133.2,0.4,133.0,5,132.9,250,,,,,,,,,,,,,,,,,133.4,200,,,,,,,,,,,,,,,,,,
2026-07-08T02:00:31.938030+00:00,2026-07-08T02:00:31.937983,2,1,133.2,0.4,133.0,15,132.9,250,,,,,,,,,,,,,,,,,133.4,200,,,,,,,,,,,,,,,,,,
2026-07-08T02:00:32.323470+00:00,2026-07-08T02:00:32.323350,2,1,133.2,0.4,133.0,10,132.9,250,,,,,,,,,,,,,,,,,133.4,200,,,,,,,,,,,,,,,,,,
2026-07-08T02:00:32.328628+00:00,2026-07-08T02:00:32.328571,2,1,133.2,0.4,133.0,10,132.9,250,,,,,,,,,,,,,,,,,133.4,195,,,,,,,,,,,,,,,,,,
2026-07-08T02:00:32.344268+00:00,2026-07-08T02:00:32.344181,2,2,133.15,0.3,133.0,15,132.9,250,,,,,,,,,,,,,,,,,133.3,5,133.4,195,,,,,,,,,,,,,,,,
2026-07-08T02:00:32.474943+00:00,2026-07-08T02:00:32.474857,2,2,133.15,0.3,133.0,15,132.9,250,,,,,,,,,,,,,,,,,133.3,5,133.4,100,,,,,,,,,,,,,,,,
2026-07-08T02:00:32.479951+00:00,2026-07-08T02:00:32.480052,2,2,133.15,0.3,133.0,15,132.9,100,,,,,,,,,,,,,,,,,133.3,5,133.4,100,,,,,,,,,,,,,,,,
2026-07-08T02:00:32.542888+00:00,2026-07-08T02:00:32.542809,3,2,133.2,0.2,133.1,150,133.0,5,132.9,100,,,,,,,,,,,,,,,133.3,5,133.4,100,,,,,,,,,,,,,,,,
2026-07-08T02:00:32.600166+00:00,2026-07-08T02:00:32.600049,3,3,133.2,0.2,133.1,150,133.0,5,132.9,100,,,,,,,,,,,,,,,133.3,5,133.4,100,133.6,150,,,,,,,,,,,,,,
2026-07-08T02:00:32.858542+00:00,2026-07-08T02:00:32.857032,2,2,133.25,0.3,133.1,150,132.9,100,,,,,,,,,,,,,,,,,133.4,100,133.6,150,,,,,,,,,,,,,,,,
2026-07-08T02:00:32.868915+00:00,2026-07-08T02:00:32.869088,3,2,133.25,0.3,133.1,150,133.0,5,132.9,100,,,,,,,,,,,,,,,133.4,100,133.6,150,,,,,,,,,,,,,,,,
2026-07-08T02:00:32.874392+00:00,2026-07-08T02:00:32.874267,3,3,133.2,0.2,133.1,150,133.0,5,132.9,100,,,,,,,,,,,,,,,133.3,5,133.4,100,133.6,150,,,,,,,,,,,,,,
2026-07-08T02:00:33.383599+00:00,2026-07-08T02:00:33.383573,3,2,133.25,0.3,133.1,150,133.0,5,132.9,100,,,,,,,,,,,,,,,133.4,100,133.6,150,,,,,,,,,,,,,,,,
2026-07-08T02:00:33.388901+00:00,2026-07-08T02:00:33.388763,2,2,133.25,0.3,133.1,150,132.9,100,,,,,,,,,,,,,,,,,133.4,100,133.6,150,,,,,,,,,,,,,,,,
2026-07-08T02:00:33.399280+00:00,2026-07-08T02:00:33.399204,3,3,133.2,0.2,133.1,150,133.0,5,132.9,100,,,,,,,,,,,,,,,133.3,5,133.4,100,133.6,150,,,,,,,,,,,,,,
2026-07-08T02:00:33.913855+00:00,2026-07-08T02:00:33.913782,2,2,133.25,0.3,133.1,150,132.9,100,,,,,,,,,,,,,,,,,133.4,100,133.6,150,,,,,,,,,,,,,,,,
2026-07-08T02:00:33.924321+00:00,2026-07-08T02:00:33.924245,3,2,133.25,0.3,133.1,150,133.0,5,132.9,100,,,,,,,,,,,,,,,133.4,100,133.6,150,,,,,,,,,,,,,,,,
2026-07-08T02:00:33.929505+00:00,2026-07-08T02:00:33.929448,3,3,133.2,0.2,133.1,150,133.0,5,132.9,100,,,,,,,,,,,,,,,133.3,5,133.4,100,133.6,150,,,,,,,,,,,,,,
2026-07-08T02:00:34.004717+00:00,2026-07-08T02:00:34.004643,3,2,133.25,0.3,133.1,150,133.0,5,132.9,100,,,,,,,,,,,,,,,133.4,55,133.6,150,,,,,,,,,,,,,,,,
2026-07-08T02:00:34.276805+00:00,2026-07-08T02:00:34.276712,2,1,133.35,0.5,133.1,150,133.0,5,,,,,,,,,,,,,,,,,133.6,150,,,,,,,,,,,,,,,,,,
2026-07-08T02:00:34.282071+00:00,2026-07-08T02:00:34.281969,2,1,133.35,0.5,133.1,150,133.0,5,,,,,,,,,,,,,,,,,133.6,104,,,,,,,,,,,,,,,,,,
2026-07-08T02:00:34.332516+00:00,2026-07-08T02:00:34.332455,2,1,133.35,0.5,133.1,250,133.0,5,,,,,,,,,,,,,,,,,133.6,104,,,,,,,,,,,,,,,,,,
2026-07-08T02:00:34.386386+00:00,2026-07-08T02:00:34.386208,2,1,133.35,0.5,133.1,250,133.0,5,,,,,,,,,,,,,,,,,133.6,214,,,,,,,,,,,,,,,,,,
2026-07-08T02:00:34.436695+00:00,2026-07-08T02:00:34.436644,1,1,133.35,0.5,133.1,250,,,,,,,,,,,,,,,,,,,133.6,214,,,,,,,,,,,,,,,,,,
2026-07-08T02:00:34.458595+00:00,2026-07-08T02:00:34.457451,2,2,133.35,0.1,133.3,5,133.1,250,,,,,,,,,,,,,,,,,133.4,5,133.6,214,,,,,,,,,,,,,,,,
2026-07-08T02:00:34.733375+00:00,2026-07-08T02:00:34.733253,1,2,133.25,0.3,133.1,250,,,,,,,,,,,,,,,,,,,133.4,5,133.6,214,,,,,,,,,,,,,,,,
2026-07-08T02:00:34.980012+00:00,2026-07-08T02:00:34.979902,1,1,133.35,0.5,133.1,250,,,,,,,,,,,,,,,,,,,133.6,214,,,,,,,,,,,,,,,,,,
2026-07-08T02:00:34.995457+00:00,2026-07-08T02:00:34.995547,2,1,133.35,0.5,133.1,250,133.0,5,,,,,,,,,,,,,,,,,133.6,214,,,,,,,,,,,,,,,,,,
2026-07-08T02:00:35.000821+00:00,2026-07-08T02:00:35.000722,2,2,133.25,0.3,133.1,250,133.0,5,,,,,,,,,,,,,,,,,133.4,5,133.6,214,,,,,,,,,,,,,,,,
2026-07-08T02:00:35.046828+00:00,2026-07-08T02:00:35.046664,2,2,133.25,0.3,133.1,250,133.0,5,,,,,,,,,,,,,,,,,133.4,5,133.6,204,,,,,,,,,,,,,,,,
2026-07-08T02:00:35.471984+00:00,2026-07-08T02:00:35.472108,2,2,133.25,0.3,133.1,260,133.0,5,,,,,,,,,,,,,,,,,133.4,5,133.6,204,,,,,,,,,,,,,,,,
2026-07-08T02:00:35.505397+00:00,2026-07-08T02:00:35.505368,2,1,133.35,0.5,133.1,260,133.0,5,,,,,,,,,,,,,,,,,133.6,204,,,,,,,,,,,,,,,,,,
2026-07-08T02:00:35.510737+00:00,2026-07-08T02:00:35.510534,1,1,133.35,0.5,133.1,260,,,,,,,,,,,,,,,,,,,133.6,204,,,,,,,,,,,,,,,,,,
2026-07-08T02:00:35.521003+00:00,2026-07-08T02:00:35.520972,1,1,133.35,0.5,133.1,265,,,,,,,,,,,,,,,,,,,133.6,204,,,,,,,,,,,,,,,,,,
2026-07-08T02:00:35.526247+00:00,2026-07-08T02:00:35.526150,1,2,133.25,0.3,133.1,265,,,,,,,,,,,,,,,,,,,133.4,5,133.6,204,,,,,,,,,,,,,,,,
2026-07-08T02:00:35.651360+00:00,2026-07-08T02:00:35.651528,1,2,133.25,0.3,133.1,115,,,,,,,,,,,,,,,,,,,133.4,5,133.6,100,,,,,,,,,,,,,,,,
2026-07-08T02:00:35.708729+00:00,2026-07-08T02:00:35.708638,2,2,133.35,0.1,133.3,150,133.1,115,,,,,,,,,,,,,,,,,133.4,5,133.6,100,,,,,,,,,,,,,,,,
2026-07-08T02:00:35.758596+00:00,2026-07-08T02:00:35.757067,2,3,133.35,0.1,133.3,150,133.1,115,,,,,,,,,,,,,,,,,133.4,5,133.6,100,133.8,150,,,,,,,,,,,,,,
2026-07-08T02:00:36.039818+00:00,2026-07-08T02:00:36.039729,2,2,133.45,0.3,133.3,150,133.1,110,,,,,,,,,,,,,,,,,133.6,100,133.8,150,,,,,,,,,,,,,,,,
2026-07-08T02:00:36.045070+00:00,2026-07-08T02:00:36.045002,3,2,133.45,0.3,133.3,150,133.2,5,133.1,110,,,,,,,,,,,,,,,133.6,100,133.8,150,,,,,,,,,,,,,,,,
2026-07-08T02:00:36.053232+00:00,2026-07-08T02:00:36.053454,3,3,133.4,0.2,133.3,150,133.2,5,133.1,100,,,,,,,,,,,,,,,133.5,5,133.6,100,133.8,150,,,,,,,,,,,,,,
2026-07-08T02:00:36.379092+00:00,2026-07-08T02:00:36.378974,3,3,133.4,0.2,133.3,106,133.2,5,133.1,100,,,,,,,,,,,,,,,133.5,5,133.6,100,133.8,150,,,,,,,,,,,,,,
2026-07-08T02:00:36.570539+00:00,2026-07-08T02:00:36.570473,2,2,133.45,0.3,133.3,106,133.1,100,,,,,,,,,,,,,,,,,133.6,100,133.8,150,,,,,,,,,,,,,,,,
2026-07-08T02:00:36.586204+00:00,2026-07-08T02:00:36.586100,3,2,133.45,0.3,133.3,106,133.2,5,133.1,100,,,,,,,,,,,,,,,133.6,100,133.8,150,,,,,,,,,,,,,,,,
2026-07-08T02:00:36.591480+00:00,2026-07-08T02:00:36.591341,3,3,133.4,0.2,133.3,106,133.2,5,133.1,100,,,,,,,,,,,,,,,133.5,5,133.6,100,133.8,150,,,,,,,,,,,,,,
2026-07-08T02:00:37.102224+00:00,2026-07-08T02:00:37.102148,2,2,133.45,0.3,133.3,106,133.1,100,,,,,,,,,,,,,,,,,133.6,100,133.8,150,,,,,,,,,,,,,,,,
2026-07-08T02:00:37.117824+00:00,2026-07-08T02:00:37.117782,2,2,133.45,0.3,133.3,106,133.1,105,,,,,,,,,,,,,,,,,133.6,100,133.8,150,,,,,,,,,,,,,,,,
2026-07-08T02:00:37.123034+00:00,2026-07-08T02:00:37.122986,2,3,133.35,0.1,133.3,106,133.1,105,,,,,,,,,,,,,,,,,133.4,5,133.6,100,133.8,150,,,,,,,,,,,,,,
2026-07-08T02:00:37.439312+00:00,2026-07-08T02:00:37.439191,2,2,133.35,0.1,133.3,106,133.1,105,,,,,,,,,,,,,,,,,133.4,5,133.8,150,,,,,,,,,,,,,,,,
2026-07-08T02:00:37.444520+00:00,2026-07-08T02:00:37.444383,2,2,133.35,0.1,133.3,106,133.1,5,,,,,,,,,,,,,,,,,133.4,5,133.8,150,,,,,,,,,,,,,,,,
2026-07-08T02:00:37.496823+00:00,2026-07-08T02:00:37.496724,3,2,133.35,0.1,133.3,106,133.2,100,133.1,5,,,,,,,,,,,,,,,133.4,5,133.8,150,,,,,,,,,,,,,,,,
2026-07-08T02:00:37.549763+00:00,2026-07-08T02:00:37.549874,3,3,133.35,0.1,133.3,106,133.2,100,133.1,5,,,,,,,,,,,,,,,133.4,5,133.7,100,133.8,150,,,,,,,,,,,,,,
2026-07-08T02:00:37.634271+00:00,2026-07-08T02:00:37.634155,2,2,133.5,0.4,133.3,106,133.2,100,,,,,,,,,,,,,,,,,133.7,100,133.8,150,,,,,,,,,,,,,,,,
2026-07-08T02:00:37.644704+00:00,2026-07-08T02:00:37.644608,3,2,133.5,0.4,133.3,106,133.2,100,133.1,5,,,,,,,,,,,,,,,133.7,100,133.8,150,,,,,,,,,,,,,,,,
2026-07-08T02:00:37.658627+00:00,2026-07-08T02:00:37.649807,3,3,133.35,0.1,133.3,106,133.2,100,133.1,5,,,,,,,,,,,,,,,133.4,5,133.7,100,133.8,150,,,,,,,,,,,,,,
2026-07-08T02:00:38.158612+00:00,2026-07-08T02:00:38.155758,2,2,133.5,0.4,133.3,106,133.2,100,,,,,,,,,,,,,,,,,133.7,100,133.8,150,,,,,,,,,,,,,,,,
2026-07-08T02:00:38.175498+00:00,2026-07-08T02:00:38.175386,3,2,133.5,0.4,133.3,106,133.2,100,133.1,5,,,,,,,,,,,,,,,133.7,100,133.8,150,,,,,,,,,,,,,,,,
2026-07-08T02:00:38.180656+00:00,2026-07-08T02:00:38.180587,3,3,133.35,0.1,133.3,106,133.2,100,133.1,5,,,,,,,,,,,,,,,133.4,5,133.7,100,133.8,150,,,,,,,,,,,,,,
2026-07-08T02:00:38.290403+00:00,2026-07-08T02:00:38.290353,3,3,133.35,0.1,133.3,56,133.2,100,133.1,5,,,,,,,,,,,,,,,133.4,5,133.7,100,133.8,150,,,,,,,,,,,,,,
2026-07-08T02:00:38.700282+00:00,2026-07-08T02:00:38.700186,2,2,133.5,0.4,133.3,56,133.2,100,,,,,,,,,,,,,,,,,133.7,100,133.8,150,,,,,,,,,,,,,,,,
2026-07-08T02:00:38.715865+00:00,2026-07-08T02:00:38.715773,2,2,133.5,0.4,133.3,56,133.2,100,,,,,,,,,,,,,,,,,133.7,110,133.8,150,,,,,,,,,,,,,,,,
2026-07-08T02:00:38.726078+00:00,2026-07-08T02:00:38.726205,3,3,133.35,0.1,133.3,56,133.2,100,133.1,5,,,,,,,,,,,,,,,133.4,5,133.7,110,133.8,150,,,,,,,,,,,,,,
2026-07-08T02:00:38.818560+00:00,2026-07-08T02:00:38.818448,2,2,133.3,0.2,133.2,100,133.1,5,,,,,,,,,,,,,,,,,133.4,5,133.7,110,,,,,,,,,,,,,,,,
2026-07-08T02:00:38.873031+00:00,2026-07-08T02:00:38.872928,3,2,133.3,0.2,133.2,100,133.1,5,132.9,150,,,,,,,,,,,,,,,133.4,5,133.7,110,,,,,,,,,,,,,,,,
2026-07-08T02:00:38.925675+00:00,2026-07-08T02:00:38.925586,3,2,133.3,0.2,133.2,100,133.1,5,132.9,150,,,,,,,,,,,,,,,133.4,155,133.7,110,,,,,,,,,,,,,,,,
2026-07-08T02:00:39.025840+00:00,2026-07-08T02:00:39.025745,3,2,133.3,0.2,133.2,100,133.1,5,132.9,150,,,,,,,,,,,,,,,133.4,155,133.7,100,,,,,,,,,,,,,,,,
2026-07-08T02:00:39.240724+00:00,2026-07-08T02:00:39.240683,2,2,133.3,0.2,133.2,100,132.9,150,,,,,,,,,,,,,,,,,133.4,150,133.7,100,,,,,,,,,,,,,,,,
2026-07-08T02:00:39.258576+00:00,2026-07-08T02:00:39.256246,3,2,133.3,0.2,133.2,100,133.0,5,132.9,150,,,,,,,,,,,,,,,133.4,155,133.7,100,,,,,,,,,,,,,,,,
2026-07-08T02:00:39.770768+00:00,2026-07-08T02:00:39.770663,2,2,133.3,0.2,133.2,100,132.9,150,,,,,,,,,,,,,,,,,133.4,150,133.7,100,,,,,,,,,,,,,,,,
2026-07-08T02:00:39.781189+00:00,2026-07-08T02:00:39.781042,3,2,133.3,0.2,133.2,100,133.1,5,132.9,150,,,,,,,,,,,,,,,133.4,155,133.7,100,,,,,,,,,,,,,,,,
2026-07-08T02:00:40.295660+00:00,2026-07-08T02:00:40.295623,2,2,133.3,0.2,133.2,100,132.9,150,,,,,,,,,,,,,,,,,133.4,150,133.7,100,,,,,,,,,,,,,,,,
2026-07-08T02:00:40.311309+00:00,2026-07-08T02:00:40.311175,3,2,133.3,0.2,133.2,100,133.1,5,132.9,150,,,,,,,,,,,,,,,133.4,150,133.7,100,,,,,,,,,,,,,,,,
2026-07-08T02:00:40.316373+00:00,2026-07-08T02:00:40.316338,3,2,133.3,0.2,133.2,100,133.1,5,132.9,150,,,,,,,,,,,,,,,133.4,155,133.7,100,,,,,,,,,,,,,,,,
2026-07-08T02:00:40.430685+00:00,2026-07-08T02:00:40.430762,3,2,133.3,0.2,133.2,50,133.1,5,132.9,150,,,,,,,,,,,,,,,133.4,155,133.7,100,,,,,,,,,,,,,,,,
2026-07-08T02:00:40.604715+00:00,2026-07-08T02:00:40.604586,2,1,133.25,0.3,133.1,5,132.9,150,,,,,,,,,,,,,,,,,133.4,155,,,,,,,,,,,,,,,,,,
2026-07-08T02:00:40.658551+00:00,2026-07-08T02:00:40.654804,2,1,133.25,0.3,133.1,105,132.9,150,,,,,,,,,,,,,,,,,133.4,155,,,,,,,,,,,,,,,,,,
2026-07-08T02:00:40.669502+00:00,2026-07-08T02:00:40.669415,2,1,133.25,0.3,133.1,115,132.9,150,,,,,,,,,,,,,,,,,133.4,155,,,,,,,,,,,,,,,,,,
2026-07-08T02:00:40.713189+00:00,2026-07-08T02:00:40.713084,2,2,133.25,0.3,133.1,115,132.9,150,,,,,,,,,,,,,,,,,133.4,155,133.6,100,,,,,,,,,,,,,,,,
2026-07-08T02:00:40.828200+00:00,2026-07-08T02:00:40.828158,2,2,133.25,0.3,133.1,110,132.9,150,,,,,,,,,,,,,,,,,133.4,150,133.6,100,,,,,,,,,,,,,,,,
2026-07-08T02:00:40.838693+00:00,2026-07-08T02:00:40.838591,2,2,133.25,0.3,133.1,115,132.9,150,,,,,,,,,,,,,,,,,133.4,150,133.6,100,,,,,,,,,,,,,,,,
2026-07-08T02:00:40.843904+00:00,2026-07-08T02:00:40.843789,2,2,133.25,0.3,133.1,115,132.9,150,,,,,,,,,,,,,,,,,133.4,155,133.6,100,,,,,,,,,,,,,,,,
2026-07-08T02:00:41.358670+00:00,2026-07-08T02:00:41.354389,2,2,133.25,0.3,133.1,110,132.9,150,,,,,,,,,,,,,,,,,133.4,150,133.6,100,,,,,,,,,,,,,,,,
2026-07-08T02:00:41.363905+00:00,2026-07-08T02:00:41.363823,2,2,133.25,0.3,133.1,110,132.9,150,,,,,,,,,,,,,,,,,133.4,110,133.6,100,,,,,,,,,,,,,,,,
2026-07-08T02:00:41.379380+00:00,2026-07-08T02:00:41.379550,2,2,133.25,0.3,133.1,115,132.9,150,,,,,,,,,,,,,,,,,133.4,115,133.6,100,,,,,,,,,,,,,,,,
2026-07-08T02:00:41.678343+00:00,2026-07-08T02:00:41.678177,2,2,133.25,0.3,133.1,115,132.9,150,,,,,,,,,,,,,,,,,133.4,69,133.6,100,,,,,,,,,,,,,,,,
2026-07-08T02:00:41.893636+00:00,2026-07-08T02:00:41.893545,2,2,133.25,0.3,133.1,110,132.9,150,,,,,,,,,,,,,,,,,133.4,64,133.6,100,,,,,,,,,,,,,,,,
2026-07-08T02:00:41.909244+00:00,2026-07-08T02:00:41.909075,2,2,133.25,0.3,133.1,110,132.9,150,,,,,,,,,,,,,,,,,133.4,56,133.6,100,,,,,,,,,,,,,,,,
2026-07-08T02:00:41.914383+00:00,2026-07-08T02:00:41.914278,2,2,133.25,0.3,133.1,110,132.9,150,,,,,,,,,,,,,,,,,133.4,61,133.6,100,,,,,,,,,,,,,,,,
2026-07-08T02:00:41.979720+00:00,2026-07-08T02:00:41.979642,1,2,133.25,0.3,133.1,110,,,,,,,,,,,,,,,,,,,133.4,5,133.6,100,,,,,,,,,,,,,,,,
2026-07-08T02:00:42.035812+00:00,2026-07-08T02:00:42.035666,2,2,133.35,0.1,133.3,150,133.1,110,,,,,,,,,,,,,,,,,133.4,5,133.6,100,,,,,,,,,,,,,,,,
2026-07-08T02:00:42.089536+00:00,2026-07-08T02:00:42.089418,2,3,133.35,0.1,133.3,150,133.1,110,,,,,,,,,,,,,,,,,133.4,5,133.6,100,133.8,150,,,,,,,,,,,,,,
2026-07-08T02:00:42.105197+00:00,2026-07-08T02:00:42.105105,2,3,133.35,0.1,133.3,150,133.1,100,,,,,,,,,,,,,,,,,133.4,5,133.6,100,133.8,150,,,,,,,,,,,,,,
2026-07-08T02:00:42.422965+00:00,2026-07-08T02:00:42.422883,2,2,133.45,0.3,133.3,150,133.1,100,,,,,,,,,,,,,,,,,133.6,100,133.8,150,,,,,,,,,,,,,,,,
2026-07-08T02:00:42.433281+00:00,2026-07-08T02:00:42.433230,2,3,133.35,0.1,133.3,150,133.1,100,,,,,,,,,,,,,,,,,133.4,5,133.6,100,133.8,150,,,,,,,,,,,,,,
2026-07-08T02:00:42.536842+00:00,2026-07-08T02:00:42.536715,2,3,133.35,0.1,133.3,100,133.1,100,,,,,,,,,,,,,,,,,133.4,5,133.6,100,133.8,150,,,,,,,,,,,,,,
2026-07-08T02:00:42.943841+00:00,2026-07-08T02:00:42.943746,2,2,133.45,0.3,133.3,100,133.1,100,,,,,,,,,,,,,,,,,133.6,100,133.8,150,,,,,,,,,,,,,,,,
2026-07-08T02:00:42.948834+00:00,2026-07-08T02:00:42.948982,2,3,133.35,0.1,133.3,100,133.1,100,,,,,,,,,,,,,,,,,133.4,5,133.6,100,133.8,150,,,,,,,,,,,,,,
2026-07-08T02:00:43.458570+00:00,2026-07-08T02:00:43.453036,2,2,133.45,0.3,133.3,100,133.1,100,,,,,,,,,,,,,,,,,133.6,100,133.8,150,,,,,,,,,,,,,,,,
2026-07-08T02:00:43.469192+00:00,2026-07-08T02:00:43.469160,2,2,133.45,0.3,133.3,100,133.1,100,,,,,,,,,,,,,,,,,133.6,105,133.8,150,,,,,,,,,,,,,,,,
2026-07-08T02:00:43.534293+00:00,2026-07-08T02:00:43.534208,2,2,133.45,0.3,133.3,110,133.1,100,,,,,,,,,,,,,,,,,133.6,105,133.8,150,,,,,,,,,,,,,,,,
2026-07-08T02:00:43.765741+00:00,2026-07-08T02:00:43.765977,1,2,133.45,0.3,133.3,110,,,,,,,,,,,,,,,,,,,133.6,5,133.8,150,,,,,,,,,,,,,,,,
2026-07-08T02:00:43.819035+00:00,2026-07-08T02:00:43.818950,2,2,133.45,0.3,133.3,110,133.2,100,,,,,,,,,,,,,,,,,133.6,5,133.8,150,,,,,,,,,,,,,,,,
2026-07-08T02:00:43.876480+00:00,2026-07-08T02:00:43.876352,2,3,133.45,0.3,133.3,110,133.2,100,,,,,,,,,,,,,,,,,133.6,5,133.7,100,133.8,150,,,,,,,,,,,,,,
2026-07-08T02:00:43.973820+00:00,2026-07-08T02:00:43.973770,2,2,133.5,0.4,133.3,110,133.2,100,,,,,,,,,,,,,,,,,133.7,100,133.8,150,,,,,,,,,,,,,,,,
2026-07-08T02:00:43.984222+00:00,2026-07-08T02:00:43.984119,2,3,133.45,0.3,133.3,110,133.2,100,,,,,,,,,,,,,,,,,133.6,5,133.7,100,133.8,150,,,,,,,,,,,,,,
2026-07-08T02:00:44.125333+00:00,2026-07-08T02:00:44.125197,2,3,133.45,0.3,133.3,100,133.2,100,,,,,,,,,,,,,,,,,133.6,5,133.7,100,133.8,150,,,,,,,,,,,,,,
2026-07-08T02:00:44.495167+00:00,2026-07-08T02:00:44.495015,2,2,133.5,0.4,133.3,100,133.2,100,,,,,,,,,,,,,,,,,133.7,100,133.8,150,,,,,,,,,,,,,,,,
2026-07-08T02:00:44.500359+00:00,2026-07-08T02:00:44.500248,2,3,133.45,0.3,133.3,100,133.2,100,,,,,,,,,,,,,,,,,133.6,5,133.7,100,133.8,150,,,,,,,,,,,,,,
2026-07-08T02:00:44.658654+00:00,2026-07-08T02:00:44.652166,2,3,133.45,0.3,133.3,50,133.2,100,,,,,,,,,,,,,,,,,133.6,5,133.7,100,133.8,150,,,,,,,,,,,,,,
2026-07-08T02:00:45.007486+00:00,2026-07-08T02:00:45.007424,2,2,133.5,0.4,133.3,50,133.2,100,,,,,,,,,,,,,,,,,133.7,100,133.8,150,,,,,,,,,,,,,,,,
2026-07-08T02:00:45.018008+00:00,2026-07-08T02:00:45.017919,2,3,133.4,0.2,133.3,50,133.2,100,,,,,,,,,,,,,,,,,133.5,5,133.7,100,133.8,150,,,,,,,,,,,,,,
2026-07-08T02:00:45.148246+00:00,2026-07-08T02:00:45.148197,1,2,133.35,0.3,133.2,100,,,,,,,,,,,,,,,,,,,133.5,5,133.7,100,,,,,,,,,,,,,,,,
2026-07-08T02:00:45.203887+00:00,2026-07-08T02:00:45.203739,2,2,133.35,0.3,133.2,100,133.0,150,,,,,,,,,,,,,,,,,133.5,5,133.7,100,,,,,,,,,,,,,,,,
2026-07-08T02:00:45.252629+00:00,2026-07-08T02:00:45.252532,2,2,133.35,0.3,133.2,100,133.0,150,,,,,,,,,,,,,,,,,133.5,155,133.7,100,,,,,,,,,,,,,,,,
2026-07-08T02:00:45.345462+00:00,2026-07-08T02:00:45.345361,2,2,133.35,0.3,133.2,59,133.0,150,,,,,,,,,,,,,,,,,133.5,155,133.7,100,,,,,,,,,,,,,,,,
2026-07-08T02:00:45.350637+00:00,2026-07-08T02:00:45.350566,2,2,133.35,0.3,133.2,69,133.0,150,,,,,,,,,,,,,,,,,133.5,155,133.7,100,,,,,,,,,,,,,,,,
2026-07-08T02:00:45.529671+00:00,2026-07-08T02:00:45.529600,2,2,133.35,0.3,133.2,69,133.0,150,,,,,,,,,,,,,,,,,133.5,150,133.7,100,,,,,,,,,,,,,,,,
2026-07-08T02:00:45.534914+00:00,2026-07-08T02:00:45.534826,2,3,133.3,0.2,133.2,69,133.0,150,,,,,,,,,,,,,,,,,133.4,5,133.5,150,133.7,100,,,,,,,,,,,,,,
2026-07-08T02:00:45.900926+00:00,2026-07-08T02:00:45.900799,2,3,133.3,0.2,133.2,25,133.0,150,,,,,,,,,,,,,,,,,133.4,5,133.5,150,133.7,100,,,,,,,,,,,,,,
2026-07-08T02:00:46.048781+00:00,2026-07-08T02:00:46.048707,2,2,133.35,0.3,133.2,25,133.0,150,,,,,,,,,,,,,,,,,133.5,150,133.7,100,,,,,,,,,,,,,,,,
2026-07-08T02:00:46.059167+00:00,2026-07-08T02:00:46.059105,2,3,133.3,0.2,133.2,25,133.0,150,,,,,,,,,,,,,,,,,133.4,5,133.5,150,133.7,100,,,,,,,,,,,,,,
2026-07-08T02:00:46.227168+00:00,2026-07-08T02:00:46.227115,2,3,133.3,0.2,133.2,15,133.0,150,,,,,,,,,,,,,,,,,133.4,5,133.5,150,133.7,100,,,,,,,,,,,,,,
2026-07-08T02:00:46.564155+00:00,2026-07-08T02:00:46.564056,2,2,133.35,0.3,133.2,15,133.0,150,,,,,,,,,,,,,,,,,133.5,150,133.7,100,,,,,,,,,,,,,,,,
2026-07-08T02:00:46.574639+00:00,2026-07-08T02:00:46.574517,2,3,133.3,0.2,133.2,15,133.0,150,,,,,,,,,,,,,,,,,133.4,5,133.5,150,133.7,100,,,,,,,,,,,,,,
2026-07-08T02:00:46.758614+00:00,2026-07-08T02:00:46.756208,1,3,133.2,0.4,133.0,115,,,,,,,,,,,,,,,,,,,133.4,5,133.5,150,133.7,100,,,,,,,,,,,,,,
2026-07-08T02:00:46.850846+00:00,2026-07-08T02:00:46.850736,1,3,133.2,0.4,133.0,125,,,,,,,,,,,,,,,,,,,133.4,5,133.5,150,133.7,100,,,,,,,,,,,,,,
2026-07-08T02:00:46.930808+00:00,2026-07-08T02:00:46.930687,1,2,133.2,0.4,133.0,125,,,,,,,,,,,,,,,,,,,133.4,5,133.5,150,,,,,,,,,,,,,,,,
2026-07-08T02:00:46.984746+00:00,2026-07-08T02:00:46.984921,2,2,133.2,0.4,133.0,125,132.7,100,,,,,,,,,,,,,,,,,133.4,5,133.5,150,,,,,,,,,,,,,,,,
2026-07-08T02:00:47.038816+00:00,2026-07-08T02:00:47.038994,2,3,133.1,0.2,133.0,125,132.7,100,,,,,,,,,,,,,,,,,133.2,100,133.4,5,133.5,150,,,,,,,,,,,,,,
2026-07-08T02:00:47.090551+00:00,2026-07-08T02:00:47.090519,2,2,133.1,0.2,133.0,125,132.7,100,,,,,,,,,,,,,,,,,133.2,100,133.5,150,,,,,,,,,,,,,,,,
2026-07-08T02:00:47.101132+00:00,2026-07-08T02:00:47.101025,2,3,133.1,0.2,133.0,125,132.7,100,,,,,,,,,,,,,,,,,133.2,100,133.3,5,133.5,150,,,,,,,,,,,,,,
2026-07-08T02:00:47.216699+00:00,2026-07-08T02:00:47.210475,2,3,133.1,0.2,133.0,125,132.7,100,,,,,,,,,,,,,,,,,133.2,97,133.3,5,133.5,150,,,,,,,,,,,,,,
2026-07-08T02:00:47.458679+00:00,2026-07-08T02:00:47.453449,2,3,133.1,0.2,133.0,125,132.7,100,,,,,,,,,,,,,,,,,133.2,77,133.3,5,133.5,150,,,,,,,,,,,,,,
2026-07-08T02:00:47.611128+00:00,2026-07-08T02:00:47.611021,2,2,133.1,0.2,133.0,125,132.7,100,,,,,,,,,,,,,,,,,133.2,77,133.5,150,,,,,,,,,,,,,,,,
2026-07-08T02:00:47.621445+00:00,2026-07-08T02:00:47.621406,2,3,133.1,0.2,133.0,125,132.7,100,,,,,,,,,,,,,,,,,133.2,77,133.4,5,133.5,150,,,,,,,,,,,,,,
2026-07-08T02:00:47.802850+00:00,2026-07-08T02:00:47.802763,2,3,133.1,0.2,133.0,125,132.7,100,,,,,,,,,,,,,,,,,133.2,57,133.4,5,133.5,150,,,,,,,,,,,,,,
2026-07-08T02:00:48.129503+00:00,2026-07-08T02:00:48.129442,2,2,133.1,0.2,133.0,125,132.7,100,,,,,,,,,,,,,,,,,133.2,57,133.5,150,,,,,,,,,,,,,,,,
2026-07-08T02:00:48.140025+00:00,2026-07-08T02:00:48.139950,2,3,133.1,0.2,133.0,125,132.7,100,,,,,,,,,,,,,,,,,133.2,57,133.4,5,133.5,150,,,,,,,,,,,,,,
2026-07-08T02:00:48.158688+00:00,2026-07-08T02:00:48.147494,2,3,133.1,0.2,133.0,125,132.7,100,,,,,,,,,,,,,,,,,133.2,37,133.4,5,133.5,150,,,,,,,,,,,,,,
2026-07-08T02:00:48.311322+00:00,2026-07-08T02:00:48.311247,2,2,133.1,0.2,133.0,10,132.7,100,,,,,,,,,,,,,,,,,133.2,37,133.4,5,,,,,,,,,,,,,,,,
2026-07-08T02:00:48.365238+00:00,2026-07-08T02:00:48.365179,2,2,133.1,0.2,133.0,160,132.7,100,,,,,,,,,,,,,,,,,133.2,37,133.4,5,,,,,,,,,,,,,,,,
2026-07-08T02:00:48.422393+00:00,2026-07-08T02:00:48.411835,2,3,133.1,0.2,133.0,160,132.7,100,,,,,,,,,,,,,,,,,133.2,37,133.4,5,133.5,150,,,,,,,,,,,,,,
2026-07-08T02:00:48.496629+00:00,2026-07-08T02:00:48.496506,2,3,133.1,0.2,133.0,160,132.7,100,,,,,,,,,,,,,,,,,133.2,27,133.4,5,133.5,150,,,,,,,,,,,,,,
2026-07-08T02:00:48.531380+00:00,2026-07-08T02:00:48.531291,2,3,133.1,0.2,133.0,150,132.7,100,,,,,,,,,,,,,,,,,133.2,27,133.4,5,133.5,150,,,,,,,,,,,,,,
2026-07-08T02:00:48.546974+00:00,2026-07-08T02:00:48.546916,2,3,133.1,0.2,133.0,140,132.7,100,,,,,,,,,,,,,,,,,133.2,27,133.4,5,133.5,150,,,,,,,,,,,,,,
2026-07-08T02:00:48.648347+00:00,2026-07-08T02:00:48.648286,2,2,133.1,0.2,133.0,140,132.7,100,,,,,,,,,,,,,,,,,133.2,27,133.5,150,,,,,,,,,,,,,,,,
2026-07-08T02:00:48.663829+00:00,2026-07-08T02:00:48.663748,2,3,133.1,0.2,133.0,140,132.7,100,,,,,,,,,,,,,,,,,133.2,27,133.4,5,133.5,150,,,,,,,,,,,,,,
2026-07-08T02:00:48.776600+00:00,2026-07-08T02:00:48.776480,2,3,133.1,0.2,133.0,140,132.7,100,,,,,,,,,,,,,,,,,133.2,18,133.4,5,133.5,150,,,,,,,,,,,,,,
2026-07-08T02:00:48.864011+00:00,2026-07-08T02:00:48.863872,2,3,133.1,0.2,133.0,90,132.7,100,,,,,,,,,,,,,,,,,133.2,18,133.4,5,133.5,150,,,,,,,,,,,,,,
2026-07-08T02:00:49.040440+00:00,2026-07-08T02:00:49.040252,2,3,133.1,0.2,133.0,90,132.7,100,,,,,,,,,,,,,,,,,133.2,14,133.4,5,133.5,150,,,,,,,,,,,,,,
2026-07-08T02:00:49.174482+00:00,2026-07-08T02:00:49.174364,2,2,133.1,0.2,133.0,90,132.7,100,,,,,,,,,,,,,,,,,133.2,14,133.5,150,,,,,,,,,,,,,,,,
2026-07-08T02:00:49.179666+00:00,2026-07-08T02:00:49.179583,2,3,133.1,0.2,133.0,90,132.7,100,,,,,,,,,,,,,,,,,133.2,14,133.4,5,133.5,150,,,,,,,,,,,,,,
2026-07-08T02:00:49.304872+00:00,2026-07-08T02:00:49.304763,2,3,133.1,0.2,133.0,90,132.7,100,,,,,,,,,,,,,,,,,133.2,13,133.4,5,133.5,150,,,,,,,,,,,,,,
2026-07-08T02:00:49.576202+00:00,2026-07-08T02:00:49.576100,2,3,133.1,0.2,133.0,90,132.7,100,,,,,,,,,,,,,,,,,133.2,12,133.4,5,133.5,150,,,,,,,,,,,,,,
2026-07-08T02:00:49.624233+00:00,2026-07-08T02:00:49.624087,2,3,133.1,0.2,133.0,100,132.7,100,,,,,,,,,,,,,,,,,133.2,12,133.4,5,133.5,150,,,,,,,,,,,,,,
2026-07-08T02:00:49.689985+00:00,2026-07-08T02:00:49.689934,2,2,133.1,0.2,133.0,100,132.7,100,,,,,,,,,,,,,,,,,133.2,12,133.5,150,,,,,,,,,,,,,,,,
2026-07-08T02:00:49.695223+00:00,2026-07-08T02:00:49.695147,2,3,133.1,0.2,133.0,100,132.7,100,,,,,,,,,,,,,,,,,133.2,12,133.4,5,133.5,150,,,,,,,,,,,,,,
2026-07-08T02:00:49.841604+00:00,2026-07-08T02:00:49.834663,2,3,133.1,0.2,133.0,100,132.7,100,,,,,,,,,,,,,,,,,133.2,1,133.4,5,133.5,150,,,,,,,,,,,,,,
2026-07-08T02:00:49.949370+00:00,2026-07-08T02:00:49.949222,2,2,133.2,0.4,133.0,100,132.7,100,,,,,,,,,,,,,,,,,133.4,5,133.5,150,,,,,,,,,,,,,,,,
2026-07-08T02:00:50.100218+00:00,2026-07-08T02:00:50.100393,1,2,133.2,0.4,133.0,100,,,,,,,,,,,,,,,,,,,133.4,5,133.5,150,,,,,,,,,,,,,,,,
2026-07-08T02:00:50.158701+00:00,2026-07-08T02:00:50.146805,2,2,133.35,0.1,133.3,100,133.0,100,,,,,,,,,,,,,,,,,133.4,5,133.5,150,,,,,,,,,,,,,,,,
2026-07-08T02:00:50.210310+00:00,2026-07-08T02:00:50.210127,2,3,133.35,0.1,133.3,100,133.0,100,,,,,,,,,,,,,,,,,133.4,5,133.5,150,133.8,100,,,,,,,,,,,,,,
2026-07-08T02:00:50.215500+00:00,2026-07-08T02:00:50.215344,2,2,133.4,0.2,133.3,100,133.0,100,,,,,,,,,,,,,,,,,133.5,150,133.8,100,,,,,,,,,,,,,,,,
2026-07-08T02:00:50.220714+00:00,2026-07-08T02:00:50.220628,2,3,133.4,0.2,133.3,100,133.0,100,,,,,,,,,,,,,,,,,133.5,150,133.6,5,133.8,100,,,,,,,,,,,,,,
2026-07-08T02:00:50.280946+00:00,2026-07-08T02:00:50.280884,2,3,133.4,0.2,133.3,100,133.0,90,,,,,,,,,,,,,,,,,133.5,150,133.6,5,133.8,100,,,,,,,,,,,,,,
2026-07-08T02:00:50.727706+00:00,2026-07-08T02:00:50.728069,2,2,133.4,0.2,133.3,100,133.0,90,,,,,,,,,,,,,,,,,133.5,150,133.8,100,,,,,,,,,,,,,,,,
2026-07-08T02:00:50.738430+00:00,2026-07-08T02:00:50.738396,2,3,133.4,0.2,133.3,100,133.0,90,,,,,,,,,,,,,,,,,133.5,150,133.6,5,133.8,100,,,,,,,,,,,,,,
2026-07-08T02:00:50.975777+00:00,2026-07-08T02:00:50.975640,2,3,133.4,0.2,133.3,50,133.0,90,,,,,,,,,,,,,,,,,133.5,150,133.6,5,133.8,100,,,,,,,,,,,,,,
2026-07-08T02:00:51.251115+00:00,2026-07-08T02:00:51.251209,2,2,133.4,0.2,133.3,50,133.0,90,,,,,,,,,,,,,,,,,133.5,150,133.8,100,,,,,,,,,,,,,,,,
2026-07-08T02:00:51.258562+00:00,2026-07-08T02:00:51.256545,2,3,133.4,0.2,133.3,50,133.0,90,,,,,,,,,,,,,,,,,133.5,150,133.6,5,133.8,100,,,,,,,,,,,,,,
2026-07-08T02:00:51.472329+00:00,2026-07-08T02:00:51.472298,1,2,133.45,0.3,133.3,50,,,,,,,,,,,,,,,,,,,133.6,5,133.8,100,,,,,,,,,,,,,,,,
2026-07-08T02:00:51.526047+00:00,2026-07-08T02:00:51.525975,2,2,133.45,0.3,133.3,50,132.8,150,,,,,,,,,,,,,,,,,133.6,5,133.8,100,,,,,,,,,,,,,,,,
2026-07-08T02:00:51.578780+00:00,2026-07-08T02:00:51.578962,1,3,133.05,0.5,132.8,150,,,,,,,,,,,,,,,,,,,133.3,100,133.6,5,133.8,100,,,,,,,,,,,,,,
2026-07-08T02:00:51.723668+00:00,2026-07-08T02:00:51.723812,1,3,133.05,0.5,132.8,150,,,,,,,,,,,,,,,,,,,133.3,97,133.6,5,133.8,100,,,,,,,,,,,,,,
2026-07-08T02:00:51.769322+00:00,2026-07-08T02:00:51.769191,1,2,133.05,0.5,132.8,160,,,,,,,,,,,,,,,,,,,133.3,97,133.8,100,,,,,,,,,,,,,,,,
2026-07-08T02:00:51.774489+00:00,2026-07-08T02:00:51.774459,1,3,133.05,0.5,132.8,160,,,,,,,,,,,,,,,,,,,133.3,97,133.4,5,133.8,100,,,,,,,,,,,,,,
2026-07-08T02:00:52.283869+00:00,2026-07-08T02:00:52.283949,1,2,133.05,0.5,132.8,160,,,,,,,,,,,,,,,,,,,133.3,97,133.8,100,,,,,,,,,,,,,,,,
2026-07-08T02:00:52.289277+00:00,2026-07-08T02:00:52.289165,1,3,133.05,0.5,132.8,160,,,,,,,,,,,,,,,,,,,133.3,97,133.4,5,133.8,100,,,,,,,,,,,,,,
2026-07-08T02:00:52.445066+00:00,2026-07-08T02:00:52.445006,1,3,133.05,0.5,132.8,160,,,,,,,,,,,,,,,,,,,133.3,53,133.4,5,133.8,100,,,,,,,,,,,,,,
2026-07-08T02:00:52.798222+00:00,2026-07-08T02:00:52.798147,1,2,133.05,0.5,132.8,160,,,,,,,,,,,,,,,,,,,133.3,53,133.8,100,,,,,,,,,,,,,,,,
2026-07-08T02:00:52.808615+00:00,2026-07-08T02:00:52.808495,1,3,133.05,0.5,132.8,160,,,,,,,,,,,,,,,,,,,133.3,53,133.4,5,133.8,100,,,,,,,,,,,,,,
2026-07-08T02:00:53.082775+00:00,2026-07-08T02:00:53.082689,1,3,133.05,0.5,132.8,110,,,,,,,,,,,,,,,,,,,133.3,53,133.4,5,133.8,100,,,,,,,,,,,,,,
2026-07-08T02:00:53.265652+00:00,2026-07-08T02:00:53.265517,1,2,133.05,0.5,132.8,110,,,,,,,,,,,,,,,,,,,133.3,53,133.4,5,,,,,,,,,,,,,,,,
2026-07-08T02:00:53.316945+00:00,2026-07-08T02:00:53.316846,2,1,133.15,0.3,133.0,100,132.8,110,,,,,,,,,,,,,,,,,133.3,53,,,,,,,,,,,,,,,,,,
2026-07-08T02:00:53.327371+00:00,2026-07-08T02:00:53.327256,2,2,133.15,0.3,133.0,100,132.8,110,,,,,,,,,,,,,,,,,133.3,53,133.4,5,,,,,,,,,,,,,,,,
2026-07-08T02:00:53.372913+00:00,2026-07-08T02:00:53.372844,2,3,133.15,0.3,133.0,100,132.8,110,,,,,,,,,,,,,,,,,133.3,53,133.4,5,133.5,100,,,,,,,,,,,,,,
2026-07-08T02:00:53.833660+00:00,2026-07-08T02:00:53.833561,2,2,133.15,0.3,133.0,100,132.8,110,,,,,,,,,,,,,,,,,133.3,53,133.5,100,,,,,,,,,,,,,,,,
2026-07-08T02:00:53.843986+00:00,2026-07-08T02:00:53.843914,2,3,133.15,0.3,133.0,100,132.8,110,,,,,,,,,,,,,,,,,133.3,53,133.4,5,133.5,100,,,,,,,,,,,,,,
2026-07-08T02:00:53.958589+00:00,2026-07-08T02:00:53.954855,2,3,133.15,0.3,133.0,100,132.8,110,,,,,,,,,,,,,,,,,133.3,7,133.4,5,133.5,100,,,,,,,,,,,,,,
2026-07-08T02:00:54.358592+00:00,2026-07-08T02:00:54.352957,2,3,133.15,0.3,133.0,100,132.8,110,,,,,,,,,,,,,,,,,133.3,7,133.4,5,133.5,100,,,,,,,,,,,,,,
2026-07-08T02:00:54.529539+00:00,2026-07-08T02:00:54.529358,2,1,133.25,0.5,133.0,100,132.8,110,,,,,,,,,,,,,,,,,133.5,70,,,,,,,,,,,,,,,,,,
2026-07-08T02:00:54.583680+00:00,2026-07-08T02:00:54.583620,2,1,133.25,0.5,133.0,53,132.8,110,,,,,,,,,,,,,,,,,133.5,70,,,,,,,,,,,,,,,,,,
2026-07-08T02:00:54.635886+00:00,2026-07-08T02:00:54.635982,2,1,133.25,0.5,133.0,53,132.8,10,,,,,,,,,,,,,,,,,133.5,70,,,,,,,,,,,,,,,,,,
2026-07-08T02:00:54.688837+00:00,2026-07-08T02:00:54.688720,3,1,133.35,0.3,133.2,150,133.0,53,132.8,10,,,,,,,,,,,,,,,133.5,70,,,,,,,,,,,,,,,,,,
2026-07-08T02:00:54.741564+00:00,2026-07-08T02:00:54.741677,3,2,133.35,0.3,133.2,150,133.0,53,132.8,10,,,,,,,,,,,,,,,133.5,70,133.7,150,,,,,,,,,,,,,,,,
2026-07-08T02:00:54.880206+00:00,2026-07-08T02:00:54.880109,3,2,133.35,0.3,133.2,150,133.0,53,132.8,10,,,,,,,,,,,,,,,133.5,65,133.7,150,,,,,,,,,,,,,,,,
2026-07-08T02:00:54.885217+00:00,2026-07-08T02:00:54.885297,3,2,133.35,0.3,133.2,150,133.0,53,132.8,10,,,,,,,,,,,,,,,133.5,70,133.7,150,,,,,,,,,,,,,,,,
2026-07-08T02:00:54.902684+00:00,2026-07-08T02:00:54.902637,2,2,133.35,0.3,133.2,150,133.0,53,,,,,,,,,,,,,,,,,133.5,70,133.7,150,,,,,,,,,,,,,,,,
2026-07-08T02:00:55.137518+00:00,2026-07-08T02:00:55.137437,2,2,133.35,0.3,133.2,150,133.0,53,,,,,,,,,,,,,,,,,133.5,20,133.7,150,,,,,,,,,,,,,,,,
2026-07-08T02:00:55.398267+00:00,2026-07-08T02:00:55.398186,2,2,133.35,0.3,133.2,150,133.0,53,,,,,,,,,,,,,,,,,133.5,15,133.7,150,,,,,,,,,,,,,,,,
2026-07-08T02:00:55.408618+00:00,2026-07-08T02:00:55.408587,2,3,133.35,0.3,133.2,150,133.0,53,,,,,,,,,,,,,,,,,133.5,15,133.6,5,133.7,150,,,,,,,,,,,,,,
2026-07-08T02:00:55.914273+00:00,2026-07-08T02:00:55.914486,2,2,133.35,0.3,133.2,150,133.0,53,,,,,,,,,,,,,,,,,133.5,15,133.7,150,,,,,,,,,,,,,,,,
2026-07-08T02:00:55.924914+00:00,2026-07-08T02:00:55.925014,2,3,133.35,0.3,133.2,150,133.0,53,,,,,,,,,,,,,,,,,133.5,15,133.6,5,133.7,150,,,,,,,,,,,,,,
2026-07-08T02:00:56.195812+00:00,2026-07-08T02:00:56.195671,2,1,133.45,0.5,133.2,150,133.0,53,,,,,,,,,,,,,,,,,133.7,150,,,,,,,,,,,,,,,,,,
2026-07-08T02:00:56.410556+00:00,2026-07-08T02:00:56.404151,2,1,133.45,0.5,133.2,139,133.0,53,,,,,,,,,,,,,,,,,133.7,150,,,,,,,,,,,,,,,,,,
2026-07-08T02:00:56.426031+00:00,2026-07-08T02:00:56.425967,1,1,133.45,0.5,133.2,139,,,,,,,,,,,,,,,,,,,133.7,150,,,,,,,,,,,,,,,,,,
2026-07-08T02:00:56.441838+00:00,2026-07-08T02:00:56.441686,2,1,133.45,0.5,133.2,139,133.1,5,,,,,,,,,,,,,,,,,133.7,150,,,,,,,,,,,,,,,,,,
2026-07-08T02:00:56.447059+00:00,2026-07-08T02:00:56.446919,2,2,133.3,0.2,133.2,139,133.1,5,,,,,,,,,,,,,,,,,133.4,5,133.7,150,,,,,,,,,,,,,,,,
2026-07-08T02:00:56.480769+00:00,2026-07-08T02:00:56.480660,3,2,133.3,0.2,133.2,139,133.1,5,132.8,100,,,,,,,,,,,,,,,133.4,5,133.7,150,,,,,,,,,,,,,,,,
2026-07-08T02:00:56.543532+00:00,2026-07-08T02:00:56.533413,3,3,133.25,0.1,133.2,139,133.1,5,132.8,100,,,,,,,,,,,,,,,133.3,100,133.4,5,133.7,150,,,,,,,,,,,,,,
2026-07-08T02:00:56.958656+00:00,2026-07-08T02:00:56.956628,2,2,133.25,0.1,133.2,139,132.8,100,,,,,,,,,,,,,,,,,133.3,100,133.7,150,,,,,,,,,,,,,,,,
2026-07-08T02:00:56.969361+00:00,2026-07-08T02:00:56.969503,3,2,133.25,0.1,133.2,139,133.0,5,132.8,100,,,,,,,,,,,,,,,133.3,100,133.7,150,,,,,,,,,,,,,,,,
2026-07-08T02:00:56.974738+00:00,2026-07-08T02:00:56.974675,3,2,133.25,0.1,133.2,139,133.0,5,132.8,100,,,,,,,,,,,,,,,133.3,105,133.7,150,,,,,,,,,,,,,,,,
2026-07-08T02:00:57.247076+00:00,2026-07-08T02:00:57.246948,3,2,133.25,0.1,133.2,139,133.0,5,132.8,100,,,,,,,,,,,,,,,133.3,55,133.7,150,,,,,,,,,,,,,,,,
2026-07-08T02:00:57.484607+00:00,2026-07-08T02:00:57.484529,2,2,133.25,0.1,133.2,139,132.8,100,,,,,,,,,,,,,,,,,133.3,50,133.7,150,,,,,,,,,,,,,,,,
2026-07-08T02:00:57.495084+00:00,2026-07-08T02:00:57.495016,3,2,133.25,0.1,133.2,139,133.0,5,132.8,100,,,,,,,,,,,,,,,133.3,50,133.7,150,,,,,,,,,,,,,,,,
2026-07-08T02:00:57.505568+00:00,2026-07-08T02:00:57.505477,3,2,133.25,0.1,133.2,139,133.0,5,132.8,100,,,,,,,,,,,,,,,133.3,55,133.7,150,,,,,,,,,,,,,,,,
2026-07-08T02:00:57.793065+00:00,2026-07-08T02:00:57.792992,2,1,133.15,0.3,133.0,5,132.8,100,,,,,,,,,,,,,,,,,133.3,55,,,,,,,,,,,,,,,,,,
2026-07-08T02:00:57.847824+00:00,2026-07-08T02:00:57.847732,3,1,133.15,0.3,133.0,5,132.9,150,132.8,100,,,,,,,,,,,,,,,133.3,55,,,,,,,,,,,,,,,,,,
2026-07-08T02:00:57.902103+00:00,2026-07-08T02:00:57.902053,3,2,133.15,0.3,133.0,5,132.9,150,132.8,100,,,,,,,,,,,,,,,133.3,55,133.4,150,,,,,,,,,,,,,,,,
2026-07-08T02:00:58.023762+00:00,2026-07-08T02:00:58.019097,2,2,133.1,0.4,132.9,150,132.8,100,,,,,,,,,,,,,,,,,133.3,50,133.4,150,,,,,,,,,,,,,,,,
2026-07-08T02:00:58.039654+00:00,2026-07-08T02:00:58.039414,2,2,133.1,0.4,132.9,150,132.8,100,,,,,,,,,,,,,,,,,133.3,45,133.4,150,,,,,,,,,,,,,,,,
2026-07-08T02:00:58.050130+00:00,2026-07-08T02:00:58.050054,2,2,133.1,0.4,132.9,150,132.8,100,,,,,,,,,,,,,,,,,133.3,50,133.4,150,,,,,,,,,,,,,,,,
2026-07-08T02:00:58.158648+00:00,2026-07-08T02:00:58.149936,2,2,133.1,0.4,132.9,160,132.8,100,,,,,,,,,,,,,,,,,133.3,50,133.4,150,,,,,,,,,,,,,,,,
2026-07-08T02:00:58.384528+00:00,2026-07-08T02:00:58.384411,2,2,133.1,0.4,132.9,111,132.8,100,,,,,,,,,,,,,,,,,133.3,50,133.4,150,,,,,,,,,,,,,,,,
2026-07-08T02:00:58.558611+00:00,2026-07-08T02:00:58.554853,2,2,133.1,0.4,132.9,111,132.8,100,,,,,,,,,,,,,,,,,133.3,45,133.4,150,,,,,,,,,,,,,,,,
2026-07-08T02:00:58.595479+00:00,2026-07-08T02:00:58.595444,2,2,133.1,0.4,132.9,111,132.8,100,,,,,,,,,,,,,,,,,133.3,50,133.4,150,,,,,,,,,,,,,,,,
2026-07-08T02:00:59.101392+00:00,2026-07-08T02:00:59.101350,2,2,133.1,0.4,132.9,111,132.8,100,,,,,,,,,,,,,,,,,133.3,45,133.4,150,,,,,,,,,,,,,,,,
2026-07-08T02:00:59.111621+00:00,2026-07-08T02:00:59.111726,2,3,133.05,0.3,132.9,111,132.8,100,,,,,,,,,,,,,,,,,133.2,5,133.3,45,133.4,150,,,,,,,,,,,,,,
2026-07-08T02:00:59.308654+00:00,2026-07-08T02:00:59.308419,2,3,133.05,0.3,132.9,101,132.8,100,,,,,,,,,,,,,,,,,133.2,5,133.3,45,133.4,150,,,,,,,,,,,,,,
2026-07-08T02:00:59.313815+00:00,2026-07-08T02:00:59.313726,2,2,133.1,0.4,132.9,101,132.8,100,,,,,,,,,,,,,,,,,133.3,1,133.4,150,,,,,,,,,,,,,,,,
2026-07-08T02:00:59.353612+00:00,2026-07-08T02:00:59.353496,2,1,133.15,0.5,132.9,101,132.8,100,,,,,,,,,,,,,,,,,133.4,101,,,,,,,,,,,,,,,,,,
2026-07-08T02:00:59.588813+00:00,2026-07-08T02:00:59.588631,1,1,133.15,0.5,132.9,101,,,,,,,,,,,,,,,,,,,133.4,101,,,,,,,,,,,,,,,,,,
2026-07-08T02:00:59.630314+00:00,2026-07-08T02:00:59.630198,1,1,133.15,0.5,132.9,106,,,,,,,,,,,,,,,,,,,133.4,101,,,,,,,,,,,,,,,,,,
2026-07-08T02:00:59.635469+00:00,2026-07-08T02:00:59.635379,1,2,133.05,0.3,132.9,106,,,,,,,,,,,,,,,,,,,133.2,5,133.4,101,,,,,,,,,,,,,,,,
2026-07-08T02:00:59.640703+00:00,2026-07-08T02:00:59.640558,2,2,133.15,0.1,133.1,100,132.9,106,,,,,,,,,,,,,,,,,133.2,5,133.4,101,,,,,,,,,,,,,,,,
2026-07-08T02:00:59.694602+00:00,2026-07-08T02:00:59.694482,2,3,133.15,0.1,133.1,100,132.9,106,,,,,,,,,,,,,,,,,133.2,5,133.4,101,133.6,100,,,,,,,,,,,,,,
2026-07-08T02:01:00.153274+00:00,2026-07-08T02:01:00.153184,2,2,133.25,0.3,133.1,100,132.9,101,,,,,,,,,,,,,,,,,133.4,101,133.6,100,,,,,,,,,,,,,,,,
2026-07-08T02:01:00.158642+00:00,2026-07-08T02:01:00.158482,3,3,133.2,0.2,133.1,100,133.0,5,132.9,101,,,,,,,,,,,,,,,133.3,5,133.4,101,133.6,100,,,,,,,,,,,,,,
2026-07-08T02:01:00.674548+00:00,2026-07-08T02:01:00.674475,2,2,133.25,0.3,133.1,100,132.9,101,,,,,,,,,,,,,,,,,133.4,101,133.6,100,,,,,,,,,,,,,,,,
2026-07-08T02:01:00.684982+00:00,2026-07-08T02:01:00.684873,3,2,133.25,0.3,133.1,100,133.0,5,132.9,101,,,,,,,,,,,,,,,133.4,101,133.6,100,,,,,,,,,,,,,,,,
2026-07-08T02:01:00.690191+00:00,2026-07-08T02:01:00.690070,3,3,133.2,0.2,133.1,100,133.0,5,132.9,101,,,,,,,,,,,,,,,133.3,5,133.4,101,133.6,100,,,,,,,,,,,,,,
2026-07-08T02:01:00.817095+00:00,2026-07-08T02:01:00.817050,3,3,133.2,0.2,133.1,59,133.0,5,132.9,101,,,,,,,,,,,,,,,133.3,5,133.4,101,133.6,100,,,,,,,,,,,,,,
2026-07-08T02:01:00.958687+00:00,2026-07-08T02:01:00.954335,2,2,133.2,0.2,133.1,59,133.0,5,,,,,,,,,,,,,,,,,133.3,5,133.6,100,,,,,,,,,,,,,,,,
2026-07-08T02:01:01.008637+00:00,2026-07-08T02:01:01.008740,3,2,133.2,0.2,133.1,59,133.0,5,132.8,150,,,,,,,,,,,,,,,133.3,5,133.6,100,,,,,,,,,,,,,,,,
2026-07-08T02:01:01.060813+00:00,2026-07-08T02:01:01.060690,3,2,133.2,0.2,133.1,59,133.0,5,132.8,150,,,,,,,,,,,,,,,133.3,155,133.6,100,,,,,,,,,,,,,,,,
2026-07-08T02:01:01.201164+00:00,2026-07-08T02:01:01.201106,2,2,133.2,0.2,133.1,59,132.8,150,,,,,,,,,,,,,,,,,133.3,150,133.6,100,,,,,,,,,,,,,,,,
2026-07-08T02:01:01.211533+00:00,2026-07-08T02:01:01.211505,3,2,133.2,0.2,133.1,59,133.0,5,132.8,150,,,,,,,,,,,,,,,133.3,150,133.6,100,,,,,,,,,,,,,,,,
2026-07-08T02:01:01.217003+00:00,2026-07-08T02:01:01.216833,3,2,133.2,0.2,133.1,59,133.0,5,132.8,150,,,,,,,,,,,,,,,133.3,155,133.6,100,,,,,,,,,,,,,,,,
2026-07-08T02:01:01.317007+00:00,2026-07-08T02:01:01.316899,3,2,133.2,0.2,133.1,19,133.0,5,132.8,150,,,,,,,,,,,,,,,133.3,155,133.6,100,,,,,,,,,,,,,,,,
2026-07-08T02:01:01.725154+00:00,2026-07-08T02:01:01.725004,3,2,133.2,0.2,133.1,19,133.0,5,132.8,150,,,,,,,,,,,,,,,133.3,150,133.6,100,,,,,,,,,,,,,,,,
2026-07-08T02:01:01.730079+00:00,2026-07-08T02:01:01.730158,2,2,133.2,0.2,133.1,19,132.8,150,,,,,,,,,,,,,,,,,133.3,150,133.6,100,,,,,,,,,,,,,,,,
2026-07-08T02:01:01.740589+00:00,2026-07-08T02:01:01.740514,3,2,133.2,0.2,133.1,19,132.9,5,132.8,150,,,,,,,,,,,,,,,133.3,150,133.6,100,,,,,,,,,,,,,,,,
2026-07-08T02:01:01.745822+00:00,2026-07-08T02:01:01.745722,3,3,133.15,0.1,133.1,19,132.9,5,132.8,150,,,,,,,,,,,,,,,133.2,5,133.3,150,133.6,100,,,,,,,,,,,,,,
2026-07-08T02:01:02.257033+00:00,2026-07-08T02:01:02.256848,2,2,133.2,0.2,133.1,19,132.8,150,,,,,,,,,,,,,,,,,133.3,150,133.6,100,,,,,,,,,,,,,,,,
2026-07-08T02:01:02.267103+00:00,2026-07-08T02:01:02.267194,3,2,133.2,0.2,133.1,19,132.9,5,132.8,150,,,,,,,,,,,,,,,133.3,150,133.6,100,,,,,,,,,,,,,,,,
2026-07-08T02:01:02.272515+00:00,2026-07-08T02:01:02.272425,3,3,133.15,0.1,133.1,19,132.9,5,132.8,150,,,,,,,,,,,,,,,133.2,5,133.3,150,133.6,100,,,,,,,,,,,,,,
2026-07-08T02:01:02.749899+00:00,2026-07-08T02:01:02.750057,3,2,133.15,0.1,133.1,19,132.9,5,132.8,150,,,,,,,,,,,,,,,133.2,5,133.3,150,,,,,,,,,,,,,,,,
2026-07-08T02:01:02.758674+00:00,2026-07-08T02:01:02.755263,2,2,133.05,0.3,132.9,5,132.8,150,,,,,,,,,,,,,,,,,133.2,5,133.3,150,,,,,,,,,,,,,,,,
2026-07-08T02:01:02.818982+00:00,2026-07-08T02:01:02.818786,2,1,133.1,0.4,132.9,5,132.8,250,,,,,,,,,,,,,,,,,133.3,150,,,,,,,,,,,,,,,,,,
2026-07-08T02:01:02.823861+00:00,2026-07-08T02:01:02.823946,1,1,133.05,0.5,132.8,250,,,,,,,,,,,,,,,,,,,133.3,150,,,,,,,,,,,,,,,,,,
2026-07-08T02:01:02.834258+00:00,2026-07-08T02:01:02.834376,2,1,133.1,0.4,132.9,5,132.8,250,,,,,,,,,,,,,,,,,133.3,150,,,,,,,,,,,,,,,,,,
2026-07-08T02:01:02.839690+00:00,2026-07-08T02:01:02.839630,2,2,133.05,0.3,132.9,5,132.8,250,,,,,,,,,,,,,,,,,133.2,5,133.3,150,,,,,,,,,,,,,,,,
2026-07-08T02:01:02.883312+00:00,2026-07-08T02:01:02.869980,2,2,133.05,0.3,132.9,5,132.8,250,,,,,,,,,,,,,,,,,133.2,5,133.3,250,,,,,,,,,,,,,,,,
2026-07-08T02:01:03.351483+00:00,2026-07-08T02:01:03.351431,1,1,133.05,0.5,132.8,250,,,,,,,,,,,,,,,,,,,133.3,250,,,,,,,,,,,,,,,,,,
2026-07-08T02:01:03.361941+00:00,2026-07-08T02:01:03.361841,1,1,133.05,0.5,132.8,255,,,,,,,,,,,,,,,,,,,133.3,250,,,,,,,,,,,,,,,,,,
2026-07-08T02:01:03.367099+00:00,2026-07-08T02:01:03.367033,1,2,133.0,0.4,132.8,255,,,,,,,,,,,,,,,,,,,133.2,5,133.3,250,,,,,,,,,,,,,,,,
2026-07-08T02:01:03.615075+00:00,2026-07-08T02:01:03.614998,1,2,133.0,0.4,132.8,205,,,,,,,,,,,,,,,,,,,133.2,5,133.3,250,,,,,,,,,,,,,,,,
2026-07-08T02:01:03.879568+00:00,2026-07-08T02:01:03.879482,1,1,133.05,0.5,132.8,200,,,,,,,,,,,,,,,,,,,133.3,250,,,,,,,,,,,,,,,,,,
2026-07-08T02:01:03.889780+00:00,2026-07-08T02:01:03.889883,1,1,133.05,0.5,132.8,205,,,,,,,,,,,,,,,,,,,133.3,250,,,,,,,,,,,,,,,,,,
2026-07-08T02:01:03.895182+00:00,2026-07-08T02:01:03.895078,1,2,133.0,0.4,132.8,205,,,,,,,,,,,,,,,,,,,133.2,5,133.3,250,,,,,,,,,,,,,,,,
2026-07-08T02:01:04.113488+00:00,2026-07-08T02:01:04.113350,1,2,133.0,0.4,132.8,205,,,,,,,,,,,,,,,,,,,133.2,5,133.3,100,,,,,,,,,,,,,,,,
2026-07-08T02:01:04.118669+00:00,2026-07-08T02:01:04.118575,1,2,133.0,0.4,132.8,105,,,,,,,,,,,,,,,,,,,133.2,5,133.3,100,,,,,,,,,,,,,,,,
2026-07-08T02:01:04.168272+00:00,2026-07-08T02:01:04.168213,2,2,133.0,0.4,132.8,105,132.5,150,,,,,,,,,,,,,,,,,133.2,5,133.3,100,,,,,,,,,,,,,,,,
2026-07-08T02:01:04.221676+00:00,2026-07-08T02:01:04.221515,2,3,132.9,0.2,132.8,105,132.5,150,,,,,,,,,,,,,,,,,133.0,150,133.2,5,133.3,100,,,,,,,,,,,,,,
2026-07-08T02:01:04.406095+00:00,2026-07-08T02:01:04.406041,2,2,132.9,0.2,132.8,100,132.5,150,,,,,,,,,,,,,,,,,133.0,150,133.3,100,,,,,,,,,,,,,,,,
2026-07-08T02:01:04.416618+00:00,2026-07-08T02:01:04.416510,2,2,132.9,0.2,132.8,100,132.5,150,,,,,,,,,,,,,,,,,133.0,145,133.3,100,,,,,,,,,,,,,,,,
2026-07-08T02:01:04.421766+00:00,2026-07-08T02:01:04.421730,2,3,132.9,0.2,132.8,100,132.5,150,,,,,,,,,,,,,,,,,133.0,145,133.1,5,133.3,100,,,,,,,,,,,,,,
2026-07-08T02:01:04.931797+00:00,2026-07-08T02:01:04.931743,2,2,132.9,0.2,132.8,100,132.5,150,,,,,,,,,,,,,,,,,133.0,145,133.3,100,,,,,,,,,,,,,,,,
2026-07-08T02:01:04.942197+00:00,2026-07-08T02:01:04.942099,2,3,132.9,0.2,132.8,100,132.5,150,,,,,,,,,,,,,,,,,133.0,145,133.1,5,133.3,100,,,,,,,,,,,,,,
2026-07-08T02:01:05.458665+00:00,2026-07-08T02:01:05.456650,2,3,132.9,0.2,132.8,100,132.5,150,,,,,,,,,,,,,,,,,133.0,145,133.1,5,133.3,100,,,,,,,,,,,,,,
2026-07-08T02:01:05.723154+00:00,2026-07-08T02:01:05.722829,2,3,132.9,0.2,132.8,50,132.5,150,,,,,,,,,,,,,,,,,133.0,145,133.1,5,133.3,100,,,,,,,,,,,,,,
2026-07-08T02:01:05.925260+00:00,2026-07-08T02:01:05.925151,2,2,132.9,0.2,132.8,50,132.5,150,,,,,,,,,,,,,,,,,133.0,145,133.1,5,,,,,,,,,,,,,,,,
2026-07-08T02:01:05.930467+00:00,2026-07-08T02:01:05.930345,1,2,132.75,0.5,132.5,150,,,,,,,,,,,,,,,,,,,133.0,145,133.1,5,,,,,,,,,,,,,,,,
2026-07-08T02:01:05.971558+00:00,2026-07-08T02:01:05.971769,1,1,132.75,0.5,132.5,150,,,,,,,,,,,,,,,,,,,133.0,145,,,,,,,,,,,,,,,,,,
2026-07-08T02:01:05.982390+00:00,2026-07-08T02:01:05.982352,2,2,132.85,0.3,132.7,100,132.5,150,,,,,,,,,,,,,,,,,133.0,145,133.1,5,,,,,,,,,,,,,,,,
2026-07-08T02:01:05.987631+00:00,2026-07-08T02:01:05.987577,2,2,132.85,0.3,132.7,100,132.5,160,,,,,,,,,,,,,,,,,133.0,145,133.1,5,,,,,,,,,,,,,,,,
2026-07-08T02:01:06.033404+00:00,2026-07-08T02:01:06.033314,2,3,132.85,0.3,132.7,100,132.5,160,,,,,,,,,,,,,,,,,133.0,145,133.1,5,133.2,100,,,,,,,,,,,,,,
2026-07-08T02:01:06.299243+00:00,2026-07-08T02:01:06.299141,2,3,132.85,0.3,132.7,100,132.5,150,,,,,,,,,,,,,,,,,133.0,145,133.1,5,133.2,100,,,,,,,,,,,,,,
2026-07-08T02:01:06.315142+00:00,2026-07-08T02:01:06.315057,2,3,132.85,0.3,132.7,110,132.5,150,,,,,,,,,,,,,,,,,133.0,145,133.1,5,133.2,100,,,,,,,,,,,,,,
2026-07-08T02:01:06.499982+00:00,2026-07-08T02:01:06.499862,2,2,132.85,0.3,132.7,110,132.5,150,,,,,,,,,,,,,,,,,133.0,145,133.2,100,,,,,,,,,,,,,,,,
2026-07-08T02:01:06.510386+00:00,2026-07-08T02:01:06.510296,2,3,132.85,0.3,132.7,110,132.5,150,,,,,,,,,,,,,,,,,133.0,145,133.1,5,133.2,100,,,,,,,,,,,,,,
2026-07-08T02:01:06.519825+00:00,2026-07-08T02:01:06.514023,2,3,132.85,0.3,132.7,110,132.5,150,,,,,,,,,,,,,,,,,133.0,134,133.1,5,133.2,100,,,,,,,,,,,,,,
2026-07-08T02:01:07.027738+00:00,2026-07-08T02:01:07.027627,2,2,132.85,0.3,132.7,110,132.5,150,,,,,,,,,,,,,,,,,133.0,134,133.2,100,,,,,,,,,,,,,,,,
2026-07-08T02:01:07.097176+00:00,2026-07-08T02:01:07.097128,2,2,132.85,0.3,132.7,110,132.5,150,,,,,,,,,,,,,,,,,133.0,139,133.2,100,,,,,,,,,,,,,,,,
2026-07-08T02:01:07.191482+00:00,2026-07-08T02:01:07.191603,2,2,132.85,0.3,132.7,100,132.5,150,,,,,,,,,,,,,,,,,133.0,139,133.2,100,,,,,,,,,,,,,,,,
2026-07-08T02:01:07.277821+00:00,2026-07-08T02:01:07.277762,2,2,132.85,0.3,132.7,100,132.5,150,,,,,,,,,,,,,,,,,133.0,5,133.2,100,,,,,,,,,,,,,,,,
2026-07-08T02:01:07.283033+00:00,2026-07-08T02:01:07.282936,1,2,132.85,0.3,132.7,100,,,,,,,,,,,,,,,,,,,133.0,5,133.2,100,,,,,,,,,,,,,,,,
2026-07-08T02:01:07.333352+00:00,2026-07-08T02:01:07.333326,2,2,132.85,0.3,132.7,100,132.4,150,,,,,,,,,,,,,,,,,133.0,5,133.2,100,,,,,,,,,,,,,,,,
2026-07-08T02:01:07.386857+00:00,2026-07-08T02:01:07.386798,2,3,132.8,0.2,132.7,100,132.4,150,,,,,,,,,,,,,,,,,132.9,150,133.0,5,133.2,100,,,,,,,,,,,,,,
2026-07-08T02:01:07.610854+00:00,2026-07-08T02:01:07.610765,2,2,132.8,0.2,132.7,100,132.4,150,,,,,,,,,,,,,,,,,132.9,150,133.2,100,,,,,,,,,,,,,,,,
2026-07-08T02:01:07.615878+00:00,2026-07-08T02:01:07.616021,2,3,132.8,0.2,132.7,100,132.4,150,,,,,,,,,,,,,,,,,132.9,150,133.0,5,133.2,100,,,,,,,,,,,,,,
2026-07-08T02:01:07.835797+00:00,2026-07-08T02:01:07.835753,2,3,132.8,0.2,132.7,50,132.4,150,,,,,,,,,,,,,,,,,132.9,150,133.0,5,133.2,100,,,,,,,,,,,,,,
2026-07-08T02:01:08.127922+00:00,2026-07-08T02:01:08.127784,2,2,132.8,0.2,132.7,50,132.4,150,,,,,,,,,,,,,,,,,132.9,150,133.2,100,,,,,,,,,,,,,,,,
2026-07-08T02:01:08.138328+00:00,2026-07-08T02:01:08.138250,2,3,132.8,0.2,132.7,50,132.4,150,,,,,,,,,,,,,,,,,132.9,150,133.0,5,133.2,100,,,,,,,,,,,,,,
2026-07-08T02:01:08.218042+00:00,2026-07-08T02:01:08.217959,2,3,132.8,0.2,132.7,60,132.4,150,,,,,,,,,,,,,,,,,132.9,150,133.0,5,133.2,100,,,,,,,,,,,,,,
2026-07-08T02:01:08.485846+00:00,2026-07-08T02:01:08.485787,2,3,132.8,0.2,132.7,60,132.4,150,,,,,,,,,,,,,,,,,132.9,107,133.0,5,133.2,100,,,,,,,,,,,,,,
2026-07-08T02:01:08.643184+00:00,2026-07-08T02:01:08.643071,2,2,132.8,0.2,132.7,60,132.4,150,,,,,,,,,,,,,,,,,132.9,107,133.2,100,,,,,,,,,,,,,,,,
2026-07-08T02:01:08.658629+00:00,2026-07-08T02:01:08.653465,2,3,132.8,0.2,132.7,60,132.4,150,,,,,,,,,,,,,,,,,132.9,107,133.1,5,133.2,100,,,,,,,,,,,,,,
2026-07-08T02:01:09.088957+00:00,2026-07-08T02:01:09.089126,2,2,132.8,0.2,132.7,60,132.4,150,,,,,,,,,,,,,,,,,132.9,107,133.1,5,,,,,,,,,,,,,,,,
2026-07-08T02:01:09.094404+00:00,2026-07-08T02:01:09.094341,2,2,132.8,0.2,132.7,10,132.4,150,,,,,,,,,,,,,,,,,132.9,107,133.1,5,,,,,,,,,,,,,,,,
2026-07-08T02:01:09.145026+00:00,2026-07-08T02:01:09.144999,3,2,132.8,0.2,132.7,10,132.6,100,132.4,150,,,,,,,,,,,,,,,132.9,107,133.1,5,,,,,,,,,,,,,,,,
2026-07-08T02:01:09.164059+00:00,2026-07-08T02:01:09.163976,3,1,132.8,0.2,132.7,10,132.6,100,132.4,150,,,,,,,,,,,,,,,132.9,107,,,,,,,,,,,,,,,,,,
2026-07-08T02:01:09.169296+00:00,2026-07-08T02:01:09.169212,3,2,132.8,0.2,132.7,10,132.6,100,132.4,150,,,,,,,,,,,,,,,132.9,107,133.1,5,,,,,,,,,,,,,,,,
2026-07-08T02:01:09.200536+00:00,2026-07-08T02:01:09.200420,3,2,132.8,0.2,132.7,10,132.6,100,132.4,150,,,,,,,,,,,,,,,132.9,107,133.1,105,,,,,,,,,,,,,,,,
2026-07-08T02:01:09.658614+00:00,2026-07-08T02:01:09.658138,2,2,132.75,0.3,132.6,100,132.4,150,,,,,,,,,,,,,,,,,132.9,107,133.1,105,,,,,,,,,,,,,,,,
2026-07-08T02:01:09.674384+00:00,2026-07-08T02:01:09.674283,2,2,132.75,0.3,132.6,100,132.4,150,,,,,,,,,,,,,,,,,132.9,107,133.1,100,,,,,,,,,,,,,,,,
2026-07-08T02:01:09.684741+00:00,2026-07-08T02:01:09.684634,2,3,132.75,0.3,132.6,100,132.4,150,,,,,,,,,,,,,,,,,132.9,107,133.0,5,133.1,100,,,,,,,,,,,,,,
2026-07-08T02:01:09.876125+00:00,2026-07-08T02:01:09.875917,2,3,132.75,0.3,132.6,110,132.4,150,,,,,,,,,,,,,,,,,132.9,107,133.0,5,133.1,100,,,,,,,,,,,,,,
2026-07-08T02:01:09.943813+00:00,2026-07-08T02:01:09.943684,2,3,132.75,0.3,132.6,60,132.4,150,,,,,,,,,,,,,,,,,132.9,107,133.0,5,133.1,100,,,,,,,,,,,,,,
2026-07-08T02:01:10.190324+00:00,2026-07-08T02:01:10.190253,2,2,132.75,0.3,132.6,60,132.4,150,,,,,,,,,,,,,,,,,132.9,107,133.1,100,,,,,,,,,,,,,,,,
2026-07-08T02:01:10.200753+00:00,2026-07-08T02:01:10.200628,2,3,132.75,0.3,132.6,60,132.4,150,,,,,,,,,,,,,,,,,132.9,107,133.0,5,133.1,100,,,,,,,,,,,,,,
2026-07-08T02:01:10.446946+00:00,2026-07-08T02:01:10.446851,1,2,132.8,0.4,132.6,60,,,,,,,,,,,,,,,,,,,133.0,5,133.1,100,,,,,,,,,,,,,,,,
2026-07-08T02:01:10.502254+00:00,2026-07-08T02:01:10.502377,2,2,132.9,0.2,132.8,150,132.6,60,,,,,,,,,,,,,,,,,133.0,5,133.1,100,,,,,,,,,,,,,,,,
2026-07-08T02:01:10.558639+00:00,2026-07-08T02:01:10.555463,2,3,132.9,0.2,132.8,150,132.6,60,,,,,,,,,,,,,,,,,133.0,5,133.1,100,133.3,150,,,,,,,,,,,,,,
2026-07-08T02:01:10.719139+00:00,2026-07-08T02:01:10.719069,2,2,132.95,0.3,132.8,150,132.6,60,,,,,,,,,,,,,,,,,133.1,100,133.3,150,,,,,,,,,,,,,,,,
2026-07-08T02:01:10.734268+00:00,2026-07-08T02:01:10.729969,2,3,132.95,0.3,132.8,150,132.6,60,,,,,,,,,,,,,,,,,133.1,100,133.2,5,133.3,150,,,,,,,,,,,,,,
2026-07-08T02:01:10.749886+00:00,2026-07-08T02:01:10.749759,2,3,132.95,0.3,132.8,150,132.6,50,,,,,,,,,,,,,,,,,133.1,100,133.2,5,133.3,150,,,,,,,,,,,,,,
2026-07-08T02:01:11.240267+00:00,2026-07-08T02:01:11.240219,2,2,132.95,0.3,132.8,150,132.6,50,,,,,,,,,,,,,,,,,133.1,100,133.3,150,,,,,,,,,,,,,,,,
2026-07-08T02:01:11.249047+00:00,2026-07-08T02:01:11.248950,2,3,132.95,0.3,132.8,150,132.6,50,,,,,,,,,,,,,,,,,133.1,100,133.2,5,133.3,150,,,,,,,,,,,,,,
2026-07-08T02:01:11.757307+00:00,2026-07-08T02:01:11.757533,2,2,132.95,0.3,132.8,150,132.6,50,,,,,,,,,,,,,,,,,133.1,100,133.3,150,,,,,,,,,,,,,,,,
2026-07-08T02:01:11.771486+00:00,2026-07-08T02:01:11.771413,2,2,132.95,0.3,132.8,150,132.6,50,,,,,,,,,,,,,,,,,133.1,105,133.3,150,,,,,,,,,,,,,,,,
2026-07-08T02:01:12.049769+00:00,2026-07-08T02:01:12.049661,2,2,132.95,0.3,132.8,100,132.6,50,,,,,,,,,,,,,,,,,133.1,105,133.3,150,,,,,,,,,,,,,,,,
2026-07-08T02:01:12.253459+00:00,2026-07-08T02:01:12.253310,2,2,132.95,0.3,132.8,100,132.6,50,,,,,,,,,,,,,,,,,133.1,5,133.3,150,,,,,,,,,,,,,,,,
2026-07-08T02:01:12.258642+00:00,2026-07-08T02:01:12.258549,1,2,132.95,0.3,132.8,100,,,,,,,,,,,,,,,,,,,133.1,5,133.3,150,,,,,,,,,,,,,,,,
2026-07-08T02:01:12.283064+00:00,2026-07-08T02:01:12.282926,1,1,133.05,0.5,132.8,100,,,,,,,,,,,,,,,,,,,133.3,150,,,,,,,,,,,,,,,,,,
2026-07-08T02:01:12.288236+00:00,2026-07-08T02:01:12.288171,1,2,133.0,0.4,132.8,100,,,,,,,,,,,,,,,,,,,133.2,5,133.3,150,,,,,,,,,,,,,,,,
2026-07-08T02:01:12.307559+00:00,2026-07-08T02:01:12.307520,2,2,133.0,0.4,132.8,100,132.5,100,,,,,,,,,,,,,,,,,133.2,5,133.3,150,,,,,,,,,,,,,,,,
2026-07-08T02:01:12.357972+00:00,2026-07-08T02:01:12.358158,2,3,132.9,0.2,132.8,100,132.5,100,,,,,,,,,,,,,,,,,133.0,100,133.2,5,133.3,150,,,,,,,,,,,,,,
2026-07-08T02:01:12.778980+00:00,2026-07-08T02:01:12.779150,2,3,132.9,0.2,132.8,100,132.5,100,,,,,,,,,,,,,,,,,133.0,51,133.2,5,133.3,150,,,,,,,,,,,,,,
2026-07-08T02:01:12.794825+00:00,2026-07-08T02:01:12.794709,2,2,132.9,0.2,132.8,100,132.5,100,,,,,,,,,,,,,,,,,133.0,51,133.3,150,,,,,,,,,,,,,,,,
2026-07-08T02:01:12.805127+00:00,2026-07-08T02:01:12.805055,2,3,132.9,0.2,132.8,100,132.5,100,,,,,,,,,,,,,,,,,133.0,51,133.2,5,133.3,150,,,,,,,,,,,,,,
2026-07-08T02:01:13.311337+00:00,2026-07-08T02:01:13.311311,2,2,132.9,0.2,132.8,100,132.5,100,,,,,,,,,,,,,,,,,133.0,51,133.3,150,,,,,,,,,,,,,,,,
2026-07-08T02:01:13.321832+00:00,2026-07-08T02:01:13.321707,2,3,132.9,0.2,132.8,100,132.5,100,,,,,,,,,,,,,,,,,133.0,51,133.2,5,133.3,150,,,,,,,,,,,,,,
2026-07-08T02:01:13.614699+00:00,2026-07-08T02:01:13.614578,1,2,132.75,0.5,132.5,100,,,,,,,,,,,,,,,,,,,133.0,51,133.2,5,,,,,,,,,,,,,,,,
2026-07-08T02:01:13.669500+00:00,2026-07-08T02:01:13.669408,2,2,132.85,0.3,132.7,150,132.5,100,,,,,,,,,,,,,,,,,133.0,51,133.2,5,,,,,,,,,,,,,,,,
2026-07-08T02:01:13.738081+00:00,2026-07-08T02:01:13.738034,2,2,132.85,0.3,132.7,150,132.5,100,,,,,,,,,,,,,,,,,133.0,51,133.2,155,,,,,,,,,,,,,,,,
2026-07-08T02:01:13.796031+00:00,2026-07-08T02:01:13.795942,2,2,132.85,0.3,132.7,160,132.5,100,,,,,,,,,,,,,,,,,133.0,51,133.2,155,,,,,,,,,,,,,,,,
2026-07-08T02:01:13.829379+00:00,2026-07-08T02:01:13.829269,2,2,132.85,0.3,132.7,160,132.5,100,,,,,,,,,,,,,,,,,133.0,51,133.2,150,,,,,,,,,,,,,,,,
2026-07-08T02:01:13.839828+00:00,2026-07-08T02:01:13.839641,2,2,132.85,0.3,132.7,160,132.5,100,,,,,,,,,,,,,,,,,133.0,51,133.2,155,,,,,,,,,,,,,,,,
2026-07-08T02:01:14.106061+00:00,2026-07-08T02:01:14.105972,2,2,132.85,0.3,132.7,160,132.5,100,,,,,,,,,,,,,,,,,133.0,1,133.2,155,,,,,,,,,,,,,,,,
2026-07-08T02:01:14.346897+00:00,2026-07-08T02:01:14.346776,2,2,132.85,0.3,132.7,160,132.5,100,,,,,,,,,,,,,,,,,133.0,1,133.2,150,,,,,,,,,,,,,,,,
2026-07-08T02:01:14.358621+00:00,2026-07-08T02:01:14.357191,2,2,132.85,0.3,132.7,160,132.5,100,,,,,,,,,,,,,,,,,133.0,1,133.2,155,,,,,,,,,,,,,,,,
2026-07-08T02:01:14.379199+00:00,2026-07-08T02:01:14.379299,2,1,132.95,0.5,132.7,160,132.5,100,,,,,,,,,,,,,,,,,133.2,155,,,,,,,,,,,,,,,,,,
2026-07-08T02:01:14.858559+00:00,2026-07-08T02:01:14.857232,2,1,132.95,0.5,132.7,160,132.5,100,,,,,,,,,,,,,,,,,133.2,150,,,,,,,,,,,,,,,,,,
2026-07-08T02:01:14.871268+00:00,2026-07-08T02:01:14.871147,2,1,132.95,0.5,132.7,160,132.5,100,,,,,,,,,,,,,,,,,133.2,155,,,,,,,,,,,,,,,,,,
2026-07-08T02:01:14.935731+00:00,2026-07-08T02:01:14.935622,2,1,132.95,0.5,132.7,112,132.5,100,,,,,,,,,,,,,,,,,133.2,155,,,,,,,,,,,,,,,,,,
2026-07-08T02:01:15.253757+00:00,2026-07-08T02:01:15.253635,2,1,132.95,0.5,132.7,102,132.5,100,,,,,,,,,,,,,,,,,133.2,155,,,,,,,,,,,,,,,,,,
2026-07-08T02:01:15.379018+00:00,2026-07-08T02:01:15.378928,2,1,132.95,0.5,132.7,102,132.5,100,,,,,,,,,,,,,,,,,133.2,150,,,,,,,,,,,,,,,,,,
2026-07-08T02:01:15.389415+00:00,2026-07-08T02:01:15.389303,2,1,132.95,0.5,132.7,102,132.5,100,,,,,,,,,,,,,,,,,133.2,155,,,,,,,,,,,,,,,,,,
2026-07-08T02:01:15.420268+00:00,2026-07-08T02:01:15.420169,1,1,132.95,0.5,132.7,102,,,,,,,,,,,,,,,,,,,133.2,155,,,,,,,,,,,,,,,,,,
2026-07-08T02:01:15.438055+00:00,2026-07-08T02:01:15.438196,1,1,132.95,0.5,132.7,102,,,,,,,,,,,,,,,,,,,133.2,106,,,,,,,,,,,,,,,,,,
2026-07-08T02:01:15.471838+00:00,2026-07-08T02:01:15.471766,1,1,132.95,0.5,132.7,202,,,,,,,,,,,,,,,,,,,133.2,106,,,,,,,,,,,,,,,,,,
2026-07-08T02:01:15.494871+00:00,2026-07-08T02:01:15.494763,1,1,132.95,0.5,132.7,153,,,,,,,,,,,,,,,,,,,133.2,106,,,,,,,,,,,,,,,,,,
2026-07-08T02:01:15.536931+00:00,2026-07-08T02:01:15.536834,1,1,132.95,0.5,132.7,153,,,,,,,,,,,,,,,,,,,133.2,206,,,,,,,,,,,,,,,,,,
2026-07-08T02:01:15.896184+00:00,2026-07-08T02:01:15.896371,1,1,132.95,0.5,132.7,153,,,,,,,,,,,,,,,,,,,133.2,201,,,,,,,,,,,,,,,,,,
2026-07-08T02:01:15.906871+00:00,2026-07-08T02:01:15.906786,1,1,132.95,0.5,132.7,153,,,,,,,,,,,,,,,,,,,133.2,206,,,,,,,,,,,,,,,,,,
2026-07-08T02:01:16.213097+00:00,2026-07-08T02:01:16.212986,1,1,132.95,0.5,132.7,153,,,,,,,,,,,,,,,,,,,133.2,156,,,,,,,,,,,,,,,,,,
2026-07-08T02:01:16.299968+00:00,2026-07-08T02:01:16.299876,1,1,132.95,0.5,132.7,163,,,,,,,,,,,,,,,,,,,133.2,156,,,,,,,,,,,,,,,,,,
2026-07-08T02:01:16.411740+00:00,2026-07-08T02:01:16.411667,1,1,132.95,0.5,132.7,163,,,,,,,,,,,,,,,,,,,133.2,151,,,,,,,,,,,,,,,,,,
2026-07-08T02:01:16.422135+00:00,2026-07-08T02:01:16.422069,1,1,132.95,0.5,132.7,163,,,,,,,,,,,,,,,,,,,133.2,156,,,,,,,,,,,,,,,,,,
2026-07-08T02:01:16.782801+00:00,2026-07-08T02:01:16.782697,1,1,132.95,0.5,132.7,163,,,,,,,,,,,,,,,,,,,133.2,105,,,,,,,,,,,,,,,,,,
2026-07-08T02:01:16.787978+00:00,2026-07-08T02:01:16.787859,1,1,132.95,0.5,132.7,110,,,,,,,,,,,,,,,,,,,133.2,105,,,,,,,,,,,,,,,,,,
2026-07-08T02:01:16.840939+00:00,2026-07-08T02:01:16.840855,2,1,133.0,0.4,132.8,150,132.7,110,,,,,,,,,,,,,,,,,133.2,105,,,,,,,,,,,,,,,,,,
2026-07-08T02:01:16.894798+00:00,2026-07-08T02:01:16.894645,2,2,133.0,0.4,132.8,150,132.7,110,,,,,,,,,,,,,,,,,133.2,105,133.3,150,,,,,,,,,,,,,,,,
2026-07-08T02:01:16.929547+00:00,2026-07-08T02:01:16.929474,2,2,133.0,0.4,132.8,150,132.7,110,,,,,,,,,,,,,,,,,133.2,100,133.3,150,,,,,,,,,,,,,,,,
2026-07-08T02:01:16.939951+00:00,2026-07-08T02:01:16.939859,2,2,133.0,0.4,132.8,150,132.7,110,,,,,,,,,,,,,,,,,133.2,100,133.3,155,,,,,,,,,,,,,,,,
2026-07-08T02:01:17.174368+00:00,2026-07-08T02:01:17.174215,2,2,133.0,0.4,132.8,150,132.7,100,,,,,,,,,,,,,,,,,133.2,100,133.3,155,,,,,,,,,,,,,,,,
2026-07-08T02:01:17.389957+00:00,2026-07-08T02:01:17.389928,2,2,133.0,0.4,132.8,160,132.7,100,,,,,,,,,,,,,,,,,133.2,100,133.3,155,,,,,,,,,,,,,,,,
2026-07-08T02:01:17.445806+00:00,2026-07-08T02:01:17.445727,2,2,133.0,0.4,132.8,160,132.7,100,,,,,,,,,,,,,,,,,133.2,100,133.3,150,,,,,,,,,,,,,,,,
2026-07-08T02:01:17.458670+00:00,2026-07-08T02:01:17.456127,2,2,133.0,0.4,132.8,160,132.7,100,,,,,,,,,,,,,,,,,133.2,100,133.3,155,,,,,,,,,,,,,,,,
2026-07-08T02:01:17.974524+00:00,2026-07-08T02:01:17.974453,2,2,133.0,0.4,132.8,160,132.7,100,,,,,,,,,,,,,,,,,133.2,100,133.3,150,,,,,,,,,,,,,,,,
2026-07-08T02:01:17.984928+00:00,2026-07-08T02:01:17.985074,2,2,133.0,0.4,132.8,160,132.7,100,,,,,,,,,,,,,,,,,133.2,100,133.3,155,,,,,,,,,,,,,,,,
2026-07-08T02:01:18.373276+00:00,2026-07-08T02:01:18.373134,2,2,133.0,0.4,132.8,110,132.7,100,,,,,,,,,,,,,,,,,133.2,100,133.3,155,,,,,,,,,,,,,,,,
2026-07-08T02:01:18.492278+00:00,2026-07-08T02:01:18.492528,2,2,133.0,0.4,132.8,110,132.7,100,,,,,,,,,,,,,,,,,133.2,100,133.3,150,,,,,,,,,,,,,,,,
2026-07-08T02:01:18.503054+00:00,2026-07-08T02:01:18.503274,2,2,133.0,0.4,132.8,110,132.7,100,,,,,,,,,,,,,,,,,133.2,100,133.3,155,,,,,,,,,,,,,,,,
2026-07-08T02:01:18.593905+00:00,2026-07-08T02:01:18.593821,1,1,133.05,0.5,132.8,110,,,,,,,,,,,,,,,,,,,133.3,155,,,,,,,,,,,,,,,,,,
2026-07-08T02:01:18.647809+00:00,2026-07-08T02:01:18.647732,2,1,133.1,0.4,132.9,100,132.8,110,,,,,,,,,,,,,,,,,133.3,155,,,,,,,,,,,,,,,,,,
2026-07-08T02:01:18.698531+00:00,2026-07-08T02:01:18.698415,2,2,133.1,0.4,132.9,100,132.8,110,,,,,,,,,,,,,,,,,133.3,155,133.4,100,,,,,,,,,,,,,,,,
2026-07-08T02:01:18.834889+00:00,2026-07-08T02:01:18.834827,2,2,133.1,0.4,132.9,100,132.8,100,,,,,,,,,,,,,,,,,133.3,155,133.4,100,,,,,,,,,,,,,,,,
2026-07-08T02:01:19.010019+00:00,2026-07-08T02:01:19.009972,2,2,133.1,0.4,132.9,100,132.8,100,,,,,,,,,,,,,,,,,133.3,150,133.4,100,,,,,,,,,,,,,,,,
2026-07-08T02:01:19.020482+00:00,2026-07-08T02:01:19.020386,2,2,133.1,0.4,132.9,100,132.8,100,,,,,,,,,,,,,,,,,133.3,155,133.4,100,,,,,,,,,,,,,,,,
2026-07-08T02:01:19.372326+00:00,2026-07-08T02:01:19.372265,2,2,133.1,0.4,132.9,57,132.8,100,,,,,,,,,,,,,,,,,133.3,155,133.4,100,,,,,,,,,,,,,,,,
2026-07-08T02:01:19.526889+00:00,2026-07-08T02:01:19.526810,2,2,133.1,0.4,132.9,57,132.8,100,,,,,,,,,,,,,,,,,133.3,150,133.4,100,,,,,,,,,,,,,,,,
2026-07-08T02:01:19.537261+00:00,2026-07-08T02:01:19.537224,2,2,133.1,0.4,132.9,57,132.8,100,,,,,,,,,,,,,,,,,133.3,155,133.4,100,,,,,,,,,,,,,,,,
2026-07-08T02:01:19.840575+00:00,2026-07-08T02:01:19.840529,2,2,133.1,0.4,132.9,57,132.8,100,,,,,,,,,,,,,,,,,133.3,108,133.4,100,,,,,,,,,,,,,,,,
2026-07-08T02:01:19.948299+00:00,2026-07-08T02:01:19.948198,1,2,133.1,0.4,132.9,57,,,,,,,,,,,,,,,,,,,133.3,5,133.4,100,,,,,,,,,,,,,,,,
2026-07-08T02:01:19.999989+00:00,2026-07-08T02:01:20.000120,2,2,133.1,0.4,132.9,57,132.8,150,,,,,,,,,,,,,,,,,133.3,5,133.4,100,,,,,,,,,,,,,,,,
2026-07-08T02:01:20.046071+00:00,2026-07-08T02:01:20.046005,2,1,133.15,0.5,132.9,57,132.8,150,,,,,,,,,,,,,,,,,133.4,100,,,,,,,,,,,,,,,,,,
2026-07-08T02:01:20.058901+00:00,2026-07-08T02:01:20.058772,2,2,133.05,0.3,132.9,57,132.8,150,,,,,,,,,,,,,,,,,133.2,150,133.4,100,,,,,,,,,,,,,,,,
2026-07-08T02:01:20.063913+00:00,2026-07-08T02:01:20.064068,2,2,133.05,0.3,132.9,57,132.8,150,,,,,,,,,,,,,,,,,133.2,150,133.4,105,,,,,,,,,,,,,,,,
2026-07-08T02:01:20.488463+00:00,2026-07-08T02:01:20.488324,2,2,133.05,0.3,132.9,7,132.8,150,,,,,,,,,,,,,,,,,133.2,150,133.4,105,,,,,,,,,,,,,,,,
