recv_time,book_timestamp,n_bids,n_asks,mid,spread,bid_px_0,bid_vol_0,bid_px_1,bid_vol_1,bid_px_2,bid_vol_2,bid_px_3,bid_vol_3,bid_px_4,bid_vol_4,bid_px_5,bid_vol_5,bid_px_6,bid_vol_6,bid_px_7,bid_vol_7,bid_px_8,bid_vol_8,bid_px_9,bid_vol_9,ask_px_0,ask_vol_0,ask_px_1,ask_vol_1,ask_px_2,ask_vol_2,ask_px_3,ask_vol_3,ask_px_4,ask_vol_4,ask_px_5,ask_vol_5,ask_px_6,ask_vol_6,ask_px_7,ask_vol_7,ask_px_8,ask_vol_8,ask_px_9,ask_vol_9
2026-07-07T15:00:00.547647+00:00,2026-07-07T15:00:00.547538,2,2,143.0,0.4,142.8,100,142.7,150,,,,,,,,,,,,,,,,,143.2,100,143.3,100,,,,,,,,,,,,,,,,
2026-07-07T15:00:00.569017+00:00,2026-07-07T15:00:00.547734,2,2,143.0,0.4,142.8,100,142.7,150,,,,,,,,,,,,,,,,,143.2,112,143.3,100,,,,,,,,,,,,,,,,
2026-07-07T15:00:01.578458+00:00,2026-07-07T15:00:01.599666,2,2,143.0,0.4,142.8,100,142.7,150,,,,,,,,,,,,,,,,,143.2,162,143.3,100,,,,,,,,,,,,,,,,
2026-07-07T15:00:02.390894+00:00,2026-07-07T15:00:02.391377,2,1,142.95,0.5,142.7,150,142.4,100,,,,,,,,,,,,,,,,,143.2,162,,,,,,,,,,,,,,,,,,
2026-07-07T15:00:02.462919+00:00,2026-07-07T15:00:02.444182,2,2,142.8,0.2,142.7,150,142.4,100,,,,,,,,,,,,,,,,,142.9,100,143.2,162,,,,,,,,,,,,,,,,
2026-07-07T15:00:03.064053+00:00,2026-07-07T15:00:03.064206,2,3,142.8,0.2,142.7,150,142.4,100,,,,,,,,,,,,,,,,,142.9,100,143.1,12,143.2,150,,,,,,,,,,,,,,
2026-07-07T15:00:04.218385+00:00,2026-07-07T15:00:04.210790,2,3,142.8,0.2,142.7,150,142.4,100,,,,,,,,,,,,,,,,,142.9,50,143.1,12,143.2,150,,,,,,,,,,,,,,
2026-07-07T15:00:04.328306+00:00,2026-07-07T15:00:04.318426,2,2,142.8,0.2,142.7,150,142.4,100,,,,,,,,,,,,,,,,,142.9,50,143.2,162,,,,,,,,,,,,,,,,
2026-07-07T15:00:04.664727+00:00,2026-07-07T15:00:04.664662,1,2,142.65,0.5,142.4,100,,,,,,,,,,,,,,,,,,,142.9,50,143.2,12,,,,,,,,,,,,,,,,
2026-07-07T15:00:04.718998+00:00,2026-07-07T15:00:04.718872,2,2,142.8,0.2,142.7,150,142.4,100,,,,,,,,,,,,,,,,,142.9,50,143.2,12,,,,,,,,,,,,,,,,
2026-07-07T15:00:04.773434+00:00,2026-07-07T15:00:04.773352,2,2,142.8,0.2,142.7,150,142.4,100,,,,,,,,,,,,,,,,,142.9,50,143.2,162,,,,,,,,,,,,,,,,
2026-07-07T15:00:05.258658+00:00,2026-07-07T15:00:05.256425,2,2,142.8,0.2,142.7,107,142.4,100,,,,,,,,,,,,,,,,,142.9,50,143.2,162,,,,,,,,,,,,,,,,
2026-07-07T15:00:05.508419+00:00,2026-07-07T15:00:05.508361,1,1,142.95,0.5,142.7,107,,,,,,,,,,,,,,,,,,,143.2,162,,,,,,,,,,,,,,,,,,
2026-07-07T15:00:05.565403+00:00,2026-07-07T15:00:05.565328,1,1,142.95,0.5,142.7,207,,,,,,,,,,,,,,,,,,,143.2,162,,,,,,,,,,,,,,,,,,
2026-07-07T15:00:05.616960+00:00,2026-07-07T15:00:05.616847,1,1,142.95,0.5,142.7,207,,,,,,,,,,,,,,,,,,,143.2,262,,,,,,,,,,,,,,,,,,
2026-07-07T15:00:06.330220+00:00,2026-07-07T15:00:06.330311,1,1,142.95,0.5,142.7,207,,,,,,,,,,,,,,,,,,,143.2,212,,,,,,,,,,,,,,,,,,
2026-07-07T15:00:07.093116+00:00,2026-07-07T15:00:07.093045,2,1,143.0,0.4,142.8,12,142.7,207,,,,,,,,,,,,,,,,,143.2,212,,,,,,,,,,,,,,,,,,
2026-07-07T15:00:07.098136+00:00,2026-07-07T15:00:07.098244,2,2,143.0,0.4,142.8,12,142.7,207,,,,,,,,,,,,,,,,,143.2,212,143.4,12,,,,,,,,,,,,,,,,
2026-07-07T15:00:07.205844+00:00,2026-07-07T15:00:07.205961,1,2,142.95,0.5,142.7,170,,,,,,,,,,,,,,,,,,,143.2,212,143.4,12,,,,,,,,,,,,,,,,
2026-07-07T15:00:07.782029+00:00,2026-07-07T15:00:07.782004,1,2,142.95,0.5,142.7,170,,,,,,,,,,,,,,,,,,,143.2,167,143.4,12,,,,,,,,,,,,,,,,
2026-07-07T15:00:07.825393+00:00,2026-07-07T15:00:07.825319,1,2,142.95,0.5,142.7,100,,,,,,,,,,,,,,,,,,,143.2,100,143.4,12,,,,,,,,,,,,,,,,
2026-07-07T15:00:07.876273+00:00,2026-07-07T15:00:07.876167,2,2,143.05,0.3,142.9,150,142.7,100,,,,,,,,,,,,,,,,,143.2,100,143.4,12,,,,,,,,,,,,,,,,
2026-07-07T15:00:07.934617+00:00,2026-07-07T15:00:07.934722,2,2,143.05,0.3,142.9,150,142.7,100,,,,,,,,,,,,,,,,,143.2,100,143.4,162,,,,,,,,,,,,,,,,
2026-07-07T15:00:08.114071+00:00,2026-07-07T15:00:08.113893,2,2,143.05,0.3,142.9,150,142.7,100,,,,,,,,,,,,,,,,,143.2,100,143.4,150,,,,,,,,,,,,,,,,
2026-07-07T15:00:08.175208+00:00,2026-07-07T15:00:08.147858,2,2,143.05,0.3,142.9,150,142.7,100,,,,,,,,,,,,,,,,,143.2,100,143.4,162,,,,,,,,,,,,,,,,
2026-07-07T15:00:08.437448+00:00,2026-07-07T15:00:08.437642,2,2,143.05,0.3,142.9,150,142.7,100,,,,,,,,,,,,,,,,,143.2,50,143.4,162,,,,,,,,,,,,,,,,
2026-07-07T15:00:08.675586+00:00,2026-07-07T15:00:08.675527,1,1,143.15,0.5,142.9,150,,,,,,,,,,,,,,,,,,,143.4,162,,,,,,,,,,,,,,,,,,
2026-07-07T15:00:08.758597+00:00,2026-07-07T15:00:08.755911,2,1,143.2,0.4,143.0,100,142.9,150,,,,,,,,,,,,,,,,,143.4,162,,,,,,,,,,,,,,,,,,
2026-07-07T15:00:08.824574+00:00,2026-07-07T15:00:08.824447,2,2,143.2,0.4,143.0,100,142.9,150,,,,,,,,,,,,,,,,,143.4,162,143.5,100,,,,,,,,,,,,,,,,
2026-07-07T15:00:09.163949+00:00,2026-07-07T15:00:09.163828,2,2,143.2,0.4,143.0,59,142.9,150,,,,,,,,,,,,,,,,,143.4,162,143.5,100,,,,,,,,,,,,,,,,
2026-07-07T15:00:10.918283+00:00,2026-07-07T15:00:10.918216,2,2,143.2,0.4,143.0,59,142.9,150,,,,,,,,,,,,,,,,,143.4,150,143.5,112,,,,,,,,,,,,,,,,
2026-07-07T15:00:10.991704+00:00,2026-07-07T15:00:10.991593,1,1,143.25,0.5,143.0,59,,,,,,,,,,,,,,,,,,,143.5,112,,,,,,,,,,,,,,,,,,
2026-07-07T15:00:11.046456+00:00,2026-07-07T15:00:11.046392,2,1,143.3,0.4,143.1,150,143.0,59,,,,,,,,,,,,,,,,,143.5,112,,,,,,,,,,,,,,,,,,
2026-07-07T15:00:11.100242+00:00,2026-07-07T15:00:11.100139,2,2,143.3,0.4,143.1,150,143.0,59,,,,,,,,,,,,,,,,,143.5,112,143.6,150,,,,,,,,,,,,,,,,
2026-07-07T15:00:11.275127+00:00,2026-07-07T15:00:11.275009,2,2,143.3,0.4,143.1,150,143.0,59,,,,,,,,,,,,,,,,,143.5,72,143.6,150,,,,,,,,,,,,,,,,
2026-07-07T15:00:11.858579+00:00,2026-07-07T15:00:11.853312,2,2,143.3,0.4,143.1,104,143.0,59,,,,,,,,,,,,,,,,,143.5,72,143.6,150,,,,,,,,,,,,,,,,
2026-07-07T15:00:11.877289+00:00,2026-07-07T15:00:11.877173,1,2,143.3,0.4,143.1,104,,,,,,,,,,,,,,,,,,,143.5,12,143.6,150,,,,,,,,,,,,,,,,
2026-07-07T15:00:11.931991+00:00,2026-07-07T15:00:11.932172,1,2,143.3,0.4,143.1,204,,,,,,,,,,,,,,,,,,,143.5,12,143.6,150,,,,,,,,,,,,,,,,
2026-07-07T15:00:11.985312+00:00,2026-07-07T15:00:11.985188,1,2,143.3,0.4,143.1,204,,,,,,,,,,,,,,,,,,,143.5,12,143.6,250,,,,,,,,,,,,,,,,
2026-07-07T15:00:12.714128+00:00,2026-07-07T15:00:12.714272,1,2,143.3,0.4,143.1,154,,,,,,,,,,,,,,,,,,,143.5,12,143.6,250,,,,,,,,,,,,,,,,
2026-07-07T15:00:14.163653+00:00,2026-07-07T15:00:14.163795,1,2,143.3,0.4,143.1,100,,,,,,,,,,,,,,,,,,,143.5,12,143.6,100,,,,,,,,,,,,,,,,
2026-07-07T15:00:14.205920+00:00,2026-07-07T15:00:14.206026,2,2,143.3,0.4,143.1,100,142.7,150,,,,,,,,,,,,,,,,,143.5,12,143.6,100,,,,,,,,,,,,,,,,
2026-07-07T15:00:14.258681+00:00,2026-07-07T15:00:14.255624,2,3,143.15,0.1,143.1,100,142.7,150,,,,,,,,,,,,,,,,,143.2,150,143.5,12,143.6,100,,,,,,,,,,,,,,
2026-07-07T15:00:14.344394+00:00,2026-07-07T15:00:14.344345,2,3,143.15,0.1,143.1,100,142.7,150,,,,,,,,,,,,,,,,,143.2,104,143.5,12,143.6,100,,,,,,,,,,,,,,
2026-07-07T15:00:14.858573+00:00,2026-07-07T15:00:14.850079,2,3,143.15,0.1,143.1,50,142.7,150,,,,,,,,,,,,,,,,,143.2,104,143.5,12,143.6,100,,,,,,,,,,,,,,
2026-07-07T15:00:15.039830+00:00,2026-07-07T15:00:15.039746,2,2,143.15,0.1,143.1,50,142.7,150,,,,,,,,,,,,,,,,,143.2,104,143.5,12,,,,,,,,,,,,,,,,
2026-07-07T15:00:15.045042+00:00,2026-07-07T15:00:15.044964,1,2,142.95,0.5,142.7,150,,,,,,,,,,,,,,,,,,,143.2,104,143.5,12,,,,,,,,,,,,,,,,
2026-07-07T15:00:15.098401+00:00,2026-07-07T15:00:15.098237,2,2,143.1,0.2,143.0,100,142.7,150,,,,,,,,,,,,,,,,,143.2,104,143.5,12,,,,,,,,,,,,,,,,
2026-07-07T15:00:15.148496+00:00,2026-07-07T15:00:15.158665,2,2,143.1,0.2,143.0,100,142.7,150,,,,,,,,,,,,,,,,,143.2,104,143.5,112,,,,,,,,,,,,,,,,
2026-07-07T15:00:15.340012+00:00,2026-07-07T15:00:15.339931,2,2,143.1,0.2,143.0,100,142.7,150,,,,,,,,,,,,,,,,,143.2,63,143.5,112,,,,,,,,,,,,,,,,
2026-07-07T15:00:15.401508+00:00,2026-07-07T15:00:15.401400,2,2,143.1,0.2,143.0,57,142.7,150,,,,,,,,,,,,,,,,,143.2,63,143.5,112,,,,,,,,,,,,,,,,
2026-07-07T15:00:16.908707+00:00,2026-07-07T15:00:16.908627,2,2,143.1,0.2,143.0,57,142.7,150,,,,,,,,,,,,,,,,,143.2,13,143.5,112,,,,,,,,,,,,,,,,
2026-07-07T15:00:17.316087+00:00,2026-07-07T15:00:17.315985,1,1,143.25,0.5,143.0,57,,,,,,,,,,,,,,,,,,,143.5,112,,,,,,,,,,,,,,,,,,
2026-07-07T15:00:17.371416+00:00,2026-07-07T15:00:17.371538,2,1,143.4,0.2,143.3,150,143.0,57,,,,,,,,,,,,,,,,,143.5,112,,,,,,,,,,,,,,,,,,
2026-07-07T15:00:17.421225+00:00,2026-07-07T15:00:17.421089,2,2,143.4,0.2,143.3,150,143.0,57,,,,,,,,,,,,,,,,,143.5,112,143.8,150,,,,,,,,,,,,,,,,
2026-07-07T15:00:17.441810+00:00,2026-07-07T15:00:17.441697,2,3,143.4,0.2,143.3,150,143.0,57,,,,,,,,,,,,,,,,,143.5,100,143.6,12,143.8,150,,,,,,,,,,,,,,
2026-07-07T15:00:17.469892+00:00,2026-07-07T15:00:17.463068,2,3,143.4,0.2,143.3,138,143.0,57,,,,,,,,,,,,,,,,,143.5,100,143.6,12,143.8,150,,,,,,,,,,,,,,
2026-07-07T15:00:25.654090+00:00,2026-07-07T15:00:25.646912,2,2,143.15,0.1,143.1,88,142.7,100,,,,,,,,,,,,,,,,,143.2,21,143.6,150,,,,,,,,,,,,,,,,
2026-07-07T15:00:26.657636+00:00,2026-07-07T15:00:26.651167,2,2,143.15,0.1,143.1,76,142.7,100,,,,,,,,,,,,,,,,,143.2,21,143.6,150,,,,,,,,,,,,,,,,
2026-07-07T15:00:26.812362+00:00,2026-07-07T15:00:26.812308,1,1,142.95,0.5,142.7,100,,,,,,,,,,,,,,,,,,,143.2,21,,,,,,,,,,,,,,,,,,
2026-07-07T15:00:26.867211+00:00,2026-07-07T15:00:26.867142,2,1,142.95,0.5,142.7,100,142.5,150,,,,,,,,,,,,,,,,,143.2,21,,,,,,,,,,,,,,,,,,
2026-07-07T15:00:26.920216+00:00,2026-07-07T15:00:26.920110,2,2,142.85,0.3,142.7,100,142.5,150,,,,,,,,,,,,,,,,,143.0,150,143.2,21,,,,,,,,,,,,,,,,
2026-07-07T15:00:26.987822+00:00,2026-07-07T15:00:26.988000,2,3,142.85,0.3,142.7,100,142.5,150,,,,,,,,,,,,,,,,,143.0,150,143.1,12,143.2,9,,,,,,,,,,,,,,
2026-07-07T15:00:27.511335+00:00,2026-07-07T15:00:27.511269,2,3,142.85,0.3,142.7,100,142.5,150,,,,,,,,,,,,,,,,,143.0,100,143.1,12,143.2,9,,,,,,,,,,,,,,
2026-07-07T15:00:27.730682+00:00,2026-07-07T15:00:27.730584,2,2,142.85,0.3,142.7,100,142.5,150,,,,,,,,,,,,,,,,,143.0,100,143.1,12,,,,,,,,,,,,,,,,
2026-07-07T15:00:27.735913+00:00,2026-07-07T15:00:27.735793,1,2,142.75,0.5,142.5,150,,,,,,,,,,,,,,,,,,,143.0,100,143.1,12,,,,,,,,,,,,,,,,
2026-07-07T15:00:27.788270+00:00,2026-07-07T15:00:27.788121,2,2,142.85,0.3,142.7,100,142.5,150,,,,,,,,,,,,,,,,,143.0,100,143.1,12,,,,,,,,,,,,,,,,
2026-07-07T15:00:27.838347+00:00,2026-07-07T15:00:27.838268,2,3,142.85,0.3,142.7,100,142.5,150,,,,,,,,,,,,,,,,,143.0,100,143.1,12,143.2,100,,,,,,,,,,,,,,
2026-07-07T15:00:27.963101+00:00,2026-07-07T15:00:27.957182,2,3,142.85,0.3,142.7,100,142.5,150,,,,,,,,,,,,,,,,,143.0,88,143.1,12,143.2,100,,,,,,,,,,,,,,
2026-07-07T15:00:29.620294+00:00,2026-07-07T15:00:29.620217,2,3,142.85,0.3,142.7,100,142.5,150,,,,,,,,,,,,,,,,,143.0,38,143.1,12,143.2,100,,,,,,,,,,,,,,
2026-07-07T15:00:29.973688+00:00,2026-07-07T15:00:29.973613,1,2,142.9,0.4,142.7,100,,,,,,,,,,,,,,,,,,,143.1,12,143.2,100,,,,,,,,,,,,,,,,
2026-07-07T15:00:30.038302+00:00,2026-07-07T15:00:30.038238,2,1,143.15,0.1,143.1,138,142.7,100,,,,,,,,,,,,,,,,,143.2,100,,,,,,,,,,,,,,,,,,
2026-07-07T15:00:30.096639+00:00,2026-07-07T15:00:30.096443,2,2,143.15,0.1,143.1,138,142.7,100,,,,,,,,,,,,,,,,,143.2,100,143.6,150,,,,,,,,,,,,,,,,
2026-07-07T15:00:30.898108+00:00,2026-07-07T15:00:30.897935,1,1,143.35,0.5,143.1,138,,,,,,,,,,,,,,,,,,,143.6,150,,,,,,,,,,,,,,,,,,
2026-07-07T15:00:30.952630+00:00,2026-07-07T15:00:30.952843,2,1,143.35,0.5,143.1,138,142.9,100,,,,,,,,,,,,,,,,,143.6,150,,,,,,,,,,,,,,,,,,
2026-07-07T15:00:31.008178+00:00,2026-07-07T15:00:31.008039,2,2,143.25,0.3,143.1,138,142.9,100,,,,,,,,,,,,,,,,,143.4,100,143.6,150,,,,,,,,,,,,,,,,
2026-07-07T15:00:31.752943+00:00,2026-07-07T15:00:31.752777,2,2,143.25,0.3,143.1,138,142.9,100,,,,,,,,,,,,,,,,,143.4,50,143.6,150,,,,,,,,,,,,,,,,
2026-07-07T15:00:31.923375+00:00,2026-07-07T15:00:31.916791,2,2,143.25,0.3,143.1,126,142.9,100,,,,,,,,,,,,,,,,,143.4,50,143.6,150,,,,,,,,,,,,,,,,
2026-07-07T15:00:32.158743+00:00,2026-07-07T15:00:32.158647,3,2,143.25,0.3,143.1,126,142.9,100,142.8,12,,,,,,,,,,,,,,,143.4,50,143.6,150,,,,,,,,,,,,,,,,
2026-07-07T15:00:32.164141+00:00,2026-07-07T15:00:32.163957,3,3,143.2,0.2,143.1,126,142.9,100,142.8,12,,,,,,,,,,,,,,,143.3,12,143.4,50,143.6,150,,,,,,,,,,,,,,
2026-07-07T15:00:33.158852+00:00,2026-07-07T15:00:33.158711,2,2,143.1,0.4,142.9,100,142.8,12,,,,,,,,,,,,,,,,,143.3,12,143.4,50,,,,,,,,,,,,,,,,
2026-07-07T15:00:33.209780+00:00,2026-07-07T15:00:33.209696,2,2,143.1,0.4,142.9,250,142.8,12,,,,,,,,,,,,,,,,,143.3,12,143.4,50,,,,,,,,,,,,,,,,
2026-07-07T15:00:33.215118+00:00,2026-07-07T15:00:33.214971,2,2,143.1,0.4,142.9,201,142.8,12,,,,,,,,,,,,,,,,,143.3,12,143.4,50,,,,,,,,,,,,,,,,
2026-07-07T15:00:33.265651+00:00,2026-07-07T15:00:33.265571,2,2,143.1,0.4,142.9,201,142.8,12,,,,,,,,,,,,,,,,,143.3,12,143.4,200,,,,,,,,,,,,,,,,
2026-07-07T15:00:33.806330+00:00,2026-07-07T15:00:33.806301,2,2,143.1,0.4,142.9,154,142.8,12,,,,,,,,,,,,,,,,,143.3,12,143.4,200,,,,,,,,,,,,,,,,
2026-07-07T15:00:33.858610+00:00,2026-07-07T15:00:33.853880,2,1,143.15,0.5,142.9,154,142.8,12,,,,,,,,,,,,,,,,,143.4,162,,,,,,,,,,,,,,,,,,
2026-07-07T15:00:34.058573+00:00,2026-07-07T15:00:34.056195,2,1,143.15,0.5,142.9,150,142.8,12,,,,,,,,,,,,,,,,,143.4,150,,,,,,,,,,,,,,,,,,
2026-07-07T15:00:34.118794+00:00,2026-07-07T15:00:34.118706,2,1,143.15,0.5,142.9,150,142.8,112,,,,,,,,,,,,,,,,,143.4,150,,,,,,,,,,,,,,,,,,
2026-07-07T15:00:34.169183+00:00,2026-07-07T15:00:34.169332,2,2,143.1,0.4,142.9,150,142.8,112,,,,,,,,,,,,,,,,,143.3,100,143.4,150,,,,,,,,,,,,,,,,
2026-07-07T15:00:34.927829+00:00,2026-07-07T15:00:34.927761,2,2,143.1,0.4,142.9,162,142.8,100,,,,,,,,,,,,,,,,,143.3,100,143.4,150,,,,,,,,,,,,,,,,
2026-07-07T15:00:34.932857+00:00,2026-07-07T15:00:34.932961,2,3,143.05,0.3,142.9,162,142.8,100,,,,,,,,,,,,,,,,,143.2,12,143.3,100,143.4,150,,,,,,,,,,,,,,
2026-07-07T15:00:35.966100+00:00,2026-07-07T15:00:35.965977,2,2,143.1,0.4,142.9,162,142.8,100,,,,,,,,,,,,,,,,,143.3,62,143.4,150,,,,,,,,,,,,,,,,
2026-07-07T15:00:36.320522+00:00,2026-07-07T15:00:36.320418,2,1,143.1,0.4,142.9,12,142.8,100,,,,,,,,,,,,,,,,,143.3,62,,,,,,,,,,,,,,,,,,
2026-07-07T15:00:36.376554+00:00,2026-07-07T15:00:36.376452,2,1,143.1,0.4,142.9,162,142.8,100,,,,,,,,,,,,,,,,,143.3,62,,,,,,,,,,,,,,,,,,
2026-07-07T15:00:36.444676+00:00,2026-07-07T15:00:36.444641,2,2,143.1,0.4,142.9,162,142.8,100,,,,,,,,,,,,,,,,,143.3,13,143.4,150,,,,,,,,,,,,,,,,
2026-07-07T15:00:37.229073+00:00,2026-07-07T15:00:37.229237,1,1,143.15,0.5,142.9,162,,,,,,,,,,,,,,,,,,,143.4,150,,,,,,,,,,,,,,,,,,
2026-07-07T15:00:37.280805+00:00,2026-07-07T15:00:37.280649,2,1,143.2,0.4,143.0,100,142.9,162,,,,,,,,,,,,,,,,,143.4,150,,,,,,,,,,,,,,,,,,
2026-07-07T15:00:37.334752+00:00,2026-07-07T15:00:37.334612,2,2,143.2,0.4,143.0,100,142.9,162,,,,,,,,,,,,,,,,,143.4,150,143.5,100,,,,,,,,,,,,,,,,
2026-07-07T15:00:38.076198+00:00,2026-07-07T15:00:38.076033,2,2,143.2,0.4,143.0,100,142.9,162,,,,,,,,,,,,,,,,,143.4,100,143.5,100,,,,,,,,,,,,,,,,
2026-07-07T15:00:39.495031+00:00,2026-07-07T15:00:39.494940,2,1,143.25,0.5,143.0,100,142.9,162,,,,,,,,,,,,,,,,,143.5,100,,,,,,,,,,,,,,,,,,
2026-07-07T15:00:39.500250+00:00,2026-07-07T15:00:39.500131,2,1,143.25,0.5,143.0,100,142.9,12,,,,,,,,,,,,,,,,,143.5,100,,,,,,,,,,,,,,,,,,
2026-07-07T15:00:39.552393+00:00,2026-07-07T15:00:39.552352,2,1,143.25,0.5,143.0,250,142.9,12,,,,,,,,,,,,,,,,,143.5,100,,,,,,,,,,,,,,,,,,
2026-07-07T15:00:39.611792+00:00,2026-07-07T15:00:39.611662,2,1,143.25,0.5,143.0,250,142.9,12,,,,,,,,,,,,,,,,,143.5,250,,,,,,,,,,,,,,,,,,
2026-07-07T15:00:39.705185+00:00,2026-07-07T15:00:39.705083,2,1,143.25,0.5,143.0,250,142.8,12,,,,,,,,,,,,,,,,,143.5,250,,,,,,,,,,,,,,,,,,
2026-07-07T15:00:39.710329+00:00,2026-07-07T15:00:39.710279,2,2,143.2,0.4,143.0,250,142.8,12,,,,,,,,,,,,,,,,,143.4,12,143.5,250,,,,,,,,,,,,,,,,
2026-07-07T15:00:39.780998+00:00,2026-07-07T15:00:39.781109,2,2,143.2,0.4,143.0,203,142.8,12,,,,,,,,,,,,,,,,,143.4,12,143.5,250,,,,,,,,,,,,,,,,
2026-07-07T15:00:40.390155+00:00,2026-07-07T15:00:40.390081,2,2,143.2,0.4,143.0,203,142.8,12,,,,,,,,,,,,,,,,,143.4,12,143.5,150,,,,,,,,,,,,,,,,
2026-07-07T15:00:40.395470+00:00,2026-07-07T15:00:40.395281,2,2,143.2,0.4,143.0,150,142.8,12,,,,,,,,,,,,,,,,,143.4,12,143.5,150,,,,,,,,,,,,,,,,
2026-07-07T15:00:40.448750+00:00,2026-07-07T15:00:40.448633,3,2,143.2,0.4,143.0,150,142.8,12,142.7,100,,,,,,,,,,,,,,,143.4,12,143.5,150,,,,,,,,,,,,,,,,
2026-07-07T15:00:40.496960+00:00,2026-07-07T15:00:40.496918,3,3,143.1,0.2,143.0,150,142.8,12,142.7,100,,,,,,,,,,,,,,,143.2,100,143.4,12,143.5,150,,,,,,,,,,,,,,
2026-07-07T15:00:40.718116+00:00,2026-07-07T15:00:40.718045,2,2,143.1,0.2,143.0,150,142.7,100,,,,,,,,,,,,,,,,,143.2,100,143.5,150,,,,,,,,,,,,,,,,
2026-07-07T15:00:40.723405+00:00,2026-07-07T15:00:40.723299,2,3,143.05,0.1,143.0,150,142.7,112,,,,,,,,,,,,,,,,,143.1,12,143.2,100,143.5,150,,,,,,,,,,,,,,
2026-07-07T15:00:41.186040+00:00,2026-07-07T15:00:41.179539,2,3,143.05,0.1,143.0,139,142.7,112,,,,,,,,,,,,,,,,,143.1,12,143.2,100,143.5,150,,,,,,,,,,,,,,
2026-07-07T15:00:41.852905+00:00,2026-07-07T15:00:41.853011,2,2,143.1,0.2,143.0,139,142.7,112,,,,,,,,,,,,,,,,,143.2,67,143.5,150,,,,,,,,,,,,,,,,
2026-07-07T15:00:42.317720+00:00,2026-07-07T15:00:42.317610,2,2,143.1,0.2,143.0,139,142.7,112,,,,,,,,,,,,,,,,,143.2,17,143.5,150,,,,,,,,,,,,,,,,
2026-07-07T15:00:42.664704+00:00,2026-07-07T15:00:42.664643,1,1,142.95,0.5,142.7,112,,,,,,,,,,,,,,,,,,,143.2,17,,,,,,,,,,,,,,,,,,
2026-07-07T15:00:42.718744+00:00,2026-07-07T15:00:42.718580,2,1,143.05,0.3,142.9,150,142.7,112,,,,,,,,,,,,,,,,,143.2,17,,,,,,,,,,,,,,,,,,
2026-07-07T15:00:42.774165+00:00,2026-07-07T15:00:42.774294,2,2,143.05,0.3,142.9,150,142.7,112,,,,,,,,,,,,,,,,,143.2,17,143.4,150,,,,,,,,,,,,,,,,
2026-07-07T15:00:43.555370+00:00,2026-07-07T15:00:43.555317,2,1,143.15,0.5,142.9,150,142.7,12,,,,,,,,,,,,,,,,,143.4,150,,,,,,,,,,,,,,,,,,
2026-07-07T15:00:43.611180+00:00,2026-07-07T15:00:43.611084,2,1,143.15,0.5,142.9,250,142.7,12,,,,,,,,,,,,,,,,,143.4,150,,,,,,,,,,,,,,,,,,
2026-07-07T15:00:43.665507+00:00,2026-07-07T15:00:43.665381,2,1,143.15,0.5,142.9,250,142.7,12,,,,,,,,,,,,,,,,,143.4,250,,,,,,,,,,,,,,,,,,
2026-07-07T15:00:43.739814+00:00,2026-07-07T15:00:43.739753,1,1,143.15,0.5,142.9,250,,,,,,,,,,,,,,,,,,,143.4,250,,,,,,,,,,,,,,,,,,
2026-07-07T15:00:43.744835+00:00,2026-07-07T15:00:43.745014,2,2,143.1,0.4,142.9,250,142.7,12,,,,,,,,,,,,,,,,,143.3,12,143.4,250,,,,,,,,,,,,,,,,
2026-07-07T15:00:44.464652+00:00,2026-07-07T15:00:44.464097,2,1,143.15,0.5,142.9,250,142.7,12,,,,,,,,,,,,,,,,,143.4,212,,,,,,,,,,,,,,,,,,
2026-07-07T15:00:44.892759+00:00,2026-07-07T15:00:44.892685,2,1,143.15,0.5,142.9,208,142.7,12,,,,,,,,,,,,,,,,,143.4,212,,,,,,,,,,,,,,,,,,
2026-07-07T15:00:45.258562+00:00,2026-07-07T15:00:45.258109,2,2,143.1,0.4,142.9,208,142.6,12,,,,,,,,,,,,,,,,,143.3,12,143.4,212,,,,,,,,,,,,,,,,
2026-07-07T15:00:45.825686+00:00,2026-07-07T15:00:45.825612,2,2,143.1,0.4,142.9,100,142.6,12,,,,,,,,,,,,,,,,,143.3,12,143.4,100,,,,,,,,,,,,,,,,
2026-07-07T15:00:45.881223+00:00,2026-07-07T15:00:45.881169,3,2,143.1,0.4,142.9,100,142.8,150,142.6,12,,,,,,,,,,,,,,,143.3,12,143.4,100,,,,,,,,,,,,,,,,
2026-07-07T15:00:45.933282+00:00,2026-07-07T15:00:45.933195,3,2,143.1,0.4,142.9,100,142.8,150,142.6,12,,,,,,,,,,,,,,,143.3,162,143.4,100,,,,,,,,,,,,,,,,
2026-07-07T15:00:46.394046+00:00,2026-07-07T15:00:46.387998,3,2,143.1,0.4,142.9,88,142.8,150,142.6,12,,,,,,,,,,,,,,,143.3,162,143.4,100,,,,,,,,,,,,,,,,
2026-07-07T15:00:46.537420+00:00,2026-07-07T15:00:46.537386,3,2,143.1,0.4,142.9,88,142.8,150,142.6,12,,,,,,,,,,,,,,,143.3,112,143.4,100,,,,,,,,,,,,,,,,
2026-07-07T15:00:46.722273+00:00,2026-07-07T15:00:46.722147,2,1,143.05,0.5,142.8,150,142.6,12,,,,,,,,,,,,,,,,,143.3,112,,,,,,,,,,,,,,,,,,
2026-07-07T15:00:46.779442+00:00,2026-07-07T15:00:46.779402,3,1,143.05,0.5,142.8,150,142.7,100,142.6,12,,,,,,,,,,,,,,,143.3,112,,,,,,,,,,,,,,,,,,
2026-07-07T15:00:46.833999+00:00,2026-07-07T15:00:46.833809,3,2,143.0,0.4,142.8,150,142.7,100,142.6,12,,,,,,,,,,,,,,,143.2,100,143.3,112,,,,,,,,,,,,,,,,
2026-07-07T15:00:47.030808+00:00,2026-07-07T15:00:47.030770,2,2,143.0,0.4,142.8,150,142.7,112,,,,,,,,,,,,,,,,,143.2,100,143.3,112,,,,,,,,,,,,,,,,
2026-07-07T15:00:47.036106+00:00,2026-07-07T15:00:47.036006,2,3,142.95,0.3,142.8,150,142.7,112,,,,,,,,,,,,,,,,,143.1,12,143.2,100,143.3,112,,,,,,,,,,,,,,
2026-07-07T15:00:48.706225+00:00,2026-07-07T15:00:48.706107,2,3,142.95,0.3,142.8,100,142.7,112,,,,,,,,,,,,,,,,,143.1,12,143.2,100,143.3,112,,,,,,,,,,,,,,
2026-07-07T15:00:48.985482+00:00,2026-07-07T15:00:48.985405,2,2,142.95,0.3,142.8,100,142.7,112,,,,,,,,,,,,,,,,,143.1,12,143.2,100,,,,,,,,,,,,,,,,
2026-07-07T15:00:48.990495+00:00,2026-07-07T15:00:48.990589,1,2,142.9,0.4,142.7,112,,,,,,,,,,,,,,,,,,,143.1,12,143.2,100,,,,,,,,,,,,,,,,
2026-07-07T15:00:49.011240+00:00,2026-07-07T15:00:49.005075,1,1,142.95,0.5,142.7,112,,,,,,,,,,,,,,,,,,,143.2,100,,,,,,,,,,,,,,,,,,
2026-07-07T15:00:49.042876+00:00,2026-07-07T15:00:49.042842,2,1,143.0,0.4,142.8,150,142.7,100,,,,,,,,,,,,,,,,,143.2,100,,,,,,,,,,,,,,,,,,
2026-07-07T15:00:49.048154+00:00,2026-07-07T15:00:49.048063,2,1,143.0,0.4,142.8,162,142.7,100,,,,,,,,,,,,,,,,,143.2,112,,,,,,,,,,,,,,,,,,
2026-07-07T15:00:49.097096+00:00,2026-07-07T15:00:49.097002,2,2,143.0,0.4,142.8,162,142.7,100,,,,,,,,,,,,,,,,,143.2,112,143.3,150,,,,,,,,,,,,,,,,
2026-07-07T15:00:49.920961+00:00,2026-07-07T15:00:49.920840,1,2,143.0,0.4,142.8,162,,,,,,,,,,,,,,,,,,,143.2,12,143.3,150,,,,,,,,,,,,,,,,
2026-07-07T15:00:49.982960+00:00,2026-07-07T15:00:49.982890,2,1,143.25,0.1,143.2,88,142.8,162,,,,,,,,,,,,,,,,,143.3,150,,,,,,,,,,,,,,,,,,
2026-07-07T15:00:50.039697+00:00,2026-07-07T15:00:50.039635,2,2,143.25,0.1,143.2,88,142.8,162,,,,,,,,,,,,,,,,,143.3,150,143.7,100,,,,,,,,,,,,,,,,
2026-07-07T15:00:50.055211+00:00,2026-07-07T15:00:50.056688,3,2,143.25,0.1,143.2,88,143.0,12,142.8,150,,,,,,,,,,,,,,,143.3,150,143.7,100,,,,,,,,,,,,,,,,
2026-07-07T15:00:50.068993+00:00,2026-07-07T15:00:50.068959,3,2,143.25,0.1,143.2,88,143.0,12,142.8,150,,,,,,,,,,,,,,,143.3,162,143.7,100,,,,,,,,,,,,,,,,
2026-07-07T15:00:50.813203+00:00,2026-07-07T15:00:50.813068,3,2,143.25,0.1,143.2,38,143.0,12,142.8,150,,,,,,,,,,,,,,,143.3,162,143.7,100,,,,,,,,,,,,,,,,
2026-07-07T15:00:52.158663+00:00,2026-07-07T15:00:52.152034,2,2,143.25,0.1,143.2,38,143.0,12,,,,,,,,,,,,,,,,,143.3,12,143.7,100,,,,,,,,,,,,,,,,
2026-07-07T15:00:52.206747+00:00,2026-07-07T15:00:52.206715,3,2,143.25,0.1,143.2,38,143.1,150,143.0,12,,,,,,,,,,,,,,,143.3,12,143.7,100,,,,,,,,,,,,,,,,
2026-07-07T15:00:52.258703+00:00,2026-07-07T15:00:52.258573,3,3,143.25,0.1,143.2,38,143.1,150,143.0,12,,,,,,,,,,,,,,,143.3,12,143.6,150,143.7,100,,,,,,,,,,,,,,
2026-07-07T15:00:52.931085+00:00,2026-07-07T15:00:52.930982,2,3,143.2,0.2,143.1,138,143.0,12,,,,,,,,,,,,,,,,,143.3,12,143.6,150,143.7,100,,,,,,,,,,,,,,
2026-07-07T15:00:53.094618+00:00,2026-07-07T15:00:53.094540,2,2,143.2,0.2,143.1,138,143.0,12,,,,,,,,,,,,,,,,,143.3,12,143.6,150,,,,,,,,,,,,,,,,
2026-07-07T15:00:53.148127+00:00,2026-07-07T15:00:53.148226,3,2,143.2,0.2,143.1,138,143.0,12,142.8,100,,,,,,,,,,,,,,,143.3,12,143.6,150,,,,,,,,,,,,,,,,
2026-07-07T15:00:53.201188+00:00,2026-07-07T15:00:53.201079,3,2,143.2,0.2,143.1,138,143.0,12,142.8,100,,,,,,,,,,,,,,,143.3,112,143.6,150,,,,,,,,,,,,,,,,
2026-07-07T15:00:54.136224+00:00,2026-07-07T15:00:54.136398,3,2,143.2,0.2,143.1,138,143.0,12,142.8,100,,,,,,,,,,,,,,,143.3,72,143.6,150,,,,,,,,,,,,,,,,
2026-07-07T15:00:54.640249+00:00,2026-07-07T15:00:54.640127,3,2,143.2,0.2,143.1,138,143.0,12,142.8,100,,,,,,,,,,,,,,,143.3,29,143.6,150,,,,,,,,,,,,,,,,
2026-07-07T15:00:55.311742+00:00,2026-07-07T15:00:55.311877,2,1,143.15,0.3,143.0,12,142.8,100,,,,,,,,,,,,,,,,,143.3,29,,,,,,,,,,,,,,,,,,
2026-07-07T15:00:55.364215+00:00,2026-07-07T15:00:55.364388,3,1,143.2,0.2,143.1,150,143.0,12,142.8,100,,,,,,,,,,,,,,,143.3,29,,,,,,,,,,,,,,,,,,
2026-07-07T15:00:55.419565+00:00,2026-07-07T15:00:55.419411,3,2,143.2,0.2,143.1,150,143.0,12,142.8,100,,,,,,,,,,,,,,,143.3,29,143.6,150,,,,,,,,,,,,,,,,
2026-07-07T15:00:55.591809+00:00,2026-07-07T15:00:55.591784,3,2,143.2,0.2,143.1,110,143.0,12,142.8,100,,,,,,,,,,,,,,,143.3,29,143.6,150,,,,,,,,,,,,,,,,
2026-07-07T15:00:56.255895+00:00,2026-07-07T15:00:56.255870,2,1,143.35,0.5,143.1,110,143.0,12,,,,,,,,,,,,,,,,,143.6,150,,,,,,,,,,,,,,,,,,
2026-07-07T15:00:56.310751+00:00,2026-07-07T15:00:56.310853,2,1,143.35,0.5,143.1,210,143.0,12,,,,,,,,,,,,,,,,,143.6,150,,,,,,,,,,,,,,,,,,
2026-07-07T15:00:56.352539+00:00,2026-07-07T15:00:56.352435,1,1,143.35,0.5,143.1,222,,,,,,,,,,,,,,,,,,,143.6,150,,,,,,,,,,,,,,,,,,
2026-07-07T15:00:56.358550+00:00,2026-07-07T15:00:56.357726,1,2,143.3,0.4,143.1,222,,,,,,,,,,,,,,,,,,,143.5,12,143.6,250,,,,,,,,,,,,,,,,
2026-07-07T15:00:57.094188+00:00,2026-07-07T15:00:57.094126,1,1,143.35,0.5,143.1,222,,,,,,,,,,,,,,,,,,,143.6,212,,,,,,,,,,,,,,,,,,
2026-07-07T15:00:58.475736+00:00,2026-07-07T15:00:58.475887,1,1,143.35,0.5,143.1,112,,,,,,,,,,,,,,,,,,,143.6,100,,,,,,,,,,,,,,,,,,
2026-07-07T15:00:58.530918+00:00,2026-07-07T15:00:58.530847,1,1,143.35,0.5,143.1,262,,,,,,,,,,,,,,,,,,,143.6,100,,,,,,,,,,,,,,,,,,
2026-07-07T15:00:58.584134+00:00,2026-07-07T15:00:58.584035,1,1,143.35,0.5,143.1,262,,,,,,,,,,,,,,,,,,,143.6,250,,,,,,,,,,,,,,,,,,
2026-07-07T15:00:59.226529+00:00,2026-07-07T15:00:59.226480,1,1,143.35,0.5,143.1,262,,,,,,,,,,,,,,,,,,,143.6,200,,,,,,,,,,,,,,,,,,
2026-07-07T15:00:59.417202+00:00,2026-07-07T15:00:59.417097,1,1,143.35,0.5,143.1,162,,,,,,,,,,,,,,,,,,,143.6,150,,,,,,,,,,,,,,,,,,
2026-07-07T15:00:59.473716+00:00,2026-07-07T15:00:59.473606,2,1,143.45,0.3,143.3,100,143.1,162,,,,,,,,,,,,,,,,,143.6,150,,,,,,,,,,,,,,,,,,
2026-07-07T15:00:59.522850+00:00,2026-07-07T15:00:59.522819,2,2,143.45,0.3,143.3,100,143.1,162,,,,,,,,,,,,,,,,,143.6,150,143.8,100,,,,,,,,,,,,,,,,
2026-07-07T15:01:00.127615+00:00,2026-07-07T15:01:00.127500,3,2,143.45,0.3,143.3,100,143.2,12,143.1,150,,,,,,,,,,,,,,,143.6,150,143.8,100,,,,,,,,,,,,,,,,
2026-07-07T15:01:00.132860+00:00,2026-07-07T15:01:00.132755,3,3,143.4,0.2,143.3,100,143.2,12,143.1,150,,,,,,,,,,,,,,,143.5,10,143.6,150,143.8,100,,,,,,,,,,,,,,
2026-07-07T15:01:00.230286+00:00,2026-07-07T15:01:00.230166,3,3,143.4,0.2,143.3,51,143.2,12,143.1,150,,,,,,,,,,,,,,,143.5,10,143.6,150,143.8,100,,,,,,,,,,,,,,
2026-07-07T15:01:01.141631+00:00,2026-07-07T15:01:01.141535,2,2,143.45,0.3,143.3,51,143.1,150,,,,,,,,,,,,,,,,,143.6,150,143.8,100,,,,,,,,,,,,,,,,
2026-07-07T15:01:01.158658+00:00,2026-07-07T15:01:01.146844,2,2,143.45,0.3,143.3,63,143.1,150,,,,,,,,,,,,,,,,,143.6,160,143.8,100,,,,,,,,,,,,,,,,
2026-07-07T15:01:01.258685+00:00,2026-07-07T15:01:01.254088,2,2,143.45,0.3,143.3,63,143.1,150,,,,,,,,,,,,,,,,,143.6,115,143.8,100,,,,,,,,,,,,,,,,
2026-07-07T15:01:01.333057+00:00,2026-07-07T15:01:01.332933,2,2,143.45,0.3,143.3,63,143.1,150,,,,,,,,,,,,,,,,,143.6,65,143.8,100,,,,,,,,,,,,,,,,
2026-07-07T15:01:01.635448+00:00,2026-07-07T15:01:01.635639,1,2,143.45,0.3,143.3,63,,,,,,,,,,,,,,,,,,,143.6,10,143.8,100,,,,,,,,,,,,,,,,
2026-07-07T15:01:01.702862+00:00,2026-07-07T15:01:01.696430,2,1,143.7,0.2,143.6,117,143.3,63,,,,,,,,,,,,,,,,,143.8,100,,,,,,,,,,,,,,,,,,
2026-07-07T15:01:01.748268+00:00,2026-07-07T15:01:01.748123,2,2,143.7,0.2,143.6,117,143.3,63,,,,,,,,,,,,,,,,,143.8,100,144.1,150,,,,,,,,,,,,,,,,
2026-07-07T15:01:01.902576+00:00,2026-07-07T15:01:01.902506,2,2,143.7,0.2,143.6,117,143.3,51,,,,,,,,,,,,,,,,,143.8,57,144.1,150,,,,,,,,,,,,,,,,
2026-07-07T15:01:01.907615+00:00,2026-07-07T15:01:01.907767,2,2,143.7,0.2,143.6,117,143.3,63,,,,,,,,,,,,,,,,,143.8,57,144.1,150,,,,,,,,,,,,,,,,
2026-07-07T15:01:02.139043+00:00,2026-07-07T15:01:02.132898,2,2,143.7,0.2,143.6,114,143.3,63,,,,,,,,,,,,,,,,,143.8,57,144.1,150,,,,,,,,,,,,,,,,
2026-07-07T15:01:02.165054+00:00,2026-07-07T15:01:02.165005,2,2,143.7,0.2,143.6,114,143.3,51,,,,,,,,,,,,,,,,,143.8,57,144.1,150,,,,,,,,,,,,,,,,
2026-07-07T15:01:02.170342+00:00,2026-07-07T15:01:02.170260,3,2,143.7,0.2,143.6,114,143.3,51,143.1,12,,,,,,,,,,,,,,,143.8,57,144.1,150,,,,,,,,,,,,,,,,
2026-07-07T15:01:02.582270+00:00,2026-07-07T15:01:02.582063,2,1,143.85,0.5,143.6,114,143.1,12,,,,,,,,,,,,,,,,,144.1,150,,,,,,,,,,,,,,,,,,
2026-07-07T15:01:02.635444+00:00,2026-07-07T15:01:02.635284,3,1,143.85,0.5,143.6,114,143.2,100,143.1,12,,,,,,,,,,,,,,,144.1,150,,,,,,,,,,,,,,,,,,
2026-07-07T15:01:02.677188+00:00,2026-07-07T15:01:02.677059,3,1,143.85,0.5,143.6,114,143.2,100,143.1,12,,,,,,,,,,,,,,,144.1,150,,,,,,,,,,,,,,,,,,
2026-07-07T15:01:02.690531+00:00,2026-07-07T15:01:02.690384,3,2,143.65,0.1,143.6,114,143.2,100,143.1,12,,,,,,,,,,,,,,,143.7,100,144.1,150,,,,,,,,,,,,,,,,
2026-07-07T15:01:03.186503+00:00,2026-07-07T15:01:03.186403,3,2,143.65,0.1,143.6,114,143.2,100,143.1,12,,,,,,,,,,,,,,,143.7,100,144.1,150,,,,,,,,,,,,,,,,
2026-07-07T15:01:03.441664+00:00,2026-07-07T15:01:03.441575,3,2,143.65,0.1,143.6,71,143.2,100,143.1,12,,,,,,,,,,,,,,,143.7,50,144.1,150,,,,,,,,,,,,,,,,
2026-07-07T15:01:03.692559+00:00,2026-07-07T15:01:03.692499,2,2,143.65,0.1,143.6,71,143.2,100,,,,,,,,,,,,,,,,,143.7,50,144.1,150,,,,,,,,,,,,,,,,
2026-07-07T15:01:03.697792+00:00,2026-07-07T15:01:03.697736,2,2,143.65,0.1,143.6,71,143.2,112,,,,,,,,,,,,,,,,,143.7,50,144.1,150,,,,,,,,,,,,,,,,
2026-07-07T15:01:04.805248+00:00,2026-07-07T15:01:04.805170,1,1,143.45,0.5,143.2,112,,,,,,,,,,,,,,,,,,,143.7,50,,,,,,,,,,,,,,,,,,
2026-07-07T15:01:04.858576+00:00,2026-07-07T15:01:04.854349,2,1,143.45,0.5,143.2,112,143.1,150,,,,,,,,,,,,,,,,,143.7,50,,,,,,,,,,,,,,,,,,
2026-07-07T15:01:04.913080+00:00,2026-07-07T15:01:04.913000,2,2,143.4,0.4,143.2,112,143.1,150,,,,,,,,,,,,,,,,,143.6,150,143.7,50,,,,,,,,,,,,,,,,
2026-07-07T15:01:04.954368+00:00,2026-07-07T15:01:04.954260,2,2,143.4,0.4,143.2,100,143.1,162,,,,,,,,,,,,,,,,,143.6,150,143.7,50,,,,,,,,,,,,,,,,
2026-07-07T15:01:05.604315+00:00,2026-07-07T15:01:05.604185,2,2,143.4,0.4,143.2,50,143.1,162,,,,,,,,,,,,,,,,,143.6,150,143.7,50,,,,,,,,,,,,,,,,
2026-07-07T15:01:05.745007+00:00,2026-07-07T15:01:05.745148,1,1,143.35,0.5,143.1,162,,,,,,,,,,,,,,,,,,,143.6,150,,,,,,,,,,,,,,,,,,
2026-07-07T15:01:05.799780+00:00,2026-07-07T15:01:05.799887,2,1,143.4,0.4,143.2,100,143.1,162,,,,,,,,,,,,,,,,,143.6,150,,,,,,,,,,,,,,,,,,
2026-07-07T15:01:05.858625+00:00,2026-07-07T15:01:05.853075,2,2,143.4,0.4,143.2,100,143.1,162,,,,,,,,,,,,,,,,,143.6,150,143.7,100,,,,,,,,,,,,,,,,
2026-07-07T15:01:07.714697+00:00,2026-07-07T15:01:07.714535,2,2,143.4,0.4,143.2,50,143.1,162,,,,,,,,,,,,,,,,,143.6,150,143.7,100,,,,,,,,,,,,,,,,
2026-07-07T15:01:07.958660+00:00,2026-07-07T15:01:07.957536,2,1,143.45,0.5,143.2,50,143.1,162,,,,,,,,,,,,,,,,,143.7,100,,,,,,,,,,,,,,,,,,
2026-07-07T15:01:07.963833+00:00,2026-07-07T15:01:07.963736,2,1,143.45,0.5,143.2,50,143.1,12,,,,,,,,,,,,,,,,,143.7,100,,,,,,,,,,,,,,,,,,
2026-07-07T15:01:08.021102+00:00,2026-07-07T15:01:08.021208,3,1,143.45,0.5,143.2,50,143.1,12,143.0,150,,,,,,,,,,,,,,,143.7,100,,,,,,,,,,,,,,,,,,
2026-07-07T15:01:08.079603+00:00,2026-07-07T15:01:08.079514,3,2,143.35,0.3,143.2,50,143.1,12,143.0,150,,,,,,,,,,,,,,,143.5,150,143.7,100,,,,,,,,,,,,,,,,
2026-07-07T15:01:08.907166+00:00,2026-07-07T15:01:08.907101,2,1,143.3,0.4,143.1,12,143.0,150,,,,,,,,,,,,,,,,,143.5,150,,,,,,,,,,,,,,,,,,
2026-07-07T15:01:08.958603+00:00,2026-07-07T15:01:08.957114,3,1,143.35,0.3,143.2,100,143.1,12,143.0,150,,,,,,,,,,,,,,,143.5,150,,,,,,,,,,,,,,,,,,
2026-07-07T15:01:09.014520+00:00,2026-07-07T15:01:09.014426,3,2,143.35,0.3,143.2,100,143.1,12,143.0,150,,,,,,,,,,,,,,,143.5,150,143.7,100,,,,,,,,,,,,,,,,
2026-07-07T15:01:09.769606+00:00,2026-07-07T15:01:09.769464,3,2,143.35,0.3,143.2,100,143.1,12,143.0,150,,,,,,,,,,,,,,,143.5,100,143.7,100,,,,,,,,,,,,,,,,
2026-07-07T15:01:11.131166+00:00,2026-07-07T15:01:11.131074,2,1,143.45,0.5,143.2,100,143.1,12,,,,,,,,,,,,,,,,,143.7,100,,,,,,,,,,,,,,,,,,
2026-07-07T15:01:11.188348+00:00,2026-07-07T15:01:11.188261,3,1,143.55,0.3,143.4,150,143.2,100,143.1,12,,,,,,,,,,,,,,,143.7,100,,,,,,,,,,,,,,,,,,
2026-07-07T15:01:11.224055+00:00,2026-07-07T15:01:11.224005,2,1,143.55,0.3,143.4,150,143.2,100,,,,,,,,,,,,,,,,,143.7,100,,,,,,,,,,,,,,,,,,
2026-07-07T15:01:11.229253+00:00,2026-07-07T15:01:11.229201,3,1,143.55,0.3,143.4,150,143.3,12,143.2,100,,,,,,,,,,,,,,,143.7,100,,,,,,,,,,,,,,,,,,
2026-07-07T15:01:11.249865+00:00,2026-07-07T15:01:11.249786,3,2,143.55,0.3,143.4,150,143.3,12,143.2,100,,,,,,,,,,,,,,,143.7,100,143.9,150,,,,,,,,,,,,,,,,
2026-07-07T15:01:11.254904+00:00,2026-07-07T15:01:11.255070,3,2,143.55,0.3,143.4,150,143.3,12,143.2,100,,,,,,,,,,,,,,,143.7,59,143.9,150,,,,,,,,,,,,,,,,
2026-07-07T15:01:11.720498+00:00,2026-07-07T15:01:11.720463,3,2,143.55,0.3,143.4,110,143.3,12,143.2,100,,,,,,,,,,,,,,,143.7,59,143.9,150,,,,,,,,,,,,,,,,
2026-07-07T15:01:11.930858+00:00,2026-07-07T15:01:11.930801,3,2,143.55,0.3,143.4,60,143.3,12,143.2,100,,,,,,,,,,,,,,,143.7,59,143.9,150,,,,,,,,,,,,,,,,
2026-07-07T15:01:12.068348+00:00,2026-07-07T15:01:12.068261,2,1,143.65,0.5,143.4,60,143.3,12,,,,,,,,,,,,,,,,,143.9,150,,,,,,,,,,,,,,,,,,
2026-07-07T15:01:12.124017+00:00,2026-07-07T15:01:12.123900,2,1,143.65,0.5,143.4,60,143.3,112,,,,,,,,,,,,,,,,,143.9,150,,,,,,,,,,,,,,,,,,
2026-07-07T15:01:12.175062+00:00,2026-07-07T15:01:12.174924,2,2,143.6,0.4,143.4,60,143.3,112,,,,,,,,,,,,,,,,,143.8,100,143.9,150,,,,,,,,,,,,,,,,
2026-07-07T15:01:12.357591+00:00,2026-07-07T15:01:12.357874,2,2,143.6,0.4,143.4,60,143.3,112,,,,,,,,,,,,,,,,,143.8,52,143.9,150,,,,,,,,,,,,,,,,
2026-07-07T15:01:12.736581+00:00,2026-07-07T15:01:12.736521,2,2,143.6,0.4,143.4,72,143.3,100,,,,,,,,,,,,,,,,,143.8,52,143.9,150,,,,,,,,,,,,,,,,
2026-07-07T15:01:12.958651+00:00,2026-07-07T15:01:12.957053,2,2,143.6,0.4,143.4,27,143.3,100,,,,,,,,,,,,,,,,,143.8,52,143.9,150,,,,,,,,,,,,,,,,
2026-07-07T15:01:13.996707+00:00,2026-07-07T15:01:13.996585,3,2,143.6,0.4,143.4,15,143.3,100,143.2,12,,,,,,,,,,,,,,,143.8,52,143.9,150,,,,,,,,,,,,,,,,
2026-07-07T15:01:14.038669+00:00,2026-07-07T15:01:14.038563,2,2,143.55,0.5,143.3,65,143.2,12,,,,,,,,,,,,,,,,,143.8,52,143.9,150,,,,,,,,,,,,,,,,
2026-07-07T15:01:14.294701+00:00,2026-07-07T15:01:14.294804,2,1,143.55,0.5,143.3,65,143.2,12,,,,,,,,,,,,,,,,,143.8,52,,,,,,,,,,,,,,,,,,
2026-07-07T15:01:14.349283+00:00,2026-07-07T15:01:14.349204,3,1,143.55,0.5,143.3,65,143.2,12,142.8,150,,,,,,,,,,,,,,,143.8,52,,,,,,,,,,,,,,,,,,
2026-07-07T15:01:14.411853+00:00,2026-07-07T15:01:14.403171,2,2,143.25,0.1,143.2,12,142.8,150,,,,,,,,,,,,,,,,,143.3,59,143.8,52,,,,,,,,,,,,,,,,
2026-07-07T15:01:14.504068+00:00,2026-07-07T15:01:14.504019,2,2,143.25,0.1,143.2,12,142.8,150,,,,,,,,,,,,,,,,,143.3,59,143.8,52,,,,,,,,,,,,,,,,
2026-07-07T15:01:15.232063+00:00,2026-07-07T15:01:15.232177,2,1,143.25,0.1,143.2,12,142.8,150,,,,,,,,,,,,,,,,,143.3,59,,,,,,,,,,,,,,,,,,
2026-07-07T15:01:15.283653+00:00,2026-07-07T15:01:15.283566,2,1,143.25,0.1,143.2,112,142.8,150,,,,,,,,,,,,,,,,,143.3,59,,,,,,,,,,,,,,,,,,
2026-07-07T15:01:15.353708+00:00,2026-07-07T15:01:15.353634,2,2,143.25,0.1,143.2,112,142.8,150,,,,,,,,,,,,,,,,,143.3,59,143.7,100,,,,,,,,,,,,,,,,
2026-07-07T15:01:16.149752+00:00,2026-07-07T15:01:16.149691,2,2,143.25,0.1,143.2,62,142.8,150,,,,,,,,,,,,,,,,,143.3,59,143.7,100,,,,,,,,,,,,,,,,
2026-07-07T15:01:16.597657+00:00,2026-07-07T15:01:16.597567,2,2,143.25,0.1,143.2,62,142.8,150,,,,,,,,,,,,,,,,,143.3,18,143.7,100,,,,,,,,,,,,,,,,
2026-07-07T15:01:17.464027+00:00,2026-07-07T15:01:17.463859,1,1,143.45,0.5,143.2,62,,,,,,,,,,,,,,,,,,,143.7,100,,,,,,,,,,,,,,,,,,
2026-07-07T15:01:17.513062+00:00,2026-07-07T15:01:17.512947,1,1,143.45,0.5,143.2,212,,,,,,,,,,,,,,,,,,,143.7,100,,,,,,,,,,,,,,,,,,
2026-07-07T15:01:17.523537+00:00,2026-07-07T15:01:17.523434,1,2,143.4,0.4,143.2,224,,,,,,,,,,,,,,,,,,,143.6,12,143.7,100,,,,,,,,,,,,,,,,
2026-07-07T15:01:17.565856+00:00,2026-07-07T15:01:17.565741,1,2,143.4,0.4,143.2,224,,,,,,,,,,,,,,,,,,,143.6,12,143.7,250,,,,,,,,,,,,,,,,
2026-07-07T15:01:17.781885+00:00,2026-07-07T15:01:17.781816,1,1,143.45,0.5,143.2,212,,,,,,,,,,,,,,,,,,,143.7,250,,,,,,,,,,,,,,,,,,
2026-07-07T15:01:17.787178+00:00,2026-07-07T15:01:17.787050,1,1,143.45,0.5,143.2,224,,,,,,,,,,,,,,,,,,,143.7,250,,,,,,,,,,,,,,,,,,
2026-07-07T15:01:17.792385+00:00,2026-07-07T15:01:17.792286,1,2,143.35,0.3,143.2,224,,,,,,,,,,,,,,,,,,,143.5,12,143.7,250,,,,,,,,,,,,,,,,
2026-07-07T15:01:18.258587+00:00,2026-07-07T15:01:18.254895,1,2,143.35,0.3,143.2,174,,,,,,,,,,,,,,,,,,,143.5,12,143.7,250,,,,,,,,,,,,,,,,
2026-07-07T15:01:18.297811+00:00,2026-07-07T15:01:18.297967,1,1,143.45,0.5,143.2,162,,,,,,,,,,,,,,,,,,,143.7,250,,,,,,,,,,,,,,,,,,
2026-07-07T15:01:18.303316+00:00,2026-07-07T15:01:18.303219,2,2,143.45,0.3,143.3,12,143.2,162,,,,,,,,,,,,,,,,,143.6,12,143.7,250,,,,,,,,,,,,,,,,
2026-07-07T15:01:18.405116+00:00,2026-07-07T15:01:18.405018,2,2,143.45,0.3,143.3,12,143.2,150,,,,,,,,,,,,,,,,,143.6,12,143.7,150,,,,,,,,,,,,,,,,
2026-07-07T15:01:18.454689+00:00,2026-07-07T15:01:18.455442,3,2,143.45,0.3,143.3,12,143.2,150,143.0,100,,,,,,,,,,,,,,,143.6,12,143.7,150,,,,,,,,,,,,,,,,
2026-07-07T15:01:18.517806+00:00,2026-07-07T15:01:18.517724,3,3,143.4,0.2,143.3,12,143.2,150,143.0,100,,,,,,,,,,,,,,,143.5,100,143.6,12,143.7,150,,,,,,,,,,,,,,
2026-07-07T15:01:20.367811+00:00,2026-07-07T15:01:20.367675,2,3,143.35,0.3,143.2,112,143.0,100,,,,,,,,,,,,,,,,,143.5,100,143.6,12,143.7,150,,,,,,,,,,,,,,
2026-07-07T15:01:20.496317+00:00,2026-07-07T15:01:20.496483,2,3,143.35,0.3,143.2,70,143.0,100,,,,,,,,,,,,,,,,,143.5,100,143.6,12,143.7,150,,,,,,,,,,,,,,
2026-07-07T15:01:20.620799+00:00,2026-07-07T15:01:20.620717,1,2,143.25,0.5,143.0,100,,,,,,,,,,,,,,,,,,,143.5,100,143.6,12,,,,,,,,,,,,,,,,
2026-07-07T15:01:20.670485+00:00,2026-07-07T15:01:20.668245,2,2,143.3,0.4,143.1,150,143.0,100,,,,,,,,,,,,,,,,,143.5,100,143.6,12,,,,,,,,,,,,,,,,
2026-07-07T15:01:20.727716+00:00,2026-07-07T15:01:20.727686,2,2,143.3,0.4,143.1,150,143.0,100,,,,,,,,,,,,,,,,,143.5,100,143.6,162,,,,,,,,,,,,,,,,
2026-07-07T15:01:20.818679+00:00,2026-07-07T15:01:20.818645,3,2,143.35,0.3,143.2,12,143.1,150,143.0,100,,,,,,,,,,,,,,,143.5,100,143.6,150,,,,,,,,,,,,,,,,
2026-07-07T15:01:20.823952+00:00,2026-07-07T15:01:20.823846,3,2,143.35,0.3,143.2,12,143.1,150,143.0,100,,,,,,,,,,,,,,,143.5,100,143.6,162,,,,,,,,,,,,,,,,
2026-07-07T15:01:21.530928+00:00,2026-07-07T15:01:21.531069,3,2,143.35,0.3,143.2,12,143.1,150,143.0,100,,,,,,,,,,,,,,,143.5,60,143.6,162,,,,,,,,,,,,,,,,
2026-07-07T15:01:21.573098+00:00,2026-07-07T15:01:21.573050,2,1,143.4,0.4,143.2,12,143.1,150,,,,,,,,,,,,,,,,,143.6,162,,,,,,,,,,,,,,,,,,
2026-07-07T15:01:21.627548+00:00,2026-07-07T15:01:21.627456,2,1,143.4,0.4,143.2,112,143.1,150,,,,,,,,,,,,,,,,,143.6,162,,,,,,,,,,,,,,,,,,
2026-07-07T15:01:21.676667+00:00,2026-07-07T15:01:21.676577,2,2,143.4,0.4,143.2,112,143.1,150,,,,,,,,,,,,,,,,,143.6,162,143.7,100,,,,,,,,,,,,,,,,
2026-07-07T15:01:22.477381+00:00,2026-07-07T15:01:22.477232,2,2,143.4,0.4,143.2,62,143.1,150,,,,,,,,,,,,,,,,,143.6,162,143.7,100,,,,,,,,,,,,,,,,
2026-07-07T15:01:23.807053+00:00,2026-07-07T15:01:23.807364,1,2,143.4,0.4,143.2,62,,,,,,,,,,,,,,,,,,,143.6,12,143.7,100,,,,,,,,,,,,,,,,
2026-07-07T15:01:23.858569+00:00,2026-07-07T15:01:23.856719,2,2,143.4,0.4,143.2,62,143.1,150,,,,,,,,,,,,,,,,,143.6,12,143.7,100,,,,,,,,,,,,,,,,
2026-07-07T15:01:23.919800+00:00,2026-07-07T15:01:23.919726,2,2,143.4,0.4,143.2,62,143.1,150,,,,,,,,,,,,,,,,,143.6,162,143.7,100,,,,,,,,,,,,,,,,
2026-07-07T15:01:24.587954+00:00,2026-07-07T15:01:24.587846,2,2,143.4,0.4,143.2,12,143.1,150,,,,,,,,,,,,,,,,,143.6,162,143.7,100,,,,,,,,,,,,,,,,
2026-07-07T15:01:24.737620+00:00,2026-07-07T15:01:24.737514,1,1,143.35,0.5,143.1,150,,,,,,,,,,,,,,,,,,,143.6,162,,,,,,,,,,,,,,,,,,
2026-07-07T15:01:24.788121+00:00,2026-07-07T15:01:24.788003,2,1,143.35,0.5,143.1,150,142.8,100,,,,,,,,,,,,,,,,,143.6,162,,,,,,,,,,,,,,,,,,
2026-07-07T15:01:24.853040+00:00,2026-07-07T15:01:24.846573,2,2,143.2,0.2,143.1,150,142.8,100,,,,,,,,,,,,,,,,,143.3,89,143.6,162,,,,,,,,,,,,,,,,
2026-07-07T15:01:25.858576+00:00,2026-07-07T15:01:25.856997,2,2,143.2,0.2,143.1,162,142.8,100,,,,,,,,,,,,,,,,,143.3,89,143.6,150,,,,,,,,,,,,,,,,
2026-07-07T15:01:25.870519+00:00,2026-07-07T15:01:25.870397,2,3,143.2,0.2,143.1,162,142.8,100,,,,,,,,,,,,,,,,,143.3,89,143.5,12,143.6,150,,,,,,,,,,,,,,
2026-07-07T15:01:26.693314+00:00,2026-07-07T15:01:26.693240,2,3,143.2,0.2,143.1,112,142.8,100,,,,,,,,,,,,,,,,,143.3,89,143.5,12,143.6,150,,,,,,,,,,,,,,
2026-07-07T15:01:26.975667+00:00,2026-07-07T15:01:26.975598,2,2,143.2,0.2,143.1,12,142.8,100,,,,,,,,,,,,,,,,,143.3,89,143.5,12,,,,,,,,,,,,,,,,
2026-07-07T15:01:27.030394+00:00,2026-07-07T15:01:27.030489,2,2,143.2,0.2,143.1,12,142.8,250,,,,,,,,,,,,,,,,,143.3,89,143.5,12,,,,,,,,,,,,,,,,
2026-07-07T15:01:27.099997+00:00,2026-07-07T15:01:27.099959,2,2,143.2,0.2,143.1,12,142.8,250,,,,,,,,,,,,,,,,,143.3,239,143.5,12,,,,,,,,,,,,,,,,
2026-07-07T15:01:27.188344+00:00,2026-07-07T15:01:27.188235,2,2,143.2,0.2,143.1,12,142.8,250,,,,,,,,,,,,,,,,,143.3,198,143.5,12,,,,,,,,,,,,,,,,
2026-07-07T15:01:27.895868+00:00,2026-07-07T15:01:27.895735,2,2,143.2,0.2,143.1,12,142.8,150,,,,,,,,,,,,,,,,,143.3,150,143.5,12,,,,,,,,,,,,,,,,
2026-07-07T15:01:27.958606+00:00,2026-07-07T15:01:27.949393,2,2,143.2,0.2,143.1,112,142.8,150,,,,,,,,,,,,,,,,,143.3,150,143.5,12,,,,,,,,,,,,,,,,
2026-07-07T15:01:28.004526+00:00,2026-07-07T15:01:28.004620,2,3,143.2,0.2,143.1,112,142.8,150,,,,,,,,,,,,,,,,,143.3,150,143.5,12,143.6,100,,,,,,,,,,,,,,
2026-07-07T15:01:28.801845+00:00,2026-07-07T15:01:28.801775,2,3,143.2,0.2,143.1,62,142.8,150,,,,,,,,,,,,,,,,,143.3,150,143.5,12,143.6,100,,,,,,,,,,,,,,
2026-07-07T15:01:29.137456+00:00,2026-07-07T15:01:29.137355,2,2,143.2,0.2,143.1,74,142.8,150,,,,,,,,,,,,,,,,,143.3,150,143.6,100,,,,,,,,,,,,,,,,
2026-07-07T15:01:29.142604+00:00,2026-07-07T15:01:29.142553,2,3,143.2,0.2,143.1,74,142.8,150,,,,,,,,,,,,,,,,,143.3,150,143.4,12,143.6,100,,,,,,,,,,,,,,
2026-07-07T15:01:30.158790+00:00,2026-07-07T15:01:30.158686,1,2,143.25,0.3,143.1,74,,,,,,,,,,,,,,,,,,,143.4,12,143.6,100,,,,,,,,,,,,,,,,
2026-07-07T15:01:30.206281+00:00,2026-07-07T15:01:30.206402,2,2,143.25,0.3,143.1,74,142.8,150,,,,,,,,,,,,,,,,,143.4,12,143.6,100,,,,,,,,,,,,,,,,
2026-07-07T15:01:30.260112+00:00,2026-07-07T15:01:30.260016,2,3,143.2,0.2,143.1,74,142.8,150,,,,,,,,,,,,,,,,,143.3,150,143.4,12,143.6,100,,,,,,,,,,,,,,
2026-07-07T15:01:30.915345+00:00,2026-07-07T15:01:30.915180,2,3,143.2,0.2,143.1,24,142.8,150,,,,,,,,,,,,,,,,,143.3,150,143.4,12,143.6,100,,,,,,,,,,,,,,
2026-07-07T15:01:31.084579+00:00,2026-07-07T15:01:31.084772,2,2,143.2,0.2,143.1,24,142.8,150,,,,,,,,,,,,,,,,,143.3,150,143.4,12,,,,,,,,,,,,,,,,
2026-07-07T15:01:31.090165+00:00,2026-07-07T15:01:31.089965,2,2,143.2,0.2,143.1,12,142.8,150,,,,,,,,,,,,,,,,,143.3,150,143.4,12,,,,,,,,,,,,,,,,
2026-07-07T15:01:31.140130+00:00,2026-07-07T15:01:31.140074,3,2,143.2,0.2,143.1,12,142.8,150,142.7,100,,,,,,,,,,,,,,,143.3,150,143.4,12,,,,,,,,,,,,,,,,
2026-07-07T15:01:31.208642+00:00,2026-07-07T15:01:31.202286,3,3,143.15,0.1,143.1,12,142.8,150,142.7,100,,,,,,,,,,,,,,,143.2,88,143.3,150,143.4,12,,,,,,,,,,,,,,
2026-07-07T15:01:31.718759+00:00,2026-07-07T15:01:31.718628,2,3,143.0,0.4,142.8,119,142.7,100,,,,,,,,,,,,,,,,,143.2,88,143.3,150,143.4,12,,,,,,,,,,,,,,
2026-07-07T15:01:31.904015+00:00,2026-07-07T15:01:31.903956,3,2,143.05,0.3,142.9,12,142.8,119,142.7,100,,,,,,,,,,,,,,,143.2,88,143.3,150,,,,,,,,,,,,,,,,
2026-07-07T15:01:31.909420+00:00,2026-07-07T15:01:31.909202,3,3,143.05,0.3,142.9,12,142.8,119,142.7,100,,,,,,,,,,,,,,,143.2,88,143.3,150,143.4,12,,,,,,,,,,,,,,
2026-07-07T15:01:32.270871+00:00,2026-07-07T15:01:32.270703,2,3,143.0,0.4,142.8,86,142.7,100,,,,,,,,,,,,,,,,,143.2,88,143.3,150,143.4,12,,,,,,,,,,,,,,
2026-07-07T15:01:33.020763+00:00,2026-07-07T15:01:33.020941,2,3,143.0,0.4,142.8,36,142.7,100,,,,,,,,,,,,,,,,,143.2,88,143.3,150,143.4,12,,,,,,,,,,,,,,
2026-07-07T15:01:33.312114+00:00,2026-07-07T15:01:33.312040,1,2,142.95,0.5,142.7,100,,,,,,,,,,,,,,,,,,,143.2,88,143.4,12,,,,,,,,,,,,,,,,
2026-07-07T15:01:33.364834+00:00,2026-07-07T15:01:33.364730,2,2,142.95,0.5,142.7,100,142.4,150,,,,,,,,,,,,,,,,,143.2,88,143.4,12,,,,,,,,,,,,,,,,
2026-07-07T15:01:33.432207+00:00,2026-07-07T15:01:33.425877,2,3,142.8,0.2,142.7,100,142.4,150,,,,,,,,,,,,,,,,,142.9,128,143.2,88,143.4,12,,,,,,,,,,,,,,
2026-07-07T15:01:33.946892+00:00,2026-07-07T15:01:33.946867,2,3,142.8,0.2,142.7,100,142.4,150,,,,,,,,,,,,,,,,,142.9,79,143.2,88,143.4,12,,,,,,,,,,,,,,
2026-07-07T15:01:34.252576+00:00,2026-07-07T15:01:34.252517,1,2,142.65,0.5,142.4,150,,,,,,,,,,,,,,,,,,,142.9,79,143.4,12,,,,,,,,,,,,,,,,
2026-07-07T15:01:34.307882+00:00,2026-07-07T15:01:34.307805,2,2,142.7,0.4,142.5,100,142.4,150,,,,,,,,,,,,,,,,,142.9,79,143.4,12,,,,,,,,,,,,,,,,
2026-07-07T15:01:34.358586+00:00,2026-07-07T15:01:34.355701,2,3,142.7,0.4,142.5,100,142.4,150,,,,,,,,,,,,,,,,,142.9,79,143.0,100,143.4,12,,,,,,,,,,,,,,
2026-07-07T15:01:34.944379+00:00,2026-07-07T15:01:34.944227,2,3,142.7,0.4,142.5,100,142.4,150,,,,,,,,,,,,,,,,,142.9,32,143.0,100,143.4,12,,,,,,,,,,,,,,
2026-07-07T15:01:35.129532+00:00,2026-07-07T15:01:35.129383,2,3,142.7,0.4,142.5,50,142.4,150,,,,,,,,,,,,,,,,,142.9,32,143.0,100,143.4,12,,,,,,,,,,,,,,
2026-07-07T15:01:36.246063+00:00,2026-07-07T15:01:36.245941,2,2,142.7,0.4,142.5,50,142.4,150,,,,,,,,,,,,,,,,,142.9,32,143.0,100,,,,,,,,,,,,,,,,
2026-07-07T15:01:36.251269+00:00,2026-07-07T15:01:36.251187,3,3,142.75,0.3,142.6,12,142.5,50,142.4,150,,,,,,,,,,,,,,,142.9,32,143.0,100,143.4,12,,,,,,,,,,,,,,
2026-07-07T15:01:36.473468+00:00,2026-07-07T15:01:36.473393,3,2,142.8,0.4,142.6,12,142.5,50,142.4,150,,,,,,,,,,,,,,,143.0,100,143.4,12,,,,,,,,,,,,,,,,
2026-07-07T15:01:36.478756+00:00,2026-07-07T15:01:36.478623,2,2,142.8,0.4,142.6,12,142.5,50,,,,,,,,,,,,,,,,,143.0,100,143.4,12,,,,,,,,,,,,,,,,
2026-07-07T15:01:36.533055+00:00,2026-07-07T15:01:36.532969,3,2,142.95,0.1,142.9,150,142.6,12,142.5,50,,,,,,,,,,,,,,,143.0,100,143.4,12,,,,,,,,,,,,,,,,
2026-07-07T15:01:36.586882+00:00,2026-07-07T15:01:36.586807,3,2,142.95,0.1,142.9,150,142.6,12,142.5,50,,,,,,,,,,,,,,,143.0,100,143.4,162,,,,,,,,,,,,,,,,
2026-07-07T15:01:36.758626+00:00,2026-07-07T15:01:36.756364,2,2,142.95,0.1,142.9,150,142.5,50,,,,,,,,,,,,,,,,,143.0,88,143.4,150,,,,,,,,,,,,,,,,
2026-07-07T15:01:36.769901+00:00,2026-07-07T15:01:36.769721,2,2,142.95,0.1,142.9,150,142.5,50,,,,,,,,,,,,,,,,,143.0,88,143.4,162,,,,,,,,,,,,,,,,
2026-07-07T15:01:37.046725+00:00,2026-07-07T15:01:37.046674,2,2,142.95,0.1,142.9,101,142.5,50,,,,,,,,,,,,,,,,,143.0,88,143.4,162,,,,,,,,,,,,,,,,
2026-07-07T15:01:37.204357+00:00,2026-07-07T15:01:37.204506,2,2,142.95,0.1,142.9,101,142.5,50,,,,,,,,,,,,,,,,,143.0,38,143.4,162,,,,,,,,,,,,,,,,
2026-07-07T15:01:37.412587+00:00,2026-07-07T15:01:37.412700,1,1,143.15,0.5,142.9,101,,,,,,,,,,,,,,,,,,,143.4,162,,,,,,,,,,,,,,,,,,
2026-07-07T15:01:37.468935+00:00,2026-07-07T15:01:37.468854,2,1,143.15,0.5,142.9,101,142.7,100,,,,,,,,,,,,,,,,,143.4,162,,,,,,,,,,,,,,,,,,
2026-07-07T15:01:37.519941+00:00,2026-07-07T15:01:37.520039,2,2,143.05,0.3,142.9,101,142.7,100,,,,,,,,,,,,,,,,,143.2,100,143.4,162,,,,,,,,,,,,,,,,
2026-07-07T15:01:38.530378+00:00,2026-07-07T15:01:38.530316,2,2,143.05,0.3,142.9,101,142.7,100,,,,,,,,,,,,,,,,,143.2,100,143.4,150,,,,,,,,,,,,,,,,
2026-07-07T15:01:38.535610+00:00,2026-07-07T15:01:38.535544,2,3,143.05,0.3,142.9,113,142.7,100,,,,,,,,,,,,,,,,,143.2,100,143.3,12,143.4,150,,,,,,,,,,,,,,
2026-07-07T15:01:39.220332+00:00,2026-07-07T15:01:39.220488,2,3,143.05,0.3,142.9,113,142.7,100,,,,,,,,,,,,,,,,,143.2,53,143.3,12,143.4,150,,,,,,,,,,,,,,
2026-07-07T15:01:39.312739+00:00,2026-07-07T15:01:39.306655,2,3,143.05,0.3,142.9,102,142.7,100,,,,,,,,,,,,,,,,,143.2,53,143.3,12,143.4,150,,,,,,,,,,,,,,
2026-07-07T15:01:39.640695+00:00,2026-07-07T15:01:39.640664,2,2,143.05,0.3,142.9,12,142.7,100,,,,,,,,,,,,,,,,,143.2,53,143.3,12,,,,,,,,,,,,,,,,
2026-07-07T15:01:39.696894+00:00,2026-07-07T15:01:39.696817,3,2,143.05,0.3,142.9,12,142.7,100,142.4,150,,,,,,,,,,,,,,,143.2,53,143.3,12,,,,,,,,,,,,,,,,
2026-07-07T15:01:39.750834+00:00,2026-07-07T15:01:39.750773,2,3,142.8,0.2,142.7,100,142.4,150,,,,,,,,,,,,,,,,,142.9,138,143.2,53,143.3,12,,,,,,,,,,,,,,
2026-07-07T15:01:39.791597+00:00,2026-07-07T15:01:39.791492,2,3,142.8,0.2,142.7,51,142.4,150,,,,,,,,,,,,,,,,,142.9,138,143.2,53,143.3,12,,,,,,,,,,,,,,
2026-07-07T15:01:39.796808+00:00,2026-07-07T15:01:39.796710,3,2,142.85,0.1,142.8,12,142.7,51,142.4,150,,,,,,,,,,,,,,,142.9,138,143.2,53,,,,,,,,,,,,,,,,
2026-07-07T15:01:39.801959+00:00,2026-07-07T15:01:39.801907,3,2,142.85,0.1,142.8,12,142.7,51,142.4,150,,,,,,,,,,,,,,,142.9,138,143.2,65,,,,,,,,,,,,,,,,
2026-07-07T15:01:40.314118+00:00,2026-07-07T15:01:40.314028,2,2,142.8,0.2,142.7,51,142.4,150,,,,,,,,,,,,,,,,,142.9,138,143.2,53,,,,,,,,,,,,,,,,
2026-07-07T15:01:40.324587+00:00,2026-07-07T15:01:40.324428,2,2,142.8,0.2,142.7,63,142.4,150,,,,,,,,,,,,,,,,,142.9,138,143.2,53,,,,,,,,,,,,,,,,
2026-07-07T15:01:40.329872+00:00,2026-07-07T15:01:40.329716,2,3,142.8,0.2,142.7,63,142.4,150,,,,,,,,,,,,,,,,,142.9,138,143.0,12,143.2,53,,,,,,,,,,,,,,
2026-07-07T15:01:40.570197+00:00,2026-07-07T15:01:40.570109,2,2,142.8,0.2,142.7,63,142.4,150,,,,,,,,,,,,,,,,,142.9,138,143.0,12,,,,,,,,,,,,,,,,
2026-07-07T15:01:40.575197+00:00,2026-07-07T15:01:40.575299,2,2,142.8,0.2,142.7,12,142.4,150,,,,,,,,,,,,,,,,,142.9,138,143.0,12,,,,,,,,,,,,,,,,
2026-07-07T15:01:40.625699+00:00,2026-07-07T15:01:40.625634,2,2,142.8,0.2,142.7,12,142.4,250,,,,,,,,,,,,,,,,,142.9,138,143.0,12,,,,,,,,,,,,,,,,
2026-07-07T15:01:40.674361+00:00,2026-07-07T15:01:40.673874,2,2,142.8,0.2,142.7,12,142.4,250,,,,,,,,,,,,,,,,,142.9,238,143.0,12,,,,,,,,,,,,,,,,
2026-07-07T15:01:41.032207+00:00,2026-07-07T15:01:41.032175,1,2,142.65,0.5,142.4,222,,,,,,,,,,,,,,,,,,,142.9,238,143.0,12,,,,,,,,,,,,,,,,
2026-07-07T15:01:41.083351+00:00,2026-07-07T15:01:41.083276,1,1,142.65,0.5,142.4,222,,,,,,,,,,,,,,,,,,,142.9,238,,,,,,,,,,,,,,,,,,
2026-07-07T15:01:41.088620+00:00,2026-07-07T15:01:41.088551,2,1,142.7,0.4,142.5,12,142.4,222,,,,,,,,,,,,,,,,,142.9,238,,,,,,,,,,,,,,,,,,
2026-07-07T15:01:41.093856+00:00,2026-07-07T15:01:41.093782,2,2,142.7,0.4,142.5,12,142.4,222,,,,,,,,,,,,,,,,,142.9,238,143.0,12,,,,,,,,,,,,,,,,
2026-07-07T15:01:42.808242+00:00,2026-07-07T15:01:42.808143,2,2,142.7,0.4,142.5,12,142.4,100,,,,,,,,,,,,,,,,,142.9,100,143.0,12,,,,,,,,,,,,,,,,
2026-07-07T15:01:42.858621+00:00,2026-07-07T15:01:42.857377,2,2,142.7,0.4,142.5,12,142.4,250,,,,,,,,,,,,,,,,,142.9,100,143.0,12,,,,,,,,,,,,,,,,
2026-07-07T15:01:42.911652+00:00,2026-07-07T15:01:42.911734,2,2,142.7,0.4,142.5,12,142.4,250,,,,,,,,,,,,,,,,,142.9,250,143.0,12,,,,,,,,,,,,,,,,
2026-07-07T15:01:43.584155+00:00,2026-07-07T15:01:43.584108,1,2,142.65,0.5,142.4,212,,,,,,,,,,,,,,,,,,,142.9,250,143.0,12,,,,,,,,,,,,,,,,
2026-07-07T15:01:43.738491+00:00,2026-07-07T15:01:43.738445,1,2,142.65,0.5,142.4,150,,,,,,,,,,,,,,,,,,,142.9,150,143.0,12,,,,,,,,,,,,,,,,
2026-07-07T15:01:43.812112+00:00,2026-07-07T15:01:43.812011,1,2,142.65,0.5,142.4,250,,,,,,,,,,,,,,,,,,,142.9,150,143.0,12,,,,,,,,,,,,,,,,
2026-07-07T15:01:43.858561+00:00,2026-07-07T15:01:43.855918,1,2,142.65,0.5,142.4,250,,,,,,,,,,,,,,,,,,,142.9,250,143.0,12,,,,,,,,,,,,,,,,
2026-07-07T15:01:45.643101+00:00,2026-07-07T15:01:45.643040,1,2,142.65,0.5,142.4,250,,,,,,,,,,,,,,,,,,,142.9,200,143.0,12,,,,,,,,,,,,,,,,
2026-07-07T15:01:45.969129+00:00,2026-07-07T15:01:45.969055,1,2,142.65,0.5,142.4,100,,,,,,,,,,,,,,,,,,,142.9,100,143.0,12,,,,,,,,,,,,,,,,
2026-07-07T15:01:46.022851+00:00,2026-07-07T15:01:46.022781,2,2,142.7,0.4,142.5,150,142.4,100,,,,,,,,,,,,,,,,,142.9,100,143.0,12,,,,,,,,,,,,,,,,
2026-07-07T15:01:46.070846+00:00,2026-07-07T15:01:46.070757,2,2,142.7,0.4,142.5,150,142.4,100,,,,,,,,,,,,,,,,,142.9,100,143.0,162,,,,,,,,,,,,,,,,
2026-07-07T15:01:46.258620+00:00,2026-07-07T15:01:46.247027,2,2,142.7,0.4,142.5,150,142.4,100,,,,,,,,,,,,,,,,,142.9,52,143.0,162,,,,,,,,,,,,,,,,
2026-07-07T15:01:46.917898+00:00,2026-07-07T15:01:46.918080,2,1,142.75,0.5,142.5,150,142.4,100,,,,,,,,,,,,,,,,,143.0,162,,,,,,,,,,,,,,,,,,
2026-07-07T15:01:46.923426+00:00,2026-07-07T15:01:46.923244,1,1,142.75,0.5,142.5,150,,,,,,,,,,,,,,,,,,,143.0,162,,,,,,,,,,,,,,,,,,
2026-07-07T15:01:46.973682+00:00,2026-07-07T15:01:46.973543,2,1,142.8,0.4,142.6,100,142.5,150,,,,,,,,,,,,,,,,,143.0,162,,,,,,,,,,,,,,,,,,
2026-07-07T15:01:47.026691+00:00,2026-07-07T15:01:47.026850,2,2,142.8,0.4,142.6,100,142.5,150,,,,,,,,,,,,,,,,,143.0,162,143.1,100,,,,,,,,,,,,,,,,
2026-07-07T15:01:47.125173+00:00,2026-07-07T15:01:47.125105,3,2,142.85,0.3,142.7,10,142.6,100,142.5,150,,,,,,,,,,,,,,,143.0,150,143.1,100,,,,,,,,,,,,,,,,
2026-07-07T15:01:47.130330+00:00,2026-07-07T15:01:47.130259,3,2,142.85,0.3,142.7,10,142.6,100,142.5,150,,,,,,,,,,,,,,,143.0,150,143.1,112,,,,,,,,,,,,,,,,
2026-07-07T15:01:47.750810+00:00,2026-07-07T15:01:47.750715,3,2,142.85,0.3,142.7,10,142.6,100,142.5,150,,,,,,,,,,,,,,,143.0,100,143.1,112,,,,,,,,,,,,,,,,
2026-07-07T15:01:48.389002+00:00,2026-07-07T15:01:48.388879,2,2,142.8,0.4,142.6,100,142.5,150,,,,,,,,,,,,,,,,,143.0,100,143.1,100,,,,,,,,,,,,,,,,
2026-07-07T15:01:48.394163+00:00,2026-07-07T15:01:48.394059,2,3,142.75,0.3,142.6,110,142.5,150,,,,,,,,,,,,,,,,,142.9,12,143.0,100,143.1,100,,,,,,,,,,,,,,
2026-07-07T15:01:49.126283+00:00,2026-07-07T15:01:49.126507,2,2,142.75,0.3,142.6,110,142.5,150,,,,,,,,,,,,,,,,,142.9,12,143.1,100,,,,,,,,,,,,,,,,
2026-07-07T15:01:49.131759+00:00,2026-07-07T15:01:49.131672,1,2,142.75,0.3,142.6,110,,,,,,,,,,,,,,,,,,,142.9,12,143.1,100,,,,,,,,,,,,,,,,
2026-07-07T15:01:49.184538+00:00,2026-07-07T15:01:49.184478,1,2,142.75,0.3,142.6,260,,,,,,,,,,,,,,,,,,,142.9,12,143.1,100,,,,,,,,,,,,,,,,
2026-07-07T15:01:49.236575+00:00,2026-07-07T15:01:49.236539,1,2,142.75,0.3,142.6,260,,,,,,,,,,,,,,,,,,,142.9,12,143.1,250,,,,,,,,,,,,,,,,
2026-07-07T15:01:49.649839+00:00,2026-07-07T15:01:49.649738,1,2,142.75,0.3,142.6,250,,,,,,,,,,,,,,,,,,,142.9,12,143.1,250,,,,,,,,,,,,,,,,
2026-07-07T15:01:49.655039+00:00,2026-07-07T15:01:49.654927,1,1,142.85,0.5,142.6,250,,,,,,,,,,,,,,,,,,,143.1,250,,,,,,,,,,,,,,,,,,
2026-07-07T15:01:49.660002+00:00,2026-07-07T15:01:49.660111,2,2,142.85,0.3,142.7,10,142.6,250,,,,,,,,,,,,,,,,,143.0,12,143.1,250,,,,,,,,,,,,,,,,
2026-07-07T15:01:49.868898+00:00,2026-07-07T15:01:49.868811,2,1,142.9,0.4,142.7,10,142.6,250,,,,,,,,,,,,,,,,,143.1,212,,,,,,,,,,,,,,,,,,
2026-07-07T15:01:50.080119+00:00,2026-07-07T15:01:50.080018,2,1,142.9,0.4,142.7,10,142.6,250,,,,,,,,,,,,,,,,,143.1,150,,,,,,,,,,,,,,,,,,
2026-07-07T15:01:50.085335+00:00,2026-07-07T15:01:50.085232,2,1,142.9,0.4,142.7,10,142.6,150,,,,,,,,,,,,,,,,,143.1,150,,,,,,,,,,,,,,,,,,
2026-07-07T15:01:50.130767+00:00,2026-07-07T15:01:50.130626,2,1,142.9,0.4,142.7,10,142.6,250,,,,,,,,,,,,,,,,,143.1,150,,,,,,,,,,,,,,,,,,
2026-07-07T15:01:50.188906+00:00,2026-07-07T15:01:50.189075,2,2,142.85,0.3,142.7,10,142.6,250,,,,,,,,,,,,,,,,,143.0,100,143.1,150,,,,,,,,,,,,,,,,
2026-07-07T15:01:50.890675+00:00,2026-07-07T15:01:50.890471,1,2,142.8,0.4,142.6,220,,,,,,,,,,,,,,,,,,,143.0,100,143.1,150,,,,,,,,,,,,,,,,
2026-07-07T15:01:52.026347+00:00,2026-07-07T15:01:52.026205,1,2,142.8,0.4,142.6,170,,,,,,,,,,,,,,,,,,,143.0,100,143.1,150,,,,,,,,,,,,,,,,
2026-07-07T15:01:52.052162+00:00,2026-07-07T15:01:52.052306,1,2,142.8,0.4,142.6,170,,,,,,,,,,,,,,,,,,,143.0,52,143.1,150,,,,,,,,,,,,,,,,
2026-07-07T15:01:52.185966+00:00,2026-07-07T15:01:52.185900,2,3,142.85,0.3,142.7,12,142.6,170,,,,,,,,,,,,,,,,,143.0,52,143.1,150,143.2,12,,,,,,,,,,,,,,
2026-07-07T15:01:52.290213+00:00,2026-07-07T15:01:52.290122,2,2,142.85,0.3,142.7,12,142.6,100,,,,,,,,,,,,,,,,,143.0,52,143.2,12,,,,,,,,,,,,,,,,
2026-07-07T15:01:52.347227+00:00,2026-07-07T15:01:52.347342,3,2,142.85,0.3,142.7,12,142.6,100,142.5,150,,,,,,,,,,,,,,,143.0,52,143.2,12,,,,,,,,,,,,,,,,
2026-07-07T15:01:52.401628+00:00,2026-07-07T15:01:52.401478,3,2,142.85,0.3,142.7,12,142.6,100,142.5,150,,,,,,,,,,,,,,,143.0,202,143.2,12,,,,,,,,,,,,,,,,
2026-07-07T15:01:52.690739+00:00,2026-07-07T15:01:52.690673,2,2,142.8,0.4,142.6,100,142.5,150,,,,,,,,,,,,,,,,,143.0,202,143.2,12,,,,,,,,,,,,,,,,
2026-07-07T15:01:52.695988+00:00,2026-07-07T15:01:52.695916,3,1,142.9,0.2,142.8,12,142.6,100,142.5,150,,,,,,,,,,,,,,,143.0,202,,,,,,,,,,,,,,,,,,
2026-07-07T15:01:52.701186+00:00,2026-07-07T15:01:52.701101,3,2,142.9,0.2,142.8,12,142.6,100,142.5,150,,,,,,,,,,,,,,,143.0,202,143.2,12,,,,,,,,,,,,,,,,
2026-07-07T15:01:53.110809+00:00,2026-07-07T15:01:53.110707,3,2,142.9,0.2,142.8,12,142.6,100,142.5,150,,,,,,,,,,,,,,,143.0,162,143.2,12,,,,,,,,,,,,,,,,
2026-07-07T15:01:53.248946+00:00,2026-07-07T15:01:53.248852,2,2,142.9,0.2,142.8,12,142.5,150,,,,,,,,,,,,,,,,,143.0,150,143.2,12,,,,,,,,,,,,,,,,
2026-07-07T15:01:53.307330+00:00,2026-07-07T15:01:53.307273,2,2,142.9,0.2,142.8,12,142.5,150,,,,,,,,,,,,,,,,,143.0,50,143.2,12,,,,,,,,,,,,,,,,
2026-07-07T15:01:53.366300+00:00,2026-07-07T15:01:53.366185,2,3,142.9,0.2,142.8,12,142.5,150,,,,,,,,,,,,,,,,,143.0,50,143.2,12,143.5,100,,,,,,,,,,,,,,
2026-07-07T15:01:54.089825+00:00,2026-07-07T15:01:54.090004,2,2,143.0,0.4,142.8,12,142.5,150,,,,,,,,,,,,,,,,,143.2,12,143.5,100,,,,,,,,,,,,,,,,
2026-07-07T15:01:54.709809+00:00,2026-07-07T15:01:54.709963,1,1,143.0,1.0,142.5,150,,,,,,,,,,,,,,,,,,,143.5,100,,,,,,,,,,,,,,,,,,
2026-07-07T15:01:54.715305+00:00,2026-07-07T15:01:54.715168,2,1,143.2,0.6,142.9,12,142.5,150,,,,,,,,,,,,,,,,,143.5,100,,,,,,,,,,,,,,,,,,
2026-07-07T15:01:54.720475+00:00,2026-07-07T15:01:54.720419,2,2,143.1,0.4,142.9,12,142.5,150,,,,,,,,,,,,,,,,,143.3,12,143.5,100,,,,,,,,,,,,,,,,
2026-07-07T15:01:55.454139+00:00,2026-07-07T15:01:55.454033,1,2,143.1,0.4,142.9,12,,,,,,,,,,,,,,,,,,,143.3,12,143.5,100,,,,,,,,,,,,,,,,
2026-07-07T15:01:55.532512+00:00,2026-07-07T15:01:55.523993,2,2,143.25,0.1,143.2,139,142.9,12,,,,,,,,,,,,,,,,,143.3,12,143.5,100,,,,,,,,,,,,,,,,
2026-07-07T15:01:55.564902+00:00,2026-07-07T15:01:55.564782,2,3,143.25,0.1,143.2,139,142.9,12,,,,,,,,,,,,,,,,,143.3,12,143.5,100,143.7,150,,,,,,,,,,,,,,
2026-07-07T15:01:55.836770+00:00,2026-07-07T15:01:55.836642,2,3,143.25,0.1,143.2,97,142.9,12,,,,,,,,,,,,,,,,,143.3,12,143.5,100,143.7,150,,,,,,,,,,,,,,
2026-07-07T15:01:56.029576+00:00,2026-07-07T15:01:56.023135,2,3,143.25,0.1,143.2,85,142.9,12,,,,,,,,,,,,,,,,,143.3,12,143.5,100,143.7,150,,,,,,,,,,,,,,
2026-07-07T15:01:56.202265+00:00,2026-07-07T15:01:56.202521,2,2,143.35,0.3,143.2,85,142.9,12,,,,,,,,,,,,,,,,,143.5,62,143.7,150,,,,,,,,,,,,,,,,
2026-07-07T15:01:56.228372+00:00,2026-07-07T15:01:56.228325,2,2,143.35,0.3,143.2,85,142.9,12,,,,,,,,,,,,,,,,,143.5,62,143.7,150,,,,,,,,,,,,,,,,
2026-07-07T15:01:56.233636+00:00,2026-07-07T15:01:56.233530,2,3,143.3,0.2,143.2,85,142.9,12,,,,,,,,,,,,,,,,,143.4,12,143.5,62,143.7,150,,,,,,,,,,,,,,
2026-07-07T15:01:56.416640+00:00,2026-07-07T15:01:56.416578,2,2,143.3,0.2,143.2,85,142.9,12,,,,,,,,,,,,,,,,,143.4,12,143.7,150,,,,,,,,,,,,,,,,
2026-07-07T15:01:56.472230+00:00,2026-07-07T15:01:56.472163,3,2,143.3,0.2,143.2,85,142.9,12,142.8,100,,,,,,,,,,,,,,,143.4,12,143.7,150,,,,,,,,,,,,,,,,
2026-07-07T15:01:56.527929+00:00,2026-07-07T15:01:56.527878,3,3,143.25,0.1,143.2,85,142.9,12,142.8,100,,,,,,,,,,,,,,,143.3,100,143.4,12,143.7,150,,,,,,,,,,,,,,
2026-07-07T15:01:56.743260+00:00,2026-07-07T15:01:56.743157,2,3,143.25,0.1,143.2,85,142.8,100,,,,,,,,,,,,,,,,,143.3,100,143.4,12,143.7,150,,,,,,,,,,,,,,
2026-07-07T15:01:56.748452+00:00,2026-07-07T15:01:56.748413,2,2,143.25,0.1,143.2,85,142.8,100,,,,,,,,,,,,,,,,,143.3,100,143.7,150,,,,,,,,,,,,,,,,
2026-07-07T15:01:56.758602+00:00,2026-07-07T15:01:56.753629,2,2,143.25,0.1,143.2,73,142.8,112,,,,,,,,,,,,,,,,,143.3,100,143.7,150,,,,,,,,,,,,,,,,
2026-07-07T15:01:58.020009+00:00,2026-07-07T15:01:58.019914,3,2,143.25,0.1,143.2,73,142.9,12,142.8,100,,,,,,,,,,,,,,,143.3,100,143.7,150,,,,,,,,,,,,,,,,
2026-07-07T15:01:58.025249+00:00,2026-07-07T15:01:58.025115,3,2,143.25,0.1,143.2,73,142.9,12,142.8,100,,,,,,,,,,,,,,,143.3,112,143.7,150,,,,,,,,,,,,,,,,
2026-07-07T15:01:58.330184+00:00,2026-07-07T15:01:58.330068,3,2,143.25,0.1,143.2,73,142.9,12,142.8,100,,,,,,,,,,,,,,,143.3,62,143.7,150,,,,,,,,,,,,,,,,
2026-07-07T15:01:58.618838+00:00,2026-07-07T15:01:58.618742,2,1,143.1,0.4,142.9,12,142.8,100,,,,,,,,,,,,,,,,,143.3,62,,,,,,,,,,,,,,,,,,
2026-07-07T15:01:58.672959+00:00,2026-07-07T15:01:58.672844,2,1,143.1,0.4,142.9,162,142.8,100,,,,,,,,,,,,,,,,,143.3,62,,,,,,,,,,,,,,,,,,
2026-07-07T15:01:58.721868+00:00,2026-07-07T15:01:58.721762,2,2,143.1,0.4,142.9,162,142.8,100,,,,,,,,,,,,,,,,,143.3,62,143.4,150,,,,,,,,,,,,,,,,
2026-07-07T15:01:59.592608+00:00,2026-07-07T15:01:59.592523,1,2,143.1,0.4,142.9,162,,,,,,,,,,,,,,,,,,,143.3,12,143.4,150,,,,,,,,,,,,,,,,
2026-07-07T15:01:59.647292+00:00,2026-07-07T15:01:59.647170,2,2,143.15,0.3,143.0,100,142.9,162,,,,,,,,,,,,,,,,,143.3,12,143.4,150,,,,,,,,,,,,,,,,
2026-07-07T15:01:59.701654+00:00,2026-07-07T15:01:59.701779,2,3,143.15,0.3,143.0,100,142.9,162,,,,,,,,,,,,,,,,,143.3,12,143.4,150,143.5,100,,,,,,,,,,,,,,
2026-07-07T15:02:00.439238+00:00,2026-07-07T15:02:00.439193,2,2,143.2,0.4,143.0,100,142.9,162,,,,,,,,,,,,,,,,,143.4,150,143.5,100,,,,,,,,,,,,,,,,
2026-07-07T15:02:01.779503+00:00,2026-07-07T15:02:01.779466,2,1,143.25,0.5,143.0,100,142.9,12,,,,,,,,,,,,,,,,,143.5,100,,,,,,,,,,,,,,,,,,
2026-07-07T15:02:01.832274+00:00,2026-07-07T15:02:01.832184,3,1,143.25,0.5,143.0,100,142.9,12,142.8,150,,,,,,,,,,,,,,,143.5,100,,,,,,,,,,,,,,,,,,
2026-07-07T15:02:01.888584+00:00,2026-07-07T15:02:01.888484,3,2,143.15,0.3,143.0,100,142.9,12,142.8,150,,,,,,,,,,,,,,,143.3,150,143.5,100,,,,,,,,,,,,,,,,
2026-07-07T15:02:02.758560+00:00,2026-07-07T15:02:02.757321,2,1,143.1,0.4,142.9,12,142.8,150,,,,,,,,,,,,,,,,,143.3,150,,,,,,,,,,,,,,,,,,
2026-07-07T15:02:02.807604+00:00,2026-07-07T15:02:02.807678,3,1,143.2,0.2,143.1,100,142.9,12,142.8,150,,,,,,,,,,,,,,,143.3,150,,,,,,,,,,,,,,,,,,
2026-07-07T15:02:02.858584+00:00,2026-07-07T15:02:02.855664,3,2,143.2,0.2,143.1,100,142.9,12,142.8,150,,,,,,,,,,,,,,,143.3,150,143.6,100,,,,,,,,,,,,,,,,
2026-07-07T15:02:04.551086+00:00,2026-07-07T15:02:04.551048,2,2,143.2,0.2,143.1,100,142.8,162,,,,,,,,,,,,,,,,,143.3,150,143.6,100,,,,,,,,,,,,,,,,
2026-07-07T15:02:04.556136+00:00,2026-07-07T15:02:04.556235,2,3,143.15,0.1,143.1,100,142.8,162,,,,,,,,,,,,,,,,,143.2,12,143.3,150,143.6,100,,,,,,,,,,,,,,
2026-07-07T15:02:04.651413+00:00,2026-07-07T15:02:04.651324,2,2,143.2,0.2,143.1,100,142.8,162,,,,,,,,,,,,,,,,,143.3,150,143.6,100,,,,,,,,,,,,,,,,
2026-07-07T15:02:04.942897+00:00,2026-07-07T15:02:04.942767,2,1,143.35,0.5,143.1,100,142.8,12,,,,,,,,,,,,,,,,,143.6,100,,,,,,,,,,,,,,,,,,
2026-07-07T15:02:04.996333+00:00,2026-07-07T15:02:04.996191,2,1,143.35,0.5,143.1,100,142.8,162,,,,,,,,,,,,,,,,,143.6,100,,,,,,,,,,,,,,,,,,
2026-07-07T15:02:05.051327+00:00,2026-07-07T15:02:05.051234,2,2,143.2,0.2,143.1,100,142.8,162,,,,,,,,,,,,,,,,,143.3,150,143.6,100,,,,,,,,,,,,,,,,
2026-07-07T15:02:05.314427+00:00,2026-07-07T15:02:05.314175,2,2,143.2,0.2,143.1,100,142.8,150,,,,,,,,,,,,,,,,,143.3,150,143.6,100,,,,,,,,,,,,,,,,
2026-07-07T15:02:05.319258+00:00,2026-07-07T15:02:05.319400,3,2,143.2,0.2,143.1,100,143.0,12,142.8,150,,,,,,,,,,,,,,,143.3,150,143.6,100,,,,,,,,,,,,,,,,
2026-07-07T15:02:05.324658+00:00,2026-07-07T15:02:05.324587,3,2,143.2,0.2,143.1,100,143.0,12,142.8,150,,,,,,,,,,,,,,,143.3,162,143.6,100,,,,,,,,,,,,,,,,
2026-07-07T15:02:05.928845+00:00,2026-07-07T15:02:05.928749,2,1,143.15,0.3,143.0,12,142.8,150,,,,,,,,,,,,,,,,,143.3,162,,,,,,,,,,,,,,,,,,
2026-07-07T15:02:05.980753+00:00,2026-07-07T15:02:05.980660,2,1,143.15,0.3,143.0,112,142.8,150,,,,,,,,,,,,,,,,,143.3,162,,,,,,,,,,,,,,,,,,
2026-07-07T15:02:06.033477+00:00,2026-07-07T15:02:06.033446,2,2,143.15,0.3,143.0,112,142.8,150,,,,,,,,,,,,,,,,,143.3,162,143.5,100,,,,,,,,,,,,,,,,
2026-07-07T15:02:06.577144+00:00,2026-07-07T15:02:06.577105,2,2,143.15,0.3,143.0,100,142.8,150,,,,,,,,,,,,,,,,,143.3,162,143.5,100,,,,,,,,,,,,,,,,
2026-07-07T15:02:06.582403+00:00,2026-07-07T15:02:06.582321,2,2,143.15,0.3,143.0,100,142.8,162,,,,,,,,,,,,,,,,,143.3,150,143.5,100,,,,,,,,,,,,,,,,
2026-07-07T15:02:06.587551+00:00,2026-07-07T15:02:06.587495,2,3,143.1,0.2,143.0,100,142.8,162,,,,,,,,,,,,,,,,,143.2,12,143.3,150,143.5,100,,,,,,,,,,,,,,
2026-07-07T15:02:07.737913+00:00,2026-07-07T15:02:07.737810,2,3,143.1,0.2,143.0,51,142.8,162,,,,,,,,,,,,,,,,,143.2,12,143.3,150,143.5,100,,,,,,,,,,,,,,
2026-07-07T15:02:08.106185+00:00,2026-07-07T15:02:08.106097,2,2,143.1,0.2,143.0,51,142.8,12,,,,,,,,,,,,,,,,,143.2,12,143.5,100,,,,,,,,,,,,,,,,
2026-07-07T15:02:08.163832+00:00,2026-07-07T15:02:08.163776,3,2,143.1,0.2,143.0,51,142.8,12,142.6,150,,,,,,,,,,,,,,,143.2,12,143.5,100,,,,,,,,,,,,,,,,
2026-07-07T15:02:08.214173+00:00,2026-07-07T15:02:08.214285,3,3,143.05,0.1,143.0,51,142.8,12,142.6,150,,,,,,,,,,,,,,,143.1,150,143.2,12,143.5,100,,,,,,,,,,,,,,
2026-07-07T15:02:08.346948+00:00,2026-07-07T15:02:08.346886,2,2,143.05,0.1,143.0,51,142.6,150,,,,,,,,,,,,,,,,,143.1,150,143.5,100,,,,,,,,,,,,,,,,
2026-07-07T15:02:08.358929+00:00,2026-07-07T15:02:08.358709,3,2,143.05,0.1,143.0,51,142.8,12,142.6,150,,,,,,,,,,,,,,,143.1,150,143.5,100,,,,,,,,,,,,,,,,
2026-07-07T15:02:08.363815+00:00,2026-07-07T15:02:08.363913,3,2,143.05,0.1,143.0,51,142.8,12,142.6,150,,,,,,,,,,,,,,,143.1,162,143.5,100,,,,,,,,,,,,,,,,
2026-07-07T15:02:08.858585+00:00,2026-07-07T15:02:08.853029,3,2,143.05,0.1,143.0,51,142.8,12,142.6,150,,,,,,,,,,,,,,,143.1,112,143.5,100,,,,,,,,,,,,,,,,
2026-07-07T15:02:09.091217+00:00,2026-07-07T15:02:09.091190,2,1,142.95,0.3,142.8,12,142.6,150,,,,,,,,,,,,,,,,,143.1,112,,,,,,,,,,,,,,,,,,
2026-07-07T15:02:09.147483+00:00,2026-07-07T15:02:09.147401,2,1,142.95,0.3,142.8,12,142.6,250,,,,,,,,,,,,,,,,,143.1,112,,,,,,,,,,,,,,,,,,
2026-07-07T15:02:09.199920+00:00,2026-07-07T15:02:09.199781,2,1,142.95,0.3,142.8,12,142.6,250,,,,,,,,,,,,,,,,,143.1,212,,,,,,,,,,,,,,,,,,
2026-07-07T15:02:09.258577+00:00,2026-07-07T15:02:09.257232,2,1,142.95,0.3,142.8,12,142.6,250,,,,,,,,,,,,,,,,,143.1,163,,,,,,,,,,,,,,,,,,
2026-07-07T15:02:10.469081+00:00,2026-07-07T15:02:10.462450,2,1,142.95,0.3,142.8,12,142.6,250,,,,,,,,,,,,,,,,,143.1,151,,,,,,,,,,,,,,,,,,
2026-07-07T15:02:10.613339+00:00,2026-07-07T15:02:10.613265,1,1,142.85,0.5,142.6,250,,,,,,,,,,,,,,,,,,,143.1,151,,,,,,,,,,,,,,,,,,
2026-07-07T15:02:10.618562+00:00,2026-07-07T15:02:10.618475,2,1,143.0,0.2,142.9,12,142.6,250,,,,,,,,,,,,,,,,,143.1,139,,,,,,,,,,,,,,,,,,
2026-07-07T15:02:10.623722+00:00,2026-07-07T15:02:10.623637,2,2,143.0,0.2,142.9,12,142.6,250,,,,,,,,,,,,,,,,,143.1,139,143.3,12,,,,,,,,,,,,,,,,
2026-07-07T15:02:11.264614+00:00,2026-07-07T15:02:11.264737,2,2,143.0,0.2,142.9,12,142.6,250,,,,,,,,,,,,,,,,,143.1,100,143.3,12,,,,,,,,,,,,,,,,
2026-07-07T15:02:11.269804+00:00,2026-07-07T15:02:11.269883,2,2,143.0,0.2,142.9,12,142.6,100,,,,,,,,,,,,,,,,,143.1,100,143.3,12,,,,,,,,,,,,,,,,
2026-07-07T15:02:11.324182+00:00,2026-07-07T15:02:11.324067,3,0,,,143.4,38,142.9,12,142.6,100,,,,,,,,,,,,,,,,,,,,,,,,,,,,,,,,,,
2026-07-07T15:02:11.392144+00:00,2026-07-07T15:02:11.384205,3,1,143.65,0.5,143.4,15,142.9,12,142.6,100,,,,,,,,,,,,,,,143.9,150,,,,,,,,,,,,,,,,,,
2026-07-07T15:02:11.446051+00:00,2026-07-07T15:02:11.445990,1,1,143.25,1.3,142.6,84,,,,,,,,,,,,,,,,,,,143.9,150,,,,,,,,,,,,,,,,,,
2026-07-07T15:02:11.658598+00:00,2026-07-07T15:02:11.654204,2,2,143.25,1.1,142.7,12,142.6,84,,,,,,,,,,,,,,,,,143.8,12,143.9,150,,,,,,,,,,,,,,,,
2026-07-07T15:02:12.268695+00:00,2026-07-07T15:02:12.268837,1,2,143.25,1.1,142.7,12,,,,,,,,,,,,,,,,,,,143.8,12,143.9,150,,,,,,,,,,,,,,,,
2026-07-07T15:02:12.316269+00:00,2026-07-07T15:02:12.316144,2,2,143.35,0.9,142.9,100,142.7,12,,,,,,,,,,,,,,,,,143.8,12,143.9,150,,,,,,,,,,,,,,,,
2026-07-07T15:02:12.369350+00:00,2026-07-07T15:02:12.369202,2,3,143.15,0.5,142.9,100,142.7,12,,,,,,,,,,,,,,,,,143.4,100,143.8,12,143.9,150,,,,,,,,,,,,,,
2026-07-07T15:02:12.419838+00:00,2026-07-07T15:02:12.419785,1,2,143.15,0.5,142.9,100,,,,,,,,,,,,,,,,,,,143.4,100,143.9,150,,,,,,,,,,,,,,,,
2026-07-07T15:02:12.430097+00:00,2026-07-07T15:02:12.430245,2,3,143.1,0.4,142.9,100,142.8,12,,,,,,,,,,,,,,,,,143.3,12,143.4,100,143.9,150,,,,,,,,,,,,,,
2026-07-07T15:02:12.711408+00:00,2026-07-07T15:02:12.711311,2,2,143.15,0.5,142.9,100,142.8,12,,,,,,,,,,,,,,,,,143.4,70,143.9,150,,,,,,,,,,,,,,,,
2026-07-07T15:02:13.121315+00:00,2026-07-07T15:02:13.121206,2,2,143.15,0.5,142.9,50,142.8,12,,,,,,,,,,,,,,,,,143.4,70,143.9,150,,,,,,,,,,,,,,,,
2026-07-07T15:02:13.351559+00:00,2026-07-07T15:02:13.351404,2,2,143.15,0.5,142.9,5,142.8,12,,,,,,,,,,,,,,,,,143.4,70,143.9,150,,,,,,,,,,,,,,,,
2026-07-07T15:02:14.433865+00:00,2026-07-07T15:02:14.433821,2,1,143.15,0.5,142.9,5,142.8,12,,,,,,,,,,,,,,,,,143.4,70,,,,,,,,,,,,,,,,,,
2026-07-07T15:02:14.487738+00:00,2026-07-07T15:02:14.487649,3,1,143.15,0.5,142.9,5,142.8,12,142.3,150,,,,,,,,,,,,,,,143.4,70,,,,,,,,,,,,,,,,,,
2026-07-07T15:02:14.540580+00:00,2026-07-07T15:02:14.540502,1,2,142.55,0.5,142.3,150,,,,,,,,,,,,,,,,,,,142.8,133,143.4,70,,,,,,,,,,,,,,,,
2026-07-07T15:02:14.695058+00:00,2026-07-07T15:02:14.695024,2,2,142.6,0.4,142.4,12,142.3,150,,,,,,,,,,,,,,,,,142.8,133,143.4,70,,,,,,,,,,,,,,,,
2026-07-07T15:02:14.700380+00:00,2026-07-07T15:02:14.700201,2,3,142.6,0.4,142.4,12,142.3,150,,,,,,,,,,,,,,,,,142.8,133,143.0,12,143.4,70,,,,,,,,,,,,,,
2026-07-07T15:02:15.228339+00:00,2026-07-07T15:02:15.228275,1,3,142.55,0.5,142.3,112,,,,,,,,,,,,,,,,,,,142.8,133,143.0,12,143.4,70,,,,,,,,,,,,,,
2026-07-07T15:02:15.424683+00:00,2026-07-07T15:02:15.424522,1,2,142.55,0.5,142.3,112,,,,,,,,,,,,,,,,,,,142.8,133,143.0,12,,,,,,,,,,,,,,,,
2026-07-07T15:02:15.477977+00:00,2026-07-07T15:02:15.477879,2,2,142.65,0.3,142.5,100,142.3,112,,,,,,,,,,,,,,,,,142.8,133,143.0,12,,,,,,,,,,,,,,,,
2026-07-07T15:02:15.530100+00:00,2026-07-07T15:02:15.530043,2,2,142.65,0.3,142.5,100,142.3,112,,,,,,,,,,,,,,,,,142.8,133,143.0,112,,,,,,,,,,,,,,,,
2026-07-07T15:02:15.718998+00:00,2026-07-07T15:02:15.714475,3,2,142.7,0.2,142.6,12,142.5,100,142.3,112,,,,,,,,,,,,,,,142.8,110,143.0,112,,,,,,,,,,,,,,,,
2026-07-07T15:02:17.231416+00:00,2026-07-07T15:02:17.231331,2,2,142.65,0.3,142.5,100,142.3,112,,,,,,,,,,,,,,,,,142.8,110,143.0,100,,,,,,,,,,,,,,,,
2026-07-07T15:02:17.236612+00:00,2026-07-07T15:02:17.236562,3,3,142.7,0.2,142.6,12,142.5,100,142.3,112,,,,,,,,,,,,,,,142.8,110,142.9,12,143.0,100,,,,,,,,,,,,,,
2026-07-07T15:02:17.337994+00:00,2026-07-07T15:02:17.338183,2,3,142.65,0.3,142.5,62,142.3,112,,,,,,,,,,,,,,,,,142.8,110,142.9,12,143.0,100,,,,,,,,,,,,,,
2026-07-07T15:02:17.597641+00:00,2026-07-07T15:02:17.597783,1,2,142.7,0.4,142.5,62,,,,,,,,,,,,,,,,,,,142.9,12,143.0,100,,,,,,,,,,,,,,,,
2026-07-07T15:02:17.652319+00:00,2026-07-07T15:02:17.652191,2,2,142.7,0.4,142.5,62,142.3,150,,,,,,,,,,,,,,,,,142.9,12,143.0,100,,,,,,,,,,,,,,,,
2026-07-07T15:02:17.711913+00:00,2026-07-07T15:02:17.711832,2,3,142.65,0.3,142.5,62,142.3,150,,,,,,,,,,,,,,,,,142.8,150,142.9,12,143.0,100,,,,,,,,,,,,,,
2026-07-07T15:02:18.585322+00:00,2026-07-07T15:02:18.585276,1,2,142.55,0.5,142.3,150,,,,,,,,,,,,,,,,,,,142.8,150,142.9,12,,,,,,,,,,,,,,,,
2026-07-07T15:02:18.646981+00:00,2026-07-07T15:02:18.646902,2,2,142.6,0.4,142.4,100,142.3,150,,,,,,,,,,,,,,,,,142.8,150,142.9,12,,,,,,,,,,,,,,,,
2026-07-07T15:02:18.697040+00:00,2026-07-07T15:02:18.696976,2,2,142.6,0.4,142.4,100,142.3,150,,,,,,,,,,,,,,,,,142.8,150,142.9,112,,,,,,,,,,,,,,,,
2026-07-07T15:02:19.448288+00:00,2026-07-07T15:02:19.448179,2,2,142.6,0.4,142.4,50,142.3,150,,,,,,,,,,,,,,,,,142.8,150,142.9,112,,,,,,,,,,,,,,,,
2026-07-07T15:02:19.758645+00:00,2026-07-07T15:02:19.751486,2,2,142.6,0.4,142.4,62,142.3,150,,,,,,,,,,,,,,,,,142.8,162,142.9,100,,,,,,,,,,,,,,,,
2026-07-07T15:02:20.758569+00:00,2026-07-07T15:02:20.756965,1,2,142.6,0.4,142.4,62,,,,,,,,,,,,,,,,,,,142.8,12,142.9,100,,,,,,,,,,,,,,,,
2026-07-07T15:02:20.815063+00:00,2026-07-07T15:02:20.815013,2,2,142.6,0.4,142.4,62,142.0,150,,,,,,,,,,,,,,,,,142.8,12,142.9,100,,,,,,,,,,,,,,,,
2026-07-07T15:02:20.869168+00:00,2026-07-07T15:02:20.869089,2,3,142.45,0.1,142.4,62,142.0,150,,,,,,,,,,,,,,,,,142.5,150,142.8,12,142.9,100,,,,,,,,,,,,,,
2026-07-07T15:02:21.558645+00:00,2026-07-07T15:02:21.556833,2,3,142.45,0.1,142.4,12,142.0,150,,,,,,,,,,,,,,,,,142.5,150,142.8,12,142.9,100,,,,,,,,,,,,,,
2026-07-07T15:02:21.745753+00:00,2026-07-07T15:02:21.736402,2,3,142.45,0.1,142.4,12,142.0,150,,,,,,,,,,,,,,,,,142.5,128,142.8,12,142.9,100,,,,,,,,,,,,,,
2026-07-07T15:02:21.761431+00:00,2026-07-07T15:02:21.761201,2,2,142.45,0.1,142.4,12,142.0,150,,,,,,,,,,,,,,,,,142.5,128,142.8,12,,,,,,,,,,,,,,,,
2026-07-07T15:02:21.807306+00:00,2026-07-07T15:02:21.807167,3,2,142.45,0.1,142.4,12,142.2,100,142.0,150,,,,,,,,,,,,,,,142.5,128,142.8,12,,,,,,,,,,,,,,,,
2026-07-07T15:02:21.870723+00:00,2026-07-07T15:02:21.870629,3,3,142.45,0.1,142.4,12,142.2,100,142.0,150,,,,,,,,,,,,,,,142.5,128,142.7,100,142.8,12,,,,,,,,,,,,,,
2026-07-07T15:02:23.911878+00:00,2026-07-07T15:02:23.911779,3,3,142.45,0.1,142.4,12,142.2,100,142.0,150,,,,,,,,,,,,,,,142.5,84,142.7,100,142.8,12,,,,,,,,,,,,,,
2026-07-07T15:02:23.922085+00:00,2026-07-07T15:02:23.922235,2,2,142.55,0.3,142.4,12,142.2,100,,,,,,,,,,,,,,,,,142.7,100,142.8,12,,,,,,,,,,,,,,,,
2026-07-07T15:02:23.978377+00:00,2026-07-07T15:02:23.978274,3,2,142.65,0.1,142.6,150,142.4,12,142.2,100,,,,,,,,,,,,,,,142.7,100,142.8,12,,,,,,,,,,,,,,,,
2026-07-07T15:02:24.024563+00:00,2026-07-07T15:02:24.024510,2,1,142.65,0.1,142.6,150,142.2,100,,,,,,,,,,,,,,,,,142.7,100,,,,,,,,,,,,,,,,,,
2026-07-07T15:02:24.029606+00:00,2026-07-07T15:02:24.029768,2,3,142.65,0.1,142.6,162,142.2,100,,,,,,,,,,,,,,,,,142.7,100,142.9,12,143.1,150,,,,,,,,,,,,,,
2026-07-07T15:02:24.910855+00:00,2026-07-07T15:02:24.902972,2,3,142.65,0.1,142.6,140,142.2,100,,,,,,,,,,,,,,,,,142.7,100,142.9,12,143.1,150,,,,,,,,,,,,,,
2026-07-07T15:02:24.926405+00:00,2026-07-07T15:02:24.926260,1,2,142.75,0.3,142.6,140,,,,,,,,,,,,,,,,,,,142.9,12,143.1,150,,,,,,,,,,,,,,,,
2026-07-07T15:02:24.973295+00:00,2026-07-07T15:02:24.973205,2,2,142.75,0.3,142.6,140,141.9,100,,,,,,,,,,,,,,,,,142.9,12,143.1,150,,,,,,,,,,,,,,,,
2026-07-07T15:02:25.026492+00:00,2026-07-07T15:02:25.026431,2,2,142.75,0.3,142.6,40,141.9,100,,,,,,,,,,,,,,,,,142.9,12,143.1,150,,,,,,,,,,,,,,,,
2026-07-07T15:02:25.289532+00:00,2026-07-07T15:02:25.289447,2,1,142.85,0.5,142.6,28,141.9,100,,,,,,,,,,,,,,,,,143.1,150,,,,,,,,,,,,,,,,,,
2026-07-07T15:02:25.294530+00:00,2026-07-07T15:02:25.294612,3,1,142.85,0.5,142.6,28,142.5,12,141.9,100,,,,,,,,,,,,,,,143.1,150,,,,,,,,,,,,,,,,,,
2026-07-07T15:02:25.299905+00:00,2026-07-07T15:02:25.299799,3,2,142.7,0.2,142.6,28,142.5,12,141.9,100,,,,,,,,,,,,,,,142.8,12,143.1,150,,,,,,,,,,,,,,,,
2026-07-07T15:02:25.718791+00:00,2026-07-07T15:02:25.718723,3,1,142.85,0.5,142.6,28,142.5,12,141.9,100,,,,,,,,,,,,,,,143.1,112,,,,,,,,,,,,,,,,,,
2026-07-07T15:02:25.803765+00:00,2026-07-07T15:02:25.803663,2,1,142.85,0.5,142.6,28,141.9,100,,,,,,,,,,,,,,,,,143.1,112,,,,,,,,,,,,,,,,,,
2026-07-07T15:02:25.808903+00:00,2026-07-07T15:02:25.808878,3,2,142.8,0.4,142.6,28,142.5,12,141.9,100,,,,,,,,,,,,,,,143.0,12,143.1,112,,,,,,,,,,,,,,,,
2026-07-07T15:02:27.085869+00:00,2026-07-07T15:02:27.085808,2,1,142.75,0.5,142.5,12,141.9,100,,,,,,,,,,,,,,,,,143.0,12,,,,,,,,,,,,,,,,,,
2026-07-07T15:02:27.143572+00:00,2026-07-07T15:02:27.143439,3,1,142.75,0.5,142.5,12,142.0,150,141.9,100,,,,,,,,,,,,,,,143.0,12,,,,,,,,,,,,,,,,,,
2026-07-07T15:02:27.197786+00:00,2026-07-07T15:02:27.197649,2,2,142.25,0.5,142.0,150,141.9,100,,,,,,,,,,,,,,,,,142.5,138,143.0,12,,,,,,,,,,,,,,,,
2026-07-07T15:02:27.321849+00:00,2026-07-07T15:02:27.321700,2,1,142.25,0.5,142.0,150,141.9,100,,,,,,,,,,,,,,,,,142.5,138,,,,,,,,,,,,,,,,,,
2026-07-07T15:02:27.327044+00:00,2026-07-07T15:02:27.326953,3,2,142.3,0.4,142.1,12,142.0,150,141.9,100,,,,,,,,,,,,,,,142.5,138,142.7,12,,,,,,,,,,,,,,,,
2026-07-07T15:02:27.535286+00:00,2026-07-07T15:02:27.529296,3,2,142.3,0.4,142.1,12,142.0,150,141.9,100,,,,,,,,,,,,,,,142.5,127,142.7,12,,,,,,,,,,,,,,,,
2026-07-07T15:02:27.826994+00:00,2026-07-07T15:02:27.826914,3,2,142.3,0.4,142.1,12,142.0,150,141.9,100,,,,,,,,,,,,,,,142.5,77,142.7,12,,,,,,,,,,,,,,,,
2026-07-07T15:02:27.840887+00:00,2026-07-07T15:02:27.840776,2,1,142.25,0.5,142.0,150,141.9,100,,,,,,,,,,,,,,,,,142.5,77,,,,,,,,,,,,,,,,,,
2026-07-07T15:02:27.846133+00:00,2026-07-07T15:02:27.846033,3,2,142.35,0.3,142.2,12,142.0,150,141.9,100,,,,,,,,,,,,,,,142.5,77,142.9,12,,,,,,,,,,,,,,,,
2026-07-07T15:02:28.085518+00:00,2026-07-07T15:02:28.085296,2,2,142.35,0.3,142.2,12,142.0,150,,,,,,,,,,,,,,,,,142.5,77,142.9,12,,,,,,,,,,,,,,,,
2026-07-07T15:02:28.104651+00:00,2026-07-07T15:02:28.104552,1,1,142.25,0.5,142.0,150,,,,,,,,,,,,,,,,,,,142.5,77,,,,,,,,,,,,,,,,,,
2026-07-07T15:02:28.109996+00:00,2026-07-07T15:02:28.109875,2,2,142.4,0.2,142.3,12,142.0,150,,,,,,,,,,,,,,,,,142.5,77,142.9,12,,,,,,,,,,,,,,,,
2026-07-07T15:02:28.136515+00:00,2026-07-07T15:02:28.136622,3,2,142.45,0.1,142.4,100,142.3,12,142.0,150,,,,,,,,,,,,,,,142.5,77,142.9,12,,,,,,,,,,,,,,,,
2026-07-07T15:02:28.189000+00:00,2026-07-07T15:02:28.188964,3,2,142.45,0.1,142.4,100,142.3,12,142.0,150,,,,,,,,,,,,,,,142.5,77,142.9,112,,,,,,,,,,,,,,,,
2026-07-07T15:02:28.617179+00:00,2026-07-07T15:02:28.617074,2,2,142.45,0.1,142.4,100,142.0,150,,,,,,,,,,,,,,,,,142.5,77,142.9,100,,,,,,,,,,,,,,,,
2026-07-07T15:02:28.622393+00:00,2026-07-07T15:02:28.622286,2,2,142.45,0.1,142.4,100,142.0,150,,,,,,,,,,,,,,,,,142.5,65,142.9,100,,,,,,,,,,,,,,,,
2026-07-07T15:02:28.627557+00:00,2026-07-07T15:02:28.627457,2,2,142.45,0.1,142.4,100,142.0,150,,,,,,,,,,,,,,,,,142.5,65,142.9,112,,,,,,,,,,,,,,,,
2026-07-07T15:02:29.209241+00:00,2026-07-07T15:02:29.209180,2,2,142.45,0.1,142.4,60,142.0,150,,,,,,,,,,,,,,,,,142.5,65,142.9,112,,,,,,,,,,,,,,,,
2026-07-07T15:02:29.935235+00:00,2026-07-07T15:02:29.935136,2,2,142.45,0.1,142.4,60,142.0,150,,,,,,,,,,,,,,,,,142.5,15,142.9,112,,,,,,,,,,,,,,,,
2026-07-07T15:02:30.254915+00:00,2026-07-07T15:02:30.254887,1,1,142.65,0.5,142.4,60,,,,,,,,,,,,,,,,,,,142.9,112,,,,,,,,,,,,,,,,,,
2026-07-07T15:02:30.322162+00:00,2026-07-07T15:02:30.314734,2,1,142.75,0.3,142.6,139,142.4,60,,,,,,,,,,,,,,,,,142.9,112,,,,,,,,,,,,,,,,,,
2026-07-07T15:02:30.363863+00:00,2026-07-07T15:02:30.363810,2,2,142.75,0.3,142.6,139,142.4,60,,,,,,,,,,,,,,,,,142.9,112,143.1,150,,,,,,,,,,,,,,,,
2026-07-07T15:02:31.242135+00:00,2026-07-07T15:02:31.242076,1,2,142.75,0.3,142.6,139,,,,,,,,,,,,,,,,,,,142.9,12,143.1,150,,,,,,,,,,,,,,,,
2026-07-07T15:02:31.299633+00:00,2026-07-07T15:02:31.299512,2,2,142.75,0.3,142.6,139,142.1,100,,,,,,,,,,,,,,,,,142.9,12,143.1,150,,,,,,,,,,,,,,,,
2026-07-07T15:02:31.350381+00:00,2026-07-07T15:02:31.350346,2,2,142.75,0.3,142.6,39,142.1,100,,,,,,,,,,,,,,,,,142.9,12,143.1,150,,,,,,,,,,,,,,,,
2026-07-07T15:02:31.639060+00:00,2026-07-07T15:02:31.638996,2,1,142.85,0.5,142.6,39,142.1,100,,,,,,,,,,,,,,,,,143.1,150,,,,,,,,,,,,,,,,,,
2026-07-07T15:02:31.644207+00:00,2026-07-07T15:02:31.644149,3,1,142.85,0.5,142.6,39,142.5,12,142.1,100,,,,,,,,,,,,,,,143.1,150,,,,,,,,,,,,,,,,,,
2026-07-07T15:02:31.649373+00:00,2026-07-07T15:02:31.649314,3,2,142.7,0.2,142.6,39,142.5,12,142.1,100,,,,,,,,,,,,,,,142.8,12,143.1,150,,,,,,,,,,,,,,,,
2026-07-07T15:02:32.093387+00:00,2026-07-07T15:02:32.093312,2,2,142.65,0.3,142.5,1,142.1,100,,,,,,,,,,,,,,,,,142.8,12,143.1,150,,,,,,,,,,,,,,,,
2026-07-07T15:02:32.692565+00:00,2026-07-07T15:02:32.692728,2,1,142.8,0.6,142.5,1,142.1,100,,,,,,,,,,,,,,,,,143.1,115,,,,,,,,,,,,,,,,,,
2026-07-07T15:02:32.747454+00:00,2026-07-07T15:02:32.747363,1,1,142.6,1.0,142.1,100,,,,,,,,,,,,,,,,,,,143.1,115,,,,,,,,,,,,,,,,,,
2026-07-07T15:02:32.906732+00:00,2026-07-07T15:02:32.906821,2,1,142.65,0.9,142.2,12,142.1,100,,,,,,,,,,,,,,,,,143.1,115,,,,,,,,,,,,,,,,,,
2026-07-07T15:02:32.912064+00:00,2026-07-07T15:02:32.911993,2,2,142.6,0.8,142.2,12,142.1,100,,,,,,,,,,,,,,,,,143.0,12,143.1,115,,,,,,,,,,,,,,,,
2026-07-07T15:02:33.419072+00:00,2026-07-07T15:02:33.418946,1,1,142.55,0.9,142.1,100,,,,,,,,,,,,,,,,,,,143.0,12,,,,,,,,,,,,,,,,,,
2026-07-07T15:02:33.458632+00:00,2026-07-07T15:02:33.457312,2,1,142.6,0.6,142.3,12,142.1,100,,,,,,,,,,,,,,,,,142.9,12,,,,,,,,,,,,,,,,,,
2026-07-07T15:02:33.471109+00:00,2026-07-07T15:02:33.470968,3,1,142.6,0.6,142.3,12,142.2,150,142.1,100,,,,,,,,,,,,,,,142.9,12,,,,,,,,,,,,,,,,,,
2026-07-07T15:02:33.524939+00:00,2026-07-07T15:02:33.524823,3,2,142.5,0.4,142.3,12,142.2,150,142.1,100,,,,,,,,,,,,,,,142.7,150,142.9,12,,,,,,,,,,,,,,,,
2026-07-07T15:02:33.970388+00:00,2026-07-07T15:02:33.970330,2,1,142.45,0.5,142.2,150,142.1,100,,,,,,,,,,,,,,,,,142.7,150,,,,,,,,,,,,,,,,,,
2026-07-07T15:02:33.975535+00:00,2026-07-07T15:02:33.975510,3,2,142.55,0.3,142.4,12,142.2,150,142.1,100,,,,,,,,,,,,,,,142.7,150,142.8,12,,,,,,,,,,,,,,,,
2026-07-07T15:02:34.158661+00:00,2026-07-07T15:02:34.152492,3,2,142.55,0.3,142.4,12,142.2,150,142.1,100,,,,,,,,,,,,,,,142.7,100,142.8,12,,,,,,,,,,,,,,,,
2026-07-07T15:02:34.407227+00:00,2026-07-07T15:02:34.407310,2,2,142.55,0.3,142.4,12,142.2,150,,,,,,,,,,,,,,,,,142.7,100,142.8,12,,,,,,,,,,,,,,,,
2026-07-07T15:02:34.468881+00:00,2026-07-07T15:02:34.451588,3,2,142.65,0.1,142.6,100,142.4,12,142.2,150,,,,,,,,,,,,,,,142.7,100,142.8,12,,,,,,,,,,,,,,,,
2026-07-07T15:02:34.484458+00:00,2026-07-07T15:02:34.484336,2,1,142.65,0.1,142.6,100,142.2,150,,,,,,,,,,,,,,,,,142.7,100,,,,,,,,,,,,,,,,,,
2026-07-07T15:02:34.489606+00:00,2026-07-07T15:02:34.489548,2,2,142.65,0.1,142.6,112,142.2,150,,,,,,,,,,,,,,,,,142.7,100,142.9,12,,,,,,,,,,,,,,,,
2026-07-07T15:02:34.514560+00:00,2026-07-07T15:02:34.514393,2,3,142.65,0.1,142.6,112,142.2,150,,,,,,,,,,,,,,,,,142.7,100,142.9,12,143.1,100,,,,,,,,,,,,,,
2026-07-07T15:02:36.579719+00:00,2026-07-07T15:02:36.579636,1,2,142.75,0.3,142.6,112,,,,,,,,,,,,,,,,,,,142.9,12,143.1,100,,,,,,,,,,,,,,,,
2026-07-07T15:02:36.633785+00:00,2026-07-07T15:02:36.633686,2,2,142.75,0.3,142.6,112,142.5,150,,,,,,,,,,,,,,,,,142.9,12,143.1,100,,,,,,,,,,,,,,,,
2026-07-07T15:02:36.687033+00:00,2026-07-07T15:02:36.686885,2,3,142.75,0.3,142.6,112,142.5,150,,,,,,,,,,,,,,,,,142.9,12,143.0,150,143.1,100,,,,,,,,,,,,,,
2026-07-07T15:02:37.567193+00:00,2026-07-07T15:02:37.567084,2,2,142.75,0.3,142.6,112,142.5,150,,,,,,,,,,,,,,,,,142.9,12,143.0,150,,,,,,,,,,,,,,,,
2026-07-07T15:02:37.572476+00:00,2026-07-07T15:02:37.572260,2,2,142.75,0.3,142.6,12,142.5,150,,,,,,,,,,,,,,,,,142.9,12,143.0,150,,,,,,,,,,,,,,,,
2026-07-07T15:02:37.623560+00:00,2026-07-07T15:02:37.623460,3,2,142.75,0.3,142.6,12,142.5,150,142.4,100,,,,,,,,,,,,,,,142.9,12,143.0,150,,,,,,,,,,,,,,,,
2026-07-07T15:02:37.673951+00:00,2026-07-07T15:02:37.674085,3,2,142.75,0.3,142.6,12,142.5,150,142.4,100,,,,,,,,,,,,,,,142.9,112,143.0,150,,,,,,,,,,,,,,,,
2026-07-07T15:02:38.417725+00:00,2026-07-07T15:02:38.417611,2,2,142.7,0.4,142.5,112,142.4,100,,,,,,,,,,,,,,,,,142.9,112,143.0,150,,,,,,,,,,,,,,,,
2026-07-07T15:02:39.741557+00:00,2026-07-07T15:02:39.741465,1,1,142.65,0.5,142.4,100,,,,,,,,,,,,,,,,,,,142.9,112,,,,,,,,,,,,,,,,,,
2026-07-07T15:02:39.796995+00:00,2026-07-07T15:02:39.797083,2,1,142.65,0.5,142.4,100,142.3,150,,,,,,,,,,,,,,,,,142.9,112,,,,,,,,,,,,,,,,,,
2026-07-07T15:02:39.846875+00:00,2026-07-07T15:02:39.846764,2,2,142.6,0.4,142.4,100,142.3,150,,,,,,,,,,,,,,,,,142.8,150,142.9,112,,,,,,,,,,,,,,,,
2026-07-07T15:02:40.527307+00:00,2026-07-07T15:02:40.527403,2,2,142.6,0.4,142.4,50,142.3,150,,,,,,,,,,,,,,,,,142.8,150,142.9,112,,,,,,,,,,,,,,,,
2026-07-07T15:02:40.730978+00:00,2026-07-07T15:02:40.730832,2,2,142.6,0.4,142.4,50,142.3,150,,,,,,,,,,,,,,,,,142.8,150,142.9,12,,,,,,,,,,,,,,,,
2026-07-07T15:02:40.736302+00:00,2026-07-07T15:02:40.736066,1,2,142.55,0.5,142.3,150,,,,,,,,,,,,,,,,,,,142.8,150,142.9,12,,,,,,,,,,,,,,,,
2026-07-07T15:02:40.785852+00:00,2026-07-07T15:02:40.785988,2,2,142.6,0.4,142.4,100,142.3,150,,,,,,,,,,,,,,,,,142.8,150,142.9,12,,,,,,,,,,,,,,,,
2026-07-07T15:02:40.839615+00:00,2026-07-07T15:02:40.839539,2,2,142.6,0.4,142.4,100,142.3,150,,,,,,,,,,,,,,,,,142.8,150,142.9,112,,,,,,,,,,,,,,,,
2026-07-07T15:02:41.174232+00:00,2026-07-07T15:02:41.174373,3,2,142.65,0.3,142.5,12,142.4,100,142.3,150,,,,,,,,,,,,,,,142.8,150,142.9,100,,,,,,,,,,,,,,,,
2026-07-07T15:02:41.179581+00:00,2026-07-07T15:02:41.179559,3,2,142.65,0.3,142.5,12,142.4,100,142.3,150,,,,,,,,,,,,,,,142.8,162,142.9,100,,,,,,,,,,,,,,,,
2026-07-07T15:02:42.582267+00:00,2026-07-07T15:02:42.582184,3,2,142.65,0.3,142.5,12,142.4,100,142.3,150,,,,,,,,,,,,,,,142.8,112,142.9,100,,,,,,,,,,,,,,,,
2026-07-07T15:02:42.901796+00:00,2026-07-07T15:02:42.901920,2,2,142.65,0.3,142.5,12,142.4,100,,,,,,,,,,,,,,,,,142.8,12,142.9,100,,,,,,,,,,,,,,,,
2026-07-07T15:02:42.952933+00:00,2026-07-07T15:02:42.953101,2,2,142.65,0.3,142.5,162,142.4,100,,,,,,,,,,,,,,,,,142.8,12,142.9,100,,,,,,,,,,,,,,,,
2026-07-07T15:02:43.011957+00:00,2026-07-07T15:02:43.012084,2,3,142.65,0.3,142.5,162,142.4,100,,,,,,,,,,,,,,,,,142.8,12,142.9,100,143.0,150,,,,,,,,,,,,,,
2026-07-07T15:02:43.899510+00:00,2026-07-07T15:02:43.899432,1,2,142.65,0.3,142.5,162,,,,,,,,,,,,,,,,,,,142.8,12,143.0,150,,,,,,,,,,,,,,,,
2026-07-07T15:02:43.960705+00:00,2026-07-07T15:02:43.960591,2,2,142.65,0.3,142.5,162,142.4,100,,,,,,,,,,,,,,,,,142.8,12,143.0,150,,,,,,,,,,,,,,,,
2026-07-07T15:02:44.012116+00:00,2026-07-07T15:02:44.012027,2,3,142.65,0.3,142.5,162,142.4,100,,,,,,,,,,,,,,,,,142.8,12,142.9,100,143.0,150,,,,,,,,,,,,,,
2026-07-07T15:02:44.469504+00:00,2026-07-07T15:02:44.469205,2,3,142.65,0.3,142.5,118,142.4,100,,,,,,,,,,,,,,,,,142.8,12,142.9,100,143.0,150,,,,,,,,,,,,,,
2026-07-07T15:02:44.740162+00:00,2026-07-07T15:02:44.740054,2,3,142.65,0.3,142.5,68,142.4,100,,,,,,,,,,,,,,,,,142.8,12,142.9,100,143.0,150,,,,,,,,,,,,,,
2026-07-07T15:02:45.010680+00:00,2026-07-07T15:02:45.010608,2,2,142.7,0.4,142.5,68,142.4,100,,,,,,,,,,,,,,,,,142.9,69,143.0,150,,,,,,,,,,,,,,,,
2026-07-07T15:02:45.068570+00:00,2026-07-07T15:02:45.068534,2,2,142.7,0.4,142.5,28,142.4,100,,,,,,,,,,,,,,,,,142.9,69,143.0,150,,,,,,,,,,,,,,,,
2026-07-07T15:02:46.066620+00:00,2026-07-07T15:02:46.066744,1,1,142.65,0.5,142.4,100,,,,,,,,,,,,,,,,,,,142.9,69,,,,,,,,,,,,,,,,,,
2026-07-07T15:02:46.121316+00:00,2026-07-07T15:02:46.121264,2,1,142.65,0.5,142.4,100,142.1,150,,,,,,,,,,,,,,,,,142.9,69,,,,,,,,,,,,,,,,,,
2026-07-07T15:02:46.169024+00:00,2026-07-07T15:02:46.168919,2,2,142.5,0.2,142.4,100,142.1,150,,,,,,,,,,,,,,,,,142.6,150,142.9,69,,,,,,,,,,,,,,,,
2026-07-07T15:02:46.850242+00:00,2026-07-07T15:02:46.850016,2,2,142.5,0.2,142.4,50,142.1,150,,,,,,,,,,,,,,,,,142.6,150,142.9,69,,,,,,,,,,,,,,,,
2026-07-07T15:02:47.071958+00:00,2026-07-07T15:02:47.071854,1,1,142.35,0.5,142.1,150,,,,,,,,,,,,,,,,,,,142.6,150,,,,,,,,,,,,,,,,,,
2026-07-07T15:02:47.127573+00:00,2026-07-07T15:02:47.127522,2,1,142.5,0.2,142.4,100,142.1,150,,,,,,,,,,,,,,,,,142.6,150,,,,,,,,,,,,,,,,,,
2026-07-07T15:02:47.179749+00:00,2026-07-07T15:02:47.179632,2,2,142.5,0.2,142.4,100,142.1,150,,,,,,,,,,,,,,,,,142.6,150,142.9,100,,,,,,,,,,,,,,,,
2026-07-07T15:02:48.901747+00:00,2026-07-07T15:02:48.901979,2,2,142.5,0.2,142.4,100,142.1,150,,,,,,,,,,,,,,,,,142.6,100,142.9,100,,,,,,,,,,,,,,,,
2026-07-07T15:02:49.182916+00:00,2026-07-07T15:02:49.173316,2,2,142.5,0.2,142.4,100,142.1,150,,,,,,,,,,,,,,,,,142.6,89,142.9,100,,,,,,,,,,,,,,,,
2026-07-07T15:02:49.226241+00:00,2026-07-07T15:02:49.226178,2,1,142.65,0.5,142.4,100,142.1,150,,,,,,,,,,,,,,,,,142.9,100,,,,,,,,,,,,,,,,,,
2026-07-07T15:02:49.231491+00:00,2026-07-07T15:02:49.231353,1,1,142.65,0.5,142.4,100,,,,,,,,,,,,,,,,,,,142.9,100,,,,,,,,,,,,,,,,,,
2026-07-07T15:02:49.282983+00:00,2026-07-07T15:02:49.282932,1,1,142.65,0.5,142.4,250,,,,,,,,,,,,,,,,,,,142.9,100,,,,,,,,,,,,,,,,,,
2026-07-07T15:02:49.332467+00:00,2026-07-07T15:02:49.332411,1,1,142.65,0.5,142.4,250,,,,,,,,,,,,,,,,,,,142.9,250,,,,,,,,,,,,,,,,,,
2026-07-07T15:02:49.974463+00:00,2026-07-07T15:02:49.974360,2,2,142.7,0.4,142.5,12,142.4,250,,,,,,,,,,,,,,,,,142.9,250,143.0,12,,,,,,,,,,,,,,,,
2026-07-07T15:02:50.235740+00:00,2026-07-07T15:02:50.235646,2,2,142.7,0.4,142.5,12,142.4,150,,,,,,,,,,,,,,,,,142.9,150,143.0,12,,,,,,,,,,,,,,,,
2026-07-07T15:02:50.291403+00:00,2026-07-07T15:02:50.291329,2,2,142.7,0.4,142.5,112,142.4,150,,,,,,,,,,,,,,,,,142.9,150,143.0,12,,,,,,,,,,,,,,,,
2026-07-07T15:02:50.346262+00:00,2026-07-07T15:02:50.346366,2,2,142.7,0.4,142.5,112,142.4,150,,,,,,,,,,,,,,,,,142.9,150,143.0,112,,,,,,,,,,,,,,,,
2026-07-07T15:02:51.026513+00:00,2026-07-07T15:02:51.026316,2,2,142.7,0.4,142.5,112,142.4,150,,,,,,,,,,,,,,,,,142.9,100,143.0,112,,,,,,,,,,,,,,,,
2026-07-07T15:02:52.389709+00:00,2026-07-07T15:02:52.389644,1,1,142.75,0.5,142.5,112,,,,,,,,,,,,,,,,,,,143.0,112,,,,,,,,,,,,,,,,,,
2026-07-07T15:02:52.442993+00:00,2026-07-07T15:02:52.442793,2,1,142.8,0.4,142.6,150,142.5,112,,,,,,,,,,,,,,,,,143.0,112,,,,,,,,,,,,,,,,,,
2026-07-07T15:02:52.497245+00:00,2026-07-07T15:02:52.497013,2,2,142.8,0.4,142.6,150,142.5,112,,,,,,,,,,,,,,,,,143.0,112,143.1,150,,,,,,,,,,,,,,,,
2026-07-07T15:02:53.136022+00:00,2026-07-07T15:02:53.135943,2,2,142.8,0.4,142.6,150,142.5,112,,,,,,,,,,,,,,,,,143.0,62,143.1,150,,,,,,,,,,,,,,,,
2026-07-07T15:02:53.237862+00:00,2026-07-07T15:02:53.237840,3,2,142.85,0.3,142.7,12,142.6,150,142.5,100,,,,,,,,,,,,,,,143.0,62,143.1,150,,,,,,,,,,,,,,,,
2026-07-07T15:02:53.243150+00:00,2026-07-07T15:02:53.243035,3,2,142.85,0.3,142.7,12,142.6,150,142.5,100,,,,,,,,,,,,,,,143.0,74,143.1,150,,,,,,,,,,,,,,,,
2026-07-07T15:02:53.399690+00:00,2026-07-07T15:02:53.399585,2,2,142.85,0.3,142.7,12,142.6,150,,,,,,,,,,,,,,,,,143.0,12,143.1,150,,,,,,,,,,,,,,,,
2026-07-07T15:02:53.451911+00:00,2026-07-07T15:02:53.451849,2,2,142.85,0.3,142.7,12,142.6,250,,,,,,,,,,,,,,,,,143.0,12,143.1,150,,,,,,,,,,,,,,,,
2026-07-07T15:02:53.508529+00:00,2026-07-07T15:02:53.508450,2,2,142.85,0.3,142.7,12,142.6,250,,,,,,,,,,,,,,,,,143.0,12,143.1,250,,,,,,,,,,,,,,,,
2026-07-07T15:02:53.906910+00:00,2026-07-07T15:02:53.906870,1,2,142.8,0.4,142.6,250,,,,,,,,,,,,,,,,,,,143.0,12,143.1,250,,,,,,,,,,,,,,,,
2026-07-07T15:02:55.250924+00:00,2026-07-07T15:02:55.250802,1,1,142.85,0.5,142.6,250,,,,,,,,,,,,,,,,,,,143.1,212,,,,,,,,,,,,,,,,,,
2026-07-07T15:02:55.564317+00:00,2026-07-07T15:02:55.564270,1,1,142.85,0.5,142.6,100,,,,,,,,,,,,,,,,,,,143.1,100,,,,,,,,,,,,,,,,,,
2026-07-07T15:02:55.624505+00:00,2026-07-07T15:02:55.624377,2,1,142.95,0.3,142.8,150,142.6,100,,,,,,,,,,,,,,,,,143.1,100,,,,,,,,,,,,,,,,,,
2026-07-07T15:02:55.676153+00:00,2026-07-07T15:02:55.676064,2,2,142.95,0.3,142.8,150,142.6,100,,,,,,,,,,,,,,,,,143.1,100,143.3,150,,,,,,,,,,,,,,,,
2026-07-07T15:02:56.035786+00:00,2026-07-07T15:02:56.035682,2,2,142.95,0.3,142.8,150,142.6,100,,,,,,,,,,,,,,,,,143.1,57,143.3,150,,,,,,,,,,,,,,,,
2026-07-07T15:02:56.562313+00:00,2026-07-07T15:02:56.562261,1,1,143.05,0.5,142.8,150,,,,,,,,,,,,,,,,,,,143.3,150,,,,,,,,,,,,,,,,,,
2026-07-07T15:02:56.630324+00:00,2026-07-07T15:02:56.618775,2,1,143.05,0.5,142.8,150,142.7,100,,,,,,,,,,,,,,,,,143.3,150,,,,,,,,,,,,,,,,,,
2026-07-07T15:02:56.671597+00:00,2026-07-07T15:02:56.671531,2,2,143.0,0.4,142.8,150,142.7,100,,,,,,,,,,,,,,,,,143.2,100,143.3,150,,,,,,,,,,,,,,,,
2026-07-07T15:02:57.358579+00:00,2026-07-07T15:02:57.353595,2,2,143.0,0.4,142.8,150,142.7,100,,,,,,,,,,,,,,,,,143.2,50,143.3,150,,,,,,,,,,,,,,,,
2026-07-07T15:02:58.525236+00:00,2026-07-07T15:02:58.525191,2,2,143.0,0.4,142.8,162,142.7,100,,,,,,,,,,,,,,,,,143.2,50,143.3,150,,,,,,,,,,,,,,,,
2026-07-07T15:02:58.530415+00:00,2026-07-07T15:02:58.530372,2,2,143.0,0.4,142.8,162,142.7,100,,,,,,,,,,,,,,,,,143.2,62,143.3,150,,,,,,,,,,,,,,,,
2026-07-07T15:02:58.732244+00:00,2026-07-07T15:02:58.732184,2,1,143.0,0.4,142.8,12,142.7,100,,,,,,,,,,,,,,,,,143.2,62,,,,,,,,,,,,,,,,,,
2026-07-07T15:02:58.787509+00:00,2026-07-07T15:02:58.787388,3,1,143.1,0.2,143.0,150,142.8,12,142.7,100,,,,,,,,,,,,,,,143.2,62,,,,,,,,,,,,,,,,,,
2026-07-07T15:02:58.839792+00:00,2026-07-07T15:02:58.839672,3,2,143.1,0.2,143.0,150,142.8,12,142.7,100,,,,,,,,,,,,,,,143.2,62,143.5,150,,,,,,,,,,,,,,,,
2026-07-07T15:02:59.031388+00:00,2026-07-07T15:02:59.026296,3,2,143.1,0.2,143.0,139,142.8,12,142.7,100,,,,,,,,,,,,,,,143.2,62,143.5,150,,,,,,,,,,,,,,,,
2026-07-07T15:02:59.276519+00:00,2026-07-07T15:02:59.267782,3,2,143.1,0.2,143.0,127,142.8,12,142.7,100,,,,,,,,,,,,,,,143.2,62,143.5,150,,,,,,,,,,,,,,,,
2026-07-07T15:02:59.490225+00:00,2026-07-07T15:02:59.490129,3,2,143.1,0.2,143.0,127,142.8,12,142.7,100,,,,,,,,,,,,,,,143.2,12,143.5,150,,,,,,,,,,,,,,,,
2026-07-07T15:02:59.724901+00:00,2026-07-07T15:02:59.724827,2,2,143.1,0.2,143.0,127,142.8,12,,,,,,,,,,,,,,,,,143.2,12,143.5,150,,,,,,,,,,,,,,,,
2026-07-07T15:02:59.789713+00:00,2026-07-07T15:02:59.782791,3,2,143.15,0.1,143.1,89,143.0,127,142.8,12,,,,,,,,,,,,,,,143.2,12,143.5,150,,,,,,,,,,,,,,,,
2026-07-07T15:02:59.831679+00:00,2026-07-07T15:02:59.831599,3,3,143.15,0.1,143.1,89,143.0,127,142.8,12,,,,,,,,,,,,,,,143.2,12,143.5,150,143.6,100,,,,,,,,,,,,,,
2026-07-07T15:03:00.456278+00:00,2026-07-07T15:03:00.456422,3,3,143.15,0.1,143.1,47,143.0,127,142.8,12,,,,,,,,,,,,,,,143.2,12,143.5,150,143.6,100,,,,,,,,,,,,,,
2026-07-07T15:03:01.598773+00:00,2026-07-07T15:03:01.598708,3,2,143.3,0.4,143.1,47,143.0,127,142.8,12,,,,,,,,,,,,,,,143.5,112,143.6,100,,,,,,,,,,,,,,,,
2026-07-07T15:03:01.787231+00:00,2026-07-07T15:03:01.787201,2,2,143.3,0.4,143.1,47,143.0,127,,,,,,,,,,,,,,,,,143.5,112,143.6,100,,,,,,,,,,,,,,,,
2026-07-07T15:03:01.792511+00:00,2026-07-07T15:03:01.792360,3,2,143.3,0.4,143.1,47,143.0,127,142.7,12,,,,,,,,,,,,,,,143.5,112,143.6,100,,,,,,,,,,,,,,,,
2026-07-07T15:03:01.797682+00:00,2026-07-07T15:03:01.797574,3,3,143.25,0.3,143.1,47,143.0,127,142.7,12,,,,,,,,,,,,,,,143.4,12,143.5,112,143.6,100,,,,,,,,,,,,,,
2026-07-07T15:03:01.902972+00:00,2026-07-07T15:03:01.902819,3,2,143.25,0.3,143.1,47,143.0,127,142.7,12,,,,,,,,,,,,,,,143.4,12,143.6,100,,,,,,,,,,,,,,,,
2026-07-07T15:03:01.908130+00:00,2026-07-07T15:03:01.907975,2,2,143.25,0.3,143.1,47,142.7,12,,,,,,,,,,,,,,,,,143.4,12,143.6,100,,,,,,,,,,,,,,,,
2026-07-07T15:03:01.960846+00:00,2026-07-07T15:03:01.960725,3,2,143.25,0.3,143.1,47,143.0,150,142.7,12,,,,,,,,,,,,,,,143.4,12,143.6,100,,,,,,,,,,,,,,,,
2026-07-07T15:03:02.014251+00:00,2026-07-07T15:03:02.014042,3,3,143.25,0.3,143.1,47,143.0,150,142.7,12,,,,,,,,,,,,,,,143.4,12,143.5,150,143.6,100,,,,,,,,,,,,,,
2026-07-07T15:03:02.885395+00:00,2026-07-07T15:03:02.885379,2,2,143.2,0.4,143.0,150,142.7,12,,,,,,,,,,,,,,,,,143.4,12,143.5,150,,,,,,,,,,,,,,,,
2026-07-07T15:03:02.939293+00:00,2026-07-07T15:03:02.939175,2,2,143.2,0.4,143.0,250,142.7,12,,,,,,,,,,,,,,,,,143.4,12,143.5,150,,,,,,,,,,,,,,,,
2026-07-07T15:03:02.988225+00:00,2026-07-07T15:03:02.988110,2,1,143.25,0.5,143.0,250,142.7,12,,,,,,,,,,,,,,,,,143.5,122,,,,,,,,,,,,,,,,,,
2026-07-07T15:03:02.993366+00:00,2026-07-07T15:03:02.993324,2,1,143.25,0.5,143.0,250,142.7,12,,,,,,,,,,,,,,,,,143.5,222,,,,,,,,,,,,,,,,,,
2026-07-07T15:03:03.707286+00:00,2026-07-07T15:03:03.707194,2,1,143.25,0.5,143.0,250,142.7,12,,,,,,,,,,,,,,,,,143.5,172,,,,,,,,,,,,,,,,,,
2026-07-07T15:03:04.341424+00:00,2026-07-07T15:03:04.341344,1,1,143.25,0.5,143.0,250,,,,,,,,,,,,,,,,,,,143.5,172,,,,,,,,,,,,,,,,,,
2026-07-07T15:03:04.346701+00:00,2026-07-07T15:03:04.346606,2,2,143.2,0.4,143.0,250,142.9,12,,,,,,,,,,,,,,,,,143.4,12,143.5,172,,,,,,,,,,,,,,,,
2026-07-07T15:03:04.658564+00:00,2026-07-07T15:03:04.656636,2,2,143.2,0.4,143.0,204,142.9,12,,,,,,,,,,,,,,,,,143.4,12,143.5,172,,,,,,,,,,,,,,,,
2026-07-07T15:03:05.072280+00:00,2026-07-07T15:03:05.072168,2,2,143.2,0.4,143.0,100,142.9,12,,,,,,,,,,,,,,,,,143.4,12,143.5,100,,,,,,,,,,,,,,,,
2026-07-07T15:03:05.129127+00:00,2026-07-07T15:03:05.129063,3,2,143.3,0.2,143.2,150,143.0,100,142.9,12,,,,,,,,,,,,,,,143.4,12,143.5,100,,,,,,,,,,,,,,,,
2026-07-07T15:03:05.179370+00:00,2026-07-07T15:03:05.179267,3,3,143.3,0.2,143.2,150,143.0,100,142.9,12,,,,,,,,,,,,,,,143.4,12,143.5,100,143.7,150,,,,,,,,,,,,,,
2026-07-07T15:03:05.816553+00:00,2026-07-07T15:03:05.816430,3,2,143.35,0.3,143.2,150,143.0,100,142.9,12,,,,,,,,,,,,,,,143.5,62,143.7,150,,,,,,,,,,,,,,,,
2026-07-07T15:03:06.045188+00:00,2026-07-07T15:03:06.045071,2,1,143.45,0.5,143.2,150,142.9,12,,,,,,,,,,,,,,,,,143.7,150,,,,,,,,,,,,,,,,,,
2026-07-07T15:03:06.099817+00:00,2026-07-07T15:03:06.099707,3,1,143.45,0.5,143.2,150,143.1,100,142.9,12,,,,,,,,,,,,,,,143.7,150,,,,,,,,,,,,,,,,,,
2026-07-07T15:03:06.121659+00:00,2026-07-07T15:03:06.121430,2,1,143.45,0.5,143.2,150,143.1,100,,,,,,,,,,,,,,,,,143.7,150,,,,,,,,,,,,,,,,,,
2026-07-07T15:03:06.147481+00:00,2026-07-07T15:03:06.148278,2,2,143.4,0.4,143.2,150,143.1,100,,,,,,,,,,,,,,,,,143.6,100,143.7,150,,,,,,,,,,,,,,,,
2026-07-07T15:03:06.169002+00:00,2026-07-07T15:03:06.168925,3,2,143.4,0.4,143.2,150,143.1,100,142.8,12,,,,,,,,,,,,,,,143.6,112,143.7,150,,,,,,,,,,,,,,,,
2026-07-07T15:03:06.419023+00:00,2026-07-07T15:03:06.418949,2,2,143.4,0.4,143.2,150,143.1,100,,,,,,,,,,,,,,,,,143.6,112,143.7,150,,,,,,,,,,,,,,,,
2026-07-07T15:03:06.424259+00:00,2026-07-07T15:03:06.424160,2,2,143.4,0.4,143.2,150,143.1,100,,,,,,,,,,,,,,,,,143.6,100,143.7,150,,,,,,,,,,,,,,,,
2026-07-07T15:03:06.429497+00:00,2026-07-07T15:03:06.429374,3,2,143.4,0.4,143.2,150,143.1,100,142.8,12,,,,,,,,,,,,,,,143.6,100,143.7,150,,,,,,,,,,,,,,,,
2026-07-07T15:03:06.434626+00:00,2026-07-07T15:03:06.434552,3,3,143.35,0.3,143.2,150,143.1,100,142.8,12,,,,,,,,,,,,,,,143.5,12,143.6,100,143.7,150,,,,,,,,,,,,,,
2026-07-07T15:03:07.927531+00:00,2026-07-07T15:03:07.927442,3,2,143.4,0.4,143.2,150,143.1,100,142.8,12,,,,,,,,,,,,,,,143.6,62,143.7,150,,,,,,,,,,,,,,,,
2026-07-07T15:03:08.215426+00:00,2026-07-07T15:03:08.215400,2,2,143.4,0.4,143.2,150,143.1,100,,,,,,,,,,,,,,,,,143.6,62,143.7,150,,,,,,,,,,,,,,,,
2026-07-07T15:03:08.220728+00:00,2026-07-07T15:03:08.220562,3,2,143.4,0.4,143.2,150,143.1,100,142.9,12,,,,,,,,,,,,,,,143.6,62,143.7,150,,,,,,,,,,,,,,,,
2026-07-07T15:03:08.225889+00:00,2026-07-07T15:03:08.225774,3,3,143.35,0.3,143.2,150,143.1,100,142.9,12,,,,,,,,,,,,,,,143.5,12,143.6,62,143.7,150,,,,,,,,,,,,,,
2026-07-07T15:03:08.236249+00:00,2026-07-07T15:03:08.236171,2,2,143.3,0.4,143.1,100,142.9,12,,,,,,,,,,,,,,,,,143.5,12,143.6,62,,,,,,,,,,,,,,,,
2026-07-07T15:03:08.294478+00:00,2026-07-07T15:03:08.294321,3,2,143.35,0.3,143.2,150,143.1,100,142.9,12,,,,,,,,,,,,,,,143.5,12,143.6,62,,,,,,,,,,,,,,,,
2026-07-07T15:03:08.346250+00:00,2026-07-07T15:03:08.346145,3,3,143.35,0.3,143.2,150,143.1,100,142.9,12,,,,,,,,,,,,,,,143.5,12,143.6,62,143.7,150,,,,,,,,,,,,,,
2026-07-07T15:03:08.370774+00:00,2026-07-07T15:03:08.370724,3,2,143.4,0.4,143.2,150,143.1,100,142.9,12,,,,,,,,,,,,,,,143.6,29,143.7,150,,,,,,,,,,,,,,,,
2026-07-07T15:03:09.209981+00:00,2026-07-07T15:03:09.209956,2,1,143.45,0.5,143.2,150,142.9,12,,,,,,,,,,,,,,,,,143.7,150,,,,,,,,,,,,,,,,,,
2026-07-07T15:03:09.238425+00:00,2026-07-07T15:03:09.238559,2,1,143.45,0.5,143.2,150,143.0,12,,,,,,,,,,,,,,,,,143.7,150,,,,,,,,,,,,,,,,,,
2026-07-07T15:03:09.243809+00:00,2026-07-07T15:03:09.243714,2,2,143.4,0.4,143.2,150,143.0,12,,,,,,,,,,,,,,,,,143.6,12,143.7,150,,,,,,,,,,,,,,,,
2026-07-07T15:03:09.277795+00:00,2026-07-07T15:03:09.271259,3,2,143.45,0.3,143.3,88,143.2,150,143.0,12,,,,,,,,,,,,,,,143.6,12,143.7,150,,,,,,,,,,,,,,,,
2026-07-07T15:03:09.318965+00:00,2026-07-07T15:03:09.318904,3,3,143.45,0.3,143.3,88,143.2,150,143.0,12,,,,,,,,,,,,,,,143.6,12,143.7,150,143.8,100,,,,,,,,,,,,,,
2026-07-07T15:03:09.499214+00:00,2026-07-07T15:03:09.499133,2,2,143.5,0.4,143.3,88,143.2,150,,,,,,,,,,,,,,,,,143.7,150,143.8,100,,,,,,,,,,,,,,,,
2026-07-07T15:03:09.504394+00:00,2026-07-07T15:03:09.504315,3,2,143.5,0.4,143.3,88,143.2,150,143.0,12,,,,,,,,,,,,,,,143.7,150,143.8,100,,,,,,,,,,,,,,,,
2026-07-07T15:03:09.509682+00:00,2026-07-07T15:03:09.509492,3,3,143.4,0.2,143.3,88,143.2,150,143.0,12,,,,,,,,,,,,,,,143.5,12,143.7,150,143.8,100,,,,,,,,,,,,,,
2026-07-07T15:03:09.525371+00:00,2026-07-07T15:03:09.518739,3,3,143.4,0.2,143.3,77,143.2,150,143.0,12,,,,,,,,,,,,,,,143.5,12,143.7,150,143.8,100,,,,,,,,,,,,,,
2026-07-07T15:03:09.758627+00:00,2026-07-07T15:03:09.758135,3,3,143.4,0.2,143.3,74,143.2,150,143.0,12,,,,,,,,,,,,,,,143.5,12,143.7,150,143.8,100,,,,,,,,,,,,,,
2026-07-07T15:03:09.770278+00:00,2026-07-07T15:03:09.770198,2,3,143.4,0.2,143.3,74,143.2,150,,,,,,,,,,,,,,,,,143.5,12,143.7,150,143.8,100,,,,,,,,,,,,,,
2026-07-07T15:03:09.801771+00:00,2026-07-07T15:03:09.801680,2,2,143.5,0.4,143.3,74,143.2,150,,,,,,,,,,,,,,,,,143.7,150,143.8,100,,,,,,,,,,,,,,,,
