recv_time,book_timestamp,n_bids,n_asks,mid,spread,bid_px_0,bid_vol_0,bid_px_1,bid_vol_1,bid_px_2,bid_vol_2,bid_px_3,bid_vol_3,bid_px_4,bid_vol_4,bid_px_5,bid_vol_5,bid_px_6,bid_vol_6,bid_px_7,bid_vol_7,bid_px_8,bid_vol_8,bid_px_9,bid_vol_9,ask_px_0,ask_vol_0,ask_px_1,ask_vol_1,ask_px_2,ask_vol_2,ask_px_3,ask_vol_3,ask_px_4,ask_vol_4,ask_px_5,ask_vol_5,ask_px_6,ask_vol_6,ask_px_7,ask_vol_7,ask_px_8,ask_vol_8,ask_px_9,ask_vol_9
2026-07-08T01:00:00.014639+00:00,2026-07-08T01:00:00.014751,1,1,138.95,0.5,138.7,150,,,,,,,,,,,,,,,,,,,139.2,75,,,,,,,,,,,,,,,,,,
2026-07-08T01:00:00.167889+00:00,2026-07-08T01:00:00.113723,2,2,139.15,0.1,139.1,100,138.7,150,,,,,,,,,,,,,,,,,139.2,75,139.6,100,,,,,,,,,,,,,,,,
2026-07-08T01:00:00.963833+00:00,2026-07-08T01:00:00.963767,1,1,139.35,0.5,139.1,100,,,,,,,,,,,,,,,,,,,139.6,100,,,,,,,,,,,,,,,,,,
2026-07-08T01:00:01.015257+00:00,2026-07-08T01:00:01.015157,2,1,139.35,0.5,139.1,100,139.0,150,,,,,,,,,,,,,,,,,139.6,100,,,,,,,,,,,,,,,,,,
2026-07-08T01:00:01.068240+00:00,2026-07-08T01:00:01.068161,2,2,139.3,0.4,139.1,100,139.0,150,,,,,,,,,,,,,,,,,139.5,150,139.6,100,,,,,,,,,,,,,,,,
2026-07-08T01:00:01.732604+00:00,2026-07-08T01:00:01.732768,2,2,139.3,0.4,139.1,100,139.0,150,,,,,,,,,,,,,,,,,139.5,100,139.6,100,,,,,,,,,,,,,,,,
2026-07-08T01:00:03.174018+00:00,2026-07-08T01:00:03.173948,2,1,139.3,0.4,139.1,100,139.0,150,,,,,,,,,,,,,,,,,139.5,100,,,,,,,,,,,,,,,,,,
2026-07-08T01:00:03.179147+00:00,2026-07-08T01:00:03.179101,1,1,139.25,0.5,139.0,150,,,,,,,,,,,,,,,,,,,139.5,100,,,,,,,,,,,,,,,,,,
2026-07-08T01:00:03.235314+00:00,2026-07-08T01:00:03.235256,1,1,139.25,0.5,139.0,250,,,,,,,,,,,,,,,,,,,139.5,100,,,,,,,,,,,,,,,,,,
2026-07-08T01:00:03.287034+00:00,2026-07-08T01:00:03.286927,1,1,139.25,0.5,139.0,250,,,,,,,,,,,,,,,,,,,139.5,200,,,,,,,,,,,,,,,,,,
2026-07-08T01:00:03.853275+00:00,2026-07-08T01:00:03.853194,1,1,139.25,0.5,139.0,250,,,,,,,,,,,,,,,,,,,139.5,150,,,,,,,,,,,,,,,,,,
2026-07-08T01:00:04.122772+00:00,2026-07-08T01:00:04.122659,1,1,139.25,0.5,139.0,100,,,,,,,,,,,,,,,,,,,139.5,100,,,,,,,,,,,,,,,,,,
2026-07-08T01:00:04.238610+00:00,2026-07-08T01:00:04.227715,2,1,139.45,0.1,139.4,127,139.0,100,,,,,,,,,,,,,,,,,139.5,100,,,,,,,,,,,,,,,,,,
2026-07-08T01:00:04.271502+00:00,2026-07-08T01:00:04.271365,2,2,139.45,0.1,139.4,127,139.0,100,,,,,,,,,,,,,,,,,139.5,100,139.9,150,,,,,,,,,,,,,,,,
2026-07-08T01:00:04.382194+00:00,2026-07-08T01:00:04.382348,2,2,139.45,0.1,139.4,107,139.0,100,,,,,,,,,,,,,,,,,139.5,100,139.9,150,,,,,,,,,,,,,,,,
2026-07-08T01:00:04.651536+00:00,2026-07-08T01:00:04.651365,2,2,139.45,0.1,139.4,104,139.0,100,,,,,,,,,,,,,,,,,139.5,100,139.9,150,,,,,,,,,,,,,,,,
2026-07-08T01:00:05.316632+00:00,2026-07-08T01:00:05.316461,2,2,139.45,0.1,139.4,104,139.0,100,,,,,,,,,,,,,,,,,139.5,54,139.9,150,,,,,,,,,,,,,,,,
2026-07-08T01:00:06.343303+00:00,2026-07-08T01:00:06.343243,1,1,139.65,0.5,139.4,104,,,,,,,,,,,,,,,,,,,139.9,150,,,,,,,,,,,,,,,,,,
2026-07-08T01:00:06.398791+00:00,2026-07-08T01:00:06.398569,2,1,139.65,0.5,139.4,104,139.1,100,,,,,,,,,,,,,,,,,139.9,150,,,,,,,,,,,,,,,,,,
2026-07-08T01:00:06.458572+00:00,2026-07-08T01:00:06.452872,2,2,139.5,0.2,139.4,104,139.1,100,,,,,,,,,,,,,,,,,139.6,100,139.9,150,,,,,,,,,,,,,,,,
2026-07-08T01:00:07.323047+00:00,2026-07-08T01:00:07.323151,2,1,139.5,0.2,139.4,104,139.1,100,,,,,,,,,,,,,,,,,139.6,100,,,,,,,,,,,,,,,,,,
2026-07-08T01:00:07.328378+00:00,2026-07-08T01:00:07.328322,1,1,139.35,0.5,139.1,100,,,,,,,,,,,,,,,,,,,139.6,100,,,,,,,,,,,,,,,,,,
2026-07-08T01:00:07.384080+00:00,2026-07-08T01:00:07.384012,2,1,139.4,0.4,139.2,150,139.1,100,,,,,,,,,,,,,,,,,139.6,100,,,,,,,,,,,,,,,,,,
2026-07-08T01:00:07.438991+00:00,2026-07-08T01:00:07.438956,2,2,139.4,0.4,139.2,150,139.1,100,,,,,,,,,,,,,,,,,139.6,100,139.7,150,,,,,,,,,,,,,,,,
2026-07-08T01:00:08.128009+00:00,2026-07-08T01:00:08.127981,2,2,139.4,0.4,139.2,100,139.1,100,,,,,,,,,,,,,,,,,139.6,100,139.7,150,,,,,,,,,,,,,,,,
2026-07-08T01:00:09.507938+00:00,2026-07-08T01:00:09.507845,1,1,139.45,0.5,139.2,100,,,,,,,,,,,,,,,,,,,139.7,150,,,,,,,,,,,,,,,,,,
2026-07-08T01:00:09.557690+00:00,2026-07-08T01:00:09.557820,2,1,139.45,0.5,139.2,100,139.1,100,,,,,,,,,,,,,,,,,139.7,150,,,,,,,,,,,,,,,,,,
2026-07-08T01:00:09.615873+00:00,2026-07-08T01:00:09.615956,2,2,139.4,0.4,139.2,100,139.1,100,,,,,,,,,,,,,,,,,139.6,100,139.7,150,,,,,,,,,,,,,,,,
2026-07-08T01:00:10.260533+00:00,2026-07-08T01:00:10.260429,2,2,139.4,0.4,139.2,50,139.1,100,,,,,,,,,,,,,,,,,139.6,100,139.7,150,,,,,,,,,,,,,,,,
2026-07-08T01:00:10.490747+00:00,2026-07-08T01:00:10.490707,2,1,139.4,0.4,139.2,50,139.1,100,,,,,,,,,,,,,,,,,139.6,100,,,,,,,,,,,,,,,,,,
2026-07-08T01:00:10.506843+00:00,2026-07-08T01:00:10.495592,1,1,139.35,0.5,139.1,100,,,,,,,,,,,,,,,,,,,139.6,100,,,,,,,,,,,,,,,,,,
2026-07-08T01:00:10.544686+00:00,2026-07-08T01:00:10.544600,2,1,139.35,0.5,139.1,100,138.8,150,,,,,,,,,,,,,,,,,139.6,100,,,,,,,,,,,,,,,,,,
2026-07-08T01:00:10.601093+00:00,2026-07-08T01:00:10.600965,2,2,139.2,0.2,139.1,100,138.8,150,,,,,,,,,,,,,,,,,139.3,150,139.6,100,,,,,,,,,,,,,,,,
2026-07-08T01:00:12.370836+00:00,2026-07-08T01:00:12.370732,2,2,139.2,0.2,139.1,50,138.8,150,,,,,,,,,,,,,,,,,139.3,150,139.6,100,,,,,,,,,,,,,,,,
2026-07-08T01:00:12.692546+00:00,2026-07-08T01:00:12.692383,1,1,139.05,0.5,138.8,150,,,,,,,,,,,,,,,,,,,139.3,150,,,,,,,,,,,,,,,,,,
2026-07-08T01:00:12.747643+00:00,2026-07-08T01:00:12.747563,2,1,139.15,0.3,139.0,100,138.8,150,,,,,,,,,,,,,,,,,139.3,150,,,,,,,,,,,,,,,,,,
2026-07-08T01:00:12.803968+00:00,2026-07-08T01:00:12.803820,2,2,139.15,0.3,139.0,100,138.8,150,,,,,,,,,,,,,,,,,139.3,150,139.5,100,,,,,,,,,,,,,,,,
2026-07-08T01:00:13.649362+00:00,2026-07-08T01:00:13.649222,2,1,139.25,0.5,139.0,100,138.8,150,,,,,,,,,,,,,,,,,139.5,100,,,,,,,,,,,,,,,,,,
2026-07-08T01:00:13.658621+00:00,2026-07-08T01:00:13.654376,1,1,139.25,0.5,139.0,100,,,,,,,,,,,,,,,,,,,139.5,100,,,,,,,,,,,,,,,,,,
2026-07-08T01:00:13.703296+00:00,2026-07-08T01:00:13.703218,2,1,139.25,0.5,139.0,100,138.6,150,,,,,,,,,,,,,,,,,139.5,100,,,,,,,,,,,,,,,,,,
2026-07-08T01:00:13.758665+00:00,2026-07-08T01:00:13.758325,2,2,139.05,0.1,139.0,100,138.6,150,,,,,,,,,,,,,,,,,139.1,150,139.5,100,,,,,,,,,,,,,,,,
2026-07-08T01:00:13.984383+00:00,2026-07-08T01:00:13.978187,2,2,139.05,0.1,139.0,100,138.6,150,,,,,,,,,,,,,,,,,139.1,138,139.5,100,,,,,,,,,,,,,,,,
2026-07-08T01:00:14.037492+00:00,2026-07-08T01:00:14.037368,2,2,139.05,0.1,139.0,51,138.6,150,,,,,,,,,,,,,,,,,139.1,138,139.5,100,,,,,,,,,,,,,,,,
2026-07-08T01:00:14.426556+00:00,2026-07-08T01:00:14.426493,2,2,139.05,0.1,139.0,51,138.6,150,,,,,,,,,,,,,,,,,139.1,88,139.5,100,,,,,,,,,,,,,,,,
2026-07-08T01:00:15.858604+00:00,2026-07-08T01:00:15.853638,1,1,138.85,0.5,138.6,150,,,,,,,,,,,,,,,,,,,139.1,88,,,,,,,,,,,,,,,,,,
2026-07-08T01:00:15.913997+00:00,2026-07-08T01:00:15.913896,1,1,138.85,0.5,138.6,250,,,,,,,,,,,,,,,,,,,139.1,88,,,,,,,,,,,,,,,,,,
2026-07-08T01:00:15.967108+00:00,2026-07-08T01:00:15.967036,1,1,138.85,0.5,138.6,250,,,,,,,,,,,,,,,,,,,139.1,188,,,,,,,,,,,,,,,,,,
2026-07-08T01:00:16.428841+00:00,2026-07-08T01:00:16.428693,1,1,138.85,0.5,138.6,250,,,,,,,,,,,,,,,,,,,139.1,142,,,,,,,,,,,,,,,,,,
2026-07-08T01:00:16.810281+00:00,2026-07-08T01:00:16.810206,1,1,138.85,0.5,138.6,250,,,,,,,,,,,,,,,,,,,139.1,100,,,,,,,,,,,,,,,,,,
2026-07-08T01:00:16.815533+00:00,2026-07-08T01:00:16.815387,1,1,138.85,0.5,138.6,100,,,,,,,,,,,,,,,,,,,139.1,100,,,,,,,,,,,,,,,,,,
2026-07-08T01:00:16.858647+00:00,2026-07-08T01:00:16.858419,2,1,139.0,0.2,138.9,150,138.6,100,,,,,,,,,,,,,,,,,139.1,100,,,,,,,,,,,,,,,,,,
2026-07-08T01:00:16.917227+00:00,2026-07-08T01:00:16.917100,2,2,139.0,0.2,138.9,150,138.6,100,,,,,,,,,,,,,,,,,139.1,100,139.4,150,,,,,,,,,,,,,,,,
2026-07-08T01:00:18.048863+00:00,2026-07-08T01:00:18.048788,2,2,139.0,0.2,138.9,150,138.6,100,,,,,,,,,,,,,,,,,139.1,51,139.4,150,,,,,,,,,,,,,,,,
2026-07-08T01:00:18.658610+00:00,2026-07-08T01:00:18.657281,2,2,139.0,0.2,138.9,101,138.6,100,,,,,,,,,,,,,,,,,139.1,1,139.4,150,,,,,,,,,,,,,,,,
2026-07-08T01:00:19.022641+00:00,2026-07-08T01:00:19.022546,1,1,139.15,0.5,138.9,101,,,,,,,,,,,,,,,,,,,139.4,150,,,,,,,,,,,,,,,,,,
2026-07-08T01:00:19.077991+00:00,2026-07-08T01:00:19.077919,1,1,139.15,0.5,138.9,201,,,,,,,,,,,,,,,,,,,139.4,150,,,,,,,,,,,,,,,,,,
2026-07-08T01:00:19.131303+00:00,2026-07-08T01:00:19.131185,1,1,139.15,0.5,138.9,201,,,,,,,,,,,,,,,,,,,139.4,250,,,,,,,,,,,,,,,,,,
2026-07-08T01:00:19.975030+00:00,2026-07-08T01:00:19.974984,1,1,139.15,0.5,138.9,100,,,,,,,,,,,,,,,,,,,139.4,100,,,,,,,,,,,,,,,,,,
2026-07-08T01:00:20.027239+00:00,2026-07-08T01:00:20.027152,1,1,139.15,0.5,138.9,250,,,,,,,,,,,,,,,,,,,139.4,100,,,,,,,,,,,,,,,,,,
2026-07-08T01:00:20.080358+00:00,2026-07-08T01:00:20.080212,1,1,139.15,0.5,138.9,250,,,,,,,,,,,,,,,,,,,139.4,250,,,,,,,,,,,,,,,,,,
2026-07-08T01:00:21.344477+00:00,2026-07-08T01:00:21.344421,1,1,139.15,0.5,138.9,208,,,,,,,,,,,,,,,,,,,139.4,250,,,,,,,,,,,,,,,,,,
2026-07-08T01:00:21.913753+00:00,2026-07-08T01:00:21.913622,1,1,139.15,0.5,138.9,208,,,,,,,,,,,,,,,,,,,139.4,203,,,,,,,,,,,,,,,,,,
2026-07-08T01:00:22.185935+00:00,2026-07-08T01:00:22.185876,1,1,139.15,0.5,138.9,150,,,,,,,,,,,,,,,,,,,139.4,150,,,,,,,,,,,,,,,,,,
2026-07-08T01:00:22.246019+00:00,2026-07-08T01:00:22.245884,2,1,139.2,0.4,139.0,100,138.9,150,,,,,,,,,,,,,,,,,139.4,150,,,,,,,,,,,,,,,,,,
2026-07-08T01:00:22.301291+00:00,2026-07-08T01:00:22.301243,2,2,139.2,0.4,139.0,100,138.9,150,,,,,,,,,,,,,,,,,139.4,150,139.5,100,,,,,,,,,,,,,,,,
2026-07-08T01:00:22.870492+00:00,2026-07-08T01:00:22.870420,2,2,139.2,0.4,139.0,100,138.9,150,,,,,,,,,,,,,,,,,139.4,100,139.5,100,,,,,,,,,,,,,,,,
2026-07-08T01:00:23.135619+00:00,2026-07-08T01:00:23.135570,1,1,139.25,0.5,139.0,100,,,,,,,,,,,,,,,,,,,139.5,100,,,,,,,,,,,,,,,,,,
2026-07-08T01:00:23.186210+00:00,2026-07-08T01:00:23.186121,2,1,139.3,0.4,139.1,150,139.0,100,,,,,,,,,,,,,,,,,139.5,100,,,,,,,,,,,,,,,,,,
2026-07-08T01:00:23.241730+00:00,2026-07-08T01:00:23.241616,2,2,139.3,0.4,139.1,150,139.0,100,,,,,,,,,,,,,,,,,139.5,100,139.6,150,,,,,,,,,,,,,,,,
2026-07-08T01:00:24.975502+00:00,2026-07-08T01:00:24.975446,2,2,139.3,0.4,139.1,150,139.0,100,,,,,,,,,,,,,,,,,139.5,50,139.6,150,,,,,,,,,,,,,,,,
2026-07-08T01:00:25.013547+00:00,2026-07-08T01:00:25.013431,2,2,139.3,0.4,139.1,150,139.0,100,,,,,,,,,,,,,,,,,139.5,6,139.6,150,,,,,,,,,,,,,,,,
2026-07-08T01:00:25.358656+00:00,2026-07-08T01:00:25.355081,1,1,139.35,0.5,139.1,150,,,,,,,,,,,,,,,,,,,139.6,150,,,,,,,,,,,,,,,,,,
2026-07-08T01:00:25.420771+00:00,2026-07-08T01:00:25.410573,2,1,139.5,0.2,139.4,88,139.1,150,,,,,,,,,,,,,,,,,139.6,150,,,,,,,,,,,,,,,,,,
2026-07-08T01:00:25.464423+00:00,2026-07-08T01:00:25.464285,2,2,139.5,0.2,139.4,88,139.1,150,,,,,,,,,,,,,,,,,139.6,150,139.9,100,,,,,,,,,,,,,,,,
2026-07-08T01:00:26.092828+00:00,2026-07-08T01:00:26.086393,2,2,139.5,0.2,139.4,77,139.1,150,,,,,,,,,,,,,,,,,139.6,150,139.9,100,,,,,,,,,,,,,,,,
2026-07-08T01:00:26.135312+00:00,2026-07-08T01:00:26.135237,2,2,139.5,0.2,139.4,57,139.1,150,,,,,,,,,,,,,,,,,139.6,150,139.9,100,,,,,,,,,,,,,,,,
2026-07-08T01:00:26.298371+00:00,2026-07-08T01:00:26.298317,1,1,139.65,0.5,139.4,57,,,,,,,,,,,,,,,,,,,139.9,100,,,,,,,,,,,,,,,,,,
2026-07-08T01:00:26.352902+00:00,2026-07-08T01:00:26.353072,2,1,139.65,0.5,139.4,57,139.1,150,,,,,,,,,,,,,,,,,139.9,100,,,,,,,,,,,,,,,,,,
2026-07-08T01:00:26.404304+00:00,2026-07-08T01:00:26.404281,2,2,139.5,0.2,139.4,37,139.1,150,,,,,,,,,,,,,,,,,139.6,150,139.9,100,,,,,,,,,,,,,,,,
2026-07-08T01:00:26.671013+00:00,2026-07-08T01:00:26.670958,2,2,139.5,0.2,139.4,24,139.1,150,,,,,,,,,,,,,,,,,139.6,150,139.9,100,,,,,,,,,,,,,,,,
2026-07-08T01:00:27.084807+00:00,2026-07-08T01:00:27.084954,2,2,139.5,0.2,139.4,24,139.1,150,,,,,,,,,,,,,,,,,139.6,100,139.9,100,,,,,,,,,,,,,,,,
2026-07-08T01:00:28.377999+00:00,2026-07-08T01:00:28.378188,1,2,139.35,0.5,139.1,126,,,,,,,,,,,,,,,,,,,139.6,100,139.9,100,,,,,,,,,,,,,,,,
2026-07-08T01:00:28.523728+00:00,2026-07-08T01:00:28.523685,1,1,139.35,0.5,139.1,126,,,,,,,,,,,,,,,,,,,139.6,100,,,,,,,,,,,,,,,,,,
2026-07-08T01:00:28.571593+00:00,2026-07-08T01:00:28.571706,1,1,139.35,0.5,139.1,226,,,,,,,,,,,,,,,,,,,139.6,100,,,,,,,,,,,,,,,,,,
2026-07-08T01:00:28.624582+00:00,2026-07-08T01:00:28.624697,1,1,139.35,0.5,139.1,226,,,,,,,,,,,,,,,,,,,139.6,200,,,,,,,,,,,,,,,,,,
2026-07-08T01:00:29.193536+00:00,2026-07-08T01:00:29.193447,1,1,139.35,0.5,139.1,226,,,,,,,,,,,,,,,,,,,139.6,150,,,,,,,,,,,,,,,,,,
2026-07-08T01:00:29.458600+00:00,2026-07-08T01:00:29.456949,1,1,139.35,0.5,139.1,226,,,,,,,,,,,,,,,,,,,139.6,100,,,,,,,,,,,,,,,,,,
2026-07-08T01:00:29.469025+00:00,2026-07-08T01:00:29.468887,1,1,139.35,0.5,139.1,100,,,,,,,,,,,,,,,,,,,139.6,100,,,,,,,,,,,,,,,,,,
2026-07-08T01:00:29.520827+00:00,2026-07-08T01:00:29.521003,2,1,139.5,0.2,139.4,150,139.1,100,,,,,,,,,,,,,,,,,139.6,100,,,,,,,,,,,,,,,,,,
2026-07-08T01:00:29.577696+00:00,2026-07-08T01:00:29.577616,2,2,139.5,0.2,139.4,150,139.1,100,,,,,,,,,,,,,,,,,139.6,100,139.9,150,,,,,,,,,,,,,,,,
2026-07-08T01:00:29.881965+00:00,2026-07-08T01:00:29.874603,2,2,139.5,0.2,139.4,138,139.1,100,,,,,,,,,,,,,,,,,139.6,100,139.9,150,,,,,,,,,,,,,,,,
2026-07-08T01:00:30.342970+00:00,2026-07-08T01:00:30.343137,2,2,139.5,0.2,139.4,94,139.1,100,,,,,,,,,,,,,,,,,139.6,100,139.9,150,,,,,,,,,,,,,,,,
2026-07-08T01:00:31.301203+00:00,2026-07-08T01:00:31.301379,2,2,139.5,0.2,139.4,94,139.1,100,,,,,,,,,,,,,,,,,139.6,50,139.9,150,,,,,,,,,,,,,,,,
2026-07-08T01:00:31.675892+00:00,2026-07-08T01:00:31.675806,2,1,139.65,0.5,139.4,94,139.1,100,,,,,,,,,,,,,,,,,139.9,150,,,,,,,,,,,,,,,,,,
2026-07-08T01:00:31.681085+00:00,2026-07-08T01:00:31.680989,1,1,139.65,0.5,139.4,94,,,,,,,,,,,,,,,,,,,139.9,150,,,,,,,,,,,,,,,,,,
2026-07-08T01:00:31.735976+00:00,2026-07-08T01:00:31.735890,2,1,139.65,0.5,139.4,94,139.1,100,,,,,,,,,,,,,,,,,139.9,150,,,,,,,,,,,,,,,,,,
2026-07-08T01:00:31.789792+00:00,2026-07-08T01:00:31.789668,2,2,139.5,0.2,139.4,94,139.1,100,,,,,,,,,,,,,,,,,139.6,100,139.9,150,,,,,,,,,,,,,,,,
2026-07-08T01:00:32.168661+00:00,2026-07-08T01:00:32.162476,2,2,139.5,0.2,139.4,83,139.1,100,,,,,,,,,,,,,,,,,139.6,100,139.9,150,,,,,,,,,,,,,,,,
2026-07-08T01:00:32.630606+00:00,2026-07-08T01:00:32.630508,2,1,139.5,0.2,139.4,83,139.1,100,,,,,,,,,,,,,,,,,139.6,100,,,,,,,,,,,,,,,,,,
2026-07-08T01:00:32.635808+00:00,2026-07-08T01:00:32.635697,1,1,139.35,0.5,139.1,100,,,,,,,,,,,,,,,,,,,139.6,100,,,,,,,,,,,,,,,,,,
2026-07-08T01:00:32.690002+00:00,2026-07-08T01:00:32.689806,2,1,139.35,0.5,139.1,100,139.0,150,,,,,,,,,,,,,,,,,139.6,100,,,,,,,,,,,,,,,,,,
2026-07-08T01:00:32.743290+00:00,2026-07-08T01:00:32.743217,2,2,139.3,0.4,139.1,100,139.0,150,,,,,,,,,,,,,,,,,139.5,150,139.6,100,,,,,,,,,,,,,,,,
2026-07-08T01:00:33.408900+00:00,2026-07-08T01:00:33.408828,2,2,139.3,0.4,139.1,100,139.0,150,,,,,,,,,,,,,,,,,139.5,100,139.6,100,,,,,,,,,,,,,,,,
2026-07-08T01:00:34.845581+00:00,2026-07-08T01:00:34.845770,1,1,139.25,0.5,139.0,150,,,,,,,,,,,,,,,,,,,139.5,100,,,,,,,,,,,,,,,,,,
2026-07-08T01:00:34.899931+00:00,2026-07-08T01:00:34.900021,1,1,139.25,0.5,139.0,250,,,,,,,,,,,,,,,,,,,139.5,100,,,,,,,,,,,,,,,,,,
2026-07-08T01:00:34.950390+00:00,2026-07-08T01:00:34.950283,1,1,139.25,0.5,139.0,250,,,,,,,,,,,,,,,,,,,139.5,55,,,,,,,,,,,,,,,,,,
2026-07-08T01:00:34.958571+00:00,2026-07-08T01:00:34.955469,1,1,139.25,0.5,139.0,250,,,,,,,,,,,,,,,,,,,139.5,155,,,,,,,,,,,,,,,,,,
2026-07-08T01:00:35.516746+00:00,2026-07-08T01:00:35.516616,1,1,139.25,0.5,139.0,250,,,,,,,,,,,,,,,,,,,139.5,105,,,,,,,,,,,,,,,,,,
2026-07-08T01:00:35.794490+00:00,2026-07-08T01:00:35.794591,1,1,139.25,0.5,139.0,100,,,,,,,,,,,,,,,,,,,139.5,100,,,,,,,,,,,,,,,,,,
2026-07-08T01:00:35.853365+00:00,2026-07-08T01:00:35.853255,2,0,,,139.6,50,139.0,100,,,,,,,,,,,,,,,,,,,,,,,,,,,,,,,,,,,,
2026-07-08T01:00:35.908160+00:00,2026-07-08T01:00:35.908310,2,1,139.85,0.5,139.6,50,139.0,100,,,,,,,,,,,,,,,,,140.1,150,,,,,,,,,,,,,,,,,,
2026-07-08T01:00:35.920284+00:00,2026-07-08T01:00:35.913067,2,1,139.85,0.5,139.6,47,139.0,100,,,,,,,,,,,,,,,,,140.1,150,,,,,,,,,,,,,,,,,,
2026-07-08T01:00:35.966131+00:00,2026-07-08T01:00:35.966019,2,2,139.8,0.4,139.6,47,139.0,100,,,,,,,,,,,,,,,,,140.0,10,140.1,150,,,,,,,,,,,,,,,,
2026-07-08T01:00:36.217442+00:00,2026-07-08T01:00:36.217391,2,2,139.8,0.4,139.6,4,139.0,100,,,,,,,,,,,,,,,,,140.0,10,140.1,150,,,,,,,,,,,,,,,,
2026-07-08T01:00:37.631634+00:00,2026-07-08T01:00:37.631578,2,1,139.85,0.5,139.6,4,139.0,100,,,,,,,,,,,,,,,,,140.1,110,,,,,,,,,,,,,,,,,,
2026-07-08T01:00:37.683236+00:00,2026-07-08T01:00:37.683118,2,2,139.8,0.4,139.6,4,139.0,100,,,,,,,,,,,,,,,,,140.0,10,140.1,110,,,,,,,,,,,,,,,,
2026-07-08T01:00:37.998087+00:00,2026-07-08T01:00:37.997979,2,1,139.85,0.5,139.6,4,139.0,100,,,,,,,,,,,,,,,,,140.1,110,,,,,,,,,,,,,,,,,,
2026-07-08T01:00:38.010339+00:00,2026-07-08T01:00:38.010251,1,1,139.85,0.5,139.6,4,,,,,,,,,,,,,,,,,,,140.1,110,,,,,,,,,,,,,,,,,,
2026-07-08T01:00:38.058653+00:00,2026-07-08T01:00:38.058492,2,1,139.85,0.5,139.6,4,139.5,100,,,,,,,,,,,,,,,,,140.1,110,,,,,,,,,,,,,,,,,,
2026-07-08T01:00:38.120143+00:00,2026-07-08T01:00:38.120317,2,2,139.8,0.4,139.6,4,139.5,100,,,,,,,,,,,,,,,,,140.0,100,140.1,110,,,,,,,,,,,,,,,,
2026-07-08T01:00:38.957350+00:00,2026-07-08T01:00:38.957494,1,1,139.75,0.5,139.5,100,,,,,,,,,,,,,,,,,,,140.0,100,,,,,,,,,,,,,,,,,,
2026-07-08T01:00:39.018008+00:00,2026-07-08T01:00:39.017956,2,1,139.75,0.5,139.5,100,139.3,150,,,,,,,,,,,,,,,,,140.0,100,,,,,,,,,,,,,,,,,,
2026-07-08T01:00:39.069413+00:00,2026-07-08T01:00:39.069363,2,2,139.65,0.3,139.5,100,139.3,150,,,,,,,,,,,,,,,,,139.8,150,140.0,100,,,,,,,,,,,,,,,,
2026-07-08T01:00:39.258607+00:00,2026-07-08T01:00:39.255117,2,2,139.65,0.3,139.5,100,139.3,150,,,,,,,,,,,,,,,,,139.8,140,140.0,100,,,,,,,,,,,,,,,,
2026-07-08T01:00:39.740998+00:00,2026-07-08T01:00:39.740857,2,2,139.65,0.3,139.5,100,139.3,150,,,,,,,,,,,,,,,,,139.8,90,140.0,100,,,,,,,,,,,,,,,,
2026-07-08T01:00:41.085145+00:00,2026-07-08T01:00:41.085076,2,2,139.65,0.3,139.5,100,139.3,150,,,,,,,,,,,,,,,,,139.8,43,140.0,100,,,,,,,,,,,,,,,,
2026-07-08T01:00:41.175058+00:00,2026-07-08T01:00:41.175032,1,1,139.55,0.5,139.3,150,,,,,,,,,,,,,,,,,,,139.8,43,,,,,,,,,,,,,,,,,,
2026-07-08T01:00:41.232471+00:00,2026-07-08T01:00:41.232338,2,1,139.65,0.3,139.5,100,139.3,150,,,,,,,,,,,,,,,,,139.8,43,,,,,,,,,,,,,,,,,,
2026-07-08T01:00:41.285278+00:00,2026-07-08T01:00:41.285392,2,2,139.65,0.3,139.5,100,139.3,150,,,,,,,,,,,,,,,,,139.8,43,140.0,100,,,,,,,,,,,,,,,,
2026-07-08T01:00:41.858545+00:00,2026-07-08T01:00:41.853813,2,1,139.75,0.5,139.5,100,139.3,150,,,,,,,,,,,,,,,,,140.0,93,,,,,,,,,,,,,,,,,,
2026-07-08T01:00:41.930255+00:00,2026-07-08T01:00:41.930138,2,2,139.7,0.4,139.5,100,139.3,150,,,,,,,,,,,,,,,,,139.9,10,140.0,93,,,,,,,,,,,,,,,,
2026-07-08T01:00:42.126110+00:00,2026-07-08T01:00:42.126254,1,2,139.7,0.4,139.5,100,,,,,,,,,,,,,,,,,,,139.9,10,140.0,93,,,,,,,,,,,,,,,,
2026-07-08T01:00:42.179359+00:00,2026-07-08T01:00:42.179481,2,2,139.8,0.2,139.7,150,139.5,100,,,,,,,,,,,,,,,,,139.9,10,140.0,93,,,,,,,,,,,,,,,,
2026-07-08T01:00:42.232719+00:00,2026-07-08T01:00:42.232625,2,3,139.8,0.2,139.7,150,139.5,100,,,,,,,,,,,,,,,,,139.9,10,140.0,93,140.2,150,,,,,,,,,,,,,,
2026-07-08T01:00:43.095242+00:00,2026-07-08T01:00:43.095073,2,2,139.85,0.3,139.7,150,139.5,100,,,,,,,,,,,,,,,,,140.0,93,140.2,150,,,,,,,,,,,,,,,,
2026-07-08T01:00:43.316804+00:00,2026-07-08T01:00:43.316745,2,2,139.85,0.3,139.7,104,139.5,100,,,,,,,,,,,,,,,,,140.0,93,140.2,150,,,,,,,,,,,,,,,,
2026-07-08T01:00:43.897522+00:00,2026-07-08T01:00:43.897697,2,2,139.85,0.3,139.7,60,139.5,100,,,,,,,,,,,,,,,,,140.0,93,140.2,150,,,,,,,,,,,,,,,,
2026-07-08T01:00:43.958550+00:00,2026-07-08T01:00:43.957607,2,2,139.85,0.3,139.7,60,139.5,100,,,,,,,,,,,,,,,,,140.0,43,140.2,150,,,,,,,,,,,,,,,,
2026-07-08T01:00:44.123872+00:00,2026-07-08T01:00:44.123805,2,3,139.8,0.2,139.7,60,139.5,100,,,,,,,,,,,,,,,,,139.9,10,140.0,43,140.2,150,,,,,,,,,,,,,,
2026-07-08T01:00:44.363679+00:00,2026-07-08T01:00:44.364186,1,2,139.8,0.2,139.7,60,,,,,,,,,,,,,,,,,,,139.9,10,140.2,150,,,,,,,,,,,,,,,,
2026-07-08T01:00:44.394919+00:00,2026-07-08T01:00:44.394810,2,2,139.8,0.2,139.7,60,139.5,100,,,,,,,,,,,,,,,,,139.9,10,140.2,150,,,,,,,,,,,,,,,,
2026-07-08T01:00:44.464144+00:00,2026-07-08T01:00:44.464023,2,3,139.8,0.2,139.7,60,139.5,100,,,,,,,,,,,,,,,,,139.9,10,140.0,100,140.2,150,,,,,,,,,,,,,,
2026-07-08T01:00:45.285692+00:00,2026-07-08T01:00:45.285661,1,2,139.7,0.4,139.5,100,,,,,,,,,,,,,,,,,,,139.9,10,140.0,100,,,,,,,,,,,,,,,,
2026-07-08T01:00:45.337482+00:00,2026-07-08T01:00:45.337331,2,2,139.7,0.4,139.5,100,139.4,150,,,,,,,,,,,,,,,,,139.9,10,140.0,100,,,,,,,,,,,,,,,,
2026-07-08T01:00:45.395724+00:00,2026-07-08T01:00:45.395636,2,2,139.7,0.4,139.5,100,139.4,150,,,,,,,,,,,,,,,,,139.9,160,140.0,100,,,,,,,,,,,,,,,,
2026-07-08T01:00:45.845113+00:00,2026-07-08T01:00:45.845010,2,2,139.7,0.4,139.5,100,139.4,150,,,,,,,,,,,,,,,,,139.9,150,140.0,100,,,,,,,,,,,,,,,,
2026-07-08T01:00:46.071138+00:00,2026-07-08T01:00:46.071001,2,2,139.7,0.4,139.5,100,139.4,150,,,,,,,,,,,,,,,,,139.9,100,140.0,100,,,,,,,,,,,,,,,,
2026-07-08T01:00:47.505088+00:00,2026-07-08T01:00:47.505019,1,1,139.65,0.5,139.4,150,,,,,,,,,,,,,,,,,,,139.9,100,,,,,,,,,,,,,,,,,,
2026-07-08T01:00:47.558629+00:00,2026-07-08T01:00:47.554925,2,1,139.7,0.4,139.5,100,139.4,150,,,,,,,,,,,,,,,,,139.9,100,,,,,,,,,,,,,,,,,,
2026-07-08T01:00:47.614088+00:00,2026-07-08T01:00:47.613991,2,2,139.7,0.4,139.5,100,139.4,150,,,,,,,,,,,,,,,,,139.9,100,140.0,100,,,,,,,,,,,,,,,,
2026-07-08T01:00:48.180370+00:00,2026-07-08T01:00:48.180198,2,2,139.7,0.4,139.5,100,139.4,150,,,,,,,,,,,,,,,,,139.9,50,140.0,100,,,,,,,,,,,,,,,,
2026-07-08T01:00:48.450096+00:00,2026-07-08T01:00:48.449981,1,1,139.75,0.5,139.5,100,,,,,,,,,,,,,,,,,,,140.0,100,,,,,,,,,,,,,,,,,,
2026-07-08T01:00:48.503699+00:00,2026-07-08T01:00:48.503605,2,1,139.95,0.1,139.9,150,139.5,100,,,,,,,,,,,,,,,,,140.0,100,,,,,,,,,,,,,,,,,,
2026-07-08T01:00:48.508688+00:00,2026-07-08T01:00:48.508831,2,1,139.95,0.1,139.9,150,139.5,100,,,,,,,,,,,,,,,,,140.0,55,,,,,,,,,,,,,,,,,,
2026-07-08T01:00:48.558694+00:00,2026-07-08T01:00:48.553835,2,2,139.95,0.1,139.9,150,139.5,100,,,,,,,,,,,,,,,,,140.0,55,140.4,150,,,,,,,,,,,,,,,,
2026-07-08T01:00:50.286715+00:00,2026-07-08T01:00:50.286675,2,2,139.95,0.1,139.9,150,139.5,100,,,,,,,,,,,,,,,,,140.0,5,140.4,150,,,,,,,,,,,,,,,,
2026-07-08T01:00:50.658602+00:00,2026-07-08T01:00:50.658165,2,1,140.15,0.5,139.9,150,139.5,100,,,,,,,,,,,,,,,,,140.4,150,,,,,,,,,,,,,,,,,,
2026-07-08T01:00:50.670498+00:00,2026-07-08T01:00:50.670402,1,1,140.15,0.5,139.9,150,,,,,,,,,,,,,,,,,,,140.4,150,,,,,,,,,,,,,,,,,,
2026-07-08T01:00:50.708774+00:00,2026-07-08T01:00:50.708624,1,2,140.1,0.4,139.9,150,,,,,,,,,,,,,,,,,,,140.3,10,140.4,150,,,,,,,,,,,,,,,,
2026-07-08T01:00:50.718917+00:00,2026-07-08T01:00:50.719012,1,2,140.1,0.4,139.9,250,,,,,,,,,,,,,,,,,,,140.3,10,140.4,150,,,,,,,,,,,,,,,,
2026-07-08T01:00:50.772954+00:00,2026-07-08T01:00:50.773329,1,2,140.1,0.4,139.9,250,,,,,,,,,,,,,,,,,,,140.3,10,140.4,250,,,,,,,,,,,,,,,,
2026-07-08T01:00:50.893723+00:00,2026-07-08T01:00:50.893621,1,2,140.1,0.4,139.9,210,,,,,,,,,,,,,,,,,,,140.3,10,140.4,250,,,,,,,,,,,,,,,,
2026-07-08T01:00:51.613016+00:00,2026-07-08T01:00:51.612922,1,2,140.1,0.4,139.9,100,,,,,,,,,,,,,,,,,,,140.3,10,140.4,100,,,,,,,,,,,,,,,,
2026-07-08T01:00:51.666819+00:00,2026-07-08T01:00:51.666734,2,2,140.1,0.4,139.9,100,139.8,150,,,,,,,,,,,,,,,,,140.3,10,140.4,100,,,,,,,,,,,,,,,,
2026-07-08T01:00:51.719428+00:00,2026-07-08T01:00:51.719299,2,2,140.1,0.4,139.9,100,139.8,150,,,,,,,,,,,,,,,,,140.3,160,140.4,100,,,,,,,,,,,,,,,,
2026-07-08T01:00:51.944483+00:00,2026-07-08T01:00:51.944431,2,2,140.1,0.4,139.9,56,139.8,150,,,,,,,,,,,,,,,,,140.3,160,140.4,100,,,,,,,,,,,,,,,,
2026-07-08T01:00:52.448033+00:00,2026-07-08T01:00:52.447935,2,2,140.1,0.4,139.9,6,139.8,150,,,,,,,,,,,,,,,,,140.3,160,140.4,100,,,,,,,,,,,,,,,,
2026-07-08T01:00:53.839390+00:00,2026-07-08T01:00:53.839330,1,1,140.05,0.5,139.8,150,,,,,,,,,,,,,,,,,,,140.3,160,,,,,,,,,,,,,,,,,,
2026-07-08T01:00:53.894622+00:00,2026-07-08T01:00:53.894499,1,1,140.05,0.5,139.8,150,,,,,,,,,,,,,,,,,,,140.3,113,,,,,,,,,,,,,,,,,,
2026-07-08T01:00:53.899582+00:00,2026-07-08T01:00:53.899697,1,1,140.05,0.5,139.8,250,,,,,,,,,,,,,,,,,,,140.3,113,,,,,,,,,,,,,,,,,,
2026-07-08T01:00:53.958562+00:00,2026-07-08T01:00:53.955915,1,1,140.05,0.5,139.8,250,,,,,,,,,,,,,,,,,,,140.3,213,,,,,,,,,,,,,,,,,,
2026-07-08T01:00:54.558650+00:00,2026-07-08T01:00:54.555373,1,1,140.05,0.5,139.8,200,,,,,,,,,,,,,,,,,,,140.3,213,,,,,,,,,,,,,,,,,,
2026-07-08T01:00:54.773456+00:00,2026-07-08T01:00:54.773410,1,1,140.05,0.5,139.8,100,,,,,,,,,,,,,,,,,,,140.3,100,,,,,,,,,,,,,,,,,,
2026-07-08T01:00:54.826928+00:00,2026-07-08T01:00:54.826860,2,1,140.1,0.4,139.9,150,139.8,100,,,,,,,,,,,,,,,,,140.3,100,,,,,,,,,,,,,,,,,,
2026-07-08T01:00:54.880729+00:00,2026-07-08T01:00:54.880653,2,2,140.1,0.4,139.9,150,139.8,100,,,,,,,,,,,,,,,,,140.3,110,140.4,150,,,,,,,,,,,,,,,,
2026-07-08T01:00:55.465729+00:00,2026-07-08T01:00:55.465608,2,2,140.1,0.4,139.9,150,139.8,100,,,,,,,,,,,,,,,,,140.3,63,140.4,150,,,,,,,,,,,,,,,,
2026-07-08T01:00:56.395144+00:00,2026-07-08T01:00:56.388750,2,2,140.1,0.4,139.9,147,139.8,100,,,,,,,,,,,,,,,,,140.3,63,140.4,150,,,,,,,,,,,,,,,,
2026-07-08T01:00:56.663840+00:00,2026-07-08T01:00:56.663721,2,2,140.1,0.4,139.9,97,139.8,100,,,,,,,,,,,,,,,,,140.3,63,140.4,150,,,,,,,,,,,,,,,,
2026-07-08T01:00:57.014645+00:00,2026-07-08T01:00:57.014547,1,2,140.1,0.4,139.9,97,,,,,,,,,,,,,,,,,,,140.3,10,140.4,150,,,,,,,,,,,,,,,,
2026-07-08T01:00:57.068870+00:00,2026-07-08T01:00:57.068967,2,2,140.25,0.1,140.2,100,139.9,97,,,,,,,,,,,,,,,,,140.3,10,140.4,150,,,,,,,,,,,,,,,,
2026-07-08T01:00:57.122764+00:00,2026-07-08T01:00:57.122671,2,3,140.25,0.1,140.2,100,139.9,97,,,,,,,,,,,,,,,,,140.3,10,140.4,150,140.7,100,,,,,,,,,,,,,,
2026-07-08T01:00:57.179209+00:00,2026-07-08T01:00:57.179171,2,2,140.3,0.2,140.2,100,139.9,97,,,,,,,,,,,,,,,,,140.4,150,140.7,100,,,,,,,,,,,,,,,,
2026-07-08T01:00:57.596895+00:00,2026-07-08T01:00:57.596833,2,2,140.3,0.2,140.2,100,139.9,97,,,,,,,,,,,,,,,,,140.4,160,140.7,100,,,,,,,,,,,,,,,,
2026-07-08T01:00:57.932548+00:00,2026-07-08T01:00:57.932506,1,2,140.3,0.2,140.2,100,,,,,,,,,,,,,,,,,,,140.4,10,140.7,100,,,,,,,,,,,,,,,,
2026-07-08T01:00:57.987501+00:00,2026-07-08T01:00:57.987465,2,2,140.3,0.2,140.2,100,139.7,150,,,,,,,,,,,,,,,,,140.4,10,140.7,100,,,,,,,,,,,,,,,,
2026-07-08T01:00:58.040822+00:00,2026-07-08T01:00:58.040789,1,3,139.95,0.5,139.7,150,,,,,,,,,,,,,,,,,,,140.2,50,140.4,10,140.7,100,,,,,,,,,,,,,,
2026-07-08T01:00:58.193793+00:00,2026-07-08T01:00:58.193711,1,2,139.95,0.5,139.7,150,,,,,,,,,,,,,,,,,,,140.2,50,140.7,100,,,,,,,,,,,,,,,,
2026-07-08T01:00:58.769882+00:00,2026-07-08T01:00:58.769756,1,2,139.95,0.5,139.7,100,,,,,,,,,,,,,,,,,,,140.2,50,140.7,100,,,,,,,,,,,,,,,,
2026-07-08T01:00:59.901346+00:00,2026-07-08T01:00:59.901249,1,2,139.95,0.5,139.7,100,,,,,,,,,,,,,,,,,,,140.2,60,140.7,100,,,,,,,,,,,,,,,,
2026-07-08T01:01:00.175610+00:00,2026-07-08T01:01:00.175572,1,1,139.95,0.5,139.7,100,,,,,,,,,,,,,,,,,,,140.2,60,,,,,,,,,,,,,,,,,,
2026-07-08T01:01:00.229622+00:00,2026-07-08T01:01:00.229569,2,1,139.95,0.5,139.7,100,139.4,100,,,,,,,,,,,,,,,,,140.2,60,,,,,,,,,,,,,,,,,,
2026-07-08T01:01:00.280230+00:00,2026-07-08T01:01:00.280372,2,2,139.8,0.2,139.7,100,139.4,100,,,,,,,,,,,,,,,,,139.9,100,140.2,60,,,,,,,,,,,,,,,,
2026-07-08T01:01:00.501547+00:00,2026-07-08T01:01:00.501491,2,2,139.8,0.2,139.7,100,139.4,100,,,,,,,,,,,,,,,,,139.9,100,140.2,50,,,,,,,,,,,,,,,,
2026-07-08T01:01:00.529911+00:00,2026-07-08T01:01:00.529886,2,2,139.8,0.2,139.7,58,139.4,100,,,,,,,,,,,,,,,,,139.9,100,140.2,50,,,,,,,,,,,,,,,,
2026-07-08T01:01:00.876615+00:00,2026-07-08T01:01:00.876546,2,2,139.8,0.2,139.7,8,139.4,100,,,,,,,,,,,,,,,,,139.9,100,140.2,50,,,,,,,,,,,,,,,,
2026-07-08T01:01:01.081297+00:00,2026-07-08T01:01:01.081395,1,2,139.65,0.5,139.4,100,,,,,,,,,,,,,,,,,,,139.9,100,140.2,50,,,,,,,,,,,,,,,,
2026-07-08T01:01:01.140367+00:00,2026-07-08T01:01:01.140308,1,1,139.65,0.5,139.4,100,,,,,,,,,,,,,,,,,,,139.9,100,,,,,,,,,,,,,,,,,,
2026-07-08T01:01:01.196555+00:00,2026-07-08T01:01:01.196634,2,1,139.65,0.5,139.4,100,139.2,150,,,,,,,,,,,,,,,,,139.9,100,,,,,,,,,,,,,,,,,,
2026-07-08T01:01:01.260865+00:00,2026-07-08T01:01:01.254744,2,2,139.55,0.3,139.4,100,139.2,150,,,,,,,,,,,,,,,,,139.7,147,139.9,100,,,,,,,,,,,,,,,,
2026-07-08T01:01:01.349398+00:00,2026-07-08T01:01:01.349367,2,2,139.55,0.3,139.4,100,139.2,150,,,,,,,,,,,,,,,,,139.7,137,139.9,100,,,,,,,,,,,,,,,,
2026-07-08T01:01:02.942859+00:00,2026-07-08T01:01:02.936432,2,2,139.55,0.3,139.4,100,139.2,150,,,,,,,,,,,,,,,,,139.7,134,139.9,100,,,,,,,,,,,,,,,,
2026-07-08T01:01:02.991644+00:00,2026-07-08T01:01:02.991559,2,2,139.55,0.3,139.4,50,139.2,150,,,,,,,,,,,,,,,,,139.7,134,139.9,100,,,,,,,,,,,,,,,,
2026-07-08T01:01:03.337469+00:00,2026-07-08T01:01:03.337618,1,1,139.45,0.5,139.2,150,,,,,,,,,,,,,,,,,,,139.7,134,,,,,,,,,,,,,,,,,,
2026-07-08T01:01:03.393818+00:00,2026-07-08T01:01:03.393685,1,1,139.45,0.5,139.2,150,,,,,,,,,,,,,,,,,,,139.7,34,,,,,,,,,,,,,,,,,,
2026-07-08T01:01:03.448487+00:00,2026-07-08T01:01:03.448380,1,2,139.45,0.5,139.2,150,,,,,,,,,,,,,,,,,,,139.7,34,140.4,100,,,,,,,,,,,,,,,,
2026-07-08T01:01:04.139873+00:00,2026-07-08T01:01:04.133412,1,2,139.45,0.5,139.2,150,,,,,,,,,,,,,,,,,,,139.7,23,140.4,100,,,,,,,,,,,,,,,,
2026-07-08T01:01:04.303007+00:00,2026-07-08T01:01:04.302907,0,1,,,,,,,,,,,,,,,,,,,,,,,140.4,100,,,,,,,,,,,,,,,,,,
2026-07-08T01:01:04.371146+00:00,2026-07-08T01:01:04.365291,1,1,140.25,0.3,140.1,136,,,,,,,,,,,,,,,,,,,140.4,100,,,,,,,,,,,,,,,,,,
2026-07-08T01:01:04.411020+00:00,2026-07-08T01:01:04.410955,1,2,140.25,0.3,140.1,136,,,,,,,,,,,,,,,,,,,140.4,100,140.6,150,,,,,,,,,,,,,,,,
2026-07-08T01:01:04.459206+00:00,2026-07-08T01:01:04.459299,1,2,140.25,0.3,140.1,136,,,,,,,,,,,,,,,,,,,140.4,110,140.6,150,,,,,,,,,,,,,,,,
2026-07-08T01:01:05.058654+00:00,2026-07-08T01:01:05.056937,1,2,140.25,0.3,140.1,136,,,,,,,,,,,,,,,,,,,140.4,100,140.6,150,,,,,,,,,,,,,,,,
2026-07-08T01:01:05.098798+00:00,2026-07-08T01:01:05.098652,1,2,140.25,0.3,140.1,136,,,,,,,,,,,,,,,,,,,140.4,53,140.6,150,,,,,,,,,,,,,,,,
2026-07-08T01:01:05.103929+00:00,2026-07-08T01:01:05.103849,1,2,140.25,0.3,140.1,86,,,,,,,,,,,,,,,,,,,140.4,53,140.6,150,,,,,,,,,,,,,,,,
2026-07-08T01:01:06.504374+00:00,2026-07-08T01:01:06.504312,1,1,140.35,0.5,140.1,86,,,,,,,,,,,,,,,,,,,140.6,150,,,,,,,,,,,,,,,,,,
2026-07-08T01:01:06.558613+00:00,2026-07-08T01:01:06.554042,2,1,140.35,0.5,140.1,86,139.7,100,,,,,,,,,,,,,,,,,140.6,150,,,,,,,,,,,,,,,,,,
2026-07-08T01:01:06.611316+00:00,2026-07-08T01:01:06.611225,2,2,140.15,0.1,140.1,86,139.7,100,,,,,,,,,,,,,,,,,140.2,100,140.6,150,,,,,,,,,,,,,,,,
2026-07-08T01:01:07.209396+00:00,2026-07-08T01:01:07.209362,2,2,140.15,0.1,140.1,36,139.7,100,,,,,,,,,,,,,,,,,140.2,100,140.6,150,,,,,,,,,,,,,,,,
2026-07-08T01:01:07.467747+00:00,2026-07-08T01:01:07.467618,1,1,139.95,0.5,139.7,100,,,,,,,,,,,,,,,,,,,140.2,100,,,,,,,,,,,,,,,,,,
2026-07-08T01:01:07.522245+00:00,2026-07-08T01:01:07.522341,2,1,140.05,0.3,139.9,150,139.7,100,,,,,,,,,,,,,,,,,140.2,100,,,,,,,,,,,,,,,,,,
2026-07-08T01:01:07.575829+00:00,2026-07-08T01:01:07.575730,2,2,140.05,0.3,139.9,150,139.7,100,,,,,,,,,,,,,,,,,140.2,100,140.4,150,,,,,,,,,,,,,,,,
2026-07-08T01:01:09.312345+00:00,2026-07-08T01:01:09.312239,2,2,140.05,0.3,139.9,100,139.7,100,,,,,,,,,,,,,,,,,140.2,100,140.4,150,,,,,,,,,,,,,,,,
2026-07-08T01:01:09.658633+00:00,2026-07-08T01:01:09.657005,2,1,140.15,0.5,139.9,100,139.7,100,,,,,,,,,,,,,,,,,140.4,150,,,,,,,,,,,,,,,,,,
2026-07-08T01:01:09.669235+00:00,2026-07-08T01:01:09.669204,1,1,140.15,0.5,139.9,100,,,,,,,,,,,,,,,,,,,140.4,150,,,,,,,,,,,,,,,,,,
2026-07-08T01:01:09.730036+00:00,2026-07-08T01:01:09.729946,2,1,140.15,0.5,139.9,100,139.6,100,,,,,,,,,,,,,,,,,140.4,150,,,,,,,,,,,,,,,,,,
2026-07-08T01:01:09.784796+00:00,2026-07-08T01:01:09.784673,2,2,140.0,0.2,139.9,100,139.6,100,,,,,,,,,,,,,,,,,140.1,100,140.4,150,,,,,,,,,,,,,,,,
2026-07-08T01:01:10.629822+00:00,2026-07-08T01:01:10.629699,1,1,139.85,0.5,139.6,100,,,,,,,,,,,,,,,,,,,140.1,100,,,,,,,,,,,,,,,,,,
2026-07-08T01:01:10.683963+00:00,2026-07-08T01:01:10.683903,1,1,139.85,0.5,139.6,250,,,,,,,,,,,,,,,,,,,140.1,100,,,,,,,,,,,,,,,,,,
2026-07-08T01:01:10.733608+00:00,2026-07-08T01:01:10.733731,1,1,139.85,0.5,139.6,250,,,,,,,,,,,,,,,,,,,140.1,250,,,,,,,,,,,,,,,,,,
2026-07-08T01:01:11.425449+00:00,2026-07-08T01:01:11.425365,1,1,139.85,0.5,139.6,200,,,,,,,,,,,,,,,,,,,140.1,250,,,,,,,,,,,,,,,,,,
2026-07-08T01:01:12.064207+00:00,2026-07-08T01:01:12.064115,1,1,139.85,0.5,139.6,200,,,,,,,,,,,,,,,,,,,140.1,204,,,,,,,,,,,,,,,,,,
2026-07-08T01:01:12.835957+00:00,2026-07-08T01:01:12.835880,1,1,139.85,0.5,139.6,150,,,,,,,,,,,,,,,,,,,140.1,150,,,,,,,,,,,,,,,,,,
2026-07-08T01:01:12.891228+00:00,2026-07-08T01:01:12.891119,1,1,139.85,0.5,139.6,250,,,,,,,,,,,,,,,,,,,140.1,150,,,,,,,,,,,,,,,,,,
2026-07-08T01:01:12.944137+00:00,2026-07-08T01:01:12.944100,1,1,139.85,0.5,139.6,250,,,,,,,,,,,,,,,,,,,140.1,250,,,,,,,,,,,,,,,,,,
2026-07-08T01:01:13.789598+00:00,2026-07-08T01:01:13.789479,1,1,139.85,0.5,139.6,100,,,,,,,,,,,,,,,,,,,140.1,100,,,,,,,,,,,,,,,,,,
2026-07-08T01:01:13.874201+00:00,2026-07-08T01:01:13.874130,2,1,139.85,0.5,139.6,100,139.5,150,,,,,,,,,,,,,,,,,140.1,100,,,,,,,,,,,,,,,,,,
2026-07-08T01:01:13.927690+00:00,2026-07-08T01:01:13.927618,2,2,139.8,0.4,139.6,100,139.5,150,,,,,,,,,,,,,,,,,140.0,150,140.1,100,,,,,,,,,,,,,,,,
2026-07-08T01:01:15.666962+00:00,2026-07-08T01:01:15.666810,2,2,139.8,0.4,139.6,50,139.5,150,,,,,,,,,,,,,,,,,140.0,150,140.1,100,,,,,,,,,,,,,,,,
2026-07-08T01:01:15.999164+00:00,2026-07-08T01:01:15.999112,1,1,139.75,0.5,139.5,150,,,,,,,,,,,,,,,,,,,140.0,150,,,,,,,,,,,,,,,,,,
2026-07-08T01:01:16.054175+00:00,2026-07-08T01:01:16.054102,2,1,139.75,0.5,139.5,150,139.4,100,,,,,,,,,,,,,,,,,140.0,150,,,,,,,,,,,,,,,,,,
2026-07-08T01:01:16.113291+00:00,2026-07-08T01:01:16.105885,2,2,139.7,0.4,139.5,150,139.4,100,,,,,,,,,,,,,,,,,139.9,97,140.0,150,,,,,,,,,,,,,,,,
2026-07-08T01:01:16.869422+00:00,2026-07-08T01:01:16.869307,2,2,139.7,0.4,139.5,105,139.4,100,,,,,,,,,,,,,,,,,139.9,97,140.0,150,,,,,,,,,,,,,,,,
2026-07-08T01:01:16.982892+00:00,2026-07-08T01:01:16.982806,1,1,139.65,0.5,139.4,100,,,,,,,,,,,,,,,,,,,139.9,97,,,,,,,,,,,,,,,,,,
2026-07-08T01:01:17.034374+00:00,2026-07-08T01:01:17.034291,1,1,139.65,0.5,139.4,250,,,,,,,,,,,,,,,,,,,139.9,97,,,,,,,,,,,,,,,,,,
2026-07-08T01:01:17.087031+00:00,2026-07-08T01:01:17.086999,1,1,139.65,0.5,139.4,250,,,,,,,,,,,,,,,,,,,139.9,247,,,,,,,,,,,,,,,,,,
2026-07-08T01:01:17.722530+00:00,2026-07-08T01:01:17.722346,1,1,139.65,0.5,139.4,250,,,,,,,,,,,,,,,,,,,139.9,197,,,,,,,,,,,,,,,,,,
2026-07-08T01:01:19.158755+00:00,2026-07-08T01:01:19.158664,1,1,139.65,0.5,139.4,150,,,,,,,,,,,,,,,,,,,139.9,150,,,,,,,,,,,,,,,,,,
2026-07-08T01:01:19.209822+00:00,2026-07-08T01:01:19.209760,1,1,139.65,0.5,139.4,250,,,,,,,,,,,,,,,,,,,139.9,150,,,,,,,,,,,,,,,,,,
2026-07-08T01:01:19.269796+00:00,2026-07-08T01:01:19.269674,1,1,139.65,0.5,139.4,250,,,,,,,,,,,,,,,,,,,139.9,250,,,,,,,,,,,,,,,,,,
2026-07-08T01:01:19.903421+00:00,2026-07-08T01:01:19.903360,1,1,139.65,0.5,139.4,200,,,,,,,,,,,,,,,,,,,139.9,250,,,,,,,,,,,,,,,,,,
2026-07-08T01:01:20.139482+00:00,2026-07-08T01:01:20.139338,1,1,139.65,0.5,139.4,200,,,,,,,,,,,,,,,,,,,139.9,100,,,,,,,,,,,,,,,,,,
2026-07-08T01:01:20.144567+00:00,2026-07-08T01:01:20.144507,1,1,139.65,0.5,139.4,100,,,,,,,,,,,,,,,,,,,139.9,100,,,,,,,,,,,,,,,,,,
2026-07-08T01:01:20.195570+00:00,2026-07-08T01:01:20.195527,2,1,139.65,0.5,139.4,100,139.0,150,,,,,,,,,,,,,,,,,139.9,100,,,,,,,,,,,,,,,,,,
2026-07-08T01:01:20.259403+00:00,2026-07-08T01:01:20.252959,2,2,139.45,0.1,139.4,100,139.0,150,,,,,,,,,,,,,,,,,139.5,139,139.9,100,,,,,,,,,,,,,,,,
2026-07-08T01:01:20.410510+00:00,2026-07-08T01:01:20.410443,2,2,139.45,0.1,139.4,100,139.0,150,,,,,,,,,,,,,,,,,139.5,119,139.9,100,,,,,,,,,,,,,,,,
2026-07-08T01:01:20.676948+00:00,2026-07-08T01:01:20.676891,2,2,139.45,0.1,139.4,100,139.0,150,,,,,,,,,,,,,,,,,139.5,99,139.9,100,,,,,,,,,,,,,,,,
2026-07-08T01:01:20.939901+00:00,2026-07-08T01:01:20.940034,2,2,139.45,0.1,139.4,100,139.0,150,,,,,,,,,,,,,,,,,139.5,79,139.9,100,,,,,,,,,,,,,,,,
2026-07-08T01:01:21.044764+00:00,2026-07-08T01:01:21.038796,2,2,139.45,0.1,139.4,100,139.0,150,,,,,,,,,,,,,,,,,139.5,67,139.9,100,,,,,,,,,,,,,,,,
2026-07-08T01:01:21.203840+00:00,2026-07-08T01:01:21.203763,2,2,139.45,0.1,139.4,100,139.0,150,,,,,,,,,,,,,,,,,139.5,51,139.9,100,,,,,,,,,,,,,,,,
2026-07-08T01:01:21.471515+00:00,2026-07-08T01:01:21.471385,2,2,139.45,0.1,139.4,100,139.0,150,,,,,,,,,,,,,,,,,139.5,48,139.9,100,,,,,,,,,,,,,,,,
2026-07-08T01:01:22.009243+00:00,2026-07-08T01:01:22.009113,2,2,139.45,0.1,139.4,50,139.0,150,,,,,,,,,,,,,,,,,139.5,48,139.9,100,,,,,,,,,,,,,,,,
2026-07-08T01:01:22.321690+00:00,2026-07-08T01:01:22.321661,2,2,139.45,0.1,139.4,4,139.0,150,,,,,,,,,,,,,,,,,139.5,48,139.9,100,,,,,,,,,,,,,,,,
2026-07-08T01:01:22.326903+00:00,2026-07-08T01:01:22.326880,2,1,139.45,0.1,139.4,4,139.0,150,,,,,,,,,,,,,,,,,139.5,48,,,,,,,,,,,,,,,,,,
2026-07-08T01:01:22.332129+00:00,2026-07-08T01:01:22.332031,1,1,139.25,0.5,139.0,150,,,,,,,,,,,,,,,,,,,139.5,48,,,,,,,,,,,,,,,,,,
2026-07-08T01:01:22.379669+00:00,2026-07-08T01:01:22.379620,2,1,139.4,0.2,139.3,100,139.0,150,,,,,,,,,,,,,,,,,139.5,48,,,,,,,,,,,,,,,,,,
2026-07-08T01:01:22.435691+00:00,2026-07-08T01:01:22.435614,2,2,139.4,0.2,139.3,100,139.0,150,,,,,,,,,,,,,,,,,139.5,48,139.8,100,,,,,,,,,,,,,,,,
2026-07-08T01:01:23.062202+00:00,2026-07-08T01:01:23.055627,2,2,139.4,0.2,139.3,100,139.0,150,,,,,,,,,,,,,,,,,139.5,25,139.8,100,,,,,,,,,,,,,,,,
2026-07-08T01:01:23.301965+00:00,2026-07-08T01:01:23.301872,1,1,139.55,0.5,139.3,100,,,,,,,,,,,,,,,,,,,139.8,100,,,,,,,,,,,,,,,,,,
2026-07-08T01:01:23.369593+00:00,2026-07-08T01:01:23.363412,2,1,139.75,0.1,139.7,138,139.3,100,,,,,,,,,,,,,,,,,139.8,100,,,,,,,,,,,,,,,,,,
2026-07-08T01:01:23.413995+00:00,2026-07-08T01:01:23.413943,2,2,139.75,0.1,139.7,138,139.3,100,,,,,,,,,,,,,,,,,139.8,100,140.2,150,,,,,,,,,,,,,,,,
2026-07-08T01:01:23.446030+00:00,2026-07-08T01:01:23.445992,2,2,139.75,0.1,139.7,138,139.3,100,,,,,,,,,,,,,,,,,139.8,56,140.2,150,,,,,,,,,,,,,,,,
2026-07-08T01:01:23.668331+00:00,2026-07-08T01:01:23.662323,2,2,139.75,0.1,139.7,127,139.3,100,,,,,,,,,,,,,,,,,139.8,56,140.2,150,,,,,,,,,,,,,,,,
2026-07-08T01:01:24.132753+00:00,2026-07-08T01:01:24.132641,2,2,139.75,0.1,139.7,77,139.3,100,,,,,,,,,,,,,,,,,139.8,56,140.2,150,,,,,,,,,,,,,,,,
2026-07-08T01:01:24.509377+00:00,2026-07-08T01:01:24.509256,2,2,139.75,0.1,139.7,77,139.3,100,,,,,,,,,,,,,,,,,139.8,11,140.2,150,,,,,,,,,,,,,,,,
2026-07-08T01:01:24.558562+00:00,2026-07-08T01:01:24.554682,2,2,139.75,0.1,139.7,34,139.3,100,,,,,,,,,,,,,,,,,139.8,11,140.2,150,,,,,,,,,,,,,,,,
2026-07-08T01:01:24.981968+00:00,2026-07-08T01:01:24.975273,2,2,139.75,0.1,139.7,22,139.3,100,,,,,,,,,,,,,,,,,139.8,11,140.2,150,,,,,,,,,,,,,,,,
2026-07-08T01:01:25.492687+00:00,2026-07-08T01:01:25.492616,1,1,139.95,0.5,139.7,22,,,,,,,,,,,,,,,,,,,140.2,150,,,,,,,,,,,,,,,,,,
2026-07-08T01:01:25.546608+00:00,2026-07-08T01:01:25.546517,2,1,139.95,0.5,139.7,22,139.3,100,,,,,,,,,,,,,,,,,140.2,150,,,,,,,,,,,,,,,,,,
2026-07-08T01:01:25.600982+00:00,2026-07-08T01:01:25.600940,2,2,139.75,0.1,139.7,22,139.3,100,,,,,,,,,,,,,,,,,139.8,100,140.2,150,,,,,,,,,,,,,,,,
2026-07-08T01:01:26.231426+00:00,2026-07-08T01:01:26.231378,1,2,139.55,0.5,139.3,72,,,,,,,,,,,,,,,,,,,139.8,100,140.2,150,,,,,,,,,,,,,,,,
2026-07-08T01:01:26.463832+00:00,2026-07-08T01:01:26.463724,1,1,139.55,0.5,139.3,72,,,,,,,,,,,,,,,,,,,139.8,100,,,,,,,,,,,,,,,,,,
2026-07-08T01:01:26.521232+00:00,2026-07-08T01:01:26.521093,2,1,139.55,0.5,139.3,72,139.0,150,,,,,,,,,,,,,,,,,139.8,100,,,,,,,,,,,,,,,,,,
2026-07-08T01:01:26.584315+00:00,2026-07-08T01:01:26.577865,2,2,139.4,0.2,139.3,72,139.0,150,,,,,,,,,,,,,,,,,139.5,138,139.8,100,,,,,,,,,,,,,,,,
2026-07-08T01:01:27.908383+00:00,2026-07-08T01:01:27.902464,2,2,139.4,0.2,139.3,72,139.0,150,,,,,,,,,,,,,,,,,139.5,127,139.8,100,,,,,,,,,,,,,,,,
2026-07-08T01:01:28.358721+00:00,2026-07-08T01:01:28.358490,2,2,139.4,0.2,139.3,22,139.0,150,,,,,,,,,,,,,,,,,139.5,127,139.8,100,,,,,,,,,,,,,,,,
2026-07-08T01:01:28.654521+00:00,2026-07-08T01:01:28.654760,1,1,139.25,0.5,139.0,150,,,,,,,,,,,,,,,,,,,139.5,127,,,,,,,,,,,,,,,,,,
2026-07-08T01:01:28.709003+00:00,2026-07-08T01:01:28.708843,2,1,139.35,0.3,139.2,100,139.0,150,,,,,,,,,,,,,,,,,139.5,127,,,,,,,,,,,,,,,,,,
2026-07-08T01:01:28.758647+00:00,2026-07-08T01:01:28.756708,2,2,139.35,0.3,139.2,100,139.0,150,,,,,,,,,,,,,,,,,139.5,127,139.7,100,,,,,,,,,,,,,,,,
2026-07-08T01:01:29.634466+00:00,2026-07-08T01:01:29.634408,1,1,139.45,0.5,139.2,100,,,,,,,,,,,,,,,,,,,139.7,100,,,,,,,,,,,,,,,,,,
2026-07-08T01:01:29.693704+00:00,2026-07-08T01:01:29.693624,2,1,139.45,0.5,139.2,100,138.9,150,,,,,,,,,,,,,,,,,139.7,57,,,,,,,,,,,,,,,,,,
2026-07-08T01:01:29.747110+00:00,2026-07-08T01:01:29.746987,2,2,139.3,0.2,139.2,100,138.9,150,,,,,,,,,,,,,,,,,139.4,150,139.7,57,,,,,,,,,,,,,,,,
2026-07-08T01:01:30.331015+00:00,2026-07-08T01:01:30.330887,2,2,139.3,0.2,139.2,100,138.9,150,,,,,,,,,,,,,,,,,139.4,101,139.7,57,,,,,,,,,,,,,,,,
2026-07-08T01:01:30.483963+00:00,2026-07-08T01:01:30.484099,2,2,139.3,0.2,139.2,50,138.9,150,,,,,,,,,,,,,,,,,139.4,101,139.7,57,,,,,,,,,,,,,,,,
2026-07-08T01:01:30.884147+00:00,2026-07-08T01:01:30.884117,2,2,139.3,0.2,139.2,1,138.9,150,,,,,,,,,,,,,,,,,139.4,101,139.7,57,,,,,,,,,,,,,,,,
2026-07-08T01:01:31.525755+00:00,2026-07-08T01:01:31.516584,2,2,139.3,0.2,139.2,1,138.9,150,,,,,,,,,,,,,,,,,139.4,89,139.7,57,,,,,,,,,,,,,,,,
2026-07-08T01:01:31.817040+00:00,2026-07-08T01:01:31.816986,1,1,139.15,0.5,138.9,150,,,,,,,,,,,,,,,,,,,139.4,89,,,,,,,,,,,,,,,,,,
2026-07-08T01:01:31.871845+00:00,2026-07-08T01:01:31.871808,2,1,139.25,0.3,139.1,100,138.9,150,,,,,,,,,,,,,,,,,139.4,89,,,,,,,,,,,,,,,,,,
2026-07-08T01:01:31.925176+00:00,2026-07-08T01:01:31.925309,2,2,139.25,0.3,139.1,100,138.9,150,,,,,,,,,,,,,,,,,139.4,89,139.6,100,,,,,,,,,,,,,,,,
2026-07-08T01:01:32.614111+00:00,2026-07-08T01:01:32.614030,2,2,139.25,0.3,139.1,50,138.9,150,,,,,,,,,,,,,,,,,139.4,89,139.6,100,,,,,,,,,,,,,,,,
2026-07-08T01:01:32.801387+00:00,2026-07-08T01:01:32.801264,1,1,139.35,0.5,139.1,50,,,,,,,,,,,,,,,,,,,139.6,100,,,,,,,,,,,,,,,,,,
2026-07-08T01:01:32.858640+00:00,2026-07-08T01:01:32.855659,2,1,139.5,0.2,139.4,150,139.1,50,,,,,,,,,,,,,,,,,139.6,100,,,,,,,,,,,,,,,,,,
2026-07-08T01:01:32.907895+00:00,2026-07-08T01:01:32.907793,2,2,139.5,0.2,139.4,150,139.1,50,,,,,,,,,,,,,,,,,139.6,100,139.9,150,,,,,,,,,,,,,,,,
2026-07-08T01:01:33.586651+00:00,2026-07-08T01:01:33.586610,2,2,139.5,0.2,139.4,150,139.1,50,,,,,,,,,,,,,,,,,139.6,59,139.9,150,,,,,,,,,,,,,,,,
2026-07-08T01:01:34.212816+00:00,2026-07-08T01:01:34.212763,2,2,139.5,0.2,139.4,102,139.1,50,,,,,,,,,,,,,,,,,139.6,59,139.9,150,,,,,,,,,,,,,,,,
2026-07-08T01:01:34.720409+00:00,2026-07-08T01:01:34.720289,2,2,139.5,0.2,139.4,52,139.1,50,,,,,,,,,,,,,,,,,139.6,59,139.9,150,,,,,,,,,,,,,,,,
2026-07-08T01:01:34.985306+00:00,2026-07-08T01:01:34.985215,1,1,139.65,0.5,139.4,52,,,,,,,,,,,,,,,,,,,139.9,150,,,,,,,,,,,,,,,,,,
2026-07-08T01:01:35.030455+00:00,2026-07-08T01:01:35.030355,2,1,139.65,0.5,139.4,52,139.2,100,,,,,,,,,,,,,,,,,139.9,150,,,,,,,,,,,,,,,,,,
2026-07-08T01:01:35.084115+00:00,2026-07-08T01:01:35.084018,2,2,139.55,0.3,139.4,52,139.2,100,,,,,,,,,,,,,,,,,139.7,100,139.9,150,,,,,,,,,,,,,,,,
2026-07-08T01:01:35.743219+00:00,2026-07-08T01:01:35.743114,2,2,139.55,0.3,139.4,52,139.2,100,,,,,,,,,,,,,,,,,139.7,59,139.9,150,,,,,,,,,,,,,,,,
2026-07-08T01:01:35.958630+00:00,2026-07-08T01:01:35.956873,1,1,139.45,0.5,139.2,100,,,,,,,,,,,,,,,,,,,139.7,59,,,,,,,,,,,,,,,,,,
2026-07-08T01:01:36.015677+00:00,2026-07-08T01:01:36.015844,1,1,139.45,0.5,139.2,250,,,,,,,,,,,,,,,,,,,139.7,59,,,,,,,,,,,,,,,,,,
2026-07-08T01:01:36.068668+00:00,2026-07-08T01:01:36.068573,1,1,139.45,0.5,139.2,250,,,,,,,,,,,,,,,,,,,139.7,209,,,,,,,,,,,,,,,,,,
2026-07-08T01:01:36.859898+00:00,2026-07-08T01:01:36.859802,1,1,139.45,0.5,139.2,200,,,,,,,,,,,,,,,,,,,139.7,209,,,,,,,,,,,,,,,,,,
2026-07-08T01:01:38.139845+00:00,2026-07-08T01:01:38.139744,1,1,139.45,0.5,139.2,150,,,,,,,,,,,,,,,,,,,139.7,150,,,,,,,,,,,,,,,,,,
2026-07-08T01:01:38.194478+00:00,2026-07-08T01:01:38.194563,1,1,139.45,0.5,139.2,250,,,,,,,,,,,,,,,,,,,139.7,150,,,,,,,,,,,,,,,,,,
2026-07-08T01:01:38.248195+00:00,2026-07-08T01:01:38.248292,1,1,139.45,0.5,139.2,250,,,,,,,,,,,,,,,,,,,139.7,250,,,,,,,,,,,,,,,,,,
2026-07-08T01:01:38.958562+00:00,2026-07-08T01:01:38.957469,1,1,139.45,0.5,139.2,200,,,,,,,,,,,,,,,,,,,139.7,250,,,,,,,,,,,,,,,,,,
2026-07-08T01:01:39.125588+00:00,2026-07-08T01:01:39.125698,1,1,139.45,0.5,139.2,100,,,,,,,,,,,,,,,,,,,139.7,100,,,,,,,,,,,,,,,,,,
2026-07-08T01:01:39.175365+00:00,2026-07-08T01:01:39.175335,2,1,139.45,0.5,139.2,100,139.0,150,,,,,,,,,,,,,,,,,139.7,100,,,,,,,,,,,,,,,,,,
2026-07-08T01:01:39.230088+00:00,2026-07-08T01:01:39.230172,2,2,139.35,0.3,139.2,100,139.0,150,,,,,,,,,,,,,,,,,139.5,150,139.7,100,,,,,,,,,,,,,,,,
2026-07-08T01:01:39.266730+00:00,2026-07-08T01:01:39.263673,2,2,139.35,0.3,139.2,100,139.0,150,,,,,,,,,,,,,,,,,139.5,139,139.7,100,,,,,,,,,,,,,,,,
2026-07-08T01:01:41.018599+00:00,2026-07-08T01:01:41.018536,2,2,139.35,0.3,139.2,100,139.0,150,,,,,,,,,,,,,,,,,139.5,89,139.7,100,,,,,,,,,,,,,,,,
2026-07-08T01:01:41.314205+00:00,2026-07-08T01:01:41.314102,1,1,139.25,0.5,139.0,150,,,,,,,,,,,,,,,,,,,139.5,89,,,,,,,,,,,,,,,,,,
2026-07-08T01:01:41.371013+00:00,2026-07-08T01:01:41.370947,2,1,139.4,0.2,139.3,100,139.0,150,,,,,,,,,,,,,,,,,139.5,89,,,,,,,,,,,,,,,,,,
2026-07-08T01:01:41.425171+00:00,2026-07-08T01:01:41.425274,2,2,139.4,0.2,139.3,100,139.0,150,,,,,,,,,,,,,,,,,139.5,89,139.8,100,,,,,,,,,,,,,,,,
2026-07-08T01:01:42.015552+00:00,2026-07-08T01:01:42.009381,2,2,139.4,0.2,139.3,100,139.0,150,,,,,,,,,,,,,,,,,139.5,66,139.8,100,,,,,,,,,,,,,,,,
2026-07-08T01:01:42.289936+00:00,2026-07-08T01:01:42.289878,1,1,139.55,0.5,139.3,100,,,,,,,,,,,,,,,,,,,139.8,100,,,,,,,,,,,,,,,,,,
2026-07-08T01:01:42.340428+00:00,2026-07-08T01:01:42.340536,2,1,139.65,0.3,139.5,150,139.3,100,,,,,,,,,,,,,,,,,139.8,100,,,,,,,,,,,,,,,,,,
2026-07-08T01:01:42.394377+00:00,2026-07-08T01:01:42.394462,2,2,139.65,0.3,139.5,150,139.3,100,,,,,,,,,,,,,,,,,139.8,100,140.0,150,,,,,,,,,,,,,,,,
2026-07-08T01:01:43.179789+00:00,2026-07-08T01:01:43.179754,2,2,139.65,0.3,139.5,100,139.3,100,,,,,,,,,,,,,,,,,139.8,100,140.0,150,,,,,,,,,,,,,,,,
2026-07-08T01:01:43.331740+00:00,2026-07-08T01:01:43.324446,2,2,139.65,0.3,139.5,77,139.3,100,,,,,,,,,,,,,,,,,139.8,100,140.0,150,,,,,,,,,,,,,,,,
2026-07-08T01:01:44.481205+00:00,2026-07-08T01:01:44.481061,1,1,139.75,0.5,139.5,77,,,,,,,,,,,,,,,,,,,140.0,150,,,,,,,,,,,,,,,,,,
2026-07-08T01:01:44.536543+00:00,2026-07-08T01:01:44.536474,2,1,139.75,0.5,139.5,77,139.1,100,,,,,,,,,,,,,,,,,140.0,150,,,,,,,,,,,,,,,,,,
2026-07-08T01:01:44.590130+00:00,2026-07-08T01:01:44.589917,2,2,139.55,0.1,139.5,77,139.1,100,,,,,,,,,,,,,,,,,139.6,100,140.0,150,,,,,,,,,,,,,,,,
2026-07-08T01:01:45.292472+00:00,2026-07-08T01:01:45.292409,2,2,139.55,0.1,139.5,27,139.1,100,,,,,,,,,,,,,,,,,139.6,100,140.0,150,,,,,,,,,,,,,,,,
2026-07-08T01:01:45.449861+00:00,2026-07-08T01:01:45.449817,1,1,139.35,0.5,139.1,100,,,,,,,,,,,,,,,,,,,139.6,100,,,,,,,,,,,,,,,,,,
2026-07-08T01:01:45.505109+00:00,2026-07-08T01:01:45.505198,2,1,139.35,0.5,139.1,100,138.7,150,,,,,,,,,,,,,,,,,139.6,100,,,,,,,,,,,,,,,,,,
2026-07-08T01:01:45.569364+00:00,2026-07-08T01:01:45.562991,2,2,139.15,0.1,139.1,100,138.7,150,,,,,,,,,,,,,,,,,139.2,127,139.6,100,,,,,,,,,,,,,,,,
2026-07-08T01:01:45.947976+00:00,2026-07-08T01:01:45.942042,2,2,139.15,0.1,139.1,100,138.7,150,,,,,,,,,,,,,,,,,139.2,116,139.6,100,,,,,,,,,,,,,,,,
2026-07-08T01:01:46.399086+00:00,2026-07-08T01:01:46.398963,2,2,139.15,0.1,139.1,100,138.7,150,,,,,,,,,,,,,,,,,139.2,69,139.6,100,,,,,,,,,,,,,,,,
2026-07-08T01:01:46.455288+00:00,2026-07-08T01:01:46.455213,2,2,139.15,0.1,139.1,56,138.7,150,,,,,,,,,,,,,,,,,139.2,69,139.6,100,,,,,,,,,,,,,,,,
2026-07-08T01:01:47.074246+00:00,2026-07-08T01:01:47.074135,2,2,139.15,0.1,139.1,8,138.7,150,,,,,,,,,,,,,,,,,139.2,69,139.6,100,,,,,,,,,,,,,,,,
2026-07-08T01:01:47.259214+00:00,2026-07-08T01:01:47.256119,2,2,139.15,0.1,139.1,8,138.7,150,,,,,,,,,,,,,,,,,139.2,63,139.6,100,,,,,,,,,,,,,,,,
2026-07-08T01:01:47.399437+00:00,2026-07-08T01:01:47.399408,1,2,138.95,0.5,138.7,108,,,,,,,,,,,,,,,,,,,139.2,63,139.6,100,,,,,,,,,,,,,,,,
2026-07-08T01:01:47.554768+00:00,2026-07-08T01:01:47.554862,1,2,138.95,0.5,138.7,108,,,,,,,,,,,,,,,,,,,139.2,15,139.6,100,,,,,,,,,,,,,,,,
2026-07-08T01:01:47.645223+00:00,2026-07-08T01:01:47.645101,1,1,138.95,0.5,138.7,108,,,,,,,,,,,,,,,,,,,139.2,15,,,,,,,,,,,,,,,,,,
2026-07-08T01:01:47.698075+00:00,2026-07-08T01:01:47.698182,2,1,139.1,0.2,139.0,100,138.7,108,,,,,,,,,,,,,,,,,139.2,15,,,,,,,,,,,,,,,,,,
2026-07-08T01:01:47.750547+00:00,2026-07-08T01:01:47.750706,2,2,139.1,0.2,139.0,100,138.7,108,,,,,,,,,,,,,,,,,139.2,15,139.5,100,,,,,,,,,,,,,,,,
2026-07-08T01:01:48.179264+00:00,2026-07-08T01:01:48.179181,2,1,139.25,0.5,139.0,100,138.7,108,,,,,,,,,,,,,,,,,139.5,68,,,,,,,,,,,,,,,,,,
2026-07-08T01:01:48.608541+00:00,2026-07-08T01:01:48.608431,1,1,139.25,0.5,139.0,100,,,,,,,,,,,,,,,,,,,139.5,68,,,,,,,,,,,,,,,,,,
2026-07-08T01:01:48.665927+00:00,2026-07-08T01:01:48.665750,2,1,139.35,0.3,139.2,150,139.0,100,,,,,,,,,,,,,,,,,139.5,68,,,,,,,,,,,,,,,,,,
2026-07-08T01:01:48.719104+00:00,2026-07-08T01:01:48.718964,2,2,139.35,0.3,139.2,150,139.0,100,,,,,,,,,,,,,,,,,139.5,68,139.7,150,,,,,,,,,,,,,,,,
2026-07-08T01:01:49.239089+00:00,2026-07-08T01:01:49.239302,2,2,139.35,0.3,139.2,102,139.0,100,,,,,,,,,,,,,,,,,139.5,68,139.7,150,,,,,,,,,,,,,,,,
2026-07-08T01:01:49.509933+00:00,2026-07-08T01:01:49.509803,2,2,139.35,0.3,139.2,52,139.0,100,,,,,,,,,,,,,,,,,139.5,68,139.7,150,,,,,,,,,,,,,,,,
2026-07-08T01:01:50.800386+00:00,2026-07-08T01:01:50.800292,2,1,139.45,0.5,139.2,52,139.0,100,,,,,,,,,,,,,,,,,139.7,150,,,,,,,,,,,,,,,,,,
2026-07-08T01:01:50.805490+00:00,2026-07-08T01:01:50.805445,1,1,139.45,0.5,139.2,52,,,,,,,,,,,,,,,,,,,139.7,150,,,,,,,,,,,,,,,,,,
2026-07-08T01:01:50.858568+00:00,2026-07-08T01:01:50.856950,2,1,139.45,0.5,139.2,52,139.1,100,,,,,,,,,,,,,,,,,139.7,150,,,,,,,,,,,,,,,,,,
2026-07-08T01:01:50.889728+00:00,2026-07-08T01:01:50.889627,2,1,139.45,0.5,139.2,11,139.1,100,,,,,,,,,,,,,,,,,139.7,150,,,,,,,,,,,,,,,,,,
2026-07-08T01:01:50.918185+00:00,2026-07-08T01:01:50.918348,2,2,139.4,0.4,139.2,11,139.1,100,,,,,,,,,,,,,,,,,139.6,100,139.7,150,,,,,,,,,,,,,,,,
2026-07-08T01:01:51.558571+00:00,2026-07-08T01:01:51.557345,2,2,139.4,0.4,139.2,11,139.1,100,,,,,,,,,,,,,,,,,139.6,50,139.7,150,,,,,,,,,,,,,,,,
2026-07-08T01:01:51.774516+00:00,2026-07-08T01:01:51.774450,1,1,139.35,0.5,139.1,100,,,,,,,,,,,,,,,,,,,139.6,50,,,,,,,,,,,,,,,,,,
2026-07-08T01:01:51.824605+00:00,2026-07-08T01:01:51.824725,2,1,139.35,0.5,139.1,100,138.6,150,,,,,,,,,,,,,,,,,139.6,50,,,,,,,,,,,,,,,,,,
2026-07-08T01:01:51.884006+00:00,2026-07-08T01:01:51.883850,1,2,138.85,0.5,138.6,150,,,,,,,,,,,,,,,,,,,139.1,50,139.6,50,,,,,,,,,,,,,,,,
2026-07-08T01:01:53.973044+00:00,2026-07-08T01:01:53.972965,1,1,138.85,0.5,138.6,150,,,,,,,,,,,,,,,,,,,139.1,50,,,,,,,,,,,,,,,,,,
2026-07-08T01:01:54.027347+00:00,2026-07-08T01:01:54.027300,2,1,138.95,0.3,138.8,100,138.6,150,,,,,,,,,,,,,,,,,139.1,50,,,,,,,,,,,,,,,,,,
2026-07-08T01:01:54.080243+00:00,2026-07-08T01:01:54.080332,2,2,138.95,0.3,138.8,100,138.6,150,,,,,,,,,,,,,,,,,139.1,50,139.3,100,,,,,,,,,,,,,,,,
2026-07-08T01:01:54.287564+00:00,2026-07-08T01:01:54.287659,2,2,138.95,0.3,138.8,100,138.6,150,,,,,,,,,,,,,,,,,139.1,10,139.3,100,,,,,,,,,,,,,,,,
2026-07-08T01:01:54.935645+00:00,2026-07-08T01:01:54.935557,2,1,139.05,0.5,138.8,100,138.6,150,,,,,,,,,,,,,,,,,139.3,100,,,,,,,,,,,,,,,,,,
2026-07-08T01:01:54.940656+00:00,2026-07-08T01:01:54.940780,1,1,139.05,0.5,138.8,100,,,,,,,,,,,,,,,,,,,139.3,100,,,,,,,,,,,,,,,,,,
2026-07-08T01:01:54.990007+00:00,2026-07-08T01:01:54.990119,2,1,139.25,0.1,139.2,150,138.8,100,,,,,,,,,,,,,,,,,139.3,100,,,,,,,,,,,,,,,,,,
2026-07-08T01:01:55.042659+00:00,2026-07-08T01:01:55.042558,2,2,139.25,0.1,139.2,150,138.8,100,,,,,,,,,,,,,,,,,139.3,100,139.7,150,,,,,,,,,,,,,,,,
2026-07-08T01:01:55.111405+00:00,2026-07-08T01:01:55.110128,2,2,139.25,0.1,139.2,144,138.8,100,,,,,,,,,,,,,,,,,139.3,100,139.7,150,,,,,,,,,,,,,,,,
2026-07-08T01:01:55.776463+00:00,2026-07-08T01:01:55.776615,2,2,139.25,0.1,139.2,144,138.8,100,,,,,,,,,,,,,,,,,139.3,50,139.7,150,,,,,,,,,,,,,,,,
2026-07-08T01:01:55.884192+00:00,2026-07-08T01:01:55.884350,2,2,139.25,0.1,139.2,103,138.8,100,,,,,,,,,,,,,,,,,139.3,50,139.7,150,,,,,,,,,,,,,,,,
2026-07-08T01:01:56.423939+00:00,2026-07-08T01:01:56.423887,2,2,139.25,0.1,139.2,103,138.8,100,,,,,,,,,,,,,,,,,139.3,8,139.7,150,,,,,,,,,,,,,,,,
2026-07-08T01:01:57.132589+00:00,2026-07-08T01:01:57.132543,1,1,139.45,0.5,139.2,103,,,,,,,,,,,,,,,,,,,139.7,150,,,,,,,,,,,,,,,,,,
2026-07-08T01:01:57.188704+00:00,2026-07-08T01:01:57.188589,2,1,139.5,0.4,139.3,100,139.2,103,,,,,,,,,,,,,,,,,139.7,150,,,,,,,,,,,,,,,,,,
2026-07-08T01:01:57.258598+00:00,2026-07-08T01:01:57.256749,2,2,139.5,0.4,139.3,100,139.2,103,,,,,,,,,,,,,,,,,139.7,150,139.8,100,,,,,,,,,,,,,,,,
2026-07-08T01:01:57.475246+00:00,2026-07-08T01:01:57.475103,2,2,139.5,0.4,139.3,100,139.2,103,,,,,,,,,,,,,,,,,139.7,101,139.8,100,,,,,,,,,,,,,,,,
2026-07-08T01:01:57.882959+00:00,2026-07-08T01:01:57.882832,2,2,139.5,0.4,139.3,100,139.2,103,,,,,,,,,,,,,,,,,139.7,51,139.8,100,,,,,,,,,,,,,,,,
2026-07-08T01:01:58.097075+00:00,2026-07-08T01:01:58.097042,2,1,139.55,0.5,139.3,100,139.2,103,,,,,,,,,,,,,,,,,139.8,100,,,,,,,,,,,,,,,,,,
2026-07-08T01:01:58.102395+00:00,2026-07-08T01:01:58.102212,1,1,139.55,0.5,139.3,100,,,,,,,,,,,,,,,,,,,139.8,100,,,,,,,,,,,,,,,,,,
2026-07-08T01:01:58.175895+00:00,2026-07-08T01:01:58.168467,2,1,139.7,0.2,139.6,139,139.3,100,,,,,,,,,,,,,,,,,139.8,100,,,,,,,,,,,,,,,,,,
2026-07-08T01:01:58.205816+00:00,2026-07-08T01:01:58.205753,2,2,139.7,0.2,139.6,139,139.3,100,,,,,,,,,,,,,,,,,139.8,100,140.1,150,,,,,,,,,,,,,,,,
2026-07-08T01:01:59.038223+00:00,2026-07-08T01:01:59.033006,2,2,139.7,0.2,139.6,127,139.3,100,,,,,,,,,,,,,,,,,139.8,100,140.1,150,,,,,,,,,,,,,,,,
2026-07-08T01:01:59.992563+00:00,2026-07-08T01:01:59.992511,2,2,139.7,0.2,139.6,127,139.3,100,,,,,,,,,,,,,,,,,139.8,50,140.1,150,,,,,,,,,,,,,,,,
2026-07-08T01:02:00.309936+00:00,2026-07-08T01:02:00.309808,2,1,139.85,0.5,139.6,127,139.3,100,,,,,,,,,,,,,,,,,140.1,150,,,,,,,,,,,,,,,,,,
2026-07-08T01:02:00.315052+00:00,2026-07-08T01:02:00.314981,1,1,139.85,0.5,139.6,127,,,,,,,,,,,,,,,,,,,140.1,150,,,,,,,,,,,,,,,,,,
2026-07-08T01:02:00.349035+00:00,2026-07-08T01:02:00.342684,1,1,139.85,0.5,139.6,116,,,,,,,,,,,,,,,,,,,140.1,150,,,,,,,,,,,,,,,,,,
2026-07-08T01:02:00.364584+00:00,2026-07-08T01:02:00.364541,2,1,139.85,0.5,139.6,116,139.4,100,,,,,,,,,,,,,,,,,140.1,150,,,,,,,,,,,,,,,,,,
2026-07-08T01:02:00.443816+00:00,2026-07-08T01:02:00.443979,2,2,139.75,0.3,139.6,116,139.4,100,,,,,,,,,,,,,,,,,139.9,100,140.1,150,,,,,,,,,,,,,,,,
2026-07-08T01:02:01.258555+00:00,2026-07-08T01:02:01.255971,1,1,139.65,0.5,139.4,100,,,,,,,,,,,,,,,,,,,139.9,100,,,,,,,,,,,,,,,,,,
2026-07-08T01:02:01.316397+00:00,2026-07-08T01:02:01.316354,2,1,139.65,0.5,139.4,100,139.3,150,,,,,,,,,,,,,,,,,139.9,100,,,,,,,,,,,,,,,,,,
2026-07-08T01:02:01.370233+00:00,2026-07-08T01:02:01.370134,2,2,139.6,0.4,139.4,100,139.3,150,,,,,,,,,,,,,,,,,139.8,150,139.9,100,,,,,,,,,,,,,,,,
2026-07-08T01:02:02.158620+00:00,2026-07-08T01:02:02.149610,2,2,139.6,0.4,139.4,50,139.3,150,,,,,,,,,,,,,,,,,139.8,150,139.9,100,,,,,,,,,,,,,,,,
2026-07-08T01:02:02.735056+00:00,2026-07-08T01:02:02.735184,2,2,139.6,0.4,139.4,4,139.3,150,,,,,,,,,,,,,,,,,139.8,150,139.9,100,,,,,,,,,,,,,,,,
2026-07-08T01:02:03.501799+00:00,2026-07-08T01:02:03.501755,1,1,139.55,0.5,139.3,150,,,,,,,,,,,,,,,,,,,139.8,150,,,,,,,,,,,,,,,,,,
2026-07-08T01:02:03.558600+00:00,2026-07-08T01:02:03.556755,2,1,139.55,0.5,139.3,150,139.1,100,,,,,,,,,,,,,,,,,139.8,150,,,,,,,,,,,,,,,,,,
2026-07-08T01:02:03.609965+00:00,2026-07-08T01:02:03.609922,2,2,139.45,0.3,139.3,150,139.1,100,,,,,,,,,,,,,,,,,139.6,100,139.8,150,,,,,,,,,,,,,,,,
2026-07-08T01:02:04.271329+00:00,2026-07-08T01:02:04.271196,2,2,139.45,0.3,139.3,100,139.1,100,,,,,,,,,,,,,,,,,139.6,100,139.8,150,,,,,,,,,,,,,,,,
2026-07-08T01:02:04.358706+00:00,2026-07-08T01:02:04.353621,2,2,139.45,0.3,139.3,58,139.1,100,,,,,,,,,,,,,,,,,139.6,100,139.8,150,,,,,,,,,,,,,,,,
2026-07-08T01:02:04.425408+00:00,2026-07-08T01:02:04.425317,1,1,139.35,0.5,139.1,100,,,,,,,,,,,,,,,,,,,139.6,100,,,,,,,,,,,,,,,,,,
2026-07-08T01:02:04.480605+00:00,2026-07-08T01:02:04.480492,2,1,139.35,0.5,139.1,100,139.0,150,,,,,,,,,,,,,,,,,139.6,100,,,,,,,,,,,,,,,,,,
2026-07-08T01:02:04.533647+00:00,2026-07-08T01:02:04.533582,2,2,139.3,0.4,139.1,100,139.0,150,,,,,,,,,,,,,,,,,139.5,150,139.6,100,,,,,,,,,,,,,,,,
2026-07-08T01:02:04.835191+00:00,2026-07-08T01:02:04.835131,2,2,139.3,0.4,139.1,100,139.0,150,,,,,,,,,,,,,,,,,139.5,109,139.6,100,,,,,,,,,,,,,,,,
2026-07-08T01:02:06.328156+00:00,2026-07-08T01:02:06.328131,2,2,139.3,0.4,139.1,100,139.0,150,,,,,,,,,,,,,,,,,139.5,59,139.6,100,,,,,,,,,,,,,,,,
2026-07-08T01:02:06.663788+00:00,2026-07-08T01:02:06.663918,1,1,139.25,0.5,139.0,150,,,,,,,,,,,,,,,,,,,139.5,59,,,,,,,,,,,,,,,,,,
2026-07-08T01:02:06.717771+00:00,2026-07-08T01:02:06.717846,1,1,139.25,0.5,139.0,250,,,,,,,,,,,,,,,,,,,139.5,59,,,,,,,,,,,,,,,,,,
2026-07-08T01:02:06.771502+00:00,2026-07-08T01:02:06.771387,1,1,139.25,0.5,139.0,250,,,,,,,,,,,,,,,,,,,139.5,159,,,,,,,,,,,,,,,,,,
2026-07-08T01:02:07.587468+00:00,2026-07-08T01:02:07.587389,1,1,139.25,0.5,139.0,100,,,,,,,,,,,,,,,,,,,139.5,100,,,,,,,,,,,,,,,,,,
2026-07-08T01:02:07.643520+00:00,2026-07-08T01:02:07.643445,2,1,139.4,0.2,139.3,150,139.0,100,,,,,,,,,,,,,,,,,139.5,100,,,,,,,,,,,,,,,,,,
2026-07-08T01:02:07.696654+00:00,2026-07-08T01:02:07.696531,2,2,139.4,0.2,139.3,150,139.0,100,,,,,,,,,,,,,,,,,139.5,100,139.8,150,,,,,,,,,,,,,,,,
2026-07-08T01:02:08.434728+00:00,2026-07-08T01:02:08.434694,2,2,139.4,0.2,139.3,150,139.0,100,,,,,,,,,,,,,,,,,139.5,50,139.8,150,,,,,,,,,,,,,,,,
2026-07-08T01:02:09.824672+00:00,2026-07-08T01:02:09.824642,2,1,139.55,0.5,139.3,150,139.0,100,,,,,,,,,,,,,,,,,139.8,150,,,,,,,,,,,,,,,,,,
2026-07-08T01:02:09.829925+00:00,2026-07-08T01:02:09.829799,1,1,139.55,0.5,139.3,150,,,,,,,,,,,,,,,,,,,139.8,150,,,,,,,,,,,,,,,,,,
2026-07-08T01:02:09.881199+00:00,2026-07-08T01:02:09.881323,2,1,139.55,0.5,139.3,150,138.9,100,,,,,,,,,,,,,,,,,139.8,150,,,,,,,,,,,,,,,,,,
2026-07-08T01:02:09.934873+00:00,2026-07-08T01:02:09.934790,2,2,139.35,0.1,139.3,150,138.9,100,,,,,,,,,,,,,,,,,139.4,100,139.8,150,,,,,,,,,,,,,,,,
2026-07-08T01:02:10.388641+00:00,2026-07-08T01:02:10.388535,2,2,139.35,0.1,139.3,104,138.9,100,,,,,,,,,,,,,,,,,139.4,100,139.8,150,,,,,,,,,,,,,,,,
2026-07-08T01:02:10.544423+00:00,2026-07-08T01:02:10.544544,2,2,139.35,0.1,139.3,104,138.9,100,,,,,,,,,,,,,,,,,139.4,50,139.8,150,,,,,,,,,,,,,,,,
2026-07-08T01:02:10.758577+00:00,2026-07-08T01:02:10.754040,1,1,139.15,0.5,138.9,100,,,,,,,,,,,,,,,,,,,139.4,50,,,,,,,,,,,,,,,,,,
2026-07-08T01:02:10.809400+00:00,2026-07-08T01:02:10.809315,1,1,139.15,0.5,138.9,250,,,,,,,,,,,,,,,,,,,139.4,50,,,,,,,,,,,,,,,,,,
2026-07-08T01:02:10.858563+00:00,2026-07-08T01:02:10.857697,1,1,139.15,0.5,138.9,250,,,,,,,,,,,,,,,,,,,139.4,200,,,,,,,,,,,,,,,,,,
2026-07-08T01:02:12.558704+00:00,2026-07-08T01:02:12.557785,1,1,139.15,0.5,138.9,250,,,,,,,,,,,,,,,,,,,139.4,160,,,,,,,,,,,,,,,,,,
2026-07-08T01:02:12.653568+00:00,2026-07-08T01:02:12.653446,1,1,139.15,0.5,138.9,250,,,,,,,,,,,,,,,,,,,139.4,110,,,,,,,,,,,,,,,,,,
2026-07-08T01:02:12.991117+00:00,2026-07-08T01:02:12.991027,1,1,139.15,0.5,138.9,150,,,,,,,,,,,,,,,,,,,139.4,110,,,,,,,,,,,,,,,,,,
2026-07-08T01:02:13.044358+00:00,2026-07-08T01:02:13.044486,2,1,139.3,0.2,139.2,100,138.9,150,,,,,,,,,,,,,,,,,139.4,110,,,,,,,,,,,,,,,,,,
2026-07-08T01:02:13.097321+00:00,2026-07-08T01:02:13.097180,2,2,139.3,0.2,139.2,100,138.9,150,,,,,,,,,,,,,,,,,139.4,110,139.7,100,,,,,,,,,,,,,,,,
2026-07-08T01:02:13.916040+00:00,2026-07-08T01:02:13.916143,1,1,139.45,0.5,139.2,100,,,,,,,,,,,,,,,,,,,139.7,100,,,,,,,,,,,,,,,,,,
2026-07-08T01:02:13.971168+00:00,2026-07-08T01:02:13.971120,2,1,139.45,0.5,139.2,100,139.1,150,,,,,,,,,,,,,,,,,139.7,100,,,,,,,,,,,,,,,,,,
2026-07-08T01:02:14.021358+00:00,2026-07-08T01:02:14.021443,2,2,139.4,0.4,139.2,100,139.1,150,,,,,,,,,,,,,,,,,139.6,150,139.7,100,,,,,,,,,,,,,,,,
2026-07-08T01:02:14.763887+00:00,2026-07-08T01:02:14.764027,2,2,139.4,0.4,139.2,100,139.1,150,,,,,,,,,,,,,,,,,139.6,100,139.7,100,,,,,,,,,,,,,,,,
2026-07-08T01:02:15.431290+00:00,2026-07-08T01:02:15.431245,2,2,139.4,0.4,139.2,55,139.1,150,,,,,,,,,,,,,,,,,139.6,100,139.7,100,,,,,,,,,,,,,,,,
2026-07-08T01:02:16.158688+00:00,2026-07-08T01:02:16.146453,1,1,139.35,0.5,139.1,150,,,,,,,,,,,,,,,,,,,139.6,100,,,,,,,,,,,,,,,,,,
2026-07-08T01:02:16.207739+00:00,2026-07-08T01:02:16.207869,2,1,139.4,0.4,139.2,100,139.1,150,,,,,,,,,,,,,,,,,139.6,100,,,,,,,,,,,,,,,,,,
2026-07-08T01:02:16.260135+00:00,2026-07-08T01:02:16.260020,2,2,139.4,0.4,139.2,100,139.1,150,,,,,,,,,,,,,,,,,139.6,100,139.7,100,,,,,,,,,,,,,,,,
2026-07-08T01:02:16.874981+00:00,2026-07-08T01:02:16.875117,2,2,139.4,0.4,139.2,100,139.1,150,,,,,,,,,,,,,,,,,139.6,50,139.7,100,,,,,,,,,,,,,,,,
2026-07-08T01:02:16.960382+00:00,2026-07-08T01:02:16.951290,2,2,139.4,0.4,139.2,100,139.1,150,,,,,,,,,,,,,,,,,139.6,9,139.7,100,,,,,,,,,,,,,,,,
2026-07-08T01:02:17.076788+00:00,2026-07-08T01:02:17.076712,2,1,139.45,0.5,139.2,100,139.1,150,,,,,,,,,,,,,,,,,139.7,100,,,,,,,,,,,,,,,,,,
2026-07-08T01:02:17.081944+00:00,2026-07-08T01:02:17.081869,1,1,139.45,0.5,139.2,100,,,,,,,,,,,,,,,,,,,139.7,100,,,,,,,,,,,,,,,,,,
2026-07-08T01:02:17.141879+00:00,2026-07-08T01:02:17.135428,2,1,139.65,0.1,139.6,127,139.2,100,,,,,,,,,,,,,,,,,139.7,100,,,,,,,,,,,,,,,,,,
2026-07-08T01:02:17.184941+00:00,2026-07-08T01:02:17.185082,2,2,139.65,0.1,139.6,127,139.2,100,,,,,,,,,,,,,,,,,139.7,100,140.1,150,,,,,,,,,,,,,,,,
2026-07-08T01:02:17.428955+00:00,2026-07-08T01:02:17.422807,2,2,139.65,0.1,139.6,104,139.2,100,,,,,,,,,,,,,,,,,139.7,100,140.1,150,,,,,,,,,,,,,,,,
2026-07-08T01:02:18.015726+00:00,2026-07-08T01:02:18.015645,2,2,139.65,0.1,139.6,55,139.2,100,,,,,,,,,,,,,,,,,139.7,100,140.1,150,,,,,,,,,,,,,,,,
2026-07-08T01:02:18.498439+00:00,2026-07-08T01:02:18.498383,2,2,139.65,0.1,139.6,55,139.2,100,,,,,,,,,,,,,,,,,139.7,52,140.1,150,,,,,,,,,,,,,,,,
2026-07-08T01:02:18.558673+00:00,2026-07-08T01:02:18.553248,2,2,139.65,0.1,139.6,10,139.2,100,,,,,,,,,,,,,,,,,139.7,52,140.1,150,,,,,,,,,,,,,,,,
2026-07-08T01:02:18.739927+00:00,2026-07-08T01:02:18.733889,2,2,139.65,0.1,139.6,10,139.2,100,,,,,,,,,,,,,,,,,139.7,40,140.1,150,,,,,,,,,,,,,,,,
2026-07-08T01:02:18.983616+00:00,2026-07-08T01:02:18.983558,2,1,139.85,0.5,139.6,10,139.2,100,,,,,,,,,,,,,,,,,140.1,140,,,,,,,,,,,,,,,,,,
2026-07-08T01:02:19.317793+00:00,2026-07-08T01:02:19.317933,1,1,139.85,0.5,139.6,10,,,,,,,,,,,,,,,,,,,140.1,140,,,,,,,,,,,,,,,,,,
2026-07-08T01:02:19.371467+00:00,2026-07-08T01:02:19.371563,1,1,139.85,0.5,139.6,110,,,,,,,,,,,,,,,,,,,140.1,140,,,,,,,,,,,,,,,,,,
2026-07-08T01:02:19.424997+00:00,2026-07-08T01:02:19.424888,1,1,139.85,0.5,139.6,110,,,,,,,,,,,,,,,,,,,140.1,240,,,,,,,,,,,,,,,,,,
2026-07-08T01:02:20.134059+00:00,2026-07-08T01:02:20.133961,1,1,139.85,0.5,139.6,105,,,,,,,,,,,,,,,,,,,140.1,240,,,,,,,,,,,,,,,,,,
2026-07-08T01:02:20.239723+00:00,2026-07-08T01:02:20.239817,1,1,139.85,0.5,139.6,105,,,,,,,,,,,,,,,,,,,140.1,100,,,,,,,,,,,,,,,,,,
2026-07-08T01:02:20.244903+00:00,2026-07-08T01:02:20.244991,1,1,139.85,0.5,139.6,100,,,,,,,,,,,,,,,,,,,140.1,100,,,,,,,,,,,,,,,,,,
2026-07-08T01:02:20.295464+00:00,2026-07-08T01:02:20.295354,2,1,139.85,0.5,139.6,100,139.1,150,,,,,,,,,,,,,,,,,140.1,100,,,,,,,,,,,,,,,,,,
2026-07-08T01:02:20.344164+00:00,2026-07-08T01:02:20.344114,2,1,139.85,0.5,139.6,95,139.1,150,,,,,,,,,,,,,,,,,140.1,100,,,,,,,,,,,,,,,,,,
2026-07-08T01:02:20.349375+00:00,2026-07-08T01:02:20.349293,1,2,139.35,0.5,139.1,150,,,,,,,,,,,,,,,,,,,139.6,55,140.1,100,,,,,,,,,,,,,,,,
2026-07-08T01:02:20.582449+00:00,2026-07-08T01:02:20.578537,1,2,139.35,0.5,139.1,145,,,,,,,,,,,,,,,,,,,139.6,55,140.1,100,,,,,,,,,,,,,,,,
2026-07-08T01:02:21.093784+00:00,2026-07-08T01:02:21.093593,1,2,139.35,0.5,139.1,145,,,,,,,,,,,,,,,,,,,139.6,5,140.1,100,,,,,,,,,,,,,,,,
2026-07-08T01:02:22.478535+00:00,2026-07-08T01:02:22.478403,1,1,139.35,0.5,139.1,145,,,,,,,,,,,,,,,,,,,139.6,5,,,,,,,,,,,,,,,,,,
2026-07-08T01:02:22.530793+00:00,2026-07-08T01:02:22.530681,2,1,139.4,0.4,139.2,100,139.1,145,,,,,,,,,,,,,,,,,139.6,5,,,,,,,,,,,,,,,,,,
2026-07-08T01:02:22.577539+00:00,2026-07-08T01:02:22.577504,2,2,139.4,0.4,139.2,100,139.1,145,,,,,,,,,,,,,,,,,139.6,5,139.7,100,,,,,,,,,,,,,,,,
2026-07-08T01:02:23.201818+00:00,2026-07-08T01:02:23.201694,2,1,139.45,0.5,139.2,100,139.1,145,,,,,,,,,,,,,,,,,139.7,55,,,,,,,,,,,,,,,,,,
2026-07-08T01:02:23.406595+00:00,2026-07-08T01:02:23.406780,1,1,139.45,0.5,139.2,100,,,,,,,,,,,,,,,,,,,139.7,55,,,,,,,,,,,,,,,,,,
2026-07-08T01:02:23.458726+00:00,2026-07-08T01:02:23.457687,2,0,,,139.7,95,139.2,100,,,,,,,,,,,,,,,,,,,,,,,,,,,,,,,,,,,,
2026-07-08T01:02:23.537504+00:00,2026-07-08T01:02:23.524632,2,1,139.95,0.5,139.7,95,139.2,100,,,,,,,,,,,,,,,,,140.2,150,,,,,,,,,,,,,,,,,,
2026-07-08T01:02:24.468455+00:00,2026-07-08T01:02:24.468337,2,1,139.95,0.5,139.7,48,139.2,100,,,,,,,,,,,,,,,,,140.2,150,,,,,,,,,,,,,,,,,,
2026-07-08T01:02:25.307954+00:00,2026-07-08T01:02:25.307820,2,1,139.95,0.5,139.7,48,139.2,100,,,,,,,,,,,,,,,,,140.2,100,,,,,,,,,,,,,,,,,,
2026-07-08T01:02:25.634937+00:00,2026-07-08T01:02:25.634834,1,1,139.95,0.5,139.7,48,,,,,,,,,,,,,,,,,,,140.2,100,,,,,,,,,,,,,,,,,,
2026-07-08T01:02:25.683110+00:00,2026-07-08T01:02:25.683045,2,1,139.95,0.5,139.7,48,139.5,100,,,,,,,,,,,,,,,,,140.2,100,,,,,,,,,,,,,,,,,,
2026-07-08T01:02:25.736955+00:00,2026-07-08T01:02:25.737126,2,2,139.85,0.3,139.7,48,139.5,100,,,,,,,,,,,,,,,,,140.0,100,140.2,100,,,,,,,,,,,,,,,,
2026-07-08T01:02:26.581233+00:00,2026-07-08T01:02:26.581153,1,1,139.75,0.5,139.5,100,,,,,,,,,,,,,,,,,,,140.0,100,,,,,,,,,,,,,,,,,,
2026-07-08T01:02:26.637892+00:00,2026-07-08T01:02:26.637795,2,1,139.8,0.4,139.6,150,139.5,100,,,,,,,,,,,,,,,,,140.0,100,,,,,,,,,,,,,,,,,,
2026-07-08T01:02:26.687043+00:00,2026-07-08T01:02:26.686986,2,2,139.8,0.4,139.6,150,139.5,100,,,,,,,,,,,,,,,,,140.0,100,140.1,150,,,,,,,,,,,,,,,,
2026-07-08T01:02:27.415944+00:00,2026-07-08T01:02:27.415802,2,2,139.8,0.4,139.6,150,139.5,100,,,,,,,,,,,,,,,,,140.0,50,140.1,150,,,,,,,,,,,,,,,,
2026-07-08T01:02:28.796901+00:00,2026-07-08T01:02:28.797143,1,1,139.85,0.5,139.6,150,,,,,,,,,,,,,,,,,,,140.1,150,,,,,,,,,,,,,,,,,,
2026-07-08T01:02:28.852283+00:00,2026-07-08T01:02:28.852230,2,1,139.95,0.3,139.8,100,139.6,150,,,,,,,,,,,,,,,,,140.1,150,,,,,,,,,,,,,,,,,,
2026-07-08T01:02:28.916367+00:00,2026-07-08T01:02:28.916223,2,2,139.95,0.3,139.8,100,139.6,150,,,,,,,,,,,,,,,,,140.1,150,140.3,100,,,,,,,,,,,,,,,,
2026-07-08T01:02:29.574353+00:00,2026-07-08T01:02:29.574229,2,2,139.95,0.3,139.8,50,139.6,150,,,,,,,,,,,,,,,,,140.1,150,140.3,100,,,,,,,,,,,,,,,,
2026-07-08T01:02:29.743121+00:00,2026-07-08T01:02:29.743244,1,1,140.05,0.5,139.8,50,,,,,,,,,,,,,,,,,,,140.3,100,,,,,,,,,,,,,,,,,,
2026-07-08T01:02:29.799843+00:00,2026-07-08T01:02:29.799751,2,1,140.05,0.5,139.8,50,139.6,150,,,,,,,,,,,,,,,,,140.3,100,,,,,,,,,,,,,,,,,,
2026-07-08T01:02:29.852242+00:00,2026-07-08T01:02:29.852152,2,2,139.95,0.3,139.8,50,139.6,150,,,,,,,,,,,,,,,,,140.1,150,140.3,100,,,,,,,,,,,,,,,,
2026-07-08T01:02:31.676594+00:00,2026-07-08T01:02:31.676842,1,2,139.85,0.5,139.6,150,,,,,,,,,,,,,,,,,,,140.1,150,140.3,100,,,,,,,,,,,,,,,,
2026-07-08T01:02:31.969013+00:00,2026-07-08T01:02:31.969081,1,1,139.85,0.5,139.6,150,,,,,,,,,,,,,,,,,,,140.1,150,,,,,,,,,,,,,,,,,,
2026-07-08T01:02:32.018380+00:00,2026-07-08T01:02:32.018216,2,1,139.85,0.5,139.6,150,139.5,100,,,,,,,,,,,,,,,,,140.1,150,,,,,,,,,,,,,,,,,,
2026-07-08T01:02:32.074779+00:00,2026-07-08T01:02:32.074876,2,2,139.8,0.4,139.6,150,139.5,100,,,,,,,,,,,,,,,,,140.0,100,140.1,150,,,,,,,,,,,,,,,,
2026-07-08T01:02:32.905711+00:00,2026-07-08T01:02:32.905618,1,1,139.75,0.5,139.5,100,,,,,,,,,,,,,,,,,,,140.0,100,,,,,,,,,,,,,,,,,,
2026-07-08T01:02:32.958593+00:00,2026-07-08T01:02:32.955532,2,1,139.85,0.3,139.7,150,139.5,100,,,,,,,,,,,,,,,,,140.0,100,,,,,,,,,,,,,,,,,,
2026-07-08T01:02:33.013810+00:00,2026-07-08T01:02:33.013899,2,2,139.85,0.3,139.7,150,139.5,100,,,,,,,,,,,,,,,,,140.0,100,140.2,150,,,,,,,,,,,,,,,,
2026-07-08T01:02:33.787475+00:00,2026-07-08T01:02:33.787448,2,2,139.85,0.3,139.7,100,139.5,100,,,,,,,,,,,,,,,,,140.0,100,140.2,150,,,,,,,,,,,,,,,,
2026-07-08T01:02:35.129483+00:00,2026-07-08T01:02:35.129646,1,1,139.95,0.5,139.7,100,,,,,,,,,,,,,,,,,,,140.2,150,,,,,,,,,,,,,,,,,,
2026-07-08T01:02:35.184084+00:00,2026-07-08T01:02:35.184185,2,1,139.95,0.5,139.7,100,139.4,100,,,,,,,,,,,,,,,,,140.2,150,,,,,,,,,,,,,,,,,,
2026-07-08T01:02:35.237853+00:00,2026-07-08T01:02:35.237763,2,2,139.8,0.2,139.7,100,139.4,100,,,,,,,,,,,,,,,,,139.9,100,140.2,150,,,,,,,,,,,,,,,,
2026-07-08T01:02:35.899736+00:00,2026-07-08T01:02:35.899671,2,2,139.8,0.2,139.7,50,139.4,100,,,,,,,,,,,,,,,,,139.9,100,140.2,150,,,,,,,,,,,,,,,,
2026-07-08T01:02:36.064869+00:00,2026-07-08T01:02:36.064843,1,1,139.65,0.5,139.4,100,,,,,,,,,,,,,,,,,,,139.9,100,,,,,,,,,,,,,,,,,,
2026-07-08T01:02:36.117914+00:00,2026-07-08T01:02:36.117861,1,1,139.65,0.5,139.4,250,,,,,,,,,,,,,,,,,,,139.9,100,,,,,,,,,,,,,,,,,,
2026-07-08T01:02:36.179456+00:00,2026-07-08T01:02:36.179334,1,1,139.65,0.5,139.4,250,,,,,,,,,,,,,,,,,,,139.9,250,,,,,,,,,,,,,,,,,,
2026-07-08T01:02:36.722372+00:00,2026-07-08T01:02:36.722237,1,1,139.65,0.5,139.4,250,,,,,,,,,,,,,,,,,,,139.9,210,,,,,,,,,,,,,,,,,,
2026-07-08T01:02:38.217129+00:00,2026-07-08T01:02:38.217011,1,1,139.65,0.5,139.4,250,,,,,,,,,,,,,,,,,,,139.9,205,,,,,,,,,,,,,,,,,,
2026-07-08T01:02:38.291847+00:00,2026-07-08T01:02:38.291761,1,1,139.65,0.5,139.4,150,,,,,,,,,,,,,,,,,,,139.9,150,,,,,,,,,,,,,,,,,,
2026-07-08T01:02:38.345467+00:00,2026-07-08T01:02:38.345352,2,1,139.75,0.3,139.6,100,139.4,150,,,,,,,,,,,,,,,,,139.9,150,,,,,,,,,,,,,,,,,,
2026-07-08T01:02:38.397804+00:00,2026-07-08T01:02:38.397702,2,2,139.75,0.3,139.6,100,139.4,150,,,,,,,,,,,,,,,,,139.9,150,140.1,100,,,,,,,,,,,,,,,,
2026-07-08T01:02:38.421832+00:00,2026-07-08T01:02:38.421797,2,2,139.75,0.3,139.6,95,139.4,150,,,,,,,,,,,,,,,,,139.9,150,140.1,100,,,,,,,,,,,,,,,,
2026-07-08T01:02:38.844876+00:00,2026-07-08T01:02:38.844776,2,2,139.75,0.3,139.6,95,139.4,150,,,,,,,,,,,,,,,,,139.9,107,140.1,100,,,,,,,,,,,,,,,,
2026-07-08T01:02:38.899478+00:00,2026-07-08T01:02:38.899596,2,2,139.75,0.3,139.6,53,139.4,150,,,,,,,,,,,,,,,,,139.9,107,140.1,100,,,,,,,,,,,,,,,,
2026-07-08T01:02:39.231819+00:00,2026-07-08T01:02:39.231757,1,1,139.85,0.5,139.6,53,,,,,,,,,,,,,,,,,,,140.1,100,,,,,,,,,,,,,,,,,,
2026-07-08T01:02:39.284979+00:00,2026-07-08T01:02:39.284884,1,1,139.85,0.5,139.6,203,,,,,,,,,,,,,,,,,,,140.1,100,,,,,,,,,,,,,,,,,,
2026-07-08T01:02:39.338637+00:00,2026-07-08T01:02:39.338505,1,1,139.85,0.5,139.6,203,,,,,,,,,,,,,,,,,,,140.1,250,,,,,,,,,,,,,,,,,,
2026-07-08T01:02:41.450569+00:00,2026-07-08T01:02:41.450730,1,1,139.85,0.5,139.6,203,,,,,,,,,,,,,,,,,,,140.1,150,,,,,,,,,,,,,,,,,,
2026-07-08T01:02:41.458631+00:00,2026-07-08T01:02:41.455889,1,1,139.85,0.5,139.6,150,,,,,,,,,,,,,,,,,,,140.1,150,,,,,,,,,,,,,,,,,,
2026-07-08T01:02:41.505813+00:00,2026-07-08T01:02:41.505726,2,1,139.85,0.5,139.6,150,139.4,100,,,,,,,,,,,,,,,,,140.1,150,,,,,,,,,,,,,,,,,,
2026-07-08T01:02:41.540084+00:00,2026-07-08T01:02:41.540036,2,1,139.85,0.5,139.6,110,139.4,100,,,,,,,,,,,,,,,,,140.1,150,,,,,,,,,,,,,,,,,,
2026-07-08T01:02:41.558799+00:00,2026-07-08T01:02:41.558731,2,2,139.75,0.3,139.6,110,139.4,100,,,,,,,,,,,,,,,,,139.9,100,140.1,150,,,,,,,,,,,,,,,,
2026-07-08T01:02:42.228017+00:00,2026-07-08T01:02:42.227853,2,2,139.75,0.3,139.6,60,139.4,100,,,,,,,,,,,,,,,,,139.9,100,140.1,150,,,,,,,,,,,,,,,,
2026-07-08T01:02:42.390376+00:00,2026-07-08T01:02:42.390295,1,1,139.65,0.5,139.4,100,,,,,,,,,,,,,,,,,,,139.9,100,,,,,,,,,,,,,,,,,,
2026-07-08T01:02:42.446915+00:00,2026-07-08T01:02:42.446794,2,1,139.65,0.5,139.4,100,139.0,150,,,,,,,,,,,,,,,,,139.9,100,,,,,,,,,,,,,,,,,,
2026-07-08T01:02:42.511355+00:00,2026-07-08T01:02:42.504289,2,2,139.45,0.1,139.4,100,139.0,150,,,,,,,,,,,,,,,,,139.5,127,139.9,100,,,,,,,,,,,,,,,,
2026-07-08T01:02:44.365243+00:00,2026-07-08T01:02:44.364805,2,2,139.45,0.1,139.4,100,139.0,150,,,,,,,,,,,,,,,,,139.5,77,139.9,100,,,,,,,,,,,,,,,,
2026-07-08T01:02:44.611621+00:00,2026-07-08T01:02:44.611540,2,1,139.45,0.1,139.4,100,139.0,150,,,,,,,,,,,,,,,,,139.5,77,,,,,,,,,,,,,,,,,,
2026-07-08T01:02:44.616901+00:00,2026-07-08T01:02:44.616722,1,1,139.25,0.5,139.0,150,,,,,,,,,,,,,,,,,,,139.5,77,,,,,,,,,,,,,,,,,,
2026-07-08T01:02:44.669592+00:00,2026-07-08T01:02:44.669514,2,1,139.45,0.1,139.4,100,139.0,150,,,,,,,,,,,,,,,,,139.5,77,,,,,,,,,,,,,,,,,,
2026-07-08T01:02:44.723531+00:00,2026-07-08T01:02:44.723615,2,2,139.45,0.1,139.4,100,139.0,150,,,,,,,,,,,,,,,,,139.5,77,139.9,100,,,,,,,,,,,,,,,,
2026-07-08T01:02:45.268331+00:00,2026-07-08T01:02:45.262346,2,2,139.45,0.1,139.4,100,139.0,150,,,,,,,,,,,,,,,,,139.5,66,139.9,100,,,,,,,,,,,,,,,,
2026-07-08T01:02:45.558629+00:00,2026-07-08T01:02:45.553862,1,1,139.65,0.5,139.4,100,,,,,,,,,,,,,,,,,,,139.9,100,,,,,,,,,,,,,,,,,,
2026-07-08T01:02:45.608824+00:00,2026-07-08T01:02:45.608978,1,1,139.65,0.5,139.4,250,,,,,,,,,,,,,,,,,,,139.9,100,,,,,,,,,,,,,,,,,,
2026-07-08T01:02:45.624119+00:00,2026-07-08T01:02:45.624040,1,1,139.65,0.5,139.4,250,,,,,,,,,,,,,,,,,,,139.9,55,,,,,,,,,,,,,,,,,,
2026-07-08T01:02:45.663815+00:00,2026-07-08T01:02:45.663729,1,1,139.65,0.5,139.4,250,,,,,,,,,,,,,,,,,,,139.9,205,,,,,,,,,,,,,,,,,,
2026-07-08T01:02:46.174097+00:00,2026-07-08T01:02:46.174252,1,1,139.65,0.5,139.4,250,,,,,,,,,,,,,,,,,,,139.9,162,,,,,,,,,,,,,,,,,,
2026-07-08T01:02:46.394018+00:00,2026-07-08T01:02:46.394169,1,1,139.65,0.5,139.4,250,,,,,,,,,,,,,,,,,,,139.9,112,,,,,,,,,,,,,,,,,,
2026-07-08T01:02:47.251523+00:00,2026-07-08T01:02:47.251458,1,1,139.65,0.5,139.4,250,,,,,,,,,,,,,,,,,,,139.9,107,,,,,,,,,,,,,,,,,,
2026-07-08T01:02:47.464120+00:00,2026-07-08T01:02:47.463978,1,1,139.65,0.5,139.4,250,,,,,,,,,,,,,,,,,,,139.9,102,,,,,,,,,,,,,,,,,,
2026-07-08T01:02:47.685647+00:00,2026-07-08T01:02:47.685550,1,1,139.65,0.5,139.4,245,,,,,,,,,,,,,,,,,,,139.9,102,,,,,,,,,,,,,,,,,,
2026-07-08T01:02:47.775322+00:00,2026-07-08T01:02:47.775197,1,1,139.65,0.5,139.4,150,,,,,,,,,,,,,,,,,,,139.9,102,,,,,,,,,,,,,,,,,,
2026-07-08T01:02:47.831267+00:00,2026-07-08T01:02:47.831192,1,1,139.65,0.5,139.4,150,,,,,,,,,,,,,,,,,,,139.9,2,,,,,,,,,,,,,,,,,,
2026-07-08T01:02:47.886754+00:00,2026-07-08T01:02:47.886894,1,2,139.65,0.5,139.4,150,,,,,,,,,,,,,,,,,,,139.9,2,140.4,100,,,,,,,,,,,,,,,,
2026-07-08T01:02:47.897549+00:00,2026-07-08T01:02:47.897433,1,2,139.65,0.5,139.4,145,,,,,,,,,,,,,,,,,,,139.9,2,140.4,100,,,,,,,,,,,,,,,,
2026-07-08T01:02:48.533729+00:00,2026-07-08T01:02:48.533612,1,1,139.9,1.0,139.4,145,,,,,,,,,,,,,,,,,,,140.4,52,,,,,,,,,,,,,,,,,,
2026-07-08T01:02:48.710009+00:00,2026-07-08T01:02:48.709961,1,1,139.9,1.0,139.4,145,,,,,,,,,,,,,,,,,,,140.4,47,,,,,,,,,,,,,,,,,,
2026-07-08T01:02:48.715223+00:00,2026-07-08T01:02:48.715121,0,1,,,,,,,,,,,,,,,,,,,,,,,140.4,47,,,,,,,,,,,,,,,,,,
2026-07-08T01:02:48.780419+00:00,2026-07-08T01:02:48.773698,1,1,140.3,0.2,140.2,104,,,,,,,,,,,,,,,,,,,140.4,47,,,,,,,,,,,,,,,,,,
2026-07-08T01:02:48.825053+00:00,2026-07-08T01:02:48.824948,1,2,140.3,0.2,140.2,104,,,,,,,,,,,,,,,,,,,140.4,47,140.7,150,,,,,,,,,,,,,,,,
2026-07-08T01:02:48.849320+00:00,2026-07-08T01:02:48.849212,1,2,140.3,0.2,140.2,85,,,,,,,,,,,,,,,,,,,140.4,47,140.7,150,,,,,,,,,,,,,,,,
2026-07-08T01:02:48.919431+00:00,2026-07-08T01:02:48.919385,1,2,140.3,0.2,140.2,80,,,,,,,,,,,,,,,,,,,140.4,47,140.7,150,,,,,,,,,,,,,,,,
2026-07-08T01:02:50.647774+00:00,2026-07-08T01:02:50.647670,1,1,140.45,0.5,140.2,80,,,,,,,,,,,,,,,,,,,140.7,147,,,,,,,,,,,,,,,,,,
2026-07-08T01:02:50.989523+00:00,2026-07-08T01:02:50.989385,2,1,140.45,0.5,140.2,80,139.9,100,,,,,,,,,,,,,,,,,140.7,147,,,,,,,,,,,,,,,,,,
2026-07-08T01:02:51.043863+00:00,2026-07-08T01:02:51.043752,2,2,140.3,0.2,140.2,80,139.9,100,,,,,,,,,,,,,,,,,140.4,100,140.7,147,,,,,,,,,,,,,,,,
2026-07-08T01:02:51.879953+00:00,2026-07-08T01:02:51.879912,1,1,140.15,0.5,139.9,100,,,,,,,,,,,,,,,,,,,140.4,100,,,,,,,,,,,,,,,,,,
2026-07-08T01:02:51.933774+00:00,2026-07-08T01:02:51.933741,1,1,140.15,0.5,139.9,250,,,,,,,,,,,,,,,,,,,140.4,100,,,,,,,,,,,,,,,,,,
2026-07-08T01:02:51.990351+00:00,2026-07-08T01:02:51.990503,1,1,140.15,0.5,139.9,250,,,,,,,,,,,,,,,,,,,140.4,250,,,,,,,,,,,,,,,,,,
2026-07-08T01:02:54.099347+00:00,2026-07-08T01:02:54.099221,1,1,140.15,0.5,139.9,150,,,,,,,,,,,,,,,,,,,140.4,150,,,,,,,,,,,,,,,,,,
2026-07-08T01:02:54.163656+00:00,2026-07-08T01:02:54.163731,1,1,140.15,0.5,139.9,250,,,,,,,,,,,,,,,,,,,140.4,150,,,,,,,,,,,,,,,,,,
2026-07-08T01:02:54.207600+00:00,2026-07-08T01:02:54.207470,1,1,140.15,0.5,139.9,250,,,,,,,,,,,,,,,,,,,140.4,250,,,,,,,,,,,,,,,,,,
2026-07-08T01:02:54.935922+00:00,2026-07-08T01:02:54.935809,1,1,140.15,0.5,139.9,200,,,,,,,,,,,,,,,,,,,140.4,250,,,,,,,,,,,,,,,,,,
2026-07-08T01:02:55.045051+00:00,2026-07-08T01:02:55.044985,1,1,140.15,0.5,139.9,200,,,,,,,,,,,,,,,,,,,140.4,100,,,,,,,,,,,,,,,,,,
2026-07-08T01:02:55.050244+00:00,2026-07-08T01:02:55.050131,1,1,140.15,0.5,139.9,100,,,,,,,,,,,,,,,,,,,140.4,100,,,,,,,,,,,,,,,,,,
2026-07-08T01:02:55.102623+00:00,2026-07-08T01:02:55.102546,2,1,140.15,0.5,139.9,56,139.7,150,,,,,,,,,,,,,,,,,140.4,100,,,,,,,,,,,,,,,,,,
2026-07-08T01:02:55.163863+00:00,2026-07-08T01:02:55.163777,2,2,140.05,0.3,139.9,56,139.7,150,,,,,,,,,,,,,,,,,140.2,150,140.4,100,,,,,,,,,,,,,,,,
2026-07-08T01:02:55.702346+00:00,2026-07-08T01:02:55.702259,2,2,140.05,0.3,139.9,56,139.7,150,,,,,,,,,,,,,,,,,140.2,106,140.4,100,,,,,,,,,,,,,,,,
2026-07-08T01:02:57.042559+00:00,2026-07-08T01:02:57.042680,2,2,140.05,0.3,139.9,6,139.7,150,,,,,,,,,,,,,,,,,140.2,106,140.4,100,,,,,,,,,,,,,,,,
2026-07-08T01:02:57.265848+00:00,2026-07-08T01:02:57.265715,1,1,139.95,0.5,139.7,150,,,,,,,,,,,,,,,,,,,140.2,106,,,,,,,,,,,,,,,,,,
2026-07-08T01:02:57.317021+00:00,2026-07-08T01:02:57.316979,2,1,140.0,0.4,139.8,100,139.7,150,,,,,,,,,,,,,,,,,140.2,106,,,,,,,,,,,,,,,,,,
2026-07-08T01:02:57.379597+00:00,2026-07-08T01:02:57.379486,2,2,140.0,0.4,139.8,100,139.7,150,,,,,,,,,,,,,,,,,140.2,106,140.3,100,,,,,,,,,,,,,,,,
2026-07-08T01:02:57.981349+00:00,2026-07-08T01:02:57.981210,2,2,140.0,0.4,139.8,52,139.7,150,,,,,,,,,,,,,,,,,140.2,106,140.3,100,,,,,,,,,,,,,,,,
2026-07-08T01:02:58.208037+00:00,2026-07-08T01:02:58.207961,1,1,140.05,0.5,139.8,52,,,,,,,,,,,,,,,,,,,140.3,100,,,,,,,,,,,,,,,,,,
2026-07-08T01:02:58.260537+00:00,2026-07-08T01:02:58.260457,2,1,140.1,0.4,139.9,150,139.8,52,,,,,,,,,,,,,,,,,140.3,100,,,,,,,,,,,,,,,,,,
2026-07-08T01:02:58.315758+00:00,2026-07-08T01:02:58.315690,2,2,140.1,0.4,139.9,150,139.8,52,,,,,,,,,,,,,,,,,140.3,100,140.4,150,,,,,,,,,,,,,,,,
2026-07-08T01:02:59.099544+00:00,2026-07-08T01:02:59.099507,2,2,140.1,0.4,139.9,150,139.8,52,,,,,,,,,,,,,,,,,140.3,50,140.4,150,,,,,,,,,,,,,,,,
2026-07-08T01:02:59.190385+00:00,2026-07-08T01:02:59.190315,2,2,140.1,0.4,139.9,150,139.8,52,,,,,,,,,,,,,,,,,140.3,3,140.4,150,,,,,,,,,,,,,,,,
2026-07-08T01:03:00.431156+00:00,2026-07-08T01:03:00.431073,1,1,140.15,0.5,139.9,150,,,,,,,,,,,,,,,,,,,140.4,150,,,,,,,,,,,,,,,,,,
2026-07-08T01:03:00.485879+00:00,2026-07-08T01:03:00.485770,1,1,140.15,0.5,139.9,250,,,,,,,,,,,,,,,,,,,140.4,150,,,,,,,,,,,,,,,,,,
2026-07-08T01:03:00.538205+00:00,2026-07-08T01:03:00.538160,1,1,140.15,0.5,139.9,250,,,,,,,,,,,,,,,,,,,140.4,250,,,,,,,,,,,,,,,,,,
2026-07-08T01:03:01.370974+00:00,2026-07-08T01:03:01.370872,1,1,140.15,0.5,139.9,100,,,,,,,,,,,,,,,,,,,140.4,100,,,,,,,,,,,,,,,,,,
2026-07-08T01:03:01.421782+00:00,2026-07-08T01:03:01.421710,2,1,140.2,0.4,140.0,150,139.9,100,,,,,,,,,,,,,,,,,140.4,100,,,,,,,,,,,,,,,,,,
2026-07-08T01:03:01.475151+00:00,2026-07-08T01:03:01.475037,2,2,140.2,0.4,140.0,150,139.9,100,,,,,,,,,,,,,,,,,140.4,100,140.5,150,,,,,,,,,,,,,,,,
2026-07-08T01:03:03.310295+00:00,2026-07-08T01:03:03.310236,2,2,140.2,0.4,140.0,150,139.9,100,,,,,,,,,,,,,,,,,140.4,50,140.5,150,,,,,,,,,,,,,,,,
2026-07-08T01:03:03.592769+00:00,2026-07-08T01:03:03.592890,1,1,140.25,0.5,140.0,150,,,,,,,,,,,,,,,,,,,140.5,150,,,,,,,,,,,,,,,,,,
2026-07-08T01:03:03.658578+00:00,2026-07-08T01:03:03.654044,2,1,140.25,0.5,140.0,150,139.8,100,,,,,,,,,,,,,,,,,140.5,150,,,,,,,,,,,,,,,,,,
2026-07-08T01:03:03.708769+00:00,2026-07-08T01:03:03.708642,2,2,140.15,0.3,140.0,150,139.8,100,,,,,,,,,,,,,,,,,140.3,100,140.5,150,,,,,,,,,,,,,,,,
2026-07-08T01:03:04.532069+00:00,2026-07-08T01:03:04.532039,1,1,140.05,0.5,139.8,100,,,,,,,,,,,,,,,,,,,140.3,100,,,,,,,,,,,,,,,,,,
2026-07-08T01:03:04.585047+00:00,2026-07-08T01:03:04.584968,2,1,140.05,0.5,139.8,100,139.7,150,,,,,,,,,,,,,,,,,140.3,100,,,,,,,,,,,,,,,,,,
2026-07-08T01:03:04.638845+00:00,2026-07-08T01:03:04.639010,2,2,140.0,0.4,139.8,100,139.7,150,,,,,,,,,,,,,,,,,140.2,150,140.3,100,,,,,,,,,,,,,,,,
2026-07-08T01:03:05.417855+00:00,2026-07-08T01:03:05.417799,2,2,140.0,0.4,139.8,100,139.7,150,,,,,,,,,,,,,,,,,140.2,100,140.3,100,,,,,,,,,,,,,,,,
2026-07-08T01:03:06.763824+00:00,2026-07-08T01:03:06.763746,1,1,139.95,0.5,139.7,150,,,,,,,,,,,,,,,,,,,140.2,100,,,,,,,,,,,,,,,,,,
2026-07-08T01:03:06.819296+00:00,2026-07-08T01:03:06.819429,2,1,140.0,0.4,139.8,100,139.7,150,,,,,,,,,,,,,,,,,140.2,100,,,,,,,,,,,,,,,,,,
2026-07-08T01:03:06.872533+00:00,2026-07-08T01:03:06.872616,2,2,140.0,0.4,139.8,100,139.7,150,,,,,,,,,,,,,,,,,140.2,100,140.3,100,,,,,,,,,,,,,,,,
2026-07-08T01:03:07.525667+00:00,2026-07-08T01:03:07.525604,2,2,140.0,0.4,139.8,100,139.7,150,,,,,,,,,,,,,,,,,140.2,50,140.3,100,,,,,,,,,,,,,,,,
2026-07-08T01:03:07.696484+00:00,2026-07-08T01:03:07.696458,1,1,140.05,0.5,139.8,100,,,,,,,,,,,,,,,,,,,140.3,100,,,,,,,,,,,,,,,,,,
2026-07-08T01:03:07.780997+00:00,2026-07-08T01:03:07.773830,2,1,140.2,0.2,140.1,139,139.8,100,,,,,,,,,,,,,,,,,140.3,100,,,,,,,,,,,,,,,,,,
2026-07-08T01:03:07.825373+00:00,2026-07-08T01:03:07.825239,2,2,140.2,0.2,140.1,139,139.8,100,,,,,,,,,,,,,,,,,140.3,100,140.6,150,,,,,,,,,,,,,,,,
2026-07-08T01:03:07.915799+00:00,2026-07-08T01:03:07.915760,2,2,140.2,0.2,140.1,119,139.8,100,,,,,,,,,,,,,,,,,140.3,100,140.6,150,,,,,,,,,,,,,,,,
2026-07-08T01:03:07.954722+00:00,2026-07-08T01:03:07.954894,2,2,140.2,0.2,140.1,114,139.8,100,,,,,,,,,,,,,,,,,140.3,100,140.6,150,,,,,,,,,,,,,,,,
2026-07-08T01:03:08.175140+00:00,2026-07-08T01:03:08.175101,2,2,140.2,0.2,140.1,109,139.8,100,,,,,,,,,,,,,,,,,140.3,100,140.6,150,,,,,,,,,,,,,,,,
2026-07-08T01:03:08.190668+00:00,2026-07-08T01:03:08.190613,2,2,140.2,0.2,140.1,89,139.8,100,,,,,,,,,,,,,,,,,140.3,100,140.6,150,,,,,,,,,,,,,,,,
2026-07-08T01:03:08.384814+00:00,2026-07-08T01:03:08.384740,2,2,140.2,0.2,140.1,84,139.8,100,,,,,,,,,,,,,,,,,140.3,100,140.6,150,,,,,,,,,,,,,,,,
2026-07-08T01:03:08.452034+00:00,2026-07-08T01:03:08.452314,2,2,140.2,0.2,140.1,64,139.8,100,,,,,,,,,,,,,,,,,140.3,100,140.6,150,,,,,,,,,,,,,,,,
2026-07-08T01:03:08.586634+00:00,2026-07-08T01:03:08.579362,2,2,140.2,0.2,140.1,61,139.8,100,,,,,,,,,,,,,,,,,140.3,100,140.6,150,,,,,,,,,,,,,,,,
2026-07-08T01:03:08.602183+00:00,2026-07-08T01:03:08.602007,2,2,140.2,0.2,140.1,56,139.8,100,,,,,,,,,,,,,,,,,140.3,100,140.6,150,,,,,,,,,,,,,,,,
2026-07-08T01:03:08.812192+00:00,2026-07-08T01:03:08.812280,2,2,140.2,0.2,140.1,51,139.8,100,,,,,,,,,,,,,,,,,140.3,100,140.6,150,,,,,,,,,,,,,,,,
2026-07-08T01:03:09.022765+00:00,2026-07-08T01:03:09.022728,2,2,140.2,0.2,140.1,46,139.8,100,,,,,,,,,,,,,,,,,140.3,100,140.6,150,,,,,,,,,,,,,,,,
2026-07-08T01:03:09.231869+00:00,2026-07-08T01:03:09.231738,2,2,140.2,0.2,140.1,41,139.8,100,,,,,,,,,,,,,,,,,140.3,100,140.6,150,,,,,,,,,,,,,,,,
2026-07-08T01:03:09.442490+00:00,2026-07-08T01:03:09.442588,2,2,140.2,0.2,140.1,36,139.8,100,,,,,,,,,,,,,,,,,140.3,100,140.6,150,,,,,,,,,,,,,,,,
2026-07-08T01:03:09.632722+00:00,2026-07-08T01:03:09.632848,2,2,140.2,0.2,140.1,36,139.8,100,,,,,,,,,,,,,,,,,140.3,50,140.6,150,,,,,,,,,,,,,,,,
2026-07-08T01:03:09.648488+00:00,2026-07-08T01:03:09.648413,2,2,140.2,0.2,140.1,31,139.8,100,,,,,,,,,,,,,,,,,140.3,50,140.6,150,,,,,,,,,,,,,,,,
2026-07-08T01:03:09.858667+00:00,2026-07-08T01:03:09.856457,1,2,140.05,0.5,139.8,84,,,,,,,,,,,,,,,,,,,140.3,50,140.6,150,,,,,,,,,,,,,,,,
2026-07-08T01:03:09.927185+00:00,2026-07-08T01:03:09.927084,0,1,,,,,,,,,,,,,,,,,,,,,,,140.6,150,,,,,,,,,,,,,,,,,,
2026-07-08T01:03:09.978780+00:00,2026-07-08T01:03:09.978653,1,1,140.2,0.8,139.8,100,,,,,,,,,,,,,,,,,,,140.6,150,,,,,,,,,,,,,,,,,,
2026-07-08T01:03:10.033018+00:00,2026-07-08T01:03:10.032920,1,2,140.05,0.5,139.8,100,,,,,,,,,,,,,,,,,,,140.3,100,140.6,150,,,,,,,,,,,,,,,,
2026-07-08T01:03:10.879647+00:00,2026-07-08T01:03:10.879543,1,1,140.05,0.5,139.8,100,,,,,,,,,,,,,,,,,,,140.3,100,,,,,,,,,,,,,,,,,,
2026-07-08T01:03:10.932615+00:00,2026-07-08T01:03:10.932578,2,1,140.05,0.5,139.8,100,139.4,150,,,,,,,,,,,,,,,,,140.3,100,,,,,,,,,,,,,,,,,,
2026-07-08T01:03:10.996548+00:00,2026-07-08T01:03:10.989938,2,2,139.85,0.1,139.8,100,139.4,150,,,,,,,,,,,,,,,,,139.9,147,140.3,100,,,,,,,,,,,,,,,,
2026-07-08T01:03:11.740129+00:00,2026-07-08T01:03:11.740091,2,2,139.85,0.1,139.8,100,139.4,150,,,,,,,,,,,,,,,,,139.9,97,140.3,100,,,,,,,,,,,,,,,,
2026-07-08T01:03:11.890163+00:00,2026-07-08T01:03:11.881718,2,2,139.85,0.1,139.8,100,139.4,150,,,,,,,,,,,,,,,,,139.9,86,140.3,100,,,,,,,,,,,,,,,,
2026-07-08T01:03:11.966676+00:00,2026-07-08T01:03:11.966557,2,2,139.85,0.1,139.8,53,139.4,150,,,,,,,,,,,,,,,,,139.9,86,140.3,100,,,,,,,,,,,,,,,,
2026-07-08T01:03:12.073864+00:00,2026-07-08T01:03:12.073807,2,2,139.85,0.1,139.8,53,139.4,150,,,,,,,,,,,,,,,,,139.9,81,140.3,100,,,,,,,,,,,,,,,,
2026-07-08T01:03:12.281012+00:00,2026-07-08T01:03:12.281116,2,2,139.85,0.1,139.8,53,139.4,150,,,,,,,,,,,,,,,,,139.9,76,140.3,100,,,,,,,,,,,,,,,,
2026-07-08T01:03:12.501511+00:00,2026-07-08T01:03:12.501622,2,2,139.85,0.1,139.8,48,139.4,150,,,,,,,,,,,,,,,,,139.9,76,140.3,100,,,,,,,,,,,,,,,,
2026-07-08T01:03:12.712108+00:00,2026-07-08T01:03:12.711710,2,2,139.85,0.1,139.8,43,139.4,150,,,,,,,,,,,,,,,,,139.9,76,140.3,100,,,,,,,,,,,,,,,,
2026-07-08T01:03:13.024995+00:00,2026-07-08T01:03:13.024937,2,2,139.85,0.1,139.8,43,139.4,150,,,,,,,,,,,,,,,,,139.9,31,140.3,100,,,,,,,,,,,,,,,,
2026-07-08T01:03:13.095221+00:00,2026-07-08T01:03:13.095169,1,1,139.65,0.5,139.4,150,,,,,,,,,,,,,,,,,,,139.9,31,,,,,,,,,,,,,,,,,,
2026-07-08T01:03:13.147166+00:00,2026-07-08T01:03:13.147073,2,1,139.75,0.3,139.6,100,139.4,150,,,,,,,,,,,,,,,,,139.9,31,,,,,,,,,,,,,,,,,,
2026-07-08T01:03:13.200334+00:00,2026-07-08T01:03:13.200279,2,2,139.75,0.3,139.6,100,139.4,150,,,,,,,,,,,,,,,,,139.9,31,140.1,100,,,,,,,,,,,,,,,,
2026-07-08T01:03:13.323781+00:00,2026-07-08T01:03:13.323646,2,2,139.75,0.3,139.6,100,139.4,150,,,,,,,,,,,,,,,,,139.9,26,140.1,100,,,,,,,,,,,,,,,,
2026-07-08T01:03:13.534129+00:00,2026-07-08T01:03:13.534082,2,2,139.75,0.3,139.6,100,139.4,150,,,,,,,,,,,,,,,,,139.9,21,140.1,100,,,,,,,,,,,,,,,,
2026-07-08T01:03:13.616207+00:00,2026-07-08T01:03:13.616184,2,1,139.85,0.5,139.6,100,139.4,150,,,,,,,,,,,,,,,,,140.1,72,,,,,,,,,,,,,,,,,,
2026-07-08T01:03:13.744021+00:00,2026-07-08T01:03:13.743928,2,1,139.85,0.5,139.6,95,139.4,150,,,,,,,,,,,,,,,,,140.1,72,,,,,,,,,,,,,,,,,,
2026-07-08T01:03:13.900802+00:00,2026-07-08T01:03:13.901026,2,1,139.85,0.5,139.6,45,139.4,150,,,,,,,,,,,,,,,,,140.1,72,,,,,,,,,,,,,,,,,,
2026-07-08T01:03:13.958661+00:00,2026-07-08T01:03:13.955389,2,1,139.85,0.5,139.6,40,139.4,150,,,,,,,,,,,,,,,,,140.1,72,,,,,,,,,,,,,,,,,,
2026-07-08T01:03:14.037402+00:00,2026-07-08T01:03:14.037316,1,1,139.85,0.5,139.6,40,,,,,,,,,,,,,,,,,,,140.1,72,,,,,,,,,,,,,,,,,,
2026-07-08T01:03:14.093297+00:00,2026-07-08T01:03:14.093187,2,0,,,140.2,78,139.6,40,,,,,,,,,,,,,,,,,,,,,,,,,,,,,,,,,,,,
2026-07-08T01:03:14.168666+00:00,2026-07-08T01:03:14.162619,2,1,140.45,0.5,140.2,67,139.6,40,,,,,,,,,,,,,,,,,140.7,150,,,,,,,,,,,,,,,,,,
2026-07-08T01:03:14.328425+00:00,2026-07-08T01:03:14.328355,2,1,140.45,0.5,140.2,67,139.6,40,,,,,,,,,,,,,,,,,140.7,160,,,,,,,,,,,,,,,,,,
2026-07-08T01:03:14.395664+00:00,2026-07-08T01:03:14.388710,2,1,140.45,0.5,140.2,64,139.6,40,,,,,,,,,,,,,,,,,140.7,160,,,,,,,,,,,,,,,,,,
2026-07-08T01:03:16.009139+00:00,2026-07-08T01:03:16.008982,2,1,140.45,0.5,140.2,14,139.6,40,,,,,,,,,,,,,,,,,140.7,160,,,,,,,,,,,,,,,,,,
2026-07-08T01:03:16.258741+00:00,2026-07-08T01:03:16.258612,1,1,140.45,0.5,140.2,14,,,,,,,,,,,,,,,,,,,140.7,160,,,,,,,,,,,,,,,,,,
2026-07-08T01:03:16.310469+00:00,2026-07-08T01:03:16.310383,2,1,140.45,0.5,140.2,14,139.8,100,,,,,,,,,,,,,,,,,140.7,160,,,,,,,,,,,,,,,,,,
2026-07-08T01:03:16.364792+00:00,2026-07-08T01:03:16.364708,2,2,140.25,0.1,140.2,14,139.8,100,,,,,,,,,,,,,,,,,140.3,100,140.7,160,,,,,,,,,,,,,,,,
2026-07-08T01:03:16.650738+00:00,2026-07-08T01:03:16.650698,2,2,140.25,0.1,140.2,14,139.8,100,,,,,,,,,,,,,,,,,140.3,100,140.7,150,,,,,,,,,,,,,,,,
2026-07-08T01:03:17.204174+00:00,2026-07-08T01:03:17.204064,1,1,140.05,0.5,139.8,100,,,,,,,,,,,,,,,,,,,140.3,100,,,,,,,,,,,,,,,,,,
2026-07-08T01:03:17.258581+00:00,2026-07-08T01:03:17.254913,2,1,140.05,0.5,139.8,100,139.7,150,,,,,,,,,,,,,,,,,140.3,100,,,,,,,,,,,,,,,,,,
2026-07-08T01:03:17.339019+00:00,2026-07-08T01:03:17.338910,2,2,140.0,0.4,139.8,100,139.7,150,,,,,,,,,,,,,,,,,140.2,150,140.3,100,,,,,,,,,,,,,,,,
2026-07-08T01:03:18.029598+00:00,2026-07-08T01:03:18.023421,2,2,140.0,0.4,139.8,100,139.7,150,,,,,,,,,,,,,,,,,140.2,147,140.3,100,,,,,,,,,,,,,,,,
2026-07-08T01:03:19.419430+00:00,2026-07-08T01:03:19.419322,2,1,140.0,0.4,139.8,100,139.7,150,,,,,,,,,,,,,,,,,140.2,147,,,,,,,,,,,,,,,,,,
2026-07-08T01:03:19.424530+00:00,2026-07-08T01:03:19.424484,1,1,139.95,0.5,139.7,150,,,,,,,,,,,,,,,,,,,140.2,147,,,,,,,,,,,,,,,,,,
2026-07-08T01:03:19.474615+00:00,2026-07-08T01:03:19.474543,2,1,140.1,0.2,140.0,100,139.7,150,,,,,,,,,,,,,,,,,140.2,147,,,,,,,,,,,,,,,,,,
2026-07-08T01:03:19.527957+00:00,2026-07-08T01:03:19.527913,2,2,140.1,0.2,140.0,100,139.7,150,,,,,,,,,,,,,,,,,140.2,147,140.5,100,,,,,,,,,,,,,,,,
2026-07-08T01:03:20.223866+00:00,2026-07-08T01:03:20.223931,2,2,140.1,0.2,140.0,50,139.7,150,,,,,,,,,,,,,,,,,140.2,147,140.5,100,,,,,,,,,,,,,,,,
2026-07-08T01:03:20.396872+00:00,2026-07-08T01:03:20.396988,1,1,140.25,0.5,140.0,50,,,,,,,,,,,,,,,,,,,140.5,100,,,,,,,,,,,,,,,,,,
2026-07-08T01:03:20.448360+00:00,2026-07-08T01:03:20.448257,2,1,140.25,0.5,140.0,50,139.8,150,,,,,,,,,,,,,,,,,140.5,100,,,,,,,,,,,,,,,,,,
2026-07-08T01:03:20.503607+00:00,2026-07-08T01:03:20.503554,2,2,140.15,0.3,140.0,50,139.8,150,,,,,,,,,,,,,,,,,140.3,150,140.5,100,,,,,,,,,,,,,,,,
2026-07-08T01:03:22.278959+00:00,2026-07-08T01:03:22.278898,2,2,140.15,0.3,140.0,50,139.8,150,,,,,,,,,,,,,,,,,140.3,100,140.5,100,,,,,,,,,,,,,,,,
2026-07-08T01:03:22.309607+00:00,2026-07-08T01:03:22.309445,2,2,140.15,0.3,140.0,8,139.8,150,,,,,,,,,,,,,,,,,140.3,100,140.5,100,,,,,,,,,,,,,,,,
2026-07-08T01:03:22.587600+00:00,2026-07-08T01:03:22.587579,1,1,140.05,0.5,139.8,150,,,,,,,,,,,,,,,,,,,140.3,100,,,,,,,,,,,,,,,,,,
2026-07-08T01:03:22.636849+00:00,2026-07-08T01:03:22.636752,1,1,140.05,0.5,139.8,250,,,,,,,,,,,,,,,,,,,140.3,100,,,,,,,,,,,,,,,,,,
2026-07-08T01:03:22.691545+00:00,2026-07-08T01:03:22.691505,1,1,140.05,0.5,139.8,250,,,,,,,,,,,,,,,,,,,140.3,200,,,,,,,,,,,,,,,,,,
2026-07-08T01:03:23.558604+00:00,2026-07-08T01:03:23.557303,1,1,140.05,0.5,139.8,100,,,,,,,,,,,,,,,,,,,140.3,100,,,,,,,,,,,,,,,,,,
2026-07-08T01:03:23.611723+00:00,2026-07-08T01:03:23.611612,2,1,140.1,0.4,139.9,150,139.8,100,,,,,,,,,,,,,,,,,140.3,100,,,,,,,,,,,,,,,,,,
2026-07-08T01:03:23.665873+00:00,2026-07-08T01:03:23.665809,2,2,140.1,0.4,139.9,150,139.8,100,,,,,,,,,,,,,,,,,140.3,100,140.4,150,,,,,,,,,,,,,,,,
2026-07-08T01:03:24.388141+00:00,2026-07-08T01:03:24.388038,2,2,140.1,0.4,139.9,150,139.8,100,,,,,,,,,,,,,,,,,140.3,50,140.4,150,,,,,,,,,,,,,,,,
2026-07-08T01:03:25.291194+00:00,2026-07-08T01:03:25.291082,2,2,140.1,0.4,139.9,105,139.8,100,,,,,,,,,,,,,,,,,140.3,50,140.4,150,,,,,,,,,,,,,,,,
2026-07-08T01:03:25.747821+00:00,2026-07-08T01:03:25.747756,1,1,140.15,0.5,139.9,105,,,,,,,,,,,,,,,,,,,140.4,150,,,,,,,,,,,,,,,,,,
2026-07-08T01:03:25.823949+00:00,2026-07-08T01:03:25.824077,2,1,140.2,0.4,140.0,100,139.9,105,,,,,,,,,,,,,,,,,140.4,150,,,,,,,,,,,,,,,,,,
2026-07-08T01:03:25.879773+00:00,2026-07-08T01:03:25.879665,2,2,140.2,0.4,140.0,100,139.9,105,,,,,,,,,,,,,,,,,140.4,150,140.5,100,,,,,,,,,,,,,,,,
2026-07-08T01:03:26.490318+00:00,2026-07-08T01:03:26.490239,2,2,140.2,0.4,140.0,100,139.9,105,,,,,,,,,,,,,,,,,140.4,100,140.5,100,,,,,,,,,,,,,,,,
2026-07-08T01:03:26.720611+00:00,2026-07-08T01:03:26.720760,1,1,140.25,0.5,140.0,100,,,,,,,,,,,,,,,,,,,140.5,100,,,,,,,,,,,,,,,,,,
2026-07-08T01:03:26.775089+00:00,2026-07-08T01:03:26.775003,2,1,140.3,0.4,140.1,150,140.0,100,,,,,,,,,,,,,,,,,140.5,100,,,,,,,,,,,,,,,,,,
2026-07-08T01:03:26.828245+00:00,2026-07-08T01:03:26.828152,2,2,140.3,0.4,140.1,150,140.0,100,,,,,,,,,,,,,,,,,140.5,100,140.6,150,,,,,,,,,,,,,,,,
2026-07-08T01:03:28.600402+00:00,2026-07-08T01:03:28.600306,2,2,140.3,0.4,140.1,150,140.0,100,,,,,,,,,,,,,,,,,140.5,50,140.6,150,,,,,,,,,,,,,,,,
2026-07-08T01:03:28.933608+00:00,2026-07-08T01:03:28.933708,1,1,140.35,0.5,140.1,150,,,,,,,,,,,,,,,,,,,140.6,150,,,,,,,,,,,,,,,,,,
2026-07-08T01:03:28.987826+00:00,2026-07-08T01:03:28.987736,2,1,140.4,0.4,140.2,100,140.1,150,,,,,,,,,,,,,,,,,140.6,150,,,,,,,,,,,,,,,,,,
2026-07-08T01:03:29.042131+00:00,2026-07-08T01:03:29.042084,2,2,140.4,0.4,140.2,100,140.1,150,,,,,,,,,,,,,,,,,140.6,150,140.7,100,,,,,,,,,,,,,,,,
2026-07-08T01:03:29.885488+00:00,2026-07-08T01:03:29.885459,1,1,140.45,0.5,140.2,100,,,,,,,,,,,,,,,,,,,140.7,100,,,,,,,,,,,,,,,,,,
2026-07-08T01:03:29.940470+00:00,2026-07-08T01:03:29.940345,1,1,140.45,0.5,140.2,250,,,,,,,,,,,,,,,,,,,140.7,100,,,,,,,,,,,,,,,,,,
2026-07-08T01:03:29.993021+00:00,2026-07-08T01:03:29.992975,1,2,140.4,0.4,140.2,250,,,,,,,,,,,,,,,,,,,140.6,150,140.7,100,,,,,,,,,,,,,,,,
2026-07-08T01:03:30.704329+00:00,2026-07-08T01:03:30.704291,1,2,140.4,0.4,140.2,250,,,,,,,,,,,,,,,,,,,140.6,100,140.7,100,,,,,,,,,,,,,,,,
2026-07-08T01:03:30.921704+00:00,2026-07-08T01:03:30.921609,1,2,140.4,0.4,140.2,250,,,,,,,,,,,,,,,,,,,140.6,53,140.7,100,,,,,,,,,,,,,,,,
2026-07-08T01:03:31.458545+00:00,2026-07-08T01:03:31.455802,1,2,140.4,0.4,140.2,209,,,,,,,,,,,,,,,,,,,140.6,53,140.7,100,,,,,,,,,,,,,,,,
2026-07-08T01:03:32.096642+00:00,2026-07-08T01:03:32.096589,1,1,140.4,0.4,140.2,150,,,,,,,,,,,,,,,,,,,140.6,53,,,,,,,,,,,,,,,,,,
2026-07-08T01:03:32.150416+00:00,2026-07-08T01:03:32.150344,2,1,140.4,0.4,140.2,150,140.1,100,,,,,,,,,,,,,,,,,140.6,53,,,,,,,,,,,,,,,,,,
2026-07-08T01:03:32.202789+00:00,2026-07-08T01:03:32.202691,2,1,140.4,0.4,140.2,150,140.1,100,,,,,,,,,,,,,,,,,140.6,153,,,,,,,,,,,,,,,,,,
2026-07-08T01:03:32.489289+00:00,2026-07-08T01:03:32.489129,2,1,140.4,0.4,140.2,150,140.1,100,,,,,,,,,,,,,,,,,140.6,111,,,,,,,,,,,,,,,,,,
2026-07-08T01:03:32.819024+00:00,2026-07-08T01:03:32.819105,2,1,140.4,0.4,140.2,150,140.1,100,,,,,,,,,,,,,,,,,140.6,61,,,,,,,,,,,,,,,,,,
2026-07-08T01:03:33.047949+00:00,2026-07-08T01:03:33.047824,1,1,140.35,0.5,140.1,100,,,,,,,,,,,,,,,,,,,140.6,61,,,,,,,,,,,,,,,,,,
2026-07-08T01:03:33.100367+00:00,2026-07-08T01:03:33.100295,2,0,,,140.7,89,140.1,100,,,,,,,,,,,,,,,,,,,,,,,,,,,,,,,,,,,,
2026-07-08T01:03:33.167872+00:00,2026-07-08T01:03:33.162212,2,1,140.9,0.4,140.7,86,140.1,100,,,,,,,,,,,,,,,,,141.1,150,,,,,,,,,,,,,,,,,,
2026-07-08T01:03:33.188457+00:00,2026-07-08T01:03:33.188334,2,2,140.85,0.3,140.7,86,140.1,100,,,,,,,,,,,,,,,,,141.0,10,141.1,150,,,,,,,,,,,,,,,,
2026-07-08T01:03:33.751158+00:00,2026-07-08T01:03:33.744752,2,2,140.85,0.3,140.7,83,140.1,100,,,,,,,,,,,,,,,,,141.0,10,141.1,150,,,,,,,,,,,,,,,,
2026-07-08T01:03:34.926265+00:00,2026-07-08T01:03:34.926140,2,1,140.9,0.4,140.7,83,140.1,100,,,,,,,,,,,,,,,,,141.1,110,,,,,,,,,,,,,,,,,,
2026-07-08T01:03:35.145887+00:00,2026-07-08T01:03:35.145804,2,1,140.9,0.4,140.7,83,140.1,100,,,,,,,,,,,,,,,,,141.1,120,,,,,,,,,,,,,,,,,,
2026-07-08T01:03:35.258579+00:00,2026-07-08T01:03:35.252403,1,1,140.9,0.4,140.7,83,,,,,,,,,,,,,,,,,,,141.1,120,,,,,,,,,,,,,,,,,,
2026-07-08T01:03:35.312322+00:00,2026-07-08T01:03:35.312204,2,1,140.9,0.4,140.7,83,140.2,100,,,,,,,,,,,,,,,,,141.1,120,,,,,,,,,,,,,,,,,,
2026-07-08T01:03:35.367038+00:00,2026-07-08T01:03:35.366934,1,2,140.45,0.5,140.2,100,,,,,,,,,,,,,,,,,,,140.7,17,141.1,120,,,,,,,,,,,,,,,,
2026-07-08T01:03:35.457662+00:00,2026-07-08T01:03:35.457764,1,2,140.45,0.5,140.2,100,,,,,,,,,,,,,,,,,,,140.7,17,141.1,110,,,,,,,,,,,,,,,,
2026-07-08T01:03:35.956105+00:00,2026-07-08T01:03:35.956222,1,2,140.45,0.5,140.2,56,,,,,,,,,,,,,,,,,,,140.7,17,141.1,110,,,,,,,,,,,,,,,,
2026-07-08T01:03:36.212535+00:00,2026-07-08T01:03:36.212699,1,1,140.45,0.5,140.2,56,,,,,,,,,,,,,,,,,,,140.7,17,,,,,,,,,,,,,,,,,,
2026-07-08T01:03:36.268989+00:00,2026-07-08T01:03:36.268933,1,1,140.45,0.5,140.2,206,,,,,,,,,,,,,,,,,,,140.7,17,,,,,,,,,,,,,,,,,,
2026-07-08T01:03:36.312184+00:00,2026-07-08T01:03:36.312103,1,1,140.45,0.5,140.2,206,,,,,,,,,,,,,,,,,,,140.7,7,,,,,,,,,,,,,,,,,,
2026-07-08T01:03:36.322554+00:00,2026-07-08T01:03:36.322425,1,1,140.45,0.5,140.2,206,,,,,,,,,,,,,,,,,,,140.7,157,,,,,,,,,,,,,,,,,,
2026-07-08T01:03:37.031974+00:00,2026-07-08T01:03:37.031919,1,1,140.45,0.5,140.2,206,,,,,,,,,,,,,,,,,,,140.7,107,,,,,,,,,,,,,,,,,,
2026-07-08T01:03:38.424965+00:00,2026-07-08T01:03:38.424921,1,1,140.45,0.5,140.2,150,,,,,,,,,,,,,,,,,,,140.7,107,,,,,,,,,,,,,,,,,,
2026-07-08T01:03:38.475140+00:00,2026-07-08T01:03:38.475050,2,1,140.55,0.3,140.4,100,140.2,150,,,,,,,,,,,,,,,,,140.7,107,,,,,,,,,,,,,,,,,,
2026-07-08T01:03:38.549133+00:00,2026-07-08T01:03:38.548944,2,2,140.55,0.3,140.4,100,140.2,150,,,,,,,,,,,,,,,,,140.7,107,140.9,100,,,,,,,,,,,,,,,,
2026-07-08T01:03:38.777746+00:00,2026-07-08T01:03:38.777655,2,2,140.55,0.3,140.4,100,140.2,150,,,,,,,,,,,,,,,,,140.7,117,140.9,100,,,,,,,,,,,,,,,,
2026-07-08T01:03:39.145880+00:00,2026-07-08T01:03:39.145760,2,2,140.55,0.3,140.4,100,140.2,150,,,,,,,,,,,,,,,,,140.7,67,140.9,100,,,,,,,,,,,,,,,,
2026-07-08T01:03:39.379117+00:00,2026-07-08T01:03:39.379044,1,2,140.55,0.3,140.4,100,,,,,,,,,,,,,,,,,,,140.7,10,140.9,100,,,,,,,,,,,,,,,,
2026-07-08T01:03:39.435372+00:00,2026-07-08T01:03:39.435455,1,2,140.55,0.3,140.4,250,,,,,,,,,,,,,,,,,,,140.7,10,140.9,100,,,,,,,,,,,,,,,,
2026-07-08T01:03:39.489255+00:00,2026-07-08T01:03:39.489115,1,2,140.55,0.3,140.4,250,,,,,,,,,,,,,,,,,,,140.7,10,140.9,250,,,,,,,,,,,,,,,,
2026-07-08T01:03:40.147279+00:00,2026-07-08T01:03:40.147159,1,1,140.65,0.5,140.4,250,,,,,,,,,,,,,,,,,,,140.9,250,,,,,,,,,,,,,,,,,,
2026-07-08T01:03:40.398375+00:00,2026-07-08T01:03:40.398254,1,1,140.65,0.5,140.4,250,,,,,,,,,,,,,,,,,,,140.9,260,,,,,,,,,,,,,,,,,,
2026-07-08T01:03:41.558625+00:00,2026-07-08T01:03:41.554043,1,1,140.65,0.5,140.4,250,,,,,,,,,,,,,,,,,,,140.9,250,,,,,,,,,,,,,,,,,,
2026-07-08T01:03:41.600668+00:00,2026-07-08T01:03:41.600612,1,1,140.65,0.5,140.4,150,,,,,,,,,,,,,,,,,,,140.9,150,,,,,,,,,,,,,,,,,,
2026-07-08T01:03:41.654580+00:00,2026-07-08T01:03:41.654509,2,1,140.65,0.5,140.4,150,139.9,100,,,,,,,,,,,,,,,,,140.9,150,,,,,,,,,,,,,,,,,,
2026-07-08T01:03:41.710176+00:00,2026-07-08T01:03:41.710086,2,1,140.65,0.5,140.4,50,139.9,100,,,,,,,,,,,,,,,,,140.9,150,,,,,,,,,,,,,,,,,,
2026-07-08T01:03:42.544004+00:00,2026-07-08T01:03:42.543922,1,0,,,139.9,100,,,,,,,,,,,,,,,,,,,,,,,,,,,,,,,,,,,,,,
2026-07-08T01:03:42.597567+00:00,2026-07-08T01:03:42.597543,2,0,,,140.0,150,139.9,100,,,,,,,,,,,,,,,,,,,,,,,,,,,,,,,,,,,,
2026-07-08T01:03:42.650476+00:00,2026-07-08T01:03:42.650408,2,1,140.25,0.5,140.0,150,139.9,100,,,,,,,,,,,,,,,,,140.5,150,,,,,,,,,,,,,,,,,,
