recv_time,book_timestamp,n_bids,n_asks,mid,spread,bid_px_0,bid_vol_0,bid_px_1,bid_vol_1,bid_px_2,bid_vol_2,bid_px_3,bid_vol_3,bid_px_4,bid_vol_4,bid_px_5,bid_vol_5,bid_px_6,bid_vol_6,bid_px_7,bid_vol_7,bid_px_8,bid_vol_8,bid_px_9,bid_vol_9,ask_px_0,ask_vol_0,ask_px_1,ask_vol_1,ask_px_2,ask_vol_2,ask_px_3,ask_vol_3,ask_px_4,ask_vol_4,ask_px_5,ask_vol_5,ask_px_6,ask_vol_6,ask_px_7,ask_vol_7,ask_px_8,ask_vol_8,ask_px_9,ask_vol_9
2026-07-10T01:00:00.333934+00:00,2026-07-10T01:00:00.338412,1,3,112.65,0.3,112.5,282,,,,,,,,,,,,,,,,,,,112.8,7,113.0,250,113.2,40,,,,,,,,,,,,,,
2026-07-10T01:00:00.542991+00:00,2026-07-10T01:00:00.497969,1,3,112.65,0.3,112.5,282,,,,,,,,,,,,,,,,,,,112.8,7,113.0,250,113.1,40,,,,,,,,,,,,,,
2026-07-10T01:00:00.686787+00:00,2026-07-10T01:00:00.686746,1,3,112.65,0.3,112.5,232,,,,,,,,,,,,,,,,,,,112.8,7,113.0,250,113.1,40,,,,,,,,,,,,,,
2026-07-10T01:00:00.761333+00:00,2026-07-10T01:00:00.759555,1,3,112.65,0.3,112.5,227,,,,,,,,,,,,,,,,,,,112.8,2,113.0,250,113.1,40,,,,,,,,,,,,,,
2026-07-10T01:00:00.772797+00:00,2026-07-10T01:00:00.772937,1,3,112.65,0.3,112.5,232,,,,,,,,,,,,,,,,,,,112.8,7,113.0,250,113.1,40,,,,,,,,,,,,,,
2026-07-10T01:00:01.563644+00:00,2026-07-10T01:00:01.559323,1,2,112.65,0.3,112.5,206,,,,,,,,,,,,,,,,,,,112.8,7,113.0,250,,,,,,,,,,,,,,,,
2026-07-10T01:00:01.574085+00:00,2026-07-10T01:00:01.573905,1,2,112.65,0.3,112.5,206,,,,,,,,,,,,,,,,,,,112.8,7,113.0,290,,,,,,,,,,,,,,,,
2026-07-10T01:00:01.631030+00:00,2026-07-10T01:00:01.630898,1,2,112.65,0.3,112.5,162,,,,,,,,,,,,,,,,,,,112.8,7,113.0,290,,,,,,,,,,,,,,,,
2026-07-10T01:00:01.833629+00:00,2026-07-10T01:00:01.819594,2,2,112.65,0.3,112.5,156,112.3,26,,,,,,,,,,,,,,,,,112.8,7,113.0,190,,,,,,,,,,,,,,,,
2026-07-10T01:00:01.883703+00:00,2026-07-10T01:00:01.883571,3,2,112.65,0.3,112.5,156,112.3,26,112.1,100,,,,,,,,,,,,,,,112.8,7,113.0,190,,,,,,,,,,,,,,,,
2026-07-10T01:00:01.938973+00:00,2026-07-10T01:00:01.939068,3,3,112.55,0.1,112.5,156,112.3,26,112.1,100,,,,,,,,,,,,,,,112.6,100,112.8,7,113.0,190,,,,,,,,,,,,,,
2026-07-10T01:00:02.339454+00:00,2026-07-10T01:00:02.339594,3,3,112.55,0.1,112.5,6,112.3,26,112.1,100,,,,,,,,,,,,,,,112.6,100,112.8,7,113.0,40,,,,,,,,,,,,,,
2026-07-10T01:00:02.397492+00:00,2026-07-10T01:00:02.397307,4,3,112.55,0.1,112.5,6,112.4,150,112.3,26,112.1,100,,,,,,,,,,,,,112.6,100,112.8,7,113.0,40,,,,,,,,,,,,,,
2026-07-10T01:00:02.450593+00:00,2026-07-10T01:00:02.450442,4,4,112.55,0.1,112.5,6,112.4,150,112.3,26,112.1,100,,,,,,,,,,,,,112.6,100,112.8,7,112.9,150,113.0,40,,,,,,,,,,,,
2026-07-10T01:00:02.798739+00:00,2026-07-10T01:00:02.798633,3,4,112.5,0.2,112.4,106,112.3,26,112.1,100,,,,,,,,,,,,,,,112.6,100,112.8,7,112.9,150,113.0,40,,,,,,,,,,,,
2026-07-10T01:00:02.819586+00:00,2026-07-10T01:00:02.819476,3,4,112.5,0.2,112.4,106,112.3,26,112.1,100,,,,,,,,,,,,,,,112.6,100,112.8,2,112.9,150,113.0,40,,,,,,,,,,,,
2026-07-10T01:00:02.824756+00:00,2026-07-10T01:00:02.824675,3,4,112.5,0.2,112.4,111,112.3,26,112.1,100,,,,,,,,,,,,,,,112.6,100,112.8,2,112.9,150,113.0,40,,,,,,,,,,,,
2026-07-10T01:00:02.829767+00:00,2026-07-10T01:00:02.829858,3,4,112.5,0.2,112.4,111,112.3,26,112.1,100,,,,,,,,,,,,,,,112.6,105,112.8,2,112.9,150,113.0,40,,,,,,,,,,,,
2026-07-10T01:00:03.329342+00:00,2026-07-10T01:00:03.329258,4,4,112.55,0.1,112.5,3,112.4,111,112.3,26,112.1,100,,,,,,,,,,,,,112.6,105,112.8,2,112.9,150,113.0,40,,,,,,,,,,,,
2026-07-10T01:00:03.845799+00:00,2026-07-10T01:00:03.845724,4,4,112.55,0.1,112.5,3,112.4,106,112.3,26,112.1,100,,,,,,,,,,,,,112.6,105,112.8,2,112.9,150,113.0,40,,,,,,,,,,,,
2026-07-10T01:00:03.850789+00:00,2026-07-10T01:00:03.850898,4,4,112.55,0.1,112.5,3,112.4,106,112.3,26,112.1,100,,,,,,,,,,,,,112.6,100,112.8,2,112.9,150,113.0,40,,,,,,,,,,,,
2026-07-10T01:00:03.858750+00:00,2026-07-10T01:00:03.856160,4,4,112.55,0.1,112.5,8,112.4,106,112.3,26,112.1,100,,,,,,,,,,,,,112.6,105,112.8,2,112.9,150,113.0,40,,,,,,,,,,,,
2026-07-10T01:00:04.038642+00:00,2026-07-10T01:00:04.031160,4,4,112.55,0.1,112.5,8,112.4,106,112.3,26,112.1,100,,,,,,,,,,,,,112.6,102,112.8,2,112.9,150,113.0,40,,,,,,,,,,,,
2026-07-10T01:00:04.164820+00:00,2026-07-10T01:00:04.164679,3,4,112.55,0.1,112.5,8,112.4,106,112.1,100,,,,,,,,,,,,,,,112.6,102,112.8,2,112.9,150,113.0,40,,,,,,,,,,,,
2026-07-10T01:00:04.197366+00:00,2026-07-10T01:00:04.197293,3,4,112.55,0.1,112.5,8,112.4,106,112.1,100,,,,,,,,,,,,,,,112.6,77,112.8,2,112.9,150,113.0,40,,,,,,,,,,,,
2026-07-10T01:00:04.319472+00:00,2026-07-10T01:00:04.319558,3,4,112.55,0.1,112.5,8,112.4,132,112.1,100,,,,,,,,,,,,,,,112.6,77,112.8,2,112.9,150,113.0,40,,,,,,,,,,,,
2026-07-10T01:00:04.451067+00:00,2026-07-10T01:00:04.450881,3,4,112.55,0.1,112.5,8,112.4,132,112.1,100,,,,,,,,,,,,,,,112.6,77,112.8,1,112.9,150,113.0,40,,,,,,,,,,,,
2026-07-10T01:00:04.879674+00:00,2026-07-10T01:00:04.879578,3,4,112.55,0.1,112.5,3,112.4,132,112.1,100,,,,,,,,,,,,,,,112.6,72,112.8,1,112.9,150,113.0,40,,,,,,,,,,,,
2026-07-10T01:00:04.884800+00:00,2026-07-10T01:00:04.884741,3,4,112.55,0.1,112.5,8,112.4,132,112.1,100,,,,,,,,,,,,,,,112.6,72,112.8,1,112.9,150,113.0,40,,,,,,,,,,,,
2026-07-10T01:00:04.889987+00:00,2026-07-10T01:00:04.889950,3,4,112.55,0.1,112.5,8,112.4,132,112.1,100,,,,,,,,,,,,,,,112.6,77,112.8,1,112.9,150,113.0,40,,,,,,,,,,,,
2026-07-10T01:00:04.916337+00:00,2026-07-10T01:00:04.916097,2,4,112.5,0.2,112.4,90,112.1,100,,,,,,,,,,,,,,,,,112.6,77,112.8,1,112.9,150,113.0,40,,,,,,,,,,,,
2026-07-10T01:00:04.995942+00:00,2026-07-10T01:00:04.995874,1,4,112.5,0.2,112.4,90,,,,,,,,,,,,,,,,,,,112.6,5,112.8,1,112.9,150,113.0,40,,,,,,,,,,,,
2026-07-10T01:00:05.050498+00:00,2026-07-10T01:00:05.050679,2,4,112.5,0.2,112.4,90,112.3,100,,,,,,,,,,,,,,,,,112.6,5,112.8,1,112.9,150,113.0,40,,,,,,,,,,,,
2026-07-10T01:00:05.107452+00:00,2026-07-10T01:00:05.107302,2,4,112.5,0.2,112.4,90,112.3,100,,,,,,,,,,,,,,,,,112.6,5,112.8,101,112.9,150,113.0,40,,,,,,,,,,,,
2026-07-10T01:00:05.220815+00:00,2026-07-10T01:00:05.220727,2,4,112.5,0.2,112.4,90,112.3,100,,,,,,,,,,,,,,,,,112.6,5,112.8,100,112.9,150,113.0,40,,,,,,,,,,,,
2026-07-10T01:00:05.382434+00:00,2026-07-10T01:00:05.382319,2,4,112.5,0.2,112.4,64,112.3,100,,,,,,,,,,,,,,,,,112.6,5,112.8,100,112.9,150,113.0,40,,,,,,,,,,,,
2026-07-10T01:00:05.508495+00:00,2026-07-10T01:00:05.508374,1,3,112.45,0.3,112.3,100,,,,,,,,,,,,,,,,,,,112.6,5,112.8,100,113.0,40,,,,,,,,,,,,,,
2026-07-10T01:00:05.537215+00:00,2026-07-10T01:00:05.536984,1,3,112.45,0.3,112.3,126,,,,,,,,,,,,,,,,,,,112.6,5,112.8,100,113.0,40,,,,,,,,,,,,,,
2026-07-10T01:00:05.564640+00:00,2026-07-10T01:00:05.564482,2,3,112.45,0.3,112.3,126,112.1,150,,,,,,,,,,,,,,,,,112.6,5,112.8,100,113.0,40,,,,,,,,,,,,,,
2026-07-10T01:00:05.616834+00:00,2026-07-10T01:00:05.616712,2,3,112.45,0.3,112.3,126,112.1,150,,,,,,,,,,,,,,,,,112.6,155,112.8,100,113.0,40,,,,,,,,,,,,,,
2026-07-10T01:00:05.699943+00:00,2026-07-10T01:00:05.699828,2,3,112.45,0.3,112.3,100,112.1,150,,,,,,,,,,,,,,,,,112.6,155,112.8,100,113.0,40,,,,,,,,,,,,,,
2026-07-10T01:00:05.780466+00:00,2026-07-10T01:00:05.780396,3,3,112.55,0.1,112.5,5,112.3,100,112.1,150,,,,,,,,,,,,,,,112.6,155,112.8,100,113.0,40,,,,,,,,,,,,,,
2026-07-10T01:00:05.854656+00:00,2026-07-10T01:00:05.854605,4,3,112.55,0.1,112.5,5,112.3,100,112.2,26,112.1,150,,,,,,,,,,,,,112.6,155,112.8,100,113.0,40,,,,,,,,,,,,,,
2026-07-10T01:00:05.909482+00:00,2026-07-10T01:00:05.909358,4,3,112.55,0.1,112.5,5,112.3,100,112.2,26,112.1,150,,,,,,,,,,,,,112.6,150,112.8,100,113.0,40,,,,,,,,,,,,,,
2026-07-10T01:00:05.914697+00:00,2026-07-10T01:00:05.914570,4,3,112.55,0.1,112.5,9,112.3,100,112.2,26,112.1,150,,,,,,,,,,,,,112.6,154,112.8,100,113.0,40,,,,,,,,,,,,,,
2026-07-10T01:00:06.321763+00:00,2026-07-10T01:00:06.321732,3,3,112.55,0.1,112.5,9,112.3,100,112.1,150,,,,,,,,,,,,,,,112.6,154,112.8,100,113.0,40,,,,,,,,,,,,,,
2026-07-10T01:00:06.471617+00:00,2026-07-10T01:00:06.471527,3,3,112.55,0.1,112.5,9,112.3,126,112.1,150,,,,,,,,,,,,,,,112.6,154,112.8,100,113.0,40,,,,,,,,,,,,,,
2026-07-10T01:00:06.940806+00:00,2026-07-10T01:00:06.940665,3,3,112.55,0.1,112.5,5,112.3,126,112.1,150,,,,,,,,,,,,,,,112.6,154,112.8,100,113.0,40,,,,,,,,,,,,,,
2026-07-10T01:00:06.945921+00:00,2026-07-10T01:00:06.945887,3,3,112.55,0.1,112.5,9,112.3,126,112.1,150,,,,,,,,,,,,,,,112.6,150,112.8,100,113.0,40,,,,,,,,,,,,,,
2026-07-10T01:00:06.951185+00:00,2026-07-10T01:00:06.951076,3,3,112.55,0.1,112.5,9,112.3,126,112.1,150,,,,,,,,,,,,,,,112.6,154,112.8,100,113.0,40,,,,,,,,,,,,,,
2026-07-10T01:00:07.026710+00:00,2026-07-10T01:00:07.026618,2,3,112.45,0.3,112.3,85,112.1,150,,,,,,,,,,,,,,,,,112.6,154,112.8,100,113.0,40,,,,,,,,,,,,,,
2026-07-10T01:00:07.158542+00:00,2026-07-10T01:00:07.158350,2,3,112.45,0.3,112.3,44,112.1,150,,,,,,,,,,,,,,,,,112.6,154,112.8,100,113.0,40,,,,,,,,,,,,,,
2026-07-10T01:00:07.967289+00:00,2026-07-10T01:00:07.967223,2,3,112.45,0.3,112.3,44,112.1,150,,,,,,,,,,,,,,,,,112.6,150,112.8,100,113.0,40,,,,,,,,,,,,,,
2026-07-10T01:00:07.972479+00:00,2026-07-10T01:00:07.972424,2,3,112.45,0.3,112.3,48,112.1,150,,,,,,,,,,,,,,,,,112.6,154,112.8,100,113.0,40,,,,,,,,,,,,,,
2026-07-10T01:00:08.004344+00:00,2026-07-10T01:00:07.993315,2,3,112.45,0.3,112.3,48,112.1,150,,,,,,,,,,,,,,,,,112.6,143,112.8,100,113.0,40,,,,,,,,,,,,,,
2026-07-10T01:00:08.057148+00:00,2026-07-10T01:00:08.057095,2,3,112.45,0.3,112.3,48,112.1,150,,,,,,,,,,,,,,,,,112.6,118,112.8,100,113.0,40,,,,,,,,,,,,,,
2026-07-10T01:00:08.142220+00:00,2026-07-10T01:00:08.142115,2,2,112.45,0.3,112.3,22,112.1,150,,,,,,,,,,,,,,,,,112.6,118,112.8,100,,,,,,,,,,,,,,,,
2026-07-10T01:00:08.147197+00:00,2026-07-10T01:00:08.147289,2,3,112.45,0.3,112.3,22,112.1,150,,,,,,,,,,,,,,,,,112.6,118,112.8,100,113.1,40,,,,,,,,,,,,,,
2026-07-10T01:00:08.158555+00:00,2026-07-10T01:00:08.158148,2,2,112.45,0.3,112.3,4,112.1,150,,,,,,,,,,,,,,,,,112.6,118,113.1,40,,,,,,,,,,,,,,,,
2026-07-10T01:00:08.209911+00:00,2026-07-10T01:00:08.209881,2,2,112.45,0.3,112.3,4,112.1,150,,,,,,,,,,,,,,,,,112.6,69,113.1,40,,,,,,,,,,,,,,,,
2026-07-10T01:00:08.220221+00:00,2026-07-10T01:00:08.220321,2,2,112.45,0.3,112.3,4,112.1,250,,,,,,,,,,,,,,,,,112.6,69,113.1,40,,,,,,,,,,,,,,,,
2026-07-10T01:00:08.275387+00:00,2026-07-10T01:00:08.275281,2,2,112.45,0.3,112.3,4,112.1,250,,,,,,,,,,,,,,,,,112.6,169,113.1,40,,,,,,,,,,,,,,,,
2026-07-10T01:00:08.312891+00:00,2026-07-10T01:00:08.313028,3,2,112.5,0.2,112.4,26,112.3,4,112.1,250,,,,,,,,,,,,,,,112.6,169,113.1,40,,,,,,,,,,,,,,,,
2026-07-10T01:00:08.671183+00:00,2026-07-10T01:00:08.671084,3,2,112.5,0.2,112.4,26,112.3,4,112.1,100,,,,,,,,,,,,,,,112.6,104,113.1,40,,,,,,,,,,,,,,,,
2026-07-10T01:00:08.726100+00:00,2026-07-10T01:00:08.726321,4,1,112.85,0.5,112.6,46,112.4,26,112.3,4,112.1,100,,,,,,,,,,,,,113.1,40,,,,,,,,,,,,,,,,,,
2026-07-10T01:00:08.768809+00:00,2026-07-10T01:00:08.768706,3,1,112.85,0.5,112.6,46,112.3,4,112.1,100,,,,,,,,,,,,,,,113.1,40,,,,,,,,,,,,,,,,,,
2026-07-10T01:00:08.784528+00:00,2026-07-10T01:00:08.784436,3,1,112.85,0.5,112.6,46,112.3,4,112.1,100,,,,,,,,,,,,,,,113.1,190,,,,,,,,,,,,,,,,,,
2026-07-10T01:00:08.939449+00:00,2026-07-10T01:00:08.939552,4,1,112.85,0.5,112.6,46,112.5,26,112.3,4,112.1,100,,,,,,,,,,,,,113.1,190,,,,,,,,,,,,,,,,,,
2026-07-10T01:00:08.991270+00:00,2026-07-10T01:00:08.991404,3,1,112.85,0.5,112.6,50,112.5,26,112.1,100,,,,,,,,,,,,,,,113.1,190,,,,,,,,,,,,,,,,,,
2026-07-10T01:00:08.996793+00:00,2026-07-10T01:00:08.996613,3,1,112.85,0.5,112.6,50,112.5,26,112.1,100,,,,,,,,,,,,,,,113.1,194,,,,,,,,,,,,,,,,,,
2026-07-10T01:00:09.134671+00:00,2026-07-10T01:00:09.134552,2,1,112.8,0.6,112.5,26,112.1,100,,,,,,,,,,,,,,,,,113.1,194,,,,,,,,,,,,,,,,,,
2026-07-10T01:00:09.243112+00:00,2026-07-10T01:00:09.243088,1,1,112.6,1.0,112.1,100,,,,,,,,,,,,,,,,,,,113.1,194,,,,,,,,,,,,,,,,,,
2026-07-10T01:00:09.400625+00:00,2026-07-10T01:00:09.400506,2,1,112.65,0.9,112.2,26,112.1,100,,,,,,,,,,,,,,,,,113.1,154,,,,,,,,,,,,,,,,,,
2026-07-10T01:00:09.405792+00:00,2026-07-10T01:00:09.405678,2,2,112.6,0.8,112.2,26,112.1,100,,,,,,,,,,,,,,,,,113.0,40,113.1,154,,,,,,,,,,,,,,,,
2026-07-10T01:00:09.974595+00:00,2026-07-10T01:00:09.974452,3,2,112.7,0.6,112.4,4,112.2,26,112.1,100,,,,,,,,,,,,,,,113.0,40,113.1,154,,,,,,,,,,,,,,,,
2026-07-10T01:00:10.013956+00:00,2026-07-10T01:00:10.013866,3,2,112.7,0.6,112.4,8,112.2,26,112.1,100,,,,,,,,,,,,,,,113.0,40,113.1,150,,,,,,,,,,,,,,,,
2026-07-10T01:00:10.030703+00:00,2026-07-10T01:00:10.025185,2,3,112.65,0.5,112.4,8,112.1,100,,,,,,,,,,,,,,,,,112.9,40,113.0,4,113.1,150,,,,,,,,,,,,,,
2026-07-10T01:00:10.194896+00:00,2026-07-10T01:00:10.194839,3,3,112.65,0.5,112.4,8,112.3,26,112.1,100,,,,,,,,,,,,,,,112.9,40,113.0,4,113.1,150,,,,,,,,,,,,,,
2026-07-10T01:00:10.658657+00:00,2026-07-10T01:00:10.648798,2,2,112.7,0.6,112.4,8,112.1,100,,,,,,,,,,,,,,,,,113.0,4,113.1,190,,,,,,,,,,,,,,,,
2026-07-10T01:00:10.809892+00:00,2026-07-10T01:00:10.809828,3,2,112.75,0.5,112.5,26,112.4,8,112.1,100,,,,,,,,,,,,,,,113.0,4,113.1,190,,,,,,,,,,,,,,,,
2026-07-10T01:00:11.075457+00:00,2026-07-10T01:00:11.075404,3,2,112.75,0.5,112.5,26,112.4,4,112.1,100,,,,,,,,,,,,,,,113.0,4,113.1,190,,,,,,,,,,,,,,,,
2026-07-10T01:00:11.080624+00:00,2026-07-10T01:00:11.080584,3,1,112.8,0.6,112.5,26,112.4,4,112.1,100,,,,,,,,,,,,,,,113.1,190,,,,,,,,,,,,,,,,,,
2026-07-10T01:00:11.085903+00:00,2026-07-10T01:00:11.085812,3,2,112.75,0.5,112.5,30,112.4,4,112.1,100,,,,,,,,,,,,,,,113.0,4,113.1,190,,,,,,,,,,,,,,,,
2026-07-10T01:00:11.250415+00:00,2026-07-10T01:00:11.250287,1,2,112.55,0.9,112.1,84,,,,,,,,,,,,,,,,,,,113.0,4,113.1,190,,,,,,,,,,,,,,,,
2026-07-10T01:00:11.289395+00:00,2026-07-10T01:00:11.289527,1,2,112.55,0.9,112.1,84,,,,,,,,,,,,,,,,,,,113.0,4,113.1,150,,,,,,,,,,,,,,,,
2026-07-10T01:00:11.294844+00:00,2026-07-10T01:00:11.294824,1,2,112.55,0.9,112.1,84,,,,,,,,,,,,,,,,,,,113.0,44,113.1,150,,,,,,,,,,,,,,,,
2026-07-10T01:00:11.334396+00:00,2026-07-10T01:00:11.334242,0,2,,,,,,,,,,,,,,,,,,,,,,,113.0,44,113.1,150,,,,,,,,,,,,,,,,
2026-07-10T01:00:11.385207+00:00,2026-07-10T01:00:11.385070,0,2,,,,,,,,,,,,,,,,,,,,,,,113.0,2,113.1,150,,,,,,,,,,,,,,,,
2026-07-10T01:00:11.390396+00:00,2026-07-10T01:00:11.390304,1,2,112.7,0.6,112.4,100,,,,,,,,,,,,,,,,,,,113.0,2,113.1,150,,,,,,,,,,,,,,,,
2026-07-10T01:00:11.458577+00:00,2026-07-10T01:00:11.449648,1,3,112.65,0.5,112.4,100,,,,,,,,,,,,,,,,,,,112.9,100,113.0,2,113.1,150,,,,,,,,,,,,,,
2026-07-10T01:00:11.463894+00:00,2026-07-10T01:00:11.463810,2,3,112.7,0.4,112.5,38,112.4,100,,,,,,,,,,,,,,,,,112.9,100,113.0,2,113.1,150,,,,,,,,,,,,,,
2026-07-10T01:00:11.469072+00:00,2026-07-10T01:00:11.468976,2,2,112.7,0.4,112.5,38,112.4,100,,,,,,,,,,,,,,,,,112.9,100,113.1,150,,,,,,,,,,,,,,,,
2026-07-10T01:00:11.474284+00:00,2026-07-10T01:00:11.474154,2,3,112.7,0.4,112.5,38,112.4,100,,,,,,,,,,,,,,,,,112.9,100,113.1,150,113.2,40,,,,,,,,,,,,,,
2026-07-10T01:00:11.652130+00:00,2026-07-10T01:00:11.652037,2,2,112.7,0.4,112.5,38,112.4,100,,,,,,,,,,,,,,,,,112.9,100,113.1,150,,,,,,,,,,,,,,,,
2026-07-10T01:00:11.658587+00:00,2026-07-10T01:00:11.657819,2,3,112.7,0.4,112.5,38,112.4,100,,,,,,,,,,,,,,,,,112.9,100,113.1,150,113.3,40,,,,,,,,,,,,,,
2026-07-10T01:00:11.836480+00:00,2026-07-10T01:00:11.836614,2,2,112.7,0.4,112.5,38,112.4,100,,,,,,,,,,,,,,,,,112.9,100,113.3,40,,,,,,,,,,,,,,,,
2026-07-10T01:00:11.890958+00:00,2026-07-10T01:00:11.890829,3,2,112.7,0.4,112.5,38,112.4,100,112.0,150,,,,,,,,,,,,,,,112.9,100,113.3,40,,,,,,,,,,,,,,,,
2026-07-10T01:00:11.946951+00:00,2026-07-10T01:00:11.946907,2,3,112.45,0.1,112.4,100,112.0,150,,,,,,,,,,,,,,,,,112.5,112,112.9,100,113.3,40,,,,,,,,,,,,,,
2026-07-10T01:00:11.979242+00:00,2026-07-10T01:00:11.979174,2,2,112.45,0.1,112.4,100,112.0,150,,,,,,,,,,,,,,,,,112.5,112,112.9,100,,,,,,,,,,,,,,,,
2026-07-10T01:00:11.989806+00:00,2026-07-10T01:00:11.989595,2,3,112.45,0.1,112.4,100,112.0,150,,,,,,,,,,,,,,,,,112.5,112,112.9,100,113.0,40,,,,,,,,,,,,,,
2026-07-10T01:00:12.005327+00:00,2026-07-10T01:00:12.005292,2,3,112.45,0.1,112.4,100,112.0,150,,,,,,,,,,,,,,,,,112.5,68,112.9,100,113.0,40,,,,,,,,,,,,,,
2026-07-10T01:00:12.072244+00:00,2026-07-10T01:00:12.072156,2,3,112.45,0.1,112.4,105,112.0,150,,,,,,,,,,,,,,,,,112.5,68,112.9,100,113.0,40,,,,,,,,,,,,,,
2026-07-10T01:00:12.099493+00:00,2026-07-10T01:00:12.099426,2,3,112.45,0.1,112.4,109,112.0,150,,,,,,,,,,,,,,,,,112.5,68,112.9,100,113.0,40,,,,,,,,,,,,,,
2026-07-10T01:00:12.104732+00:00,2026-07-10T01:00:12.104631,2,3,112.45,0.1,112.4,109,112.0,150,,,,,,,,,,,,,,,,,112.5,72,112.9,100,113.0,40,,,,,,,,,,,,,,
2026-07-10T01:00:13.121450+00:00,2026-07-10T01:00:13.121361,2,3,112.45,0.1,112.4,105,112.0,150,,,,,,,,,,,,,,,,,112.5,68,112.9,100,113.0,40,,,,,,,,,,,,,,
2026-07-10T01:00:13.126669+00:00,2026-07-10T01:00:13.126643,2,3,112.45,0.1,112.4,109,112.0,150,,,,,,,,,,,,,,,,,112.5,68,112.9,100,113.0,40,,,,,,,,,,,,,,
2026-07-10T01:00:13.131895+00:00,2026-07-10T01:00:13.131835,2,3,112.45,0.1,112.4,109,112.0,150,,,,,,,,,,,,,,,,,112.5,72,112.9,100,113.0,40,,,,,,,,,,,,,,
2026-07-10T01:00:13.363952+00:00,2026-07-10T01:00:13.363812,2,3,112.45,0.1,112.4,59,112.0,150,,,,,,,,,,,,,,,,,112.5,72,112.9,100,113.0,40,,,,,,,,,,,,,,
2026-07-10T01:00:14.149325+00:00,2026-07-10T01:00:14.149217,2,3,112.45,0.1,112.4,55,112.0,150,,,,,,,,,,,,,,,,,112.5,72,112.9,100,113.0,40,,,,,,,,,,,,,,
2026-07-10T01:00:14.154473+00:00,2026-07-10T01:00:14.154447,2,3,112.45,0.1,112.4,59,112.0,150,,,,,,,,,,,,,,,,,112.5,68,112.9,100,113.0,40,,,,,,,,,,,,,,
2026-07-10T01:00:14.159721+00:00,2026-07-10T01:00:14.159619,2,3,112.45,0.1,112.4,59,112.0,150,,,,,,,,,,,,,,,,,112.5,72,112.9,100,113.0,40,,,,,,,,,,,,,,
2026-07-10T01:00:14.502219+00:00,2026-07-10T01:00:14.502131,2,2,112.45,0.1,112.4,9,112.0,150,,,,,,,,,,,,,,,,,112.5,72,113.0,40,,,,,,,,,,,,,,,,
2026-07-10T01:00:14.558620+00:00,2026-07-10T01:00:14.549639,3,2,112.45,0.1,112.4,9,112.1,100,112.0,150,,,,,,,,,,,,,,,112.5,72,113.0,40,,,,,,,,,,,,,,,,
2026-07-10T01:00:14.608829+00:00,2026-07-10T01:00:14.604325,3,3,112.45,0.1,112.4,9,112.1,100,112.0,150,,,,,,,,,,,,,,,112.5,72,112.6,100,113.0,40,,,,,,,,,,,,,,
2026-07-10T01:00:15.002102+00:00,2026-07-10T01:00:15.002256,2,3,112.45,0.1,112.4,9,112.1,100,,,,,,,,,,,,,,,,,112.5,4,112.6,100,113.0,40,,,,,,,,,,,,,,
2026-07-10T01:00:15.013803+00:00,2026-07-10T01:00:15.013711,2,2,112.45,0.1,112.4,9,112.1,100,,,,,,,,,,,,,,,,,112.5,4,112.6,100,,,,,,,,,,,,,,,,
2026-07-10T01:00:15.018934+00:00,2026-07-10T01:00:15.018884,2,3,112.45,0.1,112.4,9,112.1,100,,,,,,,,,,,,,,,,,112.5,4,112.6,100,112.8,40,,,,,,,,,,,,,,
2026-07-10T01:00:15.058686+00:00,2026-07-10T01:00:15.056857,2,3,112.45,0.1,112.4,9,112.1,250,,,,,,,,,,,,,,,,,112.5,4,112.6,100,112.8,40,,,,,,,,,,,,,,
2026-07-10T01:00:15.110308+00:00,2026-07-10T01:00:15.110268,2,3,112.45,0.1,112.4,9,112.1,250,,,,,,,,,,,,,,,,,112.5,4,112.6,250,112.8,40,,,,,,,,,,,,,,
2026-07-10T01:00:15.176421+00:00,2026-07-10T01:00:15.176572,2,2,112.5,0.2,112.4,5,112.1,250,,,,,,,,,,,,,,,,,112.6,250,112.8,40,,,,,,,,,,,,,,,,
2026-07-10T01:00:15.181895+00:00,2026-07-10T01:00:15.181827,2,3,112.45,0.1,112.4,9,112.1,250,,,,,,,,,,,,,,,,,112.5,4,112.6,250,112.8,40,,,,,,,,,,,,,,
2026-07-10T01:00:15.474627+00:00,2026-07-10T01:00:15.474716,1,3,112.3,0.4,112.1,209,,,,,,,,,,,,,,,,,,,112.5,4,112.6,250,112.8,40,,,,,,,,,,,,,,
2026-07-10T01:00:15.485272+00:00,2026-07-10T01:00:15.485106,2,3,112.45,0.1,112.4,6,112.1,209,,,,,,,,,,,,,,,,,112.5,4,112.6,250,112.8,40,,,,,,,,,,,,,,
2026-07-10T01:00:16.199183+00:00,2026-07-10T01:00:16.199143,2,2,112.5,0.2,112.4,6,112.1,209,,,,,,,,,,,,,,,,,112.6,250,112.8,40,,,,,,,,,,,,,,,,
2026-07-10T01:00:16.223788+00:00,2026-07-10T01:00:16.223965,2,2,112.5,0.2,112.4,10,112.1,209,,,,,,,,,,,,,,,,,112.6,250,112.8,40,,,,,,,,,,,,,,,,
2026-07-10T01:00:16.229302+00:00,2026-07-10T01:00:16.229204,2,3,112.45,0.1,112.4,10,112.1,209,,,,,,,,,,,,,,,,,112.5,4,112.6,250,112.8,40,,,,,,,,,,,,,,
2026-07-10T01:00:17.251113+00:00,2026-07-10T01:00:17.251256,2,2,112.5,0.2,112.4,6,112.1,209,,,,,,,,,,,,,,,,,112.6,250,112.8,40,,,,,,,,,,,,,,,,
2026-07-10T01:00:17.258586+00:00,2026-07-10T01:00:17.256517,2,3,112.45,0.1,112.4,10,112.1,209,,,,,,,,,,,,,,,,,112.5,4,112.6,250,112.8,40,,,,,,,,,,,,,,
2026-07-10T01:00:17.658634+00:00,2026-07-10T01:00:17.657792,2,3,112.45,0.1,112.4,10,112.1,209,,,,,,,,,,,,,,,,,112.5,4,112.6,150,112.8,40,,,,,,,,,,,,,,
2026-07-10T01:00:17.669471+00:00,2026-07-10T01:00:17.669382,2,3,112.45,0.1,112.4,10,112.1,150,,,,,,,,,,,,,,,,,112.5,4,112.6,150,112.8,40,,,,,,,,,,,,,,
2026-07-10T01:00:17.716727+00:00,2026-07-10T01:00:17.716673,3,3,112.45,0.1,112.4,10,112.1,150,111.9,100,,,,,,,,,,,,,,,112.5,4,112.6,150,112.8,40,,,,,,,,,,,,,,
2026-07-10T01:00:17.786259+00:00,2026-07-10T01:00:17.786123,2,4,112.25,0.3,112.1,150,111.9,100,,,,,,,,,,,,,,,,,112.4,90,112.5,4,112.6,150,112.8,40,,,,,,,,,,,,
2026-07-10T01:00:17.803554+00:00,2026-07-10T01:00:17.803748,3,4,112.35,0.1,112.3,5,112.1,150,111.9,100,,,,,,,,,,,,,,,112.4,90,112.5,4,112.6,150,112.8,40,,,,,,,,,,,,
2026-07-10T01:00:18.160175+00:00,2026-07-10T01:00:18.160072,3,3,112.35,0.1,112.3,5,112.1,150,111.9,100,,,,,,,,,,,,,,,112.4,90,112.5,4,112.8,40,,,,,,,,,,,,,,
2026-07-10T01:00:18.165353+00:00,2026-07-10T01:00:18.165283,2,3,112.35,0.1,112.3,5,111.9,100,,,,,,,,,,,,,,,,,112.4,90,112.5,4,112.8,40,,,,,,,,,,,,,,
2026-07-10T01:00:18.215032+00:00,2026-07-10T01:00:18.214996,3,3,112.35,0.1,112.3,5,112.1,150,111.9,100,,,,,,,,,,,,,,,112.4,90,112.5,4,112.8,40,,,,,,,,,,,,,,
2026-07-10T01:00:18.270733+00:00,2026-07-10T01:00:18.270652,3,4,112.35,0.1,112.3,5,112.1,150,111.9,100,,,,,,,,,,,,,,,112.4,90,112.5,4,112.6,150,112.8,40,,,,,,,,,,,,
2026-07-10T01:00:18.317983+00:00,2026-07-10T01:00:18.317889,3,3,112.35,0.1,112.3,5,112.1,150,111.9,100,,,,,,,,,,,,,,,112.4,90,112.6,150,112.8,40,,,,,,,,,,,,,,
2026-07-10T01:00:18.323305+00:00,2026-07-10T01:00:18.323185,3,3,112.35,0.1,112.3,9,112.1,150,111.9,100,,,,,,,,,,,,,,,112.4,94,112.6,150,112.8,40,,,,,,,,,,,,,,
2026-07-10T01:00:19.342031+00:00,2026-07-10T01:00:19.341974,3,3,112.35,0.1,112.3,5,112.1,150,111.9,100,,,,,,,,,,,,,,,112.4,90,112.6,150,112.8,40,,,,,,,,,,,,,,
2026-07-10T01:00:19.347325+00:00,2026-07-10T01:00:19.347218,3,3,112.35,0.1,112.3,9,112.1,150,111.9,100,,,,,,,,,,,,,,,112.4,94,112.6,150,112.8,40,,,,,,,,,,,,,,
2026-07-10T01:00:19.634382+00:00,2026-07-10T01:00:19.634257,3,3,112.35,0.1,112.3,9,112.1,150,111.9,100,,,,,,,,,,,,,,,112.4,44,112.6,150,112.8,40,,,,,,,,,,,,,,
2026-07-10T01:00:19.958557+00:00,2026-07-10T01:00:19.956474,2,3,112.25,0.3,112.1,114,111.9,100,,,,,,,,,,,,,,,,,112.4,44,112.6,150,112.8,40,,,,,,,,,,,,,,
2026-07-10T01:00:19.982956+00:00,2026-07-10T01:00:19.982788,3,3,112.35,0.1,112.3,6,112.1,114,111.9,100,,,,,,,,,,,,,,,112.4,44,112.6,150,112.8,40,,,,,,,,,,,,,,
2026-07-10T01:00:20.369886+00:00,2026-07-10T01:00:20.369730,3,3,112.35,0.1,112.3,10,112.1,114,111.9,100,,,,,,,,,,,,,,,112.4,40,112.6,150,112.8,40,,,,,,,,,,,,,,
2026-07-10T01:00:20.375133+00:00,2026-07-10T01:00:20.375015,3,3,112.35,0.1,112.3,10,112.1,114,111.9,100,,,,,,,,,,,,,,,112.4,44,112.6,150,112.8,40,,,,,,,,,,,,,,
2026-07-10T01:00:20.484254+00:00,2026-07-10T01:00:20.484404,3,3,112.35,0.1,112.3,9,112.1,114,111.9,100,,,,,,,,,,,,,,,112.4,44,112.6,150,112.8,40,,,,,,,,,,,,,,
2026-07-10T01:00:20.530620+00:00,2026-07-10T01:00:20.530480,3,2,112.45,0.3,112.3,9,112.1,114,111.9,100,,,,,,,,,,,,,,,112.6,150,112.8,40,,,,,,,,,,,,,,,,
2026-07-10T01:00:20.835314+00:00,2026-07-10T01:00:20.835260,2,2,112.45,0.3,112.3,9,112.1,114,,,,,,,,,,,,,,,,,112.6,150,112.8,40,,,,,,,,,,,,,,,,
2026-07-10T01:00:20.890163+00:00,2026-07-10T01:00:20.890305,3,2,112.45,0.3,112.3,9,112.2,100,112.1,114,,,,,,,,,,,,,,,112.6,150,112.8,40,,,,,,,,,,,,,,,,
2026-07-10T01:00:20.944703+00:00,2026-07-10T01:00:20.944589,3,3,112.45,0.3,112.3,9,112.2,100,112.1,114,,,,,,,,,,,,,,,112.6,150,112.7,100,112.8,40,,,,,,,,,,,,,,
2026-07-10T01:00:21.352783+00:00,2026-07-10T01:00:21.352627,2,2,112.5,0.4,112.3,9,112.2,100,,,,,,,,,,,,,,,,,112.7,100,112.8,40,,,,,,,,,,,,,,,,
2026-07-10T01:00:21.391686+00:00,2026-07-10T01:00:21.391814,2,2,112.5,0.4,112.3,5,112.2,100,,,,,,,,,,,,,,,,,112.7,100,112.8,40,,,,,,,,,,,,,,,,
2026-07-10T01:00:21.397097+00:00,2026-07-10T01:00:21.397036,2,2,112.5,0.4,112.3,9,112.2,100,,,,,,,,,,,,,,,,,112.7,104,112.8,40,,,,,,,,,,,,,,,,
2026-07-10T01:00:21.412798+00:00,2026-07-10T01:00:21.412721,3,2,112.5,0.4,112.3,9,112.2,100,111.9,150,,,,,,,,,,,,,,,112.7,104,112.8,40,,,,,,,,,,,,,,,,
2026-07-10T01:00:21.458611+00:00,2026-07-10T01:00:21.455995,3,3,112.35,0.1,112.3,9,112.2,100,111.9,150,,,,,,,,,,,,,,,112.4,150,112.7,104,112.8,40,,,,,,,,,,,,,,
2026-07-10T01:00:21.756909+00:00,2026-07-10T01:00:21.756857,3,3,112.35,0.1,112.3,9,112.2,100,111.9,150,,,,,,,,,,,,,,,112.4,100,112.7,104,112.8,40,,,,,,,,,,,,,,
2026-07-10T01:00:22.420102+00:00,2026-07-10T01:00:22.420013,3,3,112.35,0.1,112.3,5,112.2,100,111.9,150,,,,,,,,,,,,,,,112.4,100,112.7,104,112.8,40,,,,,,,,,,,,,,
2026-07-10T01:00:22.425098+00:00,2026-07-10T01:00:22.425247,3,3,112.35,0.1,112.3,9,112.2,100,111.9,150,,,,,,,,,,,,,,,112.4,100,112.7,100,112.8,40,,,,,,,,,,,,,,
2026-07-10T01:00:22.430533+00:00,2026-07-10T01:00:22.430443,3,3,112.35,0.1,112.3,9,112.2,100,111.9,150,,,,,,,,,,,,,,,112.4,104,112.7,100,112.8,40,,,,,,,,,,,,,,
2026-07-10T01:00:23.448771+00:00,2026-07-10T01:00:23.448679,3,3,112.35,0.1,112.3,5,112.2,100,111.9,150,,,,,,,,,,,,,,,112.4,100,112.7,100,112.8,40,,,,,,,,,,,,,,
2026-07-10T01:00:23.453776+00:00,2026-07-10T01:00:23.453974,3,3,112.35,0.1,112.3,9,112.2,100,111.9,150,,,,,,,,,,,,,,,112.4,104,112.7,100,112.8,40,,,,,,,,,,,,,,
2026-07-10T01:00:23.795840+00:00,2026-07-10T01:00:23.795766,2,3,112.3,0.2,112.2,63,111.9,150,,,,,,,,,,,,,,,,,112.4,104,112.7,100,112.8,40,,,,,,,,,,,,,,
2026-07-10T01:00:23.864883+00:00,2026-07-10T01:00:23.865076,2,3,112.3,0.2,112.2,63,111.9,150,,,,,,,,,,,,,,,,,112.4,54,112.7,100,112.8,40,,,,,,,,,,,,,,
2026-07-10T01:00:23.999235+00:00,2026-07-10T01:00:23.999132,2,2,112.3,0.2,112.2,63,111.9,150,,,,,,,,,,,,,,,,,112.4,54,112.8,40,,,,,,,,,,,,,,,,
2026-07-10T01:00:24.004436+00:00,2026-07-10T01:00:24.004321,1,2,112.15,0.5,111.9,150,,,,,,,,,,,,,,,,,,,112.4,54,112.8,40,,,,,,,,,,,,,,,,
2026-07-10T01:00:24.074248+00:00,2026-07-10T01:00:24.074137,2,2,112.25,0.3,112.1,100,111.9,150,,,,,,,,,,,,,,,,,112.4,54,112.8,40,,,,,,,,,,,,,,,,
2026-07-10T01:00:24.127611+00:00,2026-07-10T01:00:24.127504,2,3,112.25,0.3,112.1,100,111.9,150,,,,,,,,,,,,,,,,,112.4,54,112.6,100,112.8,40,,,,,,,,,,,,,,
2026-07-10T01:00:24.474545+00:00,2026-07-10T01:00:24.474438,2,3,112.25,0.3,112.1,100,111.9,150,,,,,,,,,,,,,,,,,112.4,50,112.6,100,112.8,40,,,,,,,,,,,,,,
2026-07-10T01:00:24.479834+00:00,2026-07-10T01:00:24.479673,2,3,112.25,0.3,112.1,104,111.9,150,,,,,,,,,,,,,,,,,112.4,50,112.6,100,112.8,40,,,,,,,,,,,,,,
2026-07-10T01:00:24.485052+00:00,2026-07-10T01:00:24.484958,2,3,112.25,0.3,112.1,104,111.9,150,,,,,,,,,,,,,,,,,112.4,54,112.6,100,112.8,40,,,,,,,,,,,,,,
2026-07-10T01:00:24.518176+00:00,2026-07-10T01:00:24.518318,1,3,112.25,0.3,112.1,104,,,,,,,,,,,,,,,,,,,112.4,4,112.6,100,112.8,40,,,,,,,,,,,,,,
2026-07-10T01:00:24.573443+00:00,2026-07-10T01:00:24.573545,2,3,112.35,0.1,112.3,150,112.1,104,,,,,,,,,,,,,,,,,112.4,4,112.6,100,112.8,40,,,,,,,,,,,,,,
2026-07-10T01:00:24.615378+00:00,2026-07-10T01:00:24.609215,2,2,112.45,0.3,112.3,150,112.1,104,,,,,,,,,,,,,,,,,112.6,100,112.8,40,,,,,,,,,,,,,,,,
2026-07-10T01:00:24.630676+00:00,2026-07-10T01:00:24.630838,2,2,112.45,0.3,112.3,150,112.1,104,,,,,,,,,,,,,,,,,112.6,100,112.8,190,,,,,,,,,,,,,,,,
2026-07-10T01:00:24.689503+00:00,2026-07-10T01:00:24.689681,2,3,112.45,0.3,112.3,150,112.1,104,,,,,,,,,,,,,,,,,112.6,100,112.8,150,113.0,40,,,,,,,,,,,,,,
2026-07-10T01:00:25.501871+00:00,2026-07-10T01:00:25.501788,2,3,112.45,0.3,112.3,154,112.1,100,,,,,,,,,,,,,,,,,112.6,100,112.8,150,113.0,40,,,,,,,,,,,,,,
2026-07-10T01:00:25.507029+00:00,2026-07-10T01:00:25.506982,2,3,112.45,0.3,112.3,154,112.1,100,,,,,,,,,,,,,,,,,112.6,104,112.8,150,113.0,40,,,,,,,,,,,,,,
2026-07-10T01:00:25.974119+00:00,2026-07-10T01:00:25.973997,2,3,112.45,0.3,112.3,154,112.1,100,,,,,,,,,,,,,,,,,112.6,54,112.8,150,113.0,40,,,,,,,,,,,,,,
2026-07-10T01:00:26.524360+00:00,2026-07-10T01:00:26.524295,2,3,112.45,0.3,112.3,150,112.1,100,,,,,,,,,,,,,,,,,112.6,54,112.8,150,113.0,40,,,,,,,,,,,,,,
2026-07-10T01:00:26.529621+00:00,2026-07-10T01:00:26.529530,2,3,112.45,0.3,112.3,154,112.1,100,,,,,,,,,,,,,,,,,112.6,50,112.8,150,113.0,40,,,,,,,,,,,,,,
2026-07-10T01:00:26.534870+00:00,2026-07-10T01:00:26.534745,2,3,112.45,0.3,112.3,154,112.1,100,,,,,,,,,,,,,,,,,112.6,54,112.8,150,113.0,40,,,,,,,,,,,,,,
2026-07-10T01:00:27.183260+00:00,2026-07-10T01:00:27.183128,1,3,112.45,0.3,112.3,154,,,,,,,,,,,,,,,,,,,112.6,4,112.8,150,113.0,40,,,,,,,,,,,,,,
2026-07-10T01:00:27.238196+00:00,2026-07-10T01:00:27.238101,2,3,112.55,0.1,112.5,100,112.3,154,,,,,,,,,,,,,,,,,112.6,4,112.8,150,113.0,40,,,,,,,,,,,,,,
2026-07-10T01:00:27.290909+00:00,2026-07-10T01:00:27.290807,2,3,112.55,0.1,112.5,100,112.3,154,,,,,,,,,,,,,,,,,112.6,4,112.8,150,113.0,140,,,,,,,,,,,,,,
2026-07-10T01:00:27.403665+00:00,2026-07-10T01:00:27.399461,2,2,112.65,0.3,112.5,100,112.3,154,,,,,,,,,,,,,,,,,112.8,150,113.0,140,,,,,,,,,,,,,,,,
2026-07-10T01:00:27.419318+00:00,2026-07-10T01:00:27.419216,2,2,112.65,0.3,112.5,100,112.3,154,,,,,,,,,,,,,,,,,112.8,150,113.0,100,,,,,,,,,,,,,,,,
2026-07-10T01:00:27.424532+00:00,2026-07-10T01:00:27.424430,2,3,112.65,0.3,112.5,100,112.3,154,,,,,,,,,,,,,,,,,112.8,150,113.0,100,113.2,40,,,,,,,,,,,,,,
2026-07-10T01:00:27.544396+00:00,2026-07-10T01:00:27.544231,2,3,112.65,0.3,112.5,53,112.3,154,,,,,,,,,,,,,,,,,112.8,150,113.0,100,113.2,40,,,,,,,,,,,,,,
2026-07-10T01:00:27.554584+00:00,2026-07-10T01:00:27.554807,2,3,112.65,0.3,112.5,53,112.3,150,,,,,,,,,,,,,,,,,112.8,150,113.0,100,113.2,40,,,,,,,,,,,,,,
2026-07-10T01:00:27.560042+00:00,2026-07-10T01:00:27.560008,2,3,112.65,0.3,112.5,57,112.3,150,,,,,,,,,,,,,,,,,112.8,150,113.0,100,113.2,40,,,,,,,,,,,,,,
2026-07-10T01:00:27.565283+00:00,2026-07-10T01:00:27.565248,2,3,112.65,0.3,112.5,57,112.3,150,,,,,,,,,,,,,,,,,112.8,154,113.0,100,113.2,40,,,,,,,,,,,,,,
2026-07-10T01:00:27.680211+00:00,2026-07-10T01:00:27.680099,2,3,112.65,0.3,112.5,57,112.3,150,,,,,,,,,,,,,,,,,112.8,4,113.0,100,113.2,40,,,,,,,,,,,,,,
2026-07-10T01:00:27.685352+00:00,2026-07-10T01:00:27.685320,1,3,112.65,0.3,112.5,57,,,,,,,,,,,,,,,,,,,112.8,4,113.0,100,113.2,40,,,,,,,,,,,,,,
2026-07-10T01:00:27.717438+00:00,2026-07-10T01:00:27.717577,1,4,112.55,0.1,112.5,57,,,,,,,,,,,,,,,,,,,112.6,4,112.8,4,113.0,100,113.2,40,,,,,,,,,,,,
2026-07-10T01:00:27.732082+00:00,2026-07-10T01:00:27.730762,2,2,112.7,0.2,112.6,150,112.5,57,,,,,,,,,,,,,,,,,112.8,4,113.0,140,,,,,,,,,,,,,,,,
2026-07-10T01:00:27.742931+00:00,2026-07-10T01:00:27.736232,2,2,112.7,0.2,112.6,138,112.5,57,,,,,,,,,,,,,,,,,112.8,4,113.0,140,,,,,,,,,,,,,,,,
2026-07-10T01:00:27.790276+00:00,2026-07-10T01:00:27.790432,2,3,112.7,0.2,112.6,138,112.5,57,,,,,,,,,,,,,,,,,112.8,4,113.0,140,113.1,150,,,,,,,,,,,,,,
2026-07-10T01:00:28.045161+00:00,2026-07-10T01:00:28.045319,2,4,112.7,0.2,112.6,138,112.5,57,,,,,,,,,,,,,,,,,112.8,4,113.0,100,113.1,150,113.2,40,,,,,,,,,,,,
2026-07-10T01:00:28.081631+00:00,2026-07-10T01:00:28.081512,2,3,112.8,0.4,112.6,138,112.5,57,,,,,,,,,,,,,,,,,113.0,54,113.1,150,113.2,40,,,,,,,,,,,,,,
2026-07-10T01:00:28.128905+00:00,2026-07-10T01:00:28.128785,2,3,112.8,0.4,112.6,134,112.5,57,,,,,,,,,,,,,,,,,113.0,54,113.1,150,113.2,40,,,,,,,,,,,,,,
2026-07-10T01:00:28.612288+00:00,2026-07-10T01:00:28.612165,2,3,112.8,0.4,112.6,138,112.5,53,,,,,,,,,,,,,,,,,113.0,54,113.1,150,113.2,40,,,,,,,,,,,,,,
2026-07-10T01:00:28.617400+00:00,2026-07-10T01:00:28.617364,2,3,112.8,0.4,112.6,138,112.5,53,,,,,,,,,,,,,,,,,113.0,58,113.1,150,113.2,40,,,,,,,,,,,,,,
2026-07-10T01:00:29.102353+00:00,2026-07-10T01:00:29.102309,2,2,112.8,0.4,112.6,138,112.5,53,,,,,,,,,,,,,,,,,113.0,58,113.1,150,,,,,,,,,,,,,,,,
2026-07-10T01:00:29.107570+00:00,2026-07-10T01:00:29.107482,2,3,112.8,0.4,112.6,138,112.5,53,,,,,,,,,,,,,,,,,113.0,58,113.1,150,113.4,40,,,,,,,,,,,,,,
2026-07-10T01:00:29.274141+00:00,2026-07-10T01:00:29.274238,2,2,112.8,0.4,112.6,138,112.5,53,,,,,,,,,,,,,,,,,113.0,58,113.1,150,,,,,,,,,,,,,,,,
2026-07-10T01:00:29.279590+00:00,2026-07-10T01:00:29.279552,2,3,112.8,0.4,112.6,138,112.5,53,,,,,,,,,,,,,,,,,113.0,58,113.1,150,113.2,40,,,,,,,,,,,,,,
2026-07-10T01:00:29.630247+00:00,2026-07-10T01:00:29.630387,2,3,112.8,0.4,112.6,134,112.5,53,,,,,,,,,,,,,,,,,113.0,58,113.1,150,113.2,40,,,,,,,,,,,,,,
2026-07-10T01:00:29.635702+00:00,2026-07-10T01:00:29.635637,2,3,112.8,0.4,112.6,138,112.5,53,,,,,,,,,,,,,,,,,113.0,54,113.1,150,113.2,40,,,,,,,,,,,,,,
2026-07-10T01:00:29.640714+00:00,2026-07-10T01:00:29.640850,2,3,112.8,0.4,112.6,138,112.5,53,,,,,,,,,,,,,,,,,113.0,58,113.1,150,113.2,40,,,,,,,,,,,,,,
2026-07-10T01:00:30.193468+00:00,2026-07-10T01:00:30.193409,2,3,112.8,0.4,112.6,138,112.5,53,,,,,,,,,,,,,,,,,113.0,8,113.1,150,113.2,40,,,,,,,,,,,,,,
2026-07-10T01:00:30.342418+00:00,2026-07-10T01:00:30.342367,2,3,112.8,0.4,112.6,138,112.5,53,,,,,,,,,,,,,,,,,113.0,4,113.1,150,113.2,40,,,,,,,,,,,,,,
2026-07-10T01:00:30.347699+00:00,2026-07-10T01:00:30.347561,1,3,112.8,0.4,112.6,138,,,,,,,,,,,,,,,,,,,113.0,4,113.1,150,113.2,40,,,,,,,,,,,,,,
2026-07-10T01:00:30.421571+00:00,2026-07-10T01:00:30.421514,2,3,112.9,0.2,112.8,100,112.6,138,,,,,,,,,,,,,,,,,113.0,4,113.1,150,113.2,40,,,,,,,,,,,,,,
2026-07-10T01:00:30.480395+00:00,2026-07-10T01:00:30.480286,2,4,112.9,0.2,112.8,100,112.6,138,,,,,,,,,,,,,,,,,113.0,4,113.1,150,113.2,40,113.3,100,,,,,,,,,,,,
2026-07-10T01:00:30.490973+00:00,2026-07-10T01:00:30.490820,2,3,112.9,0.2,112.8,100,112.6,138,,,,,,,,,,,,,,,,,113.0,4,113.1,150,113.3,100,,,,,,,,,,,,,,
2026-07-10T01:00:30.496235+00:00,2026-07-10T01:00:30.496061,2,4,112.9,0.2,112.8,100,112.6,138,,,,,,,,,,,,,,,,,113.0,4,113.1,150,113.3,100,113.4,40,,,,,,,,,,,,
2026-07-10T01:00:30.658738+00:00,2026-07-10T01:00:30.658619,2,4,112.9,0.2,112.8,100,112.6,134,,,,,,,,,,,,,,,,,113.0,4,113.1,150,113.3,100,113.4,40,,,,,,,,,,,,
2026-07-10T01:00:30.664044+00:00,2026-07-10T01:00:30.663836,2,3,112.95,0.3,112.8,100,112.6,134,,,,,,,,,,,,,,,,,113.1,150,113.3,100,113.4,40,,,,,,,,,,,,,,
2026-07-10T01:00:30.669353+00:00,2026-07-10T01:00:30.669297,2,3,112.95,0.3,112.8,104,112.6,134,,,,,,,,,,,,,,,,,113.1,150,113.3,100,113.4,40,,,,,,,,,,,,,,
2026-07-10T01:00:30.674391+00:00,2026-07-10T01:00:30.674490,2,4,112.9,0.2,112.8,104,112.6,134,,,,,,,,,,,,,,,,,113.0,4,113.1,150,113.3,100,113.4,40,,,,,,,,,,,,
2026-07-10T01:00:30.847975+00:00,2026-07-10T01:00:30.847890,1,3,112.9,0.2,112.8,104,,,,,,,,,,,,,,,,,,,113.0,4,113.3,100,113.4,40,,,,,,,,,,,,,,
2026-07-10T01:00:30.866436+00:00,2026-07-10T01:00:30.866293,1,3,112.9,0.2,112.8,56,,,,,,,,,,,,,,,,,,,113.0,4,113.3,100,113.4,40,,,,,,,,,,,,,,
2026-07-10T01:00:30.903070+00:00,2026-07-10T01:00:30.903184,1,3,112.9,0.2,112.8,206,,,,,,,,,,,,,,,,,,,113.0,4,113.3,100,113.4,40,,,,,,,,,,,,,,
2026-07-10T01:00:30.958636+00:00,2026-07-10T01:00:30.952637,1,3,112.9,0.2,112.8,206,,,,,,,,,,,,,,,,,,,113.0,4,113.3,250,113.4,40,,,,,,,,,,,,,,
2026-07-10T01:00:31.691097+00:00,2026-07-10T01:00:31.691250,1,2,113.05,0.5,112.8,202,,,,,,,,,,,,,,,,,,,113.3,250,113.4,40,,,,,,,,,,,,,,,,
2026-07-10T01:00:31.696524+00:00,2026-07-10T01:00:31.696424,1,2,113.05,0.5,112.8,206,,,,,,,,,,,,,,,,,,,113.3,250,113.4,40,,,,,,,,,,,,,,,,
2026-07-10T01:00:31.701766+00:00,2026-07-10T01:00:31.701647,1,3,112.9,0.2,112.8,206,,,,,,,,,,,,,,,,,,,113.0,4,113.3,250,113.4,40,,,,,,,,,,,,,,
2026-07-10T01:00:31.712316+00:00,2026-07-10T01:00:31.712236,1,3,112.9,0.2,112.8,206,,,,,,,,,,,,,,,,,,,113.0,4,113.2,40,113.3,250,,,,,,,,,,,,,,
2026-07-10T01:00:32.304135+00:00,2026-07-10T01:00:32.304050,1,1,113.05,0.5,112.8,206,,,,,,,,,,,,,,,,,,,113.3,244,,,,,,,,,,,,,,,,,,
2026-07-10T01:00:32.321876+00:00,2026-07-10T01:00:32.321781,2,1,113.05,0.5,112.8,206,112.7,40,,,,,,,,,,,,,,,,,113.3,244,,,,,,,,,,,,,,,,,,
2026-07-10T01:00:32.327075+00:00,2026-07-10T01:00:32.326986,2,1,113.05,0.5,112.8,206,112.7,40,,,,,,,,,,,,,,,,,113.3,284,,,,,,,,,,,,,,,,,,
2026-07-10T01:00:32.486647+00:00,2026-07-10T01:00:32.486582,2,2,113.05,0.5,112.8,206,112.7,40,,,,,,,,,,,,,,,,,113.3,244,113.4,40,,,,,,,,,,,,,,,,
2026-07-10T01:00:32.729903+00:00,2026-07-10T01:00:32.729711,2,2,113.05,0.5,112.8,202,112.7,40,,,,,,,,,,,,,,,,,113.3,244,113.4,40,,,,,,,,,,,,,,,,
2026-07-10T01:00:32.735001+00:00,2026-07-10T01:00:32.734941,2,2,113.05,0.5,112.8,206,112.7,40,,,,,,,,,,,,,,,,,113.3,248,113.4,40,,,,,,,,,,,,,,,,
2026-07-10T01:00:32.965561+00:00,2026-07-10T01:00:32.965721,2,2,113.05,0.5,112.8,206,112.7,40,,,,,,,,,,,,,,,,,113.3,206,113.4,40,,,,,,,,,,,,,,,,
2026-07-10T01:00:33.095757+00:00,2026-07-10T01:00:33.095649,1,2,113.05,0.5,112.8,206,,,,,,,,,,,,,,,,,,,113.3,206,113.4,40,,,,,,,,,,,,,,,,
2026-07-10T01:00:33.250926+00:00,2026-07-10T01:00:33.250838,1,2,113.05,0.5,112.8,246,,,,,,,,,,,,,,,,,,,113.3,206,113.4,40,,,,,,,,,,,,,,,,
2026-07-10T01:00:33.377653+00:00,2026-07-10T01:00:33.377590,2,2,113.05,0.5,112.8,243,112.5,3,,,,,,,,,,,,,,,,,113.3,206,113.4,40,,,,,,,,,,,,,,,,
2026-07-10T01:00:33.535179+00:00,2026-07-10T01:00:33.535141,2,2,113.05,0.5,112.8,194,112.5,3,,,,,,,,,,,,,,,,,113.3,154,113.4,40,,,,,,,,,,,,,,,,
2026-07-10T01:00:33.558646+00:00,2026-07-10T01:00:33.557369,2,2,113.05,0.5,112.8,191,112.5,3,,,,,,,,,,,,,,,,,113.3,154,113.4,40,,,,,,,,,,,,,,,,
2026-07-10T01:00:33.592754+00:00,2026-07-10T01:00:33.592652,2,2,113.05,0.5,112.8,291,112.5,3,,,,,,,,,,,,,,,,,113.3,154,113.4,40,,,,,,,,,,,,,,,,
2026-07-10T01:00:33.647657+00:00,2026-07-10T01:00:33.647524,2,2,113.05,0.5,112.8,291,112.5,3,,,,,,,,,,,,,,,,,113.3,254,113.4,40,,,,,,,,,,,,,,,,
2026-07-10T01:00:33.740547+00:00,2026-07-10T01:00:33.740440,2,2,113.05,0.5,112.8,288,112.5,3,,,,,,,,,,,,,,,,,113.3,254,113.4,40,,,,,,,,,,,,,,,,
2026-07-10T01:00:33.761408+00:00,2026-07-10T01:00:33.761555,2,2,113.05,0.5,112.8,284,112.5,3,,,,,,,,,,,,,,,,,113.3,254,113.4,40,,,,,,,,,,,,,,,,
2026-07-10T01:00:33.766902+00:00,2026-07-10T01:00:33.766841,2,2,113.05,0.5,112.8,288,112.5,3,,,,,,,,,,,,,,,,,113.3,250,113.4,40,,,,,,,,,,,,,,,,
2026-07-10T01:00:33.771913+00:00,2026-07-10T01:00:33.772029,2,2,113.05,0.5,112.8,288,112.5,3,,,,,,,,,,,,,,,,,113.3,254,113.4,40,,,,,,,,,,,,,,,,
2026-07-10T01:00:33.858143+00:00,2026-07-10T01:00:33.858440,2,2,113.05,0.5,112.8,285,112.5,3,,,,,,,,,,,,,,,,,113.3,254,113.4,40,,,,,,,,,,,,,,,,
2026-07-10T01:00:34.006376+00:00,2026-07-10T01:00:34.006266,2,1,113.05,0.5,112.8,285,112.5,3,,,,,,,,,,,,,,,,,113.3,254,,,,,,,,,,,,,,,,,,
2026-07-10T01:00:34.011574+00:00,2026-07-10T01:00:34.011503,2,2,113.05,0.5,112.8,144,112.5,3,,,,,,,,,,,,,,,,,113.3,104,113.5,40,,,,,,,,,,,,,,,,
2026-07-10T01:00:34.063869+00:00,2026-07-10T01:00:34.063785,3,2,113.05,0.5,112.8,144,112.7,150,112.5,3,,,,,,,,,,,,,,,113.3,104,113.5,40,,,,,,,,,,,,,,,,
2026-07-10T01:00:34.120004+00:00,2026-07-10T01:00:34.119881,3,3,113.0,0.4,112.8,144,112.7,150,112.5,3,,,,,,,,,,,,,,,113.2,150,113.3,104,113.5,40,,,,,,,,,,,,,,
2026-07-10T01:00:34.323848+00:00,2026-07-10T01:00:34.323757,3,2,113.0,0.4,112.8,104,112.7,150,112.5,3,,,,,,,,,,,,,,,113.2,150,113.3,104,,,,,,,,,,,,,,,,
2026-07-10T01:00:34.329173+00:00,2026-07-10T01:00:34.328999,3,2,113.0,0.4,112.8,104,112.7,150,112.5,3,,,,,,,,,,,,,,,113.2,150,113.3,144,,,,,,,,,,,,,,,,
2026-07-10T01:00:34.363931+00:00,2026-07-10T01:00:34.363824,3,2,113.0,0.4,112.8,55,112.7,150,112.5,3,,,,,,,,,,,,,,,113.2,150,113.3,144,,,,,,,,,,,,,,,,
2026-07-10T01:00:34.388105+00:00,2026-07-10T01:00:34.387881,3,2,113.0,0.4,112.8,52,112.7,150,112.5,3,,,,,,,,,,,,,,,113.2,150,113.3,144,,,,,,,,,,,,,,,,
2026-07-10T01:00:34.414210+00:00,2026-07-10T01:00:34.414080,3,2,113.0,0.4,112.8,52,112.7,150,112.5,3,,,,,,,,,,,,,,,113.2,100,113.3,144,,,,,,,,,,,,,,,,
2026-07-10T01:00:34.481450+00:00,2026-07-10T01:00:34.477217,3,2,113.0,0.4,112.8,52,112.7,190,112.5,3,,,,,,,,,,,,,,,113.2,100,113.3,144,,,,,,,,,,,,,,,,
2026-07-10T01:00:34.783736+00:00,2026-07-10T01:00:34.783644,3,2,113.0,0.4,112.8,48,112.7,190,112.5,3,,,,,,,,,,,,,,,113.2,100,113.3,144,,,,,,,,,,,,,,,,
2026-07-10T01:00:34.788963+00:00,2026-07-10T01:00:34.788867,3,2,113.0,0.4,112.8,52,112.7,190,112.5,3,,,,,,,,,,,,,,,113.2,100,113.3,140,,,,,,,,,,,,,,,,
2026-07-10T01:00:34.793946+00:00,2026-07-10T01:00:34.794064,3,2,113.0,0.4,112.8,52,112.7,190,112.5,3,,,,,,,,,,,,,,,113.2,104,113.3,140,,,,,,,,,,,,,,,,
2026-07-10T01:00:34.933727+00:00,2026-07-10T01:00:34.933877,3,2,113.0,0.4,112.8,52,112.7,190,112.5,3,,,,,,,,,,,,,,,113.2,56,113.3,140,,,,,,,,,,,,,,,,
2026-07-10T01:00:34.958579+00:00,2026-07-10T01:00:34.957239,3,3,112.85,0.1,112.8,52,112.7,190,112.5,3,,,,,,,,,,,,,,,112.9,3,113.2,56,113.3,140,,,,,,,,,,,,,,
2026-07-10T01:00:35.609640+00:00,2026-07-10T01:00:35.602975,3,3,112.85,0.1,112.8,41,112.7,190,112.5,3,,,,,,,,,,,,,,,112.9,3,113.2,56,113.3,140,,,,,,,,,,,,,,
2026-07-10T01:00:35.729841+00:00,2026-07-10T01:00:35.729739,3,3,112.85,0.1,112.8,41,112.7,150,112.5,3,,,,,,,,,,,,,,,112.9,3,113.2,56,113.3,140,,,,,,,,,,,,,,
2026-07-10T01:00:35.735158+00:00,2026-07-10T01:00:35.735014,3,3,112.85,0.1,112.8,41,112.7,150,112.5,3,,,,,,,,,,,,,,,112.9,3,113.2,96,113.3,100,,,,,,,,,,,,,,
2026-07-10T01:00:35.804773+00:00,2026-07-10T01:00:35.804702,3,3,112.85,0.1,112.8,37,112.7,150,112.5,3,,,,,,,,,,,,,,,112.9,3,113.2,96,113.3,100,,,,,,,,,,,,,,
2026-07-10T01:00:35.810010+00:00,2026-07-10T01:00:35.809968,3,3,112.85,0.1,112.8,37,112.7,150,112.5,3,,,,,,,,,,,,,,,112.9,3,113.2,92,113.3,100,,,,,,,,,,,,,,
2026-07-10T01:00:35.815298+00:00,2026-07-10T01:00:35.815223,3,3,112.85,0.1,112.8,41,112.7,150,112.5,3,,,,,,,,,,,,,,,112.9,3,113.2,92,113.3,100,,,,,,,,,,,,,,
2026-07-10T01:00:35.820472+00:00,2026-07-10T01:00:35.820419,3,3,112.85,0.1,112.8,41,112.7,150,112.5,3,,,,,,,,,,,,,,,112.9,7,113.2,92,113.3,100,,,,,,,,,,,,,,
2026-07-10T01:00:35.892246+00:00,2026-07-10T01:00:35.892176,4,3,112.85,0.1,112.8,41,112.7,150,112.6,40,112.5,3,,,,,,,,,,,,,112.9,7,113.2,92,113.3,100,,,,,,,,,,,,,,
2026-07-10T01:00:36.523564+00:00,2026-07-10T01:00:36.523531,4,2,113.0,0.4,112.8,41,112.7,150,112.6,40,112.5,3,,,,,,,,,,,,,113.2,49,113.3,100,,,,,,,,,,,,,,,,
2026-07-10T01:00:36.576889+00:00,2026-07-10T01:00:36.576811,4,3,112.85,0.1,112.8,41,112.7,150,112.6,40,112.5,3,,,,,,,,,,,,,112.9,3,113.2,49,113.3,100,,,,,,,,,,,,,,
2026-07-10T01:00:36.700704+00:00,2026-07-10T01:00:36.700585,4,2,112.85,0.1,112.8,4,112.7,150,112.6,40,112.5,3,,,,,,,,,,,,,112.9,3,113.2,49,,,,,,,,,,,,,,,,
2026-07-10T01:00:36.754479+00:00,2026-07-10T01:00:36.754618,5,2,112.85,0.1,112.8,4,112.7,150,112.6,40,112.5,3,112.4,100,,,,,,,,,,,112.9,3,113.2,49,,,,,,,,,,,,,,,,
2026-07-10T01:00:36.807992+00:00,2026-07-10T01:00:36.807946,5,2,112.85,0.1,112.8,4,112.7,150,112.6,40,112.5,3,112.4,100,,,,,,,,,,,112.9,103,113.2,49,,,,,,,,,,,,,,,,
2026-07-10T01:00:36.836693+00:00,2026-07-10T01:00:36.836574,4,2,112.8,0.2,112.7,150,112.6,40,112.5,3,112.4,100,,,,,,,,,,,,,112.9,103,113.2,49,,,,,,,,,,,,,,,,
2026-07-10T01:00:36.841915+00:00,2026-07-10T01:00:36.841811,5,2,112.85,0.1,112.8,5,112.7,150,112.6,40,112.5,3,112.4,100,,,,,,,,,,,112.9,108,113.2,49,,,,,,,,,,,,,,,,
2026-07-10T01:00:36.948005+00:00,2026-07-10T01:00:36.947906,4,2,112.85,0.1,112.8,5,112.7,150,112.5,3,112.4,100,,,,,,,,,,,,,112.9,108,113.2,9,,,,,,,,,,,,,,,,
2026-07-10T01:00:36.953166+00:00,2026-07-10T01:00:36.953100,4,3,112.85,0.1,112.8,5,112.7,150,112.5,3,112.4,100,,,,,,,,,,,,,112.9,108,113.2,9,113.4,40,,,,,,,,,,,,,,
2026-07-10T01:00:37.079752+00:00,2026-07-10T01:00:37.079536,4,3,112.85,0.1,112.8,5,112.7,150,112.5,3,112.4,100,,,,,,,,,,,,,112.9,68,113.2,9,113.4,40,,,,,,,,,,,,,,
2026-07-10T01:00:37.105831+00:00,2026-07-10T01:00:37.105744,4,3,112.85,0.1,112.8,45,112.7,150,112.5,3,112.4,100,,,,,,,,,,,,,112.9,68,113.2,9,113.4,40,,,,,,,,,,,,,,
2026-07-10T01:00:37.195148+00:00,2026-07-10T01:00:37.195052,3,2,112.85,0.1,112.8,45,112.5,3,112.4,100,,,,,,,,,,,,,,,112.9,68,113.4,40,,,,,,,,,,,,,,,,
2026-07-10T01:00:37.270200+00:00,2026-07-10T01:00:37.262467,4,1,113.3,0.2,113.2,79,112.8,45,112.5,3,112.4,100,,,,,,,,,,,,,113.4,40,,,,,,,,,,,,,,,,,,
2026-07-10T01:00:37.313345+00:00,2026-07-10T01:00:37.313289,4,2,113.3,0.2,113.2,79,112.8,45,112.5,3,112.4,100,,,,,,,,,,,,,113.4,40,113.7,150,,,,,,,,,,,,,,,,
2026-07-10T01:00:37.431438+00:00,2026-07-10T01:00:37.431282,4,1,113.45,0.5,113.2,79,112.8,45,112.5,3,112.4,100,,,,,,,,,,,,,113.7,150,,,,,,,,,,,,,,,,,,
2026-07-10T01:00:37.436538+00:00,2026-07-10T01:00:37.436479,4,2,113.4,0.4,113.2,79,112.8,45,112.5,3,112.4,100,,,,,,,,,,,,,113.6,40,113.7,150,,,,,,,,,,,,,,,,
2026-07-10T01:00:37.861174+00:00,2026-07-10T01:00:37.861325,4,2,113.4,0.4,113.2,84,112.8,40,112.5,3,112.4,100,,,,,,,,,,,,,113.6,40,113.7,150,,,,,,,,,,,,,,,,
2026-07-10T01:00:37.866553+00:00,2026-07-10T01:00:37.866525,4,2,113.4,0.4,113.2,84,112.8,40,112.5,3,112.4,100,,,,,,,,,,,,,113.6,45,113.7,150,,,,,,,,,,,,,,,,
2026-07-10T01:00:37.906455+00:00,2026-07-10T01:00:37.906350,4,3,113.35,0.3,113.2,84,112.8,40,112.5,3,112.4,100,,,,,,,,,,,,,113.5,40,113.6,5,113.7,150,,,,,,,,,,,,,,
2026-07-10T01:00:38.218629+00:00,2026-07-10T01:00:38.218504,4,3,113.35,0.3,113.2,43,112.8,40,112.5,3,112.4,100,,,,,,,,,,,,,113.5,40,113.6,5,113.7,150,,,,,,,,,,,,,,
2026-07-10T01:00:38.258644+00:00,2026-07-10T01:00:38.256327,3,3,113.35,0.3,113.2,43,112.8,40,112.4,100,,,,,,,,,,,,,,,113.5,40,113.6,5,113.7,150,,,,,,,,,,,,,,
2026-07-10T01:00:38.335103+00:00,2026-07-10T01:00:38.335262,2,3,113.15,0.7,112.8,40,112.4,100,,,,,,,,,,,,,,,,,113.5,40,113.6,5,113.7,150,,,,,,,,,,,,,,
2026-07-10T01:00:38.380366+00:00,2026-07-10T01:00:38.380334,1,2,113.0,1.2,112.4,100,,,,,,,,,,,,,,,,,,,113.6,5,113.7,150,,,,,,,,,,,,,,,,
2026-07-10T01:00:38.639306+00:00,2026-07-10T01:00:38.639232,1,1,113.05,1.3,112.4,100,,,,,,,,,,,,,,,,,,,113.7,105,,,,,,,,,,,,,,,,,,
2026-07-10T01:00:38.930773+00:00,2026-07-10T01:00:38.930716,1,1,113.05,1.3,112.4,105,,,,,,,,,,,,,,,,,,,113.7,105,,,,,,,,,,,,,,,,,,
2026-07-10T01:00:38.936031+00:00,2026-07-10T01:00:38.935917,1,1,113.05,1.3,112.4,105,,,,,,,,,,,,,,,,,,,113.7,110,,,,,,,,,,,,,,,,,,
2026-07-10T01:00:39.383971+00:00,2026-07-10T01:00:39.383840,1,1,113.05,1.3,112.4,65,,,,,,,,,,,,,,,,,,,113.7,110,,,,,,,,,,,,,,,,,,
2026-07-10T01:00:39.389191+00:00,2026-07-10T01:00:39.389119,2,2,113.05,1.1,112.5,40,112.4,65,,,,,,,,,,,,,,,,,113.6,40,113.7,110,,,,,,,,,,,,,,,,
2026-07-10T01:00:39.830917+00:00,2026-07-10T01:00:39.830828,3,2,113.15,0.9,112.7,5,112.5,40,112.4,65,,,,,,,,,,,,,,,113.6,40,113.7,110,,,,,,,,,,,,,,,,
2026-07-10T01:00:39.858619+00:00,2026-07-10T01:00:39.855411,3,2,113.15,0.9,112.7,5,112.5,40,112.4,5,,,,,,,,,,,,,,,113.6,40,113.7,110,,,,,,,,,,,,,,,,
2026-07-10T01:00:39.869675+00:00,2026-07-10T01:00:39.869642,3,2,113.2,0.8,112.8,40,112.7,5,112.4,5,,,,,,,,,,,,,,,113.6,40,113.7,110,,,,,,,,,,,,,,,,
2026-07-10T01:00:39.916588+00:00,2026-07-10T01:00:39.916486,3,2,113.2,0.8,112.8,140,112.7,5,112.4,5,,,,,,,,,,,,,,,113.6,40,113.7,110,,,,,,,,,,,,,,,,
2026-07-10T01:00:39.942867+00:00,2026-07-10T01:00:39.942774,2,2,113.2,0.8,112.8,140,112.7,5,,,,,,,,,,,,,,,,,113.6,40,113.7,110,,,,,,,,,,,,,,,,
2026-07-10T01:00:39.948026+00:00,2026-07-10T01:00:39.947960,2,2,113.2,0.8,112.8,140,112.7,5,,,,,,,,,,,,,,,,,113.6,40,113.7,105,,,,,,,,,,,,,,,,
2026-07-10T01:00:39.953054+00:00,2026-07-10T01:00:39.953208,2,2,113.2,0.8,112.8,145,112.7,5,,,,,,,,,,,,,,,,,113.6,45,113.7,105,,,,,,,,,,,,,,,,
2026-07-10T01:00:39.969552+00:00,2026-07-10T01:00:39.969431,2,3,113.05,0.5,112.8,145,112.7,5,,,,,,,,,,,,,,,,,113.3,100,113.6,45,113.7,105,,,,,,,,,,,,,,
2026-07-10T01:00:40.033805+00:00,2026-07-10T01:00:40.033935,2,3,113.05,0.5,112.8,105,112.7,5,,,,,,,,,,,,,,,,,113.3,100,113.6,45,113.7,105,,,,,,,,,,,,,,
2026-07-10T01:00:40.044491+00:00,2026-07-10T01:00:40.044408,3,3,113.1,0.4,112.9,40,112.8,105,112.7,5,,,,,,,,,,,,,,,113.3,100,113.6,45,113.7,105,,,,,,,,,,,,,,
2026-07-10T01:00:40.058656+00:00,2026-07-10T01:00:40.055117,3,4,113.1,0.4,112.9,40,112.8,105,112.7,5,,,,,,,,,,,,,,,113.3,100,113.5,40,113.6,5,113.7,105,,,,,,,,,,,,
2026-07-10T01:00:40.358628+00:00,2026-07-10T01:00:40.356166,3,4,113.1,0.4,112.9,40,112.8,105,112.7,5,,,,,,,,,,,,,,,113.3,59,113.5,40,113.6,5,113.7,105,,,,,,,,,,,,
2026-07-10T01:00:40.370587+00:00,2026-07-10T01:00:40.370436,3,3,113.1,0.4,112.9,40,112.8,105,112.7,5,,,,,,,,,,,,,,,113.3,59,113.5,40,113.6,5,,,,,,,,,,,,,,
2026-07-10T01:00:40.422295+00:00,2026-07-10T01:00:40.422201,3,3,113.1,0.4,112.9,40,112.8,255,112.7,5,,,,,,,,,,,,,,,113.3,59,113.5,40,113.6,5,,,,,,,,,,,,,,
2026-07-10T01:00:40.471415+00:00,2026-07-10T01:00:40.471342,3,3,113.1,0.4,112.9,40,112.8,255,112.7,5,,,,,,,,,,,,,,,113.3,209,113.5,40,113.6,5,,,,,,,,,,,,,,
2026-07-10T01:00:40.746357+00:00,2026-07-10T01:00:40.746242,3,3,113.1,0.4,112.9,40,112.8,255,112.7,5,,,,,,,,,,,,,,,113.3,159,113.5,40,113.6,5,,,,,,,,,,,,,,
2026-07-10T01:00:40.888095+00:00,2026-07-10T01:00:40.887976,2,3,113.05,0.5,112.8,248,112.7,5,,,,,,,,,,,,,,,,,113.3,159,113.5,40,113.6,5,,,,,,,,,,,,,,
2026-07-10T01:00:40.971017+00:00,2026-07-10T01:00:40.970956,2,2,113.05,0.5,112.8,243,112.7,5,,,,,,,,,,,,,,,,,113.3,159,113.5,40,,,,,,,,,,,,,,,,
2026-07-10T01:00:40.976241+00:00,2026-07-10T01:00:40.976175,2,2,113.05,0.5,112.8,248,112.7,5,,,,,,,,,,,,,,,,,113.3,164,113.5,40,,,,,,,,,,,,,,,,
2026-07-10T01:00:41.002024+00:00,2026-07-10T01:00:41.001983,3,1,113.05,0.5,112.8,248,112.7,5,112.6,40,,,,,,,,,,,,,,,113.3,164,,,,,,,,,,,,,,,,,,
2026-07-10T01:00:41.007324+00:00,2026-07-10T01:00:41.007175,3,1,113.05,0.5,112.8,248,112.7,5,112.6,40,,,,,,,,,,,,,,,113.3,204,,,,,,,,,,,,,,,,,,
2026-07-10T01:00:41.488645+00:00,2026-07-10T01:00:41.488580,3,1,113.05,0.5,112.8,248,112.7,5,112.6,40,,,,,,,,,,,,,,,113.3,159,,,,,,,,,,,,,,,,,,
2026-07-10T01:00:41.758543+00:00,2026-07-10T01:00:41.755092,3,2,112.9,0.2,112.8,248,112.7,4,112.6,40,,,,,,,,,,,,,,,113.0,1,113.3,159,,,,,,,,,,,,,,,,
2026-07-10T01:00:41.995050+00:00,2026-07-10T01:00:41.994949,3,2,112.9,0.2,112.8,243,112.7,4,112.6,40,,,,,,,,,,,,,,,113.0,1,113.3,159,,,,,,,,,,,,,,,,
2026-07-10T01:00:42.000280+00:00,2026-07-10T01:00:42.000201,3,2,112.9,0.2,112.8,248,112.7,4,112.6,40,,,,,,,,,,,,,,,113.0,1,113.3,154,,,,,,,,,,,,,,,,
2026-07-10T01:00:42.005556+00:00,2026-07-10T01:00:42.005404,3,2,112.9,0.2,112.8,248,112.7,4,112.6,40,,,,,,,,,,,,,,,113.0,6,113.3,154,,,,,,,,,,,,,,,,
2026-07-10T01:00:42.229574+00:00,2026-07-10T01:00:42.229465,2,2,112.9,0.2,112.8,248,112.7,4,,,,,,,,,,,,,,,,,113.0,6,113.3,114,,,,,,,,,,,,,,,,
2026-07-10T01:00:42.234701+00:00,2026-07-10T01:00:42.234648,2,3,112.9,0.2,112.8,248,112.7,4,,,,,,,,,,,,,,,,,113.0,6,113.3,114,113.4,40,,,,,,,,,,,,,,
2026-07-10T01:00:42.391279+00:00,2026-07-10T01:00:42.391210,2,3,112.9,0.2,112.8,288,112.7,4,,,,,,,,,,,,,,,,,113.0,6,113.3,114,113.4,40,,,,,,,,,,,,,,
2026-07-10T01:00:42.858670+00:00,2026-07-10T01:00:42.856797,2,2,113.05,0.5,112.8,288,112.7,4,,,,,,,,,,,,,,,,,113.3,70,113.4,40,,,,,,,,,,,,,,,,
2026-07-10T01:00:42.909913+00:00,2026-07-10T01:00:42.909855,2,3,112.95,0.3,112.8,288,112.7,4,,,,,,,,,,,,,,,,,113.1,1,113.3,70,113.4,40,,,,,,,,,,,,,,
2026-07-10T01:00:43.016147+00:00,2026-07-10T01:00:43.016112,2,3,112.95,0.3,112.8,283,112.7,4,,,,,,,,,,,,,,,,,113.1,1,113.3,70,113.4,40,,,,,,,,,,,,,,
2026-07-10T01:00:43.021395+00:00,2026-07-10T01:00:43.021361,2,3,112.95,0.3,112.8,195,112.7,4,,,,,,,,,,,,,,,,,113.1,1,113.3,70,113.4,40,,,,,,,,,,,,,,
2026-07-10T01:00:43.026701+00:00,2026-07-10T01:00:43.026582,2,3,112.95,0.3,112.8,195,112.7,4,,,,,,,,,,,,,,,,,113.1,6,113.3,70,113.4,40,,,,,,,,,,,,,,
2026-07-10T01:00:43.075871+00:00,2026-07-10T01:00:43.075722,3,2,113.2,0.2,113.1,94,112.8,195,112.7,4,,,,,,,,,,,,,,,113.3,70,113.4,40,,,,,,,,,,,,,,,,
2026-07-10T01:00:43.126093+00:00,2026-07-10T01:00:43.126310,3,2,113.2,0.2,113.1,93,112.8,195,112.7,4,,,,,,,,,,,,,,,113.3,70,113.4,40,,,,,,,,,,,,,,,,
2026-07-10T01:00:43.131594+00:00,2026-07-10T01:00:43.131517,3,3,113.2,0.2,113.1,93,112.8,195,112.7,4,,,,,,,,,,,,,,,113.3,70,113.4,40,113.6,100,,,,,,,,,,,,,,
2026-07-10T01:00:43.158667+00:00,2026-07-10T01:00:43.154362,3,3,113.2,0.2,113.1,92,112.8,195,112.7,4,,,,,,,,,,,,,,,113.3,70,113.4,40,113.6,100,,,,,,,,,,,,,,
2026-07-10T01:00:43.191978+00:00,2026-07-10T01:00:43.191852,3,3,113.2,0.2,113.1,91,112.8,195,112.7,4,,,,,,,,,,,,,,,113.3,70,113.4,40,113.6,100,,,,,,,,,,,,,,
2026-07-10T01:00:43.223274+00:00,2026-07-10T01:00:43.223152,3,3,113.2,0.2,113.1,90,112.8,195,112.7,4,,,,,,,,,,,,,,,113.3,70,113.4,40,113.6,100,,,,,,,,,,,,,,
2026-07-10T01:00:43.263898+00:00,2026-07-10T01:00:43.263785,3,3,113.2,0.2,113.1,89,112.8,195,112.7,4,,,,,,,,,,,,,,,113.3,70,113.4,40,113.6,100,,,,,,,,,,,,,,
2026-07-10T01:00:43.292099+00:00,2026-07-10T01:00:43.292232,3,3,113.2,0.2,113.1,88,112.8,195,112.7,4,,,,,,,,,,,,,,,113.3,70,113.4,40,113.6,100,,,,,,,,,,,,,,
2026-07-10T01:00:43.328388+00:00,2026-07-10T01:00:43.328266,3,3,113.2,0.2,113.1,87,112.8,195,112.7,4,,,,,,,,,,,,,,,113.3,70,113.4,40,113.6,100,,,,,,,,,,,,,,
2026-07-10T01:00:43.358705+00:00,2026-07-10T01:00:43.356471,3,3,113.2,0.2,113.1,86,112.8,195,112.7,4,,,,,,,,,,,,,,,113.3,70,113.4,40,113.6,100,,,,,,,,,,,,,,
2026-07-10T01:00:43.501011+00:00,2026-07-10T01:00:43.500962,3,3,113.2,0.2,113.1,39,112.8,195,112.7,4,,,,,,,,,,,,,,,113.3,70,113.4,40,113.6,100,,,,,,,,,,,,,,
2026-07-10T01:00:43.530175+00:00,2026-07-10T01:00:43.530336,3,2,113.25,0.3,113.1,39,112.8,45,112.7,4,,,,,,,,,,,,,,,113.4,40,113.6,100,,,,,,,,,,,,,,,,
2026-07-10T01:00:43.585025+00:00,2026-07-10T01:00:43.584846,4,2,113.35,0.1,113.3,150,113.1,39,112.8,45,112.7,4,,,,,,,,,,,,,113.4,40,113.6,100,,,,,,,,,,,,,,,,
2026-07-10T01:00:43.613713+00:00,2026-07-10T01:00:43.613613,4,1,113.45,0.3,113.3,150,113.1,39,112.8,5,112.7,4,,,,,,,,,,,,,113.6,100,,,,,,,,,,,,,,,,,,
2026-07-10T01:00:43.618868+00:00,2026-07-10T01:00:43.618784,4,1,113.45,0.3,113.3,150,113.1,39,112.8,5,112.7,4,,,,,,,,,,,,,113.6,140,,,,,,,,,,,,,,,,,,
2026-07-10T01:00:43.634704+00:00,2026-07-10T01:00:43.634546,4,2,113.45,0.3,113.3,150,113.1,39,112.8,5,112.7,4,,,,,,,,,,,,,113.6,140,113.8,150,,,,,,,,,,,,,,,,
2026-07-10T01:00:43.785020+00:00,2026-07-10T01:00:43.784907,5,2,113.45,0.3,113.3,150,113.1,39,112.9,40,112.8,5,112.7,4,,,,,,,,,,,113.6,140,113.8,150,,,,,,,,,,,,,,,,
2026-07-10T01:00:44.042933+00:00,2026-07-10T01:00:44.042777,4,2,113.45,0.3,113.3,155,113.1,39,112.9,40,112.7,4,,,,,,,,,,,,,113.6,140,113.8,150,,,,,,,,,,,,,,,,
2026-07-10T01:00:44.048100+00:00,2026-07-10T01:00:44.048016,4,2,113.45,0.3,113.3,155,113.1,39,112.9,40,112.7,4,,,,,,,,,,,,,113.6,145,113.8,150,,,,,,,,,,,,,,,,
2026-07-10T01:00:44.558583+00:00,2026-07-10T01:00:44.556651,4,2,113.45,0.3,113.3,107,113.1,39,112.9,40,112.7,4,,,,,,,,,,,,,113.6,145,113.8,150,,,,,,,,,,,,,,,,
2026-07-10T01:00:44.974604+00:00,2026-07-10T01:00:44.974482,4,2,113.45,0.3,113.3,107,113.1,39,112.9,40,112.7,4,,,,,,,,,,,,,113.6,95,113.8,150,,,,,,,,,,,,,,,,
2026-07-10T01:00:44.979870+00:00,2026-07-10T01:00:44.979736,3,2,113.45,0.3,113.3,107,113.1,39,112.9,40,,,,,,,,,,,,,,,113.6,95,113.8,150,,,,,,,,,,,,,,,,
2026-07-10T01:00:45.070273+00:00,2026-07-10T01:00:45.070245,3,2,113.45,0.3,113.3,102,113.1,39,112.9,40,,,,,,,,,,,,,,,113.6,90,113.8,150,,,,,,,,,,,,,,,,
2026-07-10T01:00:45.075583+00:00,2026-07-10T01:00:45.075459,3,2,113.45,0.3,113.3,107,113.1,39,112.9,40,,,,,,,,,,,,,,,113.6,90,113.8,150,,,,,,,,,,,,,,,,
2026-07-10T01:00:45.080722+00:00,2026-07-10T01:00:45.080672,3,2,113.45,0.3,113.3,107,113.1,39,112.9,40,,,,,,,,,,,,,,,113.6,95,113.8,150,,,,,,,,,,,,,,,,
2026-07-10T01:00:45.296396+00:00,2026-07-10T01:00:45.296517,2,2,113.45,0.3,113.3,107,113.1,39,,,,,,,,,,,,,,,,,113.6,95,113.8,150,,,,,,,,,,,,,,,,
2026-07-10T01:00:45.447031+00:00,2026-07-10T01:00:45.446937,3,2,113.45,0.3,113.3,107,113.1,39,113.0,40,,,,,,,,,,,,,,,113.6,95,113.8,150,,,,,,,,,,,,,,,,
2026-07-10T01:00:46.103070+00:00,2026-07-10T01:00:46.103243,3,2,113.45,0.3,113.3,102,113.1,39,113.0,40,,,,,,,,,,,,,,,113.6,95,113.8,150,,,,,,,,,,,,,,,,
2026-07-10T01:00:46.108550+00:00,2026-07-10T01:00:46.108442,3,2,113.45,0.3,113.3,102,113.1,39,113.0,40,,,,,,,,,,,,,,,113.6,90,113.8,150,,,,,,,,,,,,,,,,
2026-07-10T01:00:46.113757+00:00,2026-07-10T01:00:46.113696,3,2,113.45,0.3,113.3,107,113.1,39,113.0,40,,,,,,,,,,,,,,,113.6,95,113.8,150,,,,,,,,,,,,,,,,
2026-07-10T01:00:46.185899+00:00,2026-07-10T01:00:46.185782,2,2,113.45,0.3,113.3,107,113.0,40,,,,,,,,,,,,,,,,,113.6,45,113.8,150,,,,,,,,,,,,,,,,
2026-07-10T01:00:46.206829+00:00,2026-07-10T01:00:46.206962,1,2,113.45,0.3,113.3,107,,,,,,,,,,,,,,,,,,,113.6,5,113.8,150,,,,,,,,,,,,,,,,
2026-07-10T01:00:46.212209+00:00,2026-07-10T01:00:46.212149,1,3,113.4,0.2,113.3,107,,,,,,,,,,,,,,,,,,,113.5,40,113.6,5,113.8,150,,,,,,,,,,,,,,
2026-07-10T01:00:46.235834+00:00,2026-07-10T01:00:46.235739,2,3,113.4,0.2,113.3,107,113.1,100,,,,,,,,,,,,,,,,,113.5,40,113.6,5,113.8,150,,,,,,,,,,,,,,
2026-07-10T01:00:46.290805+00:00,2026-07-10T01:00:46.290709,2,3,113.4,0.2,113.3,107,113.1,100,,,,,,,,,,,,,,,,,113.5,40,113.6,105,113.8,150,,,,,,,,,,,,,,
2026-07-10T01:00:46.368010+00:00,2026-07-10T01:00:46.368124,3,3,113.4,0.2,113.3,107,113.1,100,112.8,40,,,,,,,,,,,,,,,113.5,40,113.6,105,113.8,150,,,,,,,,,,,,,,
2026-07-10T01:00:46.521178+00:00,2026-07-10T01:00:46.521076,2,3,113.4,0.2,113.3,107,113.1,100,,,,,,,,,,,,,,,,,113.5,40,113.6,105,113.8,150,,,,,,,,,,,,,,
2026-07-10T01:00:46.683793+00:00,2026-07-10T01:00:46.683670,3,3,113.4,0.2,113.3,107,113.1,100,112.9,40,,,,,,,,,,,,,,,113.5,40,113.6,105,113.8,150,,,,,,,,,,,,,,
2026-07-10T01:00:46.695320+00:00,2026-07-10T01:00:46.695231,3,2,113.4,0.2,113.3,5,113.1,100,112.9,40,,,,,,,,,,,,,,,113.5,40,113.6,105,,,,,,,,,,,,,,,,
2026-07-10T01:00:46.777339+00:00,2026-07-10T01:00:46.777280,4,2,113.4,0.2,113.3,5,113.1,100,113.0,150,112.9,40,,,,,,,,,,,,,113.5,40,113.6,105,,,,,,,,,,,,,,,,
2026-07-10T01:00:46.832953+00:00,2026-07-10T01:00:46.832881,4,2,113.4,0.2,113.3,5,113.1,100,113.0,150,112.9,40,,,,,,,,,,,,,113.5,190,113.6,105,,,,,,,,,,,,,,,,
2026-07-10T01:00:47.080953+00:00,2026-07-10T01:00:47.080901,4,2,113.4,0.2,113.3,5,113.1,100,113.0,150,112.9,40,,,,,,,,,,,,,113.5,140,113.6,105,,,,,,,,,,,,,,,,
2026-07-10T01:00:47.127892+00:00,2026-07-10T01:00:47.127791,3,2,113.3,0.4,113.1,100,113.0,150,112.9,40,,,,,,,,,,,,,,,113.5,140,113.6,100,,,,,,,,,,,,,,,,
2026-07-10T01:00:47.138401+00:00,2026-07-10T01:00:47.138297,4,2,113.4,0.2,113.3,5,113.1,100,113.0,150,112.9,40,,,,,,,,,,,,,113.5,140,113.6,100,,,,,,,,,,,,,,,,
2026-07-10T01:00:47.143768+00:00,2026-07-10T01:00:47.143609,3,2,113.4,0.2,113.3,5,113.1,100,113.0,190,,,,,,,,,,,,,,,113.5,145,113.6,140,,,,,,,,,,,,,,,,
2026-07-10T01:00:47.477327+00:00,2026-07-10T01:00:47.477514,4,2,113.4,0.2,113.3,5,113.2,40,113.1,100,113.0,150,,,,,,,,,,,,,113.5,145,113.6,140,,,,,,,,,,,,,,,,
2026-07-10T01:00:47.482855+00:00,2026-07-10T01:00:47.482749,4,3,113.4,0.2,113.3,5,113.2,40,113.1,100,113.0,150,,,,,,,,,,,,,113.5,145,113.6,100,113.9,40,,,,,,,,,,,,,,
2026-07-10T01:00:47.630548+00:00,2026-07-10T01:00:47.630384,5,3,113.4,0.2,113.3,5,113.2,40,113.1,100,113.0,150,112.9,5,,,,,,,,,,,113.5,145,113.6,100,113.9,40,,,,,,,,,,,,,,
2026-07-10T01:00:48.158620+00:00,2026-07-10T01:00:48.155021,4,3,113.35,0.3,113.2,40,113.1,100,113.0,150,112.9,5,,,,,,,,,,,,,113.5,145,113.6,100,113.9,40,,,,,,,,,,,,,,
2026-07-10T01:00:48.163805+00:00,2026-07-10T01:00:48.163752,4,3,113.35,0.3,113.2,40,113.1,100,113.0,150,112.9,5,,,,,,,,,,,,,113.5,140,113.6,100,113.9,40,,,,,,,,,,,,,,
2026-07-10T01:00:48.168845+00:00,2026-07-10T01:00:48.168987,5,3,113.4,0.2,113.3,5,113.2,40,113.1,100,113.0,150,112.9,5,,,,,,,,,,,113.5,140,113.6,100,113.9,40,,,,,,,,,,,,,,
2026-07-10T01:00:48.174308+00:00,2026-07-10T01:00:48.174210,5,3,113.4,0.2,113.3,5,113.2,40,113.1,100,113.0,150,112.9,5,,,,,,,,,,,113.5,145,113.6,100,113.9,40,,,,,,,,,,,,,,
2026-07-10T01:00:48.994171+00:00,2026-07-10T01:00:48.994124,5,3,113.4,0.2,113.3,5,113.2,40,113.1,100,113.0,150,112.9,5,,,,,,,,,,,113.5,145,113.6,100,113.8,40,,,,,,,,,,,,,,
2026-07-10T01:00:49.190715+00:00,2026-07-10T01:00:49.190594,5,3,113.4,0.2,113.3,5,113.2,40,113.1,100,113.0,150,112.9,5,,,,,,,,,,,113.5,95,113.6,100,113.8,40,,,,,,,,,,,,,,
2026-07-10T01:00:49.201225+00:00,2026-07-10T01:00:49.201108,4,3,113.35,0.3,113.2,40,113.1,100,113.0,150,112.9,5,,,,,,,,,,,,,113.5,95,113.6,100,113.8,40,,,,,,,,,,,,,,
2026-07-10T01:00:49.206476+00:00,2026-07-10T01:00:49.206366,5,3,113.4,0.2,113.3,5,113.2,40,113.1,100,113.0,150,112.9,5,,,,,,,,,,,113.5,90,113.6,100,113.8,40,,,,,,,,,,,,,,
2026-07-10T01:00:49.211685+00:00,2026-07-10T01:00:49.211573,5,3,113.4,0.2,113.3,5,113.2,40,113.1,100,113.0,150,112.9,5,,,,,,,,,,,113.5,95,113.6,100,113.8,40,,,,,,,,,,,,,,
2026-07-10T01:00:49.358596+00:00,2026-07-10T01:00:49.355633,4,2,113.4,0.2,113.3,5,113.2,40,113.0,150,112.9,5,,,,,,,,,,,,,113.5,95,113.8,40,,,,,,,,,,,,,,,,
2026-07-10T01:00:49.378948+00:00,2026-07-10T01:00:49.379117,4,2,113.4,0.2,113.3,5,113.2,40,113.0,150,112.9,5,,,,,,,,,,,,,113.5,46,113.8,40,,,,,,,,,,,,,,,,
2026-07-10T01:00:49.414581+00:00,2026-07-10T01:00:49.414514,4,2,113.4,0.2,113.3,105,113.2,40,113.0,150,112.9,5,,,,,,,,,,,,,113.5,46,113.8,40,,,,,,,,,,,,,,,,
2026-07-10T01:00:49.471355+00:00,2026-07-10T01:00:49.471291,4,2,113.4,0.2,113.3,105,113.2,40,113.0,150,112.9,5,,,,,,,,,,,,,113.5,46,113.8,140,,,,,,,,,,,,,,,,
2026-07-10T01:00:49.885780+00:00,2026-07-10T01:00:49.885707,3,2,113.4,0.2,113.3,105,113.2,40,112.9,5,,,,,,,,,,,,,,,113.5,5,113.8,140,,,,,,,,,,,,,,,,
2026-07-10T01:00:49.954435+00:00,2026-07-10T01:00:49.946250,4,1,113.75,0.1,113.7,142,113.3,105,113.2,40,112.9,5,,,,,,,,,,,,,113.8,140,,,,,,,,,,,,,,,,,,
2026-07-10T01:00:49.969774+00:00,2026-07-10T01:00:49.970071,4,1,113.75,0.1,113.7,135,113.3,105,113.2,40,112.9,5,,,,,,,,,,,,,113.8,140,,,,,,,,,,,,,,,,,,
2026-07-10T01:00:49.998312+00:00,2026-07-10T01:00:49.998223,4,2,113.75,0.1,113.7,135,113.3,105,113.2,40,112.9,5,,,,,,,,,,,,,113.8,140,114.2,150,,,,,,,,,,,,,,,,
2026-07-10T01:00:50.240558+00:00,2026-07-10T01:00:50.240485,4,2,113.75,0.1,113.7,135,113.3,100,113.2,40,112.9,5,,,,,,,,,,,,,113.8,140,114.2,150,,,,,,,,,,,,,,,,
2026-07-10T01:00:50.245800+00:00,2026-07-10T01:00:50.245707,4,2,113.75,0.1,113.7,140,113.3,100,113.2,40,112.9,5,,,,,,,,,,,,,113.8,140,114.2,150,,,,,,,,,,,,,,,,
2026-07-10T01:00:50.250962+00:00,2026-07-10T01:00:50.250907,4,2,113.75,0.1,113.7,140,113.3,100,113.2,40,112.9,5,,,,,,,,,,,,,113.8,145,114.2,150,,,,,,,,,,,,,,,,
2026-07-10T01:00:51.274597+00:00,2026-07-10T01:00:51.274538,4,2,113.75,0.1,113.7,135,113.3,100,113.2,40,112.9,5,,,,,,,,,,,,,113.8,145,114.2,150,,,,,,,,,,,,,,,,
2026-07-10T01:00:51.285147+00:00,2026-07-10T01:00:51.285055,3,2,113.75,0.1,113.7,135,113.3,100,113.2,40,,,,,,,,,,,,,,,113.8,140,114.2,150,,,,,,,,,,,,,,,,
2026-07-10T01:00:51.290405+00:00,2026-07-10T01:00:51.290350,3,2,113.75,0.1,113.7,140,113.3,100,113.2,40,,,,,,,,,,,,,,,113.8,145,114.2,150,,,,,,,,,,,,,,,,
2026-07-10T01:00:51.300899+00:00,2026-07-10T01:00:51.300791,3,2,113.75,0.1,113.7,140,113.3,100,113.2,40,,,,,,,,,,,,,,,113.8,95,114.2,150,,,,,,,,,,,,,,,,
2026-07-10T01:00:51.439073+00:00,2026-07-10T01:00:51.439271,2,2,113.75,0.1,113.7,140,113.3,100,,,,,,,,,,,,,,,,,113.8,95,114.2,150,,,,,,,,,,,,,,,,
2026-07-10T01:00:51.444553+00:00,2026-07-10T01:00:51.444510,2,2,113.75,0.1,113.7,140,113.3,140,,,,,,,,,,,,,,,,,113.8,95,114.2,150,,,,,,,,,,,,,,,,
2026-07-10T01:00:51.449914+00:00,2026-07-10T01:00:51.449752,2,3,113.75,0.1,113.7,140,113.3,140,,,,,,,,,,,,,,,,,113.8,95,113.9,40,114.2,150,,,,,,,,,,,,,,
2026-07-10T01:00:51.542955+00:00,2026-07-10T01:00:51.542877,3,3,113.75,0.1,113.7,140,113.3,140,113.1,5,,,,,,,,,,,,,,,113.8,95,113.9,40,114.2,150,,,,,,,,,,,,,,
2026-07-10T01:00:52.258671+00:00,2026-07-10T01:00:52.256275,3,3,113.75,0.1,113.7,93,113.3,140,113.1,5,,,,,,,,,,,,,,,113.8,95,113.9,40,114.2,150,,,,,,,,,,,,,,
2026-07-10T01:00:52.304840+00:00,2026-07-10T01:00:52.304798,3,3,113.75,0.1,113.7,88,113.3,140,113.1,5,,,,,,,,,,,,,,,113.8,95,113.9,40,114.2,150,,,,,,,,,,,,,,
2026-07-10T01:00:52.310120+00:00,2026-07-10T01:00:52.309996,3,3,113.75,0.1,113.7,88,113.3,140,113.1,5,,,,,,,,,,,,,,,113.8,90,113.9,40,114.2,150,,,,,,,,,,,,,,
2026-07-10T01:00:52.315319+00:00,2026-07-10T01:00:52.315229,3,3,113.75,0.1,113.7,93,113.3,140,113.1,5,,,,,,,,,,,,,,,113.8,95,113.9,40,114.2,150,,,,,,,,,,,,,,
2026-07-10T01:00:52.513005+00:00,2026-07-10T01:00:52.501941,3,3,113.75,0.1,113.7,82,113.3,140,113.1,5,,,,,,,,,,,,,,,113.8,95,113.9,40,114.2,150,,,,,,,,,,,,,,
2026-07-10T01:00:52.528777+00:00,2026-07-10T01:00:52.528573,3,2,113.75,0.1,113.7,82,113.2,40,113.1,5,,,,,,,,,,,,,,,113.8,5,114.2,150,,,,,,,,,,,,,,,,
2026-07-10T01:00:52.533930+00:00,2026-07-10T01:00:52.533808,3,2,113.75,0.1,113.7,82,113.2,40,113.1,5,,,,,,,,,,,,,,,113.8,45,114.2,150,,,,,,,,,,,,,,,,
2026-07-10T01:00:52.582484+00:00,2026-07-10T01:00:52.582307,4,2,113.75,0.1,113.7,82,113.3,100,113.2,40,113.1,5,,,,,,,,,,,,,113.8,45,114.2,150,,,,,,,,,,,,,,,,
2026-07-10T01:00:52.587777+00:00,2026-07-10T01:00:52.587636,4,2,113.75,0.1,113.7,57,113.3,100,113.2,40,113.1,5,,,,,,,,,,,,,113.8,45,114.2,150,,,,,,,,,,,,,,,,
2026-07-10T01:00:52.635575+00:00,2026-07-10T01:00:52.635536,4,2,113.75,0.1,113.7,57,113.3,100,113.2,40,113.1,5,,,,,,,,,,,,,113.8,145,114.2,150,,,,,,,,,,,,,,,,
2026-07-10T01:00:53.055784+00:00,2026-07-10T01:00:53.055695,4,1,113.75,0.1,113.7,5,113.3,100,113.2,40,113.1,5,,,,,,,,,,,,,113.8,145,,,,,,,,,,,,,,,,,,
2026-07-10T01:00:53.109494+00:00,2026-07-10T01:00:53.109433,4,1,113.75,0.1,113.7,5,113.3,100,113.2,190,113.1,5,,,,,,,,,,,,,113.8,145,,,,,,,,,,,,,,,,,,
2026-07-10T01:00:53.165732+00:00,2026-07-10T01:00:53.165681,3,2,113.5,0.4,113.3,100,113.2,190,113.1,5,,,,,,,,,,,,,,,113.7,145,113.8,145,,,,,,,,,,,,,,,,
2026-07-10T01:00:53.333891+00:00,2026-07-10T01:00:53.334084,3,2,113.5,0.4,113.3,105,113.2,190,113.1,5,,,,,,,,,,,,,,,113.7,145,113.8,140,,,,,,,,,,,,,,,,
2026-07-10T01:00:53.339363+00:00,2026-07-10T01:00:53.339283,3,2,113.5,0.4,113.3,105,113.2,190,113.1,5,,,,,,,,,,,,,,,113.7,150,113.8,140,,,,,,,,,,,,,,,,
2026-07-10T01:00:53.429415+00:00,2026-07-10T01:00:53.429520,3,2,113.5,0.4,113.3,105,113.2,190,113.1,5,,,,,,,,,,,,,,,113.7,100,113.8,140,,,,,,,,,,,,,,,,
2026-07-10T01:00:54.070479+00:00,2026-07-10T01:00:54.070366,3,2,113.5,0.4,113.3,105,113.2,150,113.1,5,,,,,,,,,,,,,,,113.7,100,113.8,140,,,,,,,,,,,,,,,,
2026-07-10T01:00:54.075661+00:00,2026-07-10T01:00:54.075616,3,2,113.5,0.4,113.3,145,113.2,150,113.1,5,,,,,,,,,,,,,,,113.7,100,113.8,140,,,,,,,,,,,,,,,,
2026-07-10T01:00:54.081009+00:00,2026-07-10T01:00:54.080911,3,3,113.5,0.4,113.3,145,113.2,150,113.1,5,,,,,,,,,,,,,,,113.7,100,113.8,100,113.9,40,,,,,,,,,,,,,,
2026-07-10T01:00:54.358641+00:00,2026-07-10T01:00:54.356975,3,3,113.5,0.4,113.3,140,113.2,150,113.1,5,,,,,,,,,,,,,,,113.7,95,113.8,100,113.9,40,,,,,,,,,,,,,,
2026-07-10T01:00:54.370316+00:00,2026-07-10T01:00:54.370281,3,3,113.5,0.4,113.3,145,113.2,150,113.1,5,,,,,,,,,,,,,,,113.7,100,113.8,100,113.9,40,,,,,,,,,,,,,,
2026-07-10T01:00:55.269401+00:00,2026-07-10T01:00:55.269353,3,3,113.5,0.4,113.3,145,113.2,150,113.1,5,,,,,,,,,,,,,,,113.7,53,113.8,100,113.9,40,,,,,,,,,,,,,,
2026-07-10T01:00:55.388015+00:00,2026-07-10T01:00:55.387941,3,3,113.5,0.4,113.3,140,113.2,150,113.1,5,,,,,,,,,,,,,,,113.7,48,113.8,100,113.9,40,,,,,,,,,,,,,,
2026-07-10T01:00:55.393248+00:00,2026-07-10T01:00:55.393170,3,3,113.5,0.4,113.3,145,113.2,150,113.1,5,,,,,,,,,,,,,,,113.7,48,113.8,100,113.9,40,,,,,,,,,,,,,,
2026-07-10T01:00:55.398472+00:00,2026-07-10T01:00:55.398363,3,3,113.5,0.4,113.3,145,113.2,150,113.1,5,,,,,,,,,,,,,,,113.7,53,113.8,100,113.9,40,,,,,,,,,,,,,,
2026-07-10T01:00:55.687627+00:00,2026-07-10T01:00:55.687479,3,2,113.5,0.4,113.3,145,113.2,150,113.1,5,,,,,,,,,,,,,,,113.7,53,113.9,40,,,,,,,,,,,,,,,,
2026-07-10T01:00:55.692744+00:00,2026-07-10T01:00:55.692645,3,2,113.5,0.4,113.3,45,113.2,150,113.1,5,,,,,,,,,,,,,,,113.7,53,113.9,40,,,,,,,,,,,,,,,,
2026-07-10T01:00:55.745960+00:00,2026-07-10T01:00:55.745882,4,2,113.55,0.3,113.4,100,113.3,45,113.2,150,113.1,5,,,,,,,,,,,,,113.7,53,113.9,40,,,,,,,,,,,,,,,,
2026-07-10T01:00:55.801279+00:00,2026-07-10T01:00:55.801393,4,2,113.55,0.3,113.4,100,113.3,45,113.2,150,113.1,5,,,,,,,,,,,,,113.7,53,113.9,140,,,,,,,,,,,,,,,,
2026-07-10T01:00:56.135739+00:00,2026-07-10T01:00:56.128047,4,2,113.55,0.3,113.4,100,113.3,45,113.2,150,113.1,5,,,,,,,,,,,,,113.7,42,113.9,140,,,,,,,,,,,,,,,,
2026-07-10T01:00:56.202218+00:00,2026-07-10T01:00:56.202116,4,2,113.55,0.3,113.4,140,113.3,5,113.2,150,113.1,5,,,,,,,,,,,,,113.7,42,113.9,140,,,,,,,,,,,,,,,,
2026-07-10T01:00:56.207465+00:00,2026-07-10T01:00:56.207361,4,2,113.55,0.3,113.4,140,113.3,5,113.2,150,113.1,5,,,,,,,,,,,,,113.7,42,113.9,100,,,,,,,,,,,,,,,,
2026-07-10T01:00:56.212720+00:00,2026-07-10T01:00:56.212590,4,3,113.55,0.3,113.4,140,113.3,5,113.2,150,113.1,5,,,,,,,,,,,,,113.7,42,113.9,100,114.0,40,,,,,,,,,,,,,,
2026-07-10T01:00:56.217691+00:00,2026-07-10T01:00:56.217801,4,3,113.55,0.3,113.4,140,113.3,5,113.2,150,113.1,5,,,,,,,,,,,,,113.7,5,113.9,100,114.0,40,,,,,,,,,,,,,,
2026-07-10T01:00:56.223138+00:00,2026-07-10T01:00:56.223009,3,3,113.55,0.3,113.4,140,113.3,5,113.1,5,,,,,,,,,,,,,,,113.7,5,113.9,100,114.0,40,,,,,,,,,,,,,,
2026-07-10T01:00:56.275234+00:00,2026-07-10T01:00:56.275149,4,2,113.85,0.1,113.8,145,113.4,140,113.3,5,113.1,5,,,,,,,,,,,,,113.9,100,114.0,40,,,,,,,,,,,,,,,,
2026-07-10T01:00:56.325993+00:00,2026-07-10T01:00:56.325957,4,3,113.85,0.1,113.8,145,113.4,140,113.3,5,113.1,5,,,,,,,,,,,,,113.9,100,114.0,40,114.3,150,,,,,,,,,,,,,,
2026-07-10T01:00:56.413663+00:00,2026-07-10T01:00:56.413625,3,3,113.85,0.1,113.8,145,113.4,140,113.1,5,,,,,,,,,,,,,,,113.9,100,114.0,40,114.3,150,,,,,,,,,,,,,,
2026-07-10T01:00:56.418970+00:00,2026-07-10T01:00:56.418857,3,3,113.85,0.1,113.8,150,113.4,140,113.1,5,,,,,,,,,,,,,,,113.9,100,114.0,40,114.3,150,,,,,,,,,,,,,,
2026-07-10T01:00:56.424024+00:00,2026-07-10T01:00:56.424169,3,3,113.85,0.1,113.8,150,113.4,140,113.1,5,,,,,,,,,,,,,,,113.9,105,114.0,40,114.3,150,,,,,,,,,,,,,,
2026-07-10T01:00:56.612440+00:00,2026-07-10T01:00:56.606002,3,3,113.85,0.1,113.8,139,113.4,140,113.1,5,,,,,,,,,,,,,,,113.9,105,114.0,40,114.3,150,,,,,,,,,,,,,,
2026-07-10T01:00:56.685255+00:00,2026-07-10T01:00:56.685457,4,3,113.85,0.1,113.8,139,113.4,100,113.3,40,113.1,5,,,,,,,,,,,,,113.9,105,114.0,40,114.3,150,,,,,,,,,,,,,,
2026-07-10T01:00:56.690851+00:00,2026-07-10T01:00:56.690705,4,2,113.85,0.1,113.8,139,113.4,100,113.3,40,113.1,5,,,,,,,,,,,,,113.9,105,114.3,150,,,,,,,,,,,,,,,,
2026-07-10T01:00:56.696135+00:00,2026-07-10T01:00:56.695976,4,2,113.85,0.1,113.8,139,113.4,100,113.3,40,113.1,5,,,,,,,,,,,,,113.9,145,114.3,150,,,,,,,,,,,,,,,,
2026-07-10T01:00:56.902602+00:00,2026-07-10T01:00:56.902493,3,2,113.85,0.1,113.8,139,113.4,100,113.3,40,,,,,,,,,,,,,,,113.9,96,114.3,150,,,,,,,,,,,,,,,,
2026-07-10T01:00:56.907759+00:00,2026-07-10T01:00:56.907686,3,2,113.85,0.1,113.8,139,113.4,100,113.3,45,,,,,,,,,,,,,,,113.9,96,114.3,150,,,,,,,,,,,,,,,,
2026-07-10T01:00:57.440516+00:00,2026-07-10T01:00:57.440474,3,2,113.85,0.1,113.8,134,113.4,100,113.3,45,,,,,,,,,,,,,,,113.9,96,114.3,150,,,,,,,,,,,,,,,,
2026-07-10T01:00:57.445762+00:00,2026-07-10T01:00:57.445696,3,2,113.85,0.1,113.8,139,113.4,100,113.3,45,,,,,,,,,,,,,,,113.9,91,114.3,150,,,,,,,,,,,,,,,,
2026-07-10T01:00:57.458586+00:00,2026-07-10T01:00:57.451023,3,2,113.85,0.1,113.8,99,113.4,100,113.3,45,,,,,,,,,,,,,,,113.9,56,114.3,150,,,,,,,,,,,,,,,,
2026-07-10T01:00:57.627774+00:00,2026-07-10T01:00:57.627662,3,3,113.85,0.1,113.8,99,113.4,100,113.3,45,,,,,,,,,,,,,,,113.9,56,114.0,40,114.3,150,,,,,,,,,,,,,,
2026-07-10T01:00:58.476382+00:00,2026-07-10T01:00:58.476262,3,3,113.85,0.1,113.8,94,113.4,100,113.3,45,,,,,,,,,,,,,,,113.9,51,114.0,40,114.3,150,,,,,,,,,,,,,,
2026-07-10T01:00:58.481622+00:00,2026-07-10T01:00:58.481506,3,3,113.85,0.1,113.8,99,113.4,100,113.3,45,,,,,,,,,,,,,,,113.9,56,114.0,40,114.3,150,,,,,,,,,,,,,,
2026-07-10T01:00:58.557805+00:00,2026-07-10T01:00:58.551558,3,3,113.85,0.1,113.8,87,113.4,100,113.3,45,,,,,,,,,,,,,,,113.9,56,114.0,40,114.3,150,,,,,,,,,,,,,,
2026-07-10T01:00:58.683720+00:00,2026-07-10T01:00:58.683599,3,2,113.85,0.1,113.8,87,113.4,100,113.3,45,,,,,,,,,,,,,,,113.9,56,114.3,150,,,,,,,,,,,,,,,,
2026-07-10T01:00:58.833680+00:00,2026-07-10T01:00:58.833631,3,2,113.85,0.1,113.8,87,113.4,100,113.3,45,,,,,,,,,,,,,,,113.9,96,114.3,150,,,,,,,,,,,,,,,,
2026-07-10T01:00:58.874425+00:00,2026-07-10T01:00:58.874326,3,2,113.85,0.1,113.8,87,113.4,100,113.3,45,,,,,,,,,,,,,,,113.9,45,114.3,150,,,,,,,,,,,,,,,,
2026-07-10T01:00:58.879699+00:00,2026-07-10T01:00:58.879518,2,2,113.85,0.1,113.8,87,113.3,45,,,,,,,,,,,,,,,,,113.9,45,114.3,150,,,,,,,,,,,,,,,,
2026-07-10T01:00:58.929285+00:00,2026-07-10T01:00:58.929178,3,2,113.85,0.1,113.8,87,113.4,100,113.3,45,,,,,,,,,,,,,,,113.9,45,114.3,150,,,,,,,,,,,,,,,,
2026-07-10T01:00:58.986164+00:00,2026-07-10T01:00:58.986098,3,2,113.85,0.1,113.8,87,113.4,100,113.3,45,,,,,,,,,,,,,,,113.9,145,114.3,150,,,,,,,,,,,,,,,,
2026-07-10T01:00:59.385825+00:00,2026-07-10T01:00:59.385740,3,1,113.85,0.1,113.8,5,113.4,100,113.3,45,,,,,,,,,,,,,,,113.9,145,,,,,,,,,,,,,,,,,,
2026-07-10T01:00:59.440401+00:00,2026-07-10T01:00:59.440252,3,1,113.85,0.1,113.8,5,113.4,100,113.3,195,,,,,,,,,,,,,,,113.9,145,,,,,,,,,,,,,,,,,,
2026-07-10T01:00:59.493317+00:00,2026-07-10T01:00:59.493204,2,2,113.6,0.4,113.4,100,113.3,195,,,,,,,,,,,,,,,,,113.8,145,113.9,145,,,,,,,,,,,,,,,,
2026-07-10T01:00:59.509114+00:00,2026-07-10T01:00:59.509086,2,2,113.6,0.4,113.4,100,113.3,195,,,,,,,,,,,,,,,,,113.8,145,113.9,140,,,,,,,,,,,,,,,,
2026-07-10T01:00:59.514173+00:00,2026-07-10T01:00:59.514309,2,2,113.6,0.4,113.4,105,113.3,195,,,,,,,,,,,,,,,,,113.8,150,113.9,140,,,,,,,,,,,,,,,,
2026-07-10T01:00:59.663996+00:00,2026-07-10T01:00:59.663932,2,2,113.6,0.4,113.4,58,113.3,195,,,,,,,,,,,,,,,,,113.8,150,113.9,140,,,,,,,,,,,,,,,,
2026-07-10T01:01:00.542521+00:00,2026-07-10T01:01:00.542477,2,2,113.6,0.4,113.4,53,113.3,195,,,,,,,,,,,,,,,,,113.8,145,113.9,140,,,,,,,,,,,,,,,,
2026-07-10T01:01:00.547792+00:00,2026-07-10T01:01:00.547740,2,2,113.6,0.4,113.4,58,113.3,195,,,,,,,,,,,,,,,,,113.8,145,113.9,140,,,,,,,,,,,,,,,,
2026-07-10T01:01:00.552835+00:00,2026-07-10T01:01:00.552913,2,2,113.6,0.4,113.4,58,113.3,195,,,,,,,,,,,,,,,,,113.8,150,113.9,140,,,,,,,,,,,,,,,,
2026-07-10T01:01:01.579771+00:00,2026-07-10T01:01:01.579651,2,2,113.6,0.4,113.4,53,113.3,195,,,,,,,,,,,,,,,,,113.8,150,113.9,140,,,,,,,,,,,,,,,,
2026-07-10T01:01:01.584977+00:00,2026-07-10T01:01:01.584899,2,2,113.6,0.4,113.4,58,113.3,195,,,,,,,,,,,,,,,,,113.8,145,113.9,140,,,,,,,,,,,,,,,,
2026-07-10T01:01:01.600688+00:00,2026-07-10T01:01:01.600630,2,2,113.6,0.4,113.4,58,113.3,195,,,,,,,,,,,,,,,,,113.8,150,113.9,140,,,,,,,,,,,,,,,,
2026-07-10T01:01:01.905934+00:00,2026-07-10T01:01:01.905771,2,2,113.6,0.4,113.4,8,113.3,195,,,,,,,,,,,,,,,,,113.8,150,113.9,140,,,,,,,,,,,,,,,,
2026-07-10T01:01:01.934680+00:00,2026-07-10T01:01:01.934548,2,3,113.55,0.3,113.4,8,113.3,195,,,,,,,,,,,,,,,,,113.7,1,113.8,150,113.9,140,,,,,,,,,,,,,,
2026-07-10T01:01:02.012324+00:00,2026-07-10T01:01:02.012501,2,3,113.55,0.3,113.4,8,113.3,155,,,,,,,,,,,,,,,,,113.7,1,113.8,150,113.9,140,,,,,,,,,,,,,,
2026-07-10T01:01:02.017975+00:00,2026-07-10T01:01:02.017903,3,3,113.55,0.3,113.4,8,113.3,155,113.2,40,,,,,,,,,,,,,,,113.7,1,113.8,150,113.9,140,,,,,,,,,,,,,,
2026-07-10T01:01:02.039056+00:00,2026-07-10T01:01:02.038979,3,3,113.55,0.3,113.4,5,113.3,155,113.2,40,,,,,,,,,,,,,,,113.7,1,113.8,150,113.9,40,,,,,,,,,,,,,,
2026-07-10T01:01:02.091980+00:00,2026-07-10T01:01:02.091902,4,3,113.55,0.3,113.4,5,113.3,155,113.2,40,113.1,100,,,,,,,,,,,,,113.7,1,113.8,150,113.9,40,,,,,,,,,,,,,,
2026-07-10T01:01:02.147922+00:00,2026-07-10T01:01:02.147777,4,4,113.5,0.2,113.4,5,113.3,155,113.2,40,113.1,100,,,,,,,,,,,,,113.6,100,113.7,1,113.8,150,113.9,40,,,,,,,,,,,,
2026-07-10T01:01:02.188292+00:00,2026-07-10T01:01:02.182116,4,4,113.5,0.2,113.4,5,113.3,155,113.2,40,113.1,100,,,,,,,,,,,,,113.6,77,113.7,1,113.8,150,113.9,40,,,,,,,,,,,,
2026-07-10T01:01:02.338838+00:00,2026-07-10T01:01:02.338712,3,4,113.5,0.2,113.4,45,113.3,155,113.1,100,,,,,,,,,,,,,,,113.6,77,113.7,1,113.8,150,113.9,40,,,,,,,,,,,,
2026-07-10T01:01:02.343971+00:00,2026-07-10T01:01:02.343919,3,3,113.5,0.2,113.4,45,113.3,155,113.1,100,,,,,,,,,,,,,,,113.6,77,113.7,1,113.8,150,,,,,,,,,,,,,,
2026-07-10T01:01:02.398703+00:00,2026-07-10T01:01:02.398664,3,3,113.5,0.2,113.4,45,113.3,155,113.1,100,,,,,,,,,,,,,,,113.6,33,113.7,1,113.8,150,,,,,,,,,,,,,,
2026-07-10T01:01:02.521640+00:00,2026-07-10T01:01:02.521553,3,4,113.5,0.2,113.4,45,113.3,155,113.1,100,,,,,,,,,,,,,,,113.6,33,113.7,1,113.8,150,114.0,40,,,,,,,,,,,,
2026-07-10T01:01:02.558621+00:00,2026-07-10T01:01:02.555839,3,4,113.5,0.2,113.4,45,113.3,5,113.1,100,,,,,,,,,,,,,,,113.6,33,113.7,1,113.8,5,114.0,40,,,,,,,,,,,,
2026-07-10T01:01:02.624247+00:00,2026-07-10T01:01:02.624150,4,4,113.55,0.1,113.5,150,113.4,45,113.3,5,113.1,100,,,,,,,,,,,,,113.6,33,113.7,1,113.8,5,114.0,40,,,,,,,,,,,,
2026-07-10T01:01:02.639988+00:00,2026-07-10T01:01:02.639875,4,4,113.55,0.1,113.5,150,113.4,40,113.3,5,113.1,100,,,,,,,,,,,,,113.6,33,113.7,1,113.8,5,114.0,40,,,,,,,,,,,,
2026-07-10T01:01:02.645251+00:00,2026-07-10T01:01:02.645181,4,3,113.55,0.1,113.5,155,113.4,40,113.3,5,113.1,100,,,,,,,,,,,,,113.6,33,113.7,1,114.0,40,,,,,,,,,,,,,,
2026-07-10T01:01:02.650311+00:00,2026-07-10T01:01:02.650420,4,3,113.55,0.1,113.5,155,113.4,40,113.3,5,113.1,100,,,,,,,,,,,,,113.6,38,113.7,1,114.0,40,,,,,,,,,,,,,,
2026-07-10T01:01:02.677923+00:00,2026-07-10T01:01:02.677837,4,3,113.55,0.1,113.5,155,113.4,40,113.3,5,113.1,100,,,,,,,,,,,,,113.6,38,113.7,1,114.0,190,,,,,,,,,,,,,,
2026-07-10T01:01:02.964149+00:00,2026-07-10T01:01:02.964061,4,3,113.55,0.1,113.5,155,113.4,40,113.3,4,113.1,100,,,,,,,,,,,,,113.6,38,113.7,1,114.0,190,,,,,,,,,,,,,,
2026-07-10T01:01:03.294440+00:00,2026-07-10T01:01:03.294369,3,3,113.55,0.1,113.5,155,113.3,4,113.1,100,,,,,,,,,,,,,,,113.6,38,113.7,1,114.0,190,,,,,,,,,,,,,,
2026-07-10T01:01:03.299829+00:00,2026-07-10T01:01:03.299629,4,3,113.55,0.1,113.5,155,113.3,4,113.2,40,113.1,100,,,,,,,,,,,,,113.6,38,113.7,1,114.0,190,,,,,,,,,,,,,,
2026-07-10T01:01:03.304929+00:00,2026-07-10T01:01:03.304877,4,3,113.55,0.1,113.5,155,113.3,4,113.2,40,113.1,100,,,,,,,,,,,,,113.6,38,113.7,1,114.0,150,,,,,,,,,,,,,,
2026-07-10T01:01:03.458598+00:00,2026-07-10T01:01:03.457295,4,4,113.55,0.1,113.5,155,113.3,4,113.2,40,113.1,100,,,,,,,,,,,,,113.6,38,113.7,1,113.9,40,114.0,150,,,,,,,,,,,,
2026-07-10T01:01:03.564033+00:00,2026-07-10T01:01:03.563922,4,4,113.55,0.1,113.5,108,113.3,4,113.2,40,113.1,100,,,,,,,,,,,,,113.6,38,113.7,1,113.9,40,114.0,150,,,,,,,,,,,,
2026-07-10T01:01:03.663745+00:00,2026-07-10T01:01:03.663999,4,4,113.55,0.1,113.5,103,113.3,4,113.2,40,113.1,100,,,,,,,,,,,,,113.6,38,113.7,1,113.9,40,114.0,150,,,,,,,,,,,,
2026-07-10T01:01:03.669325+00:00,2026-07-10T01:01:03.669233,4,4,113.55,0.1,113.5,103,113.3,4,113.2,40,113.1,100,,,,,,,,,,,,,113.6,33,113.7,1,113.9,40,114.0,150,,,,,,,,,,,,
2026-07-10T01:01:03.674626+00:00,2026-07-10T01:01:03.674527,4,4,113.55,0.1,113.5,108,113.3,4,113.2,40,113.1,100,,,,,,,,,,,,,113.6,38,113.7,1,113.9,40,114.0,150,,,,,,,,,,,,
2026-07-10T01:01:03.961500+00:00,2026-07-10T01:01:03.961344,4,2,113.7,0.4,113.5,108,113.3,4,113.2,40,113.1,100,,,,,,,,,,,,,113.9,40,114.0,150,,,,,,,,,,,,,,,,
2026-07-10T01:01:04.018539+00:00,2026-07-10T01:01:04.018479,4,2,113.7,0.4,113.5,83,113.3,4,113.2,40,113.1,100,,,,,,,,,,,,,113.9,40,114.0,150,,,,,,,,,,,,,,,,
2026-07-10T01:01:04.051713+00:00,2026-07-10T01:01:04.051837,4,3,113.6,0.2,113.5,83,113.3,4,113.2,40,113.1,100,,,,,,,,,,,,,113.7,2,113.9,40,114.0,150,,,,,,,,,,,,,,
2026-07-10T01:01:04.524558+00:00,2026-07-10T01:01:04.524472,4,3,113.6,0.2,113.5,83,113.4,40,113.3,4,113.1,100,,,,,,,,,,,,,113.7,2,113.9,40,114.0,150,,,,,,,,,,,,,,
2026-07-10T01:01:04.529701+00:00,2026-07-10T01:01:04.529651,4,2,113.6,0.2,113.5,83,113.4,40,113.3,4,113.1,100,,,,,,,,,,,,,113.7,2,114.0,150,,,,,,,,,,,,,,,,
2026-07-10T01:01:04.683550+00:00,2026-07-10T01:01:04.683422,4,2,113.6,0.2,113.5,83,113.4,40,113.3,4,113.1,100,,,,,,,,,,,,,113.7,2,114.0,190,,,,,,,,,,,,,,,,
2026-07-10T01:01:04.693724+00:00,2026-07-10T01:01:04.693884,4,2,113.6,0.2,113.5,83,113.4,40,113.3,4,113.1,100,,,,,,,,,,,,,113.7,2,114.0,190,,,,,,,,,,,,,,,,
2026-07-10T01:01:04.699224+00:00,2026-07-10T01:01:04.699089,4,2,113.6,0.2,113.5,83,113.4,40,113.3,4,113.1,100,,,,,,,,,,,,,113.7,7,114.0,190,,,,,,,,,,,,,,,,
2026-07-10T01:01:05.204438+00:00,2026-07-10T01:01:05.204308,3,2,113.6,0.2,113.5,83,113.4,40,113.3,4,,,,,,,,,,,,,,,113.7,7,114.0,190,,,,,,,,,,,,,,,,
2026-07-10T01:01:05.258582+00:00,2026-07-10T01:01:05.257916,3,2,113.6,0.2,113.5,183,113.4,40,113.3,4,,,,,,,,,,,,,,,113.7,7,114.0,190,,,,,,,,,,,,,,,,
2026-07-10T01:01:05.309627+00:00,2026-07-10T01:01:05.309503,3,2,113.6,0.2,113.5,138,113.4,40,113.3,4,,,,,,,,,,,,,,,113.7,7,114.0,190,,,,,,,,,,,,,,,,
2026-07-10T01:01:05.314855+00:00,2026-07-10T01:01:05.314698,3,2,113.6,0.2,113.5,138,113.4,40,113.3,4,,,,,,,,,,,,,,,113.7,7,114.0,290,,,,,,,,,,,,,,,,
2026-07-10T01:01:05.715738+00:00,2026-07-10T01:01:05.715708,3,2,113.6,0.2,113.5,133,113.4,40,113.3,4,,,,,,,,,,,,,,,113.7,7,114.0,290,,,,,,,,,,,,,,,,
2026-07-10T01:01:05.720973+00:00,2026-07-10T01:01:05.720908,3,2,113.6,0.2,113.5,133,113.4,40,113.3,4,,,,,,,,,,,,,,,113.7,2,114.0,290,,,,,,,,,,,,,,,,
2026-07-10T01:01:05.726239+00:00,2026-07-10T01:01:05.726119,3,2,113.6,0.2,113.5,138,113.4,40,113.3,4,,,,,,,,,,,,,,,113.7,2,114.0,290,,,,,,,,,,,,,,,,
2026-07-10T01:01:05.731490+00:00,2026-07-10T01:01:05.731367,3,2,113.6,0.2,113.5,105,113.4,40,113.3,4,,,,,,,,,,,,,,,113.7,7,114.0,140,,,,,,,,,,,,,,,,
2026-07-10T01:01:05.786738+00:00,2026-07-10T01:01:05.786662,4,2,113.6,0.2,113.5,105,113.4,40,113.3,4,113.0,150,,,,,,,,,,,,,113.7,7,114.0,140,,,,,,,,,,,,,,,,
2026-07-10T01:01:05.841011+00:00,2026-07-10T01:01:05.840979,3,3,113.45,0.1,113.4,40,113.3,4,113.0,150,,,,,,,,,,,,,,,113.5,45,113.7,7,114.0,140,,,,,,,,,,,,,,
2026-07-10T01:01:05.851409+00:00,2026-07-10T01:01:05.844863,3,3,113.45,0.1,113.4,40,113.3,4,113.0,150,,,,,,,,,,,,,,,113.5,42,113.7,7,114.0,140,,,,,,,,,,,,,,
2026-07-10T01:01:06.699973+00:00,2026-07-10T01:01:06.699848,3,3,113.45,0.1,113.4,40,113.3,3,113.0,150,,,,,,,,,,,,,,,113.5,42,113.7,7,114.0,140,,,,,,,,,,,,,,
2026-07-10T01:01:06.758636+00:00,2026-07-10T01:01:06.754845,3,3,113.45,0.1,113.4,45,113.3,3,113.0,150,,,,,,,,,,,,,,,113.5,47,113.7,2,114.0,140,,,,,,,,,,,,,,
2026-07-10T01:01:07.111016+00:00,2026-07-10T01:01:07.110775,3,3,113.45,0.1,113.4,5,113.3,3,113.0,150,,,,,,,,,,,,,,,113.5,47,113.7,2,114.0,140,,,,,,,,,,,,,,
2026-07-10T01:01:07.116405+00:00,2026-07-10T01:01:07.116269,3,3,113.45,0.1,113.4,5,113.3,43,113.0,150,,,,,,,,,,,,,,,113.5,47,113.7,2,114.0,100,,,,,,,,,,,,,,
2026-07-10T01:01:07.273960+00:00,2026-07-10T01:01:07.273822,4,3,113.45,0.1,113.4,5,113.3,3,113.2,40,113.0,150,,,,,,,,,,,,,113.5,47,113.7,2,114.0,100,,,,,,,,,,,,,,
2026-07-10T01:01:07.278915+00:00,2026-07-10T01:01:07.279027,4,4,113.45,0.1,113.4,5,113.3,3,113.2,40,113.0,150,,,,,,,,,,,,,113.5,47,113.7,2,113.9,40,114.0,100,,,,,,,,,,,,
2026-07-10T01:01:07.391605+00:00,2026-07-10T01:01:07.391427,4,4,113.45,0.1,113.4,5,113.3,3,113.2,40,113.0,150,,,,,,,,,,,,,113.5,5,113.7,2,113.9,40,114.0,100,,,,,,,,,,,,
2026-07-10T01:01:07.796223+00:00,2026-07-10T01:01:07.796357,3,4,113.4,0.2,113.3,3,113.2,40,113.0,150,,,,,,,,,,,,,,,113.5,5,113.7,2,113.9,40,114.0,100,,,,,,,,,,,,
2026-07-10T01:01:07.801776+00:00,2026-07-10T01:01:07.801627,3,3,113.5,0.4,113.3,3,113.2,40,113.0,150,,,,,,,,,,,,,,,113.7,2,113.9,40,114.0,100,,,,,,,,,,,,,,
2026-07-10T01:01:07.806948+00:00,2026-07-10T01:01:07.806854,4,4,113.45,0.1,113.4,5,113.3,3,113.2,40,113.0,150,,,,,,,,,,,,,113.5,5,113.7,2,113.9,40,114.0,100,,,,,,,,,,,,
2026-07-10T01:01:07.951441+00:00,2026-07-10T01:01:07.951301,4,2,113.65,0.5,113.4,5,113.3,3,113.2,40,113.0,150,,,,,,,,,,,,,113.9,40,114.0,100,,,,,,,,,,,,,,,,
2026-07-10T01:01:08.143211+00:00,2026-07-10T01:01:08.143084,4,3,113.55,0.3,113.4,5,113.3,3,113.2,40,113.0,150,,,,,,,,,,,,,113.7,2,113.9,40,114.0,100,,,,,,,,,,,,,,
2026-07-10T01:01:08.249327+00:00,2026-07-10T01:01:08.249249,1,3,113.35,0.7,113.0,148,,,,,,,,,,,,,,,,,,,113.7,2,113.9,40,114.0,100,,,,,,,,,,,,,,
2026-07-10T01:01:08.258583+00:00,2026-07-10T01:01:08.256876,2,3,113.55,0.3,113.4,3,113.0,148,,,,,,,,,,,,,,,,,113.7,2,113.9,40,114.0,100,,,,,,,,,,,,,,
2026-07-10T01:01:08.358585+00:00,2026-07-10T01:01:08.357773,3,3,113.55,0.3,113.4,3,113.1,40,113.0,148,,,,,,,,,,,,,,,113.7,2,113.8,40,114.0,100,,,,,,,,,,,,,,
2026-07-10T01:01:08.370009+00:00,2026-07-10T01:01:08.369887,3,2,113.55,0.3,113.4,3,113.1,40,113.0,148,,,,,,,,,,,,,,,113.7,2,113.8,40,,,,,,,,,,,,,,,,
2026-07-10T01:01:08.420728+00:00,2026-07-10T01:01:08.420624,3,2,113.55,0.3,113.4,3,113.1,140,113.0,148,,,,,,,,,,,,,,,113.7,2,113.8,40,,,,,,,,,,,,,,,,
2026-07-10T01:01:08.475597+00:00,2026-07-10T01:01:08.475482,3,3,113.5,0.2,113.4,3,113.1,140,113.0,148,,,,,,,,,,,,,,,113.6,100,113.7,2,113.8,40,,,,,,,,,,,,,,
2026-07-10T01:01:08.534095+00:00,2026-07-10T01:01:08.534029,3,3,113.5,0.2,113.4,3,113.1,100,113.0,148,,,,,,,,,,,,,,,113.6,100,113.7,2,113.8,40,,,,,,,,,,,,,,
2026-07-10T01:01:08.539321+00:00,2026-07-10T01:01:08.539217,4,3,113.5,0.2,113.4,3,113.2,40,113.1,100,113.0,148,,,,,,,,,,,,,113.6,100,113.7,2,113.8,40,,,,,,,,,,,,,,
2026-07-10T01:01:08.834336+00:00,2026-07-10T01:01:08.834215,4,3,113.5,0.2,113.4,8,113.2,40,113.1,100,113.0,148,,,,,,,,,,,,,113.6,100,113.7,2,113.8,40,,,,,,,,,,,,,,
2026-07-10T01:01:08.839514+00:00,2026-07-10T01:01:08.839418,4,3,113.5,0.2,113.4,8,113.2,40,113.1,100,113.0,148,,,,,,,,,,,,,113.6,105,113.7,2,113.8,40,,,,,,,,,,,,,,
2026-07-10T01:01:08.898070+00:00,2026-07-10T01:01:08.897860,3,3,113.5,0.2,113.4,8,113.2,40,113.1,100,,,,,,,,,,,,,,,113.6,105,113.7,2,113.8,40,,,,,,,,,,,,,,
2026-07-10T01:01:08.964164+00:00,2026-07-10T01:01:08.963847,4,3,113.55,0.1,113.5,150,113.4,8,113.2,40,113.1,100,,,,,,,,,,,,,113.6,105,113.7,2,113.8,40,,,,,,,,,,,,,,
2026-07-10T01:01:09.003688+00:00,2026-07-10T01:01:09.003600,4,4,113.55,0.1,113.5,150,113.4,8,113.2,40,113.1,100,,,,,,,,,,,,,113.6,105,113.7,2,113.8,40,114.0,150,,,,,,,,,,,,
2026-07-10T01:01:09.863635+00:00,2026-07-10T01:01:09.863746,4,4,113.55,0.1,113.5,150,113.4,3,113.2,40,113.1,100,,,,,,,,,,,,,113.6,105,113.7,2,113.8,40,114.0,150,,,,,,,,,,,,
2026-07-10T01:01:09.869036+00:00,2026-07-10T01:01:09.868954,4,4,113.55,0.1,113.5,150,113.4,3,113.2,40,113.1,100,,,,,,,,,,,,,113.6,100,113.7,2,113.8,40,114.0,150,,,,,,,,,,,,
2026-07-10T01:01:09.874248+00:00,2026-07-10T01:01:09.874216,4,4,113.55,0.1,113.5,155,113.4,3,113.2,40,113.1,100,,,,,,,,,,,,,113.6,105,113.7,2,113.8,40,114.0,150,,,,,,,,,,,,
2026-07-10T01:01:10.358596+00:00,2026-07-10T01:01:10.354232,4,4,113.55,0.1,113.5,105,113.4,3,113.2,40,113.1,100,,,,,,,,,,,,,113.6,105,113.7,2,113.8,40,114.0,150,,,,,,,,,,,,
2026-07-10T01:01:10.892168+00:00,2026-07-10T01:01:10.892049,4,4,113.55,0.1,113.5,100,113.4,3,113.2,40,113.1,100,,,,,,,,,,,,,113.6,105,113.7,2,113.8,40,114.0,150,,,,,,,,,,,,
2026-07-10T01:01:10.897393+00:00,2026-07-10T01:01:10.897245,4,4,113.55,0.1,113.5,100,113.4,3,113.2,40,113.1,100,,,,,,,,,,,,,113.6,100,113.7,2,113.8,40,114.0,150,,,,,,,,,,,,
2026-07-10T01:01:10.902579+00:00,2026-07-10T01:01:10.902519,4,4,113.55,0.1,113.5,105,113.4,3,113.2,40,113.1,100,,,,,,,,,,,,,113.6,105,113.7,2,113.8,40,114.0,150,,,,,,,,,,,,
2026-07-10T01:01:11.077975+00:00,2026-07-10T01:01:11.077937,4,4,113.55,0.1,113.5,63,113.4,3,113.2,40,113.1,100,,,,,,,,,,,,,113.6,105,113.7,2,113.8,40,114.0,150,,,,,,,,,,,,
2026-07-10T01:01:11.117693+00:00,2026-07-10T01:01:11.117592,4,4,113.55,0.1,113.5,63,113.4,3,113.3,40,113.1,100,,,,,,,,,,,,,113.6,105,113.7,2,113.8,40,114.0,150,,,,,,,,,,,,
2026-07-10T01:01:11.122835+00:00,2026-07-10T01:01:11.122785,4,3,113.55,0.1,113.5,63,113.4,3,113.3,40,113.1,100,,,,,,,,,,,,,113.6,105,113.7,2,114.0,150,,,,,,,,,,,,,,
2026-07-10T01:01:11.128121+00:00,2026-07-10T01:01:11.127992,4,3,113.55,0.1,113.5,63,113.4,3,113.3,40,113.1,100,,,,,,,,,,,,,113.6,105,113.7,2,114.0,190,,,,,,,,,,,,,,
2026-07-10T01:01:11.531242+00:00,2026-07-10T01:01:11.531154,4,3,113.55,0.1,113.5,63,113.4,3,113.3,40,113.1,100,,,,,,,,,,,,,113.6,5,113.7,2,114.0,190,,,,,,,,,,,,,,
2026-07-10T01:01:11.536433+00:00,2026-07-10T01:01:11.536368,3,3,113.55,0.1,113.5,63,113.4,3,113.3,40,,,,,,,,,,,,,,,113.6,5,113.7,2,114.0,190,,,,,,,,,,,,,,
2026-07-10T01:01:11.612806+00:00,2026-07-10T01:01:11.612725,3,3,113.55,0.1,113.5,63,113.4,3,113.3,140,,,,,,,,,,,,,,,113.6,5,113.7,2,114.0,190,,,,,,,,,,,,,,
2026-07-10T01:01:11.658566+00:00,2026-07-10T01:01:11.654275,3,4,113.55,0.1,113.5,63,113.4,3,113.3,140,,,,,,,,,,,,,,,113.6,5,113.7,2,113.8,100,114.0,190,,,,,,,,,,,,
2026-07-10T01:01:11.915835+00:00,2026-07-10T01:01:11.915706,3,4,113.55,0.1,113.5,58,113.4,3,113.3,140,,,,,,,,,,,,,,,113.6,5,113.7,2,113.8,100,114.0,190,,,,,,,,,,,,
2026-07-10T01:01:11.920976+00:00,2026-07-10T01:01:11.920902,3,3,113.6,0.2,113.5,58,113.4,3,113.3,140,,,,,,,,,,,,,,,113.7,2,113.8,100,114.0,190,,,,,,,,,,,,,,
2026-07-10T01:01:11.926228+00:00,2026-07-10T01:01:11.926177,3,4,113.55,0.1,113.5,63,113.4,3,113.3,140,,,,,,,,,,,,,,,113.6,5,113.7,2,113.8,100,114.0,190,,,,,,,,,,,,
2026-07-10T01:01:12.050238+00:00,2026-07-10T01:01:12.051625,3,4,113.55,0.1,113.5,5,113.4,3,113.3,140,,,,,,,,,,,,,,,113.6,5,113.7,2,113.8,100,114.0,40,,,,,,,,,,,,
2026-07-10T01:01:12.111836+00:00,2026-07-10T01:01:12.111796,3,4,113.55,0.1,113.5,5,113.4,2,113.3,290,,,,,,,,,,,,,,,113.6,5,113.7,2,113.8,100,114.0,40,,,,,,,,,,,,
2026-07-10T01:01:12.165396+00:00,2026-07-10T01:01:12.165362,3,4,113.55,0.1,113.5,5,113.4,2,113.3,290,,,,,,,,,,,,,,,113.6,5,113.7,2,113.8,250,114.0,40,,,,,,,,,,,,
2026-07-10T01:01:12.212934+00:00,2026-07-10T01:01:12.212763,3,2,113.65,0.3,113.5,5,113.4,2,113.3,290,,,,,,,,,,,,,,,113.8,211,114.0,40,,,,,,,,,,,,,,,,
2026-07-10T01:01:12.269192+00:00,2026-07-10T01:01:12.269025,3,3,113.6,0.2,113.5,5,113.4,2,113.3,290,,,,,,,,,,,,,,,113.7,4,113.8,211,114.0,40,,,,,,,,,,,,,,
2026-07-10T01:01:12.475320+00:00,2026-07-10T01:01:12.475187,1,3,113.5,0.4,113.3,247,,,,,,,,,,,,,,,,,,,113.7,4,113.8,211,114.0,40,,,,,,,,,,,,,,
2026-07-10T01:01:12.496157+00:00,2026-07-10T01:01:12.496068,2,3,113.5,0.4,113.3,247,113.0,40,,,,,,,,,,,,,,,,,113.7,4,113.8,211,114.0,40,,,,,,,,,,,,,,
2026-07-10T01:01:12.501324+00:00,2026-07-10T01:01:12.501232,2,2,113.5,0.4,113.3,247,113.0,40,,,,,,,,,,,,,,,,,113.7,4,113.8,211,,,,,,,,,,,,,,,,
2026-07-10T01:01:12.506525+00:00,2026-07-10T01:01:12.506393,2,2,113.5,0.4,113.3,247,113.0,40,,,,,,,,,,,,,,,,,113.7,44,113.8,211,,,,,,,,,,,,,,,,
2026-07-10T01:01:12.939638+00:00,2026-07-10T01:01:12.939530,2,2,113.5,0.4,113.3,252,113.0,40,,,,,,,,,,,,,,,,,113.7,44,113.8,211,,,,,,,,,,,,,,,,
2026-07-10T01:01:12.944773+00:00,2026-07-10T01:01:12.944737,2,2,113.5,0.4,113.3,252,113.0,40,,,,,,,,,,,,,,,,,113.7,49,113.8,211,,,,,,,,,,,,,,,,
2026-07-10T01:01:13.276766+00:00,2026-07-10T01:01:13.276658,2,2,113.5,0.4,113.3,252,113.0,40,,,,,,,,,,,,,,,,,113.7,9,113.8,211,,,,,,,,,,,,,,,,
2026-07-10T01:01:13.281949+00:00,2026-07-10T01:01:13.281881,2,3,113.45,0.3,113.3,252,113.0,40,,,,,,,,,,,,,,,,,113.6,40,113.7,9,113.8,211,,,,,,,,,,,,,,
2026-07-10T01:01:13.744859+00:00,2026-07-10T01:01:13.744741,2,3,113.45,0.3,113.3,252,113.1,40,,,,,,,,,,,,,,,,,113.6,40,113.7,9,113.8,211,,,,,,,,,,,,,,
2026-07-10T01:01:13.748498+00:00,2026-07-10T01:01:13.758738,2,2,113.5,0.4,113.3,252,113.1,40,,,,,,,,,,,,,,,,,113.7,49,113.8,211,,,,,,,,,,,,,,,,
2026-07-10T01:01:13.775246+00:00,2026-07-10T01:01:13.775080,2,2,113.5,0.4,113.3,210,113.1,40,,,,,,,,,,,,,,,,,113.7,49,113.8,211,,,,,,,,,,,,,,,,
2026-07-10T01:01:13.970144+00:00,2026-07-10T01:01:13.970079,2,2,113.5,0.4,113.3,205,113.1,40,,,,,,,,,,,,,,,,,113.7,49,113.8,211,,,,,,,,,,,,,,,,
2026-07-10T01:01:13.975366+00:00,2026-07-10T01:01:13.975263,2,2,113.5,0.4,113.3,205,113.1,40,,,,,,,,,,,,,,,,,113.7,44,113.8,211,,,,,,,,,,,,,,,,
2026-07-10T01:01:14.017356+00:00,2026-07-10T01:01:14.017322,2,2,113.5,0.4,113.3,210,113.1,40,,,,,,,,,,,,,,,,,113.7,44,113.8,211,,,,,,,,,,,,,,,,
2026-07-10T01:01:14.022742+00:00,2026-07-10T01:01:14.022589,2,2,113.5,0.4,113.3,210,113.1,40,,,,,,,,,,,,,,,,,113.7,49,113.8,211,,,,,,,,,,,,,,,,
2026-07-10T01:01:14.535962+00:00,2026-07-10T01:01:14.535835,2,1,113.55,0.5,113.3,210,113.1,40,,,,,,,,,,,,,,,,,113.8,210,,,,,,,,,,,,,,,,,,
2026-07-10T01:01:14.669295+00:00,2026-07-10T01:01:14.669165,1,1,113.55,0.5,113.3,210,,,,,,,,,,,,,,,,,,,113.8,210,,,,,,,,,,,,,,,,,,
2026-07-10T01:01:14.674480+00:00,2026-07-10T01:01:14.674358,2,1,113.55,0.5,113.3,210,113.2,40,,,,,,,,,,,,,,,,,113.8,250,,,,,,,,,,,,,,,,,,
2026-07-10T01:01:14.715426+00:00,2026-07-10T01:01:14.715587,2,1,113.55,0.5,113.3,155,113.2,40,,,,,,,,,,,,,,,,,113.8,190,,,,,,,,,,,,,,,,,,
2026-07-10T01:01:14.768598+00:00,2026-07-10T01:01:14.768747,2,1,113.55,0.5,113.3,155,113.2,140,,,,,,,,,,,,,,,,,113.8,190,,,,,,,,,,,,,,,,,,
2026-07-10T01:01:14.825592+00:00,2026-07-10T01:01:14.825722,2,2,113.5,0.4,113.3,155,113.2,140,,,,,,,,,,,,,,,,,113.7,100,113.8,190,,,,,,,,,,,,,,,,
2026-07-10T01:01:14.839859+00:00,2026-07-10T01:01:14.839732,2,3,113.5,0.4,113.3,155,113.2,140,,,,,,,,,,,,,,,,,113.7,100,113.8,150,113.9,40,,,,,,,,,,,,,,
2026-07-10T01:01:15.036279+00:00,2026-07-10T01:01:15.036201,2,3,113.5,0.4,113.3,150,113.2,140,,,,,,,,,,,,,,,,,113.7,100,113.8,150,113.9,40,,,,,,,,,,,,,,
2026-07-10T01:01:15.041491+00:00,2026-07-10T01:01:15.041430,2,3,113.5,0.4,113.3,155,113.2,140,,,,,,,,,,,,,,,,,113.7,105,113.8,150,113.9,40,,,,,,,,,,,,,,
2026-07-10T01:01:15.140560+00:00,2026-07-10T01:01:15.140394,2,3,113.5,0.4,113.3,155,113.2,140,,,,,,,,,,,,,,,,,113.7,110,113.8,150,113.9,40,,,,,,,,,,,,,,
2026-07-10T01:01:15.158783+00:00,2026-07-10T01:01:15.156510,3,2,113.5,0.4,113.3,155,113.2,100,113.1,40,,,,,,,,,,,,,,,113.7,150,113.8,150,,,,,,,,,,,,,,,,
2026-07-10T01:01:15.247125+00:00,2026-07-10T01:01:15.246977,3,1,113.5,0.4,113.3,5,113.2,100,113.1,40,,,,,,,,,,,,,,,113.7,150,,,,,,,,,,,,,,,,,,
2026-07-10T01:01:15.304516+00:00,2026-07-10T01:01:15.304476,4,1,113.5,0.4,113.3,5,113.2,100,113.1,40,113.0,150,,,,,,,,,,,,,113.7,150,,,,,,,,,,,,,,,,,,
2026-07-10T01:01:15.358614+00:00,2026-07-10T01:01:15.358106,4,2,113.4,0.2,113.3,5,113.2,100,113.1,40,113.0,150,,,,,,,,,,,,,113.5,150,113.7,150,,,,,,,,,,,,,,,,
2026-07-10T01:01:15.629299+00:00,2026-07-10T01:01:15.629146,3,2,113.4,0.2,113.3,5,113.2,100,113.0,150,,,,,,,,,,,,,,,113.5,150,113.7,150,,,,,,,,,,,,,,,,
2026-07-10T01:01:15.634798+00:00,2026-07-10T01:01:15.634567,3,2,113.4,0.2,113.3,5,113.2,100,113.0,190,,,,,,,,,,,,,,,113.5,150,113.7,150,,,,,,,,,,,,,,,,
2026-07-10T01:01:15.790727+00:00,2026-07-10T01:01:15.790670,3,2,113.4,0.2,113.3,5,113.2,100,113.0,150,,,,,,,,,,,,,,,113.5,150,113.7,150,,,,,,,,,,,,,,,,
2026-07-10T01:01:15.795953+00:00,2026-07-10T01:01:15.795893,4,2,113.4,0.2,113.3,5,113.2,100,113.1,40,113.0,150,,,,,,,,,,,,,113.5,150,113.7,150,,,,,,,,,,,,,,,,
2026-07-10T01:01:16.058713+00:00,2026-07-10T01:01:16.051674,3,2,113.35,0.3,113.2,100,113.1,40,113.0,150,,,,,,,,,,,,,,,113.5,150,113.7,150,,,,,,,,,,,,,,,,
2026-07-10T01:01:16.063856+00:00,2026-07-10T01:01:16.063756,4,2,113.4,0.2,113.3,5,113.2,100,113.1,40,113.0,150,,,,,,,,,,,,,113.5,150,113.7,145,,,,,,,,,,,,,,,,
2026-07-10T01:01:16.074125+00:00,2026-07-10T01:01:16.074233,4,2,113.4,0.2,113.3,5,113.2,100,113.1,40,113.0,150,,,,,,,,,,,,,113.5,155,113.7,145,,,,,,,,,,,,,,,,
2026-07-10T01:01:16.267710+00:00,2026-07-10T01:01:16.267653,4,2,113.4,0.2,113.3,5,113.2,100,113.1,40,113.0,150,,,,,,,,,,,,,113.5,107,113.7,145,,,,,,,,,,,,,,,,
2026-07-10T01:01:16.642448+00:00,2026-07-10T01:01:16.642370,4,2,113.4,0.2,113.3,5,113.2,100,113.1,40,113.0,150,,,,,,,,,,,,,113.5,57,113.7,145,,,,,,,,,,,,,,,,
2026-07-10T01:01:16.858788+00:00,2026-07-10T01:01:16.858697,2,2,113.35,0.3,113.2,100,113.0,150,,,,,,,,,,,,,,,,,113.5,57,113.7,145,,,,,,,,,,,,,,,,
2026-07-10T01:01:16.864021+00:00,2026-07-10T01:01:16.863976,3,2,113.35,0.3,113.2,100,113.0,150,112.9,40,,,,,,,,,,,,,,,113.5,57,113.7,145,,,,,,,,,,,,,,,,
2026-07-10T01:01:17.085452+00:00,2026-07-10T01:01:17.085337,3,2,113.35,0.3,113.2,100,113.0,150,112.9,40,,,,,,,,,,,,,,,113.5,52,113.7,145,,,,,,,,,,,,,,,,
2026-07-10T01:01:17.090415+00:00,2026-07-10T01:01:17.090519,3,2,113.35,0.3,113.2,105,113.0,150,112.9,40,,,,,,,,,,,,,,,113.5,52,113.7,145,,,,,,,,,,,,,,,,
2026-07-10T01:01:17.095776+00:00,2026-07-10T01:01:17.095699,3,2,113.35,0.3,113.2,105,113.0,150,112.9,40,,,,,,,,,,,,,,,113.5,57,113.7,145,,,,,,,,,,,,,,,,
2026-07-10T01:01:17.485940+00:00,2026-07-10T01:01:17.485906,3,2,113.35,0.3,113.2,65,113.0,150,112.9,40,,,,,,,,,,,,,,,113.5,57,113.7,145,,,,,,,,,,,,,,,,
2026-07-10T01:01:17.664348+00:00,2026-07-10T01:01:17.664153,3,2,113.35,0.3,113.2,65,113.0,150,112.9,40,,,,,,,,,,,,,,,113.5,57,113.7,105,,,,,,,,,,,,,,,,
2026-07-10T01:01:17.669424+00:00,2026-07-10T01:01:17.669371,3,3,113.35,0.3,113.2,65,113.0,150,112.9,40,,,,,,,,,,,,,,,113.5,57,113.6,35,113.7,105,,,,,,,,,,,,,,
2026-07-10T01:01:17.882753+00:00,2026-07-10T01:01:17.882625,3,3,113.35,0.3,113.2,5,113.0,150,112.9,40,,,,,,,,,,,,,,,113.5,57,113.6,35,113.7,5,,,,,,,,,,,,,,
2026-07-10T01:01:17.936765+00:00,2026-07-10T01:01:17.936662,4,3,113.35,0.3,113.2,5,113.0,150,112.9,40,112.7,100,,,,,,,,,,,,,113.5,57,113.6,35,113.7,5,,,,,,,,,,,,,,
2026-07-10T01:01:17.990387+00:00,2026-07-10T01:01:17.990496,3,4,113.1,0.2,113.0,150,112.9,40,112.7,100,,,,,,,,,,,,,,,113.2,95,113.5,57,113.6,35,113.7,5,,,,,,,,,,,,
2026-07-10T01:01:18.114497+00:00,2026-07-10T01:01:18.114452,3,4,113.1,0.2,113.0,155,112.9,40,112.7,100,,,,,,,,,,,,,,,113.2,95,113.5,52,113.6,35,113.7,5,,,,,,,,,,,,
2026-07-10T01:01:18.119527+00:00,2026-07-10T01:01:18.119633,3,4,113.1,0.2,113.0,155,112.9,40,112.7,100,,,,,,,,,,,,,,,113.2,100,113.5,52,113.6,35,113.7,5,,,,,,,,,,,,
2026-07-10T01:01:18.124876+00:00,2026-07-10T01:01:18.124857,3,3,113.1,0.2,113.0,155,112.9,40,112.7,100,,,,,,,,,,,,,,,113.2,100,113.5,92,113.7,5,,,,,,,,,,,,,,
2026-07-10T01:01:18.414924+00:00,2026-07-10T01:01:18.414858,3,3,113.1,0.2,113.0,5,112.9,40,112.7,100,,,,,,,,,,,,,,,113.2,100,113.5,40,113.7,5,,,,,,,,,,,,,,
2026-07-10T01:01:18.470399+00:00,2026-07-10T01:01:18.470315,4,2,113.35,0.3,113.2,50,113.0,5,112.9,40,112.7,100,,,,,,,,,,,,,113.5,40,113.7,5,,,,,,,,,,,,,,,,
2026-07-10T01:01:18.526175+00:00,2026-07-10T01:01:18.526078,4,2,113.35,0.3,113.2,50,113.0,5,112.9,40,112.7,100,,,,,,,,,,,,,113.5,40,113.7,155,,,,,,,,,,,,,,,,
2026-07-10T01:01:18.570075+00:00,2026-07-10T01:01:18.570254,4,1,113.45,0.5,113.2,50,113.0,5,112.9,40,112.7,100,,,,,,,,,,,,,113.7,153,,,,,,,,,,,,,,,,,,
2026-07-10T01:01:18.606380+00:00,2026-07-10T01:01:18.606486,3,1,113.45,0.5,113.2,50,113.0,45,112.7,100,,,,,,,,,,,,,,,113.7,153,,,,,,,,,,,,,,,,,,
2026-07-10T01:01:18.611560+00:00,2026-07-10T01:01:18.611652,3,2,113.4,0.4,113.2,50,113.0,45,112.7,100,,,,,,,,,,,,,,,113.6,35,113.7,153,,,,,,,,,,,,,,,,
2026-07-10T01:01:18.627353+00:00,2026-07-10T01:01:18.627222,3,2,113.4,0.4,113.2,1,113.0,45,112.7,100,,,,,,,,,,,,,,,113.6,35,113.7,153,,,,,,,,,,,,,,,,
2026-07-10T01:01:18.804548+00:00,2026-07-10T01:01:18.804420,1,2,113.15,0.9,112.7,96,,,,,,,,,,,,,,,,,,,113.6,35,113.7,153,,,,,,,,,,,,,,,,
2026-07-10T01:01:18.937960+00:00,2026-07-10T01:01:18.937905,2,2,113.2,0.8,112.8,40,112.7,96,,,,,,,,,,,,,,,,,113.6,35,113.7,153,,,,,,,,,,,,,,,,
2026-07-10T01:01:19.105457+00:00,2026-07-10T01:01:19.105374,2,1,113.25,0.9,112.8,40,112.7,96,,,,,,,,,,,,,,,,,113.7,153,,,,,,,,,,,,,,,,,,
2026-07-10T01:01:19.110584+00:00,2026-07-10T01:01:19.110538,2,1,113.25,0.9,112.8,40,112.7,96,,,,,,,,,,,,,,,,,113.7,193,,,,,,,,,,,,,,,,,,
2026-07-10T01:01:19.131431+00:00,2026-07-10T01:01:19.131361,2,1,113.25,0.9,112.8,45,112.7,96,,,,,,,,,,,,,,,,,113.7,193,,,,,,,,,,,,,,,,,,
2026-07-10T01:01:19.136627+00:00,2026-07-10T01:01:19.136542,2,1,113.25,0.9,112.8,45,112.7,96,,,,,,,,,,,,,,,,,113.7,198,,,,,,,,,,,,,,,,,,
2026-07-10T01:01:19.272891+00:00,2026-07-10T01:01:19.273040,3,1,113.3,0.8,112.9,40,112.8,5,112.7,96,,,,,,,,,,,,,,,113.7,198,,,,,,,,,,,,,,,,,,
2026-07-10T01:01:20.159377+00:00,2026-07-10T01:01:20.159300,2,1,113.3,0.8,112.9,40,112.7,96,,,,,,,,,,,,,,,,,113.7,193,,,,,,,,,,,,,,,,,,
2026-07-10T01:01:20.164398+00:00,2026-07-10T01:01:20.164527,2,1,113.3,0.8,112.9,45,112.7,96,,,,,,,,,,,,,,,,,113.7,193,,,,,,,,,,,,,,,,,,
2026-07-10T01:01:20.169775+00:00,2026-07-10T01:01:20.169719,2,1,113.3,0.8,112.9,45,112.7,96,,,,,,,,,,,,,,,,,113.7,198,,,,,,,,,,,,,,,,,,
2026-07-10T01:01:20.230790+00:00,2026-07-10T01:01:20.230668,3,1,113.35,0.7,113.0,40,112.9,5,112.7,96,,,,,,,,,,,,,,,113.7,198,,,,,,,,,,,,,,,,,,
2026-07-10T01:01:20.388906+00:00,2026-07-10T01:01:20.388841,2,1,113.3,0.8,112.9,5,112.7,96,,,,,,,,,,,,,,,,,113.7,198,,,,,,,,,,,,,,,,,,
