recv_time,book_timestamp,n_bids,n_asks,mid,spread,bid_px_0,bid_vol_0,bid_px_1,bid_vol_1,bid_px_2,bid_vol_2,bid_px_3,bid_vol_3,bid_px_4,bid_vol_4,bid_px_5,bid_vol_5,bid_px_6,bid_vol_6,bid_px_7,bid_vol_7,bid_px_8,bid_vol_8,bid_px_9,bid_vol_9,ask_px_0,ask_vol_0,ask_px_1,ask_vol_1,ask_px_2,ask_vol_2,ask_px_3,ask_vol_3,ask_px_4,ask_vol_4,ask_px_5,ask_vol_5,ask_px_6,ask_vol_6,ask_px_7,ask_vol_7,ask_px_8,ask_vol_8,ask_px_9,ask_vol_9
2026-07-15T20:24:24.402621+00:00,2026-07-15T20:24:24.506240,3,3,67.1,0.2,67.0,88,66.9,70,66.8,100,,,,,,,,,,,,,,,67.2,67,67.3,41,67.7,150,,,,,,,,,,,,,,
2026-07-15T20:24:24.733876+00:00,2026-07-15T20:24:24.685114,3,4,67.05,0.1,67.0,63,66.9,70,66.8,100,,,,,,,,,,,,,,,67.1,15,67.2,52,67.3,32,67.7,150,,,,,,,,,,,,
2026-07-15T20:24:25.068122+00:00,2026-07-15T20:24:25.059258,2,4,67.05,0.1,67.0,29,66.8,100,,,,,,,,,,,,,,,,,67.1,15,67.2,10,67.3,30,67.7,150,,,,,,,,,,,,
2026-07-15T20:24:25.088245+00:00,2026-07-15T20:24:25.083905,3,4,67.05,0.1,67.0,79,66.9,62,66.8,100,,,,,,,,,,,,,,,67.1,65,67.2,20,67.3,30,67.7,150,,,,,,,,,,,,
2026-07-15T20:24:25.118229+00:00,2026-07-15T20:24:25.117732,3,4,67.05,0.1,67.0,79,66.9,62,66.8,100,,,,,,,,,,,,,,,67.1,65,67.2,20,67.3,20,67.7,150,,,,,,,,,,,,
2026-07-15T20:24:25.128610+00:00,2026-07-15T20:24:25.125476,3,4,67.05,0.1,67.0,77,66.9,62,66.8,100,,,,,,,,,,,,,,,67.1,65,67.2,20,67.3,20,67.7,150,,,,,,,,,,,,
2026-07-15T20:24:25.149289+00:00,2026-07-15T20:24:25.142567,3,4,67.05,0.1,67.0,77,66.9,62,66.8,100,,,,,,,,,,,,,,,67.1,75,67.2,20,67.3,20,67.7,150,,,,,,,,,,,,
2026-07-15T20:24:25.159578+00:00,2026-07-15T20:24:25.157576,3,4,67.05,0.1,67.0,77,66.9,62,66.8,100,,,,,,,,,,,,,,,67.1,155,67.2,20,67.3,20,67.7,150,,,,,,,,,,,,
2026-07-15T20:24:25.169879+00:00,2026-07-15T20:24:25.165940,3,4,67.05,0.1,67.0,35,66.9,62,66.8,100,,,,,,,,,,,,,,,67.1,155,67.2,20,67.3,20,67.7,150,,,,,,,,,,,,
2026-07-15T20:24:25.190411+00:00,2026-07-15T20:24:25.185394,3,3,67.05,0.1,67.0,35,66.9,62,66.8,100,,,,,,,,,,,,,,,67.1,155,67.2,20,67.3,20,,,,,,,,,,,,,,
2026-07-15T20:24:25.282891+00:00,2026-07-15T20:24:25.272060,4,3,67.05,0.1,67.0,35,66.9,62,66.8,100,66.6,150,,,,,,,,,,,,,67.1,105,67.2,20,67.3,20,,,,,,,,,,,,,,
2026-07-15T20:24:25.320789+00:00,2026-07-15T20:24:25.315099,4,3,67.05,0.1,67.0,35,66.9,62,66.8,100,66.6,150,,,,,,,,,,,,,67.1,255,67.2,20,67.3,20,,,,,,,,,,,,,,
2026-07-15T20:24:25.413130+00:00,2026-07-15T20:24:25.404227,4,3,67.05,0.1,67.0,35,66.9,62,66.8,100,66.6,150,,,,,,,,,,,,,67.1,265,67.2,20,67.3,20,,,,,,,,,,,,,,
2026-07-15T20:24:25.433674+00:00,2026-07-15T20:24:25.426733,3,3,67.05,0.1,67.0,35,66.9,62,66.6,150,,,,,,,,,,,,,,,67.1,265,67.2,20,67.3,10,,,,,,,,,,,,,,
2026-07-15T20:24:25.484997+00:00,2026-07-15T20:24:25.480802,3,3,67.05,0.1,67.0,135,66.9,62,66.6,150,,,,,,,,,,,,,,,67.1,265,67.2,20,67.3,10,,,,,,,,,,,,,,
2026-07-15T20:24:25.536265+00:00,2026-07-15T20:24:25.535239,3,4,67.05,0.1,67.0,135,66.9,62,66.6,150,,,,,,,,,,,,,,,67.1,265,67.2,20,67.3,10,67.5,100,,,,,,,,,,,,
2026-07-15T20:24:25.700478+00:00,2026-07-15T20:24:25.700320,3,4,67.05,0.1,67.0,135,66.9,62,66.6,150,,,,,,,,,,,,,,,67.1,265,67.2,10,67.3,10,67.5,100,,,,,,,,,,,,
2026-07-15T20:24:25.710881+00:00,2026-07-15T20:24:25.709430,2,4,67.05,0.1,67.0,155,66.6,150,,,,,,,,,,,,,,,,,67.1,250,67.2,10,67.3,10,67.5,100,,,,,,,,,,,,
2026-07-15T20:24:25.721220+00:00,2026-07-15T20:24:25.717891,4,4,67.05,0.1,67.0,155,66.9,70,66.8,12,66.6,150,,,,,,,,,,,,,67.1,255,67.2,10,67.3,10,67.5,100,,,,,,,,,,,,
2026-07-15T20:24:25.731555+00:00,2026-07-15T20:24:25.721677,4,4,67.05,0.1,67.0,155,66.9,70,66.8,12,66.6,150,,,,,,,,,,,,,67.1,295,67.2,10,67.3,10,67.5,100,,,,,,,,,,,,
2026-07-15T20:24:25.823253+00:00,2026-07-15T20:24:25.818366,4,2,67.05,0.1,67.0,179,66.9,70,66.8,12,66.6,150,,,,,,,,,,,,,67.1,285,67.5,100,,,,,,,,,,,,,,,,
2026-07-15T20:24:26.171287+00:00,2026-07-15T20:24:26.169749,4,2,67.05,0.1,67.0,179,66.9,70,66.8,12,66.6,150,,,,,,,,,,,,,67.1,275,67.5,100,,,,,,,,,,,,,,,,
2026-07-15T20:24:26.181590+00:00,2026-07-15T20:24:26.175858,4,2,67.05,0.1,67.0,177,66.9,70,66.8,12,66.6,150,,,,,,,,,,,,,67.1,275,67.5,100,,,,,,,,,,,,,,,,
2026-07-15T20:24:26.334543+00:00,2026-07-15T20:24:26.332943,4,2,67.05,0.1,67.0,177,66.9,70,66.8,12,66.6,150,,,,,,,,,,,,,67.1,235,67.5,100,,,,,,,,,,,,,,,,
2026-07-15T20:24:26.344897+00:00,2026-07-15T20:24:26.342063,2,2,67.05,0.1,67.0,177,66.6,150,,,,,,,,,,,,,,,,,67.1,235,67.5,100,,,,,,,,,,,,,,,,
2026-07-15T20:24:26.380680+00:00,2026-07-15T20:24:26.373108,3,2,67.05,0.1,67.0,177,66.9,70,66.6,150,,,,,,,,,,,,,,,67.1,235,67.5,100,,,,,,,,,,,,,,,,
2026-07-15T20:24:26.391152+00:00,2026-07-15T20:24:26.384731,4,2,67.05,0.1,67.0,177,66.9,70,66.8,12,66.6,150,,,,,,,,,,,,,67.1,275,67.5,100,,,,,,,,,,,,,,,,
2026-07-15T20:24:26.730363+00:00,2026-07-15T20:24:26.730189,4,2,67.05,0.1,67.0,177,66.9,70,66.8,12,66.6,150,,,,,,,,,,,,,67.1,228,67.5,100,,,,,,,,,,,,,,,,
2026-07-15T20:24:26.740661+00:00,2026-07-15T20:24:26.731897,4,2,67.05,0.1,67.0,172,66.9,70,66.8,12,66.6,150,,,,,,,,,,,,,67.1,228,67.5,100,,,,,,,,,,,,,,,,
2026-07-15T20:24:26.755445+00:00,2026-07-15T20:24:26.748454,4,2,67.05,0.1,67.0,177,66.9,70,66.8,12,66.6,150,,,,,,,,,,,,,67.1,233,67.5,100,,,,,,,,,,,,,,,,
2026-07-15T20:24:26.765800+00:00,2026-07-15T20:24:26.762617,4,2,67.05,0.1,67.0,213,66.9,70,66.8,12,66.6,150,,,,,,,,,,,,,67.1,275,67.5,100,,,,,,,,,,,,,,,,
2026-07-15T20:24:26.868455+00:00,2026-07-15T20:24:26.867779,4,2,67.05,0.1,67.0,219,66.9,70,66.8,12,66.6,150,,,,,,,,,,,,,67.1,254,67.5,100,,,,,,,,,,,,,,,,
2026-07-15T20:24:26.960707+00:00,2026-07-15T20:24:26.957590,4,2,67.05,0.1,67.0,213,66.9,70,66.8,12,66.6,150,,,,,,,,,,,,,67.1,254,67.5,100,,,,,,,,,,,,,,,,
2026-07-15T20:24:26.970999+00:00,2026-07-15T20:24:26.964627,4,2,67.05,0.1,67.0,213,66.9,70,66.8,12,66.6,150,,,,,,,,,,,,,67.1,275,67.5,100,,,,,,,,,,,,,,,,
2026-07-15T20:24:27.001869+00:00,2026-07-15T20:24:27.000355,2,2,67.05,0.1,67.0,163,66.6,150,,,,,,,,,,,,,,,,,67.1,235,67.5,100,,,,,,,,,,,,,,,,
2026-07-15T20:24:27.012196+00:00,2026-07-15T20:24:27.011871,3,2,67.05,0.1,67.0,213,66.9,70,66.6,150,,,,,,,,,,,,,,,67.1,235,67.5,100,,,,,,,,,,,,,,,,
2026-07-15T20:24:27.022544+00:00,2026-07-15T20:24:27.021033,4,2,67.05,0.1,67.0,213,66.9,70,66.8,12,66.6,150,,,,,,,,,,,,,67.1,275,67.5,100,,,,,,,,,,,,,,,,
2026-07-15T20:24:27.093731+00:00,2026-07-15T20:24:27.085784,4,2,67.05,0.1,67.0,219,66.9,70,66.8,12,66.6,150,,,,,,,,,,,,,67.1,254,67.5,100,,,,,,,,,,,,,,,,
2026-07-15T20:24:27.165652+00:00,2026-07-15T20:24:27.165153,4,2,67.05,0.1,67.0,213,66.9,70,66.8,12,66.6,150,,,,,,,,,,,,,67.1,233,67.5,100,,,,,,,,,,,,,,,,
2026-07-15T20:24:27.175970+00:00,2026-07-15T20:24:27.173653,4,2,67.05,0.1,67.0,213,66.9,70,66.8,12,66.6,150,,,,,,,,,,,,,67.1,275,67.5,100,,,,,,,,,,,,,,,,
2026-07-15T20:24:27.258176+00:00,2026-07-15T20:24:27.257500,4,2,67.05,0.1,67.0,213,66.9,70,66.8,12,66.6,150,,,,,,,,,,,,,67.1,233,67.5,100,,,,,,,,,,,,,,,,
2026-07-15T20:24:27.268486+00:00,2026-07-15T20:24:27.264793,4,2,67.05,0.1,67.0,219,66.9,70,66.8,12,66.6,150,,,,,,,,,,,,,67.1,254,67.5,100,,,,,,,,,,,,,,,,
2026-07-15T20:24:27.361157+00:00,2026-07-15T20:24:27.359197,4,2,67.05,0.1,67.0,213,66.9,70,66.8,12,66.6,150,,,,,,,,,,,,,67.1,254,67.5,100,,,,,,,,,,,,,,,,
2026-07-15T20:24:27.371468+00:00,2026-07-15T20:24:27.362117,4,2,67.05,0.1,67.0,213,66.9,70,66.8,12,66.6,150,,,,,,,,,,,,,67.1,233,67.5,100,,,,,,,,,,,,,,,,
2026-07-15T20:24:27.433310+00:00,2026-07-15T20:24:27.424156,4,2,67.05,0.1,67.0,163,66.9,70,66.8,12,66.6,150,,,,,,,,,,,,,67.1,233,67.5,100,,,,,,,,,,,,,,,,
2026-07-15T20:24:27.566865+00:00,2026-07-15T20:24:27.557679,4,2,67.05,0.1,67.0,169,66.9,70,66.8,12,66.6,150,,,,,,,,,,,,,67.1,233,67.5,100,,,,,,,,,,,,,,,,
2026-07-15T20:24:27.637552+00:00,2026-07-15T20:24:27.637041,2,2,67.05,0.1,67.0,119,66.6,150,,,,,,,,,,,,,,,,,67.1,193,67.5,100,,,,,,,,,,,,,,,,
2026-07-15T20:24:27.658331+00:00,2026-07-15T20:24:27.655111,4,2,67.05,0.1,67.0,169,66.9,70,66.8,12,66.6,150,,,,,,,,,,,,,67.1,193,67.5,100,,,,,,,,,,,,,,,,
2026-07-15T20:24:27.668685+00:00,2026-07-15T20:24:27.658846,4,2,67.05,0.1,67.0,169,66.9,70,66.8,12,66.6,150,,,,,,,,,,,,,67.1,233,67.5,100,,,,,,,,,,,,,,,,
2026-07-15T20:24:27.761732+00:00,2026-07-15T20:24:27.760329,4,2,67.05,0.1,67.0,163,66.9,70,66.8,12,66.6,150,,,,,,,,,,,,,67.1,228,67.5,100,,,,,,,,,,,,,,,,
2026-07-15T20:24:27.772079+00:00,2026-07-15T20:24:27.771132,4,2,67.05,0.1,67.0,163,66.9,70,66.8,12,66.6,150,,,,,,,,,,,,,67.1,275,67.5,100,,,,,,,,,,,,,,,,
2026-07-15T20:24:27.864684+00:00,2026-07-15T20:24:27.863711,4,2,67.05,0.1,67.0,127,66.9,70,66.8,12,66.6,150,,,,,,,,,,,,,67.1,254,67.5,100,,,,,,,,,,,,,,,,
2026-07-15T20:24:27.967363+00:00,2026-07-15T20:24:27.961532,4,2,67.05,0.1,67.0,127,66.9,70,66.8,12,66.6,150,,,,,,,,,,,,,67.1,275,67.5,100,,,,,,,,,,,,,,,,
2026-07-15T20:24:28.059889+00:00,2026-07-15T20:24:28.057574,4,2,67.05,0.1,67.0,127,66.9,70,66.8,12,66.6,150,,,,,,,,,,,,,67.1,233,67.5,100,,,,,,,,,,,,,,,,
2026-07-15T20:24:28.070254+00:00,2026-07-15T20:24:28.062699,4,2,67.05,0.1,67.0,127,66.9,70,66.8,12,66.6,150,,,,,,,,,,,,,67.1,254,67.5,100,,,,,,,,,,,,,,,,
2026-07-15T20:24:28.173300+00:00,2026-07-15T20:24:28.172642,4,2,67.05,0.1,67.0,127,66.9,70,66.8,12,66.6,150,,,,,,,,,,,,,67.1,275,67.5,100,,,,,,,,,,,,,,,,
2026-07-15T20:24:28.224799+00:00,2026-07-15T20:24:28.223337,4,2,67.05,0.1,67.0,125,66.9,70,66.8,12,66.6,150,,,,,,,,,,,,,67.1,275,67.5,100,,,,,,,,,,,,,,,,
2026-07-15T20:24:28.235125+00:00,2026-07-15T20:24:28.225742,4,2,67.05,0.1,67.0,101,66.9,70,66.8,12,66.6,150,,,,,,,,,,,,,67.1,275,67.5,100,,,,,,,,,,,,,,,,
2026-07-15T20:24:28.245545+00:00,2026-07-15T20:24:28.235596,4,2,67.05,0.1,67.0,101,66.9,70,66.8,12,66.6,150,,,,,,,,,,,,,67.1,275,67.5,123,,,,,,,,,,,,,,,,
2026-07-15T20:24:28.255985+00:00,2026-07-15T20:24:28.249190,4,2,67.05,0.1,67.0,101,66.9,70,66.8,12,66.6,150,,,,,,,,,,,,,67.1,285,67.5,123,,,,,,,,,,,,,,,,
2026-07-15T20:24:28.307858+00:00,2026-07-15T20:24:28.306575,4,2,67.05,0.1,67.0,101,66.9,70,66.8,12,66.6,150,,,,,,,,,,,,,67.1,287,67.5,123,,,,,,,,,,,,,,,,
2026-07-15T20:24:28.318220+00:00,2026-07-15T20:24:28.317316,2,2,67.05,0.1,67.0,101,66.6,150,,,,,,,,,,,,,,,,,67.1,247,67.5,123,,,,,,,,,,,,,,,,
2026-07-15T20:24:28.328626+00:00,2026-07-15T20:24:28.326478,4,2,67.05,0.1,67.0,101,66.9,70,66.8,12,66.6,150,,,,,,,,,,,,,67.1,247,67.5,123,,,,,,,,,,,,,,,,
2026-07-15T20:24:28.339003+00:00,2026-07-15T20:24:28.329412,4,2,67.05,0.1,67.0,101,66.9,70,66.8,12,66.6,150,,,,,,,,,,,,,67.1,287,67.5,123,,,,,,,,,,,,,,,,
2026-07-15T20:24:28.370016+00:00,2026-07-15T20:24:28.369478,4,2,67.05,0.1,67.0,101,66.9,70,66.8,12,66.6,150,,,,,,,,,,,,,67.1,116,67.5,123,,,,,,,,,,,,,,,,
2026-07-15T20:24:28.380337+00:00,2026-07-15T20:24:28.371082,3,2,67.05,0.1,67.0,101,66.9,70,66.8,12,,,,,,,,,,,,,,,67.1,116,67.5,123,,,,,,,,,,,,,,,,
2026-07-15T20:24:28.431849+00:00,2026-07-15T20:24:28.424012,3,2,67.05,0.1,67.0,101,66.9,70,66.8,162,,,,,,,,,,,,,,,67.1,116,67.5,123,,,,,,,,,,,,,,,,
2026-07-15T20:24:28.462740+00:00,2026-07-15T20:24:28.461246,3,2,67.05,0.1,67.0,137,66.9,70,66.8,162,,,,,,,,,,,,,,,67.1,116,67.5,123,,,,,,,,,,,,,,,,
2026-07-15T20:24:28.473081+00:00,2026-07-15T20:24:28.464473,3,2,67.05,0.1,67.0,137,66.9,70,66.8,162,,,,,,,,,,,,,,,67.1,136,67.5,123,,,,,,,,,,,,,,,,
2026-07-15T20:24:28.483402+00:00,2026-07-15T20:24:28.477440,3,3,67.05,0.1,67.0,137,66.9,70,66.8,162,,,,,,,,,,,,,,,67.1,136,67.3,150,67.5,123,,,,,,,,,,,,,,
2026-07-15T20:24:28.514433+00:00,2026-07-15T20:24:28.511334,3,3,67.05,0.1,67.0,161,66.9,70,66.8,162,,,,,,,,,,,,,,,67.1,113,67.3,150,67.5,100,,,,,,,,,,,,,,
2026-07-15T20:24:28.596851+00:00,2026-07-15T20:24:28.590840,3,2,67.05,0.1,67.0,115,66.9,70,66.8,162,,,,,,,,,,,,,,,67.1,113,67.3,150,,,,,,,,,,,,,,,,
2026-07-15T20:24:28.659060+00:00,2026-07-15T20:24:28.654796,3,2,67.05,0.1,67.0,115,66.9,70,66.8,162,,,,,,,,,,,,,,,67.1,13,67.3,150,,,,,,,,,,,,,,,,
2026-07-15T20:24:28.710548+00:00,2026-07-15T20:24:28.707915,3,3,67.05,0.1,67.0,115,66.9,70,66.8,162,,,,,,,,,,,,,,,67.1,13,67.3,150,67.6,100,,,,,,,,,,,,,,
2026-07-15T20:24:28.920982+00:00,2026-07-15T20:24:28.911809,3,3,67.05,0.1,67.0,159,66.9,70,66.8,162,,,,,,,,,,,,,,,67.1,5,67.3,150,67.6,100,,,,,,,,,,,,,,
2026-07-15T20:24:28.943517+00:00,2026-07-15T20:24:28.942691,2,3,67.05,0.1,67.0,109,66.8,150,,,,,,,,,,,,,,,,,67.1,5,67.3,150,67.6,100,,,,,,,,,,,,,,
2026-07-15T20:24:28.954040+00:00,2026-07-15T20:24:28.949916,3,3,67.05,0.1,67.0,159,66.9,70,66.8,150,,,,,,,,,,,,,,,67.1,5,67.3,150,67.6,100,,,,,,,,,,,,,,
2026-07-15T20:24:28.964512+00:00,2026-07-15T20:24:28.954791,3,3,67.05,0.1,67.0,159,66.9,70,66.8,200,,,,,,,,,,,,,,,67.1,5,67.3,150,67.6,100,,,,,,,,,,,,,,
2026-07-15T20:24:29.068093+00:00,2026-07-15T20:24:29.062260,3,3,67.05,0.1,67.0,115,66.9,70,66.8,200,,,,,,,,,,,,,,,67.1,5,67.3,150,67.6,100,,,,,,,,,,,,,,
2026-07-15T20:24:29.078442+00:00,2026-07-15T20:24:29.068431,3,3,67.05,0.1,67.0,121,66.9,70,66.8,200,,,,,,,,,,,,,,,67.1,5,67.3,150,67.6,100,,,,,,,,,,,,,,
2026-07-15T20:24:29.254077+00:00,2026-07-15T20:24:29.247170,3,2,67.15,0.3,67.0,121,66.9,70,66.8,200,,,,,,,,,,,,,,,67.3,110,67.6,100,,,,,,,,,,,,,,,,
2026-07-15T20:24:29.264430+00:00,2026-07-15T20:24:29.263523,3,2,67.15,0.3,67.0,159,66.9,70,66.8,200,,,,,,,,,,,,,,,67.3,110,67.6,100,,,,,,,,,,,,,,,,
2026-07-15T20:24:29.326404+00:00,2026-07-15T20:24:29.317779,3,2,67.15,0.3,67.0,135,66.9,70,66.8,200,,,,,,,,,,,,,,,67.3,110,67.6,100,,,,,,,,,,,,,,,,
2026-07-15T20:24:29.367681+00:00,2026-07-15T20:24:29.366471,3,2,67.15,0.3,67.0,91,66.9,70,66.8,200,,,,,,,,,,,,,,,67.3,110,67.6,100,,,,,,,,,,,,,,,,
2026-07-15T20:24:29.378059+00:00,2026-07-15T20:24:29.370954,3,2,67.15,0.3,67.0,91,66.9,70,66.8,200,,,,,,,,,,,,,,,67.3,111,67.6,100,,,,,,,,,,,,,,,,
2026-07-15T20:24:29.523274+00:00,2026-07-15T20:24:29.523069,4,2,67.2,0.2,67.1,24,67.0,91,66.9,70,66.8,200,,,,,,,,,,,,,67.3,111,67.6,100,,,,,,,,,,,,,,,,
2026-07-15T20:24:29.574994+00:00,2026-07-15T20:24:29.573976,3,2,67.2,0.2,67.1,24,67.0,91,66.8,150,,,,,,,,,,,,,,,67.3,111,67.6,100,,,,,,,,,,,,,,,,
2026-07-15T20:24:29.585452+00:00,2026-07-15T20:24:29.585234,4,2,67.2,0.2,67.1,74,67.0,111,66.9,50,66.8,150,,,,,,,,,,,,,67.3,111,67.6,100,,,,,,,,,,,,,,,,
2026-07-15T20:24:29.730044+00:00,2026-07-15T20:24:29.726994,4,2,67.2,0.2,67.1,50,67.0,111,66.9,50,66.8,150,,,,,,,,,,,,,67.3,111,67.6,100,,,,,,,,,,,,,,,,
2026-07-15T20:24:29.816433+00:00,2026-07-15T20:24:29.812974,4,2,67.2,0.2,67.1,50,67.0,106,66.9,50,66.8,150,,,,,,,,,,,,,67.3,111,67.6,100,,,,,,,,,,,,,,,,
2026-07-15T20:24:29.837389+00:00,2026-07-15T20:24:29.832794,4,2,67.2,0.2,67.1,55,67.0,106,66.9,50,66.8,150,,,,,,,,,,,,,67.3,116,67.6,100,,,,,,,,,,,,,,,,
2026-07-15T20:24:29.940188+00:00,2026-07-15T20:24:29.935237,5,2,67.25,0.1,67.2,24,67.1,55,67.0,106,66.9,50,66.8,150,,,,,,,,,,,67.3,116,67.6,100,,,,,,,,,,,,,,,,
2026-07-15T20:24:29.961060+00:00,2026-07-15T20:24:29.959855,5,2,67.25,0.1,67.2,24,67.1,55,67.0,70,66.9,50,66.8,150,,,,,,,,,,,67.3,116,67.6,100,,,,,,,,,,,,,,,,
2026-07-15T20:24:30.209610+00:00,2026-07-15T20:24:30.206711,3,2,67.25,0.1,67.2,74,67.1,5,66.8,150,,,,,,,,,,,,,,,67.3,116,67.6,100,,,,,,,,,,,,,,,,
2026-07-15T20:24:30.220030+00:00,2026-07-15T20:24:30.212739,4,2,67.25,0.1,67.2,74,67.1,75,67.0,50,66.8,150,,,,,,,,,,,,,67.3,116,67.6,100,,,,,,,,,,,,,,,,
2026-07-15T20:24:30.292822+00:00,2026-07-15T20:24:30.291747,4,2,67.25,0.1,67.2,72,67.1,75,67.0,50,66.8,150,,,,,,,,,,,,,67.3,116,67.6,100,,,,,,,,,,,,,,,,
2026-07-15T20:24:30.344732+00:00,2026-07-15T20:24:30.344342,4,2,67.25,0.1,67.2,50,67.1,75,67.0,50,66.8,150,,,,,,,,,,,,,67.3,126,67.6,100,,,,,,,,,,,,,,,,
2026-07-15T20:24:30.355154+00:00,2026-07-15T20:24:30.347154,4,2,67.25,0.1,67.2,50,67.1,75,67.0,50,66.8,150,,,,,,,,,,,,,67.3,126,67.6,110,,,,,,,,,,,,,,,,
2026-07-15T20:24:30.758813+00:00,2026-07-15T20:24:30.754506,4,2,67.25,0.1,67.2,50,67.1,75,67.0,50,66.8,150,,,,,,,,,,,,,67.3,135,67.6,119,,,,,,,,,,,,,,,,
2026-07-15T20:24:30.769184+00:00,2026-07-15T20:24:30.761044,4,2,67.25,0.1,67.2,50,67.1,75,67.0,50,66.8,150,,,,,,,,,,,,,67.3,136,67.6,119,,,,,,,,,,,,,,,,
2026-07-15T20:24:30.831327+00:00,2026-07-15T20:24:30.830964,2,2,67.2,0.2,67.1,5,66.8,150,,,,,,,,,,,,,,,,,67.3,136,67.6,119,,,,,,,,,,,,,,,,
2026-07-15T20:24:30.841694+00:00,2026-07-15T20:24:30.840867,4,2,67.2,0.2,67.1,55,67.0,70,66.9,50,66.8,150,,,,,,,,,,,,,67.3,136,67.6,119,,,,,,,,,,,,,,,,
2026-07-15T20:24:30.852069+00:00,2026-07-15T20:24:30.845450,4,2,67.2,0.2,67.1,50,67.0,70,66.9,50,66.8,150,,,,,,,,,,,,,67.3,131,67.6,119,,,,,,,,,,,,,,,,
2026-07-15T20:24:30.862452+00:00,2026-07-15T20:24:30.861558,4,2,67.2,0.2,67.1,55,67.0,70,66.9,50,66.8,150,,,,,,,,,,,,,67.3,135,67.6,119,,,,,,,,,,,,,,,,
2026-07-15T20:24:30.872810+00:00,2026-07-15T20:24:30.867124,4,2,67.2,0.2,67.1,131,67.0,70,66.9,50,66.8,150,,,,,,,,,,,,,67.3,136,67.6,119,,,,,,,,,,,,,,,,
2026-07-15T20:24:30.965981+00:00,2026-07-15T20:24:30.965557,4,2,67.2,0.2,67.1,131,67.0,70,66.9,50,66.8,150,,,,,,,,,,,,,67.3,129,67.6,112,,,,,,,,,,,,,,,,
2026-07-15T20:24:30.976349+00:00,2026-07-15T20:24:30.968872,4,3,67.15,0.1,67.1,131,67.0,70,66.9,50,66.8,150,,,,,,,,,,,,,67.2,12,67.3,129,67.6,112,,,,,,,,,,,,,,
2026-07-15T20:24:31.059132+00:00,2026-07-15T20:24:31.058406,4,3,67.15,0.1,67.1,131,67.0,70,66.9,50,66.8,150,,,,,,,,,,,,,67.2,12,67.3,128,67.6,112,,,,,,,,,,,,,,
2026-07-15T20:24:31.069520+00:00,2026-07-15T20:24:31.062560,4,3,67.15,0.1,67.1,131,67.0,70,66.9,50,66.8,150,,,,,,,,,,,,,67.2,12,67.3,127,67.6,112,,,,,,,,,,,,,,
2026-07-15T20:24:31.329524+00:00,2026-07-15T20:24:31.324318,4,3,67.15,0.1,67.1,129,67.0,70,66.9,50,66.8,150,,,,,,,,,,,,,67.2,12,67.3,127,67.6,112,,,,,,,,,,,,,,
2026-07-15T20:24:31.464401+00:00,2026-07-15T20:24:31.462784,3,3,67.15,0.1,67.1,129,67.0,70,66.8,150,,,,,,,,,,,,,,,67.2,12,67.3,127,67.6,112,,,,,,,,,,,,,,
2026-07-15T20:24:31.474844+00:00,2026-07-15T20:24:31.473910,3,3,67.15,0.1,67.1,131,67.0,70,66.8,150,,,,,,,,,,,,,,,67.2,12,67.3,127,67.6,112,,,,,,,,,,,,,,
2026-07-15T20:24:31.485246+00:00,2026-07-15T20:24:31.480074,4,3,67.15,0.1,67.1,131,67.0,70,66.9,50,66.8,150,,,,,,,,,,,,,67.2,14,67.3,127,67.6,112,,,,,,,,,,,,,,
2026-07-15T20:24:31.536921+00:00,2026-07-15T20:24:31.535925,3,3,67.15,0.1,67.1,131,67.0,70,66.9,50,,,,,,,,,,,,,,,67.2,14,67.3,17,67.6,112,,,,,,,,,,,,,,
2026-07-15T20:24:31.599003+00:00,2026-07-15T20:24:31.589686,3,3,67.15,0.1,67.1,131,67.0,70,66.9,200,,,,,,,,,,,,,,,67.2,14,67.3,17,67.6,112,,,,,,,,,,,,,,
2026-07-15T20:24:31.661005+00:00,2026-07-15T20:24:31.658981,3,4,67.15,0.1,67.1,131,67.0,70,66.9,200,,,,,,,,,,,,,,,67.2,14,67.3,17,67.4,150,67.6,112,,,,,,,,,,,,
2026-07-15T20:24:31.671449+00:00,2026-07-15T20:24:31.664767,3,4,67.15,0.1,67.1,81,67.0,70,66.9,200,,,,,,,,,,,,,,,67.2,14,67.3,17,67.4,150,67.6,112,,,,,,,,,,,,
2026-07-15T20:24:31.764732+00:00,2026-07-15T20:24:31.762579,3,4,67.15,0.1,67.1,81,67.0,70,66.9,200,,,,,,,,,,,,,,,67.2,14,67.3,17,67.4,150,67.6,12,,,,,,,,,,,,
2026-07-15T20:24:31.775115+00:00,2026-07-15T20:24:31.773746,3,4,67.15,0.1,67.1,81,67.0,70,66.9,200,,,,,,,,,,,,,,,67.2,12,67.3,17,67.4,150,67.6,12,,,,,,,,,,,,
2026-07-15T20:24:31.785488+00:00,2026-07-15T20:24:31.781313,3,3,67.15,0.1,67.1,81,67.0,70,66.9,200,,,,,,,,,,,,,,,67.2,12,67.3,15,67.4,150,,,,,,,,,,,,,,
2026-07-15T20:24:31.826856+00:00,2026-07-15T20:24:31.816725,4,3,67.15,0.1,67.1,81,67.0,70,66.9,200,66.7,100,,,,,,,,,,,,,67.2,12,67.3,15,67.4,150,,,,,,,,,,,,,,
2026-07-15T20:24:31.878780+00:00,2026-07-15T20:24:31.876187,4,3,67.15,0.1,67.1,76,67.0,70,66.9,200,66.7,100,,,,,,,,,,,,,67.2,112,67.3,10,67.4,150,,,,,,,,,,,,,,
2026-07-15T20:24:31.889156+00:00,2026-07-15T20:24:31.880299,4,3,67.15,0.1,67.1,81,67.0,70,66.9,200,66.7,100,,,,,,,,,,,,,67.2,112,67.3,10,67.4,150,,,,,,,,,,,,,,
2026-07-15T20:24:31.931048+00:00,2026-07-15T20:24:31.926975,4,3,67.15,0.1,67.1,81,67.0,70,66.9,200,66.7,100,,,,,,,,,,,,,67.2,117,67.3,10,67.4,150,,,,,,,,,,,,,,
2026-07-15T20:24:31.941503+00:00,2026-07-15T20:24:31.934164,4,3,67.15,0.1,67.1,37,67.0,70,66.9,200,66.7,100,,,,,,,,,,,,,67.2,117,67.3,10,67.4,150,,,,,,,,,,,,,,
2026-07-15T20:24:31.972673+00:00,2026-07-15T20:24:31.962527,4,3,67.15,0.1,67.1,37,67.0,70,66.9,200,66.7,100,,,,,,,,,,,,,67.2,197,67.3,10,67.4,150,,,,,,,,,,,,,,
2026-07-15T20:24:31.993430+00:00,2026-07-15T20:24:31.992300,4,2,67.15,0.1,67.1,86,67.0,70,66.9,200,66.7,100,,,,,,,,,,,,,67.2,187,67.4,150,,,,,,,,,,,,,,,,
2026-07-15T20:24:32.097121+00:00,2026-07-15T20:24:32.095817,3,2,67.15,0.1,67.1,86,66.9,150,66.7,100,,,,,,,,,,,,,,,67.2,185,67.4,150,,,,,,,,,,,,,,,,
2026-07-15T20:24:32.107511+00:00,2026-07-15T20:24:32.107002,4,2,67.15,0.1,67.1,104,67.0,70,66.9,182,66.7,100,,,,,,,,,,,,,67.2,185,67.4,150,,,,,,,,,,,,,,,,
2026-07-15T20:24:32.117878+00:00,2026-07-15T20:24:32.109916,4,2,67.15,0.1,67.1,104,67.0,70,66.9,182,66.7,100,,,,,,,,,,,,,67.2,205,67.4,150,,,,,,,,,,,,,,,,
2026-07-15T20:24:32.729989+00:00,2026-07-15T20:24:32.728957,3,2,67.15,0.1,67.1,104,66.9,150,66.7,100,,,,,,,,,,,,,,,67.2,185,67.4,150,,,,,,,,,,,,,,,,
2026-07-15T20:24:32.740372+00:00,2026-07-15T20:24:32.737787,4,2,67.15,0.1,67.1,104,67.0,70,66.9,182,66.7,100,,,,,,,,,,,,,67.2,185,67.4,150,,,,,,,,,,,,,,,,
2026-07-15T20:24:32.750782+00:00,2026-07-15T20:24:32.740787,4,2,67.15,0.1,67.1,104,67.0,70,66.9,182,66.7,100,,,,,,,,,,,,,67.2,205,67.4,150,,,,,,,,,,,,,,,,
2026-07-15T20:24:32.948023+00:00,2026-07-15T20:24:32.947037,4,2,67.15,0.1,67.1,104,67.0,70,66.9,182,66.7,100,,,,,,,,,,,,,67.2,200,67.4,150,,,,,,,,,,,,,,,,
2026-07-15T20:24:32.958423+00:00,2026-07-15T20:24:32.950553,4,2,67.15,0.1,67.1,104,67.0,70,66.9,182,66.7,100,,,,,,,,,,,,,67.2,205,67.4,150,,,,,,,,,,,,,,,,
2026-07-15T20:24:33.000037+00:00,2026-07-15T20:24:32.998039,4,2,67.15,0.1,67.1,104,67.0,70,66.9,182,66.7,100,,,,,,,,,,,,,67.2,160,67.4,150,,,,,,,,,,,,,,,,
2026-07-15T20:24:33.364215+00:00,2026-07-15T20:24:33.363704,3,2,67.15,0.1,67.1,104,66.9,150,66.7,100,,,,,,,,,,,,,,,67.2,140,67.4,150,,,,,,,,,,,,,,,,
2026-07-15T20:24:33.374698+00:00,2026-07-15T20:24:33.373419,4,2,67.15,0.1,67.1,102,67.0,70,66.9,150,66.7,100,,,,,,,,,,,,,67.2,140,67.4,150,,,,,,,,,,,,,,,,
2026-07-15T20:24:33.385225+00:00,2026-07-15T20:24:33.381608,4,2,67.15,0.1,67.1,102,67.0,70,66.9,182,66.7,100,,,,,,,,,,,,,67.2,160,67.4,150,,,,,,,,,,,,,,,,
2026-07-15T20:24:33.406138+00:00,2026-07-15T20:24:33.404357,4,2,67.15,0.1,67.1,55,67.0,70,66.9,182,66.7,100,,,,,,,,,,,,,67.2,171,67.4,150,,,,,,,,,,,,,,,,
2026-07-15T20:24:33.416593+00:00,2026-07-15T20:24:33.407632,4,2,67.15,0.1,67.1,55,67.0,70,66.9,182,66.7,100,,,,,,,,,,,,,67.2,171,67.4,161,,,,,,,,,,,,,,,,
2026-07-15T20:24:33.790801+00:00,2026-07-15T20:24:33.782604,4,2,67.15,0.1,67.1,5,67.0,70,66.9,182,66.7,100,,,,,,,,,,,,,67.2,171,67.4,161,,,,,,,,,,,,,,,,
2026-07-15T20:24:33.821972+00:00,2026-07-15T20:24:33.820047,4,2,67.15,0.1,67.1,52,67.0,70,66.9,182,66.7,100,,,,,,,,,,,,,67.2,160,67.4,150,,,,,,,,,,,,,,,,
2026-07-15T20:24:33.967304+00:00,2026-07-15T20:24:33.961778,4,2,67.15,0.1,67.1,52,67.0,70,66.9,182,66.7,100,,,,,,,,,,,,,67.2,155,67.4,150,,,,,,,,,,,,,,,,
2026-07-15T20:24:33.977741+00:00,2026-07-15T20:24:33.975574,4,2,67.15,0.1,67.1,57,67.0,70,66.9,182,66.7,100,,,,,,,,,,,,,67.2,160,67.4,150,,,,,,,,,,,,,,,,
2026-07-15T20:24:33.998628+00:00,2026-07-15T20:24:33.996335,3,2,67.15,0.1,67.1,52,66.9,150,66.7,100,,,,,,,,,,,,,,,67.2,140,67.4,150,,,,,,,,,,,,,,,,
2026-07-15T20:24:34.009143+00:00,2026-07-15T20:24:34.007034,4,2,67.15,0.1,67.1,102,67.0,57,66.9,150,66.7,100,,,,,,,,,,,,,67.2,140,67.4,150,,,,,,,,,,,,,,,,
2026-07-15T20:24:34.019645+00:00,2026-07-15T20:24:34.017084,4,3,67.15,0.1,67.1,102,67.0,57,66.9,150,66.7,100,,,,,,,,,,,,,67.2,190,67.3,15,67.4,150,,,,,,,,,,,,,,
2026-07-15T20:24:34.633666+00:00,2026-07-15T20:24:34.633348,3,2,67.15,0.1,67.1,52,66.9,150,66.7,100,,,,,,,,,,,,,,,67.2,140,67.4,150,,,,,,,,,,,,,,,,
2026-07-15T20:24:34.644184+00:00,2026-07-15T20:24:34.643387,4,2,67.15,0.1,67.1,102,67.0,57,66.9,150,66.7,100,,,,,,,,,,,,,67.2,140,67.4,150,,,,,,,,,,,,,,,,
2026-07-15T20:24:34.654693+00:00,2026-07-15T20:24:34.650594,4,3,67.15,0.1,67.1,102,67.0,57,66.9,150,66.7,100,,,,,,,,,,,,,67.2,190,67.3,15,67.4,150,,,,,,,,,,,,,,
2026-07-15T20:24:34.696578+00:00,2026-07-15T20:24:34.686497,4,3,67.15,0.1,67.1,102,67.0,57,66.9,150,66.7,100,,,,,,,,,,,,,67.2,152,67.3,15,67.4,150,,,,,,,,,,,,,,
2026-07-15T20:24:34.707040+00:00,2026-07-15T20:24:34.698883,4,3,67.15,0.1,67.1,102,67.0,57,66.9,150,66.7,100,,,,,,,,,,,,,67.2,127,67.3,15,67.4,150,,,,,,,,,,,,,,
2026-07-15T20:24:34.717480+00:00,2026-07-15T20:24:34.715357,3,2,67.15,0.1,67.1,102,67.0,57,66.7,100,,,,,,,,,,,,,,,67.2,127,67.3,15,,,,,,,,,,,,,,,,
2026-07-15T20:24:34.769529+00:00,2026-07-15T20:24:34.768913,3,2,67.15,0.1,67.1,274,67.0,57,66.7,100,,,,,,,,,,,,,,,67.2,127,67.3,15,,,,,,,,,,,,,,,,
2026-07-15T20:24:34.779976+00:00,2026-07-15T20:24:34.771167,3,2,67.15,0.1,67.1,274,67.0,57,66.7,100,,,,,,,,,,,,,,,67.2,135,67.3,15,,,,,,,,,,,,,,,,
2026-07-15T20:24:34.840468+00:00,2026-07-15T20:24:34.839848,3,3,67.15,0.1,67.1,317,67.0,57,66.7,100,,,,,,,,,,,,,,,67.2,63,67.3,15,67.6,150,,,,,,,,,,,,,,
2026-07-15T20:24:34.851033+00:00,2026-07-15T20:24:34.849633,3,3,67.15,0.1,67.1,317,67.0,57,66.7,100,,,,,,,,,,,,,,,67.2,31,67.3,15,67.6,150,,,,,,,,,,,,,,
2026-07-15T20:24:34.861469+00:00,2026-07-15T20:24:34.859094,3,3,67.15,0.1,67.1,317,67.0,57,66.7,100,,,,,,,,,,,,,,,67.2,7,67.3,15,67.6,150,,,,,,,,,,,,,,
2026-07-15T20:24:34.871884+00:00,2026-07-15T20:24:34.870203,3,3,67.15,0.1,67.1,295,67.0,57,66.7,100,,,,,,,,,,,,,,,67.2,7,67.3,15,67.6,150,,,,,,,,,,,,,,
2026-07-15T20:24:34.882291+00:00,2026-07-15T20:24:34.879068,3,3,67.15,0.1,67.1,295,67.0,57,66.7,100,,,,,,,,,,,,,,,67.2,7,67.3,15,67.6,150,,,,,,,,,,,,,,
2026-07-15T20:24:34.892736+00:00,2026-07-15T20:24:34.887111,3,2,67.2,0.2,67.1,295,67.0,57,66.7,100,,,,,,,,,,,,,,,67.3,15,67.6,150,,,,,,,,,,,,,,,,
2026-07-15T20:24:34.934814+00:00,2026-07-15T20:24:34.933474,2,2,67.2,0.2,67.1,295,67.0,57,,,,,,,,,,,,,,,,,67.3,15,67.6,150,,,,,,,,,,,,,,,,
2026-07-15T20:24:34.976456+00:00,2026-07-15T20:24:34.971911,2,2,67.2,0.2,67.1,295,67.0,57,,,,,,,,,,,,,,,,,67.3,95,67.6,150,,,,,,,,,,,,,,,,
2026-07-15T20:24:34.997278+00:00,2026-07-15T20:24:34.994023,3,1,67.45,0.3,67.3,5,67.1,290,67.0,57,,,,,,,,,,,,,,,67.6,150,,,,,,,,,,,,,,,,,,
2026-07-15T20:24:35.018241+00:00,2026-07-15T20:24:35.015686,3,1,67.45,0.3,67.3,10,67.1,290,67.0,57,,,,,,,,,,,,,,,67.6,150,,,,,,,,,,,,,,,,,,
2026-07-15T20:24:35.028698+00:00,2026-07-15T20:24:35.019416,3,1,67.45,0.3,67.3,10,67.1,290,67.0,57,,,,,,,,,,,,,,,67.6,155,,,,,,,,,,,,,,,,,,
2026-07-15T20:24:35.039121+00:00,2026-07-15T20:24:35.037890,3,1,67.45,0.3,67.3,10,67.1,200,67.0,57,,,,,,,,,,,,,,,67.6,155,,,,,,,,,,,,,,,,,,
2026-07-15T20:24:35.049568+00:00,2026-07-15T20:24:35.049283,3,2,67.45,0.3,67.3,10,67.1,200,67.0,57,,,,,,,,,,,,,,,67.6,155,67.8,100,,,,,,,,,,,,,,,,
2026-07-15T20:24:35.247543+00:00,2026-07-15T20:24:35.241829,4,2,67.5,0.2,67.4,20,67.3,10,67.1,200,67.0,57,,,,,,,,,,,,,67.6,155,67.8,100,,,,,,,,,,,,,,,,
2026-07-15T20:24:35.257956+00:00,2026-07-15T20:24:35.256220,3,2,67.45,0.3,67.3,10,67.1,200,67.0,57,,,,,,,,,,,,,,,67.6,155,67.8,100,,,,,,,,,,,,,,,,
2026-07-15T20:24:35.268379+00:00,2026-07-15T20:24:35.264912,2,2,67.35,0.5,67.1,163,67.0,57,,,,,,,,,,,,,,,,,67.6,155,67.8,100,,,,,,,,,,,,,,,,
2026-07-15T20:24:35.278907+00:00,2026-07-15T20:24:35.274784,1,2,67.35,0.5,67.1,150,,,,,,,,,,,,,,,,,,,67.6,155,67.8,100,,,,,,,,,,,,,,,,
2026-07-15T20:24:35.289351+00:00,2026-07-15T20:24:35.285926,2,2,67.35,0.5,67.1,200,67.0,70,,,,,,,,,,,,,,,,,67.6,155,67.8,100,,,,,,,,,,,,,,,,
2026-07-15T20:24:35.299797+00:00,2026-07-15T20:24:35.292540,3,2,67.35,0.5,67.1,200,67.0,70,66.9,20,,,,,,,,,,,,,,,67.6,192,67.8,100,,,,,,,,,,,,,,,,
2026-07-15T20:24:35.424743+00:00,2026-07-15T20:24:35.424409,3,3,67.3,0.4,67.1,200,67.0,70,66.9,20,,,,,,,,,,,,,,,67.5,10,67.6,192,67.8,100,,,,,,,,,,,,,,
2026-07-15T20:24:35.790549+00:00,2026-07-15T20:24:35.784474,3,3,67.3,0.4,67.1,276,67.0,70,66.9,20,,,,,,,,,,,,,,,67.5,10,67.6,192,67.8,100,,,,,,,,,,,,,,
2026-07-15T20:24:35.884547+00:00,2026-07-15T20:24:35.876557,3,3,67.3,0.4,67.1,280,67.0,70,66.9,20,,,,,,,,,,,,,,,67.5,10,67.6,192,67.8,100,,,,,,,,,,,,,,
2026-07-15T20:24:35.894986+00:00,2026-07-15T20:24:35.890588,3,3,67.3,0.4,67.1,230,67.0,70,66.9,20,,,,,,,,,,,,,,,67.5,10,67.6,192,67.8,100,,,,,,,,,,,,,,
2026-07-15T20:24:35.915944+00:00,2026-07-15T20:24:35.915169,1,3,67.3,0.4,67.1,230,,,,,,,,,,,,,,,,,,,67.5,10,67.6,155,67.8,100,,,,,,,,,,,,,,
2026-07-15T20:24:35.926529+00:00,2026-07-15T20:24:35.921934,3,3,67.3,0.4,67.1,230,67.0,70,66.9,20,,,,,,,,,,,,,,,67.5,10,67.6,155,67.8,100,,,,,,,,,,,,,,
2026-07-15T20:24:35.937079+00:00,2026-07-15T20:24:35.927964,3,3,67.3,0.4,67.1,230,67.0,70,66.9,20,,,,,,,,,,,,,,,67.5,47,67.6,155,67.8,100,,,,,,,,,,,,,,
2026-07-15T20:24:35.978828+00:00,2026-07-15T20:24:35.976548,3,3,67.3,0.4,67.1,226,67.0,70,66.9,20,,,,,,,,,,,,,,,67.5,71,67.6,155,67.8,100,,,,,,,,,,,,,,
2026-07-15T20:24:36.031276+00:00,2026-07-15T20:24:36.030572,3,3,67.3,0.4,67.1,226,67.0,70,66.9,20,,,,,,,,,,,,,,,67.5,71,67.6,150,67.8,100,,,,,,,,,,,,,,
2026-07-15T20:24:36.052230+00:00,2026-07-15T20:24:36.048495,3,4,67.25,0.3,67.1,231,67.0,70,66.9,20,,,,,,,,,,,,,,,67.4,20,67.5,76,67.6,150,67.8,100,,,,,,,,,,,,
2026-07-15T20:24:36.062824+00:00,2026-07-15T20:24:36.055380,3,4,67.25,0.3,67.1,231,67.0,70,66.9,20,,,,,,,,,,,,,,,67.4,20,67.5,96,67.6,170,67.8,100,,,,,,,,,,,,
2026-07-15T20:24:36.073294+00:00,2026-07-15T20:24:36.071797,3,4,67.25,0.3,67.1,231,67.0,70,66.9,20,,,,,,,,,,,,,,,67.4,20,67.5,72,67.6,170,67.8,100,,,,,,,,,,,,
2026-07-15T20:24:36.083745+00:00,2026-07-15T20:24:36.079252,3,4,67.25,0.3,67.1,235,67.0,70,66.9,20,,,,,,,,,,,,,,,67.4,20,67.5,72,67.6,170,67.8,100,,,,,,,,,,,,
2026-07-15T20:24:36.178086+00:00,2026-07-15T20:24:36.172341,3,4,67.25,0.3,67.1,231,67.0,70,66.9,20,,,,,,,,,,,,,,,67.4,20,67.5,72,67.6,170,67.8,100,,,,,,,,,,,,
2026-07-15T20:24:36.282393+00:00,2026-07-15T20:24:36.272189,3,4,67.25,0.3,67.1,235,67.0,70,66.9,20,,,,,,,,,,,,,,,67.4,20,67.5,72,67.6,170,67.8,100,,,,,,,,,,,,
2026-07-15T20:24:36.375808+00:00,2026-07-15T20:24:36.372208,3,4,67.25,0.3,67.1,231,67.0,70,66.9,20,,,,,,,,,,,,,,,67.4,20,67.5,72,67.6,170,67.8,100,,,,,,,,,,,,
2026-07-15T20:24:36.448744+00:00,2026-07-15T20:24:36.440870,3,4,67.25,0.3,67.1,231,67.0,70,66.9,20,,,,,,,,,,,,,,,67.4,20,67.5,62,67.6,170,67.8,100,,,,,,,,,,,,
2026-07-15T20:24:36.459273+00:00,2026-07-15T20:24:36.451565,3,4,67.25,0.3,67.1,231,67.0,70,66.9,20,,,,,,,,,,,,,,,67.4,30,67.5,62,67.6,170,67.8,100,,,,,,,,,,,,
2026-07-15T20:24:36.469789+00:00,2026-07-15T20:24:36.467861,3,4,67.25,0.3,67.1,231,67.0,70,66.9,20,,,,,,,,,,,,,,,67.4,24,67.5,56,67.6,150,67.8,100,,,,,,,,,,,,
2026-07-15T20:24:36.480299+00:00,2026-07-15T20:24:36.471882,3,4,67.25,0.3,67.1,235,67.0,70,66.9,20,,,,,,,,,,,,,,,67.4,24,67.5,56,67.6,150,67.8,100,,,,,,,,,,,,
2026-07-15T20:24:36.542952+00:00,2026-07-15T20:24:36.541804,1,4,67.25,0.3,67.1,235,,,,,,,,,,,,,,,,,,,67.4,24,67.5,19,67.6,150,67.8,100,,,,,,,,,,,,
2026-07-15T20:24:36.553414+00:00,2026-07-15T20:24:36.549280,1,4,67.25,0.3,67.1,235,,,,,,,,,,,,,,,,,,,67.4,24,67.5,19,67.6,150,67.8,100,,,,,,,,,,,,
2026-07-15T20:24:36.563894+00:00,2026-07-15T20:24:36.560647,3,4,67.25,0.3,67.1,235,67.0,70,66.9,20,,,,,,,,,,,,,,,67.4,24,67.5,19,67.6,150,67.8,100,,,,,,,,,,,,
2026-07-15T20:24:36.574413+00:00,2026-07-15T20:24:36.571873,3,4,67.25,0.3,67.1,231,67.0,70,66.9,20,,,,,,,,,,,,,,,67.4,61,67.5,19,67.6,150,67.8,100,,,,,,,,,,,,
2026-07-15T20:24:36.678432+00:00,2026-07-15T20:24:36.676685,3,5,67.2,0.2,67.1,235,67.0,70,66.9,20,,,,,,,,,,,,,,,67.3,14,67.4,99,67.5,19,67.6,150,67.8,100,,,,,,,,,,
2026-07-15T20:24:36.783127+00:00,2026-07-15T20:24:36.782705,3,5,67.2,0.2,67.1,231,67.0,70,66.9,20,,,,,,,,,,,,,,,67.3,14,67.4,61,67.5,19,67.6,150,67.8,100,,,,,,,,,,
2026-07-15T20:24:36.877018+00:00,2026-07-15T20:24:36.871858,3,5,67.2,0.2,67.1,235,67.0,70,66.9,20,,,,,,,,,,,,,,,67.3,14,67.4,61,67.5,19,67.6,150,67.8,100,,,,,,,,,,
2026-07-15T20:24:36.981398+00:00,2026-07-15T20:24:36.980190,3,5,67.2,0.2,67.1,231,67.0,70,66.9,20,,,,,,,,,,,,,,,67.3,14,67.4,61,67.5,19,67.6,150,67.8,100,,,,,,,,,,
2026-07-15T20:24:37.064869+00:00,2026-07-15T20:24:37.060315,3,5,67.2,0.2,67.1,226,67.0,70,66.9,20,,,,,,,,,,,,,,,67.3,14,67.4,61,67.5,14,67.6,150,67.8,100,,,,,,,,,,
2026-07-15T20:24:37.075312+00:00,2026-07-15T20:24:37.071843,3,5,67.2,0.2,67.1,235,67.0,70,66.9,20,,,,,,,,,,,,,,,67.3,19,67.4,61,67.5,14,67.6,150,67.8,100,,,,,,,,,,
2026-07-15T20:24:37.085766+00:00,2026-07-15T20:24:37.082591,3,4,67.2,0.2,67.1,235,67.0,70,66.9,20,,,,,,,,,,,,,,,67.3,15,67.4,57,67.6,150,67.8,100,,,,,,,,,,,,
2026-07-15T20:24:37.179446+00:00,2026-07-15T20:24:37.178385,1,4,67.2,0.2,67.1,231,,,,,,,,,,,,,,,,,,,67.3,15,67.4,20,67.6,150,67.8,100,,,,,,,,,,,,
2026-07-15T20:24:37.189899+00:00,2026-07-15T20:24:37.189475,3,4,67.2,0.2,67.1,231,67.0,70,66.9,20,,,,,,,,,,,,,,,67.3,15,67.4,20,67.6,150,67.8,100,,,,,,,,,,,,
2026-07-15T20:24:37.200320+00:00,2026-07-15T20:24:37.192435,3,4,67.2,0.2,67.1,231,67.0,70,66.9,20,,,,,,,,,,,,,,,67.3,52,67.4,20,67.6,150,67.8,100,,,,,,,,,,,,
2026-07-15T20:24:37.283813+00:00,2026-07-15T20:24:37.275992,3,4,67.2,0.2,67.1,235,67.0,70,66.9,20,,,,,,,,,,,,,,,67.3,52,67.4,20,67.6,150,67.8,100,,,,,,,,,,,,
2026-07-15T20:24:37.294349+00:00,2026-07-15T20:24:37.286153,3,5,67.15,0.1,67.1,235,67.0,70,66.9,20,,,,,,,,,,,,,,,67.2,10,67.3,52,67.4,20,67.6,150,67.8,100,,,,,,,,,,
2026-07-15T20:24:37.378289+00:00,2026-07-15T20:24:37.371939,3,5,67.15,0.1,67.1,231,67.0,70,66.9,20,,,,,,,,,,,,,,,67.2,10,67.3,52,67.4,20,67.6,150,67.8,100,,,,,,,,,,
2026-07-15T20:24:37.471860+00:00,2026-07-15T20:24:37.468165,3,5,67.15,0.1,67.1,231,67.0,70,66.9,20,,,,,,,,,,,,,,,67.2,10,67.3,52,67.4,10,67.6,150,67.8,100,,,,,,,,,,
2026-07-15T20:24:37.804942+00:00,2026-07-15T20:24:37.803595,3,5,67.15,0.1,67.1,231,67.0,70,66.9,20,,,,,,,,,,,,,,,67.2,10,67.3,15,67.4,10,67.6,150,67.8,100,,,,,,,,,,
2026-07-15T20:24:37.815405+00:00,2026-07-15T20:24:37.812993,1,5,67.15,0.1,67.1,231,,,,,,,,,,,,,,,,,,,67.2,10,67.3,15,67.4,10,67.6,150,67.8,100,,,,,,,,,,
2026-07-15T20:24:37.825879+00:00,2026-07-15T20:24:37.822389,3,5,67.15,0.1,67.1,231,67.0,70,66.9,20,,,,,,,,,,,,,,,67.2,47,67.3,15,67.4,10,67.6,150,67.8,100,,,,,,,,,,
2026-07-15T20:24:37.878275+00:00,2026-07-15T20:24:37.877211,3,4,67.15,0.1,67.1,231,67.0,70,66.9,20,,,,,,,,,,,,,,,67.2,47,67.3,15,67.4,10,67.8,100,,,,,,,,,,,,
2026-07-15T20:24:37.888726+00:00,2026-07-15T20:24:37.879033,3,4,67.15,0.1,67.1,131,67.0,70,66.9,20,,,,,,,,,,,,,,,67.2,47,67.3,15,67.4,10,67.8,100,,,,,,,,,,,,
2026-07-15T20:24:37.899144+00:00,2026-07-15T20:24:37.896701,3,3,67.15,0.1,67.1,131,67.0,70,66.9,20,,,,,,,,,,,,,,,67.2,37,67.3,5,67.8,100,,,,,,,,,,,,,,
2026-07-15T20:24:37.909558+00:00,2026-07-15T20:24:37.905488,3,3,67.15,0.1,67.1,141,67.0,80,66.9,30,,,,,,,,,,,,,,,67.2,37,67.3,5,67.8,100,,,,,,,,,,,,,,
2026-07-15T20:24:37.940785+00:00,2026-07-15T20:24:37.931447,4,3,67.15,0.1,67.1,141,67.0,80,66.9,30,66.8,150,,,,,,,,,,,,,67.2,37,67.3,5,67.8,100,,,,,,,,,,,,,,
2026-07-15T20:24:37.993134+00:00,2026-07-15T20:24:37.984717,4,3,67.15,0.1,67.1,141,67.0,80,66.9,30,66.8,150,,,,,,,,,,,,,67.2,37,67.3,155,67.8,100,,,,,,,,,,,,,,
2026-07-15T20:24:38.034807+00:00,2026-07-15T20:24:38.025584,4,3,67.15,0.1,67.1,91,67.0,80,66.9,30,66.8,150,,,,,,,,,,,,,67.2,37,67.3,155,67.8,100,,,,,,,,,,,,,,
2026-07-15T20:24:38.086696+00:00,2026-07-15T20:24:38.083087,4,3,67.15,0.1,67.1,86,67.0,80,66.9,30,66.8,150,,,,,,,,,,,,,67.2,37,67.3,150,67.8,100,,,,,,,,,,,,,,
2026-07-15T20:24:38.097131+00:00,2026-07-15T20:24:38.092488,4,3,67.15,0.1,67.1,91,67.0,80,66.9,30,66.8,150,,,,,,,,,,,,,67.2,42,67.3,150,67.8,100,,,,,,,,,,,,,,
2026-07-15T20:24:38.107546+00:00,2026-07-15T20:24:38.105435,4,2,67.15,0.1,67.1,91,67.0,80,66.9,30,66.8,150,,,,,,,,,,,,,67.2,42,67.3,150,,,,,,,,,,,,,,,,
2026-07-15T20:24:38.159732+00:00,2026-07-15T20:24:38.159382,4,2,67.15,0.1,67.1,91,67.0,80,66.9,130,66.8,150,,,,,,,,,,,,,67.2,42,67.3,150,,,,,,,,,,,,,,,,
2026-07-15T20:24:38.221938+00:00,2026-07-15T20:24:38.213153,4,3,67.15,0.1,67.1,91,67.0,80,66.9,130,66.8,150,,,,,,,,,,,,,67.2,42,67.3,150,67.4,100,,,,,,,,,,,,,,
2026-07-15T20:24:38.440762+00:00,2026-07-15T20:24:38.440215,4,3,67.15,0.1,67.1,91,67.0,80,66.9,130,66.8,150,,,,,,,,,,,,,67.2,5,67.3,150,67.4,100,,,,,,,,,,,,,,
2026-07-15T20:24:38.451232+00:00,2026-07-15T20:24:38.446582,4,3,67.15,0.1,67.1,41,67.0,10,66.9,110,66.8,150,,,,,,,,,,,,,67.2,5,67.3,150,67.4,100,,,,,,,,,,,,,,
2026-07-15T20:24:38.461690+00:00,2026-07-15T20:24:38.459283,4,3,67.15,0.1,67.1,91,67.0,80,66.9,130,66.8,150,,,,,,,,,,,,,67.2,5,67.3,150,67.4,100,,,,,,,,,,,,,,
2026-07-15T20:24:38.472163+00:00,2026-07-15T20:24:38.463755,4,3,67.15,0.1,67.1,91,67.0,80,66.9,130,66.8,150,,,,,,,,,,,,,67.2,42,67.3,150,67.4,100,,,,,,,,,,,,,,
2026-07-15T20:24:38.712318+00:00,2026-07-15T20:24:38.710189,4,3,67.15,0.1,67.1,91,67.0,80,66.9,134,66.8,150,,,,,,,,,,,,,67.2,42,67.3,150,67.4,100,,,,,,,,,,,,,,
2026-07-15T20:24:38.722756+00:00,2026-07-15T20:24:38.718187,4,3,67.15,0.1,67.1,95,67.0,84,66.9,134,66.8,150,,,,,,,,,,,,,67.2,42,67.3,150,67.4,100,,,,,,,,,,,,,,
2026-07-15T20:24:38.837593+00:00,2026-07-15T20:24:38.827376,4,3,67.15,0.1,67.1,48,67.0,84,66.9,134,66.8,150,,,,,,,,,,,,,67.2,42,67.3,150,67.4,100,,,,,,,,,,,,,,
2026-07-15T20:24:38.879768+00:00,2026-07-15T20:24:38.874440,4,3,67.15,0.1,67.1,48,67.0,84,66.9,134,66.8,150,,,,,,,,,,,,,67.2,122,67.3,150,67.4,100,,,,,,,,,,,,,,
2026-07-15T20:24:38.932016+00:00,2026-07-15T20:24:38.927782,4,3,67.15,0.1,67.1,58,67.0,80,66.9,130,66.8,150,,,,,,,,,,,,,67.2,122,67.3,150,67.4,100,,,,,,,,,,,,,,
2026-07-15T20:24:39.079319+00:00,2026-07-15T20:24:39.078009,4,3,67.15,0.1,67.1,58,67.0,80,66.9,110,66.8,150,,,,,,,,,,,,,67.2,85,67.3,150,67.4,100,,,,,,,,,,,,,,
2026-07-15T20:24:39.089968+00:00,2026-07-15T20:24:39.087994,4,3,67.15,0.1,67.1,60,67.0,80,66.9,110,66.8,150,,,,,,,,,,,,,67.2,85,67.3,150,67.4,100,,,,,,,,,,,,,,
2026-07-15T20:24:39.100446+00:00,2026-07-15T20:24:39.095022,4,3,67.15,0.1,67.1,60,67.0,80,66.9,128,66.8,150,,,,,,,,,,,,,67.2,124,67.3,150,67.4,100,,,,,,,,,,,,,,
2026-07-15T20:24:39.110932+00:00,2026-07-15T20:24:39.107018,4,3,67.15,0.1,67.1,60,67.0,80,66.9,128,66.8,150,,,,,,,,,,,,,67.2,119,67.3,150,67.4,100,,,,,,,,,,,,,,
2026-07-15T20:24:39.121406+00:00,2026-07-15T20:24:39.118522,4,3,67.15,0.1,67.1,64,67.0,80,66.9,128,66.8,150,,,,,,,,,,,,,67.2,119,67.3,150,67.4,100,,,,,,,,,,,,,,
2026-07-15T20:24:39.131869+00:00,2026-07-15T20:24:39.122444,4,3,67.15,0.1,67.1,64,67.0,80,66.9,128,66.8,150,,,,,,,,,,,,,67.2,124,67.3,150,67.4,100,,,,,,,,,,,,,,
2026-07-15T20:24:39.706318+00:00,2026-07-15T20:24:39.705760,4,3,67.15,0.1,67.1,64,67.0,80,66.9,128,66.8,150,,,,,,,,,,,,,67.2,85,67.3,150,67.4,100,,,,,,,,,,,,,,
2026-07-15T20:24:39.716776+00:00,2026-07-15T20:24:39.710744,4,3,67.15,0.1,67.1,14,67.0,10,66.9,110,66.8,150,,,,,,,,,,,,,67.2,85,67.3,150,67.4,100,,,,,,,,,,,,,,
2026-07-15T20:24:39.727266+00:00,2026-07-15T20:24:39.726944,4,3,67.15,0.1,67.1,64,67.0,80,66.9,128,66.8,150,,,,,,,,,,,,,67.2,124,67.3,150,67.4,100,,,,,,,,,,,,,,
2026-07-15T20:24:40.141097+00:00,2026-07-15T20:24:40.135974,4,3,67.15,0.1,67.1,60,67.0,80,66.9,128,66.8,150,,,,,,,,,,,,,67.2,119,67.3,150,67.4,100,,,,,,,,,,,,,,
2026-07-15T20:24:40.151571+00:00,2026-07-15T20:24:40.144995,4,3,67.15,0.1,67.1,14,67.0,80,66.9,128,66.8,150,,,,,,,,,,,,,67.2,119,67.3,150,67.4,100,,,,,,,,,,,,,,
2026-07-15T20:24:40.162087+00:00,2026-07-15T20:24:40.152456,4,3,67.15,0.1,67.1,14,67.0,80,66.9,128,66.8,150,,,,,,,,,,,,,67.2,124,67.3,150,67.4,100,,,,,,,,,,,,,,
2026-07-15T20:24:40.338761+00:00,2026-07-15T20:24:40.333782,4,3,67.15,0.1,67.1,24,67.0,80,66.9,128,66.8,150,,,,,,,,,,,,,67.2,124,67.3,150,67.4,100,,,,,,,,,,,,,,
2026-07-15T20:24:40.359682+00:00,2026-07-15T20:24:40.358256,4,3,67.15,0.1,67.1,14,67.0,10,66.9,110,66.8,150,,,,,,,,,,,,,67.2,85,67.3,150,67.4,100,,,,,,,,,,,,,,
2026-07-15T20:24:40.401822+00:00,2026-07-15T20:24:40.400339,4,3,67.15,0.1,67.1,64,67.0,10,66.9,110,66.8,150,,,,,,,,,,,,,67.2,85,67.3,150,67.4,100,,,,,,,,,,,,,,
2026-07-15T20:24:40.412330+00:00,2026-07-15T20:24:40.410341,4,3,67.15,0.1,67.1,64,67.0,58,66.9,110,66.8,150,,,,,,,,,,,,,67.2,135,67.3,179,67.4,100,,,,,,,,,,,,,,
2026-07-15T20:24:40.987130+00:00,2026-07-15T20:24:40.986294,4,3,67.15,0.1,67.1,64,67.0,58,66.9,110,66.8,150,,,,,,,,,,,,,67.2,88,67.3,179,67.4,100,,,,,,,,,,,,,,
2026-07-15T20:24:41.029277+00:00,2026-07-15T20:24:41.027735,4,3,67.15,0.1,67.1,14,67.0,10,66.9,110,66.8,150,,,,,,,,,,,,,67.2,38,67.3,150,67.4,100,,,,,,,,,,,,,,
2026-07-15T20:24:41.039782+00:00,2026-07-15T20:24:41.037890,4,3,67.15,0.1,67.1,64,67.0,58,66.9,110,66.8,150,,,,,,,,,,,,,67.2,88,67.3,150,67.4,100,,,,,,,,,,,,,,
2026-07-15T20:24:41.050312+00:00,2026-07-15T20:24:41.048478,3,3,67.15,0.1,67.1,64,67.0,58,66.9,110,,,,,,,,,,,,,,,67.2,88,67.3,29,67.4,100,,,,,,,,,,,,,,
2026-07-15T20:24:41.081656+00:00,2026-07-15T20:24:41.076373,3,3,67.15,0.1,67.1,115,67.0,58,66.9,110,,,,,,,,,,,,,,,67.2,135,67.3,29,67.4,100,,,,,,,,,,,,,,
2026-07-15T20:24:41.102556+00:00,2026-07-15T20:24:41.095768,4,3,67.15,0.1,67.1,115,67.0,58,66.9,110,66.7,150,,,,,,,,,,,,,67.2,135,67.3,29,67.4,100,,,,,,,,,,,,,,
2026-07-15T20:24:41.154576+00:00,2026-07-15T20:24:41.150309,4,3,67.15,0.1,67.1,115,67.0,58,66.9,110,66.7,150,,,,,,,,,,,,,67.2,285,67.3,29,67.4,100,,,,,,,,,,,,,,
2026-07-15T20:24:41.165026+00:00,2026-07-15T20:24:41.164633,4,3,67.15,0.1,67.1,115,67.0,58,66.9,110,66.7,150,,,,,,,,,,,,,67.2,280,67.3,29,67.4,100,,,,,,,,,,,,,,
2026-07-15T20:24:41.175515+00:00,2026-07-15T20:24:41.175098,4,3,67.15,0.1,67.1,64,67.0,58,66.9,110,66.7,150,,,,,,,,,,,,,67.2,285,67.3,29,67.4,100,,,,,,,,,,,,,,
2026-07-15T20:24:41.185966+00:00,2026-07-15T20:24:41.180117,4,3,67.15,0.1,67.1,64,67.0,58,66.9,110,66.7,150,,,,,,,,,,,,,67.2,256,67.3,29,67.4,100,,,,,,,,,,,,,,
2026-07-15T20:24:41.279997+00:00,2026-07-15T20:24:41.277488,4,2,67.15,0.1,67.1,64,67.0,58,66.9,10,66.7,150,,,,,,,,,,,,,67.2,285,67.3,29,,,,,,,,,,,,,,,,
2026-07-15T20:24:41.332521+00:00,2026-07-15T20:24:41.329039,5,2,67.15,0.1,67.1,64,67.0,58,66.9,10,66.8,100,66.7,150,,,,,,,,,,,67.2,285,67.3,29,,,,,,,,,,,,,,,,
2026-07-15T20:24:41.374207+00:00,2026-07-15T20:24:41.372564,5,2,67.15,0.1,67.1,64,67.0,58,66.9,10,66.8,100,66.7,150,,,,,,,,,,,67.2,238,67.3,29,,,,,,,,,,,,,,,,
2026-07-15T20:24:41.384674+00:00,2026-07-15T20:24:41.382361,5,2,67.15,0.1,67.1,64,67.0,58,66.9,10,66.8,100,66.7,150,,,,,,,,,,,67.2,256,67.3,129,,,,,,,,,,,,,,,,
2026-07-15T20:24:41.478564+00:00,2026-07-15T20:24:41.475288,5,2,67.15,0.1,67.1,64,67.0,58,66.9,10,66.8,100,66.7,150,,,,,,,,,,,67.2,285,67.3,129,,,,,,,,,,,,,,,,
2026-07-15T20:24:41.594100+00:00,2026-07-15T20:24:41.591765,5,2,67.15,0.1,67.1,64,67.0,58,66.9,10,66.8,100,66.7,150,,,,,,,,,,,67.2,238,67.3,129,,,,,,,,,,,,,,,,
2026-07-15T20:24:41.667282+00:00,2026-07-15T20:24:41.665098,5,2,67.15,0.1,67.1,14,67.0,10,66.9,10,66.8,100,66.7,150,,,,,,,,,,,67.2,188,67.3,100,,,,,,,,,,,,,,,,
2026-07-15T20:24:41.677766+00:00,2026-07-15T20:24:41.674787,5,2,67.15,0.1,67.1,64,67.0,58,66.9,10,66.8,100,66.7,150,,,,,,,,,,,67.2,188,67.3,100,,,,,,,,,,,,,,,,
2026-07-15T20:24:41.688358+00:00,2026-07-15T20:24:41.684904,5,2,67.15,0.1,67.1,64,67.0,58,66.9,10,66.8,100,66.7,150,,,,,,,,,,,67.2,285,67.3,129,,,,,,,,,,,,,,,,
2026-07-15T20:24:41.782213+00:00,2026-07-15T20:24:41.775825,5,2,67.15,0.1,67.1,64,67.0,58,66.9,10,66.8,100,66.7,150,,,,,,,,,,,67.2,256,67.3,129,,,,,,,,,,,,,,,,
2026-07-15T20:24:41.876028+00:00,2026-07-15T20:24:41.874401,5,2,67.15,0.1,67.1,64,67.0,58,66.9,10,66.8,100,66.7,150,,,,,,,,,,,67.2,238,67.3,129,,,,,,,,,,,,,,,,
2026-07-15T20:24:41.886493+00:00,2026-07-15T20:24:41.883760,5,2,67.15,0.1,67.1,16,67.0,58,66.9,10,66.8,100,66.7,150,,,,,,,,,,,67.2,238,67.3,129,,,,,,,,,,,,,,,,
2026-07-15T20:24:41.897030+00:00,2026-07-15T20:24:41.888961,5,2,67.15,0.1,67.1,16,67.0,58,66.9,10,66.8,100,66.7,150,,,,,,,,,,,67.2,285,67.3,129,,,,,,,,,,,,,,,,
2026-07-15T20:24:41.949406+00:00,2026-07-15T20:24:41.941599,4,2,67.15,0.1,67.1,16,67.0,58,66.8,100,66.7,150,,,,,,,,,,,,,67.2,285,67.3,129,,,,,,,,,,,,,,,,
2026-07-15T20:24:41.980735+00:00,2026-07-15T20:24:41.978742,4,2,67.15,0.1,67.1,16,67.0,58,66.8,100,66.7,150,,,,,,,,,,,,,67.2,256,67.3,129,,,,,,,,,,,,,,,,
2026-07-15T20:24:42.074072+00:00,2026-07-15T20:24:42.072868,4,2,67.15,0.1,67.1,16,67.0,58,66.8,100,66.7,150,,,,,,,,,,,,,67.2,238,67.3,129,,,,,,,,,,,,,,,,
2026-07-15T20:24:42.084552+00:00,2026-07-15T20:24:42.079231,4,2,67.15,0.1,67.1,16,67.0,58,66.8,100,66.7,150,,,,,,,,,,,,,67.2,285,67.3,129,,,,,,,,,,,,,,,,
2026-07-15T20:24:42.157992+00:00,2026-07-15T20:24:42.151061,4,2,67.15,0.1,67.1,16,67.0,58,66.8,110,66.7,150,,,,,,,,,,,,,67.2,285,67.3,129,,,,,,,,,,,,,,,,
2026-07-15T20:24:42.168583+00:00,2026-07-15T20:24:42.161059,4,2,67.15,0.1,67.1,26,67.0,58,66.8,110,66.7,150,,,,,,,,,,,,,67.2,285,67.3,129,,,,,,,,,,,,,,,,
2026-07-15T20:24:42.210696+00:00,2026-07-15T20:24:42.209498,4,2,67.15,0.1,67.1,26,67.0,58,66.8,110,66.7,150,,,,,,,,,,,,,67.2,280,67.3,129,,,,,,,,,,,,,,,,
2026-07-15T20:24:42.252868+00:00,2026-07-15T20:24:42.251549,4,2,67.15,0.1,67.1,26,67.0,58,66.8,110,66.7,150,,,,,,,,,,,,,67.2,285,67.3,129,,,,,,,,,,,,,,,,
2026-07-15T20:24:42.263390+00:00,2026-07-15T20:24:42.254140,4,2,67.15,0.1,67.1,26,67.0,58,66.8,110,66.7,150,,,,,,,,,,,,,67.2,238,67.3,129,,,,,,,,,,,,,,,,
2026-07-15T20:24:42.273833+00:00,2026-07-15T20:24:42.268530,3,2,67.1,0.2,67.0,34,66.8,110,66.7,150,,,,,,,,,,,,,,,67.2,238,67.3,129,,,,,,,,,,,,,,,,
2026-07-15T20:24:42.284315+00:00,2026-07-15T20:24:42.280247,3,2,67.1,0.2,67.0,34,66.8,110,66.7,150,,,,,,,,,,,,,,,67.2,285,67.3,129,,,,,,,,,,,,,,,,
2026-07-15T20:24:42.305258+00:00,2026-07-15T20:24:42.302567,2,2,67.0,0.4,66.8,144,66.7,150,,,,,,,,,,,,,,,,,67.2,235,67.3,100,,,,,,,,,,,,,,,,
2026-07-15T20:24:42.315700+00:00,2026-07-15T20:24:42.311256,2,3,67.0,0.4,66.8,144,66.7,150,,,,,,,,,,,,,,,,,67.2,285,67.3,170,67.4,23,,,,,,,,,,,,,,
2026-07-15T20:24:42.367883+00:00,2026-07-15T20:24:42.365225,2,3,67.0,0.4,66.8,139,66.7,150,,,,,,,,,,,,,,,,,67.2,285,67.3,170,67.4,23,,,,,,,,,,,,,,
2026-07-15T20:24:42.378325+00:00,2026-07-15T20:24:42.377583,3,3,67.05,0.3,66.9,5,66.8,190,66.7,155,,,,,,,,,,,,,,,67.2,238,67.3,170,67.4,23,,,,,,,,,,,,,,
2026-07-15T20:24:42.482636+00:00,2026-07-15T20:24:42.476216,3,3,67.05,0.3,66.9,5,66.8,139,66.7,155,,,,,,,,,,,,,,,67.2,285,67.3,170,67.4,23,,,,,,,,,,,,,,
2026-07-15T20:24:42.681483+00:00,2026-07-15T20:24:42.675921,3,3,67.05,0.3,66.9,5,66.8,139,66.7,155,,,,,,,,,,,,,,,67.2,256,67.3,170,67.4,23,,,,,,,,,,,,,,
2026-07-15T20:24:42.775411+00:00,2026-07-15T20:24:42.773604,3,3,67.05,0.3,66.9,5,66.8,139,66.7,155,,,,,,,,,,,,,,,67.2,238,67.3,170,67.4,23,,,,,,,,,,,,,,
2026-07-15T20:24:42.785874+00:00,2026-07-15T20:24:42.778981,3,3,67.05,0.3,66.9,5,66.8,139,66.7,155,,,,,,,,,,,,,,,67.2,285,67.3,170,67.4,23,,,,,,,,,,,,,,
2026-07-15T20:24:42.880144+00:00,2026-07-15T20:24:42.876111,3,3,67.05,0.3,66.9,5,66.8,139,66.7,155,,,,,,,,,,,,,,,67.2,256,67.3,170,67.4,23,,,,,,,,,,,,,,
2026-07-15T20:24:42.932259+00:00,2026-07-15T20:24:42.931038,3,2,67.05,0.3,66.9,39,66.8,105,66.7,155,,,,,,,,,,,,,,,67.2,206,67.3,100,,,,,,,,,,,,,,,,
2026-07-15T20:24:42.942717+00:00,2026-07-15T20:24:42.940940,3,3,67.05,0.3,66.9,39,66.8,105,66.7,155,,,,,,,,,,,,,,,67.2,256,67.3,170,67.4,23,,,,,,,,,,,,,,
2026-07-15T20:24:42.974125+00:00,2026-07-15T20:24:42.972647,3,3,67.05,0.3,66.9,39,66.8,105,66.7,155,,,,,,,,,,,,,,,67.2,238,67.3,170,67.4,23,,,,,,,,,,,,,,
2026-07-15T20:24:42.984634+00:00,2026-07-15T20:24:42.982864,3,3,67.05,0.3,66.9,39,66.8,100,66.7,150,,,,,,,,,,,,,,,67.2,285,67.3,170,67.4,23,,,,,,,,,,,,,,
2026-07-15T20:24:42.995142+00:00,2026-07-15T20:24:42.990387,3,4,67.0,0.2,66.9,34,66.8,100,66.7,150,,,,,,,,,,,,,,,67.1,11,67.2,285,67.3,170,67.4,23,,,,,,,,,,,,
2026-07-15T20:24:43.078662+00:00,2026-07-15T20:24:43.076949,3,4,67.0,0.2,66.9,34,66.8,100,66.7,150,,,,,,,,,,,,,,,67.1,11,67.2,205,67.3,170,67.4,23,,,,,,,,,,,,
2026-07-15T20:24:43.089128+00:00,2026-07-15T20:24:43.080579,3,4,67.0,0.2,66.9,67,66.8,100,66.7,150,,,,,,,,,,,,,,,67.1,11,67.2,205,67.3,170,67.4,23,,,,,,,,,,,,
2026-07-15T20:24:43.270506+00:00,2026-07-15T20:24:43.267652,3,4,67.0,0.2,66.9,67,66.8,100,66.7,150,,,,,,,,,,,,,,,67.1,11,67.2,200,67.3,170,67.4,23,,,,,,,,,,,,
2026-07-15T20:24:43.281139+00:00,2026-07-15T20:24:43.274739,3,4,67.0,0.2,66.9,67,66.8,100,66.7,150,,,,,,,,,,,,,,,67.1,16,67.2,200,67.3,170,67.4,23,,,,,,,,,,,,
2026-07-15T20:24:43.323221+00:00,2026-07-15T20:24:43.317212,3,3,67.05,0.3,66.9,67,66.8,100,66.7,150,,,,,,,,,,,,,,,67.2,200,67.3,170,67.4,23,,,,,,,,,,,,,,
2026-07-15T20:24:43.375520+00:00,2026-07-15T20:24:43.374285,3,3,67.05,0.3,66.9,98,66.8,100,66.7,150,,,,,,,,,,,,,,,67.2,200,67.3,170,67.4,23,,,,,,,,,,,,,,
2026-07-15T20:24:43.386006+00:00,2026-07-15T20:24:43.377061,3,3,67.05,0.3,66.9,98,66.8,100,66.7,150,,,,,,,,,,,,,,,67.2,280,67.3,170,67.4,23,,,,,,,,,,,,,,
2026-07-15T20:24:43.438821+00:00,2026-07-15T20:24:43.436648,4,3,67.1,0.2,67.0,9,66.9,107,66.8,109,66.7,150,,,,,,,,,,,,,67.2,280,67.3,170,67.4,23,,,,,,,,,,,,,,
2026-07-15T20:24:43.480371+00:00,2026-07-15T20:24:43.477454,4,3,67.1,0.2,67.0,9,66.9,43,66.8,109,66.7,150,,,,,,,,,,,,,67.2,280,67.3,170,67.4,23,,,,,,,,,,,,,,
2026-07-15T20:24:43.553218+00:00,2026-07-15T20:24:43.551669,4,2,67.1,0.2,67.0,9,66.9,43,66.8,109,66.7,150,,,,,,,,,,,,,67.2,280,67.3,100,,,,,,,,,,,,,,,,
2026-07-15T20:24:43.563818+00:00,2026-07-15T20:24:43.563167,4,2,67.1,0.2,67.0,46,66.9,9,66.8,109,66.7,150,,,,,,,,,,,,,67.2,230,67.3,100,,,,,,,,,,,,,,,,
2026-07-15T20:24:43.574381+00:00,2026-07-15T20:24:43.572042,4,2,67.1,0.2,67.0,46,66.9,9,66.8,109,66.7,150,,,,,,,,,,,,,67.2,280,67.3,100,,,,,,,,,,,,,,,,
2026-07-15T20:24:43.584930+00:00,2026-07-15T20:24:43.577099,4,3,67.1,0.2,67.0,46,66.9,9,66.8,109,66.7,150,,,,,,,,,,,,,67.2,280,67.3,170,67.4,23,,,,,,,,,,,,,,
2026-07-15T20:24:43.647573+00:00,2026-07-15T20:24:43.639976,3,3,67.1,0.2,67.0,46,66.8,109,66.7,150,,,,,,,,,,,,,,,67.2,280,67.3,170,67.4,23,,,,,,,,,,,,,,
2026-07-15T20:24:43.853577+00:00,2026-07-15T20:24:43.843718,4,3,67.15,0.1,67.1,9,67.0,46,66.8,109,66.7,150,,,,,,,,,,,,,67.2,280,67.3,170,67.4,23,,,,,,,,,,,,,,
2026-07-15T20:24:44.052257+00:00,2026-07-15T20:24:44.048555,4,3,67.15,0.1,67.1,9,67.0,46,66.8,100,66.7,150,,,,,,,,,,,,,67.2,280,67.3,170,67.4,23,,,,,,,,,,,,,,
2026-07-15T20:24:44.062760+00:00,2026-07-15T20:24:44.058357,3,3,67.1,0.2,67.0,37,66.8,100,66.7,150,,,,,,,,,,,,,,,67.2,280,67.3,170,67.4,23,,,,,,,,,,,,,,
2026-07-15T20:24:44.187951+00:00,2026-07-15T20:24:44.185811,3,2,67.1,0.2,67.0,37,66.8,100,66.7,150,,,,,,,,,,,,,,,67.2,280,67.3,100,,,,,,,,,,,,,,,,
2026-07-15T20:24:44.198398+00:00,2026-07-15T20:24:44.197142,2,2,67.0,0.4,66.8,137,66.7,150,,,,,,,,,,,,,,,,,67.2,280,67.3,100,,,,,,,,,,,,,,,,
2026-07-15T20:24:44.208920+00:00,2026-07-15T20:24:44.208116,1,3,67.0,0.4,66.8,137,,,,,,,,,,,,,,,,,,,67.2,130,67.3,170,67.4,23,,,,,,,,,,,,,,
2026-07-15T20:24:44.271343+00:00,2026-07-15T20:24:44.261191,1,3,67.0,0.4,66.8,287,,,,,,,,,,,,,,,,,,,67.2,130,67.3,170,67.4,23,,,,,,,,,,,,,,
2026-07-15T20:24:44.281815+00:00,2026-07-15T20:24:44.273540,1,3,67.0,0.4,66.8,304,,,,,,,,,,,,,,,,,,,67.2,130,67.3,170,67.4,23,,,,,,,,,,,,,,
2026-07-15T20:24:44.292263+00:00,2026-07-15T20:24:44.289328,1,3,67.0,0.4,66.8,308,,,,,,,,,,,,,,,,,,,67.2,130,67.3,170,67.4,23,,,,,,,,,,,,,,
2026-07-15T20:24:44.302692+00:00,2026-07-15T20:24:44.293218,1,3,67.0,0.4,66.8,308,,,,,,,,,,,,,,,,,,,67.2,135,67.3,170,67.4,23,,,,,,,,,,,,,,
2026-07-15T20:24:44.323501+00:00,2026-07-15T20:24:44.314182,1,3,67.0,0.4,66.8,308,,,,,,,,,,,,,,,,,,,67.2,135,67.3,320,67.4,23,,,,,,,,,,,,,,
2026-07-15T20:24:44.386079+00:00,2026-07-15T20:24:44.376833,1,3,67.0,0.4,66.8,258,,,,,,,,,,,,,,,,,,,67.2,135,67.3,320,67.4,23,,,,,,,,,,,,,,
2026-07-15T20:24:44.448963+00:00,2026-07-15T20:24:44.442172,1,3,67.0,0.4,66.8,208,,,,,,,,,,,,,,,,,,,67.2,135,67.3,220,67.4,23,,,,,,,,,,,,,,
2026-07-15T20:24:44.501277+00:00,2026-07-15T20:24:44.494868,2,3,67.0,0.4,66.8,208,66.7,100,,,,,,,,,,,,,,,,,67.2,135,67.3,220,67.4,23,,,,,,,,,,,,,,
2026-07-15T20:24:44.553659+00:00,2026-07-15T20:24:44.548051,2,3,67.0,0.4,66.8,208,66.7,100,,,,,,,,,,,,,,,,,67.2,235,67.3,220,67.4,23,,,,,,,,,,,,,,
2026-07-15T20:24:44.669483+00:00,2026-07-15T20:24:44.666324,2,3,67.0,0.4,66.8,208,66.7,109,,,,,,,,,,,,,,,,,67.2,235,67.3,220,67.4,23,,,,,,,,,,,,,,
2026-07-15T20:24:44.680026+00:00,2026-07-15T20:24:44.675420,3,3,67.05,0.3,66.9,9,66.8,217,66.7,109,,,,,,,,,,,,,,,67.2,235,67.3,220,67.4,23,,,,,,,,,,,,,,
2026-07-15T20:24:44.784634+00:00,2026-07-15T20:24:44.778373,3,3,67.05,0.3,66.9,9,66.8,200,66.7,109,,,,,,,,,,,,,,,67.2,235,67.3,220,67.4,23,,,,,,,,,,,,,,
2026-07-15T20:24:44.815841+00:00,2026-07-15T20:24:44.814045,3,2,67.05,0.3,66.9,9,66.8,200,66.7,109,,,,,,,,,,,,,,,67.2,235,67.3,150,,,,,,,,,,,,,,,,
2026-07-15T20:24:44.826309+00:00,2026-07-15T20:24:44.825348,3,2,67.05,0.3,66.9,46,66.8,163,66.7,109,,,,,,,,,,,,,,,67.2,235,67.3,150,,,,,,,,,,,,,,,,
2026-07-15T20:24:44.836778+00:00,2026-07-15T20:24:44.831407,3,3,67.05,0.3,66.9,46,66.8,163,66.7,109,,,,,,,,,,,,,,,67.2,235,67.3,220,67.4,23,,,,,,,,,,,,,,
2026-07-15T20:24:44.891167+00:00,2026-07-15T20:24:44.889729,3,3,67.05,0.3,66.9,46,66.8,163,66.7,100,,,,,,,,,,,,,,,67.2,235,67.3,220,67.4,23,,,,,,,,,,,,,,
2026-07-15T20:24:44.901707+00:00,2026-07-15T20:24:44.899445,3,3,67.05,0.3,66.9,63,66.8,154,66.7,100,,,,,,,,,,,,,,,67.2,235,67.3,220,67.4,23,,,,,,,,,,,,,,
2026-07-15T20:24:44.912200+00:00,2026-07-15T20:24:44.904655,3,3,67.05,0.3,66.9,54,66.8,154,66.7,100,,,,,,,,,,,,,,,67.2,235,67.3,220,67.4,23,,,,,,,,,,,,,,
2026-07-15T20:24:45.184587+00:00,2026-07-15T20:24:45.183793,3,3,67.05,0.3,66.9,54,66.8,154,66.7,100,,,,,,,,,,,,,,,67.2,155,67.3,220,67.4,23,,,,,,,,,,,,,,
2026-07-15T20:24:45.205777+00:00,2026-07-15T20:24:45.196862,3,3,67.05,0.3,66.9,54,66.8,154,66.7,100,,,,,,,,,,,,,,,67.2,125,67.3,220,67.4,23,,,,,,,,,,,,,,
2026-07-15T20:24:45.259540+00:00,2026-07-15T20:24:45.250256,3,3,67.05,0.3,66.9,54,66.8,154,66.7,100,,,,,,,,,,,,,,,67.2,91,67.3,220,67.4,23,,,,,,,,,,,,,,
2026-07-15T20:24:45.280660+00:00,2026-07-15T20:24:45.275106,3,3,67.05,0.3,66.9,54,66.8,154,66.7,100,,,,,,,,,,,,,,,67.2,86,67.3,220,67.4,23,,,,,,,,,,,,,,
2026-07-15T20:24:45.301750+00:00,2026-07-15T20:24:45.300697,3,3,67.05,0.3,66.9,37,66.8,154,66.7,100,,,,,,,,,,,,,,,67.2,166,67.3,220,67.4,23,,,,,,,,,,,,,,
2026-07-15T20:24:45.312341+00:00,2026-07-15T20:24:45.309262,3,3,67.05,0.3,66.9,37,66.8,159,66.7,100,,,,,,,,,,,,,,,67.2,166,67.3,220,67.4,23,,,,,,,,,,,,,,
2026-07-15T20:24:45.322849+00:00,2026-07-15T20:24:45.315919,4,3,67.1,0.2,67.0,9,66.9,46,66.8,159,66.7,100,,,,,,,,,,,,,67.2,166,67.3,220,67.4,23,,,,,,,,,,,,,,
2026-07-15T20:24:45.375260+00:00,2026-07-15T20:24:45.366767,4,3,67.1,0.2,67.0,9,66.9,46,66.8,159,66.7,100,,,,,,,,,,,,,67.2,160,67.3,220,67.4,23,,,,,,,,,,,,,,
2026-07-15T20:24:45.385798+00:00,2026-07-15T20:24:45.381056,4,3,67.1,0.2,67.0,9,66.9,46,66.8,159,66.7,100,,,,,,,,,,,,,67.2,156,67.3,220,67.4,23,,,,,,,,,,,,,,
2026-07-15T20:24:45.448668+00:00,2026-07-15T20:24:45.444947,4,2,67.1,0.2,67.0,9,66.9,9,66.8,159,66.7,100,,,,,,,,,,,,,67.2,106,67.3,150,,,,,,,,,,,,,,,,
2026-07-15T20:24:45.459134+00:00,2026-07-15T20:24:45.457806,4,2,67.1,0.2,67.0,9,66.9,9,66.8,159,66.7,100,,,,,,,,,,,,,67.2,86,67.3,150,,,,,,,,,,,,,,,,
2026-07-15T20:24:45.480052+00:00,2026-07-15T20:24:45.474428,4,2,67.1,0.2,67.0,9,66.9,9,66.8,159,66.7,100,,,,,,,,,,,,,67.2,91,67.3,150,,,,,,,,,,,,,,,,
2026-07-15T20:24:45.698675+00:00,2026-07-15T20:24:45.695066,4,2,67.1,0.2,67.0,9,66.9,9,66.8,159,66.7,100,,,,,,,,,,,,,67.2,66,67.3,150,,,,,,,,,,,,,,,,
2026-07-15T20:24:45.792760+00:00,2026-07-15T20:24:45.787394,4,2,67.1,0.2,67.0,9,66.9,9,66.8,159,66.7,100,,,,,,,,,,,,,67.2,85,67.3,150,,,,,,,,,,,,,,,,
2026-07-15T20:24:45.991651+00:00,2026-07-15T20:24:45.988981,4,2,67.1,0.2,67.0,9,66.9,9,66.8,159,66.7,100,,,,,,,,,,,,,67.2,66,67.3,150,,,,,,,,,,,,,,,,
2026-07-15T20:24:46.085612+00:00,2026-07-15T20:24:46.077546,4,2,67.1,0.2,67.0,9,66.9,9,66.8,159,66.7,100,,,,,,,,,,,,,67.2,46,67.3,150,,,,,,,,,,,,,,,,
2026-07-15T20:24:46.206296+00:00,2026-07-15T20:24:46.185408,4,2,67.1,0.2,67.0,9,66.9,9,66.8,159,66.7,100,,,,,,,,,,,,,67.2,5,67.3,150,,,,,,,,,,,,,,,,
2026-07-15T20:24:46.216978+00:00,2026-07-15T20:24:46.211402,4,1,67.15,0.3,67.0,9,66.9,9,66.8,159,66.7,100,,,,,,,,,,,,,67.3,150,,,,,,,,,,,,,,,,,,
2026-07-15T20:24:46.227560+00:00,2026-07-15T20:24:46.221961,4,1,67.15,0.3,67.0,9,66.9,9,66.8,159,66.7,100,,,,,,,,,,,,,67.3,189,,,,,,,,,,,,,,,,,,
2026-07-15T20:24:46.532192+00:00,2026-07-15T20:24:46.523442,2,1,67.05,0.5,66.8,159,66.7,100,,,,,,,,,,,,,,,,,67.3,189,,,,,,,,,,,,,,,,,,
2026-07-15T20:24:46.542739+00:00,2026-07-15T20:24:46.536222,2,1,67.05,0.5,66.8,156,66.7,100,,,,,,,,,,,,,,,,,67.3,189,,,,,,,,,,,,,,,,,,
2026-07-15T20:24:46.584628+00:00,2026-07-15T20:24:46.583697,2,1,67.05,0.5,66.8,161,66.7,100,,,,,,,,,,,,,,,,,67.3,189,,,,,,,,,,,,,,,,,,
2026-07-15T20:24:46.595099+00:00,2026-07-15T20:24:46.587541,2,1,67.05,0.5,66.8,161,66.7,100,,,,,,,,,,,,,,,,,67.3,194,,,,,,,,,,,,,,,,,,
2026-07-15T20:24:46.626517+00:00,2026-07-15T20:24:46.623864,2,1,67.05,0.5,66.8,163,66.7,100,,,,,,,,,,,,,,,,,67.3,235,,,,,,,,,,,,,,,,,,
2026-07-15T20:24:46.689235+00:00,2026-07-15T20:24:46.687926,2,1,67.05,0.5,66.8,170,66.7,100,,,,,,,,,,,,,,,,,67.3,285,,,,,,,,,,,,,,,,,,
2026-07-15T20:24:46.699915+00:00,2026-07-15T20:24:46.694374,2,3,67.05,0.5,66.8,170,66.7,100,,,,,,,,,,,,,,,,,67.3,285,67.4,70,67.5,23,,,,,,,,,,,,,,
2026-07-15T20:24:46.731350+00:00,2026-07-15T20:24:46.729299,2,3,67.05,0.5,66.8,170,66.7,100,,,,,,,,,,,,,,,,,67.3,283,67.4,70,67.5,23,,,,,,,,,,,,,,
2026-07-15T20:24:46.752384+00:00,2026-07-15T20:24:46.750730,3,3,67.1,0.4,66.9,3,66.8,167,66.7,103,,,,,,,,,,,,,,,67.3,283,67.4,70,67.5,23,,,,,,,,,,,,,,
2026-07-15T20:24:46.825815+00:00,2026-07-15T20:24:46.825303,3,3,67.1,0.4,66.9,3,66.8,165,66.7,103,,,,,,,,,,,,,,,67.3,285,67.4,70,67.5,23,,,,,,,,,,,,,,
2026-07-15T20:24:46.920626+00:00,2026-07-15T20:24:46.920078,3,3,67.1,0.4,66.9,3,66.8,165,66.7,103,,,,,,,,,,,,,,,67.3,244,67.4,70,67.5,23,,,,,,,,,,,,,,
2026-07-15T20:24:46.931259+00:00,2026-07-15T20:24:46.927613,3,3,67.1,0.4,66.9,3,66.8,165,66.7,103,,,,,,,,,,,,,,,67.3,283,67.4,70,67.5,23,,,,,,,,,,,,,,
2026-07-15T20:24:47.058129+00:00,2026-07-15T20:24:47.053155,3,3,67.1,0.4,66.9,3,66.8,165,66.7,103,,,,,,,,,,,,,,,67.3,244,67.4,70,67.5,23,,,,,,,,,,,,,,
2026-07-15T20:24:47.131509+00:00,2026-07-15T20:24:47.122608,3,3,67.1,0.4,66.9,3,66.8,165,66.7,103,,,,,,,,,,,,,,,67.3,264,67.4,70,67.5,23,,,,,,,,,,,,,,
2026-07-15T20:24:47.225501+00:00,2026-07-15T20:24:47.222807,3,3,67.1,0.4,66.9,3,66.8,165,66.7,103,,,,,,,,,,,,,,,67.3,244,67.4,70,67.5,23,,,,,,,,,,,,,,
2026-07-15T20:24:47.235994+00:00,2026-07-15T20:24:47.226162,3,3,67.1,0.4,66.9,3,66.8,165,66.7,103,,,,,,,,,,,,,,,67.3,263,67.4,70,67.5,23,,,,,,,,,,,,,,
2026-07-15T20:24:47.319745+00:00,2026-07-15T20:24:47.318449,3,1,67.1,0.4,66.9,3,66.8,165,66.7,103,,,,,,,,,,,,,,,67.3,263,,,,,,,,,,,,,,,,,,
2026-07-15T20:24:47.330228+00:00,2026-07-15T20:24:47.322217,3,1,67.1,0.4,66.9,3,66.8,158,66.7,103,,,,,,,,,,,,,,,67.3,213,,,,,,,,,,,,,,,,,,
2026-07-15T20:24:47.340826+00:00,2026-07-15T20:24:47.339085,3,1,67.1,0.4,66.9,10,66.8,158,66.7,103,,,,,,,,,,,,,,,67.3,245,,,,,,,,,,,,,,,,,,
2026-07-15T20:24:47.351332+00:00,2026-07-15T20:24:47.346452,3,3,67.1,0.4,66.9,10,66.8,158,66.7,103,,,,,,,,,,,,,,,67.3,245,67.4,70,67.5,23,,,,,,,,,,,,,,
2026-07-15T20:24:47.361889+00:00,2026-07-15T20:24:47.360155,3,3,67.1,0.4,66.9,10,66.8,155,66.7,100,,,,,,,,,,,,,,,67.3,245,67.4,70,67.5,23,,,,,,,,,,,,,,
2026-07-15T20:24:47.372381+00:00,2026-07-15T20:24:47.370034,3,3,67.1,0.4,66.9,7,66.8,5,66.7,100,,,,,,,,,,,,,,,67.3,95,67.4,70,67.5,23,,,,,,,,,,,,,,
2026-07-15T20:24:47.424896+00:00,2026-07-15T20:24:47.424465,3,3,67.1,0.4,66.9,7,66.8,155,66.7,100,,,,,,,,,,,,,,,67.3,95,67.4,70,67.5,23,,,,,,,,,,,,,,
2026-07-15T20:24:47.477328+00:00,2026-07-15T20:24:47.477026,3,3,67.1,0.4,66.9,7,66.8,155,66.7,100,,,,,,,,,,,,,,,67.3,245,67.4,70,67.5,23,,,,,,,,,,,,,,
2026-07-15T20:24:47.603056+00:00,2026-07-15T20:24:47.602262,2,3,67.1,0.4,66.9,7,66.8,150,,,,,,,,,,,,,,,,,67.3,240,67.4,70,67.5,23,,,,,,,,,,,,,,
2026-07-15T20:24:47.613556+00:00,2026-07-15T20:24:47.609726,2,3,67.1,0.4,66.9,12,66.8,150,,,,,,,,,,,,,,,,,67.3,245,67.4,70,67.5,23,,,,,,,,,,,,,,
2026-07-15T20:24:47.655880+00:00,2026-07-15T20:24:47.652727,2,3,67.1,0.4,66.9,12,66.8,150,,,,,,,,,,,,,,,,,67.3,244,67.4,70,67.5,23,,,,,,,,,,,,,,
2026-07-15T20:24:47.666390+00:00,2026-07-15T20:24:47.661843,3,3,67.15,0.3,67.0,100,66.9,12,66.8,150,,,,,,,,,,,,,,,67.3,285,67.4,70,67.5,23,,,,,,,,,,,,,,
2026-07-15T20:24:47.718736+00:00,2026-07-15T20:24:47.712704,3,3,67.15,0.3,67.0,100,66.9,12,66.8,150,,,,,,,,,,,,,,,67.3,285,67.4,70,67.5,123,,,,,,,,,,,,,,
2026-07-15T20:24:47.729212+00:00,2026-07-15T20:24:47.719319,3,3,67.15,0.3,67.0,100,66.9,12,66.8,150,,,,,,,,,,,,,,,67.3,244,67.4,70,67.5,123,,,,,,,,,,,,,,
2026-07-15T20:24:47.823451+00:00,2026-07-15T20:24:47.820304,3,3,67.15,0.3,67.0,100,66.9,12,66.8,150,,,,,,,,,,,,,,,67.3,285,67.4,70,67.5,123,,,,,,,,,,,,,,
2026-07-15T20:24:47.928417+00:00,2026-07-15T20:24:47.926318,3,3,67.15,0.3,67.0,100,66.9,12,66.8,150,,,,,,,,,,,,,,,67.3,244,67.4,70,67.5,123,,,,,,,,,,,,,,
2026-07-15T20:24:47.938917+00:00,2026-07-15T20:24:47.928943,3,3,67.15,0.3,67.0,102,66.9,12,66.8,150,,,,,,,,,,,,,,,67.3,244,67.4,70,67.5,123,,,,,,,,,,,,,,
2026-07-15T20:24:47.970252+00:00,2026-07-15T20:24:47.968634,3,3,67.15,0.3,67.0,102,66.9,12,66.8,150,,,,,,,,,,,,,,,67.3,244,67.4,70,67.5,100,,,,,,,,,,,,,,
2026-07-15T20:24:47.980888+00:00,2026-07-15T20:24:47.979201,3,2,67.15,0.3,67.0,109,66.9,5,66.8,150,,,,,,,,,,,,,,,67.3,194,67.5,100,,,,,,,,,,,,,,,,
2026-07-15T20:24:47.991528+00:00,2026-07-15T20:24:47.988418,3,3,67.15,0.3,67.0,109,66.9,5,66.8,150,,,,,,,,,,,,,,,67.3,244,67.4,70,67.5,123,,,,,,,,,,,,,,
2026-07-15T20:24:48.033396+00:00,2026-07-15T20:24:48.023499,3,3,67.15,0.3,67.0,109,66.9,5,66.8,150,,,,,,,,,,,,,,,67.3,264,67.4,70,67.5,123,,,,,,,,,,,,,,
2026-07-15T20:24:48.127533+00:00,2026-07-15T20:24:48.125464,3,3,67.15,0.3,67.0,109,66.9,5,66.8,150,,,,,,,,,,,,,,,67.3,265,67.4,70,67.5,123,,,,,,,,,,,,,,
2026-07-15T20:24:48.274344+00:00,2026-07-15T20:24:48.270662,3,3,67.15,0.3,67.0,109,66.9,5,66.8,150,,,,,,,,,,,,,,,67.3,244,67.4,70,67.5,123,,,,,,,,,,,,,,
2026-07-15T20:24:48.326814+00:00,2026-07-15T20:24:48.321261,3,3,67.15,0.3,67.0,109,66.9,5,66.8,150,,,,,,,,,,,,,,,67.3,285,67.4,70,67.5,123,,,,,,,,,,,,,,
2026-07-15T20:24:48.431130+00:00,2026-07-15T20:24:48.427323,3,3,67.15,0.3,67.0,109,66.9,5,66.8,150,,,,,,,,,,,,,,,67.3,283,67.4,70,67.5,123,,,,,,,,,,,,,,
2026-07-15T20:24:48.525055+00:00,2026-07-15T20:24:48.519433,3,3,67.15,0.3,67.0,109,66.9,5,66.8,150,,,,,,,,,,,,,,,67.3,244,67.4,70,67.5,123,,,,,,,,,,,,,,
2026-07-15T20:24:48.535514+00:00,2026-07-15T20:24:48.525933,3,3,67.15,0.3,67.0,109,66.9,5,66.8,150,,,,,,,,,,,,,,,67.3,285,67.4,70,67.5,123,,,,,,,,,,,,,,
2026-07-15T20:24:48.608908+00:00,2026-07-15T20:24:48.608196,3,2,67.15,0.3,67.0,109,66.9,5,66.8,150,,,,,,,,,,,,,,,67.3,235,67.5,100,,,,,,,,,,,,,,,,
2026-07-15T20:24:48.619417+00:00,2026-07-15T20:24:48.617722,3,2,67.15,0.3,67.0,109,66.9,5,66.8,150,,,,,,,,,,,,,,,67.3,285,67.5,100,,,,,,,,,,,,,,,,
2026-07-15T20:24:48.630047+00:00,2026-07-15T20:24:48.627366,2,3,67.15,0.3,67.0,109,66.8,150,,,,,,,,,,,,,,,,,67.3,278,67.4,70,67.5,100,,,,,,,,,,,,,,
2026-07-15T20:24:48.640523+00:00,2026-07-15T20:24:48.635423,2,3,67.15,0.3,67.0,64,66.8,150,,,,,,,,,,,,,,,,,67.3,278,67.4,70,67.5,123,,,,,,,,,,,,,,
2026-07-15T20:24:48.650999+00:00,2026-07-15T20:24:48.641836,2,3,67.15,0.3,67.0,64,66.8,150,,,,,,,,,,,,,,,,,67.3,283,67.4,70,67.5,123,,,,,,,,,,,,,,
2026-07-15T20:24:48.724338+00:00,2026-07-15T20:24:48.721424,2,3,67.15,0.3,67.0,64,66.8,150,,,,,,,,,,,,,,,,,67.3,244,67.4,70,67.5,123,,,,,,,,,,,,,,
2026-07-15T20:24:48.734874+00:00,2026-07-15T20:24:48.725254,2,3,67.15,0.3,67.0,64,66.8,150,,,,,,,,,,,,,,,,,67.3,285,67.4,70,67.5,123,,,,,,,,,,,,,,
2026-07-15T20:24:48.776709+00:00,2026-07-15T20:24:48.769215,2,3,67.15,0.3,67.0,64,66.8,153,,,,,,,,,,,,,,,,,67.3,285,67.4,70,67.5,123,,,,,,,,,,,,,,
2026-07-15T20:24:48.787189+00:00,2026-07-15T20:24:48.780507,3,3,67.2,0.2,67.1,3,67.0,67,66.8,153,,,,,,,,,,,,,,,67.3,285,67.4,70,67.5,123,,,,,,,,,,,,,,
2026-07-15T20:24:48.829154+00:00,2026-07-15T20:24:48.822204,3,3,67.2,0.2,67.1,3,67.0,65,66.8,153,,,,,,,,,,,,,,,67.3,285,67.4,70,67.5,123,,,,,,,,,,,,,,
2026-07-15T20:24:48.924707+00:00,2026-07-15T20:24:48.922692,3,3,67.2,0.2,67.1,3,67.0,65,66.8,153,,,,,,,,,,,,,,,67.3,244,67.4,70,67.5,123,,,,,,,,,,,,,,
2026-07-15T20:24:49.029892+00:00,2026-07-15T20:24:49.023470,3,3,67.2,0.2,67.1,3,67.0,65,66.8,153,,,,,,,,,,,,,,,67.3,285,67.4,70,67.5,123,,,,,,,,,,,,,,
2026-07-15T20:24:49.133902+00:00,2026-07-15T20:24:49.127174,3,3,67.2,0.2,67.1,3,67.0,65,66.8,153,,,,,,,,,,,,,,,67.3,283,67.4,70,67.5,123,,,,,,,,,,,,,,
2026-07-15T20:24:49.186200+00:00,2026-07-15T20:24:49.184730,3,3,67.2,0.2,67.1,3,67.0,65,66.8,153,,,,,,,,,,,,,,,67.3,258,67.4,70,67.5,123,,,,,,,,,,,,,,
2026-07-15T20:24:49.248864+00:00,2026-07-15T20:24:49.242709,3,3,67.2,0.2,67.1,3,67.0,65,66.8,153,,,,,,,,,,,,,,,67.3,219,67.4,70,67.5,123,,,,,,,,,,,,,,
2026-07-15T20:24:49.259507+00:00,2026-07-15T20:24:49.257848,3,2,67.2,0.2,67.1,3,67.0,65,66.8,153,,,,,,,,,,,,,,,67.3,169,67.5,100,,,,,,,,,,,,,,,,
2026-07-15T20:24:49.270165+00:00,2026-07-15T20:24:49.269555,3,2,67.2,0.2,67.1,3,67.0,58,66.8,153,,,,,,,,,,,,,,,67.3,162,67.5,100,,,,,,,,,,,,,,,,
2026-07-15T20:24:49.322380+00:00,2026-07-15T20:24:49.319452,3,2,67.2,0.2,67.1,3,67.0,58,66.8,153,,,,,,,,,,,,,,,67.3,235,67.5,100,,,,,,,,,,,,,,,,
2026-07-15T20:24:49.427182+00:00,2026-07-15T20:24:49.422541,3,2,67.2,0.2,67.1,3,67.0,58,66.8,153,,,,,,,,,,,,,,,67.3,169,67.5,100,,,,,,,,,,,,,,,,
2026-07-15T20:24:49.521792+00:00,2026-07-15T20:24:49.519380,3,2,67.2,0.2,67.1,3,67.0,58,66.8,153,,,,,,,,,,,,,,,67.3,162,67.5,100,,,,,,,,,,,,,,,,
2026-07-15T20:24:49.532292+00:00,2026-07-15T20:24:49.522568,3,2,67.2,0.2,67.1,3,67.0,58,66.8,153,,,,,,,,,,,,,,,67.3,235,67.5,100,,,,,,,,,,,,,,,,
2026-07-15T20:24:49.626451+00:00,2026-07-15T20:24:49.624192,3,2,67.2,0.2,67.1,3,67.0,58,66.8,153,,,,,,,,,,,,,,,67.3,169,67.5,100,,,,,,,,,,,,,,,,
2026-07-15T20:24:49.657796+00:00,2026-07-15T20:24:49.656184,3,2,67.2,0.2,67.1,3,67.0,53,66.8,153,,,,,,,,,,,,,,,67.3,164,67.5,100,,,,,,,,,,,,,,,,
2026-07-15T20:24:49.668359+00:00,2026-07-15T20:24:49.664141,3,2,67.2,0.2,67.1,3,67.0,53,66.8,153,,,,,,,,,,,,,,,67.3,159,67.5,100,,,,,,,,,,,,,,,,
2026-07-15T20:24:49.678927+00:00,2026-07-15T20:24:49.674225,3,2,67.2,0.2,67.1,3,67.0,53,66.8,153,,,,,,,,,,,,,,,67.3,164,67.5,100,,,,,,,,,,,,,,,,
2026-07-15T20:24:49.720643+00:00,2026-07-15T20:24:49.719455,3,2,67.2,0.2,67.1,3,67.0,53,66.8,153,,,,,,,,,,,,,,,67.3,157,67.5,100,,,,,,,,,,,,,,,,
2026-07-15T20:24:49.731117+00:00,2026-07-15T20:24:49.723241,3,2,67.2,0.2,67.1,3,67.0,53,66.8,153,,,,,,,,,,,,,,,67.3,230,67.5,100,,,,,,,,,,,,,,,,
2026-07-15T20:24:49.804566+00:00,2026-07-15T20:24:49.802616,3,2,67.2,0.2,67.1,3,67.0,53,66.8,153,,,,,,,,,,,,,,,67.3,205,67.5,100,,,,,,,,,,,,,,,,
2026-07-15T20:24:49.825515+00:00,2026-07-15T20:24:49.823467,3,2,67.2,0.2,67.1,3,67.0,53,66.8,153,,,,,,,,,,,,,,,67.3,139,67.5,100,,,,,,,,,,,,,,,,
2026-07-15T20:24:49.923280+00:00,2026-07-15T20:24:49.919489,3,2,67.2,0.2,67.1,3,67.0,53,66.8,153,,,,,,,,,,,,,,,67.3,212,67.5,100,,,,,,,,,,,,,,,,
2026-07-15T20:24:50.027818+00:00,2026-07-15T20:24:50.027303,3,2,67.2,0.2,67.1,3,67.0,53,66.8,153,,,,,,,,,,,,,,,67.3,132,67.5,100,,,,,,,,,,,,,,,,
2026-07-15T20:24:50.038383+00:00,2026-07-15T20:24:50.032303,3,2,67.2,0.2,67.1,3,67.0,53,66.8,153,,,,,,,,,,,,,,,67.3,67,67.5,100,,,,,,,,,,,,,,,,
2026-07-15T20:24:50.229665+00:00,2026-07-15T20:24:50.225100,3,2,67.2,0.2,67.1,3,67.0,53,66.8,153,,,,,,,,,,,,,,,67.3,52,67.5,100,,,,,,,,,,,,,,,,
2026-07-15T20:24:50.344747+00:00,2026-07-15T20:24:50.336530,3,2,67.2,0.2,67.1,3,67.0,53,66.8,153,,,,,,,,,,,,,,,67.3,132,67.5,100,,,,,,,,,,,,,,,,
2026-07-15T20:24:50.491149+00:00,2026-07-15T20:24:50.490617,3,3,67.2,0.2,67.1,3,67.0,53,66.8,153,,,,,,,,,,,,,,,67.3,182,67.4,60,67.5,100,,,,,,,,,,,,,,
2026-07-15T20:24:50.533102+00:00,2026-07-15T20:24:50.531700,3,3,67.2,0.2,67.1,3,67.0,53,66.8,153,,,,,,,,,,,,,,,67.3,135,67.4,60,67.5,100,,,,,,,,,,,,,,
2026-07-15T20:24:50.543593+00:00,2026-07-15T20:24:50.534093,3,3,67.2,0.2,67.1,3,67.0,53,66.8,3,,,,,,,,,,,,,,,67.3,135,67.4,60,67.5,100,,,,,,,,,,,,,,
2026-07-15T20:24:50.595770+00:00,2026-07-15T20:24:50.587297,2,3,67.2,0.2,67.1,3,67.0,53,,,,,,,,,,,,,,,,,67.3,135,67.4,60,67.5,100,,,,,,,,,,,,,,
2026-07-15T20:24:50.606281+00:00,2026-07-15T20:24:50.603641,2,2,67.35,0.1,67.3,15,67.0,50,,,,,,,,,,,,,,,,,67.4,60,67.5,100,,,,,,,,,,,,,,,,
2026-07-15T20:24:50.637656+00:00,2026-07-15T20:24:50.636221,2,2,67.35,0.1,67.3,15,67.0,50,,,,,,,,,,,,,,,,,67.4,140,67.5,100,,,,,,,,,,,,,,,,
2026-07-15T20:24:50.658600+00:00,2026-07-15T20:24:50.649912,2,3,67.35,0.1,67.3,15,67.0,50,,,,,,,,,,,,,,,,,67.4,140,67.5,100,67.8,150,,,,,,,,,,,,,,
2026-07-15T20:24:50.711498+00:00,2026-07-15T20:24:50.709522,2,3,67.35,0.1,67.3,20,67.0,50,,,,,,,,,,,,,,,,,67.4,140,67.5,100,67.8,150,,,,,,,,,,,,,,
2026-07-15T20:24:50.721985+00:00,2026-07-15T20:24:50.713173,2,3,67.35,0.1,67.3,20,67.0,50,,,,,,,,,,,,,,,,,67.4,145,67.5,100,67.8,150,,,,,,,,,,,,,,
2026-07-15T20:24:50.763909+00:00,2026-07-15T20:24:50.755166,1,3,67.2,0.4,67.0,20,,,,,,,,,,,,,,,,,,,67.4,145,67.5,100,67.8,150,,,,,,,,,,,,,,
2026-07-15T20:24:50.774483+00:00,2026-07-15T20:24:50.769184,0,2,,,,,,,,,,,,,,,,,,,,,,,67.4,145,67.8,150,,,,,,,,,,,,,,,,
2026-07-15T20:24:50.826728+00:00,2026-07-15T20:24:50.823888,1,2,67.1,0.6,66.8,100,,,,,,,,,,,,,,,,,,,67.4,145,67.8,150,,,,,,,,,,,,,,,,
2026-07-15T20:24:50.847625+00:00,2026-07-15T20:24:50.841754,1,2,67.1,0.6,66.8,120,,,,,,,,,,,,,,,,,,,67.4,145,67.8,150,,,,,,,,,,,,,,,,
2026-07-15T20:24:50.879037+00:00,2026-07-15T20:24:50.877497,1,3,67.05,0.5,66.8,120,,,,,,,,,,,,,,,,,,,67.3,100,67.4,145,67.8,150,,,,,,,,,,,,,,
2026-07-15T20:24:50.942110+00:00,2026-07-15T20:24:50.939808,1,3,67.05,0.5,66.8,180,,,,,,,,,,,,,,,,,,,67.3,100,67.4,65,67.8,150,,,,,,,,,,,,,,
2026-07-15T20:24:51.036573+00:00,2026-07-15T20:24:51.033238,1,3,67.05,0.5,66.8,120,,,,,,,,,,,,,,,,,,,67.3,100,67.4,65,67.8,150,,,,,,,,,,,,,,
2026-07-15T20:24:51.047051+00:00,2026-07-15T20:24:51.037045,1,3,67.05,0.5,66.8,120,,,,,,,,,,,,,,,,,,,67.3,180,67.4,65,67.8,150,,,,,,,,,,,,,,
2026-07-15T20:24:51.120025+00:00,2026-07-15T20:24:51.119184,1,3,67.05,0.5,66.8,170,,,,,,,,,,,,,,,,,,,67.3,230,67.4,15,67.8,150,,,,,,,,,,,,,,
2026-07-15T20:24:51.245588+00:00,2026-07-15T20:24:51.239083,1,3,67.05,0.5,66.8,230,,,,,,,,,,,,,,,,,,,67.3,230,67.4,15,67.8,150,,,,,,,,,,,,,,
2026-07-15T20:24:51.340259+00:00,2026-07-15T20:24:51.333675,1,3,67.05,0.5,66.8,170,,,,,,,,,,,,,,,,,,,67.3,230,67.4,15,67.8,150,,,,,,,,,,,,,,
2026-07-15T20:24:51.539865+00:00,2026-07-15T20:24:51.537005,1,3,67.05,0.5,66.8,230,,,,,,,,,,,,,,,,,,,67.3,230,67.4,15,67.8,150,,,,,,,,,,,,,,
2026-07-15T20:24:51.634207+00:00,2026-07-15T20:24:51.633230,1,3,67.05,0.5,66.8,170,,,,,,,,,,,,,,,,,,,67.3,230,67.4,15,67.8,150,,,,,,,,,,,,,,
2026-07-15T20:24:51.727880+00:00,2026-07-15T20:24:51.725975,1,3,67.05,0.5,66.8,170,,,,,,,,,,,,,,,,,,,67.3,230,67.4,10,67.8,150,,,,,,,,,,,,,,
2026-07-15T20:24:51.748867+00:00,2026-07-15T20:24:51.747109,1,2,67.05,0.5,66.8,170,,,,,,,,,,,,,,,,,,,67.3,185,67.8,150,,,,,,,,,,,,,,,,
2026-07-15T20:24:51.759367+00:00,2026-07-15T20:24:51.758149,1,3,67.05,0.5,66.8,170,,,,,,,,,,,,,,,,,,,67.3,235,67.4,10,67.8,150,,,,,,,,,,,,,,
2026-07-15T20:24:51.790917+00:00,2026-07-15T20:24:51.788001,1,3,67.05,0.5,66.8,170,,,,,,,,,,,,,,,,,,,67.3,155,67.4,10,67.8,150,,,,,,,,,,,,,,
2026-07-15T20:24:51.812036+00:00,2026-07-15T20:24:51.811454,1,3,67.05,0.5,66.8,174,,,,,,,,,,,,,,,,,,,67.3,90,67.4,10,67.8,150,,,,,,,,,,,,,,
2026-07-15T20:24:51.822583+00:00,2026-07-15T20:24:51.814983,2,3,67.1,0.4,66.9,4,66.8,174,,,,,,,,,,,,,,,,,67.3,90,67.4,10,67.8,150,,,,,,,,,,,,,,
2026-07-15T20:24:51.843613+00:00,2026-07-15T20:24:51.835423,2,3,67.1,0.4,66.9,4,66.8,174,,,,,,,,,,,,,,,,,67.3,67,67.4,10,67.8,150,,,,,,,,,,,,,,
2026-07-15T20:24:51.854158+00:00,2026-07-15T20:24:51.852613,2,3,67.1,0.4,66.9,4,66.8,154,,,,,,,,,,,,,,,,,67.3,147,67.4,10,67.8,150,,,,,,,,,,,,,,
2026-07-15T20:24:52.042362+00:00,2026-07-15T20:24:52.033181,2,3,67.1,0.4,66.9,4,66.8,154,,,,,,,,,,,,,,,,,67.3,67,67.4,10,67.8,150,,,,,,,,,,,,,,
2026-07-15T20:24:52.052907+00:00,2026-07-15T20:24:52.046128,2,3,67.1,0.4,66.9,4,66.8,154,,,,,,,,,,,,,,,,,67.3,52,67.4,10,67.8,150,,,,,,,,,,,,,,
2026-07-15T20:24:52.167999+00:00,2026-07-15T20:24:52.161552,2,3,67.1,0.4,66.9,4,66.8,154,,,,,,,,,,,,,,,,,67.3,132,67.4,10,67.8,150,,,,,,,,,,,,,,
2026-07-15T20:24:52.409383+00:00,2026-07-15T20:24:52.401799,2,2,67.1,0.4,66.9,4,66.8,104,,,,,,,,,,,,,,,,,67.3,82,67.8,150,,,,,,,,,,,,,,,,
2026-07-15T20:24:52.420037+00:00,2026-07-15T20:24:52.414838,2,2,67.1,0.4,66.9,4,66.8,104,,,,,,,,,,,,,,,,,67.3,62,67.8,150,,,,,,,,,,,,,,,,
2026-07-15T20:24:52.765739+00:00,2026-07-15T20:24:52.763152,2,2,67.1,0.4,66.9,4,66.8,104,,,,,,,,,,,,,,,,,67.3,62,67.8,150,,,,,,,,,,,,,,,,
2026-07-15T20:24:53.028017+00:00,2026-07-15T20:24:53.024565,2,2,67.1,0.4,66.9,4,66.8,104,,,,,,,,,,,,,,,,,67.3,42,67.8,150,,,,,,,,,,,,,,,,
2026-07-15T20:24:53.175747+00:00,2026-07-15T20:24:53.171587,2,2,67.1,0.4,66.9,4,66.8,104,,,,,,,,,,,,,,,,,67.3,85,67.8,150,,,,,,,,,,,,,,,,
2026-07-15T20:24:53.228168+00:00,2026-07-15T20:24:53.225845,1,2,67.05,0.5,66.8,100,,,,,,,,,,,,,,,,,,,67.3,85,67.8,150,,,,,,,,,,,,,,,,
2026-07-15T20:24:53.269916+00:00,2026-07-15T20:24:53.265537,1,2,67.05,0.5,66.8,100,,,,,,,,,,,,,,,,,,,67.3,79,67.8,150,,,,,,,,,,,,,,,,
2026-07-15T20:24:53.364671+00:00,2026-07-15T20:24:53.361552,1,2,67.05,0.5,66.8,100,,,,,,,,,,,,,,,,,,,67.3,42,67.8,150,,,,,,,,,,,,,,,,
2026-07-15T20:24:53.375293+00:00,2026-07-15T20:24:53.372810,1,2,67.05,0.5,66.8,100,,,,,,,,,,,,,,,,,,,67.3,42,67.8,150,,,,,,,,,,,,,,,,
2026-07-15T20:24:53.469618+00:00,2026-07-15T20:24:53.468174,1,2,67.05,0.5,66.8,121,,,,,,,,,,,,,,,,,,,67.3,78,67.8,150,,,,,,,,,,,,,,,,
2026-07-15T20:24:53.574463+00:00,2026-07-15T20:24:53.573543,1,2,67.05,0.5,66.8,138,,,,,,,,,,,,,,,,,,,67.3,43,67.8,150,,,,,,,,,,,,,,,,
2026-07-15T20:24:53.643030+00:00,2026-07-15T20:24:53.642128,1,2,67.05,0.5,66.8,148,,,,,,,,,,,,,,,,,,,67.3,93,67.8,150,,,,,,,,,,,,,,,,
2026-07-15T20:24:53.653573+00:00,2026-07-15T20:24:53.645181,1,3,67.05,0.5,66.8,148,,,,,,,,,,,,,,,,,,,67.3,93,67.4,30,67.8,150,,,,,,,,,,,,,,
2026-07-15T20:24:53.664085+00:00,2026-07-15T20:24:53.661651,1,3,67.05,0.5,66.8,131,,,,,,,,,,,,,,,,,,,67.3,93,67.4,30,67.8,150,,,,,,,,,,,,,,
2026-07-15T20:24:53.674677+00:00,2026-07-15T20:24:53.665336,1,3,67.05,0.5,66.8,131,,,,,,,,,,,,,,,,,,,67.3,92,67.4,30,67.8,150,,,,,,,,,,,,,,
2026-07-15T20:24:53.717090+00:00,2026-07-15T20:24:53.710173,1,3,67.05,0.5,66.8,131,,,,,,,,,,,,,,,,,,,67.3,128,67.4,30,67.8,150,,,,,,,,,,,,,,
2026-07-15T20:24:53.727655+00:00,2026-07-15T20:24:53.717601,1,2,67.05,0.5,66.8,131,,,,,,,,,,,,,,,,,,,67.3,128,67.4,30,,,,,,,,,,,,,,,,
2026-07-15T20:24:53.780086+00:00,2026-07-15T20:24:53.779432,2,2,67.05,0.5,66.8,131,66.7,150,,,,,,,,,,,,,,,,,67.3,87,67.4,30,,,,,,,,,,,,,,,,
2026-07-15T20:24:53.790656+00:00,2026-07-15T20:24:53.787708,2,2,67.05,0.5,66.8,131,66.7,150,,,,,,,,,,,,,,,,,67.3,93,67.4,30,,,,,,,,,,,,,,,,
2026-07-15T20:24:53.832291+00:00,2026-07-15T20:24:53.830255,2,3,67.0,0.4,66.8,131,66.7,153,,,,,,,,,,,,,,,,,67.2,150,67.3,93,67.4,30,,,,,,,,,,,,,,
2026-07-15T20:24:53.842819+00:00,2026-07-15T20:24:53.837117,3,3,67.05,0.3,66.9,3,66.8,134,66.7,153,,,,,,,,,,,,,,,67.2,150,67.3,93,67.4,30,,,,,,,,,,,,,,
2026-07-15T20:24:53.874193+00:00,2026-07-15T20:24:53.868953,3,3,67.05,0.3,66.9,3,66.8,134,66.7,153,,,,,,,,,,,,,,,67.2,150,67.3,56,67.4,30,,,,,,,,,,,,,,
2026-07-15T20:24:53.936901+00:00,2026-07-15T20:24:53.931740,3,3,67.05,0.3,66.9,3,66.8,34,66.7,153,,,,,,,,,,,,,,,67.2,150,67.3,56,67.4,30,,,,,,,,,,,,,,
2026-07-15T20:24:53.989263+00:00,2026-07-15T20:24:53.985452,4,3,67.15,0.1,67.1,100,66.9,3,66.8,34,66.7,153,,,,,,,,,,,,,67.2,150,67.3,56,67.4,30,,,,,,,,,,,,,,
2026-07-15T20:24:54.041566+00:00,2026-07-15T20:24:54.038908,4,4,67.15,0.1,67.1,100,66.9,3,66.8,34,66.7,153,,,,,,,,,,,,,67.2,150,67.3,56,67.4,30,67.6,100,,,,,,,,,,,,
2026-07-15T20:24:54.052052+00:00,2026-07-15T20:24:54.041838,3,4,67.15,0.1,67.1,100,66.8,34,66.7,153,,,,,,,,,,,,,,,67.2,150,67.3,56,67.4,30,67.6,100,,,,,,,,,,,,
2026-07-15T20:24:54.251105+00:00,2026-07-15T20:24:54.246389,3,4,67.15,0.1,67.1,103,66.8,34,66.7,153,,,,,,,,,,,,,,,67.2,150,67.3,56,67.4,30,67.6,100,,,,,,,,,,,,
2026-07-15T20:24:54.282654+00:00,2026-07-15T20:24:54.276577,3,3,67.15,0.1,67.1,103,66.8,24,66.7,153,,,,,,,,,,,,,,,67.2,150,67.3,6,67.6,100,,,,,,,,,,,,,,
2026-07-15T20:24:54.293222+00:00,2026-07-15T20:24:54.288217,3,3,67.15,0.1,67.1,103,66.8,3,66.7,153,,,,,,,,,,,,,,,67.2,150,67.3,6,67.6,100,,,,,,,,,,,,,,
2026-07-15T20:24:54.303783+00:00,2026-07-15T20:24:54.297070,3,3,67.15,0.1,67.1,103,66.8,3,66.7,153,,,,,,,,,,,,,,,67.2,140,67.3,6,67.6,100,,,,,,,,,,,,,,
2026-07-15T20:24:54.346028+00:00,2026-07-15T20:24:54.338266,3,3,67.15,0.1,67.1,103,66.8,3,66.7,153,,,,,,,,,,,,,,,67.2,140,67.3,5,67.6,100,,,,,,,,,,,,,,
2026-07-15T20:24:54.367053+00:00,2026-07-15T20:24:54.365391,3,3,67.15,0.1,67.1,183,66.8,3,66.7,153,,,,,,,,,,,,,,,67.2,208,67.3,5,67.6,100,,,,,,,,,,,,,,
2026-07-15T20:24:54.447112+00:00,2026-07-15T20:24:54.444482,3,3,67.15,0.1,67.1,183,66.8,3,66.7,153,,,,,,,,,,,,,,,67.2,205,67.3,5,67.6,100,,,,,,,,,,,,,,
2026-07-15T20:24:54.457707+00:00,2026-07-15T20:24:54.454055,3,3,67.15,0.1,67.1,183,66.8,3,66.7,153,,,,,,,,,,,,,,,67.2,132,67.3,5,67.6,100,,,,,,,,,,,,,,
2026-07-15T20:24:54.478791+00:00,2026-07-15T20:24:54.473856,3,3,67.15,0.1,67.1,183,66.8,3,66.7,153,,,,,,,,,,,,,,,67.2,48,67.3,5,67.6,100,,,,,,,,,,,,,,
2026-07-15T20:24:54.646069+00:00,2026-07-15T20:24:54.639923,3,3,67.15,0.1,67.1,183,66.8,3,66.7,153,,,,,,,,,,,,,,,67.2,20,67.3,5,67.6,100,,,,,,,,,,,,,,
2026-07-15T20:24:54.802614+00:00,2026-07-15T20:24:54.799011,3,2,67.15,0.1,67.1,183,66.8,3,66.7,153,,,,,,,,,,,,,,,67.2,20,67.6,100,,,,,,,,,,,,,,,,
2026-07-15T20:24:54.813116+00:00,2026-07-15T20:24:54.803788,3,2,67.15,0.1,67.1,183,66.8,3,66.7,153,,,,,,,,,,,,,,,67.2,25,67.6,100,,,,,,,,,,,,,,,,
2026-07-15T20:24:54.946457+00:00,2026-07-15T20:24:54.945480,3,1,67.35,0.5,67.1,183,66.8,3,66.7,153,,,,,,,,,,,,,,,67.6,100,,,,,,,,,,,,,,,,,,
2026-07-15T20:24:54.967837+00:00,2026-07-15T20:24:54.964588,3,1,67.35,0.5,67.1,183,66.8,3,66.7,153,,,,,,,,,,,,,,,67.6,184,,,,,,,,,,,,,,,,,,
2026-07-15T20:24:55.062554+00:00,2026-07-15T20:24:55.058264,2,1,67.35,0.5,67.1,183,66.7,150,,,,,,,,,,,,,,,,,67.6,184,,,,,,,,,,,,,,,,,,
2026-07-15T20:24:55.073220+00:00,2026-07-15T20:24:55.063869,2,1,67.35,0.5,67.1,180,66.7,150,,,,,,,,,,,,,,,,,67.6,184,,,,,,,,,,,,,,,,,,
2026-07-15T20:24:55.563331+00:00,2026-07-15T20:24:55.556923,2,2,67.35,0.5,67.1,180,66.7,150,,,,,,,,,,,,,,,,,67.6,234,67.7,40,,,,,,,,,,,,,,,,
2026-07-15T20:24:55.837404+00:00,2026-07-15T20:24:55.835830,2,2,67.35,0.5,67.1,185,66.7,150,,,,,,,,,,,,,,,,,67.6,239,67.7,40,,,,,,,,,,,,,,,,
2026-07-15T20:24:55.994461+00:00,2026-07-15T20:24:55.993642,2,2,67.35,0.5,67.1,185,66.7,150,,,,,,,,,,,,,,,,,67.6,229,67.7,40,,,,,,,,,,,,,,,,
2026-07-15T20:24:56.015680+00:00,2026-07-15T20:24:56.006495,2,3,67.3,0.4,67.1,185,66.7,150,,,,,,,,,,,,,,,,,67.5,10,67.6,229,67.7,40,,,,,,,,,,,,,,
2026-07-15T20:24:56.067785+00:00,2026-07-15T20:24:56.062702,2,3,67.3,0.4,67.1,185,66.7,150,,,,,,,,,,,,,,,,,67.5,10,67.6,155,67.7,40,,,,,,,,,,,,,,
2026-07-15T20:24:56.099100+00:00,2026-07-15T20:24:56.098356,2,2,67.35,0.5,67.1,185,66.7,150,,,,,,,,,,,,,,,,,67.6,119,67.7,40,,,,,,,,,,,,,,,,
2026-07-15T20:24:56.163049+00:00,2026-07-15T20:24:56.162607,2,2,67.35,0.5,67.1,185,66.7,150,,,,,,,,,,,,,,,,,67.6,193,67.7,40,,,,,,,,,,,,,,,,
2026-07-15T20:24:56.184383+00:00,2026-07-15T20:24:56.183771,2,2,67.35,0.5,67.1,185,66.7,150,,,,,,,,,,,,,,,,,67.6,193,67.7,60,,,,,,,,,,,,,,,,
2026-07-15T20:24:56.814350+00:00,2026-07-15T20:24:56.808353,2,1,67.35,0.5,67.1,185,66.7,150,,,,,,,,,,,,,,,,,67.6,193,,,,,,,,,,,,,,,,,,
2026-07-15T20:24:56.824926+00:00,2026-07-15T20:24:56.814659,2,2,67.35,0.5,67.1,185,66.7,150,,,,,,,,,,,,,,,,,67.6,193,67.7,60,,,,,,,,,,,,,,,,
2026-07-15T20:24:56.856314+00:00,2026-07-15T20:24:56.855203,2,2,67.35,0.5,67.1,185,66.7,150,,,,,,,,,,,,,,,,,67.6,188,67.7,60,,,,,,,,,,,,,,,,
2026-07-15T20:24:56.866887+00:00,2026-07-15T20:24:56.858812,2,2,67.35,0.5,67.1,185,66.7,150,,,,,,,,,,,,,,,,,67.6,193,67.7,60,,,,,,,,,,,,,,,,
2026-07-15T20:24:56.888029+00:00,2026-07-15T20:24:56.877942,1,2,67.35,0.5,67.1,185,,,,,,,,,,,,,,,,,,,67.6,193,67.7,60,,,,,,,,,,,,,,,,
2026-07-15T20:24:56.946763+00:00,2026-07-15T20:24:56.944554,2,2,67.5,0.2,67.4,147,67.1,185,,,,,,,,,,,,,,,,,67.6,193,67.7,60,,,,,,,,,,,,,,,,
2026-07-15T20:24:56.957486+00:00,2026-07-15T20:24:56.952183,2,2,67.5,0.2,67.4,36,67.1,185,,,,,,,,,,,,,,,,,67.6,193,67.7,60,,,,,,,,,,,,,,,,
2026-07-15T20:24:56.968158+00:00,2026-07-15T20:24:56.966512,2,2,67.5,0.2,67.4,36,67.1,105,,,,,,,,,,,,,,,,,67.6,193,67.7,60,,,,,,,,,,,,,,,,
2026-07-15T20:24:56.989516+00:00,2026-07-15T20:24:56.985772,2,3,67.5,0.2,67.4,11,67.1,105,,,,,,,,,,,,,,,,,67.6,193,67.7,60,67.9,150,,,,,,,,,,,,,,
2026-07-15T20:24:57.042146+00:00,2026-07-15T20:24:57.039523,1,3,67.35,0.5,67.1,105,,,,,,,,,,,,,,,,,,,67.6,193,67.7,60,67.9,150,,,,,,,,,,,,,,
2026-07-15T20:24:57.063444+00:00,2026-07-15T20:24:57.062394,1,3,67.35,0.5,67.1,105,,,,,,,,,,,,,,,,,,,67.6,153,67.7,60,67.9,150,,,,,,,,,,,,,,
2026-07-15T20:24:57.074032+00:00,2026-07-15T20:24:57.070078,1,3,67.35,0.5,67.1,105,,,,,,,,,,,,,,,,,,,67.6,79,67.7,60,67.9,150,,,,,,,,,,,,,,
2026-07-15T20:24:57.084809+00:00,2026-07-15T20:24:57.076185,1,3,67.35,0.5,67.1,165,,,,,,,,,,,,,,,,,,,67.6,79,67.7,60,67.9,150,,,,,,,,,,,,,,
2026-07-15T20:24:57.106173+00:00,2026-07-15T20:24:57.098253,1,3,67.35,0.5,67.1,65,,,,,,,,,,,,,,,,,,,67.6,55,67.7,60,67.9,150,,,,,,,,,,,,,,
2026-07-15T20:24:57.159185+00:00,2026-07-15T20:24:57.158211,2,3,67.55,0.1,67.5,100,67.1,65,,,,,,,,,,,,,,,,,67.6,55,67.7,60,67.9,150,,,,,,,,,,,,,,
2026-07-15T20:24:57.180431+00:00,2026-07-15T20:24:57.170197,2,3,67.55,0.1,67.5,100,67.1,5,,,,,,,,,,,,,,,,,67.6,55,67.7,60,67.9,150,,,,,,,,,,,,,,
2026-07-15T20:24:57.211958+00:00,2026-07-15T20:24:57.209918,2,4,67.55,0.1,67.5,100,67.1,5,,,,,,,,,,,,,,,,,67.6,55,67.7,60,67.9,150,68.0,100,,,,,,,,,,,,
2026-07-15T20:24:57.232951+00:00,2026-07-15T20:24:57.231464,2,4,67.55,0.1,67.5,75,67.1,5,,,,,,,,,,,,,,,,,67.6,55,67.7,60,67.9,150,68.0,100,,,,,,,,,,,,
2026-07-15T20:24:57.274939+00:00,2026-07-15T20:24:57.271062,2,4,67.55,0.1,67.5,101,67.1,5,,,,,,,,,,,,,,,,,67.6,55,67.7,60,67.9,150,68.0,100,,,,,,,,,,,,
2026-07-15T20:24:57.285512+00:00,2026-07-15T20:24:57.275394,2,4,67.55,0.1,67.5,101,67.1,5,,,,,,,,,,,,,,,,,67.6,129,67.7,60,67.9,150,68.0,100,,,,,,,,,,,,
2026-07-15T20:24:57.338192+00:00,2026-07-15T20:24:57.332497,2,4,67.55,0.1,67.5,73,67.1,5,,,,,,,,,,,,,,,,,67.6,129,67.7,60,67.9,150,68.0,100,,,,,,,,,,,,
2026-07-15T20:24:57.380371+00:00,2026-07-15T20:24:57.374000,2,4,67.55,0.1,67.5,48,67.1,5,,,,,,,,,,,,,,,,,67.6,129,67.7,60,67.9,150,68.0,100,,,,,,,,,,,,
2026-07-15T20:24:57.390936+00:00,2026-07-15T20:24:57.388174,2,4,67.55,0.1,67.5,22,67.1,5,,,,,,,,,,,,,,,,,67.6,129,67.7,60,67.9,150,68.0,100,,,,,,,,,,,,
2026-07-15T20:24:57.443544+00:00,2026-07-15T20:24:57.441671,2,4,67.55,0.1,67.5,22,67.1,5,,,,,,,,,,,,,,,,,67.6,129,67.7,60,67.9,150,68.0,100,,,,,,,,,,,,
2026-07-15T20:24:57.871864+00:00,2026-07-15T20:24:57.865207,1,4,67.35,0.5,67.1,5,,,,,,,,,,,,,,,,,,,67.6,129,67.7,60,67.9,150,68.0,100,,,,,,,,,,,,
2026-07-15T20:24:57.882372+00:00,2026-07-15T20:24:57.874313,0,4,,,,,,,,,,,,,,,,,,,,,,,67.6,124,67.7,60,67.9,150,68.0,100,,,,,,,,,,,,
2026-07-15T20:24:58.082274+00:00,2026-07-15T20:24:58.077856,0,3,,,,,,,,,,,,,,,,,,,,,,,67.6,74,67.9,150,68.0,100,,,,,,,,,,,,,,
2026-07-15T20:25:00.042841+00:00,2026-07-15T20:25:00.040604,0,2,,,,,,,,,,,,,,,,,,,,,,,67.6,74,68.0,100,,,,,,,,,,,,,,,,
2026-07-15T20:25:00.095403+00:00,2026-07-15T20:25:00.094326,1,2,67.15,0.9,66.7,150,,,,,,,,,,,,,,,,,,,67.6,74,68.0,100,,,,,,,,,,,,,,,,
2026-07-15T20:25:00.157977+00:00,2026-07-15T20:25:00.148297,1,3,66.95,0.5,66.7,150,,,,,,,,,,,,,,,,,,,67.2,150,67.6,74,68.0,100,,,,,,,,,,,,,,
2026-07-15T20:25:00.189511+00:00,2026-07-15T20:25:00.188815,1,2,66.95,0.5,66.7,176,,,,,,,,,,,,,,,,,,,67.2,150,68.0,100,,,,,,,,,,,,,,,,
2026-07-15T20:25:00.274018+00:00,2026-07-15T20:25:00.264580,1,1,66.95,0.5,66.7,176,,,,,,,,,,,,,,,,,,,67.2,150,,,,,,,,,,,,,,,,,,
2026-07-15T20:25:00.284692+00:00,2026-07-15T20:25:00.281367,2,1,67.0,0.4,66.8,4,66.7,180,,,,,,,,,,,,,,,,,67.2,150,,,,,,,,,,,,,,,,,,
2026-07-15T20:25:00.306094+00:00,2026-07-15T20:25:00.295769,2,1,67.0,0.4,66.8,4,66.7,180,,,,,,,,,,,,,,,,,67.2,79,,,,,,,,,,,,,,,,,,
2026-07-15T20:25:00.316718+00:00,2026-07-15T20:25:00.316190,2,1,67.0,0.4,66.8,4,66.7,154,,,,,,,,,,,,,,,,,67.2,79,,,,,,,,,,,,,,,,,,
2026-07-15T20:25:00.327310+00:00,2026-07-15T20:25:00.325734,3,1,67.15,0.1,67.1,100,66.8,4,66.7,154,,,,,,,,,,,,,,,67.2,79,,,,,,,,,,,,,,,,,,
2026-07-15T20:25:00.380325+00:00,2026-07-15T20:25:00.379687,3,2,67.15,0.1,67.1,100,66.8,4,66.7,154,,,,,,,,,,,,,,,67.2,64,67.6,100,,,,,,,,,,,,,,,,
2026-07-15T20:25:00.390868+00:00,2026-07-15T20:25:00.388642,3,2,67.15,0.1,67.1,100,66.8,4,66.7,154,,,,,,,,,,,,,,,67.2,1,67.6,100,,,,,,,,,,,,,,,,
2026-07-15T20:25:00.422603+00:00,2026-07-15T20:25:00.417606,3,2,67.15,0.1,67.1,100,66.8,4,66.7,154,,,,,,,,,,,,,,,67.2,75,67.6,100,,,,,,,,,,,,,,,,
2026-07-15T20:25:00.496419+00:00,2026-07-15T20:25:00.493274,2,2,67.15,0.1,67.1,100,66.7,154,,,,,,,,,,,,,,,,,67.2,50,67.6,100,,,,,,,,,,,,,,,,
2026-07-15T20:25:00.612689+00:00,2026-07-15T20:25:00.611221,2,2,67.15,0.1,67.1,52,66.7,154,,,,,,,,,,,,,,,,,67.2,50,67.6,100,,,,,,,,,,,,,,,,
2026-07-15T20:25:00.696775+00:00,2026-07-15T20:25:00.690992,2,2,67.15,0.1,67.1,56,66.7,154,,,,,,,,,,,,,,,,,67.2,50,67.6,100,,,,,,,,,,,,,,,,
2026-07-15T20:25:00.928059+00:00,2026-07-15T20:25:00.922562,2,2,67.15,0.1,67.1,56,66.7,154,,,,,,,,,,,,,,,,,67.2,45,67.6,100,,,,,,,,,,,,,,,,
2026-07-15T20:25:00.938552+00:00,2026-07-15T20:25:00.933156,2,2,67.15,0.1,67.1,56,66.7,154,,,,,,,,,,,,,,,,,67.2,50,67.6,100,,,,,,,,,,,,,,,,
2026-07-15T20:25:01.096034+00:00,2026-07-15T20:25:01.085759,2,2,67.15,0.1,67.1,56,66.7,154,,,,,,,,,,,,,,,,,67.2,25,67.6,100,,,,,,,,,,,,,,,,
2026-07-15T20:25:01.116964+00:00,2026-07-15T20:25:01.113645,2,2,67.15,0.1,67.1,56,66.7,154,,,,,,,,,,,,,,,,,67.2,5,67.6,100,,,,,,,,,,,,,,,,
2026-07-15T20:25:01.127504+00:00,2026-07-15T20:25:01.117916,2,2,67.15,0.1,67.1,96,66.7,154,,,,,,,,,,,,,,,,,67.2,5,67.6,100,,,,,,,,,,,,,,,,
2026-07-15T20:25:01.294643+00:00,2026-07-15T20:25:01.287454,2,1,67.35,0.5,67.1,96,66.7,154,,,,,,,,,,,,,,,,,67.6,55,,,,,,,,,,,,,,,,,,
2026-07-15T20:25:01.305197+00:00,2026-07-15T20:25:01.300924,2,1,67.35,0.5,67.1,96,66.7,150,,,,,,,,,,,,,,,,,67.6,55,,,,,,,,,,,,,,,,,,
2026-07-15T20:25:01.315794+00:00,2026-07-15T20:25:01.313212,2,1,67.35,0.5,67.1,92,66.7,150,,,,,,,,,,,,,,,,,67.6,75,,,,,,,,,,,,,,,,,,
2026-07-15T20:25:01.714891+00:00,2026-07-15T20:25:01.713172,2,2,67.35,0.5,67.1,92,66.7,150,,,,,,,,,,,,,,,,,67.6,125,67.7,40,,,,,,,,,,,,,,,,
2026-07-15T20:25:01.966871+00:00,2026-07-15T20:25:01.962465,2,2,67.35,0.5,67.1,97,66.7,150,,,,,,,,,,,,,,,,,67.6,130,67.7,40,,,,,,,,,,,,,,,,
2026-07-15T20:25:02.120874+00:00,2026-07-15T20:25:02.117795,2,3,67.3,0.4,67.1,97,66.7,150,,,,,,,,,,,,,,,,,67.5,10,67.6,130,67.7,40,,,,,,,,,,,,,,
2026-07-15T20:25:02.237197+00:00,2026-07-15T20:25:02.229265,2,3,67.3,0.4,67.1,97,66.7,150,,,,,,,,,,,,,,,,,67.5,10,67.6,110,67.7,40,,,,,,,,,,,,,,
2026-07-15T20:25:02.341209+00:00,2026-07-15T20:25:02.340563,2,2,67.3,0.4,67.1,97,66.7,150,,,,,,,,,,,,,,,,,67.5,10,67.6,110,,,,,,,,,,,,,,,,
2026-07-15T20:25:02.351839+00:00,2026-07-15T20:25:02.342420,2,2,67.3,0.4,67.1,97,66.7,150,,,,,,,,,,,,,,,,,67.5,10,67.6,60,,,,,,,,,,,,,,,,
2026-07-15T20:25:02.362604+00:00,2026-07-15T20:25:02.352179,2,2,67.3,0.4,67.1,97,66.7,150,,,,,,,,,,,,,,,,,67.5,60,67.6,60,,,,,,,,,,,,,,,,
2026-07-15T20:25:02.373184+00:00,2026-07-15T20:25:02.364597,2,2,67.3,0.4,67.1,97,66.7,150,,,,,,,,,,,,,,,,,67.5,60,67.6,100,,,,,,,,,,,,,,,,
2026-07-15T20:25:02.404771+00:00,2026-07-15T20:25:02.398783,2,2,67.3,0.4,67.1,97,66.7,150,,,,,,,,,,,,,,,,,67.5,140,67.6,100,,,,,,,,,,,,,,,,
2026-07-15T20:25:02.992353+00:00,2026-07-15T20:25:02.986878,2,2,67.3,0.4,67.1,92,66.7,150,,,,,,,,,,,,,,,,,67.5,140,67.6,95,,,,,,,,,,,,,,,,
2026-07-15T20:25:03.002888+00:00,2026-07-15T20:25:03.001436,2,2,67.3,0.4,67.1,97,66.7,150,,,,,,,,,,,,,,,,,67.5,140,67.6,55,,,,,,,,,,,,,,,,
2026-07-15T20:25:03.013491+00:00,2026-07-15T20:25:03.006201,2,2,67.3,0.4,67.1,97,66.7,150,,,,,,,,,,,,,,,,,67.5,145,67.6,115,,,,,,,,,,,,,,,,
2026-07-15T20:25:03.143715+00:00,2026-07-15T20:25:03.135826,2,2,67.3,0.4,67.1,97,66.7,150,,,,,,,,,,,,,,,,,67.5,135,67.6,115,,,,,,,,,,,,,,,,
2026-07-15T20:25:03.154355+00:00,2026-07-15T20:25:03.144927,2,3,67.25,0.3,67.1,97,66.7,150,,,,,,,,,,,,,,,,,67.4,10,67.5,135,67.6,115,,,,,,,,,,,,,,
2026-07-15T20:25:03.175454+00:00,2026-07-15T20:25:03.169486,2,3,67.25,0.3,67.1,97,66.7,150,,,,,,,,,,,,,,,,,67.4,10,67.5,55,67.6,115,,,,,,,,,,,,,,
2026-07-15T20:25:03.207025+00:00,2026-07-15T20:25:03.202472,1,3,67.25,0.3,67.1,97,,,,,,,,,,,,,,,,,,,67.4,10,67.5,55,67.6,115,,,,,,,,,,,,,,
2026-07-15T20:25:03.259106+00:00,2026-07-15T20:25:03.256668,2,3,67.35,0.1,67.3,150,67.1,97,,,,,,,,,,,,,,,,,67.4,10,67.5,55,67.6,115,,,,,,,,,,,,,,
2026-07-15T20:25:03.269591+00:00,2026-07-15T20:25:03.267478,2,3,67.35,0.1,67.3,112,67.1,97,,,,,,,,,,,,,,,,,67.4,10,67.5,55,67.6,115,,,,,,,,,,,,,,
2026-07-15T20:25:03.280203+00:00,2026-07-15T20:25:03.274039,2,3,67.35,0.1,67.3,142,67.1,57,,,,,,,,,,,,,,,,,67.4,10,67.5,55,67.6,115,,,,,,,,,,,,,,
2026-07-15T20:25:03.322078+00:00,2026-07-15T20:25:03.316921,2,4,67.35,0.1,67.3,117,67.1,57,,,,,,,,,,,,,,,,,67.4,10,67.5,55,67.6,115,67.8,150,,,,,,,,,,,,
2026-07-15T20:25:03.406368+00:00,2026-07-15T20:25:03.405408,2,4,67.35,0.1,67.3,127,67.1,57,,,,,,,,,,,,,,,,,67.4,10,67.5,55,67.6,115,67.8,150,,,,,,,,,,,,
2026-07-15T20:25:03.417048+00:00,2026-07-15T20:25:03.415545,2,3,67.4,0.2,67.3,127,67.1,57,,,,,,,,,,,,,,,,,67.5,15,67.6,115,67.8,150,,,,,,,,,,,,,,
2026-07-15T20:25:03.469942+00:00,2026-07-15T20:25:03.467644,2,3,67.4,0.2,67.3,127,67.1,5,,,,,,,,,,,,,,,,,67.5,15,67.6,60,67.8,150,,,,,,,,,,,,,,
2026-07-15T20:25:03.480462+00:00,2026-07-15T20:25:03.474813,2,3,67.4,0.2,67.3,102,67.1,5,,,,,,,,,,,,,,,,,67.5,15,67.6,60,67.8,150,,,,,,,,,,,,,,
2026-07-15T20:25:03.532935+00:00,2026-07-15T20:25:03.523665,3,3,67.4,0.2,67.3,102,67.1,5,67.0,100,,,,,,,,,,,,,,,67.5,15,67.6,60,67.8,150,,,,,,,,,,,,,,
2026-07-15T20:25:03.543471+00:00,2026-07-15T20:25:03.533996,3,3,67.4,0.2,67.3,92,67.1,5,67.0,100,,,,,,,,,,,,,,,67.5,15,67.6,60,67.8,150,,,,,,,,,,,,,,
2026-07-15T20:25:03.575107+00:00,2026-07-15T20:25:03.565168,3,3,67.4,0.2,67.3,102,67.1,5,67.0,100,,,,,,,,,,,,,,,67.5,15,67.6,60,67.8,150,,,,,,,,,,,,,,
2026-07-15T20:25:03.585622+00:00,2026-07-15T20:25:03.576394,3,3,67.4,0.2,67.3,102,67.1,5,67.0,100,,,,,,,,,,,,,,,67.5,115,67.6,60,67.8,150,,,,,,,,,,,,,,
2026-07-15T20:25:03.596117+00:00,2026-07-15T20:25:03.591205,3,3,67.4,0.2,67.3,92,67.1,5,67.0,100,,,,,,,,,,,,,,,67.5,115,67.6,60,67.8,150,,,,,,,,,,,,,,
2026-07-15T20:25:03.616982+00:00,2026-07-15T20:25:03.615333,3,3,67.4,0.2,67.3,102,67.1,5,67.0,100,,,,,,,,,,,,,,,67.5,115,67.6,60,67.8,150,,,,,,,,,,,,,,
2026-07-15T20:25:03.638086+00:00,2026-07-15T20:25:03.632616,3,2,67.4,0.2,67.3,102,67.1,5,67.0,100,,,,,,,,,,,,,,,67.5,105,67.8,150,,,,,,,,,,,,,,,,
2026-07-15T20:25:03.648736+00:00,2026-07-15T20:25:03.646261,3,2,67.4,0.2,67.3,142,67.1,5,67.0,100,,,,,,,,,,,,,,,67.5,185,67.8,150,,,,,,,,,,,,,,,,
2026-07-15T20:25:03.659317+00:00,2026-07-15T20:25:03.654982,3,3,67.4,0.2,67.3,142,67.1,5,67.0,100,,,,,,,,,,,,,,,67.5,235,67.6,20,67.8,150,,,,,,,,,,,,,,
2026-07-15T20:25:03.722960+00:00,2026-07-15T20:25:03.718615,3,3,67.4,0.2,67.3,132,67.1,5,67.0,100,,,,,,,,,,,,,,,67.5,235,67.6,20,67.8,150,,,,,,,,,,,,,,
2026-07-15T20:25:03.754546+00:00,2026-07-15T20:25:03.744555,3,3,67.4,0.2,67.3,132,67.1,5,67.0,100,,,,,,,,,,,,,,,67.5,190,67.6,20,67.8,150,,,,,,,,,,,,,,
2026-07-15T20:25:03.921555+00:00,2026-07-15T20:25:03.915890,3,3,67.4,0.2,67.3,142,67.1,5,67.0,100,,,,,,,,,,,,,,,67.5,190,67.6,20,67.8,150,,,,,,,,,,,,,,
2026-07-15T20:25:04.048581+00:00,2026-07-15T20:25:04.047204,2,3,67.4,0.2,67.3,132,67.0,100,,,,,,,,,,,,,,,,,67.5,190,67.6,20,67.8,150,,,,,,,,,,,,,,
2026-07-15T20:25:04.059304+00:00,2026-07-15T20:25:04.055968,2,3,67.4,0.2,67.3,137,67.0,100,,,,,,,,,,,,,,,,,67.5,190,67.6,20,67.8,150,,,,,,,,,,,,,,
2026-07-15T20:25:04.069882+00:00,2026-07-15T20:25:04.064602,2,3,67.4,0.2,67.3,137,67.0,100,,,,,,,,,,,,,,,,,67.5,195,67.6,20,67.8,150,,,,,,,,,,,,,,
2026-07-15T20:25:04.080420+00:00,2026-07-15T20:25:04.073467,2,3,67.4,0.2,67.3,147,67.0,100,,,,,,,,,,,,,,,,,67.5,195,67.6,20,67.8,150,,,,,,,,,,,,,,
2026-07-15T20:25:04.101724+00:00,2026-07-15T20:25:04.100771,2,3,67.4,0.2,67.3,137,67.0,100,,,,,,,,,,,,,,,,,67.5,195,67.6,20,67.8,150,,,,,,,,,,,,,,
2026-07-15T20:25:04.112313+00:00,2026-07-15T20:25:04.111159,2,3,67.4,0.2,67.3,147,67.0,100,,,,,,,,,,,,,,,,,67.5,195,67.6,20,67.8,150,,,,,,,,,,,,,,
2026-07-15T20:25:04.217710+00:00,2026-07-15T20:25:04.211678,2,3,67.4,0.2,67.3,137,67.0,100,,,,,,,,,,,,,,,,,67.5,195,67.6,20,67.8,150,,,,,,,,,,,,,,
2026-07-15T20:25:04.228206+00:00,2026-07-15T20:25:04.224450,2,3,67.4,0.2,67.3,147,67.0,100,,,,,,,,,,,,,,,,,67.5,195,67.6,20,67.8,150,,,,,,,,,,,,,,
2026-07-15T20:25:04.280463+00:00,2026-07-15T20:25:04.278829,2,2,67.4,0.2,67.3,107,67.0,100,,,,,,,,,,,,,,,,,67.5,145,67.8,150,,,,,,,,,,,,,,,,
2026-07-15T20:25:04.291041+00:00,2026-07-15T20:25:04.288009,2,2,67.4,0.2,67.3,147,67.0,100,,,,,,,,,,,,,,,,,67.5,195,67.8,150,,,,,,,,,,,,,,,,
2026-07-15T20:25:04.301555+00:00,2026-07-15T20:25:04.291609,2,3,67.4,0.2,67.3,147,67.0,100,,,,,,,,,,,,,,,,,67.5,195,67.6,20,67.8,150,,,,,,,,,,,,,,
2026-07-15T20:25:04.312112+00:00,2026-07-15T20:25:04.309389,2,3,67.4,0.2,67.3,147,67.0,100,,,,,,,,,,,,,,,,,67.5,195,67.6,20,67.8,150,,,,,,,,,,,,,,
2026-07-15T20:25:04.417176+00:00,2026-07-15T20:25:04.411627,2,3,67.4,0.2,67.3,147,67.0,100,,,,,,,,,,,,,,,,,67.5,195,67.6,20,67.8,150,,,,,,,,,,,,,,
2026-07-15T20:25:04.511013+00:00,2026-07-15T20:25:04.507350,2,3,67.4,0.2,67.3,137,67.0,100,,,,,,,,,,,,,,,,,67.5,195,67.6,20,67.8,150,,,,,,,,,,,,,,
2026-07-15T20:25:04.626268+00:00,2026-07-15T20:25:04.623409,2,3,67.4,0.2,67.3,147,67.0,100,,,,,,,,,,,,,,,,,67.5,195,67.6,20,67.8,150,,,,,,,,,,,,,,
2026-07-15T20:25:04.734105+00:00,2026-07-15T20:25:04.728730,2,3,67.4,0.2,67.3,137,67.0,100,,,,,,,,,,,,,,,,,67.5,195,67.6,20,67.8,150,,,,,,,,,,,,,,
2026-07-15T20:25:04.745027+00:00,2026-07-15T20:25:04.736257,2,3,67.4,0.2,67.3,147,67.0,100,,,,,,,,,,,,,,,,,67.5,195,67.6,20,67.8,150,,,,,,,,,,,,,,
2026-07-15T20:25:04.819009+00:00,2026-07-15T20:25:04.813389,2,3,67.4,0.2,67.3,147,67.0,100,,,,,,,,,,,,,,,,,67.5,195,67.6,20,67.8,150,,,,,,,,,,,,,,
2026-07-15T20:25:04.915865+00:00,2026-07-15T20:25:04.915424,2,2,67.4,0.2,67.3,137,67.0,100,,,,,,,,,,,,,,,,,67.5,145,67.8,150,,,,,,,,,,,,,,,,
2026-07-15T20:25:04.926553+00:00,2026-07-15T20:25:04.924929,2,2,67.4,0.2,67.3,147,67.0,100,,,,,,,,,,,,,,,,,67.5,145,67.8,150,,,,,,,,,,,,,,,,
2026-07-15T20:25:04.937109+00:00,2026-07-15T20:25:04.931327,2,3,67.4,0.2,67.3,147,67.0,100,,,,,,,,,,,,,,,,,67.5,195,67.6,20,67.8,150,,,,,,,,,,,,,,
2026-07-15T20:25:05.021247+00:00,2026-07-15T20:25:05.015267,2,3,67.4,0.2,67.3,89,67.0,100,,,,,,,,,,,,,,,,,67.5,195,67.6,20,67.8,150,,,,,,,,,,,,,,
2026-07-15T20:25:05.084067+00:00,2026-07-15T20:25:05.083681,2,3,67.4,0.2,67.3,89,67.0,100,,,,,,,,,,,,,,,,,67.5,190,67.6,20,67.8,150,,,,,,,,,,,,,,
2026-07-15T20:25:05.094679+00:00,2026-07-15T20:25:05.087181,2,3,67.4,0.2,67.3,89,67.0,100,,,,,,,,,,,,,,,,,67.5,195,67.6,20,67.8,150,,,,,,,,,,,,,,
2026-07-15T20:25:05.242947+00:00,2026-07-15T20:25:05.236724,2,3,67.4,0.2,67.3,89,67.0,100,,,,,,,,,,,,,,,,,67.5,205,67.6,20,67.8,150,,,,,,,,,,,,,,
2026-07-15T20:25:05.253566+00:00,2026-07-15T20:25:05.243365,2,3,67.4,0.2,67.3,99,67.0,100,,,,,,,,,,,,,,,,,67.5,205,67.6,20,67.8,150,,,,,,,,,,,,,,
2026-07-15T20:25:05.316790+00:00,2026-07-15T20:25:05.315165,2,3,67.4,0.2,67.3,99,67.0,100,,,,,,,,,,,,,,,,,67.5,205,67.6,20,67.8,150,,,,,,,,,,,,,,
2026-07-15T20:25:05.421798+00:00,2026-07-15T20:25:05.414184,2,3,67.4,0.2,67.3,99,67.0,100,,,,,,,,,,,,,,,,,67.5,205,67.6,20,67.8,150,,,,,,,,,,,,,,
2026-07-15T20:25:05.515811+00:00,2026-07-15T20:25:05.512309,2,3,67.4,0.2,67.3,89,67.0,100,,,,,,,,,,,,,,,,,67.5,205,67.6,20,67.8,150,,,,,,,,,,,,,,
2026-07-15T20:25:05.526325+00:00,2026-07-15T20:25:05.516083,2,3,67.4,0.2,67.3,99,67.0,100,,,,,,,,,,,,,,,,,67.5,205,67.6,20,67.8,150,,,,,,,,,,,,,,
2026-07-15T20:25:05.536799+00:00,2026-07-15T20:25:05.532894,2,3,67.4,0.2,67.3,99,67.0,100,,,,,,,,,,,,,,,,,67.5,155,67.6,20,67.8,150,,,,,,,,,,,,,,
2026-07-15T20:25:05.568310+00:00,2026-07-15T20:25:05.565864,2,2,67.4,0.2,67.3,59,67.0,100,,,,,,,,,,,,,,,,,67.5,105,67.8,150,,,,,,,,,,,,,,,,
2026-07-15T20:25:05.578863+00:00,2026-07-15T20:25:05.576877,2,2,67.4,0.2,67.3,16,67.0,100,,,,,,,,,,,,,,,,,67.5,105,67.8,150,,,,,,,,,,,,,,,,
2026-07-15T20:25:05.589368+00:00,2026-07-15T20:25:05.587140,2,2,67.4,0.2,67.3,56,67.0,100,,,,,,,,,,,,,,,,,67.5,155,67.8,150,,,,,,,,,,,,,,,,
2026-07-15T20:25:05.599935+00:00,2026-07-15T20:25:05.592281,2,3,67.4,0.2,67.3,56,67.0,100,,,,,,,,,,,,,,,,,67.5,155,67.6,20,67.8,150,,,,,,,,,,,,,,
2026-07-15T20:25:05.621175+00:00,2026-07-15T20:25:05.618828,2,3,67.4,0.2,67.3,55,67.0,100,,,,,,,,,,,,,,,,,67.5,155,67.6,20,67.8,150,,,,,,,,,,,,,,
2026-07-15T20:25:05.642309+00:00,2026-07-15T20:25:05.633402,2,3,67.4,0.2,67.3,45,67.0,100,,,,,,,,,,,,,,,,,67.5,155,67.6,20,67.8,150,,,,,,,,,,,,,,
2026-07-15T20:25:06.103709+00:00,2026-07-15T20:25:06.101151,2,3,67.4,0.2,67.3,40,67.0,100,,,,,,,,,,,,,,,,,67.5,150,67.6,20,67.8,150,,,,,,,,,,,,,,
2026-07-15T20:25:06.114283+00:00,2026-07-15T20:25:06.110302,2,3,67.4,0.2,67.3,45,67.0,100,,,,,,,,,,,,,,,,,67.5,155,67.6,20,67.8,150,,,,,,,,,,,,,,
2026-07-15T20:25:06.239357+00:00,2026-07-15T20:25:06.238334,2,2,67.4,0.2,67.3,5,67.0,100,,,,,,,,,,,,,,,,,67.5,105,67.8,150,,,,,,,,,,,,,,,,
2026-07-15T20:25:06.249871+00:00,2026-07-15T20:25:06.247440,2,3,67.4,0.2,67.3,45,67.0,100,,,,,,,,,,,,,,,,,67.5,155,67.6,20,67.8,150,,,,,,,,,,,,,,
2026-07-15T20:25:06.260352+00:00,2026-07-15T20:25:06.256085,2,3,67.4,0.2,67.3,45,67.0,100,,,,,,,,,,,,,,,,,67.5,145,67.6,20,67.8,150,,,,,,,,,,,,,,
2026-07-15T20:25:06.270861+00:00,2026-07-15T20:25:06.264565,2,3,67.4,0.2,67.3,45,67.0,100,,,,,,,,,,,,,,,,,67.5,155,67.6,20,67.8,150,,,,,,,,,,,,,,
2026-07-15T20:25:06.365918+00:00,2026-07-15T20:25:06.365519,2,2,67.4,0.2,67.3,45,67.0,100,,,,,,,,,,,,,,,,,67.5,155,67.6,20,,,,,,,,,,,,,,,,
2026-07-15T20:25:06.439636+00:00,2026-07-15T20:25:06.431999,3,2,67.4,0.2,67.3,45,67.0,100,66.9,150,,,,,,,,,,,,,,,67.5,155,67.6,20,,,,,,,,,,,,,,,,
2026-07-15T20:25:06.492058+00:00,2026-07-15T20:25:06.485232,3,3,67.35,0.1,67.3,45,67.0,100,66.9,150,,,,,,,,,,,,,,,67.4,150,67.5,155,67.6,20,,,,,,,,,,,,,,
2026-07-15T20:25:06.523855+00:00,2026-07-15T20:25:06.523314,3,3,67.35,0.1,67.3,48,67.0,100,66.9,153,,,,,,,,,,,,,,,67.4,150,67.5,75,67.6,20,,,,,,,,,,,,,,
2026-07-15T20:25:06.534392+00:00,2026-07-15T20:25:06.526350,3,3,67.35,0.1,67.3,48,67.0,103,66.9,153,,,,,,,,,,,,,,,67.4,150,67.5,75,67.6,20,,,,,,,,,,,,,,
2026-07-15T20:25:06.617777+00:00,2026-07-15T20:25:06.614511,3,3,67.35,0.1,67.3,48,67.0,103,66.9,153,,,,,,,,,,,,,,,67.4,217,67.5,75,67.6,20,,,,,,,,,,,,,,
2026-07-15T20:25:06.638705+00:00,2026-07-15T20:25:06.633793,3,3,67.35,0.1,67.3,48,67.0,3,66.9,153,,,,,,,,,,,,,,,67.4,217,67.5,65,67.6,20,,,,,,,,,,,,,,
2026-07-15T20:25:06.649192+00:00,2026-07-15T20:25:06.645424,3,3,67.35,0.1,67.3,48,67.0,3,66.9,153,,,,,,,,,,,,,,,67.4,173,67.5,65,67.6,20,,,,,,,,,,,,,,
2026-07-15T20:25:06.690941+00:00,2026-07-15T20:25:06.690374,3,3,67.35,0.1,67.3,48,67.0,3,66.9,153,,,,,,,,,,,,,,,67.4,73,67.5,65,67.6,20,,,,,,,,,,,,,,
2026-07-15T20:25:06.722545+00:00,2026-07-15T20:25:06.715953,3,3,67.35,0.1,67.3,48,67.0,3,66.9,153,,,,,,,,,,,,,,,67.4,86,67.5,65,67.6,20,,,,,,,,,,,,,,
2026-07-15T20:25:06.754223+00:00,2026-07-15T20:25:06.744280,3,4,67.35,0.1,67.3,48,67.0,3,66.9,153,,,,,,,,,,,,,,,67.4,86,67.5,65,67.6,20,68.0,100,,,,,,,,,,,,
2026-07-15T20:25:06.817405+00:00,2026-07-15T20:25:06.810615,3,4,67.35,0.1,67.3,48,67.0,3,66.9,153,,,,,,,,,,,,,,,67.4,73,67.5,65,67.6,20,68.0,100,,,,,,,,,,,,
2026-07-15T20:25:06.880261+00:00,2026-07-15T20:25:06.877003,3,3,67.35,0.1,67.3,8,67.0,3,66.9,153,,,,,,,,,,,,,,,67.4,73,67.5,15,68.0,100,,,,,,,,,,,,,,
