recv_time,book_timestamp,n_bids,n_asks,mid,spread,bid_px_0,bid_vol_0,bid_px_1,bid_vol_1,bid_px_2,bid_vol_2,bid_px_3,bid_vol_3,bid_px_4,bid_vol_4,bid_px_5,bid_vol_5,bid_px_6,bid_vol_6,bid_px_7,bid_vol_7,bid_px_8,bid_vol_8,bid_px_9,bid_vol_9,ask_px_0,ask_vol_0,ask_px_1,ask_vol_1,ask_px_2,ask_vol_2,ask_px_3,ask_vol_3,ask_px_4,ask_vol_4,ask_px_5,ask_vol_5,ask_px_6,ask_vol_6,ask_px_7,ask_vol_7,ask_px_8,ask_vol_8,ask_px_9,ask_vol_9
2026-07-07T19:00:00.199640+00:00,2026-07-07T19:00:00.219404,1,2,136.95,0.9,136.5,108,,,,,,,,,,,,,,,,,,,137.4,12,137.5,100,,,,,,,,,,,,,,,,
2026-07-07T19:00:00.441555+00:00,2026-07-07T19:00:00.343151,2,2,137.0,0.8,136.6,12,136.5,108,,,,,,,,,,,,,,,,,137.4,12,137.5,100,,,,,,,,,,,,,,,,
2026-07-07T19:00:01.610636+00:00,2026-07-07T19:00:01.613957,2,1,137.1,0.8,136.7,12,136.5,108,,,,,,,,,,,,,,,,,137.5,112,,,,,,,,,,,,,,,,,,
2026-07-07T19:00:01.866744+00:00,2026-07-07T19:00:01.866627,2,1,137.1,0.8,136.7,12,136.5,108,,,,,,,,,,,,,,,,,137.5,70,,,,,,,,,,,,,,,,,,
2026-07-07T19:00:01.878592+00:00,2026-07-07T19:00:01.878476,1,1,137.0,1.0,136.5,108,,,,,,,,,,,,,,,,,,,137.5,58,,,,,,,,,,,,,,,,,,
2026-07-07T19:00:01.883805+00:00,2026-07-07T19:00:01.883749,2,1,137.15,0.7,136.8,12,136.5,108,,,,,,,,,,,,,,,,,137.5,70,,,,,,,,,,,,,,,,,,
2026-07-07T19:00:02.371205+00:00,2026-07-07T19:00:02.371041,1,1,137.0,1.0,136.5,70,,,,,,,,,,,,,,,,,,,137.5,70,,,,,,,,,,,,,,,,,,
2026-07-07T19:00:02.391892+00:00,2026-07-07T19:00:02.391858,2,1,137.05,0.9,136.6,12,136.5,70,,,,,,,,,,,,,,,,,137.5,58,,,,,,,,,,,,,,,,,,
2026-07-07T19:00:02.397117+00:00,2026-07-07T19:00:02.397021,2,2,137.0,0.8,136.6,12,136.5,70,,,,,,,,,,,,,,,,,137.4,12,137.5,58,,,,,,,,,,,,,,,,
2026-07-07T19:00:02.437936+00:00,2026-07-07T19:00:02.437834,1,2,137.0,0.8,136.6,12,,,,,,,,,,,,,,,,,,,137.4,12,137.5,58,,,,,,,,,,,,,,,,
2026-07-07T19:00:02.498074+00:00,2026-07-07T19:00:02.498158,2,2,137.05,0.7,136.7,150,136.6,12,,,,,,,,,,,,,,,,,137.4,12,137.5,58,,,,,,,,,,,,,,,,
2026-07-07T19:00:02.552774+00:00,2026-07-07T19:00:02.552858,2,3,136.95,0.5,136.7,150,136.6,12,,,,,,,,,,,,,,,,,137.2,150,137.4,12,137.5,58,,,,,,,,,,,,,,
2026-07-07T19:00:02.644110+00:00,2026-07-07T19:00:02.643949,2,2,136.95,0.5,136.7,150,136.6,12,,,,,,,,,,,,,,,,,137.2,150,137.4,12,,,,,,,,,,,,,,,,
2026-07-07T19:00:02.654365+00:00,2026-07-07T19:00:02.654332,1,2,136.95,0.5,136.7,150,,,,,,,,,,,,,,,,,,,137.2,150,137.4,12,,,,,,,,,,,,,,,,
2026-07-07T19:00:02.659503+00:00,2026-07-07T19:00:02.659473,1,1,136.95,0.5,136.7,150,,,,,,,,,,,,,,,,,,,137.2,150,,,,,,,,,,,,,,,,,,
2026-07-07T19:00:02.664659+00:00,2026-07-07T19:00:02.664617,2,1,137.0,0.4,136.8,12,136.7,150,,,,,,,,,,,,,,,,,137.2,150,,,,,,,,,,,,,,,,,,
2026-07-07T19:00:02.669855+00:00,2026-07-07T19:00:02.669765,2,2,137.0,0.4,136.8,12,136.7,150,,,,,,,,,,,,,,,,,137.2,150,137.3,12,,,,,,,,,,,,,,,,
2026-07-07T19:00:02.699888+00:00,2026-07-07T19:00:02.699796,2,2,137.0,0.4,136.8,12,136.7,250,,,,,,,,,,,,,,,,,137.2,150,137.3,12,,,,,,,,,,,,,,,,
2026-07-07T19:00:02.753664+00:00,2026-07-07T19:00:02.753543,2,2,137.0,0.4,136.8,12,136.7,250,,,,,,,,,,,,,,,,,137.2,250,137.3,12,,,,,,,,,,,,,,,,
2026-07-07T19:00:03.425973+00:00,2026-07-07T19:00:03.425863,1,2,136.95,0.5,136.7,250,,,,,,,,,,,,,,,,,,,137.2,250,137.3,12,,,,,,,,,,,,,,,,
2026-07-07T19:00:03.431085+00:00,2026-07-07T19:00:03.431025,1,1,136.95,0.5,136.7,250,,,,,,,,,,,,,,,,,,,137.2,250,,,,,,,,,,,,,,,,,,
2026-07-07T19:00:03.436265+00:00,2026-07-07T19:00:03.436215,2,2,137.05,0.3,136.9,12,136.7,250,,,,,,,,,,,,,,,,,137.2,250,137.4,12,,,,,,,,,,,,,,,,
2026-07-07T19:00:04.481042+00:00,2026-07-07T19:00:04.481135,1,2,136.95,0.5,136.7,250,,,,,,,,,,,,,,,,,,,137.2,250,137.4,12,,,,,,,,,,,,,,,,
2026-07-07T19:00:05.608112+00:00,2026-07-07T19:00:05.608039,1,2,136.95,0.5,136.7,100,,,,,,,,,,,,,,,,,,,137.2,100,137.4,12,,,,,,,,,,,,,,,,
2026-07-07T19:00:05.656381+00:00,2026-07-07T19:00:05.656603,2,2,137.0,0.4,136.8,150,136.7,100,,,,,,,,,,,,,,,,,137.2,100,137.4,12,,,,,,,,,,,,,,,,
2026-07-07T19:00:05.716887+00:00,2026-07-07T19:00:05.716773,2,3,137.0,0.4,136.8,150,136.7,100,,,,,,,,,,,,,,,,,137.2,100,137.3,150,137.4,12,,,,,,,,,,,,,,
2026-07-07T19:00:05.809248+00:00,2026-07-07T19:00:05.809146,1,2,137.05,0.5,136.8,150,,,,,,,,,,,,,,,,,,,137.3,150,137.4,12,,,,,,,,,,,,,,,,
2026-07-07T19:00:05.865550+00:00,2026-07-07T19:00:05.865446,1,2,137.05,0.5,136.8,250,,,,,,,,,,,,,,,,,,,137.3,150,137.4,12,,,,,,,,,,,,,,,,
2026-07-07T19:00:05.919238+00:00,2026-07-07T19:00:05.919167,1,2,137.05,0.5,136.8,250,,,,,,,,,,,,,,,,,,,137.3,250,137.4,12,,,,,,,,,,,,,,,,
2026-07-07T19:00:06.610145+00:00,2026-07-07T19:00:06.609986,1,2,137.05,0.5,136.8,200,,,,,,,,,,,,,,,,,,,137.3,250,137.4,12,,,,,,,,,,,,,,,,
2026-07-07T19:00:06.868127+00:00,2026-07-07T19:00:06.868101,1,2,137.05,0.5,136.8,200,,,,,,,,,,,,,,,,,,,137.3,208,137.4,12,,,,,,,,,,,,,,,,
2026-07-07T19:00:07.209314+00:00,2026-07-07T19:00:07.209209,1,1,137.05,0.5,136.8,200,,,,,,,,,,,,,,,,,,,137.3,208,,,,,,,,,,,,,,,,,,
2026-07-07T19:00:07.214564+00:00,2026-07-07T19:00:07.214430,1,2,137.0,0.4,136.8,212,,,,,,,,,,,,,,,,,,,137.2,12,137.3,208,,,,,,,,,,,,,,,,
2026-07-07T19:00:07.335561+00:00,2026-07-07T19:00:07.335506,1,2,137.0,0.4,136.8,164,,,,,,,,,,,,,,,,,,,137.2,12,137.3,208,,,,,,,,,,,,,,,,
2026-07-07T19:00:08.718341+00:00,2026-07-07T19:00:08.718296,1,2,137.0,0.4,136.8,114,,,,,,,,,,,,,,,,,,,137.2,12,137.3,208,,,,,,,,,,,,,,,,
2026-07-07T19:00:08.771556+00:00,2026-07-07T19:00:08.771683,1,2,137.0,0.4,136.8,112,,,,,,,,,,,,,,,,,,,137.2,12,137.3,100,,,,,,,,,,,,,,,,
2026-07-07T19:00:08.827267+00:00,2026-07-07T19:00:08.827140,2,2,137.0,0.4,136.8,112,136.4,150,,,,,,,,,,,,,,,,,137.2,12,137.3,100,,,,,,,,,,,,,,,,
2026-07-07T19:00:08.885808+00:00,2026-07-07T19:00:08.879177,2,3,136.85,0.1,136.8,112,136.4,150,,,,,,,,,,,,,,,,,136.9,139,137.2,12,137.3,100,,,,,,,,,,,,,,
2026-07-07T19:00:08.974092+00:00,2026-07-07T19:00:08.974027,2,2,136.85,0.1,136.8,12,136.4,150,,,,,,,,,,,,,,,,,136.9,139,137.2,12,,,,,,,,,,,,,,,,
2026-07-07T19:00:09.024998+00:00,2026-07-07T19:00:09.024897,2,2,136.85,0.1,136.8,112,136.4,150,,,,,,,,,,,,,,,,,136.9,139,137.2,12,,,,,,,,,,,,,,,,
2026-07-07T19:00:09.079408+00:00,2026-07-07T19:00:09.079357,2,3,136.85,0.1,136.8,112,136.4,150,,,,,,,,,,,,,,,,,136.9,139,137.2,12,137.3,100,,,,,,,,,,,,,,
2026-07-07T19:00:09.904390+00:00,2026-07-07T19:00:09.904509,2,3,136.85,0.1,136.8,112,136.4,150,,,,,,,,,,,,,,,,,136.9,91,137.2,12,137.3,100,,,,,,,,,,,,,,
2026-07-07T19:00:10.509745+00:00,2026-07-07T19:00:10.509622,2,3,136.85,0.1,136.8,70,136.4,150,,,,,,,,,,,,,,,,,136.9,91,137.2,12,137.3,100,,,,,,,,,,,,,,
2026-07-07T19:00:11.935776+00:00,2026-07-07T19:00:11.935704,1,2,137.0,0.4,136.8,70,,,,,,,,,,,,,,,,,,,137.2,12,137.3,100,,,,,,,,,,,,,,,,
2026-07-07T19:00:11.991076+00:00,2026-07-07T19:00:11.990957,2,2,137.0,0.4,136.8,70,136.5,150,,,,,,,,,,,,,,,,,137.2,12,137.3,100,,,,,,,,,,,,,,,,
2026-07-07T19:00:12.043807+00:00,2026-07-07T19:00:12.043674,2,3,136.9,0.2,136.8,70,136.5,150,,,,,,,,,,,,,,,,,137.0,150,137.2,12,137.3,100,,,,,,,,,,,,,,
2026-07-07T19:00:12.132697+00:00,2026-07-07T19:00:12.132596,1,2,136.75,0.5,136.5,150,,,,,,,,,,,,,,,,,,,137.0,150,137.2,12,,,,,,,,,,,,,,,,
2026-07-07T19:00:12.188673+00:00,2026-07-07T19:00:12.188616,1,2,136.75,0.5,136.5,250,,,,,,,,,,,,,,,,,,,137.0,150,137.2,12,,,,,,,,,,,,,,,,
2026-07-07T19:00:12.239433+00:00,2026-07-07T19:00:12.239390,2,1,136.8,0.4,136.6,12,136.5,250,,,,,,,,,,,,,,,,,137.0,250,,,,,,,,,,,,,,,,,,
2026-07-07T19:00:12.244648+00:00,2026-07-07T19:00:12.244565,2,2,136.8,0.4,136.6,12,136.5,250,,,,,,,,,,,,,,,,,137.0,250,137.1,12,,,,,,,,,,,,,,,,
2026-07-07T19:00:12.817915+00:00,2026-07-07T19:00:12.817793,2,2,136.8,0.4,136.6,12,136.5,250,,,,,,,,,,,,,,,,,137.0,201,137.1,12,,,,,,,,,,,,,,,,
2026-07-07T19:00:12.933118+00:00,2026-07-07T19:00:12.933066,1,2,136.75,0.5,136.5,212,,,,,,,,,,,,,,,,,,,137.0,201,137.1,12,,,,,,,,,,,,,,,,
2026-07-07T19:00:13.506312+00:00,2026-07-07T19:00:13.506203,1,1,136.75,0.5,136.5,212,,,,,,,,,,,,,,,,,,,137.0,201,,,,,,,,,,,,,,,,,,
2026-07-07T19:00:13.511517+00:00,2026-07-07T19:00:13.511424,2,1,136.8,0.4,136.6,1,136.5,212,,,,,,,,,,,,,,,,,137.0,201,,,,,,,,,,,,,,,,,,
2026-07-07T19:00:13.516732+00:00,2026-07-07T19:00:13.516624,2,2,136.8,0.4,136.6,1,136.5,212,,,,,,,,,,,,,,,,,137.0,201,137.2,12,,,,,,,,,,,,,,,,
2026-07-07T19:00:15.009474+00:00,2026-07-07T19:00:15.009377,2,2,136.8,0.4,136.6,1,136.5,212,,,,,,,,,,,,,,,,,137.0,151,137.2,12,,,,,,,,,,,,,,,,
2026-07-07T19:00:15.099307+00:00,2026-07-07T19:00:15.099234,2,2,136.8,0.4,136.6,1,136.5,100,,,,,,,,,,,,,,,,,137.0,100,137.2,12,,,,,,,,,,,,,,,,
2026-07-07T19:00:15.158612+00:00,2026-07-07T19:00:15.154743,3,2,136.9,0.2,136.8,150,136.6,1,136.5,100,,,,,,,,,,,,,,,137.0,100,137.2,12,,,,,,,,,,,,,,,,
2026-07-07T19:00:15.207595+00:00,2026-07-07T19:00:15.207483,3,3,136.9,0.2,136.8,150,136.6,1,136.5,100,,,,,,,,,,,,,,,137.0,100,137.2,12,137.3,150,,,,,,,,,,,,,,
2026-07-07T19:00:15.274783+00:00,2026-07-07T19:00:15.274887,2,3,136.9,0.2,136.8,150,136.5,100,,,,,,,,,,,,,,,,,137.0,100,137.2,12,137.3,150,,,,,,,,,,,,,,
2026-07-07T19:00:15.280282+00:00,2026-07-07T19:00:15.280179,3,2,136.95,0.1,136.9,1,136.8,150,136.5,100,,,,,,,,,,,,,,,137.0,100,137.3,150,,,,,,,,,,,,,,,,
2026-07-07T19:00:15.285449+00:00,2026-07-07T19:00:15.285401,3,2,136.95,0.1,136.9,1,136.8,150,136.5,100,,,,,,,,,,,,,,,137.0,100,137.3,162,,,,,,,,,,,,,,,,
2026-07-07T19:00:15.290589+00:00,2026-07-07T19:00:15.290555,3,1,137.1,0.4,136.9,1,136.8,150,136.5,100,,,,,,,,,,,,,,,137.3,162,,,,,,,,,,,,,,,,,,
2026-07-07T19:00:15.295805+00:00,2026-07-07T19:00:15.295721,2,1,137.1,0.4,136.9,1,136.8,150,,,,,,,,,,,,,,,,,137.3,162,,,,,,,,,,,,,,,,,,
2026-07-07T19:00:15.344742+00:00,2026-07-07T19:00:15.344698,3,1,137.1,0.4,136.9,1,136.8,150,136.7,100,,,,,,,,,,,,,,,137.3,162,,,,,,,,,,,,,,,,,,
2026-07-07T19:00:15.399878+00:00,2026-07-07T19:00:15.399792,3,2,137.05,0.3,136.9,1,136.8,150,136.7,100,,,,,,,,,,,,,,,137.2,100,137.3,162,,,,,,,,,,,,,,,,
2026-07-07T19:00:16.291771+00:00,2026-07-07T19:00:16.291676,2,2,137.0,0.4,136.8,150,136.7,100,,,,,,,,,,,,,,,,,137.2,100,137.3,150,,,,,,,,,,,,,,,,
2026-07-07T19:00:16.296905+00:00,2026-07-07T19:00:16.296874,2,3,136.95,0.3,136.8,151,136.7,100,,,,,,,,,,,,,,,,,137.1,12,137.2,100,137.3,150,,,,,,,,,,,,,,
2026-07-07T19:00:17.804209+00:00,2026-07-07T19:00:17.804042,2,3,136.95,0.3,136.8,150,136.7,100,,,,,,,,,,,,,,,,,137.1,12,137.2,100,137.3,150,,,,,,,,,,,,,,
2026-07-07T19:00:17.814814+00:00,2026-07-07T19:00:17.814667,2,2,137.0,0.4,136.8,150,136.7,100,,,,,,,,,,,,,,,,,137.2,100,137.3,150,,,,,,,,,,,,,,,,
2026-07-07T19:00:17.820081+00:00,2026-07-07T19:00:17.819964,2,2,137.0,0.4,136.8,150,136.7,101,,,,,,,,,,,,,,,,,137.2,100,137.3,150,,,,,,,,,,,,,,,,
2026-07-07T19:00:17.825114+00:00,2026-07-07T19:00:17.825244,2,3,136.9,0.2,136.8,150,136.7,101,,,,,,,,,,,,,,,,,137.0,12,137.2,100,137.3,150,,,,,,,,,,,,,,
2026-07-07T19:00:18.226679+00:00,2026-07-07T19:00:18.226492,2,3,136.9,0.2,136.8,105,136.7,101,,,,,,,,,,,,,,,,,137.0,12,137.2,100,137.3,150,,,,,,,,,,,,,,
2026-07-07T19:00:18.258569+00:00,2026-07-07T19:00:18.258139,1,2,136.85,0.3,136.7,101,,,,,,,,,,,,,,,,,,,137.0,12,137.2,100,,,,,,,,,,,,,,,,
2026-07-07T19:00:18.318060+00:00,2026-07-07T19:00:18.317930,2,2,136.85,0.3,136.7,101,136.4,150,,,,,,,,,,,,,,,,,137.0,12,137.2,100,,,,,,,,,,,,,,,,
2026-07-07T19:00:18.371734+00:00,2026-07-07T19:00:18.371622,2,3,136.8,0.2,136.7,101,136.4,150,,,,,,,,,,,,,,,,,136.9,150,137.0,12,137.2,100,,,,,,,,,,,,,,
2026-07-07T19:00:18.458664+00:00,2026-07-07T19:00:18.455122,2,2,136.8,0.2,136.7,1,136.4,150,,,,,,,,,,,,,,,,,136.9,150,137.0,12,,,,,,,,,,,,,,,,
2026-07-07T19:00:18.512006+00:00,2026-07-07T19:00:18.511939,3,2,136.8,0.2,136.7,1,136.5,100,136.4,150,,,,,,,,,,,,,,,136.9,150,137.0,12,,,,,,,,,,,,,,,,
2026-07-07T19:00:18.567649+00:00,2026-07-07T19:00:18.567618,3,2,136.8,0.2,136.7,1,136.5,100,136.4,150,,,,,,,,,,,,,,,136.9,250,137.0,12,,,,,,,,,,,,,,,,
2026-07-07T19:00:19.229286+00:00,2026-07-07T19:00:19.229255,3,2,136.8,0.2,136.7,1,136.5,100,136.4,150,,,,,,,,,,,,,,,136.9,200,137.0,12,,,,,,,,,,,,,,,,
2026-07-07T19:00:21.336670+00:00,2026-07-07T19:00:21.336498,3,2,136.8,0.2,136.7,1,136.5,100,136.4,150,,,,,,,,,,,,,,,136.9,150,137.0,12,,,,,,,,,,,,,,,,
2026-07-07T19:00:21.425561+00:00,2026-07-07T19:00:21.425481,2,2,136.8,0.2,136.7,1,136.5,100,,,,,,,,,,,,,,,,,136.9,100,137.0,12,,,,,,,,,,,,,,,,
2026-07-07T19:00:21.479245+00:00,2026-07-07T19:00:21.479411,3,0,,,137.0,38,136.7,1,136.5,100,,,,,,,,,,,,,,,,,,,,,,,,,,,,,,,,,,
2026-07-07T19:00:21.544964+00:00,2026-07-07T19:00:21.538737,3,1,137.25,0.5,137.0,27,136.7,1,136.5,100,,,,,,,,,,,,,,,137.5,150,,,,,,,,,,,,,,,,,,
2026-07-07T19:00:21.587263+00:00,2026-07-07T19:00:21.587426,3,1,137.25,0.5,137.0,27,136.8,12,136.5,100,,,,,,,,,,,,,,,137.5,150,,,,,,,,,,,,,,,,,,
2026-07-07T19:00:21.592743+00:00,2026-07-07T19:00:21.592616,3,2,137.2,0.4,137.0,27,136.8,12,136.5,100,,,,,,,,,,,,,,,137.4,12,137.5,150,,,,,,,,,,,,,,,,
2026-07-07T19:00:21.619858+00:00,2026-07-07T19:00:21.619778,2,2,137.2,0.4,137.0,27,136.8,12,,,,,,,,,,,,,,,,,137.4,12,137.5,150,,,,,,,,,,,,,,,,
2026-07-07T19:00:21.673320+00:00,2026-07-07T19:00:21.673199,3,2,137.2,0.4,137.0,27,136.9,100,136.8,12,,,,,,,,,,,,,,,137.4,12,137.5,150,,,,,,,,,,,,,,,,
2026-07-07T19:00:21.743510+00:00,2026-07-07T19:00:21.743352,3,2,137.2,0.4,137.0,27,136.9,100,136.8,12,,,,,,,,,,,,,,,137.4,112,137.5,150,,,,,,,,,,,,,,,,
2026-07-07T19:00:22.714641+00:00,2026-07-07T19:00:22.714505,3,2,137.2,0.4,137.0,27,136.9,100,136.8,12,,,,,,,,,,,,,,,137.4,71,137.5,150,,,,,,,,,,,,,,,,
2026-07-07T19:00:23.494779+00:00,2026-07-07T19:00:23.494633,2,2,137.15,0.5,136.9,77,136.8,12,,,,,,,,,,,,,,,,,137.4,71,137.5,150,,,,,,,,,,,,,,,,
2026-07-07T19:00:24.588275+00:00,2026-07-07T19:00:24.588218,2,1,137.15,0.5,136.9,77,136.8,12,,,,,,,,,,,,,,,,,137.4,71,,,,,,,,,,,,,,,,,,
2026-07-07T19:00:24.641248+00:00,2026-07-07T19:00:24.641196,3,1,137.15,0.5,136.9,77,136.8,12,136.4,150,,,,,,,,,,,,,,,137.4,71,,,,,,,,,,,,,,,,,,
2026-07-07T19:00:24.695256+00:00,2026-07-07T19:00:24.695430,2,2,136.85,0.1,136.8,12,136.4,150,,,,,,,,,,,,,,,,,136.9,73,137.4,71,,,,,,,,,,,,,,,,
2026-07-07T19:00:24.794313+00:00,2026-07-07T19:00:24.794140,2,1,136.85,0.1,136.8,12,136.4,150,,,,,,,,,,,,,,,,,136.9,73,,,,,,,,,,,,,,,,,,
2026-07-07T19:00:24.847828+00:00,2026-07-07T19:00:24.847719,3,1,136.85,0.1,136.8,12,136.7,100,136.4,150,,,,,,,,,,,,,,,136.9,73,,,,,,,,,,,,,,,,,,
2026-07-07T19:00:24.863426+00:00,2026-07-07T19:00:24.863392,3,1,136.85,0.1,136.8,12,136.7,100,136.4,150,,,,,,,,,,,,,,,136.9,73,,,,,,,,,,,,,,,,,,
2026-07-07T19:00:24.868474+00:00,2026-07-07T19:00:24.868620,3,2,136.85,0.1,136.8,12,136.7,100,136.4,150,,,,,,,,,,,,,,,136.9,73,137.2,12,,,,,,,,,,,,,,,,
2026-07-07T19:00:24.899983+00:00,2026-07-07T19:00:24.900104,3,2,136.85,0.1,136.8,12,136.7,100,136.4,150,,,,,,,,,,,,,,,136.9,73,137.2,112,,,,,,,,,,,,,,,,
2026-07-07T19:00:25.108626+00:00,2026-07-07T19:00:25.100998,3,2,136.85,0.1,136.8,12,136.7,100,136.4,150,,,,,,,,,,,,,,,136.9,62,137.2,112,,,,,,,,,,,,,,,,
2026-07-07T19:00:25.124379+00:00,2026-07-07T19:00:25.124225,2,2,136.8,0.2,136.7,100,136.4,150,,,,,,,,,,,,,,,,,136.9,62,137.2,100,,,,,,,,,,,,,,,,
2026-07-07T19:00:25.129611+00:00,2026-07-07T19:00:25.129499,2,2,136.8,0.2,136.7,100,136.4,150,,,,,,,,,,,,,,,,,136.9,50,137.2,100,,,,,,,,,,,,,,,,
2026-07-07T19:00:25.134760+00:00,2026-07-07T19:00:25.134676,2,3,136.8,0.2,136.7,100,136.4,150,,,,,,,,,,,,,,,,,136.9,50,137.2,100,137.3,12,,,,,,,,,,,,,,
2026-07-07T19:00:25.603788+00:00,2026-07-07T19:00:25.603671,2,3,136.8,0.2,136.7,50,136.4,150,,,,,,,,,,,,,,,,,136.9,50,137.2,100,137.3,12,,,,,,,,,,,,,,
2026-07-07T19:00:25.775733+00:00,2026-07-07T19:00:25.775696,2,3,136.8,0.2,136.7,50,136.4,150,,,,,,,,,,,,,,,,,136.9,6,137.2,100,137.3,12,,,,,,,,,,,,,,
2026-07-07T19:00:26.887445+00:00,2026-07-07T19:00:26.887778,2,2,136.95,0.5,136.7,50,136.4,150,,,,,,,,,,,,,,,,,137.2,100,137.3,12,,,,,,,,,,,,,,,,
2026-07-07T19:00:27.749040+00:00,2026-07-07T19:00:27.748953,1,2,136.95,0.5,136.7,50,,,,,,,,,,,,,,,,,,,137.2,100,137.3,12,,,,,,,,,,,,,,,,
2026-07-07T19:00:27.796600+00:00,2026-07-07T19:00:27.796549,1,2,136.95,0.5,136.7,6,,,,,,,,,,,,,,,,,,,137.2,100,137.3,12,,,,,,,,,,,,,,,,
2026-07-07T19:00:27.807098+00:00,2026-07-07T19:00:27.807046,2,1,137.25,0.1,137.2,50,136.7,6,,,,,,,,,,,,,,,,,137.3,12,,,,,,,,,,,,,,,,,,
2026-07-07T19:00:27.828299+00:00,2026-07-07T19:00:27.821668,2,1,137.25,0.1,137.2,39,136.7,6,,,,,,,,,,,,,,,,,137.3,12,,,,,,,,,,,,,,,,,,
2026-07-07T19:00:27.865333+00:00,2026-07-07T19:00:27.857263,2,2,137.25,0.1,137.2,39,136.7,6,,,,,,,,,,,,,,,,,137.3,12,137.7,150,,,,,,,,,,,,,,,,
2026-07-07T19:00:27.899984+00:00,2026-07-07T19:00:27.899866,3,1,137.45,0.5,137.2,39,137.1,12,136.7,6,,,,,,,,,,,,,,,137.7,150,,,,,,,,,,,,,,,,,,
2026-07-07T19:00:27.910499+00:00,2026-07-07T19:00:27.910378,3,2,137.3,0.2,137.2,39,137.1,12,136.7,6,,,,,,,,,,,,,,,137.4,12,137.7,150,,,,,,,,,,,,,,,,
2026-07-07T19:00:27.956045+00:00,2026-07-07T19:00:27.955914,2,2,137.3,0.2,137.2,39,137.1,12,,,,,,,,,,,,,,,,,137.4,12,137.7,150,,,,,,,,,,,,,,,,
2026-07-07T19:00:28.005657+00:00,2026-07-07T19:00:27.999806,3,2,137.3,0.2,137.2,39,137.1,12,136.9,100,,,,,,,,,,,,,,,137.4,12,137.7,150,,,,,,,,,,,,,,,,
2026-07-07T19:00:28.063687+00:00,2026-07-07T19:00:28.063799,3,2,137.3,0.2,137.2,39,137.1,12,136.9,100,,,,,,,,,,,,,,,137.4,112,137.7,150,,,,,,,,,,,,,,,,
2026-07-07T19:00:28.395176+00:00,2026-07-07T19:00:28.395272,3,2,137.3,0.2,137.2,39,137.1,12,136.9,100,,,,,,,,,,,,,,,137.4,68,137.7,150,,,,,,,,,,,,,,,,
2026-07-07T19:00:29.169124+00:00,2026-07-07T19:00:29.169030,2,2,137.3,0.2,137.2,39,136.9,100,,,,,,,,,,,,,,,,,137.4,68,137.7,150,,,,,,,,,,,,,,,,
2026-07-07T19:00:29.174315+00:00,2026-07-07T19:00:29.174262,2,3,137.3,0.2,137.2,51,136.9,100,,,,,,,,,,,,,,,,,137.4,68,137.5,12,137.7,150,,,,,,,,,,,,,,
2026-07-07T19:00:29.556283+00:00,2026-07-07T19:00:29.556219,2,3,137.3,0.2,137.2,6,136.9,100,,,,,,,,,,,,,,,,,137.4,68,137.5,12,137.7,150,,,,,,,,,,,,,,
2026-07-07T19:00:29.817518+00:00,2026-07-07T19:00:29.817391,1,3,137.15,0.5,136.9,100,,,,,,,,,,,,,,,,,,,137.4,68,137.5,12,137.7,150,,,,,,,,,,,,,,
2026-07-07T19:00:29.936216+00:00,2026-07-07T19:00:29.936163,1,2,137.15,0.5,136.9,100,,,,,,,,,,,,,,,,,,,137.4,68,137.7,150,,,,,,,,,,,,,,,,
2026-07-07T19:00:29.941482+00:00,2026-07-07T19:00:29.941451,2,3,137.2,0.4,137.0,12,136.9,100,,,,,,,,,,,,,,,,,137.4,68,137.5,12,137.7,150,,,,,,,,,,,,,,
2026-07-07T19:00:30.458625+00:00,2026-07-07T19:00:30.454188,2,2,137.25,0.3,137.1,12,136.9,100,,,,,,,,,,,,,,,,,137.4,68,137.7,150,,,,,,,,,,,,,,,,
2026-07-07T19:00:30.469177+00:00,2026-07-07T19:00:30.468974,2,2,137.25,0.3,137.1,12,136.9,100,,,,,,,,,,,,,,,,,137.4,80,137.7,150,,,,,,,,,,,,,,,,
2026-07-07T19:00:30.654345+00:00,2026-07-07T19:00:30.654269,2,2,137.25,0.3,137.1,12,136.9,100,,,,,,,,,,,,,,,,,137.4,37,137.7,150,,,,,,,,,,,,,,,,
2026-07-07T19:00:30.920733+00:00,2026-07-07T19:00:30.920653,2,1,137.25,0.3,137.1,12,136.9,100,,,,,,,,,,,,,,,,,137.4,37,,,,,,,,,,,,,,,,,,
2026-07-07T19:00:30.970241+00:00,2026-07-07T19:00:30.970204,3,1,137.25,0.3,137.1,12,136.9,100,136.6,150,,,,,,,,,,,,,,,137.4,37,,,,,,,,,,,,,,,,,,
2026-07-07T19:00:31.034794+00:00,2026-07-07T19:00:31.034672,2,2,137.0,0.2,136.9,100,136.6,150,,,,,,,,,,,,,,,,,137.1,138,137.4,37,,,,,,,,,,,,,,,,
2026-07-07T19:00:31.118367+00:00,2026-07-07T19:00:31.118279,1,2,136.85,0.5,136.6,150,,,,,,,,,,,,,,,,,,,137.1,138,137.4,12,,,,,,,,,,,,,,,,
2026-07-07T19:00:31.174703+00:00,2026-07-07T19:00:31.174589,1,2,136.85,0.5,136.6,150,,,,,,,,,,,,,,,,,,,137.1,38,137.4,12,,,,,,,,,,,,,,,,
2026-07-07T19:00:31.190103+00:00,2026-07-07T19:00:31.190187,1,1,137.0,0.8,136.6,150,,,,,,,,,,,,,,,,,,,137.4,12,,,,,,,,,,,,,,,,,,
2026-07-07T19:00:31.226388+00:00,2026-07-07T19:00:31.226277,2,0,,,136.7,1,136.6,150,,,,,,,,,,,,,,,,,,,,,,,,,,,,,,,,,,,,
2026-07-07T19:00:31.231723+00:00,2026-07-07T19:00:31.231605,2,2,137.1,0.8,136.7,1,136.6,150,,,,,,,,,,,,,,,,,137.5,12,137.7,100,,,,,,,,,,,,,,,,
2026-07-07T19:00:31.490561+00:00,2026-07-07T19:00:31.490449,1,2,137.05,0.9,136.6,150,,,,,,,,,,,,,,,,,,,137.5,12,137.7,100,,,,,,,,,,,,,,,,
2026-07-07T19:00:31.495726+00:00,2026-07-07T19:00:31.495689,1,1,137.15,1.1,136.6,150,,,,,,,,,,,,,,,,,,,137.7,100,,,,,,,,,,,,,,,,,,
2026-07-07T19:00:31.500973+00:00,2026-07-07T19:00:31.500941,2,2,137.1,0.6,136.8,1,136.6,150,,,,,,,,,,,,,,,,,137.4,12,137.7,100,,,,,,,,,,,,,,,,
2026-07-07T19:00:31.874607+00:00,2026-07-07T19:00:31.874813,2,1,137.25,0.9,136.8,1,136.6,150,,,,,,,,,,,,,,,,,137.7,100,,,,,,,,,,,,,,,,,,
2026-07-07T19:00:32.010497+00:00,2026-07-07T19:00:32.010626,1,1,137.15,1.1,136.6,150,,,,,,,,,,,,,,,,,,,137.7,100,,,,,,,,,,,,,,,,,,
2026-07-07T19:00:32.052543+00:00,2026-07-07T19:00:32.052685,2,1,137.3,0.8,136.9,12,136.6,150,,,,,,,,,,,,,,,,,137.7,100,,,,,,,,,,,,,,,,,,
2026-07-07T19:00:32.058596+00:00,2026-07-07T19:00:32.057865,2,2,137.25,0.7,136.9,12,136.6,150,,,,,,,,,,,,,,,,,137.6,12,137.7,100,,,,,,,,,,,,,,,,
2026-07-07T19:00:32.318731+00:00,2026-07-07T19:00:32.318591,1,2,137.1,1.0,136.6,150,,,,,,,,,,,,,,,,,,,137.6,12,137.7,100,,,,,,,,,,,,,,,,
2026-07-07T19:00:32.323970+00:00,2026-07-07T19:00:32.323928,2,1,137.35,0.7,137.0,12,136.6,150,,,,,,,,,,,,,,,,,137.7,100,,,,,,,,,,,,,,,,,,
2026-07-07T19:00:32.329210+00:00,2026-07-07T19:00:32.329108,2,2,137.25,0.5,137.0,12,136.6,150,,,,,,,,,,,,,,,,,137.5,12,137.7,100,,,,,,,,,,,,,,,,
2026-07-07T19:00:33.984943+00:00,2026-07-07T19:00:33.984905,2,1,137.35,0.7,137.0,12,136.6,150,,,,,,,,,,,,,,,,,137.7,62,,,,,,,,,,,,,,,,,,
2026-07-07T19:00:34.083684+00:00,2026-07-07T19:00:34.083597,1,1,137.15,1.1,136.6,150,,,,,,,,,,,,,,,,,,,137.7,62,,,,,,,,,,,,,,,,,,
2026-07-07T19:00:34.088945+00:00,2026-07-07T19:00:34.088841,1,1,137.35,0.7,137.0,12,,,,,,,,,,,,,,,,,,,137.7,62,,,,,,,,,,,,,,,,,,
2026-07-07T19:00:34.094173+00:00,2026-07-07T19:00:34.094032,1,2,137.3,0.6,137.0,12,,,,,,,,,,,,,,,,,,,137.6,12,137.7,62,,,,,,,,,,,,,,,,
2026-07-07T19:00:34.146579+00:00,2026-07-07T19:00:34.146452,1,2,137.3,0.6,137.0,162,,,,,,,,,,,,,,,,,,,137.6,12,137.7,62,,,,,,,,,,,,,,,,
2026-07-07T19:00:34.199557+00:00,2026-07-07T19:00:34.199437,1,3,137.25,0.5,137.0,162,,,,,,,,,,,,,,,,,,,137.5,150,137.6,12,137.7,62,,,,,,,,,,,,,,
2026-07-07T19:00:34.286573+00:00,2026-07-07T19:00:34.286457,1,2,137.25,0.5,137.0,162,,,,,,,,,,,,,,,,,,,137.5,150,137.6,12,,,,,,,,,,,,,,,,
2026-07-07T19:00:34.339582+00:00,2026-07-07T19:00:34.339515,2,2,137.25,0.5,137.0,162,136.7,100,,,,,,,,,,,,,,,,,137.5,150,137.6,12,,,,,,,,,,,,,,,,
2026-07-07T19:00:34.393779+00:00,2026-07-07T19:00:34.393564,2,3,137.1,0.2,137.0,162,136.7,100,,,,,,,,,,,,,,,,,137.2,100,137.5,150,137.6,12,,,,,,,,,,,,,,
2026-07-07T19:00:34.614629+00:00,2026-07-07T19:00:34.614555,2,3,137.1,0.2,137.0,150,136.7,100,,,,,,,,,,,,,,,,,137.2,100,137.5,150,137.6,12,,,,,,,,,,,,,,
2026-07-07T19:00:34.630317+00:00,2026-07-07T19:00:34.630243,2,2,137.1,0.2,137.0,150,136.7,100,,,,,,,,,,,,,,,,,137.2,100,137.5,150,,,,,,,,,,,,,,,,
2026-07-07T19:00:34.635634+00:00,2026-07-07T19:00:34.635536,3,2,137.15,0.1,137.1,12,137.0,150,136.7,100,,,,,,,,,,,,,,,137.2,100,137.5,150,,,,,,,,,,,,,,,,
2026-07-07T19:00:34.640828+00:00,2026-07-07T19:00:34.640730,3,3,137.15,0.1,137.1,12,137.0,150,136.7,100,,,,,,,,,,,,,,,137.2,100,137.4,12,137.5,150,,,,,,,,,,,,,,
2026-07-07T19:00:36.094237+00:00,2026-07-07T19:00:36.094377,3,3,137.15,0.1,137.1,12,137.0,150,136.7,100,,,,,,,,,,,,,,,137.2,50,137.4,12,137.5,150,,,,,,,,,,,,,,
2026-07-07T19:00:37.253760+00:00,2026-07-07T19:00:37.253657,2,2,137.15,0.1,137.1,12,136.7,100,,,,,,,,,,,,,,,,,137.2,50,137.4,12,,,,,,,,,,,,,,,,
2026-07-07T19:00:37.310052+00:00,2026-07-07T19:00:37.309989,3,1,137.3,0.2,137.2,100,137.1,12,136.7,100,,,,,,,,,,,,,,,137.4,12,,,,,,,,,,,,,,,,,,
2026-07-07T19:00:37.364695+00:00,2026-07-07T19:00:37.364594,3,2,137.3,0.2,137.2,100,137.1,12,136.7,100,,,,,,,,,,,,,,,137.4,12,137.7,150,,,,,,,,,,,,,,,,
2026-07-07T19:00:37.397127+00:00,2026-07-07T19:00:37.397008,2,2,137.3,0.2,137.2,100,136.7,100,,,,,,,,,,,,,,,,,137.4,12,137.7,150,,,,,,,,,,,,,,,,
2026-07-07T19:00:37.402262+00:00,2026-07-07T19:00:37.402221,2,1,137.45,0.5,137.2,112,136.7,100,,,,,,,,,,,,,,,,,137.7,150,,,,,,,,,,,,,,,,,,
2026-07-07T19:00:37.407484+00:00,2026-07-07T19:00:37.407402,2,2,137.35,0.3,137.2,112,136.7,100,,,,,,,,,,,,,,,,,137.5,12,137.7,150,,,,,,,,,,,,,,,,
2026-07-07T19:00:37.447835+00:00,2026-07-07T19:00:37.447762,1,2,137.35,0.3,137.2,112,,,,,,,,,,,,,,,,,,,137.5,12,137.7,150,,,,,,,,,,,,,,,,
2026-07-07T19:00:37.495840+00:00,2026-07-07T19:00:37.495806,1,2,137.35,0.3,137.2,212,,,,,,,,,,,,,,,,,,,137.5,12,137.7,150,,,,,,,,,,,,,,,,
2026-07-07T19:00:37.558618+00:00,2026-07-07T19:00:37.552591,1,2,137.35,0.3,137.2,212,,,,,,,,,,,,,,,,,,,137.5,12,137.7,250,,,,,,,,,,,,,,,,
2026-07-07T19:00:38.201809+00:00,2026-07-07T19:00:38.201647,1,1,137.45,0.5,137.2,212,,,,,,,,,,,,,,,,,,,137.7,212,,,,,,,,,,,,,,,,,,
2026-07-07T19:00:39.903803+00:00,2026-07-07T19:00:39.903699,1,1,137.45,0.5,137.2,172,,,,,,,,,,,,,,,,,,,137.7,212,,,,,,,,,,,,,,,,,,
2026-07-07T19:00:40.311699+00:00,2026-07-07T19:00:40.311671,1,1,137.45,0.5,137.2,172,,,,,,,,,,,,,,,,,,,137.7,162,,,,,,,,,,,,,,,,,,
2026-07-07T19:00:40.419979+00:00,2026-07-07T19:00:40.419851,1,1,137.45,0.5,137.2,112,,,,,,,,,,,,,,,,,,,137.7,100,,,,,,,,,,,,,,,,,,
2026-07-07T19:00:40.475210+00:00,2026-07-07T19:00:40.475100,1,1,137.45,0.5,137.2,262,,,,,,,,,,,,,,,,,,,137.7,100,,,,,,,,,,,,,,,,,,
2026-07-07T19:00:40.527622+00:00,2026-07-07T19:00:40.527725,1,1,137.45,0.5,137.2,262,,,,,,,,,,,,,,,,,,,137.7,250,,,,,,,,,,,,,,,,,,
2026-07-07T19:00:40.601170+00:00,2026-07-07T19:00:40.601073,1,1,137.45,0.5,137.2,262,,,,,,,,,,,,,,,,,,,137.7,150,,,,,,,,,,,,,,,,,,
2026-07-07T19:00:40.606185+00:00,2026-07-07T19:00:40.606260,1,1,137.45,0.5,137.2,162,,,,,,,,,,,,,,,,,,,137.7,150,,,,,,,,,,,,,,,,,,
2026-07-07T19:00:40.658631+00:00,2026-07-07T19:00:40.655734,1,1,137.45,0.5,137.2,262,,,,,,,,,,,,,,,,,,,137.7,150,,,,,,,,,,,,,,,,,,
2026-07-07T19:00:40.714323+00:00,2026-07-07T19:00:40.714272,1,1,137.45,0.5,137.2,262,,,,,,,,,,,,,,,,,,,137.7,250,,,,,,,,,,,,,,,,,,
2026-07-07T19:00:42.420219+00:00,2026-07-07T19:00:42.420101,1,1,137.45,0.5,137.2,262,,,,,,,,,,,,,,,,,,,137.7,200,,,,,,,,,,,,,,,,,,
2026-07-07T19:00:43.580608+00:00,2026-07-07T19:00:43.580723,1,1,137.45,0.5,137.2,112,,,,,,,,,,,,,,,,,,,137.7,100,,,,,,,,,,,,,,,,,,
2026-07-07T19:00:43.635444+00:00,2026-07-07T19:00:43.635627,2,1,137.55,0.3,137.4,150,137.2,112,,,,,,,,,,,,,,,,,137.7,100,,,,,,,,,,,,,,,,,,
2026-07-07T19:00:43.647454+00:00,2026-07-07T19:00:43.640439,2,1,137.55,0.3,137.4,139,137.2,112,,,,,,,,,,,,,,,,,137.7,100,,,,,,,,,,,,,,,,,,
2026-07-07T19:00:43.689960+00:00,2026-07-07T19:00:43.689725,2,2,137.55,0.3,137.4,139,137.2,112,,,,,,,,,,,,,,,,,137.7,100,137.9,150,,,,,,,,,,,,,,,,
2026-07-07T19:00:43.769248+00:00,2026-07-07T19:00:43.769143,2,1,137.65,0.5,137.4,139,137.2,12,,,,,,,,,,,,,,,,,137.9,150,,,,,,,,,,,,,,,,,,
2026-07-07T19:00:43.825262+00:00,2026-07-07T19:00:43.825191,3,1,137.65,0.5,137.4,139,137.3,100,137.2,12,,,,,,,,,,,,,,,137.9,150,,,,,,,,,,,,,,,,,,
2026-07-07T19:00:43.878492+00:00,2026-07-07T19:00:43.878429,3,2,137.6,0.4,137.4,139,137.3,100,137.2,12,,,,,,,,,,,,,,,137.8,100,137.9,150,,,,,,,,,,,,,,,,
2026-07-07T19:00:43.932686+00:00,2026-07-07T19:00:43.932653,2,2,137.6,0.4,137.4,139,137.3,100,,,,,,,,,,,,,,,,,137.8,100,137.9,150,,,,,,,,,,,,,,,,
2026-07-07T19:00:43.937746+00:00,2026-07-07T19:00:43.937884,2,3,137.55,0.3,137.4,139,137.3,112,,,,,,,,,,,,,,,,,137.7,12,137.8,100,137.9,150,,,,,,,,,,,,,,
2026-07-07T19:00:44.568725+00:00,2026-07-07T19:00:44.568976,2,2,137.6,0.4,137.4,139,137.3,112,,,,,,,,,,,,,,,,,137.8,62,137.9,150,,,,,,,,,,,,,,,,
2026-07-07T19:00:44.802801+00:00,2026-07-07T19:00:44.796289,2,2,137.6,0.4,137.4,127,137.3,112,,,,,,,,,,,,,,,,,137.8,62,137.9,150,,,,,,,,,,,,,,,,
2026-07-07T19:00:45.201818+00:00,2026-07-07T19:00:45.201771,2,2,137.6,0.4,137.4,127,137.3,100,,,,,,,,,,,,,,,,,137.8,62,137.9,150,,,,,,,,,,,,,,,,
2026-07-07T19:00:45.207081+00:00,2026-07-07T19:00:45.206994,3,3,137.55,0.3,137.4,127,137.3,100,137.2,12,,,,,,,,,,,,,,,137.7,12,137.8,62,137.9,150,,,,,,,,,,,,,,
2026-07-07T19:00:45.293062+00:00,2026-07-07T19:00:45.292992,3,3,137.55,0.3,137.4,83,137.3,100,137.2,12,,,,,,,,,,,,,,,137.7,12,137.8,62,137.9,150,,,,,,,,,,,,,,
2026-07-07T19:00:46.640673+00:00,2026-07-07T19:00:46.640525,3,2,137.6,0.4,137.4,83,137.3,100,137.2,12,,,,,,,,,,,,,,,137.8,24,137.9,150,,,,,,,,,,,,,,,,
2026-07-07T19:00:46.743608+00:00,2026-07-07T19:00:46.743531,2,1,137.55,0.5,137.3,100,137.2,12,,,,,,,,,,,,,,,,,137.8,24,,,,,,,,,,,,,,,,,,
2026-07-07T19:00:46.799074+00:00,2026-07-07T19:00:46.798926,3,1,137.55,0.5,137.3,100,137.2,12,137.1,150,,,,,,,,,,,,,,,137.8,24,,,,,,,,,,,,,,,,,,
2026-07-07T19:00:46.858696+00:00,2026-07-07T19:00:46.858647,3,2,137.45,0.3,137.3,100,137.2,12,137.1,150,,,,,,,,,,,,,,,137.6,150,137.8,24,,,,,,,,,,,,,,,,
2026-07-07T19:00:46.927022+00:00,2026-07-07T19:00:46.926918,3,1,137.45,0.3,137.3,100,137.2,12,137.1,150,,,,,,,,,,,,,,,137.6,104,,,,,,,,,,,,,,,,,,
2026-07-07T19:00:46.932220+00:00,2026-07-07T19:00:46.932105,2,1,137.4,0.4,137.2,12,137.1,150,,,,,,,,,,,,,,,,,137.6,104,,,,,,,,,,,,,,,,,,
2026-07-07T19:00:46.971217+00:00,2026-07-07T19:00:46.971131,2,1,137.4,0.4,137.2,12,137.1,150,,,,,,,,,,,,,,,,,137.6,104,,,,,,,,,,,,,,,,,,
2026-07-07T19:00:46.976397+00:00,2026-07-07T19:00:46.976323,2,1,137.4,0.4,137.2,12,137.1,150,,,,,,,,,,,,,,,,,137.6,116,,,,,,,,,,,,,,,,,,
2026-07-07T19:00:46.981520+00:00,2026-07-07T19:00:46.981492,3,1,137.55,0.1,137.5,100,137.2,12,137.1,150,,,,,,,,,,,,,,,137.6,116,,,,,,,,,,,,,,,,,,
2026-07-07T19:00:46.992955+00:00,2026-07-07T19:00:46.985978,3,1,137.55,0.1,137.5,89,137.2,12,137.1,150,,,,,,,,,,,,,,,137.6,116,,,,,,,,,,,,,,,,,,
2026-07-07T19:00:47.038336+00:00,2026-07-07T19:00:47.038306,3,2,137.55,0.1,137.5,89,137.2,12,137.1,150,,,,,,,,,,,,,,,137.6,116,138.0,100,,,,,,,,,,,,,,,,
2026-07-07T19:00:48.501518+00:00,2026-07-07T19:00:48.501455,3,2,137.55,0.1,137.5,46,137.2,12,137.1,150,,,,,,,,,,,,,,,137.6,116,138.0,100,,,,,,,,,,,,,,,,
2026-07-07T19:00:48.751914+00:00,2026-07-07T19:00:48.752002,3,2,137.55,0.1,137.5,46,137.2,12,137.1,150,,,,,,,,,,,,,,,137.6,66,138.0,100,,,,,,,,,,,,,,,,
2026-07-07T19:00:49.012436+00:00,2026-07-07T19:00:49.012358,2,2,137.4,0.4,137.2,9,137.1,150,,,,,,,,,,,,,,,,,137.6,66,138.0,100,,,,,,,,,,,,,,,,
2026-07-07T19:00:49.905042+00:00,2026-07-07T19:00:49.904988,1,2,137.4,0.4,137.2,9,,,,,,,,,,,,,,,,,,,137.6,12,138.0,100,,,,,,,,,,,,,,,,
2026-07-07T19:00:49.958617+00:00,2026-07-07T19:00:49.953936,2,1,137.8,0.4,137.6,138,137.2,9,,,,,,,,,,,,,,,,,138.0,100,,,,,,,,,,,,,,,,,,
2026-07-07T19:00:49.990895+00:00,2026-07-07T19:00:49.990872,1,1,137.8,0.4,137.6,138,,,,,,,,,,,,,,,,,,,138.0,100,,,,,,,,,,,,,,,,,,
2026-07-07T19:00:49.995958+00:00,2026-07-07T19:00:49.996075,2,2,137.75,0.3,137.6,138,137.3,12,,,,,,,,,,,,,,,,,137.9,12,138.0,100,,,,,,,,,,,,,,,,
2026-07-07T19:00:50.013643+00:00,2026-07-07T19:00:50.013611,2,3,137.75,0.3,137.6,138,137.3,12,,,,,,,,,,,,,,,,,137.9,12,138.0,100,138.1,150,,,,,,,,,,,,,,
2026-07-07T19:00:50.093062+00:00,2026-07-07T19:00:50.093009,2,2,137.75,0.3,137.6,138,137.3,12,,,,,,,,,,,,,,,,,137.9,12,138.1,150,,,,,,,,,,,,,,,,
2026-07-07T19:00:50.146695+00:00,2026-07-07T19:00:50.146614,2,2,137.75,0.3,137.6,138,137.3,112,,,,,,,,,,,,,,,,,137.9,12,138.1,150,,,,,,,,,,,,,,,,
2026-07-07T19:00:50.207774+00:00,2026-07-07T19:00:50.207732,2,3,137.7,0.2,137.6,138,137.3,112,,,,,,,,,,,,,,,,,137.8,100,137.9,12,138.1,150,,,,,,,,,,,,,,
2026-07-07T19:00:50.458689+00:00,2026-07-07T19:00:50.454899,2,3,137.7,0.2,137.6,98,137.3,112,,,,,,,,,,,,,,,,,137.8,100,137.9,12,138.1,150,,,,,,,,,,,,,,
2026-07-07T19:00:50.858682+00:00,2026-07-07T19:00:50.855528,2,3,137.7,0.2,137.6,98,137.3,112,,,,,,,,,,,,,,,,,137.8,50,137.9,12,138.1,150,,,,,,,,,,,,,,
2026-07-07T19:00:51.758637+00:00,2026-07-07T19:00:51.757224,2,2,137.7,0.2,137.6,98,137.3,100,,,,,,,,,,,,,,,,,137.8,50,138.1,150,,,,,,,,,,,,,,,,
2026-07-07T19:00:51.768901+00:00,2026-07-07T19:00:51.768847,3,2,137.7,0.2,137.6,98,137.4,12,137.3,100,,,,,,,,,,,,,,,137.8,62,138.1,150,,,,,,,,,,,,,,,,
2026-07-07T19:00:52.964912+00:00,2026-07-07T19:00:52.964835,3,2,137.7,0.2,137.6,98,137.4,12,137.3,100,,,,,,,,,,,,,,,137.8,12,138.1,150,,,,,,,,,,,,,,,,
2026-07-07T19:00:53.027518+00:00,2026-07-07T19:00:53.027400,2,1,137.85,0.5,137.6,98,137.3,100,,,,,,,,,,,,,,,,,138.1,150,,,,,,,,,,,,,,,,,,
2026-07-07T19:00:53.032719+00:00,2026-07-07T19:00:53.032619,2,2,137.75,0.3,137.6,110,137.3,100,,,,,,,,,,,,,,,,,137.9,12,138.1,150,,,,,,,,,,,,,,,,
2026-07-07T19:00:53.069041+00:00,2026-07-07T19:00:53.068924,2,1,137.75,0.3,137.6,12,137.3,100,,,,,,,,,,,,,,,,,137.9,12,,,,,,,,,,,,,,,,,,
2026-07-07T19:00:53.087960+00:00,2026-07-07T19:00:53.087876,2,0,,,137.6,12,137.3,100,,,,,,,,,,,,,,,,,,,,,,,,,,,,,,,,,,,,
2026-07-07T19:00:53.121216+00:00,2026-07-07T19:00:53.121139,3,0,,,137.6,12,137.5,150,137.3,100,,,,,,,,,,,,,,,,,,,,,,,,,,,,,,,,,,
2026-07-07T19:00:53.169349+00:00,2026-07-07T19:00:53.169278,3,1,137.8,0.4,137.6,12,137.5,150,137.3,100,,,,,,,,,,,,,,,138.0,150,,,,,,,,,,,,,,,,,,
2026-07-07T19:00:53.264109+00:00,2026-07-07T19:00:53.264264,2,1,137.8,0.4,137.6,12,137.5,150,,,,,,,,,,,,,,,,,138.0,150,,,,,,,,,,,,,,,,,,
2026-07-07T19:00:53.318661+00:00,2026-07-07T19:00:53.318594,3,1,137.85,0.3,137.7,100,137.6,12,137.5,150,,,,,,,,,,,,,,,138.0,150,,,,,,,,,,,,,,,,,,
2026-07-07T19:00:53.369226+00:00,2026-07-07T19:00:53.369176,3,2,137.85,0.3,137.7,100,137.6,12,137.5,150,,,,,,,,,,,,,,,138.0,150,138.2,100,,,,,,,,,,,,,,,,
2026-07-07T19:00:54.047449+00:00,2026-07-07T19:00:54.047350,3,2,137.85,0.3,137.7,100,137.6,12,137.5,150,,,,,,,,,,,,,,,138.0,150,138.2,100,,,,,,,,,,,,,,,,
2026-07-07T19:00:54.052650+00:00,2026-07-07T19:00:54.052528,3,2,137.85,0.3,137.7,100,137.6,12,137.5,150,,,,,,,,,,,,,,,138.0,162,138.2,100,,,,,,,,,,,,,,,,
2026-07-07T19:00:54.177276+00:00,2026-07-07T19:00:54.177206,3,2,137.85,0.3,137.7,100,137.6,12,137.5,150,,,,,,,,,,,,,,,138.0,122,138.2,100,,,,,,,,,,,,,,,,
2026-07-07T19:00:55.073129+00:00,2026-07-07T19:00:55.073020,3,2,137.85,0.3,137.7,100,137.6,12,137.5,150,,,,,,,,,,,,,,,138.0,72,138.2,100,,,,,,,,,,,,,,,,
2026-07-07T19:00:56.228637+00:00,2026-07-07T19:00:56.228546,2,2,137.85,0.3,137.7,100,137.6,12,,,,,,,,,,,,,,,,,138.0,12,138.2,100,,,,,,,,,,,,,,,,
2026-07-07T19:00:56.265407+00:00,2026-07-07T19:00:56.265310,2,2,137.85,0.3,137.7,58,137.6,12,,,,,,,,,,,,,,,,,138.0,12,138.2,100,,,,,,,,,,,,,,,,
2026-07-07T19:00:56.281713+00:00,2026-07-07T19:00:56.281791,3,2,137.95,0.1,137.9,150,137.7,58,137.6,12,,,,,,,,,,,,,,,138.0,12,138.2,100,,,,,,,,,,,,,,,,
2026-07-07T19:00:56.292915+00:00,2026-07-07T19:00:56.286245,3,2,137.95,0.1,137.9,138,137.7,58,137.6,12,,,,,,,,,,,,,,,138.0,12,138.2,100,,,,,,,,,,,,,,,,
2026-07-07T19:00:56.334338+00:00,2026-07-07T19:00:56.334302,3,3,137.95,0.1,137.9,138,137.7,58,137.6,12,,,,,,,,,,,,,,,138.0,12,138.2,100,138.4,150,,,,,,,,,,,,,,
2026-07-07T19:00:56.434310+00:00,2026-07-07T19:00:56.434196,2,2,137.95,0.1,137.9,138,137.6,12,,,,,,,,,,,,,,,,,138.0,12,138.4,150,,,,,,,,,,,,,,,,
2026-07-07T19:00:56.490730+00:00,2026-07-07T19:00:56.490637,2,2,137.95,0.1,137.9,138,137.6,112,,,,,,,,,,,,,,,,,138.0,12,138.4,150,,,,,,,,,,,,,,,,
2026-07-07T19:00:56.544867+00:00,2026-07-07T19:00:56.544755,2,3,137.95,0.1,137.9,138,137.6,112,,,,,,,,,,,,,,,,,138.0,12,138.1,100,138.4,150,,,,,,,,,,,,,,
2026-07-07T19:00:57.233697+00:00,2026-07-07T19:00:57.233659,2,3,137.95,0.1,137.9,88,137.6,112,,,,,,,,,,,,,,,,,138.0,12,138.1,100,138.4,150,,,,,,,,,,,,,,
2026-07-07T19:00:59.290592+00:00,2026-07-07T19:00:59.290495,2,2,138.0,0.2,137.9,88,137.6,112,,,,,,,,,,,,,,,,,138.1,62,138.4,150,,,,,,,,,,,,,,,,
2026-07-07T19:00:59.388612+00:00,2026-07-07T19:00:59.388498,1,1,137.85,0.5,137.6,112,,,,,,,,,,,,,,,,,,,138.1,62,,,,,,,,,,,,,,,,,,
2026-07-07T19:00:59.445071+00:00,2026-07-07T19:00:59.445031,2,1,137.9,0.4,137.7,150,137.6,112,,,,,,,,,,,,,,,,,138.1,62,,,,,,,,,,,,,,,,,,
2026-07-07T19:00:59.497870+00:00,2026-07-07T19:00:59.497747,2,2,137.9,0.4,137.7,150,137.6,112,,,,,,,,,,,,,,,,,138.1,62,138.2,150,,,,,,,,,,,,,,,,
2026-07-07T19:00:59.601601+00:00,2026-07-07T19:00:59.601522,2,1,137.95,0.5,137.7,150,137.6,12,,,,,,,,,,,,,,,,,138.2,150,,,,,,,,,,,,,,,,,,
2026-07-07T19:00:59.658618+00:00,2026-07-07T19:00:59.658087,3,1,138.0,0.4,137.8,100,137.7,150,137.6,12,,,,,,,,,,,,,,,138.2,150,,,,,,,,,,,,,,,,,,
2026-07-07T19:00:59.711270+00:00,2026-07-07T19:00:59.711383,3,2,138.0,0.4,137.8,100,137.7,150,137.6,12,,,,,,,,,,,,,,,138.2,150,138.3,100,,,,,,,,,,,,,,,,
2026-07-07T19:01:01.749882+00:00,2026-07-07T19:01:01.749691,2,2,138.0,0.4,137.8,100,137.7,150,,,,,,,,,,,,,,,,,138.2,150,138.3,100,,,,,,,,,,,,,,,,
2026-07-07T19:01:01.758668+00:00,2026-07-07T19:01:01.754964,3,3,137.95,0.3,137.8,100,137.7,150,137.6,12,,,,,,,,,,,,,,,138.1,12,138.2,150,138.3,100,,,,,,,,,,,,,,
2026-07-07T19:01:02.012665+00:00,2026-07-07T19:01:02.012560,2,2,138.0,0.4,137.8,100,137.7,150,,,,,,,,,,,,,,,,,138.2,150,138.3,100,,,,,,,,,,,,,,,,
2026-07-07T19:01:02.017887+00:00,2026-07-07T19:01:02.017796,3,3,137.9,0.2,137.8,100,137.7,150,137.6,12,,,,,,,,,,,,,,,138.0,12,138.2,150,138.3,100,,,,,,,,,,,,,,
2026-07-07T19:01:02.549245+00:00,2026-07-07T19:01:02.549169,3,2,137.9,0.2,137.8,100,137.7,150,137.6,12,,,,,,,,,,,,,,,138.0,12,138.3,100,,,,,,,,,,,,,,,,
2026-07-07T19:01:02.558576+00:00,2026-07-07T19:01:02.554396,2,2,137.9,0.2,137.8,100,137.6,12,,,,,,,,,,,,,,,,,138.0,12,138.3,100,,,,,,,,,,,,,,,,
2026-07-07T19:01:02.604935+00:00,2026-07-07T19:01:02.604838,2,2,137.9,0.2,137.8,100,137.6,162,,,,,,,,,,,,,,,,,138.0,12,138.3,100,,,,,,,,,,,,,,,,
2026-07-07T19:01:02.659314+00:00,2026-07-07T19:01:02.659243,2,3,137.9,0.2,137.8,100,137.6,162,,,,,,,,,,,,,,,,,138.0,12,138.1,150,138.3,100,,,,,,,,,,,,,,
2026-07-07T19:01:02.758680+00:00,2026-07-07T19:01:02.755390,2,2,137.9,0.2,137.8,100,137.6,162,,,,,,,,,,,,,,,,,138.0,12,138.1,150,,,,,,,,,,,,,,,,
2026-07-07T19:01:02.768936+00:00,2026-07-07T19:01:02.768817,1,2,137.8,0.4,137.6,162,,,,,,,,,,,,,,,,,,,138.0,12,138.1,150,,,,,,,,,,,,,,,,
2026-07-07T19:01:02.818991+00:00,2026-07-07T19:01:02.818887,2,2,137.85,0.3,137.7,100,137.6,162,,,,,,,,,,,,,,,,,138.0,12,138.1,150,,,,,,,,,,,,,,,,
2026-07-07T19:01:02.873947+00:00,2026-07-07T19:01:02.873794,2,3,137.85,0.3,137.7,100,137.6,162,,,,,,,,,,,,,,,,,138.0,12,138.1,150,138.2,100,,,,,,,,,,,,,,
2026-07-07T19:01:03.583456+00:00,2026-07-07T19:01:03.583670,2,3,137.85,0.3,137.7,50,137.6,162,,,,,,,,,,,,,,,,,138.0,12,138.1,150,138.2,100,,,,,,,,,,,,,,
2026-07-07T19:01:03.847399+00:00,2026-07-07T19:01:03.847543,2,2,137.9,0.4,137.7,50,137.6,162,,,,,,,,,,,,,,,,,138.1,120,138.2,100,,,,,,,,,,,,,,,,
2026-07-07T19:01:04.483122+00:00,2026-07-07T19:01:04.482981,2,2,137.9,0.4,137.7,10,137.6,162,,,,,,,,,,,,,,,,,138.1,120,138.2,100,,,,,,,,,,,,,,,,
2026-07-07T19:01:05.696397+00:00,2026-07-07T19:01:05.696184,1,2,137.85,0.5,137.6,122,,,,,,,,,,,,,,,,,,,138.1,120,138.2,100,,,,,,,,,,,,,,,,
2026-07-07T19:01:05.711900+00:00,2026-07-07T19:01:05.712074,0,1,,,,,,,,,,,,,,,,,,,,,,,138.2,100,,,,,,,,,,,,,,,,,,
2026-07-07T19:01:05.770647+00:00,2026-07-07T19:01:05.770428,1,1,137.85,0.7,137.5,150,,,,,,,,,,,,,,,,,,,138.2,100,,,,,,,,,,,,,,,,,,
2026-07-07T19:01:05.789569+00:00,2026-07-07T19:01:05.789751,1,2,137.8,0.6,137.5,162,,,,,,,,,,,,,,,,,,,138.1,12,138.2,100,,,,,,,,,,,,,,,,
2026-07-07T19:01:05.822667+00:00,2026-07-07T19:01:05.822548,1,3,137.75,0.5,137.5,162,,,,,,,,,,,,,,,,,,,138.0,150,138.1,12,138.2,100,,,,,,,,,,,,,,
2026-07-07T19:01:05.944380+00:00,2026-07-07T19:01:05.944518,1,2,137.75,0.5,137.5,162,,,,,,,,,,,,,,,,,,,138.0,150,138.1,12,,,,,,,,,,,,,,,,
2026-07-07T19:01:06.000945+00:00,2026-07-07T19:01:06.000745,2,2,137.75,0.5,137.5,162,137.3,100,,,,,,,,,,,,,,,,,138.0,150,138.1,12,,,,,,,,,,,,,,,,
2026-07-07T19:01:06.053942+00:00,2026-07-07T19:01:06.053794,2,3,137.65,0.3,137.5,162,137.3,100,,,,,,,,,,,,,,,,,137.8,100,138.0,150,138.1,12,,,,,,,,,,,,,,
2026-07-07T19:01:06.301081+00:00,2026-07-07T19:01:06.301023,2,2,137.65,0.3,137.5,150,137.3,100,,,,,,,,,,,,,,,,,137.8,100,138.0,150,,,,,,,,,,,,,,,,
2026-07-07T19:01:06.306356+00:00,2026-07-07T19:01:06.306236,3,3,137.6,0.2,137.5,150,137.4,12,137.3,100,,,,,,,,,,,,,,,137.7,12,137.8,100,138.0,150,,,,,,,,,,,,,,
2026-07-07T19:01:07.828432+00:00,2026-07-07T19:01:07.828386,3,3,137.6,0.2,137.5,100,137.4,12,137.3,100,,,,,,,,,,,,,,,137.7,12,137.8,100,138.0,150,,,,,,,,,,,,,,
2026-07-07T19:01:08.878234+00:00,2026-07-07T19:01:08.878174,2,2,137.55,0.3,137.4,12,137.3,100,,,,,,,,,,,,,,,,,137.7,12,137.8,100,,,,,,,,,,,,,,,,
2026-07-07T19:01:08.935316+00:00,2026-07-07T19:01:08.935236,3,2,137.55,0.3,137.4,12,137.3,100,137.2,150,,,,,,,,,,,,,,,137.7,12,137.8,100,,,,,,,,,,,,,,,,
2026-07-07T19:01:08.989957+00:00,2026-07-07T19:01:08.989810,3,2,137.55,0.3,137.4,12,137.3,100,137.2,150,,,,,,,,,,,,,,,137.7,162,137.8,100,,,,,,,,,,,,,,,,
2026-07-07T19:01:09.079276+00:00,2026-07-07T19:01:09.079163,3,2,137.55,0.3,137.4,12,137.3,100,137.2,150,,,,,,,,,,,,,,,137.7,115,137.8,100,,,,,,,,,,,,,,,,
2026-07-07T19:01:09.107407+00:00,2026-07-07T19:01:09.107343,2,1,137.55,0.3,137.4,12,137.2,150,,,,,,,,,,,,,,,,,137.7,115,,,,,,,,,,,,,,,,,,
2026-07-07T19:01:09.164026+00:00,2026-07-07T19:01:09.163938,2,1,137.55,0.3,137.4,12,137.2,250,,,,,,,,,,,,,,,,,137.7,115,,,,,,,,,,,,,,,,,,
2026-07-07T19:01:09.215040+00:00,2026-07-07T19:01:09.214969,2,1,137.55,0.3,137.4,12,137.2,250,,,,,,,,,,,,,,,,,137.7,215,,,,,,,,,,,,,,,,,,
2026-07-07T19:01:09.939516+00:00,2026-07-07T19:01:09.939441,1,1,137.45,0.5,137.2,212,,,,,,,,,,,,,,,,,,,137.7,215,,,,,,,,,,,,,,,,,,
2026-07-07T19:01:10.078759+00:00,2026-07-07T19:01:10.078891,1,2,137.4,0.4,137.2,224,,,,,,,,,,,,,,,,,,,137.6,12,137.7,215,,,,,,,,,,,,,,,,
2026-07-07T19:01:11.344227+00:00,2026-07-07T19:01:11.344142,1,1,137.45,0.5,137.2,212,,,,,,,,,,,,,,,,,,,137.7,215,,,,,,,,,,,,,,,,,,
2026-07-07T19:01:11.358576+00:00,2026-07-07T19:01:11.349456,2,2,137.5,0.4,137.3,12,137.2,212,,,,,,,,,,,,,,,,,137.7,215,137.8,12,,,,,,,,,,,,,,,,
2026-07-07T19:01:12.058632+00:00,2026-07-07T19:01:12.055077,1,2,137.45,0.5,137.2,62,,,,,,,,,,,,,,,,,,,137.7,100,137.8,12,,,,,,,,,,,,,,,,
2026-07-07T19:01:12.114298+00:00,2026-07-07T19:01:12.114171,2,2,137.5,0.4,137.3,150,137.2,62,,,,,,,,,,,,,,,,,137.7,100,137.8,12,,,,,,,,,,,,,,,,
2026-07-07T19:01:12.168142+00:00,2026-07-07T19:01:12.167916,2,2,137.5,0.4,137.3,150,137.2,62,,,,,,,,,,,,,,,,,137.7,100,137.8,162,,,,,,,,,,,,,,,,
2026-07-07T19:01:12.270296+00:00,2026-07-07T19:01:12.270154,1,1,137.55,0.5,137.3,150,,,,,,,,,,,,,,,,,,,137.8,162,,,,,,,,,,,,,,,,,,
2026-07-07T19:01:12.326127+00:00,2026-07-07T19:01:12.325933,2,1,137.55,0.5,137.3,150,137.1,100,,,,,,,,,,,,,,,,,137.8,162,,,,,,,,,,,,,,,,,,
2026-07-07T19:01:12.379158+00:00,2026-07-07T19:01:12.379108,2,2,137.45,0.3,137.3,150,137.1,100,,,,,,,,,,,,,,,,,137.6,100,137.8,162,,,,,,,,,,,,,,,,
2026-07-07T19:01:12.871921+00:00,2026-07-07T19:01:12.871814,2,2,137.45,0.3,137.3,162,137.1,100,,,,,,,,,,,,,,,,,137.6,100,137.8,150,,,,,,,,,,,,,,,,
2026-07-07T19:01:12.877024+00:00,2026-07-07T19:01:12.876995,2,2,137.45,0.3,137.3,162,137.1,100,,,,,,,,,,,,,,,,,137.6,112,137.8,150,,,,,,,,,,,,,,,,
2026-07-07T19:01:14.158582+00:00,2026-07-07T19:01:14.153600,2,2,137.45,0.3,137.3,112,137.1,100,,,,,,,,,,,,,,,,,137.6,112,137.8,150,,,,,,,,,,,,,,,,
2026-07-07T19:01:15.188737+00:00,2026-07-07T19:01:15.188666,2,2,137.45,0.3,137.3,63,137.1,100,,,,,,,,,,,,,,,,,137.6,112,137.8,150,,,,,,,,,,,,,,,,
2026-07-07T19:01:15.222304+00:00,2026-07-07T19:01:15.222482,2,1,137.45,0.3,137.3,12,137.1,100,,,,,,,,,,,,,,,,,137.6,112,,,,,,,,,,,,,,,,,,
2026-07-07T19:01:15.278562+00:00,2026-07-07T19:01:15.278502,3,1,137.45,0.3,137.3,12,137.1,100,136.7,150,,,,,,,,,,,,,,,137.6,112,,,,,,,,,,,,,,,,,,
2026-07-07T19:01:15.333629+00:00,2026-07-07T19:01:15.333739,2,2,137.15,0.1,137.1,100,136.7,150,,,,,,,,,,,,,,,,,137.2,138,137.6,112,,,,,,,,,,,,,,,,
2026-07-07T19:01:15.345750+00:00,2026-07-07T19:01:15.338123,2,2,137.15,0.1,137.1,100,136.7,150,,,,,,,,,,,,,,,,,137.2,126,137.6,112,,,,,,,,,,,,,,,,
2026-07-07T19:01:15.388528+00:00,2026-07-07T19:01:15.388423,2,2,137.15,0.1,137.1,112,136.7,150,,,,,,,,,,,,,,,,,137.2,126,137.6,100,,,,,,,,,,,,,,,,
2026-07-07T19:01:15.393664+00:00,2026-07-07T19:01:15.393611,2,3,137.15,0.1,137.1,112,136.7,150,,,,,,,,,,,,,,,,,137.2,126,137.5,12,137.6,100,,,,,,,,,,,,,,
2026-07-07T19:01:15.432937+00:00,2026-07-07T19:01:15.433082,2,2,137.15,0.1,137.1,12,136.7,150,,,,,,,,,,,,,,,,,137.2,126,137.5,12,,,,,,,,,,,,,,,,
2026-07-07T19:01:15.489358+00:00,2026-07-07T19:01:15.489319,3,2,137.15,0.1,137.1,12,136.9,100,136.7,150,,,,,,,,,,,,,,,137.2,126,137.5,12,,,,,,,,,,,,,,,,
2026-07-07T19:01:15.543504+00:00,2026-07-07T19:01:15.543448,3,3,137.15,0.1,137.1,12,136.9,100,136.7,150,,,,,,,,,,,,,,,137.2,126,137.4,100,137.5,12,,,,,,,,,,,,,,
2026-07-07T19:01:15.658548+00:00,2026-07-07T19:01:15.655847,3,3,137.15,0.1,137.1,12,136.9,100,136.7,150,,,,,,,,,,,,,,,137.2,78,137.4,100,137.5,12,,,,,,,,,,,,,,
2026-07-07T19:01:16.248403+00:00,2026-07-07T19:01:16.248246,3,3,137.15,0.1,137.1,12,136.9,100,136.7,150,,,,,,,,,,,,,,,137.2,28,137.4,100,137.5,12,,,,,,,,,,,,,,
2026-07-07T19:01:16.258623+00:00,2026-07-07T19:01:16.255612,3,2,137.25,0.3,137.1,12,136.9,100,136.7,150,,,,,,,,,,,,,,,137.4,81,137.5,12,,,,,,,,,,,,,,,,
2026-07-07T19:01:17.692601+00:00,2026-07-07T19:01:17.686446,3,2,137.25,0.3,137.1,12,136.9,100,136.7,150,,,,,,,,,,,,,,,137.4,70,137.5,12,,,,,,,,,,,,,,,,
2026-07-07T19:01:17.908852+00:00,2026-07-07T19:01:17.908986,2,1,137.15,0.5,136.9,100,136.7,150,,,,,,,,,,,,,,,,,137.4,70,,,,,,,,,,,,,,,,,,
2026-07-07T19:01:17.914291+00:00,2026-07-07T19:01:17.914171,3,1,137.3,0.2,137.2,12,136.9,100,136.7,150,,,,,,,,,,,,,,,137.4,70,,,,,,,,,,,,,,,,,,
2026-07-07T19:01:17.919448+00:00,2026-07-07T19:01:17.919349,3,2,137.3,0.2,137.2,12,136.9,100,136.7,150,,,,,,,,,,,,,,,137.4,70,137.6,12,,,,,,,,,,,,,,,,
2026-07-07T19:01:17.937592+00:00,2026-07-07T19:01:17.937502,3,2,137.3,0.2,137.2,12,136.9,100,136.7,150,,,,,,,,,,,,,,,137.4,24,137.6,12,,,,,,,,,,,,,,,,
2026-07-07T19:01:18.169099+00:00,2026-07-07T19:01:18.169070,2,2,137.15,0.5,136.9,100,136.7,150,,,,,,,,,,,,,,,,,137.4,24,137.6,12,,,,,,,,,,,,,,,,
2026-07-07T19:01:18.174364+00:00,2026-07-07T19:01:18.174261,2,1,137.15,0.5,136.9,100,136.7,150,,,,,,,,,,,,,,,,,137.4,24,,,,,,,,,,,,,,,,,,
2026-07-07T19:01:18.179569+00:00,2026-07-07T19:01:18.179486,3,1,137.35,0.1,137.3,12,136.9,100,136.7,150,,,,,,,,,,,,,,,137.4,24,,,,,,,,,,,,,,,,,,
2026-07-07T19:01:18.184596+00:00,2026-07-07T19:01:18.184685,3,2,137.35,0.1,137.3,12,136.9,100,136.7,150,,,,,,,,,,,,,,,137.4,24,137.7,12,,,,,,,,,,,,,,,,
2026-07-07T19:01:18.358645+00:00,2026-07-07T19:01:18.357428,3,0,,,137.3,12,136.9,100,136.7,150,,,,,,,,,,,,,,,,,,,,,,,,,,,,,,,,,,
2026-07-07T19:01:18.388844+00:00,2026-07-07T19:01:18.388744,2,0,,,137.3,12,136.9,100,,,,,,,,,,,,,,,,,,,,,,,,,,,,,,,,,,,,
2026-07-07T19:01:18.442004+00:00,2026-07-07T19:01:18.441887,3,0,,,137.5,150,137.3,12,136.9,100,,,,,,,,,,,,,,,,,,,,,,,,,,,,,,,,,,
2026-07-07T19:01:18.495288+00:00,2026-07-07T19:01:18.495232,3,1,137.75,0.5,137.5,150,137.3,12,136.9,100,,,,,,,,,,,,,,,138.0,150,,,,,,,,,,,,,,,,,,
2026-07-07T19:01:18.602207+00:00,2026-07-07T19:01:18.602106,2,1,137.75,0.5,137.5,150,137.3,12,,,,,,,,,,,,,,,,,138.0,150,,,,,,,,,,,,,,,,,,
2026-07-07T19:01:18.653281+00:00,2026-07-07T19:01:18.653103,2,1,137.75,0.5,137.5,250,137.3,12,,,,,,,,,,,,,,,,,138.0,150,,,,,,,,,,,,,,,,,,
2026-07-07T19:01:18.689778+00:00,2026-07-07T19:01:18.689686,2,1,137.75,0.5,137.5,250,137.4,12,,,,,,,,,,,,,,,,,138.0,150,,,,,,,,,,,,,,,,,,
2026-07-07T19:01:18.694780+00:00,2026-07-07T19:01:18.694884,2,2,137.7,0.4,137.5,250,137.4,12,,,,,,,,,,,,,,,,,137.9,12,138.0,150,,,,,,,,,,,,,,,,
2026-07-07T19:01:18.705428+00:00,2026-07-07T19:01:18.705327,2,2,137.7,0.4,137.5,250,137.4,12,,,,,,,,,,,,,,,,,137.9,12,138.0,250,,,,,,,,,,,,,,,,
2026-07-07T19:01:20.485042+00:00,2026-07-07T19:01:20.485214,2,1,137.75,0.5,137.5,250,137.4,12,,,,,,,,,,,,,,,,,138.0,212,,,,,,,,,,,,,,,,,,
2026-07-07T19:01:21.545949+00:00,2026-07-07T19:01:21.545830,2,1,137.75,0.5,137.5,250,137.4,12,,,,,,,,,,,,,,,,,138.0,100,,,,,,,,,,,,,,,,,,
2026-07-07T19:01:21.551106+00:00,2026-07-07T19:01:21.551015,2,1,137.75,0.5,137.5,100,137.4,12,,,,,,,,,,,,,,,,,138.0,100,,,,,,,,,,,,,,,,,,
2026-07-07T19:01:21.601675+00:00,2026-07-07T19:01:21.601552,3,1,137.85,0.3,137.7,150,137.5,100,137.4,12,,,,,,,,,,,,,,,138.0,100,,,,,,,,,,,,,,,,,,
2026-07-07T19:01:21.658604+00:00,2026-07-07T19:01:21.654642,3,2,137.85,0.3,137.7,150,137.5,100,137.4,12,,,,,,,,,,,,,,,138.0,100,138.2,150,,,,,,,,,,,,,,,,
2026-07-07T19:01:21.712015+00:00,2026-07-07T19:01:21.711909,2,2,137.85,0.3,137.7,139,137.5,100,,,,,,,,,,,,,,,,,138.0,100,138.2,150,,,,,,,,,,,,,,,,
2026-07-07T19:01:21.727322+00:00,2026-07-07T19:01:21.727604,2,3,137.8,0.2,137.7,139,137.5,112,,,,,,,,,,,,,,,,,137.9,12,138.0,100,138.2,150,,,,,,,,,,,,,,
2026-07-07T19:01:21.761247+00:00,2026-07-07T19:01:21.761176,2,2,137.8,0.2,137.7,139,137.5,12,,,,,,,,,,,,,,,,,137.9,12,138.2,150,,,,,,,,,,,,,,,,
2026-07-07T19:01:21.816517+00:00,2026-07-07T19:01:21.816443,2,2,137.8,0.2,137.7,139,137.5,112,,,,,,,,,,,,,,,,,137.9,12,138.2,150,,,,,,,,,,,,,,,,
2026-07-07T19:01:21.865553+00:00,2026-07-07T19:01:21.865517,2,3,137.8,0.2,137.7,139,137.5,112,,,,,,,,,,,,,,,,,137.9,12,138.0,100,138.2,150,,,,,,,,,,,,,,
2026-07-07T19:01:22.645282+00:00,2026-07-07T19:01:22.645502,2,3,137.8,0.2,137.7,89,137.5,112,,,,,,,,,,,,,,,,,137.9,12,138.0,100,138.2,150,,,,,,,,,,,,,,
2026-07-07T19:01:23.670797+00:00,2026-07-07T19:01:23.670655,2,3,137.8,0.2,137.7,49,137.5,112,,,,,,,,,,,,,,,,,137.9,12,138.0,100,138.2,150,,,,,,,,,,,,,,
2026-07-07T19:01:24.726611+00:00,2026-07-07T19:01:24.715853,1,2,137.7,0.4,137.5,112,,,,,,,,,,,,,,,,,,,137.9,12,138.0,100,,,,,,,,,,,,,,,,
2026-07-07T19:01:24.773495+00:00,2026-07-07T19:01:24.773619,1,2,137.7,0.4,137.5,62,,,,,,,,,,,,,,,,,,,137.9,12,138.0,100,,,,,,,,,,,,,,,,
2026-07-07T19:01:24.778984+00:00,2026-07-07T19:01:24.778877,2,2,137.7,0.4,137.5,62,137.2,150,,,,,,,,,,,,,,,,,137.9,12,138.0,100,,,,,,,,,,,,,,,,
2026-07-07T19:01:24.832099+00:00,2026-07-07T19:01:24.831971,2,3,137.6,0.2,137.5,62,137.2,150,,,,,,,,,,,,,,,,,137.7,150,137.9,12,138.0,100,,,,,,,,,,,,,,
2026-07-07T19:01:24.924561+00:00,2026-07-07T19:01:24.924493,1,2,137.45,0.5,137.2,150,,,,,,,,,,,,,,,,,,,137.7,150,137.9,12,,,,,,,,,,,,,,,,
2026-07-07T19:01:24.979554+00:00,2026-07-07T19:01:24.979513,2,2,137.5,0.4,137.3,100,137.2,150,,,,,,,,,,,,,,,,,137.7,150,137.9,12,,,,,,,,,,,,,,,,
2026-07-07T19:01:24.984807+00:00,2026-07-07T19:01:24.984688,2,1,137.5,0.4,137.3,100,137.2,150,,,,,,,,,,,,,,,,,137.7,150,,,,,,,,,,,,,,,,,,
2026-07-07T19:01:24.989769+00:00,2026-07-07T19:01:24.989885,2,1,137.5,0.4,137.3,112,137.2,150,,,,,,,,,,,,,,,,,137.7,162,,,,,,,,,,,,,,,,,,
2026-07-07T19:01:25.032759+00:00,2026-07-07T19:01:25.032672,2,2,137.5,0.4,137.3,112,137.2,150,,,,,,,,,,,,,,,,,137.7,162,137.8,100,,,,,,,,,,,,,,,,
2026-07-07T19:01:25.134132+00:00,2026-07-07T19:01:25.134038,2,2,137.5,0.4,137.3,71,137.2,150,,,,,,,,,,,,,,,,,137.7,162,137.8,100,,,,,,,,,,,,,,,,
2026-07-07T19:01:25.501719+00:00,2026-07-07T19:01:25.501659,2,2,137.5,0.4,137.3,59,137.2,150,,,,,,,,,,,,,,,,,137.7,162,137.8,100,,,,,,,,,,,,,,,,
2026-07-07T19:01:25.506963+00:00,2026-07-07T19:01:25.506871,3,2,137.5,0.4,137.3,59,137.2,150,137.1,12,,,,,,,,,,,,,,,137.7,150,137.8,100,,,,,,,,,,,,,,,,
2026-07-07T19:01:25.512127+00:00,2026-07-07T19:01:25.512036,3,3,137.45,0.3,137.3,59,137.2,150,137.1,12,,,,,,,,,,,,,,,137.6,12,137.7,150,137.8,100,,,,,,,,,,,,,,
2026-07-07T19:01:25.768005+00:00,2026-07-07T19:01:25.767935,2,2,137.5,0.4,137.3,59,137.2,150,,,,,,,,,,,,,,,,,137.7,150,137.8,100,,,,,,,,,,,,,,,,
2026-07-07T19:01:25.773274+00:00,2026-07-07T19:01:25.773134,2,2,137.5,0.4,137.3,59,137.2,162,,,,,,,,,,,,,,,,,137.7,150,137.8,100,,,,,,,,,,,,,,,,
2026-07-07T19:01:25.778402+00:00,2026-07-07T19:01:25.778331,2,3,137.4,0.2,137.3,59,137.2,162,,,,,,,,,,,,,,,,,137.5,12,137.7,150,137.8,100,,,,,,,,,,,,,,
2026-07-07T19:01:26.879682+00:00,2026-07-07T19:01:26.879609,2,3,137.4,0.2,137.3,9,137.2,162,,,,,,,,,,,,,,,,,137.5,12,137.7,150,137.8,100,,,,,,,,,,,,,,
2026-07-07T19:01:27.440596+00:00,2026-07-07T19:01:27.440473,1,3,137.35,0.3,137.2,124,,,,,,,,,,,,,,,,,,,137.5,12,137.7,150,137.8,100,,,,,,,,,,,,,,
2026-07-07T19:01:27.887667+00:00,2026-07-07T19:01:27.887816,1,2,137.35,0.3,137.2,12,,,,,,,,,,,,,,,,,,,137.5,12,137.8,100,,,,,,,,,,,,,,,,
2026-07-07T19:01:27.941808+00:00,2026-07-07T19:01:27.941762,2,2,137.35,0.3,137.2,12,136.9,150,,,,,,,,,,,,,,,,,137.5,12,137.8,100,,,,,,,,,,,,,,,,
2026-07-07T19:01:27.990724+00:00,2026-07-07T19:01:27.990858,2,3,137.3,0.2,137.2,12,136.9,150,,,,,,,,,,,,,,,,,137.4,150,137.5,12,137.8,100,,,,,,,,,,,,,,
2026-07-07T19:01:28.087304+00:00,2026-07-07T19:01:28.087184,2,2,137.3,0.2,137.2,12,136.9,150,,,,,,,,,,,,,,,,,137.4,150,137.5,12,,,,,,,,,,,,,,,,
2026-07-07T19:01:28.136379+00:00,2026-07-07T19:01:28.136501,2,2,137.3,0.2,137.2,12,136.9,250,,,,,,,,,,,,,,,,,137.4,150,137.5,12,,,,,,,,,,,,,,,,
2026-07-07T19:01:28.190076+00:00,2026-07-07T19:01:28.190015,2,2,137.3,0.2,137.2,12,136.9,250,,,,,,,,,,,,,,,,,137.4,250,137.5,12,,,,,,,,,,,,,,,,
2026-07-07T19:01:29.019958+00:00,2026-07-07T19:01:29.019813,1,2,137.15,0.5,136.9,212,,,,,,,,,,,,,,,,,,,137.4,250,137.5,12,,,,,,,,,,,,,,,,
2026-07-07T19:01:29.040054+00:00,2026-07-07T19:01:29.039978,2,1,137.2,0.4,137.0,12,136.9,212,,,,,,,,,,,,,,,,,137.4,250,,,,,,,,,,,,,,,,,,
2026-07-07T19:01:29.045266+00:00,2026-07-07T19:01:29.045197,2,2,137.2,0.4,137.0,12,136.9,212,,,,,,,,,,,,,,,,,137.4,250,137.5,12,,,,,,,,,,,,,,,,
2026-07-07T19:01:30.095352+00:00,2026-07-07T19:01:30.095321,2,2,137.2,0.4,137.0,12,136.9,212,,,,,,,,,,,,,,,,,137.4,201,137.5,12,,,,,,,,,,,,,,,,
2026-07-07T19:01:30.822473+00:00,2026-07-07T19:01:30.822448,1,1,137.15,0.5,136.9,212,,,,,,,,,,,,,,,,,,,137.4,201,,,,,,,,,,,,,,,,,,
2026-07-07T19:01:30.827524+00:00,2026-07-07T19:01:30.827645,2,2,137.15,0.3,137.0,12,136.9,212,,,,,,,,,,,,,,,,,137.3,12,137.4,201,,,,,,,,,,,,,,,,
2026-07-07T19:01:31.046887+00:00,2026-07-07T19:01:31.046817,2,2,137.15,0.3,137.0,12,136.9,100,,,,,,,,,,,,,,,,,137.3,12,137.4,100,,,,,,,,,,,,,,,,
2026-07-07T19:01:31.087524+00:00,2026-07-07T19:01:31.087719,1,2,137.1,0.4,136.9,71,,,,,,,,,,,,,,,,,,,137.3,12,137.4,100,,,,,,,,,,,,,,,,
2026-07-07T19:01:31.098169+00:00,2026-07-07T19:01:31.098099,2,2,137.1,0.4,136.9,71,136.7,150,,,,,,,,,,,,,,,,,137.3,12,137.4,100,,,,,,,,,,,,,,,,
2026-07-07T19:01:31.129789+00:00,2026-07-07T19:01:31.129682,2,2,137.1,0.4,136.9,21,136.7,150,,,,,,,,,,,,,,,,,137.3,12,137.4,100,,,,,,,,,,,,,,,,
2026-07-07T19:01:31.148501+00:00,2026-07-07T19:01:31.158703,2,3,137.05,0.3,136.9,21,136.7,150,,,,,,,,,,,,,,,,,137.2,150,137.3,12,137.4,100,,,,,,,,,,,,,,
2026-07-07T19:01:31.246716+00:00,2026-07-07T19:01:31.246654,1,2,136.95,0.5,136.7,150,,,,,,,,,,,,,,,,,,,137.2,150,137.3,12,,,,,,,,,,,,,,,,
2026-07-07T19:01:31.301797+00:00,2026-07-07T19:01:31.301662,2,2,136.95,0.5,136.7,150,136.4,100,,,,,,,,,,,,,,,,,137.2,150,137.3,12,,,,,,,,,,,,,,,,
2026-07-07T19:01:31.334151+00:00,2026-07-07T19:01:31.334065,2,1,136.95,0.5,136.7,150,136.4,100,,,,,,,,,,,,,,,,,137.2,150,,,,,,,,,,,,,,,,,,
2026-07-07T19:01:31.370595+00:00,2026-07-07T19:01:31.370722,3,2,136.85,0.1,136.8,12,136.7,150,136.4,100,,,,,,,,,,,,,,,136.9,100,137.2,150,,,,,,,,,,,,,,,,
2026-07-07T19:01:31.385377+00:00,2026-07-07T19:01:31.377673,3,3,136.85,0.1,136.8,12,136.7,150,136.4,100,,,,,,,,,,,,,,,136.9,65,137.2,150,137.3,12,,,,,,,,,,,,,,
2026-07-07T19:01:32.033653+00:00,2026-07-07T19:01:32.026798,3,3,136.85,0.1,136.8,12,136.7,150,136.4,100,,,,,,,,,,,,,,,136.9,54,137.2,150,137.3,12,,,,,,,,,,,,,,
2026-07-07T19:01:32.123319+00:00,2026-07-07T19:01:32.114705,3,3,136.85,0.1,136.8,12,136.7,150,136.4,100,,,,,,,,,,,,,,,136.9,43,137.2,150,137.3,12,,,,,,,,,,,,,,
2026-07-07T19:01:32.144139+00:00,2026-07-07T19:01:32.143968,2,2,136.8,0.2,136.7,150,136.4,100,,,,,,,,,,,,,,,,,136.9,43,137.2,150,,,,,,,,,,,,,,,,
2026-07-07T19:01:32.149373+00:00,2026-07-07T19:01:32.149278,2,3,136.8,0.2,136.7,150,136.4,100,,,,,,,,,,,,,,,,,136.9,31,137.2,150,137.4,12,,,,,,,,,,,,,,
2026-07-07T19:01:33.247040+00:00,2026-07-07T19:01:33.246932,2,3,136.8,0.2,136.7,100,136.4,100,,,,,,,,,,,,,,,,,136.9,31,137.2,150,137.4,12,,,,,,,,,,,,,,
2026-07-07T19:01:34.207287+00:00,2026-07-07T19:01:34.207223,1,2,136.65,0.5,136.4,100,,,,,,,,,,,,,,,,,,,136.9,31,137.4,12,,,,,,,,,,,,,,,,
2026-07-07T19:01:34.258631+00:00,2026-07-07T19:01:34.257130,2,2,136.75,0.3,136.6,150,136.4,100,,,,,,,,,,,,,,,,,136.9,31,137.4,12,,,,,,,,,,,,,,,,
2026-07-07T19:01:34.314760+00:00,2026-07-07T19:01:34.314685,2,3,136.75,0.3,136.6,150,136.4,100,,,,,,,,,,,,,,,,,136.9,31,137.1,150,137.4,12,,,,,,,,,,,,,,
2026-07-07T19:01:34.422196+00:00,2026-07-07T19:01:34.422070,2,2,136.75,0.3,136.6,150,136.4,100,,,,,,,,,,,,,,,,,136.9,31,137.1,150,,,,,,,,,,,,,,,,
2026-07-07T19:01:34.427451+00:00,2026-07-07T19:01:34.427409,2,1,136.9,0.4,136.7,12,136.6,150,,,,,,,,,,,,,,,,,137.1,150,,,,,,,,,,,,,,,,,,
2026-07-07T19:01:34.432490+00:00,2026-07-07T19:01:34.432576,2,2,136.9,0.4,136.7,12,136.6,150,,,,,,,,,,,,,,,,,137.1,150,137.4,12,,,,,,,,,,,,,,,,
2026-07-07T19:01:34.479951+00:00,2026-07-07T19:01:34.480197,3,2,136.95,0.3,136.8,100,136.7,12,136.6,150,,,,,,,,,,,,,,,137.1,150,137.4,12,,,,,,,,,,,,,,,,
2026-07-07T19:01:34.534481+00:00,2026-07-07T19:01:34.534373,3,3,136.95,0.3,136.8,100,136.7,12,136.6,150,,,,,,,,,,,,,,,137.1,150,137.3,100,137.4,12,,,,,,,,,,,,,,
2026-07-07T19:01:34.939174+00:00,2026-07-07T19:01:34.939051,2,2,136.95,0.3,136.8,100,136.6,150,,,,,,,,,,,,,,,,,137.1,150,137.3,100,,,,,,,,,,,,,,,,
2026-07-07T19:01:34.944286+00:00,2026-07-07T19:01:34.944239,3,2,137.0,0.2,136.9,12,136.8,100,136.6,150,,,,,,,,,,,,,,,137.1,150,137.3,112,,,,,,,,,,,,,,,,
2026-07-07T19:01:35.356634+00:00,2026-07-07T19:01:35.356565,2,2,136.95,0.3,136.8,62,136.6,150,,,,,,,,,,,,,,,,,137.1,150,137.3,112,,,,,,,,,,,,,,,,
2026-07-07T19:01:36.250144+00:00,2026-07-07T19:01:36.250317,2,2,136.95,0.3,136.8,62,136.6,150,,,,,,,,,,,,,,,,,137.1,103,137.3,112,,,,,,,,,,,,,,,,
2026-07-07T19:01:36.751114+00:00,2026-07-07T19:01:36.751048,2,2,136.95,0.3,136.8,14,136.6,150,,,,,,,,,,,,,,,,,137.1,103,137.3,112,,,,,,,,,,,,,,,,
2026-07-07T19:01:37.370294+00:00,2026-07-07T19:01:37.370161,1,1,137.05,0.5,136.8,14,,,,,,,,,,,,,,,,,,,137.3,112,,,,,,,,,,,,,,,,,,
2026-07-07T19:01:37.445978+00:00,2026-07-07T19:01:37.445896,2,1,137.05,0.5,136.8,14,136.7,150,,,,,,,,,,,,,,,,,137.3,112,,,,,,,,,,,,,,,,,,
2026-07-07T19:01:37.458630+00:00,2026-07-07T19:01:37.455708,2,1,137.05,0.5,136.8,26,136.7,150,,,,,,,,,,,,,,,,,137.3,100,,,,,,,,,,,,,,,,,,
2026-07-07T19:01:37.469879+00:00,2026-07-07T19:01:37.469780,2,2,137.0,0.4,136.8,26,136.7,150,,,,,,,,,,,,,,,,,137.2,12,137.3,100,,,,,,,,,,,,,,,,
2026-07-07T19:01:37.500349+00:00,2026-07-07T19:01:37.500203,1,2,136.95,0.5,136.7,126,,,,,,,,,,,,,,,,,,,137.2,162,137.3,100,,,,,,,,,,,,,,,,
2026-07-07T19:01:37.590159+00:00,2026-07-07T19:01:37.590084,1,1,136.95,0.5,136.7,126,,,,,,,,,,,,,,,,,,,137.2,162,,,,,,,,,,,,,,,,,,
2026-07-07T19:01:37.643782+00:00,2026-07-07T19:01:37.643638,2,1,136.95,0.5,136.7,126,136.4,100,,,,,,,,,,,,,,,,,137.2,162,,,,,,,,,,,,,,,,,,
2026-07-07T19:01:37.696515+00:00,2026-07-07T19:01:37.696438,2,2,136.8,0.2,136.7,126,136.4,100,,,,,,,,,,,,,,,,,136.9,100,137.2,162,,,,,,,,,,,,,,,,
2026-07-07T19:01:39.604978+00:00,2026-07-07T19:01:39.605116,2,2,136.8,0.2,136.7,76,136.4,100,,,,,,,,,,,,,,,,,136.9,100,137.2,162,,,,,,,,,,,,,,,,
2026-07-07T19:01:40.558582+00:00,2026-07-07T19:01:40.556332,1,2,136.65,0.5,136.4,100,,,,,,,,,,,,,,,,,,,136.9,100,137.2,12,,,,,,,,,,,,,,,,
2026-07-07T19:01:40.610812+00:00,2026-07-07T19:01:40.610967,1,2,136.65,0.5,136.4,250,,,,,,,,,,,,,,,,,,,136.9,100,137.2,12,,,,,,,,,,,,,,,,
2026-07-07T19:01:40.666438+00:00,2026-07-07T19:01:40.666314,1,2,136.65,0.5,136.4,250,,,,,,,,,,,,,,,,,,,136.9,250,137.2,12,,,,,,,,,,,,,,,,
2026-07-07T19:01:40.735952+00:00,2026-07-07T19:01:40.735874,2,1,136.7,0.4,136.5,12,136.4,250,,,,,,,,,,,,,,,,,136.9,250,,,,,,,,,,,,,,,,,,
2026-07-07T19:01:40.741140+00:00,2026-07-07T19:01:40.741048,2,2,136.7,0.4,136.5,12,136.4,250,,,,,,,,,,,,,,,,,136.9,250,137.1,12,,,,,,,,,,,,,,,,
2026-07-07T19:01:40.746257+00:00,2026-07-07T19:01:40.746227,2,2,136.7,0.4,136.5,12,136.4,250,,,,,,,,,,,,,,,,,136.9,150,137.1,12,,,,,,,,,,,,,,,,
2026-07-07T19:01:40.751311+00:00,2026-07-07T19:01:40.751398,2,2,136.7,0.4,136.5,12,136.4,150,,,,,,,,,,,,,,,,,136.9,150,137.1,12,,,,,,,,,,,,,,,,
2026-07-07T19:01:40.804059+00:00,2026-07-07T19:01:40.803991,2,2,136.7,0.4,136.5,12,136.4,250,,,,,,,,,,,,,,,,,136.9,150,137.1,12,,,,,,,,,,,,,,,,
2026-07-07T19:01:40.858611+00:00,2026-07-07T19:01:40.852688,2,2,136.7,0.4,136.5,12,136.4,250,,,,,,,,,,,,,,,,,136.9,250,137.1,12,,,,,,,,,,,,,,,,
2026-07-07T19:01:41.728493+00:00,2026-07-07T19:01:41.728411,1,2,136.65,0.5,136.4,212,,,,,,,,,,,,,,,,,,,136.9,250,137.1,12,,,,,,,,,,,,,,,,
2026-07-07T19:01:43.719282+00:00,2026-07-07T19:01:43.719171,1,2,136.65,0.5,136.4,100,,,,,,,,,,,,,,,,,,,136.9,100,137.1,12,,,,,,,,,,,,,,,,
2026-07-07T19:01:43.775248+00:00,2026-07-07T19:01:43.775119,2,2,136.65,0.5,136.4,100,136.2,150,,,,,,,,,,,,,,,,,136.9,100,137.1,12,,,,,,,,,,,,,,,,
2026-07-07T19:01:43.827955+00:00,2026-07-07T19:01:43.827852,2,3,136.55,0.3,136.4,100,136.2,150,,,,,,,,,,,,,,,,,136.7,150,136.9,100,137.1,12,,,,,,,,,,,,,,
2026-07-07T19:01:43.914105+00:00,2026-07-07T19:01:43.914040,1,2,136.45,0.5,136.2,150,,,,,,,,,,,,,,,,,,,136.7,150,137.1,12,,,,,,,,,,,,,,,,
2026-07-07T19:01:43.975697+00:00,2026-07-07T19:01:43.968458,2,2,136.5,0.4,136.3,100,136.2,150,,,,,,,,,,,,,,,,,136.7,138,137.1,12,,,,,,,,,,,,,,,,
2026-07-07T19:01:44.023720+00:00,2026-07-07T19:01:44.023591,2,3,136.5,0.4,136.3,100,136.2,150,,,,,,,,,,,,,,,,,136.7,138,136.8,100,137.1,12,,,,,,,,,,,,,,
2026-07-07T19:01:45.883649+00:00,2026-07-07T19:01:45.883606,2,3,136.5,0.4,136.3,100,136.2,150,,,,,,,,,,,,,,,,,136.7,88,136.8,100,137.1,12,,,,,,,,,,,,,,
2026-07-07T19:01:46.074308+00:00,2026-07-07T19:01:46.074178,2,3,136.5,0.4,136.3,100,136.2,150,,,,,,,,,,,,,,,,,136.7,48,136.8,100,137.1,12,,,,,,,,,,,,,,
2026-07-07T19:01:46.884870+00:00,2026-07-07T19:01:46.884796,1,2,136.55,0.5,136.3,100,,,,,,,,,,,,,,,,,,,136.8,100,137.1,12,,,,,,,,,,,,,,,,
2026-07-07T19:01:46.939896+00:00,2026-07-07T19:01:46.939820,2,2,136.7,0.2,136.6,150,136.3,100,,,,,,,,,,,,,,,,,136.8,100,137.1,12,,,,,,,,,,,,,,,,
2026-07-07T19:01:46.987837+00:00,2026-07-07T19:01:46.987989,2,2,136.7,0.2,136.6,150,136.3,100,,,,,,,,,,,,,,,,,136.8,100,137.1,162,,,,,,,,,,,,,,,,
2026-07-07T19:01:47.015333+00:00,2026-07-07T19:01:47.015245,3,2,136.75,0.1,136.7,10,136.6,150,136.3,100,,,,,,,,,,,,,,,136.8,100,137.1,150,,,,,,,,,,,,,,,,
2026-07-07T19:01:47.020507+00:00,2026-07-07T19:01:47.020381,3,2,136.75,0.1,136.7,10,136.6,150,136.3,100,,,,,,,,,,,,,,,136.8,100,137.1,162,,,,,,,,,,,,,,,,
2026-07-07T19:01:47.074221+00:00,2026-07-07T19:01:47.074132,3,1,136.9,0.4,136.7,10,136.6,150,136.3,100,,,,,,,,,,,,,,,137.1,162,,,,,,,,,,,,,,,,,,
2026-07-07T19:01:47.079380+00:00,2026-07-07T19:01:47.079294,2,1,136.9,0.4,136.7,10,136.6,150,,,,,,,,,,,,,,,,,137.1,162,,,,,,,,,,,,,,,,,,
2026-07-07T19:01:47.163914+00:00,2026-07-07T19:01:47.164077,3,1,136.9,0.4,136.7,10,136.6,150,136.3,100,,,,,,,,,,,,,,,137.1,162,,,,,,,,,,,,,,,,,,
2026-07-07T19:01:47.177614+00:00,2026-07-07T19:01:47.177511,2,1,136.85,0.5,136.6,150,136.3,100,,,,,,,,,,,,,,,,,137.1,162,,,,,,,,,,,,,,,,,,
2026-07-07T19:01:47.206794+00:00,2026-07-07T19:01:47.206666,2,2,136.7,0.2,136.6,150,136.3,100,,,,,,,,,,,,,,,,,136.8,100,137.1,162,,,,,,,,,,,,,,,,
2026-07-07T19:01:48.003254+00:00,2026-07-07T19:01:48.003183,2,2,136.7,0.2,136.6,150,136.3,100,,,,,,,,,,,,,,,,,136.8,50,137.1,162,,,,,,,,,,,,,,,,
2026-07-07T19:01:48.609956+00:00,2026-07-07T19:01:48.609902,2,2,136.7,0.2,136.6,150,136.3,100,,,,,,,,,,,,,,,,,136.8,3,137.1,162,,,,,,,,,,,,,,,,
2026-07-07T19:01:48.782017+00:00,2026-07-07T19:01:48.781903,2,3,136.7,0.2,136.6,150,136.3,100,,,,,,,,,,,,,,,,,136.8,3,137.1,150,137.2,12,,,,,,,,,,,,,,
2026-07-07T19:01:49.221408+00:00,2026-07-07T19:01:49.221477,2,2,136.85,0.5,136.6,150,136.3,100,,,,,,,,,,,,,,,,,137.1,105,137.2,12,,,,,,,,,,,,,,,,
2026-07-07T19:01:50.046904+00:00,2026-07-07T19:01:50.046842,1,1,136.75,0.9,136.3,100,,,,,,,,,,,,,,,,,,,137.2,12,,,,,,,,,,,,,,,,,,
2026-07-07T19:01:50.102514+00:00,2026-07-07T19:01:50.102417,2,1,137.0,0.4,136.8,150,136.3,100,,,,,,,,,,,,,,,,,137.2,12,,,,,,,,,,,,,,,,,,
2026-07-07T19:01:50.112844+00:00,2026-07-07T19:01:50.112793,2,0,,,136.8,150,136.3,100,,,,,,,,,,,,,,,,,,,,,,,,,,,,,,,,,,,,
2026-07-07T19:01:50.158577+00:00,2026-07-07T19:01:50.154304,2,1,137.05,0.5,136.8,150,136.3,100,,,,,,,,,,,,,,,,,137.3,150,,,,,,,,,,,,,,,,,,
2026-07-07T19:01:50.256132+00:00,2026-07-07T19:01:50.256022,1,1,137.05,0.5,136.8,150,,,,,,,,,,,,,,,,,,,137.3,150,,,,,,,,,,,,,,,,,,
2026-07-07T19:01:50.292663+00:00,2026-07-07T19:01:50.292613,1,2,137.0,0.4,136.8,162,,,,,,,,,,,,,,,,,,,137.2,12,137.3,150,,,,,,,,,,,,,,,,
2026-07-07T19:01:50.313052+00:00,2026-07-07T19:01:50.312987,2,2,137.0,0.4,136.8,162,136.7,100,,,,,,,,,,,,,,,,,137.2,12,137.3,150,,,,,,,,,,,,,,,,
2026-07-07T19:01:50.365793+00:00,2026-07-07T19:01:50.365614,2,2,137.0,0.4,136.8,162,136.7,100,,,,,,,,,,,,,,,,,137.2,112,137.3,150,,,,,,,,,,,,,,,,
2026-07-07T19:01:51.852092+00:00,2026-07-07T19:01:51.845705,2,2,137.0,0.4,136.8,150,136.7,100,,,,,,,,,,,,,,,,,137.2,112,137.3,150,,,,,,,,,,,,,,,,
2026-07-07T19:01:52.247479+00:00,2026-07-07T19:01:52.247383,2,2,137.0,0.4,136.8,150,136.7,100,,,,,,,,,,,,,,,,,137.2,62,137.3,150,,,,,,,,,,,,,,,,
2026-07-07T19:01:53.205934+00:00,2026-07-07T19:01:53.205907,2,1,137.0,0.4,136.8,150,136.7,100,,,,,,,,,,,,,,,,,137.2,62,,,,,,,,,,,,,,,,,,
2026-07-07T19:01:53.211179+00:00,2026-07-07T19:01:53.211087,2,1,137.0,0.4,136.8,12,136.7,100,,,,,,,,,,,,,,,,,137.2,62,,,,,,,,,,,,,,,,,,
2026-07-07T19:01:53.264405+00:00,2026-07-07T19:01:53.264339,2,1,137.0,0.4,136.8,12,136.7,250,,,,,,,,,,,,,,,,,137.2,62,,,,,,,,,,,,,,,,,,
2026-07-07T19:01:53.317053+00:00,2026-07-07T19:01:53.316978,2,1,137.0,0.4,136.8,12,136.7,250,,,,,,,,,,,,,,,,,137.2,212,,,,,,,,,,,,,,,,,,
2026-07-07T19:01:53.420558+00:00,2026-07-07T19:01:53.420462,2,1,137.0,0.4,136.8,12,136.7,150,,,,,,,,,,,,,,,,,137.2,150,,,,,,,,,,,,,,,,,,
2026-07-07T19:01:53.458666+00:00,2026-07-07T19:01:53.454850,1,1,136.95,0.5,136.7,122,,,,,,,,,,,,,,,,,,,137.2,150,,,,,,,,,,,,,,,,,,
2026-07-07T19:01:53.470723+00:00,2026-07-07T19:01:53.470682,1,1,136.95,0.5,136.7,222,,,,,,,,,,,,,,,,,,,137.2,150,,,,,,,,,,,,,,,,,,
2026-07-07T19:01:53.528499+00:00,2026-07-07T19:01:53.528432,1,1,136.95,0.5,136.7,222,,,,,,,,,,,,,,,,,,,137.2,250,,,,,,,,,,,,,,,,,,
2026-07-07T19:01:54.358591+00:00,2026-07-07T19:01:54.354464,1,1,136.95,0.5,136.7,222,,,,,,,,,,,,,,,,,,,137.2,200,,,,,,,,,,,,,,,,,,
2026-07-07T19:01:54.576011+00:00,2026-07-07T19:01:54.575888,1,2,136.9,0.4,136.7,234,,,,,,,,,,,,,,,,,,,137.1,12,137.2,200,,,,,,,,,,,,,,,,
2026-07-07T19:01:55.084708+00:00,2026-07-07T19:01:55.084660,1,1,136.95,0.5,136.7,222,,,,,,,,,,,,,,,,,,,137.2,200,,,,,,,,,,,,,,,,,,
2026-07-07T19:01:55.100189+00:00,2026-07-07T19:01:55.100317,2,2,136.85,0.3,136.7,222,136.6,12,,,,,,,,,,,,,,,,,137.0,12,137.2,200,,,,,,,,,,,,,,,,
2026-07-07T19:01:55.123907+00:00,2026-07-07T19:01:55.109765,2,2,136.85,0.3,136.7,211,136.6,12,,,,,,,,,,,,,,,,,137.0,12,137.2,200,,,,,,,,,,,,,,,,
2026-07-07T19:01:55.290714+00:00,2026-07-07T19:01:55.290884,2,2,136.85,0.3,136.7,165,136.6,12,,,,,,,,,,,,,,,,,137.0,12,137.2,200,,,,,,,,,,,,,,,,
2026-07-07T19:01:56.361626+00:00,2026-07-07T19:01:56.361516,2,1,136.95,0.5,136.7,165,136.6,12,,,,,,,,,,,,,,,,,137.2,168,,,,,,,,,,,,,,,,,,
2026-07-07T19:01:56.366752+00:00,2026-07-07T19:01:56.366726,2,1,136.95,0.5,136.7,165,136.6,12,,,,,,,,,,,,,,,,,137.2,100,,,,,,,,,,,,,,,,,,
2026-07-07T19:01:56.371927+00:00,2026-07-07T19:01:56.371870,2,1,136.95,0.5,136.7,100,136.6,12,,,,,,,,,,,,,,,,,137.2,100,,,,,,,,,,,,,,,,,,
2026-07-07T19:01:56.425279+00:00,2026-07-07T19:01:56.425209,3,1,136.95,0.5,136.7,100,136.6,12,136.5,150,,,,,,,,,,,,,,,137.2,100,,,,,,,,,,,,,,,,,,
2026-07-07T19:01:56.478033+00:00,2026-07-07T19:01:56.477974,3,2,136.85,0.3,136.7,100,136.6,12,136.5,150,,,,,,,,,,,,,,,137.0,150,137.2,100,,,,,,,,,,,,,,,,
2026-07-07T19:01:56.581327+00:00,2026-07-07T19:01:56.581438,2,1,136.8,0.4,136.6,12,136.5,150,,,,,,,,,,,,,,,,,137.0,150,,,,,,,,,,,,,,,,,,
2026-07-07T19:01:56.611104+00:00,2026-07-07T19:01:56.611063,1,1,136.75,0.5,136.5,162,,,,,,,,,,,,,,,,,,,137.0,150,,,,,,,,,,,,,,,,,,
2026-07-07T19:01:56.616318+00:00,2026-07-07T19:01:56.616222,1,2,136.7,0.4,136.5,162,,,,,,,,,,,,,,,,,,,136.9,12,137.0,150,,,,,,,,,,,,,,,,
2026-07-07T19:01:56.637093+00:00,2026-07-07T19:01:56.637059,1,2,136.7,0.4,136.5,262,,,,,,,,,,,,,,,,,,,136.9,12,137.0,150,,,,,,,,,,,,,,,,
2026-07-07T19:01:56.697026+00:00,2026-07-07T19:01:56.696966,1,2,136.7,0.4,136.5,262,,,,,,,,,,,,,,,,,,,136.9,12,137.0,250,,,,,,,,,,,,,,,,
2026-07-07T19:01:57.958668+00:00,2026-07-07T19:01:57.953758,1,2,136.7,0.4,136.5,216,,,,,,,,,,,,,,,,,,,136.9,12,137.0,250,,,,,,,,,,,,,,,,
2026-07-07T19:01:58.575113+00:00,2026-07-07T19:01:58.575021,1,1,136.75,0.5,136.5,216,,,,,,,,,,,,,,,,,,,137.0,250,,,,,,,,,,,,,,,,,,
2026-07-07T19:01:59.531290+00:00,2026-07-07T19:01:59.531236,1,1,136.75,0.5,136.5,112,,,,,,,,,,,,,,,,,,,137.0,100,,,,,,,,,,,,,,,,,,
2026-07-07T19:01:59.584428+00:00,2026-07-07T19:01:59.584543,2,1,136.75,0.5,136.5,112,136.4,150,,,,,,,,,,,,,,,,,137.0,100,,,,,,,,,,,,,,,,,,
2026-07-07T19:01:59.638802+00:00,2026-07-07T19:01:59.638712,2,2,136.7,0.4,136.5,112,136.4,150,,,,,,,,,,,,,,,,,136.9,150,137.0,100,,,,,,,,,,,,,,,,
2026-07-07T19:01:59.743578+00:00,2026-07-07T19:01:59.743742,2,1,136.7,0.4,136.5,12,136.4,150,,,,,,,,,,,,,,,,,136.9,150,,,,,,,,,,,,,,,,,,
2026-07-07T19:01:59.799065+00:00,2026-07-07T19:01:59.799024,3,1,136.75,0.3,136.6,100,136.5,12,136.4,150,,,,,,,,,,,,,,,136.9,150,,,,,,,,,,,,,,,,,,
2026-07-07T19:01:59.884480+00:00,2026-07-07T19:01:59.884641,3,2,136.75,0.3,136.6,100,136.5,12,136.4,150,,,,,,,,,,,,,,,136.9,150,137.1,100,,,,,,,,,,,,,,,,
2026-07-07T19:02:00.685098+00:00,2026-07-07T19:02:00.685056,3,2,136.75,0.3,136.6,59,136.5,12,136.4,150,,,,,,,,,,,,,,,136.9,150,137.1,100,,,,,,,,,,,,,,,,
2026-07-07T19:02:00.704313+00:00,2026-07-07T19:02:00.704261,3,2,136.75,0.3,136.6,59,136.5,12,136.4,150,,,,,,,,,,,,,,,136.9,100,137.1,100,,,,,,,,,,,,,,,,
2026-07-07T19:02:02.187913+00:00,2026-07-07T19:02:02.188056,3,2,136.75,0.3,136.6,59,136.5,12,136.4,150,,,,,,,,,,,,,,,136.9,54,137.1,100,,,,,,,,,,,,,,,,
2026-07-07T19:02:02.694237+00:00,2026-07-07T19:02:02.694109,2,1,136.85,0.5,136.6,59,136.5,12,,,,,,,,,,,,,,,,,137.1,100,,,,,,,,,,,,,,,,,,
2026-07-07T19:02:02.748978+00:00,2026-07-07T19:02:02.748929,3,1,136.95,0.3,136.8,150,136.6,59,136.5,12,,,,,,,,,,,,,,,137.1,100,,,,,,,,,,,,,,,,,,
2026-07-07T19:02:02.797996+00:00,2026-07-07T19:02:02.797862,3,2,136.95,0.3,136.8,150,136.6,59,136.5,12,,,,,,,,,,,,,,,137.1,56,137.3,150,,,,,,,,,,,,,,,,
2026-07-07T19:02:02.813931+00:00,2026-07-07T19:02:02.814055,3,2,136.95,0.3,136.8,150,136.6,59,136.5,12,,,,,,,,,,,,,,,137.1,6,137.3,150,,,,,,,,,,,,,,,,
2026-07-07T19:02:02.938077+00:00,2026-07-07T19:02:02.937949,2,1,137.05,0.5,136.8,150,136.5,12,,,,,,,,,,,,,,,,,137.3,150,,,,,,,,,,,,,,,,,,
2026-07-07T19:02:02.996169+00:00,2026-07-07T19:02:02.996139,2,1,137.05,0.5,136.8,250,136.5,12,,,,,,,,,,,,,,,,,137.3,150,,,,,,,,,,,,,,,,,,
2026-07-07T19:02:03.058579+00:00,2026-07-07T19:02:03.055371,2,1,137.05,0.5,136.8,250,136.5,12,,,,,,,,,,,,,,,,,137.3,250,,,,,,,,,,,,,,,,,,
2026-07-07T19:02:03.934086+00:00,2026-07-07T19:02:03.934024,2,1,137.05,0.5,136.8,207,136.5,12,,,,,,,,,,,,,,,,,137.3,250,,,,,,,,,,,,,,,,,,
2026-07-07T19:02:05.005395+00:00,2026-07-07T19:02:04.998164,2,1,137.05,0.5,136.8,196,136.5,12,,,,,,,,,,,,,,,,,137.3,250,,,,,,,,,,,,,,,,,,
2026-07-07T19:02:05.854293+00:00,2026-07-07T19:02:05.854443,2,1,137.05,0.5,136.8,100,136.5,12,,,,,,,,,,,,,,,,,137.3,100,,,,,,,,,,,,,,,,,,
2026-07-07T19:02:05.913977+00:00,2026-07-07T19:02:05.913951,2,1,137.05,0.5,136.8,100,136.5,162,,,,,,,,,,,,,,,,,137.3,100,,,,,,,,,,,,,,,,,,
2026-07-07T19:02:05.970137+00:00,2026-07-07T19:02:05.970046,2,2,136.9,0.2,136.8,100,136.5,162,,,,,,,,,,,,,,,,,137.0,150,137.3,100,,,,,,,,,,,,,,,,
2026-07-07T19:02:06.039814+00:00,2026-07-07T19:02:06.033621,2,2,136.9,0.2,136.8,41,136.5,162,,,,,,,,,,,,,,,,,137.0,150,137.3,100,,,,,,,,,,,,,,,,
2026-07-07T19:02:06.111158+00:00,2026-07-07T19:02:06.111085,1,1,136.75,0.5,136.5,162,,,,,,,,,,,,,,,,,,,137.0,150,,,,,,,,,,,,,,,,,,
2026-07-07T19:02:06.163898+00:00,2026-07-07T19:02:06.163774,2,1,136.75,0.5,136.5,162,136.4,100,,,,,,,,,,,,,,,,,137.0,150,,,,,,,,,,,,,,,,,,
2026-07-07T19:02:06.218812+00:00,2026-07-07T19:02:06.218728,2,2,136.7,0.4,136.5,162,136.4,100,,,,,,,,,,,,,,,,,136.9,100,137.0,150,,,,,,,,,,,,,,,,
2026-07-07T19:02:07.073949+00:00,2026-07-07T19:02:07.073896,2,2,136.7,0.4,136.5,112,136.4,100,,,,,,,,,,,,,,,,,136.9,100,137.0,150,,,,,,,,,,,,,,,,
2026-07-07T19:02:07.146194+00:00,2026-07-07T19:02:07.146330,2,3,136.65,0.3,136.5,112,136.4,112,,,,,,,,,,,,,,,,,136.8,12,136.9,100,137.0,150,,,,,,,,,,,,,,
2026-07-07T19:02:07.858538+00:00,2026-07-07T19:02:07.858272,2,2,136.7,0.4,136.5,112,136.4,112,,,,,,,,,,,,,,,,,136.9,70,137.0,150,,,,,,,,,,,,,,,,
2026-07-07T19:02:08.915480+00:00,2026-07-07T19:02:08.915640,2,2,136.7,0.4,136.5,112,136.4,100,,,,,,,,,,,,,,,,,136.9,70,137.0,150,,,,,,,,,,,,,,,,
2026-07-07T19:02:08.920894+00:00,2026-07-07T19:02:08.920833,2,2,136.7,0.4,136.5,124,136.4,100,,,,,,,,,,,,,,,,,136.9,70,137.0,150,,,,,,,,,,,,,,,,
2026-07-07T19:02:08.936699+00:00,2026-07-07T19:02:08.936639,2,3,136.65,0.3,136.5,124,136.4,100,,,,,,,,,,,,,,,,,136.8,12,136.9,70,137.0,150,,,,,,,,,,,,,,
2026-07-07T19:02:09.025386+00:00,2026-07-07T19:02:09.025286,2,2,136.65,0.3,136.5,12,136.4,100,,,,,,,,,,,,,,,,,136.8,12,136.9,70,,,,,,,,,,,,,,,,
2026-07-07T19:02:09.080926+00:00,2026-07-07T19:02:09.080835,3,2,136.65,0.3,136.5,12,136.4,100,136.3,150,,,,,,,,,,,,,,,136.8,12,136.9,70,,,,,,,,,,,,,,,,
2026-07-07T19:02:09.134401+00:00,2026-07-07T19:02:09.134198,3,2,136.65,0.3,136.5,12,136.4,100,136.3,150,,,,,,,,,,,,,,,136.8,162,136.9,70,,,,,,,,,,,,,,,,
2026-07-07T19:02:09.184361+00:00,2026-07-07T19:02:09.184249,2,2,136.6,0.4,136.4,62,136.3,150,,,,,,,,,,,,,,,,,136.8,162,136.9,70,,,,,,,,,,,,,,,,
2026-07-07T19:02:09.272859+00:00,2026-07-07T19:02:09.272974,1,1,136.55,0.5,136.3,150,,,,,,,,,,,,,,,,,,,136.8,162,,,,,,,,,,,,,,,,,,
2026-07-07T19:02:09.328751+00:00,2026-07-07T19:02:09.328684,2,1,136.6,0.4,136.4,100,136.3,150,,,,,,,,,,,,,,,,,136.8,162,,,,,,,,,,,,,,,,,,
2026-07-07T19:02:09.382272+00:00,2026-07-07T19:02:09.382144,2,2,136.6,0.4,136.4,100,136.3,150,,,,,,,,,,,,,,,,,136.8,162,136.9,100,,,,,,,,,,,,,,,,
2026-07-07T19:02:11.293819+00:00,2026-07-07T19:02:11.293778,2,2,136.6,0.4,136.4,50,136.3,150,,,,,,,,,,,,,,,,,136.8,162,136.9,100,,,,,,,,,,,,,,,,
2026-07-07T19:02:11.974221+00:00,2026-07-07T19:02:11.974112,2,2,136.6,0.4,136.4,50,136.3,150,,,,,,,,,,,,,,,,,136.8,150,136.9,100,,,,,,,,,,,,,,,,
2026-07-07T19:02:11.979386+00:00,2026-07-07T19:02:11.979324,2,3,136.55,0.3,136.4,50,136.3,162,,,,,,,,,,,,,,,,,136.7,12,136.8,150,136.9,100,,,,,,,,,,,,,,
2026-07-07T19:02:12.189346+00:00,2026-07-07T19:02:12.189255,2,2,136.55,0.3,136.4,50,136.3,12,,,,,,,,,,,,,,,,,136.7,12,136.9,100,,,,,,,,,,,,,,,,
2026-07-07T19:02:12.244155+00:00,2026-07-07T19:02:12.244097,3,2,136.55,0.3,136.4,50,136.3,12,136.2,150,,,,,,,,,,,,,,,136.7,12,136.9,100,,,,,,,,,,,,,,,,
2026-07-07T19:02:12.296764+00:00,2026-07-07T19:02:12.296659,3,2,136.55,0.3,136.4,50,136.3,12,136.2,150,,,,,,,,,,,,,,,136.7,162,136.9,100,,,,,,,,,,,,,,,,
2026-07-07T19:02:12.436325+00:00,2026-07-07T19:02:12.436275,2,1,136.5,0.4,136.3,12,136.2,150,,,,,,,,,,,,,,,,,136.7,162,,,,,,,,,,,,,,,,,,
2026-07-07T19:02:12.491223+00:00,2026-07-07T19:02:12.491085,3,1,136.5,0.4,136.3,12,136.2,150,136.1,100,,,,,,,,,,,,,,,136.7,162,,,,,,,,,,,,,,,,,,
2026-07-07T19:02:12.572323+00:00,2026-07-07T19:02:12.572128,3,2,136.45,0.3,136.3,12,136.2,150,136.1,100,,,,,,,,,,,,,,,136.6,100,136.7,162,,,,,,,,,,,,,,,,
2026-07-07T19:02:12.988241+00:00,2026-07-07T19:02:12.988164,2,2,136.4,0.4,136.2,150,136.1,100,,,,,,,,,,,,,,,,,136.6,100,136.7,150,,,,,,,,,,,,,,,,
2026-07-07T19:02:12.993415+00:00,2026-07-07T19:02:12.993307,3,2,136.45,0.3,136.3,12,136.2,150,136.1,100,,,,,,,,,,,,,,,136.6,100,136.7,150,,,,,,,,,,,,,,,,
2026-07-07T19:02:12.998598+00:00,2026-07-07T19:02:12.998485,3,2,136.45,0.3,136.3,12,136.2,150,136.1,100,,,,,,,,,,,,,,,136.6,112,136.7,150,,,,,,,,,,,,,,,,
2026-07-07T19:02:13.401362+00:00,2026-07-07T19:02:13.401299,2,2,136.4,0.4,136.2,112,136.1,100,,,,,,,,,,,,,,,,,136.6,112,136.7,150,,,,,,,,,,,,,,,,
2026-07-07T19:02:15.351500+00:00,2026-07-07T19:02:15.351421,1,1,136.35,0.5,136.1,100,,,,,,,,,,,,,,,,,,,136.6,112,,,,,,,,,,,,,,,,,,
2026-07-07T19:02:15.401910+00:00,2026-07-07T19:02:15.401829,2,1,136.35,0.5,136.1,100,136.0,150,,,,,,,,,,,,,,,,,136.6,112,,,,,,,,,,,,,,,,,,
2026-07-07T19:02:15.458574+00:00,2026-07-07T19:02:15.455706,2,2,136.3,0.4,136.1,100,136.0,150,,,,,,,,,,,,,,,,,136.5,150,136.6,112,,,,,,,,,,,,,,,,
2026-07-07T19:02:15.471459+00:00,2026-07-07T19:02:15.463435,2,2,136.3,0.4,136.1,100,136.0,150,,,,,,,,,,,,,,,,,136.5,138,136.6,112,,,,,,,,,,,,,,,,
2026-07-07T19:02:15.509123+00:00,2026-07-07T19:02:15.509248,2,2,136.3,0.4,136.1,50,136.0,150,,,,,,,,,,,,,,,,,136.5,138,136.6,112,,,,,,,,,,,,,,,,
2026-07-07T19:02:15.621061+00:00,2026-07-07T19:02:15.620989,2,2,136.3,0.4,136.1,50,136.0,150,,,,,,,,,,,,,,,,,136.5,138,136.6,12,,,,,,,,,,,,,,,,
2026-07-07T19:02:15.626244+00:00,2026-07-07T19:02:15.626134,1,2,136.25,0.5,136.0,150,,,,,,,,,,,,,,,,,,,136.5,138,136.6,12,,,,,,,,,,,,,,,,
2026-07-07T19:02:15.679829+00:00,2026-07-07T19:02:15.679925,1,2,136.25,0.5,136.0,250,,,,,,,,,,,,,,,,,,,136.5,138,136.6,12,,,,,,,,,,,,,,,,
2026-07-07T19:02:15.729597+00:00,2026-07-07T19:02:15.729742,1,2,136.25,0.5,136.0,250,,,,,,,,,,,,,,,,,,,136.5,238,136.6,12,,,,,,,,,,,,,,,,
2026-07-07T19:02:15.758545+00:00,2026-07-07T19:02:15.758060,2,1,136.3,0.4,136.1,12,136.0,250,,,,,,,,,,,,,,,,,136.5,238,,,,,,,,,,,,,,,,,,
2026-07-07T19:02:15.769824+00:00,2026-07-07T19:02:15.769794,2,2,136.3,0.4,136.1,12,136.0,250,,,,,,,,,,,,,,,,,136.5,238,136.7,12,,,,,,,,,,,,,,,,
2026-07-07T19:02:17.567398+00:00,2026-07-07T19:02:17.567352,2,2,136.3,0.4,136.1,12,136.0,250,,,,,,,,,,,,,,,,,136.5,188,136.7,12,,,,,,,,,,,,,,,,
2026-07-07T19:02:18.279581+00:00,2026-07-07T19:02:18.279525,1,1,136.25,0.5,136.0,250,,,,,,,,,,,,,,,,,,,136.5,188,,,,,,,,,,,,,,,,,,
2026-07-07T19:02:18.284859+00:00,2026-07-07T19:02:18.284750,2,1,136.3,0.4,136.1,12,136.0,250,,,,,,,,,,,,,,,,,136.5,200,,,,,,,,,,,,,,,,,,
2026-07-07T19:02:18.396603+00:00,2026-07-07T19:02:18.396503,2,1,136.3,0.4,136.1,12,136.0,250,,,,,,,,,,,,,,,,,136.5,155,,,,,,,,,,,,,,,,,,
2026-07-07T19:02:18.514646+00:00,2026-07-07T19:02:18.514562,2,1,136.3,0.4,136.1,12,136.0,100,,,,,,,,,,,,,,,,,136.5,112,,,,,,,,,,,,,,,,,,
2026-07-07T19:02:18.569986+00:00,2026-07-07T19:02:18.569884,3,1,136.35,0.3,136.2,150,136.1,12,136.0,100,,,,,,,,,,,,,,,136.5,112,,,,,,,,,,,,,,,,,,
2026-07-07T19:02:18.631801+00:00,2026-07-07T19:02:18.631742,3,2,136.35,0.3,136.2,150,136.1,12,136.0,100,,,,,,,,,,,,,,,136.5,112,136.7,150,,,,,,,,,,,,,,,,
2026-07-07T19:02:18.786288+00:00,2026-07-07T19:02:18.786241,2,2,136.35,0.3,136.2,150,136.1,12,,,,,,,,,,,,,,,,,136.5,12,136.7,150,,,,,,,,,,,,,,,,
2026-07-07T19:02:18.839495+00:00,2026-07-07T19:02:18.839377,3,2,136.35,0.3,136.2,150,136.1,12,135.8,100,,,,,,,,,,,,,,,136.5,12,136.7,150,,,,,,,,,,,,,,,,
2026-07-07T19:02:18.891166+00:00,2026-07-07T19:02:18.891283,3,3,136.25,0.1,136.2,150,136.1,12,135.8,100,,,,,,,,,,,,,,,136.3,100,136.5,12,136.7,150,,,,,,,,,,,,,,
2026-07-07T19:02:19.726928+00:00,2026-07-07T19:02:19.727125,3,3,136.25,0.1,136.2,100,136.1,12,135.8,100,,,,,,,,,,,,,,,136.3,100,136.5,12,136.7,150,,,,,,,,,,,,,,
2026-07-07T19:02:20.490297+00:00,2026-07-07T19:02:20.490257,3,3,136.25,0.1,136.2,100,136.1,12,135.8,100,,,,,,,,,,,,,,,136.3,57,136.5,12,136.7,150,,,,,,,,,,,,,,
2026-07-07T19:02:20.553975+00:00,2026-07-07T19:02:20.547604,3,3,136.25,0.1,136.2,100,136.1,12,135.8,100,,,,,,,,,,,,,,,136.3,46,136.5,12,136.7,150,,,,,,,,,,,,,,
2026-07-07T19:02:20.798292+00:00,2026-07-07T19:02:20.798222,2,2,136.25,0.1,136.2,100,135.8,100,,,,,,,,,,,,,,,,,136.3,46,136.7,150,,,,,,,,,,,,,,,,
2026-07-07T19:02:20.803296+00:00,2026-07-07T19:02:20.803376,2,2,136.25,0.1,136.2,112,135.8,100,,,,,,,,,,,,,,,,,136.3,46,136.7,150,,,,,,,,,,,,,,,,
2026-07-07T19:02:20.808717+00:00,2026-07-07T19:02:20.808635,2,3,136.25,0.1,136.2,112,135.8,100,,,,,,,,,,,,,,,,,136.3,46,136.6,12,136.7,150,,,,,,,,,,,,,,
2026-07-07T19:02:21.693896+00:00,2026-07-07T19:02:21.694093,2,2,136.25,0.1,136.2,12,135.8,100,,,,,,,,,,,,,,,,,136.3,46,136.6,12,,,,,,,,,,,,,,,,
2026-07-07T19:02:21.758906+00:00,2026-07-07T19:02:21.752453,2,2,136.25,0.1,136.2,162,135.8,100,,,,,,,,,,,,,,,,,136.3,35,136.6,12,,,,,,,,,,,,,,,,
2026-07-07T19:02:21.779904+00:00,2026-07-07T19:02:21.779775,2,1,136.4,0.4,136.2,162,135.8,100,,,,,,,,,,,,,,,,,136.6,12,,,,,,,,,,,,,,,,,,
2026-07-07T19:02:21.802493+00:00,2026-07-07T19:02:21.802428,2,2,136.4,0.4,136.2,162,135.8,100,,,,,,,,,,,,,,,,,136.6,12,136.7,150,,,,,,,,,,,,,,,,
2026-07-07T19:02:21.945264+00:00,2026-07-07T19:02:21.945193,1,2,136.4,0.4,136.2,162,,,,,,,,,,,,,,,,,,,136.6,12,136.7,150,,,,,,,,,,,,,,,,
2026-07-07T19:02:22.001655+00:00,2026-07-07T19:02:22.001582,2,2,136.45,0.3,136.3,100,136.2,162,,,,,,,,,,,,,,,,,136.6,12,136.7,150,,,,,,,,,,,,,,,,
2026-07-07T19:02:22.054600+00:00,2026-07-07T19:02:22.054489,2,3,136.45,0.3,136.3,100,136.2,162,,,,,,,,,,,,,,,,,136.6,12,136.7,150,136.8,100,,,,,,,,,,,,,,
2026-07-07T19:02:24.822119+00:00,2026-07-07T19:02:24.822072,2,3,136.45,0.3,136.3,100,136.2,150,,,,,,,,,,,,,,,,,136.6,12,136.7,150,136.8,100,,,,,,,,,,,,,,
2026-07-07T19:02:24.827159+00:00,2026-07-07T19:02:24.827275,3,2,136.55,0.3,136.4,12,136.3,100,136.2,150,,,,,,,,,,,,,,,136.7,150,136.8,100,,,,,,,,,,,,,,,,
2026-07-07T19:02:24.832488+00:00,2026-07-07T19:02:24.832431,3,2,136.55,0.3,136.4,12,136.3,100,136.2,150,,,,,,,,,,,,,,,136.7,162,136.8,100,,,,,,,,,,,,,,,,
2026-07-07T19:02:24.858637+00:00,2026-07-07T19:02:24.856226,2,2,136.55,0.3,136.4,12,136.3,100,,,,,,,,,,,,,,,,,136.7,12,136.8,100,,,,,,,,,,,,,,,,
2026-07-07T19:02:24.909941+00:00,2026-07-07T19:02:24.909874,2,2,136.55,0.3,136.4,12,136.3,250,,,,,,,,,,,,,,,,,136.7,12,136.8,100,,,,,,,,,,,,,,,,
2026-07-07T19:02:24.958625+00:00,2026-07-07T19:02:24.956799,2,2,136.55,0.3,136.4,12,136.3,250,,,,,,,,,,,,,,,,,136.7,12,136.8,250,,,,,,,,,,,,,,,,
2026-07-07T19:02:25.110570+00:00,2026-07-07T19:02:25.110775,2,2,136.55,0.3,136.4,12,136.3,150,,,,,,,,,,,,,,,,,136.7,12,136.8,150,,,,,,,,,,,,,,,,
2026-07-07T19:02:25.167610+00:00,2026-07-07T19:02:25.167521,2,2,136.55,0.3,136.4,112,136.3,150,,,,,,,,,,,,,,,,,136.7,12,136.8,150,,,,,,,,,,,,,,,,
2026-07-07T19:02:25.221925+00:00,2026-07-07T19:02:25.221833,2,3,136.55,0.3,136.4,112,136.3,150,,,,,,,,,,,,,,,,,136.7,12,136.8,150,136.9,100,,,,,,,,,,,,,,
2026-07-07T19:02:26.047006+00:00,2026-07-07T19:02:26.046867,2,3,136.55,0.3,136.4,62,136.3,150,,,,,,,,,,,,,,,,,136.7,12,136.8,150,136.9,100,,,,,,,,,,,,,,
2026-07-07T19:02:26.525258+00:00,2026-07-07T19:02:26.525010,2,3,136.55,0.3,136.4,16,136.3,150,,,,,,,,,,,,,,,,,136.7,12,136.8,150,136.9,100,,,,,,,,,,,,,,
2026-07-07T19:02:26.995390+00:00,2026-07-07T19:02:26.995337,2,2,136.6,0.4,136.4,16,136.3,150,,,,,,,,,,,,,,,,,136.8,114,136.9,100,,,,,,,,,,,,,,,,
2026-07-07T19:02:27.376291+00:00,2026-07-07T19:02:27.376381,3,2,136.65,0.3,136.5,12,136.4,16,136.3,150,,,,,,,,,,,,,,,136.8,114,136.9,100,,,,,,,,,,,,,,,,
2026-07-07T19:02:27.381672+00:00,2026-07-07T19:02:27.381590,3,2,136.65,0.3,136.5,12,136.4,16,136.3,150,,,,,,,,,,,,,,,136.8,114,136.9,112,,,,,,,,,,,,,,,,
2026-07-07T19:02:28.016107+00:00,2026-07-07T19:02:28.016008,2,1,136.7,0.4,136.5,12,136.4,16,,,,,,,,,,,,,,,,,136.9,112,,,,,,,,,,,,,,,,,,
2026-07-07T19:02:28.072673+00:00,2026-07-07T19:02:28.072620,3,1,136.75,0.3,136.6,150,136.5,12,136.4,16,,,,,,,,,,,,,,,136.9,112,,,,,,,,,,,,,,,,,,
2026-07-07T19:02:28.126140+00:00,2026-07-07T19:02:28.125978,3,2,136.75,0.3,136.6,150,136.5,12,136.4,16,,,,,,,,,,,,,,,136.9,112,137.1,150,,,,,,,,,,,,,,,,
2026-07-07T19:02:28.163863+00:00,2026-07-07T19:02:28.163757,3,2,136.75,0.3,136.6,100,136.5,12,136.4,16,,,,,,,,,,,,,,,136.9,112,137.1,150,,,,,,,,,,,,,,,,
2026-07-07T19:02:28.272378+00:00,2026-07-07T19:02:28.272469,3,2,136.75,0.3,136.6,100,136.5,12,136.4,16,,,,,,,,,,,,,,,136.9,12,137.1,150,,,,,,,,,,,,,,,,
2026-07-07T19:02:28.277675+00:00,2026-07-07T19:02:28.277635,2,2,136.75,0.3,136.6,100,136.5,12,,,,,,,,,,,,,,,,,136.9,12,137.1,150,,,,,,,,,,,,,,,,
2026-07-07T19:02:28.329107+00:00,2026-07-07T19:02:28.328999,3,2,136.75,0.3,136.6,100,136.5,12,136.2,100,,,,,,,,,,,,,,,136.9,12,137.1,150,,,,,,,,,,,,,,,,
2026-07-07T19:02:28.382907+00:00,2026-07-07T19:02:28.382874,3,3,136.65,0.1,136.6,100,136.5,12,136.2,100,,,,,,,,,,,,,,,136.7,100,136.9,12,137.1,150,,,,,,,,,,,,,,
2026-07-07T19:02:29.027132+00:00,2026-07-07T19:02:29.021121,3,3,136.65,0.1,136.6,89,136.5,12,136.2,100,,,,,,,,,,,,,,,136.7,100,136.9,12,137.1,150,,,,,,,,,,,,,,
2026-07-07T19:02:30.137188+00:00,2026-07-07T19:02:30.137084,2,3,136.65,0.1,136.6,89,136.2,100,,,,,,,,,,,,,,,,,136.7,100,136.9,12,137.1,150,,,,,,,,,,,,,,
2026-07-07T19:02:30.163821+00:00,2026-07-07T19:02:30.163797,3,2,136.65,0.1,136.6,89,136.4,12,136.2,100,,,,,,,,,,,,,,,136.7,100,137.1,150,,,,,,,,,,,,,,,,
2026-07-07T19:02:30.169021+00:00,2026-07-07T19:02:30.168953,3,2,136.65,0.1,136.6,89,136.4,12,136.2,100,,,,,,,,,,,,,,,136.7,112,137.1,150,,,,,,,,,,,,,,,,
2026-07-07T19:02:30.214300+00:00,2026-07-07T19:02:30.214121,3,2,136.65,0.1,136.6,89,136.4,12,136.2,100,,,,,,,,,,,,,,,136.7,62,137.1,150,,,,,,,,,,,,,,,,
2026-07-07T19:02:31.178472+00:00,2026-07-07T19:02:31.178396,3,1,136.65,0.1,136.6,89,136.4,12,136.2,100,,,,,,,,,,,,,,,136.7,62,,,,,,,,,,,,,,,,,,
2026-07-07T19:02:31.183658+00:00,2026-07-07T19:02:31.183548,2,1,136.55,0.3,136.4,12,136.2,100,,,,,,,,,,,,,,,,,136.7,62,,,,,,,,,,,,,,,,,,
2026-07-07T19:02:31.234354+00:00,2026-07-07T19:02:31.234234,2,1,136.55,0.3,136.4,12,136.2,250,,,,,,,,,,,,,,,,,136.7,62,,,,,,,,,,,,,,,,,,
2026-07-07T19:02:31.286258+00:00,2026-07-07T19:02:31.286204,2,1,136.55,0.3,136.4,12,136.2,250,,,,,,,,,,,,,,,,,136.7,212,,,,,,,,,,,,,,,,,,
2026-07-07T19:02:31.439664+00:00,2026-07-07T19:02:31.439569,2,1,136.55,0.3,136.4,12,136.2,150,,,,,,,,,,,,,,,,,136.7,162,,,,,,,,,,,,,,,,,,
2026-07-07T19:02:31.495334+00:00,2026-07-07T19:02:31.495224,3,1,136.55,0.3,136.4,12,136.3,100,136.2,150,,,,,,,,,,,,,,,136.7,162,,,,,,,,,,,,,,,,,,
2026-07-07T19:02:31.548621+00:00,2026-07-07T19:02:31.548407,3,2,136.55,0.3,136.4,12,136.3,100,136.2,150,,,,,,,,,,,,,,,136.7,162,136.8,100,,,,,,,,,,,,,,,,
2026-07-07T19:02:31.677235+00:00,2026-07-07T19:02:31.677179,3,3,136.6,0.2,136.5,12,136.3,100,136.2,150,,,,,,,,,,,,,,,136.7,150,136.8,100,136.9,12,,,,,,,,,,,,,,
2026-07-07T19:02:32.372880+00:00,2026-07-07T19:02:32.372739,2,3,136.5,0.4,136.3,62,136.2,150,,,,,,,,,,,,,,,,,136.7,150,136.8,100,136.9,12,,,,,,,,,,,,,,
2026-07-07T19:02:32.695522+00:00,2026-07-07T19:02:32.695469,2,2,136.5,0.4,136.3,62,136.2,150,,,,,,,,,,,,,,,,,136.7,162,136.8,100,,,,,,,,,,,,,,,,
2026-07-07T19:02:34.343979+00:00,2026-07-07T19:02:34.344091,1,2,136.5,0.4,136.3,62,,,,,,,,,,,,,,,,,,,136.7,12,136.8,100,,,,,,,,,,,,,,,,
2026-07-07T19:02:34.405864+00:00,2026-07-07T19:02:34.405718,2,2,136.5,0.4,136.3,62,136.2,150,,,,,,,,,,,,,,,,,136.7,12,136.8,100,,,,,,,,,,,,,,,,
2026-07-07T19:02:34.431646+00:00,2026-07-07T19:02:34.431750,2,1,136.55,0.5,136.3,62,136.2,150,,,,,,,,,,,,,,,,,136.8,62,,,,,,,,,,,,,,,,,,
2026-07-07T19:02:34.458535+00:00,2026-07-07T19:02:34.457790,2,2,136.5,0.4,136.3,62,136.2,150,,,,,,,,,,,,,,,,,136.7,150,136.8,62,,,,,,,,,,,,,,,,
2026-07-07T19:02:34.604613+00:00,2026-07-07T19:02:34.604571,1,1,136.45,0.5,136.2,150,,,,,,,,,,,,,,,,,,,136.7,150,,,,,,,,,,,,,,,,,,
2026-07-07T19:02:34.658640+00:00,2026-07-07T19:02:34.655386,1,1,136.45,0.5,136.2,250,,,,,,,,,,,,,,,,,,,136.7,150,,,,,,,,,,,,,,,,,,
2026-07-07T19:02:34.714289+00:00,2026-07-07T19:02:34.714200,1,1,136.45,0.5,136.2,250,,,,,,,,,,,,,,,,,,,136.7,250,,,,,,,,,,,,,,,,,,
2026-07-07T19:02:36.536847+00:00,2026-07-07T19:02:36.536978,1,1,136.45,0.5,136.2,250,,,,,,,,,,,,,,,,,,,136.7,200,,,,,,,,,,,,,,,,,,
2026-07-07T19:02:37.519835+00:00,2026-07-07T19:02:37.519763,1,1,136.45,0.5,136.2,100,,,,,,,,,,,,,,,,,,,136.7,100,,,,,,,,,,,,,,,,,,
2026-07-07T19:02:37.574709+00:00,2026-07-07T19:02:37.574621,2,1,136.55,0.3,136.4,150,136.2,100,,,,,,,,,,,,,,,,,136.7,100,,,,,,,,,,,,,,,,,,
2026-07-07T19:02:37.628837+00:00,2026-07-07T19:02:37.628710,2,2,136.55,0.3,136.4,150,136.2,100,,,,,,,,,,,,,,,,,136.7,100,136.9,150,,,,,,,,,,,,,,,,
2026-07-07T19:02:37.758613+00:00,2026-07-07T19:02:37.757525,2,1,136.65,0.5,136.4,150,136.2,100,,,,,,,,,,,,,,,,,136.9,150,,,,,,,,,,,,,,,,,,
2026-07-07T19:02:37.769620+00:00,2026-07-07T19:02:37.769451,1,1,136.65,0.5,136.4,150,,,,,,,,,,,,,,,,,,,136.9,150,,,,,,,,,,,,,,,,,,
2026-07-07T19:02:37.822252+00:00,2026-07-07T19:02:37.822201,2,1,136.65,0.5,136.4,150,136.2,100,,,,,,,,,,,,,,,,,136.9,150,,,,,,,,,,,,,,,,,,
2026-07-07T19:02:37.873211+00:00,2026-07-07T19:02:37.873173,2,2,136.55,0.3,136.4,150,136.2,100,,,,,,,,,,,,,,,,,136.7,100,136.9,150,,,,,,,,,,,,,,,,
2026-07-07T19:02:38.650947+00:00,2026-07-07T19:02:38.651072,2,2,136.55,0.3,136.4,150,136.2,100,,,,,,,,,,,,,,,,,136.7,50,136.9,150,,,,,,,,,,,,,,,,
2026-07-07T19:02:39.979428+00:00,2026-07-07T19:02:39.979330,3,2,136.6,0.2,136.5,12,136.4,150,136.2,100,,,,,,,,,,,,,,,136.7,50,136.9,150,,,,,,,,,,,,,,,,
2026-07-07T19:02:39.984597+00:00,2026-07-07T19:02:39.984486,3,3,136.6,0.2,136.5,12,136.4,150,136.2,100,,,,,,,,,,,,,,,136.7,50,136.8,12,136.9,150,,,,,,,,,,,,,,
2026-07-07T19:02:40.348417+00:00,2026-07-07T19:02:40.348367,2,3,136.55,0.3,136.4,115,136.2,100,,,,,,,,,,,,,,,,,136.7,50,136.8,12,136.9,150,,,,,,,,,,,,,,
2026-07-07T19:02:40.681177+00:00,2026-07-07T19:02:40.681314,1,2,136.45,0.5,136.2,100,,,,,,,,,,,,,,,,,,,136.7,50,136.8,12,,,,,,,,,,,,,,,,
2026-07-07T19:02:40.736349+00:00,2026-07-07T19:02:40.736230,2,2,136.5,0.4,136.3,150,136.2,100,,,,,,,,,,,,,,,,,136.7,50,136.8,12,,,,,,,,,,,,,,,,
2026-07-07T19:02:40.758661+00:00,2026-07-07T19:02:40.753498,2,1,136.55,0.5,136.3,150,136.2,100,,,,,,,,,,,,,,,,,136.8,12,,,,,,,,,,,,,,,,,,
2026-07-07T19:02:40.790160+00:00,2026-07-07T19:02:40.790083,2,1,136.55,0.5,136.3,150,136.2,100,,,,,,,,,,,,,,,,,136.8,162,,,,,,,,,,,,,,,,,,
2026-07-07T19:02:40.925372+00:00,2026-07-07T19:02:40.925305,1,1,136.55,0.5,136.3,150,,,,,,,,,,,,,,,,,,,136.8,162,,,,,,,,,,,,,,,,,,
2026-07-07T19:02:40.981981+00:00,2026-07-07T19:02:40.981944,2,1,136.7,0.2,136.6,100,136.3,150,,,,,,,,,,,,,,,,,136.8,162,,,,,,,,,,,,,,,,,,
2026-07-07T19:02:41.058677+00:00,2026-07-07T19:02:41.056888,2,2,136.7,0.2,136.6,100,136.3,150,,,,,,,,,,,,,,,,,136.8,162,137.1,100,,,,,,,,,,,,,,,,
2026-07-07T19:02:42.009376+00:00,2026-07-07T19:02:42.009297,2,3,136.65,0.1,136.6,100,136.3,150,,,,,,,,,,,,,,,,,136.7,12,136.8,150,137.1,100,,,,,,,,,,,,,,
2026-07-07T19:02:43.842022+00:00,2026-07-07T19:02:43.841909,1,2,136.65,0.1,136.6,100,,,,,,,,,,,,,,,,,,,136.7,12,137.1,100,,,,,,,,,,,,,,,,
2026-07-07T19:02:43.895266+00:00,2026-07-07T19:02:43.895403,2,2,136.65,0.1,136.6,100,136.3,150,,,,,,,,,,,,,,,,,136.7,12,137.1,100,,,,,,,,,,,,,,,,
2026-07-07T19:02:43.948814+00:00,2026-07-07T19:02:43.948692,2,2,136.65,0.1,136.6,100,136.3,150,,,,,,,,,,,,,,,,,136.7,162,137.1,100,,,,,,,,,,,,,,,,
2026-07-07T19:02:44.115885+00:00,2026-07-07T19:02:44.115788,1,1,136.5,0.4,136.3,150,,,,,,,,,,,,,,,,,,,136.7,162,,,,,,,,,,,,,,,,,,
2026-07-07T19:02:44.170284+00:00,2026-07-07T19:02:44.170247,2,1,136.6,0.2,136.5,100,136.3,150,,,,,,,,,,,,,,,,,136.7,162,,,,,,,,,,,,,,,,,,
2026-07-07T19:02:44.224110+00:00,2026-07-07T19:02:44.224033,2,2,136.6,0.2,136.5,100,136.3,150,,,,,,,,,,,,,,,,,136.7,162,137.0,100,,,,,,,,,,,,,,,,
2026-07-07T19:02:45.720513+00:00,2026-07-07T19:02:45.720728,2,2,136.6,0.2,136.5,100,136.3,150,,,,,,,,,,,,,,,,,136.7,121,137.0,100,,,,,,,,,,,,,,,,
2026-07-07T19:02:47.004980+00:00,2026-07-07T19:02:47.004893,1,1,136.75,0.5,136.5,100,,,,,,,,,,,,,,,,,,,137.0,100,,,,,,,,,,,,,,,,,,
2026-07-07T19:02:47.034540+00:00,2026-07-07T19:02:47.034479,2,2,136.7,0.4,136.5,100,136.3,12,,,,,,,,,,,,,,,,,136.9,12,137.0,100,,,,,,,,,,,,,,,,
2026-07-07T19:02:47.058615+00:00,2026-07-07T19:02:47.050281,2,2,136.7,0.4,136.5,100,136.3,162,,,,,,,,,,,,,,,,,136.9,12,137.0,100,,,,,,,,,,,,,,,,
2026-07-07T19:02:47.113394+00:00,2026-07-07T19:02:47.113312,2,2,136.65,0.3,136.5,100,136.3,162,,,,,,,,,,,,,,,,,136.8,150,137.0,62,,,,,,,,,,,,,,,,
2026-07-07T19:02:47.277825+00:00,2026-07-07T19:02:47.277725,1,1,136.55,0.5,136.3,162,,,,,,,,,,,,,,,,,,,136.8,150,,,,,,,,,,,,,,,,,,
2026-07-07T19:02:47.344470+00:00,2026-07-07T19:02:47.337846,2,1,136.7,0.2,136.6,89,136.3,162,,,,,,,,,,,,,,,,,136.8,150,,,,,,,,,,,,,,,,,,
2026-07-07T19:02:47.385607+00:00,2026-07-07T19:02:47.385533,2,2,136.7,0.2,136.6,89,136.3,162,,,,,,,,,,,,,,,,,136.8,150,137.1,100,,,,,,,,,,,,,,,,
2026-07-07T19:02:47.548641+00:00,2026-07-07T19:02:47.548603,3,2,136.7,0.2,136.6,89,136.4,12,136.3,150,,,,,,,,,,,,,,,136.8,150,137.1,100,,,,,,,,,,,,,,,,
2026-07-07T19:02:47.553906+00:00,2026-07-07T19:02:47.553788,3,2,136.7,0.2,136.6,89,136.4,12,136.3,150,,,,,,,,,,,,,,,136.8,162,137.1,100,,,,,,,,,,,,,,,,
2026-07-07T19:02:49.224446+00:00,2026-07-07T19:02:49.224412,3,2,136.7,0.2,136.6,89,136.4,12,136.3,150,,,,,,,,,,,,,,,136.8,112,137.1,100,,,,,,,,,,,,,,,,
2026-07-07T19:02:49.814483+00:00,2026-07-07T19:02:49.814437,2,2,136.7,0.2,136.6,89,136.3,150,,,,,,,,,,,,,,,,,136.8,100,137.1,100,,,,,,,,,,,,,,,,
2026-07-07T19:02:49.819758+00:00,2026-07-07T19:02:49.819647,3,2,136.7,0.2,136.6,89,136.5,12,136.3,150,,,,,,,,,,,,,,,136.8,112,137.1,100,,,,,,,,,,,,,,,,
2026-07-07T19:02:50.172027+00:00,2026-07-07T19:02:50.171970,2,2,136.7,0.2,136.6,89,136.5,12,,,,,,,,,,,,,,,,,136.8,12,137.1,100,,,,,,,,,,,,,,,,
2026-07-07T19:02:50.227317+00:00,2026-07-07T19:02:50.227405,2,2,136.7,0.2,136.6,239,136.5,12,,,,,,,,,,,,,,,,,136.8,12,137.1,100,,,,,,,,,,,,,,,,
2026-07-07T19:02:50.280236+00:00,2026-07-07T19:02:50.280201,2,2,136.7,0.2,136.6,239,136.5,12,,,,,,,,,,,,,,,,,136.8,12,137.1,250,,,,,,,,,,,,,,,,
2026-07-07T19:02:50.439253+00:00,2026-07-07T19:02:50.439144,2,2,136.7,0.2,136.6,150,136.5,12,,,,,,,,,,,,,,,,,136.8,12,137.1,150,,,,,,,,,,,,,,,,
2026-07-07T19:02:50.494410+00:00,2026-07-07T19:02:50.494371,3,2,136.75,0.1,136.7,100,136.6,150,136.5,12,,,,,,,,,,,,,,,136.8,12,137.1,150,,,,,,,,,,,,,,,,
2026-07-07T19:02:50.547671+00:00,2026-07-07T19:02:50.547564,3,3,136.75,0.1,136.7,100,136.6,150,136.5,12,,,,,,,,,,,,,,,136.8,12,137.1,150,137.2,100,,,,,,,,,,,,,,
2026-07-07T19:02:51.000757+00:00,2026-07-07T19:02:50.992489,3,3,136.75,0.1,136.7,88,136.6,150,136.5,12,,,,,,,,,,,,,,,136.8,12,137.1,150,137.2,100,,,,,,,,,,,,,,
2026-07-07T19:02:51.352773+00:00,2026-07-07T19:02:51.354632,2,2,136.9,0.4,136.7,88,136.6,150,,,,,,,,,,,,,,,,,137.1,112,137.2,100,,,,,,,,,,,,,,,,
2026-07-07T19:02:51.371017+00:00,2026-07-07T19:02:51.370879,3,2,136.9,0.4,136.7,76,136.6,150,136.4,12,,,,,,,,,,,,,,,137.1,112,137.2,100,,,,,,,,,,,,,,,,
2026-07-07T19:02:51.633569+00:00,2026-07-07T19:02:51.633532,3,2,136.9,0.4,136.7,76,136.6,150,136.4,12,,,,,,,,,,,,,,,137.1,112,137.2,100,,,,,,,,,,,,,,,,
2026-07-07T19:02:51.638803+00:00,2026-07-07T19:02:51.638701,3,3,136.85,0.3,136.7,76,136.6,150,136.4,12,,,,,,,,,,,,,,,137.0,12,137.1,112,137.2,100,,,,,,,,,,,,,,
2026-07-07T19:02:53.334964+00:00,2026-07-07T19:02:53.334928,2,2,136.85,0.3,136.7,76,136.4,12,,,,,,,,,,,,,,,,,137.0,12,137.2,100,,,,,,,,,,,,,,,,
2026-07-07T19:02:53.389299+00:00,2026-07-07T19:02:53.389170,2,2,136.85,0.3,136.7,226,136.4,12,,,,,,,,,,,,,,,,,137.0,12,137.2,100,,,,,,,,,,,,,,,,
2026-07-07T19:02:53.442917+00:00,2026-07-07T19:02:53.442844,2,2,136.85,0.3,136.7,226,136.4,12,,,,,,,,,,,,,,,,,137.0,12,137.2,250,,,,,,,,,,,,,,,,
2026-07-07T19:02:53.473968+00:00,2026-07-07T19:02:53.473784,2,1,136.95,0.5,136.7,226,136.4,12,,,,,,,,,,,,,,,,,137.2,212,,,,,,,,,,,,,,,,,,
2026-07-07T19:02:53.600592+00:00,2026-07-07T19:02:53.600451,2,1,136.95,0.5,136.7,150,136.4,12,,,,,,,,,,,,,,,,,137.2,150,,,,,,,,,,,,,,,,,,
2026-07-07T19:02:53.647192+00:00,2026-07-07T19:02:53.647158,2,1,136.95,0.5,136.7,150,136.6,12,,,,,,,,,,,,,,,,,137.2,150,,,,,,,,,,,,,,,,,,
2026-07-07T19:02:53.658771+00:00,2026-07-07T19:02:53.658663,2,2,136.9,0.4,136.7,150,136.6,112,,,,,,,,,,,,,,,,,137.1,12,137.2,150,,,,,,,,,,,,,,,,
2026-07-07T19:02:53.708372+00:00,2026-07-07T19:02:53.708321,2,2,136.9,0.4,136.7,150,136.6,112,,,,,,,,,,,,,,,,,137.1,112,137.2,150,,,,,,,,,,,,,,,,
2026-07-07T19:02:53.912538+00:00,2026-07-07T19:02:53.912476,2,2,136.9,0.4,136.7,150,136.6,100,,,,,,,,,,,,,,,,,137.1,100,137.2,150,,,,,,,,,,,,,,,,
2026-07-07T19:02:53.917571+00:00,2026-07-07T19:02:53.917702,2,3,136.85,0.3,136.7,150,136.6,112,,,,,,,,,,,,,,,,,137.0,12,137.1,100,137.2,150,,,,,,,,,,,,,,
2026-07-07T19:02:54.936509+00:00,2026-07-07T19:02:54.936331,2,3,136.85,0.3,136.7,110,136.6,112,,,,,,,,,,,,,,,,,137.0,12,137.1,100,137.2,150,,,,,,,,,,,,,,
2026-07-07T19:02:55.596857+00:00,2026-07-07T19:02:55.596793,2,2,136.9,0.4,136.7,110,136.6,112,,,,,,,,,,,,,,,,,137.1,100,137.2,150,,,,,,,,,,,,,,,,
2026-07-07T19:02:56.498309+00:00,2026-07-07T19:02:56.498224,1,1,136.85,0.5,136.6,112,,,,,,,,,,,,,,,,,,,137.1,100,,,,,,,,,,,,,,,,,,
2026-07-07T19:02:56.558565+00:00,2026-07-07T19:02:56.554410,2,1,136.85,0.5,136.6,112,136.5,150,,,,,,,,,,,,,,,,,137.1,100,,,,,,,,,,,,,,,,,,
2026-07-07T19:02:56.607642+00:00,2026-07-07T19:02:56.607560,2,2,136.8,0.4,136.6,112,136.5,150,,,,,,,,,,,,,,,,,137.0,150,137.1,100,,,,,,,,,,,,,,,,
2026-07-07T19:02:56.758575+00:00,2026-07-07T19:02:56.757455,2,1,136.8,0.4,136.6,12,136.5,150,,,,,,,,,,,,,,,,,137.0,150,,,,,,,,,,,,,,,,,,
2026-07-07T19:02:56.815958+00:00,2026-07-07T19:02:56.815804,2,1,136.8,0.4,136.6,112,136.5,150,,,,,,,,,,,,,,,,,137.0,150,,,,,,,,,,,,,,,,,,
2026-07-07T19:02:56.870554+00:00,2026-07-07T19:02:56.870465,2,2,136.8,0.4,136.6,112,136.5,150,,,,,,,,,,,,,,,,,137.0,150,137.1,100,,,,,,,,,,,,,,,,
2026-07-07T19:02:57.701151+00:00,2026-07-07T19:02:57.701042,2,2,136.8,0.4,136.6,112,136.5,150,,,,,,,,,,,,,,,,,137.0,100,137.1,100,,,,,,,,,,,,,,,,
2026-07-07T19:02:59.444426+00:00,2026-07-07T19:02:59.444396,2,2,136.8,0.4,136.6,100,136.5,162,,,,,,,,,,,,,,,,,137.0,100,137.1,100,,,,,,,,,,,,,,,,
2026-07-07T19:02:59.454583+00:00,2026-07-07T19:02:59.449621,2,3,136.75,0.3,136.6,100,136.5,162,,,,,,,,,,,,,,,,,136.9,12,137.0,100,137.1,100,,,,,,,,,,,,,,
2026-07-07T19:02:59.668876+00:00,2026-07-07T19:02:59.668816,2,2,136.75,0.3,136.6,100,136.5,12,,,,,,,,,,,,,,,,,136.9,12,137.1,100,,,,,,,,,,,,,,,,
2026-07-07T19:02:59.714416+00:00,2026-07-07T19:02:59.714346,3,2,136.85,0.1,136.8,150,136.6,60,136.5,12,,,,,,,,,,,,,,,136.9,12,137.1,100,,,,,,,,,,,,,,,,
2026-07-07T19:02:59.770899+00:00,2026-07-07T19:02:59.770858,3,3,136.85,0.1,136.8,150,136.6,60,136.5,12,,,,,,,,,,,,,,,136.9,12,137.1,100,137.3,150,,,,,,,,,,,,,,
2026-07-07T19:02:59.924087+00:00,2026-07-07T19:02:59.923979,2,2,136.85,0.1,136.8,150,136.5,12,,,,,,,,,,,,,,,,,136.9,12,137.3,150,,,,,,,,,,,,,,,,
2026-07-07T19:02:59.978300+00:00,2026-07-07T19:02:59.978144,2,2,136.85,0.1,136.8,150,136.5,112,,,,,,,,,,,,,,,,,136.9,12,137.3,150,,,,,,,,,,,,,,,,
2026-07-07T19:03:00.034004+00:00,2026-07-07T19:03:00.034172,2,3,136.85,0.1,136.8,150,136.5,112,,,,,,,,,,,,,,,,,136.9,12,137.0,100,137.3,150,,,,,,,,,,,,,,
2026-07-07T19:03:00.198241+00:00,2026-07-07T19:03:00.192359,2,3,136.85,0.1,136.8,127,136.5,112,,,,,,,,,,,,,,,,,136.9,12,137.0,100,137.3,150,,,,,,,,,,,,,,
2026-07-07T19:03:01.710217+00:00,2026-07-07T19:03:01.710161,2,2,136.9,0.2,136.8,127,136.5,100,,,,,,,,,,,,,,,,,137.0,100,137.3,150,,,,,,,,,,,,,,,,
2026-07-07T19:03:01.715468+00:00,2026-07-07T19:03:01.715398,3,3,136.85,0.1,136.8,127,136.6,12,136.5,100,,,,,,,,,,,,,,,136.9,12,137.0,100,137.3,150,,,,,,,,,,,,,,
2026-07-07T19:03:01.978110+00:00,2026-07-07T19:03:01.977978,3,3,136.85,0.1,136.8,77,136.6,12,136.5,100,,,,,,,,,,,,,,,136.9,12,137.0,100,137.3,150,,,,,,,,,,,,,,
2026-07-07T19:03:02.121957+00:00,2026-07-07T19:03:02.121847,3,3,136.85,0.1,136.8,30,136.6,12,136.5,100,,,,,,,,,,,,,,,136.9,12,137.0,100,137.3,150,,,,,,,,,,,,,,
2026-07-07T19:03:02.638600+00:00,2026-07-07T19:03:02.638563,3,2,136.9,0.2,136.8,30,136.6,12,136.5,100,,,,,,,,,,,,,,,137.0,72,137.3,150,,,,,,,,,,,,,,,,
2026-07-07T19:03:02.829509+00:00,2026-07-07T19:03:02.829435,2,1,136.8,0.4,136.6,12,136.5,100,,,,,,,,,,,,,,,,,137.0,72,,,,,,,,,,,,,,,,,,
