recv_time,book_timestamp,n_bids,n_asks,mid,spread,bid_px_0,bid_vol_0,bid_px_1,bid_vol_1,bid_px_2,bid_vol_2,bid_px_3,bid_vol_3,bid_px_4,bid_vol_4,bid_px_5,bid_vol_5,bid_px_6,bid_vol_6,bid_px_7,bid_vol_7,bid_px_8,bid_vol_8,bid_px_9,bid_vol_9,ask_px_0,ask_vol_0,ask_px_1,ask_vol_1,ask_px_2,ask_vol_2,ask_px_3,ask_vol_3,ask_px_4,ask_vol_4,ask_px_5,ask_vol_5,ask_px_6,ask_vol_6,ask_px_7,ask_vol_7,ask_px_8,ask_vol_8,ask_px_9,ask_vol_9
2026-07-05T13:00:00.455643+00:00,2026-07-05T13:00:00.455515,1,1,145.15,0.5,144.9,100,,,,,,,,,,,,,,,,,,,145.4,100,,,,,,,,,,,,,,,,,,
2026-07-05T13:00:00.511694+00:00,2026-07-05T13:00:00.553236,2,2,145.1,0.4,144.9,100,144.8,150,,,,,,,,,,,,,,,,,145.3,150,145.4,100,,,,,,,,,,,,,,,,
2026-07-05T13:00:01.224289+00:00,2026-07-05T13:00:01.205584,2,2,145.1,0.4,144.9,10,144.8,150,,,,,,,,,,,,,,,,,145.3,150,145.4,100,,,,,,,,,,,,,,,,
2026-07-05T13:00:01.704126+00:00,2026-07-05T13:00:01.704320,1,1,145.05,0.5,144.8,150,,,,,,,,,,,,,,,,,,,145.3,150,,,,,,,,,,,,,,,,,,
2026-07-05T13:00:01.758631+00:00,2026-07-05T13:00:01.754164,2,1,145.05,0.5,144.8,150,144.6,100,,,,,,,,,,,,,,,,,145.3,150,,,,,,,,,,,,,,,,,,
2026-07-05T13:00:01.812603+00:00,2026-07-05T13:00:01.812455,2,2,144.95,0.3,144.8,150,144.6,100,,,,,,,,,,,,,,,,,145.1,100,145.3,150,,,,,,,,,,,,,,,,
2026-07-05T13:00:03.247810+00:00,2026-07-05T13:00:03.247761,2,2,144.95,0.3,144.8,150,144.6,100,,,,,,,,,,,,,,,,,145.1,50,145.3,150,,,,,,,,,,,,,,,,
2026-07-05T13:00:03.612496+00:00,2026-07-05T13:00:03.612460,2,1,144.95,0.3,144.8,150,144.6,100,,,,,,,,,,,,,,,,,145.1,50,,,,,,,,,,,,,,,,,,
2026-07-05T13:00:03.617637+00:00,2026-07-05T13:00:03.617597,1,1,144.85,0.5,144.6,100,,,,,,,,,,,,,,,,,,,145.1,50,,,,,,,,,,,,,,,,,,
2026-07-05T13:00:03.672247+00:00,2026-07-05T13:00:03.672124,2,1,144.9,0.4,144.7,150,144.6,100,,,,,,,,,,,,,,,,,145.1,50,,,,,,,,,,,,,,,,,,
2026-07-05T13:00:03.720002+00:00,2026-07-05T13:00:03.720119,2,2,144.9,0.4,144.7,150,144.6,100,,,,,,,,,,,,,,,,,145.1,50,145.2,150,,,,,,,,,,,,,,,,
2026-07-05T13:00:03.945755+00:00,2026-07-05T13:00:03.945722,2,2,144.9,0.4,144.7,150,144.6,100,,,,,,,,,,,,,,,,,145.1,7,145.2,150,,,,,,,,,,,,,,,,
2026-07-05T13:00:04.857299+00:00,2026-07-05T13:00:04.857373,2,2,144.9,0.4,144.7,104,144.6,100,,,,,,,,,,,,,,,,,145.1,7,145.2,150,,,,,,,,,,,,,,,,
2026-07-05T13:00:04.869440+00:00,2026-07-05T13:00:04.869351,1,1,144.95,0.5,144.7,104,,,,,,,,,,,,,,,,,,,145.2,150,,,,,,,,,,,,,,,,,,
2026-07-05T13:00:04.924779+00:00,2026-07-05T13:00:04.924871,2,1,145.0,0.4,144.8,100,144.7,104,,,,,,,,,,,,,,,,,145.2,150,,,,,,,,,,,,,,,,,,
2026-07-05T13:00:04.978073+00:00,2026-07-05T13:00:04.978011,2,2,145.0,0.4,144.8,100,144.7,104,,,,,,,,,,,,,,,,,145.2,150,145.3,100,,,,,,,,,,,,,,,,
2026-07-05T13:00:06.778673+00:00,2026-07-05T13:00:06.778607,1,1,145.05,0.5,144.8,100,,,,,,,,,,,,,,,,,,,145.3,100,,,,,,,,,,,,,,,,,,
2026-07-05T13:00:06.840061+00:00,2026-07-05T13:00:06.839941,2,1,145.05,0.5,144.8,100,144.5,150,,,,,,,,,,,,,,,,,145.3,100,,,,,,,,,,,,,,,,,,
2026-07-05T13:00:06.893510+00:00,2026-07-05T13:00:06.893367,2,2,144.9,0.2,144.8,100,144.5,150,,,,,,,,,,,,,,,,,145.0,150,145.3,100,,,,,,,,,,,,,,,,
2026-07-05T13:00:08.030351+00:00,2026-07-05T13:00:08.030293,1,1,144.75,0.5,144.5,150,,,,,,,,,,,,,,,,,,,145.0,150,,,,,,,,,,,,,,,,,,
2026-07-05T13:00:08.088308+00:00,2026-07-05T13:00:08.088182,1,1,144.75,0.5,144.5,250,,,,,,,,,,,,,,,,,,,145.0,150,,,,,,,,,,,,,,,,,,
2026-07-05T13:00:08.140891+00:00,2026-07-05T13:00:08.140703,1,1,144.75,0.5,144.5,250,,,,,,,,,,,,,,,,,,,145.0,250,,,,,,,,,,,,,,,,,,
2026-07-05T13:00:09.947545+00:00,2026-07-05T13:00:09.947661,1,1,144.75,0.5,144.5,100,,,,,,,,,,,,,,,,,,,145.0,100,,,,,,,,,,,,,,,,,,
2026-07-05T13:00:10.000689+00:00,2026-07-05T13:00:10.000545,2,1,144.75,0.5,144.5,100,144.4,150,,,,,,,,,,,,,,,,,145.0,100,,,,,,,,,,,,,,,,,,
2026-07-05T13:00:10.058555+00:00,2026-07-05T13:00:10.056228,2,2,144.7,0.4,144.5,100,144.4,150,,,,,,,,,,,,,,,,,144.9,150,145.0,100,,,,,,,,,,,,,,,,
2026-07-05T13:00:10.104984+00:00,2026-07-05T13:00:10.098897,2,2,144.7,0.4,144.5,100,144.4,150,,,,,,,,,,,,,,,,,144.9,139,145.0,100,,,,,,,,,,,,,,,,
2026-07-05T13:00:10.557616+00:00,2026-07-05T13:00:10.549841,2,2,144.7,0.4,144.5,100,144.4,150,,,,,,,,,,,,,,,,,144.9,96,145.0,100,,,,,,,,,,,,,,,,
2026-07-05T13:00:11.195799+00:00,2026-07-05T13:00:11.195621,1,1,144.65,0.5,144.4,150,,,,,,,,,,,,,,,,,,,144.9,96,,,,,,,,,,,,,,,,,,
2026-07-05T13:00:11.258705+00:00,2026-07-05T13:00:11.245518,2,0,,,144.9,4,144.4,150,,,,,,,,,,,,,,,,,,,,,,,,,,,,,,,,,,,,
2026-07-05T13:00:11.305648+00:00,2026-07-05T13:00:11.305512,2,1,145.15,0.5,144.9,4,144.4,150,,,,,,,,,,,,,,,,,145.4,100,,,,,,,,,,,,,,,,,,
2026-07-05T13:00:11.768734+00:00,2026-07-05T13:00:11.768972,1,1,144.9,1.0,144.4,104,,,,,,,,,,,,,,,,,,,145.4,100,,,,,,,,,,,,,,,,,,
2026-07-05T13:00:13.109896+00:00,2026-07-05T13:00:13.109796,0,1,,,,,,,,,,,,,,,,,,,,,,,145.4,100,,,,,,,,,,,,,,,,,,
2026-07-05T13:00:13.164233+00:00,2026-07-05T13:00:13.164140,1,1,145.1,0.6,144.8,150,,,,,,,,,,,,,,,,,,,145.4,100,,,,,,,,,,,,,,,,,,
2026-07-05T13:00:13.220508+00:00,2026-07-05T13:00:13.220644,1,2,145.05,0.5,144.8,150,,,,,,,,,,,,,,,,,,,145.3,150,145.4,100,,,,,,,,,,,,,,,,
2026-07-05T13:00:13.842605+00:00,2026-07-05T13:00:13.842759,1,2,145.05,0.5,144.8,100,,,,,,,,,,,,,,,,,,,145.3,150,145.4,100,,,,,,,,,,,,,,,,
2026-07-05T13:00:14.039296+00:00,2026-07-05T13:00:14.032488,1,2,145.05,0.5,144.8,89,,,,,,,,,,,,,,,,,,,145.3,150,145.4,100,,,,,,,,,,,,,,,,
2026-07-05T13:00:14.360241+00:00,2026-07-05T13:00:14.360088,1,1,145.05,0.5,144.8,89,,,,,,,,,,,,,,,,,,,145.3,150,,,,,,,,,,,,,,,,,,
2026-07-05T13:00:14.413103+00:00,2026-07-05T13:00:14.413003,2,1,145.05,0.5,144.8,89,144.1,100,,,,,,,,,,,,,,,,,145.3,150,,,,,,,,,,,,,,,,,,
2026-07-05T13:00:14.466999+00:00,2026-07-05T13:00:14.466809,1,2,144.35,0.5,144.1,100,,,,,,,,,,,,,,,,,,,144.6,11,145.3,150,,,,,,,,,,,,,,,,
2026-07-05T13:00:15.425432+00:00,2026-07-05T13:00:15.425325,1,2,144.35,0.5,144.1,60,,,,,,,,,,,,,,,,,,,144.6,11,145.3,150,,,,,,,,,,,,,,,,
2026-07-05T13:00:15.970543+00:00,2026-07-05T13:00:15.970419,1,2,144.35,0.5,144.1,10,,,,,,,,,,,,,,,,,,,144.6,11,145.3,150,,,,,,,,,,,,,,,,
2026-07-05T13:00:16.076721+00:00,2026-07-05T13:00:16.076620,1,1,144.7,1.2,144.1,10,,,,,,,,,,,,,,,,,,,145.3,150,,,,,,,,,,,,,,,,,,
2026-07-05T13:00:16.276659+00:00,2026-07-05T13:00:16.276535,1,0,,,144.1,10,,,,,,,,,,,,,,,,,,,,,,,,,,,,,,,,,,,,,,
2026-07-05T13:00:16.327708+00:00,2026-07-05T13:00:16.327643,2,0,,,144.1,10,144.0,150,,,,,,,,,,,,,,,,,,,,,,,,,,,,,,,,,,,,
2026-07-05T13:00:16.391467+00:00,2026-07-05T13:00:16.385705,2,1,144.3,0.4,144.1,10,144.0,150,,,,,,,,,,,,,,,,,144.5,139,,,,,,,,,,,,,,,,,,
2026-07-05T13:00:16.670013+00:00,2026-07-05T13:00:16.664617,2,1,144.3,0.4,144.1,10,144.0,150,,,,,,,,,,,,,,,,,144.5,127,,,,,,,,,,,,,,,,,,
2026-07-05T13:00:17.202022+00:00,2026-07-05T13:00:17.195468,2,1,144.3,0.4,144.1,10,144.0,150,,,,,,,,,,,,,,,,,144.5,116,,,,,,,,,,,,,,,,,,
2026-07-05T13:00:17.522168+00:00,2026-07-05T13:00:17.522056,1,1,144.25,0.5,144.0,150,,,,,,,,,,,,,,,,,,,144.5,116,,,,,,,,,,,,,,,,,,
2026-07-05T13:00:17.575546+00:00,2026-07-05T13:00:17.575376,2,1,144.4,0.2,144.3,100,144.0,150,,,,,,,,,,,,,,,,,144.5,116,,,,,,,,,,,,,,,,,,
2026-07-05T13:00:17.627485+00:00,2026-07-05T13:00:17.627585,2,2,144.4,0.2,144.3,100,144.0,150,,,,,,,,,,,,,,,,,144.5,116,144.8,100,,,,,,,,,,,,,,,,
2026-07-05T13:00:18.027337+00:00,2026-07-05T13:00:18.027197,2,2,144.4,0.2,144.3,100,144.0,150,,,,,,,,,,,,,,,,,144.5,66,144.8,100,,,,,,,,,,,,,,,,
2026-07-05T13:00:19.437483+00:00,2026-07-05T13:00:19.437393,1,1,144.55,0.5,144.3,100,,,,,,,,,,,,,,,,,,,144.8,100,,,,,,,,,,,,,,,,,,
2026-07-05T13:00:19.487739+00:00,2026-07-05T13:00:19.487672,1,1,144.55,0.5,144.3,250,,,,,,,,,,,,,,,,,,,144.8,100,,,,,,,,,,,,,,,,,,
2026-07-05T13:00:19.575358+00:00,2026-07-05T13:00:19.575512,1,1,144.55,0.5,144.3,250,,,,,,,,,,,,,,,,,,,144.8,250,,,,,,,,,,,,,,,,,,
2026-07-05T13:00:20.186205+00:00,2026-07-05T13:00:20.186154,1,1,144.55,0.5,144.3,200,,,,,,,,,,,,,,,,,,,144.8,250,,,,,,,,,,,,,,,,,,
2026-07-05T13:00:20.677874+00:00,2026-07-05T13:00:20.677808,1,1,144.55,0.5,144.3,200,,,,,,,,,,,,,,,,,,,144.8,150,,,,,,,,,,,,,,,,,,
2026-07-05T13:00:20.683201+00:00,2026-07-05T13:00:20.683001,1,1,144.55,0.5,144.3,150,,,,,,,,,,,,,,,,,,,144.8,150,,,,,,,,,,,,,,,,,,
2026-07-05T13:00:20.735513+00:00,2026-07-05T13:00:20.735604,2,1,144.55,0.5,144.3,150,144.1,100,,,,,,,,,,,,,,,,,144.8,150,,,,,,,,,,,,,,,,,,
2026-07-05T13:00:20.787564+00:00,2026-07-05T13:00:20.787428,2,2,144.45,0.3,144.3,150,144.1,100,,,,,,,,,,,,,,,,,144.6,100,144.8,150,,,,,,,,,,,,,,,,
2026-07-05T13:00:22.242846+00:00,2026-07-05T13:00:22.242789,2,2,144.45,0.3,144.3,150,144.1,100,,,,,,,,,,,,,,,,,144.6,50,144.8,150,,,,,,,,,,,,,,,,
2026-07-05T13:00:22.622568+00:00,2026-07-05T13:00:22.622524,1,1,144.35,0.5,144.1,100,,,,,,,,,,,,,,,,,,,144.6,50,,,,,,,,,,,,,,,,,,
2026-07-05T13:00:22.676978+00:00,2026-07-05T13:00:22.676857,1,1,144.35,0.5,144.1,250,,,,,,,,,,,,,,,,,,,144.6,50,,,,,,,,,,,,,,,,,,
2026-07-05T13:00:22.725375+00:00,2026-07-05T13:00:22.725567,1,1,144.35,0.5,144.1,250,,,,,,,,,,,,,,,,,,,144.6,200,,,,,,,,,,,,,,,,,,
2026-07-05T13:00:23.806105+00:00,2026-07-05T13:00:23.806021,1,1,144.35,0.5,144.1,250,,,,,,,,,,,,,,,,,,,144.6,159,,,,,,,,,,,,,,,,,,
2026-07-05T13:00:23.846226+00:00,2026-07-05T13:00:23.846087,1,1,144.35,0.5,144.1,150,,,,,,,,,,,,,,,,,,,144.6,150,,,,,,,,,,,,,,,,,,
2026-07-05T13:00:23.899382+00:00,2026-07-05T13:00:23.899330,1,1,144.35,0.5,144.1,250,,,,,,,,,,,,,,,,,,,144.6,150,,,,,,,,,,,,,,,,,,
2026-07-05T13:00:23.956880+00:00,2026-07-05T13:00:23.947813,1,1,144.35,0.5,144.1,250,,,,,,,,,,,,,,,,,,,144.6,250,,,,,,,,,,,,,,,,,,
2026-07-05T13:00:24.349734+00:00,2026-07-05T13:00:24.349653,1,1,144.35,0.5,144.1,250,,,,,,,,,,,,,,,,,,,144.6,200,,,,,,,,,,,,,,,,,,
2026-07-05T13:00:25.783657+00:00,2026-07-05T13:00:25.783505,1,1,144.35,0.5,144.1,100,,,,,,,,,,,,,,,,,,,144.6,100,,,,,,,,,,,,,,,,,,
2026-07-05T13:00:25.837593+00:00,2026-07-05T13:00:25.837484,2,1,144.4,0.4,144.2,150,144.1,100,,,,,,,,,,,,,,,,,144.6,100,,,,,,,,,,,,,,,,,,
2026-07-05T13:00:25.890208+00:00,2026-07-05T13:00:25.890020,2,2,144.4,0.4,144.2,150,144.1,100,,,,,,,,,,,,,,,,,144.6,100,144.7,150,,,,,,,,,,,,,,,,
2026-07-05T13:00:25.921546+00:00,2026-07-05T13:00:25.921402,2,2,144.4,0.4,144.2,106,144.1,100,,,,,,,,,,,,,,,,,144.6,100,144.7,150,,,,,,,,,,,,,,,,
2026-07-05T13:00:26.489206+00:00,2026-07-05T13:00:26.489060,2,2,144.4,0.4,144.2,59,144.1,100,,,,,,,,,,,,,,,,,144.6,100,144.7,150,,,,,,,,,,,,,,,,
2026-07-05T13:00:27.009679+00:00,2026-07-05T13:00:27.009543,1,1,144.45,0.5,144.2,59,,,,,,,,,,,,,,,,,,,144.7,150,,,,,,,,,,,,,,,,,,
2026-07-05T13:00:27.058576+00:00,2026-07-05T13:00:27.058222,2,1,144.45,0.5,144.2,59,144.1,100,,,,,,,,,,,,,,,,,144.7,150,,,,,,,,,,,,,,,,,,
2026-07-05T13:00:27.116948+00:00,2026-07-05T13:00:27.116693,2,2,144.4,0.4,144.2,59,144.1,100,,,,,,,,,,,,,,,,,144.6,100,144.7,150,,,,,,,,,,,,,,,,
2026-07-05T13:00:27.142211+00:00,2026-07-05T13:00:27.136426,2,2,144.4,0.4,144.2,36,144.1,100,,,,,,,,,,,,,,,,,144.6,100,144.7,150,,,,,,,,,,,,,,,,
2026-07-05T13:00:28.636650+00:00,2026-07-05T13:00:28.636427,1,2,144.35,0.5,144.1,86,,,,,,,,,,,,,,,,,,,144.6,100,144.7,150,,,,,,,,,,,,,,,,
2026-07-05T13:00:28.944382+00:00,2026-07-05T13:00:28.944250,1,1,144.35,0.5,144.1,86,,,,,,,,,,,,,,,,,,,144.6,100,,,,,,,,,,,,,,,,,,
2026-07-05T13:00:28.997779+00:00,2026-07-05T13:00:28.997892,2,1,144.35,0.5,144.1,86,143.5,150,,,,,,,,,,,,,,,,,144.6,100,,,,,,,,,,,,,,,,,,
2026-07-05T13:00:29.051254+00:00,2026-07-05T13:00:29.051491,1,2,143.75,0.5,143.5,150,,,,,,,,,,,,,,,,,,,144.0,64,144.6,100,,,,,,,,,,,,,,,,
2026-07-05T13:00:29.062295+00:00,2026-07-05T13:00:29.055727,1,2,143.75,0.5,143.5,150,,,,,,,,,,,,,,,,,,,144.0,52,144.6,100,,,,,,,,,,,,,,,,
2026-07-05T13:00:30.171752+00:00,2026-07-05T13:00:30.171656,1,1,143.75,0.5,143.5,150,,,,,,,,,,,,,,,,,,,144.0,52,,,,,,,,,,,,,,,,,,
2026-07-05T13:00:30.222334+00:00,2026-07-05T13:00:30.222211,1,1,143.75,0.5,143.5,250,,,,,,,,,,,,,,,,,,,144.0,52,,,,,,,,,,,,,,,,,,
2026-07-05T13:00:30.276752+00:00,2026-07-05T13:00:30.276607,1,1,143.75,0.5,143.5,250,,,,,,,,,,,,,,,,,,,144.0,152,,,,,,,,,,,,,,,,,,
2026-07-05T13:00:30.744744+00:00,2026-07-05T13:00:30.744674,1,1,143.75,0.5,143.5,200,,,,,,,,,,,,,,,,,,,144.0,152,,,,,,,,,,,,,,,,,,
2026-07-05T13:00:32.107265+00:00,2026-07-05T13:00:32.107215,1,1,143.75,0.5,143.5,100,,,,,,,,,,,,,,,,,,,144.0,100,,,,,,,,,,,,,,,,,,
2026-07-05T13:00:32.158636+00:00,2026-07-05T13:00:32.156580,2,1,143.8,0.4,143.6,150,143.5,100,,,,,,,,,,,,,,,,,144.0,100,,,,,,,,,,,,,,,,,,
2026-07-05T13:00:32.215427+00:00,2026-07-05T13:00:32.215322,2,2,143.8,0.4,143.6,150,143.5,100,,,,,,,,,,,,,,,,,144.0,100,144.1,150,,,,,,,,,,,,,,,,
2026-07-05T13:00:32.864386+00:00,2026-07-05T13:00:32.864018,2,2,143.8,0.4,143.6,100,143.5,100,,,,,,,,,,,,,,,,,144.0,100,144.1,150,,,,,,,,,,,,,,,,
2026-07-05T13:00:33.329797+00:00,2026-07-05T13:00:33.329947,1,1,143.85,0.5,143.6,100,,,,,,,,,,,,,,,,,,,144.1,150,,,,,,,,,,,,,,,,,,
2026-07-05T13:00:33.390638+00:00,2026-07-05T13:00:33.377529,2,1,143.85,0.5,143.6,100,143.5,100,,,,,,,,,,,,,,,,,144.1,150,,,,,,,,,,,,,,,,,,
2026-07-05T13:00:33.463702+00:00,2026-07-05T13:00:33.464014,2,2,143.8,0.4,143.6,100,143.5,100,,,,,,,,,,,,,,,,,144.0,100,144.1,150,,,,,,,,,,,,,,,,
2026-07-05T13:00:34.961663+00:00,2026-07-05T13:00:34.961560,2,2,143.8,0.4,143.6,50,143.5,100,,,,,,,,,,,,,,,,,144.0,100,144.1,150,,,,,,,,,,,,,,,,
2026-07-05T13:00:35.295417+00:00,2026-07-05T13:00:35.295321,1,1,143.75,0.5,143.5,100,,,,,,,,,,,,,,,,,,,144.0,100,,,,,,,,,,,,,,,,,,
2026-07-05T13:00:35.353820+00:00,2026-07-05T13:00:35.354070,2,1,143.75,0.5,143.5,100,143.2,150,,,,,,,,,,,,,,,,,144.0,100,,,,,,,,,,,,,,,,,,
2026-07-05T13:00:35.417151+00:00,2026-07-05T13:00:35.411170,2,2,143.6,0.2,143.5,100,143.2,150,,,,,,,,,,,,,,,,,143.7,116,144.0,100,,,,,,,,,,,,,,,,
2026-07-05T13:00:36.503588+00:00,2026-07-05T13:00:36.503442,1,1,143.45,0.5,143.2,150,,,,,,,,,,,,,,,,,,,143.7,116,,,,,,,,,,,,,,,,,,
2026-07-05T13:00:36.558637+00:00,2026-07-05T13:00:36.552545,2,1,143.6,0.2,143.5,100,143.2,150,,,,,,,,,,,,,,,,,143.7,116,,,,,,,,,,,,,,,,,,
2026-07-05T13:00:36.616565+00:00,2026-07-05T13:00:36.616507,2,2,143.6,0.2,143.5,100,143.2,150,,,,,,,,,,,,,,,,,143.7,116,144.0,100,,,,,,,,,,,,,,,,
2026-07-05T13:00:37.018067+00:00,2026-07-05T13:00:37.018210,2,2,143.6,0.2,143.5,100,143.2,150,,,,,,,,,,,,,,,,,143.7,66,144.0,100,,,,,,,,,,,,,,,,
2026-07-05T13:00:37.407568+00:00,2026-07-05T13:00:37.407545,2,2,143.6,0.2,143.5,100,143.2,150,,,,,,,,,,,,,,,,,143.7,25,144.0,100,,,,,,,,,,,,,,,,
2026-07-05T13:00:37.644476+00:00,2026-07-05T13:00:37.639079,2,2,143.6,0.2,143.5,100,143.2,150,,,,,,,,,,,,,,,,,143.7,14,144.0,100,,,,,,,,,,,,,,,,
2026-07-05T13:00:38.455704+00:00,2026-07-05T13:00:38.455667,2,1,143.75,0.5,143.5,100,143.2,150,,,,,,,,,,,,,,,,,144.0,100,,,,,,,,,,,,,,,,,,
2026-07-05T13:00:38.460924+00:00,2026-07-05T13:00:38.460856,1,1,143.75,0.5,143.5,100,,,,,,,,,,,,,,,,,,,144.0,100,,,,,,,,,,,,,,,,,,
2026-07-05T13:00:38.522550+00:00,2026-07-05T13:00:38.516972,2,1,143.95,0.1,143.9,139,143.5,100,,,,,,,,,,,,,,,,,144.0,100,,,,,,,,,,,,,,,,,,
2026-07-05T13:00:38.569266+00:00,2026-07-05T13:00:38.569111,2,2,143.95,0.1,143.9,139,143.5,100,,,,,,,,,,,,,,,,,144.0,100,144.4,150,,,,,,,,,,,,,,,,
2026-07-05T13:00:39.023701+00:00,2026-07-05T13:00:39.023557,2,2,143.95,0.1,143.9,90,143.5,100,,,,,,,,,,,,,,,,,144.0,100,144.4,150,,,,,,,,,,,,,,,,
2026-07-05T13:00:39.130619+00:00,2026-07-05T13:00:39.130541,2,2,143.95,0.1,143.9,90,143.5,100,,,,,,,,,,,,,,,,,144.0,50,144.4,150,,,,,,,,,,,,,,,,
2026-07-05T13:00:39.669415+00:00,2026-07-05T13:00:39.669231,1,1,144.15,0.5,143.9,90,,,,,,,,,,,,,,,,,,,144.4,150,,,,,,,,,,,,,,,,,,
2026-07-05T13:00:39.722561+00:00,2026-07-05T13:00:39.722455,2,1,144.15,0.5,143.9,90,143.7,100,,,,,,,,,,,,,,,,,144.4,150,,,,,,,,,,,,,,,,,,
2026-07-05T13:00:39.778589+00:00,2026-07-05T13:00:39.778551,2,2,144.05,0.3,143.9,90,143.7,100,,,,,,,,,,,,,,,,,144.2,100,144.4,150,,,,,,,,,,,,,,,,
2026-07-05T13:00:40.141418+00:00,2026-07-05T13:00:40.136008,2,2,144.05,0.3,143.9,78,143.7,100,,,,,,,,,,,,,,,,,144.2,100,144.4,150,,,,,,,,,,,,,,,,
2026-07-05T13:00:41.238173+00:00,2026-07-05T13:00:41.238123,2,2,144.05,0.3,143.9,78,143.7,100,,,,,,,,,,,,,,,,,144.2,50,144.4,150,,,,,,,,,,,,,,,,
2026-07-05T13:00:41.352698+00:00,2026-07-05T13:00:41.346483,2,2,144.05,0.3,143.9,56,143.7,100,,,,,,,,,,,,,,,,,144.2,50,144.4,150,,,,,,,,,,,,,,,,
2026-07-05T13:00:41.592216+00:00,2026-07-05T13:00:41.592139,2,2,144.05,0.3,143.9,56,143.7,100,,,,,,,,,,,,,,,,,144.2,10,144.4,150,,,,,,,,,,,,,,,,
2026-07-05T13:00:41.623956+00:00,2026-07-05T13:00:41.623923,1,1,143.95,0.5,143.7,100,,,,,,,,,,,,,,,,,,,144.2,10,,,,,,,,,,,,,,,,,,
2026-07-05T13:00:41.676596+00:00,2026-07-05T13:00:41.676547,2,1,143.95,0.5,143.7,100,143.2,150,,,,,,,,,,,,,,,,,144.2,10,,,,,,,,,,,,,,,,,,
2026-07-05T13:00:41.730688+00:00,2026-07-05T13:00:41.730604,1,2,143.45,0.5,143.2,150,,,,,,,,,,,,,,,,,,,143.7,50,144.2,10,,,,,,,,,,,,,,,,
2026-07-05T13:00:42.117997+00:00,2026-07-05T13:00:42.117887,1,2,143.45,0.5,143.2,150,,,,,,,,,,,,,,,,,,,143.7,5,144.2,10,,,,,,,,,,,,,,,,
2026-07-05T13:00:42.833831+00:00,2026-07-05T13:00:42.833675,1,1,143.45,0.5,143.2,150,,,,,,,,,,,,,,,,,,,143.7,5,,,,,,,,,,,,,,,,,,
2026-07-05T13:00:42.886247+00:00,2026-07-05T13:00:42.886153,2,1,143.55,0.3,143.4,100,143.2,150,,,,,,,,,,,,,,,,,143.7,5,,,,,,,,,,,,,,,,,,
2026-07-05T13:00:42.940017+00:00,2026-07-05T13:00:42.939919,2,2,143.55,0.3,143.4,100,143.2,150,,,,,,,,,,,,,,,,,143.7,5,143.9,100,,,,,,,,,,,,,,,,
2026-07-05T13:00:43.346307+00:00,2026-07-05T13:00:43.346259,2,1,143.65,0.5,143.4,100,143.2,150,,,,,,,,,,,,,,,,,143.9,55,,,,,,,,,,,,,,,,,,
2026-07-05T13:00:44.784700+00:00,2026-07-05T13:00:44.784586,1,1,143.65,0.5,143.4,100,,,,,,,,,,,,,,,,,,,143.9,55,,,,,,,,,,,,,,,,,,
2026-07-05T13:00:44.835320+00:00,2026-07-05T13:00:44.835228,2,1,143.8,0.2,143.7,150,143.4,100,,,,,,,,,,,,,,,,,143.9,55,,,,,,,,,,,,,,,,,,
2026-07-05T13:00:44.856221+00:00,2026-07-05T13:00:44.856686,2,1,143.8,0.2,143.7,110,143.4,100,,,,,,,,,,,,,,,,,143.9,55,,,,,,,,,,,,,,,,,,
2026-07-05T13:00:44.885023+00:00,2026-07-05T13:00:44.884969,2,2,143.8,0.2,143.7,110,143.4,100,,,,,,,,,,,,,,,,,143.9,55,144.2,150,,,,,,,,,,,,,,,,
2026-07-05T13:00:45.508065+00:00,2026-07-05T13:00:45.507934,2,2,143.8,0.2,143.7,60,143.4,100,,,,,,,,,,,,,,,,,143.9,55,144.2,150,,,,,,,,,,,,,,,,
2026-07-05T13:00:45.958586+00:00,2026-07-05T13:00:45.953973,2,2,143.8,0.2,143.7,18,143.4,100,,,,,,,,,,,,,,,,,143.9,55,144.2,150,,,,,,,,,,,,,,,,
2026-07-05T13:00:45.994080+00:00,2026-07-05T13:00:45.994008,1,1,143.95,0.5,143.7,18,,,,,,,,,,,,,,,,,,,144.2,150,,,,,,,,,,,,,,,,,,
2026-07-05T13:00:46.049836+00:00,2026-07-05T13:00:46.049722,2,1,143.95,0.5,143.7,18,143.4,100,,,,,,,,,,,,,,,,,144.2,150,,,,,,,,,,,,,,,,,,
2026-07-05T13:00:46.103001+00:00,2026-07-05T13:00:46.102925,2,2,143.8,0.2,143.7,18,143.4,100,,,,,,,,,,,,,,,,,143.9,100,144.2,150,,,,,,,,,,,,,,,,
2026-07-05T13:00:46.425527+00:00,2026-07-05T13:00:46.425370,2,2,143.8,0.2,143.7,18,143.4,100,,,,,,,,,,,,,,,,,143.9,59,144.2,150,,,,,,,,,,,,,,,,
2026-07-05T13:00:46.929573+00:00,2026-07-05T13:00:46.929520,2,2,143.8,0.2,143.7,18,143.4,100,,,,,,,,,,,,,,,,,143.9,10,144.2,150,,,,,,,,,,,,,,,,
2026-07-05T13:00:47.558632+00:00,2026-07-05T13:00:47.557400,2,1,143.95,0.5,143.7,18,143.4,100,,,,,,,,,,,,,,,,,144.2,110,,,,,,,,,,,,,,,,,,
2026-07-05T13:00:47.943574+00:00,2026-07-05T13:00:47.943468,1,0,,,143.4,100,,,,,,,,,,,,,,,,,,,,,,,,,,,,,,,,,,,,,,
2026-07-05T13:00:48.004295+00:00,2026-07-05T13:00:48.004240,2,0,,,143.4,100,143.2,150,,,,,,,,,,,,,,,,,,,,,,,,,,,,,,,,,,,,
2026-07-05T13:00:48.058571+00:00,2026-07-05T13:00:48.054825,2,1,143.55,0.3,143.4,100,143.2,150,,,,,,,,,,,,,,,,,143.7,150,,,,,,,,,,,,,,,,,,
2026-07-05T13:00:48.609004+00:00,2026-07-05T13:00:48.608884,2,1,143.55,0.3,143.4,53,143.2,150,,,,,,,,,,,,,,,,,143.7,150,,,,,,,,,,,,,,,,,,
2026-07-05T13:00:49.154387+00:00,2026-07-05T13:00:49.154314,1,1,143.45,0.5,143.2,150,,,,,,,,,,,,,,,,,,,143.7,150,,,,,,,,,,,,,,,,,,
2026-07-05T13:00:49.216132+00:00,2026-07-05T13:00:49.216008,2,1,143.65,0.1,143.6,100,143.2,150,,,,,,,,,,,,,,,,,143.7,150,,,,,,,,,,,,,,,,,,
2026-07-05T13:00:49.254302+00:00,2026-07-05T13:00:49.254261,2,1,143.65,0.1,143.6,100,143.2,150,,,,,,,,,,,,,,,,,143.7,104,,,,,,,,,,,,,,,,,,
2026-07-05T13:00:49.268022+00:00,2026-07-05T13:00:49.267919,2,2,143.65,0.1,143.6,100,143.2,150,,,,,,,,,,,,,,,,,143.7,104,144.1,100,,,,,,,,,,,,,,,,
2026-07-05T13:00:49.310123+00:00,2026-07-05T13:00:49.310074,2,2,143.65,0.1,143.6,56,143.2,150,,,,,,,,,,,,,,,,,143.7,104,144.1,100,,,,,,,,,,,,,,,,
2026-07-05T13:00:49.725736+00:00,2026-07-05T13:00:49.725836,2,2,143.65,0.1,143.6,6,143.2,150,,,,,,,,,,,,,,,,,143.7,104,144.1,100,,,,,,,,,,,,,,,,
2026-07-05T13:00:51.112120+00:00,2026-07-05T13:00:51.111983,1,1,143.85,0.5,143.6,6,,,,,,,,,,,,,,,,,,,144.1,100,,,,,,,,,,,,,,,,,,
2026-07-05T13:00:51.167221+00:00,2026-07-05T13:00:51.167026,2,1,143.85,0.5,143.6,6,143.5,150,,,,,,,,,,,,,,,,,144.1,100,,,,,,,,,,,,,,,,,,
2026-07-05T13:00:51.218133+00:00,2026-07-05T13:00:51.217982,2,2,143.8,0.4,143.6,6,143.5,150,,,,,,,,,,,,,,,,,144.0,150,144.1,100,,,,,,,,,,,,,,,,
2026-07-05T13:00:51.780438+00:00,2026-07-05T13:00:51.780314,2,2,143.8,0.4,143.6,6,143.5,150,,,,,,,,,,,,,,,,,144.0,100,144.1,100,,,,,,,,,,,,,,,,
2026-07-05T13:00:52.322108+00:00,2026-07-05T13:00:52.322016,2,1,143.8,0.4,143.6,6,143.5,150,,,,,,,,,,,,,,,,,144.0,100,,,,,,,,,,,,,,,,,,
2026-07-05T13:00:52.327336+00:00,2026-07-05T13:00:52.327214,1,1,143.75,0.5,143.5,150,,,,,,,,,,,,,,,,,,,144.0,100,,,,,,,,,,,,,,,,,,
2026-07-05T13:00:52.384755+00:00,2026-07-05T13:00:52.384626,2,1,143.75,0.5,143.5,150,143.4,100,,,,,,,,,,,,,,,,,144.0,100,,,,,,,,,,,,,,,,,,
2026-07-05T13:00:52.434322+00:00,2026-07-05T13:00:52.434221,2,2,143.7,0.4,143.5,150,143.4,100,,,,,,,,,,,,,,,,,143.9,100,144.0,100,,,,,,,,,,,,,,,,
2026-07-05T13:00:53.464019+00:00,2026-07-05T13:00:53.463919,2,2,143.7,0.4,143.5,150,143.4,100,,,,,,,,,,,,,,,,,143.9,58,144.0,100,,,,,,,,,,,,,,,,
2026-07-05T13:00:54.272831+00:00,2026-07-05T13:00:54.272737,1,1,143.65,0.5,143.4,100,,,,,,,,,,,,,,,,,,,143.9,58,,,,,,,,,,,,,,,,,,
2026-07-05T13:00:54.328345+00:00,2026-07-05T13:00:54.328230,2,1,143.85,0.1,143.8,150,143.4,100,,,,,,,,,,,,,,,,,143.9,58,,,,,,,,,,,,,,,,,,
2026-07-05T13:00:54.389203+00:00,2026-07-05T13:00:54.379218,2,2,143.85,0.1,143.8,150,143.4,100,,,,,,,,,,,,,,,,,143.9,58,144.3,150,,,,,,,,,,,,,,,,
2026-07-05T13:00:54.669755+00:00,2026-07-05T13:00:54.663109,2,2,143.85,0.1,143.8,138,143.4,100,,,,,,,,,,,,,,,,,143.9,58,144.3,150,,,,,,,,,,,,,,,,
2026-07-05T13:00:55.488173+00:00,2026-07-05T13:00:55.488093,2,1,144.05,0.5,143.8,138,143.4,100,,,,,,,,,,,,,,,,,144.3,150,,,,,,,,,,,,,,,,,,
2026-07-05T13:00:55.493388+00:00,2026-07-05T13:00:55.493291,1,1,144.05,0.5,143.8,138,,,,,,,,,,,,,,,,,,,144.3,150,,,,,,,,,,,,,,,,,,
2026-07-05T13:00:55.546891+00:00,2026-07-05T13:00:55.546765,2,1,144.05,0.5,143.8,138,143.4,100,,,,,,,,,,,,,,,,,144.3,150,,,,,,,,,,,,,,,,,,
2026-07-05T13:00:55.595443+00:00,2026-07-05T13:00:55.595385,2,2,143.85,0.1,143.8,138,143.4,100,,,,,,,,,,,,,,,,,143.9,100,144.3,150,,,,,,,,,,,,,,,,
2026-07-05T13:00:55.644992+00:00,2026-07-05T13:00:55.644860,2,2,143.85,0.1,143.8,98,143.4,100,,,,,,,,,,,,,,,,,143.9,100,144.3,150,,,,,,,,,,,,,,,,
2026-07-05T13:00:55.988376+00:00,2026-07-05T13:00:55.988298,2,2,143.85,0.1,143.8,98,143.4,100,,,,,,,,,,,,,,,,,143.9,50,144.3,150,,,,,,,,,,,,,,,,
2026-07-05T13:00:56.511335+00:00,2026-07-05T13:00:56.502826,2,2,143.85,0.1,143.8,87,143.4,100,,,,,,,,,,,,,,,,,143.9,50,144.3,150,,,,,,,,,,,,,,,,
2026-07-05T13:00:57.127878+00:00,2026-07-05T13:00:57.119844,2,2,143.85,0.1,143.8,75,143.4,100,,,,,,,,,,,,,,,,,143.9,50,144.3,150,,,,,,,,,,,,,,,,
2026-07-05T13:00:57.434497+00:00,2026-07-05T13:00:57.434412,1,1,143.65,0.5,143.4,100,,,,,,,,,,,,,,,,,,,143.9,50,,,,,,,,,,,,,,,,,,
2026-07-05T13:00:57.488818+00:00,2026-07-05T13:00:57.488619,2,1,143.65,0.5,143.4,100,143.2,150,,,,,,,,,,,,,,,,,143.9,50,,,,,,,,,,,,,,,,,,
2026-07-05T13:00:57.541972+00:00,2026-07-05T13:00:57.541797,2,2,143.55,0.3,143.4,100,143.2,150,,,,,,,,,,,,,,,,,143.7,150,143.9,50,,,,,,,,,,,,,,,,
2026-07-05T13:00:58.094503+00:00,2026-07-05T13:00:58.094368,2,2,143.55,0.3,143.4,100,143.2,150,,,,,,,,,,,,,,,,,143.7,100,143.9,50,,,,,,,,,,,,,,,,
2026-07-05T13:00:58.652130+00:00,2026-07-05T13:00:58.652252,1,1,143.45,0.5,143.2,150,,,,,,,,,,,,,,,,,,,143.7,100,,,,,,,,,,,,,,,,,,
2026-07-05T13:00:58.706558+00:00,2026-07-05T13:00:58.706532,2,1,143.55,0.3,143.4,100,143.2,150,,,,,,,,,,,,,,,,,143.7,100,,,,,,,,,,,,,,,,,,
2026-07-05T13:00:58.759521+00:00,2026-07-05T13:00:58.759636,2,2,143.55,0.3,143.4,100,143.2,150,,,,,,,,,,,,,,,,,143.7,100,143.9,100,,,,,,,,,,,,,,,,
2026-07-05T13:01:00.025987+00:00,2026-07-05T13:01:00.025813,2,2,143.55,0.3,143.4,100,143.2,150,,,,,,,,,,,,,,,,,143.7,56,143.9,100,,,,,,,,,,,,,,,,
2026-07-05T13:01:00.570214+00:00,2026-07-05T13:01:00.570141,2,2,143.55,0.3,143.4,56,143.2,150,,,,,,,,,,,,,,,,,143.7,56,143.9,100,,,,,,,,,,,,,,,,
2026-07-05T13:01:00.595344+00:00,2026-07-05T13:01:00.595310,1,1,143.65,0.5,143.4,56,,,,,,,,,,,,,,,,,,,143.9,100,,,,,,,,,,,,,,,,,,
2026-07-05T13:01:00.647131+00:00,2026-07-05T13:01:00.647041,2,1,143.7,0.4,143.5,150,143.4,56,,,,,,,,,,,,,,,,,143.9,100,,,,,,,,,,,,,,,,,,
2026-07-05T13:01:00.714831+00:00,2026-07-05T13:01:00.714991,2,2,143.7,0.4,143.5,150,143.4,56,,,,,,,,,,,,,,,,,143.9,100,144.0,150,,,,,,,,,,,,,,,,
2026-07-05T13:01:01.815172+00:00,2026-07-05T13:01:01.815111,1,1,143.75,0.5,143.5,150,,,,,,,,,,,,,,,,,,,144.0,150,,,,,,,,,,,,,,,,,,
2026-07-05T13:01:01.870746+00:00,2026-07-05T13:01:01.870644,2,1,143.75,0.5,143.5,150,143.2,100,,,,,,,,,,,,,,,,,144.0,150,,,,,,,,,,,,,,,,,,
2026-07-05T13:01:01.932320+00:00,2026-07-05T13:01:01.932221,2,2,143.6,0.2,143.5,150,143.2,100,,,,,,,,,,,,,,,,,143.7,100,144.0,150,,,,,,,,,,,,,,,,
2026-07-05T13:01:02.358678+00:00,2026-07-05T13:01:02.355007,2,2,143.6,0.2,143.5,100,143.2,100,,,,,,,,,,,,,,,,,143.7,100,144.0,150,,,,,,,,,,,,,,,,
2026-07-05T13:01:02.583965+00:00,2026-07-05T13:01:02.578451,2,2,143.6,0.2,143.5,100,143.2,100,,,,,,,,,,,,,,,,,143.7,88,144.0,150,,,,,,,,,,,,,,,,
2026-07-05T13:01:03.769163+00:00,2026-07-05T13:01:03.769095,1,1,143.45,0.5,143.2,100,,,,,,,,,,,,,,,,,,,143.7,88,,,,,,,,,,,,,,,,,,
2026-07-05T13:01:03.824511+00:00,2026-07-05T13:01:03.824380,2,1,143.6,0.2,143.5,150,143.2,100,,,,,,,,,,,,,,,,,143.7,88,,,,,,,,,,,,,,,,,,
2026-07-05T13:01:03.877688+00:00,2026-07-05T13:01:03.877534,2,2,143.6,0.2,143.5,150,143.2,100,,,,,,,,,,,,,,,,,143.7,88,144.0,150,,,,,,,,,,,,,,,,
2026-07-05T13:01:04.409512+00:00,2026-07-05T13:01:04.409396,2,2,143.6,0.2,143.5,150,143.2,100,,,,,,,,,,,,,,,,,143.7,38,144.0,150,,,,,,,,,,,,,,,,
2026-07-05T13:01:04.985068+00:00,2026-07-05T13:01:04.984988,1,1,143.75,0.5,143.5,150,,,,,,,,,,,,,,,,,,,144.0,150,,,,,,,,,,,,,,,,,,
2026-07-05T13:01:05.038728+00:00,2026-07-05T13:01:05.038623,2,1,143.75,0.5,143.5,150,143.4,100,,,,,,,,,,,,,,,,,144.0,150,,,,,,,,,,,,,,,,,,
2026-07-05T13:01:05.091486+00:00,2026-07-05T13:01:05.091396,2,2,143.7,0.4,143.5,150,143.4,100,,,,,,,,,,,,,,,,,143.9,100,144.0,150,,,,,,,,,,,,,,,,
2026-07-05T13:01:05.730765+00:00,2026-07-05T13:01:05.730977,2,2,143.7,0.4,143.5,106,143.4,100,,,,,,,,,,,,,,,,,143.9,100,144.0,150,,,,,,,,,,,,,,,,
2026-07-05T13:01:06.932258+00:00,2026-07-05T13:01:06.932158,1,1,143.65,0.5,143.4,100,,,,,,,,,,,,,,,,,,,143.9,100,,,,,,,,,,,,,,,,,,
2026-07-05T13:01:06.987270+00:00,2026-07-05T13:01:06.987094,2,1,143.65,0.5,143.4,100,143.1,150,,,,,,,,,,,,,,,,,143.9,100,,,,,,,,,,,,,,,,,,
2026-07-05T13:01:07.040346+00:00,2026-07-05T13:01:07.040269,2,2,143.5,0.2,143.4,100,143.1,150,,,,,,,,,,,,,,,,,143.6,150,143.9,100,,,,,,,,,,,,,,,,
2026-07-05T13:01:08.143279+00:00,2026-07-05T13:01:08.143173,1,1,143.35,0.5,143.1,150,,,,,,,,,,,,,,,,,,,143.6,150,,,,,,,,,,,,,,,,,,
2026-07-05T13:01:08.199191+00:00,2026-07-05T13:01:08.199100,1,1,143.35,0.5,143.1,250,,,,,,,,,,,,,,,,,,,143.6,150,,,,,,,,,,,,,,,,,,
2026-07-05T13:01:08.258625+00:00,2026-07-05T13:01:08.252271,1,1,143.35,0.5,143.1,250,,,,,,,,,,,,,,,,,,,143.6,250,,,,,,,,,,,,,,,,,,
2026-07-05T13:01:10.092876+00:00,2026-07-05T13:01:10.092797,1,1,143.35,0.5,143.1,100,,,,,,,,,,,,,,,,,,,143.6,100,,,,,,,,,,,,,,,,,,
2026-07-05T13:01:10.146821+00:00,2026-07-05T13:01:10.146728,2,1,143.35,0.5,143.1,100,143.0,150,,,,,,,,,,,,,,,,,143.6,100,,,,,,,,,,,,,,,,,,
2026-07-05T13:01:10.198014+00:00,2026-07-05T13:01:10.197904,2,2,143.3,0.4,143.1,100,143.0,150,,,,,,,,,,,,,,,,,143.5,150,143.6,100,,,,,,,,,,,,,,,,
2026-07-05T13:01:10.548152+00:00,2026-07-05T13:01:10.548024,2,2,143.3,0.4,143.1,100,143.0,150,,,,,,,,,,,,,,,,,143.5,102,143.6,100,,,,,,,,,,,,,,,,
2026-07-05T13:01:10.728741+00:00,2026-07-05T13:01:10.728634,2,2,143.3,0.4,143.1,100,143.0,150,,,,,,,,,,,,,,,,,143.5,52,143.6,100,,,,,,,,,,,,,,,,
2026-07-05T13:01:11.305800+00:00,2026-07-05T13:01:11.305621,1,1,143.25,0.5,143.0,150,,,,,,,,,,,,,,,,,,,143.5,52,,,,,,,,,,,,,,,,,,
2026-07-05T13:01:11.358591+00:00,2026-07-05T13:01:11.354530,2,1,143.35,0.3,143.2,100,143.0,150,,,,,,,,,,,,,,,,,143.5,52,,,,,,,,,,,,,,,,,,
2026-07-05T13:01:11.407369+00:00,2026-07-05T13:01:11.407557,2,2,143.35,0.3,143.2,100,143.0,150,,,,,,,,,,,,,,,,,143.5,52,143.7,100,,,,,,,,,,,,,,,,
2026-07-05T13:01:11.783691+00:00,2026-07-05T13:01:11.778129,2,2,143.35,0.3,143.2,100,143.0,150,,,,,,,,,,,,,,,,,143.5,29,143.7,100,,,,,,,,,,,,,,,,
2026-07-05T13:01:12.885225+00:00,2026-07-05T13:01:12.885185,2,2,143.35,0.3,143.2,50,143.0,150,,,,,,,,,,,,,,,,,143.5,29,143.7,100,,,,,,,,,,,,,,,,
2026-07-05T13:01:13.235400+00:00,2026-07-05T13:01:13.235297,2,1,143.45,0.5,143.2,50,143.0,150,,,,,,,,,,,,,,,,,143.7,80,,,,,,,,,,,,,,,,,,
2026-07-05T13:01:13.258582+00:00,2026-07-05T13:01:13.252487,1,1,143.45,0.5,143.2,50,,,,,,,,,,,,,,,,,,,143.7,80,,,,,,,,,,,,,,,,,,
2026-07-05T13:01:13.306101+00:00,2026-07-05T13:01:13.306050,2,0,,,143.8,70,143.2,50,,,,,,,,,,,,,,,,,,,,,,,,,,,,,,,,,,,,
2026-07-05T13:01:13.367159+00:00,2026-07-05T13:01:13.360816,2,1,144.05,0.5,143.8,47,143.2,50,,,,,,,,,,,,,,,,,144.3,150,,,,,,,,,,,,,,,,,,
2026-07-05T13:01:14.097441+00:00,2026-07-05T13:01:14.091410,2,1,144.05,0.5,143.8,24,143.2,50,,,,,,,,,,,,,,,,,144.3,150,,,,,,,,,,,,,,,,,,
2026-07-05T13:01:14.458653+00:00,2026-07-05T13:01:14.457858,1,1,144.05,0.5,143.8,24,,,,,,,,,,,,,,,,,,,144.3,150,,,,,,,,,,,,,,,,,,
2026-07-05T13:01:14.520592+00:00,2026-07-05T13:01:14.520466,2,1,144.05,0.5,143.8,24,143.6,100,,,,,,,,,,,,,,,,,144.3,150,,,,,,,,,,,,,,,,,,
2026-07-05T13:01:14.573899+00:00,2026-07-05T13:01:14.573720,2,2,143.95,0.3,143.8,24,143.6,100,,,,,,,,,,,,,,,,,144.1,100,144.3,150,,,,,,,,,,,,,,,,
2026-07-05T13:01:14.999188+00:00,2026-07-05T13:01:14.999060,1,2,143.85,0.5,143.6,74,,,,,,,,,,,,,,,,,,,144.1,100,144.3,150,,,,,,,,,,,,,,,,
2026-07-05T13:01:16.410861+00:00,2026-07-05T13:01:16.410814,1,1,143.85,0.5,143.6,74,,,,,,,,,,,,,,,,,,,144.1,100,,,,,,,,,,,,,,,,,,
2026-07-05T13:01:16.469616+00:00,2026-07-05T13:01:16.469546,2,1,143.85,0.5,143.6,74,143.2,150,,,,,,,,,,,,,,,,,144.1,100,,,,,,,,,,,,,,,,,,
2026-07-05T13:01:16.530149+00:00,2026-07-05T13:01:16.530077,2,2,143.65,0.1,143.6,74,143.2,150,,,,,,,,,,,,,,,,,143.7,150,144.1,100,,,,,,,,,,,,,,,,
2026-07-05T13:01:17.026336+00:00,2026-07-05T13:01:17.020970,2,2,143.65,0.1,143.6,74,143.2,150,,,,,,,,,,,,,,,,,143.7,127,144.1,100,,,,,,,,,,,,,,,,
2026-07-05T13:01:17.136626+00:00,2026-07-05T13:01:17.136796,2,2,143.65,0.1,143.6,24,143.2,150,,,,,,,,,,,,,,,,,143.7,127,144.1,100,,,,,,,,,,,,,,,,
2026-07-05T13:01:17.627207+00:00,2026-07-05T13:01:17.627334,1,1,143.45,0.5,143.2,150,,,,,,,,,,,,,,,,,,,143.7,127,,,,,,,,,,,,,,,,,,
2026-07-05T13:01:17.682366+00:00,2026-07-05T13:01:17.682221,2,1,143.6,0.2,143.5,100,143.2,150,,,,,,,,,,,,,,,,,143.7,127,,,,,,,,,,,,,,,,,,
2026-07-05T13:01:17.733963+00:00,2026-07-05T13:01:17.728290,2,2,143.6,0.2,143.5,100,143.2,150,,,,,,,,,,,,,,,,,143.7,116,144.0,100,,,,,,,,,,,,,,,,
2026-07-05T13:01:19.011819+00:00,2026-07-05T13:01:19.011768,2,2,143.6,0.2,143.5,54,143.2,150,,,,,,,,,,,,,,,,,143.7,116,144.0,100,,,,,,,,,,,,,,,,
2026-07-05T13:01:19.585683+00:00,2026-07-05T13:01:19.585582,1,1,143.75,0.5,143.5,54,,,,,,,,,,,,,,,,,,,144.0,100,,,,,,,,,,,,,,,,,,
2026-07-05T13:01:19.638941+00:00,2026-07-05T13:01:19.638830,1,1,143.75,0.5,143.5,204,,,,,,,,,,,,,,,,,,,144.0,100,,,,,,,,,,,,,,,,,,
2026-07-05T13:01:19.692883+00:00,2026-07-05T13:01:19.692983,1,1,143.75,0.5,143.5,204,,,,,,,,,,,,,,,,,,,144.0,250,,,,,,,,,,,,,,,,,,
2026-07-05T13:01:20.792630+00:00,2026-07-05T13:01:20.792438,1,1,143.75,0.5,143.5,150,,,,,,,,,,,,,,,,,,,144.0,150,,,,,,,,,,,,,,,,,,
2026-07-05T13:01:20.845398+00:00,2026-07-05T13:01:20.845569,1,1,143.75,0.5,143.5,250,,,,,,,,,,,,,,,,,,,144.0,150,,,,,,,,,,,,,,,,,,
2026-07-05T13:01:20.897755+00:00,2026-07-05T13:01:20.897580,1,1,143.75,0.5,143.5,250,,,,,,,,,,,,,,,,,,,144.0,250,,,,,,,,,,,,,,,,,,
2026-07-05T13:01:21.571342+00:00,2026-07-05T13:01:21.571207,1,1,143.75,0.5,143.5,250,,,,,,,,,,,,,,,,,,,144.0,207,,,,,,,,,,,,,,,,,,
2026-07-05T13:01:22.091184+00:00,2026-07-05T13:01:22.091309,1,1,143.75,0.5,143.5,210,,,,,,,,,,,,,,,,,,,144.0,207,,,,,,,,,,,,,,,,,,
2026-07-05T13:01:22.748067+00:00,2026-07-05T13:01:22.748029,1,1,143.75,0.5,143.5,100,,,,,,,,,,,,,,,,,,,144.0,100,,,,,,,,,,,,,,,,,,
2026-07-05T13:01:22.801218+00:00,2026-07-05T13:01:22.801168,2,1,143.85,0.3,143.7,150,143.5,100,,,,,,,,,,,,,,,,,144.0,100,,,,,,,,,,,,,,,,,,
2026-07-05T13:01:22.863657+00:00,2026-07-05T13:01:22.863810,2,2,143.85,0.3,143.7,150,143.5,100,,,,,,,,,,,,,,,,,144.0,100,144.2,150,,,,,,,,,,,,,,,,
2026-07-05T13:01:23.471588+00:00,2026-07-05T13:01:23.471521,2,2,143.85,0.3,143.7,100,143.5,100,,,,,,,,,,,,,,,,,144.0,100,144.2,150,,,,,,,,,,,,,,,,
2026-07-05T13:01:23.951207+00:00,2026-07-05T13:01:23.951098,1,1,143.95,0.5,143.7,100,,,,,,,,,,,,,,,,,,,144.2,150,,,,,,,,,,,,,,,,,,
2026-07-05T13:01:24.006223+00:00,2026-07-05T13:01:24.006110,2,1,143.95,0.5,143.7,100,143.6,100,,,,,,,,,,,,,,,,,144.2,150,,,,,,,,,,,,,,,,,,
2026-07-05T13:01:24.058607+00:00,2026-07-05T13:01:24.054816,2,2,143.9,0.4,143.7,100,143.6,100,,,,,,,,,,,,,,,,,144.1,100,144.2,150,,,,,,,,,,,,,,,,
2026-07-05T13:01:24.893842+00:00,2026-07-05T13:01:24.894012,2,2,143.9,0.4,143.7,100,143.6,100,,,,,,,,,,,,,,,,,144.1,57,144.2,150,,,,,,,,,,,,,,,,
2026-07-05T13:01:25.507853+00:00,2026-07-05T13:01:25.507671,2,2,143.9,0.4,143.7,58,143.6,100,,,,,,,,,,,,,,,,,144.1,57,144.2,150,,,,,,,,,,,,,,,,
2026-07-05T13:01:25.587627+00:00,2026-07-05T13:01:25.587564,2,2,143.9,0.4,143.7,8,143.6,100,,,,,,,,,,,,,,,,,144.1,57,144.2,150,,,,,,,,,,,,,,,,
2026-07-05T13:01:25.913826+00:00,2026-07-05T13:01:25.913707,1,1,143.85,0.5,143.6,100,,,,,,,,,,,,,,,,,,,144.1,57,,,,,,,,,,,,,,,,,,
2026-07-05T13:01:25.964100+00:00,2026-07-05T13:01:25.964031,2,1,143.85,0.5,143.6,100,143.0,150,,,,,,,,,,,,,,,,,144.1,57,,,,,,,,,,,,,,,,,,
2026-07-05T13:01:26.032342+00:00,2026-07-05T13:01:26.026509,1,2,143.25,0.5,143.0,150,,,,,,,,,,,,,,,,,,,143.5,16,144.1,57,,,,,,,,,,,,,,,,
2026-07-05T13:01:26.778206+00:00,2026-07-05T13:01:26.770311,1,2,143.25,0.5,143.0,150,,,,,,,,,,,,,,,,,,,143.5,4,144.1,57,,,,,,,,,,,,,,,,
2026-07-05T13:01:27.111462+00:00,2026-07-05T13:01:27.111373,1,1,143.25,0.5,143.0,150,,,,,,,,,,,,,,,,,,,143.5,4,,,,,,,,,,,,,,,,,,
2026-07-05T13:01:27.153786+00:00,2026-07-05T13:01:27.158050,2,0,,,143.8,96,143.0,150,,,,,,,,,,,,,,,,,,,,,,,,,,,,,,,,,,,,
2026-07-05T13:01:27.221672+00:00,2026-07-05T13:01:27.221791,2,1,144.05,0.5,143.8,96,143.0,150,,,,,,,,,,,,,,,,,144.3,100,,,,,,,,,,,,,,,,,,
2026-07-05T13:01:27.426091+00:00,2026-07-05T13:01:27.420245,2,1,144.05,0.5,143.8,62,143.0,150,,,,,,,,,,,,,,,,,144.3,100,,,,,,,,,,,,,,,,,,
2026-07-05T13:01:27.694105+00:00,2026-07-05T13:01:27.694028,2,1,144.05,0.5,143.8,12,143.0,150,,,,,,,,,,,,,,,,,144.3,100,,,,,,,,,,,,,,,,,,
2026-07-05T13:01:28.097194+00:00,2026-07-05T13:01:28.097102,1,1,143.65,1.3,143.0,150,,,,,,,,,,,,,,,,,,,144.3,100,,,,,,,,,,,,,,,,,,
2026-07-05T13:01:29.077728+00:00,2026-07-05T13:01:29.077697,0,1,,,,,,,,,,,,,,,,,,,,,,,144.3,100,,,,,,,,,,,,,,,,,,
2026-07-05T13:01:29.131499+00:00,2026-07-05T13:01:29.131341,1,1,144.0,0.6,143.7,150,,,,,,,,,,,,,,,,,,,144.3,100,,,,,,,,,,,,,,,,,,
2026-07-05T13:01:29.180309+00:00,2026-07-05T13:01:29.180214,1,2,143.95,0.5,143.7,150,,,,,,,,,,,,,,,,,,,144.2,150,144.3,100,,,,,,,,,,,,,,,,
2026-07-05T13:01:30.276038+00:00,2026-07-05T13:01:30.276009,1,1,143.95,0.5,143.7,150,,,,,,,,,,,,,,,,,,,144.2,150,,,,,,,,,,,,,,,,,,
2026-07-05T13:01:30.329566+00:00,2026-07-05T13:01:30.329457,2,1,143.95,0.5,143.7,150,143.2,100,,,,,,,,,,,,,,,,,144.2,150,,,,,,,,,,,,,,,,,,
2026-07-05T13:01:30.384783+00:00,2026-07-05T13:01:30.384749,2,1,143.95,0.5,143.7,50,143.2,100,,,,,,,,,,,,,,,,,144.2,150,,,,,,,,,,,,,,,,,,
2026-07-05T13:01:31.602462+00:00,2026-07-05T13:01:31.602556,2,1,143.95,0.5,143.7,50,143.2,100,,,,,,,,,,,,,,,,,144.2,108,,,,,,,,,,,,,,,,,,
2026-07-05T13:01:31.858610+00:00,2026-07-05T13:01:31.855396,2,1,143.95,0.5,143.7,50,143.2,100,,,,,,,,,,,,,,,,,144.2,58,,,,,,,,,,,,,,,,,,
2026-07-05T13:01:32.236648+00:00,2026-07-05T13:01:32.236803,1,0,,,143.2,100,,,,,,,,,,,,,,,,,,,,,,,,,,,,,,,,,,,,,,
2026-07-05T13:01:32.300550+00:00,2026-07-05T13:01:32.300440,2,0,,,143.5,150,143.2,100,,,,,,,,,,,,,,,,,,,,,,,,,,,,,,,,,,,,
2026-07-05T13:01:32.348453+00:00,2026-07-05T13:01:32.348427,2,1,143.75,0.5,143.5,150,143.2,100,,,,,,,,,,,,,,,,,144.0,150,,,,,,,,,,,,,,,,,,
2026-07-05T13:01:33.440126+00:00,2026-07-05T13:01:33.440048,1,1,143.75,0.5,143.5,150,,,,,,,,,,,,,,,,,,,144.0,150,,,,,,,,,,,,,,,,,,
2026-07-05T13:01:33.494938+00:00,2026-07-05T13:01:33.494814,1,1,143.75,0.5,143.5,250,,,,,,,,,,,,,,,,,,,144.0,150,,,,,,,,,,,,,,,,,,
2026-07-05T13:01:33.550925+00:00,2026-07-05T13:01:33.550893,1,1,143.75,0.5,143.5,250,,,,,,,,,,,,,,,,,,,144.0,250,,,,,,,,,,,,,,,,,,
2026-07-05T13:01:33.958650+00:00,2026-07-05T13:01:33.955095,1,1,143.75,0.5,143.5,250,,,,,,,,,,,,,,,,,,,144.0,200,,,,,,,,,,,,,,,,,,
2026-07-05T13:01:35.405557+00:00,2026-07-05T13:01:35.405525,1,1,143.75,0.5,143.5,100,,,,,,,,,,,,,,,,,,,144.0,100,,,,,,,,,,,,,,,,,,
2026-07-05T13:01:35.463676+00:00,2026-07-05T13:01:35.463905,2,0,,,144.1,50,143.5,100,,,,,,,,,,,,,,,,,,,,,,,,,,,,,,,,,,,,
2026-07-05T13:01:35.511537+00:00,2026-07-05T13:01:35.511504,2,1,144.35,0.5,144.1,50,143.5,100,,,,,,,,,,,,,,,,,144.6,150,,,,,,,,,,,,,,,,,,
2026-07-05T13:01:36.092349+00:00,2026-07-05T13:01:36.092222,2,1,144.35,0.5,144.1,50,143.5,100,,,,,,,,,,,,,,,,,144.6,100,,,,,,,,,,,,,,,,,,
2026-07-05T13:01:36.605254+00:00,2026-07-05T13:01:36.605096,1,1,144.35,0.5,144.1,50,,,,,,,,,,,,,,,,,,,144.6,100,,,,,,,,,,,,,,,,,,
2026-07-05T13:01:36.660226+00:00,2026-07-05T13:01:36.660355,2,1,144.35,0.5,144.1,50,143.9,100,,,,,,,,,,,,,,,,,144.6,100,,,,,,,,,,,,,,,,,,
2026-07-05T13:01:36.714004+00:00,2026-07-05T13:01:36.713928,2,2,144.25,0.3,144.1,50,143.9,100,,,,,,,,,,,,,,,,,144.4,100,144.6,100,,,,,,,,,,,,,,,,
2026-07-05T13:01:38.195434+00:00,2026-07-05T13:01:38.195368,2,2,144.25,0.3,144.1,50,143.9,100,,,,,,,,,,,,,,,,,144.4,50,144.6,100,,,,,,,,,,,,,,,,
2026-07-05T13:01:38.568268+00:00,2026-07-05T13:01:38.568224,1,1,144.15,0.5,143.9,100,,,,,,,,,,,,,,,,,,,144.4,50,,,,,,,,,,,,,,,,,,
2026-07-05T13:01:38.619822+00:00,2026-07-05T13:01:38.619985,2,1,144.25,0.3,144.1,150,143.9,100,,,,,,,,,,,,,,,,,144.4,50,,,,,,,,,,,,,,,,,,
2026-07-05T13:01:38.675299+00:00,2026-07-05T13:01:38.675190,2,2,144.25,0.3,144.1,150,143.9,100,,,,,,,,,,,,,,,,,144.4,50,144.6,150,,,,,,,,,,,,,,,,
2026-07-05T13:01:39.770473+00:00,2026-07-05T13:01:39.770432,2,1,144.35,0.5,144.1,150,143.9,100,,,,,,,,,,,,,,,,,144.6,150,,,,,,,,,,,,,,,,,,
2026-07-05T13:01:39.775513+00:00,2026-07-05T13:01:39.775592,1,1,144.35,0.5,144.1,150,,,,,,,,,,,,,,,,,,,144.6,150,,,,,,,,,,,,,,,,,,
2026-07-05T13:01:39.825084+00:00,2026-07-05T13:01:39.825029,2,1,144.45,0.3,144.3,100,144.1,150,,,,,,,,,,,,,,,,,144.6,150,,,,,,,,,,,,,,,,,,
2026-07-05T13:01:39.883441+00:00,2026-07-05T13:01:39.883258,2,2,144.45,0.3,144.3,100,144.1,150,,,,,,,,,,,,,,,,,144.6,150,144.8,100,,,,,,,,,,,,,,,,
2026-07-05T13:01:40.307059+00:00,2026-07-05T13:01:40.306989,2,2,144.45,0.3,144.3,100,144.1,150,,,,,,,,,,,,,,,,,144.6,100,144.8,100,,,,,,,,,,,,,,,,
2026-07-05T13:01:41.731415+00:00,2026-07-05T13:01:41.731332,1,1,144.55,0.5,144.3,100,,,,,,,,,,,,,,,,,,,144.8,100,,,,,,,,,,,,,,,,,,
2026-07-05T13:01:41.783856+00:00,2026-07-05T13:01:41.783792,2,1,144.6,0.4,144.4,150,144.3,100,,,,,,,,,,,,,,,,,144.8,100,,,,,,,,,,,,,,,,,,
2026-07-05T13:01:41.839211+00:00,2026-07-05T13:01:41.839097,2,2,144.6,0.4,144.4,150,144.3,100,,,,,,,,,,,,,,,,,144.8,100,144.9,150,,,,,,,,,,,,,,,,
2026-07-05T13:01:42.415701+00:00,2026-07-05T13:01:42.415556,2,2,144.6,0.4,144.4,150,144.3,100,,,,,,,,,,,,,,,,,144.8,50,144.9,150,,,,,,,,,,,,,,,,
2026-07-05T13:01:42.936937+00:00,2026-07-05T13:01:42.936822,1,1,144.65,0.5,144.4,150,,,,,,,,,,,,,,,,,,,144.9,150,,,,,,,,,,,,,,,,,,
2026-07-05T13:01:42.999987+00:00,2026-07-05T13:01:42.994808,2,1,144.7,0.4,144.5,88,144.4,150,,,,,,,,,,,,,,,,,144.9,150,,,,,,,,,,,,,,,,,,
2026-07-05T13:01:43.043156+00:00,2026-07-05T13:01:43.043288,2,2,144.7,0.4,144.5,88,144.4,150,,,,,,,,,,,,,,,,,144.9,150,145.0,100,,,,,,,,,,,,,,,,
2026-07-05T13:01:43.068356+00:00,2026-07-05T13:01:43.068589,2,2,144.7,0.4,144.5,48,144.4,150,,,,,,,,,,,,,,,,,144.9,150,145.0,100,,,,,,,,,,,,,,,,
2026-07-05T13:01:43.708795+00:00,2026-07-05T13:01:43.708679,1,2,144.65,0.5,144.4,150,,,,,,,,,,,,,,,,,,,144.9,150,145.0,100,,,,,,,,,,,,,,,,
2026-07-05T13:01:44.599371+00:00,2026-07-05T13:01:44.599274,1,2,144.65,0.5,144.4,100,,,,,,,,,,,,,,,,,,,144.9,150,145.0,100,,,,,,,,,,,,,,,,
2026-07-05T13:01:44.894211+00:00,2026-07-05T13:01:44.894190,0,1,,,,,,,,,,,,,,,,,,,,,,,145.0,100,,,,,,,,,,,,,,,,,,
2026-07-05T13:01:44.944573+00:00,2026-07-05T13:01:44.944507,1,1,144.5,1.0,144.0,150,,,,,,,,,,,,,,,,,,,145.0,100,,,,,,,,,,,,,,,,,,
2026-07-05T13:01:45.001699+00:00,2026-07-05T13:01:45.001639,1,2,144.25,0.5,144.0,150,,,,,,,,,,,,,,,,,,,144.5,150,145.0,100,,,,,,,,,,,,,,,,
2026-07-05T13:01:45.479333+00:00,2026-07-05T13:01:45.479263,1,2,144.25,0.5,144.0,150,,,,,,,,,,,,,,,,,,,144.5,110,145.0,100,,,,,,,,,,,,,,,,
2026-07-05T13:01:46.081115+00:00,2026-07-05T13:01:46.081252,1,2,144.25,0.5,144.0,150,,,,,,,,,,,,,,,,,,,144.5,70,145.0,100,,,,,,,,,,,,,,,,
2026-07-05T13:01:46.097114+00:00,2026-07-05T13:01:46.096987,1,1,144.25,0.5,144.0,150,,,,,,,,,,,,,,,,,,,144.5,70,,,,,,,,,,,,,,,,,,
2026-07-05T13:01:46.135657+00:00,2026-07-05T13:01:46.135825,1,1,144.25,0.5,144.0,102,,,,,,,,,,,,,,,,,,,144.5,70,,,,,,,,,,,,,,,,,,
2026-07-05T13:01:46.150213+00:00,2026-07-05T13:01:46.150151,2,1,144.25,0.5,144.0,102,143.9,100,,,,,,,,,,,,,,,,,144.5,70,,,,,,,,,,,,,,,,,,
2026-07-05T13:01:46.202143+00:00,2026-07-05T13:01:46.202052,2,2,144.2,0.4,144.0,102,143.9,100,,,,,,,,,,,,,,,,,144.4,100,144.5,70,,,,,,,,,,,,,,,,
2026-07-05T13:01:48.058553+00:00,2026-07-05T13:01:48.057483,1,1,144.15,0.5,143.9,100,,,,,,,,,,,,,,,,,,,144.4,100,,,,,,,,,,,,,,,,,,
2026-07-05T13:01:48.111947+00:00,2026-07-05T13:01:48.111846,2,1,144.15,0.5,143.9,100,143.8,150,,,,,,,,,,,,,,,,,144.4,100,,,,,,,,,,,,,,,,,,
2026-07-05T13:01:48.166202+00:00,2026-07-05T13:01:48.166019,2,2,144.1,0.4,143.9,100,143.8,150,,,,,,,,,,,,,,,,,144.3,150,144.4,100,,,,,,,,,,,,,,,,
2026-07-05T13:01:49.258600+00:00,2026-07-05T13:01:49.256230,1,1,144.05,0.5,143.8,150,,,,,,,,,,,,,,,,,,,144.3,150,,,,,,,,,,,,,,,,,,
2026-07-05T13:01:49.312132+00:00,2026-07-05T13:01:49.312214,2,1,144.05,0.5,143.8,150,143.7,100,,,,,,,,,,,,,,,,,144.3,150,,,,,,,,,,,,,,,,,,
2026-07-05T13:01:49.365729+00:00,2026-07-05T13:01:49.365631,2,2,144.0,0.4,143.8,150,143.7,100,,,,,,,,,,,,,,,,,144.2,100,144.3,150,,,,,,,,,,,,,,,,
2026-07-05T13:01:51.221548+00:00,2026-07-05T13:01:51.221488,1,1,143.95,0.5,143.7,100,,,,,,,,,,,,,,,,,,,144.2,100,,,,,,,,,,,,,,,,,,
2026-07-05T13:01:51.271676+00:00,2026-07-05T13:01:51.271639,2,1,144.15,0.1,144.1,150,143.7,100,,,,,,,,,,,,,,,,,144.2,100,,,,,,,,,,,,,,,,,,
2026-07-05T13:01:51.326072+00:00,2026-07-05T13:01:51.326003,2,2,144.15,0.1,144.1,150,143.7,100,,,,,,,,,,,,,,,,,144.2,100,144.6,150,,,,,,,,,,,,,,,,
2026-07-05T13:01:52.401745+00:00,2026-07-05T13:01:52.401600,2,2,144.15,0.1,144.1,150,143.7,100,,,,,,,,,,,,,,,,,144.2,55,144.6,150,,,,,,,,,,,,,,,,
2026-07-05T13:01:52.432953+00:00,2026-07-05T13:01:52.432842,2,1,144.35,0.5,144.1,150,143.7,100,,,,,,,,,,,,,,,,,144.6,150,,,,,,,,,,,,,,,,,,
2026-07-05T13:01:52.438069+00:00,2026-07-05T13:01:52.437988,1,1,144.35,0.5,144.1,150,,,,,,,,,,,,,,,,,,,144.6,150,,,,,,,,,,,,,,,,,,
2026-07-05T13:01:52.458640+00:00,2026-07-05T13:01:52.453337,1,1,144.35,0.5,144.1,101,,,,,,,,,,,,,,,,,,,144.6,150,,,,,,,,,,,,,,,,,,
2026-07-05T13:01:52.490170+00:00,2026-07-05T13:01:52.489994,2,1,144.35,0.5,144.1,101,143.9,100,,,,,,,,,,,,,,,,,144.6,150,,,,,,,,,,,,,,,,,,
2026-07-05T13:01:52.539317+00:00,2026-07-05T13:01:52.539233,2,2,144.25,0.3,144.1,101,143.9,100,,,,,,,,,,,,,,,,,144.4,100,144.6,150,,,,,,,,,,,,,,,,
2026-07-05T13:01:53.017803+00:00,2026-07-05T13:01:53.017681,2,2,144.25,0.3,144.1,51,143.9,100,,,,,,,,,,,,,,,,,144.4,100,144.6,150,,,,,,,,,,,,,,,,
2026-07-05T13:01:53.576193+00:00,2026-07-05T13:01:53.576079,2,2,144.25,0.3,144.1,51,143.9,100,,,,,,,,,,,,,,,,,144.4,52,144.6,150,,,,,,,,,,,,,,,,
2026-07-05T13:01:54.126528+00:00,2026-07-05T13:01:54.126452,2,2,144.25,0.3,144.1,51,143.9,100,,,,,,,,,,,,,,,,,144.4,7,144.6,150,,,,,,,,,,,,,,,,
2026-07-05T13:01:54.380799+00:00,2026-07-05T13:01:54.380725,1,1,144.15,0.5,143.9,100,,,,,,,,,,,,,,,,,,,144.4,7,,,,,,,,,,,,,,,,,,
2026-07-05T13:01:54.433413+00:00,2026-07-05T13:01:54.433325,2,1,144.15,0.5,143.9,100,143.7,150,,,,,,,,,,,,,,,,,144.4,7,,,,,,,,,,,,,,,,,,
2026-07-05T13:01:54.493699+00:00,2026-07-05T13:01:54.493813,2,2,144.05,0.3,143.9,100,143.7,150,,,,,,,,,,,,,,,,,144.2,150,144.4,7,,,,,,,,,,,,,,,,
2026-07-05T13:01:55.072090+00:00,2026-07-05T13:01:55.071977,2,2,144.05,0.3,143.9,100,143.7,150,,,,,,,,,,,,,,,,,144.2,100,144.4,7,,,,,,,,,,,,,,,,
2026-07-05T13:01:55.598254+00:00,2026-07-05T13:01:55.598151,1,1,143.95,0.5,143.7,150,,,,,,,,,,,,,,,,,,,144.2,100,,,,,,,,,,,,,,,,,,
2026-07-05T13:01:55.656219+00:00,2026-07-05T13:01:55.656410,1,0,,,143.7,150,,,,,,,,,,,,,,,,,,,,,,,,,,,,,,,,,,,,,,
2026-07-05T13:01:55.711375+00:00,2026-07-05T13:01:55.711227,1,1,144.35,1.3,143.7,150,,,,,,,,,,,,,,,,,,,145.0,100,,,,,,,,,,,,,,,,,,
2026-07-05T13:01:56.034900+00:00,2026-07-05T13:01:56.034823,1,1,144.35,1.3,143.7,109,,,,,,,,,,,,,,,,,,,145.0,100,,,,,,,,,,,,,,,,,,
2026-07-05T13:01:57.548169+00:00,2026-07-05T13:01:57.548027,0,1,,,,,,,,,,,,,,,,,,,,,,,145.0,100,,,,,,,,,,,,,,,,,,
2026-07-05T13:01:57.600802+00:00,2026-07-05T13:01:57.600755,1,1,144.65,0.7,144.3,150,,,,,,,,,,,,,,,,,,,145.0,100,,,,,,,,,,,,,,,,,,
2026-07-05T13:01:57.649581+00:00,2026-07-05T13:01:57.649526,1,2,144.55,0.5,144.3,150,,,,,,,,,,,,,,,,,,,144.8,150,145.0,100,,,,,,,,,,,,,,,,
2026-07-05T13:01:58.768994+00:00,2026-07-05T13:01:58.769074,1,1,144.55,0.5,144.3,150,,,,,,,,,,,,,,,,,,,144.8,150,,,,,,,,,,,,,,,,,,
2026-07-05T13:01:58.848431+00:00,2026-07-05T13:01:58.848177,2,1,144.55,0.5,144.3,150,144.2,100,,,,,,,,,,,,,,,,,144.8,150,,,,,,,,,,,,,,,,,,
2026-07-05T13:01:58.909260+00:00,2026-07-05T13:01:58.909192,2,2,144.5,0.4,144.3,150,144.2,100,,,,,,,,,,,,,,,,,144.7,100,144.8,150,,,,,,,,,,,,,,,,
2026-07-05T13:01:59.335987+00:00,2026-07-05T13:01:59.335901,2,2,144.5,0.4,144.3,100,144.2,100,,,,,,,,,,,,,,,,,144.7,100,144.8,150,,,,,,,,,,,,,,,,
2026-07-05T13:02:00.707145+00:00,2026-07-05T13:02:00.707302,1,1,144.45,0.5,144.2,100,,,,,,,,,,,,,,,,,,,144.7,100,,,,,,,,,,,,,,,,,,
2026-07-05T13:02:00.758594+00:00,2026-07-05T13:02:00.756159,2,1,144.45,0.5,144.2,100,144.1,150,,,,,,,,,,,,,,,,,144.7,100,,,,,,,,,,,,,,,,,,
2026-07-05T13:02:00.812071+00:00,2026-07-05T13:02:00.812017,2,2,144.4,0.4,144.2,100,144.1,150,,,,,,,,,,,,,,,,,144.6,150,144.7,100,,,,,,,,,,,,,,,,
2026-07-05T13:02:01.442206+00:00,2026-07-05T13:02:01.442351,2,2,144.4,0.4,144.2,50,144.1,150,,,,,,,,,,,,,,,,,144.6,150,144.7,100,,,,,,,,,,,,,,,,
2026-07-05T13:02:01.958615+00:00,2026-07-05T13:02:01.956813,1,1,144.35,0.5,144.1,150,,,,,,,,,,,,,,,,,,,144.6,150,,,,,,,,,,,,,,,,,,
2026-07-05T13:02:02.017497+00:00,2026-07-05T13:02:02.017376,2,1,144.5,0.2,144.4,100,144.1,150,,,,,,,,,,,,,,,,,144.6,150,,,,,,,,,,,,,,,,,,
2026-07-05T13:02:02.068905+00:00,2026-07-05T13:02:02.069022,2,2,144.5,0.2,144.4,100,144.1,150,,,,,,,,,,,,,,,,,144.6,150,144.9,100,,,,,,,,,,,,,,,,
2026-07-05T13:02:03.858574+00:00,2026-07-05T13:02:03.858363,1,1,144.65,0.5,144.4,100,,,,,,,,,,,,,,,,,,,144.9,100,,,,,,,,,,,,,,,,,,
2026-07-05T13:02:03.919454+00:00,2026-07-05T13:02:03.919387,2,1,144.65,0.5,144.4,100,144.0,150,,,,,,,,,,,,,,,,,144.9,100,,,,,,,,,,,,,,,,,,
2026-07-05T13:02:03.969694+00:00,2026-07-05T13:02:03.969666,2,2,144.45,0.1,144.4,100,144.0,150,,,,,,,,,,,,,,,,,144.5,150,144.9,100,,,,,,,,,,,,,,,,
2026-07-05T13:02:04.223723+00:00,2026-07-05T13:02:04.217779,2,2,144.45,0.1,144.4,89,144.0,150,,,,,,,,,,,,,,,,,144.5,150,144.9,100,,,,,,,,,,,,,,,,
2026-07-05T13:02:04.564603+00:00,2026-07-05T13:02:04.564560,2,2,144.45,0.1,144.4,47,144.0,150,,,,,,,,,,,,,,,,,144.5,150,144.9,100,,,,,,,,,,,,,,,,
2026-07-05T13:02:05.123612+00:00,2026-07-05T13:02:05.123471,1,1,144.25,0.5,144.0,150,,,,,,,,,,,,,,,,,,,144.5,150,,,,,,,,,,,,,,,,,,
2026-07-05T13:02:05.177595+00:00,2026-07-05T13:02:05.177544,2,1,144.25,0.5,144.0,150,143.8,100,,,,,,,,,,,,,,,,,144.5,150,,,,,,,,,,,,,,,,,,
2026-07-05T13:02:05.205423+00:00,2026-07-05T13:02:05.205307,2,1,144.25,0.5,144.0,150,143.8,100,,,,,,,,,,,,,,,,,144.5,108,,,,,,,,,,,,,,,,,,
2026-07-05T13:02:05.231172+00:00,2026-07-05T13:02:05.231379,2,2,144.15,0.3,144.0,150,143.8,100,,,,,,,,,,,,,,,,,144.3,100,144.5,108,,,,,,,,,,,,,,,,
2026-07-05T13:02:05.658789+00:00,2026-07-05T13:02:05.658689,2,2,144.15,0.3,144.0,100,143.8,100,,,,,,,,,,,,,,,,,144.3,100,144.5,108,,,,,,,,,,,,,,,,
2026-07-05T13:02:05.759025+00:00,2026-07-05T13:02:05.758891,2,2,144.15,0.3,144.0,55,143.8,100,,,,,,,,,,,,,,,,,144.3,100,144.5,108,,,,,,,,,,,,,,,,
2026-07-05T13:02:07.027754+00:00,2026-07-05T13:02:07.027697,1,1,144.05,0.5,143.8,100,,,,,,,,,,,,,,,,,,,144.3,100,,,,,,,,,,,,,,,,,,
2026-07-05T13:02:07.079813+00:00,2026-07-05T13:02:07.079788,1,1,144.05,0.5,143.8,250,,,,,,,,,,,,,,,,,,,144.3,100,,,,,,,,,,,,,,,,,,
2026-07-05T13:02:07.136370+00:00,2026-07-05T13:02:07.136464,1,1,144.05,0.5,143.8,250,,,,,,,,,,,,,,,,,,,144.3,250,,,,,,,,,,,,,,,,,,
2026-07-05T13:02:08.284530+00:00,2026-07-05T13:02:08.284474,1,1,144.05,0.5,143.8,250,,,,,,,,,,,,,,,,,,,144.3,150,,,,,,,,,,,,,,,,,,
2026-07-05T13:02:08.289653+00:00,2026-07-05T13:02:08.289617,1,1,144.05,0.5,143.8,150,,,,,,,,,,,,,,,,,,,144.3,150,,,,,,,,,,,,,,,,,,
2026-07-05T13:02:08.337994+00:00,2026-07-05T13:02:08.337863,1,1,144.05,0.5,143.8,250,,,,,,,,,,,,,,,,,,,144.3,150,,,,,,,,,,,,,,,,,,
2026-07-05T13:02:08.390842+00:00,2026-07-05T13:02:08.390769,1,1,144.05,0.5,143.8,250,,,,,,,,,,,,,,,,,,,144.3,250,,,,,,,,,,,,,,,,,,
2026-07-05T13:02:09.811633+00:00,2026-07-05T13:02:09.811751,1,1,144.05,0.5,143.8,250,,,,,,,,,,,,,,,,,,,144.3,200,,,,,,,,,,,,,,,,,,
2026-07-05T13:02:10.188828+00:00,2026-07-05T13:02:10.188765,1,1,144.05,0.5,143.8,100,,,,,,,,,,,,,,,,,,,144.3,100,,,,,,,,,,,,,,,,,,
2026-07-05T13:02:10.240627+00:00,2026-07-05T13:02:10.240572,2,1,144.1,0.4,143.9,150,143.8,100,,,,,,,,,,,,,,,,,144.3,100,,,,,,,,,,,,,,,,,,
2026-07-05T13:02:10.295897+00:00,2026-07-05T13:02:10.296005,2,2,144.1,0.4,143.9,150,143.8,100,,,,,,,,,,,,,,,,,144.3,100,144.4,150,,,,,,,,,,,,,,,,
2026-07-05T13:02:11.016992+00:00,2026-07-05T13:02:11.007333,2,2,144.1,0.4,143.9,150,143.8,100,,,,,,,,,,,,,,,,,144.3,89,144.4,150,,,,,,,,,,,,,,,,
2026-07-05T13:02:11.463992+00:00,2026-07-05T13:02:11.463963,1,1,144.15,0.5,143.9,150,,,,,,,,,,,,,,,,,,,144.4,150,,,,,,,,,,,,,,,,,,
2026-07-05T13:02:11.564509+00:00,2026-07-05T13:02:11.564446,2,1,144.2,0.4,144.0,100,143.9,150,,,,,,,,,,,,,,,,,144.4,250,,,,,,,,,,,,,,,,,,
2026-07-05T13:02:11.918529+00:00,2026-07-05T13:02:11.918463,2,1,144.2,0.4,144.0,100,143.9,150,,,,,,,,,,,,,,,,,144.4,200,,,,,,,,,,,,,,,,,,
2026-07-05T13:02:13.375207+00:00,2026-07-05T13:02:13.375158,1,1,144.2,0.4,144.0,100,,,,,,,,,,,,,,,,,,,144.4,100,,,,,,,,,,,,,,,,,,
2026-07-05T13:02:13.428264+00:00,2026-07-05T13:02:13.428444,2,1,144.35,0.1,144.3,150,144.0,100,,,,,,,,,,,,,,,,,144.4,100,,,,,,,,,,,,,,,,,,
2026-07-05T13:02:13.488824+00:00,2026-07-05T13:02:13.488753,2,2,144.35,0.1,144.3,150,144.0,100,,,,,,,,,,,,,,,,,144.4,100,144.8,150,,,,,,,,,,,,,,,,
2026-07-05T13:02:14.025264+00:00,2026-07-05T13:02:14.025131,2,2,144.35,0.1,144.3,150,144.0,100,,,,,,,,,,,,,,,,,144.4,50,144.8,150,,,,,,,,,,,,,,,,
2026-07-05T13:02:14.625346+00:00,2026-07-05T13:02:14.625264,1,1,144.55,0.5,144.3,150,,,,,,,,,,,,,,,,,,,144.8,150,,,,,,,,,,,,,,,,,,
2026-07-05T13:02:14.679444+00:00,2026-07-05T13:02:14.679387,1,1,144.55,0.5,144.3,250,,,,,,,,,,,,,,,,,,,144.8,150,,,,,,,,,,,,,,,,,,
2026-07-05T13:02:14.732429+00:00,2026-07-05T13:02:14.732368,1,1,144.55,0.5,144.3,250,,,,,,,,,,,,,,,,,,,144.8,250,,,,,,,,,,,,,,,,,,
2026-07-05T13:02:15.396453+00:00,2026-07-05T13:02:15.396417,1,1,144.55,0.5,144.3,205,,,,,,,,,,,,,,,,,,,144.8,250,,,,,,,,,,,,,,,,,,
2026-07-05T13:02:16.133792+00:00,2026-07-05T13:02:16.133695,1,1,144.55,0.5,144.3,205,,,,,,,,,,,,,,,,,,,144.8,200,,,,,,,,,,,,,,,,,,
2026-07-05T13:02:16.371859+00:00,2026-07-05T13:02:16.371819,1,1,144.55,0.5,144.3,205,,,,,,,,,,,,,,,,,,,144.8,153,,,,,,,,,,,,,,,,,,
2026-07-05T13:02:16.548088+00:00,2026-07-05T13:02:16.547992,1,1,144.55,0.5,144.3,100,,,,,,,,,,,,,,,,,,,144.8,100,,,,,,,,,,,,,,,,,,
2026-07-05T13:02:16.614322+00:00,2026-07-05T13:02:16.607801,2,1,144.7,0.2,144.6,139,144.3,100,,,,,,,,,,,,,,,,,144.8,100,,,,,,,,,,,,,,,,,,
2026-07-05T13:02:16.657840+00:00,2026-07-05T13:02:16.657699,2,2,144.7,0.2,144.6,139,144.3,100,,,,,,,,,,,,,,,,,144.8,100,145.1,150,,,,,,,,,,,,,,,,
2026-07-05T13:02:17.352095+00:00,2026-07-05T13:02:17.345613,2,2,144.7,0.2,144.6,127,144.3,100,,,,,,,,,,,,,,,,,144.8,100,145.1,150,,,,,,,,,,,,,,,,
2026-07-05T13:02:17.788484+00:00,2026-07-05T13:02:17.788444,1,1,144.85,0.5,144.6,127,,,,,,,,,,,,,,,,,,,145.1,150,,,,,,,,,,,,,,,,,,
2026-07-05T13:02:17.841428+00:00,2026-07-05T13:02:17.841273,2,1,144.85,0.5,144.6,127,144.1,100,,,,,,,,,,,,,,,,,145.1,150,,,,,,,,,,,,,,,,,,
2026-07-05T13:02:17.894719+00:00,2026-07-05T13:02:17.894610,2,1,144.85,0.5,144.6,27,144.1,100,,,,,,,,,,,,,,,,,145.1,150,,,,,,,,,,,,,,,,,,
2026-07-05T13:02:18.239135+00:00,2026-07-05T13:02:18.239039,2,1,144.85,0.5,144.6,27,144.1,100,,,,,,,,,,,,,,,,,145.1,100,,,,,,,,,,,,,,,,,,
2026-07-05T13:02:19.712644+00:00,2026-07-05T13:02:19.712598,1,0,,,144.1,100,,,,,,,,,,,,,,,,,,,,,,,,,,,,,,,,,,,,,,
2026-07-05T13:02:19.763949+00:00,2026-07-05T13:02:19.763837,2,0,,,144.3,150,144.1,100,,,,,,,,,,,,,,,,,,,,,,,,,,,,,,,,,,,,
2026-07-05T13:02:19.819553+00:00,2026-07-05T13:02:19.819528,2,1,144.55,0.5,144.3,150,144.1,100,,,,,,,,,,,,,,,,,144.8,150,,,,,,,,,,,,,,,,,,
2026-07-05T13:02:20.948763+00:00,2026-07-05T13:02:20.948711,1,1,144.55,0.5,144.3,150,,,,,,,,,,,,,,,,,,,144.8,150,,,,,,,,,,,,,,,,,,
2026-07-05T13:02:21.002805+00:00,2026-07-05T13:02:21.002922,2,1,144.65,0.3,144.5,100,144.3,150,,,,,,,,,,,,,,,,,144.8,150,,,,,,,,,,,,,,,,,,
2026-07-05T13:02:21.058576+00:00,2026-07-05T13:02:21.051566,2,2,144.65,0.3,144.5,100,144.3,150,,,,,,,,,,,,,,,,,144.8,150,144.9,100,,,,,,,,,,,,,,,,
2026-07-05T13:02:22.469146+00:00,2026-07-05T13:02:22.469366,2,2,144.65,0.3,144.5,100,144.3,150,,,,,,,,,,,,,,,,,144.8,100,144.9,100,,,,,,,,,,,,,,,,
2026-07-05T13:02:22.869032+00:00,2026-07-05T13:02:22.868930,2,1,144.7,0.4,144.5,100,144.3,150,,,,,,,,,,,,,,,,,144.9,100,,,,,,,,,,,,,,,,,,
2026-07-05T13:02:22.874019+00:00,2026-07-05T13:02:22.874114,1,1,144.7,0.4,144.5,100,,,,,,,,,,,,,,,,,,,144.9,100,,,,,,,,,,,,,,,,,,
2026-07-05T13:02:22.927837+00:00,2026-07-05T13:02:22.927734,1,1,144.7,0.4,144.5,250,,,,,,,,,,,,,,,,,,,144.9,100,,,,,,,,,,,,,,,,,,
2026-07-05T13:02:22.978596+00:00,2026-07-05T13:02:22.978467,1,2,144.7,0.4,144.5,250,,,,,,,,,,,,,,,,,,,144.9,100,145.0,150,,,,,,,,,,,,,,,,
2026-07-05T13:02:23.087673+00:00,2026-07-05T13:02:23.087469,1,2,144.7,0.4,144.5,250,,,,,,,,,,,,,,,,,,,144.9,58,145.0,150,,,,,,,,,,,,,,,,
2026-07-05T13:02:24.111657+00:00,2026-07-05T13:02:24.111573,1,1,144.75,0.5,144.5,150,,,,,,,,,,,,,,,,,,,145.0,150,,,,,,,,,,,,,,,,,,
2026-07-05T13:02:24.166181+00:00,2026-07-05T13:02:24.166305,2,1,144.8,0.4,144.6,100,144.5,150,,,,,,,,,,,,,,,,,145.0,150,,,,,,,,,,,,,,,,,,
2026-07-05T13:02:24.223995+00:00,2026-07-05T13:02:24.223927,2,2,144.8,0.4,144.6,100,144.5,150,,,,,,,,,,,,,,,,,145.0,150,145.1,100,,,,,,,,,,,,,,,,
2026-07-05T13:02:24.475449+00:00,2026-07-05T13:02:24.475425,2,2,144.8,0.4,144.6,52,144.5,150,,,,,,,,,,,,,,,,,145.0,150,145.1,100,,,,,,,,,,,,,,,,
2026-07-05T13:02:24.576085+00:00,2026-07-05T13:02:24.575936,2,2,144.8,0.4,144.6,52,144.5,150,,,,,,,,,,,,,,,,,145.0,100,145.1,100,,,,,,,,,,,,,,,,
2026-07-05T13:02:25.229438+00:00,2026-07-05T13:02:25.223542,2,2,144.8,0.4,144.6,41,144.5,150,,,,,,,,,,,,,,,,,145.0,100,145.1,100,,,,,,,,,,,,,,,,
2026-07-05T13:02:26.034297+00:00,2026-07-05T13:02:26.034148,1,1,144.85,0.5,144.6,41,,,,,,,,,,,,,,,,,,,145.1,100,,,,,,,,,,,,,,,,,,
2026-07-05T13:02:26.095414+00:00,2026-07-05T13:02:26.095273,2,1,144.85,0.5,144.6,41,144.5,150,,,,,,,,,,,,,,,,,145.1,100,,,,,,,,,,,,,,,,,,
2026-07-05T13:02:26.148058+00:00,2026-07-05T13:02:26.147944,2,2,144.8,0.4,144.6,41,144.5,150,,,,,,,,,,,,,,,,,145.0,150,145.1,100,,,,,,,,,,,,,,,,
2026-07-05T13:02:26.748840+00:00,2026-07-05T13:02:26.748710,1,2,144.75,0.5,144.5,141,,,,,,,,,,,,,,,,,,,145.0,150,145.1,100,,,,,,,,,,,,,,,,
2026-07-05T13:02:27.280233+00:00,2026-07-05T13:02:27.280077,1,1,144.75,0.5,144.5,141,,,,,,,,,,,,,,,,,,,145.0,150,,,,,,,,,,,,,,,,,,
2026-07-05T13:02:27.334626+00:00,2026-07-05T13:02:27.334433,2,1,144.75,0.5,144.5,141,144.2,100,,,,,,,,,,,,,,,,,145.0,150,,,,,,,,,,,,,,,,,,
2026-07-05T13:02:27.386725+00:00,2026-07-05T13:02:27.386545,2,2,144.6,0.2,144.5,141,144.2,100,,,,,,,,,,,,,,,,,144.7,100,145.0,150,,,,,,,,,,,,,,,,
2026-07-05T13:02:28.858639+00:00,2026-07-05T13:02:28.854508,2,2,144.6,0.2,144.5,91,144.2,100,,,,,,,,,,,,,,,,,144.7,100,145.0,150,,,,,,,,,,,,,,,,
2026-07-05T13:02:29.205745+00:00,2026-07-05T13:02:29.205708,1,1,144.45,0.5,144.2,100,,,,,,,,,,,,,,,,,,,144.7,100,,,,,,,,,,,,,,,,,,
2026-07-05T13:02:29.258640+00:00,2026-07-05T13:02:29.255502,1,1,144.45,0.5,144.2,250,,,,,,,,,,,,,,,,,,,144.7,100,,,,,,,,,,,,,,,,,,
2026-07-05T13:02:29.313898+00:00,2026-07-05T13:02:29.313807,1,1,144.45,0.5,144.2,250,,,,,,,,,,,,,,,,,,,144.7,250,,,,,,,,,,,,,,,,,,
2026-07-05T13:02:30.440561+00:00,2026-07-05T13:02:30.440527,1,1,144.45,0.5,144.2,150,,,,,,,,,,,,,,,,,,,144.7,150,,,,,,,,,,,,,,,,,,
2026-07-05T13:02:30.490244+00:00,2026-07-05T13:02:30.490324,2,1,144.45,0.5,144.2,150,144.1,100,,,,,,,,,,,,,,,,,144.7,150,,,,,,,,,,,,,,,,,,
2026-07-05T13:02:30.548303+00:00,2026-07-05T13:02:30.548157,2,2,144.4,0.4,144.2,150,144.1,100,,,,,,,,,,,,,,,,,144.6,100,144.7,150,,,,,,,,,,,,,,,,
2026-07-05T13:02:30.997654+00:00,2026-07-05T13:02:30.997578,2,2,144.4,0.4,144.2,100,144.1,100,,,,,,,,,,,,,,,,,144.6,100,144.7,150,,,,,,,,,,,,,,,,
2026-07-05T13:02:31.867771+00:00,2026-07-05T13:02:31.867637,2,2,144.4,0.4,144.2,100,144.1,100,,,,,,,,,,,,,,,,,144.6,55,144.7,150,,,,,,,,,,,,,,,,
2026-07-05T13:02:32.358644+00:00,2026-07-05T13:02:32.357214,2,1,144.4,0.4,144.2,100,144.1,100,,,,,,,,,,,,,,,,,144.6,55,,,,,,,,,,,,,,,,,,
2026-07-05T13:02:32.369127+00:00,2026-07-05T13:02:32.369049,1,1,144.35,0.5,144.1,100,,,,,,,,,,,,,,,,,,,144.6,55,,,,,,,,,,,,,,,,,,
2026-07-05T13:02:32.422638+00:00,2026-07-05T13:02:32.422566,1,1,144.35,0.5,144.1,250,,,,,,,,,,,,,,,,,,,144.6,55,,,,,,,,,,,,,,,,,,
2026-07-05T13:02:32.474814+00:00,2026-07-05T13:02:32.474695,1,1,144.35,0.5,144.1,250,,,,,,,,,,,,,,,,,,,144.6,205,,,,,,,,,,,,,,,,,,
2026-07-05T13:02:33.102671+00:00,2026-07-05T13:02:33.102605,1,1,144.35,0.5,144.1,200,,,,,,,,,,,,,,,,,,,144.6,205,,,,,,,,,,,,,,,,,,
2026-07-05T13:02:33.601553+00:00,2026-07-05T13:02:33.601362,1,1,144.35,0.5,144.1,150,,,,,,,,,,,,,,,,,,,144.6,150,,,,,,,,,,,,,,,,,,
2026-07-05T13:02:33.658618+00:00,2026-07-05T13:02:33.645061,2,1,144.4,0.4,144.2,100,144.1,150,,,,,,,,,,,,,,,,,144.6,150,,,,,,,,,,,,,,,,,,
2026-07-05T13:02:33.707482+00:00,2026-07-05T13:02:33.707372,2,2,144.4,0.4,144.2,100,144.1,150,,,,,,,,,,,,,,,,,144.6,150,144.7,100,,,,,,,,,,,,,,,,
2026-07-05T13:02:34.580077+00:00,2026-07-05T13:02:34.574880,2,2,144.4,0.4,144.2,100,144.1,150,,,,,,,,,,,,,,,,,144.6,139,144.7,100,,,,,,,,,,,,,,,,
2026-07-05T13:02:35.080541+00:00,2026-07-05T13:02:35.080469,2,2,144.4,0.4,144.2,57,144.1,150,,,,,,,,,,,,,,,,,144.6,139,144.7,100,,,,,,,,,,,,,,,,
2026-07-05T13:02:35.234008+00:00,2026-07-05T13:02:35.233962,2,2,144.4,0.4,144.2,7,144.1,150,,,,,,,,,,,,,,,,,144.6,139,144.7,100,,,,,,,,,,,,,,,,
2026-07-05T13:02:35.529962+00:00,2026-07-05T13:02:35.529894,1,1,144.45,0.5,144.2,7,,,,,,,,,,,,,,,,,,,144.7,100,,,,,,,,,,,,,,,,,,
2026-07-05T13:02:35.584677+00:00,2026-07-05T13:02:35.584582,2,1,144.5,0.4,144.3,150,144.2,7,,,,,,,,,,,,,,,,,144.7,100,,,,,,,,,,,,,,,,,,
2026-07-05T13:02:35.637865+00:00,2026-07-05T13:02:35.637793,2,2,144.5,0.4,144.3,150,144.2,7,,,,,,,,,,,,,,,,,144.7,100,144.8,150,,,,,,,,,,,,,,,,
2026-07-05T13:02:36.758555+00:00,2026-07-05T13:02:36.757433,1,1,144.55,0.5,144.3,150,,,,,,,,,,,,,,,,,,,144.8,150,,,,,,,,,,,,,,,,,,
2026-07-05T13:02:36.818336+00:00,2026-07-05T13:02:36.818228,2,1,144.55,0.5,144.3,150,144.0,100,,,,,,,,,,,,,,,,,144.8,150,,,,,,,,,,,,,,,,,,
2026-07-05T13:02:36.870739+00:00,2026-07-05T13:02:36.870820,2,2,144.4,0.2,144.3,150,144.0,100,,,,,,,,,,,,,,,,,144.5,100,144.8,150,,,,,,,,,,,,,,,,
2026-07-05T13:02:36.880492+00:00,2026-07-05T13:02:36.874549,2,2,144.4,0.2,144.3,150,144.0,100,,,,,,,,,,,,,,,,,144.5,88,144.8,150,,,,,,,,,,,,,,,,
2026-07-05T13:02:36.992451+00:00,2026-07-05T13:02:36.987991,2,2,144.4,0.2,144.3,150,144.0,100,,,,,,,,,,,,,,,,,144.5,65,144.8,150,,,,,,,,,,,,,,,,
2026-07-05T13:02:37.342835+00:00,2026-07-05T13:02:37.342634,2,2,144.4,0.2,144.3,100,144.0,100,,,,,,,,,,,,,,,,,144.5,65,144.8,150,,,,,,,,,,,,,,,,
2026-07-05T13:02:38.210604+00:00,2026-07-05T13:02:38.203823,2,2,144.4,0.2,144.3,100,144.0,100,,,,,,,,,,,,,,,,,144.5,54,144.8,150,,,,,,,,,,,,,,,,
2026-07-05T13:02:38.484620+00:00,2026-07-05T13:02:38.484540,2,2,144.4,0.2,144.3,100,144.0,100,,,,,,,,,,,,,,,,,144.5,14,144.8,150,,,,,,,,,,,,,,,,
2026-07-05T13:02:38.691631+00:00,2026-07-05T13:02:38.691598,1,1,144.25,0.5,144.0,100,,,,,,,,,,,,,,,,,,,144.5,14,,,,,,,,,,,,,,,,,,
2026-07-05T13:02:38.746051+00:00,2026-07-05T13:02:38.745997,2,1,144.4,0.2,144.3,150,144.0,100,,,,,,,,,,,,,,,,,144.5,14,,,,,,,,,,,,,,,,,,
2026-07-05T13:02:38.799421+00:00,2026-07-05T13:02:38.799377,2,2,144.4,0.2,144.3,150,144.0,100,,,,,,,,,,,,,,,,,144.5,14,144.8,150,,,,,,,,,,,,,,,,
2026-07-05T13:02:39.085978+00:00,2026-07-05T13:02:39.085877,2,2,144.4,0.2,144.3,104,144.0,100,,,,,,,,,,,,,,,,,144.5,14,144.8,150,,,,,,,,,,,,,,,,
2026-07-05T13:02:39.452474+00:00,2026-07-05T13:02:39.452657,2,2,144.4,0.2,144.3,54,144.0,100,,,,,,,,,,,,,,,,,144.5,14,144.8,150,,,,,,,,,,,,,,,,
2026-07-05T13:02:39.659417+00:00,2026-07-05T13:02:39.652904,2,2,144.4,0.2,144.3,54,144.0,100,,,,,,,,,,,,,,,,,144.5,3,144.8,150,,,,,,,,,,,,,,,,
2026-07-05T13:02:39.925297+00:00,2026-07-05T13:02:39.925212,1,1,144.55,0.5,144.3,54,,,,,,,,,,,,,,,,,,,144.8,150,,,,,,,,,,,,,,,,,,
2026-07-05T13:02:39.981193+00:00,2026-07-05T13:02:39.981117,1,1,144.55,0.5,144.3,54,,,,,,,,,,,,,,,,,,,144.8,50,,,,,,,,,,,,,,,,,,
2026-07-05T13:02:40.041129+00:00,2026-07-05T13:02:40.041020,1,2,144.55,0.5,144.3,54,,,,,,,,,,,,,,,,,,,144.8,50,145.3,100,,,,,,,,,,,,,,,,
2026-07-05T13:02:41.561271+00:00,2026-07-05T13:02:41.561132,1,2,144.55,0.5,144.3,4,,,,,,,,,,,,,,,,,,,144.8,50,145.3,100,,,,,,,,,,,,,,,,
2026-07-05T13:02:41.858619+00:00,2026-07-05T13:02:41.854863,0,1,,,,,,,,,,,,,,,,,,,,,,,145.3,100,,,,,,,,,,,,,,,,,,
2026-07-05T13:02:41.907082+00:00,2026-07-05T13:02:41.906898,1,1,144.85,0.9,144.4,150,,,,,,,,,,,,,,,,,,,145.3,100,,,,,,,,,,,,,,,,,,
2026-07-05T13:02:41.958536+00:00,2026-07-05T13:02:41.957445,1,2,144.65,0.5,144.4,150,,,,,,,,,,,,,,,,,,,144.9,150,145.3,100,,,,,,,,,,,,,,,,
2026-07-05T13:02:43.092999+00:00,2026-07-05T13:02:43.092858,1,1,144.65,0.5,144.4,150,,,,,,,,,,,,,,,,,,,144.9,150,,,,,,,,,,,,,,,,,,
2026-07-05T13:02:43.147167+00:00,2026-07-05T13:02:43.147109,2,1,144.75,0.3,144.6,100,144.4,150,,,,,,,,,,,,,,,,,144.9,150,,,,,,,,,,,,,,,,,,
2026-07-05T13:02:43.200391+00:00,2026-07-05T13:02:43.200346,2,2,144.75,0.3,144.6,100,144.4,150,,,,,,,,,,,,,,,,,144.9,150,145.1,100,,,,,,,,,,,,,,,,
2026-07-05T13:02:43.669898+00:00,2026-07-05T13:02:43.669776,2,2,144.75,0.3,144.6,50,144.4,150,,,,,,,,,,,,,,,,,144.9,150,145.1,100,,,,,,,,,,,,,,,,
2026-07-05T13:02:44.310012+00:00,2026-07-05T13:02:44.309879,2,2,144.75,0.3,144.6,50,144.4,150,,,,,,,,,,,,,,,,,144.9,108,145.1,100,,,,,,,,,,,,,,,,
2026-07-05T13:02:44.813242+00:00,2026-07-05T13:02:44.813114,2,2,144.75,0.3,144.6,50,144.4,150,,,,,,,,,,,,,,,,,144.9,60,145.1,100,,,,,,,,,,,,,,,,
2026-07-05T13:02:45.021823+00:00,2026-07-05T13:02:45.021742,1,1,144.85,0.5,144.6,50,,,,,,,,,,,,,,,,,,,145.1,100,,,,,,,,,,,,,,,,,,
2026-07-05T13:02:45.070653+00:00,2026-07-05T13:02:45.070624,2,1,145.05,0.1,145.0,150,144.6,50,,,,,,,,,,,,,,,,,145.1,100,,,,,,,,,,,,,,,,,,
2026-07-05T13:02:45.125751+00:00,2026-07-05T13:02:45.125603,2,2,145.05,0.1,145.0,150,144.6,50,,,,,,,,,,,,,,,,,145.1,100,145.5,150,,,,,,,,,,,,,,,,
2026-07-05T13:02:45.779102+00:00,2026-07-05T13:02:45.778962,2,2,145.05,0.1,145.0,100,144.6,50,,,,,,,,,,,,,,,,,145.1,100,145.5,150,,,,,,,,,,,,,,,,
2026-07-05T13:02:46.184264+00:00,2026-07-05T13:02:46.172272,2,2,145.05,0.1,145.0,89,144.6,50,,,,,,,,,,,,,,,,,145.1,100,145.5,150,,,,,,,,,,,,,,,,
2026-07-05T13:02:46.253639+00:00,2026-07-05T13:02:46.253776,2,1,145.25,0.5,145.0,89,144.6,50,,,,,,,,,,,,,,,,,145.5,150,,,,,,,,,,,,,,,,,,
2026-07-05T13:02:46.259015+00:00,2026-07-05T13:02:46.258922,1,1,145.25,0.5,145.0,89,,,,,,,,,,,,,,,,,,,145.5,150,,,,,,,,,,,,,,,,,,
2026-07-05T13:02:46.309684+00:00,2026-07-05T13:02:46.309639,2,1,145.25,0.5,145.0,89,144.6,100,,,,,,,,,,,,,,,,,145.5,150,,,,,,,,,,,,,,,,,,
2026-07-05T13:02:46.358561+00:00,2026-07-05T13:02:46.355417,2,2,145.05,0.1,145.0,89,144.6,100,,,,,,,,,,,,,,,,,145.1,100,145.5,150,,,,,,,,,,,,,,,,
2026-07-05T13:02:46.444834+00:00,2026-07-05T13:02:46.444764,2,2,145.05,0.1,145.0,43,144.6,100,,,,,,,,,,,,,,,,,145.1,100,145.5,150,,,,,,,,,,,,,,,,
2026-07-05T13:02:47.378947+00:00,2026-07-05T13:02:47.372555,2,2,145.05,0.1,145.0,32,144.6,100,,,,,,,,,,,,,,,,,145.1,100,145.5,150,,,,,,,,,,,,,,,,
2026-07-05T13:02:47.537269+00:00,2026-07-05T13:02:47.537099,1,2,144.85,0.5,144.6,83,,,,,,,,,,,,,,,,,,,145.1,100,145.5,150,,,,,,,,,,,,,,,,
2026-07-05T13:02:47.895525+00:00,2026-07-05T13:02:47.895704,1,2,144.85,0.5,144.6,33,,,,,,,,,,,,,,,,,,,145.1,100,145.5,150,,,,,,,,,,,,,,,,
2026-07-05T13:02:48.181247+00:00,2026-07-05T13:02:48.181101,1,1,144.85,0.5,144.6,33,,,,,,,,,,,,,,,,,,,145.1,100,,,,,,,,,,,,,,,,,,
2026-07-05T13:02:48.238396+00:00,2026-07-05T13:02:48.238538,2,1,144.85,0.5,144.6,33,144.3,150,,,,,,,,,,,,,,,,,145.1,100,,,,,,,,,,,,,,,,,,
2026-07-05T13:02:48.297680+00:00,2026-07-05T13:02:48.292313,2,2,144.7,0.2,144.6,33,144.3,150,,,,,,,,,,,,,,,,,144.8,139,145.1,100,,,,,,,,,,,,,,,,
2026-07-05T13:02:49.416385+00:00,2026-07-05T13:02:49.416282,2,1,144.7,0.2,144.6,33,144.3,150,,,,,,,,,,,,,,,,,144.8,139,,,,,,,,,,,,,,,,,,
2026-07-05T13:02:49.421373+00:00,2026-07-05T13:02:49.421465,1,1,144.55,0.5,144.3,150,,,,,,,,,,,,,,,,,,,144.8,139,,,,,,,,,,,,,,,,,,
2026-07-05T13:02:49.484000+00:00,2026-07-05T13:02:49.483888,1,1,144.55,0.5,144.3,250,,,,,,,,,,,,,,,,,,,144.8,139,,,,,,,,,,,,,,,,,,
2026-07-05T13:02:49.537939+00:00,2026-07-05T13:02:49.537846,1,1,144.55,0.5,144.3,250,,,,,,,,,,,,,,,,,,,144.8,239,,,,,,,,,,,,,,,,,,
2026-07-05T13:02:51.011738+00:00,2026-07-05T13:02:51.005270,1,1,144.55,0.5,144.3,250,,,,,,,,,,,,,,,,,,,144.8,228,,,,,,,,,,,,,,,,,,
2026-07-05T13:02:51.347885+00:00,2026-07-05T13:02:51.347819,1,1,144.55,0.5,144.3,100,,,,,,,,,,,,,,,,,,,144.8,100,,,,,,,,,,,,,,,,,,
2026-07-05T13:02:51.402537+00:00,2026-07-05T13:02:51.402457,2,1,144.65,0.3,144.5,150,144.3,100,,,,,,,,,,,,,,,,,144.8,100,,,,,,,,,,,,,,,,,,
2026-07-05T13:02:51.464316+00:00,2026-07-05T13:02:51.463993,2,2,144.65,0.3,144.5,150,144.3,100,,,,,,,,,,,,,,,,,144.8,100,145.0,150,,,,,,,,,,,,,,,,
2026-07-05T13:02:51.558650+00:00,2026-07-05T13:02:51.558421,2,2,144.65,0.3,144.5,150,144.3,100,,,,,,,,,,,,,,,,,144.8,51,145.0,150,,,,,,,,,,,,,,,,
2026-07-05T13:02:52.058554+00:00,2026-07-05T13:02:52.057614,2,2,144.65,0.3,144.5,150,144.3,100,,,,,,,,,,,,,,,,,144.8,1,145.0,150,,,,,,,,,,,,,,,,
2026-07-05T13:02:52.591810+00:00,2026-07-05T13:02:52.591790,1,1,144.75,0.5,144.5,150,,,,,,,,,,,,,,,,,,,145.0,150,,,,,,,,,,,,,,,,,,
2026-07-05T13:02:52.644483+00:00,2026-07-05T13:02:52.644658,2,1,144.85,0.3,144.7,100,144.5,150,,,,,,,,,,,,,,,,,145.0,150,,,,,,,,,,,,,,,,,,
2026-07-05T13:02:52.700940+00:00,2026-07-05T13:02:52.700791,2,2,144.85,0.3,144.7,100,144.5,150,,,,,,,,,,,,,,,,,145.0,150,145.2,100,,,,,,,,,,,,,,,,
2026-07-05T13:02:53.098021+00:00,2026-07-05T13:02:53.097941,2,2,144.85,0.3,144.7,51,144.5,150,,,,,,,,,,,,,,,,,145.0,150,145.2,100,,,,,,,,,,,,,,,,
2026-07-05T13:02:54.187928+00:00,2026-07-05T13:02:54.187855,2,2,144.85,0.3,144.7,51,144.5,150,,,,,,,,,,,,,,,,,145.0,100,145.2,100,,,,,,,,,,,,,,,,
2026-07-05T13:02:54.193118+00:00,2026-07-05T13:02:54.193045,2,2,144.85,0.3,144.7,51,144.5,150,,,,,,,,,,,,,,,,,145.0,58,145.2,100,,,,,,,,,,,,,,,,
2026-07-05T13:02:54.511472+00:00,2026-07-05T13:02:54.511398,1,1,144.95,0.5,144.7,51,,,,,,,,,,,,,,,,,,,145.2,100,,,,,,,,,,,,,,,,,,
2026-07-05T13:02:54.558592+00:00,2026-07-05T13:02:54.556316,2,1,145.0,0.4,144.8,150,144.7,51,,,,,,,,,,,,,,,,,145.2,100,,,,,,,,,,,,,,,,,,
2026-07-05T13:02:54.614024+00:00,2026-07-05T13:02:54.614133,2,2,145.0,0.4,144.8,150,144.7,51,,,,,,,,,,,,,,,,,145.2,100,145.3,150,,,,,,,,,,,,,,,,
2026-07-05T13:02:54.770516+00:00,2026-07-05T13:02:54.770642,2,2,145.0,0.4,144.8,103,144.7,51,,,,,,,,,,,,,,,,,145.2,100,145.3,150,,,,,,,,,,,,,,,,
2026-07-05T13:02:55.758563+00:00,2026-07-05T13:02:55.758158,1,1,145.05,0.5,144.8,103,,,,,,,,,,,,,,,,,,,145.3,150,,,,,,,,,,,,,,,,,,
2026-07-05T13:02:55.813906+00:00,2026-07-05T13:02:55.813853,2,1,145.05,0.5,144.8,103,144.4,100,,,,,,,,,,,,,,,,,145.3,150,,,,,,,,,,,,,,,,,,
2026-07-05T13:02:55.855988+00:00,2026-07-05T13:02:55.848699,2,1,145.05,0.5,144.8,92,144.4,100,,,,,,,,,,,,,,,,,145.3,150,,,,,,,,,,,,,,,,,,
2026-07-05T13:02:55.871573+00:00,2026-07-05T13:02:55.871475,2,2,144.85,0.1,144.8,92,144.4,100,,,,,,,,,,,,,,,,,144.9,100,145.3,150,,,,,,,,,,,,,,,,
2026-07-05T13:02:56.350420+00:00,2026-07-05T13:02:56.350284,2,2,144.85,0.1,144.8,42,144.4,100,,,,,,,,,,,,,,,,,144.9,100,145.3,150,,,,,,,,,,,,,,,,
2026-07-05T13:02:57.673025+00:00,2026-07-05T13:02:57.672962,1,1,144.65,0.5,144.4,100,,,,,,,,,,,,,,,,,,,144.9,100,,,,,,,,,,,,,,,,,,
2026-07-05T13:02:57.727021+00:00,2026-07-05T13:02:57.727113,2,1,144.65,0.5,144.4,100,144.3,150,,,,,,,,,,,,,,,,,144.9,100,,,,,,,,,,,,,,,,,,
2026-07-05T13:02:57.732407+00:00,2026-07-05T13:02:57.732365,2,1,144.65,0.5,144.4,100,144.3,150,,,,,,,,,,,,,,,,,144.9,55,,,,,,,,,,,,,,,,,,
2026-07-05T13:02:57.780219+00:00,2026-07-05T13:02:57.780158,2,2,144.6,0.4,144.4,100,144.3,150,,,,,,,,,,,,,,,,,144.8,150,144.9,55,,,,,,,,,,,,,,,,
2026-07-05T13:02:58.409939+00:00,2026-07-05T13:02:58.410021,2,2,144.6,0.4,144.4,100,144.3,150,,,,,,,,,,,,,,,,,144.8,100,144.9,55,,,,,,,,,,,,,,,,
2026-07-05T13:02:58.921728+00:00,2026-07-05T13:02:58.921854,2,1,144.6,0.4,144.4,100,144.3,150,,,,,,,,,,,,,,,,,144.8,100,,,,,,,,,,,,,,,,,,
2026-07-05T13:02:58.927064+00:00,2026-07-05T13:02:58.927004,1,1,144.55,0.5,144.3,150,,,,,,,,,,,,,,,,,,,144.8,100,,,,,,,,,,,,,,,,,,
2026-07-05T13:02:58.979516+00:00,2026-07-05T13:02:58.979597,2,1,144.7,0.2,144.6,100,144.3,150,,,,,,,,,,,,,,,,,144.8,100,,,,,,,,,,,,,,,,,,
2026-07-05T13:02:59.029214+00:00,2026-07-05T13:02:59.029340,2,2,144.7,0.2,144.6,100,144.3,150,,,,,,,,,,,,,,,,,144.8,100,145.1,100,,,,,,,,,,,,,,,,
2026-07-05T13:02:59.478606+00:00,2026-07-05T13:02:59.472847,2,2,144.7,0.2,144.6,100,144.3,150,,,,,,,,,,,,,,,,,144.8,89,145.1,100,,,,,,,,,,,,,,,,
2026-07-05T13:02:59.789121+00:00,2026-07-05T13:02:59.789002,2,2,144.7,0.2,144.6,100,144.3,150,,,,,,,,,,,,,,,,,144.8,41,145.1,100,,,,,,,,,,,,,,,,
2026-07-05T13:03:00.304687+00:00,2026-07-05T13:03:00.304602,2,1,144.85,0.5,144.6,100,144.3,150,,,,,,,,,,,,,,,,,145.1,100,,,,,,,,,,,,,,,,,,
2026-07-05T13:03:00.521828+00:00,2026-07-05T13:03:00.521896,2,1,144.85,0.5,144.6,100,144.3,150,,,,,,,,,,,,,,,,,145.1,50,,,,,,,,,,,,,,,,,,
2026-07-05T13:03:00.833644+00:00,2026-07-05T13:03:00.833766,1,1,144.85,0.5,144.6,100,,,,,,,,,,,,,,,,,,,145.1,50,,,,,,,,,,,,,,,,,,
2026-07-05T13:03:00.897996+00:00,2026-07-05T13:03:00.891854,2,1,145.05,0.1,145.0,139,144.6,100,,,,,,,,,,,,,,,,,145.1,50,,,,,,,,,,,,,,,,,,
2026-07-05T13:03:00.941364+00:00,2026-07-05T13:03:00.941274,2,2,145.05,0.1,145.0,139,144.6,100,,,,,,,,,,,,,,,,,145.1,50,145.5,150,,,,,,,,,,,,,,,,
2026-07-05T13:03:01.911748+00:00,2026-07-05T13:03:01.911641,2,2,145.05,0.1,145.0,93,144.6,100,,,,,,,,,,,,,,,,,145.1,50,145.5,150,,,,,,,,,,,,,,,,
2026-07-05T13:03:02.086677+00:00,2026-07-05T13:03:02.086618,1,1,145.25,0.5,145.0,93,,,,,,,,,,,,,,,,,,,145.5,150,,,,,,,,,,,,,,,,,,
2026-07-05T13:03:02.138060+00:00,2026-07-05T13:03:02.137999,2,1,145.3,0.4,145.1,100,145.0,93,,,,,,,,,,,,,,,,,145.5,150,,,,,,,,,,,,,,,,,,
2026-07-05T13:03:02.188141+00:00,2026-07-05T13:03:02.188239,2,2,145.3,0.4,145.1,100,145.0,93,,,,,,,,,,,,,,,,,145.5,150,145.6,100,,,,,,,,,,,,,,,,
2026-07-05T13:03:02.473884+00:00,2026-07-05T13:03:02.473735,2,2,145.3,0.4,145.1,55,145.0,93,,,,,,,,,,,,,,,,,145.5,150,145.6,100,,,,,,,,,,,,,,,,
2026-07-05T13:03:02.628188+00:00,2026-07-05T13:03:02.628087,2,2,145.3,0.4,145.1,55,145.0,93,,,,,,,,,,,,,,,,,145.5,100,145.6,100,,,,,,,,,,,,,,,,
2026-07-05T13:03:03.019230+00:00,2026-07-05T13:03:03.019355,2,2,145.3,0.4,145.1,11,145.0,93,,,,,,,,,,,,,,,,,145.5,100,145.6,100,,,,,,,,,,,,,,,,
2026-07-05T13:03:03.958574+00:00,2026-07-05T13:03:03.954322,2,2,145.3,0.4,145.1,11,145.0,93,,,,,,,,,,,,,,,,,145.5,52,145.6,100,,,,,,,,,,,,,,,,
2026-07-05T13:03:03.995492+00:00,2026-07-05T13:03:03.995428,1,1,145.35,0.5,145.1,11,,,,,,,,,,,,,,,,,,,145.6,100,,,,,,,,,,,,,,,,,,
2026-07-05T13:03:04.060162+00:00,2026-07-05T13:03:04.054307,2,1,145.45,0.3,145.3,139,145.1,11,,,,,,,,,,,,,,,,,145.6,100,,,,,,,,,,,,,,,,,,
2026-07-05T13:03:04.103544+00:00,2026-07-05T13:03:04.103481,2,2,145.45,0.3,145.3,139,145.1,11,,,,,,,,,,,,,,,,,145.6,100,145.8,150,,,,,,,,,,,,,,,,
2026-07-05T13:03:04.734542+00:00,2026-07-05T13:03:04.734521,2,2,145.45,0.3,145.3,139,145.1,11,,,,,,,,,,,,,,,,,145.6,50,145.8,150,,,,,,,,,,,,,,,,
2026-07-05T13:03:05.243745+00:00,2026-07-05T13:03:05.243688,1,1,145.55,0.5,145.3,139,,,,,,,,,,,,,,,,,,,145.8,150,,,,,,,,,,,,,,,,,,
2026-07-05T13:03:05.298335+00:00,2026-07-05T13:03:05.298463,2,1,145.55,0.5,145.3,139,144.8,100,,,,,,,,,,,,,,,,,145.8,150,,,,,,,,,,,,,,,,,,
2026-07-05T13:03:05.351610+00:00,2026-07-05T13:03:05.351577,2,1,145.55,0.5,145.3,39,144.8,100,,,,,,,,,,,,,,,,,145.8,150,,,,,,,,,,,,,,,,,,
2026-07-05T13:03:06.231482+00:00,2026-07-05T13:03:06.231407,1,1,145.3,1.0,144.8,97,,,,,,,,,,,,,,,,,,,145.8,150,,,,,,,,,,,,,,,,,,
2026-07-05T13:03:06.842731+00:00,2026-07-05T13:03:06.842706,1,1,145.3,1.0,144.8,97,,,,,,,,,,,,,,,,,,,145.8,100,,,,,,,,,,,,,,,,,,
2026-07-05T13:03:07.158573+00:00,2026-07-05T13:03:07.153739,1,0,,,144.8,97,,,,,,,,,,,,,,,,,,,,,,,,,,,,,,,,,,,,,,
2026-07-05T13:03:07.212619+00:00,2026-07-05T13:03:07.212707,2,0,,,144.9,150,144.8,97,,,,,,,,,,,,,,,,,,,,,,,,,,,,,,,,,,,,
2026-07-05T13:03:07.274180+00:00,2026-07-05T13:03:07.274337,2,1,145.15,0.5,144.9,150,144.8,97,,,,,,,,,,,,,,,,,145.4,150,,,,,,,,,,,,,,,,,,
2026-07-05T13:03:08.337128+00:00,2026-07-05T13:03:08.337065,2,1,145.15,0.5,144.9,150,144.8,97,,,,,,,,,,,,,,,,,145.4,108,,,,,,,,,,,,,,,,,,
2026-07-05T13:03:08.412917+00:00,2026-07-05T13:03:08.412814,1,1,145.15,0.5,144.9,150,,,,,,,,,,,,,,,,,,,145.4,108,,,,,,,,,,,,,,,,,,
2026-07-05T13:03:08.479855+00:00,2026-07-05T13:03:08.479977,2,1,145.2,0.4,145.0,100,144.9,150,,,,,,,,,,,,,,,,,145.4,108,,,,,,,,,,,,,,,,,,
2026-07-05T13:03:08.534832+00:00,2026-07-05T13:03:08.534801,2,2,145.2,0.4,145.0,100,144.9,150,,,,,,,,,,,,,,,,,145.4,108,145.5,100,,,,,,,,,,,,,,,,
2026-07-05T13:03:08.958896+00:00,2026-07-05T13:03:08.958742,2,2,145.2,0.4,145.0,100,144.9,150,,,,,,,,,,,,,,,,,145.4,58,145.5,100,,,,,,,,,,,,,,,,
2026-07-05T13:03:10.332691+00:00,2026-07-05T13:03:10.332543,2,1,145.25,0.5,145.0,100,144.9,150,,,,,,,,,,,,,,,,,145.5,100,,,,,,,,,,,,,,,,,,
2026-07-05T13:03:10.337804+00:00,2026-07-05T13:03:10.337699,1,1,145.25,0.5,145.0,100,,,,,,,,,,,,,,,,,,,145.5,100,,,,,,,,,,,,,,,,,,
2026-07-05T13:03:10.384913+00:00,2026-07-05T13:03:10.384864,2,1,145.4,0.2,145.3,150,145.0,100,,,,,,,,,,,,,,,,,145.5,100,,,,,,,,,,,,,,,,,,
2026-07-05T13:03:10.441185+00:00,2026-07-05T13:03:10.441083,2,2,145.4,0.2,145.3,150,145.0,100,,,,,,,,,,,,,,,,,145.5,100,145.8,150,,,,,,,,,,,,,,,,
2026-07-05T13:03:11.063905+00:00,2026-07-05T13:03:11.063822,2,2,145.4,0.2,145.3,150,145.0,100,,,,,,,,,,,,,,,,,145.5,50,145.8,150,,,,,,,,,,,,,,,,
2026-07-05T13:03:11.563830+00:00,2026-07-05T13:03:11.564617,2,2,145.4,0.2,145.3,106,145.0,100,,,,,,,,,,,,,,,,,145.5,50,145.8,150,,,,,,,,,,,,,,,,
2026-07-05T13:03:11.658757+00:00,2026-07-05T13:03:11.587738,1,1,145.55,0.5,145.3,106,,,,,,,,,,,,,,,,,,,145.8,150,,,,,,,,,,,,,,,,,,
2026-07-05T13:03:11.669080+00:00,2026-07-05T13:03:11.668918,2,1,145.7,0.2,145.6,100,145.3,106,,,,,,,,,,,,,,,,,145.8,150,,,,,,,,,,,,,,,,,,
2026-07-05T13:03:11.763945+00:00,2026-07-05T13:03:11.763873,2,2,145.7,0.2,145.6,100,145.3,106,,,,,,,,,,,,,,,,,145.8,150,146.1,100,,,,,,,,,,,,,,,,
2026-07-05T13:03:12.438963+00:00,2026-07-05T13:03:12.433361,2,2,145.7,0.2,145.6,88,145.3,106,,,,,,,,,,,,,,,,,145.8,150,146.1,100,,,,,,,,,,,,,,,,
2026-07-05T13:03:13.166238+00:00,2026-07-05T13:03:13.166204,2,2,145.7,0.2,145.6,88,145.3,106,,,,,,,,,,,,,,,,,145.8,100,146.1,100,,,,,,,,,,,,,,,,
2026-07-05T13:03:13.497074+00:00,2026-07-05T13:03:13.496975,2,1,145.85,0.5,145.6,88,145.3,106,,,,,,,,,,,,,,,,,146.1,100,,,,,,,,,,,,,,,,,,
2026-07-05T13:03:13.502186+00:00,2026-07-05T13:03:13.502151,1,1,145.85,0.5,145.6,88,,,,,,,,,,,,,,,,,,,146.1,100,,,,,,,,,,,,,,,,,,
2026-07-05T13:03:13.552874+00:00,2026-07-05T13:03:13.552792,2,1,145.85,0.5,145.6,88,145.5,150,,,,,,,,,,,,,,,,,146.1,100,,,,,,,,,,,,,,,,,,
2026-07-05T13:03:13.606167+00:00,2026-07-05T13:03:13.606114,2,2,145.8,0.4,145.6,88,145.5,150,,,,,,,,,,,,,,,,,146.0,150,146.1,100,,,,,,,,,,,,,,,,
2026-07-05T13:03:14.408580+00:00,2026-07-05T13:03:14.408753,2,2,145.8,0.4,145.6,88,145.5,150,,,,,,,,,,,,,,,,,146.0,101,146.1,100,,,,,,,,,,,,,,,,
2026-07-05T13:03:14.758611+00:00,2026-07-05T13:03:14.752642,1,1,145.75,0.5,145.5,150,,,,,,,,,,,,,,,,,,,146.0,101,,,,,,,,,,,,,,,,,,
2026-07-05T13:03:14.806809+00:00,2026-07-05T13:03:14.806669,1,1,145.75,0.5,145.5,250,,,,,,,,,,,,,,,,,,,146.0,101,,,,,,,,,,,,,,,,,,
2026-07-05T13:03:14.849542+00:00,2026-07-05T13:03:14.851833,1,1,145.75,0.5,145.5,250,,,,,,,,,,,,,,,,,,,146.0,201,,,,,,,,,,,,,,,,,,
2026-07-05T13:03:15.273811+00:00,2026-07-05T13:03:15.273685,1,1,145.75,0.5,145.5,250,,,,,,,,,,,,,,,,,,,146.0,151,,,,,,,,,,,,,,,,,,
2026-07-05T13:03:15.382898+00:00,2026-07-05T13:03:15.382758,1,1,145.75,0.5,145.5,209,,,,,,,,,,,,,,,,,,,146.0,151,,,,,,,,,,,,,,,,,,
2026-07-05T13:03:16.573982+00:00,2026-07-05T13:03:16.573848,1,1,145.75,0.5,145.5,209,,,,,,,,,,,,,,,,,,,146.0,104,,,,,,,,,,,,,,,,,,
2026-07-05T13:03:16.655862+00:00,2026-07-05T13:03:16.656853,1,1,145.75,0.5,145.5,100,,,,,,,,,,,,,,,,,,,146.0,100,,,,,,,,,,,,,,,,,,
2026-07-05T13:03:16.717085+00:00,2026-07-05T13:03:16.717229,2,1,145.95,0.1,145.9,150,145.5,100,,,,,,,,,,,,,,,,,146.0,100,,,,,,,,,,,,,,,,,,
2026-07-05T13:03:16.727963+00:00,2026-07-05T13:03:16.721410,2,1,145.95,0.1,145.9,116,145.5,100,,,,,,,,,,,,,,,,,146.0,100,,,,,,,,,,,,,,,,,,
2026-07-05T13:03:16.769880+00:00,2026-07-05T13:03:16.769811,2,2,145.95,0.1,145.9,116,145.5,100,,,,,,,,,,,,,,,,,146.0,100,146.4,150,,,,,,,,,,,,,,,,
2026-07-05T13:03:17.066631+00:00,2026-07-05T13:03:17.066845,2,2,145.95,0.1,145.9,72,145.5,100,,,,,,,,,,,,,,,,,146.0,100,146.4,150,,,,,,,,,,,,,,,,
2026-07-05T13:03:17.381510+00:00,2026-07-05T13:03:17.381485,2,2,145.95,0.1,145.9,72,145.5,100,,,,,,,,,,,,,,,,,146.0,50,146.4,150,,,,,,,,,,,,,,,,
2026-07-05T13:03:17.914708+00:00,2026-07-05T13:03:17.914566,2,1,146.15,0.5,145.9,72,145.5,100,,,,,,,,,,,,,,,,,146.4,150,,,,,,,,,,,,,,,,,,
2026-07-05T13:03:17.919851+00:00,2026-07-05T13:03:17.919713,1,1,146.15,0.5,145.9,72,,,,,,,,,,,,,,,,,,,146.4,150,,,,,,,,,,,,,,,,,,
2026-07-05T13:03:17.968993+00:00,2026-07-05T13:03:17.968950,2,1,146.15,0.5,145.9,72,145.6,100,,,,,,,,,,,,,,,,,146.4,150,,,,,,,,,,,,,,,,,,
2026-07-05T13:03:18.022186+00:00,2026-07-05T13:03:18.022079,2,2,146.0,0.2,145.9,72,145.6,100,,,,,,,,,,,,,,,,,146.1,100,146.4,150,,,,,,,,,,,,,,,,
2026-07-05T13:03:18.137632+00:00,2026-07-05T13:03:18.137583,2,2,146.0,0.2,145.9,28,145.6,100,,,,,,,,,,,,,,,,,146.1,100,146.4,150,,,,,,,,,,,,,,,,
2026-07-05T13:03:19.544047+00:00,2026-07-05T13:03:19.543987,1,2,145.85,0.5,145.6,78,,,,,,,,,,,,,,,,,,,146.1,100,146.4,150,,,,,,,,,,,,,,,,
2026-07-05T13:03:19.711221+00:00,2026-07-05T13:03:19.711172,1,2,145.85,0.5,145.6,78,,,,,,,,,,,,,,,,,,,146.1,56,146.4,150,,,,,,,,,,,,,,,,
2026-07-05T13:03:19.824499+00:00,2026-07-05T13:03:19.824683,1,1,145.85,0.5,145.6,78,,,,,,,,,,,,,,,,,,,146.1,56,,,,,,,,,,,,,,,,,,
2026-07-05T13:03:19.879550+00:00,2026-07-05T13:03:19.879375,2,1,145.85,0.5,145.6,78,145.5,150,,,,,,,,,,,,,,,,,146.1,56,,,,,,,,,,,,,,,,,,
2026-07-05T13:03:19.932655+00:00,2026-07-05T13:03:19.932547,2,2,145.8,0.4,145.6,78,145.5,150,,,,,,,,,,,,,,,,,146.0,150,146.1,56,,,,,,,,,,,,,,,,
2026-07-05T13:03:20.385126+00:00,2026-07-05T13:03:20.378447,2,2,145.8,0.4,145.6,78,145.5,150,,,,,,,,,,,,,,,,,146.0,139,146.1,56,,,,,,,,,,,,,,,,
2026-07-05T13:03:21.077593+00:00,2026-07-05T13:03:21.077570,2,1,145.8,0.4,145.6,78,145.5,150,,,,,,,,,,,,,,,,,146.0,139,,,,,,,,,,,,,,,,,,
2026-07-05T13:03:21.082783+00:00,2026-07-05T13:03:21.082726,1,1,145.75,0.5,145.5,150,,,,,,,,,,,,,,,,,,,146.0,139,,,,,,,,,,,,,,,,,,
2026-07-05T13:03:21.137317+00:00,2026-07-05T13:03:21.137252,1,1,145.75,0.5,145.5,150,,,,,,,,,,,,,,,,,,,146.0,39,,,,,,,,,,,,,,,,,,
2026-07-05T13:03:21.190405+00:00,2026-07-05T13:03:21.190290,1,2,145.75,0.5,145.5,150,,,,,,,,,,,,,,,,,,,146.0,39,146.6,100,,,,,,,,,,,,,,,,
2026-07-05T13:03:21.649883+00:00,2026-07-05T13:03:21.649834,1,2,145.75,0.5,145.5,100,,,,,,,,,,,,,,,,,,,146.0,39,146.6,100,,,,,,,,,,,,,,,,
2026-07-05T13:03:22.988844+00:00,2026-07-05T13:03:22.988667,0,1,,,,,,,,,,,,,,,,,,,,,,,146.6,100,,,,,,,,,,,,,,,,,,
2026-07-05T13:03:23.046866+00:00,2026-07-05T13:03:23.046811,1,1,146.25,0.7,145.9,150,,,,,,,,,,,,,,,,,,,146.6,100,,,,,,,,,,,,,,,,,,
2026-07-05T13:03:23.101192+00:00,2026-07-05T13:03:23.100996,1,2,146.15,0.5,145.9,150,,,,,,,,,,,,,,,,,,,146.4,150,146.6,100,,,,,,,,,,,,,,,,
2026-07-05T13:03:23.754315+00:00,2026-07-05T13:03:23.754471,1,2,146.15,0.5,145.9,100,,,,,,,,,,,,,,,,,,,146.4,150,146.6,100,,,,,,,,,,,,,,,,
2026-07-05T13:03:24.240488+00:00,2026-07-05T13:03:24.240622,1,1,146.15,0.5,145.9,100,,,,,,,,,,,,,,,,,,,146.4,150,,,,,,,,,,,,,,,,,,
2026-07-05T13:03:24.295895+00:00,2026-07-05T13:03:24.295855,2,1,146.15,0.5,145.9,100,145.7,100,,,,,,,,,,,,,,,,,146.4,150,,,,,,,,,,,,,,,,,,
2026-07-05T13:03:24.332660+00:00,2026-07-05T13:03:24.332595,2,1,146.15,0.5,145.9,55,145.7,100,,,,,,,,,,,,,,,,,146.4,150,,,,,,,,,,,,,,,,,,
2026-07-05T13:03:24.348137+00:00,2026-07-05T13:03:24.348260,2,2,146.05,0.3,145.9,55,145.7,100,,,,,,,,,,,,,,,,,146.2,100,146.4,150,,,,,,,,,,,,,,,,
2026-07-05T13:03:26.163844+00:00,2026-07-05T13:03:26.163740,1,1,145.95,0.5,145.7,100,,,,,,,,,,,,,,,,,,,146.2,100,,,,,,,,,,,,,,,,,,
2026-07-05T13:03:26.218284+00:00,2026-07-05T13:03:26.218420,2,1,145.95,0.5,145.7,100,145.6,150,,,,,,,,,,,,,,,,,146.2,100,,,,,,,,,,,,,,,,,,
2026-07-05T13:03:26.273056+00:00,2026-07-05T13:03:26.272969,2,2,145.9,0.4,145.7,100,145.6,150,,,,,,,,,,,,,,,,,146.1,150,146.2,100,,,,,,,,,,,,,,,,
2026-07-05T13:03:27.402305+00:00,2026-07-05T13:03:27.402501,1,1,145.85,0.5,145.6,150,,,,,,,,,,,,,,,,,,,146.1,150,,,,,,,,,,,,,,,,,,
2026-07-05T13:03:27.458543+00:00,2026-07-05T13:03:27.455828,2,1,145.85,0.5,145.6,150,145.5,100,,,,,,,,,,,,,,,,,146.1,150,,,,,,,,,,,,,,,,,,
2026-07-05T13:03:27.508007+00:00,2026-07-05T13:03:27.507917,2,2,145.8,0.4,145.6,150,145.5,100,,,,,,,,,,,,,,,,,146.0,100,146.1,150,,,,,,,,,,,,,,,,
2026-07-05T13:03:29.331469+00:00,2026-07-05T13:03:29.331398,1,1,145.75,0.5,145.5,100,,,,,,,,,,,,,,,,,,,146.0,100,,,,,,,,,,,,,,,,,,
2026-07-05T13:03:29.382363+00:00,2026-07-05T13:03:29.382269,2,1,145.75,0.5,145.5,100,145.4,150,,,,,,,,,,,,,,,,,146.0,100,,,,,,,,,,,,,,,,,,
2026-07-05T13:03:29.434883+00:00,2026-07-05T13:03:29.434772,2,2,145.7,0.4,145.5,100,145.4,150,,,,,,,,,,,,,,,,,145.9,150,146.0,100,,,,,,,,,,,,,,,,
2026-07-05T13:03:29.589356+00:00,2026-07-05T13:03:29.581864,2,2,145.7,0.4,145.5,100,145.4,150,,,,,,,,,,,,,,,,,145.9,138,146.0,100,,,,,,,,,,,,,,,,
2026-07-05T13:03:30.039942+00:00,2026-07-05T13:03:30.039813,2,2,145.7,0.4,145.5,100,145.4,150,,,,,,,,,,,,,,,,,145.9,88,146.0,100,,,,,,,,,,,,,,,,
2026-07-05T13:03:30.558669+00:00,2026-07-05T13:03:30.555918,1,1,145.65,0.5,145.4,150,,,,,,,,,,,,,,,,,,,145.9,88,,,,,,,,,,,,,,,,,,
2026-07-05T13:03:30.616330+00:00,2026-07-05T13:03:30.616232,2,1,145.8,0.2,145.7,100,145.4,150,,,,,,,,,,,,,,,,,145.9,88,,,,,,,,,,,,,,,,,,
2026-07-05T13:03:30.669250+00:00,2026-07-05T13:03:30.669218,2,2,145.8,0.2,145.7,100,145.4,150,,,,,,,,,,,,,,,,,145.9,88,146.2,100,,,,,,,,,,,,,,,,
2026-07-05T13:03:31.921905+00:00,2026-07-05T13:03:31.921790,2,2,145.8,0.2,145.7,100,145.4,150,,,,,,,,,,,,,,,,,145.9,40,146.2,100,,,,,,,,,,,,,,,,
2026-07-05T13:03:32.151848+00:00,2026-07-05T13:03:32.151779,2,1,145.95,0.5,145.7,100,145.4,150,,,,,,,,,,,,,,,,,146.2,90,,,,,,,,,,,,,,,,,,
2026-07-05T13:03:32.492808+00:00,2026-07-05T13:03:32.492708,1,1,145.95,0.5,145.7,100,,,,,,,,,,,,,,,,,,,146.2,90,,,,,,,,,,,,,,,,,,
2026-07-05T13:03:32.557455+00:00,2026-07-05T13:03:32.550415,2,1,146.15,0.1,146.1,138,145.7,100,,,,,,,,,,,,,,,,,146.2,90,,,,,,,,,,,,,,,,,,
2026-07-05T13:03:32.599386+00:00,2026-07-05T13:03:32.599241,2,2,146.15,0.1,146.1,138,145.7,100,,,,,,,,,,,,,,,,,146.2,90,146.6,150,,,,,,,,,,,,,,,,
2026-07-05T13:03:32.690133+00:00,2026-07-05T13:03:32.685670,2,2,146.15,0.1,146.1,124,145.7,100,,,,,,,,,,,,,,,,,146.2,90,146.6,150,,,,,,,,,,,,,,,,
2026-07-05T13:03:33.565496+00:00,2026-07-05T13:03:33.565394,2,2,146.15,0.1,146.1,78,145.7,100,,,,,,,,,,,,,,,,,146.2,90,146.6,150,,,,,,,,,,,,,,,,
2026-07-05T13:03:33.723218+00:00,2026-07-05T13:03:33.723146,1,1,146.35,0.5,146.1,78,,,,,,,,,,,,,,,,,,,146.6,150,,,,,,,,,,,,,,,,,,
2026-07-05T13:03:33.776875+00:00,2026-07-05T13:03:33.776749,2,1,146.35,0.5,146.1,78,145.4,100,,,,,,,,,,,,,,,,,146.6,150,,,,,,,,,,,,,,,,,,
2026-07-05T13:03:33.829364+00:00,2026-07-05T13:03:33.829219,1,2,145.65,0.5,145.4,100,,,,,,,,,,,,,,,,,,,145.9,22,146.6,150,,,,,,,,,,,,,,,,
2026-07-05T13:03:34.040179+00:00,2026-07-05T13:03:34.040121,1,1,146.0,1.2,145.4,100,,,,,,,,,,,,,,,,,,,146.6,129,,,,,,,,,,,,,,,,,,
2026-07-05T13:03:35.658541+00:00,2026-07-05T13:03:35.654569,1,0,,,145.4,100,,,,,,,,,,,,,,,,,,,,,,,,,,,,,,,,,,,,,,
2026-07-05T13:03:35.729548+00:00,2026-07-05T13:03:35.729509,2,0,,,145.4,100,145.3,150,,,,,,,,,,,,,,,,,,,,,,,,,,,,,,,,,,,,
2026-07-05T13:03:35.786653+00:00,2026-07-05T13:03:35.786769,2,1,145.6,0.4,145.4,100,145.3,150,,,,,,,,,,,,,,,,,145.8,150,,,,,,,,,,,,,,,,,,
2026-07-05T13:03:35.837324+00:00,2026-07-05T13:03:35.832015,2,1,145.6,0.4,145.4,100,145.3,150,,,,,,,,,,,,,,,,,145.8,147,,,,,,,,,,,,,,,,,,
2026-07-05T13:03:36.140017+00:00,2026-07-05T13:03:36.133953,2,1,145.6,0.4,145.4,100,145.3,150,,,,,,,,,,,,,,,,,145.8,136,,,,,,,,,,,,,,,,,,
2026-07-05T13:03:36.378443+00:00,2026-07-05T13:03:36.378610,2,1,145.6,0.4,145.4,100,145.3,150,,,,,,,,,,,,,,,,,145.8,86,,,,,,,,,,,,,,,,,,
2026-07-05T13:03:36.883580+00:00,2026-07-05T13:03:36.883540,1,1,145.55,0.5,145.3,150,,,,,,,,,,,,,,,,,,,145.8,86,,,,,,,,,,,,,,,,,,
2026-07-05T13:03:36.940884+00:00,2026-07-05T13:03:36.940752,2,0,,,145.9,14,145.3,150,,,,,,,,,,,,,,,,,,,,,,,,,,,,,,,,,,,,
2026-07-05T13:03:36.991141+00:00,2026-07-05T13:03:36.991098,2,1,146.15,0.5,145.9,14,145.3,150,,,,,,,,,,,,,,,,,146.4,100,,,,,,,,,,,,,,,,,,
2026-07-05T13:03:38.479002+00:00,2026-07-05T13:03:38.478654,2,1,146.15,0.5,145.9,14,145.3,150,,,,,,,,,,,,,,,,,146.4,50,,,,,,,,,,,,,,,,,,
2026-07-05T13:03:38.840825+00:00,2026-07-05T13:03:38.840679,1,1,146.15,0.5,145.9,14,,,,,,,,,,,,,,,,,,,146.4,50,,,,,,,,,,,,,,,,,,
2026-07-05T13:03:38.905027+00:00,2026-07-05T13:03:38.898850,2,1,146.25,0.3,146.1,139,145.9,14,,,,,,,,,,,,,,,,,146.4,50,,,,,,,,,,,,,,,,,,
2026-07-05T13:03:38.946957+00:00,2026-07-05T13:03:38.947082,2,2,146.25,0.3,146.1,139,145.9,14,,,,,,,,,,,,,,,,,146.4,50,146.6,150,,,,,,,,,,,,,,,,
2026-07-05T13:03:40.044926+00:00,2026-07-05T13:03:40.044892,2,1,146.35,0.5,146.1,139,145.9,14,,,,,,,,,,,,,,,,,146.6,150,,,,,,,,,,,,,,,,,,
2026-07-05T13:03:40.050100+00:00,2026-07-05T13:03:40.050059,1,1,146.35,0.5,146.1,139,,,,,,,,,,,,,,,,,,,146.6,150,,,,,,,,,,,,,,,,,,
2026-07-05T13:03:40.098160+00:00,2026-07-05T13:03:40.098098,2,1,146.35,0.5,146.1,139,145.8,100,,,,,,,,,,,,,,,,,146.6,150,,,,,,,,,,,,,,,,,,
2026-07-05T13:03:40.158635+00:00,2026-07-05T13:03:40.156111,2,2,146.2,0.2,146.1,139,145.8,100,,,,,,,,,,,,,,,,,146.3,100,146.6,150,,,,,,,,,,,,,,,,
2026-07-05T13:03:41.227648+00:00,2026-07-05T13:03:41.227517,2,2,146.2,0.2,146.1,96,145.8,100,,,,,,,,,,,,,,,,,146.3,100,146.6,150,,,,,,,,,,,,,,,,
2026-07-05T13:03:41.402914+00:00,2026-07-05T13:03:41.393098,2,2,146.2,0.2,146.1,93,145.8,100,,,,,,,,,,,,,,,,,146.3,100,146.6,150,,,,,,,,,,,,,,,,
2026-07-05T13:03:42.001224+00:00,2026-07-05T13:03:42.001364,1,1,146.05,0.5,145.8,100,,,,,,,,,,,,,,,,,,,146.3,100,,,,,,,,,,,,,,,,,,
2026-07-05T13:03:42.056764+00:00,2026-07-05T13:03:42.056848,2,1,146.05,0.5,145.8,100,145.7,150,,,,,,,,,,,,,,,,,146.3,100,,,,,,,,,,,,,,,,,,
2026-07-05T13:03:42.110106+00:00,2026-07-05T13:03:42.109935,2,2,146.0,0.4,145.8,100,145.7,150,,,,,,,,,,,,,,,,,146.2,150,146.3,100,,,,,,,,,,,,,,,,
2026-07-05T13:03:43.207156+00:00,2026-07-05T13:03:43.207335,1,1,145.95,0.5,145.7,150,,,,,,,,,,,,,,,,,,,146.2,150,,,,,,,,,,,,,,,,,,
2026-07-05T13:03:43.258652+00:00,2026-07-05T13:03:43.254071,1,1,145.95,0.5,145.7,250,,,,,,,,,,,,,,,,,,,146.2,150,,,,,,,,,,,,,,,,,,
2026-07-05T13:03:43.312534+00:00,2026-07-05T13:03:43.312443,1,1,145.95,0.5,145.7,250,,,,,,,,,,,,,,,,,,,146.2,250,,,,,,,,,,,,,,,,,,
2026-07-05T13:03:44.870407+00:00,2026-07-05T13:03:44.870315,1,1,145.95,0.5,145.7,200,,,,,,,,,,,,,,,,,,,146.2,250,,,,,,,,,,,,,,,,,,
2026-07-05T13:03:45.163954+00:00,2026-07-05T13:03:45.163884,1,1,145.95,0.5,145.7,100,,,,,,,,,,,,,,,,,,,146.2,100,,,,,,,,,,,,,,,,,,
2026-07-05T13:03:45.217870+00:00,2026-07-05T13:03:45.217986,2,1,145.95,0.5,145.7,100,145.6,150,,,,,,,,,,,,,,,,,146.2,100,,,,,,,,,,,,,,,,,,
2026-07-05T13:03:45.270669+00:00,2026-07-05T13:03:45.270608,2,2,145.9,0.4,145.7,100,145.6,150,,,,,,,,,,,,,,,,,146.1,150,146.2,100,,,,,,,,,,,,,,,,
2026-07-05T13:03:46.370540+00:00,2026-07-05T13:03:46.370497,1,1,145.85,0.5,145.6,150,,,,,,,,,,,,,,,,,,,146.1,150,,,,,,,,,,,,,,,,,,
2026-07-05T13:03:46.425044+00:00,2026-07-05T13:03:46.424954,2,1,145.9,0.4,145.7,100,145.6,150,,,,,,,,,,,,,,,,,146.1,150,,,,,,,,,,,,,,,,,,
2026-07-05T13:03:46.478418+00:00,2026-07-05T13:03:46.478562,2,2,145.9,0.4,145.7,100,145.6,150,,,,,,,,,,,,,,,,,146.1,150,146.2,100,,,,,,,,,,,,,,,,
2026-07-05T13:03:48.322416+00:00,2026-07-05T13:03:48.322300,2,1,145.95,0.5,145.7,100,145.6,150,,,,,,,,,,,,,,,,,146.2,100,,,,,,,,,,,,,,,,,,
2026-07-05T13:03:48.327586+00:00,2026-07-05T13:03:48.327436,1,1,145.95,0.5,145.7,100,,,,,,,,,,,,,,,,,,,146.2,100,,,,,,,,,,,,,,,,,,
2026-07-05T13:03:48.381966+00:00,2026-07-05T13:03:48.381847,2,1,145.95,0.5,145.7,100,145.5,150,,,,,,,,,,,,,,,,,146.2,100,,,,,,,,,,,,,,,,,,
2026-07-05T13:03:48.443794+00:00,2026-07-05T13:03:48.443775,2,2,145.85,0.3,145.7,100,145.5,150,,,,,,,,,,,,,,,,,146.0,150,146.2,100,,,,,,,,,,,,,,,,
2026-07-05T13:03:48.708083+00:00,2026-07-05T13:03:48.708038,2,2,145.85,0.3,145.7,100,145.5,150,,,,,,,,,,,,,,,,,146.0,102,146.2,100,,,,,,,,,,,,,,,,
2026-07-05T13:03:49.104072+00:00,2026-07-05T13:03:49.103968,2,2,145.85,0.3,145.7,50,145.5,150,,,,,,,,,,,,,,,,,146.0,102,146.2,100,,,,,,,,,,,,,,,,
2026-07-05T13:03:49.532676+00:00,2026-07-05T13:03:49.532569,2,1,145.85,0.3,145.7,50,145.5,150,,,,,,,,,,,,,,,,,146.0,102,,,,,,,,,,,,,,,,,,
2026-07-05T13:03:49.537748+00:00,2026-07-05T13:03:49.537710,1,1,145.75,0.5,145.5,150,,,,,,,,,,,,,,,,,,,146.0,102,,,,,,,,,,,,,,,,,,
2026-07-05T13:03:49.588279+00:00,2026-07-05T13:03:49.588228,2,1,145.8,0.4,145.6,100,145.5,150,,,,,,,,,,,,,,,,,146.0,102,,,,,,,,,,,,,,,,,,
2026-07-05T13:03:49.658721+00:00,2026-07-05T13:03:49.653526,2,2,145.8,0.4,145.6,100,145.5,150,,,,,,,,,,,,,,,,,146.0,102,146.1,100,,,,,,,,,,,,,,,,
2026-07-05T13:03:50.603583+00:00,2026-07-05T13:03:50.598385,2,2,145.8,0.4,145.6,100,145.5,150,,,,,,,,,,,,,,,,,146.0,99,146.1,100,,,,,,,,,,,,,,,,
2026-07-05T13:03:51.501353+00:00,2026-07-05T13:03:51.501143,1,1,145.85,0.5,145.6,100,,,,,,,,,,,,,,,,,,,146.1,100,,,,,,,,,,,,,,,,,,
2026-07-05T13:03:51.557608+00:00,2026-07-05T13:03:51.557892,2,1,146.0,0.2,145.9,150,145.6,100,,,,,,,,,,,,,,,,,146.1,100,,,,,,,,,,,,,,,,,,
2026-07-05T13:03:51.618525+00:00,2026-07-05T13:03:51.618437,2,2,146.0,0.2,145.9,150,145.6,100,,,,,,,,,,,,,,,,,146.1,100,146.4,150,,,,,,,,,,,,,,,,
2026-07-05T13:03:52.048265+00:00,2026-07-05T13:03:52.048182,2,2,146.0,0.2,145.9,150,145.6,100,,,,,,,,,,,,,,,,,146.1,54,146.4,150,,,,,,,,,,,,,,,,
2026-07-05T13:03:52.719685+00:00,2026-07-05T13:03:52.719598,1,1,146.15,0.5,145.9,150,,,,,,,,,,,,,,,,,,,146.4,150,,,,,,,,,,,,,,,,,,
2026-07-05T13:03:52.775152+00:00,2026-07-05T13:03:52.775108,2,1,146.2,0.4,146.0,100,145.9,150,,,,,,,,,,,,,,,,,146.4,150,,,,,,,,,,,,,,,,,,
2026-07-05T13:03:52.828433+00:00,2026-07-05T13:03:52.828384,2,2,146.2,0.4,146.0,100,145.9,150,,,,,,,,,,,,,,,,,146.4,150,146.5,100,,,,,,,,,,,,,,,,
2026-07-05T13:03:53.311929+00:00,2026-07-05T13:03:53.312107,2,2,146.2,0.4,146.0,50,145.9,150,,,,,,,,,,,,,,,,,146.4,150,146.5,100,,,,,,,,,,,,,,,,
2026-07-05T13:03:54.671961+00:00,2026-07-05T13:03:54.671864,1,1,146.25,0.5,146.0,50,,,,,,,,,,,,,,,,,,,146.5,100,,,,,,,,,,,,,,,,,,
2026-07-05T13:03:54.727485+00:00,2026-07-05T13:03:54.727385,2,1,146.35,0.3,146.2,150,146.0,50,,,,,,,,,,,,,,,,,146.5,100,,,,,,,,,,,,,,,,,,
2026-07-05T13:03:54.781135+00:00,2026-07-05T13:03:54.781022,2,2,146.35,0.3,146.2,150,146.0,50,,,,,,,,,,,,,,,,,146.5,100,146.7,150,,,,,,,,,,,,,,,,
2026-07-05T13:03:55.420714+00:00,2026-07-05T13:03:55.420634,2,2,146.35,0.3,146.2,100,146.0,50,,,,,,,,,,,,,,,,,146.5,100,146.7,150,,,,,,,,,,,,,,,,
2026-07-05T13:03:55.883856+00:00,2026-07-05T13:03:55.883810,2,1,146.45,0.5,146.2,100,146.0,50,,,,,,,,,,,,,,,,,146.7,150,,,,,,,,,,,,,,,,,,
2026-07-05T13:03:55.889174+00:00,2026-07-05T13:03:55.889037,1,1,146.45,0.5,146.2,59,,,,,,,,,,,,,,,,,,,146.7,150,,,,,,,,,,,,,,,,,,
2026-07-05T13:03:55.939995+00:00,2026-07-05T13:03:55.939915,2,1,146.45,0.5,146.2,59,145.9,100,,,,,,,,,,,,,,,,,146.7,150,,,,,,,,,,,,,,,,,,
2026-07-05T13:03:55.996700+00:00,2026-07-05T13:03:55.996667,2,2,146.3,0.2,146.2,59,145.9,100,,,,,,,,,,,,,,,,,146.4,100,146.7,150,,,,,,,,,,,,,,,,
2026-07-05T13:03:57.547192+00:00,2026-07-05T13:03:57.547087,2,2,146.3,0.2,146.2,9,145.9,100,,,,,,,,,,,,,,,,,146.4,100,146.7,150,,,,,,,,,,,,,,,,
2026-07-05T13:03:57.828871+00:00,2026-07-05T13:03:57.829021,2,1,146.3,0.2,146.2,9,145.9,100,,,,,,,,,,,,,,,,,146.4,100,,,,,,,,,,,,,,,,,,
2026-07-05T13:03:57.834324+00:00,2026-07-05T13:03:57.834176,1,1,146.15,0.5,145.9,100,,,,,,,,,,,,,,,,,,,146.4,100,,,,,,,,,,,,,,,,,,
2026-07-05T13:03:57.886152+00:00,2026-07-05T13:03:57.886028,2,1,146.15,0.5,145.9,100,145.5,150,,,,,,,,,,,,,,,,,146.4,100,,,,,,,,,,,,,,,,,,
2026-07-05T13:03:57.946262+00:00,2026-07-05T13:03:57.940456,2,2,145.95,0.1,145.9,100,145.5,150,,,,,,,,,,,,,,,,,146.0,127,146.4,100,,,,,,,,,,,,,,,,
2026-07-05T13:03:58.393552+00:00,2026-07-05T13:03:58.393431,2,2,145.95,0.1,145.9,59,145.5,150,,,,,,,,,,,,,,,,,146.0,127,146.4,100,,,,,,,,,,,,,,,,
2026-07-05T13:03:59.047532+00:00,2026-07-05T13:03:59.047759,1,1,145.75,0.5,145.5,150,,,,,,,,,,,,,,,,,,,146.0,127,,,,,,,,,,,,,,,,,,
2026-07-05T13:03:59.101819+00:00,2026-07-05T13:03:59.101713,2,1,145.85,0.3,145.7,100,145.5,150,,,,,,,,,,,,,,,,,146.0,127,,,,,,,,,,,,,,,,,,
2026-07-05T13:03:59.156172+00:00,2026-07-05T13:03:59.156070,2,2,145.85,0.3,145.7,100,145.5,150,,,,,,,,,,,,,,,,,146.0,127,146.2,100,,,,,,,,,,,,,,,,
2026-07-05T13:03:59.591606+00:00,2026-07-05T13:03:59.591524,2,2,145.85,0.3,145.7,100,145.5,150,,,,,,,,,,,,,,,,,146.0,77,146.2,100,,,,,,,,,,,,,,,,
2026-07-05T13:04:00.990437+00:00,2026-07-05T13:04:00.990378,1,1,145.95,0.5,145.7,100,,,,,,,,,,,,,,,,,,,146.2,100,,,,,,,,,,,,,,,,,,
2026-07-05T13:04:01.041877+00:00,2026-07-05T13:04:01.041845,2,1,146.0,0.4,145.8,150,145.7,100,,,,,,,,,,,,,,,,,146.2,100,,,,,,,,,,,,,,,,,,
2026-07-05T13:04:01.096619+00:00,2026-07-05T13:04:01.096550,2,2,146.0,0.4,145.8,150,145.7,100,,,,,,,,,,,,,,,,,146.2,100,146.3,150,,,,,,,,,,,,,,,,
2026-07-05T13:04:01.699752+00:00,2026-07-05T13:04:01.699622,2,2,146.0,0.4,145.8,150,145.7,100,,,,,,,,,,,,,,,,,146.2,50,146.3,150,,,,,,,,,,,,,,,,
2026-07-05T13:04:01.920392+00:00,2026-07-05T13:04:01.920282,2,2,146.0,0.4,145.8,150,145.7,100,,,,,,,,,,,,,,,,,146.2,1,146.3,150,,,,,,,,,,,,,,,,
2026-07-05T13:04:02.209810+00:00,2026-07-05T13:04:02.209974,2,1,146.05,0.5,145.8,150,145.7,100,,,,,,,,,,,,,,,,,146.3,150,,,,,,,,,,,,,,,,,,
2026-07-05T13:04:02.215072+00:00,2026-07-05T13:04:02.215164,1,1,146.05,0.5,145.8,150,,,,,,,,,,,,,,,,,,,146.3,150,,,,,,,,,,,,,,,,,,
2026-07-05T13:04:02.268903+00:00,2026-07-05T13:04:02.268837,1,1,146.05,0.5,145.8,250,,,,,,,,,,,,,,,,,,,146.3,150,,,,,,,,,,,,,,,,,,
2026-07-05T13:04:02.312665+00:00,2026-07-05T13:04:02.312561,1,1,146.05,0.5,145.8,250,,,,,,,,,,,,,,,,,,,146.3,250,,,,,,,,,,,,,,,,,,
2026-07-05T13:04:03.585267+00:00,2026-07-05T13:04:03.585196,1,1,146.05,0.5,145.8,203,,,,,,,,,,,,,,,,,,,146.3,250,,,,,,,,,,,,,,,,,,
2026-07-05T13:04:04.146188+00:00,2026-07-05T13:04:04.146120,1,1,146.05,0.5,145.8,203,,,,,,,,,,,,,,,,,,,146.3,100,,,,,,,,,,,,,,,,,,
2026-07-05T13:04:04.151397+00:00,2026-07-05T13:04:04.151276,1,1,146.05,0.5,145.8,100,,,,,,,,,,,,,,,,,,,146.3,100,,,,,,,,,,,,,,,,,,
2026-07-05T13:04:04.211642+00:00,2026-07-05T13:04:04.211481,2,1,146.05,0.5,145.8,100,145.5,150,,,,,,,,,,,,,,,,,146.3,100,,,,,,,,,,,,,,,,,,
2026-07-05T13:04:04.258563+00:00,2026-07-05T13:04:04.257645,2,2,145.9,0.2,145.8,100,145.5,150,,,,,,,,,,,,,,,,,146.0,150,146.3,100,,,,,,,,,,,,,,,,
2026-07-05T13:04:05.372310+00:00,2026-07-05T13:04:05.372254,2,1,145.9,0.2,145.8,100,145.5,150,,,,,,,,,,,,,,,,,146.0,150,,,,,,,,,,,,,,,,,,
2026-07-05T13:04:05.377631+00:00,2026-07-05T13:04:05.377453,1,1,145.75,0.5,145.5,150,,,,,,,,,,,,,,,,,,,146.0,150,,,,,,,,,,,,,,,,,,
2026-07-05T13:04:05.426291+00:00,2026-07-05T13:04:05.426240,2,1,145.95,0.1,145.9,100,145.5,150,,,,,,,,,,,,,,,,,146.0,150,,,,,,,,,,,,,,,,,,
2026-07-05T13:04:05.485014+00:00,2026-07-05T13:04:05.484922,2,2,145.95,0.1,145.9,100,145.5,150,,,,,,,,,,,,,,,,,146.0,150,146.4,100,,,,,,,,,,,,,,,,
2026-07-05T13:04:05.943112+00:00,2026-07-05T13:04:05.942980,2,2,145.95,0.1,145.9,100,145.5,150,,,,,,,,,,,,,,,,,146.0,100,146.4,100,,,,,,,,,,,,,,,,
2026-07-05T13:04:07.238889+00:00,2026-07-05T13:04:07.233405,2,2,145.95,0.1,145.9,88,145.5,150,,,,,,,,,,,,,,,,,146.0,100,146.4,100,,,,,,,,,,,,,,,,
2026-07-05T13:04:07.319110+00:00,2026-07-05T13:04:07.319081,2,1,146.15,0.5,145.9,88,145.5,150,,,,,,,,,,,,,,,,,146.4,100,,,,,,,,,,,,,,,,,,
2026-07-05T13:04:07.324166+00:00,2026-07-05T13:04:07.324250,1,1,146.15,0.5,145.9,88,,,,,,,,,,,,,,,,,,,146.4,100,,,,,,,,,,,,,,,,,,
2026-07-05T13:04:07.372259+00:00,2026-07-05T13:04:07.372381,2,1,146.15,0.5,145.9,88,145.5,150,,,,,,,,,,,,,,,,,146.4,100,,,,,,,,,,,,,,,,,,
2026-07-05T13:04:07.427204+00:00,2026-07-05T13:04:07.427178,2,2,145.95,0.1,145.9,88,145.5,150,,,,,,,,,,,,,,,,,146.0,150,146.4,100,,,,,,,,,,,,,,,,
2026-07-05T13:04:07.943683+00:00,2026-07-05T13:04:07.943505,2,2,145.95,0.1,145.9,88,145.5,150,,,,,,,,,,,,,,,,,146.0,103,146.4,100,,,,,,,,,,,,,,,,
2026-07-05T13:04:08.073029+00:00,2026-07-05T13:04:08.072945,2,2,145.95,0.1,145.9,88,145.5,150,,,,,,,,,,,,,,,,,146.0,53,146.4,100,,,,,,,,,,,,,,,,
