timestamp,recv_time,price,volume,aggressor_side,buyer,seller,trade_id
2026-07-03T22:00:00.311620,2026-07-03T22:00:00.225692+00:00,119.0,50,ask,DiligentDonuts,FlawlessFlatbreads,6238165
2026-07-03T22:00:00.700257,2026-07-03T22:00:00.667022+00:00,119.0,48,ask,DiligentDonuts,CostlyCorianders,6238177
2026-07-03T22:00:02.366463,2026-07-03T22:00:02.378076+00:00,119.4,50,bid,FlawlessFlatbreads,EarnestEspressos,6238200
2026-07-03T22:00:03.818828,2026-07-03T22:00:03.827227+00:00,119.0,12,ask,EarnestEspressos,Xuanyu Liu,6238218
2026-07-03T22:00:04.473790,2026-07-03T22:00:04.484499+00:00,119.3,50,bid,FlawlessFlatbreads,DiligentDonuts,6238229
2026-07-03T22:00:06.579330,2026-07-03T22:00:06.587892+00:00,119.4,50,bid,FlawlessFlatbreads,DiligentDonuts,6238255
2026-07-03T22:00:07.259529,2026-07-03T22:00:07.267402+00:00,119.1,11,ask,EarnestEspressos,Xuanyu Liu,6238263
2026-07-03T22:00:08.686819,2026-07-03T22:00:08.698066+00:00,119.6,50,bid,FlawlessFlatbreads,EarnestEspressos,6238286
2026-07-03T22:00:09.063702,2026-07-03T22:00:09.075373+00:00,119.6,40,bid,CostlyCorianders,EarnestEspressos,6238291
2026-07-03T22:00:09.878905,2026-07-03T22:00:09.887100+00:00,119.3,12,ask,DiligentDonuts,Xuanyu Liu,6238311
2026-07-03T22:00:10.794047,2026-07-03T22:00:10.805697+00:00,119.8,50,bid,FlawlessFlatbreads,DiligentDonuts,6238318
2026-07-03T22:00:11.685013,2026-07-03T22:00:11.696703+00:00,119.3,44,ask,DiligentDonuts,CostlyCorianders,6238328
2026-07-03T22:00:12.258344,2026-07-03T22:00:12.269235+00:00,119.4,44,bid,CostlyCorianders,DiligentDonuts,6238338
2026-07-03T22:00:12.901543,2026-07-03T22:00:12.913704+00:00,119.4,50,bid,FlawlessFlatbreads,DiligentDonuts,6238342
2026-07-03T22:00:13.292417,2026-07-03T22:00:13.299188+00:00,119.4,6,bid,EarnestEspressos,DiligentDonuts,6238348
2026-07-03T22:00:13.802290,2026-07-03T22:00:13.810679+00:00,119.4,11,ask,EarnestEspressos,Xuanyu Liu,6238358
2026-07-03T22:00:15.010893,2026-07-03T22:00:15.022503+00:00,119.9,50,bid,FlawlessFlatbreads,EarnestEspressos,6238370
2026-07-03T22:00:17.218701,2026-07-03T22:00:17.230234+00:00,119.8,43,bid,CostlyCorianders,DiligentDonuts,6238398
2026-07-03T22:00:19.274396,2026-07-03T22:00:19.281603+00:00,119.6,50,ask,EarnestEspressos,FlawlessFlatbreads,6238425
2026-07-03T22:00:19.922238,2026-07-03T22:00:19.934068+00:00,119.6,42,ask,DiligentDonuts,CostlyCorianders,6238431
2026-07-03T22:00:21.396067,2026-07-03T22:00:21.405881+00:00,119.6,50,ask,EarnestEspressos,FlawlessFlatbreads,6238450
2026-07-03T22:00:23.503529,2026-07-03T22:00:23.510226+00:00,119.6,50,ask,DiligentDonuts,FlawlessFlatbreads,6238479
2026-07-03T22:00:24.643628,2026-07-03T22:00:24.653778+00:00,119.7,44,ask,DiligentDonuts,CostlyCorianders,6238489
2026-07-03T22:00:25.612041,2026-07-03T22:00:25.623494+00:00,119.7,50,ask,DiligentDonuts,FlawlessFlatbreads,6238508
2026-07-03T22:00:26.886470,2026-07-03T22:00:26.897736+00:00,120.2,44,bid,CostlyCorianders,DiligentDonuts,6238523
2026-07-03T22:00:27.420981,2026-07-03T22:00:27.428467+00:00,119.8,44,ask,EarnestEspressos,CostlyCorianders,6238529
2026-07-03T22:00:27.666726,2026-07-03T22:00:27.678475+00:00,120.3,50,bid,FlawlessFlatbreads,EarnestEspressos,6238535
2026-07-03T22:00:29.825588,2026-07-03T22:00:29.837032+00:00,119.6,50,ask,EarnestEspressos,FlawlessFlatbreads,6238559
2026-07-03T22:00:31.408190,2026-07-03T22:00:31.419809+00:00,120.0,40,bid,CostlyCorianders,DiligentDonuts,6238582
2026-07-03T22:00:31.932647,2026-07-03T22:00:31.944179+00:00,119.6,50,ask,EarnestEspressos,FlawlessFlatbreads,6238593
2026-07-03T22:00:32.969076,2026-07-03T22:00:32.980967+00:00,119.5,40,ask,DiligentDonuts,CostlyCorianders,6238600
2026-07-03T22:00:34.056690,2026-07-03T22:00:34.069616+00:00,119.4,50,ask,DiligentDonuts,FlawlessFlatbreads,6238611
2026-07-03T22:00:34.773817,2026-07-03T22:00:34.783107+00:00,119.7,23,bid,Xuanyu Liu,EarnestEspressos,6238625
2026-07-03T22:00:36.742353,2026-07-03T22:00:36.752090+00:00,119.9,43,bid,CostlyCorianders,DiligentDonuts,6238651
2026-07-03T22:00:37.893304,2026-07-03T22:00:37.905048+00:00,119.9,44,bid,CostlyCorianders,EarnestEspressos,6238669
2026-07-03T22:00:37.948696,2026-07-03T22:00:37.960398+00:00,119.4,40,ask,EarnestEspressos,CostlyCorianders,6238671
2026-07-03T22:00:38.215893,2026-07-03T22:00:38.227562+00:00,119.9,50,bid,FlawlessFlatbreads,EarnestEspressos,6238676
2026-07-03T22:00:39.003402,2026-07-03T22:00:39.014936+00:00,119.5,42,ask,EarnestEspressos,CostlyCorianders,6238683
2026-07-03T22:00:40.328473,2026-07-03T22:00:40.334856+00:00,120.0,50,bid,FlawlessFlatbreads,EarnestEspressos,6238700
2026-07-03T22:00:42.434568,2026-07-03T22:00:42.446312+00:00,120.0,50,bid,FlawlessFlatbreads,DiligentDonuts,6238717
2026-07-03T22:00:44.572765,2026-07-03T22:00:44.584731+00:00,120.0,50,bid,FlawlessFlatbreads,EarnestEspressos,6238745
2026-07-03T22:00:46.560920,2026-07-03T22:00:46.569166+00:00,119.7,23,ask,EarnestEspressos,Xuanyu Liu,6238777
2026-07-03T22:00:46.686530,2026-07-03T22:00:46.697995+00:00,120.2,50,bid,FlawlessFlatbreads,EarnestEspressos,6238779
2026-07-03T22:00:46.876402,2026-07-03T22:00:46.888468+00:00,119.7,43,ask,EarnestEspressos,CostlyCorianders,6238780
2026-07-03T22:00:47.504652,2026-07-03T22:00:47.516222+00:00,119.9,49,bid,CostlyCorianders,DiligentDonuts,6238788
2026-07-03T22:00:48.460441,2026-07-03T22:00:48.469258+00:00,119.9,44,bid,CostlyCorianders,DiligentDonuts,6238805
2026-07-03T22:00:48.812692,2026-07-03T22:00:48.824598+00:00,119.9,7,bid,FlawlessFlatbreads,DiligentDonuts,6238810
2026-07-03T22:00:48.812692,2026-07-03T22:00:48.824598+00:00,120.0,43,bid,FlawlessFlatbreads,EarnestEspressos,6238811
2026-07-03T22:00:50.920482,2026-07-03T22:00:50.932059+00:00,120.0,50,bid,FlawlessFlatbreads,EarnestEspressos,6238841
2026-07-03T22:00:51.265856,2026-07-03T22:00:51.274385+00:00,120.0,3,ask,EarnestEspressos,Xuanyu Liu,6238848
2026-07-03T22:00:53.092261,2026-07-03T22:00:53.104041+00:00,120.0,50,ask,EarnestEspressos,FlawlessFlatbreads,6238883
2026-07-03T22:00:55.148780,2026-07-03T22:00:55.160695+00:00,120.1,50,bid,FlawlessFlatbreads,EarnestEspressos,6238918
2026-07-03T22:00:57.281573,2026-07-03T22:00:57.293328+00:00,120.1,50,bid,FlawlessFlatbreads,EarnestEspressos,6238941
2026-07-03T22:00:59.443310,2026-07-03T22:00:59.463614+00:00,120.0,50,ask,EarnestEspressos,FlawlessFlatbreads,6238971
2026-07-03T22:01:01.555443,2026-07-03T22:01:01.564294+00:00,120.0,50,ask,EarnestEspressos,FlawlessFlatbreads,6239004
2026-07-03T22:01:03.661927,2026-07-03T22:01:03.673600+00:00,120.0,50,ask,EarnestEspressos,FlawlessFlatbreads,6239035
2026-07-03T22:01:05.766725,2026-07-03T22:01:05.778202+00:00,119.9,50,ask,DiligentDonuts,FlawlessFlatbreads,6239058
2026-07-03T22:01:06.031115,2026-07-03T22:01:06.042904+00:00,119.9,41,ask,DiligentDonuts,CostlyCorianders,6239062
2026-07-03T22:01:07.660027,2026-07-03T22:01:07.666883+00:00,119.9,9,ask,DiligentDonuts,CostlyCorianders,6239085
2026-07-03T22:01:07.873723,2026-07-03T22:01:07.883323+00:00,119.8,50,ask,EarnestEspressos,FlawlessFlatbreads,6239087
2026-07-03T22:01:10.550517,2026-07-03T22:01:10.556848+00:00,120.3,44,bid,CostlyCorianders,DiligentDonuts,6239119
2026-07-03T22:01:12.083895,2026-07-03T22:01:12.095391+00:00,120.2,50,ask,DiligentDonuts,FlawlessFlatbreads,6239136
2026-07-03T22:01:14.190295,2026-07-03T22:01:14.202374+00:00,120.2,50,ask,DiligentDonuts,FlawlessFlatbreads,6239161
2026-07-03T22:01:15.703660,2026-07-03T22:01:15.715359+00:00,119.9,42,ask,EarnestEspressos,CostlyCorianders,6239181
2026-07-03T22:01:16.299430,2026-07-03T22:01:16.311360+00:00,119.9,50,ask,EarnestEspressos,FlawlessFlatbreads,6239187
2026-07-03T22:01:16.624612,2026-07-03T22:01:16.634299+00:00,120.0,26,bid,Xuanyu Liu,EarnestEspressos,6239193
2026-07-03T22:01:16.741773,2026-07-03T22:01:16.749759+00:00,120.0,34,bid,Xuanyu Liu,EarnestEspressos,6239199
2026-07-03T22:01:16.842428,2026-07-03T22:01:16.852138+00:00,120.0,43,bid,CostlyCorianders,EarnestEspressos,6239203
2026-07-03T22:01:18.377001,2026-07-03T22:01:18.385662+00:00,120.1,11,ask,DiligentDonuts,Xuanyu Liu,6239219
2026-07-03T22:01:18.472877,2026-07-03T22:01:18.481641+00:00,120.6,49,bid,CostlyCorianders,DiligentDonuts,6239222
2026-07-03T22:01:19.042337,2026-07-03T22:01:19.058596+00:00,120.1,42,ask,DiligentDonuts,CostlyCorianders,6239231
2026-07-03T22:01:20.465480,2026-07-03T22:01:20.477477+00:00,119.9,42,ask,EarnestEspressos,CostlyCorianders,6239256
2026-07-03T22:01:21.496114,2026-07-03T22:01:21.502456+00:00,120.4,46,bid,CostlyCorianders,EarnestEspressos,6239269
2026-07-03T22:01:22.563298,2026-07-03T22:01:22.571247+00:00,120.3,50,bid,FlawlessFlatbreads,DiligentDonuts,6239283
2026-07-03T22:01:22.568432,2026-07-03T22:01:22.576296+00:00,119.9,43,ask,EarnestEspressos,CostlyCorianders,6239284
2026-07-03T22:01:23.176119,2026-07-03T22:01:23.187777+00:00,120.3,40,bid,CostlyCorianders,DiligentDonuts,6239298
2026-07-03T22:01:24.644949,2026-07-03T22:01:24.653769+00:00,120.0,12,ask,DiligentDonuts,Xuanyu Liu,6239312
2026-07-03T22:01:24.670081,2026-07-03T22:01:24.679753+00:00,120.4,50,bid,FlawlessFlatbreads,EarnestEspressos,6239314
2026-07-03T22:01:24.746142,2026-07-03T22:01:24.757701+00:00,120.4,41,bid,CostlyCorianders,EarnestEspressos,6239315
2026-07-03T22:01:25.898675,2026-07-03T22:01:25.907688+00:00,120.0,11,ask,DiligentDonuts,Xuanyu Liu,6239330
2026-07-03T22:01:26.059484,2026-07-03T22:01:26.067227+00:00,120.2,23,ask,EarnestEspressos,Xuanyu Liu,6239335
2026-07-03T22:01:26.776767,2026-07-03T22:01:26.788138+00:00,120.5,50,bid,FlawlessFlatbreads,DiligentDonuts,6239345
2026-07-03T22:01:29.811353,2026-07-03T22:01:29.820527+00:00,120.3,44,ask,EarnestEspressos,CostlyCorianders,6239385
2026-07-03T22:01:31.037891,2026-07-03T22:01:31.045395+00:00,120.3,50,ask,EarnestEspressos,FlawlessFlatbreads,6239404
2026-07-03T22:01:31.556418,2026-07-03T22:01:31.566994+00:00,120.5,41,bid,CostlyCorianders,DiligentDonuts,6239408
2026-07-03T22:01:33.147192,2026-07-03T22:01:33.163931+00:00,120.0,50,ask,DiligentDonuts,FlawlessFlatbreads,6239435
2026-07-03T22:01:33.868326,2026-07-03T22:01:33.874877+00:00,120.0,42,ask,DiligentDonuts,CostlyCorianders,6239452
2026-07-03T22:01:34.923570,2026-07-03T22:01:34.930351+00:00,120.0,46,ask,EarnestEspressos,CostlyCorianders,6239459
2026-07-03T22:01:37.339996,2026-07-03T22:01:37.348368+00:00,120.0,43,bid,CostlyCorianders,EarnestEspressos,6239498
2026-07-03T22:01:37.360621,2026-07-03T22:01:37.369194+00:00,119.7,50,ask,DiligentDonuts,FlawlessFlatbreads,6239500
2026-07-03T22:01:39.417767,2026-07-03T22:01:39.429227+00:00,120.1,50,bid,FlawlessFlatbreads,EarnestEspressos,6239524
2026-07-03T22:01:41.529074,2026-07-03T22:01:41.536684+00:00,120.1,50,bid,FlawlessFlatbreads,EarnestEspressos,6239554
2026-07-03T22:01:41.877566,2026-07-03T22:01:41.885754+00:00,120.2,100,bid,EarnestEspressos,DiligentDonuts,6239558
2026-07-03T22:01:43.635957,2026-07-03T22:01:43.647587+00:00,120.7,50,bid,FlawlessFlatbreads,EarnestEspressos,6239581
2026-07-03T22:01:44.227987,2026-07-03T22:01:44.237318+00:00,120.2,3,ask,EarnestEspressos,Xuanyu Liu,6239592
2026-07-03T22:01:47.624191,2026-07-03T22:01:47.635696+00:00,119.9,43,ask,DiligentDonuts,CostlyCorianders,6239636
2026-07-03T22:01:47.852812,2026-07-03T22:01:47.856168+00:00,120.2,50,bid,FlawlessFlatbreads,EarnestEspressos,6239639
2026-07-03T22:01:48.810261,2026-07-03T22:01:48.822154+00:00,120.0,42,ask,EarnestEspressos,CostlyCorianders,6239650
2026-07-03T22:01:50.018175,2026-07-03T22:01:50.029700+00:00,120.0,50,ask,EarnestEspressos,FlawlessFlatbreads,6239661
2026-07-03T22:01:52.125744,2026-07-03T22:01:52.137477+00:00,119.6,50,ask,DiligentDonuts,FlawlessFlatbreads,6239687
2026-07-03T22:01:53.395328,2026-07-03T22:01:53.413455+00:00,119.8,3,bid,Xuanyu Liu,DiligentDonuts,6239700
2026-07-03T22:01:54.233038,2026-07-03T22:01:54.244802+00:00,119.5,50,ask,EarnestEspressos,FlawlessFlatbreads,6239712
2026-07-03T22:01:56.288690,2026-07-03T22:01:56.300363+00:00,119.8,50,bid,FlawlessFlatbreads,EarnestEspressos,6239742
2026-07-03T22:01:57.024537,2026-07-03T22:01:57.043251+00:00,119.8,11,bid,Xuanyu Liu,EarnestEspressos,6239749
2026-07-03T22:01:58.394986,2026-07-03T22:01:58.406868+00:00,119.9,50,bid,FlawlessFlatbreads,DiligentDonuts,6239772
2026-07-03T22:01:59.017956,2026-07-03T22:01:59.029520+00:00,119.9,42,bid,CostlyCorianders,DiligentDonuts,6239778
2026-07-03T22:02:00.110531,2026-07-03T22:02:00.122057+00:00,120.1,45,bid,CostlyCorianders,EarnestEspressos,6239794
2026-07-03T22:02:00.554448,2026-07-03T22:02:00.558586+00:00,119.8,50,ask,DiligentDonuts,FlawlessFlatbreads,6239802
2026-07-03T22:02:00.716771,2026-07-03T22:02:00.728269+00:00,120.1,48,bid,CostlyCorianders,EarnestEspressos,6239810
2026-07-03T22:02:00.851629,2026-07-03T22:02:00.863341+00:00,120.2,11,ask,EarnestEspressos,Xuanyu Liu,6239814
2026-07-03T22:02:01.234359,2026-07-03T22:02:01.295778+00:00,120.2,3,ask,EarnestEspressos,Xuanyu Liu,6239820
2026-07-03T22:02:02.638553,2026-07-03T22:02:02.658581+00:00,120.2,100,ask,EarnestEspressos,DiligentDonuts,6239843
2026-07-03T22:02:02.660888,2026-07-03T22:02:02.672458+00:00,120.2,36,ask,EarnestEspressos,FlawlessFlatbreads,6239844
2026-07-03T22:02:02.660888,2026-07-03T22:02:02.672458+00:00,119.7,14,ask,DiligentDonuts,FlawlessFlatbreads,6239845
2026-07-03T22:02:03.300623,2026-07-03T22:02:03.312294+00:00,119.7,46,ask,DiligentDonuts,CostlyCorianders,6239852
2026-07-03T22:02:03.812796,2026-07-03T22:02:03.824601+00:00,119.7,40,ask,DiligentDonuts,CostlyCorianders,6239859
2026-07-03T22:02:04.067717,2026-07-03T22:02:04.075797+00:00,119.9,3,bid,Xuanyu Liu,EarnestEspressos,6239862
2026-07-03T22:02:04.717158,2026-07-03T22:02:04.728760+00:00,119.9,50,bid,FlawlessFlatbreads,EarnestEspressos,6239872
2026-07-03T22:02:06.824463,2026-07-03T22:02:06.836056+00:00,119.9,50,bid,FlawlessFlatbreads,EarnestEspressos,6239897
2026-07-03T22:02:08.752550,2026-07-03T22:02:08.764025+00:00,120.1,47,bid,CostlyCorianders,DiligentDonuts,6239927
2026-07-03T22:02:08.932433,2026-07-03T22:02:08.940646+00:00,120.2,50,bid,FlawlessFlatbreads,EarnestEspressos,6239933
2026-07-03T22:02:09.818969,2026-07-03T22:02:09.830559+00:00,119.7,49,ask,EarnestEspressos,CostlyCorianders,6239943
2026-07-03T22:02:11.038803,2026-07-03T22:02:11.050646+00:00,120.0,50,bid,FlawlessFlatbreads,EarnestEspressos,6239964
2026-07-03T22:02:11.170495,2026-07-03T22:02:11.182202+00:00,120.0,41,bid,CostlyCorianders,EarnestEspressos,6239965
2026-07-03T22:02:13.146116,2026-07-03T22:02:13.157668+00:00,119.9,50,bid,FlawlessFlatbreads,DiligentDonuts,6239993
2026-07-03T22:02:13.512662,2026-07-03T22:02:13.521540+00:00,119.7,3,ask,EarnestEspressos,Xuanyu Liu,6240000
2026-07-03T22:02:15.240357,2026-07-03T22:02:15.250965+00:00,119.7,43,ask,EarnestEspressos,CostlyCorianders,6240022
2026-07-03T22:02:15.253452,2026-07-03T22:02:15.256265+00:00,120.2,50,bid,FlawlessFlatbreads,EarnestEspressos,6240023
2026-07-03T22:02:17.359478,2026-07-03T22:02:17.371074+00:00,120.0,50,bid,FlawlessFlatbreads,DiligentDonuts,6240056
2026-07-03T22:02:19.465992,2026-07-03T22:02:19.477521+00:00,120.2,50,bid,FlawlessFlatbreads,DiligentDonuts,6240093
2026-07-03T22:02:19.623198,2026-07-03T22:02:19.631168+00:00,119.8,14,ask,EarnestEspressos,Xuanyu Liu,6240100
2026-07-03T22:02:20.701659,2026-07-03T22:02:20.713435+00:00,119.9,41,bid,CostlyCorianders,EarnestEspressos,6240117
2026-07-03T22:02:20.757530,2026-07-03T22:02:20.768908+00:00,119.7,43,ask,DiligentDonuts,CostlyCorianders,6240118
2026-07-03T22:02:21.571685,2026-07-03T22:02:21.580873+00:00,119.9,50,bid,FlawlessFlatbreads,EarnestEspressos,6240124
2026-07-03T22:02:22.819931,2026-07-03T22:02:22.831876+00:00,119.9,44,bid,CostlyCorianders,EarnestEspressos,6240138
2026-07-03T22:02:22.876361,2026-07-03T22:02:22.885232+00:00,119.6,43,ask,DiligentDonuts,CostlyCorianders,6240139
2026-07-03T22:02:22.985555,2026-07-03T22:02:22.993039+00:00,120.1,100,bid,EarnestEspressos,DiligentDonuts,6240140
2026-07-03T22:02:23.069239,2026-07-03T22:02:23.077749+00:00,120.2,12,ask,EarnestEspressos,Xuanyu Liu,6240144
2026-07-03T22:02:23.452710,2026-07-03T22:02:23.464265+00:00,120.2,38,ask,EarnestEspressos,CostlyCorianders,6240154
2026-07-03T22:02:23.452710,2026-07-03T22:02:23.464265+00:00,119.6,2,ask,DiligentDonuts,CostlyCorianders,6240155
2026-07-03T22:02:23.677698,2026-07-03T22:02:23.689653+00:00,120.7,50,bid,FlawlessFlatbreads,EarnestEspressos,6240158
2026-07-03T22:02:25.785737,2026-07-03T22:02:25.797104+00:00,120.2,50,bid,FlawlessFlatbreads,DiligentDonuts,6240177
2026-07-03T22:02:27.892682,2026-07-03T22:02:27.904965+00:00,120.4,50,bid,FlawlessFlatbreads,EarnestEspressos,6240215
2026-07-03T22:02:28.421813,2026-07-03T22:02:28.429340+00:00,120.0,40,ask,DiligentDonuts,CostlyCorianders,6240216
2026-07-03T22:02:30.049041,2026-07-03T22:02:30.060767+00:00,120.0,50,ask,DiligentDonuts,FlawlessFlatbreads,6240239
2026-07-03T22:02:31.430227,2026-07-03T22:02:31.441520+00:00,120.2,48,bid,CostlyCorianders,DiligentDonuts,6240266
2026-07-03T22:02:32.155271,2026-07-03T22:02:32.166950+00:00,120.0,50,ask,EarnestEspressos,FlawlessFlatbreads,6240271
2026-07-03T22:02:32.847333,2026-07-03T22:02:32.855885+00:00,120.2,44,bid,CostlyCorianders,DiligentDonuts,6240286
2026-07-03T22:02:34.963149,2026-07-03T22:02:34.975320+00:00,120.0,47,ask,DiligentDonuts,CostlyCorianders,6240304
2026-07-03T22:02:35.960082,2026-07-03T22:02:35.968866+00:00,120.0,49,ask,DiligentDonuts,CostlyCorianders,6240325
2026-07-03T22:02:36.388381,2026-07-03T22:02:36.397644+00:00,120.0,4,ask,DiligentDonuts,FlawlessFlatbreads,6240333
2026-07-03T22:02:36.388381,2026-07-03T22:02:36.397644+00:00,119.9,46,ask,EarnestEspressos,FlawlessFlatbreads,6240334
2026-07-03T22:02:38.497309,2026-07-03T22:02:38.509358+00:00,119.9,50,ask,EarnestEspressos,FlawlessFlatbreads,6240357
2026-07-03T22:02:38.893693,2026-07-03T22:02:38.902066+00:00,120.0,12,bid,Xuanyu Liu,EarnestEspressos,6240359
2026-07-03T22:02:40.573297,2026-07-03T22:02:40.579560+00:00,120.0,49,bid,CostlyCorianders,EarnestEspressos,6240384
2026-07-03T22:02:40.606899,2026-07-03T22:02:40.615331+00:00,120.0,11,bid,Xuanyu Liu,EarnestEspressos,6240388
2026-07-03T22:02:40.625838,2026-07-03T22:02:40.637376+00:00,119.7,50,ask,DiligentDonuts,FlawlessFlatbreads,6240390
2026-07-03T22:02:42.733771,2026-07-03T22:02:42.745473+00:00,119.8,50,ask,EarnestEspressos,FlawlessFlatbreads,6240418
2026-07-03T22:02:44.852312,2026-07-03T22:02:44.868691+00:00,119.8,50,ask,EarnestEspressos,FlawlessFlatbreads,6240460
2026-07-03T22:02:45.859680,2026-07-03T22:02:45.867790+00:00,120.0,3,bid,Xuanyu Liu,EarnestEspressos,6240470
2026-07-03T22:02:46.140461,2026-07-03T22:02:46.152058+00:00,120.0,49,bid,CostlyCorianders,EarnestEspressos,6240478
2026-07-03T22:02:46.958559,2026-07-03T22:02:46.970425+00:00,119.9,50,ask,DiligentDonuts,FlawlessFlatbreads,6240486
2026-07-03T22:02:47.289404,2026-07-03T22:02:47.296450+00:00,120.0,46,bid,CostlyCorianders,EarnestEspressos,6240495
2026-07-03T22:02:47.343304,2026-07-03T22:02:47.355005+00:00,119.9,41,ask,DiligentDonuts,CostlyCorianders,6240496
2026-07-03T22:02:48.365727,2026-07-03T22:02:48.374710+00:00,120.0,45,ask,EarnestEspressos,CostlyCorianders,6240508
2026-07-03T22:02:48.918591,2026-07-03T22:02:48.925893+00:00,120.0,41,ask,EarnestEspressos,CostlyCorianders,6240515
2026-07-03T22:02:49.089710,2026-07-03T22:02:49.101198+00:00,120.0,50,ask,EarnestEspressos,FlawlessFlatbreads,6240517
2026-07-03T22:02:50.070066,2026-07-03T22:02:50.081816+00:00,120.0,14,ask,EarnestEspressos,DiligentDonuts,6240532
2026-07-03T22:02:51.196135,2026-07-03T22:02:51.207542+00:00,119.4,50,ask,DiligentDonuts,FlawlessFlatbreads,6240555
2026-07-03T22:02:53.306505,2026-07-03T22:02:53.313182+00:00,119.5,50,ask,EarnestEspressos,FlawlessFlatbreads,6240578
2026-07-03T22:02:54.555400,2026-07-03T22:02:54.557139+00:00,119.8,42,bid,CostlyCorianders,DiligentDonuts,6240598
2026-07-03T22:02:54.728602,2026-07-03T22:02:54.737533+00:00,119.6,3,bid,Xuanyu Liu,EarnestEspressos,6240604
2026-07-03T22:02:55.093959,2026-07-03T22:02:55.101779+00:00,119.6,11,bid,Xuanyu Liu,EarnestEspressos,6240618
2026-07-03T22:02:55.361813,2026-07-03T22:02:55.369148+00:00,119.6,50,bid,FlawlessFlatbreads,EarnestEspressos,6240624
2026-07-03T22:02:55.699400,2026-07-03T22:02:55.708365+00:00,119.6,12,bid,Xuanyu Liu,EarnestEspressos,6240628
2026-07-03T22:02:57.519352,2026-07-03T22:02:57.525721+00:00,119.1,50,ask,EarnestEspressos,FlawlessFlatbreads,6240656
2026-07-03T22:02:59.626263,2026-07-03T22:02:59.632758+00:00,119.5,50,ask,DiligentDonuts,FlawlessFlatbreads,6240701
2026-07-03T22:03:00.153808,2026-07-03T22:03:00.160228+00:00,119.9,43,bid,CostlyCorianders,EarnestEspressos,6240715
2026-07-03T22:03:01.249140,2026-07-03T22:03:01.258539+00:00,120.0,43,bid,CostlyCorianders,DiligentDonuts,6240735
2026-07-03T22:03:01.304112,2026-07-03T22:03:01.312388+00:00,119.5,45,ask,EarnestEspressos,FlawlessFlatbreads,6240738
2026-07-03T22:03:01.742494,2026-07-03T22:03:01.758770+00:00,119.5,5,ask,DiligentDonuts,FlawlessFlatbreads,6240745
2026-07-03T22:03:01.742494,2026-07-03T22:03:01.764190+00:00,119.5,45,ask,DiligentDonuts,CostlyCorianders,6240746
2026-07-03T22:03:06.209350,2026-07-03T22:03:06.216728+00:00,119.7,43,bid,CostlyCorianders,EarnestEspressos,6240801
2026-07-03T22:03:08.009487,2026-07-03T22:03:08.019308+00:00,119.8,50,bid,FlawlessFlatbreads,EarnestEspressos,6240823
2026-07-03T22:03:08.814520,2026-07-03T22:03:08.826067+00:00,119.8,41,bid,CostlyCorianders,EarnestEspressos,6240836
2026-07-03T22:03:10.019986,2026-07-03T22:03:10.031694+00:00,119.4,46,ask,DiligentDonuts,CostlyCorianders,6240847
2026-07-03T22:03:10.117108,2026-07-03T22:03:10.128917+00:00,119.8,50,bid,FlawlessFlatbreads,EarnestEspressos,6240848
2026-07-03T22:03:10.505243,2026-07-03T22:03:10.517090+00:00,119.9,100,bid,EarnestEspressos,DiligentDonuts,6240856
2026-07-03T22:03:10.572785,2026-07-03T22:03:10.589099+00:00,119.9,12,ask,EarnestEspressos,Xuanyu Liu,6240858
2026-07-03T22:03:12.225034,2026-07-03T22:03:12.236470+00:00,120.2,50,bid,FlawlessFlatbreads,DiligentDonuts,6240887
2026-07-03T22:03:12.506122,2026-07-03T22:03:12.517887+00:00,119.9,38,ask,EarnestEspressos,CostlyCorianders,6240889
2026-07-03T22:03:12.506122,2026-07-03T22:03:12.517887+00:00,119.7,10,ask,DiligentDonuts,CostlyCorianders,6240890
2026-07-03T22:03:14.333780,2026-07-03T22:03:14.345367+00:00,120.0,50,bid,FlawlessFlatbreads,EarnestEspressos,6240917
2026-07-03T22:03:15.065289,2026-07-03T22:03:15.075135+00:00,120.0,46,bid,CostlyCorianders,EarnestEspressos,6240928
2026-07-03T22:03:15.214316,2026-07-03T22:03:15.222223+00:00,120.0,54,bid,DiligentDonuts,EarnestEspressos,6240939
2026-07-03T22:03:16.028399,2026-07-03T22:03:16.036324+00:00,120.0,11,ask,DiligentDonuts,Xuanyu Liu,6240957
2026-07-03T22:03:18.215989,2026-07-03T22:03:18.227419+00:00,120.0,35,ask,DiligentDonuts,CostlyCorianders,6240989
2026-07-03T22:03:18.215989,2026-07-03T22:03:18.227419+00:00,119.9,8,ask,EarnestEspressos,CostlyCorianders,6240990
2026-07-03T22:03:18.546569,2026-07-03T22:03:18.558560+00:00,120.1,50,bid,FlawlessFlatbreads,DiligentDonuts,6240996
2026-07-03T22:03:20.654038,2026-07-03T22:03:20.665949+00:00,120.1,50,bid,FlawlessFlatbreads,DiligentDonuts,6241023
2026-07-03T22:03:21.454675,2026-07-03T22:03:21.463607+00:00,119.9,40,ask,EarnestEspressos,CostlyCorianders,6241031
2026-07-03T22:03:24.864376,2026-07-03T22:03:24.873945+00:00,120.0,50,bid,FlawlessFlatbreads,DiligentDonuts,6241086
2026-07-03T22:03:26.970914,2026-07-03T22:03:26.982818+00:00,120.0,50,bid,FlawlessFlatbreads,DiligentDonuts,6241103
2026-07-03T22:03:27.914478,2026-07-03T22:03:27.925377+00:00,120.0,3,ask,DiligentDonuts,Xuanyu Liu,6241118
2026-07-03T22:03:28.319345,2026-07-03T22:03:28.331048+00:00,120.2,42,bid,CostlyCorianders,EarnestEspressos,6241124
2026-07-03T22:03:29.131821,2026-07-03T22:03:29.141273+00:00,120.0,50,ask,DiligentDonuts,FlawlessFlatbreads,6241140
2026-07-03T22:03:29.920039,2026-07-03T22:03:29.931469+00:00,120.5,48,bid,CostlyCorianders,DiligentDonuts,6241147
2026-07-03T22:03:31.237319,2026-07-03T22:03:31.246502+00:00,120.2,50,ask,DiligentDonuts,FlawlessFlatbreads,6241167
2026-07-03T22:03:33.344698,2026-07-03T22:03:33.356285+00:00,120.2,50,ask,DiligentDonuts,FlawlessFlatbreads,6241204
2026-07-03T22:03:35.452735,2026-07-03T22:03:35.458587+00:00,120.1,50,ask,EarnestEspressos,FlawlessFlatbreads,6241233
2026-07-03T22:03:36.322735,2026-07-03T22:03:36.334062+00:00,120.0,43,ask,EarnestEspressos,CostlyCorianders,6241248
2026-07-03T22:03:36.958570,2026-07-03T22:03:36.970115+00:00,120.4,44,bid,CostlyCorianders,DiligentDonuts,6241254
2026-07-03T22:03:37.483703,2026-07-03T22:03:37.495276+00:00,120.0,47,ask,EarnestEspressos,CostlyCorianders,6241262
2026-07-03T22:03:37.559987,2026-07-03T22:03:37.571499+00:00,120.0,50,ask,EarnestEspressos,FlawlessFlatbreads,6241263
2026-07-03T22:03:38.450373,2026-07-03T22:03:38.463639+00:00,120.0,10,ask,EarnestEspressos,CostlyCorianders,6241270
2026-07-03T22:03:38.450373,2026-07-03T22:03:38.463639+00:00,119.9,36,ask,DiligentDonuts,CostlyCorianders,6241271
2026-07-03T22:03:39.052306,2026-07-03T22:03:39.057220+00:00,119.9,64,ask,DiligentDonuts,EarnestEspressos,6241284
2026-07-03T22:03:39.059494,2026-07-03T22:03:39.068444+00:00,119.8,26,bid,Xuanyu Liu,EarnestEspressos,6241285
2026-07-03T22:03:39.062014,2026-07-03T22:03:39.068444+00:00,119.8,47,bid,CostlyCorianders,EarnestEspressos,6241286
2026-07-03T22:03:39.667019,2026-07-03T22:03:39.678694+00:00,119.3,50,ask,EarnestEspressos,FlawlessFlatbreads,6241296
2026-07-03T22:03:40.216677,2026-07-03T22:03:40.228479+00:00,119.8,13,bid,CostlyCorianders,EarnestEspressos,6241308
2026-07-03T22:03:40.216677,2026-07-03T22:03:40.228479+00:00,120.4,36,bid,CostlyCorianders,DiligentDonuts,6241309
2026-07-03T22:03:40.936742,2026-07-03T22:03:40.945533+00:00,119.8,12,ask,DiligentDonuts,Xuanyu Liu,6241322
2026-07-03T22:03:41.728323,2026-07-03T22:03:41.738933+00:00,119.8,41,ask,DiligentDonuts,CostlyCorianders,6241333
2026-07-03T22:03:41.776971,2026-07-03T22:03:41.786093+00:00,119.8,47,ask,DiligentDonuts,FlawlessFlatbreads,6241335
2026-07-03T22:03:41.776971,2026-07-03T22:03:41.786093+00:00,119.3,3,ask,EarnestEspressos,FlawlessFlatbreads,6241336
2026-07-03T22:03:43.886069,2026-07-03T22:03:43.897907+00:00,119.5,50,ask,EarnestEspressos,FlawlessFlatbreads,6241359
2026-07-03T22:03:44.123510,2026-07-03T22:03:44.132314+00:00,119.6,12,bid,Xuanyu Liu,DiligentDonuts,6241361
2026-07-03T22:03:45.260476,2026-07-03T22:03:45.272289+00:00,119.6,49,bid,CostlyCorianders,DiligentDonuts,6241378
2026-07-03T22:03:45.993231,2026-07-03T22:03:46.004810+00:00,119.3,50,ask,EarnestEspressos,FlawlessFlatbreads,6241388
2026-07-03T22:03:46.433307,2026-07-03T22:03:46.439967+00:00,119.6,39,bid,CostlyCorianders,DiligentDonuts,6241393
2026-07-03T22:03:47.643173,2026-07-03T22:03:47.658595+00:00,119.6,44,ask,DiligentDonuts,CostlyCorianders,6241411
2026-07-03T22:03:48.098876,2026-07-03T22:03:48.110682+00:00,119.6,50,ask,DiligentDonuts,FlawlessFlatbreads,6241418
2026-07-03T22:03:48.542972,2026-07-03T22:03:48.558801+00:00,119.6,6,ask,DiligentDonuts,EarnestEspressos,6241422
2026-07-03T22:03:48.794361,2026-07-03T22:03:48.802207+00:00,119.6,11,bid,Xuanyu Liu,EarnestEspressos,6241428
2026-07-03T22:03:50.219965,2026-07-03T22:03:50.231364+00:00,119.5,50,ask,DiligentDonuts,FlawlessFlatbreads,6241447
2026-07-03T22:03:50.808622,2026-07-03T22:03:50.817991+00:00,119.5,46,ask,DiligentDonuts,CostlyCorianders,6241452
2026-07-03T22:03:52.326996,2026-07-03T22:03:52.338424+00:00,119.5,4,ask,DiligentDonuts,FlawlessFlatbreads,6241468
2026-07-03T22:03:52.326996,2026-07-03T22:03:52.338424+00:00,119.2,46,ask,EarnestEspressos,FlawlessFlatbreads,6241469
2026-07-03T22:03:53.750632,2026-07-03T22:03:53.757017+00:00,119.6,40,bid,CostlyCorianders,DiligentDonuts,6241486
2026-07-03T22:03:54.044211,2026-07-03T22:03:54.052272+00:00,119.6,12,bid,Xuanyu Liu,DiligentDonuts,6241491
2026-07-03T22:03:56.487774,2026-07-03T22:03:56.497900+00:00,119.6,50,bid,FlawlessFlatbreads,EarnestEspressos,6241528
2026-07-03T22:03:56.665159,2026-07-03T22:03:56.673488+00:00,119.6,22,bid,Xuanyu Liu,EarnestEspressos,6241531
2026-07-03T22:03:57.737931,2026-07-03T22:03:57.749432+00:00,119.6,41,bid,CostlyCorianders,EarnestEspressos,6241548
2026-07-03T22:03:57.988334,2026-07-03T22:03:57.997047+00:00,119.8,22,ask,EarnestEspressos,Xuanyu Liu,6241550
2026-07-03T22:03:58.593791,2026-07-03T22:03:58.603557+00:00,119.9,50,bid,FlawlessFlatbreads,DiligentDonuts,6241558
2026-07-03T22:03:59.296245,2026-07-03T22:03:59.304200+00:00,119.8,12,ask,EarnestEspressos,Xuanyu Liu,6241578
2026-07-03T22:04:00.702252,2026-07-03T22:04:00.714139+00:00,120.0,50,bid,FlawlessFlatbreads,DiligentDonuts,6241596
2026-07-03T22:04:02.811815,2026-07-03T22:04:02.821340+00:00,120.0,50,bid,FlawlessFlatbreads,EarnestEspressos,6241629
2026-07-03T22:04:04.927538,2026-07-03T22:04:04.939569+00:00,120.3,50,bid,FlawlessFlatbreads,DiligentDonuts,6241670
2026-07-03T22:04:05.018546,2026-07-03T22:04:05.030593+00:00,119.8,47,ask,DiligentDonuts,CostlyCorianders,6241671
2026-07-03T22:04:07.034782,2026-07-03T22:04:07.046222+00:00,120.3,50,bid,FlawlessFlatbreads,EarnestEspressos,6241691
2026-07-03T22:04:08.472177,2026-07-03T22:04:08.479267+00:00,119.9,11,ask,EarnestEspressos,Xuanyu Liu,6241708
2026-07-03T22:04:09.171000,2026-07-03T22:04:09.182631+00:00,120.1,50,bid,FlawlessFlatbreads,DiligentDonuts,6241719
2026-07-03T22:04:10.415194,2026-07-03T22:04:10.426891+00:00,119.9,48,ask,EarnestEspressos,CostlyCorianders,6241732
2026-07-03T22:04:10.990619,2026-07-03T22:04:10.998112+00:00,120.1,46,bid,CostlyCorianders,DiligentDonuts,6241746
2026-07-03T22:04:11.280567,2026-07-03T22:04:11.290727+00:00,120.1,4,bid,FlawlessFlatbreads,DiligentDonuts,6241752
2026-07-03T22:04:11.280567,2026-07-03T22:04:11.290727+00:00,120.3,46,bid,FlawlessFlatbreads,EarnestEspressos,6241753
2026-07-03T22:04:12.050436,2026-07-03T22:04:12.064204+00:00,120.3,40,bid,CostlyCorianders,EarnestEspressos,6241764
2026-07-03T22:04:12.185650,2026-07-03T22:04:12.197304+00:00,120.3,64,bid,DiligentDonuts,EarnestEspressos,6241766
2026-07-03T22:04:13.044462,2026-07-03T22:04:13.058568+00:00,120.3,36,ask,DiligentDonuts,CostlyCorianders,6241777
2026-07-03T22:04:13.044462,2026-07-03T22:04:13.058568+00:00,119.8,8,ask,EarnestEspressos,CostlyCorianders,6241778
2026-07-03T22:04:13.389029,2026-07-03T22:04:13.397215+00:00,120.8,50,bid,FlawlessFlatbreads,DiligentDonuts,6241792
2026-07-03T22:04:13.820134,2026-07-03T22:04:13.828306+00:00,120.3,23,ask,EarnestEspressos,Xuanyu Liu,6241801
2026-07-03T22:04:15.087998,2026-07-03T22:04:15.095607+00:00,120.3,45,ask,EarnestEspressos,CostlyCorianders,6241824
2026-07-03T22:04:15.494750,2026-07-03T22:04:15.506433+00:00,120.5,50,bid,FlawlessFlatbreads,DiligentDonuts,6241829
2026-07-03T22:04:18.626645,2026-07-03T22:04:18.633973+00:00,120.6,45,bid,CostlyCorianders,EarnestEspressos,6241881
2026-07-03T22:04:19.614927,2026-07-03T22:04:19.626437+00:00,120.1,49,ask,EarnestEspressos,CostlyCorianders,6241890
2026-07-03T22:04:19.753670,2026-07-03T22:04:19.765255+00:00,120.1,50,ask,EarnestEspressos,FlawlessFlatbreads,6241892
2026-07-03T22:04:20.162323,2026-07-03T22:04:20.168862+00:00,120.6,44,bid,CostlyCorianders,DiligentDonuts,6241899
2026-07-03T22:04:20.288090,2026-07-03T22:04:20.295587+00:00,120.4,11,bid,Xuanyu Liu,EarnestEspressos,6241906
2026-07-03T22:04:21.694459,2026-07-03T22:04:21.707230+00:00,120.4,100,bid,DiligentDonuts,EarnestEspressos,6241935
2026-07-03T22:04:23.014371,2026-07-03T22:04:23.026219+00:00,120.4,39,bid,CostlyCorianders,EarnestEspressos,6241952
2026-07-03T22:04:23.069725,2026-07-03T22:04:23.081169+00:00,119.9,45,ask,EarnestEspressos,CostlyCorianders,6241954
2026-07-03T22:04:23.299071,2026-07-03T22:04:23.306388+00:00,120.3,11,ask,EarnestEspressos,Xuanyu Liu,6241955
2026-07-03T22:04:23.963390,2026-07-03T22:04:23.975140+00:00,120.3,50,ask,EarnestEspressos,FlawlessFlatbreads,6241964
2026-07-03T22:04:24.218655,2026-07-03T22:04:24.226639+00:00,120.3,3,ask,EarnestEspressos,Xuanyu Liu,6241969
2026-07-03T22:04:26.019382,2026-07-03T22:04:26.030932+00:00,120.4,50,bid,FlawlessFlatbreads,DiligentDonuts,6241997
2026-07-03T22:04:28.126342,2026-07-03T22:04:28.137302+00:00,120.5,50,bid,FlawlessFlatbreads,EarnestEspressos,6242034
2026-07-03T22:04:30.233361,2026-07-03T22:04:30.244850+00:00,120.5,50,bid,FlawlessFlatbreads,EarnestEspressos,6242063
2026-07-03T22:04:31.172509,2026-07-03T22:04:31.184076+00:00,120.0,42,ask,EarnestEspressos,CostlyCorianders,6242075
2026-07-03T22:04:31.747701,2026-07-03T22:04:31.758603+00:00,120.0,47,ask,EarnestEspressos,CostlyCorianders,6242084
2026-07-03T22:04:32.252891,2026-07-03T22:04:32.264389+00:00,120.4,47,bid,CostlyCorianders,DiligentDonuts,6242088
2026-07-03T22:04:32.340624,2026-07-03T22:04:32.358559+00:00,120.4,50,bid,FlawlessFlatbreads,DiligentDonuts,6242090
2026-07-03T22:04:34.363919,2026-07-03T22:04:34.374105+00:00,120.5,100,bid,DiligentDonuts,EarnestEspressos,6242121
2026-07-03T22:04:34.447978,2026-07-03T22:04:34.458577+00:00,120.5,50,bid,FlawlessFlatbreads,EarnestEspressos,6242122
2026-07-03T22:04:35.945225,2026-07-03T22:04:35.956103+00:00,120.8,3,ask,EarnestEspressos,Xuanyu Liu,6242134
2026-07-03T22:04:36.041023,2026-07-03T22:04:36.052073+00:00,120.8,23,ask,EarnestEspressos,Xuanyu Liu,6242137
2026-07-03T22:04:36.559045,2026-07-03T22:04:36.570488+00:00,121.1,50,bid,FlawlessFlatbreads,DiligentDonuts,6242141
2026-07-03T22:04:37.580203,2026-07-03T22:04:37.591775+00:00,120.8,100,ask,EarnestEspressos,DiligentDonuts,6242157
2026-07-03T22:04:38.717539,2026-07-03T22:04:38.728194+00:00,120.8,24,ask,EarnestEspressos,FlawlessFlatbreads,6242169
2026-07-03T22:04:39.155954,2026-07-03T22:04:39.163948+00:00,120.5,12,bid,Xuanyu Liu,EarnestEspressos,6242174
2026-07-03T22:04:40.108760,2026-07-03T22:04:40.120335+00:00,120.5,48,bid,CostlyCorianders,EarnestEspressos,6242188
2026-07-03T22:04:40.475125,2026-07-03T22:04:40.483317+00:00,120.5,11,bid,Xuanyu Liu,EarnestEspressos,6242197
2026-07-03T22:04:40.690689,2026-07-03T22:04:40.702484+00:00,120.5,79,bid,DiligentDonuts,EarnestEspressos,6242200
2026-07-03T22:04:42.550469,2026-07-03T22:04:42.557037+00:00,120.5,21,ask,DiligentDonuts,CostlyCorianders,6242226
2026-07-03T22:04:42.550469,2026-07-03T22:04:42.557037+00:00,120.5,26,ask,EarnestEspressos,CostlyCorianders,6242227
2026-07-03T22:04:42.930233,2026-07-03T22:04:42.941989+00:00,120.5,50,ask,EarnestEspressos,FlawlessFlatbreads,6242234
2026-07-03T22:04:43.911627,2026-07-03T22:04:43.920145+00:00,120.5,11,ask,EarnestEspressos,Xuanyu Liu,6242243
2026-07-03T22:04:44.986706,2026-07-03T22:04:44.998323+00:00,120.7,50,bid,FlawlessFlatbreads,DiligentDonuts,6242259
2026-07-03T22:04:45.224695,2026-07-03T22:04:45.233426+00:00,120.5,23,ask,EarnestEspressos,Xuanyu Liu,6242262
2026-07-03T22:04:45.493398,2026-07-03T22:04:45.501389+00:00,120.4,11,bid,Xuanyu Liu,EarnestEspressos,6242268
2026-07-03T22:04:46.532469,2026-07-03T22:04:46.540399+00:00,120.4,12,bid,Xuanyu Liu,EarnestEspressos,6242287
2026-07-03T22:04:46.546458,2026-07-03T22:04:46.555945+00:00,120.4,46,bid,CostlyCorianders,EarnestEspressos,6242289
2026-07-03T22:04:47.093279,2026-07-03T22:04:47.102268+00:00,120.4,50,bid,FlawlessFlatbreads,EarnestEspressos,6242292
2026-07-03T22:04:49.212202,2026-07-03T22:04:49.223689+00:00,120.7,50,bid,FlawlessFlatbreads,DiligentDonuts,6242343
2026-07-03T22:04:50.184174,2026-07-03T22:04:50.195488+00:00,120.3,49,ask,EarnestEspressos,CostlyCorianders,6242360
2026-07-03T22:04:51.321576,2026-07-03T22:04:51.332823+00:00,120.7,50,bid,FlawlessFlatbreads,DiligentDonuts,6242372
2026-07-03T22:04:52.697781,2026-07-03T22:04:52.709404+00:00,120.6,47,bid,CostlyCorianders,EarnestEspressos,6242394
2026-07-03T22:04:53.435018,2026-07-03T22:04:53.446540+00:00,120.6,50,bid,FlawlessFlatbreads,EarnestEspressos,6242403
2026-07-03T22:04:54.922870,2026-07-03T22:04:54.930077+00:00,120.5,12,ask,EarnestEspressos,Xuanyu Liu,6242416
2026-07-03T22:04:59.819423,2026-07-03T22:04:59.830558+00:00,120.5,50,ask,EarnestEspressos,FlawlessFlatbreads,6242484
2026-07-03T22:05:01.927063,2026-07-03T22:05:01.938850+00:00,120.4,50,ask,DiligentDonuts,FlawlessFlatbreads,6242518
2026-07-03T22:05:02.510013,2026-07-03T22:05:02.521706+00:00,120.4,47,ask,DiligentDonuts,CostlyCorianders,6242527
2026-07-03T22:05:03.542398,2026-07-03T22:05:03.548695+00:00,120.3,48,ask,EarnestEspressos,CostlyCorianders,6242545
2026-07-03T22:05:04.033880,2026-07-03T22:05:04.042956+00:00,120.3,50,ask,EarnestEspressos,FlawlessFlatbreads,6242552
2026-07-03T22:05:04.632169,2026-07-03T22:05:04.640402+00:00,120.4,12,bid,Xuanyu Liu,EarnestEspressos,6242559
2026-07-03T22:05:05.566981,2026-07-03T22:05:05.576130+00:00,120.4,43,bid,CostlyCorianders,EarnestEspressos,6242572
2026-07-03T22:05:06.139653,2026-07-03T22:05:06.149669+00:00,120.2,50,ask,DiligentDonuts,FlawlessFlatbreads,6242583
2026-07-03T22:05:08.274476,2026-07-03T22:05:08.284582+00:00,120.2,50,ask,DiligentDonuts,FlawlessFlatbreads,6242599
2026-07-03T22:05:09.542949,2026-07-03T22:05:09.550450+00:00,120.3,11,bid,Xuanyu Liu,DiligentDonuts,6242617
2026-07-03T22:05:10.380856,2026-07-03T22:05:10.392453+00:00,120.2,50,ask,EarnestEspressos,FlawlessFlatbreads,6242631
2026-07-03T22:05:12.117219,2026-07-03T22:05:12.083123+00:00,120.3,40,bid,CostlyCorianders,DiligentDonuts,6242649
2026-07-03T22:05:12.519274,2026-07-03T22:05:12.525863+00:00,120.1,50,ask,EarnestEspressos,FlawlessFlatbreads,6242655
2026-07-03T22:05:14.363618,2026-07-03T22:05:14.375085+00:00,120.1,49,ask,DiligentDonuts,CostlyCorianders,6242681
2026-07-03T22:05:14.627995,2026-07-03T22:05:14.634448+00:00,120.1,50,ask,DiligentDonuts,FlawlessFlatbreads,6242682
2026-07-03T22:05:14.924157,2026-07-03T22:05:14.935228+00:00,120.1,1,ask,DiligentDonuts,CostlyCorianders,6242690
2026-07-03T22:05:15.393958,2026-07-03T22:05:15.401948+00:00,120.2,3,bid,Xuanyu Liu,EarnestEspressos,6242695
2026-07-03T22:05:16.737882,2026-07-03T22:05:16.748475+00:00,119.7,50,ask,EarnestEspressos,FlawlessFlatbreads,6242715
2026-07-03T22:05:17.687332,2026-07-03T22:05:17.699039+00:00,120.1,47,bid,CostlyCorianders,EarnestEspressos,6242726
2026-07-03T22:05:18.842650,2026-07-03T22:05:18.858585+00:00,119.9,50,ask,DiligentDonuts,FlawlessFlatbreads,6242744
2026-07-03T22:05:20.947995,2026-07-03T22:05:20.958590+00:00,119.9,50,ask,DiligentDonuts,FlawlessFlatbreads,6242781
2026-07-03T22:05:22.152134,2026-07-03T22:05:22.164196+00:00,120.1,49,bid,CostlyCorianders,DiligentDonuts,6242794
2026-07-03T22:05:22.737566,2026-07-03T22:05:22.749066+00:00,119.9,49,ask,EarnestEspressos,CostlyCorianders,6242804
2026-07-03T22:05:23.057450,2026-07-03T22:05:23.069221+00:00,119.9,50,ask,EarnestEspressos,FlawlessFlatbreads,6242818
2026-07-03T22:05:23.268572,2026-07-03T22:05:23.281576+00:00,120.1,49,bid,CostlyCorianders,DiligentDonuts,6242820
2026-07-03T22:05:23.273839,2026-07-03T22:05:23.281576+00:00,120.1,2,bid,Xuanyu Liu,DiligentDonuts,6242821
2026-07-03T22:05:23.830827,2026-07-03T22:05:23.839701+00:00,119.7,41,ask,EarnestEspressos,CostlyCorianders,6242828
2026-07-03T22:05:24.973388,2026-07-03T22:05:24.980433+00:00,120.2,43,bid,CostlyCorianders,EarnestEspressos,6242846
2026-07-03T22:05:26.049061,2026-07-03T22:05:26.055434+00:00,119.9,41,ask,DiligentDonuts,CostlyCorianders,6242862
2026-07-03T22:05:26.557395,2026-07-03T22:05:26.566440+00:00,120.4,43,bid,CostlyCorianders,DiligentDonuts,6242867
2026-07-03T22:05:27.216499,2026-07-03T22:05:27.220025+00:00,120.1,1,bid,Xuanyu Liu,EarnestEspressos,6242887
2026-07-03T22:05:27.269871,2026-07-03T22:05:27.281510+00:00,119.9,50,ask,DiligentDonuts,FlawlessFlatbreads,6242888
2026-07-03T22:05:29.330548,2026-07-03T22:05:29.337342+00:00,120.1,50,bid,FlawlessFlatbreads,EarnestEspressos,6242910
2026-07-03T22:05:31.182092,2026-07-03T22:05:31.189904+00:00,119.9,49,ask,EarnestEspressos,CostlyCorianders,6242934
2026-07-03T22:05:31.488602,2026-07-03T22:05:31.496300+00:00,119.9,50,ask,EarnestEspressos,FlawlessFlatbreads,6242938
2026-07-03T22:05:32.793918,2026-07-03T22:05:32.805446+00:00,120.1,46,bid,CostlyCorianders,DiligentDonuts,6242951
2026-07-03T22:05:32.950263,2026-07-03T22:05:32.958729+00:00,119.9,23,bid,Xuanyu Liu,EarnestEspressos,6242954
2026-07-03T22:05:33.595346,2026-07-03T22:05:33.609476+00:00,119.6,50,ask,DiligentDonuts,FlawlessFlatbreads,6242962
2026-07-03T22:05:33.878716,2026-07-03T22:05:33.890193+00:00,119.9,45,bid,CostlyCorianders,EarnestEspressos,6242968
2026-07-03T22:05:33.934390,2026-07-03T22:05:33.946223+00:00,119.6,49,ask,DiligentDonuts,CostlyCorianders,6242969
2026-07-03T22:05:34.441281,2026-07-03T22:05:34.452813+00:00,119.9,41,bid,CostlyCorianders,EarnestEspressos,6242979
2026-07-03T22:05:35.651207,2026-07-03T22:05:35.657734+00:00,119.9,41,bid,FlawlessFlatbreads,EarnestEspressos,6242996
2026-07-03T22:05:35.651207,2026-07-03T22:05:35.657734+00:00,120.1,9,bid,FlawlessFlatbreads,DiligentDonuts,6242997
2026-07-03T22:05:36.154997,2026-07-03T22:05:36.162940+00:00,120.0,12,ask,EarnestEspressos,Xuanyu Liu,6243005
2026-07-03T22:05:37.365267,2026-07-03T22:05:37.373325+00:00,120.0,11,ask,EarnestEspressos,Xuanyu Liu,6243031
2026-07-03T22:05:37.663480,2026-07-03T22:05:37.675111+00:00,120.0,100,ask,EarnestEspressos,DiligentDonuts,6243038
2026-07-03T22:05:38.838902,2026-07-03T22:05:38.858579+00:00,120.0,27,ask,EarnestEspressos,CostlyCorianders,6243049
2026-07-03T22:05:38.838902,2026-07-03T22:05:38.858579+00:00,119.4,16,ask,DiligentDonuts,CostlyCorianders,6243050
2026-07-03T22:05:39.301134,2026-07-03T22:05:39.310389+00:00,119.9,11,bid,Xuanyu Liu,EarnestEspressos,6243057
2026-07-03T22:05:39.309475,2026-07-03T22:05:39.325626+00:00,119.9,49,bid,CostlyCorianders,EarnestEspressos,6243059
2026-07-03T22:05:39.866472,2026-07-03T22:05:39.877908+00:00,119.9,50,bid,FlawlessFlatbreads,EarnestEspressos,6243067
2026-07-03T22:05:40.335295,2026-07-03T22:05:40.347787+00:00,119.9,12,bid,Xuanyu Liu,EarnestEspressos,6243073
2026-07-03T22:05:40.773195,2026-07-03T22:05:40.784942+00:00,119.9,28,bid,DiligentDonuts,EarnestEspressos,6243082
2026-07-03T22:05:41.971995,2026-07-03T22:05:41.981609+00:00,120.4,50,bid,FlawlessFlatbreads,DiligentDonuts,6243104
2026-07-03T22:05:44.055960,2026-07-03T22:05:44.065248+00:00,120.1,48,ask,EarnestEspressos,CostlyCorianders,6243124
2026-07-03T22:05:46.192301,2026-07-03T22:05:46.204087+00:00,120.4,50,bid,FlawlessFlatbreads,EarnestEspressos,6243151
2026-07-03T22:05:48.220480,2026-07-03T22:05:48.243763+00:00,120.1,12,ask,DiligentDonuts,Xuanyu Liu,6243172
2026-07-03T22:05:48.299735,2026-07-03T22:05:48.307168+00:00,120.4,50,bid,FlawlessFlatbreads,EarnestEspressos,6243175
2026-07-03T22:05:48.733687,2026-07-03T22:05:48.742030+00:00,120.2,11,ask,EarnestEspressos,Xuanyu Liu,6243179
2026-07-03T22:05:48.884905,2026-07-03T22:05:48.896181+00:00,120.2,43,ask,EarnestEspressos,CostlyCorianders,6243185
2026-07-03T22:05:49.538910,2026-07-03T22:05:49.545712+00:00,120.6,48,bid,CostlyCorianders,DiligentDonuts,6243192
2026-07-03T22:05:50.029568,2026-07-03T22:05:50.039034+00:00,120.2,40,ask,EarnestEspressos,CostlyCorianders,6243195
2026-07-03T22:05:50.405014,2026-07-03T22:05:50.416644+00:00,120.7,50,bid,FlawlessFlatbreads,EarnestEspressos,6243201
2026-07-03T22:05:52.511474,2026-07-03T22:05:52.522924+00:00,120.7,50,bid,FlawlessFlatbreads,DiligentDonuts,6243225
2026-07-03T22:05:53.476925,2026-07-03T22:05:53.483932+00:00,120.5,3,ask,DiligentDonuts,Xuanyu Liu,6243244
2026-07-03T22:05:56.772906,2026-07-03T22:05:56.784475+00:00,120.3,50,ask,DiligentDonuts,FlawlessFlatbreads,6243290
2026-07-03T22:05:57.459866,2026-07-03T22:05:57.471641+00:00,120.6,41,bid,CostlyCorianders,EarnestEspressos,6243295
2026-07-03T22:05:58.880595,2026-07-03T22:05:58.891070+00:00,120.6,50,ask,EarnestEspressos,FlawlessFlatbreads,6243316
2026-07-03T22:05:59.839461,2026-07-03T22:05:59.850628+00:00,120.6,100,ask,EarnestEspressos,DiligentDonuts,6243326
2026-07-03T22:06:00.559842,2026-07-03T22:06:00.571369+00:00,120.1,49,ask,DiligentDonuts,CostlyCorianders,6243336
2026-07-03T22:06:00.986953,2026-07-03T22:06:00.995022+00:00,120.1,50,ask,DiligentDonuts,FlawlessFlatbreads,6243342
2026-07-03T22:06:01.428687,2026-07-03T22:06:01.437409+00:00,120.1,1,ask,DiligentDonuts,EarnestEspressos,6243351
2026-07-03T22:06:01.550726,2026-07-03T22:06:01.562346+00:00,120.1,3,bid,Xuanyu Liu,EarnestEspressos,6243354
2026-07-03T22:06:03.040810,2026-07-03T22:06:03.047545+00:00,120.1,50,bid,FlawlessFlatbreads,EarnestEspressos,6243381
2026-07-03T22:06:03.197598,2026-07-03T22:06:03.205091+00:00,120.0,43,ask,DiligentDonuts,CostlyCorianders,6243382
2026-07-03T22:06:04.387330,2026-07-03T22:06:04.399129+00:00,120.1,41,bid,CostlyCorianders,EarnestEspressos,6243396
2026-07-03T22:06:05.147285,2026-07-03T22:06:05.158591+00:00,120.4,50,bid,FlawlessFlatbreads,EarnestEspressos,6243407
2026-07-03T22:06:05.422788,2026-07-03T22:06:05.434450+00:00,120.4,48,bid,CostlyCorianders,EarnestEspressos,6243411
2026-07-03T22:06:06.636714,2026-07-03T22:06:06.648609+00:00,119.9,49,ask,EarnestEspressos,CostlyCorianders,6243417
2026-07-03T22:06:07.255477,2026-07-03T22:06:07.264091+00:00,120.4,50,bid,FlawlessFlatbreads,EarnestEspressos,6243427
2026-07-03T22:06:07.705319,2026-07-03T22:06:07.716958+00:00,120.4,100,bid,EarnestEspressos,DiligentDonuts,6243437
2026-07-03T22:06:07.767730,2026-07-03T22:06:07.776805+00:00,120.4,3,ask,EarnestEspressos,Xuanyu Liu,6243442
2026-07-03T22:06:09.452273,2026-07-03T22:06:09.464108+00:00,120.4,47,ask,EarnestEspressos,FlawlessFlatbreads,6243465
2026-07-03T22:06:09.452273,2026-07-03T22:06:09.464108+00:00,120.2,3,ask,DiligentDonuts,FlawlessFlatbreads,6243466
2026-07-03T22:06:11.510228,2026-07-03T22:06:11.521740+00:00,120.3,50,bid,FlawlessFlatbreads,EarnestEspressos,6243480
2026-07-03T22:06:13.629542,2026-07-03T22:06:13.636362+00:00,120.3,50,bid,FlawlessFlatbreads,EarnestEspressos,6243514
2026-07-03T22:06:14.689336,2026-07-03T22:06:14.700938+00:00,120.2,43,ask,DiligentDonuts,CostlyCorianders,6243530
2026-07-03T22:06:15.738575,2026-07-03T22:06:15.750255+00:00,120.4,50,bid,FlawlessFlatbreads,DiligentDonuts,6243544
2026-07-03T22:06:16.416333,2026-07-03T22:06:16.426041+00:00,120.1,45,ask,EarnestEspressos,CostlyCorianders,6243561
2026-07-03T22:06:17.854016,2026-07-03T22:06:17.868671+00:00,120.4,50,bid,FlawlessFlatbreads,DiligentDonuts,6243576
2026-07-03T22:06:19.641642,2026-07-03T22:06:19.650660+00:00,120.2,3,ask,DiligentDonuts,Xuanyu Liu,6243601
2026-07-03T22:06:20.012808,2026-07-03T22:06:20.024432+00:00,120.2,50,ask,DiligentDonuts,FlawlessFlatbreads,6243605
2026-07-03T22:06:20.428856,2026-07-03T22:06:20.440363+00:00,120.2,47,ask,DiligentDonuts,EarnestEspressos,6243612
2026-07-03T22:06:20.924978,2026-07-03T22:06:20.935008+00:00,120.0,3,bid,Xuanyu Liu,EarnestEspressos,6243620
2026-07-03T22:06:22.122650,2026-07-03T22:06:22.129336+00:00,119.8,50,ask,DiligentDonuts,FlawlessFlatbreads,6243630
2026-07-03T22:06:22.353897,2026-07-03T22:06:22.365762+00:00,120.0,48,bid,CostlyCorianders,EarnestEspressos,6243631
2026-07-03T22:06:24.228523,2026-07-03T22:06:24.240247+00:00,120.2,50,ask,EarnestEspressos,FlawlessFlatbreads,6243655
2026-07-03T22:06:24.823767,2026-07-03T22:06:24.835475+00:00,120.2,44,ask,EarnestEspressos,CostlyCorianders,6243660
2026-07-03T22:06:25.141996,2026-07-03T22:06:25.150184+00:00,120.2,56,ask,EarnestEspressos,DiligentDonuts,6243663
2026-07-03T22:06:26.350815,2026-07-03T22:06:26.358565+00:00,119.7,50,ask,DiligentDonuts,FlawlessFlatbreads,6243685
2026-07-03T22:06:26.399816,2026-07-03T22:06:26.411062+00:00,120.2,44,bid,CostlyCorianders,DiligentDonuts,6243690
2026-07-03T22:06:26.399816,2026-07-03T22:06:26.411062+00:00,120.7,2,bid,CostlyCorianders,EarnestEspressos,6243691
2026-07-03T22:06:28.456981,2026-07-03T22:06:28.468878+00:00,119.7,50,ask,DiligentDonuts,FlawlessFlatbreads,6243716
2026-07-03T22:06:30.019027,2026-07-03T22:06:30.029617+00:00,120.0,44,bid,CostlyCorianders,EarnestEspressos,6243732
2026-07-03T22:06:30.590093,2026-07-03T22:06:30.598303+00:00,119.7,50,ask,DiligentDonuts,FlawlessFlatbreads,6243738
2026-07-03T22:06:32.031197,2026-07-03T22:06:32.043382+00:00,119.5,49,ask,EarnestEspressos,CostlyCorianders,6243750
2026-07-03T22:06:32.697248,2026-07-03T22:06:32.708832+00:00,119.5,50,ask,EarnestEspressos,FlawlessFlatbreads,6243761
2026-07-03T22:06:33.600794,2026-07-03T22:06:33.614090+00:00,119.5,48,bid,CostlyCorianders,EarnestEspressos,6243774
2026-07-03T22:06:34.206840,2026-07-03T22:06:34.216010+00:00,119.3,45,ask,DiligentDonuts,CostlyCorianders,6243784
2026-07-03T22:06:35.410861,2026-07-03T22:06:35.419593+00:00,119.5,3,bid,Xuanyu Liu,EarnestEspressos,6243793
2026-07-03T22:06:35.466832,2026-07-03T22:06:35.475202+00:00,119.5,11,bid,Xuanyu Liu,EarnestEspressos,6243796
2026-07-03T22:06:36.693341,2026-07-03T22:06:36.700463+00:00,119.5,12,bid,Xuanyu Liu,DiligentDonuts,6243814
2026-07-03T22:06:36.913056,2026-07-03T22:06:36.921127+00:00,119.4,50,ask,EarnestEspressos,FlawlessFlatbreads,6243817
2026-07-03T22:06:39.018946,2026-07-03T22:06:39.030785+00:00,119.4,50,ask,EarnestEspressos,FlawlessFlatbreads,6243846
2026-07-03T22:06:39.409758,2026-07-03T22:06:39.417849+00:00,119.5,11,bid,Xuanyu Liu,EarnestEspressos,6243852
2026-07-03T22:06:39.515254,2026-07-03T22:06:39.526335+00:00,119.5,41,bid,CostlyCorianders,EarnestEspressos,6243856
2026-07-03T22:06:40.719386,2026-07-03T22:06:40.731066+00:00,119.5,48,bid,CostlyCorianders,EarnestEspressos,6243872
2026-07-03T22:06:41.126633,2026-07-03T22:06:41.134663+00:00,119.2,50,ask,DiligentDonuts,FlawlessFlatbreads,6243876
2026-07-03T22:06:41.345607,2026-07-03T22:06:41.351966+00:00,119.5,48,bid,CostlyCorianders,EarnestEspressos,6243877
2026-07-03T22:06:42.507230,2026-07-03T22:06:42.518747+00:00,119.7,100,bid,EarnestEspressos,DiligentDonuts,6243898
2026-07-03T22:06:42.575474,2026-07-03T22:06:42.584609+00:00,119.7,11,ask,EarnestEspressos,Xuanyu Liu,6243899
2026-07-03T22:06:43.235747,2026-07-03T22:06:43.245174+00:00,119.7,39,ask,EarnestEspressos,FlawlessFlatbreads,6243911
2026-07-03T22:06:43.235747,2026-07-03T22:06:43.245174+00:00,119.2,11,ask,DiligentDonuts,FlawlessFlatbreads,6243912
2026-07-03T22:06:45.346469,2026-07-03T22:06:45.358045+00:00,119.5,50,ask,DiligentDonuts,FlawlessFlatbreads,6243944
2026-07-03T22:06:47.201540,2026-07-03T22:06:47.211274+00:00,119.3,44,ask,EarnestEspressos,CostlyCorianders,6243971
2026-07-03T22:06:48.233617,2026-07-03T22:06:48.245405+00:00,119.8,48,bid,CostlyCorianders,EarnestEspressos,6243983
2026-07-03T22:06:48.807884,2026-07-03T22:06:48.816778+00:00,119.5,41,ask,DiligentDonuts,CostlyCorianders,6243990
2026-07-03T22:06:49.399348,2026-07-03T22:06:49.409422+00:00,119.5,43,ask,DiligentDonuts,CostlyCorianders,6244001
2026-07-03T22:06:49.560761,2026-07-03T22:06:49.567435+00:00,119.5,16,ask,DiligentDonuts,FlawlessFlatbreads,6244002
2026-07-03T22:06:49.560761,2026-07-03T22:06:49.572763+00:00,119.5,34,ask,EarnestEspressos,FlawlessFlatbreads,6244003
2026-07-03T22:06:50.453680,2026-07-03T22:06:50.463869+00:00,119.5,42,ask,EarnestEspressos,CostlyCorianders,6244013
2026-07-03T22:06:51.669615,2026-07-03T22:06:51.676886+00:00,119.5,50,ask,EarnestEspressos,FlawlessFlatbreads,6244041
2026-07-03T22:06:52.066033,2026-07-03T22:06:52.075003+00:00,119.3,23,bid,Xuanyu Liu,EarnestEspressos,6244048
2026-07-03T22:06:53.725186,2026-07-03T22:06:53.736967+00:00,119.3,50,bid,FlawlessFlatbreads,EarnestEspressos,6244066
2026-07-03T22:06:55.883360,2026-07-03T22:06:55.894656+00:00,119.0,50,ask,DiligentDonuts,FlawlessFlatbreads,6244097
2026-07-03T22:06:57.699492,2026-07-03T22:06:57.708098+00:00,119.2,11,bid,Xuanyu Liu,DiligentDonuts,6244125
2026-07-03T22:06:57.937983,2026-07-03T22:06:57.949762+00:00,119.2,50,bid,FlawlessFlatbreads,DiligentDonuts,6244130
2026-07-03T22:06:58.598762,2026-07-03T22:06:58.611678+00:00,119.2,39,bid,CostlyCorianders,DiligentDonuts,6244137
2026-07-03T22:06:58.598762,2026-07-03T22:06:58.611678+00:00,119.6,2,bid,CostlyCorianders,EarnestEspressos,6244138
2026-07-03T22:07:00.043728,2026-07-03T22:07:00.055550+00:00,119.6,50,bid,FlawlessFlatbreads,EarnestEspressos,6244163
2026-07-03T22:07:01.846168,2026-07-03T22:07:01.863904+00:00,119.7,48,bid,CostlyCorianders,DiligentDonuts,6244191
2026-07-03T22:07:01.901112,2026-07-03T22:07:01.912687+00:00,119.2,43,ask,DiligentDonuts,CostlyCorianders,6244192
2026-07-03T22:07:02.201433,2026-07-03T22:07:02.213215+00:00,119.2,50,ask,DiligentDonuts,FlawlessFlatbreads,6244194
2026-07-03T22:07:02.975140,2026-07-03T22:07:02.984351+00:00,119.2,7,ask,DiligentDonuts,Xuanyu Liu,6244210
2026-07-03T22:07:02.975140,2026-07-03T22:07:02.984351+00:00,119.2,4,ask,EarnestEspressos,Xuanyu Liu,6244211
2026-07-03T22:07:03.103575,2026-07-03T22:07:03.115287+00:00,119.2,100,ask,EarnestEspressos,DiligentDonuts,6244213
2026-07-03T22:07:04.048950,2026-07-03T22:07:04.058597+00:00,119.7,45,bid,CostlyCorianders,EarnestEspressos,6244224
2026-07-03T22:07:04.103549,2026-07-03T22:07:04.114959+00:00,119.2,46,ask,EarnestEspressos,CostlyCorianders,6244225
2026-07-03T22:07:05.594661,2026-07-03T22:07:05.602092+00:00,119.1,11,bid,Xuanyu Liu,EarnestEspressos,6244249
2026-07-03T22:07:05.721176,2026-07-03T22:07:05.729455+00:00,119.1,11,bid,Xuanyu Liu,EarnestEspressos,6244252
2026-07-03T22:07:06.213906,2026-07-03T22:07:06.221877+00:00,119.1,100,bid,DiligentDonuts,EarnestEspressos,6244258
2026-07-03T22:07:06.361865,2026-07-03T22:07:06.373697+00:00,119.1,28,bid,FlawlessFlatbreads,EarnestEspressos,6244263
2026-07-03T22:07:06.361865,2026-07-03T22:07:06.373697+00:00,119.8,22,bid,FlawlessFlatbreads,DiligentDonuts,6244264
2026-07-03T22:07:07.840814,2026-07-03T22:07:07.848822+00:00,119.4,22,ask,EarnestEspressos,Xuanyu Liu,6244290
2026-07-03T22:07:08.030539,2026-07-03T22:07:08.040086+00:00,119.4,42,ask,EarnestEspressos,CostlyCorianders,6244294
2026-07-03T22:07:08.470656,2026-07-03T22:07:08.482425+00:00,119.8,50,bid,FlawlessFlatbreads,DiligentDonuts,6244301
2026-07-03T22:07:08.709172,2026-07-03T22:07:08.716609+00:00,119.4,12,ask,EarnestEspressos,Xuanyu Liu,6244303
2026-07-03T22:07:10.577903,2026-07-03T22:07:10.584827+00:00,119.5,50,bid,FlawlessFlatbreads,DiligentDonuts,6244344
2026-07-03T22:07:12.683929,2026-07-03T22:07:12.695453+00:00,119.6,50,bid,FlawlessFlatbreads,DiligentDonuts,6244381
2026-07-03T22:07:12.753197,2026-07-03T22:07:12.763915+00:00,119.6,44,bid,CostlyCorianders,DiligentDonuts,6244382
2026-07-03T22:07:13.314708,2026-07-03T22:07:13.326439+00:00,119.2,46,ask,EarnestEspressos,CostlyCorianders,6244388
2026-07-03T22:07:14.790531,2026-07-03T22:07:14.799200+00:00,119.3,50,bid,FlawlessFlatbreads,EarnestEspressos,6244421
2026-07-03T22:07:15.056020,2026-07-03T22:07:15.064522+00:00,119.3,43,bid,CostlyCorianders,EarnestEspressos,6244426
2026-07-03T22:07:15.704904,2026-07-03T22:07:15.716556+00:00,119.3,57,bid,DiligentDonuts,EarnestEspressos,6244432
2026-07-03T22:07:15.772082,2026-07-03T22:07:15.780521+00:00,119.5,11,ask,DiligentDonuts,Xuanyu Liu,6244433
2026-07-03T22:07:17.777719,2026-07-03T22:07:17.784854+00:00,119.5,12,ask,EarnestEspressos,Xuanyu Liu,6244461
2026-07-03T22:07:18.153467,2026-07-03T22:07:18.165558+00:00,120.0,47,bid,CostlyCorianders,DiligentDonuts,6244473
2026-07-03T22:07:19.069044,2026-07-03T22:07:19.080714+00:00,119.5,50,ask,EarnestEspressos,FlawlessFlatbreads,6244494
2026-07-03T22:07:21.068673,2026-07-03T22:07:21.080254+00:00,119.2,42,ask,DiligentDonuts,CostlyCorianders,6244507
2026-07-03T22:07:21.183125,2026-07-03T22:07:21.194861+00:00,119.2,50,ask,DiligentDonuts,FlawlessFlatbreads,6244508
2026-07-03T22:07:23.291039,2026-07-03T22:07:23.302838+00:00,119.1,50,ask,EarnestEspressos,FlawlessFlatbreads,6244535
2026-07-03T22:07:24.233067,2026-07-03T22:07:24.244776+00:00,119.3,41,bid,CostlyCorianders,EarnestEspressos,6244551
2026-07-03T22:07:25.340264,2026-07-03T22:07:25.349243+00:00,118.8,47,ask,EarnestEspressos,CostlyCorianders,6244565
2026-07-03T22:07:25.345582,2026-07-03T22:07:25.354284+00:00,119.3,50,bid,FlawlessFlatbreads,EarnestEspressos,6244566
2026-07-03T22:07:29.400414,2026-07-03T22:07:29.411920+00:00,119.4,41,bid,CostlyCorianders,EarnestEspressos,6244629
2026-07-03T22:07:29.590549,2026-07-03T22:07:29.602307+00:00,119.4,50,bid,FlawlessFlatbreads,EarnestEspressos,6244631
2026-07-03T22:07:30.945050,2026-07-03T22:07:30.963610+00:00,119.2,45,ask,EarnestEspressos,CostlyCorianders,6244641
2026-07-03T22:07:31.773472,2026-07-03T22:07:31.784838+00:00,119.2,50,ask,EarnestEspressos,FlawlessFlatbreads,6244654
2026-07-03T22:07:33.879719,2026-07-03T22:07:33.891568+00:00,119.0,50,ask,DiligentDonuts,FlawlessFlatbreads,6244680
2026-07-03T22:07:34.514445,2026-07-03T22:07:34.525917+00:00,119.3,46,bid,CostlyCorianders,EarnestEspressos,6244686
2026-07-03T22:07:35.159689,2026-07-03T22:07:35.171392+00:00,118.8,47,ask,EarnestEspressos,CostlyCorianders,6244694
2026-07-03T22:07:36.000958,2026-07-03T22:07:36.009834+00:00,118.8,50,ask,EarnestEspressos,FlawlessFlatbreads,6244704
2026-07-03T22:07:38.055882,2026-07-03T22:07:38.063982+00:00,119.2,50,bid,FlawlessFlatbreads,EarnestEspressos,6244738
2026-07-03T22:07:39.525901,2026-07-03T22:07:39.536619+00:00,119.2,40,bid,CostlyCorianders,DiligentDonuts,6244758
2026-07-03T22:07:40.235811,2026-07-03T22:07:40.247607+00:00,118.8,50,ask,EarnestEspressos,FlawlessFlatbreads,6244775
2026-07-03T22:07:41.904561,2026-07-03T22:07:41.916314+00:00,119.2,44,bid,CostlyCorianders,DiligentDonuts,6244799
2026-07-03T22:07:42.346247,2026-07-03T22:07:42.358541+00:00,118.8,50,ask,EarnestEspressos,FlawlessFlatbreads,6244812
2026-07-03T22:07:42.714674,2026-07-03T22:07:42.722341+00:00,118.8,46,bid,Xuanyu Liu,EarnestEspressos,6244820
2026-07-03T22:07:42.861115,2026-07-03T22:07:42.872977+00:00,118.8,44,bid,CostlyCorianders,EarnestEspressos,6244823
2026-07-03T22:07:43.231667,2026-07-03T22:07:43.239341+00:00,118.8,11,bid,Xuanyu Liu,EarnestEspressos,6244826
2026-07-03T22:07:44.163166,2026-07-03T22:07:44.170276+00:00,118.8,49,bid,DiligentDonuts,EarnestEspressos,6244844
2026-07-03T22:07:44.225148,2026-07-03T22:07:44.234703+00:00,119.2,22,ask,DiligentDonuts,Xuanyu Liu,6244845
2026-07-03T22:07:44.400460,2026-07-03T22:07:44.412088+00:00,119.7,50,bid,FlawlessFlatbreads,DiligentDonuts,6244847
2026-07-03T22:07:44.481698,2026-07-03T22:07:44.489794+00:00,119.2,12,ask,DiligentDonuts,Xuanyu Liu,6244848
2026-07-03T22:07:45.945814,2026-07-03T22:07:45.958594+00:00,119.2,17,ask,DiligentDonuts,CostlyCorianders,6244866
2026-07-03T22:07:45.945814,2026-07-03T22:07:45.958594+00:00,119.2,26,ask,EarnestEspressos,CostlyCorianders,6244867
2026-07-03T22:07:46.598993,2026-07-03T22:07:46.610645+00:00,119.2,41,ask,EarnestEspressos,CostlyCorianders,6244882
2026-07-03T22:07:46.905452,2026-07-03T22:07:46.913558+00:00,119.2,11,ask,EarnestEspressos,Xuanyu Liu,6244889
2026-07-03T22:07:48.614285,2026-07-03T22:07:48.638748+00:00,119.4,50,bid,FlawlessFlatbreads,DiligentDonuts,6244913
2026-07-03T22:07:50.143657,2026-07-03T22:07:50.158610+00:00,119.3,42,bid,CostlyCorianders,EarnestEspressos,6244936
2026-07-03T22:07:50.727013,2026-07-03T22:07:50.738480+00:00,119.3,50,bid,FlawlessFlatbreads,EarnestEspressos,6244942
2026-07-03T22:07:52.834061,2026-07-03T22:07:52.845623+00:00,119.6,50,bid,FlawlessFlatbreads,DiligentDonuts,6244965
2026-07-03T22:07:55.009653,2026-07-03T22:07:55.021374+00:00,119.6,50,ask,DiligentDonuts,FlawlessFlatbreads,6245005
2026-07-03T22:07:55.437827,2026-07-03T22:07:55.446287+00:00,119.6,12,ask,DiligentDonuts,Xuanyu Liu,6245015
2026-07-03T22:07:57.137297,2026-07-03T22:07:57.144719+00:00,119.6,50,ask,EarnestEspressos,FlawlessFlatbreads,6245037
2026-07-03T22:07:59.242587,2026-07-03T22:07:59.258540+00:00,119.4,50,ask,DiligentDonuts,FlawlessFlatbreads,6245066
2026-07-03T22:08:01.009634,2026-07-03T22:08:01.021621+00:00,119.3,47,ask,DiligentDonuts,CostlyCorianders,6245094
2026-07-03T22:08:01.298923,2026-07-03T22:08:01.307163+00:00,119.7,50,bid,FlawlessFlatbreads,EarnestEspressos,6245100
2026-07-03T22:08:01.522082,2026-07-03T22:08:01.533790+00:00,119.7,41,bid,CostlyCorianders,EarnestEspressos,6245104
2026-07-03T22:08:01.578477,2026-07-03T22:08:01.586086+00:00,119.3,41,ask,DiligentDonuts,CostlyCorianders,6245105
2026-07-03T22:08:03.189445,2026-07-03T22:08:03.196941+00:00,119.6,100,ask,EarnestEspressos,DiligentDonuts,6245120
2026-07-03T22:08:03.458654,2026-07-03T22:08:03.466146+00:00,119.6,50,ask,EarnestEspressos,FlawlessFlatbreads,6245126
2026-07-03T22:08:05.564346,2026-07-03T22:08:05.571534+00:00,119.2,50,ask,EarnestEspressos,FlawlessFlatbreads,6245147
2026-07-03T22:08:05.871809,2026-07-03T22:08:05.879603+00:00,119.7,43,bid,CostlyCorianders,EarnestEspressos,6245155
2026-07-03T22:08:07.619276,2026-07-03T22:08:07.630751+00:00,119.7,50,bid,FlawlessFlatbreads,EarnestEspressos,6245175
2026-07-03T22:08:09.777279,2026-07-03T22:08:09.789029+00:00,119.4,50,ask,DiligentDonuts,FlawlessFlatbreads,6245209
2026-07-03T22:08:11.883053,2026-07-03T22:08:11.890097+00:00,119.4,50,ask,DiligentDonuts,FlawlessFlatbreads,6245239
2026-07-03T22:08:12.681735,2026-07-03T22:08:12.689742+00:00,119.7,12,bid,Xuanyu Liu,DiligentDonuts,6245255
2026-07-03T22:08:13.461223,2026-07-03T22:08:13.469006+00:00,119.4,41,ask,EarnestEspressos,CostlyCorianders,6245269
2026-07-03T22:08:13.938132,2026-07-03T22:08:13.944770+00:00,119.7,50,bid,FlawlessFlatbreads,DiligentDonuts,6245276
2026-07-03T22:08:14.547980,2026-07-03T22:08:14.558596+00:00,119.5,40,bid,CostlyCorianders,EarnestEspressos,6245280
2026-07-03T22:08:15.121517,2026-07-03T22:08:15.137784+00:00,119.5,11,bid,Xuanyu Liu,EarnestEspressos,6245295
2026-07-03T22:08:16.045810,2026-07-03T22:08:16.053743+00:00,119.5,50,bid,FlawlessFlatbreads,EarnestEspressos,6245313
2026-07-03T22:08:16.433178,2026-07-03T22:08:16.441185+00:00,119.5,12,bid,Xuanyu Liu,EarnestEspressos,6245319
2026-07-03T22:08:16.537912,2026-07-03T22:08:16.549204+00:00,119.3,44,ask,DiligentDonuts,CostlyCorianders,6245322
2026-07-03T22:08:17.470400,2026-07-03T22:08:17.478355+00:00,119.8,100,bid,EarnestEspressos,DiligentDonuts,6245335
2026-07-03T22:08:17.545580,2026-07-03T22:08:17.553481+00:00,119.8,12,ask,EarnestEspressos,Xuanyu Liu,6245338
2026-07-03T22:08:17.756290,2026-07-03T22:08:17.763993+00:00,119.8,11,ask,EarnestEspressos,Xuanyu Liu,6245347
2026-07-03T22:08:18.152052,2026-07-03T22:08:18.165523+00:00,120.3,50,bid,FlawlessFlatbreads,EarnestEspressos,6245353
2026-07-03T22:08:19.975682,2026-07-03T22:08:19.987637+00:00,120.0,48,bid,CostlyCorianders,DiligentDonuts,6245384
2026-07-03T22:08:20.257477,2026-07-03T22:08:20.269478+00:00,120.0,50,bid,FlawlessFlatbreads,DiligentDonuts,6245392
2026-07-03T22:08:22.366228,2026-07-03T22:08:22.377704+00:00,120.0,50,bid,FlawlessFlatbreads,EarnestEspressos,6245414
2026-07-03T22:08:23.201596,2026-07-03T22:08:23.209862+00:00,119.9,12,ask,DiligentDonuts,Xuanyu Liu,6245428
2026-07-03T22:08:24.473220,2026-07-03T22:08:24.484820+00:00,120.1,50,bid,FlawlessFlatbreads,EarnestEspressos,6245451
2026-07-03T22:08:25.516288,2026-07-03T22:08:25.528066+00:00,119.8,43,ask,DiligentDonuts,CostlyCorianders,6245462
2026-07-03T22:08:25.627280,2026-07-03T22:08:25.635846+00:00,119.8,11,ask,DiligentDonuts,Xuanyu Liu,6245466
2026-07-03T22:08:26.583181,2026-07-03T22:08:26.592470+00:00,120.1,50,bid,FlawlessFlatbreads,EarnestEspressos,6245482
2026-07-03T22:08:28.006919,2026-07-03T22:08:28.014578+00:00,119.9,3,ask,EarnestEspressos,Xuanyu Liu,6245502
2026-07-03T22:08:28.501622,2026-07-03T22:08:28.513097+00:00,119.9,100,ask,EarnestEspressos,DiligentDonuts,6245517
2026-07-03T22:08:28.689851,2026-07-03T22:08:28.701829+00:00,120.4,50,bid,FlawlessFlatbreads,EarnestEspressos,6245524
2026-07-03T22:08:30.797827,2026-07-03T22:08:30.807152+00:00,120.2,50,bid,FlawlessFlatbreads,EarnestEspressos,6245558
2026-07-03T22:08:32.909228,2026-07-03T22:08:32.916151+00:00,120.2,50,bid,FlawlessFlatbreads,EarnestEspressos,6245583
2026-07-03T22:08:35.014679,2026-07-03T22:08:35.026271+00:00,120.3,50,bid,FlawlessFlatbreads,DiligentDonuts,6245607
2026-07-03T22:08:35.274504,2026-07-03T22:08:35.285553+00:00,120.1,49,ask,EarnestEspressos,CostlyCorianders,6245610
2026-07-03T22:08:35.838545,2026-07-03T22:08:35.850237+00:00,120.1,40,ask,EarnestEspressos,CostlyCorianders,6245622
2026-07-03T22:08:37.121938,2026-07-03T22:08:37.133425+00:00,120.3,50,bid,FlawlessFlatbreads,DiligentDonuts,6245637
2026-07-03T22:08:39.229515,2026-07-03T22:08:39.241299+00:00,120.4,50,bid,FlawlessFlatbreads,EarnestEspressos,6245665
2026-07-03T22:08:39.970664,2026-07-03T22:08:39.982317+00:00,120.3,49,ask,DiligentDonuts,CostlyCorianders,6245675
2026-07-03T22:08:41.014407,2026-07-03T22:08:41.026047+00:00,120.5,44,bid,CostlyCorianders,EarnestEspressos,6245693
2026-07-03T22:08:41.341136,2026-07-03T22:08:41.350461+00:00,120.5,50,bid,FlawlessFlatbreads,EarnestEspressos,6245699
2026-07-03T22:08:42.791077,2026-07-03T22:08:42.799060+00:00,120.7,100,bid,EarnestEspressos,DiligentDonuts,6245733
2026-07-03T22:08:42.854574,2026-07-03T22:08:42.863542+00:00,120.7,14,ask,EarnestEspressos,Xuanyu Liu,6245734
2026-07-03T22:08:43.776120,2026-07-03T22:08:43.785169+00:00,120.7,12,ask,EarnestEspressos,Xuanyu Liu,6245748
2026-07-03T22:08:43.991292,2026-07-03T22:08:43.998508+00:00,120.7,11,ask,EarnestEspressos,Xuanyu Liu,6245751
2026-07-03T22:08:45.560523,2026-07-03T22:08:45.574367+00:00,120.8,50,bid,FlawlessFlatbreads,DiligentDonuts,6245763
2026-07-03T22:08:45.848697,2026-07-03T22:08:45.856229+00:00,120.8,43,bid,CostlyCorianders,DiligentDonuts,6245766
2026-07-03T22:08:46.019745,2026-07-03T22:08:46.028133+00:00,120.4,23,bid,Xuanyu Liu,EarnestEspressos,6245768
2026-07-03T22:08:47.443238,2026-07-03T22:08:47.464076+00:00,120.4,100,bid,DiligentDonuts,EarnestEspressos,6245787
2026-07-03T22:08:48.593207,2026-07-03T22:08:48.619974+00:00,120.4,27,bid,CostlyCorianders,EarnestEspressos,6245796
2026-07-03T22:08:49.236257,2026-07-03T22:08:49.245353+00:00,120.4,23,ask,EarnestEspressos,Xuanyu Liu,6245808
2026-07-03T22:08:50.702251,2026-07-03T22:08:50.709703+00:00,120.4,48,ask,EarnestEspressos,CostlyCorianders,6245831
2026-07-03T22:08:51.925934,2026-07-03T22:08:51.937454+00:00,120.4,50,ask,EarnestEspressos,FlawlessFlatbreads,6245849
2026-07-03T22:08:52.370022,2026-07-03T22:08:52.379174+00:00,120.4,11,bid,Xuanyu Liu,EarnestEspressos,6245853
2026-07-03T22:08:53.180307,2026-07-03T22:08:53.188378+00:00,120.4,12,bid,Xuanyu Liu,EarnestEspressos,6245873
2026-07-03T22:08:54.034651,2026-07-03T22:08:54.041608+00:00,120.2,50,ask,DiligentDonuts,FlawlessFlatbreads,6245882
2026-07-03T22:08:54.769403,2026-07-03T22:08:54.780873+00:00,120.2,43,ask,DiligentDonuts,CostlyCorianders,6245893
2026-07-03T22:08:56.140907,2026-07-03T22:08:56.152577+00:00,120.2,7,ask,DiligentDonuts,FlawlessFlatbreads,6245913
2026-07-03T22:08:56.140907,2026-07-03T22:08:56.152577+00:00,120.0,43,ask,EarnestEspressos,FlawlessFlatbreads,6245914
2026-07-03T22:08:57.832150,2026-07-03T22:08:57.843720+00:00,120.5,40,bid,CostlyCorianders,EarnestEspressos,6245939
2026-07-03T22:08:58.288275,2026-07-03T22:08:58.295765+00:00,120.0,50,ask,EarnestEspressos,FlawlessFlatbreads,6245944
2026-07-03T22:08:58.682700,2026-07-03T22:08:58.690482+00:00,120.0,100,ask,DiligentDonuts,EarnestEspressos,6245955
2026-07-03T22:08:59.734322,2026-07-03T22:08:59.750707+00:00,119.9,11,bid,Xuanyu Liu,EarnestEspressos,6245965
2026-07-03T22:09:01.364791,2026-07-03T22:09:01.376504+00:00,119.9,39,bid,CostlyCorianders,EarnestEspressos,6245987
2026-07-03T22:09:01.364791,2026-07-03T22:09:01.376504+00:00,119.9,4,bid,CostlyCorianders,DiligentDonuts,6245988
2026-07-03T22:09:01.790390,2026-07-03T22:09:01.801878+00:00,119.9,96,bid,EarnestEspressos,DiligentDonuts,6245994
2026-07-03T22:09:01.859491,2026-07-03T22:09:01.869032+00:00,120.1,11,ask,EarnestEspressos,Xuanyu Liu,6245995
2026-07-03T22:09:01.952513,2026-07-03T22:09:01.963999+00:00,120.1,43,ask,EarnestEspressos,CostlyCorianders,6245998
2026-07-03T22:09:02.520498,2026-07-03T22:09:02.530972+00:00,119.4,50,ask,DiligentDonuts,FlawlessFlatbreads,6246000
2026-07-03T22:09:03.121628,2026-07-03T22:09:03.132501+00:00,120.6,45,bid,CostlyCorianders,EarnestEspressos,6246013
2026-07-03T22:09:03.737991,2026-07-03T22:09:03.745985+00:00,120.1,42,bid,CostlyCorianders,DiligentDonuts,6246023
2026-07-03T22:09:04.578262,2026-07-03T22:09:04.585284+00:00,120.1,50,bid,FlawlessFlatbreads,DiligentDonuts,6246038
2026-07-03T22:09:08.800070,2026-07-03T22:09:08.811898+00:00,120.3,50,bid,FlawlessFlatbreads,EarnestEspressos,6246089
2026-07-03T22:09:10.981876,2026-07-03T22:09:10.992287+00:00,120.0,50,ask,DiligentDonuts,FlawlessFlatbreads,6246125
2026-07-03T22:09:12.664664,2026-07-03T22:09:12.673136+00:00,120.0,49,ask,DiligentDonuts,CostlyCorianders,6246158
2026-07-03T22:09:12.800960,2026-07-03T22:09:12.810422+00:00,120.0,100,ask,EarnestEspressos,DiligentDonuts,6246166
2026-07-03T22:09:13.087099,2026-07-03T22:09:13.094677+00:00,120.0,50,ask,EarnestEspressos,FlawlessFlatbreads,6246174
2026-07-03T22:09:14.505972,2026-07-03T22:09:14.514505+00:00,120.0,11,bid,Xuanyu Liu,EarnestEspressos,6246185
2026-07-03T22:09:15.223894,2026-07-03T22:09:15.235704+00:00,120.0,3,bid,Xuanyu Liu,EarnestEspressos,6246198
2026-07-03T22:09:15.654500,2026-07-03T22:09:15.666246+00:00,119.5,42,ask,DiligentDonuts,CostlyCorianders,6246208
2026-07-03T22:09:17.244590,2026-07-03T22:09:17.256167+00:00,120.0,50,bid,FlawlessFlatbreads,EarnestEspressos,6246225
2026-07-03T22:09:19.350649,2026-07-03T22:09:19.358577+00:00,120.3,50,bid,FlawlessFlatbreads,EarnestEspressos,6246255
2026-07-03T22:09:19.439872,2026-07-03T22:09:19.445441+00:00,120.1,3,ask,DiligentDonuts,Xuanyu Liu,6246260
2026-07-03T22:09:20.072909,2026-07-03T22:09:20.076679+00:00,120.3,3,bid,Xuanyu Liu,EarnestEspressos,6246268
2026-07-03T22:09:20.765561,2026-07-03T22:09:20.777103+00:00,120.6,100,bid,EarnestEspressos,DiligentDonuts,6246280
2026-07-03T22:09:20.922137,2026-07-03T22:09:20.930633+00:00,121.1,48,bid,CostlyCorianders,EarnestEspressos,6246282
2026-07-03T22:09:21.458122,2026-07-03T22:09:21.469541+00:00,121.1,50,bid,FlawlessFlatbreads,EarnestEspressos,6246290
2026-07-03T22:09:22.026568,2026-07-03T22:09:22.034756+00:00,120.6,3,ask,EarnestEspressos,Xuanyu Liu,6246299
2026-07-03T22:09:23.335689,2026-07-03T22:09:23.346586+00:00,120.6,42,ask,EarnestEspressos,CostlyCorianders,6246317
2026-07-03T22:09:23.564071,2026-07-03T22:09:23.571625+00:00,121.1,50,bid,FlawlessFlatbreads,EarnestEspressos,6246318
2026-07-03T22:09:24.650424,2026-07-03T22:09:24.658968+00:00,120.6,11,ask,DiligentDonuts,Xuanyu Liu,6246346
2026-07-03T22:09:24.901283,2026-07-03T22:09:24.912761+00:00,120.6,46,ask,DiligentDonuts,CostlyCorianders,6246349
2026-07-03T22:09:25.671140,2026-07-03T22:09:25.682630+00:00,120.8,50,bid,FlawlessFlatbreads,DiligentDonuts,6246364
2026-07-03T22:09:27.778847,2026-07-03T22:09:27.785909+00:00,120.8,50,bid,FlawlessFlatbreads,DiligentDonuts,6246394
2026-07-03T22:09:28.105551,2026-07-03T22:09:28.116963+00:00,120.9,44,bid,CostlyCorianders,EarnestEspressos,6246400
2026-07-03T22:09:29.948894,2026-07-03T22:09:29.958537+00:00,120.7,50,ask,DiligentDonuts,FlawlessFlatbreads,6246432
2026-07-03T22:09:31.011658,2026-07-03T22:09:31.019438+00:00,120.7,47,ask,DiligentDonuts,CostlyCorianders,6246448
2026-07-03T22:09:32.055485,2026-07-03T22:09:32.057699+00:00,120.7,50,ask,EarnestEspressos,FlawlessFlatbreads,6246467
2026-07-03T22:09:33.828054,2026-07-03T22:09:33.837410+00:00,121.2,11,bid,Xuanyu Liu,DiligentDonuts,6246505
2026-07-03T22:09:36.265539,2026-07-03T22:09:36.276879+00:00,121.1,50,ask,DiligentDonuts,FlawlessFlatbreads,6246548
2026-07-03T22:09:36.554653,2026-07-03T22:09:36.561955+00:00,121.6,48,bid,CostlyCorianders,DiligentDonuts,6246555
2026-07-03T22:09:37.938202,2026-07-03T22:09:37.947634+00:00,121.1,43,ask,DiligentDonuts,CostlyCorianders,6246569
2026-07-03T22:09:38.371403,2026-07-03T22:09:38.382992+00:00,120.9,50,ask,EarnestEspressos,FlawlessFlatbreads,6246575
2026-07-03T22:09:39.476508,2026-07-03T22:09:39.484377+00:00,121.4,43,bid,CostlyCorianders,EarnestEspressos,6246594
2026-07-03T22:09:40.478794,2026-07-03T22:09:40.490327+00:00,121.0,50,ask,EarnestEspressos,FlawlessFlatbreads,6246614
2026-07-03T22:09:40.612089,2026-07-03T22:09:40.623877+00:00,121.4,43,bid,CostlyCorianders,DiligentDonuts,6246616
2026-07-03T22:09:42.587037,2026-07-03T22:09:42.598567+00:00,121.2,50,ask,DiligentDonuts,FlawlessFlatbreads,6246643
2026-07-03T22:09:42.644398,2026-07-03T22:09:42.656055+00:00,121.5,46,bid,CostlyCorianders,EarnestEspressos,6246644
2026-07-03T22:09:42.698976,2026-07-03T22:09:42.710460+00:00,121.2,42,ask,DiligentDonuts,CostlyCorianders,6246645
2026-07-03T22:09:43.662970,2026-07-03T22:09:43.674596+00:00,121.2,8,ask,DiligentDonuts,CostlyCorianders,6246656
2026-07-03T22:09:43.662970,2026-07-03T22:09:43.674596+00:00,121.1,33,ask,EarnestEspressos,CostlyCorianders,6246657
2026-07-03T22:09:44.695057,2026-07-03T22:09:44.705133+00:00,121.1,50,ask,EarnestEspressos,FlawlessFlatbreads,6246666
2026-07-03T22:09:46.251552,2026-07-03T22:09:46.257992+00:00,121.2,49,bid,CostlyCorianders,EarnestEspressos,6246690
2026-07-03T22:09:46.703303,2026-07-03T22:09:46.711169+00:00,121.2,3,bid,Xuanyu Liu,EarnestEspressos,6246695
2026-07-03T22:09:46.790006,2026-07-03T22:09:46.801551+00:00,121.2,48,bid,CostlyCorianders,EarnestEspressos,6246701
2026-07-03T22:09:46.801259,2026-07-03T22:09:46.812978+00:00,120.9,50,ask,DiligentDonuts,FlawlessFlatbreads,6246702
2026-07-03T22:09:47.765108,2026-07-03T22:09:47.776908+00:00,121.0,48,ask,DiligentDonuts,CostlyCorianders,6246716
2026-07-03T22:09:48.908495,2026-07-03T22:09:48.914845+00:00,121.0,50,ask,DiligentDonuts,FlawlessFlatbreads,6246732
2026-07-03T22:09:49.217530,2026-07-03T22:09:49.229194+00:00,121.5,100,bid,EarnestEspressos,DiligentDonuts,6246737
2026-07-03T22:09:50.786216,2026-07-03T22:09:50.797697+00:00,121.5,50,ask,EarnestEspressos,DiligentDonuts,6246757
2026-07-03T22:09:51.018921,2026-07-03T22:09:51.030410+00:00,120.9,50,ask,DiligentDonuts,FlawlessFlatbreads,6246763
2026-07-03T22:09:53.128201,2026-07-03T22:09:53.136489+00:00,120.9,50,ask,DiligentDonuts,FlawlessFlatbreads,6246790
2026-07-03T22:09:53.201997,2026-07-03T22:09:53.208481+00:00,121.3,40,bid,CostlyCorianders,EarnestEspressos,6246792
2026-07-03T22:09:57.192655,2026-07-03T22:09:57.201081+00:00,120.9,49,ask,EarnestEspressos,CostlyCorianders,6246841
2026-07-03T22:09:57.289783,2026-07-03T22:09:57.300515+00:00,121.4,50,bid,FlawlessFlatbreads,EarnestEspressos,6246842
2026-07-03T22:09:57.656366,2026-07-03T22:09:57.667893+00:00,121.4,48,bid,CostlyCorianders,EarnestEspressos,6246848
2026-07-03T22:09:58.281633,2026-07-03T22:09:58.293170+00:00,120.9,46,ask,EarnestEspressos,CostlyCorianders,6246855
2026-07-03T22:10:01.520053,2026-07-03T22:10:01.532032+00:00,121.4,50,bid,FlawlessFlatbreads,DiligentDonuts,6246897
2026-07-03T22:10:03.946672,2026-07-03T22:10:03.958548+00:00,121.4,47,bid,CostlyCorianders,EarnestEspressos,6246931
2026-07-03T22:10:05.756676,2026-07-03T22:10:05.768474+00:00,121.6,50,bid,FlawlessFlatbreads,DiligentDonuts,6246950
2026-07-03T22:10:06.066285,2026-07-03T22:10:06.074409+00:00,121.2,49,ask,EarnestEspressos,CostlyCorianders,6246955
2026-07-03T22:10:07.941896,2026-07-03T22:10:07.958580+00:00,121.3,50,ask,DiligentDonuts,FlawlessFlatbreads,6246982
2026-07-03T22:10:10.049372,2026-07-03T22:10:10.057327+00:00,121.2,50,ask,EarnestEspressos,FlawlessFlatbreads,6247012
2026-07-03T22:10:12.127152,2026-07-03T22:10:12.163633+00:00,121.5,50,bid,FlawlessFlatbreads,EarnestEspressos,6247030
2026-07-03T22:10:14.233547,2026-07-03T22:10:14.245125+00:00,121.5,50,bid,FlawlessFlatbreads,EarnestEspressos,6247050
2026-07-03T22:10:14.941600,2026-07-03T22:10:14.951884+00:00,121.8,45,bid,CostlyCorianders,DiligentDonuts,6247059
2026-07-03T22:10:18.499271,2026-07-03T22:10:18.508410+00:00,121.4,50,ask,DiligentDonuts,FlawlessFlatbreads,6247095
2026-07-03T22:10:18.507545,2026-07-03T22:10:18.518750+00:00,121.4,49,ask,DiligentDonuts,CostlyCorianders,6247096
2026-07-03T22:10:19.638621,2026-07-03T22:10:19.650110+00:00,121.4,48,ask,EarnestEspressos,CostlyCorianders,6247112
2026-07-03T22:10:20.553842,2026-07-03T22:10:20.575214+00:00,121.8,50,bid,FlawlessFlatbreads,DiligentDonuts,6247129
2026-07-03T22:10:20.833957,2026-07-03T22:10:20.841109+00:00,121.8,45,bid,CostlyCorianders,DiligentDonuts,6247134
2026-07-03T22:10:22.719913,2026-07-03T22:10:22.731415+00:00,121.4,50,ask,DiligentDonuts,FlawlessFlatbreads,6247157
2026-07-03T22:10:24.103211,2026-07-03T22:10:24.114650+00:00,121.7,47,bid,CostlyCorianders,EarnestEspressos,6247175
2026-07-03T22:10:24.835981,2026-07-03T22:10:24.846766+00:00,121.4,50,ask,DiligentDonuts,FlawlessFlatbreads,6247185
2026-07-03T22:10:26.942055,2026-07-03T22:10:26.950283+00:00,121.2,50,ask,EarnestEspressos,FlawlessFlatbreads,6247213
2026-07-03T22:10:29.048604,2026-07-03T22:10:29.058562+00:00,121.1,50,ask,EarnestEspressos,FlawlessFlatbreads,6247243
2026-07-03T22:10:31.039460,2026-07-03T22:10:31.051063+00:00,121.2,47,ask,EarnestEspressos,CostlyCorianders,6247272
2026-07-03T22:10:31.155686,2026-07-03T22:10:31.167570+00:00,121.2,50,ask,EarnestEspressos,FlawlessFlatbreads,6247274
2026-07-03T22:10:32.212869,2026-07-03T22:10:32.224442+00:00,121.6,47,bid,CostlyCorianders,DiligentDonuts,6247287
2026-07-03T22:10:33.264025,2026-07-03T22:10:33.275509+00:00,121.2,50,ask,EarnestEspressos,FlawlessFlatbreads,6247299
2026-07-03T22:10:33.556732,2026-07-03T22:10:33.564328+00:00,121.1,100,ask,DiligentDonuts,EarnestEspressos,6247305
2026-07-03T22:10:33.570325,2026-07-03T22:10:33.578161+00:00,121.0,49,bid,Xuanyu Liu,EarnestEspressos,6247306
2026-07-03T22:10:34.169941,2026-07-03T22:10:34.187916+00:00,121.0,1,bid,Xuanyu Liu,EarnestEspressos,6247321
2026-07-03T22:10:35.370687,2026-07-03T22:10:35.380018+00:00,121.1,50,ask,DiligentDonuts,FlawlessFlatbreads,6247343
2026-07-03T22:10:35.482779,2026-07-03T22:10:35.490899+00:00,121.1,1,ask,DiligentDonuts,Xuanyu Liu,6247344
2026-07-03T22:10:38.904834,2026-07-03T22:10:38.916378+00:00,121.0,40,ask,EarnestEspressos,CostlyCorianders,6247399
2026-07-03T22:10:39.582746,2026-07-03T22:10:39.590188+00:00,121.0,50,ask,EarnestEspressos,FlawlessFlatbreads,6247408
2026-07-03T22:10:40.386799,2026-07-03T22:10:40.398323+00:00,121.2,44,bid,CostlyCorianders,EarnestEspressos,6247422
2026-07-03T22:10:41.638518,2026-07-03T22:10:41.650023+00:00,121.2,50,bid,FlawlessFlatbreads,EarnestEspressos,6247450
2026-07-03T22:10:43.798125,2026-07-03T22:10:43.809968+00:00,121.0,50,ask,DiligentDonuts,FlawlessFlatbreads,6247480
2026-07-03T22:10:44.870415,2026-07-03T22:10:44.882097+00:00,121.1,44,bid,CostlyCorianders,DiligentDonuts,6247498
2026-07-03T22:10:45.904767,2026-07-03T22:10:45.916596+00:00,121.0,50,ask,EarnestEspressos,FlawlessFlatbreads,6247508
2026-07-03T22:10:47.026002,2026-07-03T22:10:47.037879+00:00,120.9,43,ask,EarnestEspressos,CostlyCorianders,6247522
2026-07-03T22:10:48.013719,2026-07-03T22:10:48.022947+00:00,120.9,50,ask,EarnestEspressos,FlawlessFlatbreads,6247540
2026-07-03T22:10:49.904523,2026-07-03T22:10:49.911565+00:00,121.1,11,bid,Xuanyu Liu,EarnestEspressos,6247564
2026-07-03T22:10:50.120497,2026-07-03T22:10:50.132293+00:00,120.8,50,ask,DiligentDonuts,FlawlessFlatbreads,6247566
2026-07-03T22:10:52.227376,2026-07-03T22:10:52.239002+00:00,120.8,50,ask,DiligentDonuts,FlawlessFlatbreads,6247595
2026-07-03T22:10:52.826485,2026-07-03T22:10:52.837919+00:00,121.0,44,bid,CostlyCorianders,EarnestEspressos,6247601
2026-07-03T22:10:53.909753,2026-07-03T22:10:53.920709+00:00,120.8,49,ask,DiligentDonuts,CostlyCorianders,6247613
2026-07-03T22:10:54.065311,2026-07-03T22:10:54.074210+00:00,120.9,11,bid,Xuanyu Liu,DiligentDonuts,6247614
2026-07-03T22:10:54.336775,2026-07-03T22:10:54.346684+00:00,120.5,50,ask,EarnestEspressos,FlawlessFlatbreads,6247616
2026-07-03T22:10:55.033399,2026-07-03T22:10:55.045089+00:00,120.9,43,bid,CostlyCorianders,DiligentDonuts,6247632
2026-07-03T22:10:56.391612,2026-07-03T22:10:56.403466+00:00,120.9,46,bid,FlawlessFlatbreads,DiligentDonuts,6247653
2026-07-03T22:10:56.391612,2026-07-03T22:10:56.403466+00:00,121.0,4,bid,FlawlessFlatbreads,EarnestEspressos,6247654
2026-07-03T22:10:56.471703,2026-07-03T22:10:56.483327+00:00,120.6,49,ask,EarnestEspressos,CostlyCorianders,6247655
2026-07-03T22:10:57.060948,2026-07-03T22:10:57.069329+00:00,121.0,43,bid,CostlyCorianders,EarnestEspressos,6247659
2026-07-03T22:10:58.508252,2026-07-03T22:10:58.519956+00:00,121.0,50,bid,FlawlessFlatbreads,EarnestEspressos,6247679
2026-07-03T22:10:58.556515,2026-07-03T22:10:58.568208+00:00,121.0,49,bid,CostlyCorianders,EarnestEspressos,6247680
2026-07-03T22:10:59.214195,2026-07-03T22:10:59.225690+00:00,121.1,47,ask,EarnestEspressos,CostlyCorianders,6247683
2026-07-03T22:11:00.402654,2026-07-03T22:11:00.411229+00:00,121.1,11,ask,EarnestEspressos,Xuanyu Liu,6247702
2026-07-03T22:11:00.615407,2026-07-03T22:11:00.622100+00:00,121.4,50,bid,FlawlessFlatbreads,DiligentDonuts,6247704
2026-07-03T22:11:02.720676,2026-07-03T22:11:02.732387+00:00,121.3,50,bid,FlawlessFlatbreads,EarnestEspressos,6247730
2026-07-03T22:11:03.785166,2026-07-03T22:11:03.797054+00:00,120.8,41,ask,EarnestEspressos,CostlyCorianders,6247742
2026-07-03T22:11:04.830382,2026-07-03T22:11:04.839901+00:00,121.3,50,bid,FlawlessFlatbreads,EarnestEspressos,6247762
2026-07-03T22:11:04.939296,2026-07-03T22:11:04.958614+00:00,121.3,46,bid,CostlyCorianders,EarnestEspressos,6247766
2026-07-03T22:11:05.150615,2026-07-03T22:11:05.159078+00:00,121.2,11,ask,EarnestEspressos,Xuanyu Liu,6247767
2026-07-03T22:11:05.440435,2026-07-03T22:11:05.448700+00:00,121.2,42,ask,EarnestEspressos,CostlyCorianders,6247771
2026-07-03T22:11:05.660047,2026-07-03T22:11:05.668294+00:00,121.2,12,ask,EarnestEspressos,Xuanyu Liu,6247777
2026-07-03T22:11:06.722908,2026-07-03T22:11:06.734959+00:00,121.2,85,ask,EarnestEspressos,DiligentDonuts,6247792
2026-07-03T22:11:06.936895,2026-07-03T22:11:06.948574+00:00,121.2,15,bid,FlawlessFlatbreads,DiligentDonuts,6247797
2026-07-03T22:11:06.936895,2026-07-03T22:11:06.948574+00:00,121.7,35,bid,FlawlessFlatbreads,EarnestEspressos,6247798
2026-07-03T22:11:09.050370,2026-07-03T22:11:09.056797+00:00,121.2,50,bid,FlawlessFlatbreads,EarnestEspressos,6247815
2026-07-03T22:11:11.156963,2026-07-03T22:11:11.158546+00:00,121.2,50,bid,FlawlessFlatbreads,EarnestEspressos,6247835
2026-07-03T22:11:13.275799,2026-07-03T22:11:13.284722+00:00,121.6,50,bid,FlawlessFlatbreads,EarnestEspressos,6247857
2026-07-03T22:11:13.988540,2026-07-03T22:11:14.000202+00:00,121.6,42,bid,CostlyCorianders,EarnestEspressos,6247868
2026-07-03T22:11:14.638871,2026-07-03T22:11:14.647529+00:00,121.5,11,ask,EarnestEspressos,Xuanyu Liu,6247880
2026-07-03T22:11:15.433574,2026-07-03T22:11:15.458586+00:00,121.5,50,ask,EarnestEspressos,FlawlessFlatbreads,6247888
2026-07-03T22:11:17.542461,2026-07-03T22:11:17.552254+00:00,121.5,50,ask,EarnestEspressos,FlawlessFlatbreads,6247916
2026-07-03T22:11:18.687525,2026-07-03T22:11:18.699105+00:00,121.3,49,ask,DiligentDonuts,CostlyCorianders,6247934
2026-07-03T22:11:21.766088,2026-07-03T22:11:21.775429+00:00,121.1,50,ask,DiligentDonuts,FlawlessFlatbreads,6247967
2026-07-03T22:11:21.972014,2026-07-03T22:11:21.983700+00:00,121.6,42,bid,CostlyCorianders,DiligentDonuts,6247974
2026-07-03T22:11:25.379300,2026-07-03T22:11:25.385933+00:00,121.4,43,ask,EarnestEspressos,CostlyCorianders,6248026
2026-07-03T22:11:26.020079,2026-07-03T22:11:26.031871+00:00,121.4,40,ask,EarnestEspressos,CostlyCorianders,6248032
2026-07-03T22:11:27.984169,2026-07-03T22:11:27.995673+00:00,121.7,46,bid,CostlyCorianders,EarnestEspressos,6248056
2026-07-03T22:11:28.038999,2026-07-03T22:11:28.050597+00:00,121.7,50,bid,FlawlessFlatbreads,EarnestEspressos,6248057
2026-07-03T22:11:28.614249,2026-07-03T22:11:28.623035+00:00,121.3,49,ask,DiligentDonuts,CostlyCorianders,6248066
2026-07-03T22:11:30.196104,2026-07-03T22:11:30.207764+00:00,121.2,50,ask,EarnestEspressos,FlawlessFlatbreads,6248092
2026-07-03T22:11:30.590749,2026-07-03T22:11:30.598670+00:00,121.7,23,bid,Xuanyu Liu,DiligentDonuts,6248100
2026-07-03T22:11:30.660615,2026-07-03T22:11:30.672104+00:00,121.7,48,bid,CostlyCorianders,DiligentDonuts,6248102
2026-07-03T22:11:32.251367,2026-07-03T22:11:32.257839+00:00,121.8,50,bid,FlawlessFlatbreads,EarnestEspressos,6248134
2026-07-03T22:11:33.822191,2026-07-03T22:11:33.833600+00:00,121.9,42,bid,CostlyCorianders,EarnestEspressos,6248160
2026-07-03T22:11:34.359178,2026-07-03T22:11:34.366326+00:00,121.9,50,bid,FlawlessFlatbreads,EarnestEspressos,6248168
2026-07-03T22:11:35.502788,2026-07-03T22:11:35.512656+00:00,121.4,47,ask,EarnestEspressos,CostlyCorianders,6248181
2026-07-03T22:11:36.464568,2026-07-03T22:11:36.473857+00:00,121.9,50,bid,FlawlessFlatbreads,EarnestEspressos,6248195
2026-07-03T22:11:36.556736,2026-07-03T22:11:36.568410+00:00,121.4,47,ask,EarnestEspressos,CostlyCorianders,6248198
2026-07-03T22:11:39.759580,2026-07-03T22:11:39.767139+00:00,121.6,12,ask,EarnestEspressos,Xuanyu Liu,6248239
2026-07-03T22:11:40.734650,2026-07-03T22:11:40.746160+00:00,121.5,50,ask,DiligentDonuts,FlawlessFlatbreads,6248251
2026-07-03T22:11:42.791888,2026-07-03T22:11:42.803762+00:00,122.0,50,bid,FlawlessFlatbreads,EarnestEspressos,6248267
2026-07-03T22:11:43.111439,2026-07-03T22:11:43.120194+00:00,122.0,100,bid,EarnestEspressos,DiligentDonuts,6248270
2026-07-03T22:11:43.704271,2026-07-03T22:11:43.713147+00:00,122.1,23,ask,EarnestEspressos,Xuanyu Liu,6248277
2026-07-03T22:11:43.823714,2026-07-03T22:11:43.835271+00:00,122.6,40,bid,CostlyCorianders,EarnestEspressos,6248281
2026-07-03T22:11:44.210836,2026-07-03T22:11:44.219922+00:00,122.1,11,ask,EarnestEspressos,Xuanyu Liu,6248286
2026-07-03T22:11:44.951478,2026-07-03T22:11:44.958000+00:00,122.1,16,ask,EarnestEspressos,FlawlessFlatbreads,6248294
2026-07-03T22:11:45.015633,2026-07-03T22:11:45.024565+00:00,122.2,11,bid,Xuanyu Liu,DiligentDonuts,6248296
2026-07-03T22:11:45.471134,2026-07-03T22:11:45.482833+00:00,122.2,45,bid,CostlyCorianders,DiligentDonuts,6248302
2026-07-03T22:11:46.852834,2026-07-03T22:11:46.858564+00:00,121.8,45,ask,EarnestEspressos,CostlyCorianders,6248317
2026-07-03T22:11:47.007878,2026-07-03T22:11:47.019759+00:00,122.2,44,bid,FlawlessFlatbreads,DiligentDonuts,6248320
2026-07-03T22:11:47.007878,2026-07-03T22:11:47.019759+00:00,122.3,6,bid,FlawlessFlatbreads,EarnestEspressos,6248321
2026-07-03T22:11:47.900870,2026-07-03T22:11:47.910551+00:00,122.1,48,ask,DiligentDonuts,CostlyCorianders,6248333
2026-07-03T22:11:48.931795,2026-07-03T22:11:48.939032+00:00,122.1,48,ask,DiligentDonuts,CostlyCorianders,6248346
2026-07-03T22:11:49.489122,2026-07-03T22:11:49.518381+00:00,122.1,4,ask,DiligentDonuts,EarnestEspressos,6248351
2026-07-03T22:11:49.501981,2026-07-03T22:11:49.518381+00:00,121.9,12,bid,Xuanyu Liu,EarnestEspressos,6248352
2026-07-03T22:11:51.218314,2026-07-03T22:11:51.230101+00:00,121.9,50,bid,FlawlessFlatbreads,EarnestEspressos,6248373
2026-07-03T22:11:51.655092,2026-07-03T22:11:51.666900+00:00,121.9,40,bid,CostlyCorianders,EarnestEspressos,6248385
2026-07-03T22:11:53.325305,2026-07-03T22:11:53.336909+00:00,122.3,50,bid,FlawlessFlatbreads,DiligentDonuts,6248408
2026-07-03T22:11:54.170032,2026-07-03T22:11:54.179474+00:00,122.3,45,bid,CostlyCorianders,EarnestEspressos,6248417
2026-07-03T22:11:55.485239,2026-07-03T22:11:55.496888+00:00,122.0,50,ask,DiligentDonuts,FlawlessFlatbreads,6248442
2026-07-03T22:11:55.696416,2026-07-03T22:11:55.706099+00:00,122.3,41,bid,CostlyCorianders,EarnestEspressos,6248446
2026-07-03T22:11:55.788125,2026-07-03T22:11:55.797915+00:00,122.2,23,ask,EarnestEspressos,Xuanyu Liu,6248448
2026-07-03T22:11:57.540639,2026-07-03T22:11:57.551987+00:00,122.4,50,bid,FlawlessFlatbreads,DiligentDonuts,6248470
2026-07-03T22:11:57.706335,2026-07-03T22:11:57.717946+00:00,122.2,42,ask,EarnestEspressos,CostlyCorianders,6248474
2026-07-03T22:11:58.255309,2026-07-03T22:11:58.263909+00:00,122.4,45,bid,CostlyCorianders,DiligentDonuts,6248476
2026-07-03T22:11:58.745066,2026-07-03T22:11:58.756574+00:00,122.2,3,ask,EarnestEspressos,Xuanyu Liu,6248489
2026-07-03T22:11:59.645163,2026-07-03T22:11:59.656602+00:00,122.3,50,bid,FlawlessFlatbreads,EarnestEspressos,6248497
2026-07-03T22:12:01.806304,2026-07-03T22:12:01.813805+00:00,122.1,50,ask,DiligentDonuts,FlawlessFlatbreads,6248527
2026-07-03T22:12:01.915280,2026-07-03T22:12:01.926207+00:00,122.1,44,ask,DiligentDonuts,CostlyCorianders,6248528
2026-07-03T22:12:02.578667,2026-07-03T22:12:02.589808+00:00,122.1,6,ask,DiligentDonuts,CostlyCorianders,6248536
2026-07-03T22:12:02.578667,2026-07-03T22:12:02.589808+00:00,122.1,42,ask,EarnestEspressos,CostlyCorianders,6248537
2026-07-03T22:12:03.861992,2026-07-03T22:12:03.873673+00:00,122.3,50,bid,FlawlessFlatbreads,DiligentDonuts,6248544
2026-07-03T22:12:04.209677,2026-07-03T22:12:04.217107+00:00,122.3,45,bid,CostlyCorianders,DiligentDonuts,6248557
2026-07-03T22:12:04.778210,2026-07-03T22:12:04.785834+00:00,122.1,42,ask,EarnestEspressos,CostlyCorianders,6248570
2026-07-03T22:12:06.020125,2026-07-03T22:12:06.031486+00:00,121.9,50,ask,EarnestEspressos,FlawlessFlatbreads,6248586
2026-07-03T22:12:07.935960,2026-07-03T22:12:07.947701+00:00,122.2,46,ask,DiligentDonuts,CostlyCorianders,6248617
2026-07-03T22:12:08.075248,2026-07-03T22:12:08.087049+00:00,122.3,50,bid,FlawlessFlatbreads,EarnestEspressos,6248620
2026-07-03T22:12:08.473004,2026-07-03T22:12:08.477873+00:00,122.2,54,ask,DiligentDonuts,EarnestEspressos,6248626
2026-07-03T22:12:09.638335,2026-07-03T22:12:09.648030+00:00,122.2,3,bid,Xuanyu Liu,EarnestEspressos,6248636
2026-07-03T22:12:10.186550,2026-07-03T22:12:10.194256+00:00,122.2,50,bid,FlawlessFlatbreads,EarnestEspressos,6248642
2026-07-03T22:12:10.540803,2026-07-03T22:12:10.552697+00:00,122.2,43,bid,CostlyCorianders,EarnestEspressos,6248647
2026-07-03T22:12:10.540803,2026-07-03T22:12:10.552697+00:00,122.4,6,bid,CostlyCorianders,DiligentDonuts,6248648
2026-07-03T22:12:11.580068,2026-07-03T22:12:11.591590+00:00,122.4,94,bid,EarnestEspressos,DiligentDonuts,6248666
2026-07-03T22:12:11.647565,2026-07-03T22:12:11.655774+00:00,122.4,3,ask,EarnestEspressos,Xuanyu Liu,6248669
2026-07-03T22:12:12.343184,2026-07-03T22:12:12.358570+00:00,122.4,50,ask,EarnestEspressos,FlawlessFlatbreads,6248679
2026-07-03T22:12:13.865270,2026-07-03T22:12:13.874897+00:00,122.6,41,bid,CostlyCorianders,DiligentDonuts,6248711
2026-07-03T22:12:14.406238,2026-07-03T22:12:14.416938+00:00,122.6,50,bid,FlawlessFlatbreads,DiligentDonuts,6248716
2026-07-03T22:12:14.960667,2026-07-03T22:12:14.972096+00:00,122.4,48,bid,CostlyCorianders,EarnestEspressos,6248727
2026-07-03T22:12:16.290987,2026-07-03T22:12:16.300068+00:00,122.4,100,bid,DiligentDonuts,EarnestEspressos,6248747
2026-07-03T22:12:16.565906,2026-07-03T22:12:16.572557+00:00,121.9,50,ask,EarnestEspressos,FlawlessFlatbreads,6248751
2026-07-03T22:12:17.680948,2026-07-03T22:12:17.688876+00:00,121.9,41,ask,EarnestEspressos,CostlyCorianders,6248767
2026-07-03T22:12:18.695601,2026-07-03T22:12:18.703142+00:00,122.2,50,ask,EarnestEspressos,FlawlessFlatbreads,6248784
2026-07-03T22:12:19.726185,2026-07-03T22:12:19.737985+00:00,122.3,47,ask,DiligentDonuts,CostlyCorianders,6248795
2026-07-03T22:12:20.804187,2026-07-03T22:12:20.815967+00:00,122.3,50,ask,DiligentDonuts,FlawlessFlatbreads,6248812
2026-07-03T22:12:22.916878,2026-07-03T22:12:22.928197+00:00,122.0,50,ask,EarnestEspressos,FlawlessFlatbreads,6248838
2026-07-03T22:12:22.927506,2026-07-03T22:12:22.939082+00:00,122.4,43,bid,CostlyCorianders,DiligentDonuts,6248839
2026-07-03T22:12:23.973883,2026-07-03T22:12:23.985479+00:00,122.4,47,bid,CostlyCorianders,DiligentDonuts,6248850
2026-07-03T22:12:24.027215,2026-07-03T22:12:24.038839+00:00,122.0,49,ask,EarnestEspressos,CostlyCorianders,6248852
2026-07-03T22:12:24.293049,2026-07-03T22:12:24.301339+00:00,122.1,26,bid,Xuanyu Liu,EarnestEspressos,6248858
2026-07-03T22:12:24.973261,2026-07-03T22:12:24.985266+00:00,122.1,50,bid,FlawlessFlatbreads,EarnestEspressos,6248869
2026-07-03T22:12:25.024800,2026-07-03T22:12:25.034613+00:00,121.9,45,ask,DiligentDonuts,CostlyCorianders,6248872
2026-07-03T22:12:25.776501,2026-07-03T22:12:25.784610+00:00,122.1,74,bid,DiligentDonuts,EarnestEspressos,6248888
2026-07-03T22:12:27.103135,2026-07-03T22:12:27.113429+00:00,122.6,50,bid,FlawlessFlatbreads,DiligentDonuts,6248908
2026-07-03T22:12:29.210721,2026-07-03T22:12:29.222669+00:00,122.5,50,bid,FlawlessFlatbreads,EarnestEspressos,6248936
2026-07-03T22:12:30.559685,2026-07-03T22:12:30.567853+00:00,122.3,23,ask,EarnestEspressos,Xuanyu Liu,6248954
2026-07-03T22:12:30.893500,2026-07-03T22:12:30.900506+00:00,122.3,3,ask,EarnestEspressos,Xuanyu Liu,6248963
2026-07-03T22:12:31.320664,2026-07-03T22:12:31.332538+00:00,122.5,50,bid,FlawlessFlatbreads,DiligentDonuts,6248969
2026-07-03T22:12:32.180645,2026-07-03T22:12:32.189066+00:00,122.3,100,ask,EarnestEspressos,DiligentDonuts,6248976
2026-07-03T22:12:32.240667,2026-07-03T22:12:32.249577+00:00,122.3,24,ask,EarnestEspressos,CostlyCorianders,6248981
2026-07-03T22:12:33.428771,2026-07-03T22:12:33.440570+00:00,122.8,50,bid,FlawlessFlatbreads,EarnestEspressos,6249000
2026-07-03T22:12:35.292514,2026-07-03T22:12:35.304335+00:00,122.3,100,bid,DiligentDonuts,EarnestEspressos,6249028
2026-07-03T22:12:35.536808,2026-07-03T22:12:35.548596+00:00,122.3,50,bid,FlawlessFlatbreads,EarnestEspressos,6249032
2026-07-03T22:12:36.967486,2026-07-03T22:12:36.979139+00:00,122.8,49,bid,CostlyCorianders,DiligentDonuts,6249048
2026-07-03T22:12:37.650641,2026-07-03T22:12:37.658582+00:00,122.8,50,bid,FlawlessFlatbreads,DiligentDonuts,6249064
2026-07-03T22:12:37.904695,2026-07-03T22:12:37.916207+00:00,122.3,46,ask,EarnestEspressos,CostlyCorianders,6249067
2026-07-03T22:12:39.758512,2026-07-03T22:12:39.770071+00:00,122.6,50,bid,FlawlessFlatbreads,DiligentDonuts,6249089
2026-07-03T22:12:41.920260,2026-07-03T22:12:41.932091+00:00,122.4,50,ask,DiligentDonuts,FlawlessFlatbreads,6249115
2026-07-03T22:12:42.194656,2026-07-03T22:12:42.202385+00:00,122.4,46,ask,DiligentDonuts,CostlyCorianders,6249118
2026-07-03T22:12:43.252672,2026-07-03T22:12:43.259822+00:00,122.7,43,bid,CostlyCorianders,EarnestEspressos,6249136
2026-07-03T22:12:43.976709,2026-07-03T22:12:43.988464+00:00,122.7,50,bid,FlawlessFlatbreads,EarnestEspressos,6249142
2026-07-03T22:12:46.083554,2026-07-03T22:12:46.094568+00:00,122.7,50,bid,FlawlessFlatbreads,EarnestEspressos,6249168
2026-07-03T22:12:46.352624,2026-07-03T22:12:46.358538+00:00,122.7,100,bid,EarnestEspressos,DiligentDonuts,6249173
2026-07-03T22:12:46.414881,2026-07-03T22:12:46.422903+00:00,122.9,26,ask,EarnestEspressos,Xuanyu Liu,6249174
2026-07-03T22:12:46.425617,2026-07-03T22:12:46.438168+00:00,122.9,24,ask,EarnestEspressos,CostlyCorianders,6249176
2026-07-03T22:12:49.580353,2026-07-03T22:12:49.586818+00:00,122.7,100,ask,DiligentDonuts,EarnestEspressos,6249217
2026-07-03T22:12:49.593101,2026-07-03T22:12:49.601273+00:00,122.7,12,bid,Xuanyu Liu,EarnestEspressos,6249218
2026-07-03T22:12:50.575339,2026-07-03T22:12:50.584087+00:00,122.7,11,bid,Xuanyu Liu,EarnestEspressos,6249232
2026-07-03T22:12:52.256118,2026-07-03T22:12:52.268131+00:00,122.7,27,bid,CostlyCorianders,EarnestEspressos,6249254
2026-07-03T22:12:52.256118,2026-07-03T22:12:52.268131+00:00,122.9,16,bid,CostlyCorianders,DiligentDonuts,6249255
2026-07-03T22:12:52.401971,2026-07-03T22:12:52.413730+00:00,122.9,50,bid,FlawlessFlatbreads,DiligentDonuts,6249256
2026-07-03T22:12:52.691358,2026-07-03T22:12:52.702762+00:00,122.9,34,bid,EarnestEspressos,DiligentDonuts,6249262
2026-07-03T22:12:52.759510,2026-07-03T22:12:52.768703+00:00,123.0,23,ask,EarnestEspressos,Xuanyu Liu,6249263
2026-07-03T22:12:53.760636,2026-07-03T22:12:53.770926+00:00,123.0,41,ask,EarnestEspressos,CostlyCorianders,6249275
2026-07-03T22:12:55.357099,2026-07-03T22:12:55.358564+00:00,123.1,46,bid,CostlyCorianders,DiligentDonuts,6249308
2026-07-03T22:12:56.002419,2026-07-03T22:12:56.013969+00:00,123.1,44,bid,CostlyCorianders,DiligentDonuts,6249316
2026-07-03T22:12:56.666547,2026-07-03T22:12:56.677939+00:00,122.7,50,ask,EarnestEspressos,FlawlessFlatbreads,6249325
2026-07-03T22:12:58.755925,2026-07-03T22:12:58.767466+00:00,123.0,42,ask,DiligentDonuts,CostlyCorianders,6249357
2026-07-03T22:12:58.772271,2026-07-03T22:12:58.783826+00:00,123.0,50,ask,DiligentDonuts,FlawlessFlatbreads,6249358
2026-07-03T22:12:59.687939,2026-07-03T22:12:59.699679+00:00,123.2,43,bid,CostlyCorianders,EarnestEspressos,6249366
2026-07-03T22:13:02.768286,2026-07-03T22:13:02.779901+00:00,123.0,49,ask,DiligentDonuts,CostlyCorianders,6249411
2026-07-03T22:13:05.339045,2026-07-03T22:13:05.346938+00:00,123.2,100,bid,EarnestEspressos,DiligentDonuts,6249450
2026-07-03T22:13:06.993529,2026-07-03T22:13:07.005235+00:00,123.2,47,ask,EarnestEspressos,CostlyCorianders,6249466
2026-07-03T22:13:07.149174,2026-07-03T22:13:07.158558+00:00,123.7,50,bid,FlawlessFlatbreads,EarnestEspressos,6249471
2026-07-03T22:13:08.077946,2026-07-03T22:13:08.089612+00:00,123.7,41,bid,CostlyCorianders,EarnestEspressos,6249480
2026-07-03T22:13:08.915663,2026-07-03T22:13:08.925451+00:00,123.4,12,bid,Xuanyu Liu,EarnestEspressos,6249489
2026-07-03T22:13:09.257340,2026-07-03T22:13:09.269303+00:00,123.4,50,bid,FlawlessFlatbreads,EarnestEspressos,6249492
2026-07-03T22:13:09.785342,2026-07-03T22:13:09.796889+00:00,123.4,46,bid,CostlyCorianders,EarnestEspressos,6249499
2026-07-03T22:13:09.839391,2026-07-03T22:13:09.850939+00:00,123.2,43,ask,DiligentDonuts,CostlyCorianders,6249500
2026-07-03T22:13:10.075428,2026-07-03T22:13:10.086792+00:00,123.4,42,bid,DiligentDonuts,EarnestEspressos,6249503
2026-07-03T22:13:11.363787,2026-07-03T22:13:11.375065+00:00,123.9,50,bid,FlawlessFlatbreads,DiligentDonuts,6249517
2026-07-03T22:13:13.470731,2026-07-03T22:13:13.482410+00:00,123.8,50,bid,FlawlessFlatbreads,DiligentDonuts,6249547
2026-07-03T22:13:15.576303,2026-07-03T22:13:15.583578+00:00,123.8,50,bid,FlawlessFlatbreads,DiligentDonuts,6249578
2026-07-03T22:13:15.788816,2026-07-03T22:13:15.800594+00:00,123.7,41,ask,EarnestEspressos,CostlyCorianders,6249579
2026-07-03T22:13:16.282369,2026-07-03T22:13:16.293893+00:00,124.2,46,bid,CostlyCorianders,EarnestEspressos,6249586
2026-07-03T22:13:16.794606,2026-07-03T22:13:16.802200+00:00,123.7,12,ask,EarnestEspressos,Xuanyu Liu,6249596
2026-07-03T22:13:17.735242,2026-07-03T22:13:17.746804+00:00,123.7,50,ask,EarnestEspressos,FlawlessFlatbreads,6249607
2026-07-03T22:13:19.843427,2026-07-03T22:13:19.854881+00:00,123.7,50,ask,DiligentDonuts,FlawlessFlatbreads,6249639
2026-07-03T22:13:20.572871,2026-07-03T22:13:20.584272+00:00,123.9,40,bid,CostlyCorianders,EarnestEspressos,6249648
2026-07-03T22:13:20.626664,2026-07-03T22:13:20.638182+00:00,123.7,45,ask,DiligentDonuts,CostlyCorianders,6249650
2026-07-03T22:13:21.194137,2026-07-03T22:13:21.205798+00:00,123.8,44,ask,EarnestEspressos,CostlyCorianders,6249658
2026-07-03T22:13:21.834226,2026-07-03T22:13:21.842547+00:00,124.2,43,bid,CostlyCorianders,DiligentDonuts,6249671
2026-07-03T22:13:21.948923,2026-07-03T22:13:21.955355+00:00,123.8,50,ask,EarnestEspressos,FlawlessFlatbreads,6249672
2026-07-03T22:13:24.087034,2026-07-03T22:13:24.098357+00:00,123.8,50,ask,EarnestEspressos,FlawlessFlatbreads,6249701
2026-07-03T22:13:24.390037,2026-07-03T22:13:24.399273+00:00,123.6,46,ask,DiligentDonuts,CostlyCorianders,6249707
2026-07-03T22:13:26.192224,2026-07-03T22:13:26.204156+00:00,123.5,50,ask,DiligentDonuts,FlawlessFlatbreads,6249732
2026-07-03T22:13:26.555418,2026-07-03T22:13:26.567019+00:00,123.8,42,bid,CostlyCorianders,EarnestEspressos,6249737
2026-07-03T22:13:28.325644,2026-07-03T22:13:28.337263+00:00,123.5,50,ask,DiligentDonuts,FlawlessFlatbreads,6249754
2026-07-03T22:13:29.903164,2026-07-03T22:13:29.911229+00:00,123.7,12,bid,Xuanyu Liu,DiligentDonuts,6249777
2026-07-03T22:13:30.431393,2026-07-03T22:13:30.443250+00:00,123.4,50,ask,EarnestEspressos,FlawlessFlatbreads,6249786
2026-07-03T22:13:32.550611,2026-07-03T22:13:32.555011+00:00,123.4,50,ask,DiligentDonuts,FlawlessFlatbreads,6249817
2026-07-03T22:13:33.185145,2026-07-03T22:13:33.196802+00:00,123.8,43,bid,CostlyCorianders,EarnestEspressos,6249836
2026-07-03T22:13:35.563128,2026-07-03T22:13:35.572335+00:00,123.6,11,bid,Xuanyu Liu,DiligentDonuts,6249871
2026-07-03T22:13:35.762211,2026-07-03T22:13:35.773733+00:00,123.3,45,ask,EarnestEspressos,CostlyCorianders,6249876
2026-07-03T22:13:36.710829,2026-07-03T22:13:36.719425+00:00,123.6,50,bid,FlawlessFlatbreads,DiligentDonuts,6249888
2026-07-03T22:13:37.984350,2026-07-03T22:13:37.991796+00:00,123.6,3,bid,Xuanyu Liu,DiligentDonuts,6249906
2026-07-03T22:13:39.490537,2026-07-03T22:13:39.501955+00:00,123.5,41,ask,DiligentDonuts,CostlyCorianders,6249927
2026-07-03T22:13:40.934574,2026-07-03T22:13:40.946029+00:00,123.8,50,bid,FlawlessFlatbreads,EarnestEspressos,6249952
2026-07-03T22:13:43.092644,2026-07-03T22:13:43.104074+00:00,123.4,50,ask,DiligentDonuts,FlawlessFlatbreads,6249982
2026-07-03T22:13:43.492178,2026-07-03T22:13:43.503827+00:00,123.9,43,bid,CostlyCorianders,DiligentDonuts,6249984
2026-07-03T22:13:45.398436,2026-07-03T22:13:45.409939+00:00,123.9,48,bid,CostlyCorianders,DiligentDonuts,6250012
