timestamp,recv_time,price,volume,aggressor_side,buyer,seller,trade_id
2026-07-15T01:00:01.256264,2026-07-15T01:00:01.260525+00:00,69.6,50,bid,FlawlessFlatbreads,DiligentDonuts,3940125
2026-07-15T01:00:03.343098,2026-07-15T01:00:03.355268+00:00,69.6,40,bid,CostlyCorianders,EarnestEspressos,3940160
2026-07-15T01:00:03.413683,2026-07-15T01:00:03.419594+00:00,69.1,50,ask,EarnestEspressos,FlawlessFlatbreads,3940162
2026-07-15T01:00:04.954847,2026-07-15T01:00:04.966624+00:00,69.1,47,ask,DiligentDonuts,CostlyCorianders,3940187
2026-07-15T01:00:05.522135,2026-07-15T01:00:05.524795+00:00,69.1,5,ask,Sebastian Baldwin,FlawlessFlatbreads,3940197
2026-07-15T01:00:05.522135,2026-07-15T01:00:05.535668+00:00,68.9,45,ask,EarnestEspressos,FlawlessFlatbreads,3940198
2026-07-15T01:00:06.156019,2026-07-15T01:00:06.166496+00:00,69.2,2,bid,Dinh Nguyen,DiligentDonuts,3940211
2026-07-15T01:00:06.973374,2026-07-15T01:00:06.976307+00:00,69.2,5,bid,Sebastian Baldwin,DiligentDonuts,3940219
2026-07-15T01:00:07.646078,2026-07-15T01:00:07.656060+00:00,69.2,48,bid,CostlyCorianders,DiligentDonuts,3940226
2026-07-15T01:00:07.668027,2026-07-15T01:00:07.677645+00:00,69.2,25,bid,Dinh Nguyen,DiligentDonuts,3940227
2026-07-15T01:00:09.021552,2026-07-15T01:00:09.030251+00:00,69.2,5,bid,Sebastian Baldwin,EarnestEspressos,3940253
2026-07-15T01:00:09.033452,2026-07-15T01:00:09.040975+00:00,69.2,3,bid,Sebastian Baldwin,EarnestEspressos,3940254
2026-07-15T01:00:09.121018,2026-07-15T01:00:09.127808+00:00,69.2,23,bid,Sze-Yong Ng,EarnestEspressos,3940255
2026-07-15T01:00:09.182173,2026-07-15T01:00:09.192379+00:00,69.2,25,bid,Dinh Nguyen,EarnestEspressos,3940256
2026-07-15T01:00:09.690856,2026-07-15T01:00:09.698300+00:00,69.2,50,bid,FlawlessFlatbreads,EarnestEspressos,3940262
2026-07-15T01:00:10.061396,2026-07-15T01:00:10.071073+00:00,69.2,10,bid,Sebastian Baldwin,EarnestEspressos,3940268
2026-07-15T01:00:10.682985,2026-07-15T01:00:10.689161+00:00,69.2,25,bid,Dinh Nguyen,EarnestEspressos,3940282
2026-07-15T01:00:10.826670,2026-07-15T01:00:10.837493+00:00,69.2,9,bid,CostlyCorianders,EarnestEspressos,3940285
2026-07-15T01:00:10.826670,2026-07-15T01:00:10.837493+00:00,69.2,5,bid,CostlyCorianders,Sebastian Baldwin,3940286
2026-07-15T01:00:10.826670,2026-07-15T01:00:10.837493+00:00,69.5,26,bid,CostlyCorianders,DiligentDonuts,3940287
2026-07-15T01:00:11.158632,2026-07-15T01:00:11.166379+00:00,69.4,61,ask,EarnestEspressos,Sze-Yong Ng,3940294
2026-07-15T01:00:11.902886,2026-07-15T01:00:11.908873+00:00,69.4,41,ask,EarnestEspressos,CostlyCorianders,3940309
2026-07-15T01:00:12.123510,2026-07-15T01:00:12.133967+00:00,69.7,3,bid,Sebastian Baldwin,DiligentDonuts,3940313
2026-07-15T01:00:13.905244,2026-07-15T01:00:13.914745+00:00,69.7,50,bid,FlawlessFlatbreads,DiligentDonuts,3940341
2026-07-15T01:00:13.980672,2026-07-15T01:00:13.991499+00:00,69.7,47,bid,CostlyCorianders,DiligentDonuts,3940344
2026-07-15T01:00:13.980672,2026-07-15T01:00:13.991499+00:00,69.7,1,bid,CostlyCorianders,Sebastian Baldwin,3940345
2026-07-15T01:00:14.832819,2026-07-15T01:00:14.838088+00:00,69.8,100,bid,DiligentDonuts,EarnestEspressos,3940359
2026-07-15T01:00:16.023585,2026-07-15T01:00:16.036126+00:00,69.3,48,ask,EarnestEspressos,CostlyCorianders,3940386
2026-07-15T01:00:16.028671,2026-07-15T01:00:16.036126+00:00,69.8,50,bid,FlawlessFlatbreads,EarnestEspressos,3940387
2026-07-15T01:00:18.188974,2026-07-15T01:00:18.192790+00:00,69.8,48,ask,EarnestEspressos,CostlyCorianders,3940421
2026-07-15T01:00:18.193505,2026-07-15T01:00:18.203689+00:00,69.8,50,ask,EarnestEspressos,FlawlessFlatbreads,3940422
2026-07-15T01:00:18.245631,2026-07-15T01:00:18.254587+00:00,69.8,49,ask,EarnestEspressos,Akshit Parekh,3940426
2026-07-15T01:00:18.250070,2026-07-15T01:00:18.254587+00:00,69.8,3,ask,EarnestEspressos,Xuanyu Liu,3940427
2026-07-15T01:00:18.821984,2026-07-15T01:00:18.840131+00:00,69.9,48,bid,CostlyCorianders,DiligentDonuts,3940439
2026-07-15T01:00:19.727626,2026-07-15T01:00:19.738431+00:00,69.4,41,ask,DiligentDonuts,CostlyCorianders,3940461
2026-07-15T01:00:20.300979,2026-07-15T01:00:20.306166+00:00,69.4,50,ask,DiligentDonuts,FlawlessFlatbreads,3940473
2026-07-15T01:00:20.872832,2026-07-15T01:00:20.877630+00:00,69.8,3,bid,Xuanyu Liu,EarnestEspressos,3940482
2026-07-15T01:00:21.708020,2026-07-15T01:00:21.711778+00:00,69.8,46,bid,CostlyCorianders,EarnestEspressos,3940502
2026-07-15T01:00:22.357554,2026-07-15T01:00:22.365468+00:00,69.8,50,bid,FlawlessFlatbreads,EarnestEspressos,3940515
2026-07-15T01:00:23.151011,2026-07-15T01:00:23.164029+00:00,69.4,42,ask,DiligentDonuts,CostlyCorianders,3940529
2026-07-15T01:00:24.495559,2026-07-15T01:00:24.497729+00:00,69.6,50,bid,FlawlessFlatbreads,DiligentDonuts,3940553
2026-07-15T01:00:26.601241,2026-07-15T01:00:26.603948+00:00,69.6,50,bid,FlawlessFlatbreads,DiligentDonuts,3940589
2026-07-15T01:00:27.156023,2026-07-15T01:00:27.158729+00:00,69.4,1,ask,Sebastian Baldwin,Dinh Nguyen,3940602
2026-07-15T01:00:28.735741,2026-07-15T01:00:28.740377+00:00,69.7,50,bid,FlawlessFlatbreads,EarnestEspressos,3940627
2026-07-15T01:00:29.978679,2026-07-15T01:00:29.988180+00:00,69.7,45,bid,CostlyCorianders,DiligentDonuts,3940653
2026-07-15T01:00:30.842755,2026-07-15T01:00:30.853089+00:00,70.0,50,bid,FlawlessFlatbreads,EarnestEspressos,3940663
2026-07-15T01:00:33.173982,2026-07-15T01:00:33.178385+00:00,69.9,14,ask,EarnestEspressos,Xuanyu Liu,3940707
2026-07-15T01:00:33.184989,2026-07-15T01:00:33.189302+00:00,69.9,50,ask,EarnestEspressos,Akshit Parekh,3940708
2026-07-15T01:00:33.187901,2026-07-15T01:00:33.200112+00:00,69.9,61,ask,EarnestEspressos,Sze-Yong Ng,3940709
2026-07-15T01:00:33.245620,2026-07-15T01:00:33.254769+00:00,69.9,25,ask,EarnestEspressos,Akshit Parekh,3940713
2026-07-15T01:00:36.662640,2026-07-15T01:00:36.669806+00:00,69.7,4,ask,DiligentDonuts,Akshit Parekh,3940763
2026-07-15T01:00:36.905890,2026-07-15T01:00:36.909142+00:00,69.7,5,ask,DiligentDonuts,Sebastian Baldwin,3940768
2026-07-15T01:00:36.918464,2026-07-15T01:00:36.931398+00:00,69.7,3,ask,DiligentDonuts,Sebastian Baldwin,3940771
2026-07-15T01:00:37.208679,2026-07-15T01:00:37.215190+00:00,69.7,5,ask,Sebastian Baldwin,FlawlessFlatbreads,3940778
2026-07-15T01:00:37.208679,2026-07-15T01:00:37.215190+00:00,69.5,45,ask,DiligentDonuts,FlawlessFlatbreads,3940779
2026-07-15T01:00:37.615039,2026-07-15T01:00:37.619639+00:00,69.9,11,bid,Xuanyu Liu,EarnestEspressos,3940788
2026-07-15T01:00:37.802727,2026-07-15T01:00:37.805675+00:00,69.5,49,ask,DiligentDonuts,CostlyCorianders,3940789
2026-07-15T01:00:38.989680,2026-07-15T01:00:38.998877+00:00,69.9,49,bid,CostlyCorianders,EarnestEspressos,3940804
2026-07-15T01:00:39.316566,2026-07-15T01:00:39.325143+00:00,69.5,6,ask,DiligentDonuts,FlawlessFlatbreads,3940809
2026-07-15T01:00:39.316566,2026-07-15T01:00:39.325143+00:00,69.5,5,ask,Sebastian Baldwin,FlawlessFlatbreads,3940810
2026-07-15T01:00:39.316566,2026-07-15T01:00:39.325143+00:00,69.4,39,ask,EarnestEspressos,FlawlessFlatbreads,3940811
2026-07-15T01:00:39.895106,2026-07-15T01:00:39.903339+00:00,69.6,47,ask,EarnestEspressos,CostlyCorianders,3940823
2026-07-15T01:00:41.427652,2026-07-15T01:00:41.436729+00:00,69.6,50,ask,EarnestEspressos,FlawlessFlatbreads,3940848
2026-07-15T01:00:42.717520,2026-07-15T01:00:42.722922+00:00,69.7,3,bid,Xuanyu Liu,EarnestEspressos,3940859
2026-07-15T01:00:42.739563,2026-07-15T01:00:42.745125+00:00,69.7,24,bid,Akshit Parekh,EarnestEspressos,3940863
2026-07-15T01:00:42.799608,2026-07-15T01:00:42.811259+00:00,69.7,24,bid,Akshit Parekh,EarnestEspressos,3940865
2026-07-15T01:00:42.807175,2026-07-15T01:00:42.811259+00:00,69.7,99,bid,Sze-Yong Ng,EarnestEspressos,3940866
2026-07-15T01:00:45.185033,2026-07-15T01:00:45.188896+00:00,70.0,45,bid,CostlyCorianders,DiligentDonuts,3940902
2026-07-15T01:00:45.584963,2026-07-15T01:00:45.593057+00:00,70.0,50,bid,FlawlessFlatbreads,DiligentDonuts,3940909
2026-07-15T01:00:45.899420,2026-07-15T01:00:45.908338+00:00,69.8,38,ask,EarnestEspressos,Sze-Yong Ng,3940923
2026-07-15T01:00:46.154941,2026-07-15T01:00:46.158080+00:00,69.8,3,ask,EarnestEspressos,Sebastian Baldwin,3940927
2026-07-15T01:00:46.262031,2026-07-15T01:00:46.266859+00:00,69.8,42,ask,EarnestEspressos,CostlyCorianders,3940931
2026-07-15T01:00:46.709006,2026-07-15T01:00:46.712770+00:00,69.8,2,ask,EarnestEspressos,Dinh Nguyen,3940936
2026-07-15T01:00:46.834342,2026-07-15T01:00:46.844150+00:00,70.0,5,bid,CostlyCorianders,Sebastian Baldwin,3940939
2026-07-15T01:00:46.834342,2026-07-15T01:00:46.844150+00:00,70.2,42,bid,CostlyCorianders,DiligentDonuts,3940940
2026-07-15T01:00:47.743182,2026-07-15T01:00:47.751120+00:00,69.8,50,ask,EarnestEspressos,FlawlessFlatbreads,3940959
2026-07-15T01:00:48.797034,2026-07-15T01:00:48.805166+00:00,69.8,15,ask,EarnestEspressos,CostlyCorianders,3940972
2026-07-15T01:00:48.797034,2026-07-15T01:00:48.805166+00:00,69.8,5,ask,Sebastian Baldwin,CostlyCorianders,3940973
2026-07-15T01:00:48.797034,2026-07-15T01:00:48.805166+00:00,69.7,22,ask,DiligentDonuts,CostlyCorianders,3940974
2026-07-15T01:00:49.026736,2026-07-15T01:00:49.036331+00:00,69.7,78,ask,DiligentDonuts,EarnestEspressos,3940977
2026-07-15T01:00:49.091881,2026-07-15T01:00:49.102265+00:00,69.7,38,bid,Sze-Yong Ng,EarnestEspressos,3940979
2026-07-15T01:00:49.094658,2026-07-15T01:00:49.102265+00:00,69.7,24,bid,Akshit Parekh,EarnestEspressos,3940980
2026-07-15T01:00:49.160152,2026-07-15T01:00:49.167221+00:00,69.7,10,bid,Akshit Parekh,EarnestEspressos,3940984
2026-07-15T01:00:51.908630,2026-07-15T01:00:51.915636+00:00,70.1,50,bid,FlawlessFlatbreads,DiligentDonuts,3941032
2026-07-15T01:00:52.814470,2026-07-15T01:00:52.824075+00:00,70.1,5,bid,DiligentDonuts,Sebastian Baldwin,3941052
2026-07-15T01:00:53.402694,2026-07-15T01:00:53.414676+00:00,70.4,44,bid,CostlyCorianders,EarnestEspressos,3941059
2026-07-15T01:00:54.016327,2026-07-15T01:00:54.019165+00:00,70.4,50,bid,FlawlessFlatbreads,EarnestEspressos,3941069
2026-07-15T01:00:54.449228,2026-07-15T01:00:54.451628+00:00,70.1,46,ask,DiligentDonuts,CostlyCorianders,3941074
2026-07-15T01:00:55.053130,2026-07-15T01:00:55.062608+00:00,70.4,41,bid,CostlyCorianders,EarnestEspressos,3941083
2026-07-15T01:00:55.320803,2026-07-15T01:00:55.332949+00:00,70.6,100,bid,EarnestEspressos,DiligentDonuts,3941086
2026-07-15T01:00:55.327551,2026-07-15T01:00:55.332949+00:00,70.6,50,ask,EarnestEspressos,Akshit Parekh,3941087
2026-07-15T01:00:56.076698,2026-07-15T01:00:56.080719+00:00,70.2,38,ask,DiligentDonuts,Sze-Yong Ng,3941099
2026-07-15T01:00:56.121470,2026-07-15T01:00:56.124422+00:00,70.7,50,bid,FlawlessFlatbreads,DiligentDonuts,3941100
2026-07-15T01:00:57.071311,2026-07-15T01:00:57.074000+00:00,70.2,46,ask,DiligentDonuts,CostlyCorianders,3941116
2026-07-15T01:00:58.228563,2026-07-15T01:00:58.236680+00:00,70.7,50,bid,FlawlessFlatbreads,DiligentDonuts,3941132
2026-07-15T01:00:59.086802,2026-07-15T01:00:59.095762+00:00,70.5,47,bid,CostlyCorianders,EarnestEspressos,3941146
2026-07-15T01:00:59.143768,2026-07-15T01:00:59.158877+00:00,70.3,24,ask,DiligentDonuts,Akshit Parekh,3941148
2026-07-15T01:00:59.154347,2026-07-15T01:00:59.158877+00:00,70.3,3,ask,DiligentDonuts,Xuanyu Liu,3941150
2026-07-15T01:00:59.206770,2026-07-15T01:00:59.213139+00:00,70.3,8,ask,DiligentDonuts,Akshit Parekh,3941151
2026-07-15T01:00:59.239308,2026-07-15T01:00:59.245268+00:00,70.3,42,ask,DiligentDonuts,Sze-Yong Ng,3941154
2026-07-15T01:00:59.475227,2026-07-15T01:00:59.480806+00:00,70.3,5,ask,DiligentDonuts,Sebastian Baldwin,3941164
2026-07-15T01:01:00.196027,2026-07-15T01:01:00.207677+00:00,70.3,18,ask,DiligentDonuts,Dinh Nguyen,3941170
2026-07-15T01:01:00.196027,2026-07-15T01:01:00.207677+00:00,70.3,5,ask,Sebastian Baldwin,Dinh Nguyen,3941171
2026-07-15T01:01:00.393130,2026-07-15T01:01:00.400168+00:00,70.0,50,ask,EarnestEspressos,FlawlessFlatbreads,3941181
2026-07-15T01:01:02.266707,2026-07-15T01:01:02.268835+00:00,70.1,46,ask,EarnestEspressos,CostlyCorianders,3941216
2026-07-15T01:01:02.511017,2026-07-15T01:01:02.514939+00:00,70.1,50,ask,EarnestEspressos,FlawlessFlatbreads,3941223
2026-07-15T01:01:02.894407,2026-07-15T01:01:02.901582+00:00,70.5,48,bid,CostlyCorianders,DiligentDonuts,3941228
2026-07-15T01:01:03.566898,2026-07-15T01:01:03.578581+00:00,70.1,5,ask,EarnestEspressos,Sebastian Baldwin,3941237
2026-07-15T01:01:03.915077,2026-07-15T01:01:03.925531+00:00,70.1,25,ask,EarnestEspressos,Dinh Nguyen,3941246
2026-07-15T01:01:04.559764,2026-07-15T01:01:04.570689+00:00,70.1,24,ask,EarnestEspressos,CostlyCorianders,3941254
2026-07-15T01:01:04.559764,2026-07-15T01:01:04.570689+00:00,70.1,5,ask,Sebastian Baldwin,CostlyCorianders,3941255
2026-07-15T01:01:04.559764,2026-07-15T01:01:04.570689+00:00,70.0,15,ask,DiligentDonuts,CostlyCorianders,3941256
2026-07-15T01:01:04.566923,2026-07-15T01:01:04.581680+00:00,70.5,50,bid,FlawlessFlatbreads,DiligentDonuts,3941257
2026-07-15T01:01:04.868031,2026-07-15T01:01:04.872227+00:00,70.0,85,ask,DiligentDonuts,EarnestEspressos,3941263
2026-07-15T01:01:04.868031,2026-07-15T01:01:04.872227+00:00,70.0,5,ask,Sebastian Baldwin,EarnestEspressos,3941264
2026-07-15T01:01:04.884638,2026-07-15T01:01:04.888888+00:00,69.8,3,bid,Xuanyu Liu,EarnestEspressos,3941267
2026-07-15T01:01:04.887321,2026-07-15T01:01:04.899830+00:00,69.8,25,bid,Akshit Parekh,EarnestEspressos,3941268
2026-07-15T01:01:04.946885,2026-07-15T01:01:04.953679+00:00,69.8,25,bid,Akshit Parekh,EarnestEspressos,3941271
2026-07-15T01:01:04.971670,2026-07-15T01:01:04.975367+00:00,69.8,7,bid,Sze-Yong Ng,EarnestEspressos,3941272
2026-07-15T01:01:05.150338,2026-07-15T01:01:05.158827+00:00,70.5,2,bid,CostlyCorianders,DiligentDonuts,3941273
2026-07-15T01:01:05.772304,2026-07-15T01:01:05.784613+00:00,70.3,42,bid,CostlyCorianders,DiligentDonuts,3941282
2026-07-15T01:01:05.826169,2026-07-15T01:01:05.838356+00:00,69.8,45,ask,DiligentDonuts,CostlyCorianders,3941283
2026-07-15T01:01:06.734231,2026-07-15T01:01:06.740976+00:00,69.8,50,ask,DiligentDonuts,FlawlessFlatbreads,3941298
2026-07-15T01:01:06.864724,2026-07-15T01:01:06.872035+00:00,69.8,5,ask,DiligentDonuts,CostlyCorianders,3941302
2026-07-15T01:01:06.864724,2026-07-15T01:01:06.872035+00:00,69.8,5,ask,Sebastian Baldwin,CostlyCorianders,3941303
2026-07-15T01:01:08.790068,2026-07-15T01:01:08.801293+00:00,70.0,50,bid,FlawlessFlatbreads,DiligentDonuts,3941329
2026-07-15T01:01:10.132697,2026-07-15T01:01:10.138243+00:00,70.0,43,bid,CostlyCorianders,DiligentDonuts,3941344
2026-07-15T01:01:11.179546,2026-07-15T01:01:11.181727+00:00,70.0,7,bid,CostlyCorianders,DiligentDonuts,3941357
2026-07-15T01:01:11.179546,2026-07-15T01:01:11.192436+00:00,70.0,5,bid,CostlyCorianders,Sebastian Baldwin,3941358
2026-07-15T01:01:12.816628,2026-07-15T01:01:12.827760+00:00,69.8,42,ask,DiligentDonuts,CostlyCorianders,3941376
2026-07-15T01:01:13.364341,2026-07-15T01:01:13.373800+00:00,70.2,48,bid,CostlyCorianders,EarnestEspressos,3941386
2026-07-15T01:01:13.857395,2026-07-15T01:01:13.861565+00:00,70.2,3,bid,Sebastian Baldwin,EarnestEspressos,3941398
2026-07-15T01:01:14.300655,2026-07-15T01:01:14.309106+00:00,70.2,5,bid,EarnestEspressos,Sebastian Baldwin,3941405
2026-07-15T01:01:14.300655,2026-07-15T01:01:14.309106+00:00,70.3,100,bid,EarnestEspressos,DiligentDonuts,3941406
2026-07-15T01:01:14.749769,2026-07-15T01:01:14.754819+00:00,70.3,24,ask,EarnestEspressos,Xuanyu Liu,3941414
2026-07-15T01:01:14.770395,2026-07-15T01:01:14.777003+00:00,70.3,21,ask,EarnestEspressos,Akshit Parekh,3941415
2026-07-15T01:01:15.106689,2026-07-15T01:01:15.115399+00:00,70.5,50,bid,FlawlessFlatbreads,DiligentDonuts,3941418
2026-07-15T01:01:16.725108,2026-07-15T01:01:16.734197+00:00,70.0,44,ask,DiligentDonuts,CostlyCorianders,3941441
2026-07-15T01:01:17.518854,2026-07-15T01:01:17.536718+00:00,70.0,56,ask,DiligentDonuts,EarnestEspressos,3941451
2026-07-15T01:01:17.518854,2026-07-15T01:01:17.536718+00:00,70.0,5,ask,Sebastian Baldwin,EarnestEspressos,3941452
2026-07-15T01:01:17.531261,2026-07-15T01:01:17.536718+00:00,70.0,24,bid,Xuanyu Liu,EarnestEspressos,3941453
2026-07-15T01:01:17.666770,2026-07-15T01:01:17.676382+00:00,70.0,35,bid,Sze-Yong Ng,EarnestEspressos,3941454
2026-07-15T01:01:18.149191,2026-07-15T01:01:18.153678+00:00,70.0,30,bid,DiligentDonuts,EarnestEspressos,3941461
2026-07-15T01:01:18.149191,2026-07-15T01:01:18.153678+00:00,70.0,5,bid,DiligentDonuts,Sebastian Baldwin,3941462
2026-07-15T01:01:19.317217,2026-07-15T01:01:19.322616+00:00,70.5,50,bid,FlawlessFlatbreads,DiligentDonuts,3941465
2026-07-15T01:01:21.417428,2026-07-15T01:01:21.423951+00:00,70.5,49,bid,CostlyCorianders,EarnestEspressos,3941493
2026-07-15T01:01:21.472014,2026-07-15T01:01:21.477505+00:00,70.0,48,ask,EarnestEspressos,CostlyCorianders,3941494
2026-07-15T01:01:23.045606,2026-07-15T01:01:23.048073+00:00,70.0,47,ask,EarnestEspressos,CostlyCorianders,3941522
2026-07-15T01:01:23.529497,2026-07-15T01:01:23.540428+00:00,70.5,50,bid,FlawlessFlatbreads,EarnestEspressos,3941532
2026-07-15T01:01:23.607633,2026-07-15T01:01:23.617003+00:00,70.5,41,bid,CostlyCorianders,EarnestEspressos,3941534
2026-07-15T01:01:23.797941,2026-07-15T01:01:23.811477+00:00,70.4,29,ask,EarnestEspressos,Akshit Parekh,3941537
2026-07-15T01:01:23.803276,2026-07-15T01:01:23.811477+00:00,70.4,14,ask,EarnestEspressos,Xuanyu Liu,3941538
2026-07-15T01:01:23.874247,2026-07-15T01:01:23.876992+00:00,70.4,61,ask,EarnestEspressos,Sze-Yong Ng,3941542
2026-07-15T01:01:23.981723,2026-07-15T01:01:23.986289+00:00,70.4,10,ask,EarnestEspressos,Xuanyu Liu,3941548
2026-07-15T01:01:24.068988,2026-07-15T01:01:24.073382+00:00,70.4,13,ask,EarnestEspressos,Dinh Nguyen,3941550
2026-07-15T01:01:24.083245,2026-07-15T01:01:24.095109+00:00,70.4,10,ask,EarnestEspressos,Sebastian Baldwin,3941551
2026-07-15T01:01:24.917826,2026-07-15T01:01:24.927118+00:00,70.4,13,ask,EarnestEspressos,Sze-Yong Ng,3941567
2026-07-15T01:01:24.917826,2026-07-15T01:01:24.927118+00:00,70.4,5,ask,Sebastian Baldwin,Dinh Nguyen,3941568
2026-07-15T01:01:25.435325,2026-07-15T01:01:25.438817+00:00,70.0,2,ask,DiligentDonuts,Dinh Nguyen,3941575
2026-07-15T01:01:25.628037,2026-07-15T01:01:25.635445+00:00,70.5,48,bid,CostlyCorianders,DiligentDonuts,3941580
2026-07-15T01:01:27.026123,2026-07-15T01:01:27.030369+00:00,70.3,10,bid,Xuanyu Liu,EarnestEspressos,3941598
2026-07-15T01:01:27.653192,2026-07-15T01:01:27.658215+00:00,70.3,100,bid,DiligentDonuts,EarnestEspressos,3941608
2026-07-15T01:01:27.776238,2026-07-15T01:01:27.786444+00:00,70.0,5,ask,Sebastian Baldwin,CostlyCorianders,3941611
2026-07-15T01:01:27.776238,2026-07-15T01:01:27.786444+00:00,69.8,37,ask,EarnestEspressos,CostlyCorianders,3941612
2026-07-15T01:01:29.924579,2026-07-15T01:01:29.935878+00:00,69.8,50,ask,EarnestEspressos,FlawlessFlatbreads,3941645
2026-07-15T01:01:31.078156,2026-07-15T01:01:31.085676+00:00,70.1,44,ask,DiligentDonuts,CostlyCorianders,3941663
2026-07-15T01:01:32.033714,2026-07-15T01:01:32.045299+00:00,70.1,50,ask,DiligentDonuts,FlawlessFlatbreads,3941679
2026-07-15T01:01:34.090825,2026-07-15T01:01:34.103606+00:00,70.2,50,bid,FlawlessFlatbreads,DiligentDonuts,3941709
2026-07-15T01:01:35.397010,2026-07-15T01:01:35.408954+00:00,70.2,49,bid,CostlyCorianders,DiligentDonuts,3941724
2026-07-15T01:01:35.782351,2026-07-15T01:01:35.788118+00:00,70.2,1,bid,Sze-Yong Ng,DiligentDonuts,3941732
2026-07-15T01:01:36.196526,2026-07-15T01:01:36.208922+00:00,70.4,50,bid,FlawlessFlatbreads,EarnestEspressos,3941740
2026-07-15T01:01:36.583168,2026-07-15T01:01:36.588396+00:00,70.2,40,ask,EarnestEspressos,CostlyCorianders,3941750
2026-07-15T01:01:37.184067,2026-07-15T01:01:37.192816+00:00,70.7,47,bid,CostlyCorianders,EarnestEspressos,3941760
2026-07-15T01:01:38.230306,2026-07-15T01:01:38.237748+00:00,70.5,40,bid,CostlyCorianders,DiligentDonuts,3941777
2026-07-15T01:01:38.302920,2026-07-15T01:01:38.312971+00:00,70.5,50,bid,FlawlessFlatbreads,DiligentDonuts,3941778
2026-07-15T01:01:39.282228,2026-07-15T01:01:39.293220+00:00,70.2,25,ask,EarnestEspressos,Dinh Nguyen,3941801
2026-07-15T01:01:39.342063,2026-07-15T01:01:39.348032+00:00,70.2,5,ask,EarnestEspressos,Sebastian Baldwin,3941803
2026-07-15T01:01:40.264136,2026-07-15T01:01:40.277138+00:00,70.2,5,ask,Sebastian Baldwin,CostlyCorianders,3941814
2026-07-15T01:01:40.264136,2026-07-15T01:01:40.277138+00:00,69.9,43,ask,EarnestEspressos,CostlyCorianders,3941815
2026-07-15T01:01:40.367207,2026-07-15T01:01:40.375342+00:00,70.2,5,ask,DiligentDonuts,Sebastian Baldwin,3941816
2026-07-15T01:01:40.376314,2026-07-15T01:01:40.386292+00:00,70.2,3,ask,DiligentDonuts,Sebastian Baldwin,3941818
2026-07-15T01:01:40.412017,2026-07-15T01:01:40.418783+00:00,70.4,50,bid,FlawlessFlatbreads,EarnestEspressos,3941820
2026-07-15T01:01:41.393397,2026-07-15T01:01:41.402029+00:00,70.2,5,ask,DiligentDonuts,Sebastian Baldwin,3941834
2026-07-15T01:01:41.402192,2026-07-15T01:01:41.412900+00:00,70.2,3,ask,DiligentDonuts,Sebastian Baldwin,3941837
2026-07-15T01:01:41.969831,2026-07-15T01:01:41.974155+00:00,70.2,44,ask,DiligentDonuts,CostlyCorianders,3941845
2026-07-15T01:01:42.420583,2026-07-15T01:01:42.432901+00:00,70.2,10,ask,DiligentDonuts,Sebastian Baldwin,3941849
2026-07-15T01:01:42.519627,2026-07-15T01:01:42.531528+00:00,70.4,50,bid,FlawlessFlatbreads,EarnestEspressos,3941855
2026-07-15T01:01:42.582275,2026-07-15T01:01:42.596536+00:00,70.4,43,bid,CostlyCorianders,EarnestEspressos,3941858
2026-07-15T01:01:42.635611,2026-07-15T01:01:42.650710+00:00,70.2,30,ask,DiligentDonuts,CostlyCorianders,3941860
2026-07-15T01:01:42.635611,2026-07-15T01:01:42.650710+00:00,70.2,5,ask,Sebastian Baldwin,CostlyCorianders,3941861
2026-07-15T01:01:43.451012,2026-07-15T01:01:43.465356+00:00,70.2,10,ask,EarnestEspressos,Sebastian Baldwin,3941869
2026-07-15T01:01:43.467723,2026-07-15T01:01:43.476350+00:00,70.2,3,ask,EarnestEspressos,Sebastian Baldwin,3941872
2026-07-15T01:01:44.484286,2026-07-15T01:01:44.489487+00:00,70.2,6,ask,EarnestEspressos,Sebastian Baldwin,3941885
2026-07-15T01:01:44.492717,2026-07-15T01:01:44.500565+00:00,70.2,3,ask,EarnestEspressos,Sebastian Baldwin,3941887
2026-07-15T01:01:44.629012,2026-07-15T01:01:44.641342+00:00,70.3,50,bid,FlawlessFlatbreads,DiligentDonuts,3941888
2026-07-15T01:01:45.024028,2026-07-15T01:01:45.032451+00:00,70.3,47,bid,CostlyCorianders,DiligentDonuts,3941895
2026-07-15T01:01:45.508732,2026-07-15T01:01:45.517012+00:00,70.2,1,ask,EarnestEspressos,Sebastian Baldwin,3941903
2026-07-15T01:01:46.589552,2026-07-15T01:01:46.604735+00:00,70.2,45,ask,EarnestEspressos,CostlyCorianders,3941925
2026-07-15T01:01:46.735281,2026-07-15T01:01:46.743877+00:00,70.7,50,bid,FlawlessFlatbreads,EarnestEspressos,3941927
2026-07-15T01:01:47.758069,2026-07-15T01:01:47.766320+00:00,70.7,43,bid,CostlyCorianders,EarnestEspressos,3941938
2026-07-15T01:01:48.221711,2026-07-15T01:01:48.225055+00:00,70.2,47,ask,EarnestEspressos,CostlyCorianders,3941946
2026-07-15T01:01:48.895137,2026-07-15T01:01:48.899973+00:00,70.2,50,ask,EarnestEspressos,FlawlessFlatbreads,3941956
2026-07-15T01:01:49.938891,2026-07-15T01:01:49.945953+00:00,70.2,5,ask,Sebastian Baldwin,CostlyCorianders,3941968
2026-07-15T01:01:50.600452,2026-07-15T01:01:50.608836+00:00,70.1,1,ask,DiligentDonuts,Sebastian Baldwin,3941977
2026-07-15T01:01:50.608614,2026-07-15T01:01:50.619740+00:00,70.1,3,ask,DiligentDonuts,Sebastian Baldwin,3941979
2026-07-15T01:01:51.002277,2026-07-15T01:01:51.014071+00:00,70.1,50,ask,DiligentDonuts,FlawlessFlatbreads,3941985
2026-07-15T01:01:51.623536,2026-07-15T01:01:51.633844+00:00,70.1,1,ask,DiligentDonuts,Sebastian Baldwin,3941993
2026-07-15T01:01:53.108977,2026-07-15T01:01:53.113749+00:00,70.1,5,ask,Sebastian Baldwin,FlawlessFlatbreads,3942013
2026-07-15T01:01:53.108977,2026-07-15T01:01:53.113749+00:00,69.9,45,ask,EarnestEspressos,FlawlessFlatbreads,3942014
2026-07-15T01:01:53.664707,2026-07-15T01:01:53.675368+00:00,69.9,3,ask,EarnestEspressos,Sebastian Baldwin,3942025
2026-07-15T01:01:53.959142,2026-07-15T01:01:53.972069+00:00,70.3,48,bid,CostlyCorianders,DiligentDonuts,3942029
2026-07-15T01:01:55.097622,2026-07-15T01:01:55.109524+00:00,69.9,41,ask,EarnestEspressos,CostlyCorianders,3942048
2026-07-15T01:01:55.217874,2026-07-15T01:01:55.259752+00:00,69.9,50,ask,EarnestEspressos,FlawlessFlatbreads,3942052
2026-07-15T01:01:55.474555,2026-07-15T01:01:55.560338+00:00,69.9,5,ask,Sebastian Baldwin,EarnestEspressos,3942055
2026-07-15T01:01:55.482824,2026-07-15T01:01:55.560338+00:00,69.9,14,bid,Xuanyu Liu,EarnestEspressos,3942056
2026-07-15T01:01:55.610093,2026-07-15T01:01:55.615406+00:00,69.9,73,bid,Sze-Yong Ng,EarnestEspressos,3942058
2026-07-15T01:01:55.695951,2026-07-15T01:01:55.704592+00:00,69.9,43,bid,CostlyCorianders,EarnestEspressos,3942061
2026-07-15T01:01:56.127736,2026-07-15T01:01:56.141599+00:00,69.9,15,bid,DiligentDonuts,EarnestEspressos,3942069
2026-07-15T01:01:56.196130,2026-07-15T01:01:56.200670+00:00,70.1,3,ask,DiligentDonuts,Xuanyu Liu,3942070
2026-07-15T01:01:56.224916,2026-07-15T01:01:56.234326+00:00,70.1,42,ask,DiligentDonuts,Sze-Yong Ng,3942071
2026-07-15T01:01:56.724587,2026-07-15T01:01:56.729615+00:00,70.1,5,ask,DiligentDonuts,Sebastian Baldwin,3942076
2026-07-15T01:01:56.752371,2026-07-15T01:01:56.757018+00:00,70.1,11,ask,DiligentDonuts,Xuanyu Liu,3942078
2026-07-15T01:01:56.945349,2026-07-15T01:01:56.958933+00:00,70.1,19,ask,DiligentDonuts,Sze-Yong Ng,3942081
2026-07-15T01:01:57.274518,2026-07-15T01:01:57.289725+00:00,70.6,50,bid,FlawlessFlatbreads,DiligentDonuts,3942084
2026-07-15T01:01:57.659458,2026-07-15T01:01:57.666147+00:00,70.1,5,ask,Sebastian Baldwin,CostlyCorianders,3942093
2026-07-15T01:01:57.659458,2026-07-15T01:01:57.676939+00:00,70.1,5,ask,DiligentDonuts,CostlyCorianders,3942094
2026-07-15T01:01:59.383058,2026-07-15T01:01:59.392971+00:00,70.2,50,bid,FlawlessFlatbreads,DiligentDonuts,3942118
2026-07-15T01:02:01.489211,2026-07-15T01:02:01.493687+00:00,70.2,50,bid,FlawlessFlatbreads,DiligentDonuts,3942142
2026-07-15T01:02:02.832760,2026-07-15T01:02:02.842296+00:00,70.0,7,ask,EarnestEspressos,Sebastian Baldwin,3942162
2026-07-15T01:02:03.293825,2026-07-15T01:02:03.304297+00:00,70.0,44,ask,EarnestEspressos,CostlyCorianders,3942172
2026-07-15T01:02:03.598301,2026-07-15T01:02:03.602386+00:00,70.5,50,bid,FlawlessFlatbreads,EarnestEspressos,3942178
2026-07-15T01:02:05.704739,2026-07-15T01:02:05.709451+00:00,70.6,50,bid,FlawlessFlatbreads,EarnestEspressos,3942208
2026-07-15T01:02:05.989668,2026-07-15T01:02:05.994602+00:00,70.3,10,ask,DiligentDonuts,Xuanyu Liu,3942218
2026-07-15T01:02:06.126898,2026-07-15T01:02:06.133943+00:00,70.3,13,ask,DiligentDonuts,Sze-Yong Ng,3942220
2026-07-15T01:02:06.312278,2026-07-15T01:02:06.314843+00:00,70.3,43,ask,DiligentDonuts,CostlyCorianders,3942221
2026-07-15T01:02:07.818744,2026-07-15T01:02:07.825275+00:00,70.6,50,bid,FlawlessFlatbreads,EarnestEspressos,3942239
2026-07-15T01:02:08.085312,2026-07-15T01:02:08.089807+00:00,70.4,11,ask,EarnestEspressos,Xuanyu Liu,3942242
2026-07-15T01:02:08.164956,2026-07-15T01:02:08.175593+00:00,70.4,9,ask,EarnestEspressos,Sze-Yong Ng,3942246
2026-07-15T01:02:09.927994,2026-07-15T01:02:09.938405+00:00,70.6,50,bid,FlawlessFlatbreads,DiligentDonuts,3942278
2026-07-15T01:02:10.359447,2026-07-15T01:02:10.363152+00:00,70.6,41,bid,CostlyCorianders,DiligentDonuts,3942289
2026-07-15T01:02:11.011692,2026-07-15T01:02:11.017169+00:00,70.6,9,bid,CostlyCorianders,DiligentDonuts,3942294
2026-07-15T01:02:11.011692,2026-07-15T01:02:11.017169+00:00,70.9,35,bid,CostlyCorianders,EarnestEspressos,3942295
2026-07-15T01:02:11.654849,2026-07-15T01:02:11.663857+00:00,70.4,5,ask,Sebastian Baldwin,CostlyCorianders,3942302
2026-07-15T01:02:11.654849,2026-07-15T01:02:11.663857+00:00,70.4,41,ask,EarnestEspressos,CostlyCorianders,3942303
2026-07-15T01:02:11.983995,2026-07-15T01:02:11.995265+00:00,70.4,2,ask,EarnestEspressos,Sebastian Baldwin,3942308
2026-07-15T01:02:12.084859,2026-07-15T01:02:12.092162+00:00,70.4,50,ask,EarnestEspressos,FlawlessFlatbreads,3942314
2026-07-15T01:02:13.849320,2026-07-15T01:02:13.863959+00:00,70.4,11,ask,EarnestEspressos,Xuanyu Liu,3942339
2026-07-15T01:02:14.053493,2026-07-15T01:02:14.056044+00:00,70.4,3,ask,EarnestEspressos,Sebastian Baldwin,3942348
2026-07-15T01:02:14.193646,2026-07-15T01:02:14.205166+00:00,70.4,43,ask,EarnestEspressos,FlawlessFlatbreads,3942351
2026-07-15T01:02:14.193646,2026-07-15T01:02:14.205166+00:00,70.4,5,ask,Sebastian Baldwin,FlawlessFlatbreads,3942352
2026-07-15T01:02:16.101302,2026-07-15T01:02:16.110022+00:00,70.2,2,ask,DiligentDonuts,Sebastian Baldwin,3942378
2026-07-15T01:02:16.261143,2026-07-15T01:02:16.270087+00:00,70.4,50,bid,FlawlessFlatbreads,EarnestEspressos,3942380
2026-07-15T01:02:16.324145,2026-07-15T01:02:16.333957+00:00,70.4,42,bid,CostlyCorianders,EarnestEspressos,3942382
2026-07-15T01:02:16.377650,2026-07-15T01:02:16.387359+00:00,70.2,41,ask,DiligentDonuts,CostlyCorianders,3942384
2026-07-15T01:02:18.145975,2026-07-15T01:02:18.158280+00:00,70.2,3,ask,DiligentDonuts,Sebastian Baldwin,3942404
2026-07-15T01:02:18.371889,2026-07-15T01:02:18.382111+00:00,70.4,50,bid,FlawlessFlatbreads,EarnestEspressos,3942408
2026-07-15T01:02:18.397993,2026-07-15T01:02:18.403372+00:00,70.4,47,bid,CostlyCorianders,EarnestEspressos,3942409
2026-07-15T01:02:20.554200,2026-07-15T01:02:20.560677+00:00,70.0,50,ask,DiligentDonuts,FlawlessFlatbreads,3942441
2026-07-15T01:02:20.624622,2026-07-15T01:02:20.637101+00:00,70.0,40,ask,DiligentDonuts,CostlyCorianders,3942444
2026-07-15T01:02:20.742626,2026-07-15T01:02:20.744464+00:00,70.5,100,bid,EarnestEspressos,DiligentDonuts,3942447
2026-07-15T01:02:20.798806,2026-07-15T01:02:20.807463+00:00,70.5,11,ask,EarnestEspressos,Xuanyu Liu,3942449
2026-07-15T01:02:20.831469,2026-07-15T01:02:20.840127+00:00,70.5,17,ask,EarnestEspressos,Sze-Yong Ng,3942451
2026-07-15T01:02:22.662616,2026-07-15T01:02:22.666684+00:00,70.5,22,ask,EarnestEspressos,FlawlessFlatbreads,3942471
2026-07-15T01:02:22.662616,2026-07-15T01:02:22.677536+00:00,70.5,5,ask,Sebastian Baldwin,FlawlessFlatbreads,3942472
2026-07-15T01:02:22.662616,2026-07-15T01:02:22.677536+00:00,70.1,23,ask,DiligentDonuts,FlawlessFlatbreads,3942473
2026-07-15T01:02:22.675886,2026-07-15T01:02:22.688463+00:00,70.6,47,bid,CostlyCorianders,DiligentDonuts,3942474
2026-07-15T01:02:23.237967,2026-07-15T01:02:23.240253+00:00,70.1,5,ask,DiligentDonuts,Sebastian Baldwin,3942484
2026-07-15T01:02:23.847610,2026-07-15T01:02:23.853155+00:00,70.1,41,ask,DiligentDonuts,CostlyCorianders,3942494
2026-07-15T01:02:24.413465,2026-07-15T01:02:24.418069+00:00,70.5,45,bid,CostlyCorianders,EarnestEspressos,3942497
2026-07-15T01:02:24.779537,2026-07-15T01:02:24.785027+00:00,70.2,50,ask,DiligentDonuts,FlawlessFlatbreads,3942501
2026-07-15T01:02:25.377039,2026-07-15T01:02:25.381754+00:00,70.5,11,bid,Xuanyu Liu,EarnestEspressos,3942507
2026-07-15T01:02:26.887370,2026-07-15T01:02:26.890258+00:00,70.2,50,ask,DiligentDonuts,FlawlessFlatbreads,3942529
2026-07-15T01:02:27.835989,2026-07-15T01:02:27.840810+00:00,70.4,11,bid,Xuanyu Liu,DiligentDonuts,3942542
2026-07-15T01:02:29.655662,2026-07-15T01:02:29.662965+00:00,70.4,49,bid,CostlyCorianders,DiligentDonuts,3942553
2026-07-15T01:02:30.169585,2026-07-15T01:02:30.179899+00:00,70.3,47,ask,EarnestEspressos,CostlyCorianders,3942563
2026-07-15T01:02:31.121816,2026-07-15T01:02:31.132525+00:00,70.2,50,ask,EarnestEspressos,FlawlessFlatbreads,3942578
2026-07-15T01:02:31.819136,2026-07-15T01:02:31.823166+00:00,70.2,46,ask,EarnestEspressos,CostlyCorianders,3942588
2026-07-15T01:02:33.437424,2026-07-15T01:02:33.452829+00:00,70.2,5,ask,Sebastian Baldwin,EarnestEspressos,3942611
2026-07-15T01:02:33.448283,2026-07-15T01:02:33.452829+00:00,70.1,11,bid,Xuanyu Liu,EarnestEspressos,3942612
2026-07-15T01:02:33.503494,2026-07-15T01:02:33.507171+00:00,70.1,17,bid,Sze-Yong Ng,EarnestEspressos,3942613
2026-07-15T01:02:33.544092,2026-07-15T01:02:33.549393+00:00,70.1,10,bid,Xuanyu Liu,EarnestEspressos,3942614
2026-07-15T01:02:33.693660,2026-07-15T01:02:33.700530+00:00,70.1,9,bid,Sze-Yong Ng,EarnestEspressos,3942618
2026-07-15T01:02:34.102275,2026-07-15T01:02:34.106063+00:00,70.1,98,bid,DiligentDonuts,EarnestEspressos,3942628
2026-07-15T01:02:36.501707,2026-07-15T01:02:36.504289+00:00,70.1,2,ask,DiligentDonuts,Sebastian Baldwin,3942660
2026-07-15T01:02:37.318204,2026-07-15T01:02:37.327023+00:00,70.2,100,ask,EarnestEspressos,DiligentDonuts,3942672
2026-07-15T01:02:37.461263,2026-07-15T01:02:37.467219+00:00,70.2,50,ask,EarnestEspressos,FlawlessFlatbreads,3942676
2026-07-15T01:02:41.620288,2026-07-15T01:02:41.625410+00:00,70.3,50,bid,FlawlessFlatbreads,EarnestEspressos,3942742
2026-07-15T01:02:43.786171,2026-07-15T01:02:43.793549+00:00,70.0,50,ask,DiligentDonuts,FlawlessFlatbreads,3942771
2026-07-15T01:02:44.486876,2026-07-15T01:02:44.498501+00:00,70.3,48,bid,CostlyCorianders,EarnestEspressos,3942784
2026-07-15T01:02:45.893987,2026-07-15T01:02:45.898793+00:00,70.0,50,ask,DiligentDonuts,FlawlessFlatbreads,3942815
2026-07-15T01:02:46.155641,2026-07-15T01:02:46.166100+00:00,70.2,49,ask,EarnestEspressos,CostlyCorianders,3942818
2026-07-15T01:02:48.008624,2026-07-15T01:02:48.016019+00:00,70.2,50,ask,EarnestEspressos,FlawlessFlatbreads,3942843
2026-07-15T01:02:50.114757,2026-07-15T01:02:50.126515+00:00,69.9,5,ask,Sebastian Baldwin,FlawlessFlatbreads,3942875
2026-07-15T01:02:50.114757,2026-07-15T01:02:50.126515+00:00,69.9,45,ask,DiligentDonuts,FlawlessFlatbreads,3942876
2026-07-15T01:02:51.023936,2026-07-15T01:02:51.028298+00:00,70.3,42,bid,CostlyCorianders,EarnestEspressos,3942885
2026-07-15T01:02:52.225376,2026-07-15T01:02:52.234632+00:00,69.9,50,ask,DiligentDonuts,FlawlessFlatbreads,3942898
2026-07-15T01:02:53.130453,2026-07-15T01:02:53.135132+00:00,70.2,11,bid,Xuanyu Liu,DiligentDonuts,3942908
2026-07-15T01:02:53.183031,2026-07-15T01:02:53.188878+00:00,70.2,13,bid,Sze-Yong Ng,DiligentDonuts,3942909
2026-07-15T01:02:53.224842,2026-07-15T01:02:53.229400+00:00,70.2,3,bid,Xuanyu Liu,DiligentDonuts,3942912
2026-07-15T01:02:53.372572,2026-07-15T01:02:53.379925+00:00,70.2,61,bid,Sze-Yong Ng,DiligentDonuts,3942917
2026-07-15T01:02:53.536656,2026-07-15T01:02:53.539648+00:00,70.0,42,ask,EarnestEspressos,CostlyCorianders,3942922
2026-07-15T01:02:54.338593,2026-07-15T01:02:54.347892+00:00,70.0,50,ask,EarnestEspressos,FlawlessFlatbreads,3942924
2026-07-15T01:02:55.663312,2026-07-15T01:02:55.670366+00:00,70.2,12,bid,CostlyCorianders,DiligentDonuts,3942943
2026-07-15T01:02:55.663312,2026-07-15T01:02:55.670366+00:00,70.3,35,bid,CostlyCorianders,EarnestEspressos,3942944
2026-07-15T01:02:56.449528,2026-07-15T01:02:56.451751+00:00,70.2,50,ask,DiligentDonuts,FlawlessFlatbreads,3942959
2026-07-15T01:02:58.557437,2026-07-15T01:02:58.568599+00:00,70.2,50,ask,DiligentDonuts,FlawlessFlatbreads,3942986
2026-07-15T01:02:58.771530,2026-07-15T01:02:58.782486+00:00,70.2,5,ask,Sebastian Baldwin,CostlyCorianders,3942992
2026-07-15T01:02:58.771530,2026-07-15T01:02:58.782486+00:00,69.9,36,ask,EarnestEspressos,CostlyCorianders,3942993
2026-07-15T01:02:59.784563,2026-07-15T01:02:59.789898+00:00,70.2,14,bid,Xuanyu Liu,DiligentDonuts,3943008
2026-07-15T01:02:59.806007,2026-07-15T01:02:59.811142+00:00,70.2,66,bid,Akshit Parekh,DiligentDonuts,3943010
2026-07-15T01:02:59.848881,2026-07-15T01:02:59.853541+00:00,70.2,20,bid,Sze-Yong Ng,DiligentDonuts,3943011
2026-07-15T01:02:59.866602,2026-07-15T01:02:59.875082+00:00,70.4,33,bid,Akshit Parekh,EarnestEspressos,3943013
2026-07-15T01:02:59.890259,2026-07-15T01:02:59.896413+00:00,70.4,10,bid,Sebastian Baldwin,EarnestEspressos,3943016
2026-07-15T01:02:59.925705,2026-07-15T01:02:59.928411+00:00,70.4,29,bid,Akshit Parekh,EarnestEspressos,3943019
2026-07-15T01:03:00.038615,2026-07-15T01:03:00.044905+00:00,70.4,41,bid,Sze-Yong Ng,EarnestEspressos,3943021
2026-07-15T01:03:00.614321,2026-07-15T01:03:00.616829+00:00,70.4,37,bid,FlawlessFlatbreads,EarnestEspressos,3943031
2026-07-15T01:03:01.926605,2026-07-15T01:03:01.931101+00:00,70.4,14,ask,EarnestEspressos,Xuanyu Liu,3943045
2026-07-15T01:03:01.953771,2026-07-15T01:03:01.962671+00:00,70.4,61,ask,EarnestEspressos,Sze-Yong Ng,3943046
2026-07-15T01:03:02.406799,2026-07-15T01:03:02.411854+00:00,70.4,3,ask,EarnestEspressos,Xuanyu Liu,3943052
2026-07-15T01:03:02.436183,2026-07-15T01:03:02.443511+00:00,70.4,16,ask,EarnestEspressos,Akshit Parekh,3943054
2026-07-15T01:03:02.497803,2026-07-15T01:03:02.506995+00:00,70.4,16,ask,EarnestEspressos,Akshit Parekh,3943056
2026-07-15T01:03:02.533726,2026-07-15T01:03:02.538704+00:00,70.4,40,ask,EarnestEspressos,Sze-Yong Ng,3943059
2026-07-15T01:03:02.533726,2026-07-15T01:03:02.538704+00:00,70.4,2,ask,Sebastian Baldwin,Sze-Yong Ng,3943060
2026-07-15T01:03:02.560141,2026-07-15T01:03:02.570408+00:00,70.4,3,ask,Sebastian Baldwin,Akshit Parekh,3943061
2026-07-15T01:03:02.720240,2026-07-15T01:03:02.723809+00:00,70.5,50,bid,FlawlessFlatbreads,DiligentDonuts,3943067
2026-07-15T01:03:02.967125,2026-07-15T01:03:02.977925+00:00,70.5,40,bid,CostlyCorianders,DiligentDonuts,3943074
2026-07-15T01:03:04.826944,2026-07-15T01:03:04.830583+00:00,70.5,10,bid,FlawlessFlatbreads,DiligentDonuts,3943088
2026-07-15T01:03:04.826944,2026-07-15T01:03:04.841215+00:00,70.9,40,bid,FlawlessFlatbreads,EarnestEspressos,3943089
2026-07-15T01:03:05.077948,2026-07-15T01:03:05.081975+00:00,70.5,3,bid,Akshit Parekh,EarnestEspressos,3943096
2026-07-15T01:03:05.130037,2026-07-15T01:03:05.135310+00:00,70.5,16,bid,Akshit Parekh,EarnestEspressos,3943098
2026-07-15T01:03:05.157708,2026-07-15T01:03:05.167086+00:00,70.5,80,bid,Sze-Yong Ng,EarnestEspressos,3943099
2026-07-15T01:03:05.189749,2026-07-15T01:03:05.198774+00:00,70.5,16,bid,Akshit Parekh,EarnestEspressos,3943101
2026-07-15T01:03:05.249907,2026-07-15T01:03:05.261741+00:00,70.5,3,bid,Xuanyu Liu,EarnestEspressos,3943105
2026-07-15T01:03:05.727586,2026-07-15T01:03:05.733339+00:00,70.5,32,bid,DiligentDonuts,EarnestEspressos,3943109
2026-07-15T01:03:05.856024,2026-07-15T01:03:05.859589+00:00,70.7,38,ask,DiligentDonuts,Sze-Yong Ng,3943110
2026-07-15T01:03:06.100024,2026-07-15T01:03:06.102534+00:00,70.7,30,ask,DiligentDonuts,CostlyCorianders,3943118
2026-07-15T01:03:06.100024,2026-07-15T01:03:06.113081+00:00,70.7,5,ask,Sebastian Baldwin,CostlyCorianders,3943119
2026-07-15T01:03:08.188353,2026-07-15T01:03:08.192685+00:00,70.7,14,ask,EarnestEspressos,Xuanyu Liu,3943141
2026-07-15T01:03:08.192180,2026-07-15T01:03:08.203535+00:00,70.7,61,ask,EarnestEspressos,Sze-Yong Ng,3943142
2026-07-15T01:03:08.211042,2026-07-15T01:03:08.214388+00:00,70.7,33,ask,EarnestEspressos,Akshit Parekh,3943143
2026-07-15T01:03:08.270901,2026-07-15T01:03:08.278468+00:00,70.7,33,ask,EarnestEspressos,Akshit Parekh,3943146
2026-07-15T01:03:08.333617,2026-07-15T01:03:08.342275+00:00,70.7,9,ask,EarnestEspressos,Akshit Parekh,3943149
2026-07-15T01:03:10.208414,2026-07-15T01:03:10.218220+00:00,70.7,11,bid,Xuanyu Liu,DiligentDonuts,3943175
2026-07-15T01:03:11.061379,2026-07-15T01:03:11.069448+00:00,70.7,45,bid,CostlyCorianders,DiligentDonuts,3943194
2026-07-15T01:03:13.298738,2026-07-15T01:03:13.305746+00:00,70.6,50,ask,DiligentDonuts,FlawlessFlatbreads,3943230
2026-07-15T01:03:13.855902,2026-07-15T01:03:13.862026+00:00,70.6,16,ask,DiligentDonuts,Akshit Parekh,3943235
2026-07-15T01:03:13.914891,2026-07-15T01:03:13.925530+00:00,70.6,16,ask,DiligentDonuts,Akshit Parekh,3943237
2026-07-15T01:03:13.975073,2026-07-15T01:03:13.978487+00:00,70.6,16,ask,DiligentDonuts,Akshit Parekh,3943239
2026-07-15T01:03:14.037231,2026-07-15T01:03:14.042154+00:00,70.6,2,ask,DiligentDonuts,Akshit Parekh,3943241
2026-07-15T01:03:14.037231,2026-07-15T01:03:14.042154+00:00,70.6,3,ask,Sebastian Baldwin,Akshit Parekh,3943242
2026-07-15T01:03:14.435457,2026-07-15T01:03:14.447493+00:00,70.3,46,ask,EarnestEspressos,CostlyCorianders,3943255
2026-07-15T01:03:14.578393,2026-07-15T01:03:14.582721+00:00,70.5,3,bid,Xuanyu Liu,EarnestEspressos,3943258
2026-07-15T01:03:14.631808,2026-07-15T01:03:14.635423+00:00,70.5,61,bid,Sze-Yong Ng,EarnestEspressos,3943259
2026-07-15T01:03:15.126889,2026-07-15T01:03:15.136974+00:00,70.5,3,bid,Sebastian Baldwin,EarnestEspressos,3943265
2026-07-15T01:03:15.406509,2026-07-15T01:03:15.412481+00:00,70.3,50,ask,DiligentDonuts,FlawlessFlatbreads,3943266
2026-07-15T01:03:17.158210,2026-07-15T01:03:17.165213+00:00,70.5,3,bid,Sebastian Baldwin,EarnestEspressos,3943297
2026-07-15T01:03:17.239382,2026-07-15T01:03:17.249535+00:00,70.5,2,bid,Dinh Nguyen,EarnestEspressos,3943298
2026-07-15T01:03:17.513379,2026-07-15T01:03:17.525200+00:00,70.3,50,ask,DiligentDonuts,FlawlessFlatbreads,3943303
2026-07-15T01:03:18.426911,2026-07-15T01:03:18.430817+00:00,70.3,100,ask,EarnestEspressos,DiligentDonuts,3943320
2026-07-15T01:03:19.195462,2026-07-15T01:03:19.204523+00:00,70.8,3,bid,Sebastian Baldwin,EarnestEspressos,3943337
2026-07-15T01:03:19.210012,2026-07-15T01:03:19.215370+00:00,70.8,42,bid,CostlyCorianders,EarnestEspressos,3943338
2026-07-15T01:03:19.620475,2026-07-15T01:03:19.633095+00:00,70.3,50,ask,EarnestEspressos,FlawlessFlatbreads,3943342
2026-07-15T01:03:20.917197,2026-07-15T01:03:20.929223+00:00,70.5,16,bid,Akshit Parekh,EarnestEspressos,3943371
2026-07-15T01:03:20.929662,2026-07-15T01:03:20.940285+00:00,70.5,38,bid,Sze-Yong Ng,EarnestEspressos,3943372
2026-07-15T01:03:20.975813,2026-07-15T01:03:20.983838+00:00,70.5,16,bid,Akshit Parekh,EarnestEspressos,3943376
2026-07-15T01:03:21.084796,2026-07-15T01:03:21.093193+00:00,70.5,16,bid,Akshit Parekh,EarnestEspressos,3943381
2026-07-15T01:03:21.143082,2026-07-15T01:03:21.146955+00:00,70.5,16,bid,Akshit Parekh,EarnestEspressos,3943384
2026-07-15T01:03:21.202786,2026-07-15T01:03:21.210795+00:00,70.5,16,bid,Akshit Parekh,EarnestEspressos,3943387
2026-07-15T01:03:21.262985,2026-07-15T01:03:21.274494+00:00,70.5,16,bid,Akshit Parekh,EarnestEspressos,3943389
2026-07-15T01:03:21.281032,2026-07-15T01:03:21.285273+00:00,70.5,5,bid,Sebastian Baldwin,EarnestEspressos,3943391
2026-07-15T01:03:21.321406,2026-07-15T01:03:21.327613+00:00,70.5,11,bid,Akshit Parekh,EarnestEspressos,3943393
2026-07-15T01:03:21.321406,2026-07-15T01:03:21.327613+00:00,70.5,5,bid,Akshit Parekh,Sebastian Baldwin,3943394
2026-07-15T01:03:21.686999,2026-07-15T01:03:21.698792+00:00,70.8,50,bid,FlawlessFlatbreads,DiligentDonuts,3943398
2026-07-15T01:03:22.808506,2026-07-15T01:03:22.821140+00:00,70.8,47,bid,CostlyCorianders,DiligentDonuts,3943417
2026-07-15T01:03:23.843145,2026-07-15T01:03:23.854989+00:00,70.3,50,ask,DiligentDonuts,FlawlessFlatbreads,3943440
2026-07-15T01:03:24.703588,2026-07-15T01:03:24.710355+00:00,70.7,3,ask,EarnestEspressos,Xuanyu Liu,3943455
2026-07-15T01:03:24.733252,2026-07-15T01:03:24.743342+00:00,70.7,16,ask,EarnestEspressos,Akshit Parekh,3943458
2026-07-15T01:03:24.793447,2026-07-15T01:03:24.798049+00:00,70.7,16,ask,EarnestEspressos,Akshit Parekh,3943462
2026-07-15T01:03:24.829487,2026-07-15T01:03:24.841787+00:00,70.7,80,ask,EarnestEspressos,Sze-Yong Ng,3943465
2026-07-15T01:03:24.854519,2026-07-15T01:03:24.863575+00:00,70.7,16,ask,EarnestEspressos,Akshit Parekh,3943466
2026-07-15T01:03:24.915507,2026-07-15T01:03:24.918383+00:00,70.7,16,ask,EarnestEspressos,Akshit Parekh,3943471
2026-07-15T01:03:24.974089,2026-07-15T01:03:24.983418+00:00,70.7,3,ask,EarnestEspressos,Akshit Parekh,3943473
2026-07-15T01:03:24.974089,2026-07-15T01:03:24.983418+00:00,70.7,5,ask,Sebastian Baldwin,Akshit Parekh,3943474
2026-07-15T01:03:25.961750,2026-07-15T01:03:25.972170+00:00,70.6,50,ask,DiligentDonuts,FlawlessFlatbreads,3943491
2026-07-15T01:03:27.236002,2026-07-15T01:03:27.241048+00:00,70.7,3,bid,Xuanyu Liu,EarnestEspressos,3943508
2026-07-15T01:03:27.244569,2026-07-15T01:03:27.252091+00:00,70.7,16,bid,Akshit Parekh,EarnestEspressos,3943510
2026-07-15T01:03:27.250024,2026-07-15T01:03:27.252091+00:00,70.7,80,bid,Sze-Yong Ng,EarnestEspressos,3943511
2026-07-15T01:03:27.305915,2026-07-15T01:03:27.317780+00:00,70.7,5,bid,Akshit Parekh,EarnestEspressos,3943513
2026-07-15T01:03:28.437354,2026-07-15T01:03:28.442189+00:00,70.7,2,bid,Dinh Nguyen,EarnestEspressos,3943537
2026-07-15T01:03:28.636519,2026-07-15T01:03:28.640927+00:00,70.7,3,bid,Xuanyu Liu,EarnestEspressos,3943544
2026-07-15T01:03:28.664809,2026-07-15T01:03:28.673714+00:00,70.7,36,bid,Sze-Yong Ng,EarnestEspressos,3943545
2026-07-15T01:03:28.672191,2026-07-15T01:03:28.684664+00:00,70.7,5,bid,Akshit Parekh,EarnestEspressos,3943547
2026-07-15T01:03:28.672191,2026-07-15T01:03:28.684664+00:00,70.7,5,bid,Akshit Parekh,Sebastian Baldwin,3943548
2026-07-15T01:03:29.470984,2026-07-15T01:03:29.475775+00:00,71.0,3,bid,Sebastian Baldwin,DiligentDonuts,3943556
2026-07-15T01:03:29.683340,2026-07-15T01:03:29.689392+00:00,71.0,2,bid,Dinh Nguyen,DiligentDonuts,3943559
2026-07-15T01:03:30.764244,2026-07-15T01:03:30.768603+00:00,70.9,3,ask,EarnestEspressos,Xuanyu Liu,3943577
2026-07-15T01:03:30.828671,2026-07-15T01:03:30.832108+00:00,70.9,74,ask,EarnestEspressos,Sze-Yong Ng,3943578
2026-07-15T01:03:30.921360,2026-07-15T01:03:30.927286+00:00,71.0,2,bid,Dinh Nguyen,DiligentDonuts,3943580
2026-07-15T01:03:32.159318,2026-07-15T01:03:32.166173+00:00,71.0,2,bid,Dinh Nguyen,DiligentDonuts,3943591
2026-07-15T01:03:32.173358,2026-07-15T01:03:32.176902+00:00,70.9,46,ask,EarnestEspressos,CostlyCorianders,3943592
2026-07-15T01:03:32.278289,2026-07-15T01:03:32.282686+00:00,70.9,27,ask,EarnestEspressos,FlawlessFlatbreads,3943593
2026-07-15T01:03:32.278289,2026-07-15T01:03:32.282686+00:00,70.9,5,ask,Sebastian Baldwin,FlawlessFlatbreads,3943594
2026-07-15T01:03:32.278289,2026-07-15T01:03:32.293341+00:00,70.5,18,ask,DiligentDonuts,FlawlessFlatbreads,3943595
2026-07-15T01:03:33.594956,2026-07-15T01:03:33.606111+00:00,70.7,16,bid,Akshit Parekh,EarnestEspressos,3943617
2026-07-15T01:03:33.644118,2026-07-15T01:03:33.648597+00:00,70.7,5,bid,Akshit Parekh,EarnestEspressos,3943619
2026-07-15T01:03:33.657864,2026-07-15T01:03:33.669976+00:00,70.7,5,bid,Sebastian Baldwin,EarnestEspressos,3943623
2026-07-15T01:03:33.682355,2026-07-15T01:03:33.691170+00:00,70.7,38,bid,Sze-Yong Ng,EarnestEspressos,3943624
2026-07-15T01:03:33.802331,2026-07-15T01:03:33.808311+00:00,70.5,41,ask,DiligentDonuts,CostlyCorianders,3943627
2026-07-15T01:03:33.972955,2026-07-15T01:03:33.977527+00:00,70.7,23,bid,Sze-Yong Ng,EarnestEspressos,3943633
2026-07-15T01:03:34.414379,2026-07-15T01:03:34.417969+00:00,70.5,5,ask,Sebastian Baldwin,FlawlessFlatbreads,3943646
2026-07-15T01:03:34.414379,2026-07-15T01:03:34.417969+00:00,70.5,45,ask,DiligentDonuts,FlawlessFlatbreads,3943647
2026-07-15T01:03:34.682099,2026-07-15T01:03:34.691853+00:00,70.7,10,bid,Dinh Nguyen,EarnestEspressos,3943653
2026-07-15T01:03:34.868264,2026-07-15T01:03:34.871472+00:00,70.7,43,bid,CostlyCorianders,EarnestEspressos,3943655
2026-07-15T01:03:34.889434,2026-07-15T01:03:34.892602+00:00,70.7,10,bid,Sebastian Baldwin,EarnestEspressos,3943656
2026-07-15T01:03:34.889434,2026-07-15T01:03:34.903177+00:00,70.7,5,bid,Dinh Nguyen,Sebastian Baldwin,3943657
2026-07-15T01:03:35.146362,2026-07-15T01:03:35.157641+00:00,71.0,2,bid,Dinh Nguyen,DiligentDonuts,3943660
2026-07-15T01:03:35.371647,2026-07-15T01:03:35.379454+00:00,70.5,40,ask,DiligentDonuts,CostlyCorianders,3943668
2026-07-15T01:03:37.455565,2026-07-15T01:03:37.463960+00:00,70.9,100,ask,EarnestEspressos,DiligentDonuts,3943697
2026-07-15T01:03:37.926247,2026-07-15T01:03:37.935152+00:00,70.9,50,ask,EarnestEspressos,Sze-Yong Ng,3943715
2026-07-15T01:03:37.926247,2026-07-15T01:03:37.935152+00:00,70.9,5,ask,Sebastian Baldwin,Sze-Yong Ng,3943716
2026-07-15T01:03:39.886127,2026-07-15T01:03:39.888667+00:00,70.9,16,bid,Akshit Parekh,EarnestEspressos,3943743
2026-07-15T01:03:39.944483,2026-07-15T01:03:39.951978+00:00,70.9,32,bid,Sze-Yong Ng,EarnestEspressos,3943746
2026-07-15T01:03:39.947300,2026-07-15T01:03:39.951978+00:00,70.9,2,bid,Akshit Parekh,EarnestEspressos,3943747
2026-07-15T01:03:40.408505,2026-07-15T01:03:40.416860+00:00,70.9,25,bid,Dinh Nguyen,EarnestEspressos,3943755
2026-07-15T01:03:40.661399,2026-07-15T01:03:40.663710+00:00,70.8,2,bid,Dinh Nguyen,DiligentDonuts,3943764
2026-07-15T01:03:41.859064,2026-07-15T01:03:41.869509+00:00,70.8,5,bid,Sebastian Baldwin,DiligentDonuts,3943785
2026-07-15T01:03:41.863449,2026-07-15T01:03:41.869509+00:00,70.8,3,bid,Sebastian Baldwin,DiligentDonuts,3943786
2026-07-15T01:03:42.032150,2026-07-15T01:03:42.038119+00:00,70.8,47,bid,CostlyCorianders,DiligentDonuts,3943793
2026-07-15T01:03:42.873950,2026-07-15T01:03:42.880709+00:00,70.4,50,ask,EarnestEspressos,FlawlessFlatbreads,3943809
2026-07-15T01:03:42.897251,2026-07-15T01:03:42.902690+00:00,70.8,10,bid,Sebastian Baldwin,DiligentDonuts,3943811
2026-07-15T01:03:42.966814,2026-07-15T01:03:42.977584+00:00,70.8,23,bid,Sze-Yong Ng,DiligentDonuts,3943813
2026-07-15T01:03:43.384362,2026-07-15T01:03:43.391462+00:00,70.8,10,bid,Dinh Nguyen,DiligentDonuts,3943818
2026-07-15T01:03:43.384362,2026-07-15T01:03:43.391462+00:00,70.8,5,bid,Dinh Nguyen,Sebastian Baldwin,3943819
2026-07-15T01:03:43.639364,2026-07-15T01:03:43.645488+00:00,71.0,2,bid,Dinh Nguyen,EarnestEspressos,3943825
2026-07-15T01:03:43.718815,2026-07-15T01:03:43.730391+00:00,70.5,49,ask,EarnestEspressos,CostlyCorianders,3943827
2026-07-15T01:03:43.922817,2026-07-15T01:03:43.931894+00:00,71.0,3,bid,Sebastian Baldwin,EarnestEspressos,3943828
2026-07-15T01:03:44.871451,2026-07-15T01:03:44.878996+00:00,71.0,2,bid,Dinh Nguyen,EarnestEspressos,3943854
2026-07-15T01:03:44.950492,2026-07-15T01:03:44.952999+00:00,71.0,3,bid,Sebastian Baldwin,EarnestEspressos,3943856
2026-07-15T01:03:44.981582,2026-07-15T01:03:44.985167+00:00,70.9,50,ask,DiligentDonuts,FlawlessFlatbreads,3943857
2026-07-15T01:03:45.979990,2026-07-15T01:03:45.988577+00:00,71.0,5,bid,Sebastian Baldwin,EarnestEspressos,3943873
2026-07-15T01:03:45.984211,2026-07-15T01:03:45.988577+00:00,71.0,3,bid,Sebastian Baldwin,EarnestEspressos,3943874
2026-07-15T01:03:46.197845,2026-07-15T01:03:46.201811+00:00,70.9,50,ask,DiligentDonuts,EarnestEspressos,3943878
2026-07-15T01:03:46.197845,2026-07-15T01:03:46.201811+00:00,70.9,5,ask,Sebastian Baldwin,EarnestEspressos,3943879
2026-07-15T01:03:46.369388,2026-07-15T01:03:46.372387+00:00,70.9,25,bid,Dinh Nguyen,EarnestEspressos,3943882
2026-07-15T01:03:46.622393,2026-07-15T01:03:46.628261+00:00,70.9,2,bid,Dinh Nguyen,EarnestEspressos,3943887
2026-07-15T01:03:47.038498,2026-07-15T01:03:47.045049+00:00,70.9,50,bid,FlawlessFlatbreads,EarnestEspressos,3943894
2026-07-15T01:03:47.481695,2026-07-15T01:03:47.493495+00:00,70.9,18,bid,CostlyCorianders,EarnestEspressos,3943903
2026-07-15T01:03:47.481695,2026-07-15T01:03:47.493495+00:00,70.9,5,bid,CostlyCorianders,Sebastian Baldwin,3943904
2026-07-15T01:03:47.481695,2026-07-15T01:03:47.493495+00:00,71.0,17,bid,CostlyCorianders,DiligentDonuts,3943905
2026-07-15T01:03:49.099136,2026-07-15T01:03:49.108305+00:00,71.0,2,bid,Dinh Nguyen,DiligentDonuts,3943930
2026-07-15T01:03:49.157345,2026-07-15T01:03:49.160922+00:00,71.0,50,bid,FlawlessFlatbreads,DiligentDonuts,3943931
2026-07-15T01:03:51.265716,2026-07-15T01:03:51.277378+00:00,71.0,50,bid,FlawlessFlatbreads,EarnestEspressos,3943967
2026-07-15T01:03:51.995728,2026-07-15T01:03:52.004230+00:00,71.0,48,bid,CostlyCorianders,EarnestEspressos,3943979
2026-07-15T01:03:52.482985,2026-07-15T01:03:52.527285+00:00,71.0,5,bid,EarnestEspressos,Sebastian Baldwin,3943992
2026-07-15T01:03:52.522369,2026-07-15T01:03:52.527285+00:00,71.0,14,ask,EarnestEspressos,Xuanyu Liu,3943993
2026-07-15T01:03:52.522575,2026-07-15T01:03:52.527285+00:00,71.0,122,ask,EarnestEspressos,Sze-Yong Ng,3943994
2026-07-15T01:03:52.531816,2026-07-15T01:03:52.538591+00:00,71.0,9,ask,EarnestEspressos,Akshit Parekh,3943995
2026-07-15T01:03:55.478894,2026-07-15T01:03:55.490860+00:00,71.0,50,bid,FlawlessFlatbreads,DiligentDonuts,3944037
2026-07-15T01:03:57.586769,2026-07-15T01:03:57.597378+00:00,70.9,50,bid,FlawlessFlatbreads,EarnestEspressos,3944070
2026-07-15T01:03:59.744657,2026-07-15T01:03:59.747399+00:00,70.5,5,ask,Sebastian Baldwin,FlawlessFlatbreads,3944100
2026-07-15T01:03:59.744657,2026-07-15T01:03:59.758273+00:00,70.4,45,ask,EarnestEspressos,FlawlessFlatbreads,3944101
2026-07-15T01:04:01.679971,2026-07-15T01:04:01.689173+00:00,70.4,41,ask,EarnestEspressos,CostlyCorianders,3944129
2026-07-15T01:04:02.028134,2026-07-15T01:04:02.033200+00:00,70.5,11,bid,Xuanyu Liu,EarnestEspressos,3944132
2026-07-15T01:04:02.218014,2026-07-15T01:04:02.225851+00:00,70.4,40,ask,DiligentDonuts,CostlyCorianders,3944135
2026-07-15T01:04:02.439336,2026-07-15T01:04:02.452087+00:00,70.4,3,ask,DiligentDonuts,Sebastian Baldwin,3944137
2026-07-15T01:04:02.765416,2026-07-15T01:04:02.770025+00:00,70.5,3,bid,Xuanyu Liu,EarnestEspressos,3944143
2026-07-15T01:04:02.832809,2026-07-15T01:04:02.835988+00:00,70.5,9,bid,Akshit Parekh,EarnestEspressos,3944146
2026-07-15T01:04:02.873924,2026-07-15T01:04:02.880194+00:00,70.5,99,bid,Sze-Yong Ng,EarnestEspressos,3944150
2026-07-15T01:04:03.470982,2026-07-15T01:04:03.482329+00:00,70.5,5,bid,Sebastian Baldwin,EarnestEspressos,3944158
2026-07-15T01:04:03.718406,2026-07-15T01:04:03.729348+00:00,70.5,23,bid,Dinh Nguyen,EarnestEspressos,3944162
2026-07-15T01:04:03.718406,2026-07-15T01:04:03.729348+00:00,70.5,2,bid,Dinh Nguyen,Sebastian Baldwin,3944163
2026-07-15T01:04:05.132847,2026-07-15T01:04:05.139521+00:00,70.7,100,bid,EarnestEspressos,DiligentDonuts,3944182
2026-07-15T01:04:05.132847,2026-07-15T01:04:05.139521+00:00,70.7,5,bid,EarnestEspressos,Sebastian Baldwin,3944183
2026-07-15T01:04:05.162886,2026-07-15T01:04:05.172481+00:00,70.8,45,ask,EarnestEspressos,CostlyCorianders,3944185
2026-07-15T01:04:05.943899,2026-07-15T01:04:05.952015+00:00,70.5,38,ask,DiligentDonuts,Sze-Yong Ng,3944203
2026-07-15T01:04:06.064707,2026-07-15T01:04:06.069062+00:00,70.5,50,ask,DiligentDonuts,FlawlessFlatbreads,3944205
2026-07-15T01:04:08.171553,2026-07-15T01:04:08.175566+00:00,70.5,12,ask,DiligentDonuts,FlawlessFlatbreads,3944224
2026-07-15T01:04:08.171553,2026-07-15T01:04:08.175566+00:00,70.5,5,ask,Sebastian Baldwin,FlawlessFlatbreads,3944225
2026-07-15T01:04:09.852231,2026-07-15T01:04:09.860770+00:00,70.6,49,bid,CostlyCorianders,EarnestEspressos,3944248
2026-07-15T01:04:10.281085,2026-07-15T01:04:10.284570+00:00,70.3,50,ask,DiligentDonuts,FlawlessFlatbreads,3944258
2026-07-15T01:04:12.337630,2026-07-15T01:04:12.340343+00:00,70.7,50,bid,FlawlessFlatbreads,DiligentDonuts,3944282
2026-07-15T01:04:13.396184,2026-07-15T01:04:13.399326+00:00,70.7,44,bid,CostlyCorianders,DiligentDonuts,3944301
2026-07-15T01:04:14.094511,2026-07-15T01:04:14.102190+00:00,70.7,6,bid,CostlyCorianders,DiligentDonuts,3944309
2026-07-15T01:04:14.094511,2026-07-15T01:04:14.102190+00:00,70.7,5,bid,CostlyCorianders,Sebastian Baldwin,3944310
2026-07-15T01:04:18.275740,2026-07-15T01:04:18.283845+00:00,70.4,42,ask,DiligentDonuts,CostlyCorianders,3944356
2026-07-15T01:04:18.839992,2026-07-15T01:04:18.848686+00:00,70.4,5,ask,Sebastian Baldwin,CostlyCorianders,3944371
2026-07-15T01:04:18.839992,2026-07-15T01:04:18.848686+00:00,70.4,36,ask,DiligentDonuts,CostlyCorianders,3944372
2026-07-15T01:04:19.364675,2026-07-15T01:04:19.371509+00:00,70.8,40,bid,CostlyCorianders,EarnestEspressos,3944376
2026-07-15T01:04:19.891391,2026-07-15T01:04:19.902043+00:00,70.4,40,ask,DiligentDonuts,CostlyCorianders,3944390
2026-07-15T01:04:22.915101,2026-07-15T01:04:22.922032+00:00,70.4,50,ask,EarnestEspressos,FlawlessFlatbreads,3944423
2026-07-15T01:04:24.442678,2026-07-15T01:04:24.446063+00:00,70.5,41,bid,CostlyCorianders,DiligentDonuts,3944436
2026-07-15T01:04:24.970612,2026-07-15T01:04:24.981726+00:00,70.5,5,bid,FlawlessFlatbreads,Sebastian Baldwin,3944438
2026-07-15T01:04:24.970612,2026-07-15T01:04:24.981726+00:00,70.6,45,bid,FlawlessFlatbreads,EarnestEspressos,3944439
2026-07-15T01:04:27.056104,2026-07-15T01:04:27.060430+00:00,70.6,40,bid,CostlyCorianders,EarnestEspressos,3944462
2026-07-15T01:04:28.046038,2026-07-15T01:04:28.056440+00:00,70.4,42,ask,EarnestEspressos,CostlyCorianders,3944470
2026-07-15T01:04:29.240644,2026-07-15T01:04:29.248963+00:00,70.4,50,ask,EarnestEspressos,FlawlessFlatbreads,3944482
2026-07-15T01:04:31.456465,2026-07-15T01:04:31.459326+00:00,70.5,48,bid,CostlyCorianders,EarnestEspressos,3944502
2026-07-15T01:04:33.398995,2026-07-15T01:04:33.407035+00:00,70.5,50,bid,FlawlessFlatbreads,EarnestEspressos,3944521
2026-07-15T01:04:34.492317,2026-07-15T01:04:34.501088+00:00,70.4,40,ask,EarnestEspressos,CostlyCorianders,3944534
2026-07-15T01:04:35.005733,2026-07-15T01:04:35.013491+00:00,70.4,45,ask,EarnestEspressos,CostlyCorianders,3944540
2026-07-15T01:04:35.580845,2026-07-15T01:04:35.585440+00:00,70.4,50,ask,EarnestEspressos,FlawlessFlatbreads,3944547
2026-07-15T01:04:35.581012,2026-07-15T01:04:35.585440+00:00,70.4,14,ask,EarnestEspressos,Xuanyu Liu,3944548
2026-07-15T01:04:35.590259,2026-07-15T01:04:35.596404+00:00,70.4,1,ask,EarnestEspressos,Akshit Parekh,3944549
2026-07-15T01:04:35.590259,2026-07-15T01:04:35.596404+00:00,70.4,5,ask,Sebastian Baldwin,Akshit Parekh,3944550
2026-07-15T01:04:36.875837,2026-07-15T01:04:36.880789+00:00,70.5,14,bid,Xuanyu Liu,EarnestEspressos,3944568
2026-07-15T01:04:37.689272,2026-07-15T01:04:37.699641+00:00,70.3,50,ask,DiligentDonuts,FlawlessFlatbreads,3944584
2026-07-15T01:04:39.767799,2026-07-15T01:04:39.775922+00:00,70.5,50,bid,FlawlessFlatbreads,EarnestEspressos,3944615
2026-07-15T01:04:40.085840,2026-07-15T01:04:40.096168+00:00,70.5,5,bid,CostlyCorianders,Sebastian Baldwin,3944617
2026-07-15T01:04:40.085840,2026-07-15T01:04:40.096168+00:00,70.8,43,bid,CostlyCorianders,DiligentDonuts,3944618
2026-07-15T01:04:41.019132,2026-07-15T01:04:41.031179+00:00,70.7,45,bid,CostlyCorianders,DiligentDonuts,3944637
2026-07-15T01:04:41.609257,2026-07-15T01:04:41.616184+00:00,70.3,44,ask,EarnestEspressos,CostlyCorianders,3944645
2026-07-15T01:04:41.875158,2026-07-15T01:04:41.881947+00:00,70.7,50,bid,FlawlessFlatbreads,DiligentDonuts,3944649
2026-07-15T01:04:43.651354,2026-07-15T01:04:43.657387+00:00,70.5,46,bid,CostlyCorianders,EarnestEspressos,3944671
2026-07-15T01:04:43.861645,2026-07-15T01:04:43.871757+00:00,70.5,100,bid,DiligentDonuts,EarnestEspressos,3944673
2026-07-15T01:04:44.015229,2026-07-15T01:04:44.022263+00:00,70.5,4,bid,FlawlessFlatbreads,EarnestEspressos,3944676
2026-07-15T01:04:44.015229,2026-07-15T01:04:44.022263+00:00,70.5,5,bid,FlawlessFlatbreads,Sebastian Baldwin,3944677
2026-07-15T01:04:44.015229,2026-07-15T01:04:44.033082+00:00,71.0,41,bid,FlawlessFlatbreads,DiligentDonuts,3944678
2026-07-15T01:04:46.130252,2026-07-15T01:04:46.139855+00:00,71.0,50,bid,FlawlessFlatbreads,DiligentDonuts,3944718
2026-07-15T01:04:46.290394,2026-07-15T01:04:46.294577+00:00,70.7,3,ask,EarnestEspressos,Xuanyu Liu,3944723
2026-07-15T01:04:46.325694,2026-07-15T01:04:46.337412+00:00,70.7,16,ask,EarnestEspressos,Akshit Parekh,3944724
2026-07-15T01:04:46.368712,2026-07-15T01:04:46.380474+00:00,70.7,40,ask,EarnestEspressos,CostlyCorianders,3944726
2026-07-15T01:04:46.384177,2026-07-15T01:04:46.391162+00:00,70.7,16,ask,EarnestEspressos,Akshit Parekh,3944727
2026-07-15T01:04:46.420639,2026-07-15T01:04:46.423440+00:00,70.7,42,ask,EarnestEspressos,Sze-Yong Ng,3944730
2026-07-15T01:04:46.443658,2026-07-15T01:04:46.455718+00:00,70.7,16,ask,EarnestEspressos,Akshit Parekh,3944731
2026-07-15T01:04:46.504239,2026-07-15T01:04:46.509408+00:00,70.7,16,ask,EarnestEspressos,Akshit Parekh,3944738
2026-07-15T01:04:46.564692,2026-07-15T01:04:46.574367+00:00,70.7,1,ask,EarnestEspressos,Akshit Parekh,3944740
2026-07-15T01:04:47.378521,2026-07-15T01:04:47.384604+00:00,70.5,16,ask,DiligentDonuts,Akshit Parekh,3944752
2026-07-15T01:04:47.460916,2026-07-15T01:04:47.464526+00:00,70.5,16,ask,DiligentDonuts,Akshit Parekh,3944757
2026-07-15T01:04:47.519689,2026-07-15T01:04:47.528764+00:00,70.5,7,ask,DiligentDonuts,Akshit Parekh,3944760
2026-07-15T01:04:48.238980,2026-07-15T01:04:48.244531+00:00,71.0,50,bid,FlawlessFlatbreads,DiligentDonuts,3944772
2026-07-15T01:04:49.431441,2026-07-15T01:04:49.439925+00:00,70.5,47,ask,DiligentDonuts,CostlyCorianders,3944793
2026-07-15T01:04:50.344648,2026-07-15T01:04:50.352187+00:00,70.6,50,bid,FlawlessFlatbreads,EarnestEspressos,3944809
2026-07-15T01:04:51.778355,2026-07-15T01:04:51.788225+00:00,70.4,3,ask,DiligentDonuts,Sebastian Baldwin,3944831
2026-07-15T01:04:52.534093,2026-07-15T01:04:52.548723+00:00,70.4,50,ask,DiligentDonuts,FlawlessFlatbreads,3944844
2026-07-15T01:04:54.644391,2026-07-15T01:04:54.647416+00:00,70.4,50,ask,EarnestEspressos,FlawlessFlatbreads,3944882
2026-07-15T01:04:55.403990,2026-07-15T01:04:55.415963+00:00,70.8,41,bid,CostlyCorianders,DiligentDonuts,3944893
2026-07-15T01:04:56.546182,2026-07-15T01:04:56.550359+00:00,70.6,3,bid,Xuanyu Liu,EarnestEspressos,3944912
2026-07-15T01:04:56.552833,2026-07-15T01:04:56.561470+00:00,70.6,16,bid,Akshit Parekh,EarnestEspressos,3944914
2026-07-15T01:04:56.594137,2026-07-15T01:04:56.605598+00:00,70.6,80,bid,Sze-Yong Ng,EarnestEspressos,3944916
2026-07-15T01:04:56.611326,2026-07-15T01:04:56.616622+00:00,70.6,16,bid,Akshit Parekh,EarnestEspressos,3944918
2026-07-15T01:04:56.670637,2026-07-15T01:04:56.682403+00:00,70.6,16,bid,Akshit Parekh,EarnestEspressos,3944924
2026-07-15T01:04:56.730790,2026-07-15T01:04:56.737204+00:00,70.6,16,bid,Akshit Parekh,EarnestEspressos,3944926
2026-07-15T01:04:56.790577,2026-07-15T01:04:56.802359+00:00,70.6,3,bid,Akshit Parekh,EarnestEspressos,3944929
2026-07-15T01:04:56.790577,2026-07-15T01:04:56.802359+00:00,70.6,5,bid,Akshit Parekh,Sebastian Baldwin,3944930
2026-07-15T01:04:57.075854,2026-07-15T01:04:57.082041+00:00,70.4,45,ask,DiligentDonuts,CostlyCorianders,3944934
2026-07-15T01:04:58.830153,2026-07-15T01:04:58.842264+00:00,70.9,50,bid,FlawlessFlatbreads,DiligentDonuts,3944960
2026-07-15T01:04:58.928557,2026-07-15T01:04:58.933586+00:00,70.6,3,ask,EarnestEspressos,Xuanyu Liu,3944963
2026-07-15T01:04:58.951148,2026-07-15T01:04:58.955208+00:00,70.6,16,ask,EarnestEspressos,Akshit Parekh,3944965
2026-07-15T01:04:58.961001,2026-07-15T01:04:58.965977+00:00,70.6,80,ask,EarnestEspressos,Sze-Yong Ng,3944967
2026-07-15T01:04:58.989870,2026-07-15T01:04:58.998078+00:00,70.6,5,ask,EarnestEspressos,Sebastian Baldwin,3944968
2026-07-15T01:04:59.012863,2026-07-15T01:04:59.019553+00:00,70.6,16,ask,EarnestEspressos,Akshit Parekh,3944970
2026-07-15T01:04:59.073859,2026-07-15T01:04:59.083630+00:00,70.6,16,ask,EarnestEspressos,Akshit Parekh,3944973
2026-07-15T01:04:59.138864,2026-07-15T01:04:59.147729+00:00,70.6,14,ask,EarnestEspressos,Akshit Parekh,3944978
2026-07-15T01:04:59.138864,2026-07-15T01:04:59.147729+00:00,70.6,2,ask,Sebastian Baldwin,Akshit Parekh,3944979
2026-07-15T01:04:59.373043,2026-07-15T01:04:59.384425+00:00,70.6,3,ask,Sebastian Baldwin,Dinh Nguyen,3944986
2026-07-15T01:05:01.664219,2026-07-15T01:05:01.673337+00:00,70.9,45,bid,CostlyCorianders,DiligentDonuts,3945023
2026-07-15T01:05:04.119336,2026-07-15T01:05:04.128162+00:00,70.7,3,ask,DiligentDonuts,Sebastian Baldwin,3945056
2026-07-15T01:05:05.155328,2026-07-15T01:05:05.166161+00:00,70.8,3,bid,Sebastian Baldwin,EarnestEspressos,3945075
2026-07-15T01:05:05.158725,2026-07-15T01:05:05.166161+00:00,70.8,50,bid,FlawlessFlatbreads,EarnestEspressos,3945076
2026-07-15T01:05:07.120659,2026-07-15T01:05:07.128590+00:00,70.6,43,ask,EarnestEspressos,CostlyCorianders,3945114
2026-07-15T01:05:07.320264,2026-07-15T01:05:07.326910+00:00,70.6,50,ask,EarnestEspressos,FlawlessFlatbreads,3945118
2026-07-15T01:05:08.483469,2026-07-15T01:05:08.497374+00:00,70.6,100,ask,DiligentDonuts,EarnestEspressos,3945136
2026-07-15T01:05:08.483469,2026-07-15T01:05:08.497374+00:00,70.6,5,ask,Sebastian Baldwin,EarnestEspressos,3945137
2026-07-15T01:05:08.493281,2026-07-15T01:05:08.497374+00:00,70.5,3,bid,Xuanyu Liu,EarnestEspressos,3945139
2026-07-15T01:05:08.523609,2026-07-15T01:05:08.529293+00:00,70.5,33,bid,Akshit Parekh,EarnestEspressos,3945141
2026-07-15T01:05:08.563942,2026-07-15T01:05:08.571637+00:00,70.5,9,bid,Sze-Yong Ng,EarnestEspressos,3945142
2026-07-15T01:05:09.375577,2026-07-15T01:05:09.381603+00:00,70.9,50,bid,FlawlessFlatbreads,DiligentDonuts,3945152
2026-07-15T01:05:11.489042,2026-07-15T01:05:11.500459+00:00,70.9,50,bid,FlawlessFlatbreads,DiligentDonuts,3945183
2026-07-15T01:05:12.355750,2026-07-15T01:05:12.360645+00:00,70.8,3,ask,EarnestEspressos,Sebastian Baldwin,3945203
2026-07-15T01:05:12.389452,2026-07-15T01:05:12.393251+00:00,70.8,16,ask,EarnestEspressos,Akshit Parekh,3945204
2026-07-15T01:05:12.392576,2026-07-15T01:05:12.404311+00:00,70.8,5,ask,EarnestEspressos,Sebastian Baldwin,3945205
2026-07-15T01:05:12.406064,2026-07-15T01:05:12.415463+00:00,70.8,3,ask,EarnestEspressos,Xuanyu Liu,3945208
2026-07-15T01:05:12.445537,2026-07-15T01:05:12.448656+00:00,70.8,9,ask,EarnestEspressos,Akshit Parekh,3945211
2026-07-15T01:05:12.454915,2026-07-15T01:05:12.459788+00:00,70.8,16,ask,EarnestEspressos,Akshit Parekh,3945212
2026-07-15T01:05:12.519199,2026-07-15T01:05:12.524723+00:00,70.8,9,ask,EarnestEspressos,Sze-Yong Ng,3945215
2026-07-15T01:05:13.150900,2026-07-15T01:05:13.162054+00:00,70.8,44,ask,EarnestEspressos,CostlyCorianders,3945228
2026-07-15T01:05:13.178860,2026-07-15T01:05:13.183378+00:00,70.8,25,ask,EarnestEspressos,Dinh Nguyen,3945229
2026-07-15T01:05:13.474463,2026-07-15T01:05:13.484351+00:00,70.8,5,ask,EarnestEspressos,Sebastian Baldwin,3945233
2026-07-15T01:05:13.650800,2026-07-15T01:05:13.657189+00:00,70.8,15,ask,EarnestEspressos,FlawlessFlatbreads,3945236
2026-07-15T01:05:13.650800,2026-07-15T01:05:13.668324+00:00,70.8,35,ask,DiligentDonuts,FlawlessFlatbreads,3945237
2026-07-15T01:05:14.153254,2026-07-15T01:05:14.161836+00:00,71.3,48,bid,CostlyCorianders,EarnestEspressos,3945252
2026-07-15T01:05:15.758986,2026-07-15T01:05:15.766551+00:00,70.6,50,ask,DiligentDonuts,FlawlessFlatbreads,3945273
2026-07-15T01:05:15.808102,2026-07-15T01:05:15.820259+00:00,70.9,41,bid,CostlyCorianders,EarnestEspressos,3945275
2026-07-15T01:05:16.367576,2026-07-15T01:05:16.374287+00:00,70.9,45,bid,CostlyCorianders,EarnestEspressos,3945279
2026-07-15T01:05:19.653952,2026-07-15T01:05:19.660855+00:00,70.8,5,ask,EarnestEspressos,Sebastian Baldwin,3945318
2026-07-15T01:05:19.663489,2026-07-15T01:05:19.671430+00:00,70.8,25,ask,EarnestEspressos,Dinh Nguyen,3945320
2026-07-15T01:05:19.970013,2026-07-15T01:05:19.978616+00:00,70.8,50,ask,EarnestEspressos,FlawlessFlatbreads,3945324
2026-07-15T01:05:21.139127,2026-07-15T01:05:21.149886+00:00,70.8,5,ask,Sebastian Baldwin,EarnestEspressos,3945333
2026-07-15T01:05:22.026327,2026-07-15T01:05:22.032003+00:00,70.8,50,bid,FlawlessFlatbreads,EarnestEspressos,3945347
2026-07-15T01:05:24.186947,2026-07-15T01:05:24.199097+00:00,70.3,50,ask,EarnestEspressos,FlawlessFlatbreads,3945377
2026-07-15T01:05:25.511459,2026-07-15T01:05:25.516384+00:00,70.8,3,bid,Xuanyu Liu,Sebastian Baldwin,3945399
2026-07-15T01:05:25.600471,2026-07-15T01:05:25.602993+00:00,70.8,2,bid,Sze-Yong Ng,Sebastian Baldwin,3945403
2026-07-15T01:05:26.293988,2026-07-15T01:05:26.306046+00:00,70.4,50,ask,EarnestEspressos,FlawlessFlatbreads,3945410
2026-07-15T01:05:27.482071,2026-07-15T01:05:27.486378+00:00,70.8,40,bid,Sze-Yong Ng,EarnestEspressos,3945423
2026-07-15T01:05:28.170120,2026-07-15T01:05:28.175515+00:00,70.8,16,bid,Akshit Parekh,EarnestEspressos,3945436
2026-07-15T01:05:28.210757,2026-07-15T01:05:28.219768+00:00,70.8,38,bid,Sze-Yong Ng,EarnestEspressos,3945440
2026-07-15T01:05:28.232251,2026-07-15T01:05:28.242015+00:00,70.8,16,bid,Akshit Parekh,EarnestEspressos,3945442
2026-07-15T01:05:28.293375,2026-07-15T01:05:28.296265+00:00,70.8,16,bid,Akshit Parekh,EarnestEspressos,3945444
2026-07-15T01:05:28.330775,2026-07-15T01:05:28.340258+00:00,70.5,49,ask,DiligentDonuts,CostlyCorianders,3945445
2026-07-15T01:05:28.354136,2026-07-15T01:05:28.362018+00:00,70.8,16,bid,Akshit Parekh,EarnestEspressos,3945447
2026-07-15T01:05:28.403861,2026-07-15T01:05:28.416473+00:00,70.5,50,ask,DiligentDonuts,FlawlessFlatbreads,3945448
2026-07-15T01:05:28.413426,2026-07-15T01:05:28.416473+00:00,70.8,8,bid,Akshit Parekh,EarnestEspressos,3945450
2026-07-15T01:05:28.413426,2026-07-15T01:05:28.427420+00:00,70.8,5,bid,Akshit Parekh,Sebastian Baldwin,3945451
2026-07-15T01:05:29.515188,2026-07-15T01:05:29.519623+00:00,71.0,49,bid,CostlyCorianders,DiligentDonuts,3945470
2026-07-15T01:05:29.570898,2026-07-15T01:05:29.573256+00:00,70.5,1,ask,DiligentDonuts,CostlyCorianders,3945471
2026-07-15T01:05:29.570898,2026-07-15T01:05:29.583993+00:00,70.5,5,ask,Sebastian Baldwin,CostlyCorianders,3945472
2026-07-15T01:05:30.510775,2026-07-15T01:05:30.522035+00:00,70.3,50,ask,EarnestEspressos,FlawlessFlatbreads,3945482
2026-07-15T01:05:31.972350,2026-07-15T01:05:31.975088+00:00,70.9,3,bid,Sebastian Baldwin,DiligentDonuts,3945506
2026-07-15T01:05:32.039953,2026-07-15T01:05:32.050439+00:00,70.6,48,ask,EarnestEspressos,CostlyCorianders,3945507
2026-07-15T01:05:32.567647,2026-07-15T01:05:32.575986+00:00,70.9,50,bid,FlawlessFlatbreads,DiligentDonuts,3945522
2026-07-15T01:05:33.153105,2026-07-15T01:05:33.162432+00:00,70.9,44,bid,CostlyCorianders,DiligentDonuts,3945529
2026-07-15T01:05:33.792029,2026-07-15T01:05:33.800286+00:00,70.9,3,bid,CostlyCorianders,DiligentDonuts,3945536
2026-07-15T01:05:33.792029,2026-07-15T01:05:33.800286+00:00,70.9,5,bid,CostlyCorianders,Sebastian Baldwin,3945537
2026-07-15T01:05:34.399115,2026-07-15T01:05:34.403269+00:00,70.6,46,ask,EarnestEspressos,CostlyCorianders,3945545
2026-07-15T01:05:34.726428,2026-07-15T01:05:34.734575+00:00,70.8,50,ask,DiligentDonuts,FlawlessFlatbreads,3945551
2026-07-15T01:05:35.012128,2026-07-15T01:05:35.014945+00:00,70.8,41,ask,DiligentDonuts,CostlyCorianders,3945564
2026-07-15T01:05:36.963325,2026-07-15T01:05:36.966748+00:00,70.8,9,ask,DiligentDonuts,EarnestEspressos,3945588
2026-07-15T01:05:36.963325,2026-07-15T01:05:36.977336+00:00,70.8,5,ask,Sebastian Baldwin,EarnestEspressos,3945589
2026-07-15T01:05:40.990950,2026-07-15T01:05:41.003346+00:00,70.4,50,bid,FlawlessFlatbreads,EarnestEspressos,3945661
2026-07-15T01:05:41.303597,2026-07-15T01:05:41.306557+00:00,70.4,16,bid,Akshit Parekh,EarnestEspressos,3945668
2026-07-15T01:05:41.364445,2026-07-15T01:05:41.371054+00:00,70.4,16,bid,Akshit Parekh,EarnestEspressos,3945670
2026-07-15T01:05:41.425423,2026-07-15T01:05:41.435051+00:00,70.4,16,bid,Akshit Parekh,EarnestEspressos,3945672
2026-07-15T01:05:41.485129,2026-07-15T01:05:41.488756+00:00,70.4,15,bid,Akshit Parekh,EarnestEspressos,3945674
2026-07-15T01:05:42.267030,2026-07-15T01:05:42.270266+00:00,70.4,5,bid,Sebastian Baldwin,EarnestEspressos,3945693
2026-07-15T01:05:42.304536,2026-07-15T01:05:42.314294+00:00,70.4,25,bid,Dinh Nguyen,EarnestEspressos,3945694
2026-07-15T01:05:43.101932,2026-07-15T01:05:43.105421+00:00,70.4,7,bid,FlawlessFlatbreads,EarnestEspressos,3945702
2026-07-15T01:05:43.101932,2026-07-15T01:05:43.116414+00:00,70.4,5,bid,FlawlessFlatbreads,Sebastian Baldwin,3945703
2026-07-15T01:05:43.101932,2026-07-15T01:05:43.116414+00:00,70.5,38,bid,FlawlessFlatbreads,DiligentDonuts,3945704
2026-07-15T01:05:43.248798,2026-07-15T01:05:43.257950+00:00,70.5,62,bid,EarnestEspressos,DiligentDonuts,3945708
2026-07-15T01:05:43.434473,2026-07-15T01:05:43.444107+00:00,70.6,38,ask,EarnestEspressos,Sze-Yong Ng,3945713
2026-07-15T01:05:44.320847,2026-07-15T01:05:44.329285+00:00,70.9,47,bid,CostlyCorianders,DiligentDonuts,3945723
2026-07-15T01:05:44.958140,2026-07-15T01:05:44.969490+00:00,70.6,47,ask,EarnestEspressos,CostlyCorianders,3945726
2026-07-15T01:05:45.213348,2026-07-15T01:05:45.217740+00:00,70.9,50,bid,FlawlessFlatbreads,DiligentDonuts,3945730
2026-07-15T01:05:46.416489,2026-07-15T01:05:46.421155+00:00,70.6,3,ask,Sebastian Baldwin,Xuanyu Liu,3945746
2026-07-15T01:05:46.454213,2026-07-15T01:05:46.465330+00:00,70.6,2,ask,Sebastian Baldwin,Akshit Parekh,3945748
2026-07-15T01:05:47.164802,2026-07-15T01:05:47.169050+00:00,70.5,16,ask,DiligentDonuts,Akshit Parekh,3945751
2026-07-15T01:05:47.174826,2026-07-15T01:05:47.179939+00:00,70.7,43,bid,CostlyCorianders,EarnestEspressos,3945753
2026-07-15T01:05:47.219894,2026-07-15T01:05:47.223062+00:00,70.5,42,ask,DiligentDonuts,Sze-Yong Ng,3945754
2026-07-15T01:05:47.226663,2026-07-15T01:05:47.234093+00:00,70.5,16,ask,DiligentDonuts,Akshit Parekh,3945755
2026-07-15T01:05:47.287316,2026-07-15T01:05:47.298713+00:00,70.5,16,ask,DiligentDonuts,Akshit Parekh,3945757
2026-07-15T01:05:47.329920,2026-07-15T01:05:47.341298+00:00,70.7,50,bid,FlawlessFlatbreads,EarnestEspressos,3945759
2026-07-15T01:05:47.347718,2026-07-15T01:05:47.351979+00:00,70.5,10,ask,DiligentDonuts,Akshit Parekh,3945760
2026-07-15T01:05:50.451786,2026-07-15T01:05:50.456695+00:00,70.7,3,bid,Sebastian Baldwin,EarnestEspressos,3945805
2026-07-15T01:05:50.478956,2026-07-15T01:05:50.489755+00:00,70.7,2,bid,Sze-Yong Ng,Sebastian Baldwin,3945806
2026-07-15T01:05:50.478956,2026-07-15T01:05:50.489755+00:00,70.7,40,bid,Sze-Yong Ng,EarnestEspressos,3945807
2026-07-15T01:05:50.490361,2026-07-15T01:05:50.500852+00:00,70.7,3,bid,Xuanyu Liu,Sebastian Baldwin,3945808
2026-07-15T01:05:50.560539,2026-07-15T01:05:50.566874+00:00,70.4,46,ask,DiligentDonuts,CostlyCorianders,3945812
2026-07-15T01:05:51.219866,2026-07-15T01:05:51.230617+00:00,70.7,45,bid,CostlyCorianders,EarnestEspressos,3945821
2026-07-15T01:05:51.514928,2026-07-15T01:05:51.519454+00:00,70.7,3,bid,Sebastian Baldwin,EarnestEspressos,3945825
2026-07-15T01:05:51.547515,2026-07-15T01:05:51.552072+00:00,70.7,50,bid,FlawlessFlatbreads,EarnestEspressos,3945827
2026-07-15T01:05:52.763973,2026-07-15T01:05:52.772262+00:00,70.7,5,bid,EarnestEspressos,Sebastian Baldwin,3945848
2026-07-15T01:05:52.763973,2026-07-15T01:05:52.772262+00:00,70.9,100,bid,EarnestEspressos,DiligentDonuts,3945849
2026-07-15T01:05:52.819631,2026-07-15T01:05:52.826165+00:00,71.0,45,ask,EarnestEspressos,Akshit Parekh,3945850
2026-07-15T01:05:52.852418,2026-07-15T01:05:52.859234+00:00,70.4,43,ask,DiligentDonuts,CostlyCorianders,3945853
2026-07-15T01:05:53.655087,2026-07-15T01:05:53.658324+00:00,71.1,50,bid,FlawlessFlatbreads,DiligentDonuts,3945871
2026-07-15T01:05:53.949253,2026-07-15T01:05:53.954038+00:00,71.1,43,bid,CostlyCorianders,DiligentDonuts,3945876
2026-07-15T01:05:55.765104,2026-07-15T01:05:55.770321+00:00,71.1,7,bid,FlawlessFlatbreads,DiligentDonuts,3945903
2026-07-15T01:05:55.765104,2026-07-15T01:05:55.781513+00:00,71.1,5,bid,FlawlessFlatbreads,Sebastian Baldwin,3945904
2026-07-15T01:05:55.765104,2026-07-15T01:05:55.781513+00:00,71.5,38,bid,FlawlessFlatbreads,EarnestEspressos,3945905
2026-07-15T01:05:56.538996,2026-07-15T01:05:56.543191+00:00,70.8,43,ask,EarnestEspressos,CostlyCorianders,3945911
2026-07-15T01:05:56.680207,2026-07-15T01:05:56.685474+00:00,70.9,3,ask,DiligentDonuts,Xuanyu Liu,3945916
2026-07-15T01:05:56.696971,2026-07-15T01:05:56.707673+00:00,70.9,16,ask,DiligentDonuts,Akshit Parekh,3945919
2026-07-15T01:05:56.763296,2026-07-15T01:05:56.773347+00:00,70.9,16,ask,DiligentDonuts,Akshit Parekh,3945923
2026-07-15T01:05:56.771067,2026-07-15T01:05:56.773347+00:00,70.9,42,ask,DiligentDonuts,Sze-Yong Ng,3945925
2026-07-15T01:05:56.806990,2026-07-15T01:05:56.817282+00:00,70.9,2,ask,DiligentDonuts,Dinh Nguyen,3945926
2026-07-15T01:05:56.822931,2026-07-15T01:05:56.828272+00:00,70.9,3,ask,DiligentDonuts,Akshit Parekh,3945927
2026-07-15T01:05:57.144726,2026-07-15T01:05:57.152190+00:00,70.9,18,ask,DiligentDonuts,CostlyCorianders,3945936
2026-07-15T01:05:57.884436,2026-07-15T01:05:57.886967+00:00,71.3,50,bid,FlawlessFlatbreads,EarnestEspressos,3945951
2026-07-15T01:05:58.153783,2026-07-15T01:05:58.162390+00:00,71.3,46,bid,CostlyCorianders,EarnestEspressos,3945957
2026-07-15T01:05:58.759528,2026-07-15T01:05:58.766847+00:00,70.8,5,ask,EarnestEspressos,Sebastian Baldwin,3945970
2026-07-15T01:05:59.192940,2026-07-15T01:05:59.202773+00:00,70.8,5,ask,Sebastian Baldwin,CostlyCorianders,3945977
2026-07-15T01:05:59.192940,2026-07-15T01:05:59.202773+00:00,70.8,35,ask,EarnestEspressos,CostlyCorianders,3945978
2026-07-15T01:05:59.292003,2026-07-15T01:05:59.298547+00:00,70.8,25,ask,EarnestEspressos,Dinh Nguyen,3945980
2026-07-15T01:05:59.807042,2026-07-15T01:05:59.812196+00:00,70.8,2,ask,EarnestEspressos,Dinh Nguyen,3945990
2026-07-15T01:05:59.990977,2026-07-15T01:05:59.993690+00:00,71.1,50,bid,FlawlessFlatbreads,DiligentDonuts,3945992
2026-07-15T01:06:01.052531,2026-07-15T01:06:01.066674+00:00,70.8,2,ask,EarnestEspressos,Dinh Nguyen,3946008
2026-07-15T01:06:02.100202,2026-07-15T01:06:02.113906+00:00,71.1,50,bid,FlawlessFlatbreads,DiligentDonuts,3946027
2026-07-15T01:06:03.483404,2026-07-15T01:06:03.485918+00:00,71.3,49,bid,CostlyCorianders,EarnestEspressos,3946051
2026-07-15T01:06:03.546056,2026-07-15T01:06:03.549122+00:00,70.9,25,ask,DiligentDonuts,Dinh Nguyen,3946052
2026-07-15T01:06:04.261376,2026-07-15T01:06:04.269054+00:00,70.9,50,ask,DiligentDonuts,FlawlessFlatbreads,3946072
2026-07-15T01:06:05.530118,2026-07-15T01:06:05.538721+00:00,71.1,42,ask,EarnestEspressos,CostlyCorianders,3946087
2026-07-15T01:06:05.973037,2026-07-15T01:06:05.977641+00:00,71.1,5,ask,EarnestEspressos,Sebastian Baldwin,3946088
2026-07-15T01:06:06.395907,2026-07-15T01:06:06.400841+00:00,71.1,50,ask,EarnestEspressos,FlawlessFlatbreads,3946099
2026-07-15T01:06:06.536968,2026-07-15T01:06:06.540816+00:00,71.1,25,ask,EarnestEspressos,Dinh Nguyen,3946107
2026-07-15T01:06:07.009182,2026-07-15T01:06:07.017011+00:00,71.1,5,ask,EarnestEspressos,Sebastian Baldwin,3946119
2026-07-15T01:06:07.191673,2026-07-15T01:06:07.199846+00:00,71.1,23,ask,EarnestEspressos,CostlyCorianders,3946123
2026-07-15T01:06:07.191673,2026-07-15T01:06:07.199846+00:00,71.1,5,ask,Sebastian Baldwin,CostlyCorianders,3946124
2026-07-15T01:06:08.041411,2026-07-15T01:06:08.045630+00:00,70.9,5,ask,DiligentDonuts,Sebastian Baldwin,3946136
2026-07-15T01:06:08.252509,2026-07-15T01:06:08.255049+00:00,71.4,43,bid,CostlyCorianders,DiligentDonuts,3946143
2026-07-15T01:06:08.300023,2026-07-15T01:06:08.309983+00:00,70.9,25,ask,DiligentDonuts,Dinh Nguyen,3946144
2026-07-15T01:06:08.501873,2026-07-15T01:06:08.505224+00:00,70.9,50,ask,DiligentDonuts,FlawlessFlatbreads,3946145
2026-07-15T01:06:08.646395,2026-07-15T01:06:08.657646+00:00,70.9,20,ask,DiligentDonuts,EarnestEspressos,3946149
2026-07-15T01:06:08.646395,2026-07-15T01:06:08.657646+00:00,70.9,5,ask,Sebastian Baldwin,EarnestEspressos,3946150
2026-07-15T01:06:08.906711,2026-07-15T01:06:08.911371+00:00,70.8,3,bid,Xuanyu Liu,EarnestEspressos,3946160
2026-07-15T01:06:09.035464,2026-07-15T01:06:09.041688+00:00,70.8,42,bid,Sze-Yong Ng,EarnestEspressos,3946166
2026-07-15T01:06:10.056386,2026-07-15T01:06:10.059866+00:00,70.8,2,bid,Dinh Nguyen,EarnestEspressos,3946181
2026-07-15T01:06:10.221979,2026-07-15T01:06:10.234516+00:00,70.8,16,bid,Akshit Parekh,EarnestEspressos,3946184
2026-07-15T01:06:10.249434,2026-07-15T01:06:10.256568+00:00,70.8,38,bid,Sze-Yong Ng,EarnestEspressos,3946186
2026-07-15T01:06:10.281548,2026-07-15T01:06:10.289836+00:00,70.8,16,bid,Akshit Parekh,EarnestEspressos,3946188
2026-07-15T01:06:10.341386,2026-07-15T01:06:10.343951+00:00,70.8,8,bid,Akshit Parekh,EarnestEspressos,3946190
2026-07-15T01:06:10.341386,2026-07-15T01:06:10.354996+00:00,70.8,5,bid,Akshit Parekh,Sebastian Baldwin,3946191
2026-07-15T01:06:10.559602,2026-07-15T01:06:10.571229+00:00,71.2,50,bid,FlawlessFlatbreads,DiligentDonuts,3946192
2026-07-15T01:06:11.796420,2026-07-15T01:06:11.800624+00:00,71.1,3,ask,EarnestEspressos,Xuanyu Liu,3946218
2026-07-15T01:06:11.810226,2026-07-15T01:06:11.822944+00:00,71.1,16,ask,EarnestEspressos,Akshit Parekh,3946219
2026-07-15T01:06:11.868633,2026-07-15T01:06:11.876742+00:00,71.1,16,ask,EarnestEspressos,Akshit Parekh,3946221
2026-07-15T01:06:11.900892,2026-07-15T01:06:11.909578+00:00,71.1,80,ask,EarnestEspressos,Sze-Yong Ng,3946223
2026-07-15T01:06:11.927709,2026-07-15T01:06:11.931649+00:00,71.1,13,ask,EarnestEspressos,Akshit Parekh,3946224
2026-07-15T01:06:12.144602,2026-07-15T01:06:12.147401+00:00,71.1,5,ask,EarnestEspressos,Sebastian Baldwin,3946229
2026-07-15T01:06:12.718417,2026-07-15T01:06:12.729605+00:00,71.1,17,ask,EarnestEspressos,FlawlessFlatbreads,3946239
2026-07-15T01:06:12.718417,2026-07-15T01:06:12.729605+00:00,71.1,5,ask,Sebastian Baldwin,FlawlessFlatbreads,3946240
2026-07-15T01:06:12.718417,2026-07-15T01:06:12.729605+00:00,70.9,28,ask,DiligentDonuts,FlawlessFlatbreads,3946241
2026-07-15T01:06:14.848176,2026-07-15T01:06:14.859290+00:00,70.9,50,ask,DiligentDonuts,FlawlessFlatbreads,3946278
2026-07-15T01:06:14.980681,2026-07-15T01:06:14.989909+00:00,70.9,22,ask,DiligentDonuts,EarnestEspressos,3946282
2026-07-15T01:06:14.980681,2026-07-15T01:06:14.989909+00:00,70.9,5,ask,Sebastian Baldwin,EarnestEspressos,3946283
2026-07-15T01:06:16.903907,2026-07-15T01:06:16.916005+00:00,70.8,50,bid,FlawlessFlatbreads,DiligentDonuts,3946306
2026-07-15T01:06:17.771133,2026-07-15T01:06:17.776558+00:00,70.8,40,bid,CostlyCorianders,DiligentDonuts,3946323
2026-07-15T01:06:18.761997,2026-07-15T01:06:18.766009+00:00,70.8,2,bid,Dinh Nguyen,Sebastian Baldwin,3946337
2026-07-15T01:06:19.011256,2026-07-15T01:06:19.023459+00:00,70.8,3,bid,FlawlessFlatbreads,Sebastian Baldwin,3946338
2026-07-15T01:06:19.011256,2026-07-15T01:06:19.023459+00:00,70.9,47,bid,FlawlessFlatbreads,EarnestEspressos,3946339
2026-07-15T01:06:19.718208,2026-07-15T01:06:19.728727+00:00,70.7,41,ask,DiligentDonuts,CostlyCorianders,3946351
2026-07-15T01:06:21.119586,2026-07-15T01:06:21.122297+00:00,70.9,50,bid,FlawlessFlatbreads,EarnestEspressos,3946369
2026-07-15T01:06:21.259234,2026-07-15T01:06:21.261950+00:00,70.9,5,bid,EarnestEspressos,Sebastian Baldwin,3946373
2026-07-15T01:06:21.787772,2026-07-15T01:06:21.799460+00:00,70.9,41,ask,EarnestEspressos,CostlyCorianders,3946378
2026-07-15T01:06:22.293736,2026-07-15T01:06:22.298654+00:00,71.1,42,bid,CostlyCorianders,DiligentDonuts,3946394
2026-07-15T01:06:22.433477,2026-07-15T01:06:22.438810+00:00,70.9,5,ask,EarnestEspressos,Sebastian Baldwin,3946397
2026-07-15T01:06:23.228676,2026-07-15T01:06:23.241357+00:00,71.1,50,bid,FlawlessFlatbreads,DiligentDonuts,3946407
2026-07-15T01:06:23.423611,2026-07-15T01:06:23.434540+00:00,70.9,47,ask,EarnestEspressos,CostlyCorianders,3946417
2026-07-15T01:06:25.542037,2026-07-15T01:06:25.554746+00:00,70.9,5,ask,DiligentDonuts,Sebastian Baldwin,3946450
2026-07-15T01:06:26.357888,2026-07-15T01:06:26.361745+00:00,70.9,11,ask,DiligentDonuts,Xuanyu Liu,3946463
2026-07-15T01:06:26.370722,2026-07-15T01:06:26.372656+00:00,70.9,19,ask,DiligentDonuts,Sze-Yong Ng,3946464
2026-07-15T01:06:26.564718,2026-07-15T01:06:26.578200+00:00,71.0,43,bid,CostlyCorianders,EarnestEspressos,3946467
2026-07-15T01:06:26.573586,2026-07-15T01:06:26.578200+00:00,70.9,10,ask,DiligentDonuts,Sebastian Baldwin,3946468
2026-07-15T01:06:27.564003,2026-07-15T01:06:27.575706+00:00,70.9,50,ask,DiligentDonuts,FlawlessFlatbreads,3946486
2026-07-15T01:06:27.594407,2026-07-15T01:06:27.597827+00:00,70.9,5,ask,DiligentDonuts,Sebastian Baldwin,3946488
2026-07-15T01:06:27.933645,2026-07-15T01:06:27.940690+00:00,71.0,41,bid,CostlyCorianders,EarnestEspressos,3946490
2026-07-15T01:06:29.620507,2026-07-15T01:06:29.631437+00:00,71.0,50,bid,FlawlessFlatbreads,EarnestEspressos,3946511
2026-07-15T01:06:29.963852,2026-07-15T01:06:29.977922+00:00,71.0,45,bid,CostlyCorianders,EarnestEspressos,3946516
2026-07-15T01:06:30.781469,2026-07-15T01:06:30.793169+00:00,71.0,100,bid,EarnestEspressos,DiligentDonuts,3946525
2026-07-15T01:06:31.591346,2026-07-15T01:06:31.598645+00:00,71.1,43,ask,EarnestEspressos,CostlyCorianders,3946536
2026-07-15T01:06:31.664693,2026-07-15T01:06:31.674786+00:00,71.1,7,ask,EarnestEspressos,Sebastian Baldwin,3946537
2026-07-15T01:06:31.729062,2026-07-15T01:06:31.740429+00:00,71.3,50,bid,FlawlessFlatbreads,DiligentDonuts,3946542
2026-07-15T01:06:32.688870,2026-07-15T01:06:32.698150+00:00,70.8,5,ask,DiligentDonuts,Sebastian Baldwin,3946560
2026-07-15T01:06:34.607500,2026-07-15T01:06:34.614309+00:00,71.0,100,bid,DiligentDonuts,EarnestEspressos,3946589
2026-07-15T01:06:35.947815,2026-07-15T01:06:35.954907+00:00,71.0,50,bid,FlawlessFlatbreads,EarnestEspressos,3946607
2026-07-15T01:06:36.018131,2026-07-15T01:06:36.020865+00:00,70.5,41,ask,EarnestEspressos,CostlyCorianders,3946609
2026-07-15T01:06:36.553126,2026-07-15T01:06:36.557723+00:00,71.6,45,bid,CostlyCorianders,DiligentDonuts,3946621
2026-07-15T01:06:37.254572,2026-07-15T01:06:37.258268+00:00,71.1,10,ask,EarnestEspressos,Sebastian Baldwin,3946629
2026-07-15T01:06:37.366606,2026-07-15T01:06:37.376373+00:00,71.1,13,ask,EarnestEspressos,Sze-Yong Ng,3946632
2026-07-15T01:06:37.777065,2026-07-15T01:06:37.783921+00:00,71.1,10,ask,EarnestEspressos,Xuanyu Liu,3946637
2026-07-15T01:06:38.072199,2026-07-15T01:06:38.078381+00:00,71.2,50,bid,FlawlessFlatbreads,DiligentDonuts,3946646
2026-07-15T01:06:38.619897,2026-07-15T01:06:38.627898+00:00,71.1,41,ask,EarnestEspressos,CostlyCorianders,3946650
2026-07-15T01:06:38.803935,2026-07-15T01:06:38.809853+00:00,71.1,5,ask,EarnestEspressos,Sebastian Baldwin,3946652
2026-07-15T01:06:39.131899,2026-07-15T01:06:39.143390+00:00,71.2,43,bid,CostlyCorianders,DiligentDonuts,3946662
2026-07-15T01:06:39.671884,2026-07-15T01:06:39.682971+00:00,71.1,46,ask,EarnestEspressos,CostlyCorianders,3946671
2026-07-15T01:06:39.829854,2026-07-15T01:06:39.834517+00:00,71.1,1,ask,EarnestEspressos,Sebastian Baldwin,3946672
2026-07-15T01:06:40.183005,2026-07-15T01:06:40.189972+00:00,71.2,7,bid,FlawlessFlatbreads,DiligentDonuts,3946678
2026-07-15T01:06:40.183005,2026-07-15T01:06:40.189972+00:00,71.6,43,bid,FlawlessFlatbreads,EarnestEspressos,3946679
2026-07-15T01:06:41.622546,2026-07-15T01:06:41.631228+00:00,71.1,40,ask,DiligentDonuts,CostlyCorianders,3946704
2026-07-15T01:06:41.792958,2026-07-15T01:06:41.797779+00:00,71.2,10,bid,Xuanyu Liu,EarnestEspressos,3946706
2026-07-15T01:06:42.350161,2026-07-15T01:06:42.356064+00:00,71.1,50,ask,DiligentDonuts,FlawlessFlatbreads,3946713
2026-07-15T01:06:43.355795,2026-07-15T01:06:43.358452+00:00,71.2,45,bid,CostlyCorianders,EarnestEspressos,3946732
2026-07-15T01:06:43.977449,2026-07-15T01:06:43.988473+00:00,71.1,10,ask,DiligentDonuts,CostlyCorianders,3946741
2026-07-15T01:06:43.977449,2026-07-15T01:06:43.988473+00:00,71.1,35,ask,EarnestEspressos,CostlyCorianders,3946742
2026-07-15T01:06:44.457711,2026-07-15T01:06:44.463037+00:00,71.1,50,ask,EarnestEspressos,FlawlessFlatbreads,3946753
2026-07-15T01:06:44.489107,2026-07-15T01:06:44.495974+00:00,71.5,44,bid,CostlyCorianders,DiligentDonuts,3946754
2026-07-15T01:06:44.954657,2026-07-15T01:06:44.967075+00:00,71.1,43,ask,EarnestEspressos,CostlyCorianders,3946761
2026-07-15T01:06:46.565606,2026-07-15T01:06:46.567800+00:00,71.1,5,ask,Sebastian Baldwin,FlawlessFlatbreads,3946785
2026-07-15T01:06:46.565606,2026-07-15T01:06:46.578546+00:00,71.0,45,ask,DiligentDonuts,FlawlessFlatbreads,3946786
2026-07-15T01:06:46.649824,2026-07-15T01:06:46.658118+00:00,71.0,55,ask,DiligentDonuts,EarnestEspressos,3946787
2026-07-15T01:06:46.653676,2026-07-15T01:06:46.658118+00:00,71.0,11,bid,Xuanyu Liu,EarnestEspressos,3946788
2026-07-15T01:06:46.658306,2026-07-15T01:06:46.668860+00:00,71.0,13,bid,Sze-Yong Ng,EarnestEspressos,3946789
2026-07-15T01:06:48.174969,2026-07-15T01:06:48.179268+00:00,71.0,3,bid,Xuanyu Liu,EarnestEspressos,3946807
2026-07-15T01:06:48.180095,2026-07-15T01:06:48.190165+00:00,71.0,61,bid,Sze-Yong Ng,EarnestEspressos,3946808
2026-07-15T01:06:48.624169,2026-07-15T01:06:48.636135+00:00,71.0,7,bid,FlawlessFlatbreads,EarnestEspressos,3946820
2026-07-15T01:06:48.624169,2026-07-15T01:06:48.636135+00:00,71.3,43,bid,FlawlessFlatbreads,DiligentDonuts,3946821
2026-07-15T01:06:49.758269,2026-07-15T01:06:49.767129+00:00,71.3,57,bid,EarnestEspressos,DiligentDonuts,3946844
2026-07-15T01:06:49.813752,2026-07-15T01:06:49.827636+00:00,71.9,41,bid,CostlyCorianders,EarnestEspressos,3946845
2026-07-15T01:06:49.823091,2026-07-15T01:06:49.827636+00:00,71.4,3,ask,EarnestEspressos,Xuanyu Liu,3946846
2026-07-15T01:06:49.838107,2026-07-15T01:06:49.849845+00:00,71.4,42,ask,EarnestEspressos,Sze-Yong Ng,3946848
2026-07-15T01:06:50.037313,2026-07-15T01:06:50.045640+00:00,71.4,5,ask,EarnestEspressos,Sebastian Baldwin,3946852
2026-07-15T01:06:50.731408,2026-07-15T01:06:50.740278+00:00,71.8,50,bid,FlawlessFlatbreads,DiligentDonuts,3946863
2026-07-15T01:06:50.996635,2026-07-15T01:06:51.007218+00:00,71.4,32,ask,EarnestEspressos,Xuanyu Liu,3946868
2026-07-15T01:06:51.059185,2026-07-15T01:06:51.061689+00:00,71.4,11,ask,EarnestEspressos,Sze-Yong Ng,3946870
2026-07-15T01:06:51.059185,2026-07-15T01:06:51.072476+00:00,71.4,5,ask,Sebastian Baldwin,Sze-Yong Ng,3946871
2026-07-15T01:06:51.070545,2026-07-15T01:06:51.072476+00:00,71.3,5,ask,DiligentDonuts,Sebastian Baldwin,3946872
2026-07-15T01:06:51.252190,2026-07-15T01:06:51.255021+00:00,71.3,16,ask,DiligentDonuts,Sze-Yong Ng,3946879
2026-07-15T01:06:52.839885,2026-07-15T01:06:52.841929+00:00,71.8,50,bid,FlawlessFlatbreads,DiligentDonuts,3946898
2026-07-15T01:06:52.993376,2026-07-15T01:06:52.997741+00:00,71.4,11,bid,Xuanyu Liu,EarnestEspressos,3946906
2026-07-15T01:06:53.009263,2026-07-15T01:06:53.013808+00:00,71.4,10,bid,Xuanyu Liu,EarnestEspressos,3946908
2026-07-15T01:06:53.610139,2026-07-15T01:06:53.620111+00:00,71.4,100,bid,DiligentDonuts,EarnestEspressos,3946920
2026-07-15T01:06:54.959400,2026-07-15T01:06:54.964573+00:00,71.4,29,bid,FlawlessFlatbreads,EarnestEspressos,3946943
2026-07-15T01:06:54.959400,2026-07-15T01:06:54.964573+00:00,72.1,21,bid,FlawlessFlatbreads,DiligentDonuts,3946944
2026-07-15T01:06:56.094813,2026-07-15T01:06:56.102594+00:00,71.7,21,ask,EarnestEspressos,Xuanyu Liu,3946964
2026-07-15T01:06:56.853064,2026-07-15T01:06:56.865349+00:00,72.0,42,bid,CostlyCorianders,DiligentDonuts,3946973
2026-07-15T01:06:57.121680,2026-07-15T01:06:57.133438+00:00,71.7,50,ask,EarnestEspressos,FlawlessFlatbreads,3946980
2026-07-15T01:06:57.592982,2026-07-15T01:06:57.597121+00:00,71.7,22,ask,EarnestEspressos,Xuanyu Liu,3946989
2026-07-15T01:06:57.609271,2026-07-15T01:06:57.618810+00:00,71.7,26,ask,EarnestEspressos,Sze-Yong Ng,3946990
2026-07-15T01:06:58.429309,2026-07-15T01:06:58.431952+00:00,71.7,31,ask,EarnestEspressos,CostlyCorianders,3946998
2026-07-15T01:06:58.429309,2026-07-15T01:06:58.442744+00:00,71.7,5,ask,Sebastian Baldwin,CostlyCorianders,3946999
2026-07-15T01:06:58.429309,2026-07-15T01:06:58.442744+00:00,71.5,5,ask,DiligentDonuts,CostlyCorianders,3947000
2026-07-15T01:06:59.032238,2026-07-15T01:06:59.043228+00:00,71.5,42,ask,DiligentDonuts,CostlyCorianders,3947008
2026-07-15T01:06:59.260540,2026-07-15T01:06:59.267812+00:00,71.5,5,ask,DiligentDonuts,Sebastian Baldwin,3947011
2026-07-15T01:06:59.308610,2026-07-15T01:06:59.311149+00:00,71.5,48,ask,DiligentDonuts,EarnestEspressos,3947013
2026-07-15T01:06:59.308610,2026-07-15T01:06:59.327459+00:00,71.5,5,ask,Sebastian Baldwin,EarnestEspressos,3947014
2026-07-15T01:06:59.322673,2026-07-15T01:06:59.327459+00:00,71.5,33,bid,Xuanyu Liu,EarnestEspressos,3947015
2026-07-15T01:06:59.342444,2026-07-15T01:06:59.349433+00:00,71.5,17,bid,Sze-Yong Ng,EarnestEspressos,3947016
2026-07-15T01:07:00.281126,2026-07-15T01:07:00.286779+00:00,71.3,2,ask,DiligentDonuts,Sebastian Baldwin,3947036
2026-07-15T01:07:01.279746,2026-07-15T01:07:01.290575+00:00,71.5,47,bid,FlawlessFlatbreads,EarnestEspressos,3947048
2026-07-15T01:07:01.279746,2026-07-15T01:07:01.290575+00:00,71.8,3,bid,FlawlessFlatbreads,DiligentDonuts,3947049
2026-07-15T01:07:02.761742,2026-07-15T01:07:02.771397+00:00,71.8,45,bid,CostlyCorianders,DiligentDonuts,3947065
2026-07-15T01:07:03.391283,2026-07-15T01:07:03.394431+00:00,71.6,50,bid,FlawlessFlatbreads,DiligentDonuts,3947076
2026-07-15T01:07:04.809603,2026-07-15T01:07:04.815457+00:00,71.6,47,bid,CostlyCorianders,DiligentDonuts,3947092
2026-07-15T01:07:05.365189,2026-07-15T01:07:05.368993+00:00,71.4,3,ask,EarnestEspressos,Sebastian Baldwin,3947099
2026-07-15T01:07:05.500815,2026-07-15T01:07:05.509326+00:00,71.6,3,bid,FlawlessFlatbreads,DiligentDonuts,3947102
2026-07-15T01:07:05.500815,2026-07-15T01:07:05.509326+00:00,71.9,47,bid,FlawlessFlatbreads,EarnestEspressos,3947103
2026-07-15T01:07:05.640985,2026-07-15T01:07:05.644839+00:00,71.5,11,ask,EarnestEspressos,Xuanyu Liu,3947105
2026-07-15T01:07:06.798240,2026-07-15T01:07:06.804055+00:00,71.5,11,ask,EarnestEspressos,Xuanyu Liu,3947130
2026-07-15T01:07:06.895555,2026-07-15T01:07:06.903079+00:00,71.5,17,ask,EarnestEspressos,Sze-Yong Ng,3947134
2026-07-15T01:07:07.608697,2026-07-15T01:07:07.612900+00:00,71.9,50,bid,FlawlessFlatbreads,DiligentDonuts,3947144
2026-07-15T01:07:11.818662,2026-07-15T01:07:11.828188+00:00,71.7,12,bid,FlawlessFlatbreads,Zhangyue Shen,3947211
2026-07-15T01:07:13.377371,2026-07-15T01:07:13.381372+00:00,71.6,22,ask,DiligentDonuts,Xuanyu Liu,3947227
2026-07-15T01:07:13.455005,2026-07-15T01:07:13.466933+00:00,71.6,12,ask,DiligentDonuts,Zhangyue Shen,3947228
2026-07-15T01:07:13.975041,2026-07-15T01:07:13.979219+00:00,71.6,50,ask,DiligentDonuts,FlawlessFlatbreads,3947235
2026-07-15T01:07:14.565030,2026-07-15T01:07:14.570547+00:00,71.6,16,ask,DiligentDonuts,CostlyCorianders,3947249
2026-07-15T01:07:14.565030,2026-07-15T01:07:14.570547+00:00,71.6,5,ask,Sebastian Baldwin,CostlyCorianders,3947250
2026-07-15T01:07:14.565030,2026-07-15T01:07:14.581265+00:00,71.3,28,ask,EarnestEspressos,CostlyCorianders,3947251
2026-07-15T01:07:15.527298,2026-07-15T01:07:15.538714+00:00,71.1,1,ask,EarnestEspressos,Sebastian Baldwin,3947257
2026-07-15T01:07:15.537326,2026-07-15T01:07:15.549589+00:00,71.1,3,ask,EarnestEspressos,Sebastian Baldwin,3947259
2026-07-15T01:07:15.752618,2026-07-15T01:07:15.756733+00:00,71.4,11,bid,Xuanyu Liu,Zhangyue Shen,3947260
2026-07-15T01:07:16.008157,2026-07-15T01:07:16.015241+00:00,71.4,1,bid,Xuanyu Liu,Zhangyue Shen,3947269
2026-07-15T01:07:16.091840,2026-07-15T01:07:16.100647+00:00,71.1,50,ask,EarnestEspressos,FlawlessFlatbreads,3947273
2026-07-15T01:07:16.284596,2026-07-15T01:07:16.289725+00:00,71.5,10,bid,Xuanyu Liu,Zhangyue Shen,3947282
2026-07-15T01:07:16.546131,2026-07-15T01:07:16.550101+00:00,71.4,11,bid,Xuanyu Liu,Zhangyue Shen,3947286
2026-07-15T01:07:17.405612,2026-07-15T01:07:17.407830+00:00,71.4,1,bid,CostlyCorianders,Zhangyue Shen,3947298
2026-07-15T01:07:17.405612,2026-07-15T01:07:17.418610+00:00,71.6,42,bid,CostlyCorianders,EarnestEspressos,3947299
2026-07-15T01:07:18.198974,2026-07-15T01:07:18.203720+00:00,71.1,50,ask,DiligentDonuts,FlawlessFlatbreads,3947305
2026-07-15T01:07:18.610701,2026-07-15T01:07:18.617951+00:00,71.3,1,ask,EarnestEspressos,Sebastian Baldwin,3947318
2026-07-15T01:07:18.856949,2026-07-15T01:07:18.861988+00:00,71.3,48,ask,EarnestEspressos,CostlyCorianders,3947325
2026-07-15T01:07:19.439009,2026-07-15T01:07:19.452954+00:00,71.3,45,ask,EarnestEspressos,CostlyCorianders,3947334
2026-07-15T01:07:19.950969,2026-07-15T01:07:19.955619+00:00,71.5,11,bid,Xuanyu Liu,Zhangyue Shen,3947348
2026-07-15T01:07:20.038440,2026-07-15T01:07:20.040978+00:00,71.5,1,bid,Sze-Yong Ng,Zhangyue Shen,3947349
2026-07-15T01:07:21.064561,2026-07-15T01:07:21.074110+00:00,71.7,42,bid,CostlyCorianders,DiligentDonuts,3947363
2026-07-15T01:07:22.358866,2026-07-15T01:07:22.366467+00:00,71.5,50,bid,FlawlessFlatbreads,EarnestEspressos,3947374
2026-07-15T01:07:23.902155,2026-07-15T01:07:23.909617+00:00,71.5,16,bid,Sze-Yong Ng,EarnestEspressos,3947400
2026-07-15T01:07:24.465772,2026-07-15T01:07:24.477242+00:00,71.5,50,bid,FlawlessFlatbreads,EarnestEspressos,3947408
2026-07-15T01:07:25.501224,2026-07-15T01:07:25.507564+00:00,71.5,40,ask,EarnestEspressos,CostlyCorianders,3947420
2026-07-15T01:07:26.571970,2026-07-15T01:07:26.579729+00:00,71.7,9,bid,FlawlessFlatbreads,Zhangyue Shen,3947434
2026-07-15T01:07:26.571970,2026-07-15T01:07:26.579729+00:00,72.0,41,bid,FlawlessFlatbreads,EarnestEspressos,3947435
2026-07-15T01:07:28.746932,2026-07-15T01:07:28.751395+00:00,71.5,50,ask,EarnestEspressos,FlawlessFlatbreads,3947469
2026-07-15T01:07:29.540614,2026-07-15T01:07:29.547200+00:00,72.0,47,bid,CostlyCorianders,EarnestEspressos,3947476
2026-07-15T01:07:31.433284,2026-07-15T01:07:31.436545+00:00,71.6,40,ask,EarnestEspressos,CostlyCorianders,3947507
2026-07-15T01:07:31.770039,2026-07-15T01:07:31.774121+00:00,71.6,11,ask,EarnestEspressos,Xuanyu Liu,3947515
2026-07-15T01:07:32.969604,2026-07-15T01:07:32.972175+00:00,71.6,50,ask,EarnestEspressos,FlawlessFlatbreads,3947529
2026-07-15T01:07:34.105913,2026-07-15T01:07:34.108986+00:00,71.6,100,ask,DiligentDonuts,EarnestEspressos,3947546
2026-07-15T01:07:34.105913,2026-07-15T01:07:34.119736+00:00,71.6,5,ask,Sebastian Baldwin,EarnestEspressos,3947547
2026-07-15T01:07:35.038968,2026-07-15T01:07:35.050016+00:00,71.1,3,ask,Zhangyue Shen,Sebastian Baldwin,3947561
2026-07-15T01:07:35.797152,2026-07-15T01:07:35.805795+00:00,71.5,9,bid,Sze-Yong Ng,EarnestEspressos,3947577
2026-07-15T01:07:37.216908,2026-07-15T01:07:37.232768+00:00,71.2,9,ask,Zhangyue Shen,FlawlessFlatbreads,3947601
2026-07-15T01:07:37.216908,2026-07-15T01:07:37.232768+00:00,71.2,5,ask,Sebastian Baldwin,FlawlessFlatbreads,3947602
2026-07-15T01:07:37.216908,2026-07-15T01:07:37.232768+00:00,71.0,36,ask,DiligentDonuts,FlawlessFlatbreads,3947603
2026-07-15T01:07:37.227686,2026-07-15T01:07:37.232768+00:00,71.5,100,bid,EarnestEspressos,DiligentDonuts,3947604
2026-07-15T01:07:38.096020,2026-07-15T01:07:38.103875+00:00,71.5,5,ask,EarnestEspressos,Sebastian Baldwin,3947620
2026-07-15T01:07:38.328873,2026-07-15T01:07:38.333150+00:00,71.6,1,bid,Xuanyu Liu,Zhangyue Shen,3947625
2026-07-15T01:07:39.120405,2026-07-15T01:07:39.131169+00:00,71.5,2,ask,EarnestEspressos,Sebastian Baldwin,3947638
2026-07-15T01:07:39.330824,2026-07-15T01:07:39.342467+00:00,71.5,43,ask,EarnestEspressos,FlawlessFlatbreads,3947647
2026-07-15T01:07:39.330824,2026-07-15T01:07:39.342467+00:00,71.5,5,ask,Sebastian Baldwin,FlawlessFlatbreads,3947648
2026-07-15T01:07:39.330824,2026-07-15T01:07:39.342467+00:00,71.4,2,ask,DiligentDonuts,FlawlessFlatbreads,3947649
2026-07-15T01:07:39.725430,2026-07-15T01:07:39.729433+00:00,71.7,10,bid,CostlyCorianders,Zhangyue Shen,3947656
2026-07-15T01:07:39.725430,2026-07-15T01:07:39.729433+00:00,71.9,36,bid,CostlyCorianders,DiligentDonuts,3947657
2026-07-15T01:07:40.309614,2026-07-15T01:07:40.311898+00:00,71.8,1,bid,CostlyCorianders,Zhangyue Shen,3947665
2026-07-15T01:07:40.309614,2026-07-15T01:07:40.322566+00:00,71.9,39,bid,CostlyCorianders,DiligentDonuts,3947666
2026-07-15T01:07:40.451266,2026-07-15T01:07:40.455473+00:00,71.6,10,bid,Xuanyu Liu,EarnestEspressos,3947668
2026-07-15T01:07:41.074402,2026-07-15T01:07:41.081443+00:00,71.6,100,bid,DiligentDonuts,EarnestEspressos,3947676
2026-07-15T01:07:41.430102,2026-07-15T01:07:41.434730+00:00,71.6,10,bid,Xuanyu Liu,EarnestEspressos,3947687
2026-07-15T01:07:41.458288,2026-07-15T01:07:41.467038+00:00,71.4,12,ask,Zhangyue Shen,FlawlessFlatbreads,3947688
2026-07-15T01:07:41.458288,2026-07-15T01:07:41.467038+00:00,71.4,5,ask,Sebastian Baldwin,FlawlessFlatbreads,3947689
2026-07-15T01:07:41.458288,2026-07-15T01:07:41.467038+00:00,71.1,33,ask,EarnestEspressos,FlawlessFlatbreads,3947690
2026-07-15T01:07:43.515909,2026-07-15T01:07:43.528132+00:00,71.6,12,bid,FlawlessFlatbreads,Zhangyue Shen,3947717
2026-07-15T01:07:45.656965,2026-07-15T01:07:45.671206+00:00,71.7,50,bid,FlawlessFlatbreads,EarnestEspressos,3947744
2026-07-15T01:07:47.285128,2026-07-15T01:07:47.295663+00:00,71.4,10,ask,EarnestEspressos,Sebastian Baldwin,3947771
2026-07-15T01:07:47.763654,2026-07-15T01:07:47.767323+00:00,71.7,50,bid,FlawlessFlatbreads,DiligentDonuts,3947782
2026-07-15T01:07:49.816356,2026-07-15T01:07:49.825580+00:00,71.4,46,ask,EarnestEspressos,CostlyCorianders,3947813
2026-07-15T01:07:49.877223,2026-07-15T01:07:49.880494+00:00,71.7,50,bid,FlawlessFlatbreads,DiligentDonuts,3947814
2026-07-15T01:07:50.571694,2026-07-15T01:07:50.577651+00:00,71.5,10,ask,DiligentDonuts,Xuanyu Liu,3947825
2026-07-15T01:07:51.443465,2026-07-15T01:07:51.448140+00:00,71.5,11,ask,DiligentDonuts,Xuanyu Liu,3947838
2026-07-15T01:07:51.515291,2026-07-15T01:07:51.524513+00:00,71.5,9,ask,DiligentDonuts,Sze-Yong Ng,3947841
2026-07-15T01:07:51.983782,2026-07-15T01:07:51.998224+00:00,71.7,50,bid,FlawlessFlatbreads,EarnestEspressos,3947849
2026-07-15T01:07:52.756014,2026-07-15T01:07:52.760800+00:00,71.7,11,bid,Xuanyu Liu,EarnestEspressos,3947865
2026-07-15T01:07:53.555719,2026-07-15T01:07:53.566608+00:00,71.7,45,ask,EarnestEspressos,CostlyCorianders,3947886
2026-07-15T01:07:54.091815,2026-07-15T01:07:54.103227+00:00,72.2,50,bid,FlawlessFlatbreads,EarnestEspressos,3947891
2026-07-15T01:07:56.200187,2026-07-15T01:07:56.212533+00:00,72.2,50,bid,FlawlessFlatbreads,DiligentDonuts,3947925
