timestamp,recv_time,price,volume,aggressor_side,buyer,seller,trade_id
2026-07-01T02:00:00.376683,2026-07-01T02:00:00.260675+00:00,85.8,50,bid,FlawlessFlatbreads,EarnestEspressos,1467807
2026-07-01T02:00:00.850969,2026-07-01T02:00:00.828603+00:00,85.6,3,ask,Kelvin Chan,Alice Feng,1467821
2026-07-01T02:00:00.866465,2026-07-01T02:00:00.828603+00:00,85.5,2,ask,EarnestEspressos,Alice Feng,1467825
2026-07-01T02:00:01.071890,2026-07-01T02:00:01.076249+00:00,85.5,2,ask,EarnestEspressos,Alice Feng,1467827
2026-07-01T02:00:01.286145,2026-07-01T02:00:01.291570+00:00,85.5,2,ask,EarnestEspressos,Alice Feng,1467828
2026-07-01T02:00:01.492293,2026-07-01T02:00:01.498056+00:00,85.5,2,ask,EarnestEspressos,Alice Feng,1467837
2026-07-01T02:00:01.699605,2026-07-01T02:00:01.707723+00:00,85.5,2,ask,EarnestEspressos,Alice Feng,1467841
2026-07-01T02:00:01.904443,2026-07-01T02:00:01.910007+00:00,85.6,2,ask,Kelvin Chan,Alice Feng,1467847
2026-07-01T02:00:01.913376,2026-07-01T02:00:01.920252+00:00,85.5,2,ask,EarnestEspressos,Alice Feng,1467849
2026-07-01T02:00:02.494156,2026-07-01T02:00:02.504911+00:00,85.7,50,bid,FlawlessFlatbreads,EarnestEspressos,1467858
2026-07-01T02:00:02.630103,2026-07-01T02:00:02.633522+00:00,85.7,42,bid,CostlyCorianders,EarnestEspressos,1467864
2026-07-01T02:00:02.951814,2026-07-01T02:00:02.962204+00:00,85.6,3,ask,Kelvin Chan,Alice Feng,1467881
2026-07-01T02:00:02.962328,2026-07-01T02:00:02.972577+00:00,85.4,2,ask,DiligentDonuts,Alice Feng,1467884
2026-07-01T02:00:03.130182,2026-07-01T02:00:03.134216+00:00,85.7,3,bid,Xuanyu Liu,EarnestEspressos,1467888
2026-07-01T02:00:03.134442,2026-07-01T02:00:03.144654+00:00,85.4,3,ask,DiligentDonuts,Harry North,1467889
2026-07-01T02:00:03.209822,2026-07-01T02:00:03.218041+00:00,85.7,43,bid,CostlyCorianders,EarnestEspressos,1467893
2026-07-01T02:00:03.367013,2026-07-01T02:00:03.371630+00:00,85.7,4,bid,Harry North,EarnestEspressos,1467895
2026-07-01T02:00:03.992314,2026-07-01T02:00:04.000539+00:00,85.5,2,ask,DiligentDonuts,Alice Feng,1467924
2026-07-01T02:00:04.196844,2026-07-01T02:00:04.204969+00:00,85.5,2,ask,DiligentDonuts,Alice Feng,1467932
2026-07-01T02:00:04.283919,2026-07-01T02:00:04.286893+00:00,85.5,42,ask,DiligentDonuts,CostlyCorianders,1467933
2026-07-01T02:00:04.601571,2026-07-01T02:00:04.603893+00:00,85.7,8,bid,FlawlessFlatbreads,EarnestEspressos,1467939
2026-07-01T02:00:04.680959,2026-07-01T02:00:04.685660+00:00,85.5,2,ask,DiligentDonuts,Harry North,1467942
2026-07-01T02:00:04.897936,2026-07-01T02:00:04.900606+00:00,85.6,2,ask,Kelvin Chan,Harry North,1467947
2026-07-01T02:00:05.019500,2026-07-01T02:00:05.024083+00:00,85.6,2,ask,Kelvin Chan,Harry North,1467953
2026-07-01T02:00:05.109854,2026-07-01T02:00:05.116450+00:00,85.6,2,ask,Kelvin Chan,Alice Feng,1467958
2026-07-01T02:00:05.259061,2026-07-01T02:00:05.280698+00:00,85.9,1,bid,EarnestEspressos,Kelvin Chan,1467962
2026-07-01T02:00:05.276971,2026-07-01T02:00:05.280698+00:00,85.9,12,ask,EarnestEspressos,Xuanyu Liu,1467965
2026-07-01T02:00:05.325595,2026-07-01T02:00:05.332248+00:00,85.9,7,ask,EarnestEspressos,Harry North,1467967
2026-07-01T02:00:05.429591,2026-07-01T02:00:05.434860+00:00,85.9,16,ask,EarnestEspressos,Alice Feng,1467968
2026-07-01T02:00:05.439362,2026-07-01T02:00:05.445141+00:00,85.9,2,ask,EarnestEspressos,Alice Feng,1467970
2026-07-01T02:00:05.575438,2026-07-01T02:00:05.588662+00:00,85.9,6,ask,EarnestEspressos,Harry North,1467975
2026-07-01T02:00:05.584805,2026-07-01T02:00:05.588662+00:00,85.9,11,ask,EarnestEspressos,Xuanyu Liu,1467977
2026-07-01T02:00:05.644511,2026-07-01T02:00:05.650062+00:00,85.9,2,ask,EarnestEspressos,Alice Feng,1467978
2026-07-01T02:00:05.849320,2026-07-01T02:00:05.932283+00:00,85.9,2,ask,EarnestEspressos,Alice Feng,1467983
2026-07-01T02:00:06.344663,2026-07-01T02:00:06.348223+00:00,85.9,46,ask,EarnestEspressos,CostlyCorianders,1467996
2026-07-01T02:00:06.759596,2026-07-01T02:00:06.761867+00:00,85.9,45,ask,EarnestEspressos,FlawlessFlatbreads,1468003
2026-07-01T02:00:06.759596,2026-07-01T02:00:06.772128+00:00,85.6,3,ask,Kelvin Chan,FlawlessFlatbreads,1468004
2026-07-01T02:00:06.759596,2026-07-01T02:00:06.772128+00:00,85.5,2,ask,DiligentDonuts,FlawlessFlatbreads,1468005
2026-07-01T02:00:06.817089,2026-07-01T02:00:06.823540+00:00,86.0,5,bid,Harry North,DiligentDonuts,1468009
2026-07-01T02:00:06.882710,2026-07-01T02:00:06.887076+00:00,85.9,3,bid,Xuanyu Liu,Kelvin Chan,1468012
2026-07-01T02:00:07.068413,2026-07-01T02:00:07.073119+00:00,86.0,5,bid,Harry North,DiligentDonuts,1468021
2026-07-01T02:00:07.281550,2026-07-01T02:00:07.289031+00:00,86.0,5,bid,Harry North,DiligentDonuts,1468029
2026-07-01T02:00:07.486040,2026-07-01T02:00:07.496847+00:00,86.0,49,bid,CostlyCorianders,DiligentDonuts,1468040
2026-07-01T02:00:07.493202,2026-07-01T02:00:07.496847+00:00,86.0,5,bid,Harry North,DiligentDonuts,1468042
2026-07-01T02:00:07.704893,2026-07-01T02:00:07.712720+00:00,86.0,5,bid,Harry North,Zijun Feng,1468046
2026-07-01T02:00:07.975962,2026-07-01T02:00:07.979403+00:00,85.9,4,bid,Xuanyu Liu,Kelvin Chan,1468054
2026-07-01T02:00:08.489237,2026-07-01T02:00:08.493402+00:00,85.8,4,bid,Harry North,EarnestEspressos,1468065
2026-07-01T02:00:08.557346,2026-07-01T02:00:08.561402+00:00,85.8,23,bid,Xuanyu Liu,EarnestEspressos,1468069
2026-07-01T02:00:08.592968,2026-07-01T02:00:08.602690+00:00,85.8,4,bid,Harry North,EarnestEspressos,1468071
2026-07-01T02:00:08.803743,2026-07-01T02:00:08.807548+00:00,85.8,4,bid,Xuanyu Liu,EarnestEspressos,1468079
2026-07-01T02:00:08.874053,2026-07-01T02:00:08.879296+00:00,85.7,2,ask,Kelvin Chan,FlawlessFlatbreads,1468080
2026-07-01T02:00:08.874053,2026-07-01T02:00:08.879296+00:00,85.5,48,ask,DiligentDonuts,FlawlessFlatbreads,1468081
2026-07-01T02:00:09.054427,2026-07-01T02:00:09.056621+00:00,85.6,2,ask,Kelvin Chan,CostlyCorianders,1468087
2026-07-01T02:00:09.054427,2026-07-01T02:00:09.066992+00:00,85.5,39,ask,DiligentDonuts,CostlyCorianders,1468088
2026-07-01T02:00:12.284772,2026-07-01T02:00:12.293648+00:00,85.9,43,bid,CostlyCorianders,DiligentDonuts,1468158
2026-07-01T02:00:13.109803,2026-07-01T02:00:13.112485+00:00,85.7,50,ask,EarnestEspressos,FlawlessFlatbreads,1468166
2026-07-01T02:00:13.486406,2026-07-01T02:00:13.493182+00:00,85.7,2,ask,EarnestEspressos,Harry North,1468181
2026-07-01T02:00:13.697114,2026-07-01T02:00:13.708039+00:00,85.7,2,ask,EarnestEspressos,Harry North,1468183
2026-07-01T02:00:13.908767,2026-07-01T02:00:13.912455+00:00,85.7,2,ask,EarnestEspressos,Harry North,1468185
2026-07-01T02:00:15.222683,2026-07-01T02:00:15.230561+00:00,85.7,50,ask,DiligentDonuts,FlawlessFlatbreads,1468230
2026-07-01T02:00:16.050131,2026-07-01T02:00:16.053948+00:00,85.9,3,bid,Xuanyu Liu,EarnestEspressos,1468255
2026-07-01T02:00:16.572670,2026-07-01T02:00:16.577760+00:00,85.9,45,bid,CostlyCorianders,EarnestEspressos,1468264
2026-07-01T02:00:17.328531,2026-07-01T02:00:17.337077+00:00,85.6,2,ask,Kelvin Chan,FlawlessFlatbreads,1468281
2026-07-01T02:00:17.328531,2026-07-01T02:00:17.337077+00:00,85.6,48,ask,DiligentDonuts,FlawlessFlatbreads,1468282
2026-07-01T02:00:18.100027,2026-07-01T02:00:18.112156+00:00,85.7,2,ask,EarnestEspressos,Harry North,1468305
2026-07-01T02:00:18.320327,2026-07-01T02:00:18.329205+00:00,85.7,2,ask,EarnestEspressos,Harry North,1468314
2026-07-01T02:00:19.452219,2026-07-01T02:00:19.460974+00:00,85.7,50,ask,EarnestEspressos,FlawlessFlatbreads,1468338
2026-07-01T02:00:21.558157,2026-07-01T02:00:21.564809+00:00,85.7,5,ask,Kelvin Chan,FlawlessFlatbreads,1468382
2026-07-01T02:00:21.558157,2026-07-01T02:00:21.564809+00:00,85.5,45,ask,EarnestEspressos,FlawlessFlatbreads,1468383
2026-07-01T02:00:23.690670,2026-07-01T02:00:23.701737+00:00,85.7,4,ask,Kelvin Chan,FlawlessFlatbreads,1468415
2026-07-01T02:00:23.690670,2026-07-01T02:00:23.701737+00:00,85.5,46,ask,EarnestEspressos,FlawlessFlatbreads,1468416
2026-07-01T02:00:24.292995,2026-07-01T02:00:24.298904+00:00,85.7,4,ask,Kelvin Chan,EarnestEspressos,1468432
2026-07-01T02:00:24.319705,2026-07-01T02:00:24.329848+00:00,85.6,4,bid,Kelvin Chan,EarnestEspressos,1468434
2026-07-01T02:00:24.491236,2026-07-01T02:00:24.494663+00:00,85.6,3,bid,Harry North,EarnestEspressos,1468443
2026-07-01T02:00:24.495552,2026-07-01T02:00:24.505015+00:00,85.6,25,bid,Alice Feng,EarnestEspressos,1468444
2026-07-01T02:00:24.665119,2026-07-01T02:00:24.670608+00:00,85.6,4,bid,Kelvin Chan,EarnestEspressos,1468454
2026-07-01T02:00:24.706294,2026-07-01T02:00:24.712252+00:00,85.6,3,bid,Harry North,EarnestEspressos,1468458
2026-07-01T02:00:24.706443,2026-07-01T02:00:24.712252+00:00,85.6,25,bid,Alice Feng,EarnestEspressos,1468459
2026-07-01T02:00:24.930680,2026-07-01T02:00:24.941147+00:00,85.6,25,bid,Alice Feng,EarnestEspressos,1468468
2026-07-01T02:00:24.971488,2026-07-01T02:00:24.982389+00:00,85.6,5,bid,Harry North,EarnestEspressos,1468469
2026-07-01T02:00:25.143413,2026-07-01T02:00:25.146942+00:00,85.6,25,bid,Alice Feng,EarnestEspressos,1468473
2026-07-01T02:00:25.247780,2026-07-01T02:00:25.251794+00:00,85.6,3,bid,Xuanyu Liu,EarnestEspressos,1468476
2026-07-01T02:00:25.353754,2026-07-01T02:00:25.364700+00:00,85.6,24,bid,Alice Feng,EarnestEspressos,1468480
2026-07-01T02:00:25.358042,2026-07-01T02:00:25.364700+00:00,85.9,1,bid,Alice Feng,DiligentDonuts,1468481
2026-07-01T02:00:25.363488,2026-07-01T02:00:25.375018+00:00,85.4,49,ask,DiligentDonuts,CostlyCorianders,1468482
2026-07-01T02:00:25.798437,2026-07-01T02:00:25.807324+00:00,85.5,10,ask,Zijun Feng,FlawlessFlatbreads,1468495
2026-07-01T02:00:25.798437,2026-07-01T02:00:25.807324+00:00,85.4,40,ask,DiligentDonuts,FlawlessFlatbreads,1468496
2026-07-01T02:00:26.168478,2026-07-01T02:00:26.173702+00:00,85.8,25,bid,Alice Feng,DiligentDonuts,1468506
2026-07-01T02:00:26.378244,2026-07-01T02:00:26.389209+00:00,85.5,5,ask,Zijun Feng,CostlyCorianders,1468510
2026-07-01T02:00:26.378244,2026-07-01T02:00:26.389209+00:00,85.3,41,ask,DiligentDonuts,CostlyCorianders,1468511
2026-07-01T02:00:26.384031,2026-07-01T02:00:26.389209+00:00,85.8,25,bid,Alice Feng,DiligentDonuts,1468512
2026-07-01T02:00:26.884777,2026-07-01T02:00:26.892563+00:00,85.6,2,ask,Kelvin Chan,Harry North,1468528
2026-07-01T02:00:27.096426,2026-07-01T02:00:27.108202+00:00,85.6,2,ask,Kelvin Chan,Harry North,1468531
2026-07-01T02:00:27.413190,2026-07-01T02:00:27.416977+00:00,85.7,3,ask,EarnestEspressos,Xuanyu Liu,1468538
2026-07-01T02:00:27.669967,2026-07-01T02:00:27.673485+00:00,85.7,1,ask,EarnestEspressos,Harry North,1468545
2026-07-01T02:00:27.881016,2026-07-01T02:00:27.888921+00:00,85.7,2,ask,EarnestEspressos,Harry North,1468551
2026-07-01T02:00:27.932062,2026-07-01T02:00:27.940535+00:00,85.7,50,ask,EarnestEspressos,FlawlessFlatbreads,1468553
2026-07-01T02:00:28.092495,2026-07-01T02:00:28.095111+00:00,85.7,2,ask,EarnestEspressos,Harry North,1468562
2026-07-01T02:00:28.303448,2026-07-01T02:00:28.310976+00:00,85.7,2,ask,EarnestEspressos,Harry North,1468569
2026-07-01T02:00:28.545060,2026-07-01T02:00:28.548534+00:00,85.7,2,ask,EarnestEspressos,Harry North,1468583
2026-07-01T02:00:28.769668,2026-07-01T02:00:28.774219+00:00,85.7,2,ask,EarnestEspressos,Harry North,1468587
2026-07-01T02:00:28.980730,2026-07-01T02:00:28.989517+00:00,85.7,2,ask,EarnestEspressos,Harry North,1468592
2026-07-01T02:00:29.201300,2026-07-01T02:00:29.206102+00:00,85.7,1,ask,EarnestEspressos,Harry North,1468605
2026-07-01T02:00:29.263758,2026-07-01T02:00:29.268439+00:00,85.7,83,ask,EarnestEspressos,DiligentDonuts,1468607
2026-07-01T02:00:29.263758,2026-07-01T02:00:29.268439+00:00,85.6,2,ask,Kelvin Chan,DiligentDonuts,1468608
2026-07-01T02:00:29.399251,2026-07-01T02:00:29.402811+00:00,85.6,15,bid,Alice Feng,DiligentDonuts,1468614
2026-07-01T02:00:29.404013,2026-07-01T02:00:29.413212+00:00,85.8,2,bid,Alice Feng,Zijun Feng,1468615
2026-07-01T02:00:30.037920,2026-07-01T02:00:30.041512+00:00,85.1,50,ask,DiligentDonuts,FlawlessFlatbreads,1468626
2026-07-01T02:00:30.632170,2026-07-01T02:00:30.638414+00:00,85.7,8,bid,Alice Feng,EarnestEspressos,1468645
2026-07-01T02:00:30.921101,2026-07-01T02:00:30.926405+00:00,85.6,1,ask,Kelvin Chan,CostlyCorianders,1468651
2026-07-01T02:00:33.186940,2026-07-01T02:00:33.195096+00:00,85.7,49,bid,CostlyCorianders,EarnestEspressos,1468714
2026-07-01T02:00:35.901756,2026-07-01T02:00:35.968918+00:00,85.6,2,ask,Zijun Feng,Harry North,1468763
2026-07-01T02:00:36.313428,2026-07-01T02:00:36.323138+00:00,85.8,1,bid,FlawlessFlatbreads,Kelvin Chan,1468767
2026-07-01T02:00:36.313428,2026-07-01T02:00:36.323138+00:00,85.8,49,bid,FlawlessFlatbreads,DiligentDonuts,1468768
2026-07-01T02:00:38.068713,2026-07-01T02:00:38.077172+00:00,85.8,47,bid,CostlyCorianders,DiligentDonuts,1468820
2026-07-01T02:00:38.448484,2026-07-01T02:00:38.460128+00:00,85.8,4,bid,FlawlessFlatbreads,DiligentDonuts,1468836
2026-07-01T02:00:38.448484,2026-07-01T02:00:38.460128+00:00,85.8,3,bid,FlawlessFlatbreads,Kelvin Chan,1468837
2026-07-01T02:00:38.448484,2026-07-01T02:00:38.460128+00:00,85.9,43,bid,FlawlessFlatbreads,EarnestEspressos,1468838
2026-07-01T02:00:39.169443,2026-07-01T02:00:39.174220+00:00,85.6,43,ask,DiligentDonuts,CostlyCorianders,1468860
2026-07-01T02:00:40.557154,2026-07-01T02:00:40.561096+00:00,85.8,3,bid,FlawlessFlatbreads,Kelvin Chan,1468880
2026-07-01T02:00:41.779380,2026-07-01T02:00:41.790336+00:00,85.6,45,ask,DiligentDonuts,CostlyCorianders,1468905
2026-07-01T02:00:42.713399,2026-07-01T02:00:42.721079+00:00,85.5,50,ask,EarnestEspressos,FlawlessFlatbreads,1468926
2026-07-01T02:00:43.783713,2026-07-01T02:00:43.792994+00:00,85.9,40,bid,CostlyCorianders,DiligentDonuts,1468937
2026-07-01T02:00:45.996207,2026-07-01T02:00:46.005668+00:00,85.6,49,ask,DiligentDonuts,CostlyCorianders,1468967
2026-07-01T02:00:46.286632,2026-07-01T02:00:46.288567+00:00,85.6,3,ask,DiligentDonuts,Harry North,1468983
2026-07-01T02:00:46.923699,2026-07-01T02:00:46.935645+00:00,85.6,48,ask,DiligentDonuts,FlawlessFlatbreads,1468990
2026-07-01T02:00:46.988289,2026-07-01T02:00:46.997644+00:00,85.8,2,bid,Harry North,EarnestEspressos,1468994
2026-07-01T02:00:47.200119,2026-07-01T02:00:47.202765+00:00,85.8,2,bid,Harry North,EarnestEspressos,1469000
2026-07-01T02:00:47.411425,2026-07-01T02:00:47.419001+00:00,85.8,2,bid,Harry North,EarnestEspressos,1469007
2026-07-01T02:00:48.430436,2026-07-01T02:00:48.437971+00:00,85.5,5,bid,Harry North,DiligentDonuts,1469023
2026-07-01T02:00:48.666441,2026-07-01T02:00:48.676103+00:00,85.5,5,bid,Harry North,DiligentDonuts,1469034
2026-07-01T02:00:48.837067,2026-07-01T02:00:48.840972+00:00,85.5,3,bid,Xuanyu Liu,DiligentDonuts,1469037
2026-07-01T02:00:49.029742,2026-07-01T02:00:49.038216+00:00,85.3,50,ask,EarnestEspressos,FlawlessFlatbreads,1469041
2026-07-01T02:00:49.778909,2026-07-01T02:00:49.781350+00:00,85.3,2,ask,Zijun Feng,Harry North,1469067
2026-07-01T02:00:49.990838,2026-07-01T02:00:49.997736+00:00,85.3,2,ask,EarnestEspressos,Harry North,1469071
2026-07-01T02:00:51.137677,2026-07-01T02:00:51.144734+00:00,85.3,50,ask,EarnestEspressos,FlawlessFlatbreads,1469088
2026-07-01T02:00:51.218251,2026-07-01T02:00:51.227456+00:00,85.5,48,bid,CostlyCorianders,DiligentDonuts,1469090
2026-07-01T02:00:51.767054,2026-07-01T02:00:51.775942+00:00,85.7,43,bid,CostlyCorianders,DiligentDonuts,1469103
2026-07-01T02:00:53.245199,2026-07-01T02:00:53.251997+00:00,85.3,3,ask,Kelvin Chan,FlawlessFlatbreads,1469130
2026-07-01T02:00:53.245199,2026-07-01T02:00:53.251997+00:00,85.3,10,ask,Zijun Feng,FlawlessFlatbreads,1469131
2026-07-01T02:00:53.245199,2026-07-01T02:00:53.251997+00:00,85.2,37,ask,DiligentDonuts,FlawlessFlatbreads,1469132
2026-07-01T02:00:53.382869,2026-07-01T02:00:53.386698+00:00,85.4,11,bid,Xuanyu Liu,EarnestEspressos,1469137
2026-07-01T02:00:54.032578,2026-07-01T02:00:54.035095+00:00,85.2,49,ask,DiligentDonuts,CostlyCorianders,1469149
2026-07-01T02:00:55.354281,2026-07-01T02:00:55.364324+00:00,85.3,3,ask,Kelvin Chan,FlawlessFlatbreads,1469184
2026-07-01T02:00:55.354281,2026-07-01T02:00:55.364324+00:00,85.3,10,ask,Zijun Feng,FlawlessFlatbreads,1469185
2026-07-01T02:00:55.354281,2026-07-01T02:00:55.364324+00:00,84.9,37,ask,EarnestEspressos,FlawlessFlatbreads,1469186
2026-07-01T02:00:55.414286,2026-07-01T02:00:55.426285+00:00,85.4,5,bid,Harry North,EarnestEspressos,1469189
2026-07-01T02:00:55.417578,2026-07-01T02:00:55.426285+00:00,85.4,48,bid,CostlyCorianders,EarnestEspressos,1469190
2026-07-01T02:00:55.628344,2026-07-01T02:00:55.630638+00:00,85.4,4,bid,Harry North,EarnestEspressos,1469193
2026-07-01T02:00:57.464847,2026-07-01T02:00:57.468152+00:00,85.3,2,ask,Kelvin Chan,FlawlessFlatbreads,1469240
2026-07-01T02:00:57.464847,2026-07-01T02:00:57.468152+00:00,85.3,10,ask,Zijun Feng,FlawlessFlatbreads,1469241
2026-07-01T02:00:59.577346,2026-07-01T02:00:59.586959+00:00,85.2,1,ask,Kelvin Chan,FlawlessFlatbreads,1469273
2026-07-01T02:00:59.577346,2026-07-01T02:00:59.586959+00:00,85.2,10,ask,Zijun Feng,FlawlessFlatbreads,1469274
2026-07-01T02:00:59.577346,2026-07-01T02:00:59.586959+00:00,85.1,39,ask,DiligentDonuts,FlawlessFlatbreads,1469275
2026-07-01T02:01:01.689808,2026-07-01T02:01:01.695983+00:00,85.2,1,ask,Kelvin Chan,FlawlessFlatbreads,1469318
2026-07-01T02:01:01.689808,2026-07-01T02:01:01.695983+00:00,85.2,8,ask,Zijun Feng,FlawlessFlatbreads,1469319
2026-07-01T02:01:01.689808,2026-07-01T02:01:01.695983+00:00,84.9,41,ask,EarnestEspressos,FlawlessFlatbreads,1469320
2026-07-01T02:01:02.374814,2026-07-01T02:01:02.385857+00:00,85.2,2,bid,Harry North,EarnestEspressos,1469346
2026-07-01T02:01:02.442690,2026-07-01T02:01:02.448200+00:00,85.2,2,bid,Kelvin Chan,EarnestEspressos,1469347
2026-07-01T02:01:02.586478,2026-07-01T02:01:02.592305+00:00,85.2,2,bid,Kelvin Chan,EarnestEspressos,1469351
2026-07-01T02:01:02.645482,2026-07-01T02:01:02.654014+00:00,85.2,2,bid,Harry North,EarnestEspressos,1469352
2026-07-01T02:01:02.800005,2026-07-01T02:01:02.807966+00:00,85.2,2,bid,Harry North,EarnestEspressos,1469361
2026-07-01T02:01:03.066431,2026-07-01T02:01:03.077248+00:00,85.2,2,bid,Harry North,EarnestEspressos,1469374
2026-07-01T02:01:03.284787,2026-07-01T02:01:03.293674+00:00,85.2,2,bid,Harry North,EarnestEspressos,1469390
2026-07-01T02:01:03.496002,2026-07-01T02:01:03.499648+00:00,85.2,1,bid,Harry North,EarnestEspressos,1469401
2026-07-01T02:01:03.801421,2026-07-01T02:01:03.807669+00:00,84.9,50,ask,DiligentDonuts,FlawlessFlatbreads,1469403
2026-07-01T02:01:04.574741,2026-07-01T02:01:04.578275+00:00,85.2,12,bid,Xuanyu Liu,EarnestEspressos,1469420
2026-07-01T02:01:04.692979,2026-07-01T02:01:04.701619+00:00,85.2,1,bid,Harry North,EarnestEspressos,1469427
2026-07-01T02:01:04.906608,2026-07-01T02:01:04.917716+00:00,85.2,1,bid,Harry North,EarnestEspressos,1469433
2026-07-01T02:01:05.912340,2026-07-01T02:01:05.914783+00:00,85.0,50,ask,EarnestEspressos,FlawlessFlatbreads,1469460
2026-07-01T02:01:07.885894,2026-07-01T02:01:07.889953+00:00,85.2,49,bid,CostlyCorianders,DiligentDonuts,1469506
2026-07-01T02:01:07.968220,2026-07-01T02:01:07.972591+00:00,85.2,50,bid,FlawlessFlatbreads,DiligentDonuts,1469513
2026-07-01T02:01:08.484788,2026-07-01T02:01:08.497304+00:00,84.7,40,ask,DiligentDonuts,CostlyCorianders,1469523
2026-07-01T02:01:08.679763,2026-07-01T02:01:08.682577+00:00,85.0,2,bid,Harry North,EarnestEspressos,1469527
2026-07-01T02:01:08.890877,2026-07-01T02:01:08.898503+00:00,85.0,2,bid,Harry North,EarnestEspressos,1469531
2026-07-01T02:01:09.083292,2026-07-01T02:01:09.094568+00:00,84.7,48,ask,DiligentDonuts,CostlyCorianders,1469539
2026-07-01T02:01:09.106024,2026-07-01T02:01:09.115287+00:00,85.0,6,bid,Harry North,EarnestEspressos,1469541
2026-07-01T02:01:09.317668,2026-07-01T02:01:09.321027+00:00,85.0,3,bid,Harry North,EarnestEspressos,1469551
2026-07-01T02:01:09.480830,2026-07-01T02:01:09.485401+00:00,85.0,4,bid,Kelvin Chan,EarnestEspressos,1469552
2026-07-01T02:01:09.528916,2026-07-01T02:01:09.536829+00:00,85.0,3,bid,Harry North,EarnestEspressos,1469554
2026-07-01T02:01:09.629737,2026-07-01T02:01:09.639670+00:00,85.0,4,bid,Kelvin Chan,EarnestEspressos,1469555
2026-07-01T02:01:09.767473,2026-07-01T02:01:09.773140+00:00,85.0,3,bid,Harry North,EarnestEspressos,1469561
2026-07-01T02:01:09.822035,2026-07-01T02:01:09.826155+00:00,85.0,11,bid,Xuanyu Liu,EarnestEspressos,1469565
2026-07-01T02:01:09.903577,2026-07-01T02:01:09.908476+00:00,85.0,4,bid,Kelvin Chan,EarnestEspressos,1469567
2026-07-01T02:01:09.979231,2026-07-01T02:01:09.990769+00:00,85.0,6,bid,Harry North,EarnestEspressos,1469570
2026-07-01T02:01:10.125485,2026-07-01T02:01:10.136115+00:00,84.7,12,ask,DiligentDonuts,FlawlessFlatbreads,1469580
2026-07-01T02:01:10.125485,2026-07-01T02:01:10.136115+00:00,84.7,10,ask,Zijun Feng,FlawlessFlatbreads,1469581
2026-07-01T02:01:10.125485,2026-07-01T02:01:10.136115+00:00,84.5,28,ask,EarnestEspressos,FlawlessFlatbreads,1469582
2026-07-01T02:01:10.848781,2026-07-01T02:01:10.856065+00:00,85.0,2,bid,Kelvin Chan,EarnestEspressos,1469603
2026-07-01T02:01:10.935217,2026-07-01T02:01:10.938466+00:00,85.0,2,bid,Kelvin Chan,EarnestEspressos,1469605
2026-07-01T02:01:10.986073,2026-07-01T02:01:10.990129+00:00,85.0,2,bid,Kelvin Chan,EarnestEspressos,1469606
2026-07-01T02:01:11.281583,2026-07-01T02:01:11.291359+00:00,84.8,1,ask,DiligentDonuts,Harry North,1469623
2026-07-01T02:01:11.492432,2026-07-01T02:01:11.496510+00:00,85.0,1,bid,Kelvin Chan,EarnestEspressos,1469626
2026-07-01T02:01:11.495367,2026-07-01T02:01:11.506913+00:00,84.8,1,ask,DiligentDonuts,Harry North,1469627
2026-07-01T02:01:11.709198,2026-07-01T02:01:11.712760+00:00,84.9,2,ask,Kelvin Chan,Harry North,1469634
2026-07-01T02:01:11.921373,2026-07-01T02:01:11.927605+00:00,84.9,1,ask,Kelvin Chan,Harry North,1469637
2026-07-01T02:01:12.161747,2026-07-01T02:01:12.164346+00:00,84.9,1,ask,Kelvin Chan,Harry North,1469641
2026-07-01T02:01:12.237711,2026-07-01T02:01:12.247048+00:00,84.8,50,ask,DiligentDonuts,FlawlessFlatbreads,1469643
2026-07-01T02:01:13.529610,2026-07-01T02:01:13.539298+00:00,84.9,1,ask,Kelvin Chan,DiligentDonuts,1469675
2026-07-01T02:01:13.764718,2026-07-01T02:01:13.768743+00:00,84.9,12,bid,Xuanyu Liu,DiligentDonuts,1469682
2026-07-01T02:01:13.883344,2026-07-01T02:01:13.893043+00:00,84.9,2,bid,Harry North,DiligentDonuts,1469689
2026-07-01T02:01:14.096036,2026-07-01T02:01:14.100024+00:00,84.9,2,bid,Harry North,DiligentDonuts,1469697
2026-07-01T02:01:14.307861,2026-07-01T02:01:14.315803+00:00,84.9,2,bid,Harry North,DiligentDonuts,1469700
2026-07-01T02:01:14.344075,2026-07-01T02:01:14.346910+00:00,84.7,50,ask,EarnestEspressos,FlawlessFlatbreads,1469703
2026-07-01T02:01:14.420596,2026-07-01T02:01:14.429408+00:00,84.9,43,bid,CostlyCorianders,DiligentDonuts,1469704
2026-07-01T02:01:15.507403,2026-07-01T02:01:15.511853+00:00,84.9,3,bid,Kelvin Chan,DiligentDonuts,1469731
2026-07-01T02:01:15.640332,2026-07-01T02:01:15.645917+00:00,84.9,3,bid,Kelvin Chan,DiligentDonuts,1469732
2026-07-01T02:01:15.663749,2026-07-01T02:01:15.666726+00:00,84.9,2,bid,Kelvin Chan,DiligentDonuts,1469733
2026-07-01T02:01:15.777435,2026-07-01T02:01:15.780321+00:00,84.9,3,bid,Kelvin Chan,DiligentDonuts,1469734
2026-07-01T02:01:15.812865,2026-07-01T02:01:15.821464+00:00,84.9,2,bid,Kelvin Chan,DiligentDonuts,1469735
2026-07-01T02:01:15.894282,2026-07-01T02:01:15.903300+00:00,84.9,25,bid,CostlyCorianders,DiligentDonuts,1469738
2026-07-01T02:01:15.894282,2026-07-01T02:01:15.903300+00:00,85.1,22,bid,CostlyCorianders,EarnestEspressos,1469739
2026-07-01T02:01:15.950465,2026-07-01T02:01:15.955103+00:00,84.6,45,ask,EarnestEspressos,CostlyCorianders,1469740
2026-07-01T02:01:16.466197,2026-07-01T02:01:16.473171+00:00,84.8,3,ask,Kelvin Chan,FlawlessFlatbreads,1469748
2026-07-01T02:01:16.466197,2026-07-01T02:01:16.473171+00:00,84.8,10,ask,Zijun Feng,FlawlessFlatbreads,1469749
2026-07-01T02:01:16.466197,2026-07-01T02:01:16.473171+00:00,84.6,37,ask,EarnestEspressos,FlawlessFlatbreads,1469750
2026-07-01T02:01:18.097498,2026-07-01T02:01:18.101457+00:00,85.0,11,bid,Xuanyu Liu,EarnestEspressos,1469789
2026-07-01T02:01:18.573845,2026-07-01T02:01:18.585812+00:00,84.8,50,ask,DiligentDonuts,FlawlessFlatbreads,1469798
2026-07-01T02:01:18.691656,2026-07-01T02:01:18.698798+00:00,85.0,43,bid,CostlyCorianders,EarnestEspressos,1469801
2026-07-01T02:01:20.197653,2026-07-01T02:01:20.206667+00:00,84.9,44,ask,DiligentDonuts,CostlyCorianders,1469838
2026-07-01T02:01:20.680108,2026-07-01T02:01:20.689888+00:00,84.9,50,ask,DiligentDonuts,FlawlessFlatbreads,1469850
2026-07-01T02:01:22.735723,2026-07-01T02:01:22.741865+00:00,85.1,50,bid,FlawlessFlatbreads,EarnestEspressos,1469887
2026-07-01T02:01:22.944285,2026-07-01T02:01:22.947978+00:00,84.9,10,ask,Zijun Feng,Xuanyu Liu,1469891
2026-07-01T02:01:23.802709,2026-07-01T02:01:23.811362+00:00,84.6,49,ask,EarnestEspressos,CostlyCorianders,1469903
2026-07-01T02:01:24.265114,2026-07-01T02:01:24.268635+00:00,84.9,10,bid,Xuanyu Liu,DiligentDonuts,1469921
2026-07-01T02:01:24.460150,2026-07-01T02:01:24.463802+00:00,84.9,2,bid,Harry North,DiligentDonuts,1469927
2026-07-01T02:01:24.671176,2026-07-01T02:01:24.679561+00:00,84.9,2,bid,Harry North,DiligentDonuts,1469935
2026-07-01T02:01:24.850207,2026-07-01T02:01:24.853699+00:00,84.9,50,bid,FlawlessFlatbreads,DiligentDonuts,1469937
2026-07-01T02:01:25.577621,2026-07-01T02:01:25.581133+00:00,84.9,11,bid,Xuanyu Liu,DiligentDonuts,1469951
2026-07-01T02:01:25.975219,2026-07-01T02:01:25.982186+00:00,84.9,25,bid,CostlyCorianders,DiligentDonuts,1469966
2026-07-01T02:01:25.975219,2026-07-01T02:01:25.982186+00:00,85.2,2,bid,CostlyCorianders,Kelvin Chan,1469967
2026-07-01T02:01:25.975219,2026-07-01T02:01:25.982186+00:00,85.2,19,bid,CostlyCorianders,EarnestEspressos,1469968
2026-07-01T02:01:28.505462,2026-07-01T02:01:28.517497+00:00,84.9,49,ask,DiligentDonuts,CostlyCorianders,1470017
2026-07-01T02:01:29.114747,2026-07-01T02:01:29.126408+00:00,84.9,50,ask,DiligentDonuts,FlawlessFlatbreads,1470036
2026-07-01T02:01:31.169752,2026-07-01T02:01:31.173416+00:00,85.1,1,bid,FlawlessFlatbreads,Kelvin Chan,1470081
2026-07-01T02:01:31.169752,2026-07-01T02:01:31.173416+00:00,85.1,49,bid,FlawlessFlatbreads,DiligentDonuts,1470082
2026-07-01T02:01:31.674944,2026-07-01T02:01:31.678244+00:00,85.1,41,bid,CostlyCorianders,DiligentDonuts,1470095
2026-07-01T02:01:32.283794,2026-07-01T02:01:32.285706+00:00,85.1,2,bid,Harry North,DiligentDonuts,1470111
2026-07-01T02:01:33.249281,2026-07-01T02:01:33.251723+00:00,84.9,43,ask,DiligentDonuts,CostlyCorianders,1470124
2026-07-01T02:01:33.278043,2026-07-01T02:01:33.282543+00:00,85.1,2,bid,FlawlessFlatbreads,Kelvin Chan,1470125
2026-07-01T02:01:33.278043,2026-07-01T02:01:33.282543+00:00,85.2,48,bid,FlawlessFlatbreads,EarnestEspressos,1470126
2026-07-01T02:01:34.204153,2026-07-01T02:01:34.207053+00:00,85.1,2,bid,CostlyCorianders,Kelvin Chan,1470147
2026-07-01T02:01:34.204153,2026-07-01T02:01:34.217364+00:00,85.4,46,bid,CostlyCorianders,DiligentDonuts,1470148
2026-07-01T02:01:34.692510,2026-07-01T02:01:34.702307+00:00,85.0,44,ask,EarnestEspressos,CostlyCorianders,1470169
2026-07-01T02:01:35.390972,2026-07-01T02:01:35.393494+00:00,85.1,1,bid,FlawlessFlatbreads,Kelvin Chan,1470178
2026-07-01T02:01:35.390972,2026-07-01T02:01:35.403760+00:00,85.1,10,bid,FlawlessFlatbreads,Zijun Feng,1470179
2026-07-01T02:01:35.390972,2026-07-01T02:01:35.403760+00:00,85.4,39,bid,FlawlessFlatbreads,DiligentDonuts,1470180
2026-07-01T02:01:36.085084,2026-07-01T02:01:36.089852+00:00,85.0,4,ask,EarnestEspressos,Harry North,1470201
2026-07-01T02:01:36.296887,2026-07-01T02:01:36.305254+00:00,85.0,4,ask,EarnestEspressos,Harry North,1470203
2026-07-01T02:01:36.517155,2026-07-01T02:01:36.522458+00:00,85.0,4,ask,EarnestEspressos,Harry North,1470209
2026-07-01T02:01:36.728056,2026-07-01T02:01:36.737860+00:00,85.0,4,ask,EarnestEspressos,Harry North,1470214
2026-07-01T02:01:36.980434,2026-07-01T02:01:36.994566+00:00,85.0,3,ask,DiligentDonuts,Harry North,1470220
2026-07-01T02:01:37.024083,2026-07-01T02:01:37.027909+00:00,85.0,11,ask,DiligentDonuts,Xuanyu Liu,1470223
2026-07-01T02:01:37.499717,2026-07-01T02:01:37.510345+00:00,85.2,50,bid,FlawlessFlatbreads,EarnestEspressos,1470230
2026-07-01T02:01:37.620398,2026-07-01T02:01:37.623682+00:00,85.2,47,bid,CostlyCorianders,EarnestEspressos,1470231
2026-07-01T02:01:39.039913,2026-07-01T02:01:39.050035+00:00,85.2,43,bid,CostlyCorianders,EarnestEspressos,1470277
2026-07-01T02:01:39.630910,2026-07-01T02:01:39.635878+00:00,85.2,10,bid,FlawlessFlatbreads,EarnestEspressos,1470283
2026-07-01T02:01:39.630910,2026-07-01T02:01:39.635878+00:00,85.4,40,bid,FlawlessFlatbreads,DiligentDonuts,1470284
2026-07-01T02:01:39.719629,2026-07-01T02:01:39.728375+00:00,85.0,47,ask,DiligentDonuts,CostlyCorianders,1470285
2026-07-01T02:01:40.192253,2026-07-01T02:01:40.214001+00:00,85.2,2,bid,EarnestEspressos,Kelvin Chan,1470297
2026-07-01T02:01:40.209641,2026-07-01T02:01:40.214001+00:00,85.3,23,ask,EarnestEspressos,Xuanyu Liu,1470300
2026-07-01T02:01:40.760748,2026-07-01T02:01:40.768549+00:00,85.3,40,ask,EarnestEspressos,CostlyCorianders,1470322
2026-07-01T02:01:41.312212,2026-07-01T02:01:41.316224+00:00,85.3,23,ask,EarnestEspressos,Xuanyu Liu,1470335
2026-07-01T02:01:41.319821,2026-07-01T02:01:41.326664+00:00,85.3,3,ask,EarnestEspressos,Harry North,1470337
2026-07-01T02:01:41.357625,2026-07-01T02:01:41.368087+00:00,85.4,49,bid,CostlyCorianders,DiligentDonuts,1470340
2026-07-01T02:01:41.411013,2026-07-01T02:01:41.419616+00:00,85.3,42,ask,EarnestEspressos,CostlyCorianders,1470341
2026-07-01T02:01:41.531689,2026-07-01T02:01:41.543399+00:00,85.3,3,ask,EarnestEspressos,Harry North,1470344
2026-07-01T02:01:41.742047,2026-07-01T02:01:41.749990+00:00,85.4,11,bid,FlawlessFlatbreads,DiligentDonuts,1470353
2026-07-01T02:01:41.742047,2026-07-01T02:01:41.749990+00:00,85.4,10,bid,FlawlessFlatbreads,Zijun Feng,1470354
2026-07-01T02:01:41.742047,2026-07-01T02:01:41.749990+00:00,85.8,29,bid,FlawlessFlatbreads,EarnestEspressos,1470355
2026-07-01T02:01:43.203682,2026-07-01T02:01:43.215750+00:00,85.5,1,bid,Harry North,DiligentDonuts,1470390
2026-07-01T02:01:43.417572,2026-07-01T02:01:43.421071+00:00,85.4,3,bid,Harry North,EarnestEspressos,1470393
2026-07-01T02:01:43.660791,2026-07-01T02:01:43.669121+00:00,85.4,4,bid,Harry North,EarnestEspressos,1470399
2026-07-01T02:01:43.926997,2026-07-01T02:01:43.935909+00:00,85.0,50,ask,DiligentDonuts,FlawlessFlatbreads,1470406
2026-07-01T02:01:44.173572,2026-07-01T02:01:44.182345+00:00,85.3,10,bid,CostlyCorianders,Zijun Feng,1470409
2026-07-01T02:01:44.173572,2026-07-01T02:01:44.182345+00:00,85.4,30,bid,CostlyCorianders,EarnestEspressos,1470410
2026-07-01T02:01:44.239466,2026-07-01T02:01:44.244352+00:00,85.0,43,ask,DiligentDonuts,CostlyCorianders,1470412
2026-07-01T02:01:44.718243,2026-07-01T02:01:44.727870+00:00,85.3,10,bid,CostlyCorianders,Zijun Feng,1470424
2026-07-01T02:01:44.718243,2026-07-01T02:01:44.727870+00:00,85.4,30,bid,CostlyCorianders,EarnestEspressos,1470425
2026-07-01T02:01:45.246652,2026-07-01T02:01:45.250759+00:00,85.1,46,bid,Xuanyu Liu,DiligentDonuts,1470451
2026-07-01T02:01:45.515651,2026-07-01T02:01:45.520482+00:00,85.1,2,bid,Harry North,DiligentDonuts,1470462
2026-07-01T02:01:45.733116,2026-07-01T02:01:45.735395+00:00,85.1,2,bid,Harry North,DiligentDonuts,1470464
2026-07-01T02:01:45.983957,2026-07-01T02:01:45.992392+00:00,85.1,50,bid,FlawlessFlatbreads,DiligentDonuts,1470476
2026-07-01T02:01:46.520153,2026-07-01T02:01:46.525784+00:00,85.3,5,bid,EarnestEspressos,Kelvin Chan,1470479
2026-07-01T02:01:46.583697,2026-07-01T02:01:46.587177+00:00,85.3,23,ask,EarnestEspressos,Xuanyu Liu,1470483
2026-07-01T02:01:46.596763,2026-07-01T02:01:46.608110+00:00,85.3,5,ask,EarnestEspressos,Harry North,1470487
2026-07-01T02:01:46.807051,2026-07-01T02:01:46.814474+00:00,85.3,5,ask,EarnestEspressos,Harry North,1470494
2026-07-01T02:01:46.899009,2026-07-01T02:01:46.907675+00:00,85.3,4,ask,EarnestEspressos,Kelvin Chan,1470495
2026-07-01T02:01:47.016948,2026-07-01T02:01:47.021229+00:00,85.3,5,ask,EarnestEspressos,Harry North,1470503
2026-07-01T02:01:47.227612,2026-07-01T02:01:47.236203+00:00,85.3,5,ask,EarnestEspressos,Harry North,1470506
2026-07-01T02:01:47.460527,2026-07-01T02:01:47.471461+00:00,85.3,5,ask,EarnestEspressos,Harry North,1470511
2026-07-01T02:01:47.672287,2026-07-01T02:01:47.676710+00:00,85.3,4,ask,EarnestEspressos,Harry North,1470518
2026-07-01T02:01:47.890727,2026-07-01T02:01:47.909116+00:00,85.3,3,ask,EarnestEspressos,Kelvin Chan,1470523
2026-07-01T02:01:47.905104,2026-07-01T02:01:47.909116+00:00,85.3,6,ask,EarnestEspressos,Harry North,1470524
2026-07-01T02:01:47.905257,2026-07-01T02:01:47.919604+00:00,85.3,23,ask,EarnestEspressos,Xuanyu Liu,1470525
2026-07-01T02:01:48.090488,2026-07-01T02:01:48.093844+00:00,85.7,10,bid,FlawlessFlatbreads,Zijun Feng,1470531
2026-07-01T02:01:48.090488,2026-07-01T02:01:48.093844+00:00,85.8,40,bid,FlawlessFlatbreads,EarnestEspressos,1470532
2026-07-01T02:01:49.308950,2026-07-01T02:01:49.315696+00:00,85.3,47,ask,EarnestEspressos,CostlyCorianders,1470558
2026-07-01T02:01:49.735904,2026-07-01T02:01:49.767131+00:00,85.3,10,ask,Zijun Feng,EarnestEspressos,1470561
2026-07-01T02:01:49.763311,2026-07-01T02:01:49.767131+00:00,85.3,12,bid,Xuanyu Liu,EarnestEspressos,1470564
2026-07-01T02:01:49.792217,2026-07-01T02:01:49.798275+00:00,85.3,4,bid,Harry North,EarnestEspressos,1470566
2026-07-01T02:01:50.005768,2026-07-01T02:01:50.014156+00:00,85.3,4,bid,Harry North,EarnestEspressos,1470573
2026-07-01T02:01:50.199461,2026-07-01T02:01:50.209319+00:00,85.3,50,bid,FlawlessFlatbreads,EarnestEspressos,1470575
2026-07-01T02:01:50.411948,2026-07-01T02:01:50.415810+00:00,85.3,45,bid,CostlyCorianders,EarnestEspressos,1470586
2026-07-01T02:01:51.811611,2026-07-01T02:01:51.815924+00:00,85.3,11,bid,Xuanyu Liu,EarnestEspressos,1470615
2026-07-01T02:01:52.045713,2026-07-01T02:01:52.052853+00:00,85.1,10,ask,Zijun Feng,CostlyCorianders,1470625
2026-07-01T02:01:52.045713,2026-07-01T02:01:52.052853+00:00,85.0,2,ask,Kelvin Chan,CostlyCorianders,1470626
2026-07-01T02:01:52.045713,2026-07-01T02:01:52.052853+00:00,85.0,35,ask,DiligentDonuts,CostlyCorianders,1470627
2026-07-01T02:01:52.306868,2026-07-01T02:01:52.309781+00:00,85.3,14,bid,FlawlessFlatbreads,EarnestEspressos,1470635
2026-07-01T02:01:52.306868,2026-07-01T02:01:52.320074+00:00,85.4,1,bid,FlawlessFlatbreads,Kelvin Chan,1470636
2026-07-01T02:01:52.306868,2026-07-01T02:01:52.320074+00:00,85.5,35,bid,FlawlessFlatbreads,DiligentDonuts,1470637
2026-07-01T02:01:52.592630,2026-07-01T02:01:52.596646+00:00,85.5,40,bid,CostlyCorianders,DiligentDonuts,1470639
2026-07-01T02:01:52.844747,2026-07-01T02:01:52.854682+00:00,85.5,25,bid,EarnestEspressos,DiligentDonuts,1470648
2026-07-01T02:01:52.920867,2026-07-01T02:01:52.925160+00:00,85.5,2,ask,EarnestEspressos,Harry North,1470657
2026-07-01T02:01:52.921037,2026-07-01T02:01:52.935642+00:00,85.5,1,ask,EarnestEspressos,Xuanyu Liu,1470658
2026-07-01T02:01:53.160843,2026-07-01T02:01:53.171723+00:00,85.5,2,ask,EarnestEspressos,Harry North,1470664
2026-07-01T02:01:53.373150,2026-07-01T02:01:53.377355+00:00,85.5,1,ask,EarnestEspressos,Harry North,1470669
2026-07-01T02:01:53.584774,2026-07-01T02:01:53.593661+00:00,85.5,1,ask,EarnestEspressos,Harry North,1470672
2026-07-01T02:01:53.798735,2026-07-01T02:01:53.810061+00:00,85.5,1,ask,EarnestEspressos,Harry North,1470676
2026-07-01T02:01:54.009274,2026-07-01T02:01:54.017129+00:00,85.5,1,ask,EarnestEspressos,Harry North,1470688
2026-07-01T02:01:54.043843,2026-07-01T02:01:54.047702+00:00,85.5,2,ask,EarnestEspressos,Harry North,1470691
2026-07-01T02:01:54.220244,2026-07-01T02:01:54.223005+00:00,85.5,1,ask,EarnestEspressos,Harry North,1470698
2026-07-01T02:01:54.416367,2026-07-01T02:01:54.428154+00:00,85.9,10,bid,FlawlessFlatbreads,Zijun Feng,1470699
2026-07-01T02:01:54.416367,2026-07-01T02:01:54.428154+00:00,86.0,40,bid,FlawlessFlatbreads,EarnestEspressos,1470700
2026-07-01T02:01:54.432101,2026-07-01T02:01:54.438589+00:00,85.5,2,ask,EarnestEspressos,Xuanyu Liu,1470702
2026-07-01T02:01:54.922293,2026-07-01T02:01:54.926248+00:00,85.5,2,ask,EarnestEspressos,Xuanyu Liu,1470709
2026-07-01T02:01:55.086525,2026-07-01T02:01:55.090469+00:00,85.5,2,ask,EarnestEspressos,Xuanyu Liu,1470712
2026-07-01T02:01:55.175784,2026-07-01T02:01:55.180689+00:00,85.5,2,ask,EarnestEspressos,Xuanyu Liu,1470716
2026-07-01T02:01:55.228837,2026-07-01T02:01:55.233656+00:00,85.5,3,ask,EarnestEspressos,Xuanyu Liu,1470721
2026-07-01T02:01:56.523274,2026-07-01T02:01:56.529311+00:00,85.9,10,bid,FlawlessFlatbreads,Zijun Feng,1470756
2026-07-01T02:01:56.523274,2026-07-01T02:01:56.529311+00:00,86.0,40,bid,FlawlessFlatbreads,DiligentDonuts,1470757
2026-07-01T02:01:57.779923,2026-07-01T02:01:57.784059+00:00,85.6,1,ask,DiligentDonuts,Xuanyu Liu,1470786
2026-07-01T02:01:57.841528,2026-07-01T02:01:57.845651+00:00,85.6,1,ask,DiligentDonuts,Xuanyu Liu,1470788
2026-07-01T02:01:57.882828,2026-07-01T02:01:57.886857+00:00,85.6,1,ask,DiligentDonuts,Xuanyu Liu,1470790
2026-07-01T02:01:57.934200,2026-07-01T02:01:57.938059+00:00,85.6,1,ask,DiligentDonuts,Xuanyu Liu,1470792
2026-07-01T02:01:57.975106,2026-07-01T02:01:57.979036+00:00,85.6,1,ask,DiligentDonuts,Xuanyu Liu,1470794
2026-07-01T02:01:58.026549,2026-07-01T02:01:58.030515+00:00,85.6,1,ask,DiligentDonuts,Xuanyu Liu,1470796
2026-07-01T02:01:58.375733,2026-07-01T02:01:58.379600+00:00,85.6,6,ask,DiligentDonuts,Xuanyu Liu,1470807
2026-07-01T02:01:58.632094,2026-07-01T02:01:58.636559+00:00,86.0,50,bid,FlawlessFlatbreads,EarnestEspressos,1470818
2026-07-01T02:01:59.006132,2026-07-01T02:01:59.019367+00:00,85.6,45,ask,DiligentDonuts,CostlyCorianders,1470826
2026-07-01T02:01:59.181688,2026-07-01T02:01:59.185668+00:00,85.7,11,ask,EarnestEspressos,Xuanyu Liu,1470831
2026-07-01T02:01:59.687581,2026-07-01T02:01:59.691270+00:00,85.7,3,ask,EarnestEspressos,Xuanyu Liu,1470849
2026-07-01T02:02:00.674307,2026-07-01T02:02:00.681128+00:00,85.7,3,ask,EarnestEspressos,Kelvin Chan,1470859
2026-07-01T02:02:00.739957,2026-07-01T02:02:00.743157+00:00,86.0,10,bid,FlawlessFlatbreads,Zijun Feng,1470861
2026-07-01T02:02:00.739957,2026-07-01T02:02:00.743157+00:00,86.1,40,bid,FlawlessFlatbreads,DiligentDonuts,1470862
2026-07-01T02:02:01.007914,2026-07-01T02:02:01.011684+00:00,85.9,3,bid,Xuanyu Liu,DiligentDonuts,1470873
2026-07-01T02:02:01.160806,2026-07-01T02:02:01.166612+00:00,85.9,2,bid,Harry North,DiligentDonuts,1470879
2026-07-01T02:02:01.371589,2026-07-01T02:02:01.373557+00:00,85.9,2,bid,Harry North,DiligentDonuts,1470885
2026-07-01T02:02:01.582433,2026-07-01T02:02:01.589974+00:00,85.9,2,bid,Harry North,DiligentDonuts,1470894
2026-07-01T02:02:01.798037,2026-07-01T02:02:01.807395+00:00,85.9,2,bid,Harry North,DiligentDonuts,1470898
2026-07-01T02:02:01.931385,2026-07-01T02:02:01.940373+00:00,85.7,49,ask,EarnestEspressos,CostlyCorianders,1470900
2026-07-01T02:02:01.936650,2026-07-01T02:02:01.940373+00:00,85.7,5,ask,EarnestEspressos,Kelvin Chan,1470901
2026-07-01T02:02:02.010207,2026-07-01T02:02:02.012379+00:00,85.9,2,bid,Harry North,DiligentDonuts,1470903
2026-07-01T02:02:02.032316,2026-07-01T02:02:02.036364+00:00,85.8,5,bid,Xuanyu Liu,Kelvin Chan,1470906
2026-07-01T02:02:02.221796,2026-07-01T02:02:02.231896+00:00,85.9,2,bid,Harry North,DiligentDonuts,1470915
2026-07-01T02:02:02.847261,2026-07-01T02:02:02.859110+00:00,85.9,50,bid,FlawlessFlatbreads,DiligentDonuts,1470944
2026-07-01T02:02:03.135717,2026-07-01T02:02:03.147411+00:00,85.9,35,bid,CostlyCorianders,DiligentDonuts,1470945
2026-07-01T02:02:03.135717,2026-07-01T02:02:03.147411+00:00,86.2,13,bid,CostlyCorianders,EarnestEspressos,1470946
2026-07-01T02:02:03.629494,2026-07-01T02:02:03.633362+00:00,85.7,5,ask,EarnestEspressos,Xuanyu Liu,1470954
2026-07-01T02:02:04.104212,2026-07-01T02:02:04.108215+00:00,85.8,3,ask,DiligentDonuts,Xuanyu Liu,1470969
2026-07-01T02:02:04.950755,2026-07-01T02:02:04.960400+00:00,85.8,4,ask,DiligentDonuts,Kelvin Chan,1470983
2026-07-01T02:02:06.051202,2026-07-01T02:02:06.058882+00:00,85.8,46,ask,DiligentDonuts,CostlyCorianders,1471004
2026-07-01T02:02:07.109676,2026-07-01T02:02:07.120482+00:00,85.8,47,ask,DiligentDonuts,FlawlessFlatbreads,1471029
2026-07-01T02:02:07.109676,2026-07-01T02:02:07.120482+00:00,85.4,3,ask,EarnestEspressos,FlawlessFlatbreads,1471030
2026-07-01T02:02:08.658295,2026-07-01T02:02:08.670152+00:00,85.9,4,bid,CostlyCorianders,Kelvin Chan,1471058
2026-07-01T02:02:08.658295,2026-07-01T02:02:08.670152+00:00,86.1,44,bid,CostlyCorianders,DiligentDonuts,1471059
2026-07-01T02:02:09.217258,2026-07-01T02:02:09.226546+00:00,85.6,50,ask,DiligentDonuts,FlawlessFlatbreads,1471073
2026-07-01T02:02:09.692034,2026-07-01T02:02:09.700422+00:00,86.0,41,bid,CostlyCorianders,EarnestEspressos,1471089
2026-07-01T02:02:10.327686,2026-07-01T02:02:10.337635+00:00,85.6,43,ask,DiligentDonuts,CostlyCorianders,1471103
2026-07-01T02:02:10.896182,2026-07-01T02:02:10.901612+00:00,85.9,48,bid,CostlyCorianders,DiligentDonuts,1471113
2026-07-01T02:02:11.324687,2026-07-01T02:02:11.336419+00:00,85.5,50,ask,EarnestEspressos,FlawlessFlatbreads,1471124
2026-07-01T02:02:12.379828,2026-07-01T02:02:12.385133+00:00,85.6,10,ask,Zijun Feng,CostlyCorianders,1471151
2026-07-01T02:02:12.379828,2026-07-01T02:02:12.385133+00:00,85.5,31,ask,DiligentDonuts,CostlyCorianders,1471152
2026-07-01T02:02:13.371610,2026-07-01T02:02:13.382526+00:00,85.5,40,ask,DiligentDonuts,CostlyCorianders,1471189
2026-07-01T02:02:13.431797,2026-07-01T02:02:13.433861+00:00,85.5,29,ask,DiligentDonuts,FlawlessFlatbreads,1471192
2026-07-01T02:02:13.431797,2026-07-01T02:02:13.444079+00:00,85.5,21,ask,EarnestEspressos,FlawlessFlatbreads,1471193
2026-07-01T02:02:14.138040,2026-07-01T02:02:14.141893+00:00,85.7,3,bid,Harry North,DiligentDonuts,1471204
2026-07-01T02:02:14.295222,2026-07-01T02:02:14.306333+00:00,85.7,3,bid,Xuanyu Liu,DiligentDonuts,1471207
2026-07-01T02:02:15.455272,2026-07-01T02:02:15.460483+00:00,85.6,2,ask,Kelvin Chan,Xuanyu Liu,1471243
2026-07-01T02:02:15.455272,2026-07-01T02:02:15.460483+00:00,85.6,1,ask,Zijun Feng,Xuanyu Liu,1471244
2026-07-01T02:02:15.546790,2026-07-01T02:02:15.552716+00:00,85.2,50,ask,DiligentDonuts,FlawlessFlatbreads,1471250
2026-07-01T02:02:16.758753,2026-07-01T02:02:16.762539+00:00,85.6,1,bid,Xuanyu Liu,Zijun Feng,1471283
2026-07-01T02:02:16.790947,2026-07-01T02:02:16.795338+00:00,85.4,3,bid,Harry North,DiligentDonuts,1471287
2026-07-01T02:02:16.791097,2026-07-01T02:02:16.805732+00:00,85.4,25,bid,Xuanyu Liu,DiligentDonuts,1471288
2026-07-01T02:02:17.003639,2026-07-01T02:02:17.011164+00:00,85.4,2,bid,Harry North,DiligentDonuts,1471293
2026-07-01T02:02:17.556668,2026-07-01T02:02:17.565372+00:00,85.4,46,bid,CostlyCorianders,DiligentDonuts,1471306
2026-07-01T02:02:17.653044,2026-07-01T02:02:17.657804+00:00,85.2,50,ask,EarnestEspressos,FlawlessFlatbreads,1471311
2026-07-01T02:02:18.050490,2026-07-01T02:02:18.057738+00:00,85.2,47,ask,EarnestEspressos,CostlyCorianders,1471315
2026-07-01T02:02:18.231009,2026-07-01T02:02:18.232893+00:00,85.2,10,ask,Zijun Feng,EarnestEspressos,1471323
2026-07-01T02:02:19.475219,2026-07-01T02:02:19.479926+00:00,85.1,11,bid,Xuanyu Liu,EarnestEspressos,1471345
2026-07-01T02:02:19.486010,2026-07-01T02:02:19.490396+00:00,85.1,2,bid,Harry North,EarnestEspressos,1471347
2026-07-01T02:02:19.697275,2026-07-01T02:02:19.706047+00:00,85.1,2,bid,Harry North,EarnestEspressos,1471349
2026-07-01T02:02:19.706934,2026-07-01T02:02:19.716466+00:00,85.1,50,bid,FlawlessFlatbreads,EarnestEspressos,1471350
2026-07-01T02:02:19.888497,2026-07-01T02:02:19.891649+00:00,85.1,75,bid,DiligentDonuts,EarnestEspressos,1471360
2026-07-01T02:02:21.350926,2026-07-01T02:02:21.354640+00:00,85.2,11,ask,EarnestEspressos,Xuanyu Liu,1471405
2026-07-01T02:02:21.883437,2026-07-01T02:02:21.888438+00:00,85.5,10,bid,CostlyCorianders,Zijun Feng,1471417
2026-07-01T02:02:21.883437,2026-07-01T02:02:21.888438+00:00,85.6,35,bid,CostlyCorianders,DiligentDonuts,1471418
2026-07-01T02:02:23.934959,2026-07-01T02:02:23.938224+00:00,85.4,3,ask,Kelvin Chan,CostlyCorianders,1471454
2026-07-01T02:02:23.934959,2026-07-01T02:02:23.948466+00:00,85.4,10,ask,Zijun Feng,CostlyCorianders,1471455
2026-07-01T02:02:23.934959,2026-07-01T02:02:23.948466+00:00,85.2,32,ask,EarnestEspressos,CostlyCorianders,1471456
2026-07-01T02:02:23.969531,2026-07-01T02:02:23.979127+00:00,85.2,50,ask,EarnestEspressos,FlawlessFlatbreads,1471457
2026-07-01T02:02:26.077408,2026-07-01T02:02:26.082538+00:00,85.3,3,ask,Kelvin Chan,FlawlessFlatbreads,1471490
2026-07-01T02:02:26.077408,2026-07-01T02:02:26.082538+00:00,85.3,10,ask,Zijun Feng,FlawlessFlatbreads,1471491
2026-07-01T02:02:26.077408,2026-07-01T02:02:26.092931+00:00,85.1,37,ask,DiligentDonuts,FlawlessFlatbreads,1471492
2026-07-01T02:02:28.136580,2026-07-01T02:02:28.147917+00:00,85.4,50,bid,FlawlessFlatbreads,DiligentDonuts,1471546
2026-07-01T02:02:28.294596,2026-07-01T02:02:28.301326+00:00,85.4,41,bid,CostlyCorianders,DiligentDonuts,1471549
2026-07-01T02:02:28.814343,2026-07-01T02:02:28.824171+00:00,85.3,1,ask,Kelvin Chan,CostlyCorianders,1471558
2026-07-01T02:02:28.814343,2026-07-01T02:02:28.824171+00:00,85.3,10,ask,Zijun Feng,CostlyCorianders,1471559
2026-07-01T02:02:30.263186,2026-07-01T02:02:30.273719+00:00,85.5,50,bid,FlawlessFlatbreads,EarnestEspressos,1471600
2026-07-01T02:02:30.870206,2026-07-01T02:02:30.883353+00:00,85.6,10,bid,CostlyCorianders,Zijun Feng,1471615
2026-07-01T02:02:30.870206,2026-07-01T02:02:30.883353+00:00,85.7,1,bid,CostlyCorianders,Kelvin Chan,1471616
2026-07-01T02:02:30.870206,2026-07-01T02:02:30.883353+00:00,85.7,32,bid,CostlyCorianders,DiligentDonuts,1471617
2026-07-01T02:02:32.368593,2026-07-01T02:02:32.374679+00:00,85.6,1,bid,FlawlessFlatbreads,Kelvin Chan,1471655
2026-07-01T02:02:32.368593,2026-07-01T02:02:32.374679+00:00,85.6,10,bid,FlawlessFlatbreads,Zijun Feng,1471656
2026-07-01T02:02:32.368593,2026-07-01T02:02:32.374679+00:00,85.7,39,bid,FlawlessFlatbreads,DiligentDonuts,1471657
2026-07-01T02:02:32.565891,2026-07-01T02:02:32.569364+00:00,85.5,12,ask,DiligentDonuts,Xuanyu Liu,1471665
2026-07-01T02:02:32.774561,2026-07-01T02:02:32.778360+00:00,85.5,11,ask,DiligentDonuts,Xuanyu Liu,1471670
2026-07-01T02:02:32.781687,2026-07-01T02:02:32.788904+00:00,85.5,2,ask,DiligentDonuts,Harry North,1471672
2026-07-01T02:02:32.993315,2026-07-01T02:02:33.004852+00:00,85.5,2,ask,DiligentDonuts,Harry North,1471675
2026-07-01T02:02:34.503440,2026-07-01T02:02:34.512619+00:00,85.6,2,bid,FlawlessFlatbreads,Kelvin Chan,1471716
2026-07-01T02:02:34.503440,2026-07-01T02:02:34.512619+00:00,85.6,48,bid,FlawlessFlatbreads,EarnestEspressos,1471717
2026-07-01T02:02:34.871675,2026-07-01T02:02:34.881002+00:00,85.5,47,ask,DiligentDonuts,CostlyCorianders,1471721
2026-07-01T02:02:35.973377,2026-07-01T02:02:35.979284+00:00,85.6,44,bid,CostlyCorianders,EarnestEspressos,1471748
2026-07-01T02:02:36.594768,2026-07-01T02:02:36.603591+00:00,85.6,2,bid,Harry North,EarnestEspressos,1471766
2026-07-01T02:02:36.611165,2026-07-01T02:02:36.613877+00:00,85.6,50,bid,FlawlessFlatbreads,EarnestEspressos,1471767
2026-07-01T02:02:36.805469,2026-07-01T02:02:36.808707+00:00,85.6,2,bid,Harry North,EarnestEspressos,1471774
2026-07-01T02:02:37.034538,2026-07-01T02:02:37.044452+00:00,85.6,2,bid,Harry North,EarnestEspressos,1471779
2026-07-01T02:02:37.161427,2026-07-01T02:02:37.167634+00:00,85.6,100,bid,EarnestEspressos,DiligentDonuts,1471780
2026-07-01T02:02:37.161427,2026-07-01T02:02:37.167634+00:00,85.6,5,bid,EarnestEspressos,Kelvin Chan,1471781
2026-07-01T02:02:37.224518,2026-07-01T02:02:37.227916+00:00,85.8,3,ask,EarnestEspressos,Xuanyu Liu,1471783
2026-07-01T02:02:37.266428,2026-07-01T02:02:37.269056+00:00,85.8,4,ask,EarnestEspressos,Kelvin Chan,1471785
2026-07-01T02:02:37.333946,2026-07-01T02:02:37.340794+00:00,85.8,4,ask,EarnestEspressos,Harry North,1471786
2026-07-01T02:02:37.474082,2026-07-01T02:02:37.484052+00:00,85.8,4,ask,EarnestEspressos,Kelvin Chan,1471789
2026-07-01T02:02:37.534257,2026-07-01T02:02:37.546060+00:00,85.8,4,ask,EarnestEspressos,Kelvin Chan,1471794
2026-07-01T02:02:37.927649,2026-07-01T02:02:37.936429+00:00,85.8,4,ask,EarnestEspressos,Kelvin Chan,1471805
2026-07-01T02:02:40.837697,2026-07-01T02:02:40.849418+00:00,85.8,50,bid,FlawlessFlatbreads,EarnestEspressos,1471865
2026-07-01T02:02:41.102141,2026-07-01T02:02:41.106187+00:00,85.6,41,ask,DiligentDonuts,CostlyCorianders,1471880
2026-07-01T02:02:41.762530,2026-07-01T02:02:41.764492+00:00,85.8,41,bid,CostlyCorianders,EarnestEspressos,1471895
2026-07-01T02:02:43.019688,2026-07-01T02:02:43.024589+00:00,85.5,2,ask,Kelvin Chan,FlawlessFlatbreads,1471929
2026-07-01T02:02:43.019688,2026-07-01T02:02:43.024589+00:00,85.5,48,ask,DiligentDonuts,FlawlessFlatbreads,1471930
2026-07-01T02:02:43.318934,2026-07-01T02:02:43.322246+00:00,85.5,45,ask,DiligentDonuts,CostlyCorianders,1471933
2026-07-01T02:02:45.128189,2026-07-01T02:02:45.136467+00:00,85.5,7,ask,DiligentDonuts,FlawlessFlatbreads,1471969
2026-07-01T02:02:45.128189,2026-07-01T02:02:45.136467+00:00,85.5,2,ask,Kelvin Chan,FlawlessFlatbreads,1471970
2026-07-01T02:02:45.128189,2026-07-01T02:02:45.136467+00:00,85.4,41,ask,EarnestEspressos,FlawlessFlatbreads,1471971
2026-07-01T02:02:45.241478,2026-07-01T02:02:45.249094+00:00,85.4,100,ask,EarnestEspressos,DiligentDonuts,1471974
2026-07-01T02:02:45.257924,2026-07-01T02:02:45.269546+00:00,85.7,10,bid,CostlyCorianders,Zijun Feng,1471975
2026-07-01T02:02:45.257924,2026-07-01T02:02:45.269546+00:00,85.8,2,bid,CostlyCorianders,Kelvin Chan,1471976
2026-07-01T02:02:46.887400,2026-07-01T02:02:46.897848+00:00,85.4,3,bid,Harry North,EarnestEspressos,1472012
2026-07-01T02:02:47.097670,2026-07-01T02:02:47.102179+00:00,85.4,3,bid,Harry North,EarnestEspressos,1472017
2026-07-01T02:02:47.261733,2026-07-01T02:02:47.266312+00:00,85.0,10,ask,Zijun Feng,FlawlessFlatbreads,1472021
2026-07-01T02:02:47.261733,2026-07-01T02:02:47.266312+00:00,84.9,40,ask,DiligentDonuts,FlawlessFlatbreads,1472022
2026-07-01T02:02:47.308828,2026-07-01T02:02:47.317537+00:00,85.4,3,bid,Harry North,EarnestEspressos,1472025
2026-07-01T02:02:47.530850,2026-07-01T02:02:47.532622+00:00,85.4,3,bid,Harry North,EarnestEspressos,1472028
2026-07-01T02:02:47.764182,2026-07-01T02:02:47.767774+00:00,85.4,3,bid,Harry North,EarnestEspressos,1472031
2026-07-01T02:02:47.977316,2026-07-01T02:02:47.982958+00:00,85.4,3,bid,Harry North,EarnestEspressos,1472036
2026-07-01T02:02:48.194165,2026-07-01T02:02:48.198000+00:00,85.4,3,bid,Harry North,EarnestEspressos,1472043
2026-07-01T02:02:49.532764,2026-07-01T02:02:49.536584+00:00,85.4,3,bid,Xuanyu Liu,EarnestEspressos,1472063
2026-07-01T02:02:49.773335,2026-07-01T02:02:49.783506+00:00,85.4,1,bid,Kelvin Chan,EarnestEspressos,1472071
2026-07-01T02:02:51.485296,2026-07-01T02:02:51.493159+00:00,85.1,50,ask,EarnestEspressos,FlawlessFlatbreads,1472094
2026-07-01T02:02:52.487001,2026-07-01T02:02:52.495715+00:00,85.6,45,bid,CostlyCorianders,EarnestEspressos,1472121
2026-07-01T02:02:53.594450,2026-07-01T02:02:53.603459+00:00,85.1,50,ask,DiligentDonuts,FlawlessFlatbreads,1472147
2026-07-01T02:02:54.150876,2026-07-01T02:02:54.157825+00:00,85.1,43,ask,DiligentDonuts,CostlyCorianders,1472157
2026-07-01T02:02:55.189247,2026-07-01T02:02:55.196286+00:00,85.3,42,bid,CostlyCorianders,DiligentDonuts,1472182
2026-07-01T02:02:55.669518,2026-07-01T02:02:55.676889+00:00,85.3,50,bid,FlawlessFlatbreads,DiligentDonuts,1472188
2026-07-01T02:02:55.766921,2026-07-01T02:02:55.770712+00:00,85.3,8,bid,Xuanyu Liu,DiligentDonuts,1472192
2026-07-01T02:02:56.214171,2026-07-01T02:02:56.220682+00:00,85.1,10,ask,Zijun Feng,CostlyCorianders,1472199
2026-07-01T02:02:56.214171,2026-07-01T02:02:56.220682+00:00,85.1,36,ask,EarnestEspressos,CostlyCorianders,1472200
2026-07-01T02:02:57.778384,2026-07-01T02:02:57.782053+00:00,85.6,50,bid,FlawlessFlatbreads,EarnestEspressos,1472224
2026-07-01T02:02:59.736241,2026-07-01T02:02:59.747969+00:00,85.6,10,bid,FlawlessFlatbreads,Zijun Feng,1472272
2026-07-01T02:02:59.736241,2026-07-01T02:02:59.747969+00:00,85.7,5,bid,CostlyCorianders,Kelvin Chan,1472273
2026-07-01T02:02:59.736241,2026-07-01T02:02:59.747969+00:00,85.7,32,bid,CostlyCorianders,EarnestEspressos,1472274
2026-07-01T02:02:59.886568,2026-07-01T02:02:59.891122+00:00,85.6,10,bid,CostlyCorianders,Zijun Feng,1472279
2026-07-01T02:02:59.886568,2026-07-01T02:02:59.891122+00:00,85.7,40,bid,FlawlessFlatbreads,EarnestEspressos,1472280
2026-07-01T02:03:01.031720,2026-07-01T02:03:01.037929+00:00,85.2,44,ask,EarnestEspressos,CostlyCorianders,1472304
2026-07-01T02:03:01.968126,2026-07-01T02:03:01.972492+00:00,85.6,5,bid,CostlyCorianders,Kelvin Chan,1472331
2026-07-01T02:03:01.968126,2026-07-01T02:03:01.972492+00:00,85.7,38,bid,CostlyCorianders,EarnestEspressos,1472332
2026-07-01T02:03:02.012380,2026-07-01T02:03:02.023533+00:00,85.7,40,bid,FlawlessFlatbreads,EarnestEspressos,1472333
2026-07-01T02:03:02.012380,2026-07-01T02:03:02.023533+00:00,85.7,10,bid,FlawlessFlatbreads,DiligentDonuts,1472334
2026-07-01T02:03:02.480262,2026-07-01T02:03:02.483902+00:00,85.7,90,bid,EarnestEspressos,DiligentDonuts,1472335
2026-07-01T02:03:02.557857,2026-07-01T02:03:02.561570+00:00,85.7,9,ask,EarnestEspressos,Xuanyu Liu,1472338
2026-07-01T02:03:02.587019,2026-07-01T02:03:02.592520+00:00,85.7,46,ask,EarnestEspressos,CostlyCorianders,1472340
2026-07-01T02:03:02.703191,2026-07-01T02:03:02.705370+00:00,85.7,5,ask,EarnestEspressos,Harry North,1472346
2026-07-01T02:03:04.137841,2026-07-01T02:03:04.148069+00:00,85.6,5,bid,FlawlessFlatbreads,Kelvin Chan,1472375
2026-07-01T02:03:04.137841,2026-07-01T02:03:04.148069+00:00,86.2,45,bid,FlawlessFlatbreads,EarnestEspressos,1472376
2026-07-01T02:03:04.206258,2026-07-01T02:03:04.210077+00:00,85.7,2,ask,DiligentDonuts,Harry North,1472380
2026-07-01T02:03:04.385417,2026-07-01T02:03:04.394076+00:00,85.7,2,ask,DiligentDonuts,Xuanyu Liu,1472384
2026-07-01T02:03:04.592318,2026-07-01T02:03:04.598697+00:00,85.7,42,ask,DiligentDonuts,CostlyCorianders,1472388
2026-07-01T02:03:04.602770,2026-07-01T02:03:04.608970+00:00,85.7,2,ask,DiligentDonuts,Harry North,1472390
2026-07-01T02:03:04.816352,2026-07-01T02:03:04.823998+00:00,85.7,2,ask,DiligentDonuts,Harry North,1472397
2026-07-01T02:03:05.466139,2026-07-01T02:03:05.468560+00:00,85.7,2,ask,DiligentDonuts,Harry North,1472411
2026-07-01T02:03:05.678259,2026-07-01T02:03:05.683197+00:00,85.7,2,ask,DiligentDonuts,Harry North,1472414
2026-07-01T02:03:06.247210,2026-07-01T02:03:06.255446+00:00,85.8,50,bid,FlawlessFlatbreads,EarnestEspressos,1472422
2026-07-01T02:03:08.092708,2026-07-01T02:03:08.095901+00:00,85.8,41,bid,CostlyCorianders,EarnestEspressos,1472468
2026-07-01T02:03:08.379004,2026-07-01T02:03:08.381652+00:00,85.8,50,bid,FlawlessFlatbreads,EarnestEspressos,1472470
2026-07-01T02:03:08.741593,2026-07-01T02:03:08.749551+00:00,85.8,9,bid,CostlyCorianders,EarnestEspressos,1472475
2026-07-01T02:03:08.741593,2026-07-01T02:03:08.749551+00:00,85.8,10,bid,CostlyCorianders,Zijun Feng,1472476
2026-07-01T02:03:08.741593,2026-07-01T02:03:08.749551+00:00,85.8,2,bid,EarnestEspressos,Kelvin Chan,1472477
2026-07-01T02:03:08.741593,2026-07-01T02:03:08.749551+00:00,86.1,26,bid,CostlyCorianders,DiligentDonuts,1472478
2026-07-01T02:03:08.808847,2026-07-01T02:03:08.811005+00:00,85.8,2,bid,CostlyCorianders,Kelvin Chan,1472479
2026-07-01T02:03:08.832743,2026-07-01T02:03:08.841733+00:00,86.0,2,ask,EarnestEspressos,Kelvin Chan,1472480
2026-07-01T02:03:09.000975,2026-07-01T02:03:09.005506+00:00,86.0,3,ask,EarnestEspressos,Harry North,1472493
2026-07-01T02:03:09.212226,2026-07-01T02:03:09.222696+00:00,86.0,2,ask,EarnestEspressos,Harry North,1472502
2026-07-01T02:03:09.219217,2026-07-01T02:03:09.222696+00:00,86.0,3,ask,EarnestEspressos,Xuanyu Liu,1472504
2026-07-01T02:03:09.261701,2026-07-01T02:03:09.263663+00:00,86.0,45,ask,EarnestEspressos,CostlyCorianders,1472508
2026-07-01T02:03:09.330086,2026-07-01T02:03:09.335207+00:00,86.0,25,ask,EarnestEspressos,Alice Feng,1472509
2026-07-01T02:03:09.423641,2026-07-01T02:03:09.427114+00:00,86.0,4,ask,EarnestEspressos,Harry North,1472513
2026-07-01T02:03:09.539938,2026-07-01T02:03:09.550002+00:00,86.0,25,ask,EarnestEspressos,Alice Feng,1472514
2026-07-01T02:03:09.668698,2026-07-01T02:03:09.673072+00:00,86.0,4,ask,EarnestEspressos,Harry North,1472520
2026-07-01T02:03:09.748758,2026-07-01T02:03:09.755077+00:00,86.0,25,ask,EarnestEspressos,Alice Feng,1472522
2026-07-01T02:03:09.821657,2026-07-01T02:03:09.826659+00:00,86.0,10,ask,EarnestEspressos,CostlyCorianders,1472524
2026-07-01T02:03:09.821657,2026-07-01T02:03:09.826659+00:00,85.6,31,ask,DiligentDonuts,CostlyCorianders,1472525
2026-07-01T02:03:10.537703,2026-07-01T02:03:10.543125+00:00,85.5,4,ask,Kelvin Chan,FlawlessFlatbreads,1472540
2026-07-01T02:03:10.537703,2026-07-01T02:03:10.543125+00:00,85.5,46,ask,DiligentDonuts,FlawlessFlatbreads,1472541
2026-07-01T02:03:10.583287,2026-07-01T02:03:10.587616+00:00,86.0,3,bid,Harry North,DiligentDonuts,1472545
2026-07-01T02:03:10.762846,2026-07-01T02:03:10.771804+00:00,86.0,25,bid,Alice Feng,DiligentDonuts,1472553
2026-07-01T02:03:10.776819,2026-07-01T02:03:10.782065+00:00,86.0,4,bid,Harry North,DiligentDonuts,1472556
2026-07-01T02:03:10.971945,2026-07-01T02:03:10.976654+00:00,86.0,25,bid,Alice Feng,DiligentDonuts,1472561
2026-07-01T02:03:10.987498,2026-07-01T02:03:10.997226+00:00,86.0,3,bid,Xuanyu Liu,DiligentDonuts,1472563
2026-07-01T02:03:11.181473,2026-07-01T02:03:11.191702+00:00,86.0,25,bid,Alice Feng,DiligentDonuts,1472567
2026-07-01T02:03:11.200917,2026-07-01T02:03:11.212256+00:00,86.0,3,bid,Harry North,DiligentDonuts,1472570
2026-07-01T02:03:11.461299,2026-07-01T02:03:11.468410+00:00,86.0,3,bid,Harry North,DiligentDonuts,1472578
2026-07-01T02:03:11.673868,2026-07-01T02:03:11.683175+00:00,86.0,3,bid,Harry North,DiligentDonuts,1472584
2026-07-01T02:03:12.645508,2026-07-01T02:03:12.655986+00:00,85.6,5,ask,Kelvin Chan,FlawlessFlatbreads,1472601
2026-07-01T02:03:12.645508,2026-07-01T02:03:12.655986+00:00,85.5,45,ask,DiligentDonuts,FlawlessFlatbreads,1472602
2026-07-01T02:03:14.702400,2026-07-01T02:03:14.713924+00:00,85.9,50,bid,FlawlessFlatbreads,EarnestEspressos,1472656
2026-07-01T02:03:14.933228,2026-07-01T02:03:14.938698+00:00,85.9,46,bid,CostlyCorianders,EarnestEspressos,1472657
2026-07-01T02:03:15.775185,2026-07-01T02:03:15.777546+00:00,85.8,2,ask,EarnestEspressos,Harry North,1472673
2026-07-01T02:03:16.065347,2026-07-01T02:03:16.073942+00:00,85.8,2,ask,EarnestEspressos,Harry North,1472679
2026-07-01T02:03:16.280235,2026-07-01T02:03:16.288668+00:00,85.8,2,ask,EarnestEspressos,Harry North,1472681
2026-07-01T02:03:16.491286,2026-07-01T02:03:16.493689+00:00,85.8,2,ask,EarnestEspressos,Harry North,1472694
2026-07-01T02:03:16.702164,2026-07-01T02:03:16.708583+00:00,85.8,2,ask,EarnestEspressos,Harry North,1472700
2026-07-01T02:03:16.869141,2026-07-01T02:03:16.872257+00:00,85.8,50,ask,EarnestEspressos,FlawlessFlatbreads,1472701
2026-07-01T02:03:18.391625,2026-07-01T02:03:18.396729+00:00,86.0,2,bid,Harry North,DiligentDonuts,1472737
2026-07-01T02:03:18.602884,2026-07-01T02:03:18.612017+00:00,86.0,2,bid,Harry North,DiligentDonuts,1472745
2026-07-01T02:03:18.814046,2026-07-01T02:03:18.816960+00:00,86.0,2,bid,Harry North,DiligentDonuts,1472751
2026-07-01T02:03:18.975924,2026-07-01T02:03:18.980575+00:00,85.6,5,ask,Kelvin Chan,FlawlessFlatbreads,1472756
2026-07-01T02:03:18.975924,2026-07-01T02:03:18.980575+00:00,85.6,45,ask,EarnestEspressos,FlawlessFlatbreads,1472757
2026-07-01T02:03:21.087692,2026-07-01T02:03:21.099584+00:00,85.7,5,ask,Kelvin Chan,FlawlessFlatbreads,1472799
2026-07-01T02:03:21.087692,2026-07-01T02:03:21.099584+00:00,85.7,45,ask,DiligentDonuts,FlawlessFlatbreads,1472800
2026-07-01T02:03:23.194152,2026-07-01T02:03:23.201867+00:00,85.7,4,ask,Kelvin Chan,FlawlessFlatbreads,1472845
2026-07-01T02:03:23.194152,2026-07-01T02:03:23.201867+00:00,85.5,46,ask,DiligentDonuts,FlawlessFlatbreads,1472846
2026-07-01T02:03:25.301604,2026-07-01T02:03:25.308534+00:00,85.5,50,ask,DiligentDonuts,FlawlessFlatbreads,1472878
2026-07-01T02:03:27.339055,2026-07-01T02:03:27.346588+00:00,85.8,46,bid,CostlyCorianders,DiligentDonuts,1472915
2026-07-01T02:03:27.408993,2026-07-01T02:03:27.418222+00:00,85.6,3,ask,Kelvin Chan,FlawlessFlatbreads,1472916
2026-07-01T02:03:27.408993,2026-07-01T02:03:27.418222+00:00,85.6,10,ask,Zijun Feng,FlawlessFlatbreads,1472917
2026-07-01T02:03:27.408993,2026-07-01T02:03:27.418222+00:00,85.4,37,ask,EarnestEspressos,FlawlessFlatbreads,1472918
2026-07-01T02:03:28.469139,2026-07-01T02:03:28.473343+00:00,85.7,3,bid,Xuanyu Liu,EarnestEspressos,1472942
2026-07-01T02:03:29.466060,2026-07-01T02:03:29.476431+00:00,85.7,50,bid,FlawlessFlatbreads,EarnestEspressos,1472970
2026-07-01T02:03:30.204177,2026-07-01T02:03:30.208145+00:00,85.7,11,bid,Xuanyu Liu,EarnestEspressos,1472992
2026-07-01T02:03:32.768881,2026-07-01T02:03:32.780311+00:00,85.6,43,ask,EarnestEspressos,CostlyCorianders,1473031
2026-07-01T02:03:33.740671,2026-07-01T02:03:33.752617+00:00,85.6,50,ask,EarnestEspressos,FlawlessFlatbreads,1473052
2026-07-01T02:03:34.424777,2026-07-01T02:03:34.437312+00:00,85.6,5,ask,Kelvin Chan,CostlyCorianders,1473061
2026-07-01T02:03:34.424777,2026-07-01T02:03:34.437312+00:00,85.6,10,ask,Zijun Feng,CostlyCorianders,1473062
2026-07-01T02:03:34.424777,2026-07-01T02:03:34.437312+00:00,85.5,27,ask,DiligentDonuts,CostlyCorianders,1473063
2026-07-01T02:03:35.847054,2026-07-01T02:03:35.867788+00:00,85.6,5,ask,Kelvin Chan,FlawlessFlatbreads,1473083
2026-07-01T02:03:35.847054,2026-07-01T02:03:35.867788+00:00,85.6,10,ask,Zijun Feng,FlawlessFlatbreads,1473084
2026-07-01T02:03:37.956362,2026-07-01T02:03:37.960378+00:00,85.5,3,ask,Kelvin Chan,FlawlessFlatbreads,1473116
2026-07-01T02:03:37.956362,2026-07-01T02:03:37.960378+00:00,85.5,10,ask,Zijun Feng,FlawlessFlatbreads,1473117
2026-07-01T02:03:37.956362,2026-07-01T02:03:37.970635+00:00,85.4,37,ask,DiligentDonuts,FlawlessFlatbreads,1473118
2026-07-01T02:03:40.065655,2026-07-01T02:03:40.069621+00:00,85.5,3,ask,Kelvin Chan,FlawlessFlatbreads,1473185
2026-07-01T02:03:40.065655,2026-07-01T02:03:40.069621+00:00,85.3,47,ask,DiligentDonuts,FlawlessFlatbreads,1473186
2026-07-01T02:03:40.303302,2026-07-01T02:03:40.305064+00:00,85.6,46,bid,CostlyCorianders,EarnestEspressos,1473190
2026-07-01T02:03:42.172816,2026-07-01T02:03:42.182418+00:00,85.5,3,ask,Kelvin Chan,FlawlessFlatbreads,1473231
2026-07-01T02:03:42.172816,2026-07-01T02:03:42.182418+00:00,85.3,47,ask,EarnestEspressos,FlawlessFlatbreads,1473232
2026-07-01T02:03:42.414476,2026-07-01T02:03:42.417535+00:00,85.5,42,bid,CostlyCorianders,DiligentDonuts,1473236
2026-07-01T02:03:42.670442,2026-07-01T02:03:42.672780+00:00,85.5,4,bid,Kelvin Chan,DiligentDonuts,1473237
2026-07-01T02:03:42.778306,2026-07-01T02:03:42.785454+00:00,85.5,3,bid,Kelvin Chan,DiligentDonuts,1473238
2026-07-01T02:03:44.279339,2026-07-01T02:03:44.290811+00:00,85.4,3,ask,Kelvin Chan,FlawlessFlatbreads,1473271
2026-07-01T02:03:44.279339,2026-07-01T02:03:44.290811+00:00,85.4,10,ask,Zijun Feng,FlawlessFlatbreads,1473272
2026-07-01T02:03:45.964295,2026-07-01T02:03:45.968201+00:00,85.5,10,bid,Xuanyu Liu,Zijun Feng,1473318
2026-07-01T02:03:46.337612,2026-07-01T02:03:46.346864+00:00,85.6,50,bid,FlawlessFlatbreads,EarnestEspressos,1473331
2026-07-01T02:03:49.688626,2026-07-01T02:03:49.693737+00:00,85.4,42,ask,EarnestEspressos,CostlyCorianders,1473403
2026-07-01T02:03:50.598437,2026-07-01T02:03:50.606544+00:00,85.4,4,ask,Kelvin Chan,FlawlessFlatbreads,1473420
2026-07-01T02:03:50.598437,2026-07-01T02:03:50.606544+00:00,85.4,10,ask,Zijun Feng,FlawlessFlatbreads,1473421
2026-07-01T02:03:50.598437,2026-07-01T02:03:50.606544+00:00,85.2,36,ask,DiligentDonuts,FlawlessFlatbreads,1473422
2026-07-01T02:03:51.439257,2026-07-01T02:03:51.449496+00:00,85.4,4,ask,Kelvin Chan,CostlyCorianders,1473452
2026-07-01T02:03:52.708071,2026-07-01T02:03:52.720050+00:00,85.4,4,ask,Kelvin Chan,FlawlessFlatbreads,1473473
2026-07-01T02:03:52.708071,2026-07-01T02:03:52.720050+00:00,85.2,46,ask,EarnestEspressos,FlawlessFlatbreads,1473474
2026-07-01T02:03:53.206611,2026-07-01T02:03:53.210124+00:00,85.6,2,bid,Xuanyu Liu,EarnestEspressos,1473485
2026-07-01T02:03:53.622338,2026-07-01T02:03:53.629836+00:00,85.4,4,ask,Kelvin Chan,CostlyCorianders,1473490
2026-07-01T02:03:53.622338,2026-07-01T02:03:53.629836+00:00,85.4,10,ask,Zijun Feng,CostlyCorianders,1473491
2026-07-01T02:03:54.181906,2026-07-01T02:03:54.185276+00:00,85.6,44,bid,CostlyCorianders,EarnestEspressos,1473505
2026-07-01T02:03:54.818990,2026-07-01T02:03:54.825357+00:00,85.3,4,ask,Kelvin Chan,FlawlessFlatbreads,1473516
2026-07-01T02:03:54.818990,2026-07-01T02:03:54.825357+00:00,85.2,46,ask,DiligentDonuts,FlawlessFlatbreads,1473517
2026-07-01T02:03:56.925216,2026-07-01T02:03:56.936979+00:00,85.3,3,ask,Kelvin Chan,FlawlessFlatbreads,1473557
2026-07-01T02:03:56.925216,2026-07-01T02:03:56.936979+00:00,85.3,47,ask,EarnestEspressos,FlawlessFlatbreads,1473558
2026-07-01T02:03:57.488857,2026-07-01T02:03:57.492554+00:00,85.6,10,bid,Xuanyu Liu,Zijun Feng,1473571
2026-07-01T02:03:58.958151,2026-07-01T02:03:58.966197+00:00,85.6,10,bid,CostlyCorianders,Zijun Feng,1473613
2026-07-01T02:03:58.958151,2026-07-01T02:03:58.966197+00:00,85.7,1,bid,CostlyCorianders,Kelvin Chan,1473614
2026-07-01T02:03:58.958151,2026-07-01T02:03:58.966197+00:00,85.7,38,bid,CostlyCorianders,DiligentDonuts,1473615
2026-07-01T02:04:01.096322,2026-07-01T02:04:01.099909+00:00,85.6,50,bid,FlawlessFlatbreads,EarnestEspressos,1473655
2026-07-01T02:04:03.207374,2026-07-01T02:04:03.214383+00:00,85.6,4,bid,FlawlessFlatbreads,Kelvin Chan,1473699
2026-07-01T02:04:03.207374,2026-07-01T02:04:03.214383+00:00,85.6,46,bid,FlawlessFlatbreads,DiligentDonuts,1473700
2026-07-01T02:04:05.315962,2026-07-01T02:04:05.318740+00:00,85.6,4,bid,FlawlessFlatbreads,Kelvin Chan,1473755
2026-07-01T02:04:05.315962,2026-07-01T02:04:05.329019+00:00,85.6,46,bid,FlawlessFlatbreads,DiligentDonuts,1473756
2026-07-01T02:04:07.474730,2026-07-01T02:04:07.481675+00:00,85.3,1,ask,Kelvin Chan,FlawlessFlatbreads,1473801
2026-07-01T02:04:07.474730,2026-07-01T02:04:07.481675+00:00,85.3,10,ask,Zijun Feng,FlawlessFlatbreads,1473802
2026-07-01T02:04:07.474730,2026-07-01T02:04:07.481675+00:00,85.3,39,ask,DiligentDonuts,FlawlessFlatbreads,1473803
2026-07-01T02:04:09.613289,2026-07-01T02:04:09.617097+00:00,85.3,10,ask,DiligentDonuts,Xuanyu Liu,1473858
2026-07-01T02:04:11.168804,2026-07-01T02:04:11.176461+00:00,85.0,11,ask,EarnestEspressos,Harry North,1473877
2026-07-01T02:04:11.639603,2026-07-01T02:04:11.649685+00:00,85.4,50,bid,FlawlessFlatbreads,DiligentDonuts,1473882
2026-07-01T02:04:12.929312,2026-07-01T02:04:12.940127+00:00,85.0,43,ask,EarnestEspressos,CostlyCorianders,1473926
2026-07-01T02:04:13.445420,2026-07-01T02:04:13.456326+00:00,85.3,10,bid,CostlyCorianders,Zijun Feng,1473937
2026-07-01T02:04:13.445420,2026-07-01T02:04:13.456326+00:00,85.4,32,bid,CostlyCorianders,DiligentDonuts,1473938
2026-07-01T02:04:14.973092,2026-07-01T02:04:14.983364+00:00,85.2,47,ask,DiligentDonuts,CostlyCorianders,1473977
2026-07-01T02:04:15.346604,2026-07-01T02:04:15.355505+00:00,85.2,53,ask,DiligentDonuts,EarnestEspressos,1473984
2026-07-01T02:04:15.437114,2026-07-01T02:04:15.448677+00:00,84.7,43,ask,EarnestEspressos,CostlyCorianders,1473986
2026-07-01T02:04:15.860587,2026-07-01T02:04:15.871160+00:00,85.2,50,bid,FlawlessFlatbreads,EarnestEspressos,1474003
2026-07-01T02:04:16.034178,2026-07-01T02:04:16.045431+00:00,85.2,47,bid,CostlyCorianders,EarnestEspressos,1474006
2026-07-01T02:04:17.502664,2026-07-01T02:04:17.509678+00:00,84.8,45,ask,DiligentDonuts,CostlyCorianders,1474037
2026-07-01T02:04:17.967621,2026-07-01T02:04:17.971693+00:00,85.3,42,bid,CostlyCorianders,DiligentDonuts,1474043
2026-07-01T02:04:17.971792,2026-07-01T02:04:17.982025+00:00,85.3,50,bid,FlawlessFlatbreads,DiligentDonuts,1474044
2026-07-01T02:04:18.454668,2026-07-01T02:04:18.457489+00:00,85.3,8,bid,EarnestEspressos,DiligentDonuts,1474050
2026-07-01T02:04:18.596499,2026-07-01T02:04:18.602460+00:00,85.4,6,bid,CostlyCorianders,Kelvin Chan,1474053
2026-07-01T02:04:18.651605,2026-07-01T02:04:18.654776+00:00,85.3,48,ask,EarnestEspressos,CostlyCorianders,1474058
2026-07-01T02:04:20.130881,2026-07-01T02:04:20.142730+00:00,85.3,50,ask,EarnestEspressos,FlawlessFlatbreads,1474088
2026-07-01T02:04:22.241090,2026-07-01T02:04:22.249186+00:00,85.1,50,ask,DiligentDonuts,FlawlessFlatbreads,1474137
2026-07-01T02:04:24.086462,2026-07-01T02:04:24.090421+00:00,85.2,23,bid,Xuanyu Liu,EarnestEspressos,1474187
2026-07-01T02:04:24.138288,2026-07-01T02:04:24.142407+00:00,85.2,11,bid,Xuanyu Liu,EarnestEspressos,1474190
2026-07-01T02:04:24.348433,2026-07-01T02:04:24.358730+00:00,84.9,50,ask,DiligentDonuts,FlawlessFlatbreads,1474194
2026-07-01T02:04:26.403413,2026-07-01T02:04:26.406394+00:00,85.5,3,bid,FlawlessFlatbreads,Kelvin Chan,1474230
2026-07-01T02:04:26.403413,2026-07-01T02:04:26.416746+00:00,85.6,47,bid,FlawlessFlatbreads,EarnestEspressos,1474231
2026-07-01T02:04:27.937859,2026-07-01T02:04:27.944327+00:00,85.4,4,bid,EarnestEspressos,Kelvin Chan,1474260
2026-07-01T02:04:27.937859,2026-07-01T02:04:27.944327+00:00,85.4,100,bid,EarnestEspressos,DiligentDonuts,1474261
2026-07-01T02:04:27.964385,2026-07-01T02:04:27.975256+00:00,85.4,4,ask,EarnestEspressos,Kelvin Chan,1474262
2026-07-01T02:04:27.999792,2026-07-01T02:04:28.006147+00:00,85.9,48,bid,CostlyCorianders,EarnestEspressos,1474266
2026-07-01T02:04:28.046574,2026-07-01T02:04:28.050757+00:00,85.4,11,ask,EarnestEspressos,Xuanyu Liu,1474274
2026-07-01T02:04:28.077481,2026-07-01T02:04:28.081847+00:00,85.4,4,ask,EarnestEspressos,Kelvin Chan,1474275
2026-07-01T02:04:28.573281,2026-07-01T02:04:28.577444+00:00,85.4,27,ask,EarnestEspressos,FlawlessFlatbreads,1474294
2026-07-01T02:04:28.573281,2026-07-01T02:04:28.577444+00:00,85.1,1,ask,Kelvin Chan,FlawlessFlatbreads,1474295
2026-07-01T02:04:28.573281,2026-07-01T02:04:28.587794+00:00,84.9,22,ask,DiligentDonuts,FlawlessFlatbreads,1474296
2026-07-01T02:04:30.631852,2026-07-01T02:04:30.636226+00:00,85.9,50,bid,FlawlessFlatbreads,EarnestEspressos,1474349
2026-07-01T02:04:31.563812,2026-07-01T02:04:31.569495+00:00,85.5,44,ask,DiligentDonuts,CostlyCorianders,1474363
2026-07-01T02:04:34.925570,2026-07-01T02:04:34.933823+00:00,85.5,10,ask,Zijun Feng,FlawlessFlatbreads,1474416
2026-07-01T02:04:34.925570,2026-07-01T02:04:34.933823+00:00,85.4,40,ask,DiligentDonuts,FlawlessFlatbreads,1474417
2026-07-01T02:04:36.982027,2026-07-01T02:04:36.985944+00:00,85.7,50,bid,FlawlessFlatbreads,DiligentDonuts,1474460
2026-07-01T02:04:38.791566,2026-07-01T02:04:38.798866+00:00,85.7,43,bid,CostlyCorianders,DiligentDonuts,1474493
2026-07-01T02:04:39.140494,2026-07-01T02:04:39.147959+00:00,85.4,50,ask,DiligentDonuts,FlawlessFlatbreads,1474498
2026-07-01T02:04:39.778695,2026-07-01T02:04:39.789044+00:00,85.4,44,ask,DiligentDonuts,CostlyCorianders,1474509
2026-07-01T02:04:41.095174,2026-07-01T02:04:41.099021+00:00,85.4,6,ask,DiligentDonuts,Xuanyu Liu,1474538
2026-07-01T02:04:41.195993,2026-07-01T02:04:41.202341+00:00,85.6,50,bid,FlawlessFlatbreads,EarnestEspressos,1474541
2026-07-01T02:04:43.147023,2026-07-01T02:04:43.156568+00:00,85.6,49,bid,CostlyCorianders,EarnestEspressos,1474579
2026-07-01T02:04:43.301425,2026-07-01T02:04:43.311707+00:00,85.6,50,bid,FlawlessFlatbreads,EarnestEspressos,1474580
2026-07-01T02:04:43.772532,2026-07-01T02:04:43.777896+00:00,85.6,100,bid,EarnestEspressos,DiligentDonuts,1474599
2026-07-01T02:04:43.772532,2026-07-01T02:04:43.777896+00:00,85.6,10,bid,EarnestEspressos,Zijun Feng,1474600
2026-07-01T02:04:43.845420,2026-07-01T02:04:43.848958+00:00,85.6,6,ask,EarnestEspressos,Xuanyu Liu,1474604
2026-07-01T02:04:44.273407,2026-07-01T02:04:44.281414+00:00,85.6,34,ask,EarnestEspressos,CostlyCorianders,1474609
2026-07-01T02:04:44.273407,2026-07-01T02:04:44.281414+00:00,85.3,4,ask,Kelvin Chan,CostlyCorianders,1474610
2026-07-01T02:04:44.273407,2026-07-01T02:04:44.281414+00:00,85.1,8,ask,DiligentDonuts,CostlyCorianders,1474611
2026-07-01T02:04:44.822702,2026-07-01T02:04:44.828408+00:00,85.6,1,bid,CostlyCorianders,Kelvin Chan,1474625
2026-07-01T02:04:44.822702,2026-07-01T02:04:44.828408+00:00,86.1,43,bid,CostlyCorianders,EarnestEspressos,1474626
2026-07-01T02:04:45.465335,2026-07-01T02:04:45.477343+00:00,85.3,4,ask,Kelvin Chan,FlawlessFlatbreads,1474646
2026-07-01T02:04:45.465335,2026-07-01T02:04:45.477343+00:00,85.3,46,ask,DiligentDonuts,FlawlessFlatbreads,1474647
2026-07-01T02:04:46.839127,2026-07-01T02:04:46.850012+00:00,85.4,4,ask,Kelvin Chan,CostlyCorianders,1474684
2026-07-01T02:04:46.839127,2026-07-01T02:04:46.850012+00:00,85.3,45,ask,DiligentDonuts,CostlyCorianders,1474685
2026-07-01T02:04:47.572170,2026-07-01T02:04:47.581681+00:00,85.4,4,ask,Kelvin Chan,FlawlessFlatbreads,1474701
2026-07-01T02:04:47.572170,2026-07-01T02:04:47.581681+00:00,85.3,9,ask,DiligentDonuts,FlawlessFlatbreads,1474702
2026-07-01T02:04:47.572170,2026-07-01T02:04:47.581681+00:00,85.3,37,ask,EarnestEspressos,FlawlessFlatbreads,1474703
2026-07-01T02:04:48.001764,2026-07-01T02:04:48.012947+00:00,85.7,1,bid,CostlyCorianders,Kelvin Chan,1474716
2026-07-01T02:04:48.001764,2026-07-01T02:04:48.012947+00:00,85.8,40,bid,CostlyCorianders,DiligentDonuts,1474717
2026-07-01T02:04:49.571839,2026-07-01T02:04:49.576481+00:00,85.6,40,bid,CostlyCorianders,DiligentDonuts,1474760
2026-07-01T02:04:49.625859,2026-07-01T02:04:49.627781+00:00,85.3,44,ask,EarnestEspressos,CostlyCorianders,1474762
2026-07-01T02:04:49.680406,2026-07-01T02:04:49.689699+00:00,85.3,50,ask,EarnestEspressos,FlawlessFlatbreads,1474763
2026-07-01T02:04:50.148089,2026-07-01T02:04:50.162689+00:00,85.3,4,ask,Kelvin Chan,EarnestEspressos,1474773
2026-07-01T02:04:50.148089,2026-07-01T02:04:50.162689+00:00,85.3,10,ask,Zijun Feng,EarnestEspressos,1474774
2026-07-01T02:04:50.158827,2026-07-01T02:04:50.162689+00:00,85.3,12,bid,Xuanyu Liu,EarnestEspressos,1474776
2026-07-01T02:04:50.844835,2026-07-01T02:04:50.851569+00:00,85.3,4,bid,Kelvin Chan,EarnestEspressos,1474787
2026-07-01T02:04:51.027063,2026-07-01T02:04:51.036214+00:00,85.3,3,bid,Kelvin Chan,EarnestEspressos,1474789
2026-07-01T02:04:51.095653,2026-07-01T02:04:51.097767+00:00,85.3,49,bid,CostlyCorianders,EarnestEspressos,1474792
2026-07-01T02:04:51.789344,2026-07-01T02:04:51.800914+00:00,85.1,10,ask,Zijun Feng,FlawlessFlatbreads,1474815
2026-07-01T02:04:51.789344,2026-07-01T02:04:51.800914+00:00,85.1,40,ask,DiligentDonuts,FlawlessFlatbreads,1474816
2026-07-01T02:04:52.038324,2026-07-01T02:04:52.047225+00:00,85.3,4,bid,Kelvin Chan,EarnestEspressos,1474828
2026-07-01T02:04:52.867671,2026-07-01T02:04:52.876325+00:00,85.3,3,bid,Kelvin Chan,EarnestEspressos,1474839
2026-07-01T02:04:53.871806,2026-07-01T02:04:53.877142+00:00,85.3,10,ask,Zijun Feng,CostlyCorianders,1474871
2026-07-01T02:04:53.871806,2026-07-01T02:04:53.877142+00:00,85.2,32,ask,EarnestEspressos,CostlyCorianders,1474872
2026-07-01T02:04:55.855459,2026-07-01T02:04:55.859848+00:00,85.2,45,ask,EarnestEspressos,CostlyCorianders,1474895
2026-07-01T02:04:55.961435,2026-07-01T02:04:55.972431+00:00,85.6,1,bid,FlawlessFlatbreads,Kelvin Chan,1474899
2026-07-01T02:04:55.961435,2026-07-01T02:04:55.972431+00:00,85.7,49,bid,FlawlessFlatbreads,EarnestEspressos,1474900
2026-07-01T02:04:56.346499,2026-07-01T02:04:56.352814+00:00,85.5,1,bid,CostlyCorianders,Kelvin Chan,1474912
2026-07-01T02:04:56.346499,2026-07-01T02:04:56.352814+00:00,85.6,10,bid,CostlyCorianders,Zijun Feng,1474913
2026-07-01T02:04:56.346499,2026-07-01T02:04:56.352814+00:00,85.7,31,bid,CostlyCorianders,EarnestEspressos,1474914
2026-07-01T02:04:59.008744,2026-07-01T02:04:59.017605+00:00,85.5,49,bid,CostlyCorianders,DiligentDonuts,1474967
2026-07-01T02:05:00.156374,2026-07-01T02:05:00.158942+00:00,85.2,4,ask,Kelvin Chan,CostlyCorianders,1474984
2026-07-01T02:05:00.156374,2026-07-01T02:05:00.169346+00:00,85.1,45,ask,EarnestEspressos,CostlyCorianders,1474985
2026-07-01T02:05:00.223800,2026-07-01T02:05:00.231324+00:00,85.3,4,ask,Kelvin Chan,FlawlessFlatbreads,1474986
2026-07-01T02:05:01.705799,2026-07-01T02:05:01.714958+00:00,85.5,10,bid,CostlyCorianders,Zijun Feng,1475028
2026-07-01T02:05:01.705799,2026-07-01T02:05:01.714958+00:00,85.6,1,bid,CostlyCorianders,Kelvin Chan,1475029
2026-07-01T02:05:01.705799,2026-07-01T02:05:01.714958+00:00,85.6,35,bid,CostlyCorianders,EarnestEspressos,1475030
2026-07-01T02:05:01.763036,2026-07-01T02:05:01.766242+00:00,85.2,3,ask,Kelvin Chan,CostlyCorianders,1475031
2026-07-01T02:05:01.763036,2026-07-01T02:05:01.776467+00:00,85.2,41,ask,DiligentDonuts,CostlyCorianders,1475032
2026-07-01T02:05:02.284395,2026-07-01T02:05:02.289521+00:00,85.6,50,bid,FlawlessFlatbreads,EarnestEspressos,1475045
2026-07-01T02:05:02.327955,2026-07-01T02:05:02.330800+00:00,85.2,43,ask,DiligentDonuts,CostlyCorianders,1475046
2026-07-01T02:05:02.953013,2026-07-01T02:05:02.958104+00:00,85.7,46,bid,CostlyCorianders,DiligentDonuts,1475060
2026-07-01T02:05:04.393139,2026-07-01T02:05:04.405059+00:00,85.7,10,bid,FlawlessFlatbreads,Zijun Feng,1475092
2026-07-01T02:05:04.393139,2026-07-01T02:05:04.405059+00:00,85.9,40,bid,FlawlessFlatbreads,EarnestEspressos,1475093
2026-07-01T02:05:04.650683,2026-07-01T02:05:04.652727+00:00,85.6,41,bid,CostlyCorianders,DiligentDonuts,1475098
2026-07-01T02:05:06.501031,2026-07-01T02:05:06.503984+00:00,85.6,50,bid,FlawlessFlatbreads,DiligentDonuts,1475143
2026-07-01T02:05:08.124274,2026-07-01T02:05:08.126681+00:00,85.5,45,ask,DiligentDonuts,CostlyCorianders,1475162
2026-07-01T02:05:08.609751,2026-07-01T02:05:08.617465+00:00,85.6,3,bid,FlawlessFlatbreads,Kelvin Chan,1475165
2026-07-01T02:05:08.609751,2026-07-01T02:05:08.617465+00:00,85.6,10,bid,FlawlessFlatbreads,Zijun Feng,1475166
2026-07-01T02:05:08.609751,2026-07-01T02:05:08.617465+00:00,85.9,37,bid,FlawlessFlatbreads,EarnestEspressos,1475167
2026-07-01T02:05:08.726291,2026-07-01T02:05:08.730336+00:00,85.5,12,ask,DiligentDonuts,Xuanyu Liu,1475170
2026-07-01T02:05:09.095876,2026-07-01T02:05:09.099761+00:00,85.6,11,ask,EarnestEspressos,Xuanyu Liu,1475179
2026-07-01T02:05:10.719531,2026-07-01T02:05:10.727551+00:00,85.7,3,bid,FlawlessFlatbreads,Kelvin Chan,1475203
2026-07-01T02:05:10.719531,2026-07-01T02:05:10.727551+00:00,85.9,10,bid,FlawlessFlatbreads,Zijun Feng,1475204
2026-07-01T02:05:10.719531,2026-07-01T02:05:10.727551+00:00,86.1,37,bid,FlawlessFlatbreads,EarnestEspressos,1475205
2026-07-01T02:05:11.300267,2026-07-01T02:05:11.302402+00:00,85.6,47,ask,EarnestEspressos,CostlyCorianders,1475218
2026-07-01T02:05:12.830681,2026-07-01T02:05:12.832760+00:00,85.7,3,bid,FlawlessFlatbreads,Kelvin Chan,1475260
2026-07-01T02:05:12.830681,2026-07-01T02:05:12.843035+00:00,85.8,47,bid,FlawlessFlatbreads,DiligentDonuts,1475261
2026-07-01T02:05:13.824633,2026-07-01T02:05:13.829444+00:00,85.7,3,bid,DiligentDonuts,Kelvin Chan,1475278
2026-07-01T02:05:13.824633,2026-07-01T02:05:13.829444+00:00,85.8,46,bid,CostlyCorianders,DiligentDonuts,1475279
2026-07-01T02:05:13.916738,2026-07-01T02:05:13.921730+00:00,85.7,3,bid,CostlyCorianders,Kelvin Chan,1475280
2026-07-01T02:05:13.947047,2026-07-01T02:05:13.952587+00:00,85.7,3,ask,DiligentDonuts,Kelvin Chan,1475281
2026-07-01T02:05:14.010878,2026-07-01T02:05:14.014774+00:00,85.7,3,ask,DiligentDonuts,Kelvin Chan,1475284
2026-07-01T02:05:14.071817,2026-07-01T02:05:14.076537+00:00,85.7,2,ask,DiligentDonuts,Kelvin Chan,1475287
2026-07-01T02:05:14.940634,2026-07-01T02:05:14.951240+00:00,86.0,10,bid,FlawlessFlatbreads,Zijun Feng,1475303
2026-07-01T02:05:14.940634,2026-07-01T02:05:14.951240+00:00,86.1,40,bid,FlawlessFlatbreads,EarnestEspressos,1475304
2026-07-01T02:05:15.399765,2026-07-01T02:05:15.403961+00:00,86.0,12,ask,EarnestEspressos,Xuanyu Liu,1475322
2026-07-01T02:05:16.301506,2026-07-01T02:05:16.307947+00:00,86.0,46,ask,EarnestEspressos,CostlyCorianders,1475342
2026-07-01T02:05:16.758184,2026-07-01T02:05:16.761727+00:00,86.2,44,bid,CostlyCorianders,DiligentDonuts,1475351
2026-07-01T02:05:17.048566,2026-07-01T02:05:17.050656+00:00,86.5,50,bid,FlawlessFlatbreads,EarnestEspressos,1475359
2026-07-01T02:05:17.964986,2026-07-01T02:05:17.968947+00:00,86.0,11,ask,EarnestEspressos,Xuanyu Liu,1475379
2026-07-01T02:05:19.154867,2026-07-01T02:05:19.161326+00:00,86.2,10,bid,FlawlessFlatbreads,Zijun Feng,1475401
2026-07-01T02:05:19.154867,2026-07-01T02:05:19.161326+00:00,86.3,40,bid,FlawlessFlatbreads,EarnestEspressos,1475402
2026-07-01T02:05:21.270148,2026-07-01T02:05:21.273785+00:00,86.3,50,bid,FlawlessFlatbreads,EarnestEspressos,1475430
2026-07-01T02:05:21.731012,2026-07-01T02:05:21.735185+00:00,86.2,3,ask,EarnestEspressos,Xuanyu Liu,1475440
2026-07-01T02:05:22.184123,2026-07-01T02:05:22.188062+00:00,86.2,49,ask,EarnestEspressos,CostlyCorianders,1475450
2026-07-01T02:05:22.774495,2026-07-01T02:05:22.782251+00:00,86.2,49,ask,EarnestEspressos,CostlyCorianders,1475463
2026-07-01T02:05:23.264776,2026-07-01T02:05:23.274715+00:00,86.3,43,bid,CostlyCorianders,DiligentDonuts,1475473
2026-07-01T02:05:24.781515,2026-07-01T02:05:24.786358+00:00,86.5,48,bid,CostlyCorianders,DiligentDonuts,1475507
2026-07-01T02:05:24.834956,2026-07-01T02:05:24.837593+00:00,86.0,42,ask,DiligentDonuts,CostlyCorianders,1475509
2026-07-01T02:05:25.531574,2026-07-01T02:05:25.534682+00:00,86.0,50,ask,DiligentDonuts,FlawlessFlatbreads,1475522
2026-07-01T02:05:26.895388,2026-07-01T02:05:26.898008+00:00,86.3,42,bid,CostlyCorianders,EarnestEspressos,1475549
2026-07-01T02:05:27.473663,2026-07-01T02:05:27.482085+00:00,85.9,40,ask,DiligentDonuts,CostlyCorianders,1475560
2026-07-01T02:05:27.662247,2026-07-01T02:05:27.666565+00:00,85.9,50,ask,DiligentDonuts,FlawlessFlatbreads,1475561
2026-07-01T02:05:29.769744,2026-07-01T02:05:29.776767+00:00,85.9,50,ask,EarnestEspressos,FlawlessFlatbreads,1475595
2026-07-01T02:05:31.907543,2026-07-01T02:05:31.918760+00:00,85.9,10,ask,Zijun Feng,FlawlessFlatbreads,1475627
2026-07-01T02:05:31.907543,2026-07-01T02:05:31.918760+00:00,85.8,4,ask,Kelvin Chan,FlawlessFlatbreads,1475628
2026-07-01T02:05:31.907543,2026-07-01T02:05:31.918760+00:00,85.8,36,ask,EarnestEspressos,FlawlessFlatbreads,1475629
2026-07-01T02:05:32.035917,2026-07-01T02:05:32.042046+00:00,86.2,40,bid,CostlyCorianders,DiligentDonuts,1475632
2026-07-01T02:05:34.016761,2026-07-01T02:05:34.023981+00:00,85.9,1,ask,Kelvin Chan,FlawlessFlatbreads,1475665
2026-07-01T02:05:34.016761,2026-07-01T02:05:34.023981+00:00,85.9,49,ask,DiligentDonuts,FlawlessFlatbreads,1475666
2026-07-01T02:05:36.151295,2026-07-01T02:05:36.169060+00:00,85.9,2,ask,Kelvin Chan,FlawlessFlatbreads,1475731
2026-07-01T02:05:36.151295,2026-07-01T02:05:36.169060+00:00,85.8,48,ask,EarnestEspressos,FlawlessFlatbreads,1475732
2026-07-01T02:05:36.330181,2026-07-01T02:05:36.333821+00:00,86.0,3,bid,Xuanyu Liu,DiligentDonuts,1475738
2026-07-01T02:05:36.923665,2026-07-01T02:05:36.929619+00:00,85.8,46,ask,EarnestEspressos,CostlyCorianders,1475748
2026-07-01T02:05:37.583652,2026-07-01T02:05:37.606025+00:00,85.8,10,ask,Zijun Feng,EarnestEspressos,1475761
2026-07-01T02:05:37.601353,2026-07-01T02:05:37.606025+00:00,85.8,23,bid,Xuanyu Liu,EarnestEspressos,1475764
2026-07-01T02:05:37.654702,2026-07-01T02:05:37.658795+00:00,85.8,11,bid,Xuanyu Liu,EarnestEspressos,1475772
2026-07-01T02:05:37.956395,2026-07-01T02:05:37.966193+00:00,85.8,41,bid,CostlyCorianders,EarnestEspressos,1475780
2026-07-01T02:05:38.260304,2026-07-01T02:05:38.263470+00:00,85.6,10,ask,Zijun Feng,FlawlessFlatbreads,1475787
2026-07-01T02:05:38.260304,2026-07-01T02:05:38.273774+00:00,85.5,40,ask,DiligentDonuts,FlawlessFlatbreads,1475788
2026-07-01T02:05:38.547397,2026-07-01T02:05:38.550573+00:00,85.8,46,bid,CostlyCorianders,EarnestEspressos,1475794
2026-07-01T02:05:40.373652,2026-07-01T02:05:40.384134+00:00,85.4,10,ask,Zijun Feng,FlawlessFlatbreads,1475841
2026-07-01T02:05:40.373652,2026-07-01T02:05:40.384134+00:00,85.3,40,ask,EarnestEspressos,FlawlessFlatbreads,1475842
2026-07-01T02:05:40.695673,2026-07-01T02:05:40.703048+00:00,85.8,100,bid,EarnestEspressos,DiligentDonuts,1475854
2026-07-01T02:05:42.480766,2026-07-01T02:05:42.486766+00:00,85.8,50,ask,EarnestEspressos,FlawlessFlatbreads,1475892
2026-07-01T02:05:43.908036,2026-07-01T02:05:43.926970+00:00,85.8,100,ask,DiligentDonuts,EarnestEspressos,1475924
2026-07-01T02:05:43.922946,2026-07-01T02:05:43.926970+00:00,85.5,12,bid,Xuanyu Liu,EarnestEspressos,1475927
2026-07-01T02:05:43.963605,2026-07-01T02:05:43.968599+00:00,85.0,49,ask,EarnestEspressos,CostlyCorianders,1475928
2026-07-01T02:05:44.036150,2026-07-01T02:05:44.040045+00:00,85.5,11,bid,Xuanyu Liu,EarnestEspressos,1475930
2026-07-01T02:05:44.586274,2026-07-01T02:05:44.595035+00:00,85.1,10,ask,Zijun Feng,FlawlessFlatbreads,1475942
2026-07-01T02:05:44.586274,2026-07-01T02:05:44.595035+00:00,85.0,40,ask,EarnestEspressos,FlawlessFlatbreads,1475943
2026-07-01T02:05:45.535181,2026-07-01T02:05:45.539745+00:00,85.5,27,bid,DiligentDonuts,EarnestEspressos,1475970
2026-07-01T02:05:46.693193,2026-07-01T02:05:46.701970+00:00,85.5,50,ask,DiligentDonuts,FlawlessFlatbreads,1475979
2026-07-01T02:05:47.594627,2026-07-01T02:05:47.599337+00:00,85.6,10,ask,Zijun Feng,Xuanyu Liu,1475990
2026-07-01T02:05:48.006419,2026-07-01T02:05:48.011781+00:00,85.8,40,bid,CostlyCorianders,EarnestEspressos,1476003
2026-07-01T02:05:49.063381,2026-07-01T02:05:49.073981+00:00,85.3,47,ask,EarnestEspressos,CostlyCorianders,1476019
2026-07-01T02:05:50.872298,2026-07-01T02:05:50.876433+00:00,85.7,50,bid,FlawlessFlatbreads,DiligentDonuts,1476066
2026-07-01T02:05:52.662874,2026-07-01T02:05:52.666524+00:00,85.7,43,bid,CostlyCorianders,EarnestEspressos,1476103
2026-07-01T02:05:52.977218,2026-07-01T02:05:52.984443+00:00,85.7,50,bid,FlawlessFlatbreads,EarnestEspressos,1476105
2026-07-01T02:05:53.390011,2026-07-01T02:05:53.393555+00:00,85.6,24,ask,EarnestEspressos,Xuanyu Liu,1476116
2026-07-01T02:05:55.093680,2026-07-01T02:05:55.105752+00:00,85.8,10,bid,FlawlessFlatbreads,Zijun Feng,1476150
2026-07-01T02:05:55.093680,2026-07-01T02:05:55.105752+00:00,85.9,4,bid,FlawlessFlatbreads,Kelvin Chan,1476151
2026-07-01T02:05:55.093680,2026-07-01T02:05:55.105752+00:00,86.1,36,bid,FlawlessFlatbreads,EarnestEspressos,1476152
2026-07-01T02:05:56.015038,2026-07-01T02:05:56.018726+00:00,85.6,12,ask,EarnestEspressos,Xuanyu Liu,1476175
2026-07-01T02:05:58.283794,2026-07-01T02:05:58.293657+00:00,85.5,1,ask,Kelvin Chan,DiligentDonuts,1476220
2026-07-01T02:05:58.650503,2026-07-01T02:05:58.654144+00:00,85.4,12,bid,Xuanyu Liu,DiligentDonuts,1476233
2026-07-01T02:05:58.882593,2026-07-01T02:05:58.890680+00:00,85.2,43,ask,EarnestEspressos,CostlyCorianders,1476235
2026-07-01T02:05:58.947714,2026-07-01T02:05:58.951315+00:00,85.4,2,bid,Xuanyu Liu,DiligentDonuts,1476239
2026-07-01T02:05:58.999017,2026-07-01T02:05:59.002554+00:00,85.4,2,bid,Xuanyu Liu,DiligentDonuts,1476242
2026-07-01T02:05:59.207544,2026-07-01T02:05:59.219233+00:00,85.4,1,bid,Kelvin Chan,DiligentDonuts,1476245
2026-07-01T02:05:59.215403,2026-07-01T02:05:59.219233+00:00,85.4,2,bid,Xuanyu Liu,DiligentDonuts,1476247
2026-07-01T02:05:59.331806,2026-07-01T02:05:59.342512+00:00,85.4,50,bid,FlawlessFlatbreads,DiligentDonuts,1476252
2026-07-01T02:06:00.650736,2026-07-01T02:06:00.654350+00:00,85.4,1,bid,Kelvin Chan,DiligentDonuts,1476276
2026-07-01T02:06:00.793278,2026-07-01T02:06:00.797930+00:00,85.4,1,bid,Kelvin Chan,DiligentDonuts,1476278
2026-07-01T02:06:01.438276,2026-07-01T02:06:01.445021+00:00,85.4,10,bid,FlawlessFlatbreads,Zijun Feng,1476300
2026-07-01T02:06:01.438276,2026-07-01T02:06:01.445021+00:00,85.6,40,bid,FlawlessFlatbreads,EarnestEspressos,1476301
2026-07-01T02:06:02.073291,2026-07-01T02:06:02.080876+00:00,85.4,2,bid,Kelvin Chan,Zijun Feng,1476308
2026-07-01T02:06:02.183994,2026-07-01T02:06:02.193815+00:00,85.4,2,bid,Kelvin Chan,Zijun Feng,1476311
2026-07-01T02:06:02.266765,2026-07-01T02:06:02.275653+00:00,85.4,2,bid,Kelvin Chan,Zijun Feng,1476316
2026-07-01T02:06:03.548549,2026-07-01T02:06:03.550896+00:00,85.4,4,bid,FlawlessFlatbreads,Zijun Feng,1476340
2026-07-01T02:06:03.548549,2026-07-01T02:06:03.561280+00:00,85.5,46,bid,FlawlessFlatbreads,DiligentDonuts,1476341
2026-07-01T02:06:05.197545,2026-07-01T02:06:05.201928+00:00,85.3,6,ask,DiligentDonuts,Xuanyu Liu,1476384
2026-07-01T02:06:05.405088,2026-07-01T02:06:05.407551+00:00,85.6,48,bid,CostlyCorianders,EarnestEspressos,1476388
2026-07-01T02:06:05.657774,2026-07-01T02:06:05.665129+00:00,85.6,50,bid,FlawlessFlatbreads,EarnestEspressos,1476391
2026-07-01T02:06:06.045935,2026-07-01T02:06:06.049945+00:00,85.4,12,ask,EarnestEspressos,Xuanyu Liu,1476409
2026-07-01T02:06:07.763191,2026-07-01T02:06:07.769253+00:00,85.6,2,bid,FlawlessFlatbreads,Kelvin Chan,1476430
2026-07-01T02:06:07.763191,2026-07-01T02:06:07.769253+00:00,85.6,10,bid,FlawlessFlatbreads,Zijun Feng,1476431
2026-07-01T02:06:07.763191,2026-07-01T02:06:07.769253+00:00,85.9,38,bid,FlawlessFlatbreads,EarnestEspressos,1476432
2026-07-01T02:06:09.192418,2026-07-01T02:06:09.215709+00:00,85.7,10,bid,EarnestEspressos,Zijun Feng,1476465
2026-07-01T02:06:09.210528,2026-07-01T02:06:09.215709+00:00,85.7,11,ask,EarnestEspressos,Xuanyu Liu,1476467
2026-07-01T02:06:09.342101,2026-07-01T02:06:09.349247+00:00,85.7,3,ask,EarnestEspressos,Kelvin Chan,1476470
2026-07-01T02:06:09.791502,2026-07-01T02:06:09.801748+00:00,85.7,3,ask,EarnestEspressos,Kelvin Chan,1476481
2026-07-01T02:06:09.829124,2026-07-01T02:06:09.832751+00:00,85.7,2,ask,EarnestEspressos,Kelvin Chan,1476482
2026-07-01T02:06:09.856395,2026-07-01T02:06:09.863474+00:00,85.7,3,ask,EarnestEspressos,Kelvin Chan,1476483
2026-07-01T02:06:09.871593,2026-07-01T02:06:09.873774+00:00,85.8,50,bid,FlawlessFlatbreads,DiligentDonuts,1476484
2026-07-01T02:06:10.190828,2026-07-01T02:06:10.202013+00:00,85.7,2,ask,EarnestEspressos,Kelvin Chan,1476492
2026-07-01T02:06:10.656809,2026-07-01T02:06:10.660483+00:00,85.7,3,ask,EarnestEspressos,Xuanyu Liu,1476503
2026-07-01T02:06:11.197282,2026-07-01T02:06:11.206488+00:00,85.7,2,ask,EarnestEspressos,Kelvin Chan,1476516
2026-07-01T02:06:11.213276,2026-07-01T02:06:11.216820+00:00,85.7,2,ask,EarnestEspressos,Kelvin Chan,1476517
2026-07-01T02:06:11.363606,2026-07-01T02:06:11.370734+00:00,85.7,2,ask,EarnestEspressos,Kelvin Chan,1476521
2026-07-01T02:06:11.387758,2026-07-01T02:06:11.391233+00:00,85.7,2,ask,EarnestEspressos,Kelvin Chan,1476522
2026-07-01T02:06:11.417598,2026-07-01T02:06:11.421952+00:00,85.7,2,ask,EarnestEspressos,Kelvin Chan,1476523
2026-07-01T02:06:11.446329,2026-07-01T02:06:11.452748+00:00,85.7,2,ask,EarnestEspressos,Kelvin Chan,1476524
2026-07-01T02:06:11.474210,2026-07-01T02:06:11.483536+00:00,85.7,2,ask,EarnestEspressos,Kelvin Chan,1476525
2026-07-01T02:06:11.514384,2026-07-01T02:06:11.525041+00:00,85.7,2,ask,EarnestEspressos,Kelvin Chan,1476526
2026-07-01T02:06:11.541781,2026-07-01T02:06:11.545597+00:00,85.7,2,ask,EarnestEspressos,Kelvin Chan,1476527
2026-07-01T02:06:11.817208,2026-07-01T02:06:11.825701+00:00,85.7,2,ask,EarnestEspressos,Kelvin Chan,1476531
2026-07-01T02:06:11.978072,2026-07-01T02:06:11.979896+00:00,85.9,50,bid,FlawlessFlatbreads,DiligentDonuts,1476536
2026-07-01T02:06:14.093434,2026-07-01T02:06:14.099927+00:00,85.7,10,bid,FlawlessFlatbreads,Zijun Feng,1476574
2026-07-01T02:06:14.093434,2026-07-01T02:06:14.099927+00:00,85.8,2,bid,FlawlessFlatbreads,Kelvin Chan,1476575
2026-07-01T02:06:14.093434,2026-07-01T02:06:14.099927+00:00,85.9,38,bid,FlawlessFlatbreads,EarnestEspressos,1476576
2026-07-01T02:06:15.539783,2026-07-01T02:06:15.551086+00:00,85.5,4,ask,Kelvin Chan,CostlyCorianders,1476607
2026-07-01T02:06:15.539783,2026-07-01T02:06:15.551086+00:00,85.5,45,ask,DiligentDonuts,CostlyCorianders,1476608
2026-07-01T02:06:16.160686,2026-07-01T02:06:16.168226+00:00,85.6,10,ask,Zijun Feng,CostlyCorianders,1476616
2026-07-01T02:06:16.160686,2026-07-01T02:06:16.168226+00:00,85.5,30,ask,DiligentDonuts,CostlyCorianders,1476617
2026-07-01T02:06:16.201880,2026-07-01T02:06:16.209719+00:00,85.8,2,bid,FlawlessFlatbreads,Kelvin Chan,1476618
2026-07-01T02:06:16.201880,2026-07-01T02:06:16.209719+00:00,85.9,48,bid,FlawlessFlatbreads,EarnestEspressos,1476619
2026-07-01T02:06:18.179243,2026-07-01T02:06:18.181070+00:00,85.8,2,bid,CostlyCorianders,Kelvin Chan,1476666
2026-07-01T02:06:18.179243,2026-07-01T02:06:18.191452+00:00,85.9,40,bid,CostlyCorianders,EarnestEspressos,1476667
2026-07-01T02:06:18.309877,2026-07-01T02:06:18.314490+00:00,85.8,10,bid,FlawlessFlatbreads,Zijun Feng,1476669
2026-07-01T02:06:18.309877,2026-07-01T02:06:18.314490+00:00,85.8,1,bid,EarnestEspressos,Kelvin Chan,1476670
2026-07-01T02:06:18.309877,2026-07-01T02:06:18.314490+00:00,85.9,39,bid,FlawlessFlatbreads,EarnestEspressos,1476671
2026-07-01T02:06:18.697426,2026-07-01T02:06:18.706137+00:00,85.8,1,bid,FlawlessFlatbreads,Kelvin Chan,1476677
2026-07-01T02:06:18.697426,2026-07-01T02:06:18.706137+00:00,86.0,100,bid,EarnestEspressos,DiligentDonuts,1476678
2026-07-01T02:06:18.723781,2026-07-01T02:06:18.726853+00:00,86.1,1,ask,EarnestEspressos,Kelvin Chan,1476680
2026-07-01T02:06:18.763478,2026-07-01T02:06:18.767065+00:00,86.1,3,ask,EarnestEspressos,Xuanyu Liu,1476682
2026-07-01T02:06:18.937327,2026-07-01T02:06:18.941846+00:00,86.1,25,ask,EarnestEspressos,Alice Feng,1476689
2026-07-01T02:06:19.088735,2026-07-01T02:06:19.095996+00:00,86.1,1,ask,EarnestEspressos,Kelvin Chan,1476692
2026-07-01T02:06:19.112371,2026-07-01T02:06:19.116143+00:00,86.1,11,ask,EarnestEspressos,Xuanyu Liu,1476694
2026-07-01T02:06:19.148638,2026-07-01T02:06:19.157539+00:00,86.1,8,ask,EarnestEspressos,Alice Feng,1476696
2026-07-01T02:06:19.179429,2026-07-01T02:06:19.183129+00:00,85.8,1,bid,Xuanyu Liu,Kelvin Chan,1476703
2026-07-01T02:06:19.271384,2026-07-01T02:06:19.275225+00:00,85.8,1,bid,Xuanyu Liu,Kelvin Chan,1476707
2026-07-01T02:06:19.375552,2026-07-01T02:06:19.379216+00:00,85.8,1,bid,Xuanyu Liu,Kelvin Chan,1476712
2026-07-01T02:06:19.447227,2026-07-01T02:06:19.450927+00:00,85.8,1,bid,Xuanyu Liu,Kelvin Chan,1476714
2026-07-01T02:06:19.529411,2026-07-01T02:06:19.533057+00:00,85.8,1,bid,Xuanyu Liu,Kelvin Chan,1476716
2026-07-01T02:06:19.745011,2026-07-01T02:06:19.748687+00:00,85.8,1,bid,Xuanyu Liu,Kelvin Chan,1476721
2026-07-01T02:06:20.052532,2026-07-01T02:06:20.056183+00:00,85.8,1,bid,Xuanyu Liu,Kelvin Chan,1476731
2026-07-01T02:06:20.113138,2026-07-01T02:06:20.116724+00:00,85.9,1,bid,Xuanyu Liu,Kelvin Chan,1476734
2026-07-01T02:06:20.173917,2026-07-01T02:06:20.177968+00:00,85.9,1,bid,Xuanyu Liu,Kelvin Chan,1476736
2026-07-01T02:06:20.214706,2026-07-01T02:06:20.218467+00:00,85.9,1,bid,Xuanyu Liu,Kelvin Chan,1476739
2026-07-01T02:06:20.292697,2026-07-01T02:06:20.296460+00:00,85.9,1,bid,Xuanyu Liu,Kelvin Chan,1476741
2026-07-01T02:06:20.333500,2026-07-01T02:06:20.337291+00:00,85.9,1,bid,Xuanyu Liu,Kelvin Chan,1476743
2026-07-01T02:06:20.420632,2026-07-01T02:06:20.429992+00:00,86.6,50,bid,FlawlessFlatbreads,EarnestEspressos,1476751
2026-07-01T02:06:20.450213,2026-07-01T02:06:20.454854+00:00,85.9,1,bid,Xuanyu Liu,Kelvin Chan,1476755
2026-07-01T02:06:21.502291,2026-07-01T02:06:21.505980+00:00,85.9,1,bid,Xuanyu Liu,Kelvin Chan,1476779
2026-07-01T02:06:21.622514,2026-07-01T02:06:21.630115+00:00,85.9,1,bid,Alice Feng,Kelvin Chan,1476783
2026-07-01T02:06:22.526896,2026-07-01T02:06:22.533839+00:00,86.3,50,bid,FlawlessFlatbreads,DiligentDonuts,1476813
2026-07-01T02:06:23.959093,2026-07-01T02:06:23.963254+00:00,86.2,3,ask,DiligentDonuts,Xuanyu Liu,1476848
2026-07-01T02:06:24.129558,2026-07-01T02:06:24.138224+00:00,86.2,25,ask,DiligentDonuts,Alice Feng,1476851
2026-07-01T02:06:24.339642,2026-07-01T02:06:24.343846+00:00,86.2,25,ask,DiligentDonuts,Alice Feng,1476857
2026-07-01T02:06:24.549096,2026-07-01T02:06:24.560641+00:00,86.2,25,ask,DiligentDonuts,Alice Feng,1476863
2026-07-01T02:06:24.633016,2026-07-01T02:06:24.643304+00:00,86.4,50,bid,FlawlessFlatbreads,EarnestEspressos,1476867
2026-07-01T02:06:24.759479,2026-07-01T02:06:24.766623+00:00,86.2,22,ask,DiligentDonuts,Alice Feng,1476871
2026-07-01T02:06:25.795491,2026-07-01T02:06:25.803666+00:00,86.2,1,ask,EarnestEspressos,Kelvin Chan,1476890
2026-07-01T02:06:26.180165,2026-07-01T02:06:26.182328+00:00,86.2,25,ask,EarnestEspressos,Alice Feng,1476894
2026-07-01T02:06:26.389186,2026-07-01T02:06:26.398594+00:00,86.2,25,ask,EarnestEspressos,Alice Feng,1476899
2026-07-01T02:06:26.598235,2026-07-01T02:06:26.605160+00:00,86.2,21,ask,EarnestEspressos,Alice Feng,1476910
2026-07-01T02:06:26.738959,2026-07-01T02:06:26.749268+00:00,86.6,10,bid,FlawlessFlatbreads,Zijun Feng,1476914
2026-07-01T02:06:26.738959,2026-07-01T02:06:26.749268+00:00,86.7,40,bid,FlawlessFlatbreads,EarnestEspressos,1476915
2026-07-01T02:06:26.747095,2026-07-01T02:06:26.749268+00:00,86.2,78,ask,EarnestEspressos,DiligentDonuts,1476916
2026-07-01T02:06:28.847083,2026-07-01T02:06:28.857177+00:00,86.0,50,bid,FlawlessFlatbreads,EarnestEspressos,1476957
2026-07-01T02:06:29.588829,2026-07-01T02:06:29.595282+00:00,85.9,7,ask,Kelvin Chan,CostlyCorianders,1476980
2026-07-01T02:06:29.588829,2026-07-01T02:06:29.595282+00:00,85.7,36,ask,DiligentDonuts,CostlyCorianders,1476981
2026-07-01T02:06:30.105045,2026-07-01T02:06:30.109117+00:00,85.8,7,ask,Kelvin Chan,CostlyCorianders,1476999
2026-07-01T02:06:30.105045,2026-07-01T02:06:30.109117+00:00,85.7,33,ask,DiligentDonuts,CostlyCorianders,1477000
2026-07-01T02:06:30.952423,2026-07-01T02:06:30.961358+00:00,86.0,50,bid,FlawlessFlatbreads,EarnestEspressos,1477012
2026-07-01T02:06:31.213799,2026-07-01T02:06:31.217908+00:00,86.0,3,bid,Xuanyu Liu,EarnestEspressos,1477019
2026-07-01T02:06:31.333095,2026-07-01T02:06:31.342314+00:00,86.2,41,bid,CostlyCorianders,DiligentDonuts,1477026
2026-07-01T02:06:33.529494,2026-07-01T02:06:33.540215+00:00,86.0,44,ask,EarnestEspressos,CostlyCorianders,1477070
2026-07-01T02:06:34.569346,2026-07-01T02:06:34.579229+00:00,86.2,10,bid,CostlyCorianders,Zijun Feng,1477096
2026-07-01T02:06:34.569346,2026-07-01T02:06:34.579229+00:00,86.3,34,bid,CostlyCorianders,DiligentDonuts,1477097
2026-07-01T02:06:35.164607,2026-07-01T02:06:35.167701+00:00,86.2,4,bid,FlawlessFlatbreads,Kelvin Chan,1477108
2026-07-01T02:06:35.164607,2026-07-01T02:06:35.167701+00:00,86.3,46,bid,FlawlessFlatbreads,DiligentDonuts,1477109
2026-07-01T02:06:37.324681,2026-07-01T02:06:37.333170+00:00,86.0,50,ask,DiligentDonuts,FlawlessFlatbreads,1477153
2026-07-01T02:06:37.613178,2026-07-01T02:06:37.620280+00:00,86.0,48,ask,DiligentDonuts,CostlyCorianders,1477159
2026-07-01T02:06:37.996990,2026-07-01T02:06:38.000825+00:00,86.0,2,ask,DiligentDonuts,Xuanyu Liu,1477172
2026-07-01T02:06:39.175558,2026-07-01T02:06:39.183169+00:00,86.1,10,bid,CostlyCorianders,Zijun Feng,1477209
2026-07-01T02:06:39.175558,2026-07-01T02:06:39.183169+00:00,86.2,4,bid,CostlyCorianders,Kelvin Chan,1477210
2026-07-01T02:06:39.175558,2026-07-01T02:06:39.183169+00:00,86.3,29,bid,CostlyCorianders,EarnestEspressos,1477211
2026-07-01T02:06:39.704794,2026-07-01T02:06:39.708854+00:00,86.1,2,bid,Xuanyu Liu,DiligentDonuts,1477221
2026-07-01T02:06:40.863920,2026-07-01T02:06:40.869479+00:00,86.1,98,bid,EarnestEspressos,DiligentDonuts,1477246
2026-07-01T02:06:41.484291,2026-07-01T02:06:41.487328+00:00,86.2,4,bid,FlawlessFlatbreads,Kelvin Chan,1477264
2026-07-01T02:06:41.620797,2026-07-01T02:06:41.631110+00:00,86.1,41,ask,EarnestEspressos,CostlyCorianders,1477270
2026-07-01T02:06:42.227544,2026-07-01T02:06:42.237756+00:00,86.2,3,bid,CostlyCorianders,Kelvin Chan,1477285
2026-07-01T02:06:42.227544,2026-07-01T02:06:42.237756+00:00,86.6,45,bid,CostlyCorianders,EarnestEspressos,1477286
2026-07-01T02:06:43.589974,2026-07-01T02:06:43.593941+00:00,86.3,3,bid,FlawlessFlatbreads,Kelvin Chan,1477326
2026-07-01T02:06:43.589974,2026-07-01T02:06:43.604188+00:00,86.3,10,bid,FlawlessFlatbreads,Zijun Feng,1477327
2026-07-01T02:06:44.095819,2026-07-01T02:06:44.106733+00:00,86.2,100,ask,DiligentDonuts,EarnestEspressos,1477332
2026-07-01T02:06:45.419412,2026-07-01T02:06:45.422557+00:00,86.0,2,ask,Kelvin Chan,CostlyCorianders,1477350
2026-07-01T02:06:45.419412,2026-07-01T02:06:45.432898+00:00,85.7,45,ask,EarnestEspressos,CostlyCorianders,1477351
2026-07-01T02:06:45.715541,2026-07-01T02:06:45.733047+00:00,86.2,50,bid,FlawlessFlatbreads,EarnestEspressos,1477372
2026-07-01T02:06:46.997848,2026-07-01T02:06:47.004857+00:00,86.2,45,bid,CostlyCorianders,DiligentDonuts,1477399
2026-07-01T02:06:47.822168,2026-07-01T02:06:47.826642+00:00,86.2,50,bid,FlawlessFlatbreads,DiligentDonuts,1477414
2026-07-01T02:06:49.958648,2026-07-01T02:06:49.962720+00:00,86.3,1,bid,FlawlessFlatbreads,Kelvin Chan,1477470
2026-07-01T02:06:49.958648,2026-07-01T02:06:49.962720+00:00,86.5,49,bid,FlawlessFlatbreads,EarnestEspressos,1477471
2026-07-01T02:06:50.382093,2026-07-01T02:06:50.386472+00:00,86.3,3,ask,EarnestEspressos,Xuanyu Liu,1477482
