timestamp,recv_time,price,volume,aggressor_side,buyer,seller,trade_id
2026-07-08T08:00:00.506502,2026-07-08T08:00:00.507361+00:00,119.6,50,bid,,,11910075
2026-07-08T08:00:02.651978,2026-07-08T08:00:02.663987+00:00,119.7,50,bid,,,11910108
2026-07-08T08:00:03.302006,2026-07-08T08:00:03.313605+00:00,119.9,49,bid,,,11910118
2026-07-08T08:00:04.466258,2026-07-08T08:00:04.475964+00:00,119.7,13,ask,,,11910140
2026-07-08T08:00:04.527460,2026-07-08T08:00:04.539563+00:00,119.7,20,ask,,,11910143
2026-07-08T08:00:04.798680,2026-07-08T08:00:04.808168+00:00,119.7,12,ask,,,11910147
2026-07-08T08:00:05.636648,2026-07-08T08:00:05.648322+00:00,119.7,49,ask,,,11910162
2026-07-08T08:00:06.256651,2026-07-08T08:00:06.268671+00:00,119.7,44,ask,,,11910172
2026-07-08T08:00:07.073844,2026-07-08T08:00:07.083351+00:00,119.7,6,ask,,,11910182
2026-07-08T08:00:07.276650,2026-07-08T08:00:07.289874+00:00,119.7,100,ask,,,11910184
2026-07-08T08:00:07.276650,2026-07-08T08:00:07.289874+00:00,119.7,8,ask,,,11910185
2026-07-08T08:00:07.291744,2026-07-08T08:00:07.301430+00:00,119.6,14,bid,,,11910187
2026-07-08T08:00:08.092159,2026-07-08T08:00:08.100861+00:00,119.6,6,bid,,,11910204
2026-07-08T08:00:09.023192,2026-07-08T08:00:09.034920+00:00,119.2,10,ask,,,11910213
2026-07-08T08:00:09.023192,2026-07-08T08:00:09.034920+00:00,119.2,8,ask,,,11910214
2026-07-08T08:00:09.023192,2026-07-08T08:00:09.034920+00:00,119.1,32,ask,,,11910215
2026-07-08T08:00:09.273119,2026-07-08T08:00:09.285071+00:00,119.6,22,bid,,,11910218
2026-07-08T08:00:09.273119,2026-07-08T08:00:09.285071+00:00,119.6,8,bid,,,11910219
2026-07-08T08:00:09.273119,2026-07-08T08:00:09.285071+00:00,120.2,18,bid,,,11910220
2026-07-08T08:00:10.681775,2026-07-08T08:00:10.693659+00:00,119.5,11,ask,,,11910244
2026-07-08T08:00:10.833125,2026-07-08T08:00:10.845071+00:00,119.7,41,bid,,,11910246
2026-07-08T08:00:11.518699,2026-07-08T08:00:11.529192+00:00,119.5,40,ask,,,11910256
2026-07-08T08:00:13.186801,2026-07-08T08:00:13.198847+00:00,119.9,50,bid,,,11910275
2026-07-08T08:00:14.207717,2026-07-08T08:00:14.219624+00:00,119.4,48,ask,,,11910290
2026-07-08T08:00:15.275716,2026-07-08T08:00:15.287632+00:00,119.8,8,bid,,,11910303
2026-07-08T08:00:15.275716,2026-07-08T08:00:15.287632+00:00,119.9,35,bid,,,11910304
2026-07-08T08:00:15.296943,2026-07-08T08:00:15.306457+00:00,119.9,15,bid,,,11910305
2026-07-08T08:00:15.296943,2026-07-08T08:00:15.306457+00:00,119.9,35,bid,,,11910306
2026-07-08T08:00:17.183297,2026-07-08T08:00:17.190302+00:00,119.6,6,ask,,,11910337
2026-07-08T08:00:17.405786,2026-07-08T08:00:17.428260+00:00,120.0,8,bid,,,11910342
2026-07-08T08:00:17.405786,2026-07-08T08:00:17.428260+00:00,120.1,42,bid,,,11910343
2026-07-08T08:00:17.607288,2026-07-08T08:00:17.618465+00:00,119.6,11,ask,,,11910349
2026-07-08T08:00:19.386387,2026-07-08T08:00:19.395352+00:00,120.0,43,bid,,,11910375
2026-07-08T08:00:19.514132,2026-07-08T08:00:19.524000+00:00,120.0,50,bid,,,11910377
2026-07-08T08:00:21.620627,2026-07-08T08:00:21.632697+00:00,119.8,50,bid,,,11910414
2026-07-08T08:00:22.215263,2026-07-08T08:00:22.227011+00:00,119.7,8,bid,,,11910424
2026-07-08T08:00:22.215263,2026-07-08T08:00:22.227011+00:00,119.8,92,bid,,,11910425
2026-07-08T08:00:23.079566,2026-07-08T08:00:23.091669+00:00,119.8,8,bid,,,11910446
2026-07-08T08:00:23.093178,2026-07-08T08:00:23.102723+00:00,120.1,3,ask,,,11910447
2026-07-08T08:00:23.281653,2026-07-08T08:00:23.293464+00:00,120.1,8,ask,,,11910458
2026-07-08T08:00:23.729058,2026-07-08T08:00:23.739350+00:00,120.3,10,bid,,,11910459
2026-07-08T08:00:23.729058,2026-07-08T08:00:23.739350+00:00,120.4,40,bid,,,11910460
2026-07-08T08:00:26.660805,2026-07-08T08:00:26.679672+00:00,120.1,3,ask,,,11910496
2026-07-08T08:00:26.709883,2026-07-08T08:00:26.718574+00:00,120.1,35,ask,,,11910500
2026-07-08T08:00:26.802737,2026-07-08T08:00:26.814582+00:00,120.1,35,ask,,,11910503
2026-07-08T08:00:26.897278,2026-07-08T08:00:26.907334+00:00,120.1,35,ask,,,11910508
2026-07-08T08:00:26.991088,2026-07-08T08:00:27.000101+00:00,120.1,35,ask,,,11910510
2026-07-08T08:00:27.247854,2026-07-08T08:00:27.258544+00:00,120.1,7,ask,,,11910520
2026-07-08T08:00:27.905593,2026-07-08T08:00:27.918276+00:00,119.8,49,ask,,,11910527
2026-07-08T08:00:28.001681,2026-07-08T08:00:28.013365+00:00,119.8,50,ask,,,11910528
2026-07-08T08:00:28.368554,2026-07-08T08:00:28.380561+00:00,119.8,1,ask,,,11910541
2026-07-08T08:00:28.368554,2026-07-08T08:00:28.380561+00:00,119.8,8,ask,,,11910542
2026-07-08T08:00:28.630839,2026-07-08T08:00:28.650731+00:00,119.8,3,bid,,,11910548
2026-07-08T08:00:28.759062,2026-07-08T08:00:28.768282+00:00,119.8,10,bid,,,11910550
2026-07-08T08:00:30.057133,2026-07-08T08:00:30.069167+00:00,119.7,50,bid,,,11910573
2026-07-08T08:00:30.779350,2026-07-08T08:00:30.791302+00:00,119.7,100,bid,,,11910585
2026-07-08T08:00:30.889114,2026-07-08T08:00:30.901130+00:00,119.8,25,bid,,,11910587
2026-07-08T08:00:31.383194,2026-07-08T08:00:31.390228+00:00,119.8,43,bid,,,11910596
2026-07-08T08:00:32.164569,2026-07-08T08:00:32.176663+00:00,119.8,50,bid,,,11910610
2026-07-08T08:00:32.509964,2026-07-08T08:00:32.524285+00:00,119.3,46,ask,,,11910613
2026-07-08T08:00:32.575864,2026-07-08T08:00:32.587951+00:00,119.8,50,bid,,,11910615
2026-07-08T08:00:33.538297,2026-07-08T08:00:33.550290+00:00,120.1,10,bid,,,11910636
2026-07-08T08:00:34.274220,2026-07-08T08:00:34.280994+00:00,120.2,50,bid,,,11910641
2026-07-08T08:00:36.147569,2026-07-08T08:00:36.162720+00:00,119.7,43,ask,,,11910675
2026-07-08T08:00:36.379987,2026-07-08T08:00:36.391777+00:00,120.1,50,bid,,,11910677
2026-07-08T08:00:38.488426,2026-07-08T08:00:38.500643+00:00,120.1,10,bid,,,11910713
2026-07-08T08:00:38.488426,2026-07-08T08:00:38.500643+00:00,120.1,40,bid,,,11910714
2026-07-08T08:00:38.669939,2026-07-08T08:00:38.676801+00:00,120.1,48,bid,,,11910719
2026-07-08T08:00:39.295902,2026-07-08T08:00:39.308095+00:00,119.6,44,ask,,,11910728
2026-07-08T08:00:39.761931,2026-07-08T08:00:39.774196+00:00,119.6,41,ask,,,11910733
2026-07-08T08:00:40.602999,2026-07-08T08:00:40.613747+00:00,119.9,50,bid,,,11910745
2026-07-08T08:00:40.913373,2026-07-08T08:00:40.925542+00:00,119.9,41,bid,,,11910746
2026-07-08T08:00:41.413546,2026-07-08T08:00:41.425591+00:00,119.9,20,bid,,,11910760
2026-07-08T08:00:42.083342,2026-07-08T08:00:42.095508+00:00,120.1,8,bid,,,11910774
2026-07-08T08:00:42.083342,2026-07-08T08:00:42.095508+00:00,120.2,100,bid,,,11910775
2026-07-08T08:00:42.133771,2026-07-08T08:00:42.142908+00:00,120.2,35,ask,,,11910777
2026-07-08T08:00:42.149499,2026-07-08T08:00:42.161223+00:00,120.2,3,ask,,,11910778
2026-07-08T08:00:42.223454,2026-07-08T08:00:42.230600+00:00,120.2,4,ask,,,11910782
2026-07-08T08:00:42.721167,2026-07-08T08:00:42.733382+00:00,120.3,10,bid,,,11910793
2026-07-08T08:00:42.721167,2026-07-08T08:00:42.733382+00:00,120.3,8,bid,,,11910794
2026-07-08T08:00:42.721167,2026-07-08T08:00:42.733382+00:00,120.7,32,bid,,,11910795
2026-07-08T08:00:44.477938,2026-07-08T08:00:44.486141+00:00,120.0,35,ask,,,11910829
2026-07-08T08:00:44.566921,2026-07-08T08:00:44.575477+00:00,120.0,35,ask,,,11910833
2026-07-08T08:00:44.632234,2026-07-08T08:00:44.641373+00:00,120.1,8,ask,,,11910836
2026-07-08T08:00:44.655825,2026-07-08T08:00:44.667382+00:00,120.0,30,ask,,,11910839
2026-07-08T08:00:46.970566,2026-07-08T08:00:46.980346+00:00,120.2,40,bid,,,11910874
2026-07-08T08:00:49.059870,2026-07-08T08:00:49.074327+00:00,120.2,10,bid,,,11910899
2026-07-08T08:00:49.059870,2026-07-08T08:00:49.074327+00:00,120.2,40,bid,,,11910900
2026-07-08T08:00:49.154179,2026-07-08T08:00:49.164070+00:00,119.8,8,ask,,,11910906
2026-07-08T08:00:49.484773,2026-07-08T08:00:49.496465+00:00,119.8,8,ask,,,11910911
2026-07-08T08:00:49.816272,2026-07-08T08:00:49.827337+00:00,119.8,3,ask,,,11910916
2026-07-08T08:00:49.905183,2026-07-08T08:00:49.912430+00:00,119.8,5,ask,,,11910922
2026-07-08T08:00:49.905183,2026-07-08T08:00:49.917449+00:00,119.7,41,ask,,,11910923
2026-07-08T08:00:50.611822,2026-07-08T08:00:50.623437+00:00,120.1,8,bid,,,11910936
2026-07-08T08:00:50.881282,2026-07-08T08:00:50.890240+00:00,120.1,2,bid,,,11910940
2026-07-08T08:00:51.172058,2026-07-08T08:00:51.184128+00:00,120.2,50,bid,,,11910945
2026-07-08T08:00:51.735550,2026-07-08T08:00:51.747205+00:00,120.1,3,ask,,,11910954
2026-07-08T08:00:51.777649,2026-07-08T08:00:51.788976+00:00,120.1,19,ask,,,11910958
2026-07-08T08:00:51.927501,2026-07-08T08:00:51.934604+00:00,120.1,48,ask,,,11910960
2026-07-08T08:00:52.159735,2026-07-08T08:00:52.171642+00:00,120.1,19,ask,,,11910965
2026-07-08T08:00:52.511697,2026-07-08T08:00:52.519926+00:00,120.1,19,ask,,,11910975
2026-07-08T08:00:52.519960,2026-07-08T08:00:52.530561+00:00,120.1,1,ask,,,11910977
2026-07-08T08:00:52.859193,2026-07-08T08:00:52.871149+00:00,120.1,11,ask,,,11910979
2026-07-08T08:00:53.331944,2026-07-08T08:00:53.340093+00:00,120.1,30,ask,,,11910985
2026-07-08T08:00:53.331944,2026-07-08T08:00:53.342838+00:00,120.0,8,ask,,,11910986
2026-07-08T08:00:53.331944,2026-07-08T08:00:53.342838+00:00,119.8,12,ask,,,11910987
2026-07-08T08:00:54.842066,2026-07-08T08:00:54.885930+00:00,120.1,11,bid,,,11911005
2026-07-08T08:00:55.077528,2026-07-08T08:00:55.087218+00:00,120.1,10,bid,,,11911011
2026-07-08T08:00:55.443171,2026-07-08T08:00:55.458550+00:00,120.0,50,ask,,,11911014
2026-07-08T08:00:55.852510,2026-07-08T08:00:55.862043+00:00,120.1,45,bid,,,11911025
2026-07-08T08:00:56.346541,2026-07-08T08:00:56.351408+00:00,120.1,43,bid,,,11911032
2026-07-08T08:00:57.336333,2026-07-08T08:00:57.348263+00:00,120.0,8,bid,,,11911046
2026-07-08T08:00:57.336333,2026-07-08T08:00:57.348263+00:00,120.1,36,bid,,,11911047
2026-07-08T08:00:58.881200,2026-07-08T08:00:58.891438+00:00,120.0,48,ask,,,11911072
2026-07-08T08:00:59.599423,2026-07-08T08:00:59.627589+00:00,120.1,1,bid,,,11911079
2026-07-08T08:00:59.603702,2026-07-08T08:00:59.627589+00:00,120.0,11,ask,,,11911080
2026-07-08T08:00:59.650145,2026-07-08T08:00:59.659000+00:00,120.0,10,ask,,,11911084
2026-07-08T08:00:59.659473,2026-07-08T08:00:59.671355+00:00,120.0,50,ask,,,11911085
2026-07-08T08:01:00.302167,2026-07-08T08:01:00.311276+00:00,120.0,31,ask,,,11911098
2026-07-08T08:01:00.302167,2026-07-08T08:01:00.311276+00:00,120.0,8,ask,,,11911099
2026-07-08T08:01:00.915469,2026-07-08T08:01:00.926840+00:00,119.9,8,bid,,,11911112
2026-07-08T08:01:00.928261,2026-07-08T08:01:00.941108+00:00,120.0,6,bid,,,11911114
2026-07-08T08:01:01.036163,2026-07-08T08:01:01.046246+00:00,120.0,20,bid,,,11911117
2026-07-08T08:01:01.123521,2026-07-08T08:01:01.135575+00:00,119.9,8,bid,,,11911119
2026-07-08T08:01:01.305625,2026-07-08T08:01:01.318737+00:00,120.0,20,bid,,,11911121
2026-07-08T08:01:01.579044,2026-07-08T08:01:01.591646+00:00,120.0,15,bid,,,11911124
2026-07-08T08:01:01.579044,2026-07-08T08:01:01.591646+00:00,120.0,5,bid,,,11911125
2026-07-08T08:01:01.714814,2026-07-08T08:01:01.727594+00:00,120.0,8,bid,,,11911128
2026-07-08T08:01:01.714814,2026-07-08T08:01:01.727594+00:00,120.1,42,bid,,,11911129
2026-07-08T08:01:03.834089,2026-07-08T08:01:03.845763+00:00,120.1,18,bid,,,11911164
2026-07-08T08:01:03.848998,2026-07-08T08:01:03.855617+00:00,120.1,50,bid,,,11911165
2026-07-08T08:01:05.957540,2026-07-08T08:01:05.969717+00:00,120.5,50,bid,,,11911203
2026-07-08T08:01:06.600664,2026-07-08T08:01:06.613551+00:00,120.3,3,ask,,,11911214
2026-07-08T08:01:06.604204,2026-07-08T08:01:06.613551+00:00,120.3,8,ask,,,11911215
2026-07-08T08:01:07.500031,2026-07-08T08:01:07.509175+00:00,120.3,34,ask,,,11911238
2026-07-08T08:01:07.667512,2026-07-08T08:01:07.677882+00:00,120.3,20,ask,,,11911242
2026-07-08T08:01:07.682848,2026-07-08T08:01:07.694056+00:00,120.3,15,ask,,,11911244
2026-07-08T08:01:08.017537,2026-07-08T08:01:08.025237+00:00,120.3,20,ask,,,11911250
2026-07-08T08:01:08.113422,2026-07-08T08:01:08.121874+00:00,120.5,10,bid,,,11911256
2026-07-08T08:01:08.113422,2026-07-08T08:01:08.138763+00:00,120.5,40,bid,,,11911257
2026-07-08T08:01:08.318246,2026-07-08T08:01:08.330163+00:00,120.3,8,ask,,,11911262
2026-07-08T08:01:08.699682,2026-07-08T08:01:08.706951+00:00,120.5,15,bid,,,11911267
2026-07-08T08:01:08.813022,2026-07-08T08:01:08.824193+00:00,120.5,11,bid,,,11911274
2026-07-08T08:01:08.983451,2026-07-08T08:01:08.995281+00:00,120.5,10,bid,,,11911281
2026-07-08T08:01:10.221422,2026-07-08T08:01:10.229571+00:00,120.5,50,bid,,,11911298
2026-07-08T08:01:10.587514,2026-07-08T08:01:10.599433+00:00,120.6,8,bid,,,11911310
2026-07-08T08:01:10.587514,2026-07-08T08:01:10.599433+00:00,120.7,100,bid,,,11911311
2026-07-08T08:01:10.671369,2026-07-08T08:01:10.680595+00:00,120.8,8,ask,,,11911312
2026-07-08T08:01:10.709402,2026-07-08T08:01:10.721002+00:00,120.7,20,ask,,,11911315
2026-07-08T08:01:10.723913,2026-07-08T08:01:10.731900+00:00,120.7,6,ask,,,11911317
2026-07-08T08:01:10.996216,2026-07-08T08:01:11.005499+00:00,120.8,3,ask,,,11911318
2026-07-08T08:01:11.108071,2026-07-08T08:01:11.115969+00:00,120.8,5,ask,,,11911321
2026-07-08T08:01:11.108071,2026-07-08T08:01:11.121282+00:00,120.7,6,ask,,,11911322
2026-07-08T08:01:11.431155,2026-07-08T08:01:11.442361+00:00,120.7,10,ask,,,11911327
2026-07-08T08:01:11.431155,2026-07-08T08:01:11.442361+00:00,120.7,2,ask,,,11911328
2026-07-08T08:01:12.339556,2026-07-08T08:01:12.349668+00:00,120.9,8,bid,,,11911339
2026-07-08T08:01:12.339556,2026-07-08T08:01:12.349668+00:00,121.0,10,bid,,,11911340
2026-07-08T08:01:12.339556,2026-07-08T08:01:12.349668+00:00,121.2,32,bid,,,11911341
2026-07-08T08:01:13.157944,2026-07-08T08:01:13.169863+00:00,120.5,4,ask,,,11911351
2026-07-08T08:01:13.177587,2026-07-08T08:01:13.189337+00:00,120.8,10,bid,,,11911352
2026-07-08T08:01:15.763610,2026-07-08T08:01:15.774910+00:00,120.6,6,bid,,,11911406
2026-07-08T08:01:15.865716,2026-07-08T08:01:15.877476+00:00,120.3,44,ask,,,11911407
2026-07-08T08:01:16.629648,2026-07-08T08:01:16.637165+00:00,120.3,50,ask,,,11911419
2026-07-08T08:01:18.762496,2026-07-08T08:01:18.774351+00:00,120.3,50,ask,,,11911442
2026-07-08T08:01:19.312444,2026-07-08T08:01:19.322727+00:00,120.5,12,bid,,,11911451
2026-07-08T08:01:20.618177,2026-07-08T08:01:20.629842+00:00,120.5,11,bid,,,11911474
2026-07-08T08:01:20.870455,2026-07-08T08:01:20.881963+00:00,120.2,50,ask,,,11911476
2026-07-08T08:01:22.333643,2026-07-08T08:01:22.345795+00:00,120.5,46,bid,,,11911494
2026-07-08T08:01:22.980091,2026-07-08T08:01:22.987097+00:00,120.3,50,ask,,,11911505
2026-07-08T08:01:24.570302,2026-07-08T08:01:24.581132+00:00,120.3,42,ask,,,11911530
2026-07-08T08:01:25.088551,2026-07-08T08:01:25.099506+00:00,120.3,8,ask,,,11911538
2026-07-08T08:01:25.088551,2026-07-08T08:01:25.099506+00:00,120.2,8,ask,,,11911539
2026-07-08T08:01:25.088551,2026-07-08T08:01:25.104524+00:00,120.1,34,ask,,,11911540
2026-07-08T08:01:26.471145,2026-07-08T08:01:26.481487+00:00,120.3,12,bid,,,11911555
2026-07-08T08:01:26.774014,2026-07-08T08:01:26.785850+00:00,120.3,20,bid,,,11911563
2026-07-08T08:01:27.121591,2026-07-08T08:01:27.133384+00:00,120.3,20,bid,,,11911567
2026-07-08T08:01:27.226721,2026-07-08T08:01:27.235226+00:00,119.9,50,ask,,,11911571
2026-07-08T08:01:27.467935,2026-07-08T08:01:27.479536+00:00,120.3,8,bid,,,11911572
2026-07-08T08:01:29.333570,2026-07-08T08:01:29.345406+00:00,119.8,50,ask,,,11911595
2026-07-08T08:01:29.819908,2026-07-08T08:01:29.832776+00:00,120.2,11,bid,,,11911599
2026-07-08T08:01:30.049864,2026-07-08T08:01:30.052183+00:00,120.2,20,bid,,,11911607
2026-07-08T08:01:30.397105,2026-07-08T08:01:30.406209+00:00,120.2,11,bid,,,11911618
2026-07-08T08:01:30.779079,2026-07-08T08:01:30.790894+00:00,120.2,40,bid,,,11911622
2026-07-08T08:01:31.349690,2026-07-08T08:01:31.364047+00:00,119.8,48,ask,,,11911635
2026-07-08T08:01:31.441593,2026-07-08T08:01:31.453851+00:00,119.8,50,ask,,,11911637
2026-07-08T08:01:32.787933,2026-07-08T08:01:32.795294+00:00,119.8,100,ask,,,11911656
2026-07-08T08:01:32.787933,2026-07-08T08:01:32.800734+00:00,119.8,8,ask,,,11911657
2026-07-08T08:01:32.801980,2026-07-08T08:01:32.814053+00:00,119.7,3,bid,,,11911658
2026-07-08T08:01:32.819735,2026-07-08T08:01:32.829345+00:00,119.7,39,bid,,,11911660
2026-07-08T08:01:33.299501,2026-07-08T08:01:33.307617+00:00,120.2,8,bid,,,11911676
2026-07-08T08:01:33.299501,2026-07-08T08:01:33.312619+00:00,120.3,40,bid,,,11911677
2026-07-08T08:01:33.549370,2026-07-08T08:01:33.559359+00:00,119.7,8,ask,,,11911683
2026-07-08T08:01:33.549370,2026-07-08T08:01:33.559359+00:00,119.6,10,ask,,,11911684
2026-07-08T08:01:33.549370,2026-07-08T08:01:33.559359+00:00,119.2,32,ask,,,11911685
2026-07-08T08:01:35.661067,2026-07-08T08:01:35.670594+00:00,119.5,50,ask,,,11911722
2026-07-08T08:01:36.353079,2026-07-08T08:01:36.354523+00:00,119.6,46,ask,,,11911739
2026-07-08T08:01:37.966798,2026-07-08T08:01:37.979155+00:00,120.0,49,bid,,,11911760
2026-07-08T08:01:38.495578,2026-07-08T08:01:38.507337+00:00,119.9,41,bid,,,11911766
2026-07-08T08:01:39.870790,2026-07-08T08:01:39.882589+00:00,119.5,50,ask,,,11911783
2026-07-08T08:01:41.976631,2026-07-08T08:01:41.988395+00:00,119.6,50,ask,,,11911812
2026-07-08T08:01:42.268838,2026-07-08T08:01:42.280622+00:00,119.6,43,ask,,,11911821
2026-07-08T08:01:42.287636,2026-07-08T08:01:42.296241+00:00,119.8,35,bid,,,11911823
2026-07-08T08:01:42.388768,2026-07-08T08:01:42.402913+00:00,119.8,35,bid,,,11911830
2026-07-08T08:01:42.492877,2026-07-08T08:01:42.500346+00:00,119.8,35,bid,,,11911833
2026-07-08T08:01:42.588722,2026-07-08T08:01:42.600694+00:00,119.8,35,bid,,,11911835
2026-07-08T08:01:42.679693,2026-07-08T08:01:42.691497+00:00,119.8,1,bid,,,11911837
2026-07-08T08:01:44.011197,2026-07-08T08:01:44.021033+00:00,119.8,1,bid,,,11911857
2026-07-08T08:01:44.084719,2026-07-08T08:01:44.097544+00:00,119.6,7,ask,,,11911858
2026-07-08T08:01:44.084719,2026-07-08T08:01:44.097544+00:00,119.6,10,ask,,,11911859
2026-07-08T08:01:44.084719,2026-07-08T08:01:44.097544+00:00,119.6,8,ask,,,11911860
2026-07-08T08:01:44.084719,2026-07-08T08:01:44.102571+00:00,119.3,25,ask,,,11911861
2026-07-08T08:01:44.266139,2026-07-08T08:01:44.276836+00:00,119.7,3,bid,,,11911863
2026-07-08T08:01:44.432341,2026-07-08T08:01:44.445201+00:00,119.7,5,bid,,,11911871
2026-07-08T08:01:44.432341,2026-07-08T08:01:44.445201+00:00,119.8,8,bid,,,11911872
2026-07-08T08:01:44.432341,2026-07-08T08:01:44.445201+00:00,120.1,31,bid,,,11911873
2026-07-08T08:01:44.491952,2026-07-08T08:01:44.503681+00:00,119.6,10,ask,,,11911874
2026-07-08T08:01:45.117916,2026-07-08T08:01:45.129917+00:00,119.9,8,bid,,,11911882
2026-07-08T08:01:45.397724,2026-07-08T08:01:45.414559+00:00,119.9,8,bid,,,11911886
2026-07-08T08:01:45.419060,2026-07-08T08:01:45.428081+00:00,119.9,3,ask,,,11911888
2026-07-08T08:01:45.632035,2026-07-08T08:01:45.641183+00:00,119.9,10,ask,,,11911893
2026-07-08T08:01:45.902092,2026-07-08T08:01:45.908945+00:00,119.9,10,ask,,,11911903
2026-07-08T08:01:46.201157,2026-07-08T08:01:46.213187+00:00,119.9,50,ask,,,11911906
2026-07-08T08:01:48.257184,2026-07-08T08:01:48.269249+00:00,120.0,50,bid,,,11911952
2026-07-08T08:01:50.088097,2026-07-08T08:01:50.095300+00:00,119.5,47,ask,,,11911972
2026-07-08T08:01:50.367380,2026-07-08T08:01:50.379060+00:00,120.0,50,bid,,,11911979
2026-07-08T08:01:51.512747,2026-07-08T08:01:51.520718+00:00,120.0,44,bid,,,11911999
2026-07-08T08:01:51.569470,2026-07-08T08:01:51.581445+00:00,119.8,10,ask,,,11912000
2026-07-08T08:01:51.569470,2026-07-08T08:01:51.581445+00:00,119.7,30,ask,,,11912001
2026-07-08T08:01:52.240253,2026-07-08T08:01:52.258604+00:00,119.8,10,ask,,,11912014
2026-07-08T08:01:52.474596,2026-07-08T08:01:52.486459+00:00,120.2,50,bid,,,11912018
2026-07-08T08:01:53.732848,2026-07-08T08:01:53.744853+00:00,119.8,47,ask,,,11912043
2026-07-08T08:01:54.190069,2026-07-08T08:01:54.198887+00:00,119.8,46,ask,,,11912055
2026-07-08T08:01:54.584326,2026-07-08T08:01:54.596317+00:00,120.0,50,bid,,,11912066
2026-07-08T08:01:54.719114,2026-07-08T08:01:54.727025+00:00,120.0,47,bid,,,11912067
2026-07-08T08:01:54.942713,2026-07-08T08:01:54.958578+00:00,119.7,8,ask,,,11912069
2026-07-08T08:01:55.329715,2026-07-08T08:01:55.338694+00:00,119.6,43,bid,,,11912073
2026-07-08T08:01:55.943983,2026-07-08T08:01:55.954566+00:00,119.6,44,bid,,,11912082
2026-07-08T08:01:56.697534,2026-07-08T08:01:56.704986+00:00,119.6,50,bid,,,11912095
2026-07-08T08:01:57.274720,2026-07-08T08:01:57.286554+00:00,119.6,5,bid,,,11912110
2026-07-08T08:01:58.000663,2026-07-08T08:01:58.003458+00:00,119.7,45,ask,,,11912123
2026-07-08T08:02:00.106095,2026-07-08T08:02:00.115361+00:00,119.7,44,ask,,,11912158
2026-07-08T08:02:00.909065,2026-07-08T08:02:00.915676+00:00,119.9,50,bid,,,11912166
2026-07-08T08:02:02.229436,2026-07-08T08:02:02.240134+00:00,119.9,47,bid,,,11912185
2026-07-08T08:02:03.067836,2026-07-08T08:02:03.079784+00:00,119.6,50,ask,,,11912197
2026-07-08T08:02:03.624771,2026-07-08T08:02:03.634105+00:00,119.9,8,bid,,,11912200
2026-07-08T08:02:03.624771,2026-07-08T08:02:03.639534+00:00,120.1,92,bid,,,11912201
2026-07-08T08:02:03.907022,2026-07-08T08:02:03.917572+00:00,119.7,3,ask,,,11912206
2026-07-08T08:02:03.933645,2026-07-08T08:02:03.943431+00:00,119.7,5,ask,,,11912210
2026-07-08T08:02:05.181012,2026-07-08T08:02:05.190708+00:00,119.8,50,ask,,,11912229
2026-07-08T08:02:06.020071,2026-07-08T08:02:06.029501+00:00,119.8,49,ask,,,11912241
2026-07-08T08:02:06.331969,2026-07-08T08:02:06.340235+00:00,119.8,25,ask,,,11912252
2026-07-08T08:02:06.350938,2026-07-08T08:02:06.358552+00:00,119.8,26,ask,,,11912256
2026-07-08T08:02:07.237207,2026-07-08T08:02:07.245214+00:00,119.8,1,bid,,,11912259
2026-07-08T08:02:07.237207,2026-07-08T08:02:07.250386+00:00,119.8,8,bid,,,11912260
2026-07-08T08:02:07.237207,2026-07-08T08:02:07.250386+00:00,119.9,41,bid,,,11912261
2026-07-08T08:02:07.622677,2026-07-08T08:02:07.632174+00:00,119.6,3,bid,,,11912271
2026-07-08T08:02:09.358063,2026-07-08T08:02:09.369935+00:00,119.6,50,bid,,,11912298
2026-07-08T08:02:13.650544,2026-07-08T08:02:13.658576+00:00,119.5,50,ask,,,11912354
2026-07-08T08:02:13.975564,2026-07-08T08:02:13.987698+00:00,119.7,1,bid,,,11912355
2026-07-08T08:02:13.975564,2026-07-08T08:02:13.987698+00:00,119.7,41,bid,,,11912356
2026-07-08T08:02:15.127576,2026-07-08T08:02:15.139526+00:00,119.7,45,bid,,,11912380
2026-07-08T08:02:15.758289,2026-07-08T08:02:15.770134+00:00,119.5,50,ask,,,11912389
2026-07-08T08:02:17.047790,2026-07-08T08:02:17.058592+00:00,119.6,100,bid,,,11912404
2026-07-08T08:02:17.047790,2026-07-08T08:02:17.058592+00:00,119.6,8,bid,,,11912405
2026-07-08T08:02:17.867742,2026-07-08T08:02:17.879526+00:00,119.6,42,ask,,,11912420
2026-07-08T08:02:17.867742,2026-07-08T08:02:17.879526+00:00,119.5,8,ask,,,11912421
2026-07-08T08:02:19.468235,2026-07-08T08:02:19.477466+00:00,119.6,44,ask,,,11912445
2026-07-08T08:02:19.990643,2026-07-08T08:02:20.002757+00:00,119.6,50,ask,,,11912457
2026-07-08T08:02:20.503834,2026-07-08T08:02:20.511483+00:00,119.8,44,bid,,,11912462
2026-07-08T08:02:20.558725,2026-07-08T08:02:20.569203+00:00,119.6,6,ask,,,11912463
2026-07-08T08:02:20.558725,2026-07-08T08:02:20.569203+00:00,119.6,10,ask,,,11912464
2026-07-08T08:02:20.558725,2026-07-08T08:02:20.569203+00:00,119.5,8,ask,,,11912465
2026-07-08T08:02:24.151532,2026-07-08T08:02:24.163978+00:00,119.9,50,bid,,,11912522
2026-07-08T08:02:25.304243,2026-07-08T08:02:25.313949+00:00,119.9,46,bid,,,11912539
2026-07-08T08:02:26.263041,2026-07-08T08:02:26.275130+00:00,120.0,50,bid,,,11912551
2026-07-08T08:02:28.407375,2026-07-08T08:02:28.426014+00:00,120.1,50,bid,,,11912578
2026-07-08T08:02:28.407848,2026-07-08T08:02:28.426014+00:00,119.8,3,ask,,,11912580
2026-07-08T08:02:28.421632,2026-07-08T08:02:28.426014+00:00,119.8,35,ask,,,11912581
2026-07-08T08:02:28.421843,2026-07-08T08:02:28.441865+00:00,119.8,25,ask,,,11912582
2026-07-08T08:02:28.438611,2026-07-08T08:02:28.447122+00:00,119.8,1,ask,,,11912586
2026-07-08T08:02:28.447550,2026-07-08T08:02:28.457316+00:00,119.8,25,ask,,,11912587
2026-07-08T08:02:28.471865,2026-07-08T08:02:28.478455+00:00,119.8,11,ask,,,11912589
2026-07-08T08:02:28.493555,2026-07-08T08:02:28.505201+00:00,119.7,8,ask,,,11912591
2026-07-08T08:02:28.493555,2026-07-08T08:02:28.505201+00:00,119.6,6,ask,,,11912592
2026-07-08T08:02:28.848084,2026-07-08T08:02:28.858596+00:00,119.6,8,ask,,,11912602
2026-07-08T08:02:29.014869,2026-07-08T08:02:29.029130+00:00,119.6,100,ask,,,11912606
2026-07-08T08:02:30.568374,2026-07-08T08:02:30.579586+00:00,119.6,1,ask,,,11912622
2026-07-08T08:02:30.568374,2026-07-08T08:02:30.579586+00:00,119.5,8,ask,,,11912623
2026-07-08T08:02:30.568374,2026-07-08T08:02:30.579586+00:00,119.3,41,ask,,,11912624
2026-07-08T08:02:32.150882,2026-07-08T08:02:32.158620+00:00,119.6,43,ask,,,11912643
2026-07-08T08:02:32.702637,2026-07-08T08:02:32.714572+00:00,119.6,50,ask,,,11912649
2026-07-08T08:02:34.671679,2026-07-08T08:02:34.683687+00:00,119.7,46,bid,,,11912677
2026-07-08T08:02:34.810512,2026-07-08T08:02:34.823189+00:00,119.6,7,ask,,,11912680
2026-07-08T08:02:34.810512,2026-07-08T08:02:34.823189+00:00,119.4,1,ask,,,11912681
2026-07-08T08:02:34.810512,2026-07-08T08:02:34.823189+00:00,119.4,8,ask,,,11912682
2026-07-08T08:02:34.810512,2026-07-08T08:02:34.828456+00:00,119.2,34,ask,,,11912683
2026-07-08T08:02:35.554718,2026-07-08T08:02:35.563760+00:00,119.6,3,bid,,,11912690
2026-07-08T08:02:35.698135,2026-07-08T08:02:35.708017+00:00,119.3,1,ask,,,11912693
2026-07-08T08:02:35.698135,2026-07-08T08:02:35.713520+00:00,119.3,8,ask,,,11912694
2026-07-08T08:02:35.698135,2026-07-08T08:02:35.713520+00:00,119.2,33,ask,,,11912695
2026-07-08T08:02:36.120681,2026-07-08T08:02:36.131379+00:00,119.5,35,bid,,,11912702
2026-07-08T08:02:36.140126,2026-07-08T08:02:36.158612+00:00,119.5,25,bid,,,11912704
2026-07-08T08:02:36.164842,2026-07-08T08:02:36.174504+00:00,119.5,25,bid,,,11912706
2026-07-08T08:02:36.189088,2026-07-08T08:02:36.200574+00:00,119.5,25,bid,,,11912709
2026-07-08T08:02:36.211033,2026-07-08T08:02:36.222604+00:00,119.5,25,bid,,,11912711
2026-07-08T08:02:36.214534,2026-07-08T08:02:36.222604+00:00,119.5,15,bid,,,11912712
2026-07-08T08:02:36.968995,2026-07-08T08:02:36.979107+00:00,119.2,50,ask,,,11912732
2026-07-08T08:02:38.809726,2026-07-08T08:02:38.821821+00:00,119.6,41,bid,,,11912760
2026-07-08T08:02:39.082699,2026-07-08T08:02:39.094268+00:00,119.2,10,ask,,,11912762
2026-07-08T08:02:39.197518,2026-07-08T08:02:39.206925+00:00,119.6,59,bid,,,11912764
2026-07-08T08:02:39.197518,2026-07-08T08:02:39.206925+00:00,119.6,8,bid,,,11912765
2026-07-08T08:02:39.502882,2026-07-08T08:02:39.516015+00:00,119.6,14,ask,,,11912773
2026-07-08T08:02:39.508138,2026-07-08T08:02:39.516015+00:00,119.6,25,ask,,,11912774
2026-07-08T08:02:39.523371,2026-07-08T08:02:39.531219+00:00,119.6,44,ask,,,11912778
2026-07-08T08:02:39.826848,2026-07-08T08:02:39.838485+00:00,119.3,8,ask,,,11912784
2026-07-08T08:02:41.196525,2026-07-08T08:02:41.204295+00:00,119.1,50,ask,,,11912807
2026-07-08T08:02:41.914926,2026-07-08T08:02:41.924886+00:00,119.4,8,bid,,,11912833
2026-07-08T08:02:42.430778,2026-07-08T08:02:42.443785+00:00,119.1,6,bid,,,11912836
2026-07-08T08:02:42.434256,2026-07-08T08:02:42.443785+00:00,119.1,25,bid,,,11912837
2026-07-08T08:02:42.493497,2026-07-08T08:02:42.502342+00:00,119.1,35,bid,,,11912839
2026-07-08T08:02:42.582657,2026-07-08T08:02:42.594546+00:00,119.1,25,bid,,,11912841
2026-07-08T08:02:45.383716,2026-07-08T08:02:45.390583+00:00,119.1,50,bid,,,11912882
2026-07-08T08:02:45.529572,2026-07-08T08:02:45.540092+00:00,119.1,8,bid,,,11912884
2026-07-08T08:02:45.577613,2026-07-08T08:02:45.589428+00:00,119.1,2,ask,,,11912886
2026-07-08T08:02:46.489470,2026-07-08T08:02:46.501217+00:00,119.1,47,ask,,,11912903
2026-07-08T08:02:47.044709,2026-07-08T08:02:47.058650+00:00,119.3,46,bid,,,11912913
2026-07-08T08:02:49.617684,2026-07-08T08:02:49.626589+00:00,119.3,8,bid,,,11912950
2026-07-08T08:02:49.617684,2026-07-08T08:02:49.626589+00:00,119.4,42,bid,,,11912951
2026-07-08T08:02:51.290207,2026-07-08T08:02:51.300245+00:00,119.0,49,ask,,,11912979
2026-07-08T08:02:51.784757,2026-07-08T08:02:51.796493+00:00,119.4,40,bid,,,11912986
2026-07-08T08:02:55.962093,2026-07-08T08:02:55.973810+00:00,119.3,50,bid,,,11913049
2026-07-08T08:02:58.078159,2026-07-08T08:02:58.089922+00:00,119.4,10,bid,,,11913085
2026-07-08T08:02:58.078159,2026-07-08T08:02:58.089922+00:00,119.5,40,bid,,,11913086
2026-07-08T08:03:00.246324,2026-07-08T08:03:00.258204+00:00,119.1,50,ask,,,11913118
2026-07-08T08:03:00.414061,2026-07-08T08:03:00.425803+00:00,119.1,49,ask,,,11913119
2026-07-08T08:03:01.402307,2026-07-08T08:03:01.409547+00:00,119.3,100,bid,,,11913136
2026-07-08T08:03:01.606701,2026-07-08T08:03:01.618374+00:00,119.3,41,ask,,,11913143
2026-07-08T08:03:02.121107,2026-07-08T08:03:02.132921+00:00,119.3,3,ask,,,11913152
2026-07-08T08:03:02.154638,2026-07-08T08:03:02.164071+00:00,119.3,6,ask,,,11913155
2026-07-08T08:03:02.154638,2026-07-08T08:03:02.164071+00:00,119.3,8,ask,,,11913156
2026-07-08T08:03:02.173527,2026-07-08T08:03:02.184595+00:00,119.7,10,bid,,,11913158
2026-07-08T08:03:02.173527,2026-07-08T08:03:02.184595+00:00,119.7,8,bid,,,11913159
2026-07-08T08:03:02.173527,2026-07-08T08:03:02.184595+00:00,119.8,31,bid,,,11913160
2026-07-08T08:03:02.378968,2026-07-08T08:03:02.390972+00:00,118.8,50,ask,,,11913162
2026-07-08T08:03:04.045626,2026-07-08T08:03:04.058622+00:00,119.5,8,bid,,,11913186
2026-07-08T08:03:04.045626,2026-07-08T08:03:04.058622+00:00,119.6,38,bid,,,11913187
2026-07-08T08:03:04.246378,2026-07-08T08:03:04.255370+00:00,119.5,8,bid,,,11913190
2026-07-08T08:03:04.246378,2026-07-08T08:03:04.260619+00:00,119.6,2,bid,,,11913191
2026-07-08T08:03:04.437193,2026-07-08T08:03:04.449211+00:00,119.6,50,bid,,,11913196
2026-07-08T08:03:06.568935,2026-07-08T08:03:06.584777+00:00,119.4,50,bid,,,11913232
2026-07-08T08:03:07.062012,2026-07-08T08:03:07.069724+00:00,119.2,2,ask,,,11913244
2026-07-08T08:03:07.784978,2026-07-08T08:03:07.806760+00:00,119.2,40,ask,,,11913251
2026-07-08T08:03:08.692236,2026-07-08T08:03:08.704306+00:00,119.6,50,bid,,,11913273
2026-07-08T08:03:10.415705,2026-07-08T08:03:10.426350+00:00,119.2,8,ask,,,11913301
2026-07-08T08:03:10.415705,2026-07-08T08:03:10.426350+00:00,119.1,35,ask,,,11913302
2026-07-08T08:03:10.801361,2026-07-08T08:03:10.808353+00:00,119.5,50,bid,,,11913308
2026-07-08T08:03:10.936618,2026-07-08T08:03:10.948476+00:00,119.2,8,ask,,,11913309
2026-07-08T08:03:12.962216,2026-07-08T08:03:12.971449+00:00,119.1,8,ask,,,11913332
2026-07-08T08:03:12.962216,2026-07-08T08:03:12.971449+00:00,119.0,42,ask,,,11913333
2026-07-08T08:03:15.084683,2026-07-08T08:03:15.096464+00:00,119.3,50,ask,,,11913367
2026-07-08T08:03:15.741214,2026-07-08T08:03:15.747987+00:00,119.6,8,bid,,,11913376
2026-07-08T08:03:15.741214,2026-07-08T08:03:15.753288+00:00,119.7,36,bid,,,11913377
2026-07-08T08:03:16.330995,2026-07-08T08:03:16.340145+00:00,119.6,3,bid,,,11913390
2026-07-08T08:03:16.348231,2026-07-08T08:03:16.360692+00:00,119.6,5,bid,,,11913393
2026-07-08T08:03:16.368625,2026-07-08T08:03:16.380423+00:00,119.7,10,bid,,,11913395
2026-07-08T08:03:16.442477,2026-07-08T08:03:16.451743+00:00,119.6,8,bid,,,11913399
2026-07-08T08:03:20.510265,2026-07-08T08:03:20.522103+00:00,119.7,100,ask,,,11913452
2026-07-08T08:03:21.351237,2026-07-08T08:03:21.357809+00:00,119.7,50,bid,,,11913465
2026-07-08T08:03:23.521612,2026-07-08T08:03:23.530024+00:00,119.4,10,ask,,,11913486
2026-07-08T08:03:23.521612,2026-07-08T08:03:23.535243+00:00,119.4,8,ask,,,11913487
2026-07-08T08:03:23.521612,2026-07-08T08:03:23.535243+00:00,119.2,32,ask,,,11913488
2026-07-08T08:03:23.623645,2026-07-08T08:03:23.632290+00:00,119.7,100,bid,,,11913492
2026-07-08T08:03:24.163364,2026-07-08T08:03:24.174339+00:00,119.7,10,ask,,,11913496
2026-07-08T08:03:25.634176,2026-07-08T08:03:25.643489+00:00,119.7,40,ask,,,11913521
2026-07-08T08:03:25.634176,2026-07-08T08:03:25.643489+00:00,119.6,8,ask,,,11913522
2026-07-08T08:03:25.634176,2026-07-08T08:03:25.648774+00:00,119.2,2,ask,,,11913523
2026-07-08T08:03:26.464415,2026-07-08T08:03:26.476098+00:00,119.6,40,ask,,,11913531
2026-07-08T08:03:26.844242,2026-07-08T08:03:26.858670+00:00,119.6,60,ask,,,11913539
2026-07-08T08:03:27.761229,2026-07-08T08:03:27.774477+00:00,119.2,10,ask,,,11913551
2026-07-08T08:03:27.761229,2026-07-08T08:03:27.779455+00:00,119.2,8,ask,,,11913552
2026-07-08T08:03:27.761229,2026-07-08T08:03:27.779455+00:00,119.1,32,ask,,,11913553
2026-07-08T08:03:29.188785,2026-07-08T08:03:29.196775+00:00,119.5,49,bid,,,11913576
2026-07-08T08:03:29.717184,2026-07-08T08:03:29.729329+00:00,119.1,47,ask,,,11913579
2026-07-08T08:03:29.872751,2026-07-08T08:03:29.884557+00:00,119.1,50,ask,,,11913581
2026-07-08T08:03:30.078188,2026-07-08T08:03:30.089805+00:00,119.2,1,bid,,,11913585
2026-07-08T08:03:31.012077,2026-07-08T08:03:31.021641+00:00,119.2,1,bid,,,11913610
2026-07-08T08:03:31.158741,2026-07-08T08:03:31.170844+00:00,119.2,4,bid,,,11913611
2026-07-08T08:03:31.207761,2026-07-08T08:03:31.219875+00:00,119.2,3,bid,,,11913612
2026-07-08T08:03:31.370365,2026-07-08T08:03:31.377987+00:00,119.2,20,bid,,,11913615
2026-07-08T08:03:31.742695,2026-07-08T08:03:31.749633+00:00,119.2,20,bid,,,11913625
2026-07-08T08:03:31.981408,2026-07-08T08:03:31.989020+00:00,119.0,50,ask,,,11913627
2026-07-08T08:03:32.034105,2026-07-08T08:03:32.041341+00:00,119.2,5,bid,,,11913629
2026-07-08T08:03:32.106225,2026-07-08T08:03:32.118014+00:00,119.2,13,bid,,,11913631
2026-07-08T08:03:32.281022,2026-07-08T08:03:32.292976+00:00,119.2,83,bid,,,11913639
2026-07-08T08:03:32.620437,2026-07-08T08:03:32.629448+00:00,119.4,1,ask,,,11913648
2026-07-08T08:03:32.759532,2026-07-08T08:03:32.768920+00:00,119.4,1,ask,,,11913653
2026-07-08T08:03:33.825107,2026-07-08T08:03:33.838254+00:00,119.3,1,ask,,,11913670
2026-07-08T08:03:34.091847,2026-07-08T08:03:34.109679+00:00,119.3,16,ask,,,11913675
2026-07-08T08:03:34.091847,2026-07-08T08:03:34.109679+00:00,119.3,34,ask,,,11913676
2026-07-08T08:03:35.074837,2026-07-08T08:03:35.087307+00:00,119.6,1,bid,,,11913688
2026-07-08T08:03:35.074837,2026-07-08T08:03:35.087307+00:00,119.7,8,bid,,,11913689
2026-07-08T08:03:35.074837,2026-07-08T08:03:35.087307+00:00,119.8,36,bid,,,11913690
2026-07-08T08:03:35.595265,2026-07-08T08:03:35.607062+00:00,119.4,1,ask,,,11913693
2026-07-08T08:03:35.595265,2026-07-08T08:03:35.607062+00:00,119.3,46,ask,,,11913694
2026-07-08T08:03:36.184138,2026-07-08T08:03:36.195753+00:00,119.3,20,ask,,,11913702
2026-07-08T08:03:36.205655,2026-07-08T08:03:36.216597+00:00,119.3,50,ask,,,11913703
2026-07-08T08:03:36.365589,2026-07-08T08:03:36.377430+00:00,119.0,100,ask,,,11913705
2026-07-08T08:03:36.545184,2026-07-08T08:03:36.558552+00:00,119.0,41,bid,,,11913706
2026-07-08T08:03:36.796655,2026-07-08T08:03:36.807095+00:00,118.9,1,bid,,,11913708
2026-07-08T08:03:37.038897,2026-07-08T08:03:37.047893+00:00,118.9,1,bid,,,11913720
2026-07-08T08:03:38.733245,2026-07-08T08:03:38.742804+00:00,118.9,46,bid,,,11913742
2026-07-08T08:03:38.787776,2026-07-08T08:03:38.797670+00:00,118.7,1,ask,,,11913743
2026-07-08T08:03:39.047629,2026-07-08T08:03:39.058419+00:00,118.8,1,bid,,,11913745
2026-07-08T08:03:39.477107,2026-07-08T08:03:39.489042+00:00,118.9,54,bid,,,11913752
2026-07-08T08:03:40.367215,2026-07-08T08:03:40.376642+00:00,119.2,1,bid,,,11913762
2026-07-08T08:03:41.350822,2026-07-08T08:03:41.362376+00:00,119.1,1,ask,,,11913780
2026-07-08T08:03:41.734958,2026-07-08T08:03:41.753677+00:00,119.1,1,ask,,,11913784
2026-07-08T08:03:42.068800,2026-07-08T08:03:42.075391+00:00,118.9,42,ask,,,11913792
2026-07-08T08:03:42.473470,2026-07-08T08:03:42.480932+00:00,119.2,1,bid,,,11913798
2026-07-08T08:03:42.473470,2026-07-08T08:03:42.486118+00:00,119.2,49,bid,,,11913799
2026-07-08T08:03:42.542224,2026-07-08T08:03:42.553287+00:00,119.2,43,bid,,,11913802
2026-07-08T08:03:43.975922,2026-07-08T08:03:43.985547+00:00,119.0,2,bid,,,11913826
2026-07-08T08:03:43.992573,2026-07-08T08:03:44.001104+00:00,119.0,49,bid,,,11913828
2026-07-08T08:03:44.177176,2026-07-08T08:03:44.264517+00:00,119.0,14,bid,,,11913829
2026-07-08T08:03:44.535117,2026-07-08T08:03:44.542700+00:00,119.0,3,bid,,,11913837
2026-07-08T08:03:44.881168,2026-07-08T08:03:44.893163+00:00,119.0,1,bid,,,11913841
2026-07-08T08:03:44.942148,2026-07-08T08:03:44.953981+00:00,119.0,81,bid,,,11913845
2026-07-08T08:03:45.150741,2026-07-08T08:03:45.162806+00:00,119.2,1,ask,,,11913846
2026-07-08T08:03:45.372669,2026-07-08T08:03:45.385577+00:00,119.2,1,ask,,,11913851
2026-07-08T08:03:45.821352,2026-07-08T08:03:45.831735+00:00,119.3,1,ask,,,11913857
2026-07-08T08:03:45.886529,2026-07-08T08:03:45.897388+00:00,119.3,20,ask,,,11913860
2026-07-08T08:03:46.052665,2026-07-08T08:03:46.054346+00:00,119.3,45,ask,,,11913864
2026-07-08T08:03:46.152313,2026-07-08T08:03:46.164134+00:00,119.3,20,ask,,,11913866
2026-07-08T08:03:46.418214,2026-07-08T08:03:46.429910+00:00,119.3,11,ask,,,11913869
2026-07-08T08:03:46.693561,2026-07-08T08:03:46.705471+00:00,119.3,10,ask,,,11913878
2026-07-08T08:03:46.736568,2026-07-08T08:03:46.748101+00:00,119.3,43,ask,,,11913879
2026-07-08T08:03:46.736568,2026-07-08T08:03:46.748101+00:00,119.1,7,ask,,,11913880
2026-07-08T08:03:48.800865,2026-07-08T08:03:48.811833+00:00,119.3,1,bid,,,11913912
2026-07-08T08:03:48.800865,2026-07-08T08:03:48.811833+00:00,119.4,49,bid,,,11913913
2026-07-08T08:03:50.917187,2026-07-08T08:03:50.924484+00:00,119.2,50,bid,,,11913948
2026-07-08T08:03:53.076437,2026-07-08T08:03:53.088536+00:00,119.2,1,ask,,,11913974
2026-07-08T08:03:53.076437,2026-07-08T08:03:53.088536+00:00,119.0,49,ask,,,11913975
2026-07-08T08:03:53.230750,2026-07-08T08:03:53.241453+00:00,119.1,1,ask,,,11913979
2026-07-08T08:03:54.257191,2026-07-08T08:03:54.266354+00:00,119.0,5,ask,,,11914003
2026-07-08T08:03:55.135226,2026-07-08T08:03:55.146872+00:00,119.2,1,bid,,,11914014
2026-07-08T08:03:55.365155,2026-07-08T08:03:55.377205+00:00,119.1,1,ask,,,11914019
2026-07-08T08:03:57.243273,2026-07-08T08:03:57.251672+00:00,119.1,50,bid,,,11914048
2026-07-08T08:03:57.284302,2026-07-08T08:03:57.292078+00:00,119.1,1,bid,,,11914050
2026-07-08T08:03:59.396273,2026-07-08T08:03:59.403642+00:00,119.0,1,ask,,,11914081
2026-07-08T08:03:59.396273,2026-07-08T08:03:59.409121+00:00,119.0,39,ask,,,11914082
2026-07-08T08:04:00.037129,2026-07-08T08:04:00.058891+00:00,119.1,10,ask,,,11914092
2026-07-08T08:04:00.037129,2026-07-08T08:04:00.058891+00:00,119.0,36,ask,,,11914093
2026-07-08T08:04:00.596156,2026-07-08T08:04:00.607889+00:00,119.2,1,bid,,,11914107
2026-07-08T08:04:00.596156,2026-07-08T08:04:00.607889+00:00,119.3,8,bid,,,11914108
2026-07-08T08:04:00.596156,2026-07-08T08:04:00.607889+00:00,119.4,31,bid,,,11914109
2026-07-08T08:04:01.464056,2026-07-08T08:04:01.471420+00:00,119.3,1,bid,,,11914122
2026-07-08T08:04:01.464056,2026-07-08T08:04:01.476673+00:00,119.4,8,bid,,,11914123
2026-07-08T08:04:01.464056,2026-07-08T08:04:01.476673+00:00,119.5,41,bid,,,11914124
2026-07-08T08:04:01.664843,2026-07-08T08:04:01.676171+00:00,119.4,1,bid,,,11914129
2026-07-08T08:04:01.664843,2026-07-08T08:04:01.676171+00:00,119.5,47,bid,,,11914130
2026-07-08T08:04:03.586669,2026-07-08T08:04:03.594449+00:00,119.5,50,bid,,,11914159
2026-07-08T08:04:03.847153,2026-07-08T08:04:03.858581+00:00,119.2,1,ask,,,11914165
2026-07-08T08:04:03.847153,2026-07-08T08:04:03.858581+00:00,119.2,8,ask,,,11914166
2026-07-08T08:04:03.847153,2026-07-08T08:04:03.858581+00:00,119.0,31,ask,,,11914167
2026-07-08T08:04:04.318676,2026-07-08T08:04:04.330757+00:00,119.2,42,ask,,,11914173
2026-07-08T08:04:04.853408,2026-07-08T08:04:04.855701+00:00,119.5,8,bid,,,11914182
2026-07-08T08:04:04.853408,2026-07-08T08:04:04.855701+00:00,119.7,32,bid,,,11914183
2026-07-08T08:04:05.694784,2026-07-08T08:04:05.705252+00:00,119.5,1,bid,,,11914197
2026-07-08T08:04:05.694784,2026-07-08T08:04:05.705252+00:00,119.6,49,bid,,,11914198
2026-07-08T08:04:05.981023,2026-07-08T08:04:05.993260+00:00,119.3,1,ask,,,11914201
2026-07-08T08:04:05.981023,2026-07-08T08:04:05.993260+00:00,119.3,8,ask,,,11914202
2026-07-08T08:04:05.981023,2026-07-08T08:04:05.993260+00:00,119.2,40,ask,,,11914203
2026-07-08T08:04:07.803597,2026-07-08T08:04:07.815283+00:00,119.5,1,bid,,,11914221
2026-07-08T08:04:07.803597,2026-07-08T08:04:07.815283+00:00,119.6,49,bid,,,11914222
2026-07-08T08:04:08.075979,2026-07-08T08:04:08.088140+00:00,119.5,10,ask,,,11914225
2026-07-08T08:04:09.964957,2026-07-08T08:04:09.975569+00:00,119.5,50,ask,,,11914252
2026-07-08T08:04:10.525568,2026-07-08T08:04:10.534724+00:00,119.7,1,bid,,,11914262
2026-07-08T08:04:10.525568,2026-07-08T08:04:10.534724+00:00,119.9,41,bid,,,11914263
2026-07-08T08:04:12.070385,2026-07-08T08:04:12.079259+00:00,119.6,1,ask,,,11914288
2026-07-08T08:04:12.070385,2026-07-08T08:04:12.079259+00:00,119.5,8,ask,,,11914289
2026-07-08T08:04:12.070385,2026-07-08T08:04:12.084755+00:00,119.4,41,ask,,,11914290
2026-07-08T08:04:12.879799,2026-07-08T08:04:12.891726+00:00,119.7,1,bid,,,11914304
2026-07-08T08:04:12.879799,2026-07-08T08:04:12.891726+00:00,119.8,8,bid,,,11914305
2026-07-08T08:04:14.180194,2026-07-08T08:04:14.191852+00:00,119.6,1,ask,,,11914329
2026-07-08T08:04:14.180194,2026-07-08T08:04:14.191852+00:00,119.4,49,ask,,,11914330
2026-07-08T08:04:15.093272,2026-07-08T08:04:15.104387+00:00,119.6,1,ask,,,11914351
2026-07-08T08:04:15.093272,2026-07-08T08:04:15.104387+00:00,119.5,8,ask,,,11914352
2026-07-08T08:04:15.093272,2026-07-08T08:04:15.104387+00:00,119.3,31,ask,,,11914353
2026-07-08T08:04:16.235870,2026-07-08T08:04:16.247719+00:00,119.6,1,bid,,,11914365
2026-07-08T08:04:16.235870,2026-07-08T08:04:16.247719+00:00,119.7,8,bid,,,11914366
2026-07-08T08:04:16.235870,2026-07-08T08:04:16.247719+00:00,119.8,41,bid,,,11914367
2026-07-08T08:04:17.637656,2026-07-08T08:04:17.648492+00:00,119.7,1,bid,,,11914396
2026-07-08T08:04:17.637656,2026-07-08T08:04:17.648492+00:00,119.8,8,bid,,,11914397
2026-07-08T08:04:17.637656,2026-07-08T08:04:17.648492+00:00,119.8,34,bid,,,11914398
2026-07-08T08:04:18.397413,2026-07-08T08:04:18.409434+00:00,119.6,1,ask,,,11914412
2026-07-08T08:04:18.397413,2026-07-08T08:04:18.409434+00:00,119.5,8,ask,,,11914413
2026-07-08T08:04:18.397413,2026-07-08T08:04:18.409434+00:00,119.4,41,ask,,,11914414
2026-07-08T08:04:20.540493,2026-07-08T08:04:20.558586+00:00,119.3,50,ask,,,11914436
2026-07-08T08:04:21.616128,2026-07-08T08:04:21.627949+00:00,119.1,1,ask,,,11914451
2026-07-08T08:04:21.616128,2026-07-08T08:04:21.627949+00:00,119.0,41,ask,,,11914452
2026-07-08T08:04:22.164093,2026-07-08T08:04:22.174571+00:00,119.3,1,bid,,,11914465
2026-07-08T08:04:22.164093,2026-07-08T08:04:22.174571+00:00,119.5,39,bid,,,11914466
2026-07-08T08:04:22.595925,2026-07-08T08:04:22.607411+00:00,119.4,1,bid,,,11914470
2026-07-08T08:04:22.595925,2026-07-08T08:04:22.607411+00:00,119.5,49,bid,,,11914471
2026-07-08T08:04:23.603894,2026-07-08T08:04:23.610591+00:00,119.5,44,bid,,,11914480
2026-07-08T08:04:24.618420,2026-07-08T08:04:24.630502+00:00,119.3,45,ask,,,11914498
2026-07-08T08:04:24.738477,2026-07-08T08:04:24.752425+00:00,119.5,50,bid,,,11914501
2026-07-08T08:04:25.781959,2026-07-08T08:04:25.794116+00:00,119.3,40,ask,,,11914515
2026-07-08T08:04:26.861046,2026-07-08T08:04:26.873182+00:00,119.6,1,bid,,,11914523
2026-07-08T08:04:26.861046,2026-07-08T08:04:26.873182+00:00,119.7,49,bid,,,11914524
2026-07-08T08:04:27.053583,2026-07-08T08:04:27.056226+00:00,119.4,1,ask,,,11914532
2026-07-08T08:04:27.906288,2026-07-08T08:04:27.918095+00:00,119.3,45,bid,,,11914547
2026-07-08T08:04:28.411128,2026-07-08T08:04:28.417606+00:00,119.2,47,ask,,,11914552
2026-07-08T08:04:28.972268,2026-07-08T08:04:28.980303+00:00,119.3,50,bid,,,11914559
2026-07-08T08:04:30.500429,2026-07-08T08:04:30.507248+00:00,119.3,1,ask,,,11914579
2026-07-08T08:04:30.500429,2026-07-08T08:04:30.512198+00:00,119.2,40,ask,,,11914580
2026-07-08T08:04:31.079351,2026-07-08T08:04:31.091190+00:00,119.5,1,bid,,,11914588
2026-07-08T08:04:31.079351,2026-07-08T08:04:31.091190+00:00,119.6,8,bid,,,11914589
2026-07-08T08:04:31.079351,2026-07-08T08:04:31.091190+00:00,119.7,41,bid,,,11914590
2026-07-08T08:04:32.644076,2026-07-08T08:04:32.658552+00:00,119.6,1,bid,,,11914618
2026-07-08T08:04:32.644076,2026-07-08T08:04:32.658552+00:00,119.7,45,bid,,,11914619
2026-07-08T08:04:34.690158,2026-07-08T08:04:34.698076+00:00,119.7,1,bid,,,11914644
2026-07-08T08:04:34.690158,2026-07-08T08:04:34.703086+00:00,119.8,10,bid,,,11914645
2026-07-08T08:04:34.690158,2026-07-08T08:04:34.703086+00:00,119.8,10,bid,,,11914646
2026-07-08T08:04:34.690158,2026-07-08T08:04:34.703086+00:00,119.8,10,bid,,,11914647
2026-07-08T08:04:34.690158,2026-07-08T08:04:34.708373+00:00,119.8,10,bid,,,11914648
2026-07-08T08:04:34.690158,2026-07-08T08:04:34.708373+00:00,119.8,7,bid,,,11914649
2026-07-08T08:04:35.366145,2026-07-08T08:04:35.376792+00:00,119.5,1,ask,,,11914659
2026-07-08T08:04:35.366145,2026-07-08T08:04:35.376792+00:00,119.4,49,ask,,,11914660
2026-07-08T08:04:35.688330,2026-07-08T08:04:35.695605+00:00,119.4,48,ask,,,11914668
2026-07-08T08:04:37.347437,2026-07-08T08:04:37.358591+00:00,119.6,1,bid,,,11914692
2026-07-08T08:04:37.347437,2026-07-08T08:04:37.358591+00:00,119.7,44,bid,,,11914693
2026-07-08T08:04:37.506788,2026-07-08T08:04:37.519006+00:00,119.4,1,ask,,,11914698
2026-07-08T08:04:37.506788,2026-07-08T08:04:37.519006+00:00,119.3,49,ask,,,11914699
2026-07-08T08:04:37.994736,2026-07-08T08:04:38.006366+00:00,119.6,1,bid,,,11914708
2026-07-08T08:04:39.565269,2026-07-08T08:04:39.576165+00:00,119.7,1,bid,,,11914726
2026-07-08T08:04:39.565269,2026-07-08T08:04:39.576165+00:00,119.8,49,bid,,,11914727
2026-07-08T08:04:40.211691,2026-07-08T08:04:40.220715+00:00,119.6,1,ask,,,11914734
2026-07-08T08:04:40.211691,2026-07-08T08:04:40.225718+00:00,119.6,8,ask,,,11914735
2026-07-08T08:04:40.211691,2026-07-08T08:04:40.225718+00:00,119.5,33,ask,,,11914736
2026-07-08T08:04:41.388257,2026-07-08T08:04:41.396459+00:00,119.6,1,ask,,,11914749
2026-07-08T08:04:41.388257,2026-07-08T08:04:41.401949+00:00,119.5,42,ask,,,11914750
2026-07-08T08:04:41.728298,2026-07-08T08:04:41.740407+00:00,119.6,1,ask,,,11914754
2026-07-08T08:04:41.728298,2026-07-08T08:04:41.740407+00:00,119.5,25,ask,,,11914755
2026-07-08T08:04:41.728298,2026-07-08T08:04:41.740407+00:00,119.4,24,ask,,,11914756
2026-07-08T08:04:43.789589,2026-07-08T08:04:43.801349+00:00,119.7,1,bid,,,11914780
2026-07-08T08:04:43.789589,2026-07-08T08:04:43.801349+00:00,119.7,8,bid,,,11914781
2026-07-08T08:04:43.789589,2026-07-08T08:04:43.801349+00:00,119.8,41,bid,,,11914782
2026-07-08T08:04:45.927111,2026-07-08T08:04:45.938312+00:00,119.7,1,bid,,,11914808
2026-07-08T08:04:45.927111,2026-07-08T08:04:45.938312+00:00,119.8,8,bid,,,11914809
2026-07-08T08:04:45.927111,2026-07-08T08:04:45.938312+00:00,119.9,41,bid,,,11914810
2026-07-08T08:04:45.927634,2026-07-08T08:04:45.943667+00:00,119.9,45,bid,,,11914811
2026-07-08T08:04:48.038132,2026-07-08T08:04:48.049929+00:00,119.9,50,bid,,,11914845
2026-07-08T08:04:48.292320,2026-07-08T08:04:48.301642+00:00,120.0,1,ask,,,11914846
2026-07-08T08:04:50.230095,2026-07-08T08:04:50.237689+00:00,119.8,50,ask,,,11914872
2026-07-08T08:04:51.381872,2026-07-08T08:04:51.404280+00:00,120.0,10,bid,,,11914887
2026-07-08T08:04:51.381872,2026-07-08T08:04:51.404280+00:00,120.1,36,bid,,,11914888
2026-07-08T08:04:51.389942,2026-07-08T08:04:51.404280+00:00,119.8,2,ask,,,11914889
2026-07-08T08:04:51.438994,2026-07-08T08:04:51.451077+00:00,119.8,45,ask,,,11914892
2026-07-08T08:04:51.451405,2026-07-08T08:04:51.461339+00:00,119.8,35,ask,,,11914894
2026-07-08T08:04:51.494390,2026-07-08T08:04:51.506504+00:00,119.8,1,ask,,,11914895
2026-07-08T08:04:51.545171,2026-07-08T08:04:51.553407+00:00,119.8,17,ask,,,11914898
2026-07-08T08:04:51.545171,2026-07-08T08:04:51.558338+00:00,119.8,8,ask,,,11914899
2026-07-08T08:04:52.409481,2026-07-08T08:04:52.417127+00:00,119.7,8,ask,,,11914913
2026-07-08T08:04:52.409481,2026-07-08T08:04:52.422390+00:00,119.6,100,ask,,,11914914
2026-07-08T08:04:52.423840,2026-07-08T08:04:52.437483+00:00,119.5,3,bid,,,11914916
2026-07-08T08:04:52.436488,2026-07-08T08:04:52.453222+00:00,119.5,35,bid,,,11914919
2026-07-08T08:04:52.533986,2026-07-08T08:04:52.543022+00:00,119.4,1,bid,,,11914925
2026-07-08T08:04:52.625988,2026-07-08T08:04:52.633406+00:00,119.5,4,bid,,,11914929
2026-07-08T08:04:52.625988,2026-07-08T08:04:52.638918+00:00,119.5,8,bid,,,11914930
2026-07-08T08:04:53.061912,2026-07-08T08:04:53.068792+00:00,119.7,1,bid,,,11914942
2026-07-08T08:04:53.313804,2026-07-08T08:04:53.326332+00:00,119.6,1,ask,,,11914947
2026-07-08T08:04:53.313804,2026-07-08T08:04:53.326332+00:00,119.5,8,ask,,,11914948
2026-07-08T08:04:53.407416,2026-07-08T08:04:53.419276+00:00,119.6,1,bid,,,11914953
2026-07-08T08:04:53.957226,2026-07-08T08:04:53.969425+00:00,119.6,1,ask,,,11914962
2026-07-08T08:04:53.957226,2026-07-08T08:04:53.969425+00:00,119.5,8,ask,,,11914963
2026-07-08T08:04:55.044804,2026-07-08T08:04:55.052962+00:00,119.6,1,bid,,,11914978
2026-07-08T08:04:55.044804,2026-07-08T08:04:55.052962+00:00,119.6,41,bid,,,11914979
2026-07-08T08:04:55.112049,2026-07-08T08:04:55.122240+00:00,119.6,8,bid,,,11914981
2026-07-08T08:04:55.662884,2026-07-08T08:04:55.681481+00:00,119.5,45,ask,,,11914986
2026-07-08T08:04:56.382629,2026-07-08T08:04:56.391864+00:00,119.5,14,ask,,,11914999
2026-07-08T08:04:56.404942,2026-07-08T08:04:56.416535+00:00,119.5,1,ask,,,11915001
2026-07-08T08:04:56.415268,2026-07-08T08:04:56.422185+00:00,119.5,90,ask,,,11915004
2026-07-08T08:04:57.690098,2026-07-08T08:04:57.700052+00:00,119.5,10,bid,,,11915026
2026-07-08T08:04:57.827304,2026-07-08T08:04:57.847196+00:00,119.5,1,ask,,,11915028
2026-07-08T08:04:57.837353,2026-07-08T08:04:57.847196+00:00,119.5,1,bid,,,11915029
2026-07-08T08:04:58.559512,2026-07-08T08:04:58.569029+00:00,119.5,1,bid,,,11915043
2026-07-08T08:04:58.657624,2026-07-08T08:04:58.668993+00:00,119.3,1,ask,,,11915046
2026-07-08T08:04:58.657624,2026-07-08T08:04:58.668993+00:00,119.2,49,ask,,,11915047
2026-07-08T08:04:58.772229,2026-07-08T08:04:58.781601+00:00,119.4,2,bid,,,11915048
2026-07-08T08:04:58.824289,2026-07-08T08:04:58.836054+00:00,119.4,35,bid,,,11915050
2026-07-08T08:04:58.915729,2026-07-08T08:04:58.927368+00:00,119.4,35,bid,,,11915052
2026-07-08T08:04:59.006856,2026-07-08T08:04:59.013569+00:00,119.4,32,bid,,,11915056
2026-07-08T08:05:00.774704,2026-07-08T08:05:00.786102+00:00,119.2,50,ask,,,11915086
2026-07-08T08:05:02.906279,2026-07-08T08:05:02.917540+00:00,119.2,1,ask,,,11915117
2026-07-08T08:05:02.906279,2026-07-08T08:05:02.917540+00:00,119.2,49,ask,,,11915118
2026-07-08T08:05:04.338494,2026-07-08T08:05:04.350648+00:00,119.4,1,bid,,,11915135
2026-07-08T08:05:04.338494,2026-07-08T08:05:04.350648+00:00,119.4,39,bid,,,11915136
2026-07-08T08:05:05.016393,2026-07-08T08:05:05.028580+00:00,119.0,8,ask,,,11915141
2026-07-08T08:05:05.016393,2026-07-08T08:05:05.028580+00:00,118.9,42,ask,,,11915142
2026-07-08T08:05:07.153132,2026-07-08T08:05:07.169194+00:00,119.1,1,ask,,,11915181
2026-07-08T08:05:07.153132,2026-07-08T08:05:07.169194+00:00,119.1,10,ask,,,11915182
2026-07-08T08:05:07.153132,2026-07-08T08:05:07.169194+00:00,119.0,39,ask,,,11915183
2026-07-08T08:05:07.301304,2026-07-08T08:05:07.313071+00:00,119.2,1,bid,,,11915188
2026-07-08T08:05:07.301304,2026-07-08T08:05:07.313071+00:00,119.4,8,bid,,,11915189
2026-07-08T08:05:07.331313,2026-07-08T08:05:07.342895+00:00,119.1,1,ask,,,11915190
2026-07-08T08:05:07.925583,2026-07-08T08:05:07.932464+00:00,119.1,48,bid,,,11915204
2026-07-08T08:05:09.262372,2026-07-08T08:05:09.274260+00:00,118.7,10,ask,,,11915226
2026-07-08T08:05:09.262372,2026-07-08T08:05:09.274260+00:00,118.7,8,ask,,,11915227
2026-07-08T08:05:09.262372,2026-07-08T08:05:09.274260+00:00,118.6,32,ask,,,11915228
2026-07-08T08:05:11.321745,2026-07-08T08:05:11.330787+00:00,118.9,1,bid,,,11915251
2026-07-08T08:05:11.321745,2026-07-08T08:05:11.330787+00:00,119.0,8,bid,,,11915252
2026-07-08T08:05:11.321745,2026-07-08T08:05:11.336007+00:00,119.1,41,bid,,,11915253
2026-07-08T08:05:12.595949,2026-07-08T08:05:12.605897+00:00,118.7,1,ask,,,11915271
2026-07-08T08:05:12.595949,2026-07-08T08:05:12.605897+00:00,118.7,10,ask,,,11915272
2026-07-08T08:05:12.595949,2026-07-08T08:05:12.610865+00:00,118.7,8,ask,,,11915273
2026-07-08T08:05:12.595949,2026-07-08T08:05:12.610865+00:00,118.6,28,ask,,,11915274
2026-07-08T08:05:14.030501,2026-07-08T08:05:14.042252+00:00,118.7,1,ask,,,11915296
2026-07-08T08:05:14.030501,2026-07-08T08:05:14.042252+00:00,118.7,39,ask,,,11915297
2026-07-08T08:05:15.628351,2026-07-08T08:05:15.635892+00:00,118.8,10,ask,,,11915324
2026-07-08T08:05:15.628351,2026-07-08T08:05:15.641361+00:00,118.8,8,ask,,,11915325
2026-07-08T08:05:15.628351,2026-07-08T08:05:15.641361+00:00,118.7,32,ask,,,11915326
2026-07-08T08:05:17.686285,2026-07-08T08:05:17.695218+00:00,119.0,1,bid,,,11915367
2026-07-08T08:05:17.686285,2026-07-08T08:05:17.695218+00:00,119.0,49,bid,,,11915368
2026-07-08T08:05:19.095531,2026-07-08T08:05:19.114019+00:00,119.0,48,bid,,,11915397
2026-07-08T08:05:19.623099,2026-07-08T08:05:19.635237+00:00,119.0,3,bid,,,11915407
2026-07-08T08:05:19.623099,2026-07-08T08:05:19.635237+00:00,119.0,8,bid,,,11915408
2026-07-08T08:05:19.623099,2026-07-08T08:05:19.635237+00:00,119.2,36,bid,,,11915409
2026-07-08T08:05:20.097152,2026-07-08T08:05:20.109220+00:00,118.9,41,ask,,,11915423
2026-07-08T08:05:21.362328,2026-07-08T08:05:21.374170+00:00,119.0,1,ask,,,11915444
2026-07-08T08:05:21.902092,2026-07-08T08:05:21.913953+00:00,119.2,1,bid,,,11915452
2026-07-08T08:05:21.902092,2026-07-08T08:05:21.913953+00:00,119.2,8,bid,,,11915453
2026-07-08T08:05:21.902092,2026-07-08T08:05:21.919208+00:00,119.3,41,bid,,,11915454
2026-07-08T08:05:22.031466,2026-07-08T08:05:22.040489+00:00,119.0,1,ask,,,11915459
2026-07-08T08:05:22.649784,2026-07-08T08:05:22.656426+00:00,118.9,45,ask,,,11915476
2026-07-08T08:05:24.105973,2026-07-08T08:05:24.116227+00:00,118.9,1,ask,,,11915490
2026-07-08T08:05:24.105973,2026-07-08T08:05:24.116227+00:00,118.7,8,ask,,,11915491
2026-07-08T08:05:24.105973,2026-07-08T08:05:24.121572+00:00,118.7,41,ask,,,11915492
2026-07-08T08:05:24.752181,2026-07-08T08:05:24.763835+00:00,119.0,46,bid,,,11915498
2026-07-08T08:05:25.895392,2026-07-08T08:05:25.907240+00:00,118.7,40,ask,,,11915516
2026-07-08T08:05:26.219297,2026-07-08T08:05:26.227049+00:00,118.7,50,ask,,,11915518
2026-07-08T08:05:26.796260,2026-07-08T08:05:26.805419+00:00,118.8,1,ask,,,11915536
2026-07-08T08:05:26.796260,2026-07-08T08:05:26.805419+00:00,118.7,19,ask,,,11915537
2026-07-08T08:05:26.873770,2026-07-08T08:05:26.885424+00:00,118.6,47,ask,,,11915540
2026-07-08T08:05:27.066052,2026-07-08T08:05:27.075690+00:00,118.7,1,ask,,,11915543
2026-07-08T08:05:27.274620,2026-07-08T08:05:27.300130+00:00,118.6,53,ask,,,11915548
2026-07-08T08:05:27.274620,2026-07-08T08:05:27.300130+00:00,118.6,8,ask,,,11915549
2026-07-08T08:05:27.289722,2026-07-08T08:05:27.300130+00:00,118.4,3,bid,,,11915550
2026-07-08T08:05:27.312612,2026-07-08T08:05:27.325755+00:00,118.4,2,bid,,,11915552
2026-07-08T08:05:27.395593,2026-07-08T08:05:27.404946+00:00,118.3,1,bid,,,11915554
2026-07-08T08:05:27.670205,2026-07-08T08:05:27.679509+00:00,118.4,10,bid,,,11915561
2026-07-08T08:05:28.115871,2026-07-08T08:05:28.128055+00:00,118.4,41,bid,,,11915567
2026-07-08T08:05:28.276582,2026-07-08T08:05:28.286825+00:00,118.4,33,bid,,,11915577
2026-07-08T08:05:28.276582,2026-07-08T08:05:28.286825+00:00,118.5,8,bid,,,11915578
2026-07-08T08:05:28.276582,2026-07-08T08:05:28.286825+00:00,119.1,9,bid,,,11915579
2026-07-08T08:05:30.387040,2026-07-08T08:05:30.395204+00:00,118.6,100,bid,,,11915608
2026-07-08T08:05:30.543841,2026-07-08T08:05:30.554616+00:00,118.6,11,ask,,,11915615
2026-07-08T08:05:31.340032,2026-07-08T08:05:31.357888+00:00,118.6,3,ask,,,11915629
2026-07-08T08:05:31.426337,2026-07-08T08:05:31.436979+00:00,118.6,7,ask,,,11915637
2026-07-08T08:05:31.634924,2026-07-08T08:05:31.646852+00:00,118.7,1,bid,,,11915640
2026-07-08T08:05:31.634924,2026-07-08T08:05:31.646852+00:00,118.9,8,bid,,,11915641
2026-07-08T08:05:31.634924,2026-07-08T08:05:31.652163+00:00,119.1,37,bid,,,11915642
2026-07-08T08:05:32.561960,2026-07-08T08:05:32.573855+00:00,118.4,1,ask,,,11915674
2026-07-08T08:05:32.561960,2026-07-08T08:05:32.573855+00:00,118.2,8,ask,,,11915675
2026-07-08T08:05:33.265355,2026-07-08T08:05:33.277579+00:00,118.3,1,ask,,,11915687
2026-07-08T08:05:33.265355,2026-07-08T08:05:33.277579+00:00,118.2,45,ask,,,11915688
2026-07-08T08:05:35.905335,2026-07-08T08:05:35.916068+00:00,118.3,1,bid,,,11915727
2026-07-08T08:05:36.722398,2026-07-08T08:05:36.733828+00:00,118.4,1,bid,,,11915741
2026-07-08T08:05:36.722398,2026-07-08T08:05:36.733828+00:00,118.5,49,bid,,,11915742
2026-07-08T08:05:36.777663,2026-07-08T08:05:36.787832+00:00,118.4,40,bid,,,11915744
2026-07-08T08:05:38.404119,2026-07-08T08:05:38.416219+00:00,118.4,2,bid,,,11915765
2026-07-08T08:05:38.884859,2026-07-08T08:05:38.892237+00:00,118.2,1,ask,,,11915770
2026-07-08T08:05:38.884859,2026-07-08T08:05:38.897266+00:00,118.2,10,ask,,,11915771
2026-07-08T08:05:38.884859,2026-07-08T08:05:38.897266+00:00,118.1,8,ask,,,11915772
2026-07-08T08:05:38.884859,2026-07-08T08:05:38.897266+00:00,117.9,31,ask,,,11915773
2026-07-08T08:05:38.931730,2026-07-08T08:05:38.941235+00:00,118.3,1,bid,,,11915776
2026-07-08T08:05:39.598597,2026-07-08T08:05:39.610159+00:00,118.4,45,bid,,,11915786
2026-07-08T08:05:40.336744,2026-07-08T08:05:40.347696+00:00,118.4,1,ask,,,11915801
2026-07-08T08:05:41.355697,2026-07-08T08:05:41.354139+00:00,118.6,1,bid,,,11915824
2026-07-08T08:05:41.805210,2026-07-08T08:05:41.817615+00:00,118.5,1,ask,,,11915838
2026-07-08T08:05:41.805210,2026-07-08T08:05:41.817615+00:00,118.3,43,ask,,,11915839
2026-07-08T08:05:42.372092,2026-07-08T08:05:42.382900+00:00,118.6,1,bid,,,11915850
2026-07-08T08:05:43.102168,2026-07-08T08:05:43.115475+00:00,118.6,4,ask,,,11915863
2026-07-08T08:05:43.102168,2026-07-08T08:05:43.115475+00:00,118.5,46,ask,,,11915864
2026-07-08T08:05:43.822062,2026-07-08T08:05:43.834122+00:00,118.8,1,bid,,,11915877
2026-07-08T08:05:43.822062,2026-07-08T08:05:43.834122+00:00,118.9,48,bid,,,11915878
2026-07-08T08:05:44.381243,2026-07-08T08:05:44.393805+00:00,118.6,1,ask,,,11915885
2026-07-08T08:05:44.381243,2026-07-08T08:05:44.393805+00:00,118.5,44,ask,,,11915886
2026-07-08T08:05:44.400717,2026-07-08T08:05:44.410676+00:00,118.5,6,ask,,,11915888
2026-07-08T08:05:44.729987,2026-07-08T08:05:44.741201+00:00,118.6,1,ask,,,11915897
2026-07-08T08:05:44.881019,2026-07-08T08:05:44.891479+00:00,118.6,1,ask,,,11915901
2026-07-08T08:05:45.210247,2026-07-08T08:05:45.218668+00:00,118.5,50,ask,,,11915908
2026-07-08T08:05:45.322386,2026-07-08T08:05:45.332125+00:00,118.6,3,ask,,,11915913
2026-07-08T08:05:45.355967,2026-07-08T08:05:45.367467+00:00,118.6,9,ask,,,11915916
2026-07-08T08:05:46.259951,2026-07-08T08:05:46.287411+00:00,118.6,88,ask,,,11915935
2026-07-08T08:05:46.259951,2026-07-08T08:05:46.287411+00:00,118.3,8,ask,,,11915936
2026-07-08T08:05:46.274482,2026-07-08T08:05:46.287411+00:00,117.9,3,bid,,,11915937
2026-07-08T08:05:46.350599,2026-07-08T08:05:46.360472+00:00,117.9,51,bid,,,11915944
2026-07-08T08:05:46.723288,2026-07-08T08:05:46.735035+00:00,118.2,1,bid,,,11915952
2026-07-08T08:05:47.213128,2026-07-08T08:05:47.222170+00:00,118.1,8,ask,,,11915964
2026-07-08T08:05:47.318465,2026-07-08T08:05:47.330445+00:00,117.8,10,ask,,,11915972
2026-07-08T08:05:47.318465,2026-07-08T08:05:47.330445+00:00,117.4,40,ask,,,11915973
2026-07-08T08:05:47.476517,2026-07-08T08:05:47.488456+00:00,117.4,2,ask,,,11915976
2026-07-08T08:05:47.973597,2026-07-08T08:05:47.982487+00:00,118.5,8,bid,,,11915985
2026-07-08T08:05:48.194240,2026-07-08T08:05:48.202934+00:00,117.9,8,ask,,,11915987
2026-07-08T08:05:49.426808,2026-07-08T08:05:49.436573+00:00,117.9,50,ask,,,11916008
2026-07-08T08:05:49.442591,2026-07-08T08:05:49.458560+00:00,118.2,1,bid,,,11916010
2026-07-08T08:05:51.466734,2026-07-08T08:05:51.478031+00:00,118.2,5,bid,,,11916038
2026-07-08T08:05:51.533054,2026-07-08T08:05:51.544923+00:00,117.9,50,ask,,,11916040
2026-07-08T08:05:52.943182,2026-07-08T08:05:52.958592+00:00,118.0,20,bid,,,11916057
2026-07-08T08:05:53.230353,2026-07-08T08:05:53.240080+00:00,118.0,20,bid,,,11916065
2026-07-08T08:05:53.488048,2026-07-08T08:05:53.499152+00:00,118.0,23,bid,,,11916068
2026-07-08T08:05:53.612016,2026-07-08T08:05:53.623700+00:00,118.0,10,bid,,,11916069
2026-07-08T08:05:53.641926,2026-07-08T08:05:53.651053+00:00,117.8,50,ask,,,11916071
2026-07-08T08:05:53.959493,2026-07-08T08:05:53.971329+00:00,118.0,4,bid,,,11916076
2026-07-08T08:05:54.307389,2026-07-08T08:05:54.316281+00:00,118.0,1,bid,,,11916086
2026-07-08T08:05:54.511851,2026-07-08T08:05:54.523000+00:00,118.0,22,bid,,,11916094
2026-07-08T08:05:54.653549,2026-07-08T08:05:54.658628+00:00,118.0,5,bid,,,11916099
2026-07-08T08:05:55.749690,2026-07-08T08:05:55.756314+00:00,117.8,10,ask,,,11916113
2026-07-08T08:05:55.749690,2026-07-08T08:05:55.756314+00:00,117.8,40,ask,,,11916114
2026-07-08T08:05:56.542385,2026-07-08T08:05:56.552274+00:00,118.3,30,bid,,,11916124
2026-07-08T08:05:57.563292,2026-07-08T08:05:57.570726+00:00,117.8,16,ask,,,11916145
2026-07-08T08:05:59.661278,2026-07-08T08:05:59.673091+00:00,118.1,49,bid,,,11916178
2026-07-08T08:05:59.912181,2026-07-08T08:05:59.920333+00:00,118.1,50,bid,,,11916179
2026-07-08T08:06:02.021030,2026-07-08T08:06:02.031297+00:00,118.2,8,bid,,,11916212
2026-07-08T08:06:02.021030,2026-07-08T08:06:02.031297+00:00,118.4,42,bid,,,11916213
2026-07-08T08:06:03.052664,2026-07-08T08:06:03.059863+00:00,117.9,43,ask,,,11916228
2026-07-08T08:06:04.129764,2026-07-08T08:06:04.136802+00:00,118.3,8,bid,,,11916248
2026-07-08T08:06:04.129764,2026-07-08T08:06:04.141991+00:00,118.4,42,bid,,,11916249
2026-07-08T08:06:04.302651,2026-07-08T08:06:04.313267+00:00,118.0,1,ask,,,11916250
2026-07-08T08:06:05.270600,2026-07-08T08:06:05.288264+00:00,118.0,11,ask,,,11916275
2026-07-08T08:06:05.383518,2026-07-08T08:06:05.395191+00:00,118.0,5,ask,,,11916278
2026-07-08T08:06:06.240407,2026-07-08T08:06:06.249929+00:00,118.4,50,bid,,,11916294
2026-07-08T08:06:08.352556,2026-07-08T08:06:08.358578+00:00,118.3,8,bid,,,11916329
2026-07-08T08:06:08.352556,2026-07-08T08:06:08.369725+00:00,118.4,42,bid,,,11916330
2026-07-08T08:06:08.664746,2026-07-08T08:06:08.674318+00:00,118.0,23,ask,,,11916345
2026-07-08T08:06:08.691486,2026-07-08T08:06:08.700231+00:00,118.0,20,ask,,,11916348
2026-07-08T08:06:08.972348,2026-07-08T08:06:08.979684+00:00,118.0,20,ask,,,11916354
2026-07-08T08:06:09.237966,2026-07-08T08:06:09.245345+00:00,118.0,20,ask,,,11916357
2026-07-08T08:06:09.503316,2026-07-08T08:06:09.512030+00:00,118.0,6,ask,,,11916364
2026-07-08T08:06:09.753313,2026-07-08T08:06:09.765245+00:00,118.4,40,bid,,,11916373
2026-07-08T08:06:10.464632,2026-07-08T08:06:10.474568+00:00,118.4,18,bid,,,11916384
2026-07-08T08:06:10.464632,2026-07-08T08:06:10.474568+00:00,118.4,8,bid,,,11916385
2026-07-08T08:06:10.464632,2026-07-08T08:06:10.479634+00:00,118.5,24,bid,,,11916386
2026-07-08T08:06:10.770046,2026-07-08T08:06:10.781752+00:00,118.1,3,ask,,,11916393
2026-07-08T08:06:10.850335,2026-07-08T08:06:10.860582+00:00,118.1,3,ask,,,11916395
2026-07-08T08:06:10.871868,2026-07-08T08:06:10.881277+00:00,118.1,47,ask,,,11916398
2026-07-08T08:06:10.928045,2026-07-08T08:06:10.938531+00:00,118.1,5,ask,,,11916405
2026-07-08T08:06:10.984020,2026-07-08T08:06:10.995919+00:00,118.1,9,ask,,,11916408
2026-07-08T08:06:11.379876,2026-07-08T08:06:11.390603+00:00,118.1,33,ask,,,11916417
2026-07-08T08:06:11.596694,2026-07-08T08:06:11.606281+00:00,117.7,3,bid,,,11916421
2026-07-08T08:06:11.626196,2026-07-08T08:06:11.638214+00:00,117.7,35,bid,,,11916423
2026-07-08T08:06:11.665331,2026-07-08T08:06:11.675101+00:00,117.2,13,ask,,,11916427
2026-07-08T08:06:11.717137,2026-07-08T08:06:11.728765+00:00,117.7,3,bid,,,11916431
2026-07-08T08:06:11.875318,2026-07-08T08:06:11.886921+00:00,117.7,41,bid,,,11916436
2026-07-08T08:06:12.440556,2026-07-08T08:06:12.450593+00:00,117.7,43,bid,,,11916445
2026-07-08T08:06:12.578790,2026-07-08T08:06:12.590788+00:00,117.7,25,bid,,,11916449
2026-07-08T08:06:12.578790,2026-07-08T08:06:12.596379+00:00,117.7,8,bid,,,11916450
2026-07-08T08:06:12.578790,2026-07-08T08:06:12.596379+00:00,118.6,17,bid,,,11916451
2026-07-08T08:06:14.357899,2026-07-08T08:06:14.369695+00:00,117.5,48,ask,,,11916479
2026-07-08T08:06:14.689259,2026-07-08T08:06:14.696785+00:00,118.0,50,bid,,,11916483
2026-07-08T08:06:14.692904,2026-07-08T08:06:14.701803+00:00,118.0,50,bid,,,11916484
2026-07-08T08:06:14.692904,2026-07-08T08:06:14.701803+00:00,118.0,8,bid,,,11916485
2026-07-08T08:06:16.333578,2026-07-08T08:06:16.345225+00:00,118.0,45,ask,,,11916517
2026-07-08T08:06:16.826322,2026-07-08T08:06:16.841257+00:00,118.4,10,bid,,,11916527
2026-07-08T08:06:16.826322,2026-07-08T08:06:16.846536+00:00,118.5,40,bid,,,11916528
2026-07-08T08:06:17.371151,2026-07-08T08:06:17.380546+00:00,118.0,44,ask,,,11916534
2026-07-08T08:06:17.599340,2026-07-08T08:06:17.606748+00:00,118.1,10,bid,,,11916538
2026-07-08T08:06:18.936241,2026-07-08T08:06:18.947852+00:00,117.9,1,bid,,,11916560
2026-07-08T08:06:18.936241,2026-07-08T08:06:18.947852+00:00,118.0,49,bid,,,11916561
2026-07-08T08:06:18.941444,2026-07-08T08:06:18.947852+00:00,118.0,40,bid,,,11916562
2026-07-08T08:06:21.076063,2026-07-08T08:06:21.084849+00:00,118.1,8,bid,,,11916584
2026-07-08T08:06:21.076063,2026-07-08T08:06:21.090123+00:00,118.2,42,bid,,,11916585
2026-07-08T08:06:21.108735,2026-07-08T08:06:21.120946+00:00,118.2,49,bid,,,11916586
2026-07-08T08:06:23.188312,2026-07-08T08:06:23.199964+00:00,118.2,9,bid,,,11916609
2026-07-08T08:06:23.188312,2026-07-08T08:06:23.199964+00:00,118.3,8,bid,,,11916610
2026-07-08T08:06:23.188312,2026-07-08T08:06:23.199964+00:00,118.4,33,bid,,,11916611
2026-07-08T08:06:23.719210,2026-07-08T08:06:23.731117+00:00,118.1,44,ask,,,11916620
2026-07-08T08:06:25.304940,2026-07-08T08:06:25.315231+00:00,118.3,1,bid,,,11916643
2026-07-08T08:06:25.304940,2026-07-08T08:06:25.315231+00:00,118.5,8,bid,,,11916644
2026-07-08T08:06:25.304940,2026-07-08T08:06:25.320519+00:00,118.6,41,bid,,,11916645
2026-07-08T08:06:25.596975,2026-07-08T08:06:25.609520+00:00,118.4,1,bid,,,11916651
2026-07-08T08:06:25.596975,2026-07-08T08:06:25.609520+00:00,118.5,10,bid,,,11916652
2026-07-08T08:06:25.596975,2026-07-08T08:06:25.614778+00:00,118.6,33,bid,,,11916653
2026-07-08T08:06:25.761538,2026-07-08T08:06:25.769539+00:00,118.3,1,ask,,,11916665
2026-07-08T08:06:26.759420,2026-07-08T08:06:26.768967+00:00,118.1,41,ask,,,11916674
2026-07-08T08:06:26.773029,2026-07-08T08:06:26.780911+00:00,118.1,51,ask,,,11916675
2026-07-08T08:06:27.410960,2026-07-08T08:06:27.422514+00:00,118.2,1,ask,,,11916691
2026-07-08T08:06:27.416166,2026-07-08T08:06:27.427777+00:00,118.2,50,bid,,,11916692
2026-07-08T08:06:27.938426,2026-07-08T08:06:27.947221+00:00,118.2,42,bid,,,11916699
2026-07-08T08:06:29.542003,2026-07-08T08:06:29.551317+00:00,118.2,50,bid,,,11916708
2026-07-08T08:06:30.521324,2026-07-08T08:06:30.545699+00:00,118.3,1,bid,,,11916718
2026-07-08T08:06:30.533166,2026-07-08T08:06:30.545699+00:00,118.3,3,ask,,,11916720
2026-07-08T08:06:30.537985,2026-07-08T08:06:30.545699+00:00,118.3,25,ask,,,11916721
2026-07-08T08:06:30.550058,2026-07-08T08:06:30.560945+00:00,118.3,1,ask,,,11916724
2026-07-08T08:06:30.570237,2026-07-08T08:06:30.577263+00:00,118.3,35,ask,,,11916727
2026-07-08T08:06:30.660317,2026-07-08T08:06:30.669479+00:00,118.3,25,ask,,,11916733
2026-07-08T08:06:30.666570,2026-07-08T08:06:30.674765+00:00,118.3,35,ask,,,11916734
2026-07-08T08:06:30.748573,2026-07-08T08:06:30.755266+00:00,118.3,9,ask,,,11916738
2026-07-08T08:06:30.764958,2026-07-08T08:06:30.776239+00:00,118.3,16,ask,,,11916740
2026-07-08T08:06:30.768363,2026-07-08T08:06:30.776239+00:00,118.4,1,bid,,,11916741
2026-07-08T08:06:30.874557,2026-07-08T08:06:30.886284+00:00,118.3,1,ask,,,11916743
2026-07-08T08:06:31.700004,2026-07-08T08:06:31.707209+00:00,118.2,1,ask,,,11916756
2026-07-08T08:06:31.700004,2026-07-08T08:06:31.712416+00:00,118.1,49,ask,,,11916757
2026-07-08T08:06:33.526074,2026-07-08T08:06:33.536078+00:00,118.3,41,ask,,,11916786
2026-07-08T08:06:33.739931,2026-07-08T08:06:33.748822+00:00,118.3,59,ask,,,11916792
2026-07-08T08:06:34.206827,2026-07-08T08:06:34.216191+00:00,118.2,1,bid,,,11916806
2026-07-08T08:06:35.079772,2026-07-08T08:06:35.091652+00:00,118.1,1,ask,,,11916820
2026-07-08T08:06:35.079772,2026-07-08T08:06:35.091652+00:00,118.0,8,ask,,,11916821
2026-07-08T08:06:35.079772,2026-07-08T08:06:35.091652+00:00,117.8,39,ask,,,11916822
2026-07-08T08:06:35.129618,2026-07-08T08:06:35.142567+00:00,118.1,1,bid,,,11916823
2026-07-08T08:06:37.970031,2026-07-08T08:06:37.982494+00:00,118.2,1,bid,,,11916858
2026-07-08T08:06:37.970031,2026-07-08T08:06:37.982494+00:00,118.3,49,bid,,,11916859
2026-07-08T08:06:38.159528,2026-07-08T08:06:38.164276+00:00,118.2,1,bid,,,11916862
2026-07-08T08:06:39.045236,2026-07-08T08:06:39.053329+00:00,118.3,10,bid,,,11916875
2026-07-08T08:06:39.981912,2026-07-08T08:06:39.989011+00:00,118.3,46,bid,,,11916879
2026-07-08T08:06:40.140656,2026-07-08T08:06:40.147251+00:00,118.2,50,ask,,,11916883
2026-07-08T08:06:42.084892,2026-07-08T08:06:42.094135+00:00,118.3,8,ask,,,11916913
2026-07-08T08:06:42.084892,2026-07-08T08:06:42.094135+00:00,118.2,38,ask,,,11916914
2026-07-08T08:06:42.199944,2026-07-08T08:06:42.206493+00:00,118.6,50,bid,,,11916915
2026-07-08T08:06:42.312747,2026-07-08T08:06:42.322031+00:00,118.6,1,bid,,,11916916
2026-07-08T08:06:42.312747,2026-07-08T08:06:42.327049+00:00,118.6,8,bid,,,11916917
2026-07-08T08:06:42.635159,2026-07-08T08:06:42.645429+00:00,118.7,49,bid,,,11916923
2026-07-08T08:06:42.824822,2026-07-08T08:06:42.866848+00:00,118.6,3,ask,,,11916930
2026-07-08T08:06:42.886963,2026-07-08T08:06:42.898412+00:00,118.6,35,ask,,,11916936
2026-07-08T08:06:42.889791,2026-07-08T08:06:42.898412+00:00,118.6,9,ask,,,11916937
2026-07-08T08:06:42.919467,2026-07-08T08:06:42.926905+00:00,118.6,25,ask,,,11916938
2026-07-08T08:06:42.975696,2026-07-08T08:06:42.984056+00:00,118.6,18,ask,,,11916944
2026-07-08T08:06:42.975696,2026-07-08T08:06:42.984056+00:00,118.6,8,ask,,,11916945
2026-07-08T08:06:43.612263,2026-07-08T08:06:43.618989+00:00,118.5,1,bid,,,11916951
2026-07-08T08:06:43.612263,2026-07-08T08:06:43.624230+00:00,118.5,8,bid,,,11916952
2026-07-08T08:06:43.612263,2026-07-08T08:06:43.624230+00:00,118.6,33,bid,,,11916953
2026-07-08T08:06:44.097553,2026-07-08T08:06:44.111640+00:00,118.3,1,ask,,,11916966
2026-07-08T08:06:44.097553,2026-07-08T08:06:44.111640+00:00,118.3,8,ask,,,11916967
2026-07-08T08:06:44.097553,2026-07-08T08:06:44.111640+00:00,118.1,36,ask,,,11916968
2026-07-08T08:06:44.160518,2026-07-08T08:06:44.259371+00:00,118.5,1,bid,,,11916972
2026-07-08T08:06:44.262054,2026-07-08T08:06:44.271325+00:00,118.5,1,bid,,,11916977
2026-07-08T08:06:44.272599,2026-07-08T08:06:44.281683+00:00,118.5,1,bid,,,11916979
2026-07-08T08:06:44.363251,2026-07-08T08:06:44.375207+00:00,118.2,1,ask,,,11916981
2026-07-08T08:06:44.363251,2026-07-08T08:06:44.375207+00:00,118.2,8,ask,,,11916982
2026-07-08T08:06:44.363251,2026-07-08T08:06:44.375207+00:00,118.2,10,ask,,,11916983
2026-07-08T08:06:44.363251,2026-07-08T08:06:44.380805+00:00,118.1,31,ask,,,11916984
2026-07-08T08:06:44.504346,2026-07-08T08:06:44.515938+00:00,118.4,1,bid,,,11916985
2026-07-08T08:06:44.694258,2026-07-08T08:06:44.704678+00:00,118.6,40,bid,,,11916988
2026-07-08T08:06:46.383435,2026-07-08T08:06:46.395206+00:00,118.3,1,ask,,,11917015
2026-07-08T08:06:46.383435,2026-07-08T08:06:46.395206+00:00,118.3,39,ask,,,11917016
2026-07-08T08:06:46.504830,2026-07-08T08:06:46.516189+00:00,118.3,50,ask,,,11917019
2026-07-08T08:06:47.709189,2026-07-08T08:06:47.718802+00:00,118.5,1,bid,,,11917037
2026-07-08T08:06:47.816114,2026-07-08T08:06:47.824523+00:00,118.6,8,bid,,,11917042
2026-07-08T08:06:47.816114,2026-07-08T08:06:47.824523+00:00,118.7,16,bid,,,11917043
2026-07-08T08:06:48.612181,2026-07-08T08:06:48.623775+00:00,118.4,1,ask,,,11917059
2026-07-08T08:06:48.612181,2026-07-08T08:06:48.623775+00:00,118.3,49,ask,,,11917060
2026-07-08T08:06:49.077313,2026-07-08T08:06:49.090955+00:00,118.3,12,ask,,,11917068
2026-07-08T08:06:49.077313,2026-07-08T08:06:49.090955+00:00,118.3,30,ask,,,11917069
2026-07-08T08:06:49.595790,2026-07-08T08:06:49.604286+00:00,118.3,70,ask,,,11917082
2026-07-08T08:06:49.595790,2026-07-08T08:06:49.604286+00:00,118.3,8,ask,,,11917083
2026-07-08T08:06:49.610729,2026-07-08T08:06:49.621172+00:00,118.2,14,bid,,,11917084
2026-07-08T08:06:49.639614,2026-07-08T08:06:49.657017+00:00,118.1,1,bid,,,11917086
2026-07-08T08:06:49.639614,2026-07-08T08:06:49.657017+00:00,118.2,19,bid,,,11917087
2026-07-08T08:06:49.659223,2026-07-08T08:06:49.677782+00:00,118.2,25,bid,,,11917091
2026-07-08T08:06:49.733707,2026-07-08T08:06:49.744799+00:00,118.2,14,bid,,,11917096
2026-07-08T08:06:49.903698,2026-07-08T08:06:49.915573+00:00,118.5,8,bid,,,11917099
2026-07-08T08:06:50.694188,2026-07-08T08:06:50.705341+00:00,118.4,1,ask,,,11917119
2026-07-08T08:06:50.706528,2026-07-08T08:06:50.717116+00:00,118.3,8,ask,,,11917121
2026-07-08T08:06:50.876142,2026-07-08T08:06:50.882600+00:00,118.3,8,bid,,,11917123
2026-07-08T08:06:51.089358,2026-07-08T08:06:51.096926+00:00,118.5,1,bid,,,11917130
2026-07-08T08:06:51.089358,2026-07-08T08:06:51.102232+00:00,118.8,43,bid,,,11917131
2026-07-08T08:06:51.203369,2026-07-08T08:06:51.212388+00:00,118.2,2,ask,,,11917135
2026-07-08T08:06:51.500175,2026-07-08T08:06:51.514955+00:00,118.3,1,ask,,,11917138
2026-07-08T08:06:51.590841,2026-07-08T08:06:51.597871+00:00,118.3,8,bid,,,11917143
2026-07-08T08:06:52.167472,2026-07-08T08:06:52.174855+00:00,118.3,1,bid,,,11917156
2026-07-08T08:06:52.825041,2026-07-08T08:06:52.836928+00:00,118.1,1,ask,,,11917171
2026-07-08T08:06:52.825041,2026-07-08T08:06:52.836928+00:00,118.1,8,ask,,,11917172
2026-07-08T08:06:52.825041,2026-07-08T08:06:52.836928+00:00,118.1,41,ask,,,11917173
2026-07-08T08:06:55.948677,2026-07-08T08:06:55.955250+00:00,118.4,35,bid,,,11917212
2026-07-08T08:06:55.968343,2026-07-08T08:06:55.975770+00:00,118.4,25,bid,,,11917215
2026-07-08T08:06:56.040175,2026-07-08T08:06:56.051757+00:00,118.4,35,bid,,,11917216
2026-07-08T08:06:56.130150,2026-07-08T08:06:56.138749+00:00,118.4,5,bid,,,11917218
2026-07-08T08:06:56.384446,2026-07-08T08:06:56.396563+00:00,118.4,1,bid,,,11917222
2026-07-08T08:06:56.994345,2026-07-08T08:06:57.003824+00:00,118.5,50,bid,,,11917230
2026-07-08T08:06:57.438793,2026-07-08T08:06:57.449087+00:00,118.5,35,bid,,,11917238
2026-07-08T08:06:57.532242,2026-07-08T08:06:57.544119+00:00,118.5,4,bid,,,11917242
2026-07-08T08:06:58.592759,2026-07-08T08:06:58.631645+00:00,118.4,2,ask,,,11917254
2026-07-08T08:06:58.693388,2026-07-08T08:06:58.703446+00:00,118.4,20,ask,,,11917257
2026-07-08T08:06:59.100254,2026-07-08T08:06:59.112031+00:00,118.6,8,bid,,,11917258
2026-07-08T08:06:59.100254,2026-07-08T08:06:59.112031+00:00,118.9,42,bid,,,11917259
2026-07-08T08:07:00.232634,2026-07-08T08:07:00.239323+00:00,118.4,47,ask,,,11917282
2026-07-08T08:07:01.127093,2026-07-08T08:07:01.134288+00:00,118.8,1,bid,,,11917291
2026-07-08T08:07:01.127093,2026-07-08T08:07:01.139717+00:00,118.9,44,bid,,,11917292
2026-07-08T08:07:01.258600,2026-07-08T08:07:01.270824+00:00,118.6,1,ask,,,11917293
2026-07-08T08:07:01.258600,2026-07-08T08:07:01.270824+00:00,118.5,8,ask,,,11917294
2026-07-08T08:07:01.258600,2026-07-08T08:07:01.270824+00:00,118.4,31,ask,,,11917295
2026-07-08T08:07:01.258600,2026-07-08T08:07:01.281750+00:00,118.4,10,ask,,,11917296
2026-07-08T08:07:01.701293,2026-07-08T08:07:01.713351+00:00,118.6,1,ask,,,11917308
2026-07-08T08:07:03.372471,2026-07-08T08:07:03.384782+00:00,118.5,50,ask,,,11917326
2026-07-08T08:07:03.508083,2026-07-08T08:07:03.517107+00:00,118.5,9,ask,,,11917329
2026-07-08T08:07:04.846500,2026-07-08T08:07:04.858581+00:00,118.7,1,bid,,,11917356
2026-07-08T08:07:04.846500,2026-07-08T08:07:04.858581+00:00,118.8,48,bid,,,11917357
2026-07-08T08:07:06.433075,2026-07-08T08:07:06.442833+00:00,118.5,1,ask,,,11917383
2026-07-08T08:07:07.567461,2026-07-08T08:07:07.579404+00:00,118.4,1,ask,,,11917400
2026-07-08T08:07:07.567461,2026-07-08T08:07:07.579404+00:00,118.3,47,ask,,,11917401
2026-07-08T08:07:07.586684,2026-07-08T08:07:07.596322+00:00,118.3,50,ask,,,11917403
2026-07-08T08:07:07.715643,2026-07-08T08:07:07.726671+00:00,118.3,8,ask,,,11917408
2026-07-08T08:07:07.729795,2026-07-08T08:07:07.742170+00:00,118.3,1,bid,,,11917409
2026-07-08T08:07:08.537908,2026-07-08T08:07:08.549571+00:00,118.3,41,bid,,,11917417
2026-07-08T08:07:09.087862,2026-07-08T08:07:09.100840+00:00,118.2,40,ask,,,11917418
2026-07-08T08:07:09.642690,2026-07-08T08:07:09.654303+00:00,118.3,50,bid,,,11917430
2026-07-08T08:07:10.111552,2026-07-08T08:07:10.123356+00:00,118.5,1,bid,,,11917435
2026-07-08T08:07:10.111552,2026-07-08T08:07:10.123356+00:00,118.6,10,bid,,,11917436
2026-07-08T08:07:10.111552,2026-07-08T08:07:10.123356+00:00,118.6,8,bid,,,11917437
2026-07-08T08:07:11.768447,2026-07-08T08:07:11.776131+00:00,118.6,1,bid,,,11917462
2026-07-08T08:07:11.768447,2026-07-08T08:07:11.781149+00:00,118.6,49,bid,,,11917463
2026-07-08T08:07:12.252799,2026-07-08T08:07:12.264897+00:00,118.4,1,ask,,,11917475
2026-07-08T08:07:12.252799,2026-07-08T08:07:12.264897+00:00,118.3,8,ask,,,11917476
2026-07-08T08:07:12.252799,2026-07-08T08:07:12.264897+00:00,118.1,35,ask,,,11917477
2026-07-08T08:07:12.818324,2026-07-08T08:07:12.830177+00:00,118.4,1,bid,,,11917483
2026-07-08T08:07:12.818324,2026-07-08T08:07:12.830177+00:00,118.5,46,bid,,,11917484
2026-07-08T08:07:13.342854,2026-07-08T08:07:13.347794+00:00,118.5,45,bid,,,11917490
2026-07-08T08:07:13.882484,2026-07-08T08:07:13.894475+00:00,118.5,50,bid,,,11917492
2026-07-08T08:07:13.963530,2026-07-08T08:07:13.968289+00:00,118.2,1,ask,,,11917494
2026-07-08T08:07:13.963530,2026-07-08T08:07:13.968289+00:00,118.1,8,ask,,,11917495
2026-07-08T08:07:13.963530,2026-07-08T08:07:13.973901+00:00,118.0,32,ask,,,11917496
2026-07-08T08:07:15.080542,2026-07-08T08:07:15.091374+00:00,118.5,1,ask,,,11917508
2026-07-08T08:07:15.992995,2026-07-08T08:07:16.001587+00:00,118.7,1,bid,,,11917524
2026-07-08T08:07:15.992995,2026-07-08T08:07:16.006854+00:00,118.7,8,bid,,,11917525
2026-07-08T08:07:15.992995,2026-07-08T08:07:16.006854+00:00,118.8,41,bid,,,11917526
2026-07-08T08:07:16.286400,2026-07-08T08:07:16.295133+00:00,118.5,1,ask,,,11917532
2026-07-08T08:07:18.100171,2026-07-08T08:07:18.107108+00:00,118.7,1,bid,,,11917558
2026-07-08T08:07:18.100171,2026-07-08T08:07:18.112339+00:00,118.7,49,bid,,,11917559
2026-07-08T08:07:20.207776,2026-07-08T08:07:20.219642+00:00,118.7,50,bid,,,11917591
2026-07-08T08:07:20.326600,2026-07-08T08:07:20.335002+00:00,118.6,1,ask,,,11917594
2026-07-08T08:07:20.391246,2026-07-08T08:07:20.401033+00:00,118.6,35,ask,,,11917598
2026-07-08T08:07:20.480603,2026-07-08T08:07:20.488676+00:00,118.6,35,ask,,,11917602
2026-07-08T08:07:20.491444,2026-07-08T08:07:20.502939+00:00,118.6,1,ask,,,11917603
2026-07-08T08:07:20.571027,2026-07-08T08:07:20.581991+00:00,118.6,28,ask,,,11917606
2026-07-08T08:07:20.826316,2026-07-08T08:07:20.835855+00:00,118.6,1,ask,,,11917611
2026-07-08T08:07:21.654728,2026-07-08T08:07:21.668669+00:00,118.5,41,ask,,,11917634
2026-07-08T08:07:22.211243,2026-07-08T08:07:22.218108+00:00,118.5,35,ask,,,11917642
2026-07-08T08:07:22.316891,2026-07-08T08:07:22.325348+00:00,118.7,1,bid,,,11917645
2026-07-08T08:07:22.316891,2026-07-08T08:07:22.325348+00:00,119.0,49,bid,,,11917646
2026-07-08T08:07:22.895849,2026-07-08T08:07:22.905588+00:00,118.6,1,ask,,,11917654
2026-07-08T08:07:22.895849,2026-07-08T08:07:22.905588+00:00,118.6,8,ask,,,11917655
2026-07-08T08:07:22.895849,2026-07-08T08:07:22.910780+00:00,118.5,33,ask,,,11917656
2026-07-08T08:07:24.066701,2026-07-08T08:07:24.079723+00:00,118.8,1,bid,,,11917670
2026-07-08T08:07:24.066701,2026-07-08T08:07:24.079723+00:00,118.9,45,bid,,,11917671
2026-07-08T08:07:24.427723,2026-07-08T08:07:24.439345+00:00,118.9,50,bid,,,11917675
2026-07-08T08:07:25.654021,2026-07-08T08:07:25.666039+00:00,118.9,5,bid,,,11917690
2026-07-08T08:07:25.654021,2026-07-08T08:07:25.666039+00:00,118.9,10,bid,,,11917691
2026-07-08T08:07:25.654021,2026-07-08T08:07:25.666039+00:00,118.9,8,bid,,,11917692
2026-07-08T08:07:26.534842,2026-07-08T08:07:26.543828+00:00,119.0,50,bid,,,11917711
2026-07-08T08:07:26.633606,2026-07-08T08:07:26.645001+00:00,118.7,1,ask,,,11917715
2026-07-08T08:07:26.726677,2026-07-08T08:07:26.734795+00:00,118.7,8,ask,,,11917718
2026-07-08T08:07:26.726677,2026-07-08T08:07:26.734795+00:00,118.7,27,ask,,,11917719
2026-07-08T08:07:26.818716,2026-07-08T08:07:26.829756+00:00,118.7,8,ask,,,11917721
2026-07-08T08:07:28.642936,2026-07-08T08:07:28.649609+00:00,118.9,1,bid,,,11917746
2026-07-08T08:07:28.642936,2026-07-08T08:07:28.649609+00:00,119.0,8,bid,,,11917747
2026-07-08T08:07:28.642936,2026-07-08T08:07:28.649609+00:00,119.1,41,bid,,,11917748
2026-07-08T08:07:28.670079,2026-07-08T08:07:28.679647+00:00,118.8,1,ask,,,11917749
2026-07-08T08:07:28.940664,2026-07-08T08:07:28.949886+00:00,118.8,8,ask,,,11917762
2026-07-08T08:07:29.266620,2026-07-08T08:07:29.279816+00:00,118.8,3,ask,,,11917768
2026-07-08T08:07:29.270121,2026-07-08T08:07:29.279816+00:00,118.8,5,ask,,,11917769
2026-07-08T08:07:29.880810,2026-07-08T08:07:29.889091+00:00,118.8,2,ask,,,11917781
2026-07-08T08:07:30.731682,2026-07-08T08:07:30.738324+00:00,118.9,8,bid,,,11917801
2026-07-08T08:07:30.755417,2026-07-08T08:07:30.767103+00:00,119.0,1,bid,,,11917802
2026-07-08T08:07:30.755417,2026-07-08T08:07:30.767103+00:00,119.1,49,bid,,,11917803
2026-07-08T08:07:30.791371,2026-07-08T08:07:30.800231+00:00,118.9,2,ask,,,11917804
2026-07-08T08:07:31.100987,2026-07-08T08:07:31.108833+00:00,118.9,2,ask,,,11917821
2026-07-08T08:07:31.345455,2026-07-08T08:07:31.352564+00:00,118.9,1,ask,,,11917830
2026-07-08T08:07:31.413608,2026-07-08T08:07:31.425161+00:00,118.9,2,ask,,,11917833
2026-07-08T08:07:31.723135,2026-07-08T08:07:31.735291+00:00,118.9,2,ask,,,11917836
2026-07-08T08:07:32.017595,2026-07-08T08:07:32.029404+00:00,118.9,40,ask,,,11917840
2026-07-08T08:07:32.035049,2026-07-08T08:07:32.045066+00:00,118.9,2,ask,,,11917841
2026-07-08T08:07:32.344585,2026-07-08T08:07:32.356441+00:00,118.9,2,ask,,,11917848
2026-07-08T08:07:32.497626,2026-07-08T08:07:32.509077+00:00,118.9,49,ask,,,11917854
2026-07-08T08:07:32.612749,2026-07-08T08:07:32.621568+00:00,118.9,8,ask,,,11917856
2026-07-08T08:07:32.657834,2026-07-08T08:07:32.669543+00:00,118.9,2,ask,,,11917858
2026-07-08T08:07:32.865160,2026-07-08T08:07:32.877069+00:00,119.1,50,bid,,,11917866
2026-07-08T08:07:32.970853,2026-07-08T08:07:32.989720+00:00,119.1,2,ask,,,11917868
2026-07-08T08:07:32.979286,2026-07-08T08:07:32.989720+00:00,119.1,1,ask,,,11917870
2026-07-08T08:07:33.271395,2026-07-08T08:07:33.285374+00:00,119.2,8,ask,,,11917876
2026-07-08T08:07:33.271395,2026-07-08T08:07:33.285374+00:00,119.1,12,ask,,,11917877
2026-07-08T08:07:33.284422,2026-07-08T08:07:33.300598+00:00,119.1,2,ask,,,11917879
2026-07-08T08:07:33.372750,2026-07-08T08:07:33.381112+00:00,119.1,5,ask,,,11917885
2026-07-08T08:07:33.596183,2026-07-08T08:07:33.610584+00:00,119.2,8,ask,,,11917894
2026-07-08T08:07:33.600431,2026-07-08T08:07:33.610584+00:00,119.1,2,ask,,,11917895
2026-07-08T08:07:33.622164,2026-07-08T08:07:33.631185+00:00,119.1,20,ask,,,11917899
2026-07-08T08:07:33.724230,2026-07-08T08:07:33.728690+00:00,119.1,3,ask,,,11917902
2026-07-08T08:07:33.914527,2026-07-08T08:07:33.925372+00:00,119.1,4,ask,,,11917905
2026-07-08T08:07:33.955736,2026-07-08T08:07:33.958580+00:00,119.1,49,ask,,,11917908
2026-07-08T08:07:33.955736,2026-07-08T08:07:33.981364+00:00,119.1,8,ask,,,11917909
2026-07-08T08:07:33.971071,2026-07-08T08:07:33.981364+00:00,118.9,11,bid,,,11917910
2026-07-08T08:07:34.259682,2026-07-08T08:07:34.268930+00:00,118.7,8,bid,,,11917915
2026-07-08T08:07:34.390601,2026-07-08T08:07:34.397184+00:00,118.8,1,bid,,,11917920
2026-07-08T08:07:34.390601,2026-07-08T08:07:34.402407+00:00,118.9,42,bid,,,11917921
2026-07-08T08:07:34.917178,2026-07-08T08:07:34.926777+00:00,118.6,1,ask,,,11917929
2026-07-08T08:07:34.917178,2026-07-08T08:07:34.926777+00:00,118.5,8,ask,,,11917930
2026-07-08T08:07:35.036690,2026-07-08T08:07:35.047342+00:00,118.4,50,ask,,,11917932
2026-07-08T08:07:35.159618,2026-07-08T08:07:35.168994+00:00,118.7,1,bid,,,11917935
2026-07-08T08:07:35.327056,2026-07-08T08:07:35.338082+00:00,118.8,3,bid,,,11917943
2026-07-08T08:07:35.475654,2026-07-08T08:07:35.485104+00:00,118.7,1,bid,,,11917947
2026-07-08T08:07:36.367814,2026-07-08T08:07:36.379822+00:00,118.8,1,ask,,,11917956
2026-07-08T08:07:36.659631,2026-07-08T08:07:36.671041+00:00,118.8,1,ask,,,11917965
2026-07-08T08:07:36.681101,2026-07-08T08:07:36.691914+00:00,118.8,2,ask,,,11917967
2026-07-08T08:07:36.995378,2026-07-08T08:07:37.007125+00:00,118.8,2,ask,,,11917971
2026-07-08T08:07:37.146481,2026-07-08T08:07:37.164010+00:00,118.8,50,ask,,,11917974
2026-07-08T08:07:37.307177,2026-07-08T08:07:37.319114+00:00,118.8,2,ask,,,11917978
2026-07-08T08:07:37.320004,2026-07-08T08:07:37.329440+00:00,118.8,4,ask,,,11917980
2026-07-08T08:07:37.403901,2026-07-08T08:07:37.415507+00:00,119.0,47,bid,,,11917982
2026-07-08T08:07:37.459645,2026-07-08T08:07:37.471589+00:00,118.8,38,ask,,,11917985
2026-07-08T08:07:37.459645,2026-07-08T08:07:37.471589+00:00,118.7,5,ask,,,11917986
2026-07-08T08:07:39.273112,2026-07-08T08:07:39.289763+00:00,118.7,1,ask,,,11918009
2026-07-08T08:07:39.273112,2026-07-08T08:07:39.289763+00:00,118.5,49,ask,,,11918010
2026-07-08T08:07:41.380975,2026-07-08T08:07:41.388760+00:00,118.6,1,ask,,,11918035
2026-07-08T08:07:41.380975,2026-07-08T08:07:41.394203+00:00,118.6,49,ask,,,11918036
2026-07-08T08:07:42.256030,2026-07-08T08:07:42.268681+00:00,118.8,1,bid,,,11918056
2026-07-08T08:07:42.256030,2026-07-08T08:07:42.268681+00:00,118.9,8,bid,,,11918057
2026-07-08T08:07:42.256030,2026-07-08T08:07:42.268681+00:00,119.0,35,bid,,,11918058
2026-07-08T08:07:42.454134,2026-07-08T08:07:42.465400+00:00,119.1,6,bid,,,11918063
2026-07-08T08:07:43.497790,2026-07-08T08:07:43.509689+00:00,118.7,1,ask,,,11918075
2026-07-08T08:07:43.497790,2026-07-08T08:07:43.509689+00:00,118.5,8,ask,,,11918076
2026-07-08T08:07:43.497790,2026-07-08T08:07:43.509689+00:00,118.4,41,ask,,,11918077
2026-07-08T08:07:44.559737,2026-07-08T08:07:44.569193+00:00,118.7,1,bid,,,11918100
2026-07-08T08:07:44.597076,2026-07-08T08:07:44.607198+00:00,118.7,1,bid,,,11918102
2026-07-08T08:07:44.826607,2026-07-08T08:07:44.838220+00:00,118.6,1,ask,,,11918108
2026-07-08T08:07:44.826607,2026-07-08T08:07:44.838220+00:00,118.4,42,ask,,,11918109
2026-07-08T08:07:44.907450,2026-07-08T08:07:44.916738+00:00,118.7,1,bid,,,11918112
2026-07-08T08:07:45.217699,2026-07-08T08:07:45.228486+00:00,118.7,1,bid,,,11918114
2026-07-08T08:07:45.612373,2026-07-08T08:07:45.621270+00:00,118.6,1,ask,,,11918118
2026-07-08T08:07:45.612373,2026-07-08T08:07:45.621270+00:00,118.4,8,ask,,,11918119
2026-07-08T08:07:45.612373,2026-07-08T08:07:45.626291+00:00,118.3,41,ask,,,11918120
2026-07-08T08:07:45.829969,2026-07-08T08:07:45.847979+00:00,118.7,1,bid,,,11918124
2026-07-08T08:07:45.908442,2026-07-08T08:07:45.917880+00:00,118.7,6,bid,,,11918126
2026-07-08T08:07:45.998706,2026-07-08T08:07:46.010854+00:00,118.7,2,bid,,,11918128
2026-07-08T08:07:46.262226,2026-07-08T08:07:46.274149+00:00,118.7,1,bid,,,11918136
2026-07-08T08:07:46.527344,2026-07-08T08:07:46.539039+00:00,118.7,1,bid,,,11918140
2026-07-08T08:07:47.334573,2026-07-08T08:07:47.342425+00:00,118.6,1,ask,,,11918154
2026-07-08T08:07:47.399584,2026-07-08T08:07:47.406109+00:00,118.7,1,bid,,,11918155
2026-07-08T08:07:47.746983,2026-07-08T08:07:47.758660+00:00,118.6,1,ask,,,11918160
2026-07-08T08:07:47.746983,2026-07-08T08:07:47.758660+00:00,118.3,49,ask,,,11918161
2026-07-08T08:07:47.872282,2026-07-08T08:07:47.880351+00:00,118.7,1,bid,,,11918163
2026-07-08T08:07:48.022671,2026-07-08T08:07:48.032441+00:00,118.6,1,bid,,,11918166
2026-07-08T08:07:48.138896,2026-07-08T08:07:48.158857+00:00,118.7,8,bid,,,11918171
2026-07-08T08:07:48.407933,2026-07-08T08:07:48.415504+00:00,118.7,1,bid,,,11918177
2026-07-08T08:07:48.674212,2026-07-08T08:07:48.682392+00:00,118.7,1,bid,,,11918183
2026-07-08T08:07:48.836542,2026-07-08T08:07:48.859699+00:00,118.6,1,ask,,,11918186
2026-07-08T08:07:48.848155,2026-07-08T08:07:48.859699+00:00,118.6,2,bid,,,11918187
2026-07-08T08:07:48.939100,2026-07-08T08:07:48.950612+00:00,118.6,20,bid,,,11918190
2026-07-08T08:07:49.203237,2026-07-08T08:07:49.210884+00:00,118.6,20,bid,,,11918195
2026-07-08T08:07:49.499256,2026-07-08T08:07:49.511009+00:00,118.6,4,bid,,,11918200
2026-07-08T08:07:49.857832,2026-07-08T08:07:49.869475+00:00,118.4,10,ask,,,11918207
2026-07-08T08:07:49.857832,2026-07-08T08:07:49.869475+00:00,118.3,40,ask,,,11918208
2026-07-08T08:07:50.558995,2026-07-08T08:07:50.570499+00:00,118.5,8,bid,,,11918217
2026-07-08T08:07:50.890203,2026-07-08T08:07:50.901381+00:00,118.5,8,bid,,,11918222
2026-07-08T08:07:51.983948,2026-07-08T08:07:51.991008+00:00,118.3,50,ask,,,11918238
2026-07-08T08:07:52.983471,2026-07-08T08:07:52.995546+00:00,118.3,35,bid,,,11918252
2026-07-08T08:07:53.075644,2026-07-08T08:07:53.087457+00:00,118.3,35,bid,,,11918254
2026-07-08T08:07:53.167622,2026-07-08T08:07:53.176725+00:00,118.3,35,bid,,,11918257
2026-07-08T08:07:53.257593,2026-07-08T08:07:53.269476+00:00,118.3,35,bid,,,11918261
2026-07-08T08:07:53.355011,2026-07-08T08:07:53.348484+00:00,118.3,10,bid,,,11918267
2026-07-08T08:07:53.355011,2026-07-08T08:07:53.348484+00:00,118.3,8,bid,,,11918268
2026-07-08T08:07:54.001426,2026-07-08T08:07:54.014023+00:00,118.4,1,bid,,,11918282
2026-07-08T08:07:54.001426,2026-07-08T08:07:54.014023+00:00,118.4,8,bid,,,11918283
2026-07-08T08:07:54.001426,2026-07-08T08:07:54.019281+00:00,118.5,32,bid,,,11918284
2026-07-08T08:07:54.092297,2026-07-08T08:07:54.102526+00:00,118.2,1,ask,,,11918286
2026-07-08T08:07:54.092297,2026-07-08T08:07:54.102526+00:00,118.1,8,ask,,,11918287
2026-07-08T08:07:54.092297,2026-07-08T08:07:54.102526+00:00,118.0,41,ask,,,11918288
2026-07-08T08:07:56.092205,2026-07-08T08:07:56.104059+00:00,118.3,48,ask,,,11918316
2026-07-08T08:07:56.209821,2026-07-08T08:07:56.221819+00:00,118.3,50,ask,,,11918320
2026-07-08T08:07:56.481931,2026-07-08T08:07:56.493821+00:00,118.3,10,ask,,,11918328
2026-07-08T08:07:58.318163,2026-07-08T08:07:58.326381+00:00,118.3,42,ask,,,11918362
2026-07-08T08:07:58.318163,2026-07-08T08:07:58.331591+00:00,118.2,8,ask,,,11918363
2026-07-08T08:07:59.262828,2026-07-08T08:07:59.274495+00:00,118.1,1,ask,,,11918379
2026-07-08T08:07:59.265741,2026-07-08T08:07:59.274495+00:00,118.1,8,bid,,,11918380
2026-07-08T08:07:59.298624,2026-07-08T08:07:59.310626+00:00,118.1,4,bid,,,11918381
2026-07-08T08:07:59.303241,2026-07-08T08:07:59.310626+00:00,118.1,41,bid,,,11918382
2026-07-08T08:07:59.915006,2026-07-08T08:07:59.924075+00:00,118.1,48,bid,,,11918391
2026-07-08T08:08:00.455318,2026-07-08T08:08:00.469069+00:00,118.0,50,ask,,,11918395
2026-07-08T08:08:00.619587,2026-07-08T08:08:00.629338+00:00,118.1,1,bid,,,11918399
2026-07-08T08:08:02.020381,2026-07-08T08:08:02.032532+00:00,118.0,10,ask,,,11918417
2026-07-08T08:08:02.020381,2026-07-08T08:08:02.032532+00:00,117.9,37,ask,,,11918418
2026-07-08T08:08:02.371855,2026-07-08T08:08:02.380798+00:00,118.1,8,bid,,,11918426
2026-07-08T08:08:02.509016,2026-07-08T08:08:02.520713+00:00,118.4,1,bid,,,11918433
2026-07-08T08:08:02.509016,2026-07-08T08:08:02.520713+00:00,118.4,48,bid,,,11918434
2026-07-08T08:08:02.566219,2026-07-08T08:08:02.576351+00:00,118.1,50,ask,,,11918435
2026-07-08T08:08:04.707267,2026-07-08T08:08:04.714863+00:00,118.1,50,ask,,,11918469
2026-07-08T08:08:06.673865,2026-07-08T08:08:06.684269+00:00,117.9,1,ask,,,11918506
2026-07-08T08:08:06.767722,2026-07-08T08:08:06.775079+00:00,118.2,50,bid,,,11918509
2026-07-08T08:08:08.697404,2026-07-08T08:08:08.706012+00:00,118.2,1,bid,,,11918555
2026-07-08T08:08:08.944603,2026-07-08T08:08:08.954786+00:00,118.0,8,ask,,,11918557
2026-07-08T08:08:08.944603,2026-07-08T08:08:08.954786+00:00,117.9,10,ask,,,11918558
2026-07-08T08:08:08.944603,2026-07-08T08:08:08.954786+00:00,117.9,32,ask,,,11918559
2026-07-08T08:08:10.198921,2026-07-08T08:08:10.211052+00:00,118.2,1,bid,,,11918584
2026-07-08T08:08:10.414288,2026-07-08T08:08:10.426405+00:00,118.2,1,bid,,,11918590
2026-07-08T08:08:10.469661,2026-07-08T08:08:10.481983+00:00,118.1,1,ask,,,11918591
2026-07-08T08:08:10.469661,2026-07-08T08:08:10.481983+00:00,117.9,41,ask,,,11918592
2026-07-08T08:08:11.052644,2026-07-08T08:08:11.064626+00:00,118.0,1,ask,,,11918596
2026-07-08T08:08:11.052644,2026-07-08T08:08:11.064626+00:00,117.9,49,ask,,,11918597
2026-07-08T08:08:12.192535,2026-07-08T08:08:12.206565+00:00,118.0,1,bid,,,11918619
2026-07-08T08:08:12.192535,2026-07-08T08:08:12.206565+00:00,118.0,13,bid,,,11918620
2026-07-08T08:08:12.442859,2026-07-08T08:08:12.452888+00:00,118.0,4,bid,,,11918628
2026-07-08T08:08:12.511475,2026-07-08T08:08:12.518772+00:00,118.0,20,bid,,,11918631
2026-07-08T08:08:12.729772,2026-07-08T08:08:12.741099+00:00,118.0,14,bid,,,11918640
2026-07-08T08:08:12.754921,2026-07-08T08:08:12.768923+00:00,118.0,4,bid,,,11918642
2026-07-08T08:08:12.889453,2026-07-08T08:08:12.899042+00:00,118.0,20,bid,,,11918645
2026-07-08T08:08:13.069303,2026-07-08T08:08:13.078879+00:00,118.0,4,bid,,,11918650
2026-07-08T08:08:13.174625,2026-07-08T08:08:13.186939+00:00,117.7,1,ask,,,11918652
2026-07-08T08:08:13.174625,2026-07-08T08:08:13.186939+00:00,117.7,10,ask,,,11918653
2026-07-08T08:08:13.174625,2026-07-08T08:08:13.186939+00:00,117.7,8,ask,,,11918654
2026-07-08T08:08:13.174625,2026-07-08T08:08:13.192297+00:00,117.6,31,ask,,,11918655
2026-07-08T08:08:13.240887,2026-07-08T08:08:13.252152+00:00,118.0,11,bid,,,11918660
2026-07-08T08:08:13.380345,2026-07-08T08:08:13.391576+00:00,118.0,4,bid,,,11918669
2026-07-08T08:08:13.513684,2026-07-08T08:08:13.524175+00:00,118.0,23,bid,,,11918676
2026-07-08T08:08:13.618547,2026-07-08T08:08:13.630452+00:00,118.0,2,bid,,,11918678
2026-07-08T08:08:13.725533,2026-07-08T08:08:13.735057+00:00,118.0,6,bid,,,11918682
2026-07-08T08:08:13.746859,2026-07-08T08:08:13.752719+00:00,118.0,25,bid,,,11918684
2026-07-08T08:08:13.746859,2026-07-08T08:08:13.752719+00:00,118.0,8,bid,,,11918685
2026-07-08T08:08:14.038582,2026-07-08T08:08:14.048909+00:00,118.1,5,bid,,,11918692
2026-07-08T08:08:14.364869,2026-07-08T08:08:14.376094+00:00,118.1,1,ask,,,11918694
2026-07-08T08:08:14.761899,2026-07-08T08:08:14.769207+00:00,118.2,1,bid,,,11918708
2026-07-08T08:08:14.761899,2026-07-08T08:08:14.774252+00:00,118.2,2,bid,,,11918709
2026-07-08T08:08:14.822803,2026-07-08T08:08:14.832814+00:00,117.9,8,ask,,,11918712
2026-07-08T08:08:14.966061,2026-07-08T08:08:14.975590+00:00,117.9,1,ask,,,11918718
2026-07-08T08:08:15.032212,2026-07-08T08:08:15.044018+00:00,118.1,1,bid,,,11918720
2026-07-08T08:08:15.032212,2026-07-08T08:08:15.044018+00:00,118.2,8,bid,,,11918721
2026-07-08T08:08:15.045456,2026-07-08T08:08:15.055269+00:00,118.2,35,ask,,,11918722
2026-07-08T08:08:15.232142,2026-07-08T08:08:15.243840+00:00,118.2,20,ask,,,11918730
2026-07-08T08:08:15.287518,2026-07-08T08:08:15.299329+00:00,118.2,50,ask,,,11918731
2026-07-08T08:08:15.501702,2026-07-08T08:08:15.510893+00:00,118.2,20,ask,,,11918734
2026-07-08T08:08:15.768783,2026-07-08T08:08:15.780736+00:00,118.2,16,ask,,,11918742
2026-07-08T08:08:16.393952,2026-07-08T08:08:16.406204+00:00,118.2,1,bid,,,11918751
2026-07-08T08:08:16.393952,2026-07-08T08:08:16.406204+00:00,118.3,48,bid,,,11918752
2026-07-08T08:08:17.025852,2026-07-08T08:08:17.032386+00:00,118.3,49,bid,,,11918767
2026-07-08T08:08:17.416572,2026-07-08T08:08:17.425189+00:00,118.1,1,ask,,,11918771
2026-07-08T08:08:17.416572,2026-07-08T08:08:17.430403+00:00,118.0,8,ask,,,11918772
2026-07-08T08:08:17.416572,2026-07-08T08:08:17.430403+00:00,118.0,41,ask,,,11918773
2026-07-08T08:08:18.168027,2026-07-08T08:08:18.174971+00:00,118.3,1,bid,,,11918788
2026-07-08T08:08:18.188725,2026-07-08T08:08:18.196284+00:00,118.3,2,bid,,,11918789
2026-07-08T08:08:18.260899,2026-07-08T08:08:18.273240+00:00,118.2,10,ask,,,11918792
2026-07-08T08:08:18.307681,2026-07-08T08:08:18.316025+00:00,118.2,10,bid,,,11918793
2026-07-08T08:08:18.317331,2026-07-08T08:08:18.326267+00:00,118.2,2,bid,,,11918794
2026-07-08T08:08:18.435012,2026-07-08T08:08:18.445581+00:00,118.2,10,bid,,,11918796
2026-07-08T08:08:18.447609,2026-07-08T08:08:18.456140+00:00,118.2,2,bid,,,11918797
2026-07-08T08:08:18.570177,2026-07-08T08:08:18.579379+00:00,118.2,10,bid,,,11918798
2026-07-08T08:08:19.529842,2026-07-08T08:08:19.541516+00:00,118.1,1,ask,,,11918813
2026-07-08T08:08:19.529842,2026-07-08T08:08:19.541516+00:00,118.0,49,ask,,,11918814
2026-07-08T08:08:19.871489,2026-07-08T08:08:19.881409+00:00,118.2,3,bid,,,11918820
2026-07-08T08:08:19.895465,2026-07-08T08:08:19.907031+00:00,118.2,20,bid,,,11918822
2026-07-08T08:08:20.272969,2026-07-08T08:08:20.285049+00:00,118.2,20,bid,,,11918832
2026-07-08T08:08:20.619852,2026-07-08T08:08:20.631911+00:00,118.2,7,bid,,,11918839
2026-07-08T08:08:20.905806,2026-07-08T08:08:20.915952+00:00,118.2,3,bid,,,11918846
2026-07-08T08:08:21.016834,2026-07-08T08:08:21.027045+00:00,118.1,1,bid,,,11918849
2026-07-08T08:08:21.657128,2026-07-08T08:08:21.669577+00:00,118.1,50,ask,,,11918861
2026-07-08T08:08:23.767606,2026-07-08T08:08:23.779437+00:00,118.1,50,ask,,,11918890
2026-07-08T08:08:24.153093,2026-07-08T08:08:24.158584+00:00,118.3,2,bid,,,11918903
2026-07-08T08:08:24.530963,2026-07-08T08:08:24.542538+00:00,118.3,1,bid,,,11918914
2026-07-08T08:08:24.876189,2026-07-08T08:08:24.887852+00:00,118.3,1,bid,,,11918919
2026-07-08T08:08:25.243925,2026-07-08T08:08:25.253024+00:00,118.2,1,bid,,,11918922
2026-07-08T08:08:25.535229,2026-07-08T08:08:25.546966+00:00,118.3,1,bid,,,11918933
2026-07-08T08:08:25.751259,2026-07-08T08:08:25.758560+00:00,118.1,1,ask,,,11918938
2026-07-08T08:08:25.751259,2026-07-08T08:08:25.758560+00:00,118.0,8,ask,,,11918939
2026-07-08T08:08:25.751259,2026-07-08T08:08:25.758560+00:00,117.9,33,ask,,,11918940
2026-07-08T08:08:25.825658,2026-07-08T08:08:25.832900+00:00,118.2,1,bid,,,11918941
2026-07-08T08:08:25.825658,2026-07-08T08:08:25.838166+00:00,118.2,8,bid,,,11918942
2026-07-08T08:08:25.825658,2026-07-08T08:08:25.838166+00:00,118.3,41,bid,,,11918943
2026-07-08T08:08:26.600386,2026-07-08T08:08:26.610629+00:00,118.2,1,bid,,,11918962
2026-07-08T08:08:26.757240,2026-07-08T08:08:26.769192+00:00,118.3,1,bid,,,11918967
2026-07-08T08:08:27.780453,2026-07-08T08:08:27.792608+00:00,118.1,1,ask,,,11918978
2026-07-08T08:08:27.916238,2026-07-08T08:08:27.934210+00:00,117.9,8,ask,,,11918983
2026-07-08T08:08:27.916238,2026-07-08T08:08:27.934210+00:00,117.8,32,ask,,,11918984
2026-07-08T08:08:27.936519,2026-07-08T08:08:27.945096+00:00,118.0,50,bid,,,11918987
2026-07-08T08:08:27.980118,2026-07-08T08:08:27.989506+00:00,118.0,9,bid,,,11918988
2026-07-08T08:08:28.116488,2026-07-08T08:08:28.127987+00:00,118.0,2,bid,,,11918990
2026-07-08T08:08:28.525211,2026-07-08T08:08:28.536853+00:00,118.0,43,bid,,,11919000
2026-07-08T08:08:30.074080,2026-07-08T08:08:30.085361+00:00,118.0,45,bid,,,11919017
2026-07-08T08:08:30.074080,2026-07-08T08:08:30.085361+00:00,118.2,1,bid,,,11919018
2026-07-08T08:08:30.074080,2026-07-08T08:08:30.085361+00:00,118.2,4,bid,,,11919019
2026-07-08T08:08:30.582518,2026-07-08T08:08:30.594216+00:00,118.1,8,bid,,,11919025
2026-07-08T08:08:30.892958,2026-07-08T08:08:30.902609+00:00,118.1,1,bid,,,11919032
2026-07-08T08:08:30.892958,2026-07-08T08:08:30.902609+00:00,118.2,96,bid,,,11919033
2026-07-08T08:08:30.892958,2026-07-08T08:08:30.907970+00:00,118.2,8,bid,,,11919034
2026-07-08T08:08:31.013547,2026-07-08T08:08:31.023401+00:00,118.3,1,ask,,,11919037
