timestamp,recv_time,price,volume,aggressor_side,buyer,seller,trade_id
2026-07-08T11:00:01.761041,2026-07-08T11:00:01.772144+00:00,129.3,50,ask,,,12088771
2026-07-08T11:00:02.711750,2026-07-08T11:00:02.723952+00:00,129.6,44,bid,,,12088785
2026-07-08T11:00:03.868642,2026-07-08T11:00:03.879821+00:00,129.2,50,ask,,,12088808
2026-07-08T11:00:05.924286,2026-07-08T11:00:05.936191+00:00,129.6,50,bid,,,12088844
2026-07-08T11:00:06.435914,2026-07-08T11:00:06.447731+00:00,129.2,44,ask,,,12088850
2026-07-08T11:00:06.974528,2026-07-08T11:00:06.984840+00:00,129.2,44,ask,,,12088866
2026-07-08T11:00:07.817524,2026-07-08T11:00:07.829425+00:00,129.6,8,bid,,,12088882
2026-07-08T11:00:08.062894,2026-07-08T11:00:08.074669+00:00,129.7,50,bid,,,12088884
2026-07-08T11:00:08.355243,2026-07-08T11:00:08.367203+00:00,129.7,46,bid,,,12088887
2026-07-08T11:00:09.338791,2026-07-08T11:00:09.350644+00:00,129.8,42,bid,,,12088900
2026-07-08T11:00:10.173001,2026-07-08T11:00:10.181859+00:00,129.8,50,bid,,,12088914
2026-07-08T11:00:12.283314,2026-07-08T11:00:12.295608+00:00,129.8,8,bid,,,12088946
2026-07-08T11:00:12.283314,2026-07-08T11:00:12.295608+00:00,129.8,8,bid,,,12088947
2026-07-08T11:00:12.283314,2026-07-08T11:00:12.300892+00:00,130.0,34,bid,,,12088948
2026-07-08T11:00:12.767240,2026-07-08T11:00:12.778956+00:00,129.6,8,ask,,,12088956
2026-07-08T11:00:12.767240,2026-07-08T11:00:12.778956+00:00,129.5,39,ask,,,12088957
2026-07-08T11:00:13.288803,2026-07-08T11:00:13.300507+00:00,129.5,40,ask,,,12088964
2026-07-08T11:00:13.900322,2026-07-08T11:00:13.911222+00:00,129.9,45,bid,,,12088971
2026-07-08T11:00:14.396341,2026-07-08T11:00:14.408082+00:00,129.8,50,bid,,,12088980
2026-07-08T11:00:15.591692,2026-07-08T11:00:15.600802+00:00,129.6,42,ask,,,12088994
2026-07-08T11:00:16.201848,2026-07-08T11:00:16.208997+00:00,129.6,45,ask,,,12089004
2026-07-08T11:00:16.464180,2026-07-08T11:00:16.477258+00:00,129.6,8,ask,,,12089010
2026-07-08T11:00:16.528511,2026-07-08T11:00:16.535437+00:00,129.8,50,bid,,,12089012
2026-07-08T11:00:17.198489,2026-07-08T11:00:17.207247+00:00,129.7,8,ask,,,12089021
2026-07-08T11:00:18.635135,2026-07-08T11:00:18.647167+00:00,130.0,8,bid,,,12089054
2026-07-08T11:00:18.635135,2026-07-08T11:00:18.647167+00:00,130.1,42,bid,,,12089055
2026-07-08T11:00:18.914045,2026-07-08T11:00:18.960823+00:00,130.1,47,bid,,,12089064
2026-07-08T11:00:20.369620,2026-07-08T11:00:20.381318+00:00,130.1,8,bid,,,12089085
2026-07-08T11:00:20.382681,2026-07-08T11:00:20.392091+00:00,130.1,15,ask,,,12089086
2026-07-08T11:00:20.743482,2026-07-08T11:00:20.755294+00:00,130.2,50,bid,,,12089094
2026-07-08T11:00:21.008664,2026-07-08T11:00:21.020474+00:00,130.2,47,bid,,,12089101
2026-07-08T11:00:21.294960,2026-07-08T11:00:21.305293+00:00,130.1,11,ask,,,12089102
2026-07-08T11:00:22.851995,2026-07-08T11:00:22.863588+00:00,130.3,50,bid,,,12089120
2026-07-08T11:00:24.180927,2026-07-08T11:00:24.201032+00:00,130.0,41,ask,,,12089136
2026-07-08T11:00:24.959909,2026-07-08T11:00:24.969586+00:00,130.3,50,bid,,,12089152
2026-07-08T11:00:25.954125,2026-07-08T11:00:25.966117+00:00,130.2,40,ask,,,12089162
2026-07-08T11:00:26.977424,2026-07-08T11:00:26.985725+00:00,130.3,48,bid,,,12089183
2026-07-08T11:00:27.067160,2026-07-08T11:00:27.079377+00:00,130.3,50,bid,,,12089184
2026-07-08T11:00:27.361592,2026-07-08T11:00:27.370746+00:00,130.2,12,ask,,,12089187
2026-07-08T11:00:27.542896,2026-07-08T11:00:27.551593+00:00,130.3,41,bid,,,12089191
2026-07-08T11:00:29.174504,2026-07-08T11:00:29.186583+00:00,130.3,11,bid,,,12089217
2026-07-08T11:00:29.174504,2026-07-08T11:00:29.186583+00:00,130.3,8,bid,,,12089218
2026-07-08T11:00:29.174504,2026-07-08T11:00:29.186583+00:00,130.4,31,bid,,,12089219
2026-07-08T11:00:29.871547,2026-07-08T11:00:29.881595+00:00,130.2,11,ask,,,12089230
2026-07-08T11:00:31.285881,2026-07-08T11:00:31.296489+00:00,130.4,50,bid,,,12089256
2026-07-08T11:00:37.104946,2026-07-08T11:00:37.114389+00:00,130.3,48,ask,,,12089340
2026-07-08T11:00:37.658098,2026-07-08T11:00:37.667190+00:00,130.3,50,ask,,,12089346
2026-07-08T11:00:37.735966,2026-07-08T11:00:37.744946+00:00,130.4,8,ask,,,12089349
2026-07-08T11:00:39.765652,2026-07-08T11:00:39.777553+00:00,130.2,50,ask,,,12089375
2026-07-08T11:00:40.574077,2026-07-08T11:00:40.585980+00:00,130.2,40,ask,,,12089385
2026-07-08T11:00:40.686206,2026-07-08T11:00:40.698255+00:00,130.5,8,bid,,,12089389
2026-07-08T11:00:41.758997,2026-07-08T11:00:41.769191+00:00,130.5,43,bid,,,12089409
2026-07-08T11:00:41.873049,2026-07-08T11:00:41.882759+00:00,130.2,50,ask,,,12089410
2026-07-08T11:00:42.293391,2026-07-08T11:00:42.302075+00:00,130.5,44,bid,,,12089414
2026-07-08T11:00:42.524214,2026-07-08T11:00:42.533822+00:00,130.5,8,bid,,,12089421
2026-07-08T11:00:42.949910,2026-07-08T11:00:42.953381+00:00,130.6,45,ask,,,12089425
2026-07-08T11:00:43.321055,2026-07-08T11:00:43.331474+00:00,130.6,12,ask,,,12089433
2026-07-08T11:00:44.165271,2026-07-08T11:00:44.258965+00:00,130.6,85,ask,,,12089443
2026-07-08T11:00:44.165271,2026-07-08T11:00:44.258965+00:00,130.5,8,ask,,,12089444
2026-07-08T11:00:44.359923,2026-07-08T11:00:44.369644+00:00,130.3,8,bid,,,12089449
2026-07-08T11:00:44.542514,2026-07-08T11:00:44.554354+00:00,130.0,8,ask,,,12089454
2026-07-08T11:00:44.542514,2026-07-08T11:00:44.554354+00:00,129.9,40,ask,,,12089455
2026-07-08T11:00:44.628576,2026-07-08T11:00:44.637649+00:00,130.4,7,bid,,,12089459
2026-07-08T11:00:45.746055,2026-07-08T11:00:45.757396+00:00,130.4,8,bid,,,12089474
2026-07-08T11:00:45.989877,2026-07-08T11:00:45.997028+00:00,130.4,40,bid,,,12089479
2026-07-08T11:00:46.034365,2026-07-08T11:00:46.046085+00:00,130.4,50,bid,,,12089482
2026-07-08T11:00:48.141034,2026-07-08T11:00:48.147622+00:00,130.4,50,bid,,,12089506
2026-07-08T11:00:48.567964,2026-07-08T11:00:48.576539+00:00,130.4,2,bid,,,12089515
2026-07-08T11:00:49.214231,2026-07-08T11:00:49.225726+00:00,130.4,11,ask,,,12089524
2026-07-08T11:00:49.573139,2026-07-08T11:00:49.583306+00:00,130.4,42,ask,,,12089530
2026-07-08T11:00:50.248762,2026-07-08T11:00:50.258618+00:00,130.8,50,bid,,,12089538
2026-07-08T11:00:52.360161,2026-07-08T11:00:52.371723+00:00,130.6,50,bid,,,12089569
2026-07-08T11:00:53.146579,2026-07-08T11:00:53.163668+00:00,130.2,45,ask,,,12089584
2026-07-08T11:00:54.466532,2026-07-08T11:00:54.475034+00:00,130.7,50,bid,,,12089598
2026-07-08T11:00:56.571701,2026-07-08T11:00:56.583759+00:00,130.6,50,bid,,,12089634
2026-07-08T11:00:58.679571,2026-07-08T11:00:58.691384+00:00,130.7,8,bid,,,12089654
2026-07-08T11:00:58.679571,2026-07-08T11:00:58.691384+00:00,130.8,42,bid,,,12089655
2026-07-08T11:01:00.789387,2026-07-08T11:01:00.801376+00:00,130.8,50,bid,,,12089688
2026-07-08T11:01:01.509823,2026-07-08T11:01:01.519398+00:00,130.6,12,ask,,,12089697
2026-07-08T11:01:01.722773,2026-07-08T11:01:01.739127+00:00,130.6,14,ask,,,12089701
2026-07-08T11:01:02.425170,2026-07-08T11:01:02.436967+00:00,130.6,40,ask,,,12089708
2026-07-08T11:01:02.897278,2026-07-08T11:01:02.905578+00:00,131.0,50,bid,,,12089720
2026-07-08T11:01:04.714712,2026-07-08T11:01:04.721549+00:00,130.6,8,ask,,,12089738
2026-07-08T11:01:05.004209,2026-07-08T11:01:05.015995+00:00,130.6,50,bid,,,12089743
2026-07-08T11:01:06.569160,2026-07-08T11:01:06.581778+00:00,130.6,43,bid,,,12089760
2026-07-08T11:01:07.110300,2026-07-08T11:01:07.122892+00:00,130.6,49,bid,,,12089772
2026-07-08T11:01:07.110300,2026-07-08T11:01:07.122892+00:00,130.6,1,bid,,,12089773
2026-07-08T11:01:08.376448,2026-07-08T11:01:08.385726+00:00,130.8,44,bid,,,12089788
2026-07-08T11:01:09.553413,2026-07-08T11:01:09.592431+00:00,130.7,3,ask,,,12089803
2026-07-08T11:01:11.345876,2026-07-08T11:01:11.358593+00:00,131.1,50,bid,,,12089828
2026-07-08T11:01:12.046860,2026-07-08T11:01:12.053553+00:00,130.7,47,ask,,,12089844
2026-07-08T11:01:12.589219,2026-07-08T11:01:12.601008+00:00,131.1,8,bid,,,12089856
2026-07-08T11:01:13.113477,2026-07-08T11:01:13.130845+00:00,131.1,43,ask,,,12089858
2026-07-08T11:01:13.489595,2026-07-08T11:01:13.504340+00:00,131.2,50,bid,,,12089865
2026-07-08T11:01:13.565331,2026-07-08T11:01:13.595196+00:00,131.1,11,ask,,,12089868
2026-07-08T11:01:14.252590,2026-07-08T11:01:14.261441+00:00,131.2,8,ask,,,12089877
2026-07-08T11:01:14.260451,2026-07-08T11:01:14.276756+00:00,131.1,25,ask,,,12089879
2026-07-08T11:01:15.645989,2026-07-08T11:01:15.658577+00:00,131.4,50,bid,,,12089898
2026-07-08T11:01:17.524634,2026-07-08T11:01:17.534852+00:00,131.2,4,ask,,,12089924
2026-07-08T11:01:17.808358,2026-07-08T11:01:17.820207+00:00,131.2,50,ask,,,12089928
2026-07-08T11:01:18.834045,2026-07-08T11:01:18.845241+00:00,131.3,12,bid,,,12089939
2026-07-08T11:01:19.951207,2026-07-08T11:01:19.958639+00:00,131.2,50,ask,,,12089956
2026-07-08T11:01:20.780801,2026-07-08T11:01:20.792470+00:00,131.5,45,bid,,,12089973
2026-07-08T11:01:22.058257,2026-07-08T11:01:22.066366+00:00,131.1,8,ask,,,12089989
2026-07-08T11:01:22.058257,2026-07-08T11:01:22.066366+00:00,131.0,42,ask,,,12089990
2026-07-08T11:01:22.473808,2026-07-08T11:01:22.485046+00:00,131.5,40,bid,,,12089995
2026-07-08T11:01:23.488644,2026-07-08T11:01:23.500673+00:00,131.5,49,bid,,,12090008
2026-07-08T11:01:23.654101,2026-07-08T11:01:23.658650+00:00,131.6,5,bid,,,12090013
2026-07-08T11:01:23.654101,2026-07-08T11:01:23.663620+00:00,131.6,8,bid,,,12090014
2026-07-08T11:01:24.198114,2026-07-08T11:01:24.205673+00:00,131.6,50,ask,,,12090028
2026-07-08T11:01:24.439553,2026-07-08T11:01:24.447958+00:00,131.6,25,ask,,,12090036
2026-07-08T11:01:24.582621,2026-07-08T11:01:24.594782+00:00,131.6,46,ask,,,12090038
2026-07-08T11:01:26.308632,2026-07-08T11:01:26.320512+00:00,131.6,16,ask,,,12090061
2026-07-08T11:01:26.308632,2026-07-08T11:01:26.320512+00:00,131.6,8,ask,,,12090062
2026-07-08T11:01:26.308632,2026-07-08T11:01:26.320512+00:00,131.3,26,ask,,,12090063
2026-07-08T11:01:26.871627,2026-07-08T11:01:26.883937+00:00,131.4,8,ask,,,12090069
2026-07-08T11:01:28.045251,2026-07-08T11:01:28.054797+00:00,131.4,14,bid,,,12090087
2026-07-08T11:01:28.407597,2026-07-08T11:01:28.417070+00:00,131.4,100,bid,,,12090099
2026-07-08T11:01:28.446622,2026-07-08T11:01:28.454490+00:00,130.9,50,ask,,,12090101
2026-07-08T11:01:29.027500,2026-07-08T11:01:29.039098+00:00,130.9,42,ask,,,12090106
2026-07-08T11:01:30.558134,2026-07-08T11:01:30.570278+00:00,131.2,50,ask,,,12090126
2026-07-08T11:01:32.666122,2026-07-08T11:01:32.676564+00:00,131.2,50,ask,,,12090165
2026-07-08T11:01:33.426050,2026-07-08T11:01:33.436083+00:00,131.2,45,bid,,,12090178
2026-07-08T11:01:34.619714,2026-07-08T11:01:34.630643+00:00,131.2,25,bid,,,12090189
2026-07-08T11:01:34.771983,2026-07-08T11:01:34.781028+00:00,131.0,50,ask,,,12090194
2026-07-08T11:01:35.161091,2026-07-08T11:01:35.173061+00:00,131.0,46,ask,,,12090205
2026-07-08T11:01:36.246480,2026-07-08T11:01:36.256543+00:00,131.2,45,bid,,,12090223
2026-07-08T11:01:36.815025,2026-07-08T11:01:36.824189+00:00,131.1,42,ask,,,12090232
2026-07-08T11:01:36.904582,2026-07-08T11:01:36.916632+00:00,131.1,50,ask,,,12090234
2026-07-08T11:01:38.058902,2026-07-08T11:01:38.074232+00:00,131.2,45,bid,,,12090262
2026-07-08T11:01:39.012809,2026-07-08T11:01:39.019964+00:00,131.1,50,ask,,,12090272
2026-07-08T11:01:39.639447,2026-07-08T11:01:39.651020+00:00,131.2,47,bid,,,12090281
2026-07-08T11:01:39.742193,2026-07-08T11:01:39.754349+00:00,131.2,8,bid,,,12090285
2026-07-08T11:01:39.742193,2026-07-08T11:01:39.754349+00:00,131.2,17,bid,,,12090286
2026-07-08T11:01:39.917674,2026-07-08T11:01:39.929774+00:00,131.2,3,bid,,,12090291
2026-07-08T11:01:40.170175,2026-07-08T11:01:40.179544+00:00,131.2,11,bid,,,12090294
2026-07-08T11:01:41.049114,2026-07-08T11:01:41.059821+00:00,131.2,100,bid,,,12090305
2026-07-08T11:01:41.121736,2026-07-08T11:01:41.129341+00:00,130.7,50,ask,,,12090307
2026-07-08T11:01:41.375798,2026-07-08T11:01:41.385592+00:00,131.2,12,bid,,,12090313
2026-07-08T11:01:42.647083,2026-07-08T11:01:42.653636+00:00,131.2,8,bid,,,12090331
2026-07-08T11:01:43.229502,2026-07-08T11:01:43.241243+00:00,131.4,50,ask,,,12090350
2026-07-08T11:01:43.859663,2026-07-08T11:01:43.868841+00:00,131.4,23,ask,,,12090359
2026-07-08T11:01:44.269593,2026-07-08T11:01:44.280591+00:00,131.4,69,ask,,,12090364
2026-07-08T11:01:44.749073,2026-07-08T11:01:44.758590+00:00,130.9,43,ask,,,12090374
2026-07-08T11:01:44.859690,2026-07-08T11:01:44.871599+00:00,131.4,5,bid,,,12090381
2026-07-08T11:01:45.338996,2026-07-08T11:01:45.350506+00:00,130.9,50,ask,,,12090389
2026-07-08T11:01:45.873200,2026-07-08T11:01:45.883540+00:00,131.2,23,bid,,,12090393
2026-07-08T11:01:46.790444,2026-07-08T11:01:46.802110+00:00,131.2,42,bid,,,12090407
2026-07-08T11:01:47.445301,2026-07-08T11:01:47.453025+00:00,131.0,50,ask,,,12090422
2026-07-08T11:01:49.503260,2026-07-08T11:01:49.513578+00:00,131.4,50,bid,,,12090436
2026-07-08T11:01:51.676380,2026-07-08T11:01:51.688002+00:00,130.9,50,ask,,,12090467
2026-07-08T11:01:53.811539,2026-07-08T11:01:53.822702+00:00,131.0,50,ask,,,12090490
2026-07-08T11:01:55.918731,2026-07-08T11:01:55.930416+00:00,130.8,50,ask,,,12090512
2026-07-08T11:01:56.227539,2026-07-08T11:01:56.234941+00:00,130.8,40,ask,,,12090524
2026-07-08T11:01:56.954903,2026-07-08T11:01:56.964694+00:00,130.9,11,bid,,,12090533
2026-07-08T11:01:58.040992,2026-07-08T11:01:58.047741+00:00,130.7,50,ask,,,12090552
2026-07-08T11:01:58.306260,2026-07-08T11:01:58.315801+00:00,130.9,45,bid,,,12090560
2026-07-08T11:01:59.666951,2026-07-08T11:01:59.678878+00:00,130.9,41,bid,,,12090576
2026-07-08T11:02:00.155829,2026-07-08T11:02:00.158556+00:00,130.6,50,ask,,,12090583
2026-07-08T11:02:02.302525,2026-07-08T11:02:02.312566+00:00,130.6,50,ask,,,12090619
2026-07-08T11:02:02.625127,2026-07-08T11:02:02.633190+00:00,130.4,8,ask,,,12090622
2026-07-08T11:02:02.625127,2026-07-08T11:02:02.638201+00:00,130.3,38,ask,,,12090623
2026-07-08T11:02:02.903327,2026-07-08T11:02:02.917890+00:00,130.8,12,bid,,,12090629
2026-07-08T11:02:03.557143,2026-07-08T11:02:03.565837+00:00,130.8,34,bid,,,12090643
2026-07-08T11:02:03.800022,2026-07-08T11:02:03.812061+00:00,130.8,41,bid,,,12090651
2026-07-08T11:02:04.412726,2026-07-08T11:02:04.425231+00:00,130.4,50,ask,,,12090662
2026-07-08T11:02:04.802818,2026-07-08T11:02:04.810266+00:00,130.9,100,bid,,,12090668
2026-07-08T11:02:04.802818,2026-07-08T11:02:04.815536+00:00,130.9,8,bid,,,12090669
2026-07-08T11:02:05.577352,2026-07-08T11:02:05.589205+00:00,130.9,12,ask,,,12090688
2026-07-08T11:02:06.539780,2026-07-08T11:02:06.558563+00:00,130.9,30,ask,,,12090701
2026-07-08T11:02:06.539780,2026-07-08T11:02:06.558563+00:00,130.9,8,ask,,,12090702
2026-07-08T11:02:06.539780,2026-07-08T11:02:06.558563+00:00,130.7,12,ask,,,12090703
2026-07-08T11:02:08.029000,2026-07-08T11:02:08.037297+00:00,130.7,88,ask,,,12090733
2026-07-08T11:02:08.029000,2026-07-08T11:02:08.037297+00:00,130.7,8,ask,,,12090734
2026-07-08T11:02:08.043830,2026-07-08T11:02:08.052685+00:00,130.6,12,bid,,,12090735
2026-07-08T11:02:08.257545,2026-07-08T11:02:08.269311+00:00,130.6,42,bid,,,12090742
2026-07-08T11:02:09.388730,2026-07-08T11:02:09.397121+00:00,130.4,8,ask,,,12090761
2026-07-08T11:02:09.388730,2026-07-08T11:02:09.397121+00:00,130.1,40,ask,,,12090762
2026-07-08T11:02:11.026561,2026-07-08T11:02:11.038181+00:00,130.4,45,ask,,,12090781
2026-07-08T11:02:12.597460,2026-07-08T11:02:12.608669+00:00,130.9,49,bid,,,12090799
2026-07-08T11:02:13.192372,2026-07-08T11:02:13.202215+00:00,130.9,42,bid,,,12090810
2026-07-08T11:02:14.947414,2026-07-08T11:02:14.968925+00:00,130.9,50,bid,,,12090829
2026-07-08T11:02:17.059227,2026-07-08T11:02:17.071090+00:00,131.2,50,bid,,,12090853
2026-07-08T11:02:19.176455,2026-07-08T11:02:19.187103+00:00,131.5,50,bid,,,12090880
2026-07-08T11:02:19.413178,2026-07-08T11:02:19.424716+00:00,131.0,41,ask,,,12090885
2026-07-08T11:02:20.159525,2026-07-08T11:02:20.169052+00:00,131.0,12,ask,,,12090902
2026-07-08T11:02:21.307128,2026-07-08T11:02:21.318961+00:00,131.4,50,bid,,,12090911
2026-07-08T11:02:23.414332,2026-07-08T11:02:23.423536+00:00,131.3,8,bid,,,12090945
2026-07-08T11:02:23.414332,2026-07-08T11:02:23.423536+00:00,131.4,42,bid,,,12090946
2026-07-08T11:02:23.810684,2026-07-08T11:02:23.821866+00:00,131.2,22,ask,,,12090952
2026-07-08T11:02:25.523005,2026-07-08T11:02:25.534602+00:00,131.3,50,bid,,,12090974
2026-07-08T11:02:27.632231,2026-07-08T11:02:27.644252+00:00,131.3,50,bid,,,12091012
2026-07-08T11:02:28.612864,2026-07-08T11:02:28.623220+00:00,131.2,45,ask,,,12091028
2026-07-08T11:02:31.248546,2026-07-08T11:02:31.260243+00:00,131.2,44,ask,,,12091070
2026-07-08T11:02:31.822272,2026-07-08T11:02:31.830350+00:00,131.5,8,bid,,,12091077
2026-07-08T11:02:31.822272,2026-07-08T11:02:31.835728+00:00,131.6,34,bid,,,12091078
2026-07-08T11:02:31.843954,2026-07-08T11:02:31.855585+00:00,131.6,50,bid,,,12091079
2026-07-08T11:02:32.314389,2026-07-08T11:02:32.325157+00:00,131.1,47,ask,,,12091090
2026-07-08T11:02:33.951179,2026-07-08T11:02:33.963021+00:00,131.6,50,bid,,,12091107
2026-07-08T11:02:34.298202,2026-07-08T11:02:34.305826+00:00,131.6,46,bid,,,12091116
2026-07-08T11:02:36.059434,2026-07-08T11:02:36.070880+00:00,131.8,50,bid,,,12091136
2026-07-08T11:02:36.462661,2026-07-08T11:02:36.472413+00:00,131.6,12,ask,,,12091147
2026-07-08T11:02:36.505289,2026-07-08T11:02:36.514944+00:00,131.6,43,ask,,,12091149
2026-07-08T11:02:37.130433,2026-07-08T11:02:37.139572+00:00,131.6,11,ask,,,12091156
2026-07-08T11:02:37.948460,2026-07-08T11:02:37.954006+00:00,131.9,8,bid,,,12091171
2026-07-08T11:02:37.948460,2026-07-08T11:02:37.954006+00:00,132.0,34,bid,,,12091172
2026-07-08T11:02:38.166264,2026-07-08T11:02:38.176740+00:00,132.0,50,bid,,,12091174
2026-07-08T11:02:38.345836,2026-07-08T11:02:38.356022+00:00,131.6,12,ask,,,12091177
2026-07-08T11:02:40.273409,2026-07-08T11:02:40.285207+00:00,131.7,50,bid,,,12091209
2026-07-08T11:02:40.458499,2026-07-08T11:02:40.470082+00:00,131.5,49,ask,,,12091217
2026-07-08T11:02:42.382888,2026-07-08T11:02:42.394952+00:00,131.7,50,bid,,,12091241
2026-07-08T11:02:42.676171,2026-07-08T11:02:42.688104+00:00,131.5,47,ask,,,12091256
2026-07-08T11:02:42.939821,2026-07-08T11:02:42.948348+00:00,131.7,14,ask,,,12091264
2026-07-08T11:02:44.119961,2026-07-08T11:02:44.169654+00:00,131.7,45,ask,,,12091280
2026-07-08T11:02:44.436978,2026-07-08T11:02:44.445617+00:00,131.7,91,ask,,,12091287
2026-07-08T11:02:44.436978,2026-07-08T11:02:44.445617+00:00,131.7,8,ask,,,12091288
2026-07-08T11:02:44.490515,2026-07-08T11:02:44.500615+00:00,131.7,1,bid,,,12091290
2026-07-08T11:02:44.490515,2026-07-08T11:02:44.500615+00:00,132.0,8,bid,,,12091291
2026-07-08T11:02:44.490515,2026-07-08T11:02:44.505829+00:00,132.2,41,bid,,,12091292
2026-07-08T11:02:44.588196,2026-07-08T11:02:44.600286+00:00,131.8,8,bid,,,12091295
2026-07-08T11:02:44.588196,2026-07-08T11:02:44.600286+00:00,132.2,40,bid,,,12091296
2026-07-08T11:02:46.602077,2026-07-08T11:02:46.614001+00:00,131.6,50,bid,,,12091331
2026-07-08T11:02:48.710303,2026-07-08T11:02:48.717036+00:00,131.6,50,bid,,,12091365
2026-07-08T11:02:50.817100,2026-07-08T11:02:50.825845+00:00,131.9,50,bid,,,12091387
2026-07-08T11:02:52.976002,2026-07-08T11:02:52.987699+00:00,131.4,50,ask,,,12091421
2026-07-08T11:02:54.731681,2026-07-08T11:02:54.742577+00:00,131.6,42,bid,,,12091457
2026-07-08T11:02:55.085567,2026-07-08T11:02:55.094691+00:00,131.4,50,ask,,,12091471
2026-07-08T11:02:55.345526,2026-07-08T11:02:55.358545+00:00,131.6,48,bid,,,12091480
2026-07-08T11:02:57.042797,2026-07-08T11:02:57.058944+00:00,131.6,8,bid,,,12091507
2026-07-08T11:02:57.193047,2026-07-08T11:02:57.205063+00:00,131.6,50,ask,,,12091511
2026-07-08T11:02:58.411411,2026-07-08T11:02:58.424109+00:00,131.6,42,ask,,,12091529
2026-07-08T11:02:59.301170,2026-07-08T11:02:59.313075+00:00,131.6,8,ask,,,12091547
2026-07-08T11:02:59.301170,2026-07-08T11:02:59.313075+00:00,131.5,42,ask,,,12091548
2026-07-08T11:03:01.411258,2026-07-08T11:03:01.422800+00:00,131.5,50,ask,,,12091584
2026-07-08T11:03:02.028375,2026-07-08T11:03:02.040360+00:00,131.5,8,ask,,,12091596
2026-07-08T11:03:02.028375,2026-07-08T11:03:02.040360+00:00,131.4,37,ask,,,12091597
2026-07-08T11:03:03.524890,2026-07-08T11:03:03.537194+00:00,131.3,8,ask,,,12091615
2026-07-08T11:03:03.796962,2026-07-08T11:03:03.804641+00:00,131.6,8,bid,,,12091626
2026-07-08T11:03:03.796962,2026-07-08T11:03:03.809920+00:00,131.7,40,bid,,,12091627
2026-07-08T11:03:04.412131,2026-07-08T11:03:04.423587+00:00,131.3,8,ask,,,12091632
2026-07-08T11:03:04.412131,2026-07-08T11:03:04.423587+00:00,131.2,35,ask,,,12091633
2026-07-08T11:03:05.259523,2026-07-08T11:03:05.268425+00:00,131.6,8,bid,,,12091643
2026-07-08T11:03:05.425981,2026-07-08T11:03:05.438314+00:00,131.6,6,bid,,,12091647
2026-07-08T11:03:05.631637,2026-07-08T11:03:05.638683+00:00,131.3,8,ask,,,12091654
2026-07-08T11:03:05.631637,2026-07-08T11:03:05.644182+00:00,131.2,42,ask,,,12091655
2026-07-08T11:03:05.865638,2026-07-08T11:03:05.876516+00:00,131.6,8,bid,,,12091661
2026-07-08T11:03:05.865638,2026-07-08T11:03:05.876516+00:00,131.7,32,bid,,,12091662
2026-07-08T11:03:06.913306,2026-07-08T11:03:06.919999+00:00,131.5,40,ask,,,12091680
2026-07-08T11:03:07.747845,2026-07-08T11:03:07.755792+00:00,131.5,50,ask,,,12091693
2026-07-08T11:03:08.932819,2026-07-08T11:03:08.948950+00:00,131.7,49,bid,,,12091709
2026-07-08T11:03:09.760552,2026-07-08T11:03:09.770650+00:00,131.4,8,ask,,,12091724
2026-07-08T11:03:09.847459,2026-07-08T11:03:09.856676+00:00,131.4,12,bid,,,12091725
2026-07-08T11:03:09.855669,2026-07-08T11:03:09.872462+00:00,131.2,50,ask,,,12091727
2026-07-08T11:03:11.761384,2026-07-08T11:03:11.773073+00:00,131.4,40,bid,,,12091753
2026-07-08T11:03:11.910612,2026-07-08T11:03:11.922683+00:00,131.4,40,bid,,,12091754
2026-07-08T11:03:11.910612,2026-07-08T11:03:11.922683+00:00,131.6,8,bid,,,12091755
2026-07-08T11:03:11.910612,2026-07-08T11:03:11.922683+00:00,131.8,2,bid,,,12091756
2026-07-08T11:03:14.467206,2026-07-08T11:03:14.476250+00:00,131.4,8,ask,,,12091794
2026-07-08T11:03:16.134453,2026-07-08T11:03:16.146702+00:00,131.6,8,bid,,,12091821
2026-07-08T11:03:16.134453,2026-07-08T11:03:16.146702+00:00,131.7,42,bid,,,12091822
2026-07-08T11:03:18.027942,2026-07-08T11:03:18.044437+00:00,131.4,4,ask,,,12091846
2026-07-08T11:03:18.073418,2026-07-08T11:03:18.085373+00:00,131.4,49,ask,,,12091850
2026-07-08T11:03:18.245492,2026-07-08T11:03:18.254620+00:00,131.7,50,bid,,,12091856
2026-07-08T11:03:18.625143,2026-07-08T11:03:18.634404+00:00,131.4,11,ask,,,12091861
2026-07-08T11:03:19.261316,2026-07-08T11:03:19.270258+00:00,131.5,3,ask,,,12091868
2026-07-08T11:03:20.042594,2026-07-08T11:03:20.050628+00:00,131.4,40,ask,,,12091880
2026-07-08T11:03:20.362240,2026-07-08T11:03:20.374469+00:00,131.7,50,bid,,,12091887
2026-07-08T11:03:20.577213,2026-07-08T11:03:20.589233+00:00,131.7,46,bid,,,12091889
2026-07-08T11:03:20.835074,2026-07-08T11:03:20.846935+00:00,131.4,8,ask,,,12091894
2026-07-08T11:03:20.835074,2026-07-08T11:03:20.846935+00:00,131.2,100,ask,,,12091895
2026-07-08T11:03:21.059819,2026-07-08T11:03:21.069303+00:00,130.8,8,bid,,,12091900
2026-07-08T11:03:21.070681,2026-07-08T11:03:21.078978+00:00,130.9,29,bid,,,12091902
2026-07-08T11:03:22.398340,2026-07-08T11:03:22.410224+00:00,130.9,13,bid,,,12091930
2026-07-08T11:03:22.398340,2026-07-08T11:03:22.410224+00:00,131.0,8,bid,,,12091931
2026-07-08T11:03:22.462449,2026-07-08T11:03:22.471443+00:00,131.1,11,ask,,,12091934
2026-07-08T11:03:22.495242,2026-07-08T11:03:22.502534+00:00,131.6,50,bid,,,12091937
2026-07-08T11:03:23.959603,2026-07-08T11:03:23.971224+00:00,131.5,12,ask,,,12091954
2026-07-08T11:03:24.073774,2026-07-08T11:03:24.084134+00:00,131.5,14,ask,,,12091958
2026-07-08T11:03:24.601999,2026-07-08T11:03:24.614037+00:00,131.6,50,bid,,,12091970
2026-07-08T11:03:26.074253,2026-07-08T11:03:26.081121+00:00,131.5,49,ask,,,12091988
2026-07-08T11:03:26.725776,2026-07-08T11:03:26.737656+00:00,131.7,48,bid,,,12092003
2026-07-08T11:03:26.793992,2026-07-08T11:03:26.805896+00:00,131.5,50,ask,,,12092006
2026-07-08T11:03:27.905402,2026-07-08T11:03:27.914151+00:00,131.3,43,bid,,,12092020
2026-07-08T11:03:28.741378,2026-07-08T11:03:28.758608+00:00,131.3,100,bid,,,12092031
2026-07-08T11:03:28.850607,2026-07-08T11:03:28.861079+00:00,131.3,7,bid,,,12092032
2026-07-08T11:03:28.850607,2026-07-08T11:03:28.861079+00:00,131.4,8,bid,,,12092033
2026-07-08T11:03:33.115182,2026-07-08T11:03:33.126909+00:00,131.1,50,ask,,,12092082
2026-07-08T11:03:33.819890,2026-07-08T11:03:33.831955+00:00,131.1,45,ask,,,12092097
2026-07-08T11:03:34.377929,2026-07-08T11:03:34.389474+00:00,131.5,49,bid,,,12092104
2026-07-08T11:03:36.751308,2026-07-08T11:03:36.758603+00:00,130.9,46,ask,,,12092146
2026-07-08T11:03:37.330150,2026-07-08T11:03:37.341727+00:00,130.9,50,ask,,,12092154
2026-07-08T11:03:39.439756,2026-07-08T11:03:39.449626+00:00,130.9,50,ask,,,12092178
2026-07-08T11:03:39.823216,2026-07-08T11:03:39.846971+00:00,130.8,8,ask,,,12092190
2026-07-08T11:03:39.823216,2026-07-08T11:03:39.846971+00:00,130.7,100,ask,,,12092191
2026-07-08T11:03:39.838104,2026-07-08T11:03:39.846971+00:00,130.7,26,bid,,,12092192
2026-07-08T11:03:40.794848,2026-07-08T11:03:40.803502+00:00,130.7,16,bid,,,12092209
2026-07-08T11:03:42.183884,2026-07-08T11:03:42.195585+00:00,131.1,49,bid,,,12092236
2026-07-08T11:03:42.942198,2026-07-08T11:03:42.951614+00:00,131.0,28,ask,,,12092243
2026-07-08T11:03:43.653260,2026-07-08T11:03:43.656771+00:00,131.0,50,ask,,,12092261
2026-07-08T11:03:45.388077,2026-07-08T11:03:45.394824+00:00,131.0,43,ask,,,12092289
2026-07-08T11:03:45.711925,2026-07-08T11:03:45.723947+00:00,131.1,50,bid,,,12092296
2026-07-08T11:03:45.874547,2026-07-08T11:03:45.889904+00:00,131.0,29,ask,,,12092299
2026-07-08T11:03:45.874547,2026-07-08T11:03:45.889904+00:00,130.8,8,ask,,,12092300
2026-07-08T11:03:45.874547,2026-07-08T11:03:45.889904+00:00,130.6,6,ask,,,12092301
2026-07-08T11:03:47.872148,2026-07-08T11:03:47.879288+00:00,130.7,50,ask,,,12092327
2026-07-08T11:03:49.319382,2026-07-08T11:03:49.331533+00:00,130.7,50,ask,,,12092359
2026-07-08T11:03:49.927819,2026-07-08T11:03:49.939339+00:00,130.7,50,bid,,,12092366
2026-07-08T11:03:51.808685,2026-07-08T11:03:51.817177+00:00,130.7,41,bid,,,12092405
2026-07-08T11:03:52.046168,2026-07-08T11:03:52.057980+00:00,130.7,9,bid,,,12092407
2026-07-08T11:03:52.046168,2026-07-08T11:03:52.057980+00:00,130.7,41,bid,,,12092408
2026-07-08T11:03:52.708337,2026-07-08T11:03:52.714904+00:00,130.6,49,ask,,,12092419
2026-07-08T11:03:54.154578,2026-07-08T11:03:54.156222+00:00,130.8,50,bid,,,12092441
2026-07-08T11:03:54.272608,2026-07-08T11:03:54.282933+00:00,130.8,44,bid,,,12092443
2026-07-08T11:03:56.261846,2026-07-08T11:03:56.270066+00:00,130.8,6,bid,,,12092459
2026-07-08T11:03:56.261846,2026-07-08T11:03:56.275246+00:00,131.0,8,bid,,,12092460
2026-07-08T11:03:56.261846,2026-07-08T11:03:56.275246+00:00,131.1,36,bid,,,12092461
2026-07-08T11:03:58.425722,2026-07-08T11:03:58.437917+00:00,130.7,50,ask,,,12092503
2026-07-08T11:03:59.496111,2026-07-08T11:03:59.508108+00:00,130.8,40,ask,,,12092518
2026-07-08T11:04:00.534056,2026-07-08T11:04:00.544964+00:00,130.8,50,ask,,,12092530
2026-07-08T11:04:01.122819,2026-07-08T11:04:01.133364+00:00,131.2,40,bid,,,12092536
2026-07-08T11:04:02.266429,2026-07-08T11:04:02.278076+00:00,130.8,47,bid,,,12092557
2026-07-08T11:04:02.322091,2026-07-08T11:04:02.333952+00:00,130.7,42,ask,,,12092558
2026-07-08T11:04:02.642952,2026-07-08T11:04:02.651904+00:00,130.7,50,ask,,,12092565
2026-07-08T11:04:04.542149,2026-07-08T11:04:04.553122+00:00,130.8,49,bid,,,12092588
2026-07-08T11:04:05.087350,2026-07-08T11:04:05.096867+00:00,130.9,100,bid,,,12092600
2026-07-08T11:04:06.811490,2026-07-08T11:04:06.822398+00:00,130.9,11,ask,,,12092627
2026-07-08T11:04:06.854604,2026-07-08T11:04:06.866319+00:00,130.9,39,ask,,,12092630
2026-07-08T11:04:06.854604,2026-07-08T11:04:06.866319+00:00,130.9,8,ask,,,12092631
2026-07-08T11:04:06.854604,2026-07-08T11:04:06.866319+00:00,130.7,3,ask,,,12092632
2026-07-08T11:04:08.302280,2026-07-08T11:04:08.305915+00:00,130.7,97,ask,,,12092654
2026-07-08T11:04:08.302280,2026-07-08T11:04:08.305915+00:00,130.7,8,ask,,,12092655
2026-07-08T11:04:08.320692,2026-07-08T11:04:08.329982+00:00,130.5,11,bid,,,12092657
2026-07-08T11:04:08.424750,2026-07-08T11:04:08.437659+00:00,130.5,12,bid,,,12092661
2026-07-08T11:04:08.931940,2026-07-08T11:04:08.941468+00:00,130.0,44,ask,,,12092671
2026-07-08T11:04:08.968598,2026-07-08T11:04:08.980655+00:00,130.0,50,ask,,,12092672
2026-07-08T11:04:09.738469,2026-07-08T11:04:09.753554+00:00,130.5,11,bid,,,12092687
2026-07-08T11:04:10.543610,2026-07-08T11:04:10.557943+00:00,130.5,11,bid,,,12092713
2026-07-08T11:04:10.543610,2026-07-08T11:04:10.557943+00:00,130.8,8,bid,,,12092714
2026-07-08T11:04:10.543610,2026-07-08T11:04:10.557943+00:00,130.9,24,bid,,,12092715
2026-07-08T11:04:11.079551,2026-07-08T11:04:11.091262+00:00,130.4,50,ask,,,12092721
2026-07-08T11:04:12.546155,2026-07-08T11:04:12.553918+00:00,130.4,47,ask,,,12092738
2026-07-08T11:04:13.153063,2026-07-08T11:04:13.164148+00:00,130.6,50,bid,,,12092744
2026-07-08T11:04:14.697573,2026-07-08T11:04:14.706939+00:00,130.3,48,ask,,,12092767
2026-07-08T11:04:15.258814,2026-07-08T11:04:15.266763+00:00,130.6,50,bid,,,12092771
2026-07-08T11:04:17.369582,2026-07-08T11:04:17.387149+00:00,130.8,50,bid,,,12092805
2026-07-08T11:04:19.479384,2026-07-08T11:04:19.485941+00:00,130.8,50,bid,,,12092840
2026-07-08T11:04:21.559711,2026-07-08T11:04:21.569190+00:00,130.6,11,ask,,,12092866
2026-07-08T11:04:21.585549,2026-07-08T11:04:21.597104+00:00,130.9,50,bid,,,12092868
2026-07-08T11:04:21.757033,2026-07-08T11:04:21.763897+00:00,130.9,46,bid,,,12092871
2026-07-08T11:04:23.283146,2026-07-08T11:04:23.295430+00:00,130.6,42,ask,,,12092894
2026-07-08T11:04:23.694247,2026-07-08T11:04:23.706117+00:00,131.1,50,bid,,,12092895
2026-07-08T11:04:23.745445,2026-07-08T11:04:23.756138+00:00,130.6,12,ask,,,12092896
2026-07-08T11:04:24.835830,2026-07-08T11:04:24.844762+00:00,130.8,47,bid,,,12092908
2026-07-08T11:04:25.801187,2026-07-08T11:04:25.809601+00:00,130.8,50,bid,,,12092925
2026-07-08T11:04:26.430624,2026-07-08T11:04:26.438303+00:00,130.7,43,ask,,,12092939
2026-07-08T11:04:27.244943,2026-07-08T11:04:27.255555+00:00,131.0,8,bid,,,12092960
2026-07-08T11:04:27.256833,2026-07-08T11:04:27.266529+00:00,131.0,11,ask,,,12092961
2026-07-08T11:04:27.569043,2026-07-08T11:04:27.578121+00:00,131.0,44,ask,,,12092967
2026-07-08T11:04:27.935069,2026-07-08T11:04:27.947121+00:00,131.2,50,bid,,,12092969
2026-07-08T11:04:28.141421,2026-07-08T11:04:28.151265+00:00,131.0,3,ask,,,12092977
2026-07-08T11:04:29.225577,2026-07-08T11:04:29.237544+00:00,131.3,46,bid,,,12092992
2026-07-08T11:04:30.042950,2026-07-08T11:04:30.053644+00:00,131.3,50,bid,,,12093012
2026-07-08T11:04:30.248509,2026-07-08T11:04:30.255501+00:00,131.0,45,ask,,,12093014
2026-07-08T11:04:32.052759,2026-07-08T11:04:32.060072+00:00,130.9,100,bid,,,12093038
2026-07-08T11:04:32.175867,2026-07-08T11:04:32.187788+00:00,130.9,50,bid,,,12093041
2026-07-08T11:04:34.283242,2026-07-08T11:04:34.294857+00:00,131.4,50,bid,,,12093079
2026-07-08T11:04:36.397234,2026-07-08T11:04:36.405564+00:00,131.3,50,bid,,,12093098
2026-07-08T11:04:38.503258,2026-07-08T11:04:38.512677+00:00,131.3,8,bid,,,12093127
2026-07-08T11:04:38.503258,2026-07-08T11:04:38.512677+00:00,131.4,42,bid,,,12093128
2026-07-08T11:04:39.909262,2026-07-08T11:04:39.918472+00:00,131.2,3,ask,,,12093153
2026-07-08T11:04:39.999856,2026-07-08T11:04:40.009353+00:00,131.3,8,ask,,,12093158
2026-07-08T11:04:40.088267,2026-07-08T11:04:40.097378+00:00,131.2,25,ask,,,12093162
2026-07-08T11:04:40.323263,2026-07-08T11:04:40.333844+00:00,131.3,3,ask,,,12093164
2026-07-08T11:04:40.478711,2026-07-08T11:04:40.490501+00:00,131.5,42,bid,,,12093170
2026-07-08T11:04:40.612531,2026-07-08T11:04:40.624469+00:00,131.5,50,bid,,,12093172
2026-07-08T11:04:41.124180,2026-07-08T11:04:41.136127+00:00,131.2,49,ask,,,12093177
2026-07-08T11:04:41.641400,2026-07-08T11:04:41.651033+00:00,131.4,8,ask,,,12093185
2026-07-08T11:04:42.724018,2026-07-08T11:04:42.730797+00:00,131.7,50,bid,,,12093203
2026-07-08T11:04:42.843252,2026-07-08T11:04:42.853738+00:00,131.7,41,bid,,,12093209
2026-07-08T11:04:44.326568,2026-07-08T11:04:44.363835+00:00,131.4,45,ask,,,12093230
2026-07-08T11:04:44.893574,2026-07-08T11:04:44.905446+00:00,131.8,8,bid,,,12093238
2026-07-08T11:04:44.893574,2026-07-08T11:04:44.905446+00:00,131.9,41,bid,,,12093239
2026-07-08T11:04:44.900211,2026-07-08T11:04:44.910722+00:00,131.4,50,ask,,,12093240
2026-07-08T11:04:45.202747,2026-07-08T11:04:45.213528+00:00,131.4,25,ask,,,12093247
2026-07-08T11:04:46.270770,2026-07-08T11:04:46.283138+00:00,131.4,8,ask,,,12093260
2026-07-08T11:04:46.270770,2026-07-08T11:04:46.283138+00:00,131.4,40,ask,,,12093261
2026-07-08T11:04:47.007152,2026-07-08T11:04:47.018690+00:00,131.4,50,ask,,,12093271
2026-07-08T11:04:47.204431,2026-07-08T11:04:47.216320+00:00,131.5,47,bid,,,12093276
2026-07-08T11:04:49.117167,2026-07-08T11:04:49.125304+00:00,131.1,50,ask,,,12093307
2026-07-08T11:04:49.282654,2026-07-08T11:04:49.294260+00:00,131.5,46,bid,,,12093311
2026-07-08T11:04:49.338085,2026-07-08T11:04:49.347998+00:00,131.1,46,ask,,,12093312
2026-07-08T11:04:49.842955,2026-07-08T11:04:49.858595+00:00,131.6,40,bid,,,12093319
2026-07-08T11:04:50.322541,2026-07-08T11:04:50.333488+00:00,131.4,25,ask,,,12093329
2026-07-08T11:04:50.349704,2026-07-08T11:04:50.358649+00:00,131.4,48,ask,,,12093331
2026-07-08T11:04:51.123322,2026-07-08T11:04:51.135419+00:00,131.4,77,ask,,,12093352
2026-07-08T11:04:51.225293,2026-07-08T11:04:51.237190+00:00,130.9,50,ask,,,12093353
2026-07-08T11:04:52.484557,2026-07-08T11:04:52.496713+00:00,130.9,49,ask,,,12093371
2026-07-08T11:04:52.654759,2026-07-08T11:04:52.665441+00:00,131.2,8,bid,,,12093374
2026-07-08T11:04:53.042251,2026-07-08T11:04:53.051220+00:00,131.2,11,bid,,,12093384
2026-07-08T11:04:53.554075,2026-07-08T11:04:53.564250+00:00,131.2,40,bid,,,12093392
2026-07-08T11:04:55.437796,2026-07-08T11:04:55.449515+00:00,130.8,50,ask,,,12093415
2026-07-08T11:04:57.546466,2026-07-08T11:04:57.563914+00:00,130.9,50,ask,,,12093449
2026-07-08T11:04:57.664523,2026-07-08T11:04:57.674121+00:00,131.0,3,bid,,,12093455
2026-07-08T11:04:59.377963,2026-07-08T11:04:59.389869+00:00,131.0,45,bid,,,12093477
2026-07-08T11:04:59.654554,2026-07-08T11:04:59.666391+00:00,130.5,50,ask,,,12093482
2026-07-08T11:05:00.318833,2026-07-08T11:05:00.331098+00:00,131.0,41,bid,,,12093490
2026-07-08T11:05:01.762699,2026-07-08T11:05:01.774440+00:00,130.6,50,ask,,,12093505
2026-07-08T11:05:03.871444,2026-07-08T11:05:03.883515+00:00,130.7,50,ask,,,12093538
2026-07-08T11:05:08.034300,2026-07-08T11:05:08.041510+00:00,131.0,50,bid,,,12093596
2026-07-08T11:05:09.305717,2026-07-08T11:05:09.313438+00:00,130.8,48,ask,,,12093611
2026-07-08T11:05:09.946439,2026-07-08T11:05:09.950395+00:00,130.8,48,ask,,,12093619
2026-07-08T11:05:10.141448,2026-07-08T11:05:10.163743+00:00,131.3,50,bid,,,12093622
2026-07-08T11:05:10.928216,2026-07-08T11:05:10.938225+00:00,131.3,41,bid,,,12093626
2026-07-08T11:05:11.487018,2026-07-08T11:05:11.496740+00:00,131.3,48,bid,,,12093635
2026-07-08T11:05:12.247981,2026-07-08T11:05:12.258585+00:00,131.3,50,bid,,,12093650
2026-07-08T11:05:13.016379,2026-07-08T11:05:13.028243+00:00,131.2,42,ask,,,12093659
2026-07-08T11:05:14.128517,2026-07-08T11:05:14.140306+00:00,131.6,49,bid,,,12093678
2026-07-08T11:05:14.702743,2026-07-08T11:05:14.711235+00:00,131.1,42,ask,,,12093685
2026-07-08T11:05:15.237538,2026-07-08T11:05:15.249244+00:00,131.3,46,ask,,,12093705
2026-07-08T11:05:16.512985,2026-07-08T11:05:16.523054+00:00,131.3,50,ask,,,12093725
2026-07-08T11:05:18.005498,2026-07-08T11:05:18.019721+00:00,131.5,3,bid,,,12093746
2026-07-08T11:05:18.638362,2026-07-08T11:05:18.647335+00:00,131.3,50,ask,,,12093760
2026-07-08T11:05:20.748682,2026-07-08T11:05:20.756853+00:00,131.1,50,ask,,,12093792
2026-07-08T11:05:22.865175,2026-07-08T11:05:22.874755+00:00,130.9,50,ask,,,12093830
2026-07-08T11:05:24.973297,2026-07-08T11:05:24.982627+00:00,130.9,50,ask,,,12093876
2026-07-08T11:05:25.615724,2026-07-08T11:05:25.627598+00:00,131.3,44,bid,,,12093891
2026-07-08T11:05:25.986859,2026-07-08T11:05:25.998069+00:00,131.0,11,bid,,,12093896
2026-07-08T11:05:27.108513,2026-07-08T11:05:27.120475+00:00,130.8,50,ask,,,12093917
2026-07-08T11:05:28.487438,2026-07-08T11:05:28.497343+00:00,131.0,12,bid,,,12093938
2026-07-08T11:05:29.217249,2026-07-08T11:05:29.229467+00:00,130.8,50,ask,,,12093945
2026-07-08T11:05:30.523602,2026-07-08T11:05:30.535593+00:00,131.2,25,bid,,,12093966
2026-07-08T11:05:30.923064,2026-07-08T11:05:30.934422+00:00,131.2,45,bid,,,12093973
2026-07-08T11:05:31.357334,2026-07-08T11:05:31.369421+00:00,130.7,50,ask,,,12093983
2026-07-08T11:05:32.802550,2026-07-08T11:05:32.808967+00:00,130.8,40,ask,,,12094002
2026-07-08T11:05:33.468053,2026-07-08T11:05:33.479730+00:00,130.8,50,ask,,,12094020
2026-07-08T11:05:34.441758,2026-07-08T11:05:34.458587+00:00,131.0,40,bid,,,12094031
2026-07-08T11:05:35.577682,2026-07-08T11:05:35.586726+00:00,130.6,8,ask,,,12094047
2026-07-08T11:05:35.577682,2026-07-08T11:05:35.586726+00:00,130.5,42,ask,,,12094048
2026-07-08T11:05:35.638974,2026-07-08T11:05:35.645622+00:00,131.0,25,bid,,,12094053
2026-07-08T11:05:35.973093,2026-07-08T11:05:35.984860+00:00,131.0,40,bid,,,12094066
2026-07-08T11:05:37.485730,2026-07-08T11:05:37.492993+00:00,130.8,47,ask,,,12094090
2026-07-08T11:05:37.690354,2026-07-08T11:05:37.700415+00:00,130.8,50,ask,,,12094094
2026-07-08T11:05:38.568833,2026-07-08T11:05:38.589812+00:00,130.8,44,ask,,,12094109
2026-07-08T11:05:38.984916,2026-07-08T11:05:38.994721+00:00,130.9,11,bid,,,12094115
2026-07-08T11:05:39.822773,2026-07-08T11:05:39.830337+00:00,130.8,9,ask,,,12094127
2026-07-08T11:05:39.822773,2026-07-08T11:05:39.835636+00:00,130.8,8,ask,,,12094128
2026-07-08T11:05:39.822773,2026-07-08T11:05:39.835636+00:00,130.4,33,ask,,,12094129
2026-07-08T11:05:40.032744,2026-07-08T11:05:40.042820+00:00,130.8,8,bid,,,12094133
2026-07-08T11:05:40.114698,2026-07-08T11:05:40.124243+00:00,130.8,4,bid,,,12094135
2026-07-08T11:05:40.327014,2026-07-08T11:05:40.338620+00:00,130.8,44,bid,,,12094140
2026-07-08T11:05:40.756441,2026-07-08T11:05:40.768476+00:00,130.8,25,bid,,,12094143
2026-07-08T11:05:44.003422,2026-07-08T11:05:44.019178+00:00,130.9,50,bid,,,12094183
2026-07-08T11:05:44.085619,2026-07-08T11:05:44.164065+00:00,130.6,8,ask,,,12094184
2026-07-08T11:05:45.728109,2026-07-08T11:05:45.739952+00:00,130.6,8,ask,,,12094211
2026-07-08T11:05:45.728109,2026-07-08T11:05:45.739952+00:00,130.5,39,ask,,,12094212
2026-07-08T11:05:46.165590,2026-07-08T11:05:46.172636+00:00,130.6,8,ask,,,12094220
2026-07-08T11:05:46.165590,2026-07-08T11:05:46.177910+00:00,130.5,42,ask,,,12094221
2026-07-08T11:05:46.419788,2026-07-08T11:05:46.427181+00:00,130.6,4,ask,,,12094224
2026-07-08T11:05:46.419788,2026-07-08T11:05:46.432501+00:00,130.5,100,ask,,,12094225
2026-07-08T11:05:46.665884,2026-07-08T11:05:46.677075+00:00,130.4,8,bid,,,12094228
2026-07-08T11:05:46.842832,2026-07-08T11:05:46.852625+00:00,130.5,3,bid,,,12094233
2026-07-08T11:05:47.013569,2026-07-08T11:05:47.022473+00:00,130.4,8,bid,,,12094236
2026-07-08T11:05:48.227791,2026-07-08T11:05:48.238257+00:00,130.5,43,bid,,,12094256
2026-07-08T11:05:48.227791,2026-07-08T11:05:48.238257+00:00,130.5,7,bid,,,12094257
2026-07-08T11:05:49.498793,2026-07-08T11:05:49.510249+00:00,130.6,26,bid,,,12094278
2026-07-08T11:05:49.545712,2026-07-08T11:05:49.555744+00:00,130.6,74,bid,,,12094281
2026-07-08T11:05:49.545712,2026-07-08T11:05:49.555744+00:00,130.6,8,bid,,,12094282
2026-07-08T11:05:49.760741,2026-07-08T11:05:49.770398+00:00,130.9,8,ask,,,12094284
2026-07-08T11:05:50.337215,2026-07-08T11:05:50.345703+00:00,131.3,50,bid,,,12094291
2026-07-08T11:05:50.810258,2026-07-08T11:05:50.819280+00:00,130.8,3,ask,,,12094297
2026-07-08T11:05:50.909681,2026-07-08T11:05:50.921309+00:00,131.3,40,bid,,,12094300
2026-07-08T11:05:52.251326,2026-07-08T11:05:52.263830+00:00,130.8,12,ask,,,12094326
2026-07-08T11:05:52.444670,2026-07-08T11:05:52.458541+00:00,131.2,50,bid,,,12094329
2026-07-08T11:05:52.719567,2026-07-08T11:05:52.730212+00:00,130.9,11,ask,,,12094336
2026-07-08T11:05:53.074476,2026-07-08T11:05:53.084901+00:00,130.9,45,ask,,,12094338
2026-07-08T11:05:54.553639,2026-07-08T11:05:54.556514+00:00,131.4,50,bid,,,12094362
2026-07-08T11:05:55.116440,2026-07-08T11:05:55.125214+00:00,131.4,41,bid,,,12094374
2026-07-08T11:05:56.307681,2026-07-08T11:05:56.318605+00:00,131.0,49,ask,,,12094395
2026-07-08T11:05:56.660196,2026-07-08T11:05:56.671823+00:00,131.4,50,bid,,,12094401
2026-07-08T11:05:58.630909,2026-07-08T11:05:58.642784+00:00,131.5,43,bid,,,12094428
2026-07-08T11:05:58.776591,2026-07-08T11:05:58.785384+00:00,131.5,50,bid,,,12094435
2026-07-08T11:05:59.051315,2026-07-08T11:05:59.061259+00:00,131.3,34,ask,,,12094443
2026-07-08T11:06:00.883552,2026-07-08T11:06:00.895826+00:00,131.6,50,bid,,,12094477
2026-07-08T11:06:01.405101,2026-07-08T11:06:01.416859+00:00,131.6,46,bid,,,12094484
2026-07-08T11:06:02.650832,2026-07-08T11:06:02.660470+00:00,131.3,12,ask,,,12094502
2026-07-08T11:06:02.992843,2026-07-08T11:06:03.003440+00:00,131.6,4,bid,,,12094506
2026-07-08T11:06:02.992843,2026-07-08T11:06:03.003440+00:00,131.8,46,bid,,,12094507
2026-07-08T11:06:05.101556,2026-07-08T11:06:05.113215+00:00,131.7,50,bid,,,12094548
2026-07-08T11:06:07.086635,2026-07-08T11:06:07.097593+00:00,131.5,8,bid,,,12094580
2026-07-08T11:06:07.098947,2026-07-08T11:06:07.108084+00:00,131.5,11,ask,,,12094581
2026-07-08T11:06:07.209529,2026-07-08T11:06:07.221113+00:00,131.7,50,bid,,,12094584
2026-07-08T11:06:08.118417,2026-07-08T11:06:08.130200+00:00,131.5,47,ask,,,12094597
2026-07-08T11:06:08.642777,2026-07-08T11:06:08.651155+00:00,131.6,3,ask,,,12094603
2026-07-08T11:06:11.208405,2026-07-08T11:06:11.215418+00:00,131.5,41,ask,,,12094646
2026-07-08T11:06:13.581116,2026-07-08T11:06:13.592605+00:00,131.5,50,ask,,,12094685
2026-07-08T11:06:15.689371,2026-07-08T11:06:15.696737+00:00,131.5,50,ask,,,12094718
2026-07-08T11:06:17.798514,2026-07-08T11:06:17.808959+00:00,131.4,50,ask,,,12094735
2026-07-08T11:06:19.116017,2026-07-08T11:06:19.128027+00:00,131.5,49,bid,,,12094750
2026-07-08T11:06:19.708000,2026-07-08T11:06:19.719609+00:00,131.0,47,ask,,,12094763
2026-07-08T11:06:22.011220,2026-07-08T11:06:22.023551+00:00,131.1,50,ask,,,12094804
2026-07-08T11:06:22.324988,2026-07-08T11:06:22.334176+00:00,131.4,3,bid,,,12094808
2026-07-08T11:06:23.997218,2026-07-08T11:06:24.006326+00:00,131.4,8,bid,,,12094847
2026-07-08T11:06:24.119063,2026-07-08T11:06:24.130652+00:00,131.1,50,ask,,,12094850
2026-07-08T11:06:24.321556,2026-07-08T11:06:24.330337+00:00,131.4,3,bid,,,12094853
2026-07-08T11:06:26.227686,2026-07-08T11:06:26.239534+00:00,131.3,50,ask,,,12094874
2026-07-08T11:06:27.053829,2026-07-08T11:06:27.065347+00:00,131.4,41,bid,,,12094886
2026-07-08T11:06:27.589262,2026-07-08T11:06:27.601397+00:00,131.4,12,bid,,,12094898
2026-07-08T11:06:30.390927,2026-07-08T11:06:30.402911+00:00,131.4,50,bid,,,12094941
2026-07-08T11:06:30.646327,2026-07-08T11:06:30.660127+00:00,131.4,11,bid,,,12094946
2026-07-08T11:06:32.498060,2026-07-08T11:06:32.506125+00:00,131.7,8,bid,,,12094976
2026-07-08T11:06:32.498060,2026-07-08T11:06:32.511542+00:00,131.7,42,bid,,,12094977
2026-07-08T11:06:34.241478,2026-07-08T11:06:34.253612+00:00,131.7,44,bid,,,12095002
2026-07-08T11:06:34.297761,2026-07-08T11:06:34.306529+00:00,131.4,49,ask,,,12095004
2026-07-08T11:06:34.609634,2026-07-08T11:06:34.617205+00:00,131.7,14,bid,,,12095006
2026-07-08T11:06:34.885522,2026-07-08T11:06:34.898447+00:00,131.9,45,bid,,,12095010
2026-07-08T11:06:35.785834,2026-07-08T11:06:35.792497+00:00,131.6,49,ask,,,12095020
2026-07-08T11:06:36.715849,2026-07-08T11:06:36.727790+00:00,131.9,50,bid,,,12095030
2026-07-08T11:06:36.878430,2026-07-08T11:06:36.886366+00:00,131.9,49,bid,,,12095037
2026-07-08T11:06:37.077248,2026-07-08T11:06:37.087442+00:00,131.8,23,ask,,,12095039
2026-07-08T11:06:38.826966,2026-07-08T11:06:38.836228+00:00,132.3,50,bid,,,12095065
2026-07-08T11:06:40.227450,2026-07-08T11:06:40.239632+00:00,132.3,100,bid,,,12095096
2026-07-08T11:06:40.227450,2026-07-08T11:06:40.239632+00:00,132.4,8,bid,,,12095097
2026-07-08T11:06:40.298784,2026-07-08T11:06:40.349071+00:00,132.4,11,ask,,,12095099
2026-07-08T11:06:44.879075,2026-07-08T11:06:44.890619+00:00,132.3,47,ask,,,12095179
2026-07-08T11:06:45.231808,2026-07-08T11:06:45.243869+00:00,132.2,50,ask,,,12095182
2026-07-08T11:06:47.347459,2026-07-08T11:06:47.358375+00:00,132.2,50,ask,,,12095217
2026-07-08T11:06:47.424908,2026-07-08T11:06:47.435140+00:00,132.5,40,bid,,,12095221
2026-07-08T11:06:48.002432,2026-07-08T11:06:48.014327+00:00,132.5,46,bid,,,12095229
2026-07-08T11:06:48.058588,2026-07-08T11:06:48.070565+00:00,132.0,41,ask,,,12095232
2026-07-08T11:06:49.164112,2026-07-08T11:06:49.175467+00:00,132.1,47,ask,,,12095243
2026-07-08T11:06:49.485722,2026-07-08T11:06:49.495868+00:00,132.1,50,ask,,,12095248
2026-07-08T11:06:50.714597,2026-07-08T11:06:50.726495+00:00,132.2,40,ask,,,12095267
2026-07-08T11:06:51.486216,2026-07-08T11:06:51.494571+00:00,132.2,100,ask,,,12095275
2026-07-08T11:06:51.593363,2026-07-08T11:06:51.601464+00:00,132.2,10,ask,,,12095279
2026-07-08T11:06:51.593363,2026-07-08T11:06:51.606698+00:00,132.1,8,ask,,,12095280
2026-07-08T11:06:51.593363,2026-07-08T11:06:51.606698+00:00,131.7,32,ask,,,12095281
2026-07-08T11:06:52.952856,2026-07-08T11:06:52.964201+00:00,132.1,23,bid,,,12095299
2026-07-08T11:06:53.703329,2026-07-08T11:06:53.715266+00:00,131.7,50,ask,,,12095312
2026-07-08T11:06:56.542691,2026-07-08T11:06:56.552409+00:00,132.0,11,bid,,,12095369
2026-07-08T11:06:57.855107,2026-07-08T11:06:57.856281+00:00,132.1,40,bid,,,12095392
2026-07-08T11:06:57.863406,2026-07-08T11:06:57.875323+00:00,132.1,50,bid,,,12095393
2026-07-08T11:06:58.380446,2026-07-08T11:06:58.392509+00:00,132.1,46,bid,,,12095399
2026-07-08T11:06:59.228834,2026-07-08T11:06:59.239255+00:00,132.2,23,ask,,,12095412
2026-07-08T11:06:59.969535,2026-07-08T11:06:59.979631+00:00,132.3,50,bid,,,12095422
2026-07-08T11:07:04.258285,2026-07-08T11:07:04.270168+00:00,132.1,50,ask,,,12095461
2026-07-08T11:07:04.817180,2026-07-08T11:07:04.828993+00:00,132.1,43,ask,,,12095463
2026-07-08T11:07:05.387285,2026-07-08T11:07:05.397288+00:00,132.2,44,bid,,,12095469
2026-07-08T11:07:06.591484,2026-07-08T11:07:06.602166+00:00,132.1,47,bid,,,12095487
2026-07-08T11:07:08.433222,2026-07-08T11:07:08.445344+00:00,132.1,50,bid,,,12095519
2026-07-08T11:07:09.703198,2026-07-08T11:07:09.713666+00:00,132.0,11,ask,,,12095537
2026-07-08T11:07:10.626920,2026-07-08T11:07:10.637834+00:00,131.8,50,ask,,,12095551
2026-07-08T11:07:12.734507,2026-07-08T11:07:12.746414+00:00,131.7,50,ask,,,12095574
2026-07-08T11:07:15.113361,2026-07-08T11:07:15.121630+00:00,131.9,11,bid,,,12095618
2026-07-08T11:07:16.970901,2026-07-08T11:07:16.982501+00:00,131.6,50,ask,,,12095645
2026-07-08T11:07:17.059560,2026-07-08T11:07:17.069733+00:00,131.9,12,bid,,,12095650
2026-07-08T11:07:18.321191,2026-07-08T11:07:18.333145+00:00,131.6,42,ask,,,12095669
2026-07-08T11:07:19.027441,2026-07-08T11:07:19.039335+00:00,132.0,8,bid,,,12095678
2026-07-08T11:07:19.027441,2026-07-08T11:07:19.039335+00:00,132.1,42,bid,,,12095679
2026-07-08T11:07:21.185494,2026-07-08T11:07:21.194499+00:00,132.1,50,bid,,,12095713
2026-07-08T11:07:21.570748,2026-07-08T11:07:21.582976+00:00,132.0,12,ask,,,12095723
2026-07-08T11:07:22.650506,2026-07-08T11:07:22.662471+00:00,132.0,43,ask,,,12095744
2026-07-08T11:07:23.273365,2026-07-08T11:07:23.285218+00:00,132.0,46,ask,,,12095756
2026-07-08T11:07:23.296483,2026-07-08T11:07:23.308149+00:00,132.2,50,bid,,,12095757
2026-07-08T11:07:25.504476,2026-07-08T11:07:25.514308+00:00,132.1,12,bid,,,12095791
2026-07-08T11:07:27.369116,2026-07-08T11:07:27.381177+00:00,132.1,47,bid,,,12095816
2026-07-08T11:07:27.507131,2026-07-08T11:07:27.518691+00:00,132.1,50,bid,,,12095819
2026-07-08T11:07:29.292635,2026-07-08T11:07:29.304106+00:00,132.5,5,bid,,,12095846
2026-07-08T11:07:29.480916,2026-07-08T11:07:29.492528+00:00,132.5,47,bid,,,12095853
2026-07-08T11:07:29.649490,2026-07-08T11:07:29.660980+00:00,132.5,50,bid,,,12095857
2026-07-08T11:07:30.361638,2026-07-08T11:07:30.370335+00:00,132.5,5,bid,,,12095865
2026-07-08T11:07:30.893906,2026-07-08T11:07:30.907135+00:00,132.4,26,ask,,,12095877
2026-07-08T11:07:30.899355,2026-07-08T11:07:30.907135+00:00,132.4,42,ask,,,12095878
2026-07-08T11:07:31.757299,2026-07-08T11:07:31.769506+00:00,132.6,50,bid,,,12095896
2026-07-08T11:07:32.515076,2026-07-08T11:07:32.525722+00:00,132.6,5,bid,,,12095909
2026-07-08T11:07:33.333693,2026-07-08T11:07:33.340517+00:00,132.9,48,bid,,,12095920
2026-07-08T11:07:33.902442,2026-07-08T11:07:33.909493+00:00,132.9,50,bid,,,12095933
2026-07-08T11:07:35.843607,2026-07-08T11:07:35.849996+00:00,132.6,100,ask,,,12095956
2026-07-08T11:07:36.014266,2026-07-08T11:07:36.021180+00:00,132.9,2,bid,,,12095963
2026-07-08T11:07:36.014266,2026-07-08T11:07:36.026691+00:00,133.0,8,bid,,,12095964
2026-07-08T11:07:36.014266,2026-07-08T11:07:36.026691+00:00,133.1,40,bid,,,12095965
2026-07-08T11:07:36.590919,2026-07-08T11:07:36.598460+00:00,132.6,48,ask,,,12095973
2026-07-08T11:07:38.281360,2026-07-08T11:07:38.292855+00:00,132.6,49,bid,,,12095990
2026-07-08T11:07:38.924162,2026-07-08T11:07:38.930724+00:00,132.6,5,bid,,,12096001
2026-07-08T11:07:38.952307,2026-07-08T11:07:38.964401+00:00,132.6,96,bid,,,12096002
2026-07-08T11:07:38.952307,2026-07-08T11:07:38.964401+00:00,132.6,4,bid,,,12096003
2026-07-08T11:07:40.397522,2026-07-08T11:07:40.404760+00:00,132.8,8,bid,,,12096033
2026-07-08T11:07:42.191298,2026-07-08T11:07:42.203315+00:00,132.8,100,ask,,,12096062
2026-07-08T11:07:42.400141,2026-07-08T11:07:42.412506+00:00,132.8,42,ask,,,12096063
2026-07-08T11:07:42.400141,2026-07-08T11:07:42.412506+00:00,132.7,8,ask,,,12096064
2026-07-08T11:07:42.406949,2026-07-08T11:07:42.417774+00:00,132.2,46,ask,,,12096065
2026-07-08T11:07:44.510353,2026-07-08T11:07:44.521933+00:00,132.2,50,ask,,,12096091
2026-07-08T11:07:46.608357,2026-07-08T11:07:46.615023+00:00,132.2,43,ask,,,12096127
2026-07-08T11:07:47.482083,2026-07-08T11:07:47.490520+00:00,132.4,5,bid,,,12096134
2026-07-08T11:07:48.721540,2026-07-08T11:07:48.729241+00:00,132.1,50,ask,,,12096160
2026-07-08T11:07:49.624284,2026-07-08T11:07:49.631494+00:00,132.4,5,bid,,,12096171
2026-07-08T11:07:50.339787,2026-07-08T11:07:50.346729+00:00,132.4,45,bid,,,12096182
2026-07-08T11:07:51.346174,2026-07-08T11:07:51.352602+00:00,132.4,40,bid,,,12096197
2026-07-08T11:07:52.840836,2026-07-08T11:07:52.851959+00:00,132.4,5,bid,,,12096220
2026-07-08T11:07:52.883564,2026-07-08T11:07:52.894444+00:00,132.4,50,bid,,,12096223
2026-07-08T11:07:53.068808,2026-07-08T11:07:53.079424+00:00,132.4,100,bid,,,12096228
2026-07-08T11:07:53.068808,2026-07-08T11:07:53.079424+00:00,132.5,8,bid,,,12096229
2026-07-08T11:07:55.044484,2026-07-08T11:07:55.054591+00:00,132.7,42,ask,,,12096263
2026-07-08T11:07:55.044484,2026-07-08T11:07:55.054591+00:00,132.5,8,ask,,,12096264
2026-07-08T11:07:57.126766,2026-07-08T11:07:57.135616+00:00,132.5,5,bid,,,12096297
2026-07-08T11:07:57.153677,2026-07-08T11:07:57.152408+00:00,132.4,50,ask,,,12096299
2026-07-08T11:07:57.492781,2026-07-08T11:07:57.504733+00:00,132.4,42,ask,,,12096307
2026-07-08T11:07:58.200036,2026-07-08T11:07:58.211643+00:00,132.5,5,bid,,,12096318
2026-07-08T11:07:58.530527,2026-07-08T11:07:58.542186+00:00,132.5,41,bid,,,12096322
2026-07-08T11:07:59.262355,2026-07-08T11:07:59.274192+00:00,132.1,50,ask,,,12096335
2026-07-08T11:08:01.158792,2026-07-08T11:08:01.169120+00:00,132.2,42,ask,,,12096355
2026-07-08T11:08:01.375021,2026-07-08T11:08:01.382143+00:00,132.2,50,ask,,,12096363
2026-07-08T11:08:02.634080,2026-07-08T11:08:02.645188+00:00,132.5,3,bid,,,12096379
2026-07-08T11:08:02.748770,2026-07-08T11:08:02.760248+00:00,132.5,47,bid,,,12096382
2026-07-08T11:08:04.916743,2026-07-08T11:08:04.925790+00:00,132.5,11,bid,,,12096412
2026-07-08T11:08:05.315970,2026-07-08T11:08:05.323107+00:00,132.5,42,bid,,,12096415
2026-07-08T11:08:05.539412,2026-07-08T11:08:05.550971+00:00,132.5,47,bid,,,12096417
2026-07-08T11:08:05.539412,2026-07-08T11:08:05.550971+00:00,132.6,3,bid,,,12096418
2026-07-08T11:08:05.736471,2026-07-08T11:08:05.751767+00:00,132.6,97,bid,,,12096426
2026-07-08T11:08:05.736471,2026-07-08T11:08:05.751767+00:00,132.7,8,bid,,,12096427
2026-07-08T11:08:05.736471,2026-07-08T11:08:05.751767+00:00,132.8,2,bid,,,12096428
2026-07-08T11:08:05.811155,2026-07-08T11:08:05.819958+00:00,132.8,11,ask,,,12096433
2026-07-08T11:08:05.821352,2026-07-08T11:08:05.835253+00:00,132.8,32,ask,,,12096435
2026-07-08T11:08:05.821352,2026-07-08T11:08:05.835253+00:00,132.1,9,ask,,,12096436
2026-07-08T11:08:07.729730,2026-07-08T11:08:07.738884+00:00,132.5,49,ask,,,12096469
2026-07-08T11:08:09.188572,2026-07-08T11:08:09.200491+00:00,132.6,42,bid,,,12096484
2026-07-08T11:08:09.691998,2026-07-08T11:08:09.703645+00:00,132.5,41,ask,,,12096495
2026-07-08T11:08:09.765725,2026-07-08T11:08:09.776586+00:00,132.6,50,bid,,,12096500
2026-07-08T11:08:10.215088,2026-07-08T11:08:10.224139+00:00,132.6,11,bid,,,12096506
2026-07-08T11:08:11.533657,2026-07-08T11:08:11.545531+00:00,132.6,12,bid,,,12096528
2026-07-08T11:08:11.871442,2026-07-08T11:08:11.880344+00:00,132.6,35,bid,,,12096534
2026-07-08T11:08:11.871442,2026-07-08T11:08:11.880344+00:00,132.8,15,bid,,,12096535
2026-07-08T11:08:12.069330,2026-07-08T11:08:12.080946+00:00,132.8,85,bid,,,12096541
2026-07-08T11:08:12.069330,2026-07-08T11:08:12.080946+00:00,132.8,8,bid,,,12096542
2026-07-08T11:08:12.136370,2026-07-08T11:08:12.146426+00:00,132.8,23,ask,,,12096543
2026-07-08T11:08:12.283357,2026-07-08T11:08:12.295819+00:00,132.9,3,ask,,,12096550
2026-07-08T11:08:13.983634,2026-07-08T11:08:13.993264+00:00,133.1,50,bid,,,12096577
2026-07-08T11:08:15.389132,2026-07-08T11:08:15.400396+00:00,132.8,42,bid,,,12096595
2026-07-08T11:08:16.143066,2026-07-08T11:08:16.164052+00:00,132.6,50,ask,,,12096603
2026-07-08T11:08:17.349390,2026-07-08T11:08:17.358549+00:00,132.8,2,bid,,,12096618
2026-07-08T11:08:17.360079,2026-07-08T11:08:17.368967+00:00,132.5,46,ask,,,12096619
2026-07-08T11:08:18.199837,2026-07-08T11:08:18.212029+00:00,132.8,50,bid,,,12096634
2026-07-08T11:08:19.976198,2026-07-08T11:08:19.987448+00:00,133.0,45,bid,,,12096659
2026-07-08T11:08:20.308828,2026-07-08T11:08:20.320468+00:00,133.1,2,bid,,,12096665
2026-07-08T11:08:20.308828,2026-07-08T11:08:20.320468+00:00,133.1,48,bid,,,12096666
2026-07-08T11:08:22.468525,2026-07-08T11:08:22.479421+00:00,132.7,8,ask,,,12096700
2026-07-08T11:08:22.468525,2026-07-08T11:08:22.479421+00:00,132.6,42,ask,,,12096701
2026-07-08T11:08:23.128271,2026-07-08T11:08:23.140447+00:00,132.7,8,ask,,,12096717
2026-07-08T11:08:23.128271,2026-07-08T11:08:23.140447+00:00,132.6,35,ask,,,12096718
2026-07-08T11:08:24.578574,2026-07-08T11:08:24.588448+00:00,132.6,50,ask,,,12096744
2026-07-08T11:08:26.134839,2026-07-08T11:08:26.144834+00:00,132.6,49,ask,,,12096767
2026-07-08T11:08:26.633773,2026-07-08T11:08:26.645759+00:00,132.9,50,bid,,,12096770
2026-07-08T11:08:27.556934,2026-07-08T11:08:27.564086+00:00,132.9,5,bid,,,12096779
2026-07-08T11:08:28.577091,2026-07-08T11:08:28.586964+00:00,132.9,5,bid,,,12096800
2026-07-08T11:08:28.812566,2026-07-08T11:08:28.823999+00:00,132.6,50,ask,,,12096806
2026-07-08T11:08:29.602940,2026-07-08T11:08:29.611831+00:00,132.9,5,bid,,,12096809
2026-07-08T11:08:30.920227,2026-07-08T11:08:30.931855+00:00,132.7,50,ask,,,12096838
2026-07-08T11:08:34.683785,2026-07-08T11:08:34.691567+00:00,132.6,5,bid,,,12096901
2026-07-08T11:08:35.164818,2026-07-08T11:08:35.174490+00:00,132.3,50,ask,,,12096909
2026-07-08T11:08:35.706311,2026-07-08T11:08:35.716578+00:00,132.6,5,bid,,,12096914
2026-07-08T11:08:35.839087,2026-07-08T11:08:35.847941+00:00,132.6,3,bid,,,12096916
2026-07-08T11:08:36.730449,2026-07-08T11:08:36.738780+00:00,132.6,1,bid,,,12096935
2026-07-08T11:08:37.046856,2026-07-08T11:08:37.055386+00:00,132.6,11,bid,,,12096939
2026-07-08T11:08:37.229027,2026-07-08T11:08:37.240555+00:00,132.6,50,bid,,,12096945
2026-07-08T11:08:37.791356,2026-07-08T11:08:37.829721+00:00,132.6,11,ask,,,12096956
2026-07-08T11:08:39.069103,2026-07-08T11:08:39.084765+00:00,132.6,48,ask,,,12096973
2026-07-08T11:08:40.683070,2026-07-08T11:08:40.693168+00:00,132.7,11,bid,,,12097013
2026-07-08T11:08:43.584158,2026-07-08T11:08:43.595816+00:00,132.8,50,bid,,,12097052
2026-07-08T11:08:43.822227,2026-07-08T11:08:43.829440+00:00,132.8,40,bid,,,12097058
2026-07-08T11:08:45.776537,2026-07-08T11:08:45.788672+00:00,132.7,50,ask,,,12097091
2026-07-08T11:08:47.835749,2026-07-08T11:08:47.847567+00:00,132.7,50,bid,,,12097119
2026-07-08T11:08:50.003278,2026-07-08T11:08:50.011334+00:00,132.5,50,ask,,,12097146
2026-07-08T11:08:52.113337,2026-07-08T11:08:52.125222+00:00,132.4,8,ask,,,12097167
2026-07-08T11:08:52.113337,2026-07-08T11:08:52.125222+00:00,132.3,42,ask,,,12097168
2026-07-08T11:08:54.245017,2026-07-08T11:08:54.254307+00:00,132.3,50,ask,,,12097197
2026-07-08T11:08:56.248435,2026-07-08T11:08:56.263134+00:00,132.6,12,bid,,,12097227
2026-07-08T11:08:56.351470,2026-07-08T11:08:56.363484+00:00,132.3,8,ask,,,12097229
2026-07-08T11:08:56.351470,2026-07-08T11:08:56.363484+00:00,132.2,42,ask,,,12097230
2026-07-08T11:08:58.488009,2026-07-08T11:08:58.499678+00:00,132.4,50,ask,,,12097261
2026-07-08T11:08:58.891116,2026-07-08T11:08:58.900751+00:00,132.5,11,bid,,,12097272
2026-07-08T11:09:00.593987,2026-07-08T11:09:00.605830+00:00,132.2,50,ask,,,12097295
2026-07-08T11:09:02.744027,2026-07-08T11:09:02.758779+00:00,132.4,8,ask,,,12097319
2026-07-08T11:09:02.824593,2026-07-08T11:09:02.833717+00:00,132.4,12,bid,,,12097322
2026-07-08T11:09:04.754371,2026-07-08T11:09:04.766118+00:00,132.4,50,bid,,,12097344
2026-07-08T11:09:05.235284,2026-07-08T11:09:05.243415+00:00,132.4,40,bid,,,12097355
2026-07-08T11:09:06.862428,2026-07-08T11:09:06.874152+00:00,132.6,8,bid,,,12097379
2026-07-08T11:09:06.862428,2026-07-08T11:09:06.874152+00:00,132.7,42,bid,,,12097380
2026-07-08T11:09:08.968104,2026-07-08T11:09:08.975743+00:00,132.6,8,bid,,,12097408
2026-07-08T11:09:08.968104,2026-07-08T11:09:08.981325+00:00,132.7,39,bid,,,12097409
2026-07-08T11:09:08.974073,2026-07-08T11:09:08.986315+00:00,132.7,50,bid,,,12097410
2026-07-08T11:09:10.844524,2026-07-08T11:09:10.857833+00:00,132.6,23,ask,,,12097440
2026-07-08T11:09:11.087334,2026-07-08T11:09:11.097087+00:00,132.8,50,bid,,,12097445
2026-07-08T11:09:12.182075,2026-07-08T11:09:12.191118+00:00,132.6,26,ask,,,12097463
2026-07-08T11:09:12.592324,2026-07-08T11:09:12.607291+00:00,133.0,2,bid,,,12097471
2026-07-08T11:09:12.592324,2026-07-08T11:09:12.607291+00:00,133.0,1,bid,,,12097472
2026-07-08T11:09:13.099629,2026-07-08T11:09:13.111040+00:00,133.0,2,bid,,,12097483
2026-07-08T11:09:13.108380,2026-07-08T11:09:13.116492+00:00,132.6,49,ask,,,12097484
2026-07-08T11:09:13.212677,2026-07-08T11:09:13.224430+00:00,133.0,50,bid,,,12097486
2026-07-08T11:09:15.322903,2026-07-08T11:09:15.334659+00:00,133.0,50,bid,,,12097518
2026-07-08T11:09:15.832139,2026-07-08T11:09:15.843982+00:00,132.9,43,ask,,,12097522
2026-07-08T11:09:16.623071,2026-07-08T11:09:16.643111+00:00,133.0,11,bid,,,12097536
2026-07-08T11:09:17.429135,2026-07-08T11:09:17.437156+00:00,133.4,50,bid,,,12097552
2026-07-08T11:09:18.526827,2026-07-08T11:09:18.535879+00:00,133.4,100,bid,,,12097558
2026-07-08T11:09:18.547826,2026-07-08T11:09:18.563815+00:00,133.4,8,ask,,,12097559
2026-07-08T11:09:18.589813,2026-07-08T11:09:18.604355+00:00,133.4,14,ask,,,12097560
2026-07-08T11:09:19.537915,2026-07-08T11:09:19.558564+00:00,133.7,2,bid,,,12097578
2026-07-08T11:09:19.537915,2026-07-08T11:09:19.558564+00:00,133.9,48,bid,,,12097579
2026-07-08T11:09:20.253086,2026-07-08T11:09:20.270666+00:00,133.9,40,bid,,,12097589
2026-07-08T11:09:21.254832,2026-07-08T11:09:21.266822+00:00,133.4,28,ask,,,12097600
2026-07-08T11:09:21.254832,2026-07-08T11:09:21.266822+00:00,133.2,20,ask,,,12097601
2026-07-08T11:09:21.649141,2026-07-08T11:09:21.651858+00:00,133.7,50,bid,,,12097606
2026-07-08T11:09:23.755318,2026-07-08T11:09:23.758589+00:00,133.7,50,bid,,,12097647
2026-07-08T11:09:25.864523,2026-07-08T11:09:25.871590+00:00,133.9,50,bid,,,12097669
2026-07-08T11:09:27.972008,2026-07-08T11:09:27.979731+00:00,134.0,2,bid,,,12097710
2026-07-08T11:09:27.975019,2026-07-08T11:09:27.984691+00:00,134.0,6,bid,,,12097711
2026-07-08T11:09:27.975019,2026-07-08T11:09:27.984691+00:00,134.2,44,bid,,,12097712
2026-07-08T11:09:29.520356,2026-07-08T11:09:29.529358+00:00,134.2,47,bid,,,12097736
2026-07-08T11:09:29.832863,2026-07-08T11:09:29.852385+00:00,134.2,2,bid,,,12097741
2026-07-08T11:09:29.843260,2026-07-08T11:09:29.852385+00:00,134.2,3,ask,,,12097742
2026-07-08T11:09:29.845943,2026-07-08T11:09:29.852385+00:00,134.2,8,ask,,,12097743
2026-07-08T11:09:30.082173,2026-07-08T11:09:30.088855+00:00,134.3,50,bid,,,12097748
2026-07-08T11:09:30.094025,2026-07-08T11:09:30.104425+00:00,134.2,5,ask,,,12097749
2026-07-08T11:09:30.114084,2026-07-08T11:09:30.125374+00:00,134.2,2,ask,,,12097752
2026-07-08T11:09:30.460000,2026-07-08T11:09:30.472881+00:00,134.2,11,ask,,,12097759
2026-07-08T11:09:31.028446,2026-07-08T11:09:31.040518+00:00,134.2,25,ask,,,12097771
2026-07-08T11:09:31.177586,2026-07-08T11:09:31.192270+00:00,134.4,5,ask,,,12097776
2026-07-08T11:09:31.182226,2026-07-08T11:09:31.192270+00:00,134.4,3,ask,,,12097777
2026-07-08T11:09:31.198066,2026-07-08T11:09:31.207479+00:00,134.2,2,ask,,,12097781
2026-07-08T11:09:32.256024,2026-07-08T11:09:32.267853+00:00,134.2,5,ask,,,12097795
2026-07-08T11:09:32.284002,2026-07-08T11:09:32.293839+00:00,134.2,2,ask,,,12097801
2026-07-08T11:09:32.794375,2026-07-08T11:09:32.806851+00:00,134.2,35,ask,,,12097811
2026-07-08T11:09:32.794375,2026-07-08T11:09:32.806851+00:00,134.2,8,ask,,,12097812
2026-07-08T11:09:32.794375,2026-07-08T11:09:32.806851+00:00,133.8,3,ask,,,12097813
2026-07-08T11:09:33.359547,2026-07-08T11:09:33.368100+00:00,134.0,2,bid,,,12097820
2026-07-08T11:09:34.293361,2026-07-08T11:09:34.304123+00:00,134.3,50,bid,,,12097833
2026-07-08T11:09:35.478678,2026-07-08T11:09:35.490538+00:00,134.0,46,ask,,,12097858
2026-07-08T11:09:35.482784,2026-07-08T11:09:35.490538+00:00,134.0,5,ask,,,12097859
2026-07-08T11:09:35.493593,2026-07-08T11:09:35.500785+00:00,134.0,2,ask,,,12097861
2026-07-08T11:09:36.030557,2026-07-08T11:09:36.040778+00:00,134.4,40,bid,,,12097869
2026-07-08T11:09:36.150541,2026-07-08T11:09:36.163614+00:00,134.0,25,ask,,,12097871
2026-07-08T11:09:36.407747,2026-07-08T11:09:36.417222+00:00,134.4,50,bid,,,12097877
2026-07-08T11:09:36.553213,2026-07-08T11:09:36.564976+00:00,134.0,5,ask,,,12097878
2026-07-08T11:09:38.072453,2026-07-08T11:09:38.084224+00:00,134.1,42,bid,,,12097900
2026-07-08T11:09:38.515581,2026-07-08T11:09:38.527283+00:00,134.1,50,bid,,,12097910
2026-07-08T11:09:39.002584,2026-07-08T11:09:39.014667+00:00,134.1,47,bid,,,12097915
2026-07-08T11:09:39.762827,2026-07-08T11:09:39.774417+00:00,134.0,5,ask,,,12097933
2026-07-08T11:09:40.159121,2026-07-08T11:09:40.171254+00:00,134.0,44,ask,,,12097937
2026-07-08T11:09:40.688025,2026-07-08T11:09:40.699764+00:00,134.1,2,bid,,,12097944
2026-07-08T11:09:40.871023,2026-07-08T11:09:40.881042+00:00,134.2,5,ask,,,12097947
2026-07-08T11:09:40.919026,2026-07-08T11:09:40.928294+00:00,134.2,2,ask,,,12097957
2026-07-08T11:09:41.001860,2026-07-08T11:09:41.011925+00:00,134.2,22,ask,,,12097959
2026-07-08T11:09:41.172562,2026-07-08T11:09:41.184547+00:00,134.2,41,ask,,,12097961
2026-07-08T11:09:41.264589,2026-07-08T11:09:41.274010+00:00,134.2,25,ask,,,12097962
2026-07-08T11:09:41.977849,2026-07-08T11:09:41.989700+00:00,134.2,5,ask,,,12097975
2026-07-08T11:09:41.993744,2026-07-08T11:09:42.005140+00:00,134.2,2,ask,,,12097978
2026-07-08T11:09:42.303816,2026-07-08T11:09:42.317965+00:00,134.5,47,bid,,,12097983
2026-07-08T11:09:42.792235,2026-07-08T11:09:42.799585+00:00,134.2,48,ask,,,12097993
2026-07-08T11:09:42.792235,2026-07-08T11:09:42.804537+00:00,134.1,2,ask,,,12097994
2026-07-08T11:09:43.055945,2026-07-08T11:09:43.067620+00:00,133.9,5,ask,,,12097997
2026-07-08T11:09:43.436117,2026-07-08T11:09:43.442957+00:00,133.9,47,ask,,,12098003
2026-07-08T11:09:43.909993,2026-07-08T11:09:43.921770+00:00,134.1,2,bid,,,12098007
2026-07-08T11:09:43.909993,2026-07-08T11:09:43.921770+00:00,134.3,8,bid,,,12098008
2026-07-08T11:09:43.909993,2026-07-08T11:09:43.921770+00:00,134.4,36,bid,,,12098009
2026-07-08T11:09:43.934076,2026-07-08T11:09:43.945951+00:00,133.9,48,ask,,,12098010
2026-07-08T11:09:43.947385,2026-07-08T11:09:43.956494+00:00,133.9,23,bid,,,12098012
2026-07-08T11:09:44.549444,2026-07-08T11:09:44.559901+00:00,133.9,48,bid,,,12098024
2026-07-08T11:09:44.912066,2026-07-08T11:09:44.919341+00:00,133.4,50,ask,,,12098031
2026-07-08T11:09:47.020381,2026-07-08T11:09:47.031910+00:00,133.8,50,ask,,,12098057
2026-07-08T11:09:49.126534,2026-07-08T11:09:49.138248+00:00,133.7,50,ask,,,12098084
2026-07-08T11:09:49.874687,2026-07-08T11:09:49.884871+00:00,133.7,49,ask,,,12098090
2026-07-08T11:09:50.276103,2026-07-08T11:09:50.283992+00:00,133.8,8,bid,,,12098096
2026-07-08T11:09:51.235869,2026-07-08T11:09:51.247475+00:00,133.6,50,ask,,,12098109
2026-07-08T11:09:51.285126,2026-07-08T11:09:51.304747+00:00,133.8,3,bid,,,12098113
2026-07-08T11:09:51.546802,2026-07-08T11:09:51.558763+00:00,133.6,42,ask,,,12098118
2026-07-08T11:09:52.036882,2026-07-08T11:09:52.048830+00:00,133.8,44,bid,,,12098121
2026-07-08T11:09:52.124177,2026-07-08T11:09:52.131023+00:00,133.4,8,ask,,,12098125
2026-07-08T11:09:53.144761,2026-07-08T11:09:53.158567+00:00,133.4,2,ask,,,12098150
2026-07-08T11:09:53.144761,2026-07-08T11:09:53.158567+00:00,133.3,43,ask,,,12098151
2026-07-08T11:09:53.341731,2026-07-08T11:09:53.349594+00:00,133.2,50,ask,,,12098155
2026-07-08T11:09:53.421594,2026-07-08T11:09:53.429946+00:00,133.2,4,ask,,,12098157
2026-07-08T11:09:53.838839,2026-07-08T11:09:53.846332+00:00,133.2,1,ask,,,12098167
2026-07-08T11:09:55.220409,2026-07-08T11:09:55.230627+00:00,133.4,3,bid,,,12098183
2026-07-08T11:09:55.451668,2026-07-08T11:09:55.464537+00:00,133.1,2,ask,,,12098188
2026-07-08T11:09:55.451668,2026-07-08T11:09:55.464537+00:00,133.0,48,ask,,,12098189
2026-07-08T11:09:55.961767,2026-07-08T11:09:55.969786+00:00,133.2,2,bid,,,12098203
2026-07-08T11:09:55.970053,2026-07-08T11:09:55.980026+00:00,133.4,2,bid,,,12098204
2026-07-08T11:09:56.600276,2026-07-08T11:09:56.627618+00:00,133.3,2,bid,,,12098222
2026-07-08T11:09:56.632735,2026-07-08T11:09:56.643026+00:00,133.3,1,bid,,,12098225
2026-07-08T11:09:56.768561,2026-07-08T11:09:56.777784+00:00,133.3,11,bid,,,12098233
2026-07-08T11:09:56.777792,2026-07-08T11:09:56.793005+00:00,133.3,42,bid,,,12098235
2026-07-08T11:09:57.025712,2026-07-08T11:09:57.034196+00:00,133.3,5,bid,,,12098239
2026-07-08T11:09:57.029921,2026-07-08T11:09:57.039548+00:00,133.3,1,bid,,,12098240
2026-07-08T11:09:57.560554,2026-07-08T11:09:57.572769+00:00,133.1,2,ask,,,12098245
2026-07-08T11:09:57.560554,2026-07-08T11:09:57.572769+00:00,133.1,2,ask,,,12098246
2026-07-08T11:09:57.560554,2026-07-08T11:09:57.572769+00:00,133.0,8,ask,,,12098247
2026-07-08T11:09:57.560554,2026-07-08T11:09:57.577973+00:00,132.9,38,ask,,,12098248
2026-07-08T11:09:57.918677,2026-07-08T11:09:57.929516+00:00,133.2,2,bid,,,12098255
2026-07-08T11:09:58.050762,2026-07-08T11:09:58.059754+00:00,133.3,5,bid,,,12098265
2026-07-08T11:09:59.092832,2026-07-08T11:09:59.104056+00:00,133.3,5,bid,,,12098280
2026-07-08T11:09:59.712427,2026-07-08T11:09:59.724247+00:00,133.1,2,ask,,,12098289
2026-07-08T11:09:59.712427,2026-07-08T11:09:59.724247+00:00,133.0,48,ask,,,12098290
2026-07-08T11:09:59.719607,2026-07-08T11:09:59.729755+00:00,133.2,2,bid,,,12098291
2026-07-08T11:09:59.719607,2026-07-08T11:09:59.729755+00:00,133.4,100,bid,,,12098292
2026-07-08T11:09:59.719607,2026-07-08T11:09:59.745240+00:00,133.4,8,bid,,,12098293
2026-07-08T11:09:59.735921,2026-07-08T11:09:59.745240+00:00,133.4,2,ask,,,12098294
2026-07-08T11:09:59.937645,2026-07-08T11:09:59.946704+00:00,133.5,2,ask,,,12098298
2026-07-08T11:10:00.345076,2026-07-08T11:10:00.354834+00:00,133.5,2,ask,,,12098304
2026-07-08T11:10:00.656341,2026-07-08T11:10:00.667532+00:00,133.4,7,ask,,,12098315
2026-07-08T11:10:00.761140,2026-07-08T11:10:00.771063+00:00,133.5,2,ask,,,12098322
2026-07-08T11:10:01.166795,2026-07-08T11:10:01.174791+00:00,133.4,2,ask,,,12098328
2026-07-08T11:10:01.191962,2026-07-08T11:10:01.201888+00:00,133.5,1,ask,,,12098331
2026-07-08T11:10:01.222440,2026-07-08T11:10:01.233316+00:00,133.6,2,bid,,,12098333
2026-07-08T11:10:01.222440,2026-07-08T11:10:01.233316+00:00,133.9,5,bid,,,12098334
2026-07-08T11:10:01.222440,2026-07-08T11:10:01.233316+00:00,133.9,41,bid,,,12098335
2026-07-08T11:10:01.826770,2026-07-08T11:10:01.835391+00:00,133.4,29,ask,,,12098347
2026-07-08T11:10:01.826770,2026-07-08T11:10:01.840697+00:00,133.3,8,ask,,,12098348
2026-07-08T11:10:01.826770,2026-07-08T11:10:01.840697+00:00,133.1,13,ask,,,12098349
2026-07-08T11:10:02.007630,2026-07-08T11:10:02.018589+00:00,133.1,1,ask,,,12098359
2026-07-08T11:10:02.138750,2026-07-08T11:10:02.146656+00:00,133.5,2,bid,,,12098363
2026-07-08T11:10:02.143478,2026-07-08T11:10:02.151666+00:00,133.6,2,bid,,,12098364
2026-07-08T11:10:02.216876,2026-07-08T11:10:02.227514+00:00,133.2,2,ask,,,12098365
2026-07-08T11:10:02.216876,2026-07-08T11:10:02.227514+00:00,133.1,47,ask,,,12098366
2026-07-08T11:10:03.169336,2026-07-08T11:10:03.177566+00:00,133.5,2,bid,,,12098377
2026-07-08T11:10:03.169336,2026-07-08T11:10:03.182563+00:00,133.5,3,bid,,,12098378
2026-07-08T11:10:03.180475,2026-07-08T11:10:03.187788+00:00,133.5,1,bid,,,12098379
2026-07-08T11:10:03.894468,2026-07-08T11:10:03.908276+00:00,133.5,50,bid,,,12098389
2026-07-08T11:10:04.204816,2026-07-08T11:10:04.216063+00:00,133.5,5,bid,,,12098391
2026-07-08T11:10:05.235093,2026-07-08T11:10:05.242758+00:00,133.5,5,bid,,,12098413
2026-07-08T11:10:06.059517,2026-07-08T11:10:06.067214+00:00,133.3,2,ask,,,12098423
2026-07-08T11:10:06.059517,2026-07-08T11:10:06.072729+00:00,133.3,48,ask,,,12098424
2026-07-08T11:10:06.259284,2026-07-08T11:10:06.270822+00:00,133.5,5,bid,,,12098426
2026-07-08T11:10:06.517154,2026-07-08T11:10:06.528915+00:00,133.5,25,bid,,,12098430
2026-07-08T11:10:07.292136,2026-07-08T11:10:07.302201+00:00,133.5,5,bid,,,12098442
2026-07-08T11:10:07.539651,2026-07-08T11:10:07.551179+00:00,133.3,48,ask,,,12098449
2026-07-08T11:10:08.170685,2026-07-08T11:10:08.179702+00:00,133.3,50,ask,,,12098459
2026-07-08T11:10:09.279480,2026-07-08T11:10:09.289747+00:00,133.2,2,ask,,,12098473
2026-07-08T11:10:09.279480,2026-07-08T11:10:09.289747+00:00,133.1,100,ask,,,12098474
2026-07-08T11:10:09.279480,2026-07-08T11:10:09.294696+00:00,133.0,8,ask,,,12098475
2026-07-08T11:10:09.297076,2026-07-08T11:10:09.307666+00:00,133.0,26,bid,,,12098476
2026-07-08T11:10:09.358459,2026-07-08T11:10:09.370161+00:00,133.0,5,bid,,,12098478
2026-07-08T11:10:10.388029,2026-07-08T11:10:10.395870+00:00,133.0,5,bid,,,12098497
2026-07-08T11:10:10.480033,2026-07-08T11:10:10.491093+00:00,132.9,2,bid,,,12098502
2026-07-08T11:10:11.417620,2026-07-08T11:10:11.425019+00:00,133.0,3,bid,,,12098517
2026-07-08T11:10:11.634033,2026-07-08T11:10:11.646007+00:00,133.0,1,bid,,,12098522
2026-07-08T11:10:12.359903,2026-07-08T11:10:12.369872+00:00,133.1,2,bid,,,12098529
2026-07-08T11:10:12.359903,2026-07-08T11:10:12.375173+00:00,133.2,48,bid,,,12098530
2026-07-08T11:10:12.430446,2026-07-08T11:10:12.440227+00:00,133.1,2,ask,,,12098532
2026-07-08T11:10:14.095826,2026-07-08T11:10:14.104477+00:00,133.1,2,ask,,,12098550
2026-07-08T11:10:14.111177,2026-07-08T11:10:14.121745+00:00,133.2,2,ask,,,12098551
2026-07-08T11:10:14.484906,2026-07-08T11:10:14.496818+00:00,133.3,2,bid,,,12098560
2026-07-08T11:10:14.484906,2026-07-08T11:10:14.496818+00:00,133.3,41,bid,,,12098561
2026-07-08T11:10:14.524925,2026-07-08T11:10:14.536429+00:00,133.1,50,ask,,,12098562
2026-07-08T11:10:15.916254,2026-07-08T11:10:15.928129+00:00,133.2,2,bid,,,12098582
2026-07-08T11:10:15.916254,2026-07-08T11:10:15.928129+00:00,133.3,38,bid,,,12098583
2026-07-08T11:10:16.151152,2026-07-08T11:10:16.157577+00:00,133.2,2,bid,,,12098585
2026-07-08T11:10:16.409008,2026-07-08T11:10:16.421298+00:00,133.0,2,ask,,,12098591
2026-07-08T11:10:16.409008,2026-07-08T11:10:16.421298+00:00,132.9,8,ask,,,12098592
2026-07-08T11:10:16.409008,2026-07-08T11:10:16.421298+00:00,132.8,30,ask,,,12098593
2026-07-08T11:10:16.582791,2026-07-08T11:10:16.595301+00:00,133.2,2,bid,,,12098597
2026-07-08T11:10:16.582791,2026-07-08T11:10:16.595301+00:00,133.3,21,bid,,,12098598
2026-07-08T11:10:16.582791,2026-07-08T11:10:16.600506+00:00,133.3,27,bid,,,12098599
2026-07-08T11:10:16.748028,2026-07-08T11:10:16.758580+00:00,133.3,25,bid,,,12098603
2026-07-08T11:10:17.297067,2026-07-08T11:10:17.304013+00:00,133.2,2,bid,,,12098611
2026-07-08T11:10:17.297067,2026-07-08T11:10:17.309020+00:00,133.3,45,bid,,,12098612
2026-07-08T11:10:17.847711,2026-07-08T11:10:17.856819+00:00,133.1,2,ask,,,12098620
2026-07-08T11:10:17.858272,2026-07-08T11:10:17.867212+00:00,133.0,8,ask,,,12098622
2026-07-08T11:10:17.984472,2026-07-08T11:10:17.991286+00:00,133.0,49,ask,,,12098624
2026-07-08T11:10:18.741708,2026-07-08T11:10:18.753729+00:00,133.2,2,bid,,,12098639
2026-07-08T11:10:18.741708,2026-07-08T11:10:18.753729+00:00,133.3,8,bid,,,12098640
2026-07-08T11:10:18.741708,2026-07-08T11:10:18.753729+00:00,133.4,2,bid,,,12098641
2026-07-08T11:10:18.741708,2026-07-08T11:10:18.753729+00:00,133.5,100,bid,,,12098642
2026-07-08T11:10:18.751040,2026-07-08T11:10:18.753729+00:00,133.5,38,ask,,,12098643
2026-07-08T11:10:18.751040,2026-07-08T11:10:18.753729+00:00,133.0,12,ask,,,12098644
2026-07-08T11:10:19.476811,2026-07-08T11:10:19.489009+00:00,133.6,2,bid,,,12098663
2026-07-08T11:10:19.476811,2026-07-08T11:10:19.489009+00:00,133.6,8,bid,,,12098664
2026-07-08T11:10:19.476811,2026-07-08T11:10:19.489009+00:00,134.0,34,bid,,,12098665
2026-07-08T11:10:19.768218,2026-07-08T11:10:19.776237+00:00,133.7,2,bid,,,12098676
2026-07-08T11:10:19.782679,2026-07-08T11:10:19.791877+00:00,133.5,2,ask,,,12098677
2026-07-08T11:10:20.834846,2026-07-08T11:10:20.844067+00:00,133.5,2,bid,,,12098698
2026-07-08T11:10:20.834846,2026-07-08T11:10:20.849315+00:00,133.6,2,bid,,,12098699
2026-07-08T11:10:20.834846,2026-07-08T11:10:20.849315+00:00,133.7,46,bid,,,12098700
2026-07-08T11:10:21.018738,2026-07-08T11:10:21.028231+00:00,133.4,2,ask,,,12098705
2026-07-08T11:10:21.567941,2026-07-08T11:10:21.577700+00:00,133.5,2,bid,,,12098712
2026-07-08T11:10:21.695392,2026-07-08T11:10:21.707601+00:00,133.3,2,ask,,,12098716
2026-07-08T11:10:21.695392,2026-07-08T11:10:21.707601+00:00,133.2,40,ask,,,12098717
2026-07-08T11:10:21.840343,2026-07-08T11:10:21.850488+00:00,133.3,2,ask,,,12098722
2026-07-08T11:10:22.270292,2026-07-08T11:10:22.282286+00:00,133.3,40,bid,,,12098726
2026-07-08T11:10:22.944848,2026-07-08T11:10:22.954576+00:00,133.3,50,bid,,,12098741
2026-07-08T11:10:23.346570,2026-07-08T11:10:23.355535+00:00,133.3,43,bid,,,12098744
2026-07-08T11:10:23.608569,2026-07-08T11:10:23.615486+00:00,133.3,4,bid,,,12098751
2026-07-08T11:10:24.881538,2026-07-08T11:10:24.890618+00:00,133.3,6,bid,,,12098766
2026-07-08T11:10:25.051427,2026-07-08T11:10:25.058574+00:00,133.4,2,bid,,,12098769
2026-07-08T11:10:25.051427,2026-07-08T11:10:25.063590+00:00,133.5,8,bid,,,12098770
2026-07-08T11:10:25.051427,2026-07-08T11:10:25.063590+00:00,133.6,40,bid,,,12098771
2026-07-08T11:10:25.092453,2026-07-08T11:10:25.100440+00:00,133.6,60,bid,,,12098772
2026-07-08T11:10:25.107022,2026-07-08T11:10:25.119593+00:00,133.6,14,ask,,,12098774
2026-07-08T11:10:26.793449,2026-07-08T11:10:26.805017+00:00,133.7,5,bid,,,12098805
2026-07-08T11:10:27.162307,2026-07-08T11:10:27.174207+00:00,133.9,2,bid,,,12098817
2026-07-08T11:10:27.162307,2026-07-08T11:10:27.174207+00:00,134.1,48,bid,,,12098818
2026-07-08T11:10:29.271071,2026-07-08T11:10:29.283525+00:00,134.0,2,bid,,,12098838
2026-07-08T11:10:29.271071,2026-07-08T11:10:29.283525+00:00,134.1,48,bid,,,12098839
2026-07-08T11:10:31.403151,2026-07-08T11:10:31.415340+00:00,134.0,2,bid,,,12098873
2026-07-08T11:10:31.403151,2026-07-08T11:10:31.415340+00:00,134.2,8,bid,,,12098874
2026-07-08T11:10:31.403151,2026-07-08T11:10:31.415340+00:00,134.3,40,bid,,,12098875
2026-07-08T11:10:32.288731,2026-07-08T11:10:32.298439+00:00,134.0,2,ask,,,12098883
2026-07-08T11:10:33.358235,2026-07-08T11:10:33.364952+00:00,134.0,2,ask,,,12098897
2026-07-08T11:10:33.518064,2026-07-08T11:10:33.527478+00:00,134.1,2,bid,,,12098901
2026-07-08T11:10:33.518064,2026-07-08T11:10:33.527478+00:00,134.3,8,bid,,,12098902
2026-07-08T11:10:33.518064,2026-07-08T11:10:33.533021+00:00,134.4,40,bid,,,12098903
2026-07-08T11:10:34.329545,2026-07-08T11:10:34.339060+00:00,134.1,2,ask,,,12098916
2026-07-08T11:10:34.586733,2026-07-08T11:10:34.598746+00:00,134.0,2,bid,,,12098921
2026-07-08T11:10:34.809235,2026-07-08T11:10:34.833638+00:00,134.0,1,ask,,,12098925
2026-07-08T11:10:35.485744,2026-07-08T11:10:35.497304+00:00,134.0,5,ask,,,12098948
2026-07-08T11:10:35.501500,2026-07-08T11:10:35.507894+00:00,134.0,2,ask,,,12098951
2026-07-08T11:10:35.649567,2026-07-08T11:10:35.661675+00:00,134.2,2,bid,,,12098953
2026-07-08T11:10:35.925905,2026-07-08T11:10:35.948960+00:00,134.0,48,ask,,,12098954
2026-07-08T11:10:35.939792,2026-07-08T11:10:35.948960+00:00,134.1,2,ask,,,12098955
2026-07-08T11:10:36.242143,2026-07-08T11:10:36.259642+00:00,134.0,9,ask,,,12098958
2026-07-08T11:10:36.341573,2026-07-08T11:10:36.351517+00:00,134.0,69,ask,,,12098964
2026-07-08T11:10:36.368892,2026-07-08T11:10:36.381329+00:00,134.1,2,ask,,,12098966
2026-07-08T11:10:36.561600,2026-07-08T11:10:36.573961+00:00,134.0,5,ask,,,12098971
2026-07-08T11:10:36.620934,2026-07-08T11:10:36.632066+00:00,134.0,2,ask,,,12098974
2026-07-08T11:10:36.769514,2026-07-08T11:10:36.779622+00:00,134.0,1,ask,,,12098980
2026-07-08T11:10:36.791484,2026-07-08T11:10:36.800550+00:00,134.1,2,ask,,,12098982
2026-07-08T11:10:36.882701,2026-07-08T11:10:36.889499+00:00,134.0,6,ask,,,12098984
2026-07-08T11:10:36.882701,2026-07-08T11:10:36.894503+00:00,134.0,8,ask,,,12098985
2026-07-08T11:10:37.703750,2026-07-08T11:10:37.712357+00:00,134.0,2,bid,,,12099002
2026-07-08T11:10:37.757958,2026-07-08T11:10:37.769900+00:00,134.1,2,bid,,,12099004
2026-07-08T11:10:37.809806,2026-07-08T11:10:37.824580+00:00,133.9,2,ask,,,12099006
2026-07-08T11:10:37.809806,2026-07-08T11:10:37.824580+00:00,133.8,100,ask,,,12099007
2026-07-08T11:10:37.809806,2026-07-08T11:10:37.824580+00:00,133.8,8,ask,,,12099008
2026-07-08T11:10:37.832567,2026-07-08T11:10:37.843514+00:00,133.8,16,bid,,,12099009
2026-07-08T11:10:38.063624,2026-07-08T11:10:38.072405+00:00,133.7,2,bid,,,12099018
2026-07-08T11:10:38.063624,2026-07-08T11:10:38.078059+00:00,133.8,24,bid,,,12099019
2026-07-08T11:10:38.063624,2026-07-08T11:10:38.078059+00:00,133.8,8,bid,,,12099020
2026-07-08T11:10:38.590675,2026-07-08T11:10:38.600752+00:00,133.7,2,ask,,,12099028
2026-07-08T11:10:38.590675,2026-07-08T11:10:38.600752+00:00,133.6,8,ask,,,12099029
2026-07-08T11:10:38.590675,2026-07-08T11:10:38.600752+00:00,133.3,32,ask,,,12099030
2026-07-08T11:10:39.873799,2026-07-08T11:10:39.885951+00:00,133.7,2,bid,,,12099055
2026-07-08T11:10:39.873799,2026-07-08T11:10:39.885951+00:00,133.9,2,bid,,,12099056
2026-07-08T11:10:39.873799,2026-07-08T11:10:39.885951+00:00,134.0,46,bid,,,12099057
2026-07-08T11:10:41.516514,2026-07-08T11:10:41.527518+00:00,133.7,2,ask,,,12099087
2026-07-08T11:10:41.516514,2026-07-08T11:10:41.527518+00:00,133.6,40,ask,,,12099088
2026-07-08T11:10:42.062099,2026-07-08T11:10:42.069668+00:00,133.6,50,ask,,,12099095
2026-07-08T11:10:42.664642,2026-07-08T11:10:42.675112+00:00,133.8,2,bid,,,12099102
2026-07-08T11:10:42.664642,2026-07-08T11:10:42.675112+00:00,133.8,5,bid,,,12099103
2026-07-08T11:10:42.664642,2026-07-08T11:10:42.675112+00:00,133.9,2,bid,,,12099104
2026-07-08T11:10:42.664642,2026-07-08T11:10:42.680667+00:00,134.1,32,bid,,,12099105
2026-07-08T11:10:42.925341,2026-07-08T11:10:42.934000+00:00,133.7,2,ask,,,12099107
2026-07-08T11:10:43.871064,2026-07-08T11:10:43.879887+00:00,133.6,1,ask,,,12099126
2026-07-08T11:10:44.169088,2026-07-08T11:10:44.181354+00:00,133.4,50,ask,,,12099132
2026-07-08T11:10:45.528518,2026-07-08T11:10:45.536341+00:00,133.4,49,ask,,,12099150
2026-07-08T11:10:46.147845,2026-07-08T11:10:46.157948+00:00,133.2,2,bid,,,12099161
2026-07-08T11:10:46.303486,2026-07-08T11:10:46.314710+00:00,133.1,2,ask,,,12099164
2026-07-08T11:10:46.303486,2026-07-08T11:10:46.314710+00:00,133.0,48,ask,,,12099165
2026-07-08T11:10:46.559825,2026-07-08T11:10:46.569136+00:00,133.2,1,bid,,,12099166
2026-07-08T11:10:48.415673,2026-07-08T11:10:48.422819+00:00,133.1,2,ask,,,12099199
2026-07-08T11:10:48.415673,2026-07-08T11:10:48.428117+00:00,132.8,48,ask,,,12099200
2026-07-08T11:10:48.765031,2026-07-08T11:10:48.777022+00:00,133.1,2,bid,,,12099207
2026-07-08T11:10:48.765031,2026-07-08T11:10:48.777022+00:00,133.3,43,bid,,,12099208
2026-07-08T11:10:49.344899,2026-07-08T11:10:49.358597+00:00,133.2,2,bid,,,12099216
2026-07-08T11:10:49.344899,2026-07-08T11:10:49.358597+00:00,133.2,45,bid,,,12099217
2026-07-08T11:10:50.269042,2026-07-08T11:10:50.275630+00:00,133.0,2,ask,,,12099239
2026-07-08T11:10:50.269042,2026-07-08T11:10:50.280931+00:00,132.8,44,ask,,,12099240
2026-07-08T11:10:50.527673,2026-07-08T11:10:50.545840+00:00,132.7,50,ask,,,12099246
2026-07-08T11:10:50.542899,2026-07-08T11:10:50.551337+00:00,133.1,5,bid,,,12099247
2026-07-08T11:10:51.627563,2026-07-08T11:10:51.639378+00:00,133.0,2,bid,,,12099260
2026-07-08T11:10:51.634294,2026-07-08T11:10:51.644715+00:00,133.1,2,bid,,,12099261
2026-07-08T11:10:51.950335,2026-07-08T11:10:51.958597+00:00,132.8,2,ask,,,12099274
2026-07-08T11:10:51.950335,2026-07-08T11:10:51.958597+00:00,132.7,46,ask,,,12099275
2026-07-08T11:10:52.128762,2026-07-08T11:10:52.137221+00:00,133.1,25,bid,,,12099279
2026-07-08T11:10:52.211145,2026-07-08T11:10:52.221731+00:00,133.0,2,bid,,,12099280
2026-07-08T11:10:52.634570,2026-07-08T11:10:52.645556+00:00,132.8,2,ask,,,12099285
2026-07-08T11:10:52.634570,2026-07-08T11:10:52.645556+00:00,132.7,48,ask,,,12099286
2026-07-08T11:10:52.711105,2026-07-08T11:10:52.719410+00:00,133.1,5,bid,,,12099289
2026-07-08T11:10:52.716004,2026-07-08T11:10:52.724685+00:00,133.1,1,bid,,,12099290
2026-07-08T11:10:53.019266,2026-07-08T11:10:53.028791+00:00,133.0,1,bid,,,12099294
2026-07-08T11:10:53.789756,2026-07-08T11:10:53.801297+00:00,133.0,1,bid,,,12099310
2026-07-08T11:10:53.794014,2026-07-08T11:10:53.801297+00:00,133.2,2,bid,,,12099311
2026-07-08T11:10:54.771799,2026-07-08T11:10:54.781957+00:00,132.9,2,ask,,,12099331
2026-07-08T11:10:54.771799,2026-07-08T11:10:54.781957+00:00,132.8,8,ask,,,12099332
2026-07-08T11:10:54.771799,2026-07-08T11:10:54.786952+00:00,132.7,40,ask,,,12099333
2026-07-08T11:10:54.867408,2026-07-08T11:10:54.878219+00:00,133.1,2,bid,,,12099335
2026-07-08T11:10:54.872637,2026-07-08T11:10:54.883470+00:00,133.2,2,bid,,,12099336
2026-07-08T11:10:55.442961,2026-07-08T11:10:55.453597+00:00,133.0,25,bid,,,12099343
2026-07-08T11:10:55.987756,2026-07-08T11:10:55.995527+00:00,133.0,5,bid,,,12099354
2026-07-08T11:10:55.994495,2026-07-08T11:10:56.006401+00:00,133.0,2,bid,,,12099355
2026-07-08T11:10:56.888985,2026-07-08T11:10:56.898417+00:00,132.8,50,ask,,,12099379
2026-07-08T11:10:57.058360,2026-07-08T11:10:57.069970+00:00,133.0,1,bid,,,12099380
2026-07-08T11:10:57.107874,2026-07-08T11:10:57.119501+00:00,133.0,46,bid,,,12099381
2026-07-08T11:10:57.245992,2026-07-08T11:10:57.257186+00:00,133.0,21,bid,,,12099386
2026-07-08T11:10:59.017640,2026-07-08T11:10:59.028205+00:00,133.0,2,ask,,,12099406
2026-07-08T11:10:59.017640,2026-07-08T11:10:59.028205+00:00,132.8,48,ask,,,12099407
2026-07-08T11:10:59.653497,2026-07-08T11:10:59.658544+00:00,133.1,2,bid,,,12099415
2026-07-08T11:10:59.653497,2026-07-08T11:10:59.658544+00:00,133.1,38,bid,,,12099416
2026-07-08T11:10:59.960264,2026-07-08T11:10:59.980804+00:00,132.8,2,ask,,,12099422
2026-07-08T11:10:59.970585,2026-07-08T11:10:59.980804+00:00,132.8,11,bid,,,12099424
2026-07-08T11:11:01.126931,2026-07-08T11:11:01.138845+00:00,132.6,50,ask,,,12099446
2026-07-08T11:11:02.361286,2026-07-08T11:11:02.370294+00:00,132.7,2,bid,,,12099462
2026-07-08T11:11:03.237478,2026-07-08T11:11:03.255746+00:00,132.7,2,ask,,,12099478
2026-07-08T11:11:03.237478,2026-07-08T11:11:03.255746+00:00,132.5,48,ask,,,12099479
2026-07-08T11:11:04.478191,2026-07-08T11:11:04.489737+00:00,132.6,2,ask,,,12099493
2026-07-08T11:11:04.478191,2026-07-08T11:11:04.489737+00:00,132.5,42,ask,,,12099494
2026-07-08T11:11:04.746009,2026-07-08T11:11:04.757518+00:00,132.7,2,bid,,,12099496
2026-07-08T11:11:05.346729,2026-07-08T11:11:05.359435+00:00,132.6,2,ask,,,12099505
2026-07-08T11:11:05.346729,2026-07-08T11:11:05.359435+00:00,132.5,8,ask,,,12099506
2026-07-08T11:11:05.346729,2026-07-08T11:11:05.359435+00:00,132.4,40,ask,,,12099507
2026-07-08T11:11:05.681312,2026-07-08T11:11:05.692233+00:00,132.7,2,bid,,,12099514
2026-07-08T11:11:05.945510,2026-07-08T11:11:05.955135+00:00,132.8,45,bid,,,12099521
2026-07-08T11:11:05.970217,2026-07-08T11:11:05.979668+00:00,132.7,2,bid,,,12099523
2026-07-08T11:11:06.450756,2026-07-08T11:11:06.461306+00:00,132.8,17,bid,,,12099528
2026-07-08T11:11:06.768443,2026-07-08T11:11:06.775971+00:00,132.8,25,bid,,,12099534
2026-07-08T11:11:06.787351,2026-07-08T11:11:06.800008+00:00,132.7,2,bid,,,12099535
2026-07-08T11:11:07.027573,2026-07-08T11:11:07.035185+00:00,132.8,13,bid,,,12099542
2026-07-08T11:11:07.027573,2026-07-08T11:11:07.040569+00:00,132.8,34,bid,,,12099543
2026-07-08T11:11:07.186771,2026-07-08T11:11:07.196470+00:00,132.8,2,bid,,,12099546
2026-07-08T11:11:07.489107,2026-07-08T11:11:07.499101+00:00,132.6,8,ask,,,12099556
2026-07-08T11:11:07.489107,2026-07-08T11:11:07.499101+00:00,132.3,42,ask,,,12099557
2026-07-08T11:11:07.489483,2026-07-08T11:11:07.504124+00:00,132.8,5,bid,,,12099558
2026-07-08T11:11:07.605004,2026-07-08T11:11:07.615897+00:00,132.7,2,bid,,,12099562
2026-07-08T11:11:08.007644,2026-07-08T11:11:08.016583+00:00,132.8,2,bid,,,12099570
2026-07-08T11:11:09.083058,2026-07-08T11:11:09.095734+00:00,132.8,8,bid,,,12099590
2026-07-08T11:11:09.219352,2026-07-08T11:11:09.231245+00:00,132.8,25,bid,,,12099594
2026-07-08T11:11:09.597959,2026-07-08T11:11:09.610009+00:00,132.9,50,ask,,,12099597
2026-07-08T11:11:09.608802,2026-07-08T11:11:09.620345+00:00,132.9,49,ask,,,12099598
2026-07-08T11:11:09.766451,2026-07-08T11:11:09.775577+00:00,133.0,2,ask,,,12099601
2026-07-08T11:11:10.988335,2026-07-08T11:11:10.997995+00:00,132.9,10,ask,,,12099617
2026-07-08T11:11:11.513489,2026-07-08T11:11:11.525414+00:00,132.9,41,ask,,,12099624
2026-07-08T11:11:11.728449,2026-07-08T11:11:11.739330+00:00,132.8,8,ask,,,12099627
2026-07-08T11:11:11.728449,2026-07-08T11:11:11.739330+00:00,132.7,42,ask,,,12099628
2026-07-08T11:11:12.043947,2026-07-08T11:11:12.052593+00:00,132.7,7,ask,,,12099633
2026-07-08T11:11:12.628502,2026-07-08T11:11:12.640491+00:00,132.8,2,ask,,,12099643
2026-07-08T11:11:12.628502,2026-07-08T11:11:12.640491+00:00,132.7,51,ask,,,12099644
2026-07-08T11:11:12.628502,2026-07-08T11:11:12.640491+00:00,132.7,8,ask,,,12099645
2026-07-08T11:11:12.648319,2026-07-08T11:11:12.661974+00:00,132.6,12,bid,,,12099648
2026-07-08T11:11:12.865268,2026-07-08T11:11:12.872169+00:00,132.6,3,bid,,,12099652
2026-07-08T11:11:12.883776,2026-07-08T11:11:12.894848+00:00,132.5,2,bid,,,12099654
2026-07-08T11:11:12.944358,2026-07-08T11:11:12.957366+00:00,132.6,9,bid,,,12099659
2026-07-08T11:11:13.550415,2026-07-08T11:11:13.561879+00:00,132.5,2,bid,,,12099674
2026-07-08T11:11:13.700121,2026-07-08T11:11:13.706985+00:00,132.6,4,bid,,,12099679
2026-07-08T11:11:13.718547,2026-07-08T11:11:13.742172+00:00,132.5,2,bid,,,12099680
2026-07-08T11:11:13.759530,2026-07-08T11:11:13.769333+00:00,132.6,8,bid,,,12099684
2026-07-08T11:11:13.836673,2026-07-08T11:11:13.845051+00:00,132.3,2,ask,,,12099686
2026-07-08T11:11:13.836673,2026-07-08T11:11:13.850076+00:00,132.2,8,ask,,,12099687
2026-07-08T11:11:13.836673,2026-07-08T11:11:13.850076+00:00,132.1,40,ask,,,12099688
2026-07-08T11:11:14.159832,2026-07-08T11:11:14.168659+00:00,132.6,8,bid,,,12099690
2026-07-08T11:11:14.175205,2026-07-08T11:11:14.184341+00:00,132.5,2,bid,,,12099691
2026-07-08T11:11:14.299923,2026-07-08T11:11:14.312184+00:00,132.6,45,bid,,,12099697
2026-07-08T11:11:14.299923,2026-07-08T11:11:14.312184+00:00,132.6,8,bid,,,12099698
2026-07-08T11:11:14.574527,2026-07-08T11:11:14.582203+00:00,133.1,1,bid,,,12099699
2026-07-08T11:11:15.640790,2026-07-08T11:11:15.652128+00:00,132.7,2,ask,,,12099720
2026-07-08T11:11:15.803762,2026-07-08T11:11:15.819371+00:00,132.7,1,ask,,,12099723
2026-07-08T11:11:15.973918,2026-07-08T11:11:15.985751+00:00,132.7,1,ask,,,12099726
2026-07-08T11:11:15.973918,2026-07-08T11:11:15.985751+00:00,132.6,47,ask,,,12099727
2026-07-08T11:11:15.973918,2026-07-08T11:11:15.985751+00:00,132.6,2,ask,,,12099728
2026-07-08T11:11:17.140363,2026-07-08T11:11:17.149689+00:00,132.8,2,bid,,,12099735
2026-07-08T11:11:17.140363,2026-07-08T11:11:17.151098+00:00,133.0,8,bid,,,12099736
2026-07-08T11:11:17.140363,2026-07-08T11:11:17.151098+00:00,133.1,30,bid,,,12099737
2026-07-08T11:11:17.433815,2026-07-08T11:11:17.448047+00:00,132.8,2,ask,,,12099744
2026-07-08T11:11:17.780837,2026-07-08T11:11:17.790285+00:00,132.7,46,bid,,,12099748
2026-07-08T11:11:18.084657,2026-07-08T11:11:18.096188+00:00,132.6,50,ask,,,12099754
2026-07-08T11:11:18.265084,2026-07-08T11:11:18.274290+00:00,132.7,2,bid,,,12099758
2026-07-08T11:11:18.633177,2026-07-08T11:11:18.642413+00:00,132.7,13,bid,,,12099766
2026-07-08T11:11:20.194050,2026-07-08T11:11:20.208497+00:00,132.6,50,ask,,,12099790
2026-07-08T11:11:21.403505,2026-07-08T11:11:21.411438+00:00,132.8,2,bid,,,12099801
2026-07-08T11:11:21.465015,2026-07-08T11:11:21.474767+00:00,132.7,1,ask,,,12099806
2026-07-08T11:11:21.465015,2026-07-08T11:11:21.474767+00:00,132.6,46,ask,,,12099807
2026-07-08T11:11:22.152649,2026-07-08T11:11:22.164367+00:00,132.7,2,ask,,,12099824
2026-07-08T11:11:22.249380,2026-07-08T11:11:22.258613+00:00,132.7,50,bid,,,12099828
2026-07-08T11:11:23.573952,2026-07-08T11:11:23.589002+00:00,132.7,48,bid,,,12099839
2026-07-08T11:11:24.355957,2026-07-08T11:11:24.367461+00:00,132.7,50,bid,,,12099853
2026-07-08T11:11:25.200205,2026-07-08T11:11:25.212254+00:00,132.7,2,bid,,,12099868
2026-07-08T11:11:26.465635,2026-07-08T11:11:26.474693+00:00,133.0,50,bid,,,12099891
2026-07-08T11:11:27.655691,2026-07-08T11:11:27.654627+00:00,132.8,2,ask,,,12099922
2026-07-08T11:11:27.655691,2026-07-08T11:11:27.669736+00:00,132.7,41,ask,,,12099923
2026-07-08T11:11:28.304871,2026-07-08T11:11:28.316576+00:00,132.7,41,ask,,,12099931
2026-07-08T11:11:28.574220,2026-07-08T11:11:28.578595+00:00,132.9,50,bid,,,12099932
2026-07-08T11:11:30.687218,2026-07-08T11:11:30.697444+00:00,132.8,2,bid,,,12099969
2026-07-08T11:11:30.687218,2026-07-08T11:11:30.697444+00:00,132.9,48,bid,,,12099970
2026-07-08T11:11:30.709194,2026-07-08T11:11:30.718987+00:00,132.7,2,ask,,,12099971
2026-07-08T11:11:32.409062,2026-07-08T11:11:32.421257+00:00,132.8,2,bid,,,12099999
2026-07-08T11:11:32.409062,2026-07-08T11:11:32.421257+00:00,132.9,8,bid,,,12100000
2026-07-08T11:11:32.409062,2026-07-08T11:11:32.421257+00:00,133.1,39,bid,,,12100001
2026-07-08T11:11:32.604893,2026-07-08T11:11:32.614267+00:00,132.7,8,ask,,,12100005
2026-07-08T11:11:32.714668,2026-07-08T11:11:32.724426+00:00,132.6,13,ask,,,12100009
2026-07-08T11:11:32.730770,2026-07-08T11:11:32.740011+00:00,132.7,1,ask,,,12100010
2026-07-08T11:11:32.800085,2026-07-08T11:11:32.814990+00:00,132.9,2,bid,,,12100012
2026-07-08T11:11:32.800085,2026-07-08T11:11:32.814990+00:00,133.0,8,bid,,,12100013
2026-07-08T11:11:32.800085,2026-07-08T11:11:32.814990+00:00,133.1,40,bid,,,12100014
2026-07-08T11:11:34.023705,2026-07-08T11:11:34.033725+00:00,132.8,11,ask,,,12100025
2026-07-08T11:11:34.040451,2026-07-08T11:11:34.049240+00:00,132.8,47,ask,,,12100027
2026-07-08T11:11:34.909502,2026-07-08T11:11:34.917087+00:00,133.3,50,bid,,,12100041
2026-07-08T11:11:35.074934,2026-07-08T11:11:35.082292+00:00,133.2,8,bid,,,12100043
2026-07-08T11:11:35.074934,2026-07-08T11:11:35.082292+00:00,133.3,41,bid,,,12100044
2026-07-08T11:11:35.138525,2026-07-08T11:11:35.145496+00:00,132.9,8,ask,,,12100046
2026-07-08T11:11:35.731456,2026-07-08T11:11:35.743745+00:00,133.0,2,ask,,,12100055
2026-07-08T11:11:35.731456,2026-07-08T11:11:35.743745+00:00,132.9,8,ask,,,12100056
2026-07-08T11:11:35.731456,2026-07-08T11:11:35.743745+00:00,132.8,35,ask,,,12100057
2026-07-08T11:11:37.017972,2026-07-08T11:11:37.030353+00:00,133.1,2,bid,,,12100083
2026-07-08T11:11:37.017972,2026-07-08T11:11:37.030353+00:00,133.2,8,bid,,,12100084
2026-07-08T11:11:37.017972,2026-07-08T11:11:37.030353+00:00,133.3,40,bid,,,12100085
2026-07-08T11:11:37.650146,2026-07-08T11:11:37.661727+00:00,133.1,2,ask,,,12100096
2026-07-08T11:11:39.120278,2026-07-08T11:11:39.132116+00:00,133.0,44,ask,,,12100123
2026-07-08T11:11:39.136460,2026-07-08T11:11:39.153315+00:00,133.2,2,bid,,,12100127
2026-07-08T11:11:39.136460,2026-07-08T11:11:39.153315+00:00,133.3,8,bid,,,12100128
2026-07-08T11:11:39.136460,2026-07-08T11:11:39.153315+00:00,133.5,2,bid,,,12100129
2026-07-08T11:11:39.136460,2026-07-08T11:11:39.153315+00:00,133.5,38,bid,,,12100130
2026-07-08T11:11:39.185717,2026-07-08T11:11:39.195154+00:00,133.0,6,ask,,,12100135
2026-07-08T11:11:39.201750,2026-07-08T11:11:39.210665+00:00,133.1,2,ask,,,12100136
2026-07-08T11:11:39.607169,2026-07-08T11:11:39.617172+00:00,133.0,2,ask,,,12100144
2026-07-08T11:11:39.625127,2026-07-08T11:11:39.636978+00:00,133.1,2,ask,,,12100145
2026-07-08T11:11:40.023504,2026-07-08T11:11:40.032309+00:00,133.0,1,ask,,,12100149
2026-07-08T11:11:40.038849,2026-07-08T11:11:40.047100+00:00,133.1,2,ask,,,12100150
2026-07-08T11:11:40.070302,2026-07-08T11:11:40.080874+00:00,133.2,2,bid,,,12100152
2026-07-08T11:11:40.070302,2026-07-08T11:11:40.080874+00:00,133.3,42,bid,,,12100153
2026-07-08T11:11:40.445532,2026-07-08T11:11:40.453941+00:00,133.1,2,ask,,,12100156
2026-07-08T11:11:41.248153,2026-07-08T11:11:41.258581+00:00,133.2,8,bid,,,12100174
2026-07-08T11:11:41.248153,2026-07-08T11:11:41.258581+00:00,133.3,42,bid,,,12100175
2026-07-08T11:11:42.287577,2026-07-08T11:11:42.299471+00:00,133.0,2,ask,,,12100191
2026-07-08T11:11:42.287577,2026-07-08T11:11:42.299471+00:00,132.9,47,ask,,,12100192
2026-07-08T11:11:42.792944,2026-07-08T11:11:42.802554+00:00,133.1,2,bid,,,12100199
2026-07-08T11:11:42.813135,2026-07-08T11:11:42.822321+00:00,133.1,2,ask,,,12100201
2026-07-08T11:11:43.273356,2026-07-08T11:11:43.284593+00:00,133.2,2,ask,,,12100211
2026-07-08T11:11:43.346687,2026-07-08T11:11:43.374965+00:00,133.3,2,bid,,,12100218
2026-07-08T11:11:43.346687,2026-07-08T11:11:43.374965+00:00,133.4,47,bid,,,12100219
2026-07-08T11:11:43.360221,2026-07-08T11:11:43.374965+00:00,133.1,21,ask,,,12100220
2026-07-08T11:11:43.360680,2026-07-08T11:11:43.374965+00:00,133.4,50,bid,,,12100221
2026-07-08T11:11:43.679688,2026-07-08T11:11:43.688803+00:00,133.2,2,ask,,,12100226
2026-07-08T11:11:45.467403,2026-07-08T11:11:45.478127+00:00,133.3,2,bid,,,12100251
2026-07-08T11:11:45.467403,2026-07-08T11:11:45.478127+00:00,133.4,48,bid,,,12100252
2026-07-08T11:11:45.566669,2026-07-08T11:11:45.575605+00:00,133.4,48,bid,,,12100253
2026-07-08T11:11:47.409416,2026-07-08T11:11:47.420813+00:00,133.3,2,bid,,,12100277
2026-07-08T11:11:47.409416,2026-07-08T11:11:47.420813+00:00,133.4,8,bid,,,12100278
2026-07-08T11:11:47.409416,2026-07-08T11:11:47.420813+00:00,133.5,100,bid,,,12100279
2026-07-08T11:11:47.480391,2026-07-08T11:11:47.492089+00:00,133.5,12,ask,,,12100280
2026-07-08T11:11:47.576450,2026-07-08T11:11:47.583336+00:00,134.0,50,bid,,,12100283
2026-07-08T11:11:48.115212,2026-07-08T11:11:48.124840+00:00,133.7,2,ask,,,12100298
2026-07-08T11:11:48.615093,2026-07-08T11:11:48.626174+00:00,133.6,2,ask,,,12100307
2026-07-08T11:11:49.174146,2026-07-08T11:11:49.181694+00:00,133.5,28,ask,,,12100318
2026-07-08T11:11:49.174146,2026-07-08T11:11:49.186997+00:00,133.5,8,ask,,,12100319
2026-07-08T11:11:49.682278,2026-07-08T11:11:49.690789+00:00,133.4,2,bid,,,12100331
2026-07-08T11:11:49.682278,2026-07-08T11:11:49.690789+00:00,133.4,8,bid,,,12100332
2026-07-08T11:11:49.682278,2026-07-08T11:11:49.696244+00:00,133.5,40,bid,,,12100333
2026-07-08T11:11:49.779778,2026-07-08T11:11:49.790895+00:00,133.4,1,bid,,,12100334
2026-07-08T11:11:51.173258,2026-07-08T11:11:51.180365+00:00,133.2,2,ask,,,12100352
2026-07-08T11:11:51.173258,2026-07-08T11:11:51.185595+00:00,133.1,8,ask,,,12100353
2026-07-08T11:11:51.173258,2026-07-08T11:11:51.190825+00:00,133.0,34,ask,,,12100354
2026-07-08T11:11:51.848577,2026-07-08T11:11:51.858595+00:00,133.1,2,ask,,,12100366
2026-07-08T11:11:51.848577,2026-07-08T11:11:51.858595+00:00,133.0,48,ask,,,12100367
2026-07-08T11:11:52.190033,2026-07-08T11:11:52.199075+00:00,133.2,2,bid,,,12100374
2026-07-08T11:11:53.956318,2026-07-08T11:11:53.968481+00:00,133.1,2,ask,,,12100396
2026-07-08T11:11:53.956318,2026-07-08T11:11:53.968481+00:00,133.0,8,ask,,,12100397
2026-07-08T11:11:53.956318,2026-07-08T11:11:53.968481+00:00,132.9,40,ask,,,12100398
2026-07-08T11:11:54.215739,2026-07-08T11:11:54.225272+00:00,133.2,1,bid,,,12100400
2026-07-08T11:11:54.729770,2026-07-08T11:11:54.738802+00:00,133.0,2,ask,,,12100409
2026-07-08T11:11:54.729770,2026-07-08T11:11:54.738802+00:00,132.9,47,ask,,,12100410
2026-07-08T11:11:55.883740,2026-07-08T11:11:55.893623+00:00,132.9,2,ask,,,12100434
2026-07-08T11:11:56.067596,2026-07-08T11:11:56.074314+00:00,133.0,2,ask,,,12100437
2026-07-08T11:11:56.067596,2026-07-08T11:11:56.079718+00:00,132.9,48,ask,,,12100438
2026-07-08T11:11:58.175864,2026-07-08T11:11:58.183001+00:00,133.0,2,ask,,,12100479
2026-07-08T11:11:58.175864,2026-07-08T11:11:58.188022+00:00,132.9,48,ask,,,12100480
2026-07-08T11:11:58.432749,2026-07-08T11:11:58.442333+00:00,132.9,2,ask,,,12100484
2026-07-08T11:11:58.703251,2026-07-08T11:11:58.715277+00:00,133.0,2,ask,,,12100489
2026-07-08T11:11:58.703251,2026-07-08T11:11:58.715277+00:00,132.9,98,ask,,,12100490
2026-07-08T11:11:58.857162,2026-07-08T11:11:58.868996+00:00,132.9,2,ask,,,12100492
2026-07-08T11:12:00.124108,2026-07-08T11:12:00.135857+00:00,133.0,2,ask,,,12100521
2026-07-08T11:12:00.137275,2026-07-08T11:12:00.149580+00:00,133.0,3,bid,,,12100523
2026-07-08T11:12:00.285713,2026-07-08T11:12:00.297455+00:00,132.8,8,ask,,,12100530
2026-07-08T11:12:00.285713,2026-07-08T11:12:00.297455+00:00,132.5,42,ask,,,12100531
2026-07-08T11:12:00.551687,2026-07-08T11:12:00.558604+00:00,132.5,4,ask,,,12100536
2026-07-08T11:12:00.980561,2026-07-08T11:12:00.989828+00:00,132.8,2,bid,,,12100540
2026-07-08T11:12:02.165449,2026-07-08T11:12:02.177502+00:00,133.0,43,bid,,,12100558
2026-07-08T11:12:02.394017,2026-07-08T11:12:02.405834+00:00,132.8,50,ask,,,12100567
2026-07-08T11:12:02.757793,2026-07-08T11:12:02.768978+00:00,133.0,45,bid,,,12100574
2026-07-08T11:12:02.812374,2026-07-08T11:12:02.819416+00:00,132.8,46,ask,,,12100575
2026-07-08T11:12:03.791921,2026-07-08T11:12:03.804105+00:00,133.1,46,bid,,,12100592
2026-07-08T11:12:04.450611,2026-07-08T11:12:04.458539+00:00,133.1,50,bid,,,12100606
2026-07-08T11:12:05.035368,2026-07-08T11:12:05.049510+00:00,133.0,2,bid,,,12100620
2026-07-08T11:12:05.051025,2026-07-08T11:12:05.061655+00:00,132.9,19,bid,,,12100622
2026-07-08T11:12:05.696820,2026-07-08T11:12:05.710975+00:00,132.9,11,bid,,,12100635
2026-07-08T11:12:06.415209,2026-07-08T11:12:06.427310+00:00,132.9,70,bid,,,12100653
