timestamp,recv_time,price,volume,aggressor_side,buyer,seller,trade_id
2026-07-07T12:00:00.018681,2026-07-07T12:00:00.000599+00:00,142.2,20,ask,,,10819540
2026-07-07T12:00:00.018681,2026-07-07T12:00:00.000599+00:00,142.1,30,ask,,,10819541
2026-07-07T12:00:01.084067,2026-07-07T12:00:01.096044+00:00,142.3,12,ask,,,10819565
2026-07-07T12:00:01.084067,2026-07-07T12:00:01.096044+00:00,142.1,28,ask,,,10819566
2026-07-07T12:00:02.137058,2026-07-07T12:00:02.144638+00:00,142.2,12,ask,,,10819576
2026-07-07T12:00:02.137058,2026-07-07T12:00:02.150096+00:00,142.0,38,ask,,,10819577
2026-07-07T12:00:03.211083,2026-07-07T12:00:03.219947+00:00,142.1,12,ask,,,10819594
2026-07-07T12:00:03.221097,2026-07-07T12:00:03.229516+00:00,142.1,11,bid,,,10819595
2026-07-07T12:00:03.430887,2026-07-07T12:00:03.442816+00:00,142.1,25,bid,,,10819603
2026-07-07T12:00:03.661538,2026-07-07T12:00:03.669532+00:00,142.1,25,bid,,,10819606
2026-07-07T12:00:03.884233,2026-07-07T12:00:03.895863+00:00,142.1,25,bid,,,10819611
2026-07-07T12:00:04.107034,2026-07-07T12:00:04.117925+00:00,142.1,2,bid,,,10819620
2026-07-07T12:00:04.247046,2026-07-07T12:00:04.258636+00:00,142.0,50,ask,,,10819622
2026-07-07T12:00:04.941751,2026-07-07T12:00:04.953477+00:00,142.0,12,ask,,,10819640
2026-07-07T12:00:05.000020,2026-07-07T12:00:04.999978+00:00,142.0,23,bid,,,10819643
2026-07-07T12:00:05.212841,2026-07-07T12:00:05.221813+00:00,142.0,3,bid,,,10819645
2026-07-07T12:00:05.485518,2026-07-07T12:00:05.497037+00:00,142.0,3,bid,,,10819648
2026-07-07T12:00:05.768587,2026-07-07T12:00:05.779422+00:00,142.0,3,bid,,,10819653
2026-07-07T12:00:06.034648,2026-07-07T12:00:06.071889+00:00,142.0,3,bid,,,10819660
2026-07-07T12:00:06.300748,2026-07-07T12:00:06.307407+00:00,142.0,3,bid,,,10819666
2026-07-07T12:00:06.304364,2026-07-07T12:00:06.312898+00:00,142.0,50,bid,,,10819667
2026-07-07T12:00:06.569345,2026-07-07T12:00:06.579846+00:00,142.0,12,bid,,,10819677
2026-07-07T12:00:07.838258,2026-07-07T12:00:07.847684+00:00,142.0,12,bid,,,10819698
2026-07-07T12:00:08.222570,2026-07-07T12:00:08.234664+00:00,142.3,12,bid,,,10819705
2026-07-07T12:00:08.222570,2026-07-07T12:00:08.234664+00:00,142.3,20,bid,,,10819706
2026-07-07T12:00:08.485966,2026-07-07T12:00:08.494520+00:00,142.1,50,ask,,,10819719
2026-07-07T12:00:10.623366,2026-07-07T12:00:10.634823+00:00,142.1,50,ask,,,10819756
2026-07-07T12:00:11.227795,2026-07-07T12:00:11.248716+00:00,142.0,20,bid,,,10819771
2026-07-07T12:00:12.679093,2026-07-07T12:00:12.690797+00:00,142.4,20,bid,,,10819796
2026-07-07T12:00:12.679093,2026-07-07T12:00:12.690797+00:00,142.5,30,bid,,,10819797
2026-07-07T12:00:14.788397,2026-07-07T12:00:14.797807+00:00,142.2,50,bid,,,10819826
2026-07-07T12:00:15.531534,2026-07-07T12:00:15.540538+00:00,142.0,12,ask,,,10819843
2026-07-07T12:00:15.531534,2026-07-07T12:00:15.540538+00:00,141.9,31,ask,,,10819844
2026-07-07T12:00:16.676333,2026-07-07T12:00:16.686124+00:00,142.2,40,bid,,,10819860
2026-07-07T12:00:16.975618,2026-07-07T12:00:16.988386+00:00,141.9,20,ask,,,10819865
2026-07-07T12:00:16.975618,2026-07-07T12:00:16.988386+00:00,141.8,30,ask,,,10819866
2026-07-07T12:00:17.563065,2026-07-07T12:00:17.574753+00:00,142.3,12,bid,,,10819875
2026-07-07T12:00:17.563065,2026-07-07T12:00:17.574753+00:00,142.3,100,bid,,,10819876
2026-07-07T12:00:17.725352,2026-07-07T12:00:17.729674+00:00,142.3,11,ask,,,10819880
2026-07-07T12:00:20.703110,2026-07-07T12:00:20.714570+00:00,142.0,49,ask,,,10819926
2026-07-07T12:00:20.793647,2026-07-07T12:00:20.801768+00:00,142.1,11,bid,,,10819929
2026-07-07T12:00:20.890856,2026-07-07T12:00:20.897901+00:00,142.1,25,bid,,,10819932
2026-07-07T12:00:21.139874,2026-07-07T12:00:21.147305+00:00,142.1,15,bid,,,10819939
2026-07-07T12:00:21.196138,2026-07-07T12:00:21.207902+00:00,142.0,28,ask,,,10819940
2026-07-07T12:00:21.196138,2026-07-07T12:00:21.207902+00:00,141.6,22,ask,,,10819941
2026-07-07T12:00:22.177123,2026-07-07T12:00:22.186319+00:00,142.1,43,bid,,,10819953
2026-07-07T12:00:23.336065,2026-07-07T12:00:23.346759+00:00,141.8,11,ask,,,10819974
2026-07-07T12:00:23.336065,2026-07-07T12:00:23.346759+00:00,141.7,39,ask,,,10819975
2026-07-07T12:00:24.328397,2026-07-07T12:00:24.338804+00:00,142.2,40,bid,,,10819990
2026-07-07T12:00:26.394110,2026-07-07T12:00:26.403242+00:00,142.0,8,ask,,,10820018
2026-07-07T12:00:26.394110,2026-07-07T12:00:26.403242+00:00,141.9,32,ask,,,10820019
2026-07-07T12:00:28.307998,2026-07-07T12:00:28.315251+00:00,141.9,41,ask,,,10820053
2026-07-07T12:00:29.639686,2026-07-07T12:00:29.651817+00:00,142.3,50,bid,,,10820075
2026-07-07T12:00:30.836467,2026-07-07T12:00:30.845651+00:00,142.3,12,bid,,,10820098
2026-07-07T12:00:31.748516,2026-07-07T12:00:31.754841+00:00,142.5,50,bid,,,10820114
2026-07-07T12:00:32.806673,2026-07-07T12:00:32.818141+00:00,142.5,43,bid,,,10820138
2026-07-07T12:00:33.470209,2026-07-07T12:00:33.479489+00:00,142.4,12,ask,,,10820145
2026-07-07T12:00:34.203971,2026-07-07T12:00:34.215957+00:00,142.4,45,ask,,,10820158
2026-07-07T12:00:34.750247,2026-07-07T12:00:34.761820+00:00,142.5,12,bid,,,10820172
2026-07-07T12:00:34.750247,2026-07-07T12:00:34.761820+00:00,142.5,20,bid,,,10820173
2026-07-07T12:00:36.017024,2026-07-07T12:00:36.027008+00:00,142.4,50,ask,,,10820202
2026-07-07T12:00:37.491327,2026-07-07T12:00:37.498844+00:00,142.5,48,bid,,,10820233
2026-07-07T12:00:37.963087,2026-07-07T12:00:37.974811+00:00,142.2,12,ask,,,10820243
2026-07-07T12:00:37.963087,2026-07-07T12:00:37.974811+00:00,142.1,36,ask,,,10820244
2026-07-07T12:00:38.126708,2026-07-07T12:00:38.133841+00:00,142.2,50,ask,,,10820247
2026-07-07T12:00:39.097872,2026-07-07T12:00:39.107199+00:00,142.2,41,ask,,,10820261
2026-07-07T12:00:39.792513,2026-07-07T12:00:39.804220+00:00,142.2,9,ask,,,10820269
2026-07-07T12:00:40.018425,2026-07-07T12:00:40.028672+00:00,142.2,12,bid,,,10820276
2026-07-07T12:00:40.048785,2026-07-07T12:00:40.060085+00:00,142.2,20,bid,,,10820279
2026-07-07T12:00:41.254247,2026-07-07T12:00:41.265586+00:00,142.2,11,bid,,,10820292
2026-07-07T12:00:42.346223,2026-07-07T12:00:42.358146+00:00,141.9,50,ask,,,10820311
2026-07-07T12:00:44.244894,2026-07-07T12:00:44.253334+00:00,142.5,10,bid,,,10820346
2026-07-07T12:00:44.244894,2026-07-07T12:00:44.253334+00:00,142.6,39,bid,,,10820347
2026-07-07T12:00:44.454882,2026-07-07T12:00:44.466398+00:00,142.1,50,ask,,,10820353
2026-07-07T12:00:44.785794,2026-07-07T12:00:44.797669+00:00,142.2,41,bid,,,10820360
2026-07-07T12:00:46.562106,2026-07-07T12:00:46.573637+00:00,141.9,50,ask,,,10820394
2026-07-07T12:00:48.668765,2026-07-07T12:00:48.680810+00:00,142.0,10,ask,,,10820423
2026-07-07T12:00:48.668765,2026-07-07T12:00:48.680810+00:00,141.9,40,ask,,,10820424
2026-07-07T12:00:49.044174,2026-07-07T12:00:49.058611+00:00,141.9,48,ask,,,10820427
2026-07-07T12:00:49.613523,2026-07-07T12:00:49.624441+00:00,141.7,45,ask,,,10820440
2026-07-07T12:00:50.553882,2026-07-07T12:00:50.563682+00:00,141.8,11,bid,,,10820453
2026-07-07T12:00:50.641948,2026-07-07T12:00:50.653514+00:00,141.8,42,bid,,,10820458
2026-07-07T12:00:50.776539,2026-07-07T12:00:50.788703+00:00,141.6,50,ask,,,10820462
2026-07-07T12:00:51.722190,2026-07-07T12:00:51.734058+00:00,141.6,49,ask,,,10820468
2026-07-07T12:00:52.884461,2026-07-07T12:00:52.893507+00:00,141.6,1,ask,,,10820489
2026-07-07T12:00:52.884461,2026-07-07T12:00:52.893507+00:00,141.3,49,ask,,,10820490
2026-07-07T12:00:53.804792,2026-07-07T12:00:53.814681+00:00,141.8,45,bid,,,10820511
2026-07-07T12:00:54.993897,2026-07-07T12:00:55.005583+00:00,141.3,50,ask,,,10820531
2026-07-07T12:00:56.979131,2026-07-07T12:00:56.986989+00:00,141.7,40,bid,,,10820568
2026-07-07T12:00:57.054977,2026-07-07T12:00:57.058305+00:00,141.7,50,bid,,,10820572
2026-07-07T12:00:59.080749,2026-07-07T12:00:59.092314+00:00,141.7,43,bid,,,10820610
2026-07-07T12:00:59.217899,2026-07-07T12:00:59.226809+00:00,141.5,50,ask,,,10820615
2026-07-07T12:01:01.325151,2026-07-07T12:01:01.336918+00:00,141.5,50,ask,,,10820653
2026-07-07T12:01:01.962331,2026-07-07T12:01:01.972235+00:00,141.3,12,bid,,,10820658
2026-07-07T12:01:03.358898,2026-07-07T12:01:03.370497+00:00,141.0,46,ask,,,10820680
2026-07-07T12:01:03.432487,2026-07-07T12:01:03.441622+00:00,141.0,50,ask,,,10820681
2026-07-07T12:01:03.670098,2026-07-07T12:01:03.680630+00:00,141.3,17,bid,,,10820685
2026-07-07T12:01:05.510961,2026-07-07T12:01:05.522548+00:00,141.3,45,ask,,,10820716
2026-07-07T12:01:05.542807,2026-07-07T12:01:05.554381+00:00,141.3,50,ask,,,10820717
2026-07-07T12:01:06.131988,2026-07-07T12:01:06.143990+00:00,141.5,49,bid,,,10820725
2026-07-07T12:01:07.657005,2026-07-07T12:01:07.663595+00:00,141.3,50,ask,,,10820751
2026-07-07T12:01:08.281946,2026-07-07T12:01:08.289610+00:00,141.2,100,ask,,,10820757
2026-07-07T12:01:09.713495,2026-07-07T12:01:09.725451+00:00,141.2,50,bid,,,10820785
2026-07-07T12:01:11.820102,2026-07-07T12:01:11.831776+00:00,141.4,50,bid,,,10820816
2026-07-07T12:01:12.763112,2026-07-07T12:01:12.769646+00:00,141.3,43,ask,,,10820824
2026-07-07T12:01:13.981072,2026-07-07T12:01:13.992510+00:00,141.3,50,ask,,,10820843
2026-07-07T12:01:14.125900,2026-07-07T12:01:14.137813+00:00,141.5,40,bid,,,10820847
2026-07-07T12:01:16.106395,2026-07-07T12:01:16.118567+00:00,141.1,42,ask,,,10820866
2026-07-07T12:01:18.369283,2026-07-07T12:01:18.379789+00:00,141.4,41,bid,,,10820917
2026-07-07T12:01:20.298534,2026-07-07T12:01:20.310679+00:00,141.0,50,ask,,,10820947
2026-07-07T12:01:22.405589,2026-07-07T12:01:22.413411+00:00,141.1,50,ask,,,10820986
2026-07-07T12:01:24.489580,2026-07-07T12:01:24.496408+00:00,141.3,50,bid,,,10821021
2026-07-07T12:01:25.630953,2026-07-07T12:01:25.642531+00:00,141.4,49,bid,,,10821043
2026-07-07T12:01:26.093313,2026-07-07T12:01:26.104964+00:00,140.9,49,ask,,,10821054
2026-07-07T12:01:28.484437,2026-07-07T12:01:28.493775+00:00,140.9,43,ask,,,10821084
2026-07-07T12:01:28.740285,2026-07-07T12:01:28.749259+00:00,140.8,50,bid,,,10821095
2026-07-07T12:01:29.135066,2026-07-07T12:01:29.146932+00:00,140.8,45,bid,,,10821101
2026-07-07T12:01:30.903689,2026-07-07T12:01:30.911820+00:00,140.6,50,ask,,,10821125
2026-07-07T12:01:32.134435,2026-07-07T12:01:32.142671+00:00,141.1,43,bid,,,10821141
2026-07-07T12:01:35.063199,2026-07-07T12:01:35.074827+00:00,141.1,50,bid,,,10821198
2026-07-07T12:01:36.689841,2026-07-07T12:01:36.701667+00:00,140.6,49,ask,,,10821222
2026-07-07T12:01:37.169800,2026-07-07T12:01:37.181685+00:00,140.9,50,bid,,,10821228
2026-07-07T12:01:37.730694,2026-07-07T12:01:37.742544+00:00,140.9,47,bid,,,10821236
2026-07-07T12:01:39.277884,2026-07-07T12:01:39.285027+00:00,140.9,50,bid,,,10821260
2026-07-07T12:01:41.386545,2026-07-07T12:01:41.395874+00:00,141.3,50,bid,,,10821304
2026-07-07T12:01:42.327205,2026-07-07T12:01:42.334729+00:00,141.1,46,ask,,,10821331
2026-07-07T12:01:43.514254,2026-07-07T12:01:43.525801+00:00,140.9,50,bid,,,10821347
2026-07-07T12:01:44.532658,2026-07-07T12:01:44.544499+00:00,140.9,40,bid,,,10821365
2026-07-07T12:01:44.588714,2026-07-07T12:01:44.598940+00:00,140.7,49,ask,,,10821366
2026-07-07T12:01:45.078618,2026-07-07T12:01:45.090090+00:00,140.9,46,bid,,,10821370
2026-07-07T12:01:45.713125,2026-07-07T12:01:45.720633+00:00,140.7,41,ask,,,10821379
2026-07-07T12:01:46.303803,2026-07-07T12:01:46.317343+00:00,141.0,17,ask,,,10821386
2026-07-07T12:01:47.078067,2026-07-07T12:01:47.087370+00:00,141.0,12,ask,,,10821409
2026-07-07T12:01:47.637065,2026-07-07T12:01:47.644904+00:00,141.0,100,ask,,,10821416
2026-07-07T12:01:47.753779,2026-07-07T12:01:47.765750+00:00,141.2,20,bid,,,10821418
2026-07-07T12:01:47.753779,2026-07-07T12:01:47.765750+00:00,141.3,12,bid,,,10821419
2026-07-07T12:01:47.753779,2026-07-07T12:01:47.765750+00:00,141.5,18,bid,,,10821420
2026-07-07T12:01:49.930443,2026-07-07T12:01:49.963653+00:00,140.7,20,ask,,,10821448
2026-07-07T12:01:49.930443,2026-07-07T12:01:49.963653+00:00,140.6,11,ask,,,10821449
2026-07-07T12:01:49.930443,2026-07-07T12:01:49.963653+00:00,140.5,19,ask,,,10821450
2026-07-07T12:01:49.968220,2026-07-07T12:01:49.987618+00:00,141.0,43,bid,,,10821452
2026-07-07T12:01:50.882716,2026-07-07T12:01:50.892028+00:00,140.5,48,ask,,,10821473
2026-07-07T12:01:51.426741,2026-07-07T12:01:51.438292+00:00,141.0,43,bid,,,10821481
2026-07-07T12:01:53.109028,2026-07-07T12:01:53.118239+00:00,140.5,46,ask,,,10821497
2026-07-07T12:01:54.098511,2026-07-07T12:01:54.108778+00:00,140.7,50,bid,,,10821513
2026-07-07T12:01:54.106357,2026-07-07T12:01:54.113776+00:00,140.6,1,ask,,,10821514
2026-07-07T12:01:54.106357,2026-07-07T12:01:54.119262+00:00,140.5,46,ask,,,10821515
2026-07-07T12:01:56.226357,2026-07-07T12:01:56.235654+00:00,140.7,50,bid,,,10821547
2026-07-07T12:01:56.719465,2026-07-07T12:01:56.729803+00:00,140.7,42,bid,,,10821553
2026-07-07T12:01:58.335113,2026-07-07T12:01:58.344165+00:00,140.7,50,bid,,,10821573
2026-07-07T12:01:58.602882,2026-07-07T12:01:58.610840+00:00,140.7,45,bid,,,10821576
2026-07-07T12:02:00.463741,2026-07-07T12:02:00.475575+00:00,141.1,50,bid,,,10821596
2026-07-07T12:02:02.280185,2026-07-07T12:02:02.286609+00:00,140.8,41,ask,,,10821621
2026-07-07T12:02:02.570812,2026-07-07T12:02:02.582951+00:00,141.1,50,bid,,,10821629
2026-07-07T12:02:02.899261,2026-07-07T12:02:02.909191+00:00,141.1,20,bid,,,10821638
2026-07-07T12:02:04.692069,2026-07-07T12:02:04.701043+00:00,141.2,20,bid,,,10821661
2026-07-07T12:02:04.692069,2026-07-07T12:02:04.701043+00:00,141.3,30,bid,,,10821662
2026-07-07T12:02:06.349995,2026-07-07T12:02:06.359075+00:00,140.8,47,ask,,,10821687
2026-07-07T12:02:08.931077,2026-07-07T12:02:08.942919+00:00,141.2,50,bid,,,10821713
2026-07-07T12:02:09.510185,2026-07-07T12:02:09.521933+00:00,140.9,47,ask,,,10821723
2026-07-07T12:02:11.038442,2026-07-07T12:02:11.049557+00:00,141.4,48,bid,,,10821747
2026-07-07T12:02:11.041955,2026-07-07T12:02:11.049557+00:00,141.4,50,bid,,,10821748
2026-07-07T12:02:13.230616,2026-07-07T12:02:13.242319+00:00,141.1,50,ask,,,10821773
2026-07-07T12:02:13.301226,2026-07-07T12:02:13.312624+00:00,141.1,11,ask,,,10821775
2026-07-07T12:02:13.601095,2026-07-07T12:02:13.610780+00:00,141.1,41,ask,,,10821782
2026-07-07T12:02:14.061260,2026-07-07T12:02:14.073023+00:00,141.3,12,bid,,,10821789
2026-07-07T12:02:14.061260,2026-07-07T12:02:14.073023+00:00,141.3,20,bid,,,10821790
2026-07-07T12:02:14.061260,2026-07-07T12:02:14.073023+00:00,141.5,14,bid,,,10821791
2026-07-07T12:02:14.670137,2026-07-07T12:02:14.678973+00:00,141.1,11,ask,,,10821805
2026-07-07T12:02:14.790109,2026-07-07T12:02:14.801704+00:00,141.0,100,ask,,,10821810
2026-07-07T12:02:14.969494,2026-07-07T12:02:14.981310+00:00,140.8,12,ask,,,10821811
2026-07-07T12:02:14.969494,2026-07-07T12:02:14.981310+00:00,140.5,20,ask,,,10821812
2026-07-07T12:02:15.338335,2026-07-07T12:02:15.352592+00:00,140.5,20,ask,,,10821822
2026-07-07T12:02:15.338335,2026-07-07T12:02:15.352592+00:00,140.4,30,ask,,,10821823
2026-07-07T12:02:15.720979,2026-07-07T12:02:15.729942+00:00,140.9,11,bid,,,10821829
2026-07-07T12:02:17.450891,2026-07-07T12:02:17.459882+00:00,140.6,50,ask,,,10821852
2026-07-07T12:02:19.507486,2026-07-07T12:02:19.519456+00:00,141.0,50,bid,,,10821878
2026-07-07T12:02:21.066781,2026-07-07T12:02:21.076276+00:00,141.0,50,bid,,,10821897
2026-07-07T12:02:21.641981,2026-07-07T12:02:21.652936+00:00,141.2,12,bid,,,10821912
2026-07-07T12:02:21.641981,2026-07-07T12:02:21.652936+00:00,141.3,20,bid,,,10821913
2026-07-07T12:02:21.641981,2026-07-07T12:02:21.652936+00:00,141.5,18,bid,,,10821914
2026-07-07T12:02:21.866946,2026-07-07T12:02:21.878433+00:00,141.0,41,ask,,,10821917
2026-07-07T12:02:23.753025,2026-07-07T12:02:23.758555+00:00,141.2,20,bid,,,10821939
2026-07-07T12:02:23.753025,2026-07-07T12:02:23.769228+00:00,141.3,30,bid,,,10821940
2026-07-07T12:02:25.575184,2026-07-07T12:02:25.586924+00:00,141.4,40,bid,,,10821970
2026-07-07T12:02:25.888186,2026-07-07T12:02:25.899696+00:00,141.4,50,bid,,,10821974
2026-07-07T12:02:26.081952,2026-07-07T12:02:26.091209+00:00,141.4,48,bid,,,10821977
2026-07-07T12:02:27.404372,2026-07-07T12:02:27.413529+00:00,141.4,11,ask,,,10821998
2026-07-07T12:02:27.761726,2026-07-07T12:02:27.769637+00:00,141.4,40,ask,,,10822006
2026-07-07T12:02:27.997831,2026-07-07T12:02:28.007567+00:00,141.5,12,bid,,,10822011
2026-07-07T12:02:27.997831,2026-07-07T12:02:28.007567+00:00,141.6,38,bid,,,10822012
2026-07-07T12:02:29.159779,2026-07-07T12:02:29.168905+00:00,141.4,12,ask,,,10822042
2026-07-07T12:02:29.284332,2026-07-07T12:02:29.294435+00:00,141.4,25,ask,,,10822047
2026-07-07T12:02:29.511777,2026-07-07T12:02:29.520429+00:00,141.4,25,ask,,,10822050
2026-07-07T12:02:29.736226,2026-07-07T12:02:29.747033+00:00,141.4,25,ask,,,10822052
2026-07-07T12:02:29.898180,2026-07-07T12:02:29.905606+00:00,141.5,12,bid,,,10822056
2026-07-07T12:02:29.898180,2026-07-07T12:02:29.910857+00:00,141.6,20,bid,,,10822057
2026-07-07T12:02:29.898180,2026-07-07T12:02:29.910857+00:00,141.7,15,bid,,,10822058
2026-07-07T12:02:29.954861,2026-07-07T12:02:29.956902+00:00,141.4,12,ask,,,10822062
2026-07-07T12:02:29.954861,2026-07-07T12:02:29.968887+00:00,141.2,33,ask,,,10822063
2026-07-07T12:02:31.551214,2026-07-07T12:02:31.558589+00:00,141.3,49,bid,,,10822080
2026-07-07T12:02:31.773712,2026-07-07T12:02:31.794213+00:00,141.3,12,bid,,,10822087
2026-07-07T12:02:31.997957,2026-07-07T12:02:32.008659+00:00,141.3,12,bid,,,10822093
2026-07-07T12:02:32.301101,2026-07-07T12:02:32.308936+00:00,141.2,50,ask,,,10822103
2026-07-07T12:02:32.589895,2026-07-07T12:02:32.596636+00:00,141.2,45,ask,,,10822108
2026-07-07T12:02:33.777755,2026-07-07T12:02:33.785184+00:00,141.2,5,ask,,,10822126
2026-07-07T12:02:33.777755,2026-07-07T12:02:33.790677+00:00,141.2,20,ask,,,10822127
2026-07-07T12:02:33.777755,2026-07-07T12:02:33.790677+00:00,141.2,23,ask,,,10822128
2026-07-07T12:02:34.420122,2026-07-07T12:02:34.429492+00:00,141.2,50,ask,,,10822141
2026-07-07T12:02:34.787154,2026-07-07T12:02:34.797946+00:00,141.6,12,bid,,,10822150
2026-07-07T12:02:34.787154,2026-07-07T12:02:34.797946+00:00,141.6,36,bid,,,10822151
2026-07-07T12:02:38.056890,2026-07-07T12:02:38.058581+00:00,141.4,49,bid,,,10822209
2026-07-07T12:02:38.653512,2026-07-07T12:02:38.665088+00:00,141.3,12,ask,,,10822224
2026-07-07T12:02:38.653512,2026-07-07T12:02:38.665088+00:00,141.1,38,ask,,,10822225
2026-07-07T12:02:39.582176,2026-07-07T12:02:39.591962+00:00,141.1,44,ask,,,10822240
2026-07-07T12:02:40.119946,2026-07-07T12:02:40.149978+00:00,141.1,100,ask,,,10822251
2026-07-07T12:02:40.119946,2026-07-07T12:02:40.149978+00:00,141.1,12,ask,,,10822252
2026-07-07T12:02:40.136166,2026-07-07T12:02:40.149978+00:00,141.1,22,bid,,,10822254
2026-07-07T12:02:40.143441,2026-07-07T12:02:40.149978+00:00,141.1,16,bid,,,10822256
2026-07-07T12:02:42.892389,2026-07-07T12:02:42.904682+00:00,141.0,20,ask,,,10822298
2026-07-07T12:02:42.892389,2026-07-07T12:02:42.904682+00:00,140.7,30,ask,,,10822299
2026-07-07T12:02:43.265623,2026-07-07T12:02:43.274981+00:00,141.2,100,bid,,,10822302
2026-07-07T12:02:43.591218,2026-07-07T12:02:43.603708+00:00,141.2,11,ask,,,10822304
2026-07-07T12:02:44.180091,2026-07-07T12:02:44.192121+00:00,141.2,39,ask,,,10822313
2026-07-07T12:02:44.180091,2026-07-07T12:02:44.192121+00:00,141.1,3,ask,,,10822314
2026-07-07T12:02:45.008882,2026-07-07T12:02:45.016015+00:00,141.1,9,ask,,,10822325
2026-07-07T12:02:45.008882,2026-07-07T12:02:45.021407+00:00,140.9,20,ask,,,10822326
2026-07-07T12:02:45.008882,2026-07-07T12:02:45.021407+00:00,140.8,21,ask,,,10822327
2026-07-07T12:02:47.116187,2026-07-07T12:02:47.123186+00:00,140.8,50,ask,,,10822361
2026-07-07T12:02:47.516071,2026-07-07T12:02:47.526189+00:00,140.9,11,bid,,,10822371
2026-07-07T12:02:47.568822,2026-07-07T12:02:47.580127+00:00,140.9,25,bid,,,10822374
2026-07-07T12:02:47.612876,2026-07-07T12:02:47.622570+00:00,140.9,41,bid,,,10822375
2026-07-07T12:02:47.793063,2026-07-07T12:02:47.802328+00:00,140.9,25,bid,,,10822378
2026-07-07T12:02:48.015543,2026-07-07T12:02:48.022340+00:00,140.9,25,bid,,,10822380
2026-07-07T12:02:48.190934,2026-07-07T12:02:48.201377+00:00,140.9,23,bid,,,10822382
2026-07-07T12:02:48.190934,2026-07-07T12:02:48.201377+00:00,141.1,19,bid,,,10822383
2026-07-07T12:02:49.172324,2026-07-07T12:02:49.179845+00:00,141.1,50,bid,,,10822401
2026-07-07T12:02:50.139793,2026-07-07T12:02:50.149483+00:00,141.0,11,ask,,,10822415
2026-07-07T12:02:51.279061,2026-07-07T12:02:51.290921+00:00,141.1,50,bid,,,10822435
2026-07-07T12:02:51.689237,2026-07-07T12:02:51.700127+00:00,141.1,47,bid,,,10822443
2026-07-07T12:02:53.387609,2026-07-07T12:02:53.396609+00:00,141.1,3,bid,,,10822472
2026-07-07T12:02:53.387609,2026-07-07T12:02:53.401580+00:00,141.1,20,bid,,,10822473
2026-07-07T12:02:53.387609,2026-07-07T12:02:53.401580+00:00,141.2,12,bid,,,10822474
2026-07-07T12:02:53.387609,2026-07-07T12:02:53.401580+00:00,141.4,15,bid,,,10822475
2026-07-07T12:02:54.759207,2026-07-07T12:02:54.770851+00:00,141.0,12,ask,,,10822498
2026-07-07T12:02:54.759207,2026-07-07T12:02:54.770851+00:00,140.9,31,ask,,,10822499
2026-07-07T12:02:55.505494,2026-07-07T12:02:55.517754+00:00,141.3,12,bid,,,10822510
2026-07-07T12:02:55.505494,2026-07-07T12:02:55.517754+00:00,141.4,38,bid,,,10822511
2026-07-07T12:02:56.252863,2026-07-07T12:02:56.264928+00:00,141.2,47,ask,,,10822521
2026-07-07T12:02:57.614939,2026-07-07T12:02:57.627086+00:00,141.3,20,bid,,,10822544
2026-07-07T12:02:57.614939,2026-07-07T12:02:57.627086+00:00,141.5,12,bid,,,10822545
2026-07-07T12:02:57.614939,2026-07-07T12:02:57.627086+00:00,141.6,18,bid,,,10822546
2026-07-07T12:02:58.015337,2026-07-07T12:02:58.024141+00:00,141.2,23,ask,,,10822557
2026-07-07T12:02:58.221337,2026-07-07T12:02:58.231840+00:00,141.2,25,ask,,,10822559
2026-07-07T12:02:58.449512,2026-07-07T12:02:58.458593+00:00,141.2,25,ask,,,10822564
2026-07-07T12:02:58.670703,2026-07-07T12:02:58.679628+00:00,141.2,25,ask,,,10822568
2026-07-07T12:02:58.891476,2026-07-07T12:02:58.903163+00:00,141.2,5,ask,,,10822574
2026-07-07T12:02:59.147384,2026-07-07T12:02:59.169206+00:00,141.1,100,ask,,,10822581
2026-07-07T12:02:59.147384,2026-07-07T12:02:59.169206+00:00,141.0,12,ask,,,10822582
2026-07-07T12:02:59.159489,2026-07-07T12:02:59.169206+00:00,140.8,23,bid,,,10822583
2026-07-07T12:02:59.327750,2026-07-07T12:02:59.342223+00:00,140.8,15,bid,,,10822589
2026-07-07T12:02:59.726779,2026-07-07T12:02:59.733898+00:00,140.9,12,ask,,,10822598
2026-07-07T12:02:59.726779,2026-07-07T12:02:59.739077+00:00,140.9,20,ask,,,10822599
2026-07-07T12:02:59.731744,2026-07-07T12:02:59.739077+00:00,141.3,12,bid,,,10822600
2026-07-07T12:02:59.731744,2026-07-07T12:02:59.744300+00:00,141.5,20,bid,,,10822601
2026-07-07T12:02:59.731744,2026-07-07T12:02:59.744300+00:00,141.6,18,bid,,,10822602
2026-07-07T12:03:01.787426,2026-07-07T12:03:01.797005+00:00,140.9,15,ask,,,10822629
2026-07-07T12:03:01.841861,2026-07-07T12:03:01.853526+00:00,141.3,20,bid,,,10822631
2026-07-07T12:03:01.841861,2026-07-07T12:03:01.853526+00:00,141.4,30,bid,,,10822632
2026-07-07T12:03:03.952252,2026-07-07T12:03:03.958596+00:00,141.4,50,bid,,,10822679
2026-07-07T12:03:06.936308,2026-07-07T12:03:06.948214+00:00,141.4,43,bid,,,10822708
2026-07-07T12:03:08.218274,2026-07-07T12:03:08.232434+00:00,141.0,50,ask,,,10822728
2026-07-07T12:03:08.604710,2026-07-07T12:03:08.614408+00:00,141.1,11,ask,,,10822742
2026-07-07T12:03:10.327579,2026-07-07T12:03:10.336770+00:00,141.1,50,ask,,,10822766
2026-07-07T12:03:12.121961,2026-07-07T12:03:12.134010+00:00,141.2,12,bid,,,10822794
2026-07-07T12:03:12.121961,2026-07-07T12:03:12.134010+00:00,141.2,30,bid,,,10822795
2026-07-07T12:03:12.180088,2026-07-07T12:03:12.192021+00:00,140.9,12,ask,,,10822798
2026-07-07T12:03:12.180088,2026-07-07T12:03:12.192021+00:00,140.9,34,ask,,,10822799
2026-07-07T12:03:12.385560,2026-07-07T12:03:12.397334+00:00,141.2,50,bid,,,10822802
2026-07-07T12:03:14.299401,2026-07-07T12:03:14.311111+00:00,141.4,44,bid,,,10822842
2026-07-07T12:03:14.353620,2026-07-07T12:03:14.363781+00:00,141.1,43,ask,,,10822843
2026-07-07T12:03:14.493470,2026-07-07T12:03:14.505350+00:00,141.4,50,bid,,,10822844
2026-07-07T12:03:15.070555,2026-07-07T12:03:15.079228+00:00,141.4,23,ask,,,10822854
2026-07-07T12:03:15.102910,2026-07-07T12:03:15.130053+00:00,141.4,12,ask,,,10822858
2026-07-07T12:03:15.308105,2026-07-07T12:03:15.314550+00:00,141.4,25,ask,,,10822867
2026-07-07T12:03:15.533662,2026-07-07T12:03:15.543219+00:00,141.4,25,ask,,,10822872
2026-07-07T12:03:15.755655,2026-07-07T12:03:15.756009+00:00,141.4,6,ask,,,10822874
2026-07-07T12:03:16.226293,2026-07-07T12:03:16.236467+00:00,141.4,59,ask,,,10822878
2026-07-07T12:03:16.618097,2026-07-07T12:03:16.626292+00:00,140.9,44,ask,,,10822888
2026-07-07T12:03:16.658491,2026-07-07T12:03:16.670214+00:00,140.9,50,ask,,,10822889
2026-07-07T12:03:18.134113,2026-07-07T12:03:18.144691+00:00,140.9,6,ask,,,10822914
2026-07-07T12:03:18.145796,2026-07-07T12:03:18.154846+00:00,140.9,23,bid,,,10822915
2026-07-07T12:03:19.007587,2026-07-07T12:03:19.016455+00:00,140.9,12,bid,,,10822924
2026-07-07T12:03:20.819812,2026-07-07T12:03:20.828360+00:00,140.9,50,bid,,,10822964
2026-07-07T12:03:22.928210,2026-07-07T12:03:22.937069+00:00,141.1,12,bid,,,10822986
2026-07-07T12:03:25.036067,2026-07-07T12:03:25.048192+00:00,141.2,12,bid,,,10823012
2026-07-07T12:03:25.036067,2026-07-07T12:03:25.048192+00:00,141.3,38,bid,,,10823013
2026-07-07T12:03:27.099342,2026-07-07T12:03:27.108937+00:00,141.4,46,bid,,,10823051
2026-07-07T12:03:27.146812,2026-07-07T12:03:27.153590+00:00,141.4,50,bid,,,10823053
2026-07-07T12:03:27.572806,2026-07-07T12:03:27.581140+00:00,141.4,12,bid,,,10823057
2026-07-07T12:03:27.587650,2026-07-07T12:03:27.596352+00:00,141.4,12,ask,,,10823058
2026-07-07T12:03:28.793867,2026-07-07T12:03:28.801503+00:00,141.4,40,ask,,,10823081
2026-07-07T12:03:29.258143,2026-07-07T12:03:29.268750+00:00,141.5,12,bid,,,10823090
2026-07-07T12:03:29.258143,2026-07-07T12:03:29.268750+00:00,141.5,38,bid,,,10823091
2026-07-07T12:03:30.021743,2026-07-07T12:03:30.028637+00:00,141.4,48,ask,,,10823103
2026-07-07T12:03:30.608446,2026-07-07T12:03:30.619532+00:00,141.5,47,bid,,,10823110
2026-07-07T12:03:31.365809,2026-07-07T12:03:31.375931+00:00,141.5,15,bid,,,10823128
2026-07-07T12:03:31.365809,2026-07-07T12:03:31.375931+00:00,141.5,35,bid,,,10823129
2026-07-07T12:03:31.994463,2026-07-07T12:03:32.001544+00:00,141.5,100,bid,,,10823139
2026-07-07T12:03:32.136698,2026-07-07T12:03:32.148415+00:00,141.3,20,ask,,,10823145
2026-07-07T12:03:32.136698,2026-07-07T12:03:32.148415+00:00,141.3,12,ask,,,10823146
2026-07-07T12:03:33.475865,2026-07-07T12:03:33.486481+00:00,141.5,15,bid,,,10823172
2026-07-07T12:03:33.475865,2026-07-07T12:03:33.486481+00:00,141.5,12,bid,,,10823173
2026-07-07T12:03:33.475865,2026-07-07T12:03:33.486481+00:00,141.7,20,bid,,,10823174
2026-07-07T12:03:33.475865,2026-07-07T12:03:33.491911+00:00,142.0,3,bid,,,10823175
2026-07-07T12:03:33.912981,2026-07-07T12:03:33.923848+00:00,141.7,23,ask,,,10823189
2026-07-07T12:03:34.743074,2026-07-07T12:03:34.758076+00:00,141.7,11,ask,,,10823202
2026-07-07T12:03:35.210375,2026-07-07T12:03:35.221106+00:00,141.7,100,ask,,,10823214
2026-07-07T12:03:35.302103,2026-07-07T12:03:35.312776+00:00,141.7,16,ask,,,10823217
2026-07-07T12:03:35.645640,2026-07-07T12:03:35.655280+00:00,141.1,50,ask,,,10823226
2026-07-07T12:03:35.904102,2026-07-07T12:03:35.914976+00:00,141.7,12,bid,,,10823229
2026-07-07T12:03:35.904102,2026-07-07T12:03:35.914976+00:00,142.2,32,bid,,,10823230
2026-07-07T12:03:36.858214,2026-07-07T12:03:36.869836+00:00,142.0,12,bid,,,10823244
2026-07-07T12:03:37.765718,2026-07-07T12:03:37.774165+00:00,141.3,12,ask,,,10823256
2026-07-07T12:03:37.765718,2026-07-07T12:03:37.779194+00:00,141.2,38,ask,,,10823257
2026-07-07T12:03:38.527083,2026-07-07T12:03:38.539191+00:00,141.7,48,bid,,,10823270
2026-07-07T12:03:39.823398,2026-07-07T12:03:39.835076+00:00,141.7,50,bid,,,10823283
2026-07-07T12:03:40.457273,2026-07-07T12:03:40.469102+00:00,141.4,42,ask,,,10823293
2026-07-07T12:03:41.959542,2026-07-07T12:03:41.969108+00:00,141.5,12,bid,,,10823318
2026-07-07T12:03:41.959542,2026-07-07T12:03:41.969108+00:00,141.6,38,bid,,,10823319
2026-07-07T12:03:43.926978,2026-07-07T12:03:43.940336+00:00,141.6,11,bid,,,10823350
2026-07-07T12:03:44.073717,2026-07-07T12:03:44.084463+00:00,141.6,50,bid,,,10823356
2026-07-07T12:03:44.646077,2026-07-07T12:03:44.654137+00:00,141.6,12,bid,,,10823361
2026-07-07T12:03:46.192458,2026-07-07T12:03:46.204408+00:00,141.8,12,bid,,,10823388
2026-07-07T12:03:46.192458,2026-07-07T12:03:46.204408+00:00,141.9,38,bid,,,10823389
2026-07-07T12:03:46.480052,2026-07-07T12:03:46.491733+00:00,141.6,49,ask,,,10823397
2026-07-07T12:03:46.566440,2026-07-07T12:03:46.577376+00:00,141.8,11,ask,,,10823399
2026-07-07T12:03:47.863456,2026-07-07T12:03:47.873877+00:00,141.8,100,ask,,,10823425
2026-07-07T12:03:48.135025,2026-07-07T12:03:48.146592+00:00,141.8,39,ask,,,10823432
2026-07-07T12:03:48.353821,2026-07-07T12:03:48.365645+00:00,141.4,12,ask,,,10823435
2026-07-07T12:03:48.353821,2026-07-07T12:03:48.365645+00:00,141.3,38,ask,,,10823436
2026-07-07T12:03:50.478814,2026-07-07T12:03:50.490506+00:00,141.4,12,ask,,,10823471
2026-07-07T12:03:50.478814,2026-07-07T12:03:50.490506+00:00,141.3,38,ask,,,10823472
2026-07-07T12:03:52.588956,2026-07-07T12:03:52.600849+00:00,141.4,50,ask,,,10823516
2026-07-07T12:03:52.671660,2026-07-07T12:03:52.680068+00:00,141.6,12,bid,,,10823518
2026-07-07T12:03:52.671660,2026-07-07T12:03:52.680068+00:00,141.7,36,bid,,,10823519
2026-07-07T12:03:53.234706,2026-07-07T12:03:53.246595+00:00,141.6,40,bid,,,10823527
2026-07-07T12:03:55.077429,2026-07-07T12:03:55.086409+00:00,141.5,11,bid,,,10823555
2026-07-07T12:03:55.238163,2026-07-07T12:03:55.246270+00:00,141.2,49,ask,,,10823560
2026-07-07T12:03:55.807344,2026-07-07T12:03:55.819622+00:00,141.6,48,bid,,,10823569
2026-07-07T12:03:56.392247,2026-07-07T12:03:56.403850+00:00,141.5,40,ask,,,10823579
2026-07-07T12:03:56.780035,2026-07-07T12:03:56.787725+00:00,141.7,50,bid,,,10823588
2026-07-07T12:03:58.604874,2026-07-07T12:03:58.615694+00:00,141.7,12,bid,,,10823624
2026-07-07T12:03:58.604874,2026-07-07T12:03:58.615694+00:00,141.8,30,bid,,,10823625
2026-07-07T12:03:58.919094,2026-07-07T12:03:58.928486+00:00,141.8,50,bid,,,10823630
2026-07-07T12:04:00.527415,2026-07-07T12:04:00.534792+00:00,141.9,42,bid,,,10823665
2026-07-07T12:04:01.077679,2026-07-07T12:04:01.084987+00:00,141.6,50,ask,,,10823675
2026-07-07T12:04:01.218880,2026-07-07T12:04:01.227216+00:00,141.6,45,ask,,,10823679
2026-07-07T12:04:02.789654,2026-07-07T12:04:02.796803+00:00,141.7,44,ask,,,10823707
2026-07-07T12:04:05.298783,2026-07-07T12:04:05.310523+00:00,141.7,50,ask,,,10823747
2026-07-07T12:04:07.404937,2026-07-07T12:04:07.412948+00:00,141.4,12,ask,,,10823780
2026-07-07T12:04:07.404937,2026-07-07T12:04:07.412948+00:00,141.3,38,ask,,,10823781
2026-07-07T12:04:08.165355,2026-07-07T12:04:08.173237+00:00,141.5,12,bid,,,10823788
2026-07-07T12:04:08.165355,2026-07-07T12:04:08.178792+00:00,141.7,36,bid,,,10823789
2026-07-07T12:04:08.822945,2026-07-07T12:04:08.832111+00:00,141.6,11,bid,,,10823801
2026-07-07T12:04:08.822945,2026-07-07T12:04:08.832111+00:00,141.6,31,bid,,,10823802
2026-07-07T12:04:09.377577,2026-07-07T12:04:09.385172+00:00,141.3,45,ask,,,10823815
2026-07-07T12:04:09.517838,2026-07-07T12:04:09.529832+00:00,141.3,17,ask,,,10823817
2026-07-07T12:04:09.517838,2026-07-07T12:04:09.529832+00:00,141.2,12,ask,,,10823818
2026-07-07T12:04:09.517838,2026-07-07T12:04:09.529832+00:00,141.1,21,ask,,,10823819
2026-07-07T12:04:10.019923,2026-07-07T12:04:10.030566+00:00,141.2,12,bid,,,10823828
2026-07-07T12:04:10.177448,2026-07-07T12:04:10.186544+00:00,141.2,11,bid,,,10823835
2026-07-07T12:04:11.031991,2026-07-07T12:04:11.044033+00:00,141.2,49,bid,,,10823848
2026-07-07T12:04:11.577509,2026-07-07T12:04:11.589368+00:00,141.2,28,bid,,,10823855
2026-07-07T12:04:11.577509,2026-07-07T12:04:11.589368+00:00,141.6,22,bid,,,10823856
2026-07-07T12:04:13.694852,2026-07-07T12:04:13.704952+00:00,141.5,50,bid,,,10823893
2026-07-07T12:04:14.648365,2026-07-07T12:04:14.658555+00:00,141.3,11,ask,,,10823900
2026-07-07T12:04:17.915000,2026-07-07T12:04:17.923898+00:00,141.5,12,bid,,,10823954
2026-07-07T12:04:17.915000,2026-07-07T12:04:17.923898+00:00,141.6,38,bid,,,10823955
2026-07-07T12:04:18.377074,2026-07-07T12:04:18.388147+00:00,141.2,47,ask,,,10823964
2026-07-07T12:04:19.376986,2026-07-07T12:04:19.387552+00:00,141.2,12,ask,,,10823975
2026-07-07T12:04:20.100375,2026-07-07T12:04:20.109193+00:00,141.2,50,ask,,,10823993
2026-07-07T12:04:20.861614,2026-07-07T12:04:20.874104+00:00,141.3,46,bid,,,10824008
2026-07-07T12:04:20.916501,2026-07-07T12:04:20.928297+00:00,141.2,41,ask,,,10824009
2026-07-07T12:04:20.916501,2026-07-07T12:04:20.928297+00:00,140.9,6,ask,,,10824010
2026-07-07T12:04:21.400438,2026-07-07T12:04:21.412055+00:00,141.3,43,bid,,,10824014
2026-07-07T12:04:21.427276,2026-07-07T12:04:21.437015+00:00,141.1,12,bid,,,10824015
2026-07-07T12:04:22.611138,2026-07-07T12:04:22.622913+00:00,141.1,100,bid,,,10824037
2026-07-07T12:04:24.263285,2026-07-07T12:04:24.274973+00:00,141.1,38,bid,,,10824065
2026-07-07T12:04:24.442259,2026-07-07T12:04:24.458541+00:00,140.9,12,ask,,,10824070
2026-07-07T12:04:24.442259,2026-07-07T12:04:24.458541+00:00,140.8,20,ask,,,10824071
2026-07-07T12:04:24.442259,2026-07-07T12:04:24.458541+00:00,140.6,13,ask,,,10824072
2026-07-07T12:04:24.788170,2026-07-07T12:04:24.799329+00:00,141.1,20,ask,,,10824078
2026-07-07T12:04:25.078547,2026-07-07T12:04:25.090616+00:00,141.3,12,bid,,,10824089
2026-07-07T12:04:25.078547,2026-07-07T12:04:25.090616+00:00,141.6,35,bid,,,10824090
2026-07-07T12:04:26.428713,2026-07-07T12:04:26.437095+00:00,141.1,50,ask,,,10824106
2026-07-07T12:04:27.108222,2026-07-07T12:04:27.119854+00:00,141.1,41,ask,,,10824123
2026-07-07T12:04:28.176790,2026-07-07T12:04:28.188342+00:00,140.9,45,ask,,,10824135
2026-07-07T12:04:30.589134,2026-07-07T12:04:30.599710+00:00,141.2,6,bid,,,10824166
2026-07-07T12:04:30.589134,2026-07-07T12:04:30.599710+00:00,141.2,44,bid,,,10824167
2026-07-07T12:04:32.697113,2026-07-07T12:04:32.706939+00:00,141.2,50,bid,,,10824197
2026-07-07T12:04:34.807605,2026-07-07T12:04:34.814420+00:00,141.3,50,bid,,,10824228
2026-07-07T12:04:37.284182,2026-07-07T12:04:37.292641+00:00,141.4,43,bid,,,10824267
2026-07-07T12:04:39.069371,2026-07-07T12:04:39.081056+00:00,141.2,50,ask,,,10824304
2026-07-07T12:04:39.137905,2026-07-07T12:04:39.146985+00:00,141.2,12,ask,,,10824308
2026-07-07T12:04:39.898392,2026-07-07T12:04:39.908427+00:00,141.2,38,ask,,,10824316
2026-07-07T12:04:39.898392,2026-07-07T12:04:39.908427+00:00,141.1,8,ask,,,10824317
2026-07-07T12:04:41.177146,2026-07-07T12:04:41.188887+00:00,140.8,50,ask,,,10824342
2026-07-07T12:04:43.284168,2026-07-07T12:04:43.295738+00:00,140.9,50,ask,,,10824368
2026-07-07T12:04:43.836328,2026-07-07T12:04:43.848026+00:00,141.3,49,bid,,,10824373
2026-07-07T12:04:44.985512,2026-07-07T12:04:44.997170+00:00,141.0,12,ask,,,10824389
2026-07-07T12:04:44.985512,2026-07-07T12:04:44.997170+00:00,140.9,32,ask,,,10824390
2026-07-07T12:04:45.390127,2026-07-07T12:04:45.401349+00:00,140.9,50,ask,,,10824405
2026-07-07T12:04:45.696612,2026-07-07T12:04:45.707285+00:00,141.3,12,bid,,,10824412
2026-07-07T12:04:47.022369,2026-07-07T12:04:47.037590+00:00,141.2,12,ask,,,10824439
2026-07-07T12:04:47.499318,2026-07-07T12:04:47.508774+00:00,141.2,50,ask,,,10824453
2026-07-07T12:04:47.982204,2026-07-07T12:04:47.995241+00:00,141.2,88,ask,,,10824457
2026-07-07T12:04:47.982204,2026-07-07T12:04:47.995241+00:00,140.9,12,ask,,,10824458
2026-07-07T12:04:49.605747,2026-07-07T12:04:49.616678+00:00,140.8,12,ask,,,10824487
2026-07-07T12:04:49.605747,2026-07-07T12:04:49.616678+00:00,140.8,20,ask,,,10824488
2026-07-07T12:04:49.605747,2026-07-07T12:04:49.616678+00:00,140.4,18,ask,,,10824489
2026-07-07T12:04:49.925005,2026-07-07T12:04:49.936442+00:00,140.7,23,bid,,,10824500
2026-07-07T12:04:50.334677,2026-07-07T12:04:50.343392+00:00,140.7,49,bid,,,10824505
2026-07-07T12:04:50.819319,2026-07-07T12:04:50.830317+00:00,140.7,12,bid,,,10824516
2026-07-07T12:04:51.716446,2026-07-07T12:04:51.727631+00:00,140.6,12,ask,,,10824540
2026-07-07T12:04:51.716446,2026-07-07T12:04:51.727631+00:00,140.6,38,ask,,,10824541
2026-07-07T12:04:53.826606,2026-07-07T12:04:53.838481+00:00,140.6,50,ask,,,10824570
2026-07-07T12:04:54.311080,2026-07-07T12:04:54.319499+00:00,140.5,100,ask,,,10824576
2026-07-07T12:04:55.131709,2026-07-07T12:04:55.143561+00:00,140.8,12,ask,,,10824611
2026-07-07T12:04:55.131709,2026-07-07T12:04:55.143561+00:00,140.7,20,ask,,,10824612
2026-07-07T12:04:55.936441,2026-07-07T12:04:55.948572+00:00,140.7,12,ask,,,10824626
2026-07-07T12:04:55.936441,2026-07-07T12:04:55.948572+00:00,140.6,20,ask,,,10824627
2026-07-07T12:04:55.936441,2026-07-07T12:04:55.948572+00:00,140.5,18,ask,,,10824628
2026-07-07T12:04:56.260514,2026-07-07T12:04:56.274662+00:00,140.6,22,bid,,,10824638
2026-07-07T12:04:56.289505,2026-07-07T12:04:56.300786+00:00,140.6,25,bid,,,10824641
2026-07-07T12:04:56.514233,2026-07-07T12:04:56.521659+00:00,140.6,25,bid,,,10824647
2026-07-07T12:04:56.563530,2026-07-07T12:04:56.573684+00:00,140.6,12,bid,,,10824648
2026-07-07T12:04:56.735364,2026-07-07T12:04:56.742270+00:00,140.6,25,bid,,,10824651
2026-07-07T12:04:56.746585,2026-07-07T12:04:56.758586+00:00,140.6,41,bid,,,10824652
2026-07-07T12:04:56.746585,2026-07-07T12:04:56.758586+00:00,141.0,1,bid,,,10824653
2026-07-07T12:04:58.047736,2026-07-07T12:04:58.052606+00:00,140.7,50,ask,,,10824680
2026-07-07T12:04:59.291949,2026-07-07T12:04:59.301798+00:00,140.7,11,ask,,,10824696
2026-07-07T12:05:00.155657,2026-07-07T12:05:00.158638+00:00,140.7,39,ask,,,10824720
2026-07-07T12:05:00.155657,2026-07-07T12:05:00.158638+00:00,140.7,11,ask,,,10824721
2026-07-07T12:05:00.714258,2026-07-07T12:05:00.721429+00:00,140.9,49,bid,,,10824737
2026-07-07T12:05:00.772430,2026-07-07T12:05:00.780123+00:00,140.7,1,ask,,,10824740
2026-07-07T12:05:00.772430,2026-07-07T12:05:00.785424+00:00,140.7,40,ask,,,10824741
2026-07-07T12:05:01.506404,2026-07-07T12:05:01.516425+00:00,140.7,11,ask,,,10824749
2026-07-07T12:05:01.919315,2026-07-07T12:05:01.930714+00:00,140.8,20,bid,,,10824752
2026-07-07T12:05:01.919315,2026-07-07T12:05:01.930714+00:00,140.9,28,bid,,,10824753
2026-07-07T12:05:01.979107,2026-07-07T12:05:01.991476+00:00,140.7,43,ask,,,10824755
2026-07-07T12:05:02.265041,2026-07-07T12:05:02.276639+00:00,140.7,50,ask,,,10824765
2026-07-07T12:05:02.584186,2026-07-07T12:05:02.593759+00:00,140.5,11,bid,,,10824770
2026-07-07T12:05:03.190787,2026-07-07T12:05:03.197351+00:00,140.5,12,bid,,,10824793
2026-07-07T12:05:04.080412,2026-07-07T12:05:04.090271+00:00,140.4,44,ask,,,10824799
2026-07-07T12:05:04.123760,2026-07-07T12:05:04.135852+00:00,140.5,11,bid,,,10824800
2026-07-07T12:05:04.199953,2026-07-07T12:05:04.207112+00:00,140.5,25,bid,,,10824804
2026-07-07T12:05:04.325096,2026-07-07T12:05:04.335554+00:00,140.5,50,bid,,,10824810
2026-07-07T12:05:04.421110,2026-07-07T12:05:04.428866+00:00,140.5,25,bid,,,10824814
2026-07-07T12:05:04.651983,2026-07-07T12:05:04.658562+00:00,140.5,16,bid,,,10824819
2026-07-07T12:05:05.122263,2026-07-07T12:05:05.133866+00:00,140.9,42,bid,,,10824827
2026-07-07T12:05:05.438157,2026-07-07T12:05:05.446719+00:00,140.5,11,ask,,,10824835
2026-07-07T12:05:05.684653,2026-07-07T12:05:05.696519+00:00,140.8,12,bid,,,10824841
2026-07-07T12:05:05.684653,2026-07-07T12:05:05.696519+00:00,140.9,58,bid,,,10824842
2026-07-07T12:05:06.271782,2026-07-07T12:05:06.281826+00:00,141.1,46,ask,,,10824851
2026-07-07T12:05:06.433037,2026-07-07T12:05:06.445167+00:00,141.3,12,bid,,,10824857
2026-07-07T12:05:06.433037,2026-07-07T12:05:06.445167+00:00,141.6,38,bid,,,10824858
2026-07-07T12:05:06.559496,2026-07-07T12:05:06.569855+00:00,141.1,23,ask,,,10824860
2026-07-07T12:05:06.658751,2026-07-07T12:05:06.669545+00:00,141.1,11,ask,,,10824862
2026-07-07T12:05:07.376685,2026-07-07T12:05:07.397406+00:00,140.9,12,bid,,,10824879
2026-07-07T12:05:08.541227,2026-07-07T12:05:08.552797+00:00,141.2,12,bid,,,10824900
2026-07-07T12:05:08.541227,2026-07-07T12:05:08.552797+00:00,141.3,38,bid,,,10824901
2026-07-07T12:05:09.778978,2026-07-07T12:05:09.789717+00:00,141.2,40,bid,,,10824925
2026-07-07T12:05:10.093926,2026-07-07T12:05:10.105834+00:00,141.1,20,bid,,,10824928
2026-07-07T12:05:10.597976,2026-07-07T12:05:10.607596+00:00,141.1,12,ask,,,10824933
2026-07-07T12:05:10.652419,2026-07-07T12:05:10.658587+00:00,141.2,50,bid,,,10824936
2026-07-07T12:05:10.722317,2026-07-07T12:05:10.731824+00:00,141.1,12,ask,,,10824939
2026-07-07T12:05:10.869568,2026-07-07T12:05:10.879980+00:00,141.1,25,ask,,,10824945
2026-07-07T12:05:11.091668,2026-07-07T12:05:11.102950+00:00,141.1,25,ask,,,10824952
2026-07-07T12:05:11.313806,2026-07-07T12:05:11.325020+00:00,141.1,6,ask,,,10824956
2026-07-07T12:05:11.726667,2026-07-07T12:05:11.739578+00:00,140.8,12,ask,,,10824962
2026-07-07T12:05:11.726667,2026-07-07T12:05:11.739578+00:00,140.7,35,ask,,,10824963
2026-07-07T12:05:12.760191,2026-07-07T12:05:12.771932+00:00,141.1,20,bid,,,10824981
2026-07-07T12:05:12.760191,2026-07-07T12:05:12.771932+00:00,141.2,30,bid,,,10824982
2026-07-07T12:05:14.871864,2026-07-07T12:05:14.878749+00:00,141.1,50,bid,,,10825018
2026-07-07T12:05:16.978947,2026-07-07T12:05:16.986843+00:00,141.2,12,bid,,,10825052
2026-07-07T12:05:16.978947,2026-07-07T12:05:16.992057+00:00,141.3,38,bid,,,10825053
2026-07-07T12:05:19.092182,2026-07-07T12:05:19.103946+00:00,141.5,50,bid,,,10825086
2026-07-07T12:05:20.248824,2026-07-07T12:05:20.255968+00:00,141.5,12,bid,,,10825104
2026-07-07T12:05:20.248824,2026-07-07T12:05:20.261187+00:00,141.8,35,bid,,,10825105
2026-07-07T12:05:21.213346,2026-07-07T12:05:21.221811+00:00,141.6,20,bid,,,10825120
2026-07-07T12:05:21.213346,2026-07-07T12:05:21.221811+00:00,141.8,30,bid,,,10825121
2026-07-07T12:05:21.505773,2026-07-07T12:05:21.513195+00:00,141.7,20,bid,,,10825128
2026-07-07T12:05:21.519578,2026-07-07T12:05:21.529302+00:00,141.7,11,ask,,,10825129
2026-07-07T12:05:21.554112,2026-07-07T12:05:21.561093+00:00,141.7,21,ask,,,10825131
2026-07-07T12:05:22.283952,2026-07-07T12:05:22.291942+00:00,141.7,12,ask,,,10825137
2026-07-07T12:05:23.338156,2026-07-07T12:05:23.349825+00:00,141.9,50,bid,,,10825161
2026-07-07T12:05:23.360883,2026-07-07T12:05:23.372349+00:00,141.7,49,ask,,,10825162
2026-07-07T12:05:23.845387,2026-07-07T12:05:23.858716+00:00,141.7,11,ask,,,10825166
2026-07-07T12:05:24.734339,2026-07-07T12:05:24.743335+00:00,141.5,11,bid,,,10825176
2026-07-07T12:05:24.984013,2026-07-07T12:05:24.995970+00:00,141.5,40,bid,,,10825178
2026-07-07T12:05:25.448659,2026-07-07T12:05:25.458560+00:00,141.5,50,bid,,,10825192
2026-07-07T12:05:25.541618,2026-07-07T12:05:25.558631+00:00,141.4,42,ask,,,10825194
2026-07-07T12:05:27.115234,2026-07-07T12:05:27.124114+00:00,141.5,12,bid,,,10825205
2026-07-07T12:05:27.472662,2026-07-07T12:05:27.489511+00:00,141.5,37,bid,,,10825216
2026-07-07T12:05:27.472662,2026-07-07T12:05:27.489511+00:00,141.8,5,bid,,,10825217
2026-07-07T12:05:27.555231,2026-07-07T12:05:27.563744+00:00,141.8,50,bid,,,10825220
2026-07-07T12:05:27.836385,2026-07-07T12:05:27.845598+00:00,141.7,12,bid,,,10825224
2026-07-07T12:05:27.836385,2026-07-07T12:05:27.845598+00:00,141.8,45,bid,,,10825225
2026-07-07T12:05:27.905272,2026-07-07T12:05:27.914533+00:00,141.8,23,ask,,,10825226
2026-07-07T12:05:29.664130,2026-07-07T12:05:29.673412+00:00,142.2,12,bid,,,10825253
2026-07-07T12:05:29.664130,2026-07-07T12:05:29.673412+00:00,142.2,38,bid,,,10825254
2026-07-07T12:05:30.227832,2026-07-07T12:05:30.239845+00:00,141.8,41,ask,,,10825268
2026-07-07T12:05:30.747498,2026-07-07T12:05:30.756972+00:00,141.8,3,ask,,,10825274
2026-07-07T12:05:31.072357,2026-07-07T12:05:31.084243+00:00,141.7,100,ask,,,10825284
2026-07-07T12:05:31.088885,2026-07-07T12:05:31.100603+00:00,141.6,3,bid,,,10825287
2026-07-07T12:05:31.772027,2026-07-07T12:05:31.783722+00:00,141.6,47,bid,,,10825296
2026-07-07T12:05:31.772027,2026-07-07T12:05:31.783722+00:00,141.6,3,bid,,,10825297
2026-07-07T12:05:33.933551,2026-07-07T12:05:33.942360+00:00,141.4,50,ask,,,10825329
2026-07-07T12:05:34.185703,2026-07-07T12:05:34.192926+00:00,141.5,12,bid,,,10825336
2026-07-07T12:05:35.709788,2026-07-07T12:05:35.717310+00:00,141.5,12,ask,,,10825358
2026-07-07T12:05:36.040807,2026-07-07T12:05:36.049994+00:00,141.5,50,ask,,,10825365
2026-07-07T12:05:36.527454,2026-07-07T12:05:36.535235+00:00,141.6,40,bid,,,10825369
2026-07-07T12:05:37.161951,2026-07-07T12:05:37.173962+00:00,141.6,41,bid,,,10825377
2026-07-07T12:05:38.147755,2026-07-07T12:05:38.158570+00:00,141.4,50,ask,,,10825389
2026-07-07T12:05:38.727560,2026-07-07T12:05:38.739046+00:00,141.4,46,ask,,,10825397
2026-07-07T12:05:40.255524,2026-07-07T12:05:40.258555+00:00,141.4,50,ask,,,10825424
2026-07-07T12:05:40.292873,2026-07-07T12:05:40.301449+00:00,141.6,8,bid,,,10825425
2026-07-07T12:05:40.568141,2026-07-07T12:05:40.575841+00:00,141.4,100,ask,,,10825429
2026-07-07T12:05:40.568141,2026-07-07T12:05:40.580863+00:00,141.2,12,ask,,,10825430
2026-07-07T12:05:40.582153,2026-07-07T12:05:40.591147+00:00,141.2,34,bid,,,10825431
2026-07-07T12:05:40.889513,2026-07-07T12:05:40.901638+00:00,141.2,4,bid,,,10825439
2026-07-07T12:05:40.889513,2026-07-07T12:05:40.901638+00:00,141.4,12,bid,,,10825440
2026-07-07T12:05:44.465904,2026-07-07T12:05:44.477777+00:00,141.1,50,ask,,,10825505
2026-07-07T12:05:46.021871,2026-07-07T12:05:46.033989+00:00,141.1,42,ask,,,10825517
2026-07-07T12:05:46.482832,2026-07-07T12:05:46.491839+00:00,141.1,11,ask,,,10825532
2026-07-07T12:05:47.799103,2026-07-07T12:05:47.810496+00:00,141.1,40,bid,,,10825550
2026-07-07T12:05:48.903092,2026-07-07T12:05:48.911772+00:00,141.1,11,bid,,,10825570
2026-07-07T12:05:50.009902,2026-07-07T12:05:50.019155+00:00,141.0,12,ask,,,10825581
2026-07-07T12:05:50.009902,2026-07-07T12:05:50.019155+00:00,141.0,37,ask,,,10825582
2026-07-07T12:05:50.489060,2026-07-07T12:05:50.501284+00:00,141.5,40,bid,,,10825599
2026-07-07T12:05:50.786836,2026-07-07T12:05:50.795565+00:00,141.0,50,ask,,,10825604
2026-07-07T12:05:51.124167,2026-07-07T12:05:51.135689+00:00,141.0,13,ask,,,10825610
2026-07-07T12:05:51.124167,2026-07-07T12:05:51.135689+00:00,141.0,27,ask,,,10825611
2026-07-07T12:05:52.893346,2026-07-07T12:05:52.905501+00:00,141.1,20,ask,,,10825632
2026-07-07T12:05:52.893346,2026-07-07T12:05:52.905501+00:00,141.0,30,ask,,,10825633
2026-07-07T12:05:55.007278,2026-07-07T12:05:55.019359+00:00,141.1,12,ask,,,10825682
2026-07-07T12:05:55.007278,2026-07-07T12:05:55.019359+00:00,141.0,38,ask,,,10825683
2026-07-07T12:05:56.664667,2026-07-07T12:05:56.676356+00:00,141.2,42,bid,,,10825703
2026-07-07T12:05:57.082207,2026-07-07T12:05:57.094248+00:00,141.2,50,bid,,,10825705
2026-07-07T12:05:58.592992,2026-07-07T12:05:58.604661+00:00,141.2,41,bid,,,10825734
2026-07-07T12:05:58.647373,2026-07-07T12:05:58.653695+00:00,141.0,12,ask,,,10825736
2026-07-07T12:05:58.647373,2026-07-07T12:05:58.653695+00:00,140.8,37,ask,,,10825737
2026-07-07T12:05:59.190834,2026-07-07T12:05:59.202954+00:00,141.2,17,bid,,,10825746
2026-07-07T12:05:59.190834,2026-07-07T12:05:59.202954+00:00,141.3,12,bid,,,10825747
2026-07-07T12:05:59.190834,2026-07-07T12:05:59.202954+00:00,141.3,21,bid,,,10825748
2026-07-07T12:05:59.551404,2026-07-07T12:05:59.563181+00:00,141.2,11,ask,,,10825756
2026-07-07T12:05:59.555998,2026-07-07T12:05:59.563181+00:00,141.2,47,ask,,,10825757
2026-07-07T12:05:59.714343,2026-07-07T12:05:59.720899+00:00,141.2,20,ask,,,10825760
2026-07-07T12:06:01.311247,2026-07-07T12:06:01.319894+00:00,141.3,50,bid,,,10825785
2026-07-07T12:06:03.417356,2026-07-07T12:06:03.428956+00:00,141.3,50,bid,,,10825820
2026-07-07T12:06:05.575667,2026-07-07T12:06:05.584738+00:00,141.2,50,ask,,,10825861
2026-07-07T12:06:06.761227,2026-07-07T12:06:06.772946+00:00,141.5,45,bid,,,10825873
2026-07-07T12:06:07.683286,2026-07-07T12:06:07.693324+00:00,141.2,12,ask,,,10825895
2026-07-07T12:06:07.683286,2026-07-07T12:06:07.693324+00:00,141.2,38,ask,,,10825896
2026-07-07T12:06:09.835659,2026-07-07T12:06:09.847206+00:00,141.4,50,ask,,,10825926
2026-07-07T12:06:11.945956,2026-07-07T12:06:11.952246+00:00,141.4,50,ask,,,10825963
2026-07-07T12:06:14.063584,2026-07-07T12:06:14.075202+00:00,141.2,12,ask,,,10826008
2026-07-07T12:06:14.063584,2026-07-07T12:06:14.075202+00:00,141.2,38,ask,,,10826009
2026-07-07T12:06:16.172626,2026-07-07T12:06:16.184657+00:00,141.2,50,ask,,,10826050
2026-07-07T12:06:18.312653,2026-07-07T12:06:18.324551+00:00,141.1,12,ask,,,10826082
2026-07-07T12:06:18.312653,2026-07-07T12:06:18.324551+00:00,141.1,20,ask,,,10826083
2026-07-07T12:06:18.312653,2026-07-07T12:06:18.324551+00:00,140.9,18,ask,,,10826084
2026-07-07T12:06:18.740597,2026-07-07T12:06:18.752288+00:00,141.0,20,ask,,,10826090
2026-07-07T12:06:18.740597,2026-07-07T12:06:18.752288+00:00,140.9,20,ask,,,10826091
2026-07-07T12:06:19.015538,2026-07-07T12:06:19.026317+00:00,141.3,11,bid,,,10826105
2026-07-07T12:06:20.422563,2026-07-07T12:06:20.434265+00:00,140.9,50,ask,,,10826121
2026-07-07T12:06:22.115857,2026-07-07T12:06:22.127609+00:00,141.3,48,bid,,,10826143
2026-07-07T12:06:22.541274,2026-07-07T12:06:22.548921+00:00,141.0,12,ask,,,10826147
2026-07-07T12:06:22.541274,2026-07-07T12:06:22.558620+00:00,140.9,38,ask,,,10826148
2026-07-07T12:06:22.961247,2026-07-07T12:06:22.969190+00:00,141.0,20,ask,,,10826153
2026-07-07T12:06:22.975444,2026-07-07T12:06:22.984751+00:00,141.0,23,bid,,,10826154
2026-07-07T12:06:23.079222,2026-07-07T12:06:23.088203+00:00,141.0,11,bid,,,10826156
2026-07-07T12:06:23.178403,2026-07-07T12:06:23.190258+00:00,141.0,25,bid,,,10826161
2026-07-07T12:06:23.224993,2026-07-07T12:06:23.236022+00:00,141.0,21,bid,,,10826165
2026-07-07T12:06:24.333783,2026-07-07T12:06:24.343285+00:00,141.1,12,ask,,,10826185
2026-07-07T12:06:24.333783,2026-07-07T12:06:24.348454+00:00,141.0,20,ask,,,10826186
2026-07-07T12:06:24.333783,2026-07-07T12:06:24.348454+00:00,140.8,14,ask,,,10826187
2026-07-07T12:06:24.649461,2026-07-07T12:06:24.658597+00:00,141.0,20,ask,,,10826192
2026-07-07T12:06:24.649461,2026-07-07T12:06:24.658597+00:00,140.9,12,ask,,,10826193
2026-07-07T12:06:24.649461,2026-07-07T12:06:24.658597+00:00,140.8,18,ask,,,10826194
2026-07-07T12:06:25.336262,2026-07-07T12:06:25.348067+00:00,141.1,12,ask,,,10826203
2026-07-07T12:06:25.336262,2026-07-07T12:06:25.348067+00:00,141.1,34,ask,,,10826204
2026-07-07T12:06:25.926045,2026-07-07T12:06:25.932821+00:00,141.6,49,bid,,,10826216
2026-07-07T12:06:26.781356,2026-07-07T12:06:26.793306+00:00,141.3,12,ask,,,10826226
2026-07-07T12:06:26.781356,2026-07-07T12:06:26.793306+00:00,141.2,38,ask,,,10826227
2026-07-07T12:06:27.931734,2026-07-07T12:06:27.939156+00:00,141.2,48,ask,,,10826237
2026-07-07T12:06:31.023198,2026-07-07T12:06:31.031538+00:00,141.2,50,ask,,,10826275
2026-07-07T12:06:31.092927,2026-07-07T12:06:31.104760+00:00,141.5,42,bid,,,10826278
2026-07-07T12:06:32.224178,2026-07-07T12:06:32.237182+00:00,141.5,40,bid,,,10826289
2026-07-07T12:06:32.809124,2026-07-07T12:06:32.816487+00:00,141.1,12,ask,,,10826293
2026-07-07T12:06:32.809124,2026-07-07T12:06:32.821765+00:00,141.1,32,ask,,,10826294
2026-07-07T12:06:33.079754,2026-07-07T12:06:33.091115+00:00,141.5,50,bid,,,10826301
2026-07-07T12:06:33.313620,2026-07-07T12:06:33.325230+00:00,141.5,44,bid,,,10826304
2026-07-07T12:06:34.366104,2026-07-07T12:06:34.392152+00:00,141.5,11,ask,,,10826321
2026-07-07T12:06:34.369575,2026-07-07T12:06:34.392152+00:00,141.5,43,ask,,,10826322
2026-07-07T12:06:35.201305,2026-07-07T12:06:35.212612+00:00,141.6,50,bid,,,10826338
2026-07-07T12:06:37.310529,2026-07-07T12:06:37.321038+00:00,141.7,12,bid,,,10826377
2026-07-07T12:06:37.923073,2026-07-07T12:06:37.934774+00:00,141.4,42,ask,,,10826386
2026-07-07T12:06:39.440184,2026-07-07T12:06:39.449848+00:00,141.7,50,bid,,,10826404
2026-07-07T12:06:40.065471,2026-07-07T12:06:40.075660+00:00,141.4,10,ask,,,10826416
2026-07-07T12:06:41.546178,2026-07-07T12:06:41.558585+00:00,141.5,12,bid,,,10826435
2026-07-07T12:06:41.546178,2026-07-07T12:06:41.558585+00:00,141.6,38,bid,,,10826436
2026-07-07T12:06:43.653550,2026-07-07T12:06:43.665389+00:00,141.5,50,bid,,,10826481
2026-07-07T12:06:44.211689,2026-07-07T12:06:44.223071+00:00,141.3,20,bid,,,10826492
2026-07-07T12:06:44.211689,2026-07-07T12:06:44.223071+00:00,141.5,21,bid,,,10826493
2026-07-07T12:06:45.768145,2026-07-07T12:06:45.774996+00:00,141.4,12,bid,,,10826515
2026-07-07T12:06:46.343869,2026-07-07T12:06:46.358599+00:00,141.2,46,ask,,,10826522
2026-07-07T12:06:47.441775,2026-07-07T12:06:47.452613+00:00,141.5,12,bid,,,10826542
2026-07-07T12:06:47.441775,2026-07-07T12:06:47.452613+00:00,141.7,30,bid,,,10826543
2026-07-07T12:06:47.925452,2026-07-07T12:06:47.936942+00:00,141.6,12,bid,,,10826552
2026-07-07T12:06:49.168807,2026-07-07T12:06:49.177772+00:00,141.3,1,ask,,,10826578
2026-07-07T12:06:49.265038,2026-07-07T12:06:49.276528+00:00,141.3,12,ask,,,10826584
2026-07-07T12:06:52.092349,2026-07-07T12:06:52.104206+00:00,141.3,12,bid,,,10826653
2026-07-07T12:06:53.130361,2026-07-07T12:06:53.139440+00:00,141.0,49,ask,,,10826666
2026-07-07T12:06:54.221822,2026-07-07T12:06:54.230034+00:00,141.3,50,bid,,,10826694
2026-07-07T12:06:56.068500,2026-07-07T12:06:56.080182+00:00,141.3,45,bid,,,10826722
2026-07-07T12:06:56.379656,2026-07-07T12:06:56.389115+00:00,141.1,50,ask,,,10826727
2026-07-07T12:06:57.628104,2026-07-07T12:06:57.640475+00:00,141.5,12,bid,,,10826749
2026-07-07T12:06:58.487867,2026-07-07T12:06:58.499247+00:00,141.3,50,ask,,,10826768
2026-07-07T12:06:58.552645,2026-07-07T12:06:58.558589+00:00,141.3,45,ask,,,10826770
2026-07-07T12:07:00.368856,2026-07-07T12:07:00.380551+00:00,141.3,12,ask,,,10826796
2026-07-07T12:07:00.368856,2026-07-07T12:07:00.380551+00:00,141.2,20,ask,,,10826797
2026-07-07T12:07:00.594059,2026-07-07T12:07:00.606328+00:00,141.2,12,ask,,,10826804
2026-07-07T12:07:00.594059,2026-07-07T12:07:00.606328+00:00,141.2,20,ask,,,10826805
2026-07-07T12:07:00.594059,2026-07-07T12:07:00.611348+00:00,141.1,18,ask,,,10826806
2026-07-07T12:07:02.707105,2026-07-07T12:07:02.717968+00:00,141.1,50,ask,,,10826842
2026-07-07T12:07:02.930358,2026-07-07T12:07:02.940655+00:00,141.1,100,ask,,,10826844
2026-07-07T12:07:02.930358,2026-07-07T12:07:02.940655+00:00,140.9,12,ask,,,10826845
2026-07-07T12:07:03.730872,2026-07-07T12:07:03.747860+00:00,140.8,34,bid,,,10826856
2026-07-07T12:07:03.776147,2026-07-07T12:07:03.784355+00:00,140.8,4,bid,,,10826859
2026-07-07T12:07:04.226127,2026-07-07T12:07:04.237676+00:00,140.9,25,bid,,,10826869
2026-07-07T12:07:04.448189,2026-07-07T12:07:04.455887+00:00,140.9,25,bid,,,10826874
2026-07-07T12:07:04.669736,2026-07-07T12:07:04.679931+00:00,140.9,5,bid,,,10826880
2026-07-07T12:07:04.813177,2026-07-07T12:07:04.824971+00:00,140.8,8,ask,,,10826881
2026-07-07T12:07:04.813177,2026-07-07T12:07:04.824971+00:00,140.4,42,ask,,,10826882
2026-07-07T12:07:05.811970,2026-07-07T12:07:05.823331+00:00,140.9,40,bid,,,10826899
2026-07-07T12:07:06.043895,2026-07-07T12:07:06.051337+00:00,140.9,5,bid,,,10826900
2026-07-07T12:07:06.043895,2026-07-07T12:07:06.056368+00:00,141.2,12,bid,,,10826901
2026-07-07T12:07:06.057582,2026-07-07T12:07:06.072797+00:00,141.2,22,ask,,,10826902
2026-07-07T12:07:06.353769,2026-07-07T12:07:06.368996+00:00,141.2,47,ask,,,10826911
2026-07-07T12:07:06.922401,2026-07-07T12:07:06.934265+00:00,141.2,50,ask,,,10826921
2026-07-07T12:07:07.291341,2026-07-07T12:07:07.302864+00:00,141.2,14,ask,,,10826928
2026-07-07T12:07:10.286681,2026-07-07T12:07:10.295523+00:00,141.1,11,bid,,,10826968
2026-07-07T12:07:11.135854,2026-07-07T12:07:11.147470+00:00,140.8,12,ask,,,10826989
2026-07-07T12:07:11.135854,2026-07-07T12:07:11.147470+00:00,140.8,38,ask,,,10826990
2026-07-07T12:07:13.193808,2026-07-07T12:07:13.205755+00:00,141.1,12,bid,,,10827031
2026-07-07T12:07:13.193808,2026-07-07T12:07:13.205755+00:00,141.1,38,bid,,,10827032
2026-07-07T12:07:15.303465,2026-07-07T12:07:15.315408+00:00,141.0,50,bid,,,10827065
2026-07-07T12:07:15.329889,2026-07-07T12:07:15.341510+00:00,141.0,47,bid,,,10827066
2026-07-07T12:07:17.232862,2026-07-07T12:07:17.244471+00:00,141.0,20,bid,,,10827093
2026-07-07T12:07:17.232862,2026-07-07T12:07:17.244471+00:00,141.1,21,bid,,,10827094
2026-07-07T12:07:17.412050,2026-07-07T12:07:17.423631+00:00,141.1,50,bid,,,10827099
2026-07-07T12:07:18.143275,2026-07-07T12:07:18.153020+00:00,140.8,12,ask,,,10827117
2026-07-07T12:07:18.694882,2026-07-07T12:07:18.704813+00:00,141.1,100,bid,,,10827130
2026-07-07T12:07:18.694882,2026-07-07T12:07:18.704813+00:00,141.3,12,bid,,,10827131
2026-07-07T12:07:19.475646,2026-07-07T12:07:19.485427+00:00,141.3,34,ask,,,10827147
2026-07-07T12:07:19.522334,2026-07-07T12:07:19.532477+00:00,141.3,4,ask,,,10827150
2026-07-07T12:07:19.525354,2026-07-07T12:07:19.532477+00:00,141.5,12,bid,,,10827151
2026-07-07T12:07:19.525354,2026-07-07T12:07:19.537689+00:00,141.8,38,bid,,,10827152
2026-07-07T12:07:20.661919,2026-07-07T12:07:20.670957+00:00,141.1,12,bid,,,10827170
2026-07-07T12:07:21.631495,2026-07-07T12:07:21.643674+00:00,141.2,12,bid,,,10827187
2026-07-07T12:07:21.631495,2026-07-07T12:07:21.643674+00:00,141.2,20,bid,,,10827188
2026-07-07T12:07:21.631495,2026-07-07T12:07:21.643674+00:00,141.5,18,bid,,,10827189
2026-07-07T12:07:21.920545,2026-07-07T12:07:21.928224+00:00,141.0,100,ask,,,10827199
2026-07-07T12:07:21.935255,2026-07-07T12:07:21.943949+00:00,141.0,11,bid,,,10827201
2026-07-07T12:07:23.739032,2026-07-07T12:07:23.746423+00:00,140.8,12,ask,,,10827222
2026-07-07T12:07:23.739032,2026-07-07T12:07:23.751678+00:00,140.7,30,ask,,,10827223
2026-07-07T12:07:23.744591,2026-07-07T12:07:23.751678+00:00,141.0,39,bid,,,10827224
2026-07-07T12:07:23.744591,2026-07-07T12:07:23.756701+00:00,141.2,11,bid,,,10827225
2026-07-07T12:07:25.027977,2026-07-07T12:07:25.036675+00:00,141.1,12,bid,,,10827249
2026-07-07T12:07:25.027977,2026-07-07T12:07:25.036675+00:00,141.2,89,bid,,,10827250
2026-07-07T12:07:25.625195,2026-07-07T12:07:25.636221+00:00,141.5,12,ask,,,10827253
2026-07-07T12:07:25.785765,2026-07-07T12:07:25.801891+00:00,141.5,37,ask,,,10827256
2026-07-07T12:07:25.852757,2026-07-07T12:07:25.863227+00:00,141.6,20,bid,,,10827259
2026-07-07T12:07:25.852757,2026-07-07T12:07:25.863227+00:00,142.0,30,bid,,,10827260
2026-07-07T12:07:25.877820,2026-07-07T12:07:25.885203+00:00,141.2,12,ask,,,10827261
2026-07-07T12:07:25.907205,2026-07-07T12:07:25.920759+00:00,141.3,3,bid,,,10827265
2026-07-07T12:07:26.025200,2026-07-07T12:07:26.033720+00:00,141.3,11,bid,,,10827271
2026-07-07T12:07:27.388479,2026-07-07T12:07:27.400329+00:00,141.1,42,ask,,,10827290
2026-07-07T12:07:27.430410,2026-07-07T12:07:27.439974+00:00,141.1,25,ask,,,10827291
2026-07-07T12:07:27.670664,2026-07-07T12:07:27.677661+00:00,141.1,25,ask,,,10827294
2026-07-07T12:07:27.891198,2026-07-07T12:07:27.898389+00:00,141.1,8,ask,,,10827298
2026-07-07T12:07:27.937838,2026-07-07T12:07:27.945384+00:00,141.3,12,bid,,,10827301
2026-07-07T12:07:27.937838,2026-07-07T12:07:27.950643+00:00,141.6,36,bid,,,10827302
2026-07-07T12:07:27.964619,2026-07-07T12:07:27.972624+00:00,141.3,20,bid,,,10827304
2026-07-07T12:07:27.964619,2026-07-07T12:07:27.977896+00:00,141.6,30,bid,,,10827305
2026-07-07T12:07:28.249005,2026-07-07T12:07:28.255342+00:00,140.9,12,ask,,,10827319
2026-07-07T12:07:28.261764,2026-07-07T12:07:28.271334+00:00,140.9,12,bid,,,10827320
2026-07-07T12:07:28.669918,2026-07-07T12:07:28.679775+00:00,140.9,23,bid,,,10827330
2026-07-07T12:07:28.740643,2026-07-07T12:07:28.748344+00:00,140.9,12,bid,,,10827333
2026-07-07T12:07:29.405594,2026-07-07T12:07:29.418597+00:00,140.9,91,bid,,,10827344
2026-07-07T12:07:29.934891,2026-07-07T12:07:29.946586+00:00,140.9,9,ask,,,10827350
2026-07-07T12:07:29.934891,2026-07-07T12:07:29.946586+00:00,140.9,20,ask,,,10827351
2026-07-07T12:07:30.076155,2026-07-07T12:07:30.089262+00:00,141.2,12,bid,,,10827352
2026-07-07T12:07:30.076155,2026-07-07T12:07:30.089262+00:00,141.4,38,bid,,,10827353
2026-07-07T12:07:30.519800,2026-07-07T12:07:30.529107+00:00,141.4,41,bid,,,10827359
2026-07-07T12:07:31.103606,2026-07-07T12:07:31.115746+00:00,140.9,20,ask,,,10827367
2026-07-07T12:07:31.103606,2026-07-07T12:07:31.115746+00:00,140.8,12,ask,,,10827368
2026-07-07T12:07:31.372318,2026-07-07T12:07:31.419492+00:00,141.2,12,ask,,,10827383
2026-07-07T12:07:31.846821,2026-07-07T12:07:31.861789+00:00,141.2,11,ask,,,10827393
2026-07-07T12:07:31.862416,2026-07-07T12:07:31.877423+00:00,141.2,25,ask,,,10827395
2026-07-07T12:07:32.083032,2026-07-07T12:07:32.094357+00:00,141.2,25,ask,,,10827403
2026-07-07T12:07:32.185762,2026-07-07T12:07:32.197373+00:00,141.3,12,bid,,,10827406
2026-07-07T12:07:32.185762,2026-07-07T12:07:32.197373+00:00,141.4,21,bid,,,10827407
2026-07-07T12:07:32.185762,2026-07-07T12:07:32.197373+00:00,141.5,10,bid,,,10827408
2026-07-07T12:07:32.185762,2026-07-07T12:07:32.197373+00:00,141.7,7,bid,,,10827409
2026-07-07T12:07:34.297408,2026-07-07T12:07:34.304606+00:00,141.3,50,bid,,,10827443
2026-07-07T12:07:36.414915,2026-07-07T12:07:36.426199+00:00,141.4,12,bid,,,10827480
2026-07-07T12:07:36.461600,2026-07-07T12:07:36.470123+00:00,141.6,49,bid,,,10827484
2026-07-07T12:07:38.500822,2026-07-07T12:07:38.512412+00:00,141.2,46,ask,,,10827520
2026-07-07T12:07:38.578264,2026-07-07T12:07:38.587744+00:00,141.2,50,ask,,,10827521
2026-07-07T12:07:38.953791,2026-07-07T12:07:38.956987+00:00,141.2,100,ask,,,10827524
2026-07-07T12:07:40.644558,2026-07-07T12:07:40.653421+00:00,141.2,12,ask,,,10827552
2026-07-07T12:07:40.693029,2026-07-07T12:07:40.704595+00:00,141.2,38,ask,,,10827554
2026-07-07T12:07:40.693029,2026-07-07T12:07:40.704595+00:00,140.9,12,ask,,,10827555
2026-07-07T12:07:40.916781,2026-07-07T12:07:40.926738+00:00,140.9,12,bid,,,10827559
2026-07-07T12:07:41.494673,2026-07-07T12:07:41.506728+00:00,140.8,20,ask,,,10827562
2026-07-07T12:07:41.494673,2026-07-07T12:07:41.506728+00:00,140.7,25,ask,,,10827563
2026-07-07T12:07:42.801315,2026-07-07T12:07:42.813537+00:00,140.8,50,ask,,,10827577
2026-07-07T12:07:44.745925,2026-07-07T12:07:44.752373+00:00,140.9,47,bid,,,10827609
2026-07-07T12:07:44.935856,2026-07-07T12:07:44.944663+00:00,140.8,50,ask,,,10827616
2026-07-07T12:07:45.401331,2026-07-07T12:07:45.409006+00:00,140.9,40,bid,,,10827628
2026-07-07T12:07:47.041522,2026-07-07T12:07:47.058574+00:00,140.7,20,ask,,,10827653
2026-07-07T12:07:47.041522,2026-07-07T12:07:47.058574+00:00,140.6,12,ask,,,10827654
2026-07-07T12:07:47.041522,2026-07-07T12:07:47.058574+00:00,140.4,18,ask,,,10827655
2026-07-07T12:07:48.686099,2026-07-07T12:07:48.698087+00:00,140.7,20,ask,,,10827679
2026-07-07T12:07:48.686099,2026-07-07T12:07:48.698087+00:00,140.6,27,ask,,,10827680
2026-07-07T12:07:50.706145,2026-07-07T12:07:50.717879+00:00,140.5,12,ask,,,10827708
2026-07-07T12:07:50.706145,2026-07-07T12:07:50.717879+00:00,140.5,20,ask,,,10827709
2026-07-07T12:07:52.270552,2026-07-07T12:07:52.281102+00:00,140.5,11,bid,,,10827736
2026-07-07T12:07:53.371341,2026-07-07T12:07:53.379526+00:00,140.4,50,ask,,,10827756
2026-07-07T12:07:53.821134,2026-07-07T12:07:53.833180+00:00,140.5,43,bid,,,10827764
2026-07-07T12:07:54.952097,2026-07-07T12:07:54.963711+00:00,140.4,12,ask,,,10827782
2026-07-07T12:07:54.952097,2026-07-07T12:07:54.963711+00:00,140.4,37,ask,,,10827783
2026-07-07T12:07:57.532098,2026-07-07T12:07:57.543755+00:00,140.5,50,bid,,,10827835
2026-07-07T12:07:59.003321,2026-07-07T12:07:59.015182+00:00,140.4,48,bid,,,10827854
2026-07-07T12:07:59.661126,2026-07-07T12:07:59.673202+00:00,140.4,50,bid,,,10827871
2026-07-07T12:08:01.008548,2026-07-07T12:08:01.020270+00:00,140.5,12,bid,,,10827888
2026-07-07T12:08:01.008548,2026-07-07T12:08:01.020270+00:00,140.6,33,bid,,,10827889
2026-07-07T12:08:01.770892,2026-07-07T12:08:01.782787+00:00,140.6,50,bid,,,10827898
2026-07-07T12:08:03.911541,2026-07-07T12:08:03.920871+00:00,140.5,12,bid,,,10827929
2026-07-07T12:08:03.911541,2026-07-07T12:08:03.920871+00:00,140.8,38,bid,,,10827930
2026-07-07T12:08:04.083740,2026-07-07T12:08:04.094994+00:00,140.4,11,ask,,,10827943
2026-07-07T12:08:06.019400,2026-07-07T12:08:06.029883+00:00,140.7,12,bid,,,10827959
2026-07-07T12:08:06.019400,2026-07-07T12:08:06.029883+00:00,140.7,20,bid,,,10827960
2026-07-07T12:08:06.019400,2026-07-07T12:08:06.035113+00:00,140.8,18,bid,,,10827961
2026-07-07T12:08:07.126920,2026-07-07T12:08:07.138782+00:00,140.3,40,ask,,,10827976
2026-07-07T12:08:07.778355,2026-07-07T12:08:07.786431+00:00,140.3,45,ask,,,10827985
2026-07-07T12:08:08.152000,2026-07-07T12:08:08.163657+00:00,140.6,12,bid,,,10827990
2026-07-07T12:08:08.152000,2026-07-07T12:08:08.163657+00:00,140.7,38,bid,,,10827991
2026-07-07T12:08:09.261912,2026-07-07T12:08:09.273515+00:00,140.7,49,bid,,,10828016
2026-07-07T12:08:10.265241,2026-07-07T12:08:10.274719+00:00,140.7,13,bid,,,10828032
2026-07-07T12:08:10.265241,2026-07-07T12:08:10.274719+00:00,140.7,37,bid,,,10828033
2026-07-07T12:08:10.546323,2026-07-07T12:08:10.557942+00:00,140.7,100,bid,,,10828034
2026-07-07T12:08:12.361420,2026-07-07T12:08:12.372905+00:00,140.7,13,bid,,,10828063
2026-07-07T12:08:12.361420,2026-07-07T12:08:12.372905+00:00,140.7,12,bid,,,10828064
2026-07-07T12:08:12.378053,2026-07-07T12:08:12.389860+00:00,140.8,20,bid,,,10828065
2026-07-07T12:08:12.378053,2026-07-07T12:08:12.389860+00:00,141.2,30,bid,,,10828066
2026-07-07T12:08:12.417825,2026-07-07T12:08:12.426740+00:00,140.3,12,ask,,,10828069
2026-07-07T12:08:12.417825,2026-07-07T12:08:12.426740+00:00,140.2,35,ask,,,10828070
2026-07-07T12:08:12.515182,2026-07-07T12:08:12.524857+00:00,140.7,12,ask,,,10828071
2026-07-07T12:08:12.556671,2026-07-07T12:08:12.567832+00:00,140.7,25,ask,,,10828073
2026-07-07T12:08:12.659400,2026-07-07T12:08:12.671151+00:00,140.7,3,ask,,,10828079
2026-07-07T12:08:12.798207,2026-07-07T12:08:12.807522+00:00,140.7,15,ask,,,10828081
2026-07-07T12:08:13.306359,2026-07-07T12:08:13.318265+00:00,140.8,12,bid,,,10828086
2026-07-07T12:08:13.376312,2026-07-07T12:08:13.391452+00:00,140.7,44,ask,,,10828088
2026-07-07T12:08:14.489002,2026-07-07T12:08:14.497863+00:00,141.0,12,bid,,,10828101
2026-07-07T12:08:14.489002,2026-07-07T12:08:14.497863+00:00,141.0,38,bid,,,10828102
2026-07-07T12:08:16.671465,2026-07-07T12:08:16.683632+00:00,140.5,50,ask,,,10828140
2026-07-07T12:08:17.394865,2026-07-07T12:08:17.404000+00:00,140.9,12,bid,,,10828152
2026-07-07T12:08:17.394865,2026-07-07T12:08:17.404000+00:00,141.0,36,bid,,,10828153
2026-07-07T12:08:18.787400,2026-07-07T12:08:18.804673+00:00,140.5,12,ask,,,10828172
2026-07-07T12:08:18.787400,2026-07-07T12:08:18.804673+00:00,140.5,38,ask,,,10828173
2026-07-07T12:08:22.999877,2026-07-07T12:08:23.006866+00:00,140.8,20,ask,,,10828228
2026-07-07T12:08:22.999877,2026-07-07T12:08:23.012383+00:00,140.6,12,ask,,,10828229
2026-07-07T12:08:22.999877,2026-07-07T12:08:23.012383+00:00,140.5,18,ask,,,10828230
2026-07-07T12:08:24.042381,2026-07-07T12:08:24.054045+00:00,140.8,12,ask,,,10828253
2026-07-07T12:08:24.042381,2026-07-07T12:08:24.054045+00:00,140.8,20,ask,,,10828254
2026-07-07T12:08:24.042381,2026-07-07T12:08:24.054045+00:00,140.7,15,ask,,,10828255
2026-07-07T12:08:25.109382,2026-07-07T12:08:25.121286+00:00,140.7,50,ask,,,10828275
2026-07-07T12:08:25.959761,2026-07-07T12:08:25.971549+00:00,141.1,12,bid,,,10828287
2026-07-07T12:08:25.959761,2026-07-07T12:08:25.971549+00:00,141.2,32,bid,,,10828288
2026-07-07T12:08:26.548596,2026-07-07T12:08:26.558542+00:00,141.1,47,bid,,,10828299
2026-07-07T12:08:27.610707,2026-07-07T12:08:27.622579+00:00,141.0,12,ask,,,10828317
2026-07-07T12:08:27.610707,2026-07-07T12:08:27.622579+00:00,140.9,20,ask,,,10828318
2026-07-07T12:08:27.610707,2026-07-07T12:08:27.622579+00:00,140.8,8,ask,,,10828319
2026-07-07T12:08:29.135612,2026-07-07T12:08:29.147542+00:00,141.1,41,bid,,,10828344
2026-07-07T12:08:29.271818,2026-07-07T12:08:29.283451+00:00,141.1,12,bid,,,10828347
2026-07-07T12:08:29.271818,2026-07-07T12:08:29.283451+00:00,141.1,12,bid,,,10828348
2026-07-07T12:08:30.334723,2026-07-07T12:08:30.343631+00:00,141.2,12,bid,,,10828366
2026-07-07T12:08:31.431987,2026-07-07T12:08:31.440669+00:00,141.0,50,ask,,,10828384
2026-07-07T12:08:32.066957,2026-07-07T12:08:32.075060+00:00,141.0,12,ask,,,10828397
2026-07-07T12:08:32.066957,2026-07-07T12:08:32.080494+00:00,141.0,36,ask,,,10828398
2026-07-07T12:08:32.559473,2026-07-07T12:08:32.571377+00:00,141.0,49,ask,,,10828405
2026-07-07T12:08:33.538417,2026-07-07T12:08:33.550102+00:00,141.1,50,ask,,,10828413
2026-07-07T12:08:34.747079,2026-07-07T12:08:34.754657+00:00,141.1,50,ask,,,10828427
2026-07-07T12:08:35.607677,2026-07-07T12:08:35.615322+00:00,141.1,43,bid,,,10828450
2026-07-07T12:08:35.651169,2026-07-07T12:08:35.651442+00:00,140.9,20,ask,,,10828451
2026-07-07T12:08:35.651169,2026-07-07T12:08:35.651442+00:00,140.6,30,ask,,,10828452
2026-07-07T12:08:36.099362,2026-07-07T12:08:36.111035+00:00,140.9,12,ask,,,10828456
2026-07-07T12:08:36.099362,2026-07-07T12:08:36.111035+00:00,140.9,20,ask,,,10828457
2026-07-07T12:08:37.758340,2026-07-07T12:08:37.765989+00:00,140.8,50,ask,,,10828482
2026-07-07T12:08:39.625055,2026-07-07T12:08:39.635709+00:00,141.2,45,bid,,,10828508
2026-07-07T12:08:39.813435,2026-07-07T12:08:39.825076+00:00,141.2,50,bid,,,10828511
2026-07-07T12:08:40.859649,2026-07-07T12:08:40.867625+00:00,141.2,5,bid,,,10828522
2026-07-07T12:08:41.923541,2026-07-07T12:08:41.930800+00:00,141.3,12,bid,,,10828542
2026-07-07T12:08:42.198525,2026-07-07T12:08:42.208052+00:00,141.3,5,ask,,,10828549
2026-07-07T12:08:42.221226,2026-07-07T12:08:42.233159+00:00,141.3,45,ask,,,10828551
2026-07-07T12:08:42.810130,2026-07-07T12:08:42.820872+00:00,141.3,48,ask,,,10828560
2026-07-07T12:08:43.407954,2026-07-07T12:08:43.415038+00:00,141.5,48,bid,,,10828569
2026-07-07T12:08:44.028992,2026-07-07T12:08:44.037439+00:00,141.5,47,bid,,,10828582
2026-07-07T12:08:46.136209,2026-07-07T12:08:46.147619+00:00,141.4,50,bid,,,10828613
2026-07-07T12:08:48.242993,2026-07-07T12:08:48.250294+00:00,141.4,50,bid,,,10828637
2026-07-07T12:08:49.341530,2026-07-07T12:08:49.350799+00:00,141.2,12,ask,,,10828653
2026-07-07T12:08:49.443909,2026-07-07T12:08:49.453742+00:00,141.2,25,ask,,,10828656
2026-07-07T12:08:49.672707,2026-07-07T12:08:49.681122+00:00,141.2,25,ask,,,10828660
2026-07-07T12:08:49.830299,2026-07-07T12:08:49.842192+00:00,141.2,44,ask,,,10828665
2026-07-07T12:08:49.927140,2026-07-07T12:08:49.938698+00:00,141.2,25,ask,,,10828666
2026-07-07T12:08:50.148309,2026-07-07T12:08:50.164038+00:00,141.2,19,ask,,,10828670
2026-07-07T12:08:50.350165,2026-07-07T12:08:50.356749+00:00,141.3,12,bid,,,10828675
2026-07-07T12:08:50.350165,2026-07-07T12:08:50.356749+00:00,141.5,38,bid,,,10828676
2026-07-07T12:08:50.451352,2026-07-07T12:08:50.457708+00:00,141.0,43,ask,,,10828678
2026-07-07T12:08:50.576061,2026-07-07T12:08:50.599384+00:00,141.0,57,ask,,,10828682
2026-07-07T12:08:50.576061,2026-07-07T12:08:50.599384+00:00,141.0,12,ask,,,10828683
2026-07-07T12:08:50.576061,2026-07-07T12:08:50.599384+00:00,140.9,20,ask,,,10828684
2026-07-07T12:08:50.588189,2026-07-07T12:08:50.599384+00:00,140.9,35,bid,,,10828686
2026-07-07T12:08:50.591015,2026-07-07T12:08:50.599384+00:00,140.9,25,bid,,,10828687
2026-07-07T12:08:50.820616,2026-07-07T12:08:50.832342+00:00,140.9,1,bid,,,10828694
2026-07-07T12:08:52.458750,2026-07-07T12:08:52.470828+00:00,141.2,12,bid,,,10828710
2026-07-07T12:08:52.458750,2026-07-07T12:08:52.470828+00:00,141.3,38,bid,,,10828711
2026-07-07T12:08:53.699893,2026-07-07T12:08:53.710221+00:00,141.2,12,ask,,,10828735
2026-07-07T12:08:54.207639,2026-07-07T12:08:54.219831+00:00,141.2,23,ask,,,10828747
2026-07-07T12:08:54.259336,2026-07-07T12:08:54.271122+00:00,141.2,25,ask,,,10828751
2026-07-07T12:08:54.481168,2026-07-07T12:08:54.492493+00:00,141.2,25,ask,,,10828756
2026-07-07T12:08:54.622547,2026-07-07T12:08:54.630741+00:00,141.2,50,ask,,,10828760
2026-07-07T12:08:54.732298,2026-07-07T12:08:54.741032+00:00,141.2,2,ask,,,10828761
2026-07-07T12:08:55.706485,2026-07-07T12:08:55.715454+00:00,141.3,43,bid,,,10828775
2026-07-07T12:08:56.729893,2026-07-07T12:08:56.741926+00:00,141.2,13,ask,,,10828792
2026-07-07T12:08:56.729893,2026-07-07T12:08:56.741926+00:00,140.9,12,ask,,,10828793
2026-07-07T12:08:56.729893,2026-07-07T12:08:56.741926+00:00,140.8,25,ask,,,10828794
2026-07-07T12:08:56.909967,2026-07-07T12:08:56.931855+00:00,141.0,20,ask,,,10828797
2026-07-07T12:08:56.922936,2026-07-07T12:08:56.931855+00:00,141.0,23,bid,,,10828799
2026-07-07T12:08:57.262431,2026-07-07T12:08:57.269421+00:00,140.8,45,ask,,,10828806
2026-07-07T12:08:57.942195,2026-07-07T12:08:57.952805+00:00,140.9,12,bid,,,10828817
2026-07-07T12:08:58.168889,2026-07-07T12:08:58.177381+00:00,140.9,12,ask,,,10828825
2026-07-07T12:08:58.349525,2026-07-07T12:08:58.355882+00:00,141.0,40,bid,,,10828829
2026-07-07T12:08:58.924202,2026-07-07T12:08:58.933244+00:00,141.0,44,bid,,,10828832
2026-07-07T12:08:59.996074,2026-07-07T12:09:00.005465+00:00,141.0,12,bid,,,10828840
2026-07-07T12:09:00.539596,2026-07-07T12:09:00.551053+00:00,140.8,40,ask,,,10828851
2026-07-07T12:09:00.894119,2026-07-07T12:09:00.905834+00:00,141.2,7,bid,,,10828859
2026-07-07T12:09:00.894119,2026-07-07T12:09:00.905834+00:00,141.3,43,bid,,,10828860
2026-07-07T12:09:03.066155,2026-07-07T12:09:03.073983+00:00,140.8,12,ask,,,10828894
2026-07-07T12:09:03.066155,2026-07-07T12:09:03.079221+00:00,140.8,38,ask,,,10828895
2026-07-07T12:09:04.220667,2026-07-07T12:09:04.228444+00:00,140.7,47,ask,,,10828910
2026-07-07T12:09:04.528952,2026-07-07T12:09:04.539226+00:00,140.7,12,ask,,,10828913
2026-07-07T12:09:05.176538,2026-07-07T12:09:05.183713+00:00,140.6,50,ask,,,10828921
2026-07-07T12:09:06.426769,2026-07-07T12:09:06.435607+00:00,140.6,1,bid,,,10828931
2026-07-07T12:09:06.912448,2026-07-07T12:09:06.924329+00:00,140.6,45,bid,,,10828940
2026-07-07T12:09:07.242408,2026-07-07T12:09:07.258564+00:00,140.6,50,bid,,,10828950
2026-07-07T12:09:08.560385,2026-07-07T12:09:08.572349+00:00,140.3,12,ask,,,10828978
2026-07-07T12:09:08.560385,2026-07-07T12:09:08.572349+00:00,140.3,20,ask,,,10828979
2026-07-07T12:09:11.474861,2026-07-07T12:09:11.492905+00:00,140.5,50,bid,,,10829023
2026-07-07T12:09:13.642802,2026-07-07T12:09:13.654453+00:00,140.3,50,ask,,,10829060
2026-07-07T12:09:14.524583,2026-07-07T12:09:14.536775+00:00,140.4,11,bid,,,10829078
2026-07-07T12:09:15.042908,2026-07-07T12:09:15.051608+00:00,140.4,48,bid,,,10829085
2026-07-07T12:09:15.736787,2026-07-07T12:09:15.745530+00:00,140.4,12,bid,,,10829099
2026-07-07T12:09:15.755080,2026-07-07T12:09:15.766358+00:00,140.3,50,ask,,,10829102
2026-07-07T12:09:15.849868,2026-07-07T12:09:15.861695+00:00,140.4,29,bid,,,10829103
2026-07-07T12:09:16.012184,2026-07-07T12:09:16.022220+00:00,140.6,12,ask,,,10829105
2026-07-07T12:09:17.675385,2026-07-07T12:09:17.686367+00:00,140.7,11,ask,,,10829144
2026-07-07T12:09:17.863522,2026-07-07T12:09:17.871615+00:00,140.7,50,ask,,,10829147
2026-07-07T12:09:19.067497,2026-07-07T12:09:19.088437+00:00,140.7,39,ask,,,10829169
2026-07-07T12:09:19.067497,2026-07-07T12:09:19.088437+00:00,140.5,12,ask,,,10829170
2026-07-07T12:09:19.080302,2026-07-07T12:09:19.088437+00:00,140.5,11,bid,,,10829171
2026-07-07T12:09:19.970858,2026-07-07T12:09:19.986502+00:00,140.5,12,bid,,,10829190
2026-07-07T12:09:19.970967,2026-07-07T12:09:19.986502+00:00,140.4,20,ask,,,10829191
2026-07-07T12:09:19.970967,2026-07-07T12:09:19.986502+00:00,140.0,30,ask,,,10829192
2026-07-07T12:09:20.038533,2026-07-07T12:09:20.048346+00:00,140.5,25,bid,,,10829196
2026-07-07T12:09:20.267484,2026-07-07T12:09:20.278561+00:00,140.5,25,bid,,,10829205
2026-07-07T12:09:20.490470,2026-07-07T12:09:20.500023+00:00,140.5,25,bid,,,10829211
2026-07-07T12:09:20.527798,2026-07-07T12:09:20.537702+00:00,140.5,1,bid,,,10829212
2026-07-07T12:09:21.854749,2026-07-07T12:09:21.866640+00:00,140.7,20,bid,,,10829237
2026-07-07T12:09:21.854749,2026-07-07T12:09:21.866640+00:00,140.9,29,bid,,,10829238
2026-07-07T12:09:22.082015,2026-07-07T12:09:22.093780+00:00,140.5,11,ask,,,10829241
2026-07-07T12:09:22.082015,2026-07-07T12:09:22.093780+00:00,140.4,39,ask,,,10829242
2026-07-07T12:09:22.909605,2026-07-07T12:09:22.918990+00:00,140.5,23,ask,,,10829251
2026-07-07T12:09:24.200724,2026-07-07T12:09:24.210712+00:00,140.5,50,ask,,,10829273
2026-07-07T12:09:25.975621,2026-07-07T12:09:25.987657+00:00,140.5,12,ask,,,10829296
2026-07-07T12:09:25.975621,2026-07-07T12:09:25.987657+00:00,140.5,20,ask,,,10829297
2026-07-07T12:09:25.975621,2026-07-07T12:09:25.987657+00:00,140.4,13,ask,,,10829298
2026-07-07T12:09:26.307765,2026-07-07T12:09:26.319187+00:00,140.4,50,ask,,,10829309
2026-07-07T12:09:28.007236,2026-07-07T12:09:28.018928+00:00,140.6,12,ask,,,10829341
2026-07-07T12:09:28.007236,2026-07-07T12:09:28.018928+00:00,140.5,31,ask,,,10829342
2026-07-07T12:09:28.364579,2026-07-07T12:09:28.376075+00:00,140.9,50,bid,,,10829350
2026-07-07T12:09:32.595222,2026-07-07T12:09:32.606975+00:00,140.9,12,bid,,,10829439
2026-07-07T12:09:32.595222,2026-07-07T12:09:32.606975+00:00,140.9,38,bid,,,10829440
2026-07-07T12:09:34.702700,2026-07-07T12:09:34.714521+00:00,141.0,50,bid,,,10829474
2026-07-07T12:09:35.201305,2026-07-07T12:09:35.213294+00:00,141.0,12,bid,,,10829488
2026-07-07T12:09:35.201305,2026-07-07T12:09:35.213294+00:00,141.1,31,bid,,,10829489
2026-07-07T12:09:36.068097,2026-07-07T12:09:36.079990+00:00,141.1,20,bid,,,10829497
2026-07-07T12:09:36.068097,2026-07-07T12:09:36.079990+00:00,141.2,29,bid,,,10829498
2026-07-07T12:09:36.866451,2026-07-07T12:09:36.878152+00:00,140.7,50,ask,,,10829511
2026-07-07T12:09:38.979694,2026-07-07T12:09:38.991611+00:00,140.7,50,ask,,,10829558
2026-07-07T12:09:40.281201,2026-07-07T12:09:40.291208+00:00,140.7,12,ask,,,10829579
2026-07-07T12:09:40.281201,2026-07-07T12:09:40.291208+00:00,140.5,37,ask,,,10829580
2026-07-07T12:09:43.194654,2026-07-07T12:09:43.206595+00:00,140.5,50,ask,,,10829620
2026-07-07T12:09:43.299834,2026-07-07T12:09:43.311186+00:00,140.9,42,bid,,,10829622
2026-07-07T12:09:45.251708,2026-07-07T12:09:45.258543+00:00,140.8,50,bid,,,10829650
2026-07-07T12:09:45.443985,2026-07-07T12:09:45.451518+00:00,140.8,40,bid,,,10829651
2026-07-07T12:09:46.286531,2026-07-07T12:09:46.295474+00:00,140.8,11,bid,,,10829673
2026-07-07T12:09:47.357610,2026-07-07T12:09:47.369824+00:00,140.8,49,bid,,,10829691
2026-07-07T12:09:47.357610,2026-07-07T12:09:47.369824+00:00,140.8,1,bid,,,10829692
2026-07-07T12:09:47.531301,2026-07-07T12:09:47.542166+00:00,140.8,11,bid,,,10829697
2026-07-07T12:09:49.469899,2026-07-07T12:09:49.483704+00:00,141.0,50,bid,,,10829732
2026-07-07T12:09:50.693823,2026-07-07T12:09:50.701940+00:00,141.0,50,bid,,,10829749
2026-07-07T12:09:51.470918,2026-07-07T12:09:51.501662+00:00,141.0,11,ask,,,10829762
2026-07-07T12:09:51.578275,2026-07-07T12:09:51.586402+00:00,141.2,20,bid,,,10829769
2026-07-07T12:09:51.578275,2026-07-07T12:09:51.586402+00:00,141.5,30,bid,,,10829770
2026-07-07T12:09:53.366686,2026-07-07T12:09:53.375240+00:00,141.0,12,ask,,,10829805
2026-07-07T12:09:53.685540,2026-07-07T12:09:53.697212+00:00,141.1,12,bid,,,10829814
2026-07-07T12:09:53.685540,2026-07-07T12:09:53.697212+00:00,141.2,20,bid,,,10829815
2026-07-07T12:09:53.685540,2026-07-07T12:09:53.697212+00:00,141.3,18,bid,,,10829816
2026-07-07T12:09:55.804678,2026-07-07T12:09:55.821003+00:00,141.2,12,bid,,,10829836
2026-07-07T12:09:55.804678,2026-07-07T12:09:55.821003+00:00,141.2,20,bid,,,10829837
2026-07-07T12:09:55.804678,2026-07-07T12:09:55.821003+00:00,141.3,18,bid,,,10829838
2026-07-07T12:09:57.192600,2026-07-07T12:09:57.202220+00:00,141.0,12,ask,,,10829863
2026-07-07T12:09:57.228091,2026-07-07T12:09:57.239243+00:00,141.0,25,ask,,,10829867
2026-07-07T12:09:57.464073,2026-07-07T12:09:57.474971+00:00,141.0,25,ask,,,10829874
2026-07-07T12:09:57.688080,2026-07-07T12:09:57.697809+00:00,141.0,25,ask,,,10829879
2026-07-07T12:09:57.913838,2026-07-07T12:09:57.924070+00:00,141.0,4,ask,,,10829881
2026-07-07T12:09:57.964696,2026-07-07T12:09:57.976787+00:00,141.0,9,ask,,,10829883
2026-07-07T12:09:57.964696,2026-07-07T12:09:57.976787+00:00,140.9,41,ask,,,10829884
2026-07-07T12:10:00.024531,2026-07-07T12:10:00.036251+00:00,141.0,50,bid,,,10829924
2026-07-07T12:10:00.533880,2026-07-07T12:10:00.542503+00:00,140.7,12,ask,,,10829929
2026-07-07T12:10:00.533880,2026-07-07T12:10:00.547772+00:00,140.6,20,ask,,,10829930
2026-07-07T12:10:00.533880,2026-07-07T12:10:00.547772+00:00,140.5,16,ask,,,10829931
2026-07-07T12:10:02.132879,2026-07-07T12:10:02.143841+00:00,141.0,12,bid,,,10829953
2026-07-07T12:10:02.132879,2026-07-07T12:10:02.143841+00:00,141.0,38,bid,,,10829954
2026-07-07T12:10:06.061798,2026-07-07T12:10:06.073314+00:00,140.7,47,ask,,,10830008
2026-07-07T12:10:06.394298,2026-07-07T12:10:06.403915+00:00,140.7,50,ask,,,10830015
2026-07-07T12:10:06.890532,2026-07-07T12:10:06.899781+00:00,140.8,12,bid,,,10830028
2026-07-07T12:10:07.853899,2026-07-07T12:10:07.865477+00:00,140.7,12,ask,,,10830044
2026-07-07T12:10:07.853899,2026-07-07T12:10:07.865477+00:00,140.6,32,ask,,,10830045
2026-07-07T12:10:08.511319,2026-07-07T12:10:08.522015+00:00,140.6,50,ask,,,10830059
2026-07-07T12:10:08.825906,2026-07-07T12:10:08.837509+00:00,140.8,41,bid,,,10830062
2026-07-07T12:10:10.618425,2026-07-07T12:10:10.630160+00:00,140.7,20,ask,,,10830096
2026-07-07T12:10:10.618425,2026-07-07T12:10:10.630160+00:00,140.6,18,ask,,,10830097
2026-07-07T12:10:10.618425,2026-07-07T12:10:10.630160+00:00,140.6,12,ask,,,10830098
2026-07-07T12:10:11.003379,2026-07-07T12:10:11.015383+00:00,140.9,40,bid,,,10830111
2026-07-07T12:10:12.103148,2026-07-07T12:10:12.113400+00:00,140.9,43,bid,,,10830127
2026-07-07T12:10:12.830702,2026-07-07T12:10:12.839990+00:00,140.9,11,bid,,,10830141
2026-07-07T12:10:14.508941,2026-07-07T12:10:14.520039+00:00,140.8,12,ask,,,10830172
2026-07-07T12:10:14.508941,2026-07-07T12:10:14.520039+00:00,140.8,35,ask,,,10830173
2026-07-07T12:10:14.784208,2026-07-07T12:10:14.795923+00:00,141.1,12,bid,,,10830179
2026-07-07T12:10:14.784208,2026-07-07T12:10:14.795923+00:00,141.2,38,bid,,,10830180
2026-07-07T12:10:15.954824,2026-07-07T12:10:15.958538+00:00,140.8,45,ask,,,10830193
2026-07-07T12:10:16.971228,2026-07-07T12:10:16.980903+00:00,140.8,20,ask,,,10830216
2026-07-07T12:10:16.971228,2026-07-07T12:10:16.980903+00:00,140.7,12,ask,,,10830217
2026-07-07T12:10:16.971228,2026-07-07T12:10:16.986345+00:00,140.7,18,ask,,,10830218
2026-07-07T12:10:17.894976,2026-07-07T12:10:17.904285+00:00,140.9,44,bid,,,10830228
2026-07-07T12:10:18.485646,2026-07-07T12:10:18.497473+00:00,140.7,42,ask,,,10830239
2026-07-07T12:10:21.133399,2026-07-07T12:10:21.144954+00:00,140.9,50,bid,,,10830285
2026-07-07T12:10:22.081221,2026-07-07T12:10:22.093316+00:00,140.9,44,bid,,,10830302
2026-07-07T12:10:23.161443,2026-07-07T12:10:23.168887+00:00,140.8,49,ask,,,10830325
2026-07-07T12:10:23.241067,2026-07-07T12:10:23.248860+00:00,141.0,12,bid,,,10830329
2026-07-07T12:10:23.241067,2026-07-07T12:10:23.254214+00:00,141.0,38,bid,,,10830330
2026-07-07T12:10:24.179211,2026-07-07T12:10:24.189576+00:00,140.8,41,ask,,,10830351
2026-07-07T12:10:24.663750,2026-07-07T12:10:24.675213+00:00,140.8,3,ask,,,10830364
2026-07-07T12:10:26.031537,2026-07-07T12:10:26.041269+00:00,141.0,40,bid,,,10830385
2026-07-07T12:10:27.669054,2026-07-07T12:10:27.681206+00:00,140.9,12,bid,,,10830407
2026-07-07T12:10:27.669054,2026-07-07T12:10:27.681206+00:00,141.0,29,bid,,,10830408
2026-07-07T12:10:28.436357,2026-07-07T12:10:28.446532+00:00,140.7,11,ask,,,10830416
2026-07-07T12:10:29.639897,2026-07-07T12:10:29.647659+00:00,140.7,50,ask,,,10830432
2026-07-07T12:10:30.751199,2026-07-07T12:10:30.753375+00:00,140.5,12,ask,,,10830456
2026-07-07T12:10:30.751199,2026-07-07T12:10:30.753375+00:00,140.3,28,ask,,,10830457
2026-07-07T12:10:31.748926,2026-07-07T12:10:31.758545+00:00,140.4,20,ask,,,10830471
2026-07-07T12:10:31.748926,2026-07-07T12:10:31.758545+00:00,140.3,30,ask,,,10830472
2026-07-07T12:10:33.808367,2026-07-07T12:10:33.820304+00:00,140.6,50,bid,,,10830506
2026-07-07T12:10:35.948169,2026-07-07T12:10:35.957969+00:00,140.5,50,bid,,,10830541
2026-07-07T12:10:38.053596,2026-07-07T12:10:38.058588+00:00,140.4,50,bid,,,10830577
2026-07-07T12:10:40.217105,2026-07-07T12:10:40.226230+00:00,140.1,12,ask,,,10830611
2026-07-07T12:10:40.217105,2026-07-07T12:10:40.226230+00:00,140.1,38,ask,,,10830612
2026-07-07T12:10:41.083512,2026-07-07T12:10:41.094055+00:00,140.4,12,bid,,,10830629
2026-07-07T12:10:41.083512,2026-07-07T12:10:41.094055+00:00,140.6,30,bid,,,10830630
2026-07-07T12:10:42.274369,2026-07-07T12:10:42.286310+00:00,140.5,20,bid,,,10830652
2026-07-07T12:10:42.274369,2026-07-07T12:10:42.286310+00:00,140.6,30,bid,,,10830653
2026-07-07T12:10:44.405680,2026-07-07T12:10:44.414665+00:00,140.5,50,bid,,,10830693
2026-07-07T12:10:45.509152,2026-07-07T12:10:45.519092+00:00,140.5,44,bid,,,10830722
2026-07-07T12:10:45.615527,2026-07-07T12:10:45.624034+00:00,140.6,12,bid,,,10830724
2026-07-07T12:10:45.646158,2026-07-07T12:10:45.663346+00:00,140.7,12,ask,,,10830726
2026-07-07T12:10:45.718589,2026-07-07T12:10:45.729298+00:00,140.7,25,ask,,,10830731
2026-07-07T12:10:46.114225,2026-07-07T12:10:46.125866+00:00,140.7,44,ask,,,10830739
2026-07-07T12:10:46.513006,2026-07-07T12:10:46.524647+00:00,140.9,50,bid,,,10830747
2026-07-07T12:10:46.721491,2026-07-07T12:10:46.733436+00:00,140.9,43,bid,,,10830749
2026-07-07T12:10:46.777409,2026-07-07T12:10:46.789395+00:00,140.7,7,ask,,,10830750
2026-07-07T12:10:46.777409,2026-07-07T12:10:46.789395+00:00,140.6,12,ask,,,10830751
2026-07-07T12:10:46.777409,2026-07-07T12:10:46.789395+00:00,140.6,20,ask,,,10830752
2026-07-07T12:10:46.777409,2026-07-07T12:10:46.794574+00:00,140.4,4,ask,,,10830753
2026-07-07T12:10:47.706219,2026-07-07T12:10:47.715803+00:00,140.8,12,bid,,,10830773
2026-07-07T12:10:47.743778,2026-07-07T12:10:47.752451+00:00,140.8,43,ask,,,10830777
2026-07-07T12:10:47.883240,2026-07-07T12:10:47.889714+00:00,140.8,25,ask,,,10830779
2026-07-07T12:10:48.106095,2026-07-07T12:10:48.113447+00:00,140.8,10,ask,,,10830781
2026-07-07T12:10:48.418259,2026-07-07T12:10:48.427156+00:00,140.8,14,ask,,,10830790
2026-07-07T12:10:48.502001,2026-07-07T12:10:48.513714+00:00,140.8,3,ask,,,10830794
2026-07-07T12:10:48.651046,2026-07-07T12:10:48.657638+00:00,141.0,12,bid,,,10830797
2026-07-07T12:10:48.651046,2026-07-07T12:10:48.657638+00:00,141.2,38,bid,,,10830798
2026-07-07T12:10:48.776749,2026-07-07T12:10:48.786667+00:00,140.8,3,ask,,,10830804
2026-07-07T12:10:48.853819,2026-07-07T12:10:48.864058+00:00,140.9,48,bid,,,10830806
2026-07-07T12:10:48.909394,2026-07-07T12:10:48.921208+00:00,140.8,40,ask,,,10830809
2026-07-07T12:10:48.909394,2026-07-07T12:10:48.921208+00:00,140.4,1,ask,,,10830810
2026-07-07T12:10:49.514817,2026-07-07T12:10:49.526368+00:00,140.4,47,ask,,,10830817
2026-07-07T12:10:50.760462,2026-07-07T12:10:50.772172+00:00,140.8,4,bid,,,10830835
2026-07-07T12:10:50.760462,2026-07-07T12:10:50.772172+00:00,140.9,46,bid,,,10830836
2026-07-07T12:10:50.920278,2026-07-07T12:10:50.931408+00:00,140.6,20,ask,,,10830844
2026-07-07T12:10:50.920278,2026-07-07T12:10:50.931408+00:00,140.4,53,ask,,,10830845
2026-07-07T12:10:50.920278,2026-07-07T12:10:50.931408+00:00,140.4,11,ask,,,10830846
2026-07-07T12:10:50.932575,2026-07-07T12:10:50.942049+00:00,140.4,26,bid,,,10830847
2026-07-07T12:10:51.044711,2026-07-07T12:10:51.053326+00:00,140.4,11,bid,,,10830858
2026-07-07T12:10:51.475373,2026-07-07T12:10:51.484204+00:00,140.4,29,bid,,,10830868
2026-07-07T12:10:51.475373,2026-07-07T12:10:51.484204+00:00,140.7,10,bid,,,10830869
2026-07-07T12:10:51.475373,2026-07-07T12:10:51.489430+00:00,140.9,6,bid,,,10830870
2026-07-07T12:10:51.475373,2026-07-07T12:10:51.489430+00:00,141.0,3,bid,,,10830871
2026-07-07T12:10:52.908584,2026-07-07T12:10:52.917343+00:00,140.5,11,ask,,,10830897
2026-07-07T12:10:54.046268,2026-07-07T12:10:54.057351+00:00,140.6,12,ask,,,10830916
2026-07-07T12:10:54.255604,2026-07-07T12:10:54.258563+00:00,140.6,17,ask,,,10830921
2026-07-07T12:10:55.031800,2026-07-07T12:10:55.043948+00:00,140.6,48,ask,,,10830934
2026-07-07T12:10:55.077551,2026-07-07T12:10:55.095141+00:00,140.6,50,ask,,,10830938
2026-07-07T12:10:56.544101,2026-07-07T12:10:56.558497+00:00,140.7,1,bid,,,10830958
2026-07-07T12:10:56.544101,2026-07-07T12:10:56.558497+00:00,140.9,39,bid,,,10830959
2026-07-07T12:10:57.185705,2026-07-07T12:10:57.197463+00:00,140.4,11,ask,,,10830974
2026-07-07T12:10:57.185705,2026-07-07T12:10:57.197463+00:00,140.4,39,ask,,,10830975
2026-07-07T12:10:59.314228,2026-07-07T12:10:59.324247+00:00,140.6,50,ask,,,10831015
2026-07-07T12:11:00.572027,2026-07-07T12:11:00.582019+00:00,140.6,45,ask,,,10831033
2026-07-07T12:11:01.422144,2026-07-07T12:11:01.429002+00:00,140.5,12,ask,,,10831045
2026-07-07T12:11:01.422144,2026-07-07T12:11:01.434007+00:00,140.4,20,ask,,,10831046
2026-07-07T12:11:01.422144,2026-07-07T12:11:01.434007+00:00,140.3,18,ask,,,10831047
2026-07-07T12:11:02.058890,2026-07-07T12:11:02.070096+00:00,140.7,44,bid,,,10831063
2026-07-07T12:11:03.111521,2026-07-07T12:11:03.120946+00:00,140.7,47,bid,,,10831089
2026-07-07T12:11:03.556931,2026-07-07T12:11:03.568645+00:00,140.4,12,ask,,,10831100
2026-07-07T12:11:03.556931,2026-07-07T12:11:03.568645+00:00,140.2,38,ask,,,10831101
2026-07-07T12:11:05.504275,2026-07-07T12:11:05.513123+00:00,140.5,12,bid,,,10831127
2026-07-07T12:11:08.015735,2026-07-07T12:11:08.027447+00:00,140.5,12,bid,,,10831165
2026-07-07T12:11:09.397544,2026-07-07T12:11:09.415952+00:00,140.2,40,ask,,,10831183
2026-07-07T12:11:09.872024,2026-07-07T12:11:09.878710+00:00,140.6,44,bid,,,10831197
2026-07-07T12:11:10.438010,2026-07-07T12:11:10.449832+00:00,140.2,48,ask,,,10831204
2026-07-07T12:11:11.048511,2026-07-07T12:11:11.058597+00:00,140.0,12,ask,,,10831213
2026-07-07T12:11:11.048511,2026-07-07T12:11:11.058597+00:00,139.9,20,ask,,,10831214
2026-07-07T12:11:11.939173,2026-07-07T12:11:11.948334+00:00,140.2,50,bid,,,10831222
2026-07-07T12:11:13.102703,2026-07-07T12:11:13.114337+00:00,139.8,12,ask,,,10831250
2026-07-07T12:11:13.102703,2026-07-07T12:11:13.114337+00:00,139.7,100,ask,,,10831251
2026-07-07T12:11:13.386710,2026-07-07T12:11:13.394686+00:00,139.7,23,bid,,,10831260
2026-07-07T12:11:13.500219,2026-07-07T12:11:13.510701+00:00,139.7,15,bid,,,10831267
2026-07-07T12:11:14.103089,2026-07-07T12:11:14.120261+00:00,139.8,12,ask,,,10831274
2026-07-07T12:11:14.103089,2026-07-07T12:11:14.120261+00:00,139.7,20,ask,,,10831275
2026-07-07T12:11:14.103089,2026-07-07T12:11:14.120261+00:00,139.2,18,ask,,,10831276
2026-07-07T12:11:16.164294,2026-07-07T12:11:16.173209+00:00,140.0,50,bid,,,10831316
2026-07-07T12:11:16.215328,2026-07-07T12:11:16.226980+00:00,140.0,50,bid,,,10831317
2026-07-07T12:11:16.228248,2026-07-07T12:11:16.237707+00:00,140.0,23,ask,,,10831318
2026-07-07T12:11:18.324262,2026-07-07T12:11:18.336095+00:00,140.0,50,ask,,,10831344
2026-07-07T12:11:22.534638,2026-07-07T12:11:22.546081+00:00,139.8,50,ask,,,10831419
2026-07-07T12:11:22.622761,2026-07-07T12:11:22.632129+00:00,139.9,11,bid,,,10831425
2026-07-07T12:11:23.286710,2026-07-07T12:11:23.295991+00:00,139.9,12,bid,,,10831439
2026-07-07T12:11:24.222994,2026-07-07T12:11:24.234620+00:00,139.9,45,bid,,,10831456
2026-07-07T12:11:24.590021,2026-07-07T12:11:24.597097+00:00,139.9,50,bid,,,10831467
2026-07-07T12:11:24.837365,2026-07-07T12:11:24.849362+00:00,139.9,32,bid,,,10831474
2026-07-07T12:11:24.837365,2026-07-07T12:11:24.849362+00:00,140.0,12,bid,,,10831475
2026-07-07T12:11:24.837365,2026-07-07T12:11:24.849362+00:00,140.1,2,bid,,,10831476
2026-07-07T12:11:25.729185,2026-07-07T12:11:25.740058+00:00,140.0,11,ask,,,10831494
2026-07-07T12:11:26.697491,2026-07-07T12:11:26.707591+00:00,140.1,12,bid,,,10831520
2026-07-07T12:11:26.697491,2026-07-07T12:11:26.707591+00:00,140.2,38,bid,,,10831521
2026-07-07T12:11:30.480540,2026-07-07T12:11:30.490711+00:00,140.1,12,ask,,,10831577
2026-07-07T12:11:30.503132,2026-07-07T12:11:30.511353+00:00,140.1,25,ask,,,10831579
2026-07-07T12:11:30.681219,2026-07-07T12:11:30.688202+00:00,140.1,47,ask,,,10831583
2026-07-07T12:11:30.730491,2026-07-07T12:11:30.741138+00:00,140.1,25,ask,,,10831584
2026-07-07T12:11:30.951489,2026-07-07T12:11:30.958578+00:00,140.1,23,ask,,,10831591
2026-07-07T12:11:30.959721,2026-07-07T12:11:30.969198+00:00,140.1,18,ask,,,10831593
2026-07-07T12:11:30.959721,2026-07-07T12:11:30.969198+00:00,139.8,12,ask,,,10831594
2026-07-07T12:11:30.959721,2026-07-07T12:11:30.974177+00:00,139.8,20,ask,,,10831595
2026-07-07T12:11:32.134550,2026-07-07T12:11:32.144304+00:00,139.9,12,bid,,,10831612
2026-07-07T12:11:33.070127,2026-07-07T12:11:33.076732+00:00,139.7,20,ask,,,10831630
2026-07-07T12:11:33.070127,2026-07-07T12:11:33.081997+00:00,139.4,30,ask,,,10831631
2026-07-07T12:11:33.920165,2026-07-07T12:11:33.930526+00:00,139.9,44,bid,,,10831650
2026-07-07T12:11:34.502048,2026-07-07T12:11:34.511239+00:00,139.7,12,ask,,,10831661
2026-07-07T12:11:34.502048,2026-07-07T12:11:34.511239+00:00,139.7,20,ask,,,10831662
2026-07-07T12:11:34.502048,2026-07-07T12:11:34.516659+00:00,139.6,17,ask,,,10831663
2026-07-07T12:11:35.180247,2026-07-07T12:11:35.191595+00:00,139.7,20,ask,,,10831672
2026-07-07T12:11:35.901100,2026-07-07T12:11:35.911730+00:00,140.0,40,bid,,,10831693
2026-07-07T12:11:39.040314,2026-07-07T12:11:39.049379+00:00,140.1,49,bid,,,10831734
2026-07-07T12:11:41.161598,2026-07-07T12:11:41.173334+00:00,139.9,46,ask,,,10831761
2026-07-07T12:11:41.493975,2026-07-07T12:11:41.500883+00:00,139.9,50,ask,,,10831765
2026-07-07T12:11:43.601750,2026-07-07T12:11:43.614400+00:00,139.8,12,ask,,,10831789
2026-07-07T12:11:43.601750,2026-07-07T12:11:43.614400+00:00,139.7,38,ask,,,10831790
2026-07-07T12:11:44.958395,2026-07-07T12:11:44.970202+00:00,140.0,49,bid,,,10831814
2026-07-07T12:11:45.015641,2026-07-07T12:11:45.024335+00:00,139.7,20,ask,,,10831816
2026-07-07T12:11:45.015641,2026-07-07T12:11:45.029849+00:00,139.6,21,ask,,,10831817
2026-07-07T12:11:45.714789,2026-07-07T12:11:45.722537+00:00,139.7,20,ask,,,10831828
2026-07-07T12:11:45.714789,2026-07-07T12:11:45.727791+00:00,139.6,30,ask,,,10831829
2026-07-07T12:11:47.829260,2026-07-07T12:11:47.840682+00:00,139.6,50,ask,,,10831864
2026-07-07T12:11:47.959484,2026-07-07T12:11:47.968874+00:00,139.7,23,bid,,,10831868
2026-07-07T12:11:48.007587,2026-07-07T12:11:48.019305+00:00,139.7,25,bid,,,10831872
2026-07-07T12:11:48.231015,2026-07-07T12:11:48.240958+00:00,139.7,25,bid,,,10831875
2026-07-07T12:11:48.383963,2026-07-07T12:11:48.393702+00:00,139.7,11,bid,,,10831876
2026-07-07T12:11:48.454952,2026-07-07T12:11:48.463704+00:00,139.7,25,bid,,,10831881
2026-07-07T12:11:48.675146,2026-07-07T12:11:48.682039+00:00,139.7,25,bid,,,10831885
2026-07-07T12:11:48.928216,2026-07-07T12:11:48.939709+00:00,139.7,16,bid,,,10831889
2026-07-07T12:11:49.935886,2026-07-07T12:11:49.942666+00:00,139.7,50,ask,,,10831898
2026-07-07T12:11:50.147358,2026-07-07T12:11:50.158584+00:00,139.7,34,ask,,,10831902
2026-07-07T12:11:50.147358,2026-07-07T12:11:50.158584+00:00,139.2,10,ask,,,10831903
2026-07-07T12:11:51.140805,2026-07-07T12:11:51.152669+00:00,140.2,44,bid,,,10831915
2026-07-07T12:11:52.043433,2026-07-07T12:11:52.058572+00:00,140.0,50,ask,,,10831924
2026-07-07T12:11:52.302393,2026-07-07T12:11:52.313340+00:00,140.0,11,ask,,,10831928
2026-07-07T12:11:52.742160,2026-07-07T12:11:52.753136+00:00,140.0,49,ask,,,10831935
2026-07-07T12:11:53.898568,2026-07-07T12:11:53.912881+00:00,140.2,8,bid,,,10831952
2026-07-07T12:11:53.898568,2026-07-07T12:11:53.912881+00:00,140.2,36,bid,,,10831953
2026-07-07T12:11:55.074897,2026-07-07T12:11:55.084524+00:00,140.0,3,bid,,,10831979
2026-07-07T12:11:55.082727,2026-07-07T12:11:55.089811+00:00,140.0,7,bid,,,10831980
2026-07-07T12:11:55.344962,2026-07-07T12:11:55.363886+00:00,140.0,3,bid,,,10831983
2026-07-07T12:11:55.467802,2026-07-07T12:11:55.476631+00:00,140.0,11,bid,,,10831987
2026-07-07T12:11:55.606304,2026-07-07T12:11:55.618157+00:00,140.0,3,bid,,,10831990
2026-07-07T12:11:55.895102,2026-07-07T12:11:55.907168+00:00,140.0,3,bid,,,10831999
2026-07-07T12:11:56.158256,2026-07-07T12:11:56.170021+00:00,140.0,3,bid,,,10832002
2026-07-07T12:11:56.254069,2026-07-07T12:11:56.263975+00:00,139.9,50,ask,,,10832004
2026-07-07T12:11:56.417538,2026-07-07T12:11:56.434211+00:00,140.0,3,bid,,,10832008
2026-07-07T12:11:56.677355,2026-07-07T12:11:56.688850+00:00,140.0,3,bid,,,10832011
2026-07-07T12:11:56.709066,2026-07-07T12:11:56.720655+00:00,140.0,44,bid,,,10832013
2026-07-07T12:11:56.937931,2026-07-07T12:11:56.949708+00:00,140.0,3,bid,,,10832021
2026-07-07T12:11:57.198135,2026-07-07T12:11:57.209857+00:00,140.0,3,bid,,,10832028
2026-07-07T12:11:58.365622,2026-07-07T12:11:58.375706+00:00,140.1,11,ask,,,10832049
2026-07-07T12:12:00.081232,2026-07-07T12:12:00.092935+00:00,140.1,44,ask,,,10832078
2026-07-07T12:12:02.594457,2026-07-07T12:12:02.606175+00:00,140.0,12,ask,,,10832116
2026-07-07T12:12:02.594457,2026-07-07T12:12:02.606175+00:00,140.0,34,ask,,,10832117
2026-07-07T12:12:02.601686,2026-07-07T12:12:02.611632+00:00,140.0,50,ask,,,10832118
2026-07-07T12:12:03.360553,2026-07-07T12:12:03.371100+00:00,140.0,12,ask,,,10832133
2026-07-07T12:12:03.806392,2026-07-07T12:12:03.818219+00:00,140.0,4,ask,,,10832144
2026-07-07T12:12:04.018217,2026-07-07T12:12:04.029753+00:00,140.0,44,bid,,,10832146
2026-07-07T12:12:04.404477,2026-07-07T12:12:04.417394+00:00,140.0,12,bid,,,10832151
2026-07-07T12:12:04.734059,2026-07-07T12:12:04.743264+00:00,139.5,50,ask,,,10832162
2026-07-07T12:12:04.806898,2026-07-07T12:12:04.817072+00:00,139.9,11,bid,,,10832167
2026-07-07T12:12:05.039720,2026-07-07T12:12:05.051303+00:00,139.9,3,bid,,,10832170
2026-07-07T12:12:05.337780,2026-07-07T12:12:05.346744+00:00,139.9,3,bid,,,10832175
2026-07-07T12:12:05.616169,2026-07-07T12:12:05.625288+00:00,139.9,11,bid,,,10832177
2026-07-07T12:12:06.789269,2026-07-07T12:12:06.800774+00:00,139.9,50,bid,,,10832199
2026-07-07T12:12:07.110904,2026-07-07T12:12:07.120961+00:00,139.9,3,bid,,,10832202
2026-07-07T12:12:08.972488,2026-07-07T12:12:08.984076+00:00,139.8,50,ask,,,10832231
2026-07-07T12:12:11.081033,2026-07-07T12:12:11.089047+00:00,139.8,50,ask,,,10832261
2026-07-07T12:12:13.137944,2026-07-07T12:12:13.148498+00:00,140.2,50,bid,,,10832291
2026-07-07T12:12:13.721718,2026-07-07T12:12:13.733242+00:00,140.3,44,bid,,,10832293
2026-07-07T12:12:15.240152,2026-07-07T12:12:15.252580+00:00,140.0,49,ask,,,10832315
2026-07-07T12:12:15.252971,2026-07-07T12:12:15.258596+00:00,140.3,50,bid,,,10832316
2026-07-07T12:12:15.770849,2026-07-07T12:12:15.782393+00:00,140.3,47,bid,,,10832326
2026-07-07T12:12:16.406810,2026-07-07T12:12:16.418384+00:00,139.8,49,ask,,,10832329
2026-07-07T12:12:16.920297,2026-07-07T12:12:16.931926+00:00,140.1,40,bid,,,10832335
2026-07-07T12:12:17.359251,2026-07-07T12:12:17.370849+00:00,140.1,50,bid,,,10832341
2026-07-07T12:12:18.820721,2026-07-07T12:12:18.832634+00:00,139.8,48,ask,,,10832363
2026-07-07T12:12:19.466465,2026-07-07T12:12:19.478274+00:00,140.1,50,bid,,,10832367
2026-07-07T12:12:19.595341,2026-07-07T12:12:19.604474+00:00,140.1,22,ask,,,10832370
2026-07-07T12:12:20.388799,2026-07-07T12:12:20.400389+00:00,140.1,46,ask,,,10832381
2026-07-07T12:12:20.619659,2026-07-07T12:12:20.631460+00:00,140.1,82,ask,,,10832386
2026-07-07T12:12:21.343446,2026-07-07T12:12:21.352496+00:00,140.1,18,bid,,,10832388
2026-07-07T12:12:21.343446,2026-07-07T12:12:21.352496+00:00,140.2,12,bid,,,10832389
2026-07-07T12:12:21.343446,2026-07-07T12:12:21.352496+00:00,140.2,18,bid,,,10832390
2026-07-07T12:12:21.574958,2026-07-07T12:12:21.584984+00:00,140.2,12,bid,,,10832395
2026-07-07T12:12:21.574958,2026-07-07T12:12:21.584984+00:00,140.3,20,bid,,,10832396
2026-07-07T12:12:21.574958,2026-07-07T12:12:21.584984+00:00,140.6,18,bid,,,10832397
2026-07-07T12:12:22.492529,2026-07-07T12:12:22.501467+00:00,140.2,12,bid,,,10832420
