timestamp,recv_time,price,volume,aggressor_side,buyer,seller,trade_id
2026-07-01T08:00:00.360063,2026-07-01T08:00:00.164130+00:00,81.3,50,ask,EarnestEspressos,FlawlessFlatbreads,1943056
2026-07-01T08:00:01.187886,2026-07-01T08:00:01.194929+00:00,81.3,87,ask,EarnestEspressos,DiligentDonuts,1943085
2026-07-01T08:00:01.187886,2026-07-01T08:00:01.194929+00:00,81.3,3,ask,EarnestEspressos,Xuanyu Liu,1943086
2026-07-01T08:00:02.296206,2026-07-01T08:00:02.300813+00:00,81.1,1,ask,Kelvin Chan,EarnestEspressos,1943104
2026-07-01T08:00:02.318293,2026-07-01T08:00:02.322970+00:00,81.1,10,bid,Xuanyu Liu,EarnestEspressos,1943106
2026-07-01T08:00:02.468109,2026-07-01T08:00:02.476898+00:00,80.8,50,ask,DiligentDonuts,FlawlessFlatbreads,1943107
2026-07-01T08:00:02.624397,2026-07-01T08:00:02.631215+00:00,81.1,1,bid,Kelvin Chan,EarnestEspressos,1943110
2026-07-01T08:00:04.301280,2026-07-01T08:00:04.311375+00:00,81.1,100,bid,DiligentDonuts,EarnestEspressos,1943148
2026-07-01T08:00:06.274043,2026-07-01T08:00:06.283387+00:00,81.3,2,bid,CostlyCorianders,Kelvin Chan,1943201
2026-07-01T08:00:06.274043,2026-07-01T08:00:06.283387+00:00,81.5,10,bid,CostlyCorianders,Zijun Feng,1943202
2026-07-01T08:00:06.274043,2026-07-01T08:00:06.283387+00:00,81.6,30,bid,CostlyCorianders,DiligentDonuts,1943203
2026-07-01T08:00:07.227394,2026-07-01T08:00:07.234032+00:00,81.5,10,bid,CostlyCorianders,Zijun Feng,1943222
2026-07-01T08:00:07.227394,2026-07-01T08:00:07.234032+00:00,81.6,39,bid,CostlyCorianders,DiligentDonuts,1943223
2026-07-01T08:00:08.260048,2026-07-01T08:00:08.265038+00:00,81.1,47,ask,EarnestEspressos,CostlyCorianders,1943258
2026-07-01T08:00:09.679310,2026-07-01T08:00:09.685890+00:00,81.3,6,bid,CostlyCorianders,Kelvin Chan,1943288
2026-07-01T08:00:09.679310,2026-07-01T08:00:09.685890+00:00,81.4,36,bid,CostlyCorianders,DiligentDonuts,1943289
2026-07-01T08:00:11.503305,2026-07-01T08:00:11.507471+00:00,81.0,10,ask,DiligentDonuts,Xuanyu Liu,1943336
2026-07-01T08:00:12.996959,2026-07-01T08:00:12.999020+00:00,81.0,50,ask,DiligentDonuts,FlawlessFlatbreads,1943374
2026-07-01T08:00:15.052785,2026-07-01T08:00:15.056161+00:00,81.0,50,bid,FlawlessFlatbreads,DiligentDonuts,1943417
2026-07-01T08:00:16.594141,2026-07-01T08:00:16.605403+00:00,81.0,46,bid,CostlyCorianders,DiligentDonuts,1943454
2026-07-01T08:00:17.159632,2026-07-01T08:00:17.166095+00:00,81.1,50,bid,FlawlessFlatbreads,EarnestEspressos,1943475
2026-07-01T08:00:18.971768,2026-07-01T08:00:18.980126+00:00,80.9,1,ask,Kelvin Chan,CostlyCorianders,1943515
2026-07-01T08:00:18.971768,2026-07-01T08:00:18.980126+00:00,80.9,43,ask,DiligentDonuts,CostlyCorianders,1943516
2026-07-01T08:00:21.370068,2026-07-01T08:00:21.375585+00:00,81.3,2,bid,FlawlessFlatbreads,Kelvin Chan,1943575
2026-07-01T08:00:21.370068,2026-07-01T08:00:21.375585+00:00,81.4,48,bid,FlawlessFlatbreads,DiligentDonuts,1943576
2026-07-01T08:00:25.002315,2026-07-01T08:00:25.012119+00:00,81.0,1,ask,Kelvin Chan,CostlyCorianders,1943660
2026-07-01T08:00:25.002315,2026-07-01T08:00:25.012119+00:00,80.8,41,ask,DiligentDonuts,CostlyCorianders,1943661
2026-07-01T08:00:25.582740,2026-07-01T08:00:25.593899+00:00,81.3,3,bid,FlawlessFlatbreads,Kelvin Chan,1943674
2026-07-01T08:00:25.582740,2026-07-01T08:00:25.593899+00:00,81.3,47,bid,FlawlessFlatbreads,DiligentDonuts,1943675
2026-07-01T08:00:27.691627,2026-07-01T08:00:27.697563+00:00,81.2,10,bid,FlawlessFlatbreads,Zijun Feng,1943737
2026-07-01T08:00:27.691627,2026-07-01T08:00:27.697563+00:00,81.3,3,bid,FlawlessFlatbreads,Kelvin Chan,1943738
2026-07-01T08:00:27.691627,2026-07-01T08:00:27.697563+00:00,81.4,37,bid,FlawlessFlatbreads,EarnestEspressos,1943739
2026-07-01T08:00:28.330234,2026-07-01T08:00:28.339757+00:00,81.0,2,ask,Kelvin Chan,CostlyCorianders,1943752
2026-07-01T08:00:28.330234,2026-07-01T08:00:28.339757+00:00,81.0,45,ask,DiligentDonuts,CostlyCorianders,1943753
2026-07-01T08:00:29.801471,2026-07-01T08:00:29.804851+00:00,81.4,50,bid,FlawlessFlatbreads,EarnestEspressos,1943794
2026-07-01T08:00:30.281504,2026-07-01T08:00:30.290707+00:00,81.4,41,bid,CostlyCorianders,EarnestEspressos,1943803
2026-07-01T08:00:30.752935,2026-07-01T08:00:30.756359+00:00,81.3,6,bid,EarnestEspressos,Kelvin Chan,1943818
2026-07-01T08:00:30.752935,2026-07-01T08:00:30.766772+00:00,81.4,100,bid,EarnestEspressos,DiligentDonuts,1943819
2026-07-01T08:00:30.825021,2026-07-01T08:00:30.829401+00:00,81.5,3,ask,EarnestEspressos,Xuanyu Liu,1943823
2026-07-01T08:00:30.866079,2026-07-01T08:00:30.871195+00:00,81.5,2,ask,EarnestEspressos,Eric Deng,1943825
2026-07-01T08:00:31.261619,2026-07-01T08:00:31.276696+00:00,81.5,39,ask,EarnestEspressos,CostlyCorianders,1943833
2026-07-01T08:00:31.911626,2026-07-01T08:00:31.920828+00:00,82.0,50,bid,FlawlessFlatbreads,EarnestEspressos,1943848
2026-07-01T08:00:32.527674,2026-07-01T08:00:32.531665+00:00,81.3,1,bid,Xuanyu Liu,Kelvin Chan,1943858
2026-07-01T08:00:32.600017,2026-07-01T08:00:32.603707+00:00,81.3,1,bid,Xuanyu Liu,Kelvin Chan,1943864
2026-07-01T08:00:34.018435,2026-07-01T08:00:34.027605+00:00,81.6,10,bid,FlawlessFlatbreads,Zijun Feng,1943898
2026-07-01T08:00:34.018435,2026-07-01T08:00:34.027605+00:00,81.6,40,bid,FlawlessFlatbreads,EarnestEspressos,1943899
2026-07-01T08:00:34.865254,2026-07-01T08:00:34.869329+00:00,81.4,1,bid,Xuanyu Liu,Kelvin Chan,1943910
2026-07-01T08:00:35.202285,2026-07-01T08:00:35.206367+00:00,81.4,1,bid,Xuanyu Liu,Kelvin Chan,1943930
2026-07-01T08:00:35.259226,2026-07-01T08:00:35.268719+00:00,81.6,2,bid,Eric Deng,EarnestEspressos,1943933
2026-07-01T08:00:35.951515,2026-07-01T08:00:35.959103+00:00,81.6,100,bid,DiligentDonuts,EarnestEspressos,1943953
2026-07-01T08:00:36.088767,2026-07-01T08:00:36.106710+00:00,81.4,5,bid,CostlyCorianders,Kelvin Chan,1943958
2026-07-01T08:00:36.088767,2026-07-01T08:00:36.106710+00:00,81.6,8,bid,CostlyCorianders,EarnestEspressos,1943959
2026-07-01T08:00:36.088767,2026-07-01T08:00:36.106710+00:00,82.2,28,bid,CostlyCorianders,DiligentDonuts,1943960
2026-07-01T08:00:36.127649,2026-07-01T08:00:36.138251+00:00,82.2,50,bid,FlawlessFlatbreads,DiligentDonuts,1943963
2026-07-01T08:00:37.090573,2026-07-01T08:00:37.094900+00:00,82.0,6,ask,EarnestEspressos,Chester Au,1943987
2026-07-01T08:00:37.096827,2026-07-01T08:00:37.165752+00:00,82.0,6,ask,EarnestEspressos,Xuanyu Liu,1943988
2026-07-01T08:00:37.117255,2026-07-01T08:00:37.165752+00:00,82.0,138,ask,EarnestEspressos,Chester Au,1943990
2026-07-01T08:00:38.076829,2026-07-01T08:00:38.085718+00:00,81.5,4,bid,Chester Au,Kelvin Chan,1944012
2026-07-01T08:00:38.095514,2026-07-01T08:00:38.106522+00:00,81.2,3,ask,Kelvin Chan,CostlyCorianders,1944014
2026-07-01T08:00:38.235196,2026-07-01T08:00:38.240583+00:00,82.2,22,bid,FlawlessFlatbreads,DiligentDonuts,1944015
2026-07-01T08:00:39.116061,2026-07-01T08:00:39.122905+00:00,81.5,2,bid,DiligentDonuts,Kelvin Chan,1944047
2026-07-01T08:00:39.327171,2026-07-01T08:00:39.329401+00:00,81.6,3,ask,DiligentDonuts,Kelvin Chan,1944054
2026-07-01T08:00:40.343299,2026-07-01T08:00:40.346062+00:00,82.0,50,bid,FlawlessFlatbreads,EarnestEspressos,1944079
2026-07-01T08:00:40.676997,2026-07-01T08:00:40.686418+00:00,81.6,44,ask,DiligentDonuts,CostlyCorianders,1944086
2026-07-01T08:00:42.501835,2026-07-01T08:00:42.510605+00:00,81.5,50,ask,EarnestEspressos,FlawlessFlatbreads,1944120
2026-07-01T08:00:44.384108,2026-07-01T08:00:44.388614+00:00,81.7,15,bid,Xuanyu Liu,DiligentDonuts,1944157
2026-07-01T08:00:46.665472,2026-07-01T08:00:46.668081+00:00,81.7,2,bid,FlawlessFlatbreads,Kelvin Chan,1944196
2026-07-01T08:00:46.665472,2026-07-01T08:00:46.678472+00:00,81.9,48,bid,FlawlessFlatbreads,DiligentDonuts,1944197
2026-07-01T08:00:46.702021,2026-07-01T08:00:46.709542+00:00,81.9,43,bid,CostlyCorianders,DiligentDonuts,1944198
2026-07-01T08:00:47.764555,2026-07-01T08:00:47.774054+00:00,81.5,40,ask,EarnestEspressos,CostlyCorianders,1944218
2026-07-01T08:00:48.228810,2026-07-01T08:00:48.240116+00:00,81.5,47,ask,EarnestEspressos,CostlyCorianders,1944224
2026-07-01T08:00:48.826125,2026-07-01T08:00:48.833011+00:00,81.7,50,ask,DiligentDonuts,FlawlessFlatbreads,1944231
2026-07-01T08:00:49.798241,2026-07-01T08:00:49.810171+00:00,81.7,50,ask,DiligentDonuts,EarnestEspressos,1944264
2026-07-01T08:00:52.226527,2026-07-01T08:00:52.238290+00:00,81.6,45,bid,CostlyCorianders,EarnestEspressos,1944302
2026-07-01T08:00:53.039917,2026-07-01T08:00:53.044433+00:00,81.6,50,ask,EarnestEspressos,FlawlessFlatbreads,1944316
2026-07-01T08:00:54.666991,2026-07-01T08:00:54.671326+00:00,81.6,41,ask,EarnestEspressos,CostlyCorianders,1944352
2026-07-01T08:00:55.146626,2026-07-01T08:00:55.158251+00:00,81.6,50,ask,EarnestEspressos,FlawlessFlatbreads,1944358
2026-07-01T08:00:56.131267,2026-07-01T08:00:56.141126+00:00,81.5,5,ask,Kelvin Chan,EarnestEspressos,1944373
2026-07-01T08:00:56.131267,2026-07-01T08:00:56.141126+00:00,81.3,100,ask,DiligentDonuts,EarnestEspressos,1944374
2026-07-01T08:00:56.145617,2026-07-01T08:00:56.151502+00:00,81.2,45,bid,Chester Au,EarnestEspressos,1944376
2026-07-01T08:00:57.202549,2026-07-01T08:00:57.205304+00:00,81.8,50,bid,FlawlessFlatbreads,DiligentDonuts,1944397
2026-07-01T08:00:58.902082,2026-07-01T08:00:58.907038+00:00,81.7,43,bid,CostlyCorianders,DiligentDonuts,1944431
2026-07-01T08:00:59.336614,2026-07-01T08:00:59.342947+00:00,81.7,50,bid,FlawlessFlatbreads,DiligentDonuts,1944441
2026-07-01T08:01:01.447815,2026-07-01T08:01:01.454872+00:00,82.1,50,bid,FlawlessFlatbreads,EarnestEspressos,1944492
2026-07-01T08:01:02.761265,2026-07-01T08:01:02.768436+00:00,81.8,105,ask,EarnestEspressos,Chester Au,1944516
2026-07-01T08:01:02.764529,2026-07-01T08:01:02.768436+00:00,81.8,26,ask,EarnestEspressos,Xuanyu Liu,1944517
2026-07-01T08:01:02.947569,2026-07-01T08:01:02.955086+00:00,81.8,19,ask,EarnestEspressos,Eric Deng,1944526
2026-07-01T08:01:03.065954,2026-07-01T08:01:03.068741+00:00,82.1,43,bid,CostlyCorianders,DiligentDonuts,1944528
2026-07-01T08:01:03.197951,2026-07-01T08:01:03.204200+00:00,81.6,68,ask,DiligentDonuts,Eric Deng,1944538
2026-07-01T08:01:03.589952,2026-07-01T08:01:03.599611+00:00,82.1,50,bid,FlawlessFlatbreads,DiligentDonuts,1944558
2026-07-01T08:01:04.130542,2026-07-01T08:01:04.140783+00:00,81.6,32,ask,DiligentDonuts,CostlyCorianders,1944566
2026-07-01T08:01:04.130542,2026-07-01T08:01:04.140783+00:00,81.4,3,ask,Kelvin Chan,CostlyCorianders,1944567
2026-07-01T08:01:04.512298,2026-07-01T08:01:04.516792+00:00,81.8,2,bid,Xuanyu Liu,Kelvin Chan,1944578
2026-07-01T08:01:04.636458,2026-07-01T08:01:04.640215+00:00,81.8,2,bid,Xuanyu Liu,Kelvin Chan,1944580
2026-07-01T08:01:05.330570,2026-07-01T08:01:05.333298+00:00,81.6,47,ask,DiligentDonuts,CostlyCorianders,1944592
2026-07-01T08:01:05.349895,2026-07-01T08:01:05.353852+00:00,81.9,1,bid,Xuanyu Liu,Kelvin Chan,1944594
2026-07-01T08:01:05.621355,2026-07-01T08:01:05.643804+00:00,81.6,53,ask,DiligentDonuts,EarnestEspressos,1944602
2026-07-01T08:01:05.639657,2026-07-01T08:01:05.643804+00:00,81.6,21,bid,Xuanyu Liu,EarnestEspressos,1944604
2026-07-01T08:01:05.695904,2026-07-01T08:01:05.705360+00:00,81.6,50,bid,FlawlessFlatbreads,EarnestEspressos,1944605
2026-07-01T08:01:07.859179,2026-07-01T08:01:07.862280+00:00,81.5,3,ask,Kelvin Chan,FlawlessFlatbreads,1944663
2026-07-01T08:01:08.050672,2026-07-01T08:01:08.059967+00:00,81.6,26,bid,Eric Deng,EarnestEspressos,1944675
2026-07-01T08:01:08.413363,2026-07-01T08:01:08.423035+00:00,81.7,49,bid,CostlyCorianders,DiligentDonuts,1944680
2026-07-01T08:01:08.730372,2026-07-01T08:01:08.745565+00:00,81.7,51,bid,EarnestEspressos,DiligentDonuts,1944683
2026-07-01T08:01:08.806330,2026-07-01T08:01:08.810432+00:00,81.8,3,ask,EarnestEspressos,Xuanyu Liu,1944687
2026-07-01T08:01:08.927670,2026-07-01T08:01:08.934783+00:00,81.8,96,ask,EarnestEspressos,Eric Deng,1944690
2026-07-01T08:01:12.098597,2026-07-01T08:01:12.104368+00:00,81.3,50,ask,DiligentDonuts,FlawlessFlatbreads,1944774
2026-07-01T08:01:12.477030,2026-07-01T08:01:12.486779+00:00,81.3,44,ask,DiligentDonuts,CostlyCorianders,1944778
2026-07-01T08:01:13.069927,2026-07-01T08:01:13.075261+00:00,81.4,47,bid,CostlyCorianders,EarnestEspressos,1944791
2026-07-01T08:01:13.237705,2026-07-01T08:01:13.242402+00:00,81.4,3,bid,Xuanyu Liu,EarnestEspressos,1944797
2026-07-01T08:01:13.647640,2026-07-01T08:01:13.657636+00:00,81.4,44,bid,CostlyCorianders,EarnestEspressos,1944806
2026-07-01T08:01:14.154571,2026-07-01T08:01:14.166453+00:00,81.4,50,bid,FlawlessFlatbreads,EarnestEspressos,1944819
2026-07-01T08:01:14.839411,2026-07-01T08:01:14.850095+00:00,81.0,45,ask,DiligentDonuts,CostlyCorianders,1944846
2026-07-01T08:01:15.874007,2026-07-01T08:01:15.882604+00:00,81.3,43,ask,EarnestEspressos,Eric Deng,1944866
2026-07-01T08:01:15.878385,2026-07-01T08:01:15.882604+00:00,81.3,3,ask,EarnestEspressos,Xuanyu Liu,1944867
2026-07-01T08:01:15.885708,2026-07-01T08:01:15.893099+00:00,81.5,48,bid,CostlyCorianders,DiligentDonuts,1944868
2026-07-01T08:01:16.289864,2026-07-01T08:01:16.296444+00:00,81.5,50,bid,FlawlessFlatbreads,DiligentDonuts,1944877
2026-07-01T08:01:17.112188,2026-07-01T08:01:17.123809+00:00,81.3,25,ask,EarnestEspressos,Jessica Xu,1944891
2026-07-01T08:01:18.399303,2026-07-01T08:01:18.408610+00:00,81.4,50,bid,FlawlessFlatbreads,DiligentDonuts,1944916
2026-07-01T08:01:20.535089,2026-07-01T08:01:20.547019+00:00,81.6,50,bid,FlawlessFlatbreads,EarnestEspressos,1944951
2026-07-01T08:01:22.642773,2026-07-01T08:01:22.646904+00:00,81.5,10,bid,FlawlessFlatbreads,Zijun Feng,1945003
2026-07-01T08:01:22.642773,2026-07-01T08:01:22.657290+00:00,81.6,40,bid,FlawlessFlatbreads,EarnestEspressos,1945004
2026-07-01T08:01:24.752722,2026-07-01T08:01:24.758348+00:00,81.6,50,bid,FlawlessFlatbreads,DiligentDonuts,1945051
2026-07-01T08:01:25.357231,2026-07-01T08:01:25.368420+00:00,81.3,44,ask,EarnestEspressos,CostlyCorianders,1945065
2026-07-01T08:01:26.860695,2026-07-01T08:01:26.869315+00:00,81.6,7,bid,FlawlessFlatbreads,Kelvin Chan,1945095
2026-07-01T08:01:26.860695,2026-07-01T08:01:26.869315+00:00,81.6,10,bid,FlawlessFlatbreads,Zijun Feng,1945096
2026-07-01T08:01:26.860695,2026-07-01T08:01:26.869315+00:00,81.7,33,bid,FlawlessFlatbreads,DiligentDonuts,1945097
2026-07-01T08:01:28.991246,2026-07-01T08:01:29.000755+00:00,81.5,50,bid,FlawlessFlatbreads,EarnestEspressos,1945143
2026-07-01T08:01:30.064508,2026-07-01T08:01:30.081815+00:00,81.2,48,ask,DiligentDonuts,CostlyCorianders,1945166
2026-07-01T08:01:32.937308,2026-07-01T08:01:32.943068+00:00,81.3,3,ask,Kelvin Chan,Xuanyu Liu,1945226
2026-07-01T08:01:32.937308,2026-07-01T08:01:32.943068+00:00,81.3,8,ask,EarnestEspressos,Xuanyu Liu,1945227
2026-07-01T08:01:33.719350,2026-07-01T08:01:33.724855+00:00,81.3,4,ask,EarnestEspressos,Aaron Tian,1945243
2026-07-01T08:01:35.363124,2026-07-01T08:01:35.372772+00:00,81.3,3,ask,Kelvin Chan,FlawlessFlatbreads,1945283
2026-07-01T08:01:35.363124,2026-07-01T08:01:35.372772+00:00,81.2,47,ask,DiligentDonuts,FlawlessFlatbreads,1945284
2026-07-01T08:01:35.499104,2026-07-01T08:01:35.507547+00:00,81.6,1,bid,CostlyCorianders,Kelvin Chan,1945286
2026-07-01T08:01:35.499104,2026-07-01T08:01:35.507547+00:00,81.6,41,bid,CostlyCorianders,EarnestEspressos,1945287
2026-07-01T08:01:36.110755,2026-07-01T08:01:36.119479+00:00,81.1,40,ask,EarnestEspressos,CostlyCorianders,1945308
2026-07-01T08:01:36.125466,2026-07-01T08:01:36.140666+00:00,81.3,4,ask,Kelvin Chan,DiligentDonuts,1945309
2026-07-01T08:01:36.257905,2026-07-01T08:01:36.264845+00:00,81.3,5,bid,Kelvin Chan,DiligentDonuts,1945318
2026-07-01T08:01:37.141217,2026-07-01T08:01:37.144745+00:00,81.1,25,ask,EarnestEspressos,Jessica Xu,1945338
2026-07-01T08:01:37.267153,2026-07-01T08:01:37.278974+00:00,81.3,4,bid,Kelvin Chan,DiligentDonuts,1945344
2026-07-01T08:01:37.476198,2026-07-01T08:01:37.484638+00:00,80.9,50,ask,EarnestEspressos,FlawlessFlatbreads,1945354
2026-07-01T08:01:39.584503,2026-07-01T08:01:39.589417+00:00,80.9,50,ask,EarnestEspressos,FlawlessFlatbreads,1945407
2026-07-01T08:01:40.497628,2026-07-01T08:01:40.503496+00:00,81.3,4,bid,Xuanyu Liu,EarnestEspressos,1945425
2026-07-01T08:01:41.462991,2026-07-01T08:01:41.475408+00:00,81.3,49,bid,CostlyCorianders,EarnestEspressos,1945448
2026-07-01T08:01:41.692304,2026-07-01T08:01:41.702630+00:00,80.9,50,ask,DiligentDonuts,FlawlessFlatbreads,1945452
2026-07-01T08:01:42.024275,2026-07-01T08:01:42.033644+00:00,81.3,45,bid,CostlyCorianders,EarnestEspressos,1945465
2026-07-01T08:01:42.086238,2026-07-01T08:01:42.096101+00:00,80.9,46,ask,DiligentDonuts,CostlyCorianders,1945469
2026-07-01T08:01:42.464360,2026-07-01T08:01:42.468688+00:00,81.2,11,bid,Xuanyu Liu,DiligentDonuts,1945485
2026-07-01T08:01:43.615519,2026-07-01T08:01:43.622944+00:00,81.1,4,ask,Kelvin Chan,CostlyCorianders,1945501
2026-07-01T08:01:43.615519,2026-07-01T08:01:43.622944+00:00,81.1,37,ask,EarnestEspressos,CostlyCorianders,1945502
2026-07-01T08:01:43.802041,2026-07-01T08:01:43.808752+00:00,81.1,50,ask,EarnestEspressos,FlawlessFlatbreads,1945503
2026-07-01T08:01:45.909630,2026-07-01T08:01:45.920248+00:00,81.1,50,ask,EarnestEspressos,FlawlessFlatbreads,1945562
2026-07-01T08:01:47.370382,2026-07-01T08:01:47.374451+00:00,81.2,3,bid,Xuanyu Liu,EarnestEspressos,1945602
2026-07-01T08:01:48.016879,2026-07-01T08:01:48.021586+00:00,81.0,2,ask,Kelvin Chan,FlawlessFlatbreads,1945626
2026-07-01T08:01:48.016879,2026-07-01T08:01:48.021586+00:00,81.0,10,ask,Zijun Feng,FlawlessFlatbreads,1945627
2026-07-01T08:01:48.016879,2026-07-01T08:01:48.031841+00:00,80.8,38,ask,DiligentDonuts,FlawlessFlatbreads,1945628
2026-07-01T08:01:48.524183,2026-07-01T08:01:48.526383+00:00,81.2,49,bid,CostlyCorianders,EarnestEspressos,1945643
2026-07-01T08:01:50.126657,2026-07-01T08:01:50.134586+00:00,80.8,50,ask,DiligentDonuts,FlawlessFlatbreads,1945693
2026-07-01T08:01:51.083548,2026-07-01T08:01:51.089117+00:00,80.8,44,ask,DiligentDonuts,CostlyCorianders,1945709
2026-07-01T08:01:51.559443,2026-07-01T08:01:51.563877+00:00,81.3,1,bid,CostlyCorianders,Kelvin Chan,1945730
2026-07-01T08:01:51.559443,2026-07-01T08:01:51.574268+00:00,81.3,40,bid,CostlyCorianders,DiligentDonuts,1945731
2026-07-01T08:01:52.084934,2026-07-01T08:01:52.090306+00:00,81.0,100,bid,Eric Deng,DiligentDonuts,1945736
2026-07-01T08:01:52.233325,2026-07-01T08:01:52.245007+00:00,80.8,50,ask,EarnestEspressos,FlawlessFlatbreads,1945741
2026-07-01T08:01:53.518228,2026-07-01T08:01:53.522823+00:00,80.9,41,bid,CostlyCorianders,EarnestEspressos,1945763
2026-07-01T08:01:53.842451,2026-07-01T08:01:53.853320+00:00,80.9,1,bid,Kelvin Chan,EarnestEspressos,1945767
2026-07-01T08:01:53.984080,2026-07-01T08:01:53.987428+00:00,80.9,1,bid,Kelvin Chan,EarnestEspressos,1945772
2026-07-01T08:01:54.010209,2026-07-01T08:01:54.018460+00:00,80.9,1,bid,Kelvin Chan,EarnestEspressos,1945773
2026-07-01T08:01:54.057730,2026-07-01T08:01:54.060027+00:00,80.6,10,ask,Zijun Feng,CostlyCorianders,1945779
2026-07-01T08:01:54.057730,2026-07-01T08:01:54.070357+00:00,80.5,32,ask,DiligentDonuts,CostlyCorianders,1945780
2026-07-01T08:01:54.124383,2026-07-01T08:01:54.131978+00:00,80.9,1,bid,Kelvin Chan,EarnestEspressos,1945782
2026-07-01T08:01:54.183647,2026-07-01T08:01:54.194767+00:00,80.9,1,bid,Kelvin Chan,EarnestEspressos,1945785
2026-07-01T08:01:54.339903,2026-07-01T08:01:54.350262+00:00,80.5,50,ask,DiligentDonuts,FlawlessFlatbreads,1945794
2026-07-01T08:01:55.274415,2026-07-01T08:01:55.289553+00:00,80.9,46,bid,CostlyCorianders,EarnestEspressos,1945821
2026-07-01T08:01:55.435037,2026-07-01T08:01:55.445512+00:00,80.9,58,bid,Eric Deng,EarnestEspressos,1945826
2026-07-01T08:01:55.435037,2026-07-01T08:01:55.445512+00:00,80.9,42,bid,Eric Deng,DiligentDonuts,1945827
2026-07-01T08:01:56.235171,2026-07-01T08:01:56.239051+00:00,80.9,58,bid,EarnestEspressos,DiligentDonuts,1945850
2026-07-01T08:01:56.446742,2026-07-01T08:01:56.455820+00:00,81.1,50,ask,EarnestEspressos,FlawlessFlatbreads,1945857
2026-07-01T08:01:57.347627,2026-07-01T08:01:57.352915+00:00,81.1,41,ask,EarnestEspressos,CostlyCorianders,1945881
2026-07-01T08:01:58.553286,2026-07-01T08:01:58.559996+00:00,81.1,1,ask,EarnestEspressos,FlawlessFlatbreads,1945896
2026-07-01T08:01:58.553286,2026-07-01T08:01:58.559996+00:00,80.8,5,ask,Kelvin Chan,FlawlessFlatbreads,1945897
2026-07-01T08:01:58.553286,2026-07-01T08:01:58.559996+00:00,80.8,44,ask,DiligentDonuts,FlawlessFlatbreads,1945898
2026-07-01T08:01:59.034683,2026-07-01T08:01:59.047041+00:00,81.3,45,bid,CostlyCorianders,DiligentDonuts,1945904
2026-07-01T08:01:59.639836,2026-07-01T08:01:59.648490+00:00,80.9,47,bid,CostlyCorianders,EarnestEspressos,1945933
2026-07-01T08:02:00.481561,2026-07-01T08:02:00.488262+00:00,80.9,103,bid,Chester Au,EarnestEspressos,1945947
2026-07-01T08:02:00.663155,2026-07-01T08:02:00.673648+00:00,80.8,50,ask,DiligentDonuts,FlawlessFlatbreads,1945950
2026-07-01T08:02:01.168187,2026-07-01T08:02:01.170966+00:00,80.8,6,ask,DiligentDonuts,CostlyCorianders,1945963
2026-07-01T08:02:01.168187,2026-07-01T08:02:01.181368+00:00,80.4,43,ask,EarnestEspressos,CostlyCorianders,1945964
2026-07-01T08:02:02.771547,2026-07-01T08:02:02.774799+00:00,81.0,50,ask,EarnestEspressos,FlawlessFlatbreads,1946003
2026-07-01T08:02:04.876988,2026-07-01T08:02:04.880959+00:00,81.0,50,ask,EarnestEspressos,FlawlessFlatbreads,1946053
2026-07-01T08:02:07.977270,2026-07-01T08:02:07.986641+00:00,80.7,43,ask,EarnestEspressos,CostlyCorianders,1946104
2026-07-01T08:02:09.037553,2026-07-01T08:02:09.046244+00:00,80.9,50,bid,FlawlessFlatbreads,EarnestEspressos,1946139
2026-07-01T08:02:09.468141,2026-07-01T08:02:09.477852+00:00,80.9,47,bid,CostlyCorianders,EarnestEspressos,1946143
2026-07-01T08:02:10.601643,2026-07-01T08:02:10.609109+00:00,80.9,47,bid,CostlyCorianders,EarnestEspressos,1946171
2026-07-01T08:02:11.150174,2026-07-01T08:02:11.154981+00:00,80.6,42,ask,DiligentDonuts,CostlyCorianders,1946177
2026-07-01T08:02:12.156758,2026-07-01T08:02:12.161914+00:00,80.9,42,ask,EarnestEspressos,CostlyCorianders,1946201
2026-07-01T08:02:13.788707,2026-07-01T08:02:13.790633+00:00,80.9,40,ask,EarnestEspressos,CostlyCorianders,1946234
2026-07-01T08:02:14.407878,2026-07-01T08:02:14.417782+00:00,81.0,46,bid,CostlyCorianders,DiligentDonuts,1946243
2026-07-01T08:02:15.389193,2026-07-01T08:02:15.395128+00:00,81.0,50,bid,FlawlessFlatbreads,DiligentDonuts,1946273
2026-07-01T08:02:15.855347,2026-07-01T08:02:15.857376+00:00,81.0,4,bid,Chester Au,DiligentDonuts,1946291
2026-07-01T08:02:15.925142,2026-07-01T08:02:15.929598+00:00,81.1,2,bid,CostlyCorianders,Kelvin Chan,1946293
2026-07-01T08:02:15.925142,2026-07-01T08:02:15.929598+00:00,81.2,39,bid,CostlyCorianders,EarnestEspressos,1946294
2026-07-01T08:02:17.439684,2026-07-01T08:02:17.443889+00:00,80.8,1,ask,Kelvin Chan,CostlyCorianders,1946334
2026-07-01T08:02:17.439684,2026-07-01T08:02:17.443889+00:00,80.8,45,ask,DiligentDonuts,CostlyCorianders,1946335
2026-07-01T08:02:17.937667,2026-07-01T08:02:17.948749+00:00,80.8,44,ask,DiligentDonuts,CostlyCorianders,1946350
2026-07-01T08:02:19.631988,2026-07-01T08:02:19.644596+00:00,81.1,2,bid,CostlyCorianders,Kelvin Chan,1946380
2026-07-01T08:02:19.631988,2026-07-01T08:02:19.644596+00:00,81.2,42,bid,CostlyCorianders,EarnestEspressos,1946381
2026-07-01T08:02:19.650338,2026-07-01T08:02:19.654987+00:00,80.8,11,ask,DiligentDonuts,FlawlessFlatbreads,1946382
2026-07-01T08:02:19.650338,2026-07-01T08:02:19.654987+00:00,80.8,3,ask,Kelvin Chan,FlawlessFlatbreads,1946383
2026-07-01T08:02:19.650338,2026-07-01T08:02:19.665436+00:00,80.7,36,ask,EarnestEspressos,FlawlessFlatbreads,1946384
2026-07-01T08:02:20.154291,2026-07-01T08:02:20.159119+00:00,80.7,46,ask,EarnestEspressos,CostlyCorianders,1946394
2026-07-01T08:02:21.515915,2026-07-01T08:02:21.519545+00:00,81.0,93,bid,Chester Au,DiligentDonuts,1946430
2026-07-01T08:02:21.664907,2026-07-01T08:02:21.674189+00:00,81.0,7,bid,CostlyCorianders,DiligentDonuts,1946437
2026-07-01T08:02:21.664907,2026-07-01T08:02:21.674189+00:00,81.1,39,bid,CostlyCorianders,EarnestEspressos,1946438
2026-07-01T08:02:21.711192,2026-07-01T08:02:21.715588+00:00,81.1,50,bid,FlawlessFlatbreads,EarnestEspressos,1946439
2026-07-01T08:02:22.203269,2026-07-01T08:02:22.211230+00:00,81.1,25,bid,Jessica Xu,EarnestEspressos,1946448
2026-07-01T08:02:23.674696,2026-07-01T08:02:23.680631+00:00,81.1,36,bid,CostlyCorianders,EarnestEspressos,1946468
2026-07-01T08:02:23.674696,2026-07-01T08:02:23.680631+00:00,81.1,4,bid,CostlyCorianders,Kelvin Chan,1946469
2026-07-01T08:02:23.818120,2026-07-01T08:02:23.825247+00:00,81.1,1,bid,FlawlessFlatbreads,Kelvin Chan,1946473
2026-07-01T08:02:24.692694,2026-07-01T08:02:24.704528+00:00,80.7,42,ask,DiligentDonuts,CostlyCorianders,1946497
2026-07-01T08:02:24.699800,2026-07-01T08:02:24.704528+00:00,81.1,6,bid,EarnestEspressos,Kelvin Chan,1946498
2026-07-01T08:02:24.699800,2026-07-01T08:02:24.704528+00:00,81.2,100,bid,EarnestEspressos,DiligentDonuts,1946499
2026-07-01T08:02:24.722176,2026-07-01T08:02:24.725276+00:00,81.3,6,ask,EarnestEspressos,Kelvin Chan,1946501
2026-07-01T08:02:24.773391,2026-07-01T08:02:24.777877+00:00,81.3,3,ask,EarnestEspressos,Xuanyu Liu,1946503
2026-07-01T08:02:24.811916,2026-07-01T08:02:24.819108+00:00,81.3,35,ask,EarnestEspressos,Eric Deng,1946505
2026-07-01T08:02:25.114090,2026-07-01T08:02:25.118135+00:00,81.1,3,bid,Xuanyu Liu,Kelvin Chan,1946511
2026-07-01T08:02:25.790332,2026-07-01T08:02:25.800114+00:00,81.1,2,bid,CostlyCorianders,Kelvin Chan,1946517
2026-07-01T08:02:25.927839,2026-07-01T08:02:25.934415+00:00,81.1,6,bid,FlawlessFlatbreads,Kelvin Chan,1946521
2026-07-01T08:02:28.035175,2026-07-01T08:02:28.039294+00:00,81.0,50,bid,FlawlessFlatbreads,EarnestEspressos,1946572
2026-07-01T08:02:28.217255,2026-07-01T08:02:28.225498+00:00,81.0,42,bid,CostlyCorianders,EarnestEspressos,1946579
2026-07-01T08:02:30.208861,2026-07-01T08:02:30.215230+00:00,80.7,50,ask,DiligentDonuts,FlawlessFlatbreads,1946608
2026-07-01T08:02:32.345597,2026-07-01T08:02:32.356548+00:00,80.7,50,ask,DiligentDonuts,FlawlessFlatbreads,1946655
2026-07-01T08:02:34.402250,2026-07-01T08:02:34.414152+00:00,80.9,50,bid,FlawlessFlatbreads,DiligentDonuts,1946692
2026-07-01T08:02:35.113147,2026-07-01T08:02:35.122496+00:00,80.8,47,ask,EarnestEspressos,CostlyCorianders,1946708
2026-07-01T08:02:36.566042,2026-07-01T08:02:36.576621+00:00,80.8,50,ask,EarnestEspressos,FlawlessFlatbreads,1946745
2026-07-01T08:02:38.693234,2026-07-01T08:02:38.699290+00:00,80.9,35,bid,Eric Deng,EarnestEspressos,1946799
2026-07-01T08:02:39.552386,2026-07-01T08:02:39.563794+00:00,80.8,49,ask,DiligentDonuts,CostlyCorianders,1946823
2026-07-01T08:02:40.779003,2026-07-01T08:02:40.787519+00:00,80.8,50,ask,DiligentDonuts,FlawlessFlatbreads,1946851
2026-07-01T08:02:42.801352,2026-07-01T08:02:42.805152+00:00,80.9,4,bid,Aaron Tian,DiligentDonuts,1946896
2026-07-01T08:02:42.886141,2026-07-01T08:02:42.897384+00:00,80.6,50,ask,EarnestEspressos,FlawlessFlatbreads,1946898
2026-07-01T08:02:44.993587,2026-07-01T08:02:45.003927+00:00,80.6,50,ask,EarnestEspressos,FlawlessFlatbreads,1946958
2026-07-01T08:02:47.101049,2026-07-01T08:02:47.106185+00:00,80.5,50,ask,DiligentDonuts,FlawlessFlatbreads,1946994
2026-07-01T08:02:47.231530,2026-07-01T08:02:47.239560+00:00,80.7,4,bid,Kelvin Chan,EarnestEspressos,1946997
2026-07-01T08:02:47.235200,2026-07-01T08:02:47.239560+00:00,80.7,25,bid,Jessica Xu,EarnestEspressos,1946998
2026-07-01T08:02:47.338876,2026-07-01T08:02:47.343062+00:00,80.7,3,bid,Kelvin Chan,EarnestEspressos,1947000
2026-07-01T08:02:47.555532,2026-07-01T08:02:47.559220+00:00,80.7,3,bid,Xuanyu Liu,EarnestEspressos,1947006
2026-07-01T08:02:49.160396,2026-07-01T08:02:49.173033+00:00,80.7,50,bid,FlawlessFlatbreads,EarnestEspressos,1947048
2026-07-01T08:02:50.038044,2026-07-01T08:02:50.043613+00:00,80.7,100,bid,EarnestEspressos,DiligentDonuts,1947067
2026-07-01T08:02:51.273845,2026-07-01T08:02:51.280276+00:00,80.9,2,bid,FlawlessFlatbreads,Kelvin Chan,1947096
2026-07-01T08:02:51.273845,2026-07-01T08:02:51.280276+00:00,81.2,48,bid,FlawlessFlatbreads,EarnestEspressos,1947097
2026-07-01T08:02:55.007029,2026-07-01T08:02:55.009134+00:00,81.0,45,bid,CostlyCorianders,EarnestEspressos,1947175
2026-07-01T08:02:55.489255,2026-07-01T08:02:55.494021+00:00,81.0,50,bid,FlawlessFlatbreads,EarnestEspressos,1947186
2026-07-01T08:02:56.640833,2026-07-01T08:02:56.646536+00:00,81.0,3,ask,EarnestEspressos,Kelvin Chan,1947203
2026-07-01T08:02:57.648753,2026-07-01T08:02:57.654103+00:00,81.0,50,ask,EarnestEspressos,FlawlessFlatbreads,1947226
2026-07-01T08:02:57.669225,2026-07-01T08:02:57.674922+00:00,81.0,3,ask,EarnestEspressos,Kelvin Chan,1947231
2026-07-01T08:02:58.318696,2026-07-01T08:02:58.322841+00:00,81.0,3,ask,EarnestEspressos,Xuanyu Liu,1947252
2026-07-01T08:02:59.640712,2026-07-01T08:02:59.646596+00:00,81.2,40,bid,CostlyCorianders,DiligentDonuts,1947277
2026-07-01T08:02:59.710226,2026-07-01T08:02:59.718363+00:00,81.1,3,bid,FlawlessFlatbreads,Kelvin Chan,1947281
2026-07-01T08:02:59.710226,2026-07-01T08:02:59.728692+00:00,81.2,47,bid,FlawlessFlatbreads,DiligentDonuts,1947282
2026-07-01T08:03:01.544952,2026-07-01T08:03:01.548728+00:00,81.1,1,bid,DiligentDonuts,Kelvin Chan,1947310
2026-07-01T08:03:03.058152,2026-07-01T08:03:03.067791+00:00,81.2,1,ask,DiligentDonuts,Kelvin Chan,1947344
2026-07-01T08:03:03.135664,2026-07-01T08:03:03.140680+00:00,81.2,1,ask,DiligentDonuts,Kelvin Chan,1947345
2026-07-01T08:03:03.176948,2026-07-01T08:03:03.182343+00:00,81.2,1,ask,DiligentDonuts,Kelvin Chan,1947346
2026-07-01T08:03:03.248425,2026-07-01T08:03:03.254797+00:00,81.2,1,ask,DiligentDonuts,Kelvin Chan,1947347
2026-07-01T08:03:03.741902,2026-07-01T08:03:03.748376+00:00,81.2,43,ask,DiligentDonuts,CostlyCorianders,1947359
2026-07-01T08:03:03.843397,2026-07-01T08:03:03.851240+00:00,81.2,1,ask,DiligentDonuts,Kelvin Chan,1947361
2026-07-01T08:03:03.922016,2026-07-01T08:03:03.933765+00:00,81.4,50,bid,FlawlessFlatbreads,EarnestEspressos,1947363
2026-07-01T08:03:04.063071,2026-07-01T08:03:04.066699+00:00,81.2,1,ask,DiligentDonuts,Kelvin Chan,1947364
2026-07-01T08:03:04.162212,2026-07-01T08:03:04.169461+00:00,81.2,1,ask,DiligentDonuts,Kelvin Chan,1947369
2026-07-01T08:03:04.255673,2026-07-01T08:03:04.261767+00:00,81.4,47,bid,CostlyCorianders,EarnestEspressos,1947372
2026-07-01T08:03:04.877299,2026-07-01T08:03:04.887780+00:00,81.4,49,bid,CostlyCorianders,EarnestEspressos,1947385
2026-07-01T08:03:05.871168,2026-07-01T08:03:05.875396+00:00,81.7,3,ask,EarnestEspressos,Xuanyu Liu,1947414
2026-07-01T08:03:06.028990,2026-07-01T08:03:06.039187+00:00,81.8,50,bid,FlawlessFlatbreads,DiligentDonuts,1947416
2026-07-01T08:03:07.227679,2026-07-01T08:03:07.231261+00:00,81.7,43,ask,EarnestEspressos,CostlyCorianders,1947446
2026-07-01T08:03:08.137362,2026-07-01T08:03:08.144461+00:00,82.0,50,bid,FlawlessFlatbreads,DiligentDonuts,1947457
2026-07-01T08:03:08.384500,2026-07-01T08:03:08.390568+00:00,81.7,47,ask,EarnestEspressos,CostlyCorianders,1947458
2026-07-01T08:03:09.920889,2026-07-01T08:03:09.930227+00:00,82.0,44,bid,CostlyCorianders,DiligentDonuts,1947483
2026-07-01T08:03:10.247876,2026-07-01T08:03:10.250015+00:00,82.0,6,bid,FlawlessFlatbreads,DiligentDonuts,1947494
2026-07-01T08:03:10.247876,2026-07-01T08:03:10.260341+00:00,82.0,44,bid,FlawlessFlatbreads,EarnestEspressos,1947495
2026-07-01T08:03:11.039138,2026-07-01T08:03:11.049992+00:00,82.0,100,bid,DiligentDonuts,EarnestEspressos,1947508
2026-07-01T08:03:11.046091,2026-07-01T08:03:11.049992+00:00,81.5,42,ask,EarnestEspressos,CostlyCorianders,1947509
2026-07-01T08:03:12.221910,2026-07-01T08:03:12.231326+00:00,81.7,100,ask,EarnestEspressos,Eric Deng,1947530
2026-07-01T08:03:12.261237,2026-07-01T08:03:12.272799+00:00,81.7,25,ask,EarnestEspressos,Eric Deng,1947531
2026-07-01T08:03:12.356148,2026-07-01T08:03:12.366109+00:00,81.9,10,bid,FlawlessFlatbreads,Zijun Feng,1947538
2026-07-01T08:03:12.356148,2026-07-01T08:03:12.366109+00:00,82.2,40,bid,FlawlessFlatbreads,EarnestEspressos,1947539
2026-07-01T08:03:12.452078,2026-07-01T08:03:12.458655+00:00,81.7,25,ask,EarnestEspressos,Jessica Xu,1947543
2026-07-01T08:03:14.464081,2026-07-01T08:03:14.467544+00:00,82.1,50,bid,FlawlessFlatbreads,DiligentDonuts,1947583
2026-07-01T08:03:16.623654,2026-07-01T08:03:16.627025+00:00,81.6,50,ask,DiligentDonuts,FlawlessFlatbreads,1947633
2026-07-01T08:03:18.735059,2026-07-01T08:03:18.738587+00:00,81.5,50,ask,DiligentDonuts,FlawlessFlatbreads,1947687
2026-07-01T08:03:21.903702,2026-07-01T08:03:21.915495+00:00,81.8,1,bid,CostlyCorianders,Kelvin Chan,1947755
2026-07-01T08:03:21.903702,2026-07-01T08:03:21.915495+00:00,81.8,48,bid,CostlyCorianders,DiligentDonuts,1947756
2026-07-01T08:03:22.912305,2026-07-01T08:03:22.922777+00:00,81.8,50,bid,FlawlessFlatbreads,DiligentDonuts,1947775
2026-07-01T08:03:24.697647,2026-07-01T08:03:24.701392+00:00,81.6,75,ask,DiligentDonuts,Eric Deng,1947836
2026-07-01T08:03:25.021922,2026-07-01T08:03:25.031049+00:00,81.7,50,bid,FlawlessFlatbreads,EarnestEspressos,1947844
2026-07-01T08:03:26.015966,2026-07-01T08:03:26.017919+00:00,81.6,25,ask,DiligentDonuts,CostlyCorianders,1947870
2026-07-01T08:03:26.015966,2026-07-01T08:03:26.028205+00:00,81.4,2,ask,Kelvin Chan,CostlyCorianders,1947871
2026-07-01T08:03:26.015966,2026-07-01T08:03:26.028205+00:00,81.2,20,ask,EarnestEspressos,CostlyCorianders,1947872
2026-07-01T08:03:27.129897,2026-07-01T08:03:27.135985+00:00,81.7,50,bid,FlawlessFlatbreads,EarnestEspressos,1947890
2026-07-01T08:03:27.133925,2026-07-01T08:03:27.135985+00:00,81.7,43,bid,CostlyCorianders,EarnestEspressos,1947891
2026-07-01T08:03:28.004230,2026-07-01T08:03:28.008743+00:00,81.7,100,bid,EarnestEspressos,DiligentDonuts,1947910
2026-07-01T08:03:28.619258,2026-07-01T08:03:28.623534+00:00,81.7,50,ask,EarnestEspressos,Chester Au,1947935
2026-07-01T08:03:29.265563,2026-07-01T08:03:29.269812+00:00,81.8,1,bid,FlawlessFlatbreads,Kelvin Chan,1947939
2026-07-01T08:03:29.265563,2026-07-01T08:03:29.269812+00:00,82.2,49,bid,FlawlessFlatbreads,EarnestEspressos,1947940
2026-07-01T08:03:29.353117,2026-07-01T08:03:29.362202+00:00,81.2,48,ask,DiligentDonuts,CostlyCorianders,1947943
2026-07-01T08:03:30.845348,2026-07-01T08:03:30.850925+00:00,81.7,46,bid,CostlyCorianders,DiligentDonuts,1947972
2026-07-01T08:03:30.903348,2026-07-01T08:03:30.912413+00:00,81.2,41,ask,DiligentDonuts,CostlyCorianders,1947974
2026-07-01T08:03:31.382011,2026-07-01T08:03:31.384975+00:00,81.2,42,ask,DiligentDonuts,CostlyCorianders,1947990
2026-07-01T08:03:31.430879,2026-07-01T08:03:31.436136+00:00,81.2,17,ask,DiligentDonuts,FlawlessFlatbreads,1947991
2026-07-01T08:03:31.430879,2026-07-01T08:03:31.436136+00:00,81.2,33,ask,EarnestEspressos,FlawlessFlatbreads,1947992
2026-07-01T08:03:32.967421,2026-07-01T08:03:32.974169+00:00,81.7,43,bid,CostlyCorianders,DiligentDonuts,1948014
2026-07-01T08:03:33.610144,2026-07-01T08:03:33.620557+00:00,81.7,45,bid,CostlyCorianders,EarnestEspressos,1948030
2026-07-01T08:03:33.876480,2026-07-01T08:03:33.881548+00:00,81.7,9,bid,Xuanyu Liu,EarnestEspressos,1948039
2026-07-01T08:03:35.620836,2026-07-01T08:03:35.627402+00:00,81.7,50,bid,FlawlessFlatbreads,DiligentDonuts,1948066
2026-07-01T08:03:37.727403,2026-07-01T08:03:37.737441+00:00,82.1,50,bid,FlawlessFlatbreads,DiligentDonuts,1948110
2026-07-01T08:03:39.529676,2026-07-01T08:03:39.533803+00:00,81.9,3,ask,DiligentDonuts,Xuanyu Liu,1948149
2026-07-01T08:03:39.832969,2026-07-01T08:03:39.841437+00:00,82.1,50,bid,FlawlessFlatbreads,EarnestEspressos,1948155
2026-07-01T08:03:41.942912,2026-07-01T08:03:41.954233+00:00,82.3,10,bid,FlawlessFlatbreads,Zijun Feng,1948190
2026-07-01T08:03:41.942912,2026-07-01T08:03:41.954233+00:00,82.4,40,bid,FlawlessFlatbreads,DiligentDonuts,1948191
2026-07-01T08:03:42.296357,2026-07-01T08:03:42.303610+00:00,81.9,25,ask,DiligentDonuts,Jessica Xu,1948201
2026-07-01T08:03:42.592487,2026-07-01T08:03:42.605000+00:00,81.9,72,ask,DiligentDonuts,Chester Au,1948208
2026-07-01T08:03:42.592487,2026-07-01T08:03:42.605000+00:00,81.9,78,ask,EarnestEspressos,Chester Au,1948209
2026-07-01T08:03:42.600859,2026-07-01T08:03:42.605000+00:00,81.9,11,ask,EarnestEspressos,Xuanyu Liu,1948211
2026-07-01T08:03:43.211104,2026-07-01T08:03:43.216126+00:00,81.9,12,ask,EarnestEspressos,Xuanyu Liu,1948224
2026-07-01T08:03:43.912202,2026-07-01T08:03:43.916701+00:00,81.7,12,bid,Xuanyu Liu,EarnestEspressos,1948240
2026-07-01T08:03:44.057679,2026-07-01T08:03:44.062559+00:00,81.7,50,bid,FlawlessFlatbreads,EarnestEspressos,1948244
2026-07-01T08:03:44.367580,2026-07-01T08:03:44.372152+00:00,81.7,11,bid,Xuanyu Liu,EarnestEspressos,1948256
2026-07-01T08:03:46.243975,2026-07-01T08:03:46.252407+00:00,81.6,4,ask,Kelvin Chan,FlawlessFlatbreads,1948282
2026-07-01T08:03:46.243975,2026-07-01T08:03:46.252407+00:00,81.3,46,ask,DiligentDonuts,FlawlessFlatbreads,1948283
2026-07-01T08:03:46.341837,2026-07-01T08:03:46.345486+00:00,81.6,3,ask,Kelvin Chan,Xuanyu Liu,1948286
2026-07-01T08:03:46.454269,2026-07-01T08:03:46.458445+00:00,81.6,3,ask,Kelvin Chan,Xuanyu Liu,1948288
2026-07-01T08:03:46.559064,2026-07-01T08:03:46.563330+00:00,81.6,3,ask,Kelvin Chan,Xuanyu Liu,1948294
2026-07-01T08:03:48.285866,2026-07-01T08:03:48.293053+00:00,81.3,48,ask,DiligentDonuts,CostlyCorianders,1948346
2026-07-01T08:03:48.352089,2026-07-01T08:03:48.354922+00:00,81.3,6,ask,DiligentDonuts,FlawlessFlatbreads,1948347
2026-07-01T08:03:48.352089,2026-07-01T08:03:48.365198+00:00,81.3,44,ask,EarnestEspressos,FlawlessFlatbreads,1948348
2026-07-01T08:03:48.920354,2026-07-01T08:03:48.928714+00:00,81.8,45,bid,CostlyCorianders,DiligentDonuts,1948357
2026-07-01T08:03:50.489906,2026-07-01T08:03:50.496215+00:00,81.5,4,ask,Kelvin Chan,FlawlessFlatbreads,1948387
2026-07-01T08:03:50.489906,2026-07-01T08:03:50.496215+00:00,81.3,46,ask,DiligentDonuts,FlawlessFlatbreads,1948388
2026-07-01T08:03:52.252650,2026-07-01T08:03:52.257332+00:00,81.7,9,bid,Xuanyu Liu,DiligentDonuts,1948437
2026-07-01T08:03:52.599068,2026-07-01T08:03:52.609840+00:00,81.5,3,ask,Kelvin Chan,FlawlessFlatbreads,1948445
2026-07-01T08:03:52.599068,2026-07-01T08:03:52.609840+00:00,81.3,47,ask,EarnestEspressos,FlawlessFlatbreads,1948446
2026-07-01T08:03:54.709685,2026-07-01T08:03:54.719618+00:00,81.5,2,ask,Kelvin Chan,FlawlessFlatbreads,1948482
2026-07-01T08:03:54.709685,2026-07-01T08:03:54.719618+00:00,81.2,48,ask,DiligentDonuts,FlawlessFlatbreads,1948483
2026-07-01T08:03:56.208372,2026-07-01T08:03:56.214157+00:00,81.3,3,bid,Xuanyu Liu,DiligentDonuts,1948519
2026-07-01T08:03:56.818232,2026-07-01T08:03:56.820866+00:00,81.2,10,ask,Zijun Feng,FlawlessFlatbreads,1948529
2026-07-01T08:03:56.818232,2026-07-01T08:03:56.831145+00:00,81.0,40,ask,EarnestEspressos,FlawlessFlatbreads,1948530
2026-07-01T08:03:58.358229,2026-07-01T08:03:58.369335+00:00,81.1,10,ask,Zijun Feng,FlawlessFlatbreads,1948569
2026-07-01T08:03:58.358229,2026-07-01T08:03:58.369335+00:00,81.0,30,ask,EarnestEspressos,CostlyCorianders,1948570
2026-07-01T08:03:58.873970,2026-07-01T08:03:58.883639+00:00,81.0,44,ask,EarnestEspressos,CostlyCorianders,1948578
2026-07-01T08:03:58.965634,2026-07-01T08:03:58.977618+00:00,81.1,10,ask,Zijun Feng,CostlyCorianders,1948584
2026-07-01T08:03:58.965634,2026-07-01T08:03:58.977618+00:00,81.0,36,ask,EarnestEspressos,FlawlessFlatbreads,1948585
2026-07-01T08:03:58.965634,2026-07-01T08:03:58.977618+00:00,80.8,4,ask,DiligentDonuts,FlawlessFlatbreads,1948586
2026-07-01T08:03:59.002156,2026-07-01T08:03:59.008449+00:00,81.3,100,bid,Eric Deng,DiligentDonuts,1948587
2026-07-01T08:03:59.720939,2026-07-01T08:03:59.739988+00:00,81.3,3,ask,Kelvin Chan,Xuanyu Liu,1948600
2026-07-01T08:03:59.734594,2026-07-01T08:03:59.739988+00:00,81.0,147,bid,Chester Au,EarnestEspressos,1948602
2026-07-01T08:03:59.808752,2026-07-01T08:03:59.812944+00:00,81.3,3,ask,Kelvin Chan,Xuanyu Liu,1948605
2026-07-01T08:03:59.850868,2026-07-01T08:03:59.854680+00:00,81.3,3,ask,Kelvin Chan,Xuanyu Liu,1948609
2026-07-01T08:03:59.904588,2026-07-01T08:03:59.908475+00:00,81.3,3,ask,Kelvin Chan,EarnestEspressos,1948613
2026-07-01T08:03:59.943531,2026-07-01T08:03:59.949775+00:00,81.7,2,bid,CostlyCorianders,Kelvin Chan,1948614
2026-07-01T08:04:00.469947,2026-07-01T08:04:00.473896+00:00,81.3,3,ask,Kelvin Chan,Xuanyu Liu,1948627
2026-07-01T08:04:01.077504,2026-07-01T08:04:01.085091+00:00,80.8,50,ask,DiligentDonuts,FlawlessFlatbreads,1948644
2026-07-01T08:04:02.550224,2026-07-01T08:04:02.553513+00:00,81.4,47,bid,CostlyCorianders,DiligentDonuts,1948678
2026-07-01T08:04:03.209532,2026-07-01T08:04:03.214035+00:00,80.9,50,ask,DiligentDonuts,FlawlessFlatbreads,1948688
2026-07-01T08:04:05.316752,2026-07-01T08:04:05.319163+00:00,80.8,50,ask,EarnestEspressos,FlawlessFlatbreads,1948725
2026-07-01T08:04:06.059679,2026-07-01T08:04:06.064083+00:00,81.1,2,bid,Xuanyu Liu,EarnestEspressos,1948742
2026-07-01T08:04:07.186286,2026-07-01T08:04:07.192581+00:00,81.1,43,bid,CostlyCorianders,EarnestEspressos,1948767
2026-07-01T08:04:07.256875,2026-07-01T08:04:07.264816+00:00,81.1,100,bid,Eric Deng,EarnestEspressos,1948769
2026-07-01T08:04:07.336710,2026-07-01T08:04:07.347899+00:00,81.1,5,bid,Jessica Xu,EarnestEspressos,1948773
2026-07-01T08:04:07.428652,2026-07-01T08:04:07.430729+00:00,80.8,50,ask,DiligentDonuts,FlawlessFlatbreads,1948777
2026-07-01T08:04:09.153186,2026-07-01T08:04:09.160558+00:00,81.3,100,bid,EarnestEspressos,DiligentDonuts,1948824
2026-07-01T08:04:09.538332,2026-07-01T08:04:09.543428+00:00,81.3,50,ask,EarnestEspressos,FlawlessFlatbreads,1948839
2026-07-01T08:04:11.287661,2026-07-01T08:04:11.300162+00:00,81.2,40,ask,DiligentDonuts,CostlyCorianders,1948876
2026-07-01T08:04:11.669642,2026-07-01T08:04:11.672687+00:00,81.2,50,ask,DiligentDonuts,FlawlessFlatbreads,1948882
2026-07-01T08:04:11.845454,2026-07-01T08:04:11.847328+00:00,81.2,10,ask,DiligentDonuts,CostlyCorianders,1948884
2026-07-01T08:04:13.775321,2026-07-01T08:04:13.782276+00:00,80.6,10,ask,Zijun Feng,FlawlessFlatbreads,1948926
2026-07-01T08:04:13.775321,2026-07-01T08:04:13.782276+00:00,80.5,40,ask,EarnestEspressos,FlawlessFlatbreads,1948927
2026-07-01T08:04:14.155358,2026-07-01T08:04:14.165812+00:00,81.0,2,bid,Kelvin Chan,EarnestEspressos,1948931
2026-07-01T08:04:14.364907,2026-07-01T08:04:14.372758+00:00,81.0,44,bid,CostlyCorianders,EarnestEspressos,1948941
2026-07-01T08:04:15.604467,2026-07-01T08:04:15.616211+00:00,80.7,48,ask,DiligentDonuts,CostlyCorianders,1948959
2026-07-01T08:04:15.916672,2026-07-01T08:04:15.927081+00:00,80.7,50,ask,DiligentDonuts,FlawlessFlatbreads,1948967
2026-07-01T08:04:17.546544,2026-07-01T08:04:17.556123+00:00,80.8,53,bid,Chester Au,DiligentDonuts,1949007
2026-07-01T08:04:18.023511,2026-07-01T08:04:18.031753+00:00,80.6,50,ask,EarnestEspressos,FlawlessFlatbreads,1949015
2026-07-01T08:04:18.171876,2026-07-01T08:04:18.176151+00:00,80.8,3,bid,Xuanyu Liu,DiligentDonuts,1949019
2026-07-01T08:04:18.595912,2026-07-01T08:04:18.600344+00:00,80.8,17,bid,Xuanyu Liu,DiligentDonuts,1949042
2026-07-01T08:04:20.067239,2026-07-01T08:04:20.073902+00:00,80.8,27,bid,CostlyCorianders,DiligentDonuts,1949083
2026-07-01T08:04:20.067239,2026-07-01T08:04:20.073902+00:00,81.1,18,bid,CostlyCorianders,EarnestEspressos,1949084
2026-07-01T08:04:20.161952,2026-07-01T08:04:20.167268+00:00,80.6,50,ask,EarnestEspressos,FlawlessFlatbreads,1949086
2026-07-01T08:04:21.226270,2026-07-01T08:04:21.230689+00:00,80.8,17,ask,DiligentDonuts,Xuanyu Liu,1949105
2026-07-01T08:04:21.888943,2026-07-01T08:04:21.893612+00:00,81.0,11,bid,Xuanyu Liu,EarnestEspressos,1949124
2026-07-01T08:04:22.278469,2026-07-01T08:04:22.286862+00:00,80.8,50,ask,DiligentDonuts,FlawlessFlatbreads,1949132
2026-07-01T08:04:22.379005,2026-07-01T08:04:22.390289+00:00,81.0,25,bid,Jessica Xu,EarnestEspressos,1949138
2026-07-01T08:04:22.386654,2026-07-01T08:04:22.390289+00:00,81.0,2,bid,Jessica Xu,EarnestEspressos,1949139
2026-07-01T08:04:23.178696,2026-07-01T08:04:23.187311+00:00,81.0,47,bid,CostlyCorianders,EarnestEspressos,1949163
2026-07-01T08:04:23.844408,2026-07-01T08:04:23.848351+00:00,81.0,6,bid,Xuanyu Liu,EarnestEspressos,1949175
2026-07-01T08:04:24.385557,2026-07-01T08:04:24.388472+00:00,80.8,50,ask,DiligentDonuts,FlawlessFlatbreads,1949200
2026-07-01T08:04:25.212168,2026-07-01T08:04:25.215571+00:00,81.0,40,ask,EarnestEspressos,CostlyCorianders,1949213
2026-07-01T08:04:26.492958,2026-07-01T08:04:26.506122+00:00,81.0,50,ask,EarnestEspressos,FlawlessFlatbreads,1949253
2026-07-01T08:04:27.434913,2026-07-01T08:04:27.445592+00:00,81.2,1,bid,Jessica Xu,Kelvin Chan,1949269
2026-07-01T08:04:27.440119,2026-07-01T08:04:27.445592+00:00,81.4,2,bid,Jessica Xu,DiligentDonuts,1949270
2026-07-01T08:04:27.448312,2026-07-01T08:04:27.455964+00:00,81.4,47,bid,CostlyCorianders,DiligentDonuts,1949271
2026-07-01T08:04:28.093911,2026-07-01T08:04:28.098415+00:00,81.1,10,ask,Zijun Feng,CostlyCorianders,1949282
2026-07-01T08:04:28.093911,2026-07-01T08:04:28.108935+00:00,81.0,39,ask,EarnestEspressos,CostlyCorianders,1949283
2026-07-01T08:04:28.627851,2026-07-01T08:04:28.644937+00:00,81.0,10,ask,Zijun Feng,FlawlessFlatbreads,1949296
2026-07-01T08:04:28.627851,2026-07-01T08:04:28.644937+00:00,80.9,40,ask,DiligentDonuts,FlawlessFlatbreads,1949297
2026-07-01T08:04:29.733655,2026-07-01T08:04:29.740559+00:00,80.9,45,ask,DiligentDonuts,CostlyCorianders,1949327
2026-07-01T08:04:30.684575,2026-07-01T08:04:30.692392+00:00,81.1,50,bid,FlawlessFlatbreads,DiligentDonuts,1949341
2026-07-01T08:04:31.371638,2026-07-01T08:04:31.375909+00:00,80.9,5,ask,Kelvin Chan,EarnestEspressos,1949351
2026-07-01T08:04:31.371638,2026-07-01T08:04:31.375909+00:00,80.9,10,ask,Zijun Feng,EarnestEspressos,1949352
2026-07-01T08:04:32.451187,2026-07-01T08:04:32.463434+00:00,80.9,2,bid,Jessica Xu,EarnestEspressos,1949380
2026-07-01T08:04:32.792438,2026-07-01T08:04:32.794355+00:00,80.9,50,bid,FlawlessFlatbreads,EarnestEspressos,1949394
2026-07-01T08:04:33.135790,2026-07-01T08:04:33.147597+00:00,80.9,40,bid,CostlyCorianders,EarnestEspressos,1949406
2026-07-01T08:04:33.325002,2026-07-01T08:04:33.333849+00:00,80.9,43,bid,DiligentDonuts,EarnestEspressos,1949417
2026-07-01T08:04:34.950965,2026-07-01T08:04:34.954070+00:00,81.1,50,ask,EarnestEspressos,FlawlessFlatbreads,1949436
2026-07-01T08:04:35.965306,2026-07-01T08:04:35.969251+00:00,81.4,42,bid,CostlyCorianders,DiligentDonuts,1949455
2026-07-01T08:04:37.059312,2026-07-01T08:04:37.068053+00:00,81.1,50,ask,EarnestEspressos,FlawlessFlatbreads,1949480
2026-07-01T08:04:37.461690,2026-07-01T08:04:37.472592+00:00,81.3,2,bid,Jessica Xu,DiligentDonuts,1949488
2026-07-01T08:04:37.516161,2026-07-01T08:04:37.524541+00:00,81.1,41,ask,EarnestEspressos,CostlyCorianders,1949489
2026-07-01T08:04:38.149167,2026-07-01T08:04:38.155773+00:00,80.8,5,ask,Kelvin Chan,CostlyCorianders,1949511
2026-07-01T08:04:38.149167,2026-07-01T08:04:38.155773+00:00,80.8,42,ask,DiligentDonuts,CostlyCorianders,1949512
2026-07-01T08:04:39.171796,2026-07-01T08:04:39.179121+00:00,80.8,50,ask,DiligentDonuts,FlawlessFlatbreads,1949521
2026-07-01T08:04:39.646060,2026-07-01T08:04:39.653991+00:00,81.0,43,bid,CostlyCorianders,EarnestEspressos,1949536
2026-07-01T08:04:41.280852,2026-07-01T08:04:41.285907+00:00,80.9,3,ask,Kelvin Chan,FlawlessFlatbreads,1949577
2026-07-01T08:04:41.280852,2026-07-01T08:04:41.285907+00:00,80.9,10,ask,Zijun Feng,FlawlessFlatbreads,1949578
2026-07-01T08:04:41.280852,2026-07-01T08:04:41.296295+00:00,80.8,37,ask,EarnestEspressos,FlawlessFlatbreads,1949579
2026-07-01T08:04:42.471194,2026-07-01T08:04:42.472935+00:00,81.0,2,bid,Jessica Xu,DiligentDonuts,1949603
2026-07-01T08:04:43.390786,2026-07-01T08:04:43.402083+00:00,80.8,50,ask,EarnestEspressos,FlawlessFlatbreads,1949627
2026-07-01T08:04:44.036853,2026-07-01T08:04:44.045271+00:00,80.8,5,ask,Kelvin Chan,EarnestEspressos,1949645
2026-07-01T08:04:44.036853,2026-07-01T08:04:44.045271+00:00,80.8,10,ask,Zijun Feng,EarnestEspressos,1949646
2026-07-01T08:04:45.499403,2026-07-01T08:04:45.506963+00:00,80.6,10,ask,Zijun Feng,FlawlessFlatbreads,1949679
2026-07-01T08:04:45.499403,2026-07-01T08:04:45.506963+00:00,80.5,40,ask,DiligentDonuts,FlawlessFlatbreads,1949680
2026-07-01T08:04:47.053520,2026-07-01T08:04:47.057463+00:00,80.8,41,bid,CostlyCorianders,EarnestEspressos,1949723
2026-07-01T08:04:47.482723,2026-07-01T08:04:47.492378+00:00,80.8,2,bid,Jessica Xu,DiligentDonuts,1949738
2026-07-01T08:04:48.699299,2026-07-01T08:04:48.710348+00:00,80.8,41,bid,CostlyCorianders,DiligentDonuts,1949762
2026-07-01T08:04:51.767466,2026-07-01T08:04:51.779052+00:00,80.7,10,bid,FlawlessFlatbreads,Zijun Feng,1949830
2026-07-01T08:04:51.767466,2026-07-01T08:04:51.779052+00:00,80.8,40,bid,FlawlessFlatbreads,EarnestEspressos,1949831
2026-07-01T08:04:52.491273,2026-07-01T08:04:52.493814+00:00,80.8,2,bid,Jessica Xu,EarnestEspressos,1949849
2026-07-01T08:04:53.064635,2026-07-01T08:04:53.070768+00:00,80.5,10,ask,Zijun Feng,CostlyCorianders,1949861
2026-07-01T08:04:53.064635,2026-07-01T08:04:53.070768+00:00,80.4,30,ask,DiligentDonuts,CostlyCorianders,1949862
2026-07-01T08:04:53.876458,2026-07-01T08:04:53.887301+00:00,80.9,6,bid,FlawlessFlatbreads,Kelvin Chan,1949881
2026-07-01T08:04:53.876458,2026-07-01T08:04:53.887301+00:00,80.9,44,bid,FlawlessFlatbreads,DiligentDonuts,1949882
2026-07-01T08:04:55.986765,2026-07-01T08:04:55.992089+00:00,80.7,50,bid,FlawlessFlatbreads,DiligentDonuts,1949935
2026-07-01T08:04:56.312687,2026-07-01T08:04:56.320668+00:00,80.6,47,ask,EarnestEspressos,CostlyCorianders,1949943
2026-07-01T08:04:57.505231,2026-07-01T08:04:57.507568+00:00,80.7,2,bid,Jessica Xu,DiligentDonuts,1949974
2026-07-01T08:04:57.818810,2026-07-01T08:04:57.827833+00:00,80.7,46,bid,CostlyCorianders,DiligentDonuts,1949984
2026-07-01T08:04:58.094273,2026-07-01T08:04:58.096794+00:00,80.7,2,bid,FlawlessFlatbreads,DiligentDonuts,1949987
2026-07-01T08:04:58.094273,2026-07-01T08:04:58.107123+00:00,80.7,48,bid,FlawlessFlatbreads,EarnestEspressos,1949988
2026-07-01T08:04:59.312858,2026-07-01T08:04:59.316735+00:00,80.5,42,ask,DiligentDonuts,CostlyCorianders,1950009
2026-07-01T08:05:00.208055,2026-07-01T08:05:00.216036+00:00,80.7,50,bid,FlawlessFlatbreads,EarnestEspressos,1950026
2026-07-01T08:05:02.316015,2026-07-01T08:05:02.325843+00:00,80.7,50,bid,FlawlessFlatbreads,EarnestEspressos,1950085
2026-07-01T08:05:02.516373,2026-07-01T08:05:02.521139+00:00,80.7,2,bid,Jessica Xu,EarnestEspressos,1950087
2026-07-01T08:05:03.019351,2026-07-01T08:05:03.040383+00:00,80.9,4,bid,EarnestEspressos,Kelvin Chan,1950097
2026-07-01T08:05:03.019351,2026-07-01T08:05:03.040383+00:00,80.9,10,bid,EarnestEspressos,Zijun Feng,1950098
2026-07-01T08:05:03.036275,2026-07-01T08:05:03.040383+00:00,80.9,6,ask,EarnestEspressos,Kelvin Chan,1950100
2026-07-01T08:05:03.053413,2026-07-01T08:05:03.061587+00:00,80.9,6,ask,EarnestEspressos,Kelvin Chan,1950101
2026-07-01T08:05:03.180712,2026-07-01T08:05:03.185385+00:00,80.9,6,ask,EarnestEspressos,Xuanyu Liu,1950104
2026-07-01T08:05:03.334912,2026-07-01T08:05:03.339756+00:00,80.9,11,ask,EarnestEspressos,Xuanyu Liu,1950114
2026-07-01T08:05:04.208627,2026-07-01T08:05:04.213535+00:00,80.9,4,ask,EarnestEspressos,Kelvin Chan,1950132
2026-07-01T08:05:04.425514,2026-07-01T08:05:04.430847+00:00,81.1,50,bid,FlawlessFlatbreads,DiligentDonuts,1950137
2026-07-01T08:05:05.153586,2026-07-01T08:05:05.160790+00:00,80.9,5,ask,EarnestEspressos,Kelvin Chan,1950162
2026-07-01T08:05:07.202179,2026-07-01T08:05:07.213507+00:00,80.9,5,bid,CostlyCorianders,Kelvin Chan,1950193
2026-07-01T08:05:07.202179,2026-07-01T08:05:07.213507+00:00,80.9,10,bid,CostlyCorianders,Zijun Feng,1950194
2026-07-01T08:05:07.202179,2026-07-01T08:05:07.213507+00:00,81.0,28,bid,CostlyCorianders,DiligentDonuts,1950195
2026-07-01T08:05:07.527587,2026-07-01T08:05:07.535069+00:00,81.0,1,bid,Jessica Xu,DiligentDonuts,1950212
2026-07-01T08:05:08.690123,2026-07-01T08:05:08.698530+00:00,80.8,50,ask,DiligentDonuts,FlawlessFlatbreads,1950239
2026-07-01T08:05:10.809331,2026-07-01T08:05:10.817970+00:00,80.8,50,ask,DiligentDonuts,FlawlessFlatbreads,1950284
2026-07-01T08:05:13.868996,2026-07-01T08:05:13.872398+00:00,80.7,45,ask,EarnestEspressos,CostlyCorianders,1950355
2026-07-01T08:05:14.465290,2026-07-01T08:05:14.471185+00:00,81.0,10,bid,CostlyCorianders,Zijun Feng,1950365
2026-07-01T08:05:14.967091,2026-07-01T08:05:14.975215+00:00,80.9,50,bid,FlawlessFlatbreads,DiligentDonuts,1950371
2026-07-01T08:05:14.978334,2026-07-01T08:05:14.985553+00:00,80.7,47,ask,EarnestEspressos,CostlyCorianders,1950373
2026-07-01T08:05:15.165252,2026-07-01T08:05:15.169218+00:00,80.9,11,bid,Xuanyu Liu,DiligentDonuts,1950383
2026-07-01T08:05:16.022838,2026-07-01T08:05:16.031393+00:00,80.9,39,bid,CostlyCorianders,DiligentDonuts,1950397
2026-07-01T08:05:16.022838,2026-07-01T08:05:16.031393+00:00,80.9,4,bid,CostlyCorianders,EarnestEspressos,1950398
2026-07-01T08:05:16.512487,2026-07-01T08:05:16.514469+00:00,80.9,40,bid,CostlyCorianders,EarnestEspressos,1950407
2026-07-01T08:05:17.092179,2026-07-01T08:05:17.099249+00:00,80.9,50,bid,FlawlessFlatbreads,EarnestEspressos,1950417
2026-07-01T08:05:17.492429,2026-07-01T08:05:17.499551+00:00,80.4,43,ask,DiligentDonuts,CostlyCorianders,1950422
2026-07-01T08:05:18.129869,2026-07-01T08:05:18.136904+00:00,80.4,44,ask,EarnestEspressos,CostlyCorianders,1950435
2026-07-01T08:05:19.198651,2026-07-01T08:05:19.201044+00:00,80.9,6,bid,FlawlessFlatbreads,Kelvin Chan,1950461
2026-07-01T08:05:19.198651,2026-07-01T08:05:19.211325+00:00,80.9,44,bid,FlawlessFlatbreads,DiligentDonuts,1950462
2026-07-01T08:05:19.639224,2026-07-01T08:05:19.645154+00:00,80.9,49,bid,CostlyCorianders,DiligentDonuts,1950466
2026-07-01T08:05:21.290416,2026-07-01T08:05:21.293234+00:00,80.9,40,bid,CostlyCorianders,EarnestEspressos,1950501
2026-07-01T08:05:21.309921,2026-07-01T08:05:21.324486+00:00,80.9,50,bid,FlawlessFlatbreads,EarnestEspressos,1950502
2026-07-01T08:05:21.912040,2026-07-01T08:05:21.923339+00:00,80.8,46,ask,DiligentDonuts,CostlyCorianders,1950512
2026-07-01T08:05:23.421295,2026-07-01T08:05:23.426511+00:00,81.2,10,bid,FlawlessFlatbreads,Zijun Feng,1950533
2026-07-01T08:05:23.421295,2026-07-01T08:05:23.426511+00:00,81.3,40,bid,FlawlessFlatbreads,DiligentDonuts,1950534
2026-07-01T08:05:23.985546,2026-07-01T08:05:23.994667+00:00,80.8,46,ask,EarnestEspressos,CostlyCorianders,1950544
2026-07-01T08:05:25.552794,2026-07-01T08:05:25.556639+00:00,81.2,50,bid,FlawlessFlatbreads,EarnestEspressos,1950583
2026-07-01T08:05:26.617104,2026-07-01T08:05:26.626324+00:00,81.2,45,bid,CostlyCorianders,EarnestEspressos,1950610
2026-07-01T08:05:27.626125,2026-07-01T08:05:27.634682+00:00,80.8,42,ask,DiligentDonuts,CostlyCorianders,1950628
2026-07-01T08:05:27.658270,2026-07-01T08:05:27.665726+00:00,81.2,50,bid,FlawlessFlatbreads,EarnestEspressos,1950630
2026-07-01T08:05:28.335869,2026-07-01T08:05:28.344995+00:00,81.3,100,bid,EarnestEspressos,DiligentDonuts,1950639
2026-07-01T08:05:28.404850,2026-07-01T08:05:28.409518+00:00,81.3,14,ask,EarnestEspressos,Xuanyu Liu,1950649
2026-07-01T08:05:29.764220,2026-07-01T08:05:29.769412+00:00,81.7,10,bid,FlawlessFlatbreads,Zijun Feng,1950698
2026-07-01T08:05:29.764220,2026-07-01T08:05:29.769412+00:00,81.8,40,bid,FlawlessFlatbreads,EarnestEspressos,1950699
2026-07-01T08:05:30.767933,2026-07-01T08:05:30.770368+00:00,81.3,3,ask,EarnestEspressos,Xuanyu Liu,1950715
2026-07-01T08:05:30.961254,2026-07-01T08:05:30.965468+00:00,81.3,3,ask,EarnestEspressos,Kelvin Chan,1950721
2026-07-01T08:05:34.054484,2026-07-01T08:05:34.066608+00:00,81.3,50,ask,EarnestEspressos,FlawlessFlatbreads,1950799
2026-07-01T08:05:34.379637,2026-07-01T08:05:34.387452+00:00,81.3,5,ask,EarnestEspressos,Kelvin Chan,1950800
2026-07-01T08:05:34.535897,2026-07-01T08:05:34.542249+00:00,81.6,10,bid,CostlyCorianders,Zijun Feng,1950808
2026-07-01T08:05:34.535897,2026-07-01T08:05:34.542249+00:00,81.7,32,bid,CostlyCorianders,DiligentDonuts,1950809
2026-07-01T08:05:34.735816,2026-07-01T08:05:34.740030+00:00,81.4,3,bid,Xuanyu Liu,EarnestEspressos,1950820
2026-07-01T08:05:36.161811,2026-07-01T08:05:36.169556+00:00,81.2,50,ask,DiligentDonuts,FlawlessFlatbreads,1950858
2026-07-01T08:05:36.218657,2026-07-01T08:05:36.269347+00:00,81.4,48,bid,CostlyCorianders,EarnestEspressos,1950859
2026-07-01T08:05:36.272328,2026-07-01T08:05:36.279892+00:00,81.2,42,ask,DiligentDonuts,CostlyCorianders,1950864
2026-07-01T08:05:37.345588,2026-07-01T08:05:37.348833+00:00,81.1,4,ask,Kelvin Chan,CostlyCorianders,1950885
2026-07-01T08:05:37.345588,2026-07-01T08:05:37.359129+00:00,81.1,10,ask,Zijun Feng,CostlyCorianders,1950886
2026-07-01T08:05:37.345588,2026-07-01T08:05:37.359129+00:00,81.0,32,ask,DiligentDonuts,CostlyCorianders,1950887
2026-07-01T08:05:38.273213,2026-07-01T08:05:38.285040+00:00,81.2,50,ask,EarnestEspressos,FlawlessFlatbreads,1950911
2026-07-01T08:05:38.285775,2026-07-01T08:05:38.295401+00:00,81.5,40,bid,CostlyCorianders,DiligentDonuts,1950912
2026-07-01T08:05:39.104398,2026-07-01T08:05:39.108309+00:00,81.4,3,bid,Xuanyu Liu,Kelvin Chan,1950928
2026-07-01T08:05:41.215927,2026-07-01T08:05:41.218764+00:00,81.4,2,bid,CostlyCorianders,Kelvin Chan,1950983
2026-07-01T08:05:42.431696,2026-07-01T08:05:42.437569+00:00,81.4,2,bid,FlawlessFlatbreads,Kelvin Chan,1951011
2026-07-01T08:05:42.431696,2026-07-01T08:05:42.437569+00:00,81.6,48,bid,FlawlessFlatbreads,EarnestEspressos,1951012
2026-07-01T08:05:42.732073,2026-07-01T08:05:42.737284+00:00,81.6,45,bid,CostlyCorianders,EarnestEspressos,1951016
2026-07-01T08:05:44.181813,2026-07-01T08:05:44.185981+00:00,81.6,1,ask,EarnestEspressos,Xuanyu Liu,1951047
2026-07-01T08:05:44.334481,2026-07-01T08:05:44.352096+00:00,81.6,49,ask,EarnestEspressos,CostlyCorianders,1951053
2026-07-01T08:05:44.347745,2026-07-01T08:05:44.352096+00:00,81.6,2,ask,EarnestEspressos,Xuanyu Liu,1951055
2026-07-01T08:05:44.539956,2026-07-01T08:05:44.548810+00:00,81.8,50,bid,FlawlessFlatbreads,DiligentDonuts,1951061
2026-07-01T08:05:44.867918,2026-07-01T08:05:44.875859+00:00,81.6,46,ask,EarnestEspressos,CostlyCorianders,1951063
2026-07-01T08:05:45.478482,2026-07-01T08:05:45.485721+00:00,81.6,48,ask,EarnestEspressos,CostlyCorianders,1951070
2026-07-01T08:05:46.701936,2026-07-01T08:05:46.714345+00:00,81.6,4,ask,EarnestEspressos,FlawlessFlatbreads,1951098
2026-07-01T08:05:46.701936,2026-07-01T08:05:46.714345+00:00,81.3,46,ask,DiligentDonuts,FlawlessFlatbreads,1951099
2026-07-01T08:05:47.380540,2026-07-01T08:05:47.384383+00:00,81.3,54,ask,DiligentDonuts,EarnestEspressos,1951109
2026-07-01T08:05:47.751979,2026-07-01T08:05:47.755698+00:00,81.3,40,bid,CostlyCorianders,EarnestEspressos,1951121
2026-07-01T08:05:50.863282,2026-07-01T08:05:50.869229+00:00,81.5,50,bid,FlawlessFlatbreads,DiligentDonuts,1951181
2026-07-01T08:05:52.976651,2026-07-01T08:05:52.988560+00:00,81.7,50,bid,FlawlessFlatbreads,EarnestEspressos,1951228
2026-07-01T08:05:54.605260,2026-07-01T08:05:54.609244+00:00,81.3,3,ask,EarnestEspressos,Xuanyu Liu,1951264
2026-07-01T08:05:54.689945,2026-07-01T08:05:54.692211+00:00,81.3,100,ask,EarnestEspressos,Eric Deng,1951266
2026-07-01T08:05:54.842982,2026-07-01T08:05:54.846239+00:00,81.3,47,ask,EarnestEspressos,Eric Deng,1951270
2026-07-01T08:05:54.948857,2026-07-01T08:05:54.958987+00:00,81.6,1,bid,CostlyCorianders,Kelvin Chan,1951272
2026-07-01T08:05:54.948857,2026-07-01T08:05:54.958987+00:00,81.6,10,bid,CostlyCorianders,Zijun Feng,1951273
2026-07-01T08:05:55.081853,2026-07-01T08:05:55.092821+00:00,81.7,50,bid,FlawlessFlatbreads,DiligentDonuts,1951277
2026-07-01T08:05:56.870215,2026-07-01T08:05:56.873896+00:00,81.2,3,ask,Kelvin Chan,EarnestEspressos,1951317
2026-07-01T08:05:56.870215,2026-07-01T08:05:56.900625+00:00,81.2,100,ask,DiligentDonuts,EarnestEspressos,1951318
2026-07-01T08:05:56.884933,2026-07-01T08:05:56.900625+00:00,81.2,47,bid,Eric Deng,EarnestEspressos,1951321
2026-07-01T08:05:57.190285,2026-07-01T08:05:57.200697+00:00,81.7,50,bid,FlawlessFlatbreads,DiligentDonuts,1951344
2026-07-01T08:06:02.060495,2026-07-01T08:06:02.064423+00:00,81.5,100,ask,EarnestEspressos,DiligentDonuts,1951425
2026-07-01T08:06:03.524578,2026-07-01T08:06:03.527651+00:00,81.4,50,bid,FlawlessFlatbreads,EarnestEspressos,1951460
2026-07-01T08:06:03.793056,2026-07-01T08:06:03.797106+00:00,81.4,3,bid,Eric Deng,Zijun Feng,1951474
2026-07-01T08:06:03.997750,2026-07-01T08:06:04.003142+00:00,81.4,97,bid,Eric Deng,EarnestEspressos,1951479
2026-07-01T08:06:03.997750,2026-07-01T08:06:04.003142+00:00,81.4,3,bid,Xuanyu Liu,EarnestEspressos,1951480
2026-07-01T08:06:05.236612,2026-07-01T08:06:05.240615+00:00,81.3,3,ask,Kelvin Chan,Xuanyu Liu,1951506
2026-07-01T08:06:05.613775,2026-07-01T08:06:05.622703+00:00,81.7,10,bid,CostlyCorianders,Zijun Feng,1951514
2026-07-01T08:06:05.613775,2026-07-01T08:06:05.622703+00:00,81.8,36,bid,CostlyCorianders,DiligentDonuts,1951515
2026-07-01T08:06:05.682243,2026-07-01T08:06:05.694430+00:00,81.3,50,ask,DiligentDonuts,FlawlessFlatbreads,1951516
2026-07-01T08:06:07.746979,2026-07-01T08:06:07.751400+00:00,81.5,3,ask,EarnestEspressos,Xuanyu Liu,1951576
2026-07-01T08:06:07.792861,2026-07-01T08:06:07.803439+00:00,81.5,50,ask,EarnestEspressos,FlawlessFlatbreads,1951577
2026-07-01T08:06:07.929308,2026-07-01T08:06:07.937742+00:00,81.5,97,ask,EarnestEspressos,Eric Deng,1951583
2026-07-01T08:06:09.519194,2026-07-01T08:06:09.522041+00:00,81.3,3,ask,Kelvin Chan,EarnestEspressos,1951603
2026-07-01T08:06:09.539115,2026-07-01T08:06:09.543672+00:00,81.3,3,bid,Xuanyu Liu,EarnestEspressos,1951605
2026-07-01T08:06:09.902295,2026-07-01T08:06:09.904516+00:00,81.2,50,ask,DiligentDonuts,FlawlessFlatbreads,1951614
2026-07-01T08:06:10.285816,2026-07-01T08:06:10.295240+00:00,81.2,46,ask,DiligentDonuts,CostlyCorianders,1951635
2026-07-01T08:06:10.399746,2026-07-01T08:06:10.408960+00:00,81.3,97,bid,Eric Deng,EarnestEspressos,1951638
2026-07-01T08:06:11.558573,2026-07-01T08:06:11.562669+00:00,81.3,2,bid,Kelvin Chan,EarnestEspressos,1951653
2026-07-01T08:06:11.655932,2026-07-01T08:06:11.665828+00:00,81.3,1,bid,Kelvin Chan,EarnestEspressos,1951654
2026-07-01T08:06:11.829797,2026-07-01T08:06:11.840909+00:00,81.2,10,ask,Zijun Feng,CostlyCorianders,1951659
2026-07-01T08:06:11.958988,2026-07-01T08:06:11.964368+00:00,81.3,44,bid,FlawlessFlatbreads,EarnestEspressos,1951661
2026-07-01T08:06:11.958988,2026-07-01T08:06:11.964368+00:00,81.5,6,bid,FlawlessFlatbreads,DiligentDonuts,1951662
2026-07-01T08:06:12.629658,2026-07-01T08:06:12.636251+00:00,81.5,94,bid,EarnestEspressos,DiligentDonuts,1951673
2026-07-01T08:06:12.629658,2026-07-01T08:06:12.636251+00:00,81.5,10,bid,EarnestEspressos,Zijun Feng,1951674
2026-07-01T08:06:14.067301,2026-07-01T08:06:14.072706+00:00,81.7,3,bid,FlawlessFlatbreads,Kelvin Chan,1951709
2026-07-01T08:06:14.067301,2026-07-01T08:06:14.072706+00:00,81.7,10,bid,FlawlessFlatbreads,Zijun Feng,1951710
2026-07-01T08:06:14.067301,2026-07-01T08:06:14.072706+00:00,82.0,37,bid,FlawlessFlatbreads,EarnestEspressos,1951711
2026-07-01T08:06:14.316738,2026-07-01T08:06:14.320717+00:00,81.5,3,ask,EarnestEspressos,Xuanyu Liu,1951718
2026-07-01T08:06:14.483059,2026-07-01T08:06:14.485013+00:00,81.5,43,ask,EarnestEspressos,Eric Deng,1951725
2026-07-01T08:06:16.178663,2026-07-01T08:06:16.183587+00:00,81.5,50,bid,FlawlessFlatbreads,EarnestEspressos,1951759
2026-07-01T08:06:18.299710,2026-07-01T08:06:18.309757+00:00,81.5,48,bid,CostlyCorianders,EarnestEspressos,1951787
2026-07-01T08:06:18.354073,2026-07-01T08:06:18.361370+00:00,81.3,50,ask,DiligentDonuts,FlawlessFlatbreads,1951791
2026-07-01T08:06:19.481861,2026-07-01T08:06:19.495122+00:00,81.4,44,ask,EarnestEspressos,CostlyCorianders,1951811
2026-07-01T08:06:20.460493,2026-07-01T08:06:20.472397+00:00,81.4,50,ask,EarnestEspressos,FlawlessFlatbreads,1951833
2026-07-01T08:06:20.636160,2026-07-01T08:06:20.646953+00:00,81.6,6,bid,CostlyCorianders,Kelvin Chan,1951843
2026-07-01T08:06:20.636160,2026-07-01T08:06:20.646953+00:00,81.6,7,bid,CostlyCorianders,Zijun Feng,1951844
2026-07-01T08:06:20.636160,2026-07-01T08:06:20.646953+00:00,81.8,31,bid,CostlyCorianders,DiligentDonuts,1951845
2026-07-01T08:06:22.572227,2026-07-01T08:06:22.583824+00:00,81.3,1,ask,Kelvin Chan,FlawlessFlatbreads,1951881
2026-07-01T08:06:22.572227,2026-07-01T08:06:22.583824+00:00,81.2,49,ask,DiligentDonuts,FlawlessFlatbreads,1951882
2026-07-01T08:06:24.328667,2026-07-01T08:06:24.341342+00:00,81.3,1,ask,Kelvin Chan,CostlyCorianders,1951907
2026-07-01T08:06:24.328667,2026-07-01T08:06:24.341342+00:00,81.1,44,ask,DiligentDonuts,CostlyCorianders,1951908
2026-07-01T08:06:26.807062,2026-07-01T08:06:26.811067+00:00,81.1,41,ask,DiligentDonuts,CostlyCorianders,1951975
2026-07-01T08:06:27.388375,2026-07-01T08:06:27.408550+00:00,81.3,3,ask,Kelvin Chan,DiligentDonuts,1951981
2026-07-01T08:06:27.404197,2026-07-01T08:06:27.408550+00:00,81.3,3,bid,Xuanyu Liu,DiligentDonuts,1951984
2026-07-01T08:06:27.800563,2026-07-01T08:06:27.812651+00:00,81.3,43,bid,Eric Deng,DiligentDonuts,1952008
2026-07-01T08:06:30.493412,2026-07-01T08:06:30.501583+00:00,81.6,43,bid,CostlyCorianders,EarnestEspressos,1952065
2026-07-01T08:06:30.954466,2026-07-01T08:06:30.962609+00:00,81.5,50,bid,FlawlessFlatbreads,DiligentDonuts,1952066
2026-07-01T08:06:31.544112,2026-07-01T08:06:31.548709+00:00,81.5,47,bid,CostlyCorianders,DiligentDonuts,1952072
2026-07-01T08:06:32.072415,2026-07-01T08:06:32.082140+00:00,81.2,42,ask,EarnestEspressos,CostlyCorianders,1952080
2026-07-01T08:06:32.635953,2026-07-01T08:06:32.646890+00:00,81.5,3,bid,CostlyCorianders,DiligentDonuts,1952097
2026-07-01T08:06:32.635953,2026-07-01T08:06:32.646890+00:00,81.7,42,bid,CostlyCorianders,EarnestEspressos,1952098
2026-07-01T08:06:32.693026,2026-07-01T08:06:32.698138+00:00,81.2,46,ask,EarnestEspressos,CostlyCorianders,1952099
2026-07-01T08:06:33.063661,2026-07-01T08:06:33.068861+00:00,81.7,50,bid,FlawlessFlatbreads,EarnestEspressos,1952104
2026-07-01T08:06:33.348690,2026-07-01T08:06:33.355697+00:00,81.7,47,bid,CostlyCorianders,EarnestEspressos,1952109
2026-07-01T08:06:33.436007,2026-07-01T08:06:33.448836+00:00,81.2,47,ask,EarnestEspressos,CostlyCorianders,1952112
2026-07-01T08:06:35.171436,2026-07-01T08:06:35.181115+00:00,81.8,50,bid,FlawlessFlatbreads,DiligentDonuts,1952136
2026-07-01T08:06:35.348005,2026-07-01T08:06:35.357968+00:00,81.3,3,ask,Kelvin Chan,CostlyCorianders,1952141
2026-07-01T08:06:35.348005,2026-07-01T08:06:35.357968+00:00,81.3,43,ask,DiligentDonuts,CostlyCorianders,1952142
2026-07-01T08:06:36.568377,2026-07-01T08:06:36.580425+00:00,81.8,48,bid,CostlyCorianders,DiligentDonuts,1952163
2026-07-01T08:06:36.824404,2026-07-01T08:06:36.870490+00:00,81.8,100,bid,DiligentDonuts,EarnestEspressos,1952178
2026-07-01T08:06:37.295565,2026-07-01T08:06:37.300031+00:00,81.8,50,bid,FlawlessFlatbreads,EarnestEspressos,1952184
2026-07-01T08:06:37.927777,2026-07-01T08:06:37.931056+00:00,82.2,150,ask,EarnestEspressos,Chester Au,1952204
2026-07-01T08:06:39.483607,2026-07-01T08:06:39.488800+00:00,81.4,5,ask,Kelvin Chan,FlawlessFlatbreads,1952247
2026-07-01T08:06:40.179492,2026-07-01T08:06:40.186888+00:00,81.8,42,bid,CostlyCorianders,DiligentDonuts,1952254
2026-07-01T08:06:41.073605,2026-07-01T08:06:41.080963+00:00,81.3,49,ask,DiligentDonuts,CostlyCorianders,1952267
2026-07-01T08:06:41.590994,2026-07-01T08:06:41.595213+00:00,81.4,50,ask,EarnestEspressos,FlawlessFlatbreads,1952277
2026-07-01T08:06:41.601378,2026-07-01T08:06:41.605561+00:00,81.8,45,bid,CostlyCorianders,DiligentDonuts,1952278
2026-07-01T08:06:41.655611,2026-07-01T08:06:41.667088+00:00,81.4,42,ask,EarnestEspressos,CostlyCorianders,1952279
2026-07-01T08:06:43.702331,2026-07-01T08:06:43.715440+00:00,81.4,50,ask,EarnestEspressos,FlawlessFlatbreads,1952323
2026-07-01T08:06:44.309248,2026-07-01T08:06:44.321864+00:00,81.4,100,ask,DiligentDonuts,EarnestEspressos,1952337
2026-07-01T08:06:44.325920,2026-07-01T08:06:44.332220+00:00,81.3,50,bid,Chester Au,EarnestEspressos,1952338
2026-07-01T08:06:45.733013,2026-07-01T08:06:45.736046+00:00,81.9,40,bid,CostlyCorianders,DiligentDonuts,1952355
2026-07-01T08:06:47.913661,2026-07-01T08:06:47.917885+00:00,81.4,50,ask,EarnestEspressos,FlawlessFlatbreads,1952402
2026-07-01T08:06:49.904759,2026-07-01T08:06:49.915892+00:00,81.4,47,ask,EarnestEspressos,CostlyCorianders,1952450
2026-07-01T08:06:50.025068,2026-07-01T08:06:50.029128+00:00,81.4,50,ask,EarnestEspressos,FlawlessFlatbreads,1952452
2026-07-01T08:06:50.644100,2026-07-01T08:06:50.646206+00:00,81.4,100,ask,DiligentDonuts,EarnestEspressos,1952458
2026-07-01T08:06:50.662968,2026-07-01T08:06:50.667156+00:00,81.2,1,bid,Xuanyu Liu,EarnestEspressos,1952460
2026-07-01T08:06:50.669869,2026-07-01T08:06:50.677638+00:00,81.2,1,bid,Chester Au,EarnestEspressos,1952462
2026-07-01T08:06:50.701005,2026-07-01T08:06:50.705378+00:00,81.2,2,bid,Chester Au,EarnestEspressos,1952467
2026-07-01T08:06:50.704535,2026-07-01T08:06:50.715916+00:00,81.2,2,bid,Xuanyu Liu,EarnestEspressos,1952468
2026-07-01T08:06:50.724161,2026-07-01T08:06:50.726317+00:00,81.2,44,bid,Chester Au,EarnestEspressos,1952471
2026-07-01T08:06:51.710881,2026-07-01T08:06:51.714862+00:00,81.7,4,bid,CostlyCorianders,Kelvin Chan,1952492
2026-07-01T08:06:51.710881,2026-07-01T08:06:51.725081+00:00,81.9,41,bid,CostlyCorianders,DiligentDonuts,1952493
2026-07-01T08:06:52.135282,2026-07-01T08:06:52.137351+00:00,81.4,2,ask,Kelvin Chan,FlawlessFlatbreads,1952510
2026-07-01T08:06:54.242715,2026-07-01T08:06:54.250620+00:00,81.4,2,ask,Kelvin Chan,FlawlessFlatbreads,1952547
2026-07-01T08:06:54.242715,2026-07-01T08:06:54.250620+00:00,81.4,48,ask,EarnestEspressos,FlawlessFlatbreads,1952548
2026-07-01T08:06:54.482814,2026-07-01T08:06:54.487243+00:00,81.6,49,bid,CostlyCorianders,DiligentDonuts,1952552
2026-07-01T08:06:55.080743,2026-07-01T08:06:55.085386+00:00,81.4,2,ask,EarnestEspressos,Xuanyu Liu,1952563
2026-07-01T08:06:56.299986,2026-07-01T08:06:56.309889+00:00,81.6,50,bid,FlawlessFlatbreads,DiligentDonuts,1952575
2026-07-01T08:06:58.408139,2026-07-01T08:06:58.412407+00:00,81.6,50,bid,FlawlessFlatbreads,DiligentDonuts,1952617
2026-07-01T08:06:59.132595,2026-07-01T08:06:59.135479+00:00,81.4,2,ask,Kelvin Chan,CostlyCorianders,1952633
2026-07-01T08:06:59.132595,2026-07-01T08:06:59.145847+00:00,81.4,38,ask,DiligentDonuts,CostlyCorianders,1952634
2026-07-01T08:07:00.569603,2026-07-01T08:07:00.576413+00:00,81.4,50,ask,DiligentDonuts,FlawlessFlatbreads,1952675
2026-07-01T08:07:00.779145,2026-07-01T08:07:00.782965+00:00,81.7,3,bid,CostlyCorianders,Kelvin Chan,1952682
2026-07-01T08:07:00.779145,2026-07-01T08:07:00.782965+00:00,81.7,39,bid,CostlyCorianders,EarnestEspressos,1952683
2026-07-01T08:07:00.834435,2026-07-01T08:07:00.844689+00:00,81.4,12,ask,DiligentDonuts,CostlyCorianders,1952685
2026-07-01T08:07:00.834435,2026-07-01T08:07:00.844689+00:00,81.4,10,ask,Zijun Feng,CostlyCorianders,1952686
2026-07-01T08:07:00.834435,2026-07-01T08:07:00.844689+00:00,81.2,24,ask,EarnestEspressos,CostlyCorianders,1952687
2026-07-01T08:07:01.312392,2026-07-01T08:07:01.319050+00:00,81.4,4,ask,Kelvin Chan,CostlyCorianders,1952697
2026-07-01T08:07:01.312392,2026-07-01T08:07:01.319050+00:00,81.3,10,ask,Zijun Feng,CostlyCorianders,1952698
2026-07-01T08:07:01.312392,2026-07-01T08:07:01.319050+00:00,81.2,30,ask,EarnestEspressos,CostlyCorianders,1952699
2026-07-01T08:07:01.907461,2026-07-01T08:07:01.909510+00:00,81.7,48,bid,CostlyCorianders,EarnestEspressos,1952713
2026-07-01T08:07:02.872621,2026-07-01T08:07:02.876449+00:00,81.4,4,ask,Kelvin Chan,CostlyCorianders,1952736
2026-07-01T08:07:02.872621,2026-07-01T08:07:02.886799+00:00,81.3,44,ask,DiligentDonuts,CostlyCorianders,1952737
2026-07-01T08:07:04.084776,2026-07-01T08:07:04.093469+00:00,81.8,41,bid,CostlyCorianders,DiligentDonuts,1952767
2026-07-01T08:07:04.733362,2026-07-01T08:07:04.741903+00:00,81.6,47,ask,EarnestEspressos,CostlyCorianders,1952783
2026-07-01T08:07:04.780915,2026-07-01T08:07:04.782992+00:00,81.6,50,ask,EarnestEspressos,FlawlessFlatbreads,1952784
2026-07-01T08:07:05.769019,2026-07-01T08:07:05.781160+00:00,81.9,47,bid,CostlyCorianders,DiligentDonuts,1952807
2026-07-01T08:07:06.949217,2026-07-01T08:07:06.957308+00:00,81.4,5,ask,Kelvin Chan,CostlyCorianders,1952836
2026-07-01T08:07:06.949217,2026-07-01T08:07:06.957308+00:00,81.4,42,ask,DiligentDonuts,CostlyCorianders,1952837
2026-07-01T08:07:08.387747,2026-07-01T08:07:08.393115+00:00,81.7,49,bid,CostlyCorianders,EarnestEspressos,1952867
2026-07-01T08:07:08.990670,2026-07-01T08:07:08.998917+00:00,81.4,5,ask,Kelvin Chan,FlawlessFlatbreads,1952870
2026-07-01T08:07:10.437262,2026-07-01T08:07:10.443362+00:00,81.4,5,ask,Kelvin Chan,CostlyCorianders,1952905
2026-07-01T08:07:10.437262,2026-07-01T08:07:10.443362+00:00,81.3,36,ask,DiligentDonuts,CostlyCorianders,1952906
2026-07-01T08:07:11.098810,2026-07-01T08:07:11.102993+00:00,81.4,5,ask,Kelvin Chan,FlawlessFlatbreads,1952923
2026-07-01T08:07:11.098810,2026-07-01T08:07:11.102993+00:00,81.3,45,ask,DiligentDonuts,FlawlessFlatbreads,1952924
2026-07-01T08:07:13.208352,2026-07-01T08:07:13.212749+00:00,81.4,5,ask,Kelvin Chan,FlawlessFlatbreads,1952951
2026-07-01T08:07:13.208352,2026-07-01T08:07:13.223047+00:00,81.1,45,ask,EarnestEspressos,FlawlessFlatbreads,1952952
2026-07-01T08:07:13.421903,2026-07-01T08:07:13.440453+00:00,81.5,44,bid,CostlyCorianders,DiligentDonuts,1952958
2026-07-01T08:07:16.016280,2026-07-01T08:07:16.027935+00:00,81.3,5,ask,Kelvin Chan,EarnestEspressos,1953006
2026-07-01T08:07:16.126502,2026-07-01T08:07:16.131122+00:00,81.1,5,bid,Kelvin Chan,EarnestEspressos,1953010
2026-07-01T08:07:16.161543,2026-07-01T08:07:16.185841+00:00,81.1,53,bid,Chester Au,EarnestEspressos,1953014
2026-07-01T08:07:16.181830,2026-07-01T08:07:16.185841+00:00,81.1,3,bid,Xuanyu Liu,EarnestEspressos,1953018
2026-07-01T08:07:17.373266,2026-07-01T08:07:17.379417+00:00,81.1,50,bid,FlawlessFlatbreads,EarnestEspressos,1953047
2026-07-01T08:07:17.818531,2026-07-01T08:07:17.823703+00:00,81.1,34,bid,CostlyCorianders,EarnestEspressos,1953059
2026-07-01T08:07:18.890602,2026-07-01T08:07:18.893985+00:00,80.9,44,ask,DiligentDonuts,CostlyCorianders,1953079
2026-07-01T08:07:19.128886,2026-07-01T08:07:19.130764+00:00,81.4,100,bid,EarnestEspressos,DiligentDonuts,1953082
2026-07-01T08:07:19.198715,2026-07-01T08:07:19.202761+00:00,81.4,3,ask,EarnestEspressos,Xuanyu Liu,1953085
2026-07-01T08:07:19.534525,2026-07-01T08:07:19.544081+00:00,81.4,47,ask,EarnestEspressos,FlawlessFlatbreads,1953089
2026-07-01T08:07:19.534525,2026-07-01T08:07:19.544081+00:00,80.9,3,ask,DiligentDonuts,FlawlessFlatbreads,1953090
2026-07-01T08:07:21.066323,2026-07-01T08:07:21.072227+00:00,80.9,43,ask,DiligentDonuts,CostlyCorianders,1953132
2026-07-01T08:07:21.643142,2026-07-01T08:07:21.649349+00:00,81.0,50,ask,DiligentDonuts,FlawlessFlatbreads,1953145
2026-07-01T08:07:23.707776,2026-07-01T08:07:23.715202+00:00,81.3,50,bid,FlawlessFlatbreads,EarnestEspressos,1953172
2026-07-01T08:07:25.817739,2026-07-01T08:07:25.820529+00:00,81.3,50,bid,FlawlessFlatbreads,DiligentDonuts,1953220
2026-07-01T08:07:27.982170,2026-07-01T08:07:27.992858+00:00,81.0,50,ask,EarnestEspressos,FlawlessFlatbreads,1953262
2026-07-01T08:07:29.095175,2026-07-01T08:07:29.102878+00:00,81.4,5,bid,CostlyCorianders,Kelvin Chan,1953290
2026-07-01T08:07:29.095175,2026-07-01T08:07:29.102878+00:00,81.5,36,bid,CostlyCorianders,DiligentDonuts,1953291
2026-07-01T08:07:30.090103,2026-07-01T08:07:30.099954+00:00,81.1,10,ask,Zijun Feng,FlawlessFlatbreads,1953303
2026-07-01T08:07:30.090103,2026-07-01T08:07:30.099954+00:00,81.0,40,ask,DiligentDonuts,FlawlessFlatbreads,1953304
2026-07-01T08:07:30.105550,2026-07-01T08:07:30.110439+00:00,81.3,5,bid,CostlyCorianders,Kelvin Chan,1953308
2026-07-01T08:07:30.105550,2026-07-01T08:07:30.110439+00:00,81.5,37,bid,CostlyCorianders,DiligentDonuts,1953309
2026-07-01T08:07:32.199253,2026-07-01T08:07:32.204299+00:00,81.2,50,ask,DiligentDonuts,FlawlessFlatbreads,1953366
2026-07-01T08:07:32.613698,2026-07-01T08:07:32.625665+00:00,81.2,47,ask,DiligentDonuts,CostlyCorianders,1953375
2026-07-01T08:07:33.194432,2026-07-01T08:07:33.203644+00:00,81.2,3,ask,DiligentDonuts,CostlyCorianders,1953392
2026-07-01T08:07:33.194432,2026-07-01T08:07:33.203644+00:00,81.2,10,ask,Zijun Feng,CostlyCorianders,1953393
2026-07-01T08:07:33.194432,2026-07-01T08:07:33.203644+00:00,81.0,36,ask,EarnestEspressos,CostlyCorianders,1953394
2026-07-01T08:07:34.306183,2026-07-01T08:07:34.316493+00:00,81.1,10,ask,Zijun Feng,FlawlessFlatbreads,1953418
2026-07-01T08:07:34.306183,2026-07-01T08:07:34.316493+00:00,81.0,40,ask,EarnestEspressos,FlawlessFlatbreads,1953419
2026-07-01T08:07:35.012514,2026-07-01T08:07:35.034699+00:00,81.1,10,ask,Zijun Feng,EarnestEspressos,1953434
2026-07-01T08:07:35.028230,2026-07-01T08:07:35.034699+00:00,81.1,14,bid,Xuanyu Liu,EarnestEspressos,1953436
2026-07-01T08:07:36.421451,2026-07-01T08:07:36.426624+00:00,81.0,3,ask,Kelvin Chan,FlawlessFlatbreads,1953467
2026-07-01T08:07:36.421451,2026-07-01T08:07:36.426624+00:00,81.0,10,ask,Zijun Feng,FlawlessFlatbreads,1953468
2026-07-01T08:07:36.421451,2026-07-01T08:07:36.437063+00:00,80.9,37,ask,DiligentDonuts,FlawlessFlatbreads,1953469
2026-07-01T08:07:36.435023,2026-07-01T08:07:36.437063+00:00,81.1,49,bid,CostlyCorianders,EarnestEspressos,1953470
2026-07-01T08:07:37.654724,2026-07-01T08:07:37.662626+00:00,81.0,3,ask,Kelvin Chan,CostlyCorianders,1953489
2026-07-01T08:07:37.654724,2026-07-01T08:07:37.662626+00:00,81.0,10,ask,Zijun Feng,CostlyCorianders,1953490
2026-07-01T08:07:38.530396,2026-07-01T08:07:38.541133+00:00,81.0,3,ask,Kelvin Chan,FlawlessFlatbreads,1953515
2026-07-01T08:07:38.530396,2026-07-01T08:07:38.541133+00:00,80.9,47,ask,EarnestEspressos,FlawlessFlatbreads,1953516
2026-07-01T08:07:40.677602,2026-07-01T08:07:40.685177+00:00,80.9,50,ask,EarnestEspressos,FlawlessFlatbreads,1953579
2026-07-01T08:07:41.352845,2026-07-01T08:07:41.357227+00:00,80.8,8,bid,Xuanyu Liu,EarnestEspressos,1953594
2026-07-01T08:07:41.792164,2026-07-01T08:07:41.801294+00:00,80.8,2,bid,Kelvin Chan,EarnestEspressos,1953605
2026-07-01T08:07:42.391820,2026-07-01T08:07:42.399617+00:00,80.8,47,bid,CostlyCorianders,EarnestEspressos,1953625
2026-07-01T08:07:42.713249,2026-07-01T08:07:42.718166+00:00,80.8,3,bid,Kelvin Chan,EarnestEspressos,1953633
2026-07-01T08:07:42.734509,2026-07-01T08:07:42.738869+00:00,80.8,50,bid,FlawlessFlatbreads,EarnestEspressos,1953634
2026-07-01T08:07:43.306730,2026-07-01T08:07:43.316060+00:00,80.8,40,bid,DiligentDonuts,EarnestEspressos,1953646
2026-07-01T08:07:43.432886,2026-07-01T08:07:43.439392+00:00,80.8,42,ask,DiligentDonuts,CostlyCorianders,1953654
2026-07-01T08:07:44.614948,2026-07-01T08:07:44.622481+00:00,81.2,46,ask,EarnestEspressos,CostlyCorianders,1953686
2026-07-01T08:07:44.895048,2026-07-01T08:07:44.899986+00:00,81.2,5,ask,EarnestEspressos,Kelvin Chan,1953692
2026-07-01T08:07:44.963010,2026-07-01T08:07:44.971914+00:00,81.2,5,ask,EarnestEspressos,Kelvin Chan,1953695
2026-07-01T08:07:45.880367,2026-07-01T08:07:45.886369+00:00,81.2,5,ask,EarnestEspressos,Kelvin Chan,1953724
2026-07-01T08:07:45.966395,2026-07-01T08:07:45.969012+00:00,81.2,5,ask,EarnestEspressos,Kelvin Chan,1953727
2026-07-01T08:07:46.083379,2026-07-01T08:07:46.092757+00:00,81.3,42,bid,CostlyCorianders,DiligentDonuts,1953729
2026-07-01T08:07:46.359446,2026-07-01T08:07:46.371498+00:00,81.2,5,ask,EarnestEspressos,Kelvin Chan,1953733
2026-07-01T08:07:46.441560,2026-07-01T08:07:46.445913+00:00,81.2,8,ask,EarnestEspressos,Xuanyu Liu,1953739
2026-07-01T08:07:46.532684,2026-07-01T08:07:46.549627+00:00,81.2,71,ask,EarnestEspressos,DiligentDonuts,1953742
2026-07-01T08:07:47.004938,2026-07-01T08:07:47.013725+00:00,80.7,50,ask,DiligentDonuts,FlawlessFlatbreads,1953760
2026-07-01T08:07:49.061361,2026-07-01T08:07:49.079523+00:00,81.0,50,bid,FlawlessFlatbreads,EarnestEspressos,1953794
2026-07-01T08:07:49.075238,2026-07-01T08:07:49.079523+00:00,81.0,8,bid,Xuanyu Liu,EarnestEspressos,1953796
2026-07-01T08:07:51.189427,2026-07-01T08:07:51.201040+00:00,81.1,10,bid,FlawlessFlatbreads,Zijun Feng,1953848
2026-07-01T08:07:51.189427,2026-07-01T08:07:51.201040+00:00,81.2,2,bid,FlawlessFlatbreads,Kelvin Chan,1953849
2026-07-01T08:07:51.189427,2026-07-01T08:07:51.201040+00:00,81.2,38,bid,FlawlessFlatbreads,EarnestEspressos,1953850
2026-07-01T08:07:53.377125,2026-07-01T08:07:53.381997+00:00,80.8,3,ask,Kelvin Chan,FlawlessFlatbreads,1953904
2026-07-01T08:07:53.377125,2026-07-01T08:07:53.381997+00:00,80.7,47,ask,EarnestEspressos,FlawlessFlatbreads,1953905
2026-07-01T08:07:55.433908,2026-07-01T08:07:55.438390+00:00,81.1,3,bid,FlawlessFlatbreads,Kelvin Chan,1953946
2026-07-01T08:07:55.433908,2026-07-01T08:07:55.438390+00:00,81.2,47,bid,FlawlessFlatbreads,DiligentDonuts,1953947
2026-07-01T08:07:56.033405,2026-07-01T08:07:56.038771+00:00,81.2,49,bid,CostlyCorianders,EarnestEspressos,1953960
2026-07-01T08:07:57.225805,2026-07-01T08:07:57.234046+00:00,81.1,3,bid,CostlyCorianders,Kelvin Chan,1953983
2026-07-01T08:07:57.225805,2026-07-01T08:07:57.234046+00:00,81.1,10,bid,CostlyCorianders,Zijun Feng,1953984
2026-07-01T08:07:57.225805,2026-07-01T08:07:57.234046+00:00,81.3,33,bid,CostlyCorianders,DiligentDonuts,1953985
2026-07-01T08:07:57.595590,2026-07-01T08:07:57.605254+00:00,81.0,50,ask,EarnestEspressos,FlawlessFlatbreads,1953989
2026-07-01T08:07:59.651105,2026-07-01T08:07:59.662628+00:00,81.4,10,bid,FlawlessFlatbreads,Zijun Feng,1954042
2026-07-01T08:07:59.651105,2026-07-01T08:07:59.662628+00:00,81.4,40,bid,FlawlessFlatbreads,DiligentDonuts,1954043
2026-07-01T08:08:00.472755,2026-07-01T08:08:00.477772+00:00,81.0,10,ask,Zijun Feng,CostlyCorianders,1954058
2026-07-01T08:08:00.472755,2026-07-01T08:08:00.477772+00:00,80.9,38,ask,DiligentDonuts,CostlyCorianders,1954059
2026-07-01T08:08:01.051751,2026-07-01T08:08:01.055492+00:00,81.2,42,bid,CostlyCorianders,EarnestEspressos,1954075
2026-07-01T08:08:01.759490,2026-07-01T08:08:01.764541+00:00,81.2,50,bid,FlawlessFlatbreads,EarnestEspressos,1954080
2026-07-01T08:08:03.527746,2026-07-01T08:08:03.531835+00:00,81.1,8,ask,EarnestEspressos,Xuanyu Liu,1954127
2026-07-01T08:08:03.904901,2026-07-01T08:08:03.912954+00:00,81.2,1,bid,FlawlessFlatbreads,Kelvin Chan,1954132
2026-07-01T08:08:03.904901,2026-07-01T08:08:03.912954+00:00,81.2,10,bid,FlawlessFlatbreads,Zijun Feng,1954133
2026-07-01T08:08:03.904901,2026-07-01T08:08:03.912954+00:00,81.4,39,bid,FlawlessFlatbreads,DiligentDonuts,1954134
2026-07-01T08:08:04.917259,2026-07-01T08:08:04.923396+00:00,81.1,40,ask,EarnestEspressos,CostlyCorianders,1954152
2026-07-01T08:08:06.016475,2026-07-01T08:08:06.021723+00:00,81.5,10,bid,FlawlessFlatbreads,Zijun Feng,1954166
2026-07-01T08:08:06.016475,2026-07-01T08:08:06.021723+00:00,81.6,40,bid,FlawlessFlatbreads,EarnestEspressos,1954167
2026-07-01T08:08:07.476282,2026-07-01T08:08:07.480239+00:00,81.2,8,ask,DiligentDonuts,Xuanyu Liu,1954192
2026-07-01T08:08:08.144025,2026-07-01T08:08:08.148866+00:00,81.5,10,bid,FlawlessFlatbreads,Zijun Feng,1954203
2026-07-01T08:08:08.144025,2026-07-01T08:08:08.148866+00:00,81.6,40,bid,FlawlessFlatbreads,EarnestEspressos,1954204
2026-07-01T08:08:10.254169,2026-07-01T08:08:10.265386+00:00,81.5,50,bid,FlawlessFlatbreads,DiligentDonuts,1954236
2026-07-01T08:08:12.394772,2026-07-01T08:08:12.398540+00:00,81.7,50,bid,FlawlessFlatbreads,EarnestEspressos,1954271
2026-07-01T08:08:12.941642,2026-07-01T08:08:12.946282+00:00,81.4,43,ask,DiligentDonuts,CostlyCorianders,1954286
2026-07-01T08:08:12.967267,2026-07-01T08:08:12.971348+00:00,81.5,11,ask,EarnestEspressos,Xuanyu Liu,1954289
2026-07-01T08:08:13.962488,2026-07-01T08:08:13.966032+00:00,81.5,3,ask,EarnestEspressos,Xuanyu Liu,1954310
2026-07-01T08:08:16.665217,2026-07-01T08:08:16.670224+00:00,81.3,50,ask,EarnestEspressos,FlawlessFlatbreads,1954365
2026-07-01T08:08:18.728586,2026-07-01T08:08:18.732108+00:00,81.6,50,bid,FlawlessFlatbreads,DiligentDonuts,1954411
2026-07-01T08:08:20.908352,2026-07-01T08:08:20.915432+00:00,81.2,4,ask,Kelvin Chan,FlawlessFlatbreads,1954463
2026-07-01T08:08:20.908352,2026-07-01T08:08:20.915432+00:00,81.2,46,ask,EarnestEspressos,FlawlessFlatbreads,1954464
2026-07-01T08:08:22.717826,2026-07-01T08:08:22.719799+00:00,81.3,43,ask,DiligentDonuts,CostlyCorianders,1954502
2026-07-01T08:08:23.046971,2026-07-01T08:08:23.057773+00:00,81.3,50,ask,DiligentDonuts,FlawlessFlatbreads,1954507
2026-07-01T08:08:25.101072,2026-07-01T08:08:25.103685+00:00,81.2,48,bid,CostlyCorianders,DiligentDonuts,1954549
2026-07-01T08:08:25.159071,2026-07-01T08:08:25.165795+00:00,80.9,50,ask,EarnestEspressos,FlawlessFlatbreads,1954551
2026-07-01T08:08:27.269076,2026-07-01T08:08:27.281871+00:00,80.7,40,ask,DiligentDonuts,CostlyCorianders,1954598
2026-07-01T08:08:27.269461,2026-07-01T08:08:27.292370+00:00,80.7,50,ask,DiligentDonuts,FlawlessFlatbreads,1954599
2026-07-01T08:08:31.099688,2026-07-01T08:08:31.103400+00:00,80.9,3,bid,Xuanyu Liu,DiligentDonuts,1954689
2026-07-01T08:08:32.419640,2026-07-01T08:08:32.423721+00:00,80.9,11,bid,Xuanyu Liu,DiligentDonuts,1954714
2026-07-01T08:08:32.531896,2026-07-01T08:08:32.537172+00:00,80.9,41,bid,CostlyCorianders,DiligentDonuts,1954715
2026-07-01T08:08:32.834141,2026-07-01T08:08:32.845435+00:00,80.9,1,bid,Kelvin Chan,DiligentDonuts,1954716
2026-07-01T08:08:32.859103,2026-07-01T08:08:32.865982+00:00,80.9,1,bid,Kelvin Chan,DiligentDonuts,1954717
2026-07-01T08:08:32.891729,2026-07-01T08:08:32.896898+00:00,80.9,1,bid,Kelvin Chan,DiligentDonuts,1954718
2026-07-01T08:08:32.920154,2026-07-01T08:08:32.927633+00:00,80.9,1,bid,Kelvin Chan,DiligentDonuts,1954719
2026-07-01T08:08:32.953380,2026-07-01T08:08:32.958419+00:00,80.9,1,bid,Kelvin Chan,DiligentDonuts,1954720
2026-07-01T08:08:33.584723,2026-07-01T08:08:33.586559+00:00,80.6,10,ask,Zijun Feng,FlawlessFlatbreads,1954749
2026-07-01T08:08:33.584723,2026-07-01T08:08:33.596910+00:00,80.5,40,ask,EarnestEspressos,FlawlessFlatbreads,1954750
2026-07-01T08:08:35.644608,2026-07-01T08:08:35.648070+00:00,80.9,50,bid,FlawlessFlatbreads,EarnestEspressos,1954805
2026-07-01T08:08:36.610121,2026-07-01T08:08:36.617246+00:00,80.9,41,bid,CostlyCorianders,EarnestEspressos,1954835
2026-07-01T08:08:37.176271,2026-07-01T08:08:37.183327+00:00,80.8,10,ask,Zijun Feng,CostlyCorianders,1954841
2026-07-01T08:08:37.176271,2026-07-01T08:08:37.183327+00:00,80.6,35,ask,DiligentDonuts,CostlyCorianders,1954842
2026-07-01T08:08:37.802840,2026-07-01T08:08:37.860569+00:00,80.6,50,ask,DiligentDonuts,FlawlessFlatbreads,1954863
2026-07-01T08:08:39.697331,2026-07-01T08:08:39.709291+00:00,81.1,47,bid,CostlyCorianders,DiligentDonuts,1954905
2026-07-01T08:08:39.752084,2026-07-01T08:08:39.760837+00:00,80.7,42,ask,EarnestEspressos,CostlyCorianders,1954910
2026-07-01T08:08:39.858126,2026-07-01T08:08:39.863478+00:00,81.1,50,bid,FlawlessFlatbreads,DiligentDonuts,1954911
2026-07-01T08:08:40.388326,2026-07-01T08:08:40.399774+00:00,81.2,1,bid,CostlyCorianders,Kelvin Chan,1954929
2026-07-01T08:08:40.388326,2026-07-01T08:08:40.399774+00:00,81.2,45,bid,CostlyCorianders,EarnestEspressos,1954930
2026-07-01T08:08:43.621136,2026-07-01T08:08:43.625943+00:00,80.8,4,ask,Kelvin Chan,CostlyCorianders,1954995
2026-07-01T08:08:43.621136,2026-07-01T08:08:43.625943+00:00,80.8,44,ask,EarnestEspressos,CostlyCorianders,1954996
2026-07-01T08:08:44.068027,2026-07-01T08:08:44.070488+00:00,81.1,1,bid,FlawlessFlatbreads,Kelvin Chan,1955003
2026-07-01T08:08:45.143826,2026-07-01T08:08:45.155265+00:00,80.8,44,ask,DiligentDonuts,CostlyCorianders,1955033
2026-07-01T08:08:48.283470,2026-07-01T08:08:48.286294+00:00,81.1,50,bid,FlawlessFlatbreads,DiligentDonuts,1955111
2026-07-01T08:08:50.390641,2026-07-01T08:08:50.400953+00:00,81.1,50,bid,FlawlessFlatbreads,EarnestEspressos,1955153
2026-07-01T08:08:51.635661,2026-07-01T08:08:51.638500+00:00,81.1,5,bid,CostlyCorianders,Kelvin Chan,1955178
2026-07-01T08:08:51.635661,2026-07-01T08:08:51.648818+00:00,81.2,42,bid,CostlyCorianders,DiligentDonuts,1955179
2026-07-01T08:08:52.277245,2026-07-01T08:08:52.287291+00:00,80.9,47,ask,EarnestEspressos,CostlyCorianders,1955203
2026-07-01T08:08:52.495942,2026-07-01T08:08:52.503498+00:00,81.1,2,bid,DiligentDonuts,Kelvin Chan,1955206
2026-07-01T08:08:52.495942,2026-07-01T08:08:52.503498+00:00,81.2,48,bid,FlawlessFlatbreads,DiligentDonuts,1955207
2026-07-01T08:08:52.992919,2026-07-01T08:08:52.996026+00:00,81.1,2,bid,FlawlessFlatbreads,Kelvin Chan,1955216
2026-07-01T08:08:53.015046,2026-07-01T08:08:53.019138+00:00,81.1,11,ask,DiligentDonuts,Xuanyu Liu,1955218
2026-07-01T08:08:54.605103,2026-07-01T08:08:54.607352+00:00,81.2,50,bid,FlawlessFlatbreads,EarnestEspressos,1955259
2026-07-01T08:08:55.776351,2026-07-01T08:08:55.784577+00:00,81.2,41,bid,CostlyCorianders,EarnestEspressos,1955281
2026-07-01T08:08:56.157472,2026-07-01T08:08:56.166152+00:00,81.2,59,bid,DiligentDonuts,EarnestEspressos,1955290
2026-07-01T08:08:56.157472,2026-07-01T08:08:56.166152+00:00,81.2,10,bid,DiligentDonuts,Zijun Feng,1955291
2026-07-01T08:08:56.712681,2026-07-01T08:08:56.722183+00:00,81.6,10,bid,FlawlessFlatbreads,Zijun Feng,1955303
2026-07-01T08:08:56.712681,2026-07-01T08:08:56.722183+00:00,81.7,40,bid,FlawlessFlatbreads,DiligentDonuts,1955304
2026-07-01T08:08:57.284755,2026-07-01T08:08:57.289497+00:00,81.3,3,ask,EarnestEspressos,Xuanyu Liu,1955317
2026-07-01T08:08:58.616302,2026-07-01T08:08:58.626458+00:00,81.3,4,ask,EarnestEspressos,Kelvin Chan,1955341
2026-07-01T08:08:59.978272,2026-07-01T08:08:59.988633+00:00,81.5,40,bid,CostlyCorianders,DiligentDonuts,1955387
2026-07-01T08:09:00.033824,2026-07-01T08:09:00.040754+00:00,81.3,48,ask,EarnestEspressos,CostlyCorianders,1955390
2026-07-01T08:09:00.936167,2026-07-01T08:09:00.938778+00:00,81.4,10,bid,FlawlessFlatbreads,Zijun Feng,1955408
2026-07-01T08:09:00.936167,2026-07-01T08:09:00.949078+00:00,81.5,40,bid,FlawlessFlatbreads,DiligentDonuts,1955409
2026-07-01T08:09:03.098346,2026-07-01T08:09:03.108949+00:00,81.2,50,ask,DiligentDonuts,FlawlessFlatbreads,1955450
2026-07-01T08:09:05.205001,2026-07-01T08:09:05.207237+00:00,81.2,50,ask,DiligentDonuts,FlawlessFlatbreads,1955487
2026-07-01T08:09:06.226390,2026-07-01T08:09:06.237193+00:00,81.1,3,ask,Kelvin Chan,CostlyCorianders,1955506
2026-07-01T08:09:06.226390,2026-07-01T08:09:06.237193+00:00,81.0,42,ask,EarnestEspressos,CostlyCorianders,1955507
2026-07-01T08:09:07.261026,2026-07-01T08:09:07.268402+00:00,81.2,50,bid,FlawlessFlatbreads,DiligentDonuts,1955531
2026-07-01T08:09:07.867924,2026-07-01T08:09:07.875470+00:00,81.2,42,bid,CostlyCorianders,DiligentDonuts,1955549
2026-07-01T08:09:10.113323,2026-07-01T08:09:10.117902+00:00,81.1,40,ask,DiligentDonuts,CostlyCorianders,1955610
2026-07-01T08:09:11.117922,2026-07-01T08:09:11.123477+00:00,81.1,43,ask,DiligentDonuts,CostlyCorianders,1955631
2026-07-01T08:09:11.546272,2026-07-01T08:09:11.554074+00:00,81.1,17,ask,DiligentDonuts,FlawlessFlatbreads,1955644
2026-07-01T08:09:11.546272,2026-07-01T08:09:11.554074+00:00,81.0,5,ask,Kelvin Chan,FlawlessFlatbreads,1955645
2026-07-01T08:09:11.546272,2026-07-01T08:09:11.554074+00:00,80.7,28,ask,EarnestEspressos,FlawlessFlatbreads,1955646
2026-07-01T08:09:14.164576,2026-07-01T08:09:14.172448+00:00,81.1,48,bid,CostlyCorianders,EarnestEspressos,1955709
2026-07-01T08:09:14.815704,2026-07-01T08:09:14.820004+00:00,81.1,46,bid,CostlyCorianders,EarnestEspressos,1955713
2026-07-01T08:09:15.719781,2026-07-01T08:09:15.730058+00:00,81.1,50,bid,FlawlessFlatbreads,EarnestEspressos,1955737
2026-07-01T08:09:17.830524,2026-07-01T08:09:17.835298+00:00,81.2,2,bid,FlawlessFlatbreads,Kelvin Chan,1955792
2026-07-01T08:09:17.830524,2026-07-01T08:09:17.835298+00:00,81.2,48,bid,FlawlessFlatbreads,DiligentDonuts,1955793
2026-07-01T08:09:18.364757,2026-07-01T08:09:18.370892+00:00,81.0,1,ask,Kelvin Chan,CostlyCorianders,1955809
2026-07-01T08:09:18.364757,2026-07-01T08:09:18.370892+00:00,81.0,48,ask,EarnestEspressos,CostlyCorianders,1955810
2026-07-01T08:09:22.081612,2026-07-01T08:09:22.092720+00:00,81.2,50,bid,FlawlessFlatbreads,DiligentDonuts,1955870
2026-07-01T08:09:24.187989,2026-07-01T08:09:24.200438+00:00,81.1,50,bid,FlawlessFlatbreads,EarnestEspressos,1955914
2026-07-01T08:09:24.660732,2026-07-01T08:09:24.665875+00:00,81.1,100,bid,DiligentDonuts,EarnestEspressos,1955930
2026-07-01T08:09:25.787070,2026-07-01T08:09:25.789174+00:00,81.2,5,bid,EarnestEspressos,Kelvin Chan,1955950
2026-07-01T08:09:25.796840,2026-07-01T08:09:25.816370+00:00,81.5,145,ask,EarnestEspressos,Chester Au,1955952
2026-07-01T08:09:27.909124,2026-07-01T08:09:27.913441+00:00,81.1,18,bid,Xuanyu Liu,DiligentDonuts,1955994
2026-07-01T08:09:28.447738,2026-07-01T08:09:28.451908+00:00,81.1,3,bid,Xuanyu Liu,DiligentDonuts,1956006
2026-07-01T08:09:28.505118,2026-07-01T08:09:28.513371+00:00,81.1,43,bid,CostlyCorianders,DiligentDonuts,1956007
2026-07-01T08:09:28.976772,2026-07-01T08:09:28.984156+00:00,81.1,36,bid,Chester Au,DiligentDonuts,1956017
2026-07-01T08:09:29.567654,2026-07-01T08:09:29.569297+00:00,81.2,4,bid,zicheng xu,Kelvin Chan,1956038
2026-07-01T08:09:30.106975,2026-07-01T08:09:30.112221+00:00,80.9,1,ask,Kelvin Chan,CostlyCorianders,1956044
2026-07-01T08:09:30.106975,2026-07-01T08:09:30.112221+00:00,80.9,47,ask,EarnestEspressos,CostlyCorianders,1956045
2026-07-01T08:09:30.505819,2026-07-01T08:09:30.512963+00:00,81.4,50,bid,FlawlessFlatbreads,EarnestEspressos,1956050
2026-07-01T08:09:32.193534,2026-07-01T08:09:32.195786+00:00,81.4,10,bid,CostlyCorianders,Zijun Feng,1956095
2026-07-01T08:09:32.193534,2026-07-01T08:09:32.206026+00:00,81.7,35,bid,CostlyCorianders,DiligentDonuts,1956096
2026-07-01T08:09:32.619114,2026-07-01T08:09:32.626159+00:00,81.5,50,bid,FlawlessFlatbreads,EarnestEspressos,1956110
2026-07-01T08:09:32.767781,2026-07-01T08:09:32.769836+00:00,81.2,48,ask,DiligentDonuts,CostlyCorianders,1956113
2026-07-01T08:09:34.740618,2026-07-01T08:09:34.750921+00:00,81.5,50,bid,FlawlessFlatbreads,EarnestEspressos,1956154
2026-07-01T08:09:35.330951,2026-07-01T08:09:35.336303+00:00,81.3,3,ask,EarnestEspressos,Xuanyu Liu,1956165
2026-07-01T08:09:35.408837,2026-07-01T08:09:35.418581+00:00,81.3,100,ask,EarnestEspressos,Eric Deng,1956168
2026-07-01T08:09:35.480267,2026-07-01T08:09:35.490205+00:00,81.3,4,ask,EarnestEspressos,Kelvin Chan,1956169
2026-07-01T08:09:36.093960,2026-07-01T08:09:36.099884+00:00,81.3,3,ask,EarnestEspressos,Kelvin Chan,1956178
2026-07-01T08:09:36.847226,2026-07-01T08:09:36.869727+00:00,81.5,50,bid,FlawlessFlatbreads,DiligentDonuts,1956198
2026-07-01T08:09:37.716072,2026-07-01T08:09:37.724140+00:00,81.6,48,bid,CostlyCorianders,DiligentDonuts,1956216
2026-07-01T08:09:38.088482,2026-07-01T08:09:38.093082+00:00,81.3,40,ask,EarnestEspressos,Eric Deng,1956225
2026-07-01T08:09:38.528333,2026-07-01T08:09:38.535122+00:00,81.1,100,ask,DiligentDonuts,EarnestEspressos,1956234
2026-07-01T08:09:38.985400,2026-07-01T08:09:38.996661+00:00,81.1,50,bid,FlawlessFlatbreads,EarnestEspressos,1956247
2026-07-01T08:09:39.283700,2026-07-01T08:09:39.294317+00:00,81.1,10,bid,CostlyCorianders,Zijun Feng,1956249
2026-07-01T08:09:40.833029,2026-07-01T08:09:40.844723+00:00,80.9,42,ask,DiligentDonuts,CostlyCorianders,1956281
2026-07-01T08:09:41.094228,2026-07-01T08:09:41.101365+00:00,81.4,50,bid,FlawlessFlatbreads,DiligentDonuts,1956292
2026-07-01T08:09:41.715424,2026-07-01T08:09:41.726424+00:00,81.3,60,ask,EarnestEspressos,Eric Deng,1956304
2026-07-01T08:09:42.402618,2026-07-01T08:09:42.405145+00:00,81.3,41,ask,EarnestEspressos,CostlyCorianders,1956313
2026-07-01T08:09:42.806457,2026-07-01T08:09:42.814977+00:00,81.3,25,ask,EarnestEspressos,Jessica Xu,1956320
2026-07-01T08:09:42.985705,2026-07-01T08:09:43.000145+00:00,81.4,42,bid,CostlyCorianders,DiligentDonuts,1956326
2026-07-01T08:09:43.225050,2026-07-01T08:09:43.236500+00:00,81.4,8,bid,FlawlessFlatbreads,DiligentDonuts,1956327
2026-07-01T08:09:43.225050,2026-07-01T08:09:43.236500+00:00,81.4,10,bid,FlawlessFlatbreads,Zijun Feng,1956328
2026-07-01T08:09:43.225050,2026-07-01T08:09:43.236500+00:00,81.8,32,bid,FlawlessFlatbreads,EarnestEspressos,1956329
2026-07-01T08:09:43.581489,2026-07-01T08:09:43.596021+00:00,81.3,24,ask,EarnestEspressos,CostlyCorianders,1956340
2026-07-01T08:09:45.338181,2026-07-01T08:09:45.342295+00:00,81.4,3,bid,FlawlessFlatbreads,Kelvin Chan,1956385
2026-07-01T08:09:45.338181,2026-07-01T08:09:45.352583+00:00,81.4,47,bid,FlawlessFlatbreads,EarnestEspressos,1956386
2026-07-01T08:09:47.500261,2026-07-01T08:09:47.509712+00:00,81.3,50,ask,DiligentDonuts,FlawlessFlatbreads,1956430
2026-07-01T08:09:48.905546,2026-07-01T08:09:48.909782+00:00,81.4,1,bid,Xuanyu Liu,Kelvin Chan,1956473
2026-07-01T08:09:49.556812,2026-07-01T08:09:49.568061+00:00,81.7,50,bid,FlawlessFlatbreads,EarnestEspressos,1956489
2026-07-01T08:09:51.685887,2026-07-01T08:09:51.697022+00:00,81.8,50,bid,FlawlessFlatbreads,DiligentDonuts,1956537
2026-07-01T08:09:51.699648,2026-07-01T08:09:51.707332+00:00,81.8,40,bid,CostlyCorianders,DiligentDonuts,1956538
2026-07-01T08:09:51.967391,2026-07-01T08:09:51.974356+00:00,81.5,1,ask,EarnestEspressos,Kelvin Chan,1956544
2026-07-01T08:09:52.113207,2026-07-01T08:09:52.118923+00:00,81.5,1,ask,EarnestEspressos,Kelvin Chan,1956547
2026-07-01T08:09:52.704767,2026-07-01T08:09:52.709011+00:00,81.5,1,ask,EarnestEspressos,Xuanyu Liu,1956562
2026-07-01T08:09:52.838712,2026-07-01T08:09:52.843263+00:00,81.5,25,ask,EarnestEspressos,Jessica Xu,1956573
2026-07-01T08:09:53.794153,2026-07-01T08:09:53.800572+00:00,81.8,10,bid,FlawlessFlatbreads,Zijun Feng,1956592
2026-07-01T08:09:53.794153,2026-07-01T08:09:53.800572+00:00,81.9,40,bid,FlawlessFlatbreads,DiligentDonuts,1956593
2026-07-01T08:09:55.903436,2026-07-01T08:09:55.910569+00:00,81.7,10,bid,FlawlessFlatbreads,Zijun Feng,1956650
2026-07-01T08:09:55.903436,2026-07-01T08:09:55.910569+00:00,81.8,40,bid,FlawlessFlatbreads,EarnestEspressos,1956651
2026-07-01T08:09:56.166414,2026-07-01T08:09:56.178854+00:00,81.4,91,ask,DiligentDonuts,Chester Au,1956658
2026-07-01T08:09:56.174647,2026-07-01T08:09:56.178854+00:00,81.4,9,ask,DiligentDonuts,Xuanyu Liu,1956660
2026-07-01T08:09:56.600629,2026-07-01T08:09:56.609611+00:00,81.3,48,ask,EarnestEspressos,CostlyCorianders,1956669
2026-07-01T08:09:58.013593,2026-07-01T08:09:58.018220+00:00,81.6,50,bid,FlawlessFlatbreads,DiligentDonuts,1956705
2026-07-01T08:09:58.884615,2026-07-01T08:09:58.893894+00:00,81.6,47,bid,CostlyCorianders,DiligentDonuts,1956730
2026-07-01T08:09:59.834683,2026-07-01T08:09:59.840835+00:00,81.7,48,bid,CostlyCorianders,EarnestEspressos,1956747
2026-07-01T08:10:00.181085,2026-07-01T08:10:00.190648+00:00,81.5,50,ask,DiligentDonuts,FlawlessFlatbreads,1956753
2026-07-01T08:10:02.470653,2026-07-01T08:10:02.480449+00:00,81.5,40,ask,DiligentDonuts,CostlyCorianders,1956799
2026-07-01T08:10:03.488764,2026-07-01T08:10:03.497000+00:00,81.5,49,ask,EarnestEspressos,CostlyCorianders,1956815
2026-07-01T08:10:03.945997,2026-07-01T08:10:03.949061+00:00,81.9,43,bid,CostlyCorianders,DiligentDonuts,1956829
2026-07-01T08:10:04.343062,2026-07-01T08:10:04.348404+00:00,81.9,50,bid,FlawlessFlatbreads,DiligentDonuts,1956835
2026-07-01T08:10:06.448920,2026-07-01T08:10:06.454765+00:00,81.9,50,bid,FlawlessFlatbreads,EarnestEspressos,1956879
2026-07-01T08:10:07.066549,2026-07-01T08:10:07.070529+00:00,81.7,12,ask,DiligentDonuts,Xuanyu Liu,1956898
2026-07-01T08:10:07.329069,2026-07-01T08:10:07.338867+00:00,81.7,4,ask,DiligentDonuts,Aaron Tian,1956911
2026-07-01T08:10:07.866012,2026-07-01T08:10:07.873687+00:00,81.7,25,ask,DiligentDonuts,Jessica Xu,1956922
2026-07-01T08:10:08.293069,2026-07-01T08:10:08.298029+00:00,81.7,11,ask,DiligentDonuts,Xuanyu Liu,1956928
2026-07-01T08:10:08.553972,2026-07-01T08:10:08.556661+00:00,82.0,10,bid,FlawlessFlatbreads,Zijun Feng,1956935
2026-07-01T08:10:08.553972,2026-07-01T08:10:08.567143+00:00,82.1,40,bid,FlawlessFlatbreads,EarnestEspressos,1956936
2026-07-01T08:10:10.620256,2026-07-01T08:10:10.627367+00:00,81.4,4,ask,EarnestEspressos,Aaron Tian,1956987
2026-07-01T08:10:10.661016,2026-07-01T08:10:10.668472+00:00,81.4,42,ask,EarnestEspressos,CostlyCorianders,1956988
2026-07-01T08:10:11.796904,2026-07-01T08:10:11.808492+00:00,81.8,45,bid,CostlyCorianders,DiligentDonuts,1957008
2026-07-01T08:10:12.822044,2026-07-01T08:10:12.825571+00:00,81.4,50,ask,EarnestEspressos,FlawlessFlatbreads,1957032
2026-07-01T08:10:12.877938,2026-07-01T08:10:12.887101+00:00,81.4,25,ask,EarnestEspressos,Jessica Xu,1957033
2026-07-01T08:10:13.383714,2026-07-01T08:10:13.387876+00:00,81.5,11,bid,Xuanyu Liu,EarnestEspressos,1957058
2026-07-01T08:10:13.733145,2026-07-01T08:10:13.737283+00:00,81.5,23,bid,Xuanyu Liu,EarnestEspressos,1957067
2026-07-01T08:10:14.460007,2026-07-01T08:10:14.467419+00:00,81.5,47,bid,CostlyCorianders,EarnestEspressos,1957078
2026-07-01T08:10:14.928327,2026-07-01T08:10:14.940743+00:00,81.4,50,ask,DiligentDonuts,FlawlessFlatbreads,1957087
2026-07-01T08:10:15.668775,2026-07-01T08:10:15.671898+00:00,81.4,40,ask,DiligentDonuts,CostlyCorianders,1957105
2026-07-01T08:10:17.678691,2026-07-01T08:10:17.682532+00:00,81.4,11,ask,DiligentDonuts,Xuanyu Liu,1957161
