timestamp,recv_time,price,volume,aggressor_side,buyer,seller,trade_id
2026-07-03T20:00:01.454168,2026-07-03T20:00:01.453762+00:00,118.1,77,ask,EarnestEspressos,DiligentDonuts,6137629
2026-07-03T20:00:01.581751,2026-07-03T20:00:01.591640+00:00,118.0,12,bid,Xuanyu Liu,DiligentDonuts,6137633
2026-07-03T20:00:04.098444,2026-07-03T20:00:04.107864+00:00,117.7,50,ask,EarnestEspressos,FlawlessFlatbreads,6137666
2026-07-03T20:00:06.204341,2026-07-03T20:00:06.215993+00:00,117.8,50,ask,DiligentDonuts,FlawlessFlatbreads,6137695
2026-07-03T20:00:07.120437,2026-07-03T20:00:07.129530+00:00,118.0,42,bid,CostlyCorianders,EarnestEspressos,6137708
2026-07-03T20:00:08.312193,2026-07-03T20:00:08.323898+00:00,117.7,50,ask,DiligentDonuts,FlawlessFlatbreads,6137723
2026-07-03T20:00:10.419048,2026-07-03T20:00:10.429063+00:00,117.7,50,ask,DiligentDonuts,FlawlessFlatbreads,6137753
2026-07-03T20:00:10.965859,2026-07-03T20:00:10.985318+00:00,117.8,11,bid,Xuanyu Liu,DiligentDonuts,6137760
2026-07-03T20:00:12.527596,2026-07-03T20:00:12.538009+00:00,117.6,50,ask,EarnestEspressos,FlawlessFlatbreads,6137785
2026-07-03T20:00:12.897358,2026-07-03T20:00:12.909179+00:00,117.6,40,ask,EarnestEspressos,CostlyCorianders,6137791
2026-07-03T20:00:13.418113,2026-07-03T20:00:13.427501+00:00,117.8,12,bid,Xuanyu Liu,DiligentDonuts,6137802
2026-07-03T20:00:14.635004,2026-07-03T20:00:14.646426+00:00,117.6,50,ask,EarnestEspressos,FlawlessFlatbreads,6137818
2026-07-03T20:00:14.673692,2026-07-03T20:00:14.685185+00:00,117.6,10,ask,EarnestEspressos,CostlyCorianders,6137820
2026-07-03T20:00:14.673692,2026-07-03T20:00:14.685185+00:00,117.3,38,ask,DiligentDonuts,CostlyCorianders,6137821
2026-07-03T20:00:15.165084,2026-07-03T20:00:15.172217+00:00,117.5,14,bid,Xuanyu Liu,EarnestEspressos,6137828
2026-07-03T20:00:16.744168,2026-07-03T20:00:16.751638+00:00,117.3,50,ask,DiligentDonuts,FlawlessFlatbreads,6137858
2026-07-03T20:00:17.963284,2026-07-03T20:00:17.974886+00:00,117.5,41,bid,CostlyCorianders,EarnestEspressos,6137873
2026-07-03T20:00:18.587957,2026-07-03T20:00:18.599588+00:00,117.8,41,bid,CostlyCorianders,DiligentDonuts,6137884
2026-07-03T20:00:18.853673,2026-07-03T20:00:18.865112+00:00,117.4,50,ask,EarnestEspressos,FlawlessFlatbreads,6137890
2026-07-03T20:00:19.058455,2026-07-03T20:00:19.070154+00:00,117.8,40,bid,CostlyCorianders,DiligentDonuts,6137893
2026-07-03T20:00:20.878736,2026-07-03T20:00:20.885441+00:00,117.5,43,ask,DiligentDonuts,CostlyCorianders,6137911
2026-07-03T20:00:20.960740,2026-07-03T20:00:20.972802+00:00,117.5,50,ask,DiligentDonuts,FlawlessFlatbreads,6137914
2026-07-03T20:00:21.478776,2026-07-03T20:00:21.488290+00:00,117.5,7,ask,DiligentDonuts,EarnestEspressos,6137918
2026-07-03T20:00:22.454090,2026-07-03T20:00:22.446678+00:00,117.5,48,bid,CostlyCorianders,EarnestEspressos,6137925
2026-07-03T20:00:23.069608,2026-07-03T20:00:23.081150+00:00,117.0,50,ask,EarnestEspressos,FlawlessFlatbreads,6137933
2026-07-03T20:00:25.175016,2026-07-03T20:00:25.186914+00:00,117.2,50,ask,DiligentDonuts,FlawlessFlatbreads,6137957
2026-07-03T20:00:27.157292,2026-07-03T20:00:27.163894+00:00,117.2,40,ask,EarnestEspressos,CostlyCorianders,6137984
2026-07-03T20:00:27.230879,2026-07-03T20:00:27.242665+00:00,117.4,50,bid,FlawlessFlatbreads,DiligentDonuts,6137988
2026-07-03T20:00:27.721836,2026-07-03T20:00:27.733366+00:00,117.4,44,bid,CostlyCorianders,DiligentDonuts,6137997
2026-07-03T20:00:29.339817,2026-07-03T20:00:29.351406+00:00,117.3,50,bid,FlawlessFlatbreads,EarnestEspressos,6138016
2026-07-03T20:00:30.480399,2026-07-03T20:00:30.488841+00:00,117.3,3,bid,Xuanyu Liu,EarnestEspressos,6138045
2026-07-03T20:00:31.358885,2026-07-03T20:00:31.370285+00:00,117.1,41,ask,DiligentDonuts,CostlyCorianders,6138054
2026-07-03T20:00:31.446414,2026-07-03T20:00:31.452692+00:00,117.6,50,bid,FlawlessFlatbreads,DiligentDonuts,6138058
2026-07-03T20:00:32.995620,2026-07-03T20:00:33.003233+00:00,117.1,46,ask,EarnestEspressos,CostlyCorianders,6138082
2026-07-03T20:00:33.562905,2026-07-03T20:00:33.570652+00:00,117.6,50,bid,FlawlessFlatbreads,EarnestEspressos,6138095
2026-07-03T20:00:33.935486,2026-07-03T20:00:33.947305+00:00,117.6,40,bid,CostlyCorianders,EarnestEspressos,6138101
2026-07-03T20:00:35.669842,2026-07-03T20:00:35.681496+00:00,117.7,50,bid,FlawlessFlatbreads,EarnestEspressos,6138125
2026-07-03T20:00:36.562437,2026-07-03T20:00:36.573917+00:00,117.3,42,ask,DiligentDonuts,CostlyCorianders,6138140
2026-07-03T20:00:37.260542,2026-07-03T20:00:37.272377+00:00,117.4,3,ask,EarnestEspressos,Xuanyu Liu,6138154
2026-07-03T20:00:37.777180,2026-07-03T20:00:37.788938+00:00,117.8,50,bid,FlawlessFlatbreads,DiligentDonuts,6138162
2026-07-03T20:00:39.229733,2026-07-03T20:00:39.241269+00:00,117.8,48,bid,CostlyCorianders,DiligentDonuts,6138177
2026-07-03T20:00:39.937669,2026-07-03T20:00:39.949366+00:00,117.6,50,ask,DiligentDonuts,FlawlessFlatbreads,6138190
2026-07-03T20:00:42.044299,2026-07-03T20:00:42.050577+00:00,117.6,50,ask,DiligentDonuts,FlawlessFlatbreads,6138220
2026-07-03T20:00:42.846958,2026-07-03T20:00:42.853398+00:00,117.6,41,ask,EarnestEspressos,CostlyCorianders,6138232
2026-07-03T20:00:43.791296,2026-07-03T20:00:43.803086+00:00,117.7,42,bid,CostlyCorianders,DiligentDonuts,6138249
2026-07-03T20:00:44.150356,2026-07-03T20:00:44.156744+00:00,117.3,50,ask,EarnestEspressos,FlawlessFlatbreads,6138259
2026-07-03T20:00:46.256910,2026-07-03T20:00:46.268483+00:00,117.4,50,ask,DiligentDonuts,FlawlessFlatbreads,6138275
2026-07-03T20:00:48.365107,2026-07-03T20:00:48.376294+00:00,117.4,50,ask,DiligentDonuts,FlawlessFlatbreads,6138294
2026-07-03T20:00:48.723046,2026-07-03T20:00:48.734914+00:00,117.7,42,bid,CostlyCorianders,EarnestEspressos,6138301
2026-07-03T20:00:48.832294,2026-07-03T20:00:48.840332+00:00,117.7,3,bid,Xuanyu Liu,EarnestEspressos,6138302
2026-07-03T20:00:50.421052,2026-07-03T20:00:50.432470+00:00,118.0,50,bid,FlawlessFlatbreads,DiligentDonuts,6138322
2026-07-03T20:00:52.578703,2026-07-03T20:00:52.585762+00:00,117.8,50,ask,EarnestEspressos,FlawlessFlatbreads,6138355
2026-07-03T20:00:54.684470,2026-07-03T20:00:54.695977+00:00,117.6,50,ask,DiligentDonuts,FlawlessFlatbreads,6138384
2026-07-03T20:00:56.792286,2026-07-03T20:00:56.803862+00:00,117.6,50,ask,DiligentDonuts,FlawlessFlatbreads,6138414
2026-07-03T20:00:58.423565,2026-07-03T20:00:58.432489+00:00,117.6,100,ask,EarnestEspressos,DiligentDonuts,6138437
2026-07-03T20:00:58.898978,2026-07-03T20:00:58.910690+00:00,117.6,50,ask,EarnestEspressos,FlawlessFlatbreads,6138446
2026-07-03T20:00:59.453232,2026-07-03T20:00:59.461456+00:00,117.3,34,bid,Xuanyu Liu,EarnestEspressos,6138455
2026-07-03T20:01:00.618733,2026-07-03T20:01:00.626313+00:00,117.3,12,bid,Xuanyu Liu,EarnestEspressos,6138472
2026-07-03T20:01:01.005522,2026-07-03T20:01:01.011901+00:00,117.1,50,ask,DiligentDonuts,FlawlessFlatbreads,6138478
2026-07-03T20:01:01.533003,2026-07-03T20:01:01.543143+00:00,117.3,100,bid,DiligentDonuts,EarnestEspressos,6138485
2026-07-03T20:01:02.559460,2026-07-03T20:01:02.568123+00:00,117.4,12,ask,EarnestEspressos,Xuanyu Liu,6138499
2026-07-03T20:01:03.109864,2026-07-03T20:01:03.120568+00:00,117.4,50,ask,EarnestEspressos,FlawlessFlatbreads,6138509
2026-07-03T20:01:05.215915,2026-07-03T20:01:05.227719+00:00,117.4,50,ask,EarnestEspressos,FlawlessFlatbreads,6138541
2026-07-03T20:01:05.444137,2026-07-03T20:01:05.455292+00:00,117.4,38,ask,EarnestEspressos,CostlyCorianders,6138544
2026-07-03T20:01:05.444137,2026-07-03T20:01:05.455292+00:00,117.0,4,ask,DiligentDonuts,CostlyCorianders,6138545
2026-07-03T20:01:06.502061,2026-07-03T20:01:06.508567+00:00,117.2,48,bid,CostlyCorianders,EarnestEspressos,6138555
2026-07-03T20:01:06.557435,2026-07-03T20:01:06.564123+00:00,117.0,42,ask,DiligentDonuts,CostlyCorianders,6138556
2026-07-03T20:01:07.322769,2026-07-03T20:01:07.334497+00:00,117.0,50,ask,DiligentDonuts,FlawlessFlatbreads,6138573
2026-07-03T20:01:07.922762,2026-07-03T20:01:07.930794+00:00,117.1,12,bid,Xuanyu Liu,DiligentDonuts,6138579
2026-07-03T20:01:09.131269,2026-07-03T20:01:09.139088+00:00,117.1,11,bid,Xuanyu Liu,DiligentDonuts,6138597
2026-07-03T20:01:09.431566,2026-07-03T20:01:09.439370+00:00,116.9,50,ask,EarnestEspressos,FlawlessFlatbreads,6138601
2026-07-03T20:01:09.754512,2026-07-03T20:01:09.766230+00:00,117.1,44,bid,CostlyCorianders,DiligentDonuts,6138609
2026-07-03T20:01:10.284663,2026-07-03T20:01:10.296542+00:00,117.1,33,bid,CostlyCorianders,DiligentDonuts,6138617
2026-07-03T20:01:11.492792,2026-07-03T20:01:11.501251+00:00,117.4,50,bid,FlawlessFlatbreads,EarnestEspressos,6138638
2026-07-03T20:01:12.326060,2026-07-03T20:01:12.332361+00:00,117.0,44,ask,EarnestEspressos,CostlyCorianders,6138646
2026-07-03T20:01:13.605873,2026-07-03T20:01:13.617388+00:00,117.4,50,bid,FlawlessFlatbreads,DiligentDonuts,6138659
2026-07-03T20:01:13.857525,2026-07-03T20:01:13.869092+00:00,117.0,49,ask,EarnestEspressos,CostlyCorianders,6138666
2026-07-03T20:01:15.268901,2026-07-03T20:01:15.277746+00:00,117.3,100,ask,DiligentDonuts,EarnestEspressos,6138690
2026-07-03T20:01:15.774542,2026-07-03T20:01:15.782209+00:00,116.6,50,ask,EarnestEspressos,FlawlessFlatbreads,6138697
2026-07-03T20:01:16.383188,2026-07-03T20:01:16.404431+00:00,117.1,11,bid,Xuanyu Liu,EarnestEspressos,6138714
2026-07-03T20:01:17.830289,2026-07-03T20:01:17.841318+00:00,117.1,39,bid,FlawlessFlatbreads,EarnestEspressos,6138737
2026-07-03T20:01:18.934308,2026-07-03T20:01:18.945840+00:00,117.3,46,bid,CostlyCorianders,EarnestEspressos,6138746
2026-07-03T20:01:19.959163,2026-07-03T20:01:19.969041+00:00,117.3,50,bid,FlawlessFlatbreads,EarnestEspressos,6138761
2026-07-03T20:01:20.462482,2026-07-03T20:01:20.469255+00:00,117.3,49,bid,CostlyCorianders,EarnestEspressos,6138767
2026-07-03T20:01:21.539110,2026-07-03T20:01:21.547620+00:00,117.5,100,bid,EarnestEspressos,DiligentDonuts,6138781
2026-07-03T20:01:21.606111,2026-07-03T20:01:21.614679+00:00,118.2,22,ask,EarnestEspressos,Xuanyu Liu,6138784
2026-07-03T20:01:21.615752,2026-07-03T20:01:21.623329+00:00,118.2,28,ask,EarnestEspressos,Xuanyu Liu,6138787
2026-07-03T20:01:22.972250,2026-07-03T20:01:22.985207+00:00,117.0,44,ask,DiligentDonuts,CostlyCorianders,6138810
2026-07-03T20:01:24.169407,2026-07-03T20:01:24.181152+00:00,117.9,50,bid,FlawlessFlatbreads,DiligentDonuts,6138823
2026-07-03T20:01:24.900199,2026-07-03T20:01:24.908741+00:00,117.8,5,bid,Xuanyu Liu,EarnestEspressos,6138832
2026-07-03T20:01:25.925116,2026-07-03T20:01:25.936747+00:00,117.8,40,bid,CostlyCorianders,EarnestEspressos,6138842
2026-07-03T20:01:26.278154,2026-07-03T20:01:26.289958+00:00,117.8,50,bid,FlawlessFlatbreads,EarnestEspressos,6138848
2026-07-03T20:01:27.640496,2026-07-03T20:01:27.648460+00:00,117.6,40,ask,DiligentDonuts,CostlyCorianders,6138864
2026-07-03T20:01:28.386158,2026-07-03T20:01:28.397901+00:00,118.1,50,bid,FlawlessFlatbreads,DiligentDonuts,6138873
2026-07-03T20:01:30.492785,2026-07-03T20:01:30.504302+00:00,118.2,50,bid,FlawlessFlatbreads,EarnestEspressos,6138910
2026-07-03T20:01:32.599484,2026-07-03T20:01:32.611150+00:00,118.2,50,bid,FlawlessFlatbreads,DiligentDonuts,6138936
2026-07-03T20:01:34.585740,2026-07-03T20:01:34.593914+00:00,118.0,12,ask,EarnestEspressos,Xuanyu Liu,6138967
2026-07-03T20:01:36.027547,2026-07-03T20:01:36.036317+00:00,118.0,11,ask,EarnestEspressos,Xuanyu Liu,6138988
2026-07-03T20:01:36.825675,2026-07-03T20:01:36.834617+00:00,118.1,50,bid,FlawlessFlatbreads,DiligentDonuts,6138999
2026-07-03T20:01:37.225312,2026-07-03T20:01:37.230435+00:00,118.0,49,ask,EarnestEspressos,CostlyCorianders,6139011
2026-07-03T20:01:38.549296,2026-07-03T20:01:38.558551+00:00,117.6,46,ask,DiligentDonuts,CostlyCorianders,6139023
2026-07-03T20:01:38.936091,2026-07-03T20:01:38.943592+00:00,118.0,50,bid,FlawlessFlatbreads,EarnestEspressos,6139027
2026-07-03T20:01:39.971207,2026-07-03T20:01:39.982488+00:00,118.0,11,bid,Xuanyu Liu,EarnestEspressos,6139051
2026-07-03T20:01:40.263908,2026-07-03T20:01:40.274188+00:00,118.0,44,bid,CostlyCorianders,EarnestEspressos,6139059
2026-07-03T20:01:40.536964,2026-07-03T20:01:40.544087+00:00,118.2,14,ask,EarnestEspressos,Xuanyu Liu,6139062
2026-07-03T20:01:42.745785,2026-07-03T20:01:42.757296+00:00,118.2,100,ask,EarnestEspressos,DiligentDonuts,6139089
2026-07-03T20:01:43.753521,2026-07-03T20:01:43.764874+00:00,117.7,48,ask,DiligentDonuts,CostlyCorianders,6139104
2026-07-03T20:01:44.832370,2026-07-03T20:01:44.841693+00:00,118.0,41,bid,CostlyCorianders,EarnestEspressos,6139121
2026-07-03T20:01:45.299912,2026-07-03T20:01:45.311722+00:00,117.7,50,ask,DiligentDonuts,FlawlessFlatbreads,6139127
2026-07-03T20:01:45.899279,2026-07-03T20:01:45.911049+00:00,117.5,47,ask,EarnestEspressos,CostlyCorianders,6139134
2026-07-03T20:01:47.408696,2026-07-03T20:01:47.420054+00:00,117.5,50,ask,DiligentDonuts,FlawlessFlatbreads,6139162
2026-07-03T20:01:49.425704,2026-07-03T20:01:49.434521+00:00,117.8,45,bid,CostlyCorianders,EarnestEspressos,6139190
2026-07-03T20:01:49.514246,2026-07-03T20:01:49.525688+00:00,117.3,50,ask,EarnestEspressos,FlawlessFlatbreads,6139191
2026-07-03T20:01:50.319558,2026-07-03T20:01:50.330163+00:00,117.8,3,bid,Xuanyu Liu,DiligentDonuts,6139201
2026-07-03T20:01:50.610136,2026-07-03T20:01:50.621455+00:00,117.8,45,bid,CostlyCorianders,DiligentDonuts,6139204
2026-07-03T20:01:51.623753,2026-07-03T20:01:51.635206+00:00,117.3,50,ask,DiligentDonuts,FlawlessFlatbreads,6139220
2026-07-03T20:01:51.644949,2026-07-03T20:01:51.656438+00:00,117.3,49,ask,DiligentDonuts,CostlyCorianders,6139221
2026-07-03T20:01:53.732732,2026-07-03T20:01:53.744032+00:00,117.4,50,ask,EarnestEspressos,FlawlessFlatbreads,6139248
2026-07-03T20:01:54.389611,2026-07-03T20:01:54.396658+00:00,117.8,11,bid,Xuanyu Liu,DiligentDonuts,6139257
2026-07-03T20:01:55.838655,2026-07-03T20:01:55.850404+00:00,117.5,50,ask,DiligentDonuts,FlawlessFlatbreads,6139280
2026-07-03T20:01:56.433208,2026-07-03T20:01:56.442072+00:00,117.5,50,ask,DiligentDonuts,EarnestEspressos,6139286
2026-07-03T20:01:56.443371,2026-07-03T20:01:56.451900+00:00,117.4,12,bid,Xuanyu Liu,EarnestEspressos,6139287
2026-07-03T20:01:56.710475,2026-07-03T20:01:56.719521+00:00,117.4,44,bid,CostlyCorianders,EarnestEspressos,6139293
2026-07-03T20:01:57.333289,2026-07-03T20:01:57.344727+00:00,116.9,40,ask,EarnestEspressos,CostlyCorianders,6139303
2026-07-03T20:01:57.945815,2026-07-03T20:01:57.951783+00:00,116.9,50,ask,EarnestEspressos,FlawlessFlatbreads,6139314
2026-07-03T20:02:00.052551,2026-07-03T20:02:00.060330+00:00,117.0,50,ask,EarnestEspressos,FlawlessFlatbreads,6139342
2026-07-03T20:02:01.750018,2026-07-03T20:02:01.761115+00:00,117.2,11,bid,Xuanyu Liu,DiligentDonuts,6139372
2026-07-03T20:02:02.159580,2026-07-03T20:02:02.171084+00:00,117.0,50,ask,EarnestEspressos,FlawlessFlatbreads,6139377
2026-07-03T20:02:02.768199,2026-07-03T20:02:02.776390+00:00,117.0,12,bid,Xuanyu Liu,EarnestEspressos,6139391
2026-07-03T20:02:03.875300,2026-07-03T20:02:03.882288+00:00,117.0,45,bid,CostlyCorianders,EarnestEspressos,6139405
2026-07-03T20:02:04.269824,2026-07-03T20:02:04.278125+00:00,116.7,50,ask,DiligentDonuts,FlawlessFlatbreads,6139416
2026-07-03T20:02:04.472193,2026-07-03T20:02:04.483921+00:00,117.0,47,bid,CostlyCorianders,EarnestEspressos,6139422
2026-07-03T20:02:04.526083,2026-07-03T20:02:04.537727+00:00,116.7,49,ask,DiligentDonuts,CostlyCorianders,6139424
2026-07-03T20:02:04.992210,2026-07-03T20:02:05.001037+00:00,116.5,47,ask,EarnestEspressos,CostlyCorianders,6139432
2026-07-03T20:02:05.547019,2026-07-03T20:02:05.558590+00:00,116.9,46,bid,CostlyCorianders,DiligentDonuts,6139439
2026-07-03T20:02:06.374910,2026-07-03T20:02:06.386939+00:00,116.5,50,ask,EarnestEspressos,FlawlessFlatbreads,6139450
2026-07-03T20:02:10.031087,2026-07-03T20:02:10.040042+00:00,116.4,42,ask,DiligentDonuts,CostlyCorianders,6139495
2026-07-03T20:02:10.535012,2026-07-03T20:02:10.546370+00:00,116.8,50,bid,FlawlessFlatbreads,EarnestEspressos,6139502
2026-07-03T20:02:11.239665,2026-07-03T20:02:11.248995+00:00,116.5,11,bid,Xuanyu Liu,DiligentDonuts,6139510
2026-07-03T20:02:11.695761,2026-07-03T20:02:11.707411+00:00,116.5,40,bid,CostlyCorianders,DiligentDonuts,6139518
2026-07-03T20:02:12.640286,2026-07-03T20:02:12.647674+00:00,116.5,49,bid,FlawlessFlatbreads,DiligentDonuts,6139534
2026-07-03T20:02:12.640286,2026-07-03T20:02:12.658557+00:00,116.8,1,bid,FlawlessFlatbreads,EarnestEspressos,6139535
2026-07-03T20:02:13.588004,2026-07-03T20:02:13.596295+00:00,116.3,49,ask,EarnestEspressos,CostlyCorianders,6139547
2026-07-03T20:02:14.748429,2026-07-03T20:02:14.754791+00:00,116.7,50,bid,FlawlessFlatbreads,DiligentDonuts,6139559
2026-07-03T20:02:15.195890,2026-07-03T20:02:15.207673+00:00,116.7,49,bid,CostlyCorianders,DiligentDonuts,6139565
2026-07-03T20:02:15.831447,2026-07-03T20:02:15.843179+00:00,116.5,42,bid,CostlyCorianders,EarnestEspressos,6139575
2026-07-03T20:02:16.859172,2026-07-03T20:02:16.873239+00:00,116.5,50,bid,FlawlessFlatbreads,EarnestEspressos,6139592
2026-07-03T20:02:17.516568,2026-07-03T20:02:17.526312+00:00,116.5,58,bid,DiligentDonuts,EarnestEspressos,6139605
2026-07-03T20:02:18.966425,2026-07-03T20:02:18.977953+00:00,117.0,50,bid,FlawlessFlatbreads,DiligentDonuts,6139629
2026-07-03T20:02:19.313216,2026-07-03T20:02:19.318385+00:00,116.7,34,ask,EarnestEspressos,Xuanyu Liu,6139639
2026-07-03T20:02:21.101332,2026-07-03T20:02:21.110986+00:00,117.1,50,bid,FlawlessFlatbreads,DiligentDonuts,6139668
2026-07-03T20:02:22.192012,2026-07-03T20:02:22.203415+00:00,116.6,49,ask,DiligentDonuts,CostlyCorianders,6139694
2026-07-03T20:02:23.209663,2026-07-03T20:02:23.221502+00:00,117.1,50,bid,FlawlessFlatbreads,DiligentDonuts,6139712
2026-07-03T20:02:24.435759,2026-07-03T20:02:24.444192+00:00,117.1,44,bid,CostlyCorianders,EarnestEspressos,6139730
2026-07-03T20:02:25.317359,2026-07-03T20:02:25.328772+00:00,117.5,50,bid,FlawlessFlatbreads,DiligentDonuts,6139738
2026-07-03T20:02:27.431800,2026-07-03T20:02:27.441509+00:00,117.5,50,bid,FlawlessFlatbreads,EarnestEspressos,6139767
2026-07-03T20:02:29.642250,2026-07-03T20:02:29.653909+00:00,117.2,50,ask,EarnestEspressos,FlawlessFlatbreads,6139800
2026-07-03T20:02:31.749078,2026-07-03T20:02:31.758580+00:00,117.1,50,ask,DiligentDonuts,FlawlessFlatbreads,6139828
2026-07-03T20:02:31.867887,2026-07-03T20:02:31.879620+00:00,117.1,46,ask,DiligentDonuts,CostlyCorianders,6139829
2026-07-03T20:02:33.804486,2026-07-03T20:02:33.813060+00:00,117.4,50,bid,FlawlessFlatbreads,DiligentDonuts,6139854
2026-07-03T20:02:35.472211,2026-07-03T20:02:35.483894+00:00,117.0,44,ask,EarnestEspressos,CostlyCorianders,6139877
2026-07-03T20:02:36.091676,2026-07-03T20:02:36.100640+00:00,117.4,43,bid,CostlyCorianders,DiligentDonuts,6139886
2026-07-03T20:02:36.713598,2026-07-03T20:02:36.725350+00:00,117.1,46,ask,DiligentDonuts,CostlyCorianders,6139896
2026-07-03T20:02:37.894515,2026-07-03T20:02:37.906047+00:00,117.2,43,bid,CostlyCorianders,EarnestEspressos,6139906
2026-07-03T20:02:38.068961,2026-07-03T20:02:38.079923+00:00,117.1,50,ask,DiligentDonuts,FlawlessFlatbreads,6139910
2026-07-03T20:02:38.373583,2026-07-03T20:02:38.385297+00:00,117.1,4,ask,DiligentDonuts,CostlyCorianders,6139912
2026-07-03T20:02:38.373583,2026-07-03T20:02:38.385297+00:00,116.7,38,ask,EarnestEspressos,CostlyCorianders,6139913
2026-07-03T20:02:39.476460,2026-07-03T20:02:39.486920+00:00,117.2,48,bid,CostlyCorianders,EarnestEspressos,6139928
2026-07-03T20:02:40.178978,2026-07-03T20:02:40.189982+00:00,116.7,50,ask,EarnestEspressos,FlawlessFlatbreads,6139940
2026-07-03T20:02:41.708075,2026-07-03T20:02:41.714797+00:00,117.2,45,bid,CostlyCorianders,DiligentDonuts,6139963
2026-07-03T20:02:42.238338,2026-07-03T20:02:42.244774+00:00,116.8,40,ask,EarnestEspressos,CostlyCorianders,6139971
2026-07-03T20:02:42.290634,2026-07-03T20:02:42.301568+00:00,116.8,50,ask,EarnestEspressos,FlawlessFlatbreads,6139972
2026-07-03T20:02:43.900694,2026-07-03T20:02:43.901654+00:00,116.9,100,ask,DiligentDonuts,EarnestEspressos,6139985
2026-07-03T20:02:43.909204,2026-07-03T20:02:43.916263+00:00,116.8,11,bid,Xuanyu Liu,EarnestEspressos,6139986
2026-07-03T20:02:44.395488,2026-07-03T20:02:44.407225+00:00,116.3,50,ask,EarnestEspressos,FlawlessFlatbreads,6139990
2026-07-03T20:02:44.740097,2026-07-03T20:02:44.747913+00:00,116.8,12,bid,Xuanyu Liu,EarnestEspressos,6139998
2026-07-03T20:02:46.517478,2026-07-03T20:02:46.531271+00:00,116.4,50,ask,DiligentDonuts,FlawlessFlatbreads,6140026
2026-07-03T20:02:48.617996,2026-07-03T20:02:48.629577+00:00,116.9,49,bid,CostlyCorianders,DiligentDonuts,6140050
2026-07-03T20:02:48.624341,2026-07-03T20:02:48.634933+00:00,116.6,50,ask,EarnestEspressos,FlawlessFlatbreads,6140051
2026-07-03T20:02:48.672997,2026-07-03T20:02:48.684820+00:00,116.6,41,ask,EarnestEspressos,CostlyCorianders,6140052
2026-07-03T20:02:50.679841,2026-07-03T20:02:50.691512+00:00,116.7,50,bid,FlawlessFlatbreads,EarnestEspressos,6140084
2026-07-03T20:02:51.998105,2026-07-03T20:02:52.005852+00:00,116.7,48,bid,CostlyCorianders,EarnestEspressos,6140110
2026-07-03T20:02:52.114654,2026-07-03T20:02:52.123723+00:00,116.7,11,bid,Xuanyu Liu,EarnestEspressos,6140113
2026-07-03T20:02:52.808701,2026-07-03T20:02:52.820410+00:00,116.7,41,bid,FlawlessFlatbreads,EarnestEspressos,6140124
2026-07-03T20:02:52.808701,2026-07-03T20:02:52.820410+00:00,117.1,9,bid,FlawlessFlatbreads,DiligentDonuts,6140125
2026-07-03T20:02:53.353472,2026-07-03T20:02:53.361163+00:00,116.9,11,ask,EarnestEspressos,Xuanyu Liu,6140136
2026-07-03T20:02:54.917828,2026-07-03T20:02:54.929615+00:00,117.1,50,bid,FlawlessFlatbreads,DiligentDonuts,6140151
2026-07-03T20:02:56.735391,2026-07-03T20:02:56.747068+00:00,117.1,43,ask,EarnestEspressos,CostlyCorianders,6140177
2026-07-03T20:02:57.076869,2026-07-03T20:02:57.086083+00:00,117.1,50,ask,EarnestEspressos,FlawlessFlatbreads,6140183
2026-07-03T20:02:57.359903,2026-07-03T20:02:57.368685+00:00,117.1,23,ask,EarnestEspressos,Xuanyu Liu,6140186
2026-07-03T20:02:59.131779,2026-07-03T20:02:59.143416+00:00,117.2,50,bid,FlawlessFlatbreads,DiligentDonuts,6140200
2026-07-03T20:02:59.717658,2026-07-03T20:02:59.725886+00:00,117.0,11,bid,Xuanyu Liu,EarnestEspressos,6140211
2026-07-03T20:02:59.725163,2026-07-03T20:02:59.746425+00:00,117.0,43,bid,CostlyCorianders,EarnestEspressos,6140213
2026-07-03T20:02:59.977483,2026-07-03T20:02:59.985203+00:00,117.0,23,bid,Xuanyu Liu,EarnestEspressos,6140220
2026-07-03T20:03:00.350760,2026-07-03T20:03:00.353490+00:00,116.7,44,ask,DiligentDonuts,CostlyCorianders,6140223
2026-07-03T20:03:01.243184,2026-07-03T20:03:01.258561+00:00,117.0,50,bid,FlawlessFlatbreads,EarnestEspressos,6140237
2026-07-03T20:03:02.197250,2026-07-03T20:03:02.209110+00:00,117.0,23,bid,CostlyCorianders,EarnestEspressos,6140246
2026-07-03T20:03:02.826977,2026-07-03T20:03:02.836474+00:00,117.0,23,ask,EarnestEspressos,Xuanyu Liu,6140255
2026-07-03T20:03:03.350668,2026-07-03T20:03:03.358879+00:00,117.3,50,bid,FlawlessFlatbreads,DiligentDonuts,6140261
2026-07-03T20:03:05.456239,2026-07-03T20:03:05.467550+00:00,117.3,50,bid,FlawlessFlatbreads,DiligentDonuts,6140293
2026-07-03T20:03:07.561203,2026-07-03T20:03:07.567771+00:00,117.3,50,bid,FlawlessFlatbreads,DiligentDonuts,6140314
2026-07-03T20:03:08.122743,2026-07-03T20:03:08.130686+00:00,117.2,23,ask,DiligentDonuts,Xuanyu Liu,6140323
2026-07-03T20:03:08.372136,2026-07-03T20:03:08.383799+00:00,117.2,41,ask,DiligentDonuts,CostlyCorianders,6140329
2026-07-03T20:03:08.915547,2026-07-03T20:03:08.927124+00:00,117.2,11,ask,DiligentDonuts,Xuanyu Liu,6140335
2026-07-03T20:03:09.519907,2026-07-03T20:03:09.530669+00:00,116.9,46,bid,CostlyCorianders,EarnestEspressos,6140349
2026-07-03T20:03:09.718490,2026-07-03T20:03:09.730046+00:00,116.4,50,ask,EarnestEspressos,FlawlessFlatbreads,6140352
2026-07-03T20:03:10.178432,2026-07-03T20:03:10.186274+00:00,116.9,11,bid,Xuanyu Liu,EarnestEspressos,6140359
2026-07-03T20:03:12.803097,2026-07-03T20:03:12.814750+00:00,117.0,49,bid,CostlyCorianders,EarnestEspressos,6140399
2026-07-03T20:03:13.929400,2026-07-03T20:03:13.941117+00:00,116.7,50,ask,DiligentDonuts,FlawlessFlatbreads,6140407
2026-07-03T20:03:15.912170,2026-07-03T20:03:15.923901+00:00,116.9,45,ask,EarnestEspressos,CostlyCorianders,6140435
2026-07-03T20:03:16.035189,2026-07-03T20:03:16.046653+00:00,116.9,50,ask,EarnestEspressos,FlawlessFlatbreads,6140437
2026-07-03T20:03:20.095137,2026-07-03T20:03:20.106562+00:00,116.6,40,ask,DiligentDonuts,CostlyCorianders,6140489
2026-07-03T20:03:20.194005,2026-07-03T20:03:20.201455+00:00,117.1,50,bid,FlawlessFlatbreads,DiligentDonuts,6140493
2026-07-03T20:03:22.304665,2026-07-03T20:03:22.315459+00:00,117.0,50,bid,FlawlessFlatbreads,EarnestEspressos,6140522
2026-07-03T20:03:22.656699,2026-07-03T20:03:22.668664+00:00,117.0,41,bid,CostlyCorianders,EarnestEspressos,6140526
2026-07-03T20:03:23.298587,2026-07-03T20:03:23.305083+00:00,117.0,40,bid,CostlyCorianders,EarnestEspressos,6140529
2026-07-03T20:03:23.353354,2026-07-03T20:03:23.359838+00:00,116.6,45,ask,DiligentDonuts,CostlyCorianders,6140530
2026-07-03T20:03:24.411676,2026-07-03T20:03:24.423114+00:00,116.9,50,bid,FlawlessFlatbreads,DiligentDonuts,6140545
2026-07-03T20:03:25.829863,2026-07-03T20:03:25.836519+00:00,116.8,48,ask,EarnestEspressos,CostlyCorianders,6140569
2026-07-03T20:03:27.441655,2026-07-03T20:03:27.448218+00:00,117.0,44,bid,CostlyCorianders,DiligentDonuts,6140580
2026-07-03T20:03:32.830783,2026-07-03T20:03:32.842409+00:00,117.2,50,bid,FlawlessFlatbreads,EarnestEspressos,6140659
2026-07-03T20:03:33.247214,2026-07-03T20:03:33.263789+00:00,117.2,47,bid,CostlyCorianders,EarnestEspressos,6140665
2026-07-03T20:03:34.938074,2026-07-03T20:03:34.949603+00:00,117.3,50,bid,FlawlessFlatbreads,DiligentDonuts,6140681
2026-07-03T20:03:35.335896,2026-07-03T20:03:35.347761+00:00,117.0,42,ask,EarnestEspressos,CostlyCorianders,6140690
2026-07-03T20:03:37.043539,2026-07-03T20:03:37.058576+00:00,117.4,50,bid,FlawlessFlatbreads,DiligentDonuts,6140708
2026-07-03T20:03:37.881103,2026-07-03T20:03:37.888038+00:00,116.9,49,ask,DiligentDonuts,CostlyCorianders,6140717
2026-07-03T20:03:39.150980,2026-07-03T20:03:39.157501+00:00,117.3,50,bid,FlawlessFlatbreads,EarnestEspressos,6140742
2026-07-03T20:03:40.991235,2026-07-03T20:03:40.999220+00:00,117.1,11,ask,EarnestEspressos,Xuanyu Liu,6140765
2026-07-03T20:03:41.310875,2026-07-03T20:03:41.322541+00:00,117.1,50,ask,EarnestEspressos,FlawlessFlatbreads,6140770
2026-07-03T20:03:41.953854,2026-07-03T20:03:41.953030+00:00,117.4,45,bid,CostlyCorianders,DiligentDonuts,6140778
2026-07-03T20:03:41.974072,2026-07-03T20:03:41.983511+00:00,117.1,3,ask,EarnestEspressos,Xuanyu Liu,6140779
2026-07-03T20:03:42.007589,2026-07-03T20:03:42.015544+00:00,117.1,45,ask,EarnestEspressos,CostlyCorianders,6140782
2026-07-03T20:03:42.484653,2026-07-03T20:03:42.496052+00:00,117.4,48,bid,CostlyCorianders,DiligentDonuts,6140800
2026-07-03T20:03:43.367024,2026-07-03T20:03:43.378745+00:00,117.4,50,bid,FlawlessFlatbreads,DiligentDonuts,6140809
2026-07-03T20:03:43.917759,2026-07-03T20:03:43.929357+00:00,117.4,47,bid,CostlyCorianders,DiligentDonuts,6140816
2026-07-03T20:03:43.976435,2026-07-03T20:03:43.985618+00:00,116.9,100,ask,DiligentDonuts,EarnestEspressos,6140819
2026-07-03T20:03:45.280811,2026-07-03T20:03:45.288909+00:00,116.9,3,bid,Xuanyu Liu,EarnestEspressos,6140843
2026-07-03T20:03:45.477962,2026-07-03T20:03:45.489462+00:00,116.9,47,bid,FlawlessFlatbreads,EarnestEspressos,6140846
2026-07-03T20:03:45.477962,2026-07-03T20:03:45.489462+00:00,117.4,3,bid,FlawlessFlatbreads,DiligentDonuts,6140847
2026-07-03T20:03:46.115489,2026-07-03T20:03:46.125503+00:00,117.1,3,ask,DiligentDonuts,Xuanyu Liu,6140861
2026-07-03T20:03:47.651210,2026-07-03T20:03:47.655114+00:00,117.1,50,ask,DiligentDonuts,FlawlessFlatbreads,6140883
2026-07-03T20:03:49.707306,2026-07-03T20:03:49.718969+00:00,117.3,50,bid,FlawlessFlatbreads,DiligentDonuts,6140924
2026-07-03T20:03:53.991192,2026-07-03T20:03:53.997829+00:00,116.7,50,ask,EarnestEspressos,FlawlessFlatbreads,6140991
2026-07-03T20:03:54.937265,2026-07-03T20:03:54.948401+00:00,116.7,46,ask,EarnestEspressos,CostlyCorianders,6140999
2026-07-03T20:03:55.069943,2026-07-03T20:03:55.079181+00:00,116.7,3,ask,EarnestEspressos,Xuanyu Liu,6141004
2026-07-03T20:03:56.046329,2026-07-03T20:03:56.052805+00:00,116.8,50,bid,FlawlessFlatbreads,DiligentDonuts,6141016
2026-07-03T20:03:57.371363,2026-07-03T20:03:57.380781+00:00,116.6,3,bid,Xuanyu Liu,EarnestEspressos,6141038
2026-07-03T20:03:57.520427,2026-07-03T20:03:57.526946+00:00,116.3,48,ask,DiligentDonuts,CostlyCorianders,6141044
2026-07-03T20:03:58.034123,2026-07-03T20:03:58.045769+00:00,116.6,44,bid,CostlyCorianders,EarnestEspressos,6141049
2026-07-03T20:03:58.157788,2026-07-03T20:03:58.169020+00:00,116.6,50,bid,FlawlessFlatbreads,EarnestEspressos,6141050
2026-07-03T20:03:58.698511,2026-07-03T20:03:58.706781+00:00,116.6,53,bid,DiligentDonuts,EarnestEspressos,6141056
2026-07-03T20:04:00.266009,2026-07-03T20:04:00.272906+00:00,117.1,50,bid,FlawlessFlatbreads,DiligentDonuts,6141071
2026-07-03T20:04:00.310654,2026-07-03T20:04:00.318471+00:00,116.8,3,ask,EarnestEspressos,Xuanyu Liu,6141073
2026-07-03T20:04:02.423006,2026-07-03T20:04:02.432298+00:00,116.8,50,ask,EarnestEspressos,FlawlessFlatbreads,6141104
2026-07-03T20:04:02.753787,2026-07-03T20:04:02.765272+00:00,116.8,49,ask,EarnestEspressos,CostlyCorianders,6141111
2026-07-03T20:04:03.236645,2026-07-03T20:04:03.248332+00:00,116.8,49,bid,CostlyCorianders,EarnestEspressos,6141125
2026-07-03T20:04:03.730253,2026-07-03T20:04:03.739908+00:00,116.4,42,ask,DiligentDonuts,CostlyCorianders,6141131
2026-07-03T20:04:04.531787,2026-07-03T20:04:04.543501+00:00,116.4,50,ask,DiligentDonuts,FlawlessFlatbreads,6141150
2026-07-03T20:04:04.854824,2026-07-03T20:04:04.866552+00:00,116.8,41,bid,CostlyCorianders,EarnestEspressos,6141155
2026-07-03T20:04:06.524257,2026-07-03T20:04:06.535824+00:00,116.8,48,bid,CostlyCorianders,DiligentDonuts,6141173
2026-07-03T20:04:06.579166,2026-07-03T20:04:06.590741+00:00,116.6,42,ask,EarnestEspressos,CostlyCorianders,6141174
2026-07-03T20:04:06.637075,2026-07-03T20:04:06.648748+00:00,116.6,50,ask,EarnestEspressos,FlawlessFlatbreads,6141175
2026-07-03T20:04:08.745444,2026-07-03T20:04:08.757019+00:00,116.6,50,ask,EarnestEspressos,FlawlessFlatbreads,6141202
2026-07-03T20:04:09.130974,2026-07-03T20:04:09.138391+00:00,116.6,8,ask,EarnestEspressos,CostlyCorianders,6141207
2026-07-03T20:04:09.130974,2026-07-03T20:04:09.143430+00:00,116.4,38,ask,DiligentDonuts,CostlyCorianders,6141208
2026-07-03T20:04:09.291314,2026-07-03T20:04:09.313584+00:00,116.4,62,ask,DiligentDonuts,EarnestEspressos,6141211
2026-07-03T20:04:09.303240,2026-07-03T20:04:09.313584+00:00,116.4,3,bid,Xuanyu Liu,EarnestEspressos,6141212
2026-07-03T20:04:09.729028,2026-07-03T20:04:09.740565+00:00,116.4,49,bid,CostlyCorianders,EarnestEspressos,6141217
2026-07-03T20:04:10.267743,2026-07-03T20:04:10.276718+00:00,116.4,36,bid,CostlyCorianders,EarnestEspressos,6141224
2026-07-03T20:04:10.267743,2026-07-03T20:04:10.276718+00:00,116.9,9,bid,CostlyCorianders,DiligentDonuts,6141225
2026-07-03T20:04:10.854743,2026-07-03T20:04:10.857948+00:00,115.9,50,ask,EarnestEspressos,FlawlessFlatbreads,6141233
2026-07-03T20:04:12.908797,2026-07-03T20:04:12.920345+00:00,116.5,50,bid,FlawlessFlatbreads,DiligentDonuts,6141259
2026-07-03T20:04:17.173190,2026-07-03T20:04:17.186139+00:00,116.6,50,ask,EarnestEspressos,FlawlessFlatbreads,6141303
2026-07-03T20:04:17.271094,2026-07-03T20:04:17.280673+00:00,116.6,49,ask,EarnestEspressos,CostlyCorianders,6141306
2026-07-03T20:04:19.228859,2026-07-03T20:04:19.240771+00:00,116.5,50,bid,FlawlessFlatbreads,EarnestEspressos,6141324
2026-07-03T20:04:21.386893,2026-07-03T20:04:21.398770+00:00,116.1,50,ask,DiligentDonuts,FlawlessFlatbreads,6141360
2026-07-03T20:04:22.339799,2026-07-03T20:04:22.348435+00:00,116.3,45,ask,EarnestEspressos,CostlyCorianders,6141376
2026-07-03T20:04:23.443906,2026-07-03T20:04:23.463924+00:00,116.6,50,bid,FlawlessFlatbreads,DiligentDonuts,6141388
2026-07-03T20:04:27.654569,2026-07-03T20:04:27.665943+00:00,116.4,50,bid,FlawlessFlatbreads,EarnestEspressos,6141431
2026-07-03T20:04:29.228682,2026-07-03T20:04:29.240214+00:00,116.4,47,bid,CostlyCorianders,DiligentDonuts,6141459
2026-07-03T20:04:29.812471,2026-07-03T20:04:29.824389+00:00,116.0,50,ask,EarnestEspressos,FlawlessFlatbreads,6141465
2026-07-03T20:04:34.678352,2026-07-03T20:04:34.689865+00:00,115.8,46,bid,CostlyCorianders,EarnestEspressos,6141520
2026-07-03T20:04:36.085115,2026-07-03T20:04:36.096818+00:00,115.8,50,bid,FlawlessFlatbreads,EarnestEspressos,6141532
2026-07-03T20:04:37.019350,2026-07-03T20:04:37.028312+00:00,115.8,3,bid,Xuanyu Liu,EarnestEspressos,6141546
2026-07-03T20:04:38.230038,2026-07-03T20:04:38.241681+00:00,115.8,42,ask,EarnestEspressos,CostlyCorianders,6141559
2026-07-03T20:04:38.764694,2026-07-03T20:04:38.776153+00:00,116.2,46,bid,CostlyCorianders,DiligentDonuts,6141569
2026-07-03T20:04:39.836556,2026-07-03T20:04:39.845353+00:00,116.1,3,ask,DiligentDonuts,Xuanyu Liu,6141584
2026-07-03T20:04:40.327171,2026-07-03T20:04:40.338472+00:00,116.1,46,ask,DiligentDonuts,CostlyCorianders,6141591
2026-07-03T20:04:40.351290,2026-07-03T20:04:40.359504+00:00,116.1,50,ask,DiligentDonuts,FlawlessFlatbreads,6141592
2026-07-03T20:04:41.549815,2026-07-03T20:04:41.563973+00:00,116.1,1,ask,DiligentDonuts,CostlyCorianders,6141604
2026-07-03T20:04:42.457343,2026-07-03T20:04:42.468779+00:00,115.7,50,ask,EarnestEspressos,FlawlessFlatbreads,6141617
2026-07-03T20:04:44.566432,2026-07-03T20:04:44.573271+00:00,115.7,50,ask,DiligentDonuts,FlawlessFlatbreads,6141641
2026-07-03T20:04:44.693800,2026-07-03T20:04:44.705276+00:00,115.8,41,bid,CostlyCorianders,EarnestEspressos,6141644
2026-07-03T20:04:45.233862,2026-07-03T20:04:45.243323+00:00,115.8,41,bid,CostlyCorianders,EarnestEspressos,6141655
2026-07-03T20:04:46.672325,2026-07-03T20:04:46.683893+00:00,115.4,50,ask,DiligentDonuts,FlawlessFlatbreads,6141679
2026-07-03T20:04:48.781385,2026-07-03T20:04:48.788713+00:00,115.4,50,ask,DiligentDonuts,FlawlessFlatbreads,6141717
2026-07-03T20:04:49.367818,2026-07-03T20:04:49.377359+00:00,115.4,100,ask,EarnestEspressos,DiligentDonuts,6141729
2026-07-03T20:04:50.888007,2026-07-03T20:04:50.894690+00:00,115.4,50,ask,EarnestEspressos,FlawlessFlatbreads,6141747
2026-07-03T20:04:52.933053,2026-07-03T20:04:52.944527+00:00,115.9,46,bid,CostlyCorianders,EarnestEspressos,6141780
2026-07-03T20:04:53.012848,2026-07-03T20:04:53.023832+00:00,115.6,48,ask,DiligentDonuts,CostlyCorianders,6141781
2026-07-03T20:04:53.012985,2026-07-03T20:04:53.023832+00:00,115.6,50,ask,DiligentDonuts,FlawlessFlatbreads,6141782
2026-07-03T20:04:54.634586,2026-07-03T20:04:54.645953+00:00,115.9,45,bid,CostlyCorianders,EarnestEspressos,6141804
2026-07-03T20:04:55.118522,2026-07-03T20:04:55.130500+00:00,115.6,2,ask,DiligentDonuts,FlawlessFlatbreads,6141810
2026-07-03T20:04:55.118522,2026-07-03T20:04:55.130500+00:00,115.4,48,ask,EarnestEspressos,FlawlessFlatbreads,6141811
2026-07-03T20:04:55.696494,2026-07-03T20:04:55.703480+00:00,115.6,3,bid,Xuanyu Liu,DiligentDonuts,6141823
2026-07-03T20:04:58.005890,2026-07-03T20:04:58.014569+00:00,115.6,11,bid,Xuanyu Liu,DiligentDonuts,6141865
2026-07-03T20:04:58.459919,2026-07-03T20:04:58.469323+00:00,115.2,43,ask,EarnestEspressos,CostlyCorianders,6141875
2026-07-03T20:04:59.285220,2026-07-03T20:04:59.294372+00:00,115.7,50,bid,FlawlessFlatbreads,EarnestEspressos,6141889
2026-07-03T20:05:01.392098,2026-07-03T20:05:01.403768+00:00,115.7,50,bid,FlawlessFlatbreads,DiligentDonuts,6141915
2026-07-03T20:05:01.448964,2026-07-03T20:05:01.463839+00:00,115.7,40,bid,CostlyCorianders,DiligentDonuts,6141916
2026-07-03T20:05:02.677921,2026-07-03T20:05:02.685886+00:00,115.5,41,ask,DiligentDonuts,CostlyCorianders,6141937
2026-07-03T20:05:03.504614,2026-07-03T20:05:03.516190+00:00,115.8,50,bid,FlawlessFlatbreads,EarnestEspressos,6141959
2026-07-03T20:05:05.610793,2026-07-03T20:05:05.622277+00:00,115.8,50,bid,FlawlessFlatbreads,EarnestEspressos,6141982
2026-07-03T20:05:07.082891,2026-07-03T20:05:07.094903+00:00,115.7,45,ask,EarnestEspressos,CostlyCorianders,6142004
2026-07-03T20:05:09.821333,2026-07-03T20:05:09.832886+00:00,115.9,50,bid,FlawlessFlatbreads,DiligentDonuts,6142038
2026-07-03T20:05:11.209725,2026-07-03T20:05:11.221258+00:00,115.7,46,ask,EarnestEspressos,CostlyCorianders,6142061
2026-07-03T20:05:11.928060,2026-07-03T20:05:11.938657+00:00,116.0,50,bid,FlawlessFlatbreads,DiligentDonuts,6142065
2026-07-03T20:05:14.033275,2026-07-03T20:05:14.045115+00:00,116.0,50,bid,FlawlessFlatbreads,DiligentDonuts,6142097
2026-07-03T20:05:14.602406,2026-07-03T20:05:14.610119+00:00,116.0,100,bid,DiligentDonuts,EarnestEspressos,6142104
2026-07-03T20:05:16.140217,2026-07-03T20:05:16.151614+00:00,116.2,50,bid,FlawlessFlatbreads,EarnestEspressos,6142116
2026-07-03T20:05:18.246840,2026-07-03T20:05:18.258545+00:00,116.0,50,bid,FlawlessFlatbreads,DiligentDonuts,6142143
2026-07-03T20:05:18.851665,2026-07-03T20:05:18.857937+00:00,116.0,50,bid,EarnestEspressos,DiligentDonuts,6142150
2026-07-03T20:05:18.917917,2026-07-03T20:05:18.926016+00:00,116.0,14,ask,EarnestEspressos,Xuanyu Liu,6142151
2026-07-03T20:05:19.912655,2026-07-03T20:05:19.924413+00:00,116.5,47,bid,CostlyCorianders,EarnestEspressos,6142168
2026-07-03T20:05:20.352651,2026-07-03T20:05:20.363975+00:00,116.5,50,bid,FlawlessFlatbreads,EarnestEspressos,6142175
2026-07-03T20:05:21.855722,2026-07-03T20:05:21.863626+00:00,116.0,46,ask,EarnestEspressos,CostlyCorianders,6142189
2026-07-03T20:05:22.388073,2026-07-03T20:05:22.398848+00:00,116.5,40,bid,CostlyCorianders,DiligentDonuts,6142197
2026-07-03T20:05:24.567972,2026-07-03T20:05:24.580245+00:00,116.6,50,bid,FlawlessFlatbreads,EarnestEspressos,6142229
2026-07-03T20:05:25.806971,2026-07-03T20:05:25.815472+00:00,116.4,44,ask,EarnestEspressos,CostlyCorianders,6142246
2026-07-03T20:05:26.399768,2026-07-03T20:05:26.407222+00:00,116.6,40,bid,CostlyCorianders,DiligentDonuts,6142258
2026-07-03T20:05:26.975964,2026-07-03T20:05:26.987308+00:00,116.6,42,bid,CostlyCorianders,DiligentDonuts,6142265
2026-07-03T20:05:28.159830,2026-07-03T20:05:28.168098+00:00,116.6,3,ask,DiligentDonuts,Xuanyu Liu,6142280
2026-07-03T20:05:28.779186,2026-07-03T20:05:28.790916+00:00,116.8,50,bid,FlawlessFlatbreads,EarnestEspressos,6142286
2026-07-03T20:05:30.697299,2026-07-03T20:05:30.704645+00:00,116.5,48,ask,DiligentDonuts,CostlyCorianders,6142316
2026-07-03T20:05:32.653222,2026-07-03T20:05:32.664652+00:00,116.5,43,ask,DiligentDonuts,CostlyCorianders,6142354
2026-07-03T20:05:33.047208,2026-07-03T20:05:33.058872+00:00,116.5,9,ask,DiligentDonuts,FlawlessFlatbreads,6142364
2026-07-03T20:05:34.396632,2026-07-03T20:05:34.403329+00:00,116.7,41,bid,CostlyCorianders,DiligentDonuts,6142380
2026-07-03T20:05:35.153490,2026-07-03T20:05:35.164983+00:00,116.5,50,ask,EarnestEspressos,FlawlessFlatbreads,6142384
2026-07-03T20:05:37.261623,2026-07-03T20:05:37.273063+00:00,116.5,50,ask,EarnestEspressos,FlawlessFlatbreads,6142410
2026-07-03T20:05:37.340441,2026-07-03T20:05:37.351801+00:00,116.5,42,ask,EarnestEspressos,CostlyCorianders,6142413
2026-07-03T20:05:37.885547,2026-07-03T20:05:37.893483+00:00,116.5,3,bid,Xuanyu Liu,EarnestEspressos,6142428
2026-07-03T20:05:39.317327,2026-07-03T20:05:39.328894+00:00,116.5,50,bid,FlawlessFlatbreads,EarnestEspressos,6142451
2026-07-03T20:05:39.924885,2026-07-03T20:05:39.935013+00:00,116.5,97,bid,DiligentDonuts,EarnestEspressos,6142459
2026-07-03T20:05:41.479841,2026-07-03T20:05:41.491086+00:00,116.5,3,ask,DiligentDonuts,FlawlessFlatbreads,6142482
2026-07-03T20:05:41.479841,2026-07-03T20:05:41.491086+00:00,116.5,47,ask,EarnestEspressos,FlawlessFlatbreads,6142483
2026-07-03T20:05:42.570147,2026-07-03T20:05:42.578228+00:00,116.5,3,ask,EarnestEspressos,Xuanyu Liu,6142494
2026-07-03T20:05:43.139679,2026-07-03T20:05:43.151307+00:00,116.5,100,ask,EarnestEspressos,DiligentDonuts,6142508
2026-07-03T20:05:43.245992,2026-07-03T20:05:43.258638+00:00,117.0,46,bid,CostlyCorianders,EarnestEspressos,6142509
2026-07-03T20:05:43.587587,2026-07-03T20:05:43.599312+00:00,115.9,50,ask,DiligentDonuts,FlawlessFlatbreads,6142513
2026-07-03T20:05:45.693902,2026-07-03T20:05:45.700517+00:00,116.1,50,ask,EarnestEspressos,FlawlessFlatbreads,6142540
2026-07-03T20:05:47.368577,2026-07-03T20:05:47.377442+00:00,116.5,3,bid,Xuanyu Liu,EarnestEspressos,6142552
2026-07-03T20:05:47.799541,2026-07-03T20:05:47.809292+00:00,116.2,50,ask,DiligentDonuts,FlawlessFlatbreads,6142567
2026-07-03T20:05:52.022635,2026-07-03T20:05:52.036070+00:00,116.0,50,ask,DiligentDonuts,FlawlessFlatbreads,6142617
2026-07-03T20:05:55.355411,2026-07-03T20:05:55.368866+00:00,116.3,41,bid,CostlyCorianders,EarnestEspressos,6142660
2026-07-03T20:05:56.244346,2026-07-03T20:05:56.252811+00:00,116.0,50,ask,DiligentDonuts,FlawlessFlatbreads,6142670
2026-07-03T20:05:56.754306,2026-07-03T20:05:56.763775+00:00,116.0,49,ask,DiligentDonuts,CostlyCorianders,6142674
2026-07-03T20:05:58.352063,2026-07-03T20:05:58.354117+00:00,116.1,50,ask,EarnestEspressos,FlawlessFlatbreads,6142690
2026-07-03T20:05:58.996672,2026-07-03T20:05:59.004401+00:00,116.2,3,bid,Xuanyu Liu,DiligentDonuts,6142698
2026-07-03T20:05:59.026156,2026-07-03T20:05:59.064110+00:00,116.2,43,bid,CostlyCorianders,DiligentDonuts,6142703
2026-07-03T20:06:00.457766,2026-07-03T20:06:00.469272+00:00,116.0,50,ask,EarnestEspressos,FlawlessFlatbreads,6142713
2026-07-03T20:06:00.865073,2026-07-03T20:06:00.880628+00:00,116.2,11,bid,Xuanyu Liu,DiligentDonuts,6142717
2026-07-03T20:06:02.071187,2026-07-03T20:06:02.075169+00:00,116.0,44,ask,EarnestEspressos,CostlyCorianders,6142725
2026-07-03T20:06:04.607029,2026-07-03T20:06:04.618494+00:00,116.1,46,bid,CostlyCorianders,EarnestEspressos,6142756
2026-07-03T20:06:04.617427,2026-07-03T20:06:04.629047+00:00,116.1,50,bid,FlawlessFlatbreads,EarnestEspressos,6142758
2026-07-03T20:06:05.175120,2026-07-03T20:06:05.186808+00:00,116.1,47,bid,CostlyCorianders,EarnestEspressos,6142761
2026-07-03T20:06:06.722811,2026-07-03T20:06:06.734653+00:00,116.3,50,bid,FlawlessFlatbreads,DiligentDonuts,6142786
2026-07-03T20:06:08.881891,2026-07-03T20:06:08.891087+00:00,116.0,50,ask,EarnestEspressos,FlawlessFlatbreads,6142811
2026-07-03T20:06:09.823734,2026-07-03T20:06:09.830716+00:00,115.9,46,ask,DiligentDonuts,CostlyCorianders,6142823
2026-07-03T20:06:10.988807,2026-07-03T20:06:11.000622+00:00,115.9,50,ask,DiligentDonuts,FlawlessFlatbreads,6142842
2026-07-03T20:06:12.692905,2026-07-03T20:06:12.701284+00:00,115.7,12,bid,Xuanyu Liu,EarnestEspressos,6142867
2026-07-03T20:06:12.830660,2026-07-03T20:06:12.838643+00:00,115.7,34,bid,Xuanyu Liu,EarnestEspressos,6142872
2026-07-03T20:06:13.045926,2026-07-03T20:06:13.058737+00:00,115.7,50,bid,FlawlessFlatbreads,EarnestEspressos,6142877
2026-07-03T20:06:14.741089,2026-07-03T20:06:14.758718+00:00,115.7,54,bid,DiligentDonuts,EarnestEspressos,6142896
2026-07-03T20:06:14.809107,2026-07-03T20:06:14.818924+00:00,115.9,23,ask,DiligentDonuts,Xuanyu Liu,6142901
2026-07-03T20:06:14.812609,2026-07-03T20:06:14.818924+00:00,115.9,23,ask,DiligentDonuts,CostlyCorianders,6142902
2026-07-03T20:06:15.154062,2026-07-03T20:06:15.164757+00:00,116.4,50,bid,FlawlessFlatbreads,DiligentDonuts,6142912
2026-07-03T20:06:15.804012,2026-07-03T20:06:15.811971+00:00,115.9,11,ask,EarnestEspressos,Xuanyu Liu,6142923
2026-07-03T20:06:16.348523,2026-07-03T20:06:16.355030+00:00,116.4,40,bid,CostlyCorianders,DiligentDonuts,6142931
2026-07-03T20:06:17.265386,2026-07-03T20:06:17.272221+00:00,116.4,10,bid,FlawlessFlatbreads,DiligentDonuts,6142944
2026-07-03T20:06:17.265386,2026-07-03T20:06:17.277268+00:00,116.4,40,bid,FlawlessFlatbreads,EarnestEspressos,6142945
2026-07-03T20:06:18.709235,2026-07-03T20:06:18.720916+00:00,115.9,45,ask,EarnestEspressos,CostlyCorianders,6142966
2026-07-03T20:06:19.375114,2026-07-03T20:06:19.383939+00:00,116.3,50,bid,FlawlessFlatbreads,DiligentDonuts,6142970
2026-07-03T20:06:20.729534,2026-07-03T20:06:20.737243+00:00,115.9,12,ask,EarnestEspressos,Xuanyu Liu,6142989
2026-07-03T20:06:21.289268,2026-07-03T20:06:21.300745+00:00,116.4,40,bid,CostlyCorianders,EarnestEspressos,6142995
2026-07-03T20:06:21.481131,2026-07-03T20:06:21.490126+00:00,116.4,50,bid,FlawlessFlatbreads,EarnestEspressos,6143001
2026-07-03T20:06:22.123994,2026-07-03T20:06:22.133034+00:00,116.4,11,ask,EarnestEspressos,Xuanyu Liu,6143015
2026-07-03T20:06:23.359643,2026-07-03T20:06:23.367670+00:00,116.4,3,ask,EarnestEspressos,Xuanyu Liu,6143034
2026-07-03T20:06:23.586717,2026-07-03T20:06:23.598332+00:00,116.6,50,bid,FlawlessFlatbreads,DiligentDonuts,6143037
2026-07-03T20:06:25.620519,2026-07-03T20:06:25.630688+00:00,116.6,49,ask,EarnestEspressos,CostlyCorianders,6143065
2026-07-03T20:06:25.695229,2026-07-03T20:06:25.703120+00:00,116.8,50,bid,FlawlessFlatbreads,DiligentDonuts,6143069
2026-07-03T20:06:27.176973,2026-07-03T20:06:27.183447+00:00,116.6,41,ask,EarnestEspressos,CostlyCorianders,6143087
2026-07-03T20:06:27.851949,2026-07-03T20:06:27.858538+00:00,116.8,50,ask,DiligentDonuts,FlawlessFlatbreads,6143097
2026-07-03T20:06:28.297914,2026-07-03T20:06:28.309316+00:00,117.1,43,bid,CostlyCorianders,EarnestEspressos,6143106
2026-07-03T20:06:29.958295,2026-07-03T20:06:29.970026+00:00,116.8,50,ask,DiligentDonuts,FlawlessFlatbreads,6143131
2026-07-03T20:06:30.898329,2026-07-03T20:06:30.901011+00:00,116.9,48,bid,CostlyCorianders,DiligentDonuts,6143150
2026-07-03T20:06:30.952369,2026-07-03T20:06:30.958828+00:00,116.5,47,ask,EarnestEspressos,CostlyCorianders,6143151
2026-07-03T20:06:32.066087,2026-07-03T20:06:32.077978+00:00,116.4,50,ask,DiligentDonuts,FlawlessFlatbreads,6143168
2026-07-03T20:06:32.070035,2026-07-03T20:06:32.077978+00:00,116.8,43,bid,CostlyCorianders,EarnestEspressos,6143169
2026-07-03T20:06:34.181731,2026-07-03T20:06:34.193291+00:00,116.4,50,ask,DiligentDonuts,FlawlessFlatbreads,6143186
2026-07-03T20:06:36.117071,2026-07-03T20:06:36.128689+00:00,116.4,42,ask,DiligentDonuts,CostlyCorianders,6143214
2026-07-03T20:06:36.291113,2026-07-03T20:06:36.300475+00:00,116.4,8,ask,DiligentDonuts,FlawlessFlatbreads,6143216
2026-07-03T20:06:36.291113,2026-07-03T20:06:36.300475+00:00,116.4,42,ask,EarnestEspressos,FlawlessFlatbreads,6143217
2026-07-03T20:06:38.409409,2026-07-03T20:06:38.421043+00:00,116.5,50,ask,DiligentDonuts,FlawlessFlatbreads,6143239
2026-07-03T20:06:39.155152,2026-07-03T20:06:39.166779+00:00,117.0,45,bid,CostlyCorianders,DiligentDonuts,6143252
2026-07-03T20:06:39.726272,2026-07-03T20:06:39.734267+00:00,117.0,44,bid,CostlyCorianders,DiligentDonuts,6143260
2026-07-03T20:06:40.464281,2026-07-03T20:06:40.475858+00:00,117.0,50,bid,FlawlessFlatbreads,EarnestEspressos,6143271
2026-07-03T20:06:41.302812,2026-07-03T20:06:41.314399+00:00,116.8,45,ask,EarnestEspressos,CostlyCorianders,6143283
2026-07-03T20:06:41.777411,2026-07-03T20:06:41.789180+00:00,116.8,48,ask,EarnestEspressos,CostlyCorianders,6143285
2026-07-03T20:06:42.570432,2026-07-03T20:06:42.579742+00:00,117.1,50,bid,FlawlessFlatbreads,DiligentDonuts,6143294
2026-07-03T20:06:44.314053,2026-07-03T20:06:44.324209+00:00,116.9,100,ask,DiligentDonuts,EarnestEspressos,6143311
2026-07-03T20:06:44.530778,2026-07-03T20:06:44.542368+00:00,116.9,46,bid,CostlyCorianders,EarnestEspressos,6143316
2026-07-03T20:06:46.806410,2026-07-03T20:06:46.815523+00:00,117.1,50,bid,FlawlessFlatbreads,DiligentDonuts,6143342
2026-07-03T20:06:47.423165,2026-07-03T20:06:47.429649+00:00,117.1,50,bid,EarnestEspressos,DiligentDonuts,6143347
2026-07-03T20:06:48.911555,2026-07-03T20:06:48.923611+00:00,117.6,50,bid,FlawlessFlatbreads,EarnestEspressos,6143365
2026-07-03T20:06:49.290597,2026-07-03T20:06:49.302058+00:00,117.1,47,ask,EarnestEspressos,CostlyCorianders,6143370
2026-07-03T20:06:51.019443,2026-07-03T20:06:51.026235+00:00,117.4,50,bid,FlawlessFlatbreads,EarnestEspressos,6143391
2026-07-03T20:06:52.030123,2026-07-03T20:06:52.036978+00:00,117.1,40,ask,DiligentDonuts,CostlyCorianders,6143401
2026-07-03T20:06:52.505024,2026-07-03T20:06:52.516664+00:00,117.4,46,bid,CostlyCorianders,EarnestEspressos,6143407
2026-07-03T20:06:53.125937,2026-07-03T20:06:53.137586+00:00,117.3,50,bid,FlawlessFlatbreads,DiligentDonuts,6143419
2026-07-03T20:06:53.528333,2026-07-03T20:06:53.535567+00:00,117.0,48,ask,EarnestEspressos,CostlyCorianders,6143430
2026-07-03T20:06:54.708143,2026-07-03T20:06:54.718082+00:00,117.3,41,bid,CostlyCorianders,DiligentDonuts,6143447
2026-07-03T20:06:56.845446,2026-07-03T20:06:56.858574+00:00,117.5,40,bid,CostlyCorianders,EarnestEspressos,6143477
2026-07-03T20:06:57.393393,2026-07-03T20:06:57.405220+00:00,117.2,50,ask,DiligentDonuts,FlawlessFlatbreads,6143485
2026-07-03T20:06:57.935642,2026-07-03T20:06:57.947303+00:00,117.2,48,ask,DiligentDonuts,CostlyCorianders,6143500
2026-07-03T20:06:58.520294,2026-07-03T20:06:58.532633+00:00,117.7,46,bid,CostlyCorianders,DiligentDonuts,6143512
2026-07-03T20:06:59.446844,2026-07-03T20:06:59.468733+00:00,117.6,50,bid,FlawlessFlatbreads,DiligentDonuts,6143523
2026-07-03T20:07:01.078126,2026-07-03T20:07:01.090008+00:00,117.4,44,ask,EarnestEspressos,CostlyCorianders,6143550
2026-07-03T20:07:01.622341,2026-07-03T20:07:01.634004+00:00,117.4,50,ask,EarnestEspressos,FlawlessFlatbreads,6143562
2026-07-03T20:07:03.164178,2026-07-03T20:07:03.175275+00:00,117.4,46,ask,EarnestEspressos,CostlyCorianders,6143584
2026-07-03T20:07:05.363660,2026-07-03T20:07:05.371901+00:00,117.4,100,bid,DiligentDonuts,EarnestEspressos,6143611
2026-07-03T20:07:07.886568,2026-07-03T20:07:07.894952+00:00,117.8,50,bid,FlawlessFlatbreads,EarnestEspressos,6143640
2026-07-03T20:07:09.557206,2026-07-03T20:07:09.568945+00:00,117.4,100,bid,EarnestEspressos,DiligentDonuts,6143659
2026-07-03T20:07:09.953509,2026-07-03T20:07:09.960080+00:00,117.9,49,bid,CostlyCorianders,EarnestEspressos,6143667
2026-07-03T20:07:12.077608,2026-07-03T20:07:12.084130+00:00,117.4,45,ask,EarnestEspressos,CostlyCorianders,6143690
2026-07-03T20:07:12.147651,2026-07-03T20:07:12.084130+00:00,117.4,5,ask,EarnestEspressos,FlawlessFlatbreads,6143693
2026-07-03T20:07:12.147651,2026-07-03T20:07:12.084130+00:00,117.2,45,ask,DiligentDonuts,FlawlessFlatbreads,6143694
2026-07-03T20:07:12.645959,2026-07-03T20:07:12.663640+00:00,117.7,40,bid,CostlyCorianders,DiligentDonuts,6143698
2026-07-03T20:07:14.257587,2026-07-03T20:07:14.268966+00:00,117.2,50,ask,DiligentDonuts,FlawlessFlatbreads,6143721
2026-07-03T20:07:15.124716,2026-07-03T20:07:15.132409+00:00,117.4,48,bid,CostlyCorianders,DiligentDonuts,6143730
2026-07-03T20:07:16.363202,2026-07-03T20:07:16.374595+00:00,116.9,50,ask,DiligentDonuts,FlawlessFlatbreads,6143758
2026-07-03T20:07:17.637600,2026-07-03T20:07:17.646932+00:00,116.9,48,ask,DiligentDonuts,CostlyCorianders,6143772
2026-07-03T20:07:18.471748,2026-07-03T20:07:18.479348+00:00,117.0,50,ask,DiligentDonuts,FlawlessFlatbreads,6143786
2026-07-03T20:07:19.085624,2026-07-03T20:07:19.095206+00:00,117.5,42,bid,CostlyCorianders,DiligentDonuts,6143796
2026-07-03T20:07:19.686297,2026-07-03T20:07:19.696278+00:00,117.5,48,bid,CostlyCorianders,DiligentDonuts,6143802
2026-07-03T20:07:22.299644,2026-07-03T20:07:22.306650+00:00,117.0,46,ask,DiligentDonuts,CostlyCorianders,6143833
2026-07-03T20:07:22.681684,2026-07-03T20:07:22.693453+00:00,117.0,50,ask,DiligentDonuts,FlawlessFlatbreads,6143835
2026-07-03T20:07:24.737788,2026-07-03T20:07:24.749375+00:00,117.3,50,bid,FlawlessFlatbreads,DiligentDonuts,6143860
2026-07-03T20:07:26.844367,2026-07-03T20:07:26.855676+00:00,117.3,50,bid,FlawlessFlatbreads,DiligentDonuts,6143882
2026-07-03T20:07:28.038290,2026-07-03T20:07:28.047161+00:00,117.2,44,ask,DiligentDonuts,CostlyCorianders,6143899
2026-07-03T20:07:29.000005,2026-07-03T20:07:29.011649+00:00,117.2,50,ask,DiligentDonuts,FlawlessFlatbreads,6143912
2026-07-03T20:07:31.056511,2026-07-03T20:07:31.068398+00:00,117.5,50,bid,FlawlessFlatbreads,DiligentDonuts,6143934
2026-07-03T20:07:31.713423,2026-07-03T20:07:31.722442+00:00,117.5,44,bid,CostlyCorianders,DiligentDonuts,6143946
2026-07-03T20:07:33.163450,2026-07-03T20:07:33.175191+00:00,117.5,6,bid,FlawlessFlatbreads,DiligentDonuts,6143971
2026-07-03T20:07:33.163450,2026-07-03T20:07:33.175191+00:00,117.7,44,bid,FlawlessFlatbreads,EarnestEspressos,6143972
2026-07-03T20:07:35.283194,2026-07-03T20:07:35.291794+00:00,117.7,50,bid,FlawlessFlatbreads,DiligentDonuts,6143995
2026-07-03T20:07:36.722522,2026-07-03T20:07:36.734348+00:00,117.7,44,bid,CostlyCorianders,DiligentDonuts,6144016
2026-07-03T20:07:37.388566,2026-07-03T20:07:37.397692+00:00,117.9,50,bid,FlawlessFlatbreads,EarnestEspressos,6144025
2026-07-03T20:07:39.496506,2026-07-03T20:07:39.506574+00:00,118.1,50,bid,FlawlessFlatbreads,EarnestEspressos,6144047
2026-07-03T20:07:40.725760,2026-07-03T20:07:40.733011+00:00,117.9,3,ask,DiligentDonuts,Xuanyu Liu,6144068
2026-07-03T20:07:41.654917,2026-07-03T20:07:41.666761+00:00,117.9,50,ask,DiligentDonuts,FlawlessFlatbreads,6144081
2026-07-03T20:07:42.551210,2026-07-03T20:07:42.559028+00:00,117.9,11,ask,DiligentDonuts,Xuanyu Liu,6144094
2026-07-03T20:07:43.297321,2026-07-03T20:07:43.309076+00:00,117.9,44,ask,EarnestEspressos,CostlyCorianders,6144105
2026-07-03T20:07:43.761965,2026-07-03T20:07:43.773288+00:00,117.9,50,ask,EarnestEspressos,FlawlessFlatbreads,6144116
2026-07-03T20:07:45.869882,2026-07-03T20:07:45.879384+00:00,117.6,50,ask,EarnestEspressos,FlawlessFlatbreads,6144145
2026-07-03T20:07:46.251512,2026-07-03T20:07:46.255327+00:00,117.6,44,ask,EarnestEspressos,CostlyCorianders,6144154
2026-07-03T20:07:47.290176,2026-07-03T20:07:47.301624+00:00,117.6,43,ask,EarnestEspressos,CostlyCorianders,6144160
2026-07-03T20:07:47.583395,2026-07-03T20:07:47.591897+00:00,117.5,100,ask,DiligentDonuts,EarnestEspressos,6144162
2026-07-03T20:07:47.593187,2026-07-03T20:07:47.601339+00:00,117.4,14,bid,Xuanyu Liu,EarnestEspressos,6144163
2026-07-03T20:07:48.576141,2026-07-03T20:07:48.589944+00:00,117.4,3,bid,Xuanyu Liu,EarnestEspressos,6144176
2026-07-03T20:07:49.886059,2026-07-03T20:07:49.894058+00:00,117.4,11,bid,Xuanyu Liu,EarnestEspressos,6144196
2026-07-03T20:07:49.897144,2026-07-03T20:07:49.909302+00:00,117.4,22,bid,CostlyCorianders,EarnestEspressos,6144198
2026-07-03T20:07:49.897144,2026-07-03T20:07:49.909302+00:00,117.8,22,bid,CostlyCorianders,DiligentDonuts,6144199
2026-07-03T20:07:50.102274,2026-07-03T20:07:50.113672+00:00,117.3,50,ask,DiligentDonuts,FlawlessFlatbreads,6144203
2026-07-03T20:07:50.690888,2026-07-03T20:07:50.698608+00:00,117.8,78,bid,EarnestEspressos,DiligentDonuts,6144211
2026-07-03T20:07:50.764980,2026-07-03T20:07:50.774580+00:00,117.8,11,ask,EarnestEspressos,Xuanyu Liu,6144213
2026-07-03T20:07:51.026833,2026-07-03T20:07:51.036976+00:00,117.8,3,ask,EarnestEspressos,Xuanyu Liu,6144219
2026-07-03T20:07:54.260013,2026-07-03T20:07:54.271675+00:00,117.9,50,bid,FlawlessFlatbreads,EarnestEspressos,6144254
2026-07-03T20:07:56.366544,2026-07-03T20:07:56.378016+00:00,117.9,50,bid,FlawlessFlatbreads,EarnestEspressos,6144269
2026-07-03T20:07:58.494213,2026-07-03T20:07:58.505705+00:00,118.0,50,bid,FlawlessFlatbreads,DiligentDonuts,6144299
2026-07-03T20:08:00.600800,2026-07-03T20:08:00.609073+00:00,118.3,50,bid,FlawlessFlatbreads,DiligentDonuts,6144318
2026-07-03T20:08:02.018659,2026-07-03T20:08:02.030360+00:00,118.3,48,bid,CostlyCorianders,DiligentDonuts,6144335
2026-07-03T20:08:02.639331,2026-07-03T20:08:02.648296+00:00,117.9,47,ask,EarnestEspressos,CostlyCorianders,6144346
2026-07-03T20:08:02.776907,2026-07-03T20:08:02.788489+00:00,117.9,50,ask,EarnestEspressos,FlawlessFlatbreads,6144347
2026-07-03T20:08:02.994466,2026-07-03T20:08:03.001396+00:00,117.9,3,ask,EarnestEspressos,Xuanyu Liu,6144348
2026-07-03T20:08:03.431277,2026-07-03T20:08:03.441437+00:00,117.9,100,ask,DiligentDonuts,EarnestEspressos,6144355
2026-07-03T20:08:05.531745,2026-07-03T20:08:05.543106+00:00,117.8,42,bid,CostlyCorianders,EarnestEspressos,6144373
2026-07-03T20:08:05.623904,2026-07-03T20:08:05.630938+00:00,117.8,3,bid,Xuanyu Liu,EarnestEspressos,6144376
2026-07-03T20:08:06.542481,2026-07-03T20:08:06.554222+00:00,118.1,100,bid,EarnestEspressos,DiligentDonuts,6144386
2026-07-03T20:08:06.793983,2026-07-03T20:08:06.801786+00:00,118.1,3,ask,EarnestEspressos,Xuanyu Liu,6144392
2026-07-03T20:08:06.989103,2026-07-03T20:08:07.000639+00:00,118.1,47,ask,EarnestEspressos,FlawlessFlatbreads,6144398
2026-07-03T20:08:06.989103,2026-07-03T20:08:07.000639+00:00,117.6,3,ask,DiligentDonuts,FlawlessFlatbreads,6144399
2026-07-03T20:08:09.096766,2026-07-03T20:08:09.108256+00:00,118.0,50,ask,DiligentDonuts,FlawlessFlatbreads,6144424
2026-07-03T20:08:09.766279,2026-07-03T20:08:09.799019+00:00,118.0,50,ask,DiligentDonuts,EarnestEspressos,6144435
2026-07-03T20:08:09.975754,2026-07-03T20:08:09.987290+00:00,117.9,46,bid,CostlyCorianders,EarnestEspressos,6144441
2026-07-03T20:08:11.056604,2026-07-03T20:08:11.055178+00:00,117.4,42,ask,EarnestEspressos,CostlyCorianders,6144456
2026-07-03T20:08:11.204220,2026-07-03T20:08:11.215630+00:00,117.4,50,ask,EarnestEspressos,FlawlessFlatbreads,6144459
2026-07-03T20:08:12.652149,2026-07-03T20:08:12.658640+00:00,117.7,41,ask,DiligentDonuts,CostlyCorianders,6144474
2026-07-03T20:08:13.261108,2026-07-03T20:08:13.272936+00:00,117.9,50,bid,FlawlessFlatbreads,EarnestEspressos,6144481
2026-07-03T20:08:15.105042,2026-07-03T20:08:15.116550+00:00,117.9,48,bid,CostlyCorianders,EarnestEspressos,6144500
2026-07-03T20:08:15.418918,2026-07-03T20:08:15.430417+00:00,117.6,50,ask,DiligentDonuts,FlawlessFlatbreads,6144503
2026-07-03T20:08:18.240850,2026-07-03T20:08:18.250744+00:00,117.8,46,ask,EarnestEspressos,CostlyCorianders,6144540
2026-07-03T20:08:19.577761,2026-07-03T20:08:19.589310+00:00,117.9,50,bid,FlawlessFlatbreads,DiligentDonuts,6144563
2026-07-03T20:08:20.059686,2026-07-03T20:08:20.067516+00:00,117.9,3,bid,Xuanyu Liu,DiligentDonuts,6144570
2026-07-03T20:08:21.687104,2026-07-03T20:08:21.696706+00:00,118.1,50,bid,FlawlessFlatbreads,EarnestEspressos,6144590
2026-07-03T20:08:22.663656,2026-07-03T20:08:22.670551+00:00,118.4,46,bid,CostlyCorianders,DiligentDonuts,6144609
2026-07-03T20:08:22.717225,2026-07-03T20:08:22.728748+00:00,117.9,49,ask,DiligentDonuts,CostlyCorianders,6144613
2026-07-03T20:08:23.793888,2026-07-03T20:08:23.805341+00:00,118.4,50,bid,FlawlessFlatbreads,DiligentDonuts,6144624
2026-07-03T20:08:25.899569,2026-07-03T20:08:25.911193+00:00,118.3,50,bid,FlawlessFlatbreads,DiligentDonuts,6144661
2026-07-03T20:08:26.183334,2026-07-03T20:08:26.195035+00:00,117.8,49,ask,DiligentDonuts,CostlyCorianders,6144666
2026-07-03T20:08:28.056042,2026-07-03T20:08:28.058132+00:00,117.8,50,ask,EarnestEspressos,FlawlessFlatbreads,6144701
2026-07-03T20:08:30.162196,2026-07-03T20:08:30.173914+00:00,117.8,50,ask,DiligentDonuts,FlawlessFlatbreads,6144721
2026-07-03T20:08:32.218665,2026-07-03T20:08:32.230316+00:00,118.1,50,bid,FlawlessFlatbreads,DiligentDonuts,6144742
2026-07-03T20:08:34.174348,2026-07-03T20:08:34.186003+00:00,118.1,46,bid,CostlyCorianders,DiligentDonuts,6144763
2026-07-03T20:08:34.377146,2026-07-03T20:08:34.384395+00:00,117.7,50,ask,EarnestEspressos,FlawlessFlatbreads,6144764
2026-07-03T20:08:35.629555,2026-07-03T20:08:35.638899+00:00,117.8,45,bid,CostlyCorianders,EarnestEspressos,6144780
2026-07-03T20:08:36.434521,2026-07-03T20:08:36.447954+00:00,117.8,50,bid,FlawlessFlatbreads,EarnestEspressos,6144790
2026-07-03T20:08:37.099084,2026-07-03T20:08:37.106524+00:00,117.8,55,bid,DiligentDonuts,EarnestEspressos,6144801
2026-07-03T20:08:38.208741,2026-07-03T20:08:38.217823+00:00,118.1,3,ask,EarnestEspressos,Xuanyu Liu,6144814
2026-07-03T20:08:39.429351,2026-07-03T20:08:39.441156+00:00,118.1,23,ask,EarnestEspressos,Xuanyu Liu,6144829
2026-07-03T20:08:39.759453,2026-07-03T20:08:39.767639+00:00,118.1,11,ask,EarnestEspressos,Xuanyu Liu,6144837
2026-07-03T20:08:39.880088,2026-07-03T20:08:39.891965+00:00,118.1,41,ask,EarnestEspressos,CostlyCorianders,6144839
2026-07-03T20:08:40.314075,2026-07-03T20:08:40.321259+00:00,118.1,72,ask,EarnestEspressos,DiligentDonuts,6144843
2026-07-03T20:08:40.671006,2026-07-03T20:08:40.679269+00:00,117.9,11,bid,Xuanyu Liu,DiligentDonuts,6144848
2026-07-03T20:08:41.427923,2026-07-03T20:08:41.446860+00:00,117.7,23,bid,Xuanyu Liu,EarnestEspressos,6144861
2026-07-03T20:08:41.456328,2026-07-03T20:08:41.467716+00:00,117.7,45,bid,CostlyCorianders,EarnestEspressos,6144865
2026-07-03T20:08:42.748616,2026-07-03T20:08:42.755036+00:00,117.7,50,bid,FlawlessFlatbreads,EarnestEspressos,6144888
2026-07-03T20:08:43.424275,2026-07-03T20:08:43.435855+00:00,117.7,32,bid,DiligentDonuts,EarnestEspressos,6144898
2026-07-03T20:08:44.849288,2026-07-03T20:08:44.857706+00:00,117.7,11,ask,DiligentDonuts,Xuanyu Liu,6144916
2026-07-03T20:08:47.011246,2026-07-03T20:08:47.022845+00:00,117.6,50,ask,EarnestEspressos,FlawlessFlatbreads,6144950
2026-07-03T20:08:48.092081,2026-07-03T20:08:48.103693+00:00,117.4,44,ask,DiligentDonuts,CostlyCorianders,6144970
2026-07-03T20:08:49.134834,2026-07-03T20:08:49.142336+00:00,117.4,50,ask,DiligentDonuts,FlawlessFlatbreads,6144986
2026-07-03T20:08:50.248129,2026-07-03T20:08:50.255712+00:00,117.4,11,bid,Xuanyu Liu,DiligentDonuts,6145005
2026-07-03T20:08:51.245607,2026-07-03T20:08:51.258549+00:00,117.3,50,ask,EarnestEspressos,FlawlessFlatbreads,6145023
2026-07-03T20:08:51.756986,2026-07-03T20:08:51.765832+00:00,117.3,45,ask,EarnestEspressos,CostlyCorianders,6145032
2026-07-03T20:08:54.202708,2026-07-03T20:08:54.209993+00:00,117.4,3,bid,Xuanyu Liu,EarnestEspressos,6145067
2026-07-03T20:08:54.549225,2026-07-03T20:08:54.557599+00:00,117.4,48,bid,CostlyCorianders,EarnestEspressos,6145072
2026-07-03T20:08:56.032660,2026-07-03T20:08:56.043082+00:00,117.4,45,bid,CostlyCorianders,EarnestEspressos,6145085
2026-07-03T20:08:56.998684,2026-07-03T20:08:57.010069+00:00,116.9,45,ask,EarnestEspressos,CostlyCorianders,6145099
2026-07-03T20:08:57.513706,2026-07-03T20:08:57.523263+00:00,117.0,50,bid,FlawlessFlatbreads,EarnestEspressos,6145106
2026-07-03T20:08:58.080745,2026-07-03T20:08:58.090950+00:00,117.0,40,bid,CostlyCorianders,EarnestEspressos,6145116
2026-07-03T20:08:59.182289,2026-07-03T20:08:59.196128+00:00,117.0,45,bid,CostlyCorianders,EarnestEspressos,6145132
2026-07-03T20:08:59.644585,2026-07-03T20:08:59.658552+00:00,117.0,15,bid,FlawlessFlatbreads,EarnestEspressos,6145136
2026-07-03T20:08:59.644585,2026-07-03T20:08:59.658552+00:00,117.2,35,bid,FlawlessFlatbreads,DiligentDonuts,6145137
2026-07-03T20:09:00.338891,2026-07-03T20:09:00.350584+00:00,117.2,65,bid,EarnestEspressos,DiligentDonuts,6145147
2026-07-03T20:09:00.406158,2026-07-03T20:09:00.414426+00:00,117.3,26,ask,EarnestEspressos,Xuanyu Liu,6145148
2026-07-03T20:09:01.213807,2026-07-03T20:09:01.222900+00:00,117.3,45,ask,EarnestEspressos,CostlyCorianders,6145155
2026-07-03T20:09:01.752559,2026-07-03T20:09:01.759067+00:00,117.8,50,bid,FlawlessFlatbreads,EarnestEspressos,6145162
2026-07-03T20:09:02.256362,2026-07-03T20:09:02.267887+00:00,117.3,14,ask,EarnestEspressos,CostlyCorianders,6145172
2026-07-03T20:09:02.256362,2026-07-03T20:09:02.267887+00:00,116.7,30,ask,DiligentDonuts,CostlyCorianders,6145173
2026-07-03T20:09:03.313142,2026-07-03T20:09:03.324721+00:00,116.9,46,ask,DiligentDonuts,CostlyCorianders,6145188
2026-07-03T20:09:03.867954,2026-07-03T20:09:03.876333+00:00,117.4,50,bid,FlawlessFlatbreads,DiligentDonuts,6145201
2026-07-03T20:09:04.449642,2026-07-03T20:09:04.456185+00:00,117.4,49,bid,CostlyCorianders,DiligentDonuts,6145206
2026-07-03T20:09:04.946004,2026-07-03T20:09:04.957410+00:00,117.4,1,bid,CostlyCorianders,DiligentDonuts,6145213
2026-07-03T20:09:05.001247,2026-07-03T20:09:05.008890+00:00,117.0,48,ask,EarnestEspressos,CostlyCorianders,6145215
2026-07-03T20:09:09.943491,2026-07-03T20:09:09.951551+00:00,117.1,12,bid,Xuanyu Liu,EarnestEspressos,6145277
2026-07-03T20:09:09.978569,2026-07-03T20:09:09.990213+00:00,117.1,41,bid,CostlyCorianders,EarnestEspressos,6145279
2026-07-03T20:09:10.532433,2026-07-03T20:09:10.543916+00:00,116.9,40,ask,DiligentDonuts,CostlyCorianders,6145286
2026-07-03T20:09:11.570950,2026-07-03T20:09:11.582644+00:00,117.1,49,bid,CostlyCorianders,EarnestEspressos,6145303
2026-07-03T20:09:12.135986,2026-07-03T20:09:12.137087+00:00,116.7,46,ask,DiligentDonuts,CostlyCorianders,6145310
2026-07-03T20:09:12.284543,2026-07-03T20:09:12.296137+00:00,117.1,48,bid,FlawlessFlatbreads,EarnestEspressos,6145316
2026-07-03T20:09:12.284543,2026-07-03T20:09:12.296137+00:00,117.2,2,bid,FlawlessFlatbreads,DiligentDonuts,6145317
2026-07-03T20:09:13.000805,2026-07-03T20:09:13.009578+00:00,117.1,12,ask,EarnestEspressos,Xuanyu Liu,6145321
2026-07-03T20:09:13.727557,2026-07-03T20:09:13.734139+00:00,117.1,48,ask,EarnestEspressos,CostlyCorianders,6145329
2026-07-03T20:09:14.392256,2026-07-03T20:09:14.403840+00:00,117.2,50,bid,FlawlessFlatbreads,DiligentDonuts,6145342
2026-07-03T20:09:16.501443,2026-07-03T20:09:16.514311+00:00,117.2,50,bid,FlawlessFlatbreads,DiligentDonuts,6145365
2026-07-03T20:09:17.818004,2026-07-03T20:09:17.826262+00:00,117.2,12,bid,Xuanyu Liu,DiligentDonuts,6145390
2026-07-03T20:09:18.610795,2026-07-03T20:09:18.622387+00:00,117.6,50,bid,FlawlessFlatbreads,EarnestEspressos,6145403
2026-07-03T20:09:19.342306,2026-07-03T20:09:19.351984+00:00,117.5,12,ask,EarnestEspressos,Xuanyu Liu,6145413
2026-07-03T20:09:19.398789,2026-07-03T20:09:19.413609+00:00,117.5,23,ask,EarnestEspressos,Xuanyu Liu,6145418
2026-07-03T20:09:19.435461,2026-07-03T20:09:19.444848+00:00,117.5,11,ask,EarnestEspressos,Xuanyu Liu,6145423
2026-07-03T20:09:20.768906,2026-07-03T20:09:20.780745+00:00,117.5,50,ask,EarnestEspressos,FlawlessFlatbreads,6145439
2026-07-03T20:09:21.458668,2026-07-03T20:09:21.470411+00:00,117.5,54,ask,EarnestEspressos,DiligentDonuts,6145454
2026-07-03T20:09:22.576217,2026-07-03T20:09:22.584829+00:00,117.1,34,bid,Xuanyu Liu,EarnestEspressos,6145470
2026-07-03T20:09:22.825064,2026-07-03T20:09:22.831456+00:00,117.1,50,bid,FlawlessFlatbreads,EarnestEspressos,6145472
2026-07-03T20:09:24.568649,2026-07-03T20:09:24.580359+00:00,117.1,66,bid,DiligentDonuts,EarnestEspressos,6145494
2026-07-03T20:09:24.871191,2026-07-03T20:09:24.882478+00:00,117.6,43,bid,CostlyCorianders,DiligentDonuts,6145498
2026-07-03T20:09:24.983544,2026-07-03T20:09:24.995303+00:00,117.1,34,ask,DiligentDonuts,FlawlessFlatbreads,6145502
2026-07-03T20:09:24.983544,2026-07-03T20:09:24.995303+00:00,116.6,16,ask,EarnestEspressos,FlawlessFlatbreads,6145503
2026-07-03T20:09:27.091565,2026-07-03T20:09:27.101284+00:00,117.2,50,ask,EarnestEspressos,FlawlessFlatbreads,6145527
2026-07-03T20:09:27.335992,2026-07-03T20:09:27.342532+00:00,117.2,46,ask,EarnestEspressos,CostlyCorianders,6145529
2026-07-03T20:09:29.146777,2026-07-03T20:09:29.155091+00:00,117.4,50,bid,FlawlessFlatbreads,EarnestEspressos,6145558
2026-07-03T20:09:30.359753,2026-07-03T20:09:30.371106+00:00,117.4,47,bid,CostlyCorianders,EarnestEspressos,6145576
2026-07-03T20:09:31.304815,2026-07-03T20:09:31.316499+00:00,117.2,50,ask,DiligentDonuts,FlawlessFlatbreads,6145586
2026-07-03T20:09:32.879092,2026-07-03T20:09:32.890560+00:00,117.4,42,ask,EarnestEspressos,CostlyCorianders,6145606
2026-07-03T20:09:33.412473,2026-07-03T20:09:33.424427+00:00,117.4,50,ask,EarnestEspressos,FlawlessFlatbreads,6145613
2026-07-03T20:09:33.949583,2026-07-03T20:09:33.954323+00:00,117.7,46,bid,CostlyCorianders,DiligentDonuts,6145619
2026-07-03T20:09:35.519993,2026-07-03T20:09:35.531630+00:00,117.2,50,ask,DiligentDonuts,FlawlessFlatbreads,6145645
2026-07-03T20:09:37.626822,2026-07-03T20:09:37.636012+00:00,117.1,50,ask,DiligentDonuts,FlawlessFlatbreads,6145673
2026-07-03T20:09:38.286631,2026-07-03T20:09:38.294650+00:00,117.6,42,bid,CostlyCorianders,DiligentDonuts,6145680
2026-07-03T20:09:39.732930,2026-07-03T20:09:39.744476+00:00,117.1,50,ask,DiligentDonuts,FlawlessFlatbreads,6145698
2026-07-03T20:09:39.958627,2026-07-03T20:09:39.970122+00:00,116.9,48,ask,EarnestEspressos,CostlyCorianders,6145700
2026-07-03T20:09:41.551036,2026-07-03T20:09:41.560409+00:00,117.2,12,bid,Xuanyu Liu,EarnestEspressos,6145721
2026-07-03T20:09:41.869443,2026-07-03T20:09:41.877512+00:00,116.8,50,ask,DiligentDonuts,FlawlessFlatbreads,6145725
2026-07-03T20:09:43.978145,2026-07-03T20:09:43.989735+00:00,116.7,50,ask,EarnestEspressos,FlawlessFlatbreads,6145747
2026-07-03T20:09:44.560601,2026-07-03T20:09:44.571885+00:00,117.2,47,bid,CostlyCorianders,EarnestEspressos,6145754
2026-07-03T20:09:46.084293,2026-07-03T20:09:46.090774+00:00,116.8,50,ask,EarnestEspressos,FlawlessFlatbreads,6145778
2026-07-03T20:09:47.452750,2026-07-03T20:09:47.464409+00:00,117.1,40,bid,CostlyCorianders,DiligentDonuts,6145795
2026-07-03T20:09:47.888498,2026-07-03T20:09:47.912343+00:00,117.0,11,bid,Xuanyu Liu,EarnestEspressos,6145800
2026-07-03T20:09:48.190377,2026-07-03T20:09:48.201839+00:00,116.6,50,ask,DiligentDonuts,FlawlessFlatbreads,6145804
2026-07-03T20:09:48.514778,2026-07-03T20:09:48.523766+00:00,116.6,48,ask,DiligentDonuts,CostlyCorianders,6145810
2026-07-03T20:09:49.314560,2026-07-03T20:09:49.322922+00:00,117.0,3,bid,Xuanyu Liu,EarnestEspressos,6145829
2026-07-03T20:09:50.297226,2026-07-03T20:09:50.308845+00:00,116.6,50,ask,DiligentDonuts,FlawlessFlatbreads,6145836
2026-07-03T20:09:52.409090,2026-07-03T20:09:52.418872+00:00,116.6,50,ask,DiligentDonuts,FlawlessFlatbreads,6145853
2026-07-03T20:09:53.139973,2026-07-03T20:09:53.149178+00:00,116.7,3,bid,Xuanyu Liu,DiligentDonuts,6145864
2026-07-03T20:09:54.526244,2026-07-03T20:09:54.534645+00:00,116.5,50,ask,EarnestEspressos,FlawlessFlatbreads,6145876
2026-07-03T20:09:56.631477,2026-07-03T20:09:56.642879+00:00,116.5,50,ask,EarnestEspressos,FlawlessFlatbreads,6145904
2026-07-03T20:09:58.736823,2026-07-03T20:09:58.746152+00:00,116.1,50,ask,DiligentDonuts,FlawlessFlatbreads,6145935
2026-07-03T20:09:59.459543,2026-07-03T20:09:59.467206+00:00,116.4,11,bid,Xuanyu Liu,DiligentDonuts,6145943
2026-07-03T20:10:00.634103,2026-07-03T20:10:00.645807+00:00,116.4,42,bid,CostlyCorianders,DiligentDonuts,6145962
2026-07-03T20:10:01.105590,2026-07-03T20:10:01.113344+00:00,116.4,12,bid,Xuanyu Liu,DiligentDonuts,6145972
2026-07-03T20:10:02.895161,2026-07-03T20:10:02.906708+00:00,116.4,50,bid,FlawlessFlatbreads,EarnestEspressos,6145990
2026-07-03T20:10:04.220144,2026-07-03T20:10:04.228483+00:00,116.7,46,bid,CostlyCorianders,DiligentDonuts,6146007
2026-07-03T20:10:05.003584,2026-07-03T20:10:05.011917+00:00,116.7,50,bid,FlawlessFlatbreads,DiligentDonuts,6146023
2026-07-03T20:10:05.038959,2026-07-03T20:10:05.050449+00:00,116.4,12,ask,EarnestEspressos,Xuanyu Liu,6146025
2026-07-03T20:10:06.801805,2026-07-03T20:10:06.813344+00:00,116.2,42,ask,DiligentDonuts,CostlyCorianders,6146048
2026-07-03T20:10:07.109361,2026-07-03T20:10:07.121291+00:00,116.7,50,bid,FlawlessFlatbreads,DiligentDonuts,6146051
2026-07-03T20:10:07.695908,2026-07-03T20:10:07.707386+00:00,116.3,40,ask,EarnestEspressos,CostlyCorianders,6146064
2026-07-03T20:10:09.217253,2026-07-03T20:10:09.228950+00:00,116.8,50,bid,FlawlessFlatbreads,EarnestEspressos,6146084
2026-07-03T20:10:11.324306,2026-07-03T20:10:11.331751+00:00,116.7,50,bid,FlawlessFlatbreads,EarnestEspressos,6146119
2026-07-03T20:10:13.482873,2026-07-03T20:10:13.494435+00:00,116.3,50,ask,DiligentDonuts,FlawlessFlatbreads,6146153
2026-07-03T20:10:15.523262,2026-07-03T20:10:15.532662+00:00,116.3,14,ask,EarnestEspressos,Xuanyu Liu,6146183
2026-07-03T20:10:15.589316,2026-07-03T20:10:15.596388+00:00,116.3,50,ask,EarnestEspressos,FlawlessFlatbreads,6146185
2026-07-03T20:10:16.456303,2026-07-03T20:10:16.468181+00:00,116.1,46,ask,DiligentDonuts,CostlyCorianders,6146198
2026-07-03T20:10:16.831326,2026-07-03T20:10:16.839324+00:00,116.2,14,bid,Xuanyu Liu,EarnestEspressos,6146201
2026-07-03T20:10:17.696793,2026-07-03T20:10:17.708458+00:00,116.1,50,ask,DiligentDonuts,FlawlessFlatbreads,6146212
2026-07-03T20:10:18.825791,2026-07-03T20:10:18.837569+00:00,116.2,42,bid,CostlyCorianders,EarnestEspressos,6146223
2026-07-03T20:10:19.462972,2026-07-03T20:10:19.479361+00:00,116.2,100,bid,EarnestEspressos,DiligentDonuts,6146229
2026-07-03T20:10:19.751336,2026-07-03T20:10:19.757676+00:00,116.7,50,bid,FlawlessFlatbreads,EarnestEspressos,6146233
2026-07-03T20:10:20.778630,2026-07-03T20:10:20.786102+00:00,116.3,11,ask,EarnestEspressos,Xuanyu Liu,6146249
2026-07-03T20:10:21.220136,2026-07-03T20:10:21.229641+00:00,116.3,3,ask,EarnestEspressos,Xuanyu Liu,6146262
2026-07-03T20:10:21.578567,2026-07-03T20:10:21.585953+00:00,116.3,36,ask,EarnestEspressos,DiligentDonuts,6146266
2026-07-03T20:10:21.856976,2026-07-03T20:10:21.868839+00:00,116.3,50,bid,FlawlessFlatbreads,DiligentDonuts,6146274
2026-07-03T20:10:22.699903,2026-07-03T20:10:22.707690+00:00,116.0,3,bid,Xuanyu Liu,EarnestEspressos,6146285
2026-07-03T20:10:23.400487,2026-07-03T20:10:23.408340+00:00,116.0,11,bid,Xuanyu Liu,EarnestEspressos,6146292
2026-07-03T20:10:23.964495,2026-07-03T20:10:23.976000+00:00,116.0,50,bid,FlawlessFlatbreads,EarnestEspressos,6146299
2026-07-03T20:10:24.690565,2026-07-03T20:10:24.698685+00:00,116.0,86,bid,DiligentDonuts,EarnestEspressos,6146316
2026-07-03T20:10:25.808462,2026-07-03T20:10:25.816638+00:00,116.3,11,ask,EarnestEspressos,Xuanyu Liu,6146331
2026-07-03T20:10:26.072654,2026-07-03T20:10:26.084285+00:00,116.6,50,bid,FlawlessFlatbreads,DiligentDonuts,6146336
2026-07-03T20:10:26.194762,2026-07-03T20:10:26.206100+00:00,116.6,42,bid,CostlyCorianders,DiligentDonuts,6146339
2026-07-03T20:10:28.178860,2026-07-03T20:10:28.190239+00:00,116.8,50,bid,FlawlessFlatbreads,EarnestEspressos,6146361
2026-07-03T20:10:28.971879,2026-07-03T20:10:28.980638+00:00,116.5,3,ask,EarnestEspressos,Xuanyu Liu,6146375
2026-07-03T20:10:29.381561,2026-07-03T20:10:29.393280+00:00,116.5,43,ask,EarnestEspressos,CostlyCorianders,6146382
2026-07-03T20:10:30.285428,2026-07-03T20:10:30.295190+00:00,116.8,50,bid,FlawlessFlatbreads,DiligentDonuts,6146400
2026-07-03T20:10:32.392513,2026-07-03T20:10:32.414411+00:00,116.8,50,bid,FlawlessFlatbreads,EarnestEspressos,6146430
2026-07-03T20:10:32.496227,2026-07-03T20:10:32.504012+00:00,116.5,40,ask,DiligentDonuts,CostlyCorianders,6146432
2026-07-03T20:10:34.504285,2026-07-03T20:10:34.514343+00:00,116.8,50,bid,FlawlessFlatbreads,EarnestEspressos,6146458
2026-07-03T20:10:36.599132,2026-07-03T20:10:36.610969+00:00,116.8,45,bid,CostlyCorianders,DiligentDonuts,6146489
2026-07-03T20:10:36.610552,2026-07-03T20:10:36.621205+00:00,116.8,50,bid,FlawlessFlatbreads,DiligentDonuts,6146490
2026-07-03T20:10:37.282787,2026-07-03T20:10:37.289593+00:00,116.7,43,ask,EarnestEspressos,CostlyCorianders,6146494
2026-07-03T20:10:37.820768,2026-07-03T20:10:37.845037+00:00,117.1,44,bid,CostlyCorianders,DiligentDonuts,6146500
2026-07-03T20:10:37.837415,2026-07-03T20:10:37.845037+00:00,116.7,14,ask,EarnestEspressos,Xuanyu Liu,6146504
2026-07-03T20:10:38.724139,2026-07-03T20:10:38.731686+00:00,116.8,50,bid,FlawlessFlatbreads,EarnestEspressos,6146515
2026-07-03T20:10:40.835321,2026-07-03T20:10:40.847080+00:00,116.8,50,bid,FlawlessFlatbreads,EarnestEspressos,6146539
2026-07-03T20:10:41.793031,2026-07-03T20:10:41.815601+00:00,116.9,35,ask,EarnestEspressos,Xuanyu Liu,6146553
2026-07-03T20:10:42.966787,2026-07-03T20:10:42.974470+00:00,117.2,50,bid,FlawlessFlatbreads,DiligentDonuts,6146573
2026-07-03T20:10:47.237268,2026-07-03T20:10:47.247281+00:00,116.9,50,ask,DiligentDonuts,FlawlessFlatbreads,6146631
2026-07-03T20:10:47.602092,2026-07-03T20:10:47.613625+00:00,116.9,42,ask,DiligentDonuts,CostlyCorianders,6146637
2026-07-03T20:10:49.223795,2026-07-03T20:10:49.235730+00:00,117.3,43,bid,CostlyCorianders,EarnestEspressos,6146655
2026-07-03T20:10:49.354430,2026-07-03T20:10:49.365933+00:00,116.9,8,ask,DiligentDonuts,FlawlessFlatbreads,6146658
2026-07-03T20:10:49.354430,2026-07-03T20:10:49.365933+00:00,116.8,42,ask,EarnestEspressos,FlawlessFlatbreads,6146659
2026-07-03T20:10:50.979605,2026-07-03T20:10:50.991111+00:00,116.8,46,ask,EarnestEspressos,CostlyCorianders,6146681
2026-07-03T20:10:51.485164,2026-07-03T20:10:51.497069+00:00,116.5,50,ask,DiligentDonuts,FlawlessFlatbreads,6146686
2026-07-03T20:10:52.674220,2026-07-03T20:10:52.685794+00:00,117.0,49,bid,CostlyCorianders,DiligentDonuts,6146699
2026-07-03T20:10:53.265578,2026-07-03T20:10:53.274603+00:00,117.0,41,bid,CostlyCorianders,EarnestEspressos,6146703
2026-07-03T20:10:53.594549,2026-07-03T20:10:53.604942+00:00,116.6,50,ask,DiligentDonuts,FlawlessFlatbreads,6146713
2026-07-03T20:10:54.186411,2026-07-03T20:10:54.194686+00:00,116.6,41,ask,DiligentDonuts,CostlyCorianders,6146724
2026-07-03T20:10:54.910883,2026-07-03T20:10:54.919214+00:00,117.0,35,bid,Xuanyu Liu,EarnestEspressos,6146740
2026-07-03T20:10:56.127172,2026-07-03T20:10:56.138610+00:00,117.0,47,bid,CostlyCorianders,EarnestEspressos,6146765
2026-07-03T20:10:56.181478,2026-07-03T20:10:56.193242+00:00,116.6,9,ask,DiligentDonuts,CostlyCorianders,6146766
2026-07-03T20:10:57.183025,2026-07-03T20:10:57.194802+00:00,116.5,49,ask,EarnestEspressos,CostlyCorianders,6146779
2026-07-03T20:10:57.434496,2026-07-03T20:10:57.442577+00:00,116.9,100,bid,EarnestEspressos,DiligentDonuts,6146783
2026-07-03T20:10:57.835482,2026-07-03T20:10:57.846959+00:00,116.9,50,ask,EarnestEspressos,FlawlessFlatbreads,6146787
2026-07-03T20:10:59.891878,2026-07-03T20:10:59.903410+00:00,117.1,50,bid,FlawlessFlatbreads,DiligentDonuts,6146815
2026-07-03T20:11:00.657245,2026-07-03T20:11:00.668723+00:00,116.6,100,ask,DiligentDonuts,EarnestEspressos,6146830
2026-07-03T20:11:01.464772,2026-07-03T20:11:01.472849+00:00,116.6,11,bid,Xuanyu Liu,EarnestEspressos,6146836
2026-07-03T20:11:01.997954,2026-07-03T20:11:02.010018+00:00,116.6,39,bid,FlawlessFlatbreads,EarnestEspressos,6146841
2026-07-03T20:11:01.997954,2026-07-03T20:11:02.010018+00:00,117.1,11,bid,FlawlessFlatbreads,DiligentDonuts,6146842
2026-07-03T20:11:03.775349,2026-07-03T20:11:03.782124+00:00,116.8,11,ask,EarnestEspressos,Xuanyu Liu,6146868
2026-07-03T20:11:03.894202,2026-07-03T20:11:03.905972+00:00,116.8,49,ask,EarnestEspressos,CostlyCorianders,6146870
2026-07-03T20:11:04.160374,2026-07-03T20:11:04.171812+00:00,116.8,50,ask,EarnestEspressos,FlawlessFlatbreads,6146876
2026-07-03T20:11:04.424177,2026-07-03T20:11:04.435691+00:00,116.9,43,bid,CostlyCorianders,DiligentDonuts,6146880
2026-07-03T20:11:06.267580,2026-07-03T20:11:06.279412+00:00,116.8,40,ask,EarnestEspressos,FlawlessFlatbreads,6146898
2026-07-03T20:11:06.267580,2026-07-03T20:11:06.279412+00:00,116.5,10,ask,DiligentDonuts,FlawlessFlatbreads,6146899
2026-07-03T20:11:06.388538,2026-07-03T20:11:06.395668+00:00,116.5,45,ask,DiligentDonuts,CostlyCorianders,6146901
2026-07-03T20:11:08.387763,2026-07-03T20:11:08.399288+00:00,116.5,45,ask,DiligentDonuts,FlawlessFlatbreads,6146924
2026-07-03T20:11:09.826262,2026-07-03T20:11:09.834463+00:00,116.7,45,bid,CostlyCorianders,EarnestEspressos,6146945
2026-07-03T20:11:10.442699,2026-07-03T20:11:10.463983+00:00,116.7,50,bid,FlawlessFlatbreads,DiligentDonuts,6146951
2026-07-03T20:11:11.969943,2026-07-03T20:11:11.977994+00:00,116.7,14,bid,Xuanyu Liu,DiligentDonuts,6146964
2026-07-03T20:11:12.548742,2026-07-03T20:11:12.560684+00:00,116.8,50,bid,FlawlessFlatbreads,EarnestEspressos,6146973
2026-07-03T20:11:13.306267,2026-07-03T20:11:13.314018+00:00,116.8,3,ask,EarnestEspressos,Xuanyu Liu,6146988
2026-07-03T20:11:14.216232,2026-07-03T20:11:14.224908+00:00,117.1,48,bid,CostlyCorianders,DiligentDonuts,6146995
2026-07-03T20:11:14.705223,2026-07-03T20:11:14.716590+00:00,116.8,48,ask,EarnestEspressos,CostlyCorianders,6147005
2026-07-03T20:11:14.709967,2026-07-03T20:11:14.716590+00:00,116.8,50,ask,EarnestEspressos,FlawlessFlatbreads,6147006
2026-07-03T20:11:15.304396,2026-07-03T20:11:15.316052+00:00,117.3,42,bid,CostlyCorianders,EarnestEspressos,6147014
2026-07-03T20:11:15.358930,2026-07-03T20:11:15.370380+00:00,116.8,46,ask,EarnestEspressos,CostlyCorianders,6147015
2026-07-03T20:11:16.764677,2026-07-03T20:11:16.776295+00:00,116.8,50,bid,FlawlessFlatbreads,EarnestEspressos,6147032
2026-07-03T20:11:16.970869,2026-07-03T20:11:16.982601+00:00,116.8,42,bid,CostlyCorianders,EarnestEspressos,6147037
2026-07-03T20:11:17.599496,2026-07-03T20:11:17.611137+00:00,116.7,41,ask,DiligentDonuts,CostlyCorianders,6147046
2026-07-03T20:11:18.100662,2026-07-03T20:11:18.112238+00:00,116.8,40,bid,CostlyCorianders,EarnestEspressos,6147050
2026-07-03T20:11:18.699824,2026-07-03T20:11:18.711368+00:00,116.8,18,bid,CostlyCorianders,EarnestEspressos,6147062
2026-07-03T20:11:19.569965,2026-07-03T20:11:19.581591+00:00,117.0,100,bid,EarnestEspressos,DiligentDonuts,6147071
2026-07-03T20:11:20.563370,2026-07-03T20:11:20.570619+00:00,117.0,44,ask,EarnestEspressos,CostlyCorianders,6147086
2026-07-03T20:11:21.028640,2026-07-03T20:11:21.038351+00:00,117.0,6,ask,EarnestEspressos,FlawlessFlatbreads,6147089
2026-07-03T20:11:21.028640,2026-07-03T20:11:21.038351+00:00,116.5,44,ask,DiligentDonuts,FlawlessFlatbreads,6147090
2026-07-03T20:11:22.784930,2026-07-03T20:11:22.796351+00:00,116.9,100,ask,DiligentDonuts,EarnestEspressos,6147113
2026-07-03T20:11:23.136104,2026-07-03T20:11:23.147555+00:00,116.4,50,ask,EarnestEspressos,FlawlessFlatbreads,6147116
2026-07-03T20:11:24.541655,2026-07-03T20:11:24.558592+00:00,116.9,46,bid,CostlyCorianders,EarnestEspressos,6147134
2026-07-03T20:11:25.243247,2026-07-03T20:11:25.254945+00:00,116.6,50,ask,DiligentDonuts,FlawlessFlatbreads,6147140
2026-07-03T20:11:26.196630,2026-07-03T20:11:26.203105+00:00,116.8,42,ask,EarnestEspressos,CostlyCorianders,6147146
2026-07-03T20:11:27.350732,2026-07-03T20:11:27.358571+00:00,116.8,50,ask,EarnestEspressos,FlawlessFlatbreads,6147159
2026-07-03T20:11:28.388589,2026-07-03T20:11:28.396637+00:00,116.9,46,bid,CostlyCorianders,DiligentDonuts,6147173
2026-07-03T20:11:29.458857,2026-07-03T20:11:29.470564+00:00,116.4,50,ask,DiligentDonuts,FlawlessFlatbreads,6147186
2026-07-03T20:11:31.646321,2026-07-03T20:11:31.653642+00:00,116.7,3,bid,Xuanyu Liu,DiligentDonuts,6147224
2026-07-03T20:11:32.711714,2026-07-03T20:11:32.719044+00:00,116.7,45,bid,CostlyCorianders,DiligentDonuts,6147238
2026-07-03T20:11:33.671265,2026-07-03T20:11:33.682764+00:00,116.5,50,ask,EarnestEspressos,FlawlessFlatbreads,6147250
2026-07-03T20:11:35.777431,2026-07-03T20:11:35.788996+00:00,116.6,50,ask,DiligentDonuts,FlawlessFlatbreads,6147274
2026-07-03T20:11:37.833218,2026-07-03T20:11:37.844651+00:00,116.7,50,bid,FlawlessFlatbreads,EarnestEspressos,6147306
2026-07-03T20:11:40.077906,2026-07-03T20:11:40.089433+00:00,116.5,47,ask,DiligentDonuts,CostlyCorianders,6147328
2026-07-03T20:11:41.843142,2026-07-03T20:11:41.858565+00:00,116.6,41,ask,EarnestEspressos,CostlyCorianders,6147354
2026-07-03T20:11:43.616456,2026-07-03T20:11:43.628032+00:00,116.6,45,ask,EarnestEspressos,CostlyCorianders,6147387
2026-07-03T20:11:44.153378,2026-07-03T20:11:44.159626+00:00,116.9,50,bid,FlawlessFlatbreads,DiligentDonuts,6147394
2026-07-03T20:11:46.944819,2026-07-03T20:11:46.958565+00:00,116.5,100,bid,DiligentDonuts,EarnestEspressos,6147425
2026-07-03T20:11:48.367117,2026-07-03T20:11:48.374314+00:00,117.0,50,bid,FlawlessFlatbreads,DiligentDonuts,6147447
2026-07-03T20:11:49.827147,2026-07-03T20:11:49.838869+00:00,117.0,49,bid,CostlyCorianders,DiligentDonuts,6147463
2026-07-03T20:11:50.474756,2026-07-03T20:11:50.484350+00:00,116.7,50,bid,FlawlessFlatbreads,DiligentDonuts,6147471
2026-07-03T20:11:51.030606,2026-07-03T20:11:51.039415+00:00,116.7,48,bid,CostlyCorianders,DiligentDonuts,6147480
2026-07-03T20:11:52.586018,2026-07-03T20:11:52.595270+00:00,116.7,2,bid,FlawlessFlatbreads,DiligentDonuts,6147502
2026-07-03T20:11:52.586018,2026-07-03T20:11:52.595270+00:00,116.7,48,bid,FlawlessFlatbreads,EarnestEspressos,6147503
2026-07-03T20:11:53.836176,2026-07-03T20:11:53.843701+00:00,116.5,40,ask,DiligentDonuts,CostlyCorianders,6147514
2026-07-03T20:11:56.249032,2026-07-03T20:11:56.255274+00:00,116.5,41,ask,DiligentDonuts,CostlyCorianders,6147542
2026-07-03T20:11:58.292355,2026-07-03T20:11:58.304118+00:00,116.7,42,bid,CostlyCorianders,DiligentDonuts,6147559
2026-07-03T20:11:58.982283,2026-07-03T20:11:58.993935+00:00,116.2,50,ask,DiligentDonuts,FlawlessFlatbreads,6147566
2026-07-03T20:11:59.282429,2026-07-03T20:11:59.293976+00:00,116.2,40,ask,DiligentDonuts,CostlyCorianders,6147569
2026-07-03T20:12:00.852050,2026-07-03T20:12:00.864036+00:00,116.4,48,bid,CostlyCorianders,DiligentDonuts,6147587
2026-07-03T20:12:01.037335,2026-07-03T20:12:01.048796+00:00,116.4,50,bid,FlawlessFlatbreads,DiligentDonuts,6147589
2026-07-03T20:12:01.824759,2026-07-03T20:12:01.842829+00:00,116.3,14,ask,EarnestEspressos,Xuanyu Liu,6147601
2026-07-03T20:12:03.196556,2026-07-03T20:12:03.205610+00:00,116.3,50,ask,EarnestEspressos,FlawlessFlatbreads,6147617
2026-07-03T20:12:04.168818,2026-07-03T20:12:04.180144+00:00,116.2,46,bid,CostlyCorianders,EarnestEspressos,6147630
2026-07-03T20:12:05.236932,2026-07-03T20:12:05.245105+00:00,115.9,45,ask,DiligentDonuts,CostlyCorianders,6147645
2026-07-03T20:12:05.311766,2026-07-03T20:12:05.320554+00:00,115.9,50,ask,DiligentDonuts,FlawlessFlatbreads,6147647
2026-07-03T20:12:07.417508,2026-07-03T20:12:07.427166+00:00,115.8,50,ask,EarnestEspressos,FlawlessFlatbreads,6147666
2026-07-03T20:12:07.863760,2026-07-03T20:12:07.872559+00:00,116.2,42,bid,CostlyCorianders,DiligentDonuts,6147672
2026-07-03T20:12:08.382084,2026-07-03T20:12:08.390003+00:00,116.2,11,bid,Xuanyu Liu,DiligentDonuts,6147677
2026-07-03T20:12:08.937369,2026-07-03T20:12:08.945346+00:00,115.8,40,ask,EarnestEspressos,CostlyCorianders,6147690
2026-07-03T20:12:09.537382,2026-07-03T20:12:09.546415+00:00,116.0,50,ask,DiligentDonuts,FlawlessFlatbreads,6147695
2026-07-03T20:12:10.259500,2026-07-03T20:12:10.267628+00:00,116.2,3,bid,Xuanyu Liu,EarnestEspressos,6147706
2026-07-03T20:12:11.646471,2026-07-03T20:12:11.657819+00:00,116.0,50,ask,DiligentDonuts,FlawlessFlatbreads,6147728
2026-07-03T20:12:13.603820,2026-07-03T20:12:13.615772+00:00,116.2,40,bid,CostlyCorianders,EarnestEspressos,6147760
2026-07-03T20:12:13.755831,2026-07-03T20:12:13.767102+00:00,115.8,50,ask,DiligentDonuts,FlawlessFlatbreads,6147762
2026-07-03T20:12:15.242724,2026-07-03T20:12:15.253989+00:00,115.8,42,ask,DiligentDonuts,CostlyCorianders,6147773
2026-07-03T20:12:15.862401,2026-07-03T20:12:15.873826+00:00,115.7,50,ask,EarnestEspressos,FlawlessFlatbreads,6147779
2026-07-03T20:12:17.142359,2026-07-03T20:12:17.148907+00:00,115.5,43,ask,EarnestEspressos,CostlyCorianders,6147799
2026-07-03T20:12:17.460210,2026-07-03T20:12:17.469034+00:00,115.8,3,bid,Xuanyu Liu,DiligentDonuts,6147806
2026-07-03T20:12:17.968768,2026-07-03T20:12:17.980854+00:00,115.5,50,ask,EarnestEspressos,FlawlessFlatbreads,6147815
2026-07-03T20:12:20.076964,2026-07-03T20:12:20.088721+00:00,115.5,50,ask,DiligentDonuts,FlawlessFlatbreads,6147840
2026-07-03T20:12:20.083523,2026-07-03T20:12:20.093724+00:00,115.8,46,bid,CostlyCorianders,EarnestEspressos,6147841
2026-07-03T20:12:22.133261,2026-07-03T20:12:22.145108+00:00,115.8,50,bid,FlawlessFlatbreads,EarnestEspressos,6147865
2026-07-03T20:12:24.241094,2026-07-03T20:12:24.258562+00:00,115.8,50,bid,FlawlessFlatbreads,DiligentDonuts,6147887
2026-07-03T20:12:25.544910,2026-07-03T20:12:25.556306+00:00,115.6,40,ask,EarnestEspressos,CostlyCorianders,6147900
2026-07-03T20:12:28.060467,2026-07-03T20:12:28.069898+00:00,115.6,11,bid,Xuanyu Liu,EarnestEspressos,6147938
2026-07-03T20:12:28.454397,2026-07-03T20:12:28.458582+00:00,115.6,50,bid,FlawlessFlatbreads,EarnestEspressos,6147944
2026-07-03T20:12:29.170951,2026-07-03T20:12:29.181308+00:00,115.8,100,bid,EarnestEspressos,DiligentDonuts,6147951
2026-07-03T20:12:29.373437,2026-07-03T20:12:29.381410+00:00,115.8,14,ask,EarnestEspressos,Xuanyu Liu,6147954
2026-07-03T20:12:30.299370,2026-07-03T20:12:30.310908+00:00,116.3,47,bid,CostlyCorianders,EarnestEspressos,6147971
2026-07-03T20:12:30.562485,2026-07-03T20:12:30.574063+00:00,116.3,50,bid,FlawlessFlatbreads,EarnestEspressos,6147975
2026-07-03T20:12:33.316839,2026-07-03T20:12:33.328133+00:00,115.6,45,ask,DiligentDonuts,CostlyCorianders,6148014
2026-07-03T20:12:36.879767,2026-07-03T20:12:36.891414+00:00,115.9,50,bid,FlawlessFlatbreads,DiligentDonuts,6148058
2026-07-03T20:12:38.055429,2026-07-03T20:12:38.047370+00:00,115.9,44,bid,CostlyCorianders,EarnestEspressos,6148071
2026-07-03T20:12:40.274429,2026-07-03T20:12:40.285945+00:00,115.6,41,ask,EarnestEspressos,CostlyCorianders,6148102
2026-07-03T20:12:41.092270,2026-07-03T20:12:41.100434+00:00,115.9,50,bid,FlawlessFlatbreads,DiligentDonuts,6148115
2026-07-03T20:12:42.657639,2026-07-03T20:12:42.669083+00:00,115.9,44,bid,CostlyCorianders,DiligentDonuts,6148136
2026-07-03T20:12:43.200531,2026-07-03T20:12:43.209141+00:00,115.9,6,bid,FlawlessFlatbreads,DiligentDonuts,6148144
2026-07-03T20:12:43.200531,2026-07-03T20:12:43.209141+00:00,116.1,44,bid,FlawlessFlatbreads,EarnestEspressos,6148145
2026-07-03T20:12:45.111797,2026-07-03T20:12:45.120372+00:00,115.9,3,ask,DiligentDonuts,Xuanyu Liu,6148179
2026-07-03T20:12:47.468083,2026-07-03T20:12:47.479816+00:00,115.8,50,ask,DiligentDonuts,FlawlessFlatbreads,6148215
2026-07-03T20:12:48.703746,2026-07-03T20:12:48.715319+00:00,115.8,49,ask,DiligentDonuts,CostlyCorianders,6148236
2026-07-03T20:12:51.679007,2026-07-03T20:12:51.690703+00:00,115.5,50,ask,EarnestEspressos,FlawlessFlatbreads,6148281
2026-07-03T20:12:52.320468,2026-07-03T20:12:52.331423+00:00,115.5,47,ask,EarnestEspressos,CostlyCorianders,6148290
2026-07-03T20:12:53.793720,2026-07-03T20:12:53.805527+00:00,115.5,50,ask,EarnestEspressos,FlawlessFlatbreads,6148311
2026-07-03T20:12:54.541637,2026-07-03T20:12:54.548994+00:00,115.5,3,bid,Xuanyu Liu,EarnestEspressos,6148325
2026-07-03T20:12:55.548035,2026-07-03T20:12:55.556050+00:00,115.5,45,bid,CostlyCorianders,EarnestEspressos,6148341
2026-07-03T20:12:55.901282,2026-07-03T20:12:55.912972+00:00,115.3,50,ask,DiligentDonuts,FlawlessFlatbreads,6148344
2026-07-03T20:12:58.013832,2026-07-03T20:12:58.020581+00:00,115.1,50,ask,DiligentDonuts,FlawlessFlatbreads,6148375
2026-07-03T20:12:58.460731,2026-07-03T20:12:58.468529+00:00,115.5,48,bid,CostlyCorianders,EarnestEspressos,6148378
2026-07-03T20:13:00.119911,2026-07-03T20:13:00.131501+00:00,115.1,50,ask,DiligentDonuts,FlawlessFlatbreads,6148403
2026-07-03T20:13:00.630311,2026-07-03T20:13:00.641667+00:00,115.1,47,ask,DiligentDonuts,CostlyCorianders,6148410
2026-07-03T20:13:02.232079,2026-07-03T20:13:02.239529+00:00,115.2,50,ask,EarnestEspressos,FlawlessFlatbreads,6148436
2026-07-03T20:13:02.948019,2026-07-03T20:13:02.956076+00:00,115.3,3,bid,Xuanyu Liu,DiligentDonuts,6148446
2026-07-03T20:13:05.398047,2026-07-03T20:13:05.409618+00:00,115.3,44,bid,CostlyCorianders,DiligentDonuts,6148480
2026-07-03T20:13:06.463081,2026-07-03T20:13:06.474038+00:00,115.0,50,ask,EarnestEspressos,FlawlessFlatbreads,6148496
2026-07-03T20:13:08.438215,2026-07-03T20:13:08.448454+00:00,115.5,49,bid,CostlyCorianders,DiligentDonuts,6148529
2026-07-03T20:13:08.571653,2026-07-03T20:13:08.579547+00:00,115.1,50,ask,EarnestEspressos,FlawlessFlatbreads,6148532
2026-07-03T20:13:10.345947,2026-07-03T20:13:10.357665+00:00,115.2,100,ask,DiligentDonuts,EarnestEspressos,6148559
2026-07-03T20:13:10.378891,2026-07-03T20:13:10.390759+00:00,115.0,47,bid,CostlyCorianders,EarnestEspressos,6148560
2026-07-03T20:13:10.681798,2026-07-03T20:13:10.690233+00:00,114.5,50,ask,EarnestEspressos,FlawlessFlatbreads,6148562
2026-07-03T20:13:11.338414,2026-07-03T20:13:11.345320+00:00,115.0,3,bid,Xuanyu Liu,EarnestEspressos,6148575
2026-07-03T20:13:12.645267,2026-07-03T20:13:12.654036+00:00,115.2,8,bid,Xuanyu Liu,DiligentDonuts,6148586
2026-07-03T20:13:13.159399,2026-07-03T20:13:13.166434+00:00,115.2,12,bid,Xuanyu Liu,DiligentDonuts,6148592
2026-07-03T20:13:13.455758,2026-07-03T20:13:13.477943+00:00,115.2,80,bid,EarnestEspressos,DiligentDonuts,6148600
2026-07-03T20:13:13.655425,2026-07-03T20:13:13.658580+00:00,115.2,49,ask,EarnestEspressos,CostlyCorianders,6148605
2026-07-03T20:13:13.714097,2026-07-03T20:13:13.721380+00:00,115.2,12,ask,EarnestEspressos,Xuanyu Liu,6148609
2026-07-03T20:13:14.332596,2026-07-03T20:13:14.344285+00:00,115.2,9,ask,EarnestEspressos,CostlyCorianders,6148615
2026-07-03T20:13:14.332596,2026-07-03T20:13:14.344285+00:00,114.7,38,ask,DiligentDonuts,CostlyCorianders,6148616
2026-07-03T20:13:14.919788,2026-07-03T20:13:14.927113+00:00,114.7,12,ask,DiligentDonuts,FlawlessFlatbreads,6148629
2026-07-03T20:13:16.056087,2026-07-03T20:13:16.056896+00:00,115.0,45,bid,CostlyCorianders,DiligentDonuts,6148644
2026-07-03T20:13:16.685460,2026-07-03T20:13:16.695583+00:00,114.8,23,bid,Xuanyu Liu,EarnestEspressos,6148656
2026-07-03T20:13:17.025349,2026-07-03T20:13:17.036839+00:00,114.5,50,ask,DiligentDonuts,FlawlessFlatbreads,6148659
2026-07-03T20:13:17.190731,2026-07-03T20:13:17.202428+00:00,114.5,46,ask,DiligentDonuts,CostlyCorianders,6148663
2026-07-03T20:13:18.801872,2026-07-03T20:13:18.813576+00:00,114.8,42,bid,CostlyCorianders,EarnestEspressos,6148697
2026-07-03T20:13:19.082256,2026-07-03T20:13:19.093953+00:00,114.8,50,bid,FlawlessFlatbreads,EarnestEspressos,6148699
2026-07-03T20:13:19.851649,2026-07-03T20:13:19.863216+00:00,114.8,42,ask,EarnestEspressos,CostlyCorianders,6148710
2026-07-03T20:13:20.466050,2026-07-03T20:13:20.477649+00:00,114.8,45,ask,EarnestEspressos,CostlyCorianders,6148718
2026-07-03T20:13:21.189691,2026-07-03T20:13:21.196991+00:00,114.9,50,bid,FlawlessFlatbreads,DiligentDonuts,6148729
2026-07-03T20:13:22.604948,2026-07-03T20:13:22.611754+00:00,115.0,41,bid,CostlyCorianders,DiligentDonuts,6148742
2026-07-03T20:13:23.244417,2026-07-03T20:13:23.256185+00:00,114.8,43,bid,CostlyCorianders,EarnestEspressos,6148754
2026-07-03T20:13:23.297061,2026-07-03T20:13:23.308908+00:00,114.8,50,bid,FlawlessFlatbreads,EarnestEspressos,6148755
2026-07-03T20:13:23.896535,2026-07-03T20:13:23.908221+00:00,114.8,47,bid,CostlyCorianders,EarnestEspressos,6148763
2026-07-03T20:13:25.091094,2026-07-03T20:13:25.102763+00:00,114.3,48,ask,EarnestEspressos,CostlyCorianders,6148778
2026-07-03T20:13:25.403334,2026-07-03T20:13:25.415089+00:00,114.8,10,bid,FlawlessFlatbreads,EarnestEspressos,6148786
2026-07-03T20:13:25.403334,2026-07-03T20:13:25.415089+00:00,114.8,40,bid,FlawlessFlatbreads,DiligentDonuts,6148787
2026-07-03T20:13:26.106413,2026-07-03T20:13:26.114201+00:00,114.8,60,bid,EarnestEspressos,DiligentDonuts,6148794
2026-07-03T20:13:27.080657,2026-07-03T20:13:27.087948+00:00,114.9,11,ask,EarnestEspressos,Xuanyu Liu,6148810
2026-07-03T20:13:28.779903,2026-07-03T20:13:28.791360+00:00,114.9,47,ask,EarnestEspressos,CostlyCorianders,6148834
2026-07-03T20:13:29.320700,2026-07-03T20:13:29.332336+00:00,114.9,100,ask,DiligentDonuts,EarnestEspressos,6148839
2026-07-03T20:13:29.334486,2026-07-03T20:13:29.343162+00:00,114.7,11,bid,Xuanyu Liu,EarnestEspressos,6148840
2026-07-03T20:13:29.617732,2026-07-03T20:13:29.629672+00:00,114.7,39,bid,FlawlessFlatbreads,EarnestEspressos,6148844
2026-07-03T20:13:30.502489,2026-07-03T20:13:30.514298+00:00,115.4,45,bid,CostlyCorianders,DiligentDonuts,6148853
2026-07-03T20:13:31.775567,2026-07-03T20:13:31.786213+00:00,114.7,50,ask,DiligentDonuts,FlawlessFlatbreads,6148873
2026-07-03T20:13:33.881219,2026-07-03T20:13:33.892734+00:00,114.8,50,ask,EarnestEspressos,FlawlessFlatbreads,6148903
2026-07-03T20:13:35.990702,2026-07-03T20:13:35.999832+00:00,114.6,50,ask,DiligentDonuts,FlawlessFlatbreads,6148934
2026-07-03T20:13:38.096839,2026-07-03T20:13:38.108408+00:00,114.6,50,ask,EarnestEspressos,FlawlessFlatbreads,6148966
2026-07-03T20:13:40.203615,2026-07-03T20:13:40.215158+00:00,114.2,50,ask,DiligentDonuts,FlawlessFlatbreads,6148992
2026-07-03T20:13:42.280596,2026-07-03T20:13:42.292199+00:00,114.6,46,bid,CostlyCorianders,DiligentDonuts,6149014
2026-07-03T20:13:42.310360,2026-07-03T20:13:42.321918+00:00,114.2,50,ask,EarnestEspressos,FlawlessFlatbreads,6149015
2026-07-03T20:13:44.130295,2026-07-03T20:13:44.138787+00:00,114.6,12,bid,Xuanyu Liu,DiligentDonuts,6149041
2026-07-03T20:13:44.369511,2026-07-03T20:13:44.381101+00:00,114.6,50,bid,FlawlessFlatbreads,DiligentDonuts,6149044
2026-07-03T20:13:45.539455,2026-07-03T20:13:45.550548+00:00,114.2,41,ask,EarnestEspressos,CostlyCorianders,6149059
2026-07-03T20:13:46.477362,2026-07-03T20:13:46.489200+00:00,114.6,38,bid,FlawlessFlatbreads,DiligentDonuts,6149073
2026-07-03T20:13:46.477362,2026-07-03T20:13:46.489200+00:00,114.7,12,bid,FlawlessFlatbreads,EarnestEspressos,6149074
2026-07-03T20:13:47.168353,2026-07-03T20:13:47.175951+00:00,114.7,100,bid,DiligentDonuts,EarnestEspressos,6149085
2026-07-03T20:13:47.178891,2026-07-03T20:13:47.186380+00:00,114.7,38,bid,CostlyCorianders,EarnestEspressos,6149086
2026-07-03T20:13:48.588367,2026-07-03T20:13:48.597852+00:00,115.2,50,bid,FlawlessFlatbreads,EarnestEspressos,6149105
2026-07-03T20:13:50.754377,2026-07-03T20:13:50.766199+00:00,114.7,50,ask,EarnestEspressos,FlawlessFlatbreads,6149138
2026-07-03T20:13:51.936804,2026-07-03T20:13:51.948590+00:00,114.8,44,ask,EarnestEspressos,CostlyCorianders,6149149
2026-07-03T20:13:52.811570,2026-07-03T20:13:52.822233+00:00,115.0,50,bid,FlawlessFlatbreads,DiligentDonuts,6149157
2026-07-03T20:13:53.532676,2026-07-03T20:13:53.544517+00:00,114.8,42,ask,EarnestEspressos,CostlyCorianders,6149174
2026-07-03T20:13:54.771929,2026-07-03T20:13:54.783874+00:00,114.9,48,bid,CostlyCorianders,EarnestEspressos,6149186
2026-07-03T20:13:54.920035,2026-07-03T20:13:54.931513+00:00,114.9,50,bid,FlawlessFlatbreads,EarnestEspressos,6149188
2026-07-03T20:13:55.269324,2026-07-03T20:13:55.279633+00:00,114.7,44,ask,DiligentDonuts,CostlyCorianders,6149192
2026-07-03T20:13:57.025562,2026-07-03T20:13:57.036950+00:00,114.9,50,bid,FlawlessFlatbreads,EarnestEspressos,6149231
2026-07-03T20:13:57.738875,2026-07-03T20:13:57.749489+00:00,115.0,100,bid,EarnestEspressos,DiligentDonuts,6149239
2026-07-03T20:13:57.803259,2026-07-03T20:13:57.811258+00:00,115.0,23,ask,EarnestEspressos,Xuanyu Liu,6149242
2026-07-03T20:13:58.559829,2026-07-03T20:13:58.568691+00:00,115.0,12,ask,EarnestEspressos,Xuanyu Liu,6149256
2026-07-03T20:13:59.133445,2026-07-03T20:13:59.143063+00:00,115.5,50,bid,FlawlessFlatbreads,EarnestEspressos,6149269
2026-07-03T20:14:01.239430,2026-07-03T20:14:01.250966+00:00,115.1,50,bid,FlawlessFlatbreads,EarnestEspressos,6149297
2026-07-03T20:14:03.356007,2026-07-03T20:14:03.373693+00:00,115.1,50,bid,FlawlessFlatbreads,EarnestEspressos,6149326
2026-07-03T20:14:05.461635,2026-07-03T20:14:05.469336+00:00,115.3,50,bid,FlawlessFlatbreads,DiligentDonuts,6149344
2026-07-03T20:14:05.596606,2026-07-03T20:14:05.608256+00:00,115.3,41,bid,CostlyCorianders,DiligentDonuts,6149346
2026-07-03T20:14:06.437881,2026-07-03T20:14:06.445594+00:00,115.0,14,ask,DiligentDonuts,Xuanyu Liu,6149356
2026-07-03T20:14:06.808949,2026-07-03T20:14:06.820471+00:00,115.0,48,ask,DiligentDonuts,CostlyCorianders,6149358
2026-07-03T20:14:07.567965,2026-07-03T20:14:07.579635+00:00,115.2,50,bid,FlawlessFlatbreads,EarnestEspressos,6149369
2026-07-03T20:14:08.331064,2026-07-03T20:14:08.342925+00:00,115.0,38,ask,DiligentDonuts,CostlyCorianders,6149383
2026-07-03T20:14:08.331064,2026-07-03T20:14:08.342925+00:00,114.7,9,ask,EarnestEspressos,CostlyCorianders,6149384
2026-07-03T20:14:09.415446,2026-07-03T20:14:09.424507+00:00,114.8,3,bid,Xuanyu Liu,DiligentDonuts,6149400
2026-07-03T20:14:09.674613,2026-07-03T20:14:09.681948+00:00,114.8,50,bid,FlawlessFlatbreads,DiligentDonuts,6149408
2026-07-03T20:14:10.393862,2026-07-03T20:14:10.405296+00:00,114.8,47,bid,EarnestEspressos,DiligentDonuts,6149416
2026-07-03T20:14:11.830976,2026-07-03T20:14:11.842319+00:00,115.0,50,ask,EarnestEspressos,FlawlessFlatbreads,6149444
2026-07-03T20:14:12.475415,2026-07-03T20:14:12.482890+00:00,115.0,3,ask,EarnestEspressos,Xuanyu Liu,6149453
2026-07-03T20:14:13.887116,2026-07-03T20:14:13.898860+00:00,115.0,50,bid,FlawlessFlatbreads,EarnestEspressos,6149475
2026-07-03T20:14:17.235800,2026-07-03T20:14:17.242191+00:00,115.2,46,bid,CostlyCorianders,DiligentDonuts,6149522
2026-07-03T20:14:18.122294,2026-07-03T20:14:18.133948+00:00,115.2,50,bid,FlawlessFlatbreads,DiligentDonuts,6149536
2026-07-03T20:14:18.210061,2026-07-03T20:14:18.221654+00:00,114.8,40,ask,EarnestEspressos,CostlyCorianders,6149538
2026-07-03T20:14:20.229682,2026-07-03T20:14:20.241213+00:00,115.2,50,bid,FlawlessFlatbreads,EarnestEspressos,6149564
2026-07-03T20:14:20.939326,2026-07-03T20:14:20.946733+00:00,115.2,3,bid,Xuanyu Liu,EarnestEspressos,6149576
2026-07-03T20:14:21.950148,2026-07-03T20:14:21.958588+00:00,115.2,97,bid,DiligentDonuts,EarnestEspressos,6149587
2026-07-03T20:14:22.014754,2026-07-03T20:14:22.025367+00:00,115.5,3,ask,DiligentDonuts,Xuanyu Liu,6149588
2026-07-03T20:14:22.361636,2026-07-03T20:14:22.373264+00:00,116.0,50,bid,FlawlessFlatbreads,DiligentDonuts,6149599
