timestamp,recv_time,price,volume,aggressor_side,buyer,seller,trade_id
2026-07-13T07:11:37.019108,2026-07-13T07:11:37.049522+00:00,70.3,1,bid,CostlyCorianders,Kelvin Chan,576887
2026-07-13T07:11:37.019108,2026-07-13T07:11:37.049522+00:00,70.3,10,bid,DiligentDonuts,Zhengnan Hua,576888
2026-07-13T07:11:37.043028,2026-07-13T07:11:37.049522+00:00,70.3,1,ask,DiligentDonuts,Kelvin Chan,576889
2026-07-13T07:11:37.078776,2026-07-13T07:11:37.088747+00:00,70.3,2,ask,DiligentDonuts,Kelvin Chan,576890
2026-07-13T07:11:37.112993,2026-07-13T07:11:37.123095+00:00,70.3,1,ask,DiligentDonuts,Kelvin Chan,576891
2026-07-13T07:11:37.143645,2026-07-13T07:11:37.151032+00:00,70.3,2,ask,DiligentDonuts,Kelvin Chan,576892
2026-07-13T07:11:37.173667,2026-07-13T07:11:37.183423+00:00,70.3,1,ask,DiligentDonuts,Kelvin Chan,576893
2026-07-13T07:11:37.230448,2026-07-13T07:11:37.263926+00:00,70.3,2,ask,DiligentDonuts,Kelvin Chan,576894
2026-07-13T07:11:37.257970,2026-07-13T07:11:37.269823+00:00,70.3,1,ask,DiligentDonuts,Kelvin Chan,576895
2026-07-13T07:11:37.288831,2026-07-13T07:11:37.298462+00:00,70.3,1,ask,DiligentDonuts,Kelvin Chan,576896
2026-07-13T07:11:37.613353,2026-07-13T07:11:37.648085+00:00,70.4,1,bid,FlawlessFlatbreads,Kelvin Chan,576906
2026-07-13T07:11:37.613353,2026-07-13T07:11:37.648085+00:00,70.5,1,bid,Zhengnan Hua,DiligentDonuts,576907
2026-07-13T07:11:37.613353,2026-07-13T07:11:37.648085+00:00,70.6,40,bid,FlawlessFlatbreads,Andy Garg,576908
2026-07-13T07:11:37.613353,2026-07-13T07:11:37.648085+00:00,70.7,8,bid,FlawlessFlatbreads,EarnestEspressos,576909
2026-07-13T07:12:00.862163,2026-07-13T07:12:00.879965+00:00,70.6,5,bid,FlawlessFlatbreads,Jessica Xu,577440
2026-07-13T07:12:00.862163,2026-07-13T07:12:00.879965+00:00,70.6,1,bid,FlawlessFlatbreads,Scott Bagby,577441
2026-07-13T07:12:00.862163,2026-07-13T07:12:00.879965+00:00,70.7,44,bid,FlawlessFlatbreads,DiligentDonuts,577442
2026-07-13T07:12:00.965707,2026-07-13T07:12:00.970425+00:00,70.5,10,ask,Zhengnan Hua,Tanishq Panjwani,577446
2026-07-13T07:12:01.017711,2026-07-13T07:12:01.021802+00:00,70.4,5,ask,Jessica Xu,FlawlessFlatbreads,577451
2026-07-13T07:12:01.422249,2026-07-13T07:12:01.427654+00:00,70.4,4,ask,Kelvin Chan,FlawlessFlatbreads,577453
2026-07-13T07:12:01.468754,2026-07-13T07:12:01.491288+00:00,70.4,1,ask,Kelvin Chan,Tanishq Panjwani,577457
2026-07-13T07:12:01.500370,2026-07-13T07:12:01.501599+00:00,70.2,2,ask,Scott Bagby,CostlyCorianders,577460
2026-07-13T07:12:01.500370,2026-07-13T07:12:01.513996+00:00,70.2,38,ask,DiligentDonuts,CostlyCorianders,577461
2026-07-13T07:12:01.639443,2026-07-13T07:12:01.652320+00:00,70.4,5,ask,Kelvin Chan,Xuanyu Liu,577465
2026-07-13T07:12:01.692622,2026-07-13T07:12:01.696439+00:00,70.4,2,bid,Kelvin Chan,Scott Bagby,577466
2026-07-13T07:12:01.731233,2026-07-13T07:12:01.745048+00:00,70.4,3,ask,Kelvin Chan,Tanishq Panjwani,577469
2026-07-13T07:12:02.141231,2026-07-13T07:12:02.144116+00:00,70.4,5,ask,Kelvin Chan,Tanishq Panjwani,577478
2026-07-13T07:16:53.409155,2026-07-13T07:16:53.420852+00:00,70.6,1,bid,CostlyCorianders,Zhengnan Hua,584523
2026-07-13T07:16:53.409155,2026-07-13T07:16:53.420852+00:00,70.7,5,bid,CostlyCorianders,Jessica Xu,584524
2026-07-13T07:16:53.409155,2026-07-13T07:16:53.420852+00:00,70.7,4,bid,CostlyCorianders,Kelvin Chan,584525
2026-07-13T07:16:53.409155,2026-07-13T07:16:53.420852+00:00,70.7,33,bid,CostlyCorianders,EarnestEspressos,584526
2026-07-13T07:16:53.727513,2026-07-13T07:16:53.765176+00:00,70.5,18,bid,Tanishq Panjwani,DiligentDonuts,584535
2026-07-13T07:16:53.783224,2026-07-13T07:16:53.790151+00:00,70.5,10,bid,Sebastian Baldwin,DiligentDonuts,584538
2026-07-13T07:16:53.976146,2026-07-13T07:16:53.989458+00:00,70.5,72,bid,EarnestEspressos,DiligentDonuts,584543
2026-07-13T07:16:54.503424,2026-07-13T07:16:54.559090+00:00,70.8,1,bid,CostlyCorianders,Scott Bagby,584570
2026-07-13T07:16:54.557321,2026-07-13T07:16:54.564073+00:00,70.6,10,ask,Zhengnan Hua,CostlyCorianders,584571
2026-07-13T07:16:54.557321,2026-07-13T07:16:54.564073+00:00,70.5,38,ask,EarnestEspressos,CostlyCorianders,584572
2026-07-13T07:16:54.717773,2026-07-13T07:16:54.763851+00:00,70.5,40,ask,EarnestEspressos,FlawlessFlatbreads,584573
2026-07-13T07:16:54.717773,2026-07-13T07:16:54.763851+00:00,70.5,10,ask,Zhengnan Hua,CostlyCorianders,584574
2026-07-13T07:16:55.247680,2026-07-13T07:16:55.253041+00:00,70.6,5,bid,Zhengnan Hua,Jessica Xu,584586
2026-07-13T07:16:55.247680,2026-07-13T07:16:55.253041+00:00,71.0,1,bid,Zhengnan Hua,EarnestEspressos,584587
2026-07-13T07:16:55.681926,2026-07-13T07:16:55.695181+00:00,70.7,1,bid,CostlyCorianders,Scott Bagby,584602
2026-07-13T07:16:55.681926,2026-07-13T07:16:55.695181+00:00,70.9,10,bid,CostlyCorianders,Zhengnan Hua,584603
2026-07-13T07:16:55.681926,2026-07-13T07:16:55.695181+00:00,70.9,34,bid,CostlyCorianders,Andy Garg,584604
2026-07-13T07:16:57.192009,2026-07-13T07:16:57.203680+00:00,70.6,10,ask,Zhengnan Hua,EarnestEspressos,584632
2026-07-13T07:16:57.192009,2026-07-13T07:16:57.203680+00:00,70.6,100,ask,DiligentDonuts,EarnestEspressos,584633
2026-07-13T07:16:57.192009,2026-07-13T07:16:57.203680+00:00,70.5,40,ask,Andy Garg,EarnestEspressos,584634
2026-07-13T07:16:59.976368,2026-07-13T07:16:59.983805+00:00,70.8,2,bid,Jessica Xu,DiligentDonuts,584701
2026-07-13T07:17:00.123595,2026-07-13T07:17:00.146801+00:00,70.6,5,bid,Zhengnan Hua,Jessica Xu,584708
2026-07-13T07:17:00.123595,2026-07-13T07:17:00.146801+00:00,70.8,14,bid,Zhengnan Hua,DiligentDonuts,584709
2026-07-13T07:17:00.801154,2026-07-13T07:17:00.803785+00:00,70.7,5,bid,Sebastian Baldwin,Zhengnan Hua,584730
2026-07-13T07:17:00.804090,2026-07-13T07:17:00.816573+00:00,70.7,5,bid,Dinh Nguyen,Zhengnan Hua,584731
2026-07-13T07:17:00.984720,2026-07-13T07:17:00.999993+00:00,70.8,50,bid,FlawlessFlatbreads,DiligentDonuts,584740
2026-07-13T07:17:01.057550,2026-07-13T07:17:01.069044+00:00,70.8,2,bid,Dinh Nguyen,DiligentDonuts,584741
2026-07-13T07:17:02.152174,2026-07-13T07:17:02.169648+00:00,70.6,44,ask,EarnestEspressos,CostlyCorianders,584760
2026-07-13T07:17:02.287328,2026-07-13T07:17:02.295918+00:00,70.8,2,bid,Dinh Nguyen,DiligentDonuts,584764
2026-07-13T07:17:02.639055,2026-07-13T07:17:02.646023+00:00,70.8,30,bid,CostlyCorianders,DiligentDonuts,584774
2026-07-13T07:17:02.639055,2026-07-13T07:17:02.651743+00:00,70.8,10,bid,CostlyCorianders,Zhengnan Hua,584775
2026-07-13T07:17:02.639055,2026-07-13T07:17:02.651743+00:00,71.0,1,bid,CostlyCorianders,Scott Bagby,584776
2026-07-13T07:17:02.639055,2026-07-13T07:17:02.651743+00:00,71.1,6,bid,CostlyCorianders,Andy Garg,584777
2026-07-13T07:17:02.698228,2026-07-13T07:17:02.710590+00:00,70.6,43,ask,EarnestEspressos,CostlyCorianders,584782
2026-07-13T07:17:03.091108,2026-07-13T07:17:03.113136+00:00,71.1,34,bid,FlawlessFlatbreads,Andy Garg,584795
2026-07-13T07:17:03.091108,2026-07-13T07:17:03.113136+00:00,71.1,16,bid,FlawlessFlatbreads,EarnestEspressos,584796
2026-07-13T07:17:03.304381,2026-07-13T07:17:03.317841+00:00,71.1,45,bid,CostlyCorianders,EarnestEspressos,584800
2026-07-13T07:17:04.284411,2026-07-13T07:17:04.288726+00:00,70.7,9,ask,Zhengnan Hua,Xuanyu Liu,584826
2026-07-13T07:17:04.320893,2026-07-13T07:17:04.330908+00:00,70.7,1,ask,Zhengnan Hua,Tanishq Panjwani,584828
2026-07-13T07:17:04.988595,2026-07-13T07:17:04.998841+00:00,70.6,5,ask,DiligentDonuts,Zhengnan Hua,584843
2026-07-13T07:17:05.059356,2026-07-13T07:17:05.073581+00:00,70.7,5,ask,Jessica Xu,Tanishq Panjwani,584849
2026-07-13T07:17:05.197250,2026-07-13T07:17:05.208936+00:00,70.8,1,bid,FlawlessFlatbreads,Kelvin Chan,584851
2026-07-13T07:17:05.197250,2026-07-13T07:17:05.208936+00:00,70.8,10,bid,FlawlessFlatbreads,Zhengnan Hua,584852
2026-07-13T07:17:05.197250,2026-07-13T07:17:05.208936+00:00,70.9,5,bid,FlawlessFlatbreads,Jessica Xu,584853
2026-07-13T07:17:05.197250,2026-07-13T07:17:05.214863+00:00,71.0,34,bid,FlawlessFlatbreads,EarnestEspressos,584854
2026-07-13T07:17:05.577961,2026-07-13T07:17:05.581901+00:00,70.8,2,bid,Xuanyu Liu,Kelvin Chan,584860
2026-07-13T07:17:05.614470,2026-07-13T07:17:05.618439+00:00,70.8,1,bid,Xuanyu Liu,Kelvin Chan,584861
2026-07-13T07:17:05.971683,2026-07-13T07:17:05.977247+00:00,70.6,40,ask,DiligentDonuts,CostlyCorianders,584877
2026-07-13T07:17:06.263015,2026-07-13T07:17:06.267732+00:00,70.9,3,bid,Xuanyu Liu,DiligentDonuts,584888
2026-07-13T07:17:07.184436,2026-07-13T07:17:07.188626+00:00,70.8,3,bid,Xuanyu Liu,Kelvin Chan,584909
2026-07-13T07:17:07.642056,2026-07-13T07:17:07.647777+00:00,70.6,42,ask,EarnestEspressos,CostlyCorianders,584925
2026-07-13T07:17:08.722020,2026-07-13T07:17:08.731696+00:00,70.6,10,ask,EarnestEspressos,Zhengnan Hua,584946
2026-07-13T07:17:09.468546,2026-07-13T07:17:09.481092+00:00,70.7,10,ask,Zhengnan Hua,FlawlessFlatbreads,584962
2026-07-13T07:17:09.468546,2026-07-13T07:17:09.481092+00:00,70.6,40,ask,EarnestEspressos,FlawlessFlatbreads,584963
2026-07-13T07:17:10.031275,2026-07-13T07:17:10.042736+00:00,70.8,2,bid,Jessica Xu,EarnestEspressos,584981
2026-07-13T07:17:10.112919,2026-07-13T07:17:10.122755+00:00,70.7,5,bid,Tanishq Panjwani,Jessica Xu,584982
2026-07-13T07:17:11.047301,2026-07-13T07:17:11.058571+00:00,70.8,2,bid,Dinh Nguyen,EarnestEspressos,585002
2026-07-13T07:17:11.576365,2026-07-13T07:17:11.589026+00:00,70.6,2,ask,Scott Bagby,FlawlessFlatbreads,585009
2026-07-13T07:17:11.576365,2026-07-13T07:17:11.589026+00:00,70.6,10,ask,Zhengnan Hua,FlawlessFlatbreads,585010
2026-07-13T07:17:11.576365,2026-07-13T07:17:11.594060+00:00,70.5,2,ask,Kelvin Chan,FlawlessFlatbreads,585011
2026-07-13T07:17:11.576365,2026-07-13T07:17:11.594060+00:00,70.5,5,ask,Jessica Xu,FlawlessFlatbreads,585012
2026-07-13T07:17:11.576365,2026-07-13T07:17:11.594060+00:00,70.5,31,ask,Andy Garg,FlawlessFlatbreads,585013
2026-07-13T07:17:12.204923,2026-07-13T07:17:12.217133+00:00,70.8,1,bid,Tanishq Panjwani,EarnestEspressos,585035
2026-07-13T07:17:13.462466,2026-07-13T07:17:13.467414+00:00,70.6,9,ask,DiligentDonuts,Xuanyu Liu,585062
2026-07-13T07:17:13.516030,2026-07-13T07:17:13.533837+00:00,70.6,50,ask,DiligentDonuts,Tanishq Panjwani,585064
2026-07-13T07:17:13.595298,2026-07-13T07:17:13.609481+00:00,70.6,10,ask,Zhengnan Hua,FlawlessFlatbreads,585069
2026-07-13T07:17:13.608998,2026-07-13T07:17:13.621039+00:00,70.6,31,ask,DiligentDonuts,Tanishq Panjwani,585071
2026-07-13T07:17:13.692368,2026-07-13T07:17:13.711284+00:00,70.6,10,ask,DiligentDonuts,Zhengnan Hua,585074
2026-07-13T07:17:13.692368,2026-07-13T07:17:13.711284+00:00,70.5,2,ask,Kelvin Chan,FlawlessFlatbreads,585075
2026-07-13T07:17:13.692368,2026-07-13T07:17:13.711284+00:00,70.3,1,ask,Scott Bagby,FlawlessFlatbreads,585076
2026-07-13T07:17:13.692368,2026-07-13T07:17:13.711284+00:00,70.2,37,ask,EarnestEspressos,FlawlessFlatbreads,585077
2026-07-13T07:17:13.797444,2026-07-13T07:17:13.807638+00:00,70.2,10,ask,EarnestEspressos,Andy Garg,585082
2026-07-13T07:17:14.522918,2026-07-13T07:17:14.538453+00:00,70.7,6,bid,Zhengnan Hua,EarnestEspressos,585103
2026-07-13T07:17:14.749800,2026-07-13T07:17:14.754004+00:00,70.7,3,bid,Xuanyu Liu,EarnestEspressos,585106
2026-07-13T07:17:14.827444,2026-07-13T07:17:14.830690+00:00,70.7,6,bid,Xuanyu Liu,EarnestEspressos,585116
2026-07-13T07:17:14.831117,2026-07-13T07:17:14.842468+00:00,70.7,5,bid,Sebastian Baldwin,EarnestEspressos,585117
2026-07-13T07:17:14.834538,2026-07-13T07:17:14.842468+00:00,70.7,50,bid,Tanishq Panjwani,EarnestEspressos,585118
2026-07-13T07:17:14.926841,2026-07-13T07:17:14.938867+00:00,70.6,10,bid,Tanishq Panjwani,Zhengnan Hua,585120
2026-07-13T07:17:15.018246,2026-07-13T07:17:15.029914+00:00,70.7,21,bid,Tanishq Panjwani,EarnestEspressos,585123
2026-07-13T07:17:15.066907,2026-07-13T07:17:15.069598+00:00,70.7,25,bid,Jessica Xu,EarnestEspressos,585129
2026-07-13T07:17:15.071312,2026-07-13T07:17:15.083032+00:00,70.7,2,bid,Jessica Xu,EarnestEspressos,585130
2026-07-13T07:17:15.805669,2026-07-13T07:17:15.812580+00:00,70.5,40,ask,Andy Garg,FlawlessFlatbreads,585145
2026-07-13T07:17:15.805669,2026-07-13T07:17:15.812580+00:00,70.5,5,ask,Jessica Xu,FlawlessFlatbreads,585146
2026-07-13T07:17:15.805669,2026-07-13T07:17:15.812580+00:00,70.4,5,ask,Zhengnan Hua,FlawlessFlatbreads,585147
2026-07-13T07:17:15.843646,2026-07-13T07:17:15.859028+00:00,70.7,5,bid,Sebastian Baldwin,EarnestEspressos,585149
2026-07-13T07:17:15.899388,2026-07-13T07:17:15.910678+00:00,70.7,25,bid,Dinh Nguyen,EarnestEspressos,585151
2026-07-13T07:17:16.143485,2026-07-13T07:17:16.155343+00:00,70.6,10,bid,CostlyCorianders,Zhengnan Hua,585165
2026-07-13T07:17:16.143485,2026-07-13T07:17:16.155343+00:00,70.7,1,bid,CostlyCorianders,Scott Bagby,585166
2026-07-13T07:17:16.143485,2026-07-13T07:17:16.155343+00:00,70.7,5,bid,CostlyCorianders,Jessica Xu,585167
2026-07-13T07:17:16.143485,2026-07-13T07:17:16.155343+00:00,70.7,33,bid,CostlyCorianders,DiligentDonuts,585168
2026-07-13T07:17:16.611279,2026-07-13T07:17:16.622432+00:00,70.7,43,bid,CostlyCorianders,DiligentDonuts,585180
2026-07-13T07:17:17.914941,2026-07-13T07:17:17.941467+00:00,70.6,50,ask,EarnestEspressos,FlawlessFlatbreads,585203
2026-07-13T07:17:19.858327,2026-07-13T07:17:19.871073+00:00,70.7,4,bid,Sebastian Baldwin,Zhengnan Hua,585246
2026-07-13T07:17:20.027610,2026-07-13T07:17:20.038799+00:00,70.6,10,ask,Zhengnan Hua,FlawlessFlatbreads,585256
2026-07-13T07:17:20.027610,2026-07-13T07:17:20.038799+00:00,70.5,2,ask,Kelvin Chan,FlawlessFlatbreads,585257
2026-07-13T07:17:20.027610,2026-07-13T07:17:20.038799+00:00,70.5,38,ask,EarnestEspressos,FlawlessFlatbreads,585258
2026-07-13T07:17:20.095715,2026-07-13T07:17:20.102165+00:00,70.7,4,bid,Jessica Xu,Zhengnan Hua,585262
2026-07-13T07:17:20.100092,2026-07-13T07:17:20.108164+00:00,70.7,2,bid,Jessica Xu,Zhengnan Hua,585263
2026-07-13T07:17:20.508422,2026-07-13T07:17:20.515651+00:00,70.7,5,ask,Jessica Xu,CostlyCorianders,585271
2026-07-13T07:17:20.508422,2026-07-13T07:17:20.515651+00:00,70.5,43,ask,EarnestEspressos,CostlyCorianders,585272
2026-07-13T07:17:22.020581,2026-07-13T07:17:22.030780+00:00,70.8,1,bid,CostlyCorianders,Kelvin Chan,585308
2026-07-13T07:17:22.020581,2026-07-13T07:17:22.030780+00:00,70.9,1,bid,CostlyCorianders,Scott Bagby,585309
2026-07-13T07:17:22.020581,2026-07-13T07:17:22.030780+00:00,70.9,5,bid,CostlyCorianders,Jessica Xu,585310
2026-07-13T07:17:22.020581,2026-07-13T07:17:22.042309+00:00,71.0,35,bid,CostlyCorianders,EarnestEspressos,585311
2026-07-13T07:17:22.137704,2026-07-13T07:17:22.149280+00:00,70.5,50,ask,EarnestEspressos,FlawlessFlatbreads,585315
2026-07-13T07:17:22.531528,2026-07-13T07:17:22.543002+00:00,70.6,10,ask,Zhengnan Hua,EarnestEspressos,585316
2026-07-13T07:17:24.258991,2026-07-13T07:17:24.270817+00:00,70.4,50,ask,DiligentDonuts,FlawlessFlatbreads,585355
2026-07-13T07:17:24.690737,2026-07-13T07:17:24.702208+00:00,70.6,42,bid,CostlyCorianders,EarnestEspressos,585364
2026-07-13T07:17:25.121175,2026-07-13T07:17:25.132556+00:00,70.6,2,bid,Jessica Xu,EarnestEspressos,585369
2026-07-13T07:17:26.229694,2026-07-13T07:17:26.241604+00:00,70.4,2,ask,Scott Bagby,CostlyCorianders,585397
2026-07-13T07:17:26.229694,2026-07-13T07:17:26.241604+00:00,70.4,10,ask,Zhengnan Hua,CostlyCorianders,585398
2026-07-13T07:17:26.229694,2026-07-13T07:17:26.241604+00:00,70.3,5,ask,Jessica Xu,CostlyCorianders,585399
2026-07-13T07:17:26.229694,2026-07-13T07:17:26.241604+00:00,70.2,30,ask,EarnestEspressos,CostlyCorianders,585400
2026-07-13T07:17:26.367025,2026-07-13T07:17:26.374500+00:00,70.2,50,ask,EarnestEspressos,FlawlessFlatbreads,585401
2026-07-13T07:17:27.804818,2026-07-13T07:17:27.818199+00:00,70.3,10,ask,Zhengnan Hua,CostlyCorianders,585430
2026-07-13T07:17:27.804818,2026-07-13T07:17:27.818199+00:00,70.2,33,ask,EarnestEspressos,CostlyCorianders,585431
2026-07-13T07:17:28.488843,2026-07-13T07:17:28.500381+00:00,70.3,10,ask,Zhengnan Hua,FlawlessFlatbreads,585449
2026-07-13T07:17:28.488843,2026-07-13T07:17:28.500381+00:00,70.2,37,ask,EarnestEspressos,FlawlessFlatbreads,585450
2026-07-13T07:17:28.488843,2026-07-13T07:17:28.500381+00:00,70.0,3,ask,Andy Garg,FlawlessFlatbreads,585451
2026-07-13T07:17:28.864716,2026-07-13T07:17:28.879469+00:00,70.2,2,ask,Scott Bagby,EarnestEspressos,585460
2026-07-13T07:17:28.864716,2026-07-13T07:17:28.879469+00:00,70.0,37,ask,Andy Garg,EarnestEspressos,585461
2026-07-13T07:17:28.864716,2026-07-13T07:17:28.884461+00:00,70.0,100,ask,DiligentDonuts,EarnestEspressos,585462
2026-07-13T07:17:28.886261,2026-07-13T07:17:28.890793+00:00,70.0,11,bid,Xuanyu Liu,EarnestEspressos,585463
2026-07-13T07:17:30.145615,2026-07-13T07:17:30.157265+00:00,70.4,2,bid,Jessica Xu,Zhengnan Hua,585486
2026-07-13T07:17:30.608216,2026-07-13T07:17:30.612736+00:00,70.0,5,ask,Jessica Xu,FlawlessFlatbreads,585497
2026-07-13T07:17:30.608216,2026-07-13T07:17:30.612736+00:00,69.9,17,ask,Andy Garg,FlawlessFlatbreads,585498
2026-07-13T07:17:30.608216,2026-07-13T07:17:30.622970+00:00,69.5,28,ask,EarnestEspressos,FlawlessFlatbreads,585499
2026-07-13T07:17:30.685498,2026-07-13T07:17:30.693138+00:00,70.2,5,bid,Zhengnan Hua,Jessica Xu,585504
2026-07-13T07:17:30.685498,2026-07-13T07:17:30.693138+00:00,70.5,45,bid,Zhengnan Hua,DiligentDonuts,585505
2026-07-13T07:17:32.534805,2026-07-13T07:17:32.547206+00:00,70.3,48,bid,CostlyCorianders,DiligentDonuts,585529
2026-07-13T07:17:32.734511,2026-07-13T07:17:32.737151+00:00,70.1,2,ask,Scott Bagby,FlawlessFlatbreads,585531
2026-07-13T07:17:32.734511,2026-07-13T07:17:32.747903+00:00,70.0,48,ask,EarnestEspressos,FlawlessFlatbreads,585532
2026-07-13T07:17:33.101855,2026-07-13T07:17:33.118000+00:00,70.0,43,ask,EarnestEspressos,CostlyCorianders,585541
2026-07-13T07:17:34.698292,2026-07-13T07:17:34.709926+00:00,70.2,10,bid,CostlyCorianders,Zhengnan Hua,585560
2026-07-13T07:17:34.698292,2026-07-13T07:17:34.709926+00:00,70.5,30,bid,CostlyCorianders,Andy Garg,585561
2026-07-13T07:17:34.813779,2026-07-13T07:17:34.818088+00:00,70.2,1,ask,Kelvin Chan,Xuanyu Liu,585567
2026-07-13T07:17:34.844111,2026-07-13T07:17:34.856380+00:00,70.1,2,ask,Scott Bagby,FlawlessFlatbreads,585568
2026-07-13T07:17:34.844111,2026-07-13T07:17:34.856380+00:00,70.0,48,ask,EarnestEspressos,FlawlessFlatbreads,585569
2026-07-13T07:17:35.182476,2026-07-13T07:17:35.191038+00:00,70.4,5,bid,Jessica Xu,DiligentDonuts,585579
2026-07-13T07:17:35.189926,2026-07-13T07:17:35.191038+00:00,70.4,2,bid,Jessica Xu,DiligentDonuts,585581
2026-07-13T07:17:35.207897,2026-07-13T07:17:35.222064+00:00,70.2,2,ask,Kelvin Chan,EarnestEspressos,585582
2026-07-13T07:17:35.207897,2026-07-13T07:17:35.222064+00:00,69.9,100,ask,DiligentDonuts,EarnestEspressos,585583
2026-07-13T07:17:35.207897,2026-07-13T07:17:35.222064+00:00,69.9,30,ask,Andy Garg,EarnestEspressos,585584
2026-07-13T07:17:35.220978,2026-07-13T07:17:35.228181+00:00,69.9,5,bid,Jessica Xu,EarnestEspressos,585585
2026-07-13T07:17:35.224246,2026-07-13T07:17:35.228181+00:00,69.9,13,bid,Xuanyu Liu,EarnestEspressos,585586
2026-07-13T07:17:35.234665,2026-07-13T07:17:35.243993+00:00,70.3,5,bid,CostlyCorianders,Jessica Xu,585587
2026-07-13T07:17:35.234665,2026-07-13T07:17:35.243993+00:00,70.4,37,bid,CostlyCorianders,DiligentDonuts,585588
2026-07-13T07:17:35.348727,2026-07-13T07:17:35.358817+00:00,70.2,1,ask,Kelvin Chan,Xuanyu Liu,585593
2026-07-13T07:17:37.131234,2026-07-13T07:17:37.135779+00:00,70.2,1,ask,Kelvin Chan,Xuanyu Liu,585625
2026-07-13T07:17:37.190093,2026-07-13T07:17:37.201681+00:00,69.4,48,ask,EarnestEspressos,CostlyCorianders,585626
2026-07-13T07:17:37.296864,2026-07-13T07:17:37.301276+00:00,70.2,1,ask,Kelvin Chan,Xuanyu Liu,585627
2026-07-13T07:17:37.653372,2026-07-13T07:17:37.655346+00:00,70.4,46,bid,CostlyCorianders,DiligentDonuts,585636
2026-07-13T07:17:37.799198,2026-07-13T07:17:37.803433+00:00,70.2,1,ask,Kelvin Chan,Xuanyu Liu,585643
2026-07-13T07:17:37.835196,2026-07-13T07:17:37.839068+00:00,70.2,2,ask,Scott Bagby,Xuanyu Liu,585647
2026-07-13T07:17:37.889549,2026-07-13T07:17:37.893648+00:00,70.2,1,ask,Kelvin Chan,Xuanyu Liu,585648
2026-07-13T07:17:38.210271,2026-07-13T07:17:38.221845+00:00,69.9,43,ask,DiligentDonuts,CostlyCorianders,585654
2026-07-13T07:17:38.258163,2026-07-13T07:17:38.262242+00:00,70.2,1,ask,Kelvin Chan,Xuanyu Liu,585657
2026-07-13T07:17:39.080635,2026-07-13T07:17:39.092094+00:00,70.1,1,ask,Kelvin Chan,FlawlessFlatbreads,585675
2026-07-13T07:17:39.080635,2026-07-13T07:17:39.092094+00:00,69.9,49,ask,DiligentDonuts,FlawlessFlatbreads,585676
2026-07-13T07:17:39.958448,2026-07-13T07:17:39.970014+00:00,70.1,1,ask,Kelvin Chan,CostlyCorianders,585682
2026-07-13T07:17:39.958448,2026-07-13T07:17:39.970014+00:00,69.9,8,ask,DiligentDonuts,CostlyCorianders,585683
2026-07-13T07:17:39.958448,2026-07-13T07:17:39.970014+00:00,69.8,36,ask,EarnestEspressos,CostlyCorianders,585684
2026-07-13T07:17:40.239660,2026-07-13T07:17:40.241794+00:00,70.3,5,bid,Jessica Xu,EarnestEspressos,585699
2026-07-13T07:17:40.245757,2026-07-13T07:17:40.258616+00:00,70.3,2,bid,Jessica Xu,EarnestEspressos,585701
2026-07-13T07:17:40.855772,2026-07-13T07:17:40.863759+00:00,70.2,2,bid,Scott Bagby,Jessica Xu,585710
2026-07-13T07:17:41.066679,2026-07-13T07:17:41.072945+00:00,70.1,2,ask,Scott Bagby,Xuanyu Liu,585719
2026-07-13T07:17:41.066679,2026-07-13T07:17:41.072945+00:00,70.1,2,ask,Kelvin Chan,Xuanyu Liu,585720
2026-07-13T07:17:41.077101,2026-07-13T07:17:41.081164+00:00,70.0,2,ask,Jessica Xu,Xuanyu Liu,585721
2026-07-13T07:17:41.170008,2026-07-13T07:17:41.174025+00:00,70.1,3,ask,Kelvin Chan,Xuanyu Liu,585726
2026-07-13T07:17:41.298104,2026-07-13T07:17:41.302095+00:00,70.1,3,ask,Kelvin Chan,Xuanyu Liu,585731
2026-07-13T07:17:41.535435,2026-07-13T07:17:41.544628+00:00,70.0,3,ask,Jessica Xu,EarnestEspressos,585739
2026-07-13T07:17:41.546764,2026-07-13T07:17:41.551507+00:00,70.0,6,bid,Xuanyu Liu,EarnestEspressos,585740
2026-07-13T07:17:41.591156,2026-07-13T07:17:41.595527+00:00,69.9,10,bid,Xuanyu Liu,Zhengnan Hua,585741
2026-07-13T07:17:42.139048,2026-07-13T07:17:42.142569+00:00,70.0,3,bid,Kelvin Chan,EarnestEspressos,585744
2026-07-13T07:17:42.285569,2026-07-13T07:17:42.295574+00:00,70.0,3,bid,Kelvin Chan,EarnestEspressos,585746
2026-07-13T07:17:42.652876,2026-07-13T07:17:42.652866+00:00,70.0,44,bid,CostlyCorianders,EarnestEspressos,585762
2026-07-13T07:17:42.804493,2026-07-13T07:17:42.812911+00:00,70.0,7,bid,Zhengnan Hua,EarnestEspressos,585771
2026-07-13T07:17:42.820893,2026-07-13T07:17:42.825036+00:00,69.9,1,bid,Xuanyu Liu,Zhengnan Hua,585772
2026-07-13T07:17:43.252915,2026-07-13T07:17:43.265719+00:00,69.9,9,bid,FlawlessFlatbreads,Zhengnan Hua,585779
2026-07-13T07:17:43.252915,2026-07-13T07:17:43.265719+00:00,70.0,41,bid,FlawlessFlatbreads,EarnestEspressos,585780
2026-07-13T07:17:43.888831,2026-07-13T07:17:43.899214+00:00,70.0,5,bid,Scott Bagby,EarnestEspressos,585792
2026-07-13T07:17:43.901134,2026-07-13T07:17:43.911628+00:00,70.0,2,bid,Scott Bagby,EarnestEspressos,585794
2026-07-13T07:17:44.026733,2026-07-13T07:17:44.033185+00:00,70.0,36,bid,Zhengnan Hua,EarnestEspressos,585798
2026-07-13T07:17:44.026733,2026-07-13T07:17:44.033185+00:00,70.2,1,bid,Zhengnan Hua,Jessica Xu,585799
2026-07-13T07:17:44.646829,2026-07-13T07:17:44.672902+00:00,70.0,100,bid,EarnestEspressos,DiligentDonuts,585818
2026-07-13T07:17:44.646829,2026-07-13T07:17:44.672902+00:00,70.1,10,bid,EarnestEspressos,Zhengnan Hua,585819
2026-07-13T07:17:44.646829,2026-07-13T07:17:44.672902+00:00,70.2,2,bid,EarnestEspressos,Jessica Xu,585820
2026-07-13T07:17:44.668223,2026-07-13T07:17:44.672902+00:00,70.2,20,ask,EarnestEspressos,Xuanyu Liu,585821
2026-07-13T07:17:45.244284,2026-07-13T07:17:45.259010+00:00,70.2,18,ask,EarnestEspressos,Zhengnan Hua,585833
2026-07-13T07:17:45.244284,2026-07-13T07:17:45.269414+00:00,69.5,14,ask,DiligentDonuts,Zhengnan Hua,585834
2026-07-13T07:17:45.265821,2026-07-13T07:17:45.281191+00:00,70.2,5,bid,Jessica Xu,Zhengnan Hua,585836
2026-07-13T07:17:47.429175,2026-07-13T07:17:47.436346+00:00,70.2,10,bid,CostlyCorianders,Zhengnan Hua,585875
2026-07-13T07:17:47.429175,2026-07-13T07:17:47.436346+00:00,70.3,3,bid,CostlyCorianders,Kelvin Chan,585876
2026-07-13T07:17:47.429175,2026-07-13T07:17:47.436346+00:00,70.3,5,bid,CostlyCorianders,Jessica Xu,585877
2026-07-13T07:17:47.429175,2026-07-13T07:17:47.436346+00:00,70.3,28,bid,CostlyCorianders,DiligentDonuts,585878
2026-07-13T07:17:47.487188,2026-07-13T07:17:47.502681+00:00,70.1,2,ask,Scott Bagby,CostlyCorianders,585882
2026-07-13T07:17:47.487188,2026-07-13T07:17:47.502681+00:00,70.0,1,ask,Kelvin Chan,CostlyCorianders,585883
2026-07-13T07:17:47.487188,2026-07-13T07:17:47.502681+00:00,69.8,42,ask,DiligentDonuts,CostlyCorianders,585884
2026-07-13T07:17:47.500816,2026-07-13T07:17:47.507690+00:00,70.3,50,bid,FlawlessFlatbreads,DiligentDonuts,585885
2026-07-13T07:17:47.689788,2026-07-13T07:17:47.693408+00:00,70.2,9,bid,Xuanyu Liu,Zhengnan Hua,585896
2026-07-13T07:17:48.016696,2026-07-13T07:17:48.029274+00:00,70.2,1,bid,CostlyCorianders,Zhengnan Hua,585907
2026-07-13T07:17:48.016696,2026-07-13T07:17:48.029274+00:00,70.2,39,bid,CostlyCorianders,EarnestEspressos,585908
2026-07-13T07:17:48.717626,2026-07-13T07:17:48.731299+00:00,69.8,45,ask,DiligentDonuts,CostlyCorianders,585923
2026-07-13T07:17:48.896137,2026-07-13T07:17:48.905434+00:00,70.2,32,bid,Zhengnan Hua,EarnestEspressos,585928
2026-07-13T07:17:48.912906,2026-07-13T07:17:48.916788+00:00,70.1,10,bid,Xuanyu Liu,Zhengnan Hua,585929
2026-07-13T07:17:49.175798,2026-07-13T07:17:49.206511+00:00,69.8,13,ask,DiligentDonuts,CostlyCorianders,585936
2026-07-13T07:17:49.609786,2026-07-13T07:17:49.620847+00:00,70.2,50,bid,FlawlessFlatbreads,EarnestEspressos,585947
2026-07-13T07:17:49.947694,2026-07-13T07:17:49.970102+00:00,70.2,2,bid,Scott Bagby,EarnestEspressos,585952
2026-07-13T07:17:50.261917,2026-07-13T07:17:50.265841+00:00,70.1,2,ask,Scott Bagby,Xuanyu Liu,585964
2026-07-13T07:17:50.281189,2026-07-13T07:17:50.292943+00:00,70.2,2,bid,Jessica Xu,EarnestEspressos,585965
2026-07-13T07:17:50.988939,2026-07-13T07:17:50.993158+00:00,70.1,3,ask,EarnestEspressos,Xuanyu Liu,585970
2026-07-13T07:17:51.446990,2026-07-13T07:17:51.452224+00:00,70.1,40,ask,EarnestEspressos,CostlyCorianders,585986
2026-07-13T07:17:52.990193,2026-07-13T07:17:53.002309+00:00,70.2,5,bid,CostlyCorianders,Jessica Xu,586016
2026-07-13T07:17:52.990193,2026-07-13T07:17:53.002309+00:00,70.2,10,bid,CostlyCorianders,Zhengnan Hua,586017
2026-07-13T07:17:52.990193,2026-07-13T07:17:53.002309+00:00,70.3,3,bid,CostlyCorianders,Kelvin Chan,586018
2026-07-13T07:17:52.990193,2026-07-13T07:17:53.002309+00:00,70.3,31,bid,CostlyCorianders,DiligentDonuts,586019
2026-07-13T07:17:52.998155,2026-07-13T07:17:53.002309+00:00,70.1,5,ask,EarnestEspressos,Xuanyu Liu,586020
2026-07-13T07:17:53.819652,2026-07-13T07:17:53.826981+00:00,70.3,50,bid,FlawlessFlatbreads,DiligentDonuts,586042
2026-07-13T07:17:53.895790,2026-07-13T07:17:53.907134+00:00,70.3,45,bid,CostlyCorianders,DiligentDonuts,586046
2026-07-13T07:17:55.297748,2026-07-13T07:17:55.358948+00:00,70.2,2,bid,Jessica Xu,Zhengnan Hua,586078
2026-07-13T07:17:55.926660,2026-07-13T07:17:55.965839+00:00,70.2,8,bid,FlawlessFlatbreads,Zhengnan Hua,586089
2026-07-13T07:17:55.926660,2026-07-13T07:17:55.965839+00:00,70.2,5,bid,FlawlessFlatbreads,Jessica Xu,586090
2026-07-13T07:17:55.926660,2026-07-13T07:17:55.965839+00:00,70.3,5,bid,FlawlessFlatbreads,DiligentDonuts,586091
2026-07-13T07:17:55.926660,2026-07-13T07:17:55.965839+00:00,70.4,32,bid,FlawlessFlatbreads,Andy Garg,586092
2026-07-13T07:17:56.830970,2026-07-13T07:17:56.868733+00:00,70.1,10,ask,Zhengnan Hua,CostlyCorianders,586108
2026-07-13T07:17:56.830970,2026-07-13T07:17:56.868733+00:00,70.1,33,ask,DiligentDonuts,CostlyCorianders,586109
2026-07-13T07:17:56.899091,2026-07-13T07:17:56.903817+00:00,70.1,9,ask,DiligentDonuts,Xuanyu Liu,586111
2026-07-13T07:17:57.364773,2026-07-13T07:17:57.376756+00:00,70.1,58,ask,DiligentDonuts,EarnestEspressos,586123
2026-07-13T07:17:58.038954,2026-07-13T07:17:58.058627+00:00,70.1,50,bid,FlawlessFlatbreads,EarnestEspressos,586130
2026-07-13T07:17:59.751317,2026-07-13T07:17:59.760033+00:00,70.1,42,bid,CostlyCorianders,EarnestEspressos,586176
2026-07-13T07:17:59.751317,2026-07-13T07:17:59.760033+00:00,70.1,2,bid,CostlyCorianders,Andy Garg,586177
2026-07-13T07:17:59.807108,2026-07-13T07:17:59.819839+00:00,70.0,3,ask,Jessica Xu,CostlyCorianders,586178
2026-07-13T07:17:59.807108,2026-07-13T07:17:59.819839+00:00,69.9,4,ask,Kelvin Chan,CostlyCorianders,586179
2026-07-13T07:17:59.807108,2026-07-13T07:17:59.819839+00:00,69.9,1,ask,Scott Bagby,CostlyCorianders,586180
2026-07-13T07:17:59.807108,2026-07-13T07:17:59.824845+00:00,69.6,34,ask,EarnestEspressos,CostlyCorianders,586181
2026-07-13T07:18:00.326090,2026-07-13T07:18:00.331793+00:00,69.9,5,bid,Jessica Xu,DiligentDonuts,586190
2026-07-13T07:18:00.332240,2026-07-13T07:18:00.331793+00:00,69.9,2,bid,Jessica Xu,DiligentDonuts,586191
2026-07-13T07:18:00.418235,2026-07-13T07:18:00.424017+00:00,69.9,43,bid,CostlyCorianders,DiligentDonuts,586196
2026-07-13T07:18:00.472741,2026-07-13T07:18:00.480915+00:00,69.7,1,ask,Jessica Xu,CostlyCorianders,586199
2026-07-13T07:18:00.472741,2026-07-13T07:18:00.480915+00:00,69.4,32,ask,Andy Garg,CostlyCorianders,586200
2026-07-13T07:18:00.472741,2026-07-13T07:18:00.486856+00:00,69.4,8,ask,DiligentDonuts,CostlyCorianders,586201
2026-07-13T07:18:00.479078,2026-07-13T07:18:00.486856+00:00,69.9,50,bid,EarnestEspressos,DiligentDonuts,586202
2026-07-13T07:18:00.479078,2026-07-13T07:18:00.492746+00:00,69.9,5,bid,EarnestEspressos,Jessica Xu,586203
2026-07-13T07:18:00.479078,2026-07-13T07:18:00.492746+00:00,70.0,10,bid,EarnestEspressos,Zhengnan Hua,586204
2026-07-13T07:18:01.030551,2026-07-13T07:18:01.031308+00:00,70.0,8,ask,EarnestEspressos,Zhengnan Hua,586214
2026-07-13T07:18:01.460666,2026-07-13T07:18:01.463980+00:00,70.1,40,bid,CostlyCorianders,Andy Garg,586218
2026-07-13T07:18:02.260881,2026-07-13T07:18:02.270703+00:00,70.2,1,bid,FlawlessFlatbreads,Scott Bagby,586235
2026-07-13T07:18:02.260881,2026-07-13T07:18:02.270703+00:00,70.2,10,bid,FlawlessFlatbreads,Zhengnan Hua,586236
2026-07-13T07:18:02.260881,2026-07-13T07:18:02.270703+00:00,70.3,1,bid,FlawlessFlatbreads,Kelvin Chan,586237
2026-07-13T07:18:02.260881,2026-07-13T07:18:02.270703+00:00,70.3,38,bid,FlawlessFlatbreads,Andy Garg,586238
2026-07-13T07:18:04.572845,2026-07-13T07:18:04.573340+00:00,69.9,1,ask,Kelvin Chan,CostlyCorianders,586280
2026-07-13T07:18:04.572845,2026-07-13T07:18:04.586646+00:00,69.8,39,ask,DiligentDonuts,CostlyCorianders,586281
2026-07-13T07:18:05.358563,2026-07-13T07:18:05.372465+00:00,70.1,2,bid,Jessica Xu,Zhengnan Hua,586291
2026-07-13T07:18:05.903067,2026-07-13T07:18:05.914609+00:00,70.1,4,bid,Zhengnan Hua,Jessica Xu,586301
2026-07-13T07:18:06.508781,2026-07-13T07:18:06.571844+00:00,70.1,1,bid,FlawlessFlatbreads,Jessica Xu,586307
2026-07-13T07:18:06.508781,2026-07-13T07:18:06.571844+00:00,70.1,10,bid,FlawlessFlatbreads,Zhengnan Hua,586308
2026-07-13T07:18:06.508781,2026-07-13T07:18:06.571844+00:00,70.2,39,bid,FlawlessFlatbreads,EarnestEspressos,586309
2026-07-13T07:18:08.627415,2026-07-13T07:18:08.639173+00:00,70.2,4,bid,FlawlessFlatbreads,Kelvin Chan,586341
2026-07-13T07:18:08.627415,2026-07-13T07:18:08.639173+00:00,70.2,46,bid,FlawlessFlatbreads,DiligentDonuts,586342
2026-07-13T07:18:10.735754,2026-07-13T07:18:10.708479+00:00,70.2,2,bid,FlawlessFlatbreads,Scott Bagby,586373
2026-07-13T07:18:10.735754,2026-07-13T07:18:10.708479+00:00,70.2,4,bid,FlawlessFlatbreads,Kelvin Chan,586374
2026-07-13T07:18:10.735754,2026-07-13T07:18:10.708479+00:00,70.2,5,bid,FlawlessFlatbreads,Jessica Xu,586375
2026-07-13T07:18:10.735754,2026-07-13T07:18:10.708479+00:00,70.3,39,bid,FlawlessFlatbreads,DiligentDonuts,586376
2026-07-13T07:18:12.868184,2026-07-13T07:18:12.875267+00:00,70.2,4,bid,FlawlessFlatbreads,Kelvin Chan,586423
2026-07-13T07:18:12.868184,2026-07-13T07:18:12.886856+00:00,70.2,10,bid,FlawlessFlatbreads,Zhengnan Hua,586424
2026-07-13T07:18:12.868184,2026-07-13T07:18:12.886856+00:00,70.4,36,bid,FlawlessFlatbreads,EarnestEspressos,586425
2026-07-13T07:18:13.005068,2026-07-13T07:18:13.016557+00:00,70.0,3,ask,Jessica Xu,CostlyCorianders,586428
2026-07-13T07:18:13.005068,2026-07-13T07:18:13.016557+00:00,69.9,1,ask,Kelvin Chan,CostlyCorianders,586429
2026-07-13T07:18:13.005068,2026-07-13T07:18:13.016557+00:00,69.9,42,ask,EarnestEspressos,CostlyCorianders,586430
2026-07-13T07:18:14.979414,2026-07-13T07:18:15.002400+00:00,70.2,3,bid,FlawlessFlatbreads,Kelvin Chan,586458
2026-07-13T07:18:14.979414,2026-07-13T07:18:15.007843+00:00,70.3,10,bid,FlawlessFlatbreads,Zhengnan Hua,586459
2026-07-13T07:18:14.979414,2026-07-13T07:18:15.007843+00:00,70.4,37,bid,FlawlessFlatbreads,DiligentDonuts,586460
2026-07-13T07:18:16.689229,2026-07-13T07:18:16.703151+00:00,70.1,5,bid,CostlyCorianders,Jessica Xu,586500
2026-07-13T07:18:16.689229,2026-07-13T07:18:16.703151+00:00,70.4,2,bid,CostlyCorianders,Scott Bagby,586501
2026-07-13T07:18:16.689229,2026-07-13T07:18:16.709067+00:00,70.4,42,bid,CostlyCorianders,EarnestEspressos,586502
2026-07-13T07:18:17.114069,2026-07-13T07:18:17.131129+00:00,70.2,4,bid,FlawlessFlatbreads,Kelvin Chan,586507
2026-07-13T07:18:17.114069,2026-07-13T07:18:17.131129+00:00,70.4,46,bid,FlawlessFlatbreads,EarnestEspressos,586508
2026-07-13T07:18:17.664904,2026-07-13T07:18:17.681724+00:00,70.2,3,bid,CostlyCorianders,Kelvin Chan,586517
2026-07-13T07:18:17.718643,2026-07-13T07:18:17.734432+00:00,70.1,10,ask,Zhengnan Hua,CostlyCorianders,586518
2026-07-13T07:18:17.718643,2026-07-13T07:18:17.734432+00:00,70.0,36,ask,DiligentDonuts,CostlyCorianders,586519
2026-07-13T07:18:18.096846,2026-07-13T07:18:18.108211+00:00,70.0,8,ask,DiligentDonuts,Zhengnan Hua,586540
2026-07-13T07:18:19.224515,2026-07-13T07:18:19.258710+00:00,70.3,3,bid,FlawlessFlatbreads,Kelvin Chan,586561
2026-07-13T07:18:19.224515,2026-07-13T07:18:19.258710+00:00,70.4,47,bid,FlawlessFlatbreads,EarnestEspressos,586562
2026-07-13T07:18:19.486698,2026-07-13T07:18:19.491465+00:00,70.3,3,bid,EarnestEspressos,Kelvin Chan,586565
2026-07-13T07:18:19.486698,2026-07-13T07:18:19.491465+00:00,70.4,2,bid,EarnestEspressos,Scott Bagby,586566
2026-07-13T07:18:19.486698,2026-07-13T07:18:19.508628+00:00,70.4,100,bid,EarnestEspressos,DiligentDonuts,586567
2026-07-13T07:18:19.486698,2026-07-13T07:18:19.508628+00:00,70.5,40,bid,EarnestEspressos,Andy Garg,586568
2026-07-13T07:18:19.542287,2026-07-13T07:18:19.564816+00:00,70.5,5,ask,EarnestEspressos,Tanishq Panjwani,586573
2026-07-13T07:18:20.526027,2026-07-13T07:18:20.538468+00:00,70.3,5,ask,Jessica Xu,Zhengnan Hua,586592
2026-07-13T07:18:20.526027,2026-07-13T07:18:20.538468+00:00,70.0,21,ask,Andy Garg,Zhengnan Hua,586593
2026-07-13T07:18:20.654972,2026-07-13T07:18:20.675859+00:00,70.4,2,bid,CostlyCorianders,Scott Bagby,586597
2026-07-13T07:18:20.654972,2026-07-13T07:18:20.675859+00:00,70.5,5,bid,CostlyCorianders,Jessica Xu,586598
2026-07-13T07:18:20.654972,2026-07-13T07:18:20.675859+00:00,70.7,38,bid,CostlyCorianders,Andy Garg,586599
2026-07-13T07:18:22.111523,2026-07-13T07:18:22.123774+00:00,70.3,2,bid,DiligentDonuts,Kelvin Chan,586628
2026-07-13T07:18:22.134423,2026-07-13T07:18:22.146872+00:00,70.3,1,ask,DiligentDonuts,Kelvin Chan,586629
2026-07-13T07:18:22.246678,2026-07-13T07:18:22.258581+00:00,70.3,2,ask,DiligentDonuts,Kelvin Chan,586632
2026-07-13T07:18:22.518400,2026-07-13T07:18:22.538151+00:00,70.3,1,ask,DiligentDonuts,Kelvin Chan,586635
2026-07-13T07:18:22.541870,2026-07-13T07:18:22.558558+00:00,70.3,1,ask,DiligentDonuts,Kelvin Chan,586637
2026-07-13T07:18:22.572892,2026-07-13T07:18:22.581043+00:00,70.3,1,ask,DiligentDonuts,Kelvin Chan,586640
2026-07-13T07:18:22.598940,2026-07-13T07:18:22.610639+00:00,70.3,1,ask,DiligentDonuts,Kelvin Chan,586641
2026-07-13T07:18:22.629703,2026-07-13T07:18:22.653061+00:00,70.3,1,ask,DiligentDonuts,Kelvin Chan,586642
2026-07-13T07:18:22.661914,2026-07-13T07:18:22.672363+00:00,70.3,1,ask,DiligentDonuts,Kelvin Chan,586643
2026-07-13T07:18:22.925199,2026-07-13T07:18:22.934871+00:00,70.3,1,ask,DiligentDonuts,Kelvin Chan,586645
2026-07-13T07:18:22.963186,2026-07-13T07:18:22.973164+00:00,70.3,1,ask,DiligentDonuts,Kelvin Chan,586648
2026-07-13T07:18:22.966323,2026-07-13T07:18:22.973164+00:00,70.3,38,ask,DiligentDonuts,Zhengnan Hua,586649
2026-07-13T07:18:23.071522,2026-07-13T07:18:23.080535+00:00,70.3,1,ask,DiligentDonuts,Kelvin Chan,586650
2026-07-13T07:18:23.517517,2026-07-13T07:18:23.532229+00:00,70.3,48,ask,DiligentDonuts,FlawlessFlatbreads,586663
2026-07-13T07:18:23.517517,2026-07-13T07:18:23.532229+00:00,70.3,2,ask,Zhengnan Hua,FlawlessFlatbreads,586664
2026-07-13T07:18:25.625348,2026-07-13T07:18:25.660082+00:00,70.2,10,ask,Zhengnan Hua,FlawlessFlatbreads,586695
2026-07-13T07:18:25.625348,2026-07-13T07:18:25.660082+00:00,70.1,5,ask,Kelvin Chan,FlawlessFlatbreads,586696
2026-07-13T07:18:25.625348,2026-07-13T07:18:25.660082+00:00,70.1,5,ask,Jessica Xu,FlawlessFlatbreads,586697
2026-07-13T07:18:25.625348,2026-07-13T07:18:25.660082+00:00,70.0,1,ask,Scott Bagby,FlawlessFlatbreads,586698
2026-07-13T07:18:25.625348,2026-07-13T07:18:25.660082+00:00,70.0,29,ask,Andy Garg,FlawlessFlatbreads,586699
2026-07-13T07:18:27.737457,2026-07-13T07:18:27.763821+00:00,70.1,5,ask,Kelvin Chan,FlawlessFlatbreads,586748
2026-07-13T07:18:27.737457,2026-07-13T07:18:27.763821+00:00,70.0,45,ask,DiligentDonuts,FlawlessFlatbreads,586749
2026-07-13T07:18:28.706535,2026-07-13T07:18:28.715761+00:00,70.3,5,bid,CostlyCorianders,Jessica Xu,586778
2026-07-13T07:18:29.299036,2026-07-13T07:18:29.311526+00:00,70.2,10,ask,Zhengnan Hua,CostlyCorianders,586787
2026-07-13T07:18:29.299036,2026-07-13T07:18:29.311526+00:00,70.1,6,ask,Kelvin Chan,CostlyCorianders,586788
2026-07-13T07:18:29.299036,2026-07-13T07:18:29.311526+00:00,70.0,1,ask,Scott Bagby,CostlyCorianders,586789
2026-07-13T07:18:29.299036,2026-07-13T07:18:29.316546+00:00,70.0,26,ask,Andy Garg,CostlyCorianders,586790
2026-07-13T07:18:29.851000,2026-07-13T07:18:29.860643+00:00,70.1,6,ask,Kelvin Chan,FlawlessFlatbreads,586804
2026-07-13T07:18:29.851000,2026-07-13T07:18:29.860643+00:00,70.0,44,ask,DiligentDonuts,FlawlessFlatbreads,586805
2026-07-13T07:18:29.883068,2026-07-13T07:18:29.890676+00:00,70.0,41,ask,DiligentDonuts,CostlyCorianders,586806
2026-07-13T07:18:30.986737,2026-07-13T07:18:30.999085+00:00,70.4,2,bid,CostlyCorianders,Scott Bagby,586814
2026-07-13T07:18:30.986737,2026-07-13T07:18:30.999085+00:00,70.4,5,bid,CostlyCorianders,Jessica Xu,586815
2026-07-13T07:18:30.986737,2026-07-13T07:18:30.999085+00:00,70.4,1,bid,CostlyCorianders,Kelvin Chan,586816
2026-07-13T07:18:30.986737,2026-07-13T07:18:30.999085+00:00,70.5,40,bid,CostlyCorianders,DiligentDonuts,586817
2026-07-13T07:18:31.511483,2026-07-13T07:18:31.523105+00:00,70.3,5,ask,Jessica Xu,CostlyCorianders,586827
2026-07-13T07:18:31.511483,2026-07-13T07:18:31.523105+00:00,70.3,10,ask,Zhengnan Hua,CostlyCorianders,586828
2026-07-13T07:18:31.511483,2026-07-13T07:18:31.523105+00:00,70.1,6,ask,Kelvin Chan,CostlyCorianders,586829
2026-07-13T07:18:31.511483,2026-07-13T07:18:31.523105+00:00,70.0,15,ask,DiligentDonuts,CostlyCorianders,586830
2026-07-13T07:18:31.511483,2026-07-13T07:18:31.529099+00:00,70.0,13,ask,EarnestEspressos,CostlyCorianders,586831
2026-07-13T07:18:32.092455,2026-07-13T07:18:32.105443+00:00,70.2,45,bid,CostlyCorianders,DiligentDonuts,586837
2026-07-13T07:18:34.068403,2026-07-13T07:18:34.070049+00:00,70.1,6,ask,Kelvin Chan,FlawlessFlatbreads,586868
2026-07-13T07:18:34.068403,2026-07-13T07:18:34.076502+00:00,70.1,10,ask,Zhengnan Hua,FlawlessFlatbreads,586869
2026-07-13T07:18:34.068403,2026-07-13T07:18:34.076502+00:00,69.9,34,ask,EarnestEspressos,FlawlessFlatbreads,586870
2026-07-13T07:18:34.966691,2026-07-13T07:18:34.974267+00:00,70.0,6,ask,Kelvin Chan,CostlyCorianders,586889
2026-07-13T07:18:34.966691,2026-07-13T07:18:34.974267+00:00,69.9,39,ask,EarnestEspressos,CostlyCorianders,586890
2026-07-13T07:18:35.364256,2026-07-13T07:18:35.368729+00:00,70.0,6,ask,Kelvin Chan,EarnestEspressos,586899
2026-07-13T07:18:35.364256,2026-07-13T07:18:35.368729+00:00,70.0,10,ask,Zhengnan Hua,EarnestEspressos,586900
2026-07-13T07:18:35.393216,2026-07-13T07:18:35.405952+00:00,69.9,6,bid,Kelvin Chan,EarnestEspressos,586901
2026-07-13T07:18:35.414495,2026-07-13T07:18:35.461833+00:00,69.9,3,bid,Tanishq Panjwani,EarnestEspressos,586902
2026-07-13T07:18:35.502980,2026-07-13T07:18:35.559107+00:00,69.9,2,bid,Tanishq Panjwani,EarnestEspressos,586904
2026-07-13T07:18:35.530008,2026-07-13T07:18:35.564135+00:00,69.9,5,bid,Jessica Xu,EarnestEspressos,586907
2026-07-13T07:18:35.534610,2026-07-13T07:18:35.564135+00:00,69.9,2,bid,Jessica Xu,EarnestEspressos,586908
2026-07-13T07:18:35.553221,2026-07-13T07:18:35.564135+00:00,69.9,5,bid,Kelvin Chan,EarnestEspressos,586909
2026-07-13T07:18:36.178815,2026-07-13T07:18:36.190253+00:00,69.8,50,ask,DiligentDonuts,FlawlessFlatbreads,586927
2026-07-13T07:18:36.281161,2026-07-13T07:18:36.292823+00:00,69.9,6,bid,Zhengnan Hua,EarnestEspressos,586932
2026-07-13T07:18:38.286246,2026-07-13T07:18:38.298502+00:00,69.8,10,ask,Zhengnan Hua,FlawlessFlatbreads,586974
2026-07-13T07:18:38.286246,2026-07-13T07:18:38.304502+00:00,69.7,5,ask,Jessica Xu,FlawlessFlatbreads,586975
2026-07-13T07:18:38.286246,2026-07-13T07:18:38.304502+00:00,69.6,1,ask,Scott Bagby,FlawlessFlatbreads,586976
2026-07-13T07:18:38.286246,2026-07-13T07:18:38.304502+00:00,69.6,34,ask,Andy Garg,FlawlessFlatbreads,586977
2026-07-13T07:18:40.401077,2026-07-13T07:18:40.423574+00:00,69.6,10,ask,Zhengnan Hua,FlawlessFlatbreads,587032
2026-07-13T07:18:40.401077,2026-07-13T07:18:40.423574+00:00,69.6,40,ask,Andy Garg,FlawlessFlatbreads,587033
2026-07-13T07:18:42.481075,2026-07-13T07:18:42.497272+00:00,69.8,7,bid,Kelvin Chan,Zhengnan Hua,587073
2026-07-13T07:18:42.507296,2026-07-13T07:18:42.559745+00:00,69.7,10,ask,Zhengnan Hua,FlawlessFlatbreads,587074
2026-07-13T07:18:42.507296,2026-07-13T07:18:42.559745+00:00,69.6,40,ask,DiligentDonuts,FlawlessFlatbreads,587075
2026-07-13T07:18:42.591380,2026-07-13T07:18:42.599963+00:00,69.8,3,bid,Kelvin Chan,Zhengnan Hua,587076
2026-07-13T07:18:43.145613,2026-07-13T07:18:43.152347+00:00,70.0,49,bid,CostlyCorianders,EarnestEspressos,587096
2026-07-13T07:18:44.559171,2026-07-13T07:18:44.581704+00:00,69.9,46,bid,CostlyCorianders,DiligentDonuts,587122
2026-07-13T07:18:44.619437,2026-07-13T07:18:44.636786+00:00,69.8,3,ask,Kelvin Chan,FlawlessFlatbreads,587123
2026-07-13T07:18:44.619437,2026-07-13T07:18:44.636786+00:00,69.6,1,ask,Scott Bagby,FlawlessFlatbreads,587124
2026-07-13T07:18:44.619437,2026-07-13T07:18:44.636786+00:00,69.5,46,ask,EarnestEspressos,FlawlessFlatbreads,587125
2026-07-13T07:18:44.783154,2026-07-13T07:18:44.791152+00:00,69.9,19,bid,Zhengnan Hua,DiligentDonuts,587128
2026-07-13T07:18:44.804989,2026-07-13T07:18:44.809056+00:00,69.8,9,bid,Xuanyu Liu,Zhengnan Hua,587129
2026-07-13T07:18:45.467118,2026-07-13T07:18:45.471729+00:00,69.8,1,bid,Xuanyu Liu,Zhengnan Hua,587149
2026-07-13T07:18:45.476161,2026-07-13T07:18:45.480650+00:00,69.9,16,bid,Xuanyu Liu,DiligentDonuts,587150
2026-07-13T07:18:46.011602,2026-07-13T07:18:46.020868+00:00,69.9,19,bid,Zhengnan Hua,DiligentDonuts,587158
2026-07-13T07:18:46.011602,2026-07-13T07:18:46.020868+00:00,70.1,1,bid,Zhengnan Hua,Kelvin Chan,587159
2026-07-13T07:18:46.011602,2026-07-13T07:18:46.026811+00:00,70.2,1,bid,Zhengnan Hua,Scott Bagby,587160
2026-07-13T07:18:46.011602,2026-07-13T07:18:46.026811+00:00,70.2,54,bid,Zhengnan Hua,EarnestEspressos,587161
2026-07-13T07:18:46.149041,2026-07-13T07:18:46.144241+00:00,69.7,46,ask,EarnestEspressos,CostlyCorianders,587164
2026-07-13T07:18:46.817210,2026-07-13T07:18:46.821458+00:00,69.7,6,ask,EarnestEspressos,Xuanyu Liu,587177
2026-07-13T07:18:47.129141,2026-07-13T07:18:47.171414+00:00,69.7,6,ask,EarnestEspressos,Xuanyu Liu,587185
2026-07-13T07:18:48.780727,2026-07-13T07:18:48.793212+00:00,70.1,10,bid,FlawlessFlatbreads,Zhengnan Hua,587220
2026-07-13T07:18:48.780727,2026-07-13T07:18:48.793212+00:00,70.2,40,bid,FlawlessFlatbreads,DiligentDonuts,587221
2026-07-13T07:18:50.630294,2026-07-13T07:18:50.640052+00:00,70.0,10,bid,DiligentDonuts,Zhengnan Hua,587258
2026-07-13T07:18:50.630294,2026-07-13T07:18:50.640052+00:00,70.1,1,bid,DiligentDonuts,Kelvin Chan,587259
2026-07-13T07:18:50.646816,2026-07-13T07:18:50.651679+00:00,70.1,14,ask,DiligentDonuts,Xuanyu Liu,587260
2026-07-13T07:18:50.696553,2026-07-13T07:18:50.706965+00:00,70.1,1,ask,DiligentDonuts,Kelvin Chan,587261
2026-07-13T07:18:50.861661,2026-07-13T07:18:50.871318+00:00,70.1,42,ask,DiligentDonuts,Zhengnan Hua,587267
2026-07-13T07:18:50.888988,2026-07-13T07:18:50.900972+00:00,70.2,50,bid,FlawlessFlatbreads,EarnestEspressos,587269
2026-07-13T07:18:50.900148,2026-07-13T07:18:50.906840+00:00,70.1,1,ask,DiligentDonuts,Kelvin Chan,587270
2026-07-13T07:18:51.664793,2026-07-13T07:18:51.681247+00:00,70.1,31,ask,DiligentDonuts,Andy Garg,587293
2026-07-13T07:18:51.664793,2026-07-13T07:18:51.681247+00:00,70.1,9,ask,Zhengnan Hua,Andy Garg,587294
2026-07-13T07:18:52.017167,2026-07-13T07:18:52.029577+00:00,70.0,43,ask,EarnestEspressos,CostlyCorianders,587298
2026-07-13T07:18:54.270856,2026-07-13T07:18:54.284382+00:00,70.1,2,bid,CostlyCorianders,Kelvin Chan,587340
2026-07-13T07:18:54.270856,2026-07-13T07:18:54.284382+00:00,70.1,10,bid,CostlyCorianders,Zhengnan Hua,587341
2026-07-13T07:18:54.270856,2026-07-13T07:18:54.284382+00:00,70.2,28,bid,CostlyCorianders,DiligentDonuts,587342
2026-07-13T07:18:54.734874,2026-07-13T07:18:54.749145+00:00,70.1,10,bid,CostlyCorianders,Zhengnan Hua,587357
2026-07-13T07:18:54.734874,2026-07-13T07:18:54.749145+00:00,70.2,32,bid,CostlyCorianders,DiligentDonuts,587358
2026-07-13T07:18:55.097769,2026-07-13T07:18:55.103155+00:00,70.2,40,bid,FlawlessFlatbreads,DiligentDonuts,587363
2026-07-13T07:18:55.097769,2026-07-13T07:18:55.103155+00:00,70.3,10,bid,FlawlessFlatbreads,EarnestEspressos,587364
2026-07-13T07:18:57.208864,2026-07-13T07:18:57.235899+00:00,70.2,10,bid,FlawlessFlatbreads,Zhengnan Hua,587393
2026-07-13T07:18:57.208864,2026-07-13T07:18:57.235899+00:00,70.3,40,bid,FlawlessFlatbreads,EarnestEspressos,587394
2026-07-13T07:18:57.381660,2026-07-13T07:18:57.392899+00:00,70.1,2,bid,CostlyCorianders,Kelvin Chan,587401
2026-07-13T07:18:59.316770,2026-07-13T07:18:59.383107+00:00,70.2,4,bid,FlawlessFlatbreads,Kelvin Chan,587451
2026-07-13T07:18:59.316770,2026-07-13T07:18:59.383107+00:00,70.4,2,bid,FlawlessFlatbreads,Scott Bagby,587452
2026-07-13T07:18:59.316770,2026-07-13T07:18:59.383107+00:00,70.5,44,bid,FlawlessFlatbreads,DiligentDonuts,587453
2026-07-13T07:19:00.603883,2026-07-13T07:19:00.595320+00:00,70.3,1,ask,DiligentDonuts,Zhengnan Hua,587472
2026-07-13T07:19:01.246343,2026-07-13T07:19:01.178473+00:00,70.3,42,ask,DiligentDonuts,CostlyCorianders,587481
2026-07-13T07:19:01.437330,2026-07-13T07:19:01.475537+00:00,70.5,2,bid,FlawlessFlatbreads,Scott Bagby,587497
2026-07-13T07:19:01.437330,2026-07-13T07:19:01.475537+00:00,70.5,10,bid,FlawlessFlatbreads,Zhengnan Hua,587498
2026-07-13T07:19:01.437330,2026-07-13T07:19:01.475537+00:00,70.6,38,bid,FlawlessFlatbreads,Andy Garg,587499
2026-07-13T07:19:01.824921,2026-07-13T07:19:01.869446+00:00,70.3,12,ask,DiligentDonuts,Zhengnan Hua,587512
2026-07-13T07:19:02.729408,2026-07-13T07:19:02.758621+00:00,70.4,10,ask,Zhengnan Hua,CostlyCorianders,587529
2026-07-13T07:19:02.729408,2026-07-13T07:19:02.758621+00:00,70.3,35,ask,DiligentDonuts,CostlyCorianders,587530
2026-07-13T07:19:03.043095,2026-07-13T07:19:03.066481+00:00,70.3,10,ask,DiligentDonuts,Zhengnan Hua,587546
2026-07-13T07:19:03.043095,2026-07-13T07:19:03.066481+00:00,70.2,14,ask,EarnestEspressos,Zhengnan Hua,587547
2026-07-13T07:19:25.961499,2026-07-13T07:19:25.978843+00:00,70.4,1,bid,EarnestEspressos,Scott Bagby,588054
2026-07-13T07:19:25.961499,2026-07-13T07:19:25.978843+00:00,70.5,100,bid,EarnestEspressos,DiligentDonuts,588055
2026-07-13T07:19:25.974686,2026-07-13T07:19:25.978843+00:00,70.6,9,ask,EarnestEspressos,Xuanyu Liu,588058
2026-07-13T07:19:25.977793,2026-07-13T07:19:25.978843+00:00,70.6,40,ask,EarnestEspressos,Tanishq Panjwani,588059
2026-07-13T07:19:26.769347,2026-07-13T07:19:26.774701+00:00,71.0,40,bid,FlawlessFlatbreads,Andy Garg,588082
2026-07-13T07:19:26.769347,2026-07-13T07:19:26.774701+00:00,71.1,10,bid,FlawlessFlatbreads,EarnestEspressos,588083
2026-07-13T07:19:26.889659,2026-07-13T07:19:26.893866+00:00,70.5,1,bid,Xuanyu Liu,Scott Bagby,588090
2026-07-13T07:19:28.961524,2026-07-13T07:19:28.970661+00:00,70.2,50,ask,DiligentDonuts,FlawlessFlatbreads,588142
2026-07-13T07:19:29.188426,2026-07-13T07:19:29.192065+00:00,70.3,8,bid,Xuanyu Liu,EarnestEspressos,588153
2026-07-13T07:19:29.758451,2026-07-13T07:19:29.769208+00:00,70.2,25,ask,DiligentDonuts,Zhengnan Hua,588168
2026-07-13T07:19:30.275743,2026-07-13T07:19:30.287606+00:00,70.3,50,bid,Tanishq Panjwani,EarnestEspressos,588180
2026-07-13T07:19:30.367071,2026-07-13T07:19:30.379468+00:00,70.3,50,bid,Tanishq Panjwani,EarnestEspressos,588183
2026-07-13T07:19:30.462087,2026-07-13T07:19:30.469553+00:00,70.3,42,bid,Tanishq Panjwani,EarnestEspressos,588187
2026-07-13T07:19:31.068410,2026-07-13T07:19:31.080532+00:00,70.2,25,ask,DiligentDonuts,FlawlessFlatbreads,588196
2026-07-13T07:19:31.068410,2026-07-13T07:19:31.080532+00:00,70.2,10,ask,Zhengnan Hua,FlawlessFlatbreads,588197
2026-07-13T07:19:31.068410,2026-07-13T07:19:31.080532+00:00,70.1,15,ask,Andy Garg,FlawlessFlatbreads,588198
2026-07-13T07:19:32.288067,2026-07-13T07:19:32.297417+00:00,70.4,2,bid,Xuanyu Liu,Scott Bagby,588223
2026-07-13T07:19:32.288067,2026-07-13T07:19:32.297417+00:00,70.4,100,bid,EarnestEspressos,DiligentDonuts,588224
2026-07-13T07:19:32.303818,2026-07-13T07:19:32.308889+00:00,70.5,9,ask,EarnestEspressos,Xuanyu Liu,588225
2026-07-13T07:19:32.324726,2026-07-13T07:19:32.334963+00:00,70.5,39,ask,EarnestEspressos,Tanishq Panjwani,588228
2026-07-13T07:19:32.579613,2026-07-13T07:19:32.586586+00:00,70.9,40,bid,CostlyCorianders,Andy Garg,588233
2026-07-13T07:19:32.579613,2026-07-13T07:19:32.591590+00:00,71.0,7,bid,CostlyCorianders,EarnestEspressos,588234
2026-07-13T07:19:32.960338,2026-07-13T07:19:32.964425+00:00,70.4,2,bid,EarnestEspressos,Scott Bagby,588247
2026-07-13T07:19:33.207372,2026-07-13T07:19:33.215315+00:00,70.1,3,ask,Kelvin Chan,FlawlessFlatbreads,588249
2026-07-13T07:19:33.207372,2026-07-13T07:19:33.220652+00:00,70.1,40,ask,Andy Garg,FlawlessFlatbreads,588250
2026-07-13T07:19:33.207372,2026-07-13T07:19:33.220652+00:00,69.9,7,ask,DiligentDonuts,FlawlessFlatbreads,588251
2026-07-13T07:19:33.699190,2026-07-13T07:19:33.711001+00:00,70.1,10,ask,Zhengnan Hua,CostlyCorianders,588255
2026-07-13T07:19:33.699190,2026-07-13T07:19:33.711001+00:00,70.0,36,ask,Andy Garg,CostlyCorianders,588256
2026-07-13T07:19:35.185541,2026-07-13T07:19:35.189911+00:00,70.4,3,bid,Xuanyu Liu,Kelvin Chan,588284
2026-07-13T07:19:35.511263,2026-07-13T07:19:35.516420+00:00,70.4,4,bid,Xuanyu Liu,EarnestEspressos,588296
2026-07-13T07:19:37.369798,2026-07-13T07:19:37.379852+00:00,70.4,50,bid,FlawlessFlatbreads,EarnestEspressos,588333
2026-07-13T07:19:39.476475,2026-07-13T07:19:39.488597+00:00,70.4,2,bid,FlawlessFlatbreads,Kelvin Chan,588368
2026-07-13T07:19:39.476475,2026-07-13T07:19:39.488597+00:00,70.4,1,bid,FlawlessFlatbreads,Scott Bagby,588369
2026-07-13T07:19:39.476475,2026-07-13T07:19:39.488597+00:00,70.5,40,bid,FlawlessFlatbreads,Andy Garg,588370
2026-07-13T07:19:39.476475,2026-07-13T07:19:39.488597+00:00,70.7,7,bid,FlawlessFlatbreads,DiligentDonuts,588371
2026-07-13T07:19:41.624495,2026-07-13T07:19:41.663661+00:00,70.4,1,bid,FlawlessFlatbreads,Kelvin Chan,588421
2026-07-13T07:19:41.624495,2026-07-13T07:19:41.663661+00:00,70.6,40,bid,FlawlessFlatbreads,Andy Garg,588422
2026-07-13T07:19:41.624495,2026-07-13T07:19:41.663661+00:00,70.6,9,bid,FlawlessFlatbreads,DiligentDonuts,588423
2026-07-13T07:19:43.737053,2026-07-13T07:19:43.763683+00:00,70.4,2,bid,FlawlessFlatbreads,Scott Bagby,588468
2026-07-13T07:19:43.737053,2026-07-13T07:19:43.763683+00:00,70.6,48,bid,FlawlessFlatbreads,DiligentDonuts,588469
2026-07-13T07:19:44.009082,2026-07-13T07:19:44.017891+00:00,70.2,10,ask,Zhengnan Hua,CostlyCorianders,588473
2026-07-13T07:19:44.659753,2026-07-13T07:19:44.679301+00:00,70.4,1,bid,CostlyCorianders,Kelvin Chan,588493
2026-07-13T07:19:44.659753,2026-07-13T07:19:44.679301+00:00,70.6,40,bid,CostlyCorianders,EarnestEspressos,588494
2026-07-13T07:19:45.165492,2026-07-13T07:19:45.176282+00:00,70.2,3,ask,Zhengnan Hua,Benjamin Lu,588511
2026-07-13T07:19:45.223361,2026-07-13T07:19:45.235047+00:00,70.3,2,bid,CostlyCorianders,Scott Bagby,588513
2026-07-13T07:19:45.510345,2026-07-13T07:19:45.559136+00:00,70.3,10,ask,Zhengnan Hua,Tanishq Panjwani,588518
2026-07-13T07:19:45.864672,2026-07-13T07:19:45.874460+00:00,70.5,10,bid,FlawlessFlatbreads,Zhengnan Hua,588522
2026-07-13T07:19:45.864672,2026-07-13T07:19:45.874460+00:00,70.6,40,bid,FlawlessFlatbreads,Andy Garg,588523
2026-07-13T07:19:47.346277,2026-07-13T07:19:47.350393+00:00,70.4,9,ask,Zhengnan Hua,Xuanyu Liu,588574
2026-07-13T07:19:47.366027,2026-07-13T07:19:47.376594+00:00,70.4,1,ask,Zhengnan Hua,Tanishq Panjwani,588576
2026-07-13T07:19:47.936127,2026-07-13T07:19:47.947223+00:00,70.4,10,ask,Zhengnan Hua,Tanishq Panjwani,588590
2026-07-13T07:19:47.973382,2026-07-13T07:19:47.982991+00:00,70.5,10,bid,FlawlessFlatbreads,Zhengnan Hua,588591
2026-07-13T07:19:47.973382,2026-07-13T07:19:47.982991+00:00,70.6,40,bid,FlawlessFlatbreads,EarnestEspressos,588592
2026-07-13T07:19:48.197214,2026-07-13T07:19:48.205402+00:00,70.4,50,ask,EarnestEspressos,Tanishq Panjwani,588605
2026-07-13T07:19:48.197614,2026-07-13T07:19:48.210638+00:00,70.4,21,ask,EarnestEspressos,Benjamin Lu,588606
2026-07-13T07:19:48.300739,2026-07-13T07:19:48.311220+00:00,70.4,50,ask,EarnestEspressos,Tanishq Panjwani,588608
2026-07-13T07:19:48.393869,2026-07-13T07:19:48.402820+00:00,70.4,5,ask,EarnestEspressos,Tanishq Panjwani,588610
2026-07-13T07:19:48.397493,2026-07-13T07:19:48.408143+00:00,70.4,24,ask,EarnestEspressos,Dinh Nguyen,588611
2026-07-13T07:19:49.161153,2026-07-13T07:19:49.165079+00:00,70.4,6,bid,Xuanyu Liu,Zhengnan Hua,588626
2026-07-13T07:19:49.224584,2026-07-13T07:19:49.227227+00:00,70.3,10,ask,Zhengnan Hua,CostlyCorianders,588631
2026-07-13T07:19:49.224584,2026-07-13T07:19:49.227227+00:00,70.2,31,ask,DiligentDonuts,CostlyCorianders,588632
2026-07-13T07:19:49.771112,2026-07-13T07:19:49.774868+00:00,70.4,3,bid,Xuanyu Liu,Zhengnan Hua,588637
2026-07-13T07:19:50.107731,2026-07-13T07:19:50.116034+00:00,70.4,1,bid,FlawlessFlatbreads,Zhengnan Hua,588646
2026-07-13T07:19:50.107731,2026-07-13T07:19:50.116034+00:00,70.5,2,bid,FlawlessFlatbreads,Scott Bagby,588647
2026-07-13T07:19:50.107731,2026-07-13T07:19:50.121650+00:00,70.5,1,bid,FlawlessFlatbreads,Kelvin Chan,588648
2026-07-13T07:19:50.107731,2026-07-13T07:19:50.121650+00:00,70.7,46,bid,FlawlessFlatbreads,DiligentDonuts,588649
2026-07-13T07:19:50.734351,2026-07-13T07:19:50.730915+00:00,70.6,10,bid,CostlyCorianders,Zhengnan Hua,588668
2026-07-13T07:19:50.734351,2026-07-13T07:19:50.730915+00:00,70.7,33,bid,CostlyCorianders,DiligentDonuts,588669
2026-07-13T07:19:50.845685,2026-07-13T07:19:50.849644+00:00,70.5,9,ask,DiligentDonuts,Xuanyu Liu,588671
2026-07-13T07:19:50.984187,2026-07-13T07:19:50.988653+00:00,70.5,5,ask,DiligentDonuts,Xuanyu Liu,588673
2026-07-13T07:19:51.063537,2026-07-13T07:19:51.071920+00:00,70.5,5,ask,DiligentDonuts,Sebastian Baldwin,588676
2026-07-13T07:19:51.104324,2026-07-13T07:19:51.115896+00:00,70.5,2,ask,DiligentDonuts,Scott Bagby,588679
2026-07-13T07:19:51.119865,2026-07-13T07:19:51.131664+00:00,70.5,2,ask,DiligentDonuts,Scott Bagby,588681
2026-07-13T07:19:51.259498,2026-07-13T07:19:51.264481+00:00,70.5,6,ask,DiligentDonuts,Xuanyu Liu,588684
2026-07-13T07:19:51.323076,2026-07-13T07:19:51.347896+00:00,70.5,71,ask,DiligentDonuts,EarnestEspressos,588685
2026-07-13T07:19:51.323076,2026-07-13T07:19:51.347896+00:00,70.4,10,ask,Zhengnan Hua,EarnestEspressos,588686
2026-07-13T07:19:51.343025,2026-07-13T07:19:51.347896+00:00,70.3,20,bid,Xuanyu Liu,EarnestEspressos,588690
2026-07-13T07:19:51.722523,2026-07-13T07:19:51.734203+00:00,70.2,40,ask,Andy Garg,CostlyCorianders,588698
2026-07-13T07:19:51.722523,2026-07-13T07:19:51.734203+00:00,70.2,5,ask,Zhengnan Hua,CostlyCorianders,588699
2026-07-13T07:19:52.221237,2026-07-13T07:19:52.230569+00:00,70.3,49,bid,FlawlessFlatbreads,EarnestEspressos,588707
2026-07-13T07:19:52.221237,2026-07-13T07:19:52.230569+00:00,70.3,1,bid,FlawlessFlatbreads,Zhengnan Hua,588708
2026-07-13T07:19:52.226376,2026-07-13T07:19:52.235857+00:00,70.3,1,bid,Benjamin Lu,Zhengnan Hua,588709
2026-07-13T07:19:52.565054,2026-07-13T07:19:52.571381+00:00,70.3,8,bid,Tanishq Panjwani,Zhengnan Hua,588725
2026-07-13T07:19:52.654346,2026-07-13T07:19:52.668640+00:00,70.5,1,bid,Andy Garg,Kelvin Chan,588735
2026-07-13T07:19:53.240413,2026-07-13T07:19:53.264079+00:00,70.5,2,bid,Benjamin Lu,Kelvin Chan,588744
2026-07-13T07:19:54.254573,2026-07-13T07:19:54.263899+00:00,70.5,2,bid,Benjamin Lu,Kelvin Chan,588771
2026-07-13T07:19:54.254573,2026-07-13T07:19:54.263899+00:00,70.5,10,bid,Benjamin Lu,Zhengnan Hua,588772
2026-07-13T07:19:54.331929,2026-07-13T07:19:54.369673+00:00,70.6,2,bid,FlawlessFlatbreads,Scott Bagby,588773
2026-07-13T07:19:54.331929,2026-07-13T07:19:54.369673+00:00,70.9,48,bid,FlawlessFlatbreads,DiligentDonuts,588774
2026-07-13T07:19:54.465639,2026-07-13T07:19:54.469393+00:00,70.7,9,ask,EarnestEspressos,Xuanyu Liu,588778
2026-07-13T07:19:54.500520,2026-07-13T07:19:54.564353+00:00,70.7,8,ask,EarnestEspressos,Tanishq Panjwani,588781
2026-07-13T07:19:55.079659,2026-07-13T07:19:55.087820+00:00,70.7,5,ask,EarnestEspressos,Sebastian Baldwin,588796
2026-07-13T07:19:55.274077,2026-07-13T07:19:55.295258+00:00,70.7,8,ask,EarnestEspressos,Benjamin Lu,588803
2026-07-13T07:19:56.441383,2026-07-13T07:19:56.463695+00:00,70.9,50,bid,FlawlessFlatbreads,DiligentDonuts,588824
2026-07-13T07:19:57.000270,2026-07-13T07:19:57.006912+00:00,70.9,2,bid,CostlyCorianders,DiligentDonuts,588831
2026-07-13T07:19:57.000270,2026-07-13T07:19:57.012388+00:00,71.1,40,bid,CostlyCorianders,Andy Garg,588832
2026-07-13T07:19:57.616922,2026-07-13T07:19:57.625680+00:00,70.8,45,ask,DiligentDonuts,CostlyCorianders,588855
2026-07-13T07:19:57.666597,2026-07-13T07:19:57.670733+00:00,70.9,5,ask,Zhengnan Hua,Xuanyu Liu,588856
2026-07-13T07:19:57.892365,2026-07-13T07:19:57.896396+00:00,70.9,5,ask,Zhengnan Hua,Xuanyu Liu,588867
2026-07-13T07:19:58.099231,2026-07-13T07:19:58.107156+00:00,70.8,5,ask,DiligentDonuts,Sebastian Baldwin,588873
2026-07-13T07:19:58.293256,2026-07-13T07:19:58.303675+00:00,70.8,6,ask,DiligentDonuts,Benjamin Lu,588881
2026-07-13T07:19:58.571967,2026-07-13T07:19:58.579975+00:00,71.1,2,bid,FlawlessFlatbreads,Scott Bagby,588882
2026-07-13T07:19:58.572183,2026-07-13T07:19:58.584981+00:00,70.8,25,ask,DiligentDonuts,Dinh Nguyen,588883
2026-07-13T07:19:58.617530,2026-07-13T07:19:58.626814+00:00,70.8,1,ask,DiligentDonuts,Kelvin Chan,588884
2026-07-13T07:19:58.859938,2026-07-13T07:19:58.864552+00:00,70.9,1,ask,Zhengnan Hua,Xuanyu Liu,588888
2026-07-13T07:19:59.020674,2026-07-13T07:19:59.032288+00:00,70.9,1,ask,Zhengnan Hua,Kelvin Chan,588889
2026-07-13T07:19:59.114680,2026-07-13T07:19:59.126169+00:00,70.9,8,ask,Zhengnan Hua,Sebastian Baldwin,588896
2026-07-13T07:19:59.315181,2026-07-13T07:19:59.298506+00:00,71.1,10,bid,CostlyCorianders,Zhengnan Hua,588902
2026-07-13T07:19:59.315181,2026-07-13T07:19:59.298506+00:00,71.2,36,bid,CostlyCorianders,EarnestEspressos,588903
2026-07-13T07:19:59.525984,2026-07-13T07:19:59.498468+00:00,70.8,1,ask,DiligentDonuts,Kelvin Chan,588906
2026-07-13T07:19:59.561516,2026-07-13T07:19:59.570865+00:00,70.8,1,ask,DiligentDonuts,Kelvin Chan,588907
2026-07-13T07:19:59.664411,2026-07-13T07:19:59.673625+00:00,70.8,1,ask,DiligentDonuts,Kelvin Chan,588908
2026-07-13T07:19:59.699294,2026-07-13T07:19:59.710827+00:00,70.8,1,ask,DiligentDonuts,Kelvin Chan,588909
2026-07-13T07:19:59.727380,2026-07-13T07:19:59.738487+00:00,70.8,1,ask,DiligentDonuts,Kelvin Chan,588910
2026-07-13T07:19:59.781376,2026-07-13T07:19:59.790304+00:00,70.8,1,ask,DiligentDonuts,Kelvin Chan,588911
2026-07-13T07:20:00.062272,2026-07-13T07:20:00.079908+00:00,70.8,10,ask,DiligentDonuts,Zhengnan Hua,588918
2026-07-13T07:20:00.075245,2026-07-13T07:20:00.079908+00:00,70.9,10,ask,Zhengnan Hua,Xuanyu Liu,588919
2026-07-13T07:20:00.091499,2026-07-13T07:20:00.100645+00:00,70.8,1,ask,DiligentDonuts,Kelvin Chan,588921
2026-07-13T07:20:00.126579,2026-07-13T07:20:00.138722+00:00,70.7,5,ask,EarnestEspressos,Sebastian Baldwin,588922
2026-07-13T07:20:00.201565,2026-07-13T07:20:00.205990+00:00,70.8,1,bid,Xuanyu Liu,Kelvin Chan,588924
2026-07-13T07:20:00.603530,2026-07-13T07:20:00.610293+00:00,70.7,2,ask,EarnestEspressos,Dinh Nguyen,588932
2026-07-13T07:20:00.878410,2026-07-13T07:20:00.889585+00:00,70.9,2,bid,CostlyCorianders,Scott Bagby,588943
2026-07-13T07:20:00.878410,2026-07-13T07:20:00.889585+00:00,70.9,47,bid,CostlyCorianders,DiligentDonuts,588944
2026-07-13T07:20:01.070111,2026-07-13T07:20:01.074612+00:00,70.8,1,bid,Xuanyu Liu,Kelvin Chan,588949
2026-07-13T07:20:01.140460,2026-07-13T07:20:01.168778+00:00,70.7,5,ask,EarnestEspressos,Sebastian Baldwin,588951
2026-07-13T07:20:01.849628,2026-07-13T07:20:01.868719+00:00,70.7,25,ask,EarnestEspressos,Dinh Nguyen,588954
2026-07-13T07:20:02.154244,2026-07-13T07:20:02.166068+00:00,70.7,5,ask,EarnestEspressos,Sebastian Baldwin,588965
2026-07-13T07:20:02.364506,2026-07-13T07:20:02.374165+00:00,70.7,2,ask,EarnestEspressos,Dinh Nguyen,588972
2026-07-13T07:20:02.877865,2026-07-13T07:20:02.886491+00:00,70.7,50,ask,EarnestEspressos,FlawlessFlatbreads,588974
2026-07-13T07:20:03.037797,2026-07-13T07:20:03.042379+00:00,70.9,2,bid,Xuanyu Liu,DiligentDonuts,588982
2026-07-13T07:20:03.107697,2026-07-13T07:20:03.111908+00:00,70.8,1,bid,Xuanyu Liu,Kelvin Chan,588988
2026-07-13T07:20:03.170045,2026-07-13T07:20:03.181308+00:00,70.7,5,ask,EarnestEspressos,Sebastian Baldwin,588989
2026-07-13T07:20:03.285870,2026-07-13T07:20:03.289897+00:00,70.8,2,bid,Xuanyu Liu,Scott Bagby,588992
2026-07-13T07:20:03.351650,2026-07-13T07:20:03.358160+00:00,70.7,48,ask,EarnestEspressos,CostlyCorianders,588993
2026-07-13T07:20:03.599503,2026-07-13T07:20:03.608858+00:00,70.7,10,ask,EarnestEspressos,Dinh Nguyen,588995
2026-07-13T07:20:03.981781,2026-07-13T07:20:03.996597+00:00,70.6,10,ask,Zhengnan Hua,EarnestEspressos,588999
2026-07-13T07:20:03.992434,2026-07-13T07:20:03.996597+00:00,70.6,23,bid,Xuanyu Liu,EarnestEspressos,589001
2026-07-13T07:20:04.117549,2026-07-13T07:20:04.129146+00:00,70.5,2,ask,Andy Garg,Dinh Nguyen,589003
2026-07-13T07:20:04.322459,2026-07-13T07:20:04.363936+00:00,70.6,1,bid,Benjamin Lu,EarnestEspressos,589013
2026-07-13T07:20:04.414682,2026-07-13T07:20:04.464165+00:00,70.6,40,bid,Andy Garg,EarnestEspressos,589018
2026-07-13T07:20:04.847594,2026-07-13T07:20:04.863627+00:00,70.5,42,ask,DiligentDonuts,CostlyCorianders,589029
2026-07-13T07:20:04.949982,2026-07-13T07:20:04.963666+00:00,70.6,3,bid,Zhengnan Hua,EarnestEspressos,589031
2026-07-13T07:20:04.985019,2026-07-13T07:20:04.994389+00:00,70.5,50,ask,DiligentDonuts,FlawlessFlatbreads,589032
2026-07-13T07:20:05.336788,2026-07-13T07:20:05.347922+00:00,70.6,20,bid,Benjamin Lu,EarnestEspressos,589038
2026-07-13T07:20:05.865970,2026-07-13T07:20:05.878639+00:00,70.6,49,bid,CostlyCorianders,EarnestEspressos,589045
2026-07-13T07:20:06.403360,2026-07-13T07:20:06.415469+00:00,70.6,4,bid,CostlyCorianders,EarnestEspressos,589055
2026-07-13T07:20:06.403360,2026-07-13T07:20:06.415469+00:00,70.6,10,bid,CostlyCorianders,Zhengnan Hua,589056
2026-07-13T07:20:06.403360,2026-07-13T07:20:06.415469+00:00,70.8,1,bid,CostlyCorianders,Kelvin Chan,589057
2026-07-13T07:20:06.403360,2026-07-13T07:20:06.421025+00:00,70.9,1,bid,CostlyCorianders,Scott Bagby,589058
2026-07-13T07:20:07.101642,2026-07-13T07:20:07.111334+00:00,70.8,1,bid,EarnestEspressos,Kelvin Chan,589068
2026-07-13T07:20:07.101852,2026-07-13T07:20:07.111334+00:00,70.8,50,ask,EarnestEspressos,FlawlessFlatbreads,589069
2026-07-13T07:20:07.112699,2026-07-13T07:20:07.116686+00:00,70.8,9,ask,EarnestEspressos,Xuanyu Liu,589070
2026-07-13T07:20:07.127195,2026-07-13T07:20:07.137295+00:00,70.8,1,ask,EarnestEspressos,Kelvin Chan,589071
2026-07-13T07:20:07.162201,2026-07-13T07:20:07.171760+00:00,70.8,1,ask,EarnestEspressos,Kelvin Chan,589072
2026-07-13T07:20:07.194243,2026-07-13T07:20:07.203008+00:00,70.8,1,ask,EarnestEspressos,Kelvin Chan,589076
2026-07-13T07:20:07.199175,2026-07-13T07:20:07.208004+00:00,70.8,2,ask,EarnestEspressos,Benjamin Lu,589077
2026-07-13T07:20:07.309190,2026-07-13T07:20:07.320310+00:00,70.8,1,ask,EarnestEspressos,Kelvin Chan,589081
2026-07-13T07:20:07.355954,2026-07-13T07:20:07.354768+00:00,70.8,2,ask,EarnestEspressos,Sebastian Baldwin,589083
2026-07-13T07:20:07.405063,2026-07-13T07:20:07.413118+00:00,70.8,1,ask,EarnestEspressos,Kelvin Chan,589084
2026-07-13T07:20:07.470759,2026-07-13T07:20:07.480851+00:00,70.8,1,ask,EarnestEspressos,Kelvin Chan,589085
2026-07-13T07:20:07.814537,2026-07-13T07:20:07.822405+00:00,70.8,25,ask,EarnestEspressos,Dinh Nguyen,589088
2026-07-13T07:20:08.211209,2026-07-13T07:20:08.223033+00:00,70.8,5,ask,EarnestEspressos,Sebastian Baldwin,589095
2026-07-13T07:20:08.339551,2026-07-13T07:20:08.351166+00:00,70.8,2,ask,EarnestEspressos,Dinh Nguyen,589101
2026-07-13T07:20:08.369967,2026-07-13T07:20:08.381729+00:00,70.8,18,ask,EarnestEspressos,Benjamin Lu,589103
2026-07-13T07:20:08.406249,2026-07-13T07:20:08.413278+00:00,70.8,1,ask,EarnestEspressos,Kelvin Chan,589104
2026-07-13T07:20:09.211871,2026-07-13T07:20:09.223271+00:00,70.8,29,ask,EarnestEspressos,FlawlessFlatbreads,589121
2026-07-13T07:20:09.211871,2026-07-13T07:20:09.223271+00:00,70.8,10,ask,Zhengnan Hua,FlawlessFlatbreads,589122
2026-07-13T07:20:09.211871,2026-07-13T07:20:09.223271+00:00,70.4,4,ask,Kelvin Chan,FlawlessFlatbreads,589123
2026-07-13T07:20:09.211871,2026-07-13T07:20:09.223271+00:00,70.4,7,ask,Andy Garg,FlawlessFlatbreads,589124
2026-07-13T07:20:09.340905,2026-07-13T07:20:09.363771+00:00,70.4,33,ask,Andy Garg,CostlyCorianders,589126
2026-07-13T07:20:09.340905,2026-07-13T07:20:09.363771+00:00,70.4,11,ask,DiligentDonuts,CostlyCorianders,589127
2026-07-13T07:20:10.323005,2026-07-13T07:20:10.336627+00:00,70.6,10,ask,Zhengnan Hua,EarnestEspressos,589148
2026-07-13T07:20:10.368215,2026-07-13T07:20:10.372146+00:00,70.6,9,bid,Xuanyu Liu,EarnestEspressos,589156
2026-07-13T07:20:10.535418,2026-07-13T07:20:10.563654+00:00,70.6,45,bid,CostlyCorianders,EarnestEspressos,589161
2026-07-13T07:20:10.816585,2026-07-13T07:20:10.828689+00:00,70.5,2,ask,Kelvin Chan,Dinh Nguyen,589165
2026-07-13T07:20:11.077171,2026-07-13T07:20:11.086637+00:00,70.5,2,ask,Kelvin Chan,CostlyCorianders,589174
2026-07-13T07:20:11.077171,2026-07-13T07:20:11.086637+00:00,70.5,10,ask,Zhengnan Hua,CostlyCorianders,589175
2026-07-13T07:20:11.077171,2026-07-13T07:20:11.092101+00:00,70.3,1,ask,Scott Bagby,CostlyCorianders,589176
2026-07-13T07:20:11.077171,2026-07-13T07:20:11.092101+00:00,70.2,27,ask,DiligentDonuts,CostlyCorianders,589177
2026-07-13T07:20:11.340393,2026-07-13T07:20:11.363982+00:00,70.2,50,ask,DiligentDonuts,FlawlessFlatbreads,589186
2026-07-13T07:20:11.621645,2026-07-13T07:20:11.658613+00:00,70.6,43,bid,CostlyCorianders,EarnestEspressos,589194
2026-07-13T07:20:12.251204,2026-07-13T07:20:12.264290+00:00,70.6,1,bid,Zhengnan Hua,EarnestEspressos,589202
2026-07-13T07:20:12.799455,2026-07-13T07:20:12.868727+00:00,70.5,2,ask,Kelvin Chan,CostlyCorianders,589219
2026-07-13T07:20:12.799455,2026-07-13T07:20:12.868727+00:00,70.3,20,ask,Thomas Lee,CostlyCorianders,589220
2026-07-13T07:20:12.799455,2026-07-13T07:20:12.868727+00:00,70.3,1,ask,Scott Bagby,CostlyCorianders,589221
2026-07-13T07:20:12.799455,2026-07-13T07:20:12.868727+00:00,70.2,19,ask,DiligentDonuts,CostlyCorianders,589222
2026-07-13T07:20:13.039536,2026-07-13T07:20:13.058866+00:00,70.4,3,ask,Kelvin Chan,DiligentDonuts,589223
2026-07-13T07:20:13.062245,2026-07-13T07:20:13.068704+00:00,70.4,3,bid,Kelvin Chan,DiligentDonuts,589224
2026-07-13T07:20:13.097515,2026-07-13T07:20:13.107094+00:00,70.4,50,bid,Tanishq Panjwani,DiligentDonuts,589225
2026-07-13T07:20:13.104993,2026-07-13T07:20:13.112346+00:00,70.4,3,bid,Kelvin Chan,DiligentDonuts,589226
2026-07-13T07:20:13.130518,2026-07-13T07:20:13.138480+00:00,70.4,3,bid,Kelvin Chan,DiligentDonuts,589229
2026-07-13T07:20:13.178146,2026-07-13T07:20:13.185945+00:00,70.4,2,bid,Kelvin Chan,DiligentDonuts,589230
2026-07-13T07:20:13.195707,2026-07-13T07:20:13.207289+00:00,70.4,36,bid,Tanishq Panjwani,DiligentDonuts,589231
2026-07-13T07:20:13.449432,2026-07-13T07:20:13.458610+00:00,70.5,50,ask,EarnestEspressos,FlawlessFlatbreads,589234
2026-07-13T07:20:14.258370,2026-07-13T07:20:14.270614+00:00,70.7,10,bid,CostlyCorianders,Zhengnan Hua,589246
2026-07-13T07:20:14.258370,2026-07-13T07:20:14.270614+00:00,70.8,1,bid,CostlyCorianders,Kelvin Chan,589247
2026-07-13T07:20:14.258370,2026-07-13T07:20:14.270614+00:00,70.8,1,bid,CostlyCorianders,Scott Bagby,589248
2026-07-13T07:20:14.258370,2026-07-13T07:20:14.275616+00:00,70.8,28,bid,CostlyCorianders,Andy Garg,589249
2026-07-13T07:20:14.494529,2026-07-13T07:20:14.564148+00:00,70.5,2,ask,EarnestEspressos,Dinh Nguyen,589258
2026-07-13T07:20:14.682811,2026-07-13T07:20:14.686547+00:00,70.6,9,ask,Zhengnan Hua,Xuanyu Liu,589265
2026-07-13T07:20:14.730090,2026-07-13T07:20:14.738020+00:00,70.6,1,ask,Zhengnan Hua,Tanishq Panjwani,589268
2026-07-13T07:20:14.837014,2026-07-13T07:20:14.858668+00:00,70.5,42,ask,EarnestEspressos,CostlyCorianders,589277
2026-07-13T07:20:15.433109,2026-07-13T07:20:15.464223+00:00,70.7,10,bid,CostlyCorianders,Zhengnan Hua,589288
2026-07-13T07:20:15.433109,2026-07-13T07:20:15.464223+00:00,70.8,20,bid,CostlyCorianders,Thomas Lee,589289
2026-07-13T07:20:15.433109,2026-07-13T07:20:15.464223+00:00,70.8,1,bid,CostlyCorianders,Scott Bagby,589290
2026-07-13T07:20:15.433109,2026-07-13T07:20:15.464223+00:00,70.9,9,bid,CostlyCorianders,Andy Garg,589291
2026-07-13T07:20:15.506060,2026-07-13T07:20:15.518199+00:00,70.9,31,bid,FlawlessFlatbreads,Andy Garg,589293
2026-07-13T07:20:15.506060,2026-07-13T07:20:15.518199+00:00,71.0,19,bid,FlawlessFlatbreads,EarnestEspressos,589294
2026-07-13T07:20:15.707765,2026-07-13T07:20:15.718418+00:00,70.5,2,ask,EarnestEspressos,Dinh Nguyen,589298
2026-07-13T07:20:16.926578,2026-07-13T07:20:16.938400+00:00,70.4,2,ask,Kelvin Chan,Dinh Nguyen,589332
2026-07-13T07:20:17.613580,2026-07-13T07:20:17.618271+00:00,70.6,6,bid,Xuanyu Liu,DiligentDonuts,589352
2026-07-13T07:20:17.617214,2026-07-13T07:20:17.633928+00:00,70.6,50,bid,FlawlessFlatbreads,DiligentDonuts,589353
2026-07-13T07:20:18.805305,2026-07-13T07:20:18.809295+00:00,70.6,3,bid,Xuanyu Liu,DiligentDonuts,589387
2026-07-13T07:20:19.723086,2026-07-13T07:20:19.734895+00:00,70.6,10,bid,FlawlessFlatbreads,Zhengnan Hua,589405
2026-07-13T07:20:19.723086,2026-07-13T07:20:19.734895+00:00,70.7,2,bid,FlawlessFlatbreads,Kelvin Chan,589406
2026-07-13T07:20:21.110602,2026-07-13T07:20:21.122549+00:00,70.6,10,bid,CostlyCorianders,Zhengnan Hua,589428
2026-07-13T07:20:21.469509,2026-07-13T07:20:21.473362+00:00,70.5,10,ask,Zhengnan Hua,Tanishq Panjwani,589444
2026-07-13T07:20:21.899547,2026-07-13T07:20:21.911154+00:00,70.4,1,ask,DiligentDonuts,Dinh Nguyen,589456
2026-07-13T07:20:21.899547,2026-07-13T07:20:21.911154+00:00,70.4,1,ask,Kelvin Chan,Dinh Nguyen,589457
2026-07-13T07:20:21.981373,2026-07-13T07:20:21.985215+00:00,70.5,9,ask,Zhengnan Hua,Xuanyu Liu,589458
2026-07-13T07:20:22.039365,2026-07-13T07:20:22.046847+00:00,70.5,1,ask,Zhengnan Hua,Tanishq Panjwani,589460
2026-07-13T07:20:22.735870,2026-07-13T07:20:22.739921+00:00,70.6,9,bid,Xuanyu Liu,Zhengnan Hua,589469
2026-07-13T07:20:23.419703,2026-07-13T07:20:23.429553+00:00,70.6,1,bid,Benjamin Lu,Zhengnan Hua,589492
2026-07-13T07:20:23.940353,2026-07-13T07:20:23.958630+00:00,70.6,9,bid,FlawlessFlatbreads,Zhengnan Hua,589500
2026-07-13T07:20:23.940353,2026-07-13T07:20:23.958630+00:00,70.7,2,bid,FlawlessFlatbreads,Kelvin Chan,589501
2026-07-13T07:20:23.940353,2026-07-13T07:20:23.958630+00:00,70.7,39,bid,FlawlessFlatbreads,DiligentDonuts,589502
2026-07-13T07:20:26.069421,2026-07-13T07:20:26.079606+00:00,70.7,2,bid,FlawlessFlatbreads,Kelvin Chan,589568
2026-07-13T07:20:26.069421,2026-07-13T07:20:26.079606+00:00,70.7,10,bid,FlawlessFlatbreads,Zhengnan Hua,589569
2026-07-13T07:20:26.069421,2026-07-13T07:20:26.079606+00:00,70.9,1,bid,FlawlessFlatbreads,Scott Bagby,589570
2026-07-13T07:20:26.069421,2026-07-13T07:20:26.084877+00:00,71.1,37,bid,FlawlessFlatbreads,DiligentDonuts,589571
2026-07-13T07:20:28.264533,2026-07-13T07:20:28.274039+00:00,70.6,50,ask,DiligentDonuts,FlawlessFlatbreads,589625
2026-07-13T07:20:30.371300,2026-07-13T07:20:30.383305+00:00,70.5,50,ask,DiligentDonuts,FlawlessFlatbreads,589664
2026-07-13T07:20:32.501271,2026-07-13T07:20:32.511874+00:00,70.5,10,ask,Zhengnan Hua,FlawlessFlatbreads,589704
2026-07-13T07:20:32.501271,2026-07-13T07:20:32.511874+00:00,70.4,2,ask,Kelvin Chan,FlawlessFlatbreads,589705
2026-07-13T07:20:32.501271,2026-07-13T07:20:32.511874+00:00,70.4,38,ask,DiligentDonuts,FlawlessFlatbreads,589706
2026-07-13T07:20:33.996238,2026-07-13T07:20:34.008494+00:00,70.4,49,ask,DiligentDonuts,CostlyCorianders,589728
2026-07-13T07:20:34.610707,2026-07-13T07:20:34.619263+00:00,70.5,10,ask,Zhengnan Hua,FlawlessFlatbreads,589739
2026-07-13T07:20:34.610707,2026-07-13T07:20:34.619263+00:00,70.4,13,ask,DiligentDonuts,FlawlessFlatbreads,589740
2026-07-13T07:20:34.610707,2026-07-13T07:20:34.624657+00:00,70.4,3,ask,Kelvin Chan,FlawlessFlatbreads,589741
2026-07-13T07:20:34.610707,2026-07-13T07:20:34.624657+00:00,70.4,24,ask,Andy Garg,FlawlessFlatbreads,589742
2026-07-13T07:20:35.338176,2026-07-13T07:20:35.344684+00:00,70.5,2,bid,Zhengnan Hua,DiligentDonuts,589760
2026-07-13T07:20:35.458625,2026-07-13T07:20:35.465354+00:00,70.5,20,bid,Benjamin Lu,DiligentDonuts,589763
2026-07-13T07:20:35.516609,2026-07-13T07:20:35.529437+00:00,70.5,41,bid,CostlyCorianders,DiligentDonuts,589765
2026-07-13T07:20:36.561141,2026-07-13T07:20:36.569728+00:00,70.5,4,bid,Zhengnan Hua,DiligentDonuts,589778
2026-07-13T07:20:36.721258,2026-07-13T07:20:36.730256+00:00,70.4,2,ask,Kelvin Chan,FlawlessFlatbreads,589783
2026-07-13T07:20:36.721258,2026-07-13T07:20:36.740374+00:00,70.4,10,ask,Zhengnan Hua,FlawlessFlatbreads,589784
2026-07-13T07:20:36.721258,2026-07-13T07:20:36.740374+00:00,70.3,38,ask,Andy Garg,FlawlessFlatbreads,589785
2026-07-13T07:20:38.471300,2026-07-13T07:20:38.479850+00:00,70.5,10,bid,Tanishq Panjwani,Zhengnan Hua,589823
2026-07-13T07:20:38.498444,2026-07-13T07:20:38.510399+00:00,70.3,2,ask,Scott Bagby,CostlyCorianders,589826
2026-07-13T07:20:38.498444,2026-07-13T07:20:38.510399+00:00,70.3,10,ask,Zhengnan Hua,CostlyCorianders,589827
2026-07-13T07:20:38.498444,2026-07-13T07:20:38.510399+00:00,70.3,30,ask,DiligentDonuts,FlawlessFlatbreads,589828
2026-07-13T07:20:38.831197,2026-07-13T07:20:38.837828+00:00,70.4,20,ask,Thomas Lee,FlawlessFlatbreads,589835
2026-07-13T07:20:38.831197,2026-07-13T07:20:38.843292+00:00,70.3,30,ask,DiligentDonuts,CostlyCorianders,589836
2026-07-13T07:20:40.966625,2026-07-13T07:20:40.974268+00:00,70.5,10,ask,Zhengnan Hua,FlawlessFlatbreads,589892
2026-07-13T07:20:40.966625,2026-07-13T07:20:40.979501+00:00,70.4,2,ask,Scott Bagby,FlawlessFlatbreads,589893
2026-07-13T07:20:40.966625,2026-07-13T07:20:40.979501+00:00,70.3,38,ask,DiligentDonuts,FlawlessFlatbreads,589894
2026-07-13T07:20:42.648616,2026-07-13T07:20:42.652765+00:00,70.4,10,bid,Tanishq Panjwani,Zhengnan Hua,589945
2026-07-13T07:20:42.916609,2026-07-13T07:20:42.928352+00:00,70.3,20,ask,Thomas Lee,CostlyCorianders,589954
2026-07-13T07:20:43.076903,2026-07-13T07:20:43.091094+00:00,70.2,40,ask,Andy Garg,FlawlessFlatbreads,589961
2026-07-13T07:20:43.076903,2026-07-13T07:20:43.091094+00:00,70.2,10,ask,EarnestEspressos,FlawlessFlatbreads,589962
2026-07-13T07:20:44.766647,2026-07-13T07:20:44.774345+00:00,70.4,10,bid,CostlyCorianders,Zhengnan Hua,590005
2026-07-13T07:20:44.766647,2026-07-13T07:20:44.779514+00:00,70.4,35,bid,CostlyCorianders,DiligentDonuts,590006
2026-07-13T07:20:45.183866,2026-07-13T07:20:45.194832+00:00,70.2,2,ask,Scott Bagby,FlawlessFlatbreads,590017
2026-07-13T07:20:45.183866,2026-07-13T07:20:45.194832+00:00,70.2,10,ask,Zhengnan Hua,FlawlessFlatbreads,590018
2026-07-13T07:20:45.183866,2026-07-13T07:20:45.194832+00:00,70.1,38,ask,EarnestEspressos,FlawlessFlatbreads,590019
2026-07-13T07:20:46.273226,2026-07-13T07:20:46.282315+00:00,70.2,20,ask,Thomas Lee,CostlyCorianders,590044
2026-07-13T07:20:46.273226,2026-07-13T07:20:46.282315+00:00,70.2,10,ask,Zhengnan Hua,CostlyCorianders,590045
2026-07-13T07:20:46.273226,2026-07-13T07:20:46.287625+00:00,70.1,12,ask,EarnestEspressos,CostlyCorianders,590046
2026-07-13T07:20:47.241036,2026-07-13T07:20:47.253103+00:00,70.4,50,bid,FlawlessFlatbreads,DiligentDonuts,590063
2026-07-13T07:20:47.316292,2026-07-13T07:20:47.328109+00:00,70.4,15,bid,CostlyCorianders,DiligentDonuts,590066
2026-07-13T07:20:47.316292,2026-07-13T07:20:47.328109+00:00,70.6,27,bid,CostlyCorianders,EarnestEspressos,590067
2026-07-13T07:20:47.905142,2026-07-13T07:20:47.909075+00:00,70.3,1,ask,Kelvin Chan,Xuanyu Liu,590084
2026-07-13T07:20:47.944644,2026-07-13T07:20:47.952798+00:00,70.1,40,ask,EarnestEspressos,Andy Garg,590086
2026-07-13T07:20:48.346015,2026-07-13T07:20:48.357900+00:00,70.1,2,ask,Scott Bagby,EarnestEspressos,590094
2026-07-13T07:20:48.346015,2026-07-13T07:20:48.357900+00:00,70.0,100,ask,DiligentDonuts,EarnestEspressos,590095
2026-07-13T07:20:48.346015,2026-07-13T07:20:48.357900+00:00,70.0,40,ask,Andy Garg,EarnestEspressos,590096
2026-07-13T07:20:48.359596,2026-07-13T07:20:48.363743+00:00,70.0,8,bid,Xuanyu Liu,EarnestEspressos,590097
2026-07-13T07:20:48.689428,2026-07-13T07:20:48.693469+00:00,70.1,2,ask,Scott Bagby,Xuanyu Liu,590110
2026-07-13T07:20:48.777952,2026-07-13T07:20:48.790136+00:00,70.4,10,bid,CostlyCorianders,Zhengnan Hua,590111
2026-07-13T07:20:48.777952,2026-07-13T07:20:48.790136+00:00,70.5,34,bid,CostlyCorianders,DiligentDonuts,590112
2026-07-13T07:20:49.348371,2026-07-13T07:20:49.360056+00:00,70.5,50,bid,FlawlessFlatbreads,DiligentDonuts,590129
2026-07-13T07:20:50.335725,2026-07-13T07:20:50.339608+00:00,69.9,2,ask,Zhengnan Hua,Xuanyu Liu,590166
2026-07-13T07:20:50.365796,2026-07-13T07:20:50.373024+00:00,69.9,8,ask,Zhengnan Hua,CostlyCorianders,590167
2026-07-13T07:20:50.365796,2026-07-13T07:20:50.378220+00:00,69.9,40,ask,Andy Garg,CostlyCorianders,590168
2026-07-13T07:20:50.906169,2026-07-13T07:20:50.917306+00:00,70.4,10,bid,CostlyCorianders,Zhengnan Hua,590182
2026-07-13T07:20:50.906169,2026-07-13T07:20:50.917306+00:00,70.4,37,bid,CostlyCorianders,Andy Garg,590183
2026-07-13T07:20:50.963374,2026-07-13T07:20:50.974737+00:00,70.0,42,ask,DiligentDonuts,CostlyCorianders,590187
2026-07-13T07:20:51.127459,2026-07-13T07:20:51.131603+00:00,70.1,3,ask,Zhengnan Hua,Xuanyu Liu,590191
2026-07-13T07:20:51.455658,2026-07-13T07:20:51.467760+00:00,70.4,10,bid,FlawlessFlatbreads,Zhengnan Hua,590194
2026-07-13T07:20:51.455658,2026-07-13T07:20:51.467760+00:00,70.5,4,bid,FlawlessFlatbreads,Kelvin Chan,590195
2026-07-13T07:20:51.455658,2026-07-13T07:20:51.467760+00:00,70.5,36,bid,FlawlessFlatbreads,Andy Garg,590196
2026-07-13T07:20:53.336004,2026-07-13T07:20:53.345594+00:00,70.4,48,ask,EarnestEspressos,CostlyCorianders,590243
2026-07-13T07:20:53.581727,2026-07-13T07:20:53.593377+00:00,70.5,50,bid,FlawlessFlatbreads,DiligentDonuts,590250
2026-07-13T07:20:54.556916,2026-07-13T07:20:54.565455+00:00,70.5,5,bid,CostlyCorianders,Kelvin Chan,590262
2026-07-13T07:20:54.556916,2026-07-13T07:20:54.565455+00:00,70.6,42,bid,CostlyCorianders,DiligentDonuts,590263
2026-07-13T07:20:55.640427,2026-07-13T07:20:55.652101+00:00,70.5,10,bid,CostlyCorianders,Zhengnan Hua,590286
2026-07-13T07:20:55.640427,2026-07-13T07:20:55.652101+00:00,70.5,5,bid,CostlyCorianders,Kelvin Chan,590287
2026-07-13T07:20:55.640427,2026-07-13T07:20:55.652101+00:00,70.6,32,bid,CostlyCorianders,DiligentDonuts,590288
2026-07-13T07:20:55.740492,2026-07-13T07:20:55.748493+00:00,70.4,10,ask,Zhengnan Hua,FlawlessFlatbreads,590290
2026-07-13T07:20:55.740492,2026-07-13T07:20:55.748493+00:00,70.3,10,ask,Thomas Lee,FlawlessFlatbreads,590291
2026-07-13T07:20:55.740492,2026-07-13T07:20:55.763726+00:00,70.2,30,ask,EarnestEspressos,FlawlessFlatbreads,590292
2026-07-13T07:20:57.245761,2026-07-13T07:20:57.257711+00:00,70.4,10,bid,Tanishq Panjwani,Zhengnan Hua,590329
2026-07-13T07:20:57.267332,2026-07-13T07:20:57.278586+00:00,70.5,6,bid,DiligentDonuts,Kelvin Chan,590331
2026-07-13T07:20:57.829116,2026-07-13T07:20:57.840754+00:00,70.5,45,ask,DiligentDonuts,CostlyCorianders,590342
2026-07-13T07:20:57.848423,2026-07-13T07:20:57.854856+00:00,70.5,49,ask,DiligentDonuts,FlawlessFlatbreads,590343
2026-07-13T07:20:58.779434,2026-07-13T07:20:58.791137+00:00,70.3,2,ask,Scott Bagby,CostlyCorianders,590363
2026-07-13T07:20:58.779434,2026-07-13T07:20:58.791137+00:00,70.3,10,ask,Zhengnan Hua,CostlyCorianders,590364
2026-07-13T07:20:58.779434,2026-07-13T07:20:58.791137+00:00,70.2,32,ask,EarnestEspressos,CostlyCorianders,590365
2026-07-13T07:20:59.659713,2026-07-13T07:20:59.670734+00:00,70.4,10,bid,Tanishq Panjwani,Zhengnan Hua,590376
2026-07-13T07:21:01.047918,2026-07-13T07:21:01.054858+00:00,70.5,4,bid,CostlyCorianders,Kelvin Chan,590417
2026-07-13T07:21:01.047918,2026-07-13T07:21:01.054858+00:00,70.5,10,bid,CostlyCorianders,Zhengnan Hua,590418
2026-07-13T07:21:01.047918,2026-07-13T07:21:01.054858+00:00,70.5,29,bid,CostlyCorianders,EarnestEspressos,590419
2026-07-13T07:21:02.007797,2026-07-13T07:21:02.019933+00:00,70.5,50,bid,FlawlessFlatbreads,EarnestEspressos,590434
2026-07-13T07:21:03.275443,2026-07-13T07:21:03.286637+00:00,70.4,10,bid,Tanishq Panjwani,Zhengnan Hua,590462
2026-07-13T07:21:03.518643,2026-07-13T07:21:03.523130+00:00,70.5,3,bid,Xuanyu Liu,EarnestEspressos,590479
2026-07-13T07:21:03.529834,2026-07-13T07:21:03.538382+00:00,70.5,68,bid,Tanishq Panjwani,EarnestEspressos,590480
2026-07-13T07:21:03.529834,2026-07-13T07:21:03.538382+00:00,70.5,4,bid,Tanishq Panjwani,Kelvin Chan,590481
2026-07-13T07:21:03.536358,2026-07-13T07:21:03.544122+00:00,70.5,1,bid,Andy Garg,Kelvin Chan,590482
2026-07-13T07:21:04.144748,2026-07-13T07:21:04.154114+00:00,70.9,100,bid,EarnestEspressos,DiligentDonuts,590499
2026-07-13T07:21:04.155354,2026-07-13T07:21:04.160305+00:00,70.9,6,ask,EarnestEspressos,Xuanyu Liu,590500
2026-07-13T07:21:04.168888,2026-07-13T07:21:04.180728+00:00,70.9,44,ask,EarnestEspressos,FlawlessFlatbreads,590501
2026-07-13T07:21:04.168888,2026-07-13T07:21:04.180728+00:00,70.5,6,ask,Thomas Lee,FlawlessFlatbreads,590502
2026-07-13T07:21:04.824234,2026-07-13T07:21:04.828181+00:00,70.9,3,bid,Xuanyu Liu,Zhengnan Hua,590524
2026-07-13T07:21:05.145921,2026-07-13T07:21:05.158593+00:00,70.6,10,ask,Zhengnan Hua,CostlyCorianders,590532
2026-07-13T07:21:05.145921,2026-07-13T07:21:05.158593+00:00,70.5,14,ask,Thomas Lee,CostlyCorianders,590533
2026-07-13T07:21:05.145921,2026-07-13T07:21:05.158593+00:00,70.4,21,ask,DiligentDonuts,CostlyCorianders,590534
2026-07-13T07:21:05.581738,2026-07-13T07:21:05.592044+00:00,70.6,6,bid,Benjamin Lu,Kelvin Chan,590545
2026-07-13T07:21:06.172999,2026-07-13T07:21:06.183836+00:00,70.9,10,bid,CostlyCorianders,Zhengnan Hua,590561
2026-07-13T07:21:06.172999,2026-07-13T07:21:06.183836+00:00,71.0,1,bid,CostlyCorianders,Scott Bagby,590562
2026-07-13T07:21:06.172999,2026-07-13T07:21:06.183836+00:00,71.1,32,bid,CostlyCorianders,Andy Garg,590563
2026-07-13T07:21:07.639157,2026-07-13T07:21:07.652152+00:00,70.6,2,bid,Benjamin Lu,Kelvin Chan,590605
2026-07-13T07:21:07.639157,2026-07-13T07:21:07.652152+00:00,70.6,1,bid,Benjamin Lu,Zhengnan Hua,590606
2026-07-13T07:21:07.812700,2026-07-13T07:21:07.824231+00:00,70.6,9,bid,Thomas Lee,Zhengnan Hua,590614
2026-07-13T07:21:08.210156,2026-07-13T07:21:08.218053+00:00,70.7,43,bid,CostlyCorianders,EarnestEspressos,590618
2026-07-13T07:21:08.396977,2026-07-13T07:21:08.409157+00:00,70.5,40,ask,Andy Garg,FlawlessFlatbreads,590622
2026-07-13T07:21:08.396977,2026-07-13T07:21:08.409157+00:00,70.5,10,ask,Zhengnan Hua,FlawlessFlatbreads,590623
2026-07-13T07:21:10.694812,2026-07-13T07:21:10.703439+00:00,70.4,10,ask,Zhengnan Hua,CostlyCorianders,590681
2026-07-13T07:21:10.694812,2026-07-13T07:21:10.703439+00:00,70.3,37,ask,DiligentDonuts,CostlyCorianders,590682
2026-07-13T07:21:11.216000,2026-07-13T07:21:11.225183+00:00,70.7,10,bid,CostlyCorianders,Zhengnan Hua,590695
2026-07-13T07:21:11.216000,2026-07-13T07:21:11.225183+00:00,70.8,35,bid,CostlyCorianders,DiligentDonuts,590696
2026-07-13T07:21:12.613303,2026-07-13T07:21:12.625590+00:00,70.5,10,ask,Zhengnan Hua,FlawlessFlatbreads,590729
2026-07-13T07:21:12.613303,2026-07-13T07:21:12.625590+00:00,70.4,20,ask,Thomas Lee,FlawlessFlatbreads,590730
2026-07-13T07:21:12.613303,2026-07-13T07:21:12.625590+00:00,70.3,15,ask,DiligentDonuts,FlawlessFlatbreads,590731
2026-07-13T07:21:12.613303,2026-07-13T07:21:12.630946+00:00,70.3,5,ask,EarnestEspressos,FlawlessFlatbreads,590732
2026-07-13T07:21:14.301164,2026-07-13T07:21:14.310812+00:00,70.5,5,bid,Sebastian Baldwin,Zhengnan Hua,590782
2026-07-13T07:21:14.668685,2026-07-13T07:21:14.675216+00:00,70.5,5,bid,Benjamin Lu,Zhengnan Hua,590794
2026-07-13T07:21:14.727894,2026-07-13T07:21:14.735579+00:00,70.4,10,ask,Zhengnan Hua,FlawlessFlatbreads,590796
2026-07-13T07:21:14.727894,2026-07-13T07:21:14.740602+00:00,70.3,2,ask,Scott Bagby,FlawlessFlatbreads,590797
2026-07-13T07:21:14.727894,2026-07-13T07:21:14.740602+00:00,70.3,38,ask,Andy Garg,FlawlessFlatbreads,590798
2026-07-13T07:21:14.845882,2026-07-13T07:21:14.858798+00:00,70.6,30,bid,Thomas Lee,DiligentDonuts,590800
2026-07-13T07:21:14.910834,2026-07-13T07:21:14.922389+00:00,70.2,49,ask,EarnestEspressos,CostlyCorianders,590802
2026-07-13T07:21:15.189568,2026-07-13T07:21:15.196431+00:00,70.6,25,bid,Dinh Nguyen,DiligentDonuts,590804
2026-07-13T07:21:15.321654,2026-07-13T07:21:15.330978+00:00,70.6,5,bid,Sebastian Baldwin,DiligentDonuts,590809
2026-07-13T07:21:17.170476,2026-07-13T07:21:17.182651+00:00,70.4,10,ask,Zhengnan Hua,CostlyCorianders,590854
2026-07-13T07:21:17.170476,2026-07-13T07:21:17.182651+00:00,70.3,31,ask,DiligentDonuts,CostlyCorianders,590855
2026-07-13T07:21:17.859150,2026-07-13T07:21:17.871148+00:00,70.5,10,bid,Thomas Lee,Zhengnan Hua,590861
2026-07-13T07:21:18.289913,2026-07-13T07:21:18.301715+00:00,70.6,1,bid,CostlyCorianders,Kelvin Chan,590869
2026-07-13T07:21:18.289913,2026-07-13T07:21:18.301715+00:00,70.7,1,bid,CostlyCorianders,Scott Bagby,590870
2026-07-13T07:21:18.289913,2026-07-13T07:21:18.301715+00:00,70.7,47,bid,CostlyCorianders,EarnestEspressos,590871
2026-07-13T07:21:18.893309,2026-07-13T07:21:18.905060+00:00,70.6,1,bid,FlawlessFlatbreads,Kelvin Chan,590881
2026-07-13T07:21:19.791234,2026-07-13T07:21:19.801252+00:00,70.5,2,ask,Scott Bagby,CostlyCorianders,590903
2026-07-13T07:21:19.791234,2026-07-13T07:21:19.801252+00:00,70.5,10,ask,Zhengnan Hua,CostlyCorianders,590904
2026-07-13T07:21:19.791234,2026-07-13T07:21:19.801252+00:00,70.4,20,ask,Thomas Lee,CostlyCorianders,590905
2026-07-13T07:21:19.791234,2026-07-13T07:21:19.806469+00:00,70.3,4,ask,Kelvin Chan,CostlyCorianders,590906
2026-07-13T07:21:19.791234,2026-07-13T07:21:19.806469+00:00,70.2,8,ask,EarnestEspressos,CostlyCorianders,590907
2026-07-13T07:21:20.890677,2026-07-13T07:21:20.907533+00:00,70.4,5,ask,Zhengnan Hua,Thomas Lee,590927
2026-07-13T07:21:21.003119,2026-07-13T07:21:21.015126+00:00,70.6,10,bid,FlawlessFlatbreads,Zhengnan Hua,590930
2026-07-13T07:21:21.003119,2026-07-13T07:21:21.015126+00:00,70.7,40,bid,FlawlessFlatbreads,DiligentDonuts,590931
2026-07-13T07:21:24.432669,2026-07-13T07:21:24.444504+00:00,70.6,10,bid,CostlyCorianders,Zhengnan Hua,591005
2026-07-13T07:21:24.432669,2026-07-13T07:21:24.444504+00:00,70.7,32,bid,CostlyCorianders,Andy Garg,591006
2026-07-13T07:21:25.266465,2026-07-13T07:21:25.278390+00:00,70.5,10,ask,Zhengnan Hua,FlawlessFlatbreads,591030
2026-07-13T07:21:25.266465,2026-07-13T07:21:25.278390+00:00,70.4,10,ask,Thomas Lee,FlawlessFlatbreads,591031
2026-07-13T07:21:25.266465,2026-07-13T07:21:25.278390+00:00,70.4,1,ask,Scott Bagby,FlawlessFlatbreads,591032
2026-07-13T07:21:25.266465,2026-07-13T07:21:25.283838+00:00,70.3,29,ask,DiligentDonuts,FlawlessFlatbreads,591033
2026-07-13T07:21:25.497467,2026-07-13T07:21:25.505257+00:00,70.7,10,bid,CostlyCorianders,Zhengnan Hua,591039
2026-07-13T07:21:25.497467,2026-07-13T07:21:25.510501+00:00,70.8,39,bid,CostlyCorianders,DiligentDonuts,591040
2026-07-13T07:21:26.131168,2026-07-13T07:21:26.143038+00:00,70.4,43,ask,DiligentDonuts,CostlyCorianders,591061
2026-07-13T07:21:27.271430,2026-07-13T07:21:27.283264+00:00,70.6,10,bid,CostlyCorianders,Zhengnan Hua,591081
2026-07-13T07:21:27.271430,2026-07-13T07:21:27.283264+00:00,70.6,35,bid,CostlyCorianders,EarnestEspressos,591082
2026-07-13T07:21:27.352666,2026-07-13T07:21:27.368644+00:00,70.6,5,bid,Sebastian Baldwin,EarnestEspressos,591088
2026-07-13T07:21:27.378646,2026-07-13T07:21:27.390426+00:00,70.4,50,ask,DiligentDonuts,FlawlessFlatbreads,591089
2026-07-13T07:21:27.533115,2026-07-13T07:21:27.542397+00:00,70.6,6,bid,Zhengnan Hua,EarnestEspressos,591095
2026-07-13T07:21:27.924368,2026-07-13T07:21:27.936319+00:00,70.6,16,bid,Thomas Lee,EarnestEspressos,591100
2026-07-13T07:21:28.255658,2026-07-13T07:21:28.267648+00:00,70.6,25,bid,Dinh Nguyen,EarnestEspressos,591111
2026-07-13T07:21:28.367115,2026-07-13T07:21:28.374059+00:00,70.6,5,bid,Sebastian Baldwin,EarnestEspressos,591114
2026-07-13T07:21:29.485018,2026-07-13T07:21:29.497083+00:00,70.5,2,ask,Scott Bagby,FlawlessFlatbreads,591131
2026-07-13T07:21:29.485018,2026-07-13T07:21:29.497083+00:00,70.5,10,ask,Zhengnan Hua,FlawlessFlatbreads,591132
2026-07-13T07:21:29.485018,2026-07-13T07:21:29.497083+00:00,70.2,38,ask,DiligentDonuts,FlawlessFlatbreads,591133
2026-07-13T07:21:29.492838,2026-07-13T07:21:29.502387+00:00,70.6,10,bid,EarnestEspressos,Zhengnan Hua,591134
2026-07-13T07:21:29.500692,2026-07-13T07:21:29.507374+00:00,70.6,42,ask,EarnestEspressos,CostlyCorianders,591135
2026-07-13T07:21:29.714950,2026-07-13T07:21:29.726248+00:00,70.6,5,ask,EarnestEspressos,Benjamin Lu,591137
2026-07-13T07:21:29.979768,2026-07-13T07:21:29.988010+00:00,70.6,6,ask,EarnestEspressos,Zhengnan Hua,591144
2026-07-13T07:21:30.547070,2026-07-13T07:21:30.553690+00:00,70.7,48,bid,CostlyCorianders,DiligentDonuts,591152
2026-07-13T07:21:31.596506,2026-07-13T07:21:31.605208+00:00,70.6,50,ask,EarnestEspressos,FlawlessFlatbreads,591170
2026-07-13T07:21:32.718421,2026-07-13T07:21:32.727811+00:00,70.6,10,ask,Zhengnan Hua,EarnestEspressos,591191
2026-07-13T07:21:33.742700,2026-07-13T07:21:33.748301+00:00,70.5,1,ask,Scott Bagby,FlawlessFlatbreads,591214
2026-07-13T07:21:33.742700,2026-07-13T07:21:33.748301+00:00,70.5,1,ask,Kelvin Chan,FlawlessFlatbreads,591215
2026-07-13T07:21:33.742700,2026-07-13T07:21:33.748301+00:00,70.5,10,ask,Zhengnan Hua,FlawlessFlatbreads,591216
2026-07-13T07:21:33.742700,2026-07-13T07:21:33.748301+00:00,70.2,38,ask,DiligentDonuts,FlawlessFlatbreads,591217
2026-07-13T07:21:34.386940,2026-07-13T07:21:34.397291+00:00,70.6,5,bid,Sebastian Baldwin,EarnestEspressos,591224
2026-07-13T07:21:34.556635,2026-07-13T07:21:34.573540+00:00,70.6,25,bid,Dinh Nguyen,EarnestEspressos,591225
2026-07-13T07:21:34.716612,2026-07-13T07:21:34.728639+00:00,70.4,2,ask,Scott Bagby,CostlyCorianders,591226
2026-07-13T07:21:34.716612,2026-07-13T07:21:34.728639+00:00,70.3,40,ask,Andy Garg,CostlyCorianders,591227
2026-07-13T07:21:34.716612,2026-07-13T07:21:34.728639+00:00,70.2,3,ask,DiligentDonuts,CostlyCorianders,591228
2026-07-13T07:21:34.914380,2026-07-13T07:21:34.925994+00:00,70.6,6,bid,Zhengnan Hua,EarnestEspressos,591235
2026-07-13T07:21:35.402770,2026-07-13T07:21:35.414202+00:00,70.5,5,bid,Sebastian Baldwin,Zhengnan Hua,591262
2026-07-13T07:21:36.121633,2026-07-13T07:21:36.133477+00:00,70.6,49,bid,CostlyCorianders,DiligentDonuts,591274
2026-07-13T07:21:36.476667,2026-07-13T07:21:36.483353+00:00,70.6,2,bid,Dinh Nguyen,DiligentDonuts,591283
2026-07-13T07:21:36.719917,2026-07-13T07:21:36.731854+00:00,70.4,40,ask,EarnestEspressos,CostlyCorianders,591284
2026-07-13T07:21:37.715434,2026-07-13T07:21:37.724429+00:00,70.6,2,bid,Dinh Nguyen,DiligentDonuts,591314
2026-07-13T07:21:37.916625,2026-07-13T07:21:37.928221+00:00,70.6,47,bid,FlawlessFlatbreads,DiligentDonuts,591317
2026-07-13T07:21:37.916625,2026-07-13T07:21:37.928221+00:00,70.6,3,bid,FlawlessFlatbreads,Zhengnan Hua,591318
2026-07-13T07:21:39.874453,2026-07-13T07:21:39.882613+00:00,70.5,2,ask,Scott Bagby,CostlyCorianders,591374
2026-07-13T07:21:39.874453,2026-07-13T07:21:39.882613+00:00,70.5,10,ask,Zhengnan Hua,CostlyCorianders,591375
2026-07-13T07:21:39.874453,2026-07-13T07:21:39.887815+00:00,70.4,3,ask,Kelvin Chan,CostlyCorianders,591376
2026-07-13T07:21:39.874453,2026-07-13T07:21:39.887815+00:00,70.3,30,ask,DiligentDonuts,CostlyCorianders,591377
2026-07-13T07:21:40.026960,2026-07-13T07:21:40.038833+00:00,70.7,50,bid,FlawlessFlatbreads,EarnestEspressos,591382
2026-07-13T07:21:41.005572,2026-07-13T07:21:41.012178+00:00,70.4,2,ask,Scott Bagby,Zhengnan Hua,591404
2026-07-13T07:21:41.005572,2026-07-13T07:21:41.017742+00:00,70.3,4,ask,DiligentDonuts,Zhengnan Hua,591405
2026-07-13T07:21:41.967818,2026-07-13T07:21:41.977193+00:00,70.5,10,bid,CostlyCorianders,Zhengnan Hua,591424
2026-07-13T07:21:41.967818,2026-07-13T07:21:41.977193+00:00,70.5,39,bid,CostlyCorianders,DiligentDonuts,591425
2026-07-13T07:21:42.151518,2026-07-13T07:21:42.155843+00:00,70.5,50,bid,FlawlessFlatbreads,DiligentDonuts,591429
2026-07-13T07:21:42.671609,2026-07-13T07:21:42.683442+00:00,70.5,2,bid,Dinh Nguyen,DiligentDonuts,591440
2026-07-13T07:21:43.899196,2026-07-13T07:21:43.908881+00:00,70.5,2,bid,Dinh Nguyen,DiligentDonuts,591459
2026-07-13T07:21:44.178549,2026-07-13T07:21:44.190265+00:00,70.5,7,bid,CostlyCorianders,DiligentDonuts,591462
2026-07-13T07:21:44.178549,2026-07-13T07:21:44.190265+00:00,70.5,10,bid,CostlyCorianders,Zhengnan Hua,591463
2026-07-13T07:21:44.259445,2026-07-13T07:21:44.271577+00:00,70.6,40,bid,FlawlessFlatbreads,Andy Garg,591466
2026-07-13T07:21:44.259445,2026-07-13T07:21:44.271577+00:00,70.7,1,bid,FlawlessFlatbreads,Scott Bagby,591467
2026-07-13T07:21:44.259445,2026-07-13T07:21:44.271577+00:00,70.8,1,bid,FlawlessFlatbreads,Kelvin Chan,591468
2026-07-13T07:21:44.259445,2026-07-13T07:21:44.277031+00:00,70.8,8,bid,FlawlessFlatbreads,EarnestEspressos,591469
2026-07-13T07:21:46.344281,2026-07-13T07:21:46.355599+00:00,70.5,44,ask,DiligentDonuts,CostlyCorianders,591517
2026-07-13T07:21:46.446440,2026-07-13T07:21:46.458024+00:00,70.5,50,ask,DiligentDonuts,FlawlessFlatbreads,591520
2026-07-13T07:21:46.911808,2026-07-13T07:21:46.923904+00:00,70.7,1,bid,CostlyCorianders,Kelvin Chan,591529
2026-07-13T07:21:46.911808,2026-07-13T07:21:46.923904+00:00,70.8,40,bid,CostlyCorianders,Andy Garg,591530
2026-07-13T07:21:47.096764,2026-07-13T07:21:47.100392+00:00,70.6,9,ask,Zhengnan Hua,Xuanyu Liu,591538
2026-07-13T07:21:47.145563,2026-07-13T07:21:47.156820+00:00,70.6,1,ask,Zhengnan Hua,Tanishq Panjwani,591543
2026-07-13T07:21:47.269754,2026-07-13T07:21:47.281288+00:00,70.5,6,ask,DiligentDonuts,Peter Chen,591554
2026-07-13T07:21:47.269754,2026-07-13T07:21:47.281288+00:00,70.5,2,ask,Scott Bagby,Peter Chen,591555
2026-07-13T07:21:47.498572,2026-07-13T07:21:47.511134+00:00,70.4,2,ask,Kelvin Chan,CostlyCorianders,591558
2026-07-13T07:21:47.498572,2026-07-13T07:21:47.511134+00:00,70.4,40,ask,EarnestEspressos,CostlyCorianders,591559
2026-07-13T07:21:47.784228,2026-07-13T07:21:47.792507+00:00,70.4,92,ask,EarnestEspressos,Peter Chen,591564
2026-07-13T07:21:47.959431,2026-07-13T07:21:47.963673+00:00,70.5,9,bid,Xuanyu Liu,DiligentDonuts,591566
2026-07-13T07:21:48.531355,2026-07-13T07:21:48.542845+00:00,70.4,2,ask,Kelvin Chan,EarnestEspressos,591581
2026-07-13T07:21:48.531355,2026-07-13T07:21:48.542845+00:00,70.4,10,ask,Zhengnan Hua,EarnestEspressos,591582
2026-07-13T07:21:48.531355,2026-07-13T07:21:48.542845+00:00,70.2,40,ask,Andy Garg,EarnestEspressos,591583
2026-07-13T07:21:48.552511,2026-07-13T07:21:48.563668+00:00,70.0,50,ask,DiligentDonuts,FlawlessFlatbreads,591585
2026-07-13T07:21:48.592445,2026-07-13T07:21:48.600360+00:00,70.2,1,bid,Tanishq Panjwani,EarnestEspressos,591586
2026-07-13T07:21:48.817131,2026-07-13T07:21:48.828951+00:00,70.2,97,bid,Peter Chen,EarnestEspressos,591591
2026-07-13T07:21:49.322048,2026-07-13T07:21:49.333598+00:00,70.5,3,bid,Peter Chen,DiligentDonuts,591595
2026-07-13T07:21:50.009048,2026-07-13T07:21:50.017887+00:00,70.5,2,bid,Dinh Nguyen,DiligentDonuts,591606
2026-07-13T07:21:50.079435,2026-07-13T07:21:50.091568+00:00,70.4,2,ask,Kelvin Chan,CostlyCorianders,591607
2026-07-13T07:21:50.079435,2026-07-13T07:21:50.091568+00:00,70.4,10,ask,Zhengnan Hua,CostlyCorianders,591608
2026-07-13T07:21:50.079435,2026-07-13T07:21:50.091568+00:00,70.2,2,ask,Scott Bagby,CostlyCorianders,591609
2026-07-13T07:21:50.079435,2026-07-13T07:21:50.091568+00:00,70.1,33,ask,Andy Garg,CostlyCorianders,591610
2026-07-13T07:21:50.665835,2026-07-13T07:21:50.677633+00:00,70.0,50,ask,DiligentDonuts,FlawlessFlatbreads,591618
2026-07-13T07:21:51.073897,2026-07-13T07:21:51.080690+00:00,70.5,10,bid,CostlyCorianders,Zhengnan Hua,591634
2026-07-13T07:21:51.073897,2026-07-13T07:21:51.085912+00:00,70.6,1,bid,CostlyCorianders,Scott Bagby,591635
2026-07-13T07:21:51.073897,2026-07-13T07:21:51.085912+00:00,70.7,3,bid,CostlyCorianders,Kelvin Chan,591636
2026-07-13T07:21:51.073897,2026-07-13T07:21:51.085912+00:00,70.7,34,bid,CostlyCorianders,Andy Garg,591637
2026-07-13T07:21:51.235048,2026-07-13T07:21:51.246412+00:00,70.4,1,bid,Dinh Nguyen,DiligentDonuts,591646
2026-07-13T07:21:52.722298,2026-07-13T07:21:52.729914+00:00,70.4,50,bid,FlawlessFlatbreads,DiligentDonuts,591682
2026-07-13T07:21:54.915312,2026-07-13T07:21:54.927074+00:00,70.3,2,ask,Kelvin Chan,FlawlessFlatbreads,591734
2026-07-13T07:21:54.915312,2026-07-13T07:21:54.927074+00:00,70.3,10,ask,Zhengnan Hua,FlawlessFlatbreads,591735
2026-07-13T07:21:54.915312,2026-07-13T07:21:54.927074+00:00,70.3,38,ask,EarnestEspressos,FlawlessFlatbreads,591736
2026-07-13T07:21:55.341890,2026-07-13T07:21:55.348372+00:00,70.3,50,ask,EarnestEspressos,Peter Chen,591739
2026-07-13T07:21:55.851314,2026-07-13T07:21:55.858560+00:00,70.3,41,ask,EarnestEspressos,Benjamin Lu,591749
2026-07-13T07:21:55.982886,2026-07-13T07:21:55.994971+00:00,70.3,21,ask,EarnestEspressos,CostlyCorianders,591753
2026-07-13T07:21:55.982886,2026-07-13T07:21:55.994971+00:00,70.3,10,ask,Zhengnan Hua,CostlyCorianders,591754
2026-07-13T07:21:55.982886,2026-07-13T07:21:55.994971+00:00,70.2,1,ask,Scott Bagby,CostlyCorianders,591755
2026-07-13T07:21:55.982886,2026-07-13T07:21:55.994971+00:00,69.9,11,ask,DiligentDonuts,CostlyCorianders,591756
2026-07-13T07:21:56.351223,2026-07-13T07:21:56.358590+00:00,70.4,50,bid,Peter Chen,DiligentDonuts,591777
2026-07-13T07:21:56.439037,2026-07-13T07:21:56.448138+00:00,70.4,5,bid,Sebastian Baldwin,DiligentDonuts,591780
2026-07-13T07:21:56.477929,2026-07-13T07:21:56.486124+00:00,70.4,40,bid,CostlyCorianders,DiligentDonuts,591781
2026-07-13T07:21:56.810449,2026-07-13T07:21:56.817032+00:00,70.4,5,bid,Zhengnan Hua,DiligentDonuts,591785
2026-07-13T07:21:56.810449,2026-07-13T07:21:56.822582+00:00,70.5,1,bid,FlawlessFlatbreads,Scott Bagby,591786
2026-07-13T07:21:56.863493,2026-07-13T07:21:56.870145+00:00,70.4,10,bid,Benjamin Lu,Zhengnan Hua,591789
2026-07-13T07:21:56.973762,2026-07-13T07:21:56.981897+00:00,70.5,1,bid,Zhengnan Hua,Scott Bagby,591795
2026-07-13T07:21:56.973762,2026-07-13T07:21:56.981897+00:00,70.8,49,bid,FlawlessFlatbreads,EarnestEspressos,591796
2026-07-13T07:21:59.097371,2026-07-13T07:21:59.108000+00:00,70.4,50,bid,FlawlessFlatbreads,EarnestEspressos,591834
2026-07-13T07:22:00.451234,2026-07-13T07:22:00.457050+00:00,70.3,6,ask,DiligentDonuts,Zhengnan Hua,591852
2026-07-13T07:22:00.519806,2026-07-13T07:22:00.531535+00:00,70.4,47,bid,CostlyCorianders,EarnestEspressos,591855
2026-07-13T07:22:00.576324,2026-07-13T07:22:00.587715+00:00,70.3,10,ask,Zhengnan Hua,CostlyCorianders,591857
2026-07-13T07:22:00.576324,2026-07-13T07:22:00.587715+00:00,70.2,1,ask,Scott Bagby,CostlyCorianders,591858
2026-07-13T07:22:00.576324,2026-07-13T07:22:00.587715+00:00,70.1,38,ask,DiligentDonuts,CostlyCorianders,591859
2026-07-13T07:22:01.203265,2026-07-13T07:22:01.215105+00:00,70.4,10,bid,FlawlessFlatbreads,Zhengnan Hua,591867
