timestamp,recv_time,price,volume,aggressor_side,buyer,seller,trade_id
2026-07-07T03:00:01.736676,2026-07-07T03:00:01.748546+00:00,162.5,50,ask,,,10271407
2026-07-07T03:00:03.844683,2026-07-07T03:00:03.851622+00:00,162.5,50,ask,,,10271430
2026-07-07T03:00:04.291901,2026-07-07T03:00:04.303611+00:00,162.7,45,bid,,,10271435
2026-07-07T03:00:05.899872,2026-07-07T03:00:05.906719+00:00,162.7,50,bid,,,10271458
2026-07-07T03:00:07.140882,2026-07-07T03:00:07.158636+00:00,162.8,47,bid,,,10271477
2026-07-07T03:00:07.710821,2026-07-07T03:00:07.722277+00:00,163.1,42,bid,,,10271486
2026-07-07T03:00:08.836932,2026-07-07T03:00:08.845438+00:00,162.6,44,ask,,,10271507
2026-07-07T03:00:09.991177,2026-07-07T03:00:10.002748+00:00,163.1,45,bid,,,10271514
2026-07-07T03:00:10.049165,2026-07-07T03:00:10.049367+00:00,162.7,40,ask,,,10271517
2026-07-07T03:00:12.211622,2026-07-07T03:00:12.223111+00:00,163.2,50,bid,,,10271544
2026-07-07T03:00:14.318683,2026-07-07T03:00:14.330152+00:00,163.3,50,bid,,,10271561
2026-07-07T03:00:16.475914,2026-07-07T03:00:16.482722+00:00,163.0,50,ask,,,10271583
2026-07-07T03:00:18.532663,2026-07-07T03:00:18.539113+00:00,163.2,50,bid,,,10271602
2026-07-07T03:00:20.638798,2026-07-07T03:00:20.650632+00:00,163.2,50,bid,,,10271628
2026-07-07T03:00:22.745496,2026-07-07T03:00:22.758543+00:00,163.2,50,bid,,,10271648
2026-07-07T03:00:23.287583,2026-07-07T03:00:23.297393+00:00,163.1,46,ask,,,10271654
2026-07-07T03:00:23.924379,2026-07-07T03:00:23.936107+00:00,163.3,42,bid,,,10271662
2026-07-07T03:00:24.853021,2026-07-07T03:00:24.864417+00:00,163.3,50,bid,,,10271673
2026-07-07T03:00:26.958782,2026-07-07T03:00:26.970448+00:00,163.3,50,bid,,,10271697
2026-07-07T03:00:29.065225,2026-07-07T03:00:29.076867+00:00,163.3,50,bid,,,10271718
2026-07-07T03:00:30.222766,2026-07-07T03:00:30.229607+00:00,163.1,46,ask,,,10271734
2026-07-07T03:00:30.707153,2026-07-07T03:00:30.718711+00:00,163.4,41,bid,,,10271737
2026-07-07T03:00:30.761853,2026-07-07T03:00:30.769018+00:00,163.1,40,ask,,,10271738
2026-07-07T03:00:31.740212,2026-07-07T03:00:31.750000+00:00,163.1,6,ask,,,10271758
2026-07-07T03:00:32.857493,2026-07-07T03:00:32.868937+00:00,163.3,41,bid,,,10271770
2026-07-07T03:00:33.326126,2026-07-07T03:00:33.363653+00:00,163.1,50,ask,,,10271781
2026-07-07T03:00:35.957517,2026-07-07T03:00:35.969262+00:00,163.1,40,ask,,,10271814
2026-07-07T03:00:39.653424,2026-07-07T03:00:39.664852+00:00,162.9,50,ask,,,10271875
2026-07-07T03:00:40.596092,2026-07-07T03:00:40.607666+00:00,163.4,45,bid,,,10271887
2026-07-07T03:00:42.757653,2026-07-07T03:00:42.767347+00:00,163.1,42,bid,,,10271913
2026-07-07T03:00:43.811056,2026-07-07T03:00:43.823131+00:00,163.1,50,bid,,,10271929
2026-07-07T03:00:45.921413,2026-07-07T03:00:45.928764+00:00,163.1,50,bid,,,10271951
2026-07-07T03:00:46.348136,2026-07-07T03:00:46.360025+00:00,162.9,42,ask,,,10271959
2026-07-07T03:00:48.083430,2026-07-07T03:00:48.092687+00:00,162.6,50,ask,,,10271976
2026-07-07T03:00:49.436877,2026-07-07T03:00:49.445813+00:00,162.6,46,ask,,,10271997
2026-07-07T03:00:50.191869,2026-07-07T03:00:50.203354+00:00,162.6,50,ask,,,10272006
2026-07-07T03:00:52.321332,2026-07-07T03:00:52.332334+00:00,162.6,50,ask,,,10272024
2026-07-07T03:00:54.427640,2026-07-07T03:00:54.458601+00:00,162.6,50,ask,,,10272052
2026-07-07T03:00:56.155285,2026-07-07T03:00:56.166884+00:00,162.7,47,bid,,,10272065
2026-07-07T03:00:56.565547,2026-07-07T03:00:56.574391+00:00,162.2,50,ask,,,10272068
2026-07-07T03:00:56.636504,2026-07-07T03:00:56.648298+00:00,162.2,40,ask,,,10272073
2026-07-07T03:00:57.359576,2026-07-07T03:00:57.368433+00:00,162.4,6,bid,,,10272083
2026-07-07T03:00:58.500150,2026-07-07T03:00:58.508203+00:00,162.4,46,bid,,,10272091
2026-07-07T03:00:58.672431,2026-07-07T03:00:58.684467+00:00,162.1,50,ask,,,10272094
2026-07-07T03:00:59.652271,2026-07-07T03:00:59.663766+00:00,162.1,46,ask,,,10272111
2026-07-07T03:01:00.783119,2026-07-07T03:01:00.795017+00:00,162.1,4,ask,,,10272114
2026-07-07T03:01:00.783119,2026-07-07T03:01:00.795017+00:00,162.1,46,ask,,,10272115
2026-07-07T03:01:02.842925,2026-07-07T03:01:02.848464+00:00,162.3,50,bid,,,10272141
2026-07-07T03:01:03.611595,2026-07-07T03:01:03.621372+00:00,162.3,50,bid,,,10272150
2026-07-07T03:01:04.949394,2026-07-07T03:01:04.961353+00:00,162.8,50,bid,,,10272160
2026-07-07T03:01:07.057823,2026-07-07T03:01:07.069246+00:00,162.6,50,bid,,,10272182
2026-07-07T03:01:08.117162,2026-07-07T03:01:08.128857+00:00,162.6,45,bid,,,10272207
2026-07-07T03:01:08.732263,2026-07-07T03:01:08.742023+00:00,162.6,49,bid,,,10272215
2026-07-07T03:01:09.226599,2026-07-07T03:01:09.238101+00:00,162.1,50,ask,,,10272219
2026-07-07T03:01:11.333331,2026-07-07T03:01:11.344904+00:00,162.5,50,ask,,,10272251
2026-07-07T03:01:12.467708,2026-07-07T03:01:12.475638+00:00,162.5,45,ask,,,10272277
2026-07-07T03:01:13.440042,2026-07-07T03:01:13.463671+00:00,162.2,50,ask,,,10272291
2026-07-07T03:01:13.562462,2026-07-07T03:01:13.574143+00:00,162.2,41,ask,,,10272299
2026-07-07T03:01:14.057786,2026-07-07T03:01:14.069607+00:00,162.4,41,bid,,,10272305
2026-07-07T03:01:15.547560,2026-07-07T03:01:15.559318+00:00,162.1,50,ask,,,10272329
2026-07-07T03:01:16.182189,2026-07-07T03:01:16.193835+00:00,162.4,43,bid,,,10272345
2026-07-07T03:01:16.649878,2026-07-07T03:01:16.658539+00:00,161.9,46,ask,,,10272350
2026-07-07T03:01:16.918580,2026-07-07T03:01:16.934879+00:00,162.0,100,bid,,,10272354
2026-07-07T03:01:19.761232,2026-07-07T03:01:19.773250+00:00,162.3,50,ask,,,10272392
2026-07-07T03:01:20.132317,2026-07-07T03:01:20.146952+00:00,162.3,100,ask,,,10272400
2026-07-07T03:01:22.934640,2026-07-07T03:01:22.946311+00:00,162.0,47,bid,,,10272436
2026-07-07T03:01:23.276660,2026-07-07T03:01:23.288304+00:00,162.0,100,bid,,,10272441
2026-07-07T03:01:23.922886,2026-07-07T03:01:23.933661+00:00,162.0,3,bid,,,10272454
2026-07-07T03:01:26.030742,2026-07-07T03:01:26.058551+00:00,162.5,50,bid,,,10272480
2026-07-07T03:01:28.187886,2026-07-07T03:01:28.202185+00:00,162.3,50,ask,,,10272502
2026-07-07T03:01:28.568882,2026-07-07T03:01:28.580389+00:00,162.5,45,bid,,,10272510
2026-07-07T03:01:29.193534,2026-07-07T03:01:29.205131+00:00,162.1,44,ask,,,10272519
2026-07-07T03:01:30.293924,2026-07-07T03:01:30.305698+00:00,162.1,50,ask,,,10272540
2026-07-07T03:01:32.401639,2026-07-07T03:01:32.413349+00:00,162.0,50,ask,,,10272572
2026-07-07T03:01:34.513658,2026-07-07T03:01:34.521454+00:00,161.9,50,ask,,,10272613
2026-07-07T03:01:35.000308,2026-07-07T03:01:35.007524+00:00,162.1,43,bid,,,10272621
2026-07-07T03:01:35.562756,2026-07-07T03:01:35.574337+00:00,161.9,40,ask,,,10272627
2026-07-07T03:01:36.579454,2026-07-07T03:01:36.592233+00:00,162.1,50,bid,,,10272639
2026-07-07T03:01:38.684892,2026-07-07T03:01:38.696356+00:00,162.0,50,bid,,,10272664
2026-07-07T03:01:39.409921,2026-07-07T03:01:39.421392+00:00,162.0,40,bid,,,10272682
2026-07-07T03:01:40.493673,2026-07-07T03:01:40.505242+00:00,161.5,40,ask,,,10272694
2026-07-07T03:01:40.852971,2026-07-07T03:01:40.864512+00:00,161.5,50,ask,,,10272699
2026-07-07T03:01:42.956795,2026-07-07T03:01:42.966343+00:00,161.7,50,ask,,,10272734
2026-07-07T03:01:43.092784,2026-07-07T03:01:43.104431+00:00,162.1,47,bid,,,10272738
2026-07-07T03:01:45.353429,2026-07-07T03:01:45.358573+00:00,161.7,41,ask,,,10272775
2026-07-07T03:01:45.978577,2026-07-07T03:01:45.990206+00:00,162.0,47,ask,,,10272781
2026-07-07T03:01:46.543827,2026-07-07T03:01:46.555375+00:00,162.2,44,bid,,,10272801
2026-07-07T03:01:47.136455,2026-07-07T03:01:47.142944+00:00,162.2,50,bid,,,10272804
2026-07-07T03:01:49.045717,2026-07-07T03:01:49.058556+00:00,162.3,48,bid,,,10272824
2026-07-07T03:01:49.266269,2026-07-07T03:01:49.273939+00:00,162.3,50,bid,,,10272827
2026-07-07T03:01:51.372757,2026-07-07T03:01:51.384779+00:00,162.3,2,bid,,,10272865
2026-07-07T03:01:51.372757,2026-07-07T03:01:51.384779+00:00,162.4,48,bid,,,10272866
2026-07-07T03:01:55.596153,2026-07-07T03:01:55.607732+00:00,162.4,50,bid,,,10272923
2026-07-07T03:01:57.731337,2026-07-07T03:01:57.740058+00:00,162.4,50,bid,,,10272941
2026-07-07T03:01:57.823183,2026-07-07T03:01:57.834800+00:00,162.1,40,ask,,,10272945
2026-07-07T03:01:59.839442,2026-07-07T03:01:59.851069+00:00,162.6,50,bid,,,10272974
2026-07-07T03:02:01.062790,2026-07-07T03:02:01.074310+00:00,162.2,45,ask,,,10272988
2026-07-07T03:02:01.946648,2026-07-07T03:02:01.963656+00:00,162.7,50,bid,,,10272998
2026-07-07T03:02:02.645727,2026-07-07T03:02:02.663749+00:00,162.2,43,ask,,,10273010
2026-07-07T03:02:04.054219,2026-07-07T03:02:04.058580+00:00,162.6,50,bid,,,10273025
2026-07-07T03:02:04.103782,2026-07-07T03:02:04.115325+00:00,162.2,47,ask,,,10273029
2026-07-07T03:02:06.160544,2026-07-07T03:02:06.171973+00:00,162.3,50,bid,,,10273055
2026-07-07T03:02:07.630587,2026-07-07T03:02:07.637303+00:00,162.2,100,ask,,,10273075
2026-07-07T03:02:07.706132,2026-07-07T03:02:07.717963+00:00,162.7,48,bid,,,10273078
2026-07-07T03:02:08.282505,2026-07-07T03:02:08.294334+00:00,162.7,50,bid,,,10273087
2026-07-07T03:02:08.764425,2026-07-07T03:02:08.775548+00:00,162.2,48,ask,,,10273093
2026-07-07T03:02:10.389308,2026-07-07T03:02:10.398042+00:00,162.3,50,bid,,,10273109
2026-07-07T03:02:12.499419,2026-07-07T03:02:12.510799+00:00,162.3,50,bid,,,10273140
2026-07-07T03:02:12.676005,2026-07-07T03:02:12.682834+00:00,162.3,40,bid,,,10273142
2026-07-07T03:02:13.254881,2026-07-07T03:02:13.266617+00:00,162.0,43,ask,,,10273150
2026-07-07T03:02:13.272746,2026-07-07T03:02:13.281315+00:00,162.3,17,ask,,,10273151
2026-07-07T03:02:13.823002,2026-07-07T03:02:13.840116+00:00,162.5,44,bid,,,10273165
2026-07-07T03:02:14.607165,2026-07-07T03:02:14.614220+00:00,162.4,50,bid,,,10273181
2026-07-07T03:02:14.855440,2026-07-07T03:02:14.866948+00:00,162.4,49,bid,,,10273186
2026-07-07T03:02:14.909841,2026-07-07T03:02:14.919966+00:00,162.3,46,ask,,,10273188
2026-07-07T03:02:15.959751,2026-07-07T03:02:15.987888+00:00,162.3,12,ask,,,10273196
2026-07-07T03:02:16.523678,2026-07-07T03:02:16.530245+00:00,162.4,1,bid,,,10273206
2026-07-07T03:02:16.523678,2026-07-07T03:02:16.535657+00:00,162.4,48,bid,,,10273207
2026-07-07T03:02:16.714712,2026-07-07T03:02:16.726235+00:00,162.4,50,bid,,,10273209
2026-07-07T03:02:18.821603,2026-07-07T03:02:18.833147+00:00,162.4,50,bid,,,10273236
2026-07-07T03:02:19.615748,2026-07-07T03:02:19.627347+00:00,162.6,100,bid,,,10273248
2026-07-07T03:02:19.682649,2026-07-07T03:02:19.689972+00:00,162.6,22,ask,,,10273249
2026-07-07T03:02:20.942246,2026-07-07T03:02:20.964021+00:00,163.0,50,bid,,,10273266
2026-07-07T03:02:23.052864,2026-07-07T03:02:23.054973+00:00,162.6,50,bid,,,10273291
2026-07-07T03:02:23.389880,2026-07-07T03:02:23.396920+00:00,162.6,100,bid,,,10273296
2026-07-07T03:02:27.311837,2026-07-07T03:02:27.319391+00:00,162.8,50,ask,,,10273340
2026-07-07T03:02:27.775052,2026-07-07T03:02:27.786649+00:00,162.8,48,ask,,,10273348
2026-07-07T03:02:28.369236,2026-07-07T03:02:28.379232+00:00,162.8,46,ask,,,10273357
2026-07-07T03:02:29.391852,2026-07-07T03:02:29.403701+00:00,162.9,42,bid,,,10273367
2026-07-07T03:02:29.420123,2026-07-07T03:02:29.431654+00:00,162.5,50,ask,,,10273368
2026-07-07T03:02:31.527659,2026-07-07T03:02:31.539209+00:00,162.6,50,ask,,,10273382
2026-07-07T03:02:31.998077,2026-07-07T03:02:32.009730+00:00,162.6,45,ask,,,10273388
2026-07-07T03:02:33.637199,2026-07-07T03:02:33.648462+00:00,162.6,50,ask,,,10273407
2026-07-07T03:02:33.956372,2026-07-07T03:02:33.968041+00:00,162.8,40,bid,,,10273417
2026-07-07T03:02:35.743042,2026-07-07T03:02:35.754785+00:00,162.3,50,ask,,,10273441
2026-07-07T03:02:36.113792,2026-07-07T03:02:36.122878+00:00,162.7,11,bid,,,10273446
2026-07-07T03:02:36.522796,2026-07-07T03:02:36.530634+00:00,162.7,11,bid,,,10273452
2026-07-07T03:02:37.856437,2026-07-07T03:02:37.865023+00:00,162.3,50,ask,,,10273471
2026-07-07T03:02:38.932628,2026-07-07T03:02:38.958446+00:00,162.7,12,bid,,,10273482
2026-07-07T03:02:39.626848,2026-07-07T03:02:39.638416+00:00,162.5,44,ask,,,10273499
2026-07-07T03:02:39.963201,2026-07-07T03:02:39.975098+00:00,162.5,50,ask,,,10273501
2026-07-07T03:02:40.178010,2026-07-07T03:02:40.185896+00:00,162.8,48,bid,,,10273503
2026-07-07T03:02:42.069768,2026-07-07T03:02:42.081279+00:00,162.5,6,ask,,,10273524
2026-07-07T03:02:42.069768,2026-07-07T03:02:42.081279+00:00,162.4,44,ask,,,10273525
2026-07-07T03:02:42.827621,2026-07-07T03:02:42.839144+00:00,162.4,43,ask,,,10273534
2026-07-07T03:02:43.774866,2026-07-07T03:02:43.782960+00:00,162.6,11,bid,,,10273546
2026-07-07T03:02:44.177897,2026-07-07T03:02:44.186290+00:00,162.4,50,ask,,,10273558
2026-07-07T03:02:44.384349,2026-07-07T03:02:44.398109+00:00,162.6,6,bid,,,10273561
2026-07-07T03:02:46.284408,2026-07-07T03:02:46.295943+00:00,162.3,50,ask,,,10273590
2026-07-07T03:02:46.294087,2026-07-07T03:02:46.301319+00:00,162.7,46,bid,,,10273591
2026-07-07T03:02:47.253193,2026-07-07T03:02:47.259562+00:00,162.7,43,bid,,,10273604
2026-07-07T03:02:48.392099,2026-07-07T03:02:48.404034+00:00,162.5,50,ask,,,10273625
2026-07-07T03:02:50.502562,2026-07-07T03:02:50.514014+00:00,162.5,50,ask,,,10273658
2026-07-07T03:02:51.363556,2026-07-07T03:02:51.374105+00:00,162.4,42,bid,,,10273672
2026-07-07T03:02:52.546179,2026-07-07T03:02:52.556102+00:00,162.1,49,ask,,,10273683
2026-07-07T03:02:55.145753,2026-07-07T03:02:55.140441+00:00,162.1,48,ask,,,10273710
2026-07-07T03:02:55.613397,2026-07-07T03:02:55.619891+00:00,162.3,42,bid,,,10273720
2026-07-07T03:02:56.111275,2026-07-07T03:02:56.122807+00:00,162.3,45,bid,,,10273727
2026-07-07T03:02:56.817694,2026-07-07T03:02:56.826312+00:00,162.1,50,ask,,,10273734
2026-07-07T03:02:57.165323,2026-07-07T03:02:57.175018+00:00,162.3,13,bid,,,10273737
2026-07-07T03:02:58.173284,2026-07-07T03:02:58.185216+00:00,162.3,100,bid,,,10273757
2026-07-07T03:02:58.224628,2026-07-07T03:02:58.236529+00:00,161.8,48,ask,,,10273759
2026-07-07T03:03:00.985243,2026-07-07T03:03:00.992447+00:00,162.6,50,bid,,,10273790
2026-07-07T03:03:02.243726,2026-07-07T03:03:02.252244+00:00,162.3,47,ask,,,10273807
2026-07-07T03:03:02.725956,2026-07-07T03:03:02.737467+00:00,162.6,41,bid,,,10273817
2026-07-07T03:03:03.091875,2026-07-07T03:03:03.100500+00:00,162.6,50,bid,,,10273823
2026-07-07T03:03:03.910650,2026-07-07T03:03:03.922226+00:00,162.8,100,bid,,,10273837
2026-07-07T03:03:04.559675,2026-07-07T03:03:04.568698+00:00,163.0,50,ask,,,10273845
2026-07-07T03:03:05.264222,2026-07-07T03:03:05.275947+00:00,162.4,50,ask,,,10273853
2026-07-07T03:03:05.654996,2026-07-07T03:03:05.666478+00:00,162.4,46,ask,,,10273859
2026-07-07T03:03:06.867482,2026-07-07T03:03:06.880341+00:00,162.9,44,bid,,,10273871
2026-07-07T03:03:07.320581,2026-07-07T03:03:07.332409+00:00,162.7,50,bid,,,10273877
2026-07-07T03:03:09.459021,2026-07-07T03:03:09.470486+00:00,162.7,50,bid,,,10273900
2026-07-07T03:03:09.816367,2026-07-07T03:03:09.825989+00:00,162.7,46,bid,,,10273909
2026-07-07T03:03:10.234914,2026-07-07T03:03:10.244151+00:00,162.9,100,bid,,,10273913
2026-07-07T03:03:10.424623,2026-07-07T03:03:10.432020+00:00,163.0,6,ask,,,10273916
2026-07-07T03:03:11.029238,2026-07-07T03:03:11.037013+00:00,163.0,11,ask,,,10273924
2026-07-07T03:03:11.564692,2026-07-07T03:03:11.576364+00:00,163.2,50,bid,,,10273941
2026-07-07T03:03:13.070014,2026-07-07T03:03:13.078273+00:00,163.0,12,ask,,,10273968
2026-07-07T03:03:13.451043,2026-07-07T03:03:13.463876+00:00,162.7,100,ask,,,10273974
2026-07-07T03:03:13.465158,2026-07-07T03:03:13.475251+00:00,162.5,23,bid,,,10273975
2026-07-07T03:03:13.680656,2026-07-07T03:03:13.692249+00:00,162.5,27,bid,,,10273981
2026-07-07T03:03:13.680656,2026-07-07T03:03:13.692249+00:00,163.2,23,bid,,,10273982
2026-07-07T03:03:14.702851,2026-07-07T03:03:14.714285+00:00,162.4,47,ask,,,10273998
2026-07-07T03:03:15.789055,2026-07-07T03:03:15.800829+00:00,162.9,50,bid,,,10274011
2026-07-07T03:03:16.353103,2026-07-07T03:03:16.364791+00:00,162.9,40,bid,,,10274019
2026-07-07T03:03:20.048986,2026-07-07T03:03:20.059425+00:00,163.2,50,bid,,,10274061
2026-07-07T03:03:21.321867,2026-07-07T03:03:21.336886+00:00,162.7,46,ask,,,10274081
2026-07-07T03:03:22.161398,2026-07-07T03:03:22.168899+00:00,163.2,50,bid,,,10274093
2026-07-07T03:03:24.269492,2026-07-07T03:03:24.275783+00:00,163.1,50,bid,,,10274106
2026-07-07T03:03:26.211983,2026-07-07T03:03:26.221233+00:00,162.6,11,ask,,,10274133
2026-07-07T03:03:26.437260,2026-07-07T03:03:26.449147+00:00,162.6,50,ask,,,10274135
2026-07-07T03:03:26.482430,2026-07-07T03:03:26.493919+00:00,162.6,39,ask,,,10274138
2026-07-07T03:03:26.482430,2026-07-07T03:03:26.493919+00:00,162.6,2,ask,,,10274139
2026-07-07T03:03:26.723969,2026-07-07T03:03:26.730911+00:00,162.6,100,ask,,,10274141
2026-07-07T03:03:27.372565,2026-07-07T03:03:27.384660+00:00,163.1,49,bid,,,10274150
2026-07-07T03:03:28.493060,2026-07-07T03:03:28.502599+00:00,163.1,50,bid,,,10274174
2026-07-07T03:03:30.600233,2026-07-07T03:03:30.608123+00:00,163.0,50,bid,,,10274200
2026-07-07T03:03:32.550259,2026-07-07T03:03:32.558555+00:00,162.8,44,ask,,,10274226
2026-07-07T03:03:32.704468,2026-07-07T03:03:32.715896+00:00,163.0,50,bid,,,10274228
2026-07-07T03:03:33.162811,2026-07-07T03:03:33.174243+00:00,162.9,46,ask,,,10274242
2026-07-07T03:03:33.459627,2026-07-07T03:03:33.468491+00:00,162.9,23,ask,,,10274244
2026-07-07T03:03:34.812669,2026-07-07T03:03:34.824222+00:00,163.2,50,bid,,,10274266
2026-07-07T03:03:36.920345,2026-07-07T03:03:36.932029+00:00,163.2,50,bid,,,10274277
2026-07-07T03:03:38.154320,2026-07-07T03:03:38.163746+00:00,163.2,44,bid,,,10274293
2026-07-07T03:03:39.028669,2026-07-07T03:03:39.040379+00:00,163.2,6,bid,,,10274301
2026-07-07T03:03:39.028669,2026-07-07T03:03:39.040379+00:00,163.2,44,bid,,,10274302
2026-07-07T03:03:39.231136,2026-07-07T03:03:39.258603+00:00,163.2,46,bid,,,10274304
2026-07-07T03:03:41.137801,2026-07-07T03:03:41.148478+00:00,163.2,50,bid,,,10274327
2026-07-07T03:03:41.859484,2026-07-07T03:03:41.876743+00:00,163.4,100,bid,,,10274333
2026-07-07T03:03:41.932330,2026-07-07T03:03:41.939549+00:00,163.4,34,ask,,,10274334
2026-07-07T03:03:43.243840,2026-07-07T03:03:43.263636+00:00,163.9,50,bid,,,10274349
2026-07-07T03:03:44.481108,2026-07-07T03:03:44.492723+00:00,163.4,16,ask,,,10274366
2026-07-07T03:03:44.481108,2026-07-07T03:03:44.492723+00:00,163.4,29,ask,,,10274367
2026-07-07T03:03:45.351483,2026-07-07T03:03:45.357958+00:00,163.6,50,bid,,,10274379
2026-07-07T03:03:45.892226,2026-07-07T03:03:45.900273+00:00,163.4,26,ask,,,10274383
2026-07-07T03:03:46.022204,2026-07-07T03:03:46.034102+00:00,163.4,49,ask,,,10274387
2026-07-07T03:03:46.587956,2026-07-07T03:03:46.597606+00:00,163.6,49,bid,,,10274400
2026-07-07T03:03:47.182827,2026-07-07T03:03:47.194500+00:00,163.4,25,ask,,,10274407
2026-07-07T03:03:47.182827,2026-07-07T03:03:47.194500+00:00,163.1,21,ask,,,10274408
2026-07-07T03:03:47.459145,2026-07-07T03:03:47.470859+00:00,163.6,50,bid,,,10274412
2026-07-07T03:03:49.277574,2026-07-07T03:03:49.283016+00:00,163.4,41,ask,,,10274434
2026-07-07T03:03:49.565468,2026-07-07T03:03:49.577467+00:00,163.9,50,bid,,,10274437
2026-07-07T03:03:51.672084,2026-07-07T03:03:51.683635+00:00,163.7,50,bid,,,10274467
2026-07-07T03:03:52.549039,2026-07-07T03:03:52.558550+00:00,163.7,47,bid,,,10274477
2026-07-07T03:03:53.150500,2026-07-07T03:03:53.163956+00:00,163.7,44,bid,,,10274488
2026-07-07T03:03:53.203740,2026-07-07T03:03:53.215522+00:00,163.2,47,ask,,,10274489
2026-07-07T03:03:53.777563,2026-07-07T03:03:53.785510+00:00,163.7,9,bid,,,10274497
2026-07-07T03:03:53.777563,2026-07-07T03:03:53.790761+00:00,163.7,41,bid,,,10274498
2026-07-07T03:03:54.148709,2026-07-07T03:03:54.163870+00:00,163.2,44,ask,,,10274505
2026-07-07T03:03:55.937402,2026-07-07T03:03:55.949163+00:00,163.5,50,ask,,,10274527
2026-07-07T03:03:57.309950,2026-07-07T03:03:57.321596+00:00,163.8,49,bid,,,10274537
2026-07-07T03:03:58.045039,2026-07-07T03:03:58.063812+00:00,163.6,50,ask,,,10274549
2026-07-07T03:03:59.014084,2026-07-07T03:03:59.025523+00:00,163.8,41,bid,,,10274565
2026-07-07T03:03:59.068647,2026-07-07T03:03:59.080216+00:00,163.6,47,ask,,,10274567
2026-07-07T03:04:00.153646,2026-07-07T03:04:00.163705+00:00,163.6,50,ask,,,10274576
2026-07-07T03:04:02.099041,2026-07-07T03:04:02.109779+00:00,163.5,40,ask,,,10274598
2026-07-07T03:04:02.262055,2026-07-07T03:04:02.271643+00:00,163.5,50,ask,,,10274600
2026-07-07T03:04:02.732065,2026-07-07T03:04:02.743818+00:00,163.6,41,bid,,,10274608
2026-07-07T03:04:04.370238,2026-07-07T03:04:04.378388+00:00,163.5,10,ask,,,10274630
2026-07-07T03:04:04.370238,2026-07-07T03:04:04.378388+00:00,163.1,40,ask,,,10274631
2026-07-07T03:04:05.280392,2026-07-07T03:04:05.292247+00:00,163.5,42,bid,,,10274641
2026-07-07T03:04:06.108198,2026-07-07T03:04:06.116212+00:00,163.5,3,bid,,,10274660
2026-07-07T03:04:06.476728,2026-07-07T03:04:06.485257+00:00,163.1,50,ask,,,10274667
2026-07-07T03:04:07.217150,2026-07-07T03:04:07.226975+00:00,163.4,11,bid,,,10274674
2026-07-07T03:04:08.595301,2026-07-07T03:04:08.606846+00:00,163.3,50,ask,,,10274687
2026-07-07T03:04:10.703756,2026-07-07T03:04:10.715259+00:00,163.3,50,ask,,,10274721
2026-07-07T03:04:12.825982,2026-07-07T03:04:12.837196+00:00,163.3,50,ask,,,10274751
2026-07-07T03:04:13.366346,2026-07-07T03:04:13.374551+00:00,163.5,12,bid,,,10274759
2026-07-07T03:04:13.672585,2026-07-07T03:04:13.684268+00:00,163.0,49,ask,,,10274766
2026-07-07T03:04:13.970087,2026-07-07T03:04:13.978970+00:00,163.3,11,bid,,,10274770
2026-07-07T03:04:14.723364,2026-07-07T03:04:14.732611+00:00,163.3,12,bid,,,10274781
2026-07-07T03:04:14.932013,2026-07-07T03:04:14.939113+00:00,163.0,50,ask,,,10274788
2026-07-07T03:04:15.802469,2026-07-07T03:04:15.811153+00:00,163.3,11,bid,,,10274794
2026-07-07T03:04:17.060921,2026-07-07T03:04:17.072342+00:00,163.2,50,ask,,,10274819
2026-07-07T03:04:18.029228,2026-07-07T03:04:18.041304+00:00,163.5,47,bid,,,10274827
2026-07-07T03:04:18.558797,2026-07-07T03:04:18.570273+00:00,163.5,47,bid,,,10274833
2026-07-07T03:04:19.168473,2026-07-07T03:04:19.180416+00:00,163.2,50,ask,,,10274845
2026-07-07T03:04:19.961484,2026-07-07T03:04:19.975040+00:00,163.2,23,bid,,,10274855
2026-07-07T03:04:20.444837,2026-07-07T03:04:20.458606+00:00,163.2,100,bid,,,10274866
2026-07-07T03:04:21.277592,2026-07-07T03:04:21.288006+00:00,162.7,50,ask,,,10274874
2026-07-07T03:04:21.919176,2026-07-07T03:04:21.928967+00:00,163.2,27,bid,,,10274888
2026-07-07T03:04:23.382707,2026-07-07T03:04:23.394515+00:00,163.3,50,ask,,,10274899
2026-07-07T03:04:23.892606,2026-07-07T03:04:23.901418+00:00,163.3,34,ask,,,10274903
2026-07-07T03:04:25.489611,2026-07-07T03:04:25.501096+00:00,163.3,50,ask,,,10274924
2026-07-07T03:04:26.204688,2026-07-07T03:04:26.212610+00:00,163.2,22,bid,,,10274931
2026-07-07T03:04:27.595429,2026-07-07T03:04:27.607121+00:00,163.0,50,ask,,,10274945
2026-07-07T03:04:27.817142,2026-07-07T03:04:27.825221+00:00,163.2,12,bid,,,10274948
2026-07-07T03:04:29.651024,2026-07-07T03:04:29.657552+00:00,163.3,50,bid,,,10274969
2026-07-07T03:04:30.449549,2026-07-07T03:04:30.458144+00:00,163.3,11,bid,,,10274984
2026-07-07T03:04:31.839763,2026-07-07T03:04:31.851462+00:00,162.9,50,ask,,,10275003
2026-07-07T03:04:32.424261,2026-07-07T03:04:32.433139+00:00,162.9,43,ask,,,10275013
2026-07-07T03:04:32.999990,2026-07-07T03:04:33.009897+00:00,163.1,40,ask,,,10275019
2026-07-07T03:04:33.156198,2026-07-07T03:04:33.168165+00:00,163.1,100,ask,,,10275021
2026-07-07T03:04:33.977240,2026-07-07T03:04:33.984966+00:00,163.1,10,ask,,,10275043
2026-07-07T03:04:35.689043,2026-07-07T03:04:35.697328+00:00,163.1,6,bid,,,10275064
2026-07-07T03:04:36.083262,2026-07-07T03:04:36.093046+00:00,162.6,50,ask,,,10275072
2026-07-07T03:04:36.267161,2026-07-07T03:04:36.276798+00:00,163.1,100,bid,,,10275077
2026-07-07T03:04:38.139900,2026-07-07T03:04:38.146303+00:00,163.1,44,bid,,,10275111
2026-07-07T03:04:38.139900,2026-07-07T03:04:38.146303+00:00,163.6,6,bid,,,10275112
2026-07-07T03:04:39.482798,2026-07-07T03:04:39.494363+00:00,163.5,100,ask,,,10275129
2026-07-07T03:04:39.634957,2026-07-07T03:04:39.643292+00:00,163.5,6,ask,,,10275130
2026-07-07T03:04:40.108600,2026-07-07T03:04:40.118417+00:00,163.5,41,ask,,,10275135
2026-07-07T03:04:42.018169,2026-07-07T03:04:42.027953+00:00,163.3,6,bid,,,10275154
2026-07-07T03:04:42.594398,2026-07-07T03:04:42.605968+00:00,163.3,100,bid,,,10275164
2026-07-07T03:04:46.564650,2026-07-07T03:04:46.576500+00:00,163.8,50,bid,,,10275209
2026-07-07T03:04:48.973714,2026-07-07T03:04:48.985224+00:00,163.7,100,ask,,,10275252
2026-07-07T03:04:52.516302,2026-07-07T03:04:52.528200+00:00,164.0,45,bid,,,10275299
2026-07-07T03:04:52.879234,2026-07-07T03:04:52.891121+00:00,164.0,50,bid,,,10275307
2026-07-07T03:04:54.134066,2026-07-07T03:04:54.158568+00:00,164.0,40,bid,,,10275332
2026-07-07T03:04:54.613180,2026-07-07T03:04:54.621725+00:00,164.0,6,ask,,,10275338
2026-07-07T03:04:55.037203,2026-07-07T03:04:55.048706+00:00,164.0,50,ask,,,10275342
2026-07-07T03:04:55.357006,2026-07-07T03:04:55.368716+00:00,164.1,48,bid,,,10275344
2026-07-07T03:04:55.380204,2026-07-07T03:04:55.388652+00:00,164.0,11,ask,,,10275345
2026-07-07T03:04:56.464159,2026-07-07T03:04:56.475672+00:00,164.0,49,ask,,,10275353
2026-07-07T03:04:57.091637,2026-07-07T03:04:57.103142+00:00,164.1,50,bid,,,10275359
2026-07-07T03:04:59.249621,2026-07-07T03:04:59.256142+00:00,163.8,50,ask,,,10275385
2026-07-07T03:05:01.281320,2026-07-07T03:05:01.291014+00:00,163.9,45,bid,,,10275409
2026-07-07T03:05:01.356830,2026-07-07T03:05:01.368319+00:00,163.8,50,ask,,,10275411
2026-07-07T03:05:03.462612,2026-07-07T03:05:03.469014+00:00,163.4,50,ask,,,10275433
2026-07-07T03:05:05.873942,2026-07-07T03:05:05.882066+00:00,163.9,11,bid,,,10275465
2026-07-07T03:05:06.699102,2026-07-07T03:05:06.708132+00:00,163.9,6,bid,,,10275477
2026-07-07T03:05:07.670276,2026-07-07T03:05:07.682025+00:00,163.9,50,ask,,,10275485
2026-07-07T03:05:09.726941,2026-07-07T03:05:09.735379+00:00,164.4,50,bid,,,10275511
2026-07-07T03:05:11.883834,2026-07-07T03:05:11.890308+00:00,163.8,50,ask,,,10275538
2026-07-07T03:05:13.992289,2026-07-07T03:05:14.004272+00:00,163.8,50,ask,,,10275559
2026-07-07T03:05:14.388818,2026-07-07T03:05:14.400573+00:00,163.4,47,ask,,,10275567
2026-07-07T03:05:16.099248,2026-07-07T03:05:16.105973+00:00,163.4,50,ask,,,10275585
2026-07-07T03:05:18.153586,2026-07-07T03:05:18.165389+00:00,163.6,50,bid,,,10275604
2026-07-07T03:05:21.640138,2026-07-07T03:05:21.651555+00:00,163.7,46,bid,,,10275643
2026-07-07T03:05:22.363735,2026-07-07T03:05:22.374141+00:00,163.7,50,bid,,,10275656
2026-07-07T03:05:22.869199,2026-07-07T03:05:22.880674+00:00,163.7,42,bid,,,10275658
2026-07-07T03:05:23.417799,2026-07-07T03:05:23.424434+00:00,163.8,49,ask,,,10275664
2026-07-07T03:05:24.483801,2026-07-07T03:05:24.495481+00:00,164.0,50,bid,,,10275674
2026-07-07T03:05:24.541774,2026-07-07T03:05:24.553188+00:00,163.8,41,ask,,,10275675
2026-07-07T03:05:26.650027,2026-07-07T03:05:26.656630+00:00,163.5,50,ask,,,10275702
2026-07-07T03:05:28.401736,2026-07-07T03:05:28.413461+00:00,164.0,42,bid,,,10275732
2026-07-07T03:05:29.512433,2026-07-07T03:05:29.523800+00:00,163.6,47,ask,,,10275751
2026-07-07T03:05:32.927990,2026-07-07T03:05:32.938261+00:00,163.9,50,bid,,,10275797
2026-07-07T03:05:33.868717,2026-07-07T03:05:33.880393+00:00,163.6,49,ask,,,10275811
2026-07-07T03:05:35.036386,2026-07-07T03:05:35.042974+00:00,163.9,50,bid,,,10275823
2026-07-07T03:05:37.143710,2026-07-07T03:05:37.163662+00:00,163.9,50,bid,,,10275851
2026-07-07T03:05:41.206573,2026-07-07T03:05:41.213639+00:00,163.9,47,bid,,,10275913
2026-07-07T03:05:41.408871,2026-07-07T03:05:41.420343+00:00,163.5,50,ask,,,10275919
2026-07-07T03:05:43.516358,2026-07-07T03:05:43.528086+00:00,163.6,50,ask,,,10275951
2026-07-07T03:05:43.947131,2026-07-07T03:05:43.958572+00:00,163.6,42,ask,,,10275960
2026-07-07T03:05:44.533885,2026-07-07T03:05:44.541282+00:00,163.8,43,bid,,,10275969
2026-07-07T03:05:45.627405,2026-07-07T03:05:45.636690+00:00,163.6,8,ask,,,10275980
2026-07-07T03:05:45.627405,2026-07-07T03:05:45.636690+00:00,163.4,42,ask,,,10275981
2026-07-07T03:05:47.128329,2026-07-07T03:05:47.140150+00:00,163.8,49,bid,,,10275994
2026-07-07T03:05:47.735421,2026-07-07T03:05:47.741908+00:00,163.4,50,ask,,,10276003
2026-07-07T03:05:49.792389,2026-07-07T03:05:49.803868+00:00,163.5,50,bid,,,10276025
2026-07-07T03:05:50.374711,2026-07-07T03:05:50.381490+00:00,163.5,44,bid,,,10276044
2026-07-07T03:05:51.949562,2026-07-07T03:05:51.955957+00:00,163.4,50,ask,,,10276065
2026-07-07T03:05:52.496253,2026-07-07T03:05:52.507982+00:00,163.4,47,ask,,,10276074
2026-07-07T03:05:54.005601,2026-07-07T03:05:54.017341+00:00,163.7,50,bid,,,10276092
2026-07-07T03:05:56.114140,2026-07-07T03:05:56.121642+00:00,163.6,50,bid,,,10276124
2026-07-07T03:05:58.222457,2026-07-07T03:05:58.234419+00:00,163.8,50,bid,,,10276157
2026-07-07T03:05:59.237272,2026-07-07T03:05:59.249012+00:00,163.4,40,ask,,,10276174
2026-07-07T03:06:00.330831,2026-07-07T03:06:00.342632+00:00,163.8,50,bid,,,10276186
2026-07-07T03:06:00.691609,2026-07-07T03:06:00.703267+00:00,163.4,42,ask,,,10276190
2026-07-07T03:06:02.440496,2026-07-07T03:06:02.452072+00:00,163.7,50,bid,,,10276210
2026-07-07T03:06:05.922904,2026-07-07T03:06:05.934692+00:00,163.9,49,bid,,,10276255
2026-07-07T03:06:06.714811,2026-07-07T03:06:06.723228+00:00,163.5,50,ask,,,10276270
2026-07-07T03:06:08.820495,2026-07-07T03:06:08.831902+00:00,163.4,50,ask,,,10276296
2026-07-07T03:06:08.961263,2026-07-07T03:06:08.972833+00:00,163.4,41,ask,,,10276298
2026-07-07T03:06:09.598823,2026-07-07T03:06:09.612228+00:00,163.6,45,bid,,,10276309
2026-07-07T03:06:09.678098,2026-07-07T03:06:09.689963+00:00,163.4,9,ask,,,10276310
2026-07-07T03:06:10.942429,2026-07-07T03:06:10.963883+00:00,163.4,50,ask,,,10276321
2026-07-07T03:06:12.998743,2026-07-07T03:06:13.010322+00:00,163.6,50,bid,,,10276342
2026-07-07T03:06:13.582762,2026-07-07T03:06:13.594261+00:00,163.4,43,ask,,,10276348
2026-07-07T03:06:15.107363,2026-07-07T03:06:15.118834+00:00,163.5,50,bid,,,10276369
2026-07-07T03:06:17.216383,2026-07-07T03:06:17.227989+00:00,163.8,50,bid,,,10276396
2026-07-07T03:06:19.399594,2026-07-07T03:06:19.408718+00:00,163.6,50,ask,,,10276427
2026-07-07T03:06:20.439188,2026-07-07T03:06:20.446074+00:00,164.0,45,bid,,,10276440
2026-07-07T03:06:21.397756,2026-07-07T03:06:21.408461+00:00,164.0,41,bid,,,10276447
2026-07-07T03:06:21.506171,2026-07-07T03:06:21.518055+00:00,163.5,50,ask,,,10276451
2026-07-07T03:06:23.482369,2026-07-07T03:06:23.488873+00:00,163.6,49,ask,,,10276479
2026-07-07T03:06:25.019966,2026-07-07T03:06:25.026984+00:00,163.8,42,bid,,,10276502
2026-07-07T03:06:25.719472,2026-07-07T03:06:25.731089+00:00,163.6,50,ask,,,10276510
2026-07-07T03:06:27.841163,2026-07-07T03:06:27.850198+00:00,163.4,50,ask,,,10276539
2026-07-07T03:06:29.584629,2026-07-07T03:06:29.590984+00:00,163.4,50,ask,,,10276551
2026-07-07T03:06:29.896278,2026-07-07T03:06:29.907691+00:00,163.4,50,bid,,,10276559
2026-07-07T03:06:30.699419,2026-07-07T03:06:30.710850+00:00,163.4,43,bid,,,10276573
2026-07-07T03:06:32.006389,2026-07-07T03:06:32.016201+00:00,163.4,7,bid,,,10276588
2026-07-07T03:06:32.006389,2026-07-07T03:06:32.016201+00:00,163.7,43,bid,,,10276589
2026-07-07T03:06:33.293814,2026-07-07T03:06:33.303034+00:00,163.5,47,ask,,,10276601
2026-07-07T03:06:33.793321,2026-07-07T03:06:33.801223+00:00,163.5,6,ask,,,10276607
2026-07-07T03:06:33.911763,2026-07-07T03:06:33.918910+00:00,163.5,11,ask,,,10276612
2026-07-07T03:06:34.115444,2026-07-07T03:06:34.124115+00:00,163.7,50,bid,,,10276616
2026-07-07T03:06:34.779057,2026-07-07T03:06:34.787847+00:00,163.5,44,ask,,,10276627
2026-07-07T03:06:36.220540,2026-07-07T03:06:36.232209+00:00,163.5,50,bid,,,10276648
2026-07-07T03:06:37.879708,2026-07-07T03:06:37.891502+00:00,163.5,46,bid,,,10276668
2026-07-07T03:06:38.329118,2026-07-07T03:06:38.368780+00:00,163.5,50,bid,,,10276678
2026-07-07T03:06:40.438664,2026-07-07T03:06:40.448473+00:00,163.9,50,bid,,,10276713
2026-07-07T03:06:41.693461,2026-07-07T03:06:41.701153+00:00,163.5,12,ask,,,10276729
2026-07-07T03:06:42.547901,2026-07-07T03:06:42.558450+00:00,163.9,50,bid,,,10276744
2026-07-07T03:06:43.121291,2026-07-07T03:06:43.133057+00:00,163.4,44,ask,,,10276751
2026-07-07T03:06:44.658271,2026-07-07T03:06:44.669601+00:00,163.8,50,bid,,,10276772
2026-07-07T03:06:46.764996,2026-07-07T03:06:46.776825+00:00,164.0,50,bid,,,10276796
2026-07-07T03:06:48.406794,2026-07-07T03:06:48.413374+00:00,163.8,42,ask,,,10276811
2026-07-07T03:06:48.871191,2026-07-07T03:06:48.882794+00:00,164.3,50,bid,,,10276817
2026-07-07T03:06:49.319201,2026-07-07T03:06:49.340955+00:00,164.3,41,bid,,,10276822
2026-07-07T03:06:50.978310,2026-07-07T03:06:50.990018+00:00,164.3,50,bid,,,10276847
2026-07-07T03:06:51.720609,2026-07-07T03:06:51.729142+00:00,164.1,34,ask,,,10276857
2026-07-07T03:06:52.723439,2026-07-07T03:06:52.732108+00:00,164.1,40,ask,,,10276869
2026-07-07T03:06:53.087933,2026-07-07T03:06:53.096139+00:00,164.3,50,bid,,,10276877
2026-07-07T03:06:53.861886,2026-07-07T03:06:53.871058+00:00,164.1,11,ask,,,10276886
2026-07-07T03:06:54.846312,2026-07-07T03:06:54.863888+00:00,164.3,42,bid,,,10276897
2026-07-07T03:06:55.194620,2026-07-07T03:06:55.206018+00:00,164.2,50,bid,,,10276900
2026-07-07T03:06:55.389703,2026-07-07T03:06:55.401214+00:00,163.8,45,ask,,,10276904
2026-07-07T03:06:55.964215,2026-07-07T03:06:55.975814+00:00,164.2,42,bid,,,10276910
2026-07-07T03:06:57.994970,2026-07-07T03:06:58.006491+00:00,164.0,48,ask,,,10276932
2026-07-07T03:06:59.457300,2026-07-07T03:06:59.463963+00:00,164.2,50,ask,,,10276952
2026-07-07T03:06:59.664185,2026-07-07T03:06:59.672291+00:00,164.4,46,bid,,,10276954
2026-07-07T03:07:01.513520,2026-07-07T03:07:01.525242+00:00,164.4,50,bid,,,10276978
2026-07-07T03:07:03.672833,2026-07-07T03:07:03.684398+00:00,164.0,50,ask,,,10277008
2026-07-07T03:07:05.730301,2026-07-07T03:07:05.741874+00:00,164.2,50,bid,,,10277031
2026-07-07T03:07:06.539962,2026-07-07T03:07:06.551630+00:00,164.1,44,ask,,,10277040
2026-07-07T03:07:07.897485,2026-07-07T03:07:07.909280+00:00,164.1,50,ask,,,10277064
2026-07-07T03:07:09.054542,2026-07-07T03:07:09.064177+00:00,164.4,46,bid,,,10277076
2026-07-07T03:07:10.005093,2026-07-07T03:07:10.016562+00:00,163.9,50,ask,,,10277094
2026-07-07T03:07:10.445755,2026-07-07T03:07:10.458588+00:00,163.9,47,ask,,,10277096
2026-07-07T03:07:11.491901,2026-07-07T03:07:11.503486+00:00,163.7,41,ask,,,10277116
2026-07-07T03:07:12.116623,2026-07-07T03:07:12.128040+00:00,163.7,50,ask,,,10277126
2026-07-07T03:07:12.707686,2026-07-07T03:07:12.719346+00:00,164.1,46,bid,,,10277130
2026-07-07T03:07:14.221360,2026-07-07T03:07:14.232909+00:00,163.9,50,ask,,,10277145
2026-07-07T03:07:16.328330,2026-07-07T03:07:16.336434+00:00,163.9,50,ask,,,10277170
2026-07-07T03:07:17.100066,2026-07-07T03:07:17.105370+00:00,163.7,11,bid,,,10277177
2026-07-07T03:07:18.434024,2026-07-07T03:07:18.418236+00:00,163.3,50,ask,,,10277195
2026-07-07T03:07:19.940717,2026-07-07T03:07:19.963735+00:00,163.7,45,bid,,,10277210
2026-07-07T03:07:20.541890,2026-07-07T03:07:20.564301+00:00,163.3,50,ask,,,10277224
2026-07-07T03:07:20.885678,2026-07-07T03:07:20.893768+00:00,163.4,23,bid,,,10277230
2026-07-07T03:07:20.960746,2026-07-07T03:07:20.970285+00:00,163.3,45,ask,,,10277232
2026-07-07T03:07:22.365227,2026-07-07T03:07:22.381647+00:00,163.4,23,bid,,,10277257
2026-07-07T03:07:22.647499,2026-07-07T03:07:22.653893+00:00,163.3,50,ask,,,10277261
2026-07-07T03:07:23.788737,2026-07-07T03:07:23.800424+00:00,163.3,48,bid,,,10277276
2026-07-07T03:07:24.286303,2026-07-07T03:07:24.297948+00:00,163.3,47,bid,,,10277283
2026-07-07T03:07:24.755643,2026-07-07T03:07:24.769223+00:00,163.1,42,ask,,,10277295
2026-07-07T03:07:24.755934,2026-07-07T03:07:24.774232+00:00,163.1,50,ask,,,10277296
2026-07-07T03:07:26.257451,2026-07-07T03:07:26.268939+00:00,163.3,49,bid,,,10277307
2026-07-07T03:07:26.559583,2026-07-07T03:07:26.563311+00:00,163.5,23,ask,,,10277310
2026-07-07T03:07:26.813190,2026-07-07T03:07:26.822537+00:00,163.6,50,bid,,,10277313
2026-07-07T03:07:27.202430,2026-07-07T03:07:27.214258+00:00,163.5,100,ask,,,10277318
2026-07-07T03:07:28.902248,2026-07-07T03:07:28.909518+00:00,163.5,11,ask,,,10277342
2026-07-07T03:07:28.972201,2026-07-07T03:07:28.981345+00:00,163.5,16,ask,,,10277346
2026-07-07T03:07:32.502485,2026-07-07T03:07:32.514137+00:00,163.0,46,ask,,,10277398
2026-07-07T03:07:32.931955,2026-07-07T03:07:32.939688+00:00,163.3,11,bid,,,10277402
2026-07-07T03:07:36.911059,2026-07-07T03:07:36.919684+00:00,163.2,44,bid,,,10277453
2026-07-07T03:07:37.351036,2026-07-07T03:07:37.351355+00:00,163.2,50,bid,,,10277459
2026-07-07T03:07:37.388521,2026-07-07T03:07:37.400293+00:00,162.8,49,ask,,,10277461
2026-07-07T03:07:38.086709,2026-07-07T03:07:38.095530+00:00,163.2,11,bid,,,10277472
2026-07-07T03:07:39.192890,2026-07-07T03:07:39.200242+00:00,163.3,100,bid,,,10277490
2026-07-07T03:07:39.458781,2026-07-07T03:07:39.470509+00:00,163.8,50,bid,,,10277494
2026-07-07T03:07:41.769173,2026-07-07T03:07:41.777839+00:00,163.3,11,ask,,,10277522
2026-07-07T03:07:43.730101,2026-07-07T03:07:43.741998+00:00,163.0,50,ask,,,10277548
2026-07-07T03:07:44.466153,2026-07-07T03:07:44.478040+00:00,163.0,42,ask,,,10277559
2026-07-07T03:07:45.786565,2026-07-07T03:07:45.795104+00:00,163.4,50,bid,,,10277572
2026-07-07T03:07:47.604617,2026-07-07T03:07:47.616310+00:00,163.1,44,bid,,,10277585
2026-07-07T03:07:47.807374,2026-07-07T03:07:47.815629+00:00,163.1,11,bid,,,10277590
2026-07-07T03:07:48.221034,2026-07-07T03:07:48.231589+00:00,163.1,43,bid,,,10277595
2026-07-07T03:07:50.048662,2026-07-07T03:07:50.058558+00:00,163.0,50,ask,,,10277622
2026-07-07T03:07:50.980036,2026-07-07T03:07:50.991430+00:00,163.0,43,ask,,,10277637
2026-07-07T03:07:51.550276,2026-07-07T03:07:51.558644+00:00,163.4,42,bid,,,10277647
2026-07-07T03:07:52.094980,2026-07-07T03:07:52.106853+00:00,163.0,43,ask,,,10277654
2026-07-07T03:07:52.155392,2026-07-07T03:07:52.163618+00:00,163.0,50,ask,,,10277657
2026-07-07T03:07:52.678807,2026-07-07T03:07:52.688776+00:00,163.3,42,ask,,,10277671
2026-07-07T03:07:53.231911,2026-07-07T03:07:53.243463+00:00,163.3,44,ask,,,10277683
2026-07-07T03:07:53.859515,2026-07-07T03:07:53.867916+00:00,163.3,11,ask,,,10277691
2026-07-07T03:07:54.211157,2026-07-07T03:07:54.222603+00:00,163.5,50,bid,,,10277699
2026-07-07T03:07:55.057016,2026-07-07T03:07:55.065919+00:00,163.3,3,ask,,,10277714
2026-07-07T03:07:55.072514,2026-07-07T03:07:55.081967+00:00,163.1,11,bid,,,10277715
2026-07-07T03:07:55.123588,2026-07-07T03:07:55.132372+00:00,163.1,23,bid,,,10277718
2026-07-07T03:07:55.184542,2026-07-07T03:07:55.196449+00:00,163.1,45,bid,,,10277720
2026-07-07T03:07:55.607035,2026-07-07T03:07:55.617566+00:00,163.1,68,bid,,,10277727
2026-07-07T03:07:57.330936,2026-07-07T03:07:57.342400+00:00,163.6,42,bid,,,10277751
2026-07-07T03:07:57.859639,2026-07-07T03:07:57.871352+00:00,163.1,32,ask,,,10277757
2026-07-07T03:07:58.173895,2026-07-07T03:07:58.182112+00:00,163.4,23,ask,,,10277770
2026-07-07T03:07:58.821677,2026-07-07T03:07:58.831508+00:00,163.4,100,ask,,,10277780
2026-07-07T03:08:00.141325,2026-07-07T03:08:00.158610+00:00,163.4,27,ask,,,10277794
2026-07-07T03:08:00.577827,2026-07-07T03:08:00.585396+00:00,162.9,50,ask,,,10277801
2026-07-07T03:08:01.662737,2026-07-07T03:08:01.678005+00:00,163.5,43,bid,,,10277810
2026-07-07T03:08:02.277792,2026-07-07T03:08:02.289303+00:00,163.5,49,bid,,,10277820
2026-07-07T03:08:04.739703,2026-07-07T03:08:04.758892+00:00,163.6,50,bid,,,10277851
2026-07-07T03:08:05.013076,2026-07-07T03:08:05.024606+00:00,163.1,41,ask,,,10277856
2026-07-07T03:08:06.848953,2026-07-07T03:08:06.864196+00:00,163.3,50,bid,,,10277883
2026-07-07T03:08:08.309436,2026-07-07T03:08:08.358653+00:00,162.9,100,ask,,,10277903
2026-07-07T03:08:08.918803,2026-07-07T03:08:08.926848+00:00,162.9,11,ask,,,10277912
2026-07-07T03:08:09.614956,2026-07-07T03:08:09.626655+00:00,162.9,39,ask,,,10277923
2026-07-07T03:08:09.614956,2026-07-07T03:08:09.626655+00:00,162.2,4,ask,,,10277924
2026-07-07T03:08:10.896904,2026-07-07T03:08:10.904838+00:00,162.5,23,bid,,,10277944
2026-07-07T03:08:11.118357,2026-07-07T03:08:11.130047+00:00,162.2,50,ask,,,10277949
2026-07-07T03:08:11.418609,2026-07-07T03:08:11.426863+00:00,162.5,100,bid,,,10277959
2026-07-07T03:08:13.224600,2026-07-07T03:08:13.234197+00:00,162.0,50,ask,,,10277985
2026-07-07T03:08:15.330815,2026-07-07T03:08:15.339654+00:00,162.2,50,ask,,,10278013
2026-07-07T03:08:15.761642,2026-07-07T03:08:15.773237+00:00,162.7,40,bid,,,10278020
2026-07-07T03:08:16.827144,2026-07-07T03:08:16.833799+00:00,162.7,42,bid,,,10278031
2026-07-07T03:08:17.448721,2026-07-07T03:08:17.455095+00:00,162.2,50,ask,,,10278043
2026-07-07T03:08:19.504135,2026-07-07T03:08:19.515939+00:00,162.4,50,bid,,,10278070
2026-07-07T03:08:20.622542,2026-07-07T03:08:20.632226+00:00,162.2,41,ask,,,10278084
2026-07-07T03:08:21.612809,2026-07-07T03:08:21.619865+00:00,162.7,50,bid,,,10278096
2026-07-07T03:08:22.130814,2026-07-07T03:08:22.142545+00:00,162.2,43,ask,,,10278107
2026-07-07T03:08:22.599912,2026-07-07T03:08:22.611360+00:00,162.7,47,bid,,,10278112
2026-07-07T03:08:24.223760,2026-07-07T03:08:24.232292+00:00,162.1,44,ask,,,10278130
2026-07-07T03:08:29.565992,2026-07-07T03:08:29.576428+00:00,162.7,48,bid,,,10278183
2026-07-07T03:08:30.099144,2026-07-07T03:08:30.109823+00:00,162.3,50,ask,,,10278189
2026-07-07T03:08:31.534723,2026-07-07T03:08:31.542069+00:00,162.3,41,ask,,,10278216
2026-07-07T03:08:32.208686,2026-07-07T03:08:32.216487+00:00,162.3,50,ask,,,10278224
2026-07-07T03:08:33.045906,2026-07-07T03:08:33.063771+00:00,162.2,100,ask,,,10278231
2026-07-07T03:08:33.055740,2026-07-07T03:08:33.063771+00:00,162.2,17,bid,,,10278232
2026-07-07T03:08:33.538559,2026-07-07T03:08:33.545185+00:00,162.2,33,bid,,,10278238
2026-07-07T03:08:34.332604,2026-07-07T03:08:34.346709+00:00,161.8,50,ask,,,10278256
2026-07-07T03:08:34.482487,2026-07-07T03:08:34.494180+00:00,162.3,40,bid,,,10278262
2026-07-07T03:08:36.155632,2026-07-07T03:08:36.169329+00:00,162.3,60,bid,,,10278279
2026-07-07T03:08:36.441697,2026-07-07T03:08:36.449140+00:00,162.3,50,ask,,,10278284
2026-07-07T03:08:37.819383,2026-07-07T03:08:37.830081+00:00,162.3,40,ask,,,10278300
2026-07-07T03:08:37.819383,2026-07-07T03:08:37.830081+00:00,162.0,4,ask,,,10278301
2026-07-07T03:08:38.560152,2026-07-07T03:08:38.569256+00:00,162.0,50,ask,,,10278313
2026-07-07T03:08:38.956552,2026-07-07T03:08:38.968146+00:00,162.5,43,bid,,,10278319
2026-07-07T03:08:40.516505,2026-07-07T03:08:40.528032+00:00,162.3,47,bid,,,10278339
2026-07-07T03:08:42.776175,2026-07-07T03:08:42.787644+00:00,162.0,50,ask,,,10278366
2026-07-07T03:08:44.888456,2026-07-07T03:08:44.898279+00:00,161.8,50,ask,,,10278393
2026-07-07T03:08:46.994908,2026-07-07T03:08:47.006314+00:00,161.9,50,ask,,,10278419
2026-07-07T03:08:47.020046,2026-07-07T03:08:47.031636+00:00,161.9,49,ask,,,10278420
2026-07-07T03:08:49.099346,2026-07-07T03:08:49.111232+00:00,161.9,1,ask,,,10278447
2026-07-07T03:08:49.099346,2026-07-07T03:08:49.111232+00:00,161.7,49,ask,,,10278448
2026-07-07T03:08:49.319028,2026-07-07T03:08:49.330735+00:00,161.7,43,ask,,,10278451
2026-07-07T03:08:50.490141,2026-07-07T03:08:50.500541+00:00,162.0,44,bid,,,10278463
2026-07-07T03:08:51.158994,2026-07-07T03:08:51.170483+00:00,162.0,50,bid,,,10278469
2026-07-07T03:08:53.265328,2026-07-07T03:08:53.276921+00:00,161.8,50,bid,,,10278504
2026-07-07T03:08:54.679341,2026-07-07T03:08:54.690854+00:00,161.7,45,ask,,,10278518
2026-07-07T03:08:55.372811,2026-07-07T03:08:55.381425+00:00,162.1,50,bid,,,10278528
2026-07-07T03:08:55.627763,2026-07-07T03:08:55.639420+00:00,162.1,43,bid,,,10278532
2026-07-07T03:08:57.479879,2026-07-07T03:08:57.491241+00:00,162.1,50,bid,,,10278559
2026-07-07T03:08:58.119229,2026-07-07T03:08:58.128099+00:00,162.1,7,bid,,,10278565
2026-07-07T03:08:58.119229,2026-07-07T03:08:58.128099+00:00,162.1,40,bid,,,10278566
2026-07-07T03:08:58.293025,2026-07-07T03:08:58.304573+00:00,162.1,60,bid,,,10278567
2026-07-07T03:08:59.587953,2026-07-07T03:08:59.594968+00:00,162.5,50,bid,,,10278590
2026-07-07T03:09:01.694068,2026-07-07T03:09:01.705719+00:00,162.3,50,bid,,,10278616
2026-07-07T03:09:02.316996,2026-07-07T03:09:02.326207+00:00,162.0,47,ask,,,10278627
2026-07-07T03:09:02.946816,2026-07-07T03:09:02.954928+00:00,162.2,20,ask,,,10278636
2026-07-07T03:09:02.946816,2026-07-07T03:09:02.960153+00:00,162.0,25,ask,,,10278637
2026-07-07T03:09:03.799332,2026-07-07T03:09:03.810827+00:00,162.3,50,bid,,,10278645
2026-07-07T03:09:03.985356,2026-07-07T03:09:03.994510+00:00,162.3,40,bid,,,10278648
2026-07-07T03:09:04.631615,2026-07-07T03:09:04.641651+00:00,162.4,17,ask,,,10278657
2026-07-07T03:09:05.235770,2026-07-07T03:09:05.251519+00:00,162.5,20,ask,,,10278665
2026-07-07T03:09:05.235770,2026-07-07T03:09:05.251519+00:00,162.4,80,ask,,,10278666
2026-07-07T03:09:05.907072,2026-07-07T03:09:05.918612+00:00,162.8,20,bid,,,10278679
2026-07-07T03:09:05.907072,2026-07-07T03:09:05.918612+00:00,162.9,30,bid,,,10278680
2026-07-07T03:09:06.429152,2026-07-07T03:09:06.436742+00:00,162.7,20,ask,,,10278692
2026-07-07T03:09:07.259470,2026-07-07T03:09:07.262850+00:00,162.6,3,ask,,,10278699
2026-07-07T03:09:07.386196,2026-07-07T03:09:07.397857+00:00,162.4,44,ask,,,10278702
2026-07-07T03:09:07.859498,2026-07-07T03:09:07.869034+00:00,162.4,11,bid,,,10278713
2026-07-07T03:09:08.015338,2026-07-07T03:09:08.023356+00:00,162.4,50,bid,,,10278719
2026-07-07T03:09:08.600068,2026-07-07T03:09:08.611727+00:00,162.4,48,bid,,,10278725
2026-07-07T03:09:08.925076,2026-07-07T03:09:08.933510+00:00,162.4,12,bid,,,10278729
2026-07-07T03:09:10.129861,2026-07-07T03:09:10.139093+00:00,162.4,29,bid,,,10278753
2026-07-07T03:09:10.129861,2026-07-07T03:09:10.139093+00:00,162.5,21,bid,,,10278754
2026-07-07T03:09:12.237611,2026-07-07T03:09:12.245670+00:00,162.4,50,bid,,,10278770
2026-07-07T03:09:14.116898,2026-07-07T03:09:14.127889+00:00,162.4,50,bid,,,10278798
2026-07-07T03:09:14.342587,2026-07-07T03:09:14.353978+00:00,162.9,50,bid,,,10278802
2026-07-07T03:09:16.449004,2026-07-07T03:09:16.460616+00:00,162.9,50,bid,,,10278828
2026-07-07T03:09:16.603203,2026-07-07T03:09:16.614881+00:00,162.4,49,ask,,,10278832
2026-07-07T03:09:17.107403,2026-07-07T03:09:17.119309+00:00,162.4,49,ask,,,10278842
2026-07-07T03:09:18.554187,2026-07-07T03:09:18.558591+00:00,162.7,20,bid,,,10278861
2026-07-07T03:09:18.554187,2026-07-07T03:09:18.563584+00:00,162.8,30,bid,,,10278862
2026-07-07T03:09:19.063270,2026-07-07T03:09:19.072222+00:00,162.7,20,bid,,,10278867
2026-07-07T03:09:19.063270,2026-07-07T03:09:19.072222+00:00,162.8,29,bid,,,10278868
2026-07-07T03:09:19.277102,2026-07-07T03:09:19.280744+00:00,162.4,12,ask,,,10278870
2026-07-07T03:09:20.180720,2026-07-07T03:09:20.192699+00:00,162.4,20,ask,,,10278881
2026-07-07T03:09:20.180720,2026-07-07T03:09:20.192699+00:00,162.3,22,ask,,,10278882
2026-07-07T03:09:20.715176,2026-07-07T03:09:20.722271+00:00,162.5,50,ask,,,10278892
2026-07-07T03:09:20.963964,2026-07-07T03:09:20.972960+00:00,162.5,11,ask,,,10278898
2026-07-07T03:09:21.550175,2026-07-07T03:09:21.558966+00:00,162.5,11,ask,,,10278904
2026-07-07T03:09:22.159842,2026-07-07T03:09:22.168724+00:00,162.5,12,ask,,,10278919
2026-07-07T03:09:22.301799,2026-07-07T03:09:22.313294+00:00,162.6,20,bid,,,10278923
2026-07-07T03:09:22.823308,2026-07-07T03:09:22.834179+00:00,162.5,45,ask,,,10278931
2026-07-07T03:09:22.839178,2026-07-07T03:09:22.849914+00:00,162.5,21,ask,,,10278934
2026-07-07T03:09:22.839178,2026-07-07T03:09:22.849914+00:00,162.5,29,ask,,,10278935
2026-07-07T03:09:23.652246,2026-07-07T03:09:23.673640+00:00,162.5,71,ask,,,10278942
2026-07-07T03:09:23.652246,2026-07-07T03:09:23.673640+00:00,162.2,20,ask,,,10278943
2026-07-07T03:09:23.665078,2026-07-07T03:09:23.673640+00:00,162.0,34,bid,,,10278944
2026-07-07T03:09:24.291495,2026-07-07T03:09:24.304348+00:00,162.0,12,bid,,,10278954
2026-07-07T03:09:24.946234,2026-07-07T03:09:24.952802+00:00,161.9,20,ask,,,10278964
2026-07-07T03:09:24.946234,2026-07-07T03:09:24.952802+00:00,161.8,30,ask,,,10278965
2026-07-07T03:09:25.438324,2026-07-07T03:09:25.445111+00:00,162.0,13,bid,,,10278975
2026-07-07T03:09:25.438324,2026-07-07T03:09:25.450410+00:00,162.3,32,bid,,,10278976
2026-07-07T03:09:25.795886,2026-07-07T03:09:25.803231+00:00,162.2,12,ask,,,10278979
2026-07-07T03:09:26.515016,2026-07-07T03:09:26.525047+00:00,162.3,43,bid,,,10278994
2026-07-07T03:09:26.568108,2026-07-07T03:09:26.578082+00:00,162.1,20,ask,,,10278995
2026-07-07T03:09:27.056296,2026-07-07T03:09:27.065562+00:00,162.3,25,bid,,,10279001
2026-07-07T03:09:27.056296,2026-07-07T03:09:27.065562+00:00,162.5,15,bid,,,10279002
2026-07-07T03:09:27.068752,2026-07-07T03:09:27.076316+00:00,162.2,50,ask,,,10279004
2026-07-07T03:09:29.178833,2026-07-07T03:09:29.190288+00:00,162.2,50,ask,,,10279036
2026-07-07T03:09:30.671532,2026-07-07T03:09:30.682942+00:00,162.2,20,ask,,,10279064
2026-07-07T03:09:30.671532,2026-07-07T03:09:30.682942+00:00,162.1,26,ask,,,10279065
2026-07-07T03:09:31.251202,2026-07-07T03:09:31.269144+00:00,162.3,50,bid,,,10279075
2026-07-07T03:09:31.721322,2026-07-07T03:09:31.733163+00:00,162.3,40,bid,,,10279084
2026-07-07T03:09:32.267635,2026-07-07T03:09:32.279131+00:00,162.1,46,ask,,,10279089
2026-07-07T03:09:32.885189,2026-07-07T03:09:32.896752+00:00,162.3,42,bid,,,10279100
2026-07-07T03:09:33.357700,2026-07-07T03:09:33.369332+00:00,162.5,20,bid,,,10279112
2026-07-07T03:09:33.357700,2026-07-07T03:09:33.369332+00:00,162.6,30,bid,,,10279113
2026-07-07T03:09:33.422680,2026-07-07T03:09:33.458645+00:00,162.3,41,ask,,,10279120
2026-07-07T03:09:34.393851,2026-07-07T03:09:34.405450+00:00,162.3,46,ask,,,10279140
2026-07-07T03:09:35.485562,2026-07-07T03:09:35.492409+00:00,162.4,50,bid,,,10279154
2026-07-07T03:09:38.926456,2026-07-07T03:09:38.937985+00:00,162.6,42,bid,,,10279204
2026-07-07T03:09:39.561981,2026-07-07T03:09:39.574013+00:00,162.7,20,bid,,,10279209
2026-07-07T03:09:39.561981,2026-07-07T03:09:39.574013+00:00,162.8,28,bid,,,10279210
2026-07-07T03:09:41.863137,2026-07-07T03:09:41.873765+00:00,162.4,50,ask,,,10279249
2026-07-07T03:09:43.919288,2026-07-07T03:09:43.929767+00:00,162.8,50,bid,,,10279272
2026-07-07T03:09:45.507464,2026-07-07T03:09:45.517581+00:00,162.3,45,ask,,,10279293
2026-07-07T03:09:46.024849,2026-07-07T03:09:46.035195+00:00,162.7,20,bid,,,10279298
2026-07-07T03:09:46.024849,2026-07-07T03:09:46.035195+00:00,162.8,30,bid,,,10279299
2026-07-07T03:09:47.571954,2026-07-07T03:09:47.583602+00:00,162.7,20,bid,,,10279320
2026-07-07T03:09:47.571954,2026-07-07T03:09:47.583602+00:00,162.8,21,bid,,,10279321
2026-07-07T03:09:48.588696,2026-07-07T03:09:48.595072+00:00,162.3,45,ask,,,10279334
2026-07-07T03:09:49.639069,2026-07-07T03:09:49.650954+00:00,162.6,48,bid,,,10279349
2026-07-07T03:09:49.694299,2026-07-07T03:09:49.706006+00:00,162.5,42,ask,,,10279350
2026-07-07T03:09:50.314398,2026-07-07T03:09:50.325959+00:00,162.5,50,ask,,,10279360
2026-07-07T03:09:51.384624,2026-07-07T03:09:51.392134+00:00,162.6,40,bid,,,10279374
2026-07-07T03:09:52.105883,2026-07-07T03:09:52.113819+00:00,162.6,11,ask,,,10279385
2026-07-07T03:09:52.423418,2026-07-07T03:09:52.434268+00:00,162.6,50,ask,,,10279392
2026-07-07T03:09:52.697024,2026-07-07T03:09:52.704571+00:00,162.6,89,ask,,,10279397
2026-07-07T03:09:53.426030,2026-07-07T03:09:53.463928+00:00,162.4,20,ask,,,10279406
2026-07-07T03:09:53.426030,2026-07-07T03:09:53.463928+00:00,162.0,27,ask,,,10279407
2026-07-07T03:09:54.051696,2026-07-07T03:09:54.058164+00:00,162.5,11,bid,,,10279419
2026-07-07T03:09:54.051696,2026-07-07T03:09:54.058164+00:00,162.7,20,bid,,,10279420
2026-07-07T03:09:54.529635,2026-07-07T03:09:54.537618+00:00,162.3,20,ask,,,10279429
2026-07-07T03:09:54.529635,2026-07-07T03:09:54.542621+00:00,162.0,30,ask,,,10279430
2026-07-07T03:09:55.617324,2026-07-07T03:09:55.625614+00:00,162.4,47,bid,,,10279447
2026-07-07T03:09:55.671167,2026-07-07T03:09:55.683016+00:00,162.2,20,ask,,,10279448
2026-07-07T03:09:55.671167,2026-07-07T03:09:55.683016+00:00,162.0,29,ask,,,10279449
2026-07-07T03:09:56.637216,2026-07-07T03:09:56.644932+00:00,162.3,20,ask,,,10279465
2026-07-07T03:09:56.637216,2026-07-07T03:09:56.649905+00:00,162.1,30,ask,,,10279466
2026-07-07T03:09:57.208362,2026-07-07T03:09:57.220357+00:00,162.2,8,ask,,,10279476
2026-07-07T03:09:57.208362,2026-07-07T03:09:57.220357+00:00,162.1,33,ask,,,10279477
2026-07-07T03:09:57.877562,2026-07-07T03:09:57.899457+00:00,162.4,11,bid,,,10279488
2026-07-07T03:09:58.753477,2026-07-07T03:09:58.765018+00:00,162.1,37,ask,,,10279504
2026-07-07T03:09:58.753477,2026-07-07T03:09:58.765018+00:00,162.1,13,ask,,,10279505
2026-07-07T03:09:59.027979,2026-07-07T03:09:59.036561+00:00,162.2,12,bid,,,10279510
2026-07-07T03:09:59.375817,2026-07-07T03:09:59.387491+00:00,162.2,41,bid,,,10279520
2026-07-07T03:09:59.638607,2026-07-07T03:09:59.647479+00:00,162.2,11,bid,,,10279526
2026-07-07T03:10:00.311078,2026-07-07T03:10:00.324174+00:00,162.2,6,bid,,,10279532
2026-07-07T03:10:00.366844,2026-07-07T03:10:00.375703+00:00,162.2,30,bid,,,10279535
2026-07-07T03:10:00.366844,2026-07-07T03:10:00.380728+00:00,162.6,13,bid,,,10279536
2026-07-07T03:10:02.166284,2026-07-07T03:10:02.174526+00:00,162.3,6,ask,,,10279555
2026-07-07T03:10:02.916559,2026-07-07T03:10:02.923278+00:00,162.7,50,bid,,,10279565
2026-07-07T03:10:04.575642,2026-07-07T03:10:04.583007+00:00,162.3,48,ask,,,10279593
2026-07-07T03:10:05.022735,2026-07-07T03:10:05.034352+00:00,162.6,50,bid,,,10279600
2026-07-07T03:10:06.135712,2026-07-07T03:10:06.147162+00:00,162.1,47,ask,,,10279618
2026-07-07T03:10:07.128899,2026-07-07T03:10:07.138474+00:00,162.6,50,bid,,,10279627
2026-07-07T03:10:07.204113,2026-07-07T03:10:07.215533+00:00,162.6,46,bid,,,10279628
2026-07-07T03:10:07.915431,2026-07-07T03:10:07.924077+00:00,162.3,11,ask,,,10279635
2026-07-07T03:10:08.890546,2026-07-07T03:10:08.902351+00:00,162.3,49,ask,,,10279649
2026-07-07T03:10:09.235184,2026-07-07T03:10:09.247118+00:00,162.6,50,bid,,,10279656
2026-07-07T03:10:09.981470,2026-07-07T03:10:09.989063+00:00,162.6,40,bid,,,10279661
2026-07-07T03:10:10.459826,2026-07-07T03:10:10.471336+00:00,162.6,10,bid,,,10279674
2026-07-07T03:10:10.459826,2026-07-07T03:10:10.471336+00:00,162.7,20,bid,,,10279675
2026-07-07T03:10:10.459826,2026-07-07T03:10:10.471336+00:00,162.8,13,bid,,,10279676
2026-07-07T03:10:11.342582,2026-07-07T03:10:11.363913+00:00,162.7,50,bid,,,10279687
2026-07-07T03:10:11.625926,2026-07-07T03:10:11.634287+00:00,162.5,23,ask,,,10279688
2026-07-07T03:10:12.743941,2026-07-07T03:10:12.752355+00:00,162.6,20,bid,,,10279705
2026-07-07T03:10:13.449457,2026-07-07T03:10:13.415902+00:00,162.7,50,bid,,,10279719
2026-07-07T03:10:14.243972,2026-07-07T03:10:14.251682+00:00,162.8,20,ask,,,10279727
2026-07-07T03:10:15.555884,2026-07-07T03:10:15.567660+00:00,163.0,20,bid,,,10279742
2026-07-07T03:10:15.555884,2026-07-07T03:10:15.567660+00:00,163.2,30,bid,,,10279743
2026-07-07T03:10:15.642583,2026-07-07T03:10:15.664069+00:00,162.8,43,ask,,,10279744
2026-07-07T03:10:16.261122,2026-07-07T03:10:16.269306+00:00,162.8,42,ask,,,10279759
2026-07-07T03:10:17.717178,2026-07-07T03:10:17.728685+00:00,162.8,20,ask,,,10279775
2026-07-07T03:10:17.717178,2026-07-07T03:10:17.728685+00:00,162.7,30,ask,,,10279776
2026-07-07T03:10:18.278724,2026-07-07T03:10:18.290451+00:00,162.9,44,ask,,,10279784
2026-07-07T03:10:19.829156,2026-07-07T03:10:19.841044+00:00,162.9,50,ask,,,10279816
2026-07-07T03:10:20.953281,2026-07-07T03:10:20.964848+00:00,163.0,41,bid,,,10279830
2026-07-07T03:10:21.937632,2026-07-07T03:10:21.949216+00:00,162.8,20,ask,,,10279842
2026-07-07T03:10:21.937632,2026-07-07T03:10:21.949216+00:00,162.7,30,ask,,,10279843
2026-07-07T03:10:24.045538,2026-07-07T03:10:24.055621+00:00,162.8,50,ask,,,10279867
2026-07-07T03:10:25.845769,2026-07-07T03:10:25.853944+00:00,163.0,23,bid,,,10279882
2026-07-07T03:10:26.150910,2026-07-07T03:10:26.158609+00:00,162.9,20,ask,,,10279887
2026-07-07T03:10:26.150910,2026-07-07T03:10:26.158609+00:00,162.8,30,ask,,,10279888
2026-07-07T03:10:28.142250,2026-07-07T03:10:28.148460+00:00,163.3,20,bid,,,10279913
2026-07-07T03:10:28.142250,2026-07-07T03:10:28.148460+00:00,163.4,24,bid,,,10279914
2026-07-07T03:10:30.366859,2026-07-07T03:10:30.378395+00:00,163.0,20,ask,,,10279950
2026-07-07T03:10:30.366859,2026-07-07T03:10:30.378395+00:00,162.9,30,ask,,,10279951
2026-07-07T03:10:31.956947,2026-07-07T03:10:31.955435+00:00,163.2,20,bid,,,10279976
2026-07-07T03:10:31.956947,2026-07-07T03:10:31.970603+00:00,163.3,27,bid,,,10279977
2026-07-07T03:10:32.475123,2026-07-07T03:10:32.486663+00:00,162.9,50,ask,,,10279986
2026-07-07T03:10:34.581646,2026-07-07T03:10:34.593366+00:00,163.0,20,ask,,,10280012
2026-07-07T03:10:34.581646,2026-07-07T03:10:34.593366+00:00,162.8,30,ask,,,10280013
2026-07-07T03:10:34.889761,2026-07-07T03:10:34.901473+00:00,163.1,40,bid,,,10280020
2026-07-07T03:10:34.945124,2026-07-07T03:10:34.963612+00:00,162.8,41,ask,,,10280023
2026-07-07T03:10:35.457551,2026-07-07T03:10:35.469112+00:00,162.8,29,ask,,,10280026
2026-07-07T03:10:35.457551,2026-07-07T03:10:35.469112+00:00,162.6,14,ask,,,10280027
2026-07-07T03:10:36.638616,2026-07-07T03:10:36.647950+00:00,163.2,20,bid,,,10280038
2026-07-07T03:10:36.638616,2026-07-07T03:10:36.647950+00:00,163.3,30,bid,,,10280039
2026-07-07T03:10:37.479130,2026-07-07T03:10:37.490718+00:00,163.0,41,bid,,,10280052
2026-07-07T03:10:38.745950,2026-07-07T03:10:38.763649+00:00,163.0,50,bid,,,10280068
2026-07-07T03:10:39.479344,2026-07-07T03:10:39.495318+00:00,162.9,20,ask,,,10280080
2026-07-07T03:10:39.479344,2026-07-07T03:10:39.495318+00:00,162.5,23,ask,,,10280081
2026-07-07T03:10:40.905281,2026-07-07T03:10:40.917002+00:00,162.7,50,ask,,,10280107
2026-07-07T03:10:43.013188,2026-07-07T03:10:43.024620+00:00,162.7,50,ask,,,10280127
2026-07-07T03:10:43.020652,2026-07-07T03:10:43.029996+00:00,162.9,42,bid,,,10280128
2026-07-07T03:10:43.532151,2026-07-07T03:10:43.541274+00:00,162.5,44,ask,,,10280142
2026-07-07T03:10:44.683498,2026-07-07T03:10:44.695368+00:00,162.9,42,bid,,,10280153
2026-07-07T03:10:45.088814,2026-07-07T03:10:45.100116+00:00,162.9,50,bid,,,10280161
2026-07-07T03:10:45.313874,2026-07-07T03:10:45.325781+00:00,162.5,47,ask,,,10280168
2026-07-07T03:10:45.801210,2026-07-07T03:10:45.808780+00:00,163.0,48,bid,,,10280174
2026-07-07T03:10:46.453117,2026-07-07T03:10:46.462870+00:00,162.9,100,ask,,,10280179
2026-07-07T03:10:47.244791,2026-07-07T03:10:47.263707+00:00,162.9,50,ask,,,10280192
2026-07-07T03:10:49.352560,2026-07-07T03:10:49.358607+00:00,162.5,50,ask,,,10280209
2026-07-07T03:10:49.409390,2026-07-07T03:10:49.421275+00:00,163.0,42,bid,,,10280210
2026-07-07T03:10:49.412148,2026-07-07T03:10:49.421275+00:00,163.0,11,bid,,,10280211
2026-07-07T03:10:49.560649,2026-07-07T03:10:49.569062+00:00,163.0,97,bid,,,10280216
2026-07-07T03:10:51.104696,2026-07-07T03:10:51.116193+00:00,163.1,3,ask,,,10280244
2026-07-07T03:10:51.104696,2026-07-07T03:10:51.116193+00:00,162.5,45,ask,,,10280245
2026-07-07T03:10:51.458290,2026-07-07T03:10:51.470197+00:00,162.5,50,ask,,,10280248
2026-07-07T03:10:53.572248,2026-07-07T03:10:53.584039+00:00,163.0,50,ask,,,10280271
2026-07-07T03:10:55.414819,2026-07-07T03:10:55.424392+00:00,163.1,6,bid,,,10280290
2026-07-07T03:10:55.679517,2026-07-07T03:10:55.688801+00:00,163.0,50,ask,,,10280294
2026-07-07T03:10:56.384194,2026-07-07T03:10:56.395624+00:00,163.1,44,bid,,,10280301
2026-07-07T03:10:57.013116,2026-07-07T03:10:57.024604+00:00,162.9,40,ask,,,10280312
2026-07-07T03:10:57.734952,2026-07-07T03:10:57.746444+00:00,163.1,50,bid,,,10280318
2026-07-07T03:10:59.071071,2026-07-07T03:10:59.079439+00:00,163.2,48,ask,,,10280333
2026-07-07T03:10:59.122974,2026-07-07T03:10:59.135771+00:00,163.2,100,ask,,,10280335
2026-07-07T03:10:59.862204,2026-07-07T03:10:59.871466+00:00,163.7,50,bid,,,10280346
2026-07-07T03:11:02.193325,2026-07-07T03:11:02.201237+00:00,163.4,44,bid,,,10280374
2026-07-07T03:11:02.672687,2026-07-07T03:11:02.680478+00:00,163.4,41,bid,,,10280382
2026-07-07T03:11:03.249523,2026-07-07T03:11:03.260563+00:00,163.1,49,ask,,,10280384
2026-07-07T03:11:03.850645,2026-07-07T03:11:03.858573+00:00,163.1,41,ask,,,10280396
2026-07-07T03:11:04.097864,2026-07-07T03:11:04.109405+00:00,163.4,50,bid,,,10280401
2026-07-07T03:11:05.103558,2026-07-07T03:11:05.111976+00:00,163.4,6,ask,,,10280419
2026-07-07T03:11:06.205512,2026-07-07T03:11:06.217046+00:00,163.5,50,bid,,,10280442
2026-07-07T03:11:06.613545,2026-07-07T03:11:06.622732+00:00,163.5,45,bid,,,10280449
2026-07-07T03:11:07.176358,2026-07-07T03:11:07.188053+00:00,163.5,5,bid,,,10280454
2026-07-07T03:11:07.230928,2026-07-07T03:11:07.242357+00:00,163.4,40,ask,,,10280456
2026-07-07T03:11:08.340690,2026-07-07T03:11:08.318483+00:00,163.7,50,bid,,,10280472
2026-07-07T03:11:12.190839,2026-07-07T03:11:12.202417+00:00,163.5,46,ask,,,10280531
2026-07-07T03:11:12.557779,2026-07-07T03:11:12.566308+00:00,163.8,50,bid,,,10280535
2026-07-07T03:11:14.152512,2026-07-07T03:11:14.163812+00:00,163.8,47,bid,,,10280559
2026-07-07T03:11:14.820697,2026-07-07T03:11:14.829137+00:00,163.8,3,bid,,,10280571
2026-07-07T03:11:14.820697,2026-07-07T03:11:14.829137+00:00,164.0,41,bid,,,10280572
2026-07-07T03:11:16.821576,2026-07-07T03:11:16.833437+00:00,163.8,50,ask,,,10280598
2026-07-07T03:11:17.508214,2026-07-07T03:11:17.514697+00:00,163.8,42,ask,,,10280611
2026-07-07T03:11:19.077912,2026-07-07T03:11:19.089598+00:00,164.0,49,bid,,,10280637
2026-07-07T03:11:20.659110,2026-07-07T03:11:20.670972+00:00,164.0,51,bid,,,10280654
2026-07-07T03:11:22.686733,2026-07-07T03:11:22.698455+00:00,164.0,46,ask,,,10280676
2026-07-07T03:11:23.879180,2026-07-07T03:11:23.890574+00:00,164.0,100,ask,,,10280684
2026-07-07T03:11:25.185920,2026-07-07T03:11:25.194502+00:00,164.0,50,bid,,,10280700
2026-07-07T03:11:25.606355,2026-07-07T03:11:25.616481+00:00,164.1,45,bid,,,10280703
2026-07-07T03:11:26.988668,2026-07-07T03:11:27.009713+00:00,164.1,55,bid,,,10280718
2026-07-07T03:11:27.001247,2026-07-07T03:11:27.009713+00:00,164.1,11,ask,,,10280719
2026-07-07T03:11:29.401080,2026-07-07T03:11:29.412564+00:00,164.3,20,bid,,,10280748
2026-07-07T03:11:29.401080,2026-07-07T03:11:29.412564+00:00,164.5,30,bid,,,10280749
2026-07-07T03:11:29.710182,2026-07-07T03:11:29.721701+00:00,164.1,49,ask,,,10280752
2026-07-07T03:11:31.310395,2026-07-07T03:11:31.321863+00:00,164.1,47,ask,,,10280767
2026-07-07T03:11:31.558947,2026-07-07T03:11:31.570463+00:00,164.1,50,ask,,,10280772
2026-07-07T03:11:31.890126,2026-07-07T03:11:31.900948+00:00,164.2,41,bid,,,10280776
2026-07-07T03:11:33.525472,2026-07-07T03:11:33.534997+00:00,164.1,3,ask,,,10280795
2026-07-07T03:11:33.525472,2026-07-07T03:11:33.534997+00:00,164.0,20,ask,,,10280796
2026-07-07T03:11:33.615832,2026-07-07T03:11:33.627603+00:00,164.3,50,bid,,,10280799
2026-07-07T03:11:35.617737,2026-07-07T03:11:35.627323+00:00,164.3,42,bid,,,10280833
2026-07-07T03:11:35.730298,2026-07-07T03:11:35.739736+00:00,164.3,50,bid,,,10280836
2026-07-07T03:11:36.087561,2026-07-07T03:11:36.099322+00:00,163.8,43,ask,,,10280841
2026-07-07T03:11:36.486991,2026-07-07T03:11:36.496106+00:00,164.2,12,ask,,,10280850
2026-07-07T03:11:37.084509,2026-07-07T03:11:37.092888+00:00,164.2,100,ask,,,10280856
2026-07-07T03:11:37.837164,2026-07-07T03:11:37.848491+00:00,164.3,20,bid,,,10280864
2026-07-07T03:11:37.837164,2026-07-07T03:11:37.848491+00:00,164.7,30,bid,,,10280865
2026-07-07T03:11:39.944882,2026-07-07T03:11:39.956627+00:00,164.3,50,bid,,,10280895
2026-07-07T03:11:42.055576,2026-07-07T03:11:42.067025+00:00,164.3,50,bid,,,10280921
2026-07-07T03:11:42.379363,2026-07-07T03:11:42.389880+00:00,164.3,43,bid,,,10280924
2026-07-07T03:11:42.798451,2026-07-07T03:11:42.819312+00:00,164.3,20,bid,,,10280929
2026-07-07T03:11:42.810202,2026-07-07T03:11:42.819312+00:00,164.4,22,ask,,,10280930
2026-07-07T03:11:43.829188,2026-07-07T03:11:43.841274+00:00,164.4,42,ask,,,10280947
2026-07-07T03:11:44.163342,2026-07-07T03:11:44.169623+00:00,164.5,50,bid,,,10280950
2026-07-07T03:11:45.939663,2026-07-07T03:11:45.951211+00:00,164.5,41,bid,,,10280973
2026-07-07T03:11:46.325546,2026-07-07T03:11:46.337361+00:00,164.1,50,ask,,,10280978
2026-07-07T03:11:46.573797,2026-07-07T03:11:46.582027+00:00,164.4,20,bid,,,10280984
2026-07-07T03:11:46.627666,2026-07-07T03:11:46.639119+00:00,164.3,49,ask,,,10280986
2026-07-07T03:11:47.109731,2026-07-07T03:11:47.121494+00:00,164.4,20,bid,,,10280995
2026-07-07T03:11:47.109731,2026-07-07T03:11:47.121494+00:00,164.6,20,bid,,,10280996
2026-07-07T03:11:48.434149,2026-07-07T03:11:48.463971+00:00,164.3,50,ask,,,10281024
2026-07-07T03:11:50.540891,2026-07-07T03:11:50.547195+00:00,164.2,20,ask,,,10281054
2026-07-07T03:11:50.540891,2026-07-07T03:11:50.547195+00:00,164.0,30,ask,,,10281055
2026-07-07T03:11:51.036987,2026-07-07T03:11:51.046404+00:00,164.5,11,bid,,,10281061
2026-07-07T03:11:52.646112,2026-07-07T03:11:52.653362+00:00,164.3,50,ask,,,10281083
2026-07-07T03:11:53.746483,2026-07-07T03:11:53.763837+00:00,164.3,40,ask,,,10281101
2026-07-07T03:11:54.772991,2026-07-07T03:11:54.784454+00:00,164.3,50,ask,,,10281116
2026-07-07T03:11:54.796891,2026-07-07T03:11:54.808366+00:00,164.7,49,bid,,,10281117
2026-07-07T03:11:55.503192,2026-07-07T03:11:55.512838+00:00,164.2,100,ask,,,10281127
2026-07-07T03:11:55.503192,2026-07-07T03:11:55.512838+00:00,164.2,20,ask,,,10281128
2026-07-07T03:11:55.514163,2026-07-07T03:11:55.521312+00:00,164.0,30,bid,,,10281129
2026-07-07T03:11:56.846848,2026-07-07T03:11:56.858624+00:00,164.3,20,ask,,,10281136
2026-07-07T03:11:56.846848,2026-07-07T03:11:56.858624+00:00,164.1,24,ask,,,10281137
2026-07-07T03:11:56.879264,2026-07-07T03:11:56.894764+00:00,164.2,20,ask,,,10281139
2026-07-07T03:11:59.005089,2026-07-07T03:11:59.015431+00:00,164.2,50,ask,,,10281162
2026-07-07T03:11:59.169720,2026-07-07T03:11:59.179862+00:00,164.2,40,ask,,,10281163
2026-07-07T03:12:01.110831,2026-07-07T03:12:01.118642+00:00,164.2,50,ask,,,10281179
2026-07-07T03:12:01.837432,2026-07-07T03:12:01.847653+00:00,164.2,4,bid,,,10281188
2026-07-07T03:12:03.236924,2026-07-07T03:12:03.263837+00:00,164.1,50,ask,,,10281211
2026-07-07T03:12:03.567403,2026-07-07T03:12:03.579277+00:00,164.2,43,bid,,,10281215
2026-07-07T03:12:04.117589,2026-07-07T03:12:04.129060+00:00,164.1,47,ask,,,10281222
2026-07-07T03:12:04.159675,2026-07-07T03:12:04.167294+00:00,164.2,6,bid,,,10281227
2026-07-07T03:12:05.292809,2026-07-07T03:12:05.304320+00:00,164.6,50,bid,,,10281237
2026-07-07T03:12:06.586355,2026-07-07T03:12:06.598036+00:00,164.6,45,bid,,,10281250
2026-07-07T03:12:07.400208,2026-07-07T03:12:07.411883+00:00,164.6,50,bid,,,10281263
2026-07-07T03:12:07.514886,2026-07-07T03:12:07.525366+00:00,164.6,41,bid,,,10281265
2026-07-07T03:12:08.113722,2026-07-07T03:12:08.122261+00:00,164.6,17,ask,,,10281272
2026-07-07T03:12:08.702365,2026-07-07T03:12:08.714255+00:00,164.6,100,ask,,,10281282
2026-07-07T03:12:09.271098,2026-07-07T03:12:09.280343+00:00,164.6,23,ask,,,10281290
2026-07-07T03:12:09.558197,2026-07-07T03:12:09.570231+00:00,164.6,10,ask,,,10281293
2026-07-07T03:12:09.558197,2026-07-07T03:12:09.570231+00:00,164.1,40,ask,,,10281294
2026-07-07T03:12:11.328466,2026-07-07T03:12:11.336955+00:00,164.4,11,bid,,,10281313
2026-07-07T03:12:11.670261,2026-07-07T03:12:11.685634+00:00,164.1,50,ask,,,10281323
2026-07-07T03:12:12.252862,2026-07-07T03:12:12.263292+00:00,164.4,12,bid,,,10281328
2026-07-07T03:12:12.554953,2026-07-07T03:12:12.566952+00:00,164.4,42,bid,,,10281332
2026-07-07T03:12:12.897488,2026-07-07T03:12:12.905428+00:00,164.4,11,bid,,,10281335
2026-07-07T03:12:13.531087,2026-07-07T03:12:13.537536+00:00,163.9,47,ask,,,10281343
2026-07-07T03:12:13.725427,2026-07-07T03:12:13.736835+00:00,164.4,50,bid,,,10281348
2026-07-07T03:12:15.902838,2026-07-07T03:12:15.909906+00:00,164.3,50,ask,,,10281373
2026-07-07T03:12:17.998704,2026-07-07T03:12:18.010451+00:00,164.7,43,bid,,,10281390
2026-07-07T03:12:18.009265,2026-07-07T03:12:18.020759+00:00,164.2,50,ask,,,10281391
2026-07-07T03:12:21.110584,2026-07-07T03:12:21.122318+00:00,164.2,41,ask,,,10281417
2026-07-07T03:12:22.109532,2026-07-07T03:12:22.121003+00:00,164.5,48,bid,,,10281430
2026-07-07T03:12:22.163957,2026-07-07T03:12:22.175527+00:00,164.1,47,ask,,,10281431
2026-07-07T03:12:22.167951,2026-07-07T03:12:22.175527+00:00,164.5,50,bid,,,10281432
2026-07-07T03:12:22.664373,2026-07-07T03:12:22.675411+00:00,164.1,42,ask,,,10281438
2026-07-07T03:12:23.983849,2026-07-07T03:12:23.992524+00:00,164.3,6,bid,,,10281458
2026-07-07T03:12:24.273718,2026-07-07T03:12:24.281821+00:00,164.3,50,bid,,,10281465
2026-07-07T03:12:24.466199,2026-07-07T03:12:24.477686+00:00,164.3,94,bid,,,10281468
2026-07-07T03:12:25.112541,2026-07-07T03:12:25.120447+00:00,164.4,6,ask,,,10281475
2026-07-07T03:12:28.019661,2026-07-07T03:12:28.030494+00:00,164.5,44,bid,,,10281519
2026-07-07T03:12:28.484039,2026-07-07T03:12:28.496033+00:00,164.5,50,bid,,,10281527
2026-07-07T03:12:28.569806,2026-07-07T03:12:28.581186+00:00,164.5,6,bid,,,10281529
2026-07-07T03:12:28.623668,2026-07-07T03:12:28.632145+00:00,164.3,40,ask,,,10281532
2026-07-07T03:12:29.179442,2026-07-07T03:12:29.191011+00:00,164.3,40,ask,,,10281538
2026-07-07T03:12:30.591505,2026-07-07T03:12:30.603329+00:00,164.5,50,bid,,,10281548
2026-07-07T03:12:32.699617,2026-07-07T03:12:32.706200+00:00,164.5,50,bid,,,10281576
2026-07-07T03:12:34.855451,2026-07-07T03:12:34.866898+00:00,164.4,50,ask,,,10281597
2026-07-07T03:12:35.236401,2026-07-07T03:12:35.245805+00:00,164.7,44,bid,,,10281603
2026-07-07T03:12:35.812723,2026-07-07T03:12:35.824374+00:00,164.7,49,bid,,,10281613
2026-07-07T03:12:36.976820,2026-07-07T03:12:36.988488+00:00,164.2,50,ask,,,10281635
2026-07-07T03:12:37.914850,2026-07-07T03:12:37.926329+00:00,164.3,42,ask,,,10281643
2026-07-07T03:12:39.085193,2026-07-07T03:12:39.096765+00:00,164.3,50,ask,,,10281662
2026-07-07T03:12:41.191990,2026-07-07T03:12:41.203647+00:00,164.0,50,ask,,,10281695
2026-07-07T03:12:43.306624,2026-07-07T03:12:43.358619+00:00,164.1,50,ask,,,10281725
2026-07-07T03:12:43.664504,2026-07-07T03:12:43.674579+00:00,164.2,48,ask,,,10281728
2026-07-07T03:12:45.420125,2026-07-07T03:12:45.429793+00:00,164.2,50,ask,,,10281751
2026-07-07T03:12:46.686781,2026-07-07T03:12:46.698259+00:00,164.3,49,bid,,,10281772
2026-07-07T03:12:47.474477,2026-07-07T03:12:47.486241+00:00,164.3,50,bid,,,10281781
2026-07-07T03:12:48.757778,2026-07-07T03:12:48.766407+00:00,164.3,1,bid,,,10281792
2026-07-07T03:12:48.767528,2026-07-07T03:12:48.775661+00:00,164.4,5,bid,,,10281794
2026-07-07T03:12:49.582810,2026-07-07T03:12:49.591899+00:00,164.5,50,bid,,,10281808
2026-07-07T03:12:51.073890,2026-07-07T03:12:51.080487+00:00,164.5,48,bid,,,10281823
2026-07-07T03:12:51.687812,2026-07-07T03:12:51.699373+00:00,164.5,50,bid,,,10281826
2026-07-07T03:12:52.401287,2026-07-07T03:12:52.409453+00:00,164.6,6,ask,,,10281835
2026-07-07T03:12:53.793647,2026-07-07T03:12:53.804129+00:00,164.7,50,bid,,,10281858
2026-07-07T03:12:54.556421,2026-07-07T03:12:54.568197+00:00,164.6,46,ask,,,10281865
2026-07-07T03:12:55.184950,2026-07-07T03:12:55.196763+00:00,164.6,46,ask,,,10281868
2026-07-07T03:12:55.902265,2026-07-07T03:12:55.912966+00:00,164.7,50,bid,,,10281877
2026-07-07T03:12:57.087899,2026-07-07T03:12:57.097779+00:00,164.7,49,bid,,,10281894
2026-07-07T03:12:58.009100,2026-07-07T03:12:58.020960+00:00,164.7,50,bid,,,10281905
2026-07-07T03:12:58.921464,2026-07-07T03:12:58.933262+00:00,165.1,47,bid,,,10281910
2026-07-07T03:12:58.976131,2026-07-07T03:12:58.987674+00:00,164.8,42,ask,,,10281913
2026-07-07T03:12:59.275434,2026-07-07T03:12:59.284829+00:00,165.0,23,ask,,,10281914
2026-07-07T03:12:59.472375,2026-07-07T03:12:59.482813+00:00,165.0,44,ask,,,10281916
2026-07-07T03:13:00.118600,2026-07-07T03:13:00.130271+00:00,165.1,20,bid,,,10281929
2026-07-07T03:13:00.118600,2026-07-07T03:13:00.130271+00:00,165.3,30,bid,,,10281930
2026-07-07T03:13:00.569728,2026-07-07T03:13:00.578913+00:00,165.0,11,ask,,,10281936
2026-07-07T03:13:01.034828,2026-07-07T03:13:01.046537+00:00,165.0,22,ask,,,10281941
2026-07-07T03:13:01.034828,2026-07-07T03:13:01.046537+00:00,164.8,20,ask,,,10281942
2026-07-07T03:13:02.227022,2026-07-07T03:13:02.238463+00:00,165.0,50,bid,,,10281951
2026-07-07T03:13:04.045326,2026-07-07T03:13:04.058584+00:00,165.0,42,bid,,,10281981
2026-07-07T03:13:04.357369,2026-07-07T03:13:04.374297+00:00,165.0,50,bid,,,10281987
2026-07-07T03:13:05.055249,2026-07-07T03:13:05.067126+00:00,165.0,20,bid,,,10281999
2026-07-07T03:13:05.055249,2026-07-07T03:13:05.067126+00:00,165.1,100,bid,,,10282000
2026-07-07T03:13:05.126915,2026-07-07T03:13:05.136446+00:00,165.2,11,ask,,,10282002
2026-07-07T03:13:05.560649,2026-07-07T03:13:05.569339+00:00,165.2,19,ask,,,10282007
2026-07-07T03:13:06.464459,2026-07-07T03:13:06.476424+00:00,165.0,20,bid,,,10282017
2026-07-07T03:13:06.464459,2026-07-07T03:13:06.476424+00:00,165.4,30,bid,,,10282018
2026-07-07T03:13:08.649224,2026-07-07T03:13:08.657159+00:00,164.9,50,ask,,,10282049
2026-07-07T03:13:09.475157,2026-07-07T03:13:09.483598+00:00,165.1,43,bid,,,10282064
2026-07-07T03:13:09.968777,2026-07-07T03:13:09.976566+00:00,164.8,40,ask,,,10282070
2026-07-07T03:13:10.756045,2026-07-07T03:13:10.769522+00:00,164.8,50,ask,,,10282091
2026-07-07T03:13:11.491087,2026-07-07T03:13:11.499420+00:00,165.2,20,bid,,,10282097
2026-07-07T03:13:11.491087,2026-07-07T03:13:11.499420+00:00,165.3,20,bid,,,10282098
2026-07-07T03:13:12.863812,2026-07-07T03:13:12.870557+00:00,164.8,50,ask,,,10282120
2026-07-07T03:13:12.982554,2026-07-07T03:13:12.989416+00:00,165.1,20,bid,,,10282121
2026-07-07T03:13:12.982554,2026-07-07T03:13:12.994436+00:00,165.2,22,bid,,,10282122
2026-07-07T03:13:14.968875,2026-07-07T03:13:14.980798+00:00,164.7,50,ask,,,10282145
2026-07-07T03:13:14.992189,2026-07-07T03:13:15.001020+00:00,164.9,11,bid,,,10282147
2026-07-07T03:13:16.304019,2026-07-07T03:13:16.311957+00:00,164.9,11,bid,,,10282163
2026-07-07T03:13:17.077224,2026-07-07T03:13:17.088959+00:00,164.8,20,ask,,,10282174
2026-07-07T03:13:17.077224,2026-07-07T03:13:17.088959+00:00,164.5,30,ask,,,10282175
2026-07-07T03:13:19.187294,2026-07-07T03:13:19.199064+00:00,164.8,50,ask,,,10282204
2026-07-07T03:13:19.373646,2026-07-07T03:13:19.381300+00:00,164.8,44,ask,,,10282206
2026-07-07T03:13:19.928261,2026-07-07T03:13:19.935198+00:00,165.0,48,bid,,,10282209
2026-07-07T03:13:20.566939,2026-07-07T03:13:20.574896+00:00,164.8,47,ask,,,10282220
2026-07-07T03:13:20.930922,2026-07-07T03:13:20.951963+00:00,164.8,20,ask,,,10282226
2026-07-07T03:13:20.943479,2026-07-07T03:13:20.951963+00:00,164.6,23,bid,,,10282227
2026-07-07T03:13:21.245574,2026-07-07T03:13:21.263629+00:00,164.6,50,bid,,,10282234
2026-07-07T03:13:21.428312,2026-07-07T03:13:21.436710+00:00,164.6,57,bid,,,10282239
2026-07-07T03:13:22.091149,2026-07-07T03:13:22.102965+00:00,165.0,20,bid,,,10282247
2026-07-07T03:13:22.091149,2026-07-07T03:13:22.102965+00:00,165.1,29,bid,,,10282248
2026-07-07T03:13:25.510721,2026-07-07T03:13:25.518242+00:00,164.7,20,ask,,,10282299
2026-07-07T03:13:25.510721,2026-07-07T03:13:25.523546+00:00,164.6,30,ask,,,10282300
2026-07-07T03:13:27.621870,2026-07-07T03:13:27.629176+00:00,164.8,20,ask,,,10282320
2026-07-07T03:13:27.621870,2026-07-07T03:13:27.634489+00:00,164.6,30,ask,,,10282321
2026-07-07T03:13:29.437595,2026-07-07T03:13:29.445459+00:00,165.0,11,ask,,,10282343
2026-07-07T03:13:29.729423,2026-07-07T03:13:29.739993+00:00,164.7,20,ask,,,10282349
2026-07-07T03:13:29.729423,2026-07-07T03:13:29.739993+00:00,164.6,30,ask,,,10282350
2026-07-07T03:13:30.051532,2026-07-07T03:13:30.058541+00:00,164.7,9,ask,,,10282358
2026-07-07T03:13:30.051532,2026-07-07T03:13:30.058541+00:00,164.6,37,ask,,,10282359
2026-07-07T03:13:30.746355,2026-07-07T03:13:30.754536+00:00,164.8,11,bid,,,10282371
2026-07-07T03:13:31.785156,2026-07-07T03:13:31.791883+00:00,164.8,50,bid,,,10282386
2026-07-07T03:13:33.622906,2026-07-07T03:13:33.634786+00:00,165.1,48,bid,,,10282415
2026-07-07T03:13:35.272814,2026-07-07T03:13:35.284260+00:00,164.7,40,ask,,,10282434
2026-07-07T03:13:36.366925,2026-07-07T03:13:36.374793+00:00,165.1,46,bid,,,10282445
2026-07-07T03:13:36.711701,2026-07-07T03:13:36.720148+00:00,165.1,11,ask,,,10282448
2026-07-07T03:13:37.023073,2026-07-07T03:13:37.038892+00:00,165.1,48,ask,,,10282451
2026-07-07T03:13:38.098990,2026-07-07T03:13:38.110553+00:00,165.2,50,bid,,,10282473
2026-07-07T03:13:40.129885,2026-07-07T03:13:40.138162+00:00,164.9,45,ask,,,10282498
2026-07-07T03:13:41.755659,2026-07-07T03:13:41.757390+00:00,165.2,46,bid,,,10282514
2026-07-07T03:13:42.250420,2026-07-07T03:13:42.253998+00:00,164.9,48,ask,,,10282525
2026-07-07T03:13:42.311072,2026-07-07T03:13:42.322651+00:00,165.2,50,bid,,,10282526
2026-07-07T03:13:43.579556,2026-07-07T03:13:43.589802+00:00,165.0,100,bid,,,10282539
2026-07-07T03:13:44.420197,2026-07-07T03:13:44.431639+00:00,165.0,50,bid,,,10282556
2026-07-07T03:13:46.577876,2026-07-07T03:13:46.589263+00:00,164.8,50,ask,,,10282581
2026-07-07T03:13:47.674653,2026-07-07T03:13:47.686143+00:00,165.0,46,bid,,,10282595
2026-07-07T03:13:47.829258,2026-07-07T03:13:47.838167+00:00,164.8,12,ask,,,10282597
2026-07-07T03:13:48.167251,2026-07-07T03:13:48.179465+00:00,164.9,20,bid,,,10282608
2026-07-07T03:13:48.167251,2026-07-07T03:13:48.184640+00:00,165.0,26,bid,,,10282609
2026-07-07T03:13:50.799014,2026-07-07T03:13:50.810601+00:00,164.6,50,ask,,,10282636
2026-07-07T03:13:52.906189,2026-07-07T03:13:52.917777+00:00,164.6,50,ask,,,10282660
2026-07-07T03:13:52.967565,2026-07-07T03:13:52.979584+00:00,164.6,20,ask,,,10282661
2026-07-07T03:13:52.967565,2026-07-07T03:13:52.979584+00:00,164.5,27,ask,,,10282662
2026-07-07T03:13:54.962295,2026-07-07T03:13:54.974135+00:00,164.8,20,bid,,,10282688
2026-07-07T03:13:54.962295,2026-07-07T03:13:54.974135+00:00,164.9,30,bid,,,10282689
2026-07-07T03:13:55.742442,2026-07-07T03:13:55.754094+00:00,164.8,20,bid,,,10282698
2026-07-07T03:13:55.815462,2026-07-07T03:13:55.824668+00:00,164.4,46,ask,,,10282702
2026-07-07T03:13:57.071712,2026-07-07T03:13:57.083381+00:00,164.4,50,bid,,,10282717
2026-07-07T03:13:58.011116,2026-07-07T03:13:58.021423+00:00,164.4,48,bid,,,10282730
2026-07-07T03:13:59.182275,2026-07-07T03:13:59.193934+00:00,164.4,2,bid,,,10282745
2026-07-07T03:13:59.182275,2026-07-07T03:13:59.193934+00:00,164.6,48,bid,,,10282746
2026-07-07T03:13:59.188224,2026-07-07T03:13:59.199200+00:00,164.6,49,bid,,,10282747
2026-07-07T03:14:01.300388,2026-07-07T03:14:01.308289+00:00,164.6,50,bid,,,10282775
2026-07-07T03:14:02.053466,2026-07-07T03:14:02.061873+00:00,164.5,11,ask,,,10282781
2026-07-07T03:14:02.343123,2026-07-07T03:14:02.358604+00:00,164.5,46,ask,,,10282783
2026-07-07T03:14:02.862103,2026-07-07T03:14:02.873809+00:00,164.5,47,ask,,,10282787
2026-07-07T03:14:05.526082,2026-07-07T03:14:05.538999+00:00,164.6,50,bid,,,10282822
2026-07-07T03:14:05.717894,2026-07-07T03:14:05.730486+00:00,164.6,100,bid,,,10282824
2026-07-07T03:14:07.633032,2026-07-07T03:14:07.639878+00:00,164.6,50,bid,,,10282852
2026-07-07T03:14:08.365491,2026-07-07T03:14:08.377095+00:00,164.6,20,bid,,,10282857
2026-07-07T03:14:08.378395,2026-07-07T03:14:08.385769+00:00,164.8,23,ask,,,10282858
2026-07-07T03:14:08.931352,2026-07-07T03:14:08.938239+00:00,164.8,100,ask,,,10282865
2026-07-07T03:14:09.463665,2026-07-07T03:14:09.471067+00:00,164.8,7,ask,,,10282876
2026-07-07T03:14:09.463665,2026-07-07T03:14:09.476324+00:00,164.3,33,ask,,,10282877
2026-07-07T03:14:09.792473,2026-07-07T03:14:09.800281+00:00,164.3,50,ask,,,10282884
2026-07-07T03:14:11.847539,2026-07-07T03:14:11.853950+00:00,164.6,50,bid,,,10282906
2026-07-07T03:14:13.365614,2026-07-07T03:14:13.374123+00:00,164.4,12,bid,,,10282925
2026-07-07T03:14:16.007136,2026-07-07T03:14:16.015653+00:00,164.9,44,bid,,,10282965
2026-07-07T03:14:16.136607,2026-07-07T03:14:16.143812+00:00,164.7,20,ask,,,10282967
2026-07-07T03:14:16.136607,2026-07-07T03:14:16.149111+00:00,164.4,30,ask,,,10282968
2026-07-07T03:14:17.103525,2026-07-07T03:14:17.115376+00:00,164.9,46,bid,,,10282983
2026-07-07T03:14:18.246712,2026-07-07T03:14:18.258569+00:00,164.7,50,ask,,,10282996
2026-07-07T03:14:20.354228,2026-07-07T03:14:20.365878+00:00,164.7,50,ask,,,10283022
2026-07-07T03:14:20.665177,2026-07-07T03:14:20.673047+00:00,164.7,12,ask,,,10283026
2026-07-07T03:14:21.237245,2026-07-07T03:14:21.250036+00:00,164.5,46,bid,,,10283033
2026-07-07T03:14:21.549296,2026-07-07T03:14:21.555587+00:00,164.5,100,bid,,,10283045
2026-07-07T03:14:22.496440,2026-07-07T03:14:22.508393+00:00,164.3,20,ask,,,10283062
2026-07-07T03:14:22.496440,2026-07-07T03:14:22.508393+00:00,164.0,30,ask,,,10283063
2026-07-07T03:14:24.213694,2026-07-07T03:14:24.252777+00:00,164.8,23,ask,,,10283083
2026-07-07T03:14:24.588834,2026-07-07T03:14:24.596828+00:00,164.8,11,ask,,,10283094
2026-07-07T03:14:24.606355,2026-07-07T03:14:24.617660+00:00,164.8,50,ask,,,10283096
2026-07-07T03:14:24.765759,2026-07-07T03:14:24.777240+00:00,164.8,66,ask,,,10283098
2026-07-07T03:14:24.843114,2026-07-07T03:14:24.855198+00:00,164.5,22,bid,,,10283101
2026-07-07T03:14:25.488362,2026-07-07T03:14:25.499127+00:00,164.3,20,ask,,,10283110
2026-07-07T03:14:25.488362,2026-07-07T03:14:25.499127+00:00,164.0,28,ask,,,10283111
2026-07-07T03:14:25.903258,2026-07-07T03:14:25.911156+00:00,164.5,12,bid,,,10283116
2026-07-07T03:14:26.737701,2026-07-07T03:14:26.768691+00:00,164.4,12,ask,,,10283134
2026-07-07T03:14:26.737701,2026-07-07T03:14:26.768691+00:00,164.0,38,ask,,,10283135
2026-07-07T03:14:28.794740,2026-07-07T03:14:28.802402+00:00,164.8,50,bid,,,10283159
2026-07-07T03:14:29.387917,2026-07-07T03:14:29.389784+00:00,164.8,42,bid,,,10283165
2026-07-07T03:14:30.294067,2026-07-07T03:14:30.306391+00:00,164.8,11,bid,,,10283177
2026-07-07T03:14:30.525750,2026-07-07T03:14:30.537375+00:00,164.9,100,bid,,,10283185
2026-07-07T03:14:30.953692,2026-07-07T03:14:30.963926+00:00,165.4,50,ask,,,10283196
2026-07-07T03:14:31.159505,2026-07-07T03:14:31.171519+00:00,165.4,34,ask,,,10283202
2026-07-07T03:14:31.891234,2026-07-07T03:14:31.900068+00:00,165.4,43,ask,,,10283208
2026-07-07T03:14:32.459550,2026-07-07T03:14:32.469869+00:00,165.4,11,ask,,,10283215
2026-07-07T03:14:33.061464,2026-07-07T03:14:33.073300+00:00,165.4,12,ask,,,10283227
2026-07-07T03:14:33.749914,2026-07-07T03:14:33.773089+00:00,165.0,22,bid,,,10283237
2026-07-07T03:14:34.420522,2026-07-07T03:14:34.432001+00:00,165.0,46,bid,,,10283253
2026-07-07T03:14:35.141951,2026-07-07T03:14:35.148268+00:00,165.0,50,bid,,,10283266
2026-07-07T03:14:36.882563,2026-07-07T03:14:36.890098+00:00,164.9,46,ask,,,10283287
2026-07-07T03:14:37.247500,2026-07-07T03:14:37.253969+00:00,165.1,20,bid,,,10283291
2026-07-07T03:14:37.247500,2026-07-07T03:14:37.253969+00:00,165.3,30,bid,,,10283292
2026-07-07T03:14:38.083148,2026-07-07T03:14:38.094938+00:00,165.1,20,bid,,,10283312
2026-07-07T03:14:38.083148,2026-07-07T03:14:38.094938+00:00,165.3,28,bid,,,10283313
2026-07-07T03:14:39.407284,2026-07-07T03:14:39.418918+00:00,164.9,50,ask,,,10283324
2026-07-07T03:14:40.963540,2026-07-07T03:14:40.975138+00:00,165.0,43,bid,,,10283336
2026-07-07T03:14:41.513732,2026-07-07T03:14:41.525389+00:00,164.8,50,ask,,,10283342
2026-07-07T03:14:42.921058,2026-07-07T03:14:42.930714+00:00,164.9,20,ask,,,10283358
2026-07-07T03:14:42.921058,2026-07-07T03:14:42.930714+00:00,164.8,28,ask,,,10283359
2026-07-07T03:14:42.942092,2026-07-07T03:14:42.950237+00:00,165.0,12,bid,,,10283360
2026-07-07T03:14:43.621050,2026-07-07T03:14:43.632705+00:00,164.9,50,ask,,,10283368
2026-07-07T03:14:44.990275,2026-07-07T03:14:45.001799+00:00,165.1,20,bid,,,10283383
2026-07-07T03:14:45.732604,2026-07-07T03:14:45.739952+00:00,164.9,50,ask,,,10283391
2026-07-07T03:14:46.393010,2026-07-07T03:14:46.404805+00:00,164.8,100,ask,,,10283399
2026-07-07T03:14:46.393010,2026-07-07T03:14:46.404805+00:00,164.7,20,ask,,,10283400
2026-07-07T03:14:47.790372,2026-07-07T03:14:47.801370+00:00,164.2,42,ask,,,10283424
2026-07-07T03:14:47.854214,2026-07-07T03:14:47.862459+00:00,164.6,20,ask,,,10283425
2026-07-07T03:14:47.854214,2026-07-07T03:14:47.867718+00:00,164.2,30,ask,,,10283426
2026-07-07T03:14:49.353954,2026-07-07T03:14:49.345363+00:00,164.7,30,bid,,,10283452
2026-07-07T03:14:49.353954,2026-07-07T03:14:49.345363+00:00,164.7,14,bid,,,10283453
2026-07-07T03:14:49.664590,2026-07-07T03:14:49.676012+00:00,164.7,11,bid,,,10283458
2026-07-07T03:14:49.911833,2026-07-07T03:14:49.921068+00:00,164.7,50,bid,,,10283462
2026-07-07T03:14:50.373218,2026-07-07T03:14:50.385162+00:00,164.5,46,ask,,,10283471
2026-07-07T03:14:51.576051,2026-07-07T03:14:51.587615+00:00,165.0,42,bid,,,10283485
2026-07-07T03:14:52.021781,2026-07-07T03:14:52.033299+00:00,165.0,50,bid,,,10283499
2026-07-07T03:14:52.658934,2026-07-07T03:14:52.670392+00:00,165.0,100,bid,,,10283506
2026-07-07T03:14:55.994591,2026-07-07T03:14:56.006126+00:00,165.0,43,ask,,,10283532
2026-07-07T03:14:56.235497,2026-07-07T03:14:56.246854+00:00,165.2,50,bid,,,10283537
2026-07-07T03:14:58.340783,2026-07-07T03:14:58.363577+00:00,165.2,50,bid,,,10283563
2026-07-07T03:14:59.483002,2026-07-07T03:14:59.494636+00:00,165.2,20,bid,,,10283581
2026-07-07T03:14:59.483002,2026-07-07T03:14:59.494636+00:00,165.4,28,bid,,,10283582
2026-07-07T03:15:00.446495,2026-07-07T03:15:00.454223+00:00,165.3,50,bid,,,10283589
2026-07-07T03:15:02.553327,2026-07-07T03:15:02.564922+00:00,165.3,50,bid,,,10283612
2026-07-07T03:15:02.691704,2026-07-07T03:15:02.701194+00:00,165.2,11,ask,,,10283613
2026-07-07T03:15:03.737853,2026-07-07T03:15:03.749243+00:00,165.2,48,ask,,,10283635
2026-07-07T03:15:04.660417,2026-07-07T03:15:04.671956+00:00,165.3,20,bid,,,10283644
2026-07-07T03:15:04.660417,2026-07-07T03:15:04.671956+00:00,165.6,30,bid,,,10283645
2026-07-07T03:15:05.259767,2026-07-07T03:15:05.268755+00:00,165.2,34,ask,,,10283653
2026-07-07T03:15:05.895718,2026-07-07T03:15:05.903505+00:00,165.2,100,ask,,,10283664
2026-07-07T03:15:06.688304,2026-07-07T03:15:06.699848+00:00,165.2,40,ask,,,10283675
2026-07-07T03:15:06.769809,2026-07-07T03:15:06.780789+00:00,165.4,20,bid,,,10283680
2026-07-07T03:15:06.769809,2026-07-07T03:15:06.780789+00:00,165.7,30,bid,,,10283681
2026-07-07T03:15:08.878007,2026-07-07T03:15:08.889834+00:00,165.2,50,bid,,,10283708
2026-07-07T03:15:09.991544,2026-07-07T03:15:10.003015+00:00,165.2,44,bid,,,10283716
2026-07-07T03:15:11.036570,2026-07-07T03:15:11.058607+00:00,165.1,50,ask,,,10283734
2026-07-07T03:15:11.076046,2026-07-07T03:15:11.087664+00:00,165.1,45,ask,,,10283735
2026-07-07T03:15:11.960698,2026-07-07T03:15:11.968214+00:00,165.2,20,bid,,,10283741
2026-07-07T03:15:11.960698,2026-07-07T03:15:11.973219+00:00,165.6,22,bid,,,10283742
2026-07-07T03:15:13.145722,2026-07-07T03:15:13.144011+00:00,165.1,50,ask,,,10283765
2026-07-07T03:15:15.253419,2026-07-07T03:15:15.265303+00:00,164.9,20,ask,,,10283799
2026-07-07T03:15:15.253419,2026-07-07T03:15:15.265303+00:00,164.8,30,ask,,,10283800
2026-07-07T03:15:17.359880,2026-07-07T03:15:17.371604+00:00,164.9,20,ask,,,10283824
2026-07-07T03:15:17.359880,2026-07-07T03:15:17.371604+00:00,164.8,30,ask,,,10283825
2026-07-07T03:15:18.020364,2026-07-07T03:15:18.029759+00:00,165.0,11,bid,,,10283831
2026-07-07T03:15:18.399225,2026-07-07T03:15:18.411636+00:00,165.0,11,bid,,,10283837
2026-07-07T03:15:18.491020,2026-07-07T03:15:18.502816+00:00,165.0,100,bid,,,10283839
2026-07-07T03:15:19.467848,2026-07-07T03:15:19.479397+00:00,164.9,20,ask,,,10283855
2026-07-07T03:15:19.467848,2026-07-07T03:15:19.479397+00:00,164.5,30,ask,,,10283856
2026-07-07T03:15:20.873202,2026-07-07T03:15:20.885230+00:00,165.0,28,bid,,,10283871
2026-07-07T03:15:20.873202,2026-07-07T03:15:20.885230+00:00,165.0,12,bid,,,10283872
2026-07-07T03:15:21.575481,2026-07-07T03:15:21.587445+00:00,165.2,50,ask,,,10283888
2026-07-07T03:15:21.708157,2026-07-07T03:15:21.727020+00:00,165.2,100,ask,,,10283893
2026-07-07T03:15:22.977125,2026-07-07T03:15:22.984947+00:00,164.8,20,ask,,,10283908
2026-07-07T03:15:22.977125,2026-07-07T03:15:22.990472+00:00,164.7,25,ask,,,10283909
2026-07-07T03:15:23.683434,2026-07-07T03:15:23.695443+00:00,164.8,12,ask,,,10283921
2026-07-07T03:15:23.683434,2026-07-07T03:15:23.695443+00:00,164.7,38,ask,,,10283922
2026-07-07T03:15:25.740126,2026-07-07T03:15:25.763854+00:00,165.0,50,bid,,,10283946
2026-07-07T03:15:27.901629,2026-07-07T03:15:27.913136+00:00,164.7,50,ask,,,10283980
2026-07-07T03:15:29.030666,2026-07-07T03:15:29.044921+00:00,164.7,47,ask,,,10283997
2026-07-07T03:15:29.957708,2026-07-07T03:15:29.966042+00:00,164.9,20,bid,,,10284012
2026-07-07T03:15:29.957708,2026-07-07T03:15:29.966042+00:00,165.0,30,bid,,,10284013
2026-07-07T03:15:30.112692,2026-07-07T03:15:30.124709+00:00,165.0,48,bid,,,10284016
2026-07-07T03:15:30.711995,2026-07-07T03:15:30.723790+00:00,164.6,20,ask,,,10284023
2026-07-07T03:15:32.830823,2026-07-07T03:15:32.839215+00:00,164.8,23,bid,,,10284063
2026-07-07T03:15:33.362215,2026-07-07T03:15:33.369169+00:00,164.8,42,bid,,,10284079
2026-07-07T03:15:34.498899,2026-07-07T03:15:34.510811+00:00,165.0,47,ask,,,10284099
2026-07-07T03:15:37.268359,2026-07-07T03:15:37.277160+00:00,165.1,20,bid,,,10284132
2026-07-07T03:15:37.268359,2026-07-07T03:15:37.277160+00:00,165.2,26,bid,,,10284133
2026-07-07T03:15:37.832857,2026-07-07T03:15:37.858679+00:00,165.1,49,bid,,,10284142
2026-07-07T03:15:38.402814,2026-07-07T03:15:38.402306+00:00,165.1,50,bid,,,10284151
2026-07-07T03:15:39.978600,2026-07-07T03:15:39.990589+00:00,165.0,20,ask,,,10284166
2026-07-07T03:15:39.978600,2026-07-07T03:15:39.990589+00:00,164.7,21,ask,,,10284167
2026-07-07T03:15:41.169870,2026-07-07T03:15:41.181693+00:00,165.2,40,ask,,,10284187
2026-07-07T03:15:42.339571,2026-07-07T03:15:42.348838+00:00,165.5,47,bid,,,10284200
2026-07-07T03:15:42.398888,2026-07-07T03:15:42.405418+00:00,165.2,46,ask,,,10284201
2026-07-07T03:15:44.147261,2026-07-07T03:15:44.156097+00:00,165.3,11,ask,,,10284220
2026-07-07T03:15:44.745838,2026-07-07T03:15:44.763653+00:00,165.4,20,bid,,,10284231
2026-07-07T03:15:44.745838,2026-07-07T03:15:44.763653+00:00,165.5,30,bid,,,10284232
2026-07-07T03:15:45.935429,2026-07-07T03:15:45.946902+00:00,165.5,48,bid,,,10284250
2026-07-07T03:15:45.991497,2026-07-07T03:15:46.001106+00:00,165.3,42,ask,,,10284252
2026-07-07T03:15:47.188875,2026-07-07T03:15:47.200522+00:00,165.4,20,bid,,,10284259
2026-07-07T03:15:47.188875,2026-07-07T03:15:47.200522+00:00,165.5,27,bid,,,10284260
2026-07-07T03:15:50.460631,2026-07-07T03:15:50.469115+00:00,165.4,49,ask,,,10284306
2026-07-07T03:15:51.113765,2026-07-07T03:15:51.125501+00:00,165.4,50,ask,,,10284313
2026-07-07T03:15:53.167825,2026-07-07T03:15:53.179646+00:00,165.6,20,bid,,,10284339
2026-07-07T03:15:53.167825,2026-07-07T03:15:53.179646+00:00,165.7,30,bid,,,10284340
2026-07-07T03:15:53.712208,2026-07-07T03:15:53.718866+00:00,165.4,44,bid,,,10284344
2026-07-07T03:15:55.303518,2026-07-07T03:15:55.314965+00:00,165.4,50,bid,,,10284367
2026-07-07T03:15:55.956118,2026-07-07T03:15:55.967650+00:00,164.9,45,ask,,,10284374
2026-07-07T03:15:56.417816,2026-07-07T03:15:56.431148+00:00,165.4,43,bid,,,10284380
2026-07-07T03:15:56.471534,2026-07-07T03:15:56.481708+00:00,164.9,42,ask,,,10284381
2026-07-07T03:15:57.409137,2026-07-07T03:15:57.420913+00:00,165.0,50,bid,,,10284392
2026-07-07T03:15:57.513640,2026-07-07T03:15:57.520136+00:00,164.9,48,ask,,,10284397
2026-07-07T03:15:59.088317,2026-07-07T03:15:59.097564+00:00,165.0,45,bid,,,10284412
2026-07-07T03:15:59.541273,2026-07-07T03:15:59.558808+00:00,165.0,5,bid,,,10284417
2026-07-07T03:15:59.541273,2026-07-07T03:15:59.558808+00:00,165.4,45,bid,,,10284418
2026-07-07T03:15:59.677054,2026-07-07T03:15:59.688764+00:00,165.2,42,ask,,,10284419
2026-07-07T03:15:59.894598,2026-07-07T03:15:59.904165+00:00,165.2,12,ask,,,10284423
2026-07-07T03:16:00.418557,2026-07-07T03:16:00.427015+00:00,165.2,22,ask,,,10284431
2026-07-07T03:16:03.036058,2026-07-07T03:16:03.043925+00:00,165.2,11,bid,,,10284462
2026-07-07T03:16:03.756592,2026-07-07T03:16:03.764399+00:00,165.3,50,bid,,,10284478
2026-07-07T03:16:05.865726,2026-07-07T03:16:05.877476+00:00,165.3,50,bid,,,10284512
2026-07-07T03:16:08.007252,2026-07-07T03:16:08.019155+00:00,165.2,20,bid,,,10284544
2026-07-07T03:16:08.007252,2026-07-07T03:16:08.019155+00:00,165.5,30,bid,,,10284545
2026-07-07T03:16:08.282394,2026-07-07T03:16:08.290453+00:00,165.2,20,bid,,,10284552
2026-07-07T03:16:08.282394,2026-07-07T03:16:08.290453+00:00,165.5,29,bid,,,10284553
2026-07-07T03:16:10.116018,2026-07-07T03:16:10.122669+00:00,165.3,20,bid,,,10284583
2026-07-07T03:16:10.116018,2026-07-07T03:16:10.128088+00:00,165.5,30,bid,,,10284584
2026-07-07T03:16:10.921457,2026-07-07T03:16:10.933188+00:00,165.0,44,ask,,,10284601
2026-07-07T03:16:12.276809,2026-07-07T03:16:12.288454+00:00,165.0,50,ask,,,10284612
2026-07-07T03:16:12.502081,2026-07-07T03:16:12.510256+00:00,165.1,20,bid,,,10284618
2026-07-07T03:16:12.502081,2026-07-07T03:16:12.510256+00:00,165.4,27,bid,,,10284619
2026-07-07T03:16:13.533732,2026-07-07T03:16:13.547950+00:00,165.0,11,ask,,,10284629
2026-07-07T03:16:14.382542,2026-07-07T03:16:14.394168+00:00,165.0,50,ask,,,10284648
2026-07-07T03:16:14.958695,2026-07-07T03:16:14.969130+00:00,164.9,100,ask,,,10284656
2026-07-07T03:16:15.262915,2026-07-07T03:16:15.274589+00:00,164.7,20,ask,,,10284662
2026-07-07T03:16:15.262915,2026-07-07T03:16:15.274589+00:00,164.4,20,ask,,,10284663
2026-07-07T03:16:16.438984,2026-07-07T03:16:16.450540+00:00,164.9,50,bid,,,10284683
2026-07-07T03:16:18.205614,2026-07-07T03:16:18.217500+00:00,165.0,42,bid,,,10284696
2026-07-07T03:16:18.599705,2026-07-07T03:16:18.608900+00:00,164.8,50,ask,,,10284705
2026-07-07T03:16:20.438602,2026-07-07T03:16:20.464027+00:00,165.0,20,bid,,,10284732
2026-07-07T03:16:20.493316,2026-07-07T03:16:20.500782+00:00,164.8,49,ask,,,10284735
2026-07-07T03:16:20.985325,2026-07-07T03:16:20.996771+00:00,164.8,43,ask,,,10284746
2026-07-07T03:16:21.292848,2026-07-07T03:16:21.300276+00:00,164.7,11,bid,,,10284751
2026-07-07T03:16:21.474854,2026-07-07T03:16:21.486400+00:00,164.7,42,bid,,,10284755
2026-07-07T03:16:22.759533,2026-07-07T03:16:22.769847+00:00,164.7,50,bid,,,10284773
2026-07-07T03:16:23.444886,2026-07-07T03:16:23.463640+00:00,164.7,47,bid,,,10284777
2026-07-07T03:16:24.917504,2026-07-07T03:16:24.929950+00:00,164.8,50,ask,,,10284796
2026-07-07T03:16:25.372562,2026-07-07T03:16:25.386663+00:00,164.8,11,ask,,,10284800
2026-07-07T03:16:27.025923,2026-07-07T03:16:27.035619+00:00,164.8,50,ask,,,10284819
2026-07-07T03:16:28.205277,2026-07-07T03:16:28.214584+00:00,164.5,44,ask,,,10284833
2026-07-07T03:16:29.131662,2026-07-07T03:16:29.143250+00:00,164.5,50,ask,,,10284845
2026-07-07T03:16:30.792195,2026-07-07T03:16:30.803996+00:00,164.9,48,bid,,,10284867
2026-07-07T03:16:31.240013,2026-07-07T03:16:31.247232+00:00,164.5,6,ask,,,10284875
2026-07-07T03:16:31.240013,2026-07-07T03:16:31.252227+00:00,164.5,20,ask,,,10284876
2026-07-07T03:16:31.240013,2026-07-07T03:16:31.252227+00:00,164.4,24,ask,,,10284877
2026-07-07T03:16:31.916176,2026-07-07T03:16:31.924936+00:00,164.7,11,bid,,,10284886
2026-07-07T03:16:33.348315,2026-07-07T03:16:33.363674+00:00,164.4,50,ask,,,10284911
2026-07-07T03:16:34.724354,2026-07-07T03:16:34.736132+00:00,164.7,44,bid,,,10284924
2026-07-07T03:16:34.777966,2026-07-07T03:16:34.788663+00:00,164.5,20,ask,,,10284927
2026-07-07T03:16:34.777966,2026-07-07T03:16:34.788663+00:00,164.3,29,ask,,,10284928
2026-07-07T03:16:35.456217,2026-07-07T03:16:35.463580+00:00,164.4,20,ask,,,10284936
2026-07-07T03:16:35.456217,2026-07-07T03:16:35.468795+00:00,164.3,30,ask,,,10284937
2026-07-07T03:16:36.189290,2026-07-07T03:16:36.197899+00:00,164.7,41,bid,,,10284950
2026-07-07T03:16:37.699817,2026-07-07T03:16:37.708627+00:00,164.5,100,ask,,,10284968
2026-07-07T03:16:38.470257,2026-07-07T03:16:38.479762+00:00,164.5,11,ask,,,10284975
2026-07-07T03:16:39.618701,2026-07-07T03:16:39.625458+00:00,164.6,20,bid,,,10284990
2026-07-07T03:16:39.820941,2026-07-07T03:16:39.832817+00:00,164.5,39,ask,,,10284994
2026-07-07T03:16:39.820941,2026-07-07T03:16:39.832817+00:00,164.2,2,ask,,,10284995
2026-07-07T03:16:40.276545,2026-07-07T03:16:40.302325+00:00,164.3,20,ask,,,10285005
2026-07-07T03:16:40.290630,2026-07-07T03:16:40.302325+00:00,164.2,34,bid,,,10285007
2026-07-07T03:16:40.401678,2026-07-07T03:16:40.411152+00:00,164.1,20,ask,,,10285011
2026-07-07T03:16:40.401678,2026-07-07T03:16:40.411152+00:00,163.9,21,ask,,,10285012
2026-07-07T03:16:40.810675,2026-07-07T03:16:40.822183+00:00,164.2,96,bid,,,10285018
2026-07-07T03:16:41.779593,2026-07-07T03:16:41.791510+00:00,164.2,4,ask,,,10285032
2026-07-07T03:16:41.779593,2026-07-07T03:16:41.791510+00:00,164.1,20,ask,,,10285033
2026-07-07T03:16:41.779593,2026-07-07T03:16:41.791510+00:00,163.7,26,ask,,,10285034
2026-07-07T03:16:42.565838,2026-07-07T03:16:42.577674+00:00,164.5,20,bid,,,10285048
2026-07-07T03:16:42.565838,2026-07-07T03:16:42.577674+00:00,164.7,29,bid,,,10285049
2026-07-07T03:16:43.889204,2026-07-07T03:16:43.900802+00:00,164.2,50,ask,,,10285073
2026-07-07T03:16:44.559535,2026-07-07T03:16:44.571543+00:00,164.4,45,bid,,,10285078
2026-07-07T03:16:48.069757,2026-07-07T03:16:48.081342+00:00,164.4,20,ask,,,10285136
2026-07-07T03:16:48.069757,2026-07-07T03:16:48.081342+00:00,164.2,27,ask,,,10285137
2026-07-07T03:16:48.101058,2026-07-07T03:16:48.112947+00:00,164.2,50,ask,,,10285138
2026-07-07T03:16:49.034651,2026-07-07T03:16:49.041529+00:00,164.6,45,bid,,,10285151
2026-07-07T03:16:50.209743,2026-07-07T03:16:50.221519+00:00,164.6,50,ask,,,10285170
2026-07-07T03:16:50.319577,2026-07-07T03:16:50.327776+00:00,164.6,34,ask,,,10285175
2026-07-07T03:16:50.349101,2026-07-07T03:16:50.368239+00:00,164.6,66,ask,,,10285177
2026-07-07T03:16:50.349101,2026-07-07T03:16:50.368239+00:00,164.4,20,ask,,,10285178
2026-07-07T03:16:50.359841,2026-07-07T03:16:50.368239+00:00,164.2,11,bid,,,10285179
2026-07-07T03:16:51.625012,2026-07-07T03:16:51.633847+00:00,164.2,3,bid,,,10285194
2026-07-07T03:16:52.952590,2026-07-07T03:16:52.962775+00:00,164.1,20,bid,,,10285214
2026-07-07T03:16:53.457641,2026-07-07T03:16:53.469179+00:00,164.1,100,bid,,,10285224
2026-07-07T03:16:54.240731,2026-07-07T03:16:54.248909+00:00,164.1,11,bid,,,10285231
2026-07-07T03:16:54.371656,2026-07-07T03:16:54.384723+00:00,164.1,19,bid,,,10285236
2026-07-07T03:16:54.371656,2026-07-07T03:16:54.384723+00:00,164.5,20,bid,,,10285237
2026-07-07T03:16:54.371656,2026-07-07T03:16:54.384723+00:00,164.6,11,bid,,,10285238
2026-07-07T03:16:55.512572,2026-07-07T03:16:55.523272+00:00,164.2,20,ask,,,10285249
2026-07-07T03:16:55.512572,2026-07-07T03:16:55.523272+00:00,163.6,24,ask,,,10285250
2026-07-07T03:16:56.534235,2026-07-07T03:16:56.545693+00:00,164.1,50,ask,,,10285267
2026-07-07T03:16:56.674834,2026-07-07T03:16:56.685709+00:00,164.2,41,bid,,,10285269
2026-07-07T03:16:58.175339,2026-07-07T03:16:58.184962+00:00,164.1,11,ask,,,10285297
2026-07-07T03:16:58.614568,2026-07-07T03:16:58.621535+00:00,164.2,50,bid,,,10285301
2026-07-07T03:17:00.720444,2026-07-07T03:17:00.727572+00:00,164.1,50,bid,,,10285331
2026-07-07T03:17:01.117259,2026-07-07T03:17:01.124864+00:00,164.0,20,ask,,,10285341
2026-07-07T03:17:01.117259,2026-07-07T03:17:01.129880+00:00,163.9,27,ask,,,10285342
2026-07-07T03:17:01.683819,2026-07-07T03:17:01.695294+00:00,164.1,45,bid,,,10285348
2026-07-07T03:17:02.834738,2026-07-07T03:17:02.841864+00:00,164.4,50,bid,,,10285366
2026-07-07T03:17:04.944852,2026-07-07T03:17:04.958591+00:00,164.6,50,bid,,,10285394
2026-07-07T03:17:05.303129,2026-07-07T03:17:05.315887+00:00,164.1,45,ask,,,10285399
2026-07-07T03:17:05.883397,2026-07-07T03:17:05.890382+00:00,164.4,45,ask,,,10285400
2026-07-07T03:17:07.051011,2026-07-07T03:17:07.057497+00:00,164.5,20,bid,,,10285418
2026-07-07T03:17:07.051011,2026-07-07T03:17:07.057497+00:00,164.8,30,bid,,,10285419
