timestamp,recv_time,price,volume,aggressor_side,buyer,seller,trade_id
2026-07-04T02:00:00.153301,2026-07-04T02:00:00.087788+00:00,136.0,100,ask,DiligentDonuts,EarnestEspressos,6439652
2026-07-04T02:00:01.285895,2026-07-04T02:00:01.279979+00:00,135.4,50,ask,EarnestEspressos,FlawlessFlatbreads,6439670
2026-07-04T02:00:02.166404,2026-07-04T02:00:02.178327+00:00,135.8,42,bid,CostlyCorianders,DiligentDonuts,6439683
2026-07-04T02:00:02.222732,2026-07-04T02:00:02.234742+00:00,135.4,42,ask,EarnestEspressos,CostlyCorianders,6439684
2026-07-04T02:00:02.745062,2026-07-04T02:00:02.752649+00:00,135.4,40,ask,EarnestEspressos,CostlyCorianders,6439690
2026-07-04T02:00:02.804333,2026-07-04T02:00:02.812551+00:00,135.8,3,bid,Xuanyu Liu,DiligentDonuts,6439694
2026-07-04T02:00:03.392256,2026-07-04T02:00:03.399722+00:00,135.3,50,ask,DiligentDonuts,FlawlessFlatbreads,6439703
2026-07-04T02:00:05.223596,2026-07-04T02:00:05.231518+00:00,135.8,11,bid,Xuanyu Liu,EarnestEspressos,6439723
2026-07-04T02:00:05.499883,2026-07-04T02:00:05.511450+00:00,135.3,50,ask,EarnestEspressos,FlawlessFlatbreads,6439734
2026-07-04T02:00:05.860623,2026-07-04T02:00:05.872148+00:00,135.8,42,bid,CostlyCorianders,EarnestEspressos,6439738
2026-07-04T02:00:07.473090,2026-07-04T02:00:07.482650+00:00,135.7,48,bid,CostlyCorianders,EarnestEspressos,6439765
2026-07-04T02:00:07.622975,2026-07-04T02:00:07.632971+00:00,135.3,50,ask,DiligentDonuts,FlawlessFlatbreads,6439768
2026-07-04T02:00:07.634195,2026-07-04T02:00:07.643151+00:00,135.7,12,bid,Xuanyu Liu,EarnestEspressos,6439769
2026-07-04T02:00:07.968741,2026-07-04T02:00:07.976808+00:00,135.3,40,ask,DiligentDonuts,CostlyCorianders,6439773
2026-07-04T02:00:09.677616,2026-07-04T02:00:09.688980+00:00,135.8,50,bid,FlawlessFlatbreads,DiligentDonuts,6439798
2026-07-04T02:00:10.449882,2026-07-04T02:00:10.456165+00:00,135.8,41,bid,CostlyCorianders,DiligentDonuts,6439809
2026-07-04T02:00:11.572304,2026-07-04T02:00:11.584113+00:00,135.4,48,ask,EarnestEspressos,CostlyCorianders,6439820
2026-07-04T02:00:11.784505,2026-07-04T02:00:11.796089+00:00,135.9,50,bid,FlawlessFlatbreads,EarnestEspressos,6439822
2026-07-04T02:00:12.189596,2026-07-04T02:00:12.198421+00:00,135.9,41,bid,CostlyCorianders,EarnestEspressos,6439829
2026-07-04T02:00:12.243114,2026-07-04T02:00:12.263652+00:00,135.4,41,ask,EarnestEspressos,CostlyCorianders,6439831
2026-07-04T02:00:13.893846,2026-07-04T02:00:13.905048+00:00,135.9,50,bid,FlawlessFlatbreads,EarnestEspressos,6439852
2026-07-04T02:00:14.262236,2026-07-04T02:00:14.270043+00:00,135.4,45,ask,EarnestEspressos,CostlyCorianders,6439857
2026-07-04T02:00:16.001219,2026-07-04T02:00:16.012805+00:00,135.9,50,bid,FlawlessFlatbreads,DiligentDonuts,6439884
2026-07-04T02:00:16.590137,2026-07-04T02:00:16.602119+00:00,135.9,43,bid,CostlyCorianders,DiligentDonuts,6439891
2026-07-04T02:00:18.162137,2026-07-04T02:00:18.173914+00:00,135.8,50,ask,DiligentDonuts,FlawlessFlatbreads,6439917
2026-07-04T02:00:19.741049,2026-07-04T02:00:19.749136+00:00,135.8,12,ask,DiligentDonuts,Xuanyu Liu,6439936
2026-07-04T02:00:20.217901,2026-07-04T02:00:20.227332+00:00,135.9,50,bid,FlawlessFlatbreads,DiligentDonuts,6439949
2026-07-04T02:00:21.216963,2026-07-04T02:00:21.228454+00:00,135.9,40,bid,CostlyCorianders,DiligentDonuts,6439967
2026-07-04T02:00:22.400544,2026-07-04T02:00:22.412355+00:00,135.6,50,ask,EarnestEspressos,FlawlessFlatbreads,6439983
2026-07-04T02:00:24.528062,2026-07-04T02:00:24.536119+00:00,135.7,50,ask,DiligentDonuts,FlawlessFlatbreads,6440012
2026-07-04T02:00:26.633190,2026-07-04T02:00:26.644867+00:00,135.6,50,ask,DiligentDonuts,FlawlessFlatbreads,6440038
2026-07-04T02:00:28.378426,2026-07-04T02:00:28.387805+00:00,135.6,41,ask,DiligentDonuts,CostlyCorianders,6440058
2026-07-04T02:00:28.758783,2026-07-04T02:00:28.771089+00:00,135.7,50,ask,EarnestEspressos,FlawlessFlatbreads,6440063
2026-07-04T02:00:29.471232,2026-07-04T02:00:29.482676+00:00,135.7,44,ask,EarnestEspressos,CostlyCorianders,6440071
2026-07-04T02:00:30.392889,2026-07-04T02:00:30.404820+00:00,136.0,44,bid,CostlyCorianders,DiligentDonuts,6440084
2026-07-04T02:00:30.867281,2026-07-04T02:00:30.878978+00:00,135.7,50,ask,EarnestEspressos,FlawlessFlatbreads,6440088
2026-07-04T02:00:31.606580,2026-07-04T02:00:31.618085+00:00,135.7,6,ask,EarnestEspressos,CostlyCorianders,6440106
2026-07-04T02:00:31.606580,2026-07-04T02:00:31.618085+00:00,135.5,39,ask,DiligentDonuts,CostlyCorianders,6440107
2026-07-04T02:00:31.795831,2026-07-04T02:00:31.810863+00:00,135.5,61,ask,DiligentDonuts,EarnestEspressos,6440111
2026-07-04T02:00:31.817242,2026-07-04T02:00:31.832100+00:00,135.4,46,bid,Xuanyu Liu,EarnestEspressos,6440112
2026-07-04T02:00:36.155336,2026-07-04T02:00:36.164265+00:00,135.8,44,bid,CostlyCorianders,EarnestEspressos,6440155
2026-07-04T02:00:37.151386,2026-07-04T02:00:37.158564+00:00,135.8,50,bid,FlawlessFlatbreads,EarnestEspressos,6440169
2026-07-04T02:00:38.102038,2026-07-04T02:00:38.112638+00:00,135.7,11,ask,EarnestEspressos,Xuanyu Liu,6440175
2026-07-04T02:00:39.310373,2026-07-04T02:00:39.321941+00:00,135.7,50,ask,EarnestEspressos,FlawlessFlatbreads,6440192
2026-07-04T02:00:41.837955,2026-07-04T02:00:41.846231+00:00,135.8,49,bid,CostlyCorianders,DiligentDonuts,6440225
2026-07-04T02:00:43.310079,2026-07-04T02:00:43.321755+00:00,135.5,46,ask,EarnestEspressos,CostlyCorianders,6440243
2026-07-04T02:00:43.472577,2026-07-04T02:00:43.484067+00:00,136.0,50,bid,FlawlessFlatbreads,EarnestEspressos,6440249
2026-07-04T02:00:45.630910,2026-07-04T02:00:45.638166+00:00,135.6,50,ask,EarnestEspressos,FlawlessFlatbreads,6440278
2026-07-04T02:00:45.844171,2026-07-04T02:00:45.858586+00:00,136.0,47,bid,CostlyCorianders,DiligentDonuts,6440284
2026-07-04T02:00:47.737202,2026-07-04T02:00:47.748061+00:00,135.5,50,ask,DiligentDonuts,FlawlessFlatbreads,6440304
2026-07-04T02:00:48.657549,2026-07-04T02:00:48.669080+00:00,135.5,41,ask,DiligentDonuts,CostlyCorianders,6440314
2026-07-04T02:00:51.647291,2026-07-04T02:00:51.658602+00:00,135.5,46,ask,DiligentDonuts,CostlyCorianders,6440352
2026-07-04T02:00:51.944673,2026-07-04T02:00:51.956259+00:00,135.3,50,ask,EarnestEspressos,FlawlessFlatbreads,6440356
2026-07-04T02:00:52.027838,2026-07-04T02:00:52.035859+00:00,135.4,11,bid,Xuanyu Liu,DiligentDonuts,6440359
2026-07-04T02:00:52.241271,2026-07-04T02:00:52.252673+00:00,135.4,47,bid,CostlyCorianders,DiligentDonuts,6440365
2026-07-04T02:00:52.886714,2026-07-04T02:00:52.895504+00:00,135.4,41,bid,CostlyCorianders,DiligentDonuts,6440372
2026-07-04T02:00:53.347540,2026-07-04T02:00:53.359147+00:00,135.4,1,bid,CostlyCorianders,DiligentDonuts,6440384
2026-07-04T02:00:53.926318,2026-07-04T02:00:53.935331+00:00,135.0,44,ask,DiligentDonuts,CostlyCorianders,6440391
2026-07-04T02:00:54.800228,2026-07-04T02:00:54.807436+00:00,135.4,11,bid,Xuanyu Liu,EarnestEspressos,6440407
2026-07-04T02:00:54.982104,2026-07-04T02:00:54.991791+00:00,135.4,100,bid,DiligentDonuts,EarnestEspressos,6440412
2026-07-04T02:00:56.163102,2026-07-04T02:00:56.174939+00:00,134.9,50,ask,EarnestEspressos,FlawlessFlatbreads,6440425
2026-07-04T02:00:57.144314,2026-07-04T02:00:57.151003+00:00,135.8,43,bid,CostlyCorianders,EarnestEspressos,6440434
2026-07-04T02:00:58.270487,2026-07-04T02:00:58.282127+00:00,135.3,50,ask,EarnestEspressos,FlawlessFlatbreads,6440452
2026-07-04T02:01:02.430482,2026-07-04T02:01:02.441934+00:00,135.5,50,bid,FlawlessFlatbreads,DiligentDonuts,6440514
2026-07-04T02:01:02.481502,2026-07-04T02:01:02.492910+00:00,135.5,48,bid,CostlyCorianders,DiligentDonuts,6440515
2026-07-04T02:01:04.552244,2026-07-04T02:01:04.564314+00:00,135.8,50,bid,FlawlessFlatbreads,DiligentDonuts,6440550
2026-07-04T02:01:06.660830,2026-07-04T02:01:06.672350+00:00,135.8,50,bid,FlawlessFlatbreads,DiligentDonuts,6440582
2026-07-04T02:01:07.225333,2026-07-04T02:01:07.237015+00:00,135.6,44,ask,EarnestEspressos,CostlyCorianders,6440590
2026-07-04T02:01:07.649272,2026-07-04T02:01:07.658374+00:00,135.9,11,ask,DiligentDonuts,Xuanyu Liu,6440601
2026-07-04T02:01:07.759414,2026-07-04T02:01:07.768538+00:00,135.9,23,ask,DiligentDonuts,Xuanyu Liu,6440603
2026-07-04T02:01:09.797791,2026-07-04T02:01:09.808818+00:00,135.9,66,ask,DiligentDonuts,EarnestEspressos,6440631
2026-07-04T02:01:10.367636,2026-07-04T02:01:10.374797+00:00,135.8,34,bid,Xuanyu Liu,EarnestEspressos,6440645
2026-07-04T02:01:10.802477,2026-07-04T02:01:10.809357+00:00,135.8,50,bid,DiligentDonuts,EarnestEspressos,6440651
2026-07-04T02:01:12.841933,2026-07-04T02:01:12.858621+00:00,135.8,41,ask,DiligentDonuts,CostlyCorianders,6440683
2026-07-04T02:01:12.904715,2026-07-04T02:01:12.916293+00:00,136.3,100,bid,EarnestEspressos,DiligentDonuts,6440685
2026-07-04T02:01:12.996070,2026-07-04T02:01:13.004747+00:00,136.6,50,ask,EarnestEspressos,Xuanyu Liu,6440686
2026-07-04T02:01:13.779936,2026-07-04T02:01:13.791640+00:00,135.8,9,ask,DiligentDonuts,CostlyCorianders,6440700
2026-07-04T02:01:14.301621,2026-07-04T02:01:14.308703+00:00,136.4,16,bid,Xuanyu Liu,DiligentDonuts,6440704
2026-07-04T02:01:14.343428,2026-07-04T02:01:14.351930+00:00,136.4,48,bid,CostlyCorianders,DiligentDonuts,6440706
2026-07-04T02:01:15.080610,2026-07-04T02:01:15.092137+00:00,136.4,36,bid,FlawlessFlatbreads,DiligentDonuts,6440710
2026-07-04T02:01:15.080610,2026-07-04T02:01:15.092137+00:00,137.1,14,bid,FlawlessFlatbreads,EarnestEspressos,6440711
2026-07-04T02:01:15.502541,2026-07-04T02:01:15.514185+00:00,135.9,48,ask,DiligentDonuts,CostlyCorianders,6440718
2026-07-04T02:01:17.137101,2026-07-04T02:01:17.148852+00:00,136.1,43,ask,DiligentDonuts,CostlyCorianders,6440742
2026-07-04T02:01:17.193379,2026-07-04T02:01:17.201942+00:00,136.4,50,bid,FlawlessFlatbreads,EarnestEspressos,6440743
2026-07-04T02:01:19.300386,2026-07-04T02:01:19.312119+00:00,136.4,50,bid,FlawlessFlatbreads,EarnestEspressos,6440777
2026-07-04T02:01:19.750543,2026-07-04T02:01:19.758572+00:00,136.4,47,bid,CostlyCorianders,EarnestEspressos,6440780
2026-07-04T02:01:21.427124,2026-07-04T02:01:21.434017+00:00,136.4,50,bid,FlawlessFlatbreads,EarnestEspressos,6440814
2026-07-04T02:01:22.400901,2026-07-04T02:01:22.412559+00:00,136.5,100,bid,EarnestEspressos,DiligentDonuts,6440827
2026-07-04T02:01:22.469658,2026-07-04T02:01:22.479127+00:00,136.8,23,ask,EarnestEspressos,Xuanyu Liu,6440830
2026-07-04T02:01:23.481086,2026-07-04T02:01:23.489314+00:00,136.8,14,ask,EarnestEspressos,Xuanyu Liu,6440850
2026-07-04T02:01:23.533780,2026-07-04T02:01:23.540135+00:00,136.9,50,bid,FlawlessFlatbreads,DiligentDonuts,6440852
2026-07-04T02:01:25.641399,2026-07-04T02:01:25.650861+00:00,136.9,50,bid,FlawlessFlatbreads,DiligentDonuts,6440880
2026-07-04T02:01:27.759071,2026-07-04T02:01:27.770882+00:00,137.0,50,bid,FlawlessFlatbreads,EarnestEspressos,6440903
2026-07-04T02:01:28.539727,2026-07-04T02:01:28.551348+00:00,137.0,46,bid,CostlyCorianders,EarnestEspressos,6440916
2026-07-04T02:01:29.867148,2026-07-04T02:01:29.878669+00:00,137.3,50,bid,FlawlessFlatbreads,EarnestEspressos,6440929
2026-07-04T02:01:30.288158,2026-07-04T02:01:30.294785+00:00,136.9,42,ask,DiligentDonuts,CostlyCorianders,6440934
2026-07-04T02:01:31.989299,2026-07-04T02:01:31.998138+00:00,137.4,50,bid,FlawlessFlatbreads,DiligentDonuts,6440954
2026-07-04T02:01:34.094797,2026-07-04T02:01:34.101837+00:00,137.3,50,bid,FlawlessFlatbreads,DiligentDonuts,6440978
2026-07-04T02:01:36.213888,2026-07-04T02:01:36.225632+00:00,137.5,50,bid,FlawlessFlatbreads,EarnestEspressos,6441009
2026-07-04T02:01:37.822541,2026-07-04T02:01:37.832280+00:00,137.1,42,ask,DiligentDonuts,CostlyCorianders,6441031
2026-07-04T02:01:38.319294,2026-07-04T02:01:38.328953+00:00,137.6,50,bid,FlawlessFlatbreads,DiligentDonuts,6441035
2026-07-04T02:01:40.104843,2026-07-04T02:01:40.109442+00:00,137.4,47,ask,EarnestEspressos,CostlyCorianders,6441067
2026-07-04T02:01:40.500395,2026-07-04T02:01:40.512029+00:00,137.4,50,ask,EarnestEspressos,FlawlessFlatbreads,6441070
2026-07-04T02:01:40.593500,2026-07-04T02:01:40.600125+00:00,137.8,48,bid,CostlyCorianders,DiligentDonuts,6441073
2026-07-04T02:01:41.656214,2026-07-04T02:01:41.668016+00:00,137.3,45,ask,DiligentDonuts,CostlyCorianders,6441098
2026-07-04T02:01:43.129523,2026-07-04T02:01:43.137396+00:00,137.6,48,bid,CostlyCorianders,EarnestEspressos,6441110
2026-07-04T02:01:44.660633,2026-07-04T02:01:44.672449+00:00,137.7,50,bid,FlawlessFlatbreads,EarnestEspressos,6441125
2026-07-04T02:01:46.728231,2026-07-04T02:01:46.739585+00:00,137.7,49,bid,CostlyCorianders,EarnestEspressos,6441156
2026-07-04T02:01:46.767289,2026-07-04T02:01:46.778660+00:00,137.7,50,bid,FlawlessFlatbreads,EarnestEspressos,6441157
2026-07-04T02:01:47.336711,2026-07-04T02:01:47.348635+00:00,137.3,46,ask,DiligentDonuts,CostlyCorianders,6441166
2026-07-04T02:01:47.746408,2026-07-04T02:01:47.754267+00:00,137.8,100,bid,EarnestEspressos,DiligentDonuts,6441171
2026-07-04T02:01:47.808088,2026-07-04T02:01:47.818593+00:00,138.0,48,ask,EarnestEspressos,CostlyCorianders,6441172
2026-07-04T02:01:47.810840,2026-07-04T02:01:47.818593+00:00,138.0,2,ask,EarnestEspressos,Xuanyu Liu,6441173
2026-07-04T02:01:48.873146,2026-07-04T02:01:48.879879+00:00,138.2,50,bid,FlawlessFlatbreads,DiligentDonuts,6441196
2026-07-04T02:01:48.986374,2026-07-04T02:01:48.997731+00:00,137.7,43,ask,DiligentDonuts,CostlyCorianders,6441200
2026-07-04T02:01:50.981216,2026-07-04T02:01:50.992701+00:00,137.9,50,bid,FlawlessFlatbreads,EarnestEspressos,6441217
2026-07-04T02:01:53.088396,2026-07-04T02:01:53.100302+00:00,137.9,50,bid,FlawlessFlatbreads,EarnestEspressos,6441245
2026-07-04T02:01:54.384366,2026-07-04T02:01:54.396102+00:00,138.2,40,bid,CostlyCorianders,DiligentDonuts,6441262
2026-07-04T02:01:55.195171,2026-07-04T02:01:55.206887+00:00,138.2,50,bid,FlawlessFlatbreads,EarnestEspressos,6441272
2026-07-04T02:01:55.300622,2026-07-04T02:01:55.312328+00:00,138.2,42,bid,CostlyCorianders,EarnestEspressos,6441274
2026-07-04T02:01:56.570652,2026-07-04T02:01:56.577718+00:00,137.7,12,ask,EarnestEspressos,Xuanyu Liu,6441294
2026-07-04T02:01:57.237468,2026-07-04T02:01:57.246094+00:00,137.8,12,ask,EarnestEspressos,Xuanyu Liu,6441305
2026-07-04T02:01:57.354026,2026-07-04T02:01:57.361480+00:00,137.8,50,ask,EarnestEspressos,FlawlessFlatbreads,6441310
2026-07-04T02:01:59.459603,2026-07-04T02:01:59.471148+00:00,137.8,50,ask,EarnestEspressos,FlawlessFlatbreads,6441341
2026-07-04T02:02:00.964145,2026-07-04T02:02:00.975770+00:00,137.6,44,ask,DiligentDonuts,CostlyCorianders,6441365
2026-07-04T02:02:01.520363,2026-07-04T02:02:01.532149+00:00,138.0,45,bid,CostlyCorianders,EarnestEspressos,6441371
2026-07-04T02:02:01.565891,2026-07-04T02:02:01.580446+00:00,137.6,50,ask,DiligentDonuts,FlawlessFlatbreads,6441372
2026-07-04T02:02:01.574084,2026-07-04T02:02:01.580446+00:00,137.6,44,ask,DiligentDonuts,CostlyCorianders,6441373
2026-07-04T02:02:02.101274,2026-07-04T02:02:02.112814+00:00,137.6,6,ask,DiligentDonuts,CostlyCorianders,6441380
2026-07-04T02:02:02.101274,2026-07-04T02:02:02.112814+00:00,137.5,36,ask,EarnestEspressos,CostlyCorianders,6441381
2026-07-04T02:02:03.674903,2026-07-04T02:02:03.680355+00:00,137.4,50,ask,EarnestEspressos,FlawlessFlatbreads,6441420
2026-07-04T02:02:05.084438,2026-07-04T02:02:05.097051+00:00,137.6,12,bid,Xuanyu Liu,DiligentDonuts,6441444
2026-07-04T02:02:05.780168,2026-07-04T02:02:05.791834+00:00,137.4,50,ask,EarnestEspressos,FlawlessFlatbreads,6441453
2026-07-04T02:02:06.789445,2026-07-04T02:02:06.797002+00:00,137.4,14,bid,Xuanyu Liu,EarnestEspressos,6441465
2026-07-04T02:02:07.888080,2026-07-04T02:02:07.899778+00:00,137.3,50,ask,DiligentDonuts,FlawlessFlatbreads,6441486
2026-07-04T02:02:09.911508,2026-07-04T02:02:09.922141+00:00,137.8,49,bid,CostlyCorianders,DiligentDonuts,6441506
2026-07-04T02:02:09.993516,2026-07-04T02:02:10.001814+00:00,137.3,50,ask,DiligentDonuts,FlawlessFlatbreads,6441510
2026-07-04T02:02:10.454786,2026-07-04T02:02:10.466973+00:00,137.5,43,bid,CostlyCorianders,EarnestEspressos,6441516
2026-07-04T02:02:11.981971,2026-07-04T02:02:12.058622+00:00,137.0,42,ask,EarnestEspressos,CostlyCorianders,6441550
2026-07-04T02:02:12.099788,2026-07-04T02:02:12.163861+00:00,137.0,50,ask,EarnestEspressos,FlawlessFlatbreads,6441551
2026-07-04T02:02:13.565673,2026-07-04T02:02:13.577106+00:00,137.0,42,ask,DiligentDonuts,CostlyCorianders,6441567
2026-07-04T02:02:14.207974,2026-07-04T02:02:14.219437+00:00,136.7,50,ask,EarnestEspressos,FlawlessFlatbreads,6441577
2026-07-04T02:02:14.636454,2026-07-04T02:02:14.648018+00:00,137.1,47,bid,CostlyCorianders,DiligentDonuts,6441580
2026-07-04T02:02:15.272083,2026-07-04T02:02:15.284211+00:00,137.1,42,bid,CostlyCorianders,DiligentDonuts,6441587
2026-07-04T02:02:15.778153,2026-07-04T02:02:15.789873+00:00,137.1,11,bid,CostlyCorianders,DiligentDonuts,6441594
2026-07-04T02:02:15.778153,2026-07-04T02:02:15.789873+00:00,137.2,32,bid,CostlyCorianders,EarnestEspressos,6441595
2026-07-04T02:02:16.317703,2026-07-04T02:02:16.323974+00:00,136.6,50,ask,DiligentDonuts,FlawlessFlatbreads,6441606
2026-07-04T02:02:18.432442,2026-07-04T02:02:18.443864+00:00,136.8,50,ask,DiligentDonuts,FlawlessFlatbreads,6441630
2026-07-04T02:02:19.514445,2026-07-04T02:02:19.526418+00:00,136.8,3,ask,DiligentDonuts,CostlyCorianders,6441644
2026-07-04T02:02:19.514445,2026-07-04T02:02:19.526418+00:00,136.7,44,ask,EarnestEspressos,CostlyCorianders,6441645
2026-07-04T02:02:19.975704,2026-07-04T02:02:19.987303+00:00,137.2,40,bid,CostlyCorianders,EarnestEspressos,6441652
2026-07-04T02:02:20.539237,2026-07-04T02:02:20.551121+00:00,136.7,50,ask,EarnestEspressos,FlawlessFlatbreads,6441657
2026-07-04T02:02:21.064135,2026-07-04T02:02:21.075967+00:00,136.7,45,ask,EarnestEspressos,CostlyCorianders,6441671
2026-07-04T02:02:21.667040,2026-07-04T02:02:21.678589+00:00,137.1,46,bid,CostlyCorianders,DiligentDonuts,6441675
2026-07-04T02:02:22.609719,2026-07-04T02:02:22.618447+00:00,136.9,3,bid,Xuanyu Liu,EarnestEspressos,6441691
2026-07-04T02:02:22.653325,2026-07-04T02:02:22.661916+00:00,136.6,50,ask,DiligentDonuts,FlawlessFlatbreads,6441694
2026-07-04T02:02:24.475498,2026-07-04T02:02:24.483641+00:00,136.9,11,bid,Xuanyu Liu,EarnestEspressos,6441713
2026-07-04T02:02:24.760109,2026-07-04T02:02:24.768795+00:00,136.6,50,ask,DiligentDonuts,FlawlessFlatbreads,6441715
2026-07-04T02:02:26.843098,2026-07-04T02:02:26.854766+00:00,136.9,50,bid,FlawlessFlatbreads,EarnestEspressos,6441737
2026-07-04T02:02:28.948810,2026-07-04T02:02:28.958569+00:00,136.9,50,bid,FlawlessFlatbreads,EarnestEspressos,6441762
2026-07-04T02:02:31.108558,2026-07-04T02:02:31.116521+00:00,136.4,50,ask,EarnestEspressos,FlawlessFlatbreads,6441793
2026-07-04T02:02:31.950053,2026-07-04T02:02:31.961957+00:00,136.8,41,bid,CostlyCorianders,DiligentDonuts,6441805
2026-07-04T02:02:32.438192,2026-07-04T02:02:32.448506+00:00,136.5,42,ask,EarnestEspressos,CostlyCorianders,6441816
2026-07-04T02:02:33.216464,2026-07-04T02:02:33.228561+00:00,136.6,50,ask,DiligentDonuts,FlawlessFlatbreads,6441827
2026-07-04T02:02:35.324855,2026-07-04T02:02:35.331723+00:00,136.6,50,ask,DiligentDonuts,FlawlessFlatbreads,6441860
2026-07-04T02:02:36.975752,2026-07-04T02:02:36.984065+00:00,136.7,23,bid,Xuanyu Liu,DiligentDonuts,6441885
2026-07-04T02:02:37.430641,2026-07-04T02:02:37.442494+00:00,136.5,50,ask,EarnestEspressos,FlawlessFlatbreads,6441890
2026-07-04T02:02:38.285004,2026-07-04T02:02:38.292763+00:00,136.7,12,bid,Xuanyu Liu,DiligentDonuts,6441899
2026-07-04T02:02:39.567319,2026-07-04T02:02:39.574398+00:00,136.6,50,ask,DiligentDonuts,FlawlessFlatbreads,6441922
2026-07-04T02:02:41.622696,2026-07-04T02:02:41.634356+00:00,136.7,50,bid,FlawlessFlatbreads,EarnestEspressos,6441943
2026-07-04T02:02:41.882431,2026-07-04T02:02:41.894005+00:00,136.7,41,bid,CostlyCorianders,EarnestEspressos,6441946
2026-07-04T02:02:42.958445,2026-07-04T02:02:42.970110+00:00,136.6,40,bid,CostlyCorianders,DiligentDonuts,6441958
2026-07-04T02:02:43.731318,2026-07-04T02:02:43.743172+00:00,136.6,50,bid,FlawlessFlatbreads,DiligentDonuts,6441963
2026-07-04T02:02:44.689303,2026-07-04T02:02:44.698795+00:00,136.6,10,bid,EarnestEspressos,DiligentDonuts,6441972
2026-07-04T02:02:46.490993,2026-07-04T02:02:46.502674+00:00,136.6,44,ask,EarnestEspressos,CostlyCorianders,6441995
2026-07-04T02:02:48.530473,2026-07-04T02:02:48.542198+00:00,136.6,42,ask,DiligentDonuts,CostlyCorianders,6442019
2026-07-04T02:02:50.139740,2026-07-04T02:02:50.158595+00:00,136.8,48,bid,CostlyCorianders,EarnestEspressos,6442043
2026-07-04T02:02:51.309468,2026-07-04T02:02:51.321068+00:00,136.9,44,bid,CostlyCorianders,DiligentDonuts,6442064
2026-07-04T02:02:52.232442,2026-07-04T02:02:52.241381+00:00,136.7,50,ask,DiligentDonuts,FlawlessFlatbreads,6442071
2026-07-04T02:02:53.499690,2026-07-04T02:02:53.510952+00:00,136.7,41,ask,DiligentDonuts,CostlyCorianders,6442088
2026-07-04T02:02:54.014400,2026-07-04T02:02:54.024403+00:00,136.7,9,ask,DiligentDonuts,Xuanyu Liu,6442093
2026-07-04T02:02:54.117605,2026-07-04T02:02:54.124736+00:00,136.5,40,ask,EarnestEspressos,CostlyCorianders,6442096
2026-07-04T02:02:54.624288,2026-07-04T02:02:54.634816+00:00,136.8,46,bid,CostlyCorianders,EarnestEspressos,6442097
2026-07-04T02:02:55.249917,2026-07-04T02:02:55.256127+00:00,136.8,49,bid,CostlyCorianders,EarnestEspressos,6442109
2026-07-04T02:02:55.346411,2026-07-04T02:02:55.354112+00:00,136.7,9,bid,Xuanyu Liu,DiligentDonuts,6442115
2026-07-04T02:02:55.949133,2026-07-04T02:02:55.956195+00:00,136.7,11,bid,Xuanyu Liu,DiligentDonuts,6442129
2026-07-04T02:02:56.391723,2026-07-04T02:02:56.403528+00:00,136.7,50,bid,FlawlessFlatbreads,DiligentDonuts,6442134
2026-07-04T02:02:57.360163,2026-07-04T02:02:57.371603+00:00,136.7,30,bid,EarnestEspressos,DiligentDonuts,6442144
2026-07-04T02:02:57.425225,2026-07-04T02:02:57.433015+00:00,136.9,23,ask,EarnestEspressos,Xuanyu Liu,6442146
2026-07-04T02:02:57.959384,2026-07-04T02:02:57.968540+00:00,136.9,11,ask,EarnestEspressos,Xuanyu Liu,6442156
2026-07-04T02:02:58.549743,2026-07-04T02:02:58.558572+00:00,136.9,50,ask,EarnestEspressos,FlawlessFlatbreads,6442170
2026-07-04T02:03:00.655783,2026-07-04T02:03:00.667258+00:00,136.7,50,ask,EarnestEspressos,FlawlessFlatbreads,6442202
2026-07-04T02:03:01.419654,2026-07-04T02:03:01.426336+00:00,136.7,47,ask,EarnestEspressos,CostlyCorianders,6442214
2026-07-04T02:03:01.581289,2026-07-04T02:03:01.588887+00:00,137.2,100,bid,DiligentDonuts,EarnestEspressos,6442216
2026-07-04T02:03:01.888605,2026-07-04T02:03:01.896819+00:00,137.2,11,bid,Xuanyu Liu,EarnestEspressos,6442225
2026-07-04T02:03:02.513972,2026-07-04T02:03:02.525537+00:00,137.2,39,bid,CostlyCorianders,EarnestEspressos,6442234
2026-07-04T02:03:02.763591,2026-07-04T02:03:02.770612+00:00,136.7,50,ask,EarnestEspressos,FlawlessFlatbreads,6442244
2026-07-04T02:03:03.487236,2026-07-04T02:03:03.498663+00:00,136.7,3,ask,EarnestEspressos,CostlyCorianders,6442249
2026-07-04T02:03:04.869671,2026-07-04T02:03:04.881021+00:00,136.9,50,ask,DiligentDonuts,FlawlessFlatbreads,6442263
2026-07-04T02:03:05.073117,2026-07-04T02:03:05.080071+00:00,136.9,44,ask,DiligentDonuts,CostlyCorianders,6442269
2026-07-04T02:03:06.519471,2026-07-04T02:03:06.528753+00:00,137.3,43,bid,CostlyCorianders,EarnestEspressos,6442281
2026-07-04T02:03:06.976673,2026-07-04T02:03:06.988218+00:00,137.1,50,ask,EarnestEspressos,FlawlessFlatbreads,6442287
2026-07-04T02:03:07.952085,2026-07-04T02:03:07.958590+00:00,137.1,100,ask,EarnestEspressos,DiligentDonuts,6442300
2026-07-04T02:03:09.082338,2026-07-04T02:03:09.089172+00:00,136.4,50,ask,DiligentDonuts,FlawlessFlatbreads,6442316
2026-07-04T02:03:10.065926,2026-07-04T02:03:10.074679+00:00,136.6,23,bid,Xuanyu Liu,EarnestEspressos,6442331
2026-07-04T02:03:10.275972,2026-07-04T02:03:10.283894+00:00,136.6,46,bid,CostlyCorianders,EarnestEspressos,6442335
2026-07-04T02:03:10.330740,2026-07-04T02:03:10.342421+00:00,136.4,48,ask,DiligentDonuts,CostlyCorianders,6442336
2026-07-04T02:03:10.435143,2026-07-04T02:03:10.447534+00:00,136.6,11,bid,Xuanyu Liu,EarnestEspressos,6442338
2026-07-04T02:03:10.955515,2026-07-04T02:03:10.967227+00:00,136.6,47,bid,CostlyCorianders,EarnestEspressos,6442352
2026-07-04T02:03:11.192396,2026-07-04T02:03:11.204000+00:00,136.2,50,ask,DiligentDonuts,FlawlessFlatbreads,6442355
2026-07-04T02:03:12.530205,2026-07-04T02:03:12.541915+00:00,136.2,40,ask,DiligentDonuts,CostlyCorianders,6442379
2026-07-04T02:03:13.300185,2026-07-04T02:03:13.311773+00:00,136.6,50,ask,EarnestEspressos,FlawlessFlatbreads,6442390
2026-07-04T02:03:14.300235,2026-07-04T02:03:14.311993+00:00,136.6,100,ask,EarnestEspressos,DiligentDonuts,6442402
2026-07-04T02:03:15.281796,2026-07-04T02:03:15.295176+00:00,136.0,42,ask,DiligentDonuts,CostlyCorianders,6442418
2026-07-04T02:03:15.357116,2026-07-04T02:03:15.353037+00:00,137.1,50,bid,FlawlessFlatbreads,EarnestEspressos,6442422
2026-07-04T02:03:15.896222,2026-07-04T02:03:15.907787+00:00,137.1,49,bid,CostlyCorianders,EarnestEspressos,6442426
2026-07-04T02:03:17.464268,2026-07-04T02:03:17.473169+00:00,136.7,50,bid,FlawlessFlatbreads,DiligentDonuts,6442447
2026-07-04T02:03:17.604623,2026-07-04T02:03:17.616140+00:00,136.5,42,ask,EarnestEspressos,CostlyCorianders,6442448
2026-07-04T02:03:19.571636,2026-07-04T02:03:19.583095+00:00,136.7,50,bid,FlawlessFlatbreads,DiligentDonuts,6442471
2026-07-04T02:03:21.674471,2026-07-04T02:03:21.685965+00:00,136.9,45,bid,CostlyCorianders,EarnestEspressos,6442499
2026-07-04T02:03:21.677797,2026-07-04T02:03:21.685965+00:00,136.9,50,bid,FlawlessFlatbreads,EarnestEspressos,6442500
2026-07-04T02:03:21.728626,2026-07-04T02:03:21.739971+00:00,136.7,42,ask,DiligentDonuts,CostlyCorianders,6442502
2026-07-04T02:03:23.782706,2026-07-04T02:03:23.794416+00:00,137.3,50,bid,FlawlessFlatbreads,EarnestEspressos,6442538
2026-07-04T02:03:23.797813,2026-07-04T02:03:23.804656+00:00,136.8,100,ask,EarnestEspressos,DiligentDonuts,6442540
2026-07-04T02:03:25.038564,2026-07-04T02:03:25.047435+00:00,136.8,11,ask,EarnestEspressos,Xuanyu Liu,6442562
2026-07-04T02:03:25.519611,2026-07-04T02:03:25.527784+00:00,136.8,11,ask,EarnestEspressos,Xuanyu Liu,6442568
2026-07-04T02:03:25.889100,2026-07-04T02:03:25.900644+00:00,136.8,50,bid,FlawlessFlatbreads,EarnestEspressos,6442582
2026-07-04T02:03:26.185668,2026-07-04T02:03:26.193664+00:00,136.8,11,bid,Xuanyu Liu,EarnestEspressos,6442591
2026-07-04T02:03:28.044749,2026-07-04T02:03:28.058537+00:00,136.7,50,ask,DiligentDonuts,FlawlessFlatbreads,6442610
2026-07-04T02:03:30.151853,2026-07-04T02:03:30.158577+00:00,136.7,50,ask,EarnestEspressos,FlawlessFlatbreads,6442638
2026-07-04T02:03:32.285430,2026-07-04T02:03:32.293123+00:00,136.6,50,ask,DiligentDonuts,FlawlessFlatbreads,6442665
2026-07-04T02:03:33.384438,2026-07-04T02:03:33.395828+00:00,136.6,49,ask,EarnestEspressos,CostlyCorianders,6442694
2026-07-04T02:03:34.391744,2026-07-04T02:03:34.403325+00:00,136.6,50,ask,EarnestEspressos,FlawlessFlatbreads,6442704
2026-07-04T02:03:34.640856,2026-07-04T02:03:34.649377+00:00,137.0,40,bid,CostlyCorianders,DiligentDonuts,6442710
2026-07-04T02:03:35.361005,2026-07-04T02:03:35.370462+00:00,136.7,23,bid,Xuanyu Liu,EarnestEspressos,6442728
2026-07-04T02:03:35.857426,2026-07-04T02:03:35.865594+00:00,136.7,40,bid,CostlyCorianders,EarnestEspressos,6442738
2026-07-04T02:03:35.922611,2026-07-04T02:03:35.931090+00:00,136.7,11,bid,Xuanyu Liu,EarnestEspressos,6442742
2026-07-04T02:03:36.386369,2026-07-04T02:03:36.397636+00:00,136.7,76,bid,DiligentDonuts,EarnestEspressos,6442747
2026-07-04T02:03:36.451817,2026-07-04T02:03:36.458592+00:00,137.2,50,bid,FlawlessFlatbreads,DiligentDonuts,6442749
2026-07-04T02:03:36.982758,2026-07-04T02:03:36.989625+00:00,136.7,24,ask,DiligentDonuts,CostlyCorianders,6442755
2026-07-04T02:03:38.611106,2026-07-04T02:03:38.619904+00:00,136.7,50,ask,EarnestEspressos,FlawlessFlatbreads,6442774
2026-07-04T02:03:42.796672,2026-07-04T02:03:42.808160+00:00,136.9,50,bid,FlawlessFlatbreads,DiligentDonuts,6442818
2026-07-04T02:03:42.839316,2026-07-04T02:03:42.858495+00:00,136.9,47,bid,CostlyCorianders,DiligentDonuts,6442821
2026-07-04T02:03:43.866133,2026-07-04T02:03:43.876268+00:00,136.5,43,ask,EarnestEspressos,CostlyCorianders,6442833
2026-07-04T02:03:44.379369,2026-07-04T02:03:44.389437+00:00,136.5,41,ask,EarnestEspressos,CostlyCorianders,6442839
2026-07-04T02:03:44.866843,2026-07-04T02:03:44.878434+00:00,136.8,49,bid,CostlyCorianders,EarnestEspressos,6442844
2026-07-04T02:03:44.905447,2026-07-04T02:03:44.916976+00:00,136.8,50,bid,FlawlessFlatbreads,EarnestEspressos,6442845
2026-07-04T02:03:45.419737,2026-07-04T02:03:45.431415+00:00,136.4,42,ask,DiligentDonuts,CostlyCorianders,6442853
2026-07-04T02:03:47.023213,2026-07-04T02:03:47.034609+00:00,136.8,50,bid,FlawlessFlatbreads,EarnestEspressos,6442880
2026-07-04T02:03:47.970685,2026-07-04T02:03:47.978679+00:00,136.9,11,ask,EarnestEspressos,Xuanyu Liu,6442892
2026-07-04T02:03:49.181397,2026-07-04T02:03:49.192482+00:00,136.9,50,ask,EarnestEspressos,FlawlessFlatbreads,6442913
2026-07-04T02:03:49.606220,2026-07-04T02:03:49.618026+00:00,137.2,47,bid,CostlyCorianders,DiligentDonuts,6442919
2026-07-04T02:03:52.006218,2026-07-04T02:03:52.017847+00:00,137.2,44,bid,CostlyCorianders,DiligentDonuts,6442957
2026-07-04T02:03:52.197308,2026-07-04T02:03:52.206726+00:00,137.2,100,bid,DiligentDonuts,EarnestEspressos,6442958
2026-07-04T02:03:53.292214,2026-07-04T02:03:53.300584+00:00,136.7,41,ask,EarnestEspressos,CostlyCorianders,6442968
2026-07-04T02:03:53.342623,2026-07-04T02:03:53.358615+00:00,137.2,50,bid,FlawlessFlatbreads,EarnestEspressos,6442969
2026-07-04T02:03:54.287808,2026-07-04T02:03:54.295594+00:00,137.2,12,ask,EarnestEspressos,Xuanyu Liu,6442986
2026-07-04T02:03:54.361881,2026-07-04T02:03:54.371982+00:00,137.2,40,ask,EarnestEspressos,CostlyCorianders,6442990
2026-07-04T02:03:55.459135,2026-07-04T02:03:55.470690+00:00,137.5,50,bid,FlawlessFlatbreads,DiligentDonuts,6443004
2026-07-04T02:03:57.566645,2026-07-04T02:03:57.578124+00:00,137.5,50,bid,FlawlessFlatbreads,DiligentDonuts,6443027
2026-07-04T02:03:59.676403,2026-07-04T02:03:59.687613+00:00,137.7,50,bid,FlawlessFlatbreads,EarnestEspressos,6443054
2026-07-04T02:04:00.095401,2026-07-04T02:04:00.102975+00:00,137.7,46,bid,CostlyCorianders,EarnestEspressos,6443059
2026-07-04T02:04:00.614726,2026-07-04T02:04:00.622300+00:00,137.5,34,ask,EarnestEspressos,Xuanyu Liu,6443068
2026-07-04T02:04:00.671211,2026-07-04T02:04:00.678205+00:00,137.5,41,ask,EarnestEspressos,CostlyCorianders,6443070
2026-07-04T02:04:01.377085,2026-07-04T02:04:01.388877+00:00,137.5,48,ask,EarnestEspressos,CostlyCorianders,6443088
2026-07-04T02:04:01.733630,2026-07-04T02:04:01.742601+00:00,137.5,27,ask,EarnestEspressos,DiligentDonuts,6443089
2026-07-04T02:04:01.784587,2026-07-04T02:04:01.794097+00:00,137.4,50,bid,FlawlessFlatbreads,DiligentDonuts,6443090
2026-07-04T02:04:03.891935,2026-07-04T02:04:03.903378+00:00,137.1,50,bid,FlawlessFlatbreads,EarnestEspressos,6443115
2026-07-04T02:04:04.850071,2026-07-04T02:04:04.864203+00:00,137.1,100,bid,DiligentDonuts,EarnestEspressos,6443128
2026-07-04T02:04:05.998514,2026-07-04T02:04:06.005741+00:00,137.6,50,bid,FlawlessFlatbreads,DiligentDonuts,6443145
2026-07-04T02:04:06.268440,2026-07-04T02:04:06.280131+00:00,137.6,48,bid,CostlyCorianders,DiligentDonuts,6443152
2026-07-04T02:04:07.355018,2026-07-04T02:04:07.358243+00:00,137.3,48,ask,EarnestEspressos,CostlyCorianders,6443168
2026-07-04T02:04:08.105469,2026-07-04T02:04:08.117158+00:00,137.4,50,bid,FlawlessFlatbreads,DiligentDonuts,6443178
2026-07-04T02:04:10.262487,2026-07-04T02:04:10.274161+00:00,137.2,50,ask,EarnestEspressos,FlawlessFlatbreads,6443200
2026-07-04T02:04:10.694054,2026-07-04T02:04:10.703133+00:00,137.4,43,bid,CostlyCorianders,DiligentDonuts,6443207
2026-07-04T02:04:11.200114,2026-07-04T02:04:11.209932+00:00,137.6,23,ask,DiligentDonuts,Xuanyu Liu,6443214
2026-07-04T02:04:12.203541,2026-07-04T02:04:12.215177+00:00,137.6,46,ask,DiligentDonuts,CostlyCorianders,6443231
2026-07-04T02:04:12.368696,2026-07-04T02:04:12.380316+00:00,137.6,31,ask,DiligentDonuts,FlawlessFlatbreads,6443235
2026-07-04T02:04:12.368696,2026-07-04T02:04:12.380316+00:00,137.2,19,ask,EarnestEspressos,FlawlessFlatbreads,6443236
2026-07-04T02:04:14.194631,2026-07-04T02:04:14.206088+00:00,137.4,42,bid,CostlyCorianders,EarnestEspressos,6443257
2026-07-04T02:04:14.423855,2026-07-04T02:04:14.435507+00:00,137.4,50,bid,FlawlessFlatbreads,EarnestEspressos,6443260
2026-07-04T02:04:15.624941,2026-07-04T02:04:15.636550+00:00,137.3,41,ask,DiligentDonuts,CostlyCorianders,6443276
2026-07-04T02:04:18.636761,2026-07-04T02:04:18.648256+00:00,137.6,50,bid,FlawlessFlatbreads,DiligentDonuts,6443303
2026-07-04T02:04:20.794591,2026-07-04T02:04:20.801716+00:00,137.2,50,ask,DiligentDonuts,FlawlessFlatbreads,6443333
2026-07-04T02:04:23.691251,2026-07-04T02:04:23.699669+00:00,137.2,11,ask,DiligentDonuts,Xuanyu Liu,6443363
2026-07-04T02:04:24.954402,2026-07-04T02:04:24.960874+00:00,137.2,50,bid,FlawlessFlatbreads,DiligentDonuts,6443383
2026-07-04T02:04:27.044368,2026-07-04T02:04:27.055869+00:00,137.4,44,bid,CostlyCorianders,EarnestEspressos,6443409
2026-07-04T02:04:27.062020,2026-07-04T02:04:27.073733+00:00,137.4,50,bid,FlawlessFlatbreads,EarnestEspressos,6443410
2026-07-04T02:04:29.169613,2026-07-04T02:04:29.177694+00:00,137.3,50,bid,FlawlessFlatbreads,DiligentDonuts,6443440
2026-07-04T02:04:30.343916,2026-07-04T02:04:30.351817+00:00,137.2,3,ask,EarnestEspressos,Xuanyu Liu,6443457
2026-07-04T02:04:31.278966,2026-07-04T02:04:31.285951+00:00,137.4,50,bid,FlawlessFlatbreads,DiligentDonuts,6443475
2026-07-04T02:04:33.438815,2026-07-04T02:04:33.458587+00:00,137.2,50,ask,EarnestEspressos,FlawlessFlatbreads,6443497
2026-07-04T02:04:35.461326,2026-07-04T02:04:35.471483+00:00,137.0,100,ask,DiligentDonuts,EarnestEspressos,6443519
2026-07-04T02:04:35.545056,2026-07-04T02:04:35.556598+00:00,136.4,50,ask,EarnestEspressos,FlawlessFlatbreads,6443521
2026-07-04T02:04:36.718459,2026-07-04T02:04:36.726710+00:00,136.5,43,ask,DiligentDonuts,CostlyCorianders,6443533
2026-07-04T02:04:37.659441,2026-07-04T02:04:37.667270+00:00,136.9,14,bid,Xuanyu Liu,EarnestEspressos,6443548
2026-07-04T02:04:38.406689,2026-07-04T02:04:38.418402+00:00,136.5,41,ask,DiligentDonuts,CostlyCorianders,6443561
2026-07-04T02:04:38.964216,2026-07-04T02:04:38.974715+00:00,137.0,45,bid,CostlyCorianders,DiligentDonuts,6443563
2026-07-04T02:04:39.728739,2026-07-04T02:04:39.740485+00:00,136.9,50,bid,FlawlessFlatbreads,DiligentDonuts,6443578
2026-07-04T02:04:41.414391,2026-07-04T02:04:41.426058+00:00,136.5,40,ask,EarnestEspressos,CostlyCorianders,6443601
2026-07-04T02:04:44.004380,2026-07-04T02:04:44.016200+00:00,136.5,50,ask,EarnestEspressos,FlawlessFlatbreads,6443636
2026-07-04T02:04:46.112701,2026-07-04T02:04:46.124334+00:00,136.3,50,ask,EarnestEspressos,FlawlessFlatbreads,6443663
2026-07-04T02:04:48.220345,2026-07-04T02:04:48.231909+00:00,136.2,50,ask,DiligentDonuts,FlawlessFlatbreads,6443694
2026-07-04T02:04:50.343705,2026-07-04T02:04:50.350842+00:00,135.9,50,ask,EarnestEspressos,FlawlessFlatbreads,6443731
2026-07-04T02:04:52.399850,2026-07-04T02:04:52.411219+00:00,136.0,50,bid,FlawlessFlatbreads,EarnestEspressos,6443752
2026-07-04T02:04:53.402482,2026-07-04T02:04:53.411797+00:00,136.0,12,bid,Xuanyu Liu,EarnestEspressos,6443775
2026-07-04T02:04:54.505486,2026-07-04T02:04:54.517219+00:00,135.9,50,bid,FlawlessFlatbreads,EarnestEspressos,6443797
2026-07-04T02:04:56.611802,2026-07-04T02:04:56.619813+00:00,135.9,50,bid,FlawlessFlatbreads,EarnestEspressos,6443847
2026-07-04T02:04:57.542715,2026-07-04T02:04:57.554262+00:00,136.0,100,bid,EarnestEspressos,DiligentDonuts,6443854
2026-07-04T02:04:57.617907,2026-07-04T02:04:57.637264+00:00,136.1,12,ask,EarnestEspressos,Xuanyu Liu,6443858
2026-07-04T02:04:59.464839,2026-07-04T02:04:59.472604+00:00,136.1,11,ask,EarnestEspressos,Xuanyu Liu,6443886
2026-07-04T02:05:00.825050,2026-07-04T02:05:00.833349+00:00,136.1,50,bid,FlawlessFlatbreads,EarnestEspressos,6443903
2026-07-04T02:05:02.130468,2026-07-04T02:05:02.142440+00:00,136.1,40,bid,CostlyCorianders,EarnestEspressos,6443923
2026-07-04T02:05:02.620610,2026-07-04T02:05:02.632164+00:00,135.8,42,ask,DiligentDonuts,CostlyCorianders,6443932
2026-07-04T02:05:02.934331,2026-07-04T02:05:02.941310+00:00,136.1,50,bid,FlawlessFlatbreads,EarnestEspressos,6443935
2026-07-04T02:05:05.032311,2026-07-04T02:05:05.041320+00:00,136.0,100,ask,EarnestEspressos,DiligentDonuts,6443966
2026-07-04T02:05:05.040847,2026-07-04T02:05:05.058627+00:00,136.5,50,bid,FlawlessFlatbreads,EarnestEspressos,6443967
2026-07-04T02:05:05.174833,2026-07-04T02:05:05.183125+00:00,136.0,3,ask,EarnestEspressos,Xuanyu Liu,6443969
2026-07-04T02:05:06.794963,2026-07-04T02:05:06.806570+00:00,136.5,40,bid,CostlyCorianders,EarnestEspressos,6443998
2026-07-04T02:05:08.418623,2026-07-04T02:05:08.430123+00:00,135.9,44,ask,EarnestEspressos,CostlyCorianders,6444025
2026-07-04T02:05:11.355397,2026-07-04T02:05:11.363854+00:00,136.3,50,bid,FlawlessFlatbreads,EarnestEspressos,6444074
2026-07-04T02:05:13.176553,2026-07-04T02:05:13.185377+00:00,135.8,49,ask,EarnestEspressos,CostlyCorianders,6444098
2026-07-04T02:05:13.462669,2026-07-04T02:05:13.474261+00:00,135.9,50,bid,FlawlessFlatbreads,EarnestEspressos,6444102
2026-07-04T02:05:15.570141,2026-07-04T02:05:15.581871+00:00,135.9,50,bid,FlawlessFlatbreads,EarnestEspressos,6444131
2026-07-04T02:05:17.677155,2026-07-04T02:05:17.685765+00:00,136.4,50,bid,FlawlessFlatbreads,EarnestEspressos,6444168
2026-07-04T02:05:19.624856,2026-07-04T02:05:19.634150+00:00,135.9,3,ask,EarnestEspressos,Xuanyu Liu,6444194
2026-07-04T02:05:19.783275,2026-07-04T02:05:19.795105+00:00,136.0,50,bid,FlawlessFlatbreads,DiligentDonuts,6444200
2026-07-04T02:05:21.889710,2026-07-04T02:05:21.901266+00:00,136.1,50,bid,FlawlessFlatbreads,DiligentDonuts,6444226
2026-07-04T02:05:22.417465,2026-07-04T02:05:22.425652+00:00,136.1,48,bid,CostlyCorianders,DiligentDonuts,6444231
2026-07-04T02:05:23.569527,2026-07-04T02:05:23.576132+00:00,136.1,2,bid,CostlyCorianders,DiligentDonuts,6444247
2026-07-04T02:05:23.569527,2026-07-04T02:05:23.581327+00:00,136.5,38,bid,CostlyCorianders,EarnestEspressos,6444248
2026-07-04T02:05:24.830084,2026-07-04T02:05:24.837890+00:00,136.1,11,ask,DiligentDonuts,Xuanyu Liu,6444262
2026-07-04T02:05:26.152060,2026-07-04T02:05:26.163615+00:00,136.1,50,ask,DiligentDonuts,FlawlessFlatbreads,6444281
2026-07-04T02:05:27.179499,2026-07-04T02:05:27.190573+00:00,136.1,100,ask,EarnestEspressos,DiligentDonuts,6444299
2026-07-04T02:05:27.262604,2026-07-04T02:05:27.270422+00:00,136.1,12,ask,EarnestEspressos,Xuanyu Liu,6444300
2026-07-04T02:05:27.992415,2026-07-04T02:05:28.004414+00:00,136.1,38,ask,EarnestEspressos,CostlyCorianders,6444314
2026-07-04T02:05:27.992415,2026-07-04T02:05:28.004414+00:00,135.5,2,ask,DiligentDonuts,CostlyCorianders,6444315
2026-07-04T02:05:28.259597,2026-07-04T02:05:28.271091+00:00,135.5,50,ask,DiligentDonuts,FlawlessFlatbreads,6444317
2026-07-04T02:05:30.115566,2026-07-04T02:05:30.123547+00:00,135.8,23,bid,Xuanyu Liu,EarnestEspressos,6444341
2026-07-04T02:05:30.288542,2026-07-04T02:05:30.299895+00:00,135.8,100,bid,DiligentDonuts,EarnestEspressos,6444345
2026-07-04T02:05:30.366200,2026-07-04T02:05:30.377968+00:00,135.3,50,ask,EarnestEspressos,FlawlessFlatbreads,6444347
2026-07-04T02:05:32.472522,2026-07-04T02:05:32.484293+00:00,135.6,50,ask,EarnestEspressos,FlawlessFlatbreads,6444373
2026-07-04T02:05:33.197213,2026-07-04T02:05:33.209049+00:00,136.1,48,bid,CostlyCorianders,EarnestEspressos,6444385
2026-07-04T02:05:34.579299,2026-07-04T02:05:34.587953+00:00,135.6,50,ask,EarnestEspressos,FlawlessFlatbreads,6444407
2026-07-04T02:05:38.338090,2026-07-04T02:05:38.350033+00:00,135.4,46,ask,DiligentDonuts,CostlyCorianders,6444445
2026-07-04T02:05:38.812580,2026-07-04T02:05:38.824471+00:00,135.4,50,ask,DiligentDonuts,FlawlessFlatbreads,6444452
2026-07-04T02:05:38.989247,2026-07-04T02:05:39.001193+00:00,135.4,4,ask,DiligentDonuts,CostlyCorianders,6444454
2026-07-04T02:05:40.868909,2026-07-04T02:05:40.880780+00:00,135.5,50,bid,FlawlessFlatbreads,DiligentDonuts,6444469
2026-07-04T02:05:43.260985,2026-07-04T02:05:43.272959+00:00,135.5,42,bid,CostlyCorianders,DiligentDonuts,6444492
2026-07-04T02:05:44.854910,2026-07-04T02:05:44.858563+00:00,135.1,45,ask,EarnestEspressos,CostlyCorianders,6444512
2026-07-04T02:05:45.083574,2026-07-04T02:05:45.095289+00:00,135.3,50,bid,FlawlessFlatbreads,EarnestEspressos,6444513
2026-07-04T02:05:46.802204,2026-07-04T02:05:46.813973+00:00,135.3,48,bid,CostlyCorianders,EarnestEspressos,6444530
2026-07-04T02:05:48.869721,2026-07-04T02:05:48.881435+00:00,135.1,40,ask,EarnestEspressos,CostlyCorianders,6444554
2026-07-04T02:05:49.295619,2026-07-04T02:05:49.304489+00:00,135.6,50,bid,FlawlessFlatbreads,EarnestEspressos,6444565
2026-07-04T02:05:49.433169,2026-07-04T02:05:49.445166+00:00,135.1,46,ask,EarnestEspressos,CostlyCorianders,6444568
2026-07-04T02:05:50.065944,2026-07-04T02:05:50.077493+00:00,135.4,47,bid,CostlyCorianders,DiligentDonuts,6444582
2026-07-04T02:05:50.601180,2026-07-04T02:05:50.612720+00:00,135.1,41,ask,EarnestEspressos,CostlyCorianders,6444596
2026-07-04T02:05:51.468182,2026-07-04T02:05:51.475125+00:00,135.1,50,ask,EarnestEspressos,FlawlessFlatbreads,6444610
2026-07-04T02:05:52.546209,2026-07-04T02:05:52.553858+00:00,135.6,48,bid,CostlyCorianders,EarnestEspressos,6444628
2026-07-04T02:05:53.143042,2026-07-04T02:05:53.154847+00:00,135.4,46,ask,DiligentDonuts,CostlyCorianders,6444634
2026-07-04T02:05:53.575423,2026-07-04T02:05:53.586909+00:00,135.4,50,ask,DiligentDonuts,FlawlessFlatbreads,6444640
2026-07-04T02:05:53.786094,2026-07-04T02:05:53.795740+00:00,135.6,47,bid,CostlyCorianders,EarnestEspressos,6444644
2026-07-04T02:05:55.692752,2026-07-04T02:05:55.704869+00:00,135.4,50,ask,EarnestEspressos,FlawlessFlatbreads,6444672
2026-07-04T02:05:56.634977,2026-07-04T02:05:56.646498+00:00,135.4,49,ask,EarnestEspressos,CostlyCorianders,6444689
2026-07-04T02:05:59.852682,2026-07-04T02:05:59.864150+00:00,135.1,50,bid,FlawlessFlatbreads,EarnestEspressos,6444736
2026-07-04T02:06:01.594047,2026-07-04T02:06:01.602041+00:00,135.2,3,bid,Xuanyu Liu,DiligentDonuts,6444762
2026-07-04T02:06:01.959329,2026-07-04T02:06:01.967938+00:00,135.2,50,bid,FlawlessFlatbreads,EarnestEspressos,6444770
2026-07-04T02:06:04.065566,2026-07-04T02:06:04.077397+00:00,135.4,50,bid,FlawlessFlatbreads,DiligentDonuts,6444800
2026-07-04T02:06:06.710391,2026-07-04T02:06:06.717787+00:00,135.7,40,bid,CostlyCorianders,DiligentDonuts,6444832
2026-07-04T02:06:08.113570,2026-07-04T02:06:08.125670+00:00,135.7,44,bid,CostlyCorianders,DiligentDonuts,6444842
2026-07-04T02:06:08.276008,2026-07-04T02:06:08.282879+00:00,135.7,50,bid,FlawlessFlatbreads,EarnestEspressos,6444849
2026-07-04T02:06:09.368350,2026-07-04T02:06:09.371379+00:00,135.4,40,ask,DiligentDonuts,CostlyCorianders,6444857
2026-07-04T02:06:09.467189,2026-07-04T02:06:09.480603+00:00,135.4,3,ask,DiligentDonuts,Xuanyu Liu,6444858
2026-07-04T02:06:10.431824,2026-07-04T02:06:10.443489+00:00,135.4,50,ask,DiligentDonuts,FlawlessFlatbreads,6444874
2026-07-04T02:06:10.785891,2026-07-04T02:06:10.794442+00:00,135.4,7,ask,DiligentDonuts,Xuanyu Liu,6444886
2026-07-04T02:06:12.039652,2026-07-04T02:06:12.068691+00:00,135.3,44,bid,CostlyCorianders,DiligentDonuts,6444903
2026-07-04T02:06:12.094927,2026-07-04T02:06:12.110863+00:00,135.2,40,ask,EarnestEspressos,CostlyCorianders,6444906
2026-07-04T02:06:12.539544,2026-07-04T02:06:12.551093+00:00,135.2,50,ask,EarnestEspressos,FlawlessFlatbreads,6444913
2026-07-04T02:06:14.645733,2026-07-04T02:06:14.658575+00:00,134.9,50,ask,DiligentDonuts,FlawlessFlatbreads,6444936
2026-07-04T02:06:14.698772,2026-07-04T02:06:14.710315+00:00,134.9,40,ask,DiligentDonuts,CostlyCorianders,6444937
2026-07-04T02:06:16.616637,2026-07-04T02:06:16.624408+00:00,135.4,46,bid,CostlyCorianders,DiligentDonuts,6444959
2026-07-04T02:06:16.751500,2026-07-04T02:06:16.757848+00:00,134.9,10,ask,DiligentDonuts,FlawlessFlatbreads,6444960
2026-07-04T02:06:16.751500,2026-07-04T02:06:16.757848+00:00,134.6,40,ask,EarnestEspressos,FlawlessFlatbreads,6444961
2026-07-04T02:06:17.124497,2026-07-04T02:06:17.136341+00:00,135.1,49,bid,CostlyCorianders,EarnestEspressos,6444968
2026-07-04T02:06:18.859079,2026-07-04T02:06:18.870806+00:00,134.7,50,ask,DiligentDonuts,FlawlessFlatbreads,6444994
2026-07-04T02:06:20.944680,2026-07-04T02:06:20.955283+00:00,135.1,7,bid,Xuanyu Liu,DiligentDonuts,6445031
2026-07-04T02:06:20.968721,2026-07-04T02:06:20.980248+00:00,134.7,50,ask,EarnestEspressos,FlawlessFlatbreads,6445033
2026-07-04T02:06:22.239707,2026-07-04T02:06:22.251530+00:00,134.7,43,ask,EarnestEspressos,CostlyCorianders,6445046
2026-07-04T02:06:22.788993,2026-07-04T02:06:22.800521+00:00,134.7,43,ask,EarnestEspressos,CostlyCorianders,6445052
2026-07-04T02:06:23.028967,2026-07-04T02:06:23.036498+00:00,134.8,3,bid,Xuanyu Liu,EarnestEspressos,6445058
2026-07-04T02:06:23.074654,2026-07-04T02:06:23.089132+00:00,134.6,50,ask,DiligentDonuts,FlawlessFlatbreads,6445060
2026-07-04T02:06:23.901940,2026-07-04T02:06:23.914419+00:00,134.8,14,bid,Xuanyu Liu,EarnestEspressos,6445075
2026-07-04T02:06:24.046853,2026-07-04T02:06:24.053786+00:00,134.8,100,bid,DiligentDonuts,EarnestEspressos,6445078
2026-07-04T02:06:24.489862,2026-07-04T02:06:24.501430+00:00,134.8,33,bid,CostlyCorianders,EarnestEspressos,6445082
2026-07-04T02:06:24.489862,2026-07-04T02:06:24.501430+00:00,135.3,13,bid,CostlyCorianders,DiligentDonuts,6445083
2026-07-04T02:06:25.180368,2026-07-04T02:06:25.192578+00:00,134.3,50,ask,EarnestEspressos,FlawlessFlatbreads,6445088
2026-07-04T02:06:27.289354,2026-07-04T02:06:27.296459+00:00,135.0,50,ask,EarnestEspressos,FlawlessFlatbreads,6445119
2026-07-04T02:06:27.619525,2026-07-04T02:06:27.631082+00:00,135.2,47,bid,CostlyCorianders,DiligentDonuts,6445124
2026-07-04T02:06:29.345454,2026-07-04T02:06:29.354448+00:00,135.2,50,bid,FlawlessFlatbreads,DiligentDonuts,6445146
2026-07-04T02:06:31.450752,2026-07-04T02:06:31.458554+00:00,135.3,50,bid,FlawlessFlatbreads,EarnestEspressos,6445172
2026-07-04T02:06:33.557219,2026-07-04T02:06:33.568426+00:00,135.6,50,bid,FlawlessFlatbreads,EarnestEspressos,6445207
2026-07-04T02:06:33.869975,2026-07-04T02:06:33.879061+00:00,135.1,11,ask,EarnestEspressos,Xuanyu Liu,6445212
2026-07-04T02:06:34.846849,2026-07-04T02:06:34.867186+00:00,135.1,42,ask,EarnestEspressos,CostlyCorianders,6445228
2026-07-04T02:06:35.316948,2026-07-04T02:06:35.328463+00:00,135.4,43,bid,CostlyCorianders,DiligentDonuts,6445235
2026-07-04T02:06:35.663222,2026-07-04T02:06:35.672711+00:00,135.4,50,bid,FlawlessFlatbreads,DiligentDonuts,6445236
2026-07-04T02:06:37.025231,2026-07-04T02:06:37.033726+00:00,135.0,3,ask,EarnestEspressos,Xuanyu Liu,6445258
2026-07-04T02:06:37.602994,2026-07-04T02:06:37.614732+00:00,135.0,48,ask,EarnestEspressos,CostlyCorianders,6445269
2026-07-04T02:06:37.823546,2026-07-04T02:06:37.835237+00:00,135.0,50,ask,EarnestEspressos,FlawlessFlatbreads,6445273
2026-07-04T02:06:38.821154,2026-07-04T02:06:38.832695+00:00,135.0,100,ask,DiligentDonuts,EarnestEspressos,6445294
2026-07-04T02:06:39.249545,2026-07-04T02:06:39.255954+00:00,134.9,46,bid,CostlyCorianders,EarnestEspressos,6445300
2026-07-04T02:06:40.368823,2026-07-04T02:06:40.376959+00:00,134.9,4,bid,CostlyCorianders,EarnestEspressos,6445322
2026-07-04T02:06:41.904751,2026-07-04T02:06:41.916386+00:00,134.7,46,ask,DiligentDonuts,CostlyCorianders,6445353
2026-07-04T02:06:41.990751,2026-07-04T02:06:42.001657+00:00,135.2,50,bid,FlawlessFlatbreads,DiligentDonuts,6445355
2026-07-04T02:06:43.556870,2026-07-04T02:06:43.558587+00:00,134.9,48,ask,EarnestEspressos,CostlyCorianders,6445376
2026-07-04T02:06:44.157305,2026-07-04T02:06:44.169277+00:00,134.9,50,ask,EarnestEspressos,FlawlessFlatbreads,6445382
2026-07-04T02:06:46.265902,2026-07-04T02:06:46.275303+00:00,134.5,50,ask,DiligentDonuts,FlawlessFlatbreads,6445414
2026-07-04T02:06:48.398917,2026-07-04T02:06:48.408703+00:00,134.5,50,ask,DiligentDonuts,FlawlessFlatbreads,6445442
2026-07-04T02:06:48.946444,2026-07-04T02:06:48.952952+00:00,135.0,47,bid,CostlyCorianders,DiligentDonuts,6445446
2026-07-04T02:06:50.506404,2026-07-04T02:06:50.515300+00:00,134.5,50,ask,EarnestEspressos,FlawlessFlatbreads,6445463
2026-07-04T02:06:52.639910,2026-07-04T02:06:52.651300+00:00,134.4,50,ask,DiligentDonuts,FlawlessFlatbreads,6445480
2026-07-04T02:06:52.676066,2026-07-04T02:06:52.686764+00:00,134.8,48,bid,CostlyCorianders,EarnestEspressos,6445482
2026-07-04T02:06:53.751649,2026-07-04T02:06:53.763595+00:00,134.8,45,bid,CostlyCorianders,EarnestEspressos,6445495
2026-07-04T02:06:54.747104,2026-07-04T02:06:54.758631+00:00,134.6,50,ask,EarnestEspressos,FlawlessFlatbreads,6445503
2026-07-04T02:06:56.696483,2026-07-04T02:06:56.703544+00:00,134.7,3,bid,Xuanyu Liu,DiligentDonuts,6445528
2026-07-04T02:06:56.878675,2026-07-04T02:06:56.890032+00:00,134.6,50,ask,EarnestEspressos,FlawlessFlatbreads,6445536
2026-07-04T02:06:58.034225,2026-07-04T02:06:58.043316+00:00,134.7,11,bid,Xuanyu Liu,DiligentDonuts,6445554
2026-07-04T02:06:58.985662,2026-07-04T02:06:58.997187+00:00,134.4,50,ask,DiligentDonuts,FlawlessFlatbreads,6445561
2026-07-04T02:07:01.048972,2026-07-04T02:07:01.058623+00:00,134.8,50,bid,FlawlessFlatbreads,EarnestEspressos,6445584
2026-07-04T02:07:01.656117,2026-07-04T02:07:01.663933+00:00,134.4,41,ask,DiligentDonuts,CostlyCorianders,6445592
2026-07-04T02:07:02.086734,2026-07-04T02:07:02.095921+00:00,134.6,12,bid,Xuanyu Liu,DiligentDonuts,6445598
2026-07-04T02:07:02.193693,2026-07-04T02:07:02.204245+00:00,134.3,41,ask,EarnestEspressos,CostlyCorianders,6445601
2026-07-04T02:07:03.156351,2026-07-04T02:07:03.168116+00:00,134.6,50,bid,FlawlessFlatbreads,DiligentDonuts,6445612
2026-07-04T02:07:03.264678,2026-07-04T02:07:03.274031+00:00,134.6,11,bid,Xuanyu Liu,DiligentDonuts,6445614
2026-07-04T02:07:03.292778,2026-07-04T02:07:03.300214+00:00,134.6,27,bid,CostlyCorianders,DiligentDonuts,6445617
2026-07-04T02:07:03.292778,2026-07-04T02:07:03.305583+00:00,134.8,16,bid,CostlyCorianders,EarnestEspressos,6445618
2026-07-04T02:07:05.263427,2026-07-04T02:07:05.274855+00:00,134.7,50,bid,FlawlessFlatbreads,DiligentDonuts,6445637
2026-07-04T02:07:05.297517,2026-07-04T02:07:05.305360+00:00,134.5,11,ask,EarnestEspressos,Xuanyu Liu,6445638
2026-07-04T02:07:06.732918,2026-07-04T02:07:06.744402+00:00,134.5,44,ask,EarnestEspressos,CostlyCorianders,6445654
2026-07-04T02:07:07.370314,2026-07-04T02:07:07.376816+00:00,134.4,50,bid,FlawlessFlatbreads,EarnestEspressos,6445665
2026-07-04T02:07:09.476401,2026-07-04T02:07:09.488004+00:00,134.4,50,bid,FlawlessFlatbreads,EarnestEspressos,6445694
2026-07-04T02:07:09.816395,2026-07-04T02:07:09.823678+00:00,134.4,11,bid,Xuanyu Liu,EarnestEspressos,6445697
2026-07-04T02:07:11.532006,2026-07-04T02:07:11.543617+00:00,134.5,42,ask,EarnestEspressos,CostlyCorianders,6445722
2026-07-04T02:07:11.589145,2026-07-04T02:07:11.600514+00:00,134.9,50,bid,FlawlessFlatbreads,DiligentDonuts,6445724
2026-07-04T02:07:11.953318,2026-07-04T02:07:11.961381+00:00,134.5,11,ask,EarnestEspressos,Xuanyu Liu,6445728
2026-07-04T02:07:12.624879,2026-07-04T02:07:12.636399+00:00,134.9,42,bid,CostlyCorianders,DiligentDonuts,6445740
2026-07-04T02:07:13.695477,2026-07-04T02:07:13.705342+00:00,134.7,50,bid,FlawlessFlatbreads,EarnestEspressos,6445750
2026-07-04T02:07:14.668576,2026-07-04T02:07:14.679176+00:00,134.7,41,bid,CostlyCorianders,EarnestEspressos,6445765
2026-07-04T02:07:14.697280,2026-07-04T02:07:14.704941+00:00,134.6,12,ask,DiligentDonuts,Xuanyu Liu,6445767
2026-07-04T02:07:14.722686,2026-07-04T02:07:14.741907+00:00,134.6,45,ask,DiligentDonuts,CostlyCorianders,6445769
2026-07-04T02:07:15.191491,2026-07-04T02:07:15.203406+00:00,134.6,43,ask,DiligentDonuts,CostlyCorianders,6445779
2026-07-04T02:07:15.808272,2026-07-04T02:07:15.816837+00:00,134.7,50,bid,FlawlessFlatbreads,EarnestEspressos,6445786
2026-07-04T02:07:16.762067,2026-07-04T02:07:16.793637+00:00,134.8,14,ask,EarnestEspressos,Xuanyu Liu,6445789
2026-07-04T02:07:17.897372,2026-07-04T02:07:17.906142+00:00,134.8,100,ask,EarnestEspressos,DiligentDonuts,6445802
2026-07-04T02:07:17.965527,2026-07-04T02:07:17.977024+00:00,134.8,36,ask,EarnestEspressos,FlawlessFlatbreads,6445804
2026-07-04T02:07:18.236017,2026-07-04T02:07:18.245184+00:00,135.3,43,bid,CostlyCorianders,EarnestEspressos,6445818
2026-07-04T02:07:20.020920,2026-07-04T02:07:20.029124+00:00,134.8,50,bid,FlawlessFlatbreads,EarnestEspressos,6445842
2026-07-04T02:07:20.741456,2026-07-04T02:07:20.749400+00:00,134.8,47,bid,CostlyCorianders,EarnestEspressos,6445850
2026-07-04T02:07:21.283417,2026-07-04T02:07:21.295473+00:00,134.6,44,ask,DiligentDonuts,CostlyCorianders,6445862
2026-07-04T02:07:23.295565,2026-07-04T02:07:23.307216+00:00,134.6,48,ask,DiligentDonuts,CostlyCorianders,6445888
2026-07-04T02:07:24.229861,2026-07-04T02:07:24.241284+00:00,135.1,50,bid,FlawlessFlatbreads,EarnestEspressos,6445896
2026-07-04T02:07:25.487734,2026-07-04T02:07:25.499442+00:00,134.7,46,bid,CostlyCorianders,DiligentDonuts,6445911
2026-07-04T02:07:26.232285,2026-07-04T02:07:26.252938+00:00,134.7,54,bid,EarnestEspressos,DiligentDonuts,6445918
2026-07-04T02:07:26.390329,2026-07-04T02:07:26.402152+00:00,134.7,50,ask,EarnestEspressos,FlawlessFlatbreads,6445921
2026-07-04T02:07:28.497394,2026-07-04T02:07:28.509216+00:00,134.7,46,ask,EarnestEspressos,FlawlessFlatbreads,6445944
2026-07-04T02:07:28.497394,2026-07-04T02:07:28.509216+00:00,134.3,4,ask,DiligentDonuts,FlawlessFlatbreads,6445945
2026-07-04T02:07:29.658427,2026-07-04T02:07:29.670099+00:00,134.5,43,bid,CostlyCorianders,EarnestEspressos,6445959
2026-07-04T02:07:30.605908,2026-07-04T02:07:30.617644+00:00,134.3,50,ask,DiligentDonuts,FlawlessFlatbreads,6445970
2026-07-04T02:07:34.233404,2026-07-04T02:07:34.245049+00:00,134.4,41,ask,EarnestEspressos,CostlyCorianders,6446024
2026-07-04T02:07:34.764264,2026-07-04T02:07:34.775959+00:00,134.6,50,bid,FlawlessFlatbreads,DiligentDonuts,6446030
2026-07-04T02:07:35.185050,2026-07-04T02:07:35.191619+00:00,134.6,41,bid,CostlyCorianders,DiligentDonuts,6446038
2026-07-04T02:07:38.947663,2026-07-04T02:07:38.958578+00:00,134.4,100,ask,DiligentDonuts,EarnestEspressos,6446076
2026-07-04T02:07:38.978172,2026-07-04T02:07:38.989941+00:00,134.4,50,bid,FlawlessFlatbreads,EarnestEspressos,6446077
2026-07-04T02:07:39.856204,2026-07-04T02:07:39.868636+00:00,133.9,49,ask,EarnestEspressos,CostlyCorianders,6446087
2026-07-04T02:07:41.137412,2026-07-04T02:07:41.149177+00:00,133.9,50,ask,EarnestEspressos,FlawlessFlatbreads,6446104
2026-07-04T02:07:43.244364,2026-07-04T02:07:43.255842+00:00,134.0,50,ask,EarnestEspressos,FlawlessFlatbreads,6446131
2026-07-04T02:07:46.077585,2026-07-04T02:07:46.088946+00:00,134.5,47,bid,CostlyCorianders,DiligentDonuts,6446170
2026-07-04T02:07:47.453232,2026-07-04T02:07:47.464747+00:00,134.4,50,ask,DiligentDonuts,FlawlessFlatbreads,6446190
2026-07-04T02:07:49.560699,2026-07-04T02:07:49.570099+00:00,134.2,50,ask,DiligentDonuts,FlawlessFlatbreads,6446228
2026-07-04T02:07:50.057053,2026-07-04T02:07:50.071064+00:00,134.2,49,ask,DiligentDonuts,CostlyCorianders,6446234
2026-07-04T02:07:51.665578,2026-07-04T02:07:51.677438+00:00,134.2,1,ask,DiligentDonuts,FlawlessFlatbreads,6446260
2026-07-04T02:07:51.665578,2026-07-04T02:07:51.677438+00:00,134.2,49,ask,EarnestEspressos,FlawlessFlatbreads,6446261
2026-07-04T02:07:52.725468,2026-07-04T02:07:52.734702+00:00,134.4,3,bid,Xuanyu Liu,DiligentDonuts,6446278
2026-07-04T02:07:53.152081,2026-07-04T02:07:53.160703+00:00,134.4,23,bid,Xuanyu Liu,DiligentDonuts,6446291
2026-07-04T02:07:53.276350,2026-07-04T02:07:53.288112+00:00,134.4,45,bid,CostlyCorianders,DiligentDonuts,6446293
2026-07-04T02:07:53.775074,2026-07-04T02:07:53.786773+00:00,134.2,50,ask,EarnestEspressos,FlawlessFlatbreads,6446298
2026-07-04T02:07:53.806141,2026-07-04T02:07:53.813920+00:00,134.2,41,ask,EarnestEspressos,CostlyCorianders,6446300
2026-07-04T02:07:54.790108,2026-07-04T02:07:54.797152+00:00,134.1,11,bid,Xuanyu Liu,EarnestEspressos,6446307
2026-07-04T02:07:54.949806,2026-07-04T02:07:54.962820+00:00,134.1,12,bid,Xuanyu Liu,EarnestEspressos,6446317
2026-07-04T02:07:55.333364,2026-07-04T02:07:55.345021+00:00,134.1,47,bid,CostlyCorianders,EarnestEspressos,6446322
2026-07-04T02:07:55.830437,2026-07-04T02:07:55.840269+00:00,134.1,50,bid,FlawlessFlatbreads,EarnestEspressos,6446327
2026-07-04T02:07:57.945870,2026-07-04T02:07:57.956163+00:00,134.4,50,bid,FlawlessFlatbreads,DiligentDonuts,6446347
2026-07-04T02:07:58.490496,2026-07-04T02:07:58.499830+00:00,133.9,40,ask,DiligentDonuts,CostlyCorianders,6446359
2026-07-04T02:07:59.612186,2026-07-04T02:07:59.623669+00:00,134.4,41,bid,CostlyCorianders,EarnestEspressos,6446372
2026-07-04T02:07:59.695329,2026-07-04T02:07:59.704729+00:00,134.1,12,ask,DiligentDonuts,Xuanyu Liu,6446374
2026-07-04T02:08:00.053416,2026-07-04T02:08:00.058600+00:00,134.4,50,bid,FlawlessFlatbreads,EarnestEspressos,6446382
2026-07-04T02:08:01.067428,2026-07-04T02:08:01.075584+00:00,134.2,11,ask,EarnestEspressos,Xuanyu Liu,6446393
2026-07-04T02:08:02.166183,2026-07-04T02:08:02.179288+00:00,134.7,50,bid,FlawlessFlatbreads,EarnestEspressos,6446413
2026-07-04T02:08:02.329578,2026-07-04T02:08:02.337259+00:00,134.2,12,ask,EarnestEspressos,Xuanyu Liu,6446420
2026-07-04T02:08:04.229187,2026-07-04T02:08:04.237871+00:00,134.4,11,ask,EarnestEspressos,Xuanyu Liu,6446439
2026-07-04T02:08:04.322925,2026-07-04T02:08:04.333904+00:00,134.4,50,ask,EarnestEspressos,FlawlessFlatbreads,6446441
2026-07-04T02:08:06.433540,2026-07-04T02:08:06.441616+00:00,134.4,50,ask,EarnestEspressos,FlawlessFlatbreads,6446469
2026-07-04T02:08:11.650974,2026-07-04T02:08:11.658609+00:00,134.2,40,ask,EarnestEspressos,CostlyCorianders,6446522
2026-07-04T02:08:12.111897,2026-07-04T02:08:12.168771+00:00,134.7,43,bid,CostlyCorianders,EarnestEspressos,6446528
2026-07-04T02:08:12.710232,2026-07-04T02:08:12.721746+00:00,134.7,50,bid,FlawlessFlatbreads,EarnestEspressos,6446535
2026-07-04T02:08:14.816735,2026-07-04T02:08:14.819960+00:00,134.8,50,bid,FlawlessFlatbreads,EarnestEspressos,6446564
2026-07-04T02:08:15.011077,2026-07-04T02:08:15.022460+00:00,134.3,43,ask,EarnestEspressos,CostlyCorianders,6446567
2026-07-04T02:08:16.922681,2026-07-04T02:08:16.933082+00:00,134.7,50,bid,FlawlessFlatbreads,DiligentDonuts,6446603
2026-07-04T02:08:19.079640,2026-07-04T02:08:19.091523+00:00,134.1,50,ask,EarnestEspressos,FlawlessFlatbreads,6446627
2026-07-04T02:08:19.564548,2026-07-04T02:08:19.576183+00:00,134.5,41,bid,CostlyCorianders,DiligentDonuts,6446636
2026-07-04T02:08:21.187206,2026-07-04T02:08:21.199049+00:00,134.3,50,ask,DiligentDonuts,FlawlessFlatbreads,6446647
2026-07-04T02:08:23.619844,2026-07-04T02:08:23.631639+00:00,134.3,46,ask,DiligentDonuts,CostlyCorianders,6446665
2026-07-04T02:08:24.124303,2026-07-04T02:08:24.133258+00:00,134.5,48,bid,CostlyCorianders,EarnestEspressos,6446671
2026-07-04T02:08:25.347824,2026-07-04T02:08:25.358568+00:00,134.4,50,bid,FlawlessFlatbreads,DiligentDonuts,6446684
2026-07-04T02:08:27.453161,2026-07-04T02:08:27.463900+00:00,134.7,50,bid,FlawlessFlatbreads,EarnestEspressos,6446711
2026-07-04T02:08:29.278646,2026-07-04T02:08:29.290212+00:00,134.2,48,ask,EarnestEspressos,CostlyCorianders,6446732
2026-07-04T02:08:29.559751,2026-07-04T02:08:29.568111+00:00,134.7,50,bid,FlawlessFlatbreads,DiligentDonuts,6446736
2026-07-04T02:08:30.246865,2026-07-04T02:08:30.258609+00:00,134.2,41,ask,DiligentDonuts,CostlyCorianders,6446744
2026-07-04T02:08:33.769852,2026-07-04T02:08:33.781425+00:00,134.5,50,bid,FlawlessFlatbreads,EarnestEspressos,6446779
2026-07-04T02:08:35.877081,2026-07-04T02:08:35.888433+00:00,134.5,50,bid,FlawlessFlatbreads,DiligentDonuts,6446802
2026-07-04T02:08:36.102376,2026-07-04T02:08:36.117709+00:00,134.4,3,ask,EarnestEspressos,Xuanyu Liu,6446803
2026-07-04T02:08:36.500699,2026-07-04T02:08:36.512269+00:00,134.4,47,ask,EarnestEspressos,CostlyCorianders,6446809
2026-07-04T02:08:37.972342,2026-07-04T02:08:37.983862+00:00,134.7,42,bid,CostlyCorianders,DiligentDonuts,6446830
2026-07-04T02:08:38.034268,2026-07-04T02:08:38.045976+00:00,134.4,50,ask,EarnestEspressos,FlawlessFlatbreads,6446831
2026-07-04T02:08:40.143477,2026-07-04T02:08:40.154981+00:00,134.3,50,ask,DiligentDonuts,FlawlessFlatbreads,6446844
2026-07-04T02:08:42.155470,2026-07-04T02:08:42.166936+00:00,134.8,45,bid,CostlyCorianders,DiligentDonuts,6446879
2026-07-04T02:08:42.239263,2026-07-04T02:08:42.250841+00:00,134.3,50,ask,DiligentDonuts,EarnestEspressos,6446880
2026-07-04T02:08:42.250763,2026-07-04T02:08:42.250841+00:00,133.8,50,ask,EarnestEspressos,FlawlessFlatbreads,6446881
2026-07-04T02:08:44.252435,2026-07-04T02:08:44.263908+00:00,134.3,43,bid,CostlyCorianders,EarnestEspressos,6446912
2026-07-04T02:08:44.356901,2026-07-04T02:08:44.363723+00:00,134.2,50,ask,DiligentDonuts,FlawlessFlatbreads,6446915
2026-07-04T02:08:44.818678,2026-07-04T02:08:44.830326+00:00,134.2,48,ask,DiligentDonuts,CostlyCorianders,6446921
2026-07-04T02:08:46.332636,2026-07-04T02:08:46.344388+00:00,134.5,43,bid,CostlyCorianders,EarnestEspressos,6446942
2026-07-04T02:08:48.565182,2026-07-04T02:08:48.574105+00:00,133.9,50,ask,EarnestEspressos,FlawlessFlatbreads,6446974
2026-07-04T02:08:50.676881,2026-07-04T02:08:50.688462+00:00,133.9,50,ask,EarnestEspressos,FlawlessFlatbreads,6447007
2026-07-04T02:08:52.732348,2026-07-04T02:08:52.743689+00:00,134.2,50,bid,FlawlessFlatbreads,EarnestEspressos,6447027
2026-07-04T02:08:54.890073,2026-07-04T02:08:54.897725+00:00,133.7,50,ask,EarnestEspressos,FlawlessFlatbreads,6447060
2026-07-04T02:08:55.904001,2026-07-04T02:08:55.915706+00:00,133.7,47,ask,EarnestEspressos,CostlyCorianders,6447075
2026-07-04T02:08:56.927268,2026-07-04T02:08:56.939075+00:00,133.7,49,ask,EarnestEspressos,CostlyCorianders,6447083
2026-07-04T02:08:58.059523,2026-07-04T02:08:58.068580+00:00,133.4,26,bid,Xuanyu Liu,EarnestEspressos,6447095
2026-07-04T02:08:59.048225,2026-07-04T02:08:59.058593+00:00,133.4,50,bid,FlawlessFlatbreads,EarnestEspressos,6447107
2026-07-04T02:09:01.099260,2026-07-04T02:09:01.111298+00:00,133.4,48,bid,CostlyCorianders,EarnestEspressos,6447133
2026-07-04T02:09:01.157237,2026-07-04T02:09:01.168683+00:00,133.8,50,bid,FlawlessFlatbreads,DiligentDonuts,6447134
2026-07-04T02:09:03.262633,2026-07-04T02:09:03.269282+00:00,133.7,50,bid,FlawlessFlatbreads,EarnestEspressos,6447156
2026-07-04T02:09:04.351966,2026-07-04T02:09:04.362277+00:00,133.8,12,ask,EarnestEspressos,Xuanyu Liu,6447167
2026-07-04T02:09:05.420764,2026-07-04T02:09:05.432146+00:00,133.8,50,ask,EarnestEspressos,FlawlessFlatbreads,6447188
2026-07-04T02:09:05.482705,2026-07-04T02:09:05.494365+00:00,133.8,41,ask,EarnestEspressos,CostlyCorianders,6447189
2026-07-04T02:09:07.477282,2026-07-04T02:09:07.488713+00:00,134.2,50,bid,FlawlessFlatbreads,DiligentDonuts,6447206
2026-07-04T02:09:07.571376,2026-07-04T02:09:07.582703+00:00,133.9,44,bid,CostlyCorianders,EarnestEspressos,6447208
2026-07-04T02:09:11.692969,2026-07-04T02:09:11.702527+00:00,134.1,50,bid,FlawlessFlatbreads,EarnestEspressos,6447252
2026-07-04T02:09:11.905754,2026-07-04T02:09:11.914935+00:00,133.9,11,ask,DiligentDonuts,Xuanyu Liu,6447258
2026-07-04T02:09:12.423267,2026-07-04T02:09:12.431118+00:00,133.9,3,ask,DiligentDonuts,Xuanyu Liu,6447274
2026-07-04T02:09:12.611684,2026-07-04T02:09:12.623314+00:00,134.1,48,bid,CostlyCorianders,EarnestEspressos,6447279
2026-07-04T02:09:13.801636,2026-07-04T02:09:13.812980+00:00,134.4,50,bid,FlawlessFlatbreads,DiligentDonuts,6447294
2026-07-04T02:09:15.609229,2026-07-04T02:09:15.621013+00:00,133.9,48,ask,EarnestEspressos,CostlyCorianders,6447332
2026-07-04T02:09:15.960808,2026-07-04T02:09:15.968011+00:00,133.9,50,ask,EarnestEspressos,FlawlessFlatbreads,6447335
2026-07-04T02:09:18.068251,2026-07-04T02:09:18.079894+00:00,133.8,50,ask,DiligentDonuts,FlawlessFlatbreads,6447365
2026-07-04T02:09:18.284061,2026-07-04T02:09:18.294063+00:00,133.8,49,ask,DiligentDonuts,CostlyCorianders,6447370
2026-07-04T02:09:19.342193,2026-07-04T02:09:19.353773+00:00,133.9,41,bid,CostlyCorianders,EarnestEspressos,6447391
2026-07-04T02:09:20.173488,2026-07-04T02:09:20.185317+00:00,133.8,1,ask,DiligentDonuts,FlawlessFlatbreads,6447408
2026-07-04T02:09:20.173488,2026-07-04T02:09:20.185317+00:00,133.7,49,ask,EarnestEspressos,FlawlessFlatbreads,6447409
2026-07-04T02:09:21.620113,2026-07-04T02:09:21.631539+00:00,133.7,49,ask,EarnestEspressos,CostlyCorianders,6447431
2026-07-04T02:09:22.230816,2026-07-04T02:09:22.242772+00:00,133.9,50,bid,FlawlessFlatbreads,DiligentDonuts,6447440
2026-07-04T02:09:23.359368,2026-07-04T02:09:23.366393+00:00,133.6,3,bid,Xuanyu Liu,EarnestEspressos,6447456
2026-07-04T02:09:23.504250,2026-07-04T02:09:23.515642+00:00,133.6,42,bid,CostlyCorianders,EarnestEspressos,6447461
2026-07-04T02:09:26.492936,2026-07-04T02:09:26.504334+00:00,133.3,50,ask,DiligentDonuts,FlawlessFlatbreads,6447500
2026-07-04T02:09:29.367219,2026-07-04T02:09:29.377482+00:00,133.7,48,bid,CostlyCorianders,EarnestEspressos,6447543
2026-07-04T02:09:30.702289,2026-07-04T02:09:30.713737+00:00,133.3,50,ask,EarnestEspressos,FlawlessFlatbreads,6447559
2026-07-04T02:09:32.809224,2026-07-04T02:09:32.821001+00:00,133.3,50,ask,DiligentDonuts,FlawlessFlatbreads,6447583
2026-07-04T02:09:34.125862,2026-07-04T02:09:34.137471+00:00,133.3,40,ask,EarnestEspressos,CostlyCorianders,6447600
2026-07-04T02:09:34.864907,2026-07-04T02:09:34.876541+00:00,133.8,50,bid,FlawlessFlatbreads,EarnestEspressos,6447609
2026-07-04T02:09:36.972239,2026-07-04T02:09:36.983793+00:00,133.8,50,bid,FlawlessFlatbreads,DiligentDonuts,6447645
2026-07-04T02:09:39.079962,2026-07-04T02:09:39.091140+00:00,134.0,50,bid,FlawlessFlatbreads,DiligentDonuts,6447678
2026-07-04T02:09:41.186760,2026-07-04T02:09:41.198725+00:00,133.8,50,bid,FlawlessFlatbreads,EarnestEspressos,6447703
2026-07-04T02:09:43.293314,2026-07-04T02:09:43.304666+00:00,133.9,50,bid,FlawlessFlatbreads,DiligentDonuts,6447731
2026-07-04T02:09:44.398922,2026-07-04T02:09:44.410465+00:00,134.0,46,bid,CostlyCorianders,EarnestEspressos,6447739
2026-07-04T02:09:46.525899,2026-07-04T02:09:46.536140+00:00,133.8,44,ask,EarnestEspressos,CostlyCorianders,6447767
2026-07-04T02:09:50.336022,2026-07-04T02:09:50.342636+00:00,133.8,43,ask,DiligentDonuts,CostlyCorianders,6447815
2026-07-04T02:09:51.715939,2026-07-04T02:09:51.725298+00:00,134.1,50,bid,FlawlessFlatbreads,EarnestEspressos,6447834
2026-07-04T02:09:52.583683,2026-07-04T02:09:52.592552+00:00,133.8,3,ask,DiligentDonuts,Xuanyu Liu,6447843
2026-07-04T02:09:54.819367,2026-07-04T02:09:54.827520+00:00,134.1,44,bid,CostlyCorianders,DiligentDonuts,6447882
2026-07-04T02:09:55.465890,2026-07-04T02:09:55.476016+00:00,133.8,47,ask,EarnestEspressos,CostlyCorianders,6447891
2026-07-04T02:09:55.924433,2026-07-04T02:09:55.930942+00:00,134.1,50,bid,FlawlessFlatbreads,DiligentDonuts,6447893
2026-07-04T02:09:59.328103,2026-07-04T02:09:59.339693+00:00,134.2,49,bid,CostlyCorianders,EarnestEspressos,6447940
2026-07-04T02:09:59.949031,2026-07-04T02:09:59.958550+00:00,134.2,41,bid,CostlyCorianders,EarnestEspressos,6447948
2026-07-04T02:10:00.215558,2026-07-04T02:10:00.225399+00:00,134.0,50,ask,DiligentDonuts,FlawlessFlatbreads,6447949
2026-07-04T02:10:02.270165,2026-07-04T02:10:02.281826+00:00,134.5,50,bid,FlawlessFlatbreads,DiligentDonuts,6447977
2026-07-04T02:10:04.377693,2026-07-04T02:10:04.384503+00:00,134.3,50,bid,FlawlessFlatbreads,DiligentDonuts,6448000
2026-07-04T02:10:04.423076,2026-07-04T02:10:04.429958+00:00,134.0,3,ask,EarnestEspressos,Xuanyu Liu,6448001
2026-07-04T02:10:04.463732,2026-07-04T02:10:04.476879+00:00,134.0,46,ask,EarnestEspressos,CostlyCorianders,6448003
2026-07-04T02:10:05.704413,2026-07-04T02:10:05.715629+00:00,134.0,11,ask,EarnestEspressos,Xuanyu Liu,6448019
2026-07-04T02:10:06.483044,2026-07-04T02:10:06.494902+00:00,134.4,50,bid,FlawlessFlatbreads,DiligentDonuts,6448027
2026-07-04T02:10:08.590251,2026-07-04T02:10:08.596679+00:00,134.3,50,bid,FlawlessFlatbreads,EarnestEspressos,6448071
2026-07-04T02:10:10.598271,2026-07-04T02:10:10.606613+00:00,134.0,44,ask,DiligentDonuts,CostlyCorianders,6448097
2026-07-04T02:10:10.695399,2026-07-04T02:10:10.705893+00:00,134.5,50,bid,FlawlessFlatbreads,DiligentDonuts,6448098
2026-07-04T02:10:12.854368,2026-07-04T02:10:12.860999+00:00,134.3,50,ask,DiligentDonuts,FlawlessFlatbreads,6448125
2026-07-04T02:10:13.535824,2026-07-04T02:10:13.547478+00:00,134.3,46,ask,DiligentDonuts,CostlyCorianders,6448136
2026-07-04T02:10:13.562937,2026-07-04T02:10:13.571637+00:00,134.3,4,ask,DiligentDonuts,Xuanyu Liu,6448137
2026-07-04T02:10:13.996330,2026-07-04T02:10:14.008103+00:00,134.3,49,bid,CostlyCorianders,EarnestEspressos,6448150
2026-07-04T02:10:14.910203,2026-07-04T02:10:14.921590+00:00,134.3,50,bid,FlawlessFlatbreads,EarnestEspressos,6448159
2026-07-04T02:10:15.541970,2026-07-04T02:10:15.558538+00:00,134.3,44,bid,CostlyCorianders,EarnestEspressos,6448168
2026-07-04T02:10:17.068269,2026-07-04T02:10:17.074556+00:00,134.3,50,ask,EarnestEspressos,FlawlessFlatbreads,6448187
2026-07-04T02:10:17.075744,2026-07-04T02:10:17.083753+00:00,134.3,19,ask,EarnestEspressos,Xuanyu Liu,6448188
2026-07-04T02:10:18.218425,2026-07-04T02:10:18.229816+00:00,134.3,81,ask,EarnestEspressos,DiligentDonuts,6448200
2026-07-04T02:10:19.124378,2026-07-04T02:10:19.135826+00:00,134.2,19,bid,FlawlessFlatbreads,DiligentDonuts,6448214
2026-07-04T02:10:19.124378,2026-07-04T02:10:19.135826+00:00,134.8,31,bid,FlawlessFlatbreads,EarnestEspressos,6448215
2026-07-04T02:10:19.146362,2026-07-04T02:10:19.158564+00:00,133.7,47,ask,DiligentDonuts,CostlyCorianders,6448216
2026-07-04T02:10:19.716476,2026-07-04T02:10:19.723579+00:00,134.8,43,bid,CostlyCorianders,EarnestEspressos,6448232
2026-07-04T02:10:20.254092,2026-07-04T02:10:20.256222+00:00,133.7,48,ask,DiligentDonuts,CostlyCorianders,6448234
2026-07-04T02:10:22.492875,2026-07-04T02:10:22.499672+00:00,134.5,48,bid,CostlyCorianders,DiligentDonuts,6448268
2026-07-04T02:10:23.389207,2026-07-04T02:10:23.397351+00:00,134.0,50,ask,DiligentDonuts,FlawlessFlatbreads,6448277
2026-07-04T02:10:25.446093,2026-07-04T02:10:25.463929+00:00,134.5,50,bid,FlawlessFlatbreads,DiligentDonuts,6448310
2026-07-04T02:10:27.553921,2026-07-04T02:10:27.564490+00:00,134.5,50,bid,FlawlessFlatbreads,DiligentDonuts,6448335
2026-07-04T02:10:29.660586,2026-07-04T02:10:29.672302+00:00,134.7,50,bid,FlawlessFlatbreads,EarnestEspressos,6448361
2026-07-04T02:10:31.611214,2026-07-04T02:10:31.622840+00:00,134.3,45,ask,EarnestEspressos,CostlyCorianders,6448380
2026-07-04T02:10:31.766185,2026-07-04T02:10:31.777492+00:00,134.7,50,bid,FlawlessFlatbreads,DiligentDonuts,6448383
2026-07-04T02:10:32.636381,2026-07-04T02:10:32.648162+00:00,134.7,44,bid,CostlyCorianders,DiligentDonuts,6448395
2026-07-04T02:10:32.691225,2026-07-04T02:10:32.702820+00:00,134.3,42,ask,EarnestEspressos,CostlyCorianders,6448396
2026-07-04T02:10:33.813934,2026-07-04T02:10:33.825426+00:00,134.3,45,bid,CostlyCorianders,EarnestEspressos,6448415
2026-07-04T02:10:33.872091,2026-07-04T02:10:33.883863+00:00,134.3,50,bid,FlawlessFlatbreads,EarnestEspressos,6448417
2026-07-04T02:10:34.008860,2026-07-04T02:10:34.017627+00:00,134.3,55,bid,DiligentDonuts,EarnestEspressos,6448418
2026-07-04T02:10:34.071470,2026-07-04T02:10:34.079939+00:00,134.4,12,ask,DiligentDonuts,Xuanyu Liu,6448420
2026-07-04T02:10:35.979081,2026-07-04T02:10:35.990628+00:00,134.9,50,bid,FlawlessFlatbreads,DiligentDonuts,6448445
2026-07-04T02:10:36.404943,2026-07-04T02:10:36.416636+00:00,134.4,33,ask,DiligentDonuts,CostlyCorianders,6448450
2026-07-04T02:10:36.404943,2026-07-04T02:10:36.416636+00:00,134.4,16,ask,EarnestEspressos,CostlyCorianders,6448451
2026-07-04T02:10:37.190506,2026-07-04T02:10:37.204925+00:00,134.4,11,ask,EarnestEspressos,Xuanyu Liu,6448461
2026-07-04T02:10:37.247747,2026-07-04T02:10:37.257523+00:00,134.4,11,ask,EarnestEspressos,Xuanyu Liu,6448465
2026-07-04T02:10:38.085300,2026-07-04T02:10:38.097011+00:00,134.6,50,bid,FlawlessFlatbreads,DiligentDonuts,6448473
2026-07-04T02:10:40.251580,2026-07-04T02:10:40.257837+00:00,134.3,50,ask,EarnestEspressos,FlawlessFlatbreads,6448493
2026-07-04T02:10:40.504506,2026-07-04T02:10:40.515869+00:00,134.3,42,ask,EarnestEspressos,CostlyCorianders,6448499
2026-07-04T02:10:42.358999,2026-07-04T02:10:42.370400+00:00,134.2,50,ask,DiligentDonuts,FlawlessFlatbreads,6448524
2026-07-04T02:10:43.552047,2026-07-04T02:10:43.556576+00:00,134.3,42,bid,CostlyCorianders,EarnestEspressos,6448544
2026-07-04T02:10:44.465025,2026-07-04T02:10:44.476564+00:00,134.0,50,ask,DiligentDonuts,FlawlessFlatbreads,6448550
2026-07-04T02:10:45.658715,2026-07-04T02:10:45.670262+00:00,134.0,40,ask,DiligentDonuts,CostlyCorianders,6448570
2026-07-04T02:10:46.571614,2026-07-04T02:10:46.583145+00:00,134.0,10,ask,DiligentDonuts,FlawlessFlatbreads,6448590
2026-07-04T02:10:46.571614,2026-07-04T02:10:46.583145+00:00,133.9,40,ask,EarnestEspressos,FlawlessFlatbreads,6448591
2026-07-04T02:10:48.709174,2026-07-04T02:10:48.718718+00:00,133.9,50,ask,DiligentDonuts,FlawlessFlatbreads,6448619
2026-07-04T02:10:48.807095,2026-07-04T02:10:48.818815+00:00,134.2,44,bid,CostlyCorianders,EarnestEspressos,6448620
2026-07-04T02:10:49.892070,2026-07-04T02:10:49.899532+00:00,134.0,22,bid,Xuanyu Liu,DiligentDonuts,6448633
2026-07-04T02:10:50.815790,2026-07-04T02:10:50.827314+00:00,133.7,50,ask,EarnestEspressos,FlawlessFlatbreads,6448644
2026-07-04T02:10:52.954895,2026-07-04T02:10:52.962437+00:00,133.7,50,ask,EarnestEspressos,FlawlessFlatbreads,6448670
2026-07-04T02:10:52.965340,2026-07-04T02:10:52.978086+00:00,134.2,40,bid,CostlyCorianders,EarnestEspressos,6448673
2026-07-04T02:10:55.065034,2026-07-04T02:10:55.075779+00:00,133.8,50,ask,EarnestEspressos,FlawlessFlatbreads,6448697
2026-07-04T02:10:57.173768,2026-07-04T02:10:57.185288+00:00,133.8,50,ask,EarnestEspressos,FlawlessFlatbreads,6448732
2026-07-04T02:10:58.285144,2026-07-04T02:10:58.293058+00:00,133.8,100,ask,DiligentDonuts,EarnestEspressos,6448746
2026-07-04T02:10:58.320878,2026-07-04T02:10:58.329263+00:00,133.7,49,bid,Xuanyu Liu,EarnestEspressos,6448749
2026-07-04T02:10:59.231337,2026-07-04T02:10:59.242365+00:00,133.7,1,bid,FlawlessFlatbreads,EarnestEspressos,6448761
2026-07-04T02:10:59.231337,2026-07-04T02:10:59.242365+00:00,134.3,49,bid,FlawlessFlatbreads,DiligentDonuts,6448762
2026-07-04T02:11:01.427637,2026-07-04T02:11:01.436627+00:00,133.8,3,ask,EarnestEspressos,Xuanyu Liu,6448799
2026-07-04T02:11:01.815133,2026-07-04T02:11:01.826774+00:00,134.1,40,bid,CostlyCorianders,DiligentDonuts,6448804
2026-07-04T02:11:02.336310,2026-07-04T02:11:02.347969+00:00,133.8,44,ask,EarnestEspressos,CostlyCorianders,6448809
2026-07-04T02:11:02.965617,2026-07-04T02:11:02.977127+00:00,133.8,48,ask,EarnestEspressos,CostlyCorianders,6448821
2026-07-04T02:11:03.439601,2026-07-04T02:11:03.448803+00:00,133.8,11,ask,EarnestEspressos,Xuanyu Liu,6448828
2026-07-04T02:11:03.517467,2026-07-04T02:11:03.529212+00:00,133.8,44,ask,EarnestEspressos,FlawlessFlatbreads,6448832
2026-07-04T02:11:03.517467,2026-07-04T02:11:03.529212+00:00,133.7,6,ask,DiligentDonuts,FlawlessFlatbreads,6448833
2026-07-04T02:11:04.627108,2026-07-04T02:11:04.638468+00:00,133.7,94,ask,DiligentDonuts,EarnestEspressos,6448846
2026-07-04T02:11:05.631491,2026-07-04T02:11:05.645177+00:00,133.2,50,ask,EarnestEspressos,FlawlessFlatbreads,6448857
2026-07-04T02:11:07.739360,2026-07-04T02:11:07.748143+00:00,133.3,50,ask,EarnestEspressos,FlawlessFlatbreads,6448884
2026-07-04T02:11:09.844406,2026-07-04T02:11:09.850763+00:00,133.3,50,ask,EarnestEspressos,FlawlessFlatbreads,6448916
2026-07-04T02:11:10.959378,2026-07-04T02:11:10.975486+00:00,133.4,14,bid,Xuanyu Liu,EarnestEspressos,6448937
2026-07-04T02:11:11.957455,2026-07-04T02:11:11.969076+00:00,133.3,50,ask,DiligentDonuts,FlawlessFlatbreads,6448957
2026-07-04T02:11:12.433698,2026-07-04T02:11:12.445037+00:00,133.4,46,bid,CostlyCorianders,EarnestEspressos,6448964
2026-07-04T02:11:13.519691,2026-07-04T02:11:13.531335+00:00,133.3,40,ask,DiligentDonuts,CostlyCorianders,6448973
2026-07-04T02:11:16.192925,2026-07-04T02:11:16.204613+00:00,133.0,50,ask,EarnestEspressos,FlawlessFlatbreads,6449000
2026-07-04T02:11:16.428449,2026-07-04T02:11:16.440120+00:00,133.2,40,bid,CostlyCorianders,DiligentDonuts,6449003
2026-07-04T02:11:18.300860,2026-07-04T02:11:18.312572+00:00,133.0,50,ask,DiligentDonuts,FlawlessFlatbreads,6449028
2026-07-04T02:11:20.360256,2026-07-04T02:11:20.376508+00:00,133.5,50,bid,FlawlessFlatbreads,DiligentDonuts,6449054
2026-07-04T02:11:20.893122,2026-07-04T02:11:20.904684+00:00,133.3,46,bid,CostlyCorianders,EarnestEspressos,6449063
2026-07-04T02:11:21.376586,2026-07-04T02:11:21.387937+00:00,133.0,49,ask,DiligentDonuts,CostlyCorianders,6449067
2026-07-04T02:11:22.466716,2026-07-04T02:11:22.478575+00:00,133.1,50,bid,FlawlessFlatbreads,DiligentDonuts,6449085
2026-07-04T02:11:24.629121,2026-07-04T02:11:24.640720+00:00,132.8,50,ask,EarnestEspressos,FlawlessFlatbreads,6449113
2026-07-04T02:11:25.235929,2026-07-04T02:11:25.247750+00:00,133.0,47,bid,CostlyCorianders,DiligentDonuts,6449118
2026-07-04T02:11:25.717098,2026-07-04T02:11:25.726029+00:00,133.0,47,bid,CostlyCorianders,DiligentDonuts,6449128
2026-07-04T02:11:26.230303,2026-07-04T02:11:26.241616+00:00,132.8,41,ask,EarnestEspressos,CostlyCorianders,6449138
2026-07-04T02:11:26.808499,2026-07-04T02:11:26.817637+00:00,132.8,3,bid,Xuanyu Liu,EarnestEspressos,6449146
2026-07-04T02:11:26.854192,2026-07-04T02:11:26.865272+00:00,132.5,47,ask,DiligentDonuts,CostlyCorianders,6449150
2026-07-04T02:11:27.033463,2026-07-04T02:11:27.041200+00:00,132.8,11,bid,Xuanyu Liu,EarnestEspressos,6449154
2026-07-04T02:11:27.770063,2026-07-04T02:11:27.777117+00:00,132.8,100,bid,DiligentDonuts,EarnestEspressos,6449165
2026-07-04T02:11:28.346474,2026-07-04T02:11:28.354394+00:00,132.8,12,bid,Xuanyu Liu,EarnestEspressos,6449174
2026-07-04T02:11:28.789104,2026-07-04T02:11:28.800678+00:00,132.8,24,bid,FlawlessFlatbreads,EarnestEspressos,6449180
2026-07-04T02:11:29.916850,2026-07-04T02:11:29.933425+00:00,133.2,26,ask,EarnestEspressos,Xuanyu Liu,6449199
2026-07-04T02:11:30.948405,2026-07-04T02:11:30.958571+00:00,133.2,50,ask,EarnestEspressos,FlawlessFlatbreads,6449215
2026-07-04T02:11:30.984044,2026-07-04T02:11:30.993447+00:00,133.2,74,ask,EarnestEspressos,DiligentDonuts,6449217
2026-07-04T02:11:32.248463,2026-07-04T02:11:32.255601+00:00,133.2,26,bid,CostlyCorianders,DiligentDonuts,6449241
2026-07-04T02:11:32.248463,2026-07-04T02:11:32.255601+00:00,133.7,16,bid,CostlyCorianders,EarnestEspressos,6449242
2026-07-04T02:11:33.004423,2026-07-04T02:11:33.016440+00:00,133.7,50,bid,FlawlessFlatbreads,EarnestEspressos,6449249
2026-07-04T02:11:35.364001,2026-07-04T02:11:35.375641+00:00,133.3,41,bid,CostlyCorianders,EarnestEspressos,6449285
2026-07-04T02:11:37.218351,2026-07-04T02:11:37.225711+00:00,133.6,50,bid,FlawlessFlatbreads,EarnestEspressos,6449314
2026-07-04T02:11:41.432144,2026-07-04T02:11:41.440878+00:00,133.6,50,bid,FlawlessFlatbreads,DiligentDonuts,6449368
2026-07-04T02:11:42.434893,2026-07-04T02:11:42.441400+00:00,133.4,47,ask,EarnestEspressos,CostlyCorianders,6449375
2026-07-04T02:11:43.540220,2026-07-04T02:11:43.546695+00:00,133.7,50,bid,FlawlessFlatbreads,EarnestEspressos,6449391
2026-07-04T02:11:45.645888,2026-07-04T02:11:45.653052+00:00,133.7,50,bid,FlawlessFlatbreads,EarnestEspressos,6449423
2026-07-04T02:11:45.726484,2026-07-04T02:11:45.738448+00:00,133.7,100,bid,EarnestEspressos,DiligentDonuts,6449424
2026-07-04T02:11:46.707018,2026-07-04T02:11:46.714847+00:00,133.8,3,ask,EarnestEspressos,Xuanyu Liu,6449430
2026-07-04T02:11:47.460540,2026-07-04T02:11:47.468878+00:00,133.8,45,ask,EarnestEspressos,CostlyCorianders,6449441
2026-07-04T02:11:47.753186,2026-07-04T02:11:47.764791+00:00,134.3,50,bid,FlawlessFlatbreads,EarnestEspressos,6449446
2026-07-04T02:11:48.560892,2026-07-04T02:11:48.572480+00:00,133.8,2,ask,EarnestEspressos,CostlyCorianders,6449453
2026-07-04T02:11:48.560892,2026-07-04T02:11:48.572480+00:00,133.8,38,ask,DiligentDonuts,CostlyCorianders,6449454
2026-07-04T02:11:49.066160,2026-07-04T02:11:49.077701+00:00,134.0,45,bid,CostlyCorianders,EarnestEspressos,6449469
2026-07-04T02:11:49.697189,2026-07-04T02:11:49.708835+00:00,134.0,45,bid,CostlyCorianders,EarnestEspressos,6449480
2026-07-04T02:11:52.016780,2026-07-04T02:11:52.028405+00:00,133.8,50,ask,DiligentDonuts,FlawlessFlatbreads,6449507
2026-07-04T02:11:54.123188,2026-07-04T02:11:54.134686+00:00,133.9,50,ask,EarnestEspressos,FlawlessFlatbreads,6449537
2026-07-04T02:11:55.461418,2026-07-04T02:11:55.473219+00:00,133.7,42,ask,EarnestEspressos,CostlyCorianders,6449555
2026-07-04T02:11:56.421982,2026-07-04T02:11:56.433590+00:00,133.7,47,ask,EarnestEspressos,CostlyCorianders,6449568
2026-07-04T02:11:57.421237,2026-07-04T02:11:57.428208+00:00,134.1,40,bid,CostlyCorianders,DiligentDonuts,6449581
2026-07-04T02:11:58.335642,2026-07-04T02:11:58.344998+00:00,133.6,50,ask,DiligentDonuts,FlawlessFlatbreads,6449590
2026-07-04T02:12:00.117866,2026-07-04T02:12:00.124440+00:00,133.9,46,bid,CostlyCorianders,EarnestEspressos,6449615
2026-07-04T02:12:00.442456,2026-07-04T02:12:00.463889+00:00,133.6,50,ask,DiligentDonuts,FlawlessFlatbreads,6449618
2026-07-04T02:12:05.377427,2026-07-04T02:12:05.384194+00:00,133.3,48,ask,DiligentDonuts,CostlyCorianders,6449680
2026-07-04T02:12:08.892237,2026-07-04T02:12:08.904018+00:00,133.2,50,ask,EarnestEspressos,FlawlessFlatbreads,6449727
2026-07-04T02:12:09.942398,2026-07-04T02:12:09.948471+00:00,133.5,40,bid,CostlyCorianders,DiligentDonuts,6449735
2026-07-04T02:12:10.464287,2026-07-04T02:12:10.475707+00:00,133.2,48,ask,EarnestEspressos,CostlyCorianders,6449742
2026-07-04T02:12:10.999963,2026-07-04T02:12:11.011373+00:00,133.0,50,ask,DiligentDonuts,FlawlessFlatbreads,6449745
2026-07-04T02:12:11.097277,2026-07-04T02:12:11.106610+00:00,133.2,3,bid,Xuanyu Liu,EarnestEspressos,6449748
2026-07-04T02:12:12.314600,2026-07-04T02:12:12.326127+00:00,133.2,41,bid,CostlyCorianders,EarnestEspressos,6449763
2026-07-04T02:12:13.107315,2026-07-04T02:12:13.118995+00:00,132.9,50,ask,DiligentDonuts,FlawlessFlatbreads,6449770
2026-07-04T02:12:13.861165,2026-07-04T02:12:13.869157+00:00,133.2,43,bid,CostlyCorianders,EarnestEspressos,6449778
2026-07-04T02:12:15.162708,2026-07-04T02:12:15.174372+00:00,133.4,50,bid,FlawlessFlatbreads,DiligentDonuts,6449792
2026-07-04T02:12:17.118087,2026-07-04T02:12:17.129824+00:00,133.0,44,ask,EarnestEspressos,CostlyCorianders,6449821
2026-07-04T02:12:19.229875,2026-07-04T02:12:19.241706+00:00,133.3,45,bid,CostlyCorianders,EarnestEspressos,6449855
2026-07-04T02:12:19.439670,2026-07-04T02:12:19.446019+00:00,132.8,50,ask,EarnestEspressos,FlawlessFlatbreads,6449859
2026-07-04T02:12:22.930997,2026-07-04T02:12:22.942626+00:00,132.8,44,ask,DiligentDonuts,CostlyCorianders,6449920
2026-07-04T02:12:23.451962,2026-07-04T02:12:23.468954+00:00,133.1,46,bid,CostlyCorianders,EarnestEspressos,6449924
2026-07-04T02:12:23.599587,2026-07-04T02:12:23.611110+00:00,133.1,50,bid,FlawlessFlatbreads,EarnestEspressos,6449926
2026-07-04T02:12:24.773420,2026-07-04T02:12:24.784761+00:00,133.1,100,ask,EarnestEspressos,DiligentDonuts,6449942
2026-07-04T02:12:25.107966,2026-07-04T02:12:25.119402+00:00,133.1,42,ask,EarnestEspressos,CostlyCorianders,6449951
2026-07-04T02:12:25.706244,2026-07-04T02:12:25.717904+00:00,133.6,50,bid,FlawlessFlatbreads,EarnestEspressos,6449957
2026-07-04T02:12:26.787736,2026-07-04T02:12:26.795666+00:00,133.1,8,ask,EarnestEspressos,CostlyCorianders,6449969
2026-07-04T02:12:27.332842,2026-07-04T02:12:27.343724+00:00,133.3,49,bid,CostlyCorianders,EarnestEspressos,6449985
2026-07-04T02:12:27.811827,2026-07-04T02:12:27.823411+00:00,133.3,50,bid,FlawlessFlatbreads,EarnestEspressos,6449990
2026-07-04T02:12:27.844721,2026-07-04T02:12:27.851098+00:00,132.8,47,ask,EarnestEspressos,CostlyCorianders,6449991
2026-07-04T02:12:29.918481,2026-07-04T02:12:29.924902+00:00,133.3,50,bid,FlawlessFlatbreads,EarnestEspressos,6450021
2026-07-04T02:12:31.321413,2026-07-04T02:12:31.327886+00:00,133.1,41,ask,EarnestEspressos,CostlyCorianders,6450039
2026-07-04T02:12:32.024581,2026-07-04T02:12:32.033338+00:00,133.2,50,bid,FlawlessFlatbreads,DiligentDonuts,6450055
2026-07-04T02:12:32.822459,2026-07-04T02:12:32.834052+00:00,133.1,40,ask,EarnestEspressos,CostlyCorianders,6450071
2026-07-04T02:12:34.180702,2026-07-04T02:12:34.192327+00:00,132.7,50,ask,EarnestEspressos,FlawlessFlatbreads,6450091
2026-07-04T02:12:36.287025,2026-07-04T02:12:36.299153+00:00,133.0,50,ask,DiligentDonuts,FlawlessFlatbreads,6450113
2026-07-04T02:12:38.342796,2026-07-04T02:12:38.354732+00:00,133.2,50,bid,FlawlessFlatbreads,EarnestEspressos,6450148
2026-07-04T02:12:39.966908,2026-07-04T02:12:39.978189+00:00,133.2,45,bid,CostlyCorianders,EarnestEspressos,6450171
2026-07-04T02:12:42.554244,2026-07-04T02:12:42.565913+00:00,133.2,50,bid,FlawlessFlatbreads,EarnestEspressos,6450203
2026-07-04T02:12:44.714818,2026-07-04T02:12:44.725259+00:00,133.1,50,ask,EarnestEspressos,FlawlessFlatbreads,6450236
2026-07-04T02:12:46.820766,2026-07-04T02:12:46.832215+00:00,133.2,50,ask,EarnestEspressos,FlawlessFlatbreads,6450268
2026-07-04T02:12:48.928560,2026-07-04T02:12:48.936674+00:00,133.0,50,ask,DiligentDonuts,FlawlessFlatbreads,6450307
2026-07-04T02:12:51.034027,2026-07-04T02:12:51.045521+00:00,132.8,50,ask,EarnestEspressos,FlawlessFlatbreads,6450335
2026-07-04T02:12:53.139892,2026-07-04T02:12:53.158558+00:00,132.5,50,ask,EarnestEspressos,FlawlessFlatbreads,6450368
2026-07-04T02:12:54.731487,2026-07-04T02:12:54.742934+00:00,133.0,48,bid,CostlyCorianders,EarnestEspressos,6450394
2026-07-04T02:12:55.222103,2026-07-04T02:12:55.232033+00:00,132.7,42,ask,DiligentDonuts,CostlyCorianders,6450402
2026-07-04T02:12:55.245044,2026-07-04T02:12:55.256412+00:00,132.7,50,ask,DiligentDonuts,FlawlessFlatbreads,6450403
2026-07-04T02:12:56.204566,2026-07-04T02:12:56.211093+00:00,132.8,42,bid,CostlyCorianders,EarnestEspressos,6450410
2026-07-04T02:12:57.299479,2026-07-04T02:12:57.310957+00:00,132.7,50,bid,FlawlessFlatbreads,DiligentDonuts,6450435
2026-07-04T02:12:58.875256,2026-07-04T02:12:58.883265+00:00,132.7,3,bid,Xuanyu Liu,DiligentDonuts,6450457
2026-07-04T02:12:59.421871,2026-07-04T02:12:59.432520+00:00,132.7,47,bid,FlawlessFlatbreads,DiligentDonuts,6450462
2026-07-04T02:12:59.421871,2026-07-04T02:12:59.432520+00:00,132.9,3,bid,FlawlessFlatbreads,EarnestEspressos,6450463
2026-07-04T02:13:00.452354,2026-07-04T02:13:00.464088+00:00,132.6,41,ask,DiligentDonuts,CostlyCorianders,6450482
2026-07-04T02:13:01.529073,2026-07-04T02:13:01.540599+00:00,132.9,50,bid,FlawlessFlatbreads,EarnestEspressos,6450495
2026-07-04T02:13:02.809834,2026-07-04T02:13:02.819128+00:00,132.6,3,ask,EarnestEspressos,Xuanyu Liu,6450512
2026-07-04T02:13:03.635498,2026-07-04T02:13:03.647274+00:00,132.7,50,bid,FlawlessFlatbreads,DiligentDonuts,6450528
2026-07-04T02:13:05.431018,2026-07-04T02:13:05.440748+00:00,132.7,3,bid,Xuanyu Liu,DiligentDonuts,6450558
2026-07-04T02:13:05.744625,2026-07-04T02:13:05.753751+00:00,132.7,47,bid,FlawlessFlatbreads,DiligentDonuts,6450565
2026-07-04T02:13:05.744625,2026-07-04T02:13:05.753751+00:00,133.1,3,bid,FlawlessFlatbreads,EarnestEspressos,6450566
2026-07-04T02:13:07.332160,2026-07-04T02:13:07.340800+00:00,132.9,3,ask,DiligentDonuts,Xuanyu Liu,6450585
2026-07-04T02:13:07.803520,2026-07-04T02:13:07.815342+00:00,133.1,40,bid,CostlyCorianders,EarnestEspressos,6450592
2026-07-04T02:13:07.854567,2026-07-04T02:13:07.866464+00:00,133.1,50,bid,FlawlessFlatbreads,EarnestEspressos,6450593
2026-07-04T02:13:07.859045,2026-07-04T02:13:07.866464+00:00,132.9,45,ask,DiligentDonuts,CostlyCorianders,6450594
2026-07-04T02:13:08.509269,2026-07-04T02:13:08.518148+00:00,133.4,45,bid,CostlyCorianders,DiligentDonuts,6450603
2026-07-04T02:13:09.962417,2026-07-04T02:13:09.974058+00:00,133.3,50,bid,FlawlessFlatbreads,DiligentDonuts,6450623
2026-07-04T02:13:10.833917,2026-07-04T02:13:10.845271+00:00,133.0,45,ask,EarnestEspressos,CostlyCorianders,6450633
2026-07-04T02:13:12.120972,2026-07-04T02:13:12.158612+00:00,132.8,50,ask,DiligentDonuts,FlawlessFlatbreads,6450646
2026-07-04T02:13:12.213516,2026-07-04T02:13:12.220470+00:00,133.3,41,bid,CostlyCorianders,EarnestEspressos,6450648
2026-07-04T02:13:12.266905,2026-07-04T02:13:12.278172+00:00,132.8,44,ask,EarnestEspressos,CostlyCorianders,6450650
2026-07-04T02:13:14.226708,2026-07-04T02:13:14.238503+00:00,132.8,50,ask,EarnestEspressos,FlawlessFlatbreads,6450674
2026-07-04T02:13:14.746780,2026-07-04T02:13:14.753185+00:00,133.1,47,bid,CostlyCorianders,EarnestEspressos,6450682
2026-07-04T02:13:15.811991,2026-07-04T02:13:15.820649+00:00,133.1,45,bid,CostlyCorianders,EarnestEspressos,6450697
2026-07-04T02:13:16.909158,2026-07-04T02:13:16.915615+00:00,132.7,44,ask,DiligentDonuts,CostlyCorianders,6450709
2026-07-04T02:13:17.421684,2026-07-04T02:13:17.430013+00:00,132.7,41,ask,DiligentDonuts,CostlyCorianders,6450721
2026-07-04T02:13:17.955157,2026-07-04T02:13:17.966961+00:00,133.2,48,bid,CostlyCorianders,DiligentDonuts,6450727
2026-07-04T02:13:18.386097,2026-07-04T02:13:18.397776+00:00,133.2,50,bid,FlawlessFlatbreads,DiligentDonuts,6450738
2026-07-04T02:13:20.495472,2026-07-04T02:13:20.498681+00:00,133.3,50,bid,FlawlessFlatbreads,DiligentDonuts,6450764
2026-07-04T02:13:21.179504,2026-07-04T02:13:21.190804+00:00,133.1,43,ask,EarnestEspressos,CostlyCorianders,6450772
2026-07-04T02:13:21.684454,2026-07-04T02:13:21.698874+00:00,133.1,45,ask,EarnestEspressos,CostlyCorianders,6450782
2026-07-04T02:13:22.600501,2026-07-04T02:13:22.611930+00:00,133.6,50,bid,FlawlessFlatbreads,EarnestEspressos,6450789
2026-07-04T02:13:25.719731,2026-07-04T02:13:25.727721+00:00,133.6,43,bid,CostlyCorianders,EarnestEspressos,6450837
2026-07-04T02:13:26.859744,2026-07-04T02:13:26.871346+00:00,133.1,50,ask,EarnestEspressos,FlawlessFlatbreads,6450851
2026-07-04T02:13:28.012767,2026-07-04T02:13:28.029255+00:00,133.1,40,ask,EarnestEspressos,CostlyCorianders,6450871
2026-07-04T02:13:28.597391,2026-07-04T02:13:28.609298+00:00,133.5,48,bid,CostlyCorianders,DiligentDonuts,6450877
2026-07-04T02:13:28.968213,2026-07-04T02:13:28.975055+00:00,133.1,50,ask,EarnestEspressos,FlawlessFlatbreads,6450879
2026-07-04T02:13:30.147980,2026-07-04T02:13:30.163609+00:00,133.5,49,bid,CostlyCorianders,DiligentDonuts,6450896
2026-07-04T02:13:31.022776,2026-07-04T02:13:31.034391+00:00,133.2,50,bid,FlawlessFlatbreads,EarnestEspressos,6450903
2026-07-04T02:13:31.186341,2026-07-04T02:13:31.198027+00:00,133.2,100,bid,DiligentDonuts,EarnestEspressos,6450905
2026-07-04T02:13:31.727758,2026-07-04T02:13:31.739562+00:00,132.7,45,ask,EarnestEspressos,CostlyCorianders,6450910
2026-07-04T02:13:32.312783,2026-07-04T02:13:32.324308+00:00,132.7,47,ask,EarnestEspressos,CostlyCorianders,6450923
2026-07-04T02:13:35.233972,2026-07-04T02:13:35.245729+00:00,133.4,50,bid,FlawlessFlatbreads,EarnestEspressos,6450952
2026-07-04T02:13:35.894459,2026-07-04T02:13:35.906049+00:00,133.4,49,bid,CostlyCorianders,EarnestEspressos,6450958
2026-07-04T02:13:36.449353,2026-07-04T02:13:36.456334+00:00,133.3,3,ask,EarnestEspressos,Xuanyu Liu,6450960
2026-07-04T02:13:36.838834,2026-07-04T02:13:36.850117+00:00,133.4,44,bid,CostlyCorianders,DiligentDonuts,6450971
2026-07-04T02:13:37.343355,2026-07-04T02:13:37.358592+00:00,133.4,50,bid,FlawlessFlatbreads,DiligentDonuts,6450978
2026-07-04T02:13:39.501743,2026-07-04T02:13:39.513225+00:00,133.3,50,ask,EarnestEspressos,FlawlessFlatbreads,6451008
2026-07-04T02:13:40.842175,2026-07-04T02:13:40.850330+00:00,133.3,34,ask,DiligentDonuts,Xuanyu Liu,6451023
2026-07-04T02:13:41.607976,2026-07-04T02:13:41.619588+00:00,133.3,50,ask,DiligentDonuts,FlawlessFlatbreads,6451036
2026-07-04T02:13:45.820672,2026-07-04T02:13:45.828991+00:00,132.9,50,ask,EarnestEspressos,FlawlessFlatbreads,6451096
2026-07-04T02:13:45.990325,2026-07-04T02:13:46.001170+00:00,133.1,11,bid,Xuanyu Liu,EarnestEspressos,6451098
2026-07-04T02:13:46.104585,2026-07-04T02:13:46.116136+00:00,132.9,48,ask,DiligentDonuts,CostlyCorianders,6451103
2026-07-04T02:13:46.742361,2026-07-04T02:13:46.753813+00:00,133.1,43,bid,CostlyCorianders,EarnestEspressos,6451112
2026-07-04T02:13:47.868537,2026-07-04T02:13:47.880187+00:00,132.7,44,ask,DiligentDonuts,CostlyCorianders,6451120
2026-07-04T02:13:47.927088,2026-07-04T02:13:47.937364+00:00,132.7,50,ask,DiligentDonuts,FlawlessFlatbreads,6451124
2026-07-04T02:13:50.032585,2026-07-04T02:13:50.044091+00:00,132.8,50,ask,EarnestEspressos,FlawlessFlatbreads,6451164
2026-07-04T02:13:50.234687,2026-07-04T02:13:50.242746+00:00,132.8,100,ask,EarnestEspressos,DiligentDonuts,6451166
2026-07-04T02:13:52.171538,2026-07-04T02:13:52.184392+00:00,132.3,50,ask,DiligentDonuts,FlawlessFlatbreads,6451197
2026-07-04T02:13:52.323227,2026-07-04T02:13:52.331209+00:00,132.5,26,bid,Xuanyu Liu,EarnestEspressos,6451199
2026-07-04T02:13:54.227223,2026-07-04T02:13:54.236119+00:00,132.5,50,bid,FlawlessFlatbreads,EarnestEspressos,6451233
2026-07-04T02:13:54.337649,2026-07-04T02:13:54.349001+00:00,132.3,44,ask,DiligentDonuts,CostlyCorianders,6451234
2026-07-04T02:13:56.035813,2026-07-04T02:13:56.043374+00:00,132.6,49,bid,CostlyCorianders,EarnestEspressos,6451263
2026-07-04T02:13:56.345636,2026-07-04T02:13:56.352818+00:00,132.6,50,bid,FlawlessFlatbreads,EarnestEspressos,6451269
2026-07-04T02:13:57.219552,2026-07-04T02:13:57.231029+00:00,132.5,42,bid,CostlyCorianders,DiligentDonuts,6451281
2026-07-04T02:13:57.870745,2026-07-04T02:13:57.880025+00:00,132.1,42,ask,EarnestEspressos,CostlyCorianders,6451295
2026-07-04T02:13:58.451751,2026-07-04T02:13:58.463632+00:00,132.5,50,bid,FlawlessFlatbreads,DiligentDonuts,6451302
2026-07-04T02:13:59.445496,2026-07-04T02:13:59.450213+00:00,132.4,47,ask,EarnestEspressos,CostlyCorianders,6451319
2026-07-04T02:14:00.040041,2026-07-04T02:14:00.051749+00:00,132.8,47,bid,CostlyCorianders,DiligentDonuts,6451326
2026-07-04T02:14:00.559494,2026-07-04T02:14:00.570891+00:00,132.8,50,bid,FlawlessFlatbreads,DiligentDonuts,6451335
2026-07-04T02:14:02.666750,2026-07-04T02:14:02.678395+00:00,132.5,50,bid,FlawlessFlatbreads,EarnestEspressos,6451365
2026-07-04T02:14:02.857471,2026-07-04T02:14:02.868348+00:00,132.5,100,bid,DiligentDonuts,EarnestEspressos,6451369
2026-07-04T02:14:04.777952,2026-07-04T02:14:04.786479+00:00,133.1,50,bid,FlawlessFlatbreads,DiligentDonuts,6451394
2026-07-04T02:14:05.493432,2026-07-04T02:14:05.502040+00:00,132.5,3,ask,EarnestEspressos,Xuanyu Liu,6451402
2026-07-04T02:14:06.890261,2026-07-04T02:14:06.897895+00:00,132.7,50,bid,FlawlessFlatbreads,DiligentDonuts,6451418
2026-07-04T02:14:07.401196,2026-07-04T02:14:07.412751+00:00,132.7,44,bid,CostlyCorianders,DiligentDonuts,6451424
2026-07-04T02:14:08.086053,2026-07-04T02:14:08.093909+00:00,132.6,11,ask,EarnestEspressos,Xuanyu Liu,6451440
2026-07-04T02:14:09.064882,2026-07-04T02:14:09.074943+00:00,132.6,50,ask,EarnestEspressos,FlawlessFlatbreads,6451455
2026-07-04T02:14:09.121953,2026-07-04T02:14:09.130258+00:00,132.6,12,ask,EarnestEspressos,Xuanyu Liu,6451457
2026-07-04T02:14:10.993970,2026-07-04T02:14:11.001664+00:00,132.6,23,ask,EarnestEspressos,Xuanyu Liu,6451484
2026-07-04T02:14:11.172507,2026-07-04T02:14:11.183881+00:00,132.6,50,ask,EarnestEspressos,FlawlessFlatbreads,6451487
2026-07-04T02:14:11.285441,2026-07-04T02:14:11.294602+00:00,132.4,100,ask,DiligentDonuts,EarnestEspressos,6451490
2026-07-04T02:14:11.332226,2026-07-04T02:14:11.343882+00:00,131.9,47,ask,EarnestEspressos,CostlyCorianders,6451494
2026-07-04T02:14:12.264551,2026-07-04T02:14:12.276321+00:00,132.4,49,bid,CostlyCorianders,EarnestEspressos,6451503
2026-07-04T02:14:12.306897,2026-07-04T02:14:12.316064+00:00,132.4,1,bid,Xuanyu Liu,EarnestEspressos,6451505
2026-07-04T02:14:12.432789,2026-07-04T02:14:12.440702+00:00,132.4,22,bid,Xuanyu Liu,DiligentDonuts,6451511
2026-07-04T02:14:13.227988,2026-07-04T02:14:13.234343+00:00,132.4,50,bid,FlawlessFlatbreads,DiligentDonuts,6451518
2026-07-04T02:14:15.362815,2026-07-04T02:14:15.374520+00:00,132.4,28,bid,FlawlessFlatbreads,DiligentDonuts,6451545
2026-07-04T02:14:15.362815,2026-07-04T02:14:15.374520+00:00,132.7,22,bid,FlawlessFlatbreads,EarnestEspressos,6451546
2026-07-04T02:14:15.450803,2026-07-04T02:14:15.463900+00:00,132.2,42,ask,EarnestEspressos,CostlyCorianders,6451547
2026-07-04T02:14:17.078918,2026-07-04T02:14:17.090911+00:00,132.4,40,ask,DiligentDonuts,CostlyCorianders,6451573
2026-07-04T02:14:17.473738,2026-07-04T02:14:17.485416+00:00,132.7,50,bid,FlawlessFlatbreads,EarnestEspressos,6451576
2026-07-04T02:14:19.276904,2026-07-04T02:14:19.288558+00:00,132.5,42,ask,EarnestEspressos,CostlyCorianders,6451605
2026-07-04T02:14:21.689863,2026-07-04T02:14:21.701322+00:00,132.6,50,bid,FlawlessFlatbreads,EarnestEspressos,6451633
2026-07-04T02:14:25.261971,2026-07-04T02:14:25.269710+00:00,132.8,41,bid,CostlyCorianders,EarnestEspressos,6451671
2026-07-04T02:14:25.929012,2026-07-04T02:14:25.940408+00:00,132.8,50,bid,FlawlessFlatbreads,EarnestEspressos,6451684
2026-07-04T02:14:27.072022,2026-07-04T02:14:27.083725+00:00,132.8,100,bid,EarnestEspressos,DiligentDonuts,6451694
2026-07-04T02:14:27.147882,2026-07-04T02:14:27.157492+00:00,132.8,34,ask,EarnestEspressos,Xuanyu Liu,6451697
2026-07-04T02:14:28.090558,2026-07-04T02:14:28.102033+00:00,132.8,16,ask,EarnestEspressos,FlawlessFlatbreads,6451710
2026-07-04T02:14:30.199046,2026-07-04T02:14:30.210432+00:00,132.5,50,ask,DiligentDonuts,FlawlessFlatbreads,6451731
2026-07-04T02:14:30.346302,2026-07-04T02:14:30.358549+00:00,132.6,40,bid,CostlyCorianders,EarnestEspressos,6451735
2026-07-04T02:14:30.401055,2026-07-04T02:14:30.412813+00:00,132.5,49,ask,DiligentDonuts,CostlyCorianders,6451739
2026-07-04T02:14:31.000194,2026-07-04T02:14:31.011588+00:00,132.5,1,ask,DiligentDonuts,CostlyCorianders,6451747
2026-07-04T02:14:32.006029,2026-07-04T02:14:32.016531+00:00,132.6,11,bid,Xuanyu Liu,EarnestEspressos,6451756
2026-07-04T02:14:32.009026,2026-07-04T02:14:32.016531+00:00,132.6,41,bid,CostlyCorianders,EarnestEspressos,6451757
2026-07-04T02:14:32.305258,2026-07-04T02:14:32.316708+00:00,132.2,50,ask,DiligentDonuts,FlawlessFlatbreads,6451764
2026-07-04T02:14:32.665549,2026-07-04T02:14:32.674636+00:00,132.2,42,ask,DiligentDonuts,CostlyCorianders,6451766
2026-07-04T02:14:33.324689,2026-07-04T02:14:33.332805+00:00,132.6,12,bid,Xuanyu Liu,EarnestEspressos,6451772
2026-07-04T02:14:33.393353,2026-07-04T02:14:33.405001+00:00,132.7,100,bid,EarnestEspressos,DiligentDonuts,6451774
2026-07-04T02:14:34.410981,2026-07-04T02:14:34.419425+00:00,132.7,50,ask,EarnestEspressos,FlawlessFlatbreads,6451789
2026-07-04T02:14:35.711793,2026-07-04T02:14:35.723108+00:00,132.9,48,bid,CostlyCorianders,DiligentDonuts,6451805
2026-07-04T02:14:36.517607,2026-07-04T02:14:36.528921+00:00,132.4,50,ask,DiligentDonuts,EarnestEspressos,6451812
2026-07-04T02:14:36.605743,2026-07-04T02:14:36.617496+00:00,132.4,50,ask,DiligentDonuts,FlawlessFlatbreads,6451813
2026-07-04T02:14:38.147096,2026-07-04T02:14:38.154537+00:00,132.4,11,bid,Xuanyu Liu,EarnestEspressos,6451839
2026-07-04T02:14:38.310622,2026-07-04T02:14:38.322481+00:00,132.1,41,ask,DiligentDonuts,CostlyCorianders,6451842
2026-07-04T02:14:38.623786,2026-07-04T02:14:38.635582+00:00,132.1,50,ask,DiligentDonuts,FlawlessFlatbreads,6451847
2026-07-04T02:14:39.387380,2026-07-04T02:14:39.398690+00:00,132.4,47,bid,CostlyCorianders,EarnestEspressos,6451860
2026-07-04T02:14:39.923206,2026-07-04T02:14:39.934769+00:00,132.4,48,ask,EarnestEspressos,CostlyCorianders,6451868
2026-07-04T02:14:40.540704,2026-07-04T02:14:40.550531+00:00,132.6,43,bid,CostlyCorianders,DiligentDonuts,6451871
2026-07-04T02:14:40.730877,2026-07-04T02:14:40.742613+00:00,132.4,50,ask,EarnestEspressos,FlawlessFlatbreads,6451874
2026-07-04T02:14:42.837563,2026-07-04T02:14:42.849003+00:00,132.0,50,ask,DiligentDonuts,FlawlessFlatbreads,6451909
2026-07-04T02:14:43.758990,2026-07-04T02:14:43.770501+00:00,132.1,42,ask,EarnestEspressos,CostlyCorianders,6451919
2026-07-04T02:14:43.817865,2026-07-04T02:14:43.826195+00:00,132.5,12,bid,Xuanyu Liu,DiligentDonuts,6451920
2026-07-04T02:14:44.944513,2026-07-04T02:14:44.952654+00:00,132.1,50,ask,EarnestEspressos,FlawlessFlatbreads,6451936
2026-07-04T02:14:46.103324,2026-07-04T02:14:46.111388+00:00,132.3,11,bid,Xuanyu Liu,EarnestEspressos,6451943
2026-07-04T02:14:47.001256,2026-07-04T02:14:47.012619+00:00,132.3,50,bid,FlawlessFlatbreads,EarnestEspressos,6451958
2026-07-04T02:14:49.108174,2026-07-04T02:14:49.119601+00:00,132.3,50,bid,FlawlessFlatbreads,EarnestEspressos,6451989
2026-07-04T02:14:49.902796,2026-07-04T02:14:49.914298+00:00,132.5,42,bid,CostlyCorianders,DiligentDonuts,6451995
