timestamp,recv_time,price,volume,aggressor_side,buyer,seller,trade_id
2026-07-08T09:00:01.004971,2026-07-08T09:00:01.017615+00:00,119.8,8,bid,,,11973125
2026-07-08T09:00:01.004971,2026-07-08T09:00:01.017615+00:00,119.9,38,bid,,,11973126
2026-07-08T09:00:02.093065,2026-07-08T09:00:02.102971+00:00,119.7,50,ask,,,11973140
2026-07-08T09:00:04.200064,2026-07-08T09:00:04.212430+00:00,119.7,50,ask,,,11973173
2026-07-08T09:00:05.552848,2026-07-08T09:00:05.558655+00:00,119.8,100,bid,,,11973196
2026-07-08T09:00:05.649691,2026-07-08T09:00:05.656762+00:00,119.8,43,ask,,,11973197
2026-07-08T09:00:06.256881,2026-07-08T09:00:06.269045+00:00,120.2,8,bid,,,11973205
2026-07-08T09:00:06.256881,2026-07-08T09:00:06.269045+00:00,120.3,42,bid,,,11973206
2026-07-08T09:00:07.259231,2026-07-08T09:00:07.271220+00:00,120.2,8,bid,,,11973220
2026-07-08T09:00:07.259231,2026-07-08T09:00:07.271220+00:00,120.3,36,bid,,,11973221
2026-07-08T09:00:09.588190,2026-07-08T09:00:09.596291+00:00,119.9,8,ask,,,11973257
2026-07-08T09:00:09.588190,2026-07-08T09:00:09.601504+00:00,119.8,36,ask,,,11973258
2026-07-08T09:00:10.190905,2026-07-08T09:00:10.203071+00:00,120.2,46,bid,,,11973269
2026-07-08T09:00:10.507109,2026-07-08T09:00:10.522803+00:00,120.2,50,bid,,,11973273
2026-07-08T09:00:11.922555,2026-07-08T09:00:11.930382+00:00,120.2,8,bid,,,11973282
2026-07-08T09:00:12.667452,2026-07-08T09:00:12.679401+00:00,120.2,45,ask,,,11973298
2026-07-08T09:00:13.665111,2026-07-08T09:00:13.676741+00:00,120.2,48,ask,,,11973307
2026-07-08T09:00:14.195896,2026-07-08T09:00:14.204385+00:00,120.4,41,bid,,,11973317
2026-07-08T09:00:14.793290,2026-07-08T09:00:14.805131+00:00,120.2,49,ask,,,11973327
2026-07-08T09:00:14.793290,2026-07-08T09:00:14.805131+00:00,120.1,1,ask,,,11973328
2026-07-08T09:00:15.795718,2026-07-08T09:00:15.807463+00:00,120.2,47,bid,,,11973340
2026-07-08T09:00:16.434873,2026-07-08T09:00:16.447042+00:00,119.9,46,ask,,,11973345
2026-07-08T09:00:17.470345,2026-07-08T09:00:17.492265+00:00,120.2,10,bid,,,11973358
2026-07-08T09:00:17.474364,2026-07-08T09:00:17.492265+00:00,120.2,11,bid,,,11973359
2026-07-08T09:00:18.962537,2026-07-08T09:00:18.976170+00:00,120.4,50,bid,,,11973398
2026-07-08T09:00:21.072507,2026-07-08T09:00:21.079565+00:00,120.3,8,bid,,,11973428
2026-07-08T09:00:21.072507,2026-07-08T09:00:21.079565+00:00,120.4,42,bid,,,11973429
2026-07-08T09:00:21.147126,2026-07-08T09:00:21.158632+00:00,120.4,46,bid,,,11973431
2026-07-08T09:00:21.202026,2026-07-08T09:00:21.213039+00:00,120.0,8,ask,,,11973432
2026-07-08T09:00:21.202026,2026-07-08T09:00:21.213039+00:00,119.9,38,ask,,,11973433
2026-07-08T09:00:21.422925,2026-07-08T09:00:21.437243+00:00,120.2,10,ask,,,11973437
2026-07-08T09:00:21.426289,2026-07-08T09:00:21.437243+00:00,120.2,11,ask,,,11973438
2026-07-08T09:00:23.205020,2026-07-08T09:00:23.213504+00:00,120.4,50,bid,,,11973466
2026-07-08T09:00:23.205367,2026-07-08T09:00:23.218860+00:00,120.2,45,ask,,,11973468
2026-07-08T09:00:25.318291,2026-07-08T09:00:25.329833+00:00,120.5,50,bid,,,11973503
2026-07-08T09:00:27.458027,2026-07-08T09:00:27.469086+00:00,120.5,50,bid,,,11973540
2026-07-08T09:00:27.752687,2026-07-08T09:00:27.766643+00:00,120.4,12,ask,,,11973543
2026-07-08T09:00:27.757522,2026-07-08T09:00:27.766643+00:00,120.4,10,ask,,,11973544
2026-07-08T09:00:31.675349,2026-07-08T09:00:31.695440+00:00,120.6,50,bid,,,11973595
2026-07-08T09:00:32.837257,2026-07-08T09:00:32.847184+00:00,120.6,44,bid,,,11973609
2026-07-08T09:00:33.836265,2026-07-08T09:00:33.845098+00:00,120.5,8,ask,,,11973620
2026-07-08T09:00:33.836265,2026-07-08T09:00:33.845098+00:00,120.4,42,ask,,,11973621
2026-07-08T09:00:34.483763,2026-07-08T09:00:34.495940+00:00,120.4,49,ask,,,11973630
2026-07-08T09:00:35.948909,2026-07-08T09:00:35.960894+00:00,120.4,50,ask,,,11973650
2026-07-08T09:00:38.060894,2026-07-08T09:00:38.072736+00:00,120.3,50,ask,,,11973679
2026-07-08T09:00:40.187764,2026-07-08T09:00:40.195108+00:00,120.3,50,ask,,,11973707
2026-07-08T09:00:40.336649,2026-07-08T09:00:40.348951+00:00,120.6,46,bid,,,11973709
2026-07-08T09:00:40.954862,2026-07-08T09:00:40.967190+00:00,120.4,48,bid,,,11973715
2026-07-08T09:00:42.294214,2026-07-08T09:00:42.306245+00:00,120.1,50,ask,,,11973734
2026-07-08T09:00:44.442902,2026-07-08T09:00:44.450425+00:00,120.1,50,ask,,,11973772
2026-07-08T09:00:45.717481,2026-07-08T09:00:45.729426+00:00,120.1,8,ask,,,11973790
2026-07-08T09:00:45.717481,2026-07-08T09:00:45.729426+00:00,120.0,35,ask,,,11973791
2026-07-08T09:00:46.550672,2026-07-08T09:00:46.558641+00:00,120.0,50,ask,,,11973800
2026-07-08T09:00:46.699928,2026-07-08T09:00:46.709748+00:00,120.5,48,bid,,,11973802
2026-07-08T09:00:46.800356,2026-07-08T09:00:46.867949+00:00,120.3,10,bid,,,11973803
2026-07-08T09:00:46.804760,2026-07-08T09:00:46.867949+00:00,120.3,12,bid,,,11973804
2026-07-08T09:00:47.799860,2026-07-08T09:00:47.812192+00:00,120.3,40,bid,,,11973827
2026-07-08T09:00:48.656991,2026-07-08T09:00:48.654115+00:00,120.0,50,ask,,,11973843
2026-07-08T09:00:49.608122,2026-07-08T09:00:49.620117+00:00,120.3,11,bid,,,11973850
2026-07-08T09:00:49.612082,2026-07-08T09:00:49.620117+00:00,120.3,10,bid,,,11973851
2026-07-08T09:00:49.854181,2026-07-08T09:00:49.853749+00:00,120.0,44,ask,,,11973862
2026-07-08T09:00:50.713048,2026-07-08T09:00:50.724941+00:00,120.5,50,bid,,,11973868
2026-07-08T09:00:52.350222,2026-07-08T09:00:52.362340+00:00,120.2,46,ask,,,11973883
2026-07-08T09:00:52.822231,2026-07-08T09:00:52.833830+00:00,120.5,50,bid,,,11973888
2026-07-08T09:00:54.954681,2026-07-08T09:00:54.966489+00:00,120.4,50,bid,,,11973921
2026-07-08T09:00:54.960201,2026-07-08T09:00:54.972105+00:00,120.4,43,bid,,,11973922
2026-07-08T09:00:57.064264,2026-07-08T09:00:57.076248+00:00,120.7,8,bid,,,11973945
2026-07-08T09:00:57.064264,2026-07-08T09:00:57.076248+00:00,120.8,42,bid,,,11973946
2026-07-08T09:00:58.153429,2026-07-08T09:00:58.165258+00:00,120.3,47,ask,,,11973959
2026-07-08T09:00:58.801419,2026-07-08T09:00:58.813727+00:00,120.4,23,ask,,,11973969
2026-07-08T09:00:58.804965,2026-07-08T09:00:58.813727+00:00,120.4,20,ask,,,11973970
2026-07-08T09:00:59.629546,2026-07-08T09:00:59.641455+00:00,120.7,49,bid,,,11973986
2026-07-08T09:01:00.264003,2026-07-08T09:01:00.275789+00:00,120.4,49,ask,,,11973998
2026-07-08T09:01:01.302907,2026-07-08T09:01:01.314750+00:00,120.7,50,bid,,,11974013
2026-07-08T09:01:02.608271,2026-07-08T09:01:02.619085+00:00,120.5,100,bid,,,11974026
2026-07-08T09:01:02.608271,2026-07-08T09:01:02.619085+00:00,120.5,8,bid,,,11974027
2026-07-08T09:01:02.678437,2026-07-08T09:01:02.693782+00:00,120.8,8,ask,,,11974030
2026-07-08T09:01:02.683878,2026-07-08T09:01:02.693782+00:00,120.8,8,ask,,,11974031
2026-07-08T09:01:02.694994,2026-07-08T09:01:02.706107+00:00,120.8,3,ask,,,11974033
2026-07-08T09:01:02.706824,2026-07-08T09:01:02.721770+00:00,120.8,2,ask,,,11974035
2026-07-08T09:01:02.756949,2026-07-08T09:01:02.773456+00:00,120.8,21,ask,,,11974041
2026-07-08T09:01:03.471635,2026-07-08T09:01:03.484396+00:00,120.2,8,ask,,,11974054
2026-07-08T09:01:03.471635,2026-07-08T09:01:03.484396+00:00,120.0,42,ask,,,11974055
2026-07-08T09:01:03.570212,2026-07-08T09:01:03.579648+00:00,120.6,1,bid,,,11974057
2026-07-08T09:01:03.823190,2026-07-08T09:01:03.830200+00:00,120.6,7,bid,,,11974063
2026-07-08T09:01:04.230236,2026-07-08T09:01:04.239089+00:00,120.6,8,bid,,,11974068
2026-07-08T09:01:04.750071,2026-07-08T09:01:04.763846+00:00,120.6,2,bid,,,11974078
2026-07-08T09:01:05.240118,2026-07-08T09:01:05.250937+00:00,120.6,10,bid,,,11974089
2026-07-08T09:01:05.612798,2026-07-08T09:01:05.623423+00:00,120.2,8,ask,,,11974093
2026-07-08T09:01:05.612798,2026-07-08T09:01:05.623423+00:00,120.1,42,ask,,,11974094
2026-07-08T09:01:06.253086,2026-07-08T09:01:06.267376+00:00,120.5,8,bid,,,11974107
2026-07-08T09:01:06.274816,2026-07-08T09:01:06.288110+00:00,120.6,8,bid,,,11974111
2026-07-08T09:01:06.687285,2026-07-08T09:01:06.704138+00:00,120.6,2,bid,,,11974117
2026-07-08T09:01:06.691391,2026-07-08T09:01:06.704138+00:00,120.6,3,bid,,,11974118
2026-07-08T09:01:07.727215,2026-07-08T09:01:07.736226+00:00,120.2,8,ask,,,11974133
2026-07-08T09:01:07.727215,2026-07-08T09:01:07.741203+00:00,120.1,42,ask,,,11974134
2026-07-08T09:01:08.106225,2026-07-08T09:01:08.115451+00:00,120.2,8,ask,,,11974139
2026-07-08T09:01:09.309866,2026-07-08T09:01:09.325284+00:00,120.5,8,bid,,,11974155
2026-07-08T09:01:11.976426,2026-07-08T09:01:11.988297+00:00,120.2,8,ask,,,11974197
2026-07-08T09:01:11.976426,2026-07-08T09:01:11.988297+00:00,120.1,42,ask,,,11974198
2026-07-08T09:01:12.006809,2026-07-08T09:01:12.014166+00:00,120.6,49,bid,,,11974200
2026-07-08T09:01:12.872647,2026-07-08T09:01:12.887343+00:00,120.6,12,bid,,,11974211
2026-07-08T09:01:12.882954,2026-07-08T09:01:12.887343+00:00,120.6,2,bid,,,11974212
2026-07-08T09:01:13.038852,2026-07-08T09:01:13.050144+00:00,120.6,47,bid,,,11974220
2026-07-08T09:01:14.036039,2026-07-08T09:01:14.048427+00:00,120.6,39,bid,,,11974229
2026-07-08T09:01:14.036039,2026-07-08T09:01:14.048427+00:00,120.7,8,bid,,,11974230
2026-07-08T09:01:14.036039,2026-07-08T09:01:14.048427+00:00,120.8,3,bid,,,11974231
2026-07-08T09:01:15.142684,2026-07-08T09:01:15.158845+00:00,120.5,46,ask,,,11974245
2026-07-08T09:01:16.200495,2026-07-08T09:01:16.210939+00:00,120.7,50,ask,,,11974262
2026-07-08T09:01:17.939997,2026-07-08T09:01:17.951911+00:00,120.7,46,ask,,,11974288
2026-07-08T09:01:18.258291,2026-07-08T09:01:18.266390+00:00,121.0,50,bid,,,11974292
2026-07-08T09:01:19.574431,2026-07-08T09:01:19.583281+00:00,120.8,41,bid,,,11974304
2026-07-08T09:01:20.278315,2026-07-08T09:01:20.290428+00:00,120.8,46,bid,,,11974318
2026-07-08T09:01:20.435606,2026-07-08T09:01:20.447655+00:00,120.5,50,ask,,,11974321
2026-07-08T09:01:21.139359,2026-07-08T09:01:21.153526+00:00,120.8,20,bid,,,11974334
2026-07-08T09:01:21.142673,2026-07-08T09:01:21.153526+00:00,120.8,23,bid,,,11974335
2026-07-08T09:01:21.415727,2026-07-08T09:01:21.423208+00:00,120.8,20,bid,,,11974342
2026-07-08T09:01:21.432210,2026-07-08T09:01:21.443989+00:00,120.9,2,bid,,,11974343
2026-07-08T09:01:21.602984,2026-07-08T09:01:21.613174+00:00,121.0,100,bid,,,11974348
2026-07-08T09:01:21.602984,2026-07-08T09:01:21.613174+00:00,121.0,8,bid,,,11974349
2026-07-08T09:01:21.672926,2026-07-08T09:01:21.684021+00:00,121.1,12,ask,,,11974352
2026-07-08T09:01:21.676265,2026-07-08T09:01:21.684021+00:00,121.1,10,ask,,,11974353
2026-07-08T09:01:22.446440,2026-07-08T09:01:22.458568+00:00,121.6,8,bid,,,11974368
2026-07-08T09:01:22.473881,2026-07-08T09:01:22.486526+00:00,121.1,20,ask,,,11974370
2026-07-08T09:01:22.503117,2026-07-08T09:01:22.507930+00:00,121.1,3,ask,,,11974372
2026-07-08T09:01:22.543201,2026-07-08T09:01:22.554849+00:00,121.1,5,ask,,,11974373
2026-07-08T09:01:22.543201,2026-07-08T09:01:22.554849+00:00,120.5,45,ask,,,11974374
2026-07-08T09:01:24.484018,2026-07-08T09:01:24.496068+00:00,121.2,16,bid,,,11974409
2026-07-08T09:01:24.496099,2026-07-08T09:01:24.501588+00:00,121.2,3,bid,,,11974411
2026-07-08T09:01:24.864300,2026-07-08T09:01:24.881674+00:00,121.0,12,bid,,,11974420
2026-07-08T09:01:25.300071,2026-07-08T09:01:25.312272+00:00,120.7,42,ask,,,11974425
2026-07-08T09:01:25.811906,2026-07-08T09:01:25.820864+00:00,121.0,41,bid,,,11974436
2026-07-08T09:01:25.866372,2026-07-08T09:01:25.874345+00:00,120.7,48,ask,,,11974438
2026-07-08T09:01:26.703952,2026-07-08T09:01:26.713947+00:00,121.0,50,bid,,,11974456
2026-07-08T09:01:28.141984,2026-07-08T09:01:28.148771+00:00,121.0,49,bid,,,11974481
2026-07-08T09:01:28.197917,2026-07-08T09:01:28.210146+00:00,120.7,45,ask,,,11974483
2026-07-08T09:01:28.533754,2026-07-08T09:01:28.544487+00:00,120.7,2,ask,,,11974490
2026-07-08T09:01:28.814621,2026-07-08T09:01:28.826664+00:00,121.0,50,bid,,,11974498
2026-07-08T09:01:29.428761,2026-07-08T09:01:29.439163+00:00,121.0,1,bid,,,11974505
2026-07-08T09:01:29.428761,2026-07-08T09:01:29.439163+00:00,121.1,8,bid,,,11974506
2026-07-08T09:01:29.486151,2026-07-08T09:01:29.497011+00:00,120.7,47,ask,,,11974507
2026-07-08T09:01:29.549356,2026-07-08T09:01:29.558612+00:00,121.2,2,bid,,,11974509
2026-07-08T09:01:30.401284,2026-07-08T09:01:30.416514+00:00,120.9,46,ask,,,11974529
2026-07-08T09:01:30.565553,2026-07-08T09:01:30.576648+00:00,120.9,7,ask,,,11974535
2026-07-08T09:01:30.923341,2026-07-08T09:01:30.935471+00:00,121.2,50,bid,,,11974539
2026-07-08T09:01:31.540210,2026-07-08T09:01:31.558729+00:00,121.1,43,bid,,,11974546
2026-07-08T09:01:32.172794,2026-07-08T09:01:32.179862+00:00,121.1,46,bid,,,11974558
2026-07-08T09:01:33.032043,2026-07-08T09:01:33.039885+00:00,121.1,50,bid,,,11974578
2026-07-08T09:01:33.593239,2026-07-08T09:01:33.604109+00:00,121.1,6,bid,,,11974587
2026-07-08T09:01:34.346946,2026-07-08T09:01:34.358642+00:00,121.0,8,ask,,,11974604
2026-07-08T09:01:34.610784,2026-07-08T09:01:34.621744+00:00,121.0,6,ask,,,11974607
2026-07-08T09:01:35.048469,2026-07-08T09:01:35.051490+00:00,121.0,2,ask,,,11974615
2026-07-08T09:01:35.139240,2026-07-08T09:01:35.149695+00:00,121.1,50,bid,,,11974617
2026-07-08T09:01:35.626628,2026-07-08T09:01:35.638189+00:00,121.0,5,ask,,,11974626
2026-07-08T09:01:36.259869,2026-07-08T09:01:36.274939+00:00,121.0,12,ask,,,11974630
2026-07-08T09:01:36.265805,2026-07-08T09:01:36.274939+00:00,121.0,10,ask,,,11974631
2026-07-08T09:01:36.643827,2026-07-08T09:01:36.654299+00:00,121.0,6,ask,,,11974642
2026-07-08T09:01:37.257617,2026-07-08T09:01:37.269416+00:00,121.3,50,bid,,,11974655
2026-07-08T09:01:39.365252,2026-07-08T09:01:39.376862+00:00,121.3,50,bid,,,11974680
2026-07-08T09:01:39.385507,2026-07-08T09:01:39.397496+00:00,120.9,47,ask,,,11974681
2026-07-08T09:01:39.586931,2026-07-08T09:01:39.601126+00:00,121.1,11,ask,,,11974683
2026-07-08T09:01:39.592270,2026-07-08T09:01:39.601126+00:00,121.1,10,ask,,,11974684
2026-07-08T09:01:39.698338,2026-07-08T09:01:39.705496+00:00,121.1,8,ask,,,11974689
2026-07-08T09:01:40.473236,2026-07-08T09:01:40.485551+00:00,121.1,47,ask,,,11974695
2026-07-08T09:01:40.902002,2026-07-08T09:01:40.914200+00:00,121.1,3,ask,,,11974700
2026-07-08T09:01:41.015375,2026-07-08T09:01:41.025334+00:00,121.1,10,ask,,,11974705
2026-07-08T09:01:41.229453,2026-07-08T09:01:41.239381+00:00,121.1,10,ask,,,11974708
2026-07-08T09:01:41.442867,2026-07-08T09:01:41.453568+00:00,121.1,1,ask,,,11974711
2026-07-08T09:01:41.473225,2026-07-08T09:01:41.484873+00:00,121.2,50,bid,,,11974714
2026-07-08T09:01:41.663789,2026-07-08T09:01:41.674132+00:00,121.0,8,ask,,,11974718
2026-07-08T09:01:42.798100,2026-07-08T09:01:42.807925+00:00,121.1,3,bid,,,11974735
2026-07-08T09:01:43.579736,2026-07-08T09:01:43.591582+00:00,121.1,8,bid,,,11974747
2026-07-08T09:01:43.579736,2026-07-08T09:01:43.591582+00:00,121.2,42,bid,,,11974748
2026-07-08T09:01:43.733098,2026-07-08T09:01:43.742542+00:00,121.2,7,bid,,,11974750
2026-07-08T09:01:43.839731,2026-07-08T09:01:43.848461+00:00,121.2,40,bid,,,11974752
2026-07-08T09:01:43.863308,2026-07-08T09:01:43.875330+00:00,121.1,8,ask,,,11974754
2026-07-08T09:01:45.689611,2026-07-08T09:01:45.701592+00:00,121.2,50,bid,,,11974777
2026-07-08T09:01:45.756810,2026-07-08T09:01:45.756698+00:00,121.1,7,ask,,,11974779
2026-07-08T09:01:45.854071,2026-07-08T09:01:45.864525+00:00,121.2,3,ask,,,11974783
2026-07-08T09:01:45.914934,2026-07-08T09:01:45.925640+00:00,121.2,5,ask,,,11974786
2026-07-08T09:01:46.936996,2026-07-08T09:01:46.948770+00:00,121.5,49,bid,,,11974804
2026-07-08T09:01:47.349844,2026-07-08T09:01:47.354646+00:00,121.2,8,ask,,,11974810
2026-07-08T09:01:47.797998,2026-07-08T09:01:47.810502+00:00,121.4,8,bid,,,11974817
2026-07-08T09:01:47.797998,2026-07-08T09:01:47.810502+00:00,121.5,42,bid,,,11974818
2026-07-08T09:01:47.969224,2026-07-08T09:01:47.980087+00:00,121.2,8,ask,,,11974823
2026-07-08T09:01:48.790678,2026-07-08T09:01:48.801313+00:00,121.4,7,bid,,,11974836
2026-07-08T09:01:48.999613,2026-07-08T09:01:49.011647+00:00,121.5,1,bid,,,11974840
2026-07-08T09:01:48.999613,2026-07-08T09:01:49.011647+00:00,121.5,8,bid,,,11974841
2026-07-08T09:01:48.999613,2026-07-08T09:01:49.011647+00:00,121.6,91,bid,,,11974842
2026-07-08T09:01:49.010575,2026-07-08T09:01:49.022558+00:00,121.6,1,bid,,,11974843
2026-07-08T09:01:49.910478,2026-07-08T09:01:49.922236+00:00,121.5,8,bid,,,11974855
2026-07-08T09:01:49.910478,2026-07-08T09:01:49.922236+00:00,121.6,42,bid,,,11974856
2026-07-08T09:01:50.174207,2026-07-08T09:01:50.184087+00:00,121.9,1,bid,,,11974860
2026-07-08T09:01:50.186683,2026-07-08T09:01:50.199606+00:00,121.9,3,ask,,,11974863
2026-07-08T09:01:50.189606,2026-07-08T09:01:50.199606+00:00,121.9,10,ask,,,11974864
2026-07-08T09:01:50.198694,2026-07-08T09:01:50.214828+00:00,121.9,25,ask,,,11974867
2026-07-08T09:01:50.218925,2026-07-08T09:01:50.230692+00:00,121.9,14,ask,,,11974869
2026-07-08T09:01:50.242639,2026-07-08T09:01:50.251597+00:00,121.9,35,ask,,,11974875
2026-07-08T09:01:50.332186,2026-07-08T09:01:50.340595+00:00,121.9,35,ask,,,11974880
2026-07-08T09:01:50.411238,2026-07-08T09:01:50.415493+00:00,121.9,10,ask,,,11974885
2026-07-08T09:01:50.458434,2026-07-08T09:01:50.467576+00:00,121.9,17,ask,,,11974888
2026-07-08T09:01:50.458434,2026-07-08T09:01:50.467576+00:00,121.9,8,ask,,,11974889
2026-07-08T09:01:52.018708,2026-07-08T09:01:52.030710+00:00,122.1,50,bid,,,11974914
2026-07-08T09:01:52.603981,2026-07-08T09:01:52.615844+00:00,121.5,44,ask,,,11974917
2026-07-08T09:01:54.179970,2026-07-08T09:01:54.186558+00:00,121.5,50,ask,,,11974943
2026-07-08T09:01:54.781700,2026-07-08T09:01:54.792785+00:00,121.7,40,bid,,,11974950
2026-07-08T09:01:56.289261,2026-07-08T09:01:56.298501+00:00,121.4,1,ask,,,11974965
2026-07-08T09:01:58.397513,2026-07-08T09:01:58.409628+00:00,121.4,50,ask,,,11974985
2026-07-08T09:01:59.297061,2026-07-08T09:01:59.323246+00:00,121.6,3,bid,,,11974990
2026-07-08T09:01:59.303259,2026-07-08T09:01:59.323246+00:00,121.6,9,bid,,,11974991
2026-07-08T09:02:00.455790,2026-07-08T09:02:00.467784+00:00,121.6,50,bid,,,11975014
2026-07-08T09:02:01.957688,2026-07-08T09:02:01.973977+00:00,121.3,44,ask,,,11975035
2026-07-08T09:02:02.625314,2026-07-08T09:02:02.636490+00:00,121.4,1,ask,,,11975046
2026-07-08T09:02:02.625314,2026-07-08T09:02:02.636490+00:00,121.3,49,ask,,,11975047
2026-07-08T09:02:02.881902,2026-07-08T09:02:02.893892+00:00,121.3,8,ask,,,11975050
2026-07-08T09:02:02.888381,2026-07-08T09:02:02.899109+00:00,121.3,95,bid,,,11975051
2026-07-08T09:02:02.901636,2026-07-08T09:02:02.909633+00:00,121.3,19,bid,,,11975053
2026-07-08T09:02:03.225676,2026-07-08T09:02:03.241299+00:00,121.3,20,bid,,,11975059
2026-07-08T09:02:03.229174,2026-07-08T09:02:03.241299+00:00,121.3,8,bid,,,11975060
2026-07-08T09:02:03.710067,2026-07-08T09:02:03.717138+00:00,121.7,41,bid,,,11975069
2026-07-08T09:02:04.541676,2026-07-08T09:02:04.552215+00:00,121.2,5,ask,,,11975080
2026-07-08T09:02:04.551305,2026-07-08T09:02:04.567498+00:00,121.2,10,ask,,,11975082
2026-07-08T09:02:04.734241,2026-07-08T09:02:04.746184+00:00,121.2,50,ask,,,11975084
2026-07-08T09:02:06.805947,2026-07-08T09:02:06.816188+00:00,121.6,50,bid,,,11975106
2026-07-08T09:02:07.594605,2026-07-08T09:02:07.605480+00:00,121.2,49,ask,,,11975116
2026-07-08T09:02:08.033065,2026-07-08T09:02:08.043584+00:00,121.3,3,ask,,,11975120
2026-07-08T09:02:08.129685,2026-07-08T09:02:08.138918+00:00,121.3,10,ask,,,11975122
2026-07-08T09:02:08.612729,2026-07-08T09:02:08.631878+00:00,121.7,46,bid,,,11975130
2026-07-08T09:02:08.920754,2026-07-08T09:02:08.929898+00:00,121.7,50,bid,,,11975134
2026-07-08T09:02:09.163634,2026-07-08T09:02:09.174012+00:00,121.5,10,ask,,,11975135
2026-07-08T09:02:11.115644,2026-07-08T09:02:11.127802+00:00,121.5,50,ask,,,11975166
2026-07-08T09:02:12.328210,2026-07-08T09:02:12.340611+00:00,121.7,1,bid,,,11975180
2026-07-08T09:02:12.328210,2026-07-08T09:02:12.340611+00:00,121.8,100,bid,,,11975181
2026-07-08T09:02:12.328210,2026-07-08T09:02:12.340611+00:00,121.8,8,bid,,,11975182
2026-07-08T09:02:12.395488,2026-07-08T09:02:12.405369+00:00,122.3,1,bid,,,11975185
2026-07-08T09:02:13.223857,2026-07-08T09:02:13.235845+00:00,121.8,41,ask,,,11975196
2026-07-08T09:02:13.223857,2026-07-08T09:02:13.235845+00:00,121.8,8,ask,,,11975197
2026-07-08T09:02:13.223857,2026-07-08T09:02:13.235845+00:00,121.3,1,ask,,,11975198
2026-07-08T09:02:14.341764,2026-07-08T09:02:14.350643+00:00,122.0,8,bid,,,11975221
2026-07-08T09:02:14.355746,2026-07-08T09:02:14.366615+00:00,122.0,10,ask,,,11975222
2026-07-08T09:02:14.471565,2026-07-08T09:02:14.479184+00:00,122.0,5,ask,,,11975225
2026-07-08T09:02:15.032649,2026-07-08T09:02:15.047989+00:00,122.0,20,ask,,,11975229
2026-07-08T09:02:15.036279,2026-07-08T09:02:15.047989+00:00,122.0,14,ask,,,11975230
2026-07-08T09:02:15.088094,2026-07-08T09:02:15.094590+00:00,122.0,10,ask,,,11975235
2026-07-08T09:02:15.091934,2026-07-08T09:02:15.099875+00:00,122.0,33,ask,,,11975236
2026-07-08T09:02:15.102256,2026-07-08T09:02:15.110460+00:00,121.9,8,ask,,,11975238
2026-07-08T09:02:15.553512,2026-07-08T09:02:15.560597+00:00,121.9,8,bid,,,11975246
2026-07-08T09:02:15.561910,2026-07-08T09:02:15.568305+00:00,121.9,8,bid,,,11975248
2026-07-08T09:02:15.569543,2026-07-08T09:02:15.578640+00:00,121.9,6,bid,,,11975249
2026-07-08T09:02:15.577687,2026-07-08T09:02:15.594210+00:00,121.9,12,bid,,,11975251
2026-07-08T09:02:15.862564,2026-07-08T09:02:15.868926+00:00,121.9,8,bid,,,11975257
2026-07-08T09:02:16.131005,2026-07-08T09:02:16.139712+00:00,121.9,27,bid,,,11975268
2026-07-08T09:02:16.223480,2026-07-08T09:02:16.235303+00:00,121.9,41,bid,,,11975269
2026-07-08T09:02:16.342704,2026-07-08T09:02:16.349299+00:00,121.9,2,bid,,,11975271
2026-07-08T09:02:16.386558,2026-07-08T09:02:16.398626+00:00,121.9,33,bid,,,11975273
2026-07-08T09:02:17.467905,2026-07-08T09:02:17.474950+00:00,121.4,50,ask,,,11975292
2026-07-08T09:02:17.507568,2026-07-08T09:02:17.517980+00:00,121.9,5,bid,,,11975294
2026-07-08T09:02:17.521628,2026-07-08T09:02:17.528495+00:00,121.9,8,ask,,,11975295
2026-07-08T09:02:19.578212,2026-07-08T09:02:19.590076+00:00,121.9,50,ask,,,11975317
2026-07-08T09:02:22.870714,2026-07-08T09:02:22.882408+00:00,121.5,44,ask,,,11975353
2026-07-08T09:02:23.739530,2026-07-08T09:02:23.748461+00:00,122.0,50,bid,,,11975368
2026-07-08T09:02:24.198277,2026-07-08T09:02:24.208784+00:00,121.8,2,ask,,,11975376
2026-07-08T09:02:25.899653,2026-07-08T09:02:25.906639+00:00,121.8,50,ask,,,11975392
2026-07-08T09:02:27.236248,2026-07-08T09:02:27.243460+00:00,121.7,5,ask,,,11975415
2026-07-08T09:02:28.024081,2026-07-08T09:02:28.033804+00:00,121.6,50,ask,,,11975423
2026-07-08T09:02:30.133636,2026-07-08T09:02:30.145607+00:00,121.6,50,ask,,,11975447
2026-07-08T09:02:30.841150,2026-07-08T09:02:30.849205+00:00,122.1,10,bid,,,11975457
2026-07-08T09:02:31.392802,2026-07-08T09:02:31.404244+00:00,122.1,49,bid,,,11975467
2026-07-08T09:02:32.244646,2026-07-08T09:02:32.251546+00:00,121.7,8,ask,,,11975476
2026-07-08T09:02:32.244646,2026-07-08T09:02:32.256792+00:00,121.6,42,ask,,,11975477
2026-07-08T09:02:32.281471,2026-07-08T09:02:32.292173+00:00,122.1,6,bid,,,11975479
2026-07-08T09:02:33.302698,2026-07-08T09:02:33.312247+00:00,121.7,1,ask,,,11975496
2026-07-08T09:02:34.355159,2026-07-08T09:02:34.366997+00:00,121.8,50,ask,,,11975509
2026-07-08T09:02:34.541614,2026-07-08T09:02:34.562660+00:00,122.1,10,bid,,,11975514
2026-07-08T09:02:34.546330,2026-07-08T09:02:34.562660+00:00,122.1,3,bid,,,11975515
2026-07-08T09:02:34.551953,2026-07-08T09:02:34.562660+00:00,122.1,10,bid,,,11975516
2026-07-08T09:02:34.757823,2026-07-08T09:02:34.765511+00:00,122.1,10,bid,,,11975525
2026-07-08T09:02:34.888448,2026-07-08T09:02:34.900317+00:00,121.8,45,ask,,,11975527
2026-07-08T09:02:34.969896,2026-07-08T09:02:34.980667+00:00,122.1,10,bid,,,11975529
2026-07-08T09:02:35.181925,2026-07-08T09:02:35.192789+00:00,122.1,5,bid,,,11975533
2026-07-08T09:02:35.939838,2026-07-08T09:02:35.951853+00:00,122.1,44,bid,,,11975539
2026-07-08T09:02:36.332022,2026-07-08T09:02:36.341537+00:00,121.8,5,ask,,,11975544
2026-07-08T09:02:36.411821,2026-07-08T09:02:36.422360+00:00,122.0,8,bid,,,11975546
2026-07-08T09:02:36.411821,2026-07-08T09:02:36.422360+00:00,122.1,42,bid,,,11975547
2026-07-08T09:02:36.441097,2026-07-08T09:02:36.458582+00:00,121.7,8,ask,,,11975548
2026-07-08T09:02:36.441097,2026-07-08T09:02:36.458582+00:00,121.6,38,ask,,,11975549
2026-07-08T09:02:37.059571,2026-07-08T09:02:37.105730+00:00,121.9,8,bid,,,11975556
2026-07-08T09:02:38.355103,2026-07-08T09:02:38.353597+00:00,121.8,5,ask,,,11975576
2026-07-08T09:02:38.600243,2026-07-08T09:02:38.607197+00:00,121.8,50,ask,,,11975582
2026-07-08T09:02:38.604012,2026-07-08T09:02:38.612722+00:00,122.0,41,bid,,,11975583
2026-07-08T09:02:38.658382,2026-07-08T09:02:38.670029+00:00,121.8,44,ask,,,11975584
2026-07-08T09:02:40.381731,2026-07-08T09:02:40.393269+00:00,121.9,6,ask,,,11975605
2026-07-08T09:02:40.706783,2026-07-08T09:02:40.716966+00:00,121.8,50,ask,,,11975611
2026-07-08T09:02:40.866434,2026-07-08T09:02:40.890554+00:00,121.8,8,ask,,,11975613
2026-07-08T09:02:40.879721,2026-07-08T09:02:40.890554+00:00,121.8,3,bid,,,11975614
2026-07-08T09:02:40.879914,2026-07-08T09:02:40.890554+00:00,121.8,10,bid,,,11975615
2026-07-08T09:02:41.344401,2026-07-08T09:02:41.363533+00:00,121.8,12,bid,,,11975622
2026-07-08T09:02:41.355574,2026-07-08T09:02:41.363533+00:00,121.8,10,bid,,,11975624
2026-07-08T09:02:41.409492,2026-07-08T09:02:41.420530+00:00,121.8,10,bid,,,11975630
2026-07-08T09:02:41.622972,2026-07-08T09:02:41.632782+00:00,121.8,10,bid,,,11975637
2026-07-08T09:02:41.802025,2026-07-08T09:02:41.814042+00:00,121.6,47,ask,,,11975639
2026-07-08T09:02:41.835999,2026-07-08T09:02:41.846653+00:00,121.8,5,bid,,,11975641
2026-07-08T09:02:43.428269,2026-07-08T09:02:43.439962+00:00,121.4,8,ask,,,11975666
2026-07-08T09:02:46.970536,2026-07-08T09:02:46.982407+00:00,121.8,50,bid,,,11975710
2026-07-08T09:02:49.133115,2026-07-08T09:02:49.142636+00:00,121.8,50,ask,,,11975731
2026-07-08T09:02:51.239871,2026-07-08T09:02:51.251716+00:00,121.8,50,ask,,,11975761
2026-07-08T09:02:53.296760,2026-07-08T09:02:53.304465+00:00,122.0,50,bid,,,11975790
2026-07-08T09:02:54.087969,2026-07-08T09:02:54.099582+00:00,121.9,46,bid,,,11975800
2026-07-08T09:02:55.206120,2026-07-08T09:02:55.214792+00:00,121.5,44,ask,,,11975809
2026-07-08T09:02:55.415166,2026-07-08T09:02:55.427351+00:00,121.9,50,bid,,,11975811
2026-07-08T09:02:55.515928,2026-07-08T09:02:55.527085+00:00,121.9,7,bid,,,11975814
2026-07-08T09:02:57.108498,2026-07-08T09:02:57.120154+00:00,121.8,46,bid,,,11975833
2026-07-08T09:02:57.538613,2026-07-08T09:02:57.550543+00:00,121.8,50,bid,,,11975839
2026-07-08T09:02:59.389739,2026-07-08T09:02:59.400682+00:00,121.7,47,ask,,,11975859
2026-07-08T09:02:59.649000,2026-07-08T09:02:59.658694+00:00,122.1,50,bid,,,11975864
2026-07-08T09:03:00.555976,2026-07-08T09:03:00.553531+00:00,122.0,18,bid,,,11975878
2026-07-08T09:03:01.573225,2026-07-08T09:03:01.583936+00:00,121.6,6,ask,,,11975891
2026-07-08T09:03:01.756911,2026-07-08T09:03:01.769049+00:00,121.9,8,bid,,,11975893
2026-07-08T09:03:01.756911,2026-07-08T09:03:01.769049+00:00,122.0,42,bid,,,11975894
2026-07-08T09:03:02.312761,2026-07-08T09:03:02.335396+00:00,121.7,10,ask,,,11975906
2026-07-08T09:03:02.317529,2026-07-08T09:03:02.335396+00:00,121.7,12,ask,,,11975907
2026-07-08T09:03:02.408916,2026-07-08T09:03:02.420507+00:00,121.7,49,ask,,,11975910
2026-07-08T09:03:02.595314,2026-07-08T09:03:02.606317+00:00,121.7,5,ask,,,11975917
2026-07-08T09:03:03.868083,2026-07-08T09:03:03.880223+00:00,122.1,8,bid,,,11975932
2026-07-08T09:03:03.868083,2026-07-08T09:03:03.880223+00:00,122.2,42,bid,,,11975933
2026-07-08T09:03:04.933702,2026-07-08T09:03:04.942877+00:00,122.1,8,bid,,,11975946
2026-07-08T09:03:04.933702,2026-07-08T09:03:04.942877+00:00,122.2,32,bid,,,11975947
2026-07-08T09:03:05.979595,2026-07-08T09:03:05.988127+00:00,122.2,50,bid,,,11975961
2026-07-08T09:03:06.145692,2026-07-08T09:03:06.147165+00:00,122.2,8,bid,,,11975963
2026-07-08T09:03:06.184432,2026-07-08T09:03:06.195418+00:00,122.2,11,ask,,,11975964
2026-07-08T09:03:06.191054,2026-07-08T09:03:06.195418+00:00,122.2,10,ask,,,11975965
2026-07-08T09:03:06.628191,2026-07-08T09:03:06.639145+00:00,122.2,6,ask,,,11975975
2026-07-08T09:03:07.633705,2026-07-08T09:03:07.645671+00:00,122.4,44,bid,,,11975986
2026-07-08T09:03:07.647500,2026-07-08T09:03:07.655929+00:00,122.2,8,ask,,,11975988
2026-07-08T09:03:07.688675,2026-07-08T09:03:07.700560+00:00,122.2,42,ask,,,11975989
2026-07-08T09:03:08.086741,2026-07-08T09:03:08.098631+00:00,122.4,50,bid,,,11975997
2026-07-08T09:03:08.170905,2026-07-08T09:03:08.181608+00:00,122.3,3,ask,,,11975998
2026-07-08T09:03:08.313413,2026-07-08T09:03:08.323662+00:00,122.3,10,ask,,,11976003
2026-07-08T09:03:08.525750,2026-07-08T09:03:08.536581+00:00,122.3,10,ask,,,11976006
2026-07-08T09:03:08.738132,2026-07-08T09:03:08.748868+00:00,122.3,5,ask,,,11976009
2026-07-08T09:03:09.368153,2026-07-08T09:03:09.375697+00:00,122.3,72,ask,,,11976019
2026-07-08T09:03:09.368153,2026-07-08T09:03:09.381175+00:00,122.3,8,ask,,,11976020
2026-07-08T09:03:09.677199,2026-07-08T09:03:09.687447+00:00,121.8,22,ask,,,11976028
2026-07-08T09:03:10.199453,2026-07-08T09:03:10.211324+00:00,122.3,50,bid,,,11976035
2026-07-08T09:03:12.308155,2026-07-08T09:03:12.320388+00:00,122.3,20,bid,,,11976067
2026-07-08T09:03:12.308155,2026-07-08T09:03:12.320388+00:00,122.4,8,bid,,,11976068
2026-07-08T09:03:12.308155,2026-07-08T09:03:12.320388+00:00,122.5,22,bid,,,11976069
2026-07-08T09:03:12.492745,2026-07-08T09:03:12.503309+00:00,122.3,10,ask,,,11976072
2026-07-08T09:03:13.499205,2026-07-08T09:03:13.508935+00:00,122.3,10,ask,,,11976092
2026-07-08T09:03:14.421353,2026-07-08T09:03:14.433069+00:00,122.5,50,bid,,,11976103
2026-07-08T09:03:14.502663,2026-07-08T09:03:14.514393+00:00,122.4,2,ask,,,11976104
2026-07-08T09:03:16.530281,2026-07-08T09:03:16.542549+00:00,122.5,2,bid,,,11976131
2026-07-08T09:03:16.530281,2026-07-08T09:03:16.542549+00:00,122.6,48,bid,,,11976132
2026-07-08T09:03:16.538377,2026-07-08T09:03:16.547729+00:00,122.6,44,bid,,,11976133
2026-07-08T09:03:17.723085,2026-07-08T09:03:17.732783+00:00,122.5,8,ask,,,11976143
2026-07-08T09:03:17.746081,2026-07-08T09:03:17.753797+00:00,122.5,52,ask,,,11976146
2026-07-08T09:03:17.769894,2026-07-08T09:03:17.780081+00:00,122.5,10,ask,,,11976149
2026-07-08T09:03:17.986067,2026-07-08T09:03:17.995588+00:00,122.5,10,ask,,,11976154
2026-07-08T09:03:18.642547,2026-07-08T09:03:18.652690+00:00,122.7,50,bid,,,11976161
2026-07-08T09:03:19.603213,2026-07-08T09:03:19.612967+00:00,122.6,5,ask,,,11976178
2026-07-08T09:03:20.076789,2026-07-08T09:03:20.127307+00:00,122.7,2,ask,,,11976185
2026-07-08T09:03:20.146186,2026-07-08T09:03:20.158054+00:00,122.6,2,ask,,,11976189
2026-07-08T09:03:21.724276,2026-07-08T09:03:21.739090+00:00,122.6,8,ask,,,11976210
2026-07-08T09:03:21.727796,2026-07-08T09:03:21.739090+00:00,122.6,1,ask,,,11976211
2026-07-08T09:03:21.803528,2026-07-08T09:03:21.812251+00:00,122.6,35,ask,,,11976215
2026-07-08T09:03:21.818815,2026-07-08T09:03:21.825331+00:00,122.6,10,ask,,,11976217
2026-07-08T09:03:21.895060,2026-07-08T09:03:21.906337+00:00,122.6,35,ask,,,11976220
2026-07-08T09:03:22.921405,2026-07-08T09:03:22.925308+00:00,122.3,50,ask,,,11976232
2026-07-08T09:03:25.029250,2026-07-08T09:03:25.041094+00:00,122.4,1,ask,,,11976266
2026-07-08T09:03:26.038673,2026-07-08T09:03:26.053427+00:00,122.6,9,bid,,,11976279
2026-07-08T09:03:26.042537,2026-07-08T09:03:26.053427+00:00,122.6,3,bid,,,11976280
2026-07-08T09:03:26.345499,2026-07-08T09:03:26.358630+00:00,122.2,43,ask,,,11976293
2026-07-08T09:03:27.136731,2026-07-08T09:03:27.148037+00:00,122.3,1,ask,,,11976308
2026-07-08T09:03:27.136731,2026-07-08T09:03:27.148037+00:00,122.3,8,ask,,,11976309
2026-07-08T09:03:27.136731,2026-07-08T09:03:27.148037+00:00,122.1,41,ask,,,11976310
2026-07-08T09:03:27.293998,2026-07-08T09:03:27.305816+00:00,122.5,2,bid,,,11976312
2026-07-08T09:03:27.849696,2026-07-08T09:03:27.856712+00:00,122.6,42,bid,,,11976321
2026-07-08T09:03:28.716014,2026-07-08T09:03:28.725690+00:00,122.6,2,bid,,,11976332
2026-07-08T09:03:31.376089,2026-07-08T09:03:31.384370+00:00,122.4,2,ask,,,11976365
2026-07-08T09:03:31.376089,2026-07-08T09:03:31.389772+00:00,122.3,48,ask,,,11976366
2026-07-08T09:03:31.712907,2026-07-08T09:03:31.722113+00:00,122.4,2,bid,,,11976373
2026-07-08T09:03:32.639271,2026-07-08T09:03:32.648271+00:00,122.5,5,bid,,,11976385
2026-07-08T09:03:32.692449,2026-07-08T09:03:32.703324+00:00,122.5,35,bid,,,11976389
2026-07-08T09:03:32.784064,2026-07-08T09:03:32.795610+00:00,122.5,33,bid,,,11976392
2026-07-08T09:03:33.480231,2026-07-08T09:03:33.492078+00:00,122.2,2,ask,,,11976404
2026-07-08T09:03:33.480231,2026-07-08T09:03:33.492078+00:00,122.1,8,ask,,,11976405
2026-07-08T09:03:33.480231,2026-07-08T09:03:33.492078+00:00,122.0,36,ask,,,11976406
2026-07-08T09:03:33.488560,2026-07-08T09:03:33.497584+00:00,122.0,50,ask,,,11976407
2026-07-08T09:03:35.014944,2026-07-08T09:03:35.022235+00:00,122.5,2,bid,,,11976428
2026-07-08T09:03:35.014944,2026-07-08T09:03:35.027687+00:00,122.6,42,bid,,,11976429
2026-07-08T09:03:35.071577,2026-07-08T09:03:35.083633+00:00,122.3,2,ask,,,11976433
2026-07-08T09:03:35.549031,2026-07-08T09:03:35.556608+00:00,122.5,2,bid,,,11976435
2026-07-08T09:03:35.597276,2026-07-08T09:03:35.609441+00:00,122.3,2,ask,,,11976436
2026-07-08T09:03:35.597276,2026-07-08T09:03:35.609441+00:00,122.2,48,ask,,,11976437
2026-07-08T09:03:37.734527,2026-07-08T09:03:37.746328+00:00,122.3,2,ask,,,11976468
2026-07-08T09:03:37.734527,2026-07-08T09:03:37.746328+00:00,122.2,8,ask,,,11976469
2026-07-08T09:03:37.734527,2026-07-08T09:03:37.746328+00:00,122.1,40,ask,,,11976470
2026-07-08T09:03:38.043468,2026-07-08T09:03:38.051798+00:00,122.3,8,bid,,,11976471
2026-07-08T09:03:38.155968,2026-07-08T09:03:38.163840+00:00,122.3,2,bid,,,11976474
2026-07-08T09:03:38.326901,2026-07-08T09:03:38.333855+00:00,122.4,48,bid,,,11976481
2026-07-08T09:03:38.909964,2026-07-08T09:03:38.918677+00:00,122.4,1,bid,,,11976490
2026-07-08T09:03:39.023920,2026-07-08T09:03:39.030726+00:00,122.1,2,ask,,,11976492
2026-07-08T09:03:39.023920,2026-07-08T09:03:39.035976+00:00,122.0,38,ask,,,11976493
2026-07-08T09:03:39.361310,2026-07-08T09:03:39.372160+00:00,122.3,2,bid,,,11976499
2026-07-08T09:03:39.845397,2026-07-08T09:03:39.857528+00:00,122.1,2,ask,,,11976509
2026-07-08T09:03:39.845397,2026-07-08T09:03:39.857528+00:00,122.1,8,ask,,,11976510
2026-07-08T09:03:39.845397,2026-07-08T09:03:39.857528+00:00,122.0,40,ask,,,11976511
2026-07-08T09:03:40.121108,2026-07-08T09:03:40.131317+00:00,122.2,46,ask,,,11976518
2026-07-08T09:03:41.049703,2026-07-08T09:03:41.056489+00:00,122.3,8,ask,,,11976536
2026-07-08T09:03:41.049703,2026-07-08T09:03:41.056489+00:00,122.2,54,ask,,,11976537
2026-07-08T09:03:41.059557,2026-07-08T09:03:41.071387+00:00,122.1,1,bid,,,11976538
2026-07-08T09:03:41.070470,2026-07-08T09:03:41.086621+00:00,122.1,10,bid,,,11976540
2026-07-08T09:03:41.080875,2026-07-08T09:03:41.092170+00:00,122.1,10,bid,,,11976543
2026-07-08T09:03:41.124858,2026-07-08T09:03:41.140966+00:00,122.1,10,bid,,,11976544
2026-07-08T09:03:41.128839,2026-07-08T09:03:41.140966+00:00,122.1,11,bid,,,11976545
2026-07-08T09:03:41.334733,2026-07-08T09:03:41.349433+00:00,122.1,10,bid,,,11976550
2026-07-08T09:03:41.368339,2026-07-08T09:03:41.383506+00:00,122.0,5,bid,,,11976552
2026-07-08T09:03:41.371362,2026-07-08T09:03:41.383506+00:00,122.0,3,bid,,,11976553
2026-07-08T09:03:41.392154,2026-07-08T09:03:41.403958+00:00,122.1,8,bid,,,11976556
2026-07-08T09:03:41.548645,2026-07-08T09:03:41.554075+00:00,122.1,10,bid,,,11976559
2026-07-08T09:03:41.760436,2026-07-08T09:03:41.771538+00:00,122.1,5,bid,,,11976563
2026-07-08T09:03:41.784596,2026-07-08T09:03:41.797023+00:00,122.0,2,bid,,,11976564
2026-07-08T09:03:41.970294,2026-07-08T09:03:41.979600+00:00,122.1,13,bid,,,11976569
2026-07-08T09:03:41.970294,2026-07-08T09:03:41.979600+00:00,122.1,1,bid,,,11976570
2026-07-08T09:03:41.998467,2026-07-08T09:03:42.009269+00:00,121.8,2,ask,,,11976571
2026-07-08T09:03:41.998467,2026-07-08T09:03:42.009269+00:00,121.6,48,ask,,,11976572
2026-07-08T09:03:42.640070,2026-07-08T09:03:42.650955+00:00,122.2,2,bid,,,11976583
2026-07-08T09:03:42.640070,2026-07-08T09:03:42.650955+00:00,122.3,8,bid,,,11976584
2026-07-08T09:03:42.640070,2026-07-08T09:03:42.650955+00:00,122.7,39,bid,,,11976585
2026-07-08T09:03:42.705535,2026-07-08T09:03:42.717503+00:00,122.2,3,ask,,,11976592
2026-07-08T09:03:42.709131,2026-07-08T09:03:42.717503+00:00,122.2,5,ask,,,11976593
2026-07-08T09:03:43.009909,2026-07-08T09:03:43.023458+00:00,122.2,2,ask,,,11976598
2026-07-08T09:03:44.107802,2026-07-08T09:03:44.108494+00:00,122.1,2,ask,,,11976607
2026-07-08T09:03:44.107802,2026-07-08T09:03:44.108494+00:00,122.0,8,ask,,,11976608
2026-07-08T09:03:44.107802,2026-07-08T09:03:44.108494+00:00,121.9,40,ask,,,11976609
2026-07-08T09:03:44.173148,2026-07-08T09:03:44.264245+00:00,122.2,2,bid,,,11976610
2026-07-08T09:03:46.094632,2026-07-08T09:03:46.105190+00:00,122.4,49,bid,,,11976634
2026-07-08T09:03:46.191942,2026-07-08T09:03:46.199250+00:00,122.5,8,bid,,,11976636
2026-07-08T09:03:46.191942,2026-07-08T09:03:46.204285+00:00,122.7,42,bid,,,11976637
2026-07-08T09:03:47.344377,2026-07-08T09:03:47.363723+00:00,122.6,2,bid,,,11976658
2026-07-08T09:03:47.344377,2026-07-08T09:03:47.363723+00:00,122.6,100,bid,,,11976659
2026-07-08T09:03:47.404550,2026-07-08T09:03:47.416376+00:00,122.6,8,ask,,,11976660
2026-07-08T09:03:47.422664,2026-07-08T09:03:47.439418+00:00,122.6,11,ask,,,11976661
2026-07-08T09:03:47.429816,2026-07-08T09:03:47.439418+00:00,122.6,13,ask,,,11976662
2026-07-08T09:03:47.456137,2026-07-08T09:03:47.473990+00:00,122.7,2,ask,,,11976665
2026-07-08T09:03:47.859573,2026-07-08T09:03:47.868824+00:00,122.7,1,ask,,,11976674
2026-07-08T09:03:48.301296,2026-07-08T09:03:48.313772+00:00,122.9,2,bid,,,11976682
2026-07-08T09:03:48.301296,2026-07-08T09:03:48.313772+00:00,123.0,8,bid,,,11976683
2026-07-08T09:03:48.301296,2026-07-08T09:03:48.313772+00:00,123.1,40,bid,,,11976684
2026-07-08T09:03:48.461983,2026-07-08T09:03:48.474480+00:00,122.7,1,ask,,,11976686
2026-07-08T09:03:48.461983,2026-07-08T09:03:48.474480+00:00,122.7,8,ask,,,11976687
2026-07-08T09:03:48.489148,2026-07-08T09:03:48.501173+00:00,122.6,11,ask,,,11976689
2026-07-08T09:03:48.677383,2026-07-08T09:03:48.684725+00:00,122.7,2,ask,,,11976694
2026-07-08T09:03:48.763185,2026-07-08T09:03:48.770496+00:00,122.6,5,ask,,,11976696
2026-07-08T09:03:48.763185,2026-07-08T09:03:48.775483+00:00,122.5,8,ask,,,11976697
2026-07-08T09:03:48.763185,2026-07-08T09:03:48.775483+00:00,122.1,34,ask,,,11976698
2026-07-08T09:03:49.255629,2026-07-08T09:03:49.264936+00:00,122.3,8,ask,,,11976708
2026-07-08T09:03:49.255629,2026-07-08T09:03:49.264936+00:00,122.2,2,ask,,,11976709
2026-07-08T09:03:49.255629,2026-07-08T09:03:49.269898+00:00,122.1,30,ask,,,11976710
2026-07-08T09:03:49.717031,2026-07-08T09:03:49.729182+00:00,122.5,2,bid,,,11976723
2026-07-08T09:03:49.717031,2026-07-08T09:03:49.729182+00:00,122.6,39,bid,,,11976724
2026-07-08T09:03:49.809171,2026-07-08T09:03:49.817334+00:00,122.2,2,ask,,,11976726
2026-07-08T09:03:49.809171,2026-07-08T09:03:49.822821+00:00,122.1,45,ask,,,11976727
2026-07-08T09:03:49.917907,2026-07-08T09:03:49.927035+00:00,122.5,2,bid,,,11976735
2026-07-08T09:03:50.034390,2026-07-08T09:03:50.043300+00:00,122.2,2,ask,,,11976741
2026-07-08T09:03:50.418766,2026-07-08T09:03:50.428229+00:00,122.5,2,bid,,,11976747
2026-07-08T09:03:50.418766,2026-07-08T09:03:50.428229+00:00,122.6,48,bid,,,11976748
2026-07-08T09:03:50.925440,2026-07-08T09:03:50.935467+00:00,122.5,10,bid,,,11976751
2026-07-08T09:03:52.577614,2026-07-08T09:03:52.588669+00:00,122.4,50,ask,,,11976783
2026-07-08T09:03:54.649487,2026-07-08T09:03:54.658588+00:00,122.5,50,bid,,,11976807
2026-07-08T09:03:55.016056,2026-07-08T09:03:55.031753+00:00,122.5,3,bid,,,11976814
2026-07-08T09:03:55.020534,2026-07-08T09:03:55.031753+00:00,122.5,10,bid,,,11976815
2026-07-08T09:03:56.204220,2026-07-08T09:03:56.211712+00:00,122.5,44,bid,,,11976839
2026-07-08T09:03:56.755226,2026-07-08T09:03:56.758659+00:00,122.5,43,bid,,,11976850
2026-07-08T09:03:56.755226,2026-07-08T09:03:56.758659+00:00,122.7,7,bid,,,11976851
2026-07-08T09:03:56.884322,2026-07-08T09:03:56.895948+00:00,122.6,3,ask,,,11976853
2026-07-08T09:03:57.080993,2026-07-08T09:03:57.089637+00:00,122.6,20,ask,,,11976855
2026-07-08T09:03:58.902800,2026-07-08T09:03:58.912198+00:00,122.6,100,ask,,,11976877
2026-07-08T09:03:58.955736,2026-07-08T09:03:58.964188+00:00,122.6,27,ask,,,11976878
2026-07-08T09:03:58.955736,2026-07-08T09:03:58.969190+00:00,122.6,8,ask,,,11976879
2026-07-08T09:03:58.955736,2026-07-08T09:03:58.969190+00:00,122.2,2,ask,,,11976880
2026-07-08T09:03:58.955736,2026-07-08T09:03:58.969190+00:00,122.1,13,ask,,,11976881
2026-07-08T09:04:00.105250,2026-07-08T09:04:00.117399+00:00,122.4,2,ask,,,11976888
2026-07-08T09:04:01.017209,2026-07-08T09:04:01.029185+00:00,122.4,50,bid,,,11976902
2026-07-08T09:04:01.981061,2026-07-08T09:04:01.987649+00:00,122.3,2,bid,,,11976913
2026-07-08T09:04:02.384593,2026-07-08T09:04:02.396641+00:00,122.3,45,ask,,,11976918
2026-07-08T09:04:02.977555,2026-07-08T09:04:02.989294+00:00,122.3,40,ask,,,11976925
2026-07-08T09:04:04.154114,2026-07-08T09:04:04.158612+00:00,122.6,2,bid,,,11976945
2026-07-08T09:04:05.171386,2026-07-08T09:04:05.181823+00:00,122.6,14,bid,,,11976955
2026-07-08T09:04:05.237191,2026-07-08T09:04:05.244131+00:00,122.5,2,bid,,,11976957
2026-07-08T09:04:05.237191,2026-07-08T09:04:05.258561+00:00,122.6,48,bid,,,11976958
2026-07-08T09:04:07.425838,2026-07-08T09:04:07.434809+00:00,122.5,50,ask,,,11976984
2026-07-08T09:04:08.142733,2026-07-08T09:04:08.164188+00:00,122.6,8,bid,,,11976994
2026-07-08T09:04:08.219765,2026-07-08T09:04:08.231675+00:00,122.6,43,bid,,,11976998
2026-07-08T09:04:08.872228,2026-07-08T09:04:08.884096+00:00,122.6,2,ask,,,11977004
2026-07-08T09:04:08.872228,2026-07-08T09:04:08.884096+00:00,122.5,40,ask,,,11977005
2026-07-08T09:04:09.484303,2026-07-08T09:04:09.496282+00:00,122.8,2,bid,,,11977011
2026-07-08T09:04:09.484303,2026-07-08T09:04:09.496282+00:00,122.9,8,bid,,,11977012
2026-07-08T09:04:09.484303,2026-07-08T09:04:09.496282+00:00,123.0,40,bid,,,11977013
2026-07-08T09:04:11.681998,2026-07-08T09:04:11.694782+00:00,122.6,2,ask,,,11977028
2026-07-08T09:04:11.681998,2026-07-08T09:04:11.694782+00:00,122.5,8,ask,,,11977029
2026-07-08T09:04:11.681998,2026-07-08T09:04:11.700056+00:00,122.5,40,ask,,,11977030
2026-07-08T09:04:15.908169,2026-07-08T09:04:15.920305+00:00,122.6,2,ask,,,11977072
2026-07-08T09:04:15.908169,2026-07-08T09:04:15.920305+00:00,122.5,8,ask,,,11977073
2026-07-08T09:04:15.908169,2026-07-08T09:04:15.920305+00:00,122.4,40,ask,,,11977074
2026-07-08T09:04:17.915746,2026-07-08T09:04:17.924882+00:00,122.6,100,ask,,,11977102
2026-07-08T09:04:18.025841,2026-07-08T09:04:18.033465+00:00,122.6,50,ask,,,11977105
2026-07-08T09:04:18.244669,2026-07-08T09:04:18.253606+00:00,122.7,2,bid,,,11977107
2026-07-08T09:04:18.244669,2026-07-08T09:04:18.253606+00:00,122.8,8,bid,,,11977108
2026-07-08T09:04:18.244669,2026-07-08T09:04:18.253606+00:00,122.9,1,bid,,,11977109
2026-07-08T09:04:18.244669,2026-07-08T09:04:18.253606+00:00,123.1,37,bid,,,11977110
2026-07-08T09:04:18.416602,2026-07-08T09:04:18.421034+00:00,122.7,8,ask,,,11977112
2026-07-08T09:04:18.462919,2026-07-08T09:04:18.469339+00:00,122.7,1,ask,,,11977117
2026-07-08T09:04:19.136409,2026-07-08T09:04:19.144944+00:00,122.7,1,ask,,,11977123
2026-07-08T09:04:19.136409,2026-07-08T09:04:19.144944+00:00,122.6,8,ask,,,11977124
2026-07-08T09:04:19.151688,2026-07-08T09:04:19.165730+00:00,122.4,3,bid,,,11977125
2026-07-08T09:04:19.157889,2026-07-08T09:04:19.165730+00:00,122.4,20,bid,,,11977126
2026-07-08T09:04:19.915933,2026-07-08T09:04:19.928026+00:00,122.4,44,bid,,,11977147
2026-07-08T09:04:20.153597,2026-07-08T09:04:20.165633+00:00,122.1,50,ask,,,11977151
2026-07-08T09:04:21.074901,2026-07-08T09:04:21.081580+00:00,122.2,41,ask,,,11977163
2026-07-08T09:04:22.263089,2026-07-08T09:04:22.274833+00:00,122.2,50,ask,,,11977177
2026-07-08T09:04:22.629149,2026-07-08T09:04:22.641412+00:00,122.3,2,ask,,,11977182
2026-07-08T09:04:22.767761,2026-07-08T09:04:22.779576+00:00,122.5,2,bid,,,11977185
2026-07-08T09:04:22.767761,2026-07-08T09:04:22.779576+00:00,122.5,8,bid,,,11977186
2026-07-08T09:04:22.886467,2026-07-08T09:04:22.902099+00:00,122.3,2,ask,,,11977187
2026-07-08T09:04:23.311876,2026-07-08T09:04:23.316114+00:00,122.3,1,ask,,,11977195
2026-07-08T09:04:23.757462,2026-07-08T09:04:23.769383+00:00,122.3,1,ask,,,11977201
2026-07-08T09:04:23.919786,2026-07-08T09:04:23.928090+00:00,122.2,9,ask,,,11977204
2026-07-08T09:04:23.919786,2026-07-08T09:04:23.933659+00:00,122.2,31,ask,,,11977205
2026-07-08T09:04:24.245659,2026-07-08T09:04:24.258603+00:00,122.2,100,ask,,,11977212
2026-07-08T09:04:24.394688,2026-07-08T09:04:24.403649+00:00,122.2,19,ask,,,11977214
2026-07-08T09:04:24.394688,2026-07-08T09:04:24.403649+00:00,122.0,8,ask,,,11977215
2026-07-08T09:04:24.394688,2026-07-08T09:04:24.408948+00:00,121.7,23,ask,,,11977216
2026-07-08T09:04:25.463562,2026-07-08T09:04:25.486491+00:00,121.9,2,ask,,,11977224
2026-07-08T09:04:25.474514,2026-07-08T09:04:25.486491+00:00,121.8,37,bid,,,11977225
2026-07-08T09:04:25.478194,2026-07-08T09:04:25.486491+00:00,121.8,25,bid,,,11977226
2026-07-08T09:04:25.501945,2026-07-08T09:04:25.512621+00:00,121.8,8,bid,,,11977229
2026-07-08T09:04:25.554680,2026-07-08T09:04:25.565402+00:00,121.8,10,bid,,,11977232
2026-07-08T09:04:25.765513,2026-07-08T09:04:25.777041+00:00,121.8,10,bid,,,11977239
2026-07-08T09:04:25.790151,2026-07-08T09:04:25.799202+00:00,121.8,5,bid,,,11977241
2026-07-08T09:04:25.975045,2026-07-08T09:04:25.982939+00:00,121.8,5,bid,,,11977244
2026-07-08T09:04:26.209740,2026-07-08T09:04:26.217241+00:00,121.8,5,bid,,,11977249
2026-07-08T09:04:26.507334,2026-07-08T09:04:26.517238+00:00,121.7,50,ask,,,11977258
2026-07-08T09:04:26.587061,2026-07-08T09:04:26.596903+00:00,121.8,10,bid,,,11977260
2026-07-08T09:04:26.619958,2026-07-08T09:04:26.628486+00:00,121.8,5,bid,,,11977263
2026-07-08T09:04:26.801636,2026-07-08T09:04:26.810754+00:00,121.8,10,bid,,,11977265
2026-07-08T09:04:27.012207,2026-07-08T09:04:27.024219+00:00,121.8,5,bid,,,11977271
2026-07-08T09:04:27.029819,2026-07-08T09:04:27.039677+00:00,121.8,5,bid,,,11977273
2026-07-08T09:04:27.361264,2026-07-08T09:04:27.369455+00:00,121.8,8,bid,,,11977275
2026-07-08T09:04:27.842880,2026-07-08T09:04:27.858650+00:00,121.8,14,ask,,,11977282
2026-07-08T09:04:28.642165,2026-07-08T09:04:28.654184+00:00,121.9,2,ask,,,11977297
2026-07-08T09:04:28.642165,2026-07-08T09:04:28.654184+00:00,121.9,48,ask,,,11977298
2026-07-08T09:04:32.529546,2026-07-08T09:04:32.541569+00:00,122.2,2,bid,,,11977349
2026-07-08T09:04:32.529546,2026-07-08T09:04:32.541569+00:00,122.3,45,bid,,,11977350
2026-07-08T09:04:32.810640,2026-07-08T09:04:32.823735+00:00,122.2,2,bid,,,11977351
2026-07-08T09:04:32.810640,2026-07-08T09:04:32.829034+00:00,122.3,48,bid,,,11977352
2026-07-08T09:04:33.023763,2026-07-08T09:04:33.036111+00:00,122.0,2,ask,,,11977356
2026-07-08T09:04:33.023763,2026-07-08T09:04:33.036111+00:00,121.9,39,ask,,,11977357
2026-07-08T09:04:33.599422,2026-07-08T09:04:33.608289+00:00,122.2,2,bid,,,11977364
2026-07-08T09:04:33.599422,2026-07-08T09:04:33.613499+00:00,122.3,46,bid,,,11977365
2026-07-08T09:04:34.645551,2026-07-08T09:04:34.657902+00:00,122.0,2,ask,,,11977385
2026-07-08T09:04:34.690865,2026-07-08T09:04:34.699691+00:00,121.8,2,ask,,,11977390
2026-07-08T09:04:34.924139,2026-07-08T09:04:34.932628+00:00,122.1,2,bid,,,11977392
2026-07-08T09:04:34.924139,2026-07-08T09:04:34.938129+00:00,122.2,48,bid,,,11977393
2026-07-08T09:04:34.930949,2026-07-08T09:04:34.938129+00:00,122.2,52,bid,,,11977394
2026-07-08T09:04:34.930949,2026-07-08T09:04:34.943164+00:00,122.2,8,bid,,,11977395
2026-07-08T09:04:34.998521,2026-07-08T09:04:35.009977+00:00,122.2,32,ask,,,11977396
2026-07-08T09:04:35.117790,2026-07-08T09:04:35.129258+00:00,122.3,2,ask,,,11977398
2026-07-08T09:04:35.530871,2026-07-08T09:04:35.541624+00:00,122.3,1,ask,,,11977405
2026-07-08T09:04:35.643482,2026-07-08T09:04:35.652570+00:00,122.3,1,ask,,,11977415
2026-07-08T09:04:35.667179,2026-07-08T09:04:35.678750+00:00,122.2,25,ask,,,11977418
2026-07-08T09:04:35.798025,2026-07-08T09:04:35.807703+00:00,122.2,25,ask,,,11977423
2026-07-08T09:04:35.861621,2026-07-08T09:04:35.868901+00:00,122.2,8,ask,,,11977426
2026-07-08T09:04:36.077784,2026-07-08T09:04:36.086086+00:00,122.1,2,ask,,,11977431
2026-07-08T09:04:36.450365,2026-07-08T09:04:36.466457+00:00,121.8,2,ask,,,11977437
2026-07-08T09:04:36.450365,2026-07-08T09:04:36.466457+00:00,121.7,45,ask,,,11977438
2026-07-08T09:04:36.472692,2026-07-08T09:04:36.482448+00:00,122.2,2,bid,,,11977440
2026-07-08T09:04:36.757298,2026-07-08T09:04:36.769265+00:00,121.7,2,ask,,,11977449
2026-07-08T09:04:37.110755,2026-07-08T09:04:37.118006+00:00,122.0,10,bid,,,11977454
2026-07-08T09:04:37.110951,2026-07-08T09:04:37.123292+00:00,121.8,2,ask,,,11977455
2026-07-08T09:04:37.110951,2026-07-08T09:04:37.123292+00:00,121.6,8,ask,,,11977456
2026-07-08T09:04:37.110951,2026-07-08T09:04:37.128769+00:00,121.5,40,ask,,,11977457
2026-07-08T09:04:37.186989,2026-07-08T09:04:37.203873+00:00,121.9,2,bid,,,11977461
2026-07-08T09:04:37.486829,2026-07-08T09:04:37.498809+00:00,122.0,18,bid,,,11977468
2026-07-08T09:04:37.602556,2026-07-08T09:04:37.615282+00:00,121.9,2,bid,,,11977471
2026-07-08T09:04:38.157732,2026-07-08T09:04:38.165482+00:00,121.9,8,bid,,,11977479
2026-07-08T09:04:38.161123,2026-07-08T09:04:38.165482+00:00,121.9,1,bid,,,11977480
2026-07-08T09:04:39.221484,2026-07-08T09:04:39.234179+00:00,121.7,2,ask,,,11977500
2026-07-08T09:04:39.221484,2026-07-08T09:04:39.234179+00:00,121.5,48,ask,,,11977501
2026-07-08T09:04:39.609459,2026-07-08T09:04:39.625831+00:00,121.8,2,bid,,,11977502
2026-07-08T09:04:41.306750,2026-07-08T09:04:41.319713+00:00,121.9,50,bid,,,11977529
2026-07-08T09:04:42.375449,2026-07-08T09:04:42.392415+00:00,121.9,8,bid,,,11977546
2026-07-08T09:04:42.378584,2026-07-08T09:04:42.392415+00:00,121.9,11,bid,,,11977547
2026-07-08T09:04:43.465739,2026-07-08T09:04:43.472922+00:00,121.7,50,ask,,,11977560
2026-07-08T09:04:44.273750,2026-07-08T09:04:44.280452+00:00,121.9,45,bid,,,11977572
2026-07-08T09:04:44.820529,2026-07-08T09:04:44.830145+00:00,121.7,2,ask,,,11977576
2026-07-08T09:04:45.590137,2026-07-08T09:04:45.598572+00:00,121.8,2,ask,,,11977592
2026-07-08T09:04:45.590137,2026-07-08T09:04:45.604155+00:00,121.7,48,ask,,,11977593
2026-07-08T09:04:46.858184,2026-07-08T09:04:46.870321+00:00,121.7,44,ask,,,11977612
2026-07-08T09:04:47.648275,2026-07-08T09:04:47.658581+00:00,121.8,50,bid,,,11977627
2026-07-08T09:04:49.545921,2026-07-08T09:04:49.558589+00:00,121.7,2,bid,,,11977646
2026-07-08T09:04:49.545921,2026-07-08T09:04:49.558589+00:00,121.8,8,bid,,,11977647
2026-07-08T09:04:49.545921,2026-07-08T09:04:49.558589+00:00,121.9,37,bid,,,11977648
2026-07-08T09:04:49.790788,2026-07-08T09:04:49.806441+00:00,121.8,2,bid,,,11977655
2026-07-08T09:04:49.790788,2026-07-08T09:04:49.806441+00:00,121.9,48,bid,,,11977656
2026-07-08T09:04:52.252335,2026-07-08T09:04:52.264463+00:00,121.9,41,bid,,,11977683
2026-07-08T09:04:52.936410,2026-07-08T09:04:52.955685+00:00,121.7,10,ask,,,11977693
2026-07-08T09:04:52.939936,2026-07-08T09:04:52.955685+00:00,121.7,11,ask,,,11977694
2026-07-08T09:04:54.089158,2026-07-08T09:04:54.098430+00:00,121.6,2,ask,,,11977705
2026-07-08T09:04:54.089158,2026-07-08T09:04:54.098430+00:00,121.6,8,ask,,,11977706
2026-07-08T09:04:54.089158,2026-07-08T09:04:54.104087+00:00,121.4,40,ask,,,11977707
2026-07-08T09:04:54.258979,2026-07-08T09:04:54.297508+00:00,121.7,8,bid,,,11977711
2026-07-08T09:04:54.473911,2026-07-08T09:04:54.489175+00:00,121.7,2,bid,,,11977716
2026-07-08T09:04:55.898953,2026-07-08T09:04:55.910937+00:00,121.6,2,ask,,,11977741
2026-07-08T09:04:56.208406,2026-07-08T09:04:56.216809+00:00,121.4,50,ask,,,11977745
2026-07-08T09:04:58.198543,2026-07-08T09:04:58.207403+00:00,121.5,8,bid,,,11977778
2026-07-08T09:04:58.268220,2026-07-08T09:04:58.275252+00:00,121.6,50,bid,,,11977782
2026-07-08T09:04:58.492551,2026-07-08T09:04:58.499290+00:00,121.5,2,bid,,,11977788
2026-07-08T09:04:58.757153,2026-07-08T09:04:58.765163+00:00,121.3,2,ask,,,11977790
2026-07-08T09:04:58.757153,2026-07-08T09:04:58.770367+00:00,121.3,8,ask,,,11977791
2026-07-08T09:04:58.757153,2026-07-08T09:04:58.770367+00:00,121.2,37,ask,,,11977792
2026-07-08T09:04:58.910321,2026-07-08T09:04:58.915023+00:00,121.5,1,bid,,,11977797
2026-07-08T09:05:00.380836,2026-07-08T09:05:00.387841+00:00,121.5,1,bid,,,11977819
2026-07-08T09:05:00.380836,2026-07-08T09:05:00.393388+00:00,121.6,8,bid,,,11977820
2026-07-08T09:05:00.380836,2026-07-08T09:05:00.393388+00:00,121.6,41,bid,,,11977821
2026-07-08T09:05:00.916526,2026-07-08T09:05:00.928390+00:00,121.6,40,bid,,,11977826
2026-07-08T09:05:02.508016,2026-07-08T09:05:02.516590+00:00,121.6,50,bid,,,11977850
2026-07-08T09:05:03.652948,2026-07-08T09:05:03.652149+00:00,121.6,45,ask,,,11977863
2026-07-08T09:05:04.312252,2026-07-08T09:05:04.319407+00:00,121.6,45,ask,,,11977872
2026-07-08T09:05:04.615731,2026-07-08T09:05:04.627870+00:00,121.9,50,bid,,,11977878
2026-07-08T09:05:06.757337,2026-07-08T09:05:06.769331+00:00,121.8,50,bid,,,11977892
2026-07-08T09:05:06.835387,2026-07-08T09:05:06.845617+00:00,121.8,45,bid,,,11977895
2026-07-08T09:05:08.322100,2026-07-08T09:05:08.334168+00:00,121.7,2,ask,,,11977917
2026-07-08T09:05:08.322100,2026-07-08T09:05:08.334168+00:00,121.5,41,ask,,,11977918
2026-07-08T09:05:08.866145,2026-07-08T09:05:08.878296+00:00,121.7,2,bid,,,11977924
2026-07-08T09:05:08.866145,2026-07-08T09:05:08.878296+00:00,121.8,48,bid,,,11977925
2026-07-08T09:05:09.275291,2026-07-08T09:05:09.287545+00:00,121.7,2,bid,,,11977932
2026-07-08T09:05:09.275291,2026-07-08T09:05:09.287545+00:00,121.8,7,bid,,,11977933
2026-07-08T09:05:09.275291,2026-07-08T09:05:09.287545+00:00,121.8,32,bid,,,11977934
2026-07-08T09:05:09.773787,2026-07-08T09:05:09.784739+00:00,121.6,2,ask,,,11977939
2026-07-08T09:05:09.773787,2026-07-08T09:05:09.784739+00:00,121.4,8,ask,,,11977940
2026-07-08T09:05:09.773787,2026-07-08T09:05:09.789724+00:00,121.3,34,ask,,,11977941
2026-07-08T09:05:09.774351,2026-07-08T09:05:09.795257+00:00,121.7,2,bid,,,11977942
2026-07-08T09:05:09.774351,2026-07-08T09:05:09.795257+00:00,121.8,68,bid,,,11977943
2026-07-08T09:05:09.774351,2026-07-08T09:05:09.800289+00:00,121.9,8,bid,,,11977944
2026-07-08T09:05:09.822192,2026-07-08T09:05:09.835381+00:00,121.9,10,ask,,,11977949
2026-07-08T09:05:09.846969,2026-07-08T09:05:09.857957+00:00,121.9,11,ask,,,11977951
2026-07-08T09:05:09.850413,2026-07-08T09:05:09.857957+00:00,121.9,10,ask,,,11977952
2026-07-08T09:05:10.037339,2026-07-08T09:05:10.049833+00:00,121.9,3,ask,,,11977956
2026-07-08T09:05:10.040636,2026-07-08T09:05:10.049833+00:00,121.9,10,ask,,,11977957
2026-07-08T09:05:10.252734,2026-07-08T09:05:10.252684+00:00,122.0,2,ask,,,11977962
2026-07-08T09:05:10.469121,2026-07-08T09:05:10.477516+00:00,121.9,10,ask,,,11977966
2026-07-08T09:05:10.476420,2026-07-08T09:05:10.488086+00:00,121.9,2,ask,,,11977968
2026-07-08T09:05:10.688914,2026-07-08T09:05:10.699100+00:00,122.0,2,ask,,,11977973
2026-07-08T09:05:10.695375,2026-07-08T09:05:10.704537+00:00,121.9,2,ask,,,11977974
2026-07-08T09:05:10.854771,2026-07-08T09:05:10.857525+00:00,121.9,14,ask,,,11977978
2026-07-08T09:05:11.011407,2026-07-08T09:05:11.020460+00:00,122.2,2,bid,,,11977984
2026-07-08T09:05:11.011407,2026-07-08T09:05:11.020460+00:00,122.4,48,bid,,,11977985
2026-07-08T09:05:13.120627,2026-07-08T09:05:13.133283+00:00,121.8,2,bid,,,11978014
2026-07-08T09:05:13.120627,2026-07-08T09:05:13.133283+00:00,121.8,48,bid,,,11978015
2026-07-08T09:05:14.347196,2026-07-08T09:05:14.359087+00:00,121.6,2,ask,,,11978032
2026-07-08T09:05:14.993310,2026-07-08T09:05:15.005077+00:00,121.7,2,bid,,,11978039
2026-07-08T09:05:14.993310,2026-07-08T09:05:15.005077+00:00,121.8,47,bid,,,11978040
2026-07-08T09:05:15.233217,2026-07-08T09:05:15.240262+00:00,121.7,2,bid,,,11978044
2026-07-08T09:05:15.233217,2026-07-08T09:05:15.245492+00:00,121.8,48,bid,,,11978045
2026-07-08T09:05:15.775572,2026-07-08T09:05:15.785520+00:00,121.6,1,ask,,,11978058
2026-07-08T09:05:16.134779,2026-07-08T09:05:16.150991+00:00,121.8,16,ask,,,11978068
2026-07-08T09:05:16.191606,2026-07-08T09:05:16.199100+00:00,121.8,10,ask,,,11978073
2026-07-08T09:05:16.431604,2026-07-08T09:05:16.441272+00:00,121.8,10,ask,,,11978078
2026-07-08T09:05:16.644841,2026-07-08T09:05:16.658585+00:00,121.8,5,ask,,,11978082
2026-07-08T09:05:16.844994,2026-07-08T09:05:16.846595+00:00,121.8,49,ask,,,11978086
2026-07-08T09:05:17.341655,2026-07-08T09:05:17.350416+00:00,121.9,50,bid,,,11978089
2026-07-08T09:05:18.055012,2026-07-08T09:05:18.063808+00:00,121.8,20,ask,,,11978114
2026-07-08T09:05:18.065022,2026-07-08T09:05:18.080880+00:00,121.8,10,ask,,,11978117
2026-07-08T09:05:18.068308,2026-07-08T09:05:18.080880+00:00,121.8,14,ask,,,11978118
2026-07-08T09:05:18.081665,2026-07-08T09:05:18.096110+00:00,121.8,16,ask,,,11978121
2026-07-08T09:05:18.081665,2026-07-08T09:05:18.096110+00:00,121.8,8,ask,,,11978122
2026-07-08T09:05:18.357617,2026-07-08T09:05:18.373865+00:00,121.9,8,bid,,,11978127
2026-07-08T09:05:18.362274,2026-07-08T09:05:18.373865+00:00,121.9,8,bid,,,11978128
2026-07-08T09:05:18.692858,2026-07-08T09:05:18.706762+00:00,121.9,2,bid,,,11978133
2026-07-08T09:05:18.696135,2026-07-08T09:05:18.706762+00:00,121.9,3,bid,,,11978134
2026-07-08T09:05:19.132063,2026-07-08T09:05:19.143970+00:00,121.9,49,bid,,,11978140
2026-07-08T09:05:19.468133,2026-07-08T09:05:19.476945+00:00,121.9,30,bid,,,11978148
2026-07-08T09:05:19.468133,2026-07-08T09:05:19.476945+00:00,121.9,20,bid,,,11978149
2026-07-08T09:05:21.576969,2026-07-08T09:05:21.588716+00:00,121.9,50,bid,,,11978179
2026-07-08T09:05:23.313022,2026-07-08T09:05:23.324420+00:00,121.7,43,ask,,,11978197
2026-07-08T09:05:23.724486,2026-07-08T09:05:23.733276+00:00,121.9,50,bid,,,11978199
2026-07-08T09:05:25.831116,2026-07-08T09:05:25.840057+00:00,122.0,8,bid,,,11978226
2026-07-08T09:05:25.831116,2026-07-08T09:05:25.840057+00:00,122.1,42,bid,,,11978227
2026-07-08T09:05:26.388434,2026-07-08T09:05:26.401058+00:00,121.7,2,ask,,,11978232
2026-07-08T09:05:26.388434,2026-07-08T09:05:26.401058+00:00,121.6,40,ask,,,11978233
2026-07-08T09:05:26.670969,2026-07-08T09:05:26.681853+00:00,121.9,3,bid,,,11978234
2026-07-08T09:05:28.009006,2026-07-08T09:05:28.016148+00:00,121.8,50,ask,,,11978257
2026-07-08T09:05:30.125422,2026-07-08T09:05:30.137487+00:00,121.9,50,ask,,,11978285
2026-07-08T09:05:31.963835,2026-07-08T09:05:31.974859+00:00,121.7,44,ask,,,11978301
2026-07-08T09:05:32.241107,2026-07-08T09:05:32.247901+00:00,121.7,50,ask,,,11978306
2026-07-08T09:05:34.039465,2026-07-08T09:05:34.051396+00:00,121.8,8,bid,,,11978333
2026-07-08T09:05:34.380952,2026-07-08T09:05:34.393022+00:00,121.9,40,bid,,,11978338
2026-07-08T09:05:34.692247,2026-07-08T09:05:34.704021+00:00,121.8,8,bid,,,11978342
2026-07-08T09:05:35.444407,2026-07-08T09:05:35.458623+00:00,121.9,40,bid,,,11978354
2026-07-08T09:05:36.455979,2026-07-08T09:05:36.467777+00:00,121.6,8,ask,,,11978364
2026-07-08T09:05:36.455979,2026-07-08T09:05:36.467777+00:00,121.5,42,ask,,,11978365
2026-07-08T09:05:37.148393,2026-07-08T09:05:37.163632+00:00,121.6,2,ask,,,11978369
2026-07-08T09:05:37.148393,2026-07-08T09:05:37.163632+00:00,121.5,43,ask,,,11978370
2026-07-08T09:05:38.311979,2026-07-08T09:05:38.323905+00:00,121.6,8,bid,,,11978383
2026-07-08T09:05:38.566372,2026-07-08T09:05:38.575662+00:00,121.4,1,ask,,,11978387
2026-07-08T09:05:38.566372,2026-07-08T09:05:38.575662+00:00,121.3,49,ask,,,11978388
2026-07-08T09:05:38.861750,2026-07-08T09:05:38.869831+00:00,121.6,2,bid,,,11978393
2026-07-08T09:05:38.883027,2026-07-08T09:05:38.899770+00:00,121.7,7,bid,,,11978395
2026-07-08T09:05:40.714502,2026-07-08T09:05:40.726877+00:00,121.5,1,ask,,,11978430
2026-07-08T09:05:40.714502,2026-07-08T09:05:40.726877+00:00,121.4,2,ask,,,11978431
2026-07-08T09:05:40.714502,2026-07-08T09:05:40.732231+00:00,121.4,8,ask,,,11978432
2026-07-08T09:05:40.714502,2026-07-08T09:05:40.732231+00:00,121.3,39,ask,,,11978433
2026-07-08T09:05:41.061958,2026-07-08T09:05:41.069858+00:00,121.6,2,bid,,,11978436
2026-07-08T09:05:41.286318,2026-07-08T09:05:41.295681+00:00,121.7,7,bid,,,11978444
2026-07-08T09:05:41.599053,2026-07-08T09:05:41.612481+00:00,121.7,2,bid,,,11978452
2026-07-08T09:05:41.790637,2026-07-08T09:05:41.802748+00:00,121.8,45,bid,,,11978456
2026-07-08T09:05:41.996231,2026-07-08T09:05:42.006681+00:00,121.7,1,bid,,,11978458
2026-07-08T09:05:42.066367,2026-07-08T09:05:42.078417+00:00,121.7,1,bid,,,11978460
2026-07-08T09:05:42.085286,2026-07-08T09:05:42.093890+00:00,121.8,1,bid,,,11978463
2026-07-08T09:05:42.389917,2026-07-08T09:05:42.397634+00:00,121.8,1,bid,,,11978466
2026-07-08T09:05:42.493379,2026-07-08T09:05:42.502688+00:00,121.7,2,bid,,,11978467
2026-07-08T09:05:42.810300,2026-07-08T09:05:42.820447+00:00,121.8,2,bid,,,11978474
2026-07-08T09:05:43.106319,2026-07-08T09:05:43.116646+00:00,121.7,2,bid,,,11978476
2026-07-08T09:05:43.245818,2026-07-08T09:05:43.251909+00:00,121.8,2,bid,,,11978482
2026-07-08T09:05:43.330848,2026-07-08T09:05:43.341058+00:00,121.7,2,bid,,,11978484
2026-07-08T09:05:43.336334,2026-07-08T09:05:43.346697+00:00,121.8,2,bid,,,11978485
2026-07-08T09:05:43.403077,2026-07-08T09:05:43.412199+00:00,121.6,2,ask,,,11978488
2026-07-08T09:05:43.403077,2026-07-08T09:05:43.416497+00:00,121.6,43,ask,,,11978489
2026-07-08T09:05:43.541718,2026-07-08T09:05:43.548684+00:00,121.8,2,bid,,,11978491
2026-07-08T09:05:43.748388,2026-07-08T09:05:43.758561+00:00,121.8,2,bid,,,11978493
2026-07-08T09:05:43.954977,2026-07-08T09:05:43.967017+00:00,121.8,2,bid,,,11978496
2026-07-08T09:05:44.911054,2026-07-08T09:05:44.922836+00:00,122.0,50,bid,,,11978517
2026-07-08T09:05:45.131060,2026-07-08T09:05:45.139421+00:00,121.6,1,ask,,,11978522
2026-07-08T09:05:45.920068,2026-07-08T09:05:45.929272+00:00,121.9,2,bid,,,11978543
2026-07-08T09:05:45.943851,2026-07-08T09:05:45.955588+00:00,122.0,3,bid,,,11978545
2026-07-08T09:05:46.031486,2026-07-08T09:05:46.043661+00:00,122.0,46,bid,,,11978549
2026-07-08T09:05:46.108267,2026-07-08T09:05:46.118476+00:00,122.0,2,bid,,,11978551
2026-07-08T09:05:46.120176,2026-07-08T09:05:46.129053+00:00,121.9,2,bid,,,11978552
2026-07-08T09:05:46.147986,2026-07-08T09:05:46.153844+00:00,122.0,1,bid,,,11978555
2026-07-08T09:05:46.522892,2026-07-08T09:05:46.531877+00:00,122.0,2,bid,,,11978557
2026-07-08T09:05:47.073712,2026-07-08T09:05:47.082789+00:00,121.7,50,ask,,,11978563
2026-07-08T09:05:47.792508,2026-07-08T09:05:47.819875+00:00,122.0,8,bid,,,11978569
2026-07-08T09:05:47.802014,2026-07-08T09:05:47.819875+00:00,122.1,2,ask,,,11978570
2026-07-08T09:05:47.805578,2026-07-08T09:05:47.819875+00:00,122.1,3,ask,,,11978571
2026-07-08T09:05:48.936893,2026-07-08T09:05:48.944008+00:00,122.2,42,bid,,,11978592
2026-07-08T09:05:49.194218,2026-07-08T09:05:49.206063+00:00,122.1,50,ask,,,11978593
2026-07-08T09:05:49.747861,2026-07-08T09:05:49.755801+00:00,122.1,87,ask,,,11978599
2026-07-08T09:05:50.544859,2026-07-08T09:05:50.552054+00:00,121.7,2,ask,,,11978606
2026-07-08T09:05:50.544859,2026-07-08T09:05:50.557362+00:00,121.6,43,ask,,,11978607
2026-07-08T09:05:51.025494,2026-07-08T09:05:51.036999+00:00,121.7,2,ask,,,11978609
2026-07-08T09:05:51.025494,2026-07-08T09:05:51.036999+00:00,121.6,47,ask,,,11978610
2026-07-08T09:05:51.305564,2026-07-08T09:05:51.317765+00:00,121.6,10,ask,,,11978612
2026-07-08T09:05:51.305564,2026-07-08T09:05:51.317765+00:00,121.5,8,ask,,,11978613
2026-07-08T09:05:51.305564,2026-07-08T09:05:51.317765+00:00,121.4,32,ask,,,11978614
2026-07-08T09:05:51.383618,2026-07-08T09:05:51.393976+00:00,121.8,2,bid,,,11978617
2026-07-08T09:05:51.389332,2026-07-08T09:05:51.393976+00:00,121.9,2,bid,,,11978618
2026-07-08T09:05:51.595043,2026-07-08T09:05:51.607030+00:00,121.9,2,bid,,,11978620
2026-07-08T09:05:51.794230,2026-07-08T09:05:51.804872+00:00,121.8,2,bid,,,11978623
2026-07-08T09:05:51.803905,2026-07-08T09:05:51.820120+00:00,121.9,2,bid,,,11978625
2026-07-08T09:05:52.009931,2026-07-08T09:05:52.016799+00:00,121.9,2,bid,,,11978626
2026-07-08T09:05:52.096948,2026-07-08T09:05:52.106203+00:00,121.9,45,bid,,,11978627
2026-07-08T09:05:52.625919,2026-07-08T09:05:52.638097+00:00,121.6,2,ask,,,11978635
2026-07-08T09:05:52.625919,2026-07-08T09:05:52.638097+00:00,121.5,8,ask,,,11978636
2026-07-08T09:05:53.192286,2026-07-08T09:05:53.197492+00:00,121.9,1,bid,,,11978644
2026-07-08T09:05:53.199968,2026-07-08T09:05:53.212672+00:00,121.9,10,bid,,,11978646
2026-07-08T09:05:53.221817,2026-07-08T09:05:53.229022+00:00,121.9,5,bid,,,11978650
2026-07-08T09:05:53.227322,2026-07-08T09:05:53.234248+00:00,121.9,10,bid,,,11978651
2026-07-08T09:05:53.438802,2026-07-08T09:05:53.448140+00:00,121.9,5,bid,,,11978654
2026-07-08T09:05:53.443857,2026-07-08T09:05:53.453399+00:00,121.6,50,ask,,,11978655
2026-07-08T09:05:55.552037,2026-07-08T09:05:55.569035+00:00,121.8,50,ask,,,11978677
2026-07-08T09:05:57.662721,2026-07-08T09:05:57.674876+00:00,121.7,2,ask,,,11978695
2026-07-08T09:05:57.662721,2026-07-08T09:05:57.674876+00:00,121.6,48,ask,,,11978696
2026-07-08T09:05:59.772758,2026-07-08T09:05:59.784982+00:00,121.6,50,ask,,,11978715
2026-07-08T09:06:00.512465,2026-07-08T09:06:00.524200+00:00,121.7,23,bid,,,11978726
2026-07-08T09:06:00.526559,2026-07-08T09:06:00.539431+00:00,121.7,20,bid,,,11978728
2026-07-08T09:06:00.624082,2026-07-08T09:06:00.634707+00:00,121.7,5,bid,,,11978732
2026-07-08T09:06:00.667034,2026-07-08T09:06:00.676610+00:00,121.7,10,bid,,,11978734
2026-07-08T09:06:00.881500,2026-07-08T09:06:00.890581+00:00,121.7,10,bid,,,11978737
2026-07-08T09:06:01.036755,2026-07-08T09:06:01.047329+00:00,121.7,1,bid,,,11978739
2026-07-08T09:06:01.093986,2026-07-08T09:06:01.104594+00:00,121.7,5,bid,,,11978741
2026-07-08T09:06:01.286841,2026-07-08T09:06:01.297313+00:00,121.7,23,bid,,,11978743
2026-07-08T09:06:01.909297,2026-07-08T09:06:01.917623+00:00,121.4,50,ask,,,11978751
2026-07-08T09:06:03.980289,2026-07-08T09:06:03.993712+00:00,121.5,2,bid,,,11978777
2026-07-08T09:06:03.994920,2026-07-08T09:06:04.006635+00:00,121.6,34,bid,,,11978780
2026-07-08T09:06:04.005828,2026-07-08T09:06:04.022262+00:00,121.6,25,bid,,,11978783
2026-07-08T09:06:04.021428,2026-07-08T09:06:04.033029+00:00,121.3,2,ask,,,11978785
2026-07-08T09:06:04.021428,2026-07-08T09:06:04.033029+00:00,121.3,48,ask,,,11978786
2026-07-08T09:06:04.029025,2026-07-08T09:06:04.038413+00:00,121.6,3,bid,,,11978787
2026-07-08T09:06:04.113333,2026-07-08T09:06:04.123762+00:00,121.6,10,bid,,,11978791
2026-07-08T09:06:04.266215,2026-07-08T09:06:04.275319+00:00,121.6,7,bid,,,11978794
2026-07-08T09:06:04.314016,2026-07-08T09:06:04.324356+00:00,121.6,21,bid,,,11978796
2026-07-08T09:06:04.321910,2026-07-08T09:06:04.329660+00:00,121.8,2,bid,,,11978798
2026-07-08T09:06:04.329020,2026-07-08T09:06:04.340483+00:00,121.8,10,bid,,,11978800
2026-07-08T09:06:04.548020,2026-07-08T09:06:04.554817+00:00,121.8,5,bid,,,11978805
2026-07-08T09:06:04.681589,2026-07-08T09:06:04.693104+00:00,121.8,5,bid,,,11978807
2026-07-08T09:06:04.872600,2026-07-08T09:06:04.880317+00:00,121.7,2,bid,,,11978809
2026-07-08T09:06:04.872600,2026-07-08T09:06:04.885590+00:00,121.8,40,bid,,,11978810
2026-07-08T09:06:05.104851,2026-07-08T09:06:05.114676+00:00,121.8,5,bid,,,11978818
2026-07-08T09:06:05.298933,2026-07-08T09:06:05.315232+00:00,121.5,2,ask,,,11978825
2026-07-08T09:06:05.332163,2026-07-08T09:06:05.343960+00:00,121.7,2,bid,,,11978828
2026-07-08T09:06:05.332163,2026-07-08T09:06:05.343960+00:00,121.8,46,bid,,,11978829
2026-07-08T09:06:05.541123,2026-07-08T09:06:05.564433+00:00,121.5,2,ask,,,11978831
2026-07-08T09:06:05.541123,2026-07-08T09:06:05.564433+00:00,121.5,6,ask,,,11978832
2026-07-08T09:06:05.547134,2026-07-08T09:06:05.564433+00:00,121.5,2,ask,,,11978833
2026-07-08T09:06:05.565821,2026-07-08T09:06:05.576849+00:00,121.5,9,ask,,,11978836
2026-07-08T09:06:05.744035,2026-07-08T09:06:05.752098+00:00,121.7,2,bid,,,11978839
2026-07-08T09:06:05.744035,2026-07-08T09:06:05.758588+00:00,121.8,37,bid,,,11978840
2026-07-08T09:06:05.800932,2026-07-08T09:06:05.812879+00:00,121.5,47,ask,,,11978841
2026-07-08T09:06:05.942308,2026-07-08T09:06:05.948973+00:00,121.5,20,ask,,,11978843
2026-07-08T09:06:05.955823,2026-07-08T09:06:05.966980+00:00,121.6,2,ask,,,11978845
2026-07-08T09:06:06.156535,2026-07-08T09:06:06.168220+00:00,121.5,16,ask,,,11978852
2026-07-08T09:06:06.156535,2026-07-08T09:06:06.168220+00:00,121.5,8,ask,,,11978853
2026-07-08T09:06:06.156535,2026-07-08T09:06:06.168220+00:00,121.3,26,ask,,,11978854
2026-07-08T09:06:06.783188,2026-07-08T09:06:06.794916+00:00,121.7,2,bid,,,11978867
2026-07-08T09:06:06.783188,2026-07-08T09:06:06.794916+00:00,121.8,8,bid,,,11978868
2026-07-08T09:06:06.796254,2026-07-08T09:06:06.806400+00:00,121.8,35,ask,,,11978869
2026-07-08T09:06:06.808772,2026-07-08T09:06:06.821636+00:00,121.8,25,ask,,,11978871
2026-07-08T09:06:06.832701,2026-07-08T09:06:06.843229+00:00,121.8,3,ask,,,11978873
2026-07-08T09:06:07.358291,2026-07-08T09:06:07.370027+00:00,121.8,18,ask,,,11978877
2026-07-08T09:06:08.266266,2026-07-08T09:06:08.278477+00:00,121.8,50,ask,,,11978890
2026-07-08T09:06:08.749942,2026-07-08T09:06:08.758988+00:00,121.8,9,ask,,,11978895
2026-07-08T09:06:08.848825,2026-07-08T09:06:08.857524+00:00,121.6,8,ask,,,11978896
2026-07-08T09:06:08.848825,2026-07-08T09:06:08.857524+00:00,121.5,2,ask,,,11978897
2026-07-08T09:06:08.848825,2026-07-08T09:06:08.857524+00:00,121.2,31,ask,,,11978898
2026-07-08T09:06:08.942049,2026-07-08T09:06:08.963773+00:00,121.7,20,bid,,,11978904
2026-07-08T09:06:08.946337,2026-07-08T09:06:08.963773+00:00,121.7,23,bid,,,11978905
2026-07-08T09:06:09.174802,2026-07-08T09:06:09.185617+00:00,121.7,6,bid,,,11978909
2026-07-08T09:06:09.200186,2026-07-08T09:06:09.214091+00:00,121.6,2,bid,,,11978911
2026-07-08T09:06:09.255298,2026-07-08T09:06:09.266487+00:00,121.7,23,bid,,,11978917
2026-07-08T09:06:09.375787,2026-07-08T09:06:09.384146+00:00,121.7,10,bid,,,11978922
2026-07-08T09:06:09.387731,2026-07-08T09:06:09.394743+00:00,121.7,9,bid,,,11978925
2026-07-08T09:06:09.387731,2026-07-08T09:06:09.399770+00:00,121.7,8,bid,,,11978926
2026-07-08T09:06:09.394253,2026-07-08T09:06:09.405296+00:00,122.3,1,bid,,,11978927
2026-07-08T09:06:10.449775,2026-07-08T09:06:10.453762+00:00,122.1,2,bid,,,11978949
2026-07-08T09:06:12.487235,2026-07-08T09:06:12.499493+00:00,121.7,2,ask,,,11978978
2026-07-08T09:06:12.487235,2026-07-08T09:06:12.499493+00:00,121.7,48,ask,,,11978979
2026-07-08T09:06:13.730143,2026-07-08T09:06:13.742397+00:00,122.0,40,bid,,,11978997
2026-07-08T09:06:14.575519,2026-07-08T09:06:14.585994+00:00,122.0,50,bid,,,11979013
2026-07-08T09:06:15.705704,2026-07-08T09:06:15.717591+00:00,122.0,43,bid,,,11979027
2026-07-08T09:06:16.299092,2026-07-08T09:06:16.310932+00:00,122.1,8,bid,,,11979035
2026-07-08T09:06:16.299092,2026-07-08T09:06:16.310932+00:00,122.2,100,bid,,,11979036
2026-07-08T09:06:16.313161,2026-07-08T09:06:16.323968+00:00,122.2,34,ask,,,11979037
2026-07-08T09:06:16.393732,2026-07-08T09:06:16.403272+00:00,122.2,8,ask,,,11979040
2026-07-08T09:06:18.295564,2026-07-08T09:06:18.307116+00:00,122.0,44,ask,,,11979060
2026-07-08T09:06:18.455483,2026-07-08T09:06:18.456488+00:00,122.0,2,ask,,,11979066
2026-07-08T09:06:18.815624,2026-07-08T09:06:18.826077+00:00,122.5,50,bid,,,11979073
2026-07-08T09:06:18.923204,2026-07-08T09:06:18.935314+00:00,122.0,47,ask,,,11979075
2026-07-08T09:06:19.558448,2026-07-08T09:06:19.565542+00:00,122.0,7,ask,,,11979085
2026-07-08T09:06:20.483835,2026-07-08T09:06:20.494037+00:00,122.0,2,bid,,,11979095
2026-07-08T09:06:20.975592,2026-07-08T09:06:20.986262+00:00,121.5,50,ask,,,11979106
2026-07-08T09:06:22.454843,2026-07-08T09:06:22.464558+00:00,122.0,44,bid,,,11979119
2026-07-08T09:06:23.119451,2026-07-08T09:06:23.128416+00:00,121.7,50,ask,,,11979124
2026-07-08T09:06:25.227029,2026-07-08T09:06:25.237336+00:00,121.5,50,ask,,,11979149
2026-07-08T09:06:26.360547,2026-07-08T09:06:26.372815+00:00,121.8,11,bid,,,11979169
2026-07-08T09:06:26.366686,2026-07-08T09:06:26.372815+00:00,121.8,6,bid,,,11979170
2026-07-08T09:06:26.462923,2026-07-08T09:06:26.475073+00:00,121.8,44,bid,,,11979173
2026-07-08T09:06:26.519570,2026-07-08T09:06:26.529356+00:00,121.5,43,ask,,,11979175
2026-07-08T09:06:27.348471,2026-07-08T09:06:27.357518+00:00,121.5,7,ask,,,11979189
2026-07-08T09:06:27.348471,2026-07-08T09:06:27.357518+00:00,121.4,8,ask,,,11979190
2026-07-08T09:06:27.348471,2026-07-08T09:06:27.357518+00:00,121.3,35,ask,,,11979191
2026-07-08T09:06:27.641221,2026-07-08T09:06:27.651410+00:00,121.8,49,bid,,,11979195
2026-07-08T09:06:28.980550,2026-07-08T09:06:28.990977+00:00,121.8,12,bid,,,11979215
2026-07-08T09:06:28.991806,2026-07-08T09:06:29.006639+00:00,121.8,10,bid,,,11979217
2026-07-08T09:06:29.459784,2026-07-08T09:06:29.471568+00:00,121.6,50,ask,,,11979223
2026-07-08T09:06:31.534143,2026-07-08T09:06:31.545512+00:00,121.8,50,bid,,,11979250
2026-07-08T09:06:33.385216,2026-07-08T09:06:33.397187+00:00,121.4,42,ask,,,11979270
2026-07-08T09:06:33.643414,2026-07-08T09:06:33.650969+00:00,121.8,50,bid,,,11979273
2026-07-08T09:06:35.782860,2026-07-08T09:06:35.792106+00:00,121.8,50,bid,,,11979304
2026-07-08T09:06:36.166541,2026-07-08T09:06:36.177986+00:00,121.6,44,ask,,,11979306
2026-07-08T09:06:37.388205,2026-07-08T09:06:37.398380+00:00,121.8,42,bid,,,11979323
2026-07-08T09:06:37.891096,2026-07-08T09:06:37.902765+00:00,121.8,50,bid,,,11979335
2026-07-08T09:06:38.517488,2026-07-08T09:06:38.543852+00:00,121.9,8,bid,,,11979345
2026-07-08T09:06:38.517488,2026-07-08T09:06:38.543852+00:00,122.0,100,bid,,,11979346
2026-07-08T09:06:38.532017,2026-07-08T09:06:38.543852+00:00,122.0,12,ask,,,11979347
2026-07-08T09:06:38.592484,2026-07-08T09:06:38.603367+00:00,122.0,10,ask,,,11979350
2026-07-08T09:06:38.622490,2026-07-08T09:06:38.630163+00:00,122.0,7,ask,,,11979354
2026-07-08T09:06:39.405830,2026-07-08T09:06:39.421485+00:00,122.0,11,ask,,,11979364
2026-07-08T09:06:39.412025,2026-07-08T09:06:39.421485+00:00,122.0,2,ask,,,11979365
2026-07-08T09:06:39.412025,2026-07-08T09:06:39.421485+00:00,122.0,8,ask,,,11979366
2026-07-08T09:06:39.578508,2026-07-08T09:06:39.585782+00:00,121.5,41,ask,,,11979374
2026-07-08T09:06:39.638602,2026-07-08T09:06:39.649480+00:00,122.2,6,bid,,,11979376
2026-07-08T09:06:40.002462,2026-07-08T09:06:40.014861+00:00,122.2,8,bid,,,11979379
2026-07-08T09:06:40.002462,2026-07-08T09:06:40.020117+00:00,122.5,42,bid,,,11979380
2026-07-08T09:06:40.655324,2026-07-08T09:06:40.668724+00:00,122.2,1,bid,,,11979389
2026-07-08T09:06:41.737133,2026-07-08T09:06:41.747447+00:00,121.7,100,ask,,,11979404
2026-07-08T09:06:41.737133,2026-07-08T09:06:41.747447+00:00,121.7,8,ask,,,11979405
2026-07-08T09:06:41.759216,2026-07-08T09:06:41.770803+00:00,121.7,41,bid,,,11979406
2026-07-08T09:06:42.110988,2026-07-08T09:06:42.122974+00:00,121.7,1,bid,,,11979413
2026-07-08T09:06:42.110988,2026-07-08T09:06:42.122974+00:00,121.8,8,bid,,,11979414
2026-07-08T09:06:42.110988,2026-07-08T09:06:42.122974+00:00,122.2,41,bid,,,11979415
2026-07-08T09:06:43.683383,2026-07-08T09:06:43.695095+00:00,121.7,2,ask,,,11979439
2026-07-08T09:06:44.249357,2026-07-08T09:06:44.264841+00:00,121.9,50,bid,,,11979447
2026-07-08T09:06:44.568257,2026-07-08T09:06:44.580049+00:00,121.9,40,bid,,,11979449
2026-07-08T09:06:44.700464,2026-07-08T09:06:44.709005+00:00,121.9,2,bid,,,11979452
2026-07-08T09:06:44.852772,2026-07-08T09:06:44.868976+00:00,121.9,8,bid,,,11979457
2026-07-08T09:06:44.852772,2026-07-08T09:06:44.868976+00:00,121.9,8,bid,,,11979458
2026-07-08T09:06:45.069762,2026-07-08T09:06:45.080875+00:00,121.9,41,ask,,,11979464
2026-07-08T09:06:45.717033,2026-07-08T09:06:45.727825+00:00,121.9,7,ask,,,11979474
2026-07-08T09:06:46.357567,2026-07-08T09:06:46.369627+00:00,122.4,50,bid,,,11979484
2026-07-08T09:06:47.437237,2026-07-08T09:06:47.449517+00:00,121.9,12,ask,,,11979497
2026-07-08T09:06:47.444880,2026-07-08T09:06:47.449517+00:00,121.9,10,ask,,,11979498
2026-07-08T09:06:47.523226,2026-07-08T09:06:47.534061+00:00,121.9,10,ask,,,11979503
2026-07-08T09:06:48.003753,2026-07-08T09:06:48.015534+00:00,121.8,8,ask,,,11979507
2026-07-08T09:06:48.003753,2026-07-08T09:06:48.015534+00:00,121.7,33,ask,,,11979508
2026-07-08T09:06:48.500932,2026-07-08T09:06:48.508197+00:00,122.1,50,bid,,,11979511
2026-07-08T09:06:48.501183,2026-07-08T09:06:48.513469+00:00,121.7,41,ask,,,11979512
2026-07-08T09:06:50.616887,2026-07-08T09:06:50.629104+00:00,122.0,50,bid,,,11979552
2026-07-08T09:06:50.760819,2026-07-08T09:06:50.770761+00:00,122.0,6,bid,,,11979555
2026-07-08T09:06:51.193702,2026-07-08T09:06:51.201097+00:00,122.0,44,bid,,,11979569
2026-07-08T09:06:51.377074,2026-07-08T09:06:51.391963+00:00,122.0,11,ask,,,11979574
2026-07-08T09:06:51.387271,2026-07-08T09:06:51.407632+00:00,122.0,10,ask,,,11979576
2026-07-08T09:06:51.717681,2026-07-08T09:06:51.729451+00:00,122.5,45,bid,,,11979581
2026-07-08T09:06:52.286917,2026-07-08T09:06:52.299422+00:00,122.4,1,bid,,,11979585
2026-07-08T09:06:52.286917,2026-07-08T09:06:52.299422+00:00,122.4,8,bid,,,11979586
2026-07-08T09:06:54.376158,2026-07-08T09:06:54.388256+00:00,121.9,8,ask,,,11979618
2026-07-08T09:06:54.376158,2026-07-08T09:06:54.388256+00:00,121.8,41,ask,,,11979619
2026-07-08T09:06:54.794894,2026-07-08T09:06:54.804763+00:00,121.8,11,ask,,,11979626
2026-07-08T09:06:55.012964,2026-07-08T09:06:55.021967+00:00,122.2,42,bid,,,11979630
2026-07-08T09:06:56.245470,2026-07-08T09:06:56.258559+00:00,122.3,44,bid,,,11979647
2026-07-08T09:06:57.058791,2026-07-08T09:06:57.067825+00:00,121.9,50,ask,,,11979662
2026-07-08T09:06:58.260157,2026-07-08T09:06:58.271624+00:00,121.9,3,ask,,,11979680
2026-07-08T09:06:58.263713,2026-07-08T09:06:58.271624+00:00,121.9,8,ask,,,11979681
2026-07-08T09:06:58.585807,2026-07-08T09:06:58.596252+00:00,121.9,1,ask,,,11979689
2026-07-08T09:06:59.171077,2026-07-08T09:06:59.181896+00:00,121.9,38,ask,,,11979699
2026-07-08T09:06:59.171077,2026-07-08T09:06:59.181896+00:00,121.9,12,ask,,,11979700
2026-07-08T09:06:59.834363,2026-07-08T09:06:59.844396+00:00,121.9,6,ask,,,11979715
2026-07-08T09:07:00.044017,2026-07-08T09:07:00.058622+00:00,121.9,42,ask,,,11979717
2026-07-08T09:07:01.237598,2026-07-08T09:07:01.245592+00:00,121.6,43,ask,,,11979736
2026-07-08T09:07:01.282799,2026-07-08T09:07:01.291893+00:00,121.6,50,ask,,,11979737
2026-07-08T09:07:02.615006,2026-07-08T09:07:02.626053+00:00,121.5,100,ask,,,11979756
2026-07-08T09:07:03.338718,2026-07-08T09:07:03.350692+00:00,122.0,50,bid,,,11979769
2026-07-08T09:07:03.922178,2026-07-08T09:07:03.934244+00:00,121.7,14,bid,,,11979774
2026-07-08T09:07:03.926121,2026-07-08T09:07:03.934244+00:00,121.7,20,bid,,,11979775
2026-07-08T09:07:04.876719,2026-07-08T09:07:04.887559+00:00,121.2,17,ask,,,11979792
2026-07-08T09:07:05.102180,2026-07-08T09:07:05.114184+00:00,121.7,49,bid,,,11979796
2026-07-08T09:07:05.448401,2026-07-08T09:07:05.458761+00:00,121.7,50,bid,,,11979799
2026-07-08T09:07:06.712202,2026-07-08T09:07:06.724379+00:00,121.7,17,bid,,,11979813
2026-07-08T09:07:06.712202,2026-07-08T09:07:06.724379+00:00,121.8,26,bid,,,11979814
2026-07-08T09:07:07.022209,2026-07-08T09:07:07.032950+00:00,121.8,74,bid,,,11979816
2026-07-08T09:07:07.556103,2026-07-08T09:07:07.568130+00:00,122.3,50,bid,,,11979820
2026-07-08T09:07:09.080506,2026-07-08T09:07:09.100320+00:00,121.8,11,ask,,,11979836
2026-07-08T09:07:09.092603,2026-07-08T09:07:09.100320+00:00,121.8,10,ask,,,11979837
2026-07-08T09:07:09.684006,2026-07-08T09:07:09.691388+00:00,122.3,50,bid,,,11979847
2026-07-08T09:07:09.741079,2026-07-08T09:07:09.750530+00:00,121.8,3,ask,,,11979852
2026-07-08T09:07:09.782264,2026-07-08T09:07:09.792829+00:00,121.8,10,ask,,,11979855
2026-07-08T09:07:09.994381,2026-07-08T09:07:10.005490+00:00,121.8,10,ask,,,11979862
2026-07-08T09:07:10.119918,2026-07-08T09:07:10.127928+00:00,121.8,32,ask,,,11979865
2026-07-08T09:07:10.119918,2026-07-08T09:07:10.133161+00:00,121.8,10,ask,,,11979866
2026-07-08T09:07:10.208457,2026-07-08T09:07:10.216217+00:00,121.8,10,ask,,,11979868
2026-07-08T09:07:10.237031,2026-07-08T09:07:10.248448+00:00,121.8,80,ask,,,11979870
2026-07-08T09:07:10.237031,2026-07-08T09:07:10.248448+00:00,121.8,8,ask,,,11979871
2026-07-08T09:07:10.921506,2026-07-08T09:07:10.932214+00:00,121.7,16,bid,,,11979884
2026-07-08T09:07:11.791354,2026-07-08T09:07:11.803335+00:00,121.7,46,bid,,,11979892
2026-07-08T09:07:11.791354,2026-07-08T09:07:11.803335+00:00,121.8,4,bid,,,11979893
2026-07-08T09:07:11.939092,2026-07-08T09:07:11.948120+00:00,121.9,8,bid,,,11979895
2026-07-08T09:07:12.441615,2026-07-08T09:07:12.449069+00:00,121.4,42,ask,,,11979903
2026-07-08T09:07:12.955615,2026-07-08T09:07:12.967317+00:00,121.9,8,bid,,,11979911
2026-07-08T09:07:13.349217,2026-07-08T09:07:13.355754+00:00,121.9,92,bid,,,11979914
2026-07-08T09:07:13.349217,2026-07-08T09:07:13.355754+00:00,122.0,8,bid,,,11979915
2026-07-08T09:07:13.361449,2026-07-08T09:07:13.371767+00:00,122.1,3,ask,,,11979918
2026-07-08T09:07:13.389431,2026-07-08T09:07:13.396420+00:00,122.1,35,ask,,,11979921
2026-07-08T09:07:13.418601,2026-07-08T09:07:13.422766+00:00,122.1,12,ask,,,11979922
2026-07-08T09:07:13.901545,2026-07-08T09:07:13.913623+00:00,122.3,8,bid,,,11979935
2026-07-08T09:07:13.901545,2026-07-08T09:07:13.913623+00:00,122.6,42,bid,,,11979936
2026-07-08T09:07:14.072158,2026-07-08T09:07:14.080805+00:00,121.7,2,ask,,,11979940
2026-07-08T09:07:14.282938,2026-07-08T09:07:14.289472+00:00,121.7,8,ask,,,11979944
2026-07-08T09:07:15.304898,2026-07-08T09:07:15.317916+00:00,121.9,3,bid,,,11979964
2026-07-08T09:07:16.012612,2026-07-08T09:07:16.024486+00:00,121.9,50,bid,,,11979974
2026-07-08T09:07:18.122314,2026-07-08T09:07:18.132472+00:00,121.9,47,bid,,,11979999
2026-07-08T09:07:18.122314,2026-07-08T09:07:18.132472+00:00,121.9,3,bid,,,11980000
2026-07-08T09:07:18.912811,2026-07-08T09:07:18.919891+00:00,121.5,10,ask,,,11980011
2026-07-08T09:07:20.171346,2026-07-08T09:07:20.179389+00:00,121.5,8,ask,,,11980043
2026-07-08T09:07:20.289028,2026-07-08T09:07:20.300913+00:00,121.5,50,ask,,,11980050
2026-07-08T09:07:21.503541,2026-07-08T09:07:21.512774+00:00,121.9,1,bid,,,11980067
2026-07-08T09:07:21.627931,2026-07-08T09:07:21.637397+00:00,121.5,100,ask,,,11980072
2026-07-08T09:07:22.056872,2026-07-08T09:07:22.063565+00:00,121.5,45,ask,,,11980074
2026-07-08T09:07:22.346328,2026-07-08T09:07:22.363966+00:00,121.9,1,bid,,,11980078
2026-07-08T09:07:22.346328,2026-07-08T09:07:22.363966+00:00,121.9,8,bid,,,11980079
2026-07-08T09:07:22.346328,2026-07-08T09:07:22.363966+00:00,122.0,41,bid,,,11980080
2026-07-08T09:07:22.895645,2026-07-08T09:07:22.904270+00:00,121.3,8,ask,,,11980091
2026-07-08T09:07:22.905476,2026-07-08T09:07:22.917947+00:00,121.2,14,bid,,,11980092
2026-07-08T09:07:22.909463,2026-07-08T09:07:22.917947+00:00,121.2,25,bid,,,11980093
2026-07-08T09:07:22.933748,2026-07-08T09:07:22.943876+00:00,121.2,35,bid,,,11980097
2026-07-08T09:07:22.937348,2026-07-08T09:07:22.949493+00:00,121.2,7,bid,,,11980098
2026-07-08T09:07:24.253417,2026-07-08T09:07:24.276325+00:00,121.2,12,bid,,,11980125
2026-07-08T09:07:24.513332,2026-07-08T09:07:24.523526+00:00,121.0,50,ask,,,11980131
2026-07-08T09:07:26.062083,2026-07-08T09:07:26.070007+00:00,121.1,9,ask,,,11980157
2026-07-08T09:07:26.657343,2026-07-08T09:07:26.669284+00:00,121.1,50,ask,,,11980167
2026-07-08T09:07:26.664039,2026-07-08T09:07:26.669284+00:00,121.1,12,ask,,,11980168
2026-07-08T09:07:27.151439,2026-07-08T09:07:27.163916+00:00,121.5,42,bid,,,11980174
2026-07-08T09:07:27.630442,2026-07-08T09:07:27.638683+00:00,121.5,49,bid,,,11980177
2026-07-08T09:07:27.908782,2026-07-08T09:07:27.926845+00:00,121.5,25,ask,,,11980183
2026-07-08T09:07:27.917136,2026-07-08T09:07:27.926845+00:00,121.5,14,ask,,,11980185
2026-07-08T09:07:27.943600,2026-07-08T09:07:27.952709+00:00,121.5,10,ask,,,11980188
2026-07-08T09:07:28.088578,2026-07-08T09:07:28.098743+00:00,121.5,51,ask,,,11980193
2026-07-08T09:07:28.732727,2026-07-08T09:07:28.744464+00:00,121.1,47,ask,,,11980205
2026-07-08T09:07:29.268271,2026-07-08T09:07:29.279520+00:00,121.1,8,ask,,,11980214
2026-07-08T09:07:29.280077,2026-07-08T09:07:29.295595+00:00,121.0,15,bid,,,11980215
2026-07-08T09:07:29.283819,2026-07-08T09:07:29.295595+00:00,121.0,3,bid,,,11980216
2026-07-08T09:07:29.357003,2026-07-08T09:07:29.367768+00:00,121.0,10,bid,,,11980222
2026-07-08T09:07:30.760783,2026-07-08T09:07:30.775209+00:00,121.0,46,bid,,,11980240
2026-07-08T09:07:30.777524,2026-07-08T09:07:30.790403+00:00,121.0,10,bid,,,11980244
2026-07-08T09:07:30.818223,2026-07-08T09:07:30.830290+00:00,121.0,50,bid,,,11980246
2026-07-08T09:07:31.049312,2026-07-08T09:07:31.056513+00:00,121.0,8,bid,,,11980252
2026-07-08T09:07:31.049312,2026-07-08T09:07:31.056513+00:00,121.1,8,bid,,,11980253
2026-07-08T09:07:31.141196,2026-07-08T09:07:31.154506+00:00,121.1,23,ask,,,11980255
2026-07-08T09:07:31.265334,2026-07-08T09:07:31.276565+00:00,121.1,8,ask,,,11980259
2026-07-08T09:07:31.498639,2026-07-08T09:07:31.509649+00:00,121.1,4,ask,,,11980265
2026-07-08T09:07:31.590562,2026-07-08T09:07:31.600913+00:00,121.1,8,ask,,,11980268
2026-07-08T09:07:31.919175,2026-07-08T09:07:31.929735+00:00,121.1,3,ask,,,11980275
2026-07-08T09:07:32.103249,2026-07-08T09:07:32.110811+00:00,121.6,41,bid,,,11980281
2026-07-08T09:07:32.703076,2026-07-08T09:07:32.714681+00:00,121.2,3,ask,,,11980294
2026-07-08T09:07:32.710148,2026-07-08T09:07:32.714681+00:00,121.2,10,ask,,,11980295
2026-07-08T09:07:32.792809,2026-07-08T09:07:32.803832+00:00,121.2,10,ask,,,11980299
2026-07-08T09:07:32.888290,2026-07-08T09:07:32.901420+00:00,121.2,8,ask,,,11980300
2026-07-08T09:07:32.944562,2026-07-08T09:07:32.958610+00:00,121.6,50,bid,,,11980303
2026-07-08T09:07:33.332333,2026-07-08T09:07:33.340510+00:00,121.2,2,ask,,,11980313
2026-07-08T09:07:34.335701,2026-07-08T09:07:34.347551+00:00,121.2,47,ask,,,11980330
2026-07-08T09:07:35.050235,2026-07-08T09:07:35.057038+00:00,121.4,1,bid,,,11980341
2026-07-08T09:07:35.050235,2026-07-08T09:07:35.057038+00:00,121.5,49,bid,,,11980342
2026-07-08T09:07:37.163553,2026-07-08T09:07:37.175637+00:00,121.2,50,bid,,,11980364
2026-07-08T09:07:37.398161,2026-07-08T09:07:37.408248+00:00,121.2,100,bid,,,11980367
2026-07-08T09:07:38.798697,2026-07-08T09:07:38.809734+00:00,121.3,9,ask,,,11980391
2026-07-08T09:07:38.827800,2026-07-08T09:07:38.835897+00:00,121.3,10,ask,,,11980394
2026-07-08T09:07:39.042229,2026-07-08T09:07:39.051699+00:00,121.3,10,ask,,,11980399
2026-07-08T09:07:39.168560,2026-07-08T09:07:39.180309+00:00,121.3,37,ask,,,11980401
2026-07-08T09:07:39.253681,2026-07-08T09:07:39.255631+00:00,121.3,5,ask,,,11980403
2026-07-08T09:07:39.273538,2026-07-08T09:07:39.285258+00:00,121.7,50,bid,,,11980404
2026-07-08T09:07:39.994022,2026-07-08T09:07:40.005218+00:00,121.3,3,ask,,,11980415
2026-07-08T09:07:39.997547,2026-07-08T09:07:40.005218+00:00,121.3,10,ask,,,11980416
2026-07-08T09:07:40.035747,2026-07-08T09:07:40.047232+00:00,121.3,35,ask,,,11980422
2026-07-08T09:07:40.070259,2026-07-08T09:07:40.078473+00:00,121.3,10,ask,,,11980424
2026-07-08T09:07:40.130395,2026-07-08T09:07:40.137907+00:00,121.3,21,ask,,,11980427
2026-07-08T09:07:40.130395,2026-07-08T09:07:40.142947+00:00,121.3,8,ask,,,11980428
2026-07-08T09:07:41.205171,2026-07-08T09:07:41.216911+00:00,121.4,44,bid,,,11980440
2026-07-08T09:07:41.408502,2026-07-08T09:07:41.416105+00:00,121.4,50,bid,,,11980447
2026-07-08T09:07:41.788975,2026-07-08T09:07:41.801230+00:00,121.0,1,ask,,,11980451
2026-07-08T09:07:41.788975,2026-07-08T09:07:41.801230+00:00,120.9,47,ask,,,11980452
2026-07-08T09:07:41.940042,2026-07-08T09:07:41.954703+00:00,121.1,9,bid,,,11980454
2026-07-08T09:07:41.943702,2026-07-08T09:07:41.954703+00:00,121.1,3,bid,,,11980455
2026-07-08T09:07:43.515286,2026-07-08T09:07:43.526911+00:00,121.1,50,bid,,,11980476
2026-07-08T09:07:43.728302,2026-07-08T09:07:43.740155+00:00,121.1,88,bid,,,11980479
2026-07-08T09:07:43.877853,2026-07-08T09:07:43.890436+00:00,121.1,12,ask,,,11980480
2026-07-08T09:07:43.877853,2026-07-08T09:07:43.890436+00:00,120.9,1,ask,,,11980481
2026-07-08T09:07:43.877853,2026-07-08T09:07:43.895678+00:00,120.8,8,ask,,,11980482
2026-07-08T09:07:44.998287,2026-07-08T09:07:45.006129+00:00,121.2,8,bid,,,11980500
2026-07-08T09:07:44.998287,2026-07-08T09:07:45.011395+00:00,121.3,1,bid,,,11980501
2026-07-08T09:07:45.651325,2026-07-08T09:07:45.658570+00:00,121.3,50,bid,,,11980515
2026-07-08T09:07:46.159004,2026-07-08T09:07:46.168697+00:00,120.8,46,ask,,,11980523
2026-07-08T09:07:47.759757,2026-07-08T09:07:47.771667+00:00,121.0,50,bid,,,11980545
2026-07-08T09:07:48.208126,2026-07-08T09:07:48.220161+00:00,121.0,50,bid,,,11980554
2026-07-08T09:07:49.942291,2026-07-08T09:07:49.954330+00:00,121.0,50,ask,,,11980576
2026-07-08T09:07:50.488578,2026-07-08T09:07:50.500582+00:00,121.4,8,bid,,,11980584
2026-07-08T09:07:50.488578,2026-07-08T09:07:50.500582+00:00,121.5,37,bid,,,11980585
2026-07-08T09:07:50.644060,2026-07-08T09:07:50.658017+00:00,121.1,8,ask,,,11980590
2026-07-08T09:07:51.789304,2026-07-08T09:07:51.797982+00:00,121.0,2,ask,,,11980614
2026-07-08T09:07:51.793442,2026-07-08T09:07:51.797982+00:00,121.0,3,ask,,,11980615
2026-07-08T09:07:51.863361,2026-07-08T09:07:51.874577+00:00,121.0,35,ask,,,11980619
2026-07-08T09:07:51.905906,2026-07-08T09:07:51.917030+00:00,121.0,10,ask,,,11980621
2026-07-08T09:07:51.955071,2026-07-08T09:07:51.951624+00:00,121.0,35,ask,,,11980623
2026-07-08T09:07:52.066252,2026-07-08T09:07:52.079698+00:00,121.0,15,ask,,,11980626
2026-07-08T09:07:52.066252,2026-07-08T09:07:52.079698+00:00,121.0,8,ask,,,11980627
2026-07-08T09:07:52.066252,2026-07-08T09:07:52.084659+00:00,120.7,27,ask,,,11980628
2026-07-08T09:07:52.168578,2026-07-08T09:07:52.177716+00:00,121.2,48,bid,,,11980630
2026-07-08T09:07:53.747311,2026-07-08T09:07:53.753917+00:00,120.7,45,ask,,,11980645
2026-07-08T09:07:54.175824,2026-07-08T09:07:54.185346+00:00,120.7,50,ask,,,11980660
2026-07-08T09:07:54.413517,2026-07-08T09:07:54.426291+00:00,121.0,3,bid,,,11980667
2026-07-08T09:07:54.417538,2026-07-08T09:07:54.426291+00:00,121.0,10,bid,,,11980668
2026-07-08T09:07:56.318625,2026-07-08T09:07:56.329725+00:00,120.7,1,ask,,,11980689
2026-07-08T09:07:56.318625,2026-07-08T09:07:56.329725+00:00,120.6,49,ask,,,11980690
2026-07-08T09:07:57.788116,2026-07-08T09:07:57.797547+00:00,120.8,100,ask,,,11980709
2026-07-08T09:07:57.788116,2026-07-08T09:07:57.797547+00:00,120.8,8,ask,,,11980710
2026-07-08T09:07:57.805992,2026-07-08T09:07:57.813361+00:00,120.8,19,bid,,,11980711
2026-07-08T09:07:57.857590,2026-07-08T09:07:57.869739+00:00,120.8,23,bid,,,11980713
2026-07-08T09:07:57.950729,2026-07-08T09:07:57.958595+00:00,120.9,8,bid,,,11980715
2026-07-08T09:07:58.427547,2026-07-08T09:07:58.439887+00:00,120.6,8,ask,,,11980725
2026-07-08T09:07:58.427547,2026-07-08T09:07:58.439887+00:00,120.3,42,ask,,,11980726
2026-07-08T09:07:58.602309,2026-07-08T09:07:58.612364+00:00,120.9,8,bid,,,11980729
2026-07-08T09:07:58.933367,2026-07-08T09:07:58.945168+00:00,120.9,8,bid,,,11980734
2026-07-08T09:07:59.264892,2026-07-08T09:07:59.276830+00:00,120.9,8,bid,,,11980739
2026-07-08T09:08:00.477417,2026-07-08T09:08:00.489222+00:00,120.9,8,bid,,,11980759
2026-07-08T09:08:00.569160,2026-07-08T09:08:00.580714+00:00,121.0,45,bid,,,11980762
2026-07-08T09:08:00.569517,2026-07-08T09:08:00.580714+00:00,120.6,8,ask,,,11980763
2026-07-08T09:08:00.569517,2026-07-08T09:08:00.580714+00:00,120.5,42,ask,,,11980764
2026-07-08T09:08:00.649544,2026-07-08T09:08:00.658585+00:00,120.9,8,bid,,,11980765
2026-07-08T09:08:02.678847,2026-07-08T09:08:02.690727+00:00,120.8,50,ask,,,11980799
2026-07-08T09:08:04.786672,2026-07-08T09:08:04.796635+00:00,120.7,8,ask,,,11980833
2026-07-08T09:08:04.786672,2026-07-08T09:08:04.796635+00:00,120.6,42,ask,,,11980834
2026-07-08T09:08:05.308372,2026-07-08T09:08:05.316086+00:00,121.0,45,bid,,,11980840
2026-07-08T09:08:05.845136,2026-07-08T09:08:05.856654+00:00,120.7,8,ask,,,11980847
2026-07-08T09:08:05.845136,2026-07-08T09:08:05.856654+00:00,120.6,35,ask,,,11980848
2026-07-08T09:08:07.280249,2026-07-08T09:08:07.292066+00:00,120.7,8,ask,,,11980867
2026-07-08T09:08:07.313005,2026-07-08T09:08:07.321647+00:00,120.7,63,bid,,,11980868
2026-07-08T09:08:07.438820,2026-07-08T09:08:07.449242+00:00,120.7,1,bid,,,11980871
2026-07-08T09:08:07.494205,2026-07-08T09:08:07.506209+00:00,120.7,47,bid,,,11980872
2026-07-08T09:08:09.034309,2026-07-08T09:08:09.044224+00:00,120.5,8,ask,,,11980890
2026-07-08T09:08:09.698090,2026-07-08T09:08:09.708693+00:00,120.5,44,ask,,,11980894
2026-07-08T09:08:10.235724,2026-07-08T09:08:10.247316+00:00,120.5,44,ask,,,11980900
2026-07-08T09:08:10.393518,2026-07-08T09:08:10.405556+00:00,120.7,8,bid,,,11980905
2026-07-08T09:08:11.141901,2026-07-08T09:08:11.149376+00:00,120.7,50,ask,,,11980911
2026-07-08T09:08:12.270911,2026-07-08T09:08:12.282265+00:00,120.8,8,ask,,,11980922
2026-07-08T09:08:12.270911,2026-07-08T09:08:12.282265+00:00,120.7,92,ask,,,11980923
2026-07-08T09:08:13.281424,2026-07-08T09:08:13.290178+00:00,120.5,8,ask,,,11980943
2026-07-08T09:08:13.281424,2026-07-08T09:08:13.290178+00:00,120.2,42,ask,,,11980944
2026-07-08T09:08:13.483335,2026-07-08T09:08:13.494010+00:00,120.2,1,ask,,,11980948
2026-07-08T09:08:13.614684,2026-07-08T09:08:13.626425+00:00,120.4,8,ask,,,11980952
2026-07-08T09:08:13.628178,2026-07-08T09:08:13.637662+00:00,120.4,14,bid,,,11980953
2026-07-08T09:08:13.636692,2026-07-08T09:08:13.652855+00:00,120.4,20,bid,,,11980955
2026-07-08T09:08:13.764979,2026-07-08T09:08:13.775746+00:00,120.4,10,bid,,,11980960
2026-07-08T09:08:13.978478,2026-07-08T09:08:13.988250+00:00,120.4,10,bid,,,11980966
2026-07-08T09:08:14.197525,2026-07-08T09:08:14.208456+00:00,120.4,10,bid,,,11980968
2026-07-08T09:08:14.410546,2026-07-08T09:08:14.421332+00:00,120.4,10,bid,,,11980971
2026-07-08T09:08:14.501007,2026-07-08T09:08:14.511132+00:00,120.4,15,bid,,,11980973
2026-07-08T09:08:14.623182,2026-07-08T09:08:14.633709+00:00,120.4,5,bid,,,11980975
2026-07-08T09:08:15.389979,2026-07-08T09:08:15.399954+00:00,120.3,50,ask,,,11980985
2026-07-08T09:08:16.031121,2026-07-08T09:08:16.039656+00:00,120.4,45,bid,,,11980993
2026-07-08T09:08:16.731454,2026-07-08T09:08:16.738925+00:00,120.5,8,bid,,,11981005
2026-07-08T09:08:17.508166,2026-07-08T09:08:17.518872+00:00,120.5,50,ask,,,11981017
2026-07-08T09:08:18.973556,2026-07-08T09:08:18.982684+00:00,120.7,42,bid,,,11981033
2026-07-08T09:08:19.618240,2026-07-08T09:08:19.629909+00:00,120.5,50,ask,,,11981042
2026-07-08T09:08:21.229875,2026-07-08T09:08:21.237593+00:00,120.3,48,ask,,,11981063
2026-07-08T09:08:21.736879,2026-07-08T09:08:21.747170+00:00,120.4,50,ask,,,11981069
2026-07-08T09:08:22.577228,2026-07-08T09:08:22.587577+00:00,120.4,15,ask,,,11981078
2026-07-08T09:08:23.112791,2026-07-08T09:08:23.124603+00:00,120.4,35,ask,,,11981083
2026-07-08T09:08:23.295670,2026-07-08T09:08:23.313514+00:00,120.4,20,bid,,,11981089
2026-07-08T09:08:23.303926,2026-07-08T09:08:23.313514+00:00,120.4,23,bid,,,11981091
2026-07-08T09:08:23.452692,2026-07-08T09:08:23.457991+00:00,120.4,10,bid,,,11981097
2026-07-08T09:08:23.594183,2026-07-08T09:08:23.604228+00:00,120.4,51,bid,,,11981100
2026-07-08T09:08:23.664750,2026-07-08T09:08:23.674910+00:00,120.4,10,bid,,,11981102
2026-07-08T09:08:23.844563,2026-07-08T09:08:23.858597+00:00,120.0,8,ask,,,11981103
2026-07-08T09:08:23.844563,2026-07-08T09:08:23.858597+00:00,119.9,42,ask,,,11981104
2026-07-08T09:08:23.876146,2026-07-08T09:08:23.884467+00:00,120.4,1,bid,,,11981106
2026-07-08T09:08:23.884324,2026-07-08T09:08:23.895335+00:00,120.9,2,bid,,,11981108
2026-07-08T09:08:24.094729,2026-07-08T09:08:24.101674+00:00,120.4,8,bid,,,11981112
2026-07-08T09:08:24.099371,2026-07-08T09:08:24.106684+00:00,120.9,2,bid,,,11981113
2026-07-08T09:08:24.305603,2026-07-08T09:08:24.314901+00:00,120.6,2,bid,,,11981119
2026-07-08T09:08:24.513797,2026-07-08T09:08:24.521418+00:00,120.6,2,bid,,,11981125
2026-07-08T09:08:24.720541,2026-07-08T09:08:24.727974+00:00,120.6,2,bid,,,11981127
2026-07-08T09:08:24.926096,2026-07-08T09:08:24.934527+00:00,120.8,1,bid,,,11981130
2026-07-08T09:08:25.989094,2026-07-08T09:08:26.000540+00:00,120.2,50,ask,,,11981140
2026-07-08T09:08:26.345656,2026-07-08T09:08:26.357838+00:00,120.7,48,bid,,,11981143
2026-07-08T09:08:28.096636,2026-07-08T09:08:28.108209+00:00,120.5,50,ask,,,11981162
2026-07-08T09:08:28.778279,2026-07-08T09:08:28.786960+00:00,120.8,47,bid,,,11981175
2026-07-08T09:08:30.204194,2026-07-08T09:08:30.212811+00:00,120.7,50,ask,,,11981199
2026-07-08T09:08:30.460340,2026-07-08T09:08:30.472483+00:00,120.7,45,ask,,,11981203
2026-07-08T09:08:32.259954,2026-07-08T09:08:32.269189+00:00,121.1,50,bid,,,11981231
2026-07-08T09:08:32.604543,2026-07-08T09:08:32.613730+00:00,120.6,100,ask,,,11981236
2026-07-08T09:08:32.604543,2026-07-08T09:08:32.613730+00:00,120.6,8,ask,,,11981237
2026-07-08T09:08:32.757070,2026-07-08T09:08:32.763874+00:00,120.6,10,bid,,,11981241
2026-07-08T09:08:33.006646,2026-07-08T09:08:33.019211+00:00,120.6,32,bid,,,11981250
2026-07-08T09:08:33.006646,2026-07-08T09:08:33.019211+00:00,120.6,8,bid,,,11981251
2026-07-08T09:08:33.065723,2026-07-08T09:08:33.077908+00:00,120.1,42,ask,,,11981252
2026-07-08T09:08:33.682472,2026-07-08T09:08:33.694524+00:00,120.3,8,ask,,,11981259
2026-07-08T09:08:33.682472,2026-07-08T09:08:33.694524+00:00,120.1,33,ask,,,11981260
2026-07-08T09:08:34.368064,2026-07-08T09:08:34.380262+00:00,120.8,8,bid,,,11981273
2026-07-08T09:08:34.368064,2026-07-08T09:08:34.380262+00:00,121.5,1,bid,,,11981274
2026-07-08T09:08:34.469287,2026-07-08T09:08:34.479195+00:00,120.9,1,bid,,,11981277
2026-07-08T09:08:36.511340,2026-07-08T09:08:36.520941+00:00,120.9,50,bid,,,11981304
2026-07-08T09:08:38.622333,2026-07-08T09:08:38.634290+00:00,120.9,50,bid,,,11981332
2026-07-08T09:08:38.699753,2026-07-08T09:08:38.709261+00:00,120.5,48,ask,,,11981333
2026-07-08T09:08:40.715085,2026-07-08T09:08:40.722075+00:00,120.7,45,bid,,,11981356
2026-07-08T09:08:40.754486,2026-07-08T09:08:40.766043+00:00,120.7,50,bid,,,11981358
2026-07-08T09:08:41.256655,2026-07-08T09:08:41.268456+00:00,120.6,45,ask,,,11981365
2026-07-08T09:08:41.671216,2026-07-08T09:08:41.684948+00:00,120.6,23,ask,,,11981376
2026-07-08T09:08:41.811947,2026-07-08T09:08:41.824208+00:00,120.7,42,bid,,,11981380
2026-07-08T09:08:41.883612,2026-07-08T09:08:41.892998+00:00,120.6,20,ask,,,11981385
2026-07-08T09:08:42.864153,2026-07-08T09:08:42.874485+00:00,120.9,50,bid,,,11981394
2026-07-08T09:08:45.003029,2026-07-08T09:08:45.014772+00:00,120.9,50,bid,,,11981417
2026-07-08T09:08:45.215925,2026-07-08T09:08:45.226427+00:00,121.0,100,bid,,,11981423
2026-07-08T09:08:45.235190,2026-07-08T09:08:45.241847+00:00,121.3,8,ask,,,11981425
2026-07-08T09:08:45.283310,2026-07-08T09:08:45.293979+00:00,121.3,14,ask,,,11981428
2026-07-08T09:08:45.399569,2026-07-08T09:08:45.408974+00:00,121.3,10,ask,,,11981437
2026-07-08T09:08:45.612637,2026-07-08T09:08:45.623095+00:00,121.3,10,ask,,,11981447
2026-07-08T09:08:45.824213,2026-07-08T09:08:45.835952+00:00,121.3,8,ask,,,11981452
2026-07-08T09:08:45.824213,2026-07-08T09:08:45.835952+00:00,121.3,2,ask,,,11981453
2026-07-08T09:08:47.113890,2026-07-08T09:08:47.124844+00:00,121.3,50,bid,,,11981470
2026-07-08T09:08:47.727210,2026-07-08T09:08:47.736833+00:00,120.8,47,ask,,,11981477
2026-07-08T09:08:49.235494,2026-07-08T09:08:49.247582+00:00,121.1,50,bid,,,11981495
2026-07-08T09:08:50.392105,2026-07-08T09:08:50.404338+00:00,121.0,8,bid,,,11981509
2026-07-08T09:08:50.392105,2026-07-08T09:08:50.404338+00:00,121.1,32,bid,,,11981510
