timestamp,recv_time,price,volume,aggressor_side,buyer,seller,trade_id
2026-07-02T22:00:00.375171,2026-07-02T22:00:00.386897+00:00,122.6,46,bid,CostlyCorianders,EarnestEspressos,4864732
2026-07-02T22:00:00.518159,2026-07-02T22:00:00.528139+00:00,122.6,11,bid,Xuanyu Liu,EarnestEspressos,4864738
2026-07-02T22:00:01.271315,2026-07-02T22:00:01.269316+00:00,122.1,50,ask,EarnestEspressos,FlawlessFlatbreads,4864764
2026-07-02T22:00:03.378682,2026-07-02T22:00:03.386003+00:00,122.3,3,ask,Kelvin Chan,FlawlessFlatbreads,4864792
2026-07-02T22:00:03.378682,2026-07-02T22:00:03.391177+00:00,122.2,47,ask,EarnestEspressos,FlawlessFlatbreads,4864793
2026-07-02T22:00:05.486751,2026-07-02T22:00:05.498156+00:00,122.3,2,ask,Kelvin Chan,FlawlessFlatbreads,4864840
2026-07-02T22:00:05.486751,2026-07-02T22:00:05.498156+00:00,122.2,48,ask,DiligentDonuts,FlawlessFlatbreads,4864841
2026-07-02T22:00:05.531353,2026-07-02T22:00:05.541001+00:00,122.5,11,bid,Xuanyu Liu,EarnestEspressos,4864843
2026-07-02T22:00:05.699588,2026-07-02T22:00:05.708124+00:00,122.5,12,bid,Zihao Wu,EarnestEspressos,4864849
2026-07-02T22:00:05.861372,2026-07-02T22:00:05.869837+00:00,122.5,12,bid,Xuanyu Liu,EarnestEspressos,4864856
2026-07-02T22:00:07.145617,2026-07-02T22:00:07.157253+00:00,122.5,41,bid,CostlyCorianders,EarnestEspressos,4864879
2026-07-02T22:00:07.595162,2026-07-02T22:00:07.606703+00:00,122.3,2,ask,Kelvin Chan,FlawlessFlatbreads,4864888
2026-07-02T22:00:07.595162,2026-07-02T22:00:07.606703+00:00,122.1,48,ask,DiligentDonuts,FlawlessFlatbreads,4864889
2026-07-02T22:00:07.628970,2026-07-02T22:00:07.640243+00:00,122.3,2,ask,Kelvin Chan,CostlyCorianders,4864890
2026-07-02T22:00:09.228770,2026-07-02T22:00:09.239979+00:00,122.4,100,ask,EarnestEspressos,DiligentDonuts,4864926
2026-07-02T22:00:09.701701,2026-07-02T22:00:09.713224+00:00,122.4,50,ask,EarnestEspressos,FlawlessFlatbreads,4864935
2026-07-02T22:00:10.133426,2026-07-02T22:00:10.145327+00:00,122.9,40,bid,CostlyCorianders,EarnestEspressos,4864942
2026-07-02T22:00:10.266610,2026-07-02T22:00:10.278158+00:00,122.3,2,ask,Kelvin Chan,Zihao Wu,4864948
2026-07-02T22:00:10.470201,2026-07-02T22:00:10.479246+00:00,122.3,5,ask,Kelvin Chan,Zihao Wu,4864953
2026-07-02T22:00:10.776017,2026-07-02T22:00:10.785726+00:00,122.2,5,ask,Kelvin Chan,CostlyCorianders,4864961
2026-07-02T22:00:10.776017,2026-07-02T22:00:10.785726+00:00,121.9,38,ask,DiligentDonuts,CostlyCorianders,4864962
2026-07-02T22:00:11.067141,2026-07-02T22:00:11.073393+00:00,122.9,7,bid,Zihao Wu,EarnestEspressos,4864973
2026-07-02T22:00:11.693292,2026-07-02T22:00:11.705351+00:00,122.9,41,bid,CostlyCorianders,EarnestEspressos,4864985
2026-07-02T22:00:11.869666,2026-07-02T22:00:11.880783+00:00,122.5,7,ask,EarnestEspressos,Zihao Wu,4864988
2026-07-02T22:00:13.912007,2026-07-02T22:00:13.922483+00:00,122.5,50,ask,EarnestEspressos,FlawlessFlatbreads,4865033
2026-07-02T22:00:14.470337,2026-07-02T22:00:14.481669+00:00,123.0,47,bid,CostlyCorianders,EarnestEspressos,4865043
2026-07-02T22:00:14.526081,2026-07-02T22:00:14.537491+00:00,122.5,49,ask,EarnestEspressos,CostlyCorianders,4865044
2026-07-02T22:00:15.015549,2026-07-02T22:00:15.024358+00:00,122.8,11,bid,Xuanyu Liu,EarnestEspressos,4865061
2026-07-02T22:00:15.060580,2026-07-02T22:00:15.071859+00:00,122.8,45,bid,CostlyCorianders,EarnestEspressos,4865063
2026-07-02T22:00:15.073124,2026-07-02T22:00:15.082615+00:00,122.8,7,bid,Zihao Wu,EarnestEspressos,4865066
2026-07-02T22:00:15.114324,2026-07-02T22:00:15.124083+00:00,122.5,47,ask,DiligentDonuts,CostlyCorianders,4865067
2026-07-02T22:00:16.019069,2026-07-02T22:00:16.030790+00:00,122.4,50,ask,DiligentDonuts,FlawlessFlatbreads,4865084
2026-07-02T22:00:18.074222,2026-07-02T22:00:18.081371+00:00,122.4,7,ask,DiligentDonuts,Zihao Wu,4865125
2026-07-02T22:00:18.496397,2026-07-02T22:00:18.504755+00:00,122.7,44,bid,CostlyCorianders,EarnestEspressos,4865137
2026-07-02T22:00:18.718550,2026-07-02T22:00:18.727258+00:00,122.4,6,bid,Xuanyu Liu,DiligentDonuts,4865142
2026-07-02T22:00:18.876652,2026-07-02T22:00:18.886388+00:00,122.4,7,bid,Zihao Wu,DiligentDonuts,4865147
2026-07-02T22:00:20.181304,2026-07-02T22:00:20.192577+00:00,122.4,50,bid,FlawlessFlatbreads,DiligentDonuts,4865184
2026-07-02T22:00:21.278526,2026-07-02T22:00:21.288690+00:00,122.4,37,bid,EarnestEspressos,DiligentDonuts,4865206
2026-07-02T22:00:21.442168,2026-07-02T22:00:21.450663+00:00,122.5,6,ask,EarnestEspressos,Xuanyu Liu,4865210
2026-07-02T22:00:21.477839,2026-07-02T22:00:21.484954+00:00,122.5,7,ask,EarnestEspressos,Zihao Wu,4865213
2026-07-02T22:00:21.815541,2026-07-02T22:00:21.822353+00:00,122.5,48,ask,EarnestEspressos,CostlyCorianders,4865216
2026-07-02T22:00:22.287323,2026-07-02T22:00:22.298738+00:00,122.6,50,bid,FlawlessFlatbreads,DiligentDonuts,4865229
2026-07-02T22:00:22.881061,2026-07-02T22:00:22.892237+00:00,122.6,7,bid,Zihao Wu,DiligentDonuts,4865240
2026-07-02T22:00:24.392710,2026-07-02T22:00:24.406110+00:00,122.6,43,bid,FlawlessFlatbreads,DiligentDonuts,4865267
2026-07-02T22:00:24.392710,2026-07-02T22:00:24.406110+00:00,122.6,5,bid,FlawlessFlatbreads,Kelvin Chan,4865268
2026-07-02T22:00:24.980797,2026-07-02T22:00:24.989988+00:00,122.4,42,ask,DiligentDonuts,CostlyCorianders,4865273
2026-07-02T22:00:26.500736,2026-07-02T22:00:26.509327+00:00,122.5,50,bid,FlawlessFlatbreads,EarnestEspressos,4865300
2026-07-02T22:00:28.611726,2026-07-02T22:00:28.623598+00:00,122.6,5,bid,FlawlessFlatbreads,Kelvin Chan,4865342
2026-07-02T22:00:28.611726,2026-07-02T22:00:28.623598+00:00,122.6,45,bid,FlawlessFlatbreads,EarnestEspressos,4865343
2026-07-02T22:00:29.360644,2026-07-02T22:00:29.371898+00:00,122.6,43,bid,CostlyCorianders,EarnestEspressos,4865369
2026-07-02T22:00:29.971119,2026-07-02T22:00:29.977646+00:00,122.6,41,bid,CostlyCorianders,EarnestEspressos,4865387
2026-07-02T22:00:30.025058,2026-07-02T22:00:30.036569+00:00,122.3,45,ask,DiligentDonuts,CostlyCorianders,4865388
2026-07-02T22:00:30.523537,2026-07-02T22:00:30.535142+00:00,122.6,21,bid,CostlyCorianders,EarnestEspressos,4865399
2026-07-02T22:00:30.523537,2026-07-02T22:00:30.535142+00:00,122.6,2,bid,CostlyCorianders,Kelvin Chan,4865400
2026-07-02T22:00:30.523537,2026-07-02T22:00:30.535142+00:00,122.8,23,bid,CostlyCorianders,DiligentDonuts,4865401
2026-07-02T22:00:30.696460,2026-07-02T22:00:30.703091+00:00,122.3,7,ask,DiligentDonuts,Zihao Wu,4865403
2026-07-02T22:00:30.765336,2026-07-02T22:00:30.777081+00:00,122.8,77,bid,EarnestEspressos,DiligentDonuts,4865404
2026-07-02T22:00:30.770628,2026-07-02T22:00:30.782080+00:00,122.8,50,ask,EarnestEspressos,FlawlessFlatbreads,4865405
2026-07-02T22:00:30.833465,2026-07-02T22:00:30.842855+00:00,122.8,23,ask,EarnestEspressos,Xuanyu Liu,4865407
2026-07-02T22:00:31.908415,2026-07-02T22:00:31.917736+00:00,122.6,4,bid,Zihao Wu,Kelvin Chan,4865434
2026-07-02T22:00:32.088279,2026-07-02T22:00:32.096369+00:00,122.6,5,bid,Xuanyu Liu,Kelvin Chan,4865441
2026-07-02T22:00:32.501264,2026-07-02T22:00:32.508897+00:00,122.5,10,ask,DiligentDonuts,Zihao Wu,4865458
2026-07-02T22:00:32.691632,2026-07-02T22:00:32.702958+00:00,122.5,3,ask,DiligentDonuts,Zihao Wu,4865462
2026-07-02T22:00:32.825708,2026-07-02T22:00:32.837234+00:00,123.0,50,bid,FlawlessFlatbreads,DiligentDonuts,4865466
2026-07-02T22:00:34.464974,2026-07-02T22:00:34.473913+00:00,122.8,7,bid,Xuanyu Liu,EarnestEspressos,4865504
2026-07-02T22:00:34.492930,2026-07-02T22:00:34.499486+00:00,122.8,16,bid,Zihao Wu,EarnestEspressos,4865507
2026-07-02T22:00:34.573193,2026-07-02T22:00:34.580831+00:00,122.8,17,bid,Xuanyu Liu,EarnestEspressos,4865510
2026-07-02T22:00:34.931365,2026-07-02T22:00:34.942776+00:00,122.8,50,bid,FlawlessFlatbreads,EarnestEspressos,4865514
2026-07-02T22:00:35.513108,2026-07-02T22:00:35.524067+00:00,122.7,43,ask,DiligentDonuts,CostlyCorianders,4865524
2026-07-02T22:00:37.038099,2026-07-02T22:00:37.058584+00:00,122.8,50,bid,FlawlessFlatbreads,EarnestEspressos,4865580
2026-07-02T22:00:37.105725,2026-07-02T22:00:37.114062+00:00,122.8,6,ask,EarnestEspressos,Xuanyu Liu,4865582
2026-07-02T22:00:38.497537,2026-07-02T22:00:38.509122+00:00,122.8,16,ask,EarnestEspressos,Zihao Wu,4865610
2026-07-02T22:00:39.164433,2026-07-02T22:00:39.177107+00:00,123.2,50,bid,FlawlessFlatbreads,DiligentDonuts,4865625
2026-07-02T22:00:40.229203,2026-07-02T22:00:40.240538+00:00,123.2,49,bid,CostlyCorianders,DiligentDonuts,4865651
2026-07-02T22:00:40.802147,2026-07-02T22:00:40.810673+00:00,123.1,11,ask,DiligentDonuts,Xuanyu Liu,4865677
2026-07-02T22:00:41.277014,2026-07-02T22:00:41.288950+00:00,123.5,50,bid,FlawlessFlatbreads,EarnestEspressos,4865686
2026-07-02T22:00:41.295223,2026-07-02T22:00:41.306889+00:00,123.1,49,ask,DiligentDonuts,CostlyCorianders,4865687
2026-07-02T22:00:41.438990,2026-07-02T22:00:41.448294+00:00,123.1,1,ask,DiligentDonuts,Xuanyu Liu,4865688
2026-07-02T22:00:41.810400,2026-07-02T22:00:41.818843+00:00,123.1,2,ask,DiligentDonuts,Xuanyu Liu,4865693
2026-07-02T22:00:41.837305,2026-07-02T22:00:41.849172+00:00,123.1,37,ask,DiligentDonuts,CostlyCorianders,4865695
2026-07-02T22:00:41.837305,2026-07-02T22:00:41.849172+00:00,123.0,10,ask,EarnestEspressos,CostlyCorianders,4865696
2026-07-02T22:00:43.343732,2026-07-02T22:00:43.358555+00:00,123.5,45,bid,CostlyCorianders,EarnestEspressos,4865730
2026-07-02T22:00:43.435529,2026-07-02T22:00:43.444982+00:00,123.3,31,ask,EarnestEspressos,Xuanyu Liu,4865737
2026-07-02T22:00:43.455205,2026-07-02T22:00:43.466796+00:00,123.3,50,ask,EarnestEspressos,FlawlessFlatbreads,4865740
2026-07-02T22:00:43.961905,2026-07-02T22:00:43.969600+00:00,123.3,48,ask,EarnestEspressos,CostlyCorianders,4865760
2026-07-02T22:00:44.005116,2026-07-02T22:00:44.017172+00:00,123.3,21,ask,EarnestEspressos,DiligentDonuts,4865761
2026-07-02T22:00:45.509655,2026-07-02T22:00:45.519195+00:00,123.3,50,bid,FlawlessFlatbreads,DiligentDonuts,4865793
2026-07-02T22:00:46.643015,2026-07-02T22:00:46.651701+00:00,123.2,11,bid,Xuanyu Liu,EarnestEspressos,4865812
2026-07-02T22:00:47.630799,2026-07-02T22:00:47.643553+00:00,123.2,50,bid,FlawlessFlatbreads,EarnestEspressos,4865843
2026-07-02T22:00:47.641559,2026-07-02T22:00:47.658729+00:00,123.2,47,bid,CostlyCorianders,EarnestEspressos,4865844
2026-07-02T22:00:47.691132,2026-07-02T22:00:47.701172+00:00,123.2,11,bid,Xuanyu Liu,EarnestEspressos,4865845
2026-07-02T22:00:47.773217,2026-07-02T22:00:47.781814+00:00,123.2,16,bid,Zihao Wu,EarnestEspressos,4865849
2026-07-02T22:00:49.751412,2026-07-02T22:00:49.760192+00:00,123.2,11,ask,EarnestEspressos,Xuanyu Liu,4865886
2026-07-02T22:00:49.769778,2026-07-02T22:00:49.781276+00:00,123.2,16,ask,EarnestEspressos,Zihao Wu,4865892
2026-07-02T22:00:49.794103,2026-07-02T22:00:49.802264+00:00,123.2,50,ask,EarnestEspressos,FlawlessFlatbreads,4865896
2026-07-02T22:00:50.429423,2026-07-02T22:00:50.438567+00:00,123.2,6,ask,EarnestEspressos,Kelvin Chan,4865905
2026-07-02T22:00:50.664191,2026-07-02T22:00:50.679846+00:00,123.2,6,ask,EarnestEspressos,Kelvin Chan,4865908
2026-07-02T22:00:50.920097,2026-07-02T22:00:50.930339+00:00,123.2,6,ask,EarnestEspressos,Kelvin Chan,4865913
2026-07-02T22:00:51.860883,2026-07-02T22:00:51.871923+00:00,123.5,50,bid,FlawlessFlatbreads,DiligentDonuts,4865926
2026-07-02T22:00:52.606499,2026-07-02T22:00:52.615328+00:00,123.2,11,ask,EarnestEspressos,Xuanyu Liu,4865942
2026-07-02T22:00:54.019347,2026-07-02T22:00:54.030921+00:00,123.2,50,ask,DiligentDonuts,FlawlessFlatbreads,4865971
2026-07-02T22:00:56.134269,2026-07-02T22:00:56.143013+00:00,123.2,50,ask,DiligentDonuts,FlawlessFlatbreads,4866011
2026-07-02T22:00:58.190261,2026-07-02T22:00:58.201878+00:00,123.3,1,bid,FlawlessFlatbreads,Kelvin Chan,4866064
2026-07-02T22:00:58.190261,2026-07-02T22:00:58.201878+00:00,123.3,49,bid,FlawlessFlatbreads,DiligentDonuts,4866065
2026-07-02T22:00:58.817053,2026-07-02T22:00:58.828546+00:00,123.0,1,ask,Kelvin Chan,CostlyCorianders,4866068
2026-07-02T22:00:58.817053,2026-07-02T22:00:58.828546+00:00,122.9,48,ask,EarnestEspressos,CostlyCorianders,4866069
2026-07-02T22:00:59.493458,2026-07-02T22:00:59.501961+00:00,123.1,11,bid,Xuanyu Liu,EarnestEspressos,4866088
2026-07-02T22:01:00.324688,2026-07-02T22:01:00.338057+00:00,123.1,50,bid,FlawlessFlatbreads,EarnestEspressos,4866114
2026-07-02T22:01:00.802984,2026-07-02T22:01:00.811623+00:00,123.0,23,ask,DiligentDonuts,Xuanyu Liu,4866126
2026-07-02T22:01:00.845768,2026-07-02T22:01:00.857202+00:00,123.1,47,bid,CostlyCorianders,EarnestEspressos,4866128
2026-07-02T22:01:02.432615,2026-07-02T22:01:02.444088+00:00,123.3,5,bid,FlawlessFlatbreads,Kelvin Chan,4866162
2026-07-02T22:01:02.432615,2026-07-02T22:01:02.444088+00:00,123.5,45,bid,FlawlessFlatbreads,DiligentDonuts,4866163
2026-07-02T22:01:04.541009,2026-07-02T22:01:04.552785+00:00,123.3,50,bid,FlawlessFlatbreads,EarnestEspressos,4866215
2026-07-02T22:01:04.735261,2026-07-02T22:01:04.743781+00:00,123.0,1,ask,Kelvin Chan,Xuanyu Liu,4866218
2026-07-02T22:01:04.794621,2026-07-02T22:01:04.803439+00:00,123.0,2,ask,Kelvin Chan,Xuanyu Liu,4866220
2026-07-02T22:01:05.527912,2026-07-02T22:01:05.537533+00:00,123.0,2,ask,Kelvin Chan,Xuanyu Liu,4866235
2026-07-02T22:01:05.573135,2026-07-02T22:01:05.584281+00:00,123.0,2,ask,Kelvin Chan,Xuanyu Liu,4866237
2026-07-02T22:01:05.746762,2026-07-02T22:01:05.756685+00:00,123.0,2,ask,Kelvin Chan,Xuanyu Liu,4866239
2026-07-02T22:01:05.789014,2026-07-02T22:01:05.797527+00:00,123.0,2,ask,Kelvin Chan,Xuanyu Liu,4866241
2026-07-02T22:01:08.716530,2026-07-02T22:01:08.726049+00:00,122.7,42,ask,DiligentDonuts,CostlyCorianders,4866310
2026-07-02T22:01:09.346951,2026-07-02T22:01:09.358771+00:00,122.8,46,ask,EarnestEspressos,CostlyCorianders,4866326
2026-07-02T22:01:15.128123,2026-07-02T22:01:15.134565+00:00,122.6,50,ask,DiligentDonuts,FlawlessFlatbreads,4866451
2026-07-02T22:01:16.505215,2026-07-02T22:01:16.514324+00:00,122.7,3,bid,Xuanyu Liu,DiligentDonuts,4866482
2026-07-02T22:01:16.827582,2026-07-02T22:01:16.836100+00:00,122.7,8,bid,Xuanyu Liu,DiligentDonuts,4866490
2026-07-02T22:01:17.234616,2026-07-02T22:01:17.246366+00:00,122.5,50,ask,EarnestEspressos,FlawlessFlatbreads,4866498
2026-07-02T22:01:19.343297,2026-07-02T22:01:19.354658+00:00,122.2,50,ask,EarnestEspressos,FlawlessFlatbreads,4866546
2026-07-02T22:01:19.550685,2026-07-02T22:01:19.558647+00:00,122.6,40,bid,CostlyCorianders,DiligentDonuts,4866549
2026-07-02T22:01:20.605247,2026-07-02T22:01:20.615931+00:00,122.2,47,ask,EarnestEspressos,CostlyCorianders,4866576
2026-07-02T22:01:21.449661,2026-07-02T22:01:21.458593+00:00,122.1,50,ask,DiligentDonuts,FlawlessFlatbreads,4866586
2026-07-02T22:01:21.472439,2026-07-02T22:01:21.480571+00:00,122.2,23,bid,Xuanyu Liu,EarnestEspressos,4866587
2026-07-02T22:01:21.789763,2026-07-02T22:01:21.798574+00:00,122.2,23,bid,Xuanyu Liu,EarnestEspressos,4866593
2026-07-02T22:01:21.800850,2026-07-02T22:01:21.814161+00:00,122.2,16,bid,Zihao Wu,EarnestEspressos,4866596
2026-07-02T22:01:21.938014,2026-07-02T22:01:21.949366+00:00,122.2,88,bid,DiligentDonuts,EarnestEspressos,4866602
2026-07-02T22:01:23.555292,2026-07-02T22:01:23.567039+00:00,122.2,12,ask,DiligentDonuts,FlawlessFlatbreads,4866633
2026-07-02T22:01:23.555292,2026-07-02T22:01:23.567039+00:00,121.7,38,ask,EarnestEspressos,FlawlessFlatbreads,4866634
2026-07-02T22:01:23.600585,2026-07-02T22:01:23.607924+00:00,121.7,16,ask,EarnestEspressos,Zihao Wu,4866637
2026-07-02T22:01:25.202069,2026-07-02T22:01:25.210757+00:00,122.2,16,bid,Zihao Wu,DiligentDonuts,4866670
2026-07-02T22:01:25.662918,2026-07-02T22:01:25.672632+00:00,122.1,50,ask,EarnestEspressos,FlawlessFlatbreads,4866680
2026-07-02T22:01:27.768220,2026-07-02T22:01:27.779306+00:00,121.9,50,ask,EarnestEspressos,FlawlessFlatbreads,4866724
2026-07-02T22:01:27.805461,2026-07-02T22:01:27.816516+00:00,121.9,16,ask,EarnestEspressos,Zihao Wu,4866726
2026-07-02T22:01:29.008910,2026-07-02T22:01:29.019225+00:00,122.2,16,bid,Zihao Wu,DiligentDonuts,4866750
2026-07-02T22:01:29.609981,2026-07-02T22:01:29.619734+00:00,121.9,16,ask,EarnestEspressos,Zihao Wu,4866774
2026-07-02T22:01:29.874333,2026-07-02T22:01:29.885664+00:00,121.9,50,ask,EarnestEspressos,FlawlessFlatbreads,4866784
2026-07-02T22:01:30.960661,2026-07-02T22:01:30.971768+00:00,121.7,100,ask,DiligentDonuts,EarnestEspressos,4866809
2026-07-02T22:01:30.973055,2026-07-02T22:01:30.985793+00:00,121.7,17,bid,Xuanyu Liu,EarnestEspressos,4866810
2026-07-02T22:01:31.008928,2026-07-02T22:01:31.015775+00:00,121.7,16,bid,Zihao Wu,EarnestEspressos,4866813
2026-07-02T22:01:31.929690,2026-07-02T22:01:31.940420+00:00,121.7,17,bid,FlawlessFlatbreads,EarnestEspressos,4866850
2026-07-02T22:01:31.929690,2026-07-02T22:01:31.940420+00:00,122.0,33,bid,FlawlessFlatbreads,DiligentDonuts,4866851
2026-07-02T22:01:32.410099,2026-07-02T22:01:32.417751+00:00,121.5,16,ask,DiligentDonuts,Zihao Wu,4866860
2026-07-02T22:01:34.012137,2026-07-02T22:01:34.020779+00:00,122.0,16,bid,Zihao Wu,DiligentDonuts,4866890
2026-07-02T22:01:34.035799,2026-07-02T22:01:34.044798+00:00,122.0,50,bid,FlawlessFlatbreads,DiligentDonuts,4866891
2026-07-02T22:01:34.211978,2026-07-02T22:01:34.220806+00:00,121.8,2,ask,EarnestEspressos,Zihao Wu,4866904
2026-07-02T22:01:38.130480,2026-07-02T22:01:38.141989+00:00,121.9,46,bid,CostlyCorianders,DiligentDonuts,4866982
2026-07-02T22:01:38.246453,2026-07-02T22:01:38.258579+00:00,121.9,50,bid,FlawlessFlatbreads,DiligentDonuts,4866987
2026-07-02T22:01:39.819752,2026-07-02T22:01:39.827947+00:00,121.9,2,bid,Zihao Wu,DiligentDonuts,4867028
2026-07-02T22:01:40.352448,2026-07-02T22:01:40.358599+00:00,121.9,2,bid,FlawlessFlatbreads,DiligentDonuts,4867035
2026-07-02T22:01:40.352448,2026-07-02T22:01:40.358599+00:00,122.2,5,bid,FlawlessFlatbreads,Kelvin Chan,4867036
2026-07-02T22:01:40.620172,2026-07-02T22:01:40.631576+00:00,121.8,2,ask,EarnestEspressos,Zihao Wu,4867044
2026-07-02T22:01:41.214123,2026-07-02T22:01:41.225397+00:00,122.2,6,bid,CostlyCorianders,Kelvin Chan,4867054
2026-07-02T22:01:41.214123,2026-07-02T22:01:41.225397+00:00,122.3,34,bid,CostlyCorianders,EarnestEspressos,4867055
2026-07-02T22:01:41.731700,2026-07-02T22:01:41.746182+00:00,122.3,46,bid,CostlyCorianders,EarnestEspressos,4867064
2026-07-02T22:01:42.460022,2026-07-02T22:01:42.471773+00:00,122.2,5,bid,FlawlessFlatbreads,Kelvin Chan,4867081
2026-07-02T22:01:42.460022,2026-07-02T22:01:42.471773+00:00,122.3,45,bid,FlawlessFlatbreads,EarnestEspressos,4867082
2026-07-02T22:01:42.824883,2026-07-02T22:01:42.836418+00:00,121.8,49,ask,EarnestEspressos,CostlyCorianders,4867089
2026-07-02T22:01:43.347047,2026-07-02T22:01:43.355464+00:00,122.3,25,bid,CostlyCorianders,EarnestEspressos,4867099
2026-07-02T22:01:43.347047,2026-07-02T22:01:43.355464+00:00,122.3,19,bid,CostlyCorianders,DiligentDonuts,4867100
2026-07-02T22:01:43.555143,2026-07-02T22:01:43.558572+00:00,122.3,81,bid,EarnestEspressos,DiligentDonuts,4867108
2026-07-02T22:01:43.620278,2026-07-02T22:01:43.628812+00:00,122.3,29,ask,EarnestEspressos,Xuanyu Liu,4867110
2026-07-02T22:01:44.569080,2026-07-02T22:01:44.575145+00:00,122.8,50,bid,FlawlessFlatbreads,EarnestEspressos,4867121
2026-07-02T22:01:46.675373,2026-07-02T22:01:46.686775+00:00,122.8,50,bid,FlawlessFlatbreads,DiligentDonuts,4867162
2026-07-02T22:01:47.249647,2026-07-02T22:01:47.258423+00:00,122.6,22,ask,DiligentDonuts,Xuanyu Liu,4867167
2026-07-02T22:01:49.816558,2026-07-02T22:01:49.826838+00:00,122.6,4,ask,DiligentDonuts,Kelvin Chan,4867215
2026-07-02T22:01:49.995619,2026-07-02T22:01:50.007322+00:00,122.6,3,ask,DiligentDonuts,Kelvin Chan,4867217
2026-07-02T22:01:50.054987,2026-07-02T22:01:50.058565+00:00,122.6,3,ask,DiligentDonuts,Kelvin Chan,4867219
2026-07-02T22:01:50.266986,2026-07-02T22:01:50.273455+00:00,122.6,3,ask,DiligentDonuts,Kelvin Chan,4867221
2026-07-02T22:01:50.941344,2026-07-02T22:01:50.953049+00:00,122.3,50,ask,DiligentDonuts,FlawlessFlatbreads,4867245
2026-07-02T22:01:51.108066,2026-07-02T22:01:51.119586+00:00,122.3,47,ask,DiligentDonuts,CostlyCorianders,4867248
2026-07-02T22:01:52.129887,2026-07-02T22:01:52.138600+00:00,122.3,3,ask,DiligentDonuts,CostlyCorianders,4867269
2026-07-02T22:01:52.129887,2026-07-02T22:01:52.138600+00:00,122.2,42,ask,EarnestEspressos,CostlyCorianders,4867270
2026-07-02T22:01:52.694734,2026-07-02T22:01:52.701247+00:00,122.5,2,bid,CostlyCorianders,Kelvin Chan,4867284
2026-07-02T22:01:52.694734,2026-07-02T22:01:52.706504+00:00,122.7,47,bid,CostlyCorianders,EarnestEspressos,4867285
2026-07-02T22:01:53.014276,2026-07-02T22:01:53.027323+00:00,122.8,50,bid,FlawlessFlatbreads,DiligentDonuts,4867292
2026-07-02T22:01:55.120288,2026-07-02T22:01:55.131685+00:00,122.5,3,bid,FlawlessFlatbreads,Kelvin Chan,4867334
2026-07-02T22:01:55.120288,2026-07-02T22:01:55.131685+00:00,122.6,47,bid,FlawlessFlatbreads,EarnestEspressos,4867335
2026-07-02T22:01:55.643401,2026-07-02T22:01:55.652366+00:00,122.5,5,bid,CostlyCorianders,Kelvin Chan,4867349
2026-07-02T22:01:56.224180,2026-07-02T22:01:56.241002+00:00,122.3,44,ask,EarnestEspressos,CostlyCorianders,4867359
2026-07-02T22:01:56.739490,2026-07-02T22:01:56.750703+00:00,122.3,47,ask,EarnestEspressos,CostlyCorianders,4867370
2026-07-02T22:01:57.227399,2026-07-02T22:01:57.239073+00:00,122.6,50,bid,FlawlessFlatbreads,DiligentDonuts,4867374
2026-07-02T22:01:57.257122,2026-07-02T22:01:57.265377+00:00,122.6,41,bid,CostlyCorianders,DiligentDonuts,4867376
2026-07-02T22:01:58.460557,2026-07-02T22:01:58.468963+00:00,122.6,9,bid,CostlyCorianders,DiligentDonuts,4867393
2026-07-02T22:01:58.460557,2026-07-02T22:01:58.468963+00:00,122.6,6,bid,CostlyCorianders,Kelvin Chan,4867394
2026-07-02T22:01:58.460557,2026-07-02T22:01:58.474165+00:00,122.8,30,bid,CostlyCorianders,EarnestEspressos,4867395
2026-07-02T22:01:59.335868,2026-07-02T22:01:59.347592+00:00,122.6,5,bid,FlawlessFlatbreads,Kelvin Chan,4867408
2026-07-02T22:01:59.335868,2026-07-02T22:01:59.347592+00:00,122.8,45,bid,FlawlessFlatbreads,EarnestEspressos,4867409
2026-07-02T22:01:59.896157,2026-07-02T22:01:59.902675+00:00,122.4,42,ask,DiligentDonuts,CostlyCorianders,4867433
2026-07-02T22:02:00.368888,2026-07-02T22:02:00.380487+00:00,122.4,47,ask,DiligentDonuts,CostlyCorianders,4867437
2026-07-02T22:02:01.447558,2026-07-02T22:02:01.458546+00:00,122.6,50,bid,FlawlessFlatbreads,EarnestEspressos,4867458
2026-07-02T22:02:01.521360,2026-07-02T22:02:01.530744+00:00,122.6,44,bid,CostlyCorianders,EarnestEspressos,4867460
2026-07-02T22:02:02.565928,2026-07-02T22:02:02.576534+00:00,122.6,3,bid,EarnestEspressos,Kelvin Chan,4867484
2026-07-02T22:02:02.577687,2026-07-02T22:02:02.587822+00:00,122.8,12,ask,EarnestEspressos,Xuanyu Liu,4867485
2026-07-02T22:02:02.666975,2026-07-02T22:02:02.678071+00:00,122.8,6,ask,EarnestEspressos,Kelvin Chan,4867487
2026-07-02T22:02:02.911614,2026-07-02T22:02:02.920266+00:00,122.8,6,ask,EarnestEspressos,Kelvin Chan,4867492
2026-07-02T22:02:03.096575,2026-07-02T22:02:03.108098+00:00,122.8,100,ask,EarnestEspressos,DiligentDonuts,4867495
2026-07-02T22:02:03.558183,2026-07-02T22:02:03.569867+00:00,123.3,50,bid,FlawlessFlatbreads,EarnestEspressos,4867510
2026-07-02T22:02:03.918875,2026-07-02T22:02:03.926418+00:00,122.8,11,ask,EarnestEspressos,Xuanyu Liu,4867515
2026-07-02T22:02:05.061381,2026-07-02T22:02:05.069589+00:00,122.8,12,ask,EarnestEspressos,Xuanyu Liu,4867542
2026-07-02T22:02:05.664279,2026-07-02T22:02:05.670752+00:00,123.3,50,bid,FlawlessFlatbreads,EarnestEspressos,4867549
2026-07-02T22:02:06.335104,2026-07-02T22:02:06.349867+00:00,122.9,47,bid,CostlyCorianders,EarnestEspressos,4867563
2026-07-02T22:02:07.301700,2026-07-02T22:02:07.312888+00:00,122.4,40,ask,EarnestEspressos,CostlyCorianders,4867595
2026-07-02T22:02:07.783395,2026-07-02T22:02:07.794750+00:00,122.9,50,bid,FlawlessFlatbreads,EarnestEspressos,4867614
2026-07-02T22:02:09.940352,2026-07-02T22:02:09.947012+00:00,122.7,50,ask,EarnestEspressos,FlawlessFlatbreads,4867658
2026-07-02T22:02:14.626935,2026-07-02T22:02:14.638374+00:00,122.5,4,ask,Kelvin Chan,CostlyCorianders,4867765
2026-07-02T22:02:14.626935,2026-07-02T22:02:14.638374+00:00,122.4,37,ask,EarnestEspressos,CostlyCorianders,4867766
2026-07-02T22:02:15.859564,2026-07-02T22:02:15.869089+00:00,122.6,5,bid,Kelvin Chan,EarnestEspressos,4867780
2026-07-02T22:02:16.261922,2026-07-02T22:02:16.273456+00:00,122.2,50,ask,DiligentDonuts,FlawlessFlatbreads,4867787
2026-07-02T22:02:18.371843,2026-07-02T22:02:18.383348+00:00,122.5,4,ask,Kelvin Chan,FlawlessFlatbreads,4867825
2026-07-02T22:02:18.371843,2026-07-02T22:02:18.383348+00:00,122.2,46,ask,DiligentDonuts,FlawlessFlatbreads,4867826
2026-07-02T22:02:18.723261,2026-07-02T22:02:18.734751+00:00,122.7,49,bid,CostlyCorianders,DiligentDonuts,4867832
2026-07-02T22:02:20.484799,2026-07-02T22:02:20.492168+00:00,122.5,5,ask,Kelvin Chan,FlawlessFlatbreads,4867863
2026-07-02T22:02:20.484799,2026-07-02T22:02:20.497317+00:00,122.2,45,ask,EarnestEspressos,FlawlessFlatbreads,4867864
2026-07-02T22:02:22.122709,2026-07-02T22:02:22.130716+00:00,122.6,12,bid,Xuanyu Liu,EarnestEspressos,4867900
2026-07-02T22:02:22.330898,2026-07-02T22:02:22.342167+00:00,122.6,48,bid,CostlyCorianders,EarnestEspressos,4867906
2026-07-02T22:02:22.385562,2026-07-02T22:02:22.392209+00:00,122.4,4,ask,Kelvin Chan,CostlyCorianders,4867909
2026-07-02T22:02:22.385562,2026-07-02T22:02:22.397654+00:00,122.2,38,ask,DiligentDonuts,CostlyCorianders,4867910
2026-07-02T22:02:23.478720,2026-07-02T22:02:23.490116+00:00,122.6,42,bid,CostlyCorianders,EarnestEspressos,4867932
2026-07-02T22:02:24.681534,2026-07-02T22:02:24.694628+00:00,122.2,48,ask,DiligentDonuts,CostlyCorianders,4867960
2026-07-02T22:02:24.699251,2026-07-02T22:02:24.706384+00:00,122.2,14,ask,DiligentDonuts,FlawlessFlatbreads,4867963
2026-07-02T22:02:25.247597,2026-07-02T22:02:25.258944+00:00,122.6,100,ask,EarnestEspressos,DiligentDonuts,4867985
2026-07-02T22:02:26.754169,2026-07-02T22:02:26.755392+00:00,123.1,50,bid,FlawlessFlatbreads,EarnestEspressos,4868013
2026-07-02T22:02:27.718143,2026-07-02T22:02:27.729706+00:00,122.6,45,ask,EarnestEspressos,CostlyCorianders,4868042
2026-07-02T22:02:28.861781,2026-07-02T22:02:28.873145+00:00,123.1,50,bid,FlawlessFlatbreads,EarnestEspressos,4868068
2026-07-02T22:02:30.970522,2026-07-02T22:02:30.979657+00:00,123.1,50,bid,FlawlessFlatbreads,EarnestEspressos,4868110
2026-07-02T22:02:31.903726,2026-07-02T22:02:31.914987+00:00,123.1,42,bid,CostlyCorianders,DiligentDonuts,4868129
2026-07-02T22:02:33.078201,2026-07-02T22:02:33.087381+00:00,123.1,50,bid,FlawlessFlatbreads,DiligentDonuts,4868149
2026-07-02T22:02:37.203540,2026-07-02T22:02:37.214318+00:00,123.0,49,ask,EarnestEspressos,CostlyCorianders,4868222
2026-07-02T22:02:37.338786,2026-07-02T22:02:37.350283+00:00,123.0,50,ask,EarnestEspressos,FlawlessFlatbreads,4868227
2026-07-02T22:02:39.319987,2026-07-02T22:02:39.329369+00:00,123.1,42,bid,CostlyCorianders,EarnestEspressos,4868288
2026-07-02T22:02:39.446473,2026-07-02T22:02:39.458585+00:00,123.0,50,ask,DiligentDonuts,FlawlessFlatbreads,4868291
2026-07-02T22:02:41.167928,2026-07-02T22:02:41.179399+00:00,122.7,43,ask,EarnestEspressos,CostlyCorianders,4868325
2026-07-02T22:02:41.505601,2026-07-02T22:02:41.514640+00:00,123.2,50,bid,FlawlessFlatbreads,EarnestEspressos,4868333
2026-07-02T22:02:43.337743,2026-07-02T22:02:43.347178+00:00,123.2,48,bid,CostlyCorianders,EarnestEspressos,4868387
2026-07-02T22:02:43.615990,2026-07-02T22:02:43.624273+00:00,123.2,50,bid,FlawlessFlatbreads,EarnestEspressos,4868391
2026-07-02T22:02:43.728677,2026-07-02T22:02:43.739921+00:00,123.2,100,bid,EarnestEspressos,DiligentDonuts,4868395
2026-07-02T22:02:44.263856,2026-07-02T22:02:44.271184+00:00,123.2,49,ask,EarnestEspressos,CostlyCorianders,4868413
2026-07-02T22:02:45.749474,2026-07-02T22:02:45.781962+00:00,123.4,2,bid,FlawlessFlatbreads,Kelvin Chan,4868444
2026-07-02T22:02:45.749474,2026-07-02T22:02:45.781962+00:00,123.7,48,bid,FlawlessFlatbreads,EarnestEspressos,4868445
2026-07-02T22:02:45.770707,2026-07-02T22:02:45.781962+00:00,123.2,1,ask,EarnestEspressos,Xuanyu Liu,4868448
2026-07-02T22:02:45.770707,2026-07-02T22:02:45.781962+00:00,123.2,11,ask,DiligentDonuts,Xuanyu Liu,4868449
2026-07-02T22:02:46.808138,2026-07-02T22:02:46.819529+00:00,123.7,43,bid,CostlyCorianders,EarnestEspressos,4868475
2026-07-02T22:02:49.350804,2026-07-02T22:02:49.363583+00:00,123.1,3,ask,Kelvin Chan,CostlyCorianders,4868522
2026-07-02T22:02:49.350804,2026-07-02T22:02:49.363583+00:00,123.1,40,ask,DiligentDonuts,CostlyCorianders,4868523
2026-07-02T22:02:50.015138,2026-07-02T22:02:50.024881+00:00,123.1,50,ask,DiligentDonuts,FlawlessFlatbreads,4868538
2026-07-02T22:02:52.119629,2026-07-02T22:02:52.130506+00:00,123.0,50,ask,EarnestEspressos,FlawlessFlatbreads,4868569
2026-07-02T22:02:54.173086,2026-07-02T22:02:54.179702+00:00,123.1,50,bid,FlawlessFlatbreads,EarnestEspressos,4868600
2026-07-02T22:02:55.599635,2026-07-02T22:02:55.610642+00:00,123.1,44,bid,CostlyCorianders,EarnestEspressos,4868613
2026-07-02T22:02:56.280502,2026-07-02T22:02:56.291930+00:00,123.1,50,bid,FlawlessFlatbreads,EarnestEspressos,4868631
2026-07-02T22:02:56.390079,2026-07-02T22:02:56.401427+00:00,123.1,46,bid,EarnestEspressos,Kelvin Chan,4868635
2026-07-02T22:02:56.390079,2026-07-02T22:02:56.401427+00:00,123.2,100,bid,EarnestEspressos,DiligentDonuts,4868636
2026-07-02T22:02:56.464726,2026-07-02T22:02:56.474383+00:00,123.4,4,ask,EarnestEspressos,Xuanyu Liu,4868637
2026-07-02T22:02:56.520406,2026-07-02T22:02:56.526633+00:00,123.9,2,bid,Zihao Wu,EarnestEspressos,4868640
2026-07-02T22:02:56.923578,2026-07-02T22:02:56.932168+00:00,123.2,2,ask,DiligentDonuts,Zihao Wu,4868646
2026-07-02T22:02:58.461113,2026-07-02T22:02:58.472456+00:00,123.2,50,ask,DiligentDonuts,FlawlessFlatbreads,4868667
2026-07-02T22:03:00.516429,2026-07-02T22:03:00.528000+00:00,123.3,50,bid,FlawlessFlatbreads,EarnestEspressos,4868721
2026-07-02T22:03:02.622794,2026-07-02T22:03:02.634224+00:00,123.3,50,bid,FlawlessFlatbreads,EarnestEspressos,4868758
2026-07-02T22:03:04.338422,2026-07-02T22:03:04.345430+00:00,123.0,48,ask,EarnestEspressos,CostlyCorianders,4868800
2026-07-02T22:03:04.731131,2026-07-02T22:03:04.742922+00:00,123.4,50,bid,FlawlessFlatbreads,DiligentDonuts,4868812
2026-07-02T22:03:05.919573,2026-07-02T22:03:05.930929+00:00,123.4,40,bid,CostlyCorianders,DiligentDonuts,4868833
2026-07-02T22:03:06.415929,2026-07-02T22:03:06.427422+00:00,123.4,4,bid,CostlyCorianders,Kelvin Chan,4868843
2026-07-02T22:03:06.415929,2026-07-02T22:03:06.427422+00:00,123.5,38,bid,CostlyCorianders,EarnestEspressos,4868844
2026-07-02T22:03:08.994167,2026-07-02T22:03:09.000555+00:00,123.3,50,ask,DiligentDonuts,FlawlessFlatbreads,4868884
2026-07-02T22:03:11.008031,2026-07-02T22:03:11.019691+00:00,123.1,49,ask,EarnestEspressos,CostlyCorianders,4868936
2026-07-02T22:03:14.625531,2026-07-02T22:03:14.634482+00:00,123.3,7,ask,DiligentDonuts,Xuanyu Liu,4868985
2026-07-02T22:03:15.269178,2026-07-02T22:03:15.280857+00:00,123.5,2,bid,FlawlessFlatbreads,Kelvin Chan,4868992
2026-07-02T22:03:15.269178,2026-07-02T22:03:15.280857+00:00,123.6,48,bid,FlawlessFlatbreads,EarnestEspressos,4868993
2026-07-02T22:03:17.377286,2026-07-02T22:03:17.388595+00:00,123.5,2,bid,FlawlessFlatbreads,Kelvin Chan,4869041
2026-07-02T22:03:17.377286,2026-07-02T22:03:17.388595+00:00,123.5,48,bid,FlawlessFlatbreads,EarnestEspressos,4869042
2026-07-02T22:03:17.684555,2026-07-02T22:03:17.695955+00:00,123.2,1,ask,Kelvin Chan,CostlyCorianders,4869050
2026-07-02T22:03:17.684555,2026-07-02T22:03:17.695955+00:00,123.1,41,ask,DiligentDonuts,CostlyCorianders,4869051
2026-07-02T22:03:19.775313,2026-07-02T22:03:19.781809+00:00,123.3,49,ask,EarnestEspressos,CostlyCorianders,4869085
2026-07-02T22:03:21.588503,2026-07-02T22:03:21.599932+00:00,123.6,50,bid,FlawlessFlatbreads,DiligentDonuts,4869136
2026-07-02T22:03:23.696712,2026-07-02T22:03:23.706734+00:00,123.6,2,bid,FlawlessFlatbreads,Kelvin Chan,4869172
2026-07-02T22:03:23.696712,2026-07-02T22:03:23.706734+00:00,123.6,48,bid,FlawlessFlatbreads,EarnestEspressos,4869173
2026-07-02T22:03:23.873189,2026-07-02T22:03:23.884719+00:00,123.6,47,bid,CostlyCorianders,EarnestEspressos,4869178
2026-07-02T22:03:24.856987,2026-07-02T22:03:24.868398+00:00,123.6,100,bid,EarnestEspressos,DiligentDonuts,4869196
2026-07-02T22:03:24.929067,2026-07-02T22:03:24.937621+00:00,123.7,3,ask,EarnestEspressos,Xuanyu Liu,4869199
2026-07-02T22:03:24.951381,2026-07-02T22:03:24.958027+00:00,123.7,22,ask,EarnestEspressos,Zihao Wu,4869203
2026-07-02T22:03:25.108979,2026-07-02T22:03:25.119694+00:00,123.7,3,ask,EarnestEspressos,Xuanyu Liu,4869206
2026-07-02T22:03:25.392212,2026-07-02T22:03:25.403256+00:00,123.7,1,ask,EarnestEspressos,Kelvin Chan,4869210
2026-07-02T22:03:25.470509,2026-07-02T22:03:25.480248+00:00,123.7,1,ask,EarnestEspressos,Kelvin Chan,4869212
2026-07-02T22:03:25.525382,2026-07-02T22:03:25.532966+00:00,123.7,1,ask,EarnestEspressos,Kelvin Chan,4869213
2026-07-02T22:03:25.857627,2026-07-02T22:03:25.868970+00:00,123.7,19,ask,EarnestEspressos,FlawlessFlatbreads,4869224
2026-07-02T22:03:25.857627,2026-07-02T22:03:25.868970+00:00,123.3,4,ask,Kelvin Chan,FlawlessFlatbreads,4869225
2026-07-02T22:03:25.857627,2026-07-02T22:03:25.868970+00:00,123.3,27,ask,DiligentDonuts,FlawlessFlatbreads,4869226
2026-07-02T22:03:25.952551,2026-07-02T22:03:25.963688+00:00,123.8,22,bid,Zihao Wu,DiligentDonuts,4869231
2026-07-02T22:03:26.414899,2026-07-02T22:03:26.424187+00:00,123.6,1,bid,Xuanyu Liu,Kelvin Chan,4869242
2026-07-02T22:03:26.445657,2026-07-02T22:03:26.454403+00:00,123.6,1,bid,Xuanyu Liu,Kelvin Chan,4869244
2026-07-02T22:03:26.484146,2026-07-02T22:03:26.493777+00:00,123.6,1,bid,Xuanyu Liu,Kelvin Chan,4869246
2026-07-02T22:03:26.532983,2026-07-02T22:03:26.544436+00:00,123.8,45,bid,CostlyCorianders,DiligentDonuts,4869248
2026-07-02T22:03:27.967917,2026-07-02T22:03:27.979265+00:00,123.3,50,ask,DiligentDonuts,FlawlessFlatbreads,4869278
2026-07-02T22:03:28.463607,2026-07-02T22:03:28.474988+00:00,123.5,100,bid,DiligentDonuts,EarnestEspressos,4869290
2026-07-02T22:03:29.839378,2026-07-02T22:03:29.847914+00:00,123.5,41,bid,CostlyCorianders,EarnestEspressos,4869311
2026-07-02T22:03:30.075854,2026-07-02T22:03:30.087501+00:00,123.3,4,ask,Kelvin Chan,FlawlessFlatbreads,4869320
2026-07-02T22:03:30.075854,2026-07-02T22:03:30.087501+00:00,123.0,46,ask,EarnestEspressos,FlawlessFlatbreads,4869321
2026-07-02T22:03:32.184408,2026-07-02T22:03:32.193761+00:00,123.4,1,ask,Kelvin Chan,FlawlessFlatbreads,4869367
2026-07-02T22:03:32.184408,2026-07-02T22:03:32.193761+00:00,123.3,49,ask,EarnestEspressos,FlawlessFlatbreads,4869368
2026-07-02T22:03:33.879868,2026-07-02T22:03:33.891288+00:00,123.3,44,ask,EarnestEspressos,CostlyCorianders,4869397
2026-07-02T22:03:34.296554,2026-07-02T22:03:34.306644+00:00,123.3,50,ask,EarnestEspressos,FlawlessFlatbreads,4869402
2026-07-02T22:03:34.438351,2026-07-02T22:03:34.449945+00:00,123.5,47,bid,CostlyCorianders,EarnestEspressos,4869404
2026-07-02T22:03:36.404493,2026-07-02T22:03:36.413798+00:00,123.1,50,ask,DiligentDonuts,FlawlessFlatbreads,4869455
2026-07-02T22:03:36.590341,2026-07-02T22:03:36.597656+00:00,123.1,48,ask,DiligentDonuts,CostlyCorianders,4869459
2026-07-02T22:03:37.133913,2026-07-02T22:03:37.142448+00:00,123.5,48,bid,CostlyCorianders,EarnestEspressos,4869467
2026-07-02T22:03:37.187242,2026-07-02T22:03:37.198688+00:00,123.1,2,ask,DiligentDonuts,CostlyCorianders,4869470
2026-07-02T22:03:37.187242,2026-07-02T22:03:37.198688+00:00,123.0,43,ask,EarnestEspressos,CostlyCorianders,4869471
2026-07-02T22:03:38.016500,2026-07-02T22:03:38.025526+00:00,123.1,3,bid,Xuanyu Liu,DiligentDonuts,4869503
2026-07-02T22:03:38.209979,2026-07-02T22:03:38.219394+00:00,123.1,23,bid,Xuanyu Liu,DiligentDonuts,4869510
2026-07-02T22:03:39.519155,2026-07-02T22:03:39.527010+00:00,123.1,11,bid,Xuanyu Liu,DiligentDonuts,4869539
2026-07-02T22:03:40.564811,2026-07-02T22:03:40.574328+00:00,123.1,50,bid,FlawlessFlatbreads,DiligentDonuts,4869560
2026-07-02T22:03:40.677499,2026-07-02T22:03:40.689079+00:00,123.1,13,bid,EarnestEspressos,DiligentDonuts,4869561
2026-07-02T22:03:42.671637,2026-07-02T22:03:42.683134+00:00,123.6,50,bid,FlawlessFlatbreads,EarnestEspressos,4869609
2026-07-02T22:03:42.941522,2026-07-02T22:03:42.952911+00:00,123.6,49,bid,CostlyCorianders,EarnestEspressos,4869613
2026-07-02T22:03:43.871743,2026-07-02T22:03:43.881776+00:00,123.4,4,ask,EarnestEspressos,Xuanyu Liu,4869626
2026-07-02T22:03:43.882717,2026-07-02T22:03:43.890896+00:00,123.4,7,ask,EarnestEspressos,Xuanyu Liu,4869628
2026-07-02T22:03:44.059567,2026-07-02T22:03:44.069312+00:00,123.4,4,ask,EarnestEspressos,Xuanyu Liu,4869631
2026-07-02T22:03:44.211850,2026-07-02T22:03:44.223232+00:00,123.4,3,ask,EarnestEspressos,Xuanyu Liu,4869638
2026-07-02T22:03:46.074399,2026-07-02T22:03:46.082595+00:00,123.4,43,ask,EarnestEspressos,CostlyCorianders,4869677
2026-07-02T22:03:48.400641,2026-07-02T22:03:48.411892+00:00,123.3,44,ask,DiligentDonuts,CostlyCorianders,4869710
2026-07-02T22:03:51.141062,2026-07-02T22:03:51.152362+00:00,123.2,2,ask,Kelvin Chan,FlawlessFlatbreads,4869779
2026-07-02T22:03:51.141062,2026-07-02T22:03:51.152362+00:00,123.2,48,ask,EarnestEspressos,FlawlessFlatbreads,4869780
2026-07-02T22:03:51.786731,2026-07-02T22:03:51.796802+00:00,123.7,46,bid,CostlyCorianders,EarnestEspressos,4869788
2026-07-02T22:03:53.248490,2026-07-02T22:03:53.254738+00:00,123.3,3,ask,Kelvin Chan,FlawlessFlatbreads,4869827
2026-07-02T22:03:53.248490,2026-07-02T22:03:53.254738+00:00,123.2,47,ask,EarnestEspressos,FlawlessFlatbreads,4869828
2026-07-02T22:03:55.356372,2026-07-02T22:03:55.367858+00:00,123.3,4,ask,Kelvin Chan,FlawlessFlatbreads,4869868
2026-07-02T22:03:55.356372,2026-07-02T22:03:55.367858+00:00,123.2,46,ask,DiligentDonuts,FlawlessFlatbreads,4869869
2026-07-02T22:03:57.466478,2026-07-02T22:03:57.477890+00:00,123.0,50,ask,EarnestEspressos,FlawlessFlatbreads,4869931
2026-07-02T22:03:59.202319,2026-07-02T22:03:59.210404+00:00,123.3,5,ask,Kelvin Chan,Xuanyu Liu,4869983
2026-07-02T22:03:59.579151,2026-07-02T22:03:59.585423+00:00,123.4,49,bid,CostlyCorianders,DiligentDonuts,4869993
2026-07-02T22:03:59.594899,2026-07-02T22:03:59.601612+00:00,123.0,50,ask,EarnestEspressos,FlawlessFlatbreads,4869994
2026-07-02T22:03:59.750234,2026-07-02T22:03:59.769338+00:00,122.9,100,ask,DiligentDonuts,EarnestEspressos,4869995
2026-07-02T22:03:59.759445,2026-07-02T22:03:59.769338+00:00,122.8,23,bid,Xuanyu Liu,EarnestEspressos,4869996
2026-07-02T22:04:00.280127,2026-07-02T22:04:00.289241+00:00,122.8,12,bid,Xuanyu Liu,EarnestEspressos,4870011
2026-07-02T22:04:01.487296,2026-07-02T22:04:01.496585+00:00,122.8,11,bid,Xuanyu Liu,EarnestEspressos,4870046
2026-07-02T22:04:01.648875,2026-07-02T22:04:01.655127+00:00,122.8,4,bid,FlawlessFlatbreads,EarnestEspressos,4870050
2026-07-02T22:04:01.648875,2026-07-02T22:04:01.655127+00:00,123.1,46,bid,FlawlessFlatbreads,DiligentDonuts,4870051
2026-07-02T22:04:01.783281,2026-07-02T22:04:01.790537+00:00,122.6,44,ask,DiligentDonuts,CostlyCorianders,4870052
2026-07-02T22:04:02.859991,2026-07-02T22:04:02.879401+00:00,123.1,54,bid,EarnestEspressos,DiligentDonuts,4870071
2026-07-02T22:04:02.870089,2026-07-02T22:04:02.879401+00:00,123.1,11,ask,EarnestEspressos,Xuanyu Liu,4870072
2026-07-02T22:04:03.258665,2026-07-02T22:04:03.269888+00:00,123.1,48,ask,EarnestEspressos,CostlyCorianders,4870086
2026-07-02T22:04:03.755130,2026-07-02T22:04:03.766864+00:00,123.5,1,bid,FlawlessFlatbreads,Kelvin Chan,4870096
2026-07-02T22:04:03.755130,2026-07-02T22:04:03.766864+00:00,123.6,49,bid,FlawlessFlatbreads,EarnestEspressos,4870097
2026-07-02T22:04:04.593857,2026-07-02T22:04:04.600128+00:00,123.6,5,bid,Zihao Wu,EarnestEspressos,4870114
2026-07-02T22:04:04.992414,2026-07-02T22:04:05.058967+00:00,123.1,5,ask,EarnestEspressos,Zihao Wu,4870118
2026-07-02T22:04:05.865653,2026-07-02T22:04:05.872520+00:00,123.6,50,bid,FlawlessFlatbreads,EarnestEspressos,4870141
2026-07-02T22:04:06.628887,2026-07-02T22:04:06.638777+00:00,123.5,40,bid,CostlyCorianders,DiligentDonuts,4870170
2026-07-02T22:04:07.065049,2026-07-02T22:04:07.072561+00:00,123.2,12,ask,EarnestEspressos,Xuanyu Liu,4870177
2026-07-02T22:04:07.973194,2026-07-02T22:04:07.982540+00:00,123.5,50,bid,FlawlessFlatbreads,DiligentDonuts,4870195
2026-07-02T22:04:08.631446,2026-07-02T22:04:08.642322+00:00,123.2,47,ask,EarnestEspressos,CostlyCorianders,4870204
2026-07-02T22:04:09.585083,2026-07-02T22:04:09.593619+00:00,123.4,11,ask,DiligentDonuts,Xuanyu Liu,4870215
2026-07-02T22:04:10.082998,2026-07-02T22:04:10.094540+00:00,123.5,50,bid,FlawlessFlatbreads,EarnestEspressos,4870223
2026-07-02T22:04:10.982598,2026-07-02T22:04:10.990817+00:00,123.4,12,ask,DiligentDonuts,Xuanyu Liu,4870238
2026-07-02T22:04:12.190145,2026-07-02T22:04:12.196982+00:00,123.5,50,bid,FlawlessFlatbreads,EarnestEspressos,4870260
2026-07-02T22:04:12.290837,2026-07-02T22:04:12.299816+00:00,123.4,11,ask,DiligentDonuts,Xuanyu Liu,4870265
2026-07-02T22:04:16.459484,2026-07-02T22:04:16.470985+00:00,123.2,50,ask,EarnestEspressos,FlawlessFlatbreads,4870339
2026-07-02T22:04:17.943127,2026-07-02T22:04:17.954071+00:00,123.6,3,bid,CostlyCorianders,Kelvin Chan,4870380
2026-07-02T22:04:17.943127,2026-07-02T22:04:17.954071+00:00,123.7,41,bid,CostlyCorianders,EarnestEspressos,4870381
2026-07-02T22:04:20.616831,2026-07-02T22:04:20.623869+00:00,123.6,50,bid,FlawlessFlatbreads,DiligentDonuts,4870441
2026-07-02T22:04:22.267285,2026-07-02T22:04:22.278534+00:00,123.4,43,ask,DiligentDonuts,CostlyCorianders,4870476
2026-07-02T22:04:23.385696,2026-07-02T22:04:23.397247+00:00,123.4,40,ask,DiligentDonuts,CostlyCorianders,4870496
2026-07-02T22:04:24.080813,2026-07-02T22:04:24.088712+00:00,123.4,3,ask,DiligentDonuts,Xuanyu Liu,4870508
2026-07-02T22:04:24.361475,2026-07-02T22:04:24.368892+00:00,123.6,5,bid,CostlyCorianders,Kelvin Chan,4870514
2026-07-02T22:04:24.361475,2026-07-02T22:04:24.374287+00:00,123.7,42,bid,CostlyCorianders,EarnestEspressos,4870515
2026-07-02T22:04:24.831935,2026-07-02T22:04:24.843361+00:00,123.7,50,bid,FlawlessFlatbreads,EarnestEspressos,4870522
2026-07-02T22:04:25.933418,2026-07-02T22:04:25.940979+00:00,123.5,45,bid,CostlyCorianders,DiligentDonuts,4870552
2026-07-02T22:04:25.988368,2026-07-02T22:04:25.996400+00:00,123.4,42,ask,EarnestEspressos,CostlyCorianders,4870553
2026-07-02T22:04:26.938307,2026-07-02T22:04:26.949090+00:00,123.5,50,bid,FlawlessFlatbreads,DiligentDonuts,4870570
2026-07-02T22:04:26.961414,2026-07-02T22:04:26.970246+00:00,123.5,5,bid,CostlyCorianders,DiligentDonuts,4870571
2026-07-02T22:04:26.961414,2026-07-02T22:04:26.970246+00:00,123.7,2,bid,CostlyCorianders,Kelvin Chan,4870572
2026-07-02T22:04:26.961414,2026-07-02T22:04:26.975530+00:00,123.9,36,bid,CostlyCorianders,EarnestEspressos,4870573
2026-07-02T22:04:28.232489,2026-07-02T22:04:28.244005+00:00,123.4,47,ask,EarnestEspressos,CostlyCorianders,4870604
2026-07-02T22:04:28.703783,2026-07-02T22:04:28.715562+00:00,123.7,3,bid,CostlyCorianders,Kelvin Chan,4870617
2026-07-02T22:04:28.703783,2026-07-02T22:04:28.715562+00:00,123.8,42,bid,CostlyCorianders,DiligentDonuts,4870618
2026-07-02T22:04:29.097485,2026-07-02T22:04:29.104916+00:00,123.4,50,ask,EarnestEspressos,FlawlessFlatbreads,4870624
2026-07-02T22:04:29.217940,2026-07-02T22:04:29.228314+00:00,123.4,22,ask,EarnestEspressos,Zihao Wu,4870630
2026-07-02T22:04:29.419834,2026-07-02T22:04:29.426178+00:00,123.8,22,bid,Zihao Wu,DiligentDonuts,4870633
2026-07-02T22:04:30.419002,2026-07-02T22:04:30.429913+00:00,123.4,22,ask,EarnestEspressos,Zihao Wu,4870658
2026-07-02T22:04:30.634850,2026-07-02T22:04:30.643522+00:00,123.4,3,ask,EarnestEspressos,Xuanyu Liu,4870661
2026-07-02T22:04:31.204843,2026-07-02T22:04:31.216235+00:00,123.4,6,ask,EarnestEspressos,FlawlessFlatbreads,4870674
2026-07-02T22:04:31.204843,2026-07-02T22:04:31.216235+00:00,123.3,44,ask,DiligentDonuts,FlawlessFlatbreads,4870675
2026-07-02T22:04:31.398061,2026-07-02T22:04:31.405700+00:00,123.3,56,ask,DiligentDonuts,EarnestEspressos,4870681
2026-07-02T22:04:31.406745,2026-07-02T22:04:31.416754+00:00,123.0,3,bid,Xuanyu Liu,EarnestEspressos,4870683
2026-07-02T22:04:31.421375,2026-07-02T22:04:31.432032+00:00,123.0,22,bid,Zihao Wu,EarnestEspressos,4870686
2026-07-02T22:04:32.520716,2026-07-02T22:04:32.529921+00:00,123.0,2,bid,Kelvin Chan,EarnestEspressos,4870697
2026-07-02T22:04:32.555191,2026-07-02T22:04:32.566112+00:00,123.0,2,bid,Kelvin Chan,EarnestEspressos,4870699
2026-07-02T22:04:32.601182,2026-07-02T22:04:32.609598+00:00,123.0,2,bid,Kelvin Chan,EarnestEspressos,4870700
2026-07-02T22:04:32.691230,2026-07-02T22:04:32.702873+00:00,123.0,2,bid,Kelvin Chan,EarnestEspressos,4870703
2026-07-02T22:04:32.907038,2026-07-02T22:04:32.916518+00:00,123.0,2,bid,Kelvin Chan,EarnestEspressos,4870706
2026-07-02T22:04:33.231962,2026-07-02T22:04:33.240560+00:00,123.0,2,bid,Kelvin Chan,EarnestEspressos,4870708
2026-07-02T22:04:33.262375,2026-07-02T22:04:33.277138+00:00,123.0,50,bid,FlawlessFlatbreads,EarnestEspressos,4870711
2026-07-02T22:04:33.269183,2026-07-02T22:04:33.277138+00:00,123.0,3,bid,Xuanyu Liu,EarnestEspressos,4870713
2026-07-02T22:04:34.520444,2026-07-02T22:04:34.531389+00:00,123.2,3,ask,EarnestEspressos,Xuanyu Liu,4870754
2026-07-02T22:04:35.419367,2026-07-02T22:04:35.427103+00:00,123.2,50,ask,EarnestEspressos,FlawlessFlatbreads,4870776
2026-07-02T22:04:36.634693,2026-07-02T22:04:36.642642+00:00,123.3,1,ask,Kelvin Chan,Zihao Wu,4870801
2026-07-02T22:04:37.524441,2026-07-02T22:04:37.535764+00:00,123.2,50,ask,EarnestEspressos,FlawlessFlatbreads,4870820
2026-07-02T22:04:37.827483,2026-07-02T22:04:37.835205+00:00,122.9,6,ask,DiligentDonuts,Zihao Wu,4870828
2026-07-02T22:04:39.032187,2026-07-02T22:04:39.038343+00:00,123.1,12,bid,Zihao Wu,EarnestEspressos,4870850
2026-07-02T22:04:39.230614,2026-07-02T22:04:39.240461+00:00,122.8,2,ask,DiligentDonuts,Zihao Wu,4870852
2026-07-02T22:04:39.580095,2026-07-02T22:04:39.591399+00:00,123.1,50,bid,FlawlessFlatbreads,EarnestEspressos,4870859
2026-07-02T22:04:41.564107,2026-07-02T22:04:41.575574+00:00,122.9,49,ask,EarnestEspressos,CostlyCorianders,4870921
2026-07-02T22:04:41.633847,2026-07-02T22:04:41.644563+00:00,123.4,2,bid,Zihao Wu,EarnestEspressos,4870923
2026-07-02T22:04:41.687206,2026-07-02T22:04:41.698776+00:00,123.4,50,bid,FlawlessFlatbreads,EarnestEspressos,4870925
2026-07-02T22:04:42.075970,2026-07-02T22:04:42.087617+00:00,123.4,44,bid,CostlyCorianders,EarnestEspressos,4870940
2026-07-02T22:04:43.634710,2026-07-02T22:04:43.641368+00:00,123.4,2,bid,Zihao Wu,EarnestEspressos,4870965
2026-07-02T22:04:43.798237,2026-07-02T22:04:43.805699+00:00,123.4,50,bid,FlawlessFlatbreads,EarnestEspressos,4870974
2026-07-02T22:04:44.002975,2026-07-02T22:04:44.014508+00:00,123.4,100,bid,EarnestEspressos,DiligentDonuts,4870978
2026-07-02T22:04:44.035290,2026-07-02T22:04:44.041757+00:00,123.4,4,ask,EarnestEspressos,Zihao Wu,4870981
2026-07-02T22:04:44.334948,2026-07-02T22:04:44.344961+00:00,123.4,14,ask,EarnestEspressos,Xuanyu Liu,4870990
2026-07-02T22:04:45.612755,2026-07-02T22:04:45.624567+00:00,123.4,32,ask,EarnestEspressos,CostlyCorianders,4871025
2026-07-02T22:04:45.612755,2026-07-02T22:04:45.624567+00:00,123.2,9,ask,DiligentDonuts,CostlyCorianders,4871026
2026-07-02T22:04:45.636133,2026-07-02T22:04:45.643094+00:00,123.5,3,bid,Zihao Wu,Kelvin Chan,4871028
2026-07-02T22:04:45.844584,2026-07-02T22:04:45.858597+00:00,123.7,1,bid,Zihao Wu,DiligentDonuts,4871035
2026-07-02T22:04:45.904589,2026-07-02T22:04:45.912436+00:00,123.5,4,bid,FlawlessFlatbreads,Kelvin Chan,4871036
2026-07-02T22:04:45.904589,2026-07-02T22:04:45.917680+00:00,123.7,46,bid,FlawlessFlatbreads,DiligentDonuts,4871037
2026-07-02T22:04:47.219926,2026-07-02T22:04:47.229126+00:00,123.2,91,ask,DiligentDonuts,EarnestEspressos,4871052
2026-07-02T22:04:47.224673,2026-07-02T22:04:47.240659+00:00,123.2,1,bid,Kelvin Chan,EarnestEspressos,4871053
2026-07-02T22:04:47.230532,2026-07-02T22:04:47.240659+00:00,123.2,14,bid,Xuanyu Liu,EarnestEspressos,4871054
2026-07-02T22:04:47.239489,2026-07-02T22:04:47.250994+00:00,122.7,5,ask,EarnestEspressos,Zihao Wu,4871057
2026-07-02T22:04:47.262797,2026-07-02T22:04:47.274089+00:00,123.2,1,bid,Kelvin Chan,EarnestEspressos,4871058
2026-07-02T22:04:47.939540,2026-07-02T22:04:47.947311+00:00,123.2,3,bid,Kelvin Chan,EarnestEspressos,4871068
2026-07-02T22:04:48.011749,2026-07-02T22:04:48.023594+00:00,123.2,40,bid,FlawlessFlatbreads,EarnestEspressos,4871072
2026-07-02T22:04:48.011749,2026-07-02T22:04:48.023594+00:00,123.5,2,bid,FlawlessFlatbreads,Kelvin Chan,4871073
2026-07-02T22:04:48.011749,2026-07-02T22:04:48.023594+00:00,123.5,8,bid,FlawlessFlatbreads,DiligentDonuts,4871074
2026-07-02T22:04:48.041688,2026-07-02T22:04:48.048192+00:00,123.5,5,bid,Zihao Wu,DiligentDonuts,4871078
2026-07-02T22:04:49.039383,2026-07-02T22:04:49.046884+00:00,123.2,3,ask,Kelvin Chan,Zihao Wu,4871088
2026-07-02T22:04:50.604979,2026-07-02T22:04:50.616295+00:00,123.2,3,ask,Kelvin Chan,CostlyCorianders,4871122
2026-07-02T22:04:50.604979,2026-07-02T22:04:50.616295+00:00,123.2,46,ask,EarnestEspressos,CostlyCorianders,4871123
2026-07-02T22:04:52.277961,2026-07-02T22:04:52.289491+00:00,123.2,50,ask,EarnestEspressos,FlawlessFlatbreads,4871169
2026-07-02T22:04:53.046452,2026-07-02T22:04:53.046397+00:00,123.5,2,bid,Zihao Wu,Kelvin Chan,4871184
2026-07-02T22:04:53.252867,2026-07-02T22:04:53.258600+00:00,123.6,1,bid,Zihao Wu,DiligentDonuts,4871187
2026-07-02T22:04:53.647004,2026-07-02T22:04:53.655109+00:00,123.1,4,ask,DiligentDonuts,Zihao Wu,4871195
2026-07-02T22:04:54.333343,2026-07-02T22:04:54.343001+00:00,123.4,50,bid,FlawlessFlatbreads,EarnestEspressos,4871206
2026-07-02T22:04:54.845514,2026-07-02T22:04:54.853067+00:00,123.4,4,bid,Zihao Wu,EarnestEspressos,4871217
2026-07-02T22:04:55.647465,2026-07-02T22:04:55.654132+00:00,123.2,4,ask,DiligentDonuts,Zihao Wu,4871237
2026-07-02T22:04:56.450046,2026-07-02T22:04:56.458540+00:00,123.4,50,bid,FlawlessFlatbreads,EarnestEspressos,4871247
2026-07-02T22:04:56.930672,2026-07-02T22:04:56.939272+00:00,123.2,3,ask,DiligentDonuts,Xuanyu Liu,4871262
2026-07-02T22:04:58.557600,2026-07-02T22:04:58.569008+00:00,123.5,50,bid,FlawlessFlatbreads,DiligentDonuts,4871293
2026-07-02T22:04:59.650968,2026-07-02T22:04:59.658601+00:00,123.5,4,bid,Zihao Wu,DiligentDonuts,4871317
2026-07-02T22:05:00.688163,2026-07-02T22:05:00.700405+00:00,123.8,50,bid,FlawlessFlatbreads,EarnestEspressos,4871336
2026-07-02T22:05:01.819628,2026-07-02T22:05:01.831093+00:00,123.3,42,ask,EarnestEspressos,CostlyCorianders,4871355
2026-07-02T22:05:02.845485,2026-07-02T22:05:02.858568+00:00,123.3,50,ask,EarnestEspressos,FlawlessFlatbreads,4871379
2026-07-02T22:05:04.954835,2026-07-02T22:05:04.968869+00:00,123.3,50,ask,DiligentDonuts,FlawlessFlatbreads,4871434
2026-07-02T22:05:05.347247,2026-07-02T22:05:05.354484+00:00,123.6,46,bid,CostlyCorianders,EarnestEspressos,4871442
2026-07-02T22:05:06.143578,2026-07-02T22:05:06.165488+00:00,123.3,11,ask,DiligentDonuts,Xuanyu Liu,4871464
2026-07-02T22:05:06.342464,2026-07-02T22:05:06.358592+00:00,123.3,39,ask,DiligentDonuts,CostlyCorianders,4871472
2026-07-02T22:05:06.342464,2026-07-02T22:05:06.358592+00:00,123.3,10,ask,EarnestEspressos,CostlyCorianders,4871473
2026-07-02T22:05:06.564936,2026-07-02T22:05:06.576157+00:00,123.3,100,ask,EarnestEspressos,DiligentDonuts,4871479
2026-07-02T22:05:06.933811,2026-07-02T22:05:06.945343+00:00,123.8,47,bid,CostlyCorianders,EarnestEspressos,4871485
2026-07-02T22:05:07.060886,2026-07-02T22:05:07.069158+00:00,123.3,40,ask,EarnestEspressos,FlawlessFlatbreads,4871490
2026-07-02T22:05:07.060886,2026-07-02T22:05:07.069158+00:00,122.8,10,ask,DiligentDonuts,FlawlessFlatbreads,4871491
2026-07-02T22:05:09.002920,2026-07-02T22:05:09.012128+00:00,123.3,5,ask,Kelvin Chan,CostlyCorianders,4871517
2026-07-02T22:05:09.179848,2026-07-02T22:05:09.190263+00:00,122.8,50,ask,DiligentDonuts,FlawlessFlatbreads,4871520
2026-07-02T22:05:09.508322,2026-07-02T22:05:09.519925+00:00,123.3,47,bid,CostlyCorianders,EarnestEspressos,4871525
2026-07-02T22:05:10.029785,2026-07-02T22:05:10.041117+00:00,123.3,46,bid,CostlyCorianders,EarnestEspressos,4871533
2026-07-02T22:05:11.061996,2026-07-02T22:05:11.069105+00:00,123.0,40,ask,DiligentDonuts,CostlyCorianders,4871555
2026-07-02T22:05:11.286171,2026-07-02T22:05:11.297943+00:00,123.0,16,ask,DiligentDonuts,FlawlessFlatbreads,4871556
2026-07-02T22:05:11.286171,2026-07-02T22:05:11.297943+00:00,122.8,34,ask,EarnestEspressos,FlawlessFlatbreads,4871557
2026-07-02T22:05:12.220065,2026-07-02T22:05:12.230076+00:00,123.3,44,bid,CostlyCorianders,EarnestEspressos,4871563
2026-07-02T22:05:12.742984,2026-07-02T22:05:12.754693+00:00,123.2,4,ask,Kelvin Chan,CostlyCorianders,4871576
2026-07-02T22:05:12.742984,2026-07-02T22:05:12.754693+00:00,123.0,40,ask,EarnestEspressos,CostlyCorianders,4871577
2026-07-02T22:05:13.401993,2026-07-02T22:05:13.410145+00:00,123.0,50,ask,EarnestEspressos,FlawlessFlatbreads,4871592
2026-07-02T22:05:14.252805,2026-07-02T22:05:14.264398+00:00,123.1,42,bid,CostlyCorianders,DiligentDonuts,4871599
2026-07-02T22:05:15.513228,2026-07-02T22:05:15.569553+00:00,123.0,50,ask,EarnestEspressos,FlawlessFlatbreads,4871628
2026-07-02T22:05:15.709494,2026-07-02T22:05:15.759383+00:00,123.0,11,bid,Xuanyu Liu,EarnestEspressos,4871629
2026-07-02T22:05:16.856204,2026-07-02T22:05:16.867919+00:00,123.0,42,bid,CostlyCorianders,EarnestEspressos,4871655
2026-07-02T22:05:17.642837,2026-07-02T22:05:17.650905+00:00,122.7,50,ask,DiligentDonuts,FlawlessFlatbreads,4871666
2026-07-02T22:05:19.234153,2026-07-02T22:05:19.242440+00:00,123.0,3,bid,Xuanyu Liu,DiligentDonuts,4871699
2026-07-02T22:05:19.748530,2026-07-02T22:05:19.758572+00:00,122.7,50,ask,EarnestEspressos,FlawlessFlatbreads,4871711
2026-07-02T22:05:20.003198,2026-07-02T22:05:20.014818+00:00,122.7,46,ask,EarnestEspressos,CostlyCorianders,4871722
2026-07-02T22:05:21.462658,2026-07-02T22:05:21.474009+00:00,122.7,40,ask,EarnestEspressos,CostlyCorianders,4871762
2026-07-02T22:05:21.856393,2026-07-02T22:05:21.863672+00:00,122.7,14,ask,EarnestEspressos,FlawlessFlatbreads,4871763
2026-07-02T22:05:21.856393,2026-07-02T22:05:21.869103+00:00,122.5,36,ask,DiligentDonuts,FlawlessFlatbreads,4871764
2026-07-02T22:05:22.035045,2026-07-02T22:05:22.042924+00:00,122.6,3,bid,Xuanyu Liu,EarnestEspressos,4871768
2026-07-02T22:05:23.965020,2026-07-02T22:05:23.976438+00:00,122.5,50,ask,DiligentDonuts,FlawlessFlatbreads,4871827
2026-07-02T22:05:26.072367,2026-07-02T22:05:26.081886+00:00,122.3,50,ask,DiligentDonuts,FlawlessFlatbreads,4871865
2026-07-02T22:05:28.178312,2026-07-02T22:05:28.189674+00:00,122.3,50,ask,DiligentDonuts,FlawlessFlatbreads,4871927
2026-07-02T22:05:28.716435,2026-07-02T22:05:28.727602+00:00,122.7,49,bid,CostlyCorianders,EarnestEspressos,4871936
2026-07-02T22:05:29.703089,2026-07-02T22:05:29.712857+00:00,122.5,11,bid,Xuanyu Liu,DiligentDonuts,4871963
2026-07-02T22:05:30.284067,2026-07-02T22:05:30.295820+00:00,122.2,50,ask,EarnestEspressos,FlawlessFlatbreads,4871970
2026-07-02T22:05:30.502629,2026-07-02T22:05:30.513765+00:00,122.5,3,bid,Kelvin Chan,DiligentDonuts,4871978
2026-07-02T22:05:30.736656,2026-07-02T22:05:30.748003+00:00,122.5,43,bid,CostlyCorianders,DiligentDonuts,4871983
2026-07-02T22:05:30.909100,2026-07-02T22:05:30.920812+00:00,122.5,3,bid,Kelvin Chan,DiligentDonuts,4871984
2026-07-02T22:05:31.142666,2026-07-02T22:05:31.158553+00:00,122.5,2,bid,Kelvin Chan,DiligentDonuts,4871989
2026-07-02T22:05:31.270010,2026-07-02T22:05:31.281319+00:00,122.2,42,ask,EarnestEspressos,CostlyCorianders,4871991
2026-07-02T22:05:31.380502,2026-07-02T22:05:31.389656+00:00,122.5,2,bid,Kelvin Chan,DiligentDonuts,4871992
2026-07-02T22:05:31.416503,2026-07-02T22:05:31.425007+00:00,122.5,2,bid,Kelvin Chan,DiligentDonuts,4871993
2026-07-02T22:05:31.520592,2026-07-02T22:05:31.528870+00:00,122.4,12,bid,Xuanyu Liu,EarnestEspressos,4871995
2026-07-02T22:05:31.821802,2026-07-02T22:05:31.829261+00:00,122.4,2,bid,Kelvin Chan,EarnestEspressos,4872007
2026-07-02T22:05:32.404613,2026-07-02T22:05:32.412476+00:00,122.2,50,ask,DiligentDonuts,FlawlessFlatbreads,4872017
2026-07-02T22:05:33.914669,2026-07-02T22:05:33.926203+00:00,122.4,48,bid,CostlyCorianders,EarnestEspressos,4872058
2026-07-02T22:05:34.510471,2026-07-02T22:05:34.518142+00:00,122.2,50,ask,DiligentDonuts,FlawlessFlatbreads,4872080
2026-07-02T22:05:35.064939,2026-07-02T22:05:35.073683+00:00,122.3,23,bid,Xuanyu Liu,DiligentDonuts,4872088
2026-07-02T22:05:35.445646,2026-07-02T22:05:35.463636+00:00,122.3,44,bid,CostlyCorianders,DiligentDonuts,4872095
2026-07-02T22:05:36.616428,2026-07-02T22:05:36.628098+00:00,122.1,50,ask,EarnestEspressos,FlawlessFlatbreads,4872114
2026-07-02T22:05:37.352258,2026-07-02T22:05:37.363945+00:00,122.1,45,ask,EarnestEspressos,CostlyCorianders,4872130
2026-07-02T22:05:38.723126,2026-07-02T22:05:38.729663+00:00,122.0,50,ask,DiligentDonuts,FlawlessFlatbreads,4872152
2026-07-02T22:05:40.778922,2026-07-02T22:05:40.788057+00:00,122.3,50,bid,FlawlessFlatbreads,EarnestEspressos,4872182
2026-07-02T22:05:41.003098,2026-07-02T22:05:41.011926+00:00,122.0,45,ask,DiligentDonuts,CostlyCorianders,4872190
2026-07-02T22:05:42.886290,2026-07-02T22:05:42.896212+00:00,122.2,50,bid,FlawlessFlatbreads,DiligentDonuts,4872217
2026-07-02T22:05:44.997707,2026-07-02T22:05:45.007449+00:00,122.4,50,bid,FlawlessFlatbreads,DiligentDonuts,4872278
2026-07-02T22:05:45.355666,2026-07-02T22:05:45.356208+00:00,122.4,42,bid,CostlyCorianders,DiligentDonuts,4872281
2026-07-02T22:05:45.904836,2026-07-02T22:05:45.915308+00:00,122.4,8,bid,CostlyCorianders,DiligentDonuts,4872295
2026-07-02T22:05:45.904836,2026-07-02T22:05:45.915308+00:00,122.5,40,bid,CostlyCorianders,EarnestEspressos,4872296
2026-07-02T22:05:53.412924,2026-07-02T22:05:53.424252+00:00,122.6,50,bid,FlawlessFlatbreads,EarnestEspressos,4872491
2026-07-02T22:05:53.621935,2026-07-02T22:05:53.629263+00:00,122.4,2,ask,EarnestEspressos,Xuanyu Liu,4872492
2026-07-02T22:05:54.041981,2026-07-02T22:05:54.050830+00:00,122.4,9,ask,EarnestEspressos,Xuanyu Liu,4872503
2026-07-02T22:05:54.128445,2026-07-02T22:05:54.134841+00:00,122.4,1,ask,EarnestEspressos,Xuanyu Liu,4872506
2026-07-02T22:05:55.519564,2026-07-02T22:05:55.530957+00:00,122.8,50,bid,FlawlessFlatbreads,DiligentDonuts,4872553
2026-07-02T22:05:55.948346,2026-07-02T22:05:55.956855+00:00,122.4,11,ask,EarnestEspressos,Xuanyu Liu,4872562
2026-07-02T22:05:57.627831,2026-07-02T22:05:57.635963+00:00,122.6,50,bid,FlawlessFlatbreads,EarnestEspressos,4872584
2026-07-02T22:05:59.733650,2026-07-02T22:05:59.742094+00:00,122.6,50,bid,FlawlessFlatbreads,EarnestEspressos,4872628
2026-07-02T22:05:59.932224,2026-07-02T22:05:59.941366+00:00,122.6,3,bid,EarnestEspressos,Kelvin Chan,4872635
2026-07-02T22:05:59.932224,2026-07-02T22:05:59.941366+00:00,122.7,100,bid,EarnestEspressos,DiligentDonuts,4872636
2026-07-02T22:06:00.017489,2026-07-02T22:06:00.038296+00:00,122.7,12,ask,EarnestEspressos,Xuanyu Liu,4872639
2026-07-02T22:06:00.173945,2026-07-02T22:06:00.182331+00:00,122.7,11,ask,EarnestEspressos,Xuanyu Liu,4872646
2026-07-02T22:06:01.793172,2026-07-02T22:06:01.804545+00:00,122.7,24,ask,EarnestEspressos,CostlyCorianders,4872700
2026-07-02T22:06:01.793172,2026-07-02T22:06:01.804545+00:00,122.7,18,ask,DiligentDonuts,CostlyCorianders,4872701
2026-07-02T22:06:03.156327,2026-07-02T22:06:03.158183+00:00,122.7,82,ask,DiligentDonuts,EarnestEspressos,4872734
2026-07-02T22:06:03.811602,2026-07-02T22:06:03.819724+00:00,122.7,11,bid,Xuanyu Liu,EarnestEspressos,4872751
2026-07-02T22:06:03.997028,2026-07-02T22:06:04.008440+00:00,122.5,50,ask,DiligentDonuts,FlawlessFlatbreads,4872753
2026-07-02T22:06:06.759498,2026-07-02T22:06:06.767693+00:00,122.9,6,ask,EarnestEspressos,Xuanyu Liu,4872814
2026-07-02T22:06:07.781671,2026-07-02T22:06:07.792048+00:00,122.9,5,ask,EarnestEspressos,Xuanyu Liu,4872839
2026-07-02T22:06:07.874427,2026-07-02T22:06:07.887868+00:00,122.9,3,ask,EarnestEspressos,Xuanyu Liu,4872844
2026-07-02T22:06:08.218792,2026-07-02T22:06:08.227315+00:00,122.9,50,ask,EarnestEspressos,FlawlessFlatbreads,4872854
2026-07-02T22:06:08.814763,2026-07-02T22:06:08.825705+00:00,122.9,2,ask,EarnestEspressos,Kelvin Chan,4872867
2026-07-02T22:06:10.204238,2026-07-02T22:06:10.215999+00:00,122.5,4,ask,Kelvin Chan,CostlyCorianders,4872900
2026-07-02T22:06:10.204238,2026-07-02T22:06:10.215999+00:00,122.5,38,ask,EarnestEspressos,CostlyCorianders,4872901
2026-07-02T22:06:10.336852,2026-07-02T22:06:10.351136+00:00,122.5,50,ask,EarnestEspressos,FlawlessFlatbreads,4872911
2026-07-02T22:06:10.783179,2026-07-02T22:06:10.794738+00:00,122.6,4,ask,Kelvin Chan,CostlyCorianders,4872916
2026-07-02T22:06:10.783179,2026-07-02T22:06:10.794738+00:00,122.5,44,ask,EarnestEspressos,CostlyCorianders,4872917
2026-07-02T22:06:11.427067,2026-07-02T22:06:11.437066+00:00,122.8,41,bid,CostlyCorianders,DiligentDonuts,4872933
2026-07-02T22:06:11.480813,2026-07-02T22:06:11.492313+00:00,122.5,18,ask,EarnestEspressos,CostlyCorianders,4872934
2026-07-02T22:06:12.464726,2026-07-02T22:06:12.473211+00:00,122.3,45,ask,DiligentDonuts,CostlyCorianders,4872972
2026-07-02T22:06:12.638201,2026-07-02T22:06:12.649713+00:00,122.3,55,ask,DiligentDonuts,EarnestEspressos,4872973
2026-07-02T22:06:12.650962,2026-07-02T22:06:12.664203+00:00,122.2,6,bid,Xuanyu Liu,EarnestEspressos,4872974
2026-07-02T22:06:12.665250,2026-07-02T22:06:12.674773+00:00,122.2,20,bid,Xuanyu Liu,EarnestEspressos,4872978
2026-07-02T22:06:13.866579,2026-07-02T22:06:13.874945+00:00,122.2,7,bid,Xuanyu Liu,EarnestEspressos,4873007
2026-07-02T22:06:13.980071,2026-07-02T22:06:13.992618+00:00,122.2,4,bid,Xuanyu Liu,EarnestEspressos,4873010
2026-07-02T22:06:14.307969,2026-07-02T22:06:14.321808+00:00,122.2,12,bid,Xuanyu Liu,EarnestEspressos,4873013
2026-07-02T22:06:14.468482,2026-07-02T22:06:14.477345+00:00,122.2,3,bid,Kelvin Chan,EarnestEspressos,4873017
2026-07-02T22:06:18.028111,2026-07-02T22:06:18.038098+00:00,122.5,46,bid,CostlyCorianders,DiligentDonuts,4873099
2026-07-02T22:06:18.709960,2026-07-02T22:06:18.718443+00:00,122.5,50,bid,FlawlessFlatbreads,DiligentDonuts,4873122
2026-07-02T22:06:19.290035,2026-07-02T22:06:19.299241+00:00,122.4,12,ask,DiligentDonuts,Xuanyu Liu,4873138
2026-07-02T22:06:20.128542,2026-07-02T22:06:20.139888+00:00,122.4,41,ask,DiligentDonuts,CostlyCorianders,4873164
2026-07-02T22:06:20.651895,2026-07-02T22:06:20.658625+00:00,122.7,46,bid,CostlyCorianders,EarnestEspressos,4873177
2026-07-02T22:06:20.888617,2026-07-02T22:06:20.899862+00:00,122.4,47,ask,DiligentDonuts,FlawlessFlatbreads,4873186
2026-07-02T22:06:23.192159,2026-07-02T22:06:23.203770+00:00,122.4,42,ask,EarnestEspressos,CostlyCorianders,4873242
2026-07-02T22:06:25.128391,2026-07-02T22:06:25.135782+00:00,122.4,50,ask,EarnestEspressos,FlawlessFlatbreads,4873268
2026-07-02T22:06:27.252758,2026-07-02T22:06:27.269680+00:00,122.4,5,ask,Kelvin Chan,FlawlessFlatbreads,4873303
2026-07-02T22:06:27.252758,2026-07-02T22:06:27.269680+00:00,122.4,45,ask,DiligentDonuts,FlawlessFlatbreads,4873304
2026-07-02T22:06:29.367728,2026-07-02T22:06:29.376893+00:00,122.4,5,ask,Kelvin Chan,FlawlessFlatbreads,4873347
2026-07-02T22:06:29.367728,2026-07-02T22:06:29.376893+00:00,122.2,45,ask,EarnestEspressos,FlawlessFlatbreads,4873348
2026-07-02T22:06:30.393205,2026-07-02T22:06:30.401385+00:00,122.6,12,bid,Xuanyu Liu,DiligentDonuts,4873379
2026-07-02T22:06:31.486704,2026-07-02T22:06:31.497662+00:00,122.4,4,ask,Kelvin Chan,FlawlessFlatbreads,4873395
2026-07-02T22:06:31.486704,2026-07-02T22:06:31.497662+00:00,122.2,46,ask,EarnestEspressos,FlawlessFlatbreads,4873396
2026-07-02T22:06:33.593296,2026-07-02T22:06:33.601806+00:00,122.3,50,ask,DiligentDonuts,FlawlessFlatbreads,4873443
2026-07-02T22:06:33.978517,2026-07-02T22:06:33.986042+00:00,122.5,11,bid,Xuanyu Liu,EarnestEspressos,4873446
2026-07-02T22:06:34.038739,2026-07-02T22:06:34.046494+00:00,122.5,11,bid,Xuanyu Liu,EarnestEspressos,4873449
2026-07-02T22:06:34.755673,2026-07-02T22:06:34.766944+00:00,122.8,47,bid,CostlyCorianders,DiligentDonuts,4873473
2026-07-02T22:06:35.649375,2026-07-02T22:06:35.658567+00:00,122.7,50,bid,FlawlessFlatbreads,EarnestEspressos,4873488
2026-07-02T22:06:36.873585,2026-07-02T22:06:36.884912+00:00,122.7,41,bid,CostlyCorianders,EarnestEspressos,4873529
2026-07-02T22:06:37.760082,2026-07-02T22:06:37.771563+00:00,122.7,50,bid,FlawlessFlatbreads,EarnestEspressos,4873553
2026-07-02T22:06:39.864827,2026-07-02T22:06:39.876300+00:00,123.1,50,bid,FlawlessFlatbreads,DiligentDonuts,4873590
2026-07-02T22:06:39.876998,2026-07-02T22:06:39.888250+00:00,123.1,40,bid,CostlyCorianders,DiligentDonuts,4873591
2026-07-02T22:06:41.064257,2026-07-02T22:06:41.075548+00:00,123.1,10,bid,EarnestEspressos,DiligentDonuts,4873612
2026-07-02T22:06:41.130107,2026-07-02T22:06:41.138724+00:00,123.1,11,ask,EarnestEspressos,Xuanyu Liu,4873613
2026-07-02T22:06:41.285634,2026-07-02T22:06:41.294164+00:00,123.1,11,ask,EarnestEspressos,Xuanyu Liu,4873622
2026-07-02T22:06:41.972641,2026-07-02T22:06:41.983965+00:00,123.5,50,bid,FlawlessFlatbreads,DiligentDonuts,4873635
2026-07-02T22:06:43.983352,2026-07-02T22:06:43.994714+00:00,123.1,43,ask,EarnestEspressos,CostlyCorianders,4873670
2026-07-02T22:06:44.128585,2026-07-02T22:06:44.137493+00:00,123.1,50,ask,EarnestEspressos,FlawlessFlatbreads,4873673
2026-07-02T22:06:44.302398,2026-07-02T22:06:44.312515+00:00,123.0,100,ask,DiligentDonuts,EarnestEspressos,4873678
2026-07-02T22:06:46.183657,2026-07-02T22:06:46.190292+00:00,123.0,50,bid,FlawlessFlatbreads,EarnestEspressos,4873709
2026-07-02T22:06:48.289134,2026-07-02T22:06:48.300866+00:00,123.2,50,bid,FlawlessFlatbreads,DiligentDonuts,4873755
2026-07-02T22:06:50.447670,2026-07-02T22:06:50.458554+00:00,123.0,50,ask,EarnestEspressos,FlawlessFlatbreads,4873780
2026-07-02T22:06:51.452662,2026-07-02T22:06:51.457191+00:00,122.9,47,ask,DiligentDonuts,CostlyCorianders,4873791
2026-07-02T22:06:52.042471,2026-07-02T22:06:52.063946+00:00,123.3,43,bid,CostlyCorianders,EarnestEspressos,4873801
2026-07-02T22:06:52.553579,2026-07-02T22:06:52.564913+00:00,122.9,50,ask,DiligentDonuts,FlawlessFlatbreads,4873803
2026-07-02T22:06:53.618929,2026-07-02T22:06:53.628074+00:00,122.9,3,ask,DiligentDonuts,Xuanyu Liu,4873815
2026-07-02T22:06:53.743631,2026-07-02T22:06:53.751753+00:00,122.9,9,ask,EarnestEspressos,Xuanyu Liu,4873817
2026-07-02T22:06:54.120893,2026-07-02T22:06:54.132075+00:00,122.9,100,ask,EarnestEspressos,DiligentDonuts,4873831
2026-07-02T22:06:54.663137,2026-07-02T22:06:54.674448+00:00,122.9,41,ask,EarnestEspressos,FlawlessFlatbreads,4873840
2026-07-02T22:06:54.663137,2026-07-02T22:06:54.674448+00:00,122.4,9,ask,DiligentDonuts,FlawlessFlatbreads,4873841
2026-07-02T22:06:56.979998,2026-07-02T22:06:56.986826+00:00,122.4,41,ask,DiligentDonuts,CostlyCorianders,4873887
2026-07-02T22:06:58.829293,2026-07-02T22:06:58.840673+00:00,122.8,50,bid,FlawlessFlatbreads,EarnestEspressos,4873930
2026-07-02T22:07:00.248670,2026-07-02T22:07:00.257694+00:00,122.9,45,bid,CostlyCorianders,EarnestEspressos,4873955
2026-07-02T22:07:00.937789,2026-07-02T22:07:00.947695+00:00,122.9,50,bid,FlawlessFlatbreads,EarnestEspressos,4873964
2026-07-02T22:07:03.048295,2026-07-02T22:07:03.063673+00:00,122.9,50,bid,FlawlessFlatbreads,EarnestEspressos,4874004
2026-07-02T22:07:03.231122,2026-07-02T22:07:03.240107+00:00,123.0,100,bid,EarnestEspressos,DiligentDonuts,4874007
2026-07-02T22:07:03.231122,2026-07-02T22:07:03.240107+00:00,123.0,4,bid,EarnestEspressos,Kelvin Chan,4874008
2026-07-02T22:07:03.294812,2026-07-02T22:07:03.310667+00:00,123.0,6,ask,EarnestEspressos,Kelvin Chan,4874010
2026-07-02T22:07:03.302159,2026-07-02T22:07:03.310667+00:00,123.0,11,ask,EarnestEspressos,Xuanyu Liu,4874011
2026-07-02T22:07:05.207887,2026-07-02T22:07:05.219801+00:00,123.0,29,ask,EarnestEspressos,FlawlessFlatbreads,4874041
2026-07-02T22:07:05.207887,2026-07-02T22:07:05.219801+00:00,122.8,21,ask,DiligentDonuts,FlawlessFlatbreads,4874042
2026-07-02T22:07:06.241023,2026-07-02T22:07:06.252642+00:00,122.8,47,ask,DiligentDonuts,CostlyCorianders,4874065
2026-07-02T22:07:06.770925,2026-07-02T22:07:06.782549+00:00,122.9,46,bid,CostlyCorianders,EarnestEspressos,4874073
2026-07-02T22:07:07.318824,2026-07-02T22:07:07.331933+00:00,122.6,50,ask,DiligentDonuts,FlawlessFlatbreads,4874082
2026-07-02T22:07:07.394373,2026-07-02T22:07:07.405623+00:00,122.9,44,bid,CostlyCorianders,EarnestEspressos,4874087
2026-07-02T22:07:07.872834,2026-07-02T22:07:07.883062+00:00,122.9,11,bid,Xuanyu Liu,EarnestEspressos,4874093
2026-07-02T22:07:08.055157,2026-07-02T22:07:08.063551+00:00,122.9,23,bid,Xuanyu Liu,EarnestEspressos,4874101
2026-07-02T22:07:08.416230,2026-07-02T22:07:08.426292+00:00,122.8,1,ask,Kelvin Chan,Xuanyu Liu,4874108
2026-07-02T22:07:08.605364,2026-07-02T22:07:08.614167+00:00,122.8,1,ask,Kelvin Chan,Xuanyu Liu,4874112
2026-07-02T22:07:08.653753,2026-07-02T22:07:08.662595+00:00,122.8,1,ask,Kelvin Chan,Xuanyu Liu,4874114
2026-07-02T22:07:09.359374,2026-07-02T22:07:09.368088+00:00,122.8,1,ask,Kelvin Chan,Xuanyu Liu,4874123
2026-07-02T22:07:09.373108,2026-07-02T22:07:09.383678+00:00,122.9,26,bid,FlawlessFlatbreads,EarnestEspressos,4874125
2026-07-02T22:07:09.373108,2026-07-02T22:07:09.383678+00:00,123.1,5,bid,FlawlessFlatbreads,Kelvin Chan,4874126
2026-07-02T22:07:09.373108,2026-07-02T22:07:09.383678+00:00,123.1,19,bid,FlawlessFlatbreads,DiligentDonuts,4874127
2026-07-02T22:07:09.559414,2026-07-02T22:07:09.567606+00:00,123.0,30,ask,EarnestEspressos,Xuanyu Liu,4874130
2026-07-02T22:07:09.945751,2026-07-02T22:07:09.958585+00:00,123.0,100,ask,EarnestEspressos,DiligentDonuts,4874135
2026-07-02T22:07:10.624360,2026-07-02T22:07:10.635706+00:00,123.0,20,ask,EarnestEspressos,CostlyCorianders,4874146
2026-07-02T22:07:10.624360,2026-07-02T22:07:10.635706+00:00,122.7,1,ask,Kelvin Chan,CostlyCorianders,4874147
2026-07-02T22:07:10.624360,2026-07-02T22:07:10.635706+00:00,122.5,21,ask,DiligentDonuts,CostlyCorianders,4874148
2026-07-02T22:07:13.183931,2026-07-02T22:07:13.195270+00:00,122.9,46,bid,CostlyCorianders,EarnestEspressos,4874193
2026-07-02T22:07:15.693028,2026-07-02T22:07:15.764686+00:00,122.9,50,bid,FlawlessFlatbreads,EarnestEspressos,4874226
2026-07-02T22:07:17.800941,2026-07-02T22:07:17.812617+00:00,123.1,2,bid,FlawlessFlatbreads,Kelvin Chan,4874272
2026-07-02T22:07:17.800941,2026-07-02T22:07:17.812617+00:00,123.2,48,bid,FlawlessFlatbreads,EarnestEspressos,4874273
2026-07-02T22:07:18.566292,2026-07-02T22:07:18.576853+00:00,123.0,2,bid,Zihao Wu,Kelvin Chan,4874281
2026-07-02T22:07:18.767019,2026-07-02T22:07:18.774439+00:00,123.1,3,bid,Zihao Wu,Kelvin Chan,4874289
2026-07-02T22:07:19.914437,2026-07-02T22:07:19.924542+00:00,123.1,2,bid,FlawlessFlatbreads,Kelvin Chan,4874312
2026-07-02T22:07:19.914437,2026-07-02T22:07:19.924542+00:00,123.2,48,bid,FlawlessFlatbreads,DiligentDonuts,4874313
2026-07-02T22:07:22.029927,2026-07-02T22:07:22.041720+00:00,123.1,1,bid,FlawlessFlatbreads,Kelvin Chan,4874348
2026-07-02T22:07:22.354306,2026-07-02T22:07:22.363296+00:00,122.8,12,ask,EarnestEspressos,Xuanyu Liu,4874352
2026-07-02T22:07:23.559610,2026-07-02T22:07:23.567789+00:00,122.8,11,ask,EarnestEspressos,Xuanyu Liu,4874390
2026-07-02T22:07:24.209990,2026-07-02T22:07:24.217962+00:00,122.8,50,ask,EarnestEspressos,FlawlessFlatbreads,4874402
2026-07-02T22:07:25.377125,2026-07-02T22:07:25.384470+00:00,122.7,3,ask,Kelvin Chan,CostlyCorianders,4874417
2026-07-02T22:07:25.377125,2026-07-02T22:07:25.389948+00:00,122.7,39,ask,DiligentDonuts,CostlyCorianders,4874418
2026-07-02T22:07:26.317527,2026-07-02T22:07:26.328937+00:00,122.5,50,ask,DiligentDonuts,FlawlessFlatbreads,4874439
2026-07-02T22:07:28.432071,2026-07-02T22:07:28.445968+00:00,122.5,50,ask,DiligentDonuts,FlawlessFlatbreads,4874482
2026-07-02T22:07:30.537390,2026-07-02T22:07:30.549114+00:00,122.7,5,ask,Kelvin Chan,FlawlessFlatbreads,4874522
2026-07-02T22:07:30.537390,2026-07-02T22:07:30.549114+00:00,122.4,45,ask,EarnestEspressos,FlawlessFlatbreads,4874523
2026-07-02T22:07:31.821628,2026-07-02T22:07:31.833292+00:00,122.3,43,ask,DiligentDonuts,CostlyCorianders,4874541
2026-07-02T22:07:32.135973,2026-07-02T22:07:32.143849+00:00,122.5,3,bid,Xuanyu Liu,DiligentDonuts,4874548
2026-07-02T22:07:32.144850,2026-07-02T22:07:32.152960+00:00,122.5,8,bid,Xuanyu Liu,DiligentDonuts,4874550
2026-07-02T22:07:32.647317,2026-07-02T22:07:32.654221+00:00,122.2,50,ask,EarnestEspressos,FlawlessFlatbreads,4874558
2026-07-02T22:07:32.856044,2026-07-02T22:07:32.864489+00:00,122.5,41,bid,CostlyCorianders,DiligentDonuts,4874564
2026-07-02T22:07:32.909818,2026-07-02T22:07:32.917261+00:00,122.2,40,ask,EarnestEspressos,CostlyCorianders,4874566
2026-07-02T22:07:33.904050,2026-07-02T22:07:33.915677+00:00,122.2,43,ask,EarnestEspressos,CostlyCorianders,4874578
2026-07-02T22:07:33.918445,2026-07-02T22:07:33.926147+00:00,122.5,4,bid,Kelvin Chan,DiligentDonuts,4874581
2026-07-02T22:07:34.910031,2026-07-02T22:07:34.918455+00:00,122.0,100,ask,DiligentDonuts,EarnestEspressos,4874605
2026-07-02T22:07:34.922474,2026-07-02T22:07:34.937326+00:00,122.0,8,bid,Xuanyu Liu,EarnestEspressos,4874608
2026-07-02T22:07:34.938418,2026-07-02T22:07:34.947463+00:00,122.0,38,bid,Xuanyu Liu,EarnestEspressos,4874610
2026-07-02T22:07:35.062740,2026-07-02T22:07:35.074317+00:00,122.0,4,bid,CostlyCorianders,EarnestEspressos,4874614
2026-07-02T22:07:35.062740,2026-07-02T22:07:35.074317+00:00,122.5,42,bid,CostlyCorianders,DiligentDonuts,4874615
2026-07-02T22:07:35.596624,2026-07-02T22:07:35.607392+00:00,122.4,12,bid,Zihao Wu,DiligentDonuts,4874623
2026-07-02T22:07:36.869898,2026-07-02T22:07:36.879429+00:00,121.9,50,ask,DiligentDonuts,FlawlessFlatbreads,4874644
2026-07-02T22:07:38.975508,2026-07-02T22:07:38.987010+00:00,122.0,50,ask,EarnestEspressos,FlawlessFlatbreads,4874684
2026-07-02T22:07:39.592634,2026-07-02T22:07:39.601528+00:00,122.0,12,ask,EarnestEspressos,Zihao Wu,4874697
2026-07-02T22:07:39.994587,2026-07-02T22:07:40.005919+00:00,122.0,43,ask,EarnestEspressos,CostlyCorianders,4874708
2026-07-02T22:07:41.081446,2026-07-02T22:07:41.093065+00:00,122.0,45,ask,EarnestEspressos,FlawlessFlatbreads,4874723
2026-07-02T22:07:41.081446,2026-07-02T22:07:41.093065+00:00,121.9,5,ask,DiligentDonuts,FlawlessFlatbreads,4874724
2026-07-02T22:07:41.256649,2026-07-02T22:07:41.258585+00:00,121.9,95,ask,DiligentDonuts,EarnestEspressos,4874732
2026-07-02T22:07:41.543788,2026-07-02T22:07:41.558730+00:00,121.8,43,bid,CostlyCorianders,EarnestEspressos,4874743
2026-07-02T22:07:41.651360,2026-07-02T22:07:41.660600+00:00,121.8,2,bid,Xuanyu Liu,EarnestEspressos,4874745
2026-07-02T22:07:42.164930,2026-07-02T22:07:42.174665+00:00,121.8,10,bid,Xuanyu Liu,EarnestEspressos,4874760
2026-07-02T22:07:42.164930,2026-07-02T22:07:42.174665+00:00,121.8,11,bid,Xuanyu Liu,DiligentDonuts,4874761
2026-07-02T22:07:42.189370,2026-07-02T22:07:42.200501+00:00,121.8,12,bid,Zihao Wu,DiligentDonuts,4874765
2026-07-02T22:07:43.591965,2026-07-02T22:07:43.600891+00:00,121.3,12,ask,EarnestEspressos,Zihao Wu,4874797
2026-07-02T22:07:45.272268,2026-07-02T22:07:45.280556+00:00,121.6,50,bid,FlawlessFlatbreads,DiligentDonuts,4874827
2026-07-02T22:07:46.196768,2026-07-02T22:07:46.207033+00:00,121.6,12,bid,Zihao Wu,DiligentDonuts,4874844
2026-07-02T22:07:47.382790,2026-07-02T22:07:47.394265+00:00,121.6,38,bid,FlawlessFlatbreads,DiligentDonuts,4874858
2026-07-02T22:07:47.382790,2026-07-02T22:07:47.394265+00:00,121.9,12,bid,FlawlessFlatbreads,EarnestEspressos,4874859
2026-07-02T22:07:47.395583,2026-07-02T22:07:47.404844+00:00,121.4,12,ask,EarnestEspressos,Zihao Wu,4874861
2026-07-02T22:07:49.493062,2026-07-02T22:07:49.504625+00:00,122.1,50,bid,FlawlessFlatbreads,EarnestEspressos,4874885
2026-07-02T22:07:49.507762,2026-07-02T22:07:49.518994+00:00,122.1,44,bid,CostlyCorianders,EarnestEspressos,4874886
2026-07-02T22:07:50.696134,2026-07-02T22:07:50.708205+00:00,122.0,23,ask,EarnestEspressos,Xuanyu Liu,4874900
2026-07-02T22:07:51.221961,2026-07-02T22:07:51.231276+00:00,122.0,43,ask,EarnestEspressos,CostlyCorianders,4874906
2026-07-02T22:07:51.353710,2026-07-02T22:07:51.390379+00:00,122.0,11,ask,EarnestEspressos,Xuanyu Liu,4874911
2026-07-02T22:07:51.627090,2026-07-02T22:07:51.638454+00:00,122.1,50,bid,FlawlessFlatbreads,DiligentDonuts,4874921
2026-07-02T22:07:51.693146,2026-07-02T22:07:51.704714+00:00,122.1,49,bid,CostlyCorianders,DiligentDonuts,4874923
2026-07-02T22:07:52.664629,2026-07-02T22:07:52.678143+00:00,122.0,12,ask,EarnestEspressos,Xuanyu Liu,4874935
2026-07-02T22:07:52.679298,2026-07-02T22:07:52.687945+00:00,122.0,11,ask,EarnestEspressos,Xuanyu Liu,4874939
2026-07-02T22:07:53.080200,2026-07-02T22:07:53.091970+00:00,122.0,43,ask,EarnestEspressos,CostlyCorianders,4874947
2026-07-02T22:07:53.733106,2026-07-02T22:07:53.740824+00:00,122.1,1,bid,FlawlessFlatbreads,DiligentDonuts,4874970
2026-07-02T22:07:53.733106,2026-07-02T22:07:53.746201+00:00,122.5,49,bid,FlawlessFlatbreads,EarnestEspressos,4874971
2026-07-02T22:07:53.939064,2026-07-02T22:07:53.947450+00:00,121.8,11,bid,Xuanyu Liu,EarnestEspressos,4874980
2026-07-02T22:07:54.105548,2026-07-02T22:07:54.116987+00:00,121.6,44,ask,DiligentDonuts,CostlyCorianders,4874986
2026-07-02T22:07:54.720266,2026-07-02T22:07:54.731777+00:00,121.8,43,bid,CostlyCorianders,EarnestEspressos,4874994
2026-07-02T22:07:55.799753,2026-07-02T22:07:55.808689+00:00,121.8,47,bid,CostlyCorianders,EarnestEspressos,4875018
2026-07-02T22:07:55.839718,2026-07-02T22:07:55.850201+00:00,121.8,49,bid,FlawlessFlatbreads,EarnestEspressos,4875022
2026-07-02T22:07:55.839718,2026-07-02T22:07:55.850201+00:00,122.1,1,bid,FlawlessFlatbreads,DiligentDonuts,4875023
2026-07-02T22:07:57.045972,2026-07-02T22:07:57.058999+00:00,122.0,11,ask,EarnestEspressos,Xuanyu Liu,4875058
2026-07-02T22:07:57.948787,2026-07-02T22:07:57.959984+00:00,122.1,50,bid,FlawlessFlatbreads,DiligentDonuts,4875074
2026-07-02T22:07:59.223434,2026-07-02T22:07:59.231396+00:00,122.0,23,ask,EarnestEspressos,Xuanyu Liu,4875100
2026-07-02T22:08:00.036960,2026-07-02T22:08:00.063609+00:00,122.0,41,ask,EarnestEspressos,CostlyCorianders,4875123
2026-07-02T22:08:00.054446,2026-07-02T22:08:00.063609+00:00,122.1,50,bid,FlawlessFlatbreads,DiligentDonuts,4875124
2026-07-02T22:08:01.193318,2026-07-02T22:08:01.213576+00:00,122.0,42,ask,DiligentDonuts,CostlyCorianders,4875157
2026-07-02T22:08:02.165776,2026-07-02T22:08:02.173307+00:00,122.2,1,bid,FlawlessFlatbreads,Kelvin Chan,4875174
2026-07-02T22:08:02.165776,2026-07-02T22:08:02.178866+00:00,122.2,49,bid,FlawlessFlatbreads,EarnestEspressos,4875175
2026-07-02T22:08:04.278381,2026-07-02T22:08:04.290083+00:00,122.2,4,bid,FlawlessFlatbreads,Kelvin Chan,4875238
2026-07-02T22:08:04.278381,2026-07-02T22:08:04.290083+00:00,122.4,46,bid,FlawlessFlatbreads,DiligentDonuts,4875239
2026-07-02T22:08:04.867385,2026-07-02T22:08:04.874279+00:00,122.2,5,bid,CostlyCorianders,Kelvin Chan,4875248
2026-07-02T22:08:04.867385,2026-07-02T22:08:04.879449+00:00,122.4,41,bid,CostlyCorianders,DiligentDonuts,4875249
2026-07-02T22:08:06.386802,2026-07-02T22:08:06.398209+00:00,122.3,5,bid,FlawlessFlatbreads,Kelvin Chan,4875270
2026-07-02T22:08:06.386802,2026-07-02T22:08:06.398209+00:00,122.4,13,bid,FlawlessFlatbreads,DiligentDonuts,4875271
2026-07-02T22:08:06.386802,2026-07-02T22:08:06.398209+00:00,122.5,32,bid,FlawlessFlatbreads,EarnestEspressos,4875272
2026-07-02T22:08:07.007367,2026-07-02T22:08:07.018628+00:00,122.2,41,ask,EarnestEspressos,CostlyCorianders,4875278
2026-07-02T22:08:08.414062,2026-07-02T22:08:08.425675+00:00,122.2,48,ask,EarnestEspressos,CostlyCorianders,4875316
2026-07-02T22:08:08.938861,2026-07-02T22:08:08.946651+00:00,122.3,5,bid,CostlyCorianders,Kelvin Chan,4875320
2026-07-02T22:08:08.938861,2026-07-02T22:08:08.951877+00:00,122.7,40,bid,CostlyCorianders,EarnestEspressos,4875321
2026-07-02T22:08:10.651536,2026-07-02T22:08:10.663672+00:00,122.3,50,ask,DiligentDonuts,FlawlessFlatbreads,4875374
2026-07-02T22:08:11.559418,2026-07-02T22:08:11.567600+00:00,122.3,47,ask,DiligentDonuts,CostlyCorianders,4875398
2026-07-02T22:08:12.019414,2026-07-02T22:08:12.031007+00:00,122.4,4,bid,CostlyCorianders,Kelvin Chan,4875413
2026-07-02T22:08:12.019414,2026-07-02T22:08:12.031007+00:00,122.4,43,bid,CostlyCorianders,EarnestEspressos,4875414
2026-07-02T22:08:12.756890,2026-07-02T22:08:12.768772+00:00,122.3,3,ask,DiligentDonuts,FlawlessFlatbreads,4875430
2026-07-02T22:08:12.756890,2026-07-02T22:08:12.768772+00:00,122.0,47,ask,EarnestEspressos,FlawlessFlatbreads,4875431
2026-07-02T22:08:13.520169,2026-07-02T22:08:13.529416+00:00,122.5,43,bid,CostlyCorianders,DiligentDonuts,4875438
2026-07-02T22:08:14.867648,2026-07-02T22:08:14.879008+00:00,122.1,50,ask,EarnestEspressos,FlawlessFlatbreads,4875482
2026-07-02T22:08:15.030031,2026-07-02T22:08:15.041315+00:00,122.1,48,ask,EarnestEspressos,CostlyCorianders,4875487
2026-07-02T22:08:16.071546,2026-07-02T22:08:16.079357+00:00,122.2,23,bid,Xuanyu Liu,EarnestEspressos,4875497
2026-07-02T22:08:16.375084,2026-07-02T22:08:16.386604+00:00,122.2,100,bid,DiligentDonuts,EarnestEspressos,4875510
2026-07-02T22:08:16.975811,2026-07-02T22:08:16.987176+00:00,122.1,4,ask,Kelvin Chan,FlawlessFlatbreads,4875531
2026-07-02T22:08:16.975811,2026-07-02T22:08:16.987176+00:00,121.7,46,ask,EarnestEspressos,FlawlessFlatbreads,4875532
2026-07-02T22:08:17.001481,2026-07-02T22:08:17.012078+00:00,122.2,27,bid,CostlyCorianders,EarnestEspressos,4875533
2026-07-02T22:08:17.001481,2026-07-02T22:08:17.012078+00:00,122.4,2,bid,CostlyCorianders,Kelvin Chan,4875534
2026-07-02T22:08:17.001481,2026-07-02T22:08:17.012078+00:00,122.7,14,bid,CostlyCorianders,DiligentDonuts,4875535
2026-07-02T22:08:17.074545,2026-07-02T22:08:17.081941+00:00,122.7,12,bid,Zihao Wu,DiligentDonuts,4875539
2026-07-02T22:08:19.084366,2026-07-02T22:08:19.091822+00:00,121.7,50,ask,EarnestEspressos,FlawlessFlatbreads,4875595
2026-07-02T22:08:20.969296,2026-07-02T22:08:20.981031+00:00,121.7,46,ask,EarnestEspressos,CostlyCorianders,4875634
2026-07-02T22:08:21.196580,2026-07-02T22:08:21.207023+00:00,121.7,50,ask,EarnestEspressos,FlawlessFlatbreads,4875643
2026-07-02T22:08:21.527901,2026-07-02T22:08:21.536528+00:00,122.2,48,bid,CostlyCorianders,EarnestEspressos,4875658
2026-07-02T22:08:22.884838,2026-07-02T22:08:22.893478+00:00,121.7,12,ask,DiligentDonuts,Zihao Wu,4875684
2026-07-02T22:08:25.342665,2026-07-02T22:08:25.354196+00:00,121.7,41,ask,DiligentDonuts,CostlyCorianders,4875734
2026-07-02T22:08:25.354985,2026-07-02T22:08:25.364445+00:00,122.0,50,bid,FlawlessFlatbreads,EarnestEspressos,4875735
2026-07-02T22:08:26.812995,2026-07-02T22:08:26.822610+00:00,121.9,41,bid,CostlyCorianders,DiligentDonuts,4875775
2026-07-02T22:08:27.462703,2026-07-02T22:08:27.469697+00:00,121.9,50,bid,FlawlessFlatbreads,DiligentDonuts,4875789
2026-07-02T22:08:29.622420,2026-07-02T22:08:29.634068+00:00,121.8,50,ask,DiligentDonuts,FlawlessFlatbreads,4875825
2026-07-02T22:08:31.530189,2026-07-02T22:08:31.541846+00:00,121.8,40,ask,DiligentDonuts,CostlyCorianders,4875860
2026-07-02T22:08:33.216455,2026-07-02T22:08:33.228048+00:00,122.1,46,bid,CostlyCorianders,DiligentDonuts,4875903
2026-07-02T22:08:33.908287,2026-07-02T22:08:33.916409+00:00,122.1,40,bid,CostlyCorianders,DiligentDonuts,4875912
2026-07-02T22:08:33.966933,2026-07-02T22:08:33.974510+00:00,121.7,49,ask,EarnestEspressos,CostlyCorianders,4875917
2026-07-02T22:08:34.977975,2026-07-02T22:08:34.984538+00:00,122.1,14,bid,CostlyCorianders,DiligentDonuts,4875941
2026-07-02T22:08:34.977975,2026-07-02T22:08:34.990044+00:00,122.3,4,bid,CostlyCorianders,Kelvin Chan,4875942
2026-07-02T22:08:35.042835,2026-07-02T22:08:35.051411+00:00,122.0,23,bid,Xuanyu Liu,EarnestEspressos,4875944
2026-07-02T22:08:35.366312,2026-07-02T22:08:35.376643+00:00,122.0,100,bid,DiligentDonuts,EarnestEspressos,4875953
2026-07-02T22:08:35.892715,2026-07-02T22:08:35.909642+00:00,122.0,27,bid,FlawlessFlatbreads,EarnestEspressos,4875962
2026-07-02T22:08:35.892715,2026-07-02T22:08:35.909642+00:00,122.6,23,bid,FlawlessFlatbreads,DiligentDonuts,4875963
2026-07-02T22:08:36.097929,2026-07-02T22:08:36.108255+00:00,121.5,22,ask,EarnestEspressos,Zihao Wu,4875969
2026-07-02T22:08:38.003134,2026-07-02T22:08:38.014638+00:00,122.6,50,bid,FlawlessFlatbreads,DiligentDonuts,4876008
2026-07-02T22:08:38.156489,2026-07-02T22:08:38.166569+00:00,122.2,12,ask,EarnestEspressos,Xuanyu Liu,4876009
2026-07-02T22:08:39.913021,2026-07-02T22:08:39.922645+00:00,122.5,22,bid,Zihao Wu,DiligentDonuts,4876040
2026-07-02T22:08:40.108990,2026-07-02T22:08:40.115400+00:00,122.5,50,bid,FlawlessFlatbreads,DiligentDonuts,4876041
2026-07-02T22:08:40.793136,2026-07-02T22:08:40.804722+00:00,122.2,48,ask,EarnestEspressos,CostlyCorianders,4876048
2026-07-02T22:08:42.233068,2026-07-02T22:08:42.239550+00:00,122.7,50,bid,FlawlessFlatbreads,EarnestEspressos,4876073
2026-07-02T22:08:42.345862,2026-07-02T22:08:42.357241+00:00,122.7,43,bid,CostlyCorianders,EarnestEspressos,4876081
2026-07-02T22:08:44.340554,2026-07-02T22:08:44.351973+00:00,122.7,50,bid,FlawlessFlatbreads,EarnestEspressos,4876123
2026-07-02T22:08:44.465998,2026-07-02T22:08:44.477580+00:00,122.9,100,bid,EarnestEspressos,DiligentDonuts,4876126
2026-07-02T22:08:44.533912,2026-07-02T22:08:44.542571+00:00,122.9,37,ask,EarnestEspressos,Xuanyu Liu,4876129
2026-07-02T22:08:47.709764,2026-07-02T22:08:47.716536+00:00,122.8,22,ask,DiligentDonuts,Zihao Wu,4876187
2026-07-02T22:08:48.911331,2026-07-02T22:08:48.920145+00:00,122.9,22,bid,Zihao Wu,EarnestEspressos,4876220
2026-07-02T22:08:50.661903,2026-07-02T22:08:50.673343+00:00,122.9,50,bid,FlawlessFlatbreads,EarnestEspressos,4876260
2026-07-02T22:08:51.717592,2026-07-02T22:08:51.734247+00:00,122.5,49,ask,DiligentDonuts,CostlyCorianders,4876287
2026-07-02T22:08:52.784425,2026-07-02T22:08:52.794018+00:00,122.9,42,bid,CostlyCorianders,EarnestEspressos,4876309
2026-07-02T22:08:52.820157,2026-07-02T22:08:52.831554+00:00,122.5,50,ask,DiligentDonuts,FlawlessFlatbreads,4876310
2026-07-02T22:08:54.939201,2026-07-02T22:08:54.948908+00:00,122.5,5,ask,Kelvin Chan,FlawlessFlatbreads,4876351
2026-07-02T22:08:54.939201,2026-07-02T22:08:54.953934+00:00,122.5,45,ask,EarnestEspressos,FlawlessFlatbreads,4876352
2026-07-02T22:08:55.719847,2026-07-02T22:08:55.728971+00:00,122.5,49,ask,EarnestEspressos,CostlyCorianders,4876371
2026-07-02T22:08:56.921023,2026-07-02T22:08:56.927381+00:00,122.7,46,bid,CostlyCorianders,DiligentDonuts,4876400
2026-07-02T22:08:57.046783,2026-07-02T22:08:57.063612+00:00,122.5,50,ask,EarnestEspressos,FlawlessFlatbreads,4876401
2026-07-02T22:08:57.177283,2026-07-02T22:08:57.198101+00:00,122.2,100,ask,DiligentDonuts,EarnestEspressos,4876402
2026-07-02T22:08:57.190062,2026-07-02T22:08:57.198101+00:00,122.2,3,bid,Xuanyu Liu,EarnestEspressos,4876403
2026-07-02T22:08:57.558965,2026-07-02T22:08:57.570418+00:00,121.7,43,ask,EarnestEspressos,CostlyCorianders,4876406
2026-07-02T22:08:58.014971,2026-07-02T22:08:58.023201+00:00,122.2,11,bid,Xuanyu Liu,EarnestEspressos,4876412
2026-07-02T22:08:58.041703,2026-07-02T22:08:58.053177+00:00,122.2,36,bid,CostlyCorianders,EarnestEspressos,4876415
2026-07-02T22:08:58.041703,2026-07-02T22:08:58.053177+00:00,122.3,13,bid,CostlyCorianders,DiligentDonuts,4876416
2026-07-02T22:08:58.595240,2026-07-02T22:08:58.606419+00:00,122.3,44,bid,CostlyCorianders,DiligentDonuts,4876426
2026-07-02T22:08:59.180192,2026-07-02T22:08:59.191022+00:00,121.8,50,ask,DiligentDonuts,FlawlessFlatbreads,4876434
2026-07-02T22:09:01.286160,2026-07-02T22:09:01.296141+00:00,122.0,50,ask,EarnestEspressos,FlawlessFlatbreads,4876474
2026-07-02T22:09:03.397978,2026-07-02T22:09:03.406568+00:00,121.8,50,ask,DiligentDonuts,FlawlessFlatbreads,4876500
2026-07-02T22:09:05.504451,2026-07-02T22:09:05.516039+00:00,121.9,50,ask,EarnestEspressos,FlawlessFlatbreads,4876540
2026-07-02T22:09:06.096930,2026-07-02T22:09:06.105225+00:00,122.1,12,bid,Xuanyu Liu,DiligentDonuts,4876552
2026-07-02T22:09:07.285861,2026-07-02T22:09:07.297362+00:00,121.9,42,ask,EarnestEspressos,CostlyCorianders,4876575
2026-07-02T22:09:07.610590,2026-07-02T22:09:07.619270+00:00,121.9,50,ask,EarnestEspressos,FlawlessFlatbreads,4876586
2026-07-02T22:09:07.755764,2026-07-02T22:09:07.767035+00:00,121.9,47,ask,EarnestEspressos,CostlyCorianders,4876589
2026-07-02T22:09:09.726801,2026-07-02T22:09:09.736637+00:00,121.9,11,ask,EarnestEspressos,FlawlessFlatbreads,4876631
2026-07-02T22:09:09.726801,2026-07-02T22:09:09.736637+00:00,121.8,39,ask,DiligentDonuts,FlawlessFlatbreads,4876632
2026-07-02T22:09:09.836174,2026-07-02T22:09:09.859253+00:00,121.8,61,ask,DiligentDonuts,EarnestEspressos,4876634
2026-07-02T22:09:09.850303,2026-07-02T22:09:09.859253+00:00,121.7,3,bid,Xuanyu Liu,EarnestEspressos,4876635
2026-07-02T22:09:09.860324,2026-07-02T22:09:09.868757+00:00,121.7,8,bid,Xuanyu Liu,EarnestEspressos,4876637
2026-07-02T22:09:10.058358,2026-07-02T22:09:10.067812+00:00,121.7,12,bid,Xuanyu Liu,EarnestEspressos,4876640
2026-07-02T22:09:10.128426,2026-07-02T22:09:10.143717+00:00,121.7,11,bid,Xuanyu Liu,EarnestEspressos,4876642
2026-07-02T22:09:11.834342,2026-07-02T22:09:11.846124+00:00,121.4,50,ask,DiligentDonuts,FlawlessFlatbreads,4876679
2026-07-02T22:09:12.857884,2026-07-02T22:09:12.869295+00:00,121.7,49,bid,CostlyCorianders,EarnestEspressos,4876699
2026-07-02T22:09:13.942196,2026-07-02T22:09:13.950326+00:00,121.5,50,ask,EarnestEspressos,FlawlessFlatbreads,4876713
2026-07-02T22:09:15.062939,2026-07-02T22:09:15.074417+00:00,121.6,42,bid,CostlyCorianders,DiligentDonuts,4876731
2026-07-02T22:09:16.047676,2026-07-02T22:09:16.058573+00:00,121.5,50,ask,EarnestEspressos,FlawlessFlatbreads,4876745
2026-07-02T22:09:16.117980,2026-07-02T22:09:16.125324+00:00,121.1,43,ask,DiligentDonuts,CostlyCorianders,4876746
2026-07-02T22:09:16.938565,2026-07-02T22:09:16.949695+00:00,121.5,3,bid,Kelvin Chan,DiligentDonuts,4876755
2026-07-02T22:09:17.116184,2026-07-02T22:09:17.125101+00:00,121.5,3,bid,Kelvin Chan,DiligentDonuts,4876760
2026-07-02T22:09:17.380791,2026-07-02T22:09:17.388128+00:00,121.5,11,bid,Xuanyu Liu,DiligentDonuts,4876771
2026-07-02T22:09:17.539966,2026-07-02T22:09:17.549125+00:00,121.5,12,bid,Zihao Wu,DiligentDonuts,4876780
2026-07-02T22:09:17.912884,2026-07-02T22:09:17.921165+00:00,121.5,12,bid,Xuanyu Liu,DiligentDonuts,4876781
2026-07-02T22:09:17.956420,2026-07-02T22:09:17.963126+00:00,121.5,2,bid,Kelvin Chan,DiligentDonuts,4876784
2026-07-02T22:09:18.156075,2026-07-02T22:09:18.167670+00:00,121.1,50,ask,EarnestEspressos,FlawlessFlatbreads,4876785
2026-07-02T22:09:18.213369,2026-07-02T22:09:18.224906+00:00,121.5,48,bid,CostlyCorianders,DiligentDonuts,4876786
2026-07-02T22:09:19.255218,2026-07-02T22:09:19.266789+00:00,121.5,9,bid,CostlyCorianders,DiligentDonuts,4876804
2026-07-02T22:09:19.310215,2026-07-02T22:09:19.319037+00:00,121.1,40,ask,EarnestEspressos,CostlyCorianders,4876805
2026-07-02T22:09:20.212655,2026-07-02T22:09:20.224168+00:00,121.6,50,bid,FlawlessFlatbreads,EarnestEspressos,4876831
2026-07-02T22:09:20.959884,2026-07-02T22:09:20.968955+00:00,121.6,48,bid,CostlyCorianders,EarnestEspressos,4876848
2026-07-02T22:09:21.653192,2026-07-02T22:09:21.664723+00:00,121.6,1,bid,Kelvin Chan,EarnestEspressos,4876858
2026-07-02T22:09:21.999717,2026-07-02T22:09:22.011334+00:00,121.5,41,ask,DiligentDonuts,CostlyCorianders,4876870
2026-07-02T22:09:22.110566,2026-07-02T22:09:22.118029+00:00,121.6,1,bid,Kelvin Chan,EarnestEspressos,4876871
2026-07-02T22:09:22.173512,2026-07-02T22:09:22.184706+00:00,121.6,1,bid,Kelvin Chan,EarnestEspressos,4876872
2026-07-02T22:09:22.214983,2026-07-02T22:09:22.224818+00:00,121.6,1,bid,Kelvin Chan,EarnestEspressos,4876873
2026-07-02T22:09:22.245222,2026-07-02T22:09:22.251511+00:00,121.6,1,bid,Kelvin Chan,EarnestEspressos,4876875
2026-07-02T22:09:22.275556,2026-07-02T22:09:22.287224+00:00,121.6,1,bid,Kelvin Chan,EarnestEspressos,4876876
2026-07-02T22:09:22.335947,2026-07-02T22:09:22.347617+00:00,121.6,1,bid,Kelvin Chan,EarnestEspressos,4876880
2026-07-02T22:09:22.608799,2026-07-02T22:09:22.620585+00:00,121.5,9,ask,DiligentDonuts,CostlyCorianders,4876888
2026-07-02T22:09:22.608799,2026-07-02T22:09:22.620585+00:00,121.3,36,ask,EarnestEspressos,CostlyCorianders,4876889
2026-07-02T22:09:22.746677,2026-07-02T22:09:22.758534+00:00,121.3,12,ask,EarnestEspressos,Zihao Wu,4876892
2026-07-02T22:09:23.547386,2026-07-02T22:09:23.558448+00:00,121.7,12,bid,Zihao Wu,DiligentDonuts,4876900
2026-07-02T22:09:24.478096,2026-07-02T22:09:24.487559+00:00,121.3,50,ask,EarnestEspressos,FlawlessFlatbreads,4876921
2026-07-02T22:09:26.590273,2026-07-02T22:09:26.597803+00:00,121.4,50,ask,DiligentDonuts,FlawlessFlatbreads,4876962
2026-07-02T22:09:26.939760,2026-07-02T22:09:26.951322+00:00,121.7,44,bid,CostlyCorianders,EarnestEspressos,4876971
2026-07-02T22:09:27.148707,2026-07-02T22:09:27.151027+00:00,121.4,12,ask,DiligentDonuts,Zihao Wu,4876982
2026-07-02T22:09:28.695796,2026-07-02T22:09:28.707626+00:00,121.4,38,ask,DiligentDonuts,FlawlessFlatbreads,4877011
2026-07-02T22:09:28.695796,2026-07-02T22:09:28.707626+00:00,121.2,12,ask,EarnestEspressos,FlawlessFlatbreads,4877012
2026-07-02T22:09:28.951973,2026-07-02T22:09:28.958242+00:00,121.6,12,bid,Zihao Wu,EarnestEspressos,4877019
2026-07-02T22:09:30.806768,2026-07-02T22:09:30.818357+00:00,121.1,50,ask,EarnestEspressos,FlawlessFlatbreads,4877060
2026-07-02T22:09:33.099303,2026-07-02T22:09:33.108983+00:00,121.4,11,bid,Xuanyu Liu,EarnestEspressos,4877109
2026-07-02T22:09:34.829323,2026-07-02T22:09:34.840519+00:00,121.4,47,bid,CostlyCorianders,EarnestEspressos,4877145
2026-07-02T22:09:35.513757,2026-07-02T22:09:35.537934+00:00,121.2,6,bid,Xuanyu Liu,EarnestEspressos,4877158
2026-07-02T22:09:35.714204,2026-07-02T22:09:35.725480+00:00,121.2,45,bid,CostlyCorianders,EarnestEspressos,4877166
2026-07-02T22:09:37.128579,2026-07-02T22:09:37.137461+00:00,120.7,50,ask,EarnestEspressos,FlawlessFlatbreads,4877201
2026-07-02T22:09:38.244109,2026-07-02T22:09:38.255373+00:00,121.2,100,bid,EarnestEspressos,DiligentDonuts,4877224
2026-07-02T22:09:38.360637,2026-07-02T22:09:38.369241+00:00,121.2,40,ask,EarnestEspressos,CostlyCorianders,4877227
2026-07-02T22:09:38.675433,2026-07-02T22:09:38.682791+00:00,121.5,4,bid,DiligentDonuts,Kelvin Chan,4877238
2026-07-02T22:09:38.953294,2026-07-02T22:09:38.958539+00:00,121.5,5,ask,DiligentDonuts,Kelvin Chan,4877251
2026-07-02T22:09:39.172861,2026-07-02T22:09:39.183014+00:00,121.5,5,ask,DiligentDonuts,Kelvin Chan,4877256
2026-07-02T22:09:39.184237,2026-07-02T22:09:39.193638+00:00,121.7,50,bid,FlawlessFlatbreads,EarnestEspressos,4877258
2026-07-02T22:09:39.746375,2026-07-02T22:09:39.756236+00:00,121.5,5,ask,DiligentDonuts,Kelvin Chan,4877267
2026-07-02T22:09:39.777630,2026-07-02T22:09:39.786617+00:00,121.5,4,ask,DiligentDonuts,Kelvin Chan,4877271
2026-07-02T22:09:39.901788,2026-07-02T22:09:39.908068+00:00,121.5,4,ask,DiligentDonuts,Kelvin Chan,4877273
2026-07-02T22:09:41.290074,2026-07-02T22:09:41.301485+00:00,121.7,50,bid,FlawlessFlatbreads,EarnestEspressos,4877309
2026-07-02T22:09:41.365574,2026-07-02T22:09:41.376918+00:00,121.5,12,ask,DiligentDonuts,Zihao Wu,4877313
2026-07-02T22:09:41.458590,2026-07-02T22:09:41.469903+00:00,121.5,61,ask,DiligentDonuts,EarnestEspressos,4877314
2026-07-02T22:09:41.565530,2026-07-02T22:09:41.573994+00:00,121.5,12,bid,Zihao Wu,EarnestEspressos,4877317
2026-07-02T22:09:43.396715,2026-07-02T22:09:43.408139+00:00,121.5,50,bid,FlawlessFlatbreads,EarnestEspressos,4877353
2026-07-02T22:09:44.818158,2026-07-02T22:09:44.827323+00:00,121.4,49,ask,EarnestEspressos,CostlyCorianders,4877381
2026-07-02T22:09:44.968166,2026-07-02T22:09:44.979054+00:00,121.4,12,ask,EarnestEspressos,Zihao Wu,4877385
2026-07-02T22:09:45.172100,2026-07-02T22:09:45.179650+00:00,121.6,12,bid,Zihao Wu,DiligentDonuts,4877390
2026-07-02T22:09:45.331236,2026-07-02T22:09:45.340446+00:00,121.6,47,bid,CostlyCorianders,DiligentDonuts,4877400
2026-07-02T22:09:45.385583,2026-07-02T22:09:45.396912+00:00,121.4,48,ask,EarnestEspressos,CostlyCorianders,4877402
2026-07-02T22:09:45.507010,2026-07-02T22:09:45.513715+00:00,121.6,41,bid,FlawlessFlatbreads,DiligentDonuts,4877407
2026-07-02T22:09:45.507010,2026-07-02T22:09:45.518734+00:00,121.9,9,bid,FlawlessFlatbreads,EarnestEspressos,4877408
2026-07-02T22:09:47.285203,2026-07-02T22:09:47.296540+00:00,121.9,48,bid,CostlyCorianders,EarnestEspressos,4877444
2026-07-02T22:09:47.617627,2026-07-02T22:09:47.624011+00:00,121.9,50,bid,FlawlessFlatbreads,EarnestEspressos,4877454
2026-07-02T22:09:49.725251,2026-07-02T22:09:49.734889+00:00,122.1,50,bid,FlawlessFlatbreads,EarnestEspressos,4877499
2026-07-02T22:09:50.369925,2026-07-02T22:09:50.381322+00:00,121.7,47,ask,DiligentDonuts,CostlyCorianders,4877512
2026-07-02T22:09:50.902730,2026-07-02T22:09:50.911586+00:00,121.9,6,ask,EarnestEspressos,Xuanyu Liu,4877522
2026-07-02T22:09:50.997766,2026-07-02T22:09:51.008172+00:00,121.9,48,ask,EarnestEspressos,CostlyCorianders,4877526
2026-07-02T22:09:51.830152,2026-07-02T22:09:51.838474+00:00,122.0,50,bid,FlawlessFlatbreads,DiligentDonuts,4877545
2026-07-02T22:09:52.497797,2026-07-02T22:09:52.509019+00:00,122.0,44,bid,CostlyCorianders,DiligentDonuts,4877559
2026-07-02T22:09:53.651772,2026-07-02T22:09:53.663834+00:00,121.9,44,ask,EarnestEspressos,CostlyCorianders,4877583
2026-07-02T22:09:53.731763,2026-07-02T22:09:53.740014+00:00,121.9,11,ask,EarnestEspressos,Xuanyu Liu,4877585
2026-07-02T22:09:53.937195,2026-07-02T22:09:53.949046+00:00,122.0,6,bid,FlawlessFlatbreads,DiligentDonuts,4877591
2026-07-02T22:09:53.937195,2026-07-02T22:09:53.949046+00:00,122.4,44,bid,FlawlessFlatbreads,EarnestEspressos,4877592
2026-07-02T22:09:55.207590,2026-07-02T22:09:55.215691+00:00,122.0,43,bid,CostlyCorianders,EarnestEspressos,4877630
2026-07-02T22:09:56.061719,2026-07-02T22:09:56.074006+00:00,122.0,50,bid,FlawlessFlatbreads,EarnestEspressos,4877645
2026-07-02T22:09:57.209088,2026-07-02T22:09:57.220358+00:00,122.2,44,bid,CostlyCorianders,DiligentDonuts,4877671
2026-07-02T22:09:58.172627,2026-07-02T22:09:58.184127+00:00,122.5,50,bid,FlawlessFlatbreads,EarnestEspressos,4877685
2026-07-02T22:09:59.793132,2026-07-02T22:09:59.804648+00:00,122.0,12,ask,EarnestEspressos,Xuanyu Liu,4877721
2026-07-02T22:09:59.798122,2026-07-02T22:09:59.804648+00:00,122.0,41,ask,EarnestEspressos,CostlyCorianders,4877722
2026-07-02T22:10:00.278823,2026-07-02T22:10:00.290405+00:00,122.5,50,bid,FlawlessFlatbreads,EarnestEspressos,4877730
2026-07-02T22:10:00.390827,2026-07-02T22:10:00.403122+00:00,122.1,11,ask,EarnestEspressos,Xuanyu Liu,4877734
2026-07-02T22:10:01.338949,2026-07-02T22:10:01.350513+00:00,122.1,1,ask,EarnestEspressos,Kelvin Chan,4877748
2026-07-02T22:10:01.475740,2026-07-02T22:10:01.485585+00:00,122.1,1,ask,EarnestEspressos,Kelvin Chan,4877750
2026-07-02T22:10:01.563295,2026-07-02T22:10:01.572313+00:00,122.1,1,ask,EarnestEspressos,Kelvin Chan,4877752
2026-07-02T22:10:01.637963,2026-07-02T22:10:01.645178+00:00,122.1,1,ask,EarnestEspressos,Kelvin Chan,4877755
2026-07-02T22:10:02.395888,2026-07-02T22:10:02.407402+00:00,122.3,50,bid,FlawlessFlatbreads,DiligentDonuts,4877775
2026-07-02T22:10:03.241938,2026-07-02T22:10:03.253287+00:00,122.1,41,ask,EarnestEspressos,CostlyCorianders,4877791
2026-07-02T22:10:04.271691,2026-07-02T22:10:04.281635+00:00,122.5,48,bid,CostlyCorianders,EarnestEspressos,4877814
2026-07-02T22:10:04.524751,2026-07-02T22:10:04.534621+00:00,122.5,50,bid,FlawlessFlatbreads,EarnestEspressos,4877818
2026-07-02T22:10:06.683621,2026-07-02T22:10:06.691797+00:00,122.0,50,ask,DiligentDonuts,FlawlessFlatbreads,4877851
2026-07-02T22:10:06.713388,2026-07-02T22:10:06.723299+00:00,122.2,11,ask,EarnestEspressos,Xuanyu Liu,4877852
2026-07-02T22:10:08.792766,2026-07-02T22:10:08.800793+00:00,122.2,50,ask,EarnestEspressos,FlawlessFlatbreads,4877885
2026-07-02T22:10:10.138793,2026-07-02T22:10:10.150532+00:00,122.1,4,ask,Kelvin Chan,CostlyCorianders,4877910
2026-07-02T22:10:10.138793,2026-07-02T22:10:10.150532+00:00,122.1,40,ask,EarnestEspressos,CostlyCorianders,4877911
2026-07-02T22:10:10.847438,2026-07-02T22:10:10.858801+00:00,122.4,50,bid,FlawlessFlatbreads,DiligentDonuts,4877929
2026-07-02T22:10:11.091709,2026-07-02T22:10:11.103013+00:00,122.4,40,bid,CostlyCorianders,DiligentDonuts,4877934
2026-07-02T22:10:11.146329,2026-07-02T22:10:11.158546+00:00,122.1,49,ask,EarnestEspressos,CostlyCorianders,4877936
2026-07-02T22:10:11.618904,2026-07-02T22:10:11.630160+00:00,122.1,44,ask,EarnestEspressos,CostlyCorianders,4877942
2026-07-02T22:10:12.237680,2026-07-02T22:10:12.249063+00:00,122.4,10,bid,CostlyCorianders,DiligentDonuts,4877958
2026-07-02T22:10:12.237680,2026-07-02T22:10:12.249063+00:00,122.6,39,bid,CostlyCorianders,EarnestEspressos,4877959
2026-07-02T22:10:12.952982,2026-07-02T22:10:12.962544+00:00,122.6,50,bid,FlawlessFlatbreads,EarnestEspressos,4877977
