timestamp,recv_time,price,volume,aggressor_side,buyer,seller,trade_id
2026-07-06T04:00:00.198489,2026-07-06T04:00:00.210529+00:00,155.3,3,bid,Zhangyue Shen,EarnestEspressos,9092482
2026-07-06T04:00:00.459393,2026-07-06T04:00:00.471373+00:00,155.3,3,bid,Zhangyue Shen,EarnestEspressos,9092485
2026-07-06T04:00:00.719875,2026-07-06T04:00:00.698377+00:00,155.3,3,bid,Zhangyue Shen,EarnestEspressos,9092494
2026-07-06T04:00:01.280583,2026-07-06T04:00:01.288145+00:00,155.4,100,bid,EarnestEspressos,DiligentDonuts,9092505
2026-07-06T04:00:01.314497,2026-07-06T04:00:01.349596+00:00,155.4,11,ask,EarnestEspressos,Xuanyu Liu,9092506
2026-07-06T04:00:01.397050,2026-07-06T04:00:01.406652+00:00,155.4,39,ask,EarnestEspressos,FlawlessFlatbreads,9092508
2026-07-06T04:00:01.397050,2026-07-06T04:00:01.406652+00:00,155.0,8,ask,Zhangyue Shen,CostlyCorianders,9092509
2026-07-06T04:00:01.397050,2026-07-06T04:00:01.411871+00:00,154.9,3,ask,DiligentDonuts,FlawlessFlatbreads,9092510
2026-07-06T04:00:02.939324,2026-07-06T04:00:02.951428+00:00,155.0,2,ask,Zhangyue Shen,CostlyCorianders,9092527
2026-07-06T04:00:02.939324,2026-07-06T04:00:02.951428+00:00,154.9,45,ask,DiligentDonuts,CostlyCorianders,9092528
2026-07-06T04:00:05.558938,2026-07-06T04:00:05.570635+00:00,155.6,50,bid,FlawlessFlatbreads,EarnestEspressos,9092562
2026-07-06T04:00:06.738500,2026-07-06T04:00:06.746759+00:00,155.6,22,bid,Xuanyu Liu,EarnestEspressos,9092577
2026-07-06T04:00:06.888363,2026-07-06T04:00:06.900131+00:00,155.6,78,bid,DiligentDonuts,EarnestEspressos,9092579
2026-07-06T04:00:07.621814,2026-07-06T04:00:07.631618+00:00,156.0,34,ask,EarnestEspressos,Xuanyu Liu,9092587
2026-07-06T04:00:07.668247,2026-07-06T04:00:07.686864+00:00,156.1,50,bid,FlawlessFlatbreads,DiligentDonuts,9092590
2026-07-06T04:00:09.773986,2026-07-06T04:00:09.783886+00:00,156.1,50,bid,FlawlessFlatbreads,DiligentDonuts,9092621
2026-07-06T04:00:09.926417,2026-07-06T04:00:09.934735+00:00,156.0,23,ask,EarnestEspressos,Xuanyu Liu,9092624
2026-07-06T04:00:10.103813,2026-07-06T04:00:10.115509+00:00,156.0,93,ask,EarnestEspressos,DiligentDonuts,9092630
2026-07-06T04:00:10.831775,2026-07-06T04:00:10.840175+00:00,155.6,23,bid,Xuanyu Liu,EarnestEspressos,9092641
2026-07-06T04:00:11.265082,2026-07-06T04:00:11.276382+00:00,155.6,12,bid,Xuanyu Liu,EarnestEspressos,9092645
2026-07-06T04:00:11.399743,2026-07-06T04:00:11.458956+00:00,155.4,47,ask,DiligentDonuts,CostlyCorianders,9092647
2026-07-06T04:00:13.214897,2026-07-06T04:00:13.226649+00:00,155.6,100,bid,DiligentDonuts,EarnestEspressos,9092668
2026-07-06T04:00:13.851917,2026-07-06T04:00:13.860174+00:00,155.6,15,bid,Xuanyu Liu,EarnestEspressos,9092672
2026-07-06T04:00:13.942513,2026-07-06T04:00:13.950492+00:00,156.1,15,ask,EarnestEspressos,Xuanyu Liu,9092675
2026-07-06T04:00:13.983508,2026-07-06T04:00:13.990467+00:00,156.2,8,bid,FlawlessFlatbreads,Zhangyue Shen,9092678
2026-07-06T04:00:13.983508,2026-07-06T04:00:13.995695+00:00,156.2,42,bid,FlawlessFlatbreads,DiligentDonuts,9092679
2026-07-06T04:00:15.140032,2026-07-06T04:00:15.152901+00:00,156.1,45,ask,EarnestEspressos,CostlyCorianders,9092691
2026-07-06T04:00:15.774422,2026-07-06T04:00:15.784649+00:00,156.2,44,bid,CostlyCorianders,DiligentDonuts,9092699
2026-07-06T04:00:16.141952,2026-07-06T04:00:16.153506+00:00,156.1,50,ask,EarnestEspressos,FlawlessFlatbreads,9092703
2026-07-06T04:00:16.409174,2026-07-06T04:00:16.417285+00:00,156.1,12,ask,EarnestEspressos,Xuanyu Liu,9092713
2026-07-06T04:00:17.357066,2026-07-06T04:00:17.368861+00:00,156.2,46,bid,CostlyCorianders,EarnestEspressos,9092724
2026-07-06T04:00:18.248470,2026-07-06T04:00:18.255305+00:00,156.1,8,ask,Zhangyue Shen,FlawlessFlatbreads,9092737
2026-07-06T04:00:18.248470,2026-07-06T04:00:18.255305+00:00,155.9,42,ask,DiligentDonuts,FlawlessFlatbreads,9092738
2026-07-06T04:00:19.790381,2026-07-06T04:00:19.802031+00:00,155.7,43,ask,EarnestEspressos,CostlyCorianders,9092753
2026-07-06T04:00:20.358201,2026-07-06T04:00:20.369986+00:00,155.7,50,ask,DiligentDonuts,FlawlessFlatbreads,9092759
2026-07-06T04:00:20.893218,2026-07-06T04:00:20.904788+00:00,156.1,40,bid,CostlyCorianders,EarnestEspressos,9092767
2026-07-06T04:00:23.408658,2026-07-06T04:00:23.420189+00:00,155.9,48,bid,CostlyCorianders,DiligentDonuts,9092801
2026-07-06T04:00:24.057686,2026-07-06T04:00:24.069257+00:00,155.7,43,ask,EarnestEspressos,CostlyCorianders,9092812
2026-07-06T04:00:26.652661,2026-07-06T04:00:26.669044+00:00,155.9,50,bid,FlawlessFlatbreads,EarnestEspressos,9092835
2026-07-06T04:00:30.897498,2026-07-06T04:00:30.906050+00:00,156.0,50,bid,FlawlessFlatbreads,DiligentDonuts,9092886
2026-07-06T04:00:33.003815,2026-07-06T04:00:33.006146+00:00,156.0,50,bid,FlawlessFlatbreads,EarnestEspressos,9092911
2026-07-06T04:00:35.163110,2026-07-06T04:00:35.174269+00:00,155.7,50,ask,DiligentDonuts,FlawlessFlatbreads,9092938
2026-07-06T04:00:36.637089,2026-07-06T04:00:36.648787+00:00,155.6,45,ask,EarnestEspressos,CostlyCorianders,9092956
2026-07-06T04:00:37.154477,2026-07-06T04:00:37.166036+00:00,155.9,43,bid,CostlyCorianders,DiligentDonuts,9092964
2026-07-06T04:00:37.208339,2026-07-06T04:00:37.220069+00:00,155.6,43,ask,EarnestEspressos,CostlyCorianders,9092967
2026-07-06T04:00:38.173509,2026-07-06T04:00:38.182988+00:00,155.6,43,ask,EarnestEspressos,CostlyCorianders,9092981
2026-07-06T04:00:38.780735,2026-07-06T04:00:38.789946+00:00,155.6,11,ask,EarnestEspressos,Xuanyu Liu,9092989
2026-07-06T04:00:39.303736,2026-07-06T04:00:39.311989+00:00,155.5,100,ask,DiligentDonuts,EarnestEspressos,9092997
2026-07-06T04:00:39.318198,2026-07-06T04:00:39.327625+00:00,155.2,23,bid,Xuanyu Liu,EarnestEspressos,9092999
2026-07-06T04:00:40.003427,2026-07-06T04:00:40.013499+00:00,155.2,11,bid,Xuanyu Liu,EarnestEspressos,9093014
2026-07-06T04:00:40.639050,2026-07-06T04:00:40.648231+00:00,155.2,16,bid,Xuanyu Liu,EarnestEspressos,9093020
2026-07-06T04:00:42.413654,2026-07-06T04:00:42.420586+00:00,155.6,100,bid,EarnestEspressos,DiligentDonuts,9093046
2026-07-06T04:00:42.427234,2026-07-06T04:00:42.437399+00:00,155.6,27,ask,EarnestEspressos,Xuanyu Liu,9093047
2026-07-06T04:00:42.711591,2026-07-06T04:00:42.720132+00:00,155.6,12,ask,EarnestEspressos,Xuanyu Liu,9093055
2026-07-06T04:00:44.011988,2026-07-06T04:00:44.022738+00:00,155.6,11,ask,EarnestEspressos,CostlyCorianders,9093068
2026-07-06T04:00:45.642455,2026-07-06T04:00:45.652701+00:00,155.5,12,bid,Xuanyu Liu,EarnestEspressos,9093097
2026-07-06T04:00:45.670440,2026-07-06T04:00:45.682363+00:00,155.5,50,bid,FlawlessFlatbreads,EarnestEspressos,9093099
2026-07-06T04:00:46.671712,2026-07-06T04:00:46.680048+00:00,155.5,46,bid,CostlyCorianders,EarnestEspressos,9093113
2026-07-06T04:00:50.887744,2026-07-06T04:00:50.896198+00:00,155.3,41,ask,DiligentDonuts,CostlyCorianders,9093162
2026-07-06T04:00:51.438485,2026-07-06T04:00:51.450323+00:00,155.7,49,bid,CostlyCorianders,DiligentDonuts,9093165
2026-07-06T04:00:52.038114,2026-07-06T04:00:52.050564+00:00,155.3,50,ask,EarnestEspressos,FlawlessFlatbreads,9093181
2026-07-06T04:00:53.066064,2026-07-06T04:00:53.074974+00:00,155.3,44,ask,EarnestEspressos,CostlyCorianders,9093191
2026-07-06T04:00:54.145356,2026-07-06T04:00:54.158582+00:00,155.3,50,ask,EarnestEspressos,FlawlessFlatbreads,9093202
2026-07-06T04:00:55.125899,2026-07-06T04:00:55.135347+00:00,155.4,100,ask,DiligentDonuts,EarnestEspressos,9093211
2026-07-06T04:00:55.139627,2026-07-06T04:00:55.154829+00:00,155.3,11,bid,Xuanyu Liu,EarnestEspressos,9093212
2026-07-06T04:00:55.172607,2026-07-06T04:00:55.182968+00:00,155.3,11,bid,Xuanyu Liu,EarnestEspressos,9093215
2026-07-06T04:00:56.201461,2026-07-06T04:00:56.213180+00:00,155.3,28,bid,FlawlessFlatbreads,EarnestEspressos,9093228
2026-07-06T04:00:56.201461,2026-07-06T04:00:56.213180+00:00,155.9,22,bid,FlawlessFlatbreads,DiligentDonuts,9093229
2026-07-06T04:00:58.116527,2026-07-06T04:00:58.126095+00:00,155.7,46,bid,CostlyCorianders,DiligentDonuts,9093247
2026-07-06T04:00:58.247356,2026-07-06T04:00:58.256092+00:00,155.5,11,ask,EarnestEspressos,Xuanyu Liu,9093249
2026-07-06T04:00:58.309958,2026-07-06T04:00:58.321937+00:00,155.7,50,bid,FlawlessFlatbreads,DiligentDonuts,9093251
2026-07-06T04:00:59.313599,2026-07-06T04:00:59.322198+00:00,155.5,40,ask,EarnestEspressos,CostlyCorianders,9093272
2026-07-06T04:01:00.399677,2026-07-06T04:01:00.409040+00:00,155.7,4,bid,CostlyCorianders,DiligentDonuts,9093287
2026-07-06T04:01:00.399677,2026-07-06T04:01:00.409040+00:00,156.0,38,bid,CostlyCorianders,EarnestEspressos,9093288
2026-07-06T04:01:00.702349,2026-07-06T04:01:00.714015+00:00,156.0,100,bid,DiligentDonuts,EarnestEspressos,9093289
2026-07-06T04:01:01.435221,2026-07-06T04:01:01.444937+00:00,156.2,23,ask,EarnestEspressos,Xuanyu Liu,9093303
2026-07-06T04:01:01.565235,2026-07-06T04:01:01.576838+00:00,156.2,49,ask,EarnestEspressos,CostlyCorianders,9093305
2026-07-06T04:01:02.436959,2026-07-06T04:01:02.452364+00:00,156.2,11,ask,EarnestEspressos,Xuanyu Liu,9093321
2026-07-06T04:01:02.453684,2026-07-06T04:01:02.461513+00:00,156.2,23,ask,EarnestEspressos,Xuanyu Liu,9093323
2026-07-06T04:01:02.575208,2026-07-06T04:01:02.585862+00:00,156.2,44,ask,EarnestEspressos,FlawlessFlatbreads,9093325
2026-07-06T04:01:02.683722,2026-07-06T04:01:02.693070+00:00,156.4,8,bid,CostlyCorianders,Zhangyue Shen,9093327
2026-07-06T04:01:02.683722,2026-07-06T04:01:02.693070+00:00,156.5,32,bid,CostlyCorianders,DiligentDonuts,9093328
2026-07-06T04:01:04.222566,2026-07-06T04:01:04.234571+00:00,155.8,8,ask,Zhangyue Shen,CostlyCorianders,9093348
2026-07-06T04:01:04.222566,2026-07-06T04:01:04.234571+00:00,155.7,39,ask,DiligentDonuts,CostlyCorianders,9093349
2026-07-06T04:01:04.662258,2026-07-06T04:01:04.675387+00:00,156.1,11,bid,Xuanyu Liu,EarnestEspressos,9093357
2026-07-06T04:01:04.748941,2026-07-06T04:01:04.760973+00:00,156.1,48,bid,CostlyCorianders,EarnestEspressos,9093361
2026-07-06T04:01:05.366871,2026-07-06T04:01:05.377692+00:00,155.7,44,ask,DiligentDonuts,CostlyCorianders,9093373
2026-07-06T04:01:06.735199,2026-07-06T04:01:06.742717+00:00,156.1,50,bid,FlawlessFlatbreads,EarnestEspressos,9093399
2026-07-06T04:01:07.094662,2026-07-06T04:01:07.104366+00:00,155.7,12,bid,Xuanyu Liu,DiligentDonuts,9093402
2026-07-06T04:01:07.236085,2026-07-06T04:01:07.245165+00:00,155.7,11,bid,Xuanyu Liu,DiligentDonuts,9093404
2026-07-06T04:01:07.414599,2026-07-06T04:01:07.426297+00:00,155.7,47,bid,CostlyCorianders,DiligentDonuts,9093411
2026-07-06T04:01:07.951426,2026-07-06T04:01:07.958002+00:00,155.7,46,ask,EarnestEspressos,CostlyCorianders,9093423
2026-07-06T04:01:12.910416,2026-07-06T04:01:12.919704+00:00,155.8,12,bid,Xuanyu Liu,EarnestEspressos,9093474
2026-07-06T04:01:13.098969,2026-07-06T04:01:13.108406+00:00,155.5,50,ask,DiligentDonuts,FlawlessFlatbreads,9093477
2026-07-06T04:01:15.207598,2026-07-06T04:01:15.219172+00:00,155.7,50,ask,EarnestEspressos,FlawlessFlatbreads,9093510
2026-07-06T04:01:17.314366,2026-07-06T04:01:17.326176+00:00,155.5,50,ask,DiligentDonuts,FlawlessFlatbreads,9093537
2026-07-06T04:01:18.317251,2026-07-06T04:01:18.326070+00:00,155.9,43,bid,CostlyCorianders,EarnestEspressos,9093549
2026-07-06T04:01:19.421324,2026-07-06T04:01:19.432887+00:00,155.5,50,ask,DiligentDonuts,FlawlessFlatbreads,9093564
2026-07-06T04:01:19.774965,2026-07-06T04:01:19.783625+00:00,155.7,11,bid,Xuanyu Liu,DiligentDonuts,9093569
2026-07-06T04:01:20.409858,2026-07-06T04:01:20.421395+00:00,155.7,89,bid,EarnestEspressos,DiligentDonuts,9093580
2026-07-06T04:01:21.528187,2026-07-06T04:01:21.540060+00:00,155.7,50,ask,EarnestEspressos,FlawlessFlatbreads,9093596
2026-07-06T04:01:23.627429,2026-07-06T04:01:23.639187+00:00,155.5,100,ask,DiligentDonuts,EarnestEspressos,9093624
2026-07-06T04:01:23.637360,2026-07-06T04:01:23.648989+00:00,155.0,50,ask,EarnestEspressos,FlawlessFlatbreads,9093625
2026-07-06T04:01:23.640709,2026-07-06T04:01:23.648989+00:00,155.5,11,bid,Xuanyu Liu,EarnestEspressos,9093626
2026-07-06T04:01:23.742393,2026-07-06T04:01:23.754075+00:00,155.5,39,bid,CostlyCorianders,EarnestEspressos,9093628
2026-07-06T04:01:23.742393,2026-07-06T04:01:23.754075+00:00,156.0,2,bid,CostlyCorianders,DiligentDonuts,9093629
2026-07-06T04:01:25.693273,2026-07-06T04:01:25.704815+00:00,156.0,50,bid,FlawlessFlatbreads,DiligentDonuts,9093653
2026-07-06T04:01:26.338084,2026-07-06T04:01:26.349814+00:00,155.3,41,ask,DiligentDonuts,CostlyCorianders,9093664
2026-07-06T04:01:27.812658,2026-07-06T04:01:27.829343+00:00,155.8,50,bid,FlawlessFlatbreads,DiligentDonuts,9093688
2026-07-06T04:01:28.627613,2026-07-06T04:01:28.637567+00:00,155.8,47,bid,CostlyCorianders,DiligentDonuts,9093700
2026-07-06T04:01:30.398673,2026-07-06T04:01:30.410352+00:00,155.5,41,ask,DiligentDonuts,CostlyCorianders,9093723
2026-07-06T04:01:32.103038,2026-07-06T04:01:32.115061+00:00,155.5,50,ask,DiligentDonuts,FlawlessFlatbreads,9093740
2026-07-06T04:01:34.159566,2026-07-06T04:01:34.171271+00:00,155.7,50,bid,FlawlessFlatbreads,DiligentDonuts,9093774
2026-07-06T04:01:36.292603,2026-07-06T04:01:36.303114+00:00,155.7,50,bid,FlawlessFlatbreads,DiligentDonuts,9093798
2026-07-06T04:01:38.399121,2026-07-06T04:01:38.411123+00:00,155.7,50,bid,FlawlessFlatbreads,DiligentDonuts,9093835
2026-07-06T04:01:40.559980,2026-07-06T04:01:40.571455+00:00,155.4,50,ask,DiligentDonuts,FlawlessFlatbreads,9093867
2026-07-06T04:01:42.174535,2026-07-06T04:01:42.186373+00:00,155.5,45,ask,DiligentDonuts,CostlyCorianders,9093886
2026-07-06T04:01:42.666543,2026-07-06T04:01:42.678402+00:00,155.5,50,ask,DiligentDonuts,FlawlessFlatbreads,9093890
2026-07-06T04:01:44.725409,2026-07-06T04:01:44.736035+00:00,155.9,50,bid,FlawlessFlatbreads,EarnestEspressos,9093918
2026-07-06T04:01:45.727284,2026-07-06T04:01:45.738951+00:00,155.7,100,bid,EarnestEspressos,DiligentDonuts,9093932
2026-07-06T04:01:45.740263,2026-07-06T04:01:45.748792+00:00,155.8,11,ask,EarnestEspressos,Xuanyu Liu,9093934
2026-07-06T04:01:46.010974,2026-07-06T04:01:46.020639+00:00,156.2,43,bid,CostlyCorianders,EarnestEspressos,9093937
2026-07-06T04:01:47.007220,2026-07-06T04:01:47.015822+00:00,155.8,11,ask,EarnestEspressos,Xuanyu Liu,9093948
2026-07-06T04:01:48.164221,2026-07-06T04:01:48.176220+00:00,156.1,8,bid,CostlyCorianders,Zhangyue Shen,9093965
2026-07-06T04:01:48.164221,2026-07-06T04:01:48.176220+00:00,156.2,40,bid,CostlyCorianders,EarnestEspressos,9093966
2026-07-06T04:01:51.059479,2026-07-06T04:01:51.068742+00:00,156.0,50,bid,FlawlessFlatbreads,DiligentDonuts,9094005
2026-07-06T04:01:57.399883,2026-07-06T04:01:57.411497+00:00,156.0,50,bid,FlawlessFlatbreads,EarnestEspressos,9094080
2026-07-06T04:01:57.646508,2026-07-06T04:01:57.658759+00:00,156.0,3,bid,Zhangyue Shen,EarnestEspressos,9094085
2026-07-06T04:01:57.658175,2026-07-06T04:01:57.669016+00:00,156.0,8,bid,Zhangyue Shen,EarnestEspressos,9094087
2026-07-06T04:01:57.664358,2026-07-06T04:01:57.674301+00:00,156.0,49,bid,CostlyCorianders,EarnestEspressos,9094088
2026-07-06T04:01:57.682755,2026-07-06T04:01:57.691011+00:00,156.0,40,bid,DiligentDonuts,EarnestEspressos,9094090
2026-07-06T04:01:58.427940,2026-07-06T04:01:58.436582+00:00,156.4,23,ask,EarnestEspressos,Xuanyu Liu,9094103
2026-07-06T04:01:59.529808,2026-07-06T04:01:59.537904+00:00,156.6,8,bid,FlawlessFlatbreads,Zhangyue Shen,9094123
2026-07-06T04:01:59.529808,2026-07-06T04:01:59.543099+00:00,156.7,42,bid,FlawlessFlatbreads,DiligentDonuts,9094124
2026-07-06T04:02:01.711428,2026-07-06T04:02:01.722279+00:00,156.3,50,ask,EarnestEspressos,FlawlessFlatbreads,9094152
2026-07-06T04:02:03.765677,2026-07-06T04:02:03.777406+00:00,156.6,8,bid,FlawlessFlatbreads,Zhangyue Shen,9094180
2026-07-06T04:02:03.765677,2026-07-06T04:02:03.777406+00:00,156.7,42,bid,FlawlessFlatbreads,DiligentDonuts,9094181
2026-07-06T04:02:04.123412,2026-07-06T04:02:04.130115+00:00,156.4,49,ask,DiligentDonuts,CostlyCorianders,9094187
2026-07-06T04:02:05.750642,2026-07-06T04:02:05.757171+00:00,156.4,45,ask,DiligentDonuts,CostlyCorianders,9094207
2026-07-06T04:02:06.320541,2026-07-06T04:02:06.332167+00:00,156.6,48,bid,CostlyCorianders,EarnestEspressos,9094214
2026-07-06T04:02:07.976948,2026-07-06T04:02:07.988552+00:00,156.5,50,bid,FlawlessFlatbreads,DiligentDonuts,9094235
2026-07-06T04:02:10.084816,2026-07-06T04:02:10.096599+00:00,156.5,50,bid,FlawlessFlatbreads,DiligentDonuts,9094251
2026-07-06T04:02:10.850868,2026-07-06T04:02:10.858590+00:00,156.4,42,ask,DiligentDonuts,CostlyCorianders,9094260
2026-07-06T04:02:12.193136,2026-07-06T04:02:12.204823+00:00,156.6,8,bid,FlawlessFlatbreads,Zhangyue Shen,9094276
2026-07-06T04:02:12.193136,2026-07-06T04:02:12.204823+00:00,156.9,42,bid,FlawlessFlatbreads,DiligentDonuts,9094277
2026-07-06T04:02:14.352746,2026-07-06T04:02:14.364589+00:00,156.4,50,ask,DiligentDonuts,FlawlessFlatbreads,9094301
2026-07-06T04:02:14.379209,2026-07-06T04:02:14.390945+00:00,156.4,49,ask,DiligentDonuts,CostlyCorianders,9094302
2026-07-06T04:02:14.563048,2026-07-06T04:02:14.573210+00:00,156.4,1,ask,DiligentDonuts,Xuanyu Liu,9094306
2026-07-06T04:02:14.563048,2026-07-06T04:02:14.573210+00:00,156.4,11,ask,EarnestEspressos,Xuanyu Liu,9094307
2026-07-06T04:02:15.041721,2026-07-06T04:02:15.053353+00:00,156.4,48,ask,EarnestEspressos,CostlyCorianders,9094313
2026-07-06T04:02:16.379926,2026-07-06T04:02:16.388956+00:00,156.7,8,bid,CostlyCorianders,Zhangyue Shen,9094332
2026-07-06T04:02:16.379926,2026-07-06T04:02:16.388956+00:00,156.9,39,bid,CostlyCorianders,DiligentDonuts,9094333
2026-07-06T04:02:16.459900,2026-07-06T04:02:16.471619+00:00,156.4,50,ask,EarnestEspressos,FlawlessFlatbreads,9094339
2026-07-06T04:02:17.475345,2026-07-06T04:02:17.485013+00:00,156.3,100,ask,DiligentDonuts,EarnestEspressos,9094349
2026-07-06T04:02:18.514294,2026-07-06T04:02:18.525855+00:00,156.3,50,bid,FlawlessFlatbreads,EarnestEspressos,9094362
2026-07-06T04:02:20.585759,2026-07-06T04:02:20.597716+00:00,156.1,100,bid,EarnestEspressos,DiligentDonuts,9094391
2026-07-06T04:02:20.621575,2026-07-06T04:02:20.633439+00:00,156.4,8,bid,FlawlessFlatbreads,Zhangyue Shen,9094392
2026-07-06T04:02:21.520406,2026-07-06T04:02:21.529072+00:00,156.3,41,ask,EarnestEspressos,CostlyCorianders,9094403
2026-07-06T04:02:22.729241,2026-07-06T04:02:22.741168+00:00,156.6,8,bid,FlawlessFlatbreads,Zhangyue Shen,9094418
2026-07-06T04:02:22.729241,2026-07-06T04:02:22.741168+00:00,156.8,42,bid,FlawlessFlatbreads,EarnestEspressos,9094419
2026-07-06T04:02:24.849087,2026-07-06T04:02:24.858568+00:00,156.6,47,bid,CostlyCorianders,DiligentDonuts,9094442
2026-07-06T04:02:24.888377,2026-07-06T04:02:24.895237+00:00,156.1,8,ask,Zhangyue Shen,FlawlessFlatbreads,9094444
2026-07-06T04:02:24.888377,2026-07-06T04:02:24.900465+00:00,156.1,42,ask,DiligentDonuts,FlawlessFlatbreads,9094445
2026-07-06T04:02:26.994697,2026-07-06T04:02:27.001590+00:00,156.0,50,ask,DiligentDonuts,FlawlessFlatbreads,9094466
2026-07-06T04:02:28.471962,2026-07-06T04:02:28.483778+00:00,156.4,8,bid,CostlyCorianders,Zhangyue Shen,9094481
2026-07-06T04:02:28.471962,2026-07-06T04:02:28.483778+00:00,156.5,32,bid,CostlyCorianders,DiligentDonuts,9094482
2026-07-06T04:02:28.976469,2026-07-06T04:02:28.985697+00:00,156.0,42,ask,DiligentDonuts,CostlyCorianders,9094487
2026-07-06T04:02:29.580905,2026-07-06T04:02:29.590567+00:00,156.2,47,bid,CostlyCorianders,DiligentDonuts,9094497
2026-07-06T04:02:31.206329,2026-07-06T04:02:31.218246+00:00,155.9,50,ask,EarnestEspressos,FlawlessFlatbreads,9094511
2026-07-06T04:02:31.615710,2026-07-06T04:02:31.624465+00:00,156.2,44,bid,CostlyCorianders,DiligentDonuts,9094519
2026-07-06T04:02:32.143017,2026-07-06T04:02:32.154563+00:00,155.9,45,ask,EarnestEspressos,CostlyCorianders,9094530
2026-07-06T04:02:32.736873,2026-07-06T04:02:32.748426+00:00,156.1,43,ask,DiligentDonuts,CostlyCorianders,9094538
2026-07-06T04:02:33.305377,2026-07-06T04:02:33.329271+00:00,156.1,57,ask,DiligentDonuts,EarnestEspressos,9094551
2026-07-06T04:02:33.314678,2026-07-06T04:02:33.329271+00:00,155.9,8,ask,Zhangyue Shen,FlawlessFlatbreads,9094552
2026-07-06T04:02:33.314678,2026-07-06T04:02:33.329271+00:00,155.5,42,ask,EarnestEspressos,FlawlessFlatbreads,9094553
2026-07-06T04:02:33.319851,2026-07-06T04:02:33.329271+00:00,156.0,12,bid,Xuanyu Liu,EarnestEspressos,9094554
2026-07-06T04:02:35.218360,2026-07-06T04:02:35.230221+00:00,156.0,49,bid,CostlyCorianders,EarnestEspressos,9094582
2026-07-06T04:02:35.422811,2026-07-06T04:02:35.435173+00:00,155.7,8,ask,Zhangyue Shen,FlawlessFlatbreads,9094584
2026-07-06T04:02:35.422811,2026-07-06T04:02:35.435173+00:00,155.5,42,ask,EarnestEspressos,FlawlessFlatbreads,9094585
2026-07-06T04:02:35.559545,2026-07-06T04:02:35.572455+00:00,156.0,11,bid,Xuanyu Liu,EarnestEspressos,9094587
2026-07-06T04:02:37.237667,2026-07-06T04:02:37.244236+00:00,155.9,8,ask,Zhangyue Shen,CostlyCorianders,9094618
2026-07-06T04:02:37.237667,2026-07-06T04:02:37.244236+00:00,155.8,36,ask,DiligentDonuts,CostlyCorianders,9094619
2026-07-06T04:02:37.540174,2026-07-06T04:02:37.552296+00:00,155.8,50,ask,DiligentDonuts,FlawlessFlatbreads,9094624
2026-07-06T04:02:38.384923,2026-07-06T04:02:38.396572+00:00,156.3,41,bid,CostlyCorianders,DiligentDonuts,9094633
2026-07-06T04:02:39.598241,2026-07-06T04:02:39.609888+00:00,156.1,50,bid,FlawlessFlatbreads,DiligentDonuts,9094647
2026-07-06T04:02:40.015844,2026-07-06T04:02:40.024811+00:00,156.0,8,ask,Zhangyue Shen,CostlyCorianders,9094657
2026-07-06T04:02:40.015844,2026-07-06T04:02:40.024811+00:00,155.9,40,ask,EarnestEspressos,CostlyCorianders,9094658
2026-07-06T04:02:43.876364,2026-07-06T04:02:43.888164+00:00,156.0,50,ask,DiligentDonuts,FlawlessFlatbreads,9094700
2026-07-06T04:02:45.452102,2026-07-06T04:02:45.464233+00:00,156.3,45,bid,CostlyCorianders,EarnestEspressos,9094719
2026-07-06T04:02:48.035835,2026-07-06T04:02:48.047478+00:00,156.5,50,bid,FlawlessFlatbreads,DiligentDonuts,9094750
2026-07-06T04:02:50.155946,2026-07-06T04:02:50.163969+00:00,156.4,50,bid,FlawlessFlatbreads,EarnestEspressos,9094772
2026-07-06T04:02:51.353479,2026-07-06T04:02:51.358571+00:00,156.4,46,bid,CostlyCorianders,EarnestEspressos,9094788
2026-07-06T04:02:52.262755,2026-07-06T04:02:52.275012+00:00,156.4,8,bid,FlawlessFlatbreads,Zhangyue Shen,9094795
2026-07-06T04:02:52.262755,2026-07-06T04:02:52.275012+00:00,156.4,42,bid,FlawlessFlatbreads,DiligentDonuts,9094796
2026-07-06T04:02:54.370930,2026-07-06T04:02:54.383056+00:00,156.4,50,bid,FlawlessFlatbreads,DiligentDonuts,9094823
2026-07-06T04:02:55.399273,2026-07-06T04:02:55.410993+00:00,156.6,8,bid,EarnestEspressos,Zhangyue Shen,9094840
2026-07-06T04:02:56.275325,2026-07-06T04:02:56.283474+00:00,156.6,11,ask,EarnestEspressos,Xuanyu Liu,9094853
2026-07-06T04:02:57.538700,2026-07-06T04:02:57.550225+00:00,156.6,47,ask,EarnestEspressos,CostlyCorianders,9094872
2026-07-06T04:02:58.635606,2026-07-06T04:02:58.643834+00:00,156.5,50,ask,DiligentDonuts,FlawlessFlatbreads,9094884
2026-07-06T04:03:00.745221,2026-07-06T04:03:00.758547+00:00,156.5,50,ask,DiligentDonuts,FlawlessFlatbreads,9094908
2026-07-06T04:03:01.516734,2026-07-06T04:03:01.528351+00:00,156.6,8,bid,CostlyCorianders,Zhangyue Shen,9094919
2026-07-06T04:03:01.516734,2026-07-06T04:03:01.528351+00:00,156.7,33,bid,CostlyCorianders,DiligentDonuts,9094920
2026-07-06T04:03:04.073223,2026-07-06T04:03:04.085567+00:00,156.4,45,ask,EarnestEspressos,CostlyCorianders,9094954
2026-07-06T04:03:04.921062,2026-07-06T04:03:04.933507+00:00,156.6,8,bid,FlawlessFlatbreads,Zhangyue Shen,9094969
2026-07-06T04:03:04.921062,2026-07-06T04:03:04.933507+00:00,156.7,42,bid,FlawlessFlatbreads,DiligentDonuts,9094970
2026-07-06T04:03:05.963704,2026-07-06T04:03:05.972012+00:00,156.4,11,bid,Xuanyu Liu,EarnestEspressos,9094984
2026-07-06T04:03:06.206022,2026-07-06T04:03:06.216580+00:00,156.2,48,ask,DiligentDonuts,CostlyCorianders,9094990
2026-07-06T04:03:07.027675,2026-07-06T04:03:07.039634+00:00,156.4,50,bid,FlawlessFlatbreads,EarnestEspressos,9094992
2026-07-06T04:03:07.059649,2026-07-06T04:03:07.069272+00:00,156.4,12,bid,Xuanyu Liu,EarnestEspressos,9094994
2026-07-06T04:03:07.252878,2026-07-06T04:03:07.264345+00:00,156.4,77,bid,DiligentDonuts,EarnestEspressos,9095003
2026-07-06T04:03:08.052939,2026-07-06T04:03:08.060871+00:00,156.7,8,bid,EarnestEspressos,Zhangyue Shen,9095010
2026-07-06T04:03:08.067017,2026-07-06T04:03:08.076042+00:00,156.8,23,ask,EarnestEspressos,Xuanyu Liu,9095011
2026-07-06T04:03:08.370047,2026-07-06T04:03:08.381800+00:00,156.8,23,ask,EarnestEspressos,Xuanyu Liu,9095015
2026-07-06T04:03:09.135858,2026-07-06T04:03:09.143508+00:00,156.9,50,bid,FlawlessFlatbreads,DiligentDonuts,9095033
2026-07-06T04:03:10.468266,2026-07-06T04:03:10.480030+00:00,156.8,96,ask,EarnestEspressos,DiligentDonuts,9095051
2026-07-06T04:03:11.241759,2026-07-06T04:03:11.264448+00:00,156.7,8,bid,FlawlessFlatbreads,Zhangyue Shen,9095062
2026-07-06T04:03:11.241759,2026-07-06T04:03:11.264448+00:00,156.8,4,bid,FlawlessFlatbreads,DiligentDonuts,9095063
2026-07-06T04:03:11.276970,2026-07-06T04:03:11.364401+00:00,156.4,11,bid,Xuanyu Liu,EarnestEspressos,9095065
2026-07-06T04:03:13.230866,2026-07-06T04:03:13.240778+00:00,156.4,12,bid,Xuanyu Liu,EarnestEspressos,9095096
2026-07-06T04:03:13.348657,2026-07-06T04:03:13.355414+00:00,156.4,50,bid,FlawlessFlatbreads,EarnestEspressos,9095098
2026-07-06T04:03:13.576509,2026-07-06T04:03:13.588533+00:00,156.4,77,bid,DiligentDonuts,EarnestEspressos,9095102
2026-07-06T04:03:14.376041,2026-07-06T04:03:14.388481+00:00,156.6,8,bid,EarnestEspressos,Zhangyue Shen,9095111
2026-07-06T04:03:14.395594,2026-07-06T04:03:14.403648+00:00,156.6,12,ask,EarnestEspressos,Xuanyu Liu,9095113
2026-07-06T04:03:15.456287,2026-07-06T04:03:15.468343+00:00,156.8,8,bid,FlawlessFlatbreads,Zhangyue Shen,9095124
2026-07-06T04:03:15.456287,2026-07-06T04:03:15.468343+00:00,156.9,42,bid,FlawlessFlatbreads,DiligentDonuts,9095125
2026-07-06T04:03:16.273437,2026-07-06T04:03:16.284764+00:00,156.8,8,bid,CostlyCorianders,Zhangyue Shen,9095144
2026-07-06T04:03:16.273437,2026-07-06T04:03:16.284764+00:00,156.9,37,bid,CostlyCorianders,DiligentDonuts,9095145
2026-07-06T04:03:17.565728,2026-07-06T04:03:17.577604+00:00,156.8,8,bid,FlawlessFlatbreads,Zhangyue Shen,9095155
2026-07-06T04:03:17.565728,2026-07-06T04:03:17.577604+00:00,156.9,42,bid,FlawlessFlatbreads,DiligentDonuts,9095156
2026-07-06T04:03:19.673762,2026-07-06T04:03:19.685992+00:00,156.9,50,bid,FlawlessFlatbreads,DiligentDonuts,9095175
2026-07-06T04:03:21.388776,2026-07-06T04:03:21.400398+00:00,156.6,43,ask,DiligentDonuts,CostlyCorianders,9095193
2026-07-06T04:03:21.832375,2026-07-06T04:03:21.844109+00:00,156.6,50,ask,DiligentDonuts,FlawlessFlatbreads,9095198
2026-07-06T04:03:21.901359,2026-07-06T04:03:21.908705+00:00,156.6,7,ask,DiligentDonuts,CostlyCorianders,9095199
2026-07-06T04:03:21.901359,2026-07-06T04:03:21.914134+00:00,156.5,36,ask,EarnestEspressos,CostlyCorianders,9095200
2026-07-06T04:03:24.156765,2026-07-06T04:03:24.168613+00:00,156.6,8,bid,CostlyCorianders,Zhangyue Shen,9095223
2026-07-06T04:03:24.156765,2026-07-06T04:03:24.168613+00:00,156.7,32,bid,CostlyCorianders,DiligentDonuts,9095224
2026-07-06T04:03:24.781037,2026-07-06T04:03:24.792750+00:00,156.7,46,bid,CostlyCorianders,DiligentDonuts,9095230
2026-07-06T04:03:25.995920,2026-07-06T04:03:26.008222+00:00,156.7,22,bid,FlawlessFlatbreads,DiligentDonuts,9095250
2026-07-06T04:03:25.995920,2026-07-06T04:03:26.008222+00:00,156.7,28,bid,FlawlessFlatbreads,EarnestEspressos,9095251
2026-07-06T04:03:26.394068,2026-07-06T04:03:26.405740+00:00,156.7,42,bid,CostlyCorianders,EarnestEspressos,9095258
2026-07-06T04:03:28.156344,2026-07-06T04:03:28.168277+00:00,156.6,50,ask,DiligentDonuts,FlawlessFlatbreads,9095274
2026-07-06T04:03:28.472062,2026-07-06T04:03:28.478761+00:00,156.6,40,ask,DiligentDonuts,CostlyCorianders,9095280
2026-07-06T04:03:30.237170,2026-07-06T04:03:30.248939+00:00,156.6,41,ask,EarnestEspressos,CostlyCorianders,9095307
2026-07-06T04:03:31.845572,2026-07-06T04:03:31.852829+00:00,156.7,8,bid,CostlyCorianders,Zhangyue Shen,9095326
2026-07-06T04:03:31.845572,2026-07-06T04:03:31.857798+00:00,156.9,33,bid,CostlyCorianders,DiligentDonuts,9095327
2026-07-06T04:03:32.318738,2026-07-06T04:03:32.330485+00:00,156.9,50,bid,FlawlessFlatbreads,DiligentDonuts,9095335
2026-07-06T04:03:33.301462,2026-07-06T04:03:33.310432+00:00,156.9,14,ask,DiligentDonuts,Xuanyu Liu,9095353
2026-07-06T04:03:33.950611,2026-07-06T04:03:33.957141+00:00,157.0,42,bid,CostlyCorianders,EarnestEspressos,9095366
2026-07-06T04:03:34.421678,2026-07-06T04:03:34.433279+00:00,156.9,49,ask,DiligentDonuts,CostlyCorianders,9095371
2026-07-06T04:03:34.426062,2026-07-06T04:03:34.433279+00:00,157.0,50,bid,FlawlessFlatbreads,EarnestEspressos,9095372
2026-07-06T04:03:36.528763,2026-07-06T04:03:36.540691+00:00,157.0,8,bid,EarnestEspressos,Zhangyue Shen,9095403
2026-07-06T04:03:36.594644,2026-07-06T04:03:36.601218+00:00,157.1,3,ask,EarnestEspressos,Zhangyue Shen,9095404
2026-07-06T04:03:36.603209,2026-07-06T04:03:36.611782+00:00,157.1,50,ask,EarnestEspressos,FlawlessFlatbreads,9095406
2026-07-06T04:03:38.712366,2026-07-06T04:03:38.723120+00:00,157.1,50,ask,EarnestEspressos,FlawlessFlatbreads,9095425
2026-07-06T04:03:39.610806,2026-07-06T04:03:39.622725+00:00,157.1,39,ask,EarnestEspressos,CostlyCorianders,9095438
2026-07-06T04:03:39.610806,2026-07-06T04:03:39.622725+00:00,156.7,10,ask,DiligentDonuts,CostlyCorianders,9095439
2026-07-06T04:03:39.853993,2026-07-06T04:03:39.863132+00:00,157.0,3,bid,Xuanyu Liu,EarnestEspressos,9095443
2026-07-06T04:03:40.818867,2026-07-06T04:03:40.830703+00:00,156.7,50,ask,DiligentDonuts,FlawlessFlatbreads,9095451
2026-07-06T04:03:42.485459,2026-07-06T04:03:42.493436+00:00,157.0,11,bid,Xuanyu Liu,EarnestEspressos,9095478
2026-07-06T04:03:42.629837,2026-07-06T04:03:42.639724+00:00,157.0,42,bid,CostlyCorianders,EarnestEspressos,9095483
2026-07-06T04:03:42.855922,2026-07-06T04:03:42.867335+00:00,157.1,100,bid,EarnestEspressos,DiligentDonuts,9095487
2026-07-06T04:03:44.978470,2026-07-06T04:03:44.985638+00:00,157.6,50,bid,FlawlessFlatbreads,EarnestEspressos,9095510
2026-07-06T04:03:45.116798,2026-07-06T04:03:45.126509+00:00,157.1,11,ask,EarnestEspressos,Xuanyu Liu,9095512
2026-07-06T04:03:46.896178,2026-07-06T04:03:46.908013+00:00,157.1,42,bid,CostlyCorianders,EarnestEspressos,9095528
2026-07-06T04:03:47.145557,2026-07-06T04:03:47.152408+00:00,157.0,50,ask,DiligentDonuts,FlawlessFlatbreads,9095539
2026-07-06T04:03:51.102292,2026-07-06T04:03:51.114084+00:00,156.8,40,ask,EarnestEspressos,CostlyCorianders,9095596
2026-07-06T04:03:53.460276,2026-07-06T04:03:53.472078+00:00,156.9,50,ask,DiligentDonuts,FlawlessFlatbreads,9095632
2026-07-06T04:03:54.203489,2026-07-06T04:03:54.215032+00:00,157.2,49,bid,CostlyCorianders,EarnestEspressos,9095641
2026-07-06T04:03:55.599968,2026-07-06T04:03:55.608340+00:00,156.8,50,ask,EarnestEspressos,FlawlessFlatbreads,9095660
2026-07-06T04:03:56.288316,2026-07-06T04:03:56.295635+00:00,156.8,46,ask,EarnestEspressos,CostlyCorianders,9095671
2026-07-06T04:03:56.793452,2026-07-06T04:03:56.804993+00:00,156.8,49,ask,EarnestEspressos,CostlyCorianders,9095681
2026-07-06T04:03:58.734245,2026-07-06T04:03:58.746070+00:00,156.5,100,ask,DiligentDonuts,EarnestEspressos,9095700
2026-07-06T04:03:58.734245,2026-07-06T04:03:58.746070+00:00,156.4,8,ask,Zhangyue Shen,EarnestEspressos,9095701
2026-07-06T04:03:58.747439,2026-07-06T04:03:58.758837+00:00,156.4,23,bid,Xuanyu Liu,EarnestEspressos,9095702
2026-07-06T04:03:59.541100,2026-07-06T04:03:59.550886+00:00,156.4,19,bid,Xuanyu Liu,EarnestEspressos,9095716
2026-07-06T04:03:59.835247,2026-07-06T04:03:59.847010+00:00,156.0,8,ask,Zhangyue Shen,FlawlessFlatbreads,9095722
2026-07-06T04:03:59.835247,2026-07-06T04:03:59.847010+00:00,155.9,42,ask,EarnestEspressos,FlawlessFlatbreads,9095723
2026-07-06T04:04:00.681118,2026-07-06T04:04:00.692845+00:00,156.9,8,bid,CostlyCorianders,Zhangyue Shen,9095741
2026-07-06T04:04:00.681118,2026-07-06T04:04:00.692845+00:00,157.0,36,bid,CostlyCorianders,DiligentDonuts,9095742
2026-07-06T04:04:01.893333,2026-07-06T04:04:01.905101+00:00,156.9,50,bid,FlawlessFlatbreads,DiligentDonuts,9095756
2026-07-06T04:04:04.477612,2026-07-06T04:04:04.489472+00:00,156.6,41,ask,EarnestEspressos,CostlyCorianders,9095782
2026-07-06T04:04:08.271276,2026-07-06T04:04:08.279722+00:00,156.4,8,ask,Zhangyue Shen,FlawlessFlatbreads,9095821
2026-07-06T04:04:08.271276,2026-07-06T04:04:08.279722+00:00,156.3,42,ask,DiligentDonuts,FlawlessFlatbreads,9095822
2026-07-06T04:04:10.378826,2026-07-06T04:04:10.386997+00:00,156.3,50,ask,DiligentDonuts,FlawlessFlatbreads,9095851
2026-07-06T04:04:12.498155,2026-07-06T04:04:12.504951+00:00,156.4,50,ask,EarnestEspressos,FlawlessFlatbreads,9095878
2026-07-06T04:04:15.236813,2026-07-06T04:04:15.248969+00:00,156.5,42,bid,CostlyCorianders,EarnestEspressos,9095912
2026-07-06T04:04:16.664365,2026-07-06T04:04:16.676228+00:00,156.5,46,bid,CostlyCorianders,EarnestEspressos,9095934
2026-07-06T04:04:16.710072,2026-07-06T04:04:16.723634+00:00,156.4,8,ask,Zhangyue Shen,FlawlessFlatbreads,9095936
2026-07-06T04:04:16.710072,2026-07-06T04:04:16.723634+00:00,156.1,42,ask,DiligentDonuts,FlawlessFlatbreads,9095937
2026-07-06T04:04:17.703899,2026-07-06T04:04:17.715735+00:00,156.4,47,bid,CostlyCorianders,DiligentDonuts,9095950
2026-07-06T04:04:18.765337,2026-07-06T04:04:18.777173+00:00,156.4,50,bid,FlawlessFlatbreads,DiligentDonuts,9095961
2026-07-06T04:04:20.924082,2026-07-06T04:04:20.931767+00:00,156.4,50,ask,EarnestEspressos,FlawlessFlatbreads,9095983
2026-07-06T04:04:23.030720,2026-07-06T04:04:23.042449+00:00,156.4,50,ask,EarnestEspressos,FlawlessFlatbreads,9096015
2026-07-06T04:04:23.074782,2026-07-06T04:04:23.086782+00:00,156.4,41,ask,EarnestEspressos,CostlyCorianders,9096016
2026-07-06T04:04:23.228116,2026-07-06T04:04:23.237925+00:00,156.4,8,ask,EarnestEspressos,Xuanyu Liu,9096019
2026-07-06T04:04:24.045342,2026-07-06T04:04:24.057050+00:00,156.2,8,ask,Zhangyue Shen,EarnestEspressos,9096030
2026-07-06T04:04:24.045342,2026-07-06T04:04:24.057050+00:00,156.1,100,ask,DiligentDonuts,EarnestEspressos,9096031
2026-07-06T04:04:24.059607,2026-07-06T04:04:24.067764+00:00,156.1,12,bid,Xuanyu Liu,EarnestEspressos,9096032
2026-07-06T04:04:24.117126,2026-07-06T04:04:24.123861+00:00,156.1,30,bid,CostlyCorianders,EarnestEspressos,9096034
2026-07-06T04:04:25.137655,2026-07-06T04:04:25.148458+00:00,155.8,8,ask,Zhangyue Shen,FlawlessFlatbreads,9096048
2026-07-06T04:04:25.137655,2026-07-06T04:04:25.148458+00:00,155.6,42,ask,EarnestEspressos,FlawlessFlatbreads,9096049
2026-07-06T04:04:27.247432,2026-07-06T04:04:27.259442+00:00,155.8,50,ask,EarnestEspressos,FlawlessFlatbreads,9096072
2026-07-06T04:04:27.516422,2026-07-06T04:04:27.528182+00:00,155.8,47,ask,EarnestEspressos,CostlyCorianders,9096075
2026-07-06T04:04:29.041095,2026-07-06T04:04:29.058626+00:00,155.8,48,ask,EarnestEspressos,CostlyCorianders,9096098
2026-07-06T04:04:29.355168,2026-07-06T04:04:29.366872+00:00,155.8,5,ask,EarnestEspressos,FlawlessFlatbreads,9096099
2026-07-06T04:04:29.355168,2026-07-06T04:04:29.366872+00:00,155.6,45,ask,DiligentDonuts,FlawlessFlatbreads,9096100
2026-07-06T04:04:29.573742,2026-07-06T04:04:29.585461+00:00,156.1,43,bid,CostlyCorianders,DiligentDonuts,9096107
2026-07-06T04:04:30.384644,2026-07-06T04:04:30.395474+00:00,155.9,22,bid,Xuanyu Liu,EarnestEspressos,9096116
2026-07-06T04:04:30.532492,2026-07-06T04:04:30.544097+00:00,155.9,3,bid,Zhangyue Shen,EarnestEspressos,9096121
2026-07-06T04:04:30.793090,2026-07-06T04:04:30.804748+00:00,155.9,3,bid,Zhangyue Shen,EarnestEspressos,9096123
2026-07-06T04:04:31.053775,2026-07-06T04:04:31.055128+00:00,155.9,3,bid,Zhangyue Shen,EarnestEspressos,9096129
2026-07-06T04:04:31.314484,2026-07-06T04:04:31.322077+00:00,155.9,3,bid,Zhangyue Shen,EarnestEspressos,9096133
2026-07-06T04:04:31.462859,2026-07-06T04:04:31.474335+00:00,155.6,50,ask,DiligentDonuts,FlawlessFlatbreads,9096136
2026-07-06T04:04:31.573042,2026-07-06T04:04:31.584948+00:00,155.9,3,bid,Zhangyue Shen,EarnestEspressos,9096138
2026-07-06T04:04:31.851131,2026-07-06T04:04:31.853470+00:00,155.9,3,bid,Zhangyue Shen,EarnestEspressos,9096141
2026-07-06T04:04:32.111396,2026-07-06T04:04:32.122984+00:00,155.9,3,bid,Zhangyue Shen,EarnestEspressos,9096146
2026-07-06T04:04:32.371370,2026-07-06T04:04:32.383244+00:00,155.9,3,bid,Zhangyue Shen,EarnestEspressos,9096151
2026-07-06T04:04:32.535265,2026-07-06T04:04:32.547148+00:00,155.6,45,ask,DiligentDonuts,CostlyCorianders,9096156
2026-07-06T04:04:32.891596,2026-07-06T04:04:32.903196+00:00,155.9,3,bid,Zhangyue Shen,EarnestEspressos,9096163
2026-07-06T04:04:33.016481,2026-07-06T04:04:33.024377+00:00,155.9,48,bid,CostlyCorianders,EarnestEspressos,9096165
2026-07-06T04:04:33.151856,2026-07-06T04:04:33.163639+00:00,155.9,3,bid,Zhangyue Shen,EarnestEspressos,9096168
2026-07-06T04:04:33.415530,2026-07-06T04:04:33.423067+00:00,155.9,3,bid,Zhangyue Shen,EarnestEspressos,9096171
2026-07-06T04:04:33.571095,2026-07-06T04:04:33.582734+00:00,155.8,50,ask,EarnestEspressos,FlawlessFlatbreads,9096173
2026-07-06T04:04:33.692342,2026-07-06T04:04:33.703021+00:00,155.9,8,bid,Zhangyue Shen,DiligentDonuts,9096175
2026-07-06T04:04:34.288335,2026-07-06T04:04:34.300001+00:00,155.8,48,ask,EarnestEspressos,CostlyCorianders,9096185
2026-07-06T04:04:35.627387,2026-07-06T04:04:35.638991+00:00,155.9,50,bid,FlawlessFlatbreads,DiligentDonuts,9096203
2026-07-06T04:04:36.954904,2026-07-06T04:04:36.957741+00:00,155.8,44,bid,CostlyCorianders,EarnestEspressos,9096213
2026-07-06T04:04:37.734524,2026-07-06T04:04:37.746317+00:00,155.8,50,bid,FlawlessFlatbreads,EarnestEspressos,9096221
2026-07-06T04:04:39.019812,2026-07-06T04:04:39.026858+00:00,155.8,47,bid,CostlyCorianders,EarnestEspressos,9096235
2026-07-06T04:04:39.803521,2026-07-06T04:04:39.815047+00:00,155.9,100,bid,EarnestEspressos,DiligentDonuts,9096248
2026-07-06T04:04:41.042661,2026-07-06T04:04:41.054012+00:00,155.9,41,ask,EarnestEspressos,CostlyCorianders,9096261
2026-07-06T04:04:43.018834,2026-07-06T04:04:43.030669+00:00,156.0,8,ask,Zhangyue Shen,EarnestEspressos,9096286
2026-07-06T04:04:43.018834,2026-07-06T04:04:43.030669+00:00,155.9,100,ask,DiligentDonuts,EarnestEspressos,9096287
2026-07-06T04:04:44.057813,2026-07-06T04:04:44.075784+00:00,155.9,42,bid,FlawlessFlatbreads,EarnestEspressos,9096300
2026-07-06T04:04:44.057813,2026-07-06T04:04:44.075784+00:00,156.4,8,bid,FlawlessFlatbreads,DiligentDonuts,9096301
2026-07-06T04:04:46.128810,2026-07-06T04:04:46.137910+00:00,156.0,46,bid,CostlyCorianders,DiligentDonuts,9096331
2026-07-06T04:04:46.165474,2026-07-06T04:04:46.177099+00:00,156.0,50,bid,FlawlessFlatbreads,DiligentDonuts,9096332
2026-07-06T04:04:47.683414,2026-07-06T04:04:47.692697+00:00,155.9,11,ask,EarnestEspressos,Xuanyu Liu,9096347
2026-07-06T04:04:48.272193,2026-07-06T04:04:48.279609+00:00,156.0,4,bid,FlawlessFlatbreads,DiligentDonuts,9096355
2026-07-06T04:04:48.272193,2026-07-06T04:04:48.284817+00:00,156.3,8,bid,FlawlessFlatbreads,Zhangyue Shen,9096356
2026-07-06T04:04:48.272193,2026-07-06T04:04:48.284817+00:00,156.4,38,bid,FlawlessFlatbreads,EarnestEspressos,9096357
2026-07-06T04:04:50.437452,2026-07-06T04:04:50.458621+00:00,156.2,50,ask,EarnestEspressos,FlawlessFlatbreads,9096386
2026-07-06T04:04:50.791131,2026-07-06T04:04:50.799741+00:00,156.2,34,ask,EarnestEspressos,Xuanyu Liu,9096392
2026-07-06T04:04:51.223409,2026-07-06T04:04:51.234796+00:00,156.2,41,ask,EarnestEspressos,CostlyCorianders,9096398
2026-07-06T04:04:51.687572,2026-07-06T04:04:51.699124+00:00,156.2,25,ask,EarnestEspressos,DiligentDonuts,9096402
2026-07-06T04:04:51.868677,2026-07-06T04:04:51.876992+00:00,155.8,8,ask,Zhangyue Shen,CostlyCorianders,9096404
2026-07-06T04:04:51.868677,2026-07-06T04:04:51.876992+00:00,155.7,36,ask,DiligentDonuts,CostlyCorianders,9096405
2026-07-06T04:04:52.518405,2026-07-06T04:04:52.526684+00:00,156.2,11,bid,Xuanyu Liu,DiligentDonuts,9096419
2026-07-06T04:04:52.543227,2026-07-06T04:04:52.551398+00:00,155.9,34,bid,Xuanyu Liu,EarnestEspressos,9096421
2026-07-06T04:04:53.636625,2026-07-06T04:04:53.643859+00:00,155.9,8,bid,Zhangyue Shen,EarnestEspressos,9096442
2026-07-06T04:04:54.393498,2026-07-06T04:04:54.405011+00:00,155.9,42,bid,CostlyCorianders,EarnestEspressos,9096449
2026-07-06T04:04:54.606421,2026-07-06T04:04:54.618246+00:00,155.9,50,bid,FlawlessFlatbreads,EarnestEspressos,9096451
2026-07-06T04:04:55.303972,2026-07-06T04:04:55.315155+00:00,155.9,16,bid,CostlyCorianders,EarnestEspressos,9096458
2026-07-06T04:04:55.358521,2026-07-06T04:04:55.365369+00:00,155.8,8,ask,Zhangyue Shen,CostlyCorianders,9096459
2026-07-06T04:04:55.358521,2026-07-06T04:04:55.370860+00:00,155.8,41,ask,DiligentDonuts,CostlyCorianders,9096460
2026-07-06T04:04:55.646069,2026-07-06T04:04:55.653799+00:00,156.0,11,ask,EarnestEspressos,Xuanyu Liu,9096465
2026-07-06T04:04:56.349064,2026-07-06T04:04:56.363634+00:00,156.0,41,ask,EarnestEspressos,CostlyCorianders,9096482
2026-07-06T04:04:56.720691,2026-07-06T04:04:56.732429+00:00,156.3,50,bid,FlawlessFlatbreads,DiligentDonuts,9096486
2026-07-06T04:04:57.372339,2026-07-06T04:04:57.386697+00:00,156.3,43,bid,CostlyCorianders,DiligentDonuts,9096494
2026-07-06T04:04:58.827584,2026-07-06T04:04:58.834551+00:00,156.3,8,bid,FlawlessFlatbreads,Zhangyue Shen,9096519
2026-07-06T04:04:58.827584,2026-07-06T04:04:58.839794+00:00,156.4,42,bid,FlawlessFlatbreads,DiligentDonuts,9096520
2026-07-06T04:05:00.934354,2026-07-06T04:05:00.946075+00:00,156.4,50,bid,FlawlessFlatbreads,DiligentDonuts,9096548
2026-07-06T04:05:01.140568,2026-07-06T04:05:01.152140+00:00,156.2,23,ask,DiligentDonuts,Xuanyu Liu,9096549
2026-07-06T04:05:02.745350,2026-07-06T04:05:02.753474+00:00,156.2,48,ask,DiligentDonuts,CostlyCorianders,9096566
2026-07-06T04:05:03.060934,2026-07-06T04:05:03.072358+00:00,156.3,8,bid,FlawlessFlatbreads,Zhangyue Shen,9096571
2026-07-06T04:05:03.060934,2026-07-06T04:05:03.072358+00:00,156.4,42,bid,FlawlessFlatbreads,EarnestEspressos,9096572
2026-07-06T04:05:05.169208,2026-07-06T04:05:05.180794+00:00,156.4,50,bid,FlawlessFlatbreads,DiligentDonuts,9096597
2026-07-06T04:05:07.275727,2026-07-06T04:05:07.287417+00:00,156.4,50,bid,FlawlessFlatbreads,DiligentDonuts,9096616
2026-07-06T04:05:07.464919,2026-07-06T04:05:07.473627+00:00,156.2,11,ask,DiligentDonuts,Xuanyu Liu,9096620
2026-07-06T04:05:09.433427,2026-07-06T04:05:09.440730+00:00,156.2,50,ask,DiligentDonuts,FlawlessFlatbreads,9096642
2026-07-06T04:05:10.638882,2026-07-06T04:05:10.645480+00:00,156.4,100,bid,DiligentDonuts,EarnestEspressos,9096658
2026-07-06T04:05:11.440365,2026-07-06T04:05:11.463995+00:00,156.6,8,bid,EarnestEspressos,Zhangyue Shen,9096670
2026-07-06T04:05:11.540174,2026-07-06T04:05:11.563678+00:00,156.6,50,ask,EarnestEspressos,FlawlessFlatbreads,9096672
2026-07-06T04:05:13.682318,2026-07-06T04:05:13.694155+00:00,156.6,50,ask,EarnestEspressos,FlawlessFlatbreads,9096713
2026-07-06T04:05:14.461434,2026-07-06T04:05:14.470339+00:00,156.6,12,ask,EarnestEspressos,Xuanyu Liu,9096723
2026-07-06T04:05:14.826985,2026-07-06T04:05:14.842118+00:00,156.5,12,bid,Xuanyu Liu,EarnestEspressos,9096733
2026-07-06T04:05:15.741348,2026-07-06T04:05:15.758551+00:00,156.5,50,bid,FlawlessFlatbreads,EarnestEspressos,9096744
2026-07-06T04:05:16.384677,2026-07-06T04:05:16.396242+00:00,156.5,42,bid,CostlyCorianders,EarnestEspressos,9096749
2026-07-06T04:05:16.639459,2026-07-06T04:05:16.654645+00:00,156.5,11,bid,Xuanyu Liu,EarnestEspressos,9096753
2026-07-06T04:05:16.918079,2026-07-06T04:05:16.929601+00:00,156.5,35,bid,CostlyCorianders,EarnestEspressos,9096760
2026-07-06T04:05:16.918079,2026-07-06T04:05:16.929601+00:00,156.7,6,bid,CostlyCorianders,Zhangyue Shen,9096761
2026-07-06T04:05:16.974869,2026-07-06T04:05:16.986295+00:00,156.3,8,ask,Zhangyue Shen,CostlyCorianders,9096762
2026-07-06T04:05:17.582473,2026-07-06T04:05:17.593822+00:00,156.7,2,bid,CostlyCorianders,Zhangyue Shen,9096769
2026-07-06T04:05:17.582473,2026-07-06T04:05:17.593822+00:00,156.7,45,bid,CostlyCorianders,DiligentDonuts,9096770
2026-07-06T04:05:17.764102,2026-07-06T04:05:17.775644+00:00,156.7,55,bid,EarnestEspressos,DiligentDonuts,9096773
2026-07-06T04:05:17.876261,2026-07-06T04:05:17.884311+00:00,156.9,34,ask,EarnestEspressos,Xuanyu Liu,9096775
2026-07-06T04:05:20.024803,2026-07-06T04:05:20.036173+00:00,156.9,50,ask,EarnestEspressos,FlawlessFlatbreads,9096803
2026-07-06T04:05:20.062348,2026-07-06T04:05:20.074254+00:00,156.9,11,ask,EarnestEspressos,CostlyCorianders,9096807
2026-07-06T04:05:20.062348,2026-07-06T04:05:20.074254+00:00,156.6,8,ask,Zhangyue Shen,CostlyCorianders,9096808
2026-07-06T04:05:20.062348,2026-07-06T04:05:20.074254+00:00,156.2,27,ask,DiligentDonuts,CostlyCorianders,9096809
2026-07-06T04:05:20.880797,2026-07-06T04:05:20.890229+00:00,156.9,8,bid,Xuanyu Liu,Zhangyue Shen,9096829
2026-07-06T04:05:21.110809,2026-07-06T04:05:21.122335+00:00,156.6,45,ask,DiligentDonuts,CostlyCorianders,9096834
2026-07-06T04:05:21.479550,2026-07-06T04:05:21.487499+00:00,156.9,3,bid,Xuanyu Liu,Zhangyue Shen,9096838
2026-07-06T04:05:22.086959,2026-07-06T04:05:22.098475+00:00,157.0,50,bid,FlawlessFlatbreads,EarnestEspressos,9096851
2026-07-06T04:05:24.212214,2026-07-06T04:05:24.224194+00:00,157.1,8,bid,FlawlessFlatbreads,Zhangyue Shen,9096879
2026-07-06T04:05:24.212214,2026-07-06T04:05:24.224194+00:00,157.1,42,bid,FlawlessFlatbreads,DiligentDonuts,9096880
2026-07-06T04:05:25.656130,2026-07-06T04:05:25.667867+00:00,156.8,49,ask,EarnestEspressos,CostlyCorianders,9096898
2026-07-06T04:05:26.336850,2026-07-06T04:05:26.350260+00:00,157.1,50,bid,FlawlessFlatbreads,DiligentDonuts,9096909
2026-07-06T04:05:28.498277,2026-07-06T04:05:28.509706+00:00,156.7,50,ask,DiligentDonuts,FlawlessFlatbreads,9096942
2026-07-06T04:05:30.578175,2026-07-06T04:05:30.585195+00:00,156.9,8,bid,FlawlessFlatbreads,Zhangyue Shen,9096974
2026-07-06T04:05:33.433127,2026-07-06T04:05:33.444677+00:00,157.0,48,bid,CostlyCorianders,EarnestEspressos,9097021
2026-07-06T04:05:34.521618,2026-07-06T04:05:34.533464+00:00,156.7,41,ask,DiligentDonuts,CostlyCorianders,9097032
2026-07-06T04:05:34.800630,2026-07-06T04:05:34.817130+00:00,156.9,50,bid,FlawlessFlatbreads,EarnestEspressos,9097037
2026-07-06T04:05:35.425681,2026-07-06T04:05:35.434059+00:00,156.9,12,bid,Xuanyu Liu,EarnestEspressos,9097050
2026-07-06T04:05:36.958616,2026-07-06T04:05:36.970200+00:00,156.8,50,ask,DiligentDonuts,FlawlessFlatbreads,9097068
2026-07-06T04:05:37.705729,2026-07-06T04:05:37.715109+00:00,157.1,8,bid,CostlyCorianders,Zhangyue Shen,9097078
2026-07-06T04:05:37.705729,2026-07-06T04:05:37.715109+00:00,157.3,37,bid,CostlyCorianders,DiligentDonuts,9097079
2026-07-06T04:05:39.014100,2026-07-06T04:05:39.025573+00:00,157.2,8,bid,FlawlessFlatbreads,Zhangyue Shen,9097098
2026-07-06T04:05:39.014100,2026-07-06T04:05:39.025573+00:00,157.3,42,bid,FlawlessFlatbreads,DiligentDonuts,9097099
2026-07-06T04:05:40.254486,2026-07-06T04:05:40.268705+00:00,157.0,8,bid,CostlyCorianders,Zhangyue Shen,9097115
2026-07-06T04:05:40.254486,2026-07-06T04:05:40.268705+00:00,157.1,40,bid,CostlyCorianders,EarnestEspressos,9097116
2026-07-06T04:05:40.776858,2026-07-06T04:05:40.788483+00:00,156.7,49,ask,DiligentDonuts,CostlyCorianders,9097125
2026-07-06T04:05:41.125273,2026-07-06T04:05:41.131877+00:00,157.1,50,bid,FlawlessFlatbreads,EarnestEspressos,9097129
2026-07-06T04:05:41.733641,2026-07-06T04:05:41.743845+00:00,157.1,43,bid,CostlyCorianders,EarnestEspressos,9097134
2026-07-06T04:05:43.109455,2026-07-06T04:05:43.121172+00:00,156.9,100,bid,EarnestEspressos,DiligentDonuts,9097149
2026-07-06T04:05:43.176866,2026-07-06T04:05:43.187203+00:00,157.1,26,ask,EarnestEspressos,Xuanyu Liu,9097150
2026-07-06T04:05:43.294924,2026-07-06T04:05:43.302377+00:00,157.1,24,ask,EarnestEspressos,FlawlessFlatbreads,9097153
2026-07-06T04:05:43.294924,2026-07-06T04:05:43.307817+00:00,156.6,8,ask,Zhangyue Shen,FlawlessFlatbreads,9097154
2026-07-06T04:05:43.294924,2026-07-06T04:05:43.307817+00:00,156.4,18,ask,DiligentDonuts,FlawlessFlatbreads,9097155
2026-07-06T04:05:44.386431,2026-07-06T04:05:44.398300+00:00,156.4,43,ask,DiligentDonuts,CostlyCorianders,9097172
2026-07-06T04:05:46.721977,2026-07-06T04:05:46.733485+00:00,156.6,41,ask,DiligentDonuts,CostlyCorianders,9097215
2026-07-06T04:05:47.513474,2026-07-06T04:05:47.523056+00:00,156.6,50,ask,DiligentDonuts,FlawlessFlatbreads,9097229
2026-07-06T04:05:48.254190,2026-07-06T04:05:48.265630+00:00,157.0,8,bid,CostlyCorianders,Zhangyue Shen,9097242
2026-07-06T04:05:48.254190,2026-07-06T04:05:48.265630+00:00,157.1,36,bid,CostlyCorianders,DiligentDonuts,9097243
2026-07-06T04:05:48.668704,2026-07-06T04:05:48.680165+00:00,156.6,100,ask,EarnestEspressos,DiligentDonuts,9097249
2026-07-06T04:05:49.489977,2026-07-06T04:05:49.511761+00:00,156.6,8,ask,Zhangyue Shen,CostlyCorianders,9097260
2026-07-06T04:05:49.502909,2026-07-06T04:05:49.511761+00:00,156.7,37,bid,Xuanyu Liu,EarnestEspressos,9097261
2026-07-06T04:05:49.570421,2026-07-06T04:05:49.581951+00:00,156.7,50,bid,FlawlessFlatbreads,EarnestEspressos,9097263
2026-07-06T04:05:51.617018,2026-07-06T04:05:51.628300+00:00,156.7,43,bid,CostlyCorianders,EarnestEspressos,9097285
2026-07-06T04:05:51.730311,2026-07-06T04:05:51.741526+00:00,156.4,8,ask,Zhangyue Shen,FlawlessFlatbreads,9097287
2026-07-06T04:05:51.730311,2026-07-06T04:05:51.741526+00:00,156.2,42,ask,EarnestEspressos,FlawlessFlatbreads,9097288
2026-07-06T04:05:52.504480,2026-07-06T04:05:52.513087+00:00,156.6,11,ask,DiligentDonuts,Xuanyu Liu,9097302
2026-07-06T04:05:53.838108,2026-07-06T04:05:53.849774+00:00,156.6,50,ask,DiligentDonuts,FlawlessFlatbreads,9097314
2026-07-06T04:05:54.865600,2026-07-06T04:05:54.877127+00:00,156.6,39,ask,DiligentDonuts,CostlyCorianders,9097327
2026-07-06T04:05:54.865600,2026-07-06T04:05:54.877127+00:00,156.4,6,ask,Zhangyue Shen,CostlyCorianders,9097328
2026-07-06T04:05:55.893588,2026-07-06T04:05:55.905378+00:00,156.7,50,bid,FlawlessFlatbreads,DiligentDonuts,9097345
2026-07-06T04:05:58.590274,2026-07-06T04:05:58.601655+00:00,156.5,8,ask,Zhangyue Shen,CostlyCorianders,9097365
2026-07-06T04:05:58.590274,2026-07-06T04:05:58.601655+00:00,156.5,37,ask,DiligentDonuts,CostlyCorianders,9097366
2026-07-06T04:06:00.105477,2026-07-06T04:06:00.117095+00:00,156.9,8,bid,FlawlessFlatbreads,Zhangyue Shen,9097386
2026-07-06T04:06:00.105477,2026-07-06T04:06:00.117095+00:00,156.9,42,bid,FlawlessFlatbreads,EarnestEspressos,9097387
2026-07-06T04:06:04.240892,2026-07-06T04:06:04.252828+00:00,156.7,8,bid,CostlyCorianders,Zhangyue Shen,9097460
2026-07-06T04:06:04.240892,2026-07-06T04:06:04.252828+00:00,156.8,40,bid,CostlyCorianders,DiligentDonuts,9097461
2026-07-06T04:06:04.374089,2026-07-06T04:06:04.383877+00:00,156.4,50,ask,EarnestEspressos,FlawlessFlatbreads,9097463
2026-07-06T04:06:08.585721,2026-07-06T04:06:08.597314+00:00,156.1,8,ask,Zhangyue Shen,FlawlessFlatbreads,9097523
2026-07-06T04:06:08.585721,2026-07-06T04:06:08.597314+00:00,156.1,42,ask,DiligentDonuts,FlawlessFlatbreads,9097524
2026-07-06T04:06:09.642174,2026-07-06T04:06:09.658600+00:00,156.1,42,ask,DiligentDonuts,CostlyCorianders,9097546
2026-07-06T04:06:13.436579,2026-07-06T04:06:13.458581+00:00,156.4,49,bid,CostlyCorianders,DiligentDonuts,9097598
2026-07-06T04:06:13.965990,2026-07-06T04:06:13.977602+00:00,156.5,8,bid,CostlyCorianders,Zhangyue Shen,9097605
2026-07-06T04:06:13.965990,2026-07-06T04:06:13.977602+00:00,156.6,40,bid,CostlyCorianders,EarnestEspressos,9097606
2026-07-06T04:06:14.021808,2026-07-06T04:06:14.033394+00:00,156.1,8,ask,Zhangyue Shen,CostlyCorianders,9097607
2026-07-06T04:06:14.021808,2026-07-06T04:06:14.033394+00:00,156.1,36,ask,EarnestEspressos,CostlyCorianders,9097608
2026-07-06T04:06:14.851659,2026-07-06T04:06:14.857925+00:00,156.6,50,bid,FlawlessFlatbreads,DiligentDonuts,9097617
2026-07-06T04:06:16.146819,2026-07-06T04:06:16.153044+00:00,156.1,49,ask,DiligentDonuts,CostlyCorianders,9097638
2026-07-06T04:06:16.788276,2026-07-06T04:06:16.800052+00:00,156.6,43,bid,FlawlessFlatbreads,EarnestEspressos,9097645
2026-07-06T04:06:16.960326,2026-07-06T04:06:16.967810+00:00,156.6,7,bid,FlawlessFlatbreads,DiligentDonuts,9097650
2026-07-06T04:06:16.960326,2026-07-06T04:06:16.973360+00:00,156.6,43,bid,CostlyCorianders,DiligentDonuts,9097651
2026-07-06T04:06:18.344029,2026-07-06T04:06:18.363954+00:00,156.3,46,ask,DiligentDonuts,CostlyCorianders,9097671
2026-07-06T04:06:18.817400,2026-07-06T04:06:18.829077+00:00,156.6,8,bid,CostlyCorianders,Zhangyue Shen,9097678
2026-07-06T04:06:18.817400,2026-07-06T04:06:18.829077+00:00,156.8,36,bid,CostlyCorianders,DiligentDonuts,9097679
2026-07-06T04:06:19.118843,2026-07-06T04:06:19.130625+00:00,156.3,50,ask,DiligentDonuts,FlawlessFlatbreads,9097686
2026-07-06T04:06:19.845534,2026-07-06T04:06:19.857089+00:00,156.8,40,bid,CostlyCorianders,DiligentDonuts,9097695
2026-07-06T04:06:21.175725,2026-07-06T04:06:21.188162+00:00,156.8,50,bid,FlawlessFlatbreads,DiligentDonuts,9097709
2026-07-06T04:06:21.914528,2026-07-06T04:06:21.925913+00:00,156.3,48,ask,DiligentDonuts,CostlyCorianders,9097720
2026-07-06T04:06:22.861116,2026-07-06T04:06:22.868790+00:00,156.7,8,bid,CostlyCorianders,Zhangyue Shen,9097738
2026-07-06T04:06:22.861116,2026-07-06T04:06:22.868790+00:00,156.8,34,bid,CostlyCorianders,DiligentDonuts,9097739
2026-07-06T04:06:23.337703,2026-07-06T04:06:23.349593+00:00,156.3,50,ask,DiligentDonuts,FlawlessFlatbreads,9097745
2026-07-06T04:06:24.605828,2026-07-06T04:06:24.617567+00:00,156.1,49,ask,EarnestEspressos,CostlyCorianders,9097757
2026-07-06T04:06:25.452791,2026-07-06T04:06:25.464577+00:00,156.1,50,ask,EarnestEspressos,FlawlessFlatbreads,9097761
2026-07-06T04:06:26.043241,2026-07-06T04:06:26.054665+00:00,156.5,43,bid,CostlyCorianders,DiligentDonuts,9097771
2026-07-06T04:06:27.427922,2026-07-06T04:06:27.439535+00:00,156.2,100,ask,DiligentDonuts,EarnestEspressos,9097784
2026-07-06T04:06:27.481577,2026-07-06T04:06:27.491869+00:00,156.0,8,ask,Zhangyue Shen,CostlyCorianders,9097786
2026-07-06T04:06:27.481577,2026-07-06T04:06:27.491869+00:00,155.7,37,ask,EarnestEspressos,CostlyCorianders,9097787
2026-07-06T04:06:27.561059,2026-07-06T04:06:27.572669+00:00,155.9,8,ask,Zhangyue Shen,FlawlessFlatbreads,9097789
2026-07-06T04:06:27.561059,2026-07-06T04:06:27.572669+00:00,155.7,42,ask,EarnestEspressos,FlawlessFlatbreads,9097790
2026-07-06T04:06:28.101653,2026-07-06T04:06:28.115509+00:00,156.2,49,bid,CostlyCorianders,EarnestEspressos,9097795
2026-07-06T04:06:29.669826,2026-07-06T04:06:29.681570+00:00,155.8,8,ask,Zhangyue Shen,FlawlessFlatbreads,9097817
2026-07-06T04:06:29.669826,2026-07-06T04:06:29.681570+00:00,155.7,42,ask,EarnestEspressos,FlawlessFlatbreads,9097818
2026-07-06T04:06:31.661865,2026-07-06T04:06:31.673773+00:00,156.1,8,bid,CostlyCorianders,Zhangyue Shen,9097846
2026-07-06T04:06:31.787979,2026-07-06T04:06:31.794415+00:00,156.0,50,ask,EarnestEspressos,FlawlessFlatbreads,9097849
2026-07-06T04:06:32.680440,2026-07-06T04:06:32.687026+00:00,156.0,42,ask,EarnestEspressos,CostlyCorianders,9097864
2026-07-06T04:06:33.785851,2026-07-06T04:06:33.794086+00:00,155.8,11,bid,Xuanyu Liu,EarnestEspressos,9097882
2026-07-06T04:06:33.894121,2026-07-06T04:06:33.905564+00:00,155.6,50,ask,DiligentDonuts,FlawlessFlatbreads,9097885
2026-07-06T04:06:34.559162,2026-07-06T04:06:34.570649+00:00,155.8,40,bid,CostlyCorianders,EarnestEspressos,9097893
2026-07-06T04:06:35.177685,2026-07-06T04:06:35.189276+00:00,155.6,43,ask,DiligentDonuts,CostlyCorianders,9097905
2026-07-06T04:06:35.815813,2026-07-06T04:06:35.824621+00:00,155.8,23,bid,Xuanyu Liu,EarnestEspressos,9097915
2026-07-06T04:06:36.000046,2026-07-06T04:06:36.012111+00:00,155.7,8,ask,Zhangyue Shen,FlawlessFlatbreads,9097922
2026-07-06T04:06:36.000046,2026-07-06T04:06:36.012111+00:00,155.3,42,ask,EarnestEspressos,FlawlessFlatbreads,9097923
2026-07-06T04:06:38.114489,2026-07-06T04:06:38.116899+00:00,155.6,50,ask,DiligentDonuts,FlawlessFlatbreads,9097946
2026-07-06T04:06:39.264997,2026-07-06T04:06:39.276759+00:00,155.6,100,ask,EarnestEspressos,DiligentDonuts,9097964
2026-07-06T04:06:40.097383,2026-07-06T04:06:40.118151+00:00,155.6,8,ask,Zhangyue Shen,EarnestEspressos,9097973
2026-07-06T04:06:40.110173,2026-07-06T04:06:40.118151+00:00,155.5,11,bid,Xuanyu Liu,EarnestEspressos,9097975
2026-07-06T04:06:40.125708,2026-07-06T04:06:40.133412+00:00,155.5,3,bid,Zhangyue Shen,EarnestEspressos,9097977
2026-07-06T04:06:40.249429,2026-07-06T04:06:40.258611+00:00,155.2,8,ask,Zhangyue Shen,FlawlessFlatbreads,9097982
2026-07-06T04:06:40.249429,2026-07-06T04:06:40.258611+00:00,155.1,42,ask,DiligentDonuts,FlawlessFlatbreads,9097983
2026-07-06T04:06:40.393897,2026-07-06T04:06:40.405463+00:00,155.5,3,bid,Zhangyue Shen,EarnestEspressos,9097985
2026-07-06T04:06:40.655246,2026-07-06T04:06:40.666881+00:00,155.5,3,bid,Zhangyue Shen,EarnestEspressos,9097990
2026-07-06T04:06:40.915102,2026-07-06T04:06:40.926779+00:00,155.5,3,bid,Zhangyue Shen,EarnestEspressos,9097995
2026-07-06T04:06:41.175280,2026-07-06T04:06:41.186795+00:00,155.5,3,bid,Zhangyue Shen,EarnestEspressos,9097998
2026-07-06T04:06:42.357580,2026-07-06T04:06:42.364011+00:00,155.2,8,ask,Zhangyue Shen,FlawlessFlatbreads,9098015
2026-07-06T04:06:42.357580,2026-07-06T04:06:42.364011+00:00,155.0,42,ask,EarnestEspressos,FlawlessFlatbreads,9098016
2026-07-06T04:06:43.286294,2026-07-06T04:06:43.307856+00:00,155.3,100,ask,DiligentDonuts,EarnestEspressos,9098029
2026-07-06T04:06:43.286294,2026-07-06T04:06:43.307856+00:00,155.3,8,ask,Zhangyue Shen,EarnestEspressos,9098030
2026-07-06T04:06:43.299210,2026-07-06T04:06:43.307856+00:00,155.3,12,bid,Xuanyu Liu,EarnestEspressos,9098031
2026-07-06T04:06:44.494715,2026-07-06T04:06:44.506267+00:00,155.2,5,ask,Zhangyue Shen,FlawlessFlatbreads,9098048
2026-07-06T04:06:44.494715,2026-07-06T04:06:44.506267+00:00,154.8,45,ask,EarnestEspressos,FlawlessFlatbreads,9098049
2026-07-06T04:06:45.006075,2026-07-06T04:06:45.014465+00:00,155.3,11,bid,Xuanyu Liu,EarnestEspressos,9098056
2026-07-06T04:06:45.106123,2026-07-06T04:06:45.119860+00:00,155.3,6,bid,Xuanyu Liu,EarnestEspressos,9098059
2026-07-06T04:06:45.108933,2026-07-06T04:06:45.119860+00:00,155.3,13,bid,CostlyCorianders,EarnestEspressos,9098060
2026-07-06T04:06:45.108933,2026-07-06T04:06:45.119860+00:00,155.8,35,bid,CostlyCorianders,DiligentDonuts,9098061
2026-07-06T04:06:46.603698,2026-07-06T04:06:46.610590+00:00,155.5,50,ask,EarnestEspressos,FlawlessFlatbreads,9098086
2026-07-06T04:06:47.632794,2026-07-06T04:06:47.642842+00:00,155.5,6,ask,EarnestEspressos,Xuanyu Liu,9098099
2026-07-06T04:06:48.333918,2026-07-06T04:06:48.345432+00:00,155.7,49,bid,CostlyCorianders,DiligentDonuts,9098109
2026-07-06T04:06:49.498445,2026-07-06T04:06:49.509863+00:00,155.5,47,ask,EarnestEspressos,CostlyCorianders,9098119
2026-07-06T04:06:50.070757,2026-07-06T04:06:50.082319+00:00,155.5,43,bid,CostlyCorianders,EarnestEspressos,9098131
2026-07-06T04:06:50.765725,2026-07-06T04:06:50.772488+00:00,155.5,50,bid,FlawlessFlatbreads,EarnestEspressos,9098142
2026-07-06T04:06:51.522765,2026-07-06T04:06:51.534487+00:00,155.5,40,bid,CostlyCorianders,EarnestEspressos,9098152
2026-07-06T04:06:51.874921,2026-07-06T04:06:51.886852+00:00,155.5,17,bid,DiligentDonuts,EarnestEspressos,9098157
2026-07-06T04:06:52.729875,2026-07-06T04:06:52.739095+00:00,155.7,11,ask,EarnestEspressos,Xuanyu Liu,9098172
2026-07-06T04:06:52.872054,2026-07-06T04:06:52.882282+00:00,156.0,50,bid,FlawlessFlatbreads,DiligentDonuts,9098174
2026-07-06T04:06:54.795724,2026-07-06T04:06:54.804490+00:00,155.7,12,ask,EarnestEspressos,Xuanyu Liu,9098200
2026-07-06T04:06:55.029318,2026-07-06T04:06:55.041117+00:00,155.7,50,ask,EarnestEspressos,FlawlessFlatbreads,9098205
2026-07-06T04:06:56.356739,2026-07-06T04:06:56.363596+00:00,155.5,44,ask,DiligentDonuts,CostlyCorianders,9098219
2026-07-06T04:06:57.158102,2026-07-06T04:06:57.169469+00:00,155.5,50,ask,DiligentDonuts,FlawlessFlatbreads,9098227
2026-07-06T04:06:57.830513,2026-07-06T04:06:57.841874+00:00,155.5,6,ask,DiligentDonuts,CostlyCorianders,9098237
2026-07-06T04:06:57.830513,2026-07-06T04:06:57.841874+00:00,155.3,38,ask,EarnestEspressos,CostlyCorianders,9098238
2026-07-06T04:06:59.267937,2026-07-06T04:06:59.275081+00:00,155.4,50,ask,DiligentDonuts,FlawlessFlatbreads,9098260
2026-07-06T04:07:00.753778,2026-07-06T04:07:00.793142+00:00,155.9,23,bid,Xuanyu Liu,DiligentDonuts,9098273
2026-07-06T04:07:03.510981,2026-07-06T04:07:03.519380+00:00,155.7,50,ask,EarnestEspressos,FlawlessFlatbreads,9098310
2026-07-06T04:07:03.585427,2026-07-06T04:07:03.597229+00:00,155.7,45,ask,EarnestEspressos,CostlyCorianders,9098312
2026-07-06T04:07:04.573578,2026-07-06T04:07:04.582891+00:00,155.7,55,ask,EarnestEspressos,DiligentDonuts,9098333
2026-07-06T04:07:04.780500,2026-07-06T04:07:04.790162+00:00,155.7,43,bid,CostlyCorianders,DiligentDonuts,9098338
2026-07-06T04:07:05.443653,2026-07-06T04:07:05.453821+00:00,155.4,6,bid,Xuanyu Liu,EarnestEspressos,9098345
2026-07-06T04:07:05.870839,2026-07-06T04:07:05.882587+00:00,155.4,43,bid,CostlyCorianders,EarnestEspressos,9098351
2026-07-06T04:07:06.368558,2026-07-06T04:07:06.380641+00:00,155.2,40,ask,DiligentDonuts,CostlyCorianders,9098359
2026-07-06T04:07:07.682176,2026-07-06T04:07:07.693593+00:00,155.4,100,bid,DiligentDonuts,EarnestEspressos,9098370
2026-07-06T04:07:07.727085,2026-07-06T04:07:07.738464+00:00,154.9,50,ask,EarnestEspressos,FlawlessFlatbreads,9098371
2026-07-06T04:07:09.833941,2026-07-06T04:07:09.843534+00:00,155.3,50,ask,EarnestEspressos,FlawlessFlatbreads,9098398
2026-07-06T04:07:11.342754,2026-07-06T04:07:11.364243+00:00,155.8,44,bid,CostlyCorianders,EarnestEspressos,9098417
2026-07-06T04:07:11.889714,2026-07-06T04:07:11.901444+00:00,155.9,50,bid,FlawlessFlatbreads,DiligentDonuts,9098424
2026-07-06T04:07:13.483012,2026-07-06T04:07:13.491601+00:00,155.9,42,bid,CostlyCorianders,DiligentDonuts,9098450
2026-07-06T04:07:14.047359,2026-07-06T04:07:14.058785+00:00,155.6,50,ask,DiligentDonuts,FlawlessFlatbreads,9098458
2026-07-06T04:07:16.155456,2026-07-06T04:07:16.166793+00:00,155.6,50,ask,DiligentDonuts,FlawlessFlatbreads,9098488
2026-07-06T04:07:18.210171,2026-07-06T04:07:18.221675+00:00,155.7,50,bid,FlawlessFlatbreads,EarnestEspressos,9098521
2026-07-06T04:07:20.317139,2026-07-06T04:07:20.328865+00:00,155.7,50,bid,FlawlessFlatbreads,EarnestEspressos,9098541
2026-07-06T04:07:21.021006,2026-07-06T04:07:21.032668+00:00,155.3,43,ask,DiligentDonuts,CostlyCorianders,9098547
2026-07-06T04:07:22.424521,2026-07-06T04:07:22.432343+00:00,155.8,50,bid,FlawlessFlatbreads,DiligentDonuts,9098571
2026-07-06T04:07:23.146332,2026-07-06T04:07:23.158582+00:00,155.8,46,bid,CostlyCorianders,DiligentDonuts,9098582
2026-07-06T04:07:24.531749,2026-07-06T04:07:24.538875+00:00,155.7,50,bid,FlawlessFlatbreads,EarnestEspressos,9098608
2026-07-06T04:07:26.689177,2026-07-06T04:07:26.700942+00:00,155.2,50,ask,EarnestEspressos,FlawlessFlatbreads,9098629
2026-07-06T04:07:27.533296,2026-07-06T04:07:27.545606+00:00,155.2,42,ask,DiligentDonuts,CostlyCorianders,9098646
2026-07-06T04:07:28.353884,2026-07-06T04:07:28.365855+00:00,155.6,17,ask,EarnestEspressos,Xuanyu Liu,9098656
2026-07-06T04:07:28.797113,2026-07-06T04:07:28.808589+00:00,155.6,50,ask,EarnestEspressos,FlawlessFlatbreads,9098661
2026-07-06T04:07:30.853337,2026-07-06T04:07:30.858577+00:00,155.7,50,bid,FlawlessFlatbreads,DiligentDonuts,9098685
2026-07-06T04:07:31.108643,2026-07-06T04:07:31.120500+00:00,155.2,46,ask,DiligentDonuts,CostlyCorianders,9098691
2026-07-06T04:07:32.594156,2026-07-06T04:07:32.606081+00:00,155.7,47,bid,CostlyCorianders,DiligentDonuts,9098715
2026-07-06T04:07:35.115595,2026-07-06T04:07:35.127520+00:00,155.0,50,ask,DiligentDonuts,FlawlessFlatbreads,9098746
2026-07-06T04:07:36.218448,2026-07-06T04:07:36.228421+00:00,155.2,11,bid,Xuanyu Liu,DiligentDonuts,9098755
2026-07-06T04:07:36.617004,2026-07-06T04:07:36.628449+00:00,154.8,49,ask,EarnestEspressos,CostlyCorianders,9098769
2026-07-06T04:07:39.223953,2026-07-06T04:07:39.235522+00:00,155.2,44,bid,CostlyCorianders,DiligentDonuts,9098797
2026-07-06T04:07:39.327195,2026-07-06T04:07:39.336693+00:00,154.7,50,ask,EarnestEspressos,FlawlessFlatbreads,9098802
2026-07-06T04:07:39.794277,2026-07-06T04:07:39.805069+00:00,155.1,44,bid,CostlyCorianders,DiligentDonuts,9098808
2026-07-06T04:07:39.847749,2026-07-06T04:07:39.857786+00:00,154.7,41,ask,EarnestEspressos,CostlyCorianders,9098809
2026-07-06T04:07:40.260053,2026-07-06T04:07:40.271496+00:00,154.6,100,ask,DiligentDonuts,EarnestEspressos,9098812
2026-07-06T04:07:40.272737,2026-07-06T04:07:40.283286+00:00,154.5,6,bid,Xuanyu Liu,EarnestEspressos,9098813
2026-07-06T04:07:40.435781,2026-07-06T04:07:40.447404+00:00,154.5,44,bid,CostlyCorianders,EarnestEspressos,9098815
2026-07-06T04:07:40.435781,2026-07-06T04:07:40.447404+00:00,155.1,3,bid,CostlyCorianders,DiligentDonuts,9098816
2026-07-06T04:07:41.381719,2026-07-06T04:07:41.393458+00:00,155.1,50,bid,FlawlessFlatbreads,DiligentDonuts,9098825
2026-07-06T04:07:43.488288,2026-07-06T04:07:43.499846+00:00,155.2,50,bid,FlawlessFlatbreads,DiligentDonuts,9098854
2026-07-06T04:07:45.382946,2026-07-06T04:07:45.389567+00:00,154.8,46,ask,EarnestEspressos,CostlyCorianders,9098874
2026-07-06T04:07:46.786853,2026-07-06T04:07:46.794722+00:00,154.6,48,ask,EarnestEspressos,CostlyCorianders,9098896
2026-07-06T04:07:47.417829,2026-07-06T04:07:47.429554+00:00,155.0,42,bid,CostlyCorianders,DiligentDonuts,9098902
2026-07-06T04:07:47.756083,2026-07-06T04:07:47.768090+00:00,154.6,50,ask,EarnestEspressos,FlawlessFlatbreads,9098905
2026-07-06T04:07:49.739992,2026-07-06T04:07:49.751593+00:00,155.0,100,ask,DiligentDonuts,EarnestEspressos,9098932
2026-07-06T04:07:49.824434,2026-07-06T04:07:49.836059+00:00,154.6,50,bid,FlawlessFlatbreads,EarnestEspressos,9098934
2026-07-06T04:07:53.225336,2026-07-06T04:07:53.236592+00:00,154.7,40,ask,DiligentDonuts,CostlyCorianders,9098964
2026-07-06T04:07:54.041424,2026-07-06T04:07:54.051041+00:00,155.2,50,bid,FlawlessFlatbreads,DiligentDonuts,9098974
2026-07-06T04:07:56.148738,2026-07-06T04:07:56.155253+00:00,155.2,50,bid,FlawlessFlatbreads,DiligentDonuts,9099005
2026-07-06T04:07:58.821032,2026-07-06T04:07:58.832907+00:00,155.3,43,ask,DiligentDonuts,CostlyCorianders,9099045
2026-07-06T04:07:59.307274,2026-07-06T04:07:59.318895+00:00,155.7,8,bid,CostlyCorianders,Zhangyue Shen,9099057
2026-07-06T04:07:59.307274,2026-07-06T04:07:59.318895+00:00,155.7,37,bid,CostlyCorianders,EarnestEspressos,9099058
2026-07-06T04:08:00.402201,2026-07-06T04:08:00.414068+00:00,155.7,50,bid,FlawlessFlatbreads,EarnestEspressos,9099076
2026-07-06T04:08:00.820140,2026-07-06T04:08:00.831804+00:00,155.7,3,bid,Zhangyue Shen,EarnestEspressos,9099086
2026-07-06T04:08:02.345567,2026-07-06T04:08:02.355267+00:00,155.7,6,ask,EarnestEspressos,Xuanyu Liu,9099104
2026-07-06T04:08:02.441931,2026-07-06T04:08:02.451467+00:00,155.7,11,ask,EarnestEspressos,Xuanyu Liu,9099106
2026-07-06T04:08:02.532451,2026-07-06T04:08:02.543053+00:00,155.8,50,bid,FlawlessFlatbreads,DiligentDonuts,9099108
2026-07-06T04:08:02.897572,2026-07-06T04:08:02.909053+00:00,155.8,42,bid,CostlyCorianders,DiligentDonuts,9099112
2026-07-06T04:08:03.765600,2026-07-06T04:08:03.773779+00:00,155.7,12,ask,EarnestEspressos,Xuanyu Liu,9099117
2026-07-06T04:08:03.837527,2026-07-06T04:08:03.849237+00:00,155.7,45,ask,EarnestEspressos,CostlyCorianders,9099119
2026-07-06T04:08:04.638071,2026-07-06T04:08:04.649794+00:00,155.9,8,bid,FlawlessFlatbreads,Zhangyue Shen,9099139
2026-07-06T04:08:04.638071,2026-07-06T04:08:04.649794+00:00,156.2,42,bid,FlawlessFlatbreads,EarnestEspressos,9099140
2026-07-06T04:08:05.223695,2026-07-06T04:08:05.230697+00:00,155.7,43,ask,EarnestEspressos,CostlyCorianders,9099152
2026-07-06T04:08:06.756348,2026-07-06T04:08:06.767674+00:00,155.8,8,bid,FlawlessFlatbreads,Zhangyue Shen,9099175
2026-07-06T04:08:06.756348,2026-07-06T04:08:06.767674+00:00,155.8,42,bid,FlawlessFlatbreads,EarnestEspressos,9099176
2026-07-06T04:08:08.378560,2026-07-06T04:08:08.390003+00:00,155.8,41,bid,CostlyCorianders,EarnestEspressos,9099200
2026-07-06T04:08:08.863985,2026-07-06T04:08:08.875169+00:00,155.8,8,bid,FlawlessFlatbreads,Zhangyue Shen,9099208
2026-07-06T04:08:08.863985,2026-07-06T04:08:08.875169+00:00,155.9,42,bid,FlawlessFlatbreads,DiligentDonuts,9099209
2026-07-06T04:08:09.358056,2026-07-06T04:08:09.369857+00:00,155.9,49,bid,CostlyCorianders,DiligentDonuts,9099216
2026-07-06T04:08:09.918535,2026-07-06T04:08:09.929936+00:00,155.5,40,ask,EarnestEspressos,CostlyCorianders,9099228
2026-07-06T04:08:10.514504,2026-07-06T04:08:10.525862+00:00,155.5,48,ask,EarnestEspressos,CostlyCorianders,9099230
2026-07-06T04:08:11.046645,2026-07-06T04:08:11.064175+00:00,155.8,50,ask,DiligentDonuts,FlawlessFlatbreads,9099236
2026-07-06T04:08:11.879971,2026-07-06T04:08:11.891755+00:00,155.8,50,ask,DiligentDonuts,EarnestEspressos,9099251
2026-07-06T04:08:13.152611,2026-07-06T04:08:13.164242+00:00,155.5,8,ask,Zhangyue Shen,FlawlessFlatbreads,9099274
2026-07-06T04:08:13.152611,2026-07-06T04:08:13.164242+00:00,155.3,42,ask,EarnestEspressos,FlawlessFlatbreads,9099275
2026-07-06T04:08:15.261811,2026-07-06T04:08:15.273242+00:00,155.7,8,ask,Zhangyue Shen,FlawlessFlatbreads,9099303
2026-07-06T04:08:15.261811,2026-07-06T04:08:15.273242+00:00,155.5,42,ask,DiligentDonuts,FlawlessFlatbreads,9099304
2026-07-06T04:08:15.447532,2026-07-06T04:08:15.454025+00:00,156.0,48,bid,CostlyCorianders,DiligentDonuts,9099308
2026-07-06T04:08:17.792636,2026-07-06T04:08:17.804410+00:00,156.0,43,bid,CostlyCorianders,EarnestEspressos,9099347
2026-07-06T04:08:18.893328,2026-07-06T04:08:18.900466+00:00,155.6,8,ask,Zhangyue Shen,CostlyCorianders,9099368
2026-07-06T04:08:18.893328,2026-07-06T04:08:18.905465+00:00,155.6,36,ask,DiligentDonuts,CostlyCorianders,9099369
2026-07-06T04:08:19.420055,2026-07-06T04:08:19.432269+00:00,156.0,8,bid,FlawlessFlatbreads,Zhangyue Shen,9099380
2026-07-06T04:08:19.420055,2026-07-06T04:08:19.432269+00:00,156.1,42,bid,FlawlessFlatbreads,DiligentDonuts,9099381
2026-07-06T04:08:21.062908,2026-07-06T04:08:21.074621+00:00,156.0,40,bid,CostlyCorianders,DiligentDonuts,9099398
2026-07-06T04:08:21.532455,2026-07-06T04:08:21.543329+00:00,156.0,50,bid,FlawlessFlatbreads,DiligentDonuts,9099404
2026-07-06T04:08:22.080835,2026-07-06T04:08:22.094334+00:00,155.5,43,ask,DiligentDonuts,CostlyCorianders,9099409
2026-07-06T04:08:23.631014,2026-07-06T04:08:23.642644+00:00,156.0,46,bid,CostlyCorianders,EarnestEspressos,9099427
2026-07-06T04:08:23.637858,2026-07-06T04:08:23.647892+00:00,156.0,50,bid,FlawlessFlatbreads,EarnestEspressos,9099428
2026-07-06T04:08:24.786569,2026-07-06T04:08:24.794290+00:00,155.8,22,ask,EarnestEspressos,Xuanyu Liu,9099441
2026-07-06T04:08:25.759169,2026-07-06T04:08:25.771164+00:00,155.9,8,bid,FlawlessFlatbreads,Zhangyue Shen,9099461
2026-07-06T04:08:25.759169,2026-07-06T04:08:25.771164+00:00,156.1,42,bid,FlawlessFlatbreads,DiligentDonuts,9099462
2026-07-06T04:08:25.793245,2026-07-06T04:08:25.803408+00:00,155.8,45,ask,EarnestEspressos,CostlyCorianders,9099463
2026-07-06T04:08:26.091572,2026-07-06T04:08:26.101136+00:00,155.8,12,ask,EarnestEspressos,Xuanyu Liu,9099466
2026-07-06T04:08:27.868330,2026-07-06T04:08:27.879768+00:00,155.9,8,bid,FlawlessFlatbreads,Zhangyue Shen,9099486
2026-07-06T04:08:27.868330,2026-07-06T04:08:27.879768+00:00,155.9,42,bid,FlawlessFlatbreads,EarnestEspressos,9099487
2026-07-06T04:08:28.124649,2026-07-06T04:08:28.131897+00:00,155.5,44,ask,DiligentDonuts,CostlyCorianders,9099492
2026-07-06T04:08:29.997285,2026-07-06T04:08:30.009166+00:00,155.7,8,bid,FlawlessFlatbreads,Zhangyue Shen,9099514
2026-07-06T04:08:29.997285,2026-07-06T04:08:30.009166+00:00,155.9,42,bid,FlawlessFlatbreads,EarnestEspressos,9099515
2026-07-06T04:08:31.623496,2026-07-06T04:08:31.632137+00:00,155.8,8,bid,Xuanyu Liu,Zhangyue Shen,9099534
2026-07-06T04:08:32.109423,2026-07-06T04:08:32.121048+00:00,155.9,50,bid,FlawlessFlatbreads,DiligentDonuts,9099543
2026-07-06T04:08:34.217857,2026-07-06T04:08:34.229747+00:00,155.9,8,bid,FlawlessFlatbreads,Zhangyue Shen,9099568
2026-07-06T04:08:34.217857,2026-07-06T04:08:34.229747+00:00,156.2,42,bid,FlawlessFlatbreads,DiligentDonuts,9099569
2026-07-06T04:08:36.331663,2026-07-06T04:08:36.339032+00:00,156.0,8,bid,FlawlessFlatbreads,Zhangyue Shen,9099606
2026-07-06T04:08:36.331663,2026-07-06T04:08:36.343952+00:00,156.3,42,bid,FlawlessFlatbreads,EarnestEspressos,9099607
2026-07-06T04:08:36.877049,2026-07-06T04:08:36.888867+00:00,156.2,8,bid,CostlyCorianders,Zhangyue Shen,9099620
2026-07-06T04:08:36.877049,2026-07-06T04:08:36.888867+00:00,156.3,36,bid,CostlyCorianders,EarnestEspressos,9099621
2026-07-06T04:08:37.134475,2026-07-06T04:08:37.144992+00:00,156.2,19,ask,EarnestEspressos,Xuanyu Liu,9099627
2026-07-06T04:08:38.439696,2026-07-06T04:08:38.458836+00:00,156.3,8,bid,FlawlessFlatbreads,Zhangyue Shen,9099639
2026-07-06T04:08:38.439696,2026-07-06T04:08:38.458836+00:00,156.4,42,bid,FlawlessFlatbreads,DiligentDonuts,9099640
2026-07-06T04:08:40.285215,2026-07-06T04:08:40.292667+00:00,156.3,8,bid,EarnestEspressos,Zhangyue Shen,9099669
2026-07-06T04:08:40.318032,2026-07-06T04:08:40.329830+00:00,156.3,47,ask,EarnestEspressos,CostlyCorianders,9099670
2026-07-06T04:08:40.551913,2026-07-06T04:08:40.564855+00:00,156.6,50,bid,FlawlessFlatbreads,DiligentDonuts,9099674
2026-07-06T04:08:42.576246,2026-07-06T04:08:42.585479+00:00,156.4,8,bid,DiligentDonuts,Zhangyue Shen,9099700
2026-07-06T04:08:42.709255,2026-07-06T04:08:42.720920+00:00,156.4,50,ask,DiligentDonuts,FlawlessFlatbreads,9099703
2026-07-06T04:08:43.144311,2026-07-06T04:08:43.152685+00:00,156.4,23,ask,DiligentDonuts,Xuanyu Liu,9099709
2026-07-06T04:08:43.271788,2026-07-06T04:08:43.283587+00:00,156.4,3,ask,DiligentDonuts,Zhangyue Shen,9099714
2026-07-06T04:08:43.503922,2026-07-06T04:08:43.515768+00:00,156.4,16,ask,DiligentDonuts,EarnestEspressos,9099718
2026-07-06T04:08:44.454597,2026-07-06T04:08:44.465837+00:00,156.2,8,bid,Xuanyu Liu,Zhangyue Shen,9099734
2026-07-06T04:08:44.466924,2026-07-06T04:08:44.474730+00:00,156.3,3,bid,Xuanyu Liu,EarnestEspressos,9099736
2026-07-06T04:08:44.815696,2026-07-06T04:08:44.825196+00:00,155.9,8,ask,Zhangyue Shen,FlawlessFlatbreads,9099743
2026-07-06T04:08:44.815696,2026-07-06T04:08:44.825196+00:00,155.8,42,ask,EarnestEspressos,FlawlessFlatbreads,9099744
2026-07-06T04:08:46.668682,2026-07-06T04:08:46.679989+00:00,156.0,48,ask,DiligentDonuts,CostlyCorianders,9099774
2026-07-06T04:08:48.202778,2026-07-06T04:08:48.209863+00:00,156.2,8,bid,CostlyCorianders,Zhangyue Shen,9099787
2026-07-06T04:08:48.202778,2026-07-06T04:08:48.209863+00:00,156.4,36,bid,CostlyCorianders,EarnestEspressos,9099788
2026-07-06T04:08:49.025096,2026-07-06T04:08:49.037074+00:00,155.9,50,ask,EarnestEspressos,FlawlessFlatbreads,9099801
2026-07-06T04:08:49.439263,2026-07-06T04:08:49.450980+00:00,156.3,48,bid,CostlyCorianders,DiligentDonuts,9099810
2026-07-06T04:08:51.014922,2026-07-06T04:08:51.040917+00:00,155.9,12,bid,Xuanyu Liu,EarnestEspressos,9099838
2026-07-06T04:08:51.079941,2026-07-06T04:08:51.091295+00:00,155.9,50,bid,FlawlessFlatbreads,EarnestEspressos,9099843
2026-07-06T04:08:52.252718,2026-07-06T04:08:52.265045+00:00,155.9,11,bid,Xuanyu Liu,EarnestEspressos,9099859
2026-07-06T04:08:52.542831,2026-07-06T04:08:52.554497+00:00,155.9,46,bid,CostlyCorianders,EarnestEspressos,9099866
2026-07-06T04:08:52.971864,2026-07-06T04:08:52.983262+00:00,155.9,8,bid,EarnestEspressos,Zhangyue Shen,9099873
2026-07-06T04:08:52.984713,2026-07-06T04:08:52.993360+00:00,156.2,23,ask,EarnestEspressos,Xuanyu Liu,9099874
2026-07-06T04:08:53.016961,2026-07-06T04:08:53.028443+00:00,156.2,48,ask,EarnestEspressos,CostlyCorianders,9099876
2026-07-06T04:08:53.155429,2026-07-06T04:08:53.169006+00:00,156.2,8,ask,EarnestEspressos,Zhangyue Shen,9099877
2026-07-06T04:08:53.255569,2026-07-06T04:08:53.267186+00:00,156.2,50,ask,EarnestEspressos,FlawlessFlatbreads,9099879
2026-07-06T04:08:53.584397,2026-07-06T04:08:53.595552+00:00,156.2,13,ask,EarnestEspressos,CostlyCorianders,9099889
2026-07-06T04:08:53.584397,2026-07-06T04:08:53.595552+00:00,155.8,36,ask,DiligentDonuts,CostlyCorianders,9099890
2026-07-06T04:08:55.164819,2026-07-06T04:08:55.176373+00:00,156.3,49,bid,CostlyCorianders,DiligentDonuts,9099914
2026-07-06T04:08:55.362131,2026-07-06T04:08:55.373645+00:00,155.9,50,ask,DiligentDonuts,FlawlessFlatbreads,9099917
2026-07-06T04:08:57.418267,2026-07-06T04:08:57.430151+00:00,156.3,50,bid,FlawlessFlatbreads,EarnestEspressos,9099946
2026-07-06T04:08:58.425144,2026-07-06T04:08:58.437054+00:00,155.9,8,ask,Zhangyue Shen,CostlyCorianders,9099964
2026-07-06T04:08:58.425144,2026-07-06T04:08:58.437054+00:00,155.9,35,ask,DiligentDonuts,CostlyCorianders,9099965
2026-07-06T04:08:59.465737,2026-07-06T04:08:59.477386+00:00,156.4,43,bid,CostlyCorianders,DiligentDonuts,9099977
2026-07-06T04:08:59.576314,2026-07-06T04:08:59.588058+00:00,155.9,50,ask,DiligentDonuts,FlawlessFlatbreads,9099979
2026-07-06T04:09:00.621412,2026-07-06T04:09:00.628375+00:00,155.9,15,ask,DiligentDonuts,CostlyCorianders,9099991
2026-07-06T04:09:00.621412,2026-07-06T04:09:00.634074+00:00,155.9,27,ask,EarnestEspressos,CostlyCorianders,9099992
2026-07-06T04:09:01.683818,2026-07-06T04:09:01.695691+00:00,155.9,50,ask,EarnestEspressos,FlawlessFlatbreads,9100000
2026-07-06T04:09:02.548815,2026-07-06T04:09:02.563078+00:00,155.8,23,bid,Xuanyu Liu,EarnestEspressos,9100013
2026-07-06T04:09:02.809093,2026-07-06T04:09:02.819116+00:00,155.8,8,bid,Zhangyue Shen,EarnestEspressos,9100018
2026-07-06T04:09:03.368584,2026-07-06T04:09:03.380148+00:00,155.8,47,bid,CostlyCorianders,EarnestEspressos,9100022
2026-07-06T04:09:03.792169,2026-07-06T04:09:03.803955+00:00,155.6,8,ask,Zhangyue Shen,FlawlessFlatbreads,9100030
2026-07-06T04:09:03.792169,2026-07-06T04:09:03.803955+00:00,155.5,42,ask,DiligentDonuts,FlawlessFlatbreads,9100031
2026-07-06T04:09:07.440019,2026-07-06T04:09:07.458789+00:00,155.9,41,bid,CostlyCorianders,DiligentDonuts,9100074
2026-07-06T04:09:08.008977,2026-07-06T04:09:08.016953+00:00,155.5,8,ask,Zhangyue Shen,FlawlessFlatbreads,9100082
2026-07-06T04:09:08.008977,2026-07-06T04:09:08.016953+00:00,155.4,42,ask,DiligentDonuts,FlawlessFlatbreads,9100083
2026-07-06T04:09:08.647529,2026-07-06T04:09:08.653912+00:00,155.9,48,bid,CostlyCorianders,EarnestEspressos,9100091
2026-07-06T04:09:10.118724,2026-07-06T04:09:10.130391+00:00,155.5,50,ask,EarnestEspressos,FlawlessFlatbreads,9100106
2026-07-06T04:09:12.174133,2026-07-06T04:09:12.184844+00:00,155.8,50,bid,FlawlessFlatbreads,DiligentDonuts,9100132
2026-07-06T04:09:12.760796,2026-07-06T04:09:12.769639+00:00,155.4,8,ask,Zhangyue Shen,CostlyCorianders,9100138
2026-07-06T04:09:12.760796,2026-07-06T04:09:12.769639+00:00,155.3,33,ask,DiligentDonuts,CostlyCorianders,9100139
2026-07-06T04:09:13.277195,2026-07-06T04:09:13.284914+00:00,155.7,8,bid,Xuanyu Liu,Zhangyue Shen,9100143
2026-07-06T04:09:14.279910,2026-07-06T04:09:14.286255+00:00,155.8,50,bid,FlawlessFlatbreads,EarnestEspressos,9100160
2026-07-06T04:09:14.880352,2026-07-06T04:09:14.892127+00:00,155.4,8,ask,Zhangyue Shen,CostlyCorianders,9100166
2026-07-06T04:09:14.880352,2026-07-06T04:09:14.892127+00:00,155.4,33,ask,DiligentDonuts,CostlyCorianders,9100167
2026-07-06T04:09:16.402185,2026-07-06T04:09:16.410877+00:00,155.7,8,bid,FlawlessFlatbreads,Zhangyue Shen,9100190
2026-07-06T04:09:17.474696,2026-07-06T04:09:17.486304+00:00,155.8,46,bid,CostlyCorianders,EarnestEspressos,9100202
2026-07-06T04:09:17.681219,2026-07-06T04:09:17.692215+00:00,155.8,4,bid,Xuanyu Liu,EarnestEspressos,9100208
2026-07-06T04:09:18.309507,2026-07-06T04:09:18.321163+00:00,155.8,100,bid,EarnestEspressos,DiligentDonuts,9100217
2026-07-06T04:09:18.511089,2026-07-06T04:09:18.522932+00:00,155.9,8,bid,FlawlessFlatbreads,Zhangyue Shen,9100220
2026-07-06T04:09:18.511089,2026-07-06T04:09:18.522932+00:00,156.3,42,bid,FlawlessFlatbreads,EarnestEspressos,9100221
2026-07-06T04:09:20.650665,2026-07-06T04:09:20.653399+00:00,156.2,8,bid,FlawlessFlatbreads,Zhangyue Shen,9100243
2026-07-06T04:09:20.650665,2026-07-06T04:09:20.653399+00:00,156.3,42,bid,FlawlessFlatbreads,EarnestEspressos,9100244
2026-07-06T04:09:22.756687,2026-07-06T04:09:22.768690+00:00,156.1,8,bid,FlawlessFlatbreads,Zhangyue Shen,9100269
2026-07-06T04:09:22.756687,2026-07-06T04:09:22.768690+00:00,156.2,42,bid,FlawlessFlatbreads,EarnestEspressos,9100270
2026-07-06T04:09:24.885359,2026-07-06T04:09:24.895217+00:00,156.0,8,bid,FlawlessFlatbreads,Zhangyue Shen,9100301
2026-07-06T04:09:24.885359,2026-07-06T04:09:24.900483+00:00,156.1,42,bid,FlawlessFlatbreads,DiligentDonuts,9100302
2026-07-06T04:09:26.556613,2026-07-06T04:09:26.567980+00:00,155.8,49,ask,EarnestEspressos,CostlyCorianders,9100327
2026-07-06T04:09:26.994451,2026-07-06T04:09:27.006466+00:00,156.2,8,bid,FlawlessFlatbreads,Zhangyue Shen,9100334
2026-07-06T04:09:26.994451,2026-07-06T04:09:27.006466+00:00,156.3,42,bid,FlawlessFlatbreads,EarnestEspressos,9100335
2026-07-06T04:09:27.626573,2026-07-06T04:09:27.637990+00:00,155.9,49,ask,DiligentDonuts,CostlyCorianders,9100342
2026-07-06T04:09:29.179847,2026-07-06T04:09:29.191262+00:00,155.9,50,ask,DiligentDonuts,FlawlessFlatbreads,9100362
2026-07-06T04:09:31.287199,2026-07-06T04:09:31.298647+00:00,156.0,50,ask,EarnestEspressos,FlawlessFlatbreads,9100390
2026-07-06T04:09:31.465211,2026-07-06T04:09:31.473294+00:00,156.1,42,bid,CostlyCorianders,DiligentDonuts,9100397
2026-07-06T04:09:31.660512,2026-07-06T04:09:31.669019+00:00,156.1,11,bid,Xuanyu Liu,DiligentDonuts,9100401
2026-07-06T04:09:31.693335,2026-07-06T04:09:31.700130+00:00,156.1,8,bid,Zhangyue Shen,DiligentDonuts,9100404
2026-07-06T04:09:32.453345,2026-07-06T04:09:32.465186+00:00,156.1,8,bid,Zhangyue Shen,DiligentDonuts,9100410
2026-07-06T04:09:32.971004,2026-07-06T04:09:32.981401+00:00,156.1,8,bid,Zhangyue Shen,DiligentDonuts,9100417
2026-07-06T04:09:33.424342,2026-07-06T04:09:33.435628+00:00,156.1,50,ask,DiligentDonuts,FlawlessFlatbreads,9100424
2026-07-06T04:09:35.529700,2026-07-06T04:09:35.541420+00:00,156.1,50,ask,DiligentDonuts,FlawlessFlatbreads,9100446
2026-07-06T04:09:37.590200,2026-07-06T04:09:37.599363+00:00,156.4,50,bid,FlawlessFlatbreads,DiligentDonuts,9100475
2026-07-06T04:09:39.699256,2026-07-06T04:09:39.709931+00:00,156.5,8,bid,FlawlessFlatbreads,Zhangyue Shen,9100509
2026-07-06T04:09:39.699256,2026-07-06T04:09:39.709931+00:00,156.5,42,bid,FlawlessFlatbreads,DiligentDonuts,9100510
2026-07-06T04:09:41.858476,2026-07-06T04:09:41.870096+00:00,156.0,50,ask,DiligentDonuts,FlawlessFlatbreads,9100535
2026-07-06T04:09:43.965393,2026-07-06T04:09:43.975279+00:00,156.0,8,ask,Zhangyue Shen,FlawlessFlatbreads,9100553
2026-07-06T04:09:43.965393,2026-07-06T04:09:43.975279+00:00,156.0,42,ask,DiligentDonuts,FlawlessFlatbreads,9100554
2026-07-06T04:09:45.388267,2026-07-06T04:09:45.399497+00:00,156.4,8,bid,CostlyCorianders,Zhangyue Shen,9100573
2026-07-06T04:09:45.388267,2026-07-06T04:09:45.399497+00:00,156.5,35,bid,CostlyCorianders,DiligentDonuts,9100574
2026-07-06T04:09:46.084038,2026-07-06T04:09:46.094490+00:00,156.0,50,ask,EarnestEspressos,FlawlessFlatbreads,9100581
2026-07-06T04:09:46.388241,2026-07-06T04:09:46.399763+00:00,156.0,47,ask,EarnestEspressos,CostlyCorianders,9100587
2026-07-06T04:09:47.908645,2026-07-06T04:09:47.916918+00:00,156.1,49,bid,CostlyCorianders,EarnestEspressos,9100601
2026-07-06T04:09:48.139192,2026-07-06T04:09:48.147253+00:00,156.1,50,bid,FlawlessFlatbreads,EarnestEspressos,9100603
2026-07-06T04:09:49.375827,2026-07-06T04:09:49.385325+00:00,155.6,41,ask,EarnestEspressos,CostlyCorianders,9100624
2026-07-06T04:09:50.012287,2026-07-06T04:09:50.019502+00:00,156.0,41,bid,CostlyCorianders,DiligentDonuts,9100630
2026-07-06T04:09:50.558054,2026-07-06T04:09:50.569623+00:00,156.0,48,bid,CostlyCorianders,DiligentDonuts,9100639
2026-07-06T04:09:52.356651,2026-07-06T04:09:52.365915+00:00,156.1,50,bid,FlawlessFlatbreads,EarnestEspressos,9100664
2026-07-06T04:09:52.602648,2026-07-06T04:09:52.613822+00:00,156.0,42,ask,DiligentDonuts,CostlyCorianders,9100668
2026-07-06T04:09:52.605238,2026-07-06T04:09:52.613822+00:00,156.0,23,ask,DiligentDonuts,Xuanyu Liu,9100669
2026-07-06T04:09:54.513525,2026-07-06T04:09:54.525093+00:00,156.0,35,ask,DiligentDonuts,FlawlessFlatbreads,9100696
2026-07-06T04:09:54.513525,2026-07-06T04:09:54.525093+00:00,155.8,8,ask,Zhangyue Shen,FlawlessFlatbreads,9100697
2026-07-06T04:09:54.513525,2026-07-06T04:09:54.525093+00:00,155.7,7,ask,EarnestEspressos,FlawlessFlatbreads,9100698
2026-07-06T04:09:56.259195,2026-07-06T04:09:56.270508+00:00,156.1,46,bid,CostlyCorianders,DiligentDonuts,9100727
2026-07-06T04:09:56.573956,2026-07-06T04:09:56.581129+00:00,156.1,50,bid,FlawlessFlatbreads,DiligentDonuts,9100737
2026-07-06T04:09:57.593531,2026-07-06T04:09:57.629568+00:00,156.1,4,bid,Xuanyu Liu,DiligentDonuts,9100749
2026-07-06T04:09:57.787426,2026-07-06T04:09:57.799603+00:00,155.9,8,ask,Zhangyue Shen,CostlyCorianders,9100754
2026-07-06T04:09:57.787426,2026-07-06T04:09:57.799603+00:00,155.8,33,ask,EarnestEspressos,CostlyCorianders,9100755
2026-07-06T04:09:58.310938,2026-07-06T04:09:58.318442+00:00,155.9,8,ask,Zhangyue Shen,CostlyCorianders,9100765
2026-07-06T04:09:58.310938,2026-07-06T04:09:58.323641+00:00,155.8,35,ask,EarnestEspressos,CostlyCorianders,9100766
2026-07-06T04:09:58.682059,2026-07-06T04:09:58.693629+00:00,156.3,50,bid,FlawlessFlatbreads,EarnestEspressos,9100770
2026-07-06T04:10:00.812140,2026-07-06T04:10:00.823944+00:00,156.2,41,ask,DiligentDonuts,CostlyCorianders,9100802
2026-07-06T04:10:00.839862,2026-07-06T04:10:00.851350+00:00,156.2,50,ask,DiligentDonuts,FlawlessFlatbreads,9100803
2026-07-06T04:10:02.946938,2026-07-06T04:10:02.958830+00:00,156.0,8,ask,Zhangyue Shen,FlawlessFlatbreads,9100827
2026-07-06T04:10:02.946938,2026-07-06T04:10:02.958830+00:00,156.0,42,ask,EarnestEspressos,FlawlessFlatbreads,9100828
2026-07-06T04:10:03.999077,2026-07-06T04:10:04.010628+00:00,156.3,41,bid,CostlyCorianders,DiligentDonuts,9100839
2026-07-06T04:10:04.599250,2026-07-06T04:10:04.610709+00:00,156.3,43,bid,CostlyCorianders,DiligentDonuts,9100844
2026-07-06T04:10:05.005053,2026-07-06T04:10:05.016701+00:00,156.5,8,bid,FlawlessFlatbreads,Zhangyue Shen,9100848
2026-07-06T04:10:05.005053,2026-07-06T04:10:05.016701+00:00,156.5,42,bid,FlawlessFlatbreads,EarnestEspressos,9100849
2026-07-06T04:10:07.229350,2026-07-06T04:10:07.239848+00:00,156.2,42,ask,DiligentDonuts,CostlyCorianders,9100877
2026-07-06T04:10:07.866847,2026-07-06T04:10:07.879179+00:00,156.5,43,bid,CostlyCorianders,EarnestEspressos,9100883
2026-07-06T04:10:09.269230,2026-07-06T04:10:09.281082+00:00,156.0,50,ask,EarnestEspressos,FlawlessFlatbreads,9100899
2026-07-06T04:10:09.480619,2026-07-06T04:10:09.492445+00:00,156.0,42,ask,EarnestEspressos,CostlyCorianders,9100903
2026-07-06T04:10:11.377827,2026-07-06T04:10:11.389462+00:00,156.0,50,ask,EarnestEspressos,FlawlessFlatbreads,9100931
2026-07-06T04:10:12.119034,2026-07-06T04:10:12.127622+00:00,156.4,8,bid,CostlyCorianders,Zhangyue Shen,9100941
2026-07-06T04:10:12.119034,2026-07-06T04:10:12.127622+00:00,156.5,33,bid,CostlyCorianders,DiligentDonuts,9100942
2026-07-06T04:10:12.195033,2026-07-06T04:10:12.203512+00:00,156.1,19,bid,Xuanyu Liu,EarnestEspressos,9100943
2026-07-06T04:10:12.682251,2026-07-06T04:10:12.694215+00:00,156.1,45,bid,CostlyCorianders,EarnestEspressos,9100955
2026-07-06T04:10:13.037429,2026-07-06T04:10:13.048313+00:00,156.1,8,bid,Zhangyue Shen,EarnestEspressos,9100962
2026-07-06T04:10:13.487054,2026-07-06T04:10:13.494960+00:00,156.0,50,ask,DiligentDonuts,FlawlessFlatbreads,9100972
2026-07-06T04:10:13.579463,2026-07-06T04:10:13.587643+00:00,156.1,8,bid,Zhangyue Shen,EarnestEspressos,9100974
2026-07-06T04:10:14.284744,2026-07-06T04:10:14.296367+00:00,156.1,70,bid,DiligentDonuts,EarnestEspressos,9100987
2026-07-06T04:10:15.261964,2026-07-06T04:10:15.273596+00:00,156.2,8,ask,Zhangyue Shen,CostlyCorianders,9100998
2026-07-06T04:10:15.261964,2026-07-06T04:10:15.273596+00:00,156.1,30,ask,DiligentDonuts,CostlyCorianders,9100999
2026-07-06T04:10:15.593207,2026-07-06T04:10:15.604598+00:00,156.3,50,ask,EarnestEspressos,FlawlessFlatbreads,9101007
2026-07-06T04:10:16.159512,2026-07-06T04:10:16.168245+00:00,156.3,11,ask,EarnestEspressos,Xuanyu Liu,9101012
2026-07-06T04:10:17.499475,2026-07-06T04:10:17.511334+00:00,156.3,89,ask,EarnestEspressos,DiligentDonuts,9101038
2026-07-06T04:10:17.648717,2026-07-06T04:10:17.660595+00:00,156.2,11,bid,FlawlessFlatbreads,DiligentDonuts,9101043
2026-07-06T04:10:17.648717,2026-07-06T04:10:17.660595+00:00,156.5,8,bid,FlawlessFlatbreads,Zhangyue Shen,9101044
2026-07-06T04:10:17.648717,2026-07-06T04:10:17.660595+00:00,156.8,31,bid,FlawlessFlatbreads,EarnestEspressos,9101045
2026-07-06T04:10:18.730581,2026-07-06T04:10:18.742150+00:00,156.4,46,ask,EarnestEspressos,CostlyCorianders,9101062
2026-07-06T04:10:19.289324,2026-07-06T04:10:19.301004+00:00,156.4,49,ask,EarnestEspressos,CostlyCorianders,9101073
2026-07-06T04:10:19.811670,2026-07-06T04:10:19.823298+00:00,156.4,50,ask,EarnestEspressos,FlawlessFlatbreads,9101081
2026-07-06T04:10:21.456418,2026-07-06T04:10:21.469159+00:00,156.7,40,bid,CostlyCorianders,DiligentDonuts,9101108
2026-07-06T04:10:21.676249,2026-07-06T04:10:21.688123+00:00,156.4,8,ask,Zhangyue Shen,EarnestEspressos,9101114
2026-07-06T04:10:21.676249,2026-07-06T04:10:21.688123+00:00,156.2,100,ask,DiligentDonuts,EarnestEspressos,9101115
2026-07-06T04:10:21.689596,2026-07-06T04:10:21.699399+00:00,156.0,42,bid,Xuanyu Liu,EarnestEspressos,9101116
2026-07-06T04:10:24.033657,2026-07-06T04:10:24.043751+00:00,156.2,8,ask,Zhangyue Shen,FlawlessFlatbreads,9101152
2026-07-06T04:10:24.033657,2026-07-06T04:10:24.043751+00:00,156.1,42,ask,DiligentDonuts,FlawlessFlatbreads,9101153
2026-07-06T04:10:25.321348,2026-07-06T04:10:25.330445+00:00,156.5,8,ask,Zhangyue Shen,Xuanyu Liu,9101175
2026-07-06T04:10:25.582822,2026-07-06T04:10:25.594756+00:00,156.6,44,bid,CostlyCorianders,DiligentDonuts,9101183
2026-07-06T04:10:28.192805,2026-07-06T04:10:28.203508+00:00,157.0,50,bid,FlawlessFlatbreads,EarnestEspressos,9101231
2026-07-06T04:10:28.610776,2026-07-06T04:10:28.622567+00:00,157.0,44,bid,CostlyCorianders,EarnestEspressos,9101240
2026-07-06T04:10:30.299823,2026-07-06T04:10:30.311128+00:00,157.0,50,bid,FlawlessFlatbreads,EarnestEspressos,9101256
2026-07-06T04:10:30.765254,2026-07-06T04:10:30.776777+00:00,156.7,8,ask,Zhangyue Shen,CostlyCorianders,9101263
2026-07-06T04:10:30.765254,2026-07-06T04:10:30.776777+00:00,156.5,37,ask,EarnestEspressos,CostlyCorianders,9101264
2026-07-06T04:10:31.126278,2026-07-06T04:10:31.134908+00:00,156.9,23,ask,EarnestEspressos,Xuanyu Liu,9101268
2026-07-06T04:10:31.859708,2026-07-06T04:10:31.871181+00:00,156.9,43,ask,EarnestEspressos,CostlyCorianders,9101277
2026-07-06T04:10:32.404944,2026-07-06T04:10:32.416415+00:00,157.0,50,bid,FlawlessFlatbreads,DiligentDonuts,9101282
2026-07-06T04:10:34.467586,2026-07-06T04:10:34.474213+00:00,156.8,8,ask,Zhangyue Shen,CostlyCorianders,9101302
2026-07-06T04:10:34.987467,2026-07-06T04:10:34.999096+00:00,157.1,40,bid,CostlyCorianders,DiligentDonuts,9101306
2026-07-06T04:10:36.144265,2026-07-06T04:10:36.158586+00:00,156.6,44,ask,DiligentDonuts,CostlyCorianders,9101318
2026-07-06T04:10:36.512063,2026-07-06T04:10:36.523677+00:00,157.0,50,bid,FlawlessFlatbreads,DiligentDonuts,9101321
2026-07-06T04:10:38.315517,2026-07-06T04:10:38.327134+00:00,157.0,45,bid,CostlyCorianders,DiligentDonuts,9101355
2026-07-06T04:10:38.460397,2026-07-06T04:10:38.469655+00:00,157.0,5,bid,Xuanyu Liu,DiligentDonuts,9101357
2026-07-06T04:10:38.619274,2026-07-06T04:10:38.631141+00:00,157.2,50,bid,FlawlessFlatbreads,EarnestEspressos,9101363
2026-07-06T04:10:39.602876,2026-07-06T04:10:39.614628+00:00,157.2,100,bid,DiligentDonuts,EarnestEspressos,9101371
2026-07-06T04:10:40.606086,2026-07-06T04:10:40.614485+00:00,157.4,39,ask,EarnestEspressos,Xuanyu Liu,9101378
2026-07-06T04:10:40.780998,2026-07-06T04:10:40.790886+00:00,157.4,50,ask,EarnestEspressos,FlawlessFlatbreads,9101384
2026-07-06T04:10:41.083010,2026-07-06T04:10:41.092388+00:00,157.4,12,ask,EarnestEspressos,Xuanyu Liu,9101387
2026-07-06T04:10:41.128252,2026-07-06T04:10:41.135632+00:00,157.4,49,ask,EarnestEspressos,CostlyCorianders,9101389
2026-07-06T04:10:41.602654,2026-07-06T04:10:41.614299+00:00,157.4,8,bid,CostlyCorianders,Zhangyue Shen,9101402
2026-07-06T04:10:41.602654,2026-07-06T04:10:41.614299+00:00,157.8,41,bid,CostlyCorianders,DiligentDonuts,9101403
2026-07-06T04:10:42.836694,2026-07-06T04:10:42.848415+00:00,157.4,50,bid,FlawlessFlatbreads,DiligentDonuts,9101421
2026-07-06T04:10:43.229994,2026-07-06T04:10:43.241888+00:00,157.0,8,ask,Zhangyue Shen,CostlyCorianders,9101427
2026-07-06T04:10:43.229994,2026-07-06T04:10:43.241888+00:00,156.9,39,ask,DiligentDonuts,CostlyCorianders,9101428
2026-07-06T04:10:43.824426,2026-07-06T04:10:43.832916+00:00,157.2,12,bid,Xuanyu Liu,EarnestEspressos,9101438
2026-07-06T04:10:44.944389,2026-07-06T04:10:44.963913+00:00,157.2,50,bid,FlawlessFlatbreads,EarnestEspressos,9101453
2026-07-06T04:10:46.087805,2026-07-06T04:10:46.095662+00:00,157.2,11,bid,Xuanyu Liu,EarnestEspressos,9101470
2026-07-06T04:10:47.050767,2026-07-06T04:10:47.058542+00:00,157.5,50,bid,FlawlessFlatbreads,DiligentDonuts,9101479
2026-07-06T04:10:49.209094,2026-07-06T04:10:49.220791+00:00,157.3,50,ask,DiligentDonuts,FlawlessFlatbreads,9101507
2026-07-06T04:10:50.484360,2026-07-06T04:10:50.493235+00:00,157.3,42,ask,DiligentDonuts,CostlyCorianders,9101521
2026-07-06T04:10:51.316509,2026-07-06T04:10:51.328464+00:00,157.3,8,ask,DiligentDonuts,FlawlessFlatbreads,9101526
2026-07-06T04:10:51.316509,2026-07-06T04:10:51.328464+00:00,157.2,8,ask,Zhangyue Shen,FlawlessFlatbreads,9101527
2026-07-06T04:10:51.316509,2026-07-06T04:10:51.328464+00:00,157.2,34,ask,EarnestEspressos,FlawlessFlatbreads,9101528
2026-07-06T04:10:52.639207,2026-07-06T04:10:52.648459+00:00,157.5,47,bid,CostlyCorianders,DiligentDonuts,9101551
2026-07-06T04:10:53.427254,2026-07-06T04:10:53.435924+00:00,157.1,8,ask,Zhangyue Shen,FlawlessFlatbreads,9101562
2026-07-06T04:10:53.427254,2026-07-06T04:10:53.435924+00:00,157.0,42,ask,DiligentDonuts,FlawlessFlatbreads,9101563
2026-07-06T04:10:55.134228,2026-07-06T04:10:55.145583+00:00,157.4,41,bid,CostlyCorianders,EarnestEspressos,9101591
2026-07-06T04:10:55.534757,2026-07-06T04:10:55.546447+00:00,156.9,50,ask,EarnestEspressos,FlawlessFlatbreads,9101596
2026-07-06T04:10:56.301803,2026-07-06T04:10:56.315575+00:00,157.4,49,bid,CostlyCorianders,EarnestEspressos,9101603
2026-07-06T04:10:57.643971,2026-07-06T04:10:57.655473+00:00,157.2,50,ask,EarnestEspressos,FlawlessFlatbreads,9101615
2026-07-06T04:10:59.751387,2026-07-06T04:10:59.758548+00:00,157.1,8,ask,Zhangyue Shen,FlawlessFlatbreads,9101641
2026-07-06T04:10:59.751387,2026-07-06T04:10:59.758548+00:00,156.9,42,ask,DiligentDonuts,FlawlessFlatbreads,9101642
2026-07-06T04:11:01.858773,2026-07-06T04:11:01.870484+00:00,157.0,8,ask,Zhangyue Shen,FlawlessFlatbreads,9101663
2026-07-06T04:11:01.858773,2026-07-06T04:11:01.870484+00:00,156.9,42,ask,EarnestEspressos,FlawlessFlatbreads,9101664
2026-07-06T04:11:03.966509,2026-07-06T04:11:03.977440+00:00,156.8,50,ask,DiligentDonuts,FlawlessFlatbreads,9101681
2026-07-06T04:11:05.443203,2026-07-06T04:11:05.459022+00:00,157.2,12,bid,Xuanyu Liu,DiligentDonuts,9101699
2026-07-06T04:11:06.072591,2026-07-06T04:11:06.081410+00:00,156.9,50,ask,EarnestEspressos,FlawlessFlatbreads,9101713
2026-07-06T04:11:06.938480,2026-07-06T04:11:06.958536+00:00,156.9,42,ask,EarnestEspressos,CostlyCorianders,9101725
2026-07-06T04:11:07.468773,2026-07-06T04:11:07.480310+00:00,156.9,46,ask,EarnestEspressos,CostlyCorianders,9101731
2026-07-06T04:11:09.118260,2026-07-06T04:11:09.138677+00:00,156.8,100,ask,DiligentDonuts,EarnestEspressos,9101755
2026-07-06T04:11:09.130721,2026-07-06T04:11:09.138677+00:00,156.5,50,bid,Xuanyu Liu,EarnestEspressos,9101756
2026-07-06T04:11:12.228292,2026-07-06T04:11:12.239917+00:00,156.8,100,bid,EarnestEspressos,DiligentDonuts,9101793
2026-07-06T04:11:12.241184,2026-07-06T04:11:12.250328+00:00,156.8,5,ask,EarnestEspressos,Xuanyu Liu,9101794
2026-07-06T04:11:12.348389,2026-07-06T04:11:12.355738+00:00,157.2,8,bid,FlawlessFlatbreads,Zhangyue Shen,9101797
2026-07-06T04:11:12.348389,2026-07-06T04:11:12.361220+00:00,157.3,42,bid,FlawlessFlatbreads,EarnestEspressos,9101798
2026-07-06T04:11:13.271168,2026-07-06T04:11:13.282810+00:00,157.3,40,bid,CostlyCorianders,EarnestEspressos,9101817
2026-07-06T04:11:14.359966,2026-07-06T04:11:14.371586+00:00,156.8,42,ask,EarnestEspressos,CostlyCorianders,9101828
2026-07-06T04:11:14.459705,2026-07-06T04:11:14.474411+00:00,157.2,50,bid,FlawlessFlatbreads,DiligentDonuts,9101832
2026-07-06T04:11:16.346742,2026-07-06T04:11:16.358478+00:00,156.8,8,ask,Zhangyue Shen,Xuanyu Liu,9101859
2026-07-06T04:11:16.570890,2026-07-06T04:11:16.582386+00:00,157.0,50,bid,FlawlessFlatbreads,EarnestEspressos,9101862
2026-07-06T04:11:18.700573,2026-07-06T04:11:18.710392+00:00,157.2,8,bid,FlawlessFlatbreads,Zhangyue Shen,9101887
2026-07-06T04:11:18.700573,2026-07-06T04:11:18.710392+00:00,157.2,42,bid,FlawlessFlatbreads,DiligentDonuts,9101888
2026-07-06T04:11:19.104098,2026-07-06T04:11:19.112967+00:00,156.8,3,ask,EarnestEspressos,Xuanyu Liu,9101896
2026-07-06T04:11:20.628841,2026-07-06T04:11:20.640253+00:00,157.2,44,bid,CostlyCorianders,DiligentDonuts,9101921
2026-07-06T04:11:20.741824,2026-07-06T04:11:20.751967+00:00,157.0,12,ask,DiligentDonuts,Xuanyu Liu,9101923
2026-07-06T04:11:20.807132,2026-07-06T04:11:20.818713+00:00,157.3,50,bid,FlawlessFlatbreads,EarnestEspressos,9101926
2026-07-06T04:11:21.110602,2026-07-06T04:11:21.120765+00:00,157.3,49,bid,CostlyCorianders,EarnestEspressos,9101933
2026-07-06T04:11:22.385677,2026-07-06T04:11:22.395276+00:00,157.1,11,ask,EarnestEspressos,Xuanyu Liu,9101954
2026-07-06T04:11:22.914501,2026-07-06T04:11:22.926217+00:00,157.4,8,bid,FlawlessFlatbreads,Zhangyue Shen,9101959
2026-07-06T04:11:22.914501,2026-07-06T04:11:22.926217+00:00,157.5,42,bid,FlawlessFlatbreads,DiligentDonuts,9101960
2026-07-06T04:11:24.155402,2026-07-06T04:11:24.168659+00:00,157.2,47,ask,DiligentDonuts,CostlyCorianders,9101975
2026-07-06T04:11:24.704288,2026-07-06T04:11:24.716155+00:00,157.4,8,bid,CostlyCorianders,Zhangyue Shen,9101988
2026-07-06T04:11:25.024219,2026-07-06T04:11:25.036001+00:00,157.6,8,bid,FlawlessFlatbreads,Zhangyue Shen,9101996
2026-07-06T04:11:25.024219,2026-07-06T04:11:25.036001+00:00,157.6,42,bid,FlawlessFlatbreads,EarnestEspressos,9101997
2026-07-06T04:11:26.011960,2026-07-06T04:11:26.025434+00:00,157.2,11,ask,DiligentDonuts,Xuanyu Liu,9102010
2026-07-06T04:11:27.131329,2026-07-06T04:11:27.143086+00:00,157.4,50,bid,FlawlessFlatbreads,DiligentDonuts,9102032
2026-07-06T04:11:28.325298,2026-07-06T04:11:28.336658+00:00,157.2,48,ask,EarnestEspressos,CostlyCorianders,9102046
2026-07-06T04:11:29.241677,2026-07-06T04:11:29.253425+00:00,157.3,8,bid,FlawlessFlatbreads,Zhangyue Shen,9102061
2026-07-06T04:11:29.241677,2026-07-06T04:11:29.253425+00:00,157.4,42,bid,FlawlessFlatbreads,DiligentDonuts,9102062
2026-07-06T04:11:29.570641,2026-07-06T04:11:29.582498+00:00,157.2,23,ask,EarnestEspressos,Xuanyu Liu,9102067
2026-07-06T04:11:30.245681,2026-07-06T04:11:30.258626+00:00,157.3,8,bid,CostlyCorianders,Zhangyue Shen,9102082
2026-07-06T04:11:31.350726,2026-07-06T04:11:31.357258+00:00,157.2,8,bid,FlawlessFlatbreads,Zhangyue Shen,9102097
2026-07-06T04:11:31.350726,2026-07-06T04:11:31.357258+00:00,157.3,42,bid,FlawlessFlatbreads,EarnestEspressos,9102098
2026-07-06T04:11:33.401950,2026-07-06T04:11:33.413826+00:00,157.2,8,bid,CostlyCorianders,Zhangyue Shen,9102116
2026-07-06T04:11:33.401950,2026-07-06T04:11:33.413826+00:00,157.3,39,bid,CostlyCorianders,EarnestEspressos,9102117
2026-07-06T04:11:34.411142,2026-07-06T04:11:34.422664+00:00,157.1,44,ask,EarnestEspressos,CostlyCorianders,9102131
2026-07-06T04:11:35.575015,2026-07-06T04:11:35.586740+00:00,157.2,8,bid,FlawlessFlatbreads,Zhangyue Shen,9102144
2026-07-06T04:11:36.676745,2026-07-06T04:11:36.688269+00:00,157.4,8,bid,CostlyCorianders,Zhangyue Shen,9102158
2026-07-06T04:11:36.676745,2026-07-06T04:11:36.688269+00:00,157.6,32,bid,CostlyCorianders,EarnestEspressos,9102159
2026-07-06T04:11:36.733145,2026-07-06T04:11:36.744817+00:00,157.1,43,ask,EarnestEspressos,CostlyCorianders,9102161
2026-07-06T04:11:37.754910,2026-07-06T04:11:37.766552+00:00,157.1,50,ask,DiligentDonuts,FlawlessFlatbreads,9102174
2026-07-06T04:11:39.281202,2026-07-06T04:11:39.290611+00:00,157.1,44,ask,DiligentDonuts,CostlyCorianders,9102198
2026-07-06T04:11:39.861404,2026-07-06T04:11:39.873177+00:00,157.0,50,ask,EarnestEspressos,FlawlessFlatbreads,9102203
2026-07-06T04:11:41.969020,2026-07-06T04:11:41.980558+00:00,156.9,50,ask,DiligentDonuts,FlawlessFlatbreads,9102238
