timestamp,recv_time,price,volume,aggressor_side,buyer,seller,trade_id
2026-07-04T08:00:00.142394,2026-07-04T08:00:00.029698+00:00,146.2,50,bid,FlawlessFlatbreads,DiligentDonuts,6749670
2026-07-04T08:00:00.356288,2026-07-04T08:00:00.366259+00:00,145.9,12,ask,EarnestEspressos,Xuanyu Liu,6749673
2026-07-04T08:00:01.426301,2026-07-04T08:00:01.437676+00:00,145.8,49,bid,CostlyCorianders,EarnestEspressos,6749688
2026-07-04T08:00:01.549468,2026-07-04T08:00:01.560971+00:00,145.8,100,bid,DiligentDonuts,EarnestEspressos,6749692
2026-07-04T08:00:01.950760,2026-07-04T08:00:01.962461+00:00,145.3,48,ask,EarnestEspressos,CostlyCorianders,6749700
2026-07-04T08:00:02.253047,2026-07-04T08:00:02.258572+00:00,145.8,1,bid,FlawlessFlatbreads,EarnestEspressos,6749702
2026-07-04T08:00:02.253047,2026-07-04T08:00:02.258572+00:00,146.3,49,bid,FlawlessFlatbreads,DiligentDonuts,6749703
2026-07-04T08:00:04.361659,2026-07-04T08:00:04.369638+00:00,146.1,50,bid,FlawlessFlatbreads,EarnestEspressos,6749738
2026-07-04T08:00:06.470088,2026-07-04T08:00:06.482044+00:00,146.0,50,bid,FlawlessFlatbreads,DiligentDonuts,6749762
2026-07-04T08:00:07.187285,2026-07-04T08:00:07.196282+00:00,145.9,47,ask,EarnestEspressos,CostlyCorianders,6749777
2026-07-04T08:00:08.144111,2026-07-04T08:00:08.153004+00:00,145.9,11,ask,EarnestEspressos,Xuanyu Liu,6749783
2026-07-04T08:00:09.459470,2026-07-04T08:00:09.467832+00:00,145.9,12,ask,EarnestEspressos,Xuanyu Liu,6749797
2026-07-04T08:00:09.782699,2026-07-04T08:00:09.791674+00:00,145.9,11,ask,EarnestEspressos,Xuanyu Liu,6749801
2026-07-04T08:00:10.388857,2026-07-04T08:00:10.400694+00:00,145.8,100,ask,DiligentDonuts,EarnestEspressos,6749807
2026-07-04T08:00:10.731736,2026-07-04T08:00:10.743366+00:00,145.2,50,ask,EarnestEspressos,FlawlessFlatbreads,6749814
2026-07-04T08:00:10.762181,2026-07-04T08:00:10.780405+00:00,145.7,11,bid,Xuanyu Liu,EarnestEspressos,6749816
2026-07-04T08:00:12.795112,2026-07-04T08:00:12.802368+00:00,145.7,39,bid,FlawlessFlatbreads,EarnestEspressos,6749837
2026-07-04T08:00:12.795112,2026-07-04T08:00:12.807418+00:00,145.7,11,bid,FlawlessFlatbreads,DiligentDonuts,6749838
2026-07-04T08:00:13.497226,2026-07-04T08:00:13.508973+00:00,145.7,89,bid,EarnestEspressos,DiligentDonuts,6749849
2026-07-04T08:00:14.955491,2026-07-04T08:00:14.967501+00:00,145.7,50,ask,EarnestEspressos,FlawlessFlatbreads,6749864
2026-07-04T08:00:15.674036,2026-07-04T08:00:15.685482+00:00,146.0,47,bid,CostlyCorianders,DiligentDonuts,6749875
2026-07-04T08:00:18.622922,2026-07-04T08:00:18.631834+00:00,145.7,11,ask,DiligentDonuts,Xuanyu Liu,6749918
2026-07-04T08:00:19.115200,2026-07-04T08:00:19.126784+00:00,145.8,50,bid,FlawlessFlatbreads,EarnestEspressos,6749929
2026-07-04T08:00:19.871428,2026-07-04T08:00:19.882222+00:00,145.7,89,ask,DiligentDonuts,EarnestEspressos,6749943
2026-07-04T08:00:20.520384,2026-07-04T08:00:20.531901+00:00,145.1,49,ask,EarnestEspressos,CostlyCorianders,6749952
2026-07-04T08:00:20.680147,2026-07-04T08:00:20.688238+00:00,145.6,11,bid,Xuanyu Liu,EarnestEspressos,6749954
2026-07-04T08:00:21.234940,2026-07-04T08:00:21.248718+00:00,145.6,50,bid,FlawlessFlatbreads,EarnestEspressos,6749967
2026-07-04T08:00:22.059750,2026-07-04T08:00:22.068903+00:00,145.6,48,bid,CostlyCorianders,DiligentDonuts,6749978
2026-07-04T08:00:22.657996,2026-07-04T08:00:22.669232+00:00,145.1,41,ask,EarnestEspressos,CostlyCorianders,6749993
2026-07-04T08:00:23.342937,2026-07-04T08:00:23.358627+00:00,145.6,50,bid,FlawlessFlatbreads,DiligentDonuts,6749997
2026-07-04T08:00:25.524045,2026-07-04T08:00:25.535843+00:00,145.6,50,ask,DiligentDonuts,FlawlessFlatbreads,6750028
2026-07-04T08:00:27.629723,2026-07-04T08:00:27.641547+00:00,145.4,50,ask,EarnestEspressos,FlawlessFlatbreads,6750061
2026-07-04T08:00:27.837553,2026-07-04T08:00:27.849452+00:00,145.4,44,ask,EarnestEspressos,CostlyCorianders,6750065
2026-07-04T08:00:29.736513,2026-07-04T08:00:29.747275+00:00,145.3,50,ask,DiligentDonuts,FlawlessFlatbreads,6750080
2026-07-04T08:00:31.847903,2026-07-04T08:00:31.858578+00:00,145.0,50,ask,DiligentDonuts,FlawlessFlatbreads,6750109
2026-07-04T08:00:32.778397,2026-07-04T08:00:32.789892+00:00,145.4,44,bid,CostlyCorianders,EarnestEspressos,6750116
2026-07-04T08:00:33.714616,2026-07-04T08:00:33.723110+00:00,145.3,42,bid,CostlyCorianders,DiligentDonuts,6750129
2026-07-04T08:00:33.768971,2026-07-04T08:00:33.776371+00:00,144.9,41,ask,EarnestEspressos,CostlyCorianders,6750131
2026-07-04T08:00:33.902538,2026-07-04T08:00:33.914299+00:00,145.3,50,bid,FlawlessFlatbreads,DiligentDonuts,6750137
2026-07-04T08:00:34.967690,2026-07-04T08:00:34.979531+00:00,145.3,8,bid,CostlyCorianders,DiligentDonuts,6750144
2026-07-04T08:00:34.967690,2026-07-04T08:00:34.979531+00:00,145.4,37,bid,CostlyCorianders,EarnestEspressos,6750145
2026-07-04T08:00:35.478562,2026-07-04T08:00:35.490336+00:00,144.9,44,ask,EarnestEspressos,CostlyCorianders,6750153
2026-07-04T08:00:35.686927,2026-07-04T08:00:35.695925+00:00,145.2,12,bid,Xuanyu Liu,EarnestEspressos,6750157
2026-07-04T08:00:36.008262,2026-07-04T08:00:36.019827+00:00,145.2,50,bid,FlawlessFlatbreads,EarnestEspressos,6750163
2026-07-04T08:00:36.910916,2026-07-04T08:00:36.919434+00:00,145.2,47,bid,CostlyCorianders,EarnestEspressos,6750176
2026-07-04T08:00:36.980313,2026-07-04T08:00:36.991366+00:00,145.1,42,ask,DiligentDonuts,CostlyCorianders,6750179
2026-07-04T08:00:37.622686,2026-07-04T08:00:37.632133+00:00,145.2,11,bid,Xuanyu Liu,EarnestEspressos,6750183
2026-07-04T08:00:38.181563,2026-07-04T08:00:38.193520+00:00,145.1,50,ask,DiligentDonuts,FlawlessFlatbreads,6750191
2026-07-04T08:00:40.287256,2026-07-04T08:00:40.298305+00:00,145.2,50,ask,EarnestEspressos,FlawlessFlatbreads,6750214
2026-07-04T08:00:42.250626,2026-07-04T08:00:42.258590+00:00,145.1,41,ask,EarnestEspressos,CostlyCorianders,6750242
2026-07-04T08:00:42.362209,2026-07-04T08:00:42.374244+00:00,145.3,50,bid,FlawlessFlatbreads,DiligentDonuts,6750245
2026-07-04T08:00:44.540735,2026-07-04T08:00:44.552452+00:00,145.1,50,ask,EarnestEspressos,FlawlessFlatbreads,6750273
2026-07-04T08:00:46.048339,2026-07-04T08:00:46.056978+00:00,145.3,41,bid,CostlyCorianders,EarnestEspressos,6750286
2026-07-04T08:00:46.672545,2026-07-04T08:00:46.684782+00:00,145.0,50,ask,DiligentDonuts,FlawlessFlatbreads,6750295
2026-07-04T08:00:47.531173,2026-07-04T08:00:47.542850+00:00,145.0,40,ask,DiligentDonuts,CostlyCorianders,6750306
2026-07-04T08:00:47.995237,2026-07-04T08:00:48.007053+00:00,145.3,42,bid,CostlyCorianders,EarnestEspressos,6750316
2026-07-04T08:00:48.779995,2026-07-04T08:00:48.791597+00:00,145.2,50,ask,EarnestEspressos,FlawlessFlatbreads,6750325
2026-07-04T08:00:52.544478,2026-07-04T08:00:52.558555+00:00,145.2,49,bid,CostlyCorianders,DiligentDonuts,6750381
2026-07-04T08:00:52.949478,2026-07-04T08:00:52.958576+00:00,145.2,50,bid,FlawlessFlatbreads,DiligentDonuts,6750398
2026-07-04T08:00:53.024110,2026-07-04T08:00:53.033175+00:00,144.8,42,ask,EarnestEspressos,CostlyCorianders,6750401
2026-07-04T08:00:55.152360,2026-07-04T08:00:55.158992+00:00,144.8,50,ask,EarnestEspressos,FlawlessFlatbreads,6750434
2026-07-04T08:00:55.751814,2026-07-04T08:00:55.752387+00:00,145.3,45,bid,CostlyCorianders,EarnestEspressos,6750440
2026-07-04T08:00:57.207127,2026-07-04T08:00:57.218682+00:00,145.3,50,bid,FlawlessFlatbreads,EarnestEspressos,6750464
2026-07-04T08:00:59.316437,2026-07-04T08:00:59.325944+00:00,145.4,50,bid,FlawlessFlatbreads,EarnestEspressos,6750493
2026-07-04T08:00:59.547108,2026-07-04T08:00:59.559068+00:00,144.9,47,ask,EarnestEspressos,CostlyCorianders,6750495
2026-07-04T08:01:00.014836,2026-07-04T08:01:00.024842+00:00,145.4,44,bid,CostlyCorianders,EarnestEspressos,6750497
2026-07-04T08:01:03.546970,2026-07-04T08:01:03.552755+00:00,145.5,50,bid,FlawlessFlatbreads,DiligentDonuts,6750537
2026-07-04T08:01:04.637300,2026-07-04T08:01:04.644235+00:00,145.2,44,ask,EarnestEspressos,CostlyCorianders,6750552
2026-07-04T08:01:05.284402,2026-07-04T08:01:05.296103+00:00,145.7,47,bid,CostlyCorianders,EarnestEspressos,6750565
2026-07-04T08:01:05.664661,2026-07-04T08:01:05.676633+00:00,145.7,50,bid,FlawlessFlatbreads,EarnestEspressos,6750571
2026-07-04T08:01:07.772834,2026-07-04T08:01:07.781491+00:00,145.9,50,bid,FlawlessFlatbreads,DiligentDonuts,6750602
2026-07-04T08:01:08.010244,2026-07-04T08:01:08.018503+00:00,145.7,11,ask,DiligentDonuts,Xuanyu Liu,6750605
2026-07-04T08:01:08.512018,2026-07-04T08:01:08.524059+00:00,145.7,12,ask,DiligentDonuts,Xuanyu Liu,6750618
2026-07-04T08:01:08.908734,2026-07-04T08:01:08.920602+00:00,145.7,41,ask,DiligentDonuts,CostlyCorianders,6750628
2026-07-04T08:01:09.532074,2026-07-04T08:01:09.539810+00:00,145.7,36,ask,DiligentDonuts,CostlyCorianders,6750635
2026-07-04T08:01:09.532074,2026-07-04T08:01:09.545364+00:00,145.6,10,ask,EarnestEspressos,CostlyCorianders,6750636
2026-07-04T08:01:09.880047,2026-07-04T08:01:09.887038+00:00,146.1,50,bid,FlawlessFlatbreads,EarnestEspressos,6750642
2026-07-04T08:01:10.071630,2026-07-04T08:01:10.080760+00:00,145.6,40,ask,EarnestEspressos,CostlyCorianders,6750644
2026-07-04T08:01:11.984855,2026-07-04T08:01:12.063690+00:00,145.8,50,bid,FlawlessFlatbreads,DiligentDonuts,6750671
2026-07-04T08:01:14.142887,2026-07-04T08:01:14.148506+00:00,145.5,50,ask,EarnestEspressos,FlawlessFlatbreads,6750708
2026-07-04T08:01:16.250678,2026-07-04T08:01:16.263969+00:00,145.6,50,ask,DiligentDonuts,FlawlessFlatbreads,6750735
2026-07-04T08:01:17.343929,2026-07-04T08:01:17.352118+00:00,145.9,46,bid,CostlyCorianders,EarnestEspressos,6750751
2026-07-04T08:01:18.358222,2026-07-04T08:01:18.369926+00:00,145.4,50,ask,EarnestEspressos,FlawlessFlatbreads,6750767
2026-07-04T08:01:19.384611,2026-07-04T08:01:19.391166+00:00,145.8,45,bid,CostlyCorianders,DiligentDonuts,6750774
2026-07-04T08:01:22.532485,2026-07-04T08:01:22.539114+00:00,145.9,50,bid,FlawlessFlatbreads,EarnestEspressos,6750818
2026-07-04T08:01:26.797935,2026-07-04T08:01:26.807210+00:00,145.4,50,ask,DiligentDonuts,FlawlessFlatbreads,6750873
2026-07-04T08:01:27.162424,2026-07-04T08:01:27.174101+00:00,145.3,45,ask,EarnestEspressos,CostlyCorianders,6750877
2026-07-04T08:01:28.907262,2026-07-04T08:01:28.915013+00:00,145.3,50,ask,EarnestEspressos,FlawlessFlatbreads,6750896
2026-07-04T08:01:29.459573,2026-07-04T08:01:29.467003+00:00,145.6,12,bid,Xuanyu Liu,EarnestEspressos,6750902
2026-07-04T08:01:29.509148,2026-07-04T08:01:29.516331+00:00,145.6,11,bid,Xuanyu Liu,EarnestEspressos,6750905
2026-07-04T08:01:31.012853,2026-07-04T08:01:31.021683+00:00,145.1,50,ask,EarnestEspressos,FlawlessFlatbreads,6750922
2026-07-04T08:01:33.067557,2026-07-04T08:01:33.079114+00:00,145.3,50,bid,FlawlessFlatbreads,EarnestEspressos,6750946
2026-07-04T08:01:35.225677,2026-07-04T08:01:35.237401+00:00,145.2,50,ask,DiligentDonuts,FlawlessFlatbreads,6750988
2026-07-04T08:01:37.063166,2026-07-04T08:01:37.071436+00:00,145.3,49,bid,CostlyCorianders,EarnestEspressos,6751024
2026-07-04T08:01:39.362018,2026-07-04T08:01:39.373021+00:00,145.0,42,ask,DiligentDonuts,CostlyCorianders,6751048
2026-07-04T08:01:39.972404,2026-07-04T08:01:39.981928+00:00,145.0,42,ask,EarnestEspressos,CostlyCorianders,6751060
2026-07-04T08:01:41.486810,2026-07-04T08:01:41.498242+00:00,145.2,50,bid,FlawlessFlatbreads,DiligentDonuts,6751082
2026-07-04T08:01:43.643913,2026-07-04T08:01:43.650388+00:00,144.8,50,ask,EarnestEspressos,FlawlessFlatbreads,6751121
2026-07-04T08:01:45.266204,2026-07-04T08:01:45.274508+00:00,144.9,12,bid,Xuanyu Liu,EarnestEspressos,6751136
2026-07-04T08:01:45.750799,2026-07-04T08:01:45.757231+00:00,144.5,50,ask,DiligentDonuts,FlawlessFlatbreads,6751149
2026-07-04T08:01:46.559756,2026-07-04T08:01:46.568092+00:00,144.9,11,bid,Xuanyu Liu,EarnestEspressos,6751159
2026-07-04T08:01:47.828994,2026-07-04T08:01:47.840380+00:00,144.9,46,bid,CostlyCorianders,EarnestEspressos,6751178
2026-07-04T08:01:47.829228,2026-07-04T08:01:47.840380+00:00,144.9,50,bid,FlawlessFlatbreads,EarnestEspressos,6751179
2026-07-04T08:01:49.646716,2026-07-04T08:01:49.657768+00:00,145.0,11,ask,EarnestEspressos,Xuanyu Liu,6751198
2026-07-04T08:01:49.938154,2026-07-04T08:01:49.950064+00:00,145.2,50,bid,FlawlessFlatbreads,DiligentDonuts,6751204
2026-07-04T08:01:50.282968,2026-07-04T08:01:50.294849+00:00,145.2,44,bid,CostlyCorianders,DiligentDonuts,6751209
2026-07-04T08:01:51.454196,2026-07-04T08:01:51.462009+00:00,145.0,12,ask,EarnestEspressos,Xuanyu Liu,6751232
2026-07-04T08:01:52.052604,2026-07-04T08:01:52.058543+00:00,145.2,6,bid,FlawlessFlatbreads,DiligentDonuts,6751242
2026-07-04T08:01:52.052604,2026-07-04T08:01:52.068723+00:00,145.3,44,bid,FlawlessFlatbreads,EarnestEspressos,6751243
2026-07-04T08:01:56.283636,2026-07-04T08:01:56.291656+00:00,145.2,50,bid,FlawlessFlatbreads,EarnestEspressos,6751301
2026-07-04T08:01:57.874916,2026-07-04T08:01:57.883314+00:00,145.0,11,ask,EarnestEspressos,Xuanyu Liu,6751321
2026-07-04T08:01:58.388833,2026-07-04T08:01:58.400680+00:00,145.2,50,bid,FlawlessFlatbreads,DiligentDonuts,6751331
2026-07-04T08:01:58.540611,2026-07-04T08:01:58.549579+00:00,145.0,40,ask,EarnestEspressos,CostlyCorianders,6751333
2026-07-04T08:01:59.034996,2026-07-04T08:01:59.046847+00:00,145.3,41,bid,CostlyCorianders,DiligentDonuts,6751337
2026-07-04T08:01:59.659694,2026-07-04T08:01:59.667776+00:00,145.0,12,ask,EarnestEspressos,Xuanyu Liu,6751349
2026-07-04T08:02:00.015270,2026-07-04T08:02:00.025207+00:00,145.0,11,ask,EarnestEspressos,Xuanyu Liu,6751355
2026-07-04T08:02:00.079542,2026-07-04T08:02:00.089140+00:00,145.0,43,ask,EarnestEspressos,CostlyCorianders,6751357
2026-07-04T08:02:00.495239,2026-07-04T08:02:00.507105+00:00,145.3,50,bid,FlawlessFlatbreads,DiligentDonuts,6751365
2026-07-04T08:02:01.764373,2026-07-04T08:02:01.771959+00:00,145.0,100,bid,DiligentDonuts,EarnestEspressos,6751387
2026-07-04T08:02:02.609799,2026-07-04T08:02:02.618450+00:00,145.0,50,bid,FlawlessFlatbreads,EarnestEspressos,6751403
2026-07-04T08:02:02.703150,2026-07-04T08:02:02.714900+00:00,144.5,42,ask,EarnestEspressos,CostlyCorianders,6751406
2026-07-04T08:02:03.860559,2026-07-04T08:02:03.872346+00:00,145.3,44,bid,CostlyCorianders,Alan Niu,6751418
2026-07-04T08:02:04.716313,2026-07-04T08:02:04.728282+00:00,145.1,50,bid,FlawlessFlatbreads,EarnestEspressos,6751432
2026-07-04T08:02:04.992958,2026-07-04T08:02:05.000035+00:00,144.9,44,bid,Alan Niu,DiligentDonuts,6751434
2026-07-04T08:02:05.013640,2026-07-04T08:02:05.023692+00:00,144.6,42,ask,EarnestEspressos,CostlyCorianders,6751436
2026-07-04T08:02:06.028398,2026-07-04T08:02:06.040302+00:00,144.9,41,bid,CostlyCorianders,DiligentDonuts,6751447
2026-07-04T08:02:06.823953,2026-07-04T08:02:06.830817+00:00,144.9,15,bid,FlawlessFlatbreads,DiligentDonuts,6751457
2026-07-04T08:02:06.823953,2026-07-04T08:02:06.836219+00:00,145.1,35,bid,FlawlessFlatbreads,EarnestEspressos,6751458
2026-07-04T08:02:07.687532,2026-07-04T08:02:07.697033+00:00,144.6,41,ask,EarnestEspressos,CostlyCorianders,6751466
2026-07-04T08:02:08.156281,2026-07-04T08:02:08.167828+00:00,144.7,49,ask,DiligentDonuts,CostlyCorianders,6751473
2026-07-04T08:02:08.932254,2026-07-04T08:02:08.946395+00:00,145.1,50,bid,FlawlessFlatbreads,EarnestEspressos,6751489
2026-07-04T08:02:09.255769,2026-07-04T08:02:09.258566+00:00,145.1,41,bid,CostlyCorianders,EarnestEspressos,6751497
2026-07-04T08:02:09.781840,2026-07-04T08:02:09.790552+00:00,145.1,40,bid,CostlyCorianders,EarnestEspressos,6751502
2026-07-04T08:02:10.538082,2026-07-04T08:02:10.545424+00:00,145.1,3,ask,EarnestEspressos,Xuanyu Liu,6751515
2026-07-04T08:02:10.965086,2026-07-04T08:02:10.973978+00:00,145.1,3,ask,EarnestEspressos,Xuanyu Liu,6751520
2026-07-04T08:02:11.034760,2026-07-04T08:02:11.046233+00:00,145.1,144,ask,EarnestEspressos,Alan Niu,6751523
2026-07-04T08:02:11.046582,2026-07-04T08:02:11.056914+00:00,145.2,50,bid,FlawlessFlatbreads,DiligentDonuts,6751526
2026-07-04T08:02:13.384531,2026-07-04T08:02:13.392804+00:00,145.1,3,bid,Xuanyu Liu,DiligentDonuts,6751569
2026-07-04T08:02:15.307730,2026-07-04T08:02:15.319119+00:00,144.8,50,ask,Alan Niu,FlawlessFlatbreads,6751595
2026-07-04T08:02:17.413448,2026-07-04T08:02:17.424882+00:00,144.7,50,ask,DiligentDonuts,FlawlessFlatbreads,6751626
2026-07-04T08:02:18.401848,2026-07-04T08:02:18.413582+00:00,144.8,48,ask,Alan Niu,CostlyCorianders,6751645
2026-07-04T08:02:19.519347,2026-07-04T08:02:19.530831+00:00,144.8,46,ask,Alan Niu,FlawlessFlatbreads,6751668
2026-07-04T08:02:19.519347,2026-07-04T08:02:19.530831+00:00,144.5,4,ask,EarnestEspressos,FlawlessFlatbreads,6751669
2026-07-04T08:02:21.626966,2026-07-04T08:02:21.638726+00:00,144.5,50,ask,EarnestEspressos,FlawlessFlatbreads,6751706
2026-07-04T08:02:22.068602,2026-07-04T08:02:22.075142+00:00,144.5,43,ask,EarnestEspressos,CostlyCorianders,6751711
2026-07-04T08:02:23.281459,2026-07-04T08:02:23.302141+00:00,144.5,100,ask,DiligentDonuts,EarnestEspressos,6751730
2026-07-04T08:02:23.293974,2026-07-04T08:02:23.302141+00:00,144.3,26,bid,Xuanyu Liu,EarnestEspressos,6751731
2026-07-04T08:02:23.682637,2026-07-04T08:02:23.694230+00:00,144.3,24,bid,FlawlessFlatbreads,EarnestEspressos,6751743
2026-07-04T08:02:25.790173,2026-07-04T08:02:25.801720+00:00,144.6,50,bid,FlawlessFlatbreads,DiligentDonuts,6751767
2026-07-04T08:02:26.391266,2026-07-04T08:02:26.412746+00:00,144.6,50,bid,EarnestEspressos,DiligentDonuts,6751775
2026-07-04T08:02:26.404100,2026-07-04T08:02:26.412746+00:00,144.6,12,ask,EarnestEspressos,Xuanyu Liu,6751776
2026-07-04T08:02:26.411853,2026-07-04T08:02:26.428332+00:00,145.2,49,bid,CostlyCorianders,Alan Niu,6751778
2026-07-04T08:02:26.585411,2026-07-04T08:02:26.593226+00:00,144.7,11,ask,Alan Niu,Xuanyu Liu,6751784
2026-07-04T08:02:27.896340,2026-07-04T08:02:27.907698+00:00,144.9,50,bid,FlawlessFlatbreads,DiligentDonuts,6751810
2026-07-04T08:02:28.059694,2026-07-04T08:02:28.069225+00:00,144.9,38,bid,Alan Niu,DiligentDonuts,6751813
2026-07-04T08:02:28.966114,2026-07-04T08:02:28.974097+00:00,144.9,12,bid,CostlyCorianders,DiligentDonuts,6751829
2026-07-04T08:02:28.966114,2026-07-04T08:02:28.974097+00:00,145.1,34,bid,CostlyCorianders,EarnestEspressos,6751830
2026-07-04T08:02:29.942948,2026-07-04T08:02:29.958622+00:00,144.6,44,ask,EarnestEspressos,CostlyCorianders,6751849
2026-07-04T08:02:30.003982,2026-07-04T08:02:30.016017+00:00,145.1,50,bid,FlawlessFlatbreads,EarnestEspressos,6751850
2026-07-04T08:02:30.495735,2026-07-04T08:02:30.507417+00:00,144.9,49,ask,DiligentDonuts,CostlyCorianders,6751860
2026-07-04T08:02:32.112069,2026-07-04T08:02:32.123635+00:00,145.1,50,bid,FlawlessFlatbreads,EarnestEspressos,6751887
2026-07-04T08:02:34.219460,2026-07-04T08:02:34.231023+00:00,145.3,50,bid,FlawlessFlatbreads,DiligentDonuts,6751918
2026-07-04T08:02:35.046257,2026-07-04T08:02:35.058044+00:00,145.3,43,bid,CostlyCorianders,DiligentDonuts,6751935
2026-07-04T08:02:36.326896,2026-07-04T08:02:36.338601+00:00,145.3,7,bid,FlawlessFlatbreads,DiligentDonuts,6751950
2026-07-04T08:02:36.538379,2026-07-04T08:02:36.547180+00:00,145.2,3,ask,DiligentDonuts,Xuanyu Liu,6751952
2026-07-04T08:02:37.197099,2026-07-04T08:02:37.204553+00:00,145.6,45,bid,CostlyCorianders,EarnestEspressos,6751965
2026-07-04T08:02:38.485767,2026-07-04T08:02:38.497642+00:00,145.2,50,ask,DiligentDonuts,FlawlessFlatbreads,6751986
2026-07-04T08:02:42.646223,2026-07-04T08:02:42.658574+00:00,145.6,50,bid,FlawlessFlatbreads,DiligentDonuts,6752040
2026-07-04T08:02:44.754818,2026-07-04T08:02:44.767011+00:00,145.7,50,bid,FlawlessFlatbreads,Alan Niu,6752070
2026-07-04T08:02:46.201896,2026-07-04T08:02:46.213503+00:00,145.3,43,ask,EarnestEspressos,CostlyCorianders,6752092
2026-07-04T08:02:46.866293,2026-07-04T08:02:46.874214+00:00,145.7,50,bid,FlawlessFlatbreads,Alan Niu,6752107
2026-07-04T08:02:48.053033,2026-07-04T08:02:48.053796+00:00,145.7,49,bid,CostlyCorianders,Alan Niu,6752121
2026-07-04T08:02:48.106867,2026-07-04T08:02:48.118299+00:00,145.3,49,ask,EarnestEspressos,CostlyCorianders,6752125
2026-07-04T08:02:48.972625,2026-07-04T08:02:48.984419+00:00,145.4,50,bid,FlawlessFlatbreads,EarnestEspressos,6752141
2026-07-04T08:02:51.675030,2026-07-04T08:02:51.682289+00:00,145.6,45,bid,CostlyCorianders,Alan Niu,6752172
2026-07-04T08:02:51.730228,2026-07-04T08:02:51.741651+00:00,145.3,45,ask,DiligentDonuts,CostlyCorianders,6752173
2026-07-04T08:02:52.385731,2026-07-04T08:02:52.397446+00:00,145.2,44,ask,EarnestEspressos,CostlyCorianders,6752182
2026-07-04T08:02:53.183100,2026-07-04T08:02:53.194776+00:00,145.5,50,bid,FlawlessFlatbreads,DiligentDonuts,6752191
2026-07-04T08:02:55.342331,2026-07-04T08:02:55.352486+00:00,145.0,50,ask,DiligentDonuts,FlawlessFlatbreads,6752219
2026-07-04T08:02:57.606953,2026-07-04T08:02:57.618490+00:00,145.2,49,bid,CostlyCorianders,EarnestEspressos,6752251
2026-07-04T08:02:59.561698,2026-07-04T08:02:59.573471+00:00,145.2,50,ask,EarnestEspressos,FlawlessFlatbreads,6752269
2026-07-04T08:03:01.060418,2026-07-04T08:03:01.069310+00:00,145.7,43,bid,CostlyCorianders,EarnestEspressos,6752291
2026-07-04T08:03:02.085919,2026-07-04T08:03:02.097775+00:00,145.3,41,ask,DiligentDonuts,CostlyCorianders,6752305
2026-07-04T08:03:04.234995,2026-07-04T08:03:04.246459+00:00,145.7,49,bid,CostlyCorianders,EarnestEspressos,6752335
2026-07-04T08:03:07.464159,2026-07-04T08:03:07.475832+00:00,145.6,49,ask,EarnestEspressos,CostlyCorianders,6752377
2026-07-04T08:03:07.996099,2026-07-04T08:03:08.002930+00:00,145.7,47,bid,CostlyCorianders,DiligentDonuts,6752388
2026-07-04T08:03:08.049519,2026-07-04T08:03:08.055740+00:00,145.4,48,ask,EarnestEspressos,CostlyCorianders,6752389
2026-07-04T08:03:10.110028,2026-07-04T08:03:10.118256+00:00,145.4,50,ask,EarnestEspressos,FlawlessFlatbreads,6752416
2026-07-04T08:03:10.144700,2026-07-04T08:03:10.158577+00:00,145.4,41,ask,EarnestEspressos,CostlyCorianders,6752417
2026-07-04T08:03:10.767389,2026-07-04T08:03:10.776227+00:00,145.4,100,ask,DiligentDonuts,EarnestEspressos,6752426
2026-07-04T08:03:10.767389,2026-07-04T08:03:10.776227+00:00,145.3,50,ask,Alan Niu,EarnestEspressos,6752427
2026-07-04T08:03:12.221753,2026-07-04T08:03:12.230350+00:00,145.2,50,ask,Alan Niu,FlawlessFlatbreads,6752451
2026-07-04T08:03:14.351295,2026-07-04T08:03:14.362500+00:00,145.5,50,ask,EarnestEspressos,FlawlessFlatbreads,6752479
2026-07-04T08:03:14.531686,2026-07-04T08:03:14.541168+00:00,145.5,100,ask,EarnestEspressos,DiligentDonuts,6752483
2026-07-04T08:03:17.089681,2026-07-04T08:03:17.113363+00:00,145.3,94,ask,Alan Niu,EarnestEspressos,6752514
2026-07-04T08:03:17.104406,2026-07-04T08:03:17.113363+00:00,145.2,3,bid,Xuanyu Liu,EarnestEspressos,6752515
2026-07-04T08:03:17.640704,2026-07-04T08:03:17.652845+00:00,145.2,53,bid,DiligentDonuts,EarnestEspressos,6752523
2026-07-04T08:03:18.336837,2026-07-04T08:03:18.345125+00:00,145.4,3,ask,DiligentDonuts,Xuanyu Liu,6752535
2026-07-04T08:03:18.560870,2026-07-04T08:03:18.569772+00:00,145.4,44,ask,DiligentDonuts,FlawlessFlatbreads,6752543
2026-07-04T08:03:18.560870,2026-07-04T08:03:18.569772+00:00,144.7,6,ask,EarnestEspressos,FlawlessFlatbreads,6752544
2026-07-04T08:03:19.644293,2026-07-04T08:03:19.653339+00:00,145.6,45,bid,CostlyCorianders,Alan Niu,6752558
2026-07-04T08:03:20.704822,2026-07-04T08:03:20.716491+00:00,145.7,44,bid,CostlyCorianders,EarnestEspressos,6752573
2026-07-04T08:03:21.714829,2026-07-04T08:03:21.721936+00:00,145.4,45,bid,Alan Niu,DiligentDonuts,6752596
2026-07-04T08:03:22.722280,2026-07-04T08:03:22.730928+00:00,145.4,50,bid,FlawlessFlatbreads,DiligentDonuts,6752605
2026-07-04T08:03:23.361570,2026-07-04T08:03:23.373293+00:00,145.4,5,bid,EarnestEspressos,DiligentDonuts,6752615
2026-07-04T08:03:24.883877,2026-07-04T08:03:24.894664+00:00,145.5,50,ask,EarnestEspressos,FlawlessFlatbreads,6752631
2026-07-04T08:03:25.536774,2026-07-04T08:03:25.545854+00:00,145.5,44,ask,EarnestEspressos,CostlyCorianders,6752634
2026-07-04T08:03:26.990187,2026-07-04T08:03:27.001382+00:00,145.3,50,ask,DiligentDonuts,FlawlessFlatbreads,6752654
2026-07-04T08:03:28.196980,2026-07-04T08:03:28.208311+00:00,145.3,43,ask,DiligentDonuts,CostlyCorianders,6752676
2026-07-04T08:03:31.390703,2026-07-04T08:03:31.402406+00:00,145.7,42,bid,CostlyCorianders,EarnestEspressos,6752714
2026-07-04T08:03:33.254391,2026-07-04T08:03:33.263897+00:00,145.8,50,bid,FlawlessFlatbreads,DiligentDonuts,6752753
2026-07-04T08:03:33.649641,2026-07-04T08:03:33.658562+00:00,145.5,46,ask,EarnestEspressos,CostlyCorianders,6752758
2026-07-04T08:03:34.280612,2026-07-04T08:03:34.287311+00:00,146.0,49,bid,CostlyCorianders,EarnestEspressos,6752764
2026-07-04T08:03:35.311280,2026-07-04T08:03:35.323029+00:00,146.0,43,bid,CostlyCorianders,EarnestEspressos,6752781
2026-07-04T08:03:35.360579,2026-07-04T08:03:35.372412+00:00,146.0,50,bid,FlawlessFlatbreads,EarnestEspressos,6752782
2026-07-04T08:03:36.027782,2026-07-04T08:03:36.039504+00:00,146.0,100,bid,EarnestEspressos,DiligentDonuts,6752792
2026-07-04T08:03:36.311833,2026-07-04T08:03:36.320636+00:00,146.2,45,ask,EarnestEspressos,CostlyCorianders,6752795
2026-07-04T08:03:39.127594,2026-07-04T08:03:39.135900+00:00,146.4,49,bid,CostlyCorianders,Alan Niu,6752830
2026-07-04T08:03:39.343148,2026-07-04T08:03:39.351258+00:00,146.1,3,ask,DiligentDonuts,Xuanyu Liu,6752836
2026-07-04T08:03:39.456967,2026-07-04T08:03:39.464109+00:00,146.1,97,ask,DiligentDonuts,Alan Niu,6752840
2026-07-04T08:03:40.287891,2026-07-04T08:03:40.299180+00:00,145.7,43,ask,EarnestEspressos,CostlyCorianders,6752847
2026-07-04T08:03:41.724851,2026-07-04T08:03:41.736499+00:00,145.7,50,ask,EarnestEspressos,FlawlessFlatbreads,6752860
2026-07-04T08:03:42.014585,2026-07-04T08:03:42.021971+00:00,146.1,47,bid,CostlyCorianders,DiligentDonuts,6752864
2026-07-04T08:03:42.406545,2026-07-04T08:03:42.427105+00:00,145.7,146,ask,Alan Niu,EarnestEspressos,6752867
2026-07-04T08:03:42.418954,2026-07-04T08:03:42.427105+00:00,145.7,3,bid,Xuanyu Liu,EarnestEspressos,6752868
2026-07-04T08:03:42.630999,2026-07-04T08:03:42.642488+00:00,145.7,1,bid,CostlyCorianders,EarnestEspressos,6752874
2026-07-04T08:03:43.269778,2026-07-04T08:03:43.278703+00:00,145.9,3,ask,DiligentDonuts,Xuanyu Liu,6752890
2026-07-04T08:03:43.272576,2026-07-04T08:03:43.278703+00:00,145.9,97,ask,DiligentDonuts,Alan Niu,6752891
2026-07-04T08:03:43.832622,2026-07-04T08:03:43.844603+00:00,145.5,50,ask,Alan Niu,FlawlessFlatbreads,6752901
2026-07-04T08:03:45.378595,2026-07-04T08:03:45.390302+00:00,145.5,47,ask,Alan Niu,CostlyCorianders,6752926
2026-07-04T08:03:45.378595,2026-07-04T08:03:45.390302+00:00,145.2,1,ask,EarnestEspressos,CostlyCorianders,6752927
2026-07-04T08:03:45.852790,2026-07-04T08:03:45.859618+00:00,145.6,42,ask,EarnestEspressos,CostlyCorianders,6752934
2026-07-04T08:03:45.962559,2026-07-04T08:03:45.974509+00:00,145.6,50,ask,EarnestEspressos,FlawlessFlatbreads,6752939
2026-07-04T08:03:48.070625,2026-07-04T08:03:48.078589+00:00,145.6,50,ask,EarnestEspressos,FlawlessFlatbreads,6752974
2026-07-04T08:03:48.732194,2026-07-04T08:03:48.739225+00:00,145.5,100,ask,DiligentDonuts,EarnestEspressos,6752986
2026-07-04T08:03:48.745501,2026-07-04T08:03:48.752724+00:00,145.4,3,bid,Xuanyu Liu,EarnestEspressos,6752987
2026-07-04T08:03:48.798644,2026-07-04T08:03:48.806247+00:00,145.4,45,bid,CostlyCorianders,EarnestEspressos,6752991
2026-07-04T08:03:48.922414,2026-07-04T08:03:48.931833+00:00,145.4,2,bid,Xuanyu Liu,EarnestEspressos,6752995
2026-07-04T08:03:49.434714,2026-07-04T08:03:49.446485+00:00,145.5,43,bid,CostlyCorianders,DiligentDonuts,6753000
2026-07-04T08:03:50.125302,2026-07-04T08:03:50.133369+00:00,145.5,50,bid,FlawlessFlatbreads,DiligentDonuts,6753011
2026-07-04T08:03:51.689419,2026-07-04T08:03:51.697070+00:00,145.5,7,bid,CostlyCorianders,DiligentDonuts,6753041
2026-07-04T08:03:52.286139,2026-07-04T08:03:52.298184+00:00,145.6,50,ask,EarnestEspressos,FlawlessFlatbreads,6753051
2026-07-04T08:03:52.480840,2026-07-04T08:03:52.498269+00:00,145.6,2,ask,EarnestEspressos,Xuanyu Liu,6753052
2026-07-04T08:03:54.114225,2026-07-04T08:03:54.125700+00:00,145.6,45,ask,EarnestEspressos,CostlyCorianders,6753077
2026-07-04T08:03:54.343622,2026-07-04T08:03:54.355026+00:00,145.8,50,bid,FlawlessFlatbreads,DiligentDonuts,6753082
2026-07-04T08:03:56.500182,2026-07-04T08:03:56.511689+00:00,145.4,50,ask,DiligentDonuts,FlawlessFlatbreads,6753112
2026-07-04T08:03:58.609914,2026-07-04T08:03:58.621333+00:00,145.4,50,ask,DiligentDonuts,FlawlessFlatbreads,6753140
2026-07-04T08:03:58.654528,2026-07-04T08:03:58.664047+00:00,145.6,49,bid,CostlyCorianders,EarnestEspressos,6753141
2026-07-04T08:03:59.795078,2026-07-04T08:03:59.803314+00:00,145.5,3,bid,Xuanyu Liu,DiligentDonuts,6753157
2026-07-04T08:04:00.237706,2026-07-04T08:04:00.249346+00:00,145.1,49,ask,EarnestEspressos,CostlyCorianders,6753170
2026-07-04T08:04:01.250122,2026-07-04T08:04:01.252871+00:00,145.5,45,bid,CostlyCorianders,DiligentDonuts,6753186
2026-07-04T08:04:02.825979,2026-07-04T08:04:02.837657+00:00,145.4,50,ask,DiligentDonuts,FlawlessFlatbreads,6753213
2026-07-04T08:04:02.896311,2026-07-04T08:04:02.907779+00:00,145.4,40,ask,DiligentDonuts,CostlyCorianders,6753215
2026-07-04T08:04:03.473100,2026-07-04T08:04:03.480509+00:00,145.4,10,ask,DiligentDonuts,CostlyCorianders,6753223
2026-07-04T08:04:07.035287,2026-07-04T08:04:07.044775+00:00,145.3,50,ask,EarnestEspressos,FlawlessFlatbreads,6753271
2026-07-04T08:04:09.085088,2026-07-04T08:04:09.094977+00:00,145.6,43,bid,CostlyCorianders,EarnestEspressos,6753295
2026-07-04T08:04:12.201540,2026-07-04T08:04:12.216856+00:00,145.3,43,ask,EarnestEspressos,CostlyCorianders,6753342
2026-07-04T08:04:13.277109,2026-07-04T08:04:13.288775+00:00,145.3,49,ask,EarnestEspressos,CostlyCorianders,6753355
2026-07-04T08:04:13.299160,2026-07-04T08:04:13.310739+00:00,145.8,50,bid,FlawlessFlatbreads,EarnestEspressos,6753356
2026-07-04T08:04:15.408074,2026-07-04T08:04:15.419745+00:00,145.5,50,bid,FlawlessFlatbreads,EarnestEspressos,6753387
2026-07-04T08:04:15.485770,2026-07-04T08:04:15.495222+00:00,145.5,23,bid,Xuanyu Liu,EarnestEspressos,6753390
2026-07-04T08:04:16.094234,2026-07-04T08:04:16.105744+00:00,145.5,11,bid,Xuanyu Liu,EarnestEspressos,6753397
2026-07-04T08:04:17.131295,2026-07-04T08:04:17.142986+00:00,145.6,100,bid,EarnestEspressos,DiligentDonuts,6753416
2026-07-04T08:04:17.144223,2026-07-04T08:04:17.152638+00:00,145.7,11,ask,EarnestEspressos,Xuanyu Liu,6753417
2026-07-04T08:04:17.435540,2026-07-04T08:04:17.445670+00:00,146.2,41,bid,CostlyCorianders,EarnestEspressos,6753427
2026-07-04T08:04:17.591058,2026-07-04T08:04:17.601180+00:00,145.7,39,ask,EarnestEspressos,FlawlessFlatbreads,6753430
2026-07-04T08:04:17.591058,2026-07-04T08:04:17.601180+00:00,145.1,11,ask,DiligentDonuts,FlawlessFlatbreads,6753431
2026-07-04T08:04:19.190771,2026-07-04T08:04:19.197752+00:00,146.2,48,bid,CostlyCorianders,EarnestEspressos,6753452
2026-07-04T08:04:19.700998,2026-07-04T08:04:19.708994+00:00,145.7,50,ask,DiligentDonuts,FlawlessFlatbreads,6753457
2026-07-04T08:04:20.000335,2026-07-04T08:04:20.008934+00:00,145.7,12,ask,DiligentDonuts,Xuanyu Liu,6753461
2026-07-04T08:04:21.170085,2026-07-04T08:04:21.182077+00:00,145.8,40,bid,CostlyCorianders,EarnestEspressos,6753482
2026-07-04T08:04:21.785244,2026-07-04T08:04:21.796993+00:00,145.6,44,ask,DiligentDonuts,CostlyCorianders,6753488
2026-07-04T08:04:21.807945,2026-07-04T08:04:21.816355+00:00,145.6,50,ask,DiligentDonuts,FlawlessFlatbreads,6753489
2026-07-04T08:04:23.229307,2026-07-04T08:04:23.240903+00:00,145.8,49,bid,CostlyCorianders,EarnestEspressos,6753503
2026-07-04T08:04:23.914679,2026-07-04T08:04:23.923861+00:00,145.9,50,ask,EarnestEspressos,FlawlessFlatbreads,6753518
2026-07-04T08:04:24.111925,2026-07-04T08:04:24.122603+00:00,145.9,100,ask,EarnestEspressos,DiligentDonuts,6753523
2026-07-04T08:04:25.982366,2026-07-04T08:04:25.993714+00:00,145.2,47,ask,DiligentDonuts,CostlyCorianders,6753543
2026-07-04T08:04:26.038259,2026-07-04T08:04:26.047498+00:00,145.2,50,ask,DiligentDonuts,FlawlessFlatbreads,6753544
2026-07-04T08:04:26.993454,2026-07-04T08:04:27.003490+00:00,145.9,41,bid,CostlyCorianders,EarnestEspressos,6753556
2026-07-04T08:04:28.094443,2026-07-04T08:04:28.105981+00:00,145.9,50,bid,FlawlessFlatbreads,EarnestEspressos,6753569
2026-07-04T08:04:28.628928,2026-07-04T08:04:28.638257+00:00,145.4,45,ask,EarnestEspressos,CostlyCorianders,6753571
2026-07-04T08:04:30.201257,2026-07-04T08:04:30.213000+00:00,145.9,50,bid,FlawlessFlatbreads,DiligentDonuts,6753580
2026-07-04T08:04:32.359190,2026-07-04T08:04:32.371082+00:00,145.7,50,ask,EarnestEspressos,FlawlessFlatbreads,6753613
2026-07-04T08:04:33.090753,2026-07-04T08:04:33.101144+00:00,145.9,12,bid,Xuanyu Liu,EarnestEspressos,6753628
2026-07-04T08:04:33.688722,2026-07-04T08:04:33.700074+00:00,145.9,11,bid,Xuanyu Liu,EarnestEspressos,6753641
2026-07-04T08:04:34.468065,2026-07-04T08:04:34.479506+00:00,145.7,50,ask,DiligentDonuts,FlawlessFlatbreads,6753652
2026-07-04T08:04:36.574885,2026-07-04T08:04:36.586589+00:00,145.7,50,ask,DiligentDonuts,FlawlessFlatbreads,6753683
2026-07-04T08:04:37.016929,2026-07-04T08:04:37.025153+00:00,145.9,12,bid,Xuanyu Liu,DiligentDonuts,6753692
2026-07-04T08:04:37.441945,2026-07-04T08:04:37.463679+00:00,145.9,46,bid,CostlyCorianders,DiligentDonuts,6753700
2026-07-04T08:04:37.497139,2026-07-04T08:04:37.508732+00:00,145.7,42,ask,EarnestEspressos,CostlyCorianders,6753701
2026-07-04T08:04:38.680377,2026-07-04T08:04:38.691987+00:00,145.7,50,ask,EarnestEspressos,FlawlessFlatbreads,6753718
2026-07-04T08:04:40.303355,2026-07-04T08:04:40.317837+00:00,145.6,42,bid,CostlyCorianders,EarnestEspressos,6753740
2026-07-04T08:04:40.359344,2026-07-04T08:04:40.370911+00:00,145.4,42,ask,DiligentDonuts,CostlyCorianders,6753742
2026-07-04T08:04:40.736708,2026-07-04T08:04:40.747825+00:00,145.6,50,bid,FlawlessFlatbreads,EarnestEspressos,6753746
2026-07-04T08:04:41.389222,2026-07-04T08:04:41.398658+00:00,145.6,40,bid,CostlyCorianders,EarnestEspressos,6753757
2026-07-04T08:04:42.845527,2026-07-04T08:04:42.858615+00:00,145.9,50,bid,FlawlessFlatbreads,DiligentDonuts,6753780
2026-07-04T08:04:42.950080,2026-07-04T08:04:42.961723+00:00,145.5,45,ask,EarnestEspressos,CostlyCorianders,6753784
2026-07-04T08:04:43.452244,2026-07-04T08:04:43.464236+00:00,145.7,43,bid,CostlyCorianders,DiligentDonuts,6753793
2026-07-04T08:04:44.550556,2026-07-04T08:04:44.563627+00:00,145.5,12,ask,EarnestEspressos,Xuanyu Liu,6753815
2026-07-04T08:04:45.595434,2026-07-04T08:04:45.607378+00:00,145.2,49,ask,DiligentDonuts,CostlyCorianders,6753832
2026-07-04T08:04:46.718221,2026-07-04T08:04:46.730182+00:00,145.2,49,ask,EarnestEspressos,CostlyCorianders,6753848
2026-07-04T08:04:47.056986,2026-07-04T08:04:47.068939+00:00,145.6,50,bid,FlawlessFlatbreads,DiligentDonuts,6753856
2026-07-04T08:04:49.162932,2026-07-04T08:04:49.174523+00:00,145.6,50,bid,FlawlessFlatbreads,DiligentDonuts,6753880
2026-07-04T08:04:49.955451,2026-07-04T08:04:49.958553+00:00,145.6,48,bid,CostlyCorianders,EarnestEspressos,6753888
2026-07-04T08:04:50.435884,2026-07-04T08:04:50.446070+00:00,145.6,42,bid,CostlyCorianders,EarnestEspressos,6753896
2026-07-04T08:04:51.269940,2026-07-04T08:04:51.277694+00:00,145.6,50,bid,FlawlessFlatbreads,EarnestEspressos,6753910
2026-07-04T08:04:53.051414,2026-07-04T08:04:53.059715+00:00,145.7,11,ask,EarnestEspressos,Xuanyu Liu,6753936
2026-07-04T08:04:53.375994,2026-07-04T08:04:53.384720+00:00,146.1,50,bid,FlawlessFlatbreads,DiligentDonuts,6753940
2026-07-04T08:04:55.500868,2026-07-04T08:04:55.511612+00:00,146.1,50,bid,FlawlessFlatbreads,DiligentDonuts,6753979
2026-07-04T08:04:55.501068,2026-07-04T08:04:55.511612+00:00,145.6,40,ask,DiligentDonuts,CostlyCorianders,6753980
2026-07-04T08:04:56.659748,2026-07-04T08:04:56.669935+00:00,145.8,12,ask,DiligentDonuts,Xuanyu Liu,6753997
2026-07-04T08:04:57.659062,2026-07-04T08:04:57.670739+00:00,145.8,50,ask,DiligentDonuts,FlawlessFlatbreads,6754012
2026-07-04T08:04:59.080585,2026-07-04T08:04:59.091942+00:00,145.5,42,ask,EarnestEspressos,CostlyCorianders,6754041
2026-07-04T08:04:59.766583,2026-07-04T08:04:59.772910+00:00,145.5,50,ask,EarnestEspressos,FlawlessFlatbreads,6754055
2026-07-04T08:05:01.871702,2026-07-04T08:05:01.886124+00:00,145.5,50,ask,DiligentDonuts,FlawlessFlatbreads,6754087
2026-07-04T08:05:01.875723,2026-07-04T08:05:01.886124+00:00,145.6,23,bid,Xuanyu Liu,EarnestEspressos,6754088
2026-07-04T08:05:02.015199,2026-07-04T08:05:02.023097+00:00,145.6,100,bid,DiligentDonuts,EarnestEspressos,6754090
2026-07-04T08:05:04.594471,2026-07-04T08:05:04.602345+00:00,145.8,11,ask,EarnestEspressos,Xuanyu Liu,6754130
2026-07-04T08:05:04.759408,2026-07-04T08:05:04.770830+00:00,146.1,42,bid,CostlyCorianders,DiligentDonuts,6754134
2026-07-04T08:05:05.245848,2026-07-04T08:05:05.249824+00:00,145.8,100,ask,EarnestEspressos,DiligentDonuts,6754142
2026-07-04T08:05:05.844363,2026-07-04T08:05:05.850992+00:00,145.8,39,ask,EarnestEspressos,CostlyCorianders,6754155
2026-07-04T08:05:06.086376,2026-07-04T08:05:06.096087+00:00,145.3,50,ask,DiligentDonuts,FlawlessFlatbreads,6754159
2026-07-04T08:05:07.863908,2026-07-04T08:05:07.874650+00:00,145.6,41,bid,CostlyCorianders,EarnestEspressos,6754179
2026-07-04T08:05:08.196940,2026-07-04T08:05:08.207224+00:00,145.3,50,ask,DiligentDonuts,FlawlessFlatbreads,6754186
2026-07-04T08:05:10.162371,2026-07-04T08:05:10.173857+00:00,145.6,48,bid,CostlyCorianders,EarnestEspressos,6754213
2026-07-04T08:05:10.757661,2026-07-04T08:05:10.766901+00:00,145.2,46,ask,EarnestEspressos,CostlyCorianders,6754221
2026-07-04T08:05:11.327045,2026-07-04T08:05:11.336024+00:00,145.3,49,ask,EarnestEspressos,CostlyCorianders,6754228
2026-07-04T08:05:12.405961,2026-07-04T08:05:12.417479+00:00,145.3,50,ask,EarnestEspressos,FlawlessFlatbreads,6754239
2026-07-04T08:05:14.134856,2026-07-04T08:05:14.144031+00:00,145.4,23,bid,Xuanyu Liu,EarnestEspressos,6754266
2026-07-04T08:05:14.252481,2026-07-04T08:05:14.263943+00:00,145.4,43,bid,CostlyCorianders,EarnestEspressos,6754269
2026-07-04T08:05:14.513512,2026-07-04T08:05:14.523916+00:00,145.1,50,ask,DiligentDonuts,FlawlessFlatbreads,6754271
2026-07-04T08:05:18.089454,2026-07-04T08:05:18.101361+00:00,145.4,48,bid,CostlyCorianders,DiligentDonuts,6754321
2026-07-04T08:05:18.736306,2026-07-04T08:05:18.748296+00:00,145.2,50,ask,EarnestEspressos,FlawlessFlatbreads,6754330
2026-07-04T08:05:19.248754,2026-07-04T08:05:19.260449+00:00,145.4,43,bid,CostlyCorianders,DiligentDonuts,6754333
2026-07-04T08:05:22.949510,2026-07-04T08:05:22.961075+00:00,145.3,50,ask,DiligentDonuts,FlawlessFlatbreads,6754388
2026-07-04T08:05:23.614397,2026-07-04T08:05:23.626362+00:00,145.3,50,ask,DiligentDonuts,EarnestEspressos,6754395
2026-07-04T08:05:25.005353,2026-07-04T08:05:25.017351+00:00,145.3,50,bid,FlawlessFlatbreads,EarnestEspressos,6754423
2026-07-04T08:05:25.021537,2026-07-04T08:05:25.033068+00:00,144.9,47,ask,DiligentDonuts,CostlyCorianders,6754424
2026-07-04T08:05:26.191527,2026-07-04T08:05:26.202948+00:00,145.3,41,bid,CostlyCorianders,EarnestEspressos,6754443
2026-07-04T08:05:26.711559,2026-07-04T08:05:26.721304+00:00,144.9,40,ask,DiligentDonuts,CostlyCorianders,6754453
2026-07-04T08:05:26.725009,2026-07-04T08:05:26.731453+00:00,145.4,100,bid,EarnestEspressos,DiligentDonuts,6754454
2026-07-04T08:05:27.801653,2026-07-04T08:05:27.813611+00:00,145.4,46,ask,EarnestEspressos,CostlyCorianders,6754485
2026-07-04T08:05:28.222919,2026-07-04T08:05:28.231202+00:00,145.4,4,ask,EarnestEspressos,Xuanyu Liu,6754492
2026-07-04T08:05:29.179075,2026-07-04T08:05:29.190248+00:00,145.5,41,bid,CostlyCorianders,DiligentDonuts,6754504
2026-07-04T08:05:29.217439,2026-07-04T08:05:29.228685+00:00,145.5,50,bid,FlawlessFlatbreads,DiligentDonuts,6754505
2026-07-04T08:05:29.959425,2026-07-04T08:05:29.966915+00:00,145.1,15,bid,Xuanyu Liu,EarnestEspressos,6754517
2026-07-04T08:05:30.494047,2026-07-04T08:05:30.505079+00:00,145.1,100,bid,DiligentDonuts,EarnestEspressos,6754521
2026-07-04T08:05:31.324505,2026-07-04T08:05:31.332244+00:00,145.1,35,bid,FlawlessFlatbreads,EarnestEspressos,6754533
2026-07-04T08:05:31.324505,2026-07-04T08:05:31.337501+00:00,145.6,15,bid,FlawlessFlatbreads,DiligentDonuts,6754534
2026-07-04T08:05:33.070356,2026-07-04T08:05:33.079270+00:00,145.4,34,ask,EarnestEspressos,Xuanyu Liu,6754554
2026-07-04T08:05:33.431553,2026-07-04T08:05:33.440506+00:00,145.6,50,bid,FlawlessFlatbreads,DiligentDonuts,6754561
2026-07-04T08:05:33.479032,2026-07-04T08:05:33.485964+00:00,145.4,41,ask,EarnestEspressos,CostlyCorianders,6754562
2026-07-04T08:05:33.717227,2026-07-04T08:05:33.729168+00:00,145.4,75,ask,EarnestEspressos,DiligentDonuts,6754570
2026-07-04T08:05:34.039419,2026-07-04T08:05:34.058605+00:00,145.4,25,bid,CostlyCorianders,DiligentDonuts,6754573
2026-07-04T08:05:36.280214,2026-07-04T08:05:36.289614+00:00,145.3,11,bid,Xuanyu Liu,EarnestEspressos,6754598
2026-07-04T08:05:36.685161,2026-07-04T08:05:36.692903+00:00,145.3,12,bid,Xuanyu Liu,EarnestEspressos,6754604
2026-07-04T08:05:36.826602,2026-07-04T08:05:36.836586+00:00,145.3,100,bid,DiligentDonuts,EarnestEspressos,6754608
2026-07-04T08:05:37.713537,2026-07-04T08:05:37.725187+00:00,144.8,50,ask,EarnestEspressos,FlawlessFlatbreads,6754619
2026-07-04T08:05:39.820177,2026-07-04T08:05:39.831953+00:00,145.1,50,ask,EarnestEspressos,FlawlessFlatbreads,6754652
2026-07-04T08:05:41.875194,2026-07-04T08:05:41.886758+00:00,145.5,50,bid,FlawlessFlatbreads,DiligentDonuts,6754674
2026-07-04T08:05:43.934451,2026-07-04T08:05:43.943513+00:00,145.2,11,bid,Xuanyu Liu,EarnestEspressos,6754701
2026-07-04T08:05:44.036987,2026-07-04T08:05:44.048698+00:00,145.0,50,ask,DiligentDonuts,FlawlessFlatbreads,6754703
2026-07-04T08:05:46.146059,2026-07-04T08:05:46.159386+00:00,145.0,50,ask,DiligentDonuts,FlawlessFlatbreads,6754726
2026-07-04T08:05:46.957814,2026-07-04T08:05:46.969588+00:00,145.3,42,bid,CostlyCorianders,EarnestEspressos,6754740
2026-07-04T08:05:47.531333,2026-07-04T08:05:47.538151+00:00,144.9,44,ask,DiligentDonuts,CostlyCorianders,6754749
2026-07-04T08:05:48.252631,2026-07-04T08:05:48.264238+00:00,144.9,50,ask,DiligentDonuts,FlawlessFlatbreads,6754760
2026-07-04T08:05:49.519650,2026-07-04T08:05:49.530689+00:00,145.1,100,ask,EarnestEspressos,DiligentDonuts,6754775
2026-07-04T08:05:50.362815,2026-07-04T08:05:50.372485+00:00,145.1,50,ask,EarnestEspressos,FlawlessFlatbreads,6754785
2026-07-04T08:05:52.099252,2026-07-04T08:05:52.108631+00:00,144.8,11,bid,Xuanyu Liu,EarnestEspressos,6754816
2026-07-04T08:05:52.417883,2026-07-04T08:05:52.427143+00:00,144.8,50,bid,FlawlessFlatbreads,EarnestEspressos,6754825
2026-07-04T08:05:52.961605,2026-07-04T08:05:52.971374+00:00,144.8,12,bid,Xuanyu Liu,EarnestEspressos,6754833
2026-07-04T08:05:54.524234,2026-07-04T08:05:54.535904+00:00,144.8,50,bid,FlawlessFlatbreads,EarnestEspressos,6754857
2026-07-04T08:05:56.630147,2026-07-04T08:05:56.638839+00:00,145.2,50,bid,FlawlessFlatbreads,EarnestEspressos,6754886
2026-07-04T08:05:58.358236,2026-07-04T08:05:58.417401+00:00,145.2,100,bid,EarnestEspressos,DiligentDonuts,6754909
2026-07-04T08:05:58.399431,2026-07-04T08:05:58.417401+00:00,145.2,12,ask,EarnestEspressos,Xuanyu Liu,6754911
2026-07-04T08:05:58.737905,2026-07-04T08:05:58.749426+00:00,145.7,50,bid,FlawlessFlatbreads,EarnestEspressos,6754918
2026-07-04T08:05:58.964892,2026-07-04T08:05:58.976683+00:00,145.3,11,ask,DiligentDonuts,Xuanyu Liu,6754920
2026-07-04T08:05:59.512541,2026-07-04T08:05:59.520576+00:00,145.3,11,ask,DiligentDonuts,Xuanyu Liu,6754934
2026-07-04T08:05:59.557097,2026-07-04T08:05:59.568778+00:00,145.3,48,ask,DiligentDonuts,CostlyCorianders,6754936
2026-07-04T08:06:00.843470,2026-07-04T08:06:00.854950+00:00,145.7,50,bid,FlawlessFlatbreads,EarnestEspressos,6754959
2026-07-04T08:06:01.916574,2026-07-04T08:06:01.928376+00:00,145.8,42,bid,CostlyCorianders,DiligentDonuts,6754972
2026-07-04T08:06:02.996353,2026-07-04T08:06:03.008167+00:00,145.8,48,bid,CostlyCorianders,EarnestEspressos,6754985
2026-07-04T08:06:03.052813,2026-07-04T08:06:03.064047+00:00,145.4,40,ask,DiligentDonuts,CostlyCorianders,6754986
2026-07-04T08:06:04.730236,2026-07-04T08:06:04.737149+00:00,145.9,100,bid,EarnestEspressos,DiligentDonuts,6755015
2026-07-04T08:06:05.107283,2026-07-04T08:06:05.116209+00:00,146.0,50,ask,EarnestEspressos,FlawlessFlatbreads,6755025
2026-07-04T08:06:05.607008,2026-07-04T08:06:05.618761+00:00,146.0,45,ask,DiligentDonuts,CostlyCorianders,6755034
2026-07-04T08:06:06.213699,2026-07-04T08:06:06.225577+00:00,146.5,41,bid,CostlyCorianders,EarnestEspressos,6755040
2026-07-04T08:06:07.212028,2026-07-04T08:06:07.223850+00:00,146.0,50,ask,DiligentDonuts,FlawlessFlatbreads,6755060
2026-07-04T08:06:07.367093,2026-07-04T08:06:07.375051+00:00,146.0,5,ask,DiligentDonuts,Xuanyu Liu,6755063
2026-07-04T08:06:08.621626,2026-07-04T08:06:08.633105+00:00,145.8,41,bid,CostlyCorianders,EarnestEspressos,6755090
2026-07-04T08:06:09.300148,2026-07-04T08:06:09.310486+00:00,145.8,50,bid,FlawlessFlatbreads,EarnestEspressos,6755102
2026-07-04T08:06:11.406532,2026-07-04T08:06:11.418008+00:00,146.0,50,bid,FlawlessFlatbreads,DiligentDonuts,6755138
2026-07-04T08:06:13.513863,2026-07-04T08:06:13.521335+00:00,146.0,50,bid,FlawlessFlatbreads,EarnestEspressos,6755179
2026-07-04T08:06:14.229671,2026-07-04T08:06:14.238340+00:00,145.8,7,ask,EarnestEspressos,Xuanyu Liu,6755188
2026-07-04T08:06:15.632630,2026-07-04T08:06:15.649719+00:00,146.0,50,bid,FlawlessFlatbreads,DiligentDonuts,6755210
2026-07-04T08:06:15.649649,2026-07-04T08:06:15.655018+00:00,145.8,41,ask,EarnestEspressos,CostlyCorianders,6755213
2026-07-04T08:06:17.761011,2026-07-04T08:06:17.774875+00:00,146.0,50,bid,FlawlessFlatbreads,DiligentDonuts,6755241
2026-07-04T08:06:19.875373,2026-07-04T08:06:19.884984+00:00,146.2,50,bid,FlawlessFlatbreads,EarnestEspressos,6755275
2026-07-04T08:06:20.494680,2026-07-04T08:06:20.502749+00:00,145.9,11,ask,DiligentDonuts,Xuanyu Liu,6755284
2026-07-04T08:06:20.936980,2026-07-04T08:06:20.956337+00:00,145.9,44,ask,DiligentDonuts,CostlyCorianders,6755295
2026-07-04T08:06:21.981488,2026-07-04T08:06:21.993208+00:00,146.2,50,bid,FlawlessFlatbreads,DiligentDonuts,6755310
2026-07-04T08:06:22.016745,2026-07-04T08:06:22.029515+00:00,146.2,43,bid,CostlyCorianders,DiligentDonuts,6755312
2026-07-04T08:06:24.143690,2026-07-04T08:06:24.146701+00:00,146.0,50,ask,EarnestEspressos,FlawlessFlatbreads,6755346
2026-07-04T08:06:24.448876,2026-07-04T08:06:24.465289+00:00,146.2,12,ask,DiligentDonuts,Xuanyu Liu,6755352
2026-07-04T08:06:24.722100,2026-07-04T08:06:24.733638+00:00,146.2,46,ask,DiligentDonuts,CostlyCorianders,6755361
2026-07-04T08:06:25.092818,2026-07-04T08:06:25.100790+00:00,146.2,11,ask,DiligentDonuts,Xuanyu Liu,6755366
2026-07-04T08:06:26.799215,2026-07-04T08:06:26.810902+00:00,146.2,31,ask,DiligentDonuts,CostlyCorianders,6755380
2026-07-04T08:06:26.799215,2026-07-04T08:06:26.810902+00:00,146.0,12,ask,EarnestEspressos,CostlyCorianders,6755381
2026-07-04T08:06:28.363918,2026-07-04T08:06:28.375354+00:00,145.8,50,ask,DiligentDonuts,FlawlessFlatbreads,6755400
2026-07-04T08:06:30.478194,2026-07-04T08:06:30.491082+00:00,145.8,50,ask,DiligentDonuts,FlawlessFlatbreads,6755425
2026-07-04T08:06:30.644945,2026-07-04T08:06:30.653301+00:00,145.9,11,bid,Xuanyu Liu,DiligentDonuts,6755429
2026-07-04T08:06:31.047113,2026-07-04T08:06:31.054485+00:00,145.9,48,bid,CostlyCorianders,DiligentDonuts,6755437
2026-07-04T08:06:31.611833,2026-07-04T08:06:31.623832+00:00,145.9,41,bid,CostlyCorianders,DiligentDonuts,6755446
2026-07-04T08:06:31.611833,2026-07-04T08:06:31.623832+00:00,146.0,1,bid,CostlyCorianders,EarnestEspressos,6755447
2026-07-04T08:06:32.079402,2026-07-04T08:06:32.091140+00:00,145.5,48,ask,EarnestEspressos,CostlyCorianders,6755457
2026-07-04T08:06:32.322100,2026-07-04T08:06:32.336749+00:00,146.0,35,bid,Xuanyu Liu,EarnestEspressos,6755460
2026-07-04T08:06:32.584393,2026-07-04T08:06:32.595926+00:00,145.5,50,ask,EarnestEspressos,FlawlessFlatbreads,6755466
2026-07-04T08:06:34.691400,2026-07-04T08:06:34.700538+00:00,146.1,50,ask,DiligentDonuts,FlawlessFlatbreads,6755494
2026-07-04T08:06:36.748971,2026-07-04T08:06:36.760901+00:00,146.4,50,bid,FlawlessFlatbreads,EarnestEspressos,6755530
2026-07-04T08:06:39.696630,2026-07-04T08:06:39.708475+00:00,146.6,42,bid,CostlyCorianders,EarnestEspressos,6755574
2026-07-04T08:06:41.010113,2026-07-04T08:06:41.021644+00:00,146.1,50,ask,EarnestEspressos,FlawlessFlatbreads,6755592
2026-07-04T08:06:43.117698,2026-07-04T08:06:43.125092+00:00,146.3,50,ask,EarnestEspressos,FlawlessFlatbreads,6755619
2026-07-04T08:06:43.423573,2026-07-04T08:06:43.433809+00:00,146.8,40,bid,CostlyCorianders,EarnestEspressos,6755625
2026-07-04T08:06:45.109488,2026-07-04T08:06:45.115811+00:00,146.3,47,ask,EarnestEspressos,CostlyCorianders,6755649
2026-07-04T08:06:47.326001,2026-07-04T08:06:47.337748+00:00,146.4,50,ask,DiligentDonuts,FlawlessFlatbreads,6755676
2026-07-04T08:06:50.464824,2026-07-04T08:06:50.475790+00:00,146.8,49,bid,CostlyCorianders,EarnestEspressos,6755703
2026-07-04T08:06:51.486715,2026-07-04T08:06:51.498254+00:00,146.8,50,bid,FlawlessFlatbreads,EarnestEspressos,6755724
2026-07-04T08:06:53.593664,2026-07-04T08:06:53.605038+00:00,146.9,50,bid,FlawlessFlatbreads,DiligentDonuts,6755754
2026-07-04T08:06:54.080643,2026-07-04T08:06:54.090765+00:00,146.7,44,ask,EarnestEspressos,CostlyCorianders,6755761
2026-07-04T08:06:55.701299,2026-07-04T08:06:55.712158+00:00,146.9,50,bid,FlawlessFlatbreads,DiligentDonuts,6755792
2026-07-04T08:06:57.238209,2026-07-04T08:06:57.246353+00:00,147.0,23,ask,DiligentDonuts,Xuanyu Liu,6755816
2026-07-04T08:06:57.808601,2026-07-04T08:06:57.816207+00:00,147.2,50,bid,FlawlessFlatbreads,EarnestEspressos,6755831
2026-07-04T08:07:01.872584,2026-07-04T08:07:01.880005+00:00,147.2,41,bid,CostlyCorianders,DiligentDonuts,6755880
2026-07-04T08:07:02.955824,2026-07-04T08:07:02.958546+00:00,146.9,40,ask,DiligentDonuts,CostlyCorianders,6755897
2026-07-04T08:07:04.124286,2026-07-04T08:07:04.131703+00:00,147.3,50,bid,FlawlessFlatbreads,EarnestEspressos,6755913
2026-07-04T08:07:06.230805,2026-07-04T08:07:06.237742+00:00,147.3,50,bid,FlawlessFlatbreads,DiligentDonuts,6755943
2026-07-04T08:07:08.387565,2026-07-04T08:07:08.395796+00:00,147.0,50,ask,EarnestEspressos,FlawlessFlatbreads,6755971
2026-07-04T08:07:08.398968,2026-07-04T08:07:08.405967+00:00,147.3,47,bid,CostlyCorianders,DiligentDonuts,6755972
2026-07-04T08:07:08.453577,2026-07-04T08:07:08.463603+00:00,147.0,48,ask,EarnestEspressos,CostlyCorianders,6755973
2026-07-04T08:07:09.024935,2026-07-04T08:07:09.033865+00:00,147.1,12,ask,DiligentDonuts,Xuanyu Liu,6755987
2026-07-04T08:07:09.992370,2026-07-04T08:07:10.001398+00:00,147.1,48,ask,DiligentDonuts,CostlyCorianders,6756000
2026-07-04T08:07:10.494348,2026-07-04T08:07:10.503641+00:00,147.1,40,ask,DiligentDonuts,FlawlessFlatbreads,6756008
2026-07-04T08:07:10.494348,2026-07-04T08:07:10.503641+00:00,147.0,10,ask,EarnestEspressos,FlawlessFlatbreads,6756009
2026-07-04T08:07:10.639011,2026-07-04T08:07:10.650487+00:00,147.5,49,bid,CostlyCorianders,EarnestEspressos,6756012
2026-07-04T08:07:11.262770,2026-07-04T08:07:11.274767+00:00,146.7,43,ask,EarnestEspressos,CostlyCorianders,6756023
2026-07-04T08:07:12.603569,2026-07-04T08:07:12.615032+00:00,146.7,50,ask,EarnestEspressos,FlawlessFlatbreads,6756034
2026-07-04T08:07:13.513891,2026-07-04T08:07:13.525372+00:00,147.1,46,bid,CostlyCorianders,DiligentDonuts,6756046
2026-07-04T08:07:14.450148,2026-07-04T08:07:14.459774+00:00,146.8,12,bid,Xuanyu Liu,EarnestEspressos,6756059
2026-07-04T08:07:14.675433,2026-07-04T08:07:14.684762+00:00,146.8,50,bid,FlawlessFlatbreads,EarnestEspressos,6756067
2026-07-04T08:07:14.900718,2026-07-04T08:07:14.911317+00:00,146.8,88,bid,DiligentDonuts,EarnestEspressos,6756071
2026-07-04T08:07:15.686561,2026-07-04T08:07:15.698079+00:00,146.8,12,ask,DiligentDonuts,CostlyCorianders,6756080
2026-07-04T08:07:16.785991,2026-07-04T08:07:16.796015+00:00,147.3,50,bid,FlawlessFlatbreads,DiligentDonuts,6756101
2026-07-04T08:07:18.894813,2026-07-04T08:07:18.911353+00:00,147.0,50,bid,FlawlessFlatbreads,DiligentDonuts,6756131
2026-07-04T08:07:19.235366,2026-07-04T08:07:19.241827+00:00,146.8,43,ask,EarnestEspressos,CostlyCorianders,6756137
2026-07-04T08:07:21.000288,2026-07-04T08:07:21.012007+00:00,147.0,50,bid,FlawlessFlatbreads,DiligentDonuts,6756165
2026-07-04T08:07:23.192670,2026-07-04T08:07:23.200868+00:00,146.9,23,ask,DiligentDonuts,Xuanyu Liu,6756186
2026-07-04T08:07:23.949027,2026-07-04T08:07:23.958549+00:00,146.9,77,ask,DiligentDonuts,EarnestEspressos,6756194
2026-07-04T08:07:25.261791,2026-07-04T08:07:25.273363+00:00,146.4,50,ask,EarnestEspressos,FlawlessFlatbreads,6756221
2026-07-04T08:07:26.126941,2026-07-04T08:07:26.133646+00:00,146.8,46,bid,CostlyCorianders,DiligentDonuts,6756231
2026-07-04T08:07:27.392498,2026-07-04T08:07:27.401057+00:00,146.6,50,ask,EarnestEspressos,FlawlessFlatbreads,6756245
2026-07-04T08:07:28.211307,2026-07-04T08:07:28.221932+00:00,146.6,42,ask,EarnestEspressos,CostlyCorianders,6756261
2026-07-04T08:07:29.499438,2026-07-04T08:07:29.510629+00:00,146.6,50,ask,EarnestEspressos,FlawlessFlatbreads,6756277
2026-07-04T08:07:30.278252,2026-07-04T08:07:30.293521+00:00,146.6,100,ask,DiligentDonuts,EarnestEspressos,6756292
2026-07-04T08:07:30.294592,2026-07-04T08:07:30.303206+00:00,146.6,34,bid,Xuanyu Liu,EarnestEspressos,6756293
2026-07-04T08:07:31.607013,2026-07-04T08:07:31.617133+00:00,146.4,50,ask,DiligentDonuts,FlawlessFlatbreads,6756316
2026-07-04T08:07:31.644294,2026-07-04T08:07:31.652311+00:00,146.6,12,bid,Xuanyu Liu,EarnestEspressos,6756319
2026-07-04T08:07:33.713103,2026-07-04T08:07:33.724811+00:00,146.6,50,ask,EarnestEspressos,FlawlessFlatbreads,6756343
2026-07-04T08:07:33.937632,2026-07-04T08:07:33.949078+00:00,146.6,100,ask,EarnestEspressos,DiligentDonuts,6756346
2026-07-04T08:07:35.853249,2026-07-04T08:07:35.858547+00:00,146.1,50,ask,DiligentDonuts,FlawlessFlatbreads,6756387
2026-07-04T08:07:37.959735,2026-07-04T08:07:37.971290+00:00,146.5,50,ask,DiligentDonuts,FlawlessFlatbreads,6756412
2026-07-04T08:07:40.093644,2026-07-04T08:07:40.102496+00:00,146.5,50,ask,DiligentDonuts,FlawlessFlatbreads,6756441
2026-07-04T08:07:40.504018,2026-07-04T08:07:40.515838+00:00,146.6,49,bid,CostlyCorianders,DiligentDonuts,6756442
2026-07-04T08:07:41.580710,2026-07-04T08:07:41.592393+00:00,146.6,41,bid,CostlyCorianders,DiligentDonuts,6756461
2026-07-04T08:07:42.149304,2026-07-04T08:07:42.158578+00:00,146.6,10,bid,FlawlessFlatbreads,DiligentDonuts,6756471
2026-07-04T08:07:42.149304,2026-07-04T08:07:42.158578+00:00,146.7,40,bid,FlawlessFlatbreads,EarnestEspressos,6756472
2026-07-04T08:07:44.258913,2026-07-04T08:07:44.270713+00:00,146.8,50,bid,FlawlessFlatbreads,EarnestEspressos,6756496
2026-07-04T08:07:45.551037,2026-07-04T08:07:45.550140+00:00,146.4,49,ask,DiligentDonuts,CostlyCorianders,6756518
2026-07-04T08:07:46.426021,2026-07-04T08:07:46.437759+00:00,146.4,50,ask,DiligentDonuts,FlawlessFlatbreads,6756533
2026-07-04T08:07:49.264760,2026-07-04T08:07:49.276305+00:00,146.6,46,bid,CostlyCorianders,DiligentDonuts,6756579
2026-07-04T08:07:49.779981,2026-07-04T08:07:49.790164+00:00,146.5,47,ask,EarnestEspressos,CostlyCorianders,6756590
2026-07-04T08:07:50.423043,2026-07-04T08:07:50.433254+00:00,146.7,48,bid,CostlyCorianders,DiligentDonuts,6756601
2026-07-04T08:07:50.591666,2026-07-04T08:07:50.599916+00:00,146.7,50,bid,FlawlessFlatbreads,DiligentDonuts,6756603
2026-07-04T08:07:51.392018,2026-07-04T08:07:51.403598+00:00,146.5,45,ask,EarnestEspressos,CostlyCorianders,6756615
2026-07-04T08:07:52.248765,2026-07-04T08:07:52.256883+00:00,146.7,2,bid,Xuanyu Liu,DiligentDonuts,6756627
2026-07-04T08:07:52.748662,2026-07-04T08:07:52.752680+00:00,146.4,50,ask,EarnestEspressos,FlawlessFlatbreads,6756630
2026-07-04T08:07:54.294843,2026-07-04T08:07:54.306769+00:00,146.9,42,bid,CostlyCorianders,EarnestEspressos,6756660
2026-07-04T08:07:54.856296,2026-07-04T08:07:54.867992+00:00,146.7,50,ask,DiligentDonuts,FlawlessFlatbreads,6756668
2026-07-04T08:07:56.170721,2026-07-04T08:07:56.181730+00:00,146.8,43,bid,CostlyCorianders,EarnestEspressos,6756688
2026-07-04T08:07:56.911457,2026-07-04T08:07:56.923287+00:00,146.8,50,bid,FlawlessFlatbreads,EarnestEspressos,6756703
2026-07-04T08:07:57.085723,2026-07-04T08:07:57.093665+00:00,146.8,9,bid,Xuanyu Liu,EarnestEspressos,6756706
2026-07-04T08:08:01.122154,2026-07-04T08:08:01.133902+00:00,147.1,50,bid,FlawlessFlatbreads,DiligentDonuts,6756755
2026-07-04T08:08:03.118211,2026-07-04T08:08:03.127960+00:00,146.8,11,ask,EarnestEspressos,Xuanyu Liu,6756793
2026-07-04T08:08:04.924347,2026-07-04T08:08:04.931945+00:00,146.8,12,ask,EarnestEspressos,Xuanyu Liu,6756817
2026-07-04T08:08:05.333979,2026-07-04T08:08:05.344723+00:00,147.0,50,bid,FlawlessFlatbreads,EarnestEspressos,6756824
2026-07-04T08:08:07.439815,2026-07-04T08:08:07.451579+00:00,147.0,50,bid,FlawlessFlatbreads,EarnestEspressos,6756862
2026-07-04T08:08:07.936359,2026-07-04T08:08:07.953732+00:00,146.7,23,ask,DiligentDonuts,Xuanyu Liu,6756872
2026-07-04T08:08:07.945858,2026-07-04T08:08:07.953732+00:00,146.7,42,ask,DiligentDonuts,CostlyCorianders,6756873
2026-07-04T08:08:08.744153,2026-07-04T08:08:08.755598+00:00,146.5,100,ask,EarnestEspressos,DiligentDonuts,6756890
2026-07-04T08:08:09.606437,2026-07-04T08:08:09.613306+00:00,146.5,50,ask,EarnestEspressos,FlawlessFlatbreads,6756902
2026-07-04T08:08:11.039512,2026-07-04T08:08:11.047246+00:00,146.0,42,ask,DiligentDonuts,CostlyCorianders,6756926
2026-07-04T08:08:11.413928,2026-07-04T08:08:11.426014+00:00,146.0,58,ask,DiligentDonuts,EarnestEspressos,6756929
2026-07-04T08:08:11.660552,2026-07-04T08:08:11.672230+00:00,145.9,50,bid,FlawlessFlatbreads,EarnestEspressos,6756935
2026-07-04T08:08:11.991914,2026-07-04T08:08:12.000278+00:00,145.9,23,bid,Xuanyu Liu,EarnestEspressos,6756942
2026-07-04T08:08:13.297167,2026-07-04T08:08:13.305149+00:00,145.9,12,bid,Xuanyu Liu,EarnestEspressos,6756962
2026-07-04T08:08:13.766433,2026-07-04T08:08:13.774174+00:00,145.9,7,bid,FlawlessFlatbreads,EarnestEspressos,6756974
2026-07-04T08:08:13.766433,2026-07-04T08:08:13.779440+00:00,146.0,43,bid,FlawlessFlatbreads,DiligentDonuts,6756975
2026-07-04T08:08:14.061846,2026-07-04T08:08:14.073534+00:00,146.0,40,bid,CostlyCorianders,DiligentDonuts,6756980
2026-07-04T08:08:14.523818,2026-07-04T08:08:14.532422+00:00,146.0,17,bid,EarnestEspressos,DiligentDonuts,6756985
2026-07-04T08:08:14.533527,2026-07-04T08:08:14.542090+00:00,146.3,23,ask,EarnestEspressos,Xuanyu Liu,6756986
2026-07-04T08:08:15.926555,2026-07-04T08:08:15.938231+00:00,146.3,50,ask,EarnestEspressos,FlawlessFlatbreads,6757005
2026-07-04T08:08:18.032549,2026-07-04T08:08:18.044429+00:00,146.1,50,ask,DiligentDonuts,FlawlessFlatbreads,6757035
2026-07-04T08:08:20.140325,2026-07-04T08:08:20.152246+00:00,146.1,50,ask,DiligentDonuts,FlawlessFlatbreads,6757065
2026-07-04T08:08:22.248177,2026-07-04T08:08:22.260096+00:00,145.9,50,ask,EarnestEspressos,FlawlessFlatbreads,6757093
2026-07-04T08:08:24.304375,2026-07-04T08:08:24.316042+00:00,146.4,50,bid,FlawlessFlatbreads,DiligentDonuts,6757122
2026-07-04T08:08:26.410372,2026-07-04T08:08:26.422447+00:00,146.5,50,bid,FlawlessFlatbreads,EarnestEspressos,6757157
2026-07-04T08:08:28.580470,2026-07-04T08:08:28.590817+00:00,146.1,50,ask,EarnestEspressos,FlawlessFlatbreads,6757192
2026-07-04T08:08:30.635459,2026-07-04T08:08:30.647262+00:00,146.4,50,bid,FlawlessFlatbreads,EarnestEspressos,6757213
2026-07-04T08:08:31.672920,2026-07-04T08:08:31.684340+00:00,146.1,41,ask,DiligentDonuts,CostlyCorianders,6757225
2026-07-04T08:08:32.211419,2026-07-04T08:08:32.218214+00:00,146.4,49,bid,CostlyCorianders,EarnestEspressos,6757241
2026-07-04T08:08:34.916280,2026-07-04T08:08:34.925633+00:00,146.4,50,ask,EarnestEspressos,FlawlessFlatbreads,6757284
2026-07-04T08:08:37.026342,2026-07-04T08:08:37.034995+00:00,146.0,50,ask,DiligentDonuts,FlawlessFlatbreads,6757313
2026-07-04T08:08:37.225213,2026-07-04T08:08:37.234482+00:00,146.2,11,bid,Xuanyu Liu,DiligentDonuts,6757317
2026-07-04T08:08:39.680235,2026-07-04T08:08:39.691863+00:00,146.0,43,ask,EarnestEspressos,CostlyCorianders,6757360
2026-07-04T08:08:41.186156,2026-07-04T08:08:41.194543+00:00,146.1,50,bid,FlawlessFlatbreads,EarnestEspressos,6757376
2026-07-04T08:08:43.306795,2026-07-04T08:08:43.315232+00:00,145.8,43,ask,EarnestEspressos,CostlyCorianders,6757404
2026-07-04T08:08:45.712171,2026-07-04T08:08:45.723687+00:00,145.9,43,bid,CostlyCorianders,DiligentDonuts,6757437
2026-07-04T08:08:47.508200,2026-07-04T08:08:47.519970+00:00,146.0,50,bid,FlawlessFlatbreads,EarnestEspressos,6757468
2026-07-04T08:08:47.852228,2026-07-04T08:08:47.864078+00:00,145.5,41,ask,EarnestEspressos,CostlyCorianders,6757471
2026-07-04T08:08:49.615353,2026-07-04T08:08:49.626989+00:00,146.0,50,bid,FlawlessFlatbreads,DiligentDonuts,6757500
2026-07-04T08:08:51.774551,2026-07-04T08:08:51.782537+00:00,145.7,50,ask,DiligentDonuts,FlawlessFlatbreads,6757537
2026-07-04T08:08:52.801276,2026-07-04T08:08:52.808093+00:00,146.1,45,bid,CostlyCorianders,EarnestEspressos,6757553
2026-07-04T08:08:52.855039,2026-07-04T08:08:52.867036+00:00,145.7,40,ask,DiligentDonuts,CostlyCorianders,6757554
2026-07-04T08:08:53.882356,2026-07-04T08:08:53.894110+00:00,145.6,50,ask,EarnestEspressos,FlawlessFlatbreads,6757567
2026-07-04T08:08:54.035820,2026-07-04T08:08:54.047713+00:00,145.6,48,ask,EarnestEspressos,CostlyCorianders,6757569
2026-07-04T08:08:55.988154,2026-07-04T08:08:55.995218+00:00,145.6,50,ask,EarnestEspressos,FlawlessFlatbreads,6757599
2026-07-04T08:08:57.921960,2026-07-04T08:08:57.931456+00:00,146.0,23,bid,Xuanyu Liu,DiligentDonuts,6757625
2026-07-04T08:08:58.094146,2026-07-04T08:08:58.105740+00:00,145.6,50,ask,EarnestEspressos,FlawlessFlatbreads,6757628
2026-07-04T08:09:00.200603,2026-07-04T08:09:00.212128+00:00,145.8,50,ask,DiligentDonuts,FlawlessFlatbreads,6757662
2026-07-04T08:09:02.307726,2026-07-04T08:09:02.319684+00:00,145.8,50,ask,DiligentDonuts,FlawlessFlatbreads,6757713
2026-07-04T08:09:04.416080,2026-07-04T08:09:04.426328+00:00,145.6,50,ask,DiligentDonuts,FlawlessFlatbreads,6757743
2026-07-04T08:09:05.715155,2026-07-04T08:09:05.723313+00:00,145.8,11,bid,Xuanyu Liu,DiligentDonuts,6757758
2026-07-04T08:09:05.789646,2026-07-04T08:09:05.798140+00:00,145.8,12,bid,Xuanyu Liu,DiligentDonuts,6757760
2026-07-04T08:09:06.524229,2026-07-04T08:09:06.533498+00:00,145.4,50,ask,EarnestEspressos,FlawlessFlatbreads,6757768
2026-07-04T08:09:08.639064,2026-07-04T08:09:08.648896+00:00,145.3,50,ask,DiligentDonuts,FlawlessFlatbreads,6757786
2026-07-04T08:09:09.776423,2026-07-04T08:09:09.786248+00:00,145.7,11,bid,Xuanyu Liu,EarnestEspressos,6757799
2026-07-04T08:09:10.745650,2026-07-04T08:09:10.758560+00:00,145.3,50,ask,DiligentDonuts,FlawlessFlatbreads,6757815
2026-07-04T08:09:12.007130,2026-07-04T08:09:12.064577+00:00,145.9,44,bid,CostlyCorianders,EarnestEspressos,6757837
2026-07-04T08:09:12.852513,2026-07-04T08:09:12.853491+00:00,145.4,50,ask,EarnestEspressos,FlawlessFlatbreads,6757855
2026-07-04T08:09:14.195717,2026-07-04T08:09:14.207484+00:00,145.7,44,bid,CostlyCorianders,DiligentDonuts,6757872
2026-07-04T08:09:14.958444,2026-07-04T08:09:14.970416+00:00,145.2,50,ask,DiligentDonuts,FlawlessFlatbreads,6757883
2026-07-04T08:09:15.222529,2026-07-04T08:09:15.231041+00:00,145.6,6,bid,Xuanyu Liu,DiligentDonuts,6757885
2026-07-04T08:09:17.064616,2026-07-04T08:09:17.076222+00:00,145.2,50,ask,EarnestEspressos,FlawlessFlatbreads,6757908
2026-07-04T08:09:21.225328,2026-07-04T08:09:21.236194+00:00,145.4,50,bid,FlawlessFlatbreads,EarnestEspressos,6757959
2026-07-04T08:09:23.332051,2026-07-04T08:09:23.343697+00:00,145.4,50,bid,FlawlessFlatbreads,EarnestEspressos,6757989
2026-07-04T08:09:24.136759,2026-07-04T08:09:24.143578+00:00,145.5,40,bid,CostlyCorianders,DiligentDonuts,6758002
2026-07-04T08:09:25.136118,2026-07-04T08:09:25.147853+00:00,145.2,45,ask,EarnestEspressos,CostlyCorianders,6758012
2026-07-04T08:09:25.458157,2026-07-04T08:09:25.469396+00:00,145.5,50,bid,FlawlessFlatbreads,DiligentDonuts,6758014
2026-07-04T08:09:26.340937,2026-07-04T08:09:26.352459+00:00,145.5,43,bid,CostlyCorianders,DiligentDonuts,6758025
2026-07-04T08:09:27.568546,2026-07-04T08:09:27.580145+00:00,145.5,7,bid,FlawlessFlatbreads,DiligentDonuts,6758031
2026-07-04T08:09:27.568546,2026-07-04T08:09:27.580145+00:00,145.6,43,bid,FlawlessFlatbreads,EarnestEspressos,6758032
2026-07-04T08:09:29.709242,2026-07-04T08:09:29.720591+00:00,145.6,50,bid,FlawlessFlatbreads,EarnestEspressos,6758055
2026-07-04T08:09:31.821551,2026-07-04T08:09:31.833265+00:00,146.0,50,bid,FlawlessFlatbreads,EarnestEspressos,6758083
2026-07-04T08:09:33.695922,2026-07-04T08:09:33.704920+00:00,145.9,6,ask,EarnestEspressos,Xuanyu Liu,6758113
2026-07-04T08:09:33.946842,2026-07-04T08:09:33.951985+00:00,146.2,50,bid,FlawlessFlatbreads,DiligentDonuts,6758115
2026-07-04T08:09:36.057647,2026-07-04T08:09:36.069192+00:00,146.3,50,bid,FlawlessFlatbreads,DiligentDonuts,6758150
2026-07-04T08:09:36.855811,2026-07-04T08:09:36.863607+00:00,146.0,11,ask,EarnestEspressos,Xuanyu Liu,6758158
2026-07-04T08:09:38.175557,2026-07-04T08:09:38.190644+00:00,146.5,50,bid,FlawlessFlatbreads,EarnestEspressos,6758179
2026-07-04T08:09:38.571525,2026-07-04T08:09:38.579486+00:00,146.0,12,ask,EarnestEspressos,Xuanyu Liu,6758186
2026-07-04T08:09:40.281460,2026-07-04T08:09:40.293383+00:00,146.5,50,bid,FlawlessFlatbreads,DiligentDonuts,6758214
2026-07-04T08:09:42.416442,2026-07-04T08:09:42.426101+00:00,146.6,50,bid,FlawlessFlatbreads,EarnestEspressos,6758246
2026-07-04T08:09:43.187128,2026-07-04T08:09:43.195498+00:00,146.3,11,ask,EarnestEspressos,Xuanyu Liu,6758254
2026-07-04T08:09:44.112837,2026-07-04T08:09:44.122451+00:00,146.3,46,ask,EarnestEspressos,CostlyCorianders,6758265
2026-07-04T08:09:44.574365,2026-07-04T08:09:44.586060+00:00,146.3,50,ask,EarnestEspressos,FlawlessFlatbreads,6758270
2026-07-04T08:09:46.060053,2026-07-04T08:09:46.068262+00:00,146.3,11,ask,EarnestEspressos,Xuanyu Liu,6758284
2026-07-04T08:09:46.193635,2026-07-04T08:09:46.200817+00:00,146.3,32,ask,EarnestEspressos,CostlyCorianders,6758287
2026-07-04T08:09:46.193635,2026-07-04T08:09:46.206060+00:00,146.2,9,ask,DiligentDonuts,CostlyCorianders,6758288
2026-07-04T08:09:46.389537,2026-07-04T08:09:46.401442+00:00,146.2,91,ask,DiligentDonuts,EarnestEspressos,6758290
2026-07-04T08:09:46.425617,2026-07-04T08:09:46.433356+00:00,146.2,11,bid,Xuanyu Liu,EarnestEspressos,6758293
2026-07-04T08:09:47.791598,2026-07-04T08:09:47.803056+00:00,146.0,45,bid,CostlyCorianders,DiligentDonuts,6758311
2026-07-04T08:09:49.500860,2026-07-04T08:09:49.508615+00:00,146.0,55,bid,EarnestEspressos,DiligentDonuts,6758333
2026-07-04T08:09:50.884986,2026-07-04T08:09:50.900379+00:00,146.0,42,ask,EarnestEspressos,CostlyCorianders,6758350
2026-07-04T08:09:51.990257,2026-07-04T08:09:52.001713+00:00,146.5,42,bid,CostlyCorianders,EarnestEspressos,6758367
2026-07-04T08:09:52.982134,2026-07-04T08:09:52.988427+00:00,146.0,42,ask,DiligentDonuts,CostlyCorianders,6758376
2026-07-04T08:09:53.011645,2026-07-04T08:09:53.023148+00:00,146.0,50,ask,DiligentDonuts,FlawlessFlatbreads,6758377
2026-07-04T08:09:55.125629,2026-07-04T08:09:55.136499+00:00,145.9,50,ask,EarnestEspressos,FlawlessFlatbreads,6758402
2026-07-04T08:09:57.232485,2026-07-04T08:09:57.244054+00:00,145.9,50,ask,DiligentDonuts,FlawlessFlatbreads,6758440
2026-07-04T08:09:59.340192,2026-07-04T08:09:59.351587+00:00,145.9,50,ask,DiligentDonuts,FlawlessFlatbreads,6758470
2026-07-04T08:10:00.574162,2026-07-04T08:10:00.583229+00:00,146.2,23,bid,Xuanyu Liu,EarnestEspressos,6758483
2026-07-04T08:10:00.719352,2026-07-04T08:10:00.731104+00:00,146.2,48,bid,CostlyCorianders,EarnestEspressos,6758487
2026-07-04T08:10:01.447297,2026-07-04T08:10:01.458587+00:00,145.7,50,ask,EarnestEspressos,FlawlessFlatbreads,6758502
2026-07-04T08:10:02.317399,2026-07-04T08:10:02.329317+00:00,146.2,42,bid,CostlyCorianders,DiligentDonuts,6758516
2026-07-04T08:10:04.225270,2026-07-04T08:10:04.236639+00:00,146.0,43,ask,EarnestEspressos,CostlyCorianders,6758550
2026-07-04T08:10:04.766646,2026-07-04T08:10:04.778500+00:00,146.4,45,bid,CostlyCorianders,DiligentDonuts,6758552
2026-07-04T08:10:05.660540,2026-07-04T08:10:05.672166+00:00,145.9,50,ask,DiligentDonuts,FlawlessFlatbreads,6758566
2026-07-04T08:10:05.990282,2026-07-04T08:10:05.999351+00:00,145.9,42,ask,DiligentDonuts,CostlyCorianders,6758569
2026-07-04T08:10:06.530671,2026-07-04T08:10:06.542373+00:00,146.3,41,bid,CostlyCorianders,EarnestEspressos,6758573
2026-07-04T08:10:07.767716,2026-07-04T08:10:07.777570+00:00,145.9,50,ask,DiligentDonuts,FlawlessFlatbreads,6758584
2026-07-04T08:10:08.986585,2026-07-04T08:10:08.993571+00:00,146.0,100,ask,EarnestEspressos,DiligentDonuts,6758602
2026-07-04T08:10:09.823369,2026-07-04T08:10:09.832144+00:00,146.5,50,bid,FlawlessFlatbreads,EarnestEspressos,6758616
2026-07-04T08:10:10.250171,2026-07-04T08:10:10.256787+00:00,146.0,47,ask,EarnestEspressos,CostlyCorianders,6758621
2026-07-04T08:10:11.721087,2026-07-04T08:10:11.728400+00:00,146.1,11,bid,Xuanyu Liu,EarnestEspressos,6758642
2026-07-04T08:10:11.931347,2026-07-04T08:10:11.963670+00:00,146.1,50,bid,FlawlessFlatbreads,EarnestEspressos,6758645
2026-07-04T08:10:12.348516,2026-07-04T08:10:12.358588+00:00,146.0,47,ask,DiligentDonuts,CostlyCorianders,6758649
2026-07-04T08:10:14.038052,2026-07-04T08:10:14.049768+00:00,146.1,50,bid,FlawlessFlatbreads,EarnestEspressos,6758674
2026-07-04T08:10:14.612571,2026-07-04T08:10:14.624643+00:00,146.1,39,bid,CostlyCorianders,EarnestEspressos,6758682
2026-07-04T08:10:14.612571,2026-07-04T08:10:14.624643+00:00,146.5,2,bid,CostlyCorianders,DiligentDonuts,6758683
2026-07-04T08:10:15.154125,2026-07-04T08:10:15.158568+00:00,146.5,44,bid,CostlyCorianders,DiligentDonuts,6758691
2026-07-04T08:10:16.144258,2026-07-04T08:10:16.158574+00:00,146.5,50,bid,FlawlessFlatbreads,DiligentDonuts,6758709
2026-07-04T08:10:17.980757,2026-07-04T08:10:17.992607+00:00,146.5,50,bid,EarnestEspressos,DiligentDonuts,6758735
2026-07-04T08:10:18.251296,2026-07-04T08:10:18.257820+00:00,147.0,50,bid,FlawlessFlatbreads,EarnestEspressos,6758739
2026-07-04T08:10:20.358886,2026-07-04T08:10:20.366246+00:00,147.0,50,bid,FlawlessFlatbreads,EarnestEspressos,6758763
2026-07-04T08:10:21.175140,2026-07-04T08:10:21.182969+00:00,146.9,23,ask,EarnestEspressos,Xuanyu Liu,6758779
2026-07-04T08:10:21.306181,2026-07-04T08:10:21.313958+00:00,146.9,11,ask,EarnestEspressos,Xuanyu Liu,6758784
2026-07-04T08:10:22.464476,2026-07-04T08:10:22.476253+00:00,147.2,50,bid,FlawlessFlatbreads,DiligentDonuts,6758802
2026-07-04T08:10:24.570123,2026-07-04T08:10:24.581951+00:00,147.2,50,bid,FlawlessFlatbreads,DiligentDonuts,6758823
2026-07-04T08:10:24.759573,2026-07-04T08:10:24.768770+00:00,147.0,11,ask,DiligentDonuts,Xuanyu Liu,6758827
2026-07-04T08:10:26.677102,2026-07-04T08:10:26.687192+00:00,147.2,50,bid,FlawlessFlatbreads,EarnestEspressos,6758850
2026-07-04T08:10:28.553321,2026-07-04T08:10:28.561491+00:00,146.9,44,ask,EarnestEspressos,CostlyCorianders,6758875
2026-07-04T08:10:28.783972,2026-07-04T08:10:28.797050+00:00,147.4,50,bid,FlawlessFlatbreads,EarnestEspressos,6758876
2026-07-04T08:10:29.102521,2026-07-04T08:10:29.113914+00:00,146.9,48,ask,EarnestEspressos,CostlyCorianders,6758880
2026-07-04T08:10:30.890592,2026-07-04T08:10:30.902097+00:00,147.1,50,bid,FlawlessFlatbreads,EarnestEspressos,6758907
2026-07-04T08:10:32.998647,2026-07-04T08:10:33.010356+00:00,147.1,50,bid,FlawlessFlatbreads,EarnestEspressos,6758939
2026-07-04T08:10:33.561180,2026-07-04T08:10:33.569281+00:00,147.0,12,ask,DiligentDonuts,Xuanyu Liu,6758948
2026-07-04T08:10:34.115926,2026-07-04T08:10:34.127890+00:00,147.0,40,ask,DiligentDonuts,CostlyCorianders,6758954
2026-07-04T08:10:34.871538,2026-07-04T08:10:34.880162+00:00,147.0,11,ask,EarnestEspressos,Xuanyu Liu,6758967
2026-07-04T08:10:35.104882,2026-07-04T08:10:35.112967+00:00,147.1,50,bid,FlawlessFlatbreads,DiligentDonuts,6758970
2026-07-04T08:10:36.755088,2026-07-04T08:10:36.753321+00:00,147.1,47,bid,CostlyCorianders,DiligentDonuts,6758988
2026-07-04T08:10:37.210059,2026-07-04T08:10:37.221949+00:00,147.1,3,bid,FlawlessFlatbreads,DiligentDonuts,6758991
2026-07-04T08:10:37.210059,2026-07-04T08:10:37.221949+00:00,147.4,47,bid,FlawlessFlatbreads,EarnestEspressos,6758992
2026-07-04T08:10:39.324698,2026-07-04T08:10:39.341042+00:00,147.4,50,bid,FlawlessFlatbreads,EarnestEspressos,6759024
2026-07-04T08:10:40.149643,2026-07-04T08:10:40.159442+00:00,147.3,23,ask,EarnestEspressos,Xuanyu Liu,6759032
2026-07-04T08:10:40.667826,2026-07-04T08:10:40.675672+00:00,147.3,3,ask,EarnestEspressos,Xuanyu Liu,6759045
2026-07-04T08:10:41.442873,2026-07-04T08:10:41.449271+00:00,147.4,50,bid,FlawlessFlatbreads,DiligentDonuts,6759057
2026-07-04T08:10:43.622685,2026-07-04T08:10:43.633504+00:00,147.3,50,ask,EarnestEspressos,FlawlessFlatbreads,6759083
2026-07-04T08:10:45.728998,2026-07-04T08:10:45.740386+00:00,147.3,50,ask,EarnestEspressos,FlawlessFlatbreads,6759113
2026-07-04T08:10:46.710804,2026-07-04T08:10:46.719352+00:00,147.4,3,bid,Xuanyu Liu,EarnestEspressos,6759125
2026-07-04T08:10:46.899174,2026-07-04T08:10:46.907949+00:00,147.4,100,bid,DiligentDonuts,EarnestEspressos,6759127
2026-07-04T08:10:46.945176,2026-07-04T08:10:46.954188+00:00,147.4,40,bid,CostlyCorianders,EarnestEspressos,6759128
2026-07-04T08:10:49.646488,2026-07-04T08:10:49.664793+00:00,147.5,3,ask,EarnestEspressos,Xuanyu Liu,6759163
2026-07-04T08:10:49.938231,2026-07-04T08:10:49.949825+00:00,147.5,50,ask,EarnestEspressos,FlawlessFlatbreads,6759172
2026-07-04T08:10:50.111171,2026-07-04T08:10:50.119205+00:00,147.5,97,ask,EarnestEspressos,DiligentDonuts,6759175
2026-07-04T08:10:50.570240,2026-07-04T08:10:50.579077+00:00,147.4,3,bid,Xuanyu Liu,DiligentDonuts,6759181
2026-07-04T08:10:52.050122,2026-07-04T08:10:52.058548+00:00,146.9,50,ask,DiligentDonuts,FlawlessFlatbreads,6759202
2026-07-04T08:10:53.457920,2026-07-04T08:10:53.469475+00:00,147.4,41,ask,DiligentDonuts,CostlyCorianders,6759223
2026-07-04T08:10:54.158373,2026-07-04T08:10:54.169882+00:00,147.4,50,ask,DiligentDonuts,FlawlessFlatbreads,6759232
2026-07-04T08:10:54.354619,2026-07-04T08:10:54.366474+00:00,147.7,48,bid,CostlyCorianders,EarnestEspressos,6759236
2026-07-04T08:10:56.279038,2026-07-04T08:10:56.290278+00:00,147.4,9,ask,DiligentDonuts,FlawlessFlatbreads,6759265
2026-07-04T08:10:56.279038,2026-07-04T08:10:56.290278+00:00,147.4,41,ask,EarnestEspressos,FlawlessFlatbreads,6759266
2026-07-04T08:10:57.115625,2026-07-04T08:10:57.124167+00:00,147.5,11,bid,Xuanyu Liu,DiligentDonuts,6759288
2026-07-04T08:10:58.385909,2026-07-04T08:10:58.397313+00:00,147.4,50,ask,EarnestEspressos,FlawlessFlatbreads,6759309
2026-07-04T08:10:59.734571,2026-07-04T08:10:59.742911+00:00,147.4,12,bid,Xuanyu Liu,EarnestEspressos,6759331
2026-07-04T08:11:02.569453,2026-07-04T08:11:02.581090+00:00,147.5,50,bid,FlawlessFlatbreads,DiligentDonuts,6759388
2026-07-04T08:11:03.554003,2026-07-04T08:11:03.568905+00:00,147.1,41,ask,EarnestEspressos,CostlyCorianders,6759410
2026-07-04T08:11:04.627072,2026-07-04T08:11:04.638778+00:00,147.1,40,ask,EarnestEspressos,CostlyCorianders,6759423
2026-07-04T08:11:04.676647,2026-07-04T08:11:04.686028+00:00,147.5,50,bid,FlawlessFlatbreads,DiligentDonuts,6759425
2026-07-04T08:11:05.503222,2026-07-04T08:11:05.511485+00:00,147.1,11,bid,Xuanyu Liu,EarnestEspressos,6759443
2026-07-04T08:11:05.870782,2026-07-04T08:11:05.885692+00:00,147.1,100,bid,DiligentDonuts,EarnestEspressos,6759450
2026-07-04T08:11:06.027957,2026-07-04T08:11:06.037992+00:00,147.1,39,bid,CostlyCorianders,EarnestEspressos,6759459
2026-07-04T08:11:06.027957,2026-07-04T08:11:06.037992+00:00,147.8,9,bid,CostlyCorianders,DiligentDonuts,6759460
2026-07-04T08:11:07.707761,2026-07-04T08:11:07.719436+00:00,146.7,48,ask,EarnestEspressos,CostlyCorianders,6759485
2026-07-04T08:11:08.731639,2026-07-04T08:11:08.743374+00:00,147.4,44,bid,CostlyCorianders,EarnestEspressos,6759504
2026-07-04T08:11:08.888916,2026-07-04T08:11:08.896945+00:00,147.4,50,bid,FlawlessFlatbreads,EarnestEspressos,6759510
2026-07-04T08:11:11.046848,2026-07-04T08:11:11.053384+00:00,147.0,50,ask,DiligentDonuts,FlawlessFlatbreads,6759541
2026-07-04T08:11:11.780872,2026-07-04T08:11:11.788792+00:00,147.4,23,ask,EarnestEspressos,Xuanyu Liu,6759556
2026-07-04T08:11:12.253609,2026-07-04T08:11:12.265531+00:00,147.4,100,ask,EarnestEspressos,DiligentDonuts,6759566
2026-07-04T08:11:13.155278,2026-07-04T08:11:13.167107+00:00,147.4,27,ask,EarnestEspressos,FlawlessFlatbreads,6759587
2026-07-04T08:11:13.155278,2026-07-04T08:11:13.167107+00:00,146.9,23,ask,DiligentDonuts,FlawlessFlatbreads,6759588
2026-07-04T08:11:15.263692,2026-07-04T08:11:15.275403+00:00,147.1,50,ask,EarnestEspressos,FlawlessFlatbreads,6759613
2026-07-04T08:11:16.638970,2026-07-04T08:11:16.650671+00:00,147.3,44,ask,DiligentDonuts,CostlyCorianders,6759631
2026-07-04T08:11:18.143120,2026-07-04T08:11:18.158539+00:00,147.3,56,ask,DiligentDonuts,EarnestEspressos,6759646
2026-07-04T08:11:18.159660,2026-07-04T08:11:18.168455+00:00,147.1,23,bid,Xuanyu Liu,EarnestEspressos,6759647
2026-07-04T08:11:19.474370,2026-07-04T08:11:19.484430+00:00,146.8,50,ask,DiligentDonuts,FlawlessFlatbreads,6759663
2026-07-04T08:11:19.900306,2026-07-04T08:11:19.913561+00:00,147.1,12,bid,Xuanyu Liu,EarnestEspressos,6759679
2026-07-04T08:11:21.582822,2026-07-04T08:11:21.596199+00:00,146.9,50,ask,EarnestEspressos,FlawlessFlatbreads,6759697
2026-07-04T08:11:22.663264,2026-07-04T08:11:22.674955+00:00,147.1,44,bid,CostlyCorianders,DiligentDonuts,6759714
2026-07-04T08:11:23.688821,2026-07-04T08:11:23.700606+00:00,146.9,50,ask,EarnestEspressos,FlawlessFlatbreads,6759731
2026-07-04T08:11:24.634758,2026-07-04T08:11:24.643118+00:00,147.1,11,bid,Xuanyu Liu,DiligentDonuts,6759745
2026-07-04T08:11:25.603307,2026-07-04T08:11:25.614959+00:00,147.0,40,ask,DiligentDonuts,CostlyCorianders,6759752
2026-07-04T08:11:25.797656,2026-07-04T08:11:25.809280+00:00,147.0,50,ask,DiligentDonuts,FlawlessFlatbreads,6759756
2026-07-04T08:11:25.960953,2026-07-04T08:11:25.976954+00:00,147.1,23,bid,Xuanyu Liu,EarnestEspressos,6759763
2026-07-04T08:11:27.905102,2026-07-04T08:11:27.916608+00:00,147.0,10,ask,DiligentDonuts,FlawlessFlatbreads,6759789
2026-07-04T08:11:27.905102,2026-07-04T08:11:27.916608+00:00,147.0,40,ask,EarnestEspressos,FlawlessFlatbreads,6759790
2026-07-04T08:11:30.011438,2026-07-04T08:11:30.023272+00:00,147.0,50,ask,EarnestEspressos,FlawlessFlatbreads,6759810
2026-07-04T08:11:30.062547,2026-07-04T08:11:30.069054+00:00,147.4,42,bid,CostlyCorianders,DiligentDonuts,6759816
2026-07-04T08:11:31.619390,2026-07-04T08:11:31.629503+00:00,147.3,47,bid,CostlyCorianders,EarnestEspressos,6759835
2026-07-04T08:11:32.119594,2026-07-04T08:11:32.130997+00:00,147.1,50,ask,DiligentDonuts,FlawlessFlatbreads,6759841
2026-07-04T08:11:34.230221,2026-07-04T08:11:34.241706+00:00,147.1,50,ask,DiligentDonuts,FlawlessFlatbreads,6759874
2026-07-04T08:11:36.335267,2026-07-04T08:11:36.347038+00:00,146.9,50,ask,EarnestEspressos,FlawlessFlatbreads,6759902
2026-07-04T08:11:37.258489,2026-07-04T08:11:37.269964+00:00,146.7,46,ask,DiligentDonuts,CostlyCorianders,6759913
2026-07-04T08:11:37.574122,2026-07-04T08:11:37.582608+00:00,146.8,11,bid,Xuanyu Liu,DiligentDonuts,6759917
2026-07-04T08:11:38.445300,2026-07-04T08:11:38.446052+00:00,146.5,50,ask,EarnestEspressos,FlawlessFlatbreads,6759924
2026-07-04T08:11:38.700872,2026-07-04T08:11:38.710488+00:00,146.8,6,bid,Xuanyu Liu,DiligentDonuts,6759926
2026-07-04T08:11:38.802058,2026-07-04T08:11:38.813992+00:00,146.8,41,bid,CostlyCorianders,DiligentDonuts,6759928
2026-07-04T08:11:40.550784,2026-07-04T08:11:40.562534+00:00,146.4,50,ask,EarnestEspressos,FlawlessFlatbreads,6759960
2026-07-04T08:11:40.800735,2026-07-04T08:11:40.808073+00:00,146.7,47,ask,DiligentDonuts,CostlyCorianders,6759967
2026-07-04T08:11:42.417556,2026-07-04T08:11:42.429318+00:00,146.9,43,bid,CostlyCorianders,EarnestEspressos,6759985
2026-07-04T08:11:42.659345,2026-07-04T08:11:42.670869+00:00,146.7,50,ask,DiligentDonuts,FlawlessFlatbreads,6759988
2026-07-04T08:11:43.587454,2026-07-04T08:11:43.599094+00:00,146.7,3,ask,DiligentDonuts,CostlyCorianders,6760006
2026-07-04T08:11:44.603487,2026-07-04T08:11:44.615116+00:00,146.9,40,bid,CostlyCorianders,DiligentDonuts,6760016
2026-07-04T08:11:44.717360,2026-07-04T08:11:44.727253+00:00,146.9,50,bid,FlawlessFlatbreads,DiligentDonuts,6760020
2026-07-04T08:11:46.602453,2026-07-04T08:11:46.613776+00:00,146.9,10,bid,CostlyCorianders,DiligentDonuts,6760056
2026-07-04T08:11:46.823705,2026-07-04T08:11:46.835286+00:00,147.3,50,bid,FlawlessFlatbreads,EarnestEspressos,6760057
2026-07-04T08:11:48.958520,2026-07-04T08:11:48.969370+00:00,147.3,50,bid,FlawlessFlatbreads,EarnestEspressos,6760087
2026-07-04T08:11:50.311409,2026-07-04T08:11:50.322822+00:00,146.9,48,ask,EarnestEspressos,CostlyCorianders,6760109
2026-07-04T08:11:51.064506,2026-07-04T08:11:51.072259+00:00,147.3,50,bid,FlawlessFlatbreads,DiligentDonuts,6760122
2026-07-04T08:11:51.318971,2026-07-04T08:11:51.325830+00:00,146.9,48,ask,EarnestEspressos,CostlyCorianders,6760128
2026-07-04T08:11:53.169249,2026-07-04T08:11:53.179108+00:00,147.0,50,bid,FlawlessFlatbreads,EarnestEspressos,6760154
2026-07-04T08:11:55.276158,2026-07-04T08:11:55.284360+00:00,147.0,50,bid,FlawlessFlatbreads,EarnestEspressos,6760189
2026-07-04T08:11:55.498993,2026-07-04T08:11:55.505972+00:00,147.0,45,bid,CostlyCorianders,EarnestEspressos,6760190
2026-07-04T08:11:56.082907,2026-07-04T08:11:56.091779+00:00,147.4,100,bid,EarnestEspressos,DiligentDonuts,6760196
2026-07-04T08:11:56.119095,2026-07-04T08:11:56.127343+00:00,147.4,6,ask,EarnestEspressos,Xuanyu Liu,6760199
2026-07-04T08:11:56.614989,2026-07-04T08:11:56.625722+00:00,147.4,44,ask,EarnestEspressos,CostlyCorianders,6760204
2026-07-04T08:11:56.614989,2026-07-04T08:11:56.625722+00:00,147.4,4,ask,DiligentDonuts,CostlyCorianders,6760205
2026-07-04T08:11:57.385994,2026-07-04T08:11:57.394994+00:00,147.9,50,bid,FlawlessFlatbreads,EarnestEspressos,6760213
2026-07-04T08:11:59.309458,2026-07-04T08:11:59.320955+00:00,147.4,96,ask,DiligentDonuts,EarnestEspressos,6760229
2026-07-04T08:11:59.493327,2026-07-04T08:11:59.504729+00:00,147.4,50,bid,FlawlessFlatbreads,EarnestEspressos,6760234
2026-07-04T08:11:59.635065,2026-07-04T08:11:59.646682+00:00,147.4,4,bid,CostlyCorianders,EarnestEspressos,6760235
2026-07-04T08:12:01.601626,2026-07-04T08:12:01.610898+00:00,147.7,50,bid,FlawlessFlatbreads,DiligentDonuts,6760259
2026-07-04T08:12:02.422538,2026-07-04T08:12:02.430442+00:00,147.7,50,bid,EarnestEspressos,DiligentDonuts,6760274
2026-07-04T08:12:03.189211,2026-07-04T08:12:03.201016+00:00,148.2,41,bid,CostlyCorianders,EarnestEspressos,6760281
2026-07-04T08:12:03.720163,2026-07-04T08:12:03.731647+00:00,148.2,50,bid,FlawlessFlatbreads,EarnestEspressos,6760285
2026-07-04T08:12:03.809441,2026-07-04T08:12:03.821175+00:00,147.7,47,ask,EarnestEspressos,CostlyCorianders,6760286
2026-07-04T08:12:05.827416,2026-07-04T08:12:05.833335+00:00,148.2,50,bid,FlawlessFlatbreads,DiligentDonuts,6760310
2026-07-04T08:12:05.991833,2026-07-04T08:12:06.000037+00:00,147.9,11,ask,DiligentDonuts,Xuanyu Liu,6760314
2026-07-04T08:12:06.599604,2026-07-04T08:12:06.608001+00:00,147.9,12,ask,DiligentDonuts,Xuanyu Liu,6760322
2026-07-04T08:12:06.818355,2026-07-04T08:12:06.825677+00:00,147.9,48,ask,DiligentDonuts,CostlyCorianders,6760327
2026-07-04T08:12:07.938068,2026-07-04T08:12:07.947521+00:00,148.3,50,bid,FlawlessFlatbreads,EarnestEspressos,6760341
2026-07-04T08:12:08.453977,2026-07-04T08:12:08.458599+00:00,148.3,45,bid,CostlyCorianders,EarnestEspressos,6760352
2026-07-04T08:12:08.759544,2026-07-04T08:12:08.768055+00:00,148.2,22,ask,EarnestEspressos,Xuanyu Liu,6760358
2026-07-04T08:12:09.259632,2026-07-04T08:12:09.267429+00:00,148.2,12,ask,EarnestEspressos,Xuanyu Liu,6760365
2026-07-04T08:12:10.044635,2026-07-04T08:12:10.056252+00:00,148.3,50,bid,FlawlessFlatbreads,DiligentDonuts,6760373
2026-07-04T08:12:10.077914,2026-07-04T08:12:10.089505+00:00,148.3,41,bid,CostlyCorianders,DiligentDonuts,6760374
2026-07-04T08:12:12.200945,2026-07-04T08:12:12.207316+00:00,148.1,50,ask,EarnestEspressos,FlawlessFlatbreads,6760398
2026-07-04T08:12:14.306155,2026-07-04T08:12:14.316747+00:00,148.1,50,ask,EarnestEspressos,FlawlessFlatbreads,6760424
2026-07-04T08:12:16.413732,2026-07-04T08:12:16.425071+00:00,148.1,50,ask,DiligentDonuts,FlawlessFlatbreads,6760456
2026-07-04T08:12:17.595970,2026-07-04T08:12:17.607216+00:00,148.1,42,ask,DiligentDonuts,CostlyCorianders,6760466
2026-07-04T08:12:18.292921,2026-07-04T08:12:18.304594+00:00,148.1,8,ask,DiligentDonuts,EarnestEspressos,6760475
2026-07-04T08:12:18.504590,2026-07-04T08:12:18.516043+00:00,148.1,41,bid,CostlyCorianders,EarnestEspressos,6760482
2026-07-04T08:12:20.545267,2026-07-04T08:12:20.558592+00:00,147.6,44,ask,EarnestEspressos,CostlyCorianders,6760511
2026-07-04T08:12:20.624058,2026-07-04T08:12:20.635515+00:00,147.6,50,ask,EarnestEspressos,FlawlessFlatbreads,6760512
2026-07-04T08:12:21.469867,2026-07-04T08:12:21.480379+00:00,148.0,12,bid,Xuanyu Liu,EarnestEspressos,6760520
2026-07-04T08:12:22.730337,2026-07-04T08:12:22.741854+00:00,147.6,50,ask,DiligentDonuts,FlawlessFlatbreads,6760538
2026-07-04T08:12:23.532337,2026-07-04T08:12:23.544000+00:00,148.0,41,bid,CostlyCorianders,EarnestEspressos,6760552
2026-07-04T08:12:24.109862,2026-07-04T08:12:24.121679+00:00,148.0,47,bid,CostlyCorianders,EarnestEspressos,6760564
2026-07-04T08:12:24.787612,2026-07-04T08:12:24.798995+00:00,148.1,50,bid,FlawlessFlatbreads,DiligentDonuts,6760570
2026-07-04T08:12:25.207825,2026-07-04T08:12:25.216135+00:00,147.7,44,ask,EarnestEspressos,CostlyCorianders,6760580
2026-07-04T08:12:26.787689,2026-07-04T08:12:26.796682+00:00,147.7,43,ask,EarnestEspressos,CostlyCorianders,6760599
2026-07-04T08:12:26.894703,2026-07-04T08:12:26.901277+00:00,148.1,50,bid,FlawlessFlatbreads,DiligentDonuts,6760600
2026-07-04T08:12:27.794372,2026-07-04T08:12:27.803612+00:00,147.6,100,ask,DiligentDonuts,EarnestEspressos,6760621
2026-07-04T08:12:27.800870,2026-07-04T08:12:27.809037+00:00,147.6,43,bid,CostlyCorianders,EarnestEspressos,6760622
2026-07-04T08:12:28.396331,2026-07-04T08:12:28.405716+00:00,147.1,42,ask,EarnestEspressos,CostlyCorianders,6760633
2026-07-04T08:12:28.887462,2026-07-04T08:12:28.897611+00:00,147.6,7,bid,CostlyCorianders,EarnestEspressos,6760638
2026-07-04T08:12:28.887462,2026-07-04T08:12:28.897611+00:00,147.6,34,bid,CostlyCorianders,DiligentDonuts,6760639
2026-07-04T08:12:28.943646,2026-07-04T08:12:28.952077+00:00,147.6,11,bid,Xuanyu Liu,DiligentDonuts,6760641
2026-07-04T08:12:29.002911,2026-07-04T08:12:29.014569+00:00,147.6,50,bid,FlawlessFlatbreads,DiligentDonuts,6760643
2026-07-04T08:12:29.601147,2026-07-04T08:12:29.608958+00:00,147.6,5,bid,Xuanyu Liu,DiligentDonuts,6760651
2026-07-04T08:12:32.027461,2026-07-04T08:12:32.035867+00:00,147.8,5,ask,EarnestEspressos,Xuanyu Liu,6760683
2026-07-04T08:12:32.535870,2026-07-04T08:12:32.552085+00:00,147.8,44,ask,EarnestEspressos,CostlyCorianders,6760688
2026-07-04T08:12:35.319644,2026-07-04T08:12:35.331632+00:00,148.0,50,bid,FlawlessFlatbreads,DiligentDonuts,6760726
2026-07-04T08:12:37.428174,2026-07-04T08:12:37.439962+00:00,148.0,50,bid,FlawlessFlatbreads,DiligentDonuts,6760768
2026-07-04T08:12:37.618813,2026-07-04T08:12:37.627013+00:00,148.0,11,ask,DiligentDonuts,Xuanyu Liu,6760770
2026-07-04T08:12:37.772208,2026-07-04T08:12:37.783953+00:00,148.2,42,bid,CostlyCorianders,EarnestEspressos,6760773
2026-07-04T08:12:38.333555,2026-07-04T08:12:38.345054+00:00,148.0,44,ask,DiligentDonuts,CostlyCorianders,6760782
2026-07-04T08:12:39.425474,2026-07-04T08:12:39.434165+00:00,148.0,23,ask,DiligentDonuts,Xuanyu Liu,6760802
2026-07-04T08:12:39.489873,2026-07-04T08:12:39.498247+00:00,148.0,22,ask,DiligentDonuts,CostlyCorianders,6760805
2026-07-04T08:12:39.489873,2026-07-04T08:12:39.498247+00:00,147.7,27,ask,EarnestEspressos,CostlyCorianders,6760806
2026-07-04T08:12:39.536098,2026-07-04T08:12:39.547224+00:00,148.2,50,bid,FlawlessFlatbreads,EarnestEspressos,6760807
2026-07-04T08:12:40.834035,2026-07-04T08:12:40.842487+00:00,148.0,11,bid,Xuanyu Liu,DiligentDonuts,6760824
2026-07-04T08:12:41.643126,2026-07-04T08:12:41.658618+00:00,148.0,50,bid,FlawlessFlatbreads,DiligentDonuts,6760837
2026-07-04T08:12:43.469527,2026-07-04T08:12:43.481015+00:00,148.0,39,bid,CostlyCorianders,DiligentDonuts,6760868
2026-07-04T08:12:43.469527,2026-07-04T08:12:43.481015+00:00,148.2,1,bid,CostlyCorianders,EarnestEspressos,6760869
2026-07-04T08:12:43.802401,2026-07-04T08:12:43.813352+00:00,147.9,50,ask,EarnestEspressos,FlawlessFlatbreads,6760870
2026-07-04T08:12:44.977798,2026-07-04T08:12:44.985760+00:00,148.0,47,ask,DiligentDonuts,CostlyCorianders,6760887
2026-07-04T08:12:45.857093,2026-07-04T08:12:45.858584+00:00,148.4,50,bid,FlawlessFlatbreads,EarnestEspressos,6760898
2026-07-04T08:12:46.013015,2026-07-04T08:12:46.020599+00:00,148.4,47,bid,CostlyCorianders,EarnestEspressos,6760906
2026-07-04T08:12:47.569412,2026-07-04T08:12:47.581313+00:00,148.0,44,ask,EarnestEspressos,CostlyCorianders,6760923
2026-07-04T08:12:48.013887,2026-07-04T08:12:48.025557+00:00,148.0,50,ask,EarnestEspressos,FlawlessFlatbreads,6760926
2026-07-04T08:12:50.153270,2026-07-04T08:12:50.154604+00:00,147.7,50,ask,DiligentDonuts,FlawlessFlatbreads,6760951
2026-07-04T08:12:52.261781,2026-07-04T08:12:52.273444+00:00,147.7,50,ask,EarnestEspressos,FlawlessFlatbreads,6760983
2026-07-04T08:12:54.395013,2026-07-04T08:12:54.406766+00:00,147.6,50,ask,DiligentDonuts,FlawlessFlatbreads,6761010
2026-07-04T08:12:56.044338,2026-07-04T08:12:56.058546+00:00,147.9,49,bid,CostlyCorianders,EarnestEspressos,6761033
2026-07-04T08:12:56.510942,2026-07-04T08:12:56.522716+00:00,147.6,50,ask,DiligentDonuts,FlawlessFlatbreads,6761038
2026-07-04T08:12:56.684438,2026-07-04T08:12:56.697089+00:00,147.7,12,bid,Xuanyu Liu,DiligentDonuts,6761040
2026-07-04T08:12:57.138523,2026-07-04T08:12:57.146710+00:00,147.7,45,bid,CostlyCorianders,DiligentDonuts,6761050
2026-07-04T08:12:57.364542,2026-07-04T08:12:57.373416+00:00,147.7,11,bid,Xuanyu Liu,DiligentDonuts,6761055
2026-07-04T08:12:58.142612,2026-07-04T08:12:58.158541+00:00,147.6,44,ask,EarnestEspressos,CostlyCorianders,6761071
2026-07-04T08:12:58.618999,2026-07-04T08:12:58.633373+00:00,147.6,50,ask,EarnestEspressos,FlawlessFlatbreads,6761078
2026-07-04T08:13:02.805584,2026-07-04T08:13:02.816195+00:00,147.9,50,bid,FlawlessFlatbreads,EarnestEspressos,6761137
2026-07-04T08:13:04.911908,2026-07-04T08:13:04.919946+00:00,147.9,50,bid,FlawlessFlatbreads,EarnestEspressos,6761168
2026-07-04T08:13:07.016849,2026-07-04T08:13:07.028506+00:00,148.2,50,bid,FlawlessFlatbreads,DiligentDonuts,6761199
2026-07-04T08:13:07.114276,2026-07-04T08:13:07.121679+00:00,147.8,49,ask,EarnestEspressos,CostlyCorianders,6761201
2026-07-04T08:13:07.134458,2026-07-04T08:13:07.144067+00:00,147.8,11,ask,EarnestEspressos,Xuanyu Liu,6761202
2026-07-04T08:13:08.042163,2026-07-04T08:13:08.058581+00:00,148.2,46,bid,CostlyCorianders,DiligentDonuts,6761219
2026-07-04T08:13:09.125108,2026-07-04T08:13:09.133439+00:00,147.8,50,bid,FlawlessFlatbreads,EarnestEspressos,6761231
2026-07-04T08:13:11.284273,2026-07-04T08:13:11.290989+00:00,147.7,50,ask,DiligentDonuts,FlawlessFlatbreads,6761259
2026-07-04T08:13:13.340152,2026-07-04T08:13:13.358600+00:00,148.0,50,bid,FlawlessFlatbreads,EarnestEspressos,6761283
2026-07-04T08:13:15.160110,2026-07-04T08:13:15.171058+00:00,148.1,45,bid,CostlyCorianders,DiligentDonuts,6761299
2026-07-04T08:13:15.447884,2026-07-04T08:13:15.458561+00:00,148.1,50,bid,FlawlessFlatbreads,DiligentDonuts,6761303
2026-07-04T08:13:17.569504,2026-07-04T08:13:17.579320+00:00,148.1,50,bid,FlawlessFlatbreads,EarnestEspressos,6761327
2026-07-04T08:13:17.763587,2026-07-04T08:13:17.770870+00:00,147.7,44,ask,DiligentDonuts,CostlyCorianders,6761329
2026-07-04T08:13:18.378637,2026-07-04T08:13:18.386844+00:00,148.0,12,ask,EarnestEspressos,Xuanyu Liu,6761336
2026-07-04T08:13:18.825574,2026-07-04T08:13:18.834754+00:00,148.0,42,ask,EarnestEspressos,CostlyCorianders,6761344
2026-07-04T08:13:21.779600,2026-07-04T08:13:21.791356+00:00,148.3,50,bid,FlawlessFlatbreads,DiligentDonuts,6761385
2026-07-04T08:13:26.044026,2026-07-04T08:13:26.053073+00:00,147.9,50,ask,DiligentDonuts,FlawlessFlatbreads,6761431
2026-07-04T08:13:27.584083,2026-07-04T08:13:27.591023+00:00,148.2,44,bid,CostlyCorianders,EarnestEspressos,6761448
2026-07-04T08:13:30.203230,2026-07-04T08:13:30.214992+00:00,148.3,50,bid,FlawlessFlatbreads,DiligentDonuts,6761489
2026-07-04T08:13:31.093594,2026-07-04T08:13:31.102729+00:00,148.3,47,bid,CostlyCorianders,DiligentDonuts,6761504
2026-07-04T08:13:31.464801,2026-07-04T08:13:31.474110+00:00,148.1,11,ask,DiligentDonuts,Xuanyu Liu,6761509
2026-07-04T08:13:31.554882,2026-07-04T08:13:31.566328+00:00,148.1,48,ask,DiligentDonuts,CostlyCorianders,6761512
2026-07-04T08:13:31.902542,2026-07-04T08:13:31.909804+00:00,148.1,12,ask,DiligentDonuts,Xuanyu Liu,6761523
2026-07-04T08:13:32.309950,2026-07-04T08:13:32.321629+00:00,148.4,50,bid,FlawlessFlatbreads,EarnestEspressos,6761527
2026-07-04T08:13:34.421635,2026-07-04T08:13:34.433128+00:00,148.6,50,bid,FlawlessFlatbreads,DiligentDonuts,6761558
2026-07-04T08:13:39.304707,2026-07-04T08:13:39.316202+00:00,148.1,42,ask,EarnestEspressos,CostlyCorianders,6761611
2026-07-04T08:13:40.733414,2026-07-04T08:13:40.744996+00:00,148.5,50,bid,FlawlessFlatbreads,DiligentDonuts,6761628
2026-07-04T08:13:42.842988,2026-07-04T08:13:42.854813+00:00,148.5,50,bid,FlawlessFlatbreads,EarnestEspressos,6761666
2026-07-04T08:13:43.864404,2026-07-04T08:13:43.875917+00:00,148.7,45,bid,CostlyCorianders,DiligentDonuts,6761680
2026-07-04T08:13:44.571635,2026-07-04T08:13:44.578975+00:00,148.2,11,ask,EarnestEspressos,Xuanyu Liu,6761689
2026-07-04T08:13:44.951361,2026-07-04T08:13:44.963578+00:00,148.7,50,bid,FlawlessFlatbreads,EarnestEspressos,6761699
2026-07-04T08:13:45.177001,2026-07-04T08:13:45.184457+00:00,148.2,3,ask,EarnestEspressos,Xuanyu Liu,6761702
2026-07-04T08:13:46.981865,2026-07-04T08:13:46.991476+00:00,148.2,44,ask,DiligentDonuts,CostlyCorianders,6761730
2026-07-04T08:13:47.060900,2026-07-04T08:13:47.072498+00:00,148.4,50,bid,FlawlessFlatbreads,EarnestEspressos,6761733
2026-07-04T08:13:47.589381,2026-07-04T08:13:47.598972+00:00,147.9,46,ask,EarnestEspressos,CostlyCorianders,6761738
2026-07-04T08:13:48.541044,2026-07-04T08:13:48.550887+00:00,148.3,44,bid,CostlyCorianders,DiligentDonuts,6761747
2026-07-04T08:13:49.166931,2026-07-04T08:13:49.178328+00:00,148.3,50,bid,FlawlessFlatbreads,DiligentDonuts,6761761
2026-07-04T08:13:50.976202,2026-07-04T08:13:50.987599+00:00,148.5,40,bid,CostlyCorianders,EarnestEspressos,6761778
2026-07-04T08:13:51.274429,2026-07-04T08:13:51.281328+00:00,148.5,50,bid,FlawlessFlatbreads,EarnestEspressos,6761785
2026-07-04T08:13:53.195266,2026-07-04T08:13:53.205137+00:00,148.6,3,ask,EarnestEspressos,Xuanyu Liu,6761805
2026-07-04T08:13:53.287774,2026-07-04T08:13:53.294169+00:00,148.6,147,ask,EarnestEspressos,Alan Niu,6761808
2026-07-04T08:13:53.380712,2026-07-04T08:13:53.389805+00:00,148.7,50,bid,FlawlessFlatbreads,DiligentDonuts,6761815
2026-07-04T08:13:55.487701,2026-07-04T08:13:55.495339+00:00,148.7,50,bid,FlawlessFlatbreads,Alan Niu,6761841
2026-07-04T08:13:56.753999,2026-07-04T08:13:56.765455+00:00,148.6,100,bid,DiligentDonuts,EarnestEspressos,6761854
2026-07-04T08:13:57.595793,2026-07-04T08:13:57.607598+00:00,148.6,50,bid,FlawlessFlatbreads,EarnestEspressos,6761863
2026-07-04T08:13:59.504239,2026-07-04T08:13:59.516080+00:00,148.8,3,bid,EarnestEspressos,Alan Niu,6761896
2026-07-04T08:13:59.692991,2026-07-04T08:13:59.704736+00:00,148.8,147,ask,EarnestEspressos,Chester Au,6761904
2026-07-04T08:13:59.703870,2026-07-04T08:13:59.725360+00:00,149.1,50,bid,FlawlessFlatbreads,DiligentDonuts,6761907
2026-07-04T08:14:01.079569,2026-07-04T08:14:01.091123+00:00,148.4,49,ask,DiligentDonuts,CostlyCorianders,6761925
2026-07-04T08:14:01.809114,2026-07-04T08:14:01.820764+00:00,148.9,50,bid,FlawlessFlatbreads,DiligentDonuts,6761932
2026-07-04T08:14:02.861852,2026-07-04T08:14:02.873282+00:00,148.5,44,bid,CostlyCorianders,EarnestEspressos,6761948
2026-07-04T08:14:02.915603,2026-07-04T08:14:02.927326+00:00,148.4,49,ask,DiligentDonuts,CostlyCorianders,6761950
2026-07-04T08:14:03.943102,2026-07-04T08:14:03.950332+00:00,148.5,50,bid,FlawlessFlatbreads,EarnestEspressos,6761961
2026-07-04T08:14:06.100470,2026-07-04T08:14:06.109807+00:00,148.2,50,ask,DiligentDonuts,FlawlessFlatbreads,6761997
2026-07-04T08:14:06.640300,2026-07-04T08:14:06.651941+00:00,148.3,41,bid,CostlyCorianders,DiligentDonuts,6762011
2026-07-04T08:14:07.149021,2026-07-04T08:14:07.155390+00:00,148.2,47,ask,EarnestEspressos,CostlyCorianders,6762016
2026-07-04T08:14:08.193434,2026-07-04T08:14:08.203652+00:00,148.3,44,bid,CostlyCorianders,DiligentDonuts,6762024
2026-07-04T08:14:12.000667,2026-07-04T08:14:12.012125+00:00,148.1,46,ask,DiligentDonuts,CostlyCorianders,6762064
2026-07-04T08:14:12.459037,2026-07-04T08:14:12.469312+00:00,148.1,40,ask,DiligentDonuts,CostlyCorianders,6762068
2026-07-04T08:14:13.632499,2026-07-04T08:14:13.642535+00:00,148.2,40,bid,CostlyCorianders,DiligentDonuts,6762079
2026-07-04T08:14:14.493899,2026-07-04T08:14:14.505593+00:00,148.2,50,bid,FlawlessFlatbreads,DiligentDonuts,6762090
2026-07-04T08:14:16.653939,2026-07-04T08:14:16.660497+00:00,148.0,50,ask,DiligentDonuts,FlawlessFlatbreads,6762127
2026-07-04T08:14:18.760798,2026-07-04T08:14:18.769241+00:00,148.1,50,ask,Alan Niu,FlawlessFlatbreads,6762150
2026-07-04T08:14:19.032285,2026-07-04T08:14:19.043753+00:00,148.5,42,bid,CostlyCorianders,EarnestEspressos,6762156
2026-07-04T08:14:20.885171,2026-07-04T08:14:20.895961+00:00,148.1,50,ask,DiligentDonuts,FlawlessFlatbreads,6762172
2026-07-04T08:14:20.898198,2026-07-04T08:14:20.906501+00:00,148.1,47,ask,DiligentDonuts,CostlyCorianders,6762173
2026-07-04T08:14:22.151268,2026-07-04T08:14:22.152224+00:00,148.2,100,ask,EarnestEspressos,DiligentDonuts,6762192
2026-07-04T08:14:22.991747,2026-07-04T08:14:23.000964+00:00,148.2,50,ask,EarnestEspressos,FlawlessFlatbreads,6762204
2026-07-04T08:14:24.859531,2026-07-04T08:14:24.866661+00:00,148.0,3,bid,Xuanyu Liu,EarnestEspressos,6762241
2026-07-04T08:14:25.056611,2026-07-04T08:14:25.064555+00:00,148.0,147,bid,Alan Niu,EarnestEspressos,6762244
2026-07-04T08:14:25.098836,2026-07-04T08:14:25.110365+00:00,147.9,3,ask,Alan Niu,FlawlessFlatbreads,6762246
2026-07-04T08:14:25.098836,2026-07-04T08:14:25.110365+00:00,147.7,47,ask,DiligentDonuts,FlawlessFlatbreads,6762247
2026-07-04T08:14:27.206551,2026-07-04T08:14:27.218089+00:00,147.8,50,ask,DiligentDonuts,FlawlessFlatbreads,6762285
2026-07-04T08:14:28.551505,2026-07-04T08:14:28.557945+00:00,148.2,46,bid,CostlyCorianders,DiligentDonuts,6762302
2026-07-04T08:14:29.312152,2026-07-04T08:14:29.323673+00:00,148.1,50,ask,EarnestEspressos,FlawlessFlatbreads,6762310
2026-07-04T08:14:31.432929,2026-07-04T08:14:31.444694+00:00,148.1,50,ask,EarnestEspressos,FlawlessFlatbreads,6762338
2026-07-04T08:14:31.555019,2026-07-04T08:14:31.566480+00:00,148.6,45,bid,CostlyCorianders,EarnestEspressos,6762339
2026-07-04T08:14:33.540383,2026-07-04T08:14:33.546834+00:00,148.1,50,ask,EarnestEspressos,FlawlessFlatbreads,6762357
2026-07-04T08:14:35.646035,2026-07-04T08:14:35.657595+00:00,147.8,50,ask,EarnestEspressos,FlawlessFlatbreads,6762397
2026-07-04T08:14:37.526610,2026-07-04T08:14:37.533877+00:00,147.9,147,bid,Chester Au,EarnestEspressos,6762429
2026-07-04T08:14:37.751335,2026-07-04T08:14:37.753325+00:00,147.8,50,ask,DiligentDonuts,FlawlessFlatbreads,6762431
2026-07-04T08:14:39.858150,2026-07-04T08:14:39.869893+00:00,147.7,50,ask,DiligentDonuts,FlawlessFlatbreads,6762463
2026-07-04T08:14:40.314178,2026-07-04T08:14:40.322417+00:00,147.9,3,bid,Xuanyu Liu,EarnestEspressos,6762471
2026-07-04T08:14:40.632336,2026-07-04T08:14:40.652988+00:00,148.2,100,bid,EarnestEspressos,DiligentDonuts,6762476
2026-07-04T08:14:40.644894,2026-07-04T08:14:40.652988+00:00,148.2,3,ask,EarnestEspressos,Xuanyu Liu,6762477
2026-07-04T08:14:41.967280,2026-07-04T08:14:41.974817+00:00,148.2,47,ask,EarnestEspressos,FlawlessFlatbreads,6762499
2026-07-04T08:14:41.967280,2026-07-04T08:14:41.979836+00:00,147.9,3,ask,DiligentDonuts,FlawlessFlatbreads,6762500
2026-07-04T08:14:44.075604,2026-07-04T08:14:44.087188+00:00,147.9,50,ask,DiligentDonuts,FlawlessFlatbreads,6762529
2026-07-04T08:14:46.181393,2026-07-04T08:14:46.192843+00:00,147.6,50,ask,DiligentDonuts,FlawlessFlatbreads,6762560
2026-07-04T08:14:48.288200,2026-07-04T08:14:48.299871+00:00,147.5,50,ask,EarnestEspressos,FlawlessFlatbreads,6762593
2026-07-04T08:14:49.579167,2026-07-04T08:14:49.589162+00:00,148.0,42,bid,CostlyCorianders,EarnestEspressos,6762611
2026-07-04T08:14:50.395185,2026-07-04T08:14:50.407649+00:00,147.6,50,ask,EarnestEspressos,FlawlessFlatbreads,6762616
