timestamp,recv_time,price,volume,aggressor_side,buyer,seller,trade_id
2026-07-01T03:00:00.274054,2026-07-01T03:00:00.271147+00:00,91.1,4,ask,DiligentDonuts,CostlyCorianders,1548247
2026-07-01T03:00:00.274054,2026-07-01T03:00:00.271147+00:00,91.1,39,ask,EarnestEspressos,CostlyCorianders,1548248
2026-07-01T03:00:00.920611,2026-07-01T03:00:00.933907+00:00,91.3,3,bid,CostlyCorianders,Kelvin Chan,1548266
2026-07-01T03:00:00.920611,2026-07-01T03:00:00.933907+00:00,91.6,39,bid,CostlyCorianders,DiligentDonuts,1548267
2026-07-01T03:00:00.959090,2026-07-01T03:00:00.965336+00:00,91.6,50,bid,FlawlessFlatbreads,DiligentDonuts,1548268
2026-07-01T03:00:01.992476,2026-07-01T03:00:01.997361+00:00,91.1,44,ask,EarnestEspressos,CostlyCorianders,1548287
2026-07-01T03:00:02.563577,2026-07-01T03:00:02.567991+00:00,91.1,11,ask,EarnestEspressos,Xuanyu Liu,1548297
2026-07-01T03:00:03.223040,2026-07-01T03:00:03.233219+00:00,91.0,1,ask,Kelvin Chan,EarnestEspressos,1548303
2026-07-01T03:00:03.223040,2026-07-01T03:00:03.233219+00:00,91.0,100,ask,DiligentDonuts,EarnestEspressos,1548304
2026-07-01T03:00:03.238271,2026-07-01T03:00:03.243513+00:00,91.0,1,bid,Kelvin Chan,EarnestEspressos,1548305
2026-07-01T03:00:03.257579,2026-07-01T03:00:03.264033+00:00,91.0,1,bid,Kelvin Chan,EarnestEspressos,1548306
2026-07-01T03:00:03.282576,2026-07-01T03:00:03.284566+00:00,91.0,1,bid,Kelvin Chan,EarnestEspressos,1548307
2026-07-01T03:00:03.337301,2026-07-01T03:00:03.346550+00:00,91.0,1,bid,Kelvin Chan,EarnestEspressos,1548308
2026-07-01T03:00:03.524894,2026-07-01T03:00:03.531127+00:00,91.0,1,bid,Kelvin Chan,EarnestEspressos,1548316
2026-07-01T03:00:03.550900,2026-07-01T03:00:03.562131+00:00,91.0,1,bid,Kelvin Chan,EarnestEspressos,1548317
2026-07-01T03:00:03.586525,2026-07-01T03:00:03.592968+00:00,91.0,1,bid,Kelvin Chan,EarnestEspressos,1548321
2026-07-01T03:00:03.603126,2026-07-01T03:00:03.625704+00:00,91.0,1,bid,Kelvin Chan,EarnestEspressos,1548323
2026-07-01T03:00:03.875548,2026-07-01T03:00:03.879572+00:00,91.0,11,bid,Xuanyu Liu,EarnestEspressos,1548333
2026-07-01T03:00:04.330247,2026-07-01T03:00:04.341350+00:00,91.0,1,bid,Kelvin Chan,EarnestEspressos,1548344
2026-07-01T03:00:04.558672,2026-07-01T03:00:04.567485+00:00,91.0,1,bid,Kelvin Chan,EarnestEspressos,1548351
2026-07-01T03:00:05.186962,2026-07-01T03:00:05.218683+00:00,91.0,28,bid,FlawlessFlatbreads,EarnestEspressos,1548372
2026-07-01T03:00:05.186962,2026-07-01T03:00:05.218683+00:00,91.1,22,bid,FlawlessFlatbreads,DiligentDonuts,1548373
2026-07-01T03:00:06.332481,2026-07-01T03:00:06.338465+00:00,91.0,1,ask,Kelvin Chan,CostlyCorianders,1548393
2026-07-01T03:00:06.332481,2026-07-01T03:00:06.338465+00:00,91.0,10,ask,Zijun Feng,CostlyCorianders,1548394
2026-07-01T03:00:06.336413,2026-07-01T03:00:06.338465+00:00,91.1,78,bid,EarnestEspressos,DiligentDonuts,1548395
2026-07-01T03:00:06.382086,2026-07-01T03:00:06.396352+00:00,91.3,11,ask,EarnestEspressos,Xuanyu Liu,1548397
2026-07-01T03:00:07.295091,2026-07-01T03:00:07.303569+00:00,91.4,5,bid,FlawlessFlatbreads,Kelvin Chan,1548422
2026-07-01T03:00:07.295091,2026-07-01T03:00:07.303569+00:00,91.4,10,bid,FlawlessFlatbreads,Zijun Feng,1548423
2026-07-01T03:00:07.295091,2026-07-01T03:00:07.303569+00:00,91.8,35,bid,FlawlessFlatbreads,EarnestEspressos,1548424
2026-07-01T03:00:07.427629,2026-07-01T03:00:07.437644+00:00,91.8,44,bid,CostlyCorianders,EarnestEspressos,1548426
2026-07-01T03:00:07.596393,2026-07-01T03:00:07.602786+00:00,91.3,5,ask,EarnestEspressos,Kelvin Chan,1548434
2026-07-01T03:00:07.846036,2026-07-01T03:00:07.850199+00:00,91.3,12,ask,EarnestEspressos,Xuanyu Liu,1548448
2026-07-01T03:00:07.997647,2026-07-01T03:00:08.004254+00:00,91.3,44,ask,EarnestEspressos,CostlyCorianders,1548451
2026-07-01T03:00:09.409662,2026-07-01T03:00:09.421170+00:00,91.3,5,bid,FlawlessFlatbreads,Kelvin Chan,1548489
2026-07-01T03:00:09.409662,2026-07-01T03:00:09.421170+00:00,91.4,45,bid,FlawlessFlatbreads,DiligentDonuts,1548490
2026-07-01T03:00:09.697438,2026-07-01T03:00:09.703811+00:00,91.0,1,ask,Kelvin Chan,CostlyCorianders,1548501
2026-07-01T03:00:10.189941,2026-07-01T03:00:10.196208+00:00,91.0,2,ask,Kelvin Chan,CostlyCorianders,1548507
2026-07-01T03:00:10.725764,2026-07-01T03:00:10.730014+00:00,91.3,48,bid,CostlyCorianders,EarnestEspressos,1548513
2026-07-01T03:00:11.239014,2026-07-01T03:00:11.245593+00:00,91.0,2,ask,Kelvin Chan,CostlyCorianders,1548534
2026-07-01T03:00:11.239014,2026-07-01T03:00:11.245593+00:00,91.0,38,ask,DiligentDonuts,CostlyCorianders,1548535
2026-07-01T03:00:11.740176,2026-07-01T03:00:11.752047+00:00,91.0,45,ask,DiligentDonuts,CostlyCorianders,1548540
2026-07-01T03:00:12.853678,2026-07-01T03:00:12.862479+00:00,91.3,2,bid,CostlyCorianders,Kelvin Chan,1548557
2026-07-01T03:00:12.853678,2026-07-01T03:00:12.862479+00:00,91.5,42,bid,CostlyCorianders,DiligentDonuts,1548558
2026-07-01T03:00:13.641936,2026-07-01T03:00:13.647710+00:00,91.5,50,bid,FlawlessFlatbreads,DiligentDonuts,1548576
2026-07-01T03:00:14.413837,2026-07-01T03:00:14.425105+00:00,91.5,48,bid,CostlyCorianders,DiligentDonuts,1548598
2026-07-01T03:00:15.747482,2026-07-01T03:00:15.753422+00:00,91.5,50,bid,FlawlessFlatbreads,DiligentDonuts,1548621
2026-07-01T03:00:17.026443,2026-07-01T03:00:17.032275+00:00,91.4,6,bid,DiligentDonuts,Kelvin Chan,1548648
2026-07-01T03:00:17.270731,2026-07-01T03:00:17.279161+00:00,91.4,7,ask,DiligentDonuts,Kelvin Chan,1548650
2026-07-01T03:00:17.987029,2026-07-01T03:00:17.989832+00:00,91.4,6,ask,DiligentDonuts,Kelvin Chan,1548669
2026-07-01T03:00:19.635724,2026-07-01T03:00:19.639288+00:00,91.5,6,bid,Xuanyu Liu,Kelvin Chan,1548716
2026-07-01T03:00:19.861869,2026-07-01T03:00:19.865685+00:00,91.4,46,ask,DiligentDonuts,CostlyCorianders,1548720
2026-07-01T03:00:20.457851,2026-07-01T03:00:20.459602+00:00,91.9,43,bid,CostlyCorianders,EarnestEspressos,1548736
2026-07-01T03:00:21.040673,2026-07-01T03:00:21.046096+00:00,91.5,41,ask,DiligentDonuts,CostlyCorianders,1548741
2026-07-01T03:00:21.588869,2026-07-01T03:00:21.592735+00:00,91.6,4,bid,Xuanyu Liu,Kelvin Chan,1548758
2026-07-01T03:00:22.151463,2026-07-01T03:00:22.171602+00:00,91.5,50,ask,DiligentDonuts,FlawlessFlatbreads,1548775
2026-07-01T03:00:22.167885,2026-07-01T03:00:22.171602+00:00,91.7,10,ask,EarnestEspressos,Xuanyu Liu,1548779
2026-07-01T03:00:23.097939,2026-07-01T03:00:23.101835+00:00,91.7,3,ask,EarnestEspressos,Xuanyu Liu,1548795
2026-07-01T03:00:23.267577,2026-07-01T03:00:23.276441+00:00,91.7,44,ask,EarnestEspressos,CostlyCorianders,1548798
2026-07-01T03:00:23.435478,2026-07-01T03:00:23.441764+00:00,91.7,93,ask,EarnestEspressos,DiligentDonuts,1548799
2026-07-01T03:00:23.560863,2026-07-01T03:00:23.564570+00:00,91.6,3,bid,Xuanyu Liu,DiligentDonuts,1548802
2026-07-01T03:00:24.260045,2026-07-01T03:00:24.264302+00:00,91.3,3,ask,Kelvin Chan,FlawlessFlatbreads,1548819
2026-07-01T03:00:24.260045,2026-07-01T03:00:24.264302+00:00,91.1,47,ask,DiligentDonuts,FlawlessFlatbreads,1548820
2026-07-01T03:00:24.309292,2026-07-01T03:00:24.315560+00:00,91.6,4,bid,CostlyCorianders,DiligentDonuts,1548821
2026-07-01T03:00:24.309292,2026-07-01T03:00:24.315560+00:00,91.7,2,bid,CostlyCorianders,Kelvin Chan,1548822
2026-07-01T03:00:24.309292,2026-07-01T03:00:24.315560+00:00,92.2,34,bid,CostlyCorianders,EarnestEspressos,1548823
2026-07-01T03:00:25.901956,2026-07-01T03:00:25.912014+00:00,91.6,48,bid,CostlyCorianders,EarnestEspressos,1548857
2026-07-01T03:00:26.377317,2026-07-01T03:00:26.387625+00:00,91.1,50,ask,DiligentDonuts,FlawlessFlatbreads,1548862
2026-07-01T03:00:27.473460,2026-07-01T03:00:27.479783+00:00,91.3,5,ask,Kelvin Chan,CostlyCorianders,1548881
2026-07-01T03:00:27.473460,2026-07-01T03:00:27.479783+00:00,91.1,43,ask,EarnestEspressos,CostlyCorianders,1548882
2026-07-01T03:00:28.482838,2026-07-01T03:00:28.490230+00:00,91.3,5,ask,Kelvin Chan,FlawlessFlatbreads,1548904
2026-07-01T03:00:28.482838,2026-07-01T03:00:28.490230+00:00,91.1,45,ask,DiligentDonuts,FlawlessFlatbreads,1548905
2026-07-01T03:00:30.058166,2026-07-01T03:00:30.062251+00:00,91.4,12,bid,Xuanyu Liu,DiligentDonuts,1548947
2026-07-01T03:00:30.591513,2026-07-01T03:00:30.596339+00:00,91.3,3,ask,Kelvin Chan,FlawlessFlatbreads,1548953
2026-07-01T03:00:30.591513,2026-07-01T03:00:30.596339+00:00,91.0,47,ask,EarnestEspressos,FlawlessFlatbreads,1548954
2026-07-01T03:00:31.688238,2026-07-01T03:00:31.697123+00:00,91.3,4,ask,Kelvin Chan,EarnestEspressos,1548968
2026-07-01T03:00:31.797305,2026-07-01T03:00:31.801171+00:00,91.3,4,bid,Kelvin Chan,EarnestEspressos,1548973
2026-07-01T03:00:32.134572,2026-07-01T03:00:32.142040+00:00,91.3,43,bid,CostlyCorianders,EarnestEspressos,1548983
2026-07-01T03:00:32.708495,2026-07-01T03:00:32.722303+00:00,91.0,10,ask,Zijun Feng,FlawlessFlatbreads,1548998
2026-07-01T03:00:32.708495,2026-07-01T03:00:32.722303+00:00,90.9,40,ask,DiligentDonuts,FlawlessFlatbreads,1548999
2026-07-01T03:00:32.718398,2026-07-01T03:00:32.722303+00:00,91.3,11,bid,Xuanyu Liu,EarnestEspressos,1549001
2026-07-01T03:00:33.667481,2026-07-01T03:00:33.669483+00:00,91.3,45,bid,CostlyCorianders,EarnestEspressos,1549021
2026-07-01T03:00:33.687777,2026-07-01T03:00:33.692617+00:00,91.3,3,bid,Xuanyu Liu,EarnestEspressos,1549023
2026-07-01T03:00:34.802270,2026-07-01T03:00:34.817313+00:00,91.4,100,bid,EarnestEspressos,DiligentDonuts,1549047
2026-07-01T03:00:34.810939,2026-07-01T03:00:34.817313+00:00,91.5,1,ask,EarnestEspressos,Kelvin Chan,1549048
2026-07-01T03:00:34.820264,2026-07-01T03:00:34.827708+00:00,91.5,49,ask,EarnestEspressos,FlawlessFlatbreads,1549051
2026-07-01T03:00:34.820264,2026-07-01T03:00:34.827708+00:00,91.2,1,ask,Kelvin Chan,FlawlessFlatbreads,1549052
2026-07-01T03:00:35.841920,2026-07-01T03:00:35.853243+00:00,91.2,4,ask,Kelvin Chan,CostlyCorianders,1549071
2026-07-01T03:00:35.841920,2026-07-01T03:00:35.853243+00:00,90.9,41,ask,DiligentDonuts,CostlyCorianders,1549072
2026-07-01T03:00:36.931498,2026-07-01T03:00:36.935866+00:00,90.9,50,ask,DiligentDonuts,FlawlessFlatbreads,1549111
2026-07-01T03:00:37.484847,2026-07-01T03:00:37.493005+00:00,91.4,43,bid,CostlyCorianders,DiligentDonuts,1549119
2026-07-01T03:00:38.778113,2026-07-01T03:00:38.788217+00:00,91.2,1,bid,Kelvin Chan,EarnestEspressos,1549133
2026-07-01T03:00:39.059068,2026-07-01T03:00:39.066657+00:00,91.1,1,ask,Kelvin Chan,FlawlessFlatbreads,1549144
2026-07-01T03:00:39.059068,2026-07-01T03:00:39.066657+00:00,90.9,49,ask,DiligentDonuts,FlawlessFlatbreads,1549145
2026-07-01T03:00:41.169247,2026-07-01T03:00:41.181037+00:00,91.1,1,ask,Kelvin Chan,FlawlessFlatbreads,1549184
2026-07-01T03:00:41.169247,2026-07-01T03:00:41.181037+00:00,90.7,49,ask,DiligentDonuts,FlawlessFlatbreads,1549185
2026-07-01T03:00:41.196461,2026-07-01T03:00:41.201794+00:00,91.1,1,bid,Kelvin Chan,EarnestEspressos,1549186
2026-07-01T03:00:41.232233,2026-07-01T03:00:41.242982+00:00,91.1,1,bid,Kelvin Chan,EarnestEspressos,1549187
2026-07-01T03:00:41.258772,2026-07-01T03:00:41.263710+00:00,91.1,1,bid,Kelvin Chan,EarnestEspressos,1549188
2026-07-01T03:00:43.301644,2026-07-01T03:00:43.306552+00:00,91.0,1,ask,Kelvin Chan,FlawlessFlatbreads,1549243
2026-07-01T03:00:43.301644,2026-07-01T03:00:43.317042+00:00,91.0,10,ask,Zijun Feng,FlawlessFlatbreads,1549244
2026-07-01T03:00:43.301644,2026-07-01T03:00:43.317042+00:00,90.7,39,ask,DiligentDonuts,FlawlessFlatbreads,1549245
2026-07-01T03:00:45.412376,2026-07-01T03:00:45.414916+00:00,90.7,50,ask,DiligentDonuts,FlawlessFlatbreads,1549281
2026-07-01T03:00:45.850797,2026-07-01T03:00:45.854589+00:00,90.8,3,bid,Xuanyu Liu,DiligentDonuts,1549291
2026-07-01T03:00:45.943097,2026-07-01T03:00:45.947464+00:00,90.8,2,bid,Kelvin Chan,DiligentDonuts,1549294
2026-07-01T03:00:46.050490,2026-07-01T03:00:46.061006+00:00,90.8,2,bid,Kelvin Chan,DiligentDonuts,1549296
2026-07-01T03:00:46.949803,2026-07-01T03:00:46.958475+00:00,90.8,2,bid,Kelvin Chan,DiligentDonuts,1549315
2026-07-01T03:00:47.448290,2026-07-01T03:00:47.452298+00:00,90.8,2,bid,Kelvin Chan,DiligentDonuts,1549326
2026-07-01T03:00:47.520205,2026-07-01T03:00:47.524726+00:00,90.7,50,ask,EarnestEspressos,FlawlessFlatbreads,1549327
2026-07-01T03:00:48.107970,2026-07-01T03:00:48.113109+00:00,90.8,2,bid,Kelvin Chan,DiligentDonuts,1549336
2026-07-01T03:00:48.162953,2026-07-01T03:00:48.165012+00:00,90.8,1,bid,Kelvin Chan,DiligentDonuts,1549337
2026-07-01T03:00:48.212540,2026-07-01T03:00:48.216272+00:00,90.8,11,bid,Xuanyu Liu,DiligentDonuts,1549341
2026-07-01T03:00:48.325730,2026-07-01T03:00:48.329234+00:00,90.8,44,bid,CostlyCorianders,DiligentDonuts,1549342
2026-07-01T03:00:48.330498,2026-07-01T03:00:48.339572+00:00,90.8,2,bid,Kelvin Chan,DiligentDonuts,1549343
2026-07-01T03:00:48.456419,2026-07-01T03:00:48.462480+00:00,90.8,1,bid,Kelvin Chan,DiligentDonuts,1549344
2026-07-01T03:00:48.480303,2026-07-01T03:00:48.483341+00:00,90.8,1,bid,Kelvin Chan,DiligentDonuts,1549345
2026-07-01T03:00:49.627239,2026-07-01T03:00:49.637804+00:00,90.8,1,ask,Kelvin Chan,FlawlessFlatbreads,1549367
2026-07-01T03:00:49.627239,2026-07-01T03:00:49.637804+00:00,90.8,10,ask,Zijun Feng,FlawlessFlatbreads,1549368
2026-07-01T03:00:49.627239,2026-07-01T03:00:49.637804+00:00,90.7,39,ask,EarnestEspressos,FlawlessFlatbreads,1549369
2026-07-01T03:00:51.739700,2026-07-01T03:00:51.748924+00:00,90.8,3,ask,Kelvin Chan,FlawlessFlatbreads,1549404
2026-07-01T03:00:51.739700,2026-07-01T03:00:51.748924+00:00,90.8,10,ask,Zijun Feng,FlawlessFlatbreads,1549405
2026-07-01T03:00:51.739700,2026-07-01T03:00:51.748924+00:00,90.7,37,ask,DiligentDonuts,FlawlessFlatbreads,1549406
2026-07-01T03:00:53.851912,2026-07-01T03:00:53.861962+00:00,90.8,10,ask,Zijun Feng,FlawlessFlatbreads,1549444
2026-07-01T03:00:53.851912,2026-07-01T03:00:53.861962+00:00,90.6,40,ask,DiligentDonuts,FlawlessFlatbreads,1549445
2026-07-01T03:00:53.965956,2026-07-01T03:00:53.976486+00:00,90.7,3,ask,Kelvin Chan,CostlyCorianders,1549449
2026-07-01T03:00:53.965956,2026-07-01T03:00:53.976486+00:00,90.6,43,ask,DiligentDonuts,CostlyCorianders,1549450
2026-07-01T03:00:54.619890,2026-07-01T03:00:54.625520+00:00,90.7,3,ask,Kelvin Chan,CostlyCorianders,1549461
2026-07-01T03:00:54.619890,2026-07-01T03:00:54.625520+00:00,90.7,10,ask,Zijun Feng,CostlyCorianders,1549462
2026-07-01T03:00:54.619890,2026-07-01T03:00:54.635874+00:00,90.6,17,ask,DiligentDonuts,CostlyCorianders,1549463
2026-07-01T03:00:54.619890,2026-07-01T03:00:54.635874+00:00,90.5,11,ask,EarnestEspressos,CostlyCorianders,1549464
2026-07-01T03:00:55.962317,2026-07-01T03:00:55.968445+00:00,90.7,2,ask,Kelvin Chan,FlawlessFlatbreads,1549484
2026-07-01T03:00:55.962317,2026-07-01T03:00:55.968445+00:00,90.7,10,ask,Zijun Feng,FlawlessFlatbreads,1549485
2026-07-01T03:00:55.962317,2026-07-01T03:00:55.968445+00:00,90.5,38,ask,EarnestEspressos,FlawlessFlatbreads,1549486
2026-07-01T03:00:56.997893,2026-07-01T03:00:57.014850+00:00,90.7,3,ask,Kelvin Chan,EarnestEspressos,1549511
2026-07-01T03:00:56.997893,2026-07-01T03:00:57.014850+00:00,90.7,10,ask,Zijun Feng,EarnestEspressos,1549512
2026-07-01T03:00:57.011087,2026-07-01T03:00:57.014850+00:00,90.6,12,bid,Xuanyu Liu,EarnestEspressos,1549514
2026-07-01T03:00:57.041690,2026-07-01T03:00:57.045915+00:00,90.6,3,bid,Kelvin Chan,EarnestEspressos,1549515
2026-07-01T03:00:57.232087,2026-07-01T03:00:57.242587+00:00,90.6,3,bid,Kelvin Chan,EarnestEspressos,1549519
2026-07-01T03:00:57.361618,2026-07-01T03:00:57.366281+00:00,90.6,42,bid,CostlyCorianders,EarnestEspressos,1549523
2026-07-01T03:00:57.599581,2026-07-01T03:00:57.602860+00:00,90.6,3,bid,Kelvin Chan,EarnestEspressos,1549526
2026-07-01T03:00:57.768917,2026-07-01T03:00:57.778501+00:00,90.6,3,bid,Kelvin Chan,EarnestEspressos,1549535
2026-07-01T03:00:58.001123,2026-07-01T03:00:58.006999+00:00,90.6,2,bid,Kelvin Chan,EarnestEspressos,1549540
2026-07-01T03:00:58.043403,2026-07-01T03:00:58.048322+00:00,90.6,2,bid,Kelvin Chan,EarnestEspressos,1549541
2026-07-01T03:00:58.069151,2026-07-01T03:00:58.079291+00:00,90.6,2,bid,Kelvin Chan,EarnestEspressos,1549542
2026-07-01T03:00:58.073336,2026-07-01T03:00:58.079291+00:00,90.3,50,ask,DiligentDonuts,FlawlessFlatbreads,1549543
2026-07-01T03:00:58.468119,2026-07-01T03:00:58.471852+00:00,90.2,10,ask,Zijun Feng,CostlyCorianders,1549553
2026-07-01T03:00:59.609118,2026-07-01T03:00:59.617492+00:00,90.5,2,bid,Kelvin Chan,DiligentDonuts,1549567
2026-07-01T03:00:59.752705,2026-07-01T03:00:59.761941+00:00,90.5,2,bid,Kelvin Chan,DiligentDonuts,1549570
2026-07-01T03:01:00.182984,2026-07-01T03:01:00.184677+00:00,90.4,50,ask,EarnestEspressos,FlawlessFlatbreads,1549590
2026-07-01T03:01:01.046368,2026-07-01T03:01:01.055934+00:00,90.4,48,ask,EarnestEspressos,CostlyCorianders,1549605
2026-07-01T03:01:01.411494,2026-07-01T03:01:01.426475+00:00,90.4,52,ask,EarnestEspressos,DiligentDonuts,1549611
2026-07-01T03:01:01.422291,2026-07-01T03:01:01.426475+00:00,90.4,11,bid,Xuanyu Liu,DiligentDonuts,1549613
2026-07-01T03:01:01.835760,2026-07-01T03:01:01.839650+00:00,90.4,1,bid,Kelvin Chan,DiligentDonuts,1549627
2026-07-01T03:01:02.289340,2026-07-01T03:01:02.294261+00:00,90.0,10,ask,Zijun Feng,FlawlessFlatbreads,1549632
2026-07-01T03:01:02.289340,2026-07-01T03:01:02.294261+00:00,89.9,40,ask,DiligentDonuts,FlawlessFlatbreads,1549633
2026-07-01T03:01:02.635302,2026-07-01T03:01:02.643728+00:00,90.4,1,bid,Kelvin Chan,DiligentDonuts,1549642
2026-07-01T03:01:02.821002,2026-07-01T03:01:02.829964+00:00,90.4,1,bid,Kelvin Chan,DiligentDonuts,1549649
2026-07-01T03:01:03.194427,2026-07-01T03:01:03.202755+00:00,90.4,34,bid,CostlyCorianders,DiligentDonuts,1549655
2026-07-01T03:01:03.194427,2026-07-01T03:01:03.202755+00:00,90.7,6,bid,CostlyCorianders,Kelvin Chan,1549656
2026-07-01T03:01:03.194427,2026-07-01T03:01:03.202755+00:00,90.9,3,bid,CostlyCorianders,EarnestEspressos,1549657
2026-07-01T03:01:03.366254,2026-07-01T03:01:03.370042+00:00,90.1,12,bid,Xuanyu Liu,EarnestEspressos,1549660
2026-07-01T03:01:04.346699,2026-07-01T03:01:04.353076+00:00,90.1,50,bid,FlawlessFlatbreads,EarnestEspressos,1549683
2026-07-01T03:01:05.162278,2026-07-01T03:01:05.165831+00:00,90.1,3,bid,Xuanyu Liu,EarnestEspressos,1549699
2026-07-01T03:01:05.183609,2026-07-01T03:01:05.187177+00:00,90.1,8,bid,Xuanyu Liu,EarnestEspressos,1549702
2026-07-01T03:01:05.918600,2026-07-01T03:01:05.921192+00:00,90.1,49,bid,CostlyCorianders,EarnestEspressos,1549708
2026-07-01T03:01:06.154610,2026-07-01T03:01:06.158153+00:00,90.1,1,bid,Kelvin Chan,EarnestEspressos,1549710
2026-07-01T03:01:06.453076,2026-07-01T03:01:06.458851+00:00,90.5,50,bid,FlawlessFlatbreads,DiligentDonuts,1549718
2026-07-01T03:01:06.753772,2026-07-01T03:01:06.757329+00:00,90.3,1,ask,Kelvin Chan,Xuanyu Liu,1549724
2026-07-01T03:01:06.962809,2026-07-01T03:01:06.967988+00:00,90.3,1,ask,Kelvin Chan,Xuanyu Liu,1549729
2026-07-01T03:01:06.962809,2026-07-01T03:01:06.967988+00:00,90.3,9,ask,Zijun Feng,Xuanyu Liu,1549730
2026-07-01T03:01:08.148054,2026-07-01T03:01:08.151828+00:00,90.3,10,ask,Zijun Feng,Xuanyu Liu,1549756
2026-07-01T03:01:09.064989,2026-07-01T03:01:09.071934+00:00,90.2,45,ask,EarnestEspressos,CostlyCorianders,1549780
2026-07-01T03:01:10.662322,2026-07-01T03:01:10.665645+00:00,90.4,50,bid,FlawlessFlatbreads,EarnestEspressos,1549825
2026-07-01T03:01:12.770866,2026-07-01T03:01:12.783216+00:00,90.6,6,bid,FlawlessFlatbreads,Kelvin Chan,1549877
2026-07-01T03:01:12.770866,2026-07-01T03:01:12.783216+00:00,90.7,44,bid,FlawlessFlatbreads,DiligentDonuts,1549878
2026-07-01T03:01:13.130905,2026-07-01T03:01:13.134624+00:00,90.3,44,ask,EarnestEspressos,CostlyCorianders,1549890
2026-07-01T03:01:13.368997,2026-07-01T03:01:13.373475+00:00,90.3,13,ask,EarnestEspressos,Xuanyu Liu,1549897
2026-07-01T03:01:14.882405,2026-07-01T03:01:14.884971+00:00,90.5,7,bid,FlawlessFlatbreads,Kelvin Chan,1549923
2026-07-01T03:01:14.882405,2026-07-01T03:01:14.895351+00:00,90.5,10,bid,FlawlessFlatbreads,Zijun Feng,1549924
2026-07-01T03:01:14.882405,2026-07-01T03:01:14.895351+00:00,90.6,33,bid,FlawlessFlatbreads,DiligentDonuts,1549925
2026-07-01T03:01:15.285257,2026-07-01T03:01:15.295919+00:00,90.6,44,bid,CostlyCorianders,DiligentDonuts,1549938
2026-07-01T03:01:16.993683,2026-07-01T03:01:17.001377+00:00,90.4,50,bid,FlawlessFlatbreads,EarnestEspressos,1549966
2026-07-01T03:01:17.164250,2026-07-01T03:01:17.166759+00:00,90.4,100,bid,DiligentDonuts,EarnestEspressos,1549969
2026-07-01T03:01:17.907571,2026-07-01T03:01:17.910705+00:00,90.4,9,bid,CostlyCorianders,Zijun Feng,1549976
2026-07-01T03:01:17.907571,2026-07-01T03:01:17.921122+00:00,90.5,6,bid,CostlyCorianders,Kelvin Chan,1549977
2026-07-01T03:01:18.409422,2026-07-01T03:01:18.415329+00:00,90.2,1,ask,Kelvin Chan,CostlyCorianders,1549981
2026-07-01T03:01:18.409422,2026-07-01T03:01:18.415329+00:00,89.9,40,ask,EarnestEspressos,CostlyCorianders,1549982
2026-07-01T03:01:18.535424,2026-07-01T03:01:18.539141+00:00,90.3,1,ask,Kelvin Chan,Xuanyu Liu,1549991
2026-07-01T03:01:19.100087,2026-07-01T03:01:19.106571+00:00,90.6,5,bid,FlawlessFlatbreads,Kelvin Chan,1550000
2026-07-01T03:01:19.100087,2026-07-01T03:01:19.106571+00:00,90.9,45,bid,FlawlessFlatbreads,DiligentDonuts,1550001
2026-07-01T03:01:21.207422,2026-07-01T03:01:21.218064+00:00,90.6,5,bid,FlawlessFlatbreads,Kelvin Chan,1550040
2026-07-01T03:01:21.207422,2026-07-01T03:01:21.218064+00:00,90.6,10,bid,FlawlessFlatbreads,Zijun Feng,1550041
2026-07-01T03:01:21.207422,2026-07-01T03:01:21.218064+00:00,90.8,35,bid,FlawlessFlatbreads,DiligentDonuts,1550042
2026-07-01T03:01:21.233809,2026-07-01T03:01:21.237688+00:00,90.5,22,ask,EarnestEspressos,Xuanyu Liu,1550046
2026-07-01T03:01:23.323910,2026-07-01T03:01:23.335679+00:00,90.6,5,bid,FlawlessFlatbreads,Kelvin Chan,1550089
2026-07-01T03:01:23.323910,2026-07-01T03:01:23.335679+00:00,90.8,45,bid,FlawlessFlatbreads,DiligentDonuts,1550090
2026-07-01T03:01:23.851118,2026-07-01T03:01:23.865477+00:00,90.7,3,ask,DiligentDonuts,Xuanyu Liu,1550098
2026-07-01T03:01:24.248326,2026-07-01T03:01:24.257966+00:00,90.7,3,ask,DiligentDonuts,Kelvin Chan,1550099
2026-07-01T03:01:24.282039,2026-07-01T03:01:24.289104+00:00,90.7,3,ask,DiligentDonuts,Kelvin Chan,1550100
2026-07-01T03:01:25.281691,2026-07-01T03:01:25.284183+00:00,90.7,3,ask,DiligentDonuts,Kelvin Chan,1550118
2026-07-01T03:01:25.308305,2026-07-01T03:01:25.315500+00:00,90.7,3,ask,DiligentDonuts,Kelvin Chan,1550119
2026-07-01T03:01:25.337307,2026-07-01T03:01:25.346597+00:00,90.7,3,ask,DiligentDonuts,Kelvin Chan,1550120
2026-07-01T03:01:25.483496,2026-07-01T03:01:25.491099+00:00,90.7,50,ask,DiligentDonuts,FlawlessFlatbreads,1550123
2026-07-01T03:01:25.488196,2026-07-01T03:01:25.491099+00:00,90.7,32,ask,DiligentDonuts,EarnestEspressos,1550124
2026-07-01T03:01:25.774902,2026-07-01T03:01:25.778580+00:00,90.6,37,bid,Xuanyu Liu,EarnestEspressos,1550138
2026-07-01T03:01:28.598990,2026-07-01T03:01:28.610403+00:00,90.7,1,bid,EarnestEspressos,Kelvin Chan,1550206
2026-07-01T03:01:28.598990,2026-07-01T03:01:28.610403+00:00,90.9,100,bid,EarnestEspressos,DiligentDonuts,1550207
2026-07-01T03:01:28.667344,2026-07-01T03:01:28.671114+00:00,90.9,23,ask,EarnestEspressos,Xuanyu Liu,1550209
2026-07-01T03:01:29.644397,2026-07-01T03:01:29.650746+00:00,91.3,10,bid,FlawlessFlatbreads,Zijun Feng,1550223
2026-07-01T03:01:29.644397,2026-07-01T03:01:29.650746+00:00,91.4,40,bid,FlawlessFlatbreads,EarnestEspressos,1550224
2026-07-01T03:01:30.185376,2026-07-01T03:01:30.187574+00:00,91.3,10,bid,CostlyCorianders,Zijun Feng,1550236
2026-07-01T03:01:30.185376,2026-07-01T03:01:30.197985+00:00,91.4,34,bid,CostlyCorianders,EarnestEspressos,1550237
2026-07-01T03:01:30.758748,2026-07-01T03:01:30.770138+00:00,90.9,26,ask,EarnestEspressos,CostlyCorianders,1550252
2026-07-01T03:01:30.758748,2026-07-01T03:01:30.770138+00:00,90.9,20,ask,DiligentDonuts,CostlyCorianders,1550253
2026-07-01T03:01:31.340124,2026-07-01T03:01:31.347851+00:00,91.4,40,bid,CostlyCorianders,EarnestEspressos,1550261
2026-07-01T03:01:31.737122,2026-07-01T03:01:31.740632+00:00,90.9,11,ask,DiligentDonuts,Xuanyu Liu,1550273
2026-07-01T03:01:31.823885,2026-07-01T03:01:31.834851+00:00,90.9,50,ask,DiligentDonuts,FlawlessFlatbreads,1550276
2026-07-01T03:01:32.489054,2026-07-01T03:01:32.495738+00:00,90.9,19,ask,DiligentDonuts,CostlyCorianders,1550290
2026-07-01T03:01:32.489054,2026-07-01T03:01:32.495738+00:00,90.7,28,ask,EarnestEspressos,CostlyCorianders,1550291
2026-07-01T03:01:33.929267,2026-07-01T03:01:33.937895+00:00,90.7,50,ask,EarnestEspressos,FlawlessFlatbreads,1550317
2026-07-01T03:01:34.602076,2026-07-01T03:01:34.608981+00:00,91.0,48,bid,CostlyCorianders,DiligentDonuts,1550331
2026-07-01T03:01:35.620410,2026-07-01T03:01:35.624069+00:00,90.8,43,bid,CostlyCorianders,EarnestEspressos,1550364
2026-07-01T03:01:35.673130,2026-07-01T03:01:35.677290+00:00,90.8,11,bid,Xuanyu Liu,EarnestEspressos,1550366
2026-07-01T03:01:35.985654,2026-07-01T03:01:35.997258+00:00,90.8,50,bid,FlawlessFlatbreads,EarnestEspressos,1550374
2026-07-01T03:01:36.148903,2026-07-01T03:01:36.152613+00:00,90.8,46,bid,DiligentDonuts,EarnestEspressos,1550379
2026-07-01T03:01:38.095177,2026-07-01T03:01:38.168467+00:00,91.3,50,bid,FlawlessFlatbreads,DiligentDonuts,1550417
2026-07-01T03:01:38.164974,2026-07-01T03:01:38.168467+00:00,91.0,11,ask,EarnestEspressos,Xuanyu Liu,1550419
2026-07-01T03:01:39.608337,2026-07-01T03:01:39.612394+00:00,91.0,3,ask,EarnestEspressos,Xuanyu Liu,1550453
2026-07-01T03:01:40.246052,2026-07-01T03:01:40.251138+00:00,91.0,49,ask,EarnestEspressos,CostlyCorianders,1550465
2026-07-01T03:01:40.253567,2026-07-01T03:01:40.261605+00:00,91.0,50,ask,EarnestEspressos,FlawlessFlatbreads,1550466
2026-07-01T03:01:40.771325,2026-07-01T03:01:40.778199+00:00,91.0,37,ask,EarnestEspressos,CostlyCorianders,1550473
2026-07-01T03:01:40.771325,2026-07-01T03:01:40.778199+00:00,90.8,5,ask,DiligentDonuts,CostlyCorianders,1550474
2026-07-01T03:01:41.308459,2026-07-01T03:01:41.324126+00:00,90.8,95,ask,DiligentDonuts,EarnestEspressos,1550482
2026-07-01T03:01:41.319772,2026-07-01T03:01:41.324126+00:00,90.8,3,bid,Xuanyu Liu,EarnestEspressos,1550484
2026-07-01T03:01:42.361846,2026-07-01T03:01:42.364787+00:00,90.7,4,ask,Kelvin Chan,FlawlessFlatbreads,1550514
2026-07-01T03:01:42.361846,2026-07-01T03:01:42.375165+00:00,90.7,10,ask,Zijun Feng,FlawlessFlatbreads,1550515
2026-07-01T03:01:42.361846,2026-07-01T03:01:42.375165+00:00,90.3,36,ask,EarnestEspressos,FlawlessFlatbreads,1550516
2026-07-01T03:01:44.355902,2026-07-01T03:01:44.367818+00:00,90.7,3,ask,Kelvin Chan,CostlyCorianders,1550551
2026-07-01T03:01:44.355902,2026-07-01T03:01:44.367818+00:00,90.7,10,ask,Zijun Feng,CostlyCorianders,1550552
2026-07-01T03:01:44.485791,2026-07-01T03:01:44.491622+00:00,90.5,50,ask,EarnestEspressos,FlawlessFlatbreads,1550555
2026-07-01T03:01:45.488177,2026-07-01T03:01:45.499357+00:00,90.7,2,ask,Kelvin Chan,CostlyCorianders,1550565
2026-07-01T03:01:45.689143,2026-07-01T03:01:45.706818+00:00,90.7,2,ask,Kelvin Chan,DiligentDonuts,1550574
2026-07-01T03:01:46.350497,2026-07-01T03:01:46.354324+00:00,90.7,11,bid,Xuanyu Liu,DiligentDonuts,1550586
2026-07-01T03:01:48.254122,2026-07-01T03:01:48.259244+00:00,90.7,47,bid,CostlyCorianders,DiligentDonuts,1550621
2026-07-01T03:01:48.696302,2026-07-01T03:01:48.700835+00:00,90.6,2,ask,Kelvin Chan,FlawlessFlatbreads,1550627
2026-07-01T03:01:48.696302,2026-07-01T03:01:48.700835+00:00,90.6,10,ask,Zijun Feng,FlawlessFlatbreads,1550628
2026-07-01T03:01:48.696302,2026-07-01T03:01:48.711104+00:00,90.4,38,ask,EarnestEspressos,FlawlessFlatbreads,1550629
2026-07-01T03:01:50.811748,2026-07-01T03:01:50.815288+00:00,90.6,2,ask,Kelvin Chan,FlawlessFlatbreads,1550684
2026-07-01T03:01:50.811748,2026-07-01T03:01:50.815288+00:00,90.5,48,ask,DiligentDonuts,FlawlessFlatbreads,1550685
2026-07-01T03:01:52.805589,2026-07-01T03:01:52.811453+00:00,90.6,3,ask,Kelvin Chan,CostlyCorianders,1550739
2026-07-01T03:01:52.805589,2026-07-01T03:01:52.811453+00:00,90.6,10,ask,Zijun Feng,CostlyCorianders,1550740
2026-07-01T03:01:52.805589,2026-07-01T03:01:52.821732+00:00,90.5,28,ask,DiligentDonuts,CostlyCorianders,1550741
2026-07-01T03:01:52.955023,2026-07-01T03:01:52.965799+00:00,90.5,50,ask,DiligentDonuts,FlawlessFlatbreads,1550745
2026-07-01T03:01:54.040523,2026-07-01T03:01:54.044316+00:00,90.8,12,bid,Xuanyu Liu,EarnestEspressos,1550772
2026-07-01T03:01:55.010796,2026-07-01T03:01:55.022564+00:00,90.8,50,bid,FlawlessFlatbreads,EarnestEspressos,1550786
2026-07-01T03:01:57.118881,2026-07-01T03:01:57.126306+00:00,90.9,50,bid,FlawlessFlatbreads,DiligentDonuts,1550838
2026-07-01T03:01:59.257372,2026-07-01T03:01:59.259608+00:00,90.8,3,bid,FlawlessFlatbreads,Kelvin Chan,1550887
2026-07-01T03:01:59.257372,2026-07-01T03:01:59.269881+00:00,91.0,47,bid,FlawlessFlatbreads,DiligentDonuts,1550888
2026-07-01T03:02:00.793662,2026-07-01T03:02:00.796255+00:00,90.9,1,bid,CostlyCorianders,Kelvin Chan,1550926
2026-07-01T03:02:00.793662,2026-07-01T03:02:00.806576+00:00,91.0,46,bid,CostlyCorianders,DiligentDonuts,1550927
2026-07-01T03:02:01.367311,2026-07-01T03:02:01.372478+00:00,90.9,1,bid,DiligentDonuts,Kelvin Chan,1550939
2026-07-01T03:02:01.367311,2026-07-01T03:02:01.372478+00:00,90.9,10,bid,FlawlessFlatbreads,Zijun Feng,1550940
2026-07-01T03:02:01.367311,2026-07-01T03:02:01.372478+00:00,91.0,7,bid,FlawlessFlatbreads,DiligentDonuts,1550941
2026-07-01T03:02:01.367311,2026-07-01T03:02:01.382768+00:00,91.3,32,bid,FlawlessFlatbreads,EarnestEspressos,1550942
2026-07-01T03:02:01.454538,2026-07-01T03:02:01.465076+00:00,90.9,1,bid,FlawlessFlatbreads,Kelvin Chan,1550944
2026-07-01T03:02:01.505431,2026-07-01T03:02:01.516260+00:00,90.9,1,ask,DiligentDonuts,Kelvin Chan,1550945
2026-07-01T03:02:01.537616,2026-07-01T03:02:01.547023+00:00,90.9,1,ask,DiligentDonuts,Kelvin Chan,1550946
2026-07-01T03:02:01.609941,2026-07-01T03:02:01.618897+00:00,90.9,1,ask,DiligentDonuts,Kelvin Chan,1550949
2026-07-01T03:02:02.586357,2026-07-01T03:02:02.595474+00:00,90.9,2,ask,DiligentDonuts,Kelvin Chan,1550964
2026-07-01T03:02:02.904024,2026-07-01T03:02:02.915499+00:00,90.9,49,ask,DiligentDonuts,CostlyCorianders,1550976
2026-07-01T03:02:03.497742,2026-07-01T03:02:03.504053+00:00,91.2,10,bid,FlawlessFlatbreads,Zijun Feng,1551008
2026-07-01T03:02:03.497742,2026-07-01T03:02:03.504053+00:00,91.4,40,bid,FlawlessFlatbreads,DiligentDonuts,1551009
2026-07-01T03:02:05.606615,2026-07-01T03:02:05.608616+00:00,91.0,2,bid,FlawlessFlatbreads,Kelvin Chan,1551046
2026-07-01T03:02:05.606615,2026-07-01T03:02:05.618885+00:00,91.3,48,bid,FlawlessFlatbreads,DiligentDonuts,1551047
2026-07-01T03:02:05.830387,2026-07-01T03:02:05.834235+00:00,90.9,12,ask,EarnestEspressos,Xuanyu Liu,1551060
2026-07-01T03:02:07.723215,2026-07-01T03:02:07.734850+00:00,91.2,50,bid,FlawlessFlatbreads,EarnestEspressos,1551089
2026-07-01T03:02:08.332163,2026-07-01T03:02:08.342854+00:00,91.2,48,bid,CostlyCorianders,EarnestEspressos,1551102
2026-07-01T03:02:09.404907,2026-07-01T03:02:09.410973+00:00,91.2,45,bid,CostlyCorianders,EarnestEspressos,1551118
2026-07-01T03:02:09.671228,2026-07-01T03:02:09.677320+00:00,91.1,2,ask,DiligentDonuts,Kelvin Chan,1551119
2026-07-01T03:02:09.765500,2026-07-01T03:02:09.769512+00:00,91.4,11,ask,EarnestEspressos,Xuanyu Liu,1551128
2026-07-01T03:02:09.770307,2026-07-01T03:02:09.779908+00:00,91.4,2,ask,EarnestEspressos,Kelvin Chan,1551129
2026-07-01T03:02:09.829285,2026-07-01T03:02:09.831377+00:00,91.5,10,bid,FlawlessFlatbreads,Zijun Feng,1551133
2026-07-01T03:02:09.829285,2026-07-01T03:02:09.841677+00:00,91.6,40,bid,FlawlessFlatbreads,DiligentDonuts,1551134
2026-07-01T03:02:10.596834,2026-07-01T03:02:10.601142+00:00,91.4,3,ask,EarnestEspressos,Xuanyu Liu,1551162
2026-07-01T03:02:11.114974,2026-07-01T03:02:11.126313+00:00,91.4,48,ask,EarnestEspressos,CostlyCorianders,1551170
2026-07-01T03:02:11.602886,2026-07-01T03:02:11.608948+00:00,91.4,2,ask,EarnestEspressos,Kelvin Chan,1551175
2026-07-01T03:02:11.968838,2026-07-01T03:02:11.978621+00:00,91.7,50,bid,FlawlessFlatbreads,DiligentDonuts,1551180
2026-07-01T03:02:12.081388,2026-07-01T03:02:12.091236+00:00,91.4,1,ask,EarnestEspressos,Kelvin Chan,1551182
2026-07-01T03:02:12.201397,2026-07-01T03:02:12.204563+00:00,91.4,1,ask,EarnestEspressos,Kelvin Chan,1551191
2026-07-01T03:02:12.806177,2026-07-01T03:02:12.811340+00:00,91.4,44,ask,EarnestEspressos,CostlyCorianders,1551207
2026-07-01T03:02:14.128010,2026-07-01T03:02:14.139237+00:00,91.5,50,ask,DiligentDonuts,FlawlessFlatbreads,1551242
2026-07-01T03:02:14.726126,2026-07-01T03:02:14.734797+00:00,91.5,2,ask,DiligentDonuts,Kelvin Chan,1551258
2026-07-01T03:02:15.743797,2026-07-01T03:02:15.751724+00:00,91.5,2,ask,DiligentDonuts,Kelvin Chan,1551273
2026-07-01T03:02:16.175945,2026-07-01T03:02:16.181834+00:00,91.5,1,ask,DiligentDonuts,Kelvin Chan,1551279
2026-07-01T03:02:16.222645,2026-07-01T03:02:16.233347+00:00,91.5,1,ask,DiligentDonuts,Kelvin Chan,1551284
2026-07-01T03:02:16.233311,2026-07-01T03:02:16.243765+00:00,91.5,44,ask,DiligentDonuts,FlawlessFlatbreads,1551285
2026-07-01T03:02:16.233311,2026-07-01T03:02:16.243765+00:00,91.2,6,ask,EarnestEspressos,FlawlessFlatbreads,1551286
2026-07-01T03:02:17.331896,2026-07-01T03:02:17.337119+00:00,91.4,2,bid,CostlyCorianders,Kelvin Chan,1551313
2026-07-01T03:02:17.331896,2026-07-01T03:02:17.337119+00:00,91.7,45,bid,CostlyCorianders,EarnestEspressos,1551314
2026-07-01T03:02:18.341166,2026-07-01T03:02:18.344164+00:00,91.2,50,ask,EarnestEspressos,FlawlessFlatbreads,1551331
2026-07-01T03:02:18.943266,2026-07-01T03:02:18.946789+00:00,91.5,2,bid,Xuanyu Liu,Kelvin Chan,1551345
2026-07-01T03:02:19.204563,2026-07-01T03:02:19.219361+00:00,91.5,1,bid,Xuanyu Liu,Kelvin Chan,1551356
2026-07-01T03:02:20.457165,2026-07-01T03:02:20.461575+00:00,91.3,50,ask,EarnestEspressos,FlawlessFlatbreads,1551391
2026-07-01T03:02:22.565367,2026-07-01T03:02:22.569994+00:00,91.2,50,ask,DiligentDonuts,FlawlessFlatbreads,1551415
2026-07-01T03:02:23.435456,2026-07-01T03:02:23.442915+00:00,91.2,47,ask,DiligentDonuts,CostlyCorianders,1551432
2026-07-01T03:02:24.621661,2026-07-01T03:02:24.629857+00:00,91.4,50,bid,FlawlessFlatbreads,EarnestEspressos,1551466
2026-07-01T03:02:25.675556,2026-07-01T03:02:25.679321+00:00,91.4,46,bid,CostlyCorianders,DiligentDonuts,1551488
2026-07-01T03:02:26.307604,2026-07-01T03:02:26.318929+00:00,91.1,2,ask,Kelvin Chan,CostlyCorianders,1551498
2026-07-01T03:02:26.307604,2026-07-01T03:02:26.318929+00:00,91.1,45,ask,EarnestEspressos,CostlyCorianders,1551499
2026-07-01T03:02:26.731772,2026-07-01T03:02:26.740833+00:00,91.5,1,bid,FlawlessFlatbreads,Kelvin Chan,1551511
2026-07-01T03:02:26.731772,2026-07-01T03:02:26.740833+00:00,91.6,49,bid,FlawlessFlatbreads,EarnestEspressos,1551512
2026-07-01T03:02:28.294181,2026-07-01T03:02:28.305607+00:00,91.5,40,bid,CostlyCorianders,DiligentDonuts,1551545
2026-07-01T03:02:28.842826,2026-07-01T03:02:28.852804+00:00,91.5,50,bid,FlawlessFlatbreads,DiligentDonuts,1551569
2026-07-01T03:02:31.000919,2026-07-01T03:02:31.004297+00:00,91.2,3,ask,Kelvin Chan,FlawlessFlatbreads,1551605
2026-07-01T03:02:31.000919,2026-07-01T03:02:31.014586+00:00,91.1,47,ask,EarnestEspressos,FlawlessFlatbreads,1551606
2026-07-01T03:02:31.923659,2026-07-01T03:02:31.925701+00:00,91.5,2,bid,CostlyCorianders,Kelvin Chan,1551623
2026-07-01T03:02:33.109825,2026-07-01T03:02:33.118039+00:00,91.3,50,ask,DiligentDonuts,FlawlessFlatbreads,1551647
2026-07-01T03:02:33.650057,2026-07-01T03:02:33.653863+00:00,91.3,3,ask,DiligentDonuts,Xuanyu Liu,1551664
2026-07-01T03:02:35.129300,2026-07-01T03:02:35.140170+00:00,91.3,47,ask,DiligentDonuts,EarnestEspressos,1551687
2026-07-01T03:02:35.221072,2026-07-01T03:02:35.232313+00:00,91.2,1,ask,Kelvin Chan,FlawlessFlatbreads,1551688
2026-07-01T03:02:35.221072,2026-07-01T03:02:35.232313+00:00,90.8,49,ask,EarnestEspressos,FlawlessFlatbreads,1551689
2026-07-01T03:02:35.991607,2026-07-01T03:02:35.995479+00:00,91.3,3,bid,Xuanyu Liu,EarnestEspressos,1551722
2026-07-01T03:02:36.474419,2026-07-01T03:02:36.481503+00:00,91.1,42,ask,DiligentDonuts,CostlyCorianders,1551726
2026-07-01T03:02:37.331162,2026-07-01T03:02:37.343489+00:00,91.2,4,ask,Kelvin Chan,FlawlessFlatbreads,1551741
2026-07-01T03:02:37.331162,2026-07-01T03:02:37.343489+00:00,91.2,10,ask,Zijun Feng,FlawlessFlatbreads,1551742
2026-07-01T03:02:37.331162,2026-07-01T03:02:37.343489+00:00,91.1,36,ask,DiligentDonuts,FlawlessFlatbreads,1551743
2026-07-01T03:02:39.164986,2026-07-01T03:02:39.175708+00:00,91.3,41,bid,CostlyCorianders,EarnestEspressos,1551801
2026-07-01T03:02:39.442012,2026-07-01T03:02:39.452211+00:00,91.1,2,ask,Kelvin Chan,FlawlessFlatbreads,1551804
2026-07-01T03:02:39.442012,2026-07-01T03:02:39.452211+00:00,90.8,48,ask,EarnestEspressos,FlawlessFlatbreads,1551805
2026-07-01T03:02:39.705509,2026-07-01T03:02:39.709260+00:00,91.1,11,bid,Xuanyu Liu,DiligentDonuts,1551810
2026-07-01T03:02:41.553080,2026-07-01T03:02:41.560218+00:00,90.9,50,ask,EarnestEspressos,FlawlessFlatbreads,1551845
2026-07-01T03:02:43.659074,2026-07-01T03:02:43.665214+00:00,91.1,10,ask,Zijun Feng,FlawlessFlatbreads,1551884
2026-07-01T03:02:43.659074,2026-07-01T03:02:43.665214+00:00,91.0,2,ask,Kelvin Chan,FlawlessFlatbreads,1551885
2026-07-01T03:02:43.659074,2026-07-01T03:02:43.675482+00:00,90.9,38,ask,EarnestEspressos,FlawlessFlatbreads,1551886
2026-07-01T03:02:44.638488,2026-07-01T03:02:44.642551+00:00,91.2,12,bid,Xuanyu Liu,EarnestEspressos,1551908
2026-07-01T03:02:45.228444,2026-07-01T03:02:45.240488+00:00,91.2,43,bid,CostlyCorianders,EarnestEspressos,1551930
2026-07-01T03:02:45.770577,2026-07-01T03:02:45.781495+00:00,91.0,2,ask,Kelvin Chan,FlawlessFlatbreads,1551934
2026-07-01T03:02:45.770577,2026-07-01T03:02:45.781495+00:00,91.0,10,ask,Zijun Feng,FlawlessFlatbreads,1551935
2026-07-01T03:02:45.770577,2026-07-01T03:02:45.781495+00:00,90.9,38,ask,DiligentDonuts,FlawlessFlatbreads,1551936
2026-07-01T03:02:47.828770,2026-07-01T03:02:47.831439+00:00,91.3,4,bid,FlawlessFlatbreads,Kelvin Chan,1551962
2026-07-01T03:02:47.828770,2026-07-01T03:02:47.841754+00:00,91.4,46,bid,FlawlessFlatbreads,DiligentDonuts,1551963
2026-07-01T03:02:49.934835,2026-07-01T03:02:49.944723+00:00,91.2,10,bid,FlawlessFlatbreads,Zijun Feng,1551993
2026-07-01T03:02:49.934835,2026-07-01T03:02:49.944723+00:00,91.3,4,bid,FlawlessFlatbreads,Kelvin Chan,1551994
2026-07-01T03:02:49.934835,2026-07-01T03:02:49.944723+00:00,91.4,36,bid,FlawlessFlatbreads,EarnestEspressos,1551995
2026-07-01T03:02:52.097540,2026-07-01T03:02:52.108260+00:00,91.1,50,ask,EarnestEspressos,FlawlessFlatbreads,1552046
2026-07-01T03:02:53.566167,2026-07-01T03:02:53.575417+00:00,91.1,43,ask,EarnestEspressos,CostlyCorianders,1552060
2026-07-01T03:02:54.153933,2026-07-01T03:02:54.160672+00:00,91.2,50,bid,FlawlessFlatbreads,EarnestEspressos,1552069
2026-07-01T03:02:54.352103,2026-07-01T03:02:54.355868+00:00,91.2,11,bid,Xuanyu Liu,EarnestEspressos,1552079
2026-07-01T03:02:56.262766,2026-07-01T03:02:56.267398+00:00,91.2,50,bid,FlawlessFlatbreads,EarnestEspressos,1552109
2026-07-01T03:02:58.369581,2026-07-01T03:02:58.377891+00:00,91.4,1,bid,FlawlessFlatbreads,Kelvin Chan,1552146
2026-07-01T03:02:58.369581,2026-07-01T03:02:58.377891+00:00,91.7,49,bid,FlawlessFlatbreads,EarnestEspressos,1552147
2026-07-01T03:03:00.265927,2026-07-01T03:03:00.273222+00:00,91.5,45,bid,CostlyCorianders,DiligentDonuts,1552186
2026-07-01T03:03:00.401883,2026-07-01T03:03:00.405886+00:00,91.4,1,ask,EarnestEspressos,Xuanyu Liu,1552191
2026-07-01T03:03:00.529864,2026-07-01T03:03:00.539046+00:00,91.4,50,ask,EarnestEspressos,FlawlessFlatbreads,1552196
2026-07-01T03:03:00.802247,2026-07-01T03:03:00.807253+00:00,91.4,10,ask,EarnestEspressos,Xuanyu Liu,1552200
2026-07-01T03:03:02.598327,2026-07-01T03:03:02.608144+00:00,91.5,4,bid,FlawlessFlatbreads,Kelvin Chan,1552238
2026-07-01T03:03:02.598327,2026-07-01T03:03:02.608144+00:00,91.5,10,bid,FlawlessFlatbreads,Zijun Feng,1552239
2026-07-01T03:03:02.598327,2026-07-01T03:03:02.618449+00:00,91.6,36,bid,FlawlessFlatbreads,DiligentDonuts,1552240
2026-07-01T03:03:02.737906,2026-07-01T03:03:02.741762+00:00,91.4,12,ask,EarnestEspressos,Xuanyu Liu,1552244
2026-07-01T03:03:03.442096,2026-07-01T03:03:03.448333+00:00,91.4,42,ask,EarnestEspressos,CostlyCorianders,1552256
2026-07-01T03:03:03.607247,2026-07-01T03:03:03.611970+00:00,91.4,10,ask,Zijun Feng,EarnestEspressos,1552261
2026-07-01T03:03:04.707347,2026-07-01T03:03:04.717140+00:00,91.4,50,bid,FlawlessFlatbreads,EarnestEspressos,1552281
2026-07-01T03:03:05.078830,2026-07-01T03:03:05.086138+00:00,91.2,44,ask,DiligentDonuts,CostlyCorianders,1552283
2026-07-01T03:03:06.894980,2026-07-01T03:03:06.903366+00:00,91.3,50,ask,EarnestEspressos,FlawlessFlatbreads,1552322
2026-07-01T03:03:08.469517,2026-07-01T03:03:08.479089+00:00,91.5,1,bid,CostlyCorianders,Kelvin Chan,1552350
2026-07-01T03:03:08.469517,2026-07-01T03:03:08.479089+00:00,91.7,44,bid,CostlyCorianders,DiligentDonuts,1552351
2026-07-01T03:03:09.001848,2026-07-01T03:03:09.012273+00:00,91.3,50,ask,EarnestEspressos,FlawlessFlatbreads,1552359
2026-07-01T03:03:09.479730,2026-07-01T03:03:09.483295+00:00,91.5,2,bid,CostlyCorianders,Kelvin Chan,1552368
2026-07-01T03:03:09.479730,2026-07-01T03:03:09.483295+00:00,91.5,10,bid,CostlyCorianders,Zijun Feng,1552369
2026-07-01T03:03:09.479730,2026-07-01T03:03:09.493528+00:00,91.7,30,bid,CostlyCorianders,DiligentDonuts,1552370
2026-07-01T03:03:09.963758,2026-07-01T03:03:09.965686+00:00,91.2,100,ask,DiligentDonuts,EarnestEspressos,1552384
2026-07-01T03:03:09.989481,2026-07-01T03:03:09.993322+00:00,91.2,12,bid,Xuanyu Liu,EarnestEspressos,1552389
2026-07-01T03:03:10.069655,2026-07-01T03:03:10.075708+00:00,91.2,38,bid,CostlyCorianders,EarnestEspressos,1552390
2026-07-01T03:03:11.119000,2026-07-01T03:03:11.131502+00:00,91.3,50,ask,DiligentDonuts,FlawlessFlatbreads,1552425
2026-07-01T03:03:11.669848,2026-07-01T03:03:11.673860+00:00,91.3,41,ask,DiligentDonuts,CostlyCorianders,1552433
2026-07-01T03:03:12.745091,2026-07-01T03:03:12.749703+00:00,91.3,9,ask,DiligentDonuts,CostlyCorianders,1552460
2026-07-01T03:03:12.745091,2026-07-01T03:03:12.749703+00:00,91.3,2,ask,Kelvin Chan,CostlyCorianders,1552461
2026-07-01T03:03:12.745091,2026-07-01T03:03:12.760035+00:00,90.7,38,ask,EarnestEspressos,CostlyCorianders,1552462
2026-07-01T03:03:13.225881,2026-07-01T03:03:13.232812+00:00,91.3,50,ask,EarnestEspressos,FlawlessFlatbreads,1552477
2026-07-01T03:03:13.302182,2026-07-01T03:03:13.304918+00:00,91.6,2,bid,CostlyCorianders,Kelvin Chan,1552480
2026-07-01T03:03:13.302182,2026-07-01T03:03:13.315207+00:00,91.8,42,bid,CostlyCorianders,DiligentDonuts,1552481
2026-07-01T03:03:13.358342,2026-07-01T03:03:13.366479+00:00,91.3,47,ask,EarnestEspressos,CostlyCorianders,1552482
2026-07-01T03:03:13.955018,2026-07-01T03:03:13.961108+00:00,91.3,42,ask,EarnestEspressos,CostlyCorianders,1552498
2026-07-01T03:03:15.366088,2026-07-01T03:03:15.377360+00:00,91.3,11,ask,EarnestEspressos,FlawlessFlatbreads,1552531
2026-07-01T03:03:15.366088,2026-07-01T03:03:15.377360+00:00,91.3,4,ask,Kelvin Chan,FlawlessFlatbreads,1552532
2026-07-01T03:03:15.366088,2026-07-01T03:03:15.377360+00:00,91.3,10,ask,Zijun Feng,FlawlessFlatbreads,1552533
2026-07-01T03:03:15.366088,2026-07-01T03:03:15.377360+00:00,90.9,25,ask,DiligentDonuts,FlawlessFlatbreads,1552534
2026-07-01T03:03:15.598794,2026-07-01T03:03:15.602570+00:00,91.4,46,bid,CostlyCorianders,DiligentDonuts,1552538
2026-07-01T03:03:16.308566,2026-07-01T03:03:16.312123+00:00,91.3,11,bid,Xuanyu Liu,EarnestEspressos,1552559
2026-07-01T03:03:17.481872,2026-07-01T03:03:17.490103+00:00,91.2,4,ask,Kelvin Chan,FlawlessFlatbreads,1552582
2026-07-01T03:03:17.481872,2026-07-01T03:03:17.490103+00:00,91.2,10,ask,Zijun Feng,FlawlessFlatbreads,1552583
2026-07-01T03:03:17.481872,2026-07-01T03:03:17.490103+00:00,90.8,36,ask,EarnestEspressos,FlawlessFlatbreads,1552584
2026-07-01T03:03:19.467241,2026-07-01T03:03:19.470708+00:00,91.0,12,bid,Xuanyu Liu,EarnestEspressos,1552623
2026-07-01T03:03:19.603024,2026-07-01T03:03:19.604878+00:00,90.8,50,ask,DiligentDonuts,FlawlessFlatbreads,1552629
2026-07-01T03:03:20.579397,2026-07-01T03:03:20.583098+00:00,91.0,11,bid,Xuanyu Liu,EarnestEspressos,1552666
2026-07-01T03:03:21.708595,2026-07-01T03:03:21.710403+00:00,90.7,50,ask,DiligentDonuts,FlawlessFlatbreads,1552688
2026-07-01T03:03:21.890260,2026-07-01T03:03:21.893721+00:00,91.0,11,bid,Xuanyu Liu,EarnestEspressos,1552694
2026-07-01T03:03:22.080016,2026-07-01T03:03:22.089243+00:00,91.0,4,bid,Kelvin Chan,EarnestEspressos,1552701
2026-07-01T03:03:23.768501,2026-07-01T03:03:23.780978+00:00,91.1,50,bid,FlawlessFlatbreads,DiligentDonuts,1552755
2026-07-01T03:03:25.935015,2026-07-01T03:03:25.944279+00:00,91.0,1,ask,Kelvin Chan,FlawlessFlatbreads,1552811
2026-07-01T03:03:25.935015,2026-07-01T03:03:25.944279+00:00,91.0,10,ask,Zijun Feng,FlawlessFlatbreads,1552812
2026-07-01T03:03:25.935015,2026-07-01T03:03:25.944279+00:00,90.7,39,ask,EarnestEspressos,FlawlessFlatbreads,1552813
2026-07-01T03:03:27.755060,2026-07-01T03:03:27.758254+00:00,91.2,43,bid,CostlyCorianders,EarnestEspressos,1552875
2026-07-01T03:03:28.069919,2026-07-01T03:03:28.075450+00:00,91.0,50,ask,DiligentDonuts,FlawlessFlatbreads,1552877
2026-07-01T03:03:29.836502,2026-07-01T03:03:29.840471+00:00,91.1,10,ask,Zijun Feng,Xuanyu Liu,1552914
2026-07-01T03:03:29.960724,2026-07-01T03:03:29.963411+00:00,91.3,2,bid,CostlyCorianders,Kelvin Chan,1552915
2026-07-01T03:03:29.960724,2026-07-01T03:03:29.973628+00:00,91.3,38,bid,CostlyCorianders,EarnestEspressos,1552916
2026-07-01T03:03:30.017081,2026-07-01T03:03:30.024771+00:00,90.8,48,ask,EarnestEspressos,CostlyCorianders,1552917
2026-07-01T03:03:30.177188,2026-07-01T03:03:30.188754+00:00,91.0,4,ask,Kelvin Chan,FlawlessFlatbreads,1552926
2026-07-01T03:03:30.177188,2026-07-01T03:03:30.188754+00:00,90.8,46,ask,EarnestEspressos,FlawlessFlatbreads,1552927
2026-07-01T03:03:32.212691,2026-07-01T03:03:32.219158+00:00,91.0,41,bid,CostlyCorianders,EarnestEspressos,1552988
2026-07-01T03:03:34.221961,2026-07-01T03:03:34.226916+00:00,90.9,1,ask,Kelvin Chan,Xuanyu Liu,1553037
2026-07-01T03:03:34.221961,2026-07-01T03:03:34.226916+00:00,90.9,10,ask,Zijun Feng,Xuanyu Liu,1553038
2026-07-01T03:03:34.645505,2026-07-01T03:03:34.647154+00:00,90.9,3,bid,Kelvin Chan,Zijun Feng,1553044
2026-07-01T03:03:34.700400,2026-07-01T03:03:34.709066+00:00,90.9,3,bid,Kelvin Chan,Zijun Feng,1553046
2026-07-01T03:03:34.979647,2026-07-01T03:03:34.986713+00:00,90.7,6,ask,Zijun Feng,CostlyCorianders,1553054
2026-07-01T03:03:34.979647,2026-07-01T03:03:34.986713+00:00,90.6,36,ask,DiligentDonuts,CostlyCorianders,1553055
2026-07-01T03:03:35.074537,2026-07-01T03:03:35.078962+00:00,90.9,3,bid,Kelvin Chan,Zijun Feng,1553056
2026-07-01T03:03:35.432989,2026-07-01T03:03:35.436393+00:00,90.8,1,ask,Kelvin Chan,Xuanyu Liu,1553068
2026-07-01T03:03:36.423074,2026-07-01T03:03:36.443128+00:00,90.8,2,ask,Kelvin Chan,DiligentDonuts,1553089
2026-07-01T03:03:36.436298,2026-07-01T03:03:36.443128+00:00,90.6,43,bid,CostlyCorianders,DiligentDonuts,1553092
2026-07-01T03:03:36.439415,2026-07-01T03:03:36.443128+00:00,90.6,11,bid,Xuanyu Liu,DiligentDonuts,1553093
2026-07-01T03:03:36.442376,2026-07-01T03:03:36.453452+00:00,90.6,44,bid,FlawlessFlatbreads,DiligentDonuts,1553094
2026-07-01T03:03:36.442376,2026-07-01T03:03:36.453452+00:00,90.9,6,bid,FlawlessFlatbreads,EarnestEspressos,1553095
2026-07-01T03:03:38.551722,2026-07-01T03:03:38.563642+00:00,90.7,50,bid,FlawlessFlatbreads,EarnestEspressos,1553144
2026-07-01T03:03:39.534323,2026-07-01T03:03:39.537226+00:00,90.2,40,ask,EarnestEspressos,CostlyCorianders,1553164
2026-07-01T03:03:40.504466,2026-07-01T03:03:40.515044+00:00,90.2,48,ask,EarnestEspressos,CostlyCorianders,1553175
2026-07-01T03:03:40.657998,2026-07-01T03:03:40.669244+00:00,90.7,50,bid,FlawlessFlatbreads,EarnestEspressos,1553180
2026-07-01T03:03:41.000022,2026-07-01T03:03:41.009954+00:00,90.7,49,bid,CostlyCorianders,EarnestEspressos,1553194
2026-07-01T03:03:42.140081,2026-07-01T03:03:42.149195+00:00,90.2,41,ask,DiligentDonuts,CostlyCorianders,1553217
2026-07-01T03:03:42.674385,2026-07-01T03:03:42.681338+00:00,90.6,7,bid,CostlyCorianders,Zijun Feng,1553229
2026-07-01T03:03:42.674385,2026-07-01T03:03:42.681338+00:00,90.7,33,bid,CostlyCorianders,EarnestEspressos,1553230
2026-07-01T03:03:42.792214,2026-07-01T03:03:42.804526+00:00,90.5,50,bid,FlawlessFlatbreads,DiligentDonuts,1553234
2026-07-01T03:03:43.623015,2026-07-01T03:03:43.629274+00:00,90.2,47,ask,EarnestEspressos,CostlyCorianders,1553244
2026-07-01T03:03:44.897924,2026-07-01T03:03:44.902647+00:00,90.5,50,bid,FlawlessFlatbreads,DiligentDonuts,1553259
2026-07-01T03:03:46.379213,2026-07-01T03:03:46.381824+00:00,90.7,10,bid,CostlyCorianders,Zijun Feng,1553282
2026-07-01T03:03:46.379213,2026-07-01T03:03:46.392053+00:00,90.8,36,bid,CostlyCorianders,EarnestEspressos,1553283
2026-07-01T03:03:47.029644,2026-07-01T03:03:47.038152+00:00,90.8,50,bid,FlawlessFlatbreads,EarnestEspressos,1553292
2026-07-01T03:03:47.896464,2026-07-01T03:03:47.900289+00:00,90.7,11,ask,EarnestEspressos,Xuanyu Liu,1553312
2026-07-01T03:03:47.907322,2026-07-01T03:03:47.910642+00:00,90.7,42,ask,EarnestEspressos,CostlyCorianders,1553313
2026-07-01T03:03:48.379092,2026-07-01T03:03:48.381969+00:00,90.9,6,bid,CostlyCorianders,Kelvin Chan,1553320
2026-07-01T03:03:48.379092,2026-07-01T03:03:48.392239+00:00,90.9,38,bid,CostlyCorianders,DiligentDonuts,1553321
2026-07-01T03:03:48.937977,2026-07-01T03:03:48.945166+00:00,90.8,6,bid,CostlyCorianders,Kelvin Chan,1553332
2026-07-01T03:03:48.937977,2026-07-01T03:03:48.945166+00:00,90.9,43,bid,CostlyCorianders,DiligentDonuts,1553333
2026-07-01T03:03:49.034383,2026-07-01T03:03:49.038307+00:00,90.8,12,ask,DiligentDonuts,Xuanyu Liu,1553337
2026-07-01T03:03:49.137590,2026-07-01T03:03:49.141216+00:00,91.1,10,bid,FlawlessFlatbreads,Zijun Feng,1553345
2026-07-01T03:03:49.137590,2026-07-01T03:03:49.141216+00:00,91.2,40,bid,FlawlessFlatbreads,EarnestEspressos,1553346
2026-07-01T03:03:51.268751,2026-07-01T03:03:51.278422+00:00,91.2,10,bid,FlawlessFlatbreads,Zijun Feng,1553383
2026-07-01T03:03:51.268751,2026-07-01T03:03:51.278422+00:00,91.3,40,bid,FlawlessFlatbreads,DiligentDonuts,1553384
2026-07-01T03:03:51.702143,2026-07-01T03:03:51.708241+00:00,90.9,5,ask,EarnestEspressos,Kelvin Chan,1553398
2026-07-01T03:03:51.940876,2026-07-01T03:03:51.944229+00:00,90.9,40,ask,EarnestEspressos,CostlyCorianders,1553402
2026-07-01T03:03:52.042541,2026-07-01T03:03:52.046019+00:00,90.9,11,ask,EarnestEspressos,Xuanyu Liu,1553405
2026-07-01T03:03:53.380308,2026-07-01T03:03:53.388506+00:00,91.0,6,bid,FlawlessFlatbreads,Kelvin Chan,1553438
2026-07-01T03:03:53.380308,2026-07-01T03:03:53.388506+00:00,91.0,10,bid,FlawlessFlatbreads,Zijun Feng,1553439
2026-07-01T03:03:53.380308,2026-07-01T03:03:53.388506+00:00,91.3,34,bid,FlawlessFlatbreads,DiligentDonuts,1553440
2026-07-01T03:03:55.001904,2026-07-01T03:03:55.012017+00:00,90.9,44,bid,CostlyCorianders,EarnestEspressos,1553484
2026-07-01T03:03:55.347023,2026-07-01T03:03:55.354672+00:00,90.9,100,bid,DiligentDonuts,EarnestEspressos,1553489
2026-07-01T03:03:55.493243,2026-07-01T03:03:55.500872+00:00,90.9,6,bid,FlawlessFlatbreads,EarnestEspressos,1553492
2026-07-01T03:03:55.493243,2026-07-01T03:03:55.500872+00:00,91.0,5,bid,FlawlessFlatbreads,Kelvin Chan,1553493
2026-07-01T03:03:55.493243,2026-07-01T03:03:55.500872+00:00,91.5,39,bid,FlawlessFlatbreads,DiligentDonuts,1553494
2026-07-01T03:03:56.924508,2026-07-01T03:03:56.934983+00:00,90.4,42,ask,EarnestEspressos,CostlyCorianders,1553521
2026-07-01T03:03:57.380490,2026-07-01T03:03:57.389455+00:00,91.1,5,ask,EarnestEspressos,Kelvin Chan,1553533
2026-07-01T03:03:57.602478,2026-07-01T03:03:57.604414+00:00,91.5,50,bid,FlawlessFlatbreads,DiligentDonuts,1553536
2026-07-01T03:03:57.693370,2026-07-01T03:03:57.697322+00:00,91.1,12,ask,EarnestEspressos,Xuanyu Liu,1553547
2026-07-01T03:03:58.599805,2026-07-01T03:03:58.603726+00:00,91.1,11,ask,EarnestEspressos,Xuanyu Liu,1553565
2026-07-01T03:03:59.708019,2026-07-01T03:03:59.718367+00:00,91.2,4,bid,FlawlessFlatbreads,Kelvin Chan,1553597
2026-07-01T03:03:59.708019,2026-07-01T03:03:59.718367+00:00,91.2,10,bid,FlawlessFlatbreads,Zijun Feng,1553598
2026-07-01T03:03:59.708019,2026-07-01T03:03:59.718367+00:00,91.4,36,bid,FlawlessFlatbreads,DiligentDonuts,1553599
2026-07-01T03:04:01.815713,2026-07-01T03:04:01.824492+00:00,91.2,4,bid,FlawlessFlatbreads,Kelvin Chan,1553628
2026-07-01T03:04:01.815713,2026-07-01T03:04:01.824492+00:00,91.3,46,bid,FlawlessFlatbreads,EarnestEspressos,1553629
2026-07-01T03:04:02.142802,2026-07-01T03:04:02.146309+00:00,91.1,47,ask,DiligentDonuts,CostlyCorianders,1553648
2026-07-01T03:04:03.467448,2026-07-01T03:04:03.472764+00:00,91.1,48,ask,DiligentDonuts,CostlyCorianders,1553674
2026-07-01T03:04:03.862161,2026-07-01T03:04:03.866101+00:00,91.1,3,ask,DiligentDonuts,Xuanyu Liu,1553686
2026-07-01T03:04:03.926615,2026-07-01T03:04:03.938580+00:00,91.2,10,bid,FlawlessFlatbreads,Zijun Feng,1553690
2026-07-01T03:04:03.926615,2026-07-01T03:04:03.938580+00:00,91.4,40,bid,FlawlessFlatbreads,EarnestEspressos,1553691
2026-07-01T03:04:05.519634,2026-07-01T03:04:05.523537+00:00,90.9,1,ask,Kelvin Chan,CostlyCorianders,1553734
2026-07-01T03:04:05.519634,2026-07-01T03:04:05.523537+00:00,90.9,48,ask,EarnestEspressos,CostlyCorianders,1553735
2026-07-01T03:04:06.036497,2026-07-01T03:04:06.040529+00:00,91.1,50,bid,FlawlessFlatbreads,DiligentDonuts,1553742
2026-07-01T03:04:06.672173,2026-07-01T03:04:06.679171+00:00,91.1,43,bid,CostlyCorianders,DiligentDonuts,1553748
2026-07-01T03:04:08.138268,2026-07-01T03:04:08.146951+00:00,91.3,4,bid,CostlyCorianders,Kelvin Chan,1553769
2026-07-01T03:04:08.138268,2026-07-01T03:04:08.146951+00:00,91.4,37,bid,CostlyCorianders,EarnestEspressos,1553770
2026-07-01T03:04:08.145615,2026-07-01T03:04:08.157376+00:00,91.4,50,bid,FlawlessFlatbreads,EarnestEspressos,1553771
2026-07-01T03:04:09.272762,2026-07-01T03:04:09.283041+00:00,91.3,2,bid,CostlyCorianders,Kelvin Chan,1553791
2026-07-01T03:04:10.251174,2026-07-01T03:04:10.255980+00:00,91.3,10,bid,FlawlessFlatbreads,Zijun Feng,1553807
2026-07-01T03:04:10.251174,2026-07-01T03:04:10.266436+00:00,91.5,40,bid,FlawlessFlatbreads,DiligentDonuts,1553808
2026-07-01T03:04:10.804134,2026-07-01T03:04:10.806919+00:00,91.3,2,bid,CostlyCorianders,Kelvin Chan,1553817
2026-07-01T03:04:12.362256,2026-07-01T03:04:12.370500+00:00,91.4,50,bid,FlawlessFlatbreads,DiligentDonuts,1553849
2026-07-01T03:04:14.316972,2026-07-01T03:04:14.321300+00:00,91.3,4,bid,DiligentDonuts,Kelvin Chan,1553888
2026-07-01T03:04:14.316972,2026-07-01T03:04:14.321300+00:00,91.3,10,bid,DiligentDonuts,Zijun Feng,1553889
2026-07-01T03:04:15.741055,2026-07-01T03:04:15.751992+00:00,91.3,45,ask,DiligentDonuts,CostlyCorianders,1553908
2026-07-01T03:04:16.627306,2026-07-01T03:04:16.633367+00:00,91.3,41,ask,DiligentDonuts,FlawlessFlatbreads,1553931
2026-07-01T03:04:17.695109,2026-07-01T03:04:17.706214+00:00,91.2,43,ask,EarnestEspressos,CostlyCorianders,1553940
2026-07-01T03:04:18.683231,2026-07-01T03:04:18.687292+00:00,91.3,50,bid,FlawlessFlatbreads,DiligentDonuts,1553965
2026-07-01T03:04:18.823621,2026-07-01T03:04:18.831503+00:00,91.3,42,bid,CostlyCorianders,DiligentDonuts,1553970
2026-07-01T03:04:20.790848,2026-07-01T03:04:20.797776+00:00,91.4,1,bid,FlawlessFlatbreads,Kelvin Chan,1554019
2026-07-01T03:04:20.790848,2026-07-01T03:04:20.797776+00:00,91.4,49,bid,FlawlessFlatbreads,EarnestEspressos,1554020
2026-07-01T03:04:21.146433,2026-07-01T03:04:21.148675+00:00,91.4,45,bid,CostlyCorianders,EarnestEspressos,1554030
2026-07-01T03:04:22.708264,2026-07-01T03:04:22.712075+00:00,91.3,3,ask,EarnestEspressos,Xuanyu Liu,1554056
2026-07-01T03:04:25.057247,2026-07-01T03:04:25.059185+00:00,91.3,50,ask,EarnestEspressos,FlawlessFlatbreads,1554117
2026-07-01T03:04:26.276514,2026-07-01T03:04:26.282684+00:00,91.1,1,ask,Kelvin Chan,CostlyCorianders,1554148
2026-07-01T03:04:26.276514,2026-07-01T03:04:26.282684+00:00,91.1,46,ask,DiligentDonuts,CostlyCorianders,1554149
2026-07-01T03:04:26.784519,2026-07-01T03:04:26.790446+00:00,91.4,10,bid,CostlyCorianders,Zijun Feng,1554165
2026-07-01T03:04:26.784519,2026-07-01T03:04:26.790446+00:00,91.5,2,bid,CostlyCorianders,Kelvin Chan,1554166
2026-07-01T03:04:26.784519,2026-07-01T03:04:26.790446+00:00,91.5,30,bid,CostlyCorianders,EarnestEspressos,1554167
2026-07-01T03:04:27.112381,2026-07-01T03:04:27.121763+00:00,91.2,50,bid,FlawlessFlatbreads,DiligentDonuts,1554171
2026-07-01T03:04:29.011016,2026-07-01T03:04:29.019244+00:00,91.2,50,bid,EarnestEspressos,DiligentDonuts,1554201
2026-07-01T03:04:29.121929,2026-07-01T03:04:29.133260+00:00,91.2,42,ask,EarnestEspressos,CostlyCorianders,1554203
2026-07-01T03:04:32.365972,2026-07-01T03:04:32.376672+00:00,91.4,46,bid,CostlyCorianders,EarnestEspressos,1554274
2026-07-01T03:04:32.420698,2026-07-01T03:04:32.428176+00:00,91.3,41,ask,DiligentDonuts,CostlyCorianders,1554275
2026-07-01T03:04:33.430817,2026-07-01T03:04:33.436591+00:00,91.4,50,bid,FlawlessFlatbreads,EarnestEspressos,1554295
2026-07-01T03:04:33.896424,2026-07-01T03:04:33.900984+00:00,91.4,43,bid,CostlyCorianders,EarnestEspressos,1554299
2026-07-01T03:04:35.342336,2026-07-01T03:04:35.346204+00:00,91.3,11,ask,EarnestEspressos,Xuanyu Liu,1554330
2026-07-01T03:04:35.588919,2026-07-01T03:04:35.594238+00:00,91.3,50,ask,EarnestEspressos,FlawlessFlatbreads,1554331
2026-07-01T03:04:37.716480,2026-07-01T03:04:37.718536+00:00,91.3,50,ask,EarnestEspressos,FlawlessFlatbreads,1554381
2026-07-01T03:04:38.429671,2026-07-01T03:04:38.439779+00:00,91.3,39,ask,EarnestEspressos,CostlyCorianders,1554405
2026-07-01T03:04:38.429671,2026-07-01T03:04:38.439779+00:00,91.2,1,ask,Kelvin Chan,CostlyCorianders,1554406
2026-07-01T03:04:38.429671,2026-07-01T03:04:38.439779+00:00,91.0,9,ask,DiligentDonuts,CostlyCorianders,1554407
2026-07-01T03:04:38.878721,2026-07-01T03:04:38.882740+00:00,91.2,2,bid,Kelvin Chan,EarnestEspressos,1554411
2026-07-01T03:04:38.976021,2026-07-01T03:04:38.981551+00:00,91.2,1,bid,Kelvin Chan,EarnestEspressos,1554420
2026-07-01T03:04:39.052511,2026-07-01T03:04:39.069695+00:00,91.2,1,bid,Kelvin Chan,EarnestEspressos,1554423
2026-07-01T03:04:39.823552,2026-07-01T03:04:39.833456+00:00,91.0,50,ask,DiligentDonuts,FlawlessFlatbreads,1554433
2026-07-01T03:04:39.978609,2026-07-01T03:04:39.987939+00:00,91.2,1,bid,Kelvin Chan,EarnestEspressos,1554439
2026-07-01T03:04:40.441800,2026-07-01T03:04:40.443758+00:00,91.0,42,ask,DiligentDonuts,CostlyCorianders,1554458
2026-07-01T03:04:41.425637,2026-07-01T03:04:41.433753+00:00,91.2,40,bid,CostlyCorianders,EarnestEspressos,1554480
2026-07-01T03:04:41.918566,2026-07-01T03:04:41.930484+00:00,91.0,8,ask,DiligentDonuts,CostlyCorianders,1554496
2026-07-01T03:04:41.934192,2026-07-01T03:04:41.940908+00:00,90.7,50,ask,EarnestEspressos,FlawlessFlatbreads,1554497
2026-07-01T03:04:42.832501,2026-07-01T03:04:42.837585+00:00,91.1,1,ask,Kelvin Chan,DiligentDonuts,1554508
2026-07-01T03:04:44.042044,2026-07-01T03:04:44.047550+00:00,90.7,50,ask,EarnestEspressos,FlawlessFlatbreads,1554532
2026-07-01T03:04:44.528984,2026-07-01T03:04:44.532158+00:00,91.1,41,bid,CostlyCorianders,DiligentDonuts,1554542
2026-07-01T03:04:44.891640,2026-07-01T03:04:44.895916+00:00,90.8,14,bid,Xuanyu Liu,EarnestEspressos,1554550
2026-07-01T03:04:45.943375,2026-07-01T03:04:45.948412+00:00,90.8,100,bid,DiligentDonuts,EarnestEspressos,1554567
2026-07-01T03:04:45.972604,2026-07-01T03:04:45.979446+00:00,90.8,36,bid,CostlyCorianders,EarnestEspressos,1554568
2026-07-01T03:04:48.010512,2026-07-01T03:04:48.019489+00:00,90.9,48,ask,EarnestEspressos,CostlyCorianders,1554626
2026-07-01T03:04:48.252824,2026-07-01T03:04:48.256896+00:00,90.9,50,ask,EarnestEspressos,FlawlessFlatbreads,1554638
2026-07-01T03:04:48.949444,2026-07-01T03:04:48.955630+00:00,91.3,48,bid,CostlyCorianders,DiligentDonuts,1554649
2026-07-01T03:04:50.310625,2026-07-01T03:04:50.315008+00:00,91.0,50,bid,FlawlessFlatbreads,DiligentDonuts,1554686
2026-07-01T03:04:51.591604,2026-07-01T03:04:51.599757+00:00,90.6,41,ask,EarnestEspressos,CostlyCorianders,1554716
2026-07-01T03:04:52.429938,2026-07-01T03:04:52.435490+00:00,91.1,50,bid,FlawlessFlatbreads,EarnestEspressos,1554731
2026-07-01T03:04:52.638418,2026-07-01T03:04:52.640783+00:00,90.7,47,ask,DiligentDonuts,CostlyCorianders,1554735
2026-07-01T03:04:54.539037,2026-07-01T03:04:54.548495+00:00,91.2,50,bid,FlawlessFlatbreads,DiligentDonuts,1554783
2026-07-01T03:04:58.811283,2026-07-01T03:04:58.821929+00:00,91.0,50,ask,DiligentDonuts,FlawlessFlatbreads,1554873
2026-07-01T03:04:59.917756,2026-07-01T03:04:59.921084+00:00,91.3,2,bid,CostlyCorianders,Kelvin Chan,1554896
2026-07-01T03:04:59.917756,2026-07-01T03:04:59.921084+00:00,91.4,42,bid,CostlyCorianders,EarnestEspressos,1554897
2026-07-01T03:05:00.918271,2026-07-01T03:05:00.920522+00:00,91.0,50,ask,DiligentDonuts,FlawlessFlatbreads,1554916
2026-07-01T03:05:01.393731,2026-07-01T03:05:01.407266+00:00,91.4,41,bid,CostlyCorianders,EarnestEspressos,1554936
2026-07-01T03:05:02.974665,2026-07-01T03:05:02.980724+00:00,91.1,50,bid,FlawlessFlatbreads,DiligentDonuts,1554971
2026-07-01T03:05:03.823527,2026-07-01T03:05:03.834243+00:00,91.1,50,bid,EarnestEspressos,DiligentDonuts,1554992
2026-07-01T03:05:04.250304,2026-07-01T03:05:04.254305+00:00,91.1,3,ask,EarnestEspressos,Xuanyu Liu,1555003
2026-07-01T03:05:04.573265,2026-07-01T03:05:04.582362+00:00,91.1,47,ask,EarnestEspressos,CostlyCorianders,1555008
2026-07-01T03:05:05.135385,2026-07-01T03:05:05.147612+00:00,91.1,50,ask,EarnestEspressos,FlawlessFlatbreads,1555024
2026-07-01T03:05:07.038843,2026-07-01T03:05:07.059431+00:00,90.9,4,ask,Kelvin Chan,EarnestEspressos,1555062
2026-07-01T03:05:07.055083,2026-07-01T03:05:07.059431+00:00,90.8,3,bid,Xuanyu Liu,EarnestEspressos,1555064
2026-07-01T03:05:07.191006,2026-07-01T03:05:07.193401+00:00,90.8,50,bid,FlawlessFlatbreads,EarnestEspressos,1555066
2026-07-01T03:05:09.299112,2026-07-01T03:05:09.301173+00:00,90.8,50,bid,FlawlessFlatbreads,EarnestEspressos,1555117
2026-07-01T03:05:09.608531,2026-07-01T03:05:09.618265+00:00,90.7,42,ask,DiligentDonuts,CostlyCorianders,1555126
2026-07-01T03:05:11.109387,2026-07-01T03:05:11.118830+00:00,91.2,4,bid,CostlyCorianders,Kelvin Chan,1555154
2026-07-01T03:05:11.109387,2026-07-01T03:05:11.118830+00:00,91.2,42,bid,CostlyCorianders,DiligentDonuts,1555155
2026-07-01T03:05:11.458279,2026-07-01T03:05:11.467147+00:00,90.7,50,ask,EarnestEspressos,FlawlessFlatbreads,1555160
2026-07-01T03:05:13.563807,2026-07-01T03:05:13.566524+00:00,90.7,50,ask,DiligentDonuts,FlawlessFlatbreads,1555213
2026-07-01T03:05:14.711214,2026-07-01T03:05:14.716301+00:00,90.9,5,bid,Kelvin Chan,EarnestEspressos,1555240
2026-07-01T03:05:15.618985,2026-07-01T03:05:15.628262+00:00,90.9,50,bid,FlawlessFlatbreads,EarnestEspressos,1555257
2026-07-01T03:05:16.646056,2026-07-01T03:05:16.654591+00:00,90.8,45,ask,EarnestEspressos,CostlyCorianders,1555274
2026-07-01T03:05:17.776579,2026-07-01T03:05:17.782302+00:00,90.8,50,ask,EarnestEspressos,FlawlessFlatbreads,1555289
2026-07-01T03:05:17.832848,2026-07-01T03:05:17.844003+00:00,90.9,46,bid,CostlyCorianders,DiligentDonuts,1555291
2026-07-01T03:05:19.883013,2026-07-01T03:05:19.891234+00:00,90.5,10,ask,Zijun Feng,FlawlessFlatbreads,1555334
2026-07-01T03:05:19.883013,2026-07-01T03:05:19.891234+00:00,90.4,40,ask,DiligentDonuts,FlawlessFlatbreads,1555335
2026-07-01T03:05:20.060977,2026-07-01T03:05:20.065885+00:00,90.8,5,ask,Kelvin Chan,CostlyCorianders,1555341
2026-07-01T03:05:21.989358,2026-07-01T03:05:21.999643+00:00,90.8,5,ask,Kelvin Chan,FlawlessFlatbreads,1555383
2026-07-01T03:05:21.989358,2026-07-01T03:05:21.999643+00:00,90.5,45,ask,DiligentDonuts,FlawlessFlatbreads,1555384
2026-07-01T03:05:22.639554,2026-07-01T03:05:22.646765+00:00,90.9,49,bid,CostlyCorianders,EarnestEspressos,1555394
2026-07-01T03:05:24.047548,2026-07-01T03:05:24.055086+00:00,90.8,50,bid,FlawlessFlatbreads,DiligentDonuts,1555423
2026-07-01T03:05:24.221774,2026-07-01T03:05:24.230131+00:00,90.7,4,ask,Kelvin Chan,CostlyCorianders,1555424
2026-07-01T03:05:24.221774,2026-07-01T03:05:24.230131+00:00,90.5,41,ask,EarnestEspressos,CostlyCorianders,1555425
2026-07-01T03:05:26.028643,2026-07-01T03:05:26.031180+00:00,90.7,4,ask,Kelvin Chan,EarnestEspressos,1555460
2026-07-01T03:05:26.154823,2026-07-01T03:05:26.165686+00:00,90.6,50,bid,FlawlessFlatbreads,EarnestEspressos,1555463
2026-07-01T03:05:27.028821,2026-07-01T03:05:27.038721+00:00,90.6,41,bid,CostlyCorianders,EarnestEspressos,1555482
2026-07-01T03:05:28.262918,2026-07-01T03:05:28.271374+00:00,90.6,50,bid,FlawlessFlatbreads,EarnestEspressos,1555511
2026-07-01T03:05:28.360267,2026-07-01T03:05:28.363874+00:00,90.6,5,bid,CostlyCorianders,EarnestEspressos,1555516
2026-07-01T03:05:30.302719,2026-07-01T03:05:30.309254+00:00,90.7,100,ask,EarnestEspressos,DiligentDonuts,1555554
2026-07-01T03:05:30.372222,2026-07-01T03:05:30.381538+00:00,90.8,10,bid,FlawlessFlatbreads,Zijun Feng,1555560
2026-07-01T03:05:30.415689,2026-07-01T03:05:30.422660+00:00,90.7,43,ask,EarnestEspressos,CostlyCorianders,1555562
2026-07-01T03:05:30.489591,2026-07-01T03:05:30.493602+00:00,90.7,3,ask,EarnestEspressos,Xuanyu Liu,1555566
2026-07-01T03:05:31.962539,2026-07-01T03:05:31.964917+00:00,90.7,4,ask,EarnestEspressos,CostlyCorianders,1555587
2026-07-01T03:05:31.962539,2026-07-01T03:05:31.975186+00:00,90.2,43,ask,DiligentDonuts,CostlyCorianders,1555588
2026-07-01T03:05:32.360488,2026-07-01T03:05:32.364321+00:00,90.5,3,bid,Xuanyu Liu,EarnestEspressos,1555594
2026-07-01T03:05:33.425900,2026-07-01T03:05:33.434925+00:00,90.5,100,bid,DiligentDonuts,EarnestEspressos,1555618
2026-07-01T03:05:33.820337,2026-07-01T03:05:33.823035+00:00,90.5,42,bid,CostlyCorianders,EarnestEspressos,1555623
2026-07-01T03:05:34.461549,2026-07-01T03:05:34.468332+00:00,90.5,5,bid,CostlyCorianders,EarnestEspressos,1555636
2026-07-01T03:05:34.461549,2026-07-01T03:05:34.468332+00:00,91.0,39,bid,CostlyCorianders,DiligentDonuts,1555637
2026-07-01T03:05:34.583871,2026-07-01T03:05:34.591476+00:00,91.0,50,bid,FlawlessFlatbreads,DiligentDonuts,1555640
2026-07-01T03:05:35.984611,2026-07-01T03:05:35.988114+00:00,90.8,3,ask,Kelvin Chan,Xuanyu Liu,1555674
2026-07-01T03:05:36.691184,2026-07-01T03:05:36.698411+00:00,90.9,50,bid,FlawlessFlatbreads,DiligentDonuts,1555694
2026-07-01T03:05:37.737902,2026-07-01T03:05:37.741267+00:00,90.8,3,ask,Kelvin Chan,Xuanyu Liu,1555721
2026-07-01T03:05:38.746937,2026-07-01T03:05:38.754309+00:00,90.5,40,ask,EarnestEspressos,CostlyCorianders,1555731
2026-07-01T03:05:38.819139,2026-07-01T03:05:38.826649+00:00,90.9,50,bid,FlawlessFlatbreads,DiligentDonuts,1555732
2026-07-01T03:05:38.964935,2026-07-01T03:05:38.968566+00:00,90.8,5,ask,Kelvin Chan,Xuanyu Liu,1555738
2026-07-01T03:05:40.924042,2026-07-01T03:05:40.927467+00:00,90.9,10,bid,FlawlessFlatbreads,Zijun Feng,1555768
2026-07-01T03:05:40.924042,2026-07-01T03:05:40.927467+00:00,91.0,40,bid,FlawlessFlatbreads,EarnestEspressos,1555769
2026-07-01T03:05:40.974842,2026-07-01T03:05:40.978336+00:00,90.8,2,ask,Kelvin Chan,Xuanyu Liu,1555772
2026-07-01T03:05:41.117859,2026-07-01T03:05:41.121225+00:00,90.8,2,ask,Kelvin Chan,Xuanyu Liu,1555776
2026-07-01T03:05:44.156562,2026-07-01T03:05:44.166084+00:00,90.6,44,ask,EarnestEspressos,CostlyCorianders,1555838
2026-07-01T03:05:45.329084,2026-07-01T03:05:45.336893+00:00,91.0,48,bid,CostlyCorianders,EarnestEspressos,1555862
2026-07-01T03:05:45.854986,2026-07-01T03:05:45.860203+00:00,90.7,6,ask,Kelvin Chan,CostlyCorianders,1555876
2026-07-01T03:05:45.854986,2026-07-01T03:05:45.860203+00:00,90.6,42,ask,DiligentDonuts,CostlyCorianders,1555877
2026-07-01T03:05:46.327367,2026-07-01T03:05:46.335437+00:00,90.9,43,bid,CostlyCorianders,DiligentDonuts,1555883
2026-07-01T03:05:46.909878,2026-07-01T03:05:46.915066+00:00,90.7,4,ask,Kelvin Chan,CostlyCorianders,1555901
2026-07-01T03:05:46.909878,2026-07-01T03:05:46.915066+00:00,90.5,41,ask,EarnestEspressos,CostlyCorianders,1555902
2026-07-01T03:05:47.310668,2026-07-01T03:05:47.318572+00:00,90.7,3,ask,Kelvin Chan,FlawlessFlatbreads,1555912
2026-07-01T03:05:47.310668,2026-07-01T03:05:47.318572+00:00,90.5,47,ask,EarnestEspressos,FlawlessFlatbreads,1555913
2026-07-01T03:05:48.904895,2026-07-01T03:05:48.908545+00:00,90.9,41,bid,CostlyCorianders,DiligentDonuts,1555939
2026-07-01T03:05:49.367460,2026-07-01T03:05:49.370522+00:00,90.9,50,bid,FlawlessFlatbreads,EarnestEspressos,1555943
2026-07-01T03:05:49.432741,2026-07-01T03:05:49.442449+00:00,90.8,40,ask,DiligentDonuts,CostlyCorianders,1555947
2026-07-01T03:05:51.488024,2026-07-01T03:05:51.492032+00:00,90.8,11,ask,DiligentDonuts,Xuanyu Liu,1556007
2026-07-01T03:05:51.720963,2026-07-01T03:05:51.730030+00:00,90.8,42,ask,DiligentDonuts,CostlyCorianders,1556011
2026-07-01T03:05:53.630706,2026-07-01T03:05:53.642585+00:00,90.7,2,ask,Kelvin Chan,FlawlessFlatbreads,1556058
2026-07-01T03:05:53.630706,2026-07-01T03:05:53.642585+00:00,90.5,48,ask,EarnestEspressos,FlawlessFlatbreads,1556059
2026-07-01T03:05:55.739475,2026-07-01T03:05:55.743694+00:00,90.4,50,ask,DiligentDonuts,FlawlessFlatbreads,1556111
2026-07-01T03:05:56.723368,2026-07-01T03:05:56.727757+00:00,90.8,12,bid,Xuanyu Liu,EarnestEspressos,1556145
2026-07-01T03:05:57.273911,2026-07-01T03:05:57.284625+00:00,90.8,46,bid,CostlyCorianders,EarnestEspressos,1556164
2026-07-01T03:05:57.845549,2026-07-01T03:05:57.852223+00:00,90.6,50,ask,EarnestEspressos,FlawlessFlatbreads,1556176
2026-07-01T03:05:59.952359,2026-07-01T03:05:59.963255+00:00,90.6,50,ask,EarnestEspressos,FlawlessFlatbreads,1556215
2026-07-01T03:06:00.827715,2026-07-01T03:06:00.839379+00:00,90.6,1,ask,Kelvin Chan,EarnestEspressos,1556255
2026-07-01T03:06:02.019011,2026-07-01T03:06:02.023260+00:00,90.5,11,bid,Xuanyu Liu,EarnestEspressos,1556282
2026-07-01T03:06:02.073591,2026-07-01T03:06:02.085219+00:00,90.2,50,ask,DiligentDonuts,FlawlessFlatbreads,1556284
2026-07-01T03:06:03.475658,2026-07-01T03:06:03.482286+00:00,90.5,1,bid,Kelvin Chan,EarnestEspressos,1556308
2026-07-01T03:06:03.713394,2026-07-01T03:06:03.718495+00:00,90.5,1,bid,Kelvin Chan,EarnestEspressos,1556315
2026-07-01T03:06:06.016499,2026-07-01T03:06:06.024121+00:00,90.3,4,bid,Kelvin Chan,DiligentDonuts,1556379
2026-07-01T03:06:06.339044,2026-07-01T03:06:06.342369+00:00,90.3,4,bid,Kelvin Chan,DiligentDonuts,1556384
2026-07-01T03:06:06.720866,2026-07-01T03:06:06.722661+00:00,90.3,4,bid,Kelvin Chan,DiligentDonuts,1556387
2026-07-01T03:06:06.756254,2026-07-01T03:06:06.764230+00:00,90.3,4,bid,Kelvin Chan,DiligentDonuts,1556390
2026-07-01T03:06:06.868872,2026-07-01T03:06:06.872802+00:00,90.3,3,bid,Xuanyu Liu,DiligentDonuts,1556397
2026-07-01T03:06:08.392435,2026-07-01T03:06:08.397630+00:00,90.1,10,ask,Zijun Feng,FlawlessFlatbreads,1556437
2026-07-01T03:06:08.392435,2026-07-01T03:06:08.397630+00:00,90.0,40,ask,EarnestEspressos,FlawlessFlatbreads,1556438
2026-07-01T03:06:09.085507,2026-07-01T03:06:09.096383+00:00,90.5,43,bid,CostlyCorianders,EarnestEspressos,1556461
2026-07-01T03:06:11.177633,2026-07-01T03:06:11.181072+00:00,90.3,4,ask,Kelvin Chan,Xuanyu Liu,1556515
2026-07-01T03:06:11.667567,2026-07-01T03:06:11.677339+00:00,90.2,49,bid,CostlyCorianders,DiligentDonuts,1556533
2026-07-01T03:06:12.150802,2026-07-01T03:06:12.162486+00:00,90.2,4,bid,Kelvin Chan,DiligentDonuts,1556544
2026-07-01T03:06:12.292900,2026-07-01T03:06:12.297018+00:00,89.9,41,ask,EarnestEspressos,CostlyCorianders,1556550
2026-07-01T03:06:12.487464,2026-07-01T03:06:12.491383+00:00,90.2,1,bid,Xuanyu Liu,DiligentDonuts,1556554
2026-07-01T03:06:12.605928,2026-07-01T03:06:12.615745+00:00,89.9,50,ask,EarnestEspressos,FlawlessFlatbreads,1556555
2026-07-01T03:06:12.972950,2026-07-01T03:06:12.976163+00:00,90.2,4,bid,Kelvin Chan,DiligentDonuts,1556562
2026-07-01T03:06:13.466586,2026-07-01T03:06:13.471334+00:00,90.2,3,bid,Kelvin Chan,DiligentDonuts,1556567
2026-07-01T03:06:13.508331,2026-07-01T03:06:13.512355+00:00,89.9,3,bid,Xuanyu Liu,EarnestEspressos,1556569
2026-07-01T03:06:14.146173,2026-07-01T03:06:14.151954+00:00,89.9,3,bid,Kelvin Chan,EarnestEspressos,1556578
2026-07-01T03:06:14.370508,2026-07-01T03:06:14.377722+00:00,89.7,41,ask,DiligentDonuts,CostlyCorianders,1556583
2026-07-01T03:06:14.661482,2026-07-01T03:06:14.667623+00:00,89.9,50,bid,FlawlessFlatbreads,EarnestEspressos,1556594
2026-07-01T03:06:16.287937,2026-07-01T03:06:16.297655+00:00,89.9,1,bid,Kelvin Chan,EarnestEspressos,1556619
2026-07-01T03:06:16.432729,2026-07-01T03:06:16.437361+00:00,89.9,3,bid,Xuanyu Liu,EarnestEspressos,1556624
2026-07-01T03:06:16.767086,2026-07-01T03:06:16.776755+00:00,90.3,50,bid,FlawlessFlatbreads,DiligentDonuts,1556630
2026-07-01T03:06:17.734837,2026-07-01T03:06:17.739205+00:00,90.2,6,ask,DiligentDonuts,Xuanyu Liu,1556657
2026-07-01T03:06:18.351379,2026-07-01T03:06:18.358391+00:00,90.3,41,bid,CostlyCorianders,EarnestEspressos,1556672
2026-07-01T03:06:18.874656,2026-07-01T03:06:18.884325+00:00,90.3,50,bid,FlawlessFlatbreads,EarnestEspressos,1556686
2026-07-01T03:06:20.980333,2026-07-01T03:06:20.984204+00:00,90.4,4,bid,FlawlessFlatbreads,Kelvin Chan,1556729
2026-07-01T03:06:20.980333,2026-07-01T03:06:20.994557+00:00,90.4,10,bid,FlawlessFlatbreads,Zijun Feng,1556730
2026-07-01T03:06:20.980333,2026-07-01T03:06:20.994557+00:00,90.4,36,bid,FlawlessFlatbreads,DiligentDonuts,1556731
2026-07-01T03:06:23.091141,2026-07-01T03:06:23.101114+00:00,90.4,50,bid,FlawlessFlatbreads,DiligentDonuts,1556770
2026-07-01T03:06:24.432364,2026-07-01T03:06:24.437987+00:00,90.4,5,bid,CostlyCorianders,Kelvin Chan,1556789
2026-07-01T03:06:25.252751,2026-07-01T03:06:25.261106+00:00,90.2,50,ask,DiligentDonuts,FlawlessFlatbreads,1556816
2026-07-01T03:06:27.359664,2026-07-01T03:06:27.368557+00:00,90.1,50,ask,EarnestEspressos,FlawlessFlatbreads,1556863
2026-07-01T03:06:27.894382,2026-07-01T03:06:27.900660+00:00,90.1,44,ask,EarnestEspressos,CostlyCorianders,1556869
2026-07-01T03:06:29.354340,2026-07-01T03:06:29.358311+00:00,90.2,3,bid,Xuanyu Liu,EarnestEspressos,1556899
2026-07-01T03:06:29.467322,2026-07-01T03:06:29.471290+00:00,90.1,50,ask,DiligentDonuts,FlawlessFlatbreads,1556900
2026-07-01T03:06:31.582050,2026-07-01T03:06:31.584538+00:00,90.0,1,ask,Kelvin Chan,FlawlessFlatbreads,1556937
2026-07-01T03:06:31.582050,2026-07-01T03:06:31.594883+00:00,90.0,49,ask,DiligentDonuts,FlawlessFlatbreads,1556938
2026-07-01T03:06:33.689088,2026-07-01T03:06:33.691573+00:00,89.9,50,ask,DiligentDonuts,FlawlessFlatbreads,1556989
2026-07-01T03:06:33.737595,2026-07-01T03:06:33.742653+00:00,90.2,45,bid,CostlyCorianders,EarnestEspressos,1556990
2026-07-01T03:06:34.323960,2026-07-01T03:06:34.326373+00:00,90.2,47,bid,CostlyCorianders,EarnestEspressos,1556991
2026-07-01T03:06:35.818378,2026-07-01T03:06:35.827576+00:00,90.0,3,ask,Kelvin Chan,FlawlessFlatbreads,1557036
2026-07-01T03:06:35.818378,2026-07-01T03:06:35.827576+00:00,90.0,47,ask,EarnestEspressos,FlawlessFlatbreads,1557037
2026-07-01T03:06:35.872891,2026-07-01T03:06:35.879455+00:00,90.0,40,ask,EarnestEspressos,CostlyCorianders,1557038
2026-07-01T03:06:36.728713,2026-07-01T03:06:36.735485+00:00,90.0,63,ask,EarnestEspressos,DiligentDonuts,1557053
2026-07-01T03:06:37.926752,2026-07-01T03:06:37.931483+00:00,89.6,10,ask,Zijun Feng,FlawlessFlatbreads,1557087
2026-07-01T03:06:37.926752,2026-07-01T03:06:37.931483+00:00,89.5,40,ask,DiligentDonuts,FlawlessFlatbreads,1557088
2026-07-01T03:06:40.053959,2026-07-01T03:06:40.062417+00:00,89.7,50,ask,DiligentDonuts,FlawlessFlatbreads,1557118
2026-07-01T03:06:41.343794,2026-07-01T03:06:41.347797+00:00,89.8,14,bid,Xuanyu Liu,EarnestEspressos,1557152
2026-07-01T03:06:41.813346,2026-07-01T03:06:41.821805+00:00,89.8,44,bid,CostlyCorianders,EarnestEspressos,1557157
2026-07-01T03:06:42.161051,2026-07-01T03:06:42.172150+00:00,89.8,50,ask,EarnestEspressos,FlawlessFlatbreads,1557168
2026-07-01T03:06:44.273947,2026-07-01T03:06:44.281856+00:00,89.8,50,ask,EarnestEspressos,FlawlessFlatbreads,1557200
2026-07-01T03:06:46.380323,2026-07-01T03:06:46.388385+00:00,89.6,10,ask,Zijun Feng,FlawlessFlatbreads,1557253
2026-07-01T03:06:46.380323,2026-07-01T03:06:46.388385+00:00,89.5,40,ask,DiligentDonuts,FlawlessFlatbreads,1557254
2026-07-01T03:06:47.702378,2026-07-01T03:06:47.706088+00:00,89.8,1,ask,Kelvin Chan,Xuanyu Liu,1557280
2026-07-01T03:06:50.433503,2026-07-01T03:06:50.442558+00:00,89.7,1,ask,Kelvin Chan,CostlyCorianders,1557338
2026-07-01T03:06:50.433503,2026-07-01T03:06:50.442558+00:00,89.7,10,ask,Zijun Feng,CostlyCorianders,1557339
2026-07-01T03:06:50.433503,2026-07-01T03:06:50.442558+00:00,89.5,30,ask,DiligentDonuts,CostlyCorianders,1557340
2026-07-01T03:06:50.615288,2026-07-01T03:06:50.626780+00:00,89.5,50,ask,DiligentDonuts,FlawlessFlatbreads,1557344
2026-07-01T03:06:51.691804,2026-07-01T03:06:51.695267+00:00,89.6,1,bid,Xuanyu Liu,EarnestEspressos,1557360
2026-07-01T03:06:52.724162,2026-07-01T03:06:52.733002+00:00,89.5,10,ask,Zijun Feng,FlawlessFlatbreads,1557368
2026-07-01T03:06:52.724162,2026-07-01T03:06:52.733002+00:00,89.1,40,ask,EarnestEspressos,FlawlessFlatbreads,1557369
2026-07-01T03:06:53.378780,2026-07-01T03:06:53.392397+00:00,89.6,43,bid,CostlyCorianders,EarnestEspressos,1557385
2026-07-01T03:06:54.512423,2026-07-01T03:06:54.522027+00:00,89.6,44,bid,CostlyCorianders,EarnestEspressos,1557407
2026-07-01T03:06:54.835570,2026-07-01T03:06:54.840488+00:00,89.3,50,ask,EarnestEspressos,FlawlessFlatbreads,1557411
2026-07-01T03:06:56.890607,2026-07-01T03:06:56.895645+00:00,89.5,50,bid,FlawlessFlatbreads,DiligentDonuts,1557453
2026-07-01T03:06:57.244753,2026-07-01T03:06:57.256047+00:00,89.5,1,bid,Kelvin Chan,DiligentDonuts,1557467
2026-07-01T03:06:58.372292,2026-07-01T03:06:58.376379+00:00,89.5,23,bid,Xuanyu Liu,DiligentDonuts,1557478
2026-07-01T03:06:59.014616,2026-07-01T03:06:59.024127+00:00,89.6,50,bid,FlawlessFlatbreads,EarnestEspressos,1557496
2026-07-01T03:06:59.686904,2026-07-01T03:06:59.691243+00:00,89.5,23,ask,DiligentDonuts,Xuanyu Liu,1557503
2026-07-01T03:07:00.073791,2026-07-01T03:07:00.082404+00:00,89.5,44,ask,DiligentDonuts,CostlyCorianders,1557518
2026-07-01T03:07:01.122588,2026-07-01T03:07:01.125368+00:00,89.7,5,bid,FlawlessFlatbreads,Kelvin Chan,1557544
2026-07-01T03:07:01.122588,2026-07-01T03:07:01.135710+00:00,89.7,45,bid,FlawlessFlatbreads,EarnestEspressos,1557545
2026-07-01T03:07:02.165227,2026-07-01T03:07:02.175801+00:00,89.3,10,ask,Zijun Feng,CostlyCorianders,1557569
2026-07-01T03:07:02.165227,2026-07-01T03:07:02.175801+00:00,89.2,39,ask,EarnestEspressos,CostlyCorianders,1557570
2026-07-01T03:07:03.233265,2026-07-01T03:07:03.243255+00:00,89.7,50,bid,FlawlessFlatbreads,EarnestEspressos,1557588
2026-07-01T03:07:05.215299,2026-07-01T03:07:05.223448+00:00,89.6,100,ask,EarnestEspressos,DiligentDonuts,1557635
2026-07-01T03:07:06.184486,2026-07-01T03:07:06.190021+00:00,89.7,2,bid,CostlyCorianders,Kelvin Chan,1557652
2026-07-01T03:07:06.184486,2026-07-01T03:07:06.190021+00:00,89.7,10,bid,CostlyCorianders,Zijun Feng,1557653
2026-07-01T03:07:06.184486,2026-07-01T03:07:06.190021+00:00,90.1,35,bid,CostlyCorianders,EarnestEspressos,1557654
2026-07-01T03:07:06.216780,2026-07-01T03:07:06.221055+00:00,89.6,11,ask,EarnestEspressos,Xuanyu Liu,1557657
2026-07-01T03:07:07.473485,2026-07-01T03:07:07.484552+00:00,89.7,50,bid,FlawlessFlatbreads,EarnestEspressos,1557694
2026-07-01T03:07:08.332317,2026-07-01T03:07:08.337780+00:00,89.4,2,ask,Kelvin Chan,CostlyCorianders,1557713
2026-07-01T03:07:08.332317,2026-07-01T03:07:08.337780+00:00,89.4,10,ask,Zijun Feng,CostlyCorianders,1557714
2026-07-01T03:07:08.332317,2026-07-01T03:07:08.337780+00:00,89.3,36,ask,DiligentDonuts,CostlyCorianders,1557715
2026-07-01T03:07:09.579813,2026-07-01T03:07:09.589702+00:00,89.7,50,bid,FlawlessFlatbreads,EarnestEspressos,1557743
2026-07-01T03:07:10.476508,2026-07-01T03:07:10.483661+00:00,89.7,3,bid,CostlyCorianders,Kelvin Chan,1557773
2026-07-01T03:07:10.476508,2026-07-01T03:07:10.483661+00:00,89.7,10,bid,CostlyCorianders,Zijun Feng,1557774
2026-07-01T03:07:10.476508,2026-07-01T03:07:10.483661+00:00,89.8,28,bid,CostlyCorianders,DiligentDonuts,1557775
2026-07-01T03:07:11.108137,2026-07-01T03:07:11.111316+00:00,89.4,1,ask,Kelvin Chan,CostlyCorianders,1557796
2026-07-01T03:07:11.108137,2026-07-01T03:07:11.121636+00:00,89.3,46,ask,DiligentDonuts,CostlyCorianders,1557797
2026-07-01T03:07:11.685704,2026-07-01T03:07:11.695406+00:00,89.4,50,bid,FlawlessFlatbreads,DiligentDonuts,1557805
2026-07-01T03:07:12.720449,2026-07-01T03:07:12.728931+00:00,89.4,45,bid,CostlyCorianders,DiligentDonuts,1557845
2026-07-01T03:07:13.290903,2026-07-01T03:07:13.294584+00:00,89.4,5,bid,Xuanyu Liu,DiligentDonuts,1557862
2026-07-01T03:07:15.443706,2026-07-01T03:07:15.447760+00:00,89.5,5,ask,EarnestEspressos,Xuanyu Liu,1557912
2026-07-01T03:07:15.950705,2026-07-01T03:07:15.960208+00:00,89.5,50,ask,EarnestEspressos,FlawlessFlatbreads,1557922
2026-07-01T03:07:16.882543,2026-07-01T03:07:16.893152+00:00,89.7,2,bid,CostlyCorianders,Kelvin Chan,1557935
2026-07-01T03:07:16.882543,2026-07-01T03:07:16.893152+00:00,89.8,46,bid,CostlyCorianders,EarnestEspressos,1557936
2026-07-01T03:07:17.437993,2026-07-01T03:07:17.447065+00:00,89.5,49,ask,DiligentDonuts,CostlyCorianders,1557962
2026-07-01T03:07:18.057170,2026-07-01T03:07:18.061180+00:00,89.4,5,ask,Kelvin Chan,FlawlessFlatbreads,1557976
2026-07-01T03:07:18.057170,2026-07-01T03:07:18.061180+00:00,89.4,45,ask,DiligentDonuts,FlawlessFlatbreads,1557977
2026-07-01T03:07:19.536919,2026-07-01T03:07:19.540962+00:00,89.7,2,bid,Xuanyu Liu,Kelvin Chan,1558015
2026-07-01T03:07:19.877586,2026-07-01T03:07:19.879625+00:00,89.9,41,bid,CostlyCorianders,DiligentDonuts,1558026
2026-07-01T03:07:20.165586,2026-07-01T03:07:20.168239+00:00,89.7,50,ask,EarnestEspressos,FlawlessFlatbreads,1558030
2026-07-01T03:07:22.204589,2026-07-01T03:07:22.209904+00:00,89.7,42,ask,EarnestEspressos,CostlyCorianders,1558076
2026-07-01T03:07:22.272185,2026-07-01T03:07:22.281793+00:00,89.7,50,ask,EarnestEspressos,FlawlessFlatbreads,1558077
2026-07-01T03:07:23.111390,2026-07-01T03:07:23.134789+00:00,89.7,10,ask,Zijun Feng,EarnestEspressos,1558097
2026-07-01T03:07:23.129950,2026-07-01T03:07:23.134789+00:00,89.6,9,bid,Xuanyu Liu,EarnestEspressos,1558099
2026-07-01T03:07:23.235634,2026-07-01T03:07:23.237711+00:00,89.6,42,bid,CostlyCorianders,EarnestEspressos,1558106
2026-07-01T03:07:23.295133,2026-07-01T03:07:23.300261+00:00,89.6,12,bid,Xuanyu Liu,EarnestEspressos,1558109
2026-07-01T03:07:24.380624,2026-07-01T03:07:24.389909+00:00,89.5,50,ask,DiligentDonuts,FlawlessFlatbreads,1558130
2026-07-01T03:07:26.488277,2026-07-01T03:07:26.499986+00:00,89.5,50,ask,DiligentDonuts,FlawlessFlatbreads,1558180
2026-07-01T03:07:27.937368,2026-07-01T03:07:27.945043+00:00,89.4,3,ask,Kelvin Chan,CostlyCorianders,1558209
2026-07-01T03:07:27.937368,2026-07-01T03:07:27.945043+00:00,89.4,40,ask,EarnestEspressos,CostlyCorianders,1558210
2026-07-01T03:07:28.566665,2026-07-01T03:07:28.571865+00:00,89.7,1,bid,CostlyCorianders,Kelvin Chan,1558226
2026-07-01T03:07:28.566665,2026-07-01T03:07:28.571865+00:00,89.7,46,bid,CostlyCorianders,DiligentDonuts,1558227
2026-07-01T03:07:28.594307,2026-07-01T03:07:28.602731+00:00,89.4,50,ask,EarnestEspressos,FlawlessFlatbreads,1558228
2026-07-01T03:07:28.624330,2026-07-01T03:07:28.633404+00:00,89.4,46,ask,EarnestEspressos,CostlyCorianders,1558229
2026-07-01T03:07:29.430092,2026-07-01T03:07:29.441649+00:00,89.4,10,ask,Zijun Feng,EarnestEspressos,1558253
2026-07-01T03:07:29.438193,2026-07-01T03:07:29.441649+00:00,89.4,23,bid,Xuanyu Liu,EarnestEspressos,1558255
2026-07-01T03:07:29.559213,2026-07-01T03:07:29.565275+00:00,89.4,6,bid,Kelvin Chan,EarnestEspressos,1558258
2026-07-01T03:07:30.022040,2026-07-01T03:07:30.026035+00:00,89.4,6,bid,Kelvin Chan,EarnestEspressos,1558274
2026-07-01T03:07:30.076569,2026-07-01T03:07:30.087555+00:00,89.4,6,bid,Kelvin Chan,EarnestEspressos,1558277
2026-07-01T03:07:30.110602,2026-07-01T03:07:30.118207+00:00,89.4,5,bid,Kelvin Chan,EarnestEspressos,1558278
2026-07-01T03:07:30.191777,2026-07-01T03:07:30.199832+00:00,89.4,5,bid,Kelvin Chan,EarnestEspressos,1558279
2026-07-01T03:07:30.251281,2026-07-01T03:07:30.261474+00:00,89.4,4,bid,Kelvin Chan,EarnestEspressos,1558281
2026-07-01T03:07:30.461421,2026-07-01T03:07:30.466049+00:00,89.4,85,bid,DiligentDonuts,EarnestEspressos,1558291
2026-07-01T03:07:30.704173,2026-07-01T03:07:30.711649+00:00,89.5,10,ask,Zijun Feng,FlawlessFlatbreads,1558298
2026-07-01T03:07:30.704173,2026-07-01T03:07:30.711649+00:00,89.4,15,ask,DiligentDonuts,FlawlessFlatbreads,1558299
2026-07-01T03:07:30.704173,2026-07-01T03:07:30.711649+00:00,88.9,25,ask,EarnestEspressos,FlawlessFlatbreads,1558300
2026-07-01T03:07:31.367109,2026-07-01T03:07:31.378261+00:00,89.6,1,bid,CostlyCorianders,Kelvin Chan,1558318
2026-07-01T03:07:31.367109,2026-07-01T03:07:31.378261+00:00,89.9,39,bid,CostlyCorianders,DiligentDonuts,1558319
2026-07-01T03:07:32.814324,2026-07-01T03:07:32.816891+00:00,89.6,10,ask,Zijun Feng,FlawlessFlatbreads,1558355
2026-07-01T03:07:32.814324,2026-07-01T03:07:32.827167+00:00,89.5,40,ask,EarnestEspressos,FlawlessFlatbreads,1558356
2026-07-01T03:07:33.796440,2026-07-01T03:07:33.800153+00:00,89.5,12,ask,EarnestEspressos,Xuanyu Liu,1558373
2026-07-01T03:07:34.923468,2026-07-01T03:07:34.928656+00:00,89.5,50,ask,EarnestEspressos,FlawlessFlatbreads,1558400
2026-07-01T03:07:35.713560,2026-07-01T03:07:35.720421+00:00,89.4,3,ask,Kelvin Chan,CostlyCorianders,1558419
2026-07-01T03:07:35.713560,2026-07-01T03:07:35.720421+00:00,89.3,42,ask,DiligentDonuts,CostlyCorianders,1558420
2026-07-01T03:07:36.489029,2026-07-01T03:07:36.492992+00:00,89.4,12,bid,Xuanyu Liu,EarnestEspressos,1558441
2026-07-01T03:07:36.687423,2026-07-01T03:07:36.698082+00:00,89.4,48,bid,CostlyCorianders,EarnestEspressos,1558445
2026-07-01T03:07:37.029714,2026-07-01T03:07:37.036965+00:00,89.3,10,ask,Zijun Feng,FlawlessFlatbreads,1558451
2026-07-01T03:07:37.029714,2026-07-01T03:07:37.036965+00:00,89.1,40,ask,DiligentDonuts,FlawlessFlatbreads,1558452
2026-07-01T03:07:37.225383,2026-07-01T03:07:37.231787+00:00,89.4,43,bid,CostlyCorianders,EarnestEspressos,1558456
2026-07-01T03:07:38.319910,2026-07-01T03:07:38.323393+00:00,89.1,47,ask,DiligentDonuts,CostlyCorianders,1558476
2026-07-01T03:07:39.037198,2026-07-01T03:07:39.040958+00:00,89.5,12,ask,EarnestEspressos,Xuanyu Liu,1558497
2026-07-01T03:07:39.136943,2026-07-01T03:07:39.143113+00:00,89.5,50,ask,EarnestEspressos,FlawlessFlatbreads,1558498
2026-07-01T03:07:40.002024,2026-07-01T03:07:40.003775+00:00,89.5,88,ask,EarnestEspressos,DiligentDonuts,1558512
2026-07-01T03:07:40.020362,2026-07-01T03:07:40.024246+00:00,89.1,12,bid,Xuanyu Liu,DiligentDonuts,1558514
2026-07-01T03:07:41.243730,2026-07-01T03:07:41.246437+00:00,89.3,4,ask,Kelvin Chan,FlawlessFlatbreads,1558538
2026-07-01T03:07:41.243730,2026-07-01T03:07:41.256715+00:00,88.6,46,ask,DiligentDonuts,FlawlessFlatbreads,1558539
2026-07-01T03:07:42.077345,2026-07-01T03:07:42.092723+00:00,89.3,3,ask,Kelvin Chan,EarnestEspressos,1558560
2026-07-01T03:07:42.088992,2026-07-01T03:07:42.092723+00:00,89.1,11,bid,Xuanyu Liu,EarnestEspressos,1558562
2026-07-01T03:07:42.281660,2026-07-01T03:07:42.287628+00:00,88.7,10,ask,Zijun Feng,CostlyCorianders,1558569
2026-07-01T03:07:42.281660,2026-07-01T03:07:42.287628+00:00,88.6,39,ask,DiligentDonuts,CostlyCorianders,1558570
2026-07-01T03:07:42.549763,2026-07-01T03:07:42.553554+00:00,89.1,11,bid,Xuanyu Liu,EarnestEspressos,1558579
2026-07-01T03:07:42.979472,2026-07-01T03:07:42.983808+00:00,89.1,23,bid,Xuanyu Liu,EarnestEspressos,1558599
2026-07-01T03:07:43.358297,2026-07-01T03:07:43.363104+00:00,89.1,44,bid,CostlyCorianders,EarnestEspressos,1558601
2026-07-01T03:07:44.404184,2026-07-01T03:07:44.410736+00:00,88.9,49,ask,DiligentDonuts,CostlyCorianders,1558625
2026-07-01T03:07:45.198493,2026-07-01T03:07:45.202212+00:00,89.1,11,ask,EarnestEspressos,Xuanyu Liu,1558636
2026-07-01T03:07:45.405527,2026-07-01T03:07:45.409506+00:00,89.4,50,bid,FlawlessFlatbreads,DiligentDonuts,1558649
2026-07-01T03:07:45.498923,2026-07-01T03:07:45.502997+00:00,89.4,40,bid,CostlyCorianders,DiligentDonuts,1558650
2026-07-01T03:07:47.566670,2026-07-01T03:07:47.571929+00:00,89.1,50,ask,EarnestEspressos,FlawlessFlatbreads,1558682
2026-07-01T03:07:48.491911,2026-07-01T03:07:48.495989+00:00,89.4,48,bid,CostlyCorianders,DiligentDonuts,1558698
2026-07-01T03:07:49.622352,2026-07-01T03:07:49.628062+00:00,89.5,50,bid,FlawlessFlatbreads,EarnestEspressos,1558730
2026-07-01T03:07:50.450729,2026-07-01T03:07:50.461821+00:00,89.2,47,ask,DiligentDonuts,CostlyCorianders,1558750
2026-07-01T03:07:50.840831,2026-07-01T03:07:50.844628+00:00,89.2,12,ask,DiligentDonuts,Xuanyu Liu,1558764
2026-07-01T03:07:53.462757,2026-07-01T03:07:53.466208+00:00,89.1,10,ask,Zijun Feng,Xuanyu Liu,1558824
2026-07-01T03:07:53.497536,2026-07-01T03:07:53.507344+00:00,89.0,44,ask,EarnestEspressos,CostlyCorianders,1558827
2026-07-01T03:07:53.915213,2026-07-01T03:07:53.927143+00:00,89.0,50,ask,EarnestEspressos,FlawlessFlatbreads,1558833
2026-07-01T03:07:54.766044,2026-07-01T03:07:54.769813+00:00,89.0,10,bid,Xuanyu Liu,EarnestEspressos,1558852
2026-07-01T03:07:56.079454,2026-07-01T03:07:56.083340+00:00,89.0,12,bid,Xuanyu Liu,EarnestEspressos,1558871
2026-07-01T03:07:58.145576,2026-07-01T03:07:58.150591+00:00,88.7,50,ask,DiligentDonuts,FlawlessFlatbreads,1558906
2026-07-01T03:08:01.715237,2026-07-01T03:08:01.724991+00:00,89.2,43,bid,CostlyCorianders,DiligentDonuts,1558985
2026-07-01T03:08:03.787991,2026-07-01T03:08:03.795931+00:00,88.8,45,ask,DiligentDonuts,CostlyCorianders,1559028
2026-07-01T03:08:04.412649,2026-07-01T03:08:04.422920+00:00,89.3,3,bid,FlawlessFlatbreads,Kelvin Chan,1559042
2026-07-01T03:08:04.412649,2026-07-01T03:08:04.422920+00:00,89.3,47,bid,FlawlessFlatbreads,DiligentDonuts,1559043
2026-07-01T03:08:06.521549,2026-07-01T03:08:06.528621+00:00,89.2,4,bid,FlawlessFlatbreads,Kelvin Chan,1559097
2026-07-01T03:08:06.521549,2026-07-01T03:08:06.528621+00:00,89.3,46,bid,FlawlessFlatbreads,EarnestEspressos,1559098
2026-07-01T03:08:07.354761,2026-07-01T03:08:07.360242+00:00,89.3,43,bid,CostlyCorianders,DiligentDonuts,1559121
2026-07-01T03:08:08.409056,2026-07-01T03:08:08.419243+00:00,89.4,44,bid,CostlyCorianders,EarnestEspressos,1559145
2026-07-01T03:08:08.462903,2026-07-01T03:08:08.470697+00:00,88.9,1,ask,Kelvin Chan,CostlyCorianders,1559148
2026-07-01T03:08:08.462903,2026-07-01T03:08:08.470697+00:00,88.9,47,ask,EarnestEspressos,CostlyCorianders,1559149
2026-07-01T03:08:08.630026,2026-07-01T03:08:08.634689+00:00,89.4,50,bid,FlawlessFlatbreads,EarnestEspressos,1559153
2026-07-01T03:08:10.735387,2026-07-01T03:08:10.739308+00:00,89.4,50,bid,FlawlessFlatbreads,DiligentDonuts,1559202
2026-07-01T03:08:11.857689,2026-07-01T03:08:11.861725+00:00,89.1,12,ask,DiligentDonuts,Xuanyu Liu,1559233
2026-07-01T03:08:12.899065,2026-07-01T03:08:12.907927+00:00,89.1,50,ask,DiligentDonuts,FlawlessFlatbreads,1559246
2026-07-01T03:08:13.970446,2026-07-01T03:08:13.984618+00:00,89.1,38,ask,DiligentDonuts,CostlyCorianders,1559265
2026-07-01T03:08:13.970446,2026-07-01T03:08:13.984618+00:00,89.1,10,ask,EarnestEspressos,CostlyCorianders,1559266
2026-07-01T03:08:15.018090,2026-07-01T03:08:15.030867+00:00,89.1,50,ask,EarnestEspressos,FlawlessFlatbreads,1559286
2026-07-01T03:08:15.503630,2026-07-01T03:08:15.513662+00:00,89.2,49,bid,CostlyCorianders,DiligentDonuts,1559296
2026-07-01T03:08:16.410709,2026-07-01T03:08:16.415301+00:00,89.1,11,ask,EarnestEspressos,Xuanyu Liu,1559324
2026-07-01T03:08:17.125937,2026-07-01T03:08:17.135480+00:00,88.9,3,ask,Kelvin Chan,FlawlessFlatbreads,1559342
2026-07-01T03:08:17.125937,2026-07-01T03:08:17.135480+00:00,88.7,47,ask,DiligentDonuts,FlawlessFlatbreads,1559343
2026-07-01T03:08:18.075305,2026-07-01T03:08:18.079453+00:00,89.1,41,bid,CostlyCorianders,EarnestEspressos,1559358
2026-07-01T03:08:19.183370,2026-07-01T03:08:19.188132+00:00,89.1,50,bid,FlawlessFlatbreads,EarnestEspressos,1559381
2026-07-01T03:08:21.316196,2026-07-01T03:08:21.318485+00:00,89.0,50,bid,FlawlessFlatbreads,DiligentDonuts,1559413
2026-07-01T03:08:23.145135,2026-07-01T03:08:23.156314+00:00,89.0,50,bid,EarnestEspressos,DiligentDonuts,1559446
2026-07-01T03:08:23.145135,2026-07-01T03:08:23.156314+00:00,89.0,10,bid,EarnestEspressos,Zijun Feng,1559447
2026-07-01T03:08:23.349176,2026-07-01T03:08:23.352803+00:00,89.0,48,ask,EarnestEspressos,CostlyCorianders,1559456
2026-07-01T03:08:23.423157,2026-07-01T03:08:23.435105+00:00,89.2,3,bid,FlawlessFlatbreads,Kelvin Chan,1559459
2026-07-01T03:08:23.423157,2026-07-01T03:08:23.435105+00:00,89.2,10,bid,FlawlessFlatbreads,Zijun Feng,1559460
2026-07-01T03:08:23.423157,2026-07-01T03:08:23.435105+00:00,89.5,37,bid,FlawlessFlatbreads,EarnestEspressos,1559461
2026-07-01T03:08:23.874142,2026-07-01T03:08:23.878283+00:00,89.5,49,bid,CostlyCorianders,EarnestEspressos,1559478
2026-07-01T03:08:25.553360,2026-07-01T03:08:25.561247+00:00,89.5,50,bid,FlawlessFlatbreads,EarnestEspressos,1559517
2026-07-01T03:08:26.311316,2026-07-01T03:08:26.322052+00:00,89.2,4,bid,EarnestEspressos,Kelvin Chan,1559528
2026-07-01T03:08:26.362079,2026-07-01T03:08:26.373823+00:00,89.3,4,ask,EarnestEspressos,Kelvin Chan,1559529
2026-07-01T03:08:26.392324,2026-07-01T03:08:26.394629+00:00,89.3,4,ask,EarnestEspressos,Kelvin Chan,1559531
2026-07-01T03:08:26.421663,2026-07-01T03:08:26.425731+00:00,89.3,4,ask,EarnestEspressos,Kelvin Chan,1559534
2026-07-01T03:08:26.864854,2026-07-01T03:08:26.867171+00:00,89.3,42,ask,EarnestEspressos,CostlyCorianders,1559547
2026-07-01T03:08:27.096283,2026-07-01T03:08:27.102417+00:00,89.3,3,ask,EarnestEspressos,Kelvin Chan,1559550
2026-07-01T03:08:27.585542,2026-07-01T03:08:27.589928+00:00,89.3,11,ask,EarnestEspressos,Xuanyu Liu,1559578
2026-07-01T03:08:27.661050,2026-07-01T03:08:27.672218+00:00,89.6,50,bid,FlawlessFlatbreads,DiligentDonuts,1559581
2026-07-01T03:08:28.914701,2026-07-01T03:08:28.925389+00:00,89.3,41,ask,EarnestEspressos,CostlyCorianders,1559611
2026-07-01T03:08:29.766581,2026-07-01T03:08:29.769161+00:00,89.6,50,bid,FlawlessFlatbreads,DiligentDonuts,1559627
2026-07-01T03:08:32.692477,2026-07-01T03:08:32.703804+00:00,89.6,100,ask,DiligentDonuts,EarnestEspressos,1559687
2026-07-01T03:08:32.692477,2026-07-01T03:08:32.703804+00:00,89.6,10,ask,Zijun Feng,EarnestEspressos,1559688
2026-07-01T03:08:33.977946,2026-07-01T03:08:33.985015+00:00,89.5,3,bid,FlawlessFlatbreads,Kelvin Chan,1559703
2026-07-01T03:08:33.977946,2026-07-01T03:08:33.985015+00:00,89.6,40,bid,FlawlessFlatbreads,EarnestEspressos,1559704
2026-07-01T03:08:33.977946,2026-07-01T03:08:33.985015+00:00,89.8,7,bid,FlawlessFlatbreads,DiligentDonuts,1559705
2026-07-01T03:08:35.812153,2026-07-01T03:08:35.815847+00:00,89.7,12,ask,EarnestEspressos,Xuanyu Liu,1559769
2026-07-01T03:08:36.087326,2026-07-01T03:08:36.093026+00:00,89.8,50,bid,FlawlessFlatbreads,DiligentDonuts,1559775
2026-07-01T03:08:36.541547,2026-07-01T03:08:36.543673+00:00,89.8,43,bid,CostlyCorianders,DiligentDonuts,1559783
2026-07-01T03:08:36.541547,2026-07-01T03:08:36.553964+00:00,89.8,2,bid,CostlyCorianders,Zijun Feng,1559784
2026-07-01T03:08:37.568320,2026-07-01T03:08:37.578978+00:00,89.7,46,ask,EarnestEspressos,CostlyCorianders,1559793
2026-07-01T03:08:38.058349,2026-07-01T03:08:38.062619+00:00,89.7,11,ask,EarnestEspressos,Xuanyu Liu,1559809
2026-07-01T03:08:38.195957,2026-07-01T03:08:38.207519+00:00,90.0,10,bid,FlawlessFlatbreads,Zijun Feng,1559818
2026-07-01T03:08:38.195957,2026-07-01T03:08:38.207519+00:00,90.1,40,bid,FlawlessFlatbreads,DiligentDonuts,1559819
2026-07-01T03:08:38.923999,2026-07-01T03:08:38.925730+00:00,89.6,45,ask,DiligentDonuts,CostlyCorianders,1559831
2026-07-01T03:08:39.807822,2026-07-01T03:08:39.810004+00:00,89.6,3,ask,DiligentDonuts,Kelvin Chan,1559855
2026-07-01T03:08:39.919849,2026-07-01T03:08:39.923031+00:00,89.6,3,ask,DiligentDonuts,Kelvin Chan,1559856
2026-07-01T03:08:40.302973,2026-07-01T03:08:40.312055+00:00,89.6,8,bid,FlawlessFlatbreads,Zijun Feng,1559859
2026-07-01T03:08:40.302973,2026-07-01T03:08:40.312055+00:00,89.7,42,bid,FlawlessFlatbreads,EarnestEspressos,1559860
2026-07-01T03:08:40.815125,2026-07-01T03:08:40.819043+00:00,89.6,3,bid,Xuanyu Liu,Kelvin Chan,1559882
2026-07-01T03:08:42.413285,2026-07-01T03:08:42.424997+00:00,89.7,1,bid,FlawlessFlatbreads,Kelvin Chan,1559913
2026-07-01T03:08:42.413285,2026-07-01T03:08:42.424997+00:00,89.9,49,bid,FlawlessFlatbreads,DiligentDonuts,1559914
2026-07-01T03:08:43.376769,2026-07-01T03:08:43.380633+00:00,89.6,3,ask,DiligentDonuts,Xuanyu Liu,1559939
2026-07-01T03:08:44.527602,2026-07-01T03:08:44.532172+00:00,89.9,10,bid,FlawlessFlatbreads,Zijun Feng,1559958
2026-07-01T03:08:44.527602,2026-07-01T03:08:44.532172+00:00,90.0,40,bid,FlawlessFlatbreads,EarnestEspressos,1559959
2026-07-01T03:08:45.771071,2026-07-01T03:08:45.776769+00:00,89.7,3,ask,EarnestEspressos,Kelvin Chan,1559994
2026-07-01T03:08:46.637239,2026-07-01T03:08:46.639302+00:00,89.8,3,bid,FlawlessFlatbreads,Kelvin Chan,1560001
2026-07-01T03:08:46.637239,2026-07-01T03:08:46.649605+00:00,89.8,10,bid,FlawlessFlatbreads,Zijun Feng,1560002
2026-07-01T03:08:46.637239,2026-07-01T03:08:46.649605+00:00,90.2,37,bid,FlawlessFlatbreads,EarnestEspressos,1560003
2026-07-01T03:08:47.487740,2026-07-01T03:08:47.493225+00:00,89.8,2,bid,CostlyCorianders,Kelvin Chan,1560022
2026-07-01T03:08:47.487740,2026-07-01T03:08:47.493225+00:00,90.2,44,bid,CostlyCorianders,EarnestEspressos,1560023
2026-07-01T03:08:48.477656,2026-07-01T03:08:48.481573+00:00,90.0,2,ask,EarnestEspressos,Xuanyu Liu,1560063
2026-07-01T03:08:48.498100,2026-07-01T03:08:48.502670+00:00,90.0,10,ask,EarnestEspressos,Xuanyu Liu,1560065
2026-07-01T03:08:48.747165,2026-07-01T03:08:48.749193+00:00,90.2,50,bid,FlawlessFlatbreads,DiligentDonuts,1560074
2026-07-01T03:08:49.126733,2026-07-01T03:08:49.130497+00:00,90.0,11,ask,EarnestEspressos,Xuanyu Liu,1560083
2026-07-01T03:08:49.358846,2026-07-01T03:08:49.366759+00:00,90.0,1,ask,EarnestEspressos,Kelvin Chan,1560086
2026-07-01T03:08:49.418655,2026-07-01T03:08:49.428223+00:00,90.0,1,ask,EarnestEspressos,Kelvin Chan,1560087
2026-07-01T03:08:49.586167,2026-07-01T03:08:49.592480+00:00,90.0,1,ask,EarnestEspressos,Kelvin Chan,1560088
2026-07-01T03:08:50.852848,2026-07-01T03:08:50.855733+00:00,90.3,10,bid,FlawlessFlatbreads,Zijun Feng,1560120
2026-07-01T03:08:50.852848,2026-07-01T03:08:50.865986+00:00,90.4,40,bid,FlawlessFlatbreads,DiligentDonuts,1560121
2026-07-01T03:08:51.907212,2026-07-01T03:08:51.918393+00:00,89.9,41,ask,DiligentDonuts,CostlyCorianders,1560155
2026-07-01T03:08:52.400819,2026-07-01T03:08:52.411356+00:00,90.3,10,bid,CostlyCorianders,Zijun Feng,1560169
2026-07-01T03:08:52.400819,2026-07-01T03:08:52.411356+00:00,90.4,34,bid,CostlyCorianders,DiligentDonuts,1560170
2026-07-01T03:08:52.456782,2026-07-01T03:08:52.462451+00:00,89.9,43,ask,DiligentDonuts,CostlyCorianders,1560171
2026-07-01T03:08:52.948470,2026-07-01T03:08:52.956146+00:00,90.0,1,bid,CostlyCorianders,Kelvin Chan,1560187
2026-07-01T03:08:52.948470,2026-07-01T03:08:52.956146+00:00,90.4,40,bid,CostlyCorianders,EarnestEspressos,1560188
2026-07-01T03:08:52.962772,2026-07-01T03:08:52.966470+00:00,90.4,50,bid,FlawlessFlatbreads,EarnestEspressos,1560189
2026-07-01T03:08:54.778388,2026-07-01T03:08:54.785907+00:00,90.4,100,bid,EarnestEspressos,DiligentDonuts,1560220
2026-07-01T03:08:54.856871,2026-07-01T03:08:54.860848+00:00,90.4,1,ask,EarnestEspressos,Xuanyu Liu,1560223
2026-07-01T03:08:54.876865,2026-07-01T03:08:54.880784+00:00,90.4,2,ask,EarnestEspressos,Xuanyu Liu,1560228
2026-07-01T03:08:55.069344,2026-07-01T03:08:55.076471+00:00,90.9,50,bid,FlawlessFlatbreads,EarnestEspressos,1560240
2026-07-01T03:08:55.180384,2026-07-01T03:08:55.184483+00:00,90.4,3,ask,EarnestEspressos,Xuanyu Liu,1560249
2026-07-01T03:08:57.175899,2026-07-01T03:08:57.181317+00:00,90.6,50,bid,FlawlessFlatbreads,DiligentDonuts,1560293
2026-07-01T03:08:58.648412,2026-07-01T03:08:58.656641+00:00,90.2,40,ask,EarnestEspressos,CostlyCorianders,1560331
2026-07-01T03:08:59.284514,2026-07-01T03:08:59.293269+00:00,90.5,10,bid,FlawlessFlatbreads,Zijun Feng,1560357
2026-07-01T03:08:59.284514,2026-07-01T03:08:59.293269+00:00,90.7,40,bid,FlawlessFlatbreads,EarnestEspressos,1560358
2026-07-01T03:09:01.986508,2026-07-01T03:09:01.991752+00:00,90.4,46,ask,DiligentDonuts,CostlyCorianders,1560416
2026-07-01T03:09:03.545455,2026-07-01T03:09:03.549018+00:00,90.5,50,ask,DiligentDonuts,FlawlessFlatbreads,1560440
2026-07-01T03:09:05.651278,2026-07-01T03:09:05.662886+00:00,90.3,50,ask,EarnestEspressos,FlawlessFlatbreads,1560478
2026-07-01T03:09:07.758406,2026-07-01T03:09:07.768504+00:00,90.2,50,ask,DiligentDonuts,FlawlessFlatbreads,1560513
2026-07-01T03:09:09.541708,2026-07-01T03:09:09.546136+00:00,90.6,3,bid,Xuanyu Liu,DiligentDonuts,1560553
2026-07-01T03:09:09.716248,2026-07-01T03:09:09.720407+00:00,90.6,45,bid,CostlyCorianders,DiligentDonuts,1560557
