timestamp,recv_time,price,volume,aggressor_side,buyer,seller,trade_id
2026-07-09T07:00:00.680170,2026-07-09T07:00:00.691762+00:00,121.2,11,ask,EarnestEspressos,Xuanyu Liu,13236522
2026-07-09T07:00:01.078628,2026-07-09T07:00:01.090199+00:00,121.2,100,ask,EarnestEspressos,DiligentDonuts,13236525
2026-07-09T07:00:01.242222,2026-07-09T07:00:01.227183+00:00,121.7,40,bid,CostlyCorianders,EarnestEspressos,13236527
2026-07-09T07:00:01.582247,2026-07-09T07:00:01.592569+00:00,121.2,39,ask,EarnestEspressos,FlawlessFlatbreads,13236534
2026-07-09T07:00:01.582247,2026-07-09T07:00:01.592569+00:00,120.7,11,ask,DiligentDonuts,FlawlessFlatbreads,13236535
2026-07-09T07:00:03.692814,2026-07-09T07:00:03.704582+00:00,120.7,50,ask,DiligentDonuts,FlawlessFlatbreads,13236555
2026-07-09T07:00:04.831413,2026-07-09T07:00:04.841929+00:00,120.8,46,ask,EarnestEspressos,CostlyCorianders,13236565
2026-07-09T07:00:05.802675,2026-07-09T07:00:05.811677+00:00,120.8,50,ask,EarnestEspressos,FlawlessFlatbreads,13236578
2026-07-09T07:00:07.031847,2026-07-09T07:00:07.041551+00:00,120.9,23,bid,Xuanyu Liu,EarnestEspressos,13236598
2026-07-09T07:00:07.911015,2026-07-09T07:00:07.919581+00:00,120.8,50,ask,DiligentDonuts,FlawlessFlatbreads,13236612
2026-07-09T07:00:09.089838,2026-07-09T07:00:09.100291+00:00,120.9,48,bid,CostlyCorianders,EarnestEspressos,13236630
2026-07-09T07:00:09.439435,2026-07-09T07:00:09.460970+00:00,120.9,11,bid,Xuanyu Liu,EarnestEspressos,13236644
2026-07-09T07:00:09.967577,2026-07-09T07:00:09.979694+00:00,120.9,50,bid,FlawlessFlatbreads,EarnestEspressos,13236654
2026-07-09T07:00:10.286605,2026-07-09T07:00:10.296318+00:00,120.9,11,ask,EarnestEspressos,Xuanyu Liu,13236657
2026-07-09T07:00:10.753704,2026-07-09T07:00:10.771140+00:00,120.9,12,ask,EarnestEspressos,Xuanyu Liu,13236674
2026-07-09T07:00:11.510167,2026-07-09T07:00:11.527004+00:00,121.1,49,bid,CostlyCorianders,DiligentDonuts,13236686
2026-07-09T07:00:12.095814,2026-07-09T07:00:12.105055+00:00,121.1,50,bid,FlawlessFlatbreads,DiligentDonuts,13236696
2026-07-09T07:00:14.208854,2026-07-09T07:00:14.220921+00:00,121.1,50,bid,FlawlessFlatbreads,DiligentDonuts,13236726
2026-07-09T07:00:15.137020,2026-07-09T07:00:15.156691+00:00,120.7,43,ask,EarnestEspressos,CostlyCorianders,13236742
2026-07-09T07:00:16.345928,2026-07-09T07:00:16.354868+00:00,121.1,50,bid,FlawlessFlatbreads,DiligentDonuts,13236768
2026-07-09T07:00:16.587886,2026-07-09T07:00:16.599917+00:00,120.6,47,ask,DiligentDonuts,CostlyCorianders,13236771
2026-07-09T07:00:16.877984,2026-07-09T07:00:16.890158+00:00,120.8,100,bid,DiligentDonuts,EarnestEspressos,13236775
2026-07-09T07:00:17.870722,2026-07-09T07:00:17.882503+00:00,120.8,41,bid,CostlyCorianders,EarnestEspressos,13236797
2026-07-09T07:00:18.453086,2026-07-09T07:00:18.465243+00:00,120.8,9,bid,FlawlessFlatbreads,EarnestEspressos,13236810
2026-07-09T07:00:18.453086,2026-07-09T07:00:18.465243+00:00,121.3,41,bid,FlawlessFlatbreads,DiligentDonuts,13236811
2026-07-09T07:00:19.441974,2026-07-09T07:00:19.453985+00:00,120.3,47,ask,EarnestEspressos,CostlyCorianders,13236829
2026-07-09T07:00:20.596322,2026-07-09T07:00:20.605937+00:00,120.9,50,bid,FlawlessFlatbreads,DiligentDonuts,13236852
2026-07-09T07:00:21.250731,2026-07-09T07:00:21.281889+00:00,120.6,14,ask,EarnestEspressos,Xuanyu Liu,13236859
2026-07-09T07:00:21.561011,2026-07-09T07:00:21.573113+00:00,120.9,45,bid,CostlyCorianders,DiligentDonuts,13236865
2026-07-09T07:00:22.763596,2026-07-09T07:00:22.774732+00:00,120.4,50,ask,DiligentDonuts,FlawlessFlatbreads,13236888
2026-07-09T07:00:23.004978,2026-07-09T07:00:23.012928+00:00,120.9,5,bid,CostlyCorianders,DiligentDonuts,13236891
2026-07-09T07:00:24.874128,2026-07-09T07:00:24.882950+00:00,120.6,50,ask,DiligentDonuts,FlawlessFlatbreads,13236918
2026-07-09T07:00:26.984799,2026-07-09T07:00:26.992581+00:00,120.4,50,ask,EarnestEspressos,FlawlessFlatbreads,13236961
2026-07-09T07:00:27.963569,2026-07-09T07:00:27.975247+00:00,120.4,41,ask,EarnestEspressos,CostlyCorianders,13236975
2026-07-09T07:00:28.996698,2026-07-09T07:00:29.007328+00:00,120.8,41,bid,CostlyCorianders,DiligentDonuts,13236993
2026-07-09T07:00:29.058382,2026-07-09T07:00:29.069892+00:00,120.4,43,ask,EarnestEspressos,CostlyCorianders,13236995
2026-07-09T07:00:29.113269,2026-07-09T07:00:29.122190+00:00,120.3,50,ask,DiligentDonuts,EarnestEspressos,13237000
2026-07-09T07:00:29.189761,2026-07-09T07:00:29.213698+00:00,120.3,50,ask,DiligentDonuts,FlawlessFlatbreads,13237003
2026-07-09T07:00:29.203095,2026-07-09T07:00:29.213698+00:00,120.2,3,bid,Xuanyu Liu,EarnestEspressos,13237004
2026-07-09T07:00:31.219690,2026-07-09T07:00:31.231765+00:00,119.9,50,ask,DiligentDonuts,FlawlessFlatbreads,13237035
2026-07-09T07:00:31.759697,2026-07-09T07:00:31.769755+00:00,120.2,11,bid,Xuanyu Liu,EarnestEspressos,13237044
2026-07-09T07:00:33.361320,2026-07-09T07:00:33.373255+00:00,120.0,50,ask,EarnestEspressos,FlawlessFlatbreads,13237065
2026-07-09T07:00:34.275690,2026-07-09T07:00:34.283943+00:00,120.3,45,bid,CostlyCorianders,DiligentDonuts,13237080
2026-07-09T07:00:35.470442,2026-07-09T07:00:35.480942+00:00,119.8,50,ask,DiligentDonuts,FlawlessFlatbreads,13237096
2026-07-09T07:00:37.185524,2026-07-09T07:00:37.194105+00:00,120.3,47,bid,CostlyCorianders,EarnestEspressos,13237129
2026-07-09T07:00:37.527050,2026-07-09T07:00:37.537013+00:00,120.3,50,bid,FlawlessFlatbreads,EarnestEspressos,13237137
2026-07-09T07:00:39.692183,2026-07-09T07:00:39.700862+00:00,120.1,50,ask,EarnestEspressos,FlawlessFlatbreads,13237170
2026-07-09T07:00:40.663648,2026-07-09T07:00:40.675897+00:00,120.1,46,ask,EarnestEspressos,CostlyCorianders,13237175
2026-07-09T07:00:41.773162,2026-07-09T07:00:41.784919+00:00,120.3,50,bid,FlawlessFlatbreads,DiligentDonuts,13237191
2026-07-09T07:00:41.801206,2026-07-09T07:00:41.810924+00:00,119.8,42,ask,DiligentDonuts,CostlyCorianders,13237194
2026-07-09T07:00:43.933858,2026-07-09T07:00:43.958995+00:00,119.7,50,ask,EarnestEspressos,FlawlessFlatbreads,13237231
2026-07-09T07:00:45.028434,2026-07-09T07:00:45.042880+00:00,119.8,12,bid,Xuanyu Liu,EarnestEspressos,13237246
2026-07-09T07:00:45.773643,2026-07-09T07:00:45.785737+00:00,119.8,44,bid,CostlyCorianders,EarnestEspressos,13237261
2026-07-09T07:00:46.016970,2026-07-09T07:00:46.033032+00:00,119.8,50,bid,FlawlessFlatbreads,EarnestEspressos,13237269
2026-07-09T07:00:48.130847,2026-07-09T07:00:48.140602+00:00,120.0,50,bid,FlawlessFlatbreads,DiligentDonuts,13237313
2026-07-09T07:00:50.263099,2026-07-09T07:00:50.270868+00:00,119.9,50,bid,FlawlessFlatbreads,DiligentDonuts,13237343
2026-07-09T07:00:51.503696,2026-07-09T07:00:51.514509+00:00,119.6,49,ask,EarnestEspressos,CostlyCorianders,13237367
2026-07-09T07:00:52.077966,2026-07-09T07:00:52.097305+00:00,119.8,12,ask,DiligentDonuts,Xuanyu Liu,13237377
2026-07-09T07:00:52.438350,2026-07-09T07:00:52.450607+00:00,119.8,50,ask,DiligentDonuts,FlawlessFlatbreads,13237381
2026-07-09T07:00:52.677819,2026-07-09T07:00:52.688175+00:00,119.8,11,ask,DiligentDonuts,Xuanyu Liu,13237391
2026-07-09T07:00:52.808635,2026-07-09T07:00:52.818370+00:00,119.8,3,ask,DiligentDonuts,Xuanyu Liu,13237394
2026-07-09T07:00:53.643672,2026-07-09T07:00:53.658570+00:00,120.1,48,bid,CostlyCorianders,EarnestEspressos,13237409
2026-07-09T07:00:54.342808,2026-07-09T07:00:54.351918+00:00,119.8,24,ask,DiligentDonuts,CostlyCorianders,13237422
2026-07-09T07:00:54.342808,2026-07-09T07:00:54.351918+00:00,119.6,16,ask,EarnestEspressos,CostlyCorianders,13237423
2026-07-09T07:00:54.497101,2026-07-09T07:00:54.508783+00:00,120.3,50,bid,FlawlessFlatbreads,DiligentDonuts,13237429
2026-07-09T07:00:55.310958,2026-07-09T07:00:55.322941+00:00,119.6,45,bid,CostlyCorianders,EarnestEspressos,13237447
2026-07-09T07:00:55.889666,2026-07-09T07:00:55.901574+00:00,119.2,43,ask,DiligentDonuts,CostlyCorianders,13237455
2026-07-09T07:00:56.760689,2026-07-09T07:00:56.770142+00:00,119.6,3,bid,Xuanyu Liu,EarnestEspressos,13237467
2026-07-09T07:00:58.300393,2026-07-09T07:00:58.312739+00:00,119.2,43,bid,CostlyCorianders,DiligentDonuts,13237496
2026-07-09T07:00:58.776968,2026-07-09T07:00:58.785955+00:00,118.9,50,ask,EarnestEspressos,FlawlessFlatbreads,13237502
2026-07-09T07:00:59.252698,2026-07-09T07:00:59.262889+00:00,119.2,11,bid,Xuanyu Liu,DiligentDonuts,13237508
2026-07-09T07:00:59.379955,2026-07-09T07:00:59.394742+00:00,119.2,12,bid,Xuanyu Liu,DiligentDonuts,13237510
2026-07-09T07:01:00.884730,2026-07-09T07:01:00.894188+00:00,119.0,50,ask,EarnestEspressos,FlawlessFlatbreads,13237535
2026-07-09T07:01:02.926518,2026-07-09T07:01:02.938296+00:00,119.5,42,bid,CostlyCorianders,EarnestEspressos,13237563
2026-07-09T07:01:03.027076,2026-07-09T07:01:03.036538+00:00,119.1,50,ask,DiligentDonuts,FlawlessFlatbreads,13237566
2026-07-09T07:01:03.889177,2026-07-09T07:01:03.901188+00:00,119.1,48,ask,DiligentDonuts,CostlyCorianders,13237587
2026-07-09T07:01:04.939794,2026-07-09T07:01:04.951732+00:00,118.9,42,ask,EarnestEspressos,CostlyCorianders,13237604
2026-07-09T07:01:05.133169,2026-07-09T07:01:05.141730+00:00,118.9,50,ask,EarnestEspressos,FlawlessFlatbreads,13237609
2026-07-09T07:01:06.048159,2026-07-09T07:01:06.056001+00:00,119.2,40,bid,CostlyCorianders,DiligentDonuts,13237626
2026-07-09T07:01:07.201684,2026-07-09T07:01:07.212791+00:00,119.0,11,bid,Xuanyu Liu,EarnestEspressos,13237644
2026-07-09T07:01:07.245967,2026-07-09T07:01:07.254467+00:00,118.7,50,ask,DiligentDonuts,FlawlessFlatbreads,13237649
2026-07-09T07:01:08.236732,2026-07-09T07:01:08.248753+00:00,119.0,40,bid,CostlyCorianders,EarnestEspressos,13237656
2026-07-09T07:01:09.765812,2026-07-09T07:01:09.780753+00:00,119.0,44,bid,CostlyCorianders,EarnestEspressos,13237678
2026-07-09T07:01:11.407186,2026-07-09T07:01:11.421182+00:00,119.3,50,bid,FlawlessFlatbreads,DiligentDonuts,13237705
2026-07-09T07:01:13.393003,2026-07-09T07:01:13.401135+00:00,119.0,48,ask,EarnestEspressos,CostlyCorianders,13237725
2026-07-09T07:01:13.528494,2026-07-09T07:01:13.539130+00:00,119.2,50,bid,FlawlessFlatbreads,EarnestEspressos,13237728
2026-07-09T07:01:14.991282,2026-07-09T07:01:15.003399+00:00,118.8,45,ask,DiligentDonuts,CostlyCorianders,13237753
2026-07-09T07:01:17.799715,2026-07-09T07:01:17.807506+00:00,119.0,50,ask,EarnestEspressos,FlawlessFlatbreads,13237798
2026-07-09T07:01:19.756631,2026-07-09T07:01:19.768397+00:00,119.4,44,bid,CostlyCorianders,DiligentDonuts,13237817
2026-07-09T07:01:19.911331,2026-07-09T07:01:19.924527+00:00,118.9,50,ask,DiligentDonuts,FlawlessFlatbreads,13237822
2026-07-09T07:01:22.660014,2026-07-09T07:01:22.668922+00:00,118.8,43,ask,EarnestEspressos,CostlyCorianders,13237852
2026-07-09T07:01:24.120245,2026-07-09T07:01:24.131237+00:00,118.7,50,ask,DiligentDonuts,FlawlessFlatbreads,13237866
2026-07-09T07:01:26.227945,2026-07-09T07:01:26.239921+00:00,118.7,50,ask,DiligentDonuts,FlawlessFlatbreads,13237903
2026-07-09T07:01:26.637610,2026-07-09T07:01:26.648753+00:00,118.8,12,bid,Xuanyu Liu,DiligentDonuts,13237906
2026-07-09T07:01:28.343395,2026-07-09T07:01:28.358616+00:00,118.4,50,ask,EarnestEspressos,FlawlessFlatbreads,13237937
2026-07-09T07:01:28.777796,2026-07-09T07:01:28.785892+00:00,118.8,45,bid,CostlyCorianders,DiligentDonuts,13237944
2026-07-09T07:01:29.550790,2026-07-09T07:01:29.560609+00:00,118.7,11,bid,Xuanyu Liu,EarnestEspressos,13237955
2026-07-09T07:01:31.206889,2026-07-09T07:01:31.218878+00:00,118.7,47,bid,CostlyCorianders,EarnestEspressos,13237989
2026-07-09T07:01:31.263260,2026-07-09T07:01:31.275213+00:00,118.6,44,ask,DiligentDonuts,CostlyCorianders,13237991
2026-07-09T07:01:31.819061,2026-07-09T07:01:31.830828+00:00,118.7,42,bid,CostlyCorianders,EarnestEspressos,13237994
2026-07-09T07:01:33.044616,2026-07-09T07:01:33.048497+00:00,118.7,46,ask,EarnestEspressos,CostlyCorianders,13238016
2026-07-09T07:01:34.606724,2026-07-09T07:01:34.617875+00:00,118.9,50,bid,FlawlessFlatbreads,DiligentDonuts,13238034
2026-07-09T07:01:35.834684,2026-07-09T07:01:35.846694+00:00,118.9,40,bid,CostlyCorianders,DiligentDonuts,13238053
2026-07-09T07:01:36.712597,2026-07-09T07:01:36.719653+00:00,119.0,50,bid,FlawlessFlatbreads,EarnestEspressos,13238074
2026-07-09T07:01:38.873208,2026-07-09T07:01:38.883181+00:00,118.7,50,ask,EarnestEspressos,FlawlessFlatbreads,13238105
2026-07-09T07:01:40.981434,2026-07-09T07:01:40.990772+00:00,118.9,50,ask,DiligentDonuts,FlawlessFlatbreads,13238139
2026-07-09T07:01:42.954527,2026-07-09T07:01:42.965782+00:00,118.6,43,ask,EarnestEspressos,CostlyCorianders,13238165
2026-07-09T07:01:43.088470,2026-07-09T07:01:43.100438+00:00,118.6,50,ask,EarnestEspressos,FlawlessFlatbreads,13238171
2026-07-09T07:01:43.428976,2026-07-09T07:01:43.440800+00:00,118.6,40,ask,EarnestEspressos,CostlyCorianders,13238176
2026-07-09T07:01:45.143828,2026-07-09T07:01:45.152738+00:00,119.1,50,bid,FlawlessFlatbreads,DiligentDonuts,13238194
2026-07-09T07:01:45.160176,2026-07-09T07:01:45.169904+00:00,118.6,100,ask,DiligentDonuts,EarnestEspressos,13238195
2026-07-09T07:01:45.171185,2026-07-09T07:01:45.181625+00:00,118.6,34,bid,Xuanyu Liu,EarnestEspressos,13238196
2026-07-09T07:01:47.256121,2026-07-09T07:01:47.263739+00:00,118.6,16,bid,FlawlessFlatbreads,EarnestEspressos,13238225
2026-07-09T07:01:47.256121,2026-07-09T07:01:47.269127+00:00,119.0,34,bid,FlawlessFlatbreads,DiligentDonuts,13238226
2026-07-09T07:01:49.270311,2026-07-09T07:01:49.281358+00:00,118.7,23,ask,EarnestEspressos,Xuanyu Liu,13238262
2026-07-09T07:01:49.372072,2026-07-09T07:01:49.379665+00:00,119.0,50,bid,FlawlessFlatbreads,DiligentDonuts,13238265
2026-07-09T07:01:51.480006,2026-07-09T07:01:51.491091+00:00,119.0,50,bid,FlawlessFlatbreads,DiligentDonuts,13238308
2026-07-09T07:01:52.538509,2026-07-09T07:01:52.548130+00:00,119.1,11,ask,DiligentDonuts,Xuanyu Liu,13238327
2026-07-09T07:01:53.586438,2026-07-09T07:01:53.598352+00:00,119.2,50,bid,FlawlessFlatbreads,EarnestEspressos,13238351
2026-07-09T07:01:54.412447,2026-07-09T07:01:54.424565+00:00,119.2,48,bid,CostlyCorianders,EarnestEspressos,13238355
2026-07-09T07:01:55.422335,2026-07-09T07:01:55.431121+00:00,119.1,49,ask,EarnestEspressos,CostlyCorianders,13238386
2026-07-09T07:01:55.696084,2026-07-09T07:01:55.707894+00:00,119.5,50,bid,FlawlessFlatbreads,DiligentDonuts,13238392
2026-07-09T07:01:56.503539,2026-07-09T07:01:56.515452+00:00,119.5,43,bid,CostlyCorianders,DiligentDonuts,13238406
2026-07-09T07:01:57.803759,2026-07-09T07:01:57.813654+00:00,119.5,7,bid,FlawlessFlatbreads,DiligentDonuts,13238425
2026-07-09T07:01:58.286381,2026-07-09T07:01:58.298498+00:00,119.3,23,ask,DiligentDonuts,Xuanyu Liu,13238431
2026-07-09T07:01:58.464339,2026-07-09T07:01:58.474478+00:00,119.3,44,ask,DiligentDonuts,CostlyCorianders,13238434
2026-07-09T07:01:59.916294,2026-07-09T07:01:59.926988+00:00,119.4,50,bid,FlawlessFlatbreads,EarnestEspressos,13238448
2026-07-09T07:02:02.022702,2026-07-09T07:02:02.032722+00:00,119.7,50,bid,FlawlessFlatbreads,EarnestEspressos,13238483
2026-07-09T07:02:03.010548,2026-07-09T07:02:03.022490+00:00,119.7,44,bid,CostlyCorianders,EarnestEspressos,13238495
2026-07-09T07:02:04.106162,2026-07-09T07:02:04.115839+00:00,119.6,23,ask,EarnestEspressos,Xuanyu Liu,13238512
2026-07-09T07:02:04.153346,2026-07-09T07:02:04.162652+00:00,119.6,42,ask,EarnestEspressos,CostlyCorianders,13238514
2026-07-09T07:02:04.201321,2026-07-09T07:02:04.212950+00:00,119.6,50,ask,EarnestEspressos,FlawlessFlatbreads,13238515
2026-07-09T07:02:05.384821,2026-07-09T07:02:05.396871+00:00,119.7,47,bid,CostlyCorianders,DiligentDonuts,13238529
2026-07-09T07:02:06.308836,2026-07-09T07:02:06.321273+00:00,119.6,35,ask,EarnestEspressos,FlawlessFlatbreads,13238537
2026-07-09T07:02:06.308836,2026-07-09T07:02:06.321273+00:00,119.2,15,ask,DiligentDonuts,FlawlessFlatbreads,13238538
2026-07-09T07:02:08.433727,2026-07-09T07:02:08.440502+00:00,119.4,50,ask,DiligentDonuts,FlawlessFlatbreads,13238577
2026-07-09T07:02:10.539660,2026-07-09T07:02:10.548652+00:00,119.4,50,ask,DiligentDonuts,FlawlessFlatbreads,13238619
2026-07-09T07:02:11.659597,2026-07-09T07:02:11.671005+00:00,119.5,23,bid,Xuanyu Liu,EarnestEspressos,13238629
2026-07-09T07:02:12.673687,2026-07-09T07:02:12.685903+00:00,119.0,50,ask,EarnestEspressos,FlawlessFlatbreads,13238643
2026-07-09T07:02:12.996363,2026-07-09T07:02:13.004247+00:00,119.0,43,ask,EarnestEspressos,CostlyCorianders,13238654
2026-07-09T07:02:13.664782,2026-07-09T07:02:13.677248+00:00,119.3,12,bid,Xuanyu Liu,EarnestEspressos,13238665
2026-07-09T07:02:14.280316,2026-07-09T07:02:14.299900+00:00,119.3,11,bid,Xuanyu Liu,EarnestEspressos,13238676
2026-07-09T07:02:14.784342,2026-07-09T07:02:14.796455+00:00,119.1,50,ask,DiligentDonuts,FlawlessFlatbreads,13238693
2026-07-09T07:02:16.871212,2026-07-09T07:02:16.884489+00:00,119.5,50,bid,FlawlessFlatbreads,EarnestEspressos,13238721
2026-07-09T07:02:18.981333,2026-07-09T07:02:18.992382+00:00,119.4,50,bid,FlawlessFlatbreads,DiligentDonuts,13238757
2026-07-09T07:02:21.092591,2026-07-09T07:02:21.105639+00:00,119.7,50,bid,FlawlessFlatbreads,EarnestEspressos,13238782
2026-07-09T07:02:22.241429,2026-07-09T07:02:22.257861+00:00,119.2,23,ask,EarnestEspressos,Xuanyu Liu,13238812
2026-07-09T07:02:23.205287,2026-07-09T07:02:23.217564+00:00,119.4,50,bid,FlawlessFlatbreads,EarnestEspressos,13238825
2026-07-09T07:02:23.431453,2026-07-09T07:02:23.440954+00:00,119.4,48,bid,CostlyCorianders,EarnestEspressos,13238827
2026-07-09T07:02:24.021385,2026-07-09T07:02:24.033199+00:00,118.9,46,ask,EarnestEspressos,CostlyCorianders,13238842
2026-07-09T07:02:25.223041,2026-07-09T07:02:25.233071+00:00,119.3,12,bid,Xuanyu Liu,DiligentDonuts,13238862
2026-07-09T07:02:26.259003,2026-07-09T07:02:26.270843+00:00,119.3,88,bid,EarnestEspressos,DiligentDonuts,13238879
2026-07-09T07:02:26.713014,2026-07-09T07:02:26.723340+00:00,119.3,47,ask,EarnestEspressos,CostlyCorianders,13238887
2026-07-09T07:02:27.444240,2026-07-09T07:02:27.452040+00:00,119.8,50,bid,FlawlessFlatbreads,EarnestEspressos,13238897
2026-07-09T07:02:27.778771,2026-07-09T07:02:27.790680+00:00,119.8,49,bid,CostlyCorianders,EarnestEspressos,13238908
2026-07-09T07:02:28.832856,2026-07-09T07:02:28.841103+00:00,119.3,15,ask,EarnestEspressos,CostlyCorianders,13238927
2026-07-09T07:02:28.832856,2026-07-09T07:02:28.846565+00:00,119.3,34,ask,DiligentDonuts,CostlyCorianders,13238928
2026-07-09T07:02:29.581376,2026-07-09T07:02:29.589806+00:00,119.8,50,bid,FlawlessFlatbreads,DiligentDonuts,13238938
2026-07-09T07:02:29.976453,2026-07-09T07:02:29.988202+00:00,119.8,47,bid,CostlyCorianders,EarnestEspressos,13238943
2026-07-09T07:02:31.687585,2026-07-09T07:02:31.699357+00:00,119.8,50,bid,FlawlessFlatbreads,EarnestEspressos,13238972
2026-07-09T07:02:32.506394,2026-07-09T07:02:32.518343+00:00,119.8,42,bid,CostlyCorianders,EarnestEspressos,13238980
2026-07-09T07:02:32.615888,2026-07-09T07:02:32.625279+00:00,119.9,46,ask,EarnestEspressos,Xuanyu Liu,13238983
2026-07-09T07:02:33.123363,2026-07-09T07:02:33.132915+00:00,119.9,40,ask,EarnestEspressos,CostlyCorianders,13238994
2026-07-09T07:02:33.648609,2026-07-09T07:02:33.655293+00:00,119.9,41,ask,EarnestEspressos,CostlyCorianders,13238999
2026-07-09T07:02:33.823642,2026-07-09T07:02:33.831209+00:00,120.2,50,bid,FlawlessFlatbreads,DiligentDonuts,13239000
2026-07-09T07:02:34.110957,2026-07-09T07:02:34.121053+00:00,119.9,3,ask,EarnestEspressos,Xuanyu Liu,13239006
2026-07-09T07:02:34.262669,2026-07-09T07:02:34.274039+00:00,119.9,20,ask,EarnestEspressos,CostlyCorianders,13239010
2026-07-09T07:02:34.262669,2026-07-09T07:02:34.274039+00:00,119.7,22,ask,DiligentDonuts,CostlyCorianders,13239011
2026-07-09T07:02:35.826966,2026-07-09T07:02:35.837966+00:00,119.8,3,bid,Xuanyu Liu,EarnestEspressos,13239037
2026-07-09T07:02:35.928129,2026-07-09T07:02:35.937001+00:00,119.8,45,bid,CostlyCorianders,EarnestEspressos,13239040
2026-07-09T07:02:35.933172,2026-07-09T07:02:35.942261+00:00,119.8,50,bid,FlawlessFlatbreads,EarnestEspressos,13239041
2026-07-09T07:02:37.465242,2026-07-09T07:02:37.477361+00:00,119.8,48,bid,CostlyCorianders,EarnestEspressos,13239070
2026-07-09T07:02:37.521314,2026-07-09T07:02:37.533590+00:00,119.7,44,ask,DiligentDonuts,CostlyCorianders,13239074
2026-07-09T07:02:38.102892,2026-07-09T07:02:38.110749+00:00,119.7,50,ask,DiligentDonuts,FlawlessFlatbreads,13239087
2026-07-09T07:02:38.109596,2026-07-09T07:02:38.121172+00:00,119.8,4,bid,CostlyCorianders,EarnestEspressos,13239088
2026-07-09T07:02:38.109596,2026-07-09T07:02:38.121172+00:00,120.2,39,bid,CostlyCorianders,DiligentDonuts,13239089
2026-07-09T07:02:38.166516,2026-07-09T07:02:38.174287+00:00,119.7,6,ask,DiligentDonuts,CostlyCorianders,13239090
2026-07-09T07:02:39.394047,2026-07-09T07:02:39.405560+00:00,119.9,3,ask,EarnestEspressos,Xuanyu Liu,13239100
2026-07-09T07:02:40.210799,2026-07-09T07:02:40.221297+00:00,119.9,50,ask,EarnestEspressos,FlawlessFlatbreads,13239115
2026-07-09T07:02:40.758201,2026-07-09T07:02:40.770115+00:00,119.9,45,ask,EarnestEspressos,CostlyCorianders,13239124
2026-07-09T07:02:41.753275,2026-07-09T07:02:41.765759+00:00,120.0,41,bid,CostlyCorianders,DiligentDonuts,13239143
2026-07-09T07:02:42.351527,2026-07-09T07:02:42.363993+00:00,119.5,50,ask,DiligentDonuts,FlawlessFlatbreads,13239162
2026-07-09T07:02:44.298404,2026-07-09T07:02:44.305681+00:00,119.9,42,bid,CostlyCorianders,EarnestEspressos,13239191
2026-07-09T07:02:44.459719,2026-07-09T07:02:44.471775+00:00,119.4,50,ask,EarnestEspressos,FlawlessFlatbreads,13239193
2026-07-09T07:02:44.888137,2026-07-09T07:02:44.899813+00:00,119.4,43,ask,EarnestEspressos,CostlyCorianders,13239205
2026-07-09T07:02:45.328280,2026-07-09T07:02:45.342758+00:00,119.5,3,bid,Xuanyu Liu,EarnestEspressos,13239209
2026-07-09T07:02:46.007897,2026-07-09T07:02:46.020625+00:00,119.5,23,bid,Xuanyu Liu,EarnestEspressos,13239228
2026-07-09T07:02:48.654527,2026-07-09T07:02:48.663835+00:00,119.7,50,bid,FlawlessFlatbreads,DiligentDonuts,13239265
2026-07-09T07:02:49.351422,2026-07-09T07:02:49.358575+00:00,119.8,47,bid,CostlyCorianders,EarnestEspressos,13239273
2026-07-09T07:02:49.947335,2026-07-09T07:02:49.952628+00:00,119.4,40,ask,DiligentDonuts,CostlyCorianders,13239278
2026-07-09T07:02:50.766408,2026-07-09T07:02:50.779677+00:00,119.8,50,bid,FlawlessFlatbreads,EarnestEspressos,13239286
2026-07-09T07:02:51.112610,2026-07-09T07:02:51.129890+00:00,119.4,42,ask,DiligentDonuts,CostlyCorianders,13239288
2026-07-09T07:02:51.902881,2026-07-09T07:02:51.913225+00:00,119.5,12,ask,EarnestEspressos,Xuanyu Liu,13239308
2026-07-09T07:02:52.133507,2026-07-09T07:02:52.145108+00:00,119.5,100,ask,EarnestEspressos,DiligentDonuts,13239313
2026-07-09T07:02:52.502640,2026-07-09T07:02:52.510280+00:00,120.0,48,bid,CostlyCorianders,EarnestEspressos,13239322
2026-07-09T07:02:52.639853,2026-07-09T07:02:52.650758+00:00,119.5,11,ask,EarnestEspressos,Xuanyu Liu,13239328
2026-07-09T07:02:53.636538,2026-07-09T07:02:53.658849+00:00,119.5,27,ask,EarnestEspressos,CostlyCorianders,13239337
2026-07-09T07:02:53.636538,2026-07-09T07:02:53.658849+00:00,119.0,17,ask,DiligentDonuts,CostlyCorianders,13239338
2026-07-09T07:02:55.033669,2026-07-09T07:02:55.045364+00:00,119.0,50,ask,DiligentDonuts,FlawlessFlatbreads,13239366
2026-07-09T07:02:57.140046,2026-07-09T07:02:57.149283+00:00,119.0,50,ask,EarnestEspressos,FlawlessFlatbreads,13239399
2026-07-09T07:02:57.987270,2026-07-09T07:02:57.997958+00:00,119.1,23,bid,Xuanyu Liu,EarnestEspressos,13239416
2026-07-09T07:02:58.250087,2026-07-09T07:02:58.257002+00:00,119.1,45,bid,CostlyCorianders,EarnestEspressos,13239422
2026-07-09T07:02:59.265671,2026-07-09T07:02:59.274343+00:00,119.1,47,bid,CostlyCorianders,EarnestEspressos,13239448
2026-07-09T07:02:59.265925,2026-07-09T07:02:59.279607+00:00,118.9,50,ask,DiligentDonuts,FlawlessFlatbreads,13239449
2026-07-09T07:02:59.783875,2026-07-09T07:02:59.796522+00:00,118.9,43,ask,DiligentDonuts,CostlyCorianders,13239455
2026-07-09T07:03:01.373734,2026-07-09T07:03:01.385918+00:00,119.2,50,ask,EarnestEspressos,FlawlessFlatbreads,13239481
2026-07-09T07:03:01.628520,2026-07-09T07:03:01.640696+00:00,119.2,100,ask,EarnestEspressos,DiligentDonuts,13239484
2026-07-09T07:03:02.915208,2026-07-09T07:03:02.925771+00:00,118.7,43,ask,DiligentDonuts,CostlyCorianders,13239498
2026-07-09T07:03:03.431585,2026-07-09T07:03:03.445185+00:00,119.7,50,bid,FlawlessFlatbreads,EarnestEspressos,13239517
2026-07-09T07:03:03.964638,2026-07-09T07:03:03.976940+00:00,119.7,44,bid,CostlyCorianders,EarnestEspressos,13239521
2026-07-09T07:03:05.704495,2026-07-09T07:03:05.716305+00:00,119.2,47,bid,CostlyCorianders,DiligentDonuts,13239550
2026-07-09T07:03:06.688595,2026-07-09T07:03:06.696463+00:00,119.0,46,ask,EarnestEspressos,CostlyCorianders,13239564
2026-07-09T07:03:10.356914,2026-07-09T07:03:10.369346+00:00,119.0,46,bid,CostlyCorianders,EarnestEspressos,13239633
2026-07-09T07:03:10.947887,2026-07-09T07:03:10.957132+00:00,118.8,48,ask,EarnestEspressos,CostlyCorianders,13239639
2026-07-09T07:03:11.458924,2026-07-09T07:03:11.466508+00:00,118.9,47,ask,DiligentDonuts,CostlyCorianders,13239658
2026-07-09T07:03:11.854712,2026-07-09T07:03:11.864166+00:00,119.3,50,bid,FlawlessFlatbreads,EarnestEspressos,13239666
2026-07-09T07:03:14.012246,2026-07-09T07:03:14.024231+00:00,119.2,50,ask,EarnestEspressos,FlawlessFlatbreads,13239713
2026-07-09T07:03:16.121365,2026-07-09T07:03:16.133174+00:00,119.2,50,ask,EarnestEspressos,FlawlessFlatbreads,13239739
2026-07-09T07:03:17.016901,2026-07-09T07:03:17.027416+00:00,119.1,11,bid,Xuanyu Liu,EarnestEspressos,13239753
2026-07-09T07:03:17.454265,2026-07-09T07:03:17.453682+00:00,119.1,48,bid,CostlyCorianders,EarnestEspressos,13239767
2026-07-09T07:03:18.025340,2026-07-09T07:03:18.033737+00:00,119.1,45,bid,CostlyCorianders,EarnestEspressos,13239778
2026-07-09T07:03:18.230953,2026-07-09T07:03:18.240063+00:00,119.0,50,ask,DiligentDonuts,FlawlessFlatbreads,13239779
2026-07-09T07:03:18.564906,2026-07-09T07:03:18.575730+00:00,119.1,12,bid,Xuanyu Liu,EarnestEspressos,13239787
2026-07-09T07:03:19.032624,2026-07-09T07:03:19.043720+00:00,119.0,45,ask,DiligentDonuts,CostlyCorianders,13239797
2026-07-09T07:03:20.286589,2026-07-09T07:03:20.298468+00:00,119.5,50,bid,FlawlessFlatbreads,DiligentDonuts,13239815
2026-07-09T07:03:21.575983,2026-07-09T07:03:21.586876+00:00,119.2,12,ask,EarnestEspressos,Xuanyu Liu,13239834
2026-07-09T07:03:22.393394,2026-07-09T07:03:22.403230+00:00,119.4,50,bid,FlawlessFlatbreads,DiligentDonuts,13239853
2026-07-09T07:03:24.552739,2026-07-09T07:03:24.564831+00:00,119.0,50,ask,EarnestEspressos,FlawlessFlatbreads,13239897
2026-07-09T07:03:24.722163,2026-07-09T07:03:24.730654+00:00,119.4,41,bid,CostlyCorianders,DiligentDonuts,13239899
2026-07-09T07:03:26.341477,2026-07-09T07:03:26.358536+00:00,119.0,49,ask,EarnestEspressos,CostlyCorianders,13239915
2026-07-09T07:03:26.934683,2026-07-09T07:03:26.944165+00:00,119.2,100,bid,DiligentDonuts,EarnestEspressos,13239928
2026-07-09T07:03:27.042073,2026-07-09T07:03:27.052467+00:00,119.2,12,bid,Xuanyu Liu,EarnestEspressos,13239930
2026-07-09T07:03:28.721700,2026-07-09T07:03:28.730631+00:00,119.2,38,bid,FlawlessFlatbreads,EarnestEspressos,13239952
2026-07-09T07:03:28.721700,2026-07-09T07:03:28.735688+00:00,119.7,12,bid,FlawlessFlatbreads,DiligentDonuts,13239953
2026-07-09T07:03:29.614002,2026-07-09T07:03:29.625036+00:00,119.3,12,ask,EarnestEspressos,Xuanyu Liu,13239962
2026-07-09T07:03:30.832217,2026-07-09T07:03:30.844239+00:00,119.4,50,bid,FlawlessFlatbreads,DiligentDonuts,13239974
2026-07-09T07:03:31.684932,2026-07-09T07:03:31.694080+00:00,119.3,41,ask,EarnestEspressos,CostlyCorianders,13239988
2026-07-09T07:03:32.299007,2026-07-09T07:03:32.309724+00:00,119.4,45,bid,CostlyCorianders,DiligentDonuts,13240001
2026-07-09T07:03:32.781303,2026-07-09T07:03:32.789668+00:00,119.4,5,bid,CostlyCorianders,DiligentDonuts,13240017
2026-07-09T07:03:32.942915,2026-07-09T07:03:32.950355+00:00,119.8,50,bid,FlawlessFlatbreads,EarnestEspressos,13240022
2026-07-09T07:03:33.410950,2026-07-09T07:03:33.421568+00:00,119.4,11,ask,DiligentDonuts,Xuanyu Liu,13240030
2026-07-09T07:03:33.983274,2026-07-09T07:03:33.990327+00:00,119.4,41,ask,DiligentDonuts,CostlyCorianders,13240042
2026-07-09T07:03:35.051110,2026-07-09T07:03:35.057606+00:00,119.8,50,bid,FlawlessFlatbreads,EarnestEspressos,13240067
2026-07-09T07:03:35.947907,2026-07-09T07:03:35.959345+00:00,119.6,12,ask,EarnestEspressos,Xuanyu Liu,13240078
2026-07-09T07:03:36.473737,2026-07-09T07:03:36.483086+00:00,119.6,100,ask,EarnestEspressos,DiligentDonuts,13240086
2026-07-09T07:03:36.737630,2026-07-09T07:03:36.748754+00:00,119.6,11,ask,EarnestEspressos,Xuanyu Liu,13240088
2026-07-09T07:03:37.211080,2026-07-09T07:03:37.222741+00:00,119.6,27,ask,EarnestEspressos,FlawlessFlatbreads,13240097
2026-07-09T07:03:39.167259,2026-07-09T07:03:39.220397+00:00,119.4,11,bid,Xuanyu Liu,EarnestEspressos,13240126
2026-07-09T07:03:39.267810,2026-07-09T07:03:39.277779+00:00,119.4,50,bid,FlawlessFlatbreads,EarnestEspressos,13240130
2026-07-09T07:03:39.740647,2026-07-09T07:03:39.758604+00:00,119.4,43,bid,CostlyCorianders,EarnestEspressos,13240136
2026-07-09T07:03:40.703737,2026-07-09T07:03:40.715571+00:00,119.4,43,bid,CostlyCorianders,EarnestEspressos,13240159
2026-07-09T07:03:41.374676,2026-07-09T07:03:41.382438+00:00,119.4,3,bid,FlawlessFlatbreads,EarnestEspressos,13240167
2026-07-09T07:03:41.374676,2026-07-09T07:03:41.387591+00:00,119.8,47,bid,FlawlessFlatbreads,DiligentDonuts,13240168
2026-07-09T07:03:43.483133,2026-07-09T07:03:43.494789+00:00,120.0,50,bid,FlawlessFlatbreads,EarnestEspressos,13240206
2026-07-09T07:03:44.236960,2026-07-09T07:03:44.249261+00:00,119.5,48,ask,EarnestEspressos,CostlyCorianders,13240225
2026-07-09T07:03:45.588854,2026-07-09T07:03:45.600967+00:00,120.0,50,bid,FlawlessFlatbreads,DiligentDonuts,13240245
2026-07-09T07:03:45.934080,2026-07-09T07:03:45.944914+00:00,119.7,11,ask,DiligentDonuts,Xuanyu Liu,13240247
2026-07-09T07:03:46.493619,2026-07-09T07:03:46.510363+00:00,119.7,47,ask,DiligentDonuts,CostlyCorianders,13240259
2026-07-09T07:03:47.698582,2026-07-09T07:03:47.705715+00:00,120.1,50,bid,FlawlessFlatbreads,EarnestEspressos,13240277
2026-07-09T07:03:48.018312,2026-07-09T07:03:48.026770+00:00,119.7,40,ask,DiligentDonuts,CostlyCorianders,13240288
2026-07-09T07:03:48.596855,2026-07-09T07:03:48.607961+00:00,119.9,3,ask,EarnestEspressos,Xuanyu Liu,13240294
2026-07-09T07:03:49.459004,2026-07-09T07:03:49.470944+00:00,120.0,48,bid,CostlyCorianders,DiligentDonuts,13240314
2026-07-09T07:03:49.861104,2026-07-09T07:03:49.872801+00:00,119.9,50,ask,EarnestEspressos,FlawlessFlatbreads,13240321
2026-07-09T07:03:49.940475,2026-07-09T07:03:49.952187+00:00,119.9,40,ask,EarnestEspressos,CostlyCorianders,13240322
2026-07-09T07:03:50.500587,2026-07-09T07:03:50.514321+00:00,120.0,3,bid,Xuanyu Liu,DiligentDonuts,13240339
2026-07-09T07:03:51.974441,2026-07-09T07:03:51.983222+00:00,119.9,50,ask,EarnestEspressos,FlawlessFlatbreads,13240367
2026-07-09T07:03:54.081540,2026-07-09T07:03:54.091311+00:00,119.9,50,ask,EarnestEspressos,FlawlessFlatbreads,13240388
2026-07-09T07:03:54.979980,2026-07-09T07:03:54.989802+00:00,119.9,100,ask,DiligentDonuts,EarnestEspressos,13240404
2026-07-09T07:03:56.220904,2026-07-09T07:03:56.232794+00:00,119.6,50,ask,DiligentDonuts,FlawlessFlatbreads,13240418
2026-07-09T07:04:00.383757,2026-07-09T07:04:00.391366+00:00,119.9,50,bid,FlawlessFlatbreads,DiligentDonuts,13240472
2026-07-09T07:04:01.055404,2026-07-09T07:04:01.058598+00:00,119.9,43,bid,CostlyCorianders,DiligentDonuts,13240484
2026-07-09T07:04:01.728272,2026-07-09T07:04:01.740842+00:00,120.1,43,bid,CostlyCorianders,EarnestEspressos,13240493
2026-07-09T07:04:04.616663,2026-07-09T07:04:04.628796+00:00,120.1,50,bid,FlawlessFlatbreads,DiligentDonuts,13240540
2026-07-09T07:04:06.297920,2026-07-09T07:04:06.309873+00:00,119.8,40,ask,EarnestEspressos,CostlyCorianders,13240566
2026-07-09T07:04:06.781897,2026-07-09T07:04:06.793801+00:00,119.8,50,ask,EarnestEspressos,FlawlessFlatbreads,13240572
2026-07-09T07:04:06.795952,2026-07-09T07:04:06.807642+00:00,120.3,43,bid,CostlyCorianders,EarnestEspressos,13240573
2026-07-09T07:04:10.156572,2026-07-09T07:04:10.165637+00:00,119.8,45,ask,DiligentDonuts,CostlyCorianders,13240623
2026-07-09T07:04:13.062980,2026-07-09T07:04:13.080260+00:00,120.1,50,bid,FlawlessFlatbreads,EarnestEspressos,13240669
2026-07-09T07:04:13.965698,2026-07-09T07:04:13.973987+00:00,120.1,49,ask,EarnestEspressos,CostlyCorianders,13240677
2026-07-09T07:04:14.522785,2026-07-09T07:04:14.534399+00:00,120.3,47,bid,CostlyCorianders,DiligentDonuts,13240682
2026-07-09T07:04:15.192643,2026-07-09T07:04:15.204695+00:00,120.3,50,bid,FlawlessFlatbreads,DiligentDonuts,13240690
2026-07-09T07:04:15.509554,2026-07-09T07:04:15.563346+00:00,120.1,3,ask,EarnestEspressos,Xuanyu Liu,13240699
2026-07-09T07:04:17.302716,2026-07-09T07:04:17.311366+00:00,120.3,3,bid,FlawlessFlatbreads,DiligentDonuts,13240723
2026-07-09T07:04:17.302716,2026-07-09T07:04:17.316832+00:00,120.3,47,bid,FlawlessFlatbreads,EarnestEspressos,13240724
2026-07-09T07:04:18.937720,2026-07-09T07:04:18.949076+00:00,120.3,45,bid,CostlyCorianders,EarnestEspressos,13240743
2026-07-09T07:04:19.434136,2026-07-09T07:04:19.443544+00:00,120.3,50,bid,FlawlessFlatbreads,EarnestEspressos,13240752
2026-07-09T07:04:21.542201,2026-07-09T07:04:21.552466+00:00,120.5,50,bid,FlawlessFlatbreads,DiligentDonuts,13240781
2026-07-09T07:04:23.656892,2026-07-09T07:04:23.669030+00:00,120.5,50,bid,FlawlessFlatbreads,DiligentDonuts,13240820
2026-07-09T07:04:25.851122,2026-07-09T07:04:25.855038+00:00,120.4,50,ask,EarnestEspressos,FlawlessFlatbreads,13240854
2026-07-09T07:04:25.888009,2026-07-09T07:04:25.899671+00:00,120.4,47,ask,EarnestEspressos,CostlyCorianders,13240856
2026-07-09T07:04:26.400947,2026-07-09T07:04:26.411290+00:00,120.4,40,ask,EarnestEspressos,CostlyCorianders,13240864
2026-07-09T07:04:26.664164,2026-07-09T07:04:26.676767+00:00,120.4,100,ask,DiligentDonuts,EarnestEspressos,13240866
2026-07-09T07:04:27.467271,2026-07-09T07:04:27.475098+00:00,120.4,48,bid,CostlyCorianders,EarnestEspressos,13240881
2026-07-09T07:04:27.906660,2026-07-09T07:04:27.918677+00:00,120.4,2,bid,FlawlessFlatbreads,EarnestEspressos,13240886
2026-07-09T07:04:27.906660,2026-07-09T07:04:27.918677+00:00,120.7,48,bid,FlawlessFlatbreads,DiligentDonuts,13240887
2026-07-09T07:04:29.788046,2026-07-09T07:04:29.797703+00:00,120.5,3,ask,EarnestEspressos,Xuanyu Liu,13240920
2026-07-09T07:04:29.796600,2026-07-09T07:04:29.812941+00:00,120.5,20,ask,EarnestEspressos,Heero Sipayung,13240922
2026-07-09T07:04:29.828069,2026-07-09T07:04:29.840136+00:00,120.5,20,ask,EarnestEspressos,Heero Sipayung,13240924
2026-07-09T07:04:29.871458,2026-07-09T07:04:29.883106+00:00,120.5,20,ask,EarnestEspressos,Heero Sipayung,13240926
2026-07-09T07:04:29.900190,2026-07-09T07:04:29.909231+00:00,120.5,20,ask,EarnestEspressos,Heero Sipayung,13240928
2026-07-09T07:04:29.921890,2026-07-09T07:04:29.933631+00:00,120.5,20,ask,EarnestEspressos,Heero Sipayung,13240930
2026-07-09T07:04:29.962692,2026-07-09T07:04:29.974508+00:00,120.5,20,ask,EarnestEspressos,Heero Sipayung,13240932
2026-07-09T07:04:29.984320,2026-07-09T07:04:29.995965+00:00,120.5,20,ask,EarnestEspressos,Heero Sipayung,13240934
2026-07-09T07:04:30.007896,2026-07-09T07:04:30.018491+00:00,120.5,7,ask,EarnestEspressos,Heero Sipayung,13240936
2026-07-09T07:04:30.017443,2026-07-09T07:04:30.028930+00:00,120.7,50,bid,FlawlessFlatbreads,DiligentDonuts,13240938
2026-07-09T07:04:32.992167,2026-07-09T07:04:33.001877+00:00,120.4,100,ask,DiligentDonuts,EarnestEspressos,13240982
2026-07-09T07:04:33.207235,2026-07-09T07:04:33.219523+00:00,119.9,42,ask,EarnestEspressos,CostlyCorianders,13240985
2026-07-09T07:04:33.679666,2026-07-09T07:04:33.686546+00:00,120.1,45,ask,DiligentDonuts,CostlyCorianders,13240991
2026-07-09T07:04:34.857700,2026-07-09T07:04:34.869399+00:00,120.4,49,bid,CostlyCorianders,EarnestEspressos,13241011
2026-07-09T07:04:36.392475,2026-07-09T07:04:36.404698+00:00,120.3,50,ask,EarnestEspressos,FlawlessFlatbreads,13241037
2026-07-09T07:04:36.493954,2026-07-09T07:04:36.505826+00:00,120.3,42,ask,EarnestEspressos,CostlyCorianders,13241045
2026-07-09T07:04:37.486967,2026-07-09T07:04:37.495116+00:00,120.5,49,bid,CostlyCorianders,DiligentDonuts,13241057
2026-07-09T07:04:37.993091,2026-07-09T07:04:38.012570+00:00,120.5,3,bid,Xuanyu Liu,DiligentDonuts,13241068
2026-07-09T07:04:38.449944,2026-07-09T07:04:38.462388+00:00,120.5,48,bid,FlawlessFlatbreads,DiligentDonuts,13241074
2026-07-09T07:04:38.449944,2026-07-09T07:04:38.462388+00:00,120.8,2,bid,FlawlessFlatbreads,EarnestEspressos,13241075
2026-07-09T07:04:38.468526,2026-07-09T07:04:38.480599+00:00,120.8,44,bid,CostlyCorianders,EarnestEspressos,13241076
2026-07-09T07:04:38.958133,2026-07-09T07:04:38.969659+00:00,120.8,40,bid,CostlyCorianders,EarnestEspressos,13241082
2026-07-09T07:04:39.829399,2026-07-09T07:04:39.840414+00:00,120.8,3,ask,EarnestEspressos,Xuanyu Liu,13241093
2026-07-09T07:04:39.862489,2026-07-09T07:04:39.874605+00:00,120.8,20,ask,EarnestEspressos,Heero Sipayung,13241095
2026-07-09T07:04:39.887523,2026-07-09T07:04:39.899716+00:00,120.8,20,ask,EarnestEspressos,Heero Sipayung,13241097
2026-07-09T07:04:39.911765,2026-07-09T07:04:39.923999+00:00,120.8,13,ask,EarnestEspressos,Heero Sipayung,13241099
2026-07-09T07:04:40.568974,2026-07-09T07:04:40.579250+00:00,121.3,50,bid,FlawlessFlatbreads,EarnestEspressos,13241105
2026-07-09T07:04:42.727073,2026-07-09T07:04:42.735362+00:00,120.8,50,ask,DiligentDonuts,FlawlessFlatbreads,13241139
2026-07-09T07:04:43.589132,2026-07-09T07:04:43.600993+00:00,120.7,43,ask,EarnestEspressos,CostlyCorianders,13241155
2026-07-09T07:04:44.834347,2026-07-09T07:04:44.843080+00:00,120.7,50,ask,EarnestEspressos,FlawlessFlatbreads,13241172
2026-07-09T07:04:45.041719,2026-07-09T07:04:45.053677+00:00,120.7,43,ask,EarnestEspressos,CostlyCorianders,13241174
2026-07-09T07:04:45.652375,2026-07-09T07:04:45.679672+00:00,120.6,100,ask,DiligentDonuts,EarnestEspressos,13241182
2026-07-09T07:04:45.667747,2026-07-09T07:04:45.679672+00:00,120.5,3,bid,Xuanyu Liu,EarnestEspressos,13241183
2026-07-09T07:04:45.689006,2026-07-09T07:04:45.700502+00:00,120.5,20,bid,Heero Sipayung,EarnestEspressos,13241186
2026-07-09T07:04:45.740610,2026-07-09T07:04:45.752644+00:00,120.5,20,bid,Heero Sipayung,EarnestEspressos,13241189
2026-07-09T07:04:45.763152,2026-07-09T07:04:45.778958+00:00,120.5,7,bid,Heero Sipayung,EarnestEspressos,13241191
2026-07-09T07:04:47.010066,2026-07-09T07:04:47.020976+00:00,120.7,20,bid,Heero Sipayung,DiligentDonuts,13241220
2026-07-09T07:04:47.094048,2026-07-09T07:04:47.100773+00:00,120.7,20,bid,Heero Sipayung,DiligentDonuts,13241223
2026-07-09T07:04:47.178170,2026-07-09T07:04:47.185086+00:00,120.7,20,bid,Heero Sipayung,DiligentDonuts,13241229
2026-07-09T07:04:47.214063,2026-07-09T07:04:47.224292+00:00,120.7,20,bid,Heero Sipayung,DiligentDonuts,13241234
2026-07-09T07:04:47.270068,2026-07-09T07:04:47.280695+00:00,120.7,20,bid,Heero Sipayung,DiligentDonuts,13241236
2026-07-09T07:04:49.043002,2026-07-09T07:04:49.054898+00:00,120.7,50,ask,EarnestEspressos,FlawlessFlatbreads,13241263
2026-07-09T07:04:51.157126,2026-07-09T07:04:51.164171+00:00,120.7,50,ask,EarnestEspressos,FlawlessFlatbreads,13241293
2026-07-09T07:04:52.842162,2026-07-09T07:04:52.854143+00:00,120.3,43,ask,DiligentDonuts,CostlyCorianders,13241318
2026-07-09T07:04:53.213608,2026-07-09T07:04:53.225404+00:00,120.7,50,bid,FlawlessFlatbreads,EarnestEspressos,13241328
2026-07-09T07:04:54.931127,2026-07-09T07:04:54.942468+00:00,120.7,44,bid,CostlyCorianders,EarnestEspressos,13241357
2026-07-09T07:04:55.323287,2026-07-09T07:04:55.332528+00:00,120.8,50,bid,FlawlessFlatbreads,DiligentDonuts,13241374
2026-07-09T07:04:57.429273,2026-07-09T07:04:57.441111+00:00,120.9,50,bid,FlawlessFlatbreads,DiligentDonuts,13241403
2026-07-09T07:04:57.583345,2026-07-09T07:04:57.593921+00:00,120.9,49,bid,CostlyCorianders,DiligentDonuts,13241409
2026-07-09T07:04:58.781639,2026-07-09T07:04:58.792950+00:00,120.6,3,ask,DiligentDonuts,Xuanyu Liu,13241425
2026-07-09T07:04:58.811286,2026-07-09T07:04:58.818986+00:00,120.6,20,ask,DiligentDonuts,Heero Sipayung,13241430
2026-07-09T07:04:59.187620,2026-07-09T07:04:59.203700+00:00,120.6,41,ask,DiligentDonuts,CostlyCorianders,13241443
2026-07-09T07:04:59.537416,2026-07-09T07:04:59.550028+00:00,120.9,50,bid,FlawlessFlatbreads,EarnestEspressos,13241448
2026-07-09T07:05:00.149678,2026-07-09T07:05:00.163651+00:00,120.6,36,ask,DiligentDonuts,CostlyCorianders,13241463
2026-07-09T07:05:00.149678,2026-07-09T07:05:00.163651+00:00,120.4,10,ask,EarnestEspressos,CostlyCorianders,13241464
2026-07-09T07:05:03.822664,2026-07-09T07:05:03.834721+00:00,120.6,50,ask,EarnestEspressos,FlawlessFlatbreads,13241514
2026-07-09T07:05:05.878965,2026-07-09T07:05:05.885778+00:00,120.9,50,bid,FlawlessFlatbreads,EarnestEspressos,13241550
2026-07-09T07:05:07.870531,2026-07-09T07:05:07.879245+00:00,120.9,41,bid,CostlyCorianders,DiligentDonuts,13241582
2026-07-09T07:05:07.987312,2026-07-09T07:05:07.999290+00:00,120.9,50,bid,FlawlessFlatbreads,DiligentDonuts,13241583
2026-07-09T07:05:08.042518,2026-07-09T07:05:08.058682+00:00,120.5,20,ask,EarnestEspressos,Heero Sipayung,13241587
2026-07-09T07:05:08.065180,2026-07-09T07:05:08.076841+00:00,120.5,20,ask,EarnestEspressos,Heero Sipayung,13241589
2026-07-09T07:05:08.087139,2026-07-09T07:05:08.098889+00:00,120.5,20,ask,EarnestEspressos,Heero Sipayung,13241591
2026-07-09T07:05:08.120496,2026-07-09T07:05:08.137216+00:00,120.5,20,ask,EarnestEspressos,Heero Sipayung,13241593
2026-07-09T07:05:08.154081,2026-07-09T07:05:08.166110+00:00,120.5,20,ask,EarnestEspressos,Heero Sipayung,13241595
2026-07-09T07:05:08.197461,2026-07-09T07:05:08.210170+00:00,120.5,20,ask,EarnestEspressos,Heero Sipayung,13241597
2026-07-09T07:05:08.268567,2026-07-09T07:05:08.279765+00:00,120.5,7,ask,EarnestEspressos,Heero Sipayung,13241599
2026-07-09T07:05:09.250056,2026-07-09T07:05:09.258535+00:00,120.5,23,ask,EarnestEspressos,CostlyCorianders,13241610
2026-07-09T07:05:09.250056,2026-07-09T07:05:09.258535+00:00,120.4,23,ask,DiligentDonuts,CostlyCorianders,13241611
2026-07-09T07:05:10.099196,2026-07-09T07:05:10.105831+00:00,120.9,50,bid,FlawlessFlatbreads,DiligentDonuts,13241629
2026-07-09T07:05:11.011014,2026-07-09T07:05:11.018328+00:00,120.4,77,ask,DiligentDonuts,EarnestEspressos,13241639
2026-07-09T07:05:11.024585,2026-07-09T07:05:11.036374+00:00,120.3,3,bid,Xuanyu Liu,EarnestEspressos,13241640
2026-07-09T07:05:11.426607,2026-07-09T07:05:11.438841+00:00,120.3,70,bid,DiligentDonuts,EarnestEspressos,13241650
2026-07-09T07:05:12.207024,2026-07-09T07:05:12.216642+00:00,120.8,50,bid,FlawlessFlatbreads,DiligentDonuts,13241660
2026-07-09T07:05:13.323498,2026-07-09T07:05:13.335506+00:00,120.8,47,bid,CostlyCorianders,DiligentDonuts,13241669
2026-07-09T07:05:14.313863,2026-07-09T07:05:14.325171+00:00,120.8,3,bid,FlawlessFlatbreads,DiligentDonuts,13241685
2026-07-09T07:05:14.313863,2026-07-09T07:05:14.325171+00:00,120.8,47,bid,FlawlessFlatbreads,EarnestEspressos,13241686
2026-07-09T07:05:15.033786,2026-07-09T07:05:15.042101+00:00,120.7,40,bid,CostlyCorianders,DiligentDonuts,13241703
2026-07-09T07:05:16.421970,2026-07-09T07:05:16.429534+00:00,120.7,50,bid,FlawlessFlatbreads,DiligentDonuts,13241726
2026-07-09T07:05:17.283359,2026-07-09T07:05:17.293980+00:00,120.7,10,bid,EarnestEspressos,DiligentDonuts,13241736
2026-07-09T07:05:17.371601,2026-07-09T07:05:17.382480+00:00,120.7,14,ask,EarnestEspressos,Xuanyu Liu,13241738
2026-07-09T07:05:17.470611,2026-07-09T07:05:17.478601+00:00,120.7,44,ask,EarnestEspressos,CostlyCorianders,13241741
2026-07-09T07:05:17.777730,2026-07-09T07:05:17.789722+00:00,120.7,4,ask,EarnestEspressos,Aaron Tian,13241744
2026-07-09T07:05:18.569021,2026-07-09T07:05:18.579347+00:00,120.7,4,ask,EarnestEspressos,Aaron Tian,13241764
2026-07-09T07:05:18.611389,2026-07-09T07:05:18.625081+00:00,120.7,12,ask,EarnestEspressos,Xuanyu Liu,13241765
2026-07-09T07:05:19.392150,2026-07-09T07:05:19.400934+00:00,120.7,4,ask,EarnestEspressos,Aaron Tian,13241774
2026-07-09T07:05:19.481239,2026-07-09T07:05:19.489532+00:00,120.7,49,ask,EarnestEspressos,CostlyCorianders,13241775
2026-07-09T07:05:20.186212,2026-07-09T07:05:20.198575+00:00,120.7,4,ask,EarnestEspressos,Aaron Tian,13241785
2026-07-09T07:05:20.521209,2026-07-09T07:05:20.530454+00:00,120.7,100,ask,DiligentDonuts,EarnestEspressos,13241793
2026-07-09T07:05:20.715670,2026-07-09T07:05:20.727784+00:00,120.0,50,ask,EarnestEspressos,FlawlessFlatbreads,13241794
2026-07-09T07:05:21.198414,2026-07-09T07:05:21.207421+00:00,120.5,23,bid,Xuanyu Liu,EarnestEspressos,13241802
2026-07-09T07:05:22.839188,2026-07-09T07:05:22.847260+00:00,120.3,50,ask,DiligentDonuts,FlawlessFlatbreads,13241825
2026-07-09T07:05:25.991370,2026-07-09T07:05:26.003673+00:00,120.8,46,bid,CostlyCorianders,DiligentDonuts,13241867
2026-07-09T07:05:27.081421,2026-07-09T07:05:27.093489+00:00,120.4,50,ask,EarnestEspressos,FlawlessFlatbreads,13241878
2026-07-09T07:05:27.907282,2026-07-09T07:05:27.923413+00:00,120.4,45,ask,EarnestEspressos,CostlyCorianders,13241893
2026-07-09T07:05:29.139614,2026-07-09T07:05:29.151595+00:00,120.9,50,bid,FlawlessFlatbreads,EarnestEspressos,13241905
2026-07-09T07:05:31.343891,2026-07-09T07:05:31.356104+00:00,120.5,50,ask,DiligentDonuts,FlawlessFlatbreads,13241956
2026-07-09T07:05:32.496431,2026-07-09T07:05:32.506138+00:00,120.7,48,bid,CostlyCorianders,EarnestEspressos,13241972
2026-07-09T07:05:33.093937,2026-07-09T07:05:33.122262+00:00,120.5,11,ask,DiligentDonuts,Xuanyu Liu,13241981
2026-07-09T07:05:33.451931,2026-07-09T07:05:33.463685+00:00,120.5,39,ask,DiligentDonuts,FlawlessFlatbreads,13241997
2026-07-09T07:05:33.451931,2026-07-09T07:05:33.463685+00:00,120.2,11,ask,EarnestEspressos,FlawlessFlatbreads,13241998
2026-07-09T07:05:34.765873,2026-07-09T07:05:34.773864+00:00,120.2,48,ask,EarnestEspressos,CostlyCorianders,13242017
2026-07-09T07:05:35.590497,2026-07-09T07:05:35.602408+00:00,120.2,50,ask,EarnestEspressos,FlawlessFlatbreads,13242035
2026-07-09T07:05:35.682958,2026-07-09T07:05:35.694714+00:00,120.5,11,bid,Xuanyu Liu,DiligentDonuts,13242040
2026-07-09T07:05:37.001547,2026-07-09T07:05:37.011712+00:00,120.5,3,bid,Xuanyu Liu,EarnestEspressos,13242064
2026-07-09T07:05:37.473612,2026-07-09T07:05:37.485716+00:00,120.5,40,bid,CostlyCorianders,EarnestEspressos,13242075
2026-07-09T07:05:37.697742,2026-07-09T07:05:37.709709+00:00,120.2,50,ask,DiligentDonuts,FlawlessFlatbreads,13242078
2026-07-09T07:05:39.289962,2026-07-09T07:05:39.302285+00:00,120.5,48,bid,CostlyCorianders,EarnestEspressos,13242099
2026-07-09T07:05:39.807263,2026-07-09T07:05:39.817975+00:00,120.5,50,ask,EarnestEspressos,FlawlessFlatbreads,13242103
2026-07-09T07:05:39.975925,2026-07-09T07:05:39.986222+00:00,120.5,100,ask,EarnestEspressos,DiligentDonuts,13242106
2026-07-09T07:05:40.311794,2026-07-09T07:05:40.323699+00:00,120.0,45,ask,DiligentDonuts,CostlyCorianders,13242110
2026-07-09T07:05:41.914239,2026-07-09T07:05:41.926503+00:00,120.0,50,ask,DiligentDonuts,FlawlessFlatbreads,13242140
2026-07-09T07:05:42.742834,2026-07-09T07:05:42.752394+00:00,120.3,20,bid,Heero Sipayung,EarnestEspressos,13242153
2026-07-09T07:05:42.804263,2026-07-09T07:05:42.812946+00:00,120.3,20,bid,Heero Sipayung,EarnestEspressos,13242156
2026-07-09T07:05:43.931661,2026-07-09T07:05:43.964121+00:00,120.3,41,bid,CostlyCorianders,EarnestEspressos,13242172
2026-07-09T07:05:44.965559,2026-07-09T07:05:44.975972+00:00,120.3,20,bid,Heero Sipayung,EarnestEspressos,13242191
2026-07-09T07:05:45.002738,2026-07-09T07:05:45.009716+00:00,120.3,20,bid,Heero Sipayung,EarnestEspressos,13242193
2026-07-09T07:05:45.024817,2026-07-09T07:05:45.035555+00:00,120.3,20,bid,Heero Sipayung,EarnestEspressos,13242195
2026-07-09T07:05:45.079316,2026-07-09T07:05:45.090312+00:00,120.3,9,bid,Heero Sipayung,EarnestEspressos,13242200
2026-07-09T07:05:45.095212,2026-07-09T07:05:45.107221+00:00,120.5,11,bid,Heero Sipayung,DiligentDonuts,13242201
2026-07-09T07:05:45.600467,2026-07-09T07:05:45.612502+00:00,120.0,43,ask,DiligentDonuts,CostlyCorianders,13242206
2026-07-09T07:05:45.807708,2026-07-09T07:05:45.821094+00:00,120.5,89,bid,EarnestEspressos,DiligentDonuts,13242210
2026-07-09T07:05:46.154129,2026-07-09T07:05:46.165960+00:00,120.5,50,ask,EarnestEspressos,FlawlessFlatbreads,13242219
2026-07-09T07:05:46.782613,2026-07-09T07:05:46.789999+00:00,120.8,43,bid,CostlyCorianders,DiligentDonuts,13242234
2026-07-09T07:05:47.817332,2026-07-09T07:05:47.829007+00:00,120.5,11,ask,EarnestEspressos,CostlyCorianders,13242249
2026-07-09T07:05:47.817332,2026-07-09T07:05:47.829007+00:00,120.3,29,ask,DiligentDonuts,CostlyCorianders,13242250
2026-07-09T07:05:48.416995,2026-07-09T07:05:48.428747+00:00,120.3,45,ask,DiligentDonuts,CostlyCorianders,13242253
2026-07-09T07:05:49.028763,2026-07-09T07:05:49.040140+00:00,120.3,26,ask,DiligentDonuts,EarnestEspressos,13242269
2026-07-09T07:05:49.061903,2026-07-09T07:05:49.072283+00:00,120.2,20,bid,Heero Sipayung,EarnestEspressos,13242271
2026-07-09T07:05:49.102272,2026-07-09T07:05:49.113681+00:00,120.2,20,bid,Heero Sipayung,EarnestEspressos,13242274
2026-07-09T07:05:49.124470,2026-07-09T07:05:49.134783+00:00,120.2,20,bid,Heero Sipayung,EarnestEspressos,13242276
2026-07-09T07:05:49.148428,2026-07-09T07:05:49.158604+00:00,120.2,20,bid,Heero Sipayung,EarnestEspressos,13242278
2026-07-09T07:05:49.683593,2026-07-09T07:05:49.694678+00:00,120.2,4,bid,Aaron Tian,EarnestEspressos,13242280
2026-07-09T07:05:50.196819,2026-07-09T07:05:50.206587+00:00,120.2,3,bid,Xuanyu Liu,EarnestEspressos,13242288
2026-07-09T07:05:50.479130,2026-07-09T07:05:50.491167+00:00,120.2,4,bid,Aaron Tian,EarnestEspressos,13242300
2026-07-09T07:05:51.277109,2026-07-09T07:05:51.285937+00:00,120.2,4,bid,Aaron Tian,EarnestEspressos,13242307
2026-07-09T07:05:52.820484,2026-07-09T07:05:52.829427+00:00,120.3,3,ask,EarnestEspressos,Xuanyu Liu,13242330
2026-07-09T07:05:53.132898,2026-07-09T07:05:53.143260+00:00,120.6,45,bid,CostlyCorianders,DiligentDonuts,13242336
2026-07-09T07:05:54.530123,2026-07-09T07:05:54.540145+00:00,120.6,50,bid,FlawlessFlatbreads,DiligentDonuts,13242355
2026-07-09T07:05:56.636422,2026-07-09T07:05:56.643543+00:00,120.8,50,bid,FlawlessFlatbreads,EarnestEspressos,13242388
2026-07-09T07:05:57.108978,2026-07-09T07:05:57.120763+00:00,120.5,40,ask,DiligentDonuts,CostlyCorianders,13242403
2026-07-09T07:05:57.758289,2026-07-09T07:05:57.769991+00:00,120.8,46,bid,CostlyCorianders,EarnestEspressos,13242406
2026-07-09T07:05:58.473970,2026-07-09T07:05:58.487297+00:00,120.7,20,ask,EarnestEspressos,Heero Sipayung,13242423
2026-07-09T07:05:58.477970,2026-07-09T07:05:58.487297+00:00,120.7,3,ask,EarnestEspressos,Xuanyu Liu,13242424
2026-07-09T07:05:58.552318,2026-07-09T07:05:58.564081+00:00,120.7,20,ask,EarnestEspressos,Heero Sipayung,13242427
2026-07-09T07:05:58.574860,2026-07-09T07:05:58.586644+00:00,120.7,20,ask,EarnestEspressos,Heero Sipayung,13242429
2026-07-09T07:05:58.608846,2026-07-09T07:05:58.620982+00:00,120.7,20,ask,EarnestEspressos,Heero Sipayung,13242432
2026-07-09T07:05:58.643082,2026-07-09T07:05:58.646923+00:00,120.7,20,ask,EarnestEspressos,Heero Sipayung,13242435
2026-07-09T07:05:58.667405,2026-07-09T07:05:58.679292+00:00,120.7,20,ask,EarnestEspressos,Heero Sipayung,13242437
2026-07-09T07:05:58.689717,2026-07-09T07:05:58.701438+00:00,120.7,20,ask,EarnestEspressos,Heero Sipayung,13242439
2026-07-09T07:05:58.722551,2026-07-09T07:05:58.734488+00:00,120.7,7,ask,EarnestEspressos,Heero Sipayung,13242441
2026-07-09T07:05:58.754451,2026-07-09T07:05:58.758586+00:00,120.5,13,ask,DiligentDonuts,Heero Sipayung,13242443
2026-07-09T07:05:58.787115,2026-07-09T07:05:58.799410+00:00,121.0,50,bid,FlawlessFlatbreads,DiligentDonuts,13242444
2026-07-09T07:06:00.002764,2026-07-09T07:06:00.013239+00:00,120.4,43,ask,DiligentDonuts,CostlyCorianders,13242458
2026-07-09T07:06:00.523480,2026-07-09T07:06:00.532953+00:00,120.9,49,bid,CostlyCorianders,DiligentDonuts,13242464
2026-07-09T07:06:00.898916,2026-07-09T07:06:00.908348+00:00,120.9,50,bid,FlawlessFlatbreads,DiligentDonuts,13242471
2026-07-09T07:06:02.077500,2026-07-09T07:06:02.089669+00:00,120.6,100,bid,DiligentDonuts,EarnestEspressos,13242493
2026-07-09T07:06:03.024078,2026-07-09T07:06:03.031693+00:00,120.6,50,bid,FlawlessFlatbreads,EarnestEspressos,13242513
2026-07-09T07:06:04.848555,2026-07-09T07:06:04.858547+00:00,120.8,20,ask,EarnestEspressos,Heero Sipayung,13242545
2026-07-09T07:06:04.882812,2026-07-09T07:06:04.890865+00:00,120.8,20,ask,EarnestEspressos,Heero Sipayung,13242547
2026-07-09T07:06:05.340905,2026-07-09T07:06:05.353256+00:00,120.9,48,bid,CostlyCorianders,DiligentDonuts,13242553
2026-07-09T07:06:05.988522,2026-07-09T07:06:05.997508+00:00,120.8,11,ask,EarnestEspressos,Xuanyu Liu,13242560
2026-07-09T07:06:06.433953,2026-07-09T07:06:06.443243+00:00,120.8,4,ask,EarnestEspressos,Aaron Tian,13242569
2026-07-09T07:06:07.246961,2026-07-09T07:06:07.253669+00:00,120.8,4,ask,EarnestEspressos,Aaron Tian,13242584
2026-07-09T07:06:07.295975,2026-07-09T07:06:07.307900+00:00,120.8,50,ask,EarnestEspressos,FlawlessFlatbreads,13242587
2026-07-09T07:06:07.377469,2026-07-09T07:06:07.389521+00:00,120.8,41,ask,EarnestEspressos,CostlyCorianders,13242589
2026-07-09T07:06:07.377469,2026-07-09T07:06:07.389521+00:00,120.4,1,ask,DiligentDonuts,CostlyCorianders,13242590
2026-07-09T07:06:08.607684,2026-07-09T07:06:08.617819+00:00,120.8,11,bid,Xuanyu Liu,EarnestEspressos,13242607
2026-07-09T07:06:08.897063,2026-07-09T07:06:08.904080+00:00,120.6,42,ask,DiligentDonuts,CostlyCorianders,13242613
2026-07-09T07:06:09.351336,2026-07-09T07:06:09.363686+00:00,120.8,50,bid,FlawlessFlatbreads,EarnestEspressos,13242617
2026-07-09T07:06:10.935476,2026-07-09T07:06:10.947551+00:00,120.8,40,bid,CostlyCorianders,EarnestEspressos,13242647
2026-07-09T07:06:11.492849,2026-07-09T07:06:11.503356+00:00,121.1,50,bid,FlawlessFlatbreads,DiligentDonuts,13242659
2026-07-09T07:06:12.883800,2026-07-09T07:06:12.886147+00:00,120.7,45,ask,EarnestEspressos,CostlyCorianders,13242683
2026-07-09T07:06:13.600684,2026-07-09T07:06:13.608007+00:00,121.2,50,bid,FlawlessFlatbreads,EarnestEspressos,13242692
2026-07-09T07:06:15.795444,2026-07-09T07:06:15.806178+00:00,120.8,50,ask,EarnestEspressos,FlawlessFlatbreads,13242730
2026-07-09T07:06:16.569012,2026-07-09T07:06:16.576851+00:00,121.2,45,bid,CostlyCorianders,DiligentDonuts,13242740
2026-07-09T07:06:17.028113,2026-07-09T07:06:17.040572+00:00,121.2,47,bid,CostlyCorianders,DiligentDonuts,13242751
2026-07-09T07:06:17.085633,2026-07-09T07:06:17.097796+00:00,120.8,44,ask,EarnestEspressos,CostlyCorianders,13242754
2026-07-09T07:06:17.852782,2026-07-09T07:06:17.864783+00:00,121.0,50,bid,FlawlessFlatbreads,EarnestEspressos,13242767
2026-07-09T07:06:18.632293,2026-07-09T07:06:18.644488+00:00,120.7,41,ask,DiligentDonuts,CostlyCorianders,13242776
2026-07-09T07:06:19.192535,2026-07-09T07:06:19.200516+00:00,121.0,41,bid,CostlyCorianders,EarnestEspressos,13242789
2026-07-09T07:06:21.129588,2026-07-09T07:06:21.141713+00:00,120.8,40,ask,DiligentDonuts,CostlyCorianders,13242820
2026-07-09T07:06:22.200633,2026-07-09T07:06:22.212593+00:00,121.2,44,bid,CostlyCorianders,EarnestEspressos,13242842
2026-07-09T07:06:24.428225,2026-07-09T07:06:24.437265+00:00,120.8,11,ask,EarnestEspressos,Xuanyu Liu,13242876
2026-07-09T07:06:24.992307,2026-07-09T07:06:25.004196+00:00,120.8,4,ask,EarnestEspressos,Aaron Tian,13242883
2026-07-09T07:06:25.370570,2026-07-09T07:06:25.382530+00:00,120.8,46,ask,EarnestEspressos,CostlyCorianders,13242884
2026-07-09T07:06:26.395525,2026-07-09T07:06:26.407121+00:00,120.8,50,ask,EarnestEspressos,FlawlessFlatbreads,13242907
2026-07-09T07:06:26.514051,2026-07-09T07:06:26.523273+00:00,121.2,48,bid,CostlyCorianders,DiligentDonuts,13242908
2026-07-09T07:06:26.572142,2026-07-09T07:06:26.583555+00:00,120.8,4,ask,EarnestEspressos,Aaron Tian,13242909
2026-07-09T07:06:28.082063,2026-07-09T07:06:28.094342+00:00,120.6,43,ask,DiligentDonuts,CostlyCorianders,13242932
2026-07-09T07:06:30.637859,2026-07-09T07:06:30.648036+00:00,120.6,50,ask,DiligentDonuts,FlawlessFlatbreads,13242961
2026-07-09T07:06:30.638117,2026-07-09T07:06:30.653203+00:00,120.8,46,bid,CostlyCorianders,EarnestEspressos,13242962
2026-07-09T07:06:31.845627,2026-07-09T07:06:31.853967+00:00,120.6,46,ask,DiligentDonuts,CostlyCorianders,13242981
2026-07-09T07:06:32.298362,2026-07-09T07:06:32.308013+00:00,120.8,11,bid,Xuanyu Liu,EarnestEspressos,13242994
2026-07-09T07:06:33.747933,2026-07-09T07:06:33.758799+00:00,121.2,46,bid,CostlyCorianders,EarnestEspressos,13243006
2026-07-09T07:06:34.865431,2026-07-09T07:06:34.882457+00:00,120.7,50,ask,EarnestEspressos,FlawlessFlatbreads,13243022
2026-07-09T07:06:36.090098,2026-07-09T07:06:36.100906+00:00,120.9,40,bid,CostlyCorianders,DiligentDonuts,13243042
2026-07-09T07:06:36.144835,2026-07-09T07:06:36.153516+00:00,120.7,45,ask,EarnestEspressos,CostlyCorianders,13243044
2026-07-09T07:06:36.921632,2026-07-09T07:06:36.933534+00:00,120.9,50,bid,FlawlessFlatbreads,EarnestEspressos,13243055
2026-07-09T07:06:37.299191,2026-07-09T07:06:37.311604+00:00,120.4,45,ask,EarnestEspressos,CostlyCorianders,13243057
2026-07-09T07:06:38.903867,2026-07-09T07:06:38.915248+00:00,120.4,42,ask,EarnestEspressos,CostlyCorianders,13243091
2026-07-09T07:06:39.037950,2026-07-09T07:06:39.058768+00:00,120.9,50,bid,FlawlessFlatbreads,EarnestEspressos,13243100
2026-07-09T07:06:39.413905,2026-07-09T07:06:39.422637+00:00,120.9,47,bid,CostlyCorianders,EarnestEspressos,13243105
2026-07-09T07:06:40.501814,2026-07-09T07:06:40.511605+00:00,120.7,48,bid,CostlyCorianders,DiligentDonuts,13243125
2026-07-09T07:06:41.009038,2026-07-09T07:06:41.020709+00:00,120.4,49,ask,EarnestEspressos,CostlyCorianders,13243128
2026-07-09T07:06:41.208141,2026-07-09T07:06:41.220317+00:00,120.4,50,ask,EarnestEspressos,FlawlessFlatbreads,13243129
2026-07-09T07:06:42.187222,2026-07-09T07:06:42.199585+00:00,120.7,46,bid,CostlyCorianders,DiligentDonuts,13243140
2026-07-09T07:06:42.747422,2026-07-09T07:06:42.756115+00:00,120.2,44,ask,DiligentDonuts,CostlyCorianders,13243144
2026-07-09T07:06:43.262278,2026-07-09T07:06:43.274694+00:00,120.4,100,bid,DiligentDonuts,EarnestEspressos,13243153
2026-07-09T07:06:43.354646,2026-07-09T07:06:43.374094+00:00,119.9,50,ask,EarnestEspressos,FlawlessFlatbreads,13243156
2026-07-09T07:06:45.470592,2026-07-09T07:06:45.482695+00:00,119.9,50,ask,EarnestEspressos,FlawlessFlatbreads,13243195
2026-07-09T07:06:47.412205,2026-07-09T07:06:47.424090+00:00,120.4,48,bid,CostlyCorianders,EarnestEspressos,13243225
2026-07-09T07:06:47.579304,2026-07-09T07:06:47.589847+00:00,120.1,50,ask,DiligentDonuts,FlawlessFlatbreads,13243227
2026-07-09T07:06:48.910415,2026-07-09T07:06:48.922040+00:00,120.1,45,ask,DiligentDonuts,CostlyCorianders,13243245
2026-07-09T07:06:49.690921,2026-07-09T07:06:49.710586+00:00,120.0,50,ask,EarnestEspressos,FlawlessFlatbreads,13243258
2026-07-09T07:06:49.700963,2026-07-09T07:06:49.710586+00:00,120.2,3,bid,Xuanyu Liu,DiligentDonuts,13243259
2026-07-09T07:06:51.820026,2026-07-09T07:06:51.833984+00:00,120.0,50,ask,EarnestEspressos,FlawlessFlatbreads,13243290
2026-07-09T07:06:52.248820,2026-07-09T07:06:52.256004+00:00,120.2,41,bid,CostlyCorianders,DiligentDonuts,13243306
2026-07-09T07:06:52.883818,2026-07-09T07:06:52.893384+00:00,120.1,40,bid,CostlyCorianders,EarnestEspressos,13243313
2026-07-09T07:06:52.939605,2026-07-09T07:06:52.951506+00:00,119.7,44,ask,DiligentDonuts,CostlyCorianders,13243314
2026-07-09T07:06:53.154135,2026-07-09T07:06:53.163615+00:00,120.1,20,bid,Heero Sipayung,EarnestEspressos,13243318
2026-07-09T07:06:53.187513,2026-07-09T07:06:53.194917+00:00,120.1,20,bid,Heero Sipayung,EarnestEspressos,13243320
2026-07-09T07:06:53.242643,2026-07-09T07:06:53.249990+00:00,120.1,20,bid,Heero Sipayung,EarnestEspressos,13243322
2026-07-09T07:06:53.278516,2026-07-09T07:06:53.286936+00:00,120.1,20,bid,Heero Sipayung,EarnestEspressos,13243324
2026-07-09T07:06:53.312990,2026-07-09T07:06:53.323178+00:00,120.1,20,bid,Heero Sipayung,EarnestEspressos,13243331
2026-07-09T07:06:53.927133,2026-07-09T07:06:53.937202+00:00,119.7,50,ask,DiligentDonuts,FlawlessFlatbreads,13243340
2026-07-09T07:06:55.481555,2026-07-09T07:06:55.493233+00:00,120.0,49,ask,EarnestEspressos,CostlyCorianders,13243360
2026-07-09T07:06:55.963268,2026-07-09T07:06:55.975434+00:00,120.5,48,bid,CostlyCorianders,EarnestEspressos,13243372
2026-07-09T07:06:56.027654,2026-07-09T07:06:56.038113+00:00,120.0,100,ask,EarnestEspressos,DiligentDonuts,13243373
2026-07-09T07:06:56.064738,2026-07-09T07:06:56.075309+00:00,120.0,1,ask,EarnestEspressos,FlawlessFlatbreads,13243374
2026-07-09T07:06:56.064738,2026-07-09T07:06:56.075309+00:00,119.3,49,ask,DiligentDonuts,FlawlessFlatbreads,13243375
2026-07-09T07:06:58.737218,2026-07-09T07:06:58.747449+00:00,120.1,42,bid,CostlyCorianders,EarnestEspressos,13243408
2026-07-09T07:07:00.225597,2026-07-09T07:07:00.237881+00:00,120.0,50,bid,FlawlessFlatbreads,DiligentDonuts,13243435
2026-07-09T07:07:01.291171,2026-07-09T07:07:01.300553+00:00,120.0,20,bid,Heero Sipayung,DiligentDonuts,13243445
2026-07-09T07:07:01.343857,2026-07-09T07:07:01.355948+00:00,120.0,20,bid,Heero Sipayung,DiligentDonuts,13243447
2026-07-09T07:07:01.370587,2026-07-09T07:07:01.378632+00:00,120.0,10,bid,Heero Sipayung,DiligentDonuts,13243449
2026-07-09T07:07:01.402538,2026-07-09T07:07:01.410131+00:00,120.1,10,bid,Heero Sipayung,EarnestEspressos,13243451
2026-07-09T07:07:01.797692,2026-07-09T07:07:01.810021+00:00,119.9,44,ask,EarnestEspressos,CostlyCorianders,13243458
2026-07-09T07:07:02.368062,2026-07-09T07:07:02.376368+00:00,120.4,50,bid,FlawlessFlatbreads,EarnestEspressos,13243462
2026-07-09T07:07:06.596008,2026-07-09T07:07:06.603166+00:00,120.1,50,bid,FlawlessFlatbreads,DiligentDonuts,13243523
2026-07-09T07:07:08.043600,2026-07-09T07:07:08.052946+00:00,120.1,47,bid,CostlyCorianders,DiligentDonuts,13243541
2026-07-09T07:07:10.892741,2026-07-09T07:07:10.904314+00:00,120.1,50,ask,DiligentDonuts,FlawlessFlatbreads,13243576
2026-07-09T07:07:11.250424,2026-07-09T07:07:11.258554+00:00,120.1,40,ask,DiligentDonuts,CostlyCorianders,13243579
2026-07-09T07:07:13.049865,2026-07-09T07:07:13.056102+00:00,119.8,50,ask,EarnestEspressos,FlawlessFlatbreads,13243604
2026-07-09T07:07:15.160473,2026-07-09T07:07:15.169346+00:00,119.6,50,ask,DiligentDonuts,FlawlessFlatbreads,13243643
2026-07-09T07:07:17.267359,2026-07-09T07:07:17.274095+00:00,119.6,50,ask,DiligentDonuts,FlawlessFlatbreads,13243679
2026-07-09T07:07:17.548703,2026-07-09T07:07:17.555851+00:00,120.1,42,bid,CostlyCorianders,DiligentDonuts,13243680
2026-07-09T07:07:20.907995,2026-07-09T07:07:20.914564+00:00,119.7,20,bid,Heero Sipayung,EarnestEspressos,13243736
2026-07-09T07:07:20.998357,2026-07-09T07:07:21.010288+00:00,119.7,44,bid,CostlyCorianders,EarnestEspressos,13243741
2026-07-09T07:07:21.073933,2026-07-09T07:07:21.083939+00:00,119.7,20,bid,Heero Sipayung,EarnestEspressos,13243743
2026-07-09T07:07:21.499033,2026-07-09T07:07:21.509061+00:00,119.5,50,ask,DiligentDonuts,FlawlessFlatbreads,13243755
2026-07-09T07:07:23.610066,2026-07-09T07:07:23.620829+00:00,119.5,50,ask,DiligentDonuts,FlawlessFlatbreads,13243790
2026-07-09T07:07:23.660654,2026-07-09T07:07:23.670255+00:00,119.7,3,bid,Xuanyu Liu,EarnestEspressos,13243792
2026-07-09T07:07:24.514285,2026-07-09T07:07:24.524639+00:00,119.8,100,ask,EarnestEspressos,DiligentDonuts,13243804
2026-07-09T07:07:24.975525,2026-07-09T07:07:24.986719+00:00,119.8,3,ask,EarnestEspressos,Xuanyu Liu,13243810
2026-07-09T07:07:25.223749,2026-07-09T07:07:25.234964+00:00,119.8,45,ask,EarnestEspressos,CostlyCorianders,13243816
2026-07-09T07:07:25.749079,2026-07-09T07:07:25.758951+00:00,119.8,2,ask,EarnestEspressos,FlawlessFlatbreads,13243821
2026-07-09T07:07:27.139656,2026-07-09T07:07:27.150059+00:00,119.4,3,bid,Xuanyu Liu,EarnestEspressos,13243839
2026-07-09T07:07:27.174654,2026-07-09T07:07:27.186328+00:00,119.4,43,bid,CostlyCorianders,EarnestEspressos,13243844
2026-07-09T07:07:27.185137,2026-07-09T07:07:27.197092+00:00,119.4,4,bid,Aaron Tian,EarnestEspressos,13243845
2026-07-09T07:07:27.804521,2026-07-09T07:07:27.815620+00:00,119.4,50,bid,FlawlessFlatbreads,EarnestEspressos,13243861
2026-07-09T07:07:27.975885,2026-07-09T07:07:27.985253+00:00,119.4,4,bid,Aaron Tian,EarnestEspressos,13243865
2026-07-09T07:07:28.774529,2026-07-09T07:07:28.784630+00:00,119.4,4,bid,Aaron Tian,EarnestEspressos,13243873
2026-07-09T07:07:28.901352,2026-07-09T07:07:28.910507+00:00,119.4,11,bid,Xuanyu Liu,EarnestEspressos,13243881
2026-07-09T07:07:29.161718,2026-07-09T07:07:29.169654+00:00,119.4,31,bid,CostlyCorianders,EarnestEspressos,13243894
2026-07-09T07:07:29.816617,2026-07-09T07:07:29.828440+00:00,119.3,43,ask,DiligentDonuts,CostlyCorianders,13243899
2026-07-09T07:07:29.971528,2026-07-09T07:07:29.984869+00:00,119.3,50,ask,DiligentDonuts,FlawlessFlatbreads,13243900
2026-07-09T07:07:30.244161,2026-07-09T07:07:30.254343+00:00,119.6,14,ask,EarnestEspressos,Xuanyu Liu,13243905
2026-07-09T07:07:30.502831,2026-07-09T07:07:30.514947+00:00,119.6,41,ask,EarnestEspressos,CostlyCorianders,13243910
2026-07-09T07:07:30.841923,2026-07-09T07:07:30.850626+00:00,119.6,95,ask,EarnestEspressos,DiligentDonuts,13243915
2026-07-09T07:07:31.519864,2026-07-09T07:07:31.533061+00:00,119.5,5,bid,Xuanyu Liu,DiligentDonuts,13243925
2026-07-09T07:07:32.079448,2026-07-09T07:07:32.091442+00:00,119.0,50,ask,DiligentDonuts,FlawlessFlatbreads,13243940
2026-07-09T07:07:32.165912,2026-07-09T07:07:32.177901+00:00,120.1,49,bid,CostlyCorianders,EarnestEspressos,13243941
2026-07-09T07:07:33.135652,2026-07-09T07:07:33.152634+00:00,119.0,44,ask,DiligentDonuts,CostlyCorianders,13243953
2026-07-09T07:07:33.618993,2026-07-09T07:07:33.630177+00:00,119.7,4,bid,Aaron Tian,EarnestEspressos,13243957
2026-07-09T07:07:34.212620,2026-07-09T07:07:34.220021+00:00,119.3,50,ask,DiligentDonuts,FlawlessFlatbreads,13243971
2026-07-09T07:07:34.213063,2026-07-09T07:07:34.230484+00:00,119.7,48,bid,CostlyCorianders,EarnestEspressos,13243972
2026-07-09T07:07:34.464643,2026-07-09T07:07:34.472378+00:00,119.7,4,bid,Aaron Tian,EarnestEspressos,13243981
2026-07-09T07:07:35.949503,2026-07-09T07:07:35.958586+00:00,119.3,45,ask,DiligentDonuts,CostlyCorianders,13244005
2026-07-09T07:07:36.269902,2026-07-09T07:07:36.281970+00:00,119.7,50,bid,FlawlessFlatbreads,EarnestEspressos,13244014
2026-07-09T07:07:36.528758,2026-07-09T07:07:36.538029+00:00,119.8,46,bid,CostlyCorianders,DiligentDonuts,13244017
2026-07-09T07:07:36.570015,2026-07-09T07:07:36.579803+00:00,119.7,2,ask,EarnestEspressos,Xuanyu Liu,13244018
2026-07-09T07:07:36.994971,2026-07-09T07:07:37.007109+00:00,119.8,43,bid,CostlyCorianders,DiligentDonuts,13244025
2026-07-09T07:07:37.163763,2026-07-09T07:07:37.174487+00:00,119.7,100,ask,EarnestEspressos,DiligentDonuts,13244027
2026-07-09T07:07:38.081185,2026-07-09T07:07:38.090380+00:00,119.7,3,ask,EarnestEspressos,Xuanyu Liu,13244047
2026-07-09T07:07:38.378174,2026-07-09T07:07:38.390831+00:00,120.2,50,bid,FlawlessFlatbreads,EarnestEspressos,13244052
2026-07-09T07:07:39.683205,2026-07-09T07:07:39.695191+00:00,119.2,42,ask,DiligentDonuts,CostlyCorianders,13244076
2026-07-09T07:07:40.517385,2026-07-09T07:07:40.529793+00:00,120.2,50,bid,FlawlessFlatbreads,DiligentDonuts,13244089
2026-07-09T07:07:42.239988,2026-07-09T07:07:42.251909+00:00,119.8,43,ask,EarnestEspressos,CostlyCorianders,13244121
2026-07-09T07:07:42.625909,2026-07-09T07:07:42.637856+00:00,120.2,50,bid,FlawlessFlatbreads,DiligentDonuts,13244124
2026-07-09T07:07:43.392073,2026-07-09T07:07:43.403984+00:00,119.7,46,ask,DiligentDonuts,CostlyCorianders,13244131
2026-07-09T07:07:43.448017,2026-07-09T07:07:43.468684+00:00,119.9,100,bid,DiligentDonuts,EarnestEspressos,13244135
2026-07-09T07:07:44.785159,2026-07-09T07:07:44.795911+00:00,119.4,50,ask,EarnestEspressos,FlawlessFlatbreads,13244153
2026-07-09T07:07:46.891751,2026-07-09T07:07:46.902497+00:00,119.4,50,ask,EarnestEspressos,FlawlessFlatbreads,13244188
2026-07-09T07:07:46.932879,2026-07-09T07:07:46.946357+00:00,119.7,14,bid,Xuanyu Liu,DiligentDonuts,13244191
2026-07-09T07:07:47.544465,2026-07-09T07:07:47.555255+00:00,119.7,12,bid,Xuanyu Liu,DiligentDonuts,13244206
2026-07-09T07:07:48.997977,2026-07-09T07:07:49.007311+00:00,119.4,50,ask,EarnestEspressos,FlawlessFlatbreads,13244234
2026-07-09T07:07:51.104640,2026-07-09T07:07:51.116551+00:00,119.7,50,ask,DiligentDonuts,FlawlessFlatbreads,13244278
2026-07-09T07:07:52.028497,2026-07-09T07:07:52.036364+00:00,120.0,42,bid,CostlyCorianders,EarnestEspressos,13244289
2026-07-09T07:07:52.502239,2026-07-09T07:07:52.514304+00:00,120.0,40,bid,CostlyCorianders,EarnestEspressos,13244297
2026-07-09T07:07:53.211586,2026-07-09T07:07:53.223926+00:00,119.6,50,ask,DiligentDonuts,FlawlessFlatbreads,13244312
2026-07-09T07:07:54.429926,2026-07-09T07:07:54.442218+00:00,119.6,49,ask,DiligentDonuts,CostlyCorianders,13244332
2026-07-09T07:07:55.271640,2026-07-09T07:07:55.280594+00:00,120.0,50,bid,FlawlessFlatbreads,EarnestEspressos,13244355
2026-07-09T07:07:55.572915,2026-07-09T07:07:55.582569+00:00,120.0,12,ask,EarnestEspressos,Xuanyu Liu,13244359
2026-07-09T07:07:56.167141,2026-07-09T07:07:56.174930+00:00,120.0,100,ask,EarnestEspressos,DiligentDonuts,13244367
2026-07-09T07:07:56.489086,2026-07-09T07:07:56.500415+00:00,120.0,11,ask,EarnestEspressos,Xuanyu Liu,13244372
2026-07-09T07:07:57.152809,2026-07-09T07:07:57.160244+00:00,120.5,43,bid,CostlyCorianders,EarnestEspressos,13244384
2026-07-09T07:07:57.429924,2026-07-09T07:07:57.439316+00:00,120.0,27,ask,EarnestEspressos,FlawlessFlatbreads,13244389
2026-07-09T07:08:01.649161,2026-07-09T07:08:01.663635+00:00,119.4,50,ask,EarnestEspressos,FlawlessFlatbreads,13244456
2026-07-09T07:08:01.959583,2026-07-09T07:08:01.970103+00:00,119.6,11,bid,Xuanyu Liu,EarnestEspressos,13244474
2026-07-09T07:08:04.579666,2026-07-09T07:08:04.593213+00:00,119.6,41,bid,CostlyCorianders,EarnestEspressos,13244520
2026-07-09T07:08:05.810569,2026-07-09T07:08:05.820331+00:00,119.7,50,bid,FlawlessFlatbreads,EarnestEspressos,13244538
2026-07-09T07:08:07.917035,2026-07-09T07:08:07.924244+00:00,119.7,50,bid,FlawlessFlatbreads,EarnestEspressos,13244559
2026-07-09T07:08:08.244589,2026-07-09T07:08:08.251684+00:00,119.7,100,bid,EarnestEspressos,DiligentDonuts,13244563
2026-07-09T07:08:10.075907,2026-07-09T07:08:10.085577+00:00,119.7,50,ask,EarnestEspressos,FlawlessFlatbreads,13244593
2026-07-09T07:08:10.131942,2026-07-09T07:08:10.144053+00:00,119.6,44,ask,DiligentDonuts,CostlyCorianders,13244595
2026-07-09T07:08:10.606884,2026-07-09T07:08:10.619066+00:00,119.6,46,ask,DiligentDonuts,CostlyCorianders,13244602
2026-07-09T07:08:12.131467,2026-07-09T07:08:12.141920+00:00,119.8,50,bid,FlawlessFlatbreads,EarnestEspressos,13244626
2026-07-09T07:08:12.693653,2026-07-09T07:08:12.702720+00:00,119.8,44,bid,CostlyCorianders,EarnestEspressos,13244638
2026-07-09T07:08:13.778477,2026-07-09T07:08:13.787018+00:00,119.8,46,bid,CostlyCorianders,EarnestEspressos,13244659
2026-07-09T07:08:14.238970,2026-07-09T07:08:14.247327+00:00,119.8,10,bid,FlawlessFlatbreads,EarnestEspressos,13244663
2026-07-09T07:08:14.238970,2026-07-09T07:08:14.258611+00:00,119.9,40,bid,FlawlessFlatbreads,DiligentDonuts,13244664
2026-07-09T07:08:14.572398,2026-07-09T07:08:14.583499+00:00,119.9,60,bid,EarnestEspressos,DiligentDonuts,13244670
2026-07-09T07:08:16.355747,2026-07-09T07:08:16.369498+00:00,120.3,50,bid,FlawlessFlatbreads,DiligentDonuts,13244704
2026-07-09T07:08:16.755686,2026-07-09T07:08:16.764841+00:00,119.9,47,ask,EarnestEspressos,CostlyCorianders,13244715
2026-07-09T07:08:17.301061,2026-07-09T07:08:17.312887+00:00,119.9,43,ask,EarnestEspressos,CostlyCorianders,13244718
2026-07-09T07:08:17.301061,2026-07-09T07:08:17.312887+00:00,119.8,3,ask,DiligentDonuts,CostlyCorianders,13244719
2026-07-09T07:08:18.280015,2026-07-09T07:08:18.287776+00:00,120.1,100,bid,DiligentDonuts,EarnestEspressos,13244732
2026-07-09T07:08:18.462756,2026-07-09T07:08:18.474436+00:00,120.1,50,bid,FlawlessFlatbreads,EarnestEspressos,13244734
2026-07-09T07:08:20.570570,2026-07-09T07:08:20.582773+00:00,120.7,50,bid,FlawlessFlatbreads,DiligentDonuts,13244758
2026-07-09T07:08:22.750597,2026-07-09T07:08:22.758632+00:00,120.1,50,ask,EarnestEspressos,FlawlessFlatbreads,13244788
2026-07-09T07:08:26.271915,2026-07-09T07:08:26.284208+00:00,120.5,48,bid,CostlyCorianders,EarnestEspressos,13244850
2026-07-09T07:08:26.914231,2026-07-09T07:08:26.923609+00:00,120.5,50,bid,FlawlessFlatbreads,EarnestEspressos,13244859
2026-07-09T07:08:27.239878,2026-07-09T07:08:27.249042+00:00,120.5,11,ask,EarnestEspressos,Xuanyu Liu,13244869
2026-07-09T07:08:29.391812,2026-07-09T07:08:29.423927+00:00,120.5,3,ask,EarnestEspressos,Xuanyu Liu,13244903
2026-07-09T07:08:30.571011,2026-07-09T07:08:30.580436+00:00,120.4,41,ask,EarnestEspressos,CostlyCorianders,13244922
2026-07-09T07:08:31.195739,2026-07-09T07:08:31.210108+00:00,120.4,50,ask,EarnestEspressos,FlawlessFlatbreads,13244931
2026-07-09T07:08:32.180838,2026-07-09T07:08:32.190916+00:00,120.7,41,bid,CostlyCorianders,DiligentDonuts,13244946
2026-07-09T07:08:33.251817,2026-07-09T07:08:33.263714+00:00,120.7,50,bid,FlawlessFlatbreads,DiligentDonuts,13244952
2026-07-09T07:08:34.742722,2026-07-09T07:08:34.752747+00:00,120.4,44,ask,DiligentDonuts,CostlyCorianders,13244982
2026-07-09T07:08:35.360495,2026-07-09T07:08:35.367112+00:00,120.6,50,bid,FlawlessFlatbreads,EarnestEspressos,13244987
2026-07-09T07:08:37.524569,2026-07-09T07:08:37.536677+00:00,120.2,50,ask,EarnestEspressos,FlawlessFlatbreads,13245031
2026-07-09T07:08:39.309917,2026-07-09T07:08:39.318748+00:00,120.7,44,bid,CostlyCorianders,EarnestEspressos,13245064
2026-07-09T07:08:39.657884,2026-07-09T07:08:39.669267+00:00,120.2,50,ask,EarnestEspressos,FlawlessFlatbreads,13245066
2026-07-09T07:08:39.960118,2026-07-09T07:08:39.971712+00:00,120.4,3,bid,Xuanyu Liu,EarnestEspressos,13245072
2026-07-09T07:08:40.440621,2026-07-09T07:08:40.451534+00:00,120.4,100,bid,DiligentDonuts,EarnestEspressos,13245080
2026-07-09T07:08:40.742074,2026-07-09T07:08:40.758582+00:00,120.4,45,bid,CostlyCorianders,EarnestEspressos,13245085
2026-07-09T07:08:41.765151,2026-07-09T07:08:41.777304+00:00,119.9,50,ask,EarnestEspressos,FlawlessFlatbreads,13245105
2026-07-09T07:08:43.845846,2026-07-09T07:08:43.869340+00:00,120.3,47,ask,EarnestEspressos,CostlyCorianders,13245130
2026-07-09T07:08:43.872892,2026-07-09T07:08:43.963606+00:00,120.3,50,ask,EarnestEspressos,FlawlessFlatbreads,13245131
2026-07-09T07:08:45.981192,2026-07-09T07:08:45.993228+00:00,120.3,50,ask,EarnestEspressos,FlawlessFlatbreads,13245165
2026-07-09T07:08:46.850673,2026-07-09T07:08:46.857428+00:00,120.4,41,bid,CostlyCorianders,EarnestEspressos,13245183
2026-07-09T07:08:48.088358,2026-07-09T07:08:48.100590+00:00,120.1,50,ask,DiligentDonuts,FlawlessFlatbreads,13245202
2026-07-09T07:08:50.213853,2026-07-09T07:08:50.226088+00:00,120.1,50,ask,EarnestEspressos,FlawlessFlatbreads,13245229
2026-07-09T07:08:50.252659,2026-07-09T07:08:50.264738+00:00,120.1,49,ask,EarnestEspressos,CostlyCorianders,13245230
2026-07-09T07:08:52.325032,2026-07-09T07:08:52.332327+00:00,120.1,50,ask,EarnestEspressos,FlawlessFlatbreads,13245262
2026-07-09T07:08:52.386616,2026-07-09T07:08:52.395764+00:00,120.1,1,ask,EarnestEspressos,CostlyCorianders,13245263
2026-07-09T07:08:52.598897,2026-07-09T07:08:52.610824+00:00,119.9,100,ask,DiligentDonuts,EarnestEspressos,13245266
2026-07-09T07:08:52.612091,2026-07-09T07:08:52.621378+00:00,119.9,46,bid,Xuanyu Liu,EarnestEspressos,13245267
2026-07-09T07:08:52.992641,2026-07-09T07:08:53.010996+00:00,119.9,4,bid,Xuanyu Liu,EarnestEspressos,13245273
2026-07-09T07:08:54.433106,2026-07-09T07:08:54.445121+00:00,119.9,50,ask,DiligentDonuts,FlawlessFlatbreads,13245299
2026-07-09T07:08:54.847327,2026-07-09T07:08:54.859447+00:00,120.4,48,bid,CostlyCorianders,DiligentDonuts,13245306
2026-07-09T07:08:56.341353,2026-07-09T07:08:56.358612+00:00,120.2,47,ask,EarnestEspressos,CostlyCorianders,13245329
2026-07-09T07:08:56.540270,2026-07-09T07:08:56.558596+00:00,120.2,50,ask,EarnestEspressos,FlawlessFlatbreads,13245330
2026-07-09T07:08:57.001610,2026-07-09T07:08:57.011698+00:00,120.2,16,ask,EarnestEspressos,Xuanyu Liu,13245338
2026-07-09T07:08:58.355901,2026-07-09T07:08:58.363625+00:00,120.4,47,bid,CostlyCorianders,DiligentDonuts,13245360
2026-07-09T07:08:58.650196,2026-07-09T07:08:58.658595+00:00,120.2,37,ask,EarnestEspressos,FlawlessFlatbreads,13245368
2026-07-09T07:08:58.650196,2026-07-09T07:08:58.658595+00:00,119.9,13,ask,DiligentDonuts,FlawlessFlatbreads,13245369
2026-07-09T07:08:58.827702,2026-07-09T07:08:58.834521+00:00,119.9,45,ask,DiligentDonuts,CostlyCorianders,13245370
2026-07-09T07:08:59.648582,2026-07-09T07:08:59.670170+00:00,120.0,12,bid,Xuanyu Liu,EarnestEspressos,13245379
2026-07-09T07:09:00.450657,2026-07-09T07:09:00.458591+00:00,120.0,49,bid,CostlyCorianders,EarnestEspressos,13245405
2026-07-09T07:09:00.707844,2026-07-09T07:09:00.719790+00:00,120.0,50,bid,FlawlessFlatbreads,EarnestEspressos,13245406
2026-07-09T07:09:00.976953,2026-07-09T07:09:00.988771+00:00,120.0,11,bid,Xuanyu Liu,EarnestEspressos,13245413
2026-07-09T07:09:01.002671,2026-07-09T07:09:01.014785+00:00,120.0,28,bid,CostlyCorianders,EarnestEspressos,13245415
2026-07-09T07:09:01.002671,2026-07-09T07:09:01.014785+00:00,120.1,12,bid,CostlyCorianders,DiligentDonuts,13245416
2026-07-09T07:09:02.031915,2026-07-09T07:09:02.044302+00:00,120.1,88,bid,EarnestEspressos,DiligentDonuts,13245431
2026-07-09T07:09:02.112200,2026-07-09T07:09:02.122740+00:00,120.2,11,ask,EarnestEspressos,Xuanyu Liu,13245433
2026-07-09T07:09:02.868105,2026-07-09T07:09:02.880526+00:00,120.2,50,ask,EarnestEspressos,FlawlessFlatbreads,13245451
2026-07-09T07:09:05.261754,2026-07-09T07:09:05.273613+00:00,120.2,100,ask,DiligentDonuts,EarnestEspressos,13245489
2026-07-09T07:09:07.031688,2026-07-09T07:09:07.043492+00:00,120.1,50,bid,FlawlessFlatbreads,EarnestEspressos,13245516
2026-07-09T07:09:08.372475,2026-07-09T07:09:08.384575+00:00,120.2,100,bid,EarnestEspressos,DiligentDonuts,13245538
2026-07-09T07:09:09.193552,2026-07-09T07:09:09.206037+00:00,120.2,50,ask,EarnestEspressos,FlawlessFlatbreads,13245553
2026-07-09T07:09:09.884041,2026-07-09T07:09:09.895916+00:00,120.1,43,ask,DiligentDonuts,CostlyCorianders,13245567
2026-07-09T07:09:10.208695,2026-07-09T07:09:10.218040+00:00,120.1,12,ask,DiligentDonuts,Xuanyu Liu,13245572
2026-07-09T07:09:11.588948,2026-07-09T07:09:11.618684+00:00,120.1,45,ask,DiligentDonuts,EarnestEspressos,13245604
2026-07-09T07:09:11.603369,2026-07-09T07:09:11.618684+00:00,119.9,12,bid,Xuanyu Liu,EarnestEspressos,13245605
2026-07-09T07:09:12.448939,2026-07-09T07:09:12.458828+00:00,119.9,22,bid,Xuanyu Liu,EarnestEspressos,13245618
2026-07-09T07:09:14.337709,2026-07-09T07:09:14.358752+00:00,119.9,46,bid,CostlyCorianders,EarnestEspressos,13245654
2026-07-09T07:09:14.703072,2026-07-09T07:09:14.715762+00:00,120.0,100,bid,EarnestEspressos,DiligentDonuts,13245661
2026-07-09T07:09:14.773171,2026-07-09T07:09:14.784733+00:00,120.0,11,ask,EarnestEspressos,Xuanyu Liu,13245662
2026-07-09T07:09:15.461115,2026-07-09T07:09:15.472952+00:00,120.4,50,bid,FlawlessFlatbreads,DiligentDonuts,13245672
2026-07-09T07:09:17.547545,2026-07-09T07:09:17.558559+00:00,120.0,39,ask,EarnestEspressos,CostlyCorianders,13245697
2026-07-09T07:09:17.547545,2026-07-09T07:09:17.558559+00:00,119.9,4,ask,DiligentDonuts,CostlyCorianders,13245698
2026-07-09T07:09:17.568767,2026-07-09T07:09:17.580418+00:00,120.4,50,bid,FlawlessFlatbreads,DiligentDonuts,13245699
2026-07-09T07:09:18.071159,2026-07-09T07:09:18.081146+00:00,119.9,11,ask,DiligentDonuts,Xuanyu Liu,13245711
2026-07-09T07:09:18.486133,2026-07-09T07:09:18.493035+00:00,120.0,42,bid,CostlyCorianders,EarnestEspressos,13245721
2026-07-09T07:09:18.964221,2026-07-09T07:09:18.976410+00:00,119.9,45,ask,DiligentDonuts,CostlyCorianders,13245730
2026-07-09T07:09:19.684241,2026-07-09T07:09:19.700485+00:00,120.0,50,bid,FlawlessFlatbreads,EarnestEspressos,13245750
2026-07-09T07:09:20.050914,2026-07-09T07:09:20.058569+00:00,119.9,44,ask,DiligentDonuts,CostlyCorianders,13245754
2026-07-09T07:09:20.600936,2026-07-09T07:09:20.612914+00:00,119.9,11,ask,DiligentDonuts,CostlyCorianders,13245762
2026-07-09T07:09:21.222343,2026-07-09T07:09:21.232307+00:00,120.2,41,bid,CostlyCorianders,EarnestEspressos,13245783
2026-07-09T07:09:21.790732,2026-07-09T07:09:21.802575+00:00,120.2,50,bid,FlawlessFlatbreads,EarnestEspressos,13245788
2026-07-09T07:09:23.249799,2026-07-09T07:09:23.258547+00:00,120.2,44,bid,CostlyCorianders,EarnestEspressos,13245808
2026-07-09T07:09:23.902444,2026-07-09T07:09:23.914416+00:00,120.2,15,bid,FlawlessFlatbreads,EarnestEspressos,13245819
2026-07-09T07:09:23.902444,2026-07-09T07:09:23.914416+00:00,120.3,35,bid,FlawlessFlatbreads,DiligentDonuts,13245820
2026-07-09T07:09:24.227297,2026-07-09T07:09:24.238417+00:00,120.2,23,ask,EarnestEspressos,Xuanyu Liu,13245823
2026-07-09T07:09:26.010324,2026-07-09T07:09:26.019211+00:00,120.5,50,bid,FlawlessFlatbreads,DiligentDonuts,13245860
2026-07-09T07:09:26.210623,2026-07-09T07:09:26.222463+00:00,120.2,48,ask,EarnestEspressos,CostlyCorianders,13245864
2026-07-09T07:09:28.138443,2026-07-09T07:09:28.150027+00:00,120.6,50,bid,FlawlessFlatbreads,EarnestEspressos,13245893
2026-07-09T07:09:30.244544,2026-07-09T07:09:30.251947+00:00,120.6,50,bid,FlawlessFlatbreads,EarnestEspressos,13245925
2026-07-09T07:09:30.578892,2026-07-09T07:09:30.589840+00:00,120.4,23,ask,EarnestEspressos,Xuanyu Liu,13245932
2026-07-09T07:09:32.352758,2026-07-09T07:09:32.364837+00:00,120.6,50,bid,FlawlessFlatbreads,DiligentDonuts,13245956
2026-07-09T07:09:33.611127,2026-07-09T07:09:33.619567+00:00,120.4,40,ask,EarnestEspressos,CostlyCorianders,13245979
2026-07-09T07:09:34.460882,2026-07-09T07:09:34.468833+00:00,120.7,50,bid,FlawlessFlatbreads,DiligentDonuts,13245997
2026-07-09T07:09:36.566758,2026-07-09T07:09:36.574295+00:00,120.7,50,bid,FlawlessFlatbreads,DiligentDonuts,13246038
2026-07-09T07:09:37.519915,2026-07-09T07:09:37.528826+00:00,120.4,46,ask,DiligentDonuts,CostlyCorianders,13246056
2026-07-09T07:09:38.683552,2026-07-09T07:09:38.691757+00:00,120.6,50,bid,FlawlessFlatbreads,EarnestEspressos,13246075
2026-07-09T07:09:40.790534,2026-07-09T07:09:40.802479+00:00,120.9,50,bid,FlawlessFlatbreads,EarnestEspressos,13246119
2026-07-09T07:09:42.520275,2026-07-09T07:09:42.532002+00:00,120.9,43,bid,CostlyCorianders,EarnestEspressos,13246139
2026-07-09T07:09:42.911304,2026-07-09T07:09:42.919990+00:00,120.9,50,bid,FlawlessFlatbreads,EarnestEspressos,13246140
2026-07-09T07:09:43.224070,2026-07-09T07:09:43.235955+00:00,120.9,100,bid,EarnestEspressos,DiligentDonuts,13246150
2026-07-09T07:09:43.293051,2026-07-09T07:09:43.303072+00:00,121.0,17,ask,EarnestEspressos,Xuanyu Liu,13246152
2026-07-09T07:09:43.350223,2026-07-09T07:09:43.359329+00:00,121.0,20,ask,EarnestEspressos,Heero Sipayung,13246156
2026-07-09T07:09:43.393828,2026-07-09T07:09:43.405599+00:00,121.0,13,ask,EarnestEspressos,Heero Sipayung,13246158
2026-07-09T07:09:44.809552,2026-07-09T07:09:44.816600+00:00,120.7,44,ask,DiligentDonuts,CostlyCorianders,13246191
2026-07-09T07:09:45.019182,2026-07-09T07:09:45.031057+00:00,121.2,50,bid,FlawlessFlatbreads,DiligentDonuts,13246193
2026-07-09T07:09:45.917423,2026-07-09T07:09:45.925296+00:00,121.2,45,bid,CostlyCorianders,DiligentDonuts,13246206
2026-07-09T07:09:46.968132,2026-07-09T07:09:46.981018+00:00,120.9,100,bid,DiligentDonuts,EarnestEspressos,13246221
2026-07-09T07:09:47.150133,2026-07-09T07:09:47.158575+00:00,120.9,50,bid,FlawlessFlatbreads,EarnestEspressos,13246226
2026-07-09T07:09:48.499408,2026-07-09T07:09:48.509960+00:00,120.4,46,ask,EarnestEspressos,CostlyCorianders,13246249
2026-07-09T07:09:49.619440,2026-07-09T07:09:49.630680+00:00,121.0,12,ask,EarnestEspressos,Xuanyu Liu,13246266
2026-07-09T07:09:49.669090,2026-07-09T07:09:49.678507+00:00,121.0,20,ask,EarnestEspressos,Heero Sipayung,13246268
2026-07-09T07:09:49.751765,2026-07-09T07:09:49.763609+00:00,121.0,20,ask,EarnestEspressos,Heero Sipayung,13246275
2026-07-09T07:09:49.759742,2026-07-09T07:09:49.768787+00:00,121.0,4,ask,EarnestEspressos,Aaron Tian,13246276
2026-07-09T07:09:49.785683,2026-07-09T07:09:49.797353+00:00,121.0,20,ask,EarnestEspressos,Heero Sipayung,13246279
2026-07-09T07:09:49.808863,2026-07-09T07:09:49.820877+00:00,121.0,20,ask,EarnestEspressos,Heero Sipayung,13246281
2026-07-09T07:09:49.863420,2026-07-09T07:09:49.875566+00:00,121.0,20,ask,EarnestEspressos,Heero Sipayung,13246284
2026-07-09T07:09:49.885408,2026-07-09T07:09:49.897109+00:00,121.0,20,ask,EarnestEspressos,Heero Sipayung,13246286
2026-07-09T07:09:50.006288,2026-07-09T07:09:50.018208+00:00,121.0,14,ask,EarnestEspressos,Heero Sipayung,13246290
2026-07-09T07:09:51.374915,2026-07-09T07:09:51.381721+00:00,121.1,50,bid,FlawlessFlatbreads,DiligentDonuts,13246320
2026-07-09T07:09:52.411889,2026-07-09T07:09:52.427079+00:00,121.1,12,bid,Xuanyu Liu,DiligentDonuts,13246337
2026-07-09T07:09:52.775232,2026-07-09T07:09:52.785269+00:00,120.9,14,bid,Xuanyu Liu,EarnestEspressos,13246343
2026-07-09T07:09:53.304462,2026-07-09T07:09:53.311350+00:00,120.9,100,bid,DiligentDonuts,EarnestEspressos,13246349
2026-07-09T07:09:53.318766,2026-07-09T07:09:53.330601+00:00,120.9,36,bid,CostlyCorianders,EarnestEspressos,13246350
2026-07-09T07:09:53.484480,2026-07-09T07:09:53.496758+00:00,121.5,50,bid,FlawlessFlatbreads,DiligentDonuts,13246353
2026-07-09T07:09:55.614427,2026-07-09T07:09:55.626595+00:00,121.5,50,bid,FlawlessFlatbreads,DiligentDonuts,13246397
2026-07-09T07:09:56.215653,2026-07-09T07:09:56.224694+00:00,121.1,3,ask,EarnestEspressos,Xuanyu Liu,13246413
2026-07-09T07:09:56.248505,2026-07-09T07:09:56.260481+00:00,121.1,20,ask,EarnestEspressos,Heero Sipayung,13246415
2026-07-09T07:09:56.282657,2026-07-09T07:09:56.291531+00:00,121.1,13,ask,EarnestEspressos,Heero Sipayung,13246422
2026-07-09T07:09:57.773320,2026-07-09T07:09:57.782455+00:00,121.1,50,ask,EarnestEspressos,FlawlessFlatbreads,13246440
2026-07-09T07:09:58.631117,2026-07-09T07:09:58.643442+00:00,121.1,45,ask,EarnestEspressos,CostlyCorianders,13246452
2026-07-09T07:09:59.094455,2026-07-09T07:09:59.104567+00:00,121.1,44,bid,CostlyCorianders,EarnestEspressos,13246460
2026-07-09T07:09:59.553349,2026-07-09T07:09:59.563617+00:00,121.1,40,bid,CostlyCorianders,EarnestEspressos,13246468
2026-07-09T07:09:59.627555,2026-07-09T07:09:59.643005+00:00,121.1,66,bid,DiligentDonuts,EarnestEspressos,13246470
2026-07-09T07:09:59.828915,2026-07-09T07:09:59.840798+00:00,121.6,50,bid,FlawlessFlatbreads,DiligentDonuts,13246473
2026-07-09T07:10:00.140538,2026-07-09T07:10:00.152090+00:00,121.1,34,ask,DiligentDonuts,CostlyCorianders,13246482
2026-07-09T07:10:00.140538,2026-07-09T07:10:00.152090+00:00,120.6,8,ask,EarnestEspressos,CostlyCorianders,13246483
2026-07-09T07:10:01.938682,2026-07-09T07:10:01.950937+00:00,121.6,50,bid,FlawlessFlatbreads,DiligentDonuts,13246511
2026-07-09T07:10:04.099572,2026-07-09T07:10:04.111208+00:00,121.3,50,ask,EarnestEspressos,FlawlessFlatbreads,13246548
2026-07-09T07:10:10.417691,2026-07-09T07:10:10.427138+00:00,121.4,50,ask,DiligentDonuts,FlawlessFlatbreads,13246637
2026-07-09T07:10:12.523990,2026-07-09T07:10:12.536010+00:00,121.2,50,ask,EarnestEspressos,FlawlessFlatbreads,13246671
2026-07-09T07:10:14.633645,2026-07-09T07:10:14.645599+00:00,121.2,50,ask,EarnestEspressos,FlawlessFlatbreads,13246699
2026-07-09T07:10:16.741347,2026-07-09T07:10:16.753340+00:00,121.4,50,ask,DiligentDonuts,FlawlessFlatbreads,13246736
2026-07-09T07:10:18.572663,2026-07-09T07:10:18.590575+00:00,121.5,3,bid,Xuanyu Liu,EarnestEspressos,13246749
2026-07-09T07:10:18.704859,2026-07-09T07:10:18.713570+00:00,121.3,47,ask,DiligentDonuts,CostlyCorianders,13246755
2026-07-09T07:10:18.848960,2026-07-09T07:10:18.858600+00:00,121.3,50,ask,DiligentDonuts,FlawlessFlatbreads,13246756
2026-07-09T07:10:21.500322,2026-07-09T07:10:21.509493+00:00,121.6,46,bid,CostlyCorianders,EarnestEspressos,13246796
2026-07-09T07:10:23.060008,2026-07-09T07:10:23.071884+00:00,121.1,50,ask,EarnestEspressos,FlawlessFlatbreads,13246823
2026-07-09T07:10:26.450601,2026-07-09T07:10:26.457297+00:00,121.4,20,bid,Heero Sipayung,DiligentDonuts,13246871
2026-07-09T07:10:26.473902,2026-07-09T07:10:26.484596+00:00,121.4,20,bid,Heero Sipayung,DiligentDonuts,13246873
2026-07-09T07:10:26.498450,2026-07-09T07:10:26.507167+00:00,121.4,20,bid,Heero Sipayung,DiligentDonuts,13246875
2026-07-09T07:10:26.562814,2026-07-09T07:10:26.570543+00:00,121.4,20,bid,Heero Sipayung,DiligentDonuts,13246885
2026-07-09T07:10:26.591400,2026-07-09T07:10:26.602151+00:00,121.4,20,bid,Heero Sipayung,DiligentDonuts,13246887
2026-07-09T07:10:27.224726,2026-07-09T07:10:27.233873+00:00,121.5,50,bid,FlawlessFlatbreads,EarnestEspressos,13246897
2026-07-09T07:10:27.670417,2026-07-09T07:10:27.681960+00:00,121.8,44,bid,CostlyCorianders,EarnestEspressos,13246899
2026-07-09T07:10:28.312918,2026-07-09T07:10:28.325114+00:00,121.3,41,ask,EarnestEspressos,CostlyCorianders,13246914
2026-07-09T07:10:28.802951,2026-07-09T07:10:28.814769+00:00,121.3,41,ask,EarnestEspressos,CostlyCorianders,13246923
2026-07-09T07:10:29.329850,2026-07-09T07:10:29.339278+00:00,121.7,50,bid,FlawlessFlatbreads,DiligentDonuts,13246930
2026-07-09T07:10:31.439088,2026-07-09T07:10:31.451046+00:00,121.6,50,bid,FlawlessFlatbreads,EarnestEspressos,13246958
2026-07-09T07:10:33.088313,2026-07-09T07:10:33.097274+00:00,121.6,20,bid,Heero Sipayung,EarnestEspressos,13246991
2026-07-09T07:10:33.172359,2026-07-09T07:10:33.181850+00:00,121.6,20,bid,Heero Sipayung,EarnestEspressos,13246995
2026-07-09T07:10:33.209524,2026-07-09T07:10:33.220541+00:00,121.6,20,bid,Heero Sipayung,EarnestEspressos,13246998
2026-07-09T07:10:33.262413,2026-07-09T07:10:33.273332+00:00,121.6,20,bid,Heero Sipayung,EarnestEspressos,13247003
2026-07-09T07:10:33.289493,2026-07-09T07:10:33.300759+00:00,121.6,20,bid,Heero Sipayung,EarnestEspressos,13247006
2026-07-09T07:10:33.560570,2026-07-09T07:10:33.574678+00:00,122.0,50,bid,EarnestEspressos,DiligentDonuts,13247011
2026-07-09T07:10:33.840936,2026-07-09T07:10:33.850626+00:00,122.0,50,bid,FlawlessFlatbreads,DiligentDonuts,13247015
2026-07-09T07:10:34.380780,2026-07-09T07:10:34.392255+00:00,122.0,37,ask,EarnestEspressos,Xuanyu Liu,13247024
2026-07-09T07:10:34.465139,2026-07-09T07:10:34.476495+00:00,122.0,20,ask,EarnestEspressos,Heero Sipayung,13247033
2026-07-09T07:10:34.490888,2026-07-09T07:10:34.502345+00:00,122.0,20,ask,EarnestEspressos,Heero Sipayung,13247035
2026-07-09T07:10:34.576018,2026-07-09T07:10:34.588069+00:00,122.0,20,ask,EarnestEspressos,Heero Sipayung,13247039
2026-07-09T07:10:34.606857,2026-07-09T07:10:34.613834+00:00,122.0,3,ask,EarnestEspressos,Heero Sipayung,13247042
2026-07-09T07:10:34.669556,2026-07-09T07:10:34.679877+00:00,121.7,17,ask,DiligentDonuts,Heero Sipayung,13247044
2026-07-09T07:10:34.679781,2026-07-09T07:10:34.691642+00:00,121.7,20,ask,DiligentDonuts,Heero Sipayung,13247045
2026-07-09T07:10:34.704190,2026-07-09T07:10:34.712487+00:00,122.2,12,bid,Heero Sipayung,DiligentDonuts,13247047
2026-07-09T07:10:35.670410,2026-07-09T07:10:35.679339+00:00,122.2,50,bid,FlawlessFlatbreads,DiligentDonuts,13247057
2026-07-09T07:10:37.059501,2026-07-09T07:10:37.069245+00:00,121.9,11,bid,Xuanyu Liu,EarnestEspressos,13247086
2026-07-09T07:10:37.645107,2026-07-09T07:10:37.651885+00:00,121.9,100,bid,DiligentDonuts,EarnestEspressos,13247091
2026-07-09T07:10:37.778897,2026-07-09T07:10:37.790600+00:00,121.9,39,bid,FlawlessFlatbreads,EarnestEspressos,13247092
2026-07-09T07:10:37.778897,2026-07-09T07:10:37.795621+00:00,122.5,11,bid,FlawlessFlatbreads,DiligentDonuts,13247093
2026-07-09T07:10:39.888297,2026-07-09T07:10:39.900397+00:00,122.5,50,bid,FlawlessFlatbreads,DiligentDonuts,13247127
2026-07-09T07:10:40.176498,2026-07-09T07:10:40.185843+00:00,121.9,20,ask,EarnestEspressos,Heero Sipayung,13247136
2026-07-09T07:10:40.253470,2026-07-09T07:10:40.265289+00:00,121.9,20,ask,EarnestEspressos,Heero Sipayung,13247140
2026-07-09T07:10:40.297050,2026-07-09T07:10:40.308901+00:00,121.9,20,ask,EarnestEspressos,Heero Sipayung,13247142
2026-07-09T07:10:40.332059,2026-07-09T07:10:40.343143+00:00,121.9,20,ask,EarnestEspressos,Heero Sipayung,13247146
2026-07-09T07:10:40.373854,2026-07-09T07:10:40.385810+00:00,121.9,20,ask,EarnestEspressos,Heero Sipayung,13247148
2026-07-09T07:10:40.405601,2026-07-09T07:10:40.417444+00:00,121.9,12,ask,EarnestEspressos,Heero Sipayung,13247151
2026-07-09T07:10:40.464839,2026-07-09T07:10:40.476959+00:00,121.9,38,ask,EarnestEspressos,CostlyCorianders,13247155
2026-07-09T07:10:41.081210,2026-07-09T07:10:41.092861+00:00,122.4,43,bid,CostlyCorianders,EarnestEspressos,13247168
2026-07-09T07:10:42.031012,2026-07-09T07:10:42.040020+00:00,122.4,50,bid,FlawlessFlatbreads,EarnestEspressos,13247177
2026-07-09T07:10:42.122106,2026-07-09T07:10:42.132888+00:00,121.9,40,ask,DiligentDonuts,CostlyCorianders,13247178
2026-07-09T07:10:43.898894,2026-07-09T07:10:43.963700+00:00,122.3,43,bid,CostlyCorianders,EarnestEspressos,13247209
2026-07-09T07:10:44.138251,2026-07-09T07:10:44.145547+00:00,122.3,50,bid,FlawlessFlatbreads,EarnestEspressos,13247212
2026-07-09T07:10:45.919322,2026-07-09T07:10:45.931586+00:00,122.3,40,bid,CostlyCorianders,EarnestEspressos,13247240
2026-07-09T07:10:46.260486,2026-07-09T07:10:46.269844+00:00,122.3,17,bid,FlawlessFlatbreads,EarnestEspressos,13247251
2026-07-09T07:10:46.260486,2026-07-09T07:10:46.275162+00:00,122.5,33,bid,FlawlessFlatbreads,DiligentDonuts,13247252
2026-07-09T07:10:46.400724,2026-07-09T07:10:46.412818+00:00,122.0,40,ask,DiligentDonuts,CostlyCorianders,13247255
2026-07-09T07:10:46.502764,2026-07-09T07:10:46.512684+00:00,122.4,11,ask,EarnestEspressos,Xuanyu Liu,13247256
2026-07-09T07:10:46.955567,2026-07-09T07:10:46.969326+00:00,122.5,44,bid,CostlyCorianders,DiligentDonuts,13247261
2026-07-09T07:10:46.959189,2026-07-09T07:10:46.969326+00:00,122.4,12,ask,EarnestEspressos,Xuanyu Liu,13247262
2026-07-09T07:10:47.026190,2026-07-09T07:10:47.038148+00:00,122.4,4,ask,EarnestEspressos,Aaron Tian,13247264
2026-07-09T07:10:47.865215,2026-07-09T07:10:47.877042+00:00,122.4,4,ask,EarnestEspressos,Aaron Tian,13247284
2026-07-09T07:10:48.368666,2026-07-09T07:10:48.380589+00:00,122.5,50,bid,FlawlessFlatbreads,DiligentDonuts,13247291
2026-07-09T07:10:48.694223,2026-07-09T07:10:48.701415+00:00,122.4,4,ask,EarnestEspressos,Aaron Tian,13247295
2026-07-09T07:10:49.044686,2026-07-09T07:10:49.056433+00:00,122.4,45,ask,EarnestEspressos,CostlyCorianders,13247311
2026-07-09T07:10:49.532742,2026-07-09T07:10:49.544867+00:00,122.4,4,ask,EarnestEspressos,Aaron Tian,13247314
2026-07-09T07:10:49.593575,2026-07-09T07:10:49.600546+00:00,122.4,44,ask,EarnestEspressos,CostlyCorianders,13247317
2026-07-09T07:10:50.334542,2026-07-09T07:10:50.343690+00:00,122.1,4,ask,DiligentDonuts,Aaron Tian,13247326
2026-07-09T07:10:51.126417,2026-07-09T07:10:51.134720+00:00,122.1,4,ask,DiligentDonuts,Aaron Tian,13247334
2026-07-09T07:10:51.511528,2026-07-09T07:10:51.527386+00:00,122.4,12,bid,Xuanyu Liu,EarnestEspressos,13247340
2026-07-09T07:10:52.580164,2026-07-09T07:10:52.592286+00:00,122.4,50,bid,FlawlessFlatbreads,EarnestEspressos,13247363
2026-07-09T07:10:53.530591,2026-07-09T07:10:53.540445+00:00,122.4,4,ask,EarnestEspressos,Aaron Tian,13247380
2026-07-09T07:10:54.390061,2026-07-09T07:10:54.401986+00:00,122.4,4,ask,EarnestEspressos,Aaron Tian,13247396
2026-07-09T07:10:54.692517,2026-07-09T07:10:54.701816+00:00,122.7,50,bid,FlawlessFlatbreads,DiligentDonuts,13247402
2026-07-09T07:10:55.180211,2026-07-09T07:10:55.192192+00:00,122.4,4,ask,EarnestEspressos,Aaron Tian,13247404
2026-07-09T07:10:56.806514,2026-07-09T07:10:56.824191+00:00,122.5,23,ask,DiligentDonuts,Xuanyu Liu,13247424
2026-07-09T07:10:56.806633,2026-07-09T07:10:56.824191+00:00,122.7,50,bid,FlawlessFlatbreads,EarnestEspressos,13247425
2026-07-09T07:10:56.832227,2026-07-09T07:10:56.839426+00:00,122.5,4,ask,DiligentDonuts,Aaron Tian,13247427
2026-07-09T07:10:57.458160,2026-07-09T07:10:57.469916+00:00,122.7,44,bid,CostlyCorianders,EarnestEspressos,13247443
2026-07-09T07:10:57.954123,2026-07-09T07:10:57.959768+00:00,122.5,41,ask,DiligentDonuts,CostlyCorianders,13247448
2026-07-09T07:10:58.107596,2026-07-09T07:10:58.130662+00:00,122.7,11,bid,Xuanyu Liu,EarnestEspressos,13247454
2026-07-09T07:10:59.188591,2026-07-09T07:10:59.195902+00:00,123.0,100,bid,EarnestEspressos,DiligentDonuts,13247467
2026-07-09T07:10:59.422450,2026-07-09T07:10:59.433673+00:00,123.0,11,ask,EarnestEspressos,Xuanyu Liu,13247471
2026-07-09T07:11:00.026045,2026-07-09T07:11:00.037798+00:00,123.0,4,ask,EarnestEspressos,Aaron Tian,13247479
2026-07-09T07:11:00.191550,2026-07-09T07:11:00.200210+00:00,123.3,42,bid,CostlyCorianders,DiligentDonuts,13247483
2026-07-09T07:11:00.892270,2026-07-09T07:11:00.900657+00:00,123.0,4,ask,EarnestEspressos,Aaron Tian,13247499
2026-07-09T07:11:01.094292,2026-07-09T07:11:01.103491+00:00,123.0,31,ask,EarnestEspressos,FlawlessFlatbreads,13247502
2026-07-09T07:11:01.094292,2026-07-09T07:11:01.108737+00:00,122.8,19,ask,DiligentDonuts,FlawlessFlatbreads,13247503
2026-07-09T07:11:01.686293,2026-07-09T07:11:01.698645+00:00,122.8,4,ask,DiligentDonuts,Aaron Tian,13247512
2026-07-09T07:11:02.404469,2026-07-09T07:11:02.416974+00:00,122.8,77,ask,DiligentDonuts,EarnestEspressos,13247522
2026-07-09T07:11:02.639285,2026-07-09T07:11:02.649301+00:00,122.7,11,bid,Xuanyu Liu,EarnestEspressos,13247527
2026-07-09T07:11:02.778863,2026-07-09T07:11:02.791021+00:00,122.7,48,bid,CostlyCorianders,EarnestEspressos,13247530
2026-07-09T07:11:02.976597,2026-07-09T07:11:02.986492+00:00,122.7,14,bid,DiligentDonuts,EarnestEspressos,13247532
2026-07-09T07:11:03.205205,2026-07-09T07:11:03.216364+00:00,122.9,50,ask,DiligentDonuts,FlawlessFlatbreads,13247535
2026-07-09T07:11:03.348097,2026-07-09T07:11:03.358328+00:00,122.9,11,ask,DiligentDonuts,Xuanyu Liu,13247542
2026-07-09T07:11:04.093745,2026-07-09T07:11:04.105555+00:00,122.9,4,ask,DiligentDonuts,Aaron Tian,13247555
2026-07-09T07:11:04.890475,2026-07-09T07:11:04.901192+00:00,122.9,4,ask,DiligentDonuts,Aaron Tian,13247573
2026-07-09T07:11:05.706360,2026-07-09T07:11:05.718066+00:00,123.0,4,ask,EarnestEspressos,Aaron Tian,13247581
2026-07-09T07:11:06.197657,2026-07-09T07:11:06.207221+00:00,123.0,100,ask,EarnestEspressos,DiligentDonuts,13247600
2026-07-09T07:11:06.499200,2026-07-09T07:11:06.511247+00:00,123.0,4,ask,EarnestEspressos,Aaron Tian,13247604
2026-07-09T07:11:07.298876,2026-07-09T07:11:07.308176+00:00,123.0,4,ask,EarnestEspressos,Aaron Tian,13247619
2026-07-09T07:11:07.421594,2026-07-09T07:11:07.434072+00:00,123.0,38,ask,EarnestEspressos,FlawlessFlatbreads,13247624
2026-07-09T07:11:07.421594,2026-07-09T07:11:07.434072+00:00,122.3,12,ask,DiligentDonuts,FlawlessFlatbreads,13247625
2026-07-09T07:11:09.534486,2026-07-09T07:11:09.545221+00:00,122.7,50,ask,DiligentDonuts,FlawlessFlatbreads,13247652
2026-07-09T07:11:09.710472,2026-07-09T07:11:09.719332+00:00,122.7,4,ask,DiligentDonuts,Aaron Tian,13247656
2026-07-09T07:11:09.918504,2026-07-09T07:11:09.928430+00:00,122.9,23,bid,Xuanyu Liu,EarnestEspressos,13247659
2026-07-09T07:11:10.347434,2026-07-09T07:11:10.358614+00:00,122.7,43,ask,DiligentDonuts,CostlyCorianders,13247667
2026-07-09T07:11:11.641027,2026-07-09T07:11:11.658600+00:00,122.7,3,ask,DiligentDonuts,FlawlessFlatbreads,13247695
2026-07-09T07:11:11.641027,2026-07-09T07:11:11.658600+00:00,122.4,47,ask,EarnestEspressos,FlawlessFlatbreads,13247696
2026-07-09T07:11:13.752021,2026-07-09T07:11:13.764102+00:00,122.5,50,ask,DiligentDonuts,FlawlessFlatbreads,13247745
2026-07-09T07:11:14.902233,2026-07-09T07:11:14.911314+00:00,122.8,45,bid,CostlyCorianders,EarnestEspressos,13247764
2026-07-09T07:11:15.496017,2026-07-09T07:11:15.507790+00:00,122.5,42,ask,DiligentDonuts,CostlyCorianders,13247770
2026-07-09T07:11:15.719954,2026-07-09T07:11:15.737374+00:00,122.7,11,bid,Xuanyu Liu,DiligentDonuts,13247775
2026-07-09T07:11:15.859668,2026-07-09T07:11:15.871524+00:00,122.5,50,ask,EarnestEspressos,FlawlessFlatbreads,13247780
2026-07-09T07:11:16.994597,2026-07-09T07:11:17.006437+00:00,122.7,40,bid,CostlyCorianders,DiligentDonuts,13247797
2026-07-09T07:11:17.153909,2026-07-09T07:11:17.162836+00:00,122.7,12,bid,Xuanyu Liu,DiligentDonuts,13247801
2026-07-09T07:11:17.811520,2026-07-09T07:11:17.821732+00:00,122.7,14,bid,Xuanyu Liu,DiligentDonuts,13247809
2026-07-09T07:11:17.967806,2026-07-09T07:11:17.979868+00:00,122.5,50,ask,EarnestEspressos,FlawlessFlatbreads,13247814
2026-07-09T07:11:20.079666,2026-07-09T07:11:20.091874+00:00,122.8,50,ask,DiligentDonuts,FlawlessFlatbreads,13247856
