timestamp,recv_time,price,volume,aggressor_side,buyer,seller,trade_id
2026-07-07T13:00:01.944154,2026-07-07T13:00:01.950989+00:00,139.5,50,ask,,,10881741
2026-07-07T13:00:03.883023,2026-07-07T13:00:03.892631+00:00,139.8,43,bid,,,10881771
2026-07-07T13:00:06.105965,2026-07-07T13:00:06.117800+00:00,139.8,50,bid,,,10881815
2026-07-07T13:00:08.214916,2026-07-07T13:00:08.223738+00:00,139.8,50,bid,,,10881855
2026-07-07T13:00:09.541729,2026-07-07T13:00:09.552479+00:00,139.7,11,bid,,,10881881
2026-07-07T13:00:10.322937,2026-07-07T13:00:10.329865+00:00,139.7,50,bid,,,10881887
2026-07-07T13:00:14.533891,2026-07-07T13:00:14.545666+00:00,140.0,50,bid,,,10881946
2026-07-07T13:00:14.673239,2026-07-07T13:00:14.682099+00:00,139.7,11,ask,,,10881947
2026-07-07T13:00:16.641535,2026-07-07T13:00:16.653239+00:00,140.2,50,bid,,,10881975
2026-07-07T13:00:17.851843,2026-07-07T13:00:17.860477+00:00,139.9,12,ask,,,10881987
2026-07-07T13:00:17.975319,2026-07-07T13:00:17.983885+00:00,139.9,11,ask,,,10881993
2026-07-07T13:00:18.800333,2026-07-07T13:00:18.812059+00:00,139.9,50,ask,,,10882004
2026-07-07T13:00:20.036885,2026-07-07T13:00:20.046313+00:00,139.9,12,ask,,,10882018
2026-07-07T13:00:21.426649,2026-07-07T13:00:21.435992+00:00,139.5,42,ask,,,10882045
2026-07-07T13:00:22.062262,2026-07-07T13:00:22.073819+00:00,139.5,47,ask,,,10882052
2026-07-07T13:00:22.959079,2026-07-07T13:00:22.965833+00:00,139.9,50,bid,,,10882072
2026-07-07T13:00:23.624514,2026-07-07T13:00:23.636257+00:00,139.5,11,ask,,,10882082
2026-07-07T13:00:24.261523,2026-07-07T13:00:24.272790+00:00,140.0,48,bid,,,10882087
2026-07-07T13:00:25.066408,2026-07-07T13:00:25.079470+00:00,139.9,50,bid,,,10882099
2026-07-07T13:00:25.669803,2026-07-07T13:00:25.680136+00:00,139.9,45,bid,,,10882109
2026-07-07T13:00:26.754077,2026-07-07T13:00:26.765825+00:00,139.6,47,ask,,,10882120
2026-07-07T13:00:27.177416,2026-07-07T13:00:27.189497+00:00,139.9,5,bid,,,10882125
2026-07-07T13:00:27.177416,2026-07-07T13:00:27.189497+00:00,140.1,45,bid,,,10882126
2026-07-07T13:00:27.843098,2026-07-07T13:00:27.854601+00:00,139.7,43,ask,,,10882135
2026-07-07T13:00:28.486265,2026-07-07T13:00:28.495385+00:00,140.1,46,bid,,,10882151
2026-07-07T13:00:29.288428,2026-07-07T13:00:29.299013+00:00,140.1,50,bid,,,10882170
2026-07-07T13:00:30.418744,2026-07-07T13:00:30.431792+00:00,139.7,48,ask,,,10882196
2026-07-07T13:00:31.396430,2026-07-07T13:00:31.419135+00:00,140.0,50,bid,,,10882208
2026-07-07T13:00:31.995644,2026-07-07T13:00:32.007298+00:00,139.9,43,ask,,,10882224
2026-07-07T13:00:33.581754,2026-07-07T13:00:33.593726+00:00,139.9,50,ask,,,10882251
2026-07-07T13:00:35.690873,2026-07-07T13:00:35.698688+00:00,139.7,50,ask,,,10882281
2026-07-07T13:00:37.830335,2026-07-07T13:00:37.842371+00:00,139.5,50,ask,,,10882316
2026-07-07T13:00:39.848802,2026-07-07T13:00:39.855187+00:00,139.8,47,bid,,,10882337
2026-07-07T13:00:39.938581,2026-07-07T13:00:39.950637+00:00,139.5,50,ask,,,10882338
2026-07-07T13:00:40.933015,2026-07-07T13:00:40.944603+00:00,139.7,43,bid,,,10882351
2026-07-07T13:00:42.050729,2026-07-07T13:00:42.055834+00:00,139.5,50,ask,,,10882375
2026-07-07T13:00:42.360838,2026-07-07T13:00:42.372546+00:00,139.7,12,bid,,,10882384
2026-07-07T13:00:44.173994,2026-07-07T13:00:44.185793+00:00,139.5,50,ask,,,10882414
2026-07-07T13:00:44.540470,2026-07-07T13:00:44.563647+00:00,139.5,45,ask,,,10882417
2026-07-07T13:00:45.139977,2026-07-07T13:00:45.147231+00:00,139.9,45,bid,,,10882422
2026-07-07T13:00:46.873796,2026-07-07T13:00:46.885766+00:00,139.7,46,bid,,,10882447
2026-07-07T13:00:48.905752,2026-07-07T13:00:48.917933+00:00,139.7,11,bid,,,10882471
2026-07-07T13:00:48.951227,2026-07-07T13:00:48.963063+00:00,139.4,40,ask,,,10882473
2026-07-07T13:00:49.991555,2026-07-07T13:00:50.003233+00:00,140.0,40,bid,,,10882487
2026-07-07T13:00:50.455711,2026-07-07T13:00:50.468670+00:00,140.0,50,bid,,,10882493
2026-07-07T13:00:52.613391,2026-07-07T13:00:52.620069+00:00,139.6,50,ask,,,10882534
2026-07-07T13:00:52.736494,2026-07-07T13:00:52.745588+00:00,139.6,12,ask,,,10882535
2026-07-07T13:00:52.838020,2026-07-07T13:00:52.847212+00:00,139.6,12,bid,,,10882537
2026-07-07T13:00:52.996787,2026-07-07T13:00:53.006807+00:00,139.6,100,bid,,,10882548
2026-07-07T13:00:54.737208,2026-07-07T13:00:54.745140+00:00,139.4,12,ask,,,10882572
2026-07-07T13:00:54.737208,2026-07-07T13:00:54.750420+00:00,139.1,38,ask,,,10882573
2026-07-07T13:00:55.459560,2026-07-07T13:00:55.468365+00:00,139.6,11,bid,,,10882590
2026-07-07T13:00:56.793642,2026-07-07T13:00:56.805338+00:00,139.8,12,bid,,,10882604
2026-07-07T13:00:56.793642,2026-07-07T13:00:56.805338+00:00,140.0,38,bid,,,10882605
2026-07-07T13:00:58.779233,2026-07-07T13:00:58.787423+00:00,139.7,49,ask,,,10882630
2026-07-07T13:00:58.987985,2026-07-07T13:00:59.014425+00:00,139.7,50,ask,,,10882631
2026-07-07T13:01:00.708832,2026-07-07T13:01:00.718665+00:00,139.6,11,ask,,,10882657
2026-07-07T13:01:01.100447,2026-07-07T13:01:01.112059+00:00,139.6,50,ask,,,10882660
2026-07-07T13:01:01.408501,2026-07-07T13:01:01.418873+00:00,139.6,12,ask,,,10882662
2026-07-07T13:01:02.294429,2026-07-07T13:01:02.306249+00:00,139.6,27,ask,,,10882681
2026-07-07T13:01:03.207865,2026-07-07T13:01:03.216345+00:00,139.2,12,ask,,,10882691
2026-07-07T13:01:03.207865,2026-07-07T13:01:03.216345+00:00,139.2,38,ask,,,10882692
2026-07-07T13:01:03.551671,2026-07-07T13:01:03.558231+00:00,139.6,43,bid,,,10882703
2026-07-07T13:01:05.316798,2026-07-07T13:01:05.328727+00:00,139.3,12,ask,,,10882742
2026-07-07T13:01:05.316798,2026-07-07T13:01:05.328727+00:00,139.2,38,ask,,,10882743
2026-07-07T13:01:05.721060,2026-07-07T13:01:05.729722+00:00,139.4,100,ask,,,10882754
2026-07-07T13:01:07.442708,2026-07-07T13:01:07.449772+00:00,139.4,50,ask,,,10882785
2026-07-07T13:01:08.573345,2026-07-07T13:01:08.582823+00:00,139.5,12,bid,,,10882797
2026-07-07T13:01:08.670462,2026-07-07T13:01:08.679039+00:00,139.2,12,ask,,,10882798
2026-07-07T13:01:08.684690,2026-07-07T13:01:08.697124+00:00,139.1,22,bid,,,10882801
2026-07-07T13:01:09.549632,2026-07-07T13:01:09.558925+00:00,139.0,12,ask,,,10882816
2026-07-07T13:01:09.549632,2026-07-07T13:01:09.558925+00:00,139.0,38,ask,,,10882817
2026-07-07T13:01:13.717603,2026-07-07T13:01:13.724001+00:00,139.2,50,bid,,,10882876
2026-07-07T13:01:14.296940,2026-07-07T13:01:14.308624+00:00,139.2,45,bid,,,10882890
2026-07-07T13:01:17.967555,2026-07-07T13:01:17.979479+00:00,139.5,50,bid,,,10882946
2026-07-07T13:01:20.177794,2026-07-07T13:01:20.185583+00:00,139.3,12,ask,,,10882976
2026-07-07T13:01:20.177794,2026-07-07T13:01:20.191066+00:00,139.2,31,ask,,,10882977
2026-07-07T13:01:22.268309,2026-07-07T13:01:22.280074+00:00,139.2,12,ask,,,10883011
2026-07-07T13:01:22.268309,2026-07-07T13:01:22.280074+00:00,139.2,38,ask,,,10883012
2026-07-07T13:01:23.906764,2026-07-07T13:01:23.916639+00:00,139.5,12,bid,,,10883044
2026-07-07T13:01:23.906764,2026-07-07T13:01:23.916639+00:00,139.6,28,bid,,,10883045
2026-07-07T13:01:26.429077,2026-07-07T13:01:26.436709+00:00,139.6,50,bid,,,10883077
2026-07-07T13:01:27.550208,2026-07-07T13:01:27.556553+00:00,139.6,45,bid,,,10883088
2026-07-07T13:01:28.026479,2026-07-07T13:01:28.037084+00:00,139.6,49,ask,,,10883098
2026-07-07T13:01:28.623096,2026-07-07T13:01:28.632613+00:00,139.6,50,ask,,,10883105
2026-07-07T13:01:29.250340,2026-07-07T13:01:29.258590+00:00,139.8,12,bid,,,10883110
2026-07-07T13:01:29.250340,2026-07-07T13:01:29.258590+00:00,139.9,35,bid,,,10883111
2026-07-07T13:01:30.730532,2026-07-07T13:01:30.742134+00:00,139.6,1,ask,,,10883143
2026-07-07T13:01:30.730532,2026-07-07T13:01:30.742134+00:00,139.4,49,ask,,,10883144
2026-07-07T13:01:32.866432,2026-07-07T13:01:32.874064+00:00,139.4,12,ask,,,10883180
2026-07-07T13:01:32.866432,2026-07-07T13:01:32.879749+00:00,139.3,38,ask,,,10883181
2026-07-07T13:01:33.392583,2026-07-07T13:01:33.404423+00:00,139.3,40,ask,,,10883188
2026-07-07T13:01:34.069013,2026-07-07T13:01:34.085717+00:00,139.5,43,bid,,,10883194
2026-07-07T13:01:34.975291,2026-07-07T13:01:34.986909+00:00,139.2,50,ask,,,10883215
2026-07-07T13:01:35.519132,2026-07-07T13:01:35.526430+00:00,139.2,46,ask,,,10883219
2026-07-07T13:01:37.118411,2026-07-07T13:01:37.127848+00:00,139.3,12,ask,,,10883244
2026-07-07T13:01:37.118411,2026-07-07T13:01:37.127848+00:00,139.2,4,ask,,,10883245
2026-07-07T13:01:37.408098,2026-07-07T13:01:37.419131+00:00,139.4,44,bid,,,10883261
2026-07-07T13:01:37.462385,2026-07-07T13:01:37.469426+00:00,139.2,12,ask,,,10883264
2026-07-07T13:01:37.462385,2026-07-07T13:01:37.474698+00:00,139.1,32,ask,,,10883265
2026-07-07T13:01:38.567063,2026-07-07T13:01:38.579302+00:00,139.4,48,bid,,,10883277
2026-07-07T13:01:39.228996,2026-07-07T13:01:39.240966+00:00,139.3,12,ask,,,10883286
2026-07-07T13:01:39.228996,2026-07-07T13:01:39.240966+00:00,139.1,38,ask,,,10883287
2026-07-07T13:01:40.337439,2026-07-07T13:01:40.349073+00:00,139.3,12,ask,,,10883301
2026-07-07T13:01:40.351029,2026-07-07T13:01:40.360580+00:00,139.3,12,bid,,,10883304
2026-07-07T13:01:41.340049,2026-07-07T13:01:41.346925+00:00,139.2,50,ask,,,10883320
2026-07-07T13:01:41.593361,2026-07-07T13:01:41.602198+00:00,139.3,11,bid,,,10883328
2026-07-07T13:01:42.353663,2026-07-07T13:01:42.365351+00:00,139.2,42,ask,,,10883339
2026-07-07T13:01:43.446762,2026-07-07T13:01:43.453280+00:00,139.2,8,ask,,,10883356
2026-07-07T13:01:45.401423,2026-07-07T13:01:45.412957+00:00,139.4,12,ask,,,10883385
2026-07-07T13:01:45.401423,2026-07-07T13:01:45.412957+00:00,139.1,30,ask,,,10883386
2026-07-07T13:01:45.574621,2026-07-07T13:01:45.585846+00:00,139.1,50,ask,,,10883388
2026-07-07T13:01:46.669284,2026-07-07T13:01:46.679130+00:00,139.3,12,bid,,,10883412
2026-07-07T13:01:46.931054,2026-07-07T13:01:46.942704+00:00,139.3,3,bid,,,10883416
2026-07-07T13:01:47.198980,2026-07-07T13:01:47.211309+00:00,139.3,3,bid,,,10883419
2026-07-07T13:01:47.659479,2026-07-07T13:01:47.670228+00:00,139.3,6,bid,,,10883425
2026-07-07T13:01:47.682713,2026-07-07T13:01:47.694344+00:00,139.1,10,ask,,,10883428
2026-07-07T13:01:47.682713,2026-07-07T13:01:47.694344+00:00,139.0,40,ask,,,10883429
2026-07-07T13:01:56.099331,2026-07-07T13:01:56.111196+00:00,139.6,50,bid,,,10883559
2026-07-07T13:01:56.887634,2026-07-07T13:01:56.899388+00:00,139.7,48,bid,,,10883571
2026-07-07T13:01:58.208052,2026-07-07T13:01:58.214873+00:00,139.7,50,bid,,,10883597
2026-07-07T13:02:00.389500,2026-07-07T13:02:00.401361+00:00,139.4,50,ask,,,10883640
2026-07-07T13:02:01.165194,2026-07-07T13:02:01.174236+00:00,139.4,17,ask,,,10883653
2026-07-07T13:02:02.445354,2026-07-07T13:02:02.458547+00:00,139.5,12,bid,,,10883671
2026-07-07T13:02:02.445354,2026-07-07T13:02:02.458547+00:00,139.6,38,bid,,,10883672
2026-07-07T13:02:02.832167,2026-07-07T13:02:02.843801+00:00,139.3,48,bid,,,10883683
2026-07-07T13:02:03.426363,2026-07-07T13:02:03.440213+00:00,139.3,11,bid,,,10883693
2026-07-07T13:02:05.587277,2026-07-07T13:02:05.599195+00:00,139.1,49,ask,,,10883731
2026-07-07T13:02:06.689213,2026-07-07T13:02:06.700748+00:00,139.4,50,bid,,,10883749
2026-07-07T13:02:07.513865,2026-07-07T13:02:07.525616+00:00,139.1,49,ask,,,10883763
2026-07-07T13:02:08.152633,2026-07-07T13:02:08.158553+00:00,139.4,40,bid,,,10883767
2026-07-07T13:02:08.804198,2026-07-07T13:02:08.815898+00:00,139.4,10,bid,,,10883780
2026-07-07T13:02:08.804198,2026-07-07T13:02:08.815898+00:00,139.4,12,bid,,,10883781
2026-07-07T13:02:10.912018,2026-07-07T13:02:10.923835+00:00,139.3,50,bid,,,10883817
2026-07-07T13:02:11.636086,2026-07-07T13:02:11.647142+00:00,139.3,46,bid,,,10883834
2026-07-07T13:02:11.669940,2026-07-07T13:02:11.678905+00:00,139.0,11,ask,,,10883835
2026-07-07T13:02:11.691622,2026-07-07T13:02:11.703088+00:00,139.0,40,ask,,,10883837
2026-07-07T13:02:13.056570,2026-07-07T13:02:13.068666+00:00,139.1,50,bid,,,10883856
2026-07-07T13:02:13.135820,2026-07-07T13:02:13.143238+00:00,139.1,42,bid,,,10883861
2026-07-07T13:02:13.711018,2026-07-07T13:02:13.722727+00:00,138.9,44,ask,,,10883869
2026-07-07T13:02:15.168104,2026-07-07T13:02:15.179644+00:00,139.1,8,bid,,,10883890
2026-07-07T13:02:15.168104,2026-07-07T13:02:15.179644+00:00,139.3,12,bid,,,10883891
2026-07-07T13:02:15.168104,2026-07-07T13:02:15.179644+00:00,139.4,30,bid,,,10883892
2026-07-07T13:02:15.609643,2026-07-07T13:02:15.618533+00:00,139.1,12,ask,,,10883903
2026-07-07T13:02:15.910994,2026-07-07T13:02:15.919313+00:00,139.1,44,ask,,,10883910
2026-07-07T13:02:16.759537,2026-07-07T13:02:16.768888+00:00,139.3,12,bid,,,10883927
2026-07-07T13:02:17.291021,2026-07-07T13:02:17.302884+00:00,139.4,50,bid,,,10883943
2026-07-07T13:02:18.261943,2026-07-07T13:02:18.269591+00:00,139.4,12,bid,,,10883957
2026-07-07T13:02:19.399185,2026-07-07T13:02:19.410617+00:00,139.6,50,bid,,,10883977
2026-07-07T13:02:21.532626,2026-07-07T13:02:21.544176+00:00,139.6,50,bid,,,10884016
2026-07-07T13:02:23.566276,2026-07-07T13:02:23.575146+00:00,139.5,43,ask,,,10884036
2026-07-07T13:02:23.643032,2026-07-07T13:02:23.649963+00:00,139.8,12,bid,,,10884039
2026-07-07T13:02:23.643032,2026-07-07T13:02:23.654932+00:00,140.0,38,bid,,,10884040
2026-07-07T13:02:24.599517,2026-07-07T13:02:24.610905+00:00,139.9,12,bid,,,10884065
2026-07-07T13:02:24.599517,2026-07-07T13:02:24.610905+00:00,140.0,35,bid,,,10884066
2026-07-07T13:02:24.806601,2026-07-07T13:02:24.815597+00:00,139.7,12,ask,,,10884068
2026-07-07T13:02:25.762214,2026-07-07T13:02:25.773724+00:00,140.0,50,bid,,,10884085
2026-07-07T13:02:26.169900,2026-07-07T13:02:26.178528+00:00,139.7,11,ask,,,10884091
2026-07-07T13:02:27.262558,2026-07-07T13:02:27.274732+00:00,139.9,12,bid,,,10884110
2026-07-07T13:02:27.262558,2026-07-07T13:02:27.274732+00:00,140.0,36,bid,,,10884111
2026-07-07T13:02:27.484337,2026-07-07T13:02:27.494719+00:00,139.7,11,ask,,,10884117
2026-07-07T13:02:27.869999,2026-07-07T13:02:27.881381+00:00,140.2,50,bid,,,10884120
2026-07-07T13:02:29.999682,2026-07-07T13:02:30.008006+00:00,139.9,12,bid,,,10884147
2026-07-07T13:02:29.999682,2026-07-07T13:02:30.013492+00:00,140.1,38,bid,,,10884148
2026-07-07T13:02:31.015592,2026-07-07T13:02:31.026877+00:00,139.9,43,ask,,,10884171
2026-07-07T13:02:32.108637,2026-07-07T13:02:32.120527+00:00,140.0,12,bid,,,10884197
2026-07-07T13:02:32.108637,2026-07-07T13:02:32.120527+00:00,140.4,38,bid,,,10884198
2026-07-07T13:02:33.155849,2026-07-07T13:02:33.167582+00:00,140.2,12,bid,,,10884214
2026-07-07T13:02:33.155849,2026-07-07T13:02:33.167582+00:00,140.4,34,bid,,,10884215
2026-07-07T13:02:34.092343,2026-07-07T13:02:34.101534+00:00,140.3,12,ask,,,10884234
2026-07-07T13:02:34.249255,2026-07-07T13:02:34.255564+00:00,140.8,50,bid,,,10884237
2026-07-07T13:02:34.787595,2026-07-07T13:02:34.796794+00:00,140.3,45,ask,,,10884245
2026-07-07T13:02:36.263682,2026-07-07T13:02:36.275282+00:00,140.3,40,ask,,,10884263
2026-07-07T13:02:36.422284,2026-07-07T13:02:36.428994+00:00,140.3,50,ask,,,10884270
2026-07-07T13:02:36.869092,2026-07-07T13:02:36.880578+00:00,140.3,3,ask,,,10884274
2026-07-07T13:02:37.491172,2026-07-07T13:02:37.502325+00:00,140.3,42,ask,,,10884288
2026-07-07T13:02:38.424067,2026-07-07T13:02:38.435507+00:00,140.5,49,bid,,,10884299
2026-07-07T13:02:39.005651,2026-07-07T13:02:39.017483+00:00,140.3,45,ask,,,10884312
2026-07-07T13:02:40.663636,2026-07-07T13:02:40.675026+00:00,140.3,50,ask,,,10884334
2026-07-07T13:02:41.659028,2026-07-07T13:02:41.670876+00:00,140.5,4,bid,,,10884349
2026-07-07T13:02:41.659028,2026-07-07T13:02:41.670876+00:00,140.6,37,bid,,,10884350
2026-07-07T13:02:42.720388,2026-07-07T13:02:42.728365+00:00,140.6,50,bid,,,10884369
2026-07-07T13:02:43.849734,2026-07-07T13:02:43.858581+00:00,140.6,48,ask,,,10884383
2026-07-07T13:02:44.882222,2026-07-07T13:02:44.893935+00:00,140.6,50,ask,,,10884407
2026-07-07T13:02:49.097364,2026-07-07T13:02:49.107351+00:00,140.4,50,ask,,,10884478
2026-07-07T13:02:51.915987,2026-07-07T13:02:51.925024+00:00,140.5,12,bid,,,10884515
2026-07-07T13:02:53.314301,2026-07-07T13:02:53.325907+00:00,140.3,12,ask,,,10884540
2026-07-07T13:02:53.314301,2026-07-07T13:02:53.325907+00:00,140.3,38,ask,,,10884541
2026-07-07T13:02:53.408421,2026-07-07T13:02:53.416044+00:00,140.7,45,bid,,,10884546
2026-07-07T13:02:54.994518,2026-07-07T13:02:55.006187+00:00,140.7,44,bid,,,10884567
2026-07-07T13:02:55.423811,2026-07-07T13:02:55.435642+00:00,140.4,12,ask,,,10884575
2026-07-07T13:02:55.423811,2026-07-07T13:02:55.435642+00:00,140.3,38,ask,,,10884576
2026-07-07T13:02:56.095913,2026-07-07T13:02:56.106028+00:00,140.7,49,bid,,,10884591
2026-07-07T13:02:56.157136,2026-07-07T13:02:56.168717+00:00,140.3,24,ask,,,10884592
2026-07-07T13:02:56.157136,2026-07-07T13:02:56.168717+00:00,140.2,19,ask,,,10884593
2026-07-07T13:02:56.218369,2026-07-07T13:02:56.229949+00:00,140.8,100,bid,,,10884594
2026-07-07T13:02:56.218369,2026-07-07T13:02:56.229949+00:00,140.8,12,bid,,,10884595
2026-07-07T13:02:56.286099,2026-07-07T13:02:56.294636+00:00,140.8,12,ask,,,10884598
2026-07-07T13:02:57.483126,2026-07-07T13:02:57.494493+00:00,140.9,12,bid,,,10884613
2026-07-07T13:02:57.811359,2026-07-07T13:02:57.822995+00:00,140.8,26,ask,,,10884627
2026-07-07T13:02:57.811359,2026-07-07T13:02:57.822995+00:00,140.5,22,ask,,,10884628
2026-07-07T13:02:58.936532,2026-07-07T13:02:58.948423+00:00,141.0,40,bid,,,10884649
2026-07-07T13:02:59.454415,2026-07-07T13:02:59.465417+00:00,140.7,12,bid,,,10884660
2026-07-07T13:02:59.590782,2026-07-07T13:02:59.602884+00:00,140.7,50,bid,,,10884662
2026-07-07T13:03:00.596197,2026-07-07T13:03:00.607786+00:00,140.7,40,bid,,,10884675
2026-07-07T13:03:00.651126,2026-07-07T13:03:00.654762+00:00,140.6,40,ask,,,10884678
2026-07-07T13:03:01.249098,2026-07-07T13:03:01.268767+00:00,140.7,11,bid,,,10884686
2026-07-07T13:03:01.323164,2026-07-07T13:03:01.332300+00:00,140.7,12,bid,,,10884693
2026-07-07T13:03:01.699772,2026-07-07T13:03:01.711319+00:00,140.7,25,bid,,,10884701
2026-07-07T13:03:01.699772,2026-07-07T13:03:01.711319+00:00,141.1,25,bid,,,10884702
2026-07-07T13:03:02.173733,2026-07-07T13:03:02.185311+00:00,141.1,47,bid,,,10884704
2026-07-07T13:03:02.565013,2026-07-07T13:03:02.574580+00:00,140.9,11,ask,,,10884710
2026-07-07T13:03:02.825589,2026-07-07T13:03:02.836759+00:00,140.9,12,ask,,,10884722
2026-07-07T13:03:03.808515,2026-07-07T13:03:03.818772+00:00,141.1,12,bid,,,10884740
2026-07-07T13:03:03.808515,2026-07-07T13:03:03.818772+00:00,141.2,38,bid,,,10884741
2026-07-07T13:03:05.089478,2026-07-07T13:03:05.101293+00:00,140.9,46,ask,,,10884757
2026-07-07T13:03:05.580090,2026-07-07T13:03:05.591906+00:00,140.9,45,ask,,,10884775
2026-07-07T13:03:05.915629,2026-07-07T13:03:05.927326+00:00,141.3,50,bid,,,10884779
2026-07-07T13:03:08.023176,2026-07-07T13:03:08.034877+00:00,141.3,50,bid,,,10884824
2026-07-07T13:03:08.199274,2026-07-07T13:03:08.207283+00:00,141.2,40,ask,,,10884828
2026-07-07T13:03:10.180874,2026-07-07T13:03:10.190172+00:00,141.1,50,ask,,,10884859
2026-07-07T13:03:12.287375,2026-07-07T13:03:12.299002+00:00,141.1,50,ask,,,10884893
2026-07-07T13:03:14.394328,2026-07-07T13:03:14.406479+00:00,141.1,50,ask,,,10884927
2026-07-07T13:03:15.256210,2026-07-07T13:03:15.267845+00:00,141.0,100,ask,,,10884943
2026-07-07T13:03:16.503480,2026-07-07T13:03:16.515348+00:00,140.8,12,ask,,,10884962
2026-07-07T13:03:16.503480,2026-07-07T13:03:16.515348+00:00,140.6,38,ask,,,10884963
2026-07-07T13:03:18.628457,2026-07-07T13:03:18.640554+00:00,140.9,50,ask,,,10884988
2026-07-07T13:03:21.883400,2026-07-07T13:03:21.892378+00:00,140.9,12,bid,,,10885040
2026-07-07T13:03:22.672464,2026-07-07T13:03:22.683998+00:00,140.9,43,bid,,,10885050
2026-07-07T13:03:22.841532,2026-07-07T13:03:22.850418+00:00,140.8,12,ask,,,10885051
2026-07-07T13:03:24.638640,2026-07-07T13:03:24.649348+00:00,140.9,11,bid,,,10885075
2026-07-07T13:03:24.898170,2026-07-07T13:03:24.908052+00:00,140.9,34,bid,,,10885083
2026-07-07T13:03:24.898170,2026-07-07T13:03:24.908052+00:00,141.1,12,bid,,,10885084
2026-07-07T13:03:26.272962,2026-07-07T13:03:26.284679+00:00,141.2,48,bid,,,10885103
2026-07-07T13:03:26.737697,2026-07-07T13:03:26.749541+00:00,141.2,42,bid,,,10885107
2026-07-07T13:03:27.007535,2026-07-07T13:03:27.019262+00:00,141.2,50,bid,,,10885108
2026-07-07T13:03:27.860887,2026-07-07T13:03:27.883249+00:00,141.2,12,bid,,,10885117
2026-07-07T13:03:27.873605,2026-07-07T13:03:27.883249+00:00,141.2,23,ask,,,10885119
2026-07-07T13:03:28.754066,2026-07-07T13:03:28.765698+00:00,141.2,46,ask,,,10885129
2026-07-07T13:03:29.116355,2026-07-07T13:03:29.125782+00:00,141.3,50,bid,,,10885139
2026-07-07T13:03:29.293047,2026-07-07T13:03:29.301632+00:00,141.3,47,bid,,,10885144
2026-07-07T13:03:31.224943,2026-07-07T13:03:31.240841+00:00,141.3,3,bid,,,10885171
2026-07-07T13:03:31.224943,2026-07-07T13:03:31.240841+00:00,141.4,47,bid,,,10885172
2026-07-07T13:03:32.416613,2026-07-07T13:03:32.424647+00:00,141.1,48,ask,,,10885191
2026-07-07T13:03:33.333491,2026-07-07T13:03:33.340164+00:00,141.4,50,bid,,,10885206
2026-07-07T13:03:34.198814,2026-07-07T13:03:34.209471+00:00,141.5,11,ask,,,10885227
2026-07-07T13:03:34.412410,2026-07-07T13:03:34.421696+00:00,141.5,12,ask,,,10885232
2026-07-07T13:03:35.493287,2026-07-07T13:03:35.505104+00:00,141.5,50,ask,,,10885245
2026-07-07T13:03:36.108993,2026-07-07T13:03:36.120644+00:00,141.5,42,ask,,,10885256
2026-07-07T13:03:37.030038,2026-07-07T13:03:37.040285+00:00,141.5,11,ask,,,10885263
2026-07-07T13:03:37.117773,2026-07-07T13:03:37.125597+00:00,141.5,24,ask,,,10885267
2026-07-07T13:03:37.117773,2026-07-07T13:03:37.131139+00:00,141.1,19,ask,,,10885268
2026-07-07T13:03:37.409813,2026-07-07T13:03:37.417855+00:00,141.2,11,bid,,,10885270
2026-07-07T13:03:37.601707,2026-07-07T13:03:37.612742+00:00,140.9,12,ask,,,10885272
2026-07-07T13:03:37.601707,2026-07-07T13:03:37.612742+00:00,140.7,38,ask,,,10885273
2026-07-07T13:03:37.655385,2026-07-07T13:03:37.666491+00:00,141.2,47,bid,,,10885274
2026-07-07T13:03:38.222976,2026-07-07T13:03:38.243548+00:00,141.2,12,bid,,,10885290
2026-07-07T13:03:38.244106,2026-07-07T13:03:38.263899+00:00,141.2,45,bid,,,10885293
2026-07-07T13:03:38.769660,2026-07-07T13:03:38.781441+00:00,141.0,12,ask,,,10885300
2026-07-07T13:03:38.769660,2026-07-07T13:03:38.781441+00:00,140.9,29,ask,,,10885301
2026-07-07T13:03:38.836045,2026-07-07T13:03:38.847996+00:00,141.2,11,bid,,,10885302
2026-07-07T13:03:39.713984,2026-07-07T13:03:39.721441+00:00,140.9,50,ask,,,10885320
2026-07-07T13:03:40.033172,2026-07-07T13:03:40.043151+00:00,141.2,12,bid,,,10885322
2026-07-07T13:03:40.505786,2026-07-07T13:03:40.514267+00:00,141.3,12,bid,,,10885331
2026-07-07T13:03:41.838509,2026-07-07T13:03:41.847021+00:00,141.3,50,ask,,,10885351
2026-07-07T13:03:42.774900,2026-07-07T13:03:42.782841+00:00,141.3,46,ask,,,10885365
2026-07-07T13:03:43.944288,2026-07-07T13:03:43.958583+00:00,141.0,50,ask,,,10885389
2026-07-07T13:03:48.103831,2026-07-07T13:03:48.115527+00:00,141.1,50,bid,,,10885451
2026-07-07T13:03:49.542839,2026-07-07T13:03:49.554351+00:00,141.1,46,bid,,,10885471
2026-07-07T13:03:50.263424,2026-07-07T13:03:50.273907+00:00,141.0,50,ask,,,10885486
2026-07-07T13:03:52.369301,2026-07-07T13:03:52.376820+00:00,141.0,50,ask,,,10885507
2026-07-07T13:03:53.218161,2026-07-07T13:03:53.230200+00:00,140.9,12,ask,,,10885521
2026-07-07T13:03:53.734764,2026-07-07T13:03:53.745485+00:00,140.9,11,bid,,,10885529
2026-07-07T13:03:54.476882,2026-07-07T13:03:54.488660+00:00,140.7,50,ask,,,10885540
2026-07-07T13:03:55.949407,2026-07-07T13:03:55.958549+00:00,140.9,45,bid,,,10885562
2026-07-07T13:03:56.584038,2026-07-07T13:03:56.594570+00:00,140.8,50,ask,,,10885567
2026-07-07T13:03:56.998011,2026-07-07T13:03:57.011224+00:00,141.1,41,bid,,,10885571
2026-07-07T13:04:01.244017,2026-07-07T13:04:01.258599+00:00,140.8,12,ask,,,10885642
2026-07-07T13:04:01.244017,2026-07-07T13:04:01.258599+00:00,140.8,28,ask,,,10885643
2026-07-07T13:04:02.781644,2026-07-07T13:04:02.791700+00:00,141.3,49,bid,,,10885671
2026-07-07T13:04:02.849118,2026-07-07T13:04:02.860868+00:00,141.3,50,bid,,,10885672
2026-07-07T13:04:04.957255,2026-07-07T13:04:04.968833+00:00,141.4,50,bid,,,10885710
2026-07-07T13:04:05.652899,2026-07-07T13:04:05.662551+00:00,141.2,45,ask,,,10885721
2026-07-07T13:04:06.118128,2026-07-07T13:04:06.129687+00:00,141.6,100,bid,,,10885739
2026-07-07T13:04:06.123621,2026-07-07T13:04:06.135125+00:00,141.3,12,ask,,,10885740
2026-07-07T13:04:07.066814,2026-07-07T13:04:07.074347+00:00,141.6,50,bid,,,10885752
2026-07-07T13:04:09.005469,2026-07-07T13:04:09.012720+00:00,141.9,12,bid,,,10885786
2026-07-07T13:04:09.018929,2026-07-07T13:04:09.029308+00:00,141.9,46,ask,,,10885787
2026-07-07T13:04:09.224121,2026-07-07T13:04:09.231941+00:00,141.9,50,ask,,,10885798
2026-07-07T13:04:09.337759,2026-07-07T13:04:09.344700+00:00,141.9,42,ask,,,10885803
2026-07-07T13:04:09.350842,2026-07-07T13:04:09.360485+00:00,141.5,35,bid,,,10885804
2026-07-07T13:04:10.539348,2026-07-07T13:04:10.551250+00:00,141.4,12,ask,,,10885821
2026-07-07T13:04:11.279960,2026-07-07T13:04:11.291935+00:00,141.5,23,bid,,,10885836
2026-07-07T13:04:11.279960,2026-07-07T13:04:11.291935+00:00,141.7,12,bid,,,10885837
2026-07-07T13:04:11.279960,2026-07-07T13:04:11.291935+00:00,142.4,15,bid,,,10885838
2026-07-07T13:04:15.553588,2026-07-07T13:04:15.554407+00:00,141.3,12,ask,,,10885912
2026-07-07T13:04:15.553588,2026-07-07T13:04:15.554407+00:00,141.3,38,ask,,,10885913
2026-07-07T13:04:15.627691,2026-07-07T13:04:15.636829+00:00,141.3,49,ask,,,10885914
2026-07-07T13:04:17.570116,2026-07-07T13:04:17.579550+00:00,141.5,12,bid,,,10885955
2026-07-07T13:04:17.570116,2026-07-07T13:04:17.579550+00:00,141.8,37,bid,,,10885956
2026-07-07T13:04:18.487876,2026-07-07T13:04:18.497842+00:00,141.3,49,ask,,,10885973
2026-07-07T13:04:19.652739,2026-07-07T13:04:19.659886+00:00,141.4,48,bid,,,10885995
2026-07-07T13:04:19.765137,2026-07-07T13:04:19.774372+00:00,141.2,12,ask,,,10885998
2026-07-07T13:04:19.765137,2026-07-07T13:04:19.774372+00:00,140.9,38,ask,,,10885999
2026-07-07T13:04:21.874278,2026-07-07T13:04:21.884667+00:00,141.0,12,ask,,,10886035
2026-07-07T13:04:21.874278,2026-07-07T13:04:21.884667+00:00,141.0,38,ask,,,10886036
2026-07-07T13:04:23.981889,2026-07-07T13:04:23.991126+00:00,141.2,12,ask,,,10886067
2026-07-07T13:04:23.981889,2026-07-07T13:04:23.991126+00:00,141.1,38,ask,,,10886068
2026-07-07T13:04:23.990356,2026-07-07T13:04:24.001820+00:00,141.1,45,ask,,,10886069
2026-07-07T13:04:25.168919,2026-07-07T13:04:25.178110+00:00,141.3,11,bid,,,10886081
2026-07-07T13:04:25.444951,2026-07-07T13:04:25.455938+00:00,141.3,11,bid,,,10886090
2026-07-07T13:04:26.108052,2026-07-07T13:04:26.117019+00:00,141.2,12,ask,,,10886098
2026-07-07T13:04:26.108052,2026-07-07T13:04:26.117019+00:00,140.9,38,ask,,,10886099
2026-07-07T13:04:26.552787,2026-07-07T13:04:26.569608+00:00,141.3,41,bid,,,10886104
2026-07-07T13:04:27.571304,2026-07-07T13:04:27.580523+00:00,141.3,37,bid,,,10886120
2026-07-07T13:04:27.571304,2026-07-07T13:04:27.580523+00:00,141.4,11,bid,,,10886121
2026-07-07T13:04:28.217314,2026-07-07T13:04:28.226268+00:00,141.0,12,ask,,,10886132
2026-07-07T13:04:28.217314,2026-07-07T13:04:28.231515+00:00,140.8,38,ask,,,10886133
2026-07-07T13:04:29.232615,2026-07-07T13:04:29.243673+00:00,141.3,49,bid,,,10886140
2026-07-07T13:04:29.591769,2026-07-07T13:04:29.600770+00:00,141.3,12,bid,,,10886148
2026-07-07T13:04:29.705352,2026-07-07T13:04:29.709032+00:00,141.3,12,bid,,,10886150
2026-07-07T13:04:30.235348,2026-07-07T13:04:30.245119+00:00,141.3,12,bid,,,10886161
2026-07-07T13:04:31.894934,2026-07-07T13:04:31.906663+00:00,141.2,10,ask,,,10886186
2026-07-07T13:04:31.894934,2026-07-07T13:04:31.906663+00:00,141.2,38,ask,,,10886187
2026-07-07T13:04:32.435616,2026-07-07T13:04:32.447462+00:00,141.2,45,ask,,,10886201
2026-07-07T13:04:32.449067,2026-07-07T13:04:32.458585+00:00,141.2,17,ask,,,10886202
2026-07-07T13:04:32.449067,2026-07-07T13:04:32.458585+00:00,141.1,33,ask,,,10886203
2026-07-07T13:04:34.566435,2026-07-07T13:04:34.573979+00:00,141.1,50,ask,,,10886233
2026-07-07T13:04:35.607165,2026-07-07T13:04:35.618709+00:00,141.5,46,bid,,,10886253
2026-07-07T13:04:36.673343,2026-07-07T13:04:36.685200+00:00,141.1,50,ask,,,10886265
2026-07-07T13:04:37.565059,2026-07-07T13:04:37.574313+00:00,141.2,11,bid,,,10886274
2026-07-07T13:04:38.784359,2026-07-07T13:04:38.795736+00:00,141.1,50,ask,,,10886292
2026-07-07T13:04:40.138978,2026-07-07T13:04:40.158619+00:00,141.2,49,bid,,,10886303
2026-07-07T13:04:40.891805,2026-07-07T13:04:40.903679+00:00,140.8,50,ask,,,10886313
2026-07-07T13:04:43.000958,2026-07-07T13:04:43.020420+00:00,140.9,50,ask,,,10886340
2026-07-07T13:04:43.349823,2026-07-07T13:04:43.358585+00:00,140.9,42,ask,,,10886348
2026-07-07T13:04:44.393463,2026-07-07T13:04:44.403862+00:00,141.2,42,bid,,,10886361
2026-07-07T13:04:46.193163,2026-07-07T13:04:46.205011+00:00,140.7,40,ask,,,10886388
2026-07-07T13:04:47.303488,2026-07-07T13:04:47.315293+00:00,141.1,40,bid,,,10886406
2026-07-07T13:04:49.310289,2026-07-07T13:04:49.328120+00:00,141.1,50,bid,,,10886430
2026-07-07T13:04:49.317812,2026-07-07T13:04:49.328120+00:00,141.1,6,bid,,,10886431
2026-07-07T13:04:49.617287,2026-07-07T13:04:49.628830+00:00,141.1,49,bid,,,10886439
2026-07-07T13:04:50.170340,2026-07-07T13:04:50.191435+00:00,141.1,100,bid,,,10886448
2026-07-07T13:04:50.181455,2026-07-07T13:04:50.191435+00:00,141.4,6,ask,,,10886449
2026-07-07T13:04:50.696028,2026-07-07T13:04:50.706333+00:00,141.4,11,ask,,,10886455
2026-07-07T13:04:51.420325,2026-07-07T13:04:51.432715+00:00,141.6,50,bid,,,10886472
2026-07-07T13:04:53.798948,2026-07-07T13:04:53.808238+00:00,141.1,45,ask,,,10886507
2026-07-07T13:04:55.665931,2026-07-07T13:04:55.674407+00:00,141.3,50,bid,,,10886546
2026-07-07T13:04:57.778103,2026-07-07T13:04:57.790684+00:00,141.5,50,bid,,,10886574
2026-07-07T13:04:59.378135,2026-07-07T13:04:59.388440+00:00,141.3,12,ask,,,10886597
2026-07-07T13:04:59.943599,2026-07-07T13:04:59.955779+00:00,141.0,50,ask,,,10886611
2026-07-07T13:05:01.541800,2026-07-07T13:05:01.551728+00:00,141.0,40,ask,,,10886634
2026-07-07T13:05:02.056026,2026-07-07T13:05:02.063638+00:00,141.0,50,ask,,,10886642
2026-07-07T13:05:02.197746,2026-07-07T13:05:02.209770+00:00,141.0,10,ask,,,10886645
2026-07-07T13:05:02.197746,2026-07-07T13:05:02.209770+00:00,140.9,34,ask,,,10886646
2026-07-07T13:05:02.903356,2026-07-07T13:05:02.910849+00:00,140.9,66,ask,,,10886655
2026-07-07T13:05:02.916955,2026-07-07T13:05:02.927163+00:00,140.8,29,bid,,,10886656
2026-07-07T13:05:04.169765,2026-07-07T13:05:04.180085+00:00,140.5,50,ask,,,10886678
2026-07-07T13:05:04.896561,2026-07-07T13:05:04.906975+00:00,140.8,47,bid,,,10886694
2026-07-07T13:05:05.456319,2026-07-07T13:05:05.466005+00:00,140.8,8,bid,,,10886707
2026-07-07T13:05:06.292775,2026-07-07T13:05:06.309913+00:00,140.7,50,ask,,,10886721
2026-07-07T13:05:06.306138,2026-07-07T13:05:06.314893+00:00,140.7,100,ask,,,10886722
2026-07-07T13:05:08.404672,2026-07-07T13:05:08.416357+00:00,140.2,50,ask,,,10886756
2026-07-07T13:05:09.620196,2026-07-07T13:05:09.632389+00:00,140.6,43,bid,,,10886778
2026-07-07T13:05:13.805250,2026-07-07T13:05:13.815128+00:00,140.2,45,ask,,,10886858
2026-07-07T13:05:14.377565,2026-07-07T13:05:14.385204+00:00,140.2,47,ask,,,10886867
2026-07-07T13:05:14.675373,2026-07-07T13:05:14.694606+00:00,140.6,50,bid,,,10886869
2026-07-07T13:05:15.890074,2026-07-07T13:05:15.901666+00:00,140.7,48,bid,,,10886898
2026-07-07T13:05:16.791715,2026-07-07T13:05:16.802744+00:00,140.7,50,bid,,,10886911
2026-07-07T13:05:16.945716,2026-07-07T13:05:16.952695+00:00,140.7,2,bid,,,10886913
2026-07-07T13:05:18.897547,2026-07-07T13:05:18.904693+00:00,140.9,50,bid,,,10886938
2026-07-07T13:05:19.103198,2026-07-07T13:05:19.114962+00:00,140.4,40,ask,,,10886941
2026-07-07T13:05:22.627046,2026-07-07T13:05:22.638828+00:00,140.5,43,ask,,,10887012
2026-07-07T13:05:23.173480,2026-07-07T13:05:23.183726+00:00,140.5,50,ask,,,10887035
2026-07-07T13:05:27.333762,2026-07-07T13:05:27.343390+00:00,140.7,50,bid,,,10887112
2026-07-07T13:05:29.345631,2026-07-07T13:05:29.357315+00:00,141.0,40,bid,,,10887145
2026-07-07T13:05:29.444274,2026-07-07T13:05:29.455891+00:00,141.0,50,bid,,,10887146
2026-07-07T13:05:31.553903,2026-07-07T13:05:31.565446+00:00,141.2,12,bid,,,10887182
2026-07-07T13:05:31.553903,2026-07-07T13:05:31.565446+00:00,141.3,38,bid,,,10887183
2026-07-07T13:05:31.586655,2026-07-07T13:05:31.594273+00:00,141.3,46,bid,,,10887184
2026-07-07T13:05:34.517599,2026-07-07T13:05:34.524901+00:00,141.0,100,bid,,,10887239
2026-07-07T13:05:34.517599,2026-07-07T13:05:34.530140+00:00,141.1,12,bid,,,10887240
2026-07-07T13:05:34.591450,2026-07-07T13:05:34.600329+00:00,141.1,29,ask,,,10887244
2026-07-07T13:05:35.043307,2026-07-07T13:05:35.058566+00:00,141.1,9,ask,,,10887249
2026-07-07T13:05:37.986748,2026-07-07T13:05:37.997027+00:00,140.9,12,bid,,,10887299
2026-07-07T13:05:38.068024,2026-07-07T13:05:38.078136+00:00,140.9,12,bid,,,10887301
2026-07-07T13:05:39.165348,2026-07-07T13:05:39.174054+00:00,140.9,11,bid,,,10887314
2026-07-07T13:05:39.972550,2026-07-07T13:05:39.979376+00:00,140.9,50,bid,,,10887332
2026-07-07T13:05:40.117779,2026-07-07T13:05:40.126302+00:00,140.9,48,bid,,,10887336
2026-07-07T13:05:40.859646,2026-07-07T13:05:40.870830+00:00,141.1,11,ask,,,10887353
2026-07-07T13:05:45.118913,2026-07-07T13:05:45.130522+00:00,141.0,12,ask,,,10887436
2026-07-07T13:05:45.118913,2026-07-07T13:05:45.130522+00:00,140.9,29,ask,,,10887437
2026-07-07T13:05:46.287011,2026-07-07T13:05:46.296940+00:00,141.3,50,bid,,,10887460
2026-07-07T13:05:48.333556,2026-07-07T13:05:48.342627+00:00,141.0,40,ask,,,10887491
2026-07-07T13:05:48.408159,2026-07-07T13:05:48.423601+00:00,141.3,12,bid,,,10887493
2026-07-07T13:05:48.408159,2026-07-07T13:05:48.423601+00:00,141.3,38,bid,,,10887494
2026-07-07T13:05:50.518437,2026-07-07T13:05:50.530049+00:00,141.4,50,bid,,,10887527
2026-07-07T13:05:51.021562,2026-07-07T13:05:51.033529+00:00,141.3,12,bid,,,10887536
2026-07-07T13:05:51.021562,2026-07-07T13:05:51.033529+00:00,141.3,37,bid,,,10887537
2026-07-07T13:05:51.556191,2026-07-07T13:05:51.558078+00:00,140.9,41,ask,,,10887550
2026-07-07T13:05:52.622713,2026-07-07T13:05:52.631426+00:00,141.3,46,bid,,,10887562
2026-07-07T13:05:52.626136,2026-07-07T13:05:52.636665+00:00,141.3,17,bid,,,10887563
2026-07-07T13:05:52.626136,2026-07-07T13:05:52.636665+00:00,141.4,33,bid,,,10887564
2026-07-07T13:05:53.773366,2026-07-07T13:05:53.780814+00:00,141.2,12,ask,,,10887584
2026-07-07T13:05:54.734748,2026-07-07T13:05:54.746319+00:00,141.4,12,bid,,,10887602
2026-07-07T13:05:54.734748,2026-07-07T13:05:54.746319+00:00,141.6,38,bid,,,10887603
2026-07-07T13:05:56.683940,2026-07-07T13:05:56.692966+00:00,141.4,11,ask,,,10887640
2026-07-07T13:05:56.876322,2026-07-07T13:05:56.886145+00:00,141.7,50,bid,,,10887647
2026-07-07T13:05:58.131210,2026-07-07T13:05:58.139821+00:00,141.4,11,ask,,,10887666
2026-07-07T13:05:58.988409,2026-07-07T13:05:58.999812+00:00,141.8,50,bid,,,10887686
2026-07-07T13:06:01.094888,2026-07-07T13:06:01.106922+00:00,141.7,50,bid,,,10887721
2026-07-07T13:06:01.146090,2026-07-07T13:06:01.158282+00:00,141.5,12,ask,,,10887722
2026-07-07T13:06:02.351498,2026-07-07T13:06:02.357800+00:00,141.5,12,ask,,,10887743
2026-07-07T13:06:02.493328,2026-07-07T13:06:02.505082+00:00,141.5,46,ask,,,10887752
2026-07-07T13:06:03.064161,2026-07-07T13:06:03.075315+00:00,141.6,12,bid,,,10887763
2026-07-07T13:06:03.260821,2026-07-07T13:06:03.272684+00:00,141.4,50,ask,,,10887766
2026-07-07T13:06:05.378732,2026-07-07T13:06:05.385127+00:00,141.4,50,ask,,,10887802
2026-07-07T13:06:05.639132,2026-07-07T13:06:05.648460+00:00,141.5,12,bid,,,10887810
2026-07-07T13:06:07.486209,2026-07-07T13:06:07.495199+00:00,141.4,50,ask,,,10887841
2026-07-07T13:06:09.592435,2026-07-07T13:06:09.599276+00:00,141.2,12,ask,,,10887890
2026-07-07T13:06:09.592435,2026-07-07T13:06:09.604612+00:00,141.0,38,ask,,,10887891
2026-07-07T13:06:09.853456,2026-07-07T13:06:09.864364+00:00,141.4,12,bid,,,10887893
2026-07-07T13:06:09.853456,2026-07-07T13:06:09.869629+00:00,141.5,35,bid,,,10887894
2026-07-07T13:06:11.652029,2026-07-07T13:06:11.655920+00:00,141.5,50,bid,,,10887925
2026-07-07T13:06:13.758693,2026-07-07T13:06:13.770421+00:00,141.5,50,bid,,,10887960
2026-07-07T13:06:15.950625,2026-07-07T13:06:15.959038+00:00,141.1,50,ask,,,10888001
2026-07-07T13:06:18.005895,2026-07-07T13:06:18.017993+00:00,141.6,50,bid,,,10888034
2026-07-07T13:06:20.168132,2026-07-07T13:06:20.177239+00:00,141.3,50,ask,,,10888082
2026-07-07T13:06:21.124689,2026-07-07T13:06:21.134709+00:00,141.3,47,ask,,,10888094
2026-07-07T13:06:21.660930,2026-07-07T13:06:21.672631+00:00,141.4,12,bid,,,10888109
2026-07-07T13:06:21.716052,2026-07-07T13:06:21.727809+00:00,141.3,44,ask,,,10888113
2026-07-07T13:06:22.076975,2026-07-07T13:06:22.094794+00:00,141.3,100,ask,,,10888122
2026-07-07T13:06:22.085888,2026-07-07T13:06:22.094794+00:00,141.2,11,bid,,,10888123
2026-07-07T13:06:22.224994,2026-07-07T13:06:22.231959+00:00,141.2,39,bid,,,10888128
2026-07-07T13:06:22.224994,2026-07-07T13:06:22.236966+00:00,141.4,11,bid,,,10888129
2026-07-07T13:06:23.834357,2026-07-07T13:06:23.846173+00:00,141.5,40,bid,,,10888148
2026-07-07T13:06:24.373887,2026-07-07T13:06:24.380576+00:00,141.5,46,bid,,,10888155
2026-07-07T13:06:26.436098,2026-07-07T13:06:26.444926+00:00,141.5,12,bid,,,10888191
2026-07-07T13:06:26.436098,2026-07-07T13:06:26.444926+00:00,141.7,38,bid,,,10888192
2026-07-07T13:06:26.570329,2026-07-07T13:06:26.580891+00:00,141.3,42,ask,,,10888199
2026-07-07T13:06:28.289055,2026-07-07T13:06:28.298114+00:00,141.3,43,ask,,,10888227
2026-07-07T13:06:28.543497,2026-07-07T13:06:28.552532+00:00,141.4,50,bid,,,10888232
2026-07-07T13:06:30.651635,2026-07-07T13:06:30.658119+00:00,141.4,50,bid,,,10888276
2026-07-07T13:06:32.445812,2026-07-07T13:06:32.457427+00:00,141.6,12,bid,,,10888315
2026-07-07T13:06:32.445812,2026-07-07T13:06:32.457427+00:00,141.9,36,bid,,,10888316
2026-07-07T13:06:32.760082,2026-07-07T13:06:32.772210+00:00,141.8,2,bid,,,10888323
2026-07-07T13:06:32.760082,2026-07-07T13:06:32.772210+00:00,141.9,48,bid,,,10888324
2026-07-07T13:06:33.599640,2026-07-07T13:06:33.611200+00:00,141.4,49,ask,,,10888336
2026-07-07T13:06:34.695436,2026-07-07T13:06:34.703810+00:00,141.5,11,ask,,,10888354
2026-07-07T13:06:34.872593,2026-07-07T13:06:34.883996+00:00,141.9,50,bid,,,10888357
2026-07-07T13:06:34.960637,2026-07-07T13:06:34.972326+00:00,141.6,12,ask,,,10888359
2026-07-07T13:06:36.120515,2026-07-07T13:06:36.129814+00:00,142.0,42,bid,,,10888376
2026-07-07T13:06:36.979254,2026-07-07T13:06:36.990759+00:00,142.0,50,bid,,,10888389
2026-07-07T13:06:37.859465,2026-07-07T13:06:37.873424+00:00,141.8,23,ask,,,10888403
2026-07-07T13:06:39.088101,2026-07-07T13:06:39.099999+00:00,142.0,50,bid,,,10888424
2026-07-07T13:06:39.671428,2026-07-07T13:06:39.683259+00:00,141.8,48,ask,,,10888440
2026-07-07T13:06:40.243056,2026-07-07T13:06:40.251357+00:00,141.8,42,ask,,,10888446
2026-07-07T13:06:40.802899,2026-07-07T13:06:40.814693+00:00,142.0,47,bid,,,10888454
2026-07-07T13:06:41.205274,2026-07-07T13:06:41.216403+00:00,142.0,3,bid,,,10888469
2026-07-07T13:06:41.205274,2026-07-07T13:06:41.216403+00:00,142.0,47,bid,,,10888470
2026-07-07T13:06:41.383741,2026-07-07T13:06:41.395499+00:00,141.9,41,ask,,,10888473
2026-07-07T13:06:43.369585,2026-07-07T13:06:43.379753+00:00,141.9,50,ask,,,10888511
2026-07-07T13:06:45.345367,2026-07-07T13:06:45.353673+00:00,142.2,45,bid,,,10888541
2026-07-07T13:06:45.425782,2026-07-07T13:06:45.432690+00:00,142.2,50,bid,,,10888543
2026-07-07T13:06:47.341267,2026-07-07T13:06:47.353371+00:00,142.2,100,bid,,,10888593
2026-07-07T13:06:47.407187,2026-07-07T13:06:47.416276+00:00,142.2,14,ask,,,10888594
2026-07-07T13:06:47.585348,2026-07-07T13:06:47.596875+00:00,142.2,36,ask,,,10888600
2026-07-07T13:06:48.196007,2026-07-07T13:06:48.207519+00:00,142.1,44,ask,,,10888603
2026-07-07T13:06:49.693941,2026-07-07T13:06:49.702072+00:00,142.1,50,ask,,,10888620
2026-07-07T13:06:50.558757,2026-07-07T13:06:50.570167+00:00,142.1,6,ask,,,10888630
2026-07-07T13:06:51.652403,2026-07-07T13:06:51.666511+00:00,141.9,3,bid,,,10888655
2026-07-07T13:06:51.884877,2026-07-07T13:06:51.893620+00:00,141.9,11,bid,,,10888660
2026-07-07T13:06:53.051283,2026-07-07T13:06:53.057601+00:00,141.9,44,bid,,,10888682
2026-07-07T13:06:53.905194,2026-07-07T13:06:53.914704+00:00,141.8,50,ask,,,10888705
2026-07-07T13:06:57.305616,2026-07-07T13:06:57.317568+00:00,141.6,46,ask,,,10888772
2026-07-07T13:06:59.449309,2026-07-07T13:06:59.457189+00:00,141.9,43,bid,,,10888822
2026-07-07T13:07:00.201443,2026-07-07T13:07:00.208649+00:00,142.1,50,bid,,,10888841
2026-07-07T13:07:01.026652,2026-07-07T13:07:01.037465+00:00,141.6,45,ask,,,10888859
2026-07-07T13:07:02.365798,2026-07-07T13:07:02.374232+00:00,141.6,50,ask,,,10888883
2026-07-07T13:07:03.240286,2026-07-07T13:07:03.250250+00:00,141.6,100,ask,,,10888899
2026-07-07T13:07:04.473495,2026-07-07T13:07:04.482682+00:00,141.2,12,ask,,,10888936
2026-07-07T13:07:04.473495,2026-07-07T13:07:04.482682+00:00,141.1,38,ask,,,10888937
2026-07-07T13:07:04.815932,2026-07-07T13:07:04.829156+00:00,141.5,12,bid,,,10888948
2026-07-07T13:07:06.604495,2026-07-07T13:07:06.617024+00:00,141.4,50,ask,,,10888976
2026-07-07T13:07:06.680162,2026-07-07T13:07:06.686821+00:00,141.4,100,ask,,,10888980
2026-07-07T13:07:07.588439,2026-07-07T13:07:07.600726+00:00,141.8,12,bid,,,10888995
2026-07-07T13:07:07.588439,2026-07-07T13:07:07.605986+00:00,141.9,32,bid,,,10888996
2026-07-07T13:07:08.542756,2026-07-07T13:07:08.550194+00:00,141.0,12,ask,,,10889027
2026-07-07T13:07:12.912727,2026-07-07T13:07:12.924401+00:00,141.4,12,bid,,,10889075
2026-07-07T13:07:13.730725,2026-07-07T13:07:13.740068+00:00,141.3,48,ask,,,10889088
2026-07-07T13:07:15.022658,2026-07-07T13:07:15.035156+00:00,141.5,50,bid,,,10889115
2026-07-07T13:07:15.210622,2026-07-07T13:07:15.222525+00:00,141.5,42,bid,,,10889118
2026-07-07T13:07:16.266404,2026-07-07T13:07:16.274145+00:00,141.5,46,bid,,,10889135
2026-07-07T13:07:17.183050,2026-07-07T13:07:17.192173+00:00,141.2,50,ask,,,10889153
2026-07-07T13:07:17.461455,2026-07-07T13:07:17.470358+00:00,141.2,42,ask,,,10889158
2026-07-07T13:07:18.056167,2026-07-07T13:07:18.058631+00:00,141.2,43,ask,,,10889170
2026-07-07T13:07:19.080250,2026-07-07T13:07:19.090570+00:00,141.1,11,bid,,,10889192
2026-07-07T13:07:19.262233,2026-07-07T13:07:19.271324+00:00,141.1,50,bid,,,10889194
2026-07-07T13:07:21.292694,2026-07-07T13:07:21.304153+00:00,141.1,40,bid,,,10889232
2026-07-07T13:07:23.535034,2026-07-07T13:07:23.545037+00:00,141.0,50,ask,,,10889288
2026-07-07T13:07:25.591077,2026-07-07T13:07:25.602504+00:00,141.3,50,bid,,,10889322
2026-07-07T13:07:26.281180,2026-07-07T13:07:26.293029+00:00,141.0,45,ask,,,10889336
2026-07-07T13:07:27.733211,2026-07-07T13:07:27.740077+00:00,141.3,50,bid,,,10889361
2026-07-07T13:07:28.507058,2026-07-07T13:07:28.515938+00:00,141.2,11,ask,,,10889378
2026-07-07T13:07:29.045684,2026-07-07T13:07:29.057273+00:00,141.3,49,bid,,,10889385
2026-07-07T13:07:29.529006,2026-07-07T13:07:29.536979+00:00,141.2,47,ask,,,10889390
2026-07-07T13:07:29.841282,2026-07-07T13:07:29.853286+00:00,141.3,50,bid,,,10889395
2026-07-07T13:07:31.986070,2026-07-07T13:07:31.994808+00:00,141.4,50,bid,,,10889424
2026-07-07T13:07:32.703440,2026-07-07T13:07:32.715340+00:00,141.4,46,bid,,,10889442
2026-07-07T13:07:33.351772,2026-07-07T13:07:33.360431+00:00,141.4,40,bid,,,10889451
2026-07-07T13:07:33.943312,2026-07-07T13:07:33.954823+00:00,141.2,40,ask,,,10889463
2026-07-07T13:07:34.098197,2026-07-07T13:07:34.110008+00:00,141.4,14,bid,,,10889465
2026-07-07T13:07:34.098197,2026-07-07T13:07:34.110008+00:00,141.7,36,bid,,,10889466
2026-07-07T13:07:34.829833,2026-07-07T13:07:34.840358+00:00,141.6,26,ask,,,10889481
2026-07-07T13:07:38.174428,2026-07-07T13:07:38.183002+00:00,141.4,43,ask,,,10889539
2026-07-07T13:07:38.259311,2026-07-07T13:07:38.270867+00:00,141.4,50,ask,,,10889541
2026-07-07T13:07:40.316805,2026-07-07T13:07:40.328621+00:00,141.5,50,bid,,,10889575
2026-07-07T13:07:40.810519,2026-07-07T13:07:40.821966+00:00,141.5,42,bid,,,10889580
2026-07-07T13:07:42.475986,2026-07-07T13:07:42.487135+00:00,141.1,50,ask,,,10889612
2026-07-07T13:07:44.583039,2026-07-07T13:07:44.594833+00:00,141.0,50,ask,,,10889643
2026-07-07T13:07:45.352805,2026-07-07T13:07:45.364994+00:00,141.0,41,ask,,,10889665
2026-07-07T13:07:46.692452,2026-07-07T13:07:46.704214+00:00,141.0,50,ask,,,10889678
2026-07-07T13:07:46.926690,2026-07-07T13:07:46.938472+00:00,141.4,45,bid,,,10889683
2026-07-07T13:07:47.545435,2026-07-07T13:07:47.554795+00:00,141.1,26,bid,,,10889684
2026-07-07T13:07:47.803935,2026-07-07T13:07:47.810921+00:00,141.1,100,bid,,,10889692
2026-07-07T13:07:48.749288,2026-07-07T13:07:48.754347+00:00,141.1,24,bid,,,10889703
2026-07-07T13:07:48.749288,2026-07-07T13:07:48.754347+00:00,141.7,26,bid,,,10889704
2026-07-07T13:07:50.856963,2026-07-07T13:07:50.863920+00:00,141.5,50,bid,,,10889742
2026-07-07T13:07:52.964653,2026-07-07T13:07:52.974925+00:00,141.3,50,bid,,,10889776
2026-07-07T13:07:53.508115,2026-07-07T13:07:53.517671+00:00,141.0,12,ask,,,10889789
2026-07-07T13:07:53.808350,2026-07-07T13:07:53.819267+00:00,141.1,11,ask,,,10889794
2026-07-07T13:07:54.030917,2026-07-07T13:07:54.042923+00:00,141.3,45,bid,,,10889799
2026-07-07T13:07:54.086303,2026-07-07T13:07:54.098027+00:00,141.1,48,ask,,,10889800
2026-07-07T13:07:54.818345,2026-07-07T13:07:54.827846+00:00,141.1,3,ask,,,10889819
2026-07-07T13:07:55.127577,2026-07-07T13:07:55.138113+00:00,141.1,50,ask,,,10889832
2026-07-07T13:07:57.234884,2026-07-07T13:07:57.246876+00:00,141.0,50,ask,,,10889859
2026-07-07T13:07:57.694453,2026-07-07T13:07:57.701091+00:00,140.9,41,ask,,,10889870
2026-07-07T13:07:59.342957,2026-07-07T13:07:59.354734+00:00,140.9,50,ask,,,10889897
2026-07-07T13:07:59.462619,2026-07-07T13:07:59.474421+00:00,141.1,44,bid,,,10889899
2026-07-07T13:07:59.734141,2026-07-07T13:07:59.743612+00:00,141.1,3,bid,,,10889904
2026-07-07T13:08:00.066815,2026-07-07T13:08:00.078651+00:00,140.9,9,ask,,,10889911
2026-07-07T13:08:00.658488,2026-07-07T13:08:00.669867+00:00,140.9,45,ask,,,10889917
2026-07-07T13:08:01.277725,2026-07-07T13:08:01.289249+00:00,141.1,47,bid,,,10889929
2026-07-07T13:08:01.400384,2026-07-07T13:08:01.412271+00:00,141.1,50,bid,,,10889933
2026-07-07T13:08:01.883846,2026-07-07T13:08:01.895519+00:00,141.1,3,bid,,,10889946
2026-07-07T13:08:01.883846,2026-07-07T13:08:01.895519+00:00,141.4,41,bid,,,10889947
2026-07-07T13:08:02.475736,2026-07-07T13:08:02.487904+00:00,140.9,47,ask,,,10889952
2026-07-07T13:08:03.561580,2026-07-07T13:08:03.573369+00:00,140.7,50,ask,,,10889969
2026-07-07T13:08:03.989160,2026-07-07T13:08:03.998432+00:00,141.2,11,bid,,,10889982
2026-07-07T13:08:05.669193,2026-07-07T13:08:05.680731+00:00,140.9,50,ask,,,10889992
2026-07-07T13:08:07.460260,2026-07-07T13:08:07.473957+00:00,140.6,41,ask,,,10890018
2026-07-07T13:08:07.778454,2026-07-07T13:08:07.788617+00:00,140.6,50,ask,,,10890028
2026-07-07T13:08:09.674429,2026-07-07T13:08:09.689907+00:00,140.6,100,ask,,,10890062
2026-07-07T13:08:09.686053,2026-07-07T13:08:09.694899+00:00,140.6,49,bid,,,10890063
2026-07-07T13:08:09.698164,2026-07-07T13:08:09.709491+00:00,140.6,1,bid,,,10890064
2026-07-07T13:08:09.886148,2026-07-07T13:08:09.897895+00:00,140.5,12,ask,,,10890070
2026-07-07T13:08:11.958261,2026-07-07T13:08:11.969737+00:00,140.9,50,bid,,,10890095
2026-07-07T13:08:13.182681,2026-07-07T13:08:13.190751+00:00,140.8,42,ask,,,10890116
2026-07-07T13:08:14.070933,2026-07-07T13:08:14.082178+00:00,141.0,12,bid,,,10890130
2026-07-07T13:08:18.342395,2026-07-07T13:08:18.358563+00:00,140.6,50,ask,,,10890202
2026-07-07T13:08:20.449117,2026-07-07T13:08:20.458563+00:00,140.5,12,ask,,,10890239
2026-07-07T13:08:20.449117,2026-07-07T13:08:20.458563+00:00,140.5,38,ask,,,10890240
2026-07-07T13:08:22.372340,2026-07-07T13:08:22.377348+00:00,140.7,12,bid,,,10890279
2026-07-07T13:08:22.384354,2026-07-07T13:08:22.389180+00:00,140.7,22,bid,,,10890282
2026-07-07T13:08:22.558937,2026-07-07T13:08:22.570518+00:00,140.5,50,ask,,,10890283
2026-07-07T13:08:24.616367,2026-07-07T13:08:24.627820+00:00,140.7,50,bid,,,10890321
2026-07-07T13:08:25.616756,2026-07-07T13:08:25.623562+00:00,140.9,40,bid,,,10890344
2026-07-07T13:08:27.623405,2026-07-07T13:08:27.632054+00:00,140.7,12,ask,,,10890382
2026-07-07T13:08:27.663102,2026-07-07T13:08:27.674583+00:00,140.9,46,bid,,,10890384
2026-07-07T13:08:29.780190,2026-07-07T13:08:29.791818+00:00,140.5,12,ask,,,10890409
2026-07-07T13:08:29.780190,2026-07-07T13:08:29.791818+00:00,140.4,33,ask,,,10890410
2026-07-07T13:08:35.041480,2026-07-07T13:08:35.052457+00:00,140.5,43,ask,,,10890481
2026-07-07T13:08:35.157150,2026-07-07T13:08:35.169054+00:00,140.8,12,bid,,,10890485
2026-07-07T13:08:35.157150,2026-07-07T13:08:35.169054+00:00,140.9,38,bid,,,10890486
2026-07-07T13:08:35.508279,2026-07-07T13:08:35.516846+00:00,140.8,44,bid,,,10890499
2026-07-07T13:08:36.670805,2026-07-07T13:08:36.682676+00:00,140.5,12,ask,,,10890519
2026-07-07T13:08:37.317631,2026-07-07T13:08:37.329427+00:00,140.4,50,ask,,,10890526
2026-07-07T13:08:39.375057,2026-07-07T13:08:39.383585+00:00,140.9,50,bid,,,10890555
2026-07-07T13:08:41.055378,2026-07-07T13:08:41.066095+00:00,140.9,43,bid,,,10890578
2026-07-07T13:08:41.534304,2026-07-07T13:08:41.545868+00:00,140.7,50,ask,,,10890590
2026-07-07T13:08:42.202922,2026-07-07T13:08:42.210363+00:00,140.8,42,bid,,,10890601
2026-07-07T13:08:42.258381,2026-07-07T13:08:42.268950+00:00,140.7,48,ask,,,10890602
2026-07-07T13:08:43.307688,2026-07-07T13:08:43.316857+00:00,140.8,12,bid,,,10890614
2026-07-07T13:08:43.591538,2026-07-07T13:08:43.598158+00:00,140.8,46,bid,,,10890623
2026-07-07T13:08:43.591538,2026-07-07T13:08:43.603424+00:00,141.1,4,bid,,,10890624
2026-07-07T13:08:45.811973,2026-07-07T13:08:45.823393+00:00,140.8,45,ask,,,10890650
2026-07-07T13:08:47.805411,2026-07-07T13:08:47.816893+00:00,141.0,50,bid,,,10890680
2026-07-07T13:08:49.045645,2026-07-07T13:08:49.058580+00:00,140.9,12,bid,,,10890700
2026-07-07T13:08:49.045645,2026-07-07T13:08:49.058580+00:00,141.0,29,bid,,,10890701
2026-07-07T13:08:49.631316,2026-07-07T13:08:49.642027+00:00,140.7,44,ask,,,10890709
2026-07-07T13:08:49.915385,2026-07-07T13:08:49.922721+00:00,141.0,50,bid,,,10890715
2026-07-07T13:08:50.785265,2026-07-07T13:08:50.796667+00:00,141.0,8,bid,,,10890722
2026-07-07T13:08:50.798059,2026-07-07T13:08:50.807745+00:00,141.1,23,ask,,,10890723
2026-07-07T13:08:51.516760,2026-07-07T13:08:51.523713+00:00,141.3,47,bid,,,10890739
2026-07-07T13:08:51.571277,2026-07-07T13:08:51.583040+00:00,141.1,48,ask,,,10890742
2026-07-07T13:08:52.077238,2026-07-07T13:08:52.088080+00:00,141.1,50,ask,,,10890752
2026-07-07T13:08:53.165430,2026-07-07T13:08:53.174284+00:00,141.1,12,ask,,,10890774
2026-07-07T13:08:53.860976,2026-07-07T13:08:53.869098+00:00,141.3,44,bid,,,10890784
2026-07-07T13:08:54.134077,2026-07-07T13:08:54.145507+00:00,141.0,50,bid,,,10890788
2026-07-07T13:08:56.039885,2026-07-07T13:08:56.049391+00:00,141.0,41,bid,,,10890819
2026-07-07T13:08:56.095298,2026-07-07T13:08:56.102028+00:00,140.9,41,ask,,,10890820
2026-07-07T13:08:56.292087,2026-07-07T13:08:56.302777+00:00,140.9,50,ask,,,10890824
2026-07-07T13:08:57.129389,2026-07-07T13:08:57.141067+00:00,140.9,9,ask,,,10890832
2026-07-07T13:08:57.129389,2026-07-07T13:08:57.141067+00:00,140.7,34,ask,,,10890833
2026-07-07T13:08:57.614655,2026-07-07T13:08:57.626314+00:00,141.0,47,bid,,,10890845
2026-07-07T13:08:58.398529,2026-07-07T13:08:58.410211+00:00,140.7,50,ask,,,10890851
2026-07-07T13:09:00.504455,2026-07-07T13:09:00.511233+00:00,140.5,50,ask,,,10890882
2026-07-07T13:09:01.822143,2026-07-07T13:09:01.831053+00:00,140.8,12,bid,,,10890895
2026-07-07T13:09:02.601399,2026-07-07T13:09:02.613207+00:00,140.8,48,bid,,,10890910
2026-07-07T13:09:02.611141,2026-07-07T13:09:02.618366+00:00,140.5,12,ask,,,10890911
2026-07-07T13:09:02.611141,2026-07-07T13:09:02.623628+00:00,140.5,38,ask,,,10890912
2026-07-07T13:09:06.830607,2026-07-07T13:09:06.843334+00:00,140.6,50,ask,,,10890979
2026-07-07T13:09:08.958853,2026-07-07T13:09:08.968818+00:00,140.6,50,ask,,,10891000
2026-07-07T13:09:11.066532,2026-07-07T13:09:11.078383+00:00,140.2,50,ask,,,10891030
2026-07-07T13:09:13.211378,2026-07-07T13:09:13.221202+00:00,140.2,50,ask,,,10891059
2026-07-07T13:09:13.332432,2026-07-07T13:09:13.342737+00:00,140.3,11,bid,,,10891064
2026-07-07T13:09:13.651055,2026-07-07T13:09:13.659603+00:00,140.2,12,ask,,,10891077
2026-07-07T13:09:13.651055,2026-07-07T13:09:13.664818+00:00,139.9,30,ask,,,10891078
2026-07-07T13:09:14.196980,2026-07-07T13:09:14.206095+00:00,140.3,46,bid,,,10891087
2026-07-07T13:09:15.318857,2026-07-07T13:09:15.330651+00:00,139.9,50,ask,,,10891098
2026-07-07T13:09:16.181689,2026-07-07T13:09:16.190600+00:00,140.0,34,bid,,,10891112
2026-07-07T13:09:17.454218,2026-07-07T13:09:17.457597+00:00,139.9,50,ask,,,10891132
2026-07-07T13:09:18.599518,2026-07-07T13:09:18.608173+00:00,140.0,12,bid,,,10891150
2026-07-07T13:09:19.562585,2026-07-07T13:09:19.571037+00:00,139.9,50,ask,,,10891163
2026-07-07T13:09:19.660292,2026-07-07T13:09:19.668992+00:00,139.9,49,ask,,,10891165
2026-07-07T13:09:21.214814,2026-07-07T13:09:21.225976+00:00,140.4,42,bid,,,10891192
2026-07-07T13:09:21.618291,2026-07-07T13:09:21.629753+00:00,140.4,50,bid,,,10891196
2026-07-07T13:09:22.914697,2026-07-07T13:09:22.923928+00:00,140.0,47,ask,,,10891215
2026-07-07T13:09:23.777067,2026-07-07T13:09:23.786411+00:00,140.0,50,ask,,,10891226
2026-07-07T13:09:25.984312,2026-07-07T13:09:25.993541+00:00,140.1,12,ask,,,10891271
2026-07-07T13:09:27.974747,2026-07-07T13:09:27.986261+00:00,140.0,50,bid,,,10891323
2026-07-07T13:09:28.280487,2026-07-07T13:09:28.295988+00:00,140.0,38,bid,,,10891330
2026-07-07T13:09:28.280487,2026-07-07T13:09:28.295988+00:00,140.3,10,bid,,,10891331
2026-07-07T13:09:30.113796,2026-07-07T13:09:30.122912+00:00,140.3,50,bid,,,10891377
2026-07-07T13:09:30.786550,2026-07-07T13:09:30.798120+00:00,140.1,12,ask,,,10891391
2026-07-07T13:09:31.473508,2026-07-07T13:09:31.485131+00:00,139.9,12,ask,,,10891400
2026-07-07T13:09:31.473508,2026-07-07T13:09:31.485131+00:00,139.8,32,ask,,,10891401
2026-07-07T13:09:32.271803,2026-07-07T13:09:32.283448+00:00,139.8,50,ask,,,10891424
2026-07-07T13:09:33.234506,2026-07-07T13:09:33.240971+00:00,140.3,48,bid,,,10891444
2026-07-07T13:09:39.189342,2026-07-07T13:09:39.200193+00:00,140.1,12,ask,,,10891545
2026-07-07T13:09:39.189342,2026-07-07T13:09:39.200193+00:00,139.8,36,ask,,,10891546
2026-07-07T13:09:40.744186,2026-07-07T13:09:40.758561+00:00,139.9,12,ask,,,10891587
2026-07-07T13:09:40.744186,2026-07-07T13:09:40.758561+00:00,139.8,38,ask,,,10891588
2026-07-07T13:09:41.303519,2026-07-07T13:09:41.311075+00:00,140.2,42,bid,,,10891599
2026-07-07T13:09:41.998955,2026-07-07T13:09:42.006098+00:00,140.2,12,bid,,,10891607
2026-07-07T13:09:42.705410,2026-07-07T13:09:42.716453+00:00,140.2,12,bid,,,10891617
2026-07-07T13:09:42.888837,2026-07-07T13:09:42.900704+00:00,140.1,50,ask,,,10891622
2026-07-07T13:09:43.280454,2026-07-07T13:09:43.287839+00:00,140.2,43,bid,,,10891627
2026-07-07T13:09:44.210704,2026-07-07T13:09:44.220889+00:00,140.1,49,ask,,,10891645
2026-07-07T13:09:44.996689,2026-07-07T13:09:45.008264+00:00,139.9,50,ask,,,10891661
2026-07-07T13:09:45.769683,2026-07-07T13:09:45.776484+00:00,140.3,45,bid,,,10891674
2026-07-07T13:09:47.105937,2026-07-07T13:09:47.117971+00:00,140.1,12,ask,,,10891697
2026-07-07T13:09:47.105937,2026-07-07T13:09:47.117971+00:00,139.9,38,ask,,,10891698
2026-07-07T13:09:48.596897,2026-07-07T13:09:48.607301+00:00,140.3,12,bid,,,10891719
2026-07-07T13:09:49.163456,2026-07-07T13:09:49.173845+00:00,140.3,50,bid,,,10891727
2026-07-07T13:09:51.325930,2026-07-07T13:09:51.334589+00:00,140.2,10,ask,,,10891763
2026-07-07T13:09:53.434269,2026-07-07T13:09:53.443669+00:00,140.1,50,ask,,,10891789
2026-07-07T13:09:55.552521,2026-07-07T13:09:55.565465+00:00,139.9,50,ask,,,10891837
2026-07-07T13:09:57.434955,2026-07-07T13:09:57.441868+00:00,139.8,44,ask,,,10891869
2026-07-07T13:09:58.436981,2026-07-07T13:09:58.446022+00:00,140.0,11,bid,,,10891885
2026-07-07T13:09:59.505193,2026-07-07T13:09:59.517117+00:00,140.0,43,bid,,,10891905
2026-07-07T13:09:59.644757,2026-07-07T13:09:59.654064+00:00,140.0,6,bid,,,10891908
2026-07-07T13:09:59.718829,2026-07-07T13:09:59.730426+00:00,140.0,40,bid,,,10891911
2026-07-07T13:09:59.718829,2026-07-07T13:09:59.730426+00:00,140.1,10,bid,,,10891912
2026-07-07T13:10:01.699170,2026-07-07T13:10:01.710892+00:00,140.0,44,ask,,,10891947
2026-07-07T13:10:01.902620,2026-07-07T13:10:01.914114+00:00,140.0,50,ask,,,10891955
2026-07-07T13:10:03.718249,2026-07-07T13:10:03.728489+00:00,140.0,6,ask,,,10891998
2026-07-07T13:10:03.718249,2026-07-07T13:10:03.728489+00:00,139.8,42,ask,,,10891999
2026-07-07T13:10:04.023401,2026-07-07T13:10:04.046624+00:00,139.8,50,ask,,,10892002
2026-07-07T13:10:07.410022,2026-07-07T13:10:07.419055+00:00,140.5,44,bid,,,10892048
2026-07-07T13:10:07.479126,2026-07-07T13:10:07.488278+00:00,140.3,17,ask,,,10892052
2026-07-07T13:10:08.189863,2026-07-07T13:10:08.199464+00:00,140.5,50,bid,,,10892066
2026-07-07T13:10:11.407996,2026-07-07T13:10:11.416923+00:00,140.5,17,bid,,,10892115
2026-07-07T13:10:11.541930,2026-07-07T13:10:11.552368+00:00,140.5,46,bid,,,10892120
2026-07-07T13:10:14.610521,2026-07-07T13:10:14.622529+00:00,140.4,50,ask,,,10892172
2026-07-07T13:10:16.459874,2026-07-07T13:10:16.469636+00:00,140.9,45,bid,,,10892202
2026-07-07T13:10:16.514061,2026-07-07T13:10:16.521769+00:00,140.6,43,ask,,,10892204
2026-07-07T13:10:16.667910,2026-07-07T13:10:16.675070+00:00,141.1,50,bid,,,10892209
2026-07-07T13:10:17.092073,2026-07-07T13:10:17.103679+00:00,140.6,40,ask,,,10892214
2026-07-07T13:10:18.670255,2026-07-07T13:10:18.681661+00:00,141.1,40,bid,,,10892231
2026-07-07T13:10:18.785285,2026-07-07T13:10:18.793477+00:00,141.1,50,bid,,,10892234
2026-07-07T13:10:20.892508,2026-07-07T13:10:20.903999+00:00,141.1,50,bid,,,10892267
2026-07-07T13:10:23.032947,2026-07-07T13:10:23.043693+00:00,141.3,12,bid,,,10892301
2026-07-07T13:10:23.032947,2026-07-07T13:10:23.043693+00:00,141.3,38,bid,,,10892302
2026-07-07T13:10:25.141574,2026-07-07T13:10:25.153225+00:00,140.9,49,ask,,,10892339
2026-07-07T13:10:25.146500,2026-07-07T13:10:25.153225+00:00,141.3,50,bid,,,10892340
2026-07-07T13:10:26.043239,2026-07-07T13:10:26.058568+00:00,141.2,100,bid,,,10892354
2026-07-07T13:10:28.355748,2026-07-07T13:10:28.367464+00:00,141.2,44,bid,,,10892401
2026-07-07T13:10:28.912161,2026-07-07T13:10:28.922221+00:00,141.3,29,ask,,,10892406
2026-07-07T13:10:30.008426,2026-07-07T13:10:30.019891+00:00,141.3,44,ask,,,10892422
2026-07-07T13:10:30.584213,2026-07-07T13:10:30.593656+00:00,141.3,41,ask,,,10892432
2026-07-07T13:10:31.497110,2026-07-07T13:10:31.506194+00:00,141.4,50,bid,,,10892445
2026-07-07T13:10:32.396575,2026-07-07T13:10:32.409201+00:00,141.3,23,bid,,,10892458
2026-07-07T13:10:32.953299,2026-07-07T13:10:32.964753+00:00,141.3,12,bid,,,10892472
2026-07-07T13:10:33.605924,2026-07-07T13:10:33.615156+00:00,141.3,50,bid,,,10892484
2026-07-07T13:10:35.238244,2026-07-07T13:10:35.247428+00:00,141.2,11,ask,,,10892529
2026-07-07T13:10:35.410136,2026-07-07T13:10:35.421863+00:00,141.2,43,ask,,,10892533
2026-07-07T13:10:35.742651,2026-07-07T13:10:35.754286+00:00,141.4,12,bid,,,10892537
2026-07-07T13:10:35.742651,2026-07-07T13:10:35.754286+00:00,141.4,38,bid,,,10892538
2026-07-07T13:10:36.542795,2026-07-07T13:10:36.554204+00:00,141.4,41,bid,,,10892554
2026-07-07T13:10:37.928491,2026-07-07T13:10:37.944901+00:00,141.3,12,ask,,,10892584
2026-07-07T13:10:37.928491,2026-07-07T13:10:37.944901+00:00,141.2,38,ask,,,10892585
2026-07-07T13:10:40.035772,2026-07-07T13:10:40.047249+00:00,141.4,50,ask,,,10892613
2026-07-07T13:10:40.225696,2026-07-07T13:10:40.236263+00:00,141.5,41,bid,,,10892619
2026-07-07T13:10:42.142917,2026-07-07T13:10:42.163649+00:00,141.4,50,ask,,,10892656
2026-07-07T13:10:42.278506,2026-07-07T13:10:42.290646+00:00,141.4,41,ask,,,10892658
2026-07-07T13:10:43.666407,2026-07-07T13:10:43.680768+00:00,141.7,12,bid,,,10892681
2026-07-07T13:10:43.666407,2026-07-07T13:10:43.685781+00:00,141.8,37,bid,,,10892682
2026-07-07T13:10:44.200158,2026-07-07T13:10:44.208554+00:00,141.8,50,bid,,,10892693
2026-07-07T13:10:44.722198,2026-07-07T13:10:44.732390+00:00,141.8,12,ask,,,10892705
2026-07-07T13:10:45.094464,2026-07-07T13:10:45.100867+00:00,141.8,100,ask,,,10892721
2026-07-07T13:10:45.332451,2026-07-07T13:10:45.344470+00:00,141.8,38,ask,,,10892725
2026-07-07T13:10:45.332451,2026-07-07T13:10:45.344470+00:00,141.5,8,ask,,,10892726
2026-07-07T13:10:46.306365,2026-07-07T13:10:46.313150+00:00,142.0,12,bid,,,10892738
2026-07-07T13:10:46.306365,2026-07-07T13:10:46.318097+00:00,142.3,38,bid,,,10892739
2026-07-07T13:10:48.426683,2026-07-07T13:10:48.438364+00:00,141.6,12,bid,,,10892770
2026-07-07T13:10:48.426683,2026-07-07T13:10:48.438364+00:00,141.7,38,bid,,,10892771
2026-07-07T13:10:49.356789,2026-07-07T13:10:49.368396+00:00,141.7,48,bid,,,10892790
2026-07-07T13:10:50.536250,2026-07-07T13:10:50.547296+00:00,141.7,50,bid,,,10892802
2026-07-07T13:10:51.042426,2026-07-07T13:10:51.051708+00:00,141.6,11,ask,,,10892814
2026-07-07T13:10:51.505383,2026-07-07T13:10:51.512452+00:00,141.6,12,ask,,,10892826
2026-07-07T13:10:52.693622,2026-07-07T13:10:52.705377+00:00,141.6,50,ask,,,10892850
2026-07-07T13:10:54.801082,2026-07-07T13:10:54.809760+00:00,141.6,12,ask,,,10892889
2026-07-07T13:10:54.801082,2026-07-07T13:10:54.809760+00:00,141.5,38,ask,,,10892890
2026-07-07T13:10:56.910474,2026-07-07T13:10:56.922116+00:00,141.5,50,ask,,,10892931
2026-07-07T13:10:57.341118,2026-07-07T13:10:57.351062+00:00,141.9,11,bid,,,10892936
2026-07-07T13:10:57.423276,2026-07-07T13:10:57.436119+00:00,141.8,12,bid,,,10892938
2026-07-07T13:10:57.694211,2026-07-07T13:10:57.701644+00:00,141.8,100,bid,,,10892942
2026-07-07T13:10:58.766271,2026-07-07T13:10:58.777464+00:00,141.8,38,bid,,,10892964
2026-07-07T13:10:58.766271,2026-07-07T13:10:58.777464+00:00,142.0,4,bid,,,10892965
2026-07-07T13:10:58.822953,2026-07-07T13:10:58.834569+00:00,141.6,12,ask,,,10892967
2026-07-07T13:10:58.822953,2026-07-07T13:10:58.834569+00:00,141.3,28,ask,,,10892968
2026-07-07T13:10:59.759113,2026-07-07T13:10:59.770797+00:00,141.4,12,ask,,,10892990
2026-07-07T13:10:59.759113,2026-07-07T13:10:59.770797+00:00,141.3,37,ask,,,10892991
2026-07-07T13:11:01.122830,2026-07-07T13:11:01.131460+00:00,141.7,50,ask,,,10893008
2026-07-07T13:11:02.426622,2026-07-07T13:11:02.434287+00:00,141.9,43,bid,,,10893041
2026-07-07T13:11:02.965136,2026-07-07T13:11:02.976671+00:00,141.9,45,bid,,,10893058
2026-07-07T13:11:03.179214,2026-07-07T13:11:03.191341+00:00,141.9,12,bid,,,10893059
2026-07-07T13:11:03.179214,2026-07-07T13:11:03.191341+00:00,142.1,12,bid,,,10893060
2026-07-07T13:11:03.179214,2026-07-07T13:11:03.196360+00:00,142.2,26,bid,,,10893061
2026-07-07T13:11:05.077970,2026-07-07T13:11:05.087126+00:00,141.9,12,ask,,,10893113
2026-07-07T13:11:07.398799,2026-07-07T13:11:07.410757+00:00,142.1,12,bid,,,10893151
2026-07-07T13:11:07.398799,2026-07-07T13:11:07.410757+00:00,142.2,38,bid,,,10893152
2026-07-07T13:11:09.218239,2026-07-07T13:11:09.230159+00:00,141.8,49,ask,,,10893189
2026-07-07T13:11:09.519001,2026-07-07T13:11:09.529213+00:00,142.2,50,bid,,,10893194
2026-07-07T13:11:10.400696,2026-07-07T13:11:10.411091+00:00,142.0,45,ask,,,10893221
2026-07-07T13:11:11.626456,2026-07-07T13:11:11.638225+00:00,142.3,12,bid,,,10893251
2026-07-07T13:11:11.626456,2026-07-07T13:11:11.638225+00:00,142.4,38,bid,,,10893252
2026-07-07T13:11:12.359420,2026-07-07T13:11:12.368119+00:00,142.0,11,ask,,,10893269
2026-07-07T13:11:13.561112,2026-07-07T13:11:13.569907+00:00,142.3,23,ask,,,10893288
2026-07-07T13:11:13.607456,2026-07-07T13:11:13.619005+00:00,142.3,100,ask,,,10893290
2026-07-07T13:11:13.735696,2026-07-07T13:11:13.744711+00:00,142.4,12,bid,,,10893292
2026-07-07T13:11:13.735696,2026-07-07T13:11:13.749941+00:00,142.8,38,bid,,,10893293
2026-07-07T13:11:15.845613,2026-07-07T13:11:15.853218+00:00,142.7,12,bid,,,10893332
2026-07-07T13:11:15.845613,2026-07-07T13:11:15.853218+00:00,142.8,38,bid,,,10893333
2026-07-07T13:11:16.574236,2026-07-07T13:11:16.583870+00:00,142.0,43,ask,,,10893346
2026-07-07T13:11:17.956829,2026-07-07T13:11:17.963595+00:00,142.4,12,bid,,,10893369
2026-07-07T13:11:17.956829,2026-07-07T13:11:17.968895+00:00,142.4,38,bid,,,10893370
2026-07-07T13:11:18.612627,2026-07-07T13:11:18.619933+00:00,142.4,47,bid,,,10893383
2026-07-07T13:11:20.064439,2026-07-07T13:11:20.075915+00:00,142.4,50,bid,,,10893408
2026-07-07T13:11:22.170684,2026-07-07T13:11:22.180035+00:00,142.4,50,bid,,,10893455
2026-07-07T13:11:22.668837,2026-07-07T13:11:22.680283+00:00,142.4,12,bid,,,10893461
2026-07-07T13:11:24.276315,2026-07-07T13:11:24.288019+00:00,142.7,12,bid,,,10893485
2026-07-07T13:11:24.276315,2026-07-07T13:11:24.288019+00:00,142.8,38,bid,,,10893486
2026-07-07T13:11:24.905074,2026-07-07T13:11:24.914361+00:00,142.5,11,ask,,,10893503
2026-07-07T13:11:26.306799,2026-07-07T13:11:26.317855+00:00,142.2,41,ask,,,10893534
2026-07-07T13:11:26.389297,2026-07-07T13:11:26.401310+00:00,142.7,12,bid,,,10893535
2026-07-07T13:11:26.389297,2026-07-07T13:11:26.401310+00:00,142.7,38,bid,,,10893536
2026-07-07T13:11:27.783108,2026-07-07T13:11:27.794829+00:00,142.7,45,bid,,,10893566
2026-07-07T13:11:28.387947,2026-07-07T13:11:28.399513+00:00,142.7,42,bid,,,10893571
2026-07-07T13:11:28.499930,2026-07-07T13:11:28.512346+00:00,142.7,25,bid,,,10893575
2026-07-07T13:11:28.499930,2026-07-07T13:11:28.512346+00:00,142.7,25,bid,,,10893576
2026-07-07T13:11:29.006359,2026-07-07T13:11:29.018355+00:00,142.7,75,bid,,,10893583
2026-07-07T13:11:29.074617,2026-07-07T13:11:29.083705+00:00,142.7,23,ask,,,10893586
2026-07-07T13:11:30.625067,2026-07-07T13:11:30.635907+00:00,143.0,50,bid,,,10893611
2026-07-07T13:11:31.489267,2026-07-07T13:11:31.498842+00:00,142.7,3,ask,,,10893631
2026-07-07T13:11:31.635911,2026-07-07T13:11:31.647378+00:00,142.7,42,ask,,,10893633
2026-07-07T13:11:32.228260,2026-07-07T13:11:32.257244+00:00,142.5,100,ask,,,10893642
2026-07-07T13:11:32.241282,2026-07-07T13:11:32.257244+00:00,142.4,3,bid,,,10893643
2026-07-07T13:11:32.434622,2026-07-07T13:11:32.457552+00:00,142.4,11,bid,,,10893649
2026-07-07T13:11:32.731458,2026-07-07T13:11:32.740012+00:00,142.4,36,bid,,,10893655
2026-07-07T13:11:32.731458,2026-07-07T13:11:32.740012+00:00,142.8,14,bid,,,10893656
2026-07-07T13:11:34.772888,2026-07-07T13:11:34.784556+00:00,142.3,44,ask,,,10893696
2026-07-07T13:11:34.846505,2026-07-07T13:11:34.855034+00:00,142.8,50,bid,,,10893699
2026-07-07T13:11:35.382866,2026-07-07T13:11:35.391285+00:00,142.6,11,ask,,,10893710
2026-07-07T13:11:36.331454,2026-07-07T13:11:36.340913+00:00,142.6,40,ask,,,10893741
2026-07-07T13:11:38.151327,2026-07-07T13:11:38.158589+00:00,142.6,3,ask,,,10893772
2026-07-07T13:11:39.097047,2026-07-07T13:11:39.105907+00:00,143.1,50,bid,,,10893798
2026-07-07T13:11:41.257520,2026-07-07T13:11:41.269404+00:00,142.6,50,ask,,,10893838
2026-07-07T13:11:43.400966,2026-07-07T13:11:43.411719+00:00,142.6,50,ask,,,10893872
2026-07-07T13:11:45.518011,2026-07-07T13:11:45.529634+00:00,142.6,50,ask,,,10893898
2026-07-07T13:11:48.002971,2026-07-07T13:11:48.012586+00:00,143.1,44,bid,,,10893935
2026-07-07T13:11:49.742563,2026-07-07T13:11:49.754018+00:00,142.5,50,ask,,,10893970
2026-07-07T13:11:51.818917,2026-07-07T13:11:51.831134+00:00,142.7,50,bid,,,10894000
2026-07-07T13:11:53.785989,2026-07-07T13:11:53.795375+00:00,142.7,46,bid,,,10894035
2026-07-07T13:11:56.114315,2026-07-07T13:11:56.125860+00:00,142.4,50,ask,,,10894063
2026-07-07T13:11:58.221464,2026-07-07T13:11:58.229445+00:00,142.3,50,ask,,,10894113
2026-07-07T13:12:00.332893,2026-07-07T13:12:00.343187+00:00,142.3,50,ask,,,10894144
2026-07-07T13:12:00.349782,2026-07-07T13:12:00.358846+00:00,142.3,44,ask,,,10894146
2026-07-07T13:12:00.708642,2026-07-07T13:12:00.717231+00:00,142.0,11,bid,,,10894155
2026-07-07T13:12:01.641045,2026-07-07T13:12:01.651200+00:00,142.0,12,bid,,,10894167
2026-07-07T13:12:02.440088,2026-07-07T13:12:02.447451+00:00,141.9,50,ask,,,10894189
2026-07-07T13:12:02.901191,2026-07-07T13:12:02.912669+00:00,142.0,4,bid,,,10894198
2026-07-07T13:12:05.129612,2026-07-07T13:12:05.140403+00:00,142.0,48,bid,,,10894234
2026-07-07T13:12:06.187860,2026-07-07T13:12:06.199569+00:00,142.0,4,bid,,,10894244
2026-07-07T13:12:06.221447,2026-07-07T13:12:06.231155+00:00,141.8,12,ask,,,10894249
2026-07-07T13:12:06.221447,2026-07-07T13:12:06.231155+00:00,141.7,32,ask,,,10894250
2026-07-07T13:12:06.330432,2026-07-07T13:12:06.351448+00:00,142.0,11,bid,,,10894252
2026-07-07T13:12:06.689667,2026-07-07T13:12:06.696962+00:00,141.7,50,ask,,,10894259
2026-07-07T13:12:07.355492,2026-07-07T13:12:07.363780+00:00,142.3,12,bid,,,10894267
2026-07-07T13:12:07.355492,2026-07-07T13:12:07.363780+00:00,142.4,35,bid,,,10894268
2026-07-07T13:12:09.386190,2026-07-07T13:12:09.396225+00:00,142.1,12,bid,,,10894306
2026-07-07T13:12:09.478626,2026-07-07T13:12:09.490383+00:00,142.1,4,bid,,,10894308
2026-07-07T13:12:09.750468,2026-07-07T13:12:09.758573+00:00,141.9,46,ask,,,10894319
2026-07-07T13:12:10.141646,2026-07-07T13:12:10.148481+00:00,142.1,84,bid,,,10894323
2026-07-07T13:12:10.141646,2026-07-07T13:12:10.148481+00:00,142.2,12,bid,,,10894324
2026-07-07T13:12:10.796329,2026-07-07T13:12:10.807845+00:00,142.4,50,ask,,,10894346
2026-07-07T13:12:10.837738,2026-07-07T13:12:10.849237+00:00,142.4,4,ask,,,10894347
2026-07-07T13:12:10.837738,2026-07-07T13:12:10.849237+00:00,142.4,40,ask,,,10894348
2026-07-07T13:12:12.132861,2026-07-07T13:12:12.145752+00:00,142.4,11,ask,,,10894363
2026-07-07T13:12:12.902246,2026-07-07T13:12:12.911513+00:00,142.4,49,ask,,,10894369
2026-07-07T13:12:12.902246,2026-07-07T13:12:12.911513+00:00,142.0,1,ask,,,10894370
2026-07-07T13:12:13.359724,2026-07-07T13:12:13.382337+00:00,142.0,11,ask,,,10894386
2026-07-07T13:12:13.372304,2026-07-07T13:12:13.382337+00:00,142.0,34,bid,,,10894387
2026-07-07T13:12:13.626409,2026-07-07T13:12:13.641774+00:00,142.0,11,bid,,,10894393
2026-07-07T13:12:13.696261,2026-07-07T13:12:13.707934+00:00,142.0,94,bid,,,10894397
2026-07-07T13:12:13.696261,2026-07-07T13:12:13.707934+00:00,142.3,6,bid,,,10894398
2026-07-07T13:12:14.515727,2026-07-07T13:12:14.524394+00:00,142.6,6,bid,,,10894414
2026-07-07T13:12:14.515727,2026-07-07T13:12:14.524394+00:00,142.8,41,bid,,,10894415
2026-07-07T13:12:16.080046,2026-07-07T13:12:16.091424+00:00,142.8,47,bid,,,10894437
2026-07-07T13:12:16.541757,2026-07-07T13:12:16.551804+00:00,142.4,22,ask,,,10894446
2026-07-07T13:12:17.115288,2026-07-07T13:12:17.124412+00:00,142.4,50,ask,,,10894453
2026-07-07T13:12:18.700398,2026-07-07T13:12:18.710773+00:00,142.4,12,ask,,,10894482
2026-07-07T13:12:18.893169,2026-07-07T13:12:18.904806+00:00,142.5,45,bid,,,10894495
2026-07-07T13:12:19.222673,2026-07-07T13:12:19.229666+00:00,142.4,50,ask,,,10894498
2026-07-07T13:12:19.297572,2026-07-07T13:12:19.308892+00:00,142.5,4,bid,,,10894499
2026-07-07T13:12:19.699864,2026-07-07T13:12:19.709300+00:00,142.2,12,bid,,,10894506
2026-07-07T13:12:20.050888,2026-07-07T13:12:20.058555+00:00,142.0,12,ask,,,10894509
2026-07-07T13:12:20.050888,2026-07-07T13:12:20.058555+00:00,142.0,37,ask,,,10894510
2026-07-07T13:12:21.196260,2026-07-07T13:12:21.202906+00:00,142.0,46,ask,,,10894532
2026-07-07T13:12:21.331589,2026-07-07T13:12:21.343364+00:00,142.1,12,ask,,,10894537
2026-07-07T13:12:21.331589,2026-07-07T13:12:21.343364+00:00,142.0,17,ask,,,10894538
2026-07-07T13:12:21.331589,2026-07-07T13:12:21.343364+00:00,141.7,21,ask,,,10894539
2026-07-07T13:12:22.578725,2026-07-07T13:12:22.589254+00:00,142.2,4,bid,,,10894570
2026-07-07T13:12:23.390519,2026-07-07T13:12:23.401142+00:00,142.5,50,bid,,,10894590
2026-07-07T13:12:23.736202,2026-07-07T13:12:23.743709+00:00,142.5,46,bid,,,10894595
2026-07-07T13:12:24.441812,2026-07-07T13:12:24.459986+00:00,142.1,12,ask,,,10894608
2026-07-07T13:12:24.441812,2026-07-07T13:12:24.459986+00:00,142.1,31,ask,,,10894609
2026-07-07T13:12:25.497804,2026-07-07T13:12:25.509635+00:00,142.4,12,bid,,,10894640
2026-07-07T13:12:25.497804,2026-07-07T13:12:25.509635+00:00,142.5,38,bid,,,10894641
2026-07-07T13:12:25.881648,2026-07-07T13:12:25.890854+00:00,142.5,4,bid,,,10894650
2026-07-07T13:12:26.405968,2026-07-07T13:12:26.413512+00:00,142.3,100,ask,,,10894666
2026-07-07T13:12:28.094119,2026-07-07T13:12:28.101636+00:00,142.4,12,bid,,,10894677
2026-07-07T13:12:28.094119,2026-07-07T13:12:28.106649+00:00,142.8,34,bid,,,10894678
2026-07-07T13:12:28.687201,2026-07-07T13:12:28.698921+00:00,142.3,40,ask,,,10894686
2026-07-07T13:12:29.298903,2026-07-07T13:12:29.307703+00:00,142.3,41,bid,,,10894697
2026-07-07T13:12:29.717391,2026-07-07T13:12:29.724671+00:00,142.3,50,bid,,,10894704
2026-07-07T13:12:30.977327,2026-07-07T13:12:30.989022+00:00,142.0,12,ask,,,10894722
2026-07-07T13:12:30.977327,2026-07-07T13:12:30.989022+00:00,142.0,29,ask,,,10894723
2026-07-07T13:12:31.823366,2026-07-07T13:12:31.830107+00:00,142.3,50,bid,,,10894739
2026-07-07T13:12:32.295500,2026-07-07T13:12:32.306291+00:00,142.4,12,bid,,,10894751
2026-07-07T13:12:32.404748,2026-07-07T13:12:32.411464+00:00,142.5,4,bid,,,10894753
2026-07-07T13:12:33.930781,2026-07-07T13:12:33.942398+00:00,142.5,50,bid,,,10894783
2026-07-07T13:12:35.728413,2026-07-07T13:12:35.739864+00:00,142.5,4,bid,,,10894808
2026-07-07T13:12:36.094581,2026-07-07T13:12:36.106245+00:00,142.4,50,ask,,,10894816
2026-07-07T13:12:39.005403,2026-07-07T13:12:39.016806+00:00,142.5,4,bid,,,10894852
2026-07-07T13:12:40.319901,2026-07-07T13:12:40.331680+00:00,142.4,50,ask,,,10894871
2026-07-07T13:12:42.279454,2026-07-07T13:12:42.288704+00:00,142.6,4,bid,,,10894901
2026-07-07T13:12:42.427885,2026-07-07T13:12:42.438411+00:00,142.4,12,ask,,,10894902
2026-07-07T13:12:42.427885,2026-07-07T13:12:42.438411+00:00,142.3,38,ask,,,10894903
2026-07-07T13:12:44.568091,2026-07-07T13:12:44.574825+00:00,142.3,50,ask,,,10894930
2026-07-07T13:12:46.674697,2026-07-07T13:12:46.686141+00:00,142.3,12,ask,,,10894963
2026-07-07T13:12:46.674697,2026-07-07T13:12:46.686141+00:00,142.1,38,ask,,,10894964
2026-07-07T13:12:47.083273,2026-07-07T13:12:47.090971+00:00,142.5,47,bid,,,10894971
2026-07-07T13:12:48.552322,2026-07-07T13:12:48.564118+00:00,142.5,100,ask,,,10894994
2026-07-07T13:12:49.094710,2026-07-07T13:12:49.106147+00:00,142.5,42,ask,,,10895006
2026-07-07T13:12:50.625470,2026-07-07T13:12:50.635116+00:00,142.7,12,bid,,,10895030
2026-07-07T13:12:50.895046,2026-07-07T13:12:50.904541+00:00,142.5,8,ask,,,10895037
2026-07-07T13:12:50.895046,2026-07-07T13:12:50.904541+00:00,142.4,12,ask,,,10895038
2026-07-07T13:12:50.895046,2026-07-07T13:12:50.909529+00:00,141.9,30,ask,,,10895039
2026-07-07T13:12:52.979903,2026-07-07T13:12:52.989861+00:00,142.5,50,bid,,,10895078
2026-07-07T13:12:53.991407,2026-07-07T13:12:54.003076+00:00,142.3,12,ask,,,10895094
2026-07-07T13:12:53.991407,2026-07-07T13:12:54.003076+00:00,142.2,29,ask,,,10895095
2026-07-07T13:12:55.141152,2026-07-07T13:12:55.150529+00:00,142.2,50,ask,,,10895122
2026-07-07T13:12:56.115874,2026-07-07T13:12:56.130030+00:00,142.2,47,ask,,,10895131
2026-07-07T13:12:57.284789,2026-07-07T13:12:57.296512+00:00,142.2,50,ask,,,10895147
2026-07-07T13:12:57.690819,2026-07-07T13:12:57.700363+00:00,142.2,34,bid,,,10895154
2026-07-07T13:12:57.846071,2026-07-07T13:12:57.858580+00:00,142.2,12,bid,,,10895159
2026-07-07T13:12:58.094923,2026-07-07T13:12:58.107086+00:00,142.2,11,bid,,,10895163
2026-07-07T13:12:59.343924,2026-07-07T13:12:59.351215+00:00,142.2,50,bid,,,10895181
2026-07-07T13:13:01.419499,2026-07-07T13:13:01.430933+00:00,142.5,48,bid,,,10895224
2026-07-07T13:13:01.481876,2026-07-07T13:13:01.489756+00:00,142.5,50,bid,,,10895225
2026-07-07T13:13:01.991564,2026-07-07T13:13:01.997895+00:00,142.5,41,bid,,,10895232
2026-07-07T13:13:02.020331,2026-07-07T13:13:02.030770+00:00,142.2,11,ask,,,10895233
2026-07-07T13:13:03.080920,2026-07-07T13:13:03.090057+00:00,142.2,1,ask,,,10895253
2026-07-07T13:13:03.080920,2026-07-07T13:13:03.090057+00:00,142.1,39,ask,,,10895254
2026-07-07T13:13:03.591037,2026-07-07T13:13:03.602901+00:00,142.5,11,bid,,,10895264
2026-07-07T13:13:03.591037,2026-07-07T13:13:03.602901+00:00,142.6,12,bid,,,10895265
2026-07-07T13:13:03.591037,2026-07-07T13:13:03.602901+00:00,142.6,27,bid,,,10895266
2026-07-07T13:13:03.959559,2026-07-07T13:13:03.971024+00:00,142.4,23,ask,,,10895271
2026-07-07T13:13:04.384607,2026-07-07T13:13:04.393470+00:00,142.4,100,ask,,,10895277
2026-07-07T13:13:05.208886,2026-07-07T13:13:05.218816+00:00,142.5,12,bid,,,10895294
2026-07-07T13:13:05.208886,2026-07-07T13:13:05.218816+00:00,142.9,37,bid,,,10895295
2026-07-07T13:13:05.699892,2026-07-07T13:13:05.713142+00:00,142.4,11,ask,,,10895304
2026-07-07T13:13:07.341027,2026-07-07T13:13:07.348246+00:00,142.0,41,ask,,,10895330
2026-07-07T13:13:07.864546,2026-07-07T13:13:07.872140+00:00,142.1,50,ask,,,10895341
2026-07-07T13:13:09.293199,2026-07-07T13:13:09.300603+00:00,142.1,44,ask,,,10895367
2026-07-07T13:13:09.941550,2026-07-07T13:13:09.950568+00:00,142.4,12,bid,,,10895374
2026-07-07T13:13:09.941550,2026-07-07T13:13:09.950568+00:00,142.5,38,bid,,,10895375
2026-07-07T13:13:10.396594,2026-07-07T13:13:10.405374+00:00,142.4,44,bid,,,10895379
2026-07-07T13:13:12.051947,2026-07-07T13:13:12.058260+00:00,142.2,47,bid,,,10895405
2026-07-07T13:13:12.055853,2026-07-07T13:13:12.058260+00:00,142.2,50,bid,,,10895406
2026-07-07T13:13:12.505776,2026-07-07T13:13:12.514437+00:00,142.2,3,bid,,,10895417
2026-07-07T13:13:14.164020,2026-07-07T13:13:14.173443+00:00,142.6,12,bid,,,10895446
2026-07-07T13:13:14.164020,2026-07-07T13:13:14.173443+00:00,142.7,38,bid,,,10895447
2026-07-07T13:13:15.900419,2026-07-07T13:13:15.909140+00:00,142.3,3,ask,,,10895484
2026-07-07T13:13:16.272546,2026-07-07T13:13:16.283860+00:00,142.5,12,bid,,,10895492
2026-07-07T13:13:17.531574,2026-07-07T13:13:17.539718+00:00,142.2,47,ask,,,10895506
2026-07-07T13:13:18.118480,2026-07-07T13:13:18.130376+00:00,142.5,8,bid,,,10895514
2026-07-07T13:13:18.118480,2026-07-07T13:13:18.130376+00:00,142.6,38,bid,,,10895515
2026-07-07T13:13:18.432641,2026-07-07T13:13:18.444221+00:00,142.2,50,ask,,,10895526
2026-07-07T13:13:19.249290,2026-07-07T13:13:19.255639+00:00,142.2,46,ask,,,10895537
2026-07-07T13:13:19.755004,2026-07-07T13:13:19.758567+00:00,142.6,40,bid,,,10895542
2026-07-07T13:13:19.813145,2026-07-07T13:13:19.824817+00:00,142.2,12,ask,,,10895543
2026-07-07T13:13:19.813145,2026-07-07T13:13:19.824817+00:00,142.1,37,ask,,,10895544
2026-07-07T13:13:20.150136,2026-07-07T13:13:20.154194+00:00,142.2,100,bid,,,10895547
2026-07-07T13:13:20.389139,2026-07-07T13:13:20.397427+00:00,142.2,11,bid,,,10895551
2026-07-07T13:13:20.541248,2026-07-07T13:13:20.551323+00:00,141.8,12,ask,,,10895560
2026-07-07T13:13:20.541248,2026-07-07T13:13:20.551323+00:00,141.7,38,ask,,,10895561
2026-07-07T13:13:22.452563,2026-07-07T13:13:22.464656+00:00,141.8,12,ask,,,10895606
2026-07-07T13:13:22.672640,2026-07-07T13:13:22.679653+00:00,141.7,50,ask,,,10895608
2026-07-07T13:13:24.779027,2026-07-07T13:13:24.790591+00:00,141.8,12,ask,,,10895641
2026-07-07T13:13:24.779027,2026-07-07T13:13:24.790591+00:00,141.7,38,ask,,,10895642
2026-07-07T13:13:26.891440,2026-07-07T13:13:26.899209+00:00,141.6,12,ask,,,10895675
2026-07-07T13:13:26.891440,2026-07-07T13:13:26.904686+00:00,141.5,38,ask,,,10895676
2026-07-07T13:13:30.420122,2026-07-07T13:13:30.428696+00:00,141.9,11,bid,,,10895738
2026-07-07T13:13:31.001902,2026-07-07T13:13:31.010459+00:00,141.9,46,bid,,,10895747
2026-07-07T13:13:32.582333,2026-07-07T13:13:32.589097+00:00,142.1,43,bid,,,10895770
2026-07-07T13:13:33.132916,2026-07-07T13:13:33.141365+00:00,141.8,12,ask,,,10895782
2026-07-07T13:13:33.132916,2026-07-07T13:13:33.141365+00:00,141.8,35,ask,,,10895783
2026-07-07T13:13:33.244060,2026-07-07T13:13:33.252962+00:00,141.8,50,ask,,,10895784
2026-07-07T13:13:33.603195,2026-07-07T13:13:33.614909+00:00,142.2,12,bid,,,10895789
2026-07-07T13:13:33.603195,2026-07-07T13:13:33.614909+00:00,142.3,34,bid,,,10895790
2026-07-07T13:13:35.301107,2026-07-07T13:13:35.309832+00:00,142.3,50,bid,,,10895827
2026-07-07T13:13:35.563176,2026-07-07T13:13:35.574926+00:00,141.8,40,ask,,,10895834
2026-07-07T13:13:37.323816,2026-07-07T13:13:37.331421+00:00,142.3,48,bid,,,10895870
2026-07-07T13:13:37.452185,2026-07-07T13:13:37.464086+00:00,142.3,50,bid,,,10895872
2026-07-07T13:13:38.013767,2026-07-07T13:13:38.025434+00:00,141.8,41,ask,,,10895881
2026-07-07T13:13:39.896722,2026-07-07T13:13:39.908438+00:00,142.1,40,ask,,,10895914
2026-07-07T13:13:40.406898,2026-07-07T13:13:40.418603+00:00,142.2,47,bid,,,10895920
2026-07-07T13:13:41.693481,2026-07-07T13:13:41.705131+00:00,142.2,50,bid,,,10895947
2026-07-07T13:13:42.535537,2026-07-07T13:13:42.558572+00:00,142.1,44,ask,,,10895956
2026-07-07T13:13:45.929513,2026-07-07T13:13:45.941208+00:00,142.3,12,bid,,,10896002
2026-07-07T13:13:46.058319,2026-07-07T13:13:46.070284+00:00,142.2,46,ask,,,10896004
2026-07-07T13:13:47.027896,2026-07-07T13:13:47.039874+00:00,142.6,46,bid,,,10896021
2026-07-07T13:13:47.733775,2026-07-07T13:13:47.743732+00:00,142.2,40,ask,,,10896030
2026-07-07T13:13:48.037802,2026-07-07T13:13:48.044533+00:00,142.6,50,bid,,,10896035
2026-07-07T13:13:48.889527,2026-07-07T13:13:48.900983+00:00,142.6,12,bid,,,10896046
2026-07-07T13:13:48.889527,2026-07-07T13:13:48.900983+00:00,142.7,29,bid,,,10896047
2026-07-07T13:13:49.868205,2026-07-07T13:13:49.875125+00:00,142.7,48,bid,,,10896068
2026-07-07T13:13:51.528581,2026-07-07T13:13:51.540171+00:00,142.6,42,ask,,,10896089
2026-07-07T13:13:51.864648,2026-07-07T13:13:51.874535+00:00,142.6,22,ask,,,10896102
2026-07-07T13:13:52.304363,2026-07-07T13:13:52.316073+00:00,142.6,50,ask,,,10896107
2026-07-07T13:13:52.715600,2026-07-07T13:13:52.727528+00:00,142.6,36,ask,,,10896111
2026-07-07T13:13:52.715600,2026-07-07T13:13:52.727528+00:00,142.4,5,ask,,,10896112
2026-07-07T13:13:54.412440,2026-07-07T13:13:54.418936+00:00,142.3,50,ask,,,10896152
2026-07-07T13:13:54.642087,2026-07-07T13:13:54.655344+00:00,142.3,50,ask,,,10896159
2026-07-07T13:13:56.521146,2026-07-07T13:13:56.533251+00:00,142.1,12,ask,,,10896192
2026-07-07T13:13:56.521146,2026-07-07T13:13:56.533251+00:00,141.8,38,ask,,,10896193
2026-07-07T13:13:57.197691,2026-07-07T13:13:57.214200+00:00,142.3,11,bid,,,10896204
2026-07-07T13:13:58.632619,2026-07-07T13:13:58.644209+00:00,142.0,12,ask,,,10896231
2026-07-07T13:13:58.632619,2026-07-07T13:13:58.644209+00:00,141.9,38,ask,,,10896232
2026-07-07T13:13:59.736549,2026-07-07T13:13:59.747020+00:00,142.3,11,bid,,,10896255
2026-07-07T13:14:00.741116,2026-07-07T13:14:00.749729+00:00,142.0,12,ask,,,10896272
2026-07-07T13:14:00.741116,2026-07-07T13:14:00.749729+00:00,141.9,38,ask,,,10896273
2026-07-07T13:14:01.852442,2026-07-07T13:14:01.864242+00:00,142.3,45,bid,,,10896284
2026-07-07T13:14:02.421354,2026-07-07T13:14:02.432757+00:00,142.3,45,bid,,,10896296
2026-07-07T13:14:02.849706,2026-07-07T13:14:02.855528+00:00,142.0,50,ask,,,10896301
2026-07-07T13:14:03.520492,2026-07-07T13:14:03.529088+00:00,142.3,42,bid,,,10896311
2026-07-07T13:14:04.905625,2026-07-07T13:14:04.917411+00:00,142.4,50,bid,,,10896338
2026-07-07T13:14:06.132077,2026-07-07T13:14:06.143771+00:00,142.3,41,ask,,,10896358
2026-07-07T13:14:07.013690,2026-07-07T13:14:07.021436+00:00,142.4,50,bid,,,10896379
2026-07-07T13:14:08.165568,2026-07-07T13:14:08.177306+00:00,142.4,12,ask,,,10896399
2026-07-07T13:14:08.165568,2026-07-07T13:14:08.177306+00:00,142.4,34,ask,,,10896400
2026-07-07T13:14:10.944028,2026-07-07T13:14:10.954760+00:00,143.1,46,bid,,,10896437
2026-07-07T13:14:11.225411,2026-07-07T13:14:11.234691+00:00,143.1,50,bid,,,10896445
2026-07-07T13:14:12.857672,2026-07-07T13:14:12.869012+00:00,142.7,48,ask,,,10896469
2026-07-07T13:14:13.333091,2026-07-07T13:14:13.344646+00:00,143.0,12,bid,,,10896478
2026-07-07T13:14:13.333091,2026-07-07T13:14:13.344646+00:00,143.1,38,bid,,,10896479
2026-07-07T13:14:14.211863,2026-07-07T13:14:14.220509+00:00,143.0,11,ask,,,10896493
2026-07-07T13:14:14.271756,2026-07-07T13:14:14.283382+00:00,143.0,47,ask,,,10896497
2026-07-07T13:14:14.915794,2026-07-07T13:14:14.923664+00:00,143.1,12,bid,,,10896512
2026-07-07T13:14:14.915794,2026-07-07T13:14:14.929159+00:00,143.1,30,bid,,,10896513
2026-07-07T13:14:15.438176,2026-07-07T13:14:15.449607+00:00,143.1,46,bid,,,10896521
2026-07-07T13:14:15.497849,2026-07-07T13:14:15.521327+00:00,143.0,50,ask,,,10896524
2026-07-07T13:14:15.539727,2026-07-07T13:14:15.551321+00:00,143.0,11,ask,,,10896528
2026-07-07T13:14:16.042796,2026-07-07T13:14:16.054423+00:00,143.0,31,ask,,,10896538
2026-07-07T13:14:16.042796,2026-07-07T13:14:16.054423+00:00,142.8,12,ask,,,10896539
2026-07-07T13:14:16.668219,2026-07-07T13:14:16.677651+00:00,143.1,24,bid,,,10896544
2026-07-07T13:14:16.815243,2026-07-07T13:14:16.829176+00:00,142.9,11,bid,,,10896548
2026-07-07T13:14:16.845926,2026-07-07T13:14:16.855163+00:00,142.9,11,bid,,,10896550
2026-07-07T13:14:17.162674,2026-07-07T13:14:17.169395+00:00,142.8,12,ask,,,10896558
2026-07-07T13:14:17.170841,2026-07-07T13:14:17.179872+00:00,142.9,100,bid,,,10896559
2026-07-07T13:14:17.604988,2026-07-07T13:14:17.616658+00:00,142.5,12,ask,,,10896568
2026-07-07T13:14:17.604988,2026-07-07T13:14:17.616658+00:00,142.4,38,ask,,,10896569
2026-07-07T13:14:17.797553,2026-07-07T13:14:17.809234+00:00,142.9,28,bid,,,10896572
2026-07-07T13:14:17.797553,2026-07-07T13:14:17.809234+00:00,143.2,12,bid,,,10896573
2026-07-07T13:14:18.747000,2026-07-07T13:14:18.758584+00:00,142.4,40,ask,,,10896584
2026-07-07T13:14:19.715350,2026-07-07T13:14:19.721602+00:00,142.4,50,ask,,,10896603
2026-07-07T13:14:20.819395,2026-07-07T13:14:20.828922+00:00,143.1,46,bid,,,10896617
2026-07-07T13:14:20.874368,2026-07-07T13:14:20.882186+00:00,142.9,12,ask,,,10896618
2026-07-07T13:14:20.874368,2026-07-07T13:14:20.887384+00:00,142.8,30,ask,,,10896619
2026-07-07T13:14:21.821963,2026-07-07T13:14:21.833346+00:00,142.8,50,ask,,,10896637
2026-07-07T13:14:21.907323,2026-07-07T13:14:21.918805+00:00,142.8,20,ask,,,10896639
2026-07-07T13:14:21.907323,2026-07-07T13:14:21.918805+00:00,142.6,24,ask,,,10896640
2026-07-07T13:14:23.759758,2026-07-07T13:14:23.769926+00:00,142.9,23,bid,,,10896670
2026-07-07T13:14:23.932990,2026-07-07T13:14:23.940228+00:00,142.8,12,ask,,,10896673
2026-07-07T13:14:23.932990,2026-07-07T13:14:23.945634+00:00,142.7,38,ask,,,10896674
2026-07-07T13:14:24.115750,2026-07-07T13:14:24.127224+00:00,142.9,49,bid,,,10896678
2026-07-07T13:14:26.042030,2026-07-07T13:14:26.053440+00:00,142.7,50,ask,,,10896719
2026-07-07T13:14:28.097585,2026-07-07T13:14:28.108982+00:00,142.8,50,bid,,,10896754
2026-07-07T13:14:28.481494,2026-07-07T13:14:28.493711+00:00,142.8,49,bid,,,10896758
2026-07-07T13:14:30.261200,2026-07-07T13:14:30.273072+00:00,142.8,12,ask,,,10896786
2026-07-07T13:14:30.261200,2026-07-07T13:14:30.273072+00:00,142.7,38,ask,,,10896787
2026-07-07T13:14:32.372594,2026-07-07T13:14:32.383140+00:00,142.7,50,ask,,,10896822
2026-07-07T13:14:34.434342,2026-07-07T13:14:34.441315+00:00,142.8,50,bid,,,10896862
2026-07-07T13:14:35.137645,2026-07-07T13:14:35.149381+00:00,142.6,5,ask,,,10896871
2026-07-07T13:14:35.137645,2026-07-07T13:14:35.149381+00:00,142.4,40,ask,,,10896872
2026-07-07T13:14:36.594793,2026-07-07T13:14:36.606262+00:00,142.4,41,ask,,,10896903
2026-07-07T13:14:38.651153,2026-07-07T13:14:38.657548+00:00,142.8,50,bid,,,10896931
2026-07-07T13:14:40.781354,2026-07-07T13:14:40.790982+00:00,142.6,50,bid,,,10896966
2026-07-07T13:14:41.193801,2026-07-07T13:14:41.203015+00:00,142.6,41,bid,,,10896969
2026-07-07T13:14:43.820750,2026-07-07T13:14:43.832098+00:00,142.6,47,ask,,,10897009
2026-07-07T13:14:44.996901,2026-07-07T13:14:45.004454+00:00,142.9,12,bid,,,10897027
2026-07-07T13:14:44.996901,2026-07-07T13:14:45.009417+00:00,143.0,38,bid,,,10897028
2026-07-07T13:14:46.397152,2026-07-07T13:14:46.409164+00:00,142.8,43,bid,,,10897048
2026-07-07T13:14:47.158450,2026-07-07T13:14:47.170362+00:00,142.4,50,ask,,,10897064
2026-07-07T13:14:47.485539,2026-07-07T13:14:47.497129+00:00,142.8,42,bid,,,10897073
2026-07-07T13:14:49.215929,2026-07-07T13:14:49.222682+00:00,142.7,50,bid,,,10897104
2026-07-07T13:14:51.321614,2026-07-07T13:14:51.332988+00:00,142.7,50,bid,,,10897145
2026-07-07T13:14:52.372369,2026-07-07T13:14:52.381999+00:00,142.7,23,ask,,,10897174
2026-07-07T13:14:53.493520,2026-07-07T13:14:53.509120+00:00,142.7,50,ask,,,10897189
2026-07-07T13:14:55.549535,2026-07-07T13:14:55.561368+00:00,142.8,12,bid,,,10897226
2026-07-07T13:14:55.549535,2026-07-07T13:14:55.561368+00:00,142.8,38,bid,,,10897227
2026-07-07T13:14:55.630395,2026-07-07T13:14:55.641913+00:00,142.5,12,ask,,,10897228
2026-07-07T13:14:55.630395,2026-07-07T13:14:55.641913+00:00,142.5,31,ask,,,10897229
2026-07-07T13:14:56.700894,2026-07-07T13:14:56.709690+00:00,142.8,46,bid,,,10897255
2026-07-07T13:14:56.755820,2026-07-07T13:14:56.758588+00:00,142.5,46,ask,,,10897258
2026-07-07T13:14:57.838732,2026-07-07T13:14:57.850272+00:00,142.8,12,bid,,,10897272
2026-07-07T13:14:58.415977,2026-07-07T13:14:58.427673+00:00,142.8,48,bid,,,10897280
2026-07-07T13:14:58.944600,2026-07-07T13:14:58.952919+00:00,142.6,49,ask,,,10897287
2026-07-07T13:14:59.792471,2026-07-07T13:14:59.803745+00:00,142.8,50,bid,,,10897306
2026-07-07T13:15:00.630790,2026-07-07T13:15:00.640635+00:00,142.6,41,ask,,,10897321
2026-07-07T13:15:01.899612,2026-07-07T13:15:01.909253+00:00,142.6,50,bid,,,10897352
2026-07-07T13:15:04.063936,2026-07-07T13:15:04.075474+00:00,142.4,50,ask,,,10897390
2026-07-07T13:15:04.248714,2026-07-07T13:15:04.258083+00:00,142.4,50,ask,,,10897391
2026-07-07T13:15:06.205089,2026-07-07T13:15:06.216629+00:00,142.1,12,ask,,,10897427
2026-07-07T13:15:06.205089,2026-07-07T13:15:06.216629+00:00,141.9,38,ask,,,10897428
2026-07-07T13:15:08.265039,2026-07-07T13:15:08.276804+00:00,142.4,50,bid,,,10897472
2026-07-07T13:15:10.372671,2026-07-07T13:15:10.384309+00:00,142.4,50,bid,,,10897505
2026-07-07T13:15:10.399866,2026-07-07T13:15:10.411693+00:00,142.5,12,bid,,,10897506
2026-07-07T13:15:10.399866,2026-07-07T13:15:10.411693+00:00,142.6,37,bid,,,10897507
2026-07-07T13:15:11.472591,2026-07-07T13:15:11.484573+00:00,142.3,41,ask,,,10897521
2026-07-07T13:15:12.493713,2026-07-07T13:15:12.503641+00:00,142.5,12,bid,,,10897544
2026-07-07T13:15:12.493713,2026-07-07T13:15:12.503641+00:00,142.7,29,bid,,,10897545
2026-07-07T13:15:12.551929,2026-07-07T13:15:12.558569+00:00,142.3,48,ask,,,10897546
2026-07-07T13:15:12.557626,2026-07-07T13:15:12.569254+00:00,142.3,50,ask,,,10897547
2026-07-07T13:15:13.461435,2026-07-07T13:15:13.473972+00:00,142.3,11,ask,,,10897553
2026-07-07T13:15:13.739636,2026-07-07T13:15:13.760502+00:00,142.2,100,ask,,,10897562
2026-07-07T13:15:13.739636,2026-07-07T13:15:13.760502+00:00,142.0,12,ask,,,10897563
2026-07-07T13:15:13.751967,2026-07-07T13:15:13.760502+00:00,142.0,23,bid,,,10897564
2026-07-07T13:15:14.064757,2026-07-07T13:15:14.080597+00:00,142.0,15,bid,,,10897570
2026-07-07T13:15:14.064757,2026-07-07T13:15:14.080597+00:00,142.4,12,bid,,,10897571
2026-07-07T13:15:14.669333,2026-07-07T13:15:14.686812+00:00,142.0,12,ask,,,10897581
2026-07-07T13:15:14.669333,2026-07-07T13:15:14.686812+00:00,141.9,38,ask,,,10897582
2026-07-07T13:15:16.675612,2026-07-07T13:15:16.687538+00:00,142.3,12,bid,,,10897624
2026-07-07T13:15:16.675612,2026-07-07T13:15:16.687538+00:00,142.4,36,bid,,,10897625
2026-07-07T13:15:16.727312,2026-07-07T13:15:16.738809+00:00,142.4,50,bid,,,10897629
2026-07-07T13:15:18.338902,2026-07-07T13:15:18.352816+00:00,142.1,12,ask,,,10897658
2026-07-07T13:15:18.886666,2026-07-07T13:15:18.898502+00:00,142.1,50,ask,,,10897665
2026-07-07T13:15:19.843182,2026-07-07T13:15:19.858569+00:00,142.1,42,ask,,,10897684
2026-07-07T13:15:20.068521,2026-07-07T13:15:20.090586+00:00,142.0,100,ask,,,10897686
2026-07-07T13:15:20.081728,2026-07-07T13:15:20.090586+00:00,141.9,12,bid,,,10897687
2026-07-07T13:15:20.486394,2026-07-07T13:15:20.495599+00:00,141.9,12,bid,,,10897691
2026-07-07T13:15:20.942731,2026-07-07T13:15:20.954343+00:00,141.9,26,bid,,,10897699
2026-07-07T13:15:20.942731,2026-07-07T13:15:20.954343+00:00,142.1,24,bid,,,10897700
2026-07-07T13:15:21.862059,2026-07-07T13:15:21.869000+00:00,142.0,12,bid,,,10897713
2026-07-07T13:15:21.862059,2026-07-07T13:15:21.874281+00:00,142.1,37,bid,,,10897714
2026-07-07T13:15:22.350958,2026-07-07T13:15:22.356743+00:00,141.7,12,ask,,,10897731
2026-07-07T13:15:22.350958,2026-07-07T13:15:22.356743+00:00,141.6,33,ask,,,10897732
2026-07-07T13:15:23.108996,2026-07-07T13:15:23.116145+00:00,141.6,50,ask,,,10897750
2026-07-07T13:15:23.192478,2026-07-07T13:15:23.201775+00:00,142.0,23,ask,,,10897753
2026-07-07T13:15:23.663465,2026-07-07T13:15:23.675139+00:00,142.0,100,ask,,,10897761
2026-07-07T13:15:24.343714,2026-07-07T13:15:24.353296+00:00,142.0,27,ask,,,10897782
2026-07-07T13:15:24.343714,2026-07-07T13:15:24.353296+00:00,141.9,12,ask,,,10897783
2026-07-07T13:15:24.897246,2026-07-07T13:15:24.906252+00:00,142.2,12,bid,,,10897795
2026-07-07T13:15:24.897246,2026-07-07T13:15:24.911323+00:00,142.5,28,bid,,,10897796
2026-07-07T13:15:25.216133,2026-07-07T13:15:25.227848+00:00,141.5,12,ask,,,10897809
2026-07-07T13:15:25.216133,2026-07-07T13:15:25.227848+00:00,141.3,38,ask,,,10897810
2026-07-07T13:15:27.274234,2026-07-07T13:15:27.286030+00:00,142.1,12,bid,,,10897842
2026-07-07T13:15:27.274234,2026-07-07T13:15:27.286030+00:00,142.1,38,bid,,,10897843
2026-07-07T13:15:27.698780,2026-07-07T13:15:27.706585+00:00,142.1,47,bid,,,10897851
2026-07-07T13:15:29.385049,2026-07-07T13:15:29.396493+00:00,142.1,15,bid,,,10897876
2026-07-07T13:15:29.385049,2026-07-07T13:15:29.396493+00:00,142.2,35,bid,,,10897877
2026-07-07T13:15:31.494180,2026-07-07T13:15:31.502371+00:00,142.2,50,bid,,,10897912
2026-07-07T13:15:33.113863,2026-07-07T13:15:33.125660+00:00,141.9,45,ask,,,10897941
2026-07-07T13:15:33.601006,2026-07-07T13:15:33.610714+00:00,142.3,12,bid,,,10897952
2026-07-07T13:15:33.601006,2026-07-07T13:15:33.610714+00:00,142.4,38,bid,,,10897953
2026-07-07T13:15:35.761446,2026-07-07T13:15:35.773247+00:00,141.9,50,ask,,,10897981
2026-07-07T13:15:37.394361,2026-07-07T13:15:37.406251+00:00,142.0,46,ask,,,10897997
2026-07-07T13:15:37.868290,2026-07-07T13:15:37.879715+00:00,142.0,50,ask,,,10898010
2026-07-07T13:15:38.540407,2026-07-07T13:15:38.551090+00:00,142.3,12,bid,,,10898030
2026-07-07T13:15:38.540407,2026-07-07T13:15:38.551090+00:00,142.4,35,bid,,,10898031
2026-07-07T13:15:39.922933,2026-07-07T13:15:39.934283+00:00,142.2,50,bid,,,10898049
2026-07-07T13:15:41.865197,2026-07-07T13:15:41.876795+00:00,142.0,12,ask,,,10898078
2026-07-07T13:15:41.865197,2026-07-07T13:15:41.876795+00:00,141.9,31,ask,,,10898079
2026-07-07T13:15:42.030142,2026-07-07T13:15:42.037744+00:00,142.2,50,bid,,,10898084
2026-07-07T13:15:43.323546,2026-07-07T13:15:43.329966+00:00,142.1,45,ask,,,10898106
2026-07-07T13:15:43.817598,2026-07-07T13:15:43.829152+00:00,142.4,12,bid,,,10898118
2026-07-07T13:15:43.817598,2026-07-07T13:15:43.829152+00:00,142.5,34,bid,,,10898119
2026-07-07T13:15:44.138915,2026-07-07T13:15:44.145325+00:00,142.5,50,bid,,,10898126
2026-07-07T13:15:46.250678,2026-07-07T13:15:46.259196+00:00,142.5,12,bid,,,10898162
2026-07-07T13:15:46.250678,2026-07-07T13:15:46.259196+00:00,142.5,38,bid,,,10898163
2026-07-07T13:15:48.364159,2026-07-07T13:15:48.373516+00:00,142.5,50,bid,,,10898194
2026-07-07T13:15:48.953608,2026-07-07T13:15:48.961736+00:00,142.4,44,ask,,,10898202
2026-07-07T13:15:49.859890,2026-07-07T13:15:49.869352+00:00,142.4,11,ask,,,10898221
2026-07-07T13:15:50.470283,2026-07-07T13:15:50.480039+00:00,142.6,12,bid,,,10898238
2026-07-07T13:15:50.470283,2026-07-07T13:15:50.480039+00:00,142.8,38,bid,,,10898239
2026-07-07T13:15:52.633408,2026-07-07T13:15:52.640065+00:00,142.5,50,ask,,,10898274
2026-07-07T13:15:53.966139,2026-07-07T13:15:53.977711+00:00,142.7,49,bid,,,10898294
2026-07-07T13:15:57.284339,2026-07-07T13:15:57.296226+00:00,142.5,41,ask,,,10898344
2026-07-07T13:15:58.907283,2026-07-07T13:15:58.921418+00:00,142.9,50,bid,,,10898376
2026-07-07T13:15:59.146358,2026-07-07T13:15:59.163859+00:00,142.9,44,bid,,,10898383
2026-07-07T13:16:00.708907,2026-07-07T13:16:00.717945+00:00,142.4,45,ask,,,10898412
2026-07-07T13:16:01.066194,2026-07-07T13:16:01.075574+00:00,142.4,50,ask,,,10898423
2026-07-07T13:16:02.373438,2026-07-07T13:16:02.386665+00:00,142.6,28,bid,,,10898444
2026-07-07T13:16:02.934906,2026-07-07T13:16:02.942373+00:00,142.6,41,bid,,,10898456
2026-07-07T13:16:03.175770,2026-07-07T13:16:03.185660+00:00,142.2,50,ask,,,10898461
2026-07-07T13:16:05.282106,2026-07-07T13:16:05.290365+00:00,142.4,50,ask,,,10898490
2026-07-07T13:16:07.395536,2026-07-07T13:16:07.405674+00:00,142.4,50,ask,,,10898536
2026-07-07T13:16:09.407063,2026-07-07T13:16:09.415704+00:00,142.3,12,ask,,,10898563
2026-07-07T13:16:09.407063,2026-07-07T13:16:09.420919+00:00,142.2,36,ask,,,10898564
2026-07-07T13:16:09.451613,2026-07-07T13:16:09.458625+00:00,142.6,12,bid,,,10898565
2026-07-07T13:16:09.451613,2026-07-07T13:16:09.458625+00:00,142.6,38,bid,,,10898566
2026-07-07T13:16:09.935916,2026-07-07T13:16:09.947699+00:00,142.6,49,bid,,,10898573
2026-07-07T13:16:11.347541,2026-07-07T13:16:11.354161+00:00,142.5,44,ask,,,10898601
2026-07-07T13:16:11.561058,2026-07-07T13:16:11.572484+00:00,142.7,50,bid,,,10898606
2026-07-07T13:16:11.963354,2026-07-07T13:16:11.971454+00:00,142.5,45,ask,,,10898612
2026-07-07T13:16:13.685829,2026-07-07T13:16:13.696205+00:00,142.7,50,bid,,,10898645
2026-07-07T13:16:15.800626,2026-07-07T13:16:15.810512+00:00,142.6,12,bid,,,10898674
2026-07-07T13:16:15.800626,2026-07-07T13:16:15.810512+00:00,142.7,38,bid,,,10898675
2026-07-07T13:16:17.827129,2026-07-07T13:16:17.834610+00:00,142.6,12,bid,,,10898719
2026-07-07T13:16:17.827129,2026-07-07T13:16:17.839839+00:00,142.7,37,bid,,,10898720
2026-07-07T13:16:17.936749,2026-07-07T13:16:17.948653+00:00,142.7,50,bid,,,10898725
2026-07-07T13:16:18.285143,2026-07-07T13:16:18.292622+00:00,142.4,47,ask,,,10898727
2026-07-07T13:16:20.352499,2026-07-07T13:16:20.371288+00:00,142.6,23,ask,,,10898758
2026-07-07T13:16:20.452844,2026-07-07T13:16:20.460181+00:00,142.7,12,bid,,,10898761
2026-07-07T13:16:20.452844,2026-07-07T13:16:20.465364+00:00,142.9,31,bid,,,10898762
2026-07-07T13:16:20.631341,2026-07-07T13:16:20.639633+00:00,142.6,100,ask,,,10898764
2026-07-07T13:16:20.994863,2026-07-07T13:16:21.006354+00:00,142.6,3,ask,,,10898767
2026-07-07T13:16:21.259418,2026-07-07T13:16:21.269974+00:00,142.6,3,ask,,,10898774
2026-07-07T13:16:22.151688,2026-07-07T13:16:22.150326+00:00,142.9,4,bid,,,10898793
2026-07-07T13:16:23.956297,2026-07-07T13:16:23.968022+00:00,142.7,40,ask,,,10898815
2026-07-07T13:16:24.258599,2026-07-07T13:16:24.266615+00:00,142.8,50,bid,,,10898822
2026-07-07T13:16:24.940714,2026-07-07T13:16:24.951960+00:00,142.8,11,bid,,,10898831
2026-07-07T13:16:25.595397,2026-07-07T13:16:25.614700+00:00,142.8,12,bid,,,10898837
2026-07-07T13:16:26.390840,2026-07-07T13:16:26.402743+00:00,142.8,50,bid,,,10898851
2026-07-07T13:16:26.907072,2026-07-07T13:16:26.916357+00:00,143.0,12,ask,,,10898861
2026-07-07T13:16:28.220969,2026-07-07T13:16:28.231138+00:00,143.0,11,ask,,,10898874
2026-07-07T13:16:28.549984,2026-07-07T13:16:28.561866+00:00,143.0,50,ask,,,10898880
2026-07-07T13:16:32.149433,2026-07-07T13:16:32.148256+00:00,143.1,43,bid,,,10898952
2026-07-07T13:16:32.769731,2026-07-07T13:16:32.781623+00:00,142.7,12,ask,,,10898959
2026-07-07T13:16:32.769731,2026-07-07T13:16:32.781623+00:00,142.7,31,ask,,,10898960
2026-07-07T13:16:35.680988,2026-07-07T13:16:35.690709+00:00,143.1,12,bid,,,10899009
2026-07-07T13:16:35.680988,2026-07-07T13:16:35.695926+00:00,143.3,36,bid,,,10899010
2026-07-07T13:16:36.923017,2026-07-07T13:16:36.931832+00:00,143.5,50,bid,,,10899034
