timestamp,recv_time,price,volume,aggressor_side,buyer,seller,trade_id
2026-07-09T01:00:01.676757,2026-07-09T01:00:01.688751+00:00,131.7,45,ask,DiligentDonuts,CostlyCorianders,12899071
2026-07-09T01:00:01.829223,2026-07-09T01:00:01.839076+00:00,131.7,11,ask,DiligentDonuts,Xuanyu Liu,12899073
2026-07-09T01:00:01.934573,2026-07-09T01:00:01.946545+00:00,131.9,50,bid,FlawlessFlatbreads,EarnestEspressos,12899076
2026-07-09T01:00:03.810154,2026-07-09T01:00:03.821029+00:00,132.0,42,bid,CostlyCorianders,EarnestEspressos,12899098
2026-07-09T01:00:04.064230,2026-07-09T01:00:04.076449+00:00,132.0,50,bid,FlawlessFlatbreads,EarnestEspressos,12899101
2026-07-09T01:00:05.703763,2026-07-09T01:00:05.710356+00:00,131.5,45,ask,EarnestEspressos,CostlyCorianders,12899136
2026-07-09T01:00:06.174313,2026-07-09T01:00:06.186429+00:00,132.0,50,bid,FlawlessFlatbreads,DiligentDonuts,12899137
2026-07-09T01:00:06.343097,2026-07-09T01:00:06.354098+00:00,132.0,47,bid,CostlyCorianders,DiligentDonuts,12899139
2026-07-09T01:00:06.397453,2026-07-09T01:00:06.405271+00:00,131.6,40,ask,EarnestEspressos,CostlyCorianders,12899140
2026-07-09T01:00:07.414241,2026-07-09T01:00:07.423784+00:00,131.7,41,ask,DiligentDonuts,CostlyCorianders,12899153
2026-07-09T01:00:08.303594,2026-07-09T01:00:08.328124+00:00,132.1,50,bid,FlawlessFlatbreads,EarnestEspressos,12899169
2026-07-09T01:00:10.412579,2026-07-09T01:00:10.420523+00:00,132.1,50,bid,FlawlessFlatbreads,EarnestEspressos,12899187
2026-07-09T01:00:10.681217,2026-07-09T01:00:10.693255+00:00,132.1,47,bid,CostlyCorianders,EarnestEspressos,12899195
2026-07-09T01:00:11.189613,2026-07-09T01:00:11.201657+00:00,131.6,40,ask,EarnestEspressos,CostlyCorianders,12899207
2026-07-09T01:00:12.130483,2026-07-09T01:00:12.140428+00:00,131.9,3,ask,EarnestEspressos,Xuanyu Liu,12899221
2026-07-09T01:00:12.523062,2026-07-09T01:00:12.535148+00:00,132.1,50,bid,FlawlessFlatbreads,DiligentDonuts,12899233
2026-07-09T01:00:15.798569,2026-07-09T01:00:15.808273+00:00,132.0,40,ask,EarnestEspressos,CostlyCorianders,12899278
2026-07-09T01:00:16.132572,2026-07-09T01:00:16.143287+00:00,132.0,10,ask,EarnestEspressos,Matthew Hanna,12899283
2026-07-09T01:00:16.345065,2026-07-09T01:00:16.355552+00:00,132.0,10,ask,EarnestEspressos,Matthew Hanna,12899287
2026-07-09T01:00:16.556781,2026-07-09T01:00:16.558569+00:00,132.0,5,ask,EarnestEspressos,Matthew Hanna,12899290
2026-07-09T01:00:16.787407,2026-07-09T01:00:16.798067+00:00,132.0,50,ask,EarnestEspressos,FlawlessFlatbreads,12899293
2026-07-09T01:00:18.894397,2026-07-09T01:00:18.901096+00:00,131.7,50,ask,DiligentDonuts,FlawlessFlatbreads,12899317
2026-07-09T01:00:19.965482,2026-07-09T01:00:19.974277+00:00,131.8,46,bid,CostlyCorianders,DiligentDonuts,12899346
2026-07-09T01:00:21.004630,2026-07-09T01:00:21.012490+00:00,131.4,50,ask,EarnestEspressos,FlawlessFlatbreads,12899358
2026-07-09T01:00:22.160503,2026-07-09T01:00:22.170003+00:00,131.5,40,bid,CostlyCorianders,EarnestEspressos,12899371
2026-07-09T01:00:22.734084,2026-07-09T01:00:22.745758+00:00,131.3,45,ask,DiligentDonuts,CostlyCorianders,12899382
2026-07-09T01:00:23.112228,2026-07-09T01:00:23.124294+00:00,131.3,50,ask,DiligentDonuts,FlawlessFlatbreads,12899384
2026-07-09T01:00:25.170477,2026-07-09T01:00:25.182148+00:00,131.4,50,bid,FlawlessFlatbreads,EarnestEspressos,12899406
2026-07-09T01:00:25.406193,2026-07-09T01:00:25.415849+00:00,131.4,40,bid,CostlyCorianders,EarnestEspressos,12899412
2026-07-09T01:00:26.035676,2026-07-09T01:00:26.047583+00:00,131.4,49,bid,CostlyCorianders,EarnestEspressos,12899422
2026-07-09T01:00:27.029750,2026-07-09T01:00:27.041462+00:00,130.9,40,ask,EarnestEspressos,CostlyCorianders,12899435
2026-07-09T01:00:27.278769,2026-07-09T01:00:27.288653+00:00,131.4,11,bid,FlawlessFlatbreads,EarnestEspressos,12899441
2026-07-09T01:00:27.278769,2026-07-09T01:00:27.288653+00:00,131.4,39,bid,FlawlessFlatbreads,DiligentDonuts,12899442
2026-07-09T01:00:28.451474,2026-07-09T01:00:28.458599+00:00,131.3,43,ask,EarnestEspressos,CostlyCorianders,12899452
2026-07-09T01:00:30.054362,2026-07-09T01:00:30.056448+00:00,131.3,49,ask,EarnestEspressos,CostlyCorianders,12899470
2026-07-09T01:00:31.492022,2026-07-09T01:00:31.503999+00:00,131.5,50,bid,FlawlessFlatbreads,EarnestEspressos,12899488
2026-07-09T01:00:32.123719,2026-07-09T01:00:32.134265+00:00,131.5,47,bid,CostlyCorianders,EarnestEspressos,12899510
2026-07-09T01:00:33.603251,2026-07-09T01:00:33.612024+00:00,131.4,50,bid,FlawlessFlatbreads,DiligentDonuts,12899527
2026-07-09T01:00:34.819965,2026-07-09T01:00:34.831845+00:00,131.4,47,bid,CostlyCorianders,DiligentDonuts,12899542
2026-07-09T01:00:35.711007,2026-07-09T01:00:35.722765+00:00,131.7,50,bid,FlawlessFlatbreads,EarnestEspressos,12899549
2026-07-09T01:00:36.798766,2026-07-09T01:00:36.812809+00:00,131.3,49,ask,DiligentDonuts,CostlyCorianders,12899568
2026-07-09T01:00:37.869402,2026-07-09T01:00:37.881303+00:00,131.4,50,ask,EarnestEspressos,FlawlessFlatbreads,12899583
2026-07-09T01:00:39.499535,2026-07-09T01:00:39.508484+00:00,131.6,42,bid,CostlyCorianders,DiligentDonuts,12899604
2026-07-09T01:00:39.976599,2026-07-09T01:00:39.987569+00:00,131.4,50,ask,EarnestEspressos,FlawlessFlatbreads,12899610
2026-07-09T01:00:44.134923,2026-07-09T01:00:44.163664+00:00,131.7,50,bid,FlawlessFlatbreads,EarnestEspressos,12899668
2026-07-09T01:00:46.153398,2026-07-09T01:00:46.158562+00:00,131.4,45,ask,DiligentDonuts,CostlyCorianders,12899694
2026-07-09T01:00:46.293489,2026-07-09T01:00:46.305405+00:00,131.4,50,ask,DiligentDonuts,FlawlessFlatbreads,12899699
2026-07-09T01:00:46.722402,2026-07-09T01:00:46.733966+00:00,131.4,5,ask,DiligentDonuts,CostlyCorianders,12899710
2026-07-09T01:00:48.401186,2026-07-09T01:00:48.413176+00:00,131.4,50,ask,EarnestEspressos,FlawlessFlatbreads,12899740
2026-07-09T01:00:50.518598,2026-07-09T01:00:50.525847+00:00,131.2,50,ask,EarnestEspressos,FlawlessFlatbreads,12899774
2026-07-09T01:00:51.754324,2026-07-09T01:00:51.766060+00:00,131.5,42,bid,CostlyCorianders,DiligentDonuts,12899783
2026-07-09T01:00:52.312912,2026-07-09T01:00:52.325119+00:00,131.2,46,ask,EarnestEspressos,CostlyCorianders,12899789
2026-07-09T01:00:52.624494,2026-07-09T01:00:52.636677+00:00,131.2,50,ask,EarnestEspressos,FlawlessFlatbreads,12899792
2026-07-09T01:00:53.322264,2026-07-09T01:00:53.332354+00:00,131.1,3,bid,Xuanyu Liu,EarnestEspressos,12899803
2026-07-09T01:00:53.435512,2026-07-09T01:00:53.446887+00:00,131.1,10,bid,Matthew Hanna,EarnestEspressos,12899806
2026-07-09T01:00:53.647761,2026-07-09T01:00:53.658576+00:00,131.1,10,bid,Matthew Hanna,EarnestEspressos,12899811
2026-07-09T01:00:53.857727,2026-07-09T01:00:53.868920+00:00,131.1,5,bid,Matthew Hanna,EarnestEspressos,12899816
2026-07-09T01:00:54.636581,2026-07-09T01:00:54.648351+00:00,131.1,100,bid,DiligentDonuts,EarnestEspressos,12899830
2026-07-09T01:00:54.762427,2026-07-09T01:00:54.774711+00:00,130.6,50,ask,EarnestEspressos,FlawlessFlatbreads,12899831
2026-07-09T01:00:54.893456,2026-07-09T01:00:54.905685+00:00,131.1,22,bid,CostlyCorianders,EarnestEspressos,12899834
2026-07-09T01:00:54.893456,2026-07-09T01:00:54.905685+00:00,131.6,25,bid,CostlyCorianders,DiligentDonuts,12899835
2026-07-09T01:00:57.496114,2026-07-09T01:00:57.508139+00:00,131.5,47,bid,CostlyCorianders,EarnestEspressos,12899879
2026-07-09T01:00:57.552868,2026-07-09T01:00:57.558571+00:00,131.0,49,ask,EarnestEspressos,CostlyCorianders,12899880
2026-07-09T01:00:58.982948,2026-07-09T01:00:58.994839+00:00,131.0,50,ask,EarnestEspressos,FlawlessFlatbreads,12899904
2026-07-09T01:01:00.302565,2026-07-09T01:01:00.313824+00:00,131.2,45,bid,CostlyCorianders,EarnestEspressos,12899920
2026-07-09T01:01:01.090241,2026-07-09T01:01:01.102229+00:00,130.9,50,ask,DiligentDonuts,FlawlessFlatbreads,12899936
2026-07-09T01:01:01.415300,2026-07-09T01:01:01.427215+00:00,130.9,49,ask,DiligentDonuts,CostlyCorianders,12899939
2026-07-09T01:01:02.034158,2026-07-09T01:01:02.045998+00:00,131.2,47,bid,CostlyCorianders,EarnestEspressos,12899945
2026-07-09T01:01:03.127610,2026-07-09T01:01:03.135149+00:00,131.2,47,ask,EarnestEspressos,CostlyCorianders,12899955
2026-07-09T01:01:03.206947,2026-07-09T01:01:03.237239+00:00,131.2,50,ask,EarnestEspressos,FlawlessFlatbreads,12899959
2026-07-09T01:01:04.204097,2026-07-09T01:01:04.215170+00:00,131.2,53,ask,EarnestEspressos,DiligentDonuts,12899978
2026-07-09T01:01:06.277453,2026-07-09T01:01:06.289313+00:00,131.1,45,bid,CostlyCorianders,EarnestEspressos,12900009
2026-07-09T01:01:07.429856,2026-07-09T01:01:07.440931+00:00,130.8,50,ask,DiligentDonuts,FlawlessFlatbreads,12900015
2026-07-09T01:01:07.498103,2026-07-09T01:01:07.510143+00:00,131.1,48,bid,CostlyCorianders,EarnestEspressos,12900018
2026-07-09T01:01:09.485346,2026-07-09T01:01:09.497314+00:00,131.3,50,bid,FlawlessFlatbreads,DiligentDonuts,12900048
2026-07-09T01:01:10.079423,2026-07-09T01:01:10.087812+00:00,131.0,49,ask,EarnestEspressos,CostlyCorianders,12900060
2026-07-09T01:01:10.682508,2026-07-09T01:01:10.694755+00:00,131.0,49,ask,EarnestEspressos,CostlyCorianders,12900066
2026-07-09T01:01:11.229761,2026-07-09T01:01:11.242006+00:00,131.3,45,bid,CostlyCorianders,DiligentDonuts,12900079
2026-07-09T01:01:11.286312,2026-07-09T01:01:11.295985+00:00,131.0,47,ask,EarnestEspressos,CostlyCorianders,12900080
2026-07-09T01:01:11.593472,2026-07-09T01:01:11.597077+00:00,131.3,50,bid,FlawlessFlatbreads,DiligentDonuts,12900081
2026-07-09T01:01:12.292372,2026-07-09T01:01:12.314671+00:00,130.8,100,ask,DiligentDonuts,EarnestEspressos,12900092
2026-07-09T01:01:12.301972,2026-07-09T01:01:12.314671+00:00,130.8,10,bid,Matthew Hanna,EarnestEspressos,12900094
2026-07-09T01:01:12.305090,2026-07-09T01:01:12.314671+00:00,130.8,34,bid,Xuanyu Liu,EarnestEspressos,12900095
2026-07-09T01:01:13.708351,2026-07-09T01:01:13.716863+00:00,130.8,6,bid,FlawlessFlatbreads,EarnestEspressos,12900114
2026-07-09T01:01:14.372578,2026-07-09T01:01:14.384617+00:00,131.1,48,bid,CostlyCorianders,DiligentDonuts,12900121
2026-07-09T01:01:14.934489,2026-07-09T01:01:14.945089+00:00,131.1,44,bid,CostlyCorianders,DiligentDonuts,12900125
2026-07-09T01:01:15.814795,2026-07-09T01:01:15.826620+00:00,131.1,8,bid,FlawlessFlatbreads,DiligentDonuts,12900135
2026-07-09T01:01:15.814795,2026-07-09T01:01:15.826620+00:00,131.3,42,bid,FlawlessFlatbreads,EarnestEspressos,12900136
2026-07-09T01:01:16.834758,2026-07-09T01:01:16.844944+00:00,131.0,23,ask,DiligentDonuts,Xuanyu Liu,12900157
2026-07-09T01:01:17.783855,2026-07-09T01:01:17.798080+00:00,131.0,11,ask,DiligentDonuts,Xuanyu Liu,12900176
2026-07-09T01:01:18.009190,2026-07-09T01:01:18.021285+00:00,131.0,50,ask,DiligentDonuts,FlawlessFlatbreads,12900183
2026-07-09T01:01:19.813465,2026-07-09T01:01:19.825730+00:00,131.0,16,ask,DiligentDonuts,CostlyCorianders,12900217
2026-07-09T01:01:19.813465,2026-07-09T01:01:19.825730+00:00,130.8,31,ask,EarnestEspressos,CostlyCorianders,12900218
2026-07-09T01:01:20.066317,2026-07-09T01:01:20.078383+00:00,131.2,50,bid,FlawlessFlatbreads,DiligentDonuts,12900220
2026-07-09T01:01:23.495232,2026-07-09T01:01:23.507195+00:00,130.9,46,ask,EarnestEspressos,CostlyCorianders,12900270
2026-07-09T01:01:24.629566,2026-07-09T01:01:24.637840+00:00,131.3,46,bid,CostlyCorianders,DiligentDonuts,12900289
2026-07-09T01:01:26.437898,2026-07-09T01:01:26.445400+00:00,131.1,50,ask,DiligentDonuts,FlawlessFlatbreads,12900305
2026-07-09T01:01:27.275332,2026-07-09T01:01:27.287215+00:00,131.1,46,ask,DiligentDonuts,CostlyCorianders,12900323
2026-07-09T01:01:30.600134,2026-07-09T01:01:30.607180+00:00,131.1,50,bid,FlawlessFlatbreads,DiligentDonuts,12900362
2026-07-09T01:01:31.359988,2026-07-09T01:01:31.371904+00:00,131.1,44,bid,CostlyCorianders,DiligentDonuts,12900372
2026-07-09T01:01:34.810972,2026-07-09T01:01:34.821108+00:00,131.1,50,bid,FlawlessFlatbreads,EarnestEspressos,12900412
2026-07-09T01:01:36.919293,2026-07-09T01:01:36.931112+00:00,131.1,50,bid,FlawlessFlatbreads,EarnestEspressos,12900430
2026-07-09T01:01:37.067819,2026-07-09T01:01:37.074526+00:00,130.8,43,ask,DiligentDonuts,CostlyCorianders,12900431
2026-07-09T01:01:37.535668,2026-07-09T01:01:37.544095+00:00,130.8,44,ask,DiligentDonuts,CostlyCorianders,12900442
2026-07-09T01:01:38.785704,2026-07-09T01:01:38.794884+00:00,131.0,3,ask,EarnestEspressos,Xuanyu Liu,12900452
2026-07-09T01:01:38.960054,2026-07-09T01:01:38.967411+00:00,131.0,10,ask,EarnestEspressos,Matthew Hanna,12900457
2026-07-09T01:01:39.028928,2026-07-09T01:01:39.040413+00:00,131.5,50,bid,FlawlessFlatbreads,EarnestEspressos,12900459
2026-07-09T01:01:39.061814,2026-07-09T01:01:39.073421+00:00,131.0,100,ask,EarnestEspressos,DiligentDonuts,12900460
2026-07-09T01:01:41.137609,2026-07-09T01:01:41.147266+00:00,131.1,50,bid,FlawlessFlatbreads,EarnestEspressos,12900486
2026-07-09T01:01:43.246154,2026-07-09T01:01:43.253286+00:00,131.1,50,bid,FlawlessFlatbreads,EarnestEspressos,12900513
2026-07-09T01:01:44.782506,2026-07-09T01:01:44.789753+00:00,131.1,10,ask,EarnestEspressos,Matthew Hanna,12900529
2026-07-09T01:01:45.000739,2026-07-09T01:01:45.012635+00:00,131.1,10,ask,EarnestEspressos,Matthew Hanna,12900538
2026-07-09T01:01:45.068790,2026-07-09T01:01:45.075552+00:00,131.1,43,ask,EarnestEspressos,CostlyCorianders,12900542
2026-07-09T01:01:45.215374,2026-07-09T01:01:45.223079+00:00,131.1,5,ask,EarnestEspressos,Matthew Hanna,12900545
2026-07-09T01:01:45.352900,2026-07-09T01:01:45.364754+00:00,131.6,50,bid,FlawlessFlatbreads,EarnestEspressos,12900548
2026-07-09T01:01:47.461087,2026-07-09T01:01:47.472945+00:00,131.2,50,bid,FlawlessFlatbreads,DiligentDonuts,12900566
2026-07-09T01:01:54.451365,2026-07-09T01:01:54.453745+00:00,131.5,41,bid,CostlyCorianders,DiligentDonuts,12900658
2026-07-09T01:01:55.941897,2026-07-09T01:01:55.953735+00:00,131.1,50,ask,DiligentDonuts,FlawlessFlatbreads,12900692
2026-07-09T01:01:57.999606,2026-07-09T01:01:58.006838+00:00,131.5,50,bid,FlawlessFlatbreads,EarnestEspressos,12900719
2026-07-09T01:02:00.108238,2026-07-09T01:02:00.120940+00:00,131.6,50,bid,FlawlessFlatbreads,DiligentDonuts,12900749
2026-07-09T01:02:01.474862,2026-07-09T01:02:01.486685+00:00,131.3,44,ask,EarnestEspressos,CostlyCorianders,12900775
2026-07-09T01:02:02.218253,2026-07-09T01:02:02.230229+00:00,131.7,50,bid,FlawlessFlatbreads,DiligentDonuts,12900784
2026-07-09T01:02:02.422919,2026-07-09T01:02:02.435688+00:00,131.3,3,ask,EarnestEspressos,Xuanyu Liu,12900788
2026-07-09T01:02:02.458824,2026-07-09T01:02:02.466578+00:00,131.3,10,ask,EarnestEspressos,Matthew Hanna,12900791
2026-07-09T01:02:02.670588,2026-07-09T01:02:02.677923+00:00,131.3,10,ask,EarnestEspressos,Matthew Hanna,12900797
2026-07-09T01:02:08.660888,2026-07-09T01:02:08.669168+00:00,131.1,50,ask,EarnestEspressos,FlawlessFlatbreads,12900877
2026-07-09T01:02:09.261235,2026-07-09T01:02:09.270649+00:00,131.1,100,ask,DiligentDonuts,EarnestEspressos,12900890
2026-07-09T01:02:10.332314,2026-07-09T01:02:10.342558+00:00,131.1,3,bid,Xuanyu Liu,EarnestEspressos,12900905
2026-07-09T01:02:10.765815,2026-07-09T01:02:10.777692+00:00,130.9,50,ask,DiligentDonuts,FlawlessFlatbreads,12900910
2026-07-09T01:02:11.425835,2026-07-09T01:02:11.433413+00:00,131.1,41,bid,CostlyCorianders,EarnestEspressos,12900924
2026-07-09T01:02:12.385414,2026-07-09T01:02:12.396414+00:00,131.1,3,ask,EarnestEspressos,Xuanyu Liu,12900931
2026-07-09T01:02:12.499937,2026-07-09T01:02:12.510979+00:00,131.1,5,ask,EarnestEspressos,Matthew Hanna,12900935
2026-07-09T01:02:12.902455,2026-07-09T01:02:12.913002+00:00,131.1,50,ask,EarnestEspressos,FlawlessFlatbreads,12900945
2026-07-09T01:02:14.957948,2026-07-09T01:02:14.969822+00:00,131.2,50,bid,FlawlessFlatbreads,DiligentDonuts,12900965
2026-07-09T01:02:15.968939,2026-07-09T01:02:15.979484+00:00,131.2,45,bid,CostlyCorianders,DiligentDonuts,12900980
2026-07-09T01:02:16.982587,2026-07-09T01:02:16.991980+00:00,131.0,49,ask,EarnestEspressos,CostlyCorianders,12900991
2026-07-09T01:02:17.115516,2026-07-09T01:02:17.127282+00:00,131.0,50,ask,EarnestEspressos,FlawlessFlatbreads,12900995
2026-07-09T01:02:19.171968,2026-07-09T01:02:19.184053+00:00,131.1,50,bid,FlawlessFlatbreads,EarnestEspressos,12901031
2026-07-09T01:02:21.334792,2026-07-09T01:02:21.344758+00:00,131.0,50,ask,DiligentDonuts,FlawlessFlatbreads,12901055
2026-07-09T01:02:21.916111,2026-07-09T01:02:21.928918+00:00,131.0,50,ask,DiligentDonuts,EarnestEspressos,12901058
2026-07-09T01:02:23.362744,2026-07-09T01:02:23.370997+00:00,131.0,47,bid,CostlyCorianders,EarnestEspressos,12901071
2026-07-09T01:02:24.407265,2026-07-09T01:02:24.418890+00:00,130.7,46,ask,DiligentDonuts,CostlyCorianders,12901080
2026-07-09T01:02:24.989612,2026-07-09T01:02:25.001480+00:00,131.2,49,bid,CostlyCorianders,DiligentDonuts,12901090
2026-07-09T01:02:25.476664,2026-07-09T01:02:25.485482+00:00,131.0,48,ask,EarnestEspressos,CostlyCorianders,12901095
2026-07-09T01:02:25.493006,2026-07-09T01:02:25.499647+00:00,131.2,50,bid,FlawlessFlatbreads,DiligentDonuts,12901096
2026-07-09T01:02:26.908078,2026-07-09T01:02:26.919837+00:00,131.2,45,bid,CostlyCorianders,DiligentDonuts,12901115
2026-07-09T01:02:27.613961,2026-07-09T01:02:27.625934+00:00,131.2,50,bid,FlawlessFlatbreads,DiligentDonuts,12901126
2026-07-09T01:02:29.778849,2026-07-09T01:02:29.790136+00:00,131.0,50,ask,DiligentDonuts,FlawlessFlatbreads,12901152
2026-07-09T01:02:30.819945,2026-07-09T01:02:30.828655+00:00,131.0,11,ask,DiligentDonuts,Xuanyu Liu,12901166
2026-07-09T01:02:31.342571,2026-07-09T01:02:31.351419+00:00,131.0,23,ask,DiligentDonuts,Xuanyu Liu,12901173
2026-07-09T01:02:31.463824,2026-07-09T01:02:31.475373+00:00,131.0,10,ask,DiligentDonuts,Matthew Hanna,12901177
2026-07-09T01:02:31.680603,2026-07-09T01:02:31.688443+00:00,131.0,6,ask,DiligentDonuts,Matthew Hanna,12901183
2026-07-09T01:02:31.887419,2026-07-09T01:02:31.898967+00:00,130.6,50,ask,EarnestEspressos,FlawlessFlatbreads,12901188
2026-07-09T01:02:32.910710,2026-07-09T01:02:32.917980+00:00,131.0,44,bid,CostlyCorianders,DiligentDonuts,12901204
2026-07-09T01:02:34.025439,2026-07-09T01:02:34.033146+00:00,130.6,50,ask,EarnestEspressos,FlawlessFlatbreads,12901219
2026-07-09T01:02:34.372706,2026-07-09T01:02:34.383311+00:00,130.6,42,ask,EarnestEspressos,CostlyCorianders,12901223
2026-07-09T01:02:34.580023,2026-07-09T01:02:34.592099+00:00,130.5,100,ask,DiligentDonuts,EarnestEspressos,12901227
2026-07-09T01:02:34.627981,2026-07-09T01:02:34.638791+00:00,130.4,37,bid,Xuanyu Liu,EarnestEspressos,12901229
2026-07-09T01:02:34.696969,2026-07-09T01:02:34.708944+00:00,130.4,10,bid,Matthew Hanna,EarnestEspressos,12901232
2026-07-09T01:02:34.905827,2026-07-09T01:02:34.913043+00:00,130.4,3,bid,Matthew Hanna,EarnestEspressos,12901237
2026-07-09T01:02:36.132236,2026-07-09T01:02:36.144080+00:00,130.2,50,ask,DiligentDonuts,FlawlessFlatbreads,12901249
2026-07-09T01:02:36.529925,2026-07-09T01:02:36.536744+00:00,130.7,47,bid,CostlyCorianders,DiligentDonuts,12901255
2026-07-09T01:02:38.238522,2026-07-09T01:02:38.250488+00:00,130.6,50,ask,EarnestEspressos,FlawlessFlatbreads,12901284
2026-07-09T01:02:40.348092,2026-07-09T01:02:40.355270+00:00,130.6,50,ask,EarnestEspressos,FlawlessFlatbreads,12901302
2026-07-09T01:02:42.455265,2026-07-09T01:02:42.457264+00:00,130.2,50,ask,DiligentDonuts,FlawlessFlatbreads,12901338
2026-07-09T01:02:43.331171,2026-07-09T01:02:43.342333+00:00,130.6,3,bid,Matthew Hanna,EarnestEspressos,12901352
2026-07-09T01:02:44.564815,2026-07-09T01:02:44.574535+00:00,130.4,50,ask,EarnestEspressos,FlawlessFlatbreads,12901371
2026-07-09T01:02:46.670784,2026-07-09T01:02:46.682502+00:00,130.4,50,ask,EarnestEspressos,FlawlessFlatbreads,12901401
2026-07-09T01:02:47.283392,2026-07-09T01:02:47.292721+00:00,130.4,3,bid,Xuanyu Liu,EarnestEspressos,12901410
2026-07-09T01:02:47.348603,2026-07-09T01:02:47.357413+00:00,130.4,10,bid,Matthew Hanna,EarnestEspressos,12901413
2026-07-09T01:02:47.457097,2026-07-09T01:02:47.468829+00:00,130.4,46,bid,CostlyCorianders,EarnestEspressos,12901415
2026-07-09T01:02:47.560662,2026-07-09T01:02:47.571199+00:00,130.4,10,bid,Matthew Hanna,EarnestEspressos,12901417
2026-07-09T01:02:47.772014,2026-07-09T01:02:47.783174+00:00,130.4,10,bid,Matthew Hanna,EarnestEspressos,12901419
2026-07-09T01:02:47.982856,2026-07-09T01:02:47.994096+00:00,130.4,10,bid,Matthew Hanna,EarnestEspressos,12901424
2026-07-09T01:02:48.197133,2026-07-09T01:02:48.205658+00:00,130.4,10,bid,Matthew Hanna,EarnestEspressos,12901429
2026-07-09T01:02:48.436614,2026-07-09T01:02:48.449291+00:00,130.4,23,bid,Xuanyu Liu,EarnestEspressos,12901432
2026-07-09T01:02:48.607434,2026-07-09T01:02:48.614068+00:00,130.4,10,bid,Matthew Hanna,EarnestEspressos,12901436
2026-07-09T01:02:48.647843,2026-07-09T01:02:48.659436+00:00,130.4,18,bid,DiligentDonuts,EarnestEspressos,12901438
2026-07-09T01:02:48.779361,2026-07-09T01:02:48.791367+00:00,130.4,50,ask,DiligentDonuts,FlawlessFlatbreads,12901440
2026-07-09T01:02:50.396648,2026-07-09T01:02:50.404442+00:00,130.6,12,ask,EarnestEspressos,Xuanyu Liu,12901456
2026-07-09T01:02:50.886939,2026-07-09T01:02:50.896301+00:00,130.6,50,ask,EarnestEspressos,FlawlessFlatbreads,12901462
2026-07-09T01:02:51.061492,2026-07-09T01:02:51.071081+00:00,130.6,11,ask,EarnestEspressos,Xuanyu Liu,12901467
2026-07-09T01:02:51.455471,2026-07-09T01:02:51.467257+00:00,130.6,40,ask,EarnestEspressos,CostlyCorianders,12901475
2026-07-09T01:02:51.863175,2026-07-09T01:02:51.875330+00:00,130.6,37,ask,EarnestEspressos,DiligentDonuts,12901479
2026-07-09T01:02:52.942400,2026-07-09T01:02:52.954418+00:00,130.6,50,bid,FlawlessFlatbreads,DiligentDonuts,12901491
2026-07-09T01:02:53.683414,2026-07-09T01:02:53.691332+00:00,130.3,23,bid,Xuanyu Liu,EarnestEspressos,12901506
2026-07-09T01:02:53.826646,2026-07-09T01:02:53.833295+00:00,130.3,10,bid,Matthew Hanna,EarnestEspressos,12901511
2026-07-09T01:02:54.035683,2026-07-09T01:02:54.042872+00:00,130.3,5,bid,Matthew Hanna,EarnestEspressos,12901516
2026-07-09T01:02:54.991896,2026-07-09T01:02:55.002010+00:00,130.3,100,bid,DiligentDonuts,EarnestEspressos,12901527
2026-07-09T01:02:55.051883,2026-07-09T01:02:55.058604+00:00,130.3,12,bid,FlawlessFlatbreads,EarnestEspressos,12901528
2026-07-09T01:02:55.051883,2026-07-09T01:02:55.069275+00:00,130.8,38,bid,FlawlessFlatbreads,DiligentDonuts,12901529
2026-07-09T01:02:56.732296,2026-07-09T01:02:56.741845+00:00,130.5,12,ask,EarnestEspressos,Xuanyu Liu,12901554
2026-07-09T01:02:57.162869,2026-07-09T01:02:57.173396+00:00,130.8,50,bid,FlawlessFlatbreads,DiligentDonuts,12901561
2026-07-09T01:02:58.986869,2026-07-09T01:02:58.995954+00:00,130.6,11,ask,DiligentDonuts,Xuanyu Liu,12901593
2026-07-09T01:02:59.911488,2026-07-09T01:02:59.921622+00:00,131.0,3,ask,EarnestEspressos,Xuanyu Liu,12901608
2026-07-09T01:03:00.065299,2026-07-09T01:03:00.074025+00:00,131.0,10,ask,EarnestEspressos,Matthew Hanna,12901611
2026-07-09T01:03:00.282866,2026-07-09T01:03:00.294256+00:00,131.0,10,ask,EarnestEspressos,Matthew Hanna,12901615
2026-07-09T01:03:01.428650,2026-07-09T01:03:01.440389+00:00,131.0,50,ask,EarnestEspressos,FlawlessFlatbreads,12901625
2026-07-09T01:03:01.694772,2026-07-09T01:03:01.705002+00:00,131.0,10,ask,EarnestEspressos,Matthew Hanna,12901632
2026-07-09T01:03:03.484734,2026-07-09T01:03:03.496591+00:00,131.0,50,bid,FlawlessFlatbreads,EarnestEspressos,12901663
2026-07-09T01:03:04.605713,2026-07-09T01:03:04.613929+00:00,130.7,40,ask,DiligentDonuts,CostlyCorianders,12901676
2026-07-09T01:03:05.574945,2026-07-09T01:03:05.585786+00:00,131.0,48,bid,CostlyCorianders,EarnestEspressos,12901689
2026-07-09T01:03:05.595518,2026-07-09T01:03:05.607243+00:00,131.0,50,bid,FlawlessFlatbreads,EarnestEspressos,12901690
2026-07-09T01:03:06.208109,2026-07-09T01:03:06.220018+00:00,131.2,100,bid,EarnestEspressos,DiligentDonuts,12901701
2026-07-09T01:03:07.701667,2026-07-09T01:03:07.713694+00:00,131.9,50,bid,FlawlessFlatbreads,EarnestEspressos,12901727
2026-07-09T01:03:09.808335,2026-07-09T01:03:09.820004+00:00,131.6,50,bid,FlawlessFlatbreads,DiligentDonuts,12901752
2026-07-09T01:03:10.231437,2026-07-09T01:03:10.238284+00:00,131.1,49,ask,DiligentDonuts,CostlyCorianders,12901756
2026-07-09T01:03:11.915516,2026-07-09T01:03:11.927559+00:00,131.3,50,bid,FlawlessFlatbreads,DiligentDonuts,12901776
2026-07-09T01:03:14.026711,2026-07-09T01:03:14.035900+00:00,131.5,50,bid,FlawlessFlatbreads,EarnestEspressos,12901805
2026-07-09T01:03:14.862584,2026-07-09T01:03:14.874568+00:00,131.1,48,ask,DiligentDonuts,CostlyCorianders,12901823
2026-07-09T01:03:16.133334,2026-07-09T01:03:16.145112+00:00,131.6,50,bid,FlawlessFlatbreads,DiligentDonuts,12901843
2026-07-09T01:03:18.241177,2026-07-09T01:03:18.258554+00:00,131.8,50,bid,FlawlessFlatbreads,EarnestEspressos,12901863
2026-07-09T01:03:18.936425,2026-07-09T01:03:18.947591+00:00,131.6,10,ask,EarnestEspressos,Matthew Hanna,12901874
2026-07-09T01:03:18.979622,2026-07-09T01:03:18.991618+00:00,131.8,45,bid,CostlyCorianders,DiligentDonuts,12901875
2026-07-09T01:03:19.149256,2026-07-09T01:03:19.158563+00:00,131.6,10,ask,EarnestEspressos,Matthew Hanna,12901879
2026-07-09T01:03:19.495250,2026-07-09T01:03:19.502346+00:00,131.6,49,ask,EarnestEspressos,CostlyCorianders,12901881
2026-07-09T01:03:20.346905,2026-07-09T01:03:20.358605+00:00,132.1,50,bid,FlawlessFlatbreads,EarnestEspressos,12901888
2026-07-09T01:03:21.211545,2026-07-09T01:03:21.223357+00:00,131.6,44,ask,EarnestEspressos,CostlyCorianders,12901908
2026-07-09T01:03:22.474696,2026-07-09T01:03:22.485389+00:00,131.9,50,bid,FlawlessFlatbreads,DiligentDonuts,12901919
2026-07-09T01:03:22.656836,2026-07-09T01:03:22.658536+00:00,131.9,40,bid,CostlyCorianders,DiligentDonuts,12901928
2026-07-09T01:03:23.510686,2026-07-09T01:03:23.520178+00:00,131.6,3,ask,DiligentDonuts,Xuanyu Liu,12901948
2026-07-09T01:03:23.567359,2026-07-09T01:03:23.576931+00:00,131.6,10,ask,DiligentDonuts,Matthew Hanna,12901952
2026-07-09T01:03:23.778154,2026-07-09T01:03:23.789164+00:00,131.6,10,ask,DiligentDonuts,Matthew Hanna,12901958
2026-07-09T01:03:24.581578,2026-07-09T01:03:24.593354+00:00,131.9,50,bid,FlawlessFlatbreads,EarnestEspressos,12901971
2026-07-09T01:03:26.723005,2026-07-09T01:03:26.734783+00:00,132.1,50,bid,FlawlessFlatbreads,EarnestEspressos,12901998
2026-07-09T01:03:26.890412,2026-07-09T01:03:26.902459+00:00,132.1,42,bid,CostlyCorianders,EarnestEspressos,12902000
2026-07-09T01:03:27.888723,2026-07-09T01:03:27.903820+00:00,131.7,43,ask,DiligentDonuts,CostlyCorianders,12902017
2026-07-09T01:03:28.397883,2026-07-09T01:03:28.411401+00:00,132.1,34,ask,EarnestEspressos,Xuanyu Liu,12902024
2026-07-09T01:03:28.403470,2026-07-09T01:03:28.411401+00:00,132.1,10,ask,EarnestEspressos,Matthew Hanna,12902025
2026-07-09T01:03:28.617862,2026-07-09T01:03:28.626002+00:00,132.1,10,ask,EarnestEspressos,Matthew Hanna,12902030
2026-07-09T01:03:28.829334,2026-07-09T01:03:28.840523+00:00,132.1,10,ask,EarnestEspressos,Matthew Hanna,12902034
2026-07-09T01:03:28.833011,2026-07-09T01:03:28.840523+00:00,132.2,50,bid,FlawlessFlatbreads,DiligentDonuts,12902035
2026-07-09T01:03:28.936620,2026-07-09T01:03:28.948395+00:00,132.1,45,ask,EarnestEspressos,CostlyCorianders,12902038
2026-07-09T01:03:28.996760,2026-07-09T01:03:29.005748+00:00,132.1,12,ask,EarnestEspressos,Xuanyu Liu,12902040
2026-07-09T01:03:29.039730,2026-07-09T01:03:29.047557+00:00,132.1,10,ask,EarnestEspressos,Matthew Hanna,12902043
2026-07-09T01:03:29.256867,2026-07-09T01:03:29.258573+00:00,132.1,10,ask,EarnestEspressos,Matthew Hanna,12902054
2026-07-09T01:03:29.468035,2026-07-09T01:03:29.474859+00:00,132.1,5,ask,EarnestEspressos,Matthew Hanna,12902057
2026-07-09T01:03:30.939667,2026-07-09T01:03:30.948205+00:00,132.2,50,bid,FlawlessFlatbreads,DiligentDonuts,12902072
2026-07-09T01:03:31.851745,2026-07-09T01:03:31.868945+00:00,132.1,44,bid,CostlyCorianders,EarnestEspressos,12902092
2026-07-09T01:03:33.047514,2026-07-09T01:03:33.054194+00:00,132.1,50,bid,FlawlessFlatbreads,EarnestEspressos,12902106
2026-07-09T01:03:34.656245,2026-07-09T01:03:34.668209+00:00,132.1,46,bid,CostlyCorianders,EarnestEspressos,12902132
2026-07-09T01:03:34.712465,2026-07-09T01:03:34.724274+00:00,131.8,47,ask,DiligentDonuts,CostlyCorianders,12902134
2026-07-09T01:03:37.311040,2026-07-09T01:03:37.319140+00:00,131.9,50,ask,EarnestEspressos,FlawlessFlatbreads,12902168
2026-07-09T01:03:39.443414,2026-07-09T01:03:39.454295+00:00,131.7,50,ask,EarnestEspressos,FlawlessFlatbreads,12902198
2026-07-09T01:03:41.551713,2026-07-09T01:03:41.558352+00:00,131.6,50,ask,DiligentDonuts,FlawlessFlatbreads,12902234
2026-07-09T01:03:42.456002,2026-07-09T01:03:42.469238+00:00,131.9,45,bid,CostlyCorianders,EarnestEspressos,12902248
2026-07-09T01:03:43.711495,2026-07-09T01:03:43.720423+00:00,131.4,50,ask,EarnestEspressos,FlawlessFlatbreads,12902260
2026-07-09T01:03:44.456128,2026-07-09T01:03:44.463988+00:00,131.4,41,ask,DiligentDonuts,CostlyCorianders,12902276
2026-07-09T01:03:45.819580,2026-07-09T01:03:45.831568+00:00,131.2,50,ask,EarnestEspressos,FlawlessFlatbreads,12902301
2026-07-09T01:03:47.468336,2026-07-09T01:03:47.477586+00:00,131.5,12,bid,Xuanyu Liu,EarnestEspressos,12902323
2026-07-09T01:03:47.906389,2026-07-09T01:03:47.919808+00:00,131.2,45,ask,DiligentDonuts,CostlyCorianders,12902334
2026-07-09T01:03:47.926815,2026-07-09T01:03:47.938589+00:00,131.2,50,ask,DiligentDonuts,FlawlessFlatbreads,12902335
2026-07-09T01:03:48.905729,2026-07-09T01:03:48.915313+00:00,131.3,23,bid,Xuanyu Liu,DiligentDonuts,12902361
2026-07-09T01:03:49.007042,2026-07-09T01:03:49.017490+00:00,131.3,11,bid,Xuanyu Liu,DiligentDonuts,12902364
2026-07-09T01:03:49.982248,2026-07-09T01:03:49.994048+00:00,131.3,50,bid,FlawlessFlatbreads,DiligentDonuts,12902374
2026-07-09T01:03:50.896318,2026-07-09T01:03:50.903944+00:00,131.3,16,bid,CostlyCorianders,DiligentDonuts,12902391
2026-07-09T01:03:50.896318,2026-07-09T01:03:50.909325+00:00,131.6,28,bid,CostlyCorianders,EarnestEspressos,12902392
2026-07-09T01:03:51.916217,2026-07-09T01:03:51.927925+00:00,131.6,41,bid,CostlyCorianders,EarnestEspressos,12902404
2026-07-09T01:03:52.158064,2026-07-09T01:03:52.169661+00:00,131.2,50,ask,DiligentDonuts,FlawlessFlatbreads,12902407
2026-07-09T01:03:54.408002,2026-07-09T01:03:54.416014+00:00,131.4,49,ask,EarnestEspressos,CostlyCorianders,12902450
2026-07-09T01:03:54.978348,2026-07-09T01:03:54.990688+00:00,131.7,41,bid,CostlyCorianders,DiligentDonuts,12902457
2026-07-09T01:03:55.544953,2026-07-09T01:03:55.554740+00:00,131.6,48,bid,CostlyCorianders,DiligentDonuts,12902461
2026-07-09T01:03:55.621262,2026-07-09T01:03:55.629843+00:00,131.4,11,ask,EarnestEspressos,Xuanyu Liu,12902468
2026-07-09T01:03:56.370560,2026-07-09T01:03:56.382528+00:00,131.4,50,ask,EarnestEspressos,FlawlessFlatbreads,12902479
2026-07-09T01:03:56.700987,2026-07-09T01:03:56.711246+00:00,131.4,40,ask,EarnestEspressos,CostlyCorianders,12902487
2026-07-09T01:03:56.700987,2026-07-09T01:03:56.711246+00:00,131.1,1,ask,DiligentDonuts,CostlyCorianders,12902488
2026-07-09T01:03:56.950442,2026-07-09T01:03:56.963277+00:00,131.2,11,bid,Xuanyu Liu,EarnestEspressos,12902494
2026-07-09T01:03:57.687866,2026-07-09T01:03:57.699560+00:00,131.1,40,ask,DiligentDonuts,CostlyCorianders,12902504
2026-07-09T01:04:00.314030,2026-07-09T01:04:00.325995+00:00,131.2,47,bid,CostlyCorianders,EarnestEspressos,12902541
2026-07-09T01:04:00.536226,2026-07-09T01:04:00.547960+00:00,131.2,50,bid,FlawlessFlatbreads,EarnestEspressos,12902545
2026-07-09T01:04:01.465770,2026-07-09T01:04:01.475295+00:00,130.7,49,ask,EarnestEspressos,CostlyCorianders,12902561
2026-07-09T01:04:04.746577,2026-07-09T01:04:04.758623+00:00,131.5,50,bid,FlawlessFlatbreads,EarnestEspressos,12902614
2026-07-09T01:04:04.923873,2026-07-09T01:04:04.935587+00:00,131.5,43,bid,CostlyCorianders,EarnestEspressos,12902620
2026-07-09T01:04:06.392591,2026-07-09T01:04:06.404186+00:00,131.2,42,ask,DiligentDonuts,CostlyCorianders,12902651
2026-07-09T01:04:06.852512,2026-07-09T01:04:06.864407+00:00,131.7,50,bid,FlawlessFlatbreads,DiligentDonuts,12902658
2026-07-09T01:04:07.471029,2026-07-09T01:04:07.483053+00:00,131.6,46,ask,EarnestEspressos,CostlyCorianders,12902681
2026-07-09T01:04:08.064623,2026-07-09T01:04:08.076396+00:00,131.8,41,bid,CostlyCorianders,DiligentDonuts,12902684
2026-07-09T01:04:08.959946,2026-07-09T01:04:08.970089+00:00,131.8,50,bid,FlawlessFlatbreads,DiligentDonuts,12902696
2026-07-09T01:04:09.130234,2026-07-09T01:04:09.139392+00:00,131.6,45,ask,EarnestEspressos,CostlyCorianders,12902698
2026-07-09T01:04:09.773518,2026-07-09T01:04:09.784297+00:00,131.7,40,bid,CostlyCorianders,EarnestEspressos,12902713
2026-07-09T01:04:11.117063,2026-07-09T01:04:11.128948+00:00,131.6,50,ask,DiligentDonuts,FlawlessFlatbreads,12902735
2026-07-09T01:04:13.173208,2026-07-09T01:04:13.186313+00:00,132.0,50,bid,FlawlessFlatbreads,EarnestEspressos,12902770
2026-07-09T01:04:15.279906,2026-07-09T01:04:15.291874+00:00,132.0,50,bid,FlawlessFlatbreads,EarnestEspressos,12902799
2026-07-09T01:04:15.910254,2026-07-09T01:04:15.919355+00:00,131.9,11,ask,EarnestEspressos,Xuanyu Liu,12902809
2026-07-09T01:04:16.165838,2026-07-09T01:04:16.176556+00:00,131.9,44,ask,EarnestEspressos,CostlyCorianders,12902814
2026-07-09T01:04:16.560867,2026-07-09T01:04:16.570423+00:00,131.9,23,ask,EarnestEspressos,Xuanyu Liu,12902823
2026-07-09T01:04:17.407493,2026-07-09T01:04:17.419185+00:00,131.9,72,ask,EarnestEspressos,DiligentDonuts,12902836
2026-07-09T01:04:17.444197,2026-07-09T01:04:17.458615+00:00,131.4,50,ask,DiligentDonuts,FlawlessFlatbreads,12902839
2026-07-09T01:04:17.740867,2026-07-09T01:04:17.752906+00:00,131.9,28,bid,CostlyCorianders,DiligentDonuts,12902844
2026-07-09T01:04:17.740867,2026-07-09T01:04:17.752906+00:00,132.4,20,bid,CostlyCorianders,EarnestEspressos,12902845
2026-07-09T01:04:19.551881,2026-07-09T01:04:19.563841+00:00,131.4,50,ask,DiligentDonuts,FlawlessFlatbreads,12902879
2026-07-09T01:04:19.861082,2026-07-09T01:04:19.870646+00:00,131.8,11,bid,Xuanyu Liu,EarnestEspressos,12902881
2026-07-09T01:04:21.659387,2026-07-09T01:04:21.671084+00:00,131.6,50,ask,DiligentDonuts,FlawlessFlatbreads,12902907
2026-07-09T01:04:21.872286,2026-07-09T01:04:21.880164+00:00,131.8,46,bid,CostlyCorianders,EarnestEspressos,12902911
2026-07-09T01:04:23.716406,2026-07-09T01:04:23.726567+00:00,132.1,50,bid,FlawlessFlatbreads,EarnestEspressos,12902938
2026-07-09T01:04:25.823509,2026-07-09T01:04:25.835216+00:00,131.9,50,bid,FlawlessFlatbreads,DiligentDonuts,12902964
2026-07-09T01:04:27.931025,2026-07-09T01:04:27.942668+00:00,132.0,50,bid,FlawlessFlatbreads,DiligentDonuts,12903000
2026-07-09T01:04:29.694149,2026-07-09T01:04:29.702374+00:00,131.9,11,ask,EarnestEspressos,Xuanyu Liu,12903031
2026-07-09T01:04:31.457865,2026-07-09T01:04:31.469666+00:00,131.9,46,ask,EarnestEspressos,CostlyCorianders,12903059
2026-07-09T01:04:34.296096,2026-07-09T01:04:34.307442+00:00,131.6,50,ask,DiligentDonuts,FlawlessFlatbreads,12903098
2026-07-09T01:04:35.849107,2026-07-09T01:04:35.861301+00:00,131.6,48,ask,DiligentDonuts,CostlyCorianders,12903130
2026-07-09T01:04:38.522182,2026-07-09T01:04:38.528709+00:00,131.6,50,ask,EarnestEspressos,FlawlessFlatbreads,12903165
2026-07-09T01:04:40.651581,2026-07-09T01:04:40.660799+00:00,131.6,50,ask,EarnestEspressos,FlawlessFlatbreads,12903196
2026-07-09T01:04:41.329725,2026-07-09T01:04:41.339048+00:00,131.7,23,bid,Xuanyu Liu,EarnestEspressos,12903213
2026-07-09T01:04:42.759564,2026-07-09T01:04:42.769250+00:00,131.4,50,ask,DiligentDonuts,FlawlessFlatbreads,12903241
2026-07-09T01:04:42.804196,2026-07-09T01:04:42.815948+00:00,131.7,42,bid,CostlyCorianders,EarnestEspressos,12903242
2026-07-09T01:04:42.870844,2026-07-09T01:04:42.880193+00:00,131.7,11,bid,Xuanyu Liu,EarnestEspressos,12903243
2026-07-09T01:04:44.901450,2026-07-09T01:04:44.913299+00:00,131.6,50,ask,EarnestEspressos,FlawlessFlatbreads,12903281
2026-07-09T01:04:47.011739,2026-07-09T01:04:47.023549+00:00,131.6,50,ask,EarnestEspressos,FlawlessFlatbreads,12903318
2026-07-09T01:04:49.069703,2026-07-09T01:04:49.080519+00:00,131.7,44,bid,CostlyCorianders,EarnestEspressos,12903339
2026-07-09T01:04:49.127550,2026-07-09T01:04:49.144196+00:00,131.4,50,ask,DiligentDonuts,FlawlessFlatbreads,12903341
2026-07-09T01:04:51.239483,2026-07-09T01:04:51.247951+00:00,131.4,50,ask,DiligentDonuts,FlawlessFlatbreads,12903361
2026-07-09T01:04:52.312864,2026-07-09T01:04:52.321707+00:00,131.6,3,bid,Xuanyu Liu,DiligentDonuts,12903383
2026-07-09T01:04:52.430798,2026-07-09T01:04:52.441537+00:00,131.6,10,bid,Matthew Hanna,DiligentDonuts,12903386
2026-07-09T01:04:53.360535,2026-07-09T01:04:53.372369+00:00,131.4,50,ask,EarnestEspressos,FlawlessFlatbreads,12903395
2026-07-09T01:04:53.447351,2026-07-09T01:04:53.458887+00:00,131.6,10,bid,Matthew Hanna,DiligentDonuts,12903397
2026-07-09T01:04:53.658309,2026-07-09T01:04:53.670181+00:00,131.6,10,bid,Matthew Hanna,DiligentDonuts,12903404
2026-07-09T01:04:53.868017,2026-07-09T01:04:53.877310+00:00,131.6,10,bid,Matthew Hanna,DiligentDonuts,12903410
2026-07-09T01:04:54.077105,2026-07-09T01:04:54.084900+00:00,131.6,10,bid,Matthew Hanna,DiligentDonuts,12903418
2026-07-09T01:04:54.863394,2026-07-09T01:04:54.874943+00:00,131.3,40,ask,EarnestEspressos,CostlyCorianders,12903429
2026-07-09T01:04:55.471498,2026-07-09T01:04:55.480379+00:00,131.3,50,ask,EarnestEspressos,FlawlessFlatbreads,12903438
2026-07-09T01:04:57.137357,2026-07-09T01:04:57.148376+00:00,131.3,3,bid,Xuanyu Liu,EarnestEspressos,12903464
2026-07-09T01:04:57.292562,2026-07-09T01:04:57.303598+00:00,131.3,10,bid,Matthew Hanna,EarnestEspressos,12903467
2026-07-09T01:04:57.502832,2026-07-09T01:04:57.511244+00:00,131.3,10,bid,Matthew Hanna,EarnestEspressos,12903474
2026-07-09T01:04:57.526001,2026-07-09T01:04:57.537770+00:00,131.3,41,bid,CostlyCorianders,EarnestEspressos,12903475
2026-07-09T01:04:57.610273,2026-07-09T01:04:57.622382+00:00,131.2,50,ask,DiligentDonuts,FlawlessFlatbreads,12903476
2026-07-09T01:04:57.715052,2026-07-09T01:04:57.726013+00:00,131.3,10,bid,Matthew Hanna,EarnestEspressos,12903478
2026-07-09T01:04:57.926866,2026-07-09T01:04:57.937442+00:00,131.3,10,bid,Matthew Hanna,EarnestEspressos,12903482
2026-07-09T01:04:58.168453,2026-07-09T01:04:58.179523+00:00,131.3,10,bid,Matthew Hanna,EarnestEspressos,12903486
2026-07-09T01:04:58.564989,2026-07-09T01:04:58.573557+00:00,131.3,41,bid,CostlyCorianders,EarnestEspressos,12903496
2026-07-09T01:04:59.218634,2026-07-09T01:04:59.231029+00:00,130.9,41,ask,DiligentDonuts,CostlyCorianders,12903502
2026-07-09T01:04:59.718695,2026-07-09T01:04:59.728658+00:00,130.9,50,ask,DiligentDonuts,FlawlessFlatbreads,12903513
2026-07-09T01:05:01.787698,2026-07-09T01:05:01.799517+00:00,131.0,100,ask,EarnestEspressos,DiligentDonuts,12903529
2026-07-09T01:05:01.827070,2026-07-09T01:05:01.838556+00:00,131.0,50,ask,EarnestEspressos,FlawlessFlatbreads,12903531
2026-07-09T01:05:03.459517,2026-07-09T01:05:03.469278+00:00,130.9,11,bid,Xuanyu Liu,EarnestEspressos,12903557
2026-07-09T01:05:03.934436,2026-07-09T01:05:03.946464+00:00,130.4,50,ask,DiligentDonuts,FlawlessFlatbreads,12903563
2026-07-09T01:05:05.062696,2026-07-09T01:05:05.071492+00:00,130.9,12,bid,Xuanyu Liu,EarnestEspressos,12903583
2026-07-09T01:05:05.192510,2026-07-09T01:05:05.202114+00:00,130.9,10,bid,Matthew Hanna,EarnestEspressos,12903586
2026-07-09T01:05:05.438990,2026-07-09T01:05:05.448738+00:00,130.9,10,bid,Matthew Hanna,EarnestEspressos,12903592
2026-07-09T01:05:05.648989,2026-07-09T01:05:05.660104+00:00,130.9,5,bid,Matthew Hanna,EarnestEspressos,12903602
2026-07-09T01:05:06.043289,2026-07-09T01:05:06.050647+00:00,130.7,50,ask,DiligentDonuts,FlawlessFlatbreads,12903612
2026-07-09T01:05:06.448368,2026-07-09T01:05:06.458558+00:00,130.9,44,bid,CostlyCorianders,EarnestEspressos,12903617
2026-07-09T01:05:07.895193,2026-07-09T01:05:07.905195+00:00,131.2,47,bid,CostlyCorianders,DiligentDonuts,12903637
2026-07-09T01:05:08.100291,2026-07-09T01:05:08.112696+00:00,131.4,50,bid,FlawlessFlatbreads,EarnestEspressos,12903641
2026-07-09T01:05:09.350703,2026-07-09T01:05:09.360029+00:00,130.9,41,ask,EarnestEspressos,CostlyCorianders,12903665
2026-07-09T01:05:09.879335,2026-07-09T01:05:09.891264+00:00,131.0,41,ask,EarnestEspressos,CostlyCorianders,12903669
2026-07-09T01:05:10.212749,2026-07-09T01:05:10.221788+00:00,131.2,50,bid,FlawlessFlatbreads,DiligentDonuts,12903675
2026-07-09T01:05:10.789523,2026-07-09T01:05:10.801642+00:00,131.2,40,bid,CostlyCorianders,DiligentDonuts,12903687
2026-07-09T01:05:12.324701,2026-07-09T01:05:12.336462+00:00,131.5,50,bid,FlawlessFlatbreads,EarnestEspressos,12903706
2026-07-09T01:05:12.859955,2026-07-09T01:05:12.869769+00:00,131.0,46,ask,DiligentDonuts,CostlyCorianders,12903731
2026-07-09T01:05:13.898908,2026-07-09T01:05:13.910374+00:00,131.0,12,ask,DiligentDonuts,Xuanyu Liu,12903748
2026-07-09T01:05:14.433302,2026-07-09T01:05:14.442044+00:00,131.5,50,bid,FlawlessFlatbreads,EarnestEspressos,12903758
2026-07-09T01:05:14.973607,2026-07-09T01:05:14.984991+00:00,131.2,45,bid,CostlyCorianders,DiligentDonuts,12903771
2026-07-09T01:05:15.546839,2026-07-09T01:05:15.555751+00:00,131.0,11,ask,EarnestEspressos,Xuanyu Liu,12903779
2026-07-09T01:05:16.538569,2026-07-09T01:05:16.550528+00:00,131.2,50,bid,FlawlessFlatbreads,DiligentDonuts,12903789
2026-07-09T01:05:18.648059,2026-07-09T01:05:18.654996+00:00,131.4,50,bid,FlawlessFlatbreads,EarnestEspressos,12903812
2026-07-09T01:05:19.250926,2026-07-09T01:05:19.262049+00:00,131.3,3,ask,EarnestEspressos,Xuanyu Liu,12903816
2026-07-09T01:05:19.284362,2026-07-09T01:05:19.295381+00:00,131.3,10,ask,EarnestEspressos,Matthew Hanna,12903819
2026-07-09T01:05:19.381114,2026-07-09T01:05:19.401608+00:00,131.3,3,ask,EarnestEspressos,Xuanyu Liu,12903823
2026-07-09T01:05:19.475746,2026-07-09T01:05:19.488984+00:00,131.3,11,ask,EarnestEspressos,Xuanyu Liu,12903828
2026-07-09T01:05:19.506120,2026-07-09T01:05:19.515135+00:00,131.3,10,ask,EarnestEspressos,Matthew Hanna,12903832
2026-07-09T01:05:19.551610,2026-07-09T01:05:19.558657+00:00,131.3,43,ask,EarnestEspressos,CostlyCorianders,12903834
2026-07-09T01:05:19.715810,2026-07-09T01:05:19.726786+00:00,131.3,10,ask,EarnestEspressos,Matthew Hanna,12903843
2026-07-09T01:05:19.927583,2026-07-09T01:05:19.937226+00:00,131.3,10,ask,EarnestEspressos,Matthew Hanna,12903849
2026-07-09T01:05:20.138977,2026-07-09T01:05:20.147511+00:00,131.3,10,ask,EarnestEspressos,Matthew Hanna,12903855
2026-07-09T01:05:20.350593,2026-07-09T01:05:20.363607+00:00,131.3,10,ask,EarnestEspressos,Matthew Hanna,12903859
2026-07-09T01:05:20.531851,2026-07-09T01:05:20.540209+00:00,131.3,30,ask,EarnestEspressos,CostlyCorianders,12903862
2026-07-09T01:05:20.531851,2026-07-09T01:05:20.540209+00:00,131.0,10,ask,DiligentDonuts,CostlyCorianders,12903863
2026-07-09T01:05:20.756982,2026-07-09T01:05:20.758565+00:00,131.8,50,bid,FlawlessFlatbreads,EarnestEspressos,12903870
2026-07-09T01:05:20.786768,2026-07-09T01:05:20.795324+00:00,131.1,11,bid,Xuanyu Liu,DiligentDonuts,12903871
2026-07-09T01:05:21.008118,2026-07-09T01:05:21.015873+00:00,131.1,45,bid,CostlyCorianders,DiligentDonuts,12903876
2026-07-09T01:05:22.632202,2026-07-09T01:05:22.643769+00:00,130.9,41,bid,CostlyCorianders,EarnestEspressos,12903898
2026-07-09T01:05:22.864926,2026-07-09T01:05:22.876658+00:00,130.9,50,bid,FlawlessFlatbreads,EarnestEspressos,12903907
2026-07-09T01:05:24.609473,2026-07-09T01:05:24.618858+00:00,130.7,47,ask,DiligentDonuts,CostlyCorianders,12903938
2026-07-09T01:05:24.973168,2026-07-09T01:05:24.984949+00:00,130.9,50,bid,FlawlessFlatbreads,EarnestEspressos,12903952
2026-07-09T01:05:25.263400,2026-07-09T01:05:25.275840+00:00,130.9,9,bid,CostlyCorianders,EarnestEspressos,12903957
2026-07-09T01:05:25.263400,2026-07-09T01:05:25.275840+00:00,131.2,34,bid,CostlyCorianders,DiligentDonuts,12903958
2026-07-09T01:05:26.814600,2026-07-09T01:05:26.827334+00:00,131.0,10,ask,EarnestEspressos,Matthew Hanna,12903980
2026-07-09T01:05:27.028399,2026-07-09T01:05:27.036427+00:00,131.0,5,ask,EarnestEspressos,Matthew Hanna,12903984
2026-07-09T01:05:27.138853,2026-07-09T01:05:27.158613+00:00,131.0,50,ask,EarnestEspressos,FlawlessFlatbreads,12903986
2026-07-09T01:05:27.859740,2026-07-09T01:05:27.870362+00:00,131.0,11,ask,EarnestEspressos,Xuanyu Liu,12904002
2026-07-09T01:05:28.529109,2026-07-09T01:05:28.541024+00:00,131.0,46,ask,EarnestEspressos,CostlyCorianders,12904005
2026-07-09T01:05:28.844650,2026-07-09T01:05:28.853636+00:00,130.8,11,bid,Xuanyu Liu,EarnestEspressos,12904010
2026-07-09T01:05:29.246488,2026-07-09T01:05:29.263640+00:00,130.6,50,ask,DiligentDonuts,FlawlessFlatbreads,12904014
2026-07-09T01:05:29.673486,2026-07-09T01:05:29.684496+00:00,130.8,49,bid,CostlyCorianders,EarnestEspressos,12904019
2026-07-09T01:05:31.357012,2026-07-09T01:05:31.368864+00:00,130.3,50,ask,EarnestEspressos,FlawlessFlatbreads,12904037
2026-07-09T01:05:33.308418,2026-07-09T01:05:33.315969+00:00,130.3,41,ask,DiligentDonuts,CostlyCorianders,12904054
2026-07-09T01:05:33.463424,2026-07-09T01:05:33.472890+00:00,130.3,50,ask,EarnestEspressos,FlawlessFlatbreads,12904057
2026-07-09T01:05:33.869876,2026-07-09T01:05:33.877803+00:00,130.3,44,ask,EarnestEspressos,CostlyCorianders,12904062
2026-07-09T01:05:34.835708,2026-07-09T01:05:34.847188+00:00,130.7,43,bid,CostlyCorianders,DiligentDonuts,12904078
2026-07-09T01:05:35.125404,2026-07-09T01:05:35.148906+00:00,130.3,3,bid,Xuanyu Liu,EarnestEspressos,12904081
2026-07-09T01:05:35.795455,2026-07-09T01:05:35.807442+00:00,130.2,49,ask,DiligentDonuts,CostlyCorianders,12904097
2026-07-09T01:05:37.673886,2026-07-09T01:05:37.686067+00:00,130.1,50,ask,DiligentDonuts,FlawlessFlatbreads,12904123
2026-07-09T01:05:38.929981,2026-07-09T01:05:38.942188+00:00,130.4,43,bid,CostlyCorianders,EarnestEspressos,12904141
2026-07-09T01:05:39.781646,2026-07-09T01:05:39.791374+00:00,129.9,50,ask,EarnestEspressos,FlawlessFlatbreads,12904148
2026-07-09T01:05:41.886994,2026-07-09T01:05:41.898736+00:00,129.9,50,ask,DiligentDonuts,FlawlessFlatbreads,12904177
2026-07-09T01:05:44.003614,2026-07-09T01:05:44.064197+00:00,129.7,50,ask,EarnestEspressos,FlawlessFlatbreads,12904202
2026-07-09T01:05:44.611181,2026-07-09T01:05:44.629644+00:00,129.9,14,bid,Xuanyu Liu,EarnestEspressos,12904211
2026-07-09T01:05:44.670722,2026-07-09T01:05:44.677910+00:00,129.9,10,bid,Matthew Hanna,EarnestEspressos,12904217
2026-07-09T01:05:44.822967,2026-07-09T01:05:44.845951+00:00,129.9,12,bid,Xuanyu Liu,EarnestEspressos,12904223
2026-07-09T01:05:44.890270,2026-07-09T01:05:44.897775+00:00,129.9,10,bid,Matthew Hanna,EarnestEspressos,12904228
2026-07-09T01:05:45.110059,2026-07-09T01:05:45.117940+00:00,129.9,10,bid,Matthew Hanna,EarnestEspressos,12904232
2026-07-09T01:05:45.321060,2026-07-09T01:05:45.328751+00:00,129.9,10,bid,Matthew Hanna,EarnestEspressos,12904236
2026-07-09T01:05:45.530509,2026-07-09T01:05:45.541458+00:00,129.9,10,bid,Matthew Hanna,EarnestEspressos,12904239
2026-07-09T01:05:45.747022,2026-07-09T01:05:45.758596+00:00,129.9,10,bid,Matthew Hanna,EarnestEspressos,12904241
2026-07-09T01:05:45.959006,2026-07-09T01:05:45.965769+00:00,129.9,10,bid,Matthew Hanna,EarnestEspressos,12904251
2026-07-09T01:05:46.112972,2026-07-09T01:05:46.124985+00:00,129.6,50,ask,DiligentDonuts,FlawlessFlatbreads,12904253
2026-07-09T01:05:46.630805,2026-07-09T01:05:46.646721+00:00,129.9,11,bid,Xuanyu Liu,EarnestEspressos,12904261
2026-07-09T01:05:46.775499,2026-07-09T01:05:46.782913+00:00,129.9,10,bid,Matthew Hanna,EarnestEspressos,12904264
2026-07-09T01:05:46.986539,2026-07-09T01:05:46.998199+00:00,129.9,10,bid,Matthew Hanna,EarnestEspressos,12904268
2026-07-09T01:05:47.228007,2026-07-09T01:05:47.239712+00:00,129.9,10,bid,Matthew Hanna,EarnestEspressos,12904272
2026-07-09T01:05:47.712516,2026-07-09T01:05:47.724649+00:00,130.1,100,bid,EarnestEspressos,DiligentDonuts,12904282
2026-07-09T01:05:47.786809,2026-07-09T01:05:47.800133+00:00,130.1,11,ask,EarnestEspressos,Xuanyu Liu,12904284
2026-07-09T01:05:48.221442,2026-07-09T01:05:48.230628+00:00,130.1,39,ask,EarnestEspressos,FlawlessFlatbreads,12904294
2026-07-09T01:05:48.221442,2026-07-09T01:05:48.230628+00:00,129.6,11,ask,DiligentDonuts,FlawlessFlatbreads,12904295
2026-07-09T01:05:50.331939,2026-07-09T01:05:50.341645+00:00,130.0,50,ask,DiligentDonuts,FlawlessFlatbreads,12904333
2026-07-09T01:05:52.438108,2026-07-09T01:05:52.458609+00:00,129.8,50,ask,DiligentDonuts,FlawlessFlatbreads,12904366
2026-07-09T01:05:54.503514,2026-07-09T01:05:54.517513+00:00,130.1,50,bid,FlawlessFlatbreads,EarnestEspressos,12904396
2026-07-09T01:05:54.629561,2026-07-09T01:05:54.638719+00:00,130.1,45,bid,CostlyCorianders,EarnestEspressos,12904398
2026-07-09T01:05:54.966895,2026-07-09T01:05:54.975763+00:00,130.1,11,bid,Xuanyu Liu,EarnestEspressos,12904401
2026-07-09T01:05:56.611976,2026-07-09T01:05:56.623859+00:00,130.1,44,bid,FlawlessFlatbreads,EarnestEspressos,12904415
2026-07-09T01:05:56.611976,2026-07-09T01:05:56.623859+00:00,130.3,6,bid,FlawlessFlatbreads,DiligentDonuts,12904416
2026-07-09T01:05:57.222419,2026-07-09T01:05:57.231853+00:00,130.3,94,bid,EarnestEspressos,DiligentDonuts,12904427
2026-07-09T01:05:57.286761,2026-07-09T01:05:57.295623+00:00,130.4,11,ask,EarnestEspressos,Xuanyu Liu,12904428
2026-07-09T01:06:00.848154,2026-07-09T01:06:00.854598+00:00,130.5,50,bid,FlawlessFlatbreads,EarnestEspressos,12904475
2026-07-09T01:06:01.018960,2026-07-09T01:06:01.030628+00:00,130.5,44,bid,CostlyCorianders,EarnestEspressos,12904476
2026-07-09T01:06:03.036726,2026-07-09T01:06:03.048566+00:00,130.2,50,ask,DiligentDonuts,FlawlessFlatbreads,12904499
2026-07-09T01:06:05.145017,2026-07-09T01:06:05.158690+00:00,130.2,50,ask,EarnestEspressos,FlawlessFlatbreads,12904526
2026-07-09T01:06:06.000683,2026-07-09T01:06:06.010463+00:00,130.2,12,ask,EarnestEspressos,Xuanyu Liu,12904538
2026-07-09T01:06:07.203337,2026-07-09T01:06:07.210890+00:00,130.3,50,bid,FlawlessFlatbreads,DiligentDonuts,12904555
2026-07-09T01:06:09.366081,2026-07-09T01:06:09.377309+00:00,129.8,50,ask,EarnestEspressos,FlawlessFlatbreads,12904593
2026-07-09T01:06:10.097443,2026-07-09T01:06:10.109353+00:00,129.8,49,ask,DiligentDonuts,CostlyCorianders,12904603
2026-07-09T01:06:10.693520,2026-07-09T01:06:10.702544+00:00,130.2,12,bid,Xuanyu Liu,EarnestEspressos,12904612
2026-07-09T01:06:12.863099,2026-07-09T01:06:12.874833+00:00,129.7,41,ask,EarnestEspressos,CostlyCorianders,12904644
2026-07-09T01:06:13.524477,2026-07-09T01:06:13.535660+00:00,129.9,50,bid,FlawlessFlatbreads,DiligentDonuts,12904656
2026-07-09T01:06:15.632702,2026-07-09T01:06:15.644383+00:00,129.9,50,bid,FlawlessFlatbreads,EarnestEspressos,12904696
2026-07-09T01:06:16.966867,2026-07-09T01:06:16.978484+00:00,129.9,43,bid,CostlyCorianders,EarnestEspressos,12904726
2026-07-09T01:06:17.760515,2026-07-09T01:06:17.772175+00:00,129.9,50,bid,FlawlessFlatbreads,EarnestEspressos,12904740
2026-07-09T01:06:19.871198,2026-07-09T01:06:19.881026+00:00,130.1,50,bid,FlawlessFlatbreads,DiligentDonuts,12904768
2026-07-09T01:06:21.211579,2026-07-09T01:06:21.224790+00:00,129.7,12,ask,EarnestEspressos,Xuanyu Liu,12904796
2026-07-09T01:06:21.982628,2026-07-09T01:06:21.992742+00:00,130.1,50,bid,FlawlessFlatbreads,EarnestEspressos,12904807
2026-07-09T01:06:24.169203,2026-07-09T01:06:24.179303+00:00,129.8,50,ask,EarnestEspressos,FlawlessFlatbreads,12904835
2026-07-09T01:06:26.275382,2026-07-09T01:06:26.287015+00:00,129.7,50,ask,DiligentDonuts,FlawlessFlatbreads,12904861
2026-07-09T01:06:27.218365,2026-07-09T01:06:27.238643+00:00,129.7,42,ask,EarnestEspressos,CostlyCorianders,12904881
2026-07-09T01:06:29.179346,2026-07-09T01:06:29.191268+00:00,130.0,40,bid,CostlyCorianders,DiligentDonuts,12904911
2026-07-09T01:06:29.882669,2026-07-09T01:06:29.894405+00:00,130.0,40,bid,CostlyCorianders,DiligentDonuts,12904929
2026-07-09T01:06:30.486071,2026-07-09T01:06:30.498369+00:00,129.7,50,ask,DiligentDonuts,FlawlessFlatbreads,12904935
2026-07-09T01:06:32.544914,2026-07-09T01:06:32.556901+00:00,130.1,50,bid,FlawlessFlatbreads,EarnestEspressos,12904959
2026-07-09T01:06:34.666500,2026-07-09T01:06:34.674917+00:00,130.1,50,bid,FlawlessFlatbreads,EarnestEspressos,12904987
2026-07-09T01:06:35.690468,2026-07-09T01:06:35.702199+00:00,130.0,11,ask,EarnestEspressos,Xuanyu Liu,12905000
2026-07-09T01:06:36.773253,2026-07-09T01:06:36.784649+00:00,130.1,50,bid,FlawlessFlatbreads,DiligentDonuts,12905014
2026-07-09T01:06:38.885818,2026-07-09T01:06:38.895487+00:00,130.1,50,bid,FlawlessFlatbreads,DiligentDonuts,12905045
2026-07-09T01:06:41.043868,2026-07-09T01:06:41.058607+00:00,130.0,50,ask,EarnestEspressos,FlawlessFlatbreads,12905073
2026-07-09T01:06:43.150193,2026-07-09T01:06:43.158548+00:00,129.9,50,ask,DiligentDonuts,FlawlessFlatbreads,12905097
2026-07-09T01:06:45.258182,2026-07-09T01:06:45.270105+00:00,129.9,50,ask,DiligentDonuts,FlawlessFlatbreads,12905125
2026-07-09T01:06:45.289064,2026-07-09T01:06:45.300848+00:00,129.6,45,ask,EarnestEspressos,CostlyCorianders,12905126
2026-07-09T01:06:46.245979,2026-07-09T01:06:46.258931+00:00,129.6,48,ask,EarnestEspressos,CostlyCorianders,12905142
2026-07-09T01:06:46.740178,2026-07-09T01:06:46.751981+00:00,130.0,46,bid,CostlyCorianders,DiligentDonuts,12905153
2026-07-09T01:06:47.374984,2026-07-09T01:06:47.385856+00:00,129.6,50,ask,EarnestEspressos,FlawlessFlatbreads,12905163
2026-07-09T01:06:47.973764,2026-07-09T01:06:47.982509+00:00,129.6,23,bid,Xuanyu Liu,EarnestEspressos,12905176
2026-07-09T01:06:49.359795,2026-07-09T01:06:49.371818+00:00,129.6,100,bid,DiligentDonuts,EarnestEspressos,12905195
2026-07-09T01:06:49.429937,2026-07-09T01:06:49.441896+00:00,129.6,27,bid,FlawlessFlatbreads,EarnestEspressos,12905196
2026-07-09T01:06:53.057690,2026-07-09T01:06:53.069556+00:00,129.6,42,ask,EarnestEspressos,CostlyCorianders,12905241
2026-07-09T01:06:53.705705,2026-07-09T01:06:53.712864+00:00,129.6,50,ask,EarnestEspressos,FlawlessFlatbreads,12905247
2026-07-09T01:06:55.811666,2026-07-09T01:06:55.823486+00:00,129.3,50,ask,DiligentDonuts,FlawlessFlatbreads,12905281
2026-07-09T01:06:57.366933,2026-07-09T01:06:57.378598+00:00,129.8,47,bid,CostlyCorianders,DiligentDonuts,12905308
2026-07-09T01:06:59.959350,2026-07-09T01:06:59.968537+00:00,129.2,48,ask,DiligentDonuts,CostlyCorianders,12905342
2026-07-09T01:06:59.971520,2026-07-09T01:06:59.980221+00:00,129.6,50,bid,FlawlessFlatbreads,EarnestEspressos,12905344
2026-07-09T01:07:02.063454,2026-07-09T01:07:02.074479+00:00,129.3,100,ask,EarnestEspressos,DiligentDonuts,12905386
2026-07-09T01:07:02.079164,2026-07-09T01:07:02.090023+00:00,129.8,50,bid,FlawlessFlatbreads,EarnestEspressos,12905387
2026-07-09T01:07:04.186702,2026-07-09T01:07:04.195536+00:00,129.4,50,bid,FlawlessFlatbreads,EarnestEspressos,12905415
2026-07-09T01:07:05.575024,2026-07-09T01:07:05.586951+00:00,129.4,49,bid,CostlyCorianders,EarnestEspressos,12905441
2026-07-09T01:07:06.292784,2026-07-09T01:07:06.304538+00:00,129.4,50,bid,FlawlessFlatbreads,EarnestEspressos,12905444
2026-07-09T01:07:06.920256,2026-07-09T01:07:06.929135+00:00,129.4,12,ask,EarnestEspressos,Xuanyu Liu,12905454
2026-07-09T01:07:08.400387,2026-07-09T01:07:08.410805+00:00,129.6,50,bid,FlawlessFlatbreads,DiligentDonuts,12905470
2026-07-09T01:07:08.550605,2026-07-09T01:07:08.569840+00:00,129.4,11,ask,EarnestEspressos,Xuanyu Liu,12905474
2026-07-09T01:07:09.877431,2026-07-09T01:07:09.889104+00:00,129.6,46,bid,CostlyCorianders,DiligentDonuts,12905493
2026-07-09T01:07:09.932955,2026-07-09T01:07:09.940838+00:00,129.4,40,ask,EarnestEspressos,CostlyCorianders,12905495
2026-07-09T01:07:10.558087,2026-07-09T01:07:10.570091+00:00,129.3,50,ask,EarnestEspressos,FlawlessFlatbreads,12905509
2026-07-09T01:07:12.637862,2026-07-09T01:07:12.649482+00:00,129.8,50,bid,FlawlessFlatbreads,EarnestEspressos,12905539
2026-07-09T01:07:14.750858,2026-07-09T01:07:14.763641+00:00,129.7,50,bid,FlawlessFlatbreads,EarnestEspressos,12905566
2026-07-09T01:07:16.384631,2026-07-09T01:07:16.396757+00:00,129.5,44,ask,DiligentDonuts,CostlyCorianders,12905583
2026-07-09T01:07:16.844407,2026-07-09T01:07:16.858602+00:00,129.9,49,bid,CostlyCorianders,EarnestEspressos,12905598
2026-07-09T01:07:16.858934,2026-07-09T01:07:16.870758+00:00,129.9,50,bid,FlawlessFlatbreads,EarnestEspressos,12905599
2026-07-09T01:07:17.743795,2026-07-09T01:07:17.752948+00:00,129.5,3,ask,DiligentDonuts,Xuanyu Liu,12905610
2026-07-09T01:07:17.810672,2026-07-09T01:07:17.822056+00:00,129.4,10,ask,EarnestEspressos,Matthew Hanna,12905617
2026-07-09T01:07:18.021551,2026-07-09T01:07:18.032679+00:00,129.4,10,ask,EarnestEspressos,Matthew Hanna,12905622
2026-07-09T01:07:18.139415,2026-07-09T01:07:18.158805+00:00,129.4,45,ask,EarnestEspressos,CostlyCorianders,12905624
2026-07-09T01:07:18.231746,2026-07-09T01:07:18.241826+00:00,129.4,10,ask,EarnestEspressos,Matthew Hanna,12905627
2026-07-09T01:07:18.448745,2026-07-09T01:07:18.458598+00:00,129.4,10,ask,EarnestEspressos,Matthew Hanna,12905635
2026-07-09T01:07:18.658793,2026-07-09T01:07:18.670508+00:00,129.4,10,ask,EarnestEspressos,Matthew Hanna,12905641
2026-07-09T01:07:19.023039,2026-07-09T01:07:19.032282+00:00,129.4,50,ask,EarnestEspressos,FlawlessFlatbreads,12905647
2026-07-09T01:07:19.170554,2026-07-09T01:07:19.181994+00:00,129.5,41,bid,CostlyCorianders,DiligentDonuts,12905652
2026-07-09T01:07:21.133939,2026-07-09T01:07:21.144859+00:00,129.5,50,ask,DiligentDonuts,FlawlessFlatbreads,12905672
2026-07-09T01:07:21.751525,2026-07-09T01:07:21.752752+00:00,129.7,46,bid,CostlyCorianders,EarnestEspressos,12905680
2026-07-09T01:07:22.848331,2026-07-09T01:07:22.858577+00:00,129.5,45,ask,DiligentDonuts,CostlyCorianders,12905704
2026-07-09T01:07:23.242277,2026-07-09T01:07:23.254129+00:00,129.5,5,ask,DiligentDonuts,FlawlessFlatbreads,12905710
2026-07-09T01:07:23.242277,2026-07-09T01:07:23.254129+00:00,129.1,45,ask,EarnestEspressos,FlawlessFlatbreads,12905711
2026-07-09T01:07:25.392651,2026-07-09T01:07:25.404563+00:00,129.1,40,ask,EarnestEspressos,CostlyCorianders,12905736
2026-07-09T01:07:25.975258,2026-07-09T01:07:25.984066+00:00,129.3,3,bid,Xuanyu Liu,EarnestEspressos,12905744
2026-07-09T01:07:27.467882,2026-07-09T01:07:27.479905+00:00,129.0,50,ask,DiligentDonuts,FlawlessFlatbreads,12905767
2026-07-09T01:07:29.582373,2026-07-09T01:07:29.594349+00:00,129.0,50,ask,DiligentDonuts,FlawlessFlatbreads,12905796
2026-07-09T01:07:30.539136,2026-07-09T01:07:30.549839+00:00,129.1,11,bid,Xuanyu Liu,DiligentDonuts,12905817
2026-07-09T01:07:31.111924,2026-07-09T01:07:31.123719+00:00,129.1,47,bid,CostlyCorianders,DiligentDonuts,12905825
2026-07-09T01:07:31.640407,2026-07-09T01:07:31.658602+00:00,129.1,42,bid,FlawlessFlatbreads,DiligentDonuts,12905828
2026-07-09T01:07:31.640407,2026-07-09T01:07:31.658602+00:00,129.3,8,bid,FlawlessFlatbreads,EarnestEspressos,12905829
2026-07-09T01:07:32.062352,2026-07-09T01:07:32.073821+00:00,129.3,43,bid,CostlyCorianders,EarnestEspressos,12905833
2026-07-09T01:07:32.116364,2026-07-09T01:07:32.123163+00:00,128.8,44,ask,EarnestEspressos,CostlyCorianders,12905835
2026-07-09T01:07:33.748290,2026-07-09T01:07:33.758555+00:00,129.3,50,bid,FlawlessFlatbreads,EarnestEspressos,12905859
2026-07-09T01:07:35.856118,2026-07-09T01:07:35.868004+00:00,129.5,50,bid,FlawlessFlatbreads,DiligentDonuts,12905878
2026-07-09T01:07:37.968509,2026-07-09T01:07:37.976590+00:00,129.5,50,bid,FlawlessFlatbreads,EarnestEspressos,12905916
2026-07-09T01:07:39.468598,2026-07-09T01:07:39.479806+00:00,129.1,41,ask,EarnestEspressos,CostlyCorianders,12905941
2026-07-09T01:07:40.086937,2026-07-09T01:07:40.095808+00:00,129.5,50,bid,FlawlessFlatbreads,DiligentDonuts,12905953
2026-07-09T01:07:40.520009,2026-07-09T01:07:40.530702+00:00,129.1,11,ask,EarnestEspressos,Xuanyu Liu,12905959
2026-07-09T01:07:40.534099,2026-07-09T01:07:40.545929+00:00,129.1,42,ask,EarnestEspressos,CostlyCorianders,12905961
2026-07-09T01:07:42.055974,2026-07-09T01:07:42.058530+00:00,129.2,49,bid,CostlyCorianders,EarnestEspressos,12905978
2026-07-09T01:07:42.202818,2026-07-09T01:07:42.212373+00:00,129.2,50,bid,FlawlessFlatbreads,EarnestEspressos,12905981
2026-07-09T01:07:42.711735,2026-07-09T01:07:42.727126+00:00,129.0,3,ask,DiligentDonuts,Xuanyu Liu,12905993
2026-07-09T01:07:44.140022,2026-07-09T01:07:44.163610+00:00,128.7,47,ask,EarnestEspressos,CostlyCorianders,12906016
2026-07-09T01:07:44.314260,2026-07-09T01:07:44.320948+00:00,129.2,50,bid,FlawlessFlatbreads,EarnestEspressos,12906018
2026-07-09T01:07:46.421961,2026-07-09T01:07:46.433247+00:00,129.3,50,bid,FlawlessFlatbreads,EarnestEspressos,12906043
2026-07-09T01:07:47.292632,2026-07-09T01:07:47.304501+00:00,129.3,41,bid,CostlyCorianders,EarnestEspressos,12906058
2026-07-09T01:07:48.579228,2026-07-09T01:07:48.591008+00:00,129.0,50,ask,EarnestEspressos,FlawlessFlatbreads,12906080
2026-07-09T01:07:50.688945,2026-07-09T01:07:50.697980+00:00,129.0,50,ask,EarnestEspressos,FlawlessFlatbreads,12906110
2026-07-09T01:07:50.717854,2026-07-09T01:07:50.726589+00:00,129.0,10,ask,EarnestEspressos,Matthew Hanna,12906112
2026-07-09T01:07:50.926984,2026-07-09T01:07:50.933900+00:00,129.0,10,ask,EarnestEspressos,Matthew Hanna,12906120
2026-07-09T01:07:51.136621,2026-07-09T01:07:51.143700+00:00,129.0,5,ask,EarnestEspressos,Matthew Hanna,12906124
2026-07-09T01:07:54.587168,2026-07-09T01:07:54.598005+00:00,129.0,41,bid,CostlyCorianders,DiligentDonuts,12906164
2026-07-09T01:07:54.899540,2026-07-09T01:07:54.911381+00:00,128.5,50,ask,DiligentDonuts,FlawlessFlatbreads,12906169
2026-07-09T01:07:57.023411,2026-07-09T01:07:57.035391+00:00,128.6,50,ask,DiligentDonuts,FlawlessFlatbreads,12906195
2026-07-09T01:07:59.131042,2026-07-09T01:07:59.142676+00:00,128.7,50,ask,DiligentDonuts,FlawlessFlatbreads,12906225
2026-07-09T01:08:01.237453,2026-07-09T01:08:01.249181+00:00,128.7,50,ask,DiligentDonuts,FlawlessFlatbreads,12906247
2026-07-09T01:08:02.426704,2026-07-09T01:08:02.438800+00:00,128.7,3,bid,Xuanyu Liu,DiligentDonuts,12906266
2026-07-09T01:08:02.571128,2026-07-09T01:08:02.580965+00:00,128.7,10,bid,Matthew Hanna,DiligentDonuts,12906271
2026-07-09T01:08:02.781340,2026-07-09T01:08:02.788109+00:00,128.7,10,bid,Matthew Hanna,DiligentDonuts,12906276
2026-07-09T01:08:02.991879,2026-07-09T01:08:03.003363+00:00,128.7,5,bid,Matthew Hanna,DiligentDonuts,12906279
2026-07-09T01:08:03.345650,2026-07-09T01:08:03.358593+00:00,128.6,50,ask,EarnestEspressos,FlawlessFlatbreads,12906284
2026-07-09T01:08:03.740222,2026-07-09T01:08:03.759880+00:00,128.7,11,bid,Xuanyu Liu,DiligentDonuts,12906291
2026-07-09T01:08:05.453015,2026-07-09T01:08:05.465196+00:00,128.4,50,ask,EarnestEspressos,FlawlessFlatbreads,12906324
2026-07-09T01:08:07.360184,2026-07-09T01:08:07.367903+00:00,128.7,43,bid,CostlyCorianders,EarnestEspressos,12906361
2026-07-09T01:08:07.562104,2026-07-09T01:08:07.574173+00:00,128.3,50,ask,DiligentDonuts,FlawlessFlatbreads,12906362
2026-07-09T01:08:11.721906,2026-07-09T01:08:11.734032+00:00,128.5,50,bid,FlawlessFlatbreads,DiligentDonuts,12906423
2026-07-09T01:08:13.829859,2026-07-09T01:08:13.858642+00:00,128.5,50,bid,FlawlessFlatbreads,DiligentDonuts,12906448
2026-07-09T01:08:15.936874,2026-07-09T01:08:15.948836+00:00,128.7,50,bid,FlawlessFlatbreads,EarnestEspressos,12906475
2026-07-09T01:08:18.052552,2026-07-09T01:08:18.069745+00:00,128.6,50,bid,FlawlessFlatbreads,DiligentDonuts,12906504
2026-07-09T01:08:20.159095,2026-07-09T01:08:20.170758+00:00,128.6,50,bid,FlawlessFlatbreads,DiligentDonuts,12906521
2026-07-09T01:08:21.128689,2026-07-09T01:08:21.142594+00:00,128.6,11,ask,DiligentDonuts,Xuanyu Liu,12906539
2026-07-09T01:08:22.099389,2026-07-09T01:08:22.110985+00:00,128.6,41,ask,DiligentDonuts,CostlyCorianders,12906554
2026-07-09T01:08:22.295732,2026-07-09T01:08:22.304990+00:00,128.9,50,bid,FlawlessFlatbreads,EarnestEspressos,12906555
2026-07-09T01:08:23.613963,2026-07-09T01:08:23.625613+00:00,128.6,44,ask,DiligentDonuts,CostlyCorianders,12906573
2026-07-09T01:08:24.199424,2026-07-09T01:08:24.211004+00:00,129.1,48,bid,CostlyCorianders,DiligentDonuts,12906580
2026-07-09T01:08:24.254004,2026-07-09T01:08:24.258632+00:00,128.6,42,ask,EarnestEspressos,CostlyCorianders,12906583
2026-07-09T01:08:26.362503,2026-07-09T01:08:26.374324+00:00,128.5,40,ask,DiligentDonuts,CostlyCorianders,12906627
2026-07-09T01:08:28.459652,2026-07-09T01:08:28.468621+00:00,128.8,47,bid,CostlyCorianders,EarnestEspressos,12906657
2026-07-09T01:08:28.631807,2026-07-09T01:08:28.643610+00:00,128.8,50,bid,FlawlessFlatbreads,EarnestEspressos,12906660
2026-07-09T01:08:29.234521,2026-07-09T01:08:29.246454+00:00,128.9,100,bid,EarnestEspressos,DiligentDonuts,12906671
2026-07-09T01:08:29.303094,2026-07-09T01:08:29.311487+00:00,128.9,3,ask,EarnestEspressos,Xuanyu Liu,12906675
2026-07-09T01:08:29.550903,2026-07-09T01:08:29.555543+00:00,128.9,46,ask,EarnestEspressos,CostlyCorianders,12906679
2026-07-09T01:08:30.524101,2026-07-09T01:08:30.536119+00:00,128.9,1,ask,EarnestEspressos,CostlyCorianders,12906692
2026-07-09T01:08:30.763323,2026-07-09T01:08:30.774535+00:00,129.2,50,bid,FlawlessFlatbreads,DiligentDonuts,12906693
2026-07-09T01:08:31.118591,2026-07-09T01:08:31.126778+00:00,129.2,43,bid,CostlyCorianders,DiligentDonuts,12906700
2026-07-09T01:08:32.448838,2026-07-09T01:08:32.456450+00:00,128.7,100,ask,DiligentDonuts,EarnestEspressos,12906720
2026-07-09T01:08:32.869318,2026-07-09T01:08:32.880851+00:00,128.7,50,bid,FlawlessFlatbreads,EarnestEspressos,12906736
2026-07-09T01:08:35.007158,2026-07-09T01:08:35.017023+00:00,129.1,50,bid,FlawlessFlatbreads,DiligentDonuts,12906760
2026-07-09T01:08:36.670665,2026-07-09T01:08:36.679715+00:00,128.9,10,ask,EarnestEspressos,Matthew Hanna,12906784
2026-07-09T01:08:36.818614,2026-07-09T01:08:36.826583+00:00,128.9,41,ask,EarnestEspressos,CostlyCorianders,12906787
2026-07-09T01:08:36.881905,2026-07-09T01:08:36.892335+00:00,128.9,10,ask,EarnestEspressos,Matthew Hanna,12906789
2026-07-09T01:08:37.092950,2026-07-09T01:08:37.103929+00:00,128.9,5,ask,EarnestEspressos,Matthew Hanna,12906794
2026-07-09T01:08:37.113064,2026-07-09T01:08:37.124901+00:00,129.2,50,bid,FlawlessFlatbreads,DiligentDonuts,12906795
2026-07-09T01:08:37.344216,2026-07-09T01:08:37.355967+00:00,129.2,41,bid,CostlyCorianders,DiligentDonuts,12906797
2026-07-09T01:08:37.870136,2026-07-09T01:08:37.878998+00:00,128.9,3,ask,EarnestEspressos,Xuanyu Liu,12906806
2026-07-09T01:08:37.903593,2026-07-09T01:08:37.910681+00:00,128.9,10,ask,EarnestEspressos,Matthew Hanna,12906809
2026-07-09T01:08:38.116630,2026-07-09T01:08:38.126809+00:00,128.9,10,ask,EarnestEspressos,Matthew Hanna,12906811
2026-07-09T01:08:38.328127,2026-07-09T01:08:38.339943+00:00,128.9,5,ask,EarnestEspressos,Matthew Hanna,12906815
2026-07-09T01:08:38.772153,2026-07-09T01:08:38.781938+00:00,128.7,100,ask,DiligentDonuts,EarnestEspressos,12906823
2026-07-09T01:08:39.230374,2026-07-09T01:08:39.250354+00:00,128.7,50,bid,FlawlessFlatbreads,EarnestEspressos,12906827
2026-07-09T01:08:41.340035,2026-07-09T01:08:41.352027+00:00,129.1,50,bid,FlawlessFlatbreads,DiligentDonuts,12906862
2026-07-09T01:08:41.450824,2026-07-09T01:08:41.457386+00:00,128.6,41,ask,DiligentDonuts,CostlyCorianders,12906863
2026-07-09T01:08:41.922019,2026-07-09T01:08:41.934122+00:00,128.9,47,ask,EarnestEspressos,CostlyCorianders,12906872
2026-07-09T01:08:43.521609,2026-07-09T01:08:43.533278+00:00,128.9,50,ask,EarnestEspressos,FlawlessFlatbreads,12906895
2026-07-09T01:08:47.775111,2026-07-09T01:08:47.785254+00:00,128.6,50,ask,EarnestEspressos,FlawlessFlatbreads,12906960
2026-07-09T01:08:49.883544,2026-07-09T01:08:49.895336+00:00,128.3,50,ask,EarnestEspressos,FlawlessFlatbreads,12906982
2026-07-09T01:08:51.451461,2026-07-09T01:08:51.459457+00:00,128.3,3,bid,Xuanyu Liu,EarnestEspressos,12907009
2026-07-09T01:08:51.996374,2026-07-09T01:08:52.005863+00:00,128.2,50,ask,DiligentDonuts,FlawlessFlatbreads,12907017
2026-07-09T01:08:54.053574,2026-07-09T01:08:54.044122+00:00,128.3,50,bid,FlawlessFlatbreads,EarnestEspressos,12907043
2026-07-09T01:08:58.297297,2026-07-09T01:08:58.309250+00:00,128.3,50,bid,FlawlessFlatbreads,EarnestEspressos,12907097
2026-07-09T01:08:59.011415,2026-07-09T01:08:59.023227+00:00,128.3,42,bid,CostlyCorianders,EarnestEspressos,12907112
2026-07-09T01:09:00.434971,2026-07-09T01:09:00.446956+00:00,128.3,50,bid,FlawlessFlatbreads,EarnestEspressos,12907130
2026-07-09T01:09:00.872994,2026-07-09T01:09:00.879532+00:00,128.5,100,bid,EarnestEspressos,DiligentDonuts,12907142
2026-07-09T01:09:01.585853,2026-07-09T01:09:01.593116+00:00,129.0,44,bid,CostlyCorianders,EarnestEspressos,12907150
2026-07-09T01:09:03.051411,2026-07-09T01:09:03.057937+00:00,128.5,45,ask,EarnestEspressos,CostlyCorianders,12907174
2026-07-09T01:09:03.340283,2026-07-09T01:09:03.348100+00:00,128.5,3,ask,EarnestEspressos,Xuanyu Liu,12907175
2026-07-09T01:09:04.382380,2026-07-09T01:09:04.390563+00:00,128.5,43,bid,CostlyCorianders,EarnestEspressos,12907200
2026-07-09T01:09:04.649500,2026-07-09T01:09:04.669237+00:00,128.5,50,bid,FlawlessFlatbreads,EarnestEspressos,12907202
2026-07-09T01:09:06.403189,2026-07-09T01:09:06.414907+00:00,128.2,44,ask,DiligentDonuts,CostlyCorianders,12907226
2026-07-09T01:09:06.807071,2026-07-09T01:09:06.816206+00:00,128.2,50,ask,DiligentDonuts,FlawlessFlatbreads,12907230
2026-07-09T01:09:07.012953,2026-07-09T01:09:07.024524+00:00,128.5,40,bid,CostlyCorianders,EarnestEspressos,12907233
2026-07-09T01:09:08.637502,2026-07-09T01:09:08.634858+00:00,128.4,100,ask,EarnestEspressos,DiligentDonuts,12907260
2026-07-09T01:09:10.231018,2026-07-09T01:09:10.239428+00:00,128.4,45,ask,EarnestEspressos,CostlyCorianders,12907279
2026-07-09T01:09:10.969171,2026-07-09T01:09:10.978875+00:00,128.6,50,bid,FlawlessFlatbreads,EarnestEspressos,12907288
2026-07-09T01:09:13.075723,2026-07-09T01:09:13.085693+00:00,128.6,50,bid,FlawlessFlatbreads,EarnestEspressos,12907312
2026-07-09T01:09:14.511962,2026-07-09T01:09:14.524070+00:00,128.8,43,bid,CostlyCorianders,DiligentDonuts,12907331
2026-07-09T01:09:15.265960,2026-07-09T01:09:15.277537+00:00,128.6,50,ask,EarnestEspressos,FlawlessFlatbreads,12907338
2026-07-09T01:09:16.807651,2026-07-09T01:09:16.821541+00:00,128.5,42,ask,DiligentDonuts,CostlyCorianders,12907357
2026-07-09T01:09:17.400257,2026-07-09T01:09:17.409916+00:00,128.5,50,ask,DiligentDonuts,FlawlessFlatbreads,12907365
2026-07-09T01:09:19.507527,2026-07-09T01:09:19.519301+00:00,128.3,50,ask,EarnestEspressos,FlawlessFlatbreads,12907395
2026-07-09T01:09:19.909356,2026-07-09T01:09:19.921393+00:00,128.6,44,bid,CostlyCorianders,DiligentDonuts,12907403
2026-07-09T01:09:20.503675,2026-07-09T01:09:20.511426+00:00,128.6,49,bid,CostlyCorianders,DiligentDonuts,12907405
2026-07-09T01:09:21.621845,2026-07-09T01:09:21.637516+00:00,128.6,50,ask,DiligentDonuts,FlawlessFlatbreads,12907413
2026-07-09T01:09:22.172231,2026-07-09T01:09:22.178942+00:00,128.6,47,ask,DiligentDonuts,CostlyCorianders,12907423
2026-07-09T01:09:23.676977,2026-07-09T01:09:23.687733+00:00,128.7,50,bid,FlawlessFlatbreads,EarnestEspressos,12907433
2026-07-09T01:09:25.784912,2026-07-09T01:09:25.793822+00:00,128.7,50,bid,FlawlessFlatbreads,EarnestEspressos,12907475
2026-07-09T01:09:27.279367,2026-07-09T01:09:27.291408+00:00,128.4,44,ask,DiligentDonuts,CostlyCorianders,12907498
2026-07-09T01:09:27.942457,2026-07-09T01:09:27.952244+00:00,128.4,50,ask,EarnestEspressos,FlawlessFlatbreads,12907517
2026-07-09T01:09:28.384886,2026-07-09T01:09:28.396630+00:00,128.6,44,bid,CostlyCorianders,DiligentDonuts,12907524
2026-07-09T01:09:34.263875,2026-07-09T01:09:34.275846+00:00,128.1,50,ask,EarnestEspressos,FlawlessFlatbreads,12907598
2026-07-09T01:09:36.371661,2026-07-09T01:09:36.383170+00:00,128.0,50,ask,DiligentDonuts,FlawlessFlatbreads,12907638
2026-07-09T01:09:38.167633,2026-07-09T01:09:38.179396+00:00,128.3,41,bid,CostlyCorianders,EarnestEspressos,12907662
2026-07-09T01:09:38.479991,2026-07-09T01:09:38.489702+00:00,127.8,50,ask,EarnestEspressos,FlawlessFlatbreads,12907673
2026-07-09T01:09:40.202536,2026-07-09T01:09:40.214511+00:00,127.6,43,ask,EarnestEspressos,CostlyCorianders,12907692
2026-07-09T01:09:40.787566,2026-07-09T01:09:40.799405+00:00,127.9,40,bid,CostlyCorianders,DiligentDonuts,12907698
2026-07-09T01:09:42.133456,2026-07-09T01:09:42.147380+00:00,127.6,3,bid,Xuanyu Liu,EarnestEspressos,12907715
2026-07-09T01:09:43.292939,2026-07-09T01:09:43.304787+00:00,127.4,41,ask,DiligentDonuts,CostlyCorianders,12907741
2026-07-09T01:09:44.742519,2026-07-09T01:09:44.754296+00:00,127.6,50,bid,FlawlessFlatbreads,EarnestEspressos,12907756
2026-07-09T01:09:46.852545,2026-07-09T01:09:46.864520+00:00,127.9,50,bid,FlawlessFlatbreads,EarnestEspressos,12907787
2026-07-09T01:09:48.467264,2026-07-09T01:09:48.474109+00:00,127.7,40,ask,EarnestEspressos,CostlyCorianders,12907816
2026-07-09T01:09:48.959666,2026-07-09T01:09:48.969724+00:00,127.9,50,bid,FlawlessFlatbreads,DiligentDonuts,12907826
2026-07-09T01:09:50.441801,2026-07-09T01:09:50.458568+00:00,128.2,49,bid,CostlyCorianders,EarnestEspressos,12907840
2026-07-09T01:09:51.072302,2026-07-09T01:09:51.084021+00:00,128.2,50,bid,FlawlessFlatbreads,EarnestEspressos,12907842
2026-07-09T01:09:52.719687,2026-07-09T01:09:52.728806+00:00,127.9,3,ask,EarnestEspressos,Xuanyu Liu,12907867
2026-07-09T01:09:53.186058,2026-07-09T01:09:53.197872+00:00,128.0,50,bid,FlawlessFlatbreads,DiligentDonuts,12907876
2026-07-09T01:09:55.293179,2026-07-09T01:09:55.305245+00:00,128.0,50,bid,FlawlessFlatbreads,DiligentDonuts,12907899
2026-07-09T01:09:55.565034,2026-07-09T01:09:55.575739+00:00,127.8,48,ask,EarnestEspressos,CostlyCorianders,12907908
2026-07-09T01:09:56.070519,2026-07-09T01:09:56.082483+00:00,127.9,44,ask,DiligentDonuts,CostlyCorianders,12907919
2026-07-09T01:09:57.404809,2026-07-09T01:09:57.416744+00:00,128.3,50,bid,FlawlessFlatbreads,EarnestEspressos,12907931
2026-07-09T01:09:59.315665,2026-07-09T01:09:59.330085+00:00,128.2,57,ask,EarnestEspressos,Xuanyu Liu,12907960
2026-07-09T01:09:59.490772,2026-07-09T01:09:59.508682+00:00,128.2,10,ask,EarnestEspressos,Matthew Hanna,12907964
2026-07-09T01:09:59.513089,2026-07-09T01:09:59.524978+00:00,128.4,50,bid,FlawlessFlatbreads,DiligentDonuts,12907965
2026-07-09T01:09:59.704638,2026-07-09T01:09:59.711844+00:00,128.2,10,ask,EarnestEspressos,Matthew Hanna,12907968
2026-07-09T01:09:59.917321,2026-07-09T01:09:59.928231+00:00,128.2,10,ask,EarnestEspressos,Matthew Hanna,12907974
2026-07-09T01:10:00.127982,2026-07-09T01:10:00.139335+00:00,128.2,10,ask,EarnestEspressos,Matthew Hanna,12907978
2026-07-09T01:10:00.338896,2026-07-09T01:10:00.348078+00:00,128.2,10,ask,EarnestEspressos,Matthew Hanna,12907981
2026-07-09T01:10:00.575303,2026-07-09T01:10:00.584368+00:00,128.2,43,ask,EarnestEspressos,CostlyCorianders,12907986
2026-07-09T01:10:01.117890,2026-07-09T01:10:01.129800+00:00,127.9,100,ask,DiligentDonuts,EarnestEspressos,12907995
2026-07-09T01:10:01.131050,2026-07-09T01:10:01.141082+00:00,127.6,50,bid,Xuanyu Liu,EarnestEspressos,12907996
2026-07-09T01:10:01.647601,2026-07-09T01:10:01.659274+00:00,128.4,42,bid,CostlyCorianders,DiligentDonuts,12908009
2026-07-09T01:10:04.107016,2026-07-09T01:10:04.118963+00:00,127.9,46,bid,CostlyCorianders,DiligentDonuts,12908057
2026-07-09T01:10:04.713095,2026-07-09T01:10:04.719828+00:00,127.7,44,ask,EarnestEspressos,CostlyCorianders,12908062
2026-07-09T01:10:06.422609,2026-07-09T01:10:06.431789+00:00,128.2,42,bid,CostlyCorianders,EarnestEspressos,12908090
2026-07-09T01:10:08.511863,2026-07-09T01:10:08.528672+00:00,128.2,41,bid,CostlyCorianders,DiligentDonuts,12908115
2026-07-09T01:10:08.519877,2026-07-09T01:10:08.528672+00:00,127.9,16,ask,EarnestEspressos,Xuanyu Liu,12908116
2026-07-09T01:10:10.086506,2026-07-09T01:10:10.111448+00:00,128.2,50,bid,FlawlessFlatbreads,DiligentDonuts,12908137
2026-07-09T01:10:12.251882,2026-07-09T01:10:12.263824+00:00,128.1,50,ask,DiligentDonuts,FlawlessFlatbreads,12908168
2026-07-09T01:10:13.298450,2026-07-09T01:10:13.310344+00:00,128.1,48,ask,DiligentDonuts,CostlyCorianders,12908185
2026-07-09T01:10:13.770362,2026-07-09T01:10:13.780671+00:00,128.1,2,ask,DiligentDonuts,CostlyCorianders,12908196
2026-07-09T01:10:14.367360,2026-07-09T01:10:14.379300+00:00,128.2,44,bid,CostlyCorianders,EarnestEspressos,12908202
2026-07-09T01:10:14.379524,2026-07-09T01:10:14.389501+00:00,127.7,50,ask,EarnestEspressos,FlawlessFlatbreads,12908203
2026-07-09T01:10:16.435772,2026-07-09T01:10:16.447641+00:00,128.2,50,bid,FlawlessFlatbreads,EarnestEspressos,12908228
2026-07-09T01:10:20.673864,2026-07-09T01:10:20.686324+00:00,128.2,50,bid,FlawlessFlatbreads,DiligentDonuts,12908293
2026-07-09T01:10:22.377351,2026-07-09T01:10:22.387939+00:00,127.9,40,ask,DiligentDonuts,CostlyCorianders,12908310
2026-07-09T01:10:22.838088,2026-07-09T01:10:22.858571+00:00,127.9,50,ask,DiligentDonuts,FlawlessFlatbreads,12908317
2026-07-09T01:10:24.563920,2026-07-09T01:10:24.572175+00:00,128.4,45,bid,CostlyCorianders,DiligentDonuts,12908345
2026-07-09T01:10:24.945607,2026-07-09T01:10:24.957460+00:00,128.0,50,ask,EarnestEspressos,FlawlessFlatbreads,12908351
2026-07-09T01:10:27.090147,2026-07-09T01:10:27.102146+00:00,127.9,50,ask,DiligentDonuts,FlawlessFlatbreads,12908375
2026-07-09T01:10:29.148280,2026-07-09T01:10:29.163925+00:00,128.0,50,bid,FlawlessFlatbreads,DiligentDonuts,12908394
2026-07-09T01:10:30.490374,2026-07-09T01:10:30.502109+00:00,128.0,47,bid,CostlyCorianders,DiligentDonuts,12908407
2026-07-09T01:10:31.332472,2026-07-09T01:10:31.338932+00:00,127.9,50,ask,DiligentDonuts,FlawlessFlatbreads,12908417
2026-07-09T01:10:33.442389,2026-07-09T01:10:33.448959+00:00,127.9,50,ask,DiligentDonuts,FlawlessFlatbreads,12908439
2026-07-09T01:10:35.581360,2026-07-09T01:10:35.593490+00:00,127.7,50,ask,EarnestEspressos,FlawlessFlatbreads,12908467
2026-07-09T01:10:37.688700,2026-07-09T01:10:37.695695+00:00,127.8,50,ask,DiligentDonuts,FlawlessFlatbreads,12908496
2026-07-09T01:10:39.799849,2026-07-09T01:10:39.809887+00:00,127.8,50,ask,DiligentDonuts,FlawlessFlatbreads,12908526
2026-07-09T01:10:40.405134,2026-07-09T01:10:40.413823+00:00,127.9,12,bid,Xuanyu Liu,DiligentDonuts,12908537
2026-07-09T01:10:40.766086,2026-07-09T01:10:40.777755+00:00,127.5,43,ask,EarnestEspressos,CostlyCorianders,12908547
2026-07-09T01:10:41.359576,2026-07-09T01:10:41.371355+00:00,127.5,45,ask,EarnestEspressos,CostlyCorianders,12908556
2026-07-09T01:10:41.905205,2026-07-09T01:10:41.914694+00:00,127.5,50,ask,EarnestEspressos,FlawlessFlatbreads,12908568
2026-07-09T01:10:42.272215,2026-07-09T01:10:42.284235+00:00,127.5,14,bid,Xuanyu Liu,EarnestEspressos,12908572
2026-07-09T01:10:42.428052,2026-07-09T01:10:42.438215+00:00,127.5,10,bid,Matthew Hanna,EarnestEspressos,12908575
2026-07-09T01:10:42.639732,2026-07-09T01:10:42.647322+00:00,127.5,10,bid,Matthew Hanna,EarnestEspressos,12908581
2026-07-09T01:10:42.851092,2026-07-09T01:10:42.861953+00:00,127.5,10,bid,Matthew Hanna,EarnestEspressos,12908587
2026-07-09T01:10:43.061506,2026-07-09T01:10:43.072831+00:00,127.5,10,bid,Matthew Hanna,EarnestEspressos,12908590
2026-07-09T01:10:43.273074,2026-07-09T01:10:43.283771+00:00,127.5,10,bid,Matthew Hanna,EarnestEspressos,12908593
2026-07-09T01:10:44.035041,2026-07-09T01:10:44.063638+00:00,127.4,50,ask,DiligentDonuts,FlawlessFlatbreads,12908604
2026-07-09T01:10:44.583429,2026-07-09T01:10:44.602792+00:00,127.5,3,bid,Xuanyu Liu,EarnestEspressos,12908614
2026-07-09T01:10:44.686683,2026-07-09T01:10:44.697952+00:00,127.5,10,bid,Matthew Hanna,EarnestEspressos,12908620
2026-07-09T01:10:44.897363,2026-07-09T01:10:44.907394+00:00,127.5,10,bid,Matthew Hanna,EarnestEspressos,12908623
2026-07-09T01:10:44.926014,2026-07-09T01:10:44.932631+00:00,127.5,46,bid,CostlyCorianders,EarnestEspressos,12908624
2026-07-09T01:10:45.107677,2026-07-09T01:10:45.119156+00:00,127.5,10,bid,Matthew Hanna,EarnestEspressos,12908627
2026-07-09T01:10:45.256049,2026-07-09T01:10:45.286059+00:00,127.5,7,bid,Xuanyu Liu,EarnestEspressos,12908633
2026-07-09T01:10:45.352582,2026-07-09T01:10:45.364323+00:00,127.9,100,bid,EarnestEspressos,DiligentDonuts,12908639
2026-07-09T01:10:45.418516,2026-07-09T01:10:45.429460+00:00,128.0,7,ask,EarnestEspressos,Xuanyu Liu,12908641
2026-07-09T01:10:46.111905,2026-07-09T01:10:46.123625+00:00,128.0,40,ask,EarnestEspressos,CostlyCorianders,12908654
2026-07-09T01:10:46.142850,2026-07-09T01:10:46.158763+00:00,128.0,3,ask,EarnestEspressos,FlawlessFlatbreads,12908655
2026-07-09T01:10:46.142850,2026-07-09T01:10:46.158763+00:00,127.4,47,ask,DiligentDonuts,FlawlessFlatbreads,12908656
2026-07-09T01:10:47.261967,2026-07-09T01:10:47.273886+00:00,128.3,41,bid,CostlyCorianders,DiligentDonuts,12908674
2026-07-09T01:10:48.902711,2026-07-09T01:10:48.910362+00:00,127.9,47,bid,CostlyCorianders,EarnestEspressos,12908703
2026-07-09T01:10:50.357080,2026-07-09T01:10:50.369382+00:00,127.8,50,ask,DiligentDonuts,FlawlessFlatbreads,12908721
2026-07-09T01:10:52.467443,2026-07-09T01:10:52.479178+00:00,127.8,50,ask,DiligentDonuts,FlawlessFlatbreads,12908754
2026-07-09T01:10:53.522931,2026-07-09T01:10:53.534543+00:00,127.5,46,ask,EarnestEspressos,CostlyCorianders,12908785
2026-07-09T01:10:54.054881,2026-07-09T01:10:54.063925+00:00,128.0,41,bid,CostlyCorianders,EarnestEspressos,12908789
2026-07-09T01:10:56.694088,2026-07-09T01:10:56.708693+00:00,127.4,50,ask,EarnestEspressos,FlawlessFlatbreads,12908828
2026-07-09T01:10:58.143354,2026-07-09T01:10:58.158492+00:00,127.5,10,bid,Matthew Hanna,EarnestEspressos,12908847
2026-07-09T01:10:58.354666,2026-07-09T01:10:58.361463+00:00,127.5,10,bid,Matthew Hanna,EarnestEspressos,12908850
2026-07-09T01:10:58.748724,2026-07-09T01:10:58.755795+00:00,127.5,50,bid,FlawlessFlatbreads,EarnestEspressos,12908858
2026-07-09T01:10:58.931284,2026-07-09T01:10:58.938797+00:00,127.3,45,ask,DiligentDonuts,CostlyCorianders,12908861
2026-07-09T01:11:00.671589,2026-07-09T01:11:00.683441+00:00,127.5,47,bid,CostlyCorianders,EarnestEspressos,12908885
2026-07-09T01:11:00.860095,2026-07-09T01:11:00.867646+00:00,127.5,33,bid,FlawlessFlatbreads,EarnestEspressos,12908887
2026-07-09T01:11:00.860095,2026-07-09T01:11:00.872926+00:00,127.6,17,bid,FlawlessFlatbreads,DiligentDonuts,12908888
2026-07-09T01:11:01.163328,2026-07-09T01:11:01.170043+00:00,127.6,83,bid,EarnestEspressos,DiligentDonuts,12908892
2026-07-09T01:11:03.020092,2026-07-09T01:11:03.032207+00:00,127.6,50,ask,EarnestEspressos,FlawlessFlatbreads,12908912
2026-07-09T01:11:03.626508,2026-07-09T01:11:03.635291+00:00,127.6,3,ask,EarnestEspressos,Xuanyu Liu,12908921
2026-07-09T01:11:04.380632,2026-07-09T01:11:04.390922+00:00,127.4,100,ask,DiligentDonuts,EarnestEspressos,12908929
2026-07-09T01:11:05.128410,2026-07-09T01:11:05.140343+00:00,126.9,50,ask,EarnestEspressos,FlawlessFlatbreads,12908937
2026-07-09T01:11:07.236457,2026-07-09T01:11:07.245767+00:00,126.9,50,ask,EarnestEspressos,FlawlessFlatbreads,12908964
2026-07-09T01:11:07.261260,2026-07-09T01:11:07.271122+00:00,126.9,43,ask,EarnestEspressos,CostlyCorianders,12908965
2026-07-09T01:11:07.561334,2026-07-09T01:11:07.570587+00:00,127.2,14,bid,Xuanyu Liu,EarnestEspressos,12908972
2026-07-09T01:11:09.292442,2026-07-09T01:11:09.304521+00:00,127.2,50,bid,FlawlessFlatbreads,EarnestEspressos,12908998
2026-07-09T01:11:10.476293,2026-07-09T01:11:10.488317+00:00,127.2,42,bid,CostlyCorianders,EarnestEspressos,12909011
2026-07-09T01:11:11.400533,2026-07-09T01:11:11.412564+00:00,127.4,50,bid,FlawlessFlatbreads,DiligentDonuts,12909017
2026-07-09T01:11:13.508270,2026-07-09T01:11:13.519935+00:00,127.5,50,bid,FlawlessFlatbreads,EarnestEspressos,12909049
2026-07-09T01:11:13.607255,2026-07-09T01:11:13.619081+00:00,127.0,44,ask,EarnestEspressos,CostlyCorianders,12909050
2026-07-09T01:11:15.615764,2026-07-09T01:11:15.626949+00:00,127.3,50,bid,FlawlessFlatbreads,DiligentDonuts,12909081
2026-07-09T01:11:17.556170,2026-07-09T01:11:17.568701+00:00,126.9,49,ask,EarnestEspressos,CostlyCorianders,12909106
2026-07-09T01:11:19.433024,2026-07-09T01:11:19.441652+00:00,127.1,11,ask,DiligentDonuts,Xuanyu Liu,12909133
2026-07-09T01:11:19.830403,2026-07-09T01:11:19.839841+00:00,127.4,50,bid,FlawlessFlatbreads,EarnestEspressos,12909139
2026-07-09T01:11:20.651360,2026-07-09T01:11:20.663750+00:00,127.4,42,bid,CostlyCorianders,EarnestEspressos,12909148
2026-07-09T01:11:21.939255,2026-07-09T01:11:21.951352+00:00,127.4,50,bid,FlawlessFlatbreads,EarnestEspressos,12909165
2026-07-09T01:11:23.341976,2026-07-09T01:11:23.351288+00:00,127.3,3,ask,EarnestEspressos,Xuanyu Liu,12909183
2026-07-09T01:11:26.204404,2026-07-09T01:11:26.216352+00:00,127.3,50,ask,EarnestEspressos,FlawlessFlatbreads,12909234
2026-07-09T01:11:26.311045,2026-07-09T01:11:26.323022+00:00,127.3,43,ask,EarnestEspressos,CostlyCorianders,12909237
2026-07-09T01:11:28.476272,2026-07-09T01:11:28.488054+00:00,127.3,49,bid,CostlyCorianders,EarnestEspressos,12909259
2026-07-09T01:11:30.370412,2026-07-09T01:11:30.382048+00:00,127.5,50,bid,FlawlessFlatbreads,EarnestEspressos,12909288
2026-07-09T01:11:32.476433,2026-07-09T01:11:32.490001+00:00,127.5,50,bid,FlawlessFlatbreads,EarnestEspressos,12909318
2026-07-09T01:11:33.854525,2026-07-09T01:11:33.864179+00:00,127.5,47,bid,CostlyCorianders,DiligentDonuts,12909332
2026-07-09T01:11:34.583125,2026-07-09T01:11:34.590829+00:00,127.6,50,bid,FlawlessFlatbreads,DiligentDonuts,12909340
2026-07-09T01:11:38.793937,2026-07-09T01:11:38.803525+00:00,127.7,50,bid,FlawlessFlatbreads,EarnestEspressos,12909389
2026-07-09T01:11:39.195132,2026-07-09T01:11:39.204886+00:00,127.5,3,ask,EarnestEspressos,Xuanyu Liu,12909398
2026-07-09T01:11:39.240896,2026-07-09T01:11:39.250959+00:00,127.5,10,ask,EarnestEspressos,Matthew Hanna,12909402
2026-07-09T01:11:39.453602,2026-07-09T01:11:39.458572+00:00,127.5,10,ask,EarnestEspressos,Matthew Hanna,12909407
2026-07-09T01:11:39.470759,2026-07-09T01:11:39.479394+00:00,127.5,11,ask,EarnestEspressos,Xuanyu Liu,12909408
2026-07-09T01:11:39.697685,2026-07-09T01:11:39.707190+00:00,127.5,10,ask,EarnestEspressos,Matthew Hanna,12909411
2026-07-09T01:11:39.872911,2026-07-09T01:11:39.882021+00:00,127.5,41,ask,EarnestEspressos,CostlyCorianders,12909415
2026-07-09T01:11:39.908227,2026-07-09T01:11:39.920029+00:00,127.5,10,ask,EarnestEspressos,Matthew Hanna,12909417
2026-07-09T01:11:40.121766,2026-07-09T01:11:40.130441+00:00,127.5,10,ask,EarnestEspressos,Matthew Hanna,12909420
2026-07-09T01:11:40.907547,2026-07-09T01:11:40.915614+00:00,127.6,50,bid,FlawlessFlatbreads,DiligentDonuts,12909427
2026-07-09T01:11:41.889826,2026-07-09T01:11:41.900742+00:00,127.5,12,ask,EarnestEspressos,Xuanyu Liu,12909446
2026-07-09T01:11:41.936465,2026-07-09T01:11:41.946983+00:00,127.5,10,ask,EarnestEspressos,Matthew Hanna,12909449
2026-07-09T01:11:42.127569,2026-07-09T01:11:42.136375+00:00,127.5,23,ask,EarnestEspressos,CostlyCorianders,12909453
2026-07-09T01:11:42.127569,2026-07-09T01:11:42.136375+00:00,127.1,22,ask,DiligentDonuts,CostlyCorianders,12909454
2026-07-09T01:11:42.397768,2026-07-09T01:11:42.418695+00:00,127.1,78,ask,DiligentDonuts,EarnestEspressos,12909457
2026-07-09T01:11:42.410711,2026-07-09T01:11:42.418695+00:00,127.1,23,bid,Xuanyu Liu,EarnestEspressos,12909458
2026-07-09T01:11:43.013880,2026-07-09T01:11:43.025664+00:00,127.1,49,bid,FlawlessFlatbreads,EarnestEspressos,12909465
2026-07-09T01:11:43.013880,2026-07-09T01:11:43.025664+00:00,127.6,1,bid,FlawlessFlatbreads,DiligentDonuts,12909466
2026-07-09T01:11:44.044438,2026-07-09T01:11:44.064134+00:00,127.3,47,bid,CostlyCorianders,DiligentDonuts,12909483
2026-07-09T01:11:47.302793,2026-07-09T01:11:47.314755+00:00,127.2,50,ask,EarnestEspressos,FlawlessFlatbreads,12909516
2026-07-09T01:11:49.443366,2026-07-09T01:11:49.452721+00:00,127.2,50,ask,EarnestEspressos,FlawlessFlatbreads,12909542
2026-07-09T01:11:51.531634,2026-07-09T01:11:51.545125+00:00,127.2,42,ask,EarnestEspressos,CostlyCorianders,12909557
2026-07-09T01:11:52.044622,2026-07-09T01:11:52.051828+00:00,127.4,49,bid,CostlyCorianders,EarnestEspressos,12909564
2026-07-09T01:11:53.659020,2026-07-09T01:11:53.668972+00:00,127.1,50,ask,DiligentDonuts,FlawlessFlatbreads,12909595
2026-07-09T01:11:55.300243,2026-07-09T01:11:55.309731+00:00,127.1,43,ask,DiligentDonuts,CostlyCorianders,12909617
2026-07-09T01:11:55.764838,2026-07-09T01:11:55.777367+00:00,127.1,7,ask,DiligentDonuts,FlawlessFlatbreads,12909627
2026-07-09T01:11:55.764838,2026-07-09T01:11:55.777367+00:00,127.0,43,ask,EarnestEspressos,FlawlessFlatbreads,12909628
2026-07-09T01:11:57.193310,2026-07-09T01:11:57.202869+00:00,127.3,45,bid,CostlyCorianders,DiligentDonuts,12909639
2026-07-09T01:11:57.878395,2026-07-09T01:11:57.888481+00:00,127.0,50,ask,EarnestEspressos,FlawlessFlatbreads,12909645
2026-07-09T01:11:58.251375,2026-07-09T01:11:58.261174+00:00,127.1,3,bid,Xuanyu Liu,EarnestEspressos,12909654
2026-07-09T01:11:58.311992,2026-07-09T01:11:58.319650+00:00,126.8,42,ask,DiligentDonuts,CostlyCorianders,12909657
2026-07-09T01:11:58.377342,2026-07-09T01:11:58.389142+00:00,127.1,10,bid,Matthew Hanna,EarnestEspressos,12909660
2026-07-09T01:11:59.986721,2026-07-09T01:11:59.995741+00:00,126.8,50,ask,DiligentDonuts,FlawlessFlatbreads,12909685
2026-07-09T01:12:02.099222,2026-07-09T01:12:02.108815+00:00,126.8,50,ask,DiligentDonuts,FlawlessFlatbreads,12909713
2026-07-09T01:12:04.215659,2026-07-09T01:12:04.227700+00:00,126.8,50,ask,EarnestEspressos,FlawlessFlatbreads,12909737
2026-07-09T01:12:06.348914,2026-07-09T01:12:06.352778+00:00,126.7,50,ask,EarnestEspressos,FlawlessFlatbreads,12909767
2026-07-09T01:12:07.248570,2026-07-09T01:12:07.257138+00:00,127.2,49,bid,CostlyCorianders,EarnestEspressos,12909777
2026-07-09T01:12:08.271030,2026-07-09T01:12:08.282862+00:00,126.7,45,ask,DiligentDonuts,CostlyCorianders,12909786
2026-07-09T01:12:08.456968,2026-07-09T01:12:08.464970+00:00,126.7,50,ask,DiligentDonuts,FlawlessFlatbreads,12909789
2026-07-09T01:12:09.059603,2026-07-09T01:12:09.068149+00:00,126.9,26,bid,Xuanyu Liu,DiligentDonuts,12909797
2026-07-09T01:12:09.213049,2026-07-09T01:12:09.222249+00:00,126.9,10,bid,Matthew Hanna,DiligentDonuts,12909803
2026-07-09T01:12:09.441698,2026-07-09T01:12:09.452591+00:00,126.9,10,bid,Matthew Hanna,DiligentDonuts,12909812
2026-07-09T01:12:09.792887,2026-07-09T01:12:09.804819+00:00,126.9,44,bid,CostlyCorianders,DiligentDonuts,12909816
2026-07-09T01:12:10.574531,2026-07-09T01:12:10.584905+00:00,126.7,50,ask,EarnestEspressos,FlawlessFlatbreads,12909823
2026-07-09T01:12:10.854180,2026-07-09T01:12:10.857720+00:00,126.9,10,bid,Matthew Hanna,DiligentDonuts,12909832
2026-07-09T01:12:11.064672,2026-07-09T01:12:11.076261+00:00,127.0,10,bid,Matthew Hanna,EarnestEspressos,12909836
2026-07-09T01:12:11.277754,2026-07-09T01:12:11.286773+00:00,127.0,10,bid,Matthew Hanna,EarnestEspressos,12909841
2026-07-09T01:12:12.307111,2026-07-09T01:12:12.319503+00:00,127.0,41,bid,CostlyCorianders,EarnestEspressos,12909860
2026-07-09T01:12:14.734669,2026-07-09T01:12:14.746344+00:00,126.8,50,bid,FlawlessFlatbreads,EarnestEspressos,12909889
2026-07-09T01:12:15.987794,2026-07-09T01:12:15.994675+00:00,126.3,45,ask,EarnestEspressos,CostlyCorianders,12909908
2026-07-09T01:12:16.584544,2026-07-09T01:12:16.594310+00:00,126.8,41,bid,CostlyCorianders,EarnestEspressos,12909919
2026-07-09T01:12:16.881159,2026-07-09T01:12:16.893028+00:00,126.8,50,bid,FlawlessFlatbreads,EarnestEspressos,12909922
2026-07-09T01:12:17.075940,2026-07-09T01:12:17.087694+00:00,126.3,40,ask,EarnestEspressos,CostlyCorianders,12909928
2026-07-09T01:12:18.837699,2026-07-09T01:12:18.849645+00:00,126.7,41,ask,EarnestEspressos,CostlyCorianders,12909956
2026-07-09T01:12:18.989958,2026-07-09T01:12:19.001864+00:00,126.9,50,bid,FlawlessFlatbreads,DiligentDonuts,12909959
2026-07-09T01:12:20.036682,2026-07-09T01:12:20.048691+00:00,126.9,43,bid,CostlyCorianders,DiligentDonuts,12909979
2026-07-09T01:12:21.174078,2026-07-09T01:12:21.186187+00:00,126.4,50,ask,DiligentDonuts,FlawlessFlatbreads,12909998
2026-07-09T01:12:22.570827,2026-07-09T01:12:22.580474+00:00,126.6,12,ask,DiligentDonuts,Xuanyu Liu,12910021
2026-07-09T01:12:23.079726,2026-07-09T01:12:23.087169+00:00,126.9,43,bid,CostlyCorianders,EarnestEspressos,12910034
2026-07-09T01:12:23.297757,2026-07-09T01:12:23.309739+00:00,126.6,50,ask,DiligentDonuts,FlawlessFlatbreads,12910038
2026-07-09T01:12:31.692708,2026-07-09T01:12:31.704667+00:00,126.8,50,bid,FlawlessFlatbreads,DiligentDonuts,12910168
2026-07-09T01:12:33.806135,2026-07-09T01:12:33.813880+00:00,126.8,50,bid,FlawlessFlatbreads,DiligentDonuts,12910198
2026-07-09T01:12:34.023502,2026-07-09T01:12:34.031234+00:00,126.7,48,ask,EarnestEspressos,CostlyCorianders,12910200
2026-07-09T01:12:36.373203,2026-07-09T01:12:36.385004+00:00,127.2,41,bid,CostlyCorianders,DiligentDonuts,12910238
2026-07-09T01:12:39.692139,2026-07-09T01:12:39.705539+00:00,127.2,14,ask,DiligentDonuts,Xuanyu Liu,12910291
2026-07-09T01:12:42.230065,2026-07-09T01:12:42.241937+00:00,127.3,50,bid,FlawlessFlatbreads,EarnestEspressos,12910328
2026-07-09T01:12:44.340039,2026-07-09T01:12:44.352053+00:00,127.4,50,bid,FlawlessFlatbreads,EarnestEspressos,12910370
2026-07-09T01:12:44.741276,2026-07-09T01:12:44.749130+00:00,127.0,44,ask,DiligentDonuts,CostlyCorianders,12910375
2026-07-09T01:12:46.449429,2026-07-09T01:12:46.458555+00:00,127.5,50,bid,FlawlessFlatbreads,DiligentDonuts,12910398
2026-07-09T01:12:47.513670,2026-07-09T01:12:47.528658+00:00,127.0,41,ask,EarnestEspressos,CostlyCorianders,12910413
2026-07-09T01:12:48.557095,2026-07-09T01:12:48.569204+00:00,127.5,50,bid,FlawlessFlatbreads,EarnestEspressos,12910428
2026-07-09T01:12:49.047911,2026-07-09T01:12:49.054724+00:00,127.0,48,ask,DiligentDonuts,CostlyCorianders,12910436
2026-07-09T01:12:50.664336,2026-07-09T01:12:50.674791+00:00,127.1,50,bid,FlawlessFlatbreads,DiligentDonuts,12910458
2026-07-09T01:12:52.918878,2026-07-09T01:12:52.930540+00:00,127.1,41,bid,CostlyCorianders,DiligentDonuts,12910485
2026-07-09T01:12:54.299638,2026-07-09T01:12:54.311189+00:00,127.3,45,bid,CostlyCorianders,EarnestEspressos,12910505
2026-07-09T01:12:54.840688,2026-07-09T01:12:54.847413+00:00,126.8,47,ask,EarnestEspressos,CostlyCorianders,12910512
2026-07-09T01:12:56.977913,2026-07-09T01:12:56.989864+00:00,127.3,50,bid,FlawlessFlatbreads,EarnestEspressos,12910545
2026-07-09T01:12:59.086380,2026-07-09T01:12:59.098293+00:00,127.5,50,bid,FlawlessFlatbreads,DiligentDonuts,12910564
2026-07-09T01:13:02.272586,2026-07-09T01:13:02.284501+00:00,127.7,49,bid,CostlyCorianders,DiligentDonuts,12910620
2026-07-09T01:13:03.301159,2026-07-09T01:13:03.313997+00:00,127.3,3,ask,DiligentDonuts,Xuanyu Liu,12910633
2026-07-09T01:13:03.304502,2026-07-09T01:13:03.313997+00:00,127.7,50,bid,FlawlessFlatbreads,EarnestEspressos,12910634
2026-07-09T01:13:03.401607,2026-07-09T01:13:03.411816+00:00,127.3,10,ask,DiligentDonuts,Matthew Hanna,12910640
2026-07-09T01:13:03.613039,2026-07-09T01:13:03.623713+00:00,127.3,10,ask,DiligentDonuts,Matthew Hanna,12910642
2026-07-09T01:13:03.824356,2026-07-09T01:13:03.832696+00:00,127.3,10,ask,DiligentDonuts,Matthew Hanna,12910646
2026-07-09T01:13:04.039770,2026-07-09T01:13:04.046640+00:00,127.3,10,ask,DiligentDonuts,Matthew Hanna,12910652
2026-07-09T01:13:04.250910,2026-07-09T01:13:04.258540+00:00,127.3,10,ask,DiligentDonuts,Matthew Hanna,12910656
2026-07-09T01:13:05.179560,2026-07-09T01:13:05.190902+00:00,127.3,41,ask,DiligentDonuts,CostlyCorianders,12910676
2026-07-09T01:13:07.516042,2026-07-09T01:13:07.524306+00:00,127.3,50,bid,FlawlessFlatbreads,DiligentDonuts,12910713
2026-07-09T01:13:08.319338,2026-07-09T01:13:08.331232+00:00,127.3,43,bid,CostlyCorianders,DiligentDonuts,12910728
2026-07-09T01:13:09.682392,2026-07-09T01:13:09.691498+00:00,127.2,50,ask,EarnestEspressos,FlawlessFlatbreads,12910749
2026-07-09T01:13:11.795752,2026-07-09T01:13:11.804025+00:00,127.2,50,ask,DiligentDonuts,FlawlessFlatbreads,12910771
2026-07-09T01:13:12.120955,2026-07-09T01:13:12.128386+00:00,127.2,49,ask,DiligentDonuts,CostlyCorianders,12910776
2026-07-09T01:13:13.852427,2026-07-09T01:13:13.864631+00:00,127.3,50,bid,FlawlessFlatbreads,DiligentDonuts,12910796
2026-07-09T01:13:15.329756,2026-07-09T01:13:15.341440+00:00,127.3,40,bid,CostlyCorianders,DiligentDonuts,12910820
2026-07-09T01:13:15.858655,2026-07-09T01:13:15.870268+00:00,127.2,48,ask,EarnestEspressos,CostlyCorianders,12910826
2026-07-09T01:13:16.045466,2026-07-09T01:13:16.053962+00:00,127.2,50,ask,EarnestEspressos,FlawlessFlatbreads,12910829
2026-07-09T01:13:17.346519,2026-07-09T01:13:17.352291+00:00,127.1,100,ask,DiligentDonuts,EarnestEspressos,12910855
2026-07-09T01:13:18.151172,2026-07-09T01:13:18.158562+00:00,126.6,50,ask,EarnestEspressos,FlawlessFlatbreads,12910864
2026-07-09T01:13:20.124413,2026-07-09T01:13:20.133577+00:00,127.1,45,bid,CostlyCorianders,EarnestEspressos,12910890
2026-07-09T01:13:20.260218,2026-07-09T01:13:20.272275+00:00,126.7,50,ask,DiligentDonuts,FlawlessFlatbreads,12910895
2026-07-09T01:13:22.368320,2026-07-09T01:13:22.384103+00:00,126.8,50,ask,EarnestEspressos,FlawlessFlatbreads,12910924
2026-07-09T01:13:22.375523,2026-07-09T01:13:22.384103+00:00,127.0,3,bid,Xuanyu Liu,DiligentDonuts,12910925
2026-07-09T01:13:22.852795,2026-07-09T01:13:22.864745+00:00,127.0,41,bid,CostlyCorianders,DiligentDonuts,12910936
2026-07-09T01:13:24.422815,2026-07-09T01:13:24.434971+00:00,127.0,50,bid,FlawlessFlatbreads,DiligentDonuts,12910957
2026-07-09T01:13:24.464769,2026-07-09T01:13:24.474145+00:00,126.9,46,ask,EarnestEspressos,CostlyCorianders,12910961
2026-07-09T01:13:26.531317,2026-07-09T01:13:26.543456+00:00,127.4,50,bid,FlawlessFlatbreads,EarnestEspressos,12911001
2026-07-09T01:13:28.640917,2026-07-09T01:13:28.652791+00:00,127.4,50,bid,FlawlessFlatbreads,EarnestEspressos,12911022
2026-07-09T01:13:29.314694,2026-07-09T01:13:29.328220+00:00,127.4,42,bid,CostlyCorianders,EarnestEspressos,12911034
2026-07-09T01:13:29.973449,2026-07-09T01:13:29.984439+00:00,127.5,100,bid,EarnestEspressos,DiligentDonuts,12911050
2026-07-09T01:13:30.041656,2026-07-09T01:13:30.050249+00:00,127.5,3,ask,EarnestEspressos,Xuanyu Liu,12911053
2026-07-09T01:13:30.772314,2026-07-09T01:13:30.784451+00:00,128.0,50,bid,FlawlessFlatbreads,EarnestEspressos,12911064
2026-07-09T01:13:31.160277,2026-07-09T01:13:31.172755+00:00,127.5,11,ask,EarnestEspressos,Xuanyu Liu,12911075
2026-07-09T01:13:31.208323,2026-07-09T01:13:31.220049+00:00,127.5,36,ask,EarnestEspressos,CostlyCorianders,12911077
2026-07-09T01:13:31.208323,2026-07-09T01:13:31.220049+00:00,127.0,9,ask,DiligentDonuts,CostlyCorianders,12911078
2026-07-09T01:13:32.670067,2026-07-09T01:13:32.679397+00:00,127.0,43,ask,DiligentDonuts,CostlyCorianders,12911104
2026-07-09T01:13:32.879341,2026-07-09T01:13:32.886220+00:00,127.5,50,bid,FlawlessFlatbreads,DiligentDonuts,12911108
2026-07-09T01:13:33.265673,2026-07-09T01:13:33.274569+00:00,127.2,11,bid,Xuanyu Liu,EarnestEspressos,12911111
2026-07-09T01:13:34.482183,2026-07-09T01:13:34.492943+00:00,127.2,3,bid,Xuanyu Liu,EarnestEspressos,12911127
2026-07-09T01:13:34.493678,2026-07-09T01:13:34.508189+00:00,127.2,100,bid,DiligentDonuts,EarnestEspressos,12911129
2026-07-09T01:13:35.016160,2026-07-09T01:13:35.022941+00:00,127.2,36,bid,FlawlessFlatbreads,EarnestEspressos,12911138
2026-07-09T01:13:35.016160,2026-07-09T01:13:35.028128+00:00,127.8,14,bid,FlawlessFlatbreads,DiligentDonuts,12911139
2026-07-09T01:13:36.309893,2026-07-09T01:13:36.319144+00:00,127.5,14,ask,EarnestEspressos,Xuanyu Liu,12911162
2026-07-09T01:13:36.588853,2026-07-09T01:13:36.597606+00:00,127.5,12,ask,EarnestEspressos,Xuanyu Liu,12911167
2026-07-09T01:13:36.719792,2026-07-09T01:13:36.728646+00:00,127.5,10,ask,EarnestEspressos,Matthew Hanna,12911170
2026-07-09T01:13:37.124978,2026-07-09T01:13:37.137217+00:00,127.8,50,bid,FlawlessFlatbreads,DiligentDonuts,12911175
2026-07-09T01:13:37.331982,2026-07-09T01:13:37.342858+00:00,127.5,10,ask,EarnestEspressos,Matthew Hanna,12911183
2026-07-09T01:13:37.455195,2026-07-09T01:13:37.463707+00:00,127.5,46,ask,EarnestEspressos,CostlyCorianders,12911187
2026-07-09T01:13:37.544094,2026-07-09T01:13:37.553801+00:00,127.5,5,ask,EarnestEspressos,Matthew Hanna,12911192
2026-07-09T01:13:37.828951,2026-07-09T01:13:37.841341+00:00,127.5,11,ask,EarnestEspressos,Xuanyu Liu,12911196
2026-07-09T01:13:38.979677,2026-07-09T01:13:38.991691+00:00,127.6,45,bid,CostlyCorianders,DiligentDonuts,12911209
2026-07-09T01:13:39.233455,2026-07-09T01:13:39.245134+00:00,127.6,50,bid,FlawlessFlatbreads,DiligentDonuts,12911213
2026-07-09T01:13:39.516452,2026-07-09T01:13:39.528090+00:00,127.1,100,ask,DiligentDonuts,EarnestEspressos,12911216
2026-07-09T01:13:40.073501,2026-07-09T01:13:40.085095+00:00,127.1,23,bid,Xuanyu Liu,EarnestEspressos,12911232
2026-07-09T01:13:41.393828,2026-07-09T01:13:41.410557+00:00,127.0,50,ask,DiligentDonuts,FlawlessFlatbreads,12911247
2026-07-09T01:13:41.401490,2026-07-09T01:13:41.410557+00:00,127.1,11,bid,Xuanyu Liu,EarnestEspressos,12911248
2026-07-09T01:13:42.659645,2026-07-09T01:13:42.669647+00:00,127.2,23,ask,EarnestEspressos,Xuanyu Liu,12911266
