timestamp,recv_time,price,volume,aggressor_side,buyer,seller,trade_id
2026-07-02T10:00:00.295675,2026-07-02T10:00:00.320086+00:00,117.1,50,bid,FlawlessFlatbreads,DiligentDonuts,3927616
2026-07-02T10:00:00.310161,2026-07-02T10:00:00.320086+00:00,116.7,3,bid,Xuanyu Liu,EarnestEspressos,3927617
2026-07-02T10:00:01.075149,2026-07-02T10:00:01.083685+00:00,116.6,48,ask,DiligentDonuts,CostlyCorianders,3927639
2026-07-02T10:00:02.408503,2026-07-02T10:00:02.415294+00:00,116.7,50,bid,FlawlessFlatbreads,EarnestEspressos,3927674
2026-07-02T10:00:04.515459,2026-07-02T10:00:04.522529+00:00,116.9,50,bid,FlawlessFlatbreads,EarnestEspressos,3927709
2026-07-02T10:00:05.788997,2026-07-02T10:00:05.795401+00:00,116.9,48,bid,CostlyCorianders,EarnestEspressos,3927735
2026-07-02T10:00:06.622309,2026-07-02T10:00:06.637883+00:00,117.0,5,bid,FlawlessFlatbreads,Kelvin Chan,3927746
2026-07-02T10:00:06.622309,2026-07-02T10:00:06.637883+00:00,117.1,45,bid,FlawlessFlatbreads,DiligentDonuts,3927747
2026-07-02T10:00:06.925843,2026-07-02T10:00:07.624155+00:00,116.8,44,ask,EarnestEspressos,CostlyCorianders,3927758
2026-07-02T10:00:07.465804,2026-07-02T10:00:07.624155+00:00,117.1,46,bid,CostlyCorianders,DiligentDonuts,3927770
2026-07-02T10:00:08.066159,2026-07-02T10:00:08.074548+00:00,117.0,5,bid,CostlyCorianders,Kelvin Chan,3927780
2026-07-02T10:00:08.066159,2026-07-02T10:00:08.074548+00:00,117.1,9,bid,CostlyCorianders,DiligentDonuts,3927781
2026-07-02T10:00:08.066159,2026-07-02T10:00:08.079826+00:00,117.3,31,bid,CostlyCorianders,EarnestEspressos,3927782
2026-07-02T10:00:08.558818,2026-07-02T10:00:08.570542+00:00,116.8,47,ask,EarnestEspressos,CostlyCorianders,3927787
2026-07-02T10:00:08.696684,2026-07-02T10:00:08.708162+00:00,117.0,5,bid,DiligentDonuts,Kelvin Chan,3927789
2026-07-02T10:00:08.709496,2026-07-02T10:00:08.719309+00:00,117.0,3,ask,DiligentDonuts,Xuanyu Liu,3927791
2026-07-02T10:00:08.781341,2026-07-02T10:00:08.788578+00:00,117.0,50,ask,DiligentDonuts,FlawlessFlatbreads,3927793
2026-07-02T10:00:08.852323,2026-07-02T10:00:08.861783+00:00,117.0,25,ask,DiligentDonuts,Lachlan Han,3927794
2026-07-02T10:00:09.064058,2026-07-02T10:00:09.075710+00:00,117.0,17,ask,DiligentDonuts,Lachlan Han,3927799
2026-07-02T10:00:10.180926,2026-07-02T10:00:10.192447+00:00,117.1,5,bid,CostlyCorianders,Kelvin Chan,3927811
2026-07-02T10:00:10.180926,2026-07-02T10:00:10.192447+00:00,117.2,39,bid,CostlyCorianders,EarnestEspressos,3927812
2026-07-02T10:00:10.775582,2026-07-02T10:00:10.787489+00:00,116.8,1,ask,Kelvin Chan,CostlyCorianders,3927821
2026-07-02T10:00:10.775582,2026-07-02T10:00:10.787489+00:00,116.7,39,ask,EarnestEspressos,CostlyCorianders,3927822
2026-07-02T10:00:12.941264,2026-07-02T10:00:12.947690+00:00,117.1,4,bid,FlawlessFlatbreads,Kelvin Chan,3927854
2026-07-02T10:00:12.941264,2026-07-02T10:00:12.952925+00:00,117.3,46,bid,FlawlessFlatbreads,DiligentDonuts,3927855
2026-07-02T10:00:15.048940,2026-07-02T10:00:15.063646+00:00,117.1,3,bid,FlawlessFlatbreads,Kelvin Chan,3927889
2026-07-02T10:00:15.048940,2026-07-02T10:00:15.063646+00:00,117.3,47,bid,FlawlessFlatbreads,EarnestEspressos,3927890
2026-07-02T10:00:15.199655,2026-07-02T10:00:15.206902+00:00,117.0,43,ask,DiligentDonuts,CostlyCorianders,3927891
2026-07-02T10:00:16.104222,2026-07-02T10:00:16.115778+00:00,117.2,3,bid,CostlyCorianders,Kelvin Chan,3927909
2026-07-02T10:00:16.104222,2026-07-02T10:00:16.115778+00:00,117.5,43,bid,CostlyCorianders,DiligentDonuts,3927910
2026-07-02T10:00:17.156650,2026-07-02T10:00:17.168130+00:00,117.5,50,bid,FlawlessFlatbreads,DiligentDonuts,3927922
2026-07-02T10:00:18.932611,2026-07-02T10:00:18.940809+00:00,117.2,2,bid,Xuanyu Liu,Kelvin Chan,3927954
2026-07-02T10:00:19.265729,2026-07-02T10:00:19.277292+00:00,117.6,50,bid,FlawlessFlatbreads,DiligentDonuts,3927962
2026-07-02T10:00:19.271403,2026-07-02T10:00:19.282517+00:00,117.3,47,ask,EarnestEspressos,CostlyCorianders,3927963
2026-07-02T10:00:19.384752,2026-07-02T10:00:19.393975+00:00,117.3,2,ask,EarnestEspressos,Kelvin Chan,3927964
2026-07-02T10:00:19.429943,2026-07-02T10:00:19.436922+00:00,117.3,2,ask,EarnestEspressos,Kelvin Chan,3927965
2026-07-02T10:00:19.779696,2026-07-02T10:00:19.791518+00:00,117.3,1,ask,EarnestEspressos,Kelvin Chan,3927968
2026-07-02T10:00:19.807150,2026-07-02T10:00:19.816779+00:00,117.3,1,ask,EarnestEspressos,Kelvin Chan,3927969
2026-07-02T10:00:19.849012,2026-07-02T10:00:19.860595+00:00,117.3,1,ask,EarnestEspressos,Kelvin Chan,3927970
2026-07-02T10:00:19.856191,2026-07-02T10:00:19.866048+00:00,117.6,40,bid,CostlyCorianders,DiligentDonuts,3927971
2026-07-02T10:00:20.243102,2026-07-02T10:00:20.252753+00:00,117.3,96,ask,EarnestEspressos,Chester Au,3927979
2026-07-02T10:00:21.353195,2026-07-02T10:00:21.361742+00:00,117.5,100,ask,DiligentDonuts,Chester Au,3928010
2026-07-02T10:00:21.426896,2026-07-02T10:00:21.436505+00:00,117.0,4,ask,Kelvin Chan,FlawlessFlatbreads,3928014
2026-07-02T10:00:22.447375,2026-07-02T10:00:22.456206+00:00,117.0,1,bid,Xuanyu Liu,EarnestEspressos,3928032
2026-07-02T10:00:22.703151,2026-07-02T10:00:22.714097+00:00,117.0,25,bid,Lachlan Han,EarnestEspressos,3928040
2026-07-02T10:00:22.883782,2026-07-02T10:00:22.891607+00:00,117.0,5,bid,Kelvin Chan,EarnestEspressos,3928044
2026-07-02T10:00:22.940702,2026-07-02T10:00:22.950827+00:00,117.0,5,bid,Kelvin Chan,EarnestEspressos,3928047
2026-07-02T10:00:23.494089,2026-07-02T10:00:23.505762+00:00,117.0,5,bid,Kelvin Chan,EarnestEspressos,3928061
2026-07-02T10:00:23.540412,2026-07-02T10:00:23.548459+00:00,116.5,50,ask,EarnestEspressos,FlawlessFlatbreads,3928064
2026-07-02T10:00:24.509547,2026-07-02T10:00:24.521033+00:00,117.0,100,bid,DiligentDonuts,EarnestEspressos,3928085
2026-07-02T10:00:25.647990,2026-07-02T10:00:25.659832+00:00,116.9,50,ask,EarnestEspressos,FlawlessFlatbreads,3928105
2026-07-02T10:00:27.563658,2026-07-02T10:00:27.570911+00:00,116.9,47,ask,EarnestEspressos,CostlyCorianders,3928144
2026-07-02T10:00:27.757090,2026-07-02T10:00:27.768730+00:00,116.9,50,ask,EarnestEspressos,FlawlessFlatbreads,3928158
2026-07-02T10:00:28.174136,2026-07-02T10:00:28.183780+00:00,117.4,41,bid,CostlyCorianders,EarnestEspressos,3928168
2026-07-02T10:00:28.667091,2026-07-02T10:00:28.678606+00:00,117.0,5,ask,Kelvin Chan,CostlyCorianders,3928183
2026-07-02T10:00:28.783951,2026-07-02T10:00:28.794589+00:00,116.9,100,ask,DiligentDonuts,EarnestEspressos,3928184
2026-07-02T10:00:28.924154,2026-07-02T10:00:28.935669+00:00,116.9,5,bid,Kelvin Chan,EarnestEspressos,3928188
2026-07-02T10:00:28.934936,2026-07-02T10:00:28.946240+00:00,116.9,25,bid,Lachlan Han,EarnestEspressos,3928192
2026-07-02T10:00:29.041360,2026-07-02T10:00:29.058625+00:00,116.9,5,bid,Kelvin Chan,EarnestEspressos,3928193
2026-07-02T10:00:29.144377,2026-07-02T10:00:29.151199+00:00,116.9,15,bid,Lachlan Han,EarnestEspressos,3928196
2026-07-02T10:00:29.863046,2026-07-02T10:00:29.874742+00:00,116.9,5,ask,Kelvin Chan,FlawlessFlatbreads,3928220
2026-07-02T10:00:29.863046,2026-07-02T10:00:29.874742+00:00,116.4,45,ask,EarnestEspressos,FlawlessFlatbreads,3928221
2026-07-02T10:00:30.289563,2026-07-02T10:00:30.300971+00:00,117.4,47,bid,CostlyCorianders,DiligentDonuts,3928230
2026-07-02T10:00:30.823117,2026-07-02T10:00:30.834778+00:00,116.9,5,ask,Kelvin Chan,CostlyCorianders,3928242
2026-07-02T10:00:31.444025,2026-07-02T10:00:31.451769+00:00,116.8,46,ask,DiligentDonuts,CostlyCorianders,3928249
2026-07-02T10:00:34.032449,2026-07-02T10:00:34.058685+00:00,117.3,44,bid,CostlyCorianders,EarnestEspressos,3928291
2026-07-02T10:00:36.140536,2026-07-02T10:00:36.152011+00:00,117.0,50,bid,FlawlessFlatbreads,DiligentDonuts,3928333
2026-07-02T10:00:40.398402,2026-07-02T10:00:40.405263+00:00,116.9,2,ask,Kelvin Chan,FlawlessFlatbreads,3928409
2026-07-02T10:00:40.715969,2026-07-02T10:00:40.723603+00:00,116.7,42,ask,EarnestEspressos,CostlyCorianders,3928417
2026-07-02T10:00:41.816530,2026-07-02T10:00:41.825203+00:00,117.0,46,bid,CostlyCorianders,DiligentDonuts,3928438
2026-07-02T10:00:42.453369,2026-07-02T10:00:42.464875+00:00,117.0,50,bid,FlawlessFlatbreads,DiligentDonuts,3928451
2026-07-02T10:00:44.040425,2026-07-02T10:00:44.052052+00:00,117.1,45,bid,CostlyCorianders,EarnestEspressos,3928477
2026-07-02T10:00:44.574738,2026-07-02T10:00:44.586765+00:00,117.2,2,bid,FlawlessFlatbreads,Kelvin Chan,3928480
2026-07-02T10:00:44.574738,2026-07-02T10:00:44.586765+00:00,117.4,48,bid,FlawlessFlatbreads,DiligentDonuts,3928481
2026-07-02T10:00:44.725093,2026-07-02T10:00:44.733666+00:00,116.9,47,ask,DiligentDonuts,CostlyCorianders,3928484
2026-07-02T10:00:45.170529,2026-07-02T10:00:45.184171+00:00,116.9,3,ask,DiligentDonuts,Xuanyu Liu,3928492
2026-07-02T10:00:45.176157,2026-07-02T10:00:45.184171+00:00,116.9,25,ask,DiligentDonuts,Lachlan Han,3928493
2026-07-02T10:00:45.388539,2026-07-02T10:00:45.399853+00:00,116.9,25,ask,DiligentDonuts,Lachlan Han,3928498
2026-07-02T10:00:46.683821,2026-07-02T10:00:46.695580+00:00,117.2,5,bid,FlawlessFlatbreads,Kelvin Chan,3928521
2026-07-02T10:00:46.683821,2026-07-02T10:00:46.695580+00:00,117.4,45,bid,FlawlessFlatbreads,EarnestEspressos,3928522
2026-07-02T10:00:48.791380,2026-07-02T10:00:48.803205+00:00,117.2,5,bid,FlawlessFlatbreads,Kelvin Chan,3928563
2026-07-02T10:00:48.791380,2026-07-02T10:00:48.803205+00:00,117.2,45,bid,FlawlessFlatbreads,DiligentDonuts,3928564
2026-07-02T10:00:49.698391,2026-07-02T10:00:49.710104+00:00,117.2,45,bid,CostlyCorianders,DiligentDonuts,3928581
2026-07-02T10:00:50.869534,2026-07-02T10:00:50.876138+00:00,117.2,5,bid,EarnestEspressos,Kelvin Chan,3928605
2026-07-02T10:00:50.950570,2026-07-02T10:00:50.958615+00:00,117.2,50,ask,EarnestEspressos,FlawlessFlatbreads,3928614
2026-07-02T10:00:51.006294,2026-07-02T10:00:51.013266+00:00,117.2,8,ask,EarnestEspressos,Lachlan Han,3928618
2026-07-02T10:00:51.432434,2026-07-02T10:00:51.444257+00:00,117.2,9,ask,EarnestEspressos,Lachlan Han,3928632
2026-07-02T10:00:53.028780,2026-07-02T10:00:53.047150+00:00,117.2,4,ask,EarnestEspressos,Chester Au,3928661
2026-07-02T10:00:53.035763,2026-07-02T10:00:53.047150+00:00,117.2,11,ask,EarnestEspressos,Xuanyu Liu,3928662
2026-07-02T10:00:53.056671,2026-07-02T10:00:53.057286+00:00,117.2,50,ask,EarnestEspressos,FlawlessFlatbreads,3928665
2026-07-02T10:00:54.088213,2026-07-02T10:00:54.098505+00:00,117.1,100,ask,DiligentDonuts,EarnestEspressos,3928685
2026-07-02T10:00:54.088213,2026-07-02T10:00:54.098505+00:00,117.0,5,ask,Kelvin Chan,EarnestEspressos,3928686
2026-07-02T10:00:54.359746,2026-07-02T10:00:54.370008+00:00,117.0,11,bid,Xuanyu Liu,EarnestEspressos,3928696
2026-07-02T10:00:54.370516,2026-07-02T10:00:54.385334+00:00,117.0,5,bid,Kelvin Chan,EarnestEspressos,3928698
2026-07-02T10:00:54.574821,2026-07-02T10:00:54.583980+00:00,117.0,5,bid,Kelvin Chan,EarnestEspressos,3928699
2026-07-02T10:00:55.162484,2026-07-02T10:00:55.170876+00:00,116.5,50,ask,EarnestEspressos,FlawlessFlatbreads,3928714
2026-07-02T10:00:55.254364,2026-07-02T10:00:55.265459+00:00,117.0,4,bid,Kelvin Chan,EarnestEspressos,3928718
2026-07-02T10:00:58.663105,2026-07-02T10:00:58.669787+00:00,116.7,48,ask,EarnestEspressos,CostlyCorianders,3928786
2026-07-02T10:00:59.753575,2026-07-02T10:00:59.765098+00:00,116.7,49,ask,EarnestEspressos,CostlyCorianders,3928810
2026-07-02T10:01:00.420349,2026-07-02T10:01:00.430475+00:00,116.8,3,bid,Xuanyu Liu,EarnestEspressos,3928821
2026-07-02T10:01:00.467363,2026-07-02T10:01:00.476598+00:00,116.8,25,bid,Lachlan Han,EarnestEspressos,3928825
2026-07-02T10:01:00.711675,2026-07-02T10:01:00.721972+00:00,116.8,25,bid,Lachlan Han,EarnestEspressos,3928832
2026-07-02T10:01:00.921811,2026-07-02T10:01:00.931081+00:00,116.8,25,bid,Lachlan Han,EarnestEspressos,3928837
2026-07-02T10:01:01.132740,2026-07-02T10:01:01.144400+00:00,116.8,25,bid,Lachlan Han,EarnestEspressos,3928841
2026-07-02T10:01:01.300129,2026-07-02T10:01:01.307886+00:00,116.8,1,bid,Kelvin Chan,EarnestEspressos,3928844
2026-07-02T10:01:01.477388,2026-07-02T10:01:01.489168+00:00,116.6,50,ask,DiligentDonuts,FlawlessFlatbreads,3928846
2026-07-02T10:01:01.999140,2026-07-02T10:01:02.008440+00:00,116.8,1,bid,Kelvin Chan,EarnestEspressos,3928855
2026-07-02T10:01:02.020136,2026-07-02T10:01:02.029530+00:00,116.8,42,bid,CostlyCorianders,EarnestEspressos,3928860
2026-07-02T10:01:02.320911,2026-07-02T10:01:02.331897+00:00,116.8,1,bid,Kelvin Chan,EarnestEspressos,3928868
2026-07-02T10:01:02.587378,2026-07-02T10:01:02.594807+00:00,116.8,1,bid,Kelvin Chan,EarnestEspressos,3928875
2026-07-02T10:01:03.587397,2026-07-02T10:01:03.598839+00:00,116.7,50,ask,EarnestEspressos,FlawlessFlatbreads,3928890
2026-07-02T10:01:04.864248,2026-07-02T10:01:04.873385+00:00,116.8,1,ask,Kelvin Chan,Xuanyu Liu,3928913
2026-07-02T10:01:04.874653,2026-07-02T10:01:04.883273+00:00,116.7,2,ask,EarnestEspressos,Xuanyu Liu,3928915
2026-07-02T10:01:04.943634,2026-07-02T10:01:04.955020+00:00,116.7,25,ask,EarnestEspressos,Lachlan Han,3928918
2026-07-02T10:01:05.155827,2026-07-02T10:01:05.167699+00:00,116.7,25,ask,EarnestEspressos,Lachlan Han,3928922
2026-07-02T10:01:05.366447,2026-07-02T10:01:05.377927+00:00,116.7,25,ask,EarnestEspressos,Lachlan Han,3928924
2026-07-02T10:01:05.580222,2026-07-02T10:01:05.589736+00:00,116.7,23,ask,EarnestEspressos,Lachlan Han,3928929
2026-07-02T10:01:05.699322,2026-07-02T10:01:05.709182+00:00,116.2,50,ask,DiligentDonuts,FlawlessFlatbreads,3928935
2026-07-02T10:01:06.367974,2026-07-02T10:01:06.376297+00:00,116.7,3,bid,Xuanyu Liu,DiligentDonuts,3928939
2026-07-02T10:01:06.412975,2026-07-02T10:01:06.419298+00:00,116.7,41,bid,CostlyCorianders,DiligentDonuts,3928943
2026-07-02T10:01:06.803602,2026-07-02T10:01:06.814156+00:00,116.6,3,bid,Lachlan Han,EarnestEspressos,3928955
2026-07-02T10:01:07.807174,2026-07-02T10:01:07.818723+00:00,116.2,50,ask,DiligentDonuts,FlawlessFlatbreads,3928972
2026-07-02T10:01:08.853830,2026-07-02T10:01:08.865515+00:00,116.2,48,ask,DiligentDonuts,CostlyCorianders,3928994
2026-07-02T10:01:09.888415,2026-07-02T10:01:09.899928+00:00,116.7,48,bid,CostlyCorianders,DiligentDonuts,3929011
2026-07-02T10:01:09.914709,2026-07-02T10:01:09.926222+00:00,116.2,50,ask,DiligentDonuts,FlawlessFlatbreads,3929012
2026-07-02T10:01:10.021387,2026-07-02T10:01:10.031403+00:00,116.4,25,bid,Lachlan Han,EarnestEspressos,3929017
2026-07-02T10:01:10.231975,2026-07-02T10:01:10.238742+00:00,116.4,25,bid,Lachlan Han,EarnestEspressos,3929026
2026-07-02T10:01:10.445763,2026-07-02T10:01:10.458585+00:00,116.4,25,bid,Lachlan Han,EarnestEspressos,3929033
2026-07-02T10:01:10.656858,2026-07-02T10:01:10.657739+00:00,116.4,25,bid,Lachlan Han,EarnestEspressos,3929039
2026-07-02T10:01:10.868495,2026-07-02T10:01:10.879136+00:00,116.4,25,bid,Lachlan Han,EarnestEspressos,3929042
2026-07-02T10:01:10.995925,2026-07-02T10:01:11.004375+00:00,116.2,2,ask,DiligentDonuts,CostlyCorianders,3929045
2026-07-02T10:01:10.995925,2026-07-02T10:01:11.004375+00:00,115.9,44,ask,EarnestEspressos,CostlyCorianders,3929046
2026-07-02T10:01:11.078194,2026-07-02T10:01:11.085175+00:00,116.4,25,bid,Lachlan Han,EarnestEspressos,3929050
2026-07-02T10:01:12.021969,2026-07-02T10:01:12.030631+00:00,115.9,50,ask,EarnestEspressos,FlawlessFlatbreads,3929069
2026-07-02T10:01:12.088284,2026-07-02T10:01:12.096206+00:00,116.4,25,bid,Lachlan Han,DiligentDonuts,3929071
2026-07-02T10:01:12.499216,2026-07-02T10:01:12.508659+00:00,116.4,1,bid,Lachlan Han,DiligentDonuts,3929081
2026-07-02T10:01:12.709860,2026-07-02T10:01:12.721548+00:00,116.4,2,bid,Lachlan Han,DiligentDonuts,3929085
2026-07-02T10:01:13.812853,2026-07-02T10:01:13.822067+00:00,116.4,1,bid,Kelvin Chan,DiligentDonuts,3929106
2026-07-02T10:01:14.126933,2026-07-02T10:01:14.138470+00:00,116.0,50,ask,EarnestEspressos,FlawlessFlatbreads,3929114
2026-07-02T10:01:15.323093,2026-07-02T10:01:15.332769+00:00,116.3,2,bid,Lachlan Han,DiligentDonuts,3929149
2026-07-02T10:01:15.984448,2026-07-02T10:01:15.994101+00:00,116.3,2,bid,Chester Au,DiligentDonuts,3929158
2026-07-02T10:01:16.648936,2026-07-02T10:01:16.658493+00:00,116.3,96,bid,Chester Au,DiligentDonuts,3929171
2026-07-02T10:01:16.844127,2026-07-02T10:01:16.854356+00:00,116.4,42,bid,CostlyCorianders,EarnestEspressos,3929173
2026-07-02T10:01:17.544586,2026-07-02T10:01:17.554953+00:00,116.4,48,bid,CostlyCorianders,EarnestEspressos,3929187
2026-07-02T10:01:18.338385,2026-07-02T10:01:18.349782+00:00,116.4,10,bid,Lachlan Han,EarnestEspressos,3929202
2026-07-02T10:01:20.594629,2026-07-02T10:01:20.602438+00:00,116.4,49,ask,EarnestEspressos,CostlyCorianders,3929249
2026-07-02T10:01:22.581323,2026-07-02T10:01:22.592731+00:00,116.4,50,ask,EarnestEspressos,FlawlessFlatbreads,3929285
2026-07-02T10:01:22.904675,2026-07-02T10:01:22.911957+00:00,116.4,45,ask,EarnestEspressos,CostlyCorianders,3929291
2026-07-02T10:01:24.689906,2026-07-02T10:01:24.696821+00:00,116.4,50,ask,EarnestEspressos,FlawlessFlatbreads,3929324
2026-07-02T10:01:25.720286,2026-07-02T10:01:25.738767+00:00,116.3,1,ask,Kelvin Chan,EarnestEspressos,3929337
2026-07-02T10:01:25.720286,2026-07-02T10:01:25.738767+00:00,116.2,100,ask,DiligentDonuts,EarnestEspressos,3929338
2026-07-02T10:01:25.729605,2026-07-02T10:01:25.738767+00:00,116.2,49,bid,Chester Au,EarnestEspressos,3929339
2026-07-02T10:01:26.745202,2026-07-02T10:01:26.758552+00:00,116.6,2,bid,FlawlessFlatbreads,Kelvin Chan,3929364
2026-07-02T10:01:26.745202,2026-07-02T10:01:26.758552+00:00,116.7,48,bid,FlawlessFlatbreads,DiligentDonuts,3929365
2026-07-02T10:01:27.517896,2026-07-02T10:01:27.526242+00:00,116.6,4,bid,CostlyCorianders,Kelvin Chan,3929376
2026-07-02T10:01:27.517896,2026-07-02T10:01:27.531257+00:00,116.7,40,bid,CostlyCorianders,DiligentDonuts,3929377
2026-07-02T10:01:28.855297,2026-07-02T10:01:28.855072+00:00,116.5,50,bid,FlawlessFlatbreads,DiligentDonuts,3929402
2026-07-02T10:01:32.268052,2026-07-02T10:01:32.279449+00:00,116.2,43,ask,DiligentDonuts,CostlyCorianders,3929477
2026-07-02T10:01:33.126392,2026-07-02T10:01:33.132838+00:00,116.2,50,ask,DiligentDonuts,FlawlessFlatbreads,3929486
2026-07-02T10:01:33.743584,2026-07-02T10:01:33.753322+00:00,116.3,1,ask,Kelvin Chan,CostlyCorianders,3929496
2026-07-02T10:01:33.743584,2026-07-02T10:01:33.753322+00:00,116.2,7,ask,DiligentDonuts,CostlyCorianders,3929497
2026-07-02T10:01:33.743584,2026-07-02T10:01:33.758803+00:00,116.1,37,ask,EarnestEspressos,CostlyCorianders,3929498
2026-07-02T10:01:35.209100,2026-07-02T10:01:35.215880+00:00,116.4,50,bid,FlawlessFlatbreads,DiligentDonuts,3929530
2026-07-02T10:01:37.366740,2026-07-02T10:01:37.373522+00:00,116.2,50,ask,EarnestEspressos,FlawlessFlatbreads,3929572
2026-07-02T10:01:38.107629,2026-07-02T10:01:38.120167+00:00,116.5,46,bid,CostlyCorianders,DiligentDonuts,3929601
2026-07-02T10:01:39.484672,2026-07-02T10:01:39.502301+00:00,116.2,4,ask,Kelvin Chan,FlawlessFlatbreads,3929623
2026-07-02T10:01:39.581634,2026-07-02T10:01:39.589604+00:00,116.3,40,bid,CostlyCorianders,EarnestEspressos,3929626
2026-07-02T10:01:40.668770,2026-07-02T10:01:40.679334+00:00,116.2,3,ask,Kelvin Chan,Xuanyu Liu,3929651
2026-07-02T10:01:40.781946,2026-07-02T10:01:40.793190+00:00,116.2,1,ask,Kelvin Chan,Lachlan Han,3929656
2026-07-02T10:01:41.581176,2026-07-02T10:01:41.590158+00:00,116.2,3,bid,Xuanyu Liu,EarnestEspressos,3929677
2026-07-02T10:01:41.590953,2026-07-02T10:01:41.610530+00:00,115.9,50,ask,DiligentDonuts,FlawlessFlatbreads,3929679
2026-07-02T10:01:43.703769,2026-07-02T10:01:43.714977+00:00,116.1,4,ask,Kelvin Chan,Chester Au,3929718
2026-07-02T10:01:43.719377,2026-07-02T10:01:43.735649+00:00,115.7,50,ask,EarnestEspressos,FlawlessFlatbreads,3929721
2026-07-02T10:01:43.957557,2026-07-02T10:01:43.965928+00:00,116.1,4,ask,Kelvin Chan,Chester Au,3929728
2026-07-02T10:01:44.694601,2026-07-02T10:01:44.710239+00:00,115.7,100,ask,DiligentDonuts,EarnestEspressos,3929759
2026-07-02T10:01:45.824991,2026-07-02T10:01:45.836732+00:00,115.2,50,ask,EarnestEspressos,FlawlessFlatbreads,3929784
2026-07-02T10:01:46.858556,2026-07-02T10:01:46.867727+00:00,115.3,61,bid,Chester Au,DiligentDonuts,3929811
2026-07-02T10:01:47.909318,2026-07-02T10:01:47.917668+00:00,115.3,39,bid,FlawlessFlatbreads,DiligentDonuts,3929828
2026-07-02T10:01:47.909318,2026-07-02T10:01:47.922662+00:00,115.7,11,bid,FlawlessFlatbreads,EarnestEspressos,3929829
2026-07-02T10:01:48.195905,2026-07-02T10:01:48.207600+00:00,115.2,42,ask,EarnestEspressos,CostlyCorianders,3929837
2026-07-02T10:01:50.026614,2026-07-02T10:01:50.038028+00:00,115.7,50,bid,FlawlessFlatbreads,EarnestEspressos,3929868
2026-07-02T10:01:50.985390,2026-07-02T10:01:50.993700+00:00,115.7,100,bid,EarnestEspressos,DiligentDonuts,3929884
2026-07-02T10:01:52.158404,2026-07-02T10:01:52.170047+00:00,116.2,50,bid,FlawlessFlatbreads,EarnestEspressos,3929914
2026-07-02T10:01:54.316782,2026-07-02T10:01:54.323193+00:00,115.7,50,ask,DiligentDonuts,FlawlessFlatbreads,3929956
2026-07-02T10:01:54.566352,2026-07-02T10:01:54.580421+00:00,115.7,41,ask,DiligentDonuts,CostlyCorianders,3929957
2026-07-02T10:01:56.374785,2026-07-02T10:01:56.384409+00:00,115.9,50,bid,FlawlessFlatbreads,EarnestEspressos,3929997
2026-07-02T10:01:57.711451,2026-07-02T10:01:57.723316+00:00,115.7,4,ask,Kelvin Chan,CostlyCorianders,3930018
2026-07-02T10:01:57.711451,2026-07-02T10:01:57.723316+00:00,115.6,36,ask,EarnestEspressos,CostlyCorianders,3930019
2026-07-02T10:01:58.480070,2026-07-02T10:01:58.491627+00:00,116.0,50,bid,FlawlessFlatbreads,DiligentDonuts,3930032
2026-07-02T10:02:00.586638,2026-07-02T10:02:00.598539+00:00,116.0,50,bid,FlawlessFlatbreads,EarnestEspressos,3930075
2026-07-02T10:02:02.694386,2026-07-02T10:02:02.705786+00:00,116.0,50,bid,FlawlessFlatbreads,EarnestEspressos,3930119
2026-07-02T10:02:02.707067,2026-07-02T10:02:02.716390+00:00,116.0,44,bid,CostlyCorianders,EarnestEspressos,3930120
2026-07-02T10:02:03.640148,2026-07-02T10:02:03.658599+00:00,116.1,100,bid,EarnestEspressos,DiligentDonuts,3930135
2026-07-02T10:02:03.702339,2026-07-02T10:02:03.717603+00:00,116.1,50,ask,EarnestEspressos,Chester Au,3930137
2026-07-02T10:02:04.403268,2026-07-02T10:02:04.413102+00:00,115.7,1,ask,Kelvin Chan,CostlyCorianders,3930157
2026-07-02T10:02:04.403268,2026-07-02T10:02:04.413102+00:00,115.6,44,ask,DiligentDonuts,CostlyCorianders,3930158
2026-07-02T10:02:05.324388,2026-07-02T10:02:05.335836+00:00,116.0,5,bid,CostlyCorianders,Kelvin Chan,3930171
2026-07-02T10:02:05.324388,2026-07-02T10:02:05.335836+00:00,116.6,43,bid,CostlyCorianders,EarnestEspressos,3930172
2026-07-02T10:02:06.971362,2026-07-02T10:02:06.993180+00:00,115.8,50,ask,DiligentDonuts,FlawlessFlatbreads,3930217
2026-07-02T10:02:09.086910,2026-07-02T10:02:09.102282+00:00,115.8,50,ask,EarnestEspressos,FlawlessFlatbreads,3930266
2026-07-02T10:02:09.189639,2026-07-02T10:02:09.201633+00:00,115.8,48,ask,EarnestEspressos,CostlyCorianders,3930268
2026-07-02T10:02:10.031991,2026-07-02T10:02:10.063617+00:00,115.7,1,ask,Kelvin Chan,EarnestEspressos,3930292
2026-07-02T10:02:10.031991,2026-07-02T10:02:10.063617+00:00,115.7,100,ask,DiligentDonuts,EarnestEspressos,3930293
2026-07-02T10:02:10.509637,2026-07-02T10:02:10.517203+00:00,115.7,1,bid,Kelvin Chan,EarnestEspressos,3930301
2026-07-02T10:02:10.534684,2026-07-02T10:02:10.546328+00:00,115.7,1,bid,Kelvin Chan,EarnestEspressos,3930302
2026-07-02T10:02:10.564352,2026-07-02T10:02:10.573672+00:00,115.7,1,bid,Kelvin Chan,EarnestEspressos,3930303
2026-07-02T10:02:10.706964,2026-07-02T10:02:10.714159+00:00,115.7,1,bid,Kelvin Chan,EarnestEspressos,3930304
2026-07-02T10:02:10.764435,2026-07-02T10:02:10.774183+00:00,115.7,1,bid,Kelvin Chan,EarnestEspressos,3930307
2026-07-02T10:02:10.967930,2026-07-02T10:02:10.979808+00:00,115.7,44,bid,CostlyCorianders,EarnestEspressos,3930317
2026-07-02T10:02:10.967930,2026-07-02T10:02:10.979808+00:00,116.0,3,bid,CostlyCorianders,Kelvin Chan,3930318
2026-07-02T10:02:11.195086,2026-07-02T10:02:11.206498+00:00,115.2,50,ask,EarnestEspressos,FlawlessFlatbreads,3930325
2026-07-02T10:02:13.326507,2026-07-02T10:02:13.336601+00:00,115.7,2,ask,Kelvin Chan,FlawlessFlatbreads,3930377
2026-07-02T10:02:13.326507,2026-07-02T10:02:13.336601+00:00,115.6,48,ask,EarnestEspressos,FlawlessFlatbreads,3930378
2026-07-02T10:02:15.434075,2026-07-02T10:02:15.445812+00:00,115.6,50,ask,EarnestEspressos,FlawlessFlatbreads,3930407
2026-07-02T10:02:17.456977,2026-07-02T10:02:17.456351+00:00,115.8,43,bid,CostlyCorianders,DiligentDonuts,3930451
2026-07-02T10:02:17.998710,2026-07-02T10:02:18.015265+00:00,115.3,41,ask,DiligentDonuts,CostlyCorianders,3930465
2026-07-02T10:02:19.671096,2026-07-02T10:02:19.679623+00:00,115.6,3,ask,Kelvin Chan,FlawlessFlatbreads,3930506
2026-07-02T10:02:20.492989,2026-07-02T10:02:20.504370+00:00,115.3,40,ask,DiligentDonuts,CostlyCorianders,3930517
2026-07-02T10:02:21.826440,2026-07-02T10:02:21.838099+00:00,115.8,47,bid,CostlyCorianders,EarnestEspressos,3930545
2026-07-02T10:02:23.437730,2026-07-02T10:02:23.449209+00:00,115.8,40,bid,CostlyCorianders,DiligentDonuts,3930584
2026-07-02T10:02:23.493119,2026-07-02T10:02:23.504605+00:00,115.5,3,ask,Kelvin Chan,CostlyCorianders,3930585
2026-07-02T10:02:23.493119,2026-07-02T10:02:23.504605+00:00,115.3,45,ask,DiligentDonuts,CostlyCorianders,3930586
2026-07-02T10:02:23.841141,2026-07-02T10:02:23.852990+00:00,115.8,50,bid,FlawlessFlatbreads,DiligentDonuts,3930590
2026-07-02T10:02:25.185251,2026-07-02T10:02:25.197287+00:00,115.8,1,bid,CostlyCorianders,Kelvin Chan,3930613
2026-07-02T10:02:25.185251,2026-07-02T10:02:25.197287+00:00,115.8,46,bid,CostlyCorianders,EarnestEspressos,3930614
2026-07-02T10:02:25.242912,2026-07-02T10:02:25.254423+00:00,115.5,4,ask,Kelvin Chan,CostlyCorianders,3930615
2026-07-02T10:02:25.242912,2026-07-02T10:02:25.254423+00:00,115.4,45,ask,DiligentDonuts,CostlyCorianders,3930616
2026-07-02T10:02:26.003635,2026-07-02T10:02:26.016629+00:00,115.7,50,ask,EarnestEspressos,FlawlessFlatbreads,3930628
2026-07-02T10:02:28.778752,2026-07-02T10:02:28.790696+00:00,115.8,1,bid,EarnestEspressos,Kelvin Chan,3930673
2026-07-02T10:02:28.778752,2026-07-02T10:02:28.790696+00:00,115.8,49,bid,Chester Au,DiligentDonuts,3930674
2026-07-02T10:02:28.782683,2026-07-02T10:02:28.790696+00:00,115.8,3,bid,Lachlan Han,DiligentDonuts,3930675
2026-07-02T10:02:28.828817,2026-07-02T10:02:28.838156+00:00,115.8,45,bid,CostlyCorianders,DiligentDonuts,3930680
2026-07-02T10:02:28.881591,2026-07-02T10:02:28.893195+00:00,115.8,3,bid,Xuanyu Liu,DiligentDonuts,3930682
2026-07-02T10:02:28.881591,2026-07-02T10:02:28.893195+00:00,115.8,1,bid,Chester Au,Kelvin Chan,3930683
2026-07-02T10:02:28.957596,2026-07-02T10:02:28.966256+00:00,115.8,1,bid,Lachlan Han,Kelvin Chan,3930684
2026-07-02T10:02:29.011684,2026-07-02T10:02:29.019069+00:00,115.8,1,ask,EarnestEspressos,Kelvin Chan,3930685
2026-07-02T10:02:29.070111,2026-07-02T10:02:29.080174+00:00,115.8,1,ask,EarnestEspressos,Kelvin Chan,3930686
2026-07-02T10:02:29.130517,2026-07-02T10:02:29.138783+00:00,115.8,1,ask,EarnestEspressos,Kelvin Chan,3930690
2026-07-02T10:02:29.260462,2026-07-02T10:02:29.269911+00:00,115.8,1,ask,EarnestEspressos,Kelvin Chan,3930693
2026-07-02T10:02:29.435065,2026-07-02T10:02:29.446841+00:00,115.8,48,ask,EarnestEspressos,CostlyCorianders,3930695
2026-07-02T10:02:29.692957,2026-07-02T10:02:29.700986+00:00,115.9,1,bid,Lachlan Han,Kelvin Chan,3930703
2026-07-02T10:02:29.991456,2026-07-02T10:02:30.003025+00:00,115.8,45,ask,EarnestEspressos,CostlyCorianders,3930709
2026-07-02T10:02:30.162311,2026-07-02T10:02:30.169482+00:00,116.3,50,bid,FlawlessFlatbreads,EarnestEspressos,3930711
2026-07-02T10:02:30.906338,2026-07-02T10:02:30.913649+00:00,115.8,3,ask,EarnestEspressos,Xuanyu Liu,3930725
2026-07-02T10:02:31.107363,2026-07-02T10:02:31.116527+00:00,116.3,41,bid,CostlyCorianders,EarnestEspressos,3930731
2026-07-02T10:02:31.632091,2026-07-02T10:02:31.643823+00:00,115.8,44,ask,EarnestEspressos,CostlyCorianders,3930739
2026-07-02T10:02:32.267367,2026-07-02T10:02:32.278784+00:00,116.0,50,bid,FlawlessFlatbreads,EarnestEspressos,3930750
2026-07-02T10:02:34.372659,2026-07-02T10:02:34.384229+00:00,116.0,50,bid,FlawlessFlatbreads,EarnestEspressos,3930808
2026-07-02T10:02:35.052186,2026-07-02T10:02:35.064090+00:00,116.0,41,bid,CostlyCorianders,EarnestEspressos,3930824
2026-07-02T10:02:36.648185,2026-07-02T10:02:36.654521+00:00,115.8,40,ask,EarnestEspressos,CostlyCorianders,3930852
2026-07-02T10:02:39.285195,2026-07-02T10:02:39.293197+00:00,116.0,43,bid,CostlyCorianders,DiligentDonuts,3930904
2026-07-02T10:02:40.688065,2026-07-02T10:02:40.699294+00:00,116.0,2,bid,FlawlessFlatbreads,Kelvin Chan,3930935
2026-07-02T10:02:40.688065,2026-07-02T10:02:40.699294+00:00,116.2,48,bid,FlawlessFlatbreads,DiligentDonuts,3930936
2026-07-02T10:02:42.261883,2026-07-02T10:02:42.273474+00:00,116.0,4,bid,FlawlessFlatbreads,Kelvin Chan,3930956
2026-07-02T10:02:42.261883,2026-07-02T10:02:42.273474+00:00,116.2,40,bid,CostlyCorianders,DiligentDonuts,3930957
2026-07-02T10:02:42.317143,2026-07-02T10:02:42.328756+00:00,115.7,1,ask,Kelvin Chan,CostlyCorianders,3930958
2026-07-02T10:02:42.317143,2026-07-02T10:02:42.328756+00:00,115.7,40,ask,DiligentDonuts,CostlyCorianders,3930959
2026-07-02T10:02:42.797000,2026-07-02T10:02:42.804922+00:00,116.0,4,bid,CostlyCorianders,Kelvin Chan,3930976
2026-07-02T10:02:42.797000,2026-07-02T10:02:42.809931+00:00,116.2,12,bid,FlawlessFlatbreads,DiligentDonuts,3930977
2026-07-02T10:02:42.797000,2026-07-02T10:02:42.809931+00:00,116.2,34,bid,FlawlessFlatbreads,EarnestEspressos,3930978
2026-07-02T10:02:42.874046,2026-07-02T10:02:42.885731+00:00,116.2,48,bid,CostlyCorianders,EarnestEspressos,3930982
2026-07-02T10:02:44.556474,2026-07-02T10:02:44.568034+00:00,115.9,46,ask,DiligentDonuts,CostlyCorianders,3931006
2026-07-02T10:02:44.803428,2026-07-02T10:02:44.812824+00:00,116.0,3,ask,EarnestEspressos,Xuanyu Liu,3931011
2026-07-02T10:02:44.922850,2026-07-02T10:02:44.934277+00:00,116.0,25,ask,EarnestEspressos,Lachlan Han,3931015
2026-07-02T10:02:44.959648,2026-07-02T10:02:44.968868+00:00,116.0,50,ask,EarnestEspressos,FlawlessFlatbreads,3931018
2026-07-02T10:02:45.132967,2026-07-02T10:02:45.144668+00:00,116.0,25,ask,EarnestEspressos,Lachlan Han,3931020
2026-07-02T10:02:45.343678,2026-07-02T10:02:45.351250+00:00,116.0,25,ask,EarnestEspressos,Lachlan Han,3931024
2026-07-02T10:02:45.553056,2026-07-02T10:02:45.558632+00:00,116.0,22,ask,EarnestEspressos,Lachlan Han,3931036
2026-07-02T10:02:45.835007,2026-07-02T10:02:45.841708+00:00,115.9,54,ask,DiligentDonuts,Chester Au,3931040
2026-07-02T10:02:48.835299,2026-07-02T10:02:48.847217+00:00,115.8,44,bid,CostlyCorianders,DiligentDonuts,3931107
2026-07-02T10:02:49.119702,2026-07-02T10:02:49.131608+00:00,115.8,50,bid,FlawlessFlatbreads,DiligentDonuts,3931113
2026-07-02T10:02:49.299145,2026-07-02T10:02:49.307070+00:00,115.3,43,ask,DiligentDonuts,CostlyCorianders,3931120
2026-07-02T10:02:51.193675,2026-07-02T10:02:51.204067+00:00,115.7,3,bid,Xuanyu Liu,EarnestEspressos,3931156
2026-07-02T10:02:51.226467,2026-07-02T10:02:51.238032+00:00,115.7,50,bid,FlawlessFlatbreads,EarnestEspressos,3931158
2026-07-02T10:02:52.342796,2026-07-02T10:02:52.354334+00:00,115.5,48,ask,DiligentDonuts,CostlyCorianders,3931189
2026-07-02T10:02:53.335614,2026-07-02T10:02:53.347410+00:00,115.7,50,bid,FlawlessFlatbreads,EarnestEspressos,3931199
2026-07-02T10:02:58.964794,2026-07-02T10:02:58.973855+00:00,115.8,3,ask,EarnestEspressos,Xuanyu Liu,3931308
2026-07-02T10:02:58.984957,2026-07-02T10:02:58.994273+00:00,115.8,25,ask,EarnestEspressos,Lachlan Han,3931310
2026-07-02T10:02:59.195235,2026-07-02T10:02:59.206916+00:00,115.8,25,ask,EarnestEspressos,Lachlan Han,3931316
2026-07-02T10:02:59.404027,2026-07-02T10:02:59.415446+00:00,115.8,25,ask,EarnestEspressos,Lachlan Han,3931327
2026-07-02T10:02:59.612170,2026-07-02T10:02:59.624070+00:00,115.8,25,ask,EarnestEspressos,Lachlan Han,3931334
2026-07-02T10:03:00.269480,2026-07-02T10:03:00.285248+00:00,115.8,47,ask,EarnestEspressos,Chester Au,3931354
2026-07-02T10:03:00.678478,2026-07-02T10:03:00.687870+00:00,115.6,1,ask,Kelvin Chan,EarnestEspressos,3931363
2026-07-02T10:03:00.678478,2026-07-02T10:03:00.687870+00:00,115.4,100,ask,DiligentDonuts,EarnestEspressos,3931364
2026-07-02T10:03:00.694198,2026-07-02T10:03:00.703660+00:00,115.4,3,bid,Xuanyu Liu,EarnestEspressos,3931365
2026-07-02T10:03:01.237425,2026-07-02T10:03:01.248451+00:00,115.4,7,bid,Lachlan Han,EarnestEspressos,3931373
2026-07-02T10:03:01.578982,2026-07-02T10:03:01.591103+00:00,115.4,39,bid,Chester Au,EarnestEspressos,3931381
2026-07-02T10:03:01.821426,2026-07-02T10:03:01.828682+00:00,114.9,50,ask,EarnestEspressos,FlawlessFlatbreads,3931390
2026-07-02T10:03:02.025183,2026-07-02T10:03:02.036867+00:00,115.9,47,bid,CostlyCorianders,DiligentDonuts,3931396
2026-07-02T10:03:03.049056,2026-07-02T10:03:03.058585+00:00,115.9,25,bid,Lachlan Han,DiligentDonuts,3931426
2026-07-02T10:03:03.257879,2026-07-02T10:03:03.268884+00:00,115.9,25,bid,Lachlan Han,DiligentDonuts,3931428
2026-07-02T10:03:03.468251,2026-07-02T10:03:03.479193+00:00,115.9,25,bid,Lachlan Han,DiligentDonuts,3931431
2026-07-02T10:03:03.681797,2026-07-02T10:03:03.691972+00:00,115.9,25,bid,Lachlan Han,DiligentDonuts,3931441
2026-07-02T10:03:03.927912,2026-07-02T10:03:03.939577+00:00,115.8,50,ask,EarnestEspressos,FlawlessFlatbreads,3931449
2026-07-02T10:03:04.230257,2026-07-02T10:03:04.241675+00:00,116.3,43,bid,CostlyCorianders,EarnestEspressos,3931455
2026-07-02T10:03:05.802144,2026-07-02T10:03:05.813590+00:00,115.8,48,ask,EarnestEspressos,CostlyCorianders,3931488
2026-07-02T10:03:06.050580,2026-07-02T10:03:06.058535+00:00,115.8,50,ask,EarnestEspressos,FlawlessFlatbreads,3931495
2026-07-02T10:03:06.751338,2026-07-02T10:03:06.757653+00:00,116.3,44,bid,CostlyCorianders,EarnestEspressos,3931513
2026-07-02T10:03:08.159630,2026-07-02T10:03:08.171009+00:00,115.8,50,ask,DiligentDonuts,FlawlessFlatbreads,3931535
2026-07-02T10:03:10.266763,2026-07-02T10:03:10.274661+00:00,115.6,6,ask,Kelvin Chan,FlawlessFlatbreads,3931576
2026-07-02T10:03:10.266763,2026-07-02T10:03:10.274661+00:00,115.6,44,ask,DiligentDonuts,FlawlessFlatbreads,3931577
2026-07-02T10:03:12.377832,2026-07-02T10:03:12.386337+00:00,115.3,50,ask,EarnestEspressos,FlawlessFlatbreads,3931616
2026-07-02T10:03:12.925278,2026-07-02T10:03:12.936703+00:00,115.3,48,ask,EarnestEspressos,CostlyCorianders,3931622
2026-07-02T10:03:13.334541,2026-07-02T10:03:13.342125+00:00,115.3,62,bid,Chester Au,EarnestEspressos,3931637
2026-07-02T10:03:13.508487,2026-07-02T10:03:13.514964+00:00,115.3,8,bid,Lachlan Han,EarnestEspressos,3931646
2026-07-02T10:03:13.718893,2026-07-02T10:03:13.730334+00:00,115.3,25,bid,Lachlan Han,EarnestEspressos,3931648
2026-07-02T10:03:13.929817,2026-07-02T10:03:13.940398+00:00,115.3,25,bid,Lachlan Han,EarnestEspressos,3931652
2026-07-02T10:03:14.117053,2026-07-02T10:03:14.128543+00:00,115.2,40,ask,DiligentDonuts,CostlyCorianders,3931654
2026-07-02T10:03:14.140189,2026-07-02T10:03:14.151647+00:00,115.3,25,bid,Lachlan Han,EarnestEspressos,3931656
2026-07-02T10:03:14.353661,2026-07-02T10:03:14.368684+00:00,115.3,5,bid,Lachlan Han,EarnestEspressos,3931662
2026-07-02T10:03:16.171672,2026-07-02T10:03:16.183434+00:00,115.4,41,bid,CostlyCorianders,DiligentDonuts,3931706
2026-07-02T10:03:16.439227,2026-07-02T10:03:16.447347+00:00,115.4,59,bid,EarnestEspressos,DiligentDonuts,3931711
2026-07-02T10:03:16.616613,2026-07-02T10:03:16.628399+00:00,115.4,50,ask,EarnestEspressos,FlawlessFlatbreads,3931712
2026-07-02T10:03:17.284352,2026-07-02T10:03:17.296045+00:00,115.4,41,ask,EarnestEspressos,CostlyCorianders,3931724
2026-07-02T10:03:18.733685,2026-07-02T10:03:18.743897+00:00,115.2,50,ask,DiligentDonuts,FlawlessFlatbreads,3931756
2026-07-02T10:03:19.653544,2026-07-02T10:03:19.664975+00:00,115.2,50,ask,DiligentDonuts,EarnestEspressos,3931778
2026-07-02T10:03:19.959553,2026-07-02T10:03:19.969284+00:00,115.0,14,bid,Xuanyu Liu,EarnestEspressos,3931789
2026-07-02T10:03:20.846998,2026-07-02T10:03:20.855034+00:00,114.5,50,ask,EarnestEspressos,FlawlessFlatbreads,3931805
2026-07-02T10:03:21.059645,2026-07-02T10:03:21.071073+00:00,115.0,1,bid,Kelvin Chan,EarnestEspressos,3931807
2026-07-02T10:03:21.125466,2026-07-02T10:03:21.133672+00:00,115.0,1,bid,Kelvin Chan,EarnestEspressos,3931810
2026-07-02T10:03:21.723752,2026-07-02T10:03:21.732236+00:00,115.0,84,bid,DiligentDonuts,EarnestEspressos,3931826
2026-07-02T10:03:22.957254,2026-07-02T10:03:22.968669+00:00,115.0,16,ask,DiligentDonuts,FlawlessFlatbreads,3931860
2026-07-02T10:03:22.957254,2026-07-02T10:03:22.974189+00:00,114.9,34,ask,EarnestEspressos,FlawlessFlatbreads,3931861
2026-07-02T10:03:23.840367,2026-07-02T10:03:23.851348+00:00,115.4,47,bid,CostlyCorianders,EarnestEspressos,3931877
2026-07-02T10:03:24.939453,2026-07-02T10:03:24.946929+00:00,114.9,100,ask,EarnestEspressos,DiligentDonuts,3931907
2026-07-02T10:03:25.064527,2026-07-02T10:03:25.071890+00:00,114.9,16,ask,EarnestEspressos,FlawlessFlatbreads,3931909
2026-07-02T10:03:25.064527,2026-07-02T10:03:25.077058+00:00,114.4,34,ask,DiligentDonuts,FlawlessFlatbreads,3931910
2026-07-02T10:03:26.505706,2026-07-02T10:03:26.513974+00:00,114.7,12,bid,Xuanyu Liu,EarnestEspressos,3931933
2026-07-02T10:03:27.180941,2026-07-02T10:03:27.194893+00:00,114.4,50,ask,DiligentDonuts,FlawlessFlatbreads,3931941
2026-07-02T10:03:27.387783,2026-07-02T10:03:27.399638+00:00,114.7,47,bid,CostlyCorianders,EarnestEspressos,3931945
2026-07-02T10:03:27.806896,2026-07-02T10:03:27.815153+00:00,114.7,11,bid,Xuanyu Liu,EarnestEspressos,3931952
2026-07-02T10:03:28.001923,2026-07-02T10:03:28.008454+00:00,114.7,48,bid,CostlyCorianders,EarnestEspressos,3931959
2026-07-02T10:03:29.092286,2026-07-02T10:03:29.101246+00:00,115.0,23,ask,EarnestEspressos,Xuanyu Liu,3931968
2026-07-02T10:03:29.301184,2026-07-02T10:03:29.309224+00:00,115.0,50,ask,EarnestEspressos,FlawlessFlatbreads,3931976
2026-07-02T10:03:29.475924,2026-07-02T10:03:29.484634+00:00,115.0,44,ask,EarnestEspressos,CostlyCorianders,3931984
2026-07-02T10:03:30.552310,2026-07-02T10:03:30.563585+00:00,115.1,46,bid,CostlyCorianders,DiligentDonuts,3932005
2026-07-02T10:03:31.419280,2026-07-02T10:03:31.428710+00:00,115.0,33,ask,EarnestEspressos,FlawlessFlatbreads,3932021
2026-07-02T10:03:31.419280,2026-07-02T10:03:31.428710+00:00,114.7,17,ask,DiligentDonuts,FlawlessFlatbreads,3932022
2026-07-02T10:03:32.296507,2026-07-02T10:03:32.308010+00:00,114.7,83,ask,DiligentDonuts,EarnestEspressos,3932036
2026-07-02T10:03:32.743269,2026-07-02T10:03:32.758783+00:00,114.7,1,bid,Xuanyu Liu,EarnestEspressos,3932046
2026-07-02T10:03:32.760063,2026-07-02T10:03:32.765551+00:00,114.7,1,bid,Xuanyu Liu,EarnestEspressos,3932049
2026-07-02T10:03:33.233636,2026-07-02T10:03:33.246150+00:00,114.7,10,bid,Xuanyu Liu,EarnestEspressos,3932055
2026-07-02T10:03:33.528297,2026-07-02T10:03:33.539656+00:00,114.2,50,ask,EarnestEspressos,FlawlessFlatbreads,3932062
2026-07-02T10:03:34.200678,2026-07-02T10:03:34.211911+00:00,114.7,1,bid,Lachlan Han,EarnestEspressos,3932082
2026-07-02T10:03:35.670422,2026-07-02T10:03:35.679388+00:00,114.5,50,ask,EarnestEspressos,FlawlessFlatbreads,3932111
2026-07-02T10:03:37.003676,2026-07-02T10:03:37.013581+00:00,114.8,11,bid,Xuanyu Liu,DiligentDonuts,3932146
2026-07-02T10:03:37.003826,2026-07-02T10:03:37.013581+00:00,114.8,41,bid,CostlyCorianders,DiligentDonuts,3932147
2026-07-02T10:03:37.779038,2026-07-02T10:03:37.788708+00:00,114.7,50,ask,DiligentDonuts,FlawlessFlatbreads,3932161
2026-07-02T10:03:39.082983,2026-07-02T10:03:39.092331+00:00,114.7,45,ask,DiligentDonuts,CostlyCorianders,3932187
2026-07-02T10:03:39.833905,2026-07-02T10:03:39.841465+00:00,115.0,5,bid,FlawlessFlatbreads,Kelvin Chan,3932209
2026-07-02T10:03:39.833905,2026-07-02T10:03:39.846751+00:00,115.0,45,bid,FlawlessFlatbreads,EarnestEspressos,3932210
2026-07-02T10:03:41.116475,2026-07-02T10:03:41.126924+00:00,115.0,42,bid,CostlyCorianders,EarnestEspressos,3932233
2026-07-02T10:03:41.778907,2026-07-02T10:03:41.790269+00:00,115.0,100,bid,EarnestEspressos,DiligentDonuts,3932249
2026-07-02T10:03:41.940875,2026-07-02T10:03:41.948753+00:00,115.6,50,bid,FlawlessFlatbreads,EarnestEspressos,3932250
2026-07-02T10:03:44.046324,2026-07-02T10:03:44.046556+00:00,115.4,50,bid,FlawlessFlatbreads,DiligentDonuts,3932290
2026-07-02T10:03:46.155890,2026-07-02T10:03:46.151729+00:00,115.2,50,bid,FlawlessFlatbreads,EarnestEspressos,3932339
2026-07-02T10:03:48.260948,2026-07-02T10:03:48.268745+00:00,115.4,50,bid,FlawlessFlatbreads,DiligentDonuts,3932382
2026-07-02T10:03:49.026148,2026-07-02T10:03:49.037102+00:00,115.1,47,ask,EarnestEspressos,CostlyCorianders,3932397
2026-07-02T10:03:50.205411,2026-07-02T10:03:50.213998+00:00,115.2,1,ask,DiligentDonuts,Xuanyu Liu,3932417
2026-07-02T10:03:50.420340,2026-07-02T10:03:50.430435+00:00,115.2,50,ask,DiligentDonuts,FlawlessFlatbreads,3932426
2026-07-02T10:03:50.568381,2026-07-02T10:03:50.579491+00:00,115.2,41,ask,DiligentDonuts,CostlyCorianders,3932430
2026-07-02T10:03:52.221639,2026-07-02T10:03:52.232772+00:00,115.2,8,ask,DiligentDonuts,CostlyCorianders,3932461
2026-07-02T10:03:52.221639,2026-07-02T10:03:52.232772+00:00,114.9,3,ask,Kelvin Chan,CostlyCorianders,3932462
2026-07-02T10:03:52.221639,2026-07-02T10:03:52.232772+00:00,114.9,38,ask,EarnestEspressos,CostlyCorianders,3932463
2026-07-02T10:03:54.631038,2026-07-02T10:03:54.640423+00:00,115.0,50,ask,DiligentDonuts,FlawlessFlatbreads,3932512
2026-07-02T10:03:54.772149,2026-07-02T10:03:54.779998+00:00,115.1,47,bid,CostlyCorianders,EarnestEspressos,3932515
2026-07-02T10:03:55.785853,2026-07-02T10:03:55.797670+00:00,115.0,47,ask,DiligentDonuts,CostlyCorianders,3932536
2026-07-02T10:03:56.738041,2026-07-02T10:03:56.758482+00:00,114.9,5,ask,Kelvin Chan,FlawlessFlatbreads,3932560
2026-07-02T10:03:56.738041,2026-07-02T10:03:56.758482+00:00,114.6,45,ask,EarnestEspressos,FlawlessFlatbreads,3932561
2026-07-02T10:03:56.812823,2026-07-02T10:03:56.823134+00:00,115.0,42,bid,CostlyCorianders,DiligentDonuts,3932563
2026-07-02T10:03:57.884660,2026-07-02T10:03:57.891509+00:00,115.0,43,bid,CostlyCorianders,DiligentDonuts,3932592
2026-07-02T10:03:57.973998,2026-07-02T10:03:57.983558+00:00,115.0,1,bid,Xuanyu Liu,DiligentDonuts,3932593
2026-07-02T10:03:58.794544,2026-07-02T10:03:58.806034+00:00,115.0,14,bid,FlawlessFlatbreads,DiligentDonuts,3932602
2026-07-02T10:03:58.794544,2026-07-02T10:03:58.806034+00:00,115.1,36,bid,FlawlessFlatbreads,EarnestEspressos,3932603
2026-07-02T10:03:58.890745,2026-07-02T10:03:58.902239+00:00,114.6,44,ask,EarnestEspressos,CostlyCorianders,3932604
2026-07-02T10:04:00.902589,2026-07-02T10:04:00.914355+00:00,115.0,50,bid,FlawlessFlatbreads,EarnestEspressos,3932638
2026-07-02T10:04:00.937585,2026-07-02T10:04:00.945960+00:00,114.8,45,ask,DiligentDonuts,CostlyCorianders,3932639
2026-07-02T10:04:01.861806,2026-07-02T10:04:01.872475+00:00,115.0,1,bid,Lachlan Han,EarnestEspressos,3932662
2026-07-02T10:04:03.232290,2026-07-02T10:04:03.241034+00:00,115.0,12,bid,Xuanyu Liu,EarnestEspressos,3932684
2026-07-02T10:04:04.546265,2026-07-02T10:04:04.554410+00:00,115.0,12,ask,EarnestEspressos,Xuanyu Liu,3932708
2026-07-02T10:04:05.168457,2026-07-02T10:04:05.180342+00:00,115.0,50,ask,EarnestEspressos,FlawlessFlatbreads,3932719
2026-07-02T10:04:06.883099,2026-07-02T10:04:06.894613+00:00,115.2,43,bid,CostlyCorianders,DiligentDonuts,3932749
2026-07-02T10:04:07.227130,2026-07-02T10:04:07.233733+00:00,115.0,50,bid,FlawlessFlatbreads,EarnestEspressos,3932755
2026-07-02T10:04:09.384091,2026-07-02T10:04:09.395944+00:00,114.8,50,ask,DiligentDonuts,FlawlessFlatbreads,3932808
2026-07-02T10:04:11.078433,2026-07-02T10:04:11.089982+00:00,115.2,43,bid,CostlyCorianders,EarnestEspressos,3932842
2026-07-02T10:04:12.138037,2026-07-02T10:04:12.149447+00:00,114.8,44,ask,DiligentDonuts,CostlyCorianders,3932873
2026-07-02T10:04:12.702930,2026-07-02T10:04:12.714383+00:00,115.1,43,bid,CostlyCorianders,DiligentDonuts,3932881
2026-07-02T10:04:13.544528,2026-07-02T10:04:13.551288+00:00,115.1,50,bid,FlawlessFlatbreads,DiligentDonuts,3932896
2026-07-02T10:04:13.884586,2026-07-02T10:04:13.892594+00:00,115.0,11,ask,EarnestEspressos,Xuanyu Liu,3932900
2026-07-02T10:04:14.248245,2026-07-02T10:04:14.260002+00:00,115.0,48,ask,EarnestEspressos,CostlyCorianders,3932906
2026-07-02T10:04:15.307877,2026-07-02T10:04:15.319403+00:00,115.1,7,bid,CostlyCorianders,DiligentDonuts,3932918
2026-07-02T10:04:15.307877,2026-07-02T10:04:15.319403+00:00,115.5,35,bid,CostlyCorianders,EarnestEspressos,3932919
2026-07-02T10:04:15.652461,2026-07-02T10:04:15.663947+00:00,115.2,50,bid,FlawlessFlatbreads,DiligentDonuts,3932925
2026-07-02T10:04:15.822273,2026-07-02T10:04:15.834107+00:00,115.0,49,ask,EarnestEspressos,CostlyCorianders,3932928
2026-07-02T10:04:17.759813,2026-07-02T10:04:17.768720+00:00,115.1,50,bid,FlawlessFlatbreads,EarnestEspressos,3932945
2026-07-02T10:04:19.082360,2026-07-02T10:04:19.091110+00:00,115.1,46,bid,CostlyCorianders,EarnestEspressos,3932968
2026-07-02T10:04:19.136520,2026-07-02T10:04:19.143397+00:00,114.9,48,ask,DiligentDonuts,CostlyCorianders,3932969
2026-07-02T10:04:20.733957,2026-07-02T10:04:20.745353+00:00,115.4,40,bid,CostlyCorianders,DiligentDonuts,3932991
2026-07-02T10:04:21.886489,2026-07-02T10:04:21.896306+00:00,114.9,43,ask,EarnestEspressos,CostlyCorianders,3933004
2026-07-02T10:04:21.975701,2026-07-02T10:04:21.987545+00:00,115.4,50,bid,FlawlessFlatbreads,EarnestEspressos,3933006
2026-07-02T10:04:22.448086,2026-07-02T10:04:22.456168+00:00,114.9,40,ask,EarnestEspressos,CostlyCorianders,3933013
2026-07-02T10:04:22.936929,2026-07-02T10:04:22.948149+00:00,115.1,5,bid,CostlyCorianders,Kelvin Chan,3933025
2026-07-02T10:04:22.936929,2026-07-02T10:04:22.948149+00:00,115.4,40,bid,CostlyCorianders,DiligentDonuts,3933026
2026-07-02T10:04:24.085388,2026-07-02T10:04:24.097688+00:00,115.1,4,bid,FlawlessFlatbreads,Kelvin Chan,3933038
2026-07-02T10:04:24.085388,2026-07-02T10:04:24.097688+00:00,115.3,46,bid,FlawlessFlatbreads,EarnestEspressos,3933039
2026-07-02T10:04:25.332762,2026-07-02T10:04:25.343588+00:00,115.3,42,bid,CostlyCorianders,EarnestEspressos,3933062
2026-07-02T10:04:25.527807,2026-07-02T10:04:25.535471+00:00,114.9,12,ask,DiligentDonuts,Xuanyu Liu,3933069
2026-07-02T10:04:26.196293,2026-07-02T10:04:26.207998+00:00,115.2,5,bid,FlawlessFlatbreads,Kelvin Chan,3933082
2026-07-02T10:04:26.196293,2026-07-02T10:04:26.207998+00:00,115.4,45,bid,FlawlessFlatbreads,DiligentDonuts,3933083
2026-07-02T10:04:28.146331,2026-07-02T10:04:28.156390+00:00,114.9,11,ask,EarnestEspressos,Xuanyu Liu,3933117
2026-07-02T10:04:29.851225,2026-07-02T10:04:29.858563+00:00,114.8,49,ask,DiligentDonuts,CostlyCorianders,3933155
2026-07-02T10:04:30.438529,2026-07-02T10:04:30.450188+00:00,115.2,5,bid,FlawlessFlatbreads,Kelvin Chan,3933161
2026-07-02T10:04:30.438529,2026-07-02T10:04:30.450188+00:00,115.3,45,bid,FlawlessFlatbreads,DiligentDonuts,3933162
2026-07-02T10:04:34.685241,2026-07-02T10:04:34.697309+00:00,115.2,5,bid,FlawlessFlatbreads,Kelvin Chan,3933236
2026-07-02T10:04:34.685241,2026-07-02T10:04:34.697309+00:00,115.4,45,bid,FlawlessFlatbreads,DiligentDonuts,3933237
2026-07-02T10:04:35.525479,2026-07-02T10:04:35.533474+00:00,115.4,45,bid,CostlyCorianders,DiligentDonuts,3933259
2026-07-02T10:04:36.617008,2026-07-02T10:04:36.628945+00:00,115.0,3,ask,Kelvin Chan,CostlyCorianders,3933274
2026-07-02T10:04:36.617008,2026-07-02T10:04:36.628945+00:00,114.9,38,ask,DiligentDonuts,CostlyCorianders,3933275
2026-07-02T10:04:36.825352,2026-07-02T10:04:36.834417+00:00,115.3,50,bid,FlawlessFlatbreads,EarnestEspressos,3933277
2026-07-02T10:04:38.037205,2026-07-02T10:04:38.045279+00:00,115.1,3,ask,DiligentDonuts,Xuanyu Liu,3933296
2026-07-02T10:04:38.932329,2026-07-02T10:04:38.943949+00:00,115.3,50,bid,FlawlessFlatbreads,EarnestEspressos,3933311
2026-07-02T10:04:40.490560,2026-07-02T10:04:40.497127+00:00,115.1,46,ask,DiligentDonuts,CostlyCorianders,3933335
2026-07-02T10:04:43.194691,2026-07-02T10:04:43.206252+00:00,115.1,50,ask,EarnestEspressos,FlawlessFlatbreads,3933396
2026-07-02T10:04:43.633769,2026-07-02T10:04:43.645446+00:00,115.1,45,ask,EarnestEspressos,CostlyCorianders,3933407
2026-07-02T10:04:43.896102,2026-07-02T10:04:43.905117+00:00,115.1,3,ask,EarnestEspressos,Xuanyu Liu,3933420
2026-07-02T10:04:43.941668,2026-07-02T10:04:43.953424+00:00,115.1,25,ask,EarnestEspressos,Lachlan Han,3933422
2026-07-02T10:04:44.035567,2026-07-02T10:04:44.047359+00:00,115.1,27,ask,EarnestEspressos,DiligentDonuts,3933424
2026-07-02T10:04:44.035567,2026-07-02T10:04:44.047359+00:00,115.0,2,ask,Kelvin Chan,DiligentDonuts,3933425
2026-07-02T10:04:44.600566,2026-07-02T10:04:44.614276+00:00,115.0,4,bid,Kelvin Chan,DiligentDonuts,3933434
2026-07-02T10:04:45.155507,2026-07-02T10:04:45.167094+00:00,114.9,4,ask,Kelvin Chan,EarnestEspressos,3933441
2026-07-02T10:04:45.168847,2026-07-02T10:04:45.177295+00:00,114.9,3,bid,Kelvin Chan,EarnestEspressos,3933442
2026-07-02T10:04:45.302365,2026-07-02T10:04:45.310878+00:00,114.6,50,ask,DiligentDonuts,FlawlessFlatbreads,3933446
2026-07-02T10:04:45.361343,2026-07-02T10:04:45.371092+00:00,114.9,25,bid,Lachlan Han,EarnestEspressos,3933448
2026-07-02T10:04:45.711609,2026-07-02T10:04:45.720612+00:00,114.9,3,bid,Kelvin Chan,EarnestEspressos,3933455
2026-07-02T10:04:45.927205,2026-07-02T10:04:45.935813+00:00,114.9,3,bid,Xuanyu Liu,EarnestEspressos,3933459
2026-07-02T10:04:46.655930,2026-07-02T10:04:46.657370+00:00,114.9,40,bid,CostlyCorianders,EarnestEspressos,3933477
2026-07-02T10:04:47.197141,2026-07-02T10:04:47.209087+00:00,114.9,47,bid,CostlyCorianders,EarnestEspressos,3933483
2026-07-02T10:04:48.267263,2026-07-02T10:04:48.278733+00:00,115.0,100,bid,EarnestEspressos,DiligentDonuts,3933504
2026-07-02T10:04:50.160887,2026-07-02T10:04:50.169237+00:00,115.0,40,ask,EarnestEspressos,CostlyCorianders,3933535
2026-07-02T10:04:51.635884,2026-07-02T10:04:51.647436+00:00,114.8,50,ask,DiligentDonuts,FlawlessFlatbreads,3933561
2026-07-02T10:04:51.808070,2026-07-02T10:04:51.814757+00:00,114.9,1,bid,Kelvin Chan,EarnestEspressos,3933563
2026-07-02T10:04:53.743094,2026-07-02T10:04:53.753166+00:00,114.8,1,ask,Kelvin Chan,FlawlessFlatbreads,3933593
2026-07-02T10:04:53.743094,2026-07-02T10:04:53.753166+00:00,114.8,49,ask,DiligentDonuts,FlawlessFlatbreads,3933594
2026-07-02T10:04:54.870029,2026-07-02T10:04:54.881481+00:00,115.0,40,bid,CostlyCorianders,EarnestEspressos,3933612
2026-07-02T10:04:55.800730,2026-07-02T10:04:55.812198+00:00,115.0,50,bid,FlawlessFlatbreads,EarnestEspressos,3933629
2026-07-02T10:04:55.865065,2026-07-02T10:04:55.876528+00:00,114.8,44,ask,DiligentDonuts,CostlyCorianders,3933630
2026-07-02T10:04:57.907524,2026-07-02T10:04:57.918737+00:00,115.2,2,bid,FlawlessFlatbreads,Kelvin Chan,3933666
2026-07-02T10:04:57.907524,2026-07-02T10:04:57.918737+00:00,115.2,48,bid,FlawlessFlatbreads,DiligentDonuts,3933667
2026-07-02T10:04:58.479778,2026-07-02T10:04:58.486978+00:00,115.2,45,bid,CostlyCorianders,DiligentDonuts,3933682
2026-07-02T10:04:59.593109,2026-07-02T10:04:59.603694+00:00,115.2,7,bid,CostlyCorianders,DiligentDonuts,3933701
2026-07-02T10:05:00.017183,2026-07-02T10:05:00.029384+00:00,115.4,50,bid,FlawlessFlatbreads,EarnestEspressos,3933714
2026-07-02T10:05:00.180911,2026-07-02T10:05:00.191949+00:00,114.9,49,ask,EarnestEspressos,CostlyCorianders,3933716
2026-07-02T10:05:00.784587,2026-07-02T10:05:00.791610+00:00,115.4,41,bid,CostlyCorianders,EarnestEspressos,3933733
2026-07-02T10:05:02.123340,2026-07-02T10:05:02.135160+00:00,115.1,1,bid,FlawlessFlatbreads,Kelvin Chan,3933749
2026-07-02T10:05:03.591264,2026-07-02T10:05:03.600306+00:00,115.0,3,ask,EarnestEspressos,Xuanyu Liu,3933786
2026-07-02T10:05:03.599648,2026-07-02T10:05:03.615883+00:00,115.0,25,ask,EarnestEspressos,Lachlan Han,3933788
2026-07-02T10:05:03.808490,2026-07-02T10:05:03.820492+00:00,115.0,25,ask,EarnestEspressos,Lachlan Han,3933798
2026-07-02T10:05:04.020081,2026-07-02T10:05:04.031838+00:00,115.0,25,ask,EarnestEspressos,Lachlan Han,3933802
2026-07-02T10:05:04.899487,2026-07-02T10:05:04.908342+00:00,114.9,3,bid,Xuanyu Liu,EarnestEspressos,3933820
2026-07-02T10:05:05.004656,2026-07-02T10:05:05.016802+00:00,114.9,48,bid,CostlyCorianders,EarnestEspressos,3933822
2026-07-02T10:05:05.038905,2026-07-02T10:05:05.058802+00:00,114.9,25,bid,Lachlan Han,EarnestEspressos,3933824
2026-07-02T10:05:06.389558,2026-07-02T10:05:06.401303+00:00,114.8,1,ask,Kelvin Chan,FlawlessFlatbreads,3933843
2026-07-02T10:05:06.389558,2026-07-02T10:05:06.401303+00:00,114.7,49,ask,DiligentDonuts,FlawlessFlatbreads,3933844
2026-07-02T10:05:12.704689,2026-07-02T10:05:12.716317+00:00,114.8,50,ask,EarnestEspressos,FlawlessFlatbreads,3933966
2026-07-02T10:05:16.917143,2026-07-02T10:05:16.928819+00:00,114.4,50,ask,DiligentDonuts,FlawlessFlatbreads,3934021
2026-07-02T10:05:17.481981,2026-07-02T10:05:17.493760+00:00,114.4,41,ask,DiligentDonuts,CostlyCorianders,3934030
2026-07-02T10:05:18.012897,2026-07-02T10:05:18.024421+00:00,114.4,9,ask,DiligentDonuts,CostlyCorianders,3934043
2026-07-02T10:05:18.012897,2026-07-02T10:05:18.029630+00:00,114.3,33,ask,EarnestEspressos,CostlyCorianders,3934044
2026-07-02T10:05:18.835122,2026-07-02T10:05:18.845233+00:00,114.3,100,ask,EarnestEspressos,DiligentDonuts,3934054
2026-07-02T10:05:19.024307,2026-07-02T10:05:19.036062+00:00,114.3,17,ask,EarnestEspressos,FlawlessFlatbreads,3934057
2026-07-02T10:05:19.024307,2026-07-02T10:05:19.036062+00:00,113.8,33,ask,DiligentDonuts,FlawlessFlatbreads,3934058
2026-07-02T10:05:19.585781,2026-07-02T10:05:19.593402+00:00,114.7,6,bid,CostlyCorianders,Kelvin Chan,3934075
2026-07-02T10:05:19.585781,2026-07-02T10:05:19.598640+00:00,114.8,39,bid,CostlyCorianders,EarnestEspressos,3934076
2026-07-02T10:05:20.096182,2026-07-02T10:05:20.104096+00:00,114.2,25,bid,Lachlan Han,EarnestEspressos,3934082
2026-07-02T10:05:20.307051,2026-07-02T10:05:20.317964+00:00,114.2,25,bid,Lachlan Han,EarnestEspressos,3934086
2026-07-02T10:05:20.678761,2026-07-02T10:05:20.687276+00:00,114.2,3,bid,Xuanyu Liu,EarnestEspressos,3934093
2026-07-02T10:05:21.131739,2026-07-02T10:05:21.142044+00:00,113.8,50,ask,DiligentDonuts,FlawlessFlatbreads,3934106
2026-07-02T10:05:22.545619,2026-07-02T10:05:22.552954+00:00,114.2,41,bid,CostlyCorianders,EarnestEspressos,3934133
2026-07-02T10:05:23.239941,2026-07-02T10:05:23.251823+00:00,114.1,50,ask,EarnestEspressos,FlawlessFlatbreads,3934150
2026-07-02T10:05:27.399231,2026-07-02T10:05:27.410813+00:00,114.3,50,bid,FlawlessFlatbreads,DiligentDonuts,3934212
2026-07-02T10:05:28.157798,2026-07-02T10:05:28.169419+00:00,114.2,6,ask,Kelvin Chan,CostlyCorianders,3934237
2026-07-02T10:05:28.157798,2026-07-02T10:05:28.169419+00:00,113.9,43,ask,EarnestEspressos,CostlyCorianders,3934238
2026-07-02T10:05:29.508315,2026-07-02T10:05:29.518130+00:00,114.3,50,bid,FlawlessFlatbreads,EarnestEspressos,3934259
2026-07-02T10:05:31.615081,2026-07-02T10:05:31.626853+00:00,114.3,50,bid,FlawlessFlatbreads,EarnestEspressos,3934306
2026-07-02T10:05:31.789543,2026-07-02T10:05:31.796508+00:00,114.3,41,bid,CostlyCorianders,EarnestEspressos,3934311
2026-07-02T10:05:33.721842,2026-07-02T10:05:33.733434+00:00,114.5,50,bid,FlawlessFlatbreads,DiligentDonuts,3934345
2026-07-02T10:05:33.991549,2026-07-02T10:05:34.003915+00:00,114.3,47,ask,EarnestEspressos,CostlyCorianders,3934348
2026-07-02T10:05:35.025068,2026-07-02T10:05:35.038986+00:00,114.3,3,ask,EarnestEspressos,Xuanyu Liu,3934375
2026-07-02T10:05:38.009602,2026-07-02T10:05:38.021089+00:00,114.1,5,ask,Kelvin Chan,FlawlessFlatbreads,3934434
2026-07-02T10:05:38.009602,2026-07-02T10:05:38.021089+00:00,114.1,45,ask,EarnestEspressos,FlawlessFlatbreads,3934435
2026-07-02T10:05:40.117990,2026-07-02T10:05:40.129547+00:00,114.2,5,ask,Kelvin Chan,FlawlessFlatbreads,3934463
2026-07-02T10:05:40.117990,2026-07-02T10:05:40.129547+00:00,114.1,45,ask,DiligentDonuts,FlawlessFlatbreads,3934464
2026-07-02T10:05:40.177942,2026-07-02T10:05:40.189596+00:00,114.4,41,bid,CostlyCorianders,EarnestEspressos,3934466
2026-07-02T10:05:44.332744,2026-07-02T10:05:44.342981+00:00,114.1,50,ask,EarnestEspressos,FlawlessFlatbreads,3934545
2026-07-02T10:05:45.499219,2026-07-02T10:05:45.507143+00:00,114.1,6,bid,Kelvin Chan,EarnestEspressos,3934560
2026-07-02T10:05:45.652534,2026-07-02T10:05:45.663731+00:00,114.1,5,bid,Kelvin Chan,EarnestEspressos,3934561
2026-07-02T10:05:46.390129,2026-07-02T10:05:46.401559+00:00,114.1,50,bid,FlawlessFlatbreads,EarnestEspressos,3934584
2026-07-02T10:05:46.484321,2026-07-02T10:05:46.494116+00:00,113.8,47,ask,DiligentDonuts,CostlyCorianders,3934588
2026-07-02T10:05:48.498977,2026-07-02T10:05:48.509517+00:00,114.2,50,bid,FlawlessFlatbreads,DiligentDonuts,3934627
2026-07-02T10:05:48.961276,2026-07-02T10:05:48.968825+00:00,114.2,44,bid,CostlyCorianders,DiligentDonuts,3934639
2026-07-02T10:05:50.604122,2026-07-02T10:05:50.611458+00:00,114.3,50,bid,FlawlessFlatbreads,EarnestEspressos,3934667
2026-07-02T10:05:52.732596,2026-07-02T10:05:52.744252+00:00,114.4,50,bid,FlawlessFlatbreads,DiligentDonuts,3934718
2026-07-02T10:05:52.998457,2026-07-02T10:05:53.007211+00:00,114.4,49,bid,CostlyCorianders,DiligentDonuts,3934725
2026-07-02T10:05:55.580091,2026-07-02T10:05:55.591772+00:00,114.2,43,ask,DiligentDonuts,CostlyCorianders,3934755
2026-07-02T10:05:56.942155,2026-07-02T10:05:56.954338+00:00,114.6,50,bid,FlawlessFlatbreads,EarnestEspressos,3934789
2026-07-02T10:05:59.056783,2026-07-02T10:05:59.068656+00:00,114.6,50,bid,FlawlessFlatbreads,DiligentDonuts,3934829
2026-07-02T10:06:00.013243,2026-07-02T10:06:00.022523+00:00,114.3,3,ask,EarnestEspressos,Xuanyu Liu,3934855
2026-07-02T10:06:00.028517,2026-07-02T10:06:00.037805+00:00,114.3,48,ask,EarnestEspressos,CostlyCorianders,3934857
2026-07-02T10:06:00.184021,2026-07-02T10:06:00.196113+00:00,114.3,25,ask,EarnestEspressos,Lachlan Han,3934858
2026-07-02T10:06:00.393856,2026-07-02T10:06:00.400697+00:00,114.3,25,ask,EarnestEspressos,Lachlan Han,3934865
2026-07-02T10:06:00.602765,2026-07-02T10:06:00.612788+00:00,114.3,25,ask,EarnestEspressos,Lachlan Han,3934869
2026-07-02T10:06:00.813563,2026-07-02T10:06:00.825483+00:00,114.3,24,ask,EarnestEspressos,Lachlan Han,3934876
2026-07-02T10:06:01.147149,2026-07-02T10:06:01.158857+00:00,114.2,100,ask,DiligentDonuts,EarnestEspressos,3934885
2026-07-02T10:06:01.147149,2026-07-02T10:06:01.158857+00:00,114.0,2,ask,Kelvin Chan,EarnestEspressos,3934886
2026-07-02T10:06:01.160042,2026-07-02T10:06:01.169232+00:00,114.0,3,bid,Xuanyu Liu,EarnestEspressos,3934887
2026-07-02T10:06:01.195066,2026-07-02T10:06:01.206751+00:00,114.0,45,bid,FlawlessFlatbreads,EarnestEspressos,3934889
2026-07-02T10:06:03.303363,2026-07-02T10:06:03.315117+00:00,114.4,4,bid,FlawlessFlatbreads,Kelvin Chan,3934918
2026-07-02T10:06:03.303363,2026-07-02T10:06:03.315117+00:00,114.4,46,bid,FlawlessFlatbreads,DiligentDonuts,3934919
2026-07-02T10:06:04.755152,2026-07-02T10:06:04.767093+00:00,114.4,48,bid,CostlyCorianders,DiligentDonuts,3934950
2026-07-02T10:06:05.410944,2026-07-02T10:06:05.422797+00:00,114.4,6,bid,FlawlessFlatbreads,DiligentDonuts,3934967
2026-07-02T10:06:05.410944,2026-07-02T10:06:05.422797+00:00,114.7,44,bid,FlawlessFlatbreads,EarnestEspressos,3934968
2026-07-02T10:06:07.571233,2026-07-02T10:06:07.579121+00:00,114.4,50,ask,EarnestEspressos,FlawlessFlatbreads,3935022
2026-07-02T10:06:09.627232,2026-07-02T10:06:09.638996+00:00,114.9,50,bid,FlawlessFlatbreads,EarnestEspressos,3935054
2026-07-02T10:06:11.784414,2026-07-02T10:06:11.792911+00:00,114.5,50,ask,DiligentDonuts,FlawlessFlatbreads,3935107
2026-07-02T10:06:13.894544,2026-07-02T10:06:13.901378+00:00,114.7,50,ask,EarnestEspressos,FlawlessFlatbreads,3935139
2026-07-02T10:06:14.377053,2026-07-02T10:06:14.388859+00:00,114.8,46,bid,CostlyCorianders,DiligentDonuts,3935147
2026-07-02T10:06:14.945352,2026-07-02T10:06:14.952100+00:00,114.7,3,ask,EarnestEspressos,Kelvin Chan,3935154
2026-07-02T10:06:15.359591,2026-07-02T10:06:15.371425+00:00,114.7,47,ask,EarnestEspressos,CostlyCorianders,3935164
2026-07-02T10:06:15.668100,2026-07-02T10:06:15.676878+00:00,114.7,3,ask,EarnestEspressos,Kelvin Chan,3935166
2026-07-02T10:06:15.704589,2026-07-02T10:06:15.716189+00:00,114.7,2,ask,EarnestEspressos,Kelvin Chan,3935167
2026-07-02T10:06:15.824104,2026-07-02T10:06:15.835747+00:00,114.7,3,ask,EarnestEspressos,Kelvin Chan,3935168
2026-07-02T10:06:15.862247,2026-07-02T10:06:15.874168+00:00,114.7,2,ask,EarnestEspressos,Kelvin Chan,3935169
2026-07-02T10:06:15.900658,2026-07-02T10:06:15.912420+00:00,114.7,2,ask,EarnestEspressos,Kelvin Chan,3935170
2026-07-02T10:06:15.938169,2026-07-02T10:06:15.949729+00:00,114.7,2,ask,EarnestEspressos,Kelvin Chan,3935171
2026-07-02T10:06:15.971388,2026-07-02T10:06:15.979163+00:00,114.7,2,ask,EarnestEspressos,Kelvin Chan,3935172
2026-07-02T10:06:16.001132,2026-07-02T10:06:16.011338+00:00,114.7,34,ask,EarnestEspressos,FlawlessFlatbreads,3935173
2026-07-02T10:06:16.001132,2026-07-02T10:06:16.011338+00:00,114.6,16,ask,DiligentDonuts,FlawlessFlatbreads,3935174
2026-07-02T10:06:16.983052,2026-07-02T10:06:16.993967+00:00,114.6,84,ask,DiligentDonuts,EarnestEspressos,3935212
2026-07-02T10:06:20.164027,2026-07-02T10:06:20.175610+00:00,114.6,50,bid,FlawlessFlatbreads,DiligentDonuts,3935261
2026-07-02T10:06:21.939849,2026-07-02T10:06:21.958549+00:00,114.4,49,ask,EarnestEspressos,CostlyCorianders,3935298
2026-07-02T10:06:22.327353,2026-07-02T10:06:22.338949+00:00,114.4,50,ask,EarnestEspressos,FlawlessFlatbreads,3935304
2026-07-02T10:06:23.466480,2026-07-02T10:06:23.474048+00:00,114.6,25,bid,Lachlan Han,EarnestEspressos,3935325
2026-07-02T10:06:24.437914,2026-07-02T10:06:24.448457+00:00,114.3,1,ask,Kelvin Chan,FlawlessFlatbreads,3935349
2026-07-02T10:06:24.437914,2026-07-02T10:06:24.448457+00:00,114.3,49,ask,DiligentDonuts,FlawlessFlatbreads,3935350
2026-07-02T10:06:25.736795,2026-07-02T10:06:25.748205+00:00,114.6,43,bid,CostlyCorianders,EarnestEspressos,3935370
2026-07-02T10:06:26.494101,2026-07-02T10:06:26.505985+00:00,114.5,50,bid,FlawlessFlatbreads,EarnestEspressos,3935394
2026-07-02T10:06:27.859454,2026-07-02T10:06:27.871236+00:00,114.5,45,bid,CostlyCorianders,EarnestEspressos,3935412
2026-07-02T10:06:28.600284,2026-07-02T10:06:28.611911+00:00,114.5,50,bid,FlawlessFlatbreads,EarnestEspressos,3935420
2026-07-02T10:06:29.577751,2026-07-02T10:06:29.589516+00:00,114.5,100,bid,EarnestEspressos,DiligentDonuts,3935435
2026-07-02T10:06:29.577751,2026-07-02T10:06:29.589516+00:00,114.7,2,bid,EarnestEspressos,Kelvin Chan,3935436
2026-07-02T10:06:29.630897,2026-07-02T10:06:29.638674+00:00,114.7,3,ask,EarnestEspressos,Kelvin Chan,3935437
2026-07-02T10:06:29.635101,2026-07-02T10:06:29.643869+00:00,114.7,45,ask,EarnestEspressos,Chester Au,3935438
2026-07-02T10:06:30.033081,2026-07-02T10:06:30.043492+00:00,114.4,2,ask,Kelvin Chan,CostlyCorianders,3935443
2026-07-02T10:06:30.033081,2026-07-02T10:06:30.043492+00:00,114.0,46,ask,DiligentDonuts,CostlyCorianders,3935444
2026-07-02T10:06:30.583744,2026-07-02T10:06:30.590414+00:00,114.3,3,ask,Kelvin Chan,CostlyCorianders,3935452
2026-07-02T10:06:32.863685,2026-07-02T10:06:32.874817+00:00,114.4,50,ask,DiligentDonuts,FlawlessFlatbreads,3935478
2026-07-02T10:06:34.546879,2026-07-02T10:06:34.558611+00:00,114.4,48,ask,DiligentDonuts,CostlyCorianders,3935503
2026-07-02T10:06:35.588314,2026-07-02T10:06:35.599779+00:00,114.4,48,bid,CostlyCorianders,DiligentDonuts,3935529
2026-07-02T10:06:37.065244,2026-07-02T10:06:37.077162+00:00,114.3,3,ask,Kelvin Chan,CostlyCorianders,3935556
2026-07-02T10:06:37.065244,2026-07-02T10:06:37.077162+00:00,113.9,45,ask,DiligentDonuts,CostlyCorianders,3935557
2026-07-02T10:06:37.073635,2026-07-02T10:06:37.082193+00:00,113.9,50,ask,DiligentDonuts,FlawlessFlatbreads,3935558
2026-07-02T10:06:38.101686,2026-07-02T10:06:38.112871+00:00,114.2,25,bid,Lachlan Han,DiligentDonuts,3935584
2026-07-02T10:06:38.311303,2026-07-02T10:06:38.321530+00:00,114.2,25,bid,Lachlan Han,DiligentDonuts,3935587
2026-07-02T10:06:39.179395,2026-07-02T10:06:39.191072+00:00,114.0,50,ask,EarnestEspressos,FlawlessFlatbreads,3935603
2026-07-02T10:06:41.285525,2026-07-02T10:06:41.296918+00:00,114.0,50,ask,EarnestEspressos,FlawlessFlatbreads,3935644
2026-07-02T10:06:42.288296,2026-07-02T10:06:42.300127+00:00,114.1,45,bid,Chester Au,EarnestEspressos,3935670
2026-07-02T10:06:42.886181,2026-07-02T10:06:42.897577+00:00,114.1,45,bid,CostlyCorianders,EarnestEspressos,3935684
2026-07-02T10:06:43.417145,2026-07-02T10:06:43.428696+00:00,113.8,50,ask,DiligentDonuts,FlawlessFlatbreads,3935695
2026-07-02T10:06:43.854709,2026-07-02T10:06:43.855961+00:00,114.1,5,bid,Kelvin Chan,EarnestEspressos,3935700
2026-07-02T10:06:45.337825,2026-07-02T10:06:45.346150+00:00,114.2,2,bid,Lachlan Han,DiligentDonuts,3935741
2026-07-02T10:06:45.524403,2026-07-02T10:06:45.536282+00:00,113.9,50,ask,EarnestEspressos,FlawlessFlatbreads,3935744
2026-07-02T10:06:45.542780,2026-07-02T10:06:45.554305+00:00,114.2,1,bid,Lachlan Han,DiligentDonuts,3935745
2026-07-02T10:06:45.623774,2026-07-02T10:06:45.635607+00:00,113.9,42,ask,EarnestEspressos,CostlyCorianders,3935749
2026-07-02T10:06:46.140347,2026-07-02T10:06:46.158763+00:00,114.2,40,bid,CostlyCorianders,DiligentDonuts,3935764
2026-07-02T10:06:47.182843,2026-07-02T10:06:47.189994+00:00,114.2,48,bid,CostlyCorianders,DiligentDonuts,3935779
2026-07-02T10:06:47.634835,2026-07-02T10:06:47.641942+00:00,113.9,50,ask,EarnestEspressos,FlawlessFlatbreads,3935784
2026-07-02T10:06:48.602093,2026-07-02T10:06:48.629350+00:00,113.8,100,ask,DiligentDonuts,EarnestEspressos,3935804
2026-07-02T10:06:48.614797,2026-07-02T10:06:48.629350+00:00,113.8,3,bid,Xuanyu Liu,EarnestEspressos,3935805
2026-07-02T10:06:48.865187,2026-07-02T10:06:48.883083+00:00,113.8,11,bid,Xuanyu Liu,EarnestEspressos,3935814
2026-07-02T10:06:49.115453,2026-07-02T10:06:49.124669+00:00,113.8,1,bid,Kelvin Chan,EarnestEspressos,3935825
2026-07-02T10:06:49.961188,2026-07-02T10:06:49.962794+00:00,113.8,2,bid,Lachlan Han,EarnestEspressos,3935843
2026-07-02T10:06:50.170081,2026-07-02T10:06:50.177295+00:00,113.8,2,bid,Lachlan Han,EarnestEspressos,3935852
2026-07-02T10:06:50.380307,2026-07-02T10:06:50.391488+00:00,113.8,1,bid,Lachlan Han,EarnestEspressos,3935858
2026-07-02T10:06:51.844597,2026-07-02T10:06:51.855499+00:00,113.5,50,ask,EarnestEspressos,FlawlessFlatbreads,3935887
2026-07-02T10:06:52.901645,2026-07-02T10:06:52.909119+00:00,113.5,41,ask,EarnestEspressos,CostlyCorianders,3935904
2026-07-02T10:06:53.899113,2026-07-02T10:06:53.910757+00:00,113.8,50,bid,FlawlessFlatbreads,DiligentDonuts,3935927
2026-07-02T10:06:55.315032,2026-07-02T10:06:55.324413+00:00,113.6,42,bid,CostlyCorianders,EarnestEspressos,3935956
2026-07-02T10:06:56.005773,2026-07-02T10:06:56.017209+00:00,113.6,50,bid,FlawlessFlatbreads,EarnestEspressos,3935964
2026-07-02T10:06:56.477285,2026-07-02T10:06:56.485978+00:00,113.6,49,bid,CostlyCorianders,EarnestEspressos,3935974
2026-07-02T10:06:56.601785,2026-07-02T10:06:56.609061+00:00,113.6,9,bid,Lachlan Han,EarnestEspressos,3935978
2026-07-02T10:06:57.142021,2026-07-02T10:06:57.153668+00:00,113.3,48,ask,DiligentDonuts,CostlyCorianders,3935987
2026-07-02T10:06:58.041208,2026-07-02T10:06:58.049356+00:00,113.6,2,ask,Kelvin Chan,Xuanyu Liu,3935999
2026-07-02T10:06:58.050418,2026-07-02T10:06:58.058543+00:00,113.5,9,ask,EarnestEspressos,Xuanyu Liu,3936001
2026-07-02T10:06:58.138163,2026-07-02T10:06:58.146723+00:00,113.8,50,bid,FlawlessFlatbreads,DiligentDonuts,3936007
2026-07-02T10:06:59.096910,2026-07-02T10:06:59.105316+00:00,113.5,48,ask,EarnestEspressos,CostlyCorianders,3936039
2026-07-02T10:07:00.753665,2026-07-02T10:07:00.758596+00:00,113.9,4,bid,CostlyCorianders,Kelvin Chan,3936070
2026-07-02T10:07:00.753665,2026-07-02T10:07:00.758596+00:00,113.9,38,bid,CostlyCorianders,DiligentDonuts,3936071
2026-07-02T10:07:02.403633,2026-07-02T10:07:02.411100+00:00,113.4,50,ask,DiligentDonuts,FlawlessFlatbreads,3936104
2026-07-02T10:07:04.510148,2026-07-02T10:07:04.521613+00:00,113.5,50,ask,EarnestEspressos,FlawlessFlatbreads,3936137
2026-07-02T10:07:05.151334,2026-07-02T10:07:05.158680+00:00,113.9,5,bid,CostlyCorianders,Kelvin Chan,3936152
2026-07-02T10:07:05.151334,2026-07-02T10:07:05.158680+00:00,113.9,41,bid,CostlyCorianders,DiligentDonuts,3936153
2026-07-02T10:07:05.226496,2026-07-02T10:07:05.233195+00:00,113.8,5,bid,Lachlan Han,Kelvin Chan,3936156
2026-07-02T10:07:06.616701,2026-07-02T10:07:06.628489+00:00,113.5,50,ask,EarnestEspressos,FlawlessFlatbreads,3936184
2026-07-02T10:07:07.047861,2026-07-02T10:07:07.064144+00:00,113.5,43,ask,EarnestEspressos,CostlyCorianders,3936189
2026-07-02T10:07:07.590535,2026-07-02T10:07:07.618959+00:00,113.5,100,ask,DiligentDonuts,EarnestEspressos,3936198
2026-07-02T10:07:07.603044,2026-07-02T10:07:07.618959+00:00,113.3,23,bid,Xuanyu Liu,EarnestEspressos,3936199
2026-07-02T10:07:09.485729,2026-07-02T10:07:09.493969+00:00,113.3,11,bid,Xuanyu Liu,EarnestEspressos,3936235
2026-07-02T10:07:09.727173,2026-07-02T10:07:09.738835+00:00,113.2,41,ask,DiligentDonuts,CostlyCorianders,3936237
2026-07-02T10:07:10.716341,2026-07-02T10:07:10.725148+00:00,113.5,11,ask,EarnestEspressos,Xuanyu Liu,3936265
2026-07-02T10:07:11.694787,2026-07-02T10:07:11.706199+00:00,113.7,44,bid,CostlyCorianders,DiligentDonuts,3936278
2026-07-02T10:07:12.880230,2026-07-02T10:07:12.892080+00:00,113.7,50,bid,FlawlessFlatbreads,DiligentDonuts,3936294
2026-07-02T10:07:13.934465,2026-07-02T10:07:13.946182+00:00,113.7,44,bid,CostlyCorianders,DiligentDonuts,3936322
2026-07-02T10:07:14.987861,2026-07-02T10:07:14.999798+00:00,113.7,6,bid,FlawlessFlatbreads,DiligentDonuts,3936356
2026-07-02T10:07:14.987861,2026-07-02T10:07:14.999798+00:00,113.8,5,bid,FlawlessFlatbreads,Kelvin Chan,3936357
2026-07-02T10:07:14.987861,2026-07-02T10:07:14.999798+00:00,114.0,39,bid,FlawlessFlatbreads,EarnestEspressos,3936358
2026-07-02T10:07:17.098197,2026-07-02T10:07:17.105363+00:00,114.1,50,bid,FlawlessFlatbreads,DiligentDonuts,3936404
2026-07-02T10:07:17.264599,2026-07-02T10:07:17.275148+00:00,113.6,45,ask,DiligentDonuts,CostlyCorianders,3936412
2026-07-02T10:07:18.501419,2026-07-02T10:07:18.512840+00:00,114.1,45,bid,CostlyCorianders,DiligentDonuts,3936444
2026-07-02T10:07:19.020296,2026-07-02T10:07:19.026150+00:00,113.9,12,ask,DiligentDonuts,Xuanyu Liu,3936447
2026-07-02T10:07:19.155918,2026-07-02T10:07:19.165450+00:00,113.9,11,ask,DiligentDonuts,Xuanyu Liu,3936449
2026-07-02T10:07:21.307989,2026-07-02T10:07:21.319780+00:00,114.3,50,bid,FlawlessFlatbreads,EarnestEspressos,3936491
2026-07-02T10:07:21.512194,2026-07-02T10:07:21.523653+00:00,113.9,42,ask,DiligentDonuts,CostlyCorianders,3936493
2026-07-02T10:07:21.571770,2026-07-02T10:07:21.579325+00:00,113.9,3,ask,DiligentDonuts,Xuanyu Liu,3936495
2026-07-02T10:07:23.167655,2026-07-02T10:07:23.175242+00:00,113.8,45,ask,EarnestEspressos,CostlyCorianders,3936520
2026-07-02T10:07:24.725105,2026-07-02T10:07:24.736538+00:00,114.1,44,bid,CostlyCorianders,DiligentDonuts,3936547
2026-07-02T10:07:24.778402,2026-07-02T10:07:24.790078+00:00,113.8,42,ask,EarnestEspressos,CostlyCorianders,3936548
2026-07-02T10:07:25.427018,2026-07-02T10:07:25.438699+00:00,114.1,45,ask,DiligentDonuts,CostlyCorianders,3936563
2026-07-02T10:07:25.570523,2026-07-02T10:07:25.580292+00:00,114.1,50,ask,DiligentDonuts,FlawlessFlatbreads,3936564
2026-07-02T10:07:27.075032,2026-07-02T10:07:27.083790+00:00,114.1,5,ask,DiligentDonuts,Kelvin Chan,3936596
2026-07-02T10:07:27.136989,2026-07-02T10:07:27.147715+00:00,114.3,49,bid,CostlyCorianders,EarnestEspressos,3936599
2026-07-02T10:07:27.610613,2026-07-02T10:07:27.622207+00:00,114.1,5,bid,CostlyCorianders,Kelvin Chan,3936614
2026-07-02T10:07:27.610613,2026-07-02T10:07:27.622207+00:00,114.3,36,bid,CostlyCorianders,EarnestEspressos,3936615
2026-07-02T10:07:27.681301,2026-07-02T10:07:27.688892+00:00,113.8,50,ask,EarnestEspressos,FlawlessFlatbreads,3936617
2026-07-02T10:07:28.868626,2026-07-02T10:07:28.880077+00:00,114.1,5,bid,CostlyCorianders,Kelvin Chan,3936642
2026-07-02T10:07:28.868626,2026-07-02T10:07:28.880077+00:00,114.2,43,bid,CostlyCorianders,DiligentDonuts,3936643
2026-07-02T10:07:31.839250,2026-07-02T10:07:31.849280+00:00,114.2,4,bid,FlawlessFlatbreads,Kelvin Chan,3936695
2026-07-02T10:07:31.839250,2026-07-02T10:07:31.849280+00:00,114.4,46,bid,FlawlessFlatbreads,EarnestEspressos,3936696
2026-07-02T10:07:32.187113,2026-07-02T10:07:32.194657+00:00,113.9,45,ask,EarnestEspressos,CostlyCorianders,3936697
2026-07-02T10:07:33.057199,2026-07-02T10:07:33.065687+00:00,114.2,3,bid,Xuanyu Liu,Kelvin Chan,3936714
2026-07-02T10:07:33.085529,2026-07-02T10:07:33.092464+00:00,114.2,1,bid,Lachlan Han,Kelvin Chan,3936717
2026-07-02T10:07:33.947712,2026-07-02T10:07:33.959161+00:00,114.4,50,bid,FlawlessFlatbreads,DiligentDonuts,3936740
2026-07-02T10:07:34.323448,2026-07-02T10:07:34.334990+00:00,114.4,46,bid,CostlyCorianders,DiligentDonuts,3936751
2026-07-02T10:07:34.900318,2026-07-02T10:07:34.908375+00:00,114.2,3,ask,DiligentDonuts,Xuanyu Liu,3936761
2026-07-02T10:07:36.118426,2026-07-02T10:07:36.128531+00:00,114.2,50,ask,DiligentDonuts,FlawlessFlatbreads,3936778
2026-07-02T10:07:36.808023,2026-07-02T10:07:36.816286+00:00,114.2,47,ask,DiligentDonuts,CostlyCorianders,3936791
2026-07-02T10:07:38.174011,2026-07-02T10:07:38.181510+00:00,114.4,50,bid,FlawlessFlatbreads,DiligentDonuts,3936822
2026-07-02T10:07:38.377317,2026-07-02T10:07:38.388732+00:00,114.0,40,ask,EarnestEspressos,CostlyCorianders,3936824
2026-07-02T10:07:40.285096,2026-07-02T10:07:40.287234+00:00,114.3,5,bid,FlawlessFlatbreads,Kelvin Chan,3936856
2026-07-02T10:07:42.445173,2026-07-02T10:07:42.451571+00:00,114.0,50,ask,EarnestEspressos,FlawlessFlatbreads,3936903
2026-07-02T10:07:44.581786,2026-07-02T10:07:44.593359+00:00,114.3,50,ask,DiligentDonuts,FlawlessFlatbreads,3936946
2026-07-02T10:07:45.075870,2026-07-02T10:07:45.082300+00:00,114.3,44,ask,DiligentDonuts,CostlyCorianders,3936962
2026-07-02T10:07:47.817311,2026-07-02T10:07:47.828890+00:00,114.5,48,bid,CostlyCorianders,EarnestEspressos,3937029
2026-07-02T10:07:48.742892,2026-07-02T10:07:48.759111+00:00,114.1,4,ask,Kelvin Chan,CostlyCorianders,3937054
2026-07-02T10:07:48.742892,2026-07-02T10:07:48.759111+00:00,114.0,43,ask,DiligentDonuts,CostlyCorianders,3937055
2026-07-02T10:07:48.805577,2026-07-02T10:07:48.813286+00:00,114.0,50,ask,DiligentDonuts,FlawlessFlatbreads,3937058
2026-07-02T10:07:50.100899,2026-07-02T10:07:50.110508+00:00,114.3,3,bid,Xuanyu Liu,EarnestEspressos,3937081
2026-07-02T10:07:50.367506,2026-07-02T10:07:50.375919+00:00,114.3,45,bid,CostlyCorianders,EarnestEspressos,3937083
2026-07-02T10:07:50.709028,2026-07-02T10:07:50.717661+00:00,114.2,11,bid,Xuanyu Liu,DiligentDonuts,3937089
2026-07-02T10:07:50.860236,2026-07-02T10:07:50.869322+00:00,114.2,50,bid,FlawlessFlatbreads,DiligentDonuts,3937096
2026-07-02T10:07:51.881024,2026-07-02T10:07:51.890395+00:00,114.2,12,bid,Xuanyu Liu,DiligentDonuts,3937125
2026-07-02T10:07:53.043116,2026-07-02T10:07:53.063647+00:00,114.1,50,ask,EarnestEspressos,FlawlessFlatbreads,3937162
2026-07-02T10:07:54.953249,2026-07-02T10:07:54.956839+00:00,114.3,5,bid,CostlyCorianders,Kelvin Chan,3937211
2026-07-02T10:07:54.953249,2026-07-02T10:07:54.956839+00:00,114.4,40,bid,CostlyCorianders,DiligentDonuts,3937212
2026-07-02T10:07:56.436836,2026-07-02T10:07:56.445735+00:00,114.0,1,ask,Kelvin Chan,CostlyCorianders,3937233
2026-07-02T10:07:56.436836,2026-07-02T10:07:56.445735+00:00,113.9,46,ask,DiligentDonuts,CostlyCorianders,3937234
2026-07-02T10:07:57.566293,2026-07-02T10:07:57.578020+00:00,114.3,46,bid,CostlyCorianders,DiligentDonuts,3937253
2026-07-02T10:07:59.308525,2026-07-02T10:07:59.319963+00:00,114.3,50,bid,FlawlessFlatbreads,DiligentDonuts,3937291
2026-07-02T10:07:59.646613,2026-07-02T10:07:59.663847+00:00,114.0,4,ask,Kelvin Chan,CostlyCorianders,3937292
2026-07-02T10:07:59.646613,2026-07-02T10:07:59.663847+00:00,113.8,41,ask,DiligentDonuts,CostlyCorianders,3937293
2026-07-02T10:08:00.123055,2026-07-02T10:08:00.129633+00:00,114.0,4,ask,Kelvin Chan,CostlyCorianders,3937299
2026-07-02T10:08:01.421438,2026-07-02T10:08:01.429565+00:00,114.2,50,bid,FlawlessFlatbreads,EarnestEspressos,3937337
2026-07-02T10:08:01.545913,2026-07-02T10:08:01.557573+00:00,114.2,40,bid,CostlyCorianders,EarnestEspressos,3937344
2026-07-02T10:08:02.782840,2026-07-02T10:08:02.791811+00:00,114.0,4,ask,Kelvin Chan,Xuanyu Liu,3937374
2026-07-02T10:08:03.175112,2026-07-02T10:08:03.186603+00:00,114.2,40,bid,CostlyCorianders,EarnestEspressos,3937378
2026-07-02T10:08:03.543242,2026-07-02T10:08:03.555057+00:00,114.2,20,bid,FlawlessFlatbreads,EarnestEspressos,3937396
2026-07-02T10:08:03.543242,2026-07-02T10:08:03.555057+00:00,114.3,30,bid,FlawlessFlatbreads,DiligentDonuts,3937397
2026-07-02T10:08:04.499551,2026-07-02T10:08:04.512689+00:00,114.3,70,bid,EarnestEspressos,DiligentDonuts,3937424
2026-07-02T10:08:04.567244,2026-07-02T10:08:04.576221+00:00,114.3,22,ask,EarnestEspressos,Xuanyu Liu,3937426
2026-07-02T10:08:04.748832,2026-07-02T10:08:04.758126+00:00,114.3,46,ask,EarnestEspressos,CostlyCorianders,3937430
2026-07-02T10:08:05.253148,2026-07-02T10:08:05.265016+00:00,114.3,12,ask,EarnestEspressos,CostlyCorianders,3937440
2026-07-02T10:08:05.253148,2026-07-02T10:08:05.265016+00:00,113.8,31,ask,DiligentDonuts,CostlyCorianders,3937441
2026-07-02T10:08:06.860710,2026-07-02T10:08:06.869348+00:00,114.1,42,ask,DiligentDonuts,CostlyCorianders,3937484
2026-07-02T10:08:08.441880,2026-07-02T10:08:08.448718+00:00,114.4,43,bid,CostlyCorianders,EarnestEspressos,3937506
2026-07-02T10:08:09.948690,2026-07-02T10:08:09.958603+00:00,114.0,3,ask,Kelvin Chan,FlawlessFlatbreads,3937529
2026-07-02T10:08:09.948690,2026-07-02T10:08:09.958603+00:00,114.0,47,ask,DiligentDonuts,FlawlessFlatbreads,3937530
2026-07-02T10:08:10.608612,2026-07-02T10:08:10.620105+00:00,114.0,49,ask,DiligentDonuts,CostlyCorianders,3937554
2026-07-02T10:08:12.005366,2026-07-02T10:08:12.016782+00:00,114.3,1,bid,FlawlessFlatbreads,Kelvin Chan,3937569
2026-07-02T10:08:12.005366,2026-07-02T10:08:12.016782+00:00,114.4,49,bid,FlawlessFlatbreads,EarnestEspressos,3937570
2026-07-02T10:08:13.008605,2026-07-02T10:08:13.016309+00:00,114.1,42,bid,CostlyCorianders,DiligentDonuts,3937594
2026-07-02T10:08:14.112471,2026-07-02T10:08:14.120288+00:00,114.1,50,bid,FlawlessFlatbreads,DiligentDonuts,3937611
2026-07-02T10:08:16.270163,2026-07-02T10:08:16.279657+00:00,114.0,50,ask,EarnestEspressos,FlawlessFlatbreads,3937670
2026-07-02T10:08:16.292491,2026-07-02T10:08:16.304255+00:00,114.3,2,bid,CostlyCorianders,Kelvin Chan,3937671
2026-07-02T10:08:16.292491,2026-07-02T10:08:16.304255+00:00,114.4,42,bid,CostlyCorianders,DiligentDonuts,3937672
2026-07-02T10:08:18.379083,2026-07-02T10:08:18.390695+00:00,114.0,2,ask,Kelvin Chan,FlawlessFlatbreads,3937710
2026-07-02T10:08:18.379083,2026-07-02T10:08:18.390695+00:00,114.0,48,ask,EarnestEspressos,FlawlessFlatbreads,3937711
2026-07-02T10:08:19.394535,2026-07-02T10:08:19.406336+00:00,114.1,49,ask,DiligentDonuts,CostlyCorianders,3937732
2026-07-02T10:08:20.435827,2026-07-02T10:08:20.447551+00:00,114.3,50,bid,FlawlessFlatbreads,EarnestEspressos,3937752
2026-07-02T10:08:21.115975,2026-07-02T10:08:21.127498+00:00,114.3,40,bid,CostlyCorianders,EarnestEspressos,3937763
2026-07-02T10:08:21.743915,2026-07-02T10:08:21.746995+00:00,114.3,44,bid,CostlyCorianders,EarnestEspressos,3937774
2026-07-02T10:08:22.545143,2026-07-02T10:08:22.558548+00:00,114.3,16,bid,FlawlessFlatbreads,EarnestEspressos,3937793
2026-07-02T10:08:22.545143,2026-07-02T10:08:22.558548+00:00,114.3,4,bid,FlawlessFlatbreads,Kelvin Chan,3937794
2026-07-02T10:08:22.545143,2026-07-02T10:08:22.558548+00:00,114.3,30,bid,FlawlessFlatbreads,DiligentDonuts,3937795
2026-07-02T10:08:24.655414,2026-07-02T10:08:24.664477+00:00,114.3,50,bid,FlawlessFlatbreads,DiligentDonuts,3937838
2026-07-02T10:08:25.706999,2026-07-02T10:08:25.717465+00:00,114.1,44,ask,EarnestEspressos,CostlyCorianders,3937861
2026-07-02T10:08:26.323963,2026-07-02T10:08:26.335717+00:00,114.3,2,bid,CostlyCorianders,Kelvin Chan,3937877
2026-07-02T10:08:26.761137,2026-07-02T10:08:26.772632+00:00,114.4,2,bid,FlawlessFlatbreads,Kelvin Chan,3937884
2026-07-02T10:08:26.761137,2026-07-02T10:08:26.772632+00:00,114.5,48,bid,FlawlessFlatbreads,EarnestEspressos,3937885
2026-07-02T10:08:26.853144,2026-07-02T10:08:26.854937+00:00,114.4,2,bid,CostlyCorianders,Kelvin Chan,3937889
2026-07-02T10:08:26.853144,2026-07-02T10:08:26.854937+00:00,114.5,42,bid,CostlyCorianders,EarnestEspressos,3937890
2026-07-02T10:08:28.870791,2026-07-02T10:08:28.879422+00:00,114.4,3,bid,FlawlessFlatbreads,Kelvin Chan,3937919
2026-07-02T10:08:28.870791,2026-07-02T10:08:28.879422+00:00,114.5,47,bid,FlawlessFlatbreads,EarnestEspressos,3937920
2026-07-02T10:08:28.926004,2026-07-02T10:08:28.937466+00:00,114.2,44,ask,DiligentDonuts,CostlyCorianders,3937921
2026-07-02T10:08:29.491118,2026-07-02T10:08:29.504888+00:00,114.4,3,bid,CostlyCorianders,Kelvin Chan,3937935
2026-07-02T10:08:29.491118,2026-07-02T10:08:29.504888+00:00,114.5,13,bid,CostlyCorianders,EarnestEspressos,3937936
2026-07-02T10:08:29.798167,2026-07-02T10:08:29.805687+00:00,114.4,2,bid,EarnestEspressos,Kelvin Chan,3937942
2026-07-02T10:08:29.798167,2026-07-02T10:08:29.811189+00:00,114.7,100,bid,EarnestEspressos,DiligentDonuts,3937943
2026-07-02T10:08:29.861839,2026-07-02T10:08:29.871260+00:00,114.8,48,ask,EarnestEspressos,Chester Au,3937947
2026-07-02T10:08:30.979292,2026-07-02T10:08:30.987649+00:00,115.3,50,bid,FlawlessFlatbreads,EarnestEspressos,3937980
2026-07-02T10:08:33.086718,2026-07-02T10:08:33.098365+00:00,114.9,50,bid,FlawlessFlatbreads,DiligentDonuts,3938020
2026-07-02T10:08:35.193215,2026-07-02T10:08:35.205182+00:00,114.9,50,bid,FlawlessFlatbreads,EarnestEspressos,3938051
2026-07-02T10:08:35.387938,2026-07-02T10:08:35.400638+00:00,114.4,45,ask,EarnestEspressos,CostlyCorianders,3938060
2026-07-02T10:08:37.351317,2026-07-02T10:08:37.363968+00:00,114.4,50,ask,DiligentDonuts,FlawlessFlatbreads,3938113
2026-07-02T10:08:38.037425,2026-07-02T10:08:38.042203+00:00,114.8,46,bid,CostlyCorianders,EarnestEspressos,3938129
2026-07-02T10:08:39.466515,2026-07-02T10:08:39.476506+00:00,114.6,50,ask,EarnestEspressos,FlawlessFlatbreads,3938157
2026-07-02T10:08:40.107349,2026-07-02T10:08:40.116728+00:00,114.6,46,ask,EarnestEspressos,CostlyCorianders,3938176
2026-07-02T10:08:41.574278,2026-07-02T10:08:41.585787+00:00,114.6,47,ask,EarnestEspressos,CostlyCorianders,3938194
2026-07-02T10:08:43.503625,2026-07-02T10:08:43.510854+00:00,114.5,44,bid,CostlyCorianders,EarnestEspressos,3938220
2026-07-02T10:08:43.676212,2026-07-02T10:08:43.684798+00:00,114.4,50,ask,DiligentDonuts,FlawlessFlatbreads,3938228
2026-07-02T10:08:45.721440,2026-07-02T10:08:45.732868+00:00,114.7,48,bid,CostlyCorianders,DiligentDonuts,3938279
2026-07-02T10:08:45.781918,2026-07-02T10:08:45.793700+00:00,114.4,4,ask,Kelvin Chan,FlawlessFlatbreads,3938280
2026-07-02T10:08:45.781918,2026-07-02T10:08:45.793700+00:00,114.4,46,ask,EarnestEspressos,FlawlessFlatbreads,3938281
2026-07-02T10:08:47.891444,2026-07-02T10:08:47.902119+00:00,114.5,50,ask,DiligentDonuts,FlawlessFlatbreads,3938328
2026-07-02T10:08:48.408465,2026-07-02T10:08:48.417415+00:00,114.5,45,ask,DiligentDonuts,CostlyCorianders,3938338
2026-07-02T10:08:49.947773,2026-07-02T10:08:49.959491+00:00,114.7,47,bid,CostlyCorianders,EarnestEspressos,3938356
2026-07-02T10:08:50.002146,2026-07-02T10:08:50.009416+00:00,114.5,5,ask,DiligentDonuts,FlawlessFlatbreads,3938359
2026-07-02T10:08:50.002146,2026-07-02T10:08:50.014580+00:00,114.4,3,ask,Kelvin Chan,FlawlessFlatbreads,3938360
2026-07-02T10:08:50.002146,2026-07-02T10:08:50.014580+00:00,114.2,42,ask,EarnestEspressos,FlawlessFlatbreads,3938361
2026-07-02T10:08:52.111704,2026-07-02T10:08:52.120488+00:00,114.4,3,ask,Kelvin Chan,FlawlessFlatbreads,3938386
2026-07-02T10:08:52.111704,2026-07-02T10:08:52.120488+00:00,114.2,47,ask,DiligentDonuts,FlawlessFlatbreads,3938387
2026-07-02T10:08:54.222415,2026-07-02T10:08:54.234161+00:00,114.4,2,ask,Kelvin Chan,FlawlessFlatbreads,3938432
2026-07-02T10:08:54.222415,2026-07-02T10:08:54.234161+00:00,114.3,48,ask,DiligentDonuts,CostlyCorianders,3938433
2026-07-02T10:08:54.694261,2026-07-02T10:08:54.705669+00:00,114.3,48,ask,DiligentDonuts,FlawlessFlatbreads,3938447
2026-07-02T10:08:55.856184,2026-07-02T10:08:55.867820+00:00,114.8,47,bid,CostlyCorianders,DiligentDonuts,3938470
2026-07-02T10:08:56.280458,2026-07-02T10:08:56.292091+00:00,114.8,50,bid,FlawlessFlatbreads,DiligentDonuts,3938476
2026-07-02T10:08:58.389629,2026-07-02T10:08:58.400718+00:00,114.8,50,bid,FlawlessFlatbreads,DiligentDonuts,3938511
2026-07-02T10:09:00.546911,2026-07-02T10:09:00.558284+00:00,114.5,50,ask,EarnestEspressos,FlawlessFlatbreads,3938547
2026-07-02T10:09:01.479325,2026-07-02T10:09:01.486219+00:00,114.8,44,bid,CostlyCorianders,DiligentDonuts,3938572
2026-07-02T10:09:02.534000,2026-07-02T10:09:02.545716+00:00,114.4,3,ask,Kelvin Chan,CostlyCorianders,3938591
2026-07-02T10:09:02.534000,2026-07-02T10:09:02.545716+00:00,114.3,43,ask,DiligentDonuts,CostlyCorianders,3938592
2026-07-02T10:09:02.609555,2026-07-02T10:09:02.618101+00:00,114.8,50,bid,FlawlessFlatbreads,DiligentDonuts,3938593
2026-07-02T10:09:04.599886,2026-07-02T10:09:04.611209+00:00,114.4,2,ask,Kelvin Chan,CostlyCorianders,3938636
2026-07-02T10:09:04.599886,2026-07-02T10:09:04.611209+00:00,114.4,41,ask,DiligentDonuts,CostlyCorianders,3938637
2026-07-02T10:09:04.716342,2026-07-02T10:09:04.728233+00:00,114.6,50,bid,FlawlessFlatbreads,EarnestEspressos,3938644
2026-07-02T10:09:06.833553,2026-07-02T10:09:06.842841+00:00,114.6,50,bid,FlawlessFlatbreads,EarnestEspressos,3938680
2026-07-02T10:09:06.931234,2026-07-02T10:09:06.938122+00:00,114.6,48,bid,Chester Au,EarnestEspressos,3938681
2026-07-02T10:09:07.760891,2026-07-02T10:09:07.769357+00:00,114.7,1,bid,EarnestEspressos,Kelvin Chan,3938702
2026-07-02T10:09:08.439492,2026-07-02T10:09:08.447136+00:00,114.8,45,ask,EarnestEspressos,CostlyCorianders,3938714
2026-07-02T10:09:09.933311,2026-07-02T10:09:09.939956+00:00,114.8,1,ask,EarnestEspressos,Kelvin Chan,3938750
2026-07-02T10:09:10.196586,2026-07-02T10:09:10.204110+00:00,114.8,1,ask,EarnestEspressos,Kelvin Chan,3938751
2026-07-02T10:09:10.303391,2026-07-02T10:09:10.315018+00:00,114.8,1,ask,EarnestEspressos,Kelvin Chan,3938752
2026-07-02T10:09:10.869040,2026-07-02T10:09:10.876974+00:00,114.8,1,ask,EarnestEspressos,Kelvin Chan,3938761
2026-07-02T10:09:11.048250,2026-07-02T10:09:11.063647+00:00,114.8,1,bid,FlawlessFlatbreads,Kelvin Chan,3938769
2026-07-02T10:09:13.172195,2026-07-02T10:09:13.184401+00:00,114.9,1,bid,FlawlessFlatbreads,Kelvin Chan,3938812
2026-07-02T10:09:13.172195,2026-07-02T10:09:13.184401+00:00,115.1,49,bid,FlawlessFlatbreads,EarnestEspressos,3938813
2026-07-02T10:09:15.281457,2026-07-02T10:09:15.293082+00:00,115.1,50,bid,FlawlessFlatbreads,DiligentDonuts,3938860
2026-07-02T10:09:15.812543,2026-07-02T10:09:15.824219+00:00,115.1,48,bid,CostlyCorianders,DiligentDonuts,3938870
2026-07-02T10:09:16.046401,2026-07-02T10:09:16.064117+00:00,114.9,3,bid,DiligentDonuts,Kelvin Chan,3938878
2026-07-02T10:09:16.659552,2026-07-02T10:09:16.667231+00:00,114.9,3,ask,DiligentDonuts,Xuanyu Liu,3938893
2026-07-02T10:09:16.674371,2026-07-02T10:09:16.682483+00:00,114.9,25,ask,DiligentDonuts,Lachlan Han,3938895
2026-07-02T10:09:16.882343,2026-07-02T10:09:16.894075+00:00,114.9,25,ask,DiligentDonuts,Lachlan Han,3938900
2026-07-02T10:09:17.094391,2026-07-02T10:09:17.105950+00:00,114.9,25,ask,DiligentDonuts,Lachlan Han,3938906
2026-07-02T10:09:17.304578,2026-07-02T10:09:17.316248+00:00,114.9,19,ask,DiligentDonuts,Lachlan Han,3938910
2026-07-02T10:09:18.170506,2026-07-02T10:09:18.181862+00:00,114.7,48,ask,EarnestEspressos,CostlyCorianders,3938930
2026-07-02T10:09:19.492873,2026-07-02T10:09:19.504620+00:00,115.1,50,bid,FlawlessFlatbreads,DiligentDonuts,3938957
2026-07-02T10:09:20.089859,2026-07-02T10:09:20.101321+00:00,115.1,42,bid,CostlyCorianders,DiligentDonuts,3938969
2026-07-02T10:09:20.632333,2026-07-02T10:09:20.644001+00:00,115.0,45,bid,CostlyCorianders,EarnestEspressos,3938980
2026-07-02T10:09:21.608530,2026-07-02T10:09:21.618637+00:00,115.0,50,bid,FlawlessFlatbreads,EarnestEspressos,3939000
2026-07-02T10:09:23.726203,2026-07-02T10:09:23.735397+00:00,115.0,25,ask,EarnestEspressos,Lachlan Han,3939043
2026-07-02T10:09:23.792531,2026-07-02T10:09:23.801547+00:00,115.0,50,ask,EarnestEspressos,FlawlessFlatbreads,3939050
2026-07-02T10:09:23.936028,2026-07-02T10:09:23.945267+00:00,115.0,25,ask,EarnestEspressos,Lachlan Han,3939056
2026-07-02T10:09:24.145079,2026-07-02T10:09:24.156512+00:00,115.0,25,ask,EarnestEspressos,Lachlan Han,3939059
2026-07-02T10:09:24.355074,2026-07-02T10:09:24.366774+00:00,115.0,25,ask,EarnestEspressos,Lachlan Han,3939062
2026-07-02T10:09:24.900053,2026-07-02T10:09:24.911596+00:00,114.8,42,ask,DiligentDonuts,CostlyCorianders,3939075
2026-07-02T10:09:25.897819,2026-07-02T10:09:25.905261+00:00,114.7,1,ask,Kelvin Chan,FlawlessFlatbreads,3939092
2026-07-02T10:09:25.897819,2026-07-02T10:09:25.905261+00:00,114.7,49,ask,DiligentDonuts,FlawlessFlatbreads,3939093
2026-07-02T10:09:26.686889,2026-07-02T10:09:26.698020+00:00,115.1,5,bid,CostlyCorianders,Kelvin Chan,3939105
2026-07-02T10:09:26.825225,2026-07-02T10:09:26.833708+00:00,114.8,1,ask,Kelvin Chan,EarnestEspressos,3939106
2026-07-02T10:09:26.851194,2026-07-02T10:09:26.854911+00:00,114.8,1,bid,Kelvin Chan,EarnestEspressos,3939109
2026-07-02T10:09:27.189464,2026-07-02T10:09:27.198438+00:00,114.8,1,bid,Kelvin Chan,EarnestEspressos,3939113
2026-07-02T10:09:27.683556,2026-07-02T10:09:27.695216+00:00,114.8,40,bid,CostlyCorianders,EarnestEspressos,3939128
2026-07-02T10:09:28.038070,2026-07-02T10:09:28.048417+00:00,114.7,50,ask,DiligentDonuts,FlawlessFlatbreads,3939135
2026-07-02T10:09:28.447318,2026-07-02T10:09:28.455399+00:00,114.8,3,bid,Xuanyu Liu,EarnestEspressos,3939141
2026-07-02T10:09:30.145118,2026-07-02T10:09:30.156781+00:00,114.7,1,ask,Kelvin Chan,FlawlessFlatbreads,3939180
2026-07-02T10:09:30.145118,2026-07-02T10:09:30.156781+00:00,114.6,49,ask,EarnestEspressos,FlawlessFlatbreads,3939181
2026-07-02T10:09:32.275228,2026-07-02T10:09:32.285380+00:00,114.6,50,ask,EarnestEspressos,FlawlessFlatbreads,3939222
2026-07-02T10:09:33.186188,2026-07-02T10:09:33.196673+00:00,114.6,25,bid,Lachlan Han,EarnestEspressos,3939237
2026-07-02T10:09:33.396681,2026-07-02T10:09:33.407925+00:00,114.6,25,bid,Lachlan Han,EarnestEspressos,3939249
2026-07-02T10:09:33.607814,2026-07-02T10:09:33.619091+00:00,114.6,25,bid,Lachlan Han,EarnestEspressos,3939255
2026-07-02T10:09:33.822189,2026-07-02T10:09:33.842004+00:00,114.6,25,bid,Lachlan Han,EarnestEspressos,3939259
2026-07-02T10:09:34.036241,2026-07-02T10:09:34.043892+00:00,114.6,25,bid,Lachlan Han,EarnestEspressos,3939264
2026-07-02T10:09:34.251478,2026-07-02T10:09:34.258672+00:00,114.6,25,bid,Lachlan Han,EarnestEspressos,3939268
2026-07-02T10:09:34.381691,2026-07-02T10:09:34.393536+00:00,114.3,50,ask,DiligentDonuts,FlawlessFlatbreads,3939272
2026-07-02T10:09:35.132009,2026-07-02T10:09:35.143444+00:00,114.2,46,ask,DiligentDonuts,CostlyCorianders,3939289
2026-07-02T10:09:36.501263,2026-07-02T10:09:36.516333+00:00,114.6,50,ask,EarnestEspressos,FlawlessFlatbreads,3939311
2026-07-02T10:09:36.724002,2026-07-02T10:09:36.732337+00:00,114.6,40,ask,EarnestEspressos,CostlyCorianders,3939319
2026-07-02T10:09:38.267762,2026-07-02T10:09:38.279589+00:00,114.6,60,ask,EarnestEspressos,DiligentDonuts,3939345
2026-07-02T10:09:38.469182,2026-07-02T10:09:38.480622+00:00,114.6,25,bid,Lachlan Han,DiligentDonuts,3939351
2026-07-02T10:09:38.609631,2026-07-02T10:09:38.619569+00:00,114.1,50,ask,DiligentDonuts,FlawlessFlatbreads,3939354
2026-07-02T10:09:38.680111,2026-07-02T10:09:38.690913+00:00,114.6,15,bid,Lachlan Han,DiligentDonuts,3939356
2026-07-02T10:09:40.093374,2026-07-02T10:09:40.101809+00:00,114.3,2,bid,Lachlan Han,EarnestEspressos,3939392
2026-07-02T10:09:40.302439,2026-07-02T10:09:40.308457+00:00,114.3,2,bid,Lachlan Han,EarnestEspressos,3939401
2026-07-02T10:09:40.513432,2026-07-02T10:09:40.524426+00:00,114.3,1,bid,Lachlan Han,EarnestEspressos,3939405
2026-07-02T10:09:40.741220,2026-07-02T10:09:40.758599+00:00,114.1,50,ask,DiligentDonuts,FlawlessFlatbreads,3939410
2026-07-02T10:09:41.606768,2026-07-02T10:09:41.614222+00:00,114.3,3,bid,Xuanyu Liu,EarnestEspressos,3939440
2026-07-02T10:09:42.848175,2026-07-02T10:09:42.859773+00:00,114.0,50,ask,EarnestEspressos,FlawlessFlatbreads,3939461
2026-07-02T10:09:43.546079,2026-07-02T10:09:43.553941+00:00,114.3,1,bid,Kelvin Chan,DiligentDonuts,3939472
2026-07-02T10:09:47.044766,2026-07-02T10:09:47.063819+00:00,114.2,40,bid,CostlyCorianders,EarnestEspressos,3939537
2026-07-02T10:09:47.608244,2026-07-02T10:09:47.614980+00:00,114.2,47,bid,CostlyCorianders,EarnestEspressos,3939552
2026-07-02T10:09:51.213860,2026-07-02T10:09:51.225744+00:00,113.9,49,ask,EarnestEspressos,CostlyCorianders,3939618
2026-07-02T10:09:51.220350,2026-07-02T10:09:51.230951+00:00,114.2,50,bid,FlawlessFlatbreads,DiligentDonuts,3939619
2026-07-02T10:09:52.151388,2026-07-02T10:09:52.161208+00:00,114.2,1,bid,Kelvin Chan,DiligentDonuts,3939640
2026-07-02T10:09:53.326621,2026-07-02T10:09:53.338484+00:00,114.2,49,bid,FlawlessFlatbreads,DiligentDonuts,3939662
2026-07-02T10:09:53.326621,2026-07-02T10:09:53.338484+00:00,114.3,1,bid,FlawlessFlatbreads,EarnestEspressos,3939663
2026-07-02T10:09:53.798666,2026-07-02T10:09:53.807327+00:00,114.3,46,bid,CostlyCorianders,EarnestEspressos,3939673
2026-07-02T10:09:54.150962,2026-07-02T10:09:54.162097+00:00,114.3,11,bid,Xuanyu Liu,EarnestEspressos,3939687
2026-07-02T10:09:55.260053,2026-07-02T10:09:55.268677+00:00,114.2,42,ask,DiligentDonuts,CostlyCorianders,3939699
2026-07-02T10:09:55.433820,2026-07-02T10:09:55.445350+00:00,114.5,5,bid,FlawlessFlatbreads,Kelvin Chan,3939702
2026-07-02T10:09:55.433820,2026-07-02T10:09:55.445350+00:00,114.7,45,bid,FlawlessFlatbreads,DiligentDonuts,3939703
2026-07-02T10:09:57.387425,2026-07-02T10:09:57.395488+00:00,114.4,5,bid,CostlyCorianders,Kelvin Chan,3939745
2026-07-02T10:09:57.387425,2026-07-02T10:09:57.395488+00:00,114.7,41,bid,CostlyCorianders,DiligentDonuts,3939746
2026-07-02T10:09:57.542742,2026-07-02T10:09:57.558612+00:00,114.5,5,bid,FlawlessFlatbreads,Kelvin Chan,3939749
2026-07-02T10:09:57.542742,2026-07-02T10:09:57.558612+00:00,114.7,45,bid,FlawlessFlatbreads,DiligentDonuts,3939750
2026-07-02T10:09:58.585489,2026-07-02T10:09:58.596365+00:00,114.3,43,ask,EarnestEspressos,CostlyCorianders,3939778
2026-07-02T10:09:58.625892,2026-07-02T10:09:58.634121+00:00,114.3,11,ask,EarnestEspressos,Xuanyu Liu,3939780
2026-07-02T10:09:59.651521,2026-07-02T10:09:59.658609+00:00,114.5,5,bid,FlawlessFlatbreads,Kelvin Chan,3939790
2026-07-02T10:09:59.651521,2026-07-02T10:09:59.658609+00:00,114.7,14,bid,FlawlessFlatbreads,DiligentDonuts,3939791
2026-07-02T10:09:59.651521,2026-07-02T10:09:59.658609+00:00,114.8,31,bid,FlawlessFlatbreads,EarnestEspressos,3939792
2026-07-02T10:10:01.675556,2026-07-02T10:10:01.683166+00:00,114.6,48,bid,CostlyCorianders,EarnestEspressos,3939832
2026-07-02T10:10:01.777748,2026-07-02T10:10:01.789217+00:00,114.6,50,bid,FlawlessFlatbreads,EarnestEspressos,3939834
2026-07-02T10:10:03.885559,2026-07-02T10:10:03.893280+00:00,114.6,50,bid,FlawlessFlatbreads,EarnestEspressos,3939876
2026-07-02T10:10:04.292392,2026-07-02T10:10:04.303795+00:00,114.5,49,ask,DiligentDonuts,CostlyCorianders,3939886
2026-07-02T10:10:04.745198,2026-07-02T10:10:04.756757+00:00,114.6,4,bid,EarnestEspressos,Kelvin Chan,3939903
2026-07-02T10:10:04.757926,2026-07-02T10:10:04.765787+00:00,114.7,3,ask,EarnestEspressos,Xuanyu Liu,3939904
2026-07-02T10:10:05.774678,2026-07-02T10:10:05.786174+00:00,114.7,42,ask,EarnestEspressos,CostlyCorianders,3939910
2026-07-02T10:10:05.994330,2026-07-02T10:10:06.001723+00:00,115.0,50,bid,FlawlessFlatbreads,DiligentDonuts,3939915
2026-07-02T10:10:06.005468,2026-07-02T10:10:06.012138+00:00,114.7,4,ask,EarnestEspressos,Kelvin Chan,3939916
2026-07-02T10:10:08.071842,2026-07-02T10:10:08.083218+00:00,115.0,45,bid,CostlyCorianders,DiligentDonuts,3939955
2026-07-02T10:10:08.101320,2026-07-02T10:10:08.112965+00:00,115.0,50,bid,FlawlessFlatbreads,DiligentDonuts,3939956
2026-07-02T10:10:09.882381,2026-07-02T10:10:09.890048+00:00,114.8,2,bid,DiligentDonuts,Kelvin Chan,3939983
2026-07-02T10:10:10.207725,2026-07-02T10:10:10.216102+00:00,115.1,50,bid,FlawlessFlatbreads,EarnestEspressos,3939987
2026-07-02T10:10:12.095651,2026-07-02T10:10:12.107387+00:00,115.0,3,ask,DiligentDonuts,Kelvin Chan,3940023
2026-07-02T10:10:12.228906,2026-07-02T10:10:12.237243+00:00,115.0,3,ask,DiligentDonuts,Xuanyu Liu,3940026
2026-07-02T10:10:12.318126,2026-07-02T10:10:12.329571+00:00,115.4,50,bid,FlawlessFlatbreads,EarnestEspressos,3940030
2026-07-02T10:10:12.375155,2026-07-02T10:10:12.386857+00:00,115.0,25,ask,DiligentDonuts,Lachlan Han,3940031
2026-07-02T10:10:12.586098,2026-07-02T10:10:12.588335+00:00,115.0,25,ask,DiligentDonuts,Lachlan Han,3940035
2026-07-02T10:10:12.795100,2026-07-02T10:10:12.806564+00:00,115.0,25,ask,DiligentDonuts,Lachlan Han,3940039
2026-07-02T10:10:13.653476,2026-07-02T10:10:13.663884+00:00,114.9,43,ask,EarnestEspressos,CostlyCorianders,3940050
2026-07-02T10:10:14.036057,2026-07-02T10:10:14.046963+00:00,114.9,25,ask,EarnestEspressos,Lachlan Han,3940063
2026-07-02T10:10:14.259441,2026-07-02T10:10:14.269457+00:00,115.0,2,bid,CostlyCorianders,Kelvin Chan,3940068
2026-07-02T10:10:14.259441,2026-07-02T10:10:14.269457+00:00,115.2,43,bid,CostlyCorianders,DiligentDonuts,3940069
2026-07-02T10:10:16.527654,2026-07-02T10:10:16.537646+00:00,115.2,50,bid,FlawlessFlatbreads,EarnestEspressos,3940117
2026-07-02T10:10:17.458336,2026-07-02T10:10:17.469814+00:00,114.9,25,ask,EarnestEspressos,Lachlan Han,3940140
2026-07-02T10:10:17.678640,2026-07-02T10:10:17.690128+00:00,114.9,25,ask,EarnestEspressos,Lachlan Han,3940143
2026-07-02T10:10:17.899417,2026-07-02T10:10:17.905770+00:00,114.9,25,ask,EarnestEspressos,Lachlan Han,3940156
2026-07-02T10:10:18.120573,2026-07-02T10:10:18.132252+00:00,114.9,25,ask,EarnestEspressos,Lachlan Han,3940166
2026-07-02T10:10:19.433953,2026-07-02T10:10:19.442191+00:00,114.9,46,ask,EarnestEspressos,CostlyCorianders,3940195
2026-07-02T10:10:19.498091,2026-07-02T10:10:19.508993+00:00,114.9,4,ask,EarnestEspressos,Chester Au,3940198
2026-07-02T10:10:20.625231,2026-07-02T10:10:20.643719+00:00,114.7,3,ask,Kelvin Chan,EarnestEspressos,3940216
2026-07-02T10:10:20.625231,2026-07-02T10:10:20.643719+00:00,114.7,100,ask,DiligentDonuts,EarnestEspressos,3940217
2026-07-02T10:10:20.752683,2026-07-02T10:10:20.758575+00:00,114.6,47,bid,FlawlessFlatbreads,EarnestEspressos,3940230
2026-07-02T10:10:20.752683,2026-07-02T10:10:20.758575+00:00,115.1,2,bid,FlawlessFlatbreads,Kelvin Chan,3940231
2026-07-02T10:10:20.752683,2026-07-02T10:10:20.758575+00:00,115.2,1,bid,FlawlessFlatbreads,DiligentDonuts,3940232
2026-07-02T10:10:22.860589,2026-07-02T10:10:22.872191+00:00,114.8,50,bid,FlawlessFlatbreads,DiligentDonuts,3940267
2026-07-02T10:10:23.736667,2026-07-02T10:10:23.746172+00:00,114.8,50,bid,EarnestEspressos,DiligentDonuts,3940289
2026-07-02T10:10:25.020995,2026-07-02T10:10:25.028838+00:00,114.8,50,ask,EarnestEspressos,FlawlessFlatbreads,3940317
2026-07-02T10:10:27.126459,2026-07-02T10:10:27.137882+00:00,114.7,3,ask,Kelvin Chan,CostlyCorianders,3940362
2026-07-02T10:10:27.126459,2026-07-02T10:10:27.137882+00:00,114.6,47,ask,DiligentDonuts,FlawlessFlatbreads,3940363
2026-07-02T10:10:27.779897,2026-07-02T10:10:27.786898+00:00,114.7,3,ask,Kelvin Chan,FlawlessFlatbreads,3940371
2026-07-02T10:10:28.255107,2026-07-02T10:10:28.258284+00:00,114.9,44,bid,CostlyCorianders,EarnestEspressos,3940381
2026-07-02T10:10:28.583469,2026-07-02T10:10:28.591445+00:00,114.7,4,ask,Kelvin Chan,Chester Au,3940393
2026-07-02T10:10:28.783696,2026-07-02T10:10:28.794562+00:00,114.6,23,ask,DiligentDonuts,Xuanyu Liu,3940401
2026-07-02T10:10:28.783917,2026-07-02T10:10:28.794562+00:00,114.6,30,ask,DiligentDonuts,Chester Au,3940402
2026-07-02T10:10:28.906835,2026-07-02T10:10:28.919066+00:00,114.4,100,ask,EarnestEspressos,DiligentDonuts,3940405
2026-07-02T10:10:29.237333,2026-07-02T10:10:29.244292+00:00,114.4,50,ask,EarnestEspressos,FlawlessFlatbreads,3940409
2026-07-02T10:10:29.309397,2026-07-02T10:10:29.319090+00:00,113.9,41,ask,DiligentDonuts,CostlyCorianders,3940412
2026-07-02T10:10:30.127248,2026-07-02T10:10:30.136937+00:00,114.1,26,bid,Xuanyu Liu,EarnestEspressos,3940427
2026-07-02T10:10:30.213842,2026-07-02T10:10:30.225280+00:00,114.1,45,bid,CostlyCorianders,EarnestEspressos,3940430
2026-07-02T10:10:30.355311,2026-07-02T10:10:30.358538+00:00,114.1,10,bid,Lachlan Han,EarnestEspressos,3940439
