timestamp,recv_time,price,volume,aggressor_side,buyer,seller,trade_id
2026-07-03T08:00:00.112805,2026-07-03T08:00:00.117469+00:00,112.0,50,bid,FlawlessFlatbreads,EarnestEspressos,5491674
2026-07-03T08:00:00.548600,2026-07-03T08:00:00.555764+00:00,111.9,3,ask,EarnestEspressos,Xuanyu Liu,5491682
2026-07-03T08:00:00.669914,2026-07-03T08:00:00.666639+00:00,112.4,49,bid,CostlyCorianders,EarnestEspressos,5491686
2026-07-03T08:00:01.316550,2026-07-03T08:00:01.327851+00:00,111.9,47,ask,EarnestEspressos,CostlyCorianders,5491702
2026-07-03T08:00:01.865975,2026-07-03T08:00:01.874037+00:00,112.0,49,bid,CostlyCorianders,DiligentDonuts,5491711
2026-07-03T08:00:02.227319,2026-07-03T08:00:02.240439+00:00,112.0,50,bid,FlawlessFlatbreads,EarnestEspressos,5491714
2026-07-03T08:00:03.321607,2026-07-03T08:00:03.328595+00:00,112.0,1,bid,CostlyCorianders,DiligentDonuts,5491730
2026-07-03T08:00:04.390536,2026-07-03T08:00:04.397671+00:00,112.0,50,ask,EarnestEspressos,FlawlessFlatbreads,5491740
2026-07-03T08:00:06.287709,2026-07-03T08:00:06.294072+00:00,112.0,48,ask,EarnestEspressos,CostlyCorianders,5491783
2026-07-03T08:00:06.389107,2026-07-03T08:00:06.397879+00:00,112.0,14,ask,EarnestEspressos,Xuanyu Liu,5491786
2026-07-03T08:00:06.526271,2026-07-03T08:00:06.536780+00:00,112.0,38,ask,EarnestEspressos,FlawlessFlatbreads,5491792
2026-07-03T08:00:06.526271,2026-07-03T08:00:06.536780+00:00,111.9,12,ask,DiligentDonuts,FlawlessFlatbreads,5491793
2026-07-03T08:00:06.888251,2026-07-03T08:00:06.907986+00:00,111.9,88,ask,DiligentDonuts,EarnestEspressos,5491794
2026-07-03T08:00:06.900879,2026-07-03T08:00:06.907986+00:00,111.6,14,bid,Xuanyu Liu,EarnestEspressos,5491795
2026-07-03T08:00:07.907889,2026-07-03T08:00:07.917524+00:00,111.6,43,bid,CostlyCorianders,EarnestEspressos,5491822
2026-07-03T08:00:08.634497,2026-07-03T08:00:08.645902+00:00,111.3,50,ask,DiligentDonuts,FlawlessFlatbreads,5491832
2026-07-03T08:00:09.120238,2026-07-03T08:00:09.131710+00:00,111.6,5,bid,CostlyCorianders,EarnestEspressos,5491843
2026-07-03T08:00:09.120238,2026-07-03T08:00:09.131710+00:00,111.8,37,bid,CostlyCorianders,DiligentDonuts,5491844
2026-07-03T08:00:09.658686,2026-07-03T08:00:09.670136+00:00,111.3,44,ask,DiligentDonuts,CostlyCorianders,5491849
2026-07-03T08:00:10.252420,2026-07-03T08:00:10.263838+00:00,111.7,100,ask,EarnestEspressos,DiligentDonuts,5491866
2026-07-03T08:00:10.769388,2026-07-03T08:00:10.777136+00:00,111.7,50,ask,EarnestEspressos,FlawlessFlatbreads,5491880
2026-07-03T08:00:12.875642,2026-07-03T08:00:12.887223+00:00,111.1,50,ask,DiligentDonuts,FlawlessFlatbreads,5491908
2026-07-03T08:00:14.141503,2026-07-03T08:00:14.153007+00:00,111.9,43,bid,CostlyCorianders,EarnestEspressos,5491927
2026-07-03T08:00:14.995670,2026-07-03T08:00:15.006344+00:00,111.6,50,ask,DiligentDonuts,FlawlessFlatbreads,5491939
2026-07-03T08:00:15.283149,2026-07-03T08:00:15.295031+00:00,111.6,49,ask,DiligentDonuts,CostlyCorianders,5491942
2026-07-03T08:00:16.324917,2026-07-03T08:00:16.333630+00:00,112.1,47,bid,CostlyCorianders,DiligentDonuts,5491958
2026-07-03T08:00:16.971123,2026-07-03T08:00:16.982554+00:00,111.5,48,ask,EarnestEspressos,CostlyCorianders,5491976
2026-07-03T08:00:17.101839,2026-07-03T08:00:17.113383+00:00,111.5,50,ask,EarnestEspressos,FlawlessFlatbreads,5491977
2026-07-03T08:00:19.565758,2026-07-03T08:00:19.587605+00:00,111.3,100,ask,DiligentDonuts,EarnestEspressos,5492014
2026-07-03T08:00:19.578780,2026-07-03T08:00:19.587605+00:00,111.3,3,bid,Xuanyu Liu,EarnestEspressos,5492015
2026-07-03T08:00:19.779778,2026-07-03T08:00:19.787557+00:00,111.2,11,bid,Xuanyu Liu,DiligentDonuts,5492019
2026-07-03T08:00:20.101882,2026-07-03T08:00:20.113396+00:00,111.2,44,bid,CostlyCorianders,DiligentDonuts,5492025
2026-07-03T08:00:21.299428,2026-07-03T08:00:21.311172+00:00,111.2,45,bid,FlawlessFlatbreads,DiligentDonuts,5492046
2026-07-03T08:00:21.299428,2026-07-03T08:00:21.311172+00:00,111.3,5,bid,FlawlessFlatbreads,EarnestEspressos,5492047
2026-07-03T08:00:22.131210,2026-07-03T08:00:22.139178+00:00,110.8,47,ask,EarnestEspressos,CostlyCorianders,5492056
2026-07-03T08:00:23.424901,2026-07-03T08:00:23.435044+00:00,111.7,50,bid,FlawlessFlatbreads,EarnestEspressos,5492083
2026-07-03T08:00:24.793870,2026-07-03T08:00:24.800874+00:00,111.2,11,ask,EarnestEspressos,Xuanyu Liu,5492118
2026-07-03T08:00:25.477799,2026-07-03T08:00:25.489367+00:00,111.7,48,bid,CostlyCorianders,EarnestEspressos,5492124
2026-07-03T08:00:25.582807,2026-07-03T08:00:25.594455+00:00,111.2,50,ask,EarnestEspressos,FlawlessFlatbreads,5492125
2026-07-03T08:00:26.463396,2026-07-03T08:00:26.474986+00:00,111.4,48,bid,CostlyCorianders,DiligentDonuts,5492146
2026-07-03T08:00:28.205012,2026-07-03T08:00:28.216503+00:00,111.0,48,ask,EarnestEspressos,CostlyCorianders,5492182
2026-07-03T08:00:29.778037,2026-07-03T08:00:29.789531+00:00,111.4,50,bid,FlawlessFlatbreads,EarnestEspressos,5492212
2026-07-03T08:00:31.291352,2026-07-03T08:00:31.305517+00:00,111.4,45,bid,CostlyCorianders,EarnestEspressos,5492243
2026-07-03T08:00:31.896897,2026-07-03T08:00:31.910219+00:00,111.4,50,bid,FlawlessFlatbreads,EarnestEspressos,5492252
2026-07-03T08:00:32.176693,2026-07-03T08:00:32.184736+00:00,111.5,3,ask,EarnestEspressos,Xuanyu Liu,5492258
2026-07-03T08:00:34.058428,2026-07-03T08:00:34.070061+00:00,111.5,50,ask,EarnestEspressos,FlawlessFlatbreads,5492300
2026-07-03T08:00:36.185206,2026-07-03T08:00:36.195213+00:00,111.3,44,ask,EarnestEspressos,CostlyCorianders,5492340
2026-07-03T08:00:36.187793,2026-07-03T08:00:36.195213+00:00,111.3,50,ask,EarnestEspressos,FlawlessFlatbreads,5492341
2026-07-03T08:00:38.292682,2026-07-03T08:00:38.304414+00:00,111.3,50,ask,EarnestEspressos,FlawlessFlatbreads,5492380
2026-07-03T08:00:39.126025,2026-07-03T08:00:39.136038+00:00,111.1,48,ask,DiligentDonuts,CostlyCorianders,5492385
2026-07-03T08:00:39.223249,2026-07-03T08:00:39.231297+00:00,111.2,3,bid,Xuanyu Liu,EarnestEspressos,5492392
2026-07-03T08:00:40.348710,2026-07-03T08:00:40.358605+00:00,111.2,50,bid,FlawlessFlatbreads,EarnestEspressos,5492404
2026-07-03T08:00:42.085260,2026-07-03T08:00:42.096689+00:00,111.5,49,bid,CostlyCorianders,EarnestEspressos,5492429
2026-07-03T08:00:42.457740,2026-07-03T08:00:42.465874+00:00,111.5,50,bid,FlawlessFlatbreads,EarnestEspressos,5492443
2026-07-03T08:00:44.563989,2026-07-03T08:00:44.575899+00:00,111.5,50,bid,FlawlessFlatbreads,EarnestEspressos,5492475
2026-07-03T08:00:44.838663,2026-07-03T08:00:44.846858+00:00,111.5,3,ask,EarnestEspressos,Xuanyu Liu,5492486
2026-07-03T08:00:45.040389,2026-07-03T08:00:45.047833+00:00,111.5,100,ask,EarnestEspressos,DiligentDonuts,5492489
2026-07-03T08:00:46.721586,2026-07-03T08:00:46.733083+00:00,111.5,47,ask,EarnestEspressos,FlawlessFlatbreads,5492510
2026-07-03T08:00:46.721586,2026-07-03T08:00:46.733083+00:00,110.9,3,ask,DiligentDonuts,FlawlessFlatbreads,5492511
2026-07-03T08:00:50.952415,2026-07-03T08:00:50.956490+00:00,111.4,50,ask,DiligentDonuts,FlawlessFlatbreads,5492584
2026-07-03T08:00:51.153532,2026-07-03T08:00:51.158570+00:00,111.4,40,ask,DiligentDonuts,CostlyCorianders,5492586
2026-07-03T08:00:51.755816,2026-07-03T08:00:51.765677+00:00,111.6,48,bid,CostlyCorianders,EarnestEspressos,5492601
2026-07-03T08:00:51.809037,2026-07-03T08:00:51.816562+00:00,111.1,41,ask,EarnestEspressos,CostlyCorianders,5492606
2026-07-03T08:00:53.010005,2026-07-03T08:00:53.019980+00:00,111.6,50,bid,FlawlessFlatbreads,EarnestEspressos,5492627
2026-07-03T08:00:53.410178,2026-07-03T08:00:53.418384+00:00,111.6,42,bid,CostlyCorianders,EarnestEspressos,5492634
2026-07-03T08:00:54.931903,2026-07-03T08:00:54.941780+00:00,111.5,44,ask,EarnestEspressos,CostlyCorianders,5492669
2026-07-03T08:00:55.119124,2026-07-03T08:00:55.127259+00:00,111.6,50,bid,FlawlessFlatbreads,DiligentDonuts,5492675
2026-07-03T08:00:57.276590,2026-07-03T08:00:57.288154+00:00,111.5,50,ask,EarnestEspressos,FlawlessFlatbreads,5492709
2026-07-03T08:00:57.989433,2026-07-03T08:00:58.000817+00:00,111.6,41,bid,CostlyCorianders,EarnestEspressos,5492722
2026-07-03T08:00:59.332680,2026-07-03T08:00:59.344079+00:00,111.6,50,bid,FlawlessFlatbreads,EarnestEspressos,5492741
2026-07-03T08:00:59.556919,2026-07-03T08:00:59.568615+00:00,111.2,45,ask,DiligentDonuts,CostlyCorianders,5492743
2026-07-03T08:01:01.439890,2026-07-03T08:01:01.451366+00:00,111.4,50,bid,FlawlessFlatbreads,DiligentDonuts,5492776
2026-07-03T08:01:02.945953,2026-07-03T08:01:02.952538+00:00,111.2,46,ask,EarnestEspressos,CostlyCorianders,5492807
2026-07-03T08:01:05.198350,2026-07-03T08:01:05.207008+00:00,111.7,41,bid,CostlyCorianders,EarnestEspressos,5492849
2026-07-03T08:01:07.807975,2026-07-03T08:01:07.819443+00:00,111.5,50,ask,EarnestEspressos,FlawlessFlatbreads,5492887
2026-07-03T08:01:09.915709,2026-07-03T08:01:09.922284+00:00,111.5,50,ask,EarnestEspressos,FlawlessFlatbreads,5492927
2026-07-03T08:01:10.689671,2026-07-03T08:01:10.697687+00:00,111.7,14,bid,Xuanyu Liu,EarnestEspressos,5492945
2026-07-03T08:01:11.421646,2026-07-03T08:01:11.433321+00:00,111.7,44,bid,CostlyCorianders,EarnestEspressos,5492955
2026-07-03T08:01:14.072645,2026-07-03T08:01:14.082084+00:00,111.9,50,bid,FlawlessFlatbreads,EarnestEspressos,5492992
2026-07-03T08:01:14.656043,2026-07-03T08:01:14.667537+00:00,111.4,40,ask,EarnestEspressos,CostlyCorianders,5493000
2026-07-03T08:01:16.178301,2026-07-03T08:01:16.189748+00:00,111.9,50,bid,FlawlessFlatbreads,EarnestEspressos,5493029
2026-07-03T08:01:16.461913,2026-07-03T08:01:16.471742+00:00,111.6,11,ask,EarnestEspressos,Xuanyu Liu,5493032
2026-07-03T08:01:17.886328,2026-07-03T08:01:17.895178+00:00,111.9,47,bid,CostlyCorianders,DiligentDonuts,5493050
2026-07-03T08:01:18.285746,2026-07-03T08:01:18.292969+00:00,111.9,50,bid,FlawlessFlatbreads,DiligentDonuts,5493057
2026-07-03T08:01:18.540375,2026-07-03T08:01:18.547988+00:00,111.6,3,ask,EarnestEspressos,Xuanyu Liu,5493063
2026-07-03T08:01:20.117603,2026-07-03T08:01:20.129406+00:00,111.6,47,ask,DiligentDonuts,CostlyCorianders,5493094
2026-07-03T08:01:20.445015,2026-07-03T08:01:20.458624+00:00,111.6,50,ask,DiligentDonuts,FlawlessFlatbreads,5493098
2026-07-03T08:01:22.353755,2026-07-03T08:01:22.333598+00:00,111.6,3,ask,DiligentDonuts,CostlyCorianders,5493118
2026-07-03T08:01:22.353755,2026-07-03T08:01:22.363810+00:00,111.5,46,ask,EarnestEspressos,CostlyCorianders,5493119
2026-07-03T08:01:22.550301,2026-07-03T08:01:22.560107+00:00,111.5,50,ask,EarnestEspressos,FlawlessFlatbreads,5493124
2026-07-03T08:01:24.605077,2026-07-03T08:01:24.615093+00:00,111.7,50,bid,FlawlessFlatbreads,EarnestEspressos,5493163
2026-07-03T08:01:25.241567,2026-07-03T08:01:25.248645+00:00,111.7,3,bid,Xuanyu Liu,EarnestEspressos,5493175
2026-07-03T08:01:26.764104,2026-07-03T08:01:26.772456+00:00,111.7,50,ask,EarnestEspressos,FlawlessFlatbreads,5493198
2026-07-03T08:01:28.876066,2026-07-03T08:01:28.886508+00:00,111.7,50,ask,EarnestEspressos,FlawlessFlatbreads,5493223
2026-07-03T08:01:28.920838,2026-07-03T08:01:28.932204+00:00,112.2,41,bid,CostlyCorianders,EarnestEspressos,5493226
2026-07-03T08:01:30.587756,2026-07-03T08:01:30.599203+00:00,111.7,48,ask,DiligentDonuts,CostlyCorianders,5493258
2026-07-03T08:01:33.039442,2026-07-03T08:01:33.047819+00:00,112.0,50,bid,FlawlessFlatbreads,EarnestEspressos,5493285
2026-07-03T08:01:35.146066,2026-07-03T08:01:35.158594+00:00,112.0,50,bid,FlawlessFlatbreads,EarnestEspressos,5493321
2026-07-03T08:01:35.510796,2026-07-03T08:01:35.521132+00:00,112.1,49,bid,CostlyCorianders,DiligentDonuts,5493327
2026-07-03T08:01:37.252697,2026-07-03T08:01:37.264211+00:00,112.3,50,bid,FlawlessFlatbreads,DiligentDonuts,5493356
2026-07-03T08:01:38.229340,2026-07-03T08:01:38.237514+00:00,111.9,3,ask,EarnestEspressos,Xuanyu Liu,5493365
2026-07-03T08:01:38.772473,2026-07-03T08:01:38.782767+00:00,112.2,45,bid,CostlyCorianders,EarnestEspressos,5493371
2026-07-03T08:01:39.361799,2026-07-03T08:01:39.373233+00:00,112.2,50,bid,FlawlessFlatbreads,EarnestEspressos,5493383
2026-07-03T08:01:41.468036,2026-07-03T08:01:41.479498+00:00,112.2,50,bid,FlawlessFlatbreads,EarnestEspressos,5493421
2026-07-03T08:01:41.759473,2026-07-03T08:01:41.767137+00:00,112.1,14,ask,EarnestEspressos,Xuanyu Liu,5493423
2026-07-03T08:01:42.036038,2026-07-03T08:01:42.045833+00:00,112.1,100,ask,EarnestEspressos,DiligentDonuts,5493427
2026-07-03T08:01:43.584896,2026-07-03T08:01:43.596511+00:00,112.6,50,bid,FlawlessFlatbreads,EarnestEspressos,5493451
2026-07-03T08:01:45.692145,2026-07-03T08:01:45.703480+00:00,112.5,50,bid,FlawlessFlatbreads,EarnestEspressos,5493488
2026-07-03T08:01:47.799353,2026-07-03T08:01:47.810694+00:00,112.5,50,bid,FlawlessFlatbreads,EarnestEspressos,5493515
2026-07-03T08:01:48.072443,2026-07-03T08:01:48.083419+00:00,112.5,100,bid,EarnestEspressos,DiligentDonuts,5493516
2026-07-03T08:01:48.135554,2026-07-03T08:01:48.144295+00:00,112.5,23,ask,EarnestEspressos,Xuanyu Liu,5493518
2026-07-03T08:01:48.732651,2026-07-03T08:01:48.740731+00:00,112.5,23,ask,EarnestEspressos,Xuanyu Liu,5493529
2026-07-03T08:01:48.912277,2026-07-03T08:01:48.922264+00:00,112.5,4,ask,EarnestEspressos,Zihao Wu,5493533
2026-07-03T08:01:49.853193,2026-07-03T08:01:49.864838+00:00,112.4,40,ask,DiligentDonuts,CostlyCorianders,5493547
2026-07-03T08:01:49.905470,2026-07-03T08:01:49.915813+00:00,112.9,50,bid,FlawlessFlatbreads,DiligentDonuts,5493548
2026-07-03T08:01:51.322254,2026-07-03T08:01:51.355295+00:00,112.4,60,ask,DiligentDonuts,EarnestEspressos,5493572
2026-07-03T08:01:51.348957,2026-07-03T08:01:51.355295+00:00,112.3,23,bid,Xuanyu Liu,EarnestEspressos,5493575
2026-07-03T08:01:52.012805,2026-07-03T08:01:52.024506+00:00,112.0,42,ask,DiligentDonuts,CostlyCorianders,5493581
2026-07-03T08:01:52.062538,2026-07-03T08:01:52.072838+00:00,112.0,50,ask,DiligentDonuts,FlawlessFlatbreads,5493584
2026-07-03T08:01:53.543513,2026-07-03T08:01:53.554796+00:00,112.3,41,bid,CostlyCorianders,EarnestEspressos,5493605
2026-07-03T08:01:53.597822,2026-07-03T08:01:53.609201+00:00,112.0,8,ask,DiligentDonuts,CostlyCorianders,5493606
2026-07-03T08:01:53.597822,2026-07-03T08:01:53.609201+00:00,111.8,38,ask,EarnestEspressos,CostlyCorianders,5493607
2026-07-03T08:01:54.168855,2026-07-03T08:01:54.180299+00:00,111.8,50,ask,EarnestEspressos,FlawlessFlatbreads,5493618
2026-07-03T08:01:54.745879,2026-07-03T08:01:54.757224+00:00,112.0,44,ask,EarnestEspressos,CostlyCorianders,5493628
2026-07-03T08:01:55.261126,2026-07-03T08:01:55.272634+00:00,112.4,41,bid,CostlyCorianders,DiligentDonuts,5493635
2026-07-03T08:01:56.273938,2026-07-03T08:01:56.285281+00:00,112.0,50,ask,EarnestEspressos,FlawlessFlatbreads,5493652
2026-07-03T08:01:57.378041,2026-07-03T08:01:57.384845+00:00,112.0,42,ask,EarnestEspressos,CostlyCorianders,5493664
2026-07-03T08:01:57.652651,2026-07-03T08:01:57.657116+00:00,111.9,100,ask,DiligentDonuts,EarnestEspressos,5493673
2026-07-03T08:01:57.659489,2026-07-03T08:01:57.667550+00:00,111.7,37,bid,Xuanyu Liu,EarnestEspressos,5493674
2026-07-03T08:01:58.382797,2026-07-03T08:01:58.392035+00:00,111.5,50,ask,DiligentDonuts,FlawlessFlatbreads,5493688
2026-07-03T08:01:59.606635,2026-07-03T08:01:59.614939+00:00,111.7,13,bid,CostlyCorianders,EarnestEspressos,5493710
2026-07-03T08:01:59.606635,2026-07-03T08:01:59.619948+00:00,112.0,31,bid,CostlyCorianders,DiligentDonuts,5493711
2026-07-03T08:02:00.489773,2026-07-03T08:02:00.501217+00:00,111.5,50,ask,DiligentDonuts,FlawlessFlatbreads,5493719
2026-07-03T08:02:00.761303,2026-07-03T08:02:00.769035+00:00,112.0,69,bid,EarnestEspressos,DiligentDonuts,5493723
2026-07-03T08:02:01.877168,2026-07-03T08:02:01.886520+00:00,112.2,47,bid,CostlyCorianders,DiligentDonuts,5493739
2026-07-03T08:02:04.700649,2026-07-03T08:02:04.710860+00:00,112.1,50,ask,DiligentDonuts,FlawlessFlatbreads,5493792
2026-07-03T08:02:04.930733,2026-07-03T08:02:04.939460+00:00,112.1,42,ask,DiligentDonuts,CostlyCorianders,5493797
2026-07-03T08:02:05.509072,2026-07-03T08:02:05.516540+00:00,112.3,45,bid,CostlyCorianders,EarnestEspressos,5493806
2026-07-03T08:02:06.757244,2026-07-03T08:02:06.768558+00:00,112.3,50,bid,FlawlessFlatbreads,EarnestEspressos,5493828
2026-07-03T08:02:07.338583,2026-07-03T08:02:07.347141+00:00,112.3,100,ask,EarnestEspressos,DiligentDonuts,5493836
2026-07-03T08:02:08.914640,2026-07-03T08:02:08.926206+00:00,112.3,50,ask,EarnestEspressos,FlawlessFlatbreads,5493868
2026-07-03T08:02:11.022700,2026-07-03T08:02:11.031373+00:00,112.3,50,ask,DiligentDonuts,FlawlessFlatbreads,5493901
2026-07-03T08:02:11.485293,2026-07-03T08:02:11.494249+00:00,112.3,41,ask,DiligentDonuts,CostlyCorianders,5493910
2026-07-03T08:02:13.129238,2026-07-03T08:02:13.140827+00:00,112.3,9,ask,DiligentDonuts,FlawlessFlatbreads,5493941
2026-07-03T08:02:13.129238,2026-07-03T08:02:13.140827+00:00,112.0,41,ask,EarnestEspressos,FlawlessFlatbreads,5493942
2026-07-03T08:02:13.581465,2026-07-03T08:02:13.593166+00:00,112.1,40,bid,CostlyCorianders,EarnestEspressos,5493946
2026-07-03T08:02:14.211406,2026-07-03T08:02:14.219329+00:00,112.1,49,bid,CostlyCorianders,EarnestEspressos,5493955
2026-07-03T08:02:15.236763,2026-07-03T08:02:15.240694+00:00,111.8,50,ask,DiligentDonuts,FlawlessFlatbreads,5493974
2026-07-03T08:02:16.275385,2026-07-03T08:02:16.283973+00:00,112.1,14,bid,Xuanyu Liu,EarnestEspressos,5493994
2026-07-03T08:02:16.584819,2026-07-03T08:02:16.593585+00:00,112.3,100,bid,EarnestEspressos,DiligentDonuts,5493997
2026-07-03T08:02:16.665322,2026-07-03T08:02:16.672901+00:00,112.4,11,ask,EarnestEspressos,Xuanyu Liu,5494002
2026-07-03T08:02:16.737535,2026-07-03T08:02:16.768678+00:00,112.4,39,ask,EarnestEspressos,CostlyCorianders,5494005
2026-07-03T08:02:17.296163,2026-07-03T08:02:17.307427+00:00,112.3,46,ask,DiligentDonuts,CostlyCorianders,5494009
2026-07-03T08:02:17.341780,2026-07-03T08:02:17.350132+00:00,112.3,50,ask,DiligentDonuts,FlawlessFlatbreads,5494011
2026-07-03T08:02:18.414398,2026-07-03T08:02:18.425974+00:00,112.8,49,bid,CostlyCorianders,DiligentDonuts,5494029
2026-07-03T08:02:18.956211,2026-07-03T08:02:18.969495+00:00,112.3,4,ask,DiligentDonuts,CostlyCorianders,5494041
2026-07-03T08:02:21.144984,2026-07-03T08:02:21.154534+00:00,112.3,48,bid,CostlyCorianders,EarnestEspressos,5494081
2026-07-03T08:02:21.550953,2026-07-03T08:02:21.564368+00:00,112.1,50,ask,DiligentDonuts,FlawlessFlatbreads,5494093
2026-07-03T08:02:22.098111,2026-07-03T08:02:22.108465+00:00,112.1,45,ask,DiligentDonuts,CostlyCorianders,5494099
2026-07-03T08:02:23.655699,2026-07-03T08:02:23.668935+00:00,111.8,50,ask,EarnestEspressos,FlawlessFlatbreads,5494124
2026-07-03T08:02:24.179441,2026-07-03T08:02:24.188895+00:00,111.8,44,ask,EarnestEspressos,CostlyCorianders,5494138
2026-07-03T08:02:25.717794,2026-07-03T08:02:25.731194+00:00,112.2,50,bid,FlawlessFlatbreads,DiligentDonuts,5494158
2026-07-03T08:02:26.149575,2026-07-03T08:02:26.158222+00:00,111.8,11,bid,Xuanyu Liu,EarnestEspressos,5494166
2026-07-03T08:02:26.737534,2026-07-03T08:02:26.744625+00:00,111.8,12,bid,Xuanyu Liu,EarnestEspressos,5494173
2026-07-03T08:02:27.824172,2026-07-03T08:02:27.835631+00:00,111.8,50,bid,FlawlessFlatbreads,EarnestEspressos,5494203
2026-07-03T08:02:28.971943,2026-07-03T08:02:28.983072+00:00,111.8,45,bid,Zihao Wu,EarnestEspressos,5494219
2026-07-03T08:02:29.984408,2026-07-03T08:02:29.995750+00:00,111.8,50,ask,EarnestEspressos,FlawlessFlatbreads,5494243
2026-07-03T08:02:31.213229,2026-07-03T08:02:31.219810+00:00,112.2,46,bid,CostlyCorianders,DiligentDonuts,5494260
2026-07-03T08:02:32.090889,2026-07-03T08:02:32.102248+00:00,111.8,50,ask,EarnestEspressos,FlawlessFlatbreads,5494279
2026-07-03T08:02:34.205897,2026-07-03T08:02:34.220924+00:00,112.0,50,ask,DiligentDonuts,FlawlessFlatbreads,5494301
2026-07-03T08:02:34.634151,2026-07-03T08:02:34.643148+00:00,112.0,12,ask,DiligentDonuts,Xuanyu Liu,5494310
2026-07-03T08:02:35.637625,2026-07-03T08:02:35.648975+00:00,112.0,38,ask,DiligentDonuts,EarnestEspressos,5494323
2026-07-03T08:02:36.313952,2026-07-03T08:02:36.323957+00:00,111.6,50,ask,DiligentDonuts,FlawlessFlatbreads,5494333
2026-07-03T08:02:37.667679,2026-07-03T08:02:37.679037+00:00,111.9,47,bid,CostlyCorianders,EarnestEspressos,5494343
2026-07-03T08:02:38.419388,2026-07-03T08:02:38.429067+00:00,111.6,50,ask,DiligentDonuts,FlawlessFlatbreads,5494359
2026-07-03T08:02:38.987107,2026-07-03T08:02:38.994741+00:00,111.7,100,ask,EarnestEspressos,DiligentDonuts,5494372
2026-07-03T08:02:39.184181,2026-07-03T08:02:39.194962+00:00,111.7,49,ask,EarnestEspressos,CostlyCorianders,5494376
2026-07-03T08:02:39.640176,2026-07-03T08:02:39.652541+00:00,111.7,1,ask,EarnestEspressos,CostlyCorianders,5494388
2026-07-03T08:02:40.528701,2026-07-03T08:02:40.537818+00:00,111.2,50,ask,DiligentDonuts,FlawlessFlatbreads,5494399
2026-07-03T08:02:41.687838,2026-07-03T08:02:41.694697+00:00,112.2,42,bid,CostlyCorianders,EarnestEspressos,5494413
2026-07-03T08:02:42.637220,2026-07-03T08:02:42.648498+00:00,111.5,50,ask,DiligentDonuts,FlawlessFlatbreads,5494425
2026-07-03T08:02:43.814960,2026-07-03T08:02:43.822134+00:00,111.9,12,bid,Xuanyu Liu,EarnestEspressos,5494450
2026-07-03T08:02:44.417917,2026-07-03T08:02:44.428788+00:00,111.5,41,ask,DiligentDonuts,CostlyCorianders,5494459
2026-07-03T08:02:44.744546,2026-07-03T08:02:44.756154+00:00,111.5,9,ask,DiligentDonuts,FlawlessFlatbreads,5494464
2026-07-03T08:02:44.744546,2026-07-03T08:02:44.756154+00:00,111.4,41,ask,EarnestEspressos,FlawlessFlatbreads,5494465
2026-07-03T08:02:45.346045,2026-07-03T08:02:45.358917+00:00,111.7,11,bid,Xuanyu Liu,DiligentDonuts,5494472
2026-07-03T08:02:45.943649,2026-07-03T08:02:45.954998+00:00,111.7,46,bid,CostlyCorianders,DiligentDonuts,5494477
2026-07-03T08:02:46.853982,2026-07-03T08:02:46.858543+00:00,111.3,50,ask,EarnestEspressos,FlawlessFlatbreads,5494488
2026-07-03T08:02:48.315479,2026-07-03T08:02:48.323518+00:00,111.6,12,bid,Xuanyu Liu,EarnestEspressos,5494521
2026-07-03T08:02:48.745058,2026-07-03T08:02:48.761823+00:00,111.6,11,bid,Xuanyu Liu,EarnestEspressos,5494528
2026-07-03T08:02:48.962054,2026-07-03T08:02:48.973469+00:00,111.4,50,ask,DiligentDonuts,FlawlessFlatbreads,5494537
2026-07-03T08:02:49.056757,2026-07-03T08:02:49.063630+00:00,111.6,45,bid,CostlyCorianders,EarnestEspressos,5494538
2026-07-03T08:02:50.379804,2026-07-03T08:02:50.388619+00:00,111.6,23,bid,Xuanyu Liu,EarnestEspressos,5494564
2026-07-03T08:02:50.662029,2026-07-03T08:02:50.673304+00:00,111.6,47,bid,CostlyCorianders,EarnestEspressos,5494571
2026-07-03T08:02:51.068493,2026-07-03T08:02:51.080295+00:00,111.4,50,ask,DiligentDonuts,FlawlessFlatbreads,5494577
2026-07-03T08:02:51.296102,2026-07-03T08:02:51.307942+00:00,111.1,45,ask,EarnestEspressos,CostlyCorianders,5494583
2026-07-03T08:02:52.705886,2026-07-03T08:02:52.717263+00:00,111.7,49,ask,EarnestEspressos,CostlyCorianders,5494611
2026-07-03T08:02:53.124120,2026-07-03T08:02:53.135695+00:00,111.9,50,bid,FlawlessFlatbreads,DiligentDonuts,5494615
2026-07-03T08:02:54.743780,2026-07-03T08:02:54.751627+00:00,111.6,49,ask,EarnestEspressos,CostlyCorianders,5494641
2026-07-03T08:02:55.284290,2026-07-03T08:02:55.292673+00:00,111.6,50,ask,EarnestEspressos,FlawlessFlatbreads,5494653
2026-07-03T08:02:57.390069,2026-07-03T08:02:57.401543+00:00,111.6,50,ask,EarnestEspressos,FlawlessFlatbreads,5494672
2026-07-03T08:02:57.798470,2026-07-03T08:02:57.806427+00:00,111.6,17,bid,Xuanyu Liu,EarnestEspressos,5494674
2026-07-03T08:02:57.936066,2026-07-03T08:02:57.942312+00:00,111.6,100,bid,DiligentDonuts,EarnestEspressos,5494679
2026-07-03T08:03:00.375183,2026-07-03T08:03:00.386956+00:00,111.6,33,bid,CostlyCorianders,EarnestEspressos,5494721
2026-07-03T08:03:00.375183,2026-07-03T08:03:00.386956+00:00,112.2,9,bid,CostlyCorianders,DiligentDonuts,5494722
2026-07-03T08:03:01.551699,2026-07-03T08:03:01.553396+00:00,112.0,42,bid,CostlyCorianders,DiligentDonuts,5494737
2026-07-03T08:03:01.603992,2026-07-03T08:03:01.613144+00:00,111.7,50,ask,EarnestEspressos,FlawlessFlatbreads,5494740
2026-07-03T08:03:03.659802,2026-07-03T08:03:03.671255+00:00,112.0,50,bid,FlawlessFlatbreads,DiligentDonuts,5494776
2026-07-03T08:03:04.178759,2026-07-03T08:03:04.190118+00:00,112.0,8,bid,CostlyCorianders,DiligentDonuts,5494786
2026-07-03T08:03:04.178759,2026-07-03T08:03:04.190118+00:00,112.1,34,bid,CostlyCorianders,EarnestEspressos,5494787
2026-07-03T08:03:07.872244,2026-07-03T08:03:07.883485+00:00,112.1,50,bid,FlawlessFlatbreads,EarnestEspressos,5494853
2026-07-03T08:03:09.978286,2026-07-03T08:03:09.989691+00:00,112.1,50,bid,FlawlessFlatbreads,EarnestEspressos,5494888
2026-07-03T08:03:10.380285,2026-07-03T08:03:10.391709+00:00,112.2,100,bid,EarnestEspressos,DiligentDonuts,5494889
2026-07-03T08:03:10.444209,2026-07-03T08:03:10.453117+00:00,112.2,29,ask,EarnestEspressos,Xuanyu Liu,5494890
2026-07-03T08:03:10.912222,2026-07-03T08:03:10.923975+00:00,112.2,21,ask,EarnestEspressos,CostlyCorianders,5494901
2026-07-03T08:03:10.912222,2026-07-03T08:03:10.923975+00:00,112.2,26,ask,DiligentDonuts,CostlyCorianders,5494902
2026-07-03T08:03:12.005192,2026-07-03T08:03:12.016546+00:00,112.2,43,ask,DiligentDonuts,CostlyCorianders,5494924
2026-07-03T08:03:12.137224,2026-07-03T08:03:12.149000+00:00,112.2,31,ask,DiligentDonuts,FlawlessFlatbreads,5494928
2026-07-03T08:03:13.952787,2026-07-03T08:03:13.963139+00:00,112.2,12,bid,Xuanyu Liu,EarnestEspressos,5494957
2026-07-03T08:03:14.244914,2026-07-03T08:03:14.258596+00:00,111.9,50,ask,DiligentDonuts,FlawlessFlatbreads,5494966
2026-07-03T08:03:15.269828,2026-07-03T08:03:15.278668+00:00,112.2,11,bid,Xuanyu Liu,EarnestEspressos,5494976
2026-07-03T08:03:16.353141,2026-07-03T08:03:16.364547+00:00,111.9,50,ask,DiligentDonuts,FlawlessFlatbreads,5494997
2026-07-03T08:03:16.532184,2026-07-03T08:03:16.543487+00:00,112.2,45,bid,CostlyCorianders,EarnestEspressos,5494999
2026-07-03T08:03:17.171251,2026-07-03T08:03:17.179481+00:00,112.1,44,ask,EarnestEspressos,CostlyCorianders,5495011
2026-07-03T08:03:18.407749,2026-07-03T08:03:18.419182+00:00,112.2,50,bid,FlawlessFlatbreads,DiligentDonuts,5495037
2026-07-03T08:03:18.983435,2026-07-03T08:03:18.990034+00:00,112.2,45,bid,CostlyCorianders,DiligentDonuts,5495042
2026-07-03T08:03:19.059672,2026-07-03T08:03:19.068113+00:00,112.1,11,ask,EarnestEspressos,Xuanyu Liu,5495046
2026-07-03T08:03:20.582216,2026-07-03T08:03:20.593771+00:00,112.1,50,ask,DiligentDonuts,FlawlessFlatbreads,5495076
2026-07-03T08:03:22.691372,2026-07-03T08:03:22.702680+00:00,112.1,50,ask,DiligentDonuts,FlawlessFlatbreads,5495094
2026-07-03T08:03:24.268667,2026-07-03T08:03:24.277893+00:00,112.2,40,bid,CostlyCorianders,DiligentDonuts,5495113
2026-07-03T08:03:24.322377,2026-07-03T08:03:24.333697+00:00,111.8,48,ask,EarnestEspressos,CostlyCorianders,5495114
2026-07-03T08:03:24.748078,2026-07-03T08:03:24.755164+00:00,112.2,50,bid,FlawlessFlatbreads,DiligentDonuts,5495124
2026-07-03T08:03:25.493016,2026-07-03T08:03:25.502572+00:00,111.8,41,ask,EarnestEspressos,CostlyCorianders,5495138
2026-07-03T08:03:26.248301,2026-07-03T08:03:26.268843+00:00,111.7,100,ask,DiligentDonuts,EarnestEspressos,5495149
2026-07-03T08:03:26.259500,2026-07-03T08:03:26.268843+00:00,111.7,11,bid,Xuanyu Liu,EarnestEspressos,5495151
2026-07-03T08:03:26.853420,2026-07-03T08:03:26.858539+00:00,111.7,39,bid,FlawlessFlatbreads,EarnestEspressos,5495157
2026-07-03T08:03:26.853420,2026-07-03T08:03:26.868843+00:00,111.9,11,bid,FlawlessFlatbreads,DiligentDonuts,5495158
2026-07-03T08:03:28.049208,2026-07-03T08:03:28.055640+00:00,111.9,46,bid,CostlyCorianders,DiligentDonuts,5495178
2026-07-03T08:03:28.961483,2026-07-03T08:03:28.973019+00:00,111.9,43,bid,FlawlessFlatbreads,DiligentDonuts,5495191
2026-07-03T08:03:31.089437,2026-07-03T08:03:31.096118+00:00,112.2,50,bid,FlawlessFlatbreads,DiligentDonuts,5495222
2026-07-03T08:03:32.359595,2026-07-03T08:03:32.368641+00:00,111.8,11,ask,EarnestEspressos,Xuanyu Liu,5495245
2026-07-03T08:03:35.298190,2026-07-03T08:03:35.309713+00:00,112.1,50,bid,FlawlessFlatbreads,EarnestEspressos,5495293
2026-07-03T08:03:37.405732,2026-07-03T08:03:37.415051+00:00,112.1,50,bid,FlawlessFlatbreads,DiligentDonuts,5495325
2026-07-03T08:03:39.516103,2026-07-03T08:03:39.523730+00:00,112.3,50,bid,FlawlessFlatbreads,EarnestEspressos,5495356
2026-07-03T08:03:40.051229,2026-07-03T08:03:40.063811+00:00,111.9,41,ask,DiligentDonuts,CostlyCorianders,5495365
2026-07-03T08:03:40.216931,2026-07-03T08:03:40.225478+00:00,111.9,34,ask,DiligentDonuts,Xuanyu Liu,5495366
2026-07-03T08:03:41.524547,2026-07-03T08:03:41.532366+00:00,111.9,12,ask,DiligentDonuts,Xuanyu Liu,5495384
2026-07-03T08:03:41.622394,2026-07-03T08:03:41.633906+00:00,112.3,50,bid,FlawlessFlatbreads,EarnestEspressos,5495387
2026-07-03T08:03:42.274743,2026-07-03T08:03:42.283667+00:00,111.9,100,ask,EarnestEspressos,DiligentDonuts,5495401
2026-07-03T08:03:43.242009,2026-07-03T08:03:43.253557+00:00,112.4,46,bid,CostlyCorianders,EarnestEspressos,5495424
2026-07-03T08:03:43.729952,2026-07-03T08:03:43.741505+00:00,112.4,50,bid,FlawlessFlatbreads,EarnestEspressos,5495430
2026-07-03T08:03:44.446965,2026-07-03T08:03:44.454266+00:00,111.9,49,ask,EarnestEspressos,CostlyCorianders,5495440
2026-07-03T08:03:45.847002,2026-07-03T08:03:45.858615+00:00,112.2,50,bid,FlawlessFlatbreads,DiligentDonuts,5495455
2026-07-03T08:03:47.474385,2026-07-03T08:03:47.486242+00:00,111.8,49,ask,EarnestEspressos,CostlyCorianders,5495470
2026-07-03T08:03:47.955381,2026-07-03T08:03:47.966908+00:00,112.2,50,bid,FlawlessFlatbreads,DiligentDonuts,5495481
2026-07-03T08:03:50.061951,2026-07-03T08:03:50.073574+00:00,112.0,50,bid,FlawlessFlatbreads,EarnestEspressos,5495505
2026-07-03T08:03:51.083135,2026-07-03T08:03:51.094517+00:00,112.0,49,bid,CostlyCorianders,EarnestEspressos,5495520
2026-07-03T08:03:52.171276,2026-07-03T08:03:52.180060+00:00,112.6,50,bid,FlawlessFlatbreads,EarnestEspressos,5495539
2026-07-03T08:03:52.225271,2026-07-03T08:03:52.232028+00:00,112.1,43,ask,EarnestEspressos,CostlyCorianders,5495540
2026-07-03T08:03:54.336275,2026-07-03T08:03:54.344137+00:00,112.1,50,ask,EarnestEspressos,FlawlessFlatbreads,5495577
2026-07-03T08:03:54.668112,2026-07-03T08:03:54.703500+00:00,112.1,11,ask,DiligentDonuts,Xuanyu Liu,5495583
2026-07-03T08:03:55.819364,2026-07-03T08:03:55.829789+00:00,112.0,43,ask,DiligentDonuts,CostlyCorianders,5495604
2026-07-03T08:03:56.442489,2026-07-03T08:03:56.453772+00:00,112.0,50,ask,DiligentDonuts,FlawlessFlatbreads,5495613
2026-07-03T08:03:58.552474,2026-07-03T08:03:58.559357+00:00,111.8,50,ask,EarnestEspressos,FlawlessFlatbreads,5495637
2026-07-03T08:04:00.580600,2026-07-03T08:04:00.589151+00:00,112.2,46,bid,CostlyCorianders,DiligentDonuts,5495667
2026-07-03T08:04:00.658057,2026-07-03T08:04:00.669448+00:00,111.8,50,ask,EarnestEspressos,FlawlessFlatbreads,5495668
2026-07-03T08:04:01.083122,2026-07-03T08:04:01.092716+00:00,111.9,11,bid,Xuanyu Liu,EarnestEspressos,5495679
2026-07-03T08:04:01.210699,2026-07-03T08:04:01.219402+00:00,111.9,12,bid,Xuanyu Liu,EarnestEspressos,5495686
2026-07-03T08:04:02.178402,2026-07-03T08:04:02.190639+00:00,111.9,47,bid,CostlyCorianders,EarnestEspressos,5495703
2026-07-03T08:04:02.745743,2026-07-03T08:04:02.758544+00:00,111.9,40,bid,CostlyCorianders,EarnestEspressos,5495713
2026-07-03T08:04:02.766765,2026-07-03T08:04:02.777659+00:00,111.8,50,ask,DiligentDonuts,FlawlessFlatbreads,5495715
2026-07-03T08:04:06.977351,2026-07-03T08:04:06.984870+00:00,111.8,50,ask,EarnestEspressos,FlawlessFlatbreads,5495766
2026-07-03T08:04:11.136396,2026-07-03T08:04:11.146393+00:00,112.1,50,bid,FlawlessFlatbreads,EarnestEspressos,5495829
2026-07-03T08:04:13.686567,2026-07-03T08:04:13.695356+00:00,111.8,12,ask,EarnestEspressos,Xuanyu Liu,5495868
2026-07-03T08:04:15.348568,2026-07-03T08:04:15.363676+00:00,112.0,50,bid,FlawlessFlatbreads,DiligentDonuts,5495910
2026-07-03T08:04:15.635444,2026-07-03T08:04:15.642779+00:00,111.8,49,ask,EarnestEspressos,CostlyCorianders,5495913
2026-07-03T08:04:15.698066,2026-07-03T08:04:15.705845+00:00,111.8,23,ask,EarnestEspressos,Xuanyu Liu,5495915
2026-07-03T08:04:17.008626,2026-07-03T08:04:17.017089+00:00,111.9,12,bid,Xuanyu Liu,EarnestEspressos,5495932
2026-07-03T08:04:17.275670,2026-07-03T08:04:17.287229+00:00,111.5,47,ask,DiligentDonuts,CostlyCorianders,5495937
2026-07-03T08:04:17.453399,2026-07-03T08:04:17.463963+00:00,111.9,50,bid,FlawlessFlatbreads,EarnestEspressos,5495940
2026-07-03T08:04:18.800664,2026-07-03T08:04:18.807849+00:00,111.9,44,bid,CostlyCorianders,EarnestEspressos,5495955
2026-07-03T08:04:19.314157,2026-07-03T08:04:19.323706+00:00,111.5,46,ask,DiligentDonuts,CostlyCorianders,5495963
2026-07-03T08:04:19.560861,2026-07-03T08:04:19.569962+00:00,111.9,44,bid,FlawlessFlatbreads,EarnestEspressos,5495974
2026-07-03T08:04:19.560861,2026-07-03T08:04:19.569962+00:00,112.0,6,bid,FlawlessFlatbreads,DiligentDonuts,5495975
2026-07-03T08:04:20.000223,2026-07-03T08:04:20.011938+00:00,112.0,94,bid,EarnestEspressos,DiligentDonuts,5495978
2026-07-03T08:04:20.064895,2026-07-03T08:04:20.073852+00:00,112.1,23,ask,EarnestEspressos,Xuanyu Liu,5495979
2026-07-03T08:04:20.298511,2026-07-03T08:04:20.309910+00:00,112.1,33,ask,EarnestEspressos,DiligentDonuts,5495984
2026-07-03T08:04:21.668612,2026-07-03T08:04:21.678658+00:00,112.1,50,bid,FlawlessFlatbreads,DiligentDonuts,5496006
2026-07-03T08:04:22.701554,2026-07-03T08:04:22.709618+00:00,112.1,17,bid,CostlyCorianders,DiligentDonuts,5496012
2026-07-03T08:04:22.701554,2026-07-03T08:04:22.709618+00:00,112.6,27,bid,CostlyCorianders,EarnestEspressos,5496013
2026-07-03T08:04:23.230965,2026-07-03T08:04:23.242558+00:00,111.6,43,ask,DiligentDonuts,CostlyCorianders,5496019
2026-07-03T08:04:23.827426,2026-07-03T08:04:23.839283+00:00,111.8,50,ask,DiligentDonuts,FlawlessFlatbreads,5496027
2026-07-03T08:04:24.200086,2026-07-03T08:04:24.209352+00:00,111.8,47,ask,DiligentDonuts,CostlyCorianders,5496029
2026-07-03T08:04:25.423380,2026-07-03T08:04:25.431838+00:00,112.1,49,bid,CostlyCorianders,EarnestEspressos,5496042
2026-07-03T08:04:25.882762,2026-07-03T08:04:25.894067+00:00,112.1,50,bid,FlawlessFlatbreads,EarnestEspressos,5496055
2026-07-03T08:04:25.912829,2026-07-03T08:04:25.924350+00:00,112.1,44,bid,CostlyCorianders,EarnestEspressos,5496056
2026-07-03T08:04:26.354678,2026-07-03T08:04:26.363622+00:00,112.0,3,ask,EarnestEspressos,Xuanyu Liu,5496060
2026-07-03T08:04:26.622884,2026-07-03T08:04:26.629493+00:00,112.0,100,ask,EarnestEspressos,DiligentDonuts,5496063
2026-07-03T08:04:30.111191,2026-07-03T08:04:30.119006+00:00,112.4,50,bid,FlawlessFlatbreads,EarnestEspressos,5496132
2026-07-03T08:04:30.198061,2026-07-03T08:04:30.205873+00:00,111.9,42,ask,EarnestEspressos,CostlyCorianders,5496134
2026-07-03T08:04:30.784297,2026-07-03T08:04:30.796039+00:00,112.4,44,bid,CostlyCorianders,EarnestEspressos,5496138
2026-07-03T08:04:32.234313,2026-07-03T08:04:32.245960+00:00,112.4,50,bid,FlawlessFlatbreads,EarnestEspressos,5496159
2026-07-03T08:04:34.394810,2026-07-03T08:04:34.406424+00:00,112.2,50,ask,EarnestEspressos,FlawlessFlatbreads,5496193
2026-07-03T08:04:34.555839,2026-07-03T08:04:34.567497+00:00,112.3,40,bid,CostlyCorianders,DiligentDonuts,5496194
2026-07-03T08:04:34.610242,2026-07-03T08:04:34.621603+00:00,112.2,47,ask,EarnestEspressos,CostlyCorianders,5496195
2026-07-03T08:04:35.744313,2026-07-03T08:04:35.755757+00:00,112.3,40,bid,CostlyCorianders,DiligentDonuts,5496209
2026-07-03T08:04:36.502027,2026-07-03T08:04:36.511395+00:00,112.3,50,ask,DiligentDonuts,FlawlessFlatbreads,5496223
2026-07-03T08:04:38.405193,2026-07-03T08:04:38.412823+00:00,112.3,46,ask,DiligentDonuts,CostlyCorianders,5496253
2026-07-03T08:04:38.608159,2026-07-03T08:04:38.619637+00:00,112.3,4,ask,DiligentDonuts,FlawlessFlatbreads,5496256
2026-07-03T08:04:38.608159,2026-07-03T08:04:38.619637+00:00,112.0,46,ask,EarnestEspressos,FlawlessFlatbreads,5496257
2026-07-03T08:04:38.938796,2026-07-03T08:04:38.947305+00:00,112.5,41,bid,CostlyCorianders,EarnestEspressos,5496266
2026-07-03T08:04:40.487890,2026-07-03T08:04:40.499472+00:00,112.1,48,ask,DiligentDonuts,CostlyCorianders,5496293
2026-07-03T08:04:40.716939,2026-07-03T08:04:40.723427+00:00,112.1,50,ask,DiligentDonuts,FlawlessFlatbreads,5496296
2026-07-03T08:04:42.109472,2026-07-03T08:04:42.120579+00:00,112.1,2,ask,DiligentDonuts,CostlyCorianders,5496312
2026-07-03T08:04:42.446253,2026-07-03T08:04:42.454477+00:00,112.1,3,bid,Xuanyu Liu,DiligentDonuts,5496320
2026-07-03T08:04:42.574468,2026-07-03T08:04:42.582789+00:00,112.1,11,bid,Xuanyu Liu,DiligentDonuts,5496323
2026-07-03T08:04:43.754207,2026-07-03T08:04:43.758614+00:00,111.9,40,ask,EarnestEspressos,CostlyCorianders,5496340
2026-07-03T08:04:44.875887,2026-07-03T08:04:44.887608+00:00,112.1,50,bid,FlawlessFlatbreads,DiligentDonuts,5496362
2026-07-03T08:04:45.261182,2026-07-03T08:04:45.273019+00:00,112.1,36,bid,CostlyCorianders,DiligentDonuts,5496370
2026-07-03T08:04:45.261182,2026-07-03T08:04:45.273019+00:00,112.4,4,bid,CostlyCorianders,EarnestEspressos,5496371
2026-07-03T08:04:46.984608,2026-07-03T08:04:46.991552+00:00,112.3,50,bid,FlawlessFlatbreads,EarnestEspressos,5496399
2026-07-03T08:04:47.427913,2026-07-03T08:04:47.434655+00:00,112.0,46,ask,DiligentDonuts,CostlyCorianders,5496404
2026-07-03T08:04:51.254601,2026-07-03T08:04:51.266031+00:00,112.0,50,ask,EarnestEspressos,FlawlessFlatbreads,5496458
2026-07-03T08:04:53.361441,2026-07-03T08:04:53.368989+00:00,111.9,50,ask,EarnestEspressos,FlawlessFlatbreads,5496478
2026-07-03T08:04:54.999184,2026-07-03T08:04:55.006240+00:00,112.3,12,bid,Xuanyu Liu,EarnestEspressos,5496501
2026-07-03T08:04:55.467136,2026-07-03T08:04:55.478831+00:00,111.8,50,ask,EarnestEspressos,FlawlessFlatbreads,5496515
2026-07-03T08:04:55.886527,2026-07-03T08:04:55.894970+00:00,112.3,48,bid,CostlyCorianders,EarnestEspressos,5496524
2026-07-03T08:04:57.396291,2026-07-03T08:04:57.407834+00:00,112.3,41,bid,CostlyCorianders,EarnestEspressos,5496540
2026-07-03T08:04:57.576735,2026-07-03T08:04:57.584703+00:00,111.8,50,ask,EarnestEspressos,FlawlessFlatbreads,5496546
2026-07-03T08:04:59.681754,2026-07-03T08:04:59.690630+00:00,112.1,50,ask,DiligentDonuts,FlawlessFlatbreads,5496596
2026-07-03T08:05:00.837912,2026-07-03T08:05:00.849261+00:00,112.1,49,ask,DiligentDonuts,CostlyCorianders,5496619
2026-07-03T08:05:01.736197,2026-07-03T08:05:01.744609+00:00,112.3,50,bid,FlawlessFlatbreads,DiligentDonuts,5496630
2026-07-03T08:05:01.929535,2026-07-03T08:05:01.939659+00:00,112.3,46,bid,CostlyCorianders,DiligentDonuts,5496633
2026-07-03T08:05:02.925764,2026-07-03T08:05:02.935126+00:00,112.3,4,bid,CostlyCorianders,DiligentDonuts,5496650
2026-07-03T08:05:03.844676,2026-07-03T08:05:03.856203+00:00,112.4,50,bid,FlawlessFlatbreads,EarnestEspressos,5496663
2026-07-03T08:05:06.006037,2026-07-03T08:05:06.017674+00:00,112.2,50,ask,EarnestEspressos,FlawlessFlatbreads,5496705
2026-07-03T08:05:08.112808,2026-07-03T08:05:08.123168+00:00,112.3,50,ask,DiligentDonuts,FlawlessFlatbreads,5496742
2026-07-03T08:05:10.192659,2026-07-03T08:05:10.202991+00:00,112.3,42,ask,DiligentDonuts,CostlyCorianders,5496777
2026-07-03T08:05:10.219393,2026-07-03T08:05:10.230993+00:00,112.3,8,ask,DiligentDonuts,FlawlessFlatbreads,5496780
2026-07-03T08:05:12.275902,2026-07-03T08:05:12.282461+00:00,112.5,50,bid,FlawlessFlatbreads,EarnestEspressos,5496819
2026-07-03T08:05:12.834863,2026-07-03T08:05:12.844728+00:00,112.5,47,bid,CostlyCorianders,EarnestEspressos,5496822
2026-07-03T08:05:13.951519,2026-07-03T08:05:13.963634+00:00,112.3,42,ask,EarnestEspressos,CostlyCorianders,5496841
2026-07-03T08:05:14.076330,2026-07-03T08:05:14.084500+00:00,112.3,100,ask,EarnestEspressos,DiligentDonuts,5496844
2026-07-03T08:05:14.432350,2026-07-03T08:05:14.443715+00:00,112.3,8,ask,EarnestEspressos,FlawlessFlatbreads,5496853
2026-07-03T08:05:14.432350,2026-07-03T08:05:14.443715+00:00,111.8,42,ask,DiligentDonuts,FlawlessFlatbreads,5496854
2026-07-03T08:05:16.541823,2026-07-03T08:05:16.548499+00:00,111.8,50,ask,DiligentDonuts,FlawlessFlatbreads,5496895
2026-07-03T08:05:16.903561,2026-07-03T08:05:16.915117+00:00,111.8,8,ask,DiligentDonuts,CostlyCorianders,5496901
2026-07-03T08:05:17.065542,2026-07-03T08:05:17.073972+00:00,112.0,11,bid,Xuanyu Liu,EarnestEspressos,5496903
2026-07-03T08:05:18.595857,2026-07-03T08:05:18.606369+00:00,112.0,23,bid,Xuanyu Liu,EarnestEspressos,5496920
2026-07-03T08:05:18.654190,2026-07-03T08:05:18.663798+00:00,111.6,50,ask,DiligentDonuts,FlawlessFlatbreads,5496922
2026-07-03T08:05:20.765095,2026-07-03T08:05:20.775571+00:00,111.8,50,ask,EarnestEspressos,FlawlessFlatbreads,5496957
2026-07-03T08:05:21.221373,2026-07-03T08:05:21.230307+00:00,112.1,11,bid,Xuanyu Liu,DiligentDonuts,5496964
2026-07-03T08:05:22.871987,2026-07-03T08:05:22.882872+00:00,111.8,50,ask,EarnestEspressos,FlawlessFlatbreads,5496996
2026-07-03T08:05:24.048582,2026-07-03T08:05:24.058623+00:00,112.1,45,bid,CostlyCorianders,EarnestEspressos,5497023
2026-07-03T08:05:24.671436,2026-07-03T08:05:24.680710+00:00,112.1,48,bid,CostlyCorianders,EarnestEspressos,5497030
2026-07-03T08:05:24.980636,2026-07-03T08:05:24.990399+00:00,111.9,50,ask,DiligentDonuts,FlawlessFlatbreads,5497036
2026-07-03T08:05:25.242354,2026-07-03T08:05:25.253946+00:00,111.9,49,ask,DiligentDonuts,CostlyCorianders,5497037
2026-07-03T08:05:26.760820,2026-07-03T08:05:26.768891+00:00,112.0,47,ask,EarnestEspressos,CostlyCorianders,5497061
2026-07-03T08:05:27.087806,2026-07-03T08:05:27.099116+00:00,112.0,50,ask,EarnestEspressos,FlawlessFlatbreads,5497065
2026-07-03T08:05:27.359769,2026-07-03T08:05:27.369973+00:00,112.1,48,bid,CostlyCorianders,DiligentDonuts,5497070
2026-07-03T08:05:27.759482,2026-07-03T08:05:27.766660+00:00,112.1,23,bid,Xuanyu Liu,DiligentDonuts,5497075
2026-07-03T08:05:30.371851,2026-07-03T08:05:30.384602+00:00,112.0,49,ask,DiligentDonuts,CostlyCorianders,5497108
2026-07-03T08:05:30.915974,2026-07-03T08:05:30.927565+00:00,112.3,43,bid,CostlyCorianders,EarnestEspressos,5497121
2026-07-03T08:05:32.217293,2026-07-03T08:05:32.224931+00:00,112.0,11,ask,DiligentDonuts,Xuanyu Liu,5497143
2026-07-03T08:05:33.356482,2026-07-03T08:05:33.368201+00:00,112.0,50,bid,FlawlessFlatbreads,DiligentDonuts,5497157
2026-07-03T08:05:33.985288,2026-07-03T08:05:33.992688+00:00,112.0,45,bid,CostlyCorianders,DiligentDonuts,5497163
2026-07-03T08:05:35.463701,2026-07-03T08:05:35.475219+00:00,112.0,5,bid,FlawlessFlatbreads,DiligentDonuts,5497191
2026-07-03T08:05:35.463701,2026-07-03T08:05:35.475219+00:00,112.2,45,bid,FlawlessFlatbreads,EarnestEspressos,5497192
2026-07-03T08:05:37.571270,2026-07-03T08:05:37.578344+00:00,112.3,50,bid,FlawlessFlatbreads,EarnestEspressos,5497231
2026-07-03T08:05:39.168563,2026-07-03T08:05:39.177194+00:00,112.1,12,ask,EarnestEspressos,Xuanyu Liu,5497259
2026-07-03T08:05:41.804057,2026-07-03T08:05:41.815772+00:00,112.3,50,bid,FlawlessFlatbreads,DiligentDonuts,5497296
2026-07-03T08:05:42.617548,2026-07-03T08:05:42.627332+00:00,112.1,48,ask,EarnestEspressos,CostlyCorianders,5497310
2026-07-03T08:05:43.596499,2026-07-03T08:05:43.606236+00:00,112.1,43,ask,EarnestEspressos,CostlyCorianders,5497327
2026-07-03T08:05:43.935736,2026-07-03T08:05:43.947306+00:00,112.6,50,bid,FlawlessFlatbreads,EarnestEspressos,5497334
2026-07-03T08:05:44.734041,2026-07-03T08:05:44.745674+00:00,112.6,46,bid,CostlyCorianders,EarnestEspressos,5497352
2026-07-03T08:05:46.043243,2026-07-03T08:05:46.048484+00:00,112.7,50,bid,FlawlessFlatbreads,EarnestEspressos,5497374
2026-07-03T08:05:46.760877,2026-07-03T08:05:46.769620+00:00,112.3,11,ask,DiligentDonuts,Xuanyu Liu,5497395
2026-07-03T08:05:48.162035,2026-07-03T08:05:48.168760+00:00,112.7,50,bid,FlawlessFlatbreads,EarnestEspressos,5497420
2026-07-03T08:05:48.672266,2026-07-03T08:05:48.680570+00:00,112.7,23,ask,EarnestEspressos,Xuanyu Liu,5497426
2026-07-03T08:05:49.180776,2026-07-03T08:05:49.189172+00:00,112.7,11,ask,EarnestEspressos,Xuanyu Liu,5497437
2026-07-03T08:05:50.268453,2026-07-03T08:05:50.280035+00:00,112.9,50,bid,FlawlessFlatbreads,DiligentDonuts,5497448
2026-07-03T08:05:51.221090,2026-07-03T08:05:51.232475+00:00,112.7,40,ask,EarnestEspressos,CostlyCorianders,5497460
2026-07-03T08:05:54.023925,2026-07-03T08:05:54.037694+00:00,112.6,47,ask,DiligentDonuts,CostlyCorianders,5497505
2026-07-03T08:05:56.668853,2026-07-03T08:05:56.676907+00:00,112.2,50,ask,EarnestEspressos,FlawlessFlatbreads,5497551
2026-07-03T08:05:56.846178,2026-07-03T08:05:56.857682+00:00,112.7,49,bid,CostlyCorianders,EarnestEspressos,5497552
2026-07-03T08:05:57.348486,2026-07-03T08:05:57.354813+00:00,112.7,47,bid,CostlyCorianders,EarnestEspressos,5497561
2026-07-03T08:05:58.774503,2026-07-03T08:05:58.785848+00:00,112.5,50,ask,EarnestEspressos,FlawlessFlatbreads,5497603
2026-07-03T08:05:58.966431,2026-07-03T08:05:58.978035+00:00,112.5,41,ask,EarnestEspressos,CostlyCorianders,5497612
2026-07-03T08:06:00.881455,2026-07-03T08:06:00.892844+00:00,112.5,50,ask,EarnestEspressos,FlawlessFlatbreads,5497642
2026-07-03T08:06:01.081001,2026-07-03T08:06:01.089936+00:00,112.7,40,bid,CostlyCorianders,DiligentDonuts,5497644
2026-07-03T08:06:01.894022,2026-07-03T08:06:01.902183+00:00,112.4,11,bid,Xuanyu Liu,EarnestEspressos,5497654
2026-07-03T08:06:02.007762,2026-07-03T08:06:02.017198+00:00,112.4,46,bid,CostlyCorianders,EarnestEspressos,5497656
2026-07-03T08:06:02.061741,2026-07-03T08:06:02.073352+00:00,112.3,40,ask,DiligentDonuts,CostlyCorianders,5497657
2026-07-03T08:06:02.936522,2026-07-03T08:06:02.944382+00:00,112.4,50,bid,FlawlessFlatbreads,EarnestEspressos,5497670
2026-07-03T08:06:03.219354,2026-07-03T08:06:03.227970+00:00,112.4,42,bid,CostlyCorianders,EarnestEspressos,5497682
2026-07-03T08:06:03.720660,2026-07-03T08:06:03.728375+00:00,112.4,1,bid,Xuanyu Liu,EarnestEspressos,5497690
2026-07-03T08:06:04.494486,2026-07-03T08:06:04.503845+00:00,112.6,1,ask,EarnestEspressos,Xuanyu Liu,5497697
2026-07-03T08:06:05.041766,2026-07-03T08:06:05.053395+00:00,112.8,50,bid,FlawlessFlatbreads,DiligentDonuts,5497707
2026-07-03T08:06:05.843593,2026-07-03T08:06:05.851737+00:00,112.6,11,ask,EarnestEspressos,Xuanyu Liu,5497731
2026-07-03T08:06:06.560389,2026-07-03T08:06:06.572082+00:00,112.6,45,ask,EarnestEspressos,CostlyCorianders,5497741
2026-07-03T08:06:11.148936,2026-07-03T08:06:11.163847+00:00,112.3,49,ask,DiligentDonuts,CostlyCorianders,5497818
2026-07-03T08:06:11.355385,2026-07-03T08:06:11.364243+00:00,112.7,50,bid,FlawlessFlatbreads,EarnestEspressos,5497824
2026-07-03T08:06:13.462702,2026-07-03T08:06:13.474040+00:00,112.7,50,bid,FlawlessFlatbreads,EarnestEspressos,5497861
2026-07-03T08:06:13.568738,2026-07-03T08:06:13.575749+00:00,112.3,46,ask,DiligentDonuts,CostlyCorianders,5497862
2026-07-03T08:06:13.970187,2026-07-03T08:06:13.977467+00:00,112.7,12,ask,EarnestEspressos,Xuanyu Liu,5497865
2026-07-03T08:06:14.162717,2026-07-03T08:06:14.172325+00:00,113.2,49,bid,CostlyCorianders,EarnestEspressos,5497869
2026-07-03T08:06:14.186521,2026-07-03T08:06:14.195704+00:00,112.7,100,ask,EarnestEspressos,DiligentDonuts,5497870
2026-07-03T08:06:15.568439,2026-07-03T08:06:15.579850+00:00,113.2,50,bid,FlawlessFlatbreads,EarnestEspressos,5497900
2026-07-03T08:06:17.450572,2026-07-03T08:06:17.461984+00:00,113.0,48,bid,CostlyCorianders,DiligentDonuts,5497920
2026-07-03T08:06:17.674192,2026-07-03T08:06:17.681663+00:00,113.0,50,bid,FlawlessFlatbreads,DiligentDonuts,5497926
2026-07-03T08:06:18.620098,2026-07-03T08:06:18.630429+00:00,112.7,40,ask,EarnestEspressos,CostlyCorianders,5497940
2026-07-03T08:06:19.623865,2026-07-03T08:06:19.635246+00:00,113.0,2,bid,CostlyCorianders,DiligentDonuts,5497966
2026-07-03T08:06:19.780675,2026-07-03T08:06:19.792233+00:00,113.2,50,bid,FlawlessFlatbreads,EarnestEspressos,5497967
2026-07-03T08:06:20.568716,2026-07-03T08:06:20.576718+00:00,112.9,41,ask,EarnestEspressos,CostlyCorianders,5497981
2026-07-03T08:06:21.716755,2026-07-03T08:06:21.728119+00:00,113.4,45,bid,CostlyCorianders,EarnestEspressos,5497995
2026-07-03T08:06:21.890726,2026-07-03T08:06:21.900980+00:00,113.4,50,bid,FlawlessFlatbreads,EarnestEspressos,5497998
2026-07-03T08:06:23.459478,2026-07-03T08:06:23.467992+00:00,113.1,14,ask,EarnestEspressos,Xuanyu Liu,5498020
2026-07-03T08:06:24.376826,2026-07-03T08:06:24.388411+00:00,113.1,42,ask,EarnestEspressos,CostlyCorianders,5498036
2026-07-03T08:06:25.365207,2026-07-03T08:06:25.373473+00:00,113.1,44,ask,EarnestEspressos,CostlyCorianders,5498046
2026-07-03T08:06:25.937926,2026-07-03T08:06:25.947321+00:00,113.4,40,bid,CostlyCorianders,DiligentDonuts,5498056
2026-07-03T08:06:26.101701,2026-07-03T08:06:26.113004+00:00,113.4,50,bid,FlawlessFlatbreads,DiligentDonuts,5498060
2026-07-03T08:06:26.789415,2026-07-03T08:06:26.800714+00:00,113.2,100,bid,DiligentDonuts,EarnestEspressos,5498081
2026-07-03T08:06:28.209257,2026-07-03T08:06:28.219621+00:00,113.2,50,bid,FlawlessFlatbreads,EarnestEspressos,5498099
2026-07-03T08:06:30.316637,2026-07-03T08:06:30.329138+00:00,113.2,50,bid,FlawlessFlatbreads,DiligentDonuts,5498136
2026-07-03T08:06:30.984068,2026-07-03T08:06:30.991045+00:00,113.1,44,ask,EarnestEspressos,CostlyCorianders,5498160
2026-07-03T08:06:32.119399,2026-07-03T08:06:32.129162+00:00,113.2,41,bid,CostlyCorianders,DiligentDonuts,5498174
2026-07-03T08:06:32.427654,2026-07-03T08:06:32.439393+00:00,113.2,9,bid,FlawlessFlatbreads,DiligentDonuts,5498180
2026-07-03T08:06:32.427654,2026-07-03T08:06:32.439393+00:00,113.6,41,bid,FlawlessFlatbreads,EarnestEspressos,5498181
2026-07-03T08:06:33.794673,2026-07-03T08:06:33.806179+00:00,113.8,47,bid,CostlyCorianders,DiligentDonuts,5498203
2026-07-03T08:06:34.363607,2026-07-03T08:06:34.370482+00:00,113.5,41,ask,EarnestEspressos,CostlyCorianders,5498215
2026-07-03T08:06:34.538654,2026-07-03T08:06:34.555194+00:00,113.8,50,bid,FlawlessFlatbreads,DiligentDonuts,5498217
2026-07-03T08:06:35.473982,2026-07-03T08:06:35.482138+00:00,113.5,42,ask,EarnestEspressos,CostlyCorianders,5498237
2026-07-03T08:06:35.992963,2026-07-03T08:06:36.001365+00:00,113.5,3,ask,EarnestEspressos,Xuanyu Liu,5498247
2026-07-03T08:06:36.270788,2026-07-03T08:06:36.282093+00:00,113.5,100,bid,DiligentDonuts,EarnestEspressos,5498251
2026-07-03T08:06:36.645868,2026-07-03T08:06:36.657191+00:00,113.5,50,bid,FlawlessFlatbreads,EarnestEspressos,5498262
2026-07-03T08:06:38.771768,2026-07-03T08:06:38.779221+00:00,114.0,50,bid,FlawlessFlatbreads,DiligentDonuts,5498308
2026-07-03T08:06:39.272799,2026-07-03T08:06:39.281542+00:00,113.5,11,ask,EarnestEspressos,Xuanyu Liu,5498322
2026-07-03T08:06:39.934064,2026-07-03T08:06:39.942138+00:00,113.5,12,ask,EarnestEspressos,Xuanyu Liu,5498336
2026-07-03T08:06:40.511486,2026-07-03T08:06:40.522793+00:00,113.5,49,ask,EarnestEspressos,CostlyCorianders,5498354
2026-07-03T08:06:40.933061,2026-07-03T08:06:40.944654+00:00,113.5,50,ask,EarnestEspressos,FlawlessFlatbreads,5498360
2026-07-03T08:06:41.214346,2026-07-03T08:06:41.222635+00:00,113.5,11,ask,EarnestEspressos,Xuanyu Liu,5498366
2026-07-03T08:06:41.558013,2026-07-03T08:06:41.569506+00:00,113.8,42,bid,CostlyCorianders,DiligentDonuts,5498370
2026-07-03T08:06:42.492065,2026-07-03T08:06:42.499588+00:00,113.3,100,ask,DiligentDonuts,EarnestEspressos,5498381
2026-07-03T08:06:42.506078,2026-07-03T08:06:42.514254+00:00,113.2,23,bid,Xuanyu Liu,EarnestEspressos,5498383
2026-07-03T08:06:43.040084,2026-07-03T08:06:43.049228+00:00,113.0,50,ask,DiligentDonuts,FlawlessFlatbreads,5498404
2026-07-03T08:06:43.589000,2026-07-03T08:06:43.600250+00:00,113.0,43,ask,DiligentDonuts,CostlyCorianders,5498411
2026-07-03T08:06:45.148275,2026-07-03T08:06:45.158579+00:00,113.0,7,ask,DiligentDonuts,FlawlessFlatbreads,5498453
2026-07-03T08:06:45.148275,2026-07-03T08:06:45.158579+00:00,112.7,43,ask,EarnestEspressos,FlawlessFlatbreads,5498454
2026-07-03T08:06:45.812886,2026-07-03T08:06:45.824518+00:00,113.2,100,ask,EarnestEspressos,DiligentDonuts,5498459
2026-07-03T08:06:46.482650,2026-07-03T08:06:46.492728+00:00,113.2,12,ask,EarnestEspressos,Xuanyu Liu,5498474
2026-07-03T08:06:46.902846,2026-07-03T08:06:46.912388+00:00,113.7,47,bid,CostlyCorianders,EarnestEspressos,5498481
2026-07-03T08:06:47.255847,2026-07-03T08:06:47.265469+00:00,113.2,38,ask,EarnestEspressos,FlawlessFlatbreads,5498487
2026-07-03T08:06:47.255847,2026-07-03T08:06:47.265469+00:00,112.7,12,ask,DiligentDonuts,FlawlessFlatbreads,5498488
2026-07-03T08:06:48.827218,2026-07-03T08:06:48.836456+00:00,113.0,12,bid,Xuanyu Liu,EarnestEspressos,5498510
2026-07-03T08:06:49.107269,2026-07-03T08:06:49.114814+00:00,113.0,11,bid,Xuanyu Liu,EarnestEspressos,5498518
2026-07-03T08:06:49.364612,2026-07-03T08:06:49.376146+00:00,112.7,50,ask,DiligentDonuts,FlawlessFlatbreads,5498523
2026-07-03T08:06:49.572876,2026-07-03T08:06:49.584594+00:00,113.0,49,bid,CostlyCorianders,EarnestEspressos,5498525
2026-07-03T08:06:50.084351,2026-07-03T08:06:50.095937+00:00,112.7,48,ask,DiligentDonuts,CostlyCorianders,5498534
2026-07-03T08:06:50.417173,2026-07-03T08:06:50.424774+00:00,113.0,3,bid,Xuanyu Liu,EarnestEspressos,5498541
2026-07-03T08:06:51.473872,2026-07-03T08:06:51.484694+00:00,112.7,2,ask,DiligentDonuts,FlawlessFlatbreads,5498553
2026-07-03T08:06:51.473872,2026-07-03T08:06:51.484694+00:00,112.5,48,ask,EarnestEspressos,FlawlessFlatbreads,5498554
2026-07-03T08:06:52.559923,2026-07-03T08:06:52.571390+00:00,112.9,48,bid,CostlyCorianders,DiligentDonuts,5498566
2026-07-03T08:06:53.583905,2026-07-03T08:06:53.595375+00:00,112.7,50,ask,EarnestEspressos,FlawlessFlatbreads,5498582
2026-07-03T08:06:53.679958,2026-07-03T08:06:53.689815+00:00,112.7,45,ask,EarnestEspressos,CostlyCorianders,5498583
2026-07-03T08:06:55.180349,2026-07-03T08:06:55.191843+00:00,112.9,45,bid,CostlyCorianders,DiligentDonuts,5498612
2026-07-03T08:06:55.649061,2026-07-03T08:06:55.658782+00:00,112.9,43,bid,CostlyCorianders,EarnestEspressos,5498616
2026-07-03T08:06:55.691285,2026-07-03T08:06:55.702740+00:00,112.8,50,ask,DiligentDonuts,FlawlessFlatbreads,5498617
2026-07-03T08:06:57.746428,2026-07-03T08:06:57.758589+00:00,112.9,50,bid,FlawlessFlatbreads,EarnestEspressos,5498641
2026-07-03T08:06:59.852723,2026-07-03T08:06:59.868649+00:00,113.1,50,bid,FlawlessFlatbreads,EarnestEspressos,5498697
2026-07-03T08:07:01.222899,2026-07-03T08:07:01.232464+00:00,112.8,42,ask,DiligentDonuts,CostlyCorianders,5498730
2026-07-03T08:07:01.685622,2026-07-03T08:07:01.695144+00:00,112.7,47,bid,CostlyCorianders,DiligentDonuts,5498737
2026-07-03T08:07:01.960239,2026-07-03T08:07:01.971680+00:00,112.7,50,bid,FlawlessFlatbreads,DiligentDonuts,5498749
2026-07-03T08:07:04.066906,2026-07-03T08:07:04.075703+00:00,112.7,3,bid,FlawlessFlatbreads,DiligentDonuts,5498780
2026-07-03T08:07:04.066906,2026-07-03T08:07:04.075703+00:00,113.1,47,bid,FlawlessFlatbreads,EarnestEspressos,5498781
2026-07-03T08:07:06.175688,2026-07-03T08:07:06.184569+00:00,112.9,50,bid,FlawlessFlatbreads,DiligentDonuts,5498815
2026-07-03T08:07:07.759527,2026-07-03T08:07:07.768985+00:00,112.8,3,ask,EarnestEspressos,Xuanyu Liu,5498836
2026-07-03T08:07:08.334981,2026-07-03T08:07:08.346380+00:00,112.8,50,ask,EarnestEspressos,FlawlessFlatbreads,5498850
2026-07-03T08:07:09.039024,2026-07-03T08:07:09.047856+00:00,112.8,11,ask,EarnestEspressos,Xuanyu Liu,5498870
2026-07-03T08:07:10.442810,2026-07-03T08:07:10.449282+00:00,112.8,50,ask,EarnestEspressos,FlawlessFlatbreads,5498888
2026-07-03T08:07:11.301250,2026-07-03T08:07:11.312885+00:00,112.6,47,ask,DiligentDonuts,CostlyCorianders,5498894
2026-07-03T08:07:12.549763,2026-07-03T08:07:12.556036+00:00,112.6,50,ask,DiligentDonuts,FlawlessFlatbreads,5498909
2026-07-03T08:07:15.877358,2026-07-03T08:07:15.888733+00:00,112.2,43,ask,EarnestEspressos,CostlyCorianders,5498958
2026-07-03T08:07:16.399109,2026-07-03T08:07:16.410489+00:00,112.7,43,bid,CostlyCorianders,EarnestEspressos,5498964
2026-07-03T08:07:16.708865,2026-07-03T08:07:16.764269+00:00,112.7,50,bid,FlawlessFlatbreads,EarnestEspressos,5498969
2026-07-03T08:07:18.490795,2026-07-03T08:07:18.498885+00:00,112.6,47,bid,CostlyCorianders,DiligentDonuts,5498987
2026-07-03T08:07:18.816772,2026-07-03T08:07:18.827490+00:00,112.6,50,bid,FlawlessFlatbreads,DiligentDonuts,5498989
2026-07-03T08:07:19.270004,2026-07-03T08:07:19.279816+00:00,112.6,3,bid,Xuanyu Liu,DiligentDonuts,5498996
2026-07-03T08:07:20.972297,2026-07-03T08:07:20.984041+00:00,112.6,50,ask,DiligentDonuts,FlawlessFlatbreads,5499027
2026-07-03T08:07:23.028000,2026-07-03T08:07:23.039495+00:00,113.0,50,bid,FlawlessFlatbreads,EarnestEspressos,5499055
2026-07-03T08:07:25.816096,2026-07-03T08:07:25.824143+00:00,112.8,15,ask,EarnestEspressos,Xuanyu Liu,5499089
2026-07-03T08:07:27.290980,2026-07-03T08:07:27.302528+00:00,112.4,50,ask,EarnestEspressos,FlawlessFlatbreads,5499112
2026-07-03T08:07:29.396991,2026-07-03T08:07:29.408658+00:00,112.4,48,ask,EarnestEspressos,CostlyCorianders,5499143
2026-07-03T08:07:29.660671,2026-07-03T08:07:29.668804+00:00,112.7,12,bid,Xuanyu Liu,DiligentDonuts,5499151
2026-07-03T08:07:29.978210,2026-07-03T08:07:29.986689+00:00,112.7,40,bid,CostlyCorianders,EarnestEspressos,5499157
2026-07-03T08:07:31.511524,2026-07-03T08:07:31.521797+00:00,112.4,50,ask,DiligentDonuts,FlawlessFlatbreads,5499183
2026-07-03T08:07:32.180154,2026-07-03T08:07:32.189057+00:00,112.4,45,ask,DiligentDonuts,CostlyCorianders,5499192
2026-07-03T08:07:33.253561,2026-07-03T08:07:33.261953+00:00,112.6,11,bid,Xuanyu Liu,DiligentDonuts,5499210
2026-07-03T08:07:33.566202,2026-07-03T08:07:33.576763+00:00,112.6,50,bid,FlawlessFlatbreads,DiligentDonuts,5499222
2026-07-03T08:07:34.246433,2026-07-03T08:07:34.263822+00:00,112.3,48,ask,EarnestEspressos,CostlyCorianders,5499233
2026-07-03T08:07:35.369277,2026-07-03T08:07:35.380280+00:00,112.6,39,bid,CostlyCorianders,DiligentDonuts,5499247
2026-07-03T08:07:35.369277,2026-07-03T08:07:35.380280+00:00,112.8,10,bid,CostlyCorianders,EarnestEspressos,5499248
2026-07-03T08:07:35.673720,2026-07-03T08:07:35.680549+00:00,112.8,50,bid,FlawlessFlatbreads,EarnestEspressos,5499251
2026-07-03T08:07:36.961989,2026-07-03T08:07:36.973411+00:00,112.7,43,bid,CostlyCorianders,EarnestEspressos,5499283
2026-07-03T08:07:37.581719,2026-07-03T08:07:37.588642+00:00,112.3,49,ask,DiligentDonuts,CostlyCorianders,5499293
2026-07-03T08:07:37.781245,2026-07-03T08:07:37.792307+00:00,112.7,50,bid,FlawlessFlatbreads,EarnestEspressos,5499301
2026-07-03T08:07:39.376263,2026-07-03T08:07:39.384304+00:00,112.6,11,ask,EarnestEspressos,Xuanyu Liu,5499325
2026-07-03T08:07:39.564541,2026-07-03T08:07:39.576211+00:00,112.6,100,ask,EarnestEspressos,DiligentDonuts,5499330
2026-07-03T08:07:39.954488,2026-07-03T08:07:39.965864+00:00,112.6,39,ask,EarnestEspressos,FlawlessFlatbreads,5499339
2026-07-03T08:07:39.954488,2026-07-03T08:07:39.965864+00:00,112.1,11,ask,DiligentDonuts,FlawlessFlatbreads,5499340
2026-07-03T08:07:42.849866,2026-07-03T08:07:42.857902+00:00,112.3,14,bid,Xuanyu Liu,EarnestEspressos,5499385
2026-07-03T08:07:43.289676,2026-07-03T08:07:43.299335+00:00,112.2,48,ask,DiligentDonuts,CostlyCorianders,5499390
2026-07-03T08:07:44.187149,2026-07-03T08:07:44.196759+00:00,112.3,3,bid,Xuanyu Liu,EarnestEspressos,5499404
2026-07-03T08:07:45.848339,2026-07-03T08:07:45.856794+00:00,112.3,3,ask,DiligentDonuts,Xuanyu Liu,5499431
2026-07-03T08:07:46.304188,2026-07-03T08:07:46.313654+00:00,112.3,50,ask,DiligentDonuts,FlawlessFlatbreads,5499442
2026-07-03T08:07:47.759510,2026-07-03T08:07:47.769404+00:00,112.6,43,bid,CostlyCorianders,EarnestEspressos,5499454
2026-07-03T08:07:48.427388,2026-07-03T08:07:48.438763+00:00,112.3,47,ask,DiligentDonuts,FlawlessFlatbreads,5499464
2026-07-03T08:07:48.427388,2026-07-03T08:07:48.438763+00:00,112.1,3,ask,EarnestEspressos,FlawlessFlatbreads,5499465
2026-07-03T08:07:48.948075,2026-07-03T08:07:48.955719+00:00,112.5,46,ask,EarnestEspressos,CostlyCorianders,5499472
2026-07-03T08:07:50.536721,2026-07-03T08:07:50.545917+00:00,112.5,50,ask,EarnestEspressos,FlawlessFlatbreads,5499501
2026-07-03T08:07:52.646694,2026-07-03T08:07:52.656897+00:00,112.2,50,ask,DiligentDonuts,FlawlessFlatbreads,5499531
2026-07-03T08:07:54.751793,2026-07-03T08:07:54.758609+00:00,112.2,50,ask,DiligentDonuts,FlawlessFlatbreads,5499565
2026-07-03T08:07:56.807706,2026-07-03T08:07:56.814461+00:00,112.5,50,bid,FlawlessFlatbreads,DiligentDonuts,5499594
2026-07-03T08:07:57.871850,2026-07-03T08:07:57.881461+00:00,112.5,42,bid,CostlyCorianders,DiligentDonuts,5499615
2026-07-03T08:07:59.890267,2026-07-03T08:07:59.898429+00:00,112.4,43,bid,CostlyCorianders,EarnestEspressos,5499653
2026-07-03T08:08:00.525714,2026-07-03T08:08:00.535623+00:00,112.0,40,ask,DiligentDonuts,CostlyCorianders,5499671
2026-07-03T08:08:01.090312,2026-07-03T08:08:01.100482+00:00,112.0,50,ask,DiligentDonuts,FlawlessFlatbreads,5499677
2026-07-03T08:08:03.146312,2026-07-03T08:08:03.158565+00:00,112.4,50,bid,FlawlessFlatbreads,DiligentDonuts,5499696
2026-07-03T08:08:03.845824,2026-07-03T08:08:03.854690+00:00,112.4,14,bid,Xuanyu Liu,DiligentDonuts,5499711
2026-07-03T08:08:04.650823,2026-07-03T08:08:04.653677+00:00,112.4,36,bid,EarnestEspressos,DiligentDonuts,5499720
2026-07-03T08:08:05.166565,2026-07-03T08:08:05.174543+00:00,112.5,11,ask,EarnestEspressos,Xuanyu Liu,5499730
2026-07-03T08:08:05.253464,2026-07-03T08:08:05.263604+00:00,112.9,50,bid,FlawlessFlatbreads,DiligentDonuts,5499732
2026-07-03T08:08:07.296699,2026-07-03T08:08:07.308346+00:00,112.9,46,bid,CostlyCorianders,DiligentDonuts,5499774
2026-07-03T08:08:07.428441,2026-07-03T08:08:07.439773+00:00,112.5,50,ask,EarnestEspressos,FlawlessFlatbreads,5499775
2026-07-03T08:08:07.760209,2026-07-03T08:08:07.774173+00:00,112.5,49,ask,EarnestEspressos,CostlyCorianders,5499781
2026-07-03T08:08:07.895046,2026-07-03T08:08:07.915793+00:00,112.4,100,ask,DiligentDonuts,EarnestEspressos,5499784
2026-07-03T08:08:07.906913,2026-07-03T08:08:07.915793+00:00,112.2,11,bid,Xuanyu Liu,EarnestEspressos,5499785
2026-07-03T08:08:07.975340,2026-07-03T08:08:07.987053+00:00,112.2,39,bid,DiligentDonuts,EarnestEspressos,5499787
2026-07-03T08:08:09.562394,2026-07-03T08:08:09.569189+00:00,112.3,50,ask,DiligentDonuts,FlawlessFlatbreads,5499810
2026-07-03T08:08:11.099675,2026-07-03T08:08:11.111288+00:00,112.8,41,bid,CostlyCorianders,EarnestEspressos,5499832
2026-07-03T08:08:11.668929,2026-07-03T08:08:11.676101+00:00,112.3,50,ask,EarnestEspressos,FlawlessFlatbreads,5499843
2026-07-03T08:08:11.763062,2026-07-03T08:08:11.771216+00:00,112.5,43,bid,CostlyCorianders,DiligentDonuts,5499845
2026-07-03T08:08:12.018417,2026-07-03T08:08:12.026246+00:00,112.3,11,ask,EarnestEspressos,Xuanyu Liu,5499847
2026-07-03T08:08:12.812169,2026-07-03T08:08:12.821987+00:00,112.3,41,ask,EarnestEspressos,CostlyCorianders,5499859
2026-07-03T08:08:13.774955,2026-07-03T08:08:13.786854+00:00,112.3,48,ask,EarnestEspressos,FlawlessFlatbreads,5499883
2026-07-03T08:08:13.774955,2026-07-03T08:08:13.786854+00:00,112.0,2,ask,DiligentDonuts,FlawlessFlatbreads,5499884
2026-07-03T08:08:15.333628,2026-07-03T08:08:15.340517+00:00,112.2,49,ask,DiligentDonuts,CostlyCorianders,5499913
2026-07-03T08:08:15.665740,2026-07-03T08:08:15.693419+00:00,112.4,23,bid,Xuanyu Liu,EarnestEspressos,5499921
2026-07-03T08:08:15.884748,2026-07-03T08:08:15.879226+00:00,112.2,50,ask,DiligentDonuts,FlawlessFlatbreads,5499930
2026-07-03T08:08:17.990957,2026-07-03T08:08:18.002704+00:00,112.2,50,ask,EarnestEspressos,FlawlessFlatbreads,5499968
2026-07-03T08:08:19.258146,2026-07-03T08:08:19.269145+00:00,112.6,46,bid,CostlyCorianders,DiligentDonuts,5499994
2026-07-03T08:08:21.383721,2026-07-03T08:08:21.395609+00:00,112.5,44,bid,CostlyCorianders,EarnestEspressos,5500030
2026-07-03T08:08:22.149472,2026-07-03T08:08:22.160997+00:00,112.5,50,bid,FlawlessFlatbreads,EarnestEspressos,5500042
2026-07-03T08:08:24.309892,2026-07-03T08:08:24.320839+00:00,112.5,50,ask,EarnestEspressos,FlawlessFlatbreads,5500076
2026-07-03T08:08:24.849806,2026-07-03T08:08:24.860779+00:00,112.5,12,ask,EarnestEspressos,Xuanyu Liu,5500096
2026-07-03T08:08:25.235632,2026-07-03T08:08:25.244590+00:00,112.5,44,ask,EarnestEspressos,CostlyCorianders,5500111
2026-07-03T08:08:26.366614,2026-07-03T08:08:26.376036+00:00,112.8,50,bid,FlawlessFlatbreads,DiligentDonuts,5500126
2026-07-03T08:08:26.925875,2026-07-03T08:08:26.933167+00:00,112.5,47,bid,CostlyCorianders,EarnestEspressos,5500128
2026-07-03T08:08:28.292910,2026-07-03T08:08:28.303305+00:00,112.4,48,ask,DiligentDonuts,CostlyCorianders,5500156
2026-07-03T08:08:28.471995,2026-07-03T08:08:28.485947+00:00,112.5,50,bid,FlawlessFlatbreads,EarnestEspressos,5500162
2026-07-03T08:08:30.578648,2026-07-03T08:08:30.587658+00:00,112.7,50,bid,FlawlessFlatbreads,DiligentDonuts,5500195
2026-07-03T08:08:30.616785,2026-07-03T08:08:30.628310+00:00,112.7,41,bid,CostlyCorianders,DiligentDonuts,5500196
2026-07-03T08:08:32.685418,2026-07-03T08:08:32.693975+00:00,112.7,9,bid,FlawlessFlatbreads,DiligentDonuts,5500225
2026-07-03T08:08:32.685418,2026-07-03T08:08:32.693975+00:00,112.8,41,bid,FlawlessFlatbreads,EarnestEspressos,5500226
2026-07-03T08:08:34.791982,2026-07-03T08:08:34.803611+00:00,113.1,50,bid,FlawlessFlatbreads,EarnestEspressos,5500256
2026-07-03T08:08:36.319814,2026-07-03T08:08:36.331010+00:00,112.7,11,ask,EarnestEspressos,Xuanyu Liu,5500271
2026-07-03T08:08:36.949288,2026-07-03T08:08:36.955586+00:00,112.7,50,ask,EarnestEspressos,FlawlessFlatbreads,5500288
2026-07-03T08:08:39.005348,2026-07-03T08:08:39.017027+00:00,113.0,50,bid,FlawlessFlatbreads,DiligentDonuts,5500333
2026-07-03T08:08:39.274995,2026-07-03T08:08:39.284519+00:00,112.7,3,ask,EarnestEspressos,Xuanyu Liu,5500338
2026-07-03T08:08:39.608948,2026-07-03T08:08:39.620604+00:00,112.3,48,ask,EarnestEspressos,CostlyCorianders,5500342
2026-07-03T08:08:40.132047,2026-07-03T08:08:40.143590+00:00,112.8,41,bid,CostlyCorianders,EarnestEspressos,5500352
2026-07-03T08:08:40.188430,2026-07-03T08:08:40.196568+00:00,112.5,44,ask,DiligentDonuts,CostlyCorianders,5500353
2026-07-03T08:08:41.112259,2026-07-03T08:08:41.120388+00:00,112.8,50,bid,FlawlessFlatbreads,EarnestEspressos,5500371
2026-07-03T08:08:42.161499,2026-07-03T08:08:42.170531+00:00,112.5,41,ask,DiligentDonuts,CostlyCorianders,5500393
2026-07-03T08:08:43.218450,2026-07-03T08:08:43.229855+00:00,113.0,50,bid,FlawlessFlatbreads,DiligentDonuts,5500411
2026-07-03T08:08:43.781442,2026-07-03T08:08:43.787980+00:00,113.0,41,bid,CostlyCorianders,DiligentDonuts,5500421
2026-07-03T08:08:44.415183,2026-07-03T08:08:44.426854+00:00,113.0,9,bid,CostlyCorianders,DiligentDonuts,5500430
2026-07-03T08:08:45.080818,2026-07-03T08:08:45.092502+00:00,112.7,48,ask,EarnestEspressos,CostlyCorianders,5500437
2026-07-03T08:08:45.377579,2026-07-03T08:08:45.388923+00:00,112.7,50,ask,EarnestEspressos,FlawlessFlatbreads,5500440
2026-07-03T08:08:45.633022,2026-07-03T08:08:45.640104+00:00,113.2,49,bid,CostlyCorianders,EarnestEspressos,5500445
2026-07-03T08:08:46.089187,2026-07-03T08:08:46.100798+00:00,112.8,48,ask,DiligentDonuts,CostlyCorianders,5500456
2026-07-03T08:08:47.169731,2026-07-03T08:08:47.180354+00:00,113.1,44,bid,CostlyCorianders,EarnestEspressos,5500478
2026-07-03T08:08:47.432195,2026-07-03T08:08:47.443686+00:00,113.1,50,bid,FlawlessFlatbreads,EarnestEspressos,5500480
2026-07-03T08:08:49.593973,2026-07-03T08:08:49.601379+00:00,112.9,50,ask,EarnestEspressos,FlawlessFlatbreads,5500517
2026-07-03T08:08:51.699935,2026-07-03T08:08:51.711490+00:00,112.9,50,ask,EarnestEspressos,FlawlessFlatbreads,5500548
2026-07-03T08:08:52.119067,2026-07-03T08:08:52.126346+00:00,112.6,41,ask,DiligentDonuts,CostlyCorianders,5500561
2026-07-03T08:08:52.691117,2026-07-03T08:08:52.702590+00:00,112.8,40,bid,CostlyCorianders,EarnestEspressos,5500576
2026-07-03T08:08:53.757687,2026-07-03T08:08:53.768997+00:00,112.8,50,bid,FlawlessFlatbreads,EarnestEspressos,5500598
2026-07-03T08:08:54.308141,2026-07-03T08:08:54.309509+00:00,112.3,47,ask,EarnestEspressos,CostlyCorianders,5500608
2026-07-03T08:08:55.918127,2026-07-03T08:08:55.929829+00:00,112.3,50,ask,EarnestEspressos,FlawlessFlatbreads,5500645
2026-07-03T08:08:56.337061,2026-07-03T08:08:56.348731+00:00,112.6,43,bid,CostlyCorianders,DiligentDonuts,5500654
2026-07-03T08:08:56.817418,2026-07-03T08:08:56.827537+00:00,112.3,47,ask,EarnestEspressos,CostlyCorianders,5500663
2026-07-03T08:08:57.973701,2026-07-03T08:08:57.985401+00:00,112.6,50,bid,FlawlessFlatbreads,DiligentDonuts,5500687
2026-07-03T08:08:58.608224,2026-07-03T08:08:58.618828+00:00,112.5,100,bid,DiligentDonuts,EarnestEspressos,5500697
2026-07-03T08:09:00.080360,2026-07-03T08:09:00.092129+00:00,112.5,50,bid,FlawlessFlatbreads,EarnestEspressos,5500724
2026-07-03T08:09:02.193161,2026-07-03T08:09:02.204706+00:00,112.6,50,bid,FlawlessFlatbreads,DiligentDonuts,5500755
2026-07-03T08:09:02.321563,2026-07-03T08:09:02.332957+00:00,112.5,46,ask,EarnestEspressos,CostlyCorianders,5500760
2026-07-03T08:09:02.871258,2026-07-03T08:09:02.880366+00:00,112.6,45,bid,CostlyCorianders,DiligentDonuts,5500772
2026-07-03T08:09:04.059693,2026-07-03T08:09:04.069419+00:00,112.5,45,ask,EarnestEspressos,CostlyCorianders,5500791
2026-07-03T08:09:04.195892,2026-07-03T08:09:04.204025+00:00,112.5,3,ask,EarnestEspressos,Xuanyu Liu,5500800
2026-07-03T08:09:04.309513,2026-07-03T08:09:04.315760+00:00,112.6,5,bid,FlawlessFlatbreads,DiligentDonuts,5500803
2026-07-03T08:09:05.502226,2026-07-03T08:09:05.509977+00:00,112.3,3,bid,Xuanyu Liu,EarnestEspressos,5500827
2026-07-03T08:09:11.024684,2026-07-03T08:09:11.036291+00:00,112.4,46,bid,CostlyCorianders,EarnestEspressos,5500926
2026-07-03T08:09:11.916647,2026-07-03T08:09:11.931914+00:00,112.7,44,bid,CostlyCorianders,EarnestEspressos,5500939
2026-07-03T08:09:12.783545,2026-07-03T08:09:12.794950+00:00,112.3,50,ask,DiligentDonuts,FlawlessFlatbreads,5500956
2026-07-03T08:09:13.076129,2026-07-03T08:09:13.084770+00:00,112.3,43,ask,DiligentDonuts,CostlyCorianders,5500961
2026-07-03T08:09:14.891576,2026-07-03T08:09:14.901910+00:00,112.3,50,ask,EarnestEspressos,FlawlessFlatbreads,5500989
2026-07-03T08:09:16.203725,2026-07-03T08:09:16.212766+00:00,112.3,3,ask,EarnestEspressos,Xuanyu Liu,5501018
2026-07-03T08:09:16.999969,2026-07-03T08:09:17.007146+00:00,112.3,50,ask,EarnestEspressos,FlawlessFlatbreads,5501030
2026-07-03T08:09:17.251795,2026-07-03T08:09:17.258147+00:00,112.4,40,bid,CostlyCorianders,DiligentDonuts,5501032
2026-07-03T08:09:17.810383,2026-07-03T08:09:17.819088+00:00,111.7,44,ask,DiligentDonuts,CostlyCorianders,5501042
2026-07-03T08:09:19.109816,2026-07-03T08:09:19.118552+00:00,111.7,50,ask,DiligentDonuts,FlawlessFlatbreads,5501052
2026-07-03T08:09:20.822878,2026-07-03T08:09:20.830893+00:00,111.8,3,bid,Xuanyu Liu,DiligentDonuts,5501075
2026-07-03T08:09:21.165194,2026-07-03T08:09:21.176591+00:00,111.8,50,bid,FlawlessFlatbreads,DiligentDonuts,5501082
2026-07-03T08:09:22.569834,2026-07-03T08:09:22.577732+00:00,111.8,3,bid,Xuanyu Liu,DiligentDonuts,5501109
2026-07-03T08:09:23.115860,2026-07-03T08:09:23.127490+00:00,111.8,40,bid,CostlyCorianders,DiligentDonuts,5501120
2026-07-03T08:09:24.472288,2026-07-03T08:09:24.488957+00:00,112.2,43,bid,CostlyCorianders,EarnestEspressos,5501137
2026-07-03T08:09:25.005597,2026-07-03T08:09:25.017048+00:00,111.8,49,ask,DiligentDonuts,CostlyCorianders,5501145
2026-07-03T08:09:27.532828,2026-07-03T08:09:27.544350+00:00,112.0,50,ask,EarnestEspressos,FlawlessFlatbreads,5501188
2026-07-03T08:09:27.703043,2026-07-03T08:09:27.710498+00:00,112.4,44,bid,CostlyCorianders,DiligentDonuts,5501195
2026-07-03T08:09:29.640673,2026-07-03T08:09:29.652046+00:00,112.0,50,ask,EarnestEspressos,FlawlessFlatbreads,5501227
2026-07-03T08:09:29.886978,2026-07-03T08:09:29.896396+00:00,112.0,49,ask,EarnestEspressos,CostlyCorianders,5501230
2026-07-03T08:09:30.135026,2026-07-03T08:09:30.145591+00:00,111.9,100,ask,DiligentDonuts,EarnestEspressos,5501240
2026-07-03T08:09:30.146733,2026-07-03T08:09:30.155115+00:00,111.9,11,bid,Xuanyu Liu,EarnestEspressos,5501241
2026-07-03T08:09:31.696413,2026-07-03T08:09:31.708118+00:00,111.9,39,bid,FlawlessFlatbreads,EarnestEspressos,5501266
2026-07-03T08:09:31.696413,2026-07-03T08:09:31.708118+00:00,112.2,11,bid,FlawlessFlatbreads,DiligentDonuts,5501267
2026-07-03T08:09:33.803218,2026-07-03T08:09:33.814910+00:00,112.1,50,bid,FlawlessFlatbreads,DiligentDonuts,5501308
2026-07-03T08:09:34.525082,2026-07-03T08:09:34.534432+00:00,112.1,41,bid,CostlyCorianders,DiligentDonuts,5501331
2026-07-03T08:09:35.045387,2026-07-03T08:09:35.058679+00:00,111.9,41,ask,EarnestEspressos,CostlyCorianders,5501341
2026-07-03T08:09:35.695421,2026-07-03T08:09:35.706729+00:00,111.9,45,ask,EarnestEspressos,CostlyCorianders,5501364
2026-07-03T08:09:35.911333,2026-07-03T08:09:35.923168+00:00,112.1,9,bid,FlawlessFlatbreads,DiligentDonuts,5501367
2026-07-03T08:09:35.911333,2026-07-03T08:09:35.923168+00:00,112.4,41,bid,FlawlessFlatbreads,EarnestEspressos,5501368
2026-07-03T08:09:37.195220,2026-07-03T08:09:37.206692+00:00,112.2,40,bid,CostlyCorianders,EarnestEspressos,5501389
2026-07-03T08:09:37.750873,2026-07-03T08:09:37.757131+00:00,112.2,42,bid,CostlyCorianders,EarnestEspressos,5501399
2026-07-03T08:09:38.019766,2026-07-03T08:09:38.027203+00:00,112.2,50,bid,FlawlessFlatbreads,EarnestEspressos,5501409
2026-07-03T08:09:39.582939,2026-07-03T08:09:39.604680+00:00,112.2,14,ask,EarnestEspressos,Xuanyu Liu,5501443
2026-07-03T08:09:40.127571,2026-07-03T08:09:40.139030+00:00,112.4,50,bid,FlawlessFlatbreads,DiligentDonuts,5501450
2026-07-03T08:09:42.234403,2026-07-03T08:09:42.242379+00:00,112.4,50,bid,FlawlessFlatbreads,DiligentDonuts,5501495
2026-07-03T08:09:44.393252,2026-07-03T08:09:44.404782+00:00,112.2,50,ask,EarnestEspressos,FlawlessFlatbreads,5501530
2026-07-03T08:09:46.152960,2026-07-03T08:09:46.156696+00:00,112.2,46,ask,DiligentDonuts,CostlyCorianders,5501560
2026-07-03T08:09:46.499410,2026-07-03T08:09:46.511016+00:00,112.2,50,ask,DiligentDonuts,FlawlessFlatbreads,5501568
2026-07-03T08:09:47.755664,2026-07-03T08:09:47.756008+00:00,112.2,4,ask,DiligentDonuts,CostlyCorianders,5501587
2026-07-03T08:09:47.755664,2026-07-03T08:09:47.756008+00:00,112.0,39,ask,EarnestEspressos,CostlyCorianders,5501588
2026-07-03T08:09:48.605968,2026-07-03T08:09:48.617460+00:00,112.0,50,ask,EarnestEspressos,FlawlessFlatbreads,5501603
2026-07-03T08:09:48.709153,2026-07-03T08:09:48.716601+00:00,112.5,46,bid,CostlyCorianders,EarnestEspressos,5501605
2026-07-03T08:09:49.348228,2026-07-03T08:09:49.359655+00:00,112.3,44,bid,CostlyCorianders,EarnestEspressos,5501615
2026-07-03T08:09:51.837488,2026-07-03T08:09:51.848811+00:00,111.9,49,ask,DiligentDonuts,CostlyCorianders,5501644
2026-07-03T08:09:52.828012,2026-07-03T08:09:52.839587+00:00,111.9,42,ask,EarnestEspressos,CostlyCorianders,5501667
2026-07-03T08:09:52.835800,2026-07-03T08:09:52.844829+00:00,111.9,50,ask,EarnestEspressos,FlawlessFlatbreads,5501668
2026-07-03T08:09:54.952402,2026-07-03T08:09:54.958549+00:00,111.9,50,ask,EarnestEspressos,FlawlessFlatbreads,5501691
2026-07-03T08:09:54.986641,2026-07-03T08:09:54.998214+00:00,112.1,47,bid,CostlyCorianders,DiligentDonuts,5501692
2026-07-03T08:09:57.058448,2026-07-03T08:09:57.069910+00:00,111.7,50,ask,DiligentDonuts,FlawlessFlatbreads,5501730
2026-07-03T08:09:58.464141,2026-07-03T08:09:58.475470+00:00,112.0,48,bid,CostlyCorianders,EarnestEspressos,5501747
2026-07-03T08:09:59.282230,2026-07-03T08:09:59.290009+00:00,112.0,3,bid,Xuanyu Liu,EarnestEspressos,5501760
2026-07-03T08:10:01.150872,2026-07-03T08:10:01.157110+00:00,111.6,43,ask,DiligentDonuts,CostlyCorianders,5501787
2026-07-03T08:10:01.220010,2026-07-03T08:10:01.231373+00:00,112.0,50,bid,FlawlessFlatbreads,EarnestEspressos,5501790
2026-07-03T08:10:01.753454,2026-07-03T08:10:01.764892+00:00,111.8,46,ask,EarnestEspressos,CostlyCorianders,5501798
2026-07-03T08:10:03.328152,2026-07-03T08:10:03.339675+00:00,112.1,47,bid,CostlyCorianders,DiligentDonuts,5501826
2026-07-03T08:10:03.334008,2026-07-03T08:10:03.344890+00:00,112.1,50,bid,FlawlessFlatbreads,DiligentDonuts,5501827
2026-07-03T08:10:05.449278,2026-07-03T08:10:05.455519+00:00,112.3,50,bid,FlawlessFlatbreads,EarnestEspressos,5501862
2026-07-03T08:10:05.514096,2026-07-03T08:10:05.523857+00:00,112.0,44,ask,DiligentDonuts,CostlyCorianders,5501864
2026-07-03T08:10:07.555981,2026-07-03T08:10:07.564936+00:00,112.3,50,bid,FlawlessFlatbreads,EarnestEspressos,5501909
2026-07-03T08:10:09.671320,2026-07-03T08:10:09.680302+00:00,112.3,50,bid,FlawlessFlatbreads,DiligentDonuts,5501941
2026-07-03T08:10:09.791644,2026-07-03T08:10:09.800772+00:00,112.1,3,ask,EarnestEspressos,Xuanyu Liu,5501948
2026-07-03T08:10:11.779507,2026-07-03T08:10:11.788129+00:00,112.6,50,bid,FlawlessFlatbreads,DiligentDonuts,5501993
2026-07-03T08:10:12.527366,2026-07-03T08:10:12.534668+00:00,112.6,44,bid,CostlyCorianders,DiligentDonuts,5502005
2026-07-03T08:10:13.884649,2026-07-03T08:10:13.896434+00:00,112.6,6,bid,FlawlessFlatbreads,DiligentDonuts,5502031
2026-07-03T08:10:13.884649,2026-07-03T08:10:13.896434+00:00,112.7,44,bid,FlawlessFlatbreads,EarnestEspressos,5502032
2026-07-03T08:10:15.027755,2026-07-03T08:10:15.037589+00:00,112.5,49,ask,DiligentDonuts,CostlyCorianders,5502040
2026-07-03T08:10:17.537946,2026-07-03T08:10:17.547555+00:00,112.6,3,ask,EarnestEspressos,Xuanyu Liu,5502084
2026-07-03T08:10:17.661808,2026-07-03T08:10:17.670187+00:00,112.6,11,ask,EarnestEspressos,Xuanyu Liu,5502089
2026-07-03T08:10:17.884283,2026-07-03T08:10:17.895889+00:00,112.8,41,bid,CostlyCorianders,DiligentDonuts,5502092
2026-07-03T08:10:18.102396,2026-07-03T08:10:18.113782+00:00,112.8,50,bid,FlawlessFlatbreads,DiligentDonuts,5502099
2026-07-03T08:10:19.099604,2026-07-03T08:10:19.106906+00:00,112.8,9,bid,CostlyCorianders,DiligentDonuts,5502125
2026-07-03T08:10:20.210027,2026-07-03T08:10:20.221512+00:00,113.1,50,bid,FlawlessFlatbreads,EarnestEspressos,5502138
2026-07-03T08:10:21.198900,2026-07-03T08:10:21.205362+00:00,112.8,45,ask,EarnestEspressos,CostlyCorianders,5502161
2026-07-03T08:10:21.618012,2026-07-03T08:10:21.630474+00:00,112.8,23,ask,EarnestEspressos,Xuanyu Liu,5502171
2026-07-03T08:10:21.700043,2026-07-03T08:10:21.711720+00:00,112.8,45,ask,EarnestEspressos,CostlyCorianders,5502176
2026-07-03T08:10:21.779226,2026-07-03T08:10:21.788803+00:00,112.8,22,ask,EarnestEspressos,Zihao Wu,5502179
2026-07-03T08:10:22.319417,2026-07-03T08:10:22.363655+00:00,113.2,50,bid,FlawlessFlatbreads,DiligentDonuts,5502184
2026-07-03T08:10:23.908842,2026-07-03T08:10:23.969246+00:00,112.7,100,ask,DiligentDonuts,EarnestEspressos,5502211
2026-07-03T08:10:23.988928,2026-07-03T08:10:24.011425+00:00,112.7,11,bid,Xuanyu Liu,EarnestEspressos,5502215
2026-07-03T08:10:24.226117,2026-07-03T08:10:24.234138+00:00,112.7,12,bid,Xuanyu Liu,EarnestEspressos,5502225
2026-07-03T08:10:24.429082,2026-07-03T08:10:24.439509+00:00,112.7,27,bid,FlawlessFlatbreads,EarnestEspressos,5502231
2026-07-03T08:10:24.429082,2026-07-03T08:10:24.439509+00:00,113.0,23,bid,FlawlessFlatbreads,DiligentDonuts,5502232
2026-07-03T08:10:25.272524,2026-07-03T08:10:25.283819+00:00,113.0,42,bid,CostlyCorianders,DiligentDonuts,5502246
2026-07-03T08:10:26.535463,2026-07-03T08:10:26.544481+00:00,113.0,35,bid,FlawlessFlatbreads,DiligentDonuts,5502272
2026-07-03T08:10:27.095464,2026-07-03T08:10:27.104252+00:00,112.8,12,ask,EarnestEspressos,Xuanyu Liu,5502282
2026-07-03T08:10:30.801218,2026-07-03T08:10:30.812626+00:00,112.9,50,ask,EarnestEspressos,FlawlessFlatbreads,5502343
2026-07-03T08:10:32.101953,2026-07-03T08:10:32.108906+00:00,112.9,11,ask,EarnestEspressos,Xuanyu Liu,5502362
2026-07-03T08:10:32.617028,2026-07-03T08:10:32.626102+00:00,112.9,42,ask,EarnestEspressos,CostlyCorianders,5502370
2026-07-03T08:10:32.907103,2026-07-03T08:10:32.913877+00:00,112.9,47,ask,EarnestEspressos,FlawlessFlatbreads,5502377
2026-07-03T08:10:32.907103,2026-07-03T08:10:32.919053+00:00,112.8,3,ask,DiligentDonuts,FlawlessFlatbreads,5502378
2026-07-03T08:10:33.403078,2026-07-03T08:10:33.409900+00:00,112.8,97,ask,DiligentDonuts,EarnestEspressos,5502384
2026-07-03T08:10:34.723114,2026-07-03T08:10:34.731683+00:00,112.6,23,bid,Xuanyu Liu,EarnestEspressos,5502412
2026-07-03T08:10:34.962019,2026-07-03T08:10:34.973849+00:00,112.6,30,bid,FlawlessFlatbreads,EarnestEspressos,5502418
2026-07-03T08:10:34.962019,2026-07-03T08:10:34.973849+00:00,112.7,20,bid,FlawlessFlatbreads,DiligentDonuts,5502419
2026-07-03T08:10:37.073438,2026-07-03T08:10:37.083911+00:00,112.8,50,bid,FlawlessFlatbreads,DiligentDonuts,5502450
2026-07-03T08:10:37.212233,2026-07-03T08:10:37.223788+00:00,112.8,46,bid,CostlyCorianders,DiligentDonuts,5502453
2026-07-03T08:10:37.790502,2026-07-03T08:10:37.798523+00:00,112.6,46,ask,EarnestEspressos,CostlyCorianders,5502467
2026-07-03T08:10:38.654456,2026-07-03T08:10:38.662350+00:00,112.6,12,ask,EarnestEspressos,Xuanyu Liu,5502491
2026-07-03T08:10:39.179626,2026-07-03T08:10:39.191104+00:00,112.8,4,bid,FlawlessFlatbreads,DiligentDonuts,5502500
2026-07-03T08:10:39.179626,2026-07-03T08:10:39.191104+00:00,113.1,46,bid,FlawlessFlatbreads,EarnestEspressos,5502501
2026-07-03T08:10:39.776792,2026-07-03T08:10:39.784875+00:00,113.0,11,ask,EarnestEspressos,Xuanyu Liu,5502510
2026-07-03T08:10:40.980478,2026-07-03T08:10:40.988174+00:00,113.0,12,ask,EarnestEspressos,Xuanyu Liu,5502522
2026-07-03T08:10:41.287248,2026-07-03T08:10:41.294131+00:00,113.3,50,bid,FlawlessFlatbreads,DiligentDonuts,5502529
2026-07-03T08:10:42.596542,2026-07-03T08:10:42.604748+00:00,113.0,11,ask,EarnestEspressos,Xuanyu Liu,5502557
2026-07-03T08:10:43.393460,2026-07-03T08:10:43.403096+00:00,113.0,50,bid,FlawlessFlatbreads,EarnestEspressos,5502570
2026-07-03T08:10:45.498608,2026-07-03T08:10:45.510266+00:00,113.0,50,bid,FlawlessFlatbreads,EarnestEspressos,5502605
2026-07-03T08:10:47.665333,2026-07-03T08:10:47.674601+00:00,112.8,50,ask,EarnestEspressos,FlawlessFlatbreads,5502633
2026-07-03T08:10:49.774309,2026-07-03T08:10:49.785780+00:00,113.1,50,ask,DiligentDonuts,FlawlessFlatbreads,5502663
2026-07-03T08:10:51.900527,2026-07-03T08:10:51.911923+00:00,113.1,50,ask,DiligentDonuts,FlawlessFlatbreads,5502707
2026-07-03T08:10:52.295482,2026-07-03T08:10:52.306925+00:00,113.6,43,bid,CostlyCorianders,DiligentDonuts,5502711
2026-07-03T08:10:54.006066,2026-07-03T08:10:54.017415+00:00,112.8,50,ask,EarnestEspressos,FlawlessFlatbreads,5502745
2026-07-03T08:10:55.019196,2026-07-03T08:10:55.030560+00:00,113.3,45,bid,CostlyCorianders,EarnestEspressos,5502764
2026-07-03T08:10:58.192852,2026-07-03T08:10:58.204136+00:00,113.5,50,bid,FlawlessFlatbreads,EarnestEspressos,5502804
2026-07-03T08:11:02.471246,2026-07-03T08:11:02.478589+00:00,113.1,50,ask,EarnestEspressos,FlawlessFlatbreads,5502878
2026-07-03T08:11:03.176966,2026-07-03T08:11:03.188430+00:00,113.1,49,ask,EarnestEspressos,CostlyCorianders,5502890
2026-07-03T08:11:04.601068,2026-07-03T08:11:04.612572+00:00,113.1,50,ask,EarnestEspressos,FlawlessFlatbreads,5502911
2026-07-03T08:11:05.069894,2026-07-03T08:11:05.078441+00:00,113.0,11,bid,Xuanyu Liu,EarnestEspressos,5502915
2026-07-03T08:11:05.104294,2026-07-03T08:11:05.115008+00:00,113.0,22,bid,Zihao Wu,EarnestEspressos,5502918
2026-07-03T08:11:05.302801,2026-07-03T08:11:05.310913+00:00,113.0,49,bid,CostlyCorianders,EarnestEspressos,5502926
2026-07-03T08:11:05.356963,2026-07-03T08:11:05.368357+00:00,112.9,45,ask,DiligentDonuts,CostlyCorianders,5502927
2026-07-03T08:11:05.822033,2026-07-03T08:11:05.829770+00:00,113.0,44,bid,CostlyCorianders,EarnestEspressos,5502932
2026-07-03T08:11:05.875546,2026-07-03T08:11:05.886520+00:00,112.9,47,ask,DiligentDonuts,CostlyCorianders,5502933
2026-07-03T08:11:06.401401,2026-07-03T08:11:06.409759+00:00,113.0,12,bid,Xuanyu Liu,EarnestEspressos,5502944
2026-07-03T08:11:06.980848,2026-07-03T08:11:06.992369+00:00,112.9,8,ask,DiligentDonuts,CostlyCorianders,5502947
2026-07-03T08:11:08.474968,2026-07-03T08:11:08.484413+00:00,113.1,40,ask,EarnestEspressos,CostlyCorianders,5502970
2026-07-03T08:11:08.837488,2026-07-03T08:11:08.854424+00:00,113.1,50,ask,EarnestEspressos,FlawlessFlatbreads,5502973
2026-07-03T08:11:10.264261,2026-07-03T08:11:10.274206+00:00,113.2,40,bid,CostlyCorianders,DiligentDonuts,5502995
2026-07-03T08:11:10.945841,2026-07-03T08:11:10.953019+00:00,113.1,50,ask,EarnestEspressos,FlawlessFlatbreads,5503011
2026-07-03T08:11:13.074908,2026-07-03T08:11:13.086336+00:00,112.7,50,ask,DiligentDonuts,FlawlessFlatbreads,5503043
2026-07-03T08:11:14.076390,2026-07-03T08:11:14.085250+00:00,113.0,23,bid,Xuanyu Liu,EarnestEspressos,5503058
2026-07-03T08:11:14.578620,2026-07-03T08:11:14.590124+00:00,113.2,41,bid,CostlyCorianders,DiligentDonuts,5503068
2026-07-03T08:11:15.181268,2026-07-03T08:11:15.192895+00:00,113.0,50,ask,DiligentDonuts,FlawlessFlatbreads,5503074
2026-07-03T08:11:15.387109,2026-07-03T08:11:15.395023+00:00,113.0,12,ask,DiligentDonuts,Xuanyu Liu,5503080
2026-07-03T08:11:16.030815,2026-07-03T08:11:16.042037+00:00,113.0,38,ask,DiligentDonuts,CostlyCorianders,5503089
2026-07-03T08:11:16.030815,2026-07-03T08:11:16.042037+00:00,112.9,6,ask,EarnestEspressos,CostlyCorianders,5503090
2026-07-03T08:11:17.155775,2026-07-03T08:11:17.167582+00:00,113.4,40,bid,CostlyCorianders,EarnestEspressos,5503117
2026-07-03T08:11:17.289177,2026-07-03T08:11:17.300745+00:00,112.9,50,ask,EarnestEspressos,FlawlessFlatbreads,5503121
2026-07-03T08:11:19.343548,2026-07-03T08:11:19.355036+00:00,112.8,50,bid,FlawlessFlatbreads,DiligentDonuts,5503148
2026-07-03T08:11:21.448971,2026-07-03T08:11:21.455285+00:00,113.0,50,bid,FlawlessFlatbreads,EarnestEspressos,5503192
2026-07-03T08:11:23.573087,2026-07-03T08:11:23.584751+00:00,113.0,50,bid,FlawlessFlatbreads,EarnestEspressos,5503226
2026-07-03T08:11:23.984090,2026-07-03T08:11:23.993454+00:00,113.0,100,bid,EarnestEspressos,DiligentDonuts,5503234
2026-07-03T08:11:25.683719,2026-07-03T08:11:25.693675+00:00,113.5,50,bid,FlawlessFlatbreads,DiligentDonuts,5503256
2026-07-03T08:11:26.236649,2026-07-03T08:11:26.245101+00:00,113.1,41,ask,EarnestEspressos,CostlyCorianders,5503264
2026-07-03T08:11:27.201475,2026-07-03T08:11:27.213114+00:00,113.0,100,ask,DiligentDonuts,EarnestEspressos,5503274
2026-07-03T08:11:27.790241,2026-07-03T08:11:27.801738+00:00,113.0,50,bid,FlawlessFlatbreads,EarnestEspressos,5503280
2026-07-03T08:11:28.196419,2026-07-03T08:11:28.208112+00:00,113.4,41,bid,CostlyCorianders,DiligentDonuts,5503288
2026-07-03T08:11:29.900493,2026-07-03T08:11:29.909235+00:00,113.4,50,bid,FlawlessFlatbreads,DiligentDonuts,5503323
2026-07-03T08:11:32.039361,2026-07-03T08:11:32.050940+00:00,113.6,50,bid,FlawlessFlatbreads,EarnestEspressos,5503354
2026-07-03T08:11:33.481252,2026-07-03T08:11:33.489504+00:00,113.4,23,ask,EarnestEspressos,Xuanyu Liu,5503378
2026-07-03T08:11:34.197026,2026-07-03T08:11:34.208378+00:00,113.4,40,ask,EarnestEspressos,CostlyCorianders,5503394
2026-07-03T08:11:34.739511,2026-07-03T08:11:34.746573+00:00,113.4,49,ask,EarnestEspressos,CostlyCorianders,5503403
2026-07-03T08:11:34.833895,2026-07-03T08:11:34.840994+00:00,113.4,11,ask,EarnestEspressos,Xuanyu Liu,5503405
2026-07-03T08:11:35.059508,2026-07-03T08:11:35.067037+00:00,113.4,11,ask,EarnestEspressos,Xuanyu Liu,5503409
2026-07-03T08:11:35.233788,2026-07-03T08:11:35.245485+00:00,113.4,16,ask,EarnestEspressos,CostlyCorianders,5503411
2026-07-03T08:11:36.307432,2026-07-03T08:11:36.314012+00:00,113.2,50,ask,DiligentDonuts,FlawlessFlatbreads,5503431
2026-07-03T08:11:36.696381,2026-07-03T08:11:36.705965+00:00,113.2,50,ask,DiligentDonuts,EarnestEspressos,5503439
2026-07-03T08:11:36.707163,2026-07-03T08:11:36.715668+00:00,113.2,11,bid,Xuanyu Liu,EarnestEspressos,5503440
2026-07-03T08:11:36.791137,2026-07-03T08:11:36.802986+00:00,113.2,44,bid,CostlyCorianders,EarnestEspressos,5503444
2026-07-03T08:11:37.659473,2026-07-03T08:11:37.667436+00:00,113.2,11,bid,Xuanyu Liu,EarnestEspressos,5503457
2026-07-03T08:11:37.892068,2026-07-03T08:11:37.899247+00:00,113.2,12,bid,Xuanyu Liu,EarnestEspressos,5503463
2026-07-03T08:11:38.413586,2026-07-03T08:11:38.425367+00:00,112.8,50,ask,DiligentDonuts,FlawlessFlatbreads,5503476
2026-07-03T08:11:38.499831,2026-07-03T08:11:38.510468+00:00,113.2,22,bid,CostlyCorianders,EarnestEspressos,5503479
2026-07-03T08:11:38.499831,2026-07-03T08:11:38.510468+00:00,113.3,20,bid,CostlyCorianders,DiligentDonuts,5503480
2026-07-03T08:11:39.083362,2026-07-03T08:11:39.092758+00:00,113.3,49,bid,CostlyCorianders,DiligentDonuts,5503487
2026-07-03T08:11:39.806735,2026-07-03T08:11:39.818157+00:00,113.3,31,bid,EarnestEspressos,DiligentDonuts,5503490
2026-07-03T08:11:39.871516,2026-07-03T08:11:39.880678+00:00,113.3,12,ask,EarnestEspressos,Xuanyu Liu,5503493
2026-07-03T08:11:40.520832,2026-07-03T08:11:40.532574+00:00,113.3,50,ask,EarnestEspressos,FlawlessFlatbreads,5503509
2026-07-03T08:11:41.211278,2026-07-03T08:11:41.221261+00:00,113.3,44,ask,EarnestEspressos,CostlyCorianders,5503519
2026-07-03T08:11:41.693206,2026-07-03T08:11:41.704877+00:00,113.3,13,ask,EarnestEspressos,CostlyCorianders,5503529
2026-07-03T08:11:41.693206,2026-07-03T08:11:41.704877+00:00,113.0,28,ask,DiligentDonuts,CostlyCorianders,5503530
2026-07-03T08:11:42.631168,2026-07-03T08:11:42.640031+00:00,113.0,50,ask,DiligentDonuts,FlawlessFlatbreads,5503551
2026-07-03T08:11:43.021476,2026-07-03T08:11:43.031130+00:00,113.0,22,ask,DiligentDonuts,EarnestEspressos,5503564
2026-07-03T08:11:43.032285,2026-07-03T08:11:43.039981+00:00,112.9,35,bid,Xuanyu Liu,EarnestEspressos,5503565
2026-07-03T08:11:44.211583,2026-07-03T08:11:44.223280+00:00,112.9,46,bid,CostlyCorianders,EarnestEspressos,5503580
2026-07-03T08:11:44.738633,2026-07-03T08:11:44.750305+00:00,112.7,50,ask,DiligentDonuts,FlawlessFlatbreads,5503599
2026-07-03T08:11:45.346240,2026-07-03T08:11:45.358567+00:00,112.9,42,bid,CostlyCorianders,EarnestEspressos,5503609
2026-07-03T08:11:46.142500,2026-07-03T08:11:46.150303+00:00,112.9,23,ask,EarnestEspressos,Xuanyu Liu,5503620
2026-07-03T08:11:46.352258,2026-07-03T08:11:46.358579+00:00,112.9,100,ask,EarnestEspressos,DiligentDonuts,5503624
2026-07-03T08:11:47.655237,2026-07-03T08:11:47.663634+00:00,112.9,27,ask,EarnestEspressos,CostlyCorianders,5503642
2026-07-03T08:11:47.655237,2026-07-03T08:11:47.663634+00:00,112.1,14,ask,DiligentDonuts,CostlyCorianders,5503643
2026-07-03T08:11:51.003858,2026-07-03T08:11:51.015343+00:00,112.9,50,bid,FlawlessFlatbreads,EarnestEspressos,5503687
2026-07-03T08:11:53.110542,2026-07-03T08:11:53.122251+00:00,113.0,50,bid,FlawlessFlatbreads,DiligentDonuts,5503719
2026-07-03T08:11:55.268356,2026-07-03T08:11:55.279949+00:00,112.7,50,ask,EarnestEspressos,FlawlessFlatbreads,5503745
2026-07-03T08:11:57.388525,2026-07-03T08:11:57.399971+00:00,112.5,50,ask,DiligentDonuts,FlawlessFlatbreads,5503779
2026-07-03T08:11:58.097015,2026-07-03T08:11:58.104855+00:00,112.8,41,bid,CostlyCorianders,EarnestEspressos,5503787
2026-07-03T08:11:58.151970,2026-07-03T08:11:58.164732+00:00,112.5,40,ask,DiligentDonuts,CostlyCorianders,5503789
2026-07-03T08:11:58.662827,2026-07-03T08:11:58.671874+00:00,112.8,44,bid,CostlyCorianders,EarnestEspressos,5503798
2026-07-03T08:11:59.249762,2026-07-03T08:11:59.256124+00:00,112.6,41,ask,EarnestEspressos,CostlyCorianders,5503805
2026-07-03T08:11:59.495816,2026-07-03T08:11:59.503317+00:00,112.6,50,ask,EarnestEspressos,FlawlessFlatbreads,5503809
2026-07-03T08:12:00.706205,2026-07-03T08:12:00.715239+00:00,112.6,41,ask,EarnestEspressos,CostlyCorianders,5503823
2026-07-03T08:12:00.902246,2026-07-03T08:12:00.910203+00:00,112.7,11,bid,Xuanyu Liu,DiligentDonuts,5503826
2026-07-03T08:12:01.208933,2026-07-03T08:12:01.220560+00:00,112.7,49,bid,CostlyCorianders,DiligentDonuts,5503830
2026-07-03T08:12:01.551010,2026-07-03T08:12:01.562749+00:00,112.7,40,bid,FlawlessFlatbreads,DiligentDonuts,5503839
2026-07-03T08:12:01.551010,2026-07-03T08:12:01.562749+00:00,113.1,10,bid,FlawlessFlatbreads,EarnestEspressos,5503840
2026-07-03T08:12:03.658769,2026-07-03T08:12:03.667606+00:00,112.8,50,bid,FlawlessFlatbreads,EarnestEspressos,5503863
2026-07-03T08:12:04.437091,2026-07-03T08:12:04.448494+00:00,112.8,41,bid,CostlyCorianders,EarnestEspressos,5503877
2026-07-03T08:12:04.924904,2026-07-03T08:12:04.936538+00:00,112.7,49,ask,DiligentDonuts,CostlyCorianders,5503885
2026-07-03T08:12:06.639843,2026-07-03T08:12:06.651404+00:00,113.0,42,bid,CostlyCorianders,DiligentDonuts,5503909
2026-07-03T08:12:07.922650,2026-07-03T08:12:07.934164+00:00,112.6,50,ask,EarnestEspressos,FlawlessFlatbreads,5503929
2026-07-03T08:12:10.029160,2026-07-03T08:12:10.039013+00:00,112.5,50,ask,DiligentDonuts,FlawlessFlatbreads,5503952
2026-07-03T08:12:12.083899,2026-07-03T08:12:12.095260+00:00,112.9,50,bid,FlawlessFlatbreads,EarnestEspressos,5503986
2026-07-03T08:12:12.830977,2026-07-03T08:12:12.839439+00:00,112.4,45,ask,EarnestEspressos,CostlyCorianders,5503996
2026-07-03T08:12:13.406093,2026-07-03T08:12:13.417412+00:00,112.4,45,ask,EarnestEspressos,CostlyCorianders,5504001
2026-07-03T08:12:14.626518,2026-07-03T08:12:14.635640+00:00,112.9,44,bid,CostlyCorianders,DiligentDonuts,5504021
2026-07-03T08:12:16.111441,2026-07-03T08:12:16.164234+00:00,112.5,43,bid,CostlyCorianders,EarnestEspressos,5504047
2026-07-03T08:12:16.296890,2026-07-03T08:12:16.308468+00:00,112.5,50,bid,FlawlessFlatbreads,EarnestEspressos,5504048
2026-07-03T08:12:16.670280,2026-07-03T08:12:16.678231+00:00,112.5,23,bid,Xuanyu Liu,EarnestEspressos,5504052
2026-07-03T08:12:17.839715,2026-07-03T08:12:17.847211+00:00,112.6,11,ask,EarnestEspressos,Xuanyu Liu,5504076
2026-07-03T08:12:18.214828,2026-07-03T08:12:18.221264+00:00,112.6,44,ask,EarnestEspressos,CostlyCorianders,5504083
2026-07-03T08:12:18.432011,2026-07-03T08:12:18.441344+00:00,113.0,50,bid,FlawlessFlatbreads,DiligentDonuts,5504088
2026-07-03T08:12:20.540219,2026-07-03T08:12:20.549695+00:00,113.0,50,bid,FlawlessFlatbreads,DiligentDonuts,5504114
2026-07-03T08:12:21.098224,2026-07-03T08:12:21.109570+00:00,112.8,100,bid,DiligentDonuts,EarnestEspressos,5504123
2026-07-03T08:12:22.645951,2026-07-03T08:12:22.655309+00:00,112.8,50,bid,FlawlessFlatbreads,EarnestEspressos,5504142
2026-07-03T08:12:24.159404,2026-07-03T08:12:24.169356+00:00,113.0,35,ask,EarnestEspressos,Xuanyu Liu,5504167
2026-07-03T08:12:24.803250,2026-07-03T08:12:24.814582+00:00,113.0,50,ask,EarnestEspressos,FlawlessFlatbreads,5504177
2026-07-03T08:12:24.905112,2026-07-03T08:12:24.912366+00:00,113.0,11,ask,EarnestEspressos,Xuanyu Liu,5504180
2026-07-03T08:12:26.729772,2026-07-03T08:12:26.740032+00:00,113.1,47,bid,CostlyCorianders,DiligentDonuts,5504197
2026-07-03T08:12:26.909711,2026-07-03T08:12:26.918039+00:00,113.0,50,ask,EarnestEspressos,FlawlessFlatbreads,5504199
2026-07-03T08:12:29.017520,2026-07-03T08:12:29.029092+00:00,112.8,50,ask,DiligentDonuts,FlawlessFlatbreads,5504224
2026-07-03T08:12:30.346552,2026-07-03T08:12:30.358589+00:00,112.8,49,ask,DiligentDonuts,CostlyCorianders,5504249
2026-07-03T08:12:31.072769,2026-07-03T08:12:31.084430+00:00,112.9,50,bid,FlawlessFlatbreads,EarnestEspressos,5504256
2026-07-03T08:12:31.201414,2026-07-03T08:12:31.210210+00:00,112.9,11,bid,Xuanyu Liu,EarnestEspressos,5504265
2026-07-03T08:12:31.240810,2026-07-03T08:12:31.248171+00:00,112.9,45,bid,CostlyCorianders,EarnestEspressos,5504267
2026-07-03T08:12:31.294971,2026-07-03T08:12:31.306652+00:00,112.4,43,ask,EarnestEspressos,CostlyCorianders,5504269
2026-07-03T08:12:32.374658,2026-07-03T08:12:32.386166+00:00,112.4,47,ask,EarnestEspressos,CostlyCorianders,5504277
2026-07-03T08:12:33.624115,2026-07-03T08:12:33.633955+00:00,112.9,12,bid,Xuanyu Liu,DiligentDonuts,5504302
2026-07-03T08:12:35.349668,2026-07-03T08:12:35.355911+00:00,112.6,50,ask,EarnestEspressos,FlawlessFlatbreads,5504322
2026-07-03T08:12:35.719005,2026-07-03T08:12:35.728627+00:00,113.1,44,bid,CostlyCorianders,EarnestEspressos,5504328
2026-07-03T08:12:36.413920,2026-07-03T08:12:36.425255+00:00,112.6,42,ask,EarnestEspressos,CostlyCorianders,5504338
2026-07-03T08:12:37.508540,2026-07-03T08:12:37.520033+00:00,113.1,44,bid,CostlyCorianders,EarnestEspressos,5504358
2026-07-03T08:12:39.000273,2026-07-03T08:12:39.014255+00:00,113.1,44,bid,CostlyCorianders,EarnestEspressos,5504381
2026-07-03T08:12:39.480988,2026-07-03T08:12:39.492448+00:00,112.7,45,ask,DiligentDonuts,CostlyCorianders,5504391
2026-07-03T08:12:39.510474,2026-07-03T08:12:39.520045+00:00,113.1,50,bid,FlawlessFlatbreads,EarnestEspressos,5504392
2026-07-03T08:12:40.131594,2026-07-03T08:12:40.143233+00:00,113.1,100,ask,EarnestEspressos,DiligentDonuts,5504398
2026-07-03T08:12:41.617401,2026-07-03T08:12:41.627409+00:00,113.6,50,bid,FlawlessFlatbreads,EarnestEspressos,5504411
2026-07-03T08:12:43.255848,2026-07-03T08:12:43.258572+00:00,112.9,42,ask,EarnestEspressos,CostlyCorianders,5504437
2026-07-03T08:12:43.722979,2026-07-03T08:12:43.732023+00:00,113.3,50,bid,FlawlessFlatbreads,DiligentDonuts,5504448
2026-07-03T08:12:45.794348,2026-07-03T08:12:45.804023+00:00,113.3,48,bid,CostlyCorianders,DiligentDonuts,5504478
2026-07-03T08:12:45.828061,2026-07-03T08:12:45.839804+00:00,113.3,2,bid,FlawlessFlatbreads,DiligentDonuts,5504479
2026-07-03T08:12:45.828061,2026-07-03T08:12:45.839804+00:00,113.4,48,bid,FlawlessFlatbreads,EarnestEspressos,5504480
2026-07-03T08:12:45.848779,2026-07-03T08:12:45.859900+00:00,112.9,44,ask,EarnestEspressos,CostlyCorianders,5504481
2026-07-03T08:12:46.913324,2026-07-03T08:12:46.921111+00:00,113.2,12,ask,DiligentDonuts,Xuanyu Liu,5504498
2026-07-03T08:12:47.238838,2026-07-03T08:12:47.247620+00:00,113.2,11,ask,DiligentDonuts,Xuanyu Liu,5504504
2026-07-03T08:12:47.988111,2026-07-03T08:12:47.999631+00:00,113.2,50,ask,DiligentDonuts,FlawlessFlatbreads,5504521
2026-07-03T08:12:48.892570,2026-07-03T08:12:48.903894+00:00,113.3,42,bid,CostlyCorianders,EarnestEspressos,5504533
2026-07-03T08:12:49.896945,2026-07-03T08:12:49.910351+00:00,112.8,47,ask,EarnestEspressos,CostlyCorianders,5504560
2026-07-03T08:12:50.043507,2026-07-03T08:12:50.058573+00:00,113.3,50,bid,FlawlessFlatbreads,EarnestEspressos,5504564
2026-07-03T08:12:52.151498,2026-07-03T08:12:52.157813+00:00,113.3,50,bid,FlawlessFlatbreads,EarnestEspressos,5504600
2026-07-03T08:12:52.855625,2026-07-03T08:12:52.867257+00:00,113.4,47,bid,CostlyCorianders,DiligentDonuts,5504610
2026-07-03T08:12:54.257662,2026-07-03T08:12:54.269829+00:00,113.4,50,bid,FlawlessFlatbreads,DiligentDonuts,5504642
2026-07-03T08:12:54.823611,2026-07-03T08:12:54.831059+00:00,113.1,42,ask,EarnestEspressos,CostlyCorianders,5504656
2026-07-03T08:12:55.467377,2026-07-03T08:12:55.478699+00:00,113.4,3,bid,CostlyCorianders,DiligentDonuts,5504664
2026-07-03T08:12:56.470191,2026-07-03T08:12:56.481867+00:00,113.3,45,bid,CostlyCorianders,EarnestEspressos,5504670
2026-07-03T08:12:57.532521,2026-07-03T08:12:57.543906+00:00,113.0,42,ask,DiligentDonuts,CostlyCorianders,5504693
2026-07-03T08:12:58.523317,2026-07-03T08:12:58.534896+00:00,113.0,50,ask,DiligentDonuts,FlawlessFlatbreads,5504713
2026-07-03T08:13:00.629605,2026-07-03T08:13:00.637253+00:00,112.8,50,ask,EarnestEspressos,FlawlessFlatbreads,5504748
2026-07-03T08:13:02.738419,2026-07-03T08:13:02.744906+00:00,112.7,50,ask,EarnestEspressos,FlawlessFlatbreads,5504775
2026-07-03T08:13:05.770008,2026-07-03T08:13:05.779477+00:00,112.8,40,ask,DiligentDonuts,CostlyCorianders,5504834
2026-07-03T08:13:06.950204,2026-07-03T08:13:06.958565+00:00,112.8,50,ask,DiligentDonuts,FlawlessFlatbreads,5504857
2026-07-03T08:13:08.014698,2026-07-03T08:13:08.023380+00:00,113.1,41,bid,CostlyCorianders,EarnestEspressos,5504875
2026-07-03T08:13:09.056356,2026-07-03T08:13:09.068029+00:00,112.7,50,ask,EarnestEspressos,FlawlessFlatbreads,5504898
2026-07-03T08:13:09.136301,2026-07-03T08:13:09.145667+00:00,113.0,42,bid,CostlyCorianders,DiligentDonuts,5504899
2026-07-03T08:13:11.164350,2026-07-03T08:13:11.173857+00:00,112.7,50,ask,EarnestEspressos,FlawlessFlatbreads,5504936
2026-07-03T08:13:11.289194,2026-07-03T08:13:11.300727+00:00,112.7,42,ask,EarnestEspressos,CostlyCorianders,5504937
2026-07-03T08:13:11.710502,2026-07-03T08:13:11.717679+00:00,112.7,34,bid,Xuanyu Liu,EarnestEspressos,5504942
2026-07-03T08:13:13.271876,2026-07-03T08:13:13.282395+00:00,112.6,50,ask,DiligentDonuts,FlawlessFlatbreads,5504967
2026-07-03T08:13:15.384530,2026-07-03T08:13:15.394044+00:00,112.4,50,ask,DiligentDonuts,FlawlessFlatbreads,5505010
2026-07-03T08:13:15.566544,2026-07-03T08:13:15.576710+00:00,112.8,42,bid,CostlyCorianders,EarnestEspressos,5505014
2026-07-03T08:13:17.438769,2026-07-03T08:13:17.458616+00:00,112.8,50,bid,FlawlessFlatbreads,EarnestEspressos,5505041
2026-07-03T08:13:18.073500,2026-07-03T08:13:18.084919+00:00,112.7,41,ask,EarnestEspressos,CostlyCorianders,5505053
2026-07-03T08:13:18.532395,2026-07-03T08:13:18.540932+00:00,112.8,48,bid,CostlyCorianders,DiligentDonuts,5505060
2026-07-03T08:13:18.701728,2026-07-03T08:13:18.708951+00:00,112.7,11,ask,EarnestEspressos,Xuanyu Liu,5505062
2026-07-03T08:13:19.612304,2026-07-03T08:13:19.664437+00:00,112.7,50,ask,EarnestEspressos,FlawlessFlatbreads,5505080
2026-07-03T08:13:21.718717,2026-07-03T08:13:21.730035+00:00,112.4,50,ask,DiligentDonuts,FlawlessFlatbreads,5505114
2026-07-03T08:13:23.840953,2026-07-03T08:13:23.850645+00:00,112.4,50,ask,DiligentDonuts,FlawlessFlatbreads,5505135
