timestamp,recv_time,price,volume,aggressor_side,buyer,seller,trade_id
2026-07-04T16:00:00.049317,2026-07-04T16:00:00.033462+00:00,140.0,49,ask,DiligentDonuts,CostlyCorianders,7194686
2026-07-04T16:00:00.640296,2026-07-04T16:00:00.665956+00:00,140.3,43,bid,CostlyCorianders,EarnestEspressos,7194702
2026-07-04T16:00:01.426200,2026-07-04T16:00:01.438076+00:00,139.9,50,ask,DiligentDonuts,FlawlessFlatbreads,7194709
2026-07-04T16:00:04.195553,2026-07-04T16:00:04.205774+00:00,140.3,44,bid,CostlyCorianders,DiligentDonuts,7194750
2026-07-04T16:00:05.642473,2026-07-04T16:00:05.650773+00:00,140.1,50,ask,EarnestEspressos,FlawlessFlatbreads,7194773
2026-07-04T16:00:09.180933,2026-07-04T16:00:09.192456+00:00,140.1,42,ask,DiligentDonuts,CostlyCorianders,7194826
2026-07-04T16:00:11.967689,2026-07-04T16:00:11.979347+00:00,140.0,50,ask,EarnestEspressos,FlawlessFlatbreads,7194864
2026-07-04T16:00:12.038458,2026-07-04T16:00:12.069114+00:00,140.4,42,bid,CostlyCorianders,DiligentDonuts,7194869
2026-07-04T16:00:15.171475,2026-07-04T16:00:15.181131+00:00,140.4,47,bid,CostlyCorianders,EarnestEspressos,7194919
2026-07-04T16:00:16.180808,2026-07-04T16:00:16.192396+00:00,140.3,50,ask,DiligentDonuts,FlawlessFlatbreads,7194929
2026-07-04T16:00:18.286911,2026-07-04T16:00:18.298393+00:00,140.0,50,ask,EarnestEspressos,FlawlessFlatbreads,7194960
2026-07-04T16:00:21.415848,2026-07-04T16:00:21.425126+00:00,139.8,100,ask,DiligentDonuts,EarnestEspressos,7195004
2026-07-04T16:00:22.352306,2026-07-04T16:00:22.364008+00:00,139.8,44,bid,CostlyCorianders,EarnestEspressos,7195009
2026-07-04T16:00:22.497345,2026-07-04T16:00:22.504563+00:00,139.3,50,ask,EarnestEspressos,FlawlessFlatbreads,7195010
2026-07-04T16:00:24.624072,2026-07-04T16:00:24.635573+00:00,139.8,50,ask,EarnestEspressos,FlawlessFlatbreads,7195031
2026-07-04T16:00:24.864903,2026-07-04T16:00:24.873183+00:00,139.8,47,ask,EarnestEspressos,CostlyCorianders,7195032
2026-07-04T16:00:26.416455,2026-07-04T16:00:26.428045+00:00,139.8,42,ask,EarnestEspressos,CostlyCorianders,7195064
2026-07-04T16:00:26.678967,2026-07-04T16:00:26.690870+00:00,139.9,50,bid,FlawlessFlatbreads,DiligentDonuts,7195070
2026-07-04T16:00:27.867745,2026-07-04T16:00:27.878220+00:00,139.6,46,bid,CostlyCorianders,EarnestEspressos,7195096
2026-07-04T16:00:28.640037,2026-07-04T16:00:28.649157+00:00,139.6,3,bid,Xuanyu Liu,EarnestEspressos,7195112
2026-07-04T16:00:28.786057,2026-07-04T16:00:28.798026+00:00,139.6,50,bid,FlawlessFlatbreads,EarnestEspressos,7195114
2026-07-04T16:00:29.334140,2026-07-04T16:00:29.342915+00:00,139.6,41,bid,CostlyCorianders,EarnestEspressos,7195128
2026-07-04T16:00:29.959804,2026-07-04T16:00:29.969166+00:00,139.6,10,bid,Xuanyu Liu,EarnestEspressos,7195143
2026-07-04T16:00:30.853982,2026-07-04T16:00:30.863868+00:00,139.9,10,ask,EarnestEspressos,Xuanyu Liu,7195161
2026-07-04T16:00:30.894609,2026-07-04T16:00:30.906404+00:00,140.0,50,bid,FlawlessFlatbreads,DiligentDonuts,7195163
2026-07-04T16:00:30.982058,2026-07-04T16:00:30.993791+00:00,139.9,43,ask,EarnestEspressos,CostlyCorianders,7195164
2026-07-04T16:00:32.593871,2026-07-04T16:00:32.601971+00:00,139.9,3,ask,EarnestEspressos,Xuanyu Liu,7195180
2026-07-04T16:00:33.053370,2026-07-04T16:00:33.058553+00:00,139.9,50,ask,EarnestEspressos,FlawlessFlatbreads,7195189
2026-07-04T16:00:33.565099,2026-07-04T16:00:33.576890+00:00,140.3,41,bid,CostlyCorianders,DiligentDonuts,7195197
2026-07-04T16:00:33.641878,2026-07-04T16:00:33.652371+00:00,139.9,44,ask,EarnestEspressos,CostlyCorianders,7195198
2026-07-04T16:00:33.641878,2026-07-04T16:00:33.652371+00:00,139.8,3,ask,DiligentDonuts,CostlyCorianders,7195199
2026-07-04T16:00:34.061411,2026-07-04T16:00:34.070433+00:00,139.8,97,ask,DiligentDonuts,EarnestEspressos,7195213
2026-07-04T16:00:35.111330,2026-07-04T16:00:35.119070+00:00,139.8,50,bid,FlawlessFlatbreads,EarnestEspressos,7195227
2026-07-04T16:00:35.207444,2026-07-04T16:00:35.215466+00:00,139.8,3,bid,Xuanyu Liu,EarnestEspressos,7195229
2026-07-04T16:00:37.285011,2026-07-04T16:00:37.295696+00:00,139.9,50,ask,EarnestEspressos,FlawlessFlatbreads,7195253
2026-07-04T16:00:37.437432,2026-07-04T16:00:37.446070+00:00,139.9,3,ask,EarnestEspressos,Xuanyu Liu,7195256
2026-07-04T16:00:39.391804,2026-07-04T16:00:39.403574+00:00,139.9,50,ask,EarnestEspressos,FlawlessFlatbreads,7195284
2026-07-04T16:00:39.643166,2026-07-04T16:00:39.654755+00:00,139.9,42,ask,EarnestEspressos,CostlyCorianders,7195287
2026-07-04T16:00:40.299207,2026-07-04T16:00:40.317056+00:00,140.0,47,bid,CostlyCorianders,DiligentDonuts,7195304
2026-07-04T16:00:40.424157,2026-07-04T16:00:40.432224+00:00,139.6,3,bid,Xuanyu Liu,EarnestEspressos,7195309
2026-07-04T16:00:40.448875,2026-07-04T16:00:40.456992+00:00,139.6,23,bid,Xuanyu Liu,EarnestEspressos,7195311
2026-07-04T16:00:41.499672,2026-07-04T16:00:41.511125+00:00,139.5,50,ask,DiligentDonuts,FlawlessFlatbreads,7195331
2026-07-04T16:00:41.757367,2026-07-04T16:00:41.769170+00:00,139.6,100,bid,DiligentDonuts,EarnestEspressos,7195338
2026-07-04T16:00:43.533540,2026-07-04T16:00:43.543471+00:00,139.7,12,ask,EarnestEspressos,Xuanyu Liu,7195362
2026-07-04T16:00:44.390888,2026-07-04T16:00:44.402045+00:00,139.7,14,ask,EarnestEspressos,Xuanyu Liu,7195378
2026-07-04T16:00:44.583959,2026-07-04T16:00:44.590915+00:00,139.7,40,ask,EarnestEspressos,CostlyCorianders,7195386
2026-07-04T16:00:44.972152,2026-07-04T16:00:44.994044+00:00,139.7,84,ask,EarnestEspressos,DiligentDonuts,7195393
2026-07-04T16:00:44.985991,2026-07-04T16:00:44.994044+00:00,139.5,3,bid,Xuanyu Liu,DiligentDonuts,7195394
2026-07-04T16:00:45.152034,2026-07-04T16:00:45.161542+00:00,139.5,11,bid,Xuanyu Liu,DiligentDonuts,7195399
2026-07-04T16:00:45.657916,2026-07-04T16:00:45.670010+00:00,139.5,2,bid,FlawlessFlatbreads,DiligentDonuts,7195409
2026-07-04T16:00:45.657916,2026-07-04T16:00:45.670010+00:00,140.2,48,bid,FlawlessFlatbreads,EarnestEspressos,7195410
2026-07-04T16:00:47.768491,2026-07-04T16:00:47.780266+00:00,139.9,50,bid,FlawlessFlatbreads,EarnestEspressos,7195450
2026-07-04T16:00:49.292171,2026-07-04T16:00:49.304393+00:00,139.9,46,bid,CostlyCorianders,EarnestEspressos,7195474
2026-07-04T16:00:49.845291,2026-07-04T16:00:49.852430+00:00,140.1,48,bid,CostlyCorianders,DiligentDonuts,7195490
2026-07-04T16:00:49.926251,2026-07-04T16:00:49.938092+00:00,140.0,50,ask,EarnestEspressos,FlawlessFlatbreads,7195491
2026-07-04T16:00:50.303330,2026-07-04T16:00:50.314909+00:00,140.0,48,ask,EarnestEspressos,CostlyCorianders,7195499
2026-07-04T16:00:50.760613,2026-07-04T16:00:50.771637+00:00,140.0,11,ask,EarnestEspressos,Xuanyu Liu,7195509
2026-07-04T16:00:52.033693,2026-07-04T16:00:52.045693+00:00,140.0,41,ask,EarnestEspressos,FlawlessFlatbreads,7195543
2026-07-04T16:00:52.033693,2026-07-04T16:00:52.045693+00:00,139.8,9,ask,DiligentDonuts,FlawlessFlatbreads,7195544
2026-07-04T16:00:53.087934,2026-07-04T16:00:53.094972+00:00,139.8,91,ask,DiligentDonuts,EarnestEspressos,7195564
2026-07-04T16:00:54.143630,2026-07-04T16:00:54.155203+00:00,139.3,50,ask,EarnestEspressos,FlawlessFlatbreads,7195576
2026-07-04T16:00:56.261623,2026-07-04T16:00:56.270746+00:00,139.5,50,ask,DiligentDonuts,FlawlessFlatbreads,7195624
2026-07-04T16:01:00.897462,2026-07-04T16:01:00.905739+00:00,139.7,34,bid,Xuanyu Liu,DiligentDonuts,7195714
2026-07-04T16:01:01.464974,2026-07-04T16:01:01.474574+00:00,139.7,12,bid,Xuanyu Liu,DiligentDonuts,7195723
2026-07-04T16:01:02.526667,2026-07-04T16:01:02.536510+00:00,139.7,54,bid,EarnestEspressos,DiligentDonuts,7195746
2026-07-04T16:01:02.584455,2026-07-04T16:01:02.594380+00:00,139.8,50,ask,EarnestEspressos,FlawlessFlatbreads,7195748
2026-07-04T16:01:03.924211,2026-07-04T16:01:03.932252+00:00,140.2,12,ask,DiligentDonuts,Xuanyu Liu,7195764
2026-07-04T16:01:04.092811,2026-07-04T16:01:04.100803+00:00,140.2,34,ask,DiligentDonuts,Xuanyu Liu,7195768
2026-07-04T16:01:04.853312,2026-07-04T16:01:04.858570+00:00,140.3,47,bid,CostlyCorianders,EarnestEspressos,7195781
2026-07-04T16:01:05.750756,2026-07-04T16:01:05.767654+00:00,140.2,54,ask,DiligentDonuts,EarnestEspressos,7195799
2026-07-04T16:01:05.759426,2026-07-04T16:01:05.767654+00:00,140.1,11,bid,Xuanyu Liu,EarnestEspressos,7195800
2026-07-04T16:01:06.721443,2026-07-04T16:01:06.730295+00:00,140.1,12,bid,Xuanyu Liu,EarnestEspressos,7195819
2026-07-04T16:01:06.746842,2026-07-04T16:01:06.760057+00:00,140.1,50,bid,FlawlessFlatbreads,EarnestEspressos,7195821
2026-07-04T16:01:08.904742,2026-07-04T16:01:08.916308+00:00,140.0,50,ask,EarnestEspressos,FlawlessFlatbreads,7195853
2026-07-04T16:01:10.765286,2026-07-04T16:01:10.777089+00:00,140.2,47,bid,CostlyCorianders,DiligentDonuts,7195889
2026-07-04T16:01:10.960692,2026-07-04T16:01:10.972518+00:00,140.2,50,bid,FlawlessFlatbreads,DiligentDonuts,7195890
2026-07-04T16:01:11.346327,2026-07-04T16:01:11.352763+00:00,140.0,41,ask,EarnestEspressos,CostlyCorianders,7195903
2026-07-04T16:01:11.822494,2026-07-04T16:01:11.807624+00:00,140.2,3,bid,CostlyCorianders,DiligentDonuts,7195914
2026-07-04T16:01:11.876934,2026-07-04T16:01:11.963721+00:00,140.0,41,ask,EarnestEspressos,CostlyCorianders,7195915
2026-07-04T16:01:11.994640,2026-07-04T16:01:12.058627+00:00,141.0,22,bid,Zihao Wu,Alan Niu,7195918
2026-07-04T16:01:12.116966,2026-07-04T16:01:12.125094+00:00,140.1,22,bid,Alan Niu,EarnestEspressos,7195920
2026-07-04T16:01:12.520047,2026-07-04T16:01:12.527808+00:00,140.1,11,bid,Xuanyu Liu,EarnestEspressos,7195929
2026-07-04T16:01:13.280905,2026-07-04T16:01:13.288855+00:00,140.1,23,bid,Xuanyu Liu,EarnestEspressos,7195942
2026-07-04T16:01:13.394126,2026-07-04T16:01:13.411906+00:00,140.1,94,bid,DiligentDonuts,EarnestEspressos,7195944
2026-07-04T16:01:13.403775,2026-07-04T16:01:13.411906+00:00,140.5,6,ask,DiligentDonuts,Xuanyu Liu,7195945
2026-07-04T16:01:13.997792,2026-07-04T16:01:14.009572+00:00,141.0,47,bid,CostlyCorianders,DiligentDonuts,7195951
2026-07-04T16:01:15.075404,2026-07-04T16:01:15.087308+00:00,139.6,40,ask,EarnestEspressos,CostlyCorianders,7195968
2026-07-04T16:01:15.208062,2026-07-04T16:01:15.216056+00:00,140.2,5,ask,EarnestEspressos,Xuanyu Liu,7195971
2026-07-04T16:01:15.222695,2026-07-04T16:01:15.231354+00:00,140.2,50,ask,EarnestEspressos,FlawlessFlatbreads,7195973
2026-07-04T16:01:17.216309,2026-07-04T16:01:17.228723+00:00,140.2,12,ask,EarnestEspressos,Xuanyu Liu,7196013
2026-07-04T16:01:17.678644,2026-07-04T16:01:17.690255+00:00,140.7,49,bid,CostlyCorianders,EarnestEspressos,7196024
2026-07-04T16:01:21.362697,2026-07-04T16:01:21.374252+00:00,140.4,45,ask,DiligentDonuts,CostlyCorianders,7196064
2026-07-04T16:01:21.483462,2026-07-04T16:01:21.490079+00:00,140.9,50,bid,FlawlessFlatbreads,DiligentDonuts,7196066
2026-07-04T16:01:21.929232,2026-07-04T16:01:21.940999+00:00,140.5,43,ask,EarnestEspressos,CostlyCorianders,7196074
2026-07-04T16:01:22.442068,2026-07-04T16:01:22.458590+00:00,140.9,41,bid,CostlyCorianders,DiligentDonuts,7196084
2026-07-04T16:01:23.426109,2026-07-04T16:01:23.436763+00:00,140.5,40,ask,EarnestEspressos,CostlyCorianders,7196100
2026-07-04T16:01:23.590117,2026-07-04T16:01:23.601773+00:00,141.0,50,bid,FlawlessFlatbreads,EarnestEspressos,7196101
2026-07-04T16:01:23.776112,2026-07-04T16:01:23.784381+00:00,140.5,11,ask,EarnestEspressos,Xuanyu Liu,7196106
2026-07-04T16:01:24.448749,2026-07-04T16:01:24.463633+00:00,141.0,44,bid,CostlyCorianders,EarnestEspressos,7196124
2026-07-04T16:01:26.025254,2026-07-04T16:01:26.037220+00:00,140.8,46,bid,CostlyCorianders,EarnestEspressos,7196145
2026-07-04T16:01:27.469122,2026-07-04T16:01:27.480914+00:00,140.4,46,ask,DiligentDonuts,CostlyCorianders,7196167
2026-07-04T16:01:27.833753,2026-07-04T16:01:27.845809+00:00,140.9,50,bid,FlawlessFlatbreads,DiligentDonuts,7196176
2026-07-04T16:01:27.952022,2026-07-04T16:01:27.953054+00:00,140.9,44,bid,CostlyCorianders,DiligentDonuts,7196178
2026-07-04T16:01:29.437841,2026-07-04T16:01:29.447435+00:00,141.0,40,ask,DiligentDonuts,CostlyCorianders,7196204
2026-07-04T16:01:29.964896,2026-07-04T16:01:29.974322+00:00,141.1,50,bid,FlawlessFlatbreads,EarnestEspressos,7196216
2026-07-04T16:01:30.330389,2026-07-04T16:01:30.337970+00:00,141.0,12,ask,DiligentDonuts,Xuanyu Liu,7196222
2026-07-04T16:01:31.028093,2026-07-04T16:01:31.037422+00:00,141.1,11,ask,EarnestEspressos,Xuanyu Liu,7196232
2026-07-04T16:01:31.639068,2026-07-04T16:01:31.647195+00:00,141.1,3,ask,EarnestEspressos,Xuanyu Liu,7196248
2026-07-04T16:01:31.673662,2026-07-04T16:01:31.684855+00:00,141.1,43,ask,EarnestEspressos,CostlyCorianders,7196250
2026-07-04T16:01:32.020567,2026-07-04T16:01:32.031497+00:00,141.1,22,ask,EarnestEspressos,Zihao Wu,7196254
2026-07-04T16:01:32.121218,2026-07-04T16:01:32.132829+00:00,141.1,50,ask,EarnestEspressos,FlawlessFlatbreads,7196258
2026-07-04T16:01:32.438619,2026-07-04T16:01:32.450085+00:00,141.1,21,ask,EarnestEspressos,DiligentDonuts,7196271
2026-07-04T16:01:34.178285,2026-07-04T16:01:34.190452+00:00,141.1,50,bid,FlawlessFlatbreads,DiligentDonuts,7196312
2026-07-04T16:01:34.233569,2026-07-04T16:01:34.242848+00:00,140.6,100,ask,DiligentDonuts,EarnestEspressos,7196313
2026-07-04T16:01:34.259509,2026-07-04T16:01:34.267691+00:00,140.5,14,bid,Xuanyu Liu,EarnestEspressos,7196315
2026-07-04T16:01:34.887280,2026-07-04T16:01:34.898959+00:00,140.5,36,bid,CostlyCorianders,EarnestEspressos,7196328
2026-07-04T16:01:34.887280,2026-07-04T16:01:34.898959+00:00,141.1,10,bid,CostlyCorianders,DiligentDonuts,7196329
2026-07-04T16:01:36.025266,2026-07-04T16:01:36.033311+00:00,140.4,45,ask,DiligentDonuts,CostlyCorianders,7196344
2026-07-04T16:01:36.287809,2026-07-04T16:01:36.299820+00:00,140.9,50,bid,FlawlessFlatbreads,DiligentDonuts,7196349
2026-07-04T16:01:36.507687,2026-07-04T16:01:36.519473+00:00,140.9,49,bid,CostlyCorianders,DiligentDonuts,7196355
2026-07-04T16:01:37.343168,2026-07-04T16:01:37.351687+00:00,140.9,1,bid,EarnestEspressos,DiligentDonuts,7196369
2026-07-04T16:01:37.826150,2026-07-04T16:01:37.834703+00:00,140.9,11,ask,EarnestEspressos,Xuanyu Liu,7196373
2026-07-04T16:01:38.394563,2026-07-04T16:01:38.406130+00:00,141.4,50,bid,FlawlessFlatbreads,EarnestEspressos,7196381
2026-07-04T16:01:38.673796,2026-07-04T16:01:38.685402+00:00,140.9,41,ask,EarnestEspressos,CostlyCorianders,7196384
2026-07-04T16:01:39.322628,2026-07-04T16:01:39.334593+00:00,140.9,49,ask,EarnestEspressos,CostlyCorianders,7196398
2026-07-04T16:01:44.731769,2026-07-04T16:01:44.743243+00:00,141.2,50,bid,FlawlessFlatbreads,DiligentDonuts,7196507
2026-07-04T16:01:45.097496,2026-07-04T16:01:45.106928+00:00,140.7,3,ask,EarnestEspressos,Xuanyu Liu,7196514
2026-07-04T16:01:46.387497,2026-07-04T16:01:46.398935+00:00,141.1,48,bid,CostlyCorianders,DiligentDonuts,7196541
2026-07-04T16:01:46.842509,2026-07-04T16:01:46.853961+00:00,141.1,50,bid,FlawlessFlatbreads,DiligentDonuts,7196546
2026-07-04T16:01:47.524895,2026-07-04T16:01:47.532723+00:00,140.8,49,bid,CostlyCorianders,EarnestEspressos,7196564
2026-07-04T16:01:48.200120,2026-07-04T16:01:48.211828+00:00,140.8,100,bid,DiligentDonuts,EarnestEspressos,7196578
2026-07-04T16:01:48.499652,2026-07-04T16:01:48.511347+00:00,140.3,41,ask,EarnestEspressos,CostlyCorianders,7196583
2026-07-04T16:01:49.031501,2026-07-04T16:01:49.043112+00:00,140.3,50,ask,EarnestEspressos,FlawlessFlatbreads,7196590
2026-07-04T16:01:51.140672,2026-07-04T16:01:51.147388+00:00,140.6,50,ask,EarnestEspressos,FlawlessFlatbreads,7196632
2026-07-04T16:01:51.969197,2026-07-04T16:01:51.980681+00:00,140.6,43,ask,EarnestEspressos,CostlyCorianders,7196637
2026-07-04T16:01:53.247449,2026-07-04T16:01:53.263629+00:00,140.4,100,ask,DiligentDonuts,EarnestEspressos,7196667
2026-07-04T16:01:53.457606,2026-07-04T16:01:53.469416+00:00,140.3,22,bid,Zihao Wu,EarnestEspressos,7196674
2026-07-04T16:01:53.590282,2026-07-04T16:01:53.597710+00:00,140.3,28,bid,CostlyCorianders,EarnestEspressos,7196678
2026-07-04T16:01:53.590282,2026-07-04T16:01:53.602957+00:00,140.9,21,bid,CostlyCorianders,DiligentDonuts,7196679
2026-07-04T16:01:55.362222,2026-07-04T16:01:55.374326+00:00,140.1,50,ask,DiligentDonuts,FlawlessFlatbreads,7196711
2026-07-04T16:01:56.212746,2026-07-04T16:01:56.224739+00:00,140.6,43,bid,CostlyCorianders,DiligentDonuts,7196724
2026-07-04T16:01:57.469693,2026-07-04T16:01:57.476935+00:00,140.4,50,ask,EarnestEspressos,FlawlessFlatbreads,7196746
2026-07-04T16:01:57.740493,2026-07-04T16:01:57.752170+00:00,140.4,100,ask,EarnestEspressos,DiligentDonuts,7196752
2026-07-04T16:01:59.577959,2026-07-04T16:01:59.585331+00:00,139.8,50,ask,DiligentDonuts,FlawlessFlatbreads,7196792
2026-07-04T16:02:01.683517,2026-07-04T16:02:01.695021+00:00,140.0,50,ask,DiligentDonuts,FlawlessFlatbreads,7196823
2026-07-04T16:02:03.666965,2026-07-04T16:02:03.673855+00:00,140.0,41,ask,DiligentDonuts,CostlyCorianders,7196849
2026-07-04T16:02:03.789072,2026-07-04T16:02:03.798134+00:00,140.0,9,ask,DiligentDonuts,FlawlessFlatbreads,7196852
2026-07-04T16:02:03.789072,2026-07-04T16:02:03.798134+00:00,139.8,41,ask,EarnestEspressos,FlawlessFlatbreads,7196853
2026-07-04T16:02:04.692037,2026-07-04T16:02:04.703854+00:00,139.8,45,ask,EarnestEspressos,CostlyCorianders,7196867
2026-07-04T16:02:05.845750,2026-07-04T16:02:05.852199+00:00,140.1,50,bid,FlawlessFlatbreads,DiligentDonuts,7196878
2026-07-04T16:02:05.951281,2026-07-04T16:02:05.960281+00:00,139.9,3,bid,Xuanyu Liu,EarnestEspressos,7196881
2026-07-04T16:02:07.953157,2026-07-04T16:02:07.963637+00:00,139.9,50,bid,FlawlessFlatbreads,EarnestEspressos,7196902
2026-07-04T16:02:10.111299,2026-07-04T16:02:10.119283+00:00,139.6,50,ask,DiligentDonuts,FlawlessFlatbreads,7196930
2026-07-04T16:02:12.279987,2026-07-04T16:02:12.290329+00:00,139.8,11,bid,Xuanyu Liu,EarnestEspressos,7196963
2026-07-04T16:02:12.850983,2026-07-04T16:02:12.854788+00:00,139.8,41,bid,CostlyCorianders,EarnestEspressos,7196971
2026-07-04T16:02:14.273248,2026-07-04T16:02:14.284652+00:00,139.8,50,bid,FlawlessFlatbreads,EarnestEspressos,7196998
2026-07-04T16:02:15.412463,2026-07-04T16:02:15.422666+00:00,139.8,22,ask,EarnestEspressos,Zihao Wu,7197016
2026-07-04T16:02:16.313546,2026-07-04T16:02:16.323979+00:00,139.8,45,ask,EarnestEspressos,CostlyCorianders,7197033
2026-07-04T16:02:17.796520,2026-07-04T16:02:17.805199+00:00,139.8,11,ask,EarnestEspressos,Xuanyu Liu,7197061
2026-07-04T16:02:18.534763,2026-07-04T16:02:18.542731+00:00,139.4,50,ask,DiligentDonuts,FlawlessFlatbreads,7197081
2026-07-04T16:02:18.815464,2026-07-04T16:02:18.824020+00:00,139.5,11,bid,Xuanyu Liu,EarnestEspressos,7197085
2026-07-04T16:02:20.125849,2026-07-04T16:02:20.134946+00:00,139.5,12,bid,Xuanyu Liu,EarnestEspressos,7197104
2026-07-04T16:02:20.589850,2026-07-04T16:02:20.601336+00:00,139.5,50,bid,FlawlessFlatbreads,EarnestEspressos,7197114
2026-07-04T16:02:22.696093,2026-07-04T16:02:22.703897+00:00,139.6,50,bid,FlawlessFlatbreads,DiligentDonuts,7197148
2026-07-04T16:02:24.510378,2026-07-04T16:02:24.520039+00:00,139.7,46,bid,CostlyCorianders,DiligentDonuts,7197174
2026-07-04T16:02:24.803656,2026-07-04T16:02:24.815728+00:00,139.7,50,bid,FlawlessFlatbreads,DiligentDonuts,7197183
2026-07-04T16:02:26.915204,2026-07-04T16:02:26.926968+00:00,140.0,50,bid,FlawlessFlatbreads,EarnestEspressos,7197222
2026-07-04T16:02:27.216654,2026-07-04T16:02:27.228472+00:00,140.0,44,bid,CostlyCorianders,EarnestEspressos,7197231
2026-07-04T16:02:28.028723,2026-07-04T16:02:28.040337+00:00,140.1,100,bid,EarnestEspressos,DiligentDonuts,7197254
2026-07-04T16:02:28.063380,2026-07-04T16:02:28.074585+00:00,140.1,26,ask,EarnestEspressos,Xuanyu Liu,7197255
2026-07-04T16:02:28.356968,2026-07-04T16:02:28.358607+00:00,140.1,24,ask,EarnestEspressos,CostlyCorianders,7197259
2026-07-04T16:02:28.356968,2026-07-04T16:02:28.370412+00:00,139.6,24,ask,DiligentDonuts,CostlyCorianders,7197260
2026-07-04T16:02:29.075441,2026-07-04T16:02:29.087278+00:00,139.6,50,ask,DiligentDonuts,FlawlessFlatbreads,7197276
2026-07-04T16:02:29.907426,2026-07-04T16:02:29.914082+00:00,140.1,43,bid,CostlyCorianders,DiligentDonuts,7197292
2026-07-04T16:02:31.131849,2026-07-04T16:02:31.143460+00:00,140.1,50,bid,FlawlessFlatbreads,DiligentDonuts,7197309
2026-07-04T16:02:31.926764,2026-07-04T16:02:31.936244+00:00,139.6,46,ask,DiligentDonuts,CostlyCorianders,7197326
2026-07-04T16:02:33.287712,2026-07-04T16:02:33.299236+00:00,139.9,50,ask,DiligentDonuts,FlawlessFlatbreads,7197350
2026-07-04T16:02:33.986603,2026-07-04T16:02:33.997461+00:00,139.9,45,ask,DiligentDonuts,CostlyCorianders,7197359
2026-07-04T16:02:35.394228,2026-07-04T16:02:35.405924+00:00,139.9,5,ask,DiligentDonuts,FlawlessFlatbreads,7197394
2026-07-04T16:02:35.808075,2026-07-04T16:02:35.816673+00:00,140.0,40,bid,CostlyCorianders,EarnestEspressos,7197395
2026-07-04T16:02:37.500447,2026-07-04T16:02:37.507837+00:00,139.6,50,ask,DiligentDonuts,FlawlessFlatbreads,7197425
2026-07-04T16:02:39.527814,2026-07-04T16:02:39.539282+00:00,139.9,43,bid,CostlyCorianders,DiligentDonuts,7197467
2026-07-04T16:02:39.616778,2026-07-04T16:02:39.626972+00:00,139.5,50,ask,EarnestEspressos,FlawlessFlatbreads,7197472
2026-07-04T16:02:41.723960,2026-07-04T16:02:41.730880+00:00,139.4,50,ask,DiligentDonuts,FlawlessFlatbreads,7197494
2026-07-04T16:02:42.808763,2026-07-04T16:02:42.820526+00:00,139.8,45,bid,CostlyCorianders,EarnestEspressos,7197508
2026-07-04T16:02:42.863369,2026-07-04T16:02:42.873229+00:00,139.3,41,ask,EarnestEspressos,CostlyCorianders,7197510
2026-07-04T16:02:43.859151,2026-07-04T16:02:43.871123+00:00,139.3,50,ask,DiligentDonuts,FlawlessFlatbreads,7197523
2026-07-04T16:02:45.019404,2026-07-04T16:02:45.027105+00:00,139.8,43,bid,CostlyCorianders,DiligentDonuts,7197543
2026-07-04T16:02:45.965781,2026-07-04T16:02:45.977308+00:00,139.4,50,ask,EarnestEspressos,FlawlessFlatbreads,7197555
2026-07-04T16:02:46.220384,2026-07-04T16:02:46.228817+00:00,139.8,3,bid,Xuanyu Liu,DiligentDonuts,7197563
2026-07-04T16:02:47.442411,2026-07-04T16:02:47.463630+00:00,139.4,48,ask,EarnestEspressos,CostlyCorianders,7197585
2026-07-04T16:02:47.964164,2026-07-04T16:02:47.975992+00:00,139.8,42,bid,CostlyCorianders,DiligentDonuts,7197605
2026-07-04T16:02:48.021637,2026-07-04T16:02:48.033512+00:00,139.8,50,bid,FlawlessFlatbreads,DiligentDonuts,7197608
2026-07-04T16:02:48.063000,2026-07-04T16:02:48.095339+00:00,139.8,5,bid,Xuanyu Liu,DiligentDonuts,7197611
2026-07-04T16:02:49.111748,2026-07-04T16:02:49.123526+00:00,139.8,41,ask,DiligentDonuts,CostlyCorianders,7197622
2026-07-04T16:02:50.198127,2026-07-04T16:02:50.209109+00:00,139.8,50,ask,DiligentDonuts,FlawlessFlatbreads,7197642
2026-07-04T16:02:50.239360,2026-07-04T16:02:50.263832+00:00,139.8,9,ask,DiligentDonuts,EarnestEspressos,7197644
2026-07-04T16:02:50.251985,2026-07-04T16:02:50.263832+00:00,139.7,18,bid,Xuanyu Liu,EarnestEspressos,7197645
2026-07-04T16:02:50.285329,2026-07-04T16:02:50.295115+00:00,139.7,23,bid,Xuanyu Liu,EarnestEspressos,7197649
2026-07-04T16:02:51.447740,2026-07-04T16:02:51.463779+00:00,139.7,100,bid,DiligentDonuts,EarnestEspressos,7197672
2026-07-04T16:02:53.359457,2026-07-04T16:02:53.368980+00:00,140.0,23,ask,EarnestEspressos,Xuanyu Liu,7197701
2026-07-04T16:02:55.378803,2026-07-04T16:02:55.387351+00:00,140.1,44,bid,CostlyCorianders,DiligentDonuts,7197742
2026-07-04T16:02:56.517165,2026-07-04T16:02:56.526074+00:00,140.1,56,bid,EarnestEspressos,DiligentDonuts,7197767
2026-07-04T16:02:56.536040,2026-07-04T16:02:56.547029+00:00,140.1,50,ask,EarnestEspressos,FlawlessFlatbreads,7197772
2026-07-04T16:02:59.716533,2026-07-04T16:02:59.728237+00:00,139.9,40,ask,DiligentDonuts,CostlyCorianders,7197823
2026-07-04T16:03:00.773675,2026-07-04T16:03:00.785713+00:00,139.9,50,ask,DiligentDonuts,FlawlessFlatbreads,7197838
2026-07-04T16:03:00.788646,2026-07-04T16:03:00.801633+00:00,140.1,46,bid,CostlyCorianders,EarnestEspressos,7197840
2026-07-04T16:03:01.381125,2026-07-04T16:03:01.392949+00:00,139.6,47,ask,EarnestEspressos,CostlyCorianders,7197848
2026-07-04T16:03:02.540996,2026-07-04T16:03:02.558562+00:00,139.6,49,ask,EarnestEspressos,CostlyCorianders,7197867
2026-07-04T16:03:02.912971,2026-07-04T16:03:02.921037+00:00,139.9,11,bid,Xuanyu Liu,EarnestEspressos,7197873
2026-07-04T16:03:04.935130,2026-07-04T16:03:04.944977+00:00,139.9,50,bid,FlawlessFlatbreads,EarnestEspressos,7197918
2026-07-04T16:03:09.150874,2026-07-04T16:03:09.157234+00:00,140.0,50,bid,FlawlessFlatbreads,DiligentDonuts,7197993
2026-07-04T16:03:10.298981,2026-07-04T16:03:10.311220+00:00,140.0,46,bid,CostlyCorianders,DiligentDonuts,7198015
2026-07-04T16:03:11.002688,2026-07-04T16:03:11.010042+00:00,140.2,45,bid,CostlyCorianders,EarnestEspressos,7198030
2026-07-04T16:03:12.599342,2026-07-04T16:03:12.610870+00:00,139.9,42,ask,DiligentDonuts,CostlyCorianders,7198052
2026-07-04T16:03:13.390875,2026-07-04T16:03:13.398953+00:00,140.4,50,bid,FlawlessFlatbreads,DiligentDonuts,7198067
2026-07-04T16:03:15.064962,2026-07-04T16:03:15.076885+00:00,139.9,49,ask,EarnestEspressos,CostlyCorianders,7198104
2026-07-04T16:03:15.496469,2026-07-04T16:03:15.508276+00:00,140.4,50,bid,FlawlessFlatbreads,DiligentDonuts,7198110
2026-07-04T16:03:17.021523,2026-07-04T16:03:17.030342+00:00,140.0,42,bid,CostlyCorianders,EarnestEspressos,7198145
2026-07-04T16:03:17.718668,2026-07-04T16:03:17.733094+00:00,139.9,34,ask,DiligentDonuts,Xuanyu Liu,7198160
2026-07-04T16:03:17.829384,2026-07-04T16:03:17.840559+00:00,139.9,3,ask,DiligentDonuts,Xuanyu Liu,7198166
2026-07-04T16:03:18.257004,2026-07-04T16:03:18.264887+00:00,139.9,45,ask,DiligentDonuts,CostlyCorianders,7198182
2026-07-04T16:03:18.720683,2026-07-04T16:03:18.730561+00:00,139.9,18,ask,DiligentDonuts,EarnestEspressos,7198192
2026-07-04T16:03:19.709311,2026-07-04T16:03:19.717046+00:00,139.8,50,bid,FlawlessFlatbreads,EarnestEspressos,7198213
2026-07-04T16:03:19.994028,2026-07-04T16:03:20.001978+00:00,139.7,3,bid,Xuanyu Liu,DiligentDonuts,7198219
2026-07-04T16:03:21.594653,2026-07-04T16:03:21.603947+00:00,139.7,45,bid,CostlyCorianders,DiligentDonuts,7198250
2026-07-04T16:03:21.826483,2026-07-04T16:03:21.836837+00:00,139.7,50,bid,FlawlessFlatbreads,DiligentDonuts,7198253
2026-07-04T16:03:23.989766,2026-07-04T16:03:23.998819+00:00,139.4,50,ask,EarnestEspressos,FlawlessFlatbreads,7198301
2026-07-04T16:03:26.101155,2026-07-04T16:03:26.112284+00:00,139.4,50,ask,DiligentDonuts,FlawlessFlatbreads,7198334
2026-07-04T16:03:26.844526,2026-07-04T16:03:26.855339+00:00,139.6,49,bid,CostlyCorianders,EarnestEspressos,7198343
2026-07-04T16:03:28.206572,2026-07-04T16:03:28.215079+00:00,139.4,50,ask,EarnestEspressos,FlawlessFlatbreads,7198357
2026-07-04T16:03:30.261353,2026-07-04T16:03:30.273261+00:00,139.7,50,bid,FlawlessFlatbreads,DiligentDonuts,7198392
2026-07-04T16:03:32.422710,2026-07-04T16:03:32.431728+00:00,139.2,50,ask,DiligentDonuts,FlawlessFlatbreads,7198441
2026-07-04T16:03:33.272780,2026-07-04T16:03:33.282150+00:00,139.0,42,ask,EarnestEspressos,CostlyCorianders,7198451
2026-07-04T16:03:34.530962,2026-07-04T16:03:34.542585+00:00,139.0,50,ask,DiligentDonuts,FlawlessFlatbreads,7198466
2026-07-04T16:03:36.148077,2026-07-04T16:03:36.154819+00:00,139.4,48,bid,CostlyCorianders,EarnestEspressos,7198497
2026-07-04T16:03:36.778842,2026-07-04T16:03:36.790587+00:00,139.0,45,ask,DiligentDonuts,CostlyCorianders,7198504
2026-07-04T16:03:37.937714,2026-07-04T16:03:37.946685+00:00,139.0,45,ask,DiligentDonuts,CostlyCorianders,7198529
2026-07-04T16:03:38.746811,2026-07-04T16:03:38.758587+00:00,139.0,10,ask,DiligentDonuts,FlawlessFlatbreads,7198540
2026-07-04T16:03:38.746811,2026-07-04T16:03:38.758587+00:00,139.0,40,ask,EarnestEspressos,FlawlessFlatbreads,7198541
2026-07-04T16:03:38.962562,2026-07-04T16:03:38.969833+00:00,139.0,100,ask,EarnestEspressos,DiligentDonuts,7198547
2026-07-04T16:03:38.972601,2026-07-04T16:03:38.980093+00:00,139.0,10,ask,EarnestEspressos,CostlyCorianders,7198548
2026-07-04T16:03:40.807918,2026-07-04T16:03:40.816416+00:00,139.9,50,bid,FlawlessFlatbreads,Alan Niu,7198580
2026-07-04T16:03:40.812158,2026-07-04T16:03:40.821584+00:00,138.4,45,ask,DiligentDonuts,Zihao Wu,7198581
2026-07-04T16:03:40.886924,2026-07-04T16:03:40.897363+00:00,138.9,46,bid,Xuanyu Liu,EarnestEspressos,7198583
2026-07-04T16:03:40.977200,2026-07-04T16:03:40.984510+00:00,138.9,50,bid,Alan Niu,EarnestEspressos,7198590
2026-07-04T16:03:41.464627,2026-07-04T16:03:41.472117+00:00,138.9,11,bid,Xuanyu Liu,EarnestEspressos,7198600
2026-07-04T16:03:42.966163,2026-07-04T16:03:42.978014+00:00,138.8,50,ask,DiligentDonuts,FlawlessFlatbreads,7198629
2026-07-04T16:03:44.006656,2026-07-04T16:03:44.017803+00:00,139.3,41,bid,CostlyCorianders,DiligentDonuts,7198645
2026-07-04T16:03:45.075420,2026-07-04T16:03:45.087481+00:00,138.9,50,ask,EarnestEspressos,FlawlessFlatbreads,7198659
2026-07-04T16:03:49.288982,2026-07-04T16:03:49.300624+00:00,138.8,50,ask,DiligentDonuts,FlawlessFlatbreads,7198711
2026-07-04T16:03:51.396905,2026-07-04T16:03:51.405756+00:00,138.8,50,ask,DiligentDonuts,FlawlessFlatbreads,7198737
2026-07-04T16:03:54.795213,2026-07-04T16:03:54.807363+00:00,139.3,41,bid,CostlyCorianders,EarnestEspressos,7198797
2026-07-04T16:03:54.815162,2026-07-04T16:03:54.826926+00:00,138.8,100,ask,EarnestEspressos,DiligentDonuts,7198798
2026-07-04T16:03:55.282804,2026-07-04T16:03:55.290155+00:00,139.3,47,bid,CostlyCorianders,EarnestEspressos,7198804
2026-07-04T16:03:55.554997,2026-07-04T16:03:55.568682+00:00,139.3,50,bid,FlawlessFlatbreads,EarnestEspressos,7198814
2026-07-04T16:03:57.692771,2026-07-04T16:03:57.701891+00:00,139.3,50,bid,FlawlessFlatbreads,EarnestEspressos,7198858
2026-07-04T16:03:58.208061,2026-07-04T16:03:58.219478+00:00,139.0,42,ask,DiligentDonuts,CostlyCorianders,7198873
2026-07-04T16:03:59.856260,2026-07-04T16:03:59.867804+00:00,139.4,50,ask,EarnestEspressos,FlawlessFlatbreads,7198901
2026-07-04T16:04:00.733774,2026-07-04T16:04:00.741691+00:00,139.4,11,ask,EarnestEspressos,Xuanyu Liu,7198922
2026-07-04T16:04:00.740803,2026-07-04T16:04:00.757255+00:00,139.4,46,ask,EarnestEspressos,CostlyCorianders,7198924
2026-07-04T16:04:01.141027,2026-07-04T16:04:01.152879+00:00,139.4,43,ask,EarnestEspressos,DiligentDonuts,7198933
2026-07-04T16:04:01.331006,2026-07-04T16:04:01.340044+00:00,139.4,46,bid,CostlyCorianders,DiligentDonuts,7198937
2026-07-04T16:04:01.934907,2026-07-04T16:04:01.943571+00:00,139.4,11,bid,FlawlessFlatbreads,DiligentDonuts,7198946
2026-07-04T16:04:01.934907,2026-07-04T16:04:01.943571+00:00,139.9,39,bid,FlawlessFlatbreads,EarnestEspressos,7198947
2026-07-04T16:04:03.793042,2026-07-04T16:04:03.804473+00:00,139.0,48,ask,EarnestEspressos,CostlyCorianders,7198984
2026-07-04T16:04:04.046292,2026-07-04T16:04:04.052884+00:00,139.5,50,bid,FlawlessFlatbreads,EarnestEspressos,7198989
2026-07-04T16:04:06.172643,2026-07-04T16:04:06.184389+00:00,139.8,50,bid,FlawlessFlatbreads,DiligentDonuts,7199014
2026-07-04T16:04:07.441191,2026-07-04T16:04:07.452772+00:00,139.5,100,bid,DiligentDonuts,EarnestEspressos,7199036
2026-07-04T16:04:08.280817,2026-07-04T16:04:08.287888+00:00,139.5,50,bid,FlawlessFlatbreads,EarnestEspressos,7199052
2026-07-04T16:04:08.498375,2026-07-04T16:04:08.510324+00:00,140.0,43,bid,CostlyCorianders,DiligentDonuts,7199057
2026-07-04T16:04:09.126105,2026-07-04T16:04:09.137692+00:00,139.0,49,ask,EarnestEspressos,CostlyCorianders,7199063
2026-07-04T16:04:10.396710,2026-07-04T16:04:10.410395+00:00,140.0,50,bid,FlawlessFlatbreads,DiligentDonuts,7199083
2026-07-04T16:04:12.333200,2026-07-04T16:04:12.344846+00:00,139.6,43,ask,DiligentDonuts,CostlyCorianders,7199124
2026-07-04T16:04:12.504864,2026-07-04T16:04:12.512467+00:00,140.1,50,bid,FlawlessFlatbreads,DiligentDonuts,7199127
2026-07-04T16:04:15.017475,2026-07-04T16:04:15.027049+00:00,140.1,47,bid,CostlyCorianders,EarnestEspressos,7199168
2026-07-04T16:04:15.623069,2026-07-04T16:04:15.631222+00:00,139.7,12,ask,EarnestEspressos,Xuanyu Liu,7199179
2026-07-04T16:04:16.018344,2026-07-04T16:04:16.032006+00:00,139.7,40,ask,EarnestEspressos,CostlyCorianders,7199186
2026-07-04T16:04:16.727140,2026-07-04T16:04:16.733869+00:00,140.1,50,bid,FlawlessFlatbreads,DiligentDonuts,7199200
2026-07-04T16:04:16.869958,2026-07-04T16:04:16.882576+00:00,139.7,11,ask,EarnestEspressos,Xuanyu Liu,7199201
2026-07-04T16:04:17.503454,2026-07-04T16:04:17.515002+00:00,140.0,49,bid,CostlyCorianders,DiligentDonuts,7199213
2026-07-04T16:04:17.713713,2026-07-04T16:04:17.722865+00:00,139.7,12,ask,EarnestEspressos,Xuanyu Liu,7199221
2026-07-04T16:04:18.833385,2026-07-04T16:04:18.841738+00:00,139.7,50,bid,FlawlessFlatbreads,EarnestEspressos,7199242
2026-07-04T16:04:20.161847,2026-07-04T16:04:20.169062+00:00,139.7,41,bid,CostlyCorianders,EarnestEspressos,7199263
2026-07-04T16:04:20.954596,2026-07-04T16:04:20.966551+00:00,139.7,50,bid,FlawlessFlatbreads,EarnestEspressos,7199280
2026-07-04T16:04:21.977888,2026-07-04T16:04:21.987126+00:00,139.8,11,ask,EarnestEspressos,Xuanyu Liu,7199301
2026-07-04T16:04:23.061139,2026-07-04T16:04:23.072728+00:00,140.0,50,bid,FlawlessFlatbreads,DiligentDonuts,7199319
2026-07-04T16:04:23.454354,2026-07-04T16:04:23.464137+00:00,139.8,3,ask,EarnestEspressos,Xuanyu Liu,7199326
2026-07-04T16:04:24.187147,2026-07-04T16:04:24.198810+00:00,139.8,49,ask,EarnestEspressos,CostlyCorianders,7199338
2026-07-04T16:04:24.764182,2026-07-04T16:04:24.775707+00:00,139.8,47,ask,EarnestEspressos,CostlyCorianders,7199350
2026-07-04T16:04:25.171465,2026-07-04T16:04:25.179918+00:00,140.3,50,bid,FlawlessFlatbreads,DiligentDonuts,7199354
2026-07-04T16:04:26.221612,2026-07-04T16:04:26.231988+00:00,139.9,48,bid,CostlyCorianders,EarnestEspressos,7199372
2026-07-04T16:04:26.423319,2026-07-04T16:04:26.430864+00:00,139.9,100,bid,DiligentDonuts,EarnestEspressos,7199375
2026-07-04T16:04:26.925903,2026-07-04T16:04:26.934736+00:00,139.4,40,ask,EarnestEspressos,CostlyCorianders,7199389
2026-07-04T16:04:27.279192,2026-07-04T16:04:27.289259+00:00,139.9,2,bid,FlawlessFlatbreads,EarnestEspressos,7199397
2026-07-04T16:04:27.279192,2026-07-04T16:04:27.289259+00:00,140.4,48,bid,FlawlessFlatbreads,Alan Niu,7199398
2026-07-04T16:04:29.117844,2026-07-04T16:04:29.129364+00:00,140.4,43,bid,CostlyCorianders,EarnestEspressos,7199426
2026-07-04T16:04:29.173668,2026-07-04T16:04:29.182041+00:00,140.0,43,ask,Alan Niu,CostlyCorianders,7199428
2026-07-04T16:04:29.458334,2026-07-04T16:04:29.469910+00:00,140.0,5,ask,Alan Niu,FlawlessFlatbreads,7199433
2026-07-04T16:04:30.063904,2026-07-04T16:04:30.072132+00:00,140.4,45,bid,CostlyCorianders,EarnestEspressos,7199446
2026-07-04T16:04:30.118104,2026-07-04T16:04:30.129594+00:00,139.9,44,ask,EarnestEspressos,CostlyCorianders,7199448
2026-07-04T16:04:31.124385,2026-07-04T16:04:31.136155+00:00,140.4,48,bid,CostlyCorianders,EarnestEspressos,7199474
2026-07-04T16:04:31.456623,2026-07-04T16:04:31.463754+00:00,140.4,100,bid,EarnestEspressos,DiligentDonuts,7199481
2026-07-04T16:04:31.475187,2026-07-04T16:04:31.484910+00:00,140.4,3,ask,EarnestEspressos,Xuanyu Liu,7199484
2026-07-04T16:04:31.568699,2026-07-04T16:04:31.578016+00:00,140.4,47,ask,EarnestEspressos,FlawlessFlatbreads,7199489
2026-07-04T16:04:31.568699,2026-07-04T16:04:31.578016+00:00,139.9,3,ask,DiligentDonuts,FlawlessFlatbreads,7199490
2026-07-04T16:04:32.563280,2026-07-04T16:04:32.575036+00:00,139.9,43,ask,DiligentDonuts,CostlyCorianders,7199506
2026-07-04T16:04:33.452486,2026-07-04T16:04:33.458610+00:00,140.6,42,bid,CostlyCorianders,DiligentDonuts,7199526
2026-07-04T16:04:33.675761,2026-07-04T16:04:33.684512+00:00,140.1,50,ask,DiligentDonuts,FlawlessFlatbreads,7199528
2026-07-04T16:04:35.781782,2026-07-04T16:04:35.793401+00:00,140.1,50,ask,DiligentDonuts,FlawlessFlatbreads,7199563
2026-07-04T16:04:36.545323,2026-07-04T16:04:36.554029+00:00,140.3,3,bid,Xuanyu Liu,EarnestEspressos,7199575
2026-07-04T16:04:37.888557,2026-07-04T16:04:37.919025+00:00,139.9,50,ask,DiligentDonuts,FlawlessFlatbreads,7199609
2026-07-04T16:04:39.994415,2026-07-04T16:04:40.001139+00:00,139.9,50,ask,EarnestEspressos,FlawlessFlatbreads,7199639
2026-07-04T16:04:42.101627,2026-07-04T16:04:42.109071+00:00,139.7,50,ask,DiligentDonuts,FlawlessFlatbreads,7199678
2026-07-04T16:04:43.136465,2026-07-04T16:04:43.145661+00:00,140.1,3,bid,Xuanyu Liu,EarnestEspressos,7199695
2026-07-04T16:04:43.146843,2026-07-04T16:04:43.154802+00:00,140.1,11,bid,Xuanyu Liu,EarnestEspressos,7199697
2026-07-04T16:04:44.209005,2026-07-04T16:04:44.219765+00:00,139.9,50,ask,EarnestEspressos,FlawlessFlatbreads,7199723
2026-07-04T16:04:46.316392,2026-07-04T16:04:46.328597+00:00,139.9,50,ask,EarnestEspressos,FlawlessFlatbreads,7199744
2026-07-04T16:04:47.339204,2026-07-04T16:04:47.347286+00:00,140.0,12,bid,Xuanyu Liu,EarnestEspressos,7199771
2026-07-04T16:04:47.856191,2026-07-04T16:04:47.868054+00:00,140.0,43,bid,CostlyCorianders,EarnestEspressos,7199778
2026-07-04T16:04:48.425468,2026-07-04T16:04:48.435927+00:00,139.9,50,ask,DiligentDonuts,FlawlessFlatbreads,7199788
2026-07-04T16:04:49.482363,2026-07-04T16:04:49.494040+00:00,139.8,49,ask,DiligentDonuts,CostlyCorianders,7199806
2026-07-04T16:04:50.480526,2026-07-04T16:04:50.492131+00:00,140.3,50,bid,FlawlessFlatbreads,DiligentDonuts,7199819
2026-07-04T16:04:50.997421,2026-07-04T16:04:51.009325+00:00,139.9,42,bid,CostlyCorianders,EarnestEspressos,7199829
2026-07-04T16:04:52.586061,2026-07-04T16:04:52.597862+00:00,139.9,50,bid,FlawlessFlatbreads,EarnestEspressos,7199852
2026-07-04T16:04:54.691910,2026-07-04T16:04:54.699289+00:00,139.9,50,bid,FlawlessFlatbreads,DiligentDonuts,7199886
2026-07-04T16:04:57.640803,2026-07-04T16:04:57.650091+00:00,139.8,40,ask,EarnestEspressos,CostlyCorianders,7199932
2026-07-04T16:04:58.258375,2026-07-04T16:04:58.267625+00:00,140.0,42,bid,CostlyCorianders,DiligentDonuts,7199941
2026-07-04T16:04:58.902574,2026-07-04T16:04:58.914201+00:00,140.0,50,bid,FlawlessFlatbreads,DiligentDonuts,7199951
2026-07-04T16:05:01.009787,2026-07-04T16:05:01.016784+00:00,140.0,8,bid,FlawlessFlatbreads,DiligentDonuts,7199994
2026-07-04T16:05:01.009787,2026-07-04T16:05:01.021982+00:00,140.2,42,bid,FlawlessFlatbreads,EarnestEspressos,7199995
2026-07-04T16:05:01.817798,2026-07-04T16:05:01.829692+00:00,139.8,42,ask,DiligentDonuts,CostlyCorianders,7200015
2026-07-04T16:05:02.314528,2026-07-04T16:05:02.322884+00:00,139.8,46,ask,DiligentDonuts,CostlyCorianders,7200026
2026-07-04T16:05:03.121921,2026-07-04T16:05:03.133869+00:00,140.3,50,bid,FlawlessFlatbreads,DiligentDonuts,7200037
2026-07-04T16:05:05.232464,2026-07-04T16:05:05.244240+00:00,140.2,50,bid,FlawlessFlatbreads,DiligentDonuts,7200065
2026-07-04T16:05:05.796016,2026-07-04T16:05:05.807899+00:00,140.2,49,bid,CostlyCorianders,DiligentDonuts,7200077
2026-07-04T16:05:06.498331,2026-07-04T16:05:06.509224+00:00,140.1,43,ask,EarnestEspressos,CostlyCorianders,7200089
2026-07-04T16:05:07.102191,2026-07-04T16:05:07.114047+00:00,140.2,1,bid,CostlyCorianders,DiligentDonuts,7200103
2026-07-04T16:05:07.102191,2026-07-04T16:05:07.114047+00:00,140.6,47,bid,CostlyCorianders,EarnestEspressos,7200104
2026-07-04T16:05:07.396557,2026-07-04T16:05:07.408095+00:00,140.1,50,ask,EarnestEspressos,FlawlessFlatbreads,7200108
2026-07-04T16:05:07.560128,2026-07-04T16:05:07.571660+00:00,140.4,23,ask,DiligentDonuts,Xuanyu Liu,7200113
2026-07-04T16:05:08.849241,2026-07-04T16:05:08.860729+00:00,140.4,40,ask,DiligentDonuts,CostlyCorianders,7200137
2026-07-04T16:05:10.829480,2026-07-04T16:05:10.841138+00:00,140.8,40,bid,CostlyCorianders,EarnestEspressos,7200177
2026-07-04T16:05:11.610074,2026-07-04T16:05:11.619810+00:00,140.3,50,ask,EarnestEspressos,FlawlessFlatbreads,7200193
2026-07-04T16:05:13.418533,2026-07-04T16:05:13.427055+00:00,140.5,11,bid,Xuanyu Liu,EarnestEspressos,7200220
2026-07-04T16:05:13.718437,2026-07-04T16:05:13.724839+00:00,140.3,50,ask,DiligentDonuts,FlawlessFlatbreads,7200228
2026-07-04T16:05:13.909807,2026-07-04T16:05:13.921392+00:00,140.5,43,bid,CostlyCorianders,EarnestEspressos,7200232
2026-07-04T16:05:15.474383,2026-07-04T16:05:15.485885+00:00,140.4,43,ask,DiligentDonuts,CostlyCorianders,7200260
2026-07-04T16:05:15.843887,2026-07-04T16:05:15.858541+00:00,140.5,50,ask,EarnestEspressos,FlawlessFlatbreads,7200265
2026-07-04T16:05:17.110375,2026-07-04T16:05:17.119348+00:00,140.5,44,ask,EarnestEspressos,CostlyCorianders,7200298
2026-07-04T16:05:17.949805,2026-07-04T16:05:17.958579+00:00,140.5,50,ask,EarnestEspressos,FlawlessFlatbreads,7200309
2026-07-04T16:05:19.558432,2026-07-04T16:05:19.570168+00:00,140.6,45,bid,CostlyCorianders,EarnestEspressos,7200337
2026-07-04T16:05:20.007540,2026-07-04T16:05:20.019412+00:00,140.6,50,bid,FlawlessFlatbreads,EarnestEspressos,7200344
2026-07-04T16:05:20.100351,2026-07-04T16:05:20.112132+00:00,140.4,47,ask,DiligentDonuts,CostlyCorianders,7200351
2026-07-04T16:05:21.169641,2026-07-04T16:05:21.179518+00:00,140.6,43,bid,CostlyCorianders,EarnestEspressos,7200379
2026-07-04T16:05:22.115048,2026-07-04T16:05:22.123195+00:00,140.8,50,bid,FlawlessFlatbreads,DiligentDonuts,7200390
2026-07-04T16:05:22.895959,2026-07-04T16:05:22.903325+00:00,140.5,43,ask,EarnestEspressos,CostlyCorianders,7200395
2026-07-04T16:05:23.507458,2026-07-04T16:05:23.516826+00:00,140.9,41,bid,CostlyCorianders,DiligentDonuts,7200404
2026-07-04T16:05:24.271327,2026-07-04T16:05:24.283111+00:00,140.5,50,ask,EarnestEspressos,FlawlessFlatbreads,7200428
2026-07-04T16:05:26.324435,2026-07-04T16:05:26.334673+00:00,140.5,42,ask,EarnestEspressos,CostlyCorianders,7200464
2026-07-04T16:05:26.380183,2026-07-04T16:05:26.389209+00:00,140.5,50,ask,EarnestEspressos,FlawlessFlatbreads,7200465
2026-07-04T16:05:28.433447,2026-07-04T16:05:28.451872+00:00,140.6,100,ask,DiligentDonuts,EarnestEspressos,7200505
2026-07-04T16:05:28.437571,2026-07-04T16:05:28.451872+00:00,140.5,50,bid,FlawlessFlatbreads,EarnestEspressos,7200506
2026-07-04T16:05:29.018023,2026-07-04T16:05:29.029774+00:00,141.1,41,bid,CostlyCorianders,DiligentDonuts,7200519
2026-07-04T16:05:29.727456,2026-07-04T16:05:29.734891+00:00,140.5,26,ask,DiligentDonuts,Zihao Wu,7200535
2026-07-04T16:05:30.556330,2026-07-04T16:05:30.568148+00:00,141.0,50,bid,FlawlessFlatbreads,DiligentDonuts,7200546
2026-07-04T16:05:30.956540,2026-07-04T16:05:30.969061+00:00,140.5,40,ask,DiligentDonuts,CostlyCorianders,7200560
2026-07-04T16:05:31.468624,2026-07-04T16:05:31.477615+00:00,141.0,43,bid,CostlyCorianders,DiligentDonuts,7200569
2026-07-04T16:05:32.664282,2026-07-04T16:05:32.675837+00:00,141.0,7,bid,FlawlessFlatbreads,DiligentDonuts,7200587
2026-07-04T16:05:35.570745,2026-07-04T16:05:35.578159+00:00,140.7,14,ask,EarnestEspressos,Xuanyu Liu,7200650
2026-07-04T16:05:36.092592,2026-07-04T16:05:36.104512+00:00,140.7,100,ask,EarnestEspressos,DiligentDonuts,7200662
2026-07-04T16:05:36.968192,2026-07-04T16:05:36.979766+00:00,140.7,36,ask,EarnestEspressos,CostlyCorianders,7200670
2026-07-04T16:05:36.968192,2026-07-04T16:05:36.979766+00:00,140.2,5,ask,DiligentDonuts,CostlyCorianders,7200671
2026-07-04T16:05:37.929206,2026-07-04T16:05:37.936146+00:00,140.2,95,ask,DiligentDonuts,EarnestEspressos,7200702
2026-07-04T16:05:37.943403,2026-07-04T16:05:37.952894+00:00,140.2,37,bid,Xuanyu Liu,EarnestEspressos,7200703
2026-07-04T16:05:38.128684,2026-07-04T16:05:38.136024+00:00,140.2,18,bid,CostlyCorianders,EarnestEspressos,7200707
2026-07-04T16:05:38.982708,2026-07-04T16:05:38.991002+00:00,141.1,50,bid,FlawlessFlatbreads,Alan Niu,7200722
2026-07-04T16:05:39.204483,2026-07-04T16:05:39.213360+00:00,140.6,34,ask,Alan Niu,Xuanyu Liu,7200726
2026-07-04T16:05:40.877028,2026-07-04T16:05:40.886302+00:00,140.7,49,bid,CostlyCorianders,DiligentDonuts,7200766
2026-07-04T16:05:40.919197,2026-07-04T16:05:40.927915+00:00,140.7,16,bid,Alan Niu,DiligentDonuts,7200770
2026-07-04T16:05:41.088737,2026-07-04T16:05:41.100587+00:00,140.7,35,bid,FlawlessFlatbreads,DiligentDonuts,7200772
2026-07-04T16:05:41.088737,2026-07-04T16:05:41.100587+00:00,141.5,15,bid,FlawlessFlatbreads,Alan Niu,7200773
2026-07-04T16:05:41.214339,2026-07-04T16:05:41.224816+00:00,140.8,3,ask,Alan Niu,Xuanyu Liu,7200778
2026-07-04T16:05:43.249068,2026-07-04T16:05:43.260800+00:00,140.7,12,ask,Alan Niu,FlawlessFlatbreads,7200807
2026-07-04T16:05:43.249068,2026-07-04T16:05:43.260800+00:00,140.6,38,ask,EarnestEspressos,FlawlessFlatbreads,7200808
2026-07-04T16:05:44.260397,2026-07-04T16:05:44.269762+00:00,140.6,100,ask,DiligentDonuts,EarnestEspressos,7200823
2026-07-04T16:05:44.760118,2026-07-04T16:05:44.768024+00:00,140.4,26,bid,Xuanyu Liu,EarnestEspressos,7200834
2026-07-04T16:05:45.199934,2026-07-04T16:05:45.211767+00:00,139.9,43,ask,EarnestEspressos,CostlyCorianders,7200842
2026-07-04T16:05:45.306515,2026-07-04T16:05:45.316327+00:00,140.4,24,bid,FlawlessFlatbreads,EarnestEspressos,7200843
2026-07-04T16:05:45.306515,2026-07-04T16:05:45.316327+00:00,141.1,26,bid,FlawlessFlatbreads,DiligentDonuts,7200844
2026-07-04T16:05:45.666455,2026-07-04T16:05:45.678351+00:00,141.0,42,bid,CostlyCorianders,DiligentDonuts,7200848
2026-07-04T16:05:46.687729,2026-07-04T16:05:46.699638+00:00,140.5,12,ask,DiligentDonuts,Xuanyu Liu,7200860
2026-07-04T16:05:48.208684,2026-07-04T16:05:48.220434+00:00,140.5,41,ask,DiligentDonuts,CostlyCorianders,7200888
2026-07-04T16:05:48.703586,2026-07-04T16:05:48.711489+00:00,140.5,11,ask,EarnestEspressos,Xuanyu Liu,7200900
2026-07-04T16:05:49.568316,2026-07-04T16:05:49.579452+00:00,140.5,50,ask,EarnestEspressos,FlawlessFlatbreads,7200920
2026-07-04T16:05:50.741340,2026-07-04T16:05:50.758546+00:00,140.7,26,bid,Zihao Wu,EarnestEspressos,7200931
2026-07-04T16:05:50.910424,2026-07-04T16:05:50.921040+00:00,140.4,48,ask,DiligentDonuts,CostlyCorianders,7200934
2026-07-04T16:05:51.375849,2026-07-04T16:05:51.387610+00:00,140.7,42,bid,CostlyCorianders,EarnestEspressos,7200940
2026-07-04T16:05:51.674820,2026-07-04T16:05:51.682001+00:00,140.4,50,ask,DiligentDonuts,FlawlessFlatbreads,7200951
2026-07-04T16:05:52.000194,2026-07-04T16:05:52.011815+00:00,140.2,43,ask,EarnestEspressos,CostlyCorianders,7200958
2026-07-04T16:05:53.173412,2026-07-04T16:05:53.184062+00:00,140.4,41,bid,CostlyCorianders,DiligentDonuts,7200968
2026-07-04T16:05:53.780568,2026-07-04T16:05:53.792458+00:00,140.3,50,ask,EarnestEspressos,FlawlessFlatbreads,7200980
2026-07-04T16:05:54.133898,2026-07-04T16:05:54.145776+00:00,140.4,49,bid,CostlyCorianders,DiligentDonuts,7200992
2026-07-04T16:05:54.188124,2026-07-04T16:05:54.200096+00:00,140.3,48,ask,EarnestEspressos,CostlyCorianders,7200993
2026-07-04T16:05:55.417825,2026-07-04T16:05:55.429691+00:00,140.3,47,ask,EarnestEspressos,CostlyCorianders,7201012
2026-07-04T16:05:55.837853,2026-07-04T16:05:55.849420+00:00,140.5,50,bid,FlawlessFlatbreads,DiligentDonuts,7201021
2026-07-04T16:05:56.926790,2026-07-04T16:05:56.935800+00:00,140.1,11,bid,Xuanyu Liu,EarnestEspressos,7201038
2026-07-04T16:05:57.947464,2026-07-04T16:05:57.954024+00:00,140.1,50,bid,FlawlessFlatbreads,EarnestEspressos,7201053
2026-07-04T16:05:58.175634,2026-07-04T16:05:58.185025+00:00,140.1,89,bid,DiligentDonuts,EarnestEspressos,7201055
2026-07-04T16:05:59.430905,2026-07-04T16:05:59.438994+00:00,140.7,47,bid,CostlyCorianders,DiligentDonuts,7201078
2026-07-04T16:05:59.980026,2026-07-04T16:05:59.989928+00:00,140.7,42,bid,CostlyCorianders,DiligentDonuts,7201086
2026-07-04T16:06:00.054914,2026-07-04T16:06:00.066495+00:00,140.7,11,bid,FlawlessFlatbreads,DiligentDonuts,7201087
2026-07-04T16:06:00.054914,2026-07-04T16:06:00.066495+00:00,140.9,39,bid,FlawlessFlatbreads,Alan Niu,7201088
2026-07-04T16:06:00.125212,2026-07-04T16:06:00.132659+00:00,140.7,39,bid,Alan Niu,EarnestEspressos,7201090
2026-07-04T16:06:02.162720,2026-07-04T16:06:02.171604+00:00,140.7,50,bid,FlawlessFlatbreads,EarnestEspressos,7201117
2026-07-04T16:06:03.146521,2026-07-04T16:06:03.154831+00:00,140.3,14,ask,DiligentDonuts,Xuanyu Liu,7201135
2026-07-04T16:06:03.204837,2026-07-04T16:06:03.212927+00:00,140.6,3,ask,EarnestEspressos,Xuanyu Liu,7201139
2026-07-04T16:06:03.565675,2026-07-04T16:06:03.577197+00:00,140.6,25,ask,EarnestEspressos,Alan Tran,7201153
2026-07-04T16:06:04.271232,2026-07-04T16:06:04.279341+00:00,140.7,50,bid,FlawlessFlatbreads,Alan Niu,7201169
2026-07-04T16:06:05.771668,2026-07-04T16:06:05.780823+00:00,140.7,3,bid,Xuanyu Liu,DiligentDonuts,7201191
2026-07-04T16:06:06.378143,2026-07-04T16:06:06.389996+00:00,140.7,50,bid,FlawlessFlatbreads,DiligentDonuts,7201200
2026-07-04T16:06:08.550629,2026-07-04T16:06:08.558580+00:00,140.6,47,ask,EarnestEspressos,CostlyCorianders,7201248
2026-07-04T16:06:08.583374,2026-07-04T16:06:08.596440+00:00,140.6,50,ask,EarnestEspressos,FlawlessFlatbreads,7201250
2026-07-04T16:06:10.203457,2026-07-04T16:06:10.215160+00:00,140.6,42,ask,DiligentDonuts,CostlyCorianders,7201288
2026-07-04T16:06:10.638391,2026-07-04T16:06:10.649092+00:00,140.7,50,bid,FlawlessFlatbreads,EarnestEspressos,7201299
2026-07-04T16:06:10.835419,2026-07-04T16:06:10.849410+00:00,140.7,49,bid,CostlyCorianders,EarnestEspressos,7201307
2026-07-04T16:06:14.067657,2026-07-04T16:06:14.075430+00:00,140.4,47,ask,EarnestEspressos,CostlyCorianders,7201359
2026-07-04T16:06:14.849059,2026-07-04T16:06:14.856300+00:00,140.8,50,bid,FlawlessFlatbreads,DiligentDonuts,7201369
2026-07-04T16:06:16.956842,2026-07-04T16:06:16.968340+00:00,140.8,50,bid,FlawlessFlatbreads,DiligentDonuts,7201411
2026-07-04T16:06:17.187285,2026-07-04T16:06:17.198726+00:00,140.5,42,ask,DiligentDonuts,CostlyCorianders,7201416
2026-07-04T16:06:17.742054,2026-07-04T16:06:17.758613+00:00,140.8,47,bid,CostlyCorianders,EarnestEspressos,7201429
2026-07-04T16:06:19.065954,2026-07-04T16:06:19.077401+00:00,141.0,50,bid,FlawlessFlatbreads,DiligentDonuts,7201452
2026-07-04T16:06:20.746743,2026-07-04T16:06:20.758569+00:00,140.5,47,ask,EarnestEspressos,CostlyCorianders,7201482
2026-07-04T16:06:21.175680,2026-07-04T16:06:21.190464+00:00,141.0,50,bid,FlawlessFlatbreads,EarnestEspressos,7201489
2026-07-04T16:06:21.319132,2026-07-04T16:06:21.327841+00:00,140.9,44,bid,CostlyCorianders,Alan Niu,7201495
2026-07-04T16:06:25.399354,2026-07-04T16:06:25.414357+00:00,140.4,48,ask,DiligentDonuts,CostlyCorianders,7201560
2026-07-04T16:06:25.454110,2026-07-04T16:06:25.465558+00:00,140.4,50,ask,DiligentDonuts,FlawlessFlatbreads,7201564
2026-07-04T16:06:27.560845,2026-07-04T16:06:27.568924+00:00,140.4,50,ask,EarnestEspressos,FlawlessFlatbreads,7201598
2026-07-04T16:06:29.666421,2026-07-04T16:06:29.678251+00:00,140.4,50,ask,EarnestEspressos,FlawlessFlatbreads,7201640
2026-07-04T16:06:31.774448,2026-07-04T16:06:31.786103+00:00,140.4,50,ask,DiligentDonuts,FlawlessFlatbreads,7201674
2026-07-04T16:06:32.127286,2026-07-04T16:06:32.138941+00:00,140.6,42,bid,CostlyCorianders,EarnestEspressos,7201679
2026-07-04T16:06:33.177116,2026-07-04T16:06:33.188913+00:00,140.6,47,bid,CostlyCorianders,EarnestEspressos,7201695
2026-07-04T16:06:33.758019,2026-07-04T16:06:33.767611+00:00,140.6,43,bid,CostlyCorianders,EarnestEspressos,7201709
2026-07-04T16:06:33.902059,2026-07-04T16:06:33.908940+00:00,140.2,50,ask,DiligentDonuts,FlawlessFlatbreads,7201713
2026-07-04T16:06:34.372927,2026-07-04T16:06:34.384315+00:00,140.5,49,ask,Alan Niu,CostlyCorianders,7201716
2026-07-04T16:06:34.829299,2026-07-04T16:06:34.840871+00:00,140.7,100,bid,EarnestEspressos,DiligentDonuts,7201724
2026-07-04T16:06:34.960682,2026-07-04T16:06:34.970250+00:00,140.8,41,ask,EarnestEspressos,CostlyCorianders,7201727
2026-07-04T16:06:36.477989,2026-07-04T16:06:36.489425+00:00,141.2,45,bid,CostlyCorianders,DiligentDonuts,7201751
2026-07-04T16:06:38.116522,2026-07-04T16:06:38.125806+00:00,140.7,50,ask,DiligentDonuts,FlawlessFlatbreads,7201779
2026-07-04T16:06:38.152853,2026-07-04T16:06:38.158602+00:00,140.7,45,ask,DiligentDonuts,CostlyCorianders,7201782
2026-07-04T16:06:38.619998,2026-07-04T16:06:38.631247+00:00,140.8,25,bid,Alan Tran,EarnestEspressos,7201792
2026-07-04T16:06:39.880530,2026-07-04T16:06:39.888171+00:00,140.8,45,bid,Alan Niu,EarnestEspressos,7201811
2026-07-04T16:06:40.224295,2026-07-04T16:06:40.236171+00:00,140.5,50,ask,DiligentDonuts,FlawlessFlatbreads,7201822
2026-07-04T16:06:42.333256,2026-07-04T16:06:42.343545+00:00,140.7,50,ask,EarnestEspressos,FlawlessFlatbreads,7201861
2026-07-04T16:06:42.518557,2026-07-04T16:06:42.528408+00:00,140.7,100,ask,EarnestEspressos,DiligentDonuts,7201866
2026-07-04T16:06:42.575737,2026-07-04T16:06:42.586078+00:00,141.2,22,bid,Zihao Wu,EarnestEspressos,7201871
2026-07-04T16:06:43.892704,2026-07-04T16:06:43.901060+00:00,141.2,41,bid,CostlyCorianders,EarnestEspressos,7201895
2026-07-04T16:06:44.388963,2026-07-04T16:06:44.400540+00:00,141.3,50,bid,FlawlessFlatbreads,Alan Niu,7201910
2026-07-04T16:06:44.498084,2026-07-04T16:06:44.505388+00:00,140.9,50,bid,Alan Niu,EarnestEspressos,7201916
2026-07-04T16:06:45.415793,2026-07-04T16:06:45.431361+00:00,140.4,49,ask,EarnestEspressos,CostlyCorianders,7201933
2026-07-04T16:06:46.496109,2026-07-04T16:06:46.508135+00:00,140.9,50,bid,FlawlessFlatbreads,EarnestEspressos,7201958
2026-07-04T16:06:48.604303,2026-07-04T16:06:48.615103+00:00,141.0,50,bid,FlawlessFlatbreads,EarnestEspressos,7202001
2026-07-04T16:06:50.872564,2026-07-04T16:06:50.879514+00:00,141.2,43,bid,CostlyCorianders,DiligentDonuts,7202027
2026-07-04T16:06:51.881633,2026-07-04T16:06:51.891749+00:00,140.9,44,ask,EarnestEspressos,CostlyCorianders,7202043
2026-07-04T16:06:52.867566,2026-07-04T16:06:52.875680+00:00,141.0,50,ask,DiligentDonuts,FlawlessFlatbreads,7202064
2026-07-04T16:06:54.726140,2026-07-04T16:06:54.736123+00:00,141.2,44,bid,CostlyCorianders,EarnestEspressos,7202089
2026-07-04T16:06:57.025288,2026-07-04T16:06:57.037048+00:00,141.4,50,bid,FlawlessFlatbreads,DiligentDonuts,7202134
2026-07-04T16:06:59.132764,2026-07-04T16:06:59.144307+00:00,141.3,50,bid,FlawlessFlatbreads,EarnestEspressos,7202164
2026-07-04T16:07:01.074649,2026-07-04T16:07:01.086767+00:00,141.1,47,ask,EarnestEspressos,CostlyCorianders,7202197
2026-07-04T16:07:02.158939,2026-07-04T16:07:02.170863+00:00,141.5,46,bid,CostlyCorianders,DiligentDonuts,7202224
2026-07-04T16:07:02.677110,2026-07-04T16:07:02.684182+00:00,141.1,22,ask,EarnestEspressos,Zihao Wu,7202228
2026-07-04T16:07:03.394979,2026-07-04T16:07:03.406575+00:00,141.0,50,ask,DiligentDonuts,FlawlessFlatbreads,7202239
2026-07-04T16:07:04.884319,2026-07-04T16:07:04.891015+00:00,141.3,40,bid,CostlyCorianders,EarnestEspressos,7202267
2026-07-04T16:07:05.397063,2026-07-04T16:07:05.405785+00:00,141.0,41,ask,DiligentDonuts,CostlyCorianders,7202278
2026-07-04T16:07:05.507216,2026-07-04T16:07:05.516743+00:00,141.0,50,ask,DiligentDonuts,FlawlessFlatbreads,7202279
2026-07-04T16:07:07.614130,2026-07-04T16:07:07.622184+00:00,141.0,9,ask,DiligentDonuts,FlawlessFlatbreads,7202301
2026-07-04T16:07:07.614130,2026-07-04T16:07:07.622184+00:00,141.0,41,ask,EarnestEspressos,FlawlessFlatbreads,7202302
2026-07-04T16:07:08.101078,2026-07-04T16:07:08.110042+00:00,141.0,43,ask,EarnestEspressos,CostlyCorianders,7202308
2026-07-04T16:07:09.722876,2026-07-04T16:07:09.731508+00:00,140.6,50,ask,DiligentDonuts,FlawlessFlatbreads,7202344
2026-07-04T16:07:10.623411,2026-07-04T16:07:10.631126+00:00,141.1,42,bid,CostlyCorianders,DiligentDonuts,7202353
2026-07-04T16:07:11.679882,2026-07-04T16:07:11.691588+00:00,140.6,45,ask,EarnestEspressos,CostlyCorianders,7202364
2026-07-04T16:07:11.828216,2026-07-04T16:07:11.863629+00:00,140.6,50,ask,EarnestEspressos,FlawlessFlatbreads,7202366
2026-07-04T16:07:12.882270,2026-07-04T16:07:12.892934+00:00,140.5,3,bid,Xuanyu Liu,EarnestEspressos,7202379
2026-07-04T16:07:13.936928,2026-07-04T16:07:13.948360+00:00,140.4,50,ask,DiligentDonuts,FlawlessFlatbreads,7202399
2026-07-04T16:07:14.707134,2026-07-04T16:07:14.718805+00:00,140.5,47,bid,CostlyCorianders,EarnestEspressos,7202412
2026-07-04T16:07:16.046038,2026-07-04T16:07:16.058550+00:00,140.2,50,ask,DiligentDonuts,FlawlessFlatbreads,7202440
2026-07-04T16:07:16.598032,2026-07-04T16:07:16.607021+00:00,140.6,11,bid,Xuanyu Liu,EarnestEspressos,7202450
2026-07-04T16:07:16.743796,2026-07-04T16:07:16.758562+00:00,140.6,45,bid,CostlyCorianders,EarnestEspressos,7202452
2026-07-04T16:07:17.306152,2026-07-04T16:07:17.317701+00:00,140.1,100,ask,EarnestEspressos,DiligentDonuts,7202463
2026-07-04T16:07:19.213299,2026-07-04T16:07:19.221392+00:00,140.0,23,bid,Xuanyu Liu,EarnestEspressos,7202492
2026-07-04T16:07:19.386353,2026-07-04T16:07:19.396472+00:00,140.0,12,bid,Xuanyu Liu,EarnestEspressos,7202498
2026-07-04T16:07:19.567176,2026-07-04T16:07:19.577217+00:00,140.0,49,bid,CostlyCorianders,EarnestEspressos,7202500
2026-07-04T16:07:20.280297,2026-07-04T16:07:20.289123+00:00,139.6,50,ask,DiligentDonuts,FlawlessFlatbreads,7202524
2026-07-04T16:07:20.414524,2026-07-04T16:07:20.426461+00:00,140.0,66,bid,DiligentDonuts,EarnestEspressos,7202526
2026-07-04T16:07:21.183366,2026-07-04T16:07:21.191300+00:00,140.0,34,ask,DiligentDonuts,CostlyCorianders,7202540
2026-07-04T16:07:21.183366,2026-07-04T16:07:21.191300+00:00,139.5,8,ask,EarnestEspressos,CostlyCorianders,7202541
2026-07-04T16:07:21.754829,2026-07-04T16:07:21.768660+00:00,139.5,44,ask,EarnestEspressos,CostlyCorianders,7202547
2026-07-04T16:07:22.316170,2026-07-04T16:07:22.327173+00:00,140.1,12,ask,EarnestEspressos,Xuanyu Liu,7202554
2026-07-04T16:07:23.142163,2026-07-04T16:07:23.151081+00:00,140.1,11,ask,EarnestEspressos,Xuanyu Liu,7202568
2026-07-04T16:07:23.632067,2026-07-04T16:07:23.643470+00:00,140.1,100,ask,EarnestEspressos,DiligentDonuts,7202575
2026-07-04T16:07:24.459866,2026-07-04T16:07:24.468918+00:00,140.6,50,bid,FlawlessFlatbreads,EarnestEspressos,7202588
2026-07-04T16:07:26.567026,2026-07-04T16:07:26.578721+00:00,140.2,50,bid,FlawlessFlatbreads,EarnestEspressos,7202636
2026-07-04T16:07:28.467425,2026-07-04T16:07:28.479339+00:00,140.2,44,bid,CostlyCorianders,EarnestEspressos,7202674
2026-07-04T16:07:28.685350,2026-07-04T16:07:28.692133+00:00,140.2,50,bid,FlawlessFlatbreads,DiligentDonuts,7202676
2026-07-04T16:07:30.817655,2026-07-04T16:07:30.828589+00:00,140.3,50,bid,FlawlessFlatbreads,DiligentDonuts,7202714
2026-07-04T16:07:32.930717,2026-07-04T16:07:32.939336+00:00,140.1,50,bid,FlawlessFlatbreads,EarnestEspressos,7202754
2026-07-04T16:07:33.263023,2026-07-04T16:07:33.271458+00:00,139.9,12,ask,DiligentDonuts,Xuanyu Liu,7202765
2026-07-04T16:07:33.870113,2026-07-04T16:07:33.883010+00:00,139.9,14,ask,DiligentDonuts,Xuanyu Liu,7202772
2026-07-04T16:07:35.019350,2026-07-04T16:07:35.030819+00:00,139.9,47,ask,DiligentDonuts,CostlyCorianders,7202797
2026-07-04T16:07:35.116080,2026-07-04T16:07:35.127859+00:00,139.9,27,ask,DiligentDonuts,FlawlessFlatbreads,7202799
2026-07-04T16:07:35.116080,2026-07-04T16:07:35.127859+00:00,139.9,23,ask,EarnestEspressos,FlawlessFlatbreads,7202800
2026-07-04T16:07:36.284675,2026-07-04T16:07:36.291513+00:00,139.9,100,ask,EarnestEspressos,DiligentDonuts,7202820
2026-07-04T16:07:37.223285,2026-07-04T16:07:37.235042+00:00,139.9,27,ask,EarnestEspressos,FlawlessFlatbreads,7202841
2026-07-04T16:07:37.223285,2026-07-04T16:07:37.235042+00:00,139.4,23,ask,DiligentDonuts,FlawlessFlatbreads,7202842
2026-07-04T16:07:38.882535,2026-07-04T16:07:38.894313+00:00,139.8,41,bid,CostlyCorianders,EarnestEspressos,7202870
2026-07-04T16:07:38.936877,2026-07-04T16:07:38.948691+00:00,139.4,43,ask,DiligentDonuts,CostlyCorianders,7202871
2026-07-04T16:07:39.333634,2026-07-04T16:07:39.342044+00:00,139.4,34,ask,DiligentDonuts,FlawlessFlatbreads,7202876
2026-07-04T16:07:39.333634,2026-07-04T16:07:39.342044+00:00,139.3,16,ask,EarnestEspressos,FlawlessFlatbreads,7202877
2026-07-04T16:07:41.159489,2026-07-04T16:07:41.168321+00:00,139.7,3,bid,Xuanyu Liu,DiligentDonuts,7202909
2026-07-04T16:07:41.443739,2026-07-04T16:07:41.463659+00:00,139.3,50,ask,EarnestEspressos,FlawlessFlatbreads,7202915
2026-07-04T16:07:43.499714,2026-07-04T16:07:43.507089+00:00,139.6,50,bid,FlawlessFlatbreads,DiligentDonuts,7202949
2026-07-04T16:07:44.796926,2026-07-04T16:07:44.806227+00:00,139.5,11,bid,Xuanyu Liu,EarnestEspressos,7202974
2026-07-04T16:07:45.610153,2026-07-04T16:07:45.617524+00:00,139.5,50,bid,FlawlessFlatbreads,EarnestEspressos,7202986
2026-07-04T16:07:45.889487,2026-07-04T16:07:45.900964+00:00,139.5,47,bid,CostlyCorianders,EarnestEspressos,7202990
2026-07-04T16:07:46.727262,2026-07-04T16:07:46.736639+00:00,139.4,11,ask,DiligentDonuts,Xuanyu Liu,7202997
2026-07-04T16:07:47.782662,2026-07-04T16:07:47.795798+00:00,139.4,50,ask,DiligentDonuts,FlawlessFlatbreads,7203025
2026-07-04T16:07:47.800029,2026-07-04T16:07:47.811784+00:00,139.4,39,ask,DiligentDonuts,CostlyCorianders,7203026
2026-07-04T16:07:47.800029,2026-07-04T16:07:47.811784+00:00,139.1,7,ask,EarnestEspressos,CostlyCorianders,7203027
2026-07-04T16:07:49.888174,2026-07-04T16:07:49.896601+00:00,139.1,50,ask,EarnestEspressos,FlawlessFlatbreads,7203057
2026-07-04T16:07:51.943733,2026-07-04T16:07:51.955181+00:00,139.6,50,bid,FlawlessFlatbreads,DiligentDonuts,7203092
2026-07-04T16:07:54.073271,2026-07-04T16:07:54.084960+00:00,139.7,50,bid,FlawlessFlatbreads,DiligentDonuts,7203128
2026-07-04T16:07:54.830601,2026-07-04T16:07:54.842491+00:00,139.7,48,bid,CostlyCorianders,DiligentDonuts,7203136
2026-07-04T16:07:56.515122,2026-07-04T16:07:56.526981+00:00,139.5,45,ask,DiligentDonuts,CostlyCorianders,7203159
2026-07-04T16:07:58.300103,2026-07-04T16:07:58.311548+00:00,139.7,50,bid,FlawlessFlatbreads,EarnestEspressos,7203184
2026-07-04T16:08:00.406542,2026-07-04T16:08:00.418443+00:00,139.7,50,bid,FlawlessFlatbreads,EarnestEspressos,7203215
2026-07-04T16:08:01.055886,2026-07-04T16:08:01.067759+00:00,139.7,41,bid,CostlyCorianders,EarnestEspressos,7203224
2026-07-04T16:08:01.113910,2026-07-04T16:08:01.125761+00:00,139.3,47,ask,DiligentDonuts,CostlyCorianders,7203229
2026-07-04T16:08:01.714230,2026-07-04T16:08:01.722477+00:00,139.4,42,bid,CostlyCorianders,DiligentDonuts,7203235
2026-07-04T16:08:02.459796,2026-07-04T16:08:02.467805+00:00,139.4,11,bid,Xuanyu Liu,DiligentDonuts,7203254
2026-07-04T16:08:02.546139,2026-07-04T16:08:02.557800+00:00,139.4,47,bid,FlawlessFlatbreads,DiligentDonuts,7203258
2026-07-04T16:08:02.546139,2026-07-04T16:08:02.557800+00:00,139.7,3,bid,FlawlessFlatbreads,EarnestEspressos,7203259
2026-07-04T16:08:03.438908,2026-07-04T16:08:03.446883+00:00,139.8,14,ask,EarnestEspressos,Xuanyu Liu,7203268
2026-07-04T16:08:04.378353,2026-07-04T16:08:04.390047+00:00,139.8,40,ask,EarnestEspressos,CostlyCorianders,7203281
2026-07-04T16:08:04.731517,2026-07-04T16:08:04.738013+00:00,139.8,96,ask,EarnestEspressos,DiligentDonuts,7203286
2026-07-04T16:08:04.872610,2026-07-04T16:08:04.884387+00:00,139.8,4,bid,CostlyCorianders,DiligentDonuts,7203290
2026-07-04T16:08:07.841257,2026-07-04T16:08:07.852910+00:00,139.5,100,bid,DiligentDonuts,EarnestEspressos,7203335
2026-07-04T16:08:08.934592,2026-07-04T16:08:08.946040+00:00,139.0,50,ask,EarnestEspressos,FlawlessFlatbreads,7203352
2026-07-04T16:08:11.600774,2026-07-04T16:08:11.612372+00:00,139.6,42,bid,CostlyCorianders,EarnestEspressos,7203419
2026-07-04T16:08:13.152918,2026-07-04T16:08:13.158583+00:00,139.5,50,ask,DiligentDonuts,FlawlessFlatbreads,7203452
2026-07-04T16:08:16.273020,2026-07-04T16:08:16.279939+00:00,139.6,47,ask,EarnestEspressos,CostlyCorianders,7203504
2026-07-04T16:08:17.368100,2026-07-04T16:08:17.377073+00:00,139.6,50,ask,EarnestEspressos,FlawlessFlatbreads,7203510
2026-07-04T16:08:19.423773,2026-07-04T16:08:19.435315+00:00,140.0,50,bid,FlawlessFlatbreads,DiligentDonuts,7203544
2026-07-04T16:08:21.582643,2026-07-04T16:08:21.594222+00:00,139.8,50,ask,DiligentDonuts,FlawlessFlatbreads,7203569
2026-07-04T16:08:23.160789,2026-07-04T16:08:23.172810+00:00,140.0,49,bid,CostlyCorianders,EarnestEspressos,7203606
2026-07-04T16:08:23.690899,2026-07-04T16:08:23.702559+00:00,139.6,50,ask,DiligentDonuts,FlawlessFlatbreads,7203612
2026-07-04T16:08:25.405830,2026-07-04T16:08:25.417613+00:00,139.6,46,ask,DiligentDonuts,CostlyCorianders,7203638
2026-07-04T16:08:25.748032,2026-07-04T16:08:25.752785+00:00,140.1,50,bid,FlawlessFlatbreads,DiligentDonuts,7203645
2026-07-04T16:08:25.919906,2026-07-04T16:08:25.927657+00:00,139.7,42,ask,EarnestEspressos,CostlyCorianders,7203647
2026-07-04T16:08:26.421363,2026-07-04T16:08:26.433097+00:00,140.1,47,bid,CostlyCorianders,DiligentDonuts,7203653
2026-07-04T16:08:27.903375,2026-07-04T16:08:27.915276+00:00,139.7,50,ask,EarnestEspressos,FlawlessFlatbreads,7203678
2026-07-04T16:08:28.793650,2026-07-04T16:08:28.802002+00:00,139.6,14,bid,Xuanyu Liu,EarnestEspressos,7203688
2026-07-04T16:08:28.818857,2026-07-04T16:08:28.830271+00:00,139.6,40,bid,CostlyCorianders,EarnestEspressos,7203690
2026-07-04T16:08:29.287765,2026-07-04T16:08:29.299430+00:00,139.6,47,bid,CostlyCorianders,EarnestEspressos,7203698
2026-07-04T16:08:30.011388,2026-07-04T16:08:30.023254+00:00,139.5,50,ask,DiligentDonuts,FlawlessFlatbreads,7203716
2026-07-04T16:08:30.288915,2026-07-04T16:08:30.298453+00:00,139.5,42,ask,DiligentDonuts,CostlyCorianders,7203727
2026-07-04T16:08:30.776834,2026-07-04T16:08:30.785205+00:00,139.6,48,bid,CostlyCorianders,EarnestEspressos,7203738
2026-07-04T16:08:31.270788,2026-07-04T16:08:31.278344+00:00,139.6,1,bid,Xuanyu Liu,EarnestEspressos,7203748
2026-07-04T16:08:31.902249,2026-07-04T16:08:31.909479+00:00,139.9,1,ask,EarnestEspressos,Xuanyu Liu,7203751
2026-07-04T16:08:32.121232,2026-07-04T16:08:32.130793+00:00,139.9,50,ask,EarnestEspressos,FlawlessFlatbreads,7203762
2026-07-04T16:08:32.586861,2026-07-04T16:08:32.599533+00:00,139.9,14,ask,EarnestEspressos,Xuanyu Liu,7203774
2026-07-04T16:08:33.217958,2026-07-04T16:08:33.228246+00:00,139.9,85,ask,EarnestEspressos,DiligentDonuts,7203794
2026-07-04T16:08:33.239818,2026-07-04T16:08:33.249042+00:00,139.7,3,bid,Xuanyu Liu,DiligentDonuts,7203795
2026-07-04T16:08:34.228271,2026-07-04T16:08:34.240180+00:00,139.2,50,ask,DiligentDonuts,FlawlessFlatbreads,7203804
2026-07-04T16:08:36.335443,2026-07-04T16:08:36.344745+00:00,139.2,50,ask,DiligentDonuts,FlawlessFlatbreads,7203837
2026-07-04T16:08:36.514419,2026-07-04T16:08:36.523416+00:00,139.6,11,bid,Xuanyu Liu,EarnestEspressos,7203843
2026-07-04T16:08:38.444137,2026-07-04T16:08:38.463888+00:00,139.2,50,ask,DiligentDonuts,FlawlessFlatbreads,7203886
2026-07-04T16:08:39.314335,2026-07-04T16:08:39.326015+00:00,139.2,47,ask,EarnestEspressos,CostlyCorianders,7203906
2026-07-04T16:08:40.553438,2026-07-04T16:08:40.558570+00:00,139.2,50,ask,EarnestEspressos,FlawlessFlatbreads,7203920
2026-07-04T16:08:40.921173,2026-07-04T16:08:40.932871+00:00,139.2,48,ask,EarnestEspressos,CostlyCorianders,7203925
2026-07-04T16:08:41.442050,2026-07-04T16:08:41.448451+00:00,139.1,100,ask,DiligentDonuts,EarnestEspressos,7203942
2026-07-04T16:08:41.459696,2026-07-04T16:08:41.468031+00:00,139.1,50,bid,Xuanyu Liu,EarnestEspressos,7203943
2026-07-04T16:08:43.089156,2026-07-04T16:08:43.097518+00:00,139.2,7,bid,Xuanyu Liu,DiligentDonuts,7203962
2026-07-04T16:08:43.199438,2026-07-04T16:08:43.210792+00:00,139.2,22,bid,Zihao Wu,DiligentDonuts,7203966
2026-07-04T16:08:46.818032,2026-07-04T16:08:46.829471+00:00,139.4,50,bid,FlawlessFlatbreads,DiligentDonuts,7204020
2026-07-04T16:08:47.347266,2026-07-04T16:08:47.353694+00:00,139.4,47,bid,CostlyCorianders,DiligentDonuts,7204025
2026-07-04T16:08:48.928985,2026-07-04T16:08:48.935430+00:00,139.5,50,bid,FlawlessFlatbreads,EarnestEspressos,7204057
2026-07-04T16:08:50.611437,2026-07-04T16:08:50.622177+00:00,139.1,46,ask,DiligentDonuts,CostlyCorianders,7204079
2026-07-04T16:08:50.897665,2026-07-04T16:08:50.905749+00:00,139.4,11,ask,EarnestEspressos,Xuanyu Liu,7204084
2026-07-04T16:08:50.978354,2026-07-04T16:08:50.986936+00:00,139.4,11,ask,EarnestEspressos,Xuanyu Liu,7204088
2026-07-04T16:08:51.034638,2026-07-04T16:08:51.045328+00:00,139.6,50,bid,FlawlessFlatbreads,DiligentDonuts,7204091
2026-07-04T16:08:51.816236,2026-07-04T16:08:51.828669+00:00,139.6,42,bid,CostlyCorianders,DiligentDonuts,7204098
2026-07-04T16:08:52.328202,2026-07-04T16:08:52.337596+00:00,139.8,47,bid,CostlyCorianders,DiligentDonuts,7204105
2026-07-04T16:08:55.328817,2026-07-04T16:08:55.340181+00:00,139.4,50,ask,EarnestEspressos,FlawlessFlatbreads,7204146
2026-07-04T16:08:57.421242,2026-07-04T16:08:57.431301+00:00,139.6,50,bid,FlawlessFlatbreads,EarnestEspressos,7204181
2026-07-04T16:08:58.563457,2026-07-04T16:08:58.575169+00:00,139.3,40,ask,DiligentDonuts,CostlyCorianders,7204201
2026-07-04T16:09:01.642674,2026-07-04T16:09:01.651628+00:00,139.8,50,bid,FlawlessFlatbreads,EarnestEspressos,7204234
2026-07-04T16:09:03.575086,2026-07-04T16:09:03.583681+00:00,139.6,23,ask,EarnestEspressos,Xuanyu Liu,7204275
2026-07-04T16:09:03.678946,2026-07-04T16:09:03.687692+00:00,139.6,22,ask,EarnestEspressos,Zihao Wu,7204280
2026-07-04T16:09:03.749581,2026-07-04T16:09:03.756041+00:00,139.8,50,bid,FlawlessFlatbreads,DiligentDonuts,7204281
2026-07-04T16:09:05.872740,2026-07-04T16:09:05.886473+00:00,140.0,50,bid,FlawlessFlatbreads,DiligentDonuts,7204314
2026-07-04T16:09:07.963273,2026-07-04T16:09:07.970164+00:00,139.9,100,bid,DiligentDonuts,EarnestEspressos,7204357
2026-07-04T16:09:07.982509,2026-07-04T16:09:07.994523+00:00,139.9,50,bid,FlawlessFlatbreads,EarnestEspressos,7204358
2026-07-04T16:09:09.900597,2026-07-04T16:09:09.909102+00:00,140.3,26,ask,EarnestEspressos,Xuanyu Liu,7204383
2026-07-04T16:09:10.092514,2026-07-04T16:09:10.104122+00:00,140.4,50,bid,FlawlessFlatbreads,DiligentDonuts,7204385
2026-07-04T16:09:11.179954,2026-07-04T16:09:11.191637+00:00,140.3,100,ask,EarnestEspressos,DiligentDonuts,7204406
2026-07-04T16:09:11.702715,2026-07-04T16:09:11.709952+00:00,140.3,24,ask,EarnestEspressos,CostlyCorianders,7204419
2026-07-04T16:09:11.702715,2026-07-04T16:09:11.714989+00:00,139.8,17,ask,DiligentDonuts,CostlyCorianders,7204420
2026-07-04T16:09:12.860859,2026-07-04T16:09:12.872675+00:00,139.8,43,ask,DiligentDonuts,CostlyCorianders,7204444
2026-07-04T16:09:13.271182,2026-07-04T16:09:13.280520+00:00,140.2,3,bid,Xuanyu Liu,EarnestEspressos,7204453
2026-07-04T16:09:14.305397,2026-07-04T16:09:14.316850+00:00,140.2,50,bid,FlawlessFlatbreads,EarnestEspressos,7204469
2026-07-04T16:09:18.633982,2026-07-04T16:09:18.643638+00:00,140.4,40,bid,CostlyCorianders,EarnestEspressos,7204551
2026-07-04T16:09:19.686022,2026-07-04T16:09:19.697420+00:00,140.4,46,bid,CostlyCorianders,DiligentDonuts,7204570
2026-07-04T16:09:20.641328,2026-07-04T16:09:20.653324+00:00,140.6,50,bid,FlawlessFlatbreads,EarnestEspressos,7204582
2026-07-04T16:09:21.617600,2026-07-04T16:09:21.625381+00:00,140.2,47,ask,EarnestEspressos,CostlyCorianders,7204599
2026-07-04T16:09:22.828604,2026-07-04T16:09:22.835996+00:00,140.1,50,ask,DiligentDonuts,FlawlessFlatbreads,7204615
2026-07-04T16:09:23.743280,2026-07-04T16:09:23.758589+00:00,140.1,48,ask,EarnestEspressos,CostlyCorianders,7204636
2026-07-04T16:09:26.990336,2026-07-04T16:09:26.999443+00:00,140.5,50,bid,FlawlessFlatbreads,EarnestEspressos,7204685
2026-07-04T16:09:30.844394,2026-07-04T16:09:30.856012+00:00,140.6,49,bid,CostlyCorianders,DiligentDonuts,7204736
2026-07-04T16:09:31.210616,2026-07-04T16:09:31.221692+00:00,140.6,50,bid,FlawlessFlatbreads,DiligentDonuts,7204745
2026-07-04T16:09:31.460534,2026-07-04T16:09:31.471991+00:00,140.6,1,bid,CostlyCorianders,DiligentDonuts,7204747
2026-07-04T16:09:32.087208,2026-07-04T16:09:32.098948+00:00,140.2,45,ask,EarnestEspressos,CostlyCorianders,7204757
2026-07-04T16:09:33.345083,2026-07-04T16:09:33.358551+00:00,140.7,50,bid,FlawlessFlatbreads,EarnestEspressos,7204784
2026-07-04T16:09:34.231352,2026-07-04T16:09:34.239980+00:00,140.3,3,ask,DiligentDonuts,Xuanyu Liu,7204798
2026-07-04T16:09:34.461876,2026-07-04T16:09:34.473596+00:00,140.3,48,ask,DiligentDonuts,CostlyCorianders,7204803
2026-07-04T16:09:35.453718,2026-07-04T16:09:35.446009+00:00,140.5,50,bid,FlawlessFlatbreads,EarnestEspressos,7204819
2026-07-04T16:09:37.587013,2026-07-04T16:09:37.598634+00:00,140.5,50,bid,FlawlessFlatbreads,EarnestEspressos,7204846
2026-07-04T16:09:38.368321,2026-07-04T16:09:38.376173+00:00,140.5,100,bid,EarnestEspressos,DiligentDonuts,7204856
2026-07-04T16:09:38.659407,2026-07-04T16:09:38.669134+00:00,140.6,3,ask,EarnestEspressos,Xuanyu Liu,7204862
2026-07-04T16:09:38.802879,2026-07-04T16:09:38.812825+00:00,140.6,25,ask,EarnestEspressos,Alan Tran,7204866
2026-07-04T16:09:39.693347,2026-07-04T16:09:39.704400+00:00,141.0,50,bid,FlawlessFlatbreads,Alan Niu,7204886
2026-07-04T16:09:41.633415,2026-07-04T16:09:41.645134+00:00,140.7,49,bid,CostlyCorianders,EarnestEspressos,7204920
2026-07-04T16:09:41.831646,2026-07-04T16:09:41.843237+00:00,140.7,50,bid,FlawlessFlatbreads,EarnestEspressos,7204926
2026-07-04T16:09:42.227822,2026-07-04T16:09:42.235639+00:00,140.7,41,bid,CostlyCorianders,EarnestEspressos,7204931
2026-07-04T16:09:42.788475,2026-07-04T16:09:42.796504+00:00,140.7,10,bid,DiligentDonuts,EarnestEspressos,7204937
2026-07-04T16:09:43.345262,2026-07-04T16:09:43.356703+00:00,140.7,47,ask,DiligentDonuts,CostlyCorianders,7204945
2026-07-04T16:09:44.380088,2026-07-04T16:09:44.386771+00:00,140.7,43,ask,DiligentDonuts,CostlyCorianders,7204970
2026-07-04T16:09:46.008451,2026-07-04T16:09:46.019632+00:00,140.9,100,ask,EarnestEspressos,DiligentDonuts,7204988
2026-07-04T16:09:46.106050,2026-07-04T16:09:46.117951+00:00,140.9,50,ask,EarnestEspressos,FlawlessFlatbreads,7204989
2026-07-04T16:09:48.213023,2026-07-04T16:09:48.224857+00:00,140.5,50,ask,Alan Niu,FlawlessFlatbreads,7205024
2026-07-04T16:09:50.024068,2026-07-04T16:09:50.031283+00:00,140.9,46,bid,CostlyCorianders,EarnestEspressos,7205052
2026-07-04T16:09:50.321937,2026-07-04T16:09:50.328750+00:00,140.8,50,ask,DiligentDonuts,FlawlessFlatbreads,7205065
2026-07-04T16:09:50.901686,2026-07-04T16:09:50.913222+00:00,140.8,44,ask,DiligentDonuts,CostlyCorianders,7205071
2026-07-04T16:09:52.431422,2026-07-04T16:09:52.439339+00:00,140.6,50,ask,EarnestEspressos,FlawlessFlatbreads,7205101
2026-07-04T16:09:53.733758,2026-07-04T16:09:53.745709+00:00,141.0,41,bid,CostlyCorianders,DiligentDonuts,7205121
2026-07-04T16:09:54.540247,2026-07-04T16:09:54.548456+00:00,140.5,50,ask,DiligentDonuts,FlawlessFlatbreads,7205129
2026-07-04T16:09:56.652254,2026-07-04T16:09:56.658546+00:00,140.4,50,ask,DiligentDonuts,FlawlessFlatbreads,7205168
2026-07-04T16:09:58.763599,2026-07-04T16:09:58.770096+00:00,140.2,50,ask,EarnestEspressos,FlawlessFlatbreads,7205208
2026-07-04T16:10:00.597046,2026-07-04T16:10:00.605401+00:00,140.4,3,bid,Xuanyu Liu,EarnestEspressos,7205248
2026-07-04T16:10:00.870759,2026-07-04T16:10:00.882463+00:00,140.2,50,ask,DiligentDonuts,FlawlessFlatbreads,7205253
2026-07-04T16:10:01.896840,2026-07-04T16:10:01.904693+00:00,140.4,43,bid,CostlyCorianders,EarnestEspressos,7205275
2026-07-04T16:10:02.980198,2026-07-04T16:10:02.988946+00:00,139.9,50,ask,EarnestEspressos,FlawlessFlatbreads,7205288
2026-07-04T16:10:03.075043,2026-07-04T16:10:03.086789+00:00,140.4,42,bid,CostlyCorianders,EarnestEspressos,7205289
2026-07-04T16:10:03.132500,2026-07-04T16:10:03.144291+00:00,139.9,45,ask,EarnestEspressos,CostlyCorianders,7205290
2026-07-04T16:10:03.840843,2026-07-04T16:10:03.849197+00:00,140.3,25,bid,Alan Tran,EarnestEspressos,7205307
2026-07-04T16:10:04.599226,2026-07-04T16:10:04.612208+00:00,140.3,3,bid,Xuanyu Liu,EarnestEspressos,7205325
2026-07-04T16:10:05.087318,2026-07-04T16:10:05.095342+00:00,140.0,50,ask,DiligentDonuts,FlawlessFlatbreads,7205338
2026-07-04T16:10:07.193317,2026-07-04T16:10:07.204932+00:00,140.1,50,ask,EarnestEspressos,FlawlessFlatbreads,7205372
2026-07-04T16:10:09.301607,2026-07-04T16:10:09.313376+00:00,140.1,50,ask,EarnestEspressos,FlawlessFlatbreads,7205407
2026-07-04T16:10:10.076792,2026-07-04T16:10:10.102445+00:00,140.1,11,bid,Xuanyu Liu,EarnestEspressos,7205428
2026-07-04T16:10:11.409576,2026-07-04T16:10:11.421498+00:00,139.8,50,ask,DiligentDonuts,FlawlessFlatbreads,7205459
2026-07-04T16:10:12.359463,2026-07-04T16:10:12.368573+00:00,140.1,23,bid,Xuanyu Liu,EarnestEspressos,7205478
2026-07-04T16:10:13.517322,2026-07-04T16:10:13.529028+00:00,140.0,50,ask,EarnestEspressos,FlawlessFlatbreads,7205498
2026-07-04T16:10:13.574054,2026-07-04T16:10:13.584951+00:00,140.3,45,bid,CostlyCorianders,DiligentDonuts,7205501
2026-07-04T16:10:14.058553,2026-07-04T16:10:14.068005+00:00,140.3,44,bid,CostlyCorianders,DiligentDonuts,7205510
2026-07-04T16:10:15.624958,2026-07-04T16:10:15.640455+00:00,140.0,50,ask,EarnestEspressos,FlawlessFlatbreads,7205535
2026-07-04T16:10:16.415073,2026-07-04T16:10:16.421823+00:00,140.0,100,ask,DiligentDonuts,EarnestEspressos,7205547
2026-07-04T16:10:17.379523,2026-07-04T16:10:17.389940+00:00,139.4,40,ask,EarnestEspressos,CostlyCorianders,7205567
2026-07-04T16:10:17.619367,2026-07-04T16:10:17.628614+00:00,139.9,12,bid,Xuanyu Liu,EarnestEspressos,7205569
2026-07-04T16:10:17.735660,2026-07-04T16:10:17.747287+00:00,139.6,50,ask,DiligentDonuts,FlawlessFlatbreads,7205576
2026-07-04T16:10:19.552404,2026-07-04T16:10:19.559664+00:00,139.8,40,ask,EarnestEspressos,CostlyCorianders,7205601
2026-07-04T16:10:19.844841,2026-07-04T16:10:19.856412+00:00,139.8,50,ask,EarnestEspressos,FlawlessFlatbreads,7205611
2026-07-04T16:10:20.740322,2026-07-04T16:10:20.747334+00:00,140.3,41,bid,CostlyCorianders,EarnestEspressos,7205634
2026-07-04T16:10:21.907962,2026-07-04T16:10:21.916637+00:00,139.8,48,ask,EarnestEspressos,CostlyCorianders,7205666
2026-07-04T16:10:21.952706,2026-07-04T16:10:21.964424+00:00,139.8,12,ask,EarnestEspressos,FlawlessFlatbreads,7205667
2026-07-04T16:10:21.952706,2026-07-04T16:10:21.964424+00:00,139.4,38,ask,DiligentDonuts,FlawlessFlatbreads,7205668
2026-07-04T16:10:22.784382,2026-07-04T16:10:22.792228+00:00,139.8,11,bid,Xuanyu Liu,EarnestEspressos,7205683
2026-07-04T16:10:23.557570,2026-07-04T16:10:23.569106+00:00,139.8,44,bid,CostlyCorianders,EarnestEspressos,7205704
2026-07-04T16:10:25.049536,2026-07-04T16:10:25.058572+00:00,139.8,41,bid,CostlyCorianders,EarnestEspressos,7205730
2026-07-04T16:10:25.780858,2026-07-04T16:10:25.794401+00:00,139.8,11,bid,Xuanyu Liu,EarnestEspressos,7205742
2026-07-04T16:10:26.167413,2026-07-04T16:10:26.179158+00:00,139.8,50,ask,EarnestEspressos,FlawlessFlatbreads,7205749
2026-07-04T16:10:26.629153,2026-07-04T16:10:26.641008+00:00,139.9,40,bid,CostlyCorianders,DiligentDonuts,7205757
2026-07-04T16:10:27.264905,2026-07-04T16:10:27.276723+00:00,139.8,47,ask,EarnestEspressos,CostlyCorianders,7205764
2026-07-04T16:10:28.225709,2026-07-04T16:10:28.234156+00:00,140.1,50,bid,FlawlessFlatbreads,DiligentDonuts,7205780
2026-07-04T16:10:30.334080,2026-07-04T16:10:30.345808+00:00,139.7,50,bid,FlawlessFlatbreads,EarnestEspressos,7205813
2026-07-04T16:10:31.319714,2026-07-04T16:10:31.331522+00:00,139.7,43,bid,CostlyCorianders,EarnestEspressos,7205829
2026-07-04T16:10:32.454740,2026-07-04T16:10:32.464140+00:00,140.0,50,bid,FlawlessFlatbreads,DiligentDonuts,7205839
2026-07-04T16:10:34.561336,2026-07-04T16:10:34.572905+00:00,140.0,50,bid,FlawlessFlatbreads,EarnestEspressos,7205885
2026-07-04T16:10:35.471910,2026-07-04T16:10:35.479380+00:00,139.7,42,ask,EarnestEspressos,CostlyCorianders,7205912
2026-07-04T16:10:35.554782,2026-07-04T16:10:35.563157+00:00,139.7,11,ask,EarnestEspressos,Xuanyu Liu,7205915
2026-07-04T16:10:36.674550,2026-07-04T16:10:36.684934+00:00,140.0,50,bid,FlawlessFlatbreads,DiligentDonuts,7205937
2026-07-04T16:10:37.338093,2026-07-04T16:10:37.347539+00:00,139.7,11,ask,EarnestEspressos,Xuanyu Liu,7205945
2026-07-04T16:10:38.780914,2026-07-04T16:10:38.789973+00:00,139.8,50,bid,FlawlessFlatbreads,EarnestEspressos,7205980
2026-07-04T16:10:38.989719,2026-07-04T16:10:39.001256+00:00,139.5,47,ask,DiligentDonuts,CostlyCorianders,7205986
2026-07-04T16:10:40.886441,2026-07-04T16:10:40.897167+00:00,139.8,50,bid,FlawlessFlatbreads,EarnestEspressos,7206011
2026-07-04T16:10:41.802536,2026-07-04T16:10:41.813991+00:00,140.1,47,bid,CostlyCorianders,DiligentDonuts,7206026
2026-07-04T16:10:42.993198,2026-07-04T16:10:43.005064+00:00,140.3,50,bid,FlawlessFlatbreads,EarnestEspressos,7206057
2026-07-04T16:10:43.670444,2026-07-04T16:10:43.678731+00:00,139.8,46,ask,EarnestEspressos,CostlyCorianders,7206076
2026-07-04T16:10:44.871642,2026-07-04T16:10:44.879779+00:00,140.0,12,ask,EarnestEspressos,Xuanyu Liu,7206107
2026-07-04T16:10:45.100303,2026-07-04T16:10:45.111979+00:00,140.3,50,bid,FlawlessFlatbreads,DiligentDonuts,7206115
2026-07-04T16:10:46.521775,2026-07-04T16:10:46.530634+00:00,140.0,23,ask,EarnestEspressos,Xuanyu Liu,7206144
2026-07-04T16:10:47.258977,2026-07-04T16:10:47.267299+00:00,140.0,50,ask,EarnestEspressos,FlawlessFlatbreads,7206155
2026-07-04T16:10:47.849100,2026-07-04T16:10:47.858541+00:00,140.0,42,ask,EarnestEspressos,CostlyCorianders,7206161
2026-07-04T16:10:48.079758,2026-07-04T16:10:48.090941+00:00,139.9,100,ask,DiligentDonuts,EarnestEspressos,7206163
2026-07-04T16:10:48.091916,2026-07-04T16:10:48.100930+00:00,139.8,12,bid,Xuanyu Liu,EarnestEspressos,7206164
2026-07-04T16:10:48.474807,2026-07-04T16:10:48.483245+00:00,139.8,38,bid,CostlyCorianders,EarnestEspressos,7206175
2026-07-04T16:10:48.474807,2026-07-04T16:10:48.483245+00:00,140.4,10,bid,CostlyCorianders,DiligentDonuts,7206176
2026-07-04T16:10:49.591015,2026-07-04T16:10:49.600962+00:00,140.0,43,bid,CostlyCorianders,DiligentDonuts,7206206
2026-07-04T16:10:50.720556,2026-07-04T16:10:50.732314+00:00,139.5,47,ask,DiligentDonuts,CostlyCorianders,7206227
2026-07-04T16:10:51.433090,2026-07-04T16:10:51.444953+00:00,140.0,50,bid,FlawlessFlatbreads,DiligentDonuts,7206239
2026-07-04T16:10:53.540811,2026-07-04T16:10:53.548470+00:00,140.3,50,bid,FlawlessFlatbreads,DiligentDonuts,7206265
2026-07-04T16:10:55.646988,2026-07-04T16:10:55.653588+00:00,140.4,50,bid,FlawlessFlatbreads,EarnestEspressos,7206303
2026-07-04T16:10:55.676382,2026-07-04T16:10:55.684775+00:00,139.9,46,ask,EarnestEspressos,CostlyCorianders,7206307
2026-07-04T16:10:56.825416,2026-07-04T16:10:56.837132+00:00,140.4,46,bid,CostlyCorianders,EarnestEspressos,7206331
2026-07-04T16:10:57.537559,2026-07-04T16:10:57.547231+00:00,140.0,12,ask,EarnestEspressos,Xuanyu Liu,7206332
2026-07-04T16:10:57.804477,2026-07-04T16:10:57.816130+00:00,140.0,50,ask,EarnestEspressos,FlawlessFlatbreads,7206341
2026-07-04T16:10:58.304835,2026-07-04T16:10:58.312875+00:00,140.0,11,ask,EarnestEspressos,Xuanyu Liu,7206350
2026-07-04T16:10:59.617309,2026-07-04T16:10:59.627658+00:00,140.0,3,ask,EarnestEspressos,Xuanyu Liu,7206368
2026-07-04T16:10:59.861651,2026-07-04T16:10:59.873228+00:00,140.2,50,bid,FlawlessFlatbreads,DiligentDonuts,7206375
2026-07-04T16:11:01.679175,2026-07-04T16:11:01.691141+00:00,139.7,49,ask,DiligentDonuts,CostlyCorianders,7206404
2026-07-04T16:11:05.406340,2026-07-04T16:11:05.417124+00:00,140.0,49,bid,CostlyCorianders,EarnestEspressos,7206478
2026-07-04T16:11:05.461109,2026-07-04T16:11:05.471761+00:00,139.8,45,ask,DiligentDonuts,CostlyCorianders,7206479
2026-07-04T16:11:06.182931,2026-07-04T16:11:06.189398+00:00,140.0,50,bid,FlawlessFlatbreads,EarnestEspressos,7206506
2026-07-04T16:11:08.313115,2026-07-04T16:11:08.325279+00:00,139.8,100,ask,EarnestEspressos,DiligentDonuts,7206543
2026-07-04T16:11:08.340510,2026-07-04T16:11:08.358580+00:00,139.8,50,ask,EarnestEspressos,FlawlessFlatbreads,7206544
2026-07-04T16:11:08.400844,2026-07-04T16:11:08.411150+00:00,140.3,22,bid,Zihao Wu,EarnestEspressos,7206546
2026-07-04T16:11:10.206545,2026-07-04T16:11:10.215254+00:00,140.2,42,bid,CostlyCorianders,Alan Niu,7206582
2026-07-04T16:11:10.259491,2026-07-04T16:11:10.268505+00:00,139.4,26,bid,Xuanyu Liu,EarnestEspressos,7206583
2026-07-04T16:11:10.339113,2026-07-04T16:11:10.346255+00:00,139.4,42,bid,Alan Niu,EarnestEspressos,7206587
2026-07-04T16:11:10.397384,2026-07-04T16:11:10.408826+00:00,139.4,50,bid,FlawlessFlatbreads,EarnestEspressos,7206590
2026-07-04T16:11:10.856136,2026-07-04T16:11:10.867973+00:00,139.4,32,bid,CostlyCorianders,EarnestEspressos,7206599
2026-07-04T16:11:11.436081,2026-07-04T16:11:11.455337+00:00,139.6,12,ask,DiligentDonuts,Xuanyu Liu,7206608
2026-07-04T16:11:12.061087,2026-07-04T16:11:12.072979+00:00,139.6,41,ask,DiligentDonuts,CostlyCorianders,7206614
2026-07-04T16:11:12.556617,2026-07-04T16:11:12.568491+00:00,139.6,47,ask,DiligentDonuts,FlawlessFlatbreads,7206622
2026-07-04T16:11:12.556617,2026-07-04T16:11:12.568491+00:00,138.9,3,ask,EarnestEspressos,FlawlessFlatbreads,7206623
2026-07-04T16:11:13.195827,2026-07-04T16:11:13.207589+00:00,138.9,46,ask,EarnestEspressos,CostlyCorianders,7206637
2026-07-04T16:11:14.666701,2026-07-04T16:11:14.678160+00:00,139.3,50,ask,EarnestEspressos,FlawlessFlatbreads,7206658
2026-07-04T16:11:18.116904,2026-07-04T16:11:18.123718+00:00,139.3,48,ask,EarnestEspressos,CostlyCorianders,7206722
2026-07-04T16:11:18.745610,2026-07-04T16:11:18.757102+00:00,139.7,43,bid,CostlyCorianders,DiligentDonuts,7206732
2026-07-04T16:11:18.835602,2026-07-04T16:11:18.844536+00:00,139.7,50,bid,FlawlessFlatbreads,DiligentDonuts,7206733
2026-07-04T16:11:20.672694,2026-07-04T16:11:20.680982+00:00,139.2,11,ask,DiligentDonuts,Xuanyu Liu,7206761
2026-07-04T16:11:20.952201,2026-07-04T16:11:20.964276+00:00,139.3,50,bid,FlawlessFlatbreads,EarnestEspressos,7206765
2026-07-04T16:11:22.231294,2026-07-04T16:11:22.243403+00:00,139.3,44,bid,CostlyCorianders,EarnestEspressos,7206785
2026-07-04T16:11:25.221520,2026-07-04T16:11:25.233352+00:00,139.0,50,ask,EarnestEspressos,FlawlessFlatbreads,7206845
2026-07-04T16:11:26.664436,2026-07-04T16:11:26.674899+00:00,139.4,49,bid,CostlyCorianders,EarnestEspressos,7206868
2026-07-04T16:11:27.247017,2026-07-04T16:11:27.256960+00:00,139.0,49,ask,DiligentDonuts,CostlyCorianders,7206877
2026-07-04T16:11:27.328165,2026-07-04T16:11:27.334733+00:00,139.0,50,ask,DiligentDonuts,FlawlessFlatbreads,7206878
2026-07-04T16:11:27.811851,2026-07-04T16:11:27.824148+00:00,139.0,1,ask,DiligentDonuts,CostlyCorianders,7206884
2026-07-04T16:11:27.811851,2026-07-04T16:11:27.824148+00:00,138.9,47,ask,EarnestEspressos,CostlyCorianders,7206885
2026-07-04T16:11:28.502140,2026-07-04T16:11:28.513565+00:00,138.9,22,ask,EarnestEspressos,Zihao Wu,7206891
2026-07-04T16:11:29.384465,2026-07-04T16:11:29.393221+00:00,139.3,50,bid,FlawlessFlatbreads,EarnestEspressos,7206917
2026-07-04T16:11:30.457957,2026-07-04T16:11:30.465473+00:00,138.8,100,ask,EarnestEspressos,DiligentDonuts,7206933
2026-07-04T16:11:33.577987,2026-07-04T16:11:33.591001+00:00,139.0,100,bid,DiligentDonuts,EarnestEspressos,7206974
2026-07-04T16:11:33.826714,2026-07-04T16:11:33.834791+00:00,139.0,11,bid,Xuanyu Liu,EarnestEspressos,7206977
2026-07-04T16:11:35.698669,2026-07-04T16:11:35.710430+00:00,139.3,50,bid,FlawlessFlatbreads,EarnestEspressos,7207021
2026-07-04T16:11:37.880834,2026-07-04T16:11:37.892461+00:00,138.8,50,ask,EarnestEspressos,FlawlessFlatbreads,7207057
2026-07-04T16:11:39.670123,2026-07-04T16:11:39.678741+00:00,138.8,11,ask,EarnestEspressos,Xuanyu Liu,7207087
2026-07-04T16:11:39.700212,2026-07-04T16:11:39.711666+00:00,139.0,45,bid,CostlyCorianders,DiligentDonuts,7207090
2026-07-04T16:11:39.988240,2026-07-04T16:11:39.999855+00:00,138.8,50,ask,EarnestEspressos,FlawlessFlatbreads,7207093
2026-07-04T16:11:40.752387,2026-07-04T16:11:40.758595+00:00,139.0,42,bid,CostlyCorianders,DiligentDonuts,7207107
2026-07-04T16:11:44.174560,2026-07-04T16:11:44.186213+00:00,139.0,50,bid,FlawlessFlatbreads,EarnestEspressos,7207156
2026-07-04T16:11:45.703835,2026-07-04T16:11:45.710759+00:00,138.7,44,ask,DiligentDonuts,CostlyCorianders,7207191
2026-07-04T16:11:46.778736,2026-07-04T16:11:46.790828+00:00,138.7,41,ask,EarnestEspressos,CostlyCorianders,7207205
2026-07-04T16:11:47.405916,2026-07-04T16:11:47.417624+00:00,139.0,46,bid,CostlyCorianders,DiligentDonuts,7207217
2026-07-04T16:11:48.401872,2026-07-04T16:11:48.413557+00:00,139.0,50,bid,FlawlessFlatbreads,DiligentDonuts,7207243
2026-07-04T16:11:48.424385,2026-07-04T16:11:48.431522+00:00,138.5,40,ask,DiligentDonuts,CostlyCorianders,7207245
2026-07-04T16:11:50.584045,2026-07-04T16:11:50.592833+00:00,138.7,50,ask,DiligentDonuts,FlawlessFlatbreads,7207275
2026-07-04T16:11:54.819115,2026-07-04T16:11:54.828284+00:00,138.9,49,bid,CostlyCorianders,EarnestEspressos,7207355
2026-07-04T16:11:55.425729,2026-07-04T16:11:55.437516+00:00,138.5,44,ask,DiligentDonuts,CostlyCorianders,7207369
2026-07-04T16:11:56.506117,2026-07-04T16:11:56.516669+00:00,138.5,48,bid,CostlyCorianders,DiligentDonuts,7207388
2026-07-04T16:11:56.670184,2026-07-04T16:11:56.678003+00:00,138.5,11,bid,Xuanyu Liu,DiligentDonuts,7207392
2026-07-04T16:11:56.848298,2026-07-04T16:11:56.859609+00:00,138.5,41,bid,FlawlessFlatbreads,DiligentDonuts,7207397
2026-07-04T16:11:56.848298,2026-07-04T16:11:56.859609+00:00,138.9,9,bid,FlawlessFlatbreads,EarnestEspressos,7207398
2026-07-04T16:11:56.992897,2026-07-04T16:11:57.003082+00:00,138.4,42,ask,EarnestEspressos,CostlyCorianders,7207401
2026-07-04T16:11:58.957096,2026-07-04T16:11:58.966079+00:00,138.9,50,bid,FlawlessFlatbreads,EarnestEspressos,7207426
2026-07-04T16:11:59.015249,2026-07-04T16:11:59.026100+00:00,138.4,44,ask,EarnestEspressos,CostlyCorianders,7207428
2026-07-04T16:12:00.578031,2026-07-04T16:12:00.589426+00:00,138.9,48,bid,CostlyCorianders,EarnestEspressos,7207447
2026-07-04T16:12:01.070331,2026-07-04T16:12:01.081921+00:00,138.9,50,bid,FlawlessFlatbreads,DiligentDonuts,7207455
2026-07-04T16:12:01.359427,2026-07-04T16:12:01.368012+00:00,138.5,14,ask,EarnestEspressos,Xuanyu Liu,7207464
2026-07-04T16:12:03.176797,2026-07-04T16:12:03.187106+00:00,138.9,50,bid,FlawlessFlatbreads,DiligentDonuts,7207483
2026-07-04T16:12:04.231978,2026-07-04T16:12:04.243758+00:00,138.4,44,ask,DiligentDonuts,CostlyCorianders,7207509
2026-07-04T16:12:04.695153,2026-07-04T16:12:04.706045+00:00,138.4,40,ask,DiligentDonuts,CostlyCorianders,7207519
2026-07-04T16:12:05.291568,2026-07-04T16:12:05.298464+00:00,138.7,50,bid,FlawlessFlatbreads,Alan Niu,7207527
2026-07-04T16:12:05.328082,2026-07-04T16:12:05.336341+00:00,138.5,50,bid,Alan Niu,DiligentDonuts,7207528
2026-07-04T16:12:07.396376,2026-07-04T16:12:07.404934+00:00,138.5,50,bid,FlawlessFlatbreads,DiligentDonuts,7207560
2026-07-04T16:12:09.187991,2026-07-04T16:12:09.195672+00:00,138.5,40,bid,CostlyCorianders,EarnestEspressos,7207589
2026-07-04T16:12:09.533711,2026-07-04T16:12:09.545617+00:00,138.5,50,bid,FlawlessFlatbreads,EarnestEspressos,7207593
2026-07-04T16:12:10.807358,2026-07-04T16:12:10.817170+00:00,138.5,41,ask,EarnestEspressos,CostlyCorianders,7207610
2026-07-04T16:12:11.270836,2026-07-04T16:12:11.279161+00:00,138.7,41,bid,CostlyCorianders,Alan Niu,7207629
2026-07-04T16:12:11.640682,2026-07-04T16:12:11.658794+00:00,138.9,50,bid,FlawlessFlatbreads,DiligentDonuts,7207635
2026-07-04T16:12:13.749662,2026-07-04T16:12:13.757202+00:00,138.8,50,bid,FlawlessFlatbreads,EarnestEspressos,7207669
2026-07-04T16:12:15.912215,2026-07-04T16:12:15.920915+00:00,138.6,50,ask,DiligentDonuts,FlawlessFlatbreads,7207706
2026-07-04T16:12:17.187274,2026-07-04T16:12:17.202043+00:00,138.6,3,ask,DiligentDonuts,Xuanyu Liu,7207725
2026-07-04T16:12:18.018780,2026-07-04T16:12:18.030255+00:00,138.5,50,ask,EarnestEspressos,FlawlessFlatbreads,7207750
2026-07-04T16:12:18.115782,2026-07-04T16:12:18.127371+00:00,138.7,48,bid,CostlyCorianders,Alan Niu,7207752
2026-07-04T16:12:18.982063,2026-07-04T16:12:18.990127+00:00,138.5,25,ask,EarnestEspressos,Alan Tran,7207765
2026-07-04T16:12:20.127190,2026-07-04T16:12:20.134947+00:00,138.3,50,ask,DiligentDonuts,FlawlessFlatbreads,7207788
2026-07-04T16:12:22.180925,2026-07-04T16:12:22.192747+00:00,138.7,50,bid,FlawlessFlatbreads,EarnestEspressos,7207812
2026-07-04T16:12:24.288821,2026-07-04T16:12:24.297108+00:00,138.7,50,bid,FlawlessFlatbreads,Alan Niu,7207841
2026-07-04T16:12:25.591049,2026-07-04T16:12:25.602792+00:00,138.7,46,bid,CostlyCorianders,DiligentDonuts,7207865
2026-07-04T16:12:26.081537,2026-07-04T16:12:26.093472+00:00,138.3,49,ask,Alan Niu,CostlyCorianders,7207872
2026-07-04T16:12:26.124655,2026-07-04T16:12:26.134929+00:00,138.5,49,ask,EarnestEspressos,Alan Niu,7207873
2026-07-04T16:12:26.446384,2026-07-04T16:12:26.457169+00:00,138.5,50,ask,EarnestEspressos,FlawlessFlatbreads,7207878
2026-07-04T16:12:26.664483,2026-07-04T16:12:26.675746+00:00,138.7,47,bid,CostlyCorianders,DiligentDonuts,7207882
2026-07-04T16:12:27.148421,2026-07-04T16:12:27.160298+00:00,138.5,49,ask,EarnestEspressos,CostlyCorianders,7207889
2026-07-04T16:12:28.331347,2026-07-04T16:12:28.340489+00:00,138.8,41,bid,CostlyCorianders,Alan Niu,7207904
2026-07-04T16:12:29.329371,2026-07-04T16:12:29.340927+00:00,138.6,100,ask,DiligentDonuts,EarnestEspressos,7207912
2026-07-04T16:12:29.343158,2026-07-04T16:12:29.354770+00:00,138.4,3,bid,Xuanyu Liu,EarnestEspressos,7207915
2026-07-04T16:12:29.726153,2026-07-04T16:12:29.736640+00:00,138.4,47,bid,CostlyCorianders,EarnestEspressos,7207931
2026-07-04T16:12:30.670988,2026-07-04T16:12:30.681768+00:00,138.3,43,ask,DiligentDonuts,CostlyCorianders,7207953
2026-07-04T16:12:32.404501,2026-07-04T16:12:32.416014+00:00,138.3,42,ask,DiligentDonuts,CostlyCorianders,7207999
2026-07-04T16:12:32.714592,2026-07-04T16:12:32.726001+00:00,138.8,50,bid,FlawlessFlatbreads,DiligentDonuts,7208008
2026-07-04T16:12:32.821307,2026-07-04T16:12:32.829538+00:00,138.6,3,ask,EarnestEspressos,Xuanyu Liu,7208009
2026-07-04T16:12:33.771709,2026-07-04T16:12:33.778402+00:00,138.6,100,ask,EarnestEspressos,DiligentDonuts,7208028
2026-07-04T16:12:33.888965,2026-07-04T16:12:33.895919+00:00,138.6,40,ask,EarnestEspressos,CostlyCorianders,7208030
2026-07-04T16:12:34.005037,2026-07-04T16:12:34.016502+00:00,138.6,7,ask,EarnestEspressos,Alan Tran,7208033
2026-07-04T16:12:34.820238,2026-07-04T16:12:34.829818+00:00,138.6,20,bid,FlawlessFlatbreads,Alan Niu,7208043
2026-07-04T16:12:34.820238,2026-07-04T16:12:34.829818+00:00,139.1,30,bid,FlawlessFlatbreads,EarnestEspressos,7208044
2026-07-04T16:12:35.660814,2026-07-04T16:12:35.670239+00:00,138.2,3,bid,Xuanyu Liu,EarnestEspressos,7208049
2026-07-04T16:12:36.882647,2026-07-04T16:12:36.889275+00:00,138.2,100,bid,DiligentDonuts,EarnestEspressos,7208074
2026-07-04T16:12:36.926818,2026-07-04T16:12:36.938666+00:00,138.2,47,bid,FlawlessFlatbreads,EarnestEspressos,7208075
2026-07-04T16:12:39.019879,2026-07-04T16:12:39.031903+00:00,138.3,2,ask,EarnestEspressos,Alan Tran,7208108
2026-07-04T16:12:39.225476,2026-07-04T16:12:39.237368+00:00,138.3,42,ask,EarnestEspressos,CostlyCorianders,7208109
2026-07-04T16:12:40.681725,2026-07-04T16:12:40.690190+00:00,138.3,3,ask,EarnestEspressos,Xuanyu Liu,7208131
2026-07-04T16:12:40.814006,2026-07-04T16:12:40.824384+00:00,138.5,47,bid,CostlyCorianders,DiligentDonuts,7208134
2026-07-04T16:12:41.190792,2026-07-04T16:12:41.202307+00:00,138.3,50,ask,EarnestEspressos,FlawlessFlatbreads,7208138
2026-07-04T16:12:42.007887,2026-07-04T16:12:42.016505+00:00,138.3,3,bid,Xuanyu Liu,EarnestEspressos,7208148
2026-07-04T16:12:43.264882,2026-07-04T16:12:43.271678+00:00,138.3,40,bid,CostlyCorianders,EarnestEspressos,7208171
2026-07-04T16:12:43.309921,2026-07-04T16:12:43.321089+00:00,138.1,50,ask,DiligentDonuts,FlawlessFlatbreads,7208173
2026-07-04T16:12:44.034158,2026-07-04T16:12:44.045862+00:00,138.1,2,ask,DiligentDonuts,Alan Tran,7208190
2026-07-04T16:12:45.417046,2026-07-04T16:12:45.428496+00:00,138.2,50,ask,EarnestEspressos,FlawlessFlatbreads,7208210
2026-07-04T16:12:47.523296,2026-07-04T16:12:47.535057+00:00,138.2,50,ask,EarnestEspressos,FlawlessFlatbreads,7208241
2026-07-04T16:12:49.630855,2026-07-04T16:12:49.642533+00:00,137.8,50,ask,Alan Niu,FlawlessFlatbreads,7208291
2026-07-04T16:12:50.825517,2026-07-04T16:12:50.836937+00:00,137.8,41,ask,Alan Niu,CostlyCorianders,7208311
2026-07-04T16:12:51.739698,2026-07-04T16:12:51.749337+00:00,137.7,50,ask,DiligentDonuts,FlawlessFlatbreads,7208333
2026-07-04T16:12:53.847549,2026-07-04T16:12:53.854293+00:00,137.8,50,ask,Alan Niu,FlawlessFlatbreads,7208370
2026-07-04T16:12:54.056918,2026-07-04T16:12:54.058640+00:00,137.9,25,bid,Alan Tran,EarnestEspressos,7208375
2026-07-04T16:12:55.965991,2026-07-04T16:12:55.975664+00:00,137.7,50,ask,Alan Niu,FlawlessFlatbreads,7208414
2026-07-04T16:12:58.072304,2026-07-04T16:12:58.083356+00:00,137.6,50,ask,EarnestEspressos,FlawlessFlatbreads,7208437
2026-07-04T16:13:00.192458,2026-07-04T16:13:00.203880+00:00,137.7,9,ask,Alan Niu,FlawlessFlatbreads,7208483
2026-07-04T16:13:00.192458,2026-07-04T16:13:00.203880+00:00,137.6,41,ask,EarnestEspressos,FlawlessFlatbreads,7208484
2026-07-04T16:13:00.413509,2026-07-04T16:13:00.421306+00:00,137.8,42,bid,CostlyCorianders,DiligentDonuts,7208492
2026-07-04T16:13:02.302243,2026-07-04T16:13:02.313712+00:00,137.2,50,ask,DiligentDonuts,FlawlessFlatbreads,7208523
2026-07-04T16:13:04.167384,2026-07-04T16:13:04.175819+00:00,137.4,3,bid,Xuanyu Liu,EarnestEspressos,7208562
2026-07-04T16:13:04.426579,2026-07-04T16:13:04.437357+00:00,137.2,50,ask,DiligentDonuts,FlawlessFlatbreads,7208569
2026-07-04T16:13:06.063048,2026-07-04T16:13:06.074624+00:00,137.4,48,bid,CostlyCorianders,EarnestEspressos,7208601
2026-07-04T16:13:06.480959,2026-07-04T16:13:06.487604+00:00,137.4,50,bid,FlawlessFlatbreads,EarnestEspressos,7208607
2026-07-04T16:13:07.363037,2026-07-04T16:13:07.375019+00:00,137.2,45,ask,EarnestEspressos,CostlyCorianders,7208622
2026-07-04T16:13:09.096267,2026-07-04T16:13:09.107136+00:00,137.5,25,bid,Alan Tran,DiligentDonuts,7208650
2026-07-04T16:13:10.690284,2026-07-04T16:13:10.700956+00:00,137.5,50,bid,FlawlessFlatbreads,DiligentDonuts,7208670
2026-07-04T16:13:11.329642,2026-07-04T16:13:11.341459+00:00,137.5,25,bid,CostlyCorianders,DiligentDonuts,7208685
2026-07-04T16:13:11.329642,2026-07-04T16:13:11.341459+00:00,137.7,21,bid,CostlyCorianders,EarnestEspressos,7208686
2026-07-04T16:13:12.797144,2026-07-04T16:13:12.808617+00:00,137.7,50,bid,FlawlessFlatbreads,EarnestEspressos,7208725
2026-07-04T16:13:13.460831,2026-07-04T16:13:13.468653+00:00,137.3,46,ask,DiligentDonuts,CostlyCorianders,7208738
2026-07-04T16:13:13.986977,2026-07-04T16:13:13.998905+00:00,137.8,43,bid,CostlyCorianders,DiligentDonuts,7208752
2026-07-04T16:13:14.958266,2026-07-04T16:13:14.969662+00:00,137.5,50,ask,EarnestEspressos,FlawlessFlatbreads,7208776
2026-07-04T16:13:15.347817,2026-07-04T16:13:15.355853+00:00,137.5,3,ask,EarnestEspressos,Xuanyu Liu,7208779
2026-07-04T16:13:15.644320,2026-07-04T16:13:15.663939+00:00,137.5,48,ask,EarnestEspressos,CostlyCorianders,7208787
2026-07-04T16:13:16.107489,2026-07-04T16:13:16.118936+00:00,137.5,46,ask,EarnestEspressos,CostlyCorianders,7208802
2026-07-04T16:13:16.811479,2026-07-04T16:13:16.820206+00:00,137.4,100,ask,DiligentDonuts,EarnestEspressos,7208809
2026-07-04T16:13:16.827628,2026-07-04T16:13:16.838791+00:00,137.2,3,bid,Xuanyu Liu,EarnestEspressos,7208810
2026-07-04T16:13:17.013687,2026-07-04T16:13:17.020174+00:00,137.2,47,bid,FlawlessFlatbreads,EarnestEspressos,7208815
2026-07-04T16:13:17.214032,2026-07-04T16:13:17.221009+00:00,137.9,22,bid,Zihao Wu,DiligentDonuts,7208819
2026-07-04T16:13:19.231046,2026-07-04T16:13:19.244679+00:00,137.5,46,bid,CostlyCorianders,DiligentDonuts,7208848
2026-07-04T16:13:20.242953,2026-07-04T16:13:20.252104+00:00,137.5,45,bid,CostlyCorianders,DiligentDonuts,7208857
2026-07-04T16:13:22.166349,2026-07-04T16:13:22.177911+00:00,137.3,49,ask,EarnestEspressos,CostlyCorianders,7208899
2026-07-04T16:13:22.727238,2026-07-04T16:13:22.738880+00:00,137.8,44,bid,CostlyCorianders,EarnestEspressos,7208906
2026-07-04T16:13:23.426250,2026-07-04T16:13:23.435713+00:00,137.5,50,ask,EarnestEspressos,FlawlessFlatbreads,7208922
2026-07-04T16:13:25.532965,2026-07-04T16:13:25.544598+00:00,137.6,50,ask,DiligentDonuts,FlawlessFlatbreads,7208944
2026-07-04T16:13:27.590064,2026-07-04T16:13:27.601625+00:00,137.9,50,bid,FlawlessFlatbreads,EarnestEspressos,7208979
2026-07-04T16:13:29.762782,2026-07-04T16:13:29.779788+00:00,137.9,50,ask,EarnestEspressos,FlawlessFlatbreads,7209013
2026-07-04T16:13:32.312382,2026-07-04T16:13:32.321807+00:00,137.9,3,ask,EarnestEspressos,Xuanyu Liu,7209051
2026-07-04T16:13:34.844592,2026-07-04T16:13:34.851064+00:00,137.7,47,ask,DiligentDonuts,CostlyCorianders,7209096
2026-07-04T16:13:36.032440,2026-07-04T16:13:36.044438+00:00,138.2,50,bid,FlawlessFlatbreads,DiligentDonuts,7209110
2026-07-04T16:13:36.982273,2026-07-04T16:13:36.991905+00:00,138.2,41,bid,CostlyCorianders,EarnestEspressos,7209134
2026-07-04T16:13:37.870980,2026-07-04T16:13:37.882493+00:00,137.8,22,ask,DiligentDonuts,Zihao Wu,7209159
2026-07-04T16:13:41.826807,2026-07-04T16:13:41.838699+00:00,138.0,44,ask,EarnestEspressos,CostlyCorianders,7209223
2026-07-04T16:13:42.401692,2026-07-04T16:13:42.413277+00:00,137.9,50,ask,EarnestEspressos,FlawlessFlatbreads,7209228
2026-07-04T16:13:43.947312,2026-07-04T16:13:43.959150+00:00,138.4,41,bid,CostlyCorianders,EarnestEspressos,7209259
2026-07-04T16:13:45.694546,2026-07-04T16:13:45.706400+00:00,137.9,48,ask,DiligentDonuts,CostlyCorianders,7209284
2026-07-04T16:13:46.561848,2026-07-04T16:13:46.570551+00:00,138.1,50,bid,FlawlessFlatbreads,DiligentDonuts,7209304
2026-07-04T16:13:48.718324,2026-07-04T16:13:48.730123+00:00,137.7,50,ask,EarnestEspressos,FlawlessFlatbreads,7209347
