timestamp,recv_time,price,volume,aggressor_side,buyer,seller,trade_id
2026-07-02T22:59:59.997771,2026-07-02T23:00:00.007713+00:00,118.3,50,bid,FlawlessFlatbreads,DiligentDonuts,4940905
2026-07-02T23:00:01.979175,2026-07-02T23:00:01.989999+00:00,117.7,3,ask,Kelvin Chan,CostlyCorianders,4940939
2026-07-02T23:00:01.979175,2026-07-02T23:00:01.989999+00:00,117.7,44,ask,EarnestEspressos,CostlyCorianders,4940940
2026-07-02T23:00:02.104584,2026-07-02T23:00:02.116368+00:00,118.2,48,bid,FlawlessFlatbreads,EarnestEspressos,4940946
2026-07-02T23:00:06.336219,2026-07-02T23:00:06.347681+00:00,118.0,4,bid,FlawlessFlatbreads,Kelvin Chan,4941012
2026-07-02T23:00:06.336219,2026-07-02T23:00:06.347681+00:00,118.2,46,bid,FlawlessFlatbreads,DiligentDonuts,4941013
2026-07-02T23:00:07.182438,2026-07-02T23:00:07.193957+00:00,118.1,48,ask,DiligentDonuts,CostlyCorianders,4941032
2026-07-02T23:00:08.368087,2026-07-02T23:00:08.378321+00:00,118.4,47,bid,CostlyCorianders,EarnestEspressos,4941052
2026-07-02T23:00:08.480842,2026-07-02T23:00:08.489901+00:00,118.4,50,bid,FlawlessFlatbreads,EarnestEspressos,4941056
2026-07-02T23:00:09.464729,2026-07-02T23:00:09.472888+00:00,118.1,3,ask,DiligentDonuts,Xuanyu Liu,4941080
2026-07-02T23:00:09.566677,2026-07-02T23:00:09.576531+00:00,118.2,21,ask,EarnestEspressos,Zihao Wu,4941084
2026-07-02T23:00:09.752188,2026-07-02T23:00:09.760134+00:00,118.2,2,ask,EarnestEspressos,Kelvin Chan,4941093
2026-07-02T23:00:09.766852,2026-07-02T23:00:09.774901+00:00,118.2,20,ask,EarnestEspressos,Zihao Wu,4941095
2026-07-02T23:00:09.975111,2026-07-02T23:00:09.983137+00:00,118.2,17,ask,EarnestEspressos,Zihao Wu,4941097
2026-07-02T23:00:10.615722,2026-07-02T23:00:10.627191+00:00,118.2,2,ask,EarnestEspressos,Kelvin Chan,4941122
2026-07-02T23:00:10.894326,2026-07-02T23:00:10.902781+00:00,118.2,2,ask,EarnestEspressos,Kelvin Chan,4941130
2026-07-02T23:00:12.748607,2026-07-02T23:00:12.754886+00:00,117.9,50,ask,DiligentDonuts,FlawlessFlatbreads,4941160
2026-07-02T23:00:13.371363,2026-07-02T23:00:13.378852+00:00,118.2,45,bid,Zihao Wu,DiligentDonuts,4941176
2026-07-02T23:00:14.804189,2026-07-02T23:00:14.815660+00:00,118.2,50,bid,FlawlessFlatbreads,DiligentDonuts,4941210
2026-07-02T23:00:16.472669,2026-07-02T23:00:16.484058+00:00,118.3,42,bid,CostlyCorianders,EarnestEspressos,4941245
2026-07-02T23:00:16.982873,2026-07-02T23:00:16.994208+00:00,117.9,4,ask,Kelvin Chan,FlawlessFlatbreads,4941257
2026-07-02T23:00:16.982873,2026-07-02T23:00:16.994208+00:00,117.8,46,ask,EarnestEspressos,FlawlessFlatbreads,4941258
2026-07-02T23:00:19.090202,2026-07-02T23:00:19.102047+00:00,117.9,4,ask,Kelvin Chan,FlawlessFlatbreads,4941298
2026-07-02T23:00:19.090202,2026-07-02T23:00:19.102047+00:00,117.8,46,ask,DiligentDonuts,FlawlessFlatbreads,4941299
2026-07-02T23:00:21.199286,2026-07-02T23:00:21.210648+00:00,117.9,2,ask,Kelvin Chan,FlawlessFlatbreads,4941342
2026-07-02T23:00:21.199286,2026-07-02T23:00:21.210648+00:00,117.7,48,ask,EarnestEspressos,FlawlessFlatbreads,4941343
2026-07-02T23:00:23.257931,2026-07-02T23:00:23.269146+00:00,118.0,50,bid,FlawlessFlatbreads,EarnestEspressos,4941390
2026-07-02T23:00:23.429208,2026-07-02T23:00:23.435882+00:00,117.7,49,ask,DiligentDonuts,CostlyCorianders,4941396
2026-07-02T23:00:25.420308,2026-07-02T23:00:25.431548+00:00,117.7,50,ask,DiligentDonuts,FlawlessFlatbreads,4941426
2026-07-02T23:00:27.526865,2026-07-02T23:00:27.533739+00:00,117.6,50,ask,EarnestEspressos,FlawlessFlatbreads,4941481
2026-07-02T23:00:29.581410,2026-07-02T23:00:29.589863+00:00,117.5,50,bid,FlawlessFlatbreads,DiligentDonuts,4941516
2026-07-02T23:00:30.125504,2026-07-02T23:00:30.134339+00:00,117.3,42,ask,EarnestEspressos,CostlyCorianders,4941530
2026-07-02T23:00:31.692515,2026-07-02T23:00:31.704355+00:00,117.5,50,bid,FlawlessFlatbreads,DiligentDonuts,4941565
2026-07-02T23:00:33.625404,2026-07-02T23:00:33.637178+00:00,117.4,45,bid,CostlyCorianders,EarnestEspressos,4941597
2026-07-02T23:00:33.851160,2026-07-02T23:00:33.858613+00:00,117.3,50,ask,DiligentDonuts,FlawlessFlatbreads,4941605
2026-07-02T23:00:35.958104,2026-07-02T23:00:35.969619+00:00,117.2,50,ask,DiligentDonuts,FlawlessFlatbreads,4941633
2026-07-02T23:00:36.863173,2026-07-02T23:00:36.874733+00:00,117.6,42,bid,CostlyCorianders,EarnestEspressos,4941645
2026-07-02T23:00:37.931346,2026-07-02T23:00:37.940215+00:00,117.2,48,ask,DiligentDonuts,CostlyCorianders,4941657
2026-07-02T23:00:38.063685,2026-07-02T23:00:38.074994+00:00,117.2,2,ask,DiligentDonuts,FlawlessFlatbreads,4941661
2026-07-02T23:00:38.063685,2026-07-02T23:00:38.074994+00:00,117.1,48,ask,EarnestEspressos,FlawlessFlatbreads,4941662
2026-07-02T23:00:38.535823,2026-07-02T23:00:38.547382+00:00,117.1,100,ask,EarnestEspressos,DiligentDonuts,4941677
2026-07-02T23:00:40.171245,2026-07-02T23:00:40.181466+00:00,117.1,2,ask,EarnestEspressos,FlawlessFlatbreads,4941711
2026-07-02T23:00:40.171245,2026-07-02T23:00:40.181466+00:00,116.5,48,ask,DiligentDonuts,FlawlessFlatbreads,4941712
2026-07-02T23:00:40.601208,2026-07-02T23:00:40.608583+00:00,116.5,22,ask,DiligentDonuts,Zihao Wu,4941724
2026-07-02T23:00:40.677960,2026-07-02T23:00:40.689375+00:00,117.6,40,bid,CostlyCorianders,EarnestEspressos,4941725
2026-07-02T23:00:41.211564,2026-07-02T23:00:41.225975+00:00,117.1,3,bid,Xuanyu Liu,EarnestEspressos,4941749
2026-07-02T23:00:41.402065,2026-07-02T23:00:41.409271+00:00,117.1,22,bid,Zihao Wu,EarnestEspressos,4941753
2026-07-02T23:00:42.278506,2026-07-02T23:00:42.289821+00:00,116.7,50,ask,DiligentDonuts,FlawlessFlatbreads,4941764
2026-07-02T23:00:42.828900,2026-07-02T23:00:42.840124+00:00,117.1,4,bid,Xuanyu Liu,EarnestEspressos,4941772
2026-07-02T23:00:43.010967,2026-07-02T23:00:43.020883+00:00,117.1,4,bid,Xuanyu Liu,EarnestEspressos,4941777
2026-07-02T23:00:43.129386,2026-07-02T23:00:43.138026+00:00,117.1,3,bid,Xuanyu Liu,EarnestEspressos,4941779
2026-07-02T23:00:44.006147,2026-07-02T23:00:44.012440+00:00,117.1,1,bid,Kelvin Chan,EarnestEspressos,4941795
2026-07-02T23:00:44.384659,2026-07-02T23:00:44.396196+00:00,117.1,1,ask,Kelvin Chan,FlawlessFlatbreads,4941798
2026-07-02T23:00:44.384659,2026-07-02T23:00:44.396196+00:00,116.8,49,ask,EarnestEspressos,FlawlessFlatbreads,4941799
2026-07-02T23:00:45.324435,2026-07-02T23:00:45.337210+00:00,117.0,1,ask,Kelvin Chan,CostlyCorianders,4941814
2026-07-02T23:00:45.324435,2026-07-02T23:00:45.337210+00:00,116.8,46,ask,EarnestEspressos,CostlyCorianders,4941815
2026-07-02T23:00:46.443155,2026-07-02T23:00:46.454003+00:00,117.1,50,bid,FlawlessFlatbreads,DiligentDonuts,4941836
2026-07-02T23:00:47.425126,2026-07-02T23:00:47.435268+00:00,117.1,48,bid,CostlyCorianders,DiligentDonuts,4941856
2026-07-02T23:00:47.527982,2026-07-02T23:00:47.563635+00:00,117.0,1,ask,Kelvin Chan,EarnestEspressos,4941861
2026-07-02T23:00:47.540482,2026-07-02T23:00:47.563635+00:00,116.9,12,bid,Xuanyu Liu,EarnestEspressos,4941862
2026-07-02T23:00:47.564823,2026-07-02T23:00:47.573237+00:00,116.9,11,bid,Xuanyu Liu,EarnestEspressos,4941867
2026-07-02T23:00:47.948557,2026-07-02T23:00:47.953207+00:00,116.9,2,bid,Kelvin Chan,EarnestEspressos,4941875
2026-07-02T23:00:47.964489,2026-07-02T23:00:47.975905+00:00,116.9,100,bid,DiligentDonuts,EarnestEspressos,4941876
2026-07-02T23:00:48.549755,2026-07-02T23:00:48.555969+00:00,116.9,24,bid,FlawlessFlatbreads,EarnestEspressos,4941891
2026-07-02T23:00:48.549755,2026-07-02T23:00:48.555969+00:00,117.2,3,bid,FlawlessFlatbreads,Kelvin Chan,4941892
2026-07-02T23:00:48.549755,2026-07-02T23:00:48.555969+00:00,117.5,23,bid,FlawlessFlatbreads,DiligentDonuts,4941893
2026-07-02T23:00:49.020730,2026-07-02T23:00:49.030809+00:00,117.5,45,bid,CostlyCorianders,DiligentDonuts,4941904
2026-07-02T23:00:49.812344,2026-07-02T23:00:49.818723+00:00,116.4,22,ask,EarnestEspressos,Zihao Wu,4941919
2026-07-02T23:00:50.218479,2026-07-02T23:00:50.226620+00:00,117.3,1,bid,Zihao Wu,Kelvin Chan,4941923
2026-07-02T23:00:50.658423,2026-07-02T23:00:50.669876+00:00,117.5,32,bid,FlawlessFlatbreads,DiligentDonuts,4941940
2026-07-02T23:00:52.390750,2026-07-02T23:00:52.402178+00:00,117.1,46,ask,EarnestEspressos,CostlyCorianders,4941976
2026-07-02T23:00:54.868680,2026-07-02T23:00:54.880057+00:00,117.6,50,bid,FlawlessFlatbreads,EarnestEspressos,4942031
2026-07-02T23:00:55.074101,2026-07-02T23:00:55.084846+00:00,117.6,47,bid,CostlyCorianders,EarnestEspressos,4942035
2026-07-02T23:00:56.971228,2026-07-02T23:00:56.980784+00:00,117.3,23,ask,EarnestEspressos,Xuanyu Liu,4942082
2026-07-02T23:00:57.283038,2026-07-02T23:00:57.294270+00:00,117.3,49,ask,EarnestEspressos,CostlyCorianders,4942089
2026-07-02T23:00:58.443395,2026-07-02T23:00:58.458614+00:00,117.6,49,bid,CostlyCorianders,DiligentDonuts,4942117
2026-07-02T23:00:59.137040,2026-07-02T23:00:59.147638+00:00,117.3,50,ask,EarnestEspressos,FlawlessFlatbreads,4942140
2026-07-02T23:01:01.995494,2026-07-02T23:01:02.003975+00:00,117.2,14,ask,DiligentDonuts,Xuanyu Liu,4942191
2026-07-02T23:01:03.333442,2026-07-02T23:01:03.340404+00:00,117.2,86,ask,DiligentDonuts,EarnestEspressos,4942227
2026-07-02T23:01:03.346568,2026-07-02T23:01:03.359320+00:00,117.1,3,bid,Xuanyu Liu,EarnestEspressos,4942229
2026-07-02T23:01:03.348978,2026-07-02T23:01:03.359320+00:00,117.0,2,ask,Kelvin Chan,FlawlessFlatbreads,4942230
2026-07-02T23:01:04.182556,2026-07-02T23:01:04.192126+00:00,117.1,11,bid,Xuanyu Liu,EarnestEspressos,4942249
2026-07-02T23:01:05.454330,2026-07-02T23:01:05.466009+00:00,116.8,50,ask,DiligentDonuts,FlawlessFlatbreads,4942266
2026-07-02T23:01:06.998271,2026-07-02T23:01:07.005127+00:00,117.1,100,ask,EarnestEspressos,DiligentDonuts,4942314
2026-07-02T23:01:07.562037,2026-07-02T23:01:07.573551+00:00,117.1,50,ask,EarnestEspressos,FlawlessFlatbreads,4942326
2026-07-02T23:01:07.865988,2026-07-02T23:01:07.872713+00:00,117.4,3,bid,Zihao Wu,Kelvin Chan,4942331
2026-07-02T23:01:10.067017,2026-07-02T23:01:10.074326+00:00,116.5,22,ask,EarnestEspressos,Zihao Wu,4942373
2026-07-02T23:01:11.061029,2026-07-02T23:01:11.068982+00:00,116.9,46,ask,DiligentDonuts,CostlyCorianders,4942392
2026-07-02T23:01:11.159516,2026-07-02T23:01:11.167625+00:00,117.0,12,bid,Xuanyu Liu,EarnestEspressos,4942393
2026-07-02T23:01:11.725720,2026-07-02T23:01:11.737038+00:00,117.0,50,bid,FlawlessFlatbreads,EarnestEspressos,4942410
2026-07-02T23:01:12.620847,2026-07-02T23:01:12.629100+00:00,117.0,11,bid,Xuanyu Liu,EarnestEspressos,4942434
2026-07-02T23:01:13.237155,2026-07-02T23:01:13.247342+00:00,117.2,4,bid,CostlyCorianders,Kelvin Chan,4942456
2026-07-02T23:01:13.237155,2026-07-02T23:01:13.247342+00:00,117.4,37,bid,CostlyCorianders,EarnestEspressos,4942457
2026-07-02T23:01:13.835192,2026-07-02T23:01:13.845307+00:00,117.4,50,bid,FlawlessFlatbreads,EarnestEspressos,4942463
2026-07-02T23:01:15.672248,2026-07-02T23:01:15.758993+00:00,116.9,1,ask,Kelvin Chan,CostlyCorianders,4942490
2026-07-02T23:01:15.672248,2026-07-02T23:01:15.758993+00:00,116.9,40,ask,EarnestEspressos,CostlyCorianders,4942491
2026-07-02T23:01:15.945101,2026-07-02T23:01:15.937594+00:00,117.2,2,bid,FlawlessFlatbreads,Kelvin Chan,4942500
2026-07-02T23:01:15.945101,2026-07-02T23:01:15.937594+00:00,117.4,48,bid,FlawlessFlatbreads,DiligentDonuts,4942501
2026-07-02T23:01:16.463170,2026-07-02T23:01:16.471239+00:00,117.1,11,ask,DiligentDonuts,Xuanyu Liu,4942513
2026-07-02T23:01:18.071318,2026-07-02T23:01:18.079616+00:00,117.2,1,bid,FlawlessFlatbreads,Kelvin Chan,4942535
2026-07-02T23:01:18.071318,2026-07-02T23:01:18.079616+00:00,117.5,49,bid,FlawlessFlatbreads,EarnestEspressos,4942536
2026-07-02T23:01:19.098459,2026-07-02T23:01:19.107497+00:00,117.3,12,ask,EarnestEspressos,Xuanyu Liu,4942560
2026-07-02T23:01:19.110357,2026-07-02T23:01:19.123182+00:00,117.3,1,ask,EarnestEspressos,Kelvin Chan,4942564
2026-07-02T23:01:20.179936,2026-07-02T23:01:20.187018+00:00,117.6,50,bid,FlawlessFlatbreads,DiligentDonuts,4942595
2026-07-02T23:01:20.411427,2026-07-02T23:01:20.423050+00:00,117.6,49,bid,CostlyCorianders,DiligentDonuts,4942602
2026-07-02T23:01:20.944984,2026-07-02T23:01:20.956467+00:00,117.6,1,bid,CostlyCorianders,DiligentDonuts,4942615
2026-07-02T23:01:22.342083,2026-07-02T23:01:22.352541+00:00,117.5,50,ask,EarnestEspressos,FlawlessFlatbreads,4942647
2026-07-02T23:01:22.976833,2026-07-02T23:01:22.985369+00:00,117.6,14,ask,DiligentDonuts,Xuanyu Liu,4942672
2026-07-02T23:01:24.483594,2026-07-02T23:01:24.495264+00:00,117.6,48,ask,DiligentDonuts,CostlyCorianders,4942700
2026-07-02T23:01:26.089027,2026-07-02T23:01:26.099098+00:00,117.6,44,ask,DiligentDonuts,CostlyCorianders,4942718
2026-07-02T23:01:26.551372,2026-07-02T23:01:26.558575+00:00,117.6,50,ask,DiligentDonuts,FlawlessFlatbreads,4942721
2026-07-02T23:01:26.904416,2026-07-02T23:01:26.919994+00:00,117.8,3,bid,Xuanyu Liu,EarnestEspressos,4942728
2026-07-02T23:01:30.789588,2026-07-02T23:01:30.796145+00:00,117.5,50,ask,EarnestEspressos,FlawlessFlatbreads,4942814
2026-07-02T23:01:31.563959,2026-07-02T23:01:31.575562+00:00,117.8,45,bid,CostlyCorianders,DiligentDonuts,4942834
2026-07-02T23:01:32.072937,2026-07-02T23:01:32.081257+00:00,117.6,11,bid,Xuanyu Liu,EarnestEspressos,4942842
2026-07-02T23:01:32.610469,2026-07-02T23:01:32.621539+00:00,117.6,43,bid,CostlyCorianders,EarnestEspressos,4942854
2026-07-02T23:01:32.894794,2026-07-02T23:01:32.904896+00:00,117.3,5,ask,Kelvin Chan,FlawlessFlatbreads,4942862
2026-07-02T23:01:32.894794,2026-07-02T23:01:32.904896+00:00,117.3,45,ask,DiligentDonuts,FlawlessFlatbreads,4942863
2026-07-02T23:01:34.781404,2026-07-02T23:01:34.789501+00:00,117.6,12,bid,Xuanyu Liu,EarnestEspressos,4942902
2026-07-02T23:01:35.003301,2026-07-02T23:01:35.014914+00:00,117.6,50,ask,EarnestEspressos,FlawlessFlatbreads,4942905
2026-07-02T23:01:36.670084,2026-07-02T23:01:36.679256+00:00,117.6,1,ask,EarnestEspressos,Kelvin Chan,4942932
2026-07-02T23:01:37.061069,2026-07-02T23:01:37.063642+00:00,117.7,1,bid,FlawlessFlatbreads,Kelvin Chan,4942946
2026-07-02T23:01:37.061069,2026-07-02T23:01:37.068923+00:00,117.9,49,bid,FlawlessFlatbreads,DiligentDonuts,4942947
2026-07-02T23:01:39.219235,2026-07-02T23:01:39.230569+00:00,117.6,50,ask,DiligentDonuts,FlawlessFlatbreads,4943000
2026-07-02T23:01:41.326520,2026-07-02T23:01:41.336142+00:00,117.6,50,ask,DiligentDonuts,FlawlessFlatbreads,4943044
2026-07-02T23:01:41.643982,2026-07-02T23:01:41.655043+00:00,117.3,5,ask,Kelvin Chan,CostlyCorianders,4943054
2026-07-02T23:01:41.643982,2026-07-02T23:01:41.655043+00:00,117.3,42,ask,EarnestEspressos,CostlyCorianders,4943055
2026-07-02T23:01:43.382088,2026-07-02T23:01:43.393772+00:00,117.5,50,bid,FlawlessFlatbreads,DiligentDonuts,4943085
2026-07-02T23:01:43.976403,2026-07-02T23:01:43.986218+00:00,117.5,11,bid,Xuanyu Liu,DiligentDonuts,4943103
2026-07-02T23:01:45.489633,2026-07-02T23:01:45.501041+00:00,117.7,50,bid,FlawlessFlatbreads,EarnestEspressos,4943139
2026-07-02T23:01:46.551162,2026-07-02T23:01:46.553488+00:00,117.7,42,bid,CostlyCorianders,EarnestEspressos,4943167
2026-07-02T23:01:47.597153,2026-07-02T23:01:47.607939+00:00,117.9,50,bid,FlawlessFlatbreads,DiligentDonuts,4943192
2026-07-02T23:01:49.214342,2026-07-02T23:01:49.222432+00:00,117.6,11,ask,EarnestEspressos,Xuanyu Liu,4943238
2026-07-02T23:01:49.703449,2026-07-02T23:01:49.714718+00:00,118.0,50,bid,FlawlessFlatbreads,DiligentDonuts,4943248
2026-07-02T23:01:51.328497,2026-07-02T23:01:51.339808+00:00,117.7,49,ask,DiligentDonuts,CostlyCorianders,4943270
2026-07-02T23:01:51.862760,2026-07-02T23:01:51.868951+00:00,117.7,50,ask,DiligentDonuts,FlawlessFlatbreads,4943283
2026-07-02T23:01:53.191366,2026-07-02T23:01:53.203795+00:00,117.7,1,ask,DiligentDonuts,CostlyCorianders,4943305
2026-07-02T23:01:53.975177,2026-07-02T23:01:53.985844+00:00,117.6,50,ask,EarnestEspressos,FlawlessFlatbreads,4943325
2026-07-02T23:01:54.874007,2026-07-02T23:01:54.885551+00:00,118.0,48,bid,CostlyCorianders,DiligentDonuts,4943346
2026-07-02T23:01:56.029981,2026-07-02T23:01:56.043115+00:00,118.0,50,bid,FlawlessFlatbreads,DiligentDonuts,4943380
2026-07-02T23:01:57.184724,2026-07-02T23:01:57.196099+00:00,117.5,49,ask,DiligentDonuts,CostlyCorianders,4943398
2026-07-02T23:01:58.188856,2026-07-02T23:01:58.195469+00:00,117.4,50,ask,EarnestEspressos,FlawlessFlatbreads,4943415
2026-07-02T23:01:59.311217,2026-07-02T23:01:59.322904+00:00,117.9,49,bid,CostlyCorianders,EarnestEspressos,4943440
2026-07-02T23:02:00.299187,2026-07-02T23:02:00.308353+00:00,117.4,50,ask,DiligentDonuts,FlawlessFlatbreads,4943460
2026-07-02T23:02:00.884259,2026-07-02T23:02:00.895909+00:00,117.3,42,ask,DiligentDonuts,CostlyCorianders,4943478
2026-07-02T23:02:01.394741,2026-07-02T23:02:01.406334+00:00,117.7,44,bid,CostlyCorianders,EarnestEspressos,4943495
2026-07-02T23:02:01.867138,2026-07-02T23:02:01.878674+00:00,117.7,46,bid,CostlyCorianders,EarnestEspressos,4943505
2026-07-02T23:02:04.458292,2026-07-02T23:02:04.469048+00:00,117.7,50,bid,FlawlessFlatbreads,DiligentDonuts,4943562
2026-07-02T23:02:04.973248,2026-07-02T23:02:04.984379+00:00,117.6,12,ask,EarnestEspressos,Xuanyu Liu,4943575
2026-07-02T23:02:06.276670,2026-07-02T23:02:06.284773+00:00,117.7,35,bid,Xuanyu Liu,DiligentDonuts,4943616
2026-07-02T23:02:06.567793,2026-07-02T23:02:06.579329+00:00,117.7,15,bid,EarnestEspressos,DiligentDonuts,4943625
2026-07-02T23:02:06.567793,2026-07-02T23:02:06.579329+00:00,117.8,5,bid,EarnestEspressos,Kelvin Chan,4943626
2026-07-02T23:02:06.635459,2026-07-02T23:02:06.645436+00:00,117.9,10,ask,EarnestEspressos,Xuanyu Liu,4943627
2026-07-02T23:02:06.671299,2026-07-02T23:02:06.677493+00:00,117.9,5,ask,EarnestEspressos,Kelvin Chan,4943629
2026-07-02T23:02:06.678782,2026-07-02T23:02:06.687024+00:00,117.9,2,ask,EarnestEspressos,Xuanyu Liu,4943630
2026-07-02T23:02:07.585366,2026-07-02T23:02:07.593614+00:00,117.9,11,ask,EarnestEspressos,Xuanyu Liu,4943656
2026-07-02T23:02:07.933153,2026-07-02T23:02:07.941464+00:00,117.9,6,ask,EarnestEspressos,Xuanyu Liu,4943664
2026-07-02T23:02:08.387847,2026-07-02T23:02:08.396690+00:00,117.9,5,ask,EarnestEspressos,Xuanyu Liu,4943677
2026-07-02T23:02:08.668648,2026-07-02T23:02:08.680114+00:00,118.4,50,bid,FlawlessFlatbreads,EarnestEspressos,4943685
2026-07-02T23:02:08.942461,2026-07-02T23:02:08.982886+00:00,117.9,12,ask,EarnestEspressos,Xuanyu Liu,4943691
2026-07-02T23:02:09.944112,2026-07-02T23:02:09.952740+00:00,117.9,6,ask,DiligentDonuts,Kelvin Chan,4943713
2026-07-02T23:02:10.071966,2026-07-02T23:02:10.083362+00:00,117.9,47,ask,DiligentDonuts,CostlyCorianders,4943714
2026-07-02T23:02:10.787578,2026-07-02T23:02:10.794189+00:00,117.9,50,bid,FlawlessFlatbreads,DiligentDonuts,4943723
2026-07-02T23:02:12.894353,2026-07-02T23:02:12.905565+00:00,117.9,50,bid,FlawlessFlatbreads,DiligentDonuts,4943781
2026-07-02T23:02:13.441337,2026-07-02T23:02:13.448496+00:00,117.5,47,ask,DiligentDonuts,CostlyCorianders,4943792
2026-07-02T23:02:15.002180,2026-07-02T23:02:15.011820+00:00,117.8,50,bid,FlawlessFlatbreads,EarnestEspressos,4943818
2026-07-02T23:02:16.702359,2026-07-02T23:02:16.713950+00:00,117.5,42,ask,EarnestEspressos,CostlyCorianders,4943850
2026-07-02T23:02:18.688041,2026-07-02T23:02:18.696447+00:00,117.9,4,bid,CostlyCorianders,Kelvin Chan,4943883
2026-07-02T23:02:18.688041,2026-07-02T23:02:18.696447+00:00,117.9,42,bid,CostlyCorianders,DiligentDonuts,4943884
2026-07-02T23:02:19.153996,2026-07-02T23:02:19.165722+00:00,117.6,1,ask,Kelvin Chan,CostlyCorianders,4943893
2026-07-02T23:02:19.153996,2026-07-02T23:02:19.165722+00:00,117.5,43,ask,EarnestEspressos,CostlyCorianders,4943894
2026-07-02T23:02:20.194195,2026-07-02T23:02:20.202914+00:00,117.8,41,bid,CostlyCorianders,EarnestEspressos,4943926
2026-07-02T23:02:20.691251,2026-07-02T23:02:20.701690+00:00,117.8,11,bid,Xuanyu Liu,EarnestEspressos,4943936
2026-07-02T23:02:21.327308,2026-07-02T23:02:21.338747+00:00,117.8,50,bid,FlawlessFlatbreads,EarnestEspressos,4943957
2026-07-02T23:02:22.386308,2026-07-02T23:02:22.394580+00:00,117.9,1,bid,EarnestEspressos,Kelvin Chan,4943972
2026-07-02T23:02:23.488376,2026-07-02T23:02:23.496100+00:00,117.9,50,ask,EarnestEspressos,FlawlessFlatbreads,4943998
2026-07-02T23:02:23.910888,2026-07-02T23:02:23.922625+00:00,118.3,48,bid,CostlyCorianders,DiligentDonuts,4944014
2026-07-02T23:02:24.372361,2026-07-02T23:02:24.381690+00:00,117.9,48,ask,EarnestEspressos,CostlyCorianders,4944023
2026-07-02T23:02:25.004591,2026-07-02T23:02:25.015866+00:00,118.3,48,bid,CostlyCorianders,DiligentDonuts,4944033
2026-07-02T23:02:25.058045,2026-07-02T23:02:25.069629+00:00,117.9,47,ask,EarnestEspressos,CostlyCorianders,4944034
2026-07-02T23:02:25.595624,2026-07-02T23:02:25.606936+00:00,117.8,50,ask,DiligentDonuts,EarnestEspressos,4944047
2026-07-02T23:02:25.602042,2026-07-02T23:02:25.612363+00:00,117.8,50,ask,DiligentDonuts,FlawlessFlatbreads,4944048
2026-07-02T23:02:25.683928,2026-07-02T23:02:25.695514+00:00,117.8,49,bid,CostlyCorianders,EarnestEspressos,4944051
2026-07-02T23:02:25.942511,2026-07-02T23:02:25.951326+00:00,117.8,12,bid,Xuanyu Liu,EarnestEspressos,4944058
2026-07-02T23:02:26.038212,2026-07-02T23:02:26.046712+00:00,117.8,39,bid,DiligentDonuts,EarnestEspressos,4944063
2026-07-02T23:02:27.706430,2026-07-02T23:02:27.716355+00:00,118.0,50,ask,DiligentDonuts,FlawlessFlatbreads,4944105
2026-07-02T23:02:27.745446,2026-07-02T23:02:27.758730+00:00,118.0,11,ask,DiligentDonuts,Xuanyu Liu,4944106
2026-07-02T23:02:27.787820,2026-07-02T23:02:27.795706+00:00,118.5,22,bid,Zihao Wu,DiligentDonuts,4944111
2026-07-02T23:02:28.722691,2026-07-02T23:02:28.733276+00:00,118.0,1,ask,EarnestEspressos,Xuanyu Liu,4944141
2026-07-02T23:02:28.788756,2026-07-02T23:02:28.799351+00:00,118.0,22,ask,EarnestEspressos,Zihao Wu,4944148
2026-07-02T23:02:28.851061,2026-07-02T23:02:28.857413+00:00,118.0,45,ask,EarnestEspressos,CostlyCorianders,4944150
2026-07-02T23:02:29.815022,2026-07-02T23:02:29.826176+00:00,118.0,50,ask,EarnestEspressos,FlawlessFlatbreads,4944168
2026-07-02T23:02:31.929138,2026-07-02T23:02:31.939577+00:00,117.8,2,ask,Kelvin Chan,FlawlessFlatbreads,4944221
2026-07-02T23:02:31.929138,2026-07-02T23:02:31.939577+00:00,117.7,48,ask,EarnestEspressos,FlawlessFlatbreads,4944222
2026-07-02T23:02:32.600321,2026-07-02T23:02:32.607031+00:00,118.1,4,bid,CostlyCorianders,Kelvin Chan,4944238
2026-07-02T23:02:32.600321,2026-07-02T23:02:32.612224+00:00,118.2,43,bid,CostlyCorianders,EarnestEspressos,4944239
2026-07-02T23:02:33.985158,2026-07-02T23:02:33.996525+00:00,118.2,50,bid,FlawlessFlatbreads,EarnestEspressos,4944276
2026-07-02T23:02:36.093436,2026-07-02T23:02:36.105213+00:00,118.0,50,bid,FlawlessFlatbreads,DiligentDonuts,4944324
2026-07-02T23:02:37.431533,2026-07-02T23:02:37.439851+00:00,117.8,11,ask,EarnestEspressos,Xuanyu Liu,4944352
2026-07-02T23:02:38.230932,2026-07-02T23:02:38.242321+00:00,118.0,50,bid,FlawlessFlatbreads,DiligentDonuts,4944362
2026-07-02T23:02:40.390315,2026-07-02T23:02:40.401085+00:00,117.7,50,ask,DiligentDonuts,FlawlessFlatbreads,4944403
2026-07-02T23:02:40.564104,2026-07-02T23:02:40.575379+00:00,117.7,47,ask,DiligentDonuts,CostlyCorianders,4944408
2026-07-02T23:02:41.181744,2026-07-02T23:02:41.193699+00:00,117.7,3,ask,DiligentDonuts,CostlyCorianders,4944414
2026-07-02T23:02:41.181744,2026-07-02T23:02:41.193699+00:00,117.4,41,ask,EarnestEspressos,CostlyCorianders,4944415
2026-07-02T23:02:41.402427,2026-07-02T23:02:41.409209+00:00,118.1,7,bid,Zihao Wu,Kelvin Chan,4944420
2026-07-02T23:02:41.636071,2026-07-02T23:02:41.653058+00:00,117.6,11,bid,Xuanyu Liu,EarnestEspressos,4944425
2026-07-02T23:02:41.685130,2026-07-02T23:02:41.694197+00:00,117.6,1,bid,Xuanyu Liu,EarnestEspressos,4944428
2026-07-02T23:02:41.726117,2026-07-02T23:02:41.734398+00:00,117.6,1,bid,Xuanyu Liu,EarnestEspressos,4944430
2026-07-02T23:02:41.769352,2026-07-02T23:02:41.778605+00:00,117.6,1,bid,Xuanyu Liu,EarnestEspressos,4944432
2026-07-02T23:02:41.806913,2026-07-02T23:02:41.813660+00:00,117.1,22,ask,EarnestEspressos,Zihao Wu,4944435
2026-07-02T23:02:42.236083,2026-07-02T23:02:42.244553+00:00,117.6,9,bid,Xuanyu Liu,EarnestEspressos,4944448
2026-07-02T23:02:42.890776,2026-07-02T23:02:42.902202+00:00,117.6,2,bid,Kelvin Chan,EarnestEspressos,4944460
2026-07-02T23:02:43.125747,2026-07-02T23:02:43.137270+00:00,117.6,2,bid,Kelvin Chan,EarnestEspressos,4944463
2026-07-02T23:02:44.302336,2026-07-02T23:02:44.310384+00:00,117.6,11,bid,Xuanyu Liu,EarnestEspressos,4944494
2026-07-02T23:02:44.601242,2026-07-02T23:02:44.610494+00:00,117.5,50,ask,EarnestEspressos,FlawlessFlatbreads,4944505
2026-07-02T23:02:46.710457,2026-07-02T23:02:46.721384+00:00,117.6,50,ask,DiligentDonuts,FlawlessFlatbreads,4944549
2026-07-02T23:02:48.817333,2026-07-02T23:02:48.826376+00:00,117.3,50,ask,DiligentDonuts,FlawlessFlatbreads,4944593
2026-07-02T23:02:49.384434,2026-07-02T23:02:49.395802+00:00,117.7,42,bid,CostlyCorianders,EarnestEspressos,4944613
2026-07-02T23:02:50.841528,2026-07-02T23:02:50.858603+00:00,117.8,46,bid,CostlyCorianders,DiligentDonuts,4944638
2026-07-02T23:02:50.926457,2026-07-02T23:02:50.934308+00:00,117.4,50,ask,EarnestEspressos,FlawlessFlatbreads,4944641
2026-07-02T23:02:51.362257,2026-07-02T23:02:51.377124+00:00,117.9,46,bid,CostlyCorianders,EarnestEspressos,4944656
2026-07-02T23:02:53.032238,2026-07-02T23:02:53.043556+00:00,117.5,3,ask,Kelvin Chan,FlawlessFlatbreads,4944687
2026-07-02T23:02:55.137874,2026-07-02T23:02:55.149300+00:00,117.5,3,ask,Kelvin Chan,FlawlessFlatbreads,4944738
2026-07-02T23:02:55.137874,2026-07-02T23:02:55.149300+00:00,117.4,47,ask,EarnestEspressos,FlawlessFlatbreads,4944739
2026-07-02T23:02:57.245951,2026-07-02T23:02:57.257157+00:00,117.3,50,ask,DiligentDonuts,FlawlessFlatbreads,4944769
2026-07-02T23:03:00.537961,2026-07-02T23:03:00.549417+00:00,117.2,17,ask,Kelvin Chan,CostlyCorianders,4944822
2026-07-02T23:03:00.537961,2026-07-02T23:03:00.549417+00:00,117.2,30,ask,EarnestEspressos,CostlyCorianders,4944823
2026-07-02T23:03:01.072632,2026-07-02T23:03:01.084263+00:00,117.5,8,bid,CostlyCorianders,Kelvin Chan,4944839
2026-07-02T23:03:01.072632,2026-07-02T23:03:01.084263+00:00,117.6,39,bid,CostlyCorianders,DiligentDonuts,4944840
2026-07-02T23:03:01.455806,2026-07-02T23:03:01.467376+00:00,117.2,50,ask,EarnestEspressos,FlawlessFlatbreads,4944847
2026-07-02T23:03:02.676847,2026-07-02T23:03:02.688430+00:00,117.2,48,ask,EarnestEspressos,CostlyCorianders,4944864
2026-07-02T23:03:03.544615,2026-07-02T23:03:03.558553+00:00,117.1,100,ask,DiligentDonuts,EarnestEspressos,4944878
2026-07-02T23:03:03.559623,2026-07-02T23:03:03.570915+00:00,117.1,7,bid,Xuanyu Liu,EarnestEspressos,4944879
2026-07-02T23:03:03.564339,2026-07-02T23:03:03.570915+00:00,116.6,50,ask,EarnestEspressos,FlawlessFlatbreads,4944880
2026-07-02T23:03:03.571832,2026-07-02T23:03:03.579935+00:00,117.1,27,bid,Xuanyu Liu,EarnestEspressos,4944882
2026-07-02T23:03:03.626656,2026-07-02T23:03:03.633742+00:00,117.1,16,bid,Zihao Wu,EarnestEspressos,4944885
2026-07-02T23:03:05.670052,2026-07-02T23:03:05.681386+00:00,116.9,50,ask,DiligentDonuts,FlawlessFlatbreads,4944929
2026-07-02T23:03:07.434025,2026-07-02T23:03:07.443347+00:00,117.2,22,bid,Zihao Wu,DiligentDonuts,4944958
2026-07-02T23:03:08.918782,2026-07-02T23:03:08.927147+00:00,117.2,41,bid,CostlyCorianders,DiligentDonuts,4944999
2026-07-02T23:03:09.455556,2026-07-02T23:03:09.463807+00:00,117.2,37,bid,CostlyCorianders,DiligentDonuts,4945006
2026-07-02T23:03:09.831422,2026-07-02T23:03:09.841942+00:00,117.4,5,bid,FlawlessFlatbreads,Kelvin Chan,4945012
2026-07-02T23:03:09.833695,2026-07-02T23:03:09.841942+00:00,116.9,22,ask,EarnestEspressos,Zihao Wu,4945013
2026-07-02T23:03:11.581598,2026-07-02T23:03:11.588726+00:00,117.0,48,ask,DiligentDonuts,CostlyCorianders,4945048
2026-07-02T23:03:11.936416,2026-07-02T23:03:11.943040+00:00,117.4,50,bid,FlawlessFlatbreads,EarnestEspressos,4945060
2026-07-02T23:03:13.170135,2026-07-02T23:03:13.178453+00:00,117.0,11,ask,DiligentDonuts,Xuanyu Liu,4945087
2026-07-02T23:03:13.589347,2026-07-02T23:03:13.598966+00:00,117.0,100,ask,EarnestEspressos,DiligentDonuts,4945095
2026-07-02T23:03:14.042158,2026-07-02T23:03:14.058575+00:00,117.4,6,bid,FlawlessFlatbreads,Kelvin Chan,4945102
2026-07-02T23:03:14.042158,2026-07-02T23:03:14.058575+00:00,117.5,44,bid,FlawlessFlatbreads,EarnestEspressos,4945103
2026-07-02T23:03:15.791804,2026-07-02T23:03:15.801833+00:00,117.0,23,ask,EarnestEspressos,Xuanyu Liu,4945149
2026-07-02T23:03:16.151567,2026-07-02T23:03:16.164716+00:00,117.4,6,bid,FlawlessFlatbreads,Kelvin Chan,4945155
2026-07-02T23:03:16.202852,2026-07-02T23:03:16.211172+00:00,116.7,12,bid,Xuanyu Liu,EarnestEspressos,4945157
2026-07-02T23:03:17.390974,2026-07-02T23:03:17.399669+00:00,116.7,11,bid,Xuanyu Liu,EarnestEspressos,4945180
2026-07-02T23:03:17.443630,2026-07-02T23:03:17.453447+00:00,116.7,22,bid,Zihao Wu,EarnestEspressos,4945183
2026-07-02T23:03:17.629039,2026-07-02T23:03:17.637351+00:00,116.7,2,bid,Xuanyu Liu,EarnestEspressos,4945185
2026-07-02T23:03:17.739267,2026-07-02T23:03:17.748356+00:00,116.7,1,bid,Xuanyu Liu,EarnestEspressos,4945189
2026-07-02T23:03:17.970630,2026-07-02T23:03:17.980764+00:00,116.7,1,bid,Xuanyu Liu,EarnestEspressos,4945193
2026-07-02T23:03:18.168415,2026-07-02T23:03:18.180054+00:00,116.6,48,ask,DiligentDonuts,CostlyCorianders,4945197
2026-07-02T23:03:18.257707,2026-07-02T23:03:18.269201+00:00,116.7,50,bid,FlawlessFlatbreads,EarnestEspressos,4945199
2026-07-02T23:03:21.316803,2026-07-02T23:03:21.328192+00:00,116.9,43,bid,CostlyCorianders,DiligentDonuts,4945259
2026-07-02T23:03:21.844896,2026-07-02T23:03:21.858548+00:00,116.6,49,ask,EarnestEspressos,CostlyCorianders,4945282
2026-07-02T23:03:22.446239,2026-07-02T23:03:22.458609+00:00,116.4,22,ask,DiligentDonuts,Zihao Wu,4945297
2026-07-02T23:03:27.568500,2026-07-02T23:03:27.576768+00:00,117.0,7,bid,Xuanyu Liu,EarnestEspressos,4945380
2026-07-02T23:03:27.666280,2026-07-02T23:03:27.673439+00:00,117.0,22,bid,Zihao Wu,EarnestEspressos,4945385
2026-07-02T23:03:29.174869,2026-07-02T23:03:29.186589+00:00,117.1,6,bid,CostlyCorianders,Kelvin Chan,4945421
2026-07-02T23:03:29.174869,2026-07-02T23:03:29.186589+00:00,117.1,43,bid,CostlyCorianders,DiligentDonuts,4945422
2026-07-02T23:03:30.665119,2026-07-02T23:03:30.674663+00:00,117.0,11,ask,EarnestEspressos,Xuanyu Liu,4945452
2026-07-02T23:03:30.673530,2026-07-02T23:03:30.689952+00:00,117.0,42,ask,EarnestEspressos,CostlyCorianders,4945454
2026-07-02T23:03:30.916943,2026-07-02T23:03:30.928135+00:00,117.5,50,bid,FlawlessFlatbreads,EarnestEspressos,4945460
2026-07-02T23:03:31.149772,2026-07-02T23:03:31.155997+00:00,117.0,41,ask,EarnestEspressos,CostlyCorianders,4945466
2026-07-02T23:03:33.022368,2026-07-02T23:03:33.033692+00:00,117.2,50,bid,FlawlessFlatbreads,EarnestEspressos,4945515
2026-07-02T23:03:34.795208,2026-07-02T23:03:34.806856+00:00,117.2,46,bid,CostlyCorianders,EarnestEspressos,4945560
2026-07-02T23:03:35.447671,2026-07-02T23:03:35.460619+00:00,117.5,44,bid,CostlyCorianders,DiligentDonuts,4945575
2026-07-02T23:03:35.451958,2026-07-02T23:03:35.460619+00:00,117.0,11,ask,DiligentDonuts,Xuanyu Liu,4945576
2026-07-02T23:03:35.463278,2026-07-02T23:03:35.475829+00:00,117.0,22,ask,DiligentDonuts,Zihao Wu,4945579
2026-07-02T23:03:37.310301,2026-07-02T23:03:37.318933+00:00,117.0,50,ask,EarnestEspressos,FlawlessFlatbreads,4945621
2026-07-02T23:03:38.054744,2026-07-02T23:03:38.056557+00:00,117.0,43,ask,EarnestEspressos,CostlyCorianders,4945635
2026-07-02T23:03:38.538415,2026-07-02T23:03:38.546629+00:00,116.9,3,ask,Kelvin Chan,CostlyCorianders,4945639
2026-07-02T23:03:38.538415,2026-07-02T23:03:38.546629+00:00,116.8,42,ask,DiligentDonuts,CostlyCorianders,4945640
2026-07-02T23:03:41.510165,2026-07-02T23:03:41.521409+00:00,116.9,1,ask,Kelvin Chan,EarnestEspressos,4945699
2026-07-02T23:03:41.522083,2026-07-02T23:03:41.533307+00:00,116.8,50,ask,DiligentDonuts,FlawlessFlatbreads,4945700
2026-07-02T23:03:42.340535,2026-07-02T23:03:42.351935+00:00,116.9,49,bid,CostlyCorianders,EarnestEspressos,4945713
2026-07-02T23:03:45.206621,2026-07-02T23:03:45.217954+00:00,116.5,48,ask,EarnestEspressos,CostlyCorianders,4945779
2026-07-02T23:03:45.738122,2026-07-02T23:03:45.749413+00:00,116.5,50,ask,EarnestEspressos,FlawlessFlatbreads,4945791
2026-07-02T23:03:47.178155,2026-07-02T23:03:47.189382+00:00,116.8,49,bid,CostlyCorianders,DiligentDonuts,4945829
2026-07-02T23:03:47.793852,2026-07-02T23:03:47.805198+00:00,116.8,50,bid,FlawlessFlatbreads,DiligentDonuts,4945842
2026-07-02T23:03:47.848981,2026-07-02T23:03:47.858179+00:00,116.7,11,bid,Xuanyu Liu,EarnestEspressos,4945843
2026-07-02T23:03:47.874328,2026-07-02T23:03:47.881486+00:00,116.7,22,bid,Zihao Wu,EarnestEspressos,4945846
2026-07-02T23:03:48.410208,2026-07-02T23:03:48.417787+00:00,116.7,100,bid,DiligentDonuts,EarnestEspressos,4945854
2026-07-02T23:03:48.676022,2026-07-02T23:03:48.687477+00:00,116.2,22,ask,EarnestEspressos,Zihao Wu,4945858
2026-07-02T23:03:48.748983,2026-07-02T23:03:48.755434+00:00,116.7,17,bid,CostlyCorianders,EarnestEspressos,4945859
2026-07-02T23:03:48.748983,2026-07-02T23:03:48.755434+00:00,117.2,27,bid,CostlyCorianders,DiligentDonuts,4945860
2026-07-02T23:03:49.898996,2026-07-02T23:03:49.909047+00:00,117.0,5,bid,FlawlessFlatbreads,Kelvin Chan,4945887
2026-07-02T23:03:49.898996,2026-07-02T23:03:49.909047+00:00,117.2,45,bid,FlawlessFlatbreads,DiligentDonuts,4945888
2026-07-02T23:03:50.353039,2026-07-02T23:03:50.363940+00:00,116.2,49,ask,EarnestEspressos,CostlyCorianders,4945903
2026-07-02T23:03:51.972993,2026-07-02T23:03:51.984341+00:00,116.5,46,ask,DiligentDonuts,CostlyCorianders,4945933
2026-07-02T23:03:52.006273,2026-07-02T23:03:52.012983+00:00,116.9,50,bid,FlawlessFlatbreads,EarnestEspressos,4945934
2026-07-02T23:03:54.113043,2026-07-02T23:03:54.120364+00:00,117.0,5,bid,FlawlessFlatbreads,Kelvin Chan,4945985
2026-07-02T23:03:54.113043,2026-07-02T23:03:54.125502+00:00,117.0,45,bid,FlawlessFlatbreads,DiligentDonuts,4945986
2026-07-02T23:03:55.613915,2026-07-02T23:03:55.625478+00:00,117.1,44,bid,CostlyCorianders,DiligentDonuts,4946010
2026-07-02T23:03:56.138143,2026-07-02T23:03:56.147062+00:00,116.7,41,ask,EarnestEspressos,CostlyCorianders,4946020
2026-07-02T23:03:56.218722,2026-07-02T23:03:56.230068+00:00,117.1,50,bid,FlawlessFlatbreads,DiligentDonuts,4946021
2026-07-02T23:03:57.903115,2026-07-02T23:03:57.912143+00:00,116.9,11,ask,DiligentDonuts,Xuanyu Liu,4946062
2026-07-02T23:03:58.326803,2026-07-02T23:03:58.338147+00:00,117.1,50,bid,FlawlessFlatbreads,EarnestEspressos,4946069
2026-07-02T23:03:58.513516,2026-07-02T23:03:58.524301+00:00,117.1,44,bid,CostlyCorianders,EarnestEspressos,4946075
2026-07-02T23:03:58.572876,2026-07-02T23:03:58.583320+00:00,116.9,12,ask,DiligentDonuts,Xuanyu Liu,4946083
2026-07-02T23:04:01.716944,2026-07-02T23:04:01.728058+00:00,117.4,41,bid,CostlyCorianders,EarnestEspressos,4946141
2026-07-02T23:04:04.581556,2026-07-02T23:04:04.591330+00:00,117.0,11,ask,EarnestEspressos,Xuanyu Liu,4946198
2026-07-02T23:04:05.593858,2026-07-02T23:04:05.601939+00:00,117.0,23,ask,EarnestEspressos,Xuanyu Liu,4946214
2026-07-02T23:04:06.758344,2026-07-02T23:04:06.769977+00:00,117.2,3,bid,FlawlessFlatbreads,Kelvin Chan,4946227
2026-07-02T23:04:06.758344,2026-07-02T23:04:06.769977+00:00,117.3,47,bid,FlawlessFlatbreads,DiligentDonuts,4946228
2026-07-02T23:04:10.972984,2026-07-02T23:04:10.983521+00:00,117.2,3,bid,FlawlessFlatbreads,Kelvin Chan,4946328
2026-07-02T23:04:10.972984,2026-07-02T23:04:10.983521+00:00,117.2,47,bid,FlawlessFlatbreads,EarnestEspressos,4946329
2026-07-02T23:04:14.037554,2026-07-02T23:04:14.043886+00:00,116.8,1,ask,Kelvin Chan,CostlyCorianders,4946386
2026-07-02T23:04:14.037554,2026-07-02T23:04:14.043886+00:00,116.8,46,ask,EarnestEspressos,CostlyCorianders,4946387
2026-07-02T23:04:15.234507,2026-07-02T23:04:15.242751+00:00,116.8,50,ask,EarnestEspressos,FlawlessFlatbreads,4946426
2026-07-02T23:04:17.089278,2026-07-02T23:04:17.100707+00:00,117.0,49,bid,CostlyCorianders,EarnestEspressos,4946453
2026-07-02T23:04:17.289011,2026-07-02T23:04:17.298503+00:00,117.0,50,bid,FlawlessFlatbreads,EarnestEspressos,4946454
2026-07-02T23:04:17.988033,2026-07-02T23:04:17.995743+00:00,117.0,11,bid,Xuanyu Liu,EarnestEspressos,4946473
2026-07-02T23:04:19.394716,2026-07-02T23:04:19.406303+00:00,117.2,2,bid,FlawlessFlatbreads,Kelvin Chan,4946499
2026-07-02T23:04:19.394716,2026-07-02T23:04:19.406303+00:00,117.2,48,bid,FlawlessFlatbreads,DiligentDonuts,4946500
2026-07-02T23:04:19.440129,2026-07-02T23:04:19.447510+00:00,117.1,4,ask,EarnestEspressos,Kelvin Chan,4946503
2026-07-02T23:04:21.033169,2026-07-02T23:04:21.040587+00:00,117.1,3,ask,EarnestEspressos,Kelvin Chan,4946542
2026-07-02T23:04:21.509459,2026-07-02T23:04:21.529137+00:00,117.2,3,bid,FlawlessFlatbreads,Kelvin Chan,4946553
2026-07-02T23:04:21.509459,2026-07-02T23:04:21.529137+00:00,117.5,47,bid,FlawlessFlatbreads,DiligentDonuts,4946554
2026-07-02T23:04:21.879401,2026-07-02T23:04:21.886399+00:00,117.1,49,ask,EarnestEspressos,CostlyCorianders,4946568
2026-07-02T23:04:23.240752,2026-07-02T23:04:23.250364+00:00,117.2,4,bid,DiligentDonuts,Kelvin Chan,4946598
2026-07-02T23:04:23.305089,2026-07-02T23:04:23.315596+00:00,117.2,4,ask,DiligentDonuts,Kelvin Chan,4946599
2026-07-02T23:04:23.350352,2026-07-02T23:04:23.352453+00:00,117.2,4,ask,DiligentDonuts,Kelvin Chan,4946600
2026-07-02T23:04:23.621902,2026-07-02T23:04:23.633396+00:00,117.3,50,bid,FlawlessFlatbreads,EarnestEspressos,4946606
2026-07-02T23:04:23.977920,2026-07-02T23:04:23.987106+00:00,117.2,11,ask,DiligentDonuts,Xuanyu Liu,4946613
2026-07-02T23:04:24.831909,2026-07-02T23:04:24.843568+00:00,117.2,40,ask,DiligentDonuts,CostlyCorianders,4946629
2026-07-02T23:04:25.749247,2026-07-02T23:04:25.758553+00:00,117.3,1,bid,FlawlessFlatbreads,Kelvin Chan,4946648
2026-07-02T23:04:25.749247,2026-07-02T23:04:25.758553+00:00,117.7,49,bid,FlawlessFlatbreads,DiligentDonuts,4946649
2026-07-02T23:04:27.859119,2026-07-02T23:04:27.870448+00:00,117.3,1,bid,FlawlessFlatbreads,Kelvin Chan,4946692
2026-07-02T23:04:27.859119,2026-07-02T23:04:27.870448+00:00,117.5,49,bid,FlawlessFlatbreads,EarnestEspressos,4946693
2026-07-02T23:04:27.904201,2026-07-02T23:04:27.911175+00:00,117.3,1,bid,CostlyCorianders,Kelvin Chan,4946695
2026-07-02T23:04:27.904201,2026-07-02T23:04:27.916170+00:00,117.5,46,bid,CostlyCorianders,EarnestEspressos,4946696
2026-07-02T23:04:28.533403,2026-07-02T23:04:28.544968+00:00,117.1,42,ask,DiligentDonuts,CostlyCorianders,4946711
2026-07-02T23:04:28.919420,2026-07-02T23:04:28.938804+00:00,117.3,1,bid,EarnestEspressos,Kelvin Chan,4946723
2026-07-02T23:04:28.930755,2026-07-02T23:04:28.938804+00:00,117.4,3,ask,EarnestEspressos,Xuanyu Liu,4946726
2026-07-02T23:04:29.118784,2026-07-02T23:04:29.125938+00:00,117.4,22,ask,EarnestEspressos,Zihao Wu,4946729
2026-07-02T23:04:29.124323,2026-07-02T23:04:29.131471+00:00,117.6,43,bid,CostlyCorianders,DiligentDonuts,4946731
2026-07-02T23:04:29.196505,2026-07-02T23:04:29.205586+00:00,117.4,4,ask,EarnestEspressos,Kelvin Chan,4946733
2026-07-02T23:04:30.020866,2026-07-02T23:04:30.032475+00:00,117.4,50,ask,EarnestEspressos,FlawlessFlatbreads,4946752
2026-07-02T23:04:30.090218,2026-07-02T23:04:30.099246+00:00,117.4,5,ask,EarnestEspressos,Kelvin Chan,4946754
2026-07-02T23:04:30.669386,2026-07-02T23:04:30.677940+00:00,117.4,4,ask,EarnestEspressos,Kelvin Chan,4946757
2026-07-02T23:04:30.729133,2026-07-02T23:04:30.738597+00:00,117.4,42,ask,EarnestEspressos,CostlyCorianders,4946759
2026-07-02T23:04:31.027167,2026-07-02T23:04:31.033433+00:00,117.4,4,ask,EarnestEspressos,Kelvin Chan,4946764
2026-07-02T23:04:31.291570,2026-07-02T23:04:31.300915+00:00,117.4,4,ask,EarnestEspressos,Kelvin Chan,4946767
2026-07-02T23:04:32.076895,2026-07-02T23:04:32.086629+00:00,117.6,50,bid,FlawlessFlatbreads,DiligentDonuts,4946795
2026-07-02T23:04:33.150698,2026-07-02T23:04:33.156017+00:00,117.4,49,bid,CostlyCorianders,EarnestEspressos,4946828
2026-07-02T23:04:34.183003,2026-07-02T23:04:34.192527+00:00,117.4,50,bid,FlawlessFlatbreads,EarnestEspressos,4946853
2026-07-02T23:04:35.329006,2026-07-02T23:04:35.338352+00:00,117.8,22,bid,Zihao Wu,DiligentDonuts,4946878
2026-07-02T23:04:35.886485,2026-07-02T23:04:35.897168+00:00,117.3,40,ask,EarnestEspressos,CostlyCorianders,4946899
2026-07-02T23:04:36.292960,2026-07-02T23:04:36.302219+00:00,117.7,50,bid,FlawlessFlatbreads,DiligentDonuts,4946910
2026-07-02T23:04:38.004431,2026-07-02T23:04:38.016067+00:00,117.3,48,ask,EarnestEspressos,CostlyCorianders,4946936
2026-07-02T23:04:39.069102,2026-07-02T23:04:39.085707+00:00,117.3,100,bid,DiligentDonuts,EarnestEspressos,4946954
2026-07-02T23:04:39.143768,2026-07-02T23:04:39.155023+00:00,117.3,45,bid,CostlyCorianders,EarnestEspressos,4946957
2026-07-02T23:04:39.766960,2026-07-02T23:04:39.778540+00:00,117.2,1,ask,Kelvin Chan,CostlyCorianders,4946963
2026-07-02T23:04:39.766960,2026-07-02T23:04:39.778540+00:00,116.8,46,ask,EarnestEspressos,CostlyCorianders,4946964
2026-07-02T23:04:40.519410,2026-07-02T23:04:40.527088+00:00,117.3,5,bid,FlawlessFlatbreads,EarnestEspressos,4946976
2026-07-02T23:04:42.244968,2026-07-02T23:04:42.253720+00:00,117.6,3,bid,CostlyCorianders,Kelvin Chan,4946998
2026-07-02T23:04:42.244968,2026-07-02T23:04:42.253720+00:00,118.0,43,bid,CostlyCorianders,EarnestEspressos,4946999
2026-07-02T23:04:42.331893,2026-07-02T23:04:42.341753+00:00,117.5,3,ask,EarnestEspressos,Xuanyu Liu,4947002
2026-07-02T23:04:42.334821,2026-07-02T23:04:42.341753+00:00,117.5,22,ask,EarnestEspressos,Zihao Wu,4947003
2026-07-02T23:04:44.327650,2026-07-02T23:04:44.339386+00:00,117.5,47,ask,EarnestEspressos,CostlyCorianders,4947046
2026-07-02T23:04:44.779625,2026-07-02T23:04:44.791017+00:00,117.3,1,ask,Kelvin Chan,FlawlessFlatbreads,4947059
2026-07-02T23:04:44.779625,2026-07-02T23:04:44.791017+00:00,117.3,49,ask,DiligentDonuts,FlawlessFlatbreads,4947060
2026-07-02T23:04:45.136438,2026-07-02T23:04:45.149172+00:00,117.8,22,bid,Zihao Wu,DiligentDonuts,4947068
2026-07-02T23:04:46.236948,2026-07-02T23:04:46.243622+00:00,117.7,40,bid,CostlyCorianders,DiligentDonuts,4947096
2026-07-02T23:04:46.888203,2026-07-02T23:04:46.899686+00:00,117.3,50,ask,EarnestEspressos,FlawlessFlatbreads,4947109
2026-07-02T23:04:47.728085,2026-07-02T23:04:47.739597+00:00,117.7,41,bid,CostlyCorianders,DiligentDonuts,4947130
2026-07-02T23:04:48.235143,2026-07-02T23:04:48.246872+00:00,117.2,47,ask,DiligentDonuts,CostlyCorianders,4947137
2026-07-02T23:04:48.941777,2026-07-02T23:04:48.952866+00:00,117.4,3,ask,Kelvin Chan,Zihao Wu,4947144
2026-07-02T23:04:48.996158,2026-07-02T23:04:49.003398+00:00,117.4,3,ask,Kelvin Chan,FlawlessFlatbreads,4947145
2026-07-02T23:04:49.864652,2026-07-02T23:04:49.874533+00:00,117.5,44,bid,CostlyCorianders,EarnestEspressos,4947169
2026-07-02T23:04:49.918376,2026-07-02T23:04:49.929721+00:00,117.4,3,ask,Kelvin Chan,CostlyCorianders,4947170
2026-07-02T23:04:49.918376,2026-07-02T23:04:49.929721+00:00,117.2,45,ask,DiligentDonuts,CostlyCorianders,4947171
2026-07-02T23:04:51.102235,2026-07-02T23:04:51.113648+00:00,117.2,50,ask,DiligentDonuts,FlawlessFlatbreads,4947196
2026-07-02T23:04:51.913106,2026-07-02T23:04:51.924965+00:00,117.3,3,bid,Xuanyu Liu,DiligentDonuts,4947218
2026-07-02T23:04:52.308576,2026-07-02T23:04:52.319921+00:00,117.3,48,bid,CostlyCorianders,DiligentDonuts,4947226
2026-07-02T23:04:53.208982,2026-07-02T23:04:53.220194+00:00,117.0,50,ask,EarnestEspressos,FlawlessFlatbreads,4947251
2026-07-02T23:04:53.462850,2026-07-02T23:04:53.471633+00:00,117.3,5,bid,Kelvin Chan,DiligentDonuts,4947254
2026-07-02T23:04:54.050030,2026-07-02T23:04:54.048483+00:00,117.3,5,bid,Kelvin Chan,DiligentDonuts,4947261
2026-07-02T23:04:54.089746,2026-07-02T23:04:54.101005+00:00,117.3,5,bid,Kelvin Chan,DiligentDonuts,4947262
2026-07-02T23:04:54.215988,2026-07-02T23:04:54.226781+00:00,117.3,5,bid,Kelvin Chan,DiligentDonuts,4947265
2026-07-02T23:04:54.271500,2026-07-02T23:04:54.278199+00:00,117.3,5,bid,Kelvin Chan,DiligentDonuts,4947269
2026-07-02T23:04:54.619247,2026-07-02T23:04:54.628629+00:00,117.3,5,bid,Kelvin Chan,DiligentDonuts,4947278
2026-07-02T23:04:54.697749,2026-07-02T23:04:54.709446+00:00,116.9,42,ask,EarnestEspressos,CostlyCorianders,4947281
2026-07-02T23:04:55.315672,2026-07-02T23:04:55.327102+00:00,117.2,5,ask,Kelvin Chan,FlawlessFlatbreads,4947293
2026-07-02T23:04:55.315672,2026-07-02T23:04:55.327102+00:00,117.0,45,ask,DiligentDonuts,FlawlessFlatbreads,4947294
2026-07-02T23:04:55.798552,2026-07-02T23:04:55.810312+00:00,117.2,6,ask,Kelvin Chan,CostlyCorianders,4947301
2026-07-02T23:04:55.798552,2026-07-02T23:04:55.810312+00:00,117.0,43,ask,DiligentDonuts,CostlyCorianders,4947302
2026-07-02T23:04:57.952427,2026-07-02T23:04:57.952433+00:00,117.3,22,bid,Zihao Wu,EarnestEspressos,4947367
2026-07-02T23:04:58.061037,2026-07-02T23:04:58.071695+00:00,117.3,100,bid,DiligentDonuts,EarnestEspressos,4947370
2026-07-02T23:04:58.061269,2026-07-02T23:04:58.071695+00:00,117.3,3,bid,Xuanyu Liu,EarnestEspressos,4947371
2026-07-02T23:04:58.623336,2026-07-02T23:04:58.634648+00:00,117.3,25,bid,CostlyCorianders,EarnestEspressos,4947383
2026-07-02T23:04:58.623336,2026-07-02T23:04:58.634648+00:00,117.8,17,bid,CostlyCorianders,DiligentDonuts,4947384
2026-07-02T23:04:59.154556,2026-07-02T23:04:59.165886+00:00,117.8,22,bid,Zihao Wu,DiligentDonuts,4947401
2026-07-02T23:04:59.527916,2026-07-02T23:04:59.539521+00:00,116.8,50,ask,EarnestEspressos,FlawlessFlatbreads,4947411
2026-07-02T23:05:00.556869,2026-07-02T23:05:00.558563+00:00,117.3,22,ask,EarnestEspressos,Zihao Wu,4947431
2026-07-02T23:05:01.276408,2026-07-02T23:05:01.288273+00:00,117.3,100,ask,EarnestEspressos,DiligentDonuts,4947445
2026-07-02T23:05:01.699194,2026-07-02T23:05:01.710834+00:00,117.3,28,ask,EarnestEspressos,CostlyCorianders,4947458
2026-07-02T23:05:02.732577,2026-07-02T23:05:02.741000+00:00,117.8,49,bid,CostlyCorianders,EarnestEspressos,4947484
2026-07-02T23:05:03.229841,2026-07-02T23:05:03.240694+00:00,117.2,5,ask,Kelvin Chan,CostlyCorianders,4947490
2026-07-02T23:05:03.358640,2026-07-02T23:05:03.369913+00:00,117.8,22,bid,Zihao Wu,EarnestEspressos,4947499
2026-07-02T23:05:03.756454,2026-07-02T23:05:03.763794+00:00,117.0,44,ask,EarnestEspressos,CostlyCorianders,4947513
2026-07-02T23:05:03.760409,2026-07-02T23:05:03.768803+00:00,117.0,22,ask,EarnestEspressos,Zihao Wu,4947514
2026-07-02T23:05:05.792307,2026-07-02T23:05:05.803730+00:00,117.5,50,bid,FlawlessFlatbreads,EarnestEspressos,4947557
2026-07-02T23:05:05.950117,2026-07-02T23:05:05.958088+00:00,117.2,3,ask,Kelvin Chan,Xuanyu Liu,4947562
2026-07-02T23:05:06.928334,2026-07-02T23:05:06.936955+00:00,117.2,2,ask,Kelvin Chan,EarnestEspressos,4947582
2026-07-02T23:05:07.952833,2026-07-02T23:05:07.964282+00:00,116.9,50,ask,DiligentDonuts,FlawlessFlatbreads,4947597
2026-07-02T23:05:10.009581,2026-07-02T23:05:10.020876+00:00,117.4,50,bid,FlawlessFlatbreads,DiligentDonuts,4947627
2026-07-02T23:05:14.220838,2026-07-02T23:05:14.227655+00:00,117.5,50,bid,FlawlessFlatbreads,EarnestEspressos,4947720
2026-07-02T23:05:16.381576,2026-07-02T23:05:16.392924+00:00,117.2,50,ask,DiligentDonuts,FlawlessFlatbreads,4947759
2026-07-02T23:05:18.488591,2026-07-02T23:05:18.498443+00:00,117.1,2,ask,Kelvin Chan,FlawlessFlatbreads,4947804
2026-07-02T23:05:18.488591,2026-07-02T23:05:18.498443+00:00,117.1,48,ask,EarnestEspressos,FlawlessFlatbreads,4947805
2026-07-02T23:05:18.624759,2026-07-02T23:05:18.636235+00:00,117.6,49,bid,CostlyCorianders,EarnestEspressos,4947807
2026-07-02T23:05:20.333410,2026-07-02T23:05:20.344687+00:00,117.7,49,bid,CostlyCorianders,DiligentDonuts,4947835
2026-07-02T23:05:20.547241,2026-07-02T23:05:20.558679+00:00,117.7,50,bid,FlawlessFlatbreads,DiligentDonuts,4947845
2026-07-02T23:05:20.791817,2026-07-02T23:05:20.801244+00:00,117.5,5,ask,EarnestEspressos,Kelvin Chan,4947847
2026-07-02T23:05:22.705266,2026-07-02T23:05:22.714110+00:00,117.4,50,ask,EarnestEspressos,FlawlessFlatbreads,4947895
2026-07-02T23:05:22.987967,2026-07-02T23:05:22.995445+00:00,117.4,45,ask,EarnestEspressos,CostlyCorianders,4947901
2026-07-02T23:05:24.758959,2026-07-02T23:05:24.770218+00:00,117.6,1,bid,FlawlessFlatbreads,Kelvin Chan,4947950
2026-07-02T23:05:24.758959,2026-07-02T23:05:24.770218+00:00,117.9,49,bid,FlawlessFlatbreads,EarnestEspressos,4947951
2026-07-02T23:05:25.467962,2026-07-02T23:05:25.479775+00:00,117.5,40,ask,DiligentDonuts,CostlyCorianders,4947971
2026-07-02T23:05:26.944371,2026-07-02T23:05:26.955078+00:00,117.3,4,ask,Kelvin Chan,FlawlessFlatbreads,4948000
2026-07-02T23:05:26.944371,2026-07-02T23:05:26.955078+00:00,117.3,46,ask,DiligentDonuts,FlawlessFlatbreads,4948001
2026-07-02T23:05:27.008545,2026-07-02T23:05:27.017519+00:00,117.6,44,bid,CostlyCorianders,EarnestEspressos,4948002
2026-07-02T23:05:27.580955,2026-07-02T23:05:27.590298+00:00,117.6,47,bid,CostlyCorianders,EarnestEspressos,4948014
2026-07-02T23:05:29.052650,2026-07-02T23:05:29.058620+00:00,117.5,50,ask,EarnestEspressos,FlawlessFlatbreads,4948045
2026-07-02T23:05:30.099969,2026-07-02T23:05:30.111900+00:00,117.5,47,ask,EarnestEspressos,CostlyCorianders,4948064
2026-07-02T23:05:31.109908,2026-07-02T23:05:31.118483+00:00,117.7,50,bid,FlawlessFlatbreads,DiligentDonuts,4948079
2026-07-02T23:05:34.695205,2026-07-02T23:05:34.705497+00:00,117.3,2,ask,Kelvin Chan,CostlyCorianders,4948153
2026-07-02T23:05:34.695205,2026-07-02T23:05:34.705497+00:00,117.3,42,ask,DiligentDonuts,CostlyCorianders,4948154
2026-07-02T23:05:35.215063,2026-07-02T23:05:35.226725+00:00,117.7,2,bid,CostlyCorianders,Kelvin Chan,4948174
2026-07-02T23:05:35.215063,2026-07-02T23:05:35.226725+00:00,117.7,41,bid,CostlyCorianders,EarnestEspressos,4948175
2026-07-02T23:05:35.393380,2026-07-02T23:05:35.401495+00:00,117.4,50,ask,EarnestEspressos,FlawlessFlatbreads,4948177
2026-07-02T23:05:35.875266,2026-07-02T23:05:35.886757+00:00,117.6,2,bid,CostlyCorianders,Kelvin Chan,4948188
2026-07-02T23:05:35.875266,2026-07-02T23:05:35.886757+00:00,117.8,46,bid,CostlyCorianders,DiligentDonuts,4948189
2026-07-02T23:05:36.524860,2026-07-02T23:05:36.536534+00:00,117.5,49,ask,DiligentDonuts,CostlyCorianders,4948206
2026-07-02T23:05:37.029472,2026-07-02T23:05:37.040975+00:00,117.5,40,ask,DiligentDonuts,CostlyCorianders,4948227
2026-07-02T23:05:37.447824,2026-07-02T23:05:37.458553+00:00,117.9,50,bid,FlawlessFlatbreads,EarnestEspressos,4948233
2026-07-02T23:05:38.725252,2026-07-02T23:05:38.733570+00:00,118.0,48,bid,CostlyCorianders,DiligentDonuts,4948262
2026-07-02T23:05:39.604602,2026-07-02T23:05:39.615707+00:00,117.6,50,ask,EarnestEspressos,FlawlessFlatbreads,4948287
2026-07-02T23:05:39.874887,2026-07-02T23:05:39.882335+00:00,117.6,48,ask,EarnestEspressos,CostlyCorianders,4948291
2026-07-02T23:05:40.965894,2026-07-02T23:05:40.977394+00:00,118.0,47,bid,CostlyCorianders,DiligentDonuts,4948317
2026-07-02T23:05:41.524863,2026-07-02T23:05:41.534528+00:00,117.7,3,bid,CostlyCorianders,Kelvin Chan,4948331
2026-07-02T23:05:41.710690,2026-07-02T23:05:41.722062+00:00,117.5,50,ask,DiligentDonuts,EarnestEspressos,4948335
2026-07-02T23:05:41.719260,2026-07-02T23:05:41.727521+00:00,117.5,50,ask,DiligentDonuts,FlawlessFlatbreads,4948336
2026-07-02T23:05:43.283405,2026-07-02T23:05:43.290887+00:00,117.5,42,bid,CostlyCorianders,EarnestEspressos,4948374
2026-07-02T23:05:43.767296,2026-07-02T23:05:43.778454+00:00,117.5,50,bid,FlawlessFlatbreads,EarnestEspressos,4948385
2026-07-02T23:05:43.935042,2026-07-02T23:05:43.944726+00:00,117.5,3,bid,Xuanyu Liu,EarnestEspressos,4948396
2026-07-02T23:05:44.330886,2026-07-02T23:05:44.342303+00:00,117.3,2,ask,Kelvin Chan,CostlyCorianders,4948403
2026-07-02T23:05:44.330886,2026-07-02T23:05:44.342303+00:00,117.2,44,ask,DiligentDonuts,CostlyCorianders,4948404
2026-07-02T23:05:44.830330,2026-07-02T23:05:44.841744+00:00,117.7,100,bid,EarnestEspressos,DiligentDonuts,4948411
2026-07-02T23:05:45.825962,2026-07-02T23:05:45.832385+00:00,117.7,43,ask,EarnestEspressos,CostlyCorianders,4948431
2026-07-02T23:05:45.872151,2026-07-02T23:05:45.879926+00:00,118.0,50,bid,FlawlessFlatbreads,DiligentDonuts,4948432
2026-07-02T23:05:47.984136,2026-07-02T23:05:47.995540+00:00,118.0,50,bid,FlawlessFlatbreads,DiligentDonuts,4948469
2026-07-02T23:05:48.654649,2026-07-02T23:05:48.669156+00:00,117.7,100,bid,DiligentDonuts,EarnestEspressos,4948482
2026-07-02T23:05:48.835574,2026-07-02T23:05:48.846842+00:00,117.7,45,bid,CostlyCorianders,EarnestEspressos,4948491
2026-07-02T23:05:49.320753,2026-07-02T23:05:49.330815+00:00,117.7,5,bid,CostlyCorianders,EarnestEspressos,4948501
2026-07-02T23:05:49.412838,2026-07-02T23:05:49.419338+00:00,118.4,22,bid,Zihao Wu,DiligentDonuts,4948506
2026-07-02T23:05:50.091333,2026-07-02T23:05:50.102624+00:00,118.4,50,bid,FlawlessFlatbreads,DiligentDonuts,4948518
2026-07-02T23:05:51.209198,2026-07-02T23:05:51.215940+00:00,117.8,22,ask,EarnestEspressos,Zihao Wu,4948541
2026-07-02T23:05:51.503316,2026-07-02T23:05:51.514965+00:00,117.8,42,ask,EarnestEspressos,CostlyCorianders,4948545
2026-07-02T23:05:51.718145,2026-07-02T23:05:51.729060+00:00,117.8,3,ask,EarnestEspressos,Xuanyu Liu,4948550
2026-07-02T23:05:52.136015,2026-07-02T23:05:52.145344+00:00,117.8,43,ask,EarnestEspressos,CostlyCorianders,4948560
2026-07-02T23:05:52.198479,2026-07-02T23:05:52.209130+00:00,118.2,50,bid,FlawlessFlatbreads,DiligentDonuts,4948561
2026-07-02T23:05:53.693878,2026-07-02T23:05:53.705632+00:00,117.9,2,bid,CostlyCorianders,Kelvin Chan,4948588
2026-07-02T23:05:53.693878,2026-07-02T23:05:53.705632+00:00,118.2,43,bid,CostlyCorianders,DiligentDonuts,4948589
2026-07-02T23:05:54.268732,2026-07-02T23:05:54.280505+00:00,117.8,40,ask,EarnestEspressos,CostlyCorianders,4948602
2026-07-02T23:05:54.268732,2026-07-02T23:05:54.280505+00:00,117.7,3,ask,DiligentDonuts,CostlyCorianders,4948603
2026-07-02T23:05:54.886992,2026-07-02T23:05:54.896536+00:00,117.8,45,bid,CostlyCorianders,EarnestEspressos,4948611
2026-07-02T23:05:54.977528,2026-07-02T23:05:54.989147+00:00,117.8,100,bid,DiligentDonuts,EarnestEspressos,4948612
2026-07-02T23:05:55.388527,2026-07-02T23:05:55.396920+00:00,117.6,3,ask,Kelvin Chan,CostlyCorianders,4948617
2026-07-02T23:05:57.413448,2026-07-02T23:05:57.422130+00:00,117.8,5,bid,CostlyCorianders,EarnestEspressos,4948673
2026-07-02T23:05:57.413448,2026-07-02T23:05:57.422130+00:00,117.9,2,bid,CostlyCorianders,Kelvin Chan,4948674
2026-07-02T23:05:58.428226,2026-07-02T23:05:58.436313+00:00,117.6,2,ask,Kelvin Chan,Xuanyu Liu,4948699
2026-07-02T23:06:00.619436,2026-07-02T23:06:00.630816+00:00,117.8,50,bid,FlawlessFlatbreads,DiligentDonuts,4948745
2026-07-02T23:06:01.725019,2026-07-02T23:06:01.736404+00:00,117.7,48,bid,CostlyCorianders,EarnestEspressos,4948767
2026-07-02T23:06:02.726754,2026-07-02T23:06:02.735056+00:00,117.7,50,bid,FlawlessFlatbreads,EarnestEspressos,4948798
2026-07-02T23:06:03.367432,2026-07-02T23:06:03.378801+00:00,117.5,49,ask,DiligentDonuts,CostlyCorianders,4948813
2026-07-02T23:06:03.828719,2026-07-02T23:06:03.837442+00:00,117.7,1,ask,EarnestEspressos,Xuanyu Liu,4948820
2026-07-02T23:06:03.985543,2026-07-02T23:06:03.995755+00:00,117.9,3,bid,CostlyCorianders,Kelvin Chan,4948827
2026-07-02T23:06:04.022502,2026-07-02T23:06:04.030755+00:00,117.7,22,ask,EarnestEspressos,Zihao Wu,4948830
2026-07-02T23:06:04.038649,2026-07-02T23:06:04.046237+00:00,117.7,49,ask,EarnestEspressos,CostlyCorianders,4948831
2026-07-02T23:06:04.569801,2026-07-02T23:06:04.581054+00:00,117.8,49,bid,CostlyCorianders,DiligentDonuts,4948848
2026-07-02T23:06:04.833219,2026-07-02T23:06:04.844556+00:00,117.8,50,bid,FlawlessFlatbreads,DiligentDonuts,4948853
2026-07-02T23:06:06.796183,2026-07-02T23:06:06.813112+00:00,117.8,1,bid,CostlyCorianders,DiligentDonuts,4948905
2026-07-02T23:06:09.042220,2026-07-02T23:06:09.058614+00:00,117.9,50,bid,FlawlessFlatbreads,EarnestEspressos,4948945
2026-07-02T23:06:10.537857,2026-07-02T23:06:10.548858+00:00,117.7,40,ask,EarnestEspressos,CostlyCorianders,4948993
2026-07-02T23:06:12.850123,2026-07-02T23:06:12.863903+00:00,117.7,11,ask,EarnestEspressos,Xuanyu Liu,4949047
2026-07-02T23:06:13.309988,2026-07-02T23:06:13.319131+00:00,117.6,1,ask,Kelvin Chan,FlawlessFlatbreads,4949067
2026-07-02T23:06:13.309988,2026-07-02T23:06:13.324383+00:00,117.6,49,ask,DiligentDonuts,FlawlessFlatbreads,4949068
2026-07-02T23:06:13.549495,2026-07-02T23:06:13.555598+00:00,117.8,47,bid,CostlyCorianders,EarnestEspressos,4949083
2026-07-02T23:06:13.603384,2026-07-02T23:06:13.614763+00:00,117.6,46,ask,DiligentDonuts,CostlyCorianders,4949085
2026-07-02T23:06:15.367009,2026-07-02T23:06:15.374402+00:00,117.7,50,bid,FlawlessFlatbreads,DiligentDonuts,4949125
2026-07-02T23:06:15.472625,2026-07-02T23:06:15.559163+00:00,117.7,14,bid,Xuanyu Liu,DiligentDonuts,4949129
2026-07-02T23:06:15.636313,2026-07-02T23:06:15.664290+00:00,117.7,22,bid,Zihao Wu,DiligentDonuts,4949134
2026-07-02T23:06:16.468708,2026-07-02T23:06:16.480066+00:00,117.7,14,bid,EarnestEspressos,DiligentDonuts,4949147
2026-07-02T23:06:17.478374,2026-07-02T23:06:17.486268+00:00,117.9,2,bid,FlawlessFlatbreads,Kelvin Chan,4949180
2026-07-02T23:06:17.478374,2026-07-02T23:06:17.486268+00:00,118.3,48,bid,FlawlessFlatbreads,EarnestEspressos,4949181
2026-07-02T23:06:18.101850,2026-07-02T23:06:18.110036+00:00,117.8,14,ask,EarnestEspressos,Xuanyu Liu,4949202
2026-07-02T23:06:18.239388,2026-07-02T23:06:18.250514+00:00,117.8,22,ask,EarnestEspressos,Zihao Wu,4949206
2026-07-02T23:06:18.887889,2026-07-02T23:06:18.899567+00:00,117.8,45,ask,EarnestEspressos,CostlyCorianders,4949215
2026-07-02T23:06:19.837486,2026-07-02T23:06:19.848795+00:00,118.0,45,bid,CostlyCorianders,EarnestEspressos,4949226
2026-07-02T23:06:21.743621,2026-07-02T23:06:21.753472+00:00,117.6,50,ask,DiligentDonuts,FlawlessFlatbreads,4949290
2026-07-02T23:06:22.041960,2026-07-02T23:06:22.048481+00:00,118.0,22,bid,Zihao Wu,EarnestEspressos,4949298
2026-07-02T23:06:22.843408,2026-07-02T23:06:22.850059+00:00,117.7,22,ask,EarnestEspressos,Zihao Wu,4949310
2026-07-02T23:06:22.941555,2026-07-02T23:06:22.953036+00:00,117.7,49,ask,EarnestEspressos,CostlyCorianders,4949313
2026-07-02T23:06:23.857826,2026-07-02T23:06:23.866536+00:00,117.7,50,ask,EarnestEspressos,FlawlessFlatbreads,4949330
2026-07-02T23:06:25.710819,2026-07-02T23:06:25.722336+00:00,117.9,42,bid,CostlyCorianders,DiligentDonuts,4949379
2026-07-02T23:06:25.966276,2026-07-02T23:06:25.975724+00:00,117.7,2,ask,Kelvin Chan,FlawlessFlatbreads,4949385
2026-07-02T23:06:26.846677,2026-07-02T23:06:26.854051+00:00,117.5,43,ask,DiligentDonuts,CostlyCorianders,4949405
2026-07-02T23:06:28.088147,2026-07-02T23:06:28.097461+00:00,117.5,50,ask,DiligentDonuts,FlawlessFlatbreads,4949442
2026-07-02T23:06:28.446166,2026-07-02T23:06:28.455532+00:00,117.6,42,bid,CostlyCorianders,EarnestEspressos,4949445
2026-07-02T23:06:30.054430,2026-07-02T23:06:30.058585+00:00,117.7,22,bid,Zihao Wu,DiligentDonuts,4949468
2026-07-02T23:06:30.195482,2026-07-02T23:06:30.205141+00:00,117.3,50,ask,EarnestEspressos,FlawlessFlatbreads,4949475
2026-07-02T23:06:31.068295,2026-07-02T23:06:31.084714+00:00,117.7,49,bid,CostlyCorianders,DiligentDonuts,4949491
2026-07-02T23:06:31.086539,2026-07-02T23:06:31.094939+00:00,117.5,2,ask,Kelvin Chan,Zihao Wu,4949494
2026-07-02T23:06:31.123822,2026-07-02T23:06:31.131309+00:00,117.5,2,ask,Kelvin Chan,CostlyCorianders,4949496
2026-07-02T23:06:32.330832,2026-07-02T23:06:32.342189+00:00,117.5,2,ask,Kelvin Chan,EarnestEspressos,4949519
2026-07-02T23:06:32.344385,2026-07-02T23:06:32.355970+00:00,117.4,11,bid,Xuanyu Liu,EarnestEspressos,4949520
2026-07-02T23:06:32.357376,2026-07-02T23:06:32.376269+00:00,117.4,2,bid,Kelvin Chan,EarnestEspressos,4949523
2026-07-02T23:06:32.386771,2026-07-02T23:06:32.393428+00:00,117.4,2,bid,Kelvin Chan,EarnestEspressos,4949524
2026-07-02T23:06:32.454494,2026-07-02T23:06:32.464362+00:00,117.4,2,bid,Kelvin Chan,EarnestEspressos,4949525
2026-07-02T23:06:32.657233,2026-07-02T23:06:32.667125+00:00,117.4,2,bid,Kelvin Chan,EarnestEspressos,4949527
2026-07-02T23:06:32.703735,2026-07-02T23:06:32.714948+00:00,117.4,3,bid,Kelvin Chan,EarnestEspressos,4949528
2026-07-02T23:06:32.800370,2026-07-02T23:06:32.809171+00:00,117.4,2,bid,Kelvin Chan,EarnestEspressos,4949530
2026-07-02T23:06:33.681509,2026-07-02T23:06:33.692956+00:00,117.4,3,bid,Kelvin Chan,EarnestEspressos,4949559
2026-07-02T23:06:33.729816,2026-07-02T23:06:33.741125+00:00,117.4,3,bid,Kelvin Chan,EarnestEspressos,4949561
2026-07-02T23:06:34.101265,2026-07-02T23:06:34.134206+00:00,117.4,3,bid,Xuanyu Liu,EarnestEspressos,4949570
2026-07-02T23:06:34.101497,2026-07-02T23:06:34.134206+00:00,117.3,49,ask,DiligentDonuts,CostlyCorianders,4949571
2026-07-02T23:06:34.255140,2026-07-02T23:06:34.258554+00:00,117.4,22,bid,Zihao Wu,EarnestEspressos,4949576
2026-07-02T23:06:34.422155,2026-07-02T23:06:34.433652+00:00,117.3,50,ask,DiligentDonuts,FlawlessFlatbreads,4949581
2026-07-02T23:06:36.528306,2026-07-02T23:06:36.537543+00:00,117.5,50,ask,EarnestEspressos,FlawlessFlatbreads,4949628
2026-07-02T23:06:38.639810,2026-07-02T23:06:38.649689+00:00,117.4,1,ask,Kelvin Chan,FlawlessFlatbreads,4949665
2026-07-02T23:06:38.639810,2026-07-02T23:06:38.649689+00:00,117.4,49,ask,EarnestEspressos,FlawlessFlatbreads,4949666
2026-07-02T23:06:39.006965,2026-07-02T23:06:39.018297+00:00,117.6,42,bid,CostlyCorianders,DiligentDonuts,4949674
2026-07-02T23:06:43.288043,2026-07-02T23:06:43.295074+00:00,117.4,4,ask,Kelvin Chan,CostlyCorianders,4949755
2026-07-02T23:06:43.288043,2026-07-02T23:06:43.300239+00:00,117.3,39,ask,EarnestEspressos,CostlyCorianders,4949756
2026-07-02T23:06:43.932937,2026-07-02T23:06:43.941486+00:00,117.7,1,bid,CostlyCorianders,Kelvin Chan,4949771
2026-07-02T23:06:43.932937,2026-07-02T23:06:43.941486+00:00,117.8,42,bid,CostlyCorianders,EarnestEspressos,4949772
2026-07-02T23:06:44.902481,2026-07-02T23:06:44.911243+00:00,117.8,50,bid,FlawlessFlatbreads,DiligentDonuts,4949796
2026-07-02T23:06:45.152612,2026-07-02T23:06:45.163852+00:00,117.4,3,ask,Kelvin Chan,CostlyCorianders,4949805
2026-07-02T23:06:45.152612,2026-07-02T23:06:45.163852+00:00,117.4,38,ask,EarnestEspressos,CostlyCorianders,4949806
2026-07-02T23:06:47.076119,2026-07-02T23:06:47.084699+00:00,117.6,50,ask,DiligentDonuts,FlawlessFlatbreads,4949845
2026-07-02T23:06:48.066620,2026-07-02T23:06:48.074778+00:00,117.6,45,ask,DiligentDonuts,CostlyCorianders,4949860
2026-07-02T23:06:49.181291,2026-07-02T23:06:49.193062+00:00,117.4,3,ask,Kelvin Chan,FlawlessFlatbreads,4949891
2026-07-02T23:06:49.181291,2026-07-02T23:06:49.193062+00:00,117.4,47,ask,EarnestEspressos,FlawlessFlatbreads,4949892
2026-07-02T23:06:50.700015,2026-07-02T23:06:50.711285+00:00,117.9,46,bid,CostlyCorianders,EarnestEspressos,4949917
2026-07-02T23:06:51.238951,2026-07-02T23:06:51.250637+00:00,117.7,2,bid,FlawlessFlatbreads,Kelvin Chan,4949930
2026-07-02T23:06:51.238951,2026-07-02T23:06:51.250637+00:00,117.9,48,bid,FlawlessFlatbreads,DiligentDonuts,4949931
2026-07-02T23:06:51.290189,2026-07-02T23:06:51.301679+00:00,117.9,41,bid,CostlyCorianders,DiligentDonuts,4949936
2026-07-02T23:06:53.348345,2026-07-02T23:06:53.358567+00:00,117.7,4,bid,FlawlessFlatbreads,Kelvin Chan,4949978
2026-07-02T23:06:53.348345,2026-07-02T23:06:53.358567+00:00,117.8,46,bid,FlawlessFlatbreads,EarnestEspressos,4949979
2026-07-02T23:06:55.284907,2026-07-02T23:06:55.294247+00:00,117.6,44,ask,EarnestEspressos,CostlyCorianders,4950024
2026-07-02T23:06:55.456689,2026-07-02T23:06:55.457059+00:00,118.0,50,bid,FlawlessFlatbreads,DiligentDonuts,4950031
2026-07-02T23:06:56.728610,2026-07-02T23:06:56.740024+00:00,117.6,40,ask,EarnestEspressos,CostlyCorianders,4950053
2026-07-02T23:06:57.562271,2026-07-02T23:06:57.573776+00:00,117.8,4,bid,FlawlessFlatbreads,Kelvin Chan,4950069
2026-07-02T23:06:57.562271,2026-07-02T23:06:57.573776+00:00,118.0,46,bid,FlawlessFlatbreads,DiligentDonuts,4950070
2026-07-02T23:06:57.626796,2026-07-02T23:06:57.638126+00:00,117.5,100,ask,DiligentDonuts,EarnestEspressos,4950072
2026-07-02T23:06:57.650995,2026-07-02T23:06:57.655394+00:00,117.5,49,bid,CostlyCorianders,EarnestEspressos,4950073
2026-07-02T23:06:58.223433,2026-07-02T23:06:58.234806+00:00,117.5,1,bid,DiligentDonuts,EarnestEspressos,4950078
2026-07-02T23:06:59.735631,2026-07-02T23:06:59.745216+00:00,117.5,50,ask,DiligentDonuts,FlawlessFlatbreads,4950116
2026-07-02T23:07:00.733562,2026-07-02T23:07:00.744016+00:00,117.8,4,bid,CostlyCorianders,Kelvin Chan,4950138
2026-07-02T23:07:00.733562,2026-07-02T23:07:00.744016+00:00,118.0,37,bid,CostlyCorianders,DiligentDonuts,4950139
2026-07-02T23:07:00.788560,2026-07-02T23:07:00.800118+00:00,117.8,48,ask,EarnestEspressos,CostlyCorianders,4950141
2026-07-02T23:07:01.460325,2026-07-02T23:07:01.471550+00:00,117.8,3,ask,EarnestEspressos,Kelvin Chan,4950152
2026-07-02T23:07:01.841473,2026-07-02T23:07:01.849485+00:00,117.8,50,ask,EarnestEspressos,FlawlessFlatbreads,4950162
2026-07-02T23:07:02.728271,2026-07-02T23:07:02.743971+00:00,117.8,3,ask,EarnestEspressos,Xuanyu Liu,4950181
2026-07-02T23:07:02.889334,2026-07-02T23:07:02.898449+00:00,117.8,22,ask,EarnestEspressos,Zihao Wu,4950195
2026-07-02T23:07:03.887717,2026-07-02T23:07:03.894654+00:00,118.2,22,bid,Zihao Wu,DiligentDonuts,4950205
2026-07-02T23:07:03.950145,2026-07-02T23:07:03.956368+00:00,117.7,50,ask,DiligentDonuts,FlawlessFlatbreads,4950207
2026-07-02T23:07:03.954057,2026-07-02T23:07:03.956368+00:00,117.7,50,ask,DiligentDonuts,EarnestEspressos,4950208
2026-07-02T23:07:04.037691,2026-07-02T23:07:04.045756+00:00,117.6,3,bid,Xuanyu Liu,EarnestEspressos,4950215
2026-07-02T23:07:04.087912,2026-07-02T23:07:04.094928+00:00,117.6,13,bid,Zihao Wu,EarnestEspressos,4950219
2026-07-02T23:07:04.611426,2026-07-02T23:07:04.619247+00:00,117.6,4,bid,Kelvin Chan,EarnestEspressos,4950223
2026-07-02T23:07:04.743676,2026-07-02T23:07:04.752831+00:00,117.6,4,bid,Kelvin Chan,EarnestEspressos,4950231
2026-07-02T23:07:06.058388,2026-07-02T23:07:06.069730+00:00,117.5,4,ask,Kelvin Chan,FlawlessFlatbreads,4950267
2026-07-02T23:07:06.058388,2026-07-02T23:07:06.069730+00:00,117.4,46,ask,DiligentDonuts,FlawlessFlatbreads,4950268
2026-07-02T23:07:07.461169,2026-07-02T23:07:07.469563+00:00,117.5,4,ask,Kelvin Chan,CostlyCorianders,4950298
2026-07-02T23:07:07.461169,2026-07-02T23:07:07.469563+00:00,117.5,45,ask,EarnestEspressos,CostlyCorianders,4950299
2026-07-02T23:07:07.952569,2026-07-02T23:07:07.950427+00:00,117.7,49,bid,CostlyCorianders,DiligentDonuts,4950307
2026-07-02T23:07:08.165699,2026-07-02T23:07:08.173906+00:00,117.5,50,ask,EarnestEspressos,FlawlessFlatbreads,4950312
2026-07-02T23:07:10.274060,2026-07-02T23:07:10.283791+00:00,117.5,2,ask,Kelvin Chan,FlawlessFlatbreads,4950356
2026-07-02T23:07:10.274060,2026-07-02T23:07:10.283791+00:00,117.2,48,ask,DiligentDonuts,FlawlessFlatbreads,4950357
2026-07-02T23:07:12.382628,2026-07-02T23:07:12.390801+00:00,117.5,1,ask,Kelvin Chan,FlawlessFlatbreads,4950389
2026-07-02T23:07:12.382628,2026-07-02T23:07:12.390801+00:00,117.4,49,ask,DiligentDonuts,FlawlessFlatbreads,4950390
2026-07-02T23:07:13.203989,2026-07-02T23:07:13.215250+00:00,117.4,49,ask,DiligentDonuts,CostlyCorianders,4950410
2026-07-02T23:07:14.100748,2026-07-02T23:07:14.119865+00:00,117.4,1,ask,Kelvin Chan,DiligentDonuts,4950422
2026-07-02T23:07:14.111108,2026-07-02T23:07:14.119865+00:00,117.3,3,bid,Xuanyu Liu,DiligentDonuts,4950425
2026-07-02T23:07:14.493162,2026-07-02T23:07:14.505584+00:00,117.0,50,ask,EarnestEspressos,FlawlessFlatbreads,4950432
2026-07-02T23:07:14.503458,2026-07-02T23:07:14.510849+00:00,117.3,2,bid,Kelvin Chan,DiligentDonuts,4950433
2026-07-02T23:07:15.558890,2026-07-02T23:07:15.569793+00:00,117.3,3,bid,Kelvin Chan,DiligentDonuts,4950455
2026-07-02T23:07:16.598757,2026-07-02T23:07:16.605157+00:00,116.9,50,ask,EarnestEspressos,FlawlessFlatbreads,4950493
2026-07-02T23:07:17.110389,2026-07-02T23:07:17.118708+00:00,117.3,11,bid,Xuanyu Liu,DiligentDonuts,4950504
2026-07-02T23:07:17.243822,2026-07-02T23:07:17.258611+00:00,117.4,41,bid,CostlyCorianders,EarnestEspressos,4950510
2026-07-02T23:07:18.349867,2026-07-02T23:07:18.356200+00:00,117.4,46,bid,CostlyCorianders,EarnestEspressos,4950530
2026-07-02T23:07:18.705906,2026-07-02T23:07:18.716310+00:00,117.0,50,ask,DiligentDonuts,FlawlessFlatbreads,4950534
2026-07-02T23:07:19.922173,2026-07-02T23:07:19.933222+00:00,117.2,1,ask,Kelvin Chan,CostlyCorianders,4950562
2026-07-02T23:07:19.922173,2026-07-02T23:07:19.933222+00:00,117.1,45,ask,EarnestEspressos,CostlyCorianders,4950563
2026-07-02T23:07:20.761645,2026-07-02T23:07:20.772860+00:00,117.3,50,bid,FlawlessFlatbreads,DiligentDonuts,4950580
2026-07-02T23:07:22.868043,2026-07-02T23:07:22.879357+00:00,117.3,50,bid,FlawlessFlatbreads,DiligentDonuts,4950639
2026-07-02T23:07:24.975029,2026-07-02T23:07:24.985604+00:00,117.3,50,bid,FlawlessFlatbreads,EarnestEspressos,4950693
2026-07-02T23:07:27.025269,2026-07-02T23:07:27.036585+00:00,117.4,48,bid,CostlyCorianders,EarnestEspressos,4950729
2026-07-02T23:07:27.093094,2026-07-02T23:07:27.104531+00:00,117.4,50,bid,FlawlessFlatbreads,EarnestEspressos,4950730
2026-07-02T23:07:27.499140,2026-07-02T23:07:27.510407+00:00,117.4,40,bid,CostlyCorianders,EarnestEspressos,4950735
2026-07-02T23:07:29.088143,2026-07-02T23:07:29.099662+00:00,117.1,3,ask,Kelvin Chan,CostlyCorianders,4950760
2026-07-02T23:07:29.088143,2026-07-02T23:07:29.099662+00:00,117.0,44,ask,DiligentDonuts,CostlyCorianders,4950761
2026-07-02T23:07:29.198395,2026-07-02T23:07:29.209678+00:00,117.4,2,bid,EarnestEspressos,Kelvin Chan,4950762
2026-07-02T23:07:29.201929,2026-07-02T23:07:29.209678+00:00,117.5,50,bid,FlawlessFlatbreads,DiligentDonuts,4950763
2026-07-02T23:07:29.211166,2026-07-02T23:07:29.219582+00:00,117.4,14,ask,EarnestEspressos,Xuanyu Liu,4950765
2026-07-02T23:07:29.371492,2026-07-02T23:07:29.379813+00:00,117.4,1,ask,EarnestEspressos,Kelvin Chan,4950768
2026-07-02T23:07:29.583315,2026-07-02T23:07:29.592090+00:00,117.4,2,ask,EarnestEspressos,Kelvin Chan,4950772
2026-07-02T23:07:30.370799,2026-07-02T23:07:30.376930+00:00,117.4,2,ask,EarnestEspressos,Kelvin Chan,4950787
2026-07-02T23:07:30.530843,2026-07-02T23:07:30.540754+00:00,117.4,4,ask,EarnestEspressos,Kelvin Chan,4950793
2026-07-02T23:07:30.616417,2026-07-02T23:07:30.625079+00:00,117.4,4,ask,EarnestEspressos,Kelvin Chan,4950798
2026-07-02T23:07:31.358755,2026-07-02T23:07:31.370204+00:00,117.4,50,ask,EarnestEspressos,FlawlessFlatbreads,4950817
2026-07-02T23:07:31.696810,2026-07-02T23:07:31.708365+00:00,117.4,45,ask,EarnestEspressos,CostlyCorianders,4950824
2026-07-02T23:07:33.483576,2026-07-02T23:07:33.492686+00:00,117.1,2,ask,Kelvin Chan,FlawlessFlatbreads,4950849
2026-07-02T23:07:35.453255,2026-07-02T23:07:35.452701+00:00,117.5,45,bid,CostlyCorianders,EarnestEspressos,4950900
2026-07-02T23:07:35.537606,2026-07-02T23:07:35.549066+00:00,117.5,50,bid,FlawlessFlatbreads,DiligentDonuts,4950904
2026-07-02T23:07:37.669483,2026-07-02T23:07:37.679644+00:00,117.8,50,bid,FlawlessFlatbreads,EarnestEspressos,4950955
2026-07-02T23:07:39.783985,2026-07-02T23:07:39.791043+00:00,117.9,50,bid,FlawlessFlatbreads,DiligentDonuts,4951001
2026-07-02T23:07:41.891877,2026-07-02T23:07:41.902230+00:00,117.9,50,bid,FlawlessFlatbreads,DiligentDonuts,4951046
2026-07-02T23:07:42.010842,2026-07-02T23:07:42.021808+00:00,117.5,41,ask,EarnestEspressos,CostlyCorianders,4951048
2026-07-02T23:07:43.998111,2026-07-02T23:07:44.006925+00:00,118.0,50,bid,FlawlessFlatbreads,EarnestEspressos,4951098
2026-07-02T23:07:46.135502,2026-07-02T23:07:46.142602+00:00,118.2,50,bid,FlawlessFlatbreads,EarnestEspressos,4951134
2026-07-02T23:07:46.695345,2026-07-02T23:07:46.706747+00:00,117.7,45,ask,EarnestEspressos,CostlyCorianders,4951141
2026-07-02T23:07:47.836975,2026-07-02T23:07:47.849012+00:00,118.2,42,bid,CostlyCorianders,EarnestEspressos,4951175
2026-07-02T23:07:48.241013,2026-07-02T23:07:48.249108+00:00,118.2,50,bid,FlawlessFlatbreads,DiligentDonuts,4951189
2026-07-02T23:07:49.886152,2026-07-02T23:07:49.895548+00:00,117.8,43,ask,EarnestEspressos,CostlyCorianders,4951220
2026-07-02T23:07:50.399731,2026-07-02T23:07:50.407751+00:00,117.8,50,ask,EarnestEspressos,FlawlessFlatbreads,4951226
2026-07-02T23:07:50.981189,2026-07-02T23:07:50.990636+00:00,118.3,41,bid,CostlyCorianders,EarnestEspressos,4951235
2026-07-02T23:07:51.485850,2026-07-02T23:07:51.497640+00:00,118.0,40,bid,CostlyCorianders,EarnestEspressos,4951246
2026-07-02T23:07:51.540560,2026-07-02T23:07:51.548485+00:00,117.8,42,ask,DiligentDonuts,CostlyCorianders,4951247
2026-07-02T23:07:52.072589,2026-07-02T23:07:52.083846+00:00,118.0,47,bid,CostlyCorianders,EarnestEspressos,4951260
2026-07-02T23:07:52.507354,2026-07-02T23:07:52.515837+00:00,117.6,50,ask,DiligentDonuts,FlawlessFlatbreads,4951268
2026-07-02T23:07:53.718071,2026-07-02T23:07:53.729699+00:00,117.6,41,ask,DiligentDonuts,CostlyCorianders,4951292
2026-07-02T23:07:54.628629,2026-07-02T23:07:54.639006+00:00,117.9,50,ask,EarnestEspressos,FlawlessFlatbreads,4951309
2026-07-02T23:07:55.229177,2026-07-02T23:07:55.241623+00:00,117.9,99,ask,EarnestEspressos,DiligentDonuts,4951322
2026-07-02T23:07:56.736610,2026-07-02T23:07:56.743999+00:00,117.5,3,ask,Kelvin Chan,FlawlessFlatbreads,4951356
2026-07-02T23:07:56.736610,2026-07-02T23:07:56.749164+00:00,117.4,47,ask,DiligentDonuts,FlawlessFlatbreads,4951357
2026-07-02T23:07:57.680901,2026-07-02T23:07:57.692108+00:00,117.6,6,ask,Kelvin Chan,CostlyCorianders,4951371
2026-07-02T23:07:58.848832,2026-07-02T23:07:58.858609+00:00,117.6,5,ask,Kelvin Chan,FlawlessFlatbreads,4951392
2026-07-02T23:07:58.848832,2026-07-02T23:07:58.858609+00:00,117.5,45,ask,DiligentDonuts,FlawlessFlatbreads,4951393
2026-07-02T23:07:59.131840,2026-07-02T23:07:59.138067+00:00,117.8,46,bid,CostlyCorianders,EarnestEspressos,4951398
2026-07-02T23:07:59.820144,2026-07-02T23:07:59.828725+00:00,117.6,4,ask,Kelvin Chan,CostlyCorianders,4951419
2026-07-02T23:07:59.820144,2026-07-02T23:07:59.828725+00:00,117.5,36,ask,DiligentDonuts,CostlyCorianders,4951420
2026-07-02T23:08:00.356633,2026-07-02T23:08:00.368082+00:00,117.8,45,bid,CostlyCorianders,EarnestEspressos,4951431
2026-07-02T23:08:00.959810,2026-07-02T23:08:00.967313+00:00,117.6,50,ask,EarnestEspressos,FlawlessFlatbreads,4951445
2026-07-02T23:08:03.014696,2026-07-02T23:08:03.026311+00:00,117.7,50,bid,FlawlessFlatbreads,DiligentDonuts,4951472
2026-07-02T23:08:03.921493,2026-07-02T23:08:03.932821+00:00,117.6,43,ask,EarnestEspressos,CostlyCorianders,4951498
2026-07-02T23:08:05.071489,2026-07-02T23:08:05.083800+00:00,117.5,2,ask,Kelvin Chan,CostlyCorianders,4951520
2026-07-02T23:08:05.071489,2026-07-02T23:08:05.083800+00:00,117.3,45,ask,EarnestEspressos,CostlyCorianders,4951521
2026-07-02T23:08:05.193774,2026-07-02T23:08:05.202729+00:00,117.3,50,ask,EarnestEspressos,FlawlessFlatbreads,4951526
2026-07-02T23:08:07.193976,2026-07-02T23:08:07.214880+00:00,117.3,100,ask,DiligentDonuts,EarnestEspressos,4951573
2026-07-02T23:08:07.206307,2026-07-02T23:08:07.214880+00:00,117.3,3,bid,Xuanyu Liu,EarnestEspressos,4951574
2026-07-02T23:08:09.139467,2026-07-02T23:08:09.147800+00:00,117.3,11,bid,Xuanyu Liu,EarnestEspressos,4951618
2026-07-02T23:08:09.309397,2026-07-02T23:08:09.320823+00:00,117.3,36,bid,CostlyCorianders,EarnestEspressos,4951620
2026-07-02T23:08:09.309397,2026-07-02T23:08:09.320823+00:00,117.5,13,bid,CostlyCorianders,DiligentDonuts,4951621
2026-07-02T23:08:10.302477,2026-07-02T23:08:10.313869+00:00,117.5,87,bid,EarnestEspressos,DiligentDonuts,4951634
2026-07-02T23:08:10.315078,2026-07-02T23:08:10.333082+00:00,117.5,11,ask,EarnestEspressos,Xuanyu Liu,4951635
2026-07-02T23:08:11.018132,2026-07-02T23:08:11.026166+00:00,117.5,3,ask,EarnestEspressos,Xuanyu Liu,4951649
2026-07-02T23:08:11.513826,2026-07-02T23:08:11.520662+00:00,117.5,49,ask,EarnestEspressos,FlawlessFlatbreads,4951651
2026-07-02T23:08:11.513826,2026-07-02T23:08:11.520662+00:00,117.4,1,ask,Kelvin Chan,FlawlessFlatbreads,4951652
2026-07-02T23:08:13.530277,2026-07-02T23:08:13.542505+00:00,117.6,3,bid,Xuanyu Liu,EarnestEspressos,4951687
2026-07-02T23:08:13.626101,2026-07-02T23:08:13.640873+00:00,117.4,50,ask,DiligentDonuts,FlawlessFlatbreads,4951695
2026-07-02T23:08:15.200544,2026-07-02T23:08:15.207446+00:00,117.6,47,bid,CostlyCorianders,EarnestEspressos,4951718
2026-07-02T23:08:15.266136,2026-07-02T23:08:15.274383+00:00,117.6,11,bid,Xuanyu Liu,EarnestEspressos,4951723
2026-07-02T23:08:15.733984,2026-07-02T23:08:15.703990+00:00,117.4,50,ask,DiligentDonuts,FlawlessFlatbreads,4951742
2026-07-02T23:08:15.857388,2026-07-02T23:08:15.869153+00:00,117.4,44,ask,DiligentDonuts,CostlyCorianders,4951745
2026-07-02T23:08:16.364471,2026-07-02T23:08:16.376020+00:00,117.6,45,bid,CostlyCorianders,EarnestEspressos,4951754
2026-07-02T23:08:17.004505,2026-07-02T23:08:17.010969+00:00,117.6,46,ask,EarnestEspressos,CostlyCorianders,4951772
2026-07-02T23:08:17.848914,2026-07-02T23:08:17.850453+00:00,117.6,50,ask,EarnestEspressos,FlawlessFlatbreads,4951791
2026-07-02T23:08:19.953546,2026-07-02T23:08:19.955735+00:00,117.4,50,ask,EarnestEspressos,FlawlessFlatbreads,4951825
2026-07-02T23:08:22.061137,2026-07-02T23:08:22.072397+00:00,117.4,50,ask,EarnestEspressos,FlawlessFlatbreads,4951855
2026-07-02T23:08:23.014312,2026-07-02T23:08:23.022489+00:00,117.2,35,bid,Xuanyu Liu,EarnestEspressos,4951865
2026-07-02T23:08:23.664149,2026-07-02T23:08:23.674247+00:00,117.2,100,bid,DiligentDonuts,EarnestEspressos,4951874
2026-07-02T23:08:23.733941,2026-07-02T23:08:23.741923+00:00,117.2,11,bid,Xuanyu Liu,EarnestEspressos,4951876
2026-07-02T23:08:24.124963,2026-07-02T23:08:24.132997+00:00,117.2,4,bid,Xuanyu Liu,EarnestEspressos,4951882
2026-07-02T23:08:24.170748,2026-07-02T23:08:24.182105+00:00,116.7,50,ask,EarnestEspressos,FlawlessFlatbreads,4951885
2026-07-02T23:08:26.391838,2026-07-02T23:08:26.403113+00:00,117.7,40,bid,CostlyCorianders,DiligentDonuts,4951913
2026-07-02T23:08:28.328784,2026-07-02T23:08:28.336491+00:00,118.0,50,bid,FlawlessFlatbreads,DiligentDonuts,4951950
2026-07-02T23:08:29.011663,2026-07-02T23:08:29.023507+00:00,117.6,46,ask,EarnestEspressos,CostlyCorianders,4951969
2026-07-02T23:08:30.001051,2026-07-02T23:08:30.009882+00:00,117.6,4,ask,DiligentDonuts,Xuanyu Liu,4951992
2026-07-02T23:08:30.434293,2026-07-02T23:08:30.445871+00:00,118.0,50,bid,FlawlessFlatbreads,EarnestEspressos,4951999
2026-07-02T23:08:32.787451,2026-07-02T23:08:32.798869+00:00,117.8,1,bid,CostlyCorianders,Kelvin Chan,4952035
2026-07-02T23:08:32.787451,2026-07-02T23:08:32.798869+00:00,118.1,42,bid,CostlyCorianders,DiligentDonuts,4952036
2026-07-02T23:08:33.161180,2026-07-02T23:08:33.169933+00:00,117.7,11,ask,DiligentDonuts,Xuanyu Liu,4952041
2026-07-02T23:08:33.315845,2026-07-02T23:08:33.353903+00:00,117.7,43,ask,DiligentDonuts,CostlyCorianders,4952050
2026-07-02T23:08:33.320124,2026-07-02T23:08:33.353903+00:00,117.7,12,ask,DiligentDonuts,Xuanyu Liu,4952051
2026-07-02T23:08:34.431398,2026-07-02T23:08:34.439014+00:00,117.8,4,bid,CostlyCorianders,Kelvin Chan,4952070
2026-07-02T23:08:34.431398,2026-07-02T23:08:34.439014+00:00,118.1,43,bid,CostlyCorianders,EarnestEspressos,4952071
2026-07-02T23:08:34.698110,2026-07-02T23:08:34.709451+00:00,117.7,34,ask,DiligentDonuts,FlawlessFlatbreads,4952076
2026-07-02T23:08:34.698110,2026-07-02T23:08:34.709451+00:00,117.6,16,ask,EarnestEspressos,FlawlessFlatbreads,4952077
2026-07-02T23:08:36.809341,2026-07-02T23:08:36.817698+00:00,117.7,50,ask,EarnestEspressos,FlawlessFlatbreads,4952106
2026-07-02T23:08:36.912903,2026-07-02T23:08:36.922757+00:00,117.7,42,ask,EarnestEspressos,CostlyCorianders,4952108
2026-07-02T23:08:38.933430,2026-07-02T23:08:38.940637+00:00,117.5,2,ask,Kelvin Chan,FlawlessFlatbreads,4952143
2026-07-02T23:08:38.933430,2026-07-02T23:08:38.946022+00:00,117.3,48,ask,DiligentDonuts,FlawlessFlatbreads,4952144
2026-07-02T23:08:39.276580,2026-07-02T23:08:39.287140+00:00,117.7,47,bid,CostlyCorianders,EarnestEspressos,4952151
2026-07-02T23:08:40.243651,2026-07-02T23:08:40.255037+00:00,117.6,2,ask,Kelvin Chan,CostlyCorianders,4952173
2026-07-02T23:08:40.243651,2026-07-02T23:08:40.255037+00:00,117.3,42,ask,EarnestEspressos,CostlyCorianders,4952174
2026-07-02T23:08:40.990232,2026-07-02T23:08:40.999633+00:00,117.7,50,bid,FlawlessFlatbreads,EarnestEspressos,4952183
2026-07-02T23:08:41.829680,2026-07-02T23:08:41.840277+00:00,117.7,42,bid,CostlyCorianders,EarnestEspressos,4952197
2026-07-02T23:08:42.695468,2026-07-02T23:08:42.704481+00:00,117.6,100,ask,EarnestEspressos,DiligentDonuts,4952206
2026-07-02T23:08:42.785609,2026-07-02T23:08:42.797146+00:00,117.6,42,ask,EarnestEspressos,CostlyCorianders,4952209
2026-07-02T23:08:43.097932,2026-07-02T23:08:43.108874+00:00,117.9,2,bid,FlawlessFlatbreads,Kelvin Chan,4952222
2026-07-02T23:08:43.732636,2026-07-02T23:08:43.744083+00:00,118.1,49,bid,CostlyCorianders,EarnestEspressos,4952230
2026-07-02T23:08:44.280637,2026-07-02T23:08:44.288239+00:00,117.8,2,bid,CostlyCorianders,Kelvin Chan,4952235
2026-07-02T23:08:44.928567,2026-07-02T23:08:44.939961+00:00,117.6,8,ask,EarnestEspressos,CostlyCorianders,4952252
2026-07-02T23:08:44.928567,2026-07-02T23:08:44.939961+00:00,117.5,2,ask,Kelvin Chan,CostlyCorianders,4952253
2026-07-02T23:08:45.207968,2026-07-02T23:08:45.219302+00:00,117.6,50,bid,FlawlessFlatbreads,EarnestEspressos,4952258
2026-07-02T23:08:47.313637,2026-07-02T23:08:47.330204+00:00,117.6,50,bid,FlawlessFlatbreads,EarnestEspressos,4952307
2026-07-02T23:08:47.393894,2026-07-02T23:08:47.405524+00:00,117.5,3,ask,Kelvin Chan,CostlyCorianders,4952310
2026-07-02T23:08:47.393894,2026-07-02T23:08:47.405524+00:00,117.3,39,ask,DiligentDonuts,CostlyCorianders,4952311
2026-07-02T23:08:49.424126,2026-07-02T23:08:49.435407+00:00,117.7,50,bid,FlawlessFlatbreads,DiligentDonuts,4952344
2026-07-02T23:08:50.562764,2026-07-02T23:08:50.574134+00:00,117.7,42,bid,CostlyCorianders,DiligentDonuts,4952363
2026-07-02T23:08:51.531422,2026-07-02T23:08:51.543364+00:00,117.7,8,bid,FlawlessFlatbreads,DiligentDonuts,4952379
2026-07-02T23:08:51.531422,2026-07-02T23:08:51.543364+00:00,117.8,2,bid,FlawlessFlatbreads,Kelvin Chan,4952380
2026-07-02T23:08:51.531422,2026-07-02T23:08:51.543364+00:00,117.9,40,bid,FlawlessFlatbreads,EarnestEspressos,4952381
2026-07-02T23:08:52.004527,2026-07-02T23:08:52.015930+00:00,117.7,3,bid,CostlyCorianders,Kelvin Chan,4952387
2026-07-02T23:08:52.004527,2026-07-02T23:08:52.015930+00:00,117.9,45,bid,CostlyCorianders,EarnestEspressos,4952388
2026-07-02T23:08:54.573709,2026-07-02T23:08:54.585725+00:00,117.8,2,bid,EarnestEspressos,Kelvin Chan,4952437
2026-07-02T23:08:54.573709,2026-07-02T23:08:54.585725+00:00,117.9,100,bid,EarnestEspressos,DiligentDonuts,4952438
2026-07-02T23:08:54.638055,2026-07-02T23:08:54.646895+00:00,117.9,23,ask,EarnestEspressos,Xuanyu Liu,4952446
2026-07-02T23:08:54.659495,2026-07-02T23:08:54.667412+00:00,117.9,4,ask,EarnestEspressos,Kelvin Chan,4952449
2026-07-02T23:08:54.798779,2026-07-02T23:08:54.808392+00:00,117.9,3,ask,EarnestEspressos,Kelvin Chan,4952455
2026-07-02T23:08:55.143885,2026-07-02T23:08:55.155473+00:00,117.9,14,ask,EarnestEspressos,Xuanyu Liu,4952460
2026-07-02T23:08:55.752306,2026-07-02T23:08:55.769973+00:00,118.2,50,bid,FlawlessFlatbreads,DiligentDonuts,4952474
2026-07-02T23:08:56.696180,2026-07-02T23:08:56.706383+00:00,117.9,3,ask,EarnestEspressos,Kelvin Chan,4952483
2026-07-02T23:08:56.827115,2026-07-02T23:08:56.838486+00:00,117.9,1,ask,EarnestEspressos,Kelvin Chan,4952488
2026-07-02T23:08:57.789586,2026-07-02T23:08:57.799344+00:00,117.7,100,ask,DiligentDonuts,EarnestEspressos,4952501
2026-07-02T23:08:57.789586,2026-07-02T23:08:57.799344+00:00,117.6,3,ask,Kelvin Chan,EarnestEspressos,4952502
2026-07-02T23:08:57.800470,2026-07-02T23:08:57.808364+00:00,117.5,6,bid,Xuanyu Liu,EarnestEspressos,4952504
2026-07-02T23:08:57.866486,2026-07-02T23:08:57.874784+00:00,117.5,3,bid,Kelvin Chan,EarnestEspressos,4952508
2026-07-02T23:08:57.929842,2026-07-02T23:08:57.936229+00:00,117.5,2,bid,Kelvin Chan,EarnestEspressos,4952509
2026-07-02T23:08:57.937431,2026-07-02T23:08:57.945479+00:00,117.5,5,bid,Xuanyu Liu,EarnestEspressos,4952510
2026-07-02T23:08:58.682088,2026-07-02T23:08:58.691161+00:00,117.5,2,bid,Kelvin Chan,EarnestEspressos,4952519
2026-07-02T23:08:58.714216,2026-07-02T23:08:58.721893+00:00,117.5,2,bid,Kelvin Chan,EarnestEspressos,4952520
2026-07-02T23:08:58.932410,2026-07-02T23:08:58.940671+00:00,117.5,2,bid,Kelvin Chan,EarnestEspressos,4952526
2026-07-02T23:08:59.025002,2026-07-02T23:08:59.036308+00:00,117.5,2,bid,Kelvin Chan,EarnestEspressos,4952535
2026-07-02T23:08:59.174341,2026-07-02T23:08:59.185752+00:00,117.3,40,ask,DiligentDonuts,CostlyCorianders,4952542
2026-07-02T23:09:00.023167,2026-07-02T23:09:00.034467+00:00,117.3,50,ask,DiligentDonuts,FlawlessFlatbreads,4952558
2026-07-02T23:09:00.085541,2026-07-02T23:09:00.094519+00:00,117.5,3,bid,Kelvin Chan,EarnestEspressos,4952560
2026-07-02T23:09:00.252643,2026-07-02T23:09:00.263972+00:00,117.5,20,bid,CostlyCorianders,EarnestEspressos,4952568
2026-07-02T23:09:00.741968,2026-07-02T23:09:00.750909+00:00,117.5,2,ask,Kelvin Chan,Xuanyu Liu,4952579
2026-07-02T23:09:00.834846,2026-07-02T23:09:00.842911+00:00,117.5,2,ask,Kelvin Chan,Xuanyu Liu,4952582
2026-07-02T23:09:01.321215,2026-07-02T23:09:01.329210+00:00,117.4,49,ask,EarnestEspressos,CostlyCorianders,4952595
2026-07-02T23:09:02.129526,2026-07-02T23:09:02.138178+00:00,117.4,50,ask,EarnestEspressos,FlawlessFlatbreads,4952613
2026-07-02T23:09:03.365203,2026-07-02T23:09:03.376788+00:00,117.6,44,bid,CostlyCorianders,DiligentDonuts,4952628
2026-07-02T23:09:04.203810,2026-07-02T23:09:04.211291+00:00,117.5,50,bid,FlawlessFlatbreads,EarnestEspressos,4952643
2026-07-02T23:09:04.809781,2026-07-02T23:09:04.823109+00:00,117.4,2,ask,Kelvin Chan,Xuanyu Liu,4952655
2026-07-02T23:09:05.725367,2026-07-02T23:09:05.733710+00:00,117.4,2,ask,Kelvin Chan,Xuanyu Liu,4952674
2026-07-02T23:09:06.309967,2026-07-02T23:09:06.321260+00:00,117.5,50,bid,FlawlessFlatbreads,EarnestEspressos,4952684
2026-07-02T23:09:08.415970,2026-07-02T23:09:08.423235+00:00,117.6,3,bid,FlawlessFlatbreads,Kelvin Chan,4952735
2026-07-02T23:09:08.415970,2026-07-02T23:09:08.428704+00:00,117.6,47,bid,FlawlessFlatbreads,DiligentDonuts,4952736
2026-07-02T23:09:10.523202,2026-07-02T23:09:10.529899+00:00,117.6,50,bid,FlawlessFlatbreads,DiligentDonuts,4952776
2026-07-02T23:09:12.074404,2026-07-02T23:09:12.085062+00:00,117.3,49,ask,EarnestEspressos,CostlyCorianders,4952810
2026-07-02T23:09:12.695852,2026-07-02T23:09:12.710477+00:00,117.3,50,ask,EarnestEspressos,FlawlessFlatbreads,4952827
2026-07-02T23:09:13.072421,2026-07-02T23:09:13.081898+00:00,117.3,48,ask,EarnestEspressos,CostlyCorianders,4952833
2026-07-02T23:09:14.172982,2026-07-02T23:09:14.181672+00:00,117.5,44,bid,CostlyCorianders,EarnestEspressos,4952859
2026-07-02T23:09:14.803415,2026-07-02T23:09:14.814752+00:00,117.4,50,ask,DiligentDonuts,FlawlessFlatbreads,4952866
2026-07-02T23:09:15.630156,2026-07-02T23:09:15.664164+00:00,117.4,42,ask,DiligentDonuts,CostlyCorianders,4952885
2026-07-02T23:09:16.623523,2026-07-02T23:09:16.634822+00:00,117.5,41,bid,CostlyCorianders,EarnestEspressos,4952896
2026-07-02T23:09:16.911748,2026-07-02T23:09:16.921002+00:00,117.4,8,ask,DiligentDonuts,FlawlessFlatbreads,4952902
2026-07-02T23:09:16.911748,2026-07-02T23:09:16.921002+00:00,117.1,42,ask,EarnestEspressos,FlawlessFlatbreads,4952903
2026-07-02T23:09:17.714566,2026-07-02T23:09:17.725923+00:00,117.5,46,bid,CostlyCorianders,DiligentDonuts,4952910
2026-07-02T23:09:19.019243,2026-07-02T23:09:19.027173+00:00,117.1,50,ask,EarnestEspressos,FlawlessFlatbreads,4952949
2026-07-02T23:09:20.264922,2026-07-02T23:09:20.272374+00:00,117.1,10,bid,Xuanyu Liu,EarnestEspressos,4952976
2026-07-02T23:09:20.599253,2026-07-02T23:09:20.608428+00:00,117.1,1,bid,Xuanyu Liu,EarnestEspressos,4952988
2026-07-02T23:09:20.635001,2026-07-02T23:09:20.644787+00:00,117.1,100,bid,DiligentDonuts,EarnestEspressos,4952990
2026-07-02T23:09:21.128285,2026-07-02T23:09:21.135429+00:00,116.6,50,ask,EarnestEspressos,FlawlessFlatbreads,4952993
2026-07-02T23:09:22.113164,2026-07-02T23:09:22.120492+00:00,117.1,39,bid,CostlyCorianders,EarnestEspressos,4953003
2026-07-02T23:09:23.234777,2026-07-02T23:09:23.236599+00:00,117.0,50,ask,EarnestEspressos,FlawlessFlatbreads,4953028
2026-07-02T23:09:25.340848,2026-07-02T23:09:25.352204+00:00,117.0,50,ask,EarnestEspressos,FlawlessFlatbreads,4953074
2026-07-02T23:09:25.376696,2026-07-02T23:09:25.406419+00:00,117.1,1,ask,Kelvin Chan,Xuanyu Liu,4953076
2026-07-02T23:09:25.465031,2026-07-02T23:09:25.472449+00:00,117.0,10,ask,EarnestEspressos,Xuanyu Liu,4953080
2026-07-02T23:09:26.297560,2026-07-02T23:09:26.305505+00:00,116.9,4,bid,Xuanyu Liu,EarnestEspressos,4953099
2026-07-02T23:09:26.306524,2026-07-02T23:09:26.314607+00:00,116.9,7,bid,Xuanyu Liu,EarnestEspressos,4953101
2026-07-02T23:09:27.448325,2026-07-02T23:09:27.458542+00:00,116.6,50,ask,DiligentDonuts,FlawlessFlatbreads,4953124
2026-07-02T23:09:28.968547,2026-07-02T23:09:28.979806+00:00,116.6,40,ask,DiligentDonuts,CostlyCorianders,4953151
2026-07-02T23:09:29.559221,2026-07-02T23:09:29.570910+00:00,116.6,10,ask,DiligentDonuts,FlawlessFlatbreads,4953171
2026-07-02T23:09:31.615240,2026-07-02T23:09:31.631921+00:00,116.9,50,bid,FlawlessFlatbreads,DiligentDonuts,4953217
2026-07-02T23:09:31.653768,2026-07-02T23:09:31.665266+00:00,116.9,46,bid,CostlyCorianders,DiligentDonuts,4953218
2026-07-02T23:09:33.723560,2026-07-02T23:09:33.730359+00:00,117.0,50,bid,FlawlessFlatbreads,EarnestEspressos,4953253
2026-07-02T23:09:35.833093,2026-07-02T23:09:35.844239+00:00,117.0,50,bid,FlawlessFlatbreads,DiligentDonuts,4953282
2026-07-02T23:09:37.945305,2026-07-02T23:09:37.958552+00:00,117.1,50,bid,FlawlessFlatbreads,EarnestEspressos,4953329
2026-07-02T23:09:40.053937,2026-07-02T23:09:40.063914+00:00,117.2,50,bid,FlawlessFlatbreads,DiligentDonuts,4953374
2026-07-02T23:09:41.221437,2026-07-02T23:09:41.232793+00:00,116.9,42,ask,EarnestEspressos,CostlyCorianders,4953395
2026-07-02T23:09:42.160740,2026-07-02T23:09:42.172454+00:00,117.0,50,bid,FlawlessFlatbreads,EarnestEspressos,4953402
2026-07-02T23:09:43.235677,2026-07-02T23:09:43.238507+00:00,116.7,2,ask,Kelvin Chan,CostlyCorianders,4953428
2026-07-02T23:09:43.235677,2026-07-02T23:09:43.248777+00:00,116.7,42,ask,DiligentDonuts,CostlyCorianders,4953429
2026-07-02T23:09:44.268517,2026-07-02T23:09:44.277634+00:00,117.0,50,bid,FlawlessFlatbreads,EarnestEspressos,4953456
2026-07-02T23:09:44.876928,2026-07-02T23:09:44.884614+00:00,117.0,44,bid,CostlyCorianders,EarnestEspressos,4953473
2026-07-02T23:09:45.222561,2026-07-02T23:09:45.233617+00:00,117.1,1,bid,EarnestEspressos,Kelvin Chan,4953478
2026-07-02T23:09:45.222561,2026-07-02T23:09:45.233617+00:00,117.2,100,bid,EarnestEspressos,DiligentDonuts,4953479
2026-07-02T23:09:45.290455,2026-07-02T23:09:45.301237+00:00,117.2,14,ask,EarnestEspressos,Xuanyu Liu,4953481
2026-07-02T23:09:46.055442,2026-07-02T23:09:46.063512+00:00,117.2,3,ask,EarnestEspressos,Xuanyu Liu,4953507
2026-07-02T23:09:46.376750,2026-07-02T23:09:46.387812+00:00,117.3,50,bid,FlawlessFlatbreads,DiligentDonuts,4953511
2026-07-02T23:09:47.363624,2026-07-02T23:09:47.375206+00:00,117.2,32,ask,EarnestEspressos,CostlyCorianders,4953535
2026-07-02T23:09:47.363624,2026-07-02T23:09:47.375206+00:00,116.8,14,ask,DiligentDonuts,CostlyCorianders,4953536
2026-07-02T23:09:47.987673,2026-07-02T23:09:47.998836+00:00,116.8,48,ask,DiligentDonuts,CostlyCorianders,4953554
2026-07-02T23:09:48.447336,2026-07-02T23:09:48.461296+00:00,116.9,3,bid,Xuanyu Liu,EarnestEspressos,4953564
2026-07-02T23:09:50.588840,2026-07-02T23:09:50.600087+00:00,116.9,50,bid,FlawlessFlatbreads,EarnestEspressos,4953602
2026-07-02T23:09:50.611204,2026-07-02T23:09:50.622463+00:00,116.9,40,bid,CostlyCorianders,EarnestEspressos,4953605
2026-07-02T23:09:52.694530,2026-07-02T23:09:52.704306+00:00,117.4,50,bid,FlawlessFlatbreads,DiligentDonuts,4953647
2026-07-02T23:09:54.800653,2026-07-02T23:09:54.812201+00:00,117.4,50,bid,FlawlessFlatbreads,DiligentDonuts,4953681
2026-07-02T23:09:56.907522,2026-07-02T23:09:56.919147+00:00,117.2,5,bid,FlawlessFlatbreads,Kelvin Chan,4953733
2026-07-02T23:09:56.907522,2026-07-02T23:09:56.919147+00:00,117.4,45,bid,FlawlessFlatbreads,EarnestEspressos,4953734
2026-07-02T23:09:57.655554,2026-07-02T23:09:57.667108+00:00,117.0,43,ask,DiligentDonuts,CostlyCorianders,4953755
2026-07-02T23:09:59.016513,2026-07-02T23:09:59.028264+00:00,117.2,5,bid,FlawlessFlatbreads,Kelvin Chan,4953779
2026-07-02T23:09:59.016513,2026-07-02T23:09:59.028264+00:00,117.6,45,bid,FlawlessFlatbreads,EarnestEspressos,4953780
2026-07-02T23:10:01.034171,2026-07-02T23:10:01.045485+00:00,117.2,5,bid,EarnestEspressos,Kelvin Chan,4953806
2026-07-02T23:10:01.046669,2026-07-02T23:10:01.065022+00:00,117.4,14,ask,EarnestEspressos,Xuanyu Liu,4953807
2026-07-02T23:10:01.125274,2026-07-02T23:10:01.136819+00:00,117.6,50,bid,FlawlessFlatbreads,DiligentDonuts,4953809
2026-07-02T23:10:01.784301,2026-07-02T23:10:01.795837+00:00,117.4,48,ask,EarnestEspressos,CostlyCorianders,4953822
2026-07-02T23:10:01.829129,2026-07-02T23:10:01.838811+00:00,117.4,12,ask,EarnestEspressos,Xuanyu Liu,4953827
2026-07-02T23:10:02.047026,2026-07-02T23:10:02.056269+00:00,117.4,5,ask,EarnestEspressos,Kelvin Chan,4953833
2026-07-02T23:10:02.203009,2026-07-02T23:10:02.213326+00:00,117.4,5,ask,EarnestEspressos,Kelvin Chan,4953834
2026-07-02T23:10:03.059842,2026-07-02T23:10:03.068541+00:00,117.4,11,ask,EarnestEspressos,Xuanyu Liu,4953850
2026-07-02T23:10:03.275553,2026-07-02T23:10:03.285025+00:00,117.4,5,ask,EarnestEspressos,Kelvin Chan,4953853
2026-07-02T23:10:03.285178,2026-07-02T23:10:03.296487+00:00,117.4,45,ask,EarnestEspressos,FlawlessFlatbreads,4953854
2026-07-02T23:10:03.285178,2026-07-02T23:10:03.296487+00:00,117.1,5,ask,DiligentDonuts,FlawlessFlatbreads,4953855
2026-07-02T23:10:03.785301,2026-07-02T23:10:03.794790+00:00,117.6,40,bid,CostlyCorianders,DiligentDonuts,4953870
2026-07-02T23:10:04.259119,2026-07-02T23:10:04.269602+00:00,117.1,95,ask,DiligentDonuts,EarnestEspressos,4953889
2026-07-02T23:10:04.271135,2026-07-02T23:10:04.280602+00:00,117.1,23,bid,Xuanyu Liu,EarnestEspressos,4953890
2026-07-02T23:10:05.394470,2026-07-02T23:10:05.405831+00:00,116.7,50,ask,DiligentDonuts,FlawlessFlatbreads,4953907
2026-07-02T23:10:06.800777,2026-07-02T23:10:06.812184+00:00,117.1,32,bid,CostlyCorianders,EarnestEspressos,4953934
2026-07-02T23:10:06.800777,2026-07-02T23:10:06.812184+00:00,117.2,11,bid,CostlyCorianders,DiligentDonuts,4953935
2026-07-02T23:10:07.369297,2026-07-02T23:10:07.383460+00:00,117.2,49,bid,CostlyCorianders,DiligentDonuts,4953961
2026-07-02T23:10:07.501609,2026-07-02T23:10:07.512851+00:00,117.1,50,ask,EarnestEspressos,FlawlessFlatbreads,4953966
2026-07-02T23:10:08.279358,2026-07-02T23:10:08.289336+00:00,117.3,9,bid,Zihao Wu,DiligentDonuts,4953988
2026-07-02T23:10:09.556985,2026-07-02T23:10:09.568539+00:00,117.3,50,bid,FlawlessFlatbreads,DiligentDonuts,4954016
2026-07-02T23:10:10.678143,2026-07-02T23:10:10.685029+00:00,117.3,4,bid,Zihao Wu,DiligentDonuts,4954044
2026-07-02T23:10:11.675093,2026-07-02T23:10:11.686824+00:00,117.4,3,bid,FlawlessFlatbreads,Kelvin Chan,4954064
2026-07-02T23:10:11.675093,2026-07-02T23:10:11.686824+00:00,117.4,47,bid,FlawlessFlatbreads,EarnestEspressos,4954065
2026-07-02T23:10:11.880593,2026-07-02T23:10:11.891099+00:00,117.0,1,ask,Kelvin Chan,Zihao Wu,4954076
2026-07-02T23:10:13.070016,2026-07-02T23:10:13.077482+00:00,117.0,1,ask,Kelvin Chan,Xuanyu Liu,4954104
2026-07-02T23:10:13.220148,2026-07-02T23:10:13.230203+00:00,116.9,47,ask,EarnestEspressos,CostlyCorianders,4954110
2026-07-02T23:10:13.853024,2026-07-02T23:10:13.858564+00:00,116.9,50,ask,DiligentDonuts,FlawlessFlatbreads,4954125
2026-07-02T23:10:15.959028,2026-07-02T23:10:15.970463+00:00,116.6,50,ask,EarnestEspressos,FlawlessFlatbreads,4954164
2026-07-02T23:10:16.102176,2026-07-02T23:10:16.113440+00:00,117.0,48,bid,CostlyCorianders,DiligentDonuts,4954169
2026-07-02T23:10:17.187523,2026-07-02T23:10:17.199071+00:00,116.5,48,ask,DiligentDonuts,CostlyCorianders,4954194
2026-07-02T23:10:17.714942,2026-07-02T23:10:17.726652+00:00,117.0,45,bid,CostlyCorianders,EarnestEspressos,4954208
2026-07-02T23:10:18.074372,2026-07-02T23:10:18.085109+00:00,116.5,50,ask,EarnestEspressos,FlawlessFlatbreads,4954215
2026-07-02T23:10:18.300774,2026-07-02T23:10:18.309852+00:00,116.5,49,ask,EarnestEspressos,CostlyCorianders,4954221
2026-07-02T23:10:19.623971,2026-07-02T23:10:19.632558+00:00,117.0,1,bid,Xuanyu Liu,EarnestEspressos,4954246
2026-07-02T23:10:20.080159,2026-07-02T23:10:20.088533+00:00,116.9,11,bid,Xuanyu Liu,EarnestEspressos,4954261
2026-07-02T23:10:22.303851,2026-07-02T23:10:22.319791+00:00,116.7,50,ask,DiligentDonuts,FlawlessFlatbreads,4954332
2026-07-02T23:10:23.360604,2026-07-02T23:10:23.371927+00:00,116.7,40,ask,DiligentDonuts,CostlyCorianders,4954354
2026-07-02T23:10:23.564911,2026-07-02T23:10:23.575196+00:00,116.8,3,bid,Xuanyu Liu,EarnestEspressos,4954360
2026-07-02T23:10:23.692793,2026-07-02T23:10:23.703961+00:00,116.8,17,bid,Zihao Wu,EarnestEspressos,4954365
2026-07-02T23:10:26.220184,2026-07-02T23:10:26.231504+00:00,116.8,42,bid,CostlyCorianders,EarnestEspressos,4954401
2026-07-02T23:10:26.513438,2026-07-02T23:10:26.525021+00:00,116.6,50,ask,EarnestEspressos,FlawlessFlatbreads,4954410
2026-07-02T23:10:26.740275,2026-07-02T23:10:26.751824+00:00,116.6,49,ask,EarnestEspressos,CostlyCorianders,4954418
2026-07-02T23:10:27.341365,2026-07-02T23:10:27.350108+00:00,116.8,44,bid,CostlyCorianders,DiligentDonuts,4954430
2026-07-02T23:10:27.900040,2026-07-02T23:10:27.910039+00:00,116.8,43,bid,CostlyCorianders,DiligentDonuts,4954447
2026-07-02T23:10:28.569829,2026-07-02T23:10:28.581219+00:00,116.8,13,bid,FlawlessFlatbreads,DiligentDonuts,4954468
2026-07-02T23:10:28.569829,2026-07-02T23:10:28.581219+00:00,117.1,37,bid,FlawlessFlatbreads,EarnestEspressos,4954469
2026-07-02T23:10:30.684000,2026-07-02T23:10:30.695490+00:00,117.0,50,bid,FlawlessFlatbreads,EarnestEspressos,4954503
2026-07-02T23:10:32.791290,2026-07-02T23:10:32.801019+00:00,116.9,2,bid,FlawlessFlatbreads,Kelvin Chan,4954558
2026-07-02T23:10:34.806511,2026-07-02T23:10:34.814030+00:00,116.6,3,ask,Kelvin Chan,CostlyCorianders,4954597
2026-07-02T23:10:34.806511,2026-07-02T23:10:34.819522+00:00,116.6,41,ask,DiligentDonuts,CostlyCorianders,4954598
2026-07-02T23:10:34.946655,2026-07-02T23:10:34.952849+00:00,116.6,50,ask,DiligentDonuts,FlawlessFlatbreads,4954603
2026-07-02T23:10:35.312906,2026-07-02T23:10:35.323591+00:00,116.6,9,ask,DiligentDonuts,CostlyCorianders,4954611
2026-07-02T23:10:35.312906,2026-07-02T23:10:35.323591+00:00,116.5,38,ask,EarnestEspressos,CostlyCorianders,4954612
2026-07-02T23:10:37.001894,2026-07-02T23:10:37.013372+00:00,116.7,50,bid,FlawlessFlatbreads,DiligentDonuts,4954654
2026-07-02T23:10:38.148641,2026-07-02T23:10:38.155767+00:00,116.7,40,bid,CostlyCorianders,DiligentDonuts,4954680
2026-07-02T23:10:39.161136,2026-07-02T23:10:39.168955+00:00,116.6,1,ask,Kelvin Chan,FlawlessFlatbreads,4954702
2026-07-02T23:10:39.161136,2026-07-02T23:10:39.174225+00:00,116.3,49,ask,EarnestEspressos,FlawlessFlatbreads,4954703
2026-07-02T23:10:41.206324,2026-07-02T23:10:41.217880+00:00,116.8,47,bid,CostlyCorianders,EarnestEspressos,4954742
2026-07-02T23:10:41.269231,2026-07-02T23:10:41.275466+00:00,116.4,50,ask,DiligentDonuts,FlawlessFlatbreads,4954745
2026-07-02T23:10:41.722096,2026-07-02T23:10:41.733510+00:00,116.4,47,ask,DiligentDonuts,CostlyCorianders,4954763
2026-07-02T23:10:42.223039,2026-07-02T23:10:42.233983+00:00,116.8,46,bid,CostlyCorianders,EarnestEspressos,4954771
2026-07-02T23:10:42.296447,2026-07-02T23:10:42.305835+00:00,116.4,3,ask,DiligentDonuts,CostlyCorianders,4954772
2026-07-02T23:10:43.377910,2026-07-02T23:10:43.388365+00:00,116.3,50,ask,EarnestEspressos,FlawlessFlatbreads,4954807
2026-07-02T23:10:45.040615,2026-07-02T23:10:45.048486+00:00,116.3,49,ask,EarnestEspressos,CostlyCorianders,4954844
2026-07-02T23:10:45.485435,2026-07-02T23:10:45.492282+00:00,116.2,50,ask,DiligentDonuts,FlawlessFlatbreads,4954856
2026-07-02T23:10:47.547117,2026-07-02T23:10:47.553308+00:00,116.5,49,bid,CostlyCorianders,DiligentDonuts,4954902
2026-07-02T23:10:48.119615,2026-07-02T23:10:48.131151+00:00,116.1,43,ask,EarnestEspressos,CostlyCorianders,4954915
2026-07-02T23:10:49.702371,2026-07-02T23:10:49.713915+00:00,116.0,50,ask,DiligentDonuts,FlawlessFlatbreads,4954950
2026-07-02T23:10:51.813920,2026-07-02T23:10:51.823078+00:00,116.0,50,ask,DiligentDonuts,FlawlessFlatbreads,4954992
2026-07-02T23:10:51.895230,2026-07-02T23:10:51.906603+00:00,116.3,40,bid,CostlyCorianders,EarnestEspressos,4954994
2026-07-02T23:10:52.442047,2026-07-02T23:10:52.451521+00:00,116.2,3,bid,Xuanyu Liu,DiligentDonuts,4955007
2026-07-02T23:10:53.922439,2026-07-02T23:10:53.933964+00:00,115.8,50,ask,EarnestEspressos,FlawlessFlatbreads,4955038
