timestamp,recv_time,price,volume,aggressor_side,buyer,seller,trade_id
2026-07-05T21:00:00.527295,2026-07-05T21:00:00.539303+00:00,162.1,50,ask,DiligentDonuts,FlawlessFlatbreads,8759798
2026-07-05T21:00:02.635285,2026-07-05T21:00:02.647158+00:00,162.1,50,ask,EarnestEspressos,FlawlessFlatbreads,8759825
2026-07-05T21:00:03.205864,2026-07-05T21:00:03.217428+00:00,162.5,48,bid,CostlyCorianders,DiligentDonuts,8759833
2026-07-05T21:00:03.782736,2026-07-05T21:00:03.794563+00:00,162.0,43,ask,DiligentDonuts,CostlyCorianders,8759837
2026-07-05T21:00:04.705596,2026-07-05T21:00:04.712241+00:00,162.4,42,bid,CostlyCorianders,EarnestEspressos,8759846
2026-07-05T21:00:04.745686,2026-07-05T21:00:04.758598+00:00,161.9,50,ask,EarnestEspressos,FlawlessFlatbreads,8759847
2026-07-05T21:00:05.669281,2026-07-05T21:00:05.675817+00:00,162.0,48,ask,DiligentDonuts,CostlyCorianders,8759861
2026-07-05T21:00:06.785342,2026-07-05T21:00:06.797010+00:00,162.3,48,bid,CostlyCorianders,EarnestEspressos,8759877
2026-07-05T21:00:06.852503,2026-07-05T21:00:06.864395+00:00,162.0,50,ask,DiligentDonuts,FlawlessFlatbreads,8759878
2026-07-05T21:00:07.357400,2026-07-05T21:00:07.369033+00:00,162.3,47,bid,CostlyCorianders,EarnestEspressos,8759887
2026-07-05T21:00:08.032446,2026-07-05T21:00:08.043877+00:00,162.0,26,bid,Xuanyu Liu,DiligentDonuts,8759898
2026-07-05T21:00:08.467833,2026-07-05T21:00:08.479808+00:00,161.8,40,ask,EarnestEspressos,CostlyCorianders,8759906
2026-07-05T21:00:08.908455,2026-07-05T21:00:08.919991+00:00,162.0,50,bid,FlawlessFlatbreads,DiligentDonuts,8759913
2026-07-05T21:00:09.733737,2026-07-05T21:00:09.745378+00:00,162.0,24,bid,EarnestEspressos,DiligentDonuts,8759924
2026-07-05T21:00:10.559496,2026-07-05T21:00:10.567718+00:00,162.1,12,ask,EarnestEspressos,Xuanyu Liu,8759935
2026-07-05T21:00:10.626419,2026-07-05T21:00:10.638307+00:00,162.1,48,ask,EarnestEspressos,CostlyCorianders,8759937
2026-07-05T21:00:11.018488,2026-07-05T21:00:11.026648+00:00,162.6,50,bid,FlawlessFlatbreads,EarnestEspressos,8759945
2026-07-05T21:00:11.557793,2026-07-05T21:00:11.574666+00:00,162.3,45,bid,CostlyCorianders,DiligentDonuts,8759962
2026-07-05T21:00:11.871960,2026-07-05T21:00:11.880917+00:00,162.1,11,ask,EarnestEspressos,Xuanyu Liu,8759969
2026-07-05T21:00:13.124744,2026-07-05T21:00:13.136506+00:00,162.1,50,bid,FlawlessFlatbreads,EarnestEspressos,8759985
2026-07-05T21:00:13.270448,2026-07-05T21:00:13.277274+00:00,162.1,49,bid,CostlyCorianders,EarnestEspressos,8759987
2026-07-05T21:00:15.231314,2026-07-05T21:00:15.241334+00:00,162.1,50,bid,FlawlessFlatbreads,EarnestEspressos,8760015
2026-07-05T21:00:15.835122,2026-07-05T21:00:15.843643+00:00,161.9,42,ask,DiligentDonuts,CostlyCorianders,8760023
2026-07-05T21:00:16.069986,2026-07-05T21:00:16.077511+00:00,162.3,3,ask,EarnestEspressos,Xuanyu Liu,8760027
2026-07-05T21:00:17.336609,2026-07-05T21:00:17.358752+00:00,162.4,50,bid,FlawlessFlatbreads,DiligentDonuts,8760047
2026-07-05T21:00:17.490897,2026-07-05T21:00:17.502809+00:00,162.3,100,ask,EarnestEspressos,DiligentDonuts,8760049
2026-07-05T21:00:19.445090,2026-07-05T21:00:19.463829+00:00,162.4,50,bid,FlawlessFlatbreads,EarnestEspressos,8760071
2026-07-05T21:00:19.507992,2026-07-05T21:00:19.520026+00:00,161.9,47,ask,EarnestEspressos,CostlyCorianders,8760072
2026-07-05T21:00:21.551358,2026-07-05T21:00:21.554857+00:00,162.4,50,bid,FlawlessFlatbreads,EarnestEspressos,8760095
2026-07-05T21:00:23.671644,2026-07-05T21:00:23.684809+00:00,162.7,50,bid,FlawlessFlatbreads,EarnestEspressos,8760115
2026-07-05T21:00:24.576178,2026-07-05T21:00:24.588313+00:00,162.7,46,bid,CostlyCorianders,EarnestEspressos,8760127
2026-07-05T21:00:25.215672,2026-07-05T21:00:25.227621+00:00,162.7,41,bid,CostlyCorianders,EarnestEspressos,8760136
2026-07-05T21:00:25.553496,2026-07-05T21:00:25.565485+00:00,162.9,100,bid,EarnestEspressos,DiligentDonuts,8760143
2026-07-05T21:00:25.615651,2026-07-05T21:00:25.623863+00:00,162.9,14,ask,EarnestEspressos,Xuanyu Liu,8760146
2026-07-05T21:00:25.706157,2026-07-05T21:00:25.713967+00:00,162.9,36,ask,EarnestEspressos,CostlyCorianders,8760149
2026-07-05T21:00:25.706157,2026-07-05T21:00:25.718994+00:00,162.4,12,ask,DiligentDonuts,CostlyCorianders,8760150
2026-07-05T21:00:25.782443,2026-07-05T21:00:25.794418+00:00,163.4,50,bid,FlawlessFlatbreads,EarnestEspressos,8760152
2026-07-05T21:00:27.890446,2026-07-05T21:00:27.901854+00:00,163.2,50,bid,FlawlessFlatbreads,DiligentDonuts,8760188
2026-07-05T21:00:29.586081,2026-07-05T21:00:29.597966+00:00,162.7,48,ask,DiligentDonuts,CostlyCorianders,8760202
2026-07-05T21:00:29.996174,2026-07-05T21:00:30.008199+00:00,163.0,50,bid,FlawlessFlatbreads,EarnestEspressos,8760209
2026-07-05T21:00:30.701090,2026-07-05T21:00:30.712936+00:00,163.0,49,bid,CostlyCorianders,EarnestEspressos,8760217
2026-07-05T21:00:32.188887,2026-07-05T21:00:32.197430+00:00,162.8,12,ask,EarnestEspressos,Xuanyu Liu,8760242
2026-07-05T21:00:35.662180,2026-07-05T21:00:35.674172+00:00,162.9,40,ask,DiligentDonuts,CostlyCorianders,8760276
2026-07-05T21:00:36.726711,2026-07-05T21:00:36.736005+00:00,162.7,49,ask,EarnestEspressos,CostlyCorianders,8760288
2026-07-05T21:00:37.331226,2026-07-05T21:00:37.338468+00:00,163.0,48,bid,CostlyCorianders,DiligentDonuts,8760300
2026-07-05T21:00:38.451066,2026-07-05T21:00:38.463983+00:00,162.9,50,bid,FlawlessFlatbreads,EarnestEspressos,8760315
2026-07-05T21:00:40.558762,2026-07-05T21:00:40.570677+00:00,162.9,50,bid,FlawlessFlatbreads,EarnestEspressos,8760338
2026-07-05T21:00:41.115803,2026-07-05T21:00:41.127683+00:00,162.9,48,bid,CostlyCorianders,EarnestEspressos,8760346
2026-07-05T21:00:41.363626,2026-07-05T21:00:41.372725+00:00,163.0,100,bid,EarnestEspressos,DiligentDonuts,8760353
2026-07-05T21:00:42.048059,2026-07-05T21:00:42.056959+00:00,163.6,50,ask,EarnestEspressos,Xuanyu Liu,8760363
2026-07-05T21:00:42.152146,2026-07-05T21:00:42.164159+00:00,162.5,44,ask,DiligentDonuts,CostlyCorianders,8760365
2026-07-05T21:00:44.577564,2026-07-05T21:00:44.585178+00:00,163.0,100,ask,DiligentDonuts,EarnestEspressos,8760392
2026-07-05T21:00:44.582086,2026-07-05T21:00:44.590405+00:00,162.4,45,ask,EarnestEspressos,CostlyCorianders,8760393
2026-07-05T21:00:44.591473,2026-07-05T21:00:44.599202+00:00,162.9,16,bid,Xuanyu Liu,EarnestEspressos,8760394
2026-07-05T21:00:44.670088,2026-07-05T21:00:44.678791+00:00,162.9,34,bid,Xuanyu Liu,EarnestEspressos,8760399
2026-07-05T21:00:44.771203,2026-07-05T21:00:44.782889+00:00,163.5,50,bid,FlawlessFlatbreads,DiligentDonuts,8760401
2026-07-05T21:00:46.878630,2026-07-05T21:00:46.886699+00:00,163.6,50,bid,FlawlessFlatbreads,DiligentDonuts,8760427
2026-07-05T21:00:47.313961,2026-07-05T21:00:47.322103+00:00,163.1,11,ask,DiligentDonuts,Xuanyu Liu,8760432
2026-07-05T21:00:48.625924,2026-07-05T21:00:48.634321+00:00,163.1,12,ask,DiligentDonuts,Xuanyu Liu,8760459
2026-07-05T21:00:49.038104,2026-07-05T21:00:49.050087+00:00,163.1,50,ask,DiligentDonuts,FlawlessFlatbreads,8760467
2026-07-05T21:00:49.159511,2026-07-05T21:00:49.171075+00:00,163.1,100,ask,EarnestEspressos,DiligentDonuts,8760470
2026-07-05T21:00:51.145074,2026-07-05T21:00:51.163644+00:00,162.7,50,ask,EarnestEspressos,FlawlessFlatbreads,8760494
2026-07-05T21:00:53.253284,2026-07-05T21:00:53.264990+00:00,163.0,50,ask,DiligentDonuts,FlawlessFlatbreads,8760518
2026-07-05T21:00:54.100564,2026-07-05T21:00:54.120382+00:00,163.0,50,ask,DiligentDonuts,EarnestEspressos,8760530
2026-07-05T21:00:54.110864,2026-07-05T21:00:54.120382+00:00,163.0,12,bid,Xuanyu Liu,EarnestEspressos,8760531
2026-07-05T21:00:55.362815,2026-07-05T21:00:55.373713+00:00,162.5,50,ask,EarnestEspressos,FlawlessFlatbreads,8760551
2026-07-05T21:00:56.421609,2026-07-05T21:00:56.430048+00:00,163.0,11,bid,Xuanyu Liu,EarnestEspressos,8760564
2026-07-05T21:00:56.898023,2026-07-05T21:00:56.905223+00:00,163.0,40,bid,CostlyCorianders,EarnestEspressos,8760572
2026-07-05T21:00:57.469206,2026-07-05T21:00:57.480814+00:00,163.3,45,bid,CostlyCorianders,DiligentDonuts,8760576
2026-07-05T21:00:57.473065,2026-07-05T21:00:57.480814+00:00,162.9,50,ask,EarnestEspressos,FlawlessFlatbreads,8760577
2026-07-05T21:00:58.034519,2026-07-05T21:00:58.046264+00:00,162.9,41,ask,EarnestEspressos,CostlyCorianders,8760587
2026-07-05T21:00:59.158265,2026-07-05T21:00:59.170060+00:00,162.9,40,ask,EarnestEspressos,CostlyCorianders,8760606
2026-07-05T21:00:59.579988,2026-07-05T21:00:59.592226+00:00,162.9,19,ask,EarnestEspressos,FlawlessFlatbreads,8760608
2026-07-05T21:00:59.579988,2026-07-05T21:00:59.592226+00:00,162.9,31,ask,DiligentDonuts,FlawlessFlatbreads,8760609
2026-07-05T21:01:00.429365,2026-07-05T21:01:00.438755+00:00,162.9,69,ask,DiligentDonuts,EarnestEspressos,8760625
2026-07-05T21:01:00.869987,2026-07-05T21:01:00.881693+00:00,162.8,45,bid,CostlyCorianders,EarnestEspressos,8760631
2026-07-05T21:01:03.030319,2026-07-05T21:01:03.039445+00:00,162.8,12,bid,Xuanyu Liu,EarnestEspressos,8760651
2026-07-05T21:01:03.647663,2026-07-05T21:01:03.654282+00:00,162.7,47,ask,EarnestEspressos,CostlyCorianders,8760653
2026-07-05T21:01:03.742720,2026-07-05T21:01:03.758605+00:00,163.0,50,bid,FlawlessFlatbreads,DiligentDonuts,8760657
2026-07-05T21:01:05.903421,2026-07-05T21:01:05.912558+00:00,162.7,50,ask,EarnestEspressos,FlawlessFlatbreads,8760690
2026-07-05T21:01:07.959282,2026-07-05T21:01:07.971309+00:00,162.8,50,bid,FlawlessFlatbreads,EarnestEspressos,8760715
2026-07-05T21:01:08.233857,2026-07-05T21:01:08.246618+00:00,162.8,41,bid,CostlyCorianders,EarnestEspressos,8760716
2026-07-05T21:01:08.712336,2026-07-05T21:01:08.723961+00:00,162.7,40,ask,DiligentDonuts,CostlyCorianders,8760727
2026-07-05T21:01:09.818525,2026-07-05T21:01:09.830300+00:00,162.8,44,bid,CostlyCorianders,EarnestEspressos,8760740
2026-07-05T21:01:12.956485,2026-07-05T21:01:12.963776+00:00,163.0,46,bid,CostlyCorianders,DiligentDonuts,8760781
2026-07-05T21:01:13.011670,2026-07-05T21:01:13.022328+00:00,162.5,49,ask,DiligentDonuts,CostlyCorianders,8760782
2026-07-05T21:01:14.327573,2026-07-05T21:01:14.339237+00:00,162.6,50,ask,EarnestEspressos,FlawlessFlatbreads,8760799
2026-07-05T21:01:16.022497,2026-07-05T21:01:16.034539+00:00,162.9,47,bid,CostlyCorianders,DiligentDonuts,8760818
2026-07-05T21:01:16.434829,2026-07-05T21:01:16.446067+00:00,162.6,50,ask,EarnestEspressos,FlawlessFlatbreads,8760826
2026-07-05T21:01:18.541459,2026-07-05T21:01:18.553614+00:00,162.8,50,ask,DiligentDonuts,FlawlessFlatbreads,8760854
2026-07-05T21:01:19.415800,2026-07-05T21:01:19.424654+00:00,162.8,12,ask,DiligentDonuts,Xuanyu Liu,8760869
2026-07-05T21:01:19.442305,2026-07-05T21:01:19.453819+00:00,162.8,38,ask,DiligentDonuts,EarnestEspressos,8760871
2026-07-05T21:01:20.656659,2026-07-05T21:01:20.668648+00:00,162.3,50,ask,EarnestEspressos,FlawlessFlatbreads,8760887
2026-07-05T21:01:22.501656,2026-07-05T21:01:22.512742+00:00,162.4,40,ask,DiligentDonuts,CostlyCorianders,8760915
2026-07-05T21:01:22.765022,2026-07-05T21:01:22.776110+00:00,162.4,50,ask,DiligentDonuts,FlawlessFlatbreads,8760916
2026-07-05T21:01:23.039183,2026-07-05T21:01:23.051975+00:00,162.7,12,bid,Xuanyu Liu,EarnestEspressos,8760923
2026-07-05T21:01:23.959632,2026-07-05T21:01:23.970719+00:00,162.6,11,bid,Xuanyu Liu,DiligentDonuts,8760929
2026-07-05T21:01:24.178663,2026-07-05T21:01:24.190550+00:00,162.6,48,bid,CostlyCorianders,DiligentDonuts,8760935
2026-07-05T21:01:24.881575,2026-07-05T21:01:24.890667+00:00,162.2,50,ask,EarnestEspressos,FlawlessFlatbreads,8760946
2026-07-05T21:01:25.459567,2026-07-05T21:01:25.468556+00:00,162.6,3,bid,Xuanyu Liu,DiligentDonuts,8760952
2026-07-05T21:01:26.989929,2026-07-05T21:01:27.001615+00:00,162.3,50,ask,EarnestEspressos,FlawlessFlatbreads,8760971
2026-07-05T21:01:27.835623,2026-07-05T21:01:27.843166+00:00,162.3,44,ask,EarnestEspressos,CostlyCorianders,8760978
2026-07-05T21:01:28.930773,2026-07-05T21:01:28.939315+00:00,162.3,100,ask,DiligentDonuts,EarnestEspressos,8760994
2026-07-05T21:01:29.102768,2026-07-05T21:01:29.112583+00:00,161.7,50,ask,EarnestEspressos,FlawlessFlatbreads,8760995
2026-07-05T21:01:29.220122,2026-07-05T21:01:29.229539+00:00,162.2,14,bid,Xuanyu Liu,EarnestEspressos,8760996
2026-07-05T21:01:31.208849,2026-07-05T21:01:31.220757+00:00,162.0,50,ask,DiligentDonuts,FlawlessFlatbreads,8761025
2026-07-05T21:01:32.346951,2026-07-05T21:01:32.348472+00:00,162.5,41,bid,CostlyCorianders,DiligentDonuts,8761036
2026-07-05T21:01:32.836236,2026-07-05T21:01:32.843867+00:00,162.5,41,bid,CostlyCorianders,DiligentDonuts,8761045
2026-07-05T21:01:33.319773,2026-07-05T21:01:33.329700+00:00,162.0,50,ask,DiligentDonuts,FlawlessFlatbreads,8761049
2026-07-05T21:01:34.567488,2026-07-05T21:01:34.581507+00:00,162.0,46,ask,EarnestEspressos,CostlyCorianders,8761065
2026-07-05T21:01:35.426224,2026-07-05T21:01:35.438188+00:00,161.9,50,ask,DiligentDonuts,FlawlessFlatbreads,8761078
2026-07-05T21:01:37.022742,2026-07-05T21:01:37.034441+00:00,161.6,47,ask,EarnestEspressos,CostlyCorianders,8761102
2026-07-05T21:01:37.542453,2026-07-05T21:01:37.552532+00:00,161.6,50,ask,EarnestEspressos,FlawlessFlatbreads,8761108
2026-07-05T21:01:38.459594,2026-07-05T21:01:38.470496+00:00,161.5,12,bid,Xuanyu Liu,EarnestEspressos,8761119
2026-07-05T21:01:39.598287,2026-07-05T21:01:39.610378+00:00,161.5,50,bid,FlawlessFlatbreads,EarnestEspressos,8761131
2026-07-05T21:01:41.267750,2026-07-05T21:01:41.279728+00:00,161.5,48,bid,CostlyCorianders,EarnestEspressos,8761153
2026-07-05T21:01:41.705947,2026-07-05T21:01:41.717803+00:00,161.6,50,bid,FlawlessFlatbreads,DiligentDonuts,8761156
2026-07-05T21:01:42.396892,2026-07-05T21:01:42.403653+00:00,161.6,49,bid,CostlyCorianders,DiligentDonuts,8761168
2026-07-05T21:01:42.450164,2026-07-05T21:01:42.461840+00:00,161.4,43,ask,EarnestEspressos,CostlyCorianders,8761173
2026-07-05T21:01:42.912415,2026-07-05T21:01:42.918951+00:00,161.9,45,bid,CostlyCorianders,EarnestEspressos,8761182
2026-07-05T21:01:43.646858,2026-07-05T21:01:43.655443+00:00,161.5,12,ask,DiligentDonuts,Xuanyu Liu,8761194
2026-07-05T21:01:43.895297,2026-07-05T21:01:43.904611+00:00,161.5,50,ask,DiligentDonuts,FlawlessFlatbreads,8761198
2026-07-05T21:01:44.926611,2026-07-05T21:01:44.935786+00:00,161.5,14,ask,DiligentDonuts,Xuanyu Liu,8761219
2026-07-05T21:01:45.197094,2026-07-05T21:01:45.209115+00:00,161.5,24,ask,DiligentDonuts,CostlyCorianders,8761228
2026-07-05T21:01:45.197094,2026-07-05T21:01:45.209115+00:00,161.2,23,ask,EarnestEspressos,CostlyCorianders,8761229
2026-07-05T21:01:45.760534,2026-07-05T21:01:45.772285+00:00,161.2,47,ask,EarnestEspressos,CostlyCorianders,8761231
2026-07-05T21:01:46.003832,2026-07-05T21:01:46.014427+00:00,161.2,50,ask,EarnestEspressos,FlawlessFlatbreads,8761234
2026-07-05T21:01:47.947234,2026-07-05T21:01:47.963661+00:00,160.8,100,ask,DiligentDonuts,EarnestEspressos,8761261
2026-07-05T21:01:47.965143,2026-07-05T21:01:47.973120+00:00,160.8,37,bid,Xuanyu Liu,EarnestEspressos,8761262
2026-07-05T21:01:48.057857,2026-07-05T21:01:48.069504+00:00,160.8,13,bid,FlawlessFlatbreads,EarnestEspressos,8761264
2026-07-05T21:01:48.057857,2026-07-05T21:01:48.069504+00:00,161.3,37,bid,FlawlessFlatbreads,DiligentDonuts,8761265
2026-07-05T21:01:50.165014,2026-07-05T21:01:50.176755+00:00,161.1,50,bid,FlawlessFlatbreads,DiligentDonuts,8761299
2026-07-05T21:01:51.232206,2026-07-05T21:01:51.244145+00:00,161.1,47,bid,CostlyCorianders,DiligentDonuts,8761308
2026-07-05T21:01:51.873932,2026-07-05T21:01:51.886323+00:00,161.1,3,bid,CostlyCorianders,DiligentDonuts,8761314
2026-07-05T21:01:51.873932,2026-07-05T21:01:51.886323+00:00,161.5,41,bid,CostlyCorianders,EarnestEspressos,8761315
2026-07-05T21:01:54.220506,2026-07-05T21:01:54.232372+00:00,161.4,100,bid,EarnestEspressos,DiligentDonuts,8761344
2026-07-05T21:01:54.287696,2026-07-05T21:01:54.296536+00:00,161.4,11,ask,EarnestEspressos,Xuanyu Liu,8761345
2026-07-05T21:01:54.375252,2026-07-05T21:01:54.386048+00:00,161.9,50,bid,FlawlessFlatbreads,EarnestEspressos,8761348
2026-07-05T21:01:55.417203,2026-07-05T21:01:55.427488+00:00,161.4,12,ask,EarnestEspressos,Xuanyu Liu,8761356
2026-07-05T21:01:56.131978,2026-07-05T21:01:56.143983+00:00,161.4,27,ask,EarnestEspressos,CostlyCorianders,8761372
2026-07-05T21:01:56.131978,2026-07-05T21:01:56.143983+00:00,161.3,17,ask,DiligentDonuts,CostlyCorianders,8761373
2026-07-05T21:01:56.537621,2026-07-05T21:01:56.544954+00:00,161.3,50,ask,DiligentDonuts,FlawlessFlatbreads,8761383
2026-07-05T21:01:57.784202,2026-07-05T21:01:57.796199+00:00,161.3,33,ask,DiligentDonuts,CostlyCorianders,8761396
2026-07-05T21:01:57.784202,2026-07-05T21:01:57.796199+00:00,160.9,11,ask,EarnestEspressos,CostlyCorianders,8761397
2026-07-05T21:01:58.648729,2026-07-05T21:01:58.664937+00:00,160.9,50,ask,EarnestEspressos,FlawlessFlatbreads,8761414
2026-07-05T21:02:00.754561,2026-07-05T21:02:00.766601+00:00,161.1,50,ask,DiligentDonuts,FlawlessFlatbreads,8761441
2026-07-05T21:02:02.860898,2026-07-05T21:02:02.872810+00:00,160.8,50,ask,EarnestEspressos,FlawlessFlatbreads,8761459
2026-07-05T21:02:03.779248,2026-07-05T21:02:03.786904+00:00,160.8,100,ask,DiligentDonuts,EarnestEspressos,8761472
2026-07-05T21:02:03.793351,2026-07-05T21:02:03.801744+00:00,160.8,35,bid,Xuanyu Liu,EarnestEspressos,8761473
2026-07-05T21:02:04.648885,2026-07-05T21:02:04.658659+00:00,160.8,15,bid,CostlyCorianders,EarnestEspressos,8761481
2026-07-05T21:02:04.648885,2026-07-05T21:02:04.663603+00:00,161.3,27,bid,CostlyCorianders,DiligentDonuts,8761482
2026-07-05T21:02:04.918002,2026-07-05T21:02:04.925285+00:00,161.3,50,bid,FlawlessFlatbreads,DiligentDonuts,8761484
2026-07-05T21:02:05.201977,2026-07-05T21:02:05.212471+00:00,161.0,48,bid,CostlyCorianders,DiligentDonuts,8761490
2026-07-05T21:02:05.781103,2026-07-05T21:02:05.791856+00:00,160.5,43,ask,DiligentDonuts,CostlyCorianders,8761501
2026-07-05T21:02:06.373839,2026-07-05T21:02:06.385712+00:00,161.0,41,bid,CostlyCorianders,DiligentDonuts,8761510
2026-07-05T21:02:07.026645,2026-07-05T21:02:07.038616+00:00,161.0,11,bid,FlawlessFlatbreads,DiligentDonuts,8761517
2026-07-05T21:02:07.026645,2026-07-05T21:02:07.038616+00:00,161.1,39,bid,FlawlessFlatbreads,EarnestEspressos,8761518
2026-07-05T21:02:07.258192,2026-07-05T21:02:07.270307+00:00,160.6,46,ask,EarnestEspressos,CostlyCorianders,8761520
2026-07-05T21:02:09.136666,2026-07-05T21:02:09.145795+00:00,161.1,50,bid,FlawlessFlatbreads,EarnestEspressos,8761548
2026-07-05T21:02:10.051952,2026-07-05T21:02:10.063941+00:00,161.1,100,bid,EarnestEspressos,DiligentDonuts,8761558
2026-07-05T21:02:10.120007,2026-07-05T21:02:10.129464+00:00,161.1,12,ask,EarnestEspressos,Xuanyu Liu,8761561
2026-07-05T21:02:10.275524,2026-07-05T21:02:10.284377+00:00,161.1,11,ask,EarnestEspressos,Xuanyu Liu,8761565
2026-07-05T21:02:10.808129,2026-07-05T21:02:10.817931+00:00,161.1,27,ask,EarnestEspressos,CostlyCorianders,8761577
2026-07-05T21:02:11.242955,2026-07-05T21:02:11.258578+00:00,161.6,50,bid,FlawlessFlatbreads,EarnestEspressos,8761580
2026-07-05T21:02:13.350740,2026-07-05T21:02:13.363612+00:00,161.2,50,bid,FlawlessFlatbreads,EarnestEspressos,8761605
2026-07-05T21:02:14.552708,2026-07-05T21:02:14.558584+00:00,161.2,100,bid,DiligentDonuts,EarnestEspressos,8761623
2026-07-05T21:02:15.457604,2026-07-05T21:02:15.469317+00:00,161.7,50,bid,FlawlessFlatbreads,DiligentDonuts,8761632
2026-07-05T21:02:16.403630,2026-07-05T21:02:16.421170+00:00,161.4,23,ask,EarnestEspressos,Xuanyu Liu,8761641
2026-07-05T21:02:16.491676,2026-07-05T21:02:16.503617+00:00,161.4,49,ask,EarnestEspressos,CostlyCorianders,8761648
2026-07-05T21:02:17.544030,2026-07-05T21:02:17.552179+00:00,161.4,3,ask,EarnestEspressos,Xuanyu Liu,8761660
2026-07-05T21:02:17.560476,2026-07-05T21:02:17.567391+00:00,161.7,41,bid,CostlyCorianders,DiligentDonuts,8761662
2026-07-05T21:02:20.220219,2026-07-05T21:02:20.232383+00:00,161.5,43,ask,EarnestEspressos,CostlyCorianders,8761707
2026-07-05T21:02:21.772558,2026-07-05T21:02:21.784284+00:00,161.6,50,bid,FlawlessFlatbreads,DiligentDonuts,8761725
2026-07-05T21:02:22.634406,2026-07-05T21:02:22.645832+00:00,161.6,42,bid,CostlyCorianders,DiligentDonuts,8761742
2026-07-05T21:02:27.204812,2026-07-05T21:02:27.215328+00:00,161.5,100,bid,DiligentDonuts,EarnestEspressos,8761809
2026-07-05T21:02:27.621002,2026-07-05T21:02:27.632620+00:00,161.5,42,bid,CostlyCorianders,EarnestEspressos,8761817
2026-07-05T21:02:28.102921,2026-07-05T21:02:28.114508+00:00,161.5,8,bid,FlawlessFlatbreads,EarnestEspressos,8761827
2026-07-05T21:02:30.263112,2026-07-05T21:02:30.274924+00:00,161.7,50,ask,EarnestEspressos,FlawlessFlatbreads,8761846
2026-07-05T21:02:30.903195,2026-07-05T21:02:30.914887+00:00,161.7,46,ask,EarnestEspressos,CostlyCorianders,8761855
2026-07-05T21:02:32.373355,2026-07-05T21:02:32.385190+00:00,161.3,50,ask,DiligentDonuts,FlawlessFlatbreads,8761870
2026-07-05T21:02:32.525457,2026-07-05T21:02:32.537010+00:00,161.7,48,bid,CostlyCorianders,EarnestEspressos,8761875
2026-07-05T21:02:34.130225,2026-07-05T21:02:34.139277+00:00,161.2,49,ask,EarnestEspressos,CostlyCorianders,8761896
2026-07-05T21:02:34.505054,2026-07-05T21:02:34.511656+00:00,161.2,50,ask,EarnestEspressos,FlawlessFlatbreads,8761903
2026-07-05T21:02:37.278840,2026-07-05T21:02:37.290436+00:00,161.5,49,bid,CostlyCorianders,EarnestEspressos,8761936
2026-07-05T21:02:38.717328,2026-07-05T21:02:38.726968+00:00,161.1,50,ask,EarnestEspressos,FlawlessFlatbreads,8761964
2026-07-05T21:02:38.824035,2026-07-05T21:02:38.835594+00:00,161.5,42,bid,CostlyCorianders,DiligentDonuts,8761965
2026-07-05T21:02:40.825358,2026-07-05T21:02:40.837295+00:00,161.1,50,ask,EarnestEspressos,FlawlessFlatbreads,8761993
2026-07-05T21:02:41.797121,2026-07-05T21:02:41.807122+00:00,161.2,3,bid,Xuanyu Liu,EarnestEspressos,8762008
2026-07-05T21:02:42.817107,2026-07-05T21:02:42.828880+00:00,161.1,42,ask,DiligentDonuts,CostlyCorianders,8762021
2026-07-05T21:02:42.882793,2026-07-05T21:02:42.894458+00:00,161.2,50,bid,FlawlessFlatbreads,EarnestEspressos,8762023
2026-07-05T21:02:43.276923,2026-07-05T21:02:43.288868+00:00,161.2,45,bid,CostlyCorianders,EarnestEspressos,8762030
2026-07-05T21:02:45.012528,2026-07-05T21:02:45.024171+00:00,161.3,50,bid,FlawlessFlatbreads,EarnestEspressos,8762050
2026-07-05T21:02:45.390138,2026-07-05T21:02:45.399485+00:00,160.9,43,ask,DiligentDonuts,CostlyCorianders,8762054
2026-07-05T21:02:46.506112,2026-07-05T21:02:46.515043+00:00,160.8,45,ask,EarnestEspressos,CostlyCorianders,8762060
2026-07-05T21:02:47.118884,2026-07-05T21:02:47.128244+00:00,161.1,50,bid,FlawlessFlatbreads,DiligentDonuts,8762074
2026-07-05T21:02:49.240943,2026-07-05T21:02:49.252640+00:00,161.1,50,bid,FlawlessFlatbreads,DiligentDonuts,8762096
2026-07-05T21:02:51.348475,2026-07-05T21:02:51.355247+00:00,161.2,50,bid,FlawlessFlatbreads,DiligentDonuts,8762123
2026-07-05T21:02:53.397477,2026-07-05T21:02:53.406155+00:00,160.8,49,ask,DiligentDonuts,CostlyCorianders,8762151
2026-07-05T21:02:53.524279,2026-07-05T21:02:53.536094+00:00,160.8,50,ask,DiligentDonuts,FlawlessFlatbreads,8762153
2026-07-05T21:02:55.632659,2026-07-05T21:02:55.639383+00:00,160.6,50,ask,EarnestEspressos,FlawlessFlatbreads,8762178
2026-07-05T21:02:57.738720,2026-07-05T21:02:57.750723+00:00,160.5,50,ask,DiligentDonuts,FlawlessFlatbreads,8762201
2026-07-05T21:02:58.077794,2026-07-05T21:02:58.090061+00:00,160.8,46,bid,CostlyCorianders,EarnestEspressos,8762204
2026-07-05T21:02:58.734226,2026-07-05T21:02:58.742680+00:00,160.8,11,bid,Xuanyu Liu,EarnestEspressos,8762220
2026-07-05T21:03:00.659807,2026-07-05T21:03:00.671761+00:00,160.5,40,ask,DiligentDonuts,CostlyCorianders,8762245
2026-07-05T21:03:01.949719,2026-07-05T21:03:01.961545+00:00,160.2,50,ask,EarnestEspressos,FlawlessFlatbreads,8762263
2026-07-05T21:03:06.084693,2026-07-05T21:03:06.096508+00:00,160.5,42,bid,CostlyCorianders,DiligentDonuts,8762314
2026-07-05T21:03:06.160652,2026-07-05T21:03:06.172554+00:00,160.2,50,ask,EarnestEspressos,FlawlessFlatbreads,8762315
2026-07-05T21:03:08.729489,2026-07-05T21:03:08.741462+00:00,160.5,49,bid,CostlyCorianders,EarnestEspressos,8762344
2026-07-05T21:03:10.372520,2026-07-05T21:03:10.384298+00:00,160.1,50,ask,EarnestEspressos,FlawlessFlatbreads,8762364
2026-07-05T21:03:12.318694,2026-07-05T21:03:12.330337+00:00,160.5,48,bid,CostlyCorianders,DiligentDonuts,8762392
2026-07-05T21:03:12.481798,2026-07-05T21:03:12.493421+00:00,160.1,50,ask,EarnestEspressos,FlawlessFlatbreads,8762396
2026-07-05T21:03:13.473987,2026-07-05T21:03:13.482709+00:00,160.2,12,bid,Xuanyu Liu,EarnestEspressos,8762413
2026-07-05T21:03:13.504714,2026-07-05T21:03:13.516197+00:00,160.0,40,ask,DiligentDonuts,CostlyCorianders,8762417
2026-07-05T21:03:14.590151,2026-07-05T21:03:14.602124+00:00,160.0,50,ask,DiligentDonuts,FlawlessFlatbreads,8762427
2026-07-05T21:03:16.647825,2026-07-05T21:03:16.658530+00:00,160.2,50,bid,FlawlessFlatbreads,EarnestEspressos,8762457
2026-07-05T21:03:16.670540,2026-07-05T21:03:16.682206+00:00,160.2,11,bid,Xuanyu Liu,EarnestEspressos,8762459
2026-07-05T21:03:19.973669,2026-07-05T21:03:19.985142+00:00,160.3,45,ask,EarnestEspressos,CostlyCorianders,8762489
2026-07-05T21:03:20.864683,2026-07-05T21:03:20.872997+00:00,160.5,50,bid,FlawlessFlatbreads,DiligentDonuts,8762500
2026-07-05T21:03:22.971511,2026-07-05T21:03:22.979340+00:00,160.6,50,bid,FlawlessFlatbreads,EarnestEspressos,8762531
2026-07-05T21:03:24.781018,2026-07-05T21:03:24.792982+00:00,160.6,47,bid,CostlyCorianders,EarnestEspressos,8762555
2026-07-05T21:03:25.077964,2026-07-05T21:03:25.089684+00:00,160.6,50,bid,FlawlessFlatbreads,EarnestEspressos,8762559
2026-07-05T21:03:26.070369,2026-07-05T21:03:26.078930+00:00,160.7,100,bid,EarnestEspressos,DiligentDonuts,8762572
2026-07-05T21:03:26.133638,2026-07-05T21:03:26.142568+00:00,160.8,34,ask,EarnestEspressos,Xuanyu Liu,8762575
2026-07-05T21:03:27.184163,2026-07-05T21:03:27.195785+00:00,161.3,50,bid,FlawlessFlatbreads,EarnestEspressos,8762589
2026-07-05T21:03:27.290585,2026-07-05T21:03:27.302106+00:00,160.8,16,ask,EarnestEspressos,CostlyCorianders,8762592
2026-07-05T21:03:29.290393,2026-07-05T21:03:29.297079+00:00,160.9,50,bid,FlawlessFlatbreads,EarnestEspressos,8762612
2026-07-05T21:03:31.401900,2026-07-05T21:03:31.411113+00:00,160.9,50,bid,FlawlessFlatbreads,EarnestEspressos,8762633
2026-07-05T21:03:33.512909,2026-07-05T21:03:33.524767+00:00,161.1,50,bid,FlawlessFlatbreads,DiligentDonuts,8762664
2026-07-05T21:03:33.896405,2026-07-05T21:03:33.905472+00:00,160.8,3,ask,EarnestEspressos,Xuanyu Liu,8762669
2026-07-05T21:03:35.422419,2026-07-05T21:03:35.433888+00:00,160.8,49,ask,EarnestEspressos,CostlyCorianders,8762690
2026-07-05T21:03:35.644797,2026-07-05T21:03:35.668683+00:00,160.9,50,bid,FlawlessFlatbreads,EarnestEspressos,8762696
2026-07-05T21:03:35.954690,2026-07-05T21:03:35.966386+00:00,160.9,49,bid,CostlyCorianders,EarnestEspressos,8762700
2026-07-05T21:03:36.010883,2026-07-05T21:03:36.022579+00:00,160.7,42,ask,DiligentDonuts,CostlyCorianders,8762701
2026-07-05T21:03:37.756237,2026-07-05T21:03:37.767986+00:00,160.9,50,bid,FlawlessFlatbreads,EarnestEspressos,8762724
2026-07-05T21:03:38.765312,2026-07-05T21:03:38.773902+00:00,160.9,100,bid,EarnestEspressos,DiligentDonuts,8762733
2026-07-05T21:03:38.834141,2026-07-05T21:03:38.843291+00:00,161.0,3,ask,EarnestEspressos,Xuanyu Liu,8762734
2026-07-05T21:03:39.669304,2026-07-05T21:03:39.680147+00:00,161.0,47,ask,EarnestEspressos,CostlyCorianders,8762748
2026-07-05T21:03:39.875678,2026-07-05T21:03:39.889777+00:00,161.5,50,bid,FlawlessFlatbreads,EarnestEspressos,8762749
2026-07-05T21:03:41.240040,2026-07-05T21:03:41.251985+00:00,161.3,48,bid,CostlyCorianders,DiligentDonuts,8762780
2026-07-05T21:03:41.984673,2026-07-05T21:03:41.991449+00:00,161.1,50,bid,FlawlessFlatbreads,EarnestEspressos,8762792
2026-07-05T21:03:42.684914,2026-07-05T21:03:42.696853+00:00,161.1,46,bid,CostlyCorianders,EarnestEspressos,8762804
2026-07-05T21:03:44.116776,2026-07-05T21:03:44.125649+00:00,161.1,50,bid,FlawlessFlatbreads,EarnestEspressos,8762816
2026-07-05T21:03:45.102559,2026-07-05T21:03:45.113779+00:00,161.2,11,ask,EarnestEspressos,Xuanyu Liu,8762833
2026-07-05T21:03:45.241684,2026-07-05T21:03:45.253683+00:00,161.2,40,ask,EarnestEspressos,CostlyCorianders,8762836
2026-07-05T21:03:46.223763,2026-07-05T21:03:46.232267+00:00,161.4,50,bid,FlawlessFlatbreads,DiligentDonuts,8762846
2026-07-05T21:03:46.630029,2026-07-05T21:03:46.641733+00:00,161.2,47,ask,EarnestEspressos,CostlyCorianders,8762849
2026-07-05T21:03:47.145326,2026-07-05T21:03:47.158613+00:00,161.7,49,bid,CostlyCorianders,EarnestEspressos,8762856
2026-07-05T21:03:47.622405,2026-07-05T21:03:47.629535+00:00,161.2,43,ask,EarnestEspressos,CostlyCorianders,8762864
2026-07-05T21:03:48.335972,2026-07-05T21:03:48.347045+00:00,161.6,50,bid,FlawlessFlatbreads,EarnestEspressos,8762868
2026-07-05T21:03:50.446316,2026-07-05T21:03:50.453071+00:00,161.6,50,bid,FlawlessFlatbreads,EarnestEspressos,8762892
2026-07-05T21:03:50.881704,2026-07-05T21:03:50.893533+00:00,161.2,43,ask,DiligentDonuts,CostlyCorianders,8762896
2026-07-05T21:03:51.440701,2026-07-05T21:03:51.449433+00:00,161.6,23,ask,EarnestEspressos,Xuanyu Liu,8762900
2026-07-05T21:03:52.580684,2026-07-05T21:03:52.590209+00:00,161.7,50,bid,FlawlessFlatbreads,DiligentDonuts,8762927
2026-07-05T21:03:54.739111,2026-07-05T21:03:54.750992+00:00,161.4,50,ask,DiligentDonuts,FlawlessFlatbreads,8762952
2026-07-05T21:03:56.880164,2026-07-05T21:03:56.889837+00:00,161.4,50,ask,EarnestEspressos,FlawlessFlatbreads,8762982
2026-07-05T21:03:57.326570,2026-07-05T21:03:57.336364+00:00,161.7,11,bid,Xuanyu Liu,DiligentDonuts,8762990
2026-07-05T21:03:58.986410,2026-07-05T21:03:58.998230+00:00,161.6,50,ask,EarnestEspressos,FlawlessFlatbreads,8763014
2026-07-05T21:04:00.520049,2026-07-05T21:04:00.530370+00:00,162.0,42,bid,CostlyCorianders,DiligentDonuts,8763039
2026-07-05T21:04:01.025473,2026-07-05T21:04:01.037228+00:00,161.5,47,ask,DiligentDonuts,CostlyCorianders,8763041
2026-07-05T21:04:01.094957,2026-07-05T21:04:01.104264+00:00,161.5,50,ask,DiligentDonuts,FlawlessFlatbreads,8763042
2026-07-05T21:04:03.201699,2026-07-05T21:04:03.213474+00:00,161.2,50,ask,EarnestEspressos,FlawlessFlatbreads,8763068
2026-07-05T21:04:03.485618,2026-07-05T21:04:03.496357+00:00,161.6,41,bid,CostlyCorianders,DiligentDonuts,8763074
2026-07-05T21:04:04.498089,2026-07-05T21:04:04.509994+00:00,161.1,45,ask,DiligentDonuts,CostlyCorianders,8763092
2026-07-05T21:04:05.308604,2026-07-05T21:04:05.320381+00:00,160.9,50,ask,DiligentDonuts,FlawlessFlatbreads,8763097
2026-07-05T21:04:07.416110,2026-07-05T21:04:07.425637+00:00,160.9,50,ask,DiligentDonuts,FlawlessFlatbreads,8763125
2026-07-05T21:04:08.267614,2026-07-05T21:04:08.279514+00:00,161.1,44,bid,CostlyCorianders,EarnestEspressos,8763134
2026-07-05T21:04:08.532577,2026-07-05T21:04:08.542161+00:00,161.0,12,bid,Xuanyu Liu,DiligentDonuts,8763138
2026-07-05T21:04:09.473379,2026-07-05T21:04:09.484291+00:00,161.0,50,bid,FlawlessFlatbreads,DiligentDonuts,8763145
2026-07-05T21:04:11.644338,2026-07-05T21:04:11.650997+00:00,160.7,50,ask,EarnestEspressos,FlawlessFlatbreads,8763170
2026-07-05T21:04:12.812243,2026-07-05T21:04:12.824003+00:00,161.1,47,bid,CostlyCorianders,DiligentDonuts,8763186
2026-07-05T21:04:13.750189,2026-07-05T21:04:13.757501+00:00,160.6,50,ask,DiligentDonuts,FlawlessFlatbreads,8763200
2026-07-05T21:04:15.325787,2026-07-05T21:04:15.337471+00:00,160.5,48,ask,DiligentDonuts,CostlyCorianders,8763213
2026-07-05T21:04:15.860932,2026-07-05T21:04:15.867897+00:00,160.5,50,ask,DiligentDonuts,FlawlessFlatbreads,8763218
2026-07-05T21:04:18.014817,2026-07-05T21:04:18.023303+00:00,160.7,14,bid,Xuanyu Liu,DiligentDonuts,8763238
2026-07-05T21:04:18.803227,2026-07-05T21:04:18.815169+00:00,160.7,40,bid,CostlyCorianders,DiligentDonuts,8763248
2026-07-05T21:04:19.425656,2026-07-05T21:04:19.437303+00:00,160.7,43,bid,CostlyCorianders,DiligentDonuts,8763251
2026-07-05T21:04:19.480539,2026-07-05T21:04:19.492325+00:00,160.4,45,ask,EarnestEspressos,CostlyCorianders,8763252
2026-07-05T21:04:20.037981,2026-07-05T21:04:20.050076+00:00,160.7,3,bid,CostlyCorianders,DiligentDonuts,8763262
2026-07-05T21:04:20.037981,2026-07-05T21:04:20.050076+00:00,160.9,40,bid,CostlyCorianders,EarnestEspressos,8763263
2026-07-05T21:04:20.071074,2026-07-05T21:04:20.083137+00:00,160.4,50,ask,EarnestEspressos,FlawlessFlatbreads,8763264
2026-07-05T21:04:21.111942,2026-07-05T21:04:21.121511+00:00,160.9,100,bid,DiligentDonuts,EarnestEspressos,8763275
2026-07-05T21:04:22.178501,2026-07-05T21:04:22.188901+00:00,160.4,50,ask,EarnestEspressos,FlawlessFlatbreads,8763289
2026-07-05T21:04:24.505505,2026-07-05T21:04:24.516989+00:00,160.9,41,bid,CostlyCorianders,DiligentDonuts,8763314
2026-07-05T21:04:26.075098,2026-07-05T21:04:26.085656+00:00,160.6,42,ask,EarnestEspressos,CostlyCorianders,8763336
2026-07-05T21:04:26.336260,2026-07-05T21:04:26.346908+00:00,160.9,50,bid,FlawlessFlatbreads,DiligentDonuts,8763339
2026-07-05T21:04:27.638085,2026-07-05T21:04:27.649893+00:00,160.9,41,bid,CostlyCorianders,EarnestEspressos,8763355
2026-07-05T21:04:28.443233,2026-07-05T21:04:28.463867+00:00,160.9,50,bid,FlawlessFlatbreads,EarnestEspressos,8763368
2026-07-05T21:04:29.398632,2026-07-05T21:04:29.410553+00:00,161.3,100,bid,EarnestEspressos,DiligentDonuts,8763380
2026-07-05T21:04:29.584321,2026-07-05T21:04:29.593134+00:00,161.3,3,ask,EarnestEspressos,Xuanyu Liu,8763385
2026-07-05T21:04:30.602572,2026-07-05T21:04:30.609126+00:00,161.3,47,ask,EarnestEspressos,FlawlessFlatbreads,8763393
2026-07-05T21:04:30.602572,2026-07-05T21:04:30.609126+00:00,161.2,3,ask,DiligentDonuts,FlawlessFlatbreads,8763394
2026-07-05T21:04:31.711061,2026-07-05T21:04:31.722572+00:00,161.2,47,ask,DiligentDonuts,CostlyCorianders,8763402
2026-07-05T21:04:32.614498,2026-07-05T21:04:32.637040+00:00,161.2,50,ask,DiligentDonuts,EarnestEspressos,8763416
2026-07-05T21:04:32.627366,2026-07-05T21:04:32.637040+00:00,161.0,3,bid,Xuanyu Liu,EarnestEspressos,8763417
2026-07-05T21:04:33.765973,2026-07-05T21:04:33.775338+00:00,161.0,40,bid,CostlyCorianders,EarnestEspressos,8763436
2026-07-05T21:04:34.052092,2026-07-05T21:04:34.063335+00:00,161.0,3,bid,Xuanyu Liu,EarnestEspressos,8763444
2026-07-05T21:04:34.233304,2026-07-05T21:04:34.245134+00:00,161.0,48,bid,CostlyCorianders,EarnestEspressos,8763447
2026-07-05T21:04:34.768782,2026-07-05T21:04:34.780733+00:00,161.0,6,bid,FlawlessFlatbreads,EarnestEspressos,8763456
2026-07-05T21:04:34.768782,2026-07-05T21:04:34.780733+00:00,161.4,44,bid,FlawlessFlatbreads,DiligentDonuts,8763457
2026-07-05T21:04:36.930418,2026-07-05T21:04:36.939170+00:00,161.2,3,ask,DiligentDonuts,Xuanyu Liu,8763485
2026-07-05T21:04:41.142607,2026-07-05T21:04:41.149111+00:00,161.1,50,ask,DiligentDonuts,FlawlessFlatbreads,8763536
2026-07-05T21:04:42.934544,2026-07-05T21:04:42.946375+00:00,161.1,48,ask,DiligentDonuts,CostlyCorianders,8763554
2026-07-05T21:04:43.198478,2026-07-05T21:04:43.209670+00:00,161.3,50,bid,FlawlessFlatbreads,EarnestEspressos,8763560
2026-07-05T21:04:44.117839,2026-07-05T21:04:44.129366+00:00,160.9,43,ask,DiligentDonuts,CostlyCorianders,8763576
2026-07-05T21:04:45.209254,2026-07-05T21:04:45.218810+00:00,161.4,100,bid,EarnestEspressos,DiligentDonuts,8763583
2026-07-05T21:04:45.304740,2026-07-05T21:04:45.316676+00:00,161.9,50,bid,FlawlessFlatbreads,EarnestEspressos,8763588
2026-07-05T21:04:47.411641,2026-07-05T21:04:47.418846+00:00,161.7,50,bid,FlawlessFlatbreads,DiligentDonuts,8763608
2026-07-05T21:04:48.590666,2026-07-05T21:04:48.602852+00:00,161.2,42,ask,DiligentDonuts,CostlyCorianders,8763624
2026-07-05T21:04:51.696307,2026-07-05T21:04:51.708193+00:00,161.2,50,ask,DiligentDonuts,FlawlessFlatbreads,8763661
2026-07-05T21:04:52.092997,2026-07-05T21:04:52.104708+00:00,161.6,47,bid,CostlyCorianders,EarnestEspressos,8763662
2026-07-05T21:04:53.757166,2026-07-05T21:04:53.758601+00:00,161.6,50,bid,FlawlessFlatbreads,EarnestEspressos,8763681
2026-07-05T21:04:54.568552,2026-07-05T21:04:54.580240+00:00,161.2,47,ask,DiligentDonuts,CostlyCorianders,8763687
2026-07-05T21:04:55.728095,2026-07-05T21:04:55.737592+00:00,161.6,47,ask,EarnestEspressos,CostlyCorianders,8763702
2026-07-05T21:04:55.914646,2026-07-05T21:04:55.926427+00:00,161.6,50,ask,EarnestEspressos,FlawlessFlatbreads,8763704
2026-07-05T21:04:55.971984,2026-07-05T21:04:55.983809+00:00,161.6,53,ask,EarnestEspressos,DiligentDonuts,8763705
2026-07-05T21:04:58.025373,2026-07-05T21:04:58.036913+00:00,161.0,50,ask,DiligentDonuts,FlawlessFlatbreads,8763737
2026-07-05T21:04:58.251211,2026-07-05T21:04:58.257801+00:00,161.4,40,bid,CostlyCorianders,EarnestEspressos,8763739
2026-07-05T21:05:00.079423,2026-07-05T21:05:00.091083+00:00,161.4,50,bid,FlawlessFlatbreads,EarnestEspressos,8763766
2026-07-05T21:05:02.260075,2026-07-05T21:05:02.270185+00:00,161.2,50,ask,EarnestEspressos,FlawlessFlatbreads,8763791
2026-07-05T21:05:04.366619,2026-07-05T21:05:04.378293+00:00,161.0,50,ask,DiligentDonuts,FlawlessFlatbreads,8763815
2026-07-05T21:05:05.222380,2026-07-05T21:05:05.233064+00:00,161.4,49,bid,CostlyCorianders,EarnestEspressos,8763829
2026-07-05T21:05:06.476317,2026-07-05T21:05:06.483917+00:00,160.9,50,ask,EarnestEspressos,FlawlessFlatbreads,8763842
2026-07-05T21:05:08.530234,2026-07-05T21:05:08.541348+00:00,161.1,50,bid,FlawlessFlatbreads,DiligentDonuts,8763871
2026-07-05T21:05:10.636796,2026-07-05T21:05:10.648481+00:00,161.4,50,bid,FlawlessFlatbreads,DiligentDonuts,8763892
2026-07-05T21:05:11.923157,2026-07-05T21:05:11.932574+00:00,161.1,45,ask,DiligentDonuts,CostlyCorianders,8763909
2026-07-05T21:05:12.796692,2026-07-05T21:05:12.828432+00:00,161.1,50,ask,DiligentDonuts,FlawlessFlatbreads,8763915
2026-07-05T21:05:14.515955,2026-07-05T21:05:14.527892+00:00,161.1,5,ask,DiligentDonuts,CostlyCorianders,8763948
2026-07-05T21:05:14.515955,2026-07-05T21:05:14.527892+00:00,161.1,40,ask,EarnestEspressos,CostlyCorianders,8763949
2026-07-05T21:05:14.854952,2026-07-05T21:05:14.865810+00:00,161.6,50,bid,FlawlessFlatbreads,DiligentDonuts,8763952
2026-07-05T21:05:17.023086,2026-07-05T21:05:17.034851+00:00,160.8,50,ask,DiligentDonuts,FlawlessFlatbreads,8763980
2026-07-05T21:05:19.082432,2026-07-05T21:05:19.093855+00:00,161.0,50,bid,FlawlessFlatbreads,DiligentDonuts,8764007
2026-07-05T21:05:20.975208,2026-07-05T21:05:20.984836+00:00,160.9,41,bid,CostlyCorianders,EarnestEspressos,8764034
2026-07-05T21:05:22.487512,2026-07-05T21:05:22.499033+00:00,160.9,44,bid,CostlyCorianders,EarnestEspressos,8764046
2026-07-05T21:05:23.344183,2026-07-05T21:05:23.355794+00:00,160.7,50,ask,EarnestEspressos,FlawlessFlatbreads,8764056
2026-07-05T21:05:24.602453,2026-07-05T21:05:24.609526+00:00,160.9,48,bid,CostlyCorianders,DiligentDonuts,8764068
2026-07-05T21:05:24.660233,2026-07-05T21:05:24.675136+00:00,160.7,42,ask,EarnestEspressos,CostlyCorianders,8764071
2026-07-05T21:05:25.282097,2026-07-05T21:05:25.293872+00:00,160.7,48,ask,EarnestEspressos,CostlyCorianders,8764080
2026-07-05T21:05:25.400224,2026-07-05T21:05:25.409191+00:00,160.9,50,bid,FlawlessFlatbreads,DiligentDonuts,8764082
2026-07-05T21:05:27.600284,2026-07-05T21:05:27.612097+00:00,160.6,100,bid,DiligentDonuts,EarnestEspressos,8764106
2026-07-05T21:05:27.681073,2026-07-05T21:05:27.690471+00:00,160.6,3,bid,Xuanyu Liu,EarnestEspressos,8764108
2026-07-05T21:05:29.668973,2026-07-05T21:05:29.678756+00:00,160.4,50,ask,EarnestEspressos,FlawlessFlatbreads,8764128
2026-07-05T21:05:31.776325,2026-07-05T21:05:31.787271+00:00,160.4,50,ask,EarnestEspressos,FlawlessFlatbreads,8764157
2026-07-05T21:05:33.563075,2026-07-05T21:05:33.574811+00:00,160.6,40,bid,CostlyCorianders,EarnestEspressos,8764181
2026-07-05T21:05:33.883949,2026-07-05T21:05:33.895569+00:00,160.3,50,ask,DiligentDonuts,FlawlessFlatbreads,8764186
2026-07-05T21:05:34.495921,2026-07-05T21:05:34.507817+00:00,160.5,49,ask,DiligentDonuts,CostlyCorianders,8764195
2026-07-05T21:05:35.692189,2026-07-05T21:05:35.704160+00:00,160.6,47,bid,CostlyCorianders,EarnestEspressos,8764211
2026-07-05T21:05:35.992861,2026-07-05T21:05:36.004847+00:00,160.6,50,ask,EarnestEspressos,FlawlessFlatbreads,8764216
2026-07-05T21:05:38.099729,2026-07-05T21:05:38.111273+00:00,160.6,50,ask,EarnestEspressos,FlawlessFlatbreads,8764242
2026-07-05T21:05:38.931880,2026-07-05T21:05:38.943654+00:00,160.6,44,ask,EarnestEspressos,CostlyCorianders,8764256
2026-07-05T21:05:39.096270,2026-07-05T21:05:39.105015+00:00,160.7,11,bid,Xuanyu Liu,EarnestEspressos,8764259
2026-07-05T21:05:39.769801,2026-07-05T21:05:39.807239+00:00,160.7,12,bid,Xuanyu Liu,EarnestEspressos,8764270
2026-07-05T21:05:40.209294,2026-07-05T21:05:40.220892+00:00,160.4,50,ask,DiligentDonuts,FlawlessFlatbreads,8764277
2026-07-05T21:05:41.153042,2026-07-05T21:05:41.164589+00:00,160.7,47,bid,CostlyCorianders,EarnestEspressos,8764294
2026-07-05T21:05:41.569401,2026-07-05T21:05:41.580022+00:00,160.7,11,bid,Xuanyu Liu,EarnestEspressos,8764305
2026-07-05T21:05:41.786547,2026-07-05T21:05:41.794562+00:00,160.7,45,bid,CostlyCorianders,EarnestEspressos,8764310
2026-07-05T21:05:42.193155,2026-07-05T21:05:42.205126+00:00,160.7,100,bid,EarnestEspressos,DiligentDonuts,8764313
2026-07-05T21:05:42.261236,2026-07-05T21:05:42.270352+00:00,160.9,11,ask,EarnestEspressos,Xuanyu Liu,8764318
2026-07-05T21:05:42.315529,2026-07-05T21:05:42.327251+00:00,160.9,39,ask,EarnestEspressos,FlawlessFlatbreads,8764320
2026-07-05T21:05:44.370649,2026-07-05T21:05:44.382295+00:00,161.4,50,bid,FlawlessFlatbreads,EarnestEspressos,8764347
2026-07-05T21:05:44.765265,2026-07-05T21:05:44.777194+00:00,161.0,41,ask,DiligentDonuts,CostlyCorianders,8764354
2026-07-05T21:05:47.909591,2026-07-05T21:05:47.921124+00:00,161.3,48,bid,CostlyCorianders,EarnestEspressos,8764386
2026-07-05T21:05:48.635593,2026-07-05T21:05:48.647488+00:00,161.0,50,ask,EarnestEspressos,FlawlessFlatbreads,8764392
2026-07-05T21:05:50.398340,2026-07-05T21:05:50.405227+00:00,161.0,47,ask,EarnestEspressos,CostlyCorianders,8764408
2026-07-05T21:05:50.750924,2026-07-05T21:05:50.757317+00:00,161.0,50,ask,EarnestEspressos,FlawlessFlatbreads,8764418
2026-07-05T21:05:51.759211,2026-07-05T21:05:51.770851+00:00,160.9,100,ask,DiligentDonuts,EarnestEspressos,8764428
2026-07-05T21:05:51.776376,2026-07-05T21:05:51.784950+00:00,160.8,23,bid,Xuanyu Liu,EarnestEspressos,8764431
2026-07-05T21:05:52.588914,2026-07-05T21:05:52.600738+00:00,160.8,27,bid,CostlyCorianders,EarnestEspressos,8764451
2026-07-05T21:05:52.588914,2026-07-05T21:05:52.600738+00:00,161.4,22,bid,CostlyCorianders,DiligentDonuts,8764452
2026-07-05T21:05:54.340033,2026-07-05T21:05:54.348492+00:00,160.9,47,bid,CostlyCorianders,DiligentDonuts,8764475
2026-07-05T21:05:54.910176,2026-07-05T21:05:54.918935+00:00,160.9,50,bid,FlawlessFlatbreads,DiligentDonuts,8764483
2026-07-05T21:05:57.017041,2026-07-05T21:05:57.026063+00:00,161.2,50,bid,FlawlessFlatbreads,EarnestEspressos,8764517
2026-07-05T21:05:58.022460,2026-07-05T21:05:58.031049+00:00,160.9,12,ask,DiligentDonuts,Xuanyu Liu,8764532
2026-07-05T21:05:58.069621,2026-07-05T21:05:58.078073+00:00,161.1,23,ask,EarnestEspressos,Xuanyu Liu,8764537
2026-07-05T21:05:58.933965,2026-07-05T21:05:58.945634+00:00,161.1,49,ask,EarnestEspressos,CostlyCorianders,8764546
2026-07-05T21:06:01.124801,2026-07-05T21:06:01.136525+00:00,161.6,50,bid,FlawlessFlatbreads,EarnestEspressos,8764573
2026-07-05T21:06:02.008735,2026-07-05T21:06:02.016328+00:00,161.6,41,ask,EarnestEspressos,CostlyCorianders,8764579
2026-07-05T21:06:02.458093,2026-07-05T21:06:02.469027+00:00,161.6,100,ask,EarnestEspressos,DiligentDonuts,8764590
2026-07-05T21:06:03.075064,2026-07-05T21:06:03.085039+00:00,161.6,9,ask,EarnestEspressos,CostlyCorianders,8764601
2026-07-05T21:06:03.284164,2026-07-05T21:06:03.293600+00:00,161.1,50,ask,DiligentDonuts,FlawlessFlatbreads,8764602
2026-07-05T21:06:04.433546,2026-07-05T21:06:04.445056+00:00,161.1,50,ask,DiligentDonuts,EarnestEspressos,8764619
2026-07-05T21:06:04.446334,2026-07-05T21:06:04.455205+00:00,161.1,12,bid,Xuanyu Liu,EarnestEspressos,8764620
2026-07-05T21:06:05.018613,2026-07-05T21:06:05.030397+00:00,161.1,40,bid,CostlyCorianders,EarnestEspressos,8764629
2026-07-05T21:06:05.390671,2026-07-05T21:06:05.402798+00:00,160.6,50,ask,EarnestEspressos,FlawlessFlatbreads,8764635
2026-07-05T21:06:05.582442,2026-07-05T21:06:05.594176+00:00,161.1,43,bid,CostlyCorianders,EarnestEspressos,8764637
2026-07-05T21:06:06.057107,2026-07-05T21:06:06.068987+00:00,161.0,43,ask,DiligentDonuts,CostlyCorianders,8764641
2026-07-05T21:06:09.550610,2026-07-05T21:06:09.562372+00:00,161.2,50,bid,FlawlessFlatbreads,DiligentDonuts,8764692
2026-07-05T21:06:10.218639,2026-07-05T21:06:10.229321+00:00,160.9,49,ask,EarnestEspressos,CostlyCorianders,8764698
2026-07-05T21:06:11.709629,2026-07-05T21:06:11.721345+00:00,160.7,50,ask,DiligentDonuts,FlawlessFlatbreads,8764719
2026-07-05T21:06:13.766269,2026-07-05T21:06:13.778061+00:00,161.2,50,bid,FlawlessFlatbreads,EarnestEspressos,8764744
2026-07-05T21:06:14.292808,2026-07-05T21:06:14.306376+00:00,161.2,48,bid,CostlyCorianders,DiligentDonuts,8764753
2026-07-05T21:06:18.030317,2026-07-05T21:06:18.041917+00:00,160.9,50,ask,DiligentDonuts,FlawlessFlatbreads,8764791
2026-07-05T21:06:20.138682,2026-07-05T21:06:20.145356+00:00,160.8,50,ask,EarnestEspressos,FlawlessFlatbreads,8764818
2026-07-05T21:06:20.884649,2026-07-05T21:06:20.894290+00:00,161.0,45,bid,CostlyCorianders,EarnestEspressos,8764828
2026-07-05T21:06:21.589712,2026-07-05T21:06:21.598366+00:00,161.0,11,bid,Xuanyu Liu,EarnestEspressos,8764836
2026-07-05T21:06:22.193671,2026-07-05T21:06:22.201075+00:00,161.0,50,bid,FlawlessFlatbreads,EarnestEspressos,8764844
2026-07-05T21:06:22.398399,2026-07-05T21:06:22.410457+00:00,161.0,44,bid,CostlyCorianders,EarnestEspressos,8764846
2026-07-05T21:06:23.364788,2026-07-05T21:06:23.375056+00:00,161.1,100,bid,EarnestEspressos,DiligentDonuts,8764859
2026-07-05T21:06:23.430118,2026-07-05T21:06:23.439638+00:00,161.1,11,ask,EarnestEspressos,Xuanyu Liu,8764862
2026-07-05T21:06:26.408157,2026-07-05T21:06:26.415563+00:00,161.4,50,bid,FlawlessFlatbreads,DiligentDonuts,8764914
2026-07-05T21:06:26.417763,2026-07-05T21:06:26.426207+00:00,161.1,39,ask,EarnestEspressos,CostlyCorianders,8764915
2026-07-05T21:06:26.417763,2026-07-05T21:06:26.426207+00:00,160.9,8,ask,DiligentDonuts,CostlyCorianders,8764916
2026-07-05T21:06:27.725994,2026-07-05T21:06:27.737475+00:00,161.0,100,bid,DiligentDonuts,EarnestEspressos,8764932
2026-07-05T21:06:28.514521,2026-07-05T21:06:28.526012+00:00,161.0,50,bid,FlawlessFlatbreads,EarnestEspressos,8764952
2026-07-05T21:06:29.695252,2026-07-05T21:06:29.704169+00:00,161.0,12,ask,EarnestEspressos,Xuanyu Liu,8764971
2026-07-05T21:06:30.619782,2026-07-05T21:06:30.631514+00:00,161.5,50,bid,FlawlessFlatbreads,DiligentDonuts,8764981
2026-07-05T21:06:31.078317,2026-07-05T21:06:31.090001+00:00,161.0,41,ask,EarnestEspressos,CostlyCorianders,8764984
2026-07-05T21:06:32.725618,2026-07-05T21:06:32.736234+00:00,161.2,50,bid,FlawlessFlatbreads,DiligentDonuts,8765004
2026-07-05T21:06:34.858006,2026-07-05T21:06:34.868701+00:00,161.4,50,bid,FlawlessFlatbreads,EarnestEspressos,8765031
2026-07-05T21:06:35.126688,2026-07-05T21:06:35.138657+00:00,161.0,42,ask,DiligentDonuts,CostlyCorianders,8765037
2026-07-05T21:06:36.965687,2026-07-05T21:06:36.977630+00:00,161.5,50,bid,FlawlessFlatbreads,DiligentDonuts,8765051
2026-07-05T21:06:37.307246,2026-07-05T21:06:37.316891+00:00,161.1,48,ask,EarnestEspressos,CostlyCorianders,8765062
2026-07-05T21:06:37.879050,2026-07-05T21:06:37.888895+00:00,161.1,11,ask,EarnestEspressos,Xuanyu Liu,8765070
2026-07-05T21:06:38.624046,2026-07-05T21:06:38.632709+00:00,161.1,3,ask,EarnestEspressos,Xuanyu Liu,8765079
2026-07-05T21:06:39.138934,2026-07-05T21:06:39.157538+00:00,161.1,50,ask,DiligentDonuts,EarnestEspressos,8765088
2026-07-05T21:06:39.251109,2026-07-05T21:06:39.258582+00:00,161.1,50,ask,DiligentDonuts,FlawlessFlatbreads,8765089
2026-07-05T21:06:41.195668,2026-07-05T21:06:41.207373+00:00,160.9,50,bid,FlawlessFlatbreads,EarnestEspressos,8765116
2026-07-05T21:06:41.527916,2026-07-05T21:06:41.537125+00:00,160.9,40,bid,CostlyCorianders,EarnestEspressos,8765119
2026-07-05T21:06:42.590558,2026-07-05T21:06:42.602418+00:00,160.8,45,ask,EarnestEspressos,CostlyCorianders,8765136
2026-07-05T21:06:43.377120,2026-07-05T21:06:43.388801+00:00,160.8,50,ask,EarnestEspressos,FlawlessFlatbreads,8765146
2026-07-05T21:06:43.586651,2026-07-05T21:06:43.598648+00:00,160.8,55,ask,EarnestEspressos,DiligentDonuts,8765148
2026-07-05T21:06:46.412303,2026-07-05T21:06:46.421519+00:00,160.7,3,bid,Xuanyu Liu,DiligentDonuts,8765194
2026-07-05T21:06:47.588978,2026-07-05T21:06:47.600610+00:00,160.5,50,ask,DiligentDonuts,FlawlessFlatbreads,8765210
2026-07-05T21:06:49.837903,2026-07-05T21:06:49.849512+00:00,161.0,48,bid,CostlyCorianders,EarnestEspressos,8765240
2026-07-05T21:06:51.815871,2026-07-05T21:06:51.828306+00:00,160.4,50,ask,DiligentDonuts,FlawlessFlatbreads,8765270
2026-07-05T21:06:52.446491,2026-07-05T21:06:52.463799+00:00,160.7,46,ask,EarnestEspressos,CostlyCorianders,8765276
2026-07-05T21:06:53.924136,2026-07-05T21:06:53.936188+00:00,160.7,50,ask,EarnestEspressos,FlawlessFlatbreads,8765287
2026-07-05T21:06:53.955018,2026-07-05T21:06:53.956262+00:00,160.8,46,bid,CostlyCorianders,DiligentDonuts,8765288
2026-07-05T21:06:54.981714,2026-07-05T21:06:54.989205+00:00,160.8,45,bid,CostlyCorianders,DiligentDonuts,8765296
2026-07-05T21:06:55.611668,2026-07-05T21:06:55.623609+00:00,160.3,41,ask,DiligentDonuts,CostlyCorianders,8765302
2026-07-05T21:06:56.035391,2026-07-05T21:06:56.045137+00:00,160.3,50,ask,DiligentDonuts,FlawlessFlatbreads,8765305
2026-07-05T21:06:58.090595,2026-07-05T21:06:58.100109+00:00,160.8,50,bid,FlawlessFlatbreads,EarnestEspressos,8765326
2026-07-05T21:06:58.498594,2026-07-05T21:06:58.509739+00:00,160.8,43,bid,CostlyCorianders,DiligentDonuts,8765333
2026-07-05T21:07:00.198300,2026-07-05T21:07:00.205160+00:00,161.0,50,bid,FlawlessFlatbreads,EarnestEspressos,8765351
2026-07-05T21:07:02.178845,2026-07-05T21:07:02.190549+00:00,160.7,45,ask,EarnestEspressos,CostlyCorianders,8765386
2026-07-05T21:07:02.304335,2026-07-05T21:07:02.314056+00:00,161.0,50,bid,FlawlessFlatbreads,DiligentDonuts,8765389
2026-07-05T21:07:03.359587,2026-07-05T21:07:03.370646+00:00,160.7,3,ask,EarnestEspressos,Xuanyu Liu,8765405
2026-07-05T21:07:03.776600,2026-07-05T21:07:03.788486+00:00,160.7,47,ask,EarnestEspressos,CostlyCorianders,8765414
2026-07-05T21:07:04.410507,2026-07-05T21:07:04.422375+00:00,160.9,50,bid,FlawlessFlatbreads,DiligentDonuts,8765419
2026-07-05T21:07:04.966259,2026-07-05T21:07:04.978058+00:00,160.7,44,bid,CostlyCorianders,EarnestEspressos,8765424
2026-07-05T21:07:06.522176,2026-07-05T21:07:06.530558+00:00,160.7,50,bid,FlawlessFlatbreads,EarnestEspressos,8765439
2026-07-05T21:07:08.014569,2026-07-05T21:07:08.027875+00:00,160.5,40,ask,DiligentDonuts,CostlyCorianders,8765455
2026-07-05T21:07:08.628807,2026-07-05T21:07:08.640675+00:00,160.7,50,bid,FlawlessFlatbreads,EarnestEspressos,8765461
2026-07-05T21:07:09.983948,2026-07-05T21:07:09.995185+00:00,160.7,49,bid,CostlyCorianders,EarnestEspressos,8765475
2026-07-05T21:07:10.737133,2026-07-05T21:07:10.748981+00:00,160.7,50,bid,FlawlessFlatbreads,EarnestEspressos,8765487
2026-07-05T21:07:10.866061,2026-07-05T21:07:10.876974+00:00,160.7,100,bid,EarnestEspressos,DiligentDonuts,8765493
2026-07-05T21:07:10.933049,2026-07-05T21:07:10.944660+00:00,160.7,3,ask,EarnestEspressos,Xuanyu Liu,8765494
2026-07-05T21:07:12.844295,2026-07-05T21:07:12.858586+00:00,160.8,50,bid,FlawlessFlatbreads,DiligentDonuts,8765523
2026-07-05T21:07:13.351151,2026-07-05T21:07:13.357747+00:00,160.7,44,ask,EarnestEspressos,CostlyCorianders,8765529
2026-07-05T21:07:14.389164,2026-07-05T21:07:14.400718+00:00,160.8,48,bid,CostlyCorianders,DiligentDonuts,8765547
2026-07-05T21:07:15.166854,2026-07-05T21:07:15.178546+00:00,160.8,100,bid,DiligentDonuts,EarnestEspressos,8765560
2026-07-05T21:07:16.766072,2026-07-05T21:07:16.777936+00:00,160.3,45,ask,EarnestEspressos,CostlyCorianders,8765580
2026-07-05T21:07:17.126066,2026-07-05T21:07:17.137790+00:00,160.3,50,ask,EarnestEspressos,FlawlessFlatbreads,8765583
2026-07-05T21:07:17.883537,2026-07-05T21:07:17.895138+00:00,160.9,49,bid,CostlyCorianders,EarnestEspressos,8765592
2026-07-05T21:07:18.488734,2026-07-05T21:07:18.500264+00:00,160.5,48,ask,DiligentDonuts,CostlyCorianders,8765598
2026-07-05T21:07:19.232947,2026-07-05T21:07:19.239856+00:00,160.5,50,ask,DiligentDonuts,FlawlessFlatbreads,8765611
2026-07-05T21:07:20.782157,2026-07-05T21:07:20.793916+00:00,160.7,46,ask,EarnestEspressos,CostlyCorianders,8765626
2026-07-05T21:07:21.339999,2026-07-05T21:07:21.348009+00:00,160.7,50,ask,EarnestEspressos,FlawlessFlatbreads,8765632
2026-07-05T21:07:21.555521,2026-07-05T21:07:21.565065+00:00,160.7,54,ask,EarnestEspressos,DiligentDonuts,8765639
2026-07-05T21:07:21.566964,2026-07-05T21:07:21.575870+00:00,160.7,3,bid,Xuanyu Liu,DiligentDonuts,8765640
2026-07-05T21:07:23.395303,2026-07-05T21:07:23.407056+00:00,160.7,43,bid,FlawlessFlatbreads,DiligentDonuts,8765668
2026-07-05T21:07:23.832420,2026-07-05T21:07:23.839870+00:00,160.5,47,bid,CostlyCorianders,EarnestEspressos,8765674
2026-07-05T21:07:24.663921,2026-07-05T21:07:24.675886+00:00,160.5,100,bid,DiligentDonuts,EarnestEspressos,8765685
2026-07-05T21:07:24.895840,2026-07-05T21:07:24.907625+00:00,160.5,3,bid,CostlyCorianders,EarnestEspressos,8765690
2026-07-05T21:07:24.895840,2026-07-05T21:07:24.907625+00:00,161.0,43,bid,CostlyCorianders,DiligentDonuts,8765691
2026-07-05T21:07:25.501369,2026-07-05T21:07:25.513448+00:00,161.0,50,bid,FlawlessFlatbreads,DiligentDonuts,8765699
2026-07-05T21:07:27.113514,2026-07-05T21:07:27.123338+00:00,160.7,14,ask,EarnestEspressos,Xuanyu Liu,8765728
2026-07-05T21:07:27.660446,2026-07-05T21:07:27.672422+00:00,160.7,50,ask,EarnestEspressos,FlawlessFlatbreads,8765734
2026-07-05T21:07:27.882646,2026-07-05T21:07:27.891395+00:00,160.7,86,ask,EarnestEspressos,DiligentDonuts,8765738
2026-07-05T21:07:29.769295,2026-07-05T21:07:29.779659+00:00,160.2,50,ask,DiligentDonuts,FlawlessFlatbreads,8765765
2026-07-05T21:07:29.913328,2026-07-05T21:07:29.922516+00:00,160.4,14,bid,Xuanyu Liu,EarnestEspressos,8765767
2026-07-05T21:07:31.456298,2026-07-05T21:07:31.468256+00:00,160.3,44,bid,CostlyCorianders,DiligentDonuts,8765793
2026-07-05T21:07:31.825494,2026-07-05T21:07:31.835743+00:00,160.3,50,bid,FlawlessFlatbreads,DiligentDonuts,8765801
2026-07-05T21:07:32.490069,2026-07-05T21:07:32.501793+00:00,159.9,46,ask,EarnestEspressos,CostlyCorianders,8765804
2026-07-05T21:07:33.423997,2026-07-05T21:07:33.435762+00:00,160.2,46,bid,CostlyCorianders,EarnestEspressos,8765819
2026-07-05T21:07:33.995609,2026-07-05T21:07:34.005664+00:00,159.8,49,ask,DiligentDonuts,CostlyCorianders,8765822
2026-07-05T21:07:34.159868,2026-07-05T21:07:34.171414+00:00,160.2,100,bid,DiligentDonuts,EarnestEspressos,8765825
2026-07-05T21:07:34.619557,2026-07-05T21:07:34.631280+00:00,160.2,4,bid,CostlyCorianders,EarnestEspressos,8765827
2026-07-05T21:07:36.092387,2026-07-05T21:07:36.103719+00:00,159.7,50,ask,EarnestEspressos,FlawlessFlatbreads,8765848
2026-07-05T21:07:36.280498,2026-07-05T21:07:36.292385+00:00,159.6,46,ask,EarnestEspressos,CostlyCorianders,8765852
2026-07-05T21:07:36.894904,2026-07-05T21:07:36.906596+00:00,160.1,47,bid,CostlyCorianders,EarnestEspressos,8765858
2026-07-05T21:07:38.150858,2026-07-05T21:07:38.158590+00:00,159.7,41,ask,DiligentDonuts,CostlyCorianders,8765880
2026-07-05T21:07:38.201577,2026-07-05T21:07:38.212936+00:00,159.7,50,ask,DiligentDonuts,FlawlessFlatbreads,8765881
2026-07-05T21:07:40.315917,2026-07-05T21:07:40.326411+00:00,159.9,50,ask,EarnestEspressos,FlawlessFlatbreads,8765907
2026-07-05T21:07:41.648283,2026-07-05T21:07:41.658574+00:00,160.4,47,bid,CostlyCorianders,EarnestEspressos,8765918
2026-07-05T21:07:42.422979,2026-07-05T21:07:42.433827+00:00,159.9,50,ask,EarnestEspressos,FlawlessFlatbreads,8765927
2026-07-05T21:07:42.809850,2026-07-05T21:07:42.821649+00:00,159.9,44,ask,DiligentDonuts,CostlyCorianders,8765929
2026-07-05T21:07:44.549821,2026-07-05T21:07:44.555727+00:00,159.7,50,ask,EarnestEspressos,FlawlessFlatbreads,8765945
2026-07-05T21:07:44.997238,2026-07-05T21:07:45.008943+00:00,160.0,45,bid,CostlyCorianders,DiligentDonuts,8765953
2026-07-05T21:07:45.597477,2026-07-05T21:07:45.605667+00:00,160.0,41,bid,CostlyCorianders,DiligentDonuts,8765959
2026-07-05T21:07:46.672266,2026-07-05T21:07:46.684231+00:00,159.6,50,ask,EarnestEspressos,FlawlessFlatbreads,8765975
2026-07-05T21:07:48.779934,2026-07-05T21:07:48.789690+00:00,159.9,50,ask,DiligentDonuts,FlawlessFlatbreads,8766007
2026-07-05T21:07:48.880941,2026-07-05T21:07:48.890706+00:00,159.9,50,ask,DiligentDonuts,EarnestEspressos,8766009
2026-07-05T21:07:48.896255,2026-07-05T21:07:48.906434+00:00,159.9,14,bid,Xuanyu Liu,EarnestEspressos,8766011
2026-07-05T21:07:50.632903,2026-07-05T21:07:50.643918+00:00,159.9,12,bid,Xuanyu Liu,EarnestEspressos,8766034
2026-07-05T21:07:50.835564,2026-07-05T21:07:50.858623+00:00,159.9,50,bid,FlawlessFlatbreads,EarnestEspressos,8766037
2026-07-05T21:07:51.821370,2026-07-05T21:07:51.830175+00:00,159.9,24,bid,CostlyCorianders,EarnestEspressos,8766051
2026-07-05T21:07:52.966684,2026-07-05T21:07:52.974269+00:00,160.1,50,bid,FlawlessFlatbreads,DiligentDonuts,8766063
2026-07-05T21:07:53.503166,2026-07-05T21:07:53.511843+00:00,160.0,48,ask,EarnestEspressos,CostlyCorianders,8766074
2026-07-05T21:07:55.124205,2026-07-05T21:07:55.136015+00:00,159.9,50,ask,DiligentDonuts,FlawlessFlatbreads,8766093
2026-07-05T21:07:55.731549,2026-07-05T21:07:55.743224+00:00,160.0,46,ask,EarnestEspressos,CostlyCorianders,8766101
2026-07-05T21:07:57.179964,2026-07-05T21:07:57.191885+00:00,160.2,50,bid,FlawlessFlatbreads,DiligentDonuts,8766120
2026-07-05T21:07:57.886989,2026-07-05T21:07:57.895762+00:00,160.0,12,ask,EarnestEspressos,Xuanyu Liu,8766129
2026-07-05T21:07:57.899588,2026-07-05T21:07:57.911044+00:00,160.2,40,bid,CostlyCorianders,DiligentDonuts,8766131
2026-07-05T21:07:58.419157,2026-07-05T21:07:58.430046+00:00,160.0,44,bid,CostlyCorianders,EarnestEspressos,8766135
2026-07-05T21:07:59.337373,2026-07-05T21:07:59.348911+00:00,159.7,50,ask,DiligentDonuts,FlawlessFlatbreads,8766148
2026-07-05T21:08:01.444093,2026-07-05T21:08:01.463731+00:00,159.7,50,ask,DiligentDonuts,FlawlessFlatbreads,8766170
2026-07-05T21:08:03.498763,2026-07-05T21:08:03.508317+00:00,160.0,50,bid,FlawlessFlatbreads,DiligentDonuts,8766204
2026-07-05T21:08:03.767633,2026-07-05T21:08:03.778494+00:00,159.6,47,ask,EarnestEspressos,CostlyCorianders,8766208
2026-07-05T21:08:05.114001,2026-07-05T21:08:05.125505+00:00,160.0,41,bid,CostlyCorianders,DiligentDonuts,8766222
2026-07-05T21:08:05.634849,2026-07-05T21:08:05.646418+00:00,159.6,43,ask,EarnestEspressos,CostlyCorianders,8766230
2026-07-05T21:08:05.680976,2026-07-05T21:08:05.690557+00:00,159.6,50,ask,EarnestEspressos,FlawlessFlatbreads,8766231
2026-07-05T21:08:07.788617,2026-07-05T21:08:07.800152+00:00,159.9,50,ask,DiligentDonuts,FlawlessFlatbreads,8766276
2026-07-05T21:08:07.871720,2026-07-05T21:08:07.880303+00:00,159.9,50,ask,DiligentDonuts,EarnestEspressos,8766278
2026-07-05T21:08:07.881345,2026-07-05T21:08:07.890043+00:00,159.8,12,bid,Xuanyu Liu,EarnestEspressos,8766279
2026-07-05T21:08:11.947319,2026-07-05T21:08:11.959066+00:00,159.9,50,bid,FlawlessFlatbreads,EarnestEspressos,8766330
2026-07-05T21:08:13.042423,2026-07-05T21:08:13.050247+00:00,159.9,42,bid,CostlyCorianders,EarnestEspressos,8766346
2026-07-05T21:08:14.056461,2026-07-05T21:08:14.068208+00:00,159.9,50,bid,FlawlessFlatbreads,EarnestEspressos,8766357
2026-07-05T21:08:14.146142,2026-07-05T21:08:14.156392+00:00,159.9,100,bid,EarnestEspressos,DiligentDonuts,8766358
2026-07-05T21:08:14.211586,2026-07-05T21:08:14.220586+00:00,160.0,12,ask,EarnestEspressos,Xuanyu Liu,8766360
2026-07-05T21:08:14.638711,2026-07-05T21:08:14.650654+00:00,160.0,38,ask,EarnestEspressos,CostlyCorianders,8766366
2026-07-05T21:08:14.638711,2026-07-05T21:08:14.650654+00:00,159.4,10,ask,DiligentDonuts,CostlyCorianders,8766367
2026-07-05T21:08:16.164421,2026-07-05T21:08:16.176211+00:00,160.3,50,bid,FlawlessFlatbreads,DiligentDonuts,8766385
2026-07-05T21:08:16.735576,2026-07-05T21:08:16.747362+00:00,159.8,46,ask,DiligentDonuts,CostlyCorianders,8766390
2026-07-05T21:08:18.219524,2026-07-05T21:08:18.231237+00:00,160.0,42,bid,CostlyCorianders,EarnestEspressos,8766417
2026-07-05T21:08:18.284837,2026-07-05T21:08:18.296909+00:00,160.0,50,bid,FlawlessFlatbreads,EarnestEspressos,8766418
2026-07-05T21:08:19.799115,2026-07-05T21:08:19.810737+00:00,160.0,42,bid,CostlyCorianders,EarnestEspressos,8766441
2026-07-05T21:08:20.394150,2026-07-05T21:08:20.406145+00:00,160.0,16,bid,FlawlessFlatbreads,EarnestEspressos,8766447
2026-07-05T21:08:20.394150,2026-07-05T21:08:20.406145+00:00,160.4,34,bid,FlawlessFlatbreads,DiligentDonuts,8766448
2026-07-05T21:08:22.206793,2026-07-05T21:08:22.213419+00:00,160.0,48,ask,EarnestEspressos,CostlyCorianders,8766470
2026-07-05T21:08:23.243175,2026-07-05T21:08:23.251988+00:00,160.4,49,bid,CostlyCorianders,DiligentDonuts,8766475
2026-07-05T21:08:23.299419,2026-07-05T21:08:23.307849+00:00,160.0,46,ask,EarnestEspressos,CostlyCorianders,8766477
2026-07-05T21:08:24.605161,2026-07-05T21:08:24.617143+00:00,160.2,50,bid,FlawlessFlatbreads,EarnestEspressos,8766497
2026-07-05T21:08:24.782022,2026-07-05T21:08:24.793968+00:00,160.2,100,bid,DiligentDonuts,EarnestEspressos,8766499
2026-07-05T21:08:26.712691,2026-07-05T21:08:26.724423+00:00,160.7,50,bid,FlawlessFlatbreads,DiligentDonuts,8766521
2026-07-05T21:08:26.803258,2026-07-05T21:08:26.814279+00:00,160.3,11,ask,EarnestEspressos,Xuanyu Liu,8766523
2026-07-05T21:08:26.912050,2026-07-05T21:08:26.922245+00:00,160.3,3,ask,EarnestEspressos,Xuanyu Liu,8766527
2026-07-05T21:08:27.997392,2026-07-05T21:08:28.009299+00:00,160.3,100,ask,EarnestEspressos,DiligentDonuts,8766543
2026-07-05T21:08:28.821402,2026-07-05T21:08:28.832984+00:00,160.8,50,bid,FlawlessFlatbreads,EarnestEspressos,8766555
2026-07-05T21:08:30.929033,2026-07-05T21:08:30.934222+00:00,160.5,50,bid,FlawlessFlatbreads,EarnestEspressos,8766570
2026-07-05T21:08:32.207796,2026-07-05T21:08:32.219606+00:00,160.2,42,ask,DiligentDonuts,CostlyCorianders,8766586
2026-07-05T21:08:35.380212,2026-07-05T21:08:35.388828+00:00,160.7,48,bid,CostlyCorianders,EarnestEspressos,8766621
2026-07-05T21:08:39.399806,2026-07-05T21:08:39.411591+00:00,160.6,50,ask,EarnestEspressos,FlawlessFlatbreads,8766672
2026-07-05T21:08:39.558588,2026-07-05T21:08:39.570595+00:00,160.4,48,ask,EarnestEspressos,CostlyCorianders,8766675
2026-07-05T21:08:40.200435,2026-07-05T21:08:40.208253+00:00,160.8,49,bid,CostlyCorianders,DiligentDonuts,8766679
2026-07-05T21:08:41.506796,2026-07-05T21:08:41.515864+00:00,160.5,50,ask,DiligentDonuts,FlawlessFlatbreads,8766696
2026-07-05T21:08:42.722625,2026-07-05T21:08:42.732485+00:00,160.5,43,ask,DiligentDonuts,CostlyCorianders,8766710
2026-07-05T21:08:43.613571,2026-07-05T21:08:43.625709+00:00,160.5,7,ask,DiligentDonuts,FlawlessFlatbreads,8766714
2026-07-05T21:08:43.613571,2026-07-05T21:08:43.625709+00:00,160.2,43,ask,EarnestEspressos,FlawlessFlatbreads,8766715
2026-07-05T21:08:43.900330,2026-07-05T21:08:43.910873+00:00,160.6,44,bid,CostlyCorianders,DiligentDonuts,8766720
2026-07-05T21:08:45.723643,2026-07-05T21:08:45.731837+00:00,160.2,50,ask,EarnestEspressos,FlawlessFlatbreads,8766739
2026-07-05T21:08:46.138695,2026-07-05T21:08:46.150220+00:00,160.2,40,bid,CostlyCorianders,EarnestEspressos,8766744
2026-07-05T21:08:46.929557,2026-07-05T21:08:46.937863+00:00,160.2,100,bid,DiligentDonuts,EarnestEspressos,8766756
2026-07-05T21:08:47.159520,2026-07-05T21:08:47.167476+00:00,160.2,3,bid,Xuanyu Liu,EarnestEspressos,8766761
2026-07-05T21:08:47.830501,2026-07-05T21:08:47.842089+00:00,159.7,50,ask,EarnestEspressos,FlawlessFlatbreads,8766776
2026-07-05T21:08:48.165802,2026-07-05T21:08:48.178026+00:00,159.7,40,ask,EarnestEspressos,CostlyCorianders,8766779
2026-07-05T21:08:48.741116,2026-07-05T21:08:48.750771+00:00,160.2,7,bid,Xuanyu Liu,EarnestEspressos,8766785
2026-07-05T21:08:49.947231,2026-07-05T21:08:49.955324+00:00,160.1,50,ask,EarnestEspressos,FlawlessFlatbreads,8766801
2026-07-05T21:08:51.770304,2026-07-05T21:08:51.781955+00:00,160.1,44,ask,EarnestEspressos,CostlyCorianders,8766821
2026-07-05T21:08:52.410242,2026-07-05T21:08:52.419594+00:00,160.2,4,bid,Xuanyu Liu,EarnestEspressos,8766829
2026-07-05T21:08:54.169092,2026-07-05T21:08:54.180731+00:00,160.1,50,ask,DiligentDonuts,FlawlessFlatbreads,8766863
2026-07-05T21:08:56.277099,2026-07-05T21:08:56.289251+00:00,160.1,50,ask,DiligentDonuts,FlawlessFlatbreads,8766893
2026-07-05T21:08:57.717329,2026-07-05T21:08:57.726257+00:00,160.2,47,bid,CostlyCorianders,EarnestEspressos,8766912
2026-07-05T21:08:58.387396,2026-07-05T21:08:58.395292+00:00,159.7,50,ask,EarnestEspressos,FlawlessFlatbreads,8766918
2026-07-05T21:08:59.317677,2026-07-05T21:08:59.329509+00:00,159.8,49,ask,EarnestEspressos,CostlyCorianders,8766926
2026-07-05T21:09:00.495634,2026-07-05T21:09:00.507561+00:00,159.8,50,ask,EarnestEspressos,FlawlessFlatbreads,8766936
2026-07-05T21:09:00.826655,2026-07-05T21:09:00.838488+00:00,160.0,46,bid,CostlyCorianders,DiligentDonuts,8766941
2026-07-05T21:09:01.411479,2026-07-05T21:09:01.423007+00:00,160.0,47,bid,CostlyCorianders,DiligentDonuts,8766946
2026-07-05T21:09:01.670218,2026-07-05T21:09:01.679730+00:00,159.7,35,bid,Xuanyu Liu,EarnestEspressos,8766947
2026-07-05T21:09:02.316906,2026-07-05T21:09:02.328791+00:00,159.7,43,bid,CostlyCorianders,EarnestEspressos,8766957
2026-07-05T21:09:02.752661,2026-07-05T21:09:02.764315+00:00,159.7,72,bid,DiligentDonuts,EarnestEspressos,8766964
2026-07-05T21:09:04.320470,2026-07-05T21:09:04.327750+00:00,159.7,28,ask,DiligentDonuts,CostlyCorianders,8766979
2026-07-05T21:09:04.320470,2026-07-05T21:09:04.332727+00:00,159.2,12,ask,EarnestEspressos,CostlyCorianders,8766980
2026-07-05T21:09:06.817675,2026-07-05T21:09:06.827226+00:00,159.7,49,ask,EarnestEspressos,CostlyCorianders,8766999
2026-07-05T21:09:07.343783,2026-07-05T21:09:07.358565+00:00,160.1,46,bid,CostlyCorianders,DiligentDonuts,8767002
2026-07-05T21:09:08.927147,2026-07-05T21:09:08.939080+00:00,159.6,50,ask,DiligentDonuts,FlawlessFlatbreads,8767025
2026-07-05T21:09:13.137624,2026-07-05T21:09:13.149249+00:00,159.6,50,ask,DiligentDonuts,FlawlessFlatbreads,8767070
2026-07-05T21:09:13.979691,2026-07-05T21:09:13.991417+00:00,159.6,43,ask,DiligentDonuts,CostlyCorianders,8767077
2026-07-05T21:09:16.885654,2026-07-05T21:09:16.894589+00:00,159.8,47,bid,CostlyCorianders,DiligentDonuts,8767113
2026-07-05T21:09:16.939826,2026-07-05T21:09:16.951517+00:00,159.7,43,ask,EarnestEspressos,CostlyCorianders,8767114
2026-07-05T21:09:17.297701,2026-07-05T21:09:17.306972+00:00,159.8,50,bid,FlawlessFlatbreads,DiligentDonuts,8767116
2026-07-05T21:09:17.399585,2026-07-05T21:09:17.411468+00:00,159.8,3,bid,CostlyCorianders,DiligentDonuts,8767117
2026-07-05T21:09:19.067373,2026-07-05T21:09:19.079016+00:00,159.6,48,ask,DiligentDonuts,CostlyCorianders,8767137
2026-07-05T21:09:19.405872,2026-07-05T21:09:19.413357+00:00,159.9,50,bid,FlawlessFlatbreads,EarnestEspressos,8767139
2026-07-05T21:09:21.512089,2026-07-05T21:09:21.523912+00:00,160.0,50,bid,FlawlessFlatbreads,EarnestEspressos,8767158
2026-07-05T21:09:23.622476,2026-07-05T21:09:23.631648+00:00,159.8,50,bid,FlawlessFlatbreads,DiligentDonuts,8767181
2026-07-05T21:09:25.672656,2026-07-05T21:09:25.682192+00:00,159.8,43,bid,CostlyCorianders,DiligentDonuts,8767210
2026-07-05T21:09:25.730453,2026-07-05T21:09:25.738659+00:00,159.8,50,bid,FlawlessFlatbreads,DiligentDonuts,8767211
2026-07-05T21:09:27.158350,2026-07-05T21:09:27.165699+00:00,159.8,7,bid,CostlyCorianders,DiligentDonuts,8767232
2026-07-05T21:09:27.158350,2026-07-05T21:09:27.171085+00:00,160.0,34,bid,CostlyCorianders,EarnestEspressos,8767233
2026-07-05T21:09:27.836864,2026-07-05T21:09:27.848811+00:00,160.0,50,bid,FlawlessFlatbreads,EarnestEspressos,8767236
2026-07-05T21:09:29.402692,2026-07-05T21:09:29.414340+00:00,159.6,41,ask,DiligentDonuts,CostlyCorianders,8767250
2026-07-05T21:09:29.994610,2026-07-05T21:09:30.001281+00:00,159.6,50,ask,DiligentDonuts,FlawlessFlatbreads,8767257
2026-07-05T21:09:30.006512,2026-07-05T21:09:30.018266+00:00,160.0,46,bid,CostlyCorianders,EarnestEspressos,8767258
2026-07-05T21:09:30.090138,2026-07-05T21:09:30.099799+00:00,159.9,35,ask,EarnestEspressos,Xuanyu Liu,8767259
2026-07-05T21:09:31.275552,2026-07-05T21:09:31.287165+00:00,159.9,100,ask,EarnestEspressos,DiligentDonuts,8767269
2026-07-05T21:09:32.100074,2026-07-05T21:09:32.111856+00:00,159.9,15,ask,EarnestEspressos,FlawlessFlatbreads,8767282
2026-07-05T21:09:32.100074,2026-07-05T21:09:32.111856+00:00,159.4,35,ask,DiligentDonuts,FlawlessFlatbreads,8767283
2026-07-05T21:09:33.037203,2026-07-05T21:09:33.046900+00:00,159.4,49,ask,DiligentDonuts,CostlyCorianders,8767296
2026-07-05T21:09:33.621233,2026-07-05T21:09:33.632861+00:00,159.4,16,ask,DiligentDonuts,CostlyCorianders,8767306
2026-07-05T21:09:34.208059,2026-07-05T21:09:34.219522+00:00,159.3,50,ask,EarnestEspressos,FlawlessFlatbreads,8767317
2026-07-05T21:09:36.930537,2026-07-05T21:09:36.938569+00:00,159.4,23,bid,Xuanyu Liu,EarnestEspressos,8767344
2026-07-05T21:09:37.181493,2026-07-05T21:09:37.190510+00:00,159.4,12,bid,Xuanyu Liu,EarnestEspressos,8767352
2026-07-05T21:09:37.736069,2026-07-05T21:09:37.746041+00:00,159.4,44,bid,CostlyCorianders,EarnestEspressos,8767365
2026-07-05T21:09:38.306703,2026-07-05T21:09:38.318410+00:00,159.4,40,bid,CostlyCorianders,EarnestEspressos,8767368
2026-07-05T21:09:38.366740,2026-07-05T21:09:38.379299+00:00,159.4,31,bid,FlawlessFlatbreads,EarnestEspressos,8767371
2026-07-05T21:09:39.609028,2026-07-05T21:09:39.618802+00:00,159.7,23,ask,EarnestEspressos,Xuanyu Liu,8767391
2026-07-05T21:09:40.369875,2026-07-05T21:09:40.381059+00:00,159.8,49,bid,CostlyCorianders,DiligentDonuts,8767407
2026-07-05T21:09:40.474520,2026-07-05T21:09:40.483024+00:00,159.8,50,bid,FlawlessFlatbreads,DiligentDonuts,8767408
2026-07-05T21:09:40.705614,2026-07-05T21:09:40.717289+00:00,160.2,100,bid,DiligentDonuts,EarnestEspressos,8767410
2026-07-05T21:09:40.972878,2026-07-05T21:09:40.984538+00:00,159.7,42,ask,EarnestEspressos,CostlyCorianders,8767414
2026-07-05T21:09:42.101900,2026-07-05T21:09:42.113626+00:00,159.7,43,ask,EarnestEspressos,CostlyCorianders,8767428
2026-07-05T21:09:42.589296,2026-07-05T21:09:42.597029+00:00,160.2,50,bid,FlawlessFlatbreads,EarnestEspressos,8767432
2026-07-05T21:09:42.743481,2026-07-05T21:09:42.753799+00:00,160.1,23,ask,EarnestEspressos,Xuanyu Liu,8767435
2026-07-05T21:09:43.240607,2026-07-05T21:09:43.251695+00:00,160.1,3,ask,EarnestEspressos,Xuanyu Liu,8767449
2026-07-05T21:09:43.943030,2026-07-05T21:09:43.954694+00:00,160.1,100,ask,EarnestEspressos,DiligentDonuts,8767458
2026-07-05T21:09:44.695215,2026-07-05T21:09:44.706893+00:00,160.6,50,bid,FlawlessFlatbreads,EarnestEspressos,8767472
2026-07-05T21:09:46.140873,2026-07-05T21:09:46.151656+00:00,159.7,45,ask,EarnestEspressos,CostlyCorianders,8767494
2026-07-05T21:09:48.646597,2026-07-05T21:09:48.658564+00:00,160.1,45,bid,CostlyCorianders,DiligentDonuts,8767523
2026-07-05T21:09:48.974359,2026-07-05T21:09:48.984058+00:00,159.7,50,ask,EarnestEspressos,FlawlessFlatbreads,8767526
2026-07-05T21:09:49.114324,2026-07-05T21:09:49.123990+00:00,160.0,3,bid,Xuanyu Liu,EarnestEspressos,8767530
2026-07-05T21:09:50.216431,2026-07-05T21:09:50.228018+00:00,160.0,100,bid,DiligentDonuts,EarnestEspressos,8767545
2026-07-05T21:09:50.336938,2026-07-05T21:09:50.348192+00:00,160.0,47,bid,CostlyCorianders,EarnestEspressos,8767549
2026-07-05T21:09:50.882182,2026-07-05T21:09:50.888780+00:00,159.5,40,ask,EarnestEspressos,CostlyCorianders,8767554
2026-07-05T21:09:53.057615,2026-07-05T21:09:53.069477+00:00,160.2,47,ask,EarnestEspressos,CostlyCorianders,8767579
2026-07-05T21:09:53.133803,2026-07-05T21:09:53.145792+00:00,160.5,50,bid,FlawlessFlatbreads,DiligentDonuts,8767580
2026-07-05T21:09:55.241486,2026-07-05T21:09:55.250267+00:00,160.7,50,bid,FlawlessFlatbreads,EarnestEspressos,8767600
2026-07-05T21:09:57.172180,2026-07-05T21:09:57.180008+00:00,160.5,46,ask,EarnestEspressos,CostlyCorianders,8767620
2026-07-05T21:09:57.372664,2026-07-05T21:09:57.384536+00:00,160.9,50,bid,FlawlessFlatbreads,DiligentDonuts,8767621
2026-07-05T21:09:58.825534,2026-07-05T21:09:58.837386+00:00,160.8,48,bid,CostlyCorianders,EarnestEspressos,8767642
2026-07-05T21:09:59.335066,2026-07-05T21:09:59.346850+00:00,160.4,40,ask,DiligentDonuts,CostlyCorianders,8767653
2026-07-05T21:09:59.481332,2026-07-05T21:09:59.488797+00:00,160.8,50,bid,FlawlessFlatbreads,EarnestEspressos,8767655
2026-07-05T21:10:01.614398,2026-07-05T21:10:01.626332+00:00,160.8,50,bid,FlawlessFlatbreads,EarnestEspressos,8767679
2026-07-05T21:10:01.697128,2026-07-05T21:10:01.701303+00:00,161.0,100,bid,EarnestEspressos,DiligentDonuts,8767682
2026-07-05T21:10:01.759490,2026-07-05T21:10:01.769829+00:00,161.0,3,ask,EarnestEspressos,Xuanyu Liu,8767684
2026-07-05T21:10:02.011885,2026-07-05T21:10:02.023811+00:00,161.0,47,ask,EarnestEspressos,CostlyCorianders,8767690
2026-07-05T21:10:02.667090,2026-07-05T21:10:02.679154+00:00,161.5,42,bid,CostlyCorianders,EarnestEspressos,8767701
2026-07-05T21:10:04.251278,2026-07-05T21:10:04.258585+00:00,160.8,43,ask,DiligentDonuts,CostlyCorianders,8767729
2026-07-05T21:10:05.835164,2026-07-05T21:10:05.847014+00:00,160.9,50,bid,FlawlessFlatbreads,EarnestEspressos,8767747
2026-07-05T21:10:07.942643,2026-07-05T21:10:07.954438+00:00,160.9,50,bid,FlawlessFlatbreads,EarnestEspressos,8767771
2026-07-05T21:10:10.125058,2026-07-05T21:10:10.136698+00:00,160.9,50,ask,EarnestEspressos,FlawlessFlatbreads,8767798
2026-07-05T21:10:10.289772,2026-07-05T21:10:10.301655+00:00,161.4,48,bid,CostlyCorianders,EarnestEspressos,8767800
2026-07-05T21:10:11.427705,2026-07-05T21:10:11.459147+00:00,160.9,47,ask,DiligentDonuts,CostlyCorianders,8767812
2026-07-05T21:10:12.182551,2026-07-05T21:10:12.190124+00:00,161.2,50,bid,FlawlessFlatbreads,EarnestEspressos,8767817
2026-07-05T21:10:13.130212,2026-07-05T21:10:13.138605+00:00,160.9,43,bid,CostlyCorianders,DiligentDonuts,8767824
2026-07-05T21:10:13.185577,2026-07-05T21:10:13.197391+00:00,160.7,41,ask,EarnestEspressos,CostlyCorianders,8767826
2026-07-05T21:10:13.679502,2026-07-05T21:10:13.688392+00:00,160.9,40,bid,CostlyCorianders,DiligentDonuts,8767834
2026-07-05T21:10:14.343750,2026-07-05T21:10:14.354819+00:00,160.4,50,ask,DiligentDonuts,FlawlessFlatbreads,8767839
2026-07-05T21:10:16.398863,2026-07-05T21:10:16.410919+00:00,161.1,50,bid,FlawlessFlatbreads,DiligentDonuts,8767862
2026-07-05T21:10:20.661508,2026-07-05T21:10:20.671390+00:00,160.8,50,ask,DiligentDonuts,FlawlessFlatbreads,8767915
2026-07-05T21:10:22.768804,2026-07-05T21:10:22.780675+00:00,160.7,50,ask,EarnestEspressos,FlawlessFlatbreads,8767940
2026-07-05T21:10:23.349482,2026-07-05T21:10:23.355987+00:00,160.7,48,ask,EarnestEspressos,CostlyCorianders,8767945
2026-07-05T21:10:24.876700,2026-07-05T21:10:24.884042+00:00,160.6,50,ask,DiligentDonuts,FlawlessFlatbreads,8767971
2026-07-05T21:10:26.869379,2026-07-05T21:10:26.880943+00:00,160.7,40,bid,CostlyCorianders,EarnestEspressos,8767997
2026-07-05T21:10:29.094830,2026-07-05T21:10:29.106546+00:00,160.4,50,ask,EarnestEspressos,FlawlessFlatbreads,8768023
2026-07-05T21:10:29.833325,2026-07-05T21:10:29.847875+00:00,160.8,40,bid,CostlyCorianders,DiligentDonuts,8768036
2026-07-05T21:10:31.152812,2026-07-05T21:10:31.161844+00:00,160.8,50,bid,FlawlessFlatbreads,DiligentDonuts,8768057
2026-07-05T21:10:33.311522,2026-07-05T21:10:33.323142+00:00,160.3,50,ask,DiligentDonuts,FlawlessFlatbreads,8768081
2026-07-05T21:10:33.904218,2026-07-05T21:10:33.915929+00:00,160.3,44,ask,DiligentDonuts,CostlyCorianders,8768088
2026-07-05T21:10:34.557657,2026-07-05T21:10:34.569462+00:00,160.2,41,ask,DiligentDonuts,CostlyCorianders,8768100
2026-07-05T21:10:35.367136,2026-07-05T21:10:35.378941+00:00,160.5,50,bid,FlawlessFlatbreads,EarnestEspressos,8768108
2026-07-05T21:10:35.550784,2026-07-05T21:10:35.557273+00:00,160.5,47,bid,CostlyCorianders,EarnestEspressos,8768114
2026-07-05T21:10:37.525598,2026-07-05T21:10:37.532306+00:00,160.6,50,ask,EarnestEspressos,FlawlessFlatbreads,8768130
2026-07-05T21:10:38.486811,2026-07-05T21:10:38.498754+00:00,160.7,46,bid,CostlyCorianders,DiligentDonuts,8768142
2026-07-05T21:10:39.632174,2026-07-05T21:10:39.643860+00:00,160.2,50,ask,DiligentDonuts,FlawlessFlatbreads,8768155
2026-07-05T21:10:41.742545,2026-07-05T21:10:41.750568+00:00,160.5,50,ask,EarnestEspressos,FlawlessFlatbreads,8768187
2026-07-05T21:10:42.864639,2026-07-05T21:10:42.876326+00:00,160.3,44,ask,DiligentDonuts,CostlyCorianders,8768196
2026-07-05T21:10:43.852890,2026-07-05T21:10:43.858589+00:00,160.3,50,ask,DiligentDonuts,FlawlessFlatbreads,8768207
2026-07-05T21:10:44.086100,2026-07-05T21:10:44.097781+00:00,160.3,100,ask,EarnestEspressos,DiligentDonuts,8768210
2026-07-05T21:10:44.291174,2026-07-05T21:10:44.301307+00:00,160.3,45,ask,EarnestEspressos,CostlyCorianders,8768212
2026-07-05T21:10:45.759317,2026-07-05T21:10:45.769606+00:00,160.8,42,bid,CostlyCorianders,EarnestEspressos,8768222
2026-07-05T21:10:45.960546,2026-07-05T21:10:45.969906+00:00,159.8,50,ask,DiligentDonuts,FlawlessFlatbreads,8768224
2026-07-05T21:10:46.037598,2026-07-05T21:10:46.047064+00:00,160.3,3,bid,Xuanyu Liu,EarnestEspressos,8768227
2026-07-05T21:10:47.504514,2026-07-05T21:10:47.513454+00:00,160.3,43,bid,CostlyCorianders,EarnestEspressos,8768247
2026-07-05T21:10:48.068617,2026-07-05T21:10:48.080380+00:00,159.9,50,ask,DiligentDonuts,FlawlessFlatbreads,8768253
2026-07-05T21:10:48.643498,2026-07-05T21:10:48.651020+00:00,160.3,11,bid,Xuanyu Liu,EarnestEspressos,8768260
2026-07-05T21:10:50.176275,2026-07-05T21:10:50.185456+00:00,160.0,50,ask,EarnestEspressos,FlawlessFlatbreads,8768277
2026-07-05T21:10:51.070194,2026-07-05T21:10:51.078667+00:00,160.4,12,bid,Xuanyu Liu,DiligentDonuts,8768296
2026-07-05T21:10:52.231509,2026-07-05T21:10:52.243375+00:00,160.4,50,bid,FlawlessFlatbreads,DiligentDonuts,8768302
2026-07-05T21:10:53.045094,2026-07-05T21:10:53.055063+00:00,160.4,11,bid,Xuanyu Liu,DiligentDonuts,8768318
2026-07-05T21:10:53.382024,2026-07-05T21:10:53.394014+00:00,160.0,47,ask,EarnestEspressos,CostlyCorianders,8768320
2026-07-05T21:10:54.359532,2026-07-05T21:10:54.367968+00:00,160.4,23,ask,DiligentDonuts,Xuanyu Liu,8768334
2026-07-05T21:10:54.391223,2026-07-05T21:10:54.403062+00:00,160.4,50,ask,DiligentDonuts,FlawlessFlatbreads,8768337
2026-07-05T21:10:54.823269,2026-07-05T21:10:54.833827+00:00,160.5,48,bid,CostlyCorianders,EarnestEspressos,8768346
2026-07-05T21:10:55.522612,2026-07-05T21:10:55.534397+00:00,160.4,27,ask,DiligentDonuts,EarnestEspressos,8768360
2026-07-05T21:10:55.659501,2026-07-05T21:10:55.668859+00:00,160.2,12,bid,Xuanyu Liu,EarnestEspressos,8768361
2026-07-05T21:10:55.863028,2026-07-05T21:10:55.874715+00:00,159.7,40,ask,EarnestEspressos,CostlyCorianders,8768366
2026-07-05T21:10:55.913720,2026-07-05T21:10:55.923516+00:00,160.2,11,bid,Xuanyu Liu,EarnestEspressos,8768367
2026-07-05T21:10:56.450070,2026-07-05T21:10:56.454821+00:00,160.2,50,bid,FlawlessFlatbreads,EarnestEspressos,8768372
2026-07-05T21:10:57.083989,2026-07-05T21:10:57.095933+00:00,160.2,49,bid,CostlyCorianders,EarnestEspressos,8768380
2026-07-05T21:10:58.558644,2026-07-05T21:10:58.567552+00:00,160.2,1,bid,FlawlessFlatbreads,EarnestEspressos,8768403
2026-07-05T21:10:58.558644,2026-07-05T21:10:58.572773+00:00,160.4,49,bid,FlawlessFlatbreads,DiligentDonuts,8768404
2026-07-05T21:10:59.144296,2026-07-05T21:10:59.152357+00:00,160.3,49,ask,EarnestEspressos,CostlyCorianders,8768407
2026-07-05T21:11:00.697284,2026-07-05T21:11:00.705431+00:00,160.5,50,bid,FlawlessFlatbreads,DiligentDonuts,8768422
2026-07-05T21:11:00.902738,2026-07-05T21:11:00.913772+00:00,160.3,11,ask,EarnestEspressos,Xuanyu Liu,8768426
2026-07-05T21:11:02.809237,2026-07-05T21:11:02.821047+00:00,160.4,50,bid,FlawlessFlatbreads,EarnestEspressos,8768448
2026-07-05T21:11:04.915212,2026-07-05T21:11:04.927032+00:00,160.7,50,bid,FlawlessFlatbreads,DiligentDonuts,8768477
2026-07-05T21:11:05.311573,2026-07-05T21:11:05.323420+00:00,160.2,47,ask,DiligentDonuts,CostlyCorianders,8768481
2026-07-05T21:11:09.126833,2026-07-05T21:11:09.134792+00:00,160.5,50,bid,FlawlessFlatbreads,DiligentDonuts,8768527
2026-07-05T21:11:11.234352,2026-07-05T21:11:11.263574+00:00,160.8,50,bid,FlawlessFlatbreads,DiligentDonuts,8768558
2026-07-05T21:11:11.465224,2026-07-05T21:11:11.476047+00:00,160.3,12,ask,DiligentDonuts,Xuanyu Liu,8768559
2026-07-05T21:11:12.583008,2026-07-05T21:11:12.594889+00:00,160.7,47,bid,CostlyCorianders,EarnestEspressos,8768575
2026-07-05T21:11:12.719608,2026-07-05T21:11:12.728641+00:00,160.2,11,ask,EarnestEspressos,Xuanyu Liu,8768576
2026-07-05T21:11:13.340327,2026-07-05T21:11:13.351987+00:00,160.7,50,bid,FlawlessFlatbreads,EarnestEspressos,8768582
2026-07-05T21:11:14.444194,2026-07-05T21:11:14.453150+00:00,160.3,3,ask,EarnestEspressos,Xuanyu Liu,8768597
2026-07-05T21:11:15.515658,2026-07-05T21:11:15.527719+00:00,160.3,50,ask,EarnestEspressos,FlawlessFlatbreads,8768613
2026-07-05T21:11:15.520503,2026-07-05T21:11:15.527719+00:00,160.3,41,ask,EarnestEspressos,CostlyCorianders,8768614
2026-07-05T21:11:17.572672,2026-07-05T21:11:17.584350+00:00,160.6,50,bid,FlawlessFlatbreads,DiligentDonuts,8768633
2026-07-05T21:11:18.229622,2026-07-05T21:11:18.241547+00:00,160.1,49,ask,DiligentDonuts,CostlyCorianders,8768643
2026-07-05T21:11:19.729618,2026-07-05T21:11:19.741151+00:00,160.0,50,ask,DiligentDonuts,FlawlessFlatbreads,8768674
2026-07-05T21:11:25.406536,2026-07-05T21:11:25.415572+00:00,160.4,47,bid,CostlyCorianders,EarnestEspressos,8768719
2026-07-05T21:11:25.994690,2026-07-05T21:11:26.006622+00:00,160.4,50,bid,FlawlessFlatbreads,EarnestEspressos,8768729
2026-07-05T21:11:27.090414,2026-07-05T21:11:27.099620+00:00,160.4,100,bid,EarnestEspressos,DiligentDonuts,8768740
2026-07-05T21:11:27.437176,2026-07-05T21:11:27.448781+00:00,160.4,45,ask,EarnestEspressos,CostlyCorianders,8768745
2026-07-05T21:11:28.151476,2026-07-05T21:11:28.158571+00:00,160.4,5,ask,EarnestEspressos,FlawlessFlatbreads,8768759
2026-07-05T21:11:28.151476,2026-07-05T21:11:28.158571+00:00,159.9,45,ask,DiligentDonuts,FlawlessFlatbreads,8768760
2026-07-05T21:11:30.227233,2026-07-05T21:11:30.234058+00:00,160.7,48,bid,CostlyCorianders,DiligentDonuts,8768780
2026-07-05T21:11:30.261831,2026-07-05T21:11:30.271173+00:00,160.2,50,ask,DiligentDonuts,FlawlessFlatbreads,8768781
2026-07-05T21:11:31.342449,2026-07-05T21:11:31.354150+00:00,160.5,48,bid,CostlyCorianders,EarnestEspressos,8768794
2026-07-05T21:11:31.841635,2026-07-05T21:11:31.853647+00:00,160.2,47,ask,DiligentDonuts,CostlyCorianders,8768798
2026-07-05T21:11:32.370108,2026-07-05T21:11:32.381991+00:00,160.2,50,ask,DiligentDonuts,FlawlessFlatbreads,8768808
2026-07-05T21:11:34.477406,2026-07-05T21:11:34.489313+00:00,160.2,3,ask,DiligentDonuts,FlawlessFlatbreads,8768827
2026-07-05T21:11:34.477406,2026-07-05T21:11:34.489313+00:00,160.2,47,ask,EarnestEspressos,FlawlessFlatbreads,8768828
2026-07-05T21:11:34.944049,2026-07-05T21:11:34.958593+00:00,160.6,47,bid,CostlyCorianders,DiligentDonuts,8768835
2026-07-05T21:11:36.587232,2026-07-05T21:11:36.598782+00:00,160.1,50,ask,DiligentDonuts,FlawlessFlatbreads,8768861
2026-07-05T21:11:38.696198,2026-07-05T21:11:38.707987+00:00,160.1,50,ask,DiligentDonuts,FlawlessFlatbreads,8768885
2026-07-05T21:11:38.854559,2026-07-05T21:11:38.879294+00:00,160.5,3,bid,Xuanyu Liu,EarnestEspressos,8768890
2026-07-05T21:11:40.655283,2026-07-05T21:11:40.664525+00:00,160.6,11,bid,Xuanyu Liu,DiligentDonuts,8768915
2026-07-05T21:11:40.666273,2026-07-05T21:11:40.679800+00:00,160.6,41,bid,CostlyCorianders,DiligentDonuts,8768917
2026-07-05T21:11:40.753183,2026-07-05T21:11:40.765290+00:00,160.6,48,bid,FlawlessFlatbreads,DiligentDonuts,8768922
2026-07-05T21:11:40.753183,2026-07-05T21:11:40.765290+00:00,160.7,2,bid,FlawlessFlatbreads,EarnestEspressos,8768923
2026-07-05T21:11:40.978649,2026-07-05T21:11:40.990660+00:00,160.7,100,bid,DiligentDonuts,EarnestEspressos,8768925
2026-07-05T21:11:42.159759,2026-07-05T21:11:42.171563+00:00,160.2,43,ask,EarnestEspressos,CostlyCorianders,8768936
2026-07-05T21:11:44.473513,2026-07-05T21:11:44.485239+00:00,160.5,41,ask,EarnestEspressos,CostlyCorianders,8768967
2026-07-05T21:11:44.964847,2026-07-05T21:11:44.975057+00:00,161.0,50,bid,FlawlessFlatbreads,EarnestEspressos,8768971
2026-07-05T21:11:47.122218,2026-07-05T21:11:47.134070+00:00,160.7,50,ask,EarnestEspressos,FlawlessFlatbreads,8769008
2026-07-05T21:11:49.179048,2026-07-05T21:11:49.186028+00:00,161.0,50,bid,FlawlessFlatbreads,DiligentDonuts,8769039
2026-07-05T21:11:49.544905,2026-07-05T21:11:49.558599+00:00,160.9,44,bid,CostlyCorianders,EarnestEspressos,8769040
2026-07-05T21:11:50.993346,2026-07-05T21:11:51.000769+00:00,160.4,48,ask,EarnestEspressos,CostlyCorianders,8769056
2026-07-05T21:11:51.285866,2026-07-05T21:11:51.297805+00:00,160.8,50,bid,FlawlessFlatbreads,DiligentDonuts,8769059
2026-07-05T21:11:51.957207,2026-07-05T21:11:51.969382+00:00,160.8,41,bid,CostlyCorianders,DiligentDonuts,8769064
2026-07-05T21:11:52.568572,2026-07-05T21:11:52.580171+00:00,160.3,41,ask,DiligentDonuts,CostlyCorianders,8769071
2026-07-05T21:11:53.055159,2026-07-05T21:11:53.063924+00:00,160.8,9,bid,CostlyCorianders,DiligentDonuts,8769077
2026-07-05T21:11:53.055159,2026-07-05T21:11:53.069173+00:00,160.8,35,bid,CostlyCorianders,EarnestEspressos,8769078
2026-07-05T21:11:53.394648,2026-07-05T21:11:53.402274+00:00,160.8,50,bid,FlawlessFlatbreads,EarnestEspressos,8769085
2026-07-05T21:11:53.994749,2026-07-05T21:11:54.007903+00:00,160.8,43,bid,CostlyCorianders,EarnestEspressos,8769090
2026-07-05T21:11:54.481485,2026-07-05T21:11:54.493211+00:00,160.5,47,ask,DiligentDonuts,CostlyCorianders,8769096
2026-07-05T21:11:55.555720,2026-07-05T21:11:55.557776+00:00,160.8,50,ask,EarnestEspressos,FlawlessFlatbreads,8769107
2026-07-05T21:11:55.560191,2026-07-05T21:11:55.569270+00:00,160.8,14,ask,EarnestEspressos,Xuanyu Liu,8769108
2026-07-05T21:11:55.970480,2026-07-05T21:11:55.982282+00:00,160.8,48,ask,EarnestEspressos,CostlyCorianders,8769117
2026-07-05T21:11:56.841136,2026-07-05T21:11:56.852984+00:00,160.8,38,ask,EarnestEspressos,DiligentDonuts,8769125
2026-07-05T21:11:56.861253,2026-07-05T21:11:56.872933+00:00,160.8,42,bid,CostlyCorianders,DiligentDonuts,8769126
2026-07-05T21:11:57.663325,2026-07-05T21:11:57.674851+00:00,160.3,50,ask,DiligentDonuts,FlawlessFlatbreads,8769138
2026-07-05T21:11:58.817452,2026-07-05T21:11:58.826816+00:00,160.6,3,bid,Xuanyu Liu,EarnestEspressos,8769150
2026-07-05T21:11:59.718837,2026-07-05T21:11:59.730484+00:00,160.6,50,bid,FlawlessFlatbreads,EarnestEspressos,8769163
2026-07-05T21:12:00.049800,2026-07-05T21:12:00.059161+00:00,160.6,11,bid,Xuanyu Liu,EarnestEspressos,8769167
2026-07-05T21:12:00.530799,2026-07-05T21:12:00.542619+00:00,160.6,45,bid,CostlyCorianders,EarnestEspressos,8769180
2026-07-05T21:12:01.826463,2026-07-05T21:12:01.835281+00:00,160.9,50,bid,FlawlessFlatbreads,DiligentDonuts,8769203
2026-07-05T21:12:03.065431,2026-07-05T21:12:03.080109+00:00,160.8,43,ask,EarnestEspressos,CostlyCorianders,8769226
2026-07-05T21:12:03.892295,2026-07-05T21:12:03.901032+00:00,160.8,14,ask,EarnestEspressos,Xuanyu Liu,8769237
2026-07-05T21:12:03.936273,2026-07-05T21:12:03.947819+00:00,161.1,50,bid,FlawlessFlatbreads,DiligentDonuts,8769240
2026-07-05T21:12:06.042679,2026-07-05T21:12:06.063610+00:00,160.8,50,bid,FlawlessFlatbreads,EarnestEspressos,8769269
2026-07-05T21:12:08.151665,2026-07-05T21:12:08.153598+00:00,161.0,50,bid,FlawlessFlatbreads,DiligentDonuts,8769288
2026-07-05T21:12:10.321310,2026-07-05T21:12:10.330456+00:00,160.6,50,ask,DiligentDonuts,FlawlessFlatbreads,8769316
2026-07-05T21:12:12.375761,2026-07-05T21:12:12.387534+00:00,161.1,50,bid,FlawlessFlatbreads,DiligentDonuts,8769337
2026-07-05T21:12:13.607795,2026-07-05T21:12:13.615895+00:00,160.6,47,ask,EarnestEspressos,CostlyCorianders,8769358
2026-07-05T21:12:14.482831,2026-07-05T21:12:14.494755+00:00,161.1,50,bid,FlawlessFlatbreads,DiligentDonuts,8769372
2026-07-05T21:12:15.776504,2026-07-05T21:12:15.785614+00:00,160.7,100,bid,DiligentDonuts,EarnestEspressos,8769385
2026-07-05T21:12:16.641368,2026-07-05T21:12:16.650698+00:00,160.2,50,ask,EarnestEspressos,FlawlessFlatbreads,8769399
2026-07-05T21:12:18.696876,2026-07-05T21:12:18.708570+00:00,160.8,50,bid,FlawlessFlatbreads,EarnestEspressos,8769420
2026-07-05T21:12:20.798464,2026-07-05T21:12:20.809591+00:00,160.7,49,bid,CostlyCorianders,DiligentDonuts,8769446
2026-07-05T21:12:20.804109,2026-07-05T21:12:20.814788+00:00,160.7,50,bid,FlawlessFlatbreads,DiligentDonuts,8769447
2026-07-05T21:12:21.454148,2026-07-05T21:12:21.458567+00:00,160.7,1,bid,CostlyCorianders,DiligentDonuts,8769458
2026-07-05T21:12:21.454148,2026-07-05T21:12:21.458567+00:00,160.9,41,bid,CostlyCorianders,EarnestEspressos,8769459
2026-07-05T21:12:21.509431,2026-07-05T21:12:21.517337+00:00,160.4,46,ask,EarnestEspressos,CostlyCorianders,8769461
2026-07-05T21:12:24.270303,2026-07-05T21:12:24.281718+00:00,161.0,41,bid,CostlyCorianders,EarnestEspressos,8769498
2026-07-05T21:12:25.014363,2026-07-05T21:12:25.026027+00:00,161.0,50,bid,FlawlessFlatbreads,EarnestEspressos,8769507
2026-07-05T21:12:25.246255,2026-07-05T21:12:25.255355+00:00,160.5,44,ask,EarnestEspressos,CostlyCorianders,8769508
2026-07-05T21:12:25.787656,2026-07-05T21:12:25.799571+00:00,161.0,45,bid,CostlyCorianders,EarnestEspressos,8769517
2026-07-05T21:12:25.842890,2026-07-05T21:12:25.854696+00:00,160.6,48,ask,DiligentDonuts,CostlyCorianders,8769518
2026-07-05T21:12:27.176492,2026-07-05T21:12:27.184848+00:00,160.8,3,ask,EarnestEspressos,Xuanyu Liu,8769542
2026-07-05T21:12:29.094604,2026-07-05T21:12:29.103146+00:00,160.9,47,bid,CostlyCorianders,DiligentDonuts,8769558
2026-07-05T21:12:29.279749,2026-07-05T21:12:29.288992+00:00,160.8,50,ask,EarnestEspressos,FlawlessFlatbreads,8769562
2026-07-05T21:12:30.113055,2026-07-05T21:12:30.124965+00:00,160.8,48,ask,EarnestEspressos,CostlyCorianders,8769569
2026-07-05T21:12:31.386198,2026-07-05T21:12:31.397979+00:00,160.5,50,ask,EarnestEspressos,FlawlessFlatbreads,8769584
2026-07-05T21:12:31.962429,2026-07-05T21:12:31.973826+00:00,161.0,43,bid,CostlyCorianders,EarnestEspressos,8769587
2026-07-05T21:12:33.494616,2026-07-05T21:12:33.506342+00:00,160.6,50,ask,DiligentDonuts,FlawlessFlatbreads,8769603
2026-07-05T21:12:33.753385,2026-07-05T21:12:33.763935+00:00,160.6,44,ask,DiligentDonuts,CostlyCorianders,8769605
2026-07-05T21:12:34.950317,2026-07-05T21:12:34.954395+00:00,160.8,45,bid,CostlyCorianders,DiligentDonuts,8769616
2026-07-05T21:12:35.457496,2026-07-05T21:12:35.469432+00:00,160.8,41,bid,CostlyCorianders,DiligentDonuts,8769624
2026-07-05T21:12:35.512863,2026-07-05T21:12:35.524689+00:00,160.6,48,ask,EarnestEspressos,CostlyCorianders,8769625
2026-07-05T21:12:35.601363,2026-07-05T21:12:35.611831+00:00,160.6,50,ask,EarnestEspressos,FlawlessFlatbreads,8769626
2026-07-05T21:12:36.462619,2026-07-05T21:12:36.469118+00:00,160.6,46,ask,EarnestEspressos,CostlyCorianders,8769638
2026-07-05T21:12:36.736602,2026-07-05T21:12:36.747999+00:00,160.4,3,bid,Xuanyu Liu,EarnestEspressos,8769643
2026-07-05T21:12:37.708687,2026-07-05T21:12:37.720329+00:00,160.3,50,ask,DiligentDonuts,FlawlessFlatbreads,8769665
2026-07-05T21:12:37.918003,2026-07-05T21:12:37.929683+00:00,160.4,100,bid,DiligentDonuts,EarnestEspressos,8769666
2026-07-05T21:12:39.329894,2026-07-05T21:12:39.335826+00:00,160.4,3,bid,Xuanyu Liu,EarnestEspressos,8769681
2026-07-05T21:12:39.730591,2026-07-05T21:12:39.739108+00:00,160.4,41,bid,CostlyCorianders,EarnestEspressos,8769691
2026-07-05T21:12:41.592618,2026-07-05T21:12:41.604413+00:00,160.5,41,ask,EarnestEspressos,CostlyCorianders,8769724
2026-07-05T21:12:41.936418,2026-07-05T21:12:41.945446+00:00,160.5,50,ask,EarnestEspressos,FlawlessFlatbreads,8769727
2026-07-05T21:12:42.153064,2026-07-05T21:12:42.158588+00:00,160.7,41,bid,CostlyCorianders,DiligentDonuts,8769729
2026-07-05T21:12:42.437620,2026-07-05T21:12:42.465143+00:00,160.5,3,ask,EarnestEspressos,Xuanyu Liu,8769734
2026-07-05T21:12:43.326706,2026-07-05T21:12:43.343591+00:00,160.2,48,ask,DiligentDonuts,CostlyCorianders,8769749
2026-07-05T21:12:44.042809,2026-07-05T21:12:44.054508+00:00,160.2,50,ask,DiligentDonuts,FlawlessFlatbreads,8769758
2026-07-05T21:12:44.304441,2026-07-05T21:12:44.313043+00:00,160.1,100,ask,EarnestEspressos,DiligentDonuts,8769761
2026-07-05T21:12:46.151715,2026-07-05T21:12:46.158324+00:00,159.6,50,ask,DiligentDonuts,FlawlessFlatbreads,8769779
2026-07-05T21:12:46.221222,2026-07-05T21:12:46.231089+00:00,160.1,14,bid,Xuanyu Liu,EarnestEspressos,8769780
2026-07-05T21:12:48.223406,2026-07-05T21:12:48.232865+00:00,160.1,48,bid,CostlyCorianders,EarnestEspressos,8769806
2026-07-05T21:12:48.259180,2026-07-05T21:12:48.266361+00:00,159.8,50,ask,DiligentDonuts,FlawlessFlatbreads,8769807
2026-07-05T21:12:50.366957,2026-07-05T21:12:50.378479+00:00,159.9,50,ask,EarnestEspressos,FlawlessFlatbreads,8769842
2026-07-05T21:12:50.897378,2026-07-05T21:12:50.905003+00:00,160.4,47,bid,CostlyCorianders,EarnestEspressos,8769850
2026-07-05T21:12:52.473326,2026-07-05T21:12:52.484978+00:00,160.0,50,ask,DiligentDonuts,FlawlessFlatbreads,8769876
2026-07-05T21:12:54.395195,2026-07-05T21:12:54.406824+00:00,159.9,45,ask,EarnestEspressos,CostlyCorianders,8769900
2026-07-05T21:12:56.369995,2026-07-05T21:12:56.378175+00:00,160.0,12,bid,Xuanyu Liu,EarnestEspressos,8769935
2026-07-05T21:12:56.647518,2026-07-05T21:12:56.658558+00:00,160.0,50,bid,FlawlessFlatbreads,EarnestEspressos,8769939
2026-07-05T21:12:57.593612,2026-07-05T21:12:57.605131+00:00,160.0,40,bid,CostlyCorianders,EarnestEspressos,8769954
2026-07-05T21:12:57.685977,2026-07-05T21:12:57.694513+00:00,160.0,23,bid,Xuanyu Liu,EarnestEspressos,8769956
2026-07-05T21:12:58.811379,2026-07-05T21:12:58.820551+00:00,159.7,50,ask,DiligentDonuts,FlawlessFlatbreads,8769981
2026-07-05T21:12:58.811523,2026-07-05T21:12:58.825836+00:00,160.2,100,bid,EarnestEspressos,DiligentDonuts,8769982
2026-07-05T21:12:58.876835,2026-07-05T21:12:58.886796+00:00,160.3,23,ask,EarnestEspressos,Xuanyu Liu,8769983
2026-07-05T21:13:00.609690,2026-07-05T21:13:00.621004+00:00,160.3,27,ask,EarnestEspressos,CostlyCorianders,8770006
2026-07-05T21:13:00.609690,2026-07-05T21:13:00.621004+00:00,160.0,22,ask,DiligentDonuts,CostlyCorianders,8770007
2026-07-05T21:13:00.919527,2026-07-05T21:13:00.931390+00:00,160.0,50,ask,DiligentDonuts,FlawlessFlatbreads,8770011
2026-07-05T21:13:01.597963,2026-07-05T21:13:01.607497+00:00,160.5,42,bid,CostlyCorianders,DiligentDonuts,8770024
2026-07-05T21:13:02.025725,2026-07-05T21:13:02.035858+00:00,160.0,28,ask,DiligentDonuts,EarnestEspressos,8770033
2026-07-05T21:13:02.662796,2026-07-05T21:13:02.674569+00:00,160.0,47,bid,CostlyCorianders,EarnestEspressos,8770036
2026-07-05T21:13:03.029189,2026-07-05T21:13:03.039101+00:00,159.5,50,ask,EarnestEspressos,FlawlessFlatbreads,8770042
2026-07-05T21:13:03.233173,2026-07-05T21:13:03.244942+00:00,159.6,47,ask,DiligentDonuts,CostlyCorianders,8770045
2026-07-05T21:13:05.135724,2026-07-05T21:13:05.147574+00:00,159.6,50,ask,DiligentDonuts,FlawlessFlatbreads,8770061
2026-07-05T21:13:05.323735,2026-07-05T21:13:05.335281+00:00,160.1,46,bid,CostlyCorianders,DiligentDonuts,8770063
2026-07-05T21:13:06.458294,2026-07-05T21:13:06.470068+00:00,159.6,45,ask,EarnestEspressos,CostlyCorianders,8770071
2026-07-05T21:13:07.257818,2026-07-05T21:13:07.269732+00:00,159.6,50,ask,EarnestEspressos,FlawlessFlatbreads,8770078
2026-07-05T21:13:08.372817,2026-07-05T21:13:08.381534+00:00,159.8,23,bid,Xuanyu Liu,EarnestEspressos,8770101
2026-07-05T21:13:09.018690,2026-07-05T21:13:09.025734+00:00,159.8,42,bid,CostlyCorianders,EarnestEspressos,8770108
2026-07-05T21:13:11.419372,2026-07-05T21:13:11.464409+00:00,159.7,50,bid,FlawlessFlatbreads,DiligentDonuts,8770136
2026-07-05T21:13:11.949970,2026-07-05T21:13:11.958588+00:00,159.7,48,bid,CostlyCorianders,DiligentDonuts,8770143
2026-07-05T21:13:13.530994,2026-07-05T21:13:13.542777+00:00,159.8,50,bid,FlawlessFlatbreads,EarnestEspressos,8770160
2026-07-05T21:13:14.775468,2026-07-05T21:13:14.787085+00:00,159.7,49,ask,DiligentDonuts,CostlyCorianders,8770172
2026-07-05T21:13:17.745653,2026-07-05T21:13:17.757498+00:00,160.1,50,bid,FlawlessFlatbreads,EarnestEspressos,8770206
2026-07-05T21:13:18.693165,2026-07-05T21:13:18.704783+00:00,159.6,43,ask,DiligentDonuts,CostlyCorianders,8770215
2026-07-05T21:13:19.852360,2026-07-05T21:13:19.864027+00:00,160.0,50,bid,FlawlessFlatbreads,EarnestEspressos,8770228
2026-07-05T21:13:20.968207,2026-07-05T21:13:20.978920+00:00,160.0,100,bid,EarnestEspressos,DiligentDonuts,8770240
2026-07-05T21:13:21.030690,2026-07-05T21:13:21.040462+00:00,160.2,12,ask,EarnestEspressos,Xuanyu Liu,8770241
2026-07-05T21:13:21.959800,2026-07-05T21:13:21.971529+00:00,160.7,50,bid,FlawlessFlatbreads,EarnestEspressos,8770258
2026-07-05T21:13:24.066474,2026-07-05T21:13:24.078330+00:00,160.6,50,bid,FlawlessFlatbreads,DiligentDonuts,8770273
2026-07-05T21:13:26.174014,2026-07-05T21:13:26.184012+00:00,160.5,50,bid,FlawlessFlatbreads,EarnestEspressos,8770306
2026-07-05T21:13:27.859589,2026-07-05T21:13:27.872149+00:00,160.3,23,ask,EarnestEspressos,Xuanyu Liu,8770323
2026-07-05T21:13:28.279182,2026-07-05T21:13:28.286570+00:00,160.7,50,bid,FlawlessFlatbreads,DiligentDonuts,8770333
2026-07-05T21:13:29.101157,2026-07-05T21:13:29.112705+00:00,160.4,46,ask,DiligentDonuts,CostlyCorianders,8770345
2026-07-05T21:13:29.710756,2026-07-05T21:13:29.722301+00:00,160.8,49,bid,CostlyCorianders,EarnestEspressos,8770356
2026-07-05T21:13:30.436865,2026-07-05T21:13:30.444239+00:00,160.4,50,ask,DiligentDonuts,FlawlessFlatbreads,8770365
2026-07-05T21:13:31.406375,2026-07-05T21:13:31.417892+00:00,160.5,45,ask,EarnestEspressos,CostlyCorianders,8770379
2026-07-05T21:13:31.781085,2026-07-05T21:13:31.789679+00:00,160.5,11,ask,EarnestEspressos,Xuanyu Liu,8770383
2026-07-05T21:13:31.929502,2026-07-05T21:13:31.941280+00:00,160.6,45,bid,CostlyCorianders,DiligentDonuts,8770385
2026-07-05T21:13:32.122753,2026-07-05T21:13:32.133024+00:00,160.5,3,ask,EarnestEspressos,Xuanyu Liu,8770388
2026-07-05T21:13:32.542141,2026-07-05T21:13:32.553993+00:00,160.5,50,ask,EarnestEspressos,FlawlessFlatbreads,8770393
2026-07-05T21:13:34.389835,2026-07-05T21:13:34.398484+00:00,160.3,26,bid,Xuanyu Liu,EarnestEspressos,8770412
2026-07-05T21:13:34.648643,2026-07-05T21:13:34.663612+00:00,160.1,50,ask,DiligentDonuts,FlawlessFlatbreads,8770418
2026-07-05T21:13:35.098056,2026-07-05T21:13:35.115208+00:00,160.3,34,bid,Xuanyu Liu,EarnestEspressos,8770425
2026-07-05T21:13:35.702522,2026-07-05T21:13:35.711878+00:00,160.3,11,bid,Xuanyu Liu,EarnestEspressos,8770432
2026-07-05T21:13:36.702621,2026-07-05T21:13:36.714683+00:00,160.3,50,bid,FlawlessFlatbreads,EarnestEspressos,8770447
2026-07-05T21:13:36.783530,2026-07-05T21:13:36.792182+00:00,160.7,100,bid,EarnestEspressos,DiligentDonuts,8770449
2026-07-05T21:13:36.848629,2026-07-05T21:13:36.858837+00:00,160.9,50,ask,EarnestEspressos,Xuanyu Liu,8770451
2026-07-05T21:13:38.338540,2026-07-05T21:13:38.347991+00:00,160.9,7,ask,DiligentDonuts,Xuanyu Liu,8770471
2026-07-05T21:13:38.861463,2026-07-05T21:13:38.869608+00:00,160.9,50,ask,DiligentDonuts,FlawlessFlatbreads,8770478
2026-07-05T21:13:40.001947,2026-07-05T21:13:40.013632+00:00,160.9,43,ask,DiligentDonuts,EarnestEspressos,8770500
2026-07-05T21:13:40.014992,2026-07-05T21:13:40.023906+00:00,160.7,12,bid,Xuanyu Liu,EarnestEspressos,8770501
2026-07-05T21:13:40.387991,2026-07-05T21:13:40.398257+00:00,160.7,40,bid,CostlyCorianders,EarnestEspressos,8770508
2026-07-05T21:13:40.972602,2026-07-05T21:13:40.982014+00:00,160.3,50,ask,EarnestEspressos,FlawlessFlatbreads,8770511
2026-07-05T21:13:42.379342,2026-07-05T21:13:42.390586+00:00,160.7,11,bid,Xuanyu Liu,EarnestEspressos,8770534
2026-07-05T21:13:43.078291,2026-07-05T21:13:43.089781+00:00,160.3,50,ask,DiligentDonuts,FlawlessFlatbreads,8770548
2026-07-05T21:13:45.185830,2026-07-05T21:13:45.195440+00:00,160.6,50,ask,EarnestEspressos,FlawlessFlatbreads,8770575
2026-07-05T21:13:46.644507,2026-07-05T21:13:46.654509+00:00,160.6,43,ask,EarnestEspressos,CostlyCorianders,8770591
2026-07-05T21:13:47.241586,2026-07-05T21:13:47.253190+00:00,161.0,50,bid,FlawlessFlatbreads,DiligentDonuts,8770600
2026-07-05T21:13:48.845762,2026-07-05T21:13:48.858594+00:00,161.1,42,bid,CostlyCorianders,EarnestEspressos,8770617
2026-07-05T21:13:49.401820,2026-07-05T21:13:49.413443+00:00,160.8,50,ask,DiligentDonuts,FlawlessFlatbreads,8770625
2026-07-05T21:13:49.528269,2026-07-05T21:13:49.540113+00:00,160.8,44,ask,DiligentDonuts,CostlyCorianders,8770627
