timestamp,recv_time,price,volume,aggressor_side,buyer,seller,trade_id
2026-07-08T14:00:00.070664,2026-07-08T14:00:00.082601+00:00,143.4,50,bid,,,12284871
2026-07-08T14:00:00.554043,2026-07-08T14:00:00.563608+00:00,143.4,1,bid,,,12284882
2026-07-08T14:00:00.610808,2026-07-08T14:00:00.620391+00:00,143.3,2,bid,,,12284887
2026-07-08T14:00:00.893858,2026-07-08T14:00:00.905644+00:00,143.2,48,ask,,,12284891
2026-07-08T14:00:02.177724,2026-07-08T14:00:02.184597+00:00,143.4,50,bid,,,12284922
2026-07-08T14:00:02.876046,2026-07-08T14:00:02.897611+00:00,143.2,47,ask,,,12284928
2026-07-08T14:00:03.372333,2026-07-08T14:00:03.381352+00:00,143.3,2,bid,,,12284939
2026-07-08T14:00:03.372333,2026-07-08T14:00:03.381352+00:00,143.5,38,bid,,,12284940
2026-07-08T14:00:04.285820,2026-07-08T14:00:04.297617+00:00,143.5,50,bid,,,12284951
2026-07-08T14:00:05.933933,2026-07-08T14:00:05.942005+00:00,143.2,1,ask,,,12284978
2026-07-08T14:00:06.099786,2026-07-08T14:00:06.111471+00:00,143.3,2,bid,,,12284980
2026-07-08T14:00:06.349886,2026-07-08T14:00:06.358962+00:00,143.5,1,ask,,,12284982
2026-07-08T14:00:08.553199,2026-07-08T14:00:08.560885+00:00,143.4,50,ask,,,12285019
2026-07-08T14:00:09.400414,2026-07-08T14:00:09.412002+00:00,143.5,2,bid,,,12285026
2026-07-08T14:00:09.400414,2026-07-08T14:00:09.412002+00:00,143.6,1,bid,,,12285027
2026-07-08T14:00:09.400414,2026-07-08T14:00:09.412002+00:00,143.6,8,bid,,,12285028
2026-07-08T14:00:09.400414,2026-07-08T14:00:09.412002+00:00,143.7,30,bid,,,12285029
2026-07-08T14:00:09.583988,2026-07-08T14:00:09.621520+00:00,143.4,1,ask,,,12285032
2026-07-08T14:00:10.608566,2026-07-08T14:00:10.615692+00:00,143.6,1,bid,,,12285054
2026-07-08T14:00:11.019347,2026-07-08T14:00:11.028234+00:00,143.4,1,ask,,,12285059
2026-07-08T14:00:11.110283,2026-07-08T14:00:11.116973+00:00,143.3,20,ask,,,12285061
2026-07-08T14:00:11.218988,2026-07-08T14:00:11.228451+00:00,143.3,20,ask,,,12285065
2026-07-08T14:00:11.282089,2026-07-08T14:00:11.290575+00:00,143.4,8,ask,,,12285069
2026-07-08T14:00:11.328003,2026-07-08T14:00:11.337406+00:00,143.3,20,ask,,,12285071
2026-07-08T14:00:11.438736,2026-07-08T14:00:11.445278+00:00,143.3,20,ask,,,12285080
2026-07-08T14:00:11.553489,2026-07-08T14:00:11.557318+00:00,143.3,20,ask,,,12285084
2026-07-08T14:00:11.704283,2026-07-08T14:00:11.715790+00:00,143.2,46,ask,,,12285087
2026-07-08T14:00:12.273833,2026-07-08T14:00:12.282501+00:00,143.1,8,bid,,,12285100
2026-07-08T14:00:12.416275,2026-07-08T14:00:12.425597+00:00,143.2,1,bid,,,12285105
2026-07-08T14:00:14.820719,2026-07-08T14:00:14.827758+00:00,143.2,1,bid,,,12285145
2026-07-08T14:00:14.820719,2026-07-08T14:00:14.832766+00:00,143.2,2,bid,,,12285146
2026-07-08T14:00:14.820719,2026-07-08T14:00:14.832766+00:00,143.4,47,bid,,,12285147
2026-07-08T14:00:14.830303,2026-07-08T14:00:14.838029+00:00,143.1,1,ask,,,12285148
2026-07-08T14:00:16.851192,2026-07-08T14:00:16.857992+00:00,143.2,61,ask,,,12285184
2026-07-08T14:00:16.879935,2026-07-08T14:00:16.891111+00:00,143.2,20,ask,,,12285189
2026-07-08T14:00:16.981888,2026-07-08T14:00:16.990330+00:00,143.2,50,ask,,,12285194
2026-07-08T14:00:16.989940,2026-07-08T14:00:17.001393+00:00,143.2,19,ask,,,12285195
2026-07-08T14:00:16.989940,2026-07-08T14:00:17.001393+00:00,143.2,1,ask,,,12285196
2026-07-08T14:00:17.005951,2026-07-08T14:00:17.017134+00:00,143.2,1,ask,,,12285199
2026-07-08T14:00:17.871657,2026-07-08T14:00:17.881478+00:00,143.1,1,ask,,,12285216
2026-07-08T14:00:17.871657,2026-07-08T14:00:17.881478+00:00,143.1,7,ask,,,12285217
2026-07-08T14:00:18.156693,2026-07-08T14:00:18.168556+00:00,143.1,1,ask,,,12285226
2026-07-08T14:00:18.650153,2026-07-08T14:00:18.651845+00:00,143.0,1,ask,,,12285233
2026-07-08T14:00:18.650153,2026-07-08T14:00:18.651845+00:00,142.9,100,ask,,,12285234
2026-07-08T14:00:18.650153,2026-07-08T14:00:18.651845+00:00,142.9,8,ask,,,12285235
2026-07-08T14:00:18.659917,2026-07-08T14:00:18.670325+00:00,142.8,8,bid,,,12285236
2026-07-08T14:00:18.739826,2026-07-08T14:00:18.750924+00:00,142.8,3,bid,,,12285238
2026-07-08T14:00:18.912160,2026-07-08T14:00:18.923447+00:00,142.7,20,bid,,,12285250
2026-07-08T14:00:19.022047,2026-07-08T14:00:19.028369+00:00,142.6,1,bid,,,12285254
2026-07-08T14:00:19.026084,2026-07-08T14:00:19.033988+00:00,142.7,19,bid,,,12285255
2026-07-08T14:00:19.088928,2026-07-08T14:00:19.100745+00:00,142.4,1,ask,,,12285260
2026-07-08T14:00:19.088928,2026-07-08T14:00:19.100745+00:00,142.3,49,ask,,,12285261
2026-07-08T14:00:19.136266,2026-07-08T14:00:19.147173+00:00,142.7,20,bid,,,12285264
2026-07-08T14:00:19.269869,2026-07-08T14:00:19.281303+00:00,142.7,20,bid,,,12285266
2026-07-08T14:00:19.274893,2026-07-08T14:00:19.286509+00:00,142.7,1,bid,,,12285267
2026-07-08T14:00:19.380779,2026-07-08T14:00:19.389692+00:00,142.6,1,bid,,,12285276
2026-07-08T14:00:19.385531,2026-07-08T14:00:19.394907+00:00,142.7,19,bid,,,12285277
2026-07-08T14:00:19.495369,2026-07-08T14:00:19.505519+00:00,142.7,1,bid,,,12285283
2026-07-08T14:00:19.501881,2026-07-08T14:00:19.510986+00:00,142.8,19,bid,,,12285284
2026-07-08T14:00:19.820963,2026-07-08T14:00:19.831084+00:00,142.8,1,bid,,,12285294
2026-07-08T14:00:19.926845,2026-07-08T14:00:19.934075+00:00,142.8,10,bid,,,12285295
2026-07-08T14:00:20.340616,2026-07-08T14:00:20.352389+00:00,142.8,1,bid,,,12285306
2026-07-08T14:00:20.340616,2026-07-08T14:00:20.352389+00:00,143.0,8,bid,,,12285307
2026-07-08T14:00:21.199394,2026-07-08T14:00:21.211425+00:00,142.6,1,ask,,,12285323
2026-07-08T14:00:21.199394,2026-07-08T14:00:21.211425+00:00,142.3,49,ask,,,12285324
2026-07-08T14:00:22.848501,2026-07-08T14:00:22.859974+00:00,142.5,2,bid,,,12285361
2026-07-08T14:00:22.853203,2026-07-08T14:00:22.859974+00:00,142.7,1,bid,,,12285362
2026-07-08T14:00:23.312216,2026-07-08T14:00:23.323952+00:00,142.5,1,ask,,,12285376
2026-07-08T14:00:23.312216,2026-07-08T14:00:23.323952+00:00,142.3,49,ask,,,12285377
2026-07-08T14:00:24.169930,2026-07-08T14:00:24.176927+00:00,142.6,1,bid,,,12285398
2026-07-08T14:00:24.173937,2026-07-08T14:00:24.182471+00:00,142.8,19,bid,,,12285399
2026-07-08T14:00:24.252283,2026-07-08T14:00:24.263829+00:00,142.7,1,bid,,,12285401
2026-07-08T14:00:24.252283,2026-07-08T14:00:24.263829+00:00,142.8,43,bid,,,12285402
2026-07-08T14:00:24.585962,2026-07-08T14:00:24.596530+00:00,142.6,2,bid,,,12285406
2026-07-08T14:00:24.590243,2026-07-08T14:00:24.601910+00:00,142.8,18,bid,,,12285407
2026-07-08T14:00:24.596097,2026-07-08T14:00:24.606896+00:00,142.8,1,bid,,,12285408
2026-07-08T14:00:24.707192,2026-07-08T14:00:24.715131+00:00,142.7,1,bid,,,12285410
2026-07-08T14:00:24.712517,2026-07-08T14:00:24.720421+00:00,142.8,19,bid,,,12285411
2026-07-08T14:00:25.008442,2026-07-08T14:00:25.016750+00:00,142.8,1,bid,,,12285414
2026-07-08T14:00:25.438835,2026-07-08T14:00:25.452273+00:00,142.8,1,ask,,,12285420
2026-07-08T14:00:25.438835,2026-07-08T14:00:25.457304+00:00,142.7,49,ask,,,12285421
2026-07-08T14:00:27.548995,2026-07-08T14:00:27.555257+00:00,142.7,50,ask,,,12285451
2026-07-08T14:00:28.967992,2026-07-08T14:00:28.974829+00:00,142.6,2,bid,,,12285477
2026-07-08T14:00:28.975188,2026-07-08T14:00:28.985559+00:00,142.7,1,bid,,,12285478
2026-07-08T14:00:29.080125,2026-07-08T14:00:29.089020+00:00,142.8,2,bid,,,12285481
2026-07-08T14:00:29.673288,2026-07-08T14:00:29.684285+00:00,142.6,1,ask,,,12285493
2026-07-08T14:00:29.673288,2026-07-08T14:00:29.684285+00:00,142.5,49,ask,,,12285494
2026-07-08T14:00:30.784621,2026-07-08T14:00:30.791885+00:00,142.7,1,bid,,,12285510
2026-07-08T14:00:30.784621,2026-07-08T14:00:30.796868+00:00,142.8,47,bid,,,12285511
2026-07-08T14:00:31.781465,2026-07-08T14:00:31.793185+00:00,142.4,50,ask,,,12285529
2026-07-08T14:00:32.050604,2026-07-08T14:00:32.072548+00:00,142.5,2,bid,,,12285537
2026-07-08T14:00:33.890170,2026-07-08T14:00:33.902062+00:00,142.5,1,ask,,,12285568
2026-07-08T14:00:33.890170,2026-07-08T14:00:33.902062+00:00,142.4,49,ask,,,12285569
2026-07-08T14:00:34.073038,2026-07-08T14:00:34.082802+00:00,142.6,1,bid,,,12285573
2026-07-08T14:00:34.435247,2026-07-08T14:00:34.454881+00:00,142.6,1,ask,,,12285577
2026-07-08T14:00:34.642568,2026-07-08T14:00:34.663012+00:00,142.5,2,bid,,,12285587
2026-07-08T14:00:34.870934,2026-07-08T14:00:34.877595+00:00,142.5,35,bid,,,12285593
2026-07-08T14:00:35.128772,2026-07-08T14:00:35.139903+00:00,142.5,1,bid,,,12285595
2026-07-08T14:00:36.216907,2026-07-08T14:00:36.226912+00:00,142.5,1,bid,,,12285616
2026-07-08T14:00:37.291679,2026-07-08T14:00:37.303366+00:00,142.5,1,bid,,,12285639
2026-07-08T14:00:37.730836,2026-07-08T14:00:37.737993+00:00,142.3,1,ask,,,12285644
2026-07-08T14:00:37.730836,2026-07-08T14:00:37.743334+00:00,142.2,8,ask,,,12285645
2026-07-08T14:00:37.730836,2026-07-08T14:00:37.743334+00:00,142.1,34,ask,,,12285646
2026-07-08T14:00:38.109357,2026-07-08T14:00:38.120837+00:00,142.2,50,ask,,,12285657
2026-07-08T14:00:38.350945,2026-07-08T14:00:38.359078+00:00,142.5,1,bid,,,12285660
2026-07-08T14:00:39.401384,2026-07-08T14:00:39.413191+00:00,142.5,1,bid,,,12285684
2026-07-08T14:00:40.163924,2026-07-08T14:00:40.175895+00:00,142.6,50,bid,,,12285701
2026-07-08T14:00:40.482502,2026-07-08T14:00:40.490179+00:00,142.6,1,bid,,,12285708
2026-07-08T14:00:41.553124,2026-07-08T14:00:41.564846+00:00,142.6,1,bid,,,12285720
2026-07-08T14:00:42.324229,2026-07-08T14:00:42.335072+00:00,142.3,1,ask,,,12285737
2026-07-08T14:00:42.324229,2026-07-08T14:00:42.335072+00:00,142.3,8,ask,,,12285738
2026-07-08T14:00:42.324229,2026-07-08T14:00:42.335072+00:00,142.2,41,ask,,,12285739
2026-07-08T14:00:42.620878,2026-07-08T14:00:42.632562+00:00,142.5,1,bid,,,12285745
2026-07-08T14:00:43.543207,2026-07-08T14:00:43.558612+00:00,142.5,8,bid,,,12285761
2026-07-08T14:00:43.543207,2026-07-08T14:00:43.558612+00:00,142.6,33,bid,,,12285762
2026-07-08T14:00:43.670610,2026-07-08T14:00:43.691172+00:00,142.5,8,bid,,,12285764
2026-07-08T14:00:43.752551,2026-07-08T14:00:43.764286+00:00,142.6,1,bid,,,12285768
2026-07-08T14:00:43.806604,2026-07-08T14:00:43.828152+00:00,142.6,3,bid,,,12285769
2026-07-08T14:00:44.433678,2026-07-08T14:00:44.445507+00:00,142.6,50,ask,,,12285776
2026-07-08T14:00:45.133446,2026-07-08T14:00:45.154035+00:00,142.7,1,ask,,,12285790
2026-07-08T14:00:45.839791,2026-07-08T14:00:45.848136+00:00,142.8,1,bid,,,12285804
2026-07-08T14:00:46.208104,2026-07-08T14:00:46.221750+00:00,142.7,1,ask,,,12285809
2026-07-08T14:00:46.572428,2026-07-08T14:00:46.584230+00:00,142.6,50,ask,,,12285816
2026-07-08T14:00:46.908423,2026-07-08T14:00:46.919166+00:00,142.7,1,bid,,,12285820
2026-07-08T14:00:47.291109,2026-07-08T14:00:47.301035+00:00,142.7,1,ask,,,12285823
2026-07-08T14:00:47.645789,2026-07-08T14:00:47.657341+00:00,142.3,47,ask,,,12285831
2026-07-08T14:00:47.884994,2026-07-08T14:00:47.901907+00:00,142.6,1,bid,,,12285837
2026-07-08T14:00:47.965582,2026-07-08T14:00:47.982258+00:00,142.7,1,bid,,,12285839
2026-07-08T14:00:48.134963,2026-07-08T14:00:48.144166+00:00,142.7,49,bid,,,12285843
2026-07-08T14:00:48.297517,2026-07-08T14:00:48.335644+00:00,142.6,1,bid,,,12285848
2026-07-08T14:00:49.019473,2026-07-08T14:00:49.028452+00:00,142.7,1,bid,,,12285864
2026-07-08T14:00:50.064399,2026-07-08T14:00:50.075649+00:00,142.7,1,bid,,,12285877
2026-07-08T14:00:50.285851,2026-07-08T14:00:50.294823+00:00,142.5,1,ask,,,12285884
2026-07-08T14:00:50.796257,2026-07-08T14:00:50.805708+00:00,142.3,50,ask,,,12285892
2026-07-08T14:00:51.111167,2026-07-08T14:00:51.122542+00:00,142.5,1,bid,,,12285898
2026-07-08T14:00:52.153343,2026-07-08T14:00:52.163888+00:00,142.5,1,bid,,,12285923
2026-07-08T14:00:52.852137,2026-07-08T14:00:52.853769+00:00,142.5,50,bid,,,12285942
2026-07-08T14:00:53.019845,2026-07-08T14:00:53.038316+00:00,142.5,12,bid,,,12285949
2026-07-08T14:00:53.102973,2026-07-08T14:00:53.114159+00:00,142.5,25,bid,,,12285952
2026-07-08T14:00:53.185546,2026-07-08T14:00:53.200292+00:00,142.5,48,bid,,,12285953
2026-07-08T14:00:53.216965,2026-07-08T14:00:53.226792+00:00,142.5,1,bid,,,12285955
2026-07-08T14:00:53.396380,2026-07-08T14:00:53.407956+00:00,142.7,8,bid,,,12285960
2026-07-08T14:00:53.396380,2026-07-08T14:00:53.407956+00:00,142.8,100,bid,,,12285961
2026-07-08T14:00:53.464989,2026-07-08T14:00:53.473529+00:00,142.8,12,ask,,,12285963
2026-07-08T14:00:53.519166,2026-07-08T14:00:53.527632+00:00,142.9,1,ask,,,12285967
2026-07-08T14:00:54.335769,2026-07-08T14:00:54.346146+00:00,142.8,13,ask,,,12285981
2026-07-08T14:00:54.985711,2026-07-08T14:00:54.995361+00:00,142.9,2,bid,,,12285995
2026-07-08T14:00:54.985711,2026-07-08T14:00:54.995361+00:00,143.1,48,bid,,,12285996
2026-07-08T14:00:56.291835,2026-07-08T14:00:56.300482+00:00,142.8,17,ask,,,12286019
2026-07-08T14:00:56.291835,2026-07-08T14:00:56.300482+00:00,142.7,8,ask,,,12286020
2026-07-08T14:00:56.291835,2026-07-08T14:00:56.305768+00:00,142.6,23,ask,,,12286021
2026-07-08T14:00:56.612060,2026-07-08T14:00:56.623648+00:00,142.6,77,ask,,,12286022
2026-07-08T14:00:56.625003,2026-07-08T14:00:56.635216+00:00,142.6,3,bid,,,12286023
2026-07-08T14:00:57.320696,2026-07-08T14:00:57.330456+00:00,142.6,1,bid,,,12286039
2026-07-08T14:00:58.359215,2026-07-08T14:00:58.370862+00:00,142.6,1,bid,,,12286054
2026-07-08T14:00:59.197270,2026-07-08T14:00:59.208791+00:00,142.6,50,bid,,,12286064
2026-07-08T14:00:59.401190,2026-07-08T14:00:59.411338+00:00,142.6,1,bid,,,12286069
2026-07-08T14:00:59.469366,2026-07-08T14:00:59.477228+00:00,142.3,43,ask,,,12286071
2026-07-08T14:00:59.961140,2026-07-08T14:00:59.973865+00:00,142.7,1,ask,,,12286082
2026-07-08T14:01:00.077913,2026-07-08T14:01:00.089494+00:00,142.6,42,ask,,,12286083
2026-07-08T14:01:00.446593,2026-07-08T14:01:00.457200+00:00,142.7,1,bid,,,12286087
2026-07-08T14:01:00.693930,2026-07-08T14:01:00.706747+00:00,142.7,41,bid,,,12286091
2026-07-08T14:01:00.899199,2026-07-08T14:01:00.907926+00:00,142.7,11,bid,,,12286099
2026-07-08T14:01:01.305892,2026-07-08T14:01:01.314818+00:00,142.7,46,bid,,,12286107
2026-07-08T14:01:01.316700,2026-07-08T14:01:01.328789+00:00,142.9,1,bid,,,12286108
2026-07-08T14:01:01.316700,2026-07-08T14:01:01.328789+00:00,142.9,8,bid,,,12286109
2026-07-08T14:01:01.316700,2026-07-08T14:01:01.328789+00:00,143.1,37,bid,,,12286110
2026-07-08T14:01:01.895505,2026-07-08T14:01:01.907128+00:00,142.6,44,ask,,,12286126
2026-07-08T14:01:02.214121,2026-07-08T14:01:02.223819+00:00,142.6,11,ask,,,12286134
2026-07-08T14:01:02.512800,2026-07-08T14:01:02.524478+00:00,142.6,40,ask,,,12286140
2026-07-08T14:01:03.473750,2026-07-08T14:01:03.485084+00:00,142.4,50,ask,,,12286157
2026-07-08T14:01:03.513334,2026-07-08T14:01:03.521820+00:00,142.5,1,bid,,,12286158
2026-07-08T14:01:03.564964,2026-07-08T14:01:03.574524+00:00,142.5,11,bid,,,12286160
2026-07-08T14:01:04.562718,2026-07-08T14:01:04.574303+00:00,142.5,1,bid,,,12286176
2026-07-08T14:01:04.613548,2026-07-08T14:01:04.625011+00:00,142.5,42,bid,,,12286178
2026-07-08T14:01:05.581335,2026-07-08T14:01:05.587895+00:00,142.4,50,ask,,,12286194
2026-07-08T14:01:05.607629,2026-07-08T14:01:05.619096+00:00,142.5,1,bid,,,12286195
2026-07-08T14:01:05.956189,2026-07-08T14:01:05.969356+00:00,142.4,1,bid,,,12286202
2026-07-08T14:01:06.278646,2026-07-08T14:01:06.290457+00:00,142.4,42,ask,,,12286215
2026-07-08T14:01:06.649058,2026-07-08T14:01:06.658656+00:00,142.6,1,bid,,,12286222
2026-07-08T14:01:07.715224,2026-07-08T14:01:07.722789+00:00,142.7,1,bid,,,12286239
2026-07-08T14:01:08.199655,2026-07-08T14:01:08.211315+00:00,142.7,45,bid,,,12286247
2026-07-08T14:01:08.760863,2026-07-08T14:01:08.769013+00:00,142.7,1,bid,,,12286260
2026-07-08T14:01:08.765457,2026-07-08T14:01:08.774007+00:00,142.7,41,bid,,,12286261
2026-07-08T14:01:09.468171,2026-07-08T14:01:09.476997+00:00,142.6,44,ask,,,12286270
2026-07-08T14:01:09.816076,2026-07-08T14:01:09.827941+00:00,142.6,50,ask,,,12286272
2026-07-08T14:01:11.453991,2026-07-08T14:01:11.469235+00:00,142.6,1,ask,,,12286307
2026-07-08T14:01:11.928451,2026-07-08T14:01:11.940043+00:00,142.6,5,ask,,,12286312
2026-07-08T14:01:13.983364,2026-07-08T14:01:13.990493+00:00,142.6,50,bid,,,12286339
2026-07-08T14:01:16.101051,2026-07-08T14:01:16.108392+00:00,142.6,2,bid,,,12286370
2026-07-08T14:01:16.101051,2026-07-08T14:01:16.113703+00:00,142.7,48,bid,,,12286371
2026-07-08T14:01:16.150829,2026-07-08T14:01:16.163638+00:00,142.7,41,bid,,,12286373
2026-07-08T14:01:17.176766,2026-07-08T14:01:17.188870+00:00,142.5,1,ask,,,12286389
2026-07-08T14:01:17.176766,2026-07-08T14:01:17.188870+00:00,142.5,8,ask,,,12286390
2026-07-08T14:01:17.176766,2026-07-08T14:01:17.188870+00:00,142.4,33,ask,,,12286391
2026-07-08T14:01:17.465150,2026-07-08T14:01:17.475577+00:00,142.7,8,bid,,,12286400
2026-07-08T14:01:17.792099,2026-07-08T14:01:17.800767+00:00,142.7,3,bid,,,12286405
2026-07-08T14:01:17.803869,2026-07-08T14:01:17.813754+00:00,142.7,1,bid,,,12286409
2026-07-08T14:01:17.955602,2026-07-08T14:01:17.967571+00:00,142.7,1,bid,,,12286413
2026-07-08T14:01:18.208136,2026-07-08T14:01:18.219841+00:00,142.8,8,bid,,,12286423
2026-07-08T14:01:18.208136,2026-07-08T14:01:18.219841+00:00,142.9,42,bid,,,12286424
2026-07-08T14:01:18.712465,2026-07-08T14:01:18.724183+00:00,142.8,1,bid,,,12286429
2026-07-08T14:01:18.712465,2026-07-08T14:01:18.724183+00:00,143.0,8,bid,,,12286430
2026-07-08T14:01:19.315505,2026-07-08T14:01:19.324915+00:00,143.0,1,ask,,,12286442
2026-07-08T14:01:19.315505,2026-07-08T14:01:19.324915+00:00,143.0,8,ask,,,12286443
2026-07-08T14:01:19.864263,2026-07-08T14:01:19.873458+00:00,143.1,2,bid,,,12286448
2026-07-08T14:01:19.864263,2026-07-08T14:01:19.873458+00:00,143.2,1,bid,,,12286449
2026-07-08T14:01:19.864263,2026-07-08T14:01:19.878728+00:00,143.2,8,bid,,,12286450
2026-07-08T14:01:20.002956,2026-07-08T14:01:20.011981+00:00,143.0,1,ask,,,12286455
2026-07-08T14:01:20.318925,2026-07-08T14:01:20.327472+00:00,143.2,1,bid,,,12286465
2026-07-08T14:01:20.318925,2026-07-08T14:01:20.327472+00:00,143.3,49,bid,,,12286466
2026-07-08T14:01:20.850109,2026-07-08T14:01:20.863362+00:00,143.0,1,ask,,,12286471
2026-07-08T14:01:20.919117,2026-07-08T14:01:20.930625+00:00,143.1,1,bid,,,12286473
2026-07-08T14:01:21.260240,2026-07-08T14:01:21.268831+00:00,143.0,1,ask,,,12286475
2026-07-08T14:01:21.455874,2026-07-08T14:01:21.467662+00:00,143.2,1,bid,,,12286477
2026-07-08T14:01:22.466387,2026-07-08T14:01:22.474914+00:00,143.4,1,bid,,,12286497
2026-07-08T14:01:22.481592,2026-07-08T14:01:22.491676+00:00,143.2,1,ask,,,12286498
2026-07-08T14:01:23.243985,2026-07-08T14:01:23.254462+00:00,143.1,10,ask,,,12286517
2026-07-08T14:01:24.536373,2026-07-08T14:01:24.546558+00:00,143.2,2,bid,,,12286532
2026-07-08T14:01:24.536373,2026-07-08T14:01:24.546558+00:00,143.3,1,bid,,,12286533
2026-07-08T14:01:24.536373,2026-07-08T14:01:24.546558+00:00,143.4,47,bid,,,12286534
2026-07-08T14:01:25.216210,2026-07-08T14:01:25.227400+00:00,143.3,1,bid,,,12286542
2026-07-08T14:01:25.446466,2026-07-08T14:01:25.453598+00:00,143.3,48,ask,,,12286551
2026-07-08T14:01:25.896917,2026-07-08T14:01:25.908041+00:00,143.3,3,ask,,,12286559
2026-07-08T14:01:26.695829,2026-07-08T14:01:26.705738+00:00,143.3,48,ask,,,12286570
2026-07-08T14:01:26.695829,2026-07-08T14:01:26.705738+00:00,143.2,1,ask,,,12286571
2026-07-08T14:01:26.695829,2026-07-08T14:01:26.705738+00:00,143.2,1,ask,,,12286572
2026-07-08T14:01:28.030829,2026-07-08T14:01:28.042487+00:00,143.2,1,ask,,,12286603
2026-07-08T14:01:28.030829,2026-07-08T14:01:28.042487+00:00,143.1,44,ask,,,12286604
2026-07-08T14:01:28.808929,2026-07-08T14:01:28.818813+00:00,142.8,1,ask,,,12286615
2026-07-08T14:01:28.808929,2026-07-08T14:01:28.818813+00:00,142.7,49,ask,,,12286616
2026-07-08T14:01:29.605276,2026-07-08T14:01:29.614596+00:00,142.8,2,bid,,,12286636
2026-07-08T14:01:30.915586,2026-07-08T14:01:30.923467+00:00,142.8,1,ask,,,12286659
2026-07-08T14:01:30.915586,2026-07-08T14:01:30.928676+00:00,142.7,49,ask,,,12286660
2026-07-08T14:01:31.449229,2026-07-08T14:01:31.459754+00:00,142.7,100,ask,,,12286670
2026-07-08T14:01:31.452390,2026-07-08T14:01:31.459754+00:00,142.6,8,bid,,,12286671
2026-07-08T14:01:31.461088,2026-07-08T14:01:31.469529+00:00,142.6,1,bid,,,12286672
2026-07-08T14:01:31.633779,2026-07-08T14:01:31.645474+00:00,142.6,1,bid,,,12286675
2026-07-08T14:01:31.746241,2026-07-08T14:01:31.754418+00:00,142.5,1,bid,,,12286679
2026-07-08T14:01:32.449418,2026-07-08T14:01:32.458102+00:00,142.6,10,bid,,,12286696
2026-07-08T14:01:32.677413,2026-07-08T14:01:32.684777+00:00,142.6,1,bid,,,12286701
2026-07-08T14:01:33.716873,2026-07-08T14:01:33.724703+00:00,142.6,1,bid,,,12286714
2026-07-08T14:01:34.561463,2026-07-08T14:01:34.571183+00:00,142.6,1,bid,,,12286734
2026-07-08T14:01:34.561463,2026-07-08T14:01:34.571183+00:00,142.7,100,bid,,,12286735
2026-07-08T14:01:34.787525,2026-07-08T14:01:34.795228+00:00,143.1,49,bid,,,12286738
2026-07-08T14:01:35.076504,2026-07-08T14:01:35.085322+00:00,142.8,2,bid,,,12286749
2026-07-08T14:01:35.076504,2026-07-08T14:01:35.085322+00:00,143.1,48,bid,,,12286750
2026-07-08T14:01:35.359601,2026-07-08T14:01:35.368779+00:00,142.8,1,ask,,,12286752
2026-07-08T14:01:36.261321,2026-07-08T14:01:36.280800+00:00,142.7,10,ask,,,12286779
2026-07-08T14:01:36.434377,2026-07-08T14:01:36.442722+00:00,142.7,39,ask,,,12286784
2026-07-08T14:01:36.434377,2026-07-08T14:01:36.448123+00:00,142.6,7,ask,,,12286785
2026-07-08T14:01:36.835539,2026-07-08T14:01:36.844971+00:00,142.9,1,bid,,,12286794
2026-07-08T14:01:36.931700,2026-07-08T14:01:36.943324+00:00,143.1,3,bid,,,12286797
2026-07-08T14:01:36.931700,2026-07-08T14:01:36.943324+00:00,143.2,46,bid,,,12286798
2026-07-08T14:01:37.183146,2026-07-08T14:01:37.194957+00:00,143.1,1,bid,,,12286799
2026-07-08T14:01:37.183146,2026-07-08T14:01:37.194957+00:00,143.2,49,bid,,,12286800
2026-07-08T14:01:37.869213,2026-07-08T14:01:37.880856+00:00,143.0,100,bid,,,12286813
2026-07-08T14:01:37.874515,2026-07-08T14:01:37.880856+00:00,143.0,1,bid,,,12286814
2026-07-08T14:01:38.488199,2026-07-08T14:01:38.496645+00:00,143.0,49,bid,,,12286824
2026-07-08T14:01:39.292977,2026-07-08T14:01:39.300717+00:00,143.0,2,bid,,,12286846
2026-07-08T14:01:39.292977,2026-07-08T14:01:39.305979+00:00,143.1,1,bid,,,12286847
2026-07-08T14:01:39.292977,2026-07-08T14:01:39.305979+00:00,143.4,8,bid,,,12286848
2026-07-08T14:01:39.292977,2026-07-08T14:01:39.305979+00:00,143.5,39,bid,,,12286849
2026-07-08T14:01:39.432173,2026-07-08T14:01:39.440660+00:00,143.0,1,ask,,,12286851
2026-07-08T14:01:39.467034,2026-07-08T14:01:39.478538+00:00,142.8,8,ask,,,12286854
2026-07-08T14:01:39.467034,2026-07-08T14:01:39.478538+00:00,142.5,36,ask,,,12286855
2026-07-08T14:01:40.123905,2026-07-08T14:01:40.135858+00:00,143.3,1,bid,,,12286872
2026-07-08T14:01:40.123905,2026-07-08T14:01:40.135858+00:00,143.4,8,bid,,,12286873
2026-07-08T14:01:40.123905,2026-07-08T14:01:40.135858+00:00,143.5,36,bid,,,12286874
2026-07-08T14:01:41.456547,2026-07-08T14:01:41.468551+00:00,143.1,50,ask,,,12286892
2026-07-08T14:01:41.671354,2026-07-08T14:01:41.680104+00:00,143.1,2,ask,,,12286896
2026-07-08T14:01:41.800699,2026-07-08T14:01:41.812284+00:00,143.1,44,ask,,,12286900
2026-07-08T14:01:42.264444,2026-07-08T14:01:42.274003+00:00,143.1,40,ask,,,12286910
2026-07-08T14:01:43.517206,2026-07-08T14:01:43.526923+00:00,143.2,2,bid,,,12286937
2026-07-08T14:01:43.517206,2026-07-08T14:01:43.526923+00:00,143.3,1,bid,,,12286938
2026-07-08T14:01:44.116989,2026-07-08T14:01:44.163858+00:00,143.2,1,ask,,,12286948
2026-07-08T14:01:44.209811,2026-07-08T14:01:44.263909+00:00,143.1,100,bid,,,12286953
2026-07-08T14:01:44.517878,2026-07-08T14:01:44.529593+00:00,143.0,1,bid,,,12286958
2026-07-08T14:01:44.517878,2026-07-08T14:01:44.529593+00:00,143.1,41,bid,,,12286959
2026-07-08T14:01:45.019100,2026-07-08T14:01:45.030548+00:00,143.0,1,bid,,,12286964
2026-07-08T14:01:45.099075,2026-07-08T14:01:45.106521+00:00,143.1,1,bid,,,12286968
2026-07-08T14:01:45.613876,2026-07-08T14:01:45.622132+00:00,143.0,1,bid,,,12286985
2026-07-08T14:01:45.622965,2026-07-08T14:01:45.637371+00:00,143.1,7,bid,,,12286987
2026-07-08T14:01:45.622965,2026-07-08T14:01:45.637371+00:00,143.3,8,bid,,,12286988
2026-07-08T14:01:47.080684,2026-07-08T14:01:47.087632+00:00,143.0,1,ask,,,12287018
2026-07-08T14:01:47.080684,2026-07-08T14:01:47.092805+00:00,142.8,8,ask,,,12287019
2026-07-08T14:01:47.164924,2026-07-08T14:01:47.175588+00:00,143.0,1,bid,,,12287022
2026-07-08T14:01:47.232766,2026-07-08T14:01:47.249606+00:00,143.1,2,bid,,,12287026
2026-07-08T14:01:47.250827,2026-07-08T14:01:47.260894+00:00,143.2,2,ask,,,12287027
2026-07-08T14:01:47.424516,2026-07-08T14:01:47.436942+00:00,143.2,100,ask,,,12287029
2026-07-08T14:01:47.782770,2026-07-08T14:01:47.794517+00:00,143.3,1,ask,,,12287031
2026-07-08T14:01:47.782770,2026-07-08T14:01:47.794517+00:00,143.2,46,ask,,,12287032
2026-07-08T14:01:47.782770,2026-07-08T14:01:47.794517+00:00,143.2,3,ask,,,12287033
2026-07-08T14:01:49.104774,2026-07-08T14:01:49.116559+00:00,143.3,1,bid,,,12287053
2026-07-08T14:01:49.898999,2026-07-08T14:01:49.906148+00:00,143.3,1,ask,,,12287072
2026-07-08T14:01:49.898999,2026-07-08T14:01:49.916071+00:00,143.2,8,ask,,,12287073
2026-07-08T14:01:49.898999,2026-07-08T14:01:49.916071+00:00,142.7,41,ask,,,12287074
2026-07-08T14:01:50.125478,2026-07-08T14:01:50.138279+00:00,143.4,1,bid,,,12287083
2026-07-08T14:01:50.125478,2026-07-08T14:01:50.143287+00:00,143.7,48,bid,,,12287084
2026-07-08T14:01:50.153338,2026-07-08T14:01:50.163761+00:00,142.9,2,bid,,,12287085
2026-07-08T14:01:52.011174,2026-07-08T14:01:52.019329+00:00,143.2,1,ask,,,12287118
2026-07-08T14:01:52.191709,2026-07-08T14:01:52.203092+00:00,143.3,1,bid,,,12287124
2026-07-08T14:01:54.117598,2026-07-08T14:01:54.124146+00:00,143.1,1,ask,,,12287152
2026-07-08T14:01:54.117598,2026-07-08T14:01:54.129526+00:00,143.0,49,ask,,,12287153
2026-07-08T14:01:55.262103,2026-07-08T14:01:55.270911+00:00,143.1,1,ask,,,12287180
2026-07-08T14:01:56.233175,2026-07-08T14:01:56.242437+00:00,143.0,50,ask,,,12287193
2026-07-08T14:01:57.317102,2026-07-08T14:01:57.326737+00:00,143.1,1,bid,,,12287215
2026-07-08T14:01:57.411543,2026-07-08T14:01:57.421974+00:00,143.1,3,bid,,,12287220
2026-07-08T14:01:58.227674,2026-07-08T14:01:58.239563+00:00,143.0,1,ask,,,12287231
2026-07-08T14:01:58.227674,2026-07-08T14:01:58.239563+00:00,142.9,8,ask,,,12287232
2026-07-08T14:01:58.227674,2026-07-08T14:01:58.239563+00:00,142.7,36,ask,,,12287233
2026-07-08T14:01:58.339678,2026-07-08T14:01:58.351266+00:00,142.7,50,ask,,,12287234
2026-07-08T14:01:58.359026,2026-07-08T14:01:58.375193+00:00,143.1,1,bid,,,12287236
2026-07-08T14:01:58.496631,2026-07-08T14:01:58.506474+00:00,143.0,1,bid,,,12287242
2026-07-08T14:01:59.360490,2026-07-08T14:01:59.370265+00:00,143.1,48,bid,,,12287264
2026-07-08T14:01:59.400413,2026-07-08T14:01:59.412212+00:00,143.1,1,bid,,,12287265
2026-07-08T14:01:59.995918,2026-07-08T14:02:00.007741+00:00,142.8,1,ask,,,12287283
2026-07-08T14:01:59.995918,2026-07-08T14:02:00.007741+00:00,142.8,8,ask,,,12287284
2026-07-08T14:01:59.995918,2026-07-08T14:02:00.007741+00:00,142.5,31,ask,,,12287285
2026-07-08T14:02:00.034966,2026-07-08T14:02:00.043709+00:00,143.0,10,bid,,,12287286
2026-07-08T14:02:00.449919,2026-07-08T14:02:00.454730+00:00,142.8,50,ask,,,12287292
2026-07-08T14:02:00.452683,2026-07-08T14:02:00.463853+00:00,143.0,1,bid,,,12287293
2026-07-08T14:02:01.340303,2026-07-08T14:02:01.348637+00:00,143.0,23,bid,,,12287304
2026-07-08T14:02:01.495520,2026-07-08T14:02:01.507095+00:00,143.0,1,bid,,,12287307
2026-07-08T14:02:01.697725,2026-07-08T14:02:01.707269+00:00,143.0,2,bid,,,12287313
2026-07-08T14:02:02.545564,2026-07-08T14:02:02.555405+00:00,143.0,1,bid,,,12287323
2026-07-08T14:02:02.560863,2026-07-08T14:02:02.571006+00:00,142.8,50,ask,,,12287325
2026-07-08T14:02:02.672255,2026-07-08T14:02:02.688665+00:00,143.0,12,bid,,,12287326
2026-07-08T14:02:02.909881,2026-07-08T14:02:02.916666+00:00,143.0,25,bid,,,12287333
2026-07-08T14:02:02.928075,2026-07-08T14:02:02.938756+00:00,142.9,1,bid,,,12287334
2026-07-08T14:02:03.331204,2026-07-08T14:02:03.339600+00:00,143.1,1,ask,,,12287340
2026-07-08T14:02:03.615535,2026-07-08T14:02:03.625159+00:00,143.3,1,bid,,,12287349
2026-07-08T14:02:03.908889,2026-07-08T14:02:03.920585+00:00,143.3,1,bid,,,12287362
2026-07-08T14:02:03.908889,2026-07-08T14:02:03.920585+00:00,143.4,45,bid,,,12287363
2026-07-08T14:02:03.963750,2026-07-08T14:02:03.972365+00:00,143.1,1,ask,,,12287364
2026-07-08T14:02:04.140393,2026-07-08T14:02:04.147799+00:00,143.0,14,ask,,,12287371
2026-07-08T14:02:04.674249,2026-07-08T14:02:04.685332+00:00,143.1,1,ask,,,12287377
2026-07-08T14:02:04.674249,2026-07-08T14:02:04.685332+00:00,143.0,49,ask,,,12287378
2026-07-08T14:02:04.689075,2026-07-08T14:02:04.713801+00:00,143.3,1,bid,,,12287381
2026-07-08T14:02:05.739447,2026-07-08T14:02:05.747079+00:00,143.3,1,bid,,,12287393
2026-07-08T14:02:05.883885,2026-07-08T14:02:05.892142+00:00,143.2,1,ask,,,12287395
2026-07-08T14:02:06.545556,2026-07-08T14:02:06.556130+00:00,143.2,1,bid,,,12287405
2026-07-08T14:02:06.545556,2026-07-08T14:02:06.556130+00:00,143.3,44,bid,,,12287406
2026-07-08T14:02:06.784653,2026-07-08T14:02:06.793184+00:00,143.1,1,ask,,,12287410
2026-07-08T14:02:06.784653,2026-07-08T14:02:06.793184+00:00,143.0,49,ask,,,12287411
2026-07-08T14:02:07.759792,2026-07-08T14:02:07.768378+00:00,143.0,8,ask,,,12287433
2026-07-08T14:02:07.802326,2026-07-08T14:02:07.818662+00:00,143.1,1,ask,,,12287437
2026-07-08T14:02:08.840640,2026-07-08T14:02:08.852503+00:00,143.2,1,bid,,,12287456
2026-07-08T14:02:08.840640,2026-07-08T14:02:08.852503+00:00,143.3,49,bid,,,12287457
2026-07-08T14:02:09.361352,2026-07-08T14:02:09.373370+00:00,143.1,1,ask,,,12287468
2026-07-08T14:02:09.377203,2026-07-08T14:02:09.385931+00:00,143.0,2,ask,,,12287472
2026-07-08T14:02:09.402567,2026-07-08T14:02:09.411322+00:00,143.1,11,ask,,,12287474
2026-07-08T14:02:09.429211,2026-07-08T14:02:09.437591+00:00,143.1,1,ask,,,12287477
2026-07-08T14:02:09.612633,2026-07-08T14:02:09.624482+00:00,143.1,100,ask,,,12287481
2026-07-08T14:02:09.844328,2026-07-08T14:02:09.854150+00:00,143.2,1,ask,,,12287483
2026-07-08T14:02:10.157355,2026-07-08T14:02:10.168989+00:00,143.1,38,ask,,,12287485
2026-07-08T14:02:10.157355,2026-07-08T14:02:10.168989+00:00,143.0,4,ask,,,12287486
2026-07-08T14:02:10.250791,2026-07-08T14:02:10.252856+00:00,143.0,1,ask,,,12287489
2026-07-08T14:02:10.664016,2026-07-08T14:02:10.680047+00:00,142.8,1,ask,,,12287500
2026-07-08T14:02:10.664016,2026-07-08T14:02:10.680047+00:00,142.7,8,ask,,,12287501
2026-07-08T14:02:10.664016,2026-07-08T14:02:10.680047+00:00,142.6,35,ask,,,12287502
2026-07-08T14:02:10.671400,2026-07-08T14:02:10.680047+00:00,143.0,1,bid,,,12287503
2026-07-08T14:02:10.735636,2026-07-08T14:02:10.754132+00:00,143.1,8,bid,,,12287509
2026-07-08T14:02:10.863546,2026-07-08T14:02:10.874831+00:00,143.6,1,bid,,,12287514
2026-07-08T14:02:10.952711,2026-07-08T14:02:10.958588+00:00,143.6,50,bid,,,12287516
2026-07-08T14:02:11.568233,2026-07-08T14:02:11.577778+00:00,143.2,1,bid,,,12287530
2026-07-08T14:02:11.568233,2026-07-08T14:02:11.577778+00:00,143.3,8,bid,,,12287531
2026-07-08T14:02:11.568233,2026-07-08T14:02:11.577778+00:00,143.6,38,bid,,,12287532
2026-07-08T14:02:11.936037,2026-07-08T14:02:11.944407+00:00,143.2,1,ask,,,12287542
2026-07-08T14:02:13.059923,2026-07-08T14:02:13.071614+00:00,143.0,2,bid,,,12287556
2026-07-08T14:02:13.059923,2026-07-08T14:02:13.071614+00:00,143.1,1,bid,,,12287557
2026-07-08T14:02:13.059923,2026-07-08T14:02:13.071614+00:00,143.2,47,bid,,,12287558
2026-07-08T14:02:14.495866,2026-07-08T14:02:14.507414+00:00,143.0,1,ask,,,12287589
2026-07-08T14:02:14.495866,2026-07-08T14:02:14.507414+00:00,142.9,44,ask,,,12287590
2026-07-08T14:02:14.951982,2026-07-08T14:02:14.958577+00:00,143.1,1,bid,,,12287592
2026-07-08T14:02:15.090518,2026-07-08T14:02:15.098356+00:00,142.9,42,ask,,,12287596
2026-07-08T14:02:15.993371,2026-07-08T14:02:16.004674+00:00,143.1,1,bid,,,12287609
2026-07-08T14:02:17.222264,2026-07-08T14:02:17.230767+00:00,143.0,1,ask,,,12287628
2026-07-08T14:02:17.293550,2026-07-08T14:02:17.300621+00:00,143.1,50,bid,,,12287631
2026-07-08T14:02:18.533292,2026-07-08T14:02:18.542904+00:00,142.9,6,ask,,,12287659
2026-07-08T14:02:19.403239,2026-07-08T14:02:19.415263+00:00,142.8,2,bid,,,12287672
2026-07-08T14:02:19.403239,2026-07-08T14:02:19.415263+00:00,142.9,8,bid,,,12287673
2026-07-08T14:02:19.403239,2026-07-08T14:02:19.415263+00:00,143.0,40,bid,,,12287674
2026-07-08T14:02:21.259255,2026-07-08T14:02:21.269034+00:00,142.9,1,bid,,,12287716
2026-07-08T14:02:21.564683,2026-07-08T14:02:21.576395+00:00,142.7,1,ask,,,12287722
2026-07-08T14:02:21.564683,2026-07-08T14:02:21.576395+00:00,142.7,8,ask,,,12287723
2026-07-08T14:02:21.564683,2026-07-08T14:02:21.576395+00:00,142.6,41,ask,,,12287724
2026-07-08T14:02:22.374599,2026-07-08T14:02:22.382826+00:00,143.0,1,bid,,,12287738
2026-07-08T14:02:23.622985,2026-07-08T14:02:23.630492+00:00,142.8,2,bid,,,12287760
2026-07-08T14:02:23.622985,2026-07-08T14:02:23.635669+00:00,142.9,8,bid,,,12287761
2026-07-08T14:02:23.622985,2026-07-08T14:02:23.635669+00:00,143.0,40,bid,,,12287762
2026-07-08T14:02:24.143687,2026-07-08T14:02:24.150103+00:00,143.0,49,bid,,,12287769
2026-07-08T14:02:25.474844,2026-07-08T14:02:25.486312+00:00,143.1,1,bid,,,12287798
2026-07-08T14:02:25.731132,2026-07-08T14:02:25.742859+00:00,143.1,50,bid,,,12287803
2026-07-08T14:02:26.514341,2026-07-08T14:02:26.525043+00:00,143.1,1,bid,,,12287815
2026-07-08T14:02:26.743774,2026-07-08T14:02:26.758599+00:00,143.1,42,bid,,,12287819
2026-07-08T14:02:26.798156,2026-07-08T14:02:26.809673+00:00,142.9,49,ask,,,12287821
2026-07-08T14:02:29.943979,2026-07-08T14:02:29.953180+00:00,143.0,2,bid,,,12287862
2026-07-08T14:02:29.943979,2026-07-08T14:02:29.953180+00:00,143.2,48,bid,,,12287863
2026-07-08T14:02:32.104462,2026-07-08T14:02:32.115940+00:00,143.0,50,ask,,,12287897
2026-07-08T14:02:32.625489,2026-07-08T14:02:32.636898+00:00,143.3,1,bid,,,12287902
2026-07-08T14:02:33.120017,2026-07-08T14:02:33.134918+00:00,143.0,49,ask,,,12287915
2026-07-08T14:02:34.153067,2026-07-08T14:02:34.158552+00:00,143.1,2,bid,,,12287926
2026-07-08T14:02:34.153067,2026-07-08T14:02:34.158552+00:00,143.3,8,bid,,,12287927
2026-07-08T14:02:34.153067,2026-07-08T14:02:34.158552+00:00,143.4,37,bid,,,12287928
2026-07-08T14:02:34.162452,2026-07-08T14:02:34.169801+00:00,143.4,50,bid,,,12287929
2026-07-08T14:02:34.709882,2026-07-08T14:02:34.718760+00:00,143.4,26,ask,,,12287942
2026-07-08T14:02:34.938820,2026-07-08T14:02:34.949047+00:00,143.4,100,ask,,,12287946
2026-07-08T14:02:36.269023,2026-07-08T14:02:36.280940+00:00,143.5,2,bid,,,12287969
2026-07-08T14:02:36.269023,2026-07-08T14:02:36.280940+00:00,143.8,48,bid,,,12287970
2026-07-08T14:02:37.086005,2026-07-08T14:02:37.097807+00:00,143.4,24,ask,,,12287986
2026-07-08T14:02:37.086005,2026-07-08T14:02:37.097807+00:00,143.3,8,ask,,,12287987
2026-07-08T14:02:37.086005,2026-07-08T14:02:37.097807+00:00,142.8,11,ask,,,12287988
2026-07-08T14:02:37.790489,2026-07-08T14:02:37.799063+00:00,143.0,2,ask,,,12287995
2026-07-08T14:02:38.377406,2026-07-08T14:02:38.388462+00:00,143.4,50,bid,,,12288003
2026-07-08T14:02:39.844779,2026-07-08T14:02:39.853439+00:00,143.1,2,bid,,,12288021
2026-07-08T14:02:40.487319,2026-07-08T14:02:40.498812+00:00,143.4,50,bid,,,12288028
2026-07-08T14:02:41.059654,2026-07-08T14:02:41.072060+00:00,143.4,2,ask,,,12288044
2026-07-08T14:02:41.874206,2026-07-08T14:02:41.885748+00:00,143.4,44,ask,,,12288060
2026-07-08T14:02:42.645262,2026-07-08T14:02:42.656918+00:00,143.4,50,ask,,,12288071
2026-07-08T14:02:42.977460,2026-07-08T14:02:42.989450+00:00,143.5,2,bid,,,12288079
2026-07-08T14:02:42.977460,2026-07-08T14:02:42.989450+00:00,143.6,45,bid,,,12288080
2026-07-08T14:02:45.108668,2026-07-08T14:02:45.116418+00:00,143.2,2,bid,,,12288115
2026-07-08T14:02:45.108668,2026-07-08T14:02:45.121448+00:00,143.4,39,bid,,,12288116
2026-07-08T14:02:46.807936,2026-07-08T14:02:46.819467+00:00,143.4,50,bid,,,12288160
2026-07-08T14:02:47.371734,2026-07-08T14:02:47.380116+00:00,143.2,2,bid,,,12288170
2026-07-08T14:02:47.371734,2026-07-08T14:02:47.380116+00:00,143.4,8,bid,,,12288171
2026-07-08T14:02:48.920431,2026-07-08T14:02:48.928661+00:00,143.6,50,bid,,,12288195
2026-07-08T14:02:51.028430,2026-07-08T14:02:51.039895+00:00,143.6,2,bid,,,12288239
2026-07-08T14:02:51.028430,2026-07-08T14:02:51.039895+00:00,143.7,48,bid,,,12288240
2026-07-08T14:02:53.140900,2026-07-08T14:02:53.148476+00:00,143.6,8,bid,,,12288275
2026-07-08T14:02:53.140900,2026-07-08T14:02:53.148476+00:00,143.7,42,bid,,,12288276
2026-07-08T14:02:53.707271,2026-07-08T14:02:53.716189+00:00,143.4,2,bid,,,12288288
2026-07-08T14:02:53.884177,2026-07-08T14:02:53.895712+00:00,143.6,8,bid,,,12288292
2026-07-08T14:02:55.247722,2026-07-08T14:02:55.259573+00:00,143.8,2,bid,,,12288316
2026-07-08T14:02:55.247722,2026-07-08T14:02:55.259573+00:00,144.0,48,bid,,,12288317
2026-07-08T14:02:56.256704,2026-07-08T14:02:56.271332+00:00,143.7,20,ask,,,12288337
2026-07-08T14:02:56.260767,2026-07-08T14:02:56.271332+00:00,143.7,3,ask,,,12288338
2026-07-08T14:02:56.367968,2026-07-08T14:02:56.376856+00:00,143.7,20,ask,,,12288341
2026-07-08T14:02:56.478222,2026-07-08T14:02:56.490026+00:00,143.7,20,ask,,,12288343
2026-07-08T14:02:56.538650,2026-07-08T14:02:56.548166+00:00,143.8,8,ask,,,12288345
2026-07-08T14:02:56.591477,2026-07-08T14:02:56.600666+00:00,143.7,20,ask,,,12288347
2026-07-08T14:02:56.725323,2026-07-08T14:02:56.738413+00:00,143.7,9,ask,,,12288349
2026-07-08T14:02:56.745121,2026-07-08T14:02:56.758559+00:00,143.5,11,ask,,,12288351
2026-07-08T14:02:57.051613,2026-07-08T14:02:57.061024+00:00,143.7,8,ask,,,12288354
2026-07-08T14:02:57.059348,2026-07-08T14:02:57.066239+00:00,143.6,12,ask,,,12288356
2026-07-08T14:02:57.358791,2026-07-08T14:02:57.369529+00:00,143.7,2,bid,,,12288360
2026-07-08T14:02:57.358791,2026-07-08T14:02:57.369529+00:00,143.8,48,bid,,,12288361
2026-07-08T14:02:57.464493,2026-07-08T14:02:57.476253+00:00,143.6,20,ask,,,12288364
2026-07-08T14:02:57.575119,2026-07-08T14:02:57.584414+00:00,143.6,20,ask,,,12288370
2026-07-08T14:02:57.685369,2026-07-08T14:02:57.694628+00:00,143.6,20,ask,,,12288372
2026-07-08T14:02:57.795446,2026-07-08T14:02:57.806903+00:00,143.6,20,ask,,,12288375
2026-07-08T14:02:57.887668,2026-07-08T14:02:57.896286+00:00,143.6,3,ask,,,12288378
2026-07-08T14:02:58.985660,2026-07-08T14:02:58.994915+00:00,143.6,47,ask,,,12288391
2026-07-08T14:02:59.301274,2026-07-08T14:02:59.307795+00:00,143.6,1,ask,,,12288400
2026-07-08T14:02:59.499106,2026-07-08T14:02:59.507969+00:00,143.6,7,ask,,,12288401
2026-07-08T14:02:59.499106,2026-07-08T14:02:59.507969+00:00,143.6,8,ask,,,12288402
2026-07-08T14:02:59.499106,2026-07-08T14:02:59.513423+00:00,143.3,26,ask,,,12288403
2026-07-08T14:03:00.085240,2026-07-08T14:03:00.093012+00:00,143.3,74,ask,,,12288415
2026-07-08T14:03:00.085240,2026-07-08T14:03:00.108739+00:00,143.3,8,ask,,,12288416
2026-07-08T14:03:00.099310,2026-07-08T14:03:00.108739+00:00,143.2,11,bid,,,12288418
2026-07-08T14:03:00.381708,2026-07-08T14:03:00.389936+00:00,143.0,2,bid,,,12288429
2026-07-08T14:03:01.574823,2026-07-08T14:03:01.590096+00:00,143.2,50,bid,,,12288445
2026-07-08T14:03:01.819055,2026-07-08T14:03:01.828091+00:00,143.2,1,bid,,,12288447
2026-07-08T14:03:02.530024,2026-07-08T14:03:02.537288+00:00,143.0,2,bid,,,12288465
2026-07-08T14:03:02.534518,2026-07-08T14:03:02.542707+00:00,143.2,6,bid,,,12288466
2026-07-08T14:03:03.194978,2026-07-08T14:03:03.203832+00:00,143.4,100,bid,,,12288479
2026-07-08T14:03:03.194978,2026-07-08T14:03:03.209108+00:00,143.5,8,bid,,,12288480
2026-07-08T14:03:03.682341,2026-07-08T14:03:03.694205+00:00,143.8,50,bid,,,12288492
2026-07-08T14:03:04.078837,2026-07-08T14:03:04.090506+00:00,143.8,43,bid,,,12288501
2026-07-08T14:03:04.592866,2026-07-08T14:03:04.609708+00:00,143.6,2,bid,,,12288510
2026-07-08T14:03:05.845484,2026-07-08T14:03:05.858534+00:00,143.8,7,bid,,,12288531
2026-07-08T14:03:05.845484,2026-07-08T14:03:05.858534+00:00,144.0,43,bid,,,12288532
2026-07-08T14:03:06.554432,2026-07-08T14:03:06.557355+00:00,143.7,1,ask,,,12288542
2026-07-08T14:03:06.557706,2026-07-08T14:03:06.570082+00:00,143.7,8,ask,,,12288543
2026-07-08T14:03:06.560472,2026-07-08T14:03:06.570082+00:00,143.7,3,ask,,,12288544
2026-07-08T14:03:08.011854,2026-07-08T14:03:08.023470+00:00,143.7,50,ask,,,12288565
2026-07-08T14:03:08.606793,2026-07-08T14:03:08.616030+00:00,143.7,1,ask,,,12288580
2026-07-08T14:03:08.929859,2026-07-08T14:03:08.941503+00:00,143.7,37,ask,,,12288585
2026-07-08T14:03:08.929859,2026-07-08T14:03:08.941503+00:00,143.5,8,ask,,,12288586
2026-07-08T14:03:08.929859,2026-07-08T14:03:08.941503+00:00,143.3,4,ask,,,12288587
2026-07-08T14:03:09.656771,2026-07-08T14:03:09.666537+00:00,143.5,2,bid,,,12288601
2026-07-08T14:03:10.120415,2026-07-08T14:03:10.135554+00:00,143.5,50,ask,,,12288614
2026-07-08T14:03:11.050197,2026-07-08T14:03:11.056443+00:00,143.5,40,ask,,,12288640
2026-07-08T14:03:11.630655,2026-07-08T14:03:11.641996+00:00,143.8,44,bid,,,12288650
2026-07-08T14:03:12.226778,2026-07-08T14:03:12.237101+00:00,143.5,10,ask,,,12288661
2026-07-08T14:03:12.226778,2026-07-08T14:03:12.237101+00:00,143.3,40,ask,,,12288662
2026-07-08T14:03:12.695104,2026-07-08T14:03:12.704906+00:00,143.4,43,ask,,,12288677
2026-07-08T14:03:12.716497,2026-07-08T14:03:12.725683+00:00,143.5,1,bid,,,12288678
2026-07-08T14:03:14.340365,2026-07-08T14:03:14.351920+00:00,143.4,50,ask,,,12288716
2026-07-08T14:03:16.096561,2026-07-08T14:03:16.109405+00:00,143.5,2,bid,,,12288743
2026-07-08T14:03:16.096561,2026-07-08T14:03:16.109405+00:00,143.5,38,bid,,,12288744
2026-07-08T14:03:16.448013,2026-07-08T14:03:16.454454+00:00,143.2,50,ask,,,12288757
2026-07-08T14:03:16.707832,2026-07-08T14:03:16.716991+00:00,143.2,40,ask,,,12288765
2026-07-08T14:03:18.557002,2026-07-08T14:03:18.568455+00:00,143.2,10,ask,,,12288799
2026-07-08T14:03:18.906811,2026-07-08T14:03:18.917268+00:00,143.1,2,bid,,,12288807
2026-07-08T14:03:18.911933,2026-07-08T14:03:18.922617+00:00,143.4,8,bid,,,12288808
2026-07-08T14:03:19.328975,2026-07-08T14:03:19.340798+00:00,143.2,20,bid,,,12288816
2026-07-08T14:03:19.438186,2026-07-08T14:03:19.445098+00:00,143.2,20,bid,,,12288821
2026-07-08T14:03:19.549163,2026-07-08T14:03:19.554705+00:00,143.2,20,bid,,,12288825
2026-07-08T14:03:19.660802,2026-07-08T14:03:19.667058+00:00,143.2,20,bid,,,12288827
2026-07-08T14:03:19.773324,2026-07-08T14:03:19.783413+00:00,143.2,20,bid,,,12288829
2026-07-08T14:03:20.612609,2026-07-08T14:03:20.619398+00:00,143.5,50,bid,,,12288838
2026-07-08T14:03:20.905403,2026-07-08T14:03:20.914887+00:00,143.1,2,bid,,,12288843
2026-07-08T14:03:20.944880,2026-07-08T14:03:20.961662+00:00,143.5,45,bid,,,12288846
2026-07-08T14:03:22.176971,2026-07-08T14:03:22.184503+00:00,143.5,8,bid,,,12288864
2026-07-08T14:03:22.244025,2026-07-08T14:03:22.254533+00:00,143.5,2,ask,,,12288866
2026-07-08T14:03:22.719122,2026-07-08T14:03:22.726148+00:00,143.6,50,bid,,,12288875
2026-07-08T14:03:23.681637,2026-07-08T14:03:23.693330+00:00,143.6,46,bid,,,12288890
2026-07-08T14:03:23.738010,2026-07-08T14:03:23.748465+00:00,143.5,40,ask,,,12288892
2026-07-08T14:03:24.265631,2026-07-08T14:03:24.274763+00:00,143.5,42,ask,,,12288900
2026-07-08T14:03:24.829909,2026-07-08T14:03:24.842334+00:00,143.6,4,bid,,,12288909
2026-07-08T14:03:24.829909,2026-07-08T14:03:24.842334+00:00,143.6,2,bid,,,12288910
2026-07-08T14:03:24.829909,2026-07-08T14:03:24.842334+00:00,143.8,8,bid,,,12288911
2026-07-08T14:03:24.829909,2026-07-08T14:03:24.847490+00:00,144.0,36,bid,,,12288912
2026-07-08T14:03:25.309022,2026-07-08T14:03:25.318026+00:00,143.6,3,ask,,,12288920
2026-07-08T14:03:26.947940,2026-07-08T14:03:26.958553+00:00,143.4,2,bid,,,12288950
2026-07-08T14:03:26.947940,2026-07-08T14:03:26.958553+00:00,143.6,8,bid,,,12288951
2026-07-08T14:03:26.947940,2026-07-08T14:03:26.958553+00:00,143.7,40,bid,,,12288952
2026-07-08T14:03:27.464608,2026-07-08T14:03:27.475879+00:00,143.7,41,bid,,,12288962
2026-07-08T14:03:28.503164,2026-07-08T14:03:28.513264+00:00,143.4,2,bid,,,12288987
2026-07-08T14:03:29.059575,2026-07-08T14:03:29.070628+00:00,143.8,50,bid,,,12288990
2026-07-08T14:03:30.647596,2026-07-08T14:03:30.658591+00:00,143.5,43,ask,,,12289009
2026-07-08T14:03:30.716656,2026-07-08T14:03:30.728365+00:00,143.5,20,ask,,,12289013
2026-07-08T14:03:30.832919,2026-07-08T14:03:30.841818+00:00,143.5,20,ask,,,12289015
2026-07-08T14:03:30.943522,2026-07-08T14:03:30.949894+00:00,143.5,20,ask,,,12289017
2026-07-08T14:03:31.053296,2026-07-08T14:03:31.064972+00:00,143.5,20,ask,,,12289019
2026-07-08T14:03:31.164312,2026-07-08T14:03:31.174452+00:00,143.5,20,ask,,,12289021
2026-07-08T14:03:31.169783,2026-07-08T14:03:31.179465+00:00,143.8,50,bid,,,12289023
2026-07-08T14:03:31.176351,2026-07-08T14:03:31.184984+00:00,143.5,1,ask,,,12289025
2026-07-08T14:03:31.276808,2026-07-08T14:03:31.288263+00:00,143.5,4,ask,,,12289028
2026-07-08T14:03:31.285747,2026-07-08T14:03:31.293483+00:00,143.4,6,ask,,,12289030
2026-07-08T14:03:31.718248,2026-07-08T14:03:31.724714+00:00,143.4,8,ask,,,12289042
2026-07-08T14:03:31.718248,2026-07-08T14:03:31.729943+00:00,143.3,100,ask,,,12289043
2026-07-08T14:03:31.991023,2026-07-08T14:03:32.001005+00:00,143.3,3,bid,,,12289050
2026-07-08T14:03:31.999977,2026-07-08T14:03:32.016469+00:00,143.3,20,bid,,,12289053
2026-07-08T14:03:32.109622,2026-07-08T14:03:32.117588+00:00,143.3,19,bid,,,12289057
2026-07-08T14:03:32.223349,2026-07-08T14:03:32.231230+00:00,143.3,2,bid,,,12289063
2026-07-08T14:03:33.122833,2026-07-08T14:03:33.133990+00:00,143.2,3,ask,,,12289079
2026-07-08T14:03:33.135629,2026-07-08T14:03:33.149239+00:00,143.2,20,ask,,,12289082
2026-07-08T14:03:33.303253,2026-07-08T14:03:33.312723+00:00,143.7,50,bid,,,12289086
2026-07-08T14:03:35.410335,2026-07-08T14:03:35.416773+00:00,143.2,2,bid,,,12289116
2026-07-08T14:03:35.410335,2026-07-08T14:03:35.422258+00:00,143.6,48,bid,,,12289117
2026-07-08T14:03:37.906186,2026-07-08T14:03:37.915482+00:00,143.1,11,ask,,,12289163
2026-07-08T14:03:37.966489,2026-07-08T14:03:37.975462+00:00,143.1,20,ask,,,12289167
2026-07-08T14:03:38.076753,2026-07-08T14:03:38.083987+00:00,143.1,1,ask,,,12289169
2026-07-08T14:03:38.090503,2026-07-08T14:03:38.099278+00:00,143.1,8,ask,,,12289171
2026-07-08T14:03:38.233246,2026-07-08T14:03:38.240663+00:00,143.1,8,ask,,,12289173
2026-07-08T14:03:38.547428,2026-07-08T14:03:38.557149+00:00,142.8,2,bid,,,12289185
2026-07-08T14:03:38.558221,2026-07-08T14:03:38.567624+00:00,143.0,6,bid,,,12289187
2026-07-08T14:03:38.696935,2026-07-08T14:03:38.708716+00:00,143.0,45,bid,,,12289192
2026-07-08T14:03:39.650916,2026-07-08T14:03:39.657422+00:00,142.7,49,ask,,,12289211
2026-07-08T14:03:40.440825,2026-07-08T14:03:40.452352+00:00,142.8,2,bid,,,12289228
2026-07-08T14:03:41.170631,2026-07-08T14:03:41.180822+00:00,143.0,12,bid,,,12289244
2026-07-08T14:03:41.552092,2026-07-08T14:03:41.568707+00:00,143.2,26,ask,,,12289251
2026-07-08T14:03:41.754847,2026-07-08T14:03:41.763409+00:00,143.2,8,ask,,,12289256
2026-07-08T14:03:42.081147,2026-07-08T14:03:42.090641+00:00,143.2,8,ask,,,12289262
2026-07-08T14:03:42.404058,2026-07-08T14:03:42.413946+00:00,143.2,7,ask,,,12289272
2026-07-08T14:03:42.477648,2026-07-08T14:03:42.485715+00:00,143.2,1,ask,,,12289275
2026-07-08T14:03:43.576221,2026-07-08T14:03:43.585455+00:00,143.2,1,ask,,,12289301
2026-07-08T14:03:43.928761,2026-07-08T14:03:43.940517+00:00,143.2,41,ask,,,12289309
2026-07-08T14:03:43.928761,2026-07-08T14:03:43.940517+00:00,143.1,8,ask,,,12289310
2026-07-08T14:03:43.928761,2026-07-08T14:03:43.940517+00:00,142.9,1,ask,,,12289311
2026-07-08T14:03:44.580519,2026-07-08T14:03:44.597482+00:00,143.1,12,bid,,,12289320
2026-07-08T14:03:44.617275,2026-07-08T14:03:44.628643+00:00,143.0,1,ask,,,12289324
2026-07-08T14:03:45.013592,2026-07-08T14:03:45.024055+00:00,143.1,47,bid,,,12289331
2026-07-08T14:03:45.098136,2026-07-08T14:03:45.106804+00:00,143.1,23,bid,,,12289333
2026-07-08T14:03:46.041976,2026-07-08T14:03:46.049586+00:00,142.8,50,ask,,,12289360
2026-07-08T14:03:46.411964,2026-07-08T14:03:46.423463+00:00,142.9,2,bid,,,12289370
2026-07-08T14:03:46.700868,2026-07-08T14:03:46.709612+00:00,143.1,18,bid,,,12289385
2026-07-08T14:03:46.700868,2026-07-08T14:03:46.709612+00:00,143.1,8,bid,,,12289386
2026-07-08T14:03:46.700868,2026-07-08T14:03:46.714597+00:00,143.3,14,bid,,,12289387
2026-07-08T14:03:47.709495,2026-07-08T14:03:47.720001+00:00,143.0,1,ask,,,12289401
2026-07-08T14:03:47.732199,2026-07-08T14:03:47.741704+00:00,143.0,2,ask,,,12289403
2026-07-08T14:03:48.151450,2026-07-08T14:03:48.158566+00:00,143.0,50,ask,,,12289410
2026-07-08T14:03:48.753366,2026-07-08T14:03:48.758555+00:00,143.0,1,ask,,,12289417
2026-07-08T14:03:49.790470,2026-07-08T14:03:49.802085+00:00,143.0,1,ask,,,12289444
2026-07-08T14:03:50.209058,2026-07-08T14:03:50.216872+00:00,143.2,50,bid,,,12289455
2026-07-08T14:03:50.373263,2026-07-08T14:03:50.381720+00:00,143.0,45,ask,,,12289461
2026-07-08T14:03:50.373263,2026-07-08T14:03:50.381720+00:00,142.9,2,ask,,,12289462
2026-07-08T14:03:50.883729,2026-07-08T14:03:50.895103+00:00,143.0,40,ask,,,12289464
2026-07-08T14:03:51.771041,2026-07-08T14:03:51.782291+00:00,143.1,2,bid,,,12289477
2026-07-08T14:03:51.771041,2026-07-08T14:03:51.782291+00:00,143.2,39,bid,,,12289478
2026-07-08T14:03:52.369666,2026-07-08T14:03:52.381218+00:00,143.0,50,ask,,,12289488
2026-07-08T14:03:52.432896,2026-07-08T14:03:52.440148+00:00,143.2,43,bid,,,12289490
2026-07-08T14:03:52.877404,2026-07-08T14:03:52.884664+00:00,143.0,1,ask,,,12289501
2026-07-08T14:03:53.340628,2026-07-08T14:03:53.352251+00:00,143.0,44,ask,,,12289504
2026-07-08T14:03:53.892644,2026-07-08T14:03:53.914542+00:00,142.9,8,ask,,,12289512
2026-07-08T14:03:53.905385,2026-07-08T14:03:53.914542+00:00,142.8,11,bid,,,12289513
2026-07-08T14:03:53.950522,2026-07-08T14:03:53.962361+00:00,142.8,40,bid,,,12289515
2026-07-08T14:03:54.008637,2026-07-08T14:03:54.016753+00:00,142.8,91,bid,,,12289518
2026-07-08T14:03:54.008637,2026-07-08T14:03:54.016753+00:00,142.8,2,bid,,,12289519
2026-07-08T14:03:55.965337,2026-07-08T14:03:55.976902+00:00,142.9,1,ask,,,12289551
2026-07-08T14:03:56.293949,2026-07-08T14:03:56.305667+00:00,142.9,6,ask,,,12289562
2026-07-08T14:03:56.293949,2026-07-08T14:03:56.305667+00:00,142.9,8,ask,,,12289563
2026-07-08T14:03:56.293949,2026-07-08T14:03:56.305667+00:00,142.3,30,ask,,,12289564
2026-07-08T14:03:56.531091,2026-07-08T14:03:56.542901+00:00,143.1,8,bid,,,12289565
2026-07-08T14:03:56.531091,2026-07-08T14:03:56.542901+00:00,143.4,42,bid,,,12289566
2026-07-08T14:03:57.312986,2026-07-08T14:03:57.321171+00:00,142.6,44,ask,,,12289577
2026-07-08T14:03:58.639743,2026-07-08T14:03:58.646444+00:00,142.7,2,bid,,,12289599
2026-07-08T14:03:58.639743,2026-07-08T14:03:58.651675+00:00,142.9,8,bid,,,12289600
2026-07-08T14:03:58.639743,2026-07-08T14:03:58.651675+00:00,143.0,40,bid,,,12289601
2026-07-08T14:03:58.944766,2026-07-08T14:03:58.956377+00:00,143.0,48,bid,,,12289607
2026-07-08T14:03:59.907476,2026-07-08T14:03:59.919295+00:00,143.0,12,bid,,,12289624
2026-07-08T14:03:59.907476,2026-07-08T14:03:59.919295+00:00,143.0,8,bid,,,12289625
2026-07-08T14:03:59.907476,2026-07-08T14:03:59.919295+00:00,143.1,25,bid,,,12289626
2026-07-08T14:04:00.372887,2026-07-08T14:04:00.379997+00:00,142.8,2,bid,,,12289629
2026-07-08T14:04:00.408770,2026-07-08T14:04:00.423249+00:00,142.8,11,ask,,,12289630
2026-07-08T14:04:00.515799,2026-07-08T14:04:00.523402+00:00,142.8,43,ask,,,12289634
2026-07-08T14:04:00.771623,2026-07-08T14:04:00.782991+00:00,142.8,4,ask,,,12289641
2026-07-08T14:04:02.124052,2026-07-08T14:04:02.136356+00:00,143.0,42,bid,,,12289661
2026-07-08T14:04:02.136277,2026-07-08T14:04:02.146871+00:00,142.8,1,ask,,,12289663
2026-07-08T14:04:02.776146,2026-07-08T14:04:02.787908+00:00,142.8,39,ask,,,12289672
2026-07-08T14:04:02.776146,2026-07-08T14:04:02.787908+00:00,142.8,6,ask,,,12289673
2026-07-08T14:04:02.857955,2026-07-08T14:04:02.868804+00:00,143.0,50,bid,,,12289678
2026-07-08T14:04:03.326135,2026-07-08T14:04:03.335401+00:00,142.7,2,bid,,,12289691
2026-07-08T14:04:03.334805,2026-07-08T14:04:03.345646+00:00,142.8,8,ask,,,12289692
2026-07-08T14:04:05.017066,2026-07-08T14:04:05.024793+00:00,142.8,50,ask,,,12289713
2026-07-08T14:04:05.235459,2026-07-08T14:04:05.246488+00:00,142.8,1,ask,,,12289722
2026-07-08T14:04:05.409903,2026-07-08T14:04:05.421716+00:00,142.8,44,ask,,,12289727
2026-07-08T14:04:07.125665,2026-07-08T14:04:07.137518+00:00,142.7,2,ask,,,12289744
2026-07-08T14:04:07.125665,2026-07-08T14:04:07.137518+00:00,142.6,48,ask,,,12289745
2026-07-08T14:04:08.359554,2026-07-08T14:04:08.368217+00:00,142.8,2,bid,,,12289768
2026-07-08T14:04:09.235446,2026-07-08T14:04:09.246928+00:00,142.7,8,ask,,,12289789
2026-07-08T14:04:09.235446,2026-07-08T14:04:09.246928+00:00,142.6,42,ask,,,12289790
2026-07-08T14:04:09.719666,2026-07-08T14:04:09.735461+00:00,142.8,9,bid,,,12289796
2026-07-08T14:04:11.291826,2026-07-08T14:04:11.300100+00:00,142.8,50,bid,,,12289826
2026-07-08T14:04:11.377486,2026-07-08T14:04:11.386335+00:00,142.8,48,bid,,,12289829
2026-07-08T14:04:12.005617,2026-07-08T14:04:12.017500+00:00,142.7,47,ask,,,12289843
2026-07-08T14:04:12.682550,2026-07-08T14:04:12.690843+00:00,142.7,11,ask,,,12289862
2026-07-08T14:04:13.073727,2026-07-08T14:04:13.080613+00:00,142.6,2,ask,,,12289869
2026-07-08T14:04:13.073727,2026-07-08T14:04:13.085589+00:00,142.6,8,ask,,,12289870
2026-07-08T14:04:13.079524,2026-07-08T14:04:13.091042+00:00,142.6,40,bid,,,12289871
2026-07-08T14:04:13.406432,2026-07-08T14:04:13.414023+00:00,142.6,50,bid,,,12289879
2026-07-08T14:04:13.562575,2026-07-08T14:04:13.574395+00:00,142.8,8,bid,,,12289887
2026-07-08T14:04:13.562575,2026-07-08T14:04:13.574395+00:00,142.9,38,bid,,,12289888
2026-07-08T14:04:13.991393,2026-07-08T14:04:14.001873+00:00,142.8,8,bid,,,12289898
2026-07-08T14:04:14.253310,2026-07-08T14:04:14.264968+00:00,142.8,3,bid,,,12289902
2026-07-08T14:04:14.515862,2026-07-08T14:04:14.526563+00:00,142.6,2,bid,,,12289915
2026-07-08T14:04:15.518021,2026-07-08T14:04:15.527641+00:00,142.8,8,bid,,,12289941
2026-07-08T14:04:15.518021,2026-07-08T14:04:15.527641+00:00,142.9,42,bid,,,12289942
2026-07-08T14:04:15.980343,2026-07-08T14:04:15.992178+00:00,142.8,8,bid,,,12289952
2026-07-08T14:04:16.045724,2026-07-08T14:04:16.057076+00:00,142.8,11,ask,,,12289953
2026-07-08T14:04:16.134837,2026-07-08T14:04:16.143691+00:00,142.8,2,ask,,,12289958
2026-07-08T14:04:16.207361,2026-07-08T14:04:16.216646+00:00,143.0,8,ask,,,12289961
2026-07-08T14:04:16.532884,2026-07-08T14:04:16.543972+00:00,142.9,4,ask,,,12289970
2026-07-08T14:04:16.554596,2026-07-08T14:04:16.564671+00:00,142.9,1,ask,,,12289973
2026-07-08T14:04:17.593378,2026-07-08T14:04:17.604777+00:00,142.8,1,ask,,,12289991
2026-07-08T14:04:17.627095,2026-07-08T14:04:17.637681+00:00,143.0,50,bid,,,12289995
2026-07-08T14:04:18.633355,2026-07-08T14:04:18.643925+00:00,142.8,1,ask,,,12290010
2026-07-08T14:04:18.713381,2026-07-08T14:04:18.725224+00:00,142.8,48,ask,,,12290011
2026-07-08T14:04:19.346305,2026-07-08T14:04:19.355829+00:00,143.0,8,bid,,,12290027
2026-07-08T14:04:19.689194,2026-07-08T14:04:19.700144+00:00,143.0,1,ask,,,12290032
2026-07-08T14:04:19.720562,2026-07-08T14:04:19.732234+00:00,143.0,49,ask,,,12290034
2026-07-08T14:04:19.733979,2026-07-08T14:04:19.745396+00:00,143.1,50,bid,,,12290035
2026-07-08T14:04:20.404197,2026-07-08T14:04:20.415575+00:00,143.0,4,ask,,,12290046
2026-07-08T14:04:20.548728,2026-07-08T14:04:20.557047+00:00,143.0,23,ask,,,12290051
2026-07-08T14:04:20.734027,2026-07-08T14:04:20.745289+00:00,143.0,1,ask,,,12290055
2026-07-08T14:04:20.794988,2026-07-08T14:04:20.803512+00:00,143.0,8,ask,,,12290057
2026-07-08T14:04:21.774701,2026-07-08T14:04:21.781881+00:00,143.0,1,ask,,,12290081
2026-07-08T14:04:21.840660,2026-07-08T14:04:21.848056+00:00,143.1,50,bid,,,12290082
2026-07-08T14:04:22.562448,2026-07-08T14:04:22.569783+00:00,143.2,8,ask,,,12290088
2026-07-08T14:04:22.562448,2026-07-08T14:04:22.575067+00:00,143.0,92,ask,,,12290089
2026-07-08T14:04:22.813919,2026-07-08T14:04:22.824206+00:00,143.1,1,ask,,,12290095
2026-07-08T14:04:23.677232,2026-07-08T14:04:23.688705+00:00,143.5,41,bid,,,12290109
2026-07-08T14:04:23.684824,2026-07-08T14:04:23.694202+00:00,143.1,4,ask,,,12290110
2026-07-08T14:04:23.852492,2026-07-08T14:04:23.857036+00:00,143.1,1,ask,,,12290115
2026-07-08T14:04:24.000566,2026-07-08T14:04:24.010776+00:00,143.1,7,ask,,,12290121
2026-07-08T14:04:24.000566,2026-07-08T14:04:24.010776+00:00,143.0,43,ask,,,12290122
2026-07-08T14:04:24.480528,2026-07-08T14:04:24.492170+00:00,143.1,3,ask,,,12290128
2026-07-08T14:04:24.889907,2026-07-08T14:04:24.899358+00:00,143.1,1,ask,,,12290141
2026-07-08T14:04:25.527068,2026-07-08T14:04:25.538889+00:00,143.1,8,ask,,,12290151
2026-07-08T14:04:25.581229,2026-07-08T14:04:25.592210+00:00,142.5,49,ask,,,12290153
2026-07-08T14:04:25.934970,2026-07-08T14:04:25.943901+00:00,142.7,2,bid,,,12290162
2026-07-08T14:04:26.109267,2026-07-08T14:04:26.118239+00:00,142.5,50,ask,,,12290165
2026-07-08T14:04:27.096427,2026-07-08T14:04:27.105761+00:00,142.9,9,bid,,,12290182
2026-07-08T14:04:27.254918,2026-07-08T14:04:27.266572+00:00,142.9,46,bid,,,12290184
2026-07-08T14:04:27.748397,2026-07-08T14:04:27.760333+00:00,142.9,41,bid,,,12290194
2026-07-08T14:04:27.999279,2026-07-08T14:04:28.008747+00:00,142.7,2,bid,,,12290197
2026-07-08T14:04:28.216327,2026-07-08T14:04:28.225664+00:00,142.5,50,ask,,,12290204
2026-07-08T14:04:28.896306,2026-07-08T14:04:28.907887+00:00,142.8,100,ask,,,12290218
2026-07-08T14:04:29.947139,2026-07-08T14:04:29.953600+00:00,142.8,44,ask,,,12290232
2026-07-08T14:04:30.064507,2026-07-08T14:04:30.070851+00:00,142.8,1,ask,,,12290234
2026-07-08T14:04:30.170015,2026-07-08T14:04:30.177605+00:00,142.8,4,ask,,,12290237
2026-07-08T14:04:30.325179,2026-07-08T14:04:30.334338+00:00,142.8,1,ask,,,12290238
2026-07-08T14:04:30.325179,2026-07-08T14:04:30.334338+00:00,142.8,8,ask,,,12290239
2026-07-08T14:04:30.325179,2026-07-08T14:04:30.339846+00:00,142.2,41,ask,,,12290240
2026-07-08T14:04:31.112275,2026-07-08T14:04:31.120831+00:00,142.9,2,bid,,,12290261
2026-07-08T14:04:31.860156,2026-07-08T14:04:31.869040+00:00,142.9,8,bid,,,12290277
2026-07-08T14:04:32.022368,2026-07-08T14:04:32.033338+00:00,142.9,49,bid,,,12290285
2026-07-08T14:04:32.458140,2026-07-08T14:04:32.465280+00:00,142.4,50,ask,,,12290300
2026-07-08T14:04:34.043083,2026-07-08T14:04:34.050613+00:00,142.5,2,ask,,,12290326
2026-07-08T14:04:34.043083,2026-07-08T14:04:34.055622+00:00,142.4,39,ask,,,12290327
2026-07-08T14:04:34.564394,2026-07-08T14:04:34.576040+00:00,142.4,50,ask,,,12290340
2026-07-08T14:04:35.013392,2026-07-08T14:04:35.025114+00:00,142.4,100,ask,,,12290354
2026-07-08T14:04:35.013392,2026-07-08T14:04:35.025114+00:00,142.3,8,ask,,,12290355
2026-07-08T14:04:35.026439,2026-07-08T14:04:35.035941+00:00,142.2,37,bid,,,12290356
2026-07-08T14:04:35.547400,2026-07-08T14:04:35.554662+00:00,142.2,5,bid,,,12290369
2026-07-08T14:04:35.552182,2026-07-08T14:04:35.554662+00:00,142.4,8,bid,,,12290370
2026-07-08T14:04:36.642543,2026-07-08T14:04:36.654944+00:00,142.5,50,bid,,,12290387
2026-07-08T14:04:38.125778,2026-07-08T14:04:38.133675+00:00,142.4,2,bid,,,12290415
2026-07-08T14:04:38.125778,2026-07-08T14:04:38.138956+00:00,142.5,50,bid,,,12290416
2026-07-08T14:04:38.125778,2026-07-08T14:04:38.138956+00:00,142.6,8,bid,,,12290417
2026-07-08T14:04:38.196109,2026-07-08T14:04:38.204718+00:00,142.6,3,ask,,,12290418
2026-07-08T14:04:38.267592,2026-07-08T14:04:38.274879+00:00,142.6,13,ask,,,12290422
2026-07-08T14:04:38.804766,2026-07-08T14:04:38.812513+00:00,142.6,50,ask,,,12290428
2026-07-08T14:04:39.927810,2026-07-08T14:04:39.934766+00:00,142.6,1,ask,,,12290445
2026-07-08T14:04:40.214770,2026-07-08T14:04:40.227304+00:00,142.6,11,ask,,,12290449
2026-07-08T14:04:40.922714,2026-07-08T14:04:40.932439+00:00,142.6,12,ask,,,12290461
2026-07-08T14:04:40.922714,2026-07-08T14:04:40.932439+00:00,142.5,8,ask,,,12290462
2026-07-08T14:04:40.922714,2026-07-08T14:04:40.932439+00:00,142.4,30,ask,,,12290463
2026-07-08T14:04:41.341755,2026-07-08T14:04:41.352859+00:00,142.5,2,ask,,,12290469
2026-07-08T14:04:41.341755,2026-07-08T14:04:41.352859+00:00,142.4,70,ask,,,12290470
2026-07-08T14:04:41.341755,2026-07-08T14:04:41.352859+00:00,142.3,8,ask,,,12290471
2026-07-08T14:04:41.354290,2026-07-08T14:04:41.362735+00:00,142.3,11,bid,,,12290472
2026-07-08T14:04:41.537148,2026-07-08T14:04:41.547118+00:00,142.3,3,bid,,,12290478
2026-07-08T14:04:43.032186,2026-07-08T14:04:43.043953+00:00,142.0,2,ask,,,12290505
2026-07-08T14:04:43.032186,2026-07-08T14:04:43.043953+00:00,141.9,48,ask,,,12290506
2026-07-08T14:04:43.093613,2026-07-08T14:04:43.105401+00:00,142.2,2,bid,,,12290508
2026-07-08T14:04:43.098004,2026-07-08T14:04:43.105401+00:00,142.3,18,bid,,,12290509
2026-07-08T14:04:44.110781,2026-07-08T14:04:44.164393+00:00,142.2,2,bid,,,12290528
2026-07-08T14:04:44.115050,2026-07-08T14:04:44.164393+00:00,142.3,18,bid,,,12290529
2026-07-08T14:04:44.459762,2026-07-08T14:04:44.470188+00:00,142.4,100,bid,,,12290532
2026-07-08T14:04:44.459762,2026-07-08T14:04:44.470188+00:00,142.4,8,bid,,,12290533
2026-07-08T14:04:45.162185,2026-07-08T14:04:45.169068+00:00,142.4,42,ask,,,12290554
2026-07-08T14:04:45.162185,2026-07-08T14:04:45.174136+00:00,142.2,8,ask,,,12290555
2026-07-08T14:04:46.591357,2026-07-08T14:04:46.603220+00:00,142.3,2,ask,,,12290578
2026-07-08T14:04:47.269503,2026-07-08T14:04:47.278948+00:00,142.2,50,ask,,,12290591
2026-07-08T14:04:47.734995,2026-07-08T14:04:47.742374+00:00,142.4,41,bid,,,12290597
2026-07-08T14:04:49.413385,2026-07-08T14:04:49.422281+00:00,142.2,2,ask,,,12290624
2026-07-08T14:04:49.413385,2026-07-08T14:04:49.422281+00:00,142.1,48,ask,,,12290625
2026-07-08T14:04:51.341367,2026-07-08T14:04:51.347652+00:00,142.1,2,bid,,,12290654
2026-07-08T14:04:51.345709,2026-07-08T14:04:51.358641+00:00,142.2,6,bid,,,12290655
2026-07-08T14:04:51.522019,2026-07-08T14:04:51.533963+00:00,141.9,2,ask,,,12290662
2026-07-08T14:04:51.522019,2026-07-08T14:04:51.533963+00:00,141.8,48,ask,,,12290663
2026-07-08T14:04:52.057294,2026-07-08T14:04:52.063853+00:00,142.2,20,bid,,,12290684
2026-07-08T14:04:52.170717,2026-07-08T14:04:52.179300+00:00,142.2,20,bid,,,12290687
2026-07-08T14:04:52.275467,2026-07-08T14:04:52.283333+00:00,142.2,1,bid,,,12290689
2026-07-08T14:04:52.368057,2026-07-08T14:04:52.379526+00:00,142.2,20,bid,,,12290693
2026-07-08T14:04:52.476844,2026-07-08T14:04:52.487960+00:00,142.2,20,bid,,,12290698
2026-07-08T14:04:52.585969,2026-07-08T14:04:52.593455+00:00,142.2,13,bid,,,12290701
2026-07-08T14:04:52.590016,2026-07-08T14:04:52.598922+00:00,142.3,7,bid,,,12290702
2026-07-08T14:04:52.699780,2026-07-08T14:04:52.707840+00:00,142.3,20,bid,,,12290704
2026-07-08T14:04:52.809899,2026-07-08T14:04:52.818286+00:00,142.3,20,bid,,,12290706
2026-07-08T14:04:52.920302,2026-07-08T14:04:52.930273+00:00,142.3,12,bid,,,12290709
2026-07-08T14:04:53.314920,2026-07-08T14:04:53.325967+00:00,142.3,1,bid,,,12290715
2026-07-08T14:04:53.632502,2026-07-08T14:04:53.640985+00:00,141.8,50,ask,,,12290719
2026-07-08T14:04:55.488280,2026-07-08T14:04:55.500010+00:00,142.2,44,ask,,,12290754
2026-07-08T14:04:55.739122,2026-07-08T14:04:55.747805+00:00,142.2,50,ask,,,12290763
2026-07-08T14:04:57.179457,2026-07-08T14:04:57.191038+00:00,142.2,6,ask,,,12290790
2026-07-08T14:04:57.179457,2026-07-08T14:04:57.191038+00:00,142.2,2,ask,,,12290791
2026-07-08T14:04:57.846916,2026-07-08T14:04:57.858686+00:00,141.8,50,ask,,,12290807
2026-07-08T14:04:58.604120,2026-07-08T14:04:58.620576+00:00,142.0,2,bid,,,12290824
2026-07-08T14:04:58.621868,2026-07-08T14:04:58.630066+00:00,142.1,1,bid,,,12290828
2026-07-08T14:04:58.642370,2026-07-08T14:04:58.650579+00:00,142.1,7,bid,,,12290830
2026-07-08T14:04:58.642370,2026-07-08T14:04:58.650579+00:00,142.2,35,bid,,,12290831
2026-07-08T14:04:59.957523,2026-07-08T14:04:59.964818+00:00,141.9,8,ask,,,12290857
2026-07-08T14:04:59.957523,2026-07-08T14:04:59.970007+00:00,141.8,42,ask,,,12290858
2026-07-08T14:05:01.326907,2026-07-08T14:05:01.333624+00:00,142.0,44,ask,,,12290879
2026-07-08T14:05:01.505982,2026-07-08T14:05:01.515897+00:00,142.1,1,bid,,,12290881
2026-07-08T14:05:02.069874,2026-07-08T14:05:02.084739+00:00,142.0,50,ask,,,12290901
2026-07-08T14:05:02.556850,2026-07-08T14:05:02.566599+00:00,142.1,1,bid,,,12290916
2026-07-08T14:05:02.848286,2026-07-08T14:05:02.855787+00:00,142.1,4,bid,,,12290922
2026-07-08T14:05:04.176895,2026-07-08T14:05:04.188506+00:00,141.8,8,ask,,,12290951
2026-07-08T14:05:04.176895,2026-07-08T14:05:04.188506+00:00,141.7,42,ask,,,12290952
2026-07-08T14:05:05.684753,2026-07-08T14:05:05.695652+00:00,142.1,1,bid,,,12290983
2026-07-08T14:05:06.134625,2026-07-08T14:05:06.144241+00:00,142.1,4,bid,,,12290991
2026-07-08T14:05:06.286335,2026-07-08T14:05:06.298245+00:00,141.8,8,ask,,,12290992
2026-07-08T14:05:06.286335,2026-07-08T14:05:06.298245+00:00,141.7,42,ask,,,12290993
2026-07-08T14:05:06.694012,2026-07-08T14:05:06.702226+00:00,141.7,100,ask,,,12290997
2026-07-08T14:05:06.698794,2026-07-08T14:05:06.724322+00:00,141.6,8,bid,,,12290998
2026-07-08T14:05:06.708815,2026-07-08T14:05:06.724322+00:00,141.6,23,bid,,,12290999
2026-07-08T14:05:06.729270,2026-07-08T14:05:06.744664+00:00,141.6,1,bid,,,12291001
2026-07-08T14:05:07.784326,2026-07-08T14:05:07.794412+00:00,141.6,1,bid,,,12291015
2026-07-08T14:05:08.003499,2026-07-08T14:05:08.014133+00:00,141.6,17,bid,,,12291021
2026-07-08T14:05:08.003499,2026-07-08T14:05:08.014133+00:00,141.6,29,bid,,,12291022
2026-07-08T14:05:08.205101,2026-07-08T14:05:08.213729+00:00,141.6,11,bid,,,12291028
2026-07-08T14:05:08.395784,2026-07-08T14:05:08.405642+00:00,141.2,8,ask,,,12291030
2026-07-08T14:05:08.395784,2026-07-08T14:05:08.405642+00:00,141.1,42,ask,,,12291031
2026-07-08T14:05:08.823933,2026-07-08T14:05:08.835594+00:00,141.6,1,bid,,,12291043
2026-07-08T14:05:08.989252,2026-07-08T14:05:08.997130+00:00,141.6,40,bid,,,12291045
2026-07-08T14:05:09.404527,2026-07-08T14:05:09.415258+00:00,141.6,4,bid,,,12291048
2026-07-08T14:05:09.862764,2026-07-08T14:05:09.872622+00:00,141.6,1,bid,,,12291053
2026-07-08T14:05:10.501705,2026-07-08T14:05:10.513196+00:00,141.5,50,ask,,,12291069
2026-07-08T14:05:10.644742,2026-07-08T14:05:10.649187+00:00,141.9,41,bid,,,12291073
2026-07-08T14:05:10.911938,2026-07-08T14:05:10.923661+00:00,141.9,1,bid,,,12291080
2026-07-08T14:05:11.231319,2026-07-08T14:05:11.243177+00:00,141.5,47,ask,,,12291083
2026-07-08T14:05:11.754591,2026-07-08T14:05:11.754745+00:00,141.5,48,ask,,,12291091
2026-07-08T14:05:11.953285,2026-07-08T14:05:11.957883+00:00,141.9,1,bid,,,12291094
2026-07-08T14:05:12.556978,2026-07-08T14:05:12.558533+00:00,141.9,50,bid,,,12291103
2026-07-08T14:05:12.688131,2026-07-08T14:05:12.694874+00:00,141.9,4,bid,,,12291108
2026-07-08T14:05:12.996355,2026-07-08T14:05:13.005386+00:00,141.9,1,bid,,,12291114
2026-07-08T14:05:13.053884,2026-07-08T14:05:13.065166+00:00,141.6,12,bid,,,12291120
2026-07-08T14:05:13.153272,2026-07-08T14:05:13.164946+00:00,141.6,100,bid,,,12291122
2026-07-08T14:05:14.036498,2026-07-08T14:05:14.048077+00:00,141.6,1,bid,,,12291134
2026-07-08T14:05:14.663562,2026-07-08T14:05:14.683591+00:00,141.6,37,bid,,,12291136
2026-07-08T14:05:14.663562,2026-07-08T14:05:14.683591+00:00,141.7,8,bid,,,12291137
2026-07-08T14:05:15.075103,2026-07-08T14:05:15.086643+00:00,141.9,1,bid,,,12291144
2026-07-08T14:05:16.114449,2026-07-08T14:05:16.123017+00:00,141.9,1,bid,,,12291162
2026-07-08T14:05:16.825547,2026-07-08T14:05:16.836773+00:00,141.8,50,ask,,,12291175
2026-07-08T14:05:17.156077,2026-07-08T14:05:17.158450+00:00,142.1,1,bid,,,12291180
2026-07-08T14:05:18.258116,2026-07-08T14:05:18.269804+00:00,142.1,1,bid,,,12291198
2026-07-08T14:05:18.933376,2026-07-08T14:05:18.941443+00:00,141.8,50,ask,,,12291212
2026-07-08T14:05:19.172666,2026-07-08T14:05:19.184302+00:00,142.1,43,bid,,,12291214
2026-07-08T14:05:19.371720,2026-07-08T14:05:19.378846+00:00,142.0,1,bid,,,12291219
2026-07-08T14:05:20.417087,2026-07-08T14:05:20.425660+00:00,142.0,1,bid,,,12291242
2026-07-08T14:05:21.039221,2026-07-08T14:05:21.047333+00:00,141.9,50,ask,,,12291253
2026-07-08T14:05:21.462435,2026-07-08T14:05:21.468848+00:00,142.0,1,bid,,,12291259
2026-07-08T14:05:22.501989,2026-07-08T14:05:22.510831+00:00,142.3,1,bid,,,12291278
2026-07-08T14:05:23.112444,2026-07-08T14:05:23.124402+00:00,142.0,50,bid,,,12291292
2026-07-08T14:05:23.544249,2026-07-08T14:05:23.554882+00:00,142.0,1,bid,,,12291307
2026-07-08T14:05:24.587554,2026-07-08T14:05:24.598748+00:00,142.0,1,bid,,,12291331
2026-07-08T14:05:24.862314,2026-07-08T14:05:24.872375+00:00,142.0,11,bid,,,12291339
2026-07-08T14:05:25.221841,2026-07-08T14:05:25.233483+00:00,142.0,50,bid,,,12291344
2026-07-08T14:05:25.627351,2026-07-08T14:05:25.636614+00:00,142.2,1,bid,,,12291350
2026-07-08T14:05:25.645016,2026-07-08T14:05:25.656472+00:00,142.2,99,bid,,,12291352
2026-07-08T14:05:25.645016,2026-07-08T14:05:25.656472+00:00,142.2,8,bid,,,12291353
2026-07-08T14:05:25.721314,2026-07-08T14:05:25.734314+00:00,142.3,23,ask,,,12291354
2026-07-08T14:05:27.382725,2026-07-08T14:05:27.394923+00:00,142.3,20,ask,,,12291385
2026-07-08T14:05:27.382725,2026-07-08T14:05:27.394923+00:00,142.3,30,ask,,,12291386
2026-07-08T14:05:27.523322,2026-07-08T14:05:27.554100+00:00,142.3,11,ask,,,12291388
2026-07-08T14:05:28.869392,2026-07-08T14:05:28.894092+00:00,142.3,59,ask,,,12291405
2026-07-08T14:05:28.869392,2026-07-08T14:05:28.894092+00:00,142.1,2,ask,,,12291406
2026-07-08T14:05:28.881983,2026-07-08T14:05:28.894092+00:00,142.1,11,bid,,,12291407
2026-07-08T14:05:29.443395,2026-07-08T14:05:29.458553+00:00,142.1,50,bid,,,12291421
2026-07-08T14:05:30.174180,2026-07-08T14:05:30.184950+00:00,142.1,28,bid,,,12291433
2026-07-08T14:05:30.174180,2026-07-08T14:05:30.184950+00:00,142.5,17,bid,,,12291434
2026-07-08T14:05:31.549910,2026-07-08T14:05:31.558783+00:00,142.1,2,bid,,,12291456
2026-07-08T14:05:31.549910,2026-07-08T14:05:31.558783+00:00,142.3,8,bid,,,12291457
2026-07-08T14:05:31.549910,2026-07-08T14:05:31.563970+00:00,142.5,40,bid,,,12291458
2026-07-08T14:05:32.177511,2026-07-08T14:05:32.187024+00:00,142.0,48,ask,,,12291463
2026-07-08T14:05:32.802058,2026-07-08T14:05:32.811273+00:00,142.4,46,bid,,,12291472
2026-07-08T14:05:32.832862,2026-07-08T14:05:32.842440+00:00,142.4,1,bid,,,12291473
2026-07-08T14:05:33.665807,2026-07-08T14:05:33.673950+00:00,142.4,50,bid,,,12291491
2026-07-08T14:05:33.876484,2026-07-08T14:05:33.884684+00:00,142.4,1,bid,,,12291493
2026-07-08T14:05:34.913373,2026-07-08T14:05:34.920933+00:00,142.4,1,bid,,,12291510
2026-07-08T14:05:35.197560,2026-07-08T14:05:35.207345+00:00,142.0,47,ask,,,12291516
2026-07-08T14:05:35.307110,2026-07-08T14:05:35.316947+00:00,142.4,8,bid,,,12291518
2026-07-08T14:05:35.318409,2026-07-08T14:05:35.327022+00:00,142.4,23,ask,,,12291519
2026-07-08T14:05:35.389361,2026-07-08T14:05:35.403494+00:00,142.4,11,ask,,,12291522
2026-07-08T14:05:35.738489,2026-07-08T14:05:35.746707+00:00,142.4,41,ask,,,12291528
2026-07-08T14:05:35.777039,2026-07-08T14:05:35.784608+00:00,142.5,50,bid,,,12291530
2026-07-08T14:05:36.009225,2026-07-08T14:05:36.024234+00:00,142.5,1,bid,,,12291534
2026-07-08T14:05:37.883704,2026-07-08T14:05:37.890515+00:00,142.5,50,bid,,,12291566
2026-07-08T14:05:39.080128,2026-07-08T14:05:39.087868+00:00,142.1,2,bid,,,12291596
2026-07-08T14:05:39.994978,2026-07-08T14:05:40.009426+00:00,142.5,50,bid,,,12291612
2026-07-08T14:05:41.485562,2026-07-08T14:05:41.499210+00:00,142.1,2,bid,,,12291638
2026-07-08T14:05:43.172166,2026-07-08T14:05:43.182054+00:00,142.3,1,bid,,,12291675
2026-07-08T14:05:43.596308,2026-07-08T14:05:43.604301+00:00,142.3,45,bid,,,12291681
2026-07-08T14:05:44.213335,2026-07-08T14:05:44.264274+00:00,142.3,1,bid,,,12291697
2026-07-08T14:05:46.295666,2026-07-08T14:05:46.302026+00:00,142.5,1,bid,,,12291736
2026-07-08T14:05:46.320547,2026-07-08T14:05:46.328550+00:00,142.5,7,bid,,,12291739
2026-07-08T14:05:46.320547,2026-07-08T14:05:46.333548+00:00,142.7,43,bid,,,12291740
2026-07-08T14:05:47.725844,2026-07-08T14:05:47.734385+00:00,142.2,40,ask,,,12291760
2026-07-08T14:05:48.428148,2026-07-08T14:05:48.437048+00:00,142.3,2,bid,,,12291773
2026-07-08T14:05:48.428148,2026-07-08T14:05:48.437048+00:00,142.5,8,bid,,,12291774
2026-07-08T14:05:48.428148,2026-07-08T14:05:48.437048+00:00,142.6,40,bid,,,12291775
2026-07-08T14:05:48.688364,2026-07-08T14:05:48.699907+00:00,142.6,41,bid,,,12291779
2026-07-08T14:05:51.140728,2026-07-08T14:05:51.149593+00:00,142.3,2,bid,,,12291831
2026-07-08T14:05:51.277658,2026-07-08T14:05:51.284562+00:00,142.4,8,bid,,,12291833
2026-07-08T14:05:51.302345,2026-07-08T14:05:51.310876+00:00,142.4,3,ask,,,12291834
2026-07-08T14:05:52.654262,2026-07-08T14:05:52.658579+00:00,142.5,2,bid,,,12291861
2026-07-08T14:05:52.654262,2026-07-08T14:05:52.668863+00:00,142.7,48,bid,,,12291862
2026-07-08T14:05:52.791129,2026-07-08T14:05:52.802629+00:00,142.4,8,ask,,,12291865
2026-07-08T14:05:52.791129,2026-07-08T14:05:52.802629+00:00,142.3,36,ask,,,12291866
2026-07-08T14:05:54.988000,2026-07-08T14:05:54.999430+00:00,142.4,45,ask,,,12291900
2026-07-08T14:05:56.040204,2026-07-08T14:05:56.047914+00:00,142.5,2,bid,,,12291916
2026-07-08T14:05:56.040204,2026-07-08T14:05:56.052925+00:00,142.6,8,bid,,,12291917
2026-07-08T14:05:56.040204,2026-07-08T14:05:56.052925+00:00,142.7,39,bid,,,12291918
2026-07-08T14:05:58.633601,2026-07-08T14:05:58.640778+00:00,142.1,44,ask,,,12291953
2026-07-08T14:05:59.007175,2026-07-08T14:05:59.020679+00:00,142.2,2,bid,,,12291961
2026-07-08T14:05:59.007175,2026-07-08T14:05:59.020679+00:00,142.4,8,bid,,,12291962
2026-07-08T14:05:59.007175,2026-07-08T14:05:59.020679+00:00,142.5,40,bid,,,12291963
2026-07-08T14:06:01.168007,2026-07-08T14:06:01.175065+00:00,142.1,50,ask,,,12291986
2026-07-08T14:06:02.265847,2026-07-08T14:06:02.273976+00:00,142.1,48,ask,,,12292007
2026-07-08T14:06:03.278824,2026-07-08T14:06:03.289411+00:00,142.1,50,ask,,,12292023
2026-07-08T14:06:03.699655,2026-07-08T14:06:03.711225+00:00,142.0,2,ask,,,12292027
2026-07-08T14:06:03.699655,2026-07-08T14:06:03.711225+00:00,142.0,8,ask,,,12292028
2026-07-08T14:06:03.699655,2026-07-08T14:06:03.711225+00:00,141.8,100,ask,,,12292029
2026-07-08T14:06:03.942195,2026-07-08T14:06:03.951227+00:00,141.7,14,bid,,,12292038
2026-07-08T14:06:04.908622,2026-07-08T14:06:04.917259+00:00,141.7,1,bid,,,12292050
2026-07-08T14:06:05.389148,2026-07-08T14:06:05.398080+00:00,141.3,50,ask,,,12292063
2026-07-08T14:06:05.950020,2026-07-08T14:06:05.952703+00:00,141.7,1,bid,,,12292071
2026-07-08T14:06:06.816500,2026-07-08T14:06:06.827796+00:00,141.8,100,bid,,,12292080
2026-07-08T14:06:06.914802,2026-07-08T14:06:06.924446+00:00,141.9,11,ask,,,12292081
2026-07-08T14:06:06.986483,2026-07-08T14:06:06.997888+00:00,142.0,1,bid,,,12292083
2026-07-08T14:06:07.092776,2026-07-08T14:06:07.100268+00:00,142.0,7,bid,,,12292086
2026-07-08T14:06:07.092776,2026-07-08T14:06:07.105273+00:00,142.1,42,bid,,,12292087
2026-07-08T14:06:07.445148,2026-07-08T14:06:07.453724+00:00,142.1,50,bid,,,12292094
2026-07-08T14:06:08.225744,2026-07-08T14:06:08.235052+00:00,141.9,3,ask,,,12292101
2026-07-08T14:06:09.610692,2026-07-08T14:06:09.622139+00:00,141.9,36,ask,,,12292125
2026-07-08T14:06:09.646611,2026-07-08T14:06:09.658172+00:00,142.0,2,bid,,,12292126
2026-07-08T14:06:09.646611,2026-07-08T14:06:09.658172+00:00,142.1,8,bid,,,12292127
2026-07-08T14:06:09.646611,2026-07-08T14:06:09.658172+00:00,142.4,32,bid,,,12292128
2026-07-08T14:06:10.131911,2026-07-08T14:06:10.140462+00:00,141.9,100,bid,,,12292141
2026-07-08T14:06:11.130417,2026-07-08T14:06:11.139645+00:00,141.9,1,bid,,,12292154
2026-07-08T14:06:11.665823,2026-07-08T14:06:11.676927+00:00,141.9,49,bid,,,12292163
2026-07-08T14:06:13.137650,2026-07-08T14:06:13.148452+00:00,141.9,2,bid,,,12292197
2026-07-08T14:06:13.137650,2026-07-08T14:06:13.148452+00:00,142.0,8,bid,,,12292198
2026-07-08T14:06:13.831687,2026-07-08T14:06:13.838787+00:00,142.0,50,ask,,,12292217
2026-07-08T14:06:14.497736,2026-07-08T14:06:14.509567+00:00,142.1,41,bid,,,12292223
2026-07-08T14:06:15.690780,2026-07-08T14:06:15.701143+00:00,142.0,46,ask,,,12292244
2026-07-08T14:06:15.968654,2026-07-08T14:06:15.979728+00:00,142.0,44,ask,,,12292255
2026-07-08T14:06:15.968654,2026-07-08T14:06:15.979728+00:00,141.8,6,ask,,,12292256
2026-07-08T14:06:17.168523,2026-07-08T14:06:17.179542+00:00,142.0,41,bid,,,12292268
2026-07-08T14:06:18.025527,2026-07-08T14:06:18.034680+00:00,142.0,50,bid,,,12292277
2026-07-08T14:06:22.234956,2026-07-08T14:06:22.246488+00:00,142.2,50,bid,,,12292338
2026-07-08T14:06:24.343999,2026-07-08T14:06:24.355667+00:00,142.2,50,bid,,,12292381
2026-07-08T14:06:25.958255,2026-07-08T14:06:25.969641+00:00,141.9,8,ask,,,12292405
2026-07-08T14:06:25.958255,2026-07-08T14:06:25.969641+00:00,141.8,37,ask,,,12292406
2026-07-08T14:06:26.451394,2026-07-08T14:06:26.458549+00:00,142.2,50,bid,,,12292418
2026-07-08T14:06:26.476006,2026-07-08T14:06:26.486975+00:00,141.8,47,ask,,,12292419
2026-07-08T14:06:27.860119,2026-07-08T14:06:27.870227+00:00,142.2,44,bid,,,12292445
2026-07-08T14:06:28.607424,2026-07-08T14:06:28.614646+00:00,141.9,8,ask,,,12292466
2026-07-08T14:06:28.607424,2026-07-08T14:06:28.619628+00:00,141.8,42,ask,,,12292467
2026-07-08T14:06:28.934407,2026-07-08T14:06:28.941160+00:00,142.2,6,bid,,,12292469
2026-07-08T14:06:28.934407,2026-07-08T14:06:28.946355+00:00,142.2,8,bid,,,12292470
2026-07-08T14:06:29.108919,2026-07-08T14:06:29.119035+00:00,142.0,100,bid,,,12292473
2026-07-08T14:06:30.716445,2026-07-08T14:06:30.728149+00:00,141.6,8,ask,,,12292510
2026-07-08T14:06:30.716445,2026-07-08T14:06:30.728149+00:00,141.5,42,ask,,,12292511
2026-07-08T14:06:32.828020,2026-07-08T14:06:32.835753+00:00,142.1,50,ask,,,12292549
2026-07-08T14:06:33.308059,2026-07-08T14:06:33.319580+00:00,142.3,43,bid,,,12292561
2026-07-08T14:06:36.842396,2026-07-08T14:06:36.853931+00:00,142.3,43,ask,,,12292620
2026-07-08T14:06:39.089515,2026-07-08T14:06:39.096878+00:00,142.4,50,bid,,,12292663
2026-07-08T14:06:39.750545,2026-07-08T14:06:39.758575+00:00,142.4,49,bid,,,12292673
2026-07-08T14:06:40.320847,2026-07-08T14:06:40.332667+00:00,142.0,49,ask,,,12292692
2026-07-08T14:06:41.249046,2026-07-08T14:06:41.263827+00:00,142.0,50,ask,,,12292707
2026-07-08T14:06:41.618521,2026-07-08T14:06:41.630334+00:00,142.5,100,bid,,,12292711
2026-07-08T14:06:41.618521,2026-07-08T14:06:41.630334+00:00,142.5,8,bid,,,12292712
2026-07-08T14:06:42.359590,2026-07-08T14:06:42.373493+00:00,142.6,3,ask,,,12292721
2026-07-08T14:06:42.381983,2026-07-08T14:06:42.388932+00:00,142.6,20,ask,,,12292723
2026-07-08T14:06:42.493655,2026-07-08T14:06:42.500292+00:00,142.6,19,ask,,,12292726
2026-07-08T14:06:42.502046,2026-07-08T14:06:42.510707+00:00,142.5,1,ask,,,12292728
2026-07-08T14:06:42.793174,2026-07-08T14:06:42.805136+00:00,142.5,7,ask,,,12292731
2026-07-08T14:06:42.793174,2026-07-08T14:06:42.805136+00:00,142.3,40,ask,,,12292732
2026-07-08T14:06:43.356682,2026-07-08T14:06:43.364196+00:00,142.5,1,ask,,,12292739
2026-07-08T14:06:43.356682,2026-07-08T14:06:43.369636+00:00,142.3,49,ask,,,12292740
2026-07-08T14:06:44.837400,2026-07-08T14:06:44.847687+00:00,142.3,11,ask,,,12292769
2026-07-08T14:06:44.846983,2026-07-08T14:06:44.859133+00:00,142.3,45,bid,,,12292770
2026-07-08T14:06:44.851041,2026-07-08T14:06:44.859133+00:00,142.3,3,bid,,,12292771
2026-07-08T14:06:44.918191,2026-07-08T14:06:44.934549+00:00,142.3,20,bid,,,12292777
2026-07-08T14:06:45.135309,2026-07-08T14:06:45.145974+00:00,142.3,20,bid,,,12292783
2026-07-08T14:06:45.409690,2026-07-08T14:06:45.416779+00:00,142.2,1,bid,,,12292786
2026-07-08T14:06:45.409690,2026-07-08T14:06:45.421997+00:00,142.3,42,bid,,,12292787
2026-07-08T14:06:45.466997,2026-07-08T14:06:45.474146+00:00,141.9,1,ask,,,12292788
2026-07-08T14:06:45.466997,2026-07-08T14:06:45.479182+00:00,141.8,49,ask,,,12292789
2026-07-08T14:06:46.121873,2026-07-08T14:06:46.130930+00:00,142.1,1,bid,,,12292800
2026-07-08T14:06:47.949403,2026-07-08T14:06:47.959187+00:00,142.2,1,bid,,,12292836
2026-07-08T14:06:48.148462,2026-07-08T14:06:48.164252+00:00,142.3,1,ask,,,12292842
2026-07-08T14:06:48.923446,2026-07-08T14:06:48.935018+00:00,142.2,45,ask,,,12292854
2026-07-08T14:06:49.629349,2026-07-08T14:06:49.639679+00:00,142.3,50,bid,,,12292862
2026-07-08T14:06:51.787887,2026-07-08T14:06:51.799382+00:00,142.0,1,ask,,,12292901
2026-07-08T14:06:51.787887,2026-07-08T14:06:51.799382+00:00,141.9,49,ask,,,12292902
2026-07-08T14:06:52.205024,2026-07-08T14:06:52.216659+00:00,142.1,1,bid,,,12292908
2026-07-08T14:06:52.763889,2026-07-08T14:06:52.774144+00:00,142.1,1,ask,,,12292922
2026-07-08T14:06:52.763889,2026-07-08T14:06:52.774144+00:00,141.9,39,ask,,,12292923
2026-07-08T14:06:53.805267,2026-07-08T14:06:53.814819+00:00,142.1,1,bid,,,12292935
2026-07-08T14:06:53.805267,2026-07-08T14:06:53.814819+00:00,142.3,40,bid,,,12292936
2026-07-08T14:06:53.860358,2026-07-08T14:06:53.871859+00:00,142.0,1,ask,,,12292937
2026-07-08T14:06:53.860358,2026-07-08T14:06:53.871859+00:00,141.9,12,ask,,,12292938
2026-07-08T14:06:54.333423,2026-07-08T14:06:54.342613+00:00,142.2,1,bid,,,12292940
2026-07-08T14:06:54.952181,2026-07-08T14:06:54.963920+00:00,142.0,47,ask,,,12292956
2026-07-08T14:06:55.351914,2026-07-08T14:06:55.362587+00:00,142.1,3,bid,,,12292965
2026-07-08T14:06:55.461249,2026-07-08T14:06:55.470336+00:00,142.1,34,bid,,,12292972
2026-07-08T14:06:55.952671,2026-07-08T14:06:55.958590+00:00,142.1,50,bid,,,12292990
2026-07-08T14:06:57.442450,2026-07-08T14:06:57.454012+00:00,142.1,13,bid,,,12293009
2026-07-08T14:06:57.612504,2026-07-08T14:06:57.621609+00:00,142.2,11,ask,,,12293010
2026-07-08T14:06:57.829473,2026-07-08T14:06:57.839871+00:00,142.3,1,ask,,,12293015
2026-07-08T14:06:58.060048,2026-07-08T14:06:58.071763+00:00,142.5,1,bid,,,12293021
2026-07-08T14:06:58.060048,2026-07-08T14:06:58.071763+00:00,142.6,49,bid,,,12293022
2026-07-08T14:06:58.237802,2026-07-08T14:06:58.248793+00:00,142.3,1,ask,,,12293023
2026-07-08T14:07:00.172443,2026-07-08T14:07:00.184752+00:00,142.5,1,bid,,,12293056
2026-07-08T14:07:00.172443,2026-07-08T14:07:00.184752+00:00,142.6,49,bid,,,12293057
2026-07-08T14:07:00.605739,2026-07-08T14:07:00.612013+00:00,142.5,1,bid,,,12293062
2026-07-08T14:07:00.618480,2026-07-08T14:07:00.627518+00:00,142.6,24,ask,,,12293063
2026-07-08T14:07:01.223825,2026-07-08T14:07:01.234347+00:00,142.7,43,bid,,,12293070
2026-07-08T14:07:02.280731,2026-07-08T14:07:02.289867+00:00,142.7,50,bid,,,12293093
2026-07-08T14:07:04.343997,2026-07-08T14:07:04.354234+00:00,142.5,1,ask,,,12293125
2026-07-08T14:07:04.343997,2026-07-08T14:07:04.354234+00:00,142.5,44,ask,,,12293126
2026-07-08T14:07:04.440755,2026-07-08T14:07:04.453338+00:00,142.5,50,ask,,,12293129
2026-07-08T14:07:06.349395,2026-07-08T14:07:06.355879+00:00,142.6,1,bid,,,12293150
2026-07-08T14:07:06.349395,2026-07-08T14:07:06.355879+00:00,142.9,42,bid,,,12293151
2026-07-08T14:07:06.405546,2026-07-08T14:07:06.417052+00:00,142.5,6,ask,,,12293156
2026-07-08T14:07:06.405546,2026-07-08T14:07:06.417052+00:00,142.4,38,ask,,,12293157
2026-07-08T14:07:06.547860,2026-07-08T14:07:06.563728+00:00,142.4,50,ask,,,12293164
2026-07-08T14:07:08.679838,2026-07-08T14:07:08.691269+00:00,142.5,1,ask,,,12293201
2026-07-08T14:07:08.679838,2026-07-08T14:07:08.691269+00:00,142.3,8,ask,,,12293202
2026-07-08T14:07:08.679838,2026-07-08T14:07:08.691269+00:00,142.2,41,ask,,,12293203
2026-07-08T14:07:10.738725,2026-07-08T14:07:10.750342+00:00,142.5,1,bid,,,12293236
2026-07-08T14:07:10.738725,2026-07-08T14:07:10.750342+00:00,142.6,49,bid,,,12293237
2026-07-08T14:07:12.850826,2026-07-08T14:07:12.857112+00:00,142.6,50,bid,,,12293267
2026-07-08T14:07:15.802531,2026-07-08T14:07:15.813334+00:00,142.7,45,bid,,,12293311
2026-07-08T14:07:16.826367,2026-07-08T14:07:16.837827+00:00,142.6,1,ask,,,12293323
2026-07-08T14:07:16.826367,2026-07-08T14:07:16.837827+00:00,142.5,8,ask,,,12293324
2026-07-08T14:07:16.826367,2026-07-08T14:07:16.837827+00:00,142.4,40,ask,,,12293325
2026-07-08T14:07:17.085763,2026-07-08T14:07:17.094459+00:00,142.8,50,bid,,,12293330
2026-07-08T14:07:19.260273,2026-07-08T14:07:19.269739+00:00,142.5,1,ask,,,12293368
2026-07-08T14:07:19.260273,2026-07-08T14:07:19.269739+00:00,142.4,49,ask,,,12293369
2026-07-08T14:07:19.648507,2026-07-08T14:07:19.658588+00:00,142.5,1,ask,,,12293370
2026-07-08T14:07:19.648507,2026-07-08T14:07:19.658588+00:00,142.4,8,ask,,,12293371
2026-07-08T14:07:19.777017,2026-07-08T14:07:19.784352+00:00,142.3,8,ask,,,12293373
2026-07-08T14:07:19.931311,2026-07-08T14:07:19.942315+00:00,142.3,1,ask,,,12293375
2026-07-08T14:07:21.369617,2026-07-08T14:07:21.381315+00:00,142.3,50,ask,,,12293399
2026-07-08T14:07:21.400975,2026-07-08T14:07:21.412729+00:00,142.4,49,bid,,,12293401
2026-07-08T14:07:22.992290,2026-07-08T14:07:23.003896+00:00,142.4,1,ask,,,12293428
2026-07-08T14:07:22.992290,2026-07-08T14:07:23.003896+00:00,142.3,8,ask,,,12293429
2026-07-08T14:07:22.992290,2026-07-08T14:07:23.003896+00:00,142.2,39,ask,,,12293430
2026-07-08T14:07:23.167960,2026-07-08T14:07:23.177871+00:00,142.2,1,ask,,,12293437
2026-07-08T14:07:23.475660,2026-07-08T14:07:23.487456+00:00,142.3,1,ask,,,12293444
2026-07-08T14:07:23.475660,2026-07-08T14:07:23.487456+00:00,142.2,49,ask,,,12293445
2026-07-08T14:07:23.996123,2026-07-08T14:07:24.008122+00:00,142.5,1,bid,,,12293449
2026-07-08T14:07:23.996123,2026-07-08T14:07:24.008122+00:00,142.5,8,bid,,,12293450
2026-07-08T14:07:23.996123,2026-07-08T14:07:24.008122+00:00,142.7,40,bid,,,12293451
2026-07-08T14:07:24.602799,2026-07-08T14:07:24.614469+00:00,142.6,8,bid,,,12293465
2026-07-08T14:07:25.587123,2026-07-08T14:07:25.593631+00:00,142.3,8,ask,,,12293487
2026-07-08T14:07:25.587123,2026-07-08T14:07:25.598623+00:00,142.2,42,ask,,,12293488
2026-07-08T14:07:26.254898,2026-07-08T14:07:26.269355+00:00,142.4,43,ask,,,12293493
2026-07-08T14:07:27.399993,2026-07-08T14:07:27.408091+00:00,142.5,46,bid,,,12293509
2026-07-08T14:07:27.696549,2026-07-08T14:07:27.706109+00:00,142.4,50,ask,,,12293520
2026-07-08T14:07:29.803005,2026-07-08T14:07:29.814616+00:00,142.2,1,ask,,,12293551
2026-07-08T14:07:29.803005,2026-07-08T14:07:29.814616+00:00,142.1,8,ask,,,12293552
2026-07-08T14:07:29.808322,2026-07-08T14:07:29.820202+00:00,142.3,1,bid,,,12293553
2026-07-08T14:07:29.808322,2026-07-08T14:07:29.820202+00:00,142.4,43,bid,,,12293554
2026-07-08T14:07:30.870727,2026-07-08T14:07:30.879340+00:00,142.3,1,bid,,,12293575
2026-07-08T14:07:31.214948,2026-07-08T14:07:31.224007+00:00,142.3,1,bid,,,12293578
2026-07-08T14:07:31.860661,2026-07-08T14:07:31.872165+00:00,142.4,50,bid,,,12293589
2026-07-08T14:07:35.476910,2026-07-08T14:07:35.484619+00:00,142.2,1,ask,,,12293649
2026-07-08T14:07:35.476910,2026-07-08T14:07:35.490098+00:00,142.2,8,ask,,,12293650
2026-07-08T14:07:35.476910,2026-07-08T14:07:35.490098+00:00,142.1,39,ask,,,12293651
2026-07-08T14:07:36.071190,2026-07-08T14:07:36.083145+00:00,142.2,1,bid,,,12293661
2026-07-08T14:07:36.071190,2026-07-08T14:07:36.083145+00:00,142.3,8,bid,,,12293662
2026-07-08T14:07:36.071190,2026-07-08T14:07:36.083145+00:00,142.4,41,bid,,,12293663
2026-07-08T14:07:36.660778,2026-07-08T14:07:36.672274+00:00,142.3,1,bid,,,12293672
2026-07-08T14:07:36.660778,2026-07-08T14:07:36.672274+00:00,142.3,8,bid,,,12293673
2026-07-08T14:07:37.451938,2026-07-08T14:07:37.463727+00:00,142.2,1,ask,,,12293686
2026-07-08T14:07:37.451938,2026-07-08T14:07:37.463727+00:00,142.2,1,ask,,,12293687
2026-07-08T14:07:37.763417,2026-07-08T14:07:37.770414+00:00,142.1,8,ask,,,12293690
2026-07-08T14:07:37.763417,2026-07-08T14:07:37.775653+00:00,142.0,36,ask,,,12293691
2026-07-08T14:07:38.182107,2026-07-08T14:07:38.191072+00:00,142.2,1,bid,,,12293693
2026-07-08T14:07:38.182107,2026-07-08T14:07:38.196307+00:00,142.4,49,bid,,,12293694
2026-07-08T14:07:39.930423,2026-07-08T14:07:39.937037+00:00,142.3,45,bid,,,12293729
2026-07-08T14:07:40.289363,2026-07-08T14:07:40.299007+00:00,142.3,50,bid,,,12293736
2026-07-08T14:07:41.736323,2026-07-08T14:07:41.748182+00:00,142.3,5,bid,,,12293765
2026-07-08T14:07:41.736323,2026-07-08T14:07:41.748182+00:00,142.4,8,bid,,,12293766
2026-07-08T14:07:42.396462,2026-07-08T14:07:42.408428+00:00,142.7,1,bid,,,12293783
2026-07-08T14:07:42.396462,2026-07-08T14:07:42.408428+00:00,142.8,49,bid,,,12293784
2026-07-08T14:07:42.711937,2026-07-08T14:07:42.720628+00:00,142.6,1,ask,,,12293791
2026-07-08T14:07:43.315822,2026-07-08T14:07:43.327367+00:00,142.5,1,ask,,,12293806
2026-07-08T14:07:43.315822,2026-07-08T14:07:43.327367+00:00,142.4,41,ask,,,12293807
2026-07-08T14:07:43.803555,2026-07-08T14:07:43.814376+00:00,142.6,1,bid,,,12293817
2026-07-08T14:07:43.860748,2026-07-08T14:07:43.868945+00:00,142.5,1,ask,,,12293821
2026-07-08T14:07:43.860748,2026-07-08T14:07:43.868945+00:00,142.4,45,ask,,,12293822
2026-07-08T14:07:44.086624,2026-07-08T14:07:44.164611+00:00,142.5,1,ask,,,12293828
2026-07-08T14:07:44.096786,2026-07-08T14:07:44.164611+00:00,142.4,19,ask,,,12293830
2026-07-08T14:07:44.507156,2026-07-08T14:07:44.519167+00:00,142.6,1,bid,,,12293836
2026-07-08T14:07:44.507156,2026-07-08T14:07:44.519167+00:00,142.7,8,bid,,,12293837
2026-07-08T14:07:44.507156,2026-07-08T14:07:44.519167+00:00,142.8,41,bid,,,12293838
2026-07-08T14:07:44.892321,2026-07-08T14:07:44.906788+00:00,142.5,1,ask,,,12293840
2026-07-08T14:07:44.935769,2026-07-08T14:07:44.945262+00:00,142.4,8,ask,,,12293843
2026-07-08T14:07:44.935769,2026-07-08T14:07:44.945262+00:00,142.3,41,ask,,,12293844
2026-07-08T14:07:44.961015,2026-07-08T14:07:44.980183+00:00,142.3,59,ask,,,12293845
2026-07-08T14:07:44.971419,2026-07-08T14:07:44.980183+00:00,142.1,2,bid,,,12293848
2026-07-08T14:07:45.333520,2026-07-08T14:07:45.342834+00:00,142.1,14,bid,,,12293854
2026-07-08T14:07:45.409796,2026-07-08T14:07:45.421203+00:00,142.1,20,bid,,,12293857
2026-07-08T14:07:45.500955,2026-07-08T14:07:45.511797+00:00,142.1,43,bid,,,12293858
2026-07-08T14:07:46.666917,2026-07-08T14:07:46.678473+00:00,141.9,50,ask,,,12293881
2026-07-08T14:07:48.079407,2026-07-08T14:07:48.087055+00:00,142.2,8,bid,,,12293902
2026-07-08T14:07:48.094446,2026-07-08T14:07:48.103895+00:00,142.2,14,ask,,,12293903
2026-07-08T14:07:48.295331,2026-07-08T14:07:48.306993+00:00,142.2,100,ask,,,12293910
2026-07-08T14:07:48.773787,2026-07-08T14:07:48.781126+00:00,142.3,1,ask,,,12293920
2026-07-08T14:07:48.773787,2026-07-08T14:07:48.786587+00:00,142.2,28,ask,,,12293921
2026-07-08T14:07:48.773787,2026-07-08T14:07:48.786587+00:00,142.2,8,ask,,,12293922
2026-07-08T14:07:48.773787,2026-07-08T14:07:48.786587+00:00,141.7,13,ask,,,12293923
2026-07-08T14:07:50.833674,2026-07-08T14:07:50.842503+00:00,142.2,1,bid,,,12293965
2026-07-08T14:07:50.833674,2026-07-08T14:07:50.842503+00:00,142.4,8,bid,,,12293966
2026-07-08T14:07:50.833674,2026-07-08T14:07:50.847677+00:00,142.7,41,bid,,,12293967
2026-07-08T14:07:51.526333,2026-07-08T14:07:51.538004+00:00,142.3,45,bid,,,12293975
2026-07-08T14:07:52.059252,2026-07-08T14:07:52.070872+00:00,142.2,1,ask,,,12293984
2026-07-08T14:07:52.059252,2026-07-08T14:07:52.070872+00:00,142.2,48,ask,,,12293985
2026-07-08T14:07:52.535748,2026-07-08T14:07:52.542503+00:00,142.3,45,bid,,,12293989
2026-07-08T14:07:53.004577,2026-07-08T14:07:53.015761+00:00,142.2,50,ask,,,12293998
2026-07-08T14:07:53.439484,2026-07-08T14:07:53.449059+00:00,142.3,41,bid,,,12294009
2026-07-08T14:07:54.619694,2026-07-08T14:07:54.631650+00:00,142.2,100,ask,,,12294032
2026-07-08T14:07:55.111785,2026-07-08T14:07:55.121611+00:00,142.3,1,ask,,,12294037
2026-07-08T14:07:55.111785,2026-07-08T14:07:55.121611+00:00,142.2,49,ask,,,12294038
2026-07-08T14:07:57.159663,2026-07-08T14:07:57.174311+00:00,142.2,1,ask,,,12294077
2026-07-08T14:07:57.173222,2026-07-08T14:07:57.189538+00:00,142.1,8,ask,,,12294080
2026-07-08T14:07:57.614257,2026-07-08T14:07:57.624021+00:00,141.9,1,ask,,,12294086
2026-07-08T14:07:57.625494,2026-07-08T14:07:57.634272+00:00,141.9,1,bid,,,12294087
2026-07-08T14:07:57.789616,2026-07-08T14:07:57.800619+00:00,141.9,8,bid,,,12294096
2026-07-08T14:07:58.460087,2026-07-08T14:07:58.468696+00:00,141.9,26,bid,,,12294107
2026-07-08T14:07:59.194180,2026-07-08T14:07:59.205917+00:00,141.9,46,bid,,,12294119
2026-07-08T14:07:59.274085,2026-07-08T14:07:59.283294+00:00,141.9,50,bid,,,12294127
2026-07-08T14:07:59.834821,2026-07-08T14:07:59.846759+00:00,141.8,44,ask,,,12294138
2026-07-08T14:08:00.740165,2026-07-08T14:08:00.768419+00:00,142.1,8,bid,,,12294152
2026-07-08T14:08:00.759652,2026-07-08T14:08:00.768419+00:00,142.1,26,ask,,,12294153
2026-07-08T14:08:01.379253,2026-07-08T14:08:01.390380+00:00,142.2,1,bid,,,12294167
2026-07-08T14:08:01.379253,2026-07-08T14:08:01.390380+00:00,142.4,49,bid,,,12294168
2026-07-08T14:08:02.687790,2026-07-08T14:08:02.695685+00:00,142.3,1,bid,,,12294197
2026-07-08T14:08:03.489455,2026-07-08T14:08:03.497038+00:00,142.4,50,bid,,,12294212
2026-07-08T14:08:03.984329,2026-07-08T14:08:03.996238+00:00,142.4,1,bid,,,12294227
2026-07-08T14:08:04.050140,2026-07-08T14:08:04.072601+00:00,142.5,8,bid,,,12294228
2026-07-08T14:08:04.059531,2026-07-08T14:08:04.072601+00:00,142.5,1,ask,,,12294229
2026-07-08T14:08:04.470911,2026-07-08T14:08:04.480233+00:00,142.6,1,ask,,,12294236
2026-07-08T14:08:04.470911,2026-07-08T14:08:04.480233+00:00,142.5,43,ask,,,12294237
2026-07-08T14:08:05.596398,2026-07-08T14:08:05.605763+00:00,142.7,1,bid,,,12294255
2026-07-08T14:08:05.596398,2026-07-08T14:08:05.605763+00:00,142.8,49,bid,,,12294256
2026-07-08T14:08:07.706620,2026-07-08T14:08:07.713188+00:00,142.7,1,bid,,,12294299
2026-07-08T14:08:08.597685,2026-07-08T14:08:08.605822+00:00,142.7,1,ask,,,12294307
2026-07-08T14:08:08.597685,2026-07-08T14:08:08.605822+00:00,142.5,45,ask,,,12294308
2026-07-08T14:08:09.836853,2026-07-08T14:08:09.846834+00:00,142.7,1,bid,,,12294331
2026-07-08T14:08:09.836853,2026-07-08T14:08:09.846834+00:00,142.9,48,bid,,,12294332
2026-07-08T14:08:09.892092,2026-07-08T14:08:09.903641+00:00,142.7,1,ask,,,12294338
2026-07-08T14:08:09.892092,2026-07-08T14:08:09.903641+00:00,142.5,49,ask,,,12294339
2026-07-08T14:08:12.000831,2026-07-08T14:08:12.011288+00:00,142.5,1,ask,,,12294374
2026-07-08T14:08:12.000831,2026-07-08T14:08:12.011288+00:00,142.5,49,ask,,,12294375
2026-07-08T14:08:12.374169,2026-07-08T14:08:12.385534+00:00,142.7,1,bid,,,12294379
2026-07-08T14:08:12.374169,2026-07-08T14:08:12.385534+00:00,142.9,43,bid,,,12294380
2026-07-08T14:08:12.428934,2026-07-08T14:08:12.436222+00:00,142.5,46,ask,,,12294383
2026-07-08T14:08:14.057341,2026-07-08T14:08:14.068680+00:00,142.8,1,bid,,,12294409
2026-07-08T14:08:14.057341,2026-07-08T14:08:14.068680+00:00,142.9,49,bid,,,12294410
2026-07-08T14:08:14.745284,2026-07-08T14:08:14.754244+00:00,142.8,1,bid,,,12294420
2026-07-08T14:08:14.745284,2026-07-08T14:08:14.754244+00:00,142.9,41,bid,,,12294421
2026-07-08T14:08:15.727730,2026-07-08T14:08:15.739671+00:00,142.7,1,ask,,,12294434
2026-07-08T14:08:15.727730,2026-07-08T14:08:15.739671+00:00,142.5,46,ask,,,12294435
2026-07-08T14:08:16.164263,2026-07-08T14:08:16.175952+00:00,142.8,1,bid,,,12294444
2026-07-08T14:08:16.164263,2026-07-08T14:08:16.175952+00:00,142.9,10,bid,,,12294445
2026-07-08T14:08:16.164263,2026-07-08T14:08:16.175952+00:00,143.0,39,bid,,,12294446
2026-07-08T14:08:17.847366,2026-07-08T14:08:17.858831+00:00,142.9,1,bid,,,12294471
2026-07-08T14:08:17.847366,2026-07-08T14:08:17.858831+00:00,142.9,41,bid,,,12294472
2026-07-08T14:08:18.328885,2026-07-08T14:08:18.336442+00:00,142.7,1,ask,,,12294482
2026-07-08T14:08:18.328885,2026-07-08T14:08:18.341436+00:00,142.7,8,ask,,,12294483
2026-07-08T14:08:18.433886,2026-07-08T14:08:18.444453+00:00,142.7,1,ask,,,12294486
2026-07-08T14:08:20.438357,2026-07-08T14:08:20.447968+00:00,142.6,50,ask,,,12294519
2026-07-08T14:08:22.493579,2026-07-08T14:08:22.502815+00:00,142.8,1,bid,,,12294555
2026-07-08T14:08:22.493579,2026-07-08T14:08:22.502815+00:00,142.9,8,bid,,,12294556
2026-07-08T14:08:24.029464,2026-07-08T14:08:24.037613+00:00,142.7,1,ask,,,12294570
2026-07-08T14:08:24.029464,2026-07-08T14:08:24.037613+00:00,142.6,47,ask,,,12294571
2026-07-08T14:08:26.289584,2026-07-08T14:08:26.301479+00:00,142.8,1,bid,,,12294616
2026-07-08T14:08:26.289584,2026-07-08T14:08:26.301479+00:00,142.9,8,bid,,,12294617
2026-07-08T14:08:26.289584,2026-07-08T14:08:26.301479+00:00,143.0,37,bid,,,12294618
2026-07-08T14:08:26.761358,2026-07-08T14:08:26.773054+00:00,142.7,1,ask,,,12294624
2026-07-08T14:08:26.761358,2026-07-08T14:08:26.773054+00:00,142.7,8,ask,,,12294625
2026-07-08T14:08:26.761358,2026-07-08T14:08:26.773054+00:00,142.5,41,ask,,,12294626
2026-07-08T14:08:28.871021,2026-07-08T14:08:28.882904+00:00,142.7,1,ask,,,12294663
2026-07-08T14:08:28.871021,2026-07-08T14:08:28.882904+00:00,142.6,8,ask,,,12294664
2026-07-08T14:08:28.871021,2026-07-08T14:08:28.882904+00:00,142.5,41,ask,,,12294665
2026-07-08T14:08:29.241660,2026-07-08T14:08:29.251376+00:00,142.7,1,bid,,,12294670
2026-07-08T14:08:29.844059,2026-07-08T14:08:29.854254+00:00,142.6,1,ask,,,12294684
2026-07-08T14:08:29.844059,2026-07-08T14:08:29.854254+00:00,142.6,40,ask,,,12294685
2026-07-08T14:08:30.980498,2026-07-08T14:08:30.991575+00:00,142.6,50,ask,,,12294694
2026-07-08T14:08:32.445800,2026-07-08T14:08:32.463966+00:00,142.6,10,ask,,,12294712
2026-07-08T14:08:32.445800,2026-07-08T14:08:32.463966+00:00,142.6,8,ask,,,12294713
2026-07-08T14:08:33.036972,2026-07-08T14:08:33.048455+00:00,142.3,1,bid,,,12294731
2026-07-08T14:08:33.036972,2026-07-08T14:08:33.048455+00:00,142.4,8,bid,,,12294732
2026-07-08T14:08:35.201519,2026-07-08T14:08:35.211251+00:00,142.2,1,ask,,,12294776
2026-07-08T14:08:35.201519,2026-07-08T14:08:35.211251+00:00,142.2,8,ask,,,12294777
2026-07-08T14:08:35.201519,2026-07-08T14:08:35.216450+00:00,142.1,41,ask,,,12294778
2026-07-08T14:08:37.313437,2026-07-08T14:08:37.325523+00:00,142.2,1,ask,,,12294807
2026-07-08T14:08:37.313437,2026-07-08T14:08:37.325523+00:00,142.1,49,ask,,,12294808
2026-07-08T14:08:37.941605,2026-07-08T14:08:37.950904+00:00,142.3,1,bid,,,12294821
2026-07-08T14:08:39.423797,2026-07-08T14:08:39.435551+00:00,142.3,1,ask,,,12294853
2026-07-08T14:08:39.423797,2026-07-08T14:08:39.435551+00:00,142.2,8,ask,,,12294854
2026-07-08T14:08:39.423797,2026-07-08T14:08:39.435551+00:00,142.1,41,ask,,,12294855
2026-07-08T14:08:40.243964,2026-07-08T14:08:40.252757+00:00,142.4,1,bid,,,12294871
2026-07-08T14:08:41.534593,2026-07-08T14:08:41.543801+00:00,142.2,1,ask,,,12294891
2026-07-08T14:08:41.902996,2026-07-08T14:08:41.914628+00:00,142.4,1,bid,,,12294896
2026-07-08T14:08:41.956786,2026-07-08T14:08:41.966433+00:00,142.5,11,bid,,,12294899
2026-07-08T14:08:42.659650,2026-07-08T14:08:42.668447+00:00,142.5,12,bid,,,12294907
2026-07-08T14:08:43.641093,2026-07-08T14:08:43.652851+00:00,142.4,50,ask,,,12294920
2026-07-08T14:08:45.754369,2026-07-08T14:08:45.768669+00:00,142.5,1,ask,,,12294952
2026-07-08T14:08:45.754369,2026-07-08T14:08:45.768669+00:00,142.4,49,ask,,,12294953
2026-07-08T14:08:47.862854,2026-07-08T14:08:47.874614+00:00,142.5,1,ask,,,12294981
2026-07-08T14:08:47.862854,2026-07-08T14:08:47.874614+00:00,142.4,49,ask,,,12294982
2026-07-08T14:08:52.022347,2026-07-08T14:08:52.033779+00:00,142.5,50,bid,,,12295035
2026-07-08T14:08:53.696286,2026-07-08T14:08:53.704968+00:00,142.5,11,bid,,,12295072
2026-07-08T14:08:57.864558,2026-07-08T14:08:57.876361+00:00,142.6,1,bid,,,12295150
2026-07-08T14:08:58.395262,2026-07-08T14:08:58.406823+00:00,142.7,8,ask,,,12295165
2026-07-08T14:08:58.395262,2026-07-08T14:08:58.406823+00:00,142.6,42,ask,,,12295166
2026-07-08T14:08:58.769471,2026-07-08T14:08:58.781118+00:00,142.8,1,bid,,,12295173
2026-07-08T14:08:58.769471,2026-07-08T14:08:58.781118+00:00,142.9,8,bid,,,12295174
2026-07-08T14:08:58.769471,2026-07-08T14:08:58.781118+00:00,143.0,34,bid,,,12295175
