timestamp,recv_time,price,volume,aggressor_side,buyer,seller,trade_id
2026-07-05T20:00:00.659045,2026-07-05T20:00:00.658817+00:00,166.6,47,ask,EarnestEspressos,CostlyCorianders,8711542
2026-07-05T20:00:00.892884,2026-07-05T20:00:00.910062+00:00,166.9,50,bid,FlawlessFlatbreads,DiligentDonuts,8711546
2026-07-05T20:00:02.116474,2026-07-05T20:00:02.126968+00:00,166.6,3,bid,Xuanyu Liu,EarnestEspressos,8711565
2026-07-05T20:00:02.330509,2026-07-05T20:00:02.339669+00:00,166.4,40,ask,DiligentDonuts,CostlyCorianders,8711570
2026-07-05T20:00:03.001838,2026-07-05T20:00:03.013364+00:00,166.6,50,bid,FlawlessFlatbreads,EarnestEspressos,8711577
2026-07-05T20:00:03.234560,2026-07-05T20:00:03.243762+00:00,166.6,11,bid,Xuanyu Liu,EarnestEspressos,8711580
2026-07-05T20:00:03.817897,2026-07-05T20:00:03.829589+00:00,166.6,86,bid,DiligentDonuts,EarnestEspressos,8711585
2026-07-05T20:00:05.519698,2026-07-05T20:00:05.531549+00:00,167.1,48,bid,CostlyCorianders,DiligentDonuts,8711610
2026-07-05T20:00:07.173466,2026-07-05T20:00:07.182588+00:00,166.8,11,ask,EarnestEspressos,Xuanyu Liu,8711629
2026-07-05T20:00:07.233152,2026-07-05T20:00:07.240528+00:00,167.0,50,bid,FlawlessFlatbreads,DiligentDonuts,8711631
2026-07-05T20:00:09.339755,2026-07-05T20:00:09.351476+00:00,167.0,50,bid,FlawlessFlatbreads,DiligentDonuts,8711666
2026-07-05T20:00:11.687433,2026-07-05T20:00:11.676033+00:00,167.0,44,ask,EarnestEspressos,CostlyCorianders,8711694
2026-07-05T20:00:12.144482,2026-07-05T20:00:12.158598+00:00,167.4,44,bid,CostlyCorianders,DiligentDonuts,8711697
2026-07-05T20:00:12.761600,2026-07-05T20:00:12.769036+00:00,167.0,48,ask,EarnestEspressos,CostlyCorianders,8711707
2026-07-05T20:00:13.602242,2026-07-05T20:00:13.612714+00:00,167.0,50,ask,EarnestEspressos,FlawlessFlatbreads,8711718
2026-07-05T20:00:13.759555,2026-07-05T20:00:13.768046+00:00,167.0,3,ask,EarnestEspressos,Xuanyu Liu,8711722
2026-07-05T20:00:14.774152,2026-07-05T20:00:14.795959+00:00,167.0,100,ask,DiligentDonuts,EarnestEspressos,8711735
2026-07-05T20:00:14.786840,2026-07-05T20:00:14.795959+00:00,166.5,3,bid,Xuanyu Liu,EarnestEspressos,8711736
2026-07-05T20:00:14.836953,2026-07-05T20:00:14.848073+00:00,166.5,47,bid,CostlyCorianders,EarnestEspressos,8711738
2026-07-05T20:00:15.657245,2026-07-05T20:00:15.663961+00:00,167.5,50,bid,FlawlessFlatbreads,DiligentDonuts,8711747
2026-07-05T20:00:17.763255,2026-07-05T20:00:17.774744+00:00,167.3,50,bid,FlawlessFlatbreads,DiligentDonuts,8711769
2026-07-05T20:00:19.000966,2026-07-05T20:00:19.009549+00:00,166.8,3,ask,DiligentDonuts,Xuanyu Liu,8711786
2026-07-05T20:00:19.861600,2026-07-05T20:00:19.871322+00:00,166.8,47,ask,EarnestEspressos,CostlyCorianders,8711800
2026-07-05T20:00:19.922337,2026-07-05T20:00:19.934134+00:00,166.8,50,ask,EarnestEspressos,FlawlessFlatbreads,8711801
2026-07-05T20:00:20.452592,2026-07-05T20:00:20.464036+00:00,166.8,49,ask,EarnestEspressos,CostlyCorianders,8711814
2026-07-05T20:00:21.103117,2026-07-05T20:00:21.114900+00:00,166.7,100,ask,DiligentDonuts,EarnestEspressos,8711824
2026-07-05T20:00:21.118801,2026-07-05T20:00:21.127912+00:00,166.6,3,bid,Xuanyu Liu,EarnestEspressos,8711826
2026-07-05T20:00:22.032486,2026-07-05T20:00:22.044334+00:00,166.4,8,ask,Zhangyue Shen,FlawlessFlatbreads,8711834
2026-07-05T20:00:22.032486,2026-07-05T20:00:22.044334+00:00,166.1,42,ask,EarnestEspressos,FlawlessFlatbreads,8711835
2026-07-05T20:00:24.140939,2026-07-05T20:00:24.158612+00:00,166.5,50,ask,DiligentDonuts,FlawlessFlatbreads,8711862
2026-07-05T20:00:25.263224,2026-07-05T20:00:25.270182+00:00,166.8,8,bid,CostlyCorianders,Zhangyue Shen,8711873
2026-07-05T20:00:25.263224,2026-07-05T20:00:25.275740+00:00,166.8,33,bid,CostlyCorianders,EarnestEspressos,8711874
2026-07-05T20:00:25.852431,2026-07-05T20:00:25.864276+00:00,166.8,41,bid,CostlyCorianders,EarnestEspressos,8711882
2026-07-05T20:00:26.249095,2026-07-05T20:00:26.258608+00:00,166.4,8,ask,Zhangyue Shen,FlawlessFlatbreads,8711886
2026-07-05T20:00:26.249095,2026-07-05T20:00:26.258608+00:00,166.3,42,ask,EarnestEspressos,FlawlessFlatbreads,8711887
2026-07-05T20:00:27.543634,2026-07-05T20:00:27.549974+00:00,166.8,47,bid,CostlyCorianders,DiligentDonuts,8711900
2026-07-05T20:00:28.356749,2026-07-05T20:00:28.368413+00:00,166.5,50,ask,EarnestEspressos,FlawlessFlatbreads,8711913
2026-07-05T20:00:30.464134,2026-07-05T20:00:30.475678+00:00,166.5,50,ask,EarnestEspressos,FlawlessFlatbreads,8711941
2026-07-05T20:00:30.595554,2026-07-05T20:00:30.612012+00:00,166.5,100,ask,DiligentDonuts,EarnestEspressos,8711942
2026-07-05T20:00:30.604336,2026-07-05T20:00:30.612012+00:00,166.4,11,bid,Xuanyu Liu,EarnestEspressos,8711943
2026-07-05T20:00:31.203130,2026-07-05T20:00:31.217408+00:00,166.4,12,bid,Xuanyu Liu,EarnestEspressos,8711949
2026-07-05T20:00:32.126008,2026-07-05T20:00:32.133560+00:00,166.3,8,ask,Zhangyue Shen,CostlyCorianders,8711965
2026-07-05T20:00:32.126008,2026-07-05T20:00:32.138590+00:00,165.9,41,ask,EarnestEspressos,CostlyCorianders,8711966
2026-07-05T20:00:32.572839,2026-07-05T20:00:32.579513+00:00,166.1,8,ask,Zhangyue Shen,FlawlessFlatbreads,8711975
2026-07-05T20:00:32.572839,2026-07-05T20:00:32.584957+00:00,166.0,42,ask,DiligentDonuts,FlawlessFlatbreads,8711976
2026-07-05T20:00:34.276594,2026-07-05T20:00:34.285594+00:00,166.5,46,bid,CostlyCorianders,DiligentDonuts,8712003
2026-07-05T20:00:34.682317,2026-07-05T20:00:34.691360+00:00,166.4,50,ask,EarnestEspressos,FlawlessFlatbreads,8712006
2026-07-05T20:00:36.589009,2026-07-05T20:00:36.599265+00:00,166.4,48,ask,EarnestEspressos,CostlyCorianders,8712030
2026-07-05T20:00:36.788571,2026-07-05T20:00:36.795442+00:00,166.4,50,ask,EarnestEspressos,FlawlessFlatbreads,8712036
2026-07-05T20:00:36.930099,2026-07-05T20:00:36.941597+00:00,166.4,8,ask,Zhangyue Shen,EarnestEspressos,8712037
2026-07-05T20:00:36.942973,2026-07-05T20:00:36.952439+00:00,166.2,23,bid,Xuanyu Liu,EarnestEspressos,8712038
2026-07-05T20:00:37.134016,2026-07-05T20:00:37.144538+00:00,166.2,8,bid,Zhangyue Shen,EarnestEspressos,8712041
2026-07-05T20:00:37.719883,2026-07-05T20:00:37.722315+00:00,166.2,44,bid,CostlyCorianders,EarnestEspressos,8712045
2026-07-05T20:00:38.899166,2026-07-05T20:00:38.908128+00:00,166.1,8,ask,Zhangyue Shen,FlawlessFlatbreads,8712065
2026-07-05T20:00:38.899166,2026-07-05T20:00:38.908128+00:00,166.0,42,ask,DiligentDonuts,FlawlessFlatbreads,8712066
2026-07-05T20:00:39.699071,2026-07-05T20:00:39.707639+00:00,166.2,11,bid,Xuanyu Liu,EarnestEspressos,8712071
2026-07-05T20:00:39.733265,2026-07-05T20:00:39.744647+00:00,166.0,46,ask,DiligentDonuts,CostlyCorianders,8712074
2026-07-05T20:00:39.921794,2026-07-05T20:00:39.932384+00:00,166.2,3,bid,Zhangyue Shen,EarnestEspressos,8712078
2026-07-05T20:00:41.008651,2026-07-05T20:00:41.020291+00:00,166.3,50,ask,EarnestEspressos,FlawlessFlatbreads,8712104
2026-07-05T20:00:41.167147,2026-07-05T20:00:41.178906+00:00,166.5,42,bid,CostlyCorianders,DiligentDonuts,8712108
2026-07-05T20:00:43.065720,2026-07-05T20:00:43.077576+00:00,166.8,50,bid,FlawlessFlatbreads,EarnestEspressos,8712131
2026-07-05T20:00:45.173417,2026-07-05T20:00:45.184888+00:00,166.6,50,bid,FlawlessFlatbreads,DiligentDonuts,8712156
2026-07-05T20:00:46.403104,2026-07-05T20:00:46.414532+00:00,166.6,43,bid,CostlyCorianders,DiligentDonuts,8712167
2026-07-05T20:00:46.458174,2026-07-05T20:00:46.470096+00:00,166.4,8,ask,Zhangyue Shen,CostlyCorianders,8712168
2026-07-05T20:00:46.458174,2026-07-05T20:00:46.470096+00:00,166.2,32,ask,EarnestEspressos,CostlyCorianders,8712169
2026-07-05T20:00:47.028843,2026-07-05T20:00:47.036993+00:00,166.6,7,bid,CostlyCorianders,DiligentDonuts,8712184
2026-07-05T20:00:47.280660,2026-07-05T20:00:47.292094+00:00,166.7,50,bid,FlawlessFlatbreads,EarnestEspressos,8712191
2026-07-05T20:00:48.107135,2026-07-05T20:00:48.118791+00:00,166.3,49,ask,DiligentDonuts,CostlyCorianders,8712205
2026-07-05T20:00:49.559850,2026-07-05T20:00:49.571455+00:00,166.3,49,ask,DiligentDonuts,CostlyCorianders,8712222
2026-07-05T20:00:50.115236,2026-07-05T20:00:50.126898+00:00,166.8,8,bid,CostlyCorianders,Zhangyue Shen,8712226
2026-07-05T20:00:50.115236,2026-07-05T20:00:50.126898+00:00,166.8,41,bid,CostlyCorianders,DiligentDonuts,8712227
2026-07-05T20:00:51.208104,2026-07-05T20:00:51.221258+00:00,166.8,43,bid,CostlyCorianders,DiligentDonuts,8712240
2026-07-05T20:00:53.616509,2026-07-05T20:00:53.626740+00:00,166.9,50,bid,FlawlessFlatbreads,DiligentDonuts,8712269
2026-07-05T20:00:55.773975,2026-07-05T20:00:55.785596+00:00,166.6,50,ask,DiligentDonuts,FlawlessFlatbreads,8712289
2026-07-05T20:00:56.279860,2026-07-05T20:00:56.288875+00:00,166.6,11,ask,DiligentDonuts,Xuanyu Liu,8712294
2026-07-05T20:00:57.495997,2026-07-05T20:00:57.505449+00:00,166.6,12,ask,DiligentDonuts,Xuanyu Liu,8712317
2026-07-05T20:00:57.881149,2026-07-05T20:00:57.892778+00:00,166.6,50,ask,EarnestEspressos,FlawlessFlatbreads,8712320
2026-07-05T20:00:58.705254,2026-07-05T20:00:58.713998+00:00,166.6,11,ask,EarnestEspressos,Xuanyu Liu,8712332
2026-07-05T20:00:59.990780,2026-07-05T20:00:59.998479+00:00,166.4,8,ask,Zhangyue Shen,FlawlessFlatbreads,8712350
2026-07-05T20:00:59.990780,2026-07-05T20:01:00.003761+00:00,166.3,42,ask,DiligentDonuts,FlawlessFlatbreads,8712351
2026-07-05T20:01:00.877381,2026-07-05T20:01:00.890691+00:00,166.6,45,bid,CostlyCorianders,EarnestEspressos,8712362
2026-07-05T20:01:02.098325,2026-07-05T20:01:02.109989+00:00,166.2,50,ask,DiligentDonuts,FlawlessFlatbreads,8712378
2026-07-05T20:01:04.206008,2026-07-05T20:01:04.216429+00:00,166.2,8,ask,Zhangyue Shen,FlawlessFlatbreads,8712405
2026-07-05T20:01:04.206008,2026-07-05T20:01:04.216429+00:00,166.1,42,ask,EarnestEspressos,FlawlessFlatbreads,8712406
2026-07-05T20:01:05.725167,2026-07-05T20:01:05.733605+00:00,166.3,23,bid,Xuanyu Liu,DiligentDonuts,8712425
2026-07-05T20:01:05.937175,2026-07-05T20:01:05.949132+00:00,166.3,3,bid,Zhangyue Shen,DiligentDonuts,8712430
2026-07-05T20:01:06.328523,2026-07-05T20:01:06.339596+00:00,166.0,8,ask,Zhangyue Shen,FlawlessFlatbreads,8712437
2026-07-05T20:01:06.328523,2026-07-05T20:01:06.339596+00:00,165.8,42,ask,DiligentDonuts,FlawlessFlatbreads,8712438
2026-07-05T20:01:07.721560,2026-07-05T20:01:07.742814+00:00,166.3,3,bid,Zhangyue Shen,EarnestEspressos,8712455
2026-07-05T20:01:07.982211,2026-07-05T20:01:07.993734+00:00,166.3,3,bid,Zhangyue Shen,EarnestEspressos,8712457
2026-07-05T20:01:08.243303,2026-07-05T20:01:08.258545+00:00,166.3,3,bid,Zhangyue Shen,EarnestEspressos,8712463
2026-07-05T20:01:08.437533,2026-07-05T20:01:08.458873+00:00,165.9,50,ask,DiligentDonuts,FlawlessFlatbreads,8712473
2026-07-05T20:01:10.493765,2026-07-05T20:01:10.505499+00:00,166.4,50,bid,FlawlessFlatbreads,DiligentDonuts,8712503
2026-07-05T20:01:12.628418,2026-07-05T20:01:12.640054+00:00,166.4,50,bid,FlawlessFlatbreads,DiligentDonuts,8712528
2026-07-05T20:01:13.895079,2026-07-05T20:01:13.906532+00:00,166.3,8,ask,Zhangyue Shen,CostlyCorianders,8712546
2026-07-05T20:01:13.895079,2026-07-05T20:01:13.906532+00:00,166.2,38,ask,EarnestEspressos,CostlyCorianders,8712547
2026-07-05T20:01:14.737271,2026-07-05T20:01:14.748732+00:00,166.6,50,bid,FlawlessFlatbreads,DiligentDonuts,8712559
2026-07-05T20:01:16.847006,2026-07-05T20:01:16.856347+00:00,166.4,50,bid,FlawlessFlatbreads,EarnestEspressos,8712591
2026-07-05T20:01:17.019138,2026-07-05T20:01:17.026551+00:00,166.3,45,ask,DiligentDonuts,CostlyCorianders,8712595
2026-07-05T20:01:18.708532,2026-07-05T20:01:18.719641+00:00,166.8,8,bid,CostlyCorianders,Zhangyue Shen,8712624
2026-07-05T20:01:18.708532,2026-07-05T20:01:18.719641+00:00,166.8,40,bid,CostlyCorianders,DiligentDonuts,8712625
2026-07-05T20:01:18.953114,2026-07-05T20:01:18.964963+00:00,166.8,50,bid,FlawlessFlatbreads,DiligentDonuts,8712628
2026-07-05T20:01:19.252359,2026-07-05T20:01:19.264198+00:00,166.3,41,ask,DiligentDonuts,CostlyCorianders,8712632
2026-07-05T20:01:23.216474,2026-07-05T20:01:23.228265+00:00,166.5,50,ask,DiligentDonuts,FlawlessFlatbreads,8712684
2026-07-05T20:01:23.800137,2026-07-05T20:01:23.812160+00:00,166.5,42,ask,DiligentDonuts,CostlyCorianders,8712689
2026-07-05T20:01:25.325802,2026-07-05T20:01:25.336216+00:00,166.5,8,ask,DiligentDonuts,FlawlessFlatbreads,8712712
2026-07-05T20:01:25.325802,2026-07-05T20:01:25.336216+00:00,166.4,8,ask,Zhangyue Shen,FlawlessFlatbreads,8712713
2026-07-05T20:01:25.325802,2026-07-05T20:01:25.336216+00:00,166.4,34,ask,EarnestEspressos,FlawlessFlatbreads,8712714
2026-07-05T20:01:27.434273,2026-07-05T20:01:27.444342+00:00,166.2,50,ask,DiligentDonuts,FlawlessFlatbreads,8712743
2026-07-05T20:01:29.541395,2026-07-05T20:01:29.552917+00:00,166.3,50,ask,EarnestEspressos,FlawlessFlatbreads,8712762
2026-07-05T20:01:29.809706,2026-07-05T20:01:29.818197+00:00,166.5,11,bid,Xuanyu Liu,DiligentDonuts,8712768
2026-07-05T20:01:30.222333,2026-07-05T20:01:30.231174+00:00,166.5,11,bid,Xuanyu Liu,DiligentDonuts,8712776
2026-07-05T20:01:31.650412,2026-07-05T20:01:31.658553+00:00,166.4,8,ask,Zhangyue Shen,FlawlessFlatbreads,8712796
2026-07-05T20:01:31.650412,2026-07-05T20:01:31.658553+00:00,166.1,42,ask,EarnestEspressos,FlawlessFlatbreads,8712797
2026-07-05T20:01:31.666351,2026-07-05T20:01:31.677948+00:00,166.5,46,bid,CostlyCorianders,DiligentDonuts,8712798
2026-07-05T20:01:35.049944,2026-07-05T20:01:35.061817+00:00,166.1,8,ask,Zhangyue Shen,Xuanyu Liu,8712850
2026-07-05T20:01:35.766041,2026-07-05T20:01:35.777682+00:00,166.2,48,bid,CostlyCorianders,EarnestEspressos,8712866
2026-07-05T20:01:37.707382,2026-07-05T20:01:37.719035+00:00,166.2,41,bid,CostlyCorianders,DiligentDonuts,8712899
2026-07-05T20:01:37.917283,2026-07-05T20:01:37.928974+00:00,166.2,50,bid,FlawlessFlatbreads,DiligentDonuts,8712905
2026-07-05T20:01:40.023601,2026-07-05T20:01:40.035183+00:00,166.2,50,bid,FlawlessFlatbreads,EarnestEspressos,8712933
2026-07-05T20:01:41.806234,2026-07-05T20:01:41.818728+00:00,166.1,3,ask,DiligentDonuts,Xuanyu Liu,8712951
2026-07-05T20:01:42.128506,2026-07-05T20:01:42.139511+00:00,166.4,50,bid,FlawlessFlatbreads,EarnestEspressos,8712956
2026-07-05T20:01:44.213616,2026-07-05T20:01:44.222868+00:00,166.1,23,ask,DiligentDonuts,Xuanyu Liu,8712980
2026-07-05T20:01:46.338786,2026-07-05T20:01:46.358586+00:00,166.3,50,bid,FlawlessFlatbreads,DiligentDonuts,8713006
2026-07-05T20:01:48.500608,2026-07-05T20:01:48.512522+00:00,166.2,50,ask,EarnestEspressos,FlawlessFlatbreads,8713031
2026-07-05T20:01:50.411394,2026-07-05T20:01:50.423053+00:00,166.2,41,ask,DiligentDonuts,CostlyCorianders,8713046
2026-07-05T20:01:50.556937,2026-07-05T20:01:50.568964+00:00,166.5,8,bid,FlawlessFlatbreads,Zhangyue Shen,8713049
2026-07-05T20:01:50.556937,2026-07-05T20:01:50.568964+00:00,166.5,42,bid,FlawlessFlatbreads,EarnestEspressos,8713050
2026-07-05T20:01:51.044824,2026-07-05T20:01:51.058575+00:00,166.2,48,ask,DiligentDonuts,CostlyCorianders,8713060
2026-07-05T20:01:51.513326,2026-07-05T20:01:51.525333+00:00,166.5,45,bid,CostlyCorianders,EarnestEspressos,8713063
2026-07-05T20:01:52.666384,2026-07-05T20:01:52.677954+00:00,166.5,50,bid,FlawlessFlatbreads,EarnestEspressos,8713075
2026-07-05T20:01:52.700431,2026-07-05T20:01:52.711158+00:00,166.5,13,bid,CostlyCorianders,EarnestEspressos,8713076
2026-07-05T20:01:52.806408,2026-07-05T20:01:52.818391+00:00,166.6,100,bid,EarnestEspressos,DiligentDonuts,8713077
2026-07-05T20:01:52.806408,2026-07-05T20:01:52.818391+00:00,166.6,8,bid,EarnestEspressos,Zhangyue Shen,8713078
2026-07-05T20:01:52.876172,2026-07-05T20:01:52.884571+00:00,166.6,11,ask,EarnestEspressos,Xuanyu Liu,8713083
2026-07-05T20:01:54.774068,2026-07-05T20:01:54.784957+00:00,166.7,8,bid,FlawlessFlatbreads,Zhangyue Shen,8713119
2026-07-05T20:01:54.774068,2026-07-05T20:01:54.784957+00:00,166.8,42,bid,FlawlessFlatbreads,DiligentDonuts,8713120
2026-07-05T20:01:56.193954,2026-07-05T20:01:56.205562+00:00,166.3,44,ask,DiligentDonuts,CostlyCorianders,8713142
2026-07-05T20:01:56.750470,2026-07-05T20:01:56.758574+00:00,166.3,44,ask,DiligentDonuts,CostlyCorianders,8713154
2026-07-05T20:01:56.881723,2026-07-05T20:01:56.893586+00:00,166.6,50,bid,FlawlessFlatbreads,EarnestEspressos,8713157
2026-07-05T20:01:58.204156,2026-07-05T20:01:58.216034+00:00,166.6,42,bid,CostlyCorianders,EarnestEspressos,8713182
2026-07-05T20:01:59.010206,2026-07-05T20:01:59.018831+00:00,166.6,50,bid,FlawlessFlatbreads,EarnestEspressos,8713188
2026-07-05T20:01:59.139434,2026-07-05T20:01:59.158588+00:00,166.7,100,bid,EarnestEspressos,DiligentDonuts,8713191
2026-07-05T20:02:01.072210,2026-07-05T20:02:01.083930+00:00,166.7,41,ask,DiligentDonuts,FlawlessFlatbreads,8713223
2026-07-05T20:02:01.169606,2026-07-05T20:02:01.178550+00:00,166.7,9,ask,EarnestEspressos,FlawlessFlatbreads,8713224
2026-07-05T20:02:01.169606,2026-07-05T20:02:01.183508+00:00,166.7,41,ask,EarnestEspressos,CostlyCorianders,8713225
2026-07-05T20:02:02.353150,2026-07-05T20:02:02.358566+00:00,166.7,59,ask,DiligentDonuts,EarnestEspressos,8713234
2026-07-05T20:02:05.382776,2026-07-05T20:02:05.392672+00:00,166.3,8,ask,Zhangyue Shen,FlawlessFlatbreads,8713269
2026-07-05T20:02:05.382776,2026-07-05T20:02:05.392672+00:00,166.3,42,ask,DiligentDonuts,FlawlessFlatbreads,8713270
2026-07-05T20:02:07.493044,2026-07-05T20:02:07.506363+00:00,166.5,50,ask,EarnestEspressos,FlawlessFlatbreads,8713302
2026-07-05T20:02:09.601040,2026-07-05T20:02:09.607343+00:00,166.3,50,ask,EarnestEspressos,FlawlessFlatbreads,8713332
2026-07-05T20:02:10.992739,2026-07-05T20:02:11.004538+00:00,166.7,8,bid,CostlyCorianders,Zhangyue Shen,8713348
2026-07-05T20:02:10.992739,2026-07-05T20:02:11.004538+00:00,166.7,41,bid,CostlyCorianders,DiligentDonuts,8713349
2026-07-05T20:02:11.707889,2026-07-05T20:02:11.716312+00:00,166.3,50,ask,EarnestEspressos,FlawlessFlatbreads,8713365
2026-07-05T20:02:11.873229,2026-07-05T20:02:11.883859+00:00,166.3,11,bid,Xuanyu Liu,EarnestEspressos,8713366
2026-07-05T20:02:12.560997,2026-07-05T20:02:12.570159+00:00,166.3,12,bid,Xuanyu Liu,EarnestEspressos,8713377
2026-07-05T20:02:13.763528,2026-07-05T20:02:13.770285+00:00,166.3,50,bid,FlawlessFlatbreads,EarnestEspressos,8713390
2026-07-05T20:02:15.869400,2026-07-05T20:02:15.880890+00:00,166.4,50,bid,FlawlessFlatbreads,EarnestEspressos,8713410
2026-07-05T20:02:17.976026,2026-07-05T20:02:17.987875+00:00,166.4,50,bid,FlawlessFlatbreads,EarnestEspressos,8713438
2026-07-05T20:02:18.217826,2026-07-05T20:02:18.225648+00:00,166.1,47,ask,EarnestEspressos,CostlyCorianders,8713442
2026-07-05T20:02:19.628534,2026-07-05T20:02:19.637230+00:00,166.1,12,ask,EarnestEspressos,Xuanyu Liu,8713456
2026-07-05T20:02:20.084199,2026-07-05T20:02:20.095930+00:00,166.3,50,bid,FlawlessFlatbreads,DiligentDonuts,8713461
2026-07-05T20:02:20.599951,2026-07-05T20:02:20.610959+00:00,166.3,40,bid,CostlyCorianders,DiligentDonuts,8713467
2026-07-05T20:02:22.191516,2026-07-05T20:02:22.203374+00:00,166.3,10,bid,FlawlessFlatbreads,DiligentDonuts,8713491
2026-07-05T20:02:22.191516,2026-07-05T20:02:22.203374+00:00,166.3,40,bid,FlawlessFlatbreads,EarnestEspressos,8713492
2026-07-05T20:02:22.308804,2026-07-05T20:02:22.320410+00:00,166.0,8,ask,Zhangyue Shen,CostlyCorianders,8713495
2026-07-05T20:02:22.308804,2026-07-05T20:02:22.320410+00:00,165.8,40,ask,DiligentDonuts,CostlyCorianders,8713496
2026-07-05T20:02:23.492390,2026-07-05T20:02:23.504068+00:00,166.3,41,bid,CostlyCorianders,EarnestEspressos,8713507
2026-07-05T20:02:24.300018,2026-07-05T20:02:24.303306+00:00,166.3,50,bid,FlawlessFlatbreads,EarnestEspressos,8713518
2026-07-05T20:02:24.458522,2026-07-05T20:02:24.468896+00:00,166.4,8,bid,EarnestEspressos,Zhangyue Shen,8713520
2026-07-05T20:02:24.461831,2026-07-05T20:02:24.468896+00:00,166.5,44,bid,CostlyCorianders,DiligentDonuts,8713521
2026-07-05T20:02:24.478147,2026-07-05T20:02:24.486871+00:00,166.4,23,ask,EarnestEspressos,Xuanyu Liu,8713523
2026-07-05T20:02:26.408459,2026-07-05T20:02:26.422866+00:00,166.8,8,bid,FlawlessFlatbreads,Zhangyue Shen,8713546
2026-07-05T20:02:26.408459,2026-07-05T20:02:26.422866+00:00,166.8,42,bid,FlawlessFlatbreads,DiligentDonuts,8713547
2026-07-05T20:02:27.517412,2026-07-05T20:02:27.526094+00:00,166.4,11,ask,EarnestEspressos,Xuanyu Liu,8713557
2026-07-05T20:02:28.516410,2026-07-05T20:02:28.528340+00:00,166.6,8,bid,FlawlessFlatbreads,Zhangyue Shen,8713582
2026-07-05T20:02:28.516410,2026-07-05T20:02:28.528340+00:00,166.7,42,bid,FlawlessFlatbreads,EarnestEspressos,8713583
2026-07-05T20:02:30.624768,2026-07-05T20:02:30.636357+00:00,166.7,50,bid,FlawlessFlatbreads,EarnestEspressos,8713616
2026-07-05T20:02:30.752545,2026-07-05T20:02:30.760644+00:00,166.5,43,ask,DiligentDonuts,CostlyCorianders,8713618
2026-07-05T20:02:30.800371,2026-07-05T20:02:30.822862+00:00,166.7,8,bid,EarnestEspressos,Zhangyue Shen,8713619
2026-07-05T20:02:30.813324,2026-07-05T20:02:30.822862+00:00,166.9,3,ask,EarnestEspressos,Xuanyu Liu,8713620
2026-07-05T20:02:30.848628,2026-07-05T20:02:30.858308+00:00,166.9,8,ask,EarnestEspressos,Zhangyue Shen,8713622
2026-07-05T20:02:31.917890,2026-07-05T20:02:31.927114+00:00,167.0,46,bid,CostlyCorianders,DiligentDonuts,8713636
2026-07-05T20:02:32.361624,2026-07-05T20:02:32.369102+00:00,166.9,3,ask,EarnestEspressos,Zhangyue Shen,8713641
2026-07-05T20:02:32.902369,2026-07-05T20:02:32.912487+00:00,166.9,3,ask,EarnestEspressos,Zhangyue Shen,8713645
2026-07-05T20:02:33.163309,2026-07-05T20:02:33.175087+00:00,166.9,3,ask,EarnestEspressos,Zhangyue Shen,8713652
2026-07-05T20:02:33.424482,2026-07-05T20:02:33.436011+00:00,166.9,3,ask,EarnestEspressos,Zhangyue Shen,8713654
2026-07-05T20:02:33.533518,2026-07-05T20:02:33.540208+00:00,166.9,47,ask,EarnestEspressos,CostlyCorianders,8713657
2026-07-05T20:02:34.451338,2026-07-05T20:02:34.457774+00:00,166.8,3,ask,DiligentDonuts,Zhangyue Shen,8713663
2026-07-05T20:02:34.738292,2026-07-05T20:02:34.746719+00:00,166.8,3,ask,DiligentDonuts,Zhangyue Shen,8713669
2026-07-05T20:02:36.993875,2026-07-05T20:02:37.005412+00:00,166.6,50,ask,EarnestEspressos,FlawlessFlatbreads,8713703
2026-07-05T20:02:37.319453,2026-07-05T20:02:37.331014+00:00,166.9,8,bid,CostlyCorianders,Zhangyue Shen,8713713
2026-07-05T20:02:37.319453,2026-07-05T20:02:37.331014+00:00,166.9,41,bid,CostlyCorianders,EarnestEspressos,8713714
2026-07-05T20:02:38.000167,2026-07-05T20:02:38.009831+00:00,166.9,14,bid,Xuanyu Liu,EarnestEspressos,8713725
2026-07-05T20:02:38.738135,2026-07-05T20:02:38.749712+00:00,166.9,95,bid,DiligentDonuts,EarnestEspressos,8713739
2026-07-05T20:02:38.738135,2026-07-05T20:02:38.749712+00:00,167.0,5,bid,DiligentDonuts,Zhangyue Shen,8713740
2026-07-05T20:02:39.102908,2026-07-05T20:02:39.111737+00:00,166.6,8,ask,Zhangyue Shen,FlawlessFlatbreads,8713750
2026-07-05T20:02:39.102908,2026-07-05T20:02:39.111737+00:00,166.4,42,ask,EarnestEspressos,FlawlessFlatbreads,8713751
2026-07-05T20:02:40.302889,2026-07-05T20:02:40.310010+00:00,167.0,8,bid,EarnestEspressos,Zhangyue Shen,8713766
2026-07-05T20:02:40.316278,2026-07-05T20:02:40.333585+00:00,167.1,11,ask,EarnestEspressos,Xuanyu Liu,8713767
2026-07-05T20:02:40.337069,2026-07-05T20:02:40.348820+00:00,167.1,3,ask,EarnestEspressos,Xuanyu Liu,8713769
2026-07-05T20:02:40.622910,2026-07-05T20:02:40.642389+00:00,167.1,3,ask,EarnestEspressos,Zhangyue Shen,8713775
2026-07-05T20:02:40.633489,2026-07-05T20:02:40.642389+00:00,167.1,3,ask,EarnestEspressos,Zhangyue Shen,8713777
2026-07-05T20:02:40.900047,2026-07-05T20:02:40.911577+00:00,167.1,3,ask,EarnestEspressos,Zhangyue Shen,8713785
2026-07-05T20:02:41.161225,2026-07-05T20:02:41.172785+00:00,167.1,3,ask,EarnestEspressos,Zhangyue Shen,8713787
2026-07-05T20:02:41.212023,2026-07-05T20:02:41.223567+00:00,167.1,50,ask,EarnestEspressos,FlawlessFlatbreads,8713790
2026-07-05T20:02:41.422663,2026-07-05T20:02:41.434316+00:00,167.1,3,ask,EarnestEspressos,Zhangyue Shen,8713796
2026-07-05T20:02:41.682305,2026-07-05T20:02:41.689419+00:00,167.1,3,ask,EarnestEspressos,Zhangyue Shen,8713798
2026-07-05T20:02:41.942656,2026-07-05T20:02:41.950814+00:00,167.1,3,ask,EarnestEspressos,Zhangyue Shen,8713803
2026-07-05T20:02:41.955038,2026-07-05T20:02:41.955980+00:00,167.1,57,ask,EarnestEspressos,DiligentDonuts,8713806
2026-07-05T20:02:43.093801,2026-07-05T20:02:43.105879+00:00,166.6,44,ask,DiligentDonuts,CostlyCorianders,8713817
2026-07-05T20:02:43.319940,2026-07-05T20:02:43.329233+00:00,166.6,50,ask,DiligentDonuts,FlawlessFlatbreads,8713820
2026-07-05T20:02:44.008343,2026-07-05T20:02:44.016648+00:00,167.1,3,bid,Xuanyu Liu,DiligentDonuts,8713825
2026-07-05T20:02:45.427157,2026-07-05T20:02:45.438695+00:00,166.7,50,ask,DiligentDonuts,FlawlessFlatbreads,8713844
2026-07-05T20:02:47.193272,2026-07-05T20:02:47.201592+00:00,167.2,11,bid,Xuanyu Liu,DiligentDonuts,8713861
2026-07-05T20:02:47.909060,2026-07-05T20:02:47.920905+00:00,166.8,8,ask,Zhangyue Shen,CostlyCorianders,8713870
2026-07-05T20:02:49.587927,2026-07-05T20:02:49.594999+00:00,167.2,50,bid,FlawlessFlatbreads,EarnestEspressos,8713891
2026-07-05T20:02:49.740183,2026-07-05T20:02:49.747137+00:00,167.2,47,bid,CostlyCorianders,EarnestEspressos,8713892
2026-07-05T20:02:51.458674,2026-07-05T20:02:51.470369+00:00,166.9,100,ask,EarnestEspressos,DiligentDonuts,8713923
2026-07-05T20:02:53.576421,2026-07-05T20:02:53.585674+00:00,166.7,8,ask,Zhangyue Shen,CostlyCorianders,8713943
2026-07-05T20:02:53.576421,2026-07-05T20:02:53.590695+00:00,166.6,33,ask,EarnestEspressos,CostlyCorianders,8713944
2026-07-05T20:02:53.862679,2026-07-05T20:02:53.874503+00:00,166.6,50,ask,EarnestEspressos,FlawlessFlatbreads,8713948
2026-07-05T20:02:54.711719,2026-07-05T20:02:54.719410+00:00,166.8,42,ask,DiligentDonuts,CostlyCorianders,8713958
2026-07-05T20:02:56.190005,2026-07-05T20:02:56.201489+00:00,166.8,58,ask,DiligentDonuts,EarnestEspressos,8713976
2026-07-05T20:02:56.202780,2026-07-05T20:02:56.211684+00:00,166.7,23,bid,Xuanyu Liu,EarnestEspressos,8713977
2026-07-05T20:02:57.303024,2026-07-05T20:02:57.315008+00:00,166.7,12,bid,Xuanyu Liu,EarnestEspressos,8713996
2026-07-05T20:02:57.808485,2026-07-05T20:02:57.817502+00:00,166.7,8,bid,Zhangyue Shen,EarnestEspressos,8713999
2026-07-05T20:02:58.023007,2026-07-05T20:02:58.034651+00:00,166.7,49,bid,FlawlessFlatbreads,EarnestEspressos,8714003
2026-07-05T20:02:58.023007,2026-07-05T20:02:58.034651+00:00,167.1,1,bid,FlawlessFlatbreads,DiligentDonuts,8714004
2026-07-05T20:02:59.308219,2026-07-05T20:02:59.317420+00:00,166.9,12,ask,EarnestEspressos,Xuanyu Liu,8714021
2026-07-05T20:02:59.832255,2026-07-05T20:02:59.843662+00:00,167.1,45,bid,CostlyCorianders,DiligentDonuts,8714032
2026-07-05T20:03:00.131947,2026-07-05T20:03:00.143516+00:00,167.1,50,bid,FlawlessFlatbreads,DiligentDonuts,8714042
2026-07-05T20:03:02.241563,2026-07-05T20:03:02.252842+00:00,167.1,8,bid,FlawlessFlatbreads,Zhangyue Shen,8714067
2026-07-05T20:03:02.241563,2026-07-05T20:03:02.252842+00:00,167.4,42,bid,FlawlessFlatbreads,EarnestEspressos,8714068
2026-07-05T20:03:02.471376,2026-07-05T20:03:02.480826+00:00,167.1,23,ask,EarnestEspressos,Xuanyu Liu,8714074
2026-07-05T20:03:04.354126,2026-07-05T20:03:04.365979+00:00,167.2,50,bid,FlawlessFlatbreads,DiligentDonuts,8714096
2026-07-05T20:03:05.045431,2026-07-05T20:03:05.058578+00:00,167.1,48,ask,EarnestEspressos,CostlyCorianders,8714107
2026-07-05T20:03:06.476770,2026-07-05T20:03:06.488834+00:00,167.1,8,bid,FlawlessFlatbreads,Zhangyue Shen,8714123
2026-07-05T20:03:06.476770,2026-07-05T20:03:06.488834+00:00,167.2,42,bid,FlawlessFlatbreads,DiligentDonuts,8714124
2026-07-05T20:03:08.150025,2026-07-05T20:03:08.158559+00:00,167.2,40,bid,CostlyCorianders,EarnestEspressos,8714153
2026-07-05T20:03:08.588367,2026-07-05T20:03:08.599946+00:00,167.2,50,bid,FlawlessFlatbreads,EarnestEspressos,8714162
2026-07-05T20:03:10.696027,2026-07-05T20:03:10.707972+00:00,167.3,8,bid,FlawlessFlatbreads,Zhangyue Shen,8714191
2026-07-05T20:03:10.696027,2026-07-05T20:03:10.707972+00:00,167.6,42,bid,FlawlessFlatbreads,EarnestEspressos,8714192
2026-07-05T20:03:10.813183,2026-07-05T20:03:10.821991+00:00,167.1,14,ask,EarnestEspressos,Xuanyu Liu,8714193
2026-07-05T20:03:12.805296,2026-07-05T20:03:12.816668+00:00,167.2,3,bid,FlawlessFlatbreads,Zhangyue Shen,8714215
2026-07-05T20:03:12.805296,2026-07-05T20:03:12.816668+00:00,167.3,47,bid,FlawlessFlatbreads,EarnestEspressos,8714216
2026-07-05T20:03:13.439527,2026-07-05T20:03:13.447319+00:00,167.1,3,ask,DiligentDonuts,Xuanyu Liu,8714225
2026-07-05T20:03:14.759591,2026-07-05T20:03:14.768655+00:00,167.1,3,bid,Xuanyu Liu,DiligentDonuts,8714240
2026-07-05T20:03:15.115696,2026-07-05T20:03:15.127147+00:00,167.1,97,bid,EarnestEspressos,DiligentDonuts,8714245
2026-07-05T20:03:17.043212,2026-07-05T20:03:17.058605+00:00,167.5,50,bid,FlawlessFlatbreads,DiligentDonuts,8714265
2026-07-05T20:03:19.151585,2026-07-05T20:03:19.158578+00:00,167.2,50,bid,FlawlessFlatbreads,EarnestEspressos,8714286
2026-07-05T20:03:19.860501,2026-07-05T20:03:19.871937+00:00,167.2,100,bid,DiligentDonuts,EarnestEspressos,8714291
2026-07-05T20:03:21.259974,2026-07-05T20:03:21.270789+00:00,167.9,50,bid,FlawlessFlatbreads,DiligentDonuts,8714303
2026-07-05T20:03:21.459644,2026-07-05T20:03:21.472528+00:00,167.4,3,ask,EarnestEspressos,Xuanyu Liu,8714307
2026-07-05T20:03:23.267165,2026-07-05T20:03:23.278735+00:00,167.4,47,ask,EarnestEspressos,CostlyCorianders,8714333
2026-07-05T20:03:24.880225,2026-07-05T20:03:24.887316+00:00,167.7,41,bid,CostlyCorianders,DiligentDonuts,8714352
2026-07-05T20:03:25.458323,2026-07-05T20:03:25.469795+00:00,167.2,41,ask,DiligentDonuts,CostlyCorianders,8714364
2026-07-05T20:03:25.472964,2026-07-05T20:03:25.484369+00:00,167.7,50,bid,FlawlessFlatbreads,DiligentDonuts,8714365
2026-07-05T20:03:27.629790,2026-07-05T20:03:27.641237+00:00,167.2,50,ask,EarnestEspressos,FlawlessFlatbreads,8714381
2026-07-05T20:03:28.846134,2026-07-05T20:03:28.863974+00:00,167.2,49,ask,DiligentDonuts,CostlyCorianders,8714402
2026-07-05T20:03:29.737515,2026-07-05T20:03:29.749371+00:00,167.1,50,ask,DiligentDonuts,FlawlessFlatbreads,8714404
2026-07-05T20:03:30.369804,2026-07-05T20:03:30.381445+00:00,167.4,43,bid,CostlyCorianders,EarnestEspressos,8714411
2026-07-05T20:03:31.793325,2026-07-05T20:03:31.802049+00:00,167.6,50,bid,FlawlessFlatbreads,DiligentDonuts,8714430
2026-07-05T20:03:32.969742,2026-07-05T20:03:32.976627+00:00,167.1,44,ask,EarnestEspressos,CostlyCorianders,8714440
2026-07-05T20:03:33.899409,2026-07-05T20:03:33.915120+00:00,167.6,50,bid,FlawlessFlatbreads,EarnestEspressos,8714454
2026-07-05T20:03:35.737196,2026-07-05T20:03:35.744774+00:00,167.3,11,ask,EarnestEspressos,Xuanyu Liu,8714475
2026-07-05T20:03:36.006073,2026-07-05T20:03:36.017944+00:00,167.5,50,bid,FlawlessFlatbreads,DiligentDonuts,8714482
2026-07-05T20:03:36.713596,2026-07-05T20:03:36.725095+00:00,167.3,43,ask,EarnestEspressos,CostlyCorianders,8714491
2026-07-05T20:03:38.113807,2026-07-05T20:03:38.125386+00:00,167.3,50,bid,FlawlessFlatbreads,EarnestEspressos,8714501
2026-07-05T20:03:38.832000,2026-07-05T20:03:38.844002+00:00,167.3,49,bid,CostlyCorianders,EarnestEspressos,8714517
2026-07-05T20:03:39.920811,2026-07-05T20:03:39.932225+00:00,167.2,48,ask,DiligentDonuts,CostlyCorianders,8714534
2026-07-05T20:03:40.221792,2026-07-05T20:03:40.229989+00:00,167.3,50,bid,FlawlessFlatbreads,EarnestEspressos,8714539
2026-07-05T20:03:42.327159,2026-07-05T20:03:42.338759+00:00,167.5,50,bid,FlawlessFlatbreads,DiligentDonuts,8714570
2026-07-05T20:03:43.170109,2026-07-05T20:03:43.177706+00:00,167.3,12,ask,EarnestEspressos,Xuanyu Liu,8714578
2026-07-05T20:03:43.316941,2026-07-05T20:03:43.328734+00:00,167.3,46,ask,EarnestEspressos,CostlyCorianders,8714585
2026-07-05T20:03:43.654629,2026-07-05T20:03:43.663330+00:00,167.2,12,bid,Xuanyu Liu,EarnestEspressos,8714589
2026-07-05T20:03:44.434801,2026-07-05T20:03:44.443945+00:00,167.2,50,bid,FlawlessFlatbreads,EarnestEspressos,8714602
2026-07-05T20:03:46.242890,2026-07-05T20:03:46.251203+00:00,166.9,12,ask,DiligentDonuts,Xuanyu Liu,8714629
2026-07-05T20:03:46.541072,2026-07-05T20:03:46.552857+00:00,167.2,50,bid,FlawlessFlatbreads,EarnestEspressos,8714634
2026-07-05T20:03:46.759627,2026-07-05T20:03:46.770716+00:00,167.1,23,ask,EarnestEspressos,Xuanyu Liu,8714636
2026-07-05T20:03:48.700210,2026-07-05T20:03:48.711546+00:00,167.1,50,ask,EarnestEspressos,FlawlessFlatbreads,8714660
2026-07-05T20:03:50.745986,2026-07-05T20:03:50.757830+00:00,167.3,48,bid,CostlyCorianders,DiligentDonuts,8714681
2026-07-05T20:03:50.805614,2026-07-05T20:03:50.817493+00:00,166.9,50,ask,EarnestEspressos,FlawlessFlatbreads,8714682
2026-07-05T20:03:52.924525,2026-07-05T20:03:52.937034+00:00,166.9,50,ask,EarnestEspressos,FlawlessFlatbreads,8714714
2026-07-05T20:03:53.134464,2026-07-05T20:03:53.146106+00:00,166.8,100,ask,DiligentDonuts,EarnestEspressos,8714717
2026-07-05T20:03:53.147466,2026-07-05T20:03:53.156872+00:00,166.7,12,bid,Xuanyu Liu,EarnestEspressos,8714718
2026-07-05T20:03:55.031249,2026-07-05T20:03:55.042700+00:00,166.3,50,ask,DiligentDonuts,FlawlessFlatbreads,8714745
2026-07-05T20:03:55.291373,2026-07-05T20:03:55.302821+00:00,166.7,38,bid,CostlyCorianders,EarnestEspressos,8714747
2026-07-05T20:03:55.291373,2026-07-05T20:03:55.302821+00:00,166.8,8,bid,CostlyCorianders,DiligentDonuts,8714748
2026-07-05T20:03:56.409140,2026-07-05T20:03:56.420750+00:00,166.7,47,ask,EarnestEspressos,CostlyCorianders,8714763
2026-07-05T20:03:57.145451,2026-07-05T20:03:57.158602+00:00,166.7,50,ask,EarnestEspressos,FlawlessFlatbreads,8714774
2026-07-05T20:03:57.951003,2026-07-05T20:03:57.958555+00:00,166.7,53,ask,EarnestEspressos,DiligentDonuts,8714781
2026-07-05T20:03:59.252447,2026-07-05T20:03:59.258599+00:00,166.1,50,ask,DiligentDonuts,FlawlessFlatbreads,8714803
2026-07-05T20:03:59.328568,2026-07-05T20:03:59.340303+00:00,166.6,44,bid,CostlyCorianders,DiligentDonuts,8714804
2026-07-05T20:04:01.380560,2026-07-05T20:04:01.392024+00:00,166.1,50,ask,DiligentDonuts,FlawlessFlatbreads,8714823
2026-07-05T20:04:01.934301,2026-07-05T20:04:01.944890+00:00,166.5,41,bid,CostlyCorianders,EarnestEspressos,8714829
2026-07-05T20:04:01.993676,2026-07-05T20:04:02.003574+00:00,166.5,23,bid,Xuanyu Liu,EarnestEspressos,8714830
2026-07-05T20:04:02.588504,2026-07-05T20:04:02.600281+00:00,166.6,100,bid,EarnestEspressos,DiligentDonuts,8714839
2026-07-05T20:04:03.085948,2026-07-05T20:04:03.097771+00:00,166.6,46,ask,EarnestEspressos,CostlyCorianders,8714845
2026-07-05T20:04:03.489209,2026-07-05T20:04:03.501219+00:00,166.6,4,ask,EarnestEspressos,FlawlessFlatbreads,8714852
2026-07-05T20:04:03.489209,2026-07-05T20:04:03.501219+00:00,166.3,8,ask,Zhangyue Shen,FlawlessFlatbreads,8714853
2026-07-05T20:04:03.489209,2026-07-05T20:04:03.501219+00:00,166.1,38,ask,DiligentDonuts,FlawlessFlatbreads,8714854
2026-07-05T20:04:05.618674,2026-07-05T20:04:05.630483+00:00,166.6,50,ask,DiligentDonuts,FlawlessFlatbreads,8714880
2026-07-05T20:04:05.739309,2026-07-05T20:04:05.749395+00:00,167.1,44,bid,CostlyCorianders,DiligentDonuts,8714883
2026-07-05T20:04:05.814669,2026-07-05T20:04:05.819774+00:00,166.7,11,bid,Xuanyu Liu,EarnestEspressos,8714885
2026-07-05T20:04:07.385279,2026-07-05T20:04:07.396899+00:00,166.7,100,bid,DiligentDonuts,EarnestEspressos,8714901
2026-07-05T20:04:07.406070,2026-07-05T20:04:07.417521+00:00,166.7,39,bid,CostlyCorianders,EarnestEspressos,8714902
2026-07-05T20:04:07.406070,2026-07-05T20:04:07.417521+00:00,166.8,7,bid,CostlyCorianders,Zhangyue Shen,8714903
2026-07-05T20:04:07.726362,2026-07-05T20:04:07.733176+00:00,166.4,8,ask,Zhangyue Shen,FlawlessFlatbreads,8714910
2026-07-05T20:04:07.726362,2026-07-05T20:04:07.733176+00:00,166.2,42,ask,EarnestEspressos,FlawlessFlatbreads,8714911
2026-07-05T20:04:09.792056,2026-07-05T20:04:09.804598+00:00,166.8,3,bid,Xuanyu Liu,Zhangyue Shen,8714936
2026-07-05T20:04:09.982649,2026-07-05T20:04:09.994259+00:00,166.6,44,ask,EarnestEspressos,CostlyCorianders,8714941
2026-07-05T20:04:11.904454,2026-07-05T20:04:11.911228+00:00,166.8,6,bid,FlawlessFlatbreads,Zhangyue Shen,8714965
2026-07-05T20:04:11.904454,2026-07-05T20:04:11.916657+00:00,167.0,44,bid,FlawlessFlatbreads,DiligentDonuts,8714966
2026-07-05T20:04:13.970130,2026-07-05T20:04:13.979611+00:00,167.1,42,bid,CostlyCorianders,DiligentDonuts,8715000
2026-07-05T20:04:14.042339,2026-07-05T20:04:14.050865+00:00,166.7,41,ask,EarnestEspressos,CostlyCorianders,8715001
2026-07-05T20:04:14.096043,2026-07-05T20:04:14.107667+00:00,166.7,50,ask,EarnestEspressos,FlawlessFlatbreads,8715003
2026-07-05T20:04:16.203525,2026-07-05T20:04:16.215309+00:00,166.6,50,ask,DiligentDonuts,FlawlessFlatbreads,8715027
2026-07-05T20:04:16.233492,2026-07-05T20:04:16.245344+00:00,167.1,48,bid,CostlyCorianders,DiligentDonuts,8715029
2026-07-05T20:04:18.338398,2026-07-05T20:04:18.346652+00:00,167.0,50,ask,DiligentDonuts,FlawlessFlatbreads,8715052
2026-07-05T20:04:18.459920,2026-07-05T20:04:18.471495+00:00,167.0,50,ask,DiligentDonuts,EarnestEspressos,8715057
2026-07-05T20:04:18.966770,2026-07-05T20:04:18.978436+00:00,166.5,41,ask,EarnestEspressos,CostlyCorianders,8715060
2026-07-05T20:04:20.394634,2026-07-05T20:04:20.406291+00:00,167.0,50,bid,FlawlessFlatbreads,EarnestEspressos,8715080
2026-07-05T20:04:21.236330,2026-07-05T20:04:21.248189+00:00,166.9,45,ask,DiligentDonuts,CostlyCorianders,8715095
2026-07-05T20:04:24.604923,2026-07-05T20:04:24.616548+00:00,167.1,50,bid,FlawlessFlatbreads,DiligentDonuts,8715143
2026-07-05T20:04:25.063236,2026-07-05T20:04:25.074631+00:00,167.1,41,bid,CostlyCorianders,DiligentDonuts,8715152
2026-07-05T20:04:28.018184,2026-07-05T20:04:28.029530+00:00,166.7,46,ask,DiligentDonuts,CostlyCorianders,8715195
2026-07-05T20:04:30.994592,2026-07-05T20:04:31.002128+00:00,166.6,50,ask,EarnestEspressos,FlawlessFlatbreads,8715223
2026-07-05T20:04:33.100227,2026-07-05T20:04:33.111681+00:00,166.5,8,ask,Zhangyue Shen,FlawlessFlatbreads,8715252
2026-07-05T20:04:33.100227,2026-07-05T20:04:33.111681+00:00,166.4,42,ask,EarnestEspressos,FlawlessFlatbreads,8715253
2026-07-05T20:04:33.862970,2026-07-05T20:04:33.874583+00:00,166.9,47,bid,CostlyCorianders,EarnestEspressos,8715260
2026-07-05T20:04:35.207259,2026-07-05T20:04:35.218795+00:00,166.4,50,ask,DiligentDonuts,FlawlessFlatbreads,8715274
2026-07-05T20:04:35.798190,2026-07-05T20:04:35.808487+00:00,166.8,46,bid,CostlyCorianders,EarnestEspressos,8715277
2026-07-05T20:04:36.711079,2026-07-05T20:04:36.721956+00:00,166.7,45,bid,CostlyCorianders,DiligentDonuts,8715287
2026-07-05T20:04:37.313026,2026-07-05T20:04:37.324511+00:00,166.3,50,ask,EarnestEspressos,FlawlessFlatbreads,8715297
2026-07-05T20:04:39.368429,2026-07-05T20:04:39.380099+00:00,166.7,50,bid,FlawlessFlatbreads,EarnestEspressos,8715333
2026-07-05T20:04:39.462987,2026-07-05T20:04:39.474474+00:00,166.3,8,ask,Zhangyue Shen,CostlyCorianders,8715335
2026-07-05T20:04:39.462987,2026-07-05T20:04:39.474474+00:00,166.3,40,ask,DiligentDonuts,CostlyCorianders,8715336
2026-07-05T20:04:40.648494,2026-07-05T20:04:40.658574+00:00,166.8,8,bid,CostlyCorianders,Zhangyue Shen,8715347
2026-07-05T20:04:40.648494,2026-07-05T20:04:40.658574+00:00,166.8,36,bid,CostlyCorianders,DiligentDonuts,8715348
2026-07-05T20:04:41.475729,2026-07-05T20:04:41.487312+00:00,166.8,50,bid,FlawlessFlatbreads,DiligentDonuts,8715361
2026-07-05T20:04:43.582545,2026-07-05T20:04:43.594126+00:00,166.8,8,bid,FlawlessFlatbreads,Zhangyue Shen,8715384
2026-07-05T20:04:43.582545,2026-07-05T20:04:43.594126+00:00,167.0,42,bid,FlawlessFlatbreads,EarnestEspressos,8715385
2026-07-05T20:04:44.750553,2026-07-05T20:04:44.758958+00:00,166.6,48,ask,EarnestEspressos,CostlyCorianders,8715405
2026-07-05T20:04:45.698198,2026-07-05T20:04:45.704995+00:00,166.6,46,ask,EarnestEspressos,CostlyCorianders,8715419
2026-07-05T20:04:45.743018,2026-07-05T20:04:45.758587+00:00,166.6,50,ask,EarnestEspressos,FlawlessFlatbreads,8715420
2026-07-05T20:04:46.930144,2026-07-05T20:04:46.937324+00:00,166.5,100,ask,DiligentDonuts,EarnestEspressos,8715429
2026-07-05T20:04:47.243228,2026-07-05T20:04:47.255226+00:00,166.5,45,bid,CostlyCorianders,EarnestEspressos,8715432
2026-07-05T20:04:49.955839,2026-07-05T20:04:49.967759+00:00,166.3,8,ask,Zhangyue Shen,FlawlessFlatbreads,8715472
2026-07-05T20:04:49.955839,2026-07-05T20:04:49.967759+00:00,166.2,42,ask,DiligentDonuts,FlawlessFlatbreads,8715473
2026-07-05T20:04:50.003920,2026-07-05T20:04:50.015696+00:00,166.2,43,ask,DiligentDonuts,CostlyCorianders,8715476
2026-07-05T20:04:50.549519,2026-07-05T20:04:50.552151+00:00,166.5,40,ask,EarnestEspressos,CostlyCorianders,8715483
2026-07-05T20:04:51.720821,2026-07-05T20:04:51.732562+00:00,166.5,100,ask,EarnestEspressos,DiligentDonuts,8715496
2026-07-05T20:04:52.066233,2026-07-05T20:04:52.074865+00:00,166.5,10,ask,EarnestEspressos,FlawlessFlatbreads,8715506
2026-07-05T20:04:52.066233,2026-07-05T20:04:52.074865+00:00,165.8,40,ask,DiligentDonuts,FlawlessFlatbreads,8715507
2026-07-05T20:04:54.173795,2026-07-05T20:04:54.185376+00:00,166.2,8,ask,Zhangyue Shen,FlawlessFlatbreads,8715533
2026-07-05T20:04:54.615929,2026-07-05T20:04:54.627638+00:00,166.4,47,bid,CostlyCorianders,EarnestEspressos,8715539
2026-07-05T20:04:55.146132,2026-07-05T20:04:55.158570+00:00,166.4,46,bid,CostlyCorianders,EarnestEspressos,8715548
2026-07-05T20:04:56.264005,2026-07-05T20:04:56.275848+00:00,166.4,41,bid,CostlyCorianders,EarnestEspressos,8715565
2026-07-05T20:04:56.281692,2026-07-05T20:04:56.293278+00:00,166.2,8,ask,Zhangyue Shen,FlawlessFlatbreads,8715566
2026-07-05T20:04:56.281692,2026-07-05T20:04:56.293278+00:00,166.0,42,ask,EarnestEspressos,FlawlessFlatbreads,8715567
2026-07-05T20:04:56.319314,2026-07-05T20:04:56.330997+00:00,165.9,40,ask,DiligentDonuts,CostlyCorianders,8715568
2026-07-05T20:04:56.846729,2026-07-05T20:04:56.858297+00:00,166.2,43,ask,EarnestEspressos,CostlyCorianders,8715574
2026-07-05T20:04:57.752580,2026-07-05T20:04:57.764142+00:00,166.4,48,bid,CostlyCorianders,DiligentDonuts,8715585
2026-07-05T20:04:58.390958,2026-07-05T20:04:58.395555+00:00,166.2,50,ask,EarnestEspressos,FlawlessFlatbreads,8715596
2026-07-05T20:05:00.497865,2026-07-05T20:05:00.509623+00:00,166.0,8,ask,Zhangyue Shen,FlawlessFlatbreads,8715622
2026-07-05T20:05:00.497865,2026-07-05T20:05:00.509623+00:00,165.9,42,ask,DiligentDonuts,FlawlessFlatbreads,8715623
2026-07-05T20:05:02.603933,2026-07-05T20:05:02.615540+00:00,165.8,8,ask,Zhangyue Shen,FlawlessFlatbreads,8715651
2026-07-05T20:05:02.603933,2026-07-05T20:05:02.615540+00:00,165.7,42,ask,EarnestEspressos,FlawlessFlatbreads,8715652
2026-07-05T20:05:02.759798,2026-07-05T20:05:02.771648+00:00,166.1,3,bid,Xuanyu Liu,EarnestEspressos,8715654
2026-07-05T20:05:04.714271,2026-07-05T20:05:04.725951+00:00,165.8,8,ask,Zhangyue Shen,FlawlessFlatbreads,8715682
2026-07-05T20:05:04.714271,2026-07-05T20:05:04.725951+00:00,165.6,42,ask,EarnestEspressos,FlawlessFlatbreads,8715683
2026-07-05T20:05:04.793257,2026-07-05T20:05:04.804898+00:00,166.1,42,bid,CostlyCorianders,EarnestEspressos,8715684
2026-07-05T20:05:06.482008,2026-07-05T20:05:06.493590+00:00,165.6,41,ask,DiligentDonuts,CostlyCorianders,8715705
2026-07-05T20:05:06.822130,2026-07-05T20:05:06.833949+00:00,165.6,50,ask,DiligentDonuts,FlawlessFlatbreads,8715709
2026-07-05T20:05:07.017990,2026-07-05T20:05:07.025788+00:00,166.0,42,bid,CostlyCorianders,EarnestEspressos,8715710
2026-07-05T20:05:07.554739,2026-07-05T20:05:07.575816+00:00,165.6,8,ask,Zhangyue Shen,DiligentDonuts,8715716
2026-07-05T20:05:07.567342,2026-07-05T20:05:07.575816+00:00,165.6,11,bid,Xuanyu Liu,DiligentDonuts,8715717
2026-07-05T20:05:07.650926,2026-07-05T20:05:07.659196+00:00,165.6,12,bid,Xuanyu Liu,DiligentDonuts,8715721
2026-07-05T20:05:07.961037,2026-07-05T20:05:07.969303+00:00,165.6,23,bid,Xuanyu Liu,DiligentDonuts,8715728
2026-07-05T20:05:08.931924,2026-07-05T20:05:08.943587+00:00,165.5,50,ask,EarnestEspressos,FlawlessFlatbreads,8715742
2026-07-05T20:05:09.333888,2026-07-05T20:05:09.345464+00:00,165.6,43,bid,CostlyCorianders,DiligentDonuts,8715755
2026-07-05T20:05:11.038308,2026-07-05T20:05:11.045726+00:00,165.7,8,ask,Zhangyue Shen,CostlyCorianders,8715775
2026-07-05T20:05:11.038308,2026-07-05T20:05:11.050782+00:00,165.6,41,ask,DiligentDonuts,CostlyCorianders,8715776
2026-07-05T20:05:11.043826,2026-07-05T20:05:11.050782+00:00,165.6,50,ask,DiligentDonuts,FlawlessFlatbreads,8715777
2026-07-05T20:05:12.100286,2026-07-05T20:05:12.112130+00:00,165.6,9,ask,DiligentDonuts,CostlyCorianders,8715795
2026-07-05T20:05:12.100286,2026-07-05T20:05:12.112130+00:00,165.3,40,ask,EarnestEspressos,CostlyCorianders,8715796
2026-07-05T20:05:13.149449,2026-07-05T20:05:13.157004+00:00,165.4,8,ask,Zhangyue Shen,FlawlessFlatbreads,8715809
2026-07-05T20:05:13.149449,2026-07-05T20:05:13.157004+00:00,165.3,42,ask,EarnestEspressos,FlawlessFlatbreads,8715810
2026-07-05T20:05:15.696296,2026-07-05T20:05:15.707883+00:00,165.6,8,ask,Zhangyue Shen,CostlyCorianders,8715837
2026-07-05T20:05:17.312655,2026-07-05T20:05:17.323230+00:00,165.7,50,bid,FlawlessFlatbreads,EarnestEspressos,8715855
2026-07-05T20:05:18.916279,2026-07-05T20:05:18.927779+00:00,165.7,43,bid,CostlyCorianders,DiligentDonuts,8715879
2026-07-05T20:05:19.426776,2026-07-05T20:05:19.434200+00:00,165.7,50,bid,FlawlessFlatbreads,DiligentDonuts,8715885
2026-07-05T20:05:21.148812,2026-07-05T20:05:21.155394+00:00,165.7,8,ask,Zhangyue Shen,CostlyCorianders,8715906
2026-07-05T20:05:21.148812,2026-07-05T20:05:21.155394+00:00,165.6,32,ask,DiligentDonuts,CostlyCorianders,8715907
2026-07-05T20:05:21.537081,2026-07-05T20:05:21.548505+00:00,165.8,50,bid,FlawlessFlatbreads,EarnestEspressos,8715916
2026-07-05T20:05:22.275277,2026-07-05T20:05:22.284877+00:00,166.1,47,bid,CostlyCorianders,DiligentDonuts,8715925
2026-07-05T20:05:22.329308,2026-07-05T20:05:22.340767+00:00,165.6,49,ask,DiligentDonuts,CostlyCorianders,8715927
2026-07-05T20:05:22.692225,2026-07-05T20:05:22.701117+00:00,165.7,8,ask,Zhangyue Shen,Xuanyu Liu,8715930
2026-07-05T20:05:23.646162,2026-07-05T20:05:23.658592+00:00,165.9,50,bid,FlawlessFlatbreads,DiligentDonuts,8715949
2026-07-05T20:05:23.910540,2026-07-05T20:05:23.922171+00:00,165.6,47,ask,EarnestEspressos,CostlyCorianders,8715952
2026-07-05T20:05:25.754475,2026-07-05T20:05:25.764930+00:00,165.7,50,bid,FlawlessFlatbreads,EarnestEspressos,8715973
2026-07-05T20:05:26.717236,2026-07-05T20:05:26.725233+00:00,165.7,8,bid,Zhangyue Shen,EarnestEspressos,8715987
2026-07-05T20:05:27.859496,2026-07-05T20:05:27.871000+00:00,165.7,50,bid,FlawlessFlatbreads,EarnestEspressos,8716000
2026-07-05T20:05:28.001713,2026-07-05T20:05:28.011381+00:00,165.8,4,ask,EarnestEspressos,Xuanyu Liu,8716002
2026-07-05T20:05:29.973657,2026-07-05T20:05:29.986421+00:00,166.1,50,bid,FlawlessFlatbreads,DiligentDonuts,8716029
2026-07-05T20:05:31.288892,2026-07-05T20:05:31.297754+00:00,165.9,8,ask,Zhangyue Shen,Xuanyu Liu,8716044
2026-07-05T20:05:32.084549,2026-07-05T20:05:32.096478+00:00,166.1,50,bid,FlawlessFlatbreads,DiligentDonuts,8716061
2026-07-05T20:05:32.797783,2026-07-05T20:05:32.809524+00:00,166.3,100,bid,DiligentDonuts,EarnestEspressos,8716073
2026-07-05T20:05:34.194765,2026-07-05T20:05:34.206626+00:00,166.3,50,bid,FlawlessFlatbreads,EarnestEspressos,8716091
2026-07-05T20:05:34.310652,2026-07-05T20:05:34.322211+00:00,166.4,8,bid,EarnestEspressos,Zhangyue Shen,8716092
2026-07-05T20:05:34.326524,2026-07-05T20:05:34.334979+00:00,166.7,29,ask,EarnestEspressos,Xuanyu Liu,8716095
2026-07-05T20:05:36.012193,2026-07-05T20:05:36.024037+00:00,166.7,100,ask,EarnestEspressos,DiligentDonuts,8716120
2026-07-05T20:05:36.351792,2026-07-05T20:05:36.358603+00:00,166.7,13,ask,EarnestEspressos,FlawlessFlatbreads,8716128
2026-07-05T20:05:37.491452,2026-07-05T20:05:37.499318+00:00,166.9,8,bid,CostlyCorianders,Zhangyue Shen,8716142
2026-07-05T20:05:38.458875,2026-07-05T20:05:38.469415+00:00,166.1,8,ask,Zhangyue Shen,FlawlessFlatbreads,8716154
2026-07-05T20:05:38.458875,2026-07-05T20:05:38.469415+00:00,166.0,42,ask,DiligentDonuts,FlawlessFlatbreads,8716155
2026-07-05T20:05:40.566929,2026-07-05T20:05:40.578915+00:00,166.1,50,ask,DiligentDonuts,FlawlessFlatbreads,8716180
2026-07-05T20:05:41.115411,2026-07-05T20:05:41.126984+00:00,166.6,41,bid,CostlyCorianders,DiligentDonuts,8716187
2026-07-05T20:05:42.675186,2026-07-05T20:05:42.684319+00:00,166.3,50,ask,DiligentDonuts,FlawlessFlatbreads,8716206
2026-07-05T20:05:44.782045,2026-07-05T20:05:44.793731+00:00,166.3,50,ask,DiligentDonuts,FlawlessFlatbreads,8716228
2026-07-05T20:05:45.504532,2026-07-05T20:05:45.513140+00:00,166.5,3,bid,Xuanyu Liu,DiligentDonuts,8716236
2026-07-05T20:05:46.837765,2026-07-05T20:05:46.849240+00:00,166.5,50,bid,FlawlessFlatbreads,DiligentDonuts,8716255
2026-07-05T20:05:47.251186,2026-07-05T20:05:47.258572+00:00,166.3,8,ask,Zhangyue Shen,CostlyCorianders,8716260
2026-07-05T20:05:47.251186,2026-07-05T20:05:47.258572+00:00,166.3,35,ask,EarnestEspressos,CostlyCorianders,8716261
2026-07-05T20:05:48.945955,2026-07-05T20:05:48.958567+00:00,166.6,50,bid,FlawlessFlatbreads,DiligentDonuts,8716277
2026-07-05T20:05:49.177031,2026-07-05T20:05:49.184341+00:00,166.6,47,bid,CostlyCorianders,DiligentDonuts,8716281
2026-07-05T20:05:50.793669,2026-07-05T20:05:50.801991+00:00,166.1,45,ask,DiligentDonuts,CostlyCorianders,8716296
2026-07-05T20:05:51.053072,2026-07-05T20:05:51.058541+00:00,166.5,50,bid,FlawlessFlatbreads,EarnestEspressos,8716306
2026-07-05T20:05:53.161500,2026-07-05T20:05:53.172879+00:00,166.5,50,bid,FlawlessFlatbreads,EarnestEspressos,8716343
2026-07-05T20:05:53.293186,2026-07-05T20:05:53.304998+00:00,166.7,100,bid,EarnestEspressos,DiligentDonuts,8716345
2026-07-05T20:05:53.293186,2026-07-05T20:05:53.304998+00:00,166.7,8,bid,EarnestEspressos,Zhangyue Shen,8716346
2026-07-05T20:05:54.656351,2026-07-05T20:05:54.667810+00:00,167.2,8,bid,CostlyCorianders,Zhangyue Shen,8716358
2026-07-05T20:05:54.656351,2026-07-05T20:05:54.667810+00:00,167.3,32,bid,CostlyCorianders,EarnestEspressos,8716359
2026-07-05T20:05:54.888181,2026-07-05T20:05:54.896882+00:00,166.8,3,ask,EarnestEspressos,Xuanyu Liu,8716364
2026-07-05T20:05:55.267841,2026-07-05T20:05:55.279895+00:00,167.2,8,bid,FlawlessFlatbreads,Zhangyue Shen,8716375
2026-07-05T20:05:55.267841,2026-07-05T20:05:55.279895+00:00,167.2,42,bid,FlawlessFlatbreads,DiligentDonuts,8716376
2026-07-05T20:05:56.089902,2026-07-05T20:05:56.102088+00:00,166.8,39,ask,EarnestEspressos,CostlyCorianders,8716381
2026-07-05T20:05:56.089902,2026-07-05T20:05:56.102088+00:00,166.7,5,ask,DiligentDonuts,CostlyCorianders,8716382
2026-07-05T20:05:56.524841,2026-07-05T20:05:56.536312+00:00,166.7,95,ask,DiligentDonuts,EarnestEspressos,8716391
2026-07-05T20:05:56.537515,2026-07-05T20:05:56.546421+00:00,166.6,3,bid,Xuanyu Liu,EarnestEspressos,8716392
2026-07-05T20:05:57.378845,2026-07-05T20:05:57.390583+00:00,166.6,50,bid,FlawlessFlatbreads,EarnestEspressos,8716402
2026-07-05T20:05:58.800077,2026-07-05T20:05:58.817751+00:00,166.6,2,bid,Xuanyu Liu,EarnestEspressos,8716421
2026-07-05T20:05:59.540401,2026-07-05T20:05:59.552437+00:00,166.5,50,ask,DiligentDonuts,FlawlessFlatbreads,8716437
2026-07-05T20:05:59.634505,2026-07-05T20:05:59.658154+00:00,166.8,8,bid,EarnestEspressos,Zhangyue Shen,8716439
2026-07-05T20:05:59.647522,2026-07-05T20:05:59.658154+00:00,166.9,2,ask,EarnestEspressos,Xuanyu Liu,8716440
2026-07-05T20:05:59.869372,2026-07-05T20:05:59.881308+00:00,167.0,44,bid,CostlyCorianders,DiligentDonuts,8716443
2026-07-05T20:06:00.075342,2026-07-05T20:06:00.082959+00:00,166.9,3,ask,EarnestEspressos,Xuanyu Liu,8716445
2026-07-05T20:06:01.415783,2026-07-05T20:06:01.427472+00:00,167.0,8,bid,CostlyCorianders,Zhangyue Shen,8716461
2026-07-05T20:06:01.415783,2026-07-05T20:06:01.427472+00:00,167.1,41,bid,CostlyCorianders,DiligentDonuts,8716462
2026-07-05T20:06:01.471450,2026-07-05T20:06:01.483058+00:00,166.9,44,ask,EarnestEspressos,CostlyCorianders,8716463
2026-07-05T20:06:01.649328,2026-07-05T20:06:01.658565+00:00,166.9,50,ask,EarnestEspressos,FlawlessFlatbreads,8716467
2026-07-05T20:06:03.042510,2026-07-05T20:06:03.053625+00:00,166.6,44,ask,DiligentDonuts,CostlyCorianders,8716483
2026-07-05T20:06:03.756898,2026-07-05T20:06:03.768783+00:00,166.6,50,ask,DiligentDonuts,FlawlessFlatbreads,8716488
2026-07-05T20:06:05.864703,2026-07-05T20:06:05.876512+00:00,166.4,50,ask,DiligentDonuts,FlawlessFlatbreads,8716505
2026-07-05T20:06:06.697607,2026-07-05T20:06:06.709059+00:00,166.7,8,bid,CostlyCorianders,Zhangyue Shen,8716519
2026-07-05T20:06:06.697607,2026-07-05T20:06:06.709059+00:00,166.8,33,bid,CostlyCorianders,EarnestEspressos,8716520
2026-07-05T20:06:07.241962,2026-07-05T20:06:07.253879+00:00,166.8,42,bid,CostlyCorianders,EarnestEspressos,8716529
2026-07-05T20:06:07.973941,2026-07-05T20:06:07.980610+00:00,166.4,8,ask,Zhangyue Shen,FlawlessFlatbreads,8716534
2026-07-05T20:06:07.973941,2026-07-05T20:06:07.985886+00:00,166.3,42,ask,EarnestEspressos,FlawlessFlatbreads,8716535
2026-07-05T20:06:08.341956,2026-07-05T20:06:08.363630+00:00,166.3,43,ask,EarnestEspressos,CostlyCorianders,8716540
2026-07-05T20:06:10.082926,2026-07-05T20:06:10.094393+00:00,166.5,50,ask,EarnestEspressos,FlawlessFlatbreads,8716567
2026-07-05T20:06:11.545053,2026-07-05T20:06:11.564696+00:00,166.5,48,ask,EarnestEspressos,CostlyCorianders,8716583
2026-07-05T20:06:12.201431,2026-07-05T20:06:12.209923+00:00,166.5,50,ask,EarnestEspressos,FlawlessFlatbreads,8716594
2026-07-05T20:06:12.353498,2026-07-05T20:06:12.365149+00:00,166.3,100,ask,DiligentDonuts,EarnestEspressos,8716595
2026-07-05T20:06:12.366500,2026-07-05T20:06:12.375276+00:00,166.2,49,bid,Xuanyu Liu,EarnestEspressos,8716596
2026-07-05T20:06:14.311304,2026-07-05T20:06:14.319641+00:00,166.0,8,ask,Zhangyue Shen,FlawlessFlatbreads,8716613
2026-07-05T20:06:14.311304,2026-07-05T20:06:14.319641+00:00,165.9,42,ask,DiligentDonuts,FlawlessFlatbreads,8716614
2026-07-05T20:06:14.813271,2026-07-05T20:06:14.825238+00:00,166.2,1,bid,CostlyCorianders,EarnestEspressos,8716620
2026-07-05T20:06:14.813271,2026-07-05T20:06:14.825238+00:00,166.4,41,bid,CostlyCorianders,DiligentDonuts,8716621
2026-07-05T20:06:16.419111,2026-07-05T20:06:16.430696+00:00,166.3,50,ask,EarnestEspressos,FlawlessFlatbreads,8716640
2026-07-05T20:06:17.273316,2026-07-05T20:06:17.284915+00:00,166.6,42,bid,CostlyCorianders,DiligentDonuts,8716648
2026-07-05T20:06:18.544421,2026-07-05T20:06:18.555438+00:00,166.4,8,ask,Zhangyue Shen,FlawlessFlatbreads,8716666
2026-07-05T20:06:18.544421,2026-07-05T20:06:18.555438+00:00,166.3,42,ask,EarnestEspressos,FlawlessFlatbreads,8716667
2026-07-05T20:06:19.777431,2026-07-05T20:06:19.788907+00:00,166.6,42,bid,CostlyCorianders,DiligentDonuts,8716682
2026-07-05T20:06:20.664353,2026-07-05T20:06:20.676175+00:00,166.2,8,ask,Zhangyue Shen,FlawlessFlatbreads,8716700
2026-07-05T20:06:20.664353,2026-07-05T20:06:20.676175+00:00,166.2,42,ask,DiligentDonuts,FlawlessFlatbreads,8716701
2026-07-05T20:06:20.922393,2026-07-05T20:06:20.931324+00:00,166.2,44,ask,DiligentDonuts,CostlyCorianders,8716706
2026-07-05T20:06:22.655293,2026-07-05T20:06:22.664102+00:00,166.4,40,bid,CostlyCorianders,EarnestEspressos,8716724
2026-07-05T20:06:22.772873,2026-07-05T20:06:22.784747+00:00,166.2,14,ask,DiligentDonuts,FlawlessFlatbreads,8716726
2026-07-05T20:06:22.772873,2026-07-05T20:06:22.784747+00:00,166.0,36,ask,EarnestEspressos,FlawlessFlatbreads,8716727
2026-07-05T20:06:24.912382,2026-07-05T20:06:24.921171+00:00,166.2,8,ask,Zhangyue Shen,FlawlessFlatbreads,8716752
2026-07-05T20:06:24.912382,2026-07-05T20:06:24.921171+00:00,166.0,42,ask,EarnestEspressos,FlawlessFlatbreads,8716753
2026-07-05T20:06:25.109272,2026-07-05T20:06:25.118026+00:00,166.1,11,bid,Xuanyu Liu,EarnestEspressos,8716758
2026-07-05T20:06:25.258232,2026-07-05T20:06:25.269727+00:00,165.9,8,ask,Zhangyue Shen,CostlyCorianders,8716765
2026-07-05T20:06:25.258232,2026-07-05T20:06:25.269727+00:00,165.8,41,ask,DiligentDonuts,CostlyCorianders,8716766
2026-07-05T20:06:27.727108,2026-07-05T20:06:27.734681+00:00,166.1,23,bid,Xuanyu Liu,EarnestEspressos,8716792
2026-07-05T20:06:29.077276,2026-07-05T20:06:29.086038+00:00,166.7,50,bid,FlawlessFlatbreads,EarnestEspressos,8716812
2026-07-05T20:06:30.613240,2026-07-05T20:06:30.625043+00:00,166.7,47,bid,CostlyCorianders,EarnestEspressos,8716835
2026-07-05T20:06:31.177588,2026-07-05T20:06:31.189439+00:00,166.3,41,ask,DiligentDonuts,CostlyCorianders,8716842
2026-07-05T20:06:31.238606,2026-07-05T20:06:31.250363+00:00,166.3,50,ask,DiligentDonuts,FlawlessFlatbreads,8716843
2026-07-05T20:06:31.659617,2026-07-05T20:06:31.667349+00:00,166.3,9,ask,DiligentDonuts,Xuanyu Liu,8716852
2026-07-05T20:06:32.745241,2026-07-05T20:06:32.756710+00:00,166.6,42,bid,CostlyCorianders,EarnestEspressos,8716866
2026-07-05T20:06:32.789473,2026-07-05T20:06:32.798505+00:00,166.1,3,ask,EarnestEspressos,Xuanyu Liu,8716868
2026-07-05T20:06:35.399422,2026-07-05T20:06:35.408429+00:00,166.2,50,bid,FlawlessFlatbreads,DiligentDonuts,8716892
2026-07-05T20:06:39.675558,2026-07-05T20:06:39.686973+00:00,166.1,50,ask,EarnestEspressos,FlawlessFlatbreads,8716949
2026-07-05T20:06:41.128000,2026-07-05T20:06:41.139451+00:00,165.8,47,ask,DiligentDonuts,CostlyCorianders,8716963
2026-07-05T20:06:41.782991,2026-07-05T20:06:41.795020+00:00,165.8,50,ask,DiligentDonuts,FlawlessFlatbreads,8716983
2026-07-05T20:06:43.322339,2026-07-05T20:06:43.333963+00:00,166.0,49,bid,CostlyCorianders,DiligentDonuts,8716993
2026-07-05T20:06:43.890660,2026-07-05T20:06:43.902597+00:00,165.8,50,ask,EarnestEspressos,FlawlessFlatbreads,8717007
2026-07-05T20:06:45.998675,2026-07-05T20:06:46.010225+00:00,165.5,50,ask,EarnestEspressos,FlawlessFlatbreads,8717026
2026-07-05T20:06:46.102586,2026-07-05T20:06:46.121414+00:00,165.9,12,bid,Xuanyu Liu,DiligentDonuts,8717029
2026-07-05T20:06:46.340841,2026-07-05T20:06:46.352844+00:00,165.5,47,ask,EarnestEspressos,CostlyCorianders,8717033
2026-07-05T20:06:47.202847,2026-07-05T20:06:47.212244+00:00,165.7,17,bid,Xuanyu Liu,EarnestEspressos,8717046
2026-07-05T20:06:47.317051,2026-07-05T20:06:47.324282+00:00,165.7,43,bid,CostlyCorianders,EarnestEspressos,8717052
2026-07-05T20:06:48.106574,2026-07-05T20:06:48.115906+00:00,165.4,50,ask,DiligentDonuts,FlawlessFlatbreads,8717060
2026-07-05T20:06:50.162385,2026-07-05T20:06:50.173931+00:00,165.7,50,bid,FlawlessFlatbreads,EarnestEspressos,8717090
2026-07-05T20:06:52.268360,2026-07-05T20:06:52.279368+00:00,166.0,50,bid,FlawlessFlatbreads,DiligentDonuts,8717117
2026-07-05T20:06:56.481584,2026-07-05T20:06:56.493069+00:00,166.1,50,bid,FlawlessFlatbreads,EarnestEspressos,8717184
2026-07-05T20:06:56.636529,2026-07-05T20:06:56.645319+00:00,165.8,6,ask,EarnestEspressos,Xuanyu Liu,8717186
2026-07-05T20:06:56.991997,2026-07-05T20:06:57.000553+00:00,165.8,11,ask,EarnestEspressos,Xuanyu Liu,8717192
2026-07-05T20:06:58.589120,2026-07-05T20:06:58.600668+00:00,166.0,50,bid,FlawlessFlatbreads,DiligentDonuts,8717217
2026-07-05T20:06:59.630544,2026-07-05T20:06:59.637616+00:00,166.0,41,bid,CostlyCorianders,DiligentDonuts,8717227
2026-07-05T20:07:00.697477,2026-07-05T20:07:00.709343+00:00,166.0,9,bid,FlawlessFlatbreads,DiligentDonuts,8717244
2026-07-05T20:07:00.697477,2026-07-05T20:07:00.709343+00:00,166.1,41,bid,FlawlessFlatbreads,EarnestEspressos,8717245
2026-07-05T20:07:01.712331,2026-07-05T20:07:01.723994+00:00,165.8,47,ask,DiligentDonuts,CostlyCorianders,8717257
2026-07-05T20:07:01.838101,2026-07-05T20:07:01.845968+00:00,165.8,12,ask,DiligentDonuts,Xuanyu Liu,8717260
2026-07-05T20:07:02.822186,2026-07-05T20:07:02.833613+00:00,166.1,50,bid,FlawlessFlatbreads,EarnestEspressos,8717271
2026-07-05T20:07:02.846155,2026-07-05T20:07:02.854268+00:00,165.8,41,ask,DiligentDonuts,CostlyCorianders,8717273
2026-07-05T20:07:02.846155,2026-07-05T20:07:02.854268+00:00,165.6,4,ask,EarnestEspressos,CostlyCorianders,8717274
2026-07-05T20:07:04.928957,2026-07-05T20:07:04.938867+00:00,166.0,50,bid,FlawlessFlatbreads,DiligentDonuts,8717295
2026-07-05T20:07:05.885077,2026-07-05T20:07:05.893339+00:00,165.8,40,ask,EarnestEspressos,CostlyCorianders,8717305
2026-07-05T20:07:06.926154,2026-07-05T20:07:06.937853+00:00,166.0,48,bid,CostlyCorianders,DiligentDonuts,8717316
2026-07-05T20:07:07.033848,2026-07-05T20:07:07.045458+00:00,166.0,2,bid,FlawlessFlatbreads,DiligentDonuts,8717318
2026-07-05T20:07:07.033848,2026-07-05T20:07:07.045458+00:00,166.2,48,bid,FlawlessFlatbreads,EarnestEspressos,8717319
2026-07-05T20:07:07.138688,2026-07-05T20:07:07.147480+00:00,165.8,11,ask,EarnestEspressos,Xuanyu Liu,8717324
2026-07-05T20:07:07.574120,2026-07-05T20:07:07.585726+00:00,166.2,40,bid,CostlyCorianders,EarnestEspressos,8717333
2026-07-05T20:07:09.142878,2026-07-05T20:07:09.154479+00:00,166.2,50,bid,FlawlessFlatbreads,EarnestEspressos,8717354
2026-07-05T20:07:09.295254,2026-07-05T20:07:09.304219+00:00,166.3,34,ask,EarnestEspressos,Xuanyu Liu,8717360
2026-07-05T20:07:11.254485,2026-07-05T20:07:11.263995+00:00,166.4,50,bid,FlawlessFlatbreads,DiligentDonuts,8717383
2026-07-05T20:07:13.360495,2026-07-05T20:07:13.371864+00:00,166.4,50,bid,FlawlessFlatbreads,DiligentDonuts,8717417
2026-07-05T20:07:15.465667,2026-07-05T20:07:15.477285+00:00,166.6,8,bid,FlawlessFlatbreads,Zhangyue Shen,8717458
2026-07-05T20:07:15.465667,2026-07-05T20:07:15.477285+00:00,166.7,42,bid,FlawlessFlatbreads,EarnestEspressos,8717459
2026-07-05T20:07:16.359700,2026-07-05T20:07:16.369079+00:00,166.5,12,ask,EarnestEspressos,Xuanyu Liu,8717469
2026-07-05T20:07:17.576674,2026-07-05T20:07:17.591097+00:00,166.7,50,bid,FlawlessFlatbreads,DiligentDonuts,8717485
2026-07-05T20:07:19.684489,2026-07-05T20:07:19.696100+00:00,166.7,50,bid,FlawlessFlatbreads,DiligentDonuts,8717521
2026-07-05T20:07:20.865749,2026-07-05T20:07:20.872929+00:00,166.5,48,ask,DiligentDonuts,CostlyCorianders,8717533
2026-07-05T20:07:21.790650,2026-07-05T20:07:21.801437+00:00,166.6,8,bid,FlawlessFlatbreads,Zhangyue Shen,8717548
2026-07-05T20:07:21.790650,2026-07-05T20:07:21.801437+00:00,166.9,42,bid,FlawlessFlatbreads,EarnestEspressos,8717549
2026-07-05T20:07:21.946389,2026-07-05T20:07:21.956355+00:00,166.6,11,ask,EarnestEspressos,Xuanyu Liu,8717553
2026-07-05T20:07:23.897470,2026-07-05T20:07:23.908983+00:00,166.8,8,bid,FlawlessFlatbreads,Zhangyue Shen,8717580
2026-07-05T20:07:23.897470,2026-07-05T20:07:23.908983+00:00,166.9,42,bid,FlawlessFlatbreads,DiligentDonuts,8717581
2026-07-05T20:07:26.033835,2026-07-05T20:07:26.040561+00:00,166.8,50,bid,FlawlessFlatbreads,EarnestEspressos,8717607
2026-07-05T20:07:27.469697,2026-07-05T20:07:27.478372+00:00,166.8,48,bid,CostlyCorianders,EarnestEspressos,8717630
2026-07-05T20:07:28.190993,2026-07-05T20:07:28.201176+00:00,166.5,50,ask,DiligentDonuts,FlawlessFlatbreads,8717637
2026-07-05T20:07:30.297445,2026-07-05T20:07:30.306955+00:00,166.6,50,ask,EarnestEspressos,FlawlessFlatbreads,8717660
2026-07-05T20:07:32.404119,2026-07-05T20:07:32.416073+00:00,166.6,50,ask,EarnestEspressos,FlawlessFlatbreads,8717681
2026-07-05T20:07:34.512294,2026-07-05T20:07:34.520861+00:00,166.6,50,ask,EarnestEspressos,FlawlessFlatbreads,8717704
2026-07-05T20:07:34.644237,2026-07-05T20:07:34.652776+00:00,166.6,100,ask,DiligentDonuts,EarnestEspressos,8717707
2026-07-05T20:07:34.855763,2026-07-05T20:07:34.867566+00:00,166.5,49,bid,CostlyCorianders,EarnestEspressos,8717712
2026-07-05T20:07:35.525103,2026-07-05T20:07:35.531797+00:00,166.2,8,ask,Zhangyue Shen,CostlyCorianders,8717722
2026-07-05T20:07:35.525103,2026-07-05T20:07:35.536830+00:00,166.0,32,ask,EarnestEspressos,CostlyCorianders,8717723
2026-07-05T20:07:35.763246,2026-07-05T20:07:35.772293+00:00,166.5,1,bid,Xuanyu Liu,EarnestEspressos,8717728
2026-07-05T20:07:36.065495,2026-07-05T20:07:36.077179+00:00,166.0,40,ask,EarnestEspressos,CostlyCorianders,8717735
2026-07-05T20:07:36.567506,2026-07-05T20:07:36.579331+00:00,166.6,8,bid,FlawlessFlatbreads,Zhangyue Shen,8717742
2026-07-05T20:07:36.567506,2026-07-05T20:07:36.579331+00:00,166.7,42,bid,FlawlessFlatbreads,DiligentDonuts,8717743
2026-07-05T20:07:38.675314,2026-07-05T20:07:38.685382+00:00,166.7,50,bid,FlawlessFlatbreads,DiligentDonuts,8717768
2026-07-05T20:07:39.187614,2026-07-05T20:07:39.199508+00:00,166.7,8,bid,CostlyCorianders,Zhangyue Shen,8717772
2026-07-05T20:07:39.187614,2026-07-05T20:07:39.199508+00:00,166.7,8,bid,CostlyCorianders,DiligentDonuts,8717773
2026-07-05T20:07:39.187614,2026-07-05T20:07:39.199508+00:00,167.0,27,bid,CostlyCorianders,EarnestEspressos,8717774
2026-07-05T20:07:40.684944,2026-07-05T20:07:40.696794+00:00,166.5,47,ask,EarnestEspressos,CostlyCorianders,8717787
2026-07-05T20:07:41.616856,2026-07-05T20:07:41.624087+00:00,166.8,8,bid,CostlyCorianders,Zhangyue Shen,8717797
2026-07-05T20:07:41.616856,2026-07-05T20:07:41.629096+00:00,166.8,36,bid,CostlyCorianders,EarnestEspressos,8717798
2026-07-05T20:07:43.101066,2026-07-05T20:07:43.112557+00:00,166.5,48,ask,DiligentDonuts,CostlyCorianders,8717815
2026-07-05T20:07:45.005351,2026-07-05T20:07:45.016937+00:00,167.0,50,bid,FlawlessFlatbreads,DiligentDonuts,8717835
2026-07-05T20:07:45.259796,2026-07-05T20:07:45.269346+00:00,166.6,1,ask,EarnestEspressos,Xuanyu Liu,8717837
2026-07-05T20:07:47.624602,2026-07-05T20:07:47.636658+00:00,166.9,41,bid,CostlyCorianders,DiligentDonuts,8717860
2026-07-05T20:07:49.218277,2026-07-05T20:07:49.229778+00:00,166.9,8,bid,FlawlessFlatbreads,Zhangyue Shen,8717884
2026-07-05T20:07:49.218277,2026-07-05T20:07:49.229778+00:00,167.1,42,bid,FlawlessFlatbreads,EarnestEspressos,8717885
2026-07-05T20:07:49.692504,2026-07-05T20:07:49.704171+00:00,166.7,42,ask,DiligentDonuts,CostlyCorianders,8717890
2026-07-05T20:07:51.375492,2026-07-05T20:07:51.385819+00:00,166.8,50,ask,EarnestEspressos,FlawlessFlatbreads,8717911
2026-07-05T20:07:51.696062,2026-07-05T20:07:51.707430+00:00,167.2,49,bid,CostlyCorianders,DiligentDonuts,8717918
2026-07-05T20:07:51.803065,2026-07-05T20:07:51.811854+00:00,166.8,3,ask,EarnestEspressos,Xuanyu Liu,8717920
2026-07-05T20:07:53.431381,2026-07-05T20:07:53.440348+00:00,167.2,50,bid,FlawlessFlatbreads,DiligentDonuts,8717942
2026-07-05T20:07:54.966102,2026-07-05T20:07:54.977570+00:00,166.8,42,ask,EarnestEspressos,CostlyCorianders,8717952
2026-07-05T20:07:55.588970,2026-07-05T20:07:55.598545+00:00,167.0,50,ask,DiligentDonuts,FlawlessFlatbreads,8717959
2026-07-05T20:07:56.449967,2026-07-05T20:07:56.458604+00:00,167.1,8,bid,CostlyCorianders,Zhangyue Shen,8717972
2026-07-05T20:07:56.449967,2026-07-05T20:07:56.458604+00:00,167.3,34,bid,CostlyCorianders,EarnestEspressos,8717973
2026-07-05T20:08:01.907059,2026-07-05T20:08:01.914912+00:00,166.9,50,ask,DiligentDonuts,FlawlessFlatbreads,8718026
2026-07-05T20:08:04.014542,2026-07-05T20:08:04.026118+00:00,166.9,50,ask,DiligentDonuts,FlawlessFlatbreads,8718054
2026-07-05T20:08:06.122273,2026-07-05T20:08:06.133828+00:00,166.8,50,ask,EarnestEspressos,FlawlessFlatbreads,8718077
2026-07-05T20:08:08.229445,2026-07-05T20:08:08.241268+00:00,166.8,50,ask,DiligentDonuts,FlawlessFlatbreads,8718101
2026-07-05T20:08:10.285833,2026-07-05T20:08:10.297766+00:00,167.1,8,bid,FlawlessFlatbreads,Zhangyue Shen,8718119
2026-07-05T20:08:10.285833,2026-07-05T20:08:10.297766+00:00,167.1,42,bid,FlawlessFlatbreads,EarnestEspressos,8718120
2026-07-05T20:08:11.476910,2026-07-05T20:08:11.486098+00:00,166.9,3,bid,Xuanyu Liu,DiligentDonuts,8718138
2026-07-05T20:08:12.090700,2026-07-05T20:08:12.098206+00:00,166.9,11,bid,Xuanyu Liu,DiligentDonuts,8718154
2026-07-05T20:08:12.394894,2026-07-05T20:08:12.406498+00:00,166.9,50,bid,FlawlessFlatbreads,DiligentDonuts,8718158
2026-07-05T20:08:12.586503,2026-07-05T20:08:12.597931+00:00,166.9,36,bid,EarnestEspressos,DiligentDonuts,8718160
2026-07-05T20:08:16.661466,2026-07-05T20:08:16.667967+00:00,166.9,50,ask,DiligentDonuts,FlawlessFlatbreads,8718198
2026-07-05T20:08:18.139739,2026-07-05T20:08:18.152387+00:00,167.0,8,ask,Zhangyue Shen,CostlyCorianders,8718212
2026-07-05T20:08:18.139739,2026-07-05T20:08:18.152387+00:00,166.9,39,ask,DiligentDonuts,CostlyCorianders,8718213
2026-07-05T20:08:18.724931,2026-07-05T20:08:18.733903+00:00,167.3,40,bid,CostlyCorianders,EarnestEspressos,8718221
2026-07-05T20:08:18.776448,2026-07-05T20:08:18.787787+00:00,166.9,50,ask,DiligentDonuts,FlawlessFlatbreads,8718224
2026-07-05T20:08:20.884221,2026-07-05T20:08:20.895880+00:00,167.0,50,ask,EarnestEspressos,FlawlessFlatbreads,8718251
2026-07-05T20:08:21.955477,2026-07-05T20:08:21.969276+00:00,167.0,40,ask,EarnestEspressos,CostlyCorianders,8718263
2026-07-05T20:08:22.994227,2026-07-05T20:08:23.003171+00:00,166.7,8,ask,Zhangyue Shen,FlawlessFlatbreads,8718270
2026-07-05T20:08:22.994227,2026-07-05T20:08:23.003171+00:00,166.6,42,ask,DiligentDonuts,FlawlessFlatbreads,8718271
2026-07-05T20:08:23.741865,2026-07-05T20:08:23.753824+00:00,167.1,46,bid,CostlyCorianders,EarnestEspressos,8718278
2026-07-05T20:08:24.765918,2026-07-05T20:08:24.776094+00:00,166.7,8,ask,Zhangyue Shen,CostlyCorianders,8718291
2026-07-05T20:08:24.765918,2026-07-05T20:08:24.776094+00:00,166.6,32,ask,EarnestEspressos,CostlyCorianders,8718292
2026-07-05T20:08:25.102185,2026-07-05T20:08:25.113628+00:00,166.6,50,ask,EarnestEspressos,FlawlessFlatbreads,8718296
2026-07-05T20:08:25.309996,2026-07-05T20:08:25.319829+00:00,166.9,44,bid,CostlyCorianders,DiligentDonuts,8718298
2026-07-05T20:08:25.417428,2026-07-05T20:08:25.426760+00:00,166.8,12,bid,Xuanyu Liu,EarnestEspressos,8718301
2026-07-05T20:08:25.779255,2026-07-05T20:08:25.786818+00:00,166.8,46,bid,CostlyCorianders,EarnestEspressos,8718306
2026-07-05T20:08:25.832812,2026-07-05T20:08:25.839692+00:00,166.5,8,ask,Zhangyue Shen,CostlyCorianders,8718308
2026-07-05T20:08:25.832812,2026-07-05T20:08:25.844892+00:00,166.4,34,ask,DiligentDonuts,CostlyCorianders,8718309
2026-07-05T20:08:27.176246,2026-07-05T20:08:27.184871+00:00,166.8,50,bid,FlawlessFlatbreads,EarnestEspressos,8718334
2026-07-05T20:08:27.217247,2026-07-05T20:08:27.225545+00:00,166.8,11,bid,Xuanyu Liu,EarnestEspressos,8718335
2026-07-05T20:08:27.849760,2026-07-05T20:08:27.859278+00:00,166.8,12,bid,Xuanyu Liu,EarnestEspressos,8718342
2026-07-05T20:08:28.443893,2026-07-05T20:08:28.457255+00:00,166.8,100,bid,EarnestEspressos,DiligentDonuts,8718352
2026-07-05T20:08:28.448999,2026-07-05T20:08:28.457255+00:00,167.1,23,ask,EarnestEspressos,Xuanyu Liu,8718353
2026-07-05T20:08:29.282592,2026-07-05T20:08:29.294478+00:00,167.4,8,bid,FlawlessFlatbreads,Zhangyue Shen,8718365
2026-07-05T20:08:29.282592,2026-07-05T20:08:29.294478+00:00,167.6,42,bid,FlawlessFlatbreads,EarnestEspressos,8718366
2026-07-05T20:08:29.582934,2026-07-05T20:08:29.593308+00:00,167.1,27,ask,EarnestEspressos,CostlyCorianders,8718368
2026-07-05T20:08:29.582934,2026-07-05T20:08:29.593308+00:00,166.9,8,ask,Zhangyue Shen,CostlyCorianders,8718369
2026-07-05T20:08:31.392508,2026-07-05T20:08:31.403951+00:00,167.4,50,bid,FlawlessFlatbreads,DiligentDonuts,8718389
2026-07-05T20:08:33.242956,2026-07-05T20:08:33.251311+00:00,167.0,41,ask,DiligentDonuts,CostlyCorianders,8718401
2026-07-05T20:08:33.555387,2026-07-05T20:08:33.565136+00:00,167.0,50,ask,DiligentDonuts,FlawlessFlatbreads,8718403
2026-07-05T20:08:34.820715,2026-07-05T20:08:34.832612+00:00,167.0,9,ask,DiligentDonuts,EarnestEspressos,8718425
2026-07-05T20:08:34.825415,2026-07-05T20:08:34.832612+00:00,167.0,45,bid,CostlyCorianders,EarnestEspressos,8718426
2026-07-05T20:08:35.611925,2026-07-05T20:08:35.624027+00:00,167.0,50,bid,FlawlessFlatbreads,EarnestEspressos,8718441
2026-07-05T20:08:37.046674,2026-07-05T20:08:37.058547+00:00,167.0,41,bid,CostlyCorianders,EarnestEspressos,8718459
2026-07-05T20:08:37.103525,2026-07-05T20:08:37.112783+00:00,166.9,8,ask,Zhangyue Shen,CostlyCorianders,8718460
2026-07-05T20:08:37.523573,2026-07-05T20:08:37.533413+00:00,167.0,5,bid,Xuanyu Liu,EarnestEspressos,8718464
2026-07-05T20:08:37.721967,2026-07-05T20:08:37.733632+00:00,167.2,50,bid,EarnestEspressos,DiligentDonuts,8718472
2026-07-05T20:08:37.929629,2026-07-05T20:08:37.936462+00:00,167.2,50,bid,FlawlessFlatbreads,DiligentDonuts,8718475
2026-07-05T20:08:37.929629,2026-07-05T20:08:37.941504+00:00,167.4,8,bid,EarnestEspressos,Zhangyue Shen,8718476
2026-07-05T20:08:37.998458,2026-07-05T20:08:38.008399+00:00,167.4,28,ask,EarnestEspressos,Xuanyu Liu,8718478
2026-07-05T20:08:44.046645,2026-07-05T20:08:44.058624+00:00,167.5,50,bid,FlawlessFlatbreads,EarnestEspressos,8718548
2026-07-05T20:08:46.204252,2026-07-05T20:08:46.215800+00:00,167.2,50,ask,EarnestEspressos,FlawlessFlatbreads,8718569
2026-07-05T20:08:47.814364,2026-07-05T20:08:47.824259+00:00,167.2,46,ask,DiligentDonuts,CostlyCorianders,8718587
2026-07-05T20:08:48.312198,2026-07-05T20:08:48.323934+00:00,167.2,50,ask,DiligentDonuts,FlawlessFlatbreads,8718593
2026-07-05T20:08:48.405804,2026-07-05T20:08:48.415463+00:00,167.4,41,bid,CostlyCorianders,EarnestEspressos,8718595
2026-07-05T20:08:50.420748,2026-07-05T20:08:50.432263+00:00,166.9,50,ask,EarnestEspressos,FlawlessFlatbreads,8718621
2026-07-05T20:08:51.290783,2026-07-05T20:08:51.301005+00:00,167.1,46,bid,CostlyCorianders,DiligentDonuts,8718631
2026-07-05T20:08:52.527801,2026-07-05T20:08:52.539801+00:00,166.8,50,ask,EarnestEspressos,FlawlessFlatbreads,8718657
2026-07-05T20:08:54.470089,2026-07-05T20:08:54.478144+00:00,167.1,11,bid,Xuanyu Liu,EarnestEspressos,8718689
2026-07-05T20:08:56.741963,2026-07-05T20:08:56.753712+00:00,166.8,8,ask,Zhangyue Shen,FlawlessFlatbreads,8718727
2026-07-05T20:08:56.741963,2026-07-05T20:08:56.753712+00:00,166.7,42,ask,DiligentDonuts,FlawlessFlatbreads,8718728
2026-07-05T20:08:56.805979,2026-07-05T20:08:56.817731+00:00,166.7,48,ask,DiligentDonuts,CostlyCorianders,8718730
2026-07-05T20:08:57.861453,2026-07-05T20:08:57.873295+00:00,166.7,10,ask,DiligentDonuts,CostlyCorianders,8718742
2026-07-05T20:08:57.861453,2026-07-05T20:08:57.873295+00:00,166.6,31,ask,EarnestEspressos,CostlyCorianders,8718743
2026-07-05T20:08:58.852733,2026-07-05T20:08:58.864250+00:00,166.6,50,ask,EarnestEspressos,FlawlessFlatbreads,8718764
2026-07-05T20:09:00.131065,2026-07-05T20:09:00.152239+00:00,166.7,8,ask,Zhangyue Shen,EarnestEspressos,8718776
2026-07-05T20:09:00.143858,2026-07-05T20:09:00.152239+00:00,166.7,23,bid,Xuanyu Liu,EarnestEspressos,8718778
2026-07-05T20:09:00.960583,2026-07-05T20:09:00.972219+00:00,166.6,8,ask,Zhangyue Shen,FlawlessFlatbreads,8718788
2026-07-05T20:09:00.960583,2026-07-05T20:09:00.972219+00:00,166.5,42,ask,DiligentDonuts,FlawlessFlatbreads,8718789
2026-07-05T20:09:04.041394,2026-07-05T20:09:04.058604+00:00,166.7,49,bid,CostlyCorianders,DiligentDonuts,8718823
2026-07-05T20:09:04.557319,2026-07-05T20:09:04.569173+00:00,166.7,43,bid,CostlyCorianders,DiligentDonuts,8718834
2026-07-05T20:09:05.123078,2026-07-05T20:09:05.132137+00:00,166.8,50,bid,FlawlessFlatbreads,EarnestEspressos,8718842
2026-07-05T20:09:05.198946,2026-07-05T20:09:05.207567+00:00,166.7,8,ask,Zhangyue Shen,CostlyCorianders,8718843
2026-07-05T20:09:05.198946,2026-07-05T20:09:05.207567+00:00,166.6,37,ask,DiligentDonuts,CostlyCorianders,8718844
2026-07-05T20:09:07.230418,2026-07-05T20:09:07.242278+00:00,167.1,8,bid,FlawlessFlatbreads,Zhangyue Shen,8718876
2026-07-05T20:09:07.230418,2026-07-05T20:09:07.242278+00:00,167.1,42,bid,FlawlessFlatbreads,DiligentDonuts,8718877
2026-07-05T20:09:09.394446,2026-07-05T20:09:09.406203+00:00,166.6,50,ask,EarnestEspressos,FlawlessFlatbreads,8718906
2026-07-05T20:09:12.791707,2026-07-05T20:09:12.803589+00:00,166.6,8,ask,Zhangyue Shen,EarnestEspressos,8718950
2026-07-05T20:09:13.534990,2026-07-05T20:09:13.558535+00:00,166.6,45,bid,CostlyCorianders,EarnestEspressos,8718958
2026-07-05T20:09:13.606924,2026-07-05T20:09:13.618371+00:00,166.3,50,ask,DiligentDonuts,FlawlessFlatbreads,8718959
2026-07-05T20:09:13.891600,2026-07-05T20:09:13.899874+00:00,166.6,12,bid,Xuanyu Liu,EarnestEspressos,8718962
2026-07-05T20:09:15.391099,2026-07-05T20:09:15.402985+00:00,166.6,42,bid,CostlyCorianders,EarnestEspressos,8718989
2026-07-05T20:09:15.445735,2026-07-05T20:09:15.458583+00:00,166.3,47,ask,DiligentDonuts,CostlyCorianders,8718990
2026-07-05T20:09:15.922242,2026-07-05T20:09:15.934223+00:00,166.8,100,bid,EarnestEspressos,DiligentDonuts,8718995
2026-07-05T20:09:16.062095,2026-07-05T20:09:16.073615+00:00,166.8,43,ask,EarnestEspressos,CostlyCorianders,8718998
2026-07-05T20:09:18.502551,2026-07-05T20:09:18.510741+00:00,166.8,7,ask,EarnestEspressos,Xuanyu Liu,8719025
2026-07-05T20:09:19.926064,2026-07-05T20:09:19.935704+00:00,166.5,50,ask,DiligentDonuts,FlawlessFlatbreads,8719042
2026-07-05T20:09:19.952650,2026-07-05T20:09:19.960943+00:00,166.6,18,bid,Xuanyu Liu,EarnestEspressos,8719043
2026-07-05T20:09:22.052220,2026-07-05T20:09:22.063815+00:00,166.4,50,ask,DiligentDonuts,FlawlessFlatbreads,8719073
2026-07-05T20:09:24.108505,2026-07-05T20:09:24.120596+00:00,166.5,50,bid,FlawlessFlatbreads,DiligentDonuts,8719095
2026-07-05T20:09:26.215826,2026-07-05T20:09:26.227464+00:00,166.5,50,bid,FlawlessFlatbreads,DiligentDonuts,8719111
2026-07-05T20:09:26.758908,2026-07-05T20:09:26.770614+00:00,166.6,40,bid,CostlyCorianders,EarnestEspressos,8719121
2026-07-05T20:09:27.880185,2026-07-05T20:09:27.891753+00:00,166.4,41,ask,DiligentDonuts,CostlyCorianders,8719138
2026-07-05T20:09:28.322919,2026-07-05T20:09:28.331538+00:00,166.6,50,bid,FlawlessFlatbreads,EarnestEspressos,8719142
2026-07-05T20:09:28.824760,2026-07-05T20:09:28.836293+00:00,166.9,45,bid,CostlyCorianders,DiligentDonuts,8719151
2026-07-05T20:09:30.430125,2026-07-05T20:09:30.439166+00:00,166.8,50,bid,FlawlessFlatbreads,DiligentDonuts,8719168
2026-07-05T20:09:32.536435,2026-07-05T20:09:32.546165+00:00,166.8,50,bid,FlawlessFlatbreads,DiligentDonuts,8719189
2026-07-05T20:09:33.322635,2026-07-05T20:09:33.333248+00:00,166.7,23,ask,DiligentDonuts,Xuanyu Liu,8719200
2026-07-05T20:09:33.773051,2026-07-05T20:09:33.782777+00:00,166.7,11,ask,DiligentDonuts,Xuanyu Liu,8719206
2026-07-05T20:09:34.236274,2026-07-05T20:09:34.245066+00:00,166.7,12,ask,DiligentDonuts,Xuanyu Liu,8719212
2026-07-05T20:09:34.645767,2026-07-05T20:09:34.658560+00:00,166.8,8,bid,FlawlessFlatbreads,Zhangyue Shen,8719221
2026-07-05T20:09:34.645767,2026-07-05T20:09:34.658560+00:00,166.9,42,bid,FlawlessFlatbreads,EarnestEspressos,8719222
2026-07-05T20:09:35.546998,2026-07-05T20:09:35.555755+00:00,166.7,11,ask,DiligentDonuts,Xuanyu Liu,8719234
2026-07-05T20:09:35.702818,2026-07-05T20:09:35.711705+00:00,166.7,3,ask,DiligentDonuts,Xuanyu Liu,8719242
2026-07-05T20:09:36.753802,2026-07-05T20:09:36.765407+00:00,166.6,50,bid,FlawlessFlatbreads,DiligentDonuts,8719256
2026-07-05T20:09:36.907777,2026-07-05T20:09:36.915782+00:00,166.6,3,bid,Xuanyu Liu,DiligentDonuts,8719260
2026-07-05T20:09:37.707802,2026-07-05T20:09:37.709382+00:00,166.4,49,ask,EarnestEspressos,CostlyCorianders,8719266
2026-07-05T20:09:38.862812,2026-07-05T20:09:38.874796+00:00,166.6,47,bid,FlawlessFlatbreads,DiligentDonuts,8719286
2026-07-05T20:09:38.862812,2026-07-05T20:09:38.874796+00:00,166.7,3,bid,FlawlessFlatbreads,Zhangyue Shen,8719287
2026-07-05T20:09:40.973460,2026-07-05T20:09:40.982136+00:00,166.7,5,bid,FlawlessFlatbreads,Zhangyue Shen,8719316
2026-07-05T20:09:40.973460,2026-07-05T20:09:40.982136+00:00,166.7,45,bid,FlawlessFlatbreads,EarnestEspressos,8719317
2026-07-05T20:09:41.959885,2026-07-05T20:09:41.971405+00:00,166.4,46,ask,DiligentDonuts,CostlyCorianders,8719329
2026-07-05T20:09:43.088288,2026-07-05T20:09:43.099609+00:00,166.8,50,bid,FlawlessFlatbreads,EarnestEspressos,8719346
2026-07-05T20:09:43.594404,2026-07-05T20:09:43.606213+00:00,166.8,41,bid,CostlyCorianders,EarnestEspressos,8719354
2026-07-05T20:09:44.182777,2026-07-05T20:09:44.194224+00:00,166.8,43,bid,CostlyCorianders,EarnestEspressos,8719361
2026-07-05T20:09:44.427259,2026-07-05T20:09:44.437560+00:00,166.7,3,ask,EarnestEspressos,Xuanyu Liu,8719362
2026-07-05T20:09:45.248961,2026-07-05T20:09:45.257445+00:00,166.7,50,ask,EarnestEspressos,FlawlessFlatbreads,8719372
2026-07-05T20:09:46.012988,2026-07-05T20:09:46.021630+00:00,166.7,97,ask,EarnestEspressos,DiligentDonuts,8719382
2026-07-05T20:09:46.585780,2026-07-05T20:09:46.595929+00:00,166.3,8,ask,Zhangyue Shen,CostlyCorianders,8719389
2026-07-05T20:09:46.585780,2026-07-05T20:09:46.595929+00:00,166.2,34,ask,DiligentDonuts,CostlyCorianders,8719390
2026-07-05T20:09:47.305796,2026-07-05T20:09:47.316736+00:00,166.7,3,bid,FlawlessFlatbreads,DiligentDonuts,8719398
2026-07-05T20:09:47.305796,2026-07-05T20:09:47.316736+00:00,167.2,47,bid,FlawlessFlatbreads,EarnestEspressos,8719399
2026-07-05T20:09:47.702605,2026-07-05T20:09:47.713462+00:00,166.8,49,bid,CostlyCorianders,EarnestEspressos,8719404
2026-07-05T20:09:47.756055,2026-07-05T20:09:47.758548+00:00,166.3,43,ask,EarnestEspressos,CostlyCorianders,8719405
2026-07-05T20:09:48.377026,2026-07-05T20:09:48.388839+00:00,166.3,45,ask,EarnestEspressos,CostlyCorianders,8719411
2026-07-05T20:09:49.415162,2026-07-05T20:09:49.427314+00:00,166.7,8,bid,FlawlessFlatbreads,Zhangyue Shen,8719422
2026-07-05T20:09:49.415162,2026-07-05T20:09:49.427314+00:00,166.7,42,bid,FlawlessFlatbreads,DiligentDonuts,8719423
2026-07-05T20:09:51.521318,2026-07-05T20:09:51.532817+00:00,166.4,8,bid,FlawlessFlatbreads,Zhangyue Shen,8719451
2026-07-05T20:09:51.521318,2026-07-05T20:09:51.532817+00:00,166.5,42,bid,FlawlessFlatbreads,EarnestEspressos,8719452
2026-07-05T20:09:53.628843,2026-07-05T20:09:53.640665+00:00,166.5,50,bid,FlawlessFlatbreads,EarnestEspressos,8719480
2026-07-05T20:09:53.906064,2026-07-05T20:09:53.915631+00:00,166.5,8,bid,EarnestEspressos,Zhangyue Shen,8719484
2026-07-05T20:09:56.346930,2026-07-05T20:09:56.354529+00:00,166.8,8,bid,CostlyCorianders,Zhangyue Shen,8719514
2026-07-05T20:09:56.346930,2026-07-05T20:09:56.359533+00:00,166.9,32,bid,CostlyCorianders,DiligentDonuts,8719515
2026-07-05T20:09:57.896536,2026-07-05T20:09:57.904664+00:00,166.4,50,ask,DiligentDonuts,FlawlessFlatbreads,8719534
2026-07-05T20:09:59.652963,2026-07-05T20:09:59.659901+00:00,166.3,41,ask,EarnestEspressos,CostlyCorianders,8719553
2026-07-05T20:10:00.002860,2026-07-05T20:10:00.014450+00:00,166.3,50,ask,EarnestEspressos,FlawlessFlatbreads,8719558
2026-07-05T20:10:01.781238,2026-07-05T20:10:01.792897+00:00,166.4,100,bid,DiligentDonuts,EarnestEspressos,8719585
2026-07-05T20:10:03.091941,2026-07-05T20:10:03.099398+00:00,166.4,3,bid,Xuanyu Liu,EarnestEspressos,8719609
2026-07-05T20:10:03.519347,2026-07-05T20:10:03.528694+00:00,166.6,3,ask,EarnestEspressos,Xuanyu Liu,8719615
2026-07-05T20:10:04.165017,2026-07-05T20:10:04.174651+00:00,166.7,8,bid,FlawlessFlatbreads,Zhangyue Shen,8719623
2026-07-05T20:10:04.165017,2026-07-05T20:10:04.174651+00:00,166.9,42,bid,FlawlessFlatbreads,DiligentDonuts,8719624
2026-07-05T20:10:04.995268,2026-07-05T20:10:05.006945+00:00,166.6,100,ask,EarnestEspressos,DiligentDonuts,8719635
2026-07-05T20:10:05.445494,2026-07-05T20:10:05.458544+00:00,166.9,8,bid,CostlyCorianders,Zhangyue Shen,8719641
2026-07-05T20:10:05.445494,2026-07-05T20:10:05.458544+00:00,167.1,40,bid,CostlyCorianders,EarnestEspressos,8719642
2026-07-05T20:10:06.276134,2026-07-05T20:10:06.284521+00:00,166.9,8,bid,FlawlessFlatbreads,Zhangyue Shen,8719669
2026-07-05T20:10:06.276134,2026-07-05T20:10:06.284521+00:00,167.1,42,bid,FlawlessFlatbreads,EarnestEspressos,8719670
2026-07-05T20:10:08.383524,2026-07-05T20:10:08.395220+00:00,166.6,8,bid,FlawlessFlatbreads,Zhangyue Shen,8719693
2026-07-05T20:10:08.383524,2026-07-05T20:10:08.395220+00:00,166.7,42,bid,FlawlessFlatbreads,EarnestEspressos,8719694
2026-07-05T20:10:10.493181,2026-07-05T20:10:10.501736+00:00,166.8,50,bid,FlawlessFlatbreads,DiligentDonuts,8719725
2026-07-05T20:10:10.559432,2026-07-05T20:10:10.571066+00:00,166.4,47,ask,EarnestEspressos,CostlyCorianders,8719728
2026-07-05T20:10:11.108470,2026-07-05T20:10:11.119970+00:00,166.8,49,bid,CostlyCorianders,DiligentDonuts,8719736
2026-07-05T20:10:11.267769,2026-07-05T20:10:11.279360+00:00,166.7,8,bid,DiligentDonuts,Zhangyue Shen,8719738
2026-07-05T20:10:12.461520,2026-07-05T20:10:12.468953+00:00,166.8,8,ask,DiligentDonuts,Zhangyue Shen,8719751
2026-07-05T20:10:12.649696,2026-07-05T20:10:12.658088+00:00,166.8,50,ask,DiligentDonuts,FlawlessFlatbreads,8719755
2026-07-05T20:10:14.756416,2026-07-05T20:10:14.768221+00:00,166.7,50,ask,DiligentDonuts,FlawlessFlatbreads,8719784
2026-07-05T20:10:16.864016,2026-07-05T20:10:16.870352+00:00,166.7,50,ask,DiligentDonuts,FlawlessFlatbreads,8719821
2026-07-05T20:10:17.362922,2026-07-05T20:10:17.369606+00:00,166.5,45,ask,EarnestEspressos,CostlyCorianders,8719825
2026-07-05T20:10:18.973547,2026-07-05T20:10:18.982685+00:00,166.5,50,ask,EarnestEspressos,FlawlessFlatbreads,8719849
2026-07-05T20:10:21.080412,2026-07-05T20:10:21.091970+00:00,166.5,50,ask,DiligentDonuts,FlawlessFlatbreads,8719880
2026-07-05T20:10:22.919053,2026-07-05T20:10:22.929349+00:00,166.7,3,bid,Xuanyu Liu,EarnestEspressos,8719905
2026-07-05T20:10:23.186148,2026-07-05T20:10:23.195488+00:00,166.5,50,ask,DiligentDonuts,FlawlessFlatbreads,8719910
2026-07-05T20:10:27.603598,2026-07-05T20:10:27.614961+00:00,166.9,43,bid,CostlyCorianders,EarnestEspressos,8719964
2026-07-05T20:10:29.141901,2026-07-05T20:10:29.163657+00:00,166.6,46,ask,EarnestEspressos,CostlyCorianders,8719982
2026-07-05T20:10:33.727285,2026-07-05T20:10:33.736000+00:00,166.5,8,ask,Zhangyue Shen,FlawlessFlatbreads,8720032
2026-07-05T20:10:33.727285,2026-07-05T20:10:33.736000+00:00,166.4,42,ask,DiligentDonuts,FlawlessFlatbreads,8720033
2026-07-05T20:10:34.178333,2026-07-05T20:10:34.190007+00:00,166.8,42,bid,CostlyCorianders,EarnestEspressos,8720040
2026-07-05T20:10:35.665664,2026-07-05T20:10:35.677126+00:00,166.6,42,ask,EarnestEspressos,CostlyCorianders,8720056
2026-07-05T20:10:35.835574,2026-07-05T20:10:35.847328+00:00,166.6,50,ask,EarnestEspressos,FlawlessFlatbreads,8720057
2026-07-05T20:10:37.969240,2026-07-05T20:10:37.980181+00:00,166.6,50,ask,EarnestEspressos,FlawlessFlatbreads,8720081
2026-07-05T20:10:38.248262,2026-07-05T20:10:38.270255+00:00,166.4,8,ask,Zhangyue Shen,EarnestEspressos,8720083
2026-07-05T20:10:38.259525,2026-07-05T20:10:38.270255+00:00,166.3,34,bid,Xuanyu Liu,EarnestEspressos,8720084
2026-07-05T20:10:40.024508,2026-07-05T20:10:40.033971+00:00,166.3,50,bid,FlawlessFlatbreads,EarnestEspressos,8720106
2026-07-05T20:10:40.595906,2026-07-05T20:10:40.605007+00:00,166.3,49,bid,CostlyCorianders,EarnestEspressos,8720111
2026-07-05T20:10:41.741292,2026-07-05T20:10:41.752869+00:00,166.7,48,bid,CostlyCorianders,DiligentDonuts,8720130
2026-07-05T20:10:42.141192,2026-07-05T20:10:42.153057+00:00,166.7,50,bid,FlawlessFlatbreads,DiligentDonuts,8720136
2026-07-05T20:10:43.826189,2026-07-05T20:10:43.837984+00:00,166.5,44,ask,DiligentDonuts,CostlyCorianders,8720161
2026-07-05T20:10:44.249287,2026-07-05T20:10:44.255674+00:00,166.8,8,bid,FlawlessFlatbreads,Zhangyue Shen,8720168
2026-07-05T20:10:44.249287,2026-07-05T20:10:44.255674+00:00,166.9,42,bid,FlawlessFlatbreads,EarnestEspressos,8720169
2026-07-05T20:10:44.288614,2026-07-05T20:10:44.300360+00:00,166.9,47,bid,CostlyCorianders,EarnestEspressos,8720171
2026-07-05T20:10:44.565118,2026-07-05T20:10:44.574212+00:00,166.8,34,ask,EarnestEspressos,Xuanyu Liu,8720175
2026-07-05T20:10:44.778723,2026-07-05T20:10:44.785928+00:00,166.8,47,ask,EarnestEspressos,CostlyCorianders,8720182
2026-07-05T20:10:45.749493,2026-07-05T20:10:45.756067+00:00,166.9,8,bid,CostlyCorianders,Zhangyue Shen,8720189
2026-07-05T20:10:45.749493,2026-07-05T20:10:45.756067+00:00,167.0,39,bid,CostlyCorianders,DiligentDonuts,8720190
2026-07-05T20:10:47.792825,2026-07-05T20:10:47.804487+00:00,166.7,45,ask,EarnestEspressos,CostlyCorianders,8720214
2026-07-05T20:10:48.539945,2026-07-05T20:10:48.551800+00:00,166.7,50,ask,EarnestEspressos,FlawlessFlatbreads,8720223
2026-07-05T20:10:50.647582,2026-07-05T20:10:50.653989+00:00,166.8,50,ask,DiligentDonuts,FlawlessFlatbreads,8720250
2026-07-05T20:10:50.916051,2026-07-05T20:10:50.927729+00:00,166.8,50,ask,DiligentDonuts,EarnestEspressos,8720256
2026-07-05T20:10:50.916051,2026-07-05T20:10:50.927729+00:00,166.6,8,ask,Zhangyue Shen,EarnestEspressos,8720257
2026-07-05T20:10:52.488782,2026-07-05T20:10:52.499998+00:00,166.6,45,bid,CostlyCorianders,EarnestEspressos,8720275
2026-07-05T20:10:52.703364,2026-07-05T20:10:52.715177+00:00,166.6,47,bid,FlawlessFlatbreads,EarnestEspressos,8720281
2026-07-05T20:10:52.703364,2026-07-05T20:10:52.715177+00:00,166.6,3,bid,FlawlessFlatbreads,DiligentDonuts,8720282
2026-07-05T20:10:54.025135,2026-07-05T20:10:54.032944+00:00,166.6,97,bid,EarnestEspressos,DiligentDonuts,8720294
2026-07-05T20:10:54.810846,2026-07-05T20:10:54.822622+00:00,166.8,8,bid,FlawlessFlatbreads,Zhangyue Shen,8720305
2026-07-05T20:10:54.810846,2026-07-05T20:10:54.822622+00:00,167.2,42,bid,FlawlessFlatbreads,EarnestEspressos,8720306
2026-07-05T20:10:56.920063,2026-07-05T20:10:56.929666+00:00,166.8,50,bid,FlawlessFlatbreads,DiligentDonuts,8720335
2026-07-05T20:10:59.081984,2026-07-05T20:10:59.093504+00:00,166.6,50,ask,DiligentDonuts,FlawlessFlatbreads,8720361
2026-07-05T20:10:59.673155,2026-07-05T20:10:59.684969+00:00,166.6,44,ask,DiligentDonuts,CostlyCorianders,8720368
2026-07-05T20:11:01.676152,2026-07-05T20:11:01.690034+00:00,166.8,8,bid,CostlyCorianders,Zhangyue Shen,8720390
2026-07-05T20:11:01.676152,2026-07-05T20:11:01.690034+00:00,166.9,40,bid,CostlyCorianders,EarnestEspressos,8720391
2026-07-05T20:11:01.730852,2026-07-05T20:11:01.742759+00:00,166.6,6,ask,DiligentDonuts,CostlyCorianders,8720392
2026-07-05T20:11:01.730852,2026-07-05T20:11:01.742759+00:00,166.4,8,ask,Zhangyue Shen,CostlyCorianders,8720393
2026-07-05T20:11:01.730852,2026-07-05T20:11:01.742759+00:00,166.4,29,ask,EarnestEspressos,CostlyCorianders,8720394
2026-07-05T20:11:03.293203,2026-07-05T20:11:03.302753+00:00,166.4,50,ask,EarnestEspressos,FlawlessFlatbreads,8720408
2026-07-05T20:11:03.313278,2026-07-05T20:11:03.321689+00:00,166.7,46,bid,CostlyCorianders,DiligentDonuts,8720409
2026-07-05T20:11:04.872166,2026-07-05T20:11:04.881037+00:00,166.3,48,ask,EarnestEspressos,CostlyCorianders,8720420
2026-07-05T20:11:05.399725,2026-07-05T20:11:05.411601+00:00,166.4,50,ask,DiligentDonuts,FlawlessFlatbreads,8720426
2026-07-05T20:11:06.317384,2026-07-05T20:11:06.326805+00:00,166.4,40,ask,DiligentDonuts,CostlyCorianders,8720442
2026-07-05T20:11:06.905314,2026-07-05T20:11:06.917100+00:00,166.6,45,bid,CostlyCorianders,EarnestEspressos,8720452
2026-07-05T20:11:07.381840,2026-07-05T20:11:07.391130+00:00,166.6,11,bid,Xuanyu Liu,EarnestEspressos,8720462
2026-07-05T20:11:07.458526,2026-07-05T20:11:07.470117+00:00,166.6,50,bid,FlawlessFlatbreads,EarnestEspressos,8720464
2026-07-05T20:11:08.884237,2026-07-05T20:11:08.896044+00:00,166.6,44,bid,CostlyCorianders,EarnestEspressos,8720489
2026-07-05T20:11:08.884237,2026-07-05T20:11:08.896044+00:00,166.8,4,bid,CostlyCorianders,DiligentDonuts,8720490
2026-07-05T20:11:09.564564,2026-07-05T20:11:09.576269+00:00,166.8,50,bid,FlawlessFlatbreads,DiligentDonuts,8720493
2026-07-05T20:11:11.673250,2026-07-05T20:11:11.685049+00:00,167.0,8,bid,FlawlessFlatbreads,Zhangyue Shen,8720513
2026-07-05T20:11:11.673250,2026-07-05T20:11:11.685049+00:00,167.0,42,bid,FlawlessFlatbreads,DiligentDonuts,8720514
2026-07-05T20:11:12.080240,2026-07-05T20:11:12.092158+00:00,166.7,47,ask,EarnestEspressos,CostlyCorianders,8720519
2026-07-05T20:11:12.682024,2026-07-05T20:11:12.692103+00:00,166.7,41,ask,EarnestEspressos,CostlyCorianders,8720522
2026-07-05T20:11:13.838106,2026-07-05T20:11:13.849621+00:00,166.6,8,ask,Zhangyue Shen,FlawlessFlatbreads,8720535
2026-07-05T20:11:18.048406,2026-07-05T20:11:18.059880+00:00,166.6,50,ask,EarnestEspressos,FlawlessFlatbreads,8720586
2026-07-05T20:11:18.117681,2026-07-05T20:11:18.129150+00:00,167.0,8,bid,CostlyCorianders,Zhangyue Shen,8720587
2026-07-05T20:11:18.117681,2026-07-05T20:11:18.129150+00:00,167.0,32,bid,CostlyCorianders,DiligentDonuts,8720588
2026-07-05T20:11:19.535422,2026-07-05T20:11:19.546731+00:00,166.6,46,bid,CostlyCorianders,EarnestEspressos,8720608
2026-07-05T20:11:20.155576,2026-07-05T20:11:20.158603+00:00,166.5,50,ask,DiligentDonuts,FlawlessFlatbreads,8720617
2026-07-05T20:11:22.261365,2026-07-05T20:11:22.273102+00:00,166.5,8,ask,Zhangyue Shen,FlawlessFlatbreads,8720643
2026-07-05T20:11:22.261365,2026-07-05T20:11:22.273102+00:00,166.4,42,ask,DiligentDonuts,FlawlessFlatbreads,8720644
2026-07-05T20:11:26.470644,2026-07-05T20:11:26.482019+00:00,166.4,50,ask,EarnestEspressos,FlawlessFlatbreads,8720695
2026-07-05T20:11:28.576654,2026-07-05T20:11:28.588357+00:00,166.5,8,ask,Zhangyue Shen,FlawlessFlatbreads,8720729
2026-07-05T20:11:28.576654,2026-07-05T20:11:28.588357+00:00,166.4,42,ask,EarnestEspressos,FlawlessFlatbreads,8720730
2026-07-05T20:11:28.905274,2026-07-05T20:11:28.914195+00:00,166.5,12,bid,Xuanyu Liu,EarnestEspressos,8720736
2026-07-05T20:11:29.751948,2026-07-05T20:11:29.758391+00:00,166.5,43,bid,CostlyCorianders,EarnestEspressos,8720751
2026-07-05T20:11:30.224788,2026-07-05T20:11:30.236685+00:00,166.4,41,ask,DiligentDonuts,CostlyCorianders,8720753
2026-07-05T20:11:30.634010,2026-07-05T20:11:30.643773+00:00,166.5,50,bid,FlawlessFlatbreads,EarnestEspressos,8720760
2026-07-05T20:11:30.762432,2026-07-05T20:11:30.774121+00:00,166.3,40,ask,DiligentDonuts,CostlyCorianders,8720763
2026-07-05T20:11:31.328247,2026-07-05T20:11:31.340058+00:00,166.5,43,bid,CostlyCorianders,EarnestEspressos,8720767
2026-07-05T20:11:32.741088,2026-07-05T20:11:32.748760+00:00,166.8,50,bid,FlawlessFlatbreads,DiligentDonuts,8720786
2026-07-05T20:11:33.150623,2026-07-05T20:11:33.159278+00:00,166.7,12,ask,EarnestEspressos,Xuanyu Liu,8720794
2026-07-05T20:11:33.582439,2026-07-05T20:11:33.593893+00:00,166.7,100,ask,EarnestEspressos,DiligentDonuts,8720801
2026-07-05T20:11:34.384722,2026-07-05T20:11:34.394388+00:00,166.7,38,ask,EarnestEspressos,CostlyCorianders,8720814
2026-07-05T20:11:34.384722,2026-07-05T20:11:34.394388+00:00,166.2,8,ask,DiligentDonuts,CostlyCorianders,8720815
2026-07-05T20:11:34.869479,2026-07-05T20:11:34.879480+00:00,167.0,8,bid,FlawlessFlatbreads,Zhangyue Shen,8720819
2026-07-05T20:11:34.869479,2026-07-05T20:11:34.879480+00:00,167.2,42,bid,FlawlessFlatbreads,EarnestEspressos,8720820
2026-07-05T20:11:36.856053,2026-07-05T20:11:36.863581+00:00,166.4,8,ask,Zhangyue Shen,CostlyCorianders,8720851
2026-07-05T20:11:36.856053,2026-07-05T20:11:36.868823+00:00,166.4,39,ask,DiligentDonuts,CostlyCorianders,8720852
2026-07-05T20:11:36.976125,2026-07-05T20:11:36.987587+00:00,166.7,50,bid,FlawlessFlatbreads,EarnestEspressos,8720854
2026-07-05T20:11:38.008199,2026-07-05T20:11:38.019839+00:00,166.7,43,bid,CostlyCorianders,EarnestEspressos,8720866
2026-07-05T20:11:39.116892,2026-07-05T20:11:39.124360+00:00,166.8,8,bid,FlawlessFlatbreads,Zhangyue Shen,8720876
2026-07-05T20:11:39.116892,2026-07-05T20:11:39.129594+00:00,166.9,42,bid,FlawlessFlatbreads,DiligentDonuts,8720877
2026-07-05T20:11:40.934156,2026-07-05T20:11:40.942979+00:00,166.5,44,ask,EarnestEspressos,CostlyCorianders,8720901
2026-07-05T20:11:41.231130,2026-07-05T20:11:41.242956+00:00,166.9,8,bid,FlawlessFlatbreads,Zhangyue Shen,8720903
2026-07-05T20:11:41.231130,2026-07-05T20:11:41.242956+00:00,167.0,42,bid,FlawlessFlatbreads,EarnestEspressos,8720904
2026-07-05T20:11:41.479934,2026-07-05T20:11:41.491855+00:00,166.5,8,ask,Zhangyue Shen,Xuanyu Liu,8720911
2026-07-05T20:11:41.479934,2026-07-05T20:11:41.491855+00:00,166.5,3,ask,DiligentDonuts,Xuanyu Liu,8720912
2026-07-05T20:11:42.919294,2026-07-05T20:11:42.930791+00:00,166.5,42,ask,DiligentDonuts,CostlyCorianders,8720929
2026-07-05T20:11:43.345292,2026-07-05T20:11:43.358558+00:00,166.5,50,bid,FlawlessFlatbreads,DiligentDonuts,8720933
2026-07-05T20:11:43.443322,2026-07-05T20:11:43.455055+00:00,166.5,40,bid,CostlyCorianders,DiligentDonuts,8720935
2026-07-05T20:11:45.451073,2026-07-05T20:11:45.450017+00:00,166.5,10,bid,FlawlessFlatbreads,DiligentDonuts,8720958
2026-07-05T20:11:45.451073,2026-07-05T20:11:45.450017+00:00,166.7,8,bid,FlawlessFlatbreads,Zhangyue Shen,8720959
2026-07-05T20:11:45.451073,2026-07-05T20:11:45.450017+00:00,166.9,32,bid,FlawlessFlatbreads,EarnestEspressos,8720960
2026-07-05T20:11:46.721978,2026-07-05T20:11:46.731882+00:00,166.8,8,bid,CostlyCorianders,Zhangyue Shen,8720975
2026-07-05T20:11:46.721978,2026-07-05T20:11:46.731882+00:00,166.9,41,bid,CostlyCorianders,EarnestEspressos,8720976
2026-07-05T20:11:47.584363,2026-07-05T20:11:47.595032+00:00,166.9,50,bid,FlawlessFlatbreads,EarnestEspressos,8720987
2026-07-05T20:11:47.846497,2026-07-05T20:11:47.856276+00:00,166.8,3,ask,EarnestEspressos,Xuanyu Liu,8720998
2026-07-05T20:11:48.128259,2026-07-05T20:11:48.138321+00:00,166.8,8,ask,EarnestEspressos,Zhangyue Shen,8721001
2026-07-05T20:11:49.697737,2026-07-05T20:11:49.709537+00:00,166.9,50,bid,FlawlessFlatbreads,DiligentDonuts,8721019
2026-07-05T20:11:50.687993,2026-07-05T20:11:50.696238+00:00,166.8,8,ask,EarnestEspressos,Zhangyue Shen,8721038
2026-07-05T20:11:51.831886,2026-07-05T20:11:51.839294+00:00,166.9,50,bid,FlawlessFlatbreads,DiligentDonuts,8721049
2026-07-05T20:11:53.304900,2026-07-05T20:11:53.316666+00:00,166.6,48,ask,EarnestEspressos,CostlyCorianders,8721066
2026-07-05T20:11:53.813711,2026-07-05T20:11:53.825311+00:00,166.6,43,ask,EarnestEspressos,CostlyCorianders,8721072
2026-07-05T20:11:53.937865,2026-07-05T20:11:53.949650+00:00,167.0,50,bid,FlawlessFlatbreads,DiligentDonuts,8721073
2026-07-05T20:11:56.051757,2026-07-05T20:11:56.058558+00:00,166.7,50,bid,FlawlessFlatbreads,EarnestEspressos,8721100
2026-07-05T20:11:57.293511,2026-07-05T20:11:57.301647+00:00,166.6,3,ask,DiligentDonuts,Xuanyu Liu,8721114
2026-07-05T20:11:58.166733,2026-07-05T20:11:58.178267+00:00,166.8,50,bid,FlawlessFlatbreads,EarnestEspressos,8721124
2026-07-05T20:11:58.559587,2026-07-05T20:11:58.568717+00:00,166.6,11,ask,DiligentDonuts,Xuanyu Liu,8721130
2026-07-05T20:12:00.351440,2026-07-05T20:12:00.357889+00:00,166.3,50,ask,EarnestEspressos,FlawlessFlatbreads,8721159
2026-07-05T20:12:02.444379,2026-07-05T20:12:02.458555+00:00,166.4,46,bid,CostlyCorianders,EarnestEspressos,8721183
2026-07-05T20:12:02.458942,2026-07-05T20:12:02.470311+00:00,166.3,50,ask,DiligentDonuts,FlawlessFlatbreads,8721184
2026-07-05T20:12:03.017688,2026-07-05T20:12:03.028100+00:00,166.4,48,bid,CostlyCorianders,EarnestEspressos,8721193
2026-07-05T20:12:04.564523,2026-07-05T20:12:04.575635+00:00,166.4,50,ask,EarnestEspressos,FlawlessFlatbreads,8721211
2026-07-05T20:12:06.672000,2026-07-05T20:12:06.683656+00:00,166.4,50,ask,EarnestEspressos,FlawlessFlatbreads,8721228
2026-07-05T20:12:08.700896,2026-07-05T20:12:08.712851+00:00,166.0,42,ask,DiligentDonuts,CostlyCorianders,8721258
2026-07-05T20:12:08.807044,2026-07-05T20:12:08.818035+00:00,166.0,50,ask,DiligentDonuts,FlawlessFlatbreads,8721260
2026-07-05T20:12:10.439810,2026-07-05T20:12:10.448459+00:00,166.0,8,ask,DiligentDonuts,CostlyCorianders,8721278
2026-07-05T20:12:10.439810,2026-07-05T20:12:10.448459+00:00,165.8,8,ask,Zhangyue Shen,CostlyCorianders,8721279
2026-07-05T20:12:10.439810,2026-07-05T20:12:10.448459+00:00,165.8,26,ask,EarnestEspressos,CostlyCorianders,8721280
2026-07-05T20:12:10.913820,2026-07-05T20:12:10.925279+00:00,165.8,50,ask,EarnestEspressos,FlawlessFlatbreads,8721290
2026-07-05T20:12:12.929118,2026-07-05T20:12:12.936764+00:00,166.2,11,bid,Xuanyu Liu,DiligentDonuts,8721316
2026-07-05T20:12:12.969127,2026-07-05T20:12:12.984739+00:00,166.2,50,bid,FlawlessFlatbreads,DiligentDonuts,8721318
2026-07-05T20:12:15.124678,2026-07-05T20:12:15.136388+00:00,166.0,50,ask,DiligentDonuts,FlawlessFlatbreads,8721346
2026-07-05T20:12:15.521647,2026-07-05T20:12:15.530122+00:00,166.2,3,bid,Xuanyu Liu,EarnestEspressos,8721352
2026-07-05T20:12:17.233886,2026-07-05T20:12:17.245582+00:00,166.0,50,ask,DiligentDonuts,FlawlessFlatbreads,8721371
2026-07-05T20:12:17.545363,2026-07-05T20:12:17.558587+00:00,166.2,43,bid,CostlyCorianders,EarnestEspressos,8721375
2026-07-05T20:12:19.015590,2026-07-05T20:12:19.024555+00:00,166.1,40,bid,CostlyCorianders,DiligentDonuts,8721388
2026-07-05T20:12:19.290218,2026-07-05T20:12:19.302012+00:00,166.1,50,bid,FlawlessFlatbreads,DiligentDonuts,8721393
2026-07-05T20:12:19.571361,2026-07-05T20:12:19.582968+00:00,166.0,8,ask,Zhangyue Shen,CostlyCorianders,8721394
2026-07-05T20:12:19.571361,2026-07-05T20:12:19.582968+00:00,165.6,32,ask,DiligentDonuts,CostlyCorianders,8721395
2026-07-05T20:12:23.501709,2026-07-05T20:12:23.513279+00:00,165.9,50,bid,FlawlessFlatbreads,DiligentDonuts,8721447
2026-07-05T20:12:23.701909,2026-07-05T20:12:23.713754+00:00,165.9,41,bid,CostlyCorianders,DiligentDonuts,8721449
2026-07-05T20:12:25.660740,2026-07-05T20:12:25.672385+00:00,166.0,50,ask,DiligentDonuts,FlawlessFlatbreads,8721474
2026-07-05T20:12:27.718347,2026-07-05T20:12:27.727728+00:00,166.1,50,bid,FlawlessFlatbreads,EarnestEspressos,8721494
2026-07-05T20:12:27.889071,2026-07-05T20:12:27.900684+00:00,166.0,8,ask,Zhangyue Shen,CostlyCorianders,8721497
2026-07-05T20:12:27.889071,2026-07-05T20:12:27.900684+00:00,165.8,37,ask,DiligentDonuts,CostlyCorianders,8721498
2026-07-05T20:12:29.826427,2026-07-05T20:12:29.838365+00:00,166.1,50,bid,FlawlessFlatbreads,EarnestEspressos,8721520
