timestamp,recv_time,price,volume,aggressor_side,buyer,seller,trade_id
2026-07-01T17:30:30.972910,2026-07-01T17:30:30.915740+00:00,89.0,50,bid,FlawlessFlatbreads,DiligentDonuts,2703013
2026-07-01T17:30:30.980532,2026-07-01T17:30:30.915740+00:00,88.8,4,ask,EarnestEspressos,Kelvin Chan,2703014
2026-07-01T17:30:31.215544,2026-07-01T17:30:31.231699+00:00,88.8,35,ask,EarnestEspressos,Chester Au,2703016
2026-07-01T17:30:31.425916,2026-07-01T17:30:31.437250+00:00,89.0,48,bid,CostlyCorianders,DiligentDonuts,2703019
2026-07-01T17:30:32.394325,2026-07-01T17:30:32.400609+00:00,88.7,3,bid,DiligentDonuts,Kelvin Chan,2703033
2026-07-01T17:30:32.394325,2026-07-01T17:30:32.405860+00:00,88.7,97,bid,DiligentDonuts,EarnestEspressos,2703034
2026-07-01T17:30:33.080586,2026-07-01T17:30:33.092097+00:00,88.7,50,bid,FlawlessFlatbreads,EarnestEspressos,2703047
2026-07-01T17:30:33.890077,2026-07-01T17:30:33.901429+00:00,88.4,3,ask,Kelvin Chan,CostlyCorianders,2703078
2026-07-01T17:30:33.890077,2026-07-01T17:30:33.901429+00:00,88.2,41,ask,EarnestEspressos,CostlyCorianders,2703079
2026-07-01T17:30:35.189851,2026-07-01T17:30:35.194557+00:00,88.7,3,bid,FlawlessFlatbreads,EarnestEspressos,2703117
2026-07-01T17:30:35.189851,2026-07-01T17:30:35.194557+00:00,88.7,3,bid,FlawlessFlatbreads,Kelvin Chan,2703118
2026-07-01T17:30:35.189851,2026-07-01T17:30:35.199952+00:00,89.2,44,bid,FlawlessFlatbreads,DiligentDonuts,2703119
2026-07-01T17:30:36.614656,2026-07-01T17:30:36.623029+00:00,88.8,7,bid,CostlyCorianders,Kelvin Chan,2703141
2026-07-01T17:30:37.350811,2026-07-01T17:30:37.363657+00:00,88.7,50,ask,EarnestEspressos,FlawlessFlatbreads,2703163
2026-07-01T17:30:39.461352,2026-07-01T17:30:39.472908+00:00,88.6,3,ask,Kelvin Chan,FlawlessFlatbreads,2703203
2026-07-01T17:30:39.461352,2026-07-01T17:30:39.472908+00:00,88.5,47,ask,DiligentDonuts,FlawlessFlatbreads,2703204
2026-07-01T17:30:41.573614,2026-07-01T17:30:41.582336+00:00,88.6,2,ask,Kelvin Chan,FlawlessFlatbreads,2703257
2026-07-01T17:30:41.573614,2026-07-01T17:30:41.582336+00:00,88.5,48,ask,DiligentDonuts,FlawlessFlatbreads,2703258
2026-07-01T17:30:42.704817,2026-07-01T17:30:42.714398+00:00,88.5,3,ask,Kelvin Chan,CostlyCorianders,2703274
2026-07-01T17:30:42.704817,2026-07-01T17:30:42.714398+00:00,88.4,37,ask,EarnestEspressos,CostlyCorianders,2703275
2026-07-01T17:30:43.685052,2026-07-01T17:30:43.696539+00:00,88.5,2,ask,Kelvin Chan,FlawlessFlatbreads,2703288
2026-07-01T17:30:43.685052,2026-07-01T17:30:43.696539+00:00,88.4,48,ask,EarnestEspressos,FlawlessFlatbreads,2703289
2026-07-01T17:30:45.764978,2026-07-01T17:30:45.777448+00:00,88.5,3,bid,Xuanyu Liu,EarnestEspressos,2703342
2026-07-01T17:30:45.805294,2026-07-01T17:30:45.816679+00:00,88.2,50,ask,DiligentDonuts,FlawlessFlatbreads,2703345
2026-07-01T17:30:46.320270,2026-07-01T17:30:46.326738+00:00,88.5,44,bid,CostlyCorianders,EarnestEspressos,2703359
2026-07-01T17:30:46.661957,2026-07-01T17:30:46.673378+00:00,88.5,5,bid,Kelvin Chan,EarnestEspressos,2703368
2026-07-01T17:30:47.692449,2026-07-01T17:30:47.701171+00:00,88.5,5,bid,Kelvin Chan,EarnestEspressos,2703382
2026-07-01T17:30:47.913283,2026-07-01T17:30:47.924694+00:00,88.4,4,ask,Kelvin Chan,FlawlessFlatbreads,2703385
2026-07-01T17:30:47.913283,2026-07-01T17:30:47.924694+00:00,88.2,46,ask,DiligentDonuts,FlawlessFlatbreads,2703386
2026-07-01T17:30:48.270892,2026-07-01T17:30:48.282539+00:00,88.4,5,ask,Kelvin Chan,DiligentDonuts,2703390
2026-07-01T17:30:48.295490,2026-07-01T17:30:48.304524+00:00,88.4,4,bid,Kelvin Chan,DiligentDonuts,2703391
2026-07-01T17:30:49.762945,2026-07-01T17:30:49.769175+00:00,88.4,4,bid,Kelvin Chan,DiligentDonuts,2703425
2026-07-01T17:30:50.023447,2026-07-01T17:30:50.034875+00:00,88.2,50,ask,EarnestEspressos,FlawlessFlatbreads,2703429
2026-07-01T17:30:51.765080,2026-07-01T17:30:51.774625+00:00,88.5,47,bid,CostlyCorianders,DiligentDonuts,2703468
2026-07-01T17:30:52.132236,2026-07-01T17:30:52.143857+00:00,88.1,50,ask,EarnestEspressos,FlawlessFlatbreads,2703474
2026-07-01T17:30:53.326438,2026-07-01T17:30:53.337888+00:00,88.3,3,ask,Kelvin Chan,CostlyCorianders,2703490
2026-07-01T17:30:53.326438,2026-07-01T17:30:53.337888+00:00,88.1,38,ask,EarnestEspressos,CostlyCorianders,2703491
2026-07-01T17:30:54.391345,2026-07-01T17:30:54.397945+00:00,88.2,150,bid,Chester Au,EarnestEspressos,2703512
2026-07-01T17:30:55.043697,2026-07-01T17:30:55.058580+00:00,88.6,2,bid,CostlyCorianders,Kelvin Chan,2703532
2026-07-01T17:30:55.043697,2026-07-01T17:30:55.058580+00:00,88.6,47,bid,CostlyCorianders,DiligentDonuts,2703533
2026-07-01T17:30:55.102500,2026-07-01T17:30:55.112477+00:00,88.1,44,ask,DiligentDonuts,CostlyCorianders,2703534
2026-07-01T17:30:56.292207,2026-07-01T17:30:56.303907+00:00,88.6,50,bid,FlawlessFlatbreads,DiligentDonuts,2703566
2026-07-01T17:30:56.578695,2026-07-01T17:30:56.590168+00:00,88.1,49,ask,DiligentDonuts,CostlyCorianders,2703572
2026-07-01T17:30:57.081994,2026-07-01T17:30:57.093694+00:00,88.6,3,bid,CostlyCorianders,DiligentDonuts,2703580
2026-07-01T17:30:57.554727,2026-07-01T17:30:57.558537+00:00,88.8,40,bid,CostlyCorianders,EarnestEspressos,2703584
2026-07-01T17:30:58.472817,2026-07-01T17:30:58.484091+00:00,88.3,50,ask,EarnestEspressos,FlawlessFlatbreads,2703603
2026-07-01T17:30:58.603451,2026-07-01T17:30:58.614716+00:00,88.3,40,ask,EarnestEspressos,CostlyCorianders,2703604
2026-07-01T17:31:00.578573,2026-07-01T17:31:00.589858+00:00,88.3,50,ask,EarnestEspressos,FlawlessFlatbreads,2703640
2026-07-01T17:31:00.615355,2026-07-01T17:31:00.626892+00:00,88.6,46,bid,CostlyCorianders,DiligentDonuts,2703641
2026-07-01T17:31:02.716776,2026-07-01T17:31:02.727174+00:00,88.1,50,ask,DiligentDonuts,FlawlessFlatbreads,2703692
2026-07-01T17:31:03.105616,2026-07-01T17:31:03.116708+00:00,88.3,41,bid,CostlyCorianders,EarnestEspressos,2703697
2026-07-01T17:31:04.823132,2026-07-01T17:31:04.834796+00:00,88.2,2,ask,Kelvin Chan,FlawlessFlatbreads,2703730
2026-07-01T17:31:04.823132,2026-07-01T17:31:04.834796+00:00,87.9,48,ask,DiligentDonuts,FlawlessFlatbreads,2703731
2026-07-01T17:31:05.689440,2026-07-01T17:31:05.700839+00:00,87.9,46,ask,DiligentDonuts,CostlyCorianders,2703760
2026-07-01T17:31:06.932294,2026-07-01T17:31:06.958579+00:00,87.9,6,ask,DiligentDonuts,FlawlessFlatbreads,2703776
2026-07-01T17:31:07.254001,2026-07-01T17:31:07.255784+00:00,88.0,100,ask,EarnestEspressos,DiligentDonuts,2703780
2026-07-01T17:31:09.037818,2026-07-01T17:31:09.049298+00:00,88.0,50,ask,EarnestEspressos,FlawlessFlatbreads,2703805
2026-07-01T17:31:10.190510,2026-07-01T17:31:10.198888+00:00,87.5,100,ask,DiligentDonuts,EarnestEspressos,2703832
2026-07-01T17:31:10.200271,2026-07-01T17:31:10.211274+00:00,87.5,26,bid,Xuanyu Liu,EarnestEspressos,2703833
2026-07-01T17:31:10.203138,2026-07-01T17:31:10.211274+00:00,87.5,15,bid,Chester Au,EarnestEspressos,2703834
2026-07-01T17:31:11.094792,2026-07-01T17:31:11.106720+00:00,87.5,9,bid,FlawlessFlatbreads,EarnestEspressos,2703845
2026-07-01T17:31:11.094792,2026-07-01T17:31:11.106720+00:00,87.9,41,bid,FlawlessFlatbreads,DiligentDonuts,2703846
2026-07-01T17:31:13.210837,2026-07-01T17:31:13.221899+00:00,87.9,50,bid,FlawlessFlatbreads,DiligentDonuts,2703884
2026-07-01T17:31:13.608554,2026-07-01T17:31:13.622867+00:00,87.8,12,ask,EarnestEspressos,Xuanyu Liu,2703890
2026-07-01T17:31:14.009125,2026-07-01T17:31:14.020485+00:00,88.2,5,bid,CostlyCorianders,Kelvin Chan,2703903
2026-07-01T17:31:14.009125,2026-07-01T17:31:14.020485+00:00,88.3,43,bid,CostlyCorianders,EarnestEspressos,2703904
2026-07-01T17:31:15.001873,2026-07-01T17:31:15.013051+00:00,87.8,11,ask,EarnestEspressos,Xuanyu Liu,2703927
2026-07-01T17:31:17.020492,2026-07-01T17:31:17.027989+00:00,87.9,48,ask,EarnestEspressos,CostlyCorianders,2703967
2026-07-01T17:31:17.662015,2026-07-01T17:31:17.670021+00:00,88.3,49,bid,CostlyCorianders,DiligentDonuts,2703978
2026-07-01T17:31:17.716772,2026-07-01T17:31:17.725474+00:00,87.9,40,ask,EarnestEspressos,CostlyCorianders,2703980
2026-07-01T17:31:18.436512,2026-07-01T17:31:18.444895+00:00,87.9,3,ask,EarnestEspressos,Xuanyu Liu,2704000
2026-07-01T17:31:19.676169,2026-07-01T17:31:19.687473+00:00,87.8,100,ask,DiligentDonuts,EarnestEspressos,2704024
2026-07-01T17:31:19.896339,2026-07-01T17:31:19.902598+00:00,87.8,47,bid,CostlyCorianders,EarnestEspressos,2704028
2026-07-01T17:31:20.375892,2026-07-01T17:31:20.385178+00:00,87.8,2,bid,Xuanyu Liu,EarnestEspressos,2704038
2026-07-01T17:31:21.565179,2026-07-01T17:31:21.573322+00:00,87.8,1,bid,Xuanyu Liu,EarnestEspressos,2704062
2026-07-01T17:31:22.785773,2026-07-01T17:31:22.807797+00:00,88.0,100,bid,EarnestEspressos,DiligentDonuts,2704082
2026-07-01T17:31:22.798440,2026-07-01T17:31:22.807797+00:00,88.1,3,ask,EarnestEspressos,Xuanyu Liu,2704083
2026-07-01T17:31:24.942769,2026-07-01T17:31:24.949168+00:00,87.9,48,ask,DiligentDonuts,CostlyCorianders,2704113
2026-07-01T17:31:25.926802,2026-07-01T17:31:25.936678+00:00,87.9,49,ask,DiligentDonuts,FlawlessFlatbreads,2704125
2026-07-01T17:31:27.997861,2026-07-01T17:31:28.009301+00:00,87.9,49,bid,CostlyCorianders,EarnestEspressos,2704171
2026-07-01T17:31:28.036394,2026-07-01T17:31:28.058605+00:00,87.5,50,ask,DiligentDonuts,FlawlessFlatbreads,2704172
2026-07-01T17:31:28.563636,2026-07-01T17:31:28.575119+00:00,87.5,48,ask,DiligentDonuts,CostlyCorianders,2704185
2026-07-01T17:31:29.429113,2026-07-01T17:31:29.439448+00:00,87.7,3,bid,Xuanyu Liu,DiligentDonuts,2704203
2026-07-01T17:31:30.134089,2026-07-01T17:31:30.158630+00:00,87.5,42,ask,EarnestEspressos,CostlyCorianders,2704222
2026-07-01T17:31:30.144075,2026-07-01T17:31:30.158630+00:00,87.5,50,ask,EarnestEspressos,FlawlessFlatbreads,2704225
2026-07-01T17:31:31.837481,2026-07-01T17:31:31.858762+00:00,87.7,46,bid,CostlyCorianders,DiligentDonuts,2704260
2026-07-01T17:31:33.364874,2026-07-01T17:31:33.373456+00:00,87.7,11,bid,Xuanyu Liu,EarnestEspressos,2704294
2026-07-01T17:31:34.353695,2026-07-01T17:31:34.363929+00:00,87.4,50,ask,DiligentDonuts,FlawlessFlatbreads,2704308
2026-07-01T17:31:36.463738,2026-07-01T17:31:36.474250+00:00,87.4,50,ask,EarnestEspressos,FlawlessFlatbreads,2704349
2026-07-01T17:31:37.330981,2026-07-01T17:31:37.341500+00:00,87.8,40,bid,CostlyCorianders,DiligentDonuts,2704367
2026-07-01T17:31:38.961679,2026-07-01T17:31:38.970092+00:00,87.8,41,bid,CostlyCorianders,EarnestEspressos,2704395
2026-07-01T17:31:39.015064,2026-07-01T17:31:39.022385+00:00,87.5,47,ask,DiligentDonuts,CostlyCorianders,2704396
2026-07-01T17:31:41.290769,2026-07-01T17:31:41.294228+00:00,87.8,45,bid,CostlyCorianders,EarnestEspressos,2704444
2026-07-01T17:31:42.682964,2026-07-01T17:31:42.694173+00:00,87.5,40,ask,EarnestEspressos,CostlyCorianders,2704475
2026-07-01T17:31:42.779983,2026-07-01T17:31:42.791324+00:00,87.5,50,ask,EarnestEspressos,FlawlessFlatbreads,2704476
2026-07-01T17:31:43.890230,2026-07-01T17:31:43.899241+00:00,87.8,12,bid,Xuanyu Liu,DiligentDonuts,2704498
2026-07-01T17:31:44.887870,2026-07-01T17:31:44.895572+00:00,87.3,50,ask,DiligentDonuts,FlawlessFlatbreads,2704513
2026-07-01T17:31:45.235618,2026-07-01T17:31:45.246762+00:00,87.8,47,bid,CostlyCorianders,EarnestEspressos,2704519
2026-07-01T17:31:46.199474,2026-07-01T17:31:46.211236+00:00,87.4,42,ask,DiligentDonuts,CostlyCorianders,2704529
2026-07-01T17:31:47.088899,2026-07-01T17:31:47.098235+00:00,87.4,48,ask,DiligentDonuts,CostlyCorianders,2704541
2026-07-01T17:31:47.594787,2026-07-01T17:31:47.605213+00:00,87.8,49,bid,CostlyCorianders,EarnestEspressos,2704547
2026-07-01T17:31:48.390676,2026-07-01T17:31:48.402274+00:00,87.5,100,ask,EarnestEspressos,DiligentDonuts,2704561
2026-07-01T17:31:49.099617,2026-07-01T17:31:49.111102+00:00,87.5,50,ask,EarnestEspressos,FlawlessFlatbreads,2704572
2026-07-01T17:31:49.117778,2026-07-01T17:31:49.125779+00:00,87.5,1,bid,Xuanyu Liu,Kelvin Chan,2704573
2026-07-01T17:31:51.154214,2026-07-01T17:31:51.164017+00:00,88.0,50,bid,FlawlessFlatbreads,EarnestEspressos,2704604
2026-07-01T17:31:51.299553,2026-07-01T17:31:51.319607+00:00,87.2,5,ask,Kelvin Chan,CostlyCorianders,2704605
2026-07-01T17:31:51.299553,2026-07-01T17:31:51.319607+00:00,87.0,42,ask,EarnestEspressos,CostlyCorianders,2704606
2026-07-01T17:31:52.756918,2026-07-01T17:31:52.768468+00:00,87.5,44,bid,CostlyCorianders,EarnestEspressos,2704632
2026-07-01T17:31:53.260474,2026-07-01T17:31:53.271935+00:00,87.5,50,bid,FlawlessFlatbreads,EarnestEspressos,2704640
2026-07-01T17:31:53.313679,2026-07-01T17:31:53.325061+00:00,87.5,41,bid,CostlyCorianders,EarnestEspressos,2704641
2026-07-01T17:31:54.984936,2026-07-01T17:31:54.992201+00:00,87.4,41,ask,EarnestEspressos,CostlyCorianders,2704685
2026-07-01T17:31:55.370666,2026-07-01T17:31:55.379780+00:00,87.6,50,bid,FlawlessFlatbreads,DiligentDonuts,2704695
2026-07-01T17:31:57.078795,2026-07-01T17:31:57.090237+00:00,87.4,46,ask,EarnestEspressos,CostlyCorianders,2704730
2026-07-01T17:31:57.476209,2026-07-01T17:31:57.485216+00:00,87.6,50,bid,FlawlessFlatbreads,DiligentDonuts,2704741
2026-07-01T17:31:57.803457,2026-07-01T17:31:57.811611+00:00,87.5,1,bid,Xuanyu Liu,Kelvin Chan,2704746
2026-07-01T17:31:57.858211,2026-07-01T17:31:57.868789+00:00,87.5,1,ask,DiligentDonuts,Kelvin Chan,2704748
2026-07-01T17:31:59.587487,2026-07-01T17:31:59.595588+00:00,87.6,50,bid,FlawlessFlatbreads,EarnestEspressos,2704770
2026-07-01T17:32:00.752261,2026-07-01T17:32:00.763613+00:00,87.5,44,ask,DiligentDonuts,CostlyCorianders,2704780
2026-07-01T17:32:00.934990,2026-07-01T17:32:00.943676+00:00,87.5,2,ask,DiligentDonuts,Xuanyu Liu,2704788
2026-07-01T17:32:01.211595,2026-07-01T17:32:01.218739+00:00,87.6,1,bid,CostlyCorianders,Kelvin Chan,2704794
2026-07-01T17:32:01.211595,2026-07-01T17:32:01.223910+00:00,87.6,48,bid,CostlyCorianders,DiligentDonuts,2704795
2026-07-01T17:32:01.693752,2026-07-01T17:32:01.705159+00:00,87.6,50,bid,FlawlessFlatbreads,DiligentDonuts,2704802
2026-07-01T17:32:02.119832,2026-07-01T17:32:02.126700+00:00,87.6,2,bid,CostlyCorianders,Kelvin Chan,2704819
2026-07-01T17:32:02.119832,2026-07-01T17:32:02.131864+00:00,87.6,2,bid,CostlyCorianders,DiligentDonuts,2704820
2026-07-01T17:32:02.119832,2026-07-01T17:32:02.131864+00:00,87.7,43,bid,CostlyCorianders,EarnestEspressos,2704821
2026-07-01T17:32:03.336643,2026-07-01T17:32:03.358578+00:00,87.2,1,ask,Kelvin Chan,CostlyCorianders,2704843
2026-07-01T17:32:03.336643,2026-07-01T17:32:03.358578+00:00,87.2,43,ask,EarnestEspressos,CostlyCorianders,2704844
2026-07-01T17:32:03.804275,2026-07-01T17:32:03.815561+00:00,87.7,50,bid,FlawlessFlatbreads,EarnestEspressos,2704855
2026-07-01T17:32:05.915482,2026-07-01T17:32:05.926967+00:00,87.6,5,bid,FlawlessFlatbreads,Kelvin Chan,2704895
2026-07-01T17:32:05.915482,2026-07-01T17:32:05.926967+00:00,87.7,45,bid,FlawlessFlatbreads,EarnestEspressos,2704896
2026-07-01T17:32:06.405943,2026-07-01T17:32:06.414775+00:00,87.6,5,bid,CostlyCorianders,Kelvin Chan,2704904
2026-07-01T17:32:06.405943,2026-07-01T17:32:06.414775+00:00,87.7,43,bid,CostlyCorianders,EarnestEspressos,2704905
2026-07-01T17:32:06.916227,2026-07-01T17:32:06.926972+00:00,87.3,43,ask,DiligentDonuts,CostlyCorianders,2704915
2026-07-01T17:32:07.086892,2026-07-01T17:32:07.094929+00:00,87.6,12,ask,EarnestEspressos,Xuanyu Liu,2704917
2026-07-01T17:32:07.498013,2026-07-01T17:32:07.506028+00:00,87.6,14,ask,EarnestEspressos,Xuanyu Liu,2704929
2026-07-01T17:32:08.075483,2026-07-01T17:32:08.084511+00:00,87.6,50,ask,EarnestEspressos,FlawlessFlatbreads,2704940
2026-07-01T17:32:09.155290,2026-07-01T17:32:09.166563+00:00,87.7,5,bid,CostlyCorianders,Kelvin Chan,2704956
2026-07-01T17:32:09.155290,2026-07-01T17:32:09.166563+00:00,87.8,37,bid,CostlyCorianders,DiligentDonuts,2704957
2026-07-01T17:32:10.181739,2026-07-01T17:32:10.190898+00:00,87.6,50,ask,EarnestEspressos,FlawlessFlatbreads,2704978
2026-07-01T17:32:10.928059,2026-07-01T17:32:10.939539+00:00,87.1,43,ask,DiligentDonuts,CostlyCorianders,2704991
2026-07-01T17:32:11.578432,2026-07-01T17:32:11.590215+00:00,87.1,40,ask,DiligentDonuts,CostlyCorianders,2704997
2026-07-01T17:32:12.126853,2026-07-01T17:32:12.133640+00:00,87.1,17,ask,DiligentDonuts,CostlyCorianders,2705013
2026-07-01T17:32:12.317010,2026-07-01T17:32:12.329809+00:00,87.0,50,ask,EarnestEspressos,FlawlessFlatbreads,2705018
2026-07-01T17:32:13.097894,2026-07-01T17:32:13.109610+00:00,87.5,47,bid,CostlyCorianders,EarnestEspressos,2705036
2026-07-01T17:32:13.464849,2026-07-01T17:32:13.471987+00:00,87.3,3,bid,Xuanyu Liu,EarnestEspressos,2705042
2026-07-01T17:32:14.371611,2026-07-01T17:32:14.379459+00:00,87.3,50,bid,FlawlessFlatbreads,EarnestEspressos,2705062
2026-07-01T17:32:16.479238,2026-07-01T17:32:16.485581+00:00,87.3,50,bid,FlawlessFlatbreads,EarnestEspressos,2705096
2026-07-01T17:32:16.568069,2026-07-01T17:32:16.574373+00:00,87.3,100,bid,EarnestEspressos,DiligentDonuts,2705097
2026-07-01T17:32:17.171250,2026-07-01T17:32:17.180052+00:00,87.5,6,bid,CostlyCorianders,Kelvin Chan,2705106
2026-07-01T17:32:17.171250,2026-07-01T17:32:17.185277+00:00,87.7,41,bid,CostlyCorianders,DiligentDonuts,2705107
2026-07-01T17:32:18.585004,2026-07-01T17:32:18.596628+00:00,87.7,50,bid,FlawlessFlatbreads,DiligentDonuts,2705144
2026-07-01T17:32:18.775299,2026-07-01T17:32:18.786535+00:00,87.3,46,ask,EarnestEspressos,CostlyCorianders,2705146
2026-07-01T17:32:19.802474,2026-07-01T17:32:19.813962+00:00,87.2,100,ask,DiligentDonuts,EarnestEspressos,2705164
2026-07-01T17:32:19.815491,2026-07-01T17:32:19.823627+00:00,87.0,11,bid,Xuanyu Liu,EarnestEspressos,2705166
2026-07-01T17:32:19.959573,2026-07-01T17:32:19.967518+00:00,87.0,1,bid,Xuanyu Liu,EarnestEspressos,2705171
2026-07-01T17:32:19.999251,2026-07-01T17:32:20.010699+00:00,87.0,38,bid,DiligentDonuts,EarnestEspressos,2705173
2026-07-01T17:32:20.382981,2026-07-01T17:32:20.394616+00:00,87.0,42,ask,DiligentDonuts,CostlyCorianders,2705181
2026-07-01T17:32:20.692544,2026-07-01T17:32:20.703839+00:00,87.5,50,bid,FlawlessFlatbreads,DiligentDonuts,2705184
2026-07-01T17:32:24.027636,2026-07-01T17:32:24.038913+00:00,87.5,49,bid,CostlyCorianders,DiligentDonuts,2705244
2026-07-01T17:32:24.546534,2026-07-01T17:32:24.563079+00:00,87.2,12,ask,EarnestEspressos,Xuanyu Liu,2705258
2026-07-01T17:32:24.954618,2026-07-01T17:32:24.968961+00:00,87.2,50,ask,EarnestEspressos,FlawlessFlatbreads,2705264
2026-07-01T17:32:25.029032,2026-07-01T17:32:25.038312+00:00,87.2,44,ask,EarnestEspressos,CostlyCorianders,2705265
2026-07-01T17:32:27.011248,2026-07-01T17:32:27.022577+00:00,87.2,50,bid,FlawlessFlatbreads,EarnestEspressos,2705305
2026-07-01T17:32:29.112925,2026-07-01T17:32:29.123198+00:00,87.2,44,bid,CostlyCorianders,EarnestEspressos,2705347
2026-07-01T17:32:29.169750,2026-07-01T17:32:29.181180+00:00,87.1,50,ask,DiligentDonuts,FlawlessFlatbreads,2705348
2026-07-01T17:32:31.276986,2026-07-01T17:32:31.288465+00:00,87.0,50,ask,EarnestEspressos,FlawlessFlatbreads,2705376
2026-07-01T17:32:32.827705,2026-07-01T17:32:32.839299+00:00,87.1,49,bid,CostlyCorianders,DiligentDonuts,2705403
2026-07-01T17:32:32.912336,2026-07-01T17:32:32.923160+00:00,87.1,3,bid,Kelvin Chan,DiligentDonuts,2705404
2026-07-01T17:32:33.150784,2026-07-01T17:32:33.151705+00:00,87.1,2,bid,Kelvin Chan,DiligentDonuts,2705405
2026-07-01T17:32:33.251777,2026-07-01T17:32:33.253635+00:00,87.1,3,bid,Kelvin Chan,DiligentDonuts,2705406
2026-07-01T17:32:33.362567,2026-07-01T17:32:33.372867+00:00,87.1,2,bid,Kelvin Chan,DiligentDonuts,2705409
2026-07-01T17:32:33.384295,2026-07-01T17:32:33.395757+00:00,86.7,50,ask,EarnestEspressos,FlawlessFlatbreads,2705410
2026-07-01T17:32:33.388672,2026-07-01T17:32:33.395757+00:00,87.1,2,bid,Kelvin Chan,DiligentDonuts,2705411
2026-07-01T17:32:33.882468,2026-07-01T17:32:33.890491+00:00,87.1,2,bid,Kelvin Chan,DiligentDonuts,2705421
2026-07-01T17:32:33.933134,2026-07-01T17:32:33.940596+00:00,87.1,2,bid,Kelvin Chan,DiligentDonuts,2705422
2026-07-01T17:32:34.287545,2026-07-01T17:32:34.299584+00:00,87.1,2,bid,Kelvin Chan,DiligentDonuts,2705429
2026-07-01T17:32:34.558074,2026-07-01T17:32:34.566693+00:00,86.7,40,ask,EarnestEspressos,CostlyCorianders,2705434
2026-07-01T17:32:34.884990,2026-07-01T17:32:34.892628+00:00,87.1,2,bid,Kelvin Chan,DiligentDonuts,2705438
2026-07-01T17:32:35.617628,2026-07-01T17:32:35.627011+00:00,86.9,11,bid,Xuanyu Liu,EarnestEspressos,2705455
2026-07-01T17:32:35.815112,2026-07-01T17:32:35.826426+00:00,86.9,100,bid,DiligentDonuts,EarnestEspressos,2705460
2026-07-01T17:32:36.590246,2026-07-01T17:32:36.599416+00:00,86.9,39,bid,CostlyCorianders,EarnestEspressos,2705479
2026-07-01T17:32:37.596088,2026-07-01T17:32:37.607374+00:00,86.4,50,ask,EarnestEspressos,FlawlessFlatbreads,2705486
2026-07-01T17:32:38.051238,2026-07-01T17:32:38.058566+00:00,86.4,46,ask,EarnestEspressos,CostlyCorianders,2705496
2026-07-01T17:32:40.690927,2026-07-01T17:32:40.697812+00:00,87.0,42,bid,CostlyCorianders,EarnestEspressos,2705532
2026-07-01T17:32:41.576357,2026-07-01T17:32:41.585895+00:00,87.0,12,bid,Xuanyu Liu,EarnestEspressos,2705544
2026-07-01T17:32:41.805659,2026-07-01T17:32:41.817395+00:00,86.5,50,ask,EarnestEspressos,FlawlessFlatbreads,2705546
2026-07-01T17:32:41.846614,2026-07-01T17:32:41.858553+00:00,87.0,49,bid,CostlyCorianders,DiligentDonuts,2705547
2026-07-01T17:32:43.914465,2026-07-01T17:32:43.926046+00:00,86.8,50,ask,EarnestEspressos,FlawlessFlatbreads,2705572
2026-07-01T17:32:45.082443,2026-07-01T17:32:45.093615+00:00,86.8,43,ask,DiligentDonuts,CostlyCorianders,2705587
2026-07-01T17:32:46.023846,2026-07-01T17:32:46.033271+00:00,86.8,50,ask,DiligentDonuts,FlawlessFlatbreads,2705609
2026-07-01T17:32:49.475351,2026-07-01T17:32:49.482824+00:00,86.8,23,bid,Xuanyu Liu,DiligentDonuts,2705678
2026-07-01T17:32:50.621973,2026-07-01T17:32:50.633252+00:00,86.5,46,ask,EarnestEspressos,CostlyCorianders,2705704
2026-07-01T17:32:52.342968,2026-07-01T17:32:52.347698+00:00,86.2,50,ask,DiligentDonuts,FlawlessFlatbreads,2705743
2026-07-01T17:32:53.405284,2026-07-01T17:32:53.413628+00:00,86.5,11,bid,Xuanyu Liu,EarnestEspressos,2705764
2026-07-01T17:32:53.846959,2026-07-01T17:32:53.853099+00:00,86.5,43,bid,CostlyCorianders,EarnestEspressos,2705777
2026-07-01T17:32:54.449044,2026-07-01T17:32:54.463879+00:00,86.2,50,ask,DiligentDonuts,FlawlessFlatbreads,2705789
2026-07-01T17:32:55.434173,2026-07-01T17:32:55.445502+00:00,86.3,46,bid,CostlyCorianders,DiligentDonuts,2705808
2026-07-01T17:32:56.048786,2026-07-01T17:32:56.058891+00:00,86.1,46,ask,EarnestEspressos,CostlyCorianders,2705816
2026-07-01T17:32:56.505492,2026-07-01T17:32:56.515013+00:00,86.3,50,bid,FlawlessFlatbreads,DiligentDonuts,2705823
2026-07-01T17:32:56.673036,2026-07-01T17:32:56.679391+00:00,86.1,44,ask,EarnestEspressos,CostlyCorianders,2705826
2026-07-01T17:32:57.180224,2026-07-01T17:32:57.191525+00:00,86.3,4,bid,CostlyCorianders,DiligentDonuts,2705830
2026-07-01T17:32:57.180224,2026-07-01T17:32:57.191525+00:00,86.6,40,bid,CostlyCorianders,EarnestEspressos,2705831
2026-07-01T17:32:58.611965,2026-07-01T17:32:58.622431+00:00,86.3,50,bid,FlawlessFlatbreads,EarnestEspressos,2705864
2026-07-01T17:32:59.878214,2026-07-01T17:32:59.889792+00:00,86.3,44,bid,CostlyCorianders,EarnestEspressos,2705885
2026-07-01T17:33:00.727337,2026-07-01T17:33:00.738066+00:00,86.3,50,bid,FlawlessFlatbreads,EarnestEspressos,2705905
2026-07-01T17:33:00.860097,2026-07-01T17:33:00.871438+00:00,86.4,100,bid,EarnestEspressos,DiligentDonuts,2705908
2026-07-01T17:33:00.872660,2026-07-01T17:33:00.881872+00:00,86.4,23,ask,EarnestEspressos,Xuanyu Liu,2705909
2026-07-01T17:33:02.833497,2026-07-01T17:33:02.840330+00:00,86.6,6,bid,FlawlessFlatbreads,Kelvin Chan,2705940
2026-07-01T17:33:02.833497,2026-07-01T17:33:02.845316+00:00,86.8,44,bid,FlawlessFlatbreads,DiligentDonuts,2705941
2026-07-01T17:33:03.934535,2026-07-01T17:33:03.941119+00:00,86.4,27,ask,EarnestEspressos,CostlyCorianders,2705971
2026-07-01T17:33:03.934535,2026-07-01T17:33:03.946304+00:00,86.3,16,ask,DiligentDonuts,CostlyCorianders,2705972
2026-07-01T17:33:04.282160,2026-07-01T17:33:04.293421+00:00,86.5,100,bid,DiligentDonuts,EarnestEspressos,2705977
2026-07-01T17:33:07.045374,2026-07-01T17:33:07.063640+00:00,86.5,50,bid,FlawlessFlatbreads,EarnestEspressos,2706015
2026-07-01T17:33:07.803082,2026-07-01T17:33:07.814388+00:00,86.4,23,ask,EarnestEspressos,Xuanyu Liu,2706032
2026-07-01T17:33:09.088246,2026-07-01T17:33:09.098349+00:00,86.4,43,ask,EarnestEspressos,CostlyCorianders,2706049
2026-07-01T17:33:09.155663,2026-07-01T17:33:09.157461+00:00,86.6,4,bid,FlawlessFlatbreads,Kelvin Chan,2706050
2026-07-01T17:33:09.155663,2026-07-01T17:33:09.157461+00:00,86.6,46,bid,FlawlessFlatbreads,DiligentDonuts,2706051
2026-07-01T17:33:11.033429,2026-07-01T17:33:11.058875+00:00,86.3,1,ask,Kelvin Chan,CostlyCorianders,2706078
2026-07-01T17:33:11.033429,2026-07-01T17:33:11.058875+00:00,86.2,43,ask,DiligentDonuts,CostlyCorianders,2706079
2026-07-01T17:33:13.033294,2026-07-01T17:33:13.041979+00:00,86.6,45,bid,CostlyCorianders,EarnestEspressos,2706108
2026-07-01T17:33:13.368309,2026-07-01T17:33:13.379465+00:00,86.6,50,bid,FlawlessFlatbreads,EarnestEspressos,2706116
2026-07-01T17:33:15.160415,2026-07-01T17:33:15.171661+00:00,86.4,48,bid,CostlyCorianders,DiligentDonuts,2706152
2026-07-01T17:33:15.491507,2026-07-01T17:33:15.502825+00:00,86.4,50,bid,FlawlessFlatbreads,DiligentDonuts,2706166
2026-07-01T17:33:15.742275,2026-07-01T17:33:15.758583+00:00,86.3,43,ask,EarnestEspressos,CostlyCorianders,2706176
2026-07-01T17:33:17.597189,2026-07-01T17:33:17.608554+00:00,86.6,50,bid,FlawlessFlatbreads,EarnestEspressos,2706212
2026-07-01T17:33:18.476365,2026-07-01T17:33:18.487567+00:00,86.6,44,bid,CostlyCorianders,EarnestEspressos,2706228
2026-07-01T17:33:19.759543,2026-07-01T17:33:19.769125+00:00,86.3,1,ask,Kelvin Chan,FlawlessFlatbreads,2706244
2026-07-01T17:33:19.759543,2026-07-01T17:33:19.774137+00:00,86.2,49,ask,DiligentDonuts,FlawlessFlatbreads,2706245
2026-07-01T17:33:19.884840,2026-07-01T17:33:19.895029+00:00,86.5,11,ask,EarnestEspressos,Xuanyu Liu,2706247
2026-07-01T17:33:20.161391,2026-07-01T17:33:20.168998+00:00,86.5,100,ask,EarnestEspressos,DiligentDonuts,2706258
2026-07-01T17:33:20.699783,2026-07-01T17:33:20.713602+00:00,86.5,3,ask,EarnestEspressos,Xuanyu Liu,2706265
2026-07-01T17:33:23.922510,2026-07-01T17:33:23.931137+00:00,86.4,50,bid,FlawlessFlatbreads,EarnestEspressos,2706322
2026-07-01T17:33:26.030213,2026-07-01T17:33:26.040752+00:00,86.4,50,bid,FlawlessFlatbreads,EarnestEspressos,2706370
2026-07-01T17:33:28.191059,2026-07-01T17:33:28.202369+00:00,86.3,50,ask,EarnestEspressos,FlawlessFlatbreads,2706403
2026-07-01T17:33:32.400220,2026-07-01T17:33:32.408911+00:00,86.2,4,ask,Kelvin Chan,FlawlessFlatbreads,2706484
2026-07-01T17:33:32.400220,2026-07-01T17:33:32.408911+00:00,86.2,46,ask,EarnestEspressos,FlawlessFlatbreads,2706485
2026-07-01T17:33:34.059520,2026-07-01T17:33:34.072044+00:00,86.4,3,bid,Xuanyu Liu,EarnestEspressos,2706514
2026-07-01T17:33:34.274079,2026-07-01T17:33:34.285305+00:00,86.1,47,ask,DiligentDonuts,CostlyCorianders,2706531
2026-07-01T17:33:34.509176,2026-07-01T17:33:34.520627+00:00,86.1,50,ask,DiligentDonuts,FlawlessFlatbreads,2706534
2026-07-01T17:33:34.846494,2026-07-01T17:33:34.858743+00:00,86.3,3,ask,Kelvin Chan,Xuanyu Liu,2706539
2026-07-01T17:33:35.170389,2026-07-01T17:33:35.181764+00:00,86.1,3,ask,DiligentDonuts,CostlyCorianders,2706541
2026-07-01T17:33:35.170389,2026-07-01T17:33:35.181764+00:00,85.9,43,ask,EarnestEspressos,CostlyCorianders,2706542
2026-07-01T17:33:35.851894,2026-07-01T17:33:35.868961+00:00,86.2,5,bid,Kelvin Chan,EarnestEspressos,2706555
2026-07-01T17:33:36.525299,2026-07-01T17:33:36.534070+00:00,86.2,3,bid,Xuanyu Liu,EarnestEspressos,2706565
2026-07-01T17:33:36.743723,2026-07-01T17:33:36.755011+00:00,86.2,49,bid,CostlyCorianders,EarnestEspressos,2706573
2026-07-01T17:33:36.837534,2026-07-01T17:33:36.843319+00:00,86.2,5,bid,Kelvin Chan,EarnestEspressos,2706577
2026-07-01T17:33:37.415618,2026-07-01T17:33:37.427021+00:00,85.8,48,ask,DiligentDonuts,CostlyCorianders,2706588
2026-07-01T17:33:37.743356,2026-07-01T17:33:37.745923+00:00,86.2,5,bid,Kelvin Chan,EarnestEspressos,2706593
2026-07-01T17:33:38.723463,2026-07-01T17:33:38.730354+00:00,86.1,5,ask,Kelvin Chan,FlawlessFlatbreads,2706625
2026-07-01T17:33:38.723463,2026-07-01T17:33:38.735550+00:00,85.8,45,ask,DiligentDonuts,FlawlessFlatbreads,2706626
2026-07-01T17:33:39.095884,2026-07-01T17:33:39.104235+00:00,86.5,2,bid,CostlyCorianders,Kelvin Chan,2706641
2026-07-01T17:33:39.095884,2026-07-01T17:33:39.104235+00:00,86.5,40,bid,CostlyCorianders,EarnestEspressos,2706642
2026-07-01T17:33:39.137890,2026-07-01T17:33:39.146619+00:00,86.1,11,bid,Xuanyu Liu,DiligentDonuts,2706644
2026-07-01T17:33:39.591186,2026-07-01T17:33:39.597731+00:00,86.0,41,ask,EarnestEspressos,CostlyCorianders,2706646
2026-07-01T17:33:40.598486,2026-07-01T17:33:40.608325+00:00,86.1,12,bid,Xuanyu Liu,DiligentDonuts,2706661
2026-07-01T17:33:40.627499,2026-07-01T17:33:40.639149+00:00,86.1,46,bid,CostlyCorianders,DiligentDonuts,2706663
2026-07-01T17:33:40.831963,2026-07-01T17:33:40.838748+00:00,86.0,50,ask,EarnestEspressos,FlawlessFlatbreads,2706665
2026-07-01T17:33:42.940026,2026-07-01T17:33:42.958582+00:00,85.7,50,ask,EarnestEspressos,FlawlessFlatbreads,2706702
2026-07-01T17:33:43.223188,2026-07-01T17:33:43.231337+00:00,86.0,2,ask,Kelvin Chan,Xuanyu Liu,2706706
2026-07-01T17:33:43.441370,2026-07-01T17:33:43.450479+00:00,86.0,1,ask,Kelvin Chan,Xuanyu Liu,2706713
2026-07-01T17:33:43.497689,2026-07-01T17:33:43.507601+00:00,86.0,1,ask,Kelvin Chan,Xuanyu Liu,2706715
2026-07-01T17:33:43.887964,2026-07-01T17:33:43.896542+00:00,86.0,1,ask,Kelvin Chan,Xuanyu Liu,2706724
2026-07-01T17:33:43.915659,2026-07-01T17:33:43.927204+00:00,86.2,48,bid,CostlyCorianders,EarnestEspressos,2706726
2026-07-01T17:33:44.334676,2026-07-01T17:33:44.344161+00:00,86.0,1,ask,Kelvin Chan,Xuanyu Liu,2706732
2026-07-01T17:33:44.481221,2026-07-01T17:33:44.490041+00:00,86.0,1,ask,Kelvin Chan,Xuanyu Liu,2706734
2026-07-01T17:33:44.517116,2026-07-01T17:33:44.522664+00:00,86.0,1,ask,Kelvin Chan,Xuanyu Liu,2706736
2026-07-01T17:33:44.916826,2026-07-01T17:33:44.927883+00:00,85.7,43,ask,EarnestEspressos,CostlyCorianders,2706740
2026-07-01T17:33:44.934788,2026-07-01T17:33:44.942823+00:00,86.0,1,ask,Kelvin Chan,Xuanyu Liu,2706744
2026-07-01T17:33:44.971712,2026-07-01T17:33:44.980116+00:00,86.0,1,ask,Kelvin Chan,Xuanyu Liu,2706746
2026-07-01T17:33:45.048240,2026-07-01T17:33:45.058561+00:00,85.7,50,ask,EarnestEspressos,FlawlessFlatbreads,2706749
2026-07-01T17:33:45.242619,2026-07-01T17:33:45.254111+00:00,85.7,100,ask,DiligentDonuts,EarnestEspressos,2706755
2026-07-01T17:33:45.261562,2026-07-01T17:33:45.276661+00:00,85.6,2,bid,Xuanyu Liu,EarnestEspressos,2706758
2026-07-01T17:33:45.277833,2026-07-01T17:33:45.287790+00:00,85.6,8,bid,Xuanyu Liu,EarnestEspressos,2706760
2026-07-01T17:33:45.984248,2026-07-01T17:33:45.995939+00:00,85.6,40,bid,CostlyCorianders,EarnestEspressos,2706775
2026-07-01T17:33:45.984248,2026-07-01T17:33:45.995939+00:00,85.6,7,bid,CostlyCorianders,DiligentDonuts,2706776
2026-07-01T17:33:46.619444,2026-07-01T17:33:46.630904+00:00,85.1,42,ask,EarnestEspressos,CostlyCorianders,2706786
2026-07-01T17:33:47.103583,2026-07-01T17:33:47.112945+00:00,85.6,50,bid,FlawlessFlatbreads,DiligentDonuts,2706792
2026-07-01T17:33:49.210298,2026-07-01T17:33:49.221881+00:00,85.7,50,bid,FlawlessFlatbreads,DiligentDonuts,2706829
2026-07-01T17:33:49.623798,2026-07-01T17:33:49.635059+00:00,85.4,40,ask,EarnestEspressos,CostlyCorianders,2706839
2026-07-01T17:33:49.775155,2026-07-01T17:33:49.782595+00:00,85.7,11,bid,Xuanyu Liu,DiligentDonuts,2706841
2026-07-01T17:33:51.047958,2026-07-01T17:33:51.063632+00:00,85.7,39,bid,CostlyCorianders,DiligentDonuts,2706868
2026-07-01T17:33:51.047958,2026-07-01T17:33:51.063632+00:00,85.9,1,bid,CostlyCorianders,EarnestEspressos,2706869
2026-07-01T17:33:51.320310,2026-07-01T17:33:51.331602+00:00,85.9,50,bid,FlawlessFlatbreads,EarnestEspressos,2706877
2026-07-01T17:33:53.079586,2026-07-01T17:33:53.091043+00:00,85.7,42,ask,DiligentDonuts,CostlyCorianders,2706904
2026-07-01T17:33:53.427013,2026-07-01T17:33:53.458541+00:00,86.1,5,bid,FlawlessFlatbreads,Kelvin Chan,2706907
2026-07-01T17:33:53.427013,2026-07-01T17:33:53.458541+00:00,86.1,45,bid,FlawlessFlatbreads,EarnestEspressos,2706908
2026-07-01T17:33:54.232198,2026-07-01T17:33:54.244036+00:00,86.0,5,bid,CostlyCorianders,Kelvin Chan,2706927
2026-07-01T17:33:54.232198,2026-07-01T17:33:54.244036+00:00,86.1,43,bid,CostlyCorianders,EarnestEspressos,2706928
2026-07-01T17:33:54.701892,2026-07-01T17:33:54.711819+00:00,86.2,100,bid,EarnestEspressos,DiligentDonuts,2706934
2026-07-01T17:33:54.762380,2026-07-01T17:33:54.772121+00:00,86.2,23,ask,EarnestEspressos,Xuanyu Liu,2706938
2026-07-01T17:33:54.795371,2026-07-01T17:33:54.802017+00:00,86.2,27,ask,EarnestEspressos,CostlyCorianders,2706943
2026-07-01T17:33:54.795371,2026-07-01T17:33:54.807352+00:00,85.7,18,ask,DiligentDonuts,CostlyCorianders,2706944
2026-07-01T17:33:55.024121,2026-07-01T17:33:55.032512+00:00,86.0,14,ask,DiligentDonuts,Xuanyu Liu,2706948
2026-07-01T17:33:55.534415,2026-07-01T17:33:55.544867+00:00,86.5,50,bid,FlawlessFlatbreads,DiligentDonuts,2706964
2026-07-01T17:33:55.874553,2026-07-01T17:33:55.885821+00:00,86.0,45,ask,DiligentDonuts,CostlyCorianders,2706972
2026-07-01T17:33:56.361541,2026-07-01T17:33:56.372702+00:00,86.5,45,bid,CostlyCorianders,DiligentDonuts,2706984
2026-07-01T17:33:56.486784,2026-07-01T17:33:56.495235+00:00,86.1,3,bid,Xuanyu Liu,Kelvin Chan,2706987
2026-07-01T17:33:57.051734,2026-07-01T17:33:57.068650+00:00,86.1,2,bid,CostlyCorianders,Kelvin Chan,2707006
2026-07-01T17:33:57.051734,2026-07-01T17:33:57.068650+00:00,86.5,5,bid,CostlyCorianders,DiligentDonuts,2707007
2026-07-01T17:33:57.108004,2026-07-01T17:33:57.119503+00:00,86.0,40,ask,DiligentDonuts,CostlyCorianders,2707013
2026-07-01T17:33:57.642521,2026-07-01T17:33:57.658558+00:00,86.1,5,bid,FlawlessFlatbreads,Kelvin Chan,2707019
2026-07-01T17:33:57.642521,2026-07-01T17:33:57.658558+00:00,86.7,45,bid,FlawlessFlatbreads,EarnestEspressos,2707020
2026-07-01T17:33:59.756607,2026-07-01T17:33:59.748443+00:00,86.1,50,bid,FlawlessFlatbreads,EarnestEspressos,2707067
2026-07-01T17:34:00.375820,2026-07-01T17:34:00.383429+00:00,86.1,45,bid,CostlyCorianders,EarnestEspressos,2707073
2026-07-01T17:34:01.581849,2026-07-01T17:34:01.591269+00:00,86.0,3,ask,EarnestEspressos,Xuanyu Liu,2707101
2026-07-01T17:34:01.870371,2026-07-01T17:34:01.880116+00:00,86.1,2,bid,FlawlessFlatbreads,Kelvin Chan,2707105
2026-07-01T17:34:01.870371,2026-07-01T17:34:01.880116+00:00,86.4,48,bid,FlawlessFlatbreads,DiligentDonuts,2707106
2026-07-01T17:34:03.449139,2026-07-01T17:34:03.455314+00:00,86.0,45,ask,EarnestEspressos,CostlyCorianders,2707148
2026-07-01T17:34:06.131723,2026-07-01T17:34:06.142456+00:00,85.9,50,ask,DiligentDonuts,FlawlessFlatbreads,2707200
2026-07-01T17:34:07.842408,2026-07-01T17:34:07.844017+00:00,86.2,3,bid,CostlyCorianders,Kelvin Chan,2707234
2026-07-01T17:34:07.842408,2026-07-01T17:34:07.844017+00:00,86.3,38,bid,CostlyCorianders,EarnestEspressos,2707235
2026-07-01T17:34:08.187315,2026-07-01T17:34:08.198840+00:00,86.3,50,bid,FlawlessFlatbreads,EarnestEspressos,2707241
2026-07-01T17:34:08.504056,2026-07-01T17:34:08.514492+00:00,85.8,40,ask,EarnestEspressos,CostlyCorianders,2707244
2026-07-01T17:34:10.293784,2026-07-01T17:34:10.305113+00:00,86.2,2,bid,FlawlessFlatbreads,Kelvin Chan,2707285
2026-07-01T17:34:10.293784,2026-07-01T17:34:10.305113+00:00,86.3,48,bid,FlawlessFlatbreads,EarnestEspressos,2707286
2026-07-01T17:34:11.172664,2026-07-01T17:34:11.180500+00:00,85.9,3,ask,Kelvin Chan,CostlyCorianders,2707306
2026-07-01T17:34:11.172664,2026-07-01T17:34:11.180500+00:00,85.9,39,ask,EarnestEspressos,CostlyCorianders,2707307
2026-07-01T17:34:12.419850,2026-07-01T17:34:12.431278+00:00,86.1,50,bid,FlawlessFlatbreads,DiligentDonuts,2707330
2026-07-01T17:34:14.528234,2026-07-01T17:34:14.538555+00:00,86.2,3,bid,FlawlessFlatbreads,Kelvin Chan,2707376
2026-07-01T17:34:14.528234,2026-07-01T17:34:14.538555+00:00,86.4,47,bid,FlawlessFlatbreads,EarnestEspressos,2707377
2026-07-01T17:34:15.518096,2026-07-01T17:34:15.529789+00:00,86.4,45,bid,CostlyCorianders,EarnestEspressos,2707391
2026-07-01T17:34:15.976011,2026-07-01T17:34:15.987406+00:00,86.4,45,bid,CostlyCorianders,EarnestEspressos,2707402
2026-07-01T17:34:16.645034,2026-07-01T17:34:16.656470+00:00,86.4,13,bid,FlawlessFlatbreads,EarnestEspressos,2707408
2026-07-01T17:34:16.645034,2026-07-01T17:34:16.656470+00:00,86.4,37,bid,FlawlessFlatbreads,DiligentDonuts,2707409
2026-07-01T17:34:16.831171,2026-07-01T17:34:16.838959+00:00,86.4,63,bid,EarnestEspressos,DiligentDonuts,2707410
2026-07-01T17:34:16.898175,2026-07-01T17:34:16.908301+00:00,86.4,14,ask,EarnestEspressos,Xuanyu Liu,2707412
2026-07-01T17:34:16.901267,2026-07-01T17:34:16.908301+00:00,86.4,73,ask,EarnestEspressos,Chester Au,2707413
2026-07-01T17:34:17.077835,2026-07-01T17:34:17.085673+00:00,86.1,48,ask,DiligentDonuts,CostlyCorianders,2707421
2026-07-01T17:34:18.602725,2026-07-01T17:34:18.614105+00:00,86.6,42,bid,CostlyCorianders,DiligentDonuts,2707452
2026-07-01T17:34:18.657562,2026-07-01T17:34:18.668897+00:00,86.1,46,ask,DiligentDonuts,CostlyCorianders,2707454
2026-07-01T17:34:18.755098,2026-07-01T17:34:18.766790+00:00,86.6,50,bid,FlawlessFlatbreads,DiligentDonuts,2707456
2026-07-01T17:34:19.747544,2026-07-01T17:34:19.763721+00:00,86.1,6,ask,DiligentDonuts,CostlyCorianders,2707468
2026-07-01T17:34:19.747544,2026-07-01T17:34:19.763721+00:00,86.0,2,ask,Kelvin Chan,CostlyCorianders,2707469
2026-07-01T17:34:19.999892,2026-07-01T17:34:20.008438+00:00,86.3,4,bid,Xuanyu Liu,Kelvin Chan,2707477
2026-07-01T17:34:20.059480,2026-07-01T17:34:20.067287+00:00,86.3,7,bid,Xuanyu Liu,EarnestEspressos,2707481
2026-07-01T17:34:20.882669,2026-07-01T17:34:20.893894+00:00,86.3,50,bid,FlawlessFlatbreads,EarnestEspressos,2707504
2026-07-01T17:34:21.265437,2026-07-01T17:34:21.272902+00:00,86.3,3,bid,Xuanyu Liu,EarnestEspressos,2707515
2026-07-01T17:34:22.312384,2026-07-01T17:34:22.323729+00:00,86.3,47,bid,CostlyCorianders,EarnestEspressos,2707537
2026-07-01T17:34:22.934624,2026-07-01T17:34:22.942906+00:00,86.3,43,bid,CostlyCorianders,EarnestEspressos,2707545
2026-07-01T17:34:22.934624,2026-07-01T17:34:22.942906+00:00,86.3,2,bid,CostlyCorianders,Kelvin Chan,2707546
2026-07-01T17:34:22.991801,2026-07-01T17:34:22.998177+00:00,86.7,50,bid,FlawlessFlatbreads,DiligentDonuts,2707551
2026-07-01T17:34:23.169419,2026-07-01T17:34:23.180725+00:00,86.7,50,bid,EarnestEspressos,DiligentDonuts,2707557
2026-07-01T17:34:23.235557,2026-07-01T17:34:23.241451+00:00,86.7,4,ask,EarnestEspressos,Chester Au,2707563
2026-07-01T17:34:23.238079,2026-07-01T17:34:23.241451+00:00,86.7,4,ask,EarnestEspressos,Xuanyu Liu,2707564
2026-07-01T17:34:24.197291,2026-07-01T17:34:24.202999+00:00,86.7,3,ask,EarnestEspressos,Chester Au,2707584
2026-07-01T17:34:24.203478,2026-07-01T17:34:24.218620+00:00,86.7,3,ask,EarnestEspressos,Xuanyu Liu,2707585
2026-07-01T17:34:24.795972,2026-07-01T17:34:24.804374+00:00,86.7,48,ask,EarnestEspressos,CostlyCorianders,2707596
2026-07-01T17:34:24.879052,2026-07-01T17:34:24.889484+00:00,86.7,3,ask,EarnestEspressos,Xuanyu Liu,2707598
2026-07-01T17:34:24.888531,2026-07-01T17:34:24.904731+00:00,86.7,3,ask,EarnestEspressos,Chester Au,2707599
2026-07-01T17:34:24.917723,2026-07-01T17:34:24.930757+00:00,86.7,32,ask,EarnestEspressos,Chester Au,2707601
2026-07-01T17:34:24.917723,2026-07-01T17:34:24.930757+00:00,86.7,85,ask,DiligentDonuts,Chester Au,2707602
2026-07-01T17:34:24.922445,2026-07-01T17:34:24.930757+00:00,86.7,4,ask,DiligentDonuts,Xuanyu Liu,2707603
2026-07-01T17:34:25.251994,2026-07-01T17:34:25.258635+00:00,86.7,11,ask,DiligentDonuts,CostlyCorianders,2707614
2026-07-01T17:34:27.349081,2026-07-01T17:34:27.345678+00:00,86.4,50,ask,DiligentDonuts,FlawlessFlatbreads,2707656
2026-07-01T17:34:28.433399,2026-07-01T17:34:28.444916+00:00,86.4,42,ask,DiligentDonuts,CostlyCorianders,2707684
2026-07-01T17:34:29.455631,2026-07-01T17:34:29.463593+00:00,86.4,8,ask,DiligentDonuts,FlawlessFlatbreads,2707704
2026-07-01T17:34:29.455631,2026-07-01T17:34:29.468986+00:00,86.2,4,ask,Kelvin Chan,FlawlessFlatbreads,2707705
2026-07-01T17:34:29.764909,2026-07-01T17:34:29.773148+00:00,86.6,11,bid,Xuanyu Liu,EarnestEspressos,2707710
2026-07-01T17:34:30.969985,2026-07-01T17:34:30.978440+00:00,86.6,3,bid,Xuanyu Liu,EarnestEspressos,2707741
2026-07-01T17:34:31.563497,2026-07-01T17:34:31.574772+00:00,86.1,50,ask,EarnestEspressos,FlawlessFlatbreads,2707755
2026-07-01T17:34:32.438260,2026-07-01T17:34:32.449461+00:00,86.6,46,bid,CostlyCorianders,EarnestEspressos,2707775
2026-07-01T17:34:33.670010,2026-07-01T17:34:33.680724+00:00,86.4,50,ask,EarnestEspressos,FlawlessFlatbreads,2707802
2026-07-01T17:34:34.076758,2026-07-01T17:34:34.086613+00:00,86.5,1,bid,CostlyCorianders,Kelvin Chan,2707811
2026-07-01T17:34:34.076758,2026-07-01T17:34:34.086613+00:00,86.8,42,bid,CostlyCorianders,DiligentDonuts,2707812
2026-07-01T17:34:35.783351,2026-07-01T17:34:35.795567+00:00,86.3,50,ask,DiligentDonuts,FlawlessFlatbreads,2707841
2026-07-01T17:34:37.889581,2026-07-01T17:34:37.900887+00:00,86.2,4,ask,Kelvin Chan,FlawlessFlatbreads,2707886
2026-07-01T17:34:37.889581,2026-07-01T17:34:37.900887+00:00,86.1,46,ask,DiligentDonuts,FlawlessFlatbreads,2707887
2026-07-01T17:34:39.635971,2026-07-01T17:34:39.643708+00:00,86.3,100,bid,Chester Au,DiligentDonuts,2707926
2026-07-01T17:34:40.012759,2026-07-01T17:34:40.024603+00:00,86.2,5,ask,Kelvin Chan,FlawlessFlatbreads,2707929
2026-07-01T17:34:40.012759,2026-07-01T17:34:40.024603+00:00,85.9,45,ask,EarnestEspressos,FlawlessFlatbreads,2707930
2026-07-01T17:34:40.575812,2026-07-01T17:34:40.587036+00:00,85.9,46,ask,EarnestEspressos,CostlyCorianders,2707946
2026-07-01T17:34:41.473573,2026-07-01T17:34:41.484864+00:00,85.9,45,ask,EarnestEspressos,CostlyCorianders,2707961
2026-07-01T17:34:42.215975,2026-07-01T17:34:42.236454+00:00,85.8,100,ask,DiligentDonuts,EarnestEspressos,2707977
2026-07-01T17:34:42.225882,2026-07-01T17:34:42.236454+00:00,85.8,50,bid,Chester Au,EarnestEspressos,2707978
2026-07-01T17:34:42.531564,2026-07-01T17:34:42.538000+00:00,86.2,46,bid,CostlyCorianders,DiligentDonuts,2707993
2026-07-01T17:34:45.179221,2026-07-01T17:34:45.189039+00:00,86.1,5,ask,Kelvin Chan,CostlyCorianders,2708042
2026-07-01T17:34:46.306950,2026-07-01T17:34:46.314838+00:00,86.4,1,bid,FlawlessFlatbreads,Kelvin Chan,2708056
2026-07-01T17:34:46.306950,2026-07-01T17:34:46.314838+00:00,86.5,49,bid,FlawlessFlatbreads,EarnestEspressos,2708057
2026-07-01T17:34:47.288158,2026-07-01T17:34:47.298180+00:00,86.5,43,bid,CostlyCorianders,EarnestEspressos,2708089
2026-07-01T17:34:48.466172,2026-07-01T17:34:48.469379+00:00,86.1,3,ask,Kelvin Chan,FlawlessFlatbreads,2708105
2026-07-01T17:34:48.466172,2026-07-01T17:34:48.469379+00:00,86.0,47,ask,DiligentDonuts,FlawlessFlatbreads,2708106
2026-07-01T17:34:48.727976,2026-07-01T17:34:48.737453+00:00,86.4,100,ask,EarnestEspressos,DiligentDonuts,2708122
2026-07-01T17:34:50.053837,2026-07-01T17:34:50.065093+00:00,86.4,40,ask,EarnestEspressos,CostlyCorianders,2708151
2026-07-01T17:34:50.574234,2026-07-01T17:34:50.583656+00:00,86.4,10,ask,EarnestEspressos,FlawlessFlatbreads,2708158
2026-07-01T17:34:51.564766,2026-07-01T17:34:51.574884+00:00,86.1,2,ask,Kelvin Chan,CostlyCorianders,2708182
2026-07-01T17:34:52.602990,2026-07-01T17:34:52.614299+00:00,86.3,40,bid,CostlyCorianders,EarnestEspressos,2708204
2026-07-01T17:34:52.628197,2026-07-01T17:34:52.639563+00:00,86.3,50,bid,FlawlessFlatbreads,EarnestEspressos,2708205
2026-07-01T17:34:54.739011,2026-07-01T17:34:54.748487+00:00,86.3,50,bid,FlawlessFlatbreads,EarnestEspressos,2708253
2026-07-01T17:34:56.902180,2026-07-01T17:34:56.913719+00:00,86.3,50,ask,EarnestEspressos,FlawlessFlatbreads,2708297
2026-07-01T17:35:00.713381,2026-07-01T17:35:00.723701+00:00,86.2,2,ask,Kelvin Chan,CostlyCorianders,2708379
2026-07-01T17:35:00.713381,2026-07-01T17:35:00.723701+00:00,86.2,43,ask,DiligentDonuts,CostlyCorianders,2708380
2026-07-01T17:35:01.224190,2026-07-01T17:35:01.235478+00:00,86.7,40,bid,CostlyCorianders,DiligentDonuts,2708392
2026-07-01T17:35:03.167528,2026-07-01T17:35:03.174501+00:00,86.5,3,bid,FlawlessFlatbreads,Kelvin Chan,2708432
2026-07-01T17:35:05.273928,2026-07-01T17:35:05.285201+00:00,86.7,50,bid,FlawlessFlatbreads,EarnestEspressos,2708467
2026-07-01T17:35:05.623048,2026-07-01T17:35:05.634516+00:00,86.2,41,ask,EarnestEspressos,CostlyCorianders,2708470
2026-07-01T17:35:07.439537,2026-07-01T17:35:07.464057+00:00,86.2,50,ask,DiligentDonuts,FlawlessFlatbreads,2708512
2026-07-01T17:35:08.311768,2026-07-01T17:35:08.321054+00:00,86.0,41,ask,EarnestEspressos,CostlyCorianders,2708529
2026-07-01T17:35:08.921502,2026-07-01T17:35:08.932686+00:00,86.4,49,bid,CostlyCorianders,DiligentDonuts,2708541
2026-07-01T17:35:09.932970,2026-07-01T17:35:09.944301+00:00,86.4,49,bid,CostlyCorianders,DiligentDonuts,2708561
2026-07-01T17:35:11.537081,2026-07-01T17:35:11.543483+00:00,86.1,48,ask,DiligentDonuts,CostlyCorianders,2708588
2026-07-01T17:35:11.650568,2026-07-01T17:35:11.658542+00:00,86.1,50,ask,DiligentDonuts,FlawlessFlatbreads,2708597
2026-07-01T17:35:12.146335,2026-07-01T17:35:12.143350+00:00,86.2,40,bid,CostlyCorianders,EarnestEspressos,2708610
2026-07-01T17:35:13.707311,2026-07-01T17:35:13.718755+00:00,86.2,50,bid,FlawlessFlatbreads,EarnestEspressos,2708637
2026-07-01T17:35:14.387935,2026-07-01T17:35:14.395813+00:00,86.2,42,ask,EarnestEspressos,CostlyCorianders,2708647
2026-07-01T17:35:16.776063,2026-07-01T17:35:16.784913+00:00,86.4,41,bid,CostlyCorianders,DiligentDonuts,2708702
2026-07-01T17:35:17.920541,2026-07-01T17:35:17.929885+00:00,86.5,3,bid,FlawlessFlatbreads,Kelvin Chan,2708717
2026-07-01T17:35:17.920541,2026-07-01T17:35:17.929885+00:00,86.6,47,bid,FlawlessFlatbreads,EarnestEspressos,2708718
2026-07-01T17:35:19.266156,2026-07-01T17:35:19.277547+00:00,86.1,49,ask,EarnestEspressos,CostlyCorianders,2708738
2026-07-01T17:35:19.727678,2026-07-01T17:35:19.739104+00:00,86.6,45,bid,CostlyCorianders,EarnestEspressos,2708753
2026-07-01T17:35:20.031795,2026-07-01T17:35:20.041637+00:00,86.6,50,bid,FlawlessFlatbreads,EarnestEspressos,2708762
2026-07-01T17:35:20.164820,2026-07-01T17:35:20.175836+00:00,86.3,3,ask,EarnestEspressos,Xuanyu Liu,2708768
2026-07-01T17:35:21.470525,2026-07-01T17:35:21.481755+00:00,86.3,49,ask,EarnestEspressos,CostlyCorianders,2708800
2026-07-01T17:35:21.629602,2026-07-01T17:35:21.637661+00:00,86.4,3,bid,Xuanyu Liu,DiligentDonuts,2708803
2026-07-01T17:35:22.144419,2026-07-01T17:35:22.163931+00:00,86.4,50,bid,FlawlessFlatbreads,DiligentDonuts,2708812
2026-07-01T17:35:24.251752,2026-07-01T17:35:24.263801+00:00,86.7,50,bid,FlawlessFlatbreads,DiligentDonuts,2708853
2026-07-01T17:35:24.843984,2026-07-01T17:35:24.848333+00:00,86.3,46,ask,EarnestEspressos,CostlyCorianders,2708865
2026-07-01T17:35:26.358464,2026-07-01T17:35:26.366947+00:00,86.7,50,bid,FlawlessFlatbreads,DiligentDonuts,2708894
2026-07-01T17:35:26.675529,2026-07-01T17:35:26.685188+00:00,86.6,100,bid,DiligentDonuts,EarnestEspressos,2708899
2026-07-01T17:35:28.471396,2026-07-01T17:35:28.479701+00:00,86.6,50,bid,FlawlessFlatbreads,EarnestEspressos,2708928
2026-07-01T17:35:29.632815,2026-07-01T17:35:29.644281+00:00,86.8,150,ask,EarnestEspressos,Chester Au,2708940
2026-07-01T17:35:29.931212,2026-07-01T17:35:29.940426+00:00,86.8,43,bid,CostlyCorianders,DiligentDonuts,2708948
2026-07-01T17:35:30.578244,2026-07-01T17:35:30.589488+00:00,86.8,50,bid,FlawlessFlatbreads,DiligentDonuts,2708957
2026-07-01T17:35:32.118253,2026-07-01T17:35:32.127883+00:00,86.8,7,bid,CostlyCorianders,DiligentDonuts,2708976
2026-07-01T17:35:32.713775,2026-07-01T17:35:32.723189+00:00,87.3,50,bid,FlawlessFlatbreads,EarnestEspressos,2708987
2026-07-01T17:35:32.713926,2026-07-01T17:35:32.723189+00:00,86.3,46,ask,DiligentDonuts,CostlyCorianders,2708988
2026-07-01T17:35:34.822947,2026-07-01T17:35:34.834283+00:00,86.6,50,bid,FlawlessFlatbreads,EarnestEspressos,2709024
2026-07-01T17:35:36.930247,2026-07-01T17:35:36.937046+00:00,86.8,50,bid,FlawlessFlatbreads,EarnestEspressos,2709069
2026-07-01T17:35:38.686329,2026-07-01T17:35:38.689917+00:00,86.4,14,ask,DiligentDonuts,Xuanyu Liu,2709109
2026-07-01T17:35:39.036110,2026-07-01T17:35:39.047823+00:00,86.6,10,bid,FlawlessFlatbreads,Kelvin Chan,2709116
2026-07-01T17:35:39.133124,2026-07-01T17:35:39.136887+00:00,86.5,12,ask,EarnestEspressos,Xuanyu Liu,2709120
2026-07-01T17:35:39.586590,2026-07-01T17:35:39.598154+00:00,86.5,49,ask,EarnestEspressos,CostlyCorianders,2709126
2026-07-01T17:35:41.036285,2026-07-01T17:35:41.047584+00:00,86.7,4,bid,CostlyCorianders,Kelvin Chan,2709166
2026-07-01T17:35:41.036285,2026-07-01T17:35:41.047584+00:00,86.7,40,bid,CostlyCorianders,DiligentDonuts,2709167
2026-07-01T17:35:41.143791,2026-07-01T17:35:41.155210+00:00,86.7,50,bid,FlawlessFlatbreads,DiligentDonuts,2709168
2026-07-01T17:35:41.695280,2026-07-01T17:35:41.707091+00:00,86.7,10,bid,CostlyCorianders,DiligentDonuts,2709174
2026-07-01T17:35:41.695280,2026-07-01T17:35:41.707091+00:00,87.0,31,bid,CostlyCorianders,EarnestEspressos,2709175
2026-07-01T17:35:42.628359,2026-07-01T17:35:42.635939+00:00,86.8,34,ask,DiligentDonuts,Xuanyu Liu,2709193
2026-07-01T17:35:43.264803,2026-07-01T17:35:43.274100+00:00,87.2,50,bid,FlawlessFlatbreads,EarnestEspressos,2709202
2026-07-01T17:35:43.274437,2026-07-01T17:35:43.284694+00:00,86.8,43,ask,DiligentDonuts,CostlyCorianders,2709203
2026-07-01T17:35:43.859478,2026-07-01T17:35:43.868889+00:00,86.8,23,ask,DiligentDonuts,CostlyCorianders,2709214
2026-07-01T17:35:43.859478,2026-07-01T17:35:43.868889+00:00,86.7,26,ask,EarnestEspressos,CostlyCorianders,2709215
2026-07-01T17:35:45.332401,2026-07-01T17:35:45.341756+00:00,86.8,3,bid,EarnestEspressos,Kelvin Chan,2709238
2026-07-01T17:35:45.372903,2026-07-01T17:35:45.379686+00:00,87.2,50,bid,FlawlessFlatbreads,EarnestEspressos,2709240
2026-07-01T17:35:45.575834,2026-07-01T17:35:45.585002+00:00,86.9,2,ask,EarnestEspressos,Kelvin Chan,2709250
2026-07-01T17:35:45.630543,2026-07-01T17:35:45.638035+00:00,86.9,3,ask,EarnestEspressos,Kelvin Chan,2709252
2026-07-01T17:35:45.695485,2026-07-01T17:35:45.706671+00:00,86.9,100,ask,EarnestEspressos,DiligentDonuts,2709256
2026-07-01T17:35:45.919286,2026-07-01T17:35:45.925780+00:00,87.4,46,bid,CostlyCorianders,EarnestEspressos,2709262
2026-07-01T17:35:46.371790,2026-07-01T17:35:46.392372+00:00,86.9,3,ask,EarnestEspressos,Kelvin Chan,2709271
2026-07-01T17:35:46.441156,2026-07-01T17:35:46.450600+00:00,86.9,3,ask,EarnestEspressos,Kelvin Chan,2709272
2026-07-01T17:35:46.476732,2026-07-01T17:35:46.486111+00:00,86.9,3,ask,EarnestEspressos,Kelvin Chan,2709273
2026-07-01T17:35:46.564901,2026-07-01T17:35:46.573453+00:00,86.9,3,ask,EarnestEspressos,Kelvin Chan,2709278
2026-07-01T17:35:46.575521,2026-07-01T17:35:46.589703+00:00,86.9,3,ask,EarnestEspressos,Kelvin Chan,2709280
2026-07-01T17:35:46.641419,2026-07-01T17:35:46.651423+00:00,86.9,3,ask,EarnestEspressos,Kelvin Chan,2709282
2026-07-01T17:35:46.664344,2026-07-01T17:35:46.675701+00:00,86.9,3,ask,EarnestEspressos,Xuanyu Liu,2709283
2026-07-01T17:35:46.692472,2026-07-01T17:35:46.703693+00:00,86.9,3,ask,EarnestEspressos,Kelvin Chan,2709284
2026-07-01T17:35:47.015846,2026-07-01T17:35:47.024481+00:00,86.9,18,ask,EarnestEspressos,CostlyCorianders,2709295
2026-07-01T17:35:48.500440,2026-07-01T17:35:48.511719+00:00,86.9,1,bid,CostlyCorianders,Kelvin Chan,2709322
2026-07-01T17:35:48.500440,2026-07-01T17:35:48.511719+00:00,87.4,40,bid,CostlyCorianders,EarnestEspressos,2709323
2026-07-01T17:35:49.159397,2026-07-01T17:35:49.169183+00:00,86.9,1,bid,CostlyCorianders,Kelvin Chan,2709338
2026-07-01T17:35:49.159397,2026-07-01T17:35:49.169183+00:00,87.1,43,bid,CostlyCorianders,EarnestEspressos,2709339
2026-07-01T17:35:49.594156,2026-07-01T17:35:49.605506+00:00,87.1,50,bid,FlawlessFlatbreads,EarnestEspressos,2709345
2026-07-01T17:35:51.777464,2026-07-01T17:35:51.788780+00:00,86.9,8,bid,EarnestEspressos,Kelvin Chan,2709381
2026-07-01T17:35:51.781381,2026-07-01T17:35:51.788780+00:00,86.9,50,ask,EarnestEspressos,FlawlessFlatbreads,2709382
2026-07-01T17:35:53.314162,2026-07-01T17:35:53.325802+00:00,86.9,46,ask,EarnestEspressos,FlawlessFlatbreads,2709405
2026-07-01T17:35:53.887094,2026-07-01T17:35:53.898810+00:00,86.9,46,ask,EarnestEspressos,CostlyCorianders,2709415
2026-07-01T17:35:53.887094,2026-07-01T17:35:53.898810+00:00,86.7,3,ask,Kelvin Chan,FlawlessFlatbreads,2709416
2026-07-01T17:35:53.887094,2026-07-01T17:35:53.898810+00:00,86.6,1,ask,DiligentDonuts,FlawlessFlatbreads,2709417
2026-07-01T17:35:54.477365,2026-07-01T17:35:54.485094+00:00,86.7,3,ask,Kelvin Chan,CostlyCorianders,2709426
2026-07-01T17:35:54.477365,2026-07-01T17:35:54.490107+00:00,86.6,40,ask,DiligentDonuts,CostlyCorianders,2709427
2026-07-01T17:35:55.469932,2026-07-01T17:35:55.479531+00:00,86.9,41,bid,CostlyCorianders,EarnestEspressos,2709444
2026-07-01T17:35:55.999485,2026-07-01T17:35:56.006564+00:00,86.7,3,ask,Kelvin Chan,FlawlessFlatbreads,2709445
2026-07-01T17:35:55.999485,2026-07-01T17:35:56.011992+00:00,86.5,47,ask,DiligentDonuts,FlawlessFlatbreads,2709446
2026-07-01T17:35:57.434524,2026-07-01T17:35:57.445948+00:00,86.9,41,bid,CostlyCorianders,EarnestEspressos,2709462
2026-07-01T17:35:58.025836,2026-07-01T17:35:58.037380+00:00,86.7,3,ask,Kelvin Chan,CostlyCorianders,2709468
2026-07-01T17:35:58.025836,2026-07-01T17:35:58.037380+00:00,86.5,42,ask,DiligentDonuts,CostlyCorianders,2709469
2026-07-01T17:35:58.109027,2026-07-01T17:35:58.117734+00:00,86.7,3,ask,Kelvin Chan,FlawlessFlatbreads,2709472
2026-07-01T17:35:58.109027,2026-07-01T17:35:58.117734+00:00,86.7,47,ask,EarnestEspressos,FlawlessFlatbreads,2709473
2026-07-01T17:35:58.366667,2026-07-01T17:35:58.375355+00:00,86.8,11,bid,Xuanyu Liu,DiligentDonuts,2709477
2026-07-01T17:35:59.473508,2026-07-01T17:35:59.484875+00:00,86.7,48,ask,EarnestEspressos,CostlyCorianders,2709503
2026-07-01T17:35:59.679273,2026-07-01T17:35:59.687426+00:00,86.8,12,bid,Xuanyu Liu,DiligentDonuts,2709504
2026-07-01T17:36:00.165960,2026-07-01T17:36:00.174071+00:00,86.8,50,bid,FlawlessFlatbreads,DiligentDonuts,2709515
2026-07-01T17:36:01.334822,2026-07-01T17:36:01.343595+00:00,86.7,3,ask,Kelvin Chan,EarnestEspressos,2709528
2026-07-01T17:36:02.273621,2026-07-01T17:36:02.285207+00:00,86.7,50,bid,FlawlessFlatbreads,EarnestEspressos,2709543
2026-07-01T17:36:02.299002,2026-07-01T17:36:02.307197+00:00,86.7,11,bid,Xuanyu Liu,EarnestEspressos,2709545
2026-07-01T17:36:03.130086,2026-07-01T17:36:03.137478+00:00,86.7,48,bid,CostlyCorianders,EarnestEspressos,2709561
2026-07-01T17:36:03.712401,2026-07-01T17:36:03.723966+00:00,86.6,3,ask,Kelvin Chan,CostlyCorianders,2709577
2026-07-01T17:36:04.308037,2026-07-01T17:36:04.314480+00:00,86.7,38,bid,CostlyCorianders,EarnestEspressos,2709585
2026-07-01T17:36:04.308037,2026-07-01T17:36:04.319719+00:00,86.9,9,bid,CostlyCorianders,DiligentDonuts,2709586
2026-07-01T17:36:04.445065,2026-07-01T17:36:04.463657+00:00,86.9,91,bid,EarnestEspressos,DiligentDonuts,2709587
2026-07-01T17:36:04.464925,2026-07-01T17:36:04.474811+00:00,86.9,23,ask,EarnestEspressos,Xuanyu Liu,2709588
2026-07-01T17:36:06.483403,2026-07-01T17:36:06.494711+00:00,87.0,4,bid,FlawlessFlatbreads,Kelvin Chan,2709625
2026-07-01T17:36:06.483403,2026-07-01T17:36:06.494711+00:00,87.3,46,bid,FlawlessFlatbreads,DiligentDonuts,2709626
2026-07-01T17:36:07.113372,2026-07-01T17:36:07.124807+00:00,86.9,36,ask,EarnestEspressos,CostlyCorianders,2709646
2026-07-01T17:36:07.113372,2026-07-01T17:36:07.124807+00:00,86.8,4,ask,DiligentDonuts,CostlyCorianders,2709647
2026-07-01T17:36:07.784066,2026-07-01T17:36:07.795347+00:00,86.9,100,bid,DiligentDonuts,EarnestEspressos,2709663
2026-07-01T17:36:08.591670,2026-07-01T17:36:08.600218+00:00,86.9,50,bid,FlawlessFlatbreads,EarnestEspressos,2709688
2026-07-01T17:36:10.698035,2026-07-01T17:36:10.709277+00:00,87.5,50,bid,FlawlessFlatbreads,DiligentDonuts,2709729
2026-07-01T17:36:11.244905,2026-07-01T17:36:11.263949+00:00,87.1,12,ask,EarnestEspressos,Kelvin Chan,2709740
2026-07-01T17:36:11.473842,2026-07-01T17:36:11.485746+00:00,87.1,11,ask,EarnestEspressos,Kelvin Chan,2709745
2026-07-01T17:36:11.622166,2026-07-01T17:36:11.633386+00:00,87.1,9,ask,EarnestEspressos,Kelvin Chan,2709747
2026-07-01T17:36:11.666140,2026-07-01T17:36:11.676173+00:00,87.1,8,ask,EarnestEspressos,Kelvin Chan,2709748
2026-07-01T17:36:12.031193,2026-07-01T17:36:12.037490+00:00,87.1,49,ask,EarnestEspressos,CostlyCorianders,2709758
2026-07-01T17:36:12.805361,2026-07-01T17:36:12.817600+00:00,87.1,11,ask,EarnestEspressos,Xuanyu Liu,2709774
2026-07-01T17:36:12.808833,2026-07-01T17:36:12.817600+00:00,87.2,5,bid,FlawlessFlatbreads,Kelvin Chan,2709775
2026-07-01T17:36:13.172703,2026-07-01T17:36:13.182142+00:00,87.1,46,ask,EarnestEspressos,CostlyCorianders,2709783
2026-07-01T17:36:14.005569,2026-07-01T17:36:14.016807+00:00,87.0,100,ask,DiligentDonuts,EarnestEspressos,2709802
2026-07-01T17:36:17.072814,2026-07-01T17:36:17.084279+00:00,86.9,2,ask,Kelvin Chan,FlawlessFlatbreads,2709850
2026-07-01T17:36:19.127915,2026-07-01T17:36:19.139272+00:00,87.0,50,bid,FlawlessFlatbreads,DiligentDonuts,2709890
2026-07-01T17:36:21.286817,2026-07-01T17:36:21.298294+00:00,86.9,4,ask,Kelvin Chan,FlawlessFlatbreads,2709940
2026-07-01T17:36:21.286817,2026-07-01T17:36:21.298294+00:00,86.8,46,ask,EarnestEspressos,FlawlessFlatbreads,2709941
2026-07-01T17:36:23.396025,2026-07-01T17:36:23.407393+00:00,86.9,4,ask,Kelvin Chan,FlawlessFlatbreads,2709971
2026-07-01T17:36:23.396025,2026-07-01T17:36:23.407393+00:00,86.7,46,ask,DiligentDonuts,FlawlessFlatbreads,2709972
2026-07-01T17:36:25.504936,2026-07-01T17:36:25.516220+00:00,86.9,1,ask,Kelvin Chan,FlawlessFlatbreads,2710021
2026-07-01T17:36:25.504936,2026-07-01T17:36:25.516220+00:00,86.7,49,ask,EarnestEspressos,FlawlessFlatbreads,2710022
2026-07-01T17:36:27.330529,2026-07-01T17:36:27.341880+00:00,87.1,48,bid,CostlyCorianders,EarnestEspressos,2710066
2026-07-01T17:36:27.616935,2026-07-01T17:36:27.624912+00:00,86.7,50,ask,DiligentDonuts,FlawlessFlatbreads,2710070
2026-07-01T17:36:28.429839,2026-07-01T17:36:28.440694+00:00,87.1,46,bid,CostlyCorianders,EarnestEspressos,2710096
2026-07-01T17:36:29.723898,2026-07-01T17:36:29.731363+00:00,86.9,5,ask,Kelvin Chan,FlawlessFlatbreads,2710117
2026-07-01T17:36:29.723898,2026-07-01T17:36:29.736808+00:00,86.7,45,ask,DiligentDonuts,FlawlessFlatbreads,2710118
2026-07-01T17:36:29.979273,2026-07-01T17:36:29.990824+00:00,86.9,100,ask,EarnestEspressos,DiligentDonuts,2710126
2026-07-01T17:36:30.178647,2026-07-01T17:36:30.190192+00:00,87.2,1,bid,CostlyCorianders,Kelvin Chan,2710131
2026-07-01T17:36:30.178647,2026-07-01T17:36:30.190192+00:00,87.4,45,bid,CostlyCorianders,EarnestEspressos,2710132
2026-07-01T17:36:30.236219,2026-07-01T17:36:30.242769+00:00,86.9,47,ask,EarnestEspressos,CostlyCorianders,2710134
2026-07-01T17:36:31.831893,2026-07-01T17:36:31.841902+00:00,86.9,3,ask,EarnestEspressos,FlawlessFlatbreads,2710166
2026-07-01T17:36:31.831893,2026-07-01T17:36:31.841902+00:00,86.9,4,ask,Kelvin Chan,FlawlessFlatbreads,2710167
2026-07-01T17:36:31.831893,2026-07-01T17:36:31.841902+00:00,86.4,43,ask,DiligentDonuts,FlawlessFlatbreads,2710168
2026-07-01T17:36:33.769836,2026-07-01T17:36:33.778067+00:00,87.0,11,bid,Xuanyu Liu,EarnestEspressos,2710223
2026-07-01T17:36:33.941606,2026-07-01T17:36:33.958566+00:00,86.5,50,ask,EarnestEspressos,FlawlessFlatbreads,2710227
2026-07-01T17:36:35.076226,2026-07-01T17:36:35.085719+00:00,87.0,12,bid,Xuanyu Liu,EarnestEspressos,2710258
2026-07-01T17:36:35.598325,2026-07-01T17:36:35.609618+00:00,87.0,44,bid,CostlyCorianders,EarnestEspressos,2710267
2026-07-01T17:36:36.137840,2026-07-01T17:36:36.148624+00:00,87.0,43,bid,CostlyCorianders,DiligentDonuts,2710282
2026-07-01T17:36:36.193405,2026-07-01T17:36:36.204852+00:00,86.7,48,ask,EarnestEspressos,CostlyCorianders,2710288
2026-07-01T17:36:38.160991,2026-07-01T17:36:38.169203+00:00,86.8,50,ask,DiligentDonuts,FlawlessFlatbreads,2710320
2026-07-01T17:36:38.745518,2026-07-01T17:36:38.763986+00:00,86.8,46,ask,DiligentDonuts,CostlyCorianders,2710327
2026-07-01T17:36:40.267989,2026-07-01T17:36:40.279319+00:00,86.8,5,ask,Kelvin Chan,FlawlessFlatbreads,2710363
2026-07-01T17:36:40.267989,2026-07-01T17:36:40.279319+00:00,86.6,45,ask,DiligentDonuts,FlawlessFlatbreads,2710364
2026-07-01T17:36:41.384305,2026-07-01T17:36:41.399760+00:00,87.0,44,bid,CostlyCorianders,EarnestEspressos,2710391
2026-07-01T17:36:42.394587,2026-07-01T17:36:42.406012+00:00,86.6,50,ask,DiligentDonuts,FlawlessFlatbreads,2710406
2026-07-01T17:36:42.630810,2026-07-01T17:36:42.642066+00:00,86.5,100,ask,EarnestEspressos,DiligentDonuts,2710408
2026-07-01T17:36:43.601609,2026-07-01T17:36:43.613041+00:00,86.5,47,ask,EarnestEspressos,CostlyCorianders,2710431
2026-07-01T17:36:44.203456,2026-07-01T17:36:44.211883+00:00,87.0,45,bid,CostlyCorianders,EarnestEspressos,2710440
2026-07-01T17:36:44.501107,2026-07-01T17:36:44.512495+00:00,86.5,3,ask,EarnestEspressos,FlawlessFlatbreads,2710449
2026-07-01T17:36:44.501107,2026-07-01T17:36:44.512495+00:00,86.0,47,ask,DiligentDonuts,FlawlessFlatbreads,2710450
2026-07-01T17:36:45.659538,2026-07-01T17:36:45.669749+00:00,86.5,23,bid,Xuanyu Liu,EarnestEspressos,2710482
2026-07-01T17:36:46.612193,2026-07-01T17:36:46.631737+00:00,86.1,50,ask,DiligentDonuts,FlawlessFlatbreads,2710499
2026-07-01T17:36:46.901985,2026-07-01T17:36:46.912352+00:00,86.5,11,bid,Xuanyu Liu,EarnestEspressos,2710505
2026-07-01T17:36:48.467956,2026-07-01T17:36:48.479199+00:00,86.5,42,bid,CostlyCorianders,EarnestEspressos,2710542
2026-07-01T17:36:48.719398,2026-07-01T17:36:48.728811+00:00,86.1,50,ask,DiligentDonuts,FlawlessFlatbreads,2710548
2026-07-01T17:36:48.960953,2026-07-01T17:36:48.972507+00:00,86.4,100,ask,EarnestEspressos,DiligentDonuts,2710553
2026-07-01T17:36:50.825361,2026-07-01T17:36:50.837630+00:00,86.4,50,ask,EarnestEspressos,FlawlessFlatbreads,2710581
2026-07-01T17:36:51.973554,2026-07-01T17:36:51.984601+00:00,86.4,3,bid,Xuanyu Liu,EarnestEspressos,2710606
2026-07-01T17:36:52.658321,2026-07-01T17:36:52.668994+00:00,86.4,147,bid,Chester Au,EarnestEspressos,2710620
2026-07-01T17:36:52.824998,2026-07-01T17:36:52.836240+00:00,86.3,45,ask,DiligentDonuts,CostlyCorianders,2710627
2026-07-01T17:36:52.932615,2026-07-01T17:36:52.944309+00:00,86.3,50,ask,DiligentDonuts,FlawlessFlatbreads,2710628
2026-07-01T17:36:55.055784,2026-07-01T17:36:55.052139+00:00,86.3,5,ask,DiligentDonuts,FlawlessFlatbreads,2710664
2026-07-01T17:36:55.288922,2026-07-01T17:36:55.297582+00:00,86.4,100,ask,EarnestEspressos,DiligentDonuts,2710666
2026-07-01T17:36:56.358491,2026-07-01T17:36:56.370092+00:00,86.7,4,bid,CostlyCorianders,Kelvin Chan,2710683
2026-07-01T17:36:56.358491,2026-07-01T17:36:56.370092+00:00,86.9,42,bid,CostlyCorianders,EarnestEspressos,2710684
2026-07-01T17:36:56.863629,2026-07-01T17:36:56.874257+00:00,86.4,49,ask,EarnestEspressos,CostlyCorianders,2710700
2026-07-01T17:36:57.162339,2026-07-01T17:36:57.168901+00:00,86.4,1,ask,Kelvin Chan,FlawlessFlatbreads,2710703
2026-07-01T17:36:57.162339,2026-07-01T17:36:57.174070+00:00,86.4,1,ask,EarnestEspressos,FlawlessFlatbreads,2710704
2026-07-01T17:36:57.162339,2026-07-01T17:36:57.174070+00:00,85.9,48,ask,DiligentDonuts,FlawlessFlatbreads,2710705
2026-07-01T17:36:57.940139,2026-07-01T17:36:57.948456+00:00,86.9,43,bid,CostlyCorianders,EarnestEspressos,2710715
2026-07-01T17:36:58.533244,2026-07-01T17:36:58.544715+00:00,86.1,44,ask,EarnestEspressos,CostlyCorianders,2710719
2026-07-01T17:37:00.168515,2026-07-01T17:37:00.179875+00:00,86.5,49,bid,CostlyCorianders,DiligentDonuts,2710743
2026-07-01T17:37:01.326004,2026-07-01T17:37:01.332913+00:00,86.5,50,bid,FlawlessFlatbreads,DiligentDonuts,2710759
2026-07-01T17:37:04.615498,2026-07-01T17:37:04.626823+00:00,86.3,100,ask,DiligentDonuts,EarnestEspressos,2710806
2026-07-01T17:37:05.626299,2026-07-01T17:37:05.637903+00:00,85.8,50,ask,DiligentDonuts,FlawlessFlatbreads,2710815
2026-07-01T17:37:06.590662,2026-07-01T17:37:06.600573+00:00,86.2,50,bid,Chester Au,EarnestEspressos,2710846
2026-07-01T17:37:07.724443,2026-07-01T17:37:07.735821+00:00,86.3,100,bid,EarnestEspressos,DiligentDonuts,2710866
2026-07-01T17:37:07.757084,2026-07-01T17:37:07.768655+00:00,86.4,50,ask,EarnestEspressos,FlawlessFlatbreads,2710868
2026-07-01T17:37:08.200974,2026-07-01T17:37:08.212414+00:00,86.0,45,ask,DiligentDonuts,CostlyCorianders,2710879
2026-07-01T17:37:08.680057,2026-07-01T17:37:08.691253+00:00,86.0,43,ask,DiligentDonuts,CostlyCorianders,2710899
2026-07-01T17:37:09.196656,2026-07-01T17:37:09.205466+00:00,86.5,41,bid,CostlyCorianders,DiligentDonuts,2710906
2026-07-01T17:37:09.869476,2026-07-01T17:37:09.880907+00:00,86.0,12,ask,DiligentDonuts,FlawlessFlatbreads,2710917
2026-07-01T17:37:12.001295,2026-07-01T17:37:12.016138+00:00,85.9,50,ask,DiligentDonuts,FlawlessFlatbreads,2710952
2026-07-01T17:37:12.786691,2026-07-01T17:37:12.794369+00:00,86.3,47,bid,CostlyCorianders,EarnestEspressos,2710959
2026-07-01T17:37:14.108513,2026-07-01T17:37:14.117651+00:00,86.0,50,ask,EarnestEspressos,FlawlessFlatbreads,2710993
2026-07-01T17:37:14.821771,2026-07-01T17:37:14.830791+00:00,86.2,3,bid,Kelvin Chan,DiligentDonuts,2711002
2026-07-01T17:37:15.060833,2026-07-01T17:37:15.070827+00:00,86.2,3,bid,Kelvin Chan,DiligentDonuts,2711008
2026-07-01T17:37:17.059810,2026-07-01T17:37:17.069427+00:00,86.2,3,bid,Chester Au,DiligentDonuts,2711055
2026-07-01T17:37:17.068614,2026-07-01T17:37:17.084670+00:00,86.2,3,bid,Xuanyu Liu,DiligentDonuts,2711057
2026-07-01T17:37:18.273302,2026-07-01T17:37:18.283520+00:00,86.4,4,bid,FlawlessFlatbreads,Kelvin Chan,2711081
2026-07-01T17:37:18.273302,2026-07-01T17:37:18.283520+00:00,86.5,46,bid,FlawlessFlatbreads,EarnestEspressos,2711082
2026-07-01T17:37:18.884265,2026-07-01T17:37:18.894752+00:00,86.0,41,ask,EarnestEspressos,CostlyCorianders,2711095
2026-07-01T17:37:19.956958,2026-07-01T17:37:19.969047+00:00,86.4,1,bid,CostlyCorianders,Kelvin Chan,2711117
2026-07-01T17:37:19.956958,2026-07-01T17:37:19.969047+00:00,86.5,42,bid,CostlyCorianders,EarnestEspressos,2711118
2026-07-01T17:37:22.488949,2026-07-01T17:37:22.500452+00:00,86.3,50,bid,FlawlessFlatbreads,DiligentDonuts,2711193
2026-07-01T17:37:24.149597,2026-07-01T17:37:24.163610+00:00,85.9,44,ask,EarnestEspressos,CostlyCorianders,2711217
2026-07-01T17:37:24.596276,2026-07-01T17:37:24.607942+00:00,86.3,50,bid,FlawlessFlatbreads,DiligentDonuts,2711226
2026-07-01T17:37:24.606681,2026-07-01T17:37:24.613217+00:00,86.3,49,bid,CostlyCorianders,DiligentDonuts,2711228
2026-07-01T17:37:26.284122,2026-07-01T17:37:26.295467+00:00,85.9,48,ask,EarnestEspressos,CostlyCorianders,2711273
2026-07-01T17:37:26.702748,2026-07-01T17:37:26.714288+00:00,86.3,1,bid,FlawlessFlatbreads,DiligentDonuts,2711282
2026-07-01T17:37:26.859749,2026-07-01T17:37:26.871370+00:00,86.1,100,bid,DiligentDonuts,EarnestEspressos,2711286
2026-07-01T17:37:26.920784,2026-07-01T17:37:26.927435+00:00,86.1,5,bid,Kelvin Chan,EarnestEspressos,2711287
2026-07-01T17:37:27.389565,2026-07-01T17:37:27.397557+00:00,86.1,5,bid,Kelvin Chan,EarnestEspressos,2711297
2026-07-01T17:37:28.037211,2026-07-01T17:37:28.048685+00:00,86.1,4,bid,Kelvin Chan,EarnestEspressos,2711310
2026-07-01T17:37:28.263632,2026-07-01T17:37:28.272683+00:00,86.1,36,bid,CostlyCorianders,EarnestEspressos,2711317
2026-07-01T17:37:28.263632,2026-07-01T17:37:28.272683+00:00,86.7,7,bid,CostlyCorianders,DiligentDonuts,2711318
2026-07-01T17:37:28.810397,2026-07-01T17:37:28.821687+00:00,86.7,50,bid,FlawlessFlatbreads,DiligentDonuts,2711322
2026-07-01T17:37:28.959468,2026-07-01T17:37:28.968927+00:00,86.1,3,ask,Kelvin Chan,Xuanyu Liu,2711326
2026-07-01T17:37:30.181114,2026-07-01T17:37:30.196330+00:00,86.1,1,ask,Kelvin Chan,Chester Au,2711358
2026-07-01T17:37:30.181114,2026-07-01T17:37:30.196330+00:00,86.1,150,ask,EarnestEspressos,Chester Au,2711359
2026-07-01T17:37:30.918365,2026-07-01T17:37:30.929975+00:00,86.5,50,bid,FlawlessFlatbreads,DiligentDonuts,2711376
2026-07-01T17:37:32.025457,2026-07-01T17:37:32.035156+00:00,86.0,46,ask,DiligentDonuts,CostlyCorianders,2711399
2026-07-01T17:37:33.026660,2026-07-01T17:37:33.038136+00:00,86.4,8,bid,FlawlessFlatbreads,Kelvin Chan,2711414
2026-07-01T17:37:33.026660,2026-07-01T17:37:33.038136+00:00,86.5,42,bid,FlawlessFlatbreads,DiligentDonuts,2711415
2026-07-01T17:37:33.086459,2026-07-01T17:37:33.097651+00:00,86.0,54,ask,DiligentDonuts,EarnestEspressos,2711417
2026-07-01T17:37:33.096792,2026-07-01T17:37:33.103619+00:00,85.9,96,bid,Chester Au,EarnestEspressos,2711418
2026-07-01T17:37:35.135526,2026-07-01T17:37:35.146699+00:00,86.4,50,bid,FlawlessFlatbreads,DiligentDonuts,2711458
2026-07-01T17:37:36.212991,2026-07-01T17:37:36.234579+00:00,86.0,44,ask,EarnestEspressos,CostlyCorianders,2711480
2026-07-01T17:37:37.244285,2026-07-01T17:37:37.245678+00:00,86.5,2,bid,FlawlessFlatbreads,Kelvin Chan,2711505
2026-07-01T17:37:37.244285,2026-07-01T17:37:37.268715+00:00,86.5,48,bid,FlawlessFlatbreads,EarnestEspressos,2711506
2026-07-01T17:37:39.276061,2026-07-01T17:37:39.284855+00:00,86.5,45,bid,CostlyCorianders,EarnestEspressos,2711543
2026-07-01T17:37:39.350441,2026-07-01T17:37:39.363780+00:00,86.5,50,bid,FlawlessFlatbreads,DiligentDonuts,2711547
2026-07-01T17:37:41.359872,2026-07-01T17:37:41.366719+00:00,86.2,43,ask,EarnestEspressos,CostlyCorianders,2711607
2026-07-01T17:37:41.455858,2026-07-01T17:37:41.463663+00:00,86.7,50,bid,FlawlessFlatbreads,EarnestEspressos,2711608
2026-07-01T17:37:43.520950,2026-07-01T17:37:43.527470+00:00,86.5,2,bid,CostlyCorianders,Kelvin Chan,2711643
2026-07-01T17:37:43.520950,2026-07-01T17:37:43.532769+00:00,86.7,45,bid,CostlyCorianders,DiligentDonuts,2711644
2026-07-01T17:37:43.544625,2026-07-01T17:37:43.562999+00:00,86.3,3,ask,EarnestEspressos,Xuanyu Liu,2711645
2026-07-01T17:37:43.562222,2026-07-01T17:37:43.578487+00:00,86.7,50,bid,FlawlessFlatbreads,DiligentDonuts,2711647
2026-07-01T17:37:45.270534,2026-07-01T17:37:45.279546+00:00,86.3,44,ask,EarnestEspressos,CostlyCorianders,2711688
2026-07-01T17:37:45.672683,2026-07-01T17:37:45.679832+00:00,86.7,5,bid,FlawlessFlatbreads,DiligentDonuts,2711697
2026-07-01T17:37:45.892506,2026-07-01T17:37:45.901473+00:00,86.5,23,ask,DiligentDonuts,Xuanyu Liu,2711698
2026-07-01T17:37:45.892694,2026-07-01T17:37:45.901473+00:00,86.5,77,ask,DiligentDonuts,Chester Au,2711699
2026-07-01T17:37:47.782680,2026-07-01T17:37:47.793533+00:00,86.6,50,bid,FlawlessFlatbreads,EarnestEspressos,2711740
2026-07-01T17:37:49.225965,2026-07-01T17:37:49.237547+00:00,86.3,42,ask,EarnestEspressos,CostlyCorianders,2711774
2026-07-01T17:37:49.758273,2026-07-01T17:37:49.766502+00:00,86.6,46,bid,CostlyCorianders,DiligentDonuts,2711783
2026-07-01T17:37:49.888838,2026-07-01T17:37:49.900368+00:00,86.6,50,bid,FlawlessFlatbreads,DiligentDonuts,2711784
2026-07-01T17:37:50.829544,2026-07-01T17:37:50.837564+00:00,86.6,4,bid,CostlyCorianders,DiligentDonuts,2711810
2026-07-01T17:37:50.829544,2026-07-01T17:37:50.837564+00:00,86.8,40,bid,CostlyCorianders,EarnestEspressos,2711811
2026-07-01T17:37:52.210088,2026-07-01T17:37:52.220030+00:00,86.5,68,ask,DiligentDonuts,Chester Au,2711832
2026-07-01T17:37:54.099092,2026-07-01T17:37:54.110435+00:00,86.8,50,bid,FlawlessFlatbreads,EarnestEspressos,2711883
2026-07-01T17:37:54.780141,2026-07-01T17:37:54.791647+00:00,86.5,32,ask,DiligentDonuts,CostlyCorianders,2711891
2026-07-01T17:37:54.780141,2026-07-01T17:37:54.791647+00:00,86.4,1,ask,Kelvin Chan,CostlyCorianders,2711892
2026-07-01T17:37:54.780141,2026-07-01T17:37:54.791647+00:00,86.3,7,ask,EarnestEspressos,CostlyCorianders,2711893
2026-07-01T17:37:55.340430,2026-07-01T17:37:55.351884+00:00,86.4,40,ask,EarnestEspressos,CostlyCorianders,2711907
2026-07-01T17:37:56.207811,2026-07-01T17:37:56.216456+00:00,86.6,50,bid,FlawlessFlatbreads,DiligentDonuts,2711919
2026-07-01T17:37:57.010443,2026-07-01T17:37:57.019818+00:00,86.6,49,bid,CostlyCorianders,DiligentDonuts,2711930
2026-07-01T17:37:57.641913,2026-07-01T17:37:57.651264+00:00,86.4,43,ask,EarnestEspressos,CostlyCorianders,2711949
2026-07-01T17:37:57.988655,2026-07-01T17:37:57.997077+00:00,86.4,11,ask,EarnestEspressos,Xuanyu Liu,2711955
2026-07-01T17:37:58.313611,2026-07-01T17:37:58.322758+00:00,86.6,1,bid,FlawlessFlatbreads,DiligentDonuts,2711964
2026-07-01T17:37:58.313611,2026-07-01T17:37:58.322758+00:00,86.7,5,bid,FlawlessFlatbreads,Kelvin Chan,2711965
2026-07-01T17:37:58.477644,2026-07-01T17:37:58.484338+00:00,86.4,2,bid,Kelvin Chan,EarnestEspressos,2711967
2026-07-01T17:37:58.518447,2026-07-01T17:37:58.529907+00:00,86.4,2,bid,Kelvin Chan,EarnestEspressos,2711968
2026-07-01T17:37:58.778349,2026-07-01T17:37:58.788814+00:00,86.4,1,bid,Kelvin Chan,EarnestEspressos,2711974
2026-07-01T17:37:59.245123,2026-07-01T17:37:59.245481+00:00,86.4,1,bid,Kelvin Chan,EarnestEspressos,2711977
2026-07-01T17:38:00.420530,2026-07-01T17:38:00.429176+00:00,86.4,50,bid,FlawlessFlatbreads,EarnestEspressos,2711999
2026-07-01T17:38:01.838651,2026-07-01T17:38:01.847091+00:00,86.7,4,bid,CostlyCorianders,Kelvin Chan,2712035
2026-07-01T17:38:01.838651,2026-07-01T17:38:01.847091+00:00,86.7,38,bid,CostlyCorianders,EarnestEspressos,2712036
2026-07-01T17:38:02.529161,2026-07-01T17:38:02.540635+00:00,86.7,50,bid,FlawlessFlatbreads,EarnestEspressos,2712051
2026-07-01T17:38:02.900912,2026-07-01T17:38:02.909426+00:00,86.5,44,ask,DiligentDonuts,CostlyCorianders,2712063
2026-07-01T17:38:04.637102,2026-07-01T17:38:04.658563+00:00,86.7,3,bid,FlawlessFlatbreads,Kelvin Chan,2712090
2026-07-01T17:38:04.637102,2026-07-01T17:38:04.658563+00:00,87.0,47,bid,FlawlessFlatbreads,DiligentDonuts,2712091
2026-07-01T17:38:05.679439,2026-07-01T17:38:05.685805+00:00,86.6,41,ask,EarnestEspressos,CostlyCorianders,2712102
2026-07-01T17:38:06.744867,2026-07-01T17:38:06.756501+00:00,86.8,2,bid,FlawlessFlatbreads,Kelvin Chan,2712123
2026-07-01T17:38:06.744867,2026-07-01T17:38:06.756501+00:00,86.9,48,bid,FlawlessFlatbreads,DiligentDonuts,2712124
2026-07-01T17:38:06.783100,2026-07-01T17:38:06.794624+00:00,86.9,45,bid,CostlyCorianders,DiligentDonuts,2712127
2026-07-01T17:38:07.387239,2026-07-01T17:38:07.398881+00:00,86.9,7,bid,CostlyCorianders,DiligentDonuts,2712136
2026-07-01T17:38:07.387239,2026-07-01T17:38:07.398881+00:00,87.1,37,bid,CostlyCorianders,EarnestEspressos,2712137
2026-07-01T17:38:07.952246,2026-07-01T17:38:07.964233+00:00,86.7,41,ask,EarnestEspressos,CostlyCorianders,2712150
2026-07-01T17:38:08.028001,2026-07-01T17:38:08.037912+00:00,86.9,23,ask,DiligentDonuts,Xuanyu Liu,2712151
2026-07-01T17:38:08.191890,2026-07-01T17:38:08.201042+00:00,86.9,23,ask,DiligentDonuts,Xuanyu Liu,2712154
2026-07-01T17:38:08.938714,2026-07-01T17:38:08.958591+00:00,86.9,50,ask,DiligentDonuts,FlawlessFlatbreads,2712167
2026-07-01T17:38:10.475339,2026-07-01T17:38:10.486922+00:00,86.9,4,ask,DiligentDonuts,Kelvin Chan,2712191
2026-07-01T17:38:11.043524,2026-07-01T17:38:11.054859+00:00,86.6,2,ask,Kelvin Chan,CostlyCorianders,2712201
2026-07-01T17:38:11.047775,2026-07-01T17:38:11.054859+00:00,86.4,50,ask,EarnestEspressos,FlawlessFlatbreads,2712202
2026-07-01T17:38:11.536530,2026-07-01T17:38:11.558559+00:00,86.9,2,bid,CostlyCorianders,Kelvin Chan,2712224
2026-07-01T17:38:11.536530,2026-07-01T17:38:11.558559+00:00,86.9,38,bid,CostlyCorianders,EarnestEspressos,2712225
2026-07-01T17:38:12.112021,2026-07-01T17:38:12.119441+00:00,86.9,12,bid,Xuanyu Liu,EarnestEspressos,2712233
2026-07-01T17:38:13.169684,2026-07-01T17:38:13.180995+00:00,86.6,5,ask,Kelvin Chan,FlawlessFlatbreads,2712247
2026-07-01T17:38:13.169684,2026-07-01T17:38:13.180995+00:00,86.5,45,ask,DiligentDonuts,FlawlessFlatbreads,2712248
2026-07-01T17:38:15.278973,2026-07-01T17:38:15.288077+00:00,86.6,5,ask,Kelvin Chan,FlawlessFlatbreads,2712282
2026-07-01T17:38:17.339766,2026-07-01T17:38:17.358561+00:00,86.8,50,bid,FlawlessFlatbreads,DiligentDonuts,2712323
2026-07-01T17:38:18.304293,2026-07-01T17:38:18.315758+00:00,86.4,48,ask,EarnestEspressos,CostlyCorianders,2712351
2026-07-01T17:38:19.459354,2026-07-01T17:38:19.470571+00:00,86.8,50,bid,FlawlessFlatbreads,DiligentDonuts,2712362
2026-07-01T17:38:19.839400,2026-07-01T17:38:19.843700+00:00,86.6,1,ask,Kelvin Chan,CostlyCorianders,2712370
2026-07-01T17:38:22.988145,2026-07-01T17:38:22.999498+00:00,86.5,42,bid,CostlyCorianders,EarnestEspressos,2712422
2026-07-01T17:38:23.029853,2026-07-01T17:38:23.040473+00:00,86.5,1,bid,Xuanyu Liu,EarnestEspressos,2712427
2026-07-01T17:38:23.745888,2026-07-01T17:38:23.757073+00:00,86.4,50,ask,DiligentDonuts,FlawlessFlatbreads,2712443
2026-07-01T17:38:25.852394,2026-07-01T17:38:25.868641+00:00,86.3,50,ask,DiligentDonuts,FlawlessFlatbreads,2712483
2026-07-01T17:38:26.170805,2026-07-01T17:38:26.182385+00:00,86.3,40,ask,DiligentDonuts,CostlyCorianders,2712491
2026-07-01T17:38:27.059848,2026-07-01T17:38:27.069251+00:00,86.4,10,bid,Xuanyu Liu,DiligentDonuts,2712508
2026-07-01T17:38:27.720650,2026-07-01T17:38:27.732062+00:00,86.4,48,bid,CostlyCorianders,DiligentDonuts,2712520
2026-07-01T17:38:27.958603,2026-07-01T17:38:27.968805+00:00,86.1,50,ask,EarnestEspressos,FlawlessFlatbreads,2712526
2026-07-01T17:38:28.720205,2026-07-01T17:38:28.727053+00:00,86.1,46,ask,EarnestEspressos,CostlyCorianders,2712542
2026-07-01T17:38:29.192554,2026-07-01T17:38:29.205824+00:00,86.4,11,bid,Xuanyu Liu,DiligentDonuts,2712558
2026-07-01T17:38:29.196773,2026-07-01T17:38:29.205824+00:00,86.4,31,bid,CostlyCorianders,DiligentDonuts,2712559
2026-07-01T17:38:29.196773,2026-07-01T17:38:29.205824+00:00,86.6,18,bid,CostlyCorianders,EarnestEspressos,2712560
2026-07-01T17:38:30.065508,2026-07-01T17:38:30.074023+00:00,86.0,50,ask,EarnestEspressos,FlawlessFlatbreads,2712582
2026-07-01T17:38:30.186858,2026-07-01T17:38:30.193938+00:00,86.4,48,ask,DiligentDonuts,CostlyCorianders,2712586
2026-07-01T17:38:33.226645,2026-07-01T17:38:33.238492+00:00,86.4,52,ask,DiligentDonuts,EarnestEspressos,2712637
2026-07-01T17:38:33.741543,2026-07-01T17:38:33.758717+00:00,86.3,3,bid,Kelvin Chan,EarnestEspressos,2712641
2026-07-01T17:38:34.301774,2026-07-01T17:38:34.311477+00:00,85.9,50,ask,DiligentDonuts,FlawlessFlatbreads,2712651
2026-07-01T17:38:35.039835,2026-07-01T17:38:35.049453+00:00,86.3,46,bid,CostlyCorianders,EarnestEspressos,2712672
2026-07-01T17:38:35.673637,2026-07-01T17:38:35.683506+00:00,86.3,12,bid,Xuanyu Liu,EarnestEspressos,2712685
2026-07-01T17:38:36.409725,2026-07-01T17:38:36.420999+00:00,86.2,50,ask,EarnestEspressos,FlawlessFlatbreads,2712706
2026-07-01T17:38:36.541746,2026-07-01T17:38:36.552976+00:00,86.2,44,ask,EarnestEspressos,CostlyCorianders,2712708
2026-07-01T17:38:38.187632,2026-07-01T17:38:38.200357+00:00,86.4,48,bid,CostlyCorianders,DiligentDonuts,2712746
2026-07-01T17:38:38.544371,2026-07-01T17:38:38.563604+00:00,86.2,50,ask,EarnestEspressos,FlawlessFlatbreads,2712751
2026-07-01T17:38:38.760798,2026-07-01T17:38:38.770570+00:00,86.4,45,bid,CostlyCorianders,DiligentDonuts,2712757
2026-07-01T17:38:39.564991,2026-07-01T17:38:39.573200+00:00,86.1,23,bid,Xuanyu Liu,EarnestEspressos,2712789
2026-07-01T17:38:39.634632,2026-07-01T17:38:39.641325+00:00,86.1,100,bid,DiligentDonuts,EarnestEspressos,2712793
2026-07-01T17:38:40.652187,2026-07-01T17:38:40.663591+00:00,85.6,50,ask,EarnestEspressos,FlawlessFlatbreads,2712816
2026-07-01T17:38:41.744685,2026-07-01T17:38:41.752344+00:00,85.6,44,ask,EarnestEspressos,CostlyCorianders,2712835
2026-07-01T17:38:42.759101,2026-07-01T17:38:42.770362+00:00,85.8,50,ask,EarnestEspressos,FlawlessFlatbreads,2712844
2026-07-01T17:38:43.244585,2026-07-01T17:38:43.263982+00:00,85.9,43,ask,DiligentDonuts,CostlyCorianders,2712853
2026-07-01T17:38:44.865827,2026-07-01T17:38:44.874420+00:00,85.9,50,ask,DiligentDonuts,FlawlessFlatbreads,2712890
2026-07-01T17:38:45.888647,2026-07-01T17:38:45.898244+00:00,86.1,11,bid,Xuanyu Liu,EarnestEspressos,2712905
2026-07-01T17:38:46.972894,2026-07-01T17:38:46.982045+00:00,85.7,50,ask,DiligentDonuts,FlawlessFlatbreads,2712929
2026-07-01T17:38:47.748436,2026-07-01T17:38:47.754698+00:00,86.1,44,bid,CostlyCorianders,EarnestEspressos,2712945
2026-07-01T17:38:48.361009,2026-07-01T17:38:48.372548+00:00,86.1,47,bid,CostlyCorianders,EarnestEspressos,2712962
2026-07-01T17:38:49.078514,2026-07-01T17:38:49.090070+00:00,86.0,3,ask,Kelvin Chan,FlawlessFlatbreads,2712976
2026-07-01T17:38:49.078514,2026-07-01T17:38:49.090070+00:00,85.9,47,ask,EarnestEspressos,FlawlessFlatbreads,2712977
2026-07-01T17:38:49.168463,2026-07-01T17:38:49.178680+00:00,85.9,100,ask,EarnestEspressos,DiligentDonuts,2712979
2026-07-01T17:38:51.185410,2026-07-01T17:38:51.196839+00:00,86.0,1,ask,Kelvin Chan,FlawlessFlatbreads,2713001
2026-07-01T17:38:51.185410,2026-07-01T17:38:51.196839+00:00,85.9,3,ask,EarnestEspressos,FlawlessFlatbreads,2713002
2026-07-01T17:38:51.185410,2026-07-01T17:38:51.196839+00:00,85.4,46,ask,DiligentDonuts,FlawlessFlatbreads,2713003
2026-07-01T17:38:51.219405,2026-07-01T17:38:51.226383+00:00,85.4,49,ask,DiligentDonuts,CostlyCorianders,2713004
2026-07-01T17:38:52.199821,2026-07-01T17:38:52.227322+00:00,85.9,1,ask,Kelvin Chan,EarnestEspressos,2713016
2026-07-01T17:38:52.213306,2026-07-01T17:38:52.227322+00:00,85.7,3,bid,Xuanyu Liu,EarnestEspressos,2713017
2026-07-01T17:38:52.220707,2026-07-01T17:38:52.227322+00:00,85.7,1,bid,Kelvin Chan,EarnestEspressos,2713019
2026-07-01T17:38:52.264183,2026-07-01T17:38:52.273628+00:00,85.7,1,bid,Kelvin Chan,EarnestEspressos,2713021
2026-07-01T17:38:52.294013,2026-07-01T17:38:52.305421+00:00,85.7,1,bid,Kelvin Chan,EarnestEspressos,2713022
2026-07-01T17:38:52.316946,2026-07-01T17:38:52.328134+00:00,85.7,1,bid,Kelvin Chan,EarnestEspressos,2713023
2026-07-01T17:38:52.327436,2026-07-01T17:38:52.338876+00:00,85.7,42,bid,CostlyCorianders,EarnestEspressos,2713024
2026-07-01T17:38:52.338500,2026-07-01T17:38:52.349953+00:00,85.7,1,bid,Kelvin Chan,EarnestEspressos,2713025
2026-07-01T17:38:52.368077,2026-07-01T17:38:52.377811+00:00,85.7,1,bid,Kelvin Chan,EarnestEspressos,2713026
2026-07-01T17:38:52.401585,2026-07-01T17:38:52.410587+00:00,85.7,1,bid,Kelvin Chan,EarnestEspressos,2713027
2026-07-01T17:38:52.433863,2026-07-01T17:38:52.442811+00:00,85.7,1,bid,Kelvin Chan,EarnestEspressos,2713028
2026-07-01T17:38:52.473428,2026-07-01T17:38:52.480292+00:00,85.7,1,bid,Kelvin Chan,EarnestEspressos,2713030
2026-07-01T17:38:52.679658,2026-07-01T17:38:52.688360+00:00,85.7,1,bid,Kelvin Chan,EarnestEspressos,2713033
2026-07-01T17:38:52.771068,2026-07-01T17:38:52.777747+00:00,85.7,1,bid,Kelvin Chan,EarnestEspressos,2713034
2026-07-01T17:38:53.295670,2026-07-01T17:38:53.307093+00:00,85.4,50,ask,DiligentDonuts,FlawlessFlatbreads,2713051
2026-07-01T17:38:54.863505,2026-07-01T17:38:54.875171+00:00,85.7,40,bid,CostlyCorianders,EarnestEspressos,2713078
2026-07-01T17:38:54.919031,2026-07-01T17:38:54.930628+00:00,85.4,46,ask,DiligentDonuts,CostlyCorianders,2713079
2026-07-01T17:38:55.409166,2026-07-01T17:38:55.417314+00:00,85.6,50,ask,EarnestEspressos,FlawlessFlatbreads,2713091
2026-07-01T17:38:55.507014,2026-07-01T17:38:55.522733+00:00,85.6,100,ask,EarnestEspressos,DiligentDonuts,2713094
2026-07-01T17:38:57.522841,2026-07-01T17:38:57.534057+00:00,85.0,50,ask,DiligentDonuts,FlawlessFlatbreads,2713137
2026-07-01T17:38:58.536679,2026-07-01T17:38:58.545906+00:00,85.4,150,bid,Chester Au,EarnestEspressos,2713162
2026-07-01T17:38:59.629910,2026-07-01T17:38:59.641373+00:00,85.1,50,ask,DiligentDonuts,FlawlessFlatbreads,2713185
2026-07-01T17:39:01.185497,2026-07-01T17:39:01.196866+00:00,85.6,42,bid,CostlyCorianders,DiligentDonuts,2713220
2026-07-01T17:39:01.736850,2026-07-01T17:39:01.745911+00:00,85.5,50,ask,EarnestEspressos,FlawlessFlatbreads,2713235
2026-07-01T17:39:03.846594,2026-07-01T17:39:03.858545+00:00,85.5,50,ask,EarnestEspressos,FlawlessFlatbreads,2713284
2026-07-01T17:39:05.775904,2026-07-01T17:39:05.784910+00:00,85.4,50,bid,Chester Au,DiligentDonuts,2713322
2026-07-01T17:39:05.860884,2026-07-01T17:39:05.869014+00:00,85.0,45,ask,EarnestEspressos,CostlyCorianders,2713324
2026-07-01T17:39:08.022172,2026-07-01T17:39:08.030496+00:00,85.2,3,bid,Xuanyu Liu,EarnestEspressos,2713352
2026-07-01T17:39:09.079974,2026-07-01T17:39:09.091606+00:00,85.2,3,bid,Kelvin Chan,EarnestEspressos,2713373
2026-07-01T17:39:10.160423,2026-07-01T17:39:10.171790+00:00,85.0,50,ask,DiligentDonuts,FlawlessFlatbreads,2713396
2026-07-01T17:39:13.689562,2026-07-01T17:39:13.698485+00:00,85.3,40,bid,CostlyCorianders,EarnestEspressos,2713467
2026-07-01T17:39:14.307318,2026-07-01T17:39:14.318710+00:00,85.0,47,ask,EarnestEspressos,CostlyCorianders,2713486
2026-07-01T17:39:14.324116,2026-07-01T17:39:14.334231+00:00,85.4,50,bid,FlawlessFlatbreads,DiligentDonuts,2713487
2026-07-01T17:39:15.281780,2026-07-01T17:39:15.293211+00:00,85.5,44,bid,CostlyCorianders,EarnestEspressos,2713513
2026-07-01T17:39:16.212199,2026-07-01T17:39:16.221652+00:00,85.2,4,ask,Kelvin Chan,CostlyCorianders,2713522
2026-07-01T17:39:16.212199,2026-07-01T17:39:16.221652+00:00,85.1,40,ask,DiligentDonuts,CostlyCorianders,2713523
2026-07-01T17:39:16.432468,2026-07-01T17:39:16.443930+00:00,85.5,50,bid,FlawlessFlatbreads,EarnestEspressos,2713531
2026-07-01T17:39:18.540113,2026-07-01T17:39:18.558564+00:00,85.6,50,bid,FlawlessFlatbreads,DiligentDonuts,2713571
2026-07-01T17:39:20.698047,2026-07-01T17:39:20.709781+00:00,85.2,4,ask,Kelvin Chan,FlawlessFlatbreads,2713618
2026-07-01T17:39:20.698047,2026-07-01T17:39:20.709781+00:00,85.2,46,ask,EarnestEspressos,FlawlessFlatbreads,2713619
2026-07-01T17:39:21.031521,2026-07-01T17:39:21.043137+00:00,85.5,1,bid,CostlyCorianders,Kelvin Chan,2713632
2026-07-01T17:39:21.031521,2026-07-01T17:39:21.043137+00:00,85.6,42,bid,CostlyCorianders,DiligentDonuts,2713633
2026-07-01T17:39:22.806336,2026-07-01T17:39:22.817761+00:00,85.2,50,ask,EarnestEspressos,FlawlessFlatbreads,2713676
2026-07-01T17:39:23.817148,2026-07-01T17:39:23.824473+00:00,85.2,1,ask,Kelvin Chan,EarnestEspressos,2713695
2026-07-01T17:39:23.935484,2026-07-01T17:39:23.958605+00:00,85.2,100,bid,DiligentDonuts,EarnestEspressos,2713698
2026-07-01T17:39:24.913165,2026-07-01T17:39:24.921484+00:00,84.7,50,ask,EarnestEspressos,FlawlessFlatbreads,2713711
2026-07-01T17:39:27.028615,2026-07-01T17:39:27.039801+00:00,85.0,50,ask,EarnestEspressos,FlawlessFlatbreads,2713749
2026-07-01T17:39:27.864841,2026-07-01T17:39:27.874001+00:00,85.3,41,bid,CostlyCorianders,DiligentDonuts,2713758
2026-07-01T17:39:29.135989,2026-07-01T17:39:29.147430+00:00,85.0,50,ask,EarnestEspressos,FlawlessFlatbreads,2713789
2026-07-01T17:39:29.512520,2026-07-01T17:39:29.524034+00:00,85.0,41,ask,EarnestEspressos,CostlyCorianders,2713799
2026-07-01T17:39:30.159639,2026-07-01T17:39:30.169824+00:00,84.9,46,bid,Xuanyu Liu,EarnestEspressos,2713811
2026-07-01T17:39:30.261293,2026-07-01T17:39:30.272566+00:00,84.9,100,bid,DiligentDonuts,EarnestEspressos,2713814
2026-07-01T17:39:31.278923,2026-07-01T17:39:31.290333+00:00,84.4,50,ask,EarnestEspressos,FlawlessFlatbreads,2713833
2026-07-01T17:39:31.322456,2026-07-01T17:39:31.333993+00:00,84.9,4,bid,CostlyCorianders,EarnestEspressos,2713835
2026-07-01T17:39:33.385105,2026-07-01T17:39:33.398142+00:00,84.7,50,ask,EarnestEspressos,FlawlessFlatbreads,2713877
2026-07-01T17:39:35.441716,2026-07-01T17:39:35.446974+00:00,85.1,50,bid,FlawlessFlatbreads,DiligentDonuts,2713911
2026-07-01T17:39:36.898360,2026-07-01T17:39:36.909731+00:00,85.0,48,bid,CostlyCorianders,EarnestEspressos,2713938
2026-07-01T17:39:37.548059,2026-07-01T17:39:37.554283+00:00,85.0,50,bid,FlawlessFlatbreads,EarnestEspressos,2713944
2026-07-01T17:39:37.971462,2026-07-01T17:39:37.979156+00:00,84.8,49,ask,DiligentDonuts,CostlyCorianders,2713951
2026-07-01T17:39:38.600610,2026-07-01T17:39:38.611361+00:00,85.0,40,bid,CostlyCorianders,EarnestEspressos,2713962
2026-07-01T17:39:39.580376,2026-07-01T17:39:39.590468+00:00,85.1,23,ask,EarnestEspressos,Xuanyu Liu,2713980
2026-07-01T17:39:39.657198,2026-07-01T17:39:39.666071+00:00,85.3,5,bid,FlawlessFlatbreads,Kelvin Chan,2713985
2026-07-01T17:39:39.657198,2026-07-01T17:39:39.666071+00:00,85.3,45,bid,FlawlessFlatbreads,DiligentDonuts,2713986
2026-07-01T17:39:40.012247,2026-07-01T17:39:40.024972+00:00,85.1,12,ask,EarnestEspressos,Xuanyu Liu,2713998
2026-07-01T17:39:40.116477,2026-07-01T17:39:40.127749+00:00,85.1,44,ask,EarnestEspressos,CostlyCorianders,2714001
2026-07-01T17:39:41.767520,2026-07-01T17:39:41.777855+00:00,85.4,50,bid,FlawlessFlatbreads,DiligentDonuts,2714030
2026-07-01T17:39:43.739005,2026-07-01T17:39:43.750300+00:00,85.2,49,ask,DiligentDonuts,CostlyCorianders,2714074
2026-07-01T17:39:43.875051,2026-07-01T17:39:43.882007+00:00,85.3,1,bid,FlawlessFlatbreads,Kelvin Chan,2714077
2026-07-01T17:39:43.875051,2026-07-01T17:39:43.887375+00:00,85.5,49,bid,FlawlessFlatbreads,EarnestEspressos,2714078
2026-07-01T17:39:44.437891,2026-07-01T17:39:44.445918+00:00,85.3,1,bid,Xuanyu Liu,Kelvin Chan,2714096
2026-07-01T17:39:44.559437,2026-07-01T17:39:44.567208+00:00,85.3,1,bid,Xuanyu Liu,Kelvin Chan,2714102
2026-07-01T17:39:45.589191,2026-07-01T17:39:45.598774+00:00,85.3,1,bid,Xuanyu Liu,Kelvin Chan,2714128
2026-07-01T17:39:45.985938,2026-07-01T17:39:45.997225+00:00,85.7,50,bid,FlawlessFlatbreads,DiligentDonuts,2714141
2026-07-01T17:39:46.416657,2026-07-01T17:39:46.425529+00:00,85.8,41,bid,CostlyCorianders,EarnestEspressos,2714147
2026-07-01T17:39:48.092559,2026-07-01T17:39:48.102446+00:00,85.8,50,bid,FlawlessFlatbreads,EarnestEspressos,2714180
2026-07-01T17:39:48.638494,2026-07-01T17:39:48.663885+00:00,85.3,45,ask,EarnestEspressos,CostlyCorianders,2714194
2026-07-01T17:39:50.204711,2026-07-01T17:39:50.215029+00:00,85.7,50,bid,FlawlessFlatbreads,DiligentDonuts,2714229
2026-07-01T17:39:50.518355,2026-07-01T17:39:50.527913+00:00,85.3,3,ask,EarnestEspressos,Xuanyu Liu,2714231
2026-07-01T17:39:50.758402,2026-07-01T17:39:50.771406+00:00,85.7,46,bid,CostlyCorianders,DiligentDonuts,2714236
2026-07-01T17:39:50.762245,2026-07-01T17:39:50.771406+00:00,85.3,11,ask,EarnestEspressos,Xuanyu Liu,2714237
2026-07-01T17:39:52.265885,2026-07-01T17:39:52.274096+00:00,85.2,2,ask,Kelvin Chan,CostlyCorianders,2714267
2026-07-01T17:39:52.265885,2026-07-01T17:39:52.274096+00:00,85.2,46,ask,DiligentDonuts,CostlyCorianders,2714268
2026-07-01T17:39:52.789528,2026-07-01T17:39:52.795970+00:00,85.6,49,bid,CostlyCorianders,EarnestEspressos,2714280
2026-07-01T17:39:54.466569,2026-07-01T17:39:54.477924+00:00,85.3,3,ask,Kelvin Chan,FlawlessFlatbreads,2714307
2026-07-01T17:39:54.466569,2026-07-01T17:39:54.477924+00:00,85.2,47,ask,DiligentDonuts,FlawlessFlatbreads,2714308
2026-07-01T17:39:54.827572,2026-07-01T17:39:54.834214+00:00,85.2,44,ask,DiligentDonuts,CostlyCorianders,2714326
2026-07-01T17:39:56.267362,2026-07-01T17:39:56.278677+00:00,85.5,42,bid,CostlyCorianders,DiligentDonuts,2714348
2026-07-01T17:39:56.575380,2026-07-01T17:39:56.588567+00:00,85.4,50,ask,EarnestEspressos,FlawlessFlatbreads,2714350
2026-07-01T17:39:58.450393,2026-07-01T17:39:58.464044+00:00,85.5,48,bid,CostlyCorianders,DiligentDonuts,2714390
2026-07-01T17:39:58.685428,2026-07-01T17:39:58.694847+00:00,85.3,1,ask,Kelvin Chan,FlawlessFlatbreads,2714393
2026-07-01T17:39:58.685428,2026-07-01T17:39:58.694847+00:00,85.2,49,ask,EarnestEspressos,FlawlessFlatbreads,2714394
2026-07-01T17:40:00.797351,2026-07-01T17:40:00.808664+00:00,85.2,50,ask,EarnestEspressos,FlawlessFlatbreads,2714426
2026-07-01T17:40:00.917930,2026-07-01T17:40:00.926715+00:00,85.2,43,ask,EarnestEspressos,CostlyCorianders,2714432
2026-07-01T17:40:01.788770,2026-07-01T17:40:01.800207+00:00,85.3,1,ask,Kelvin Chan,EarnestEspressos,2714437
2026-07-01T17:40:01.788770,2026-07-01T17:40:01.800207+00:00,85.2,100,ask,DiligentDonuts,EarnestEspressos,2714438
2026-07-01T17:40:01.802412,2026-07-01T17:40:01.812750+00:00,85.0,11,bid,Xuanyu Liu,EarnestEspressos,2714439
2026-07-01T17:40:02.110429,2026-07-01T17:40:02.124949+00:00,85.0,2,bid,Xuanyu Liu,EarnestEspressos,2714449
2026-07-01T17:40:02.196702,2026-07-01T17:40:02.205078+00:00,85.0,1,bid,Kelvin Chan,EarnestEspressos,2714455
2026-07-01T17:40:02.259462,2026-07-01T17:40:02.267730+00:00,85.0,2,bid,Xuanyu Liu,EarnestEspressos,2714457
2026-07-01T17:40:02.359523,2026-07-01T17:40:02.368379+00:00,85.0,7,bid,Xuanyu Liu,EarnestEspressos,2714460
2026-07-01T17:40:02.904935,2026-07-01T17:40:02.916290+00:00,84.8,50,ask,DiligentDonuts,FlawlessFlatbreads,2714469
2026-07-01T17:40:02.926246,2026-07-01T17:40:02.933014+00:00,85.0,1,bid,Xuanyu Liu,EarnestEspressos,2714470
2026-07-01T17:40:03.155869,2026-07-01T17:40:03.155071+00:00,85.0,2,bid,Kelvin Chan,EarnestEspressos,2714480
2026-07-01T17:40:03.267850,2026-07-01T17:40:03.277319+00:00,85.0,1,bid,Kelvin Chan,EarnestEspressos,2714485
2026-07-01T17:40:05.011851,2026-07-01T17:40:05.023237+00:00,85.0,50,ask,EarnestEspressos,FlawlessFlatbreads,2714518
2026-07-01T17:40:06.513349,2026-07-01T17:40:06.521509+00:00,85.0,12,ask,EarnestEspressos,Xuanyu Liu,2714553
2026-07-01T17:40:07.119851,2026-07-01T17:40:07.131149+00:00,85.0,50,ask,EarnestEspressos,FlawlessFlatbreads,2714563
2026-07-01T17:40:09.176195,2026-07-01T17:40:09.187749+00:00,85.0,50,bid,FlawlessFlatbreads,EarnestEspressos,2714609
2026-07-01T17:40:11.284124,2026-07-01T17:40:11.290742+00:00,85.1,50,bid,FlawlessFlatbreads,DiligentDonuts,2714660
2026-07-01T17:40:13.392273,2026-07-01T17:40:13.402079+00:00,85.1,50,bid,FlawlessFlatbreads,EarnestEspressos,2714707
2026-07-01T17:40:13.631885,2026-07-01T17:40:13.638121+00:00,84.7,47,ask,DiligentDonuts,CostlyCorianders,2714718
2026-07-01T17:40:15.217835,2026-07-01T17:40:15.223923+00:00,85.0,46,bid,CostlyCorianders,DiligentDonuts,2714753
2026-07-01T17:40:15.498256,2026-07-01T17:40:15.509704+00:00,85.0,50,bid,FlawlessFlatbreads,DiligentDonuts,2714763
2026-07-01T17:40:17.549984,2026-07-01T17:40:17.556008+00:00,85.0,4,bid,EarnestEspressos,DiligentDonuts,2714805
2026-07-01T17:40:17.605710,2026-07-01T17:40:17.614516+00:00,85.2,5,bid,FlawlessFlatbreads,Kelvin Chan,2714808
2026-07-01T17:40:17.605710,2026-07-01T17:40:17.614516+00:00,85.5,45,bid,FlawlessFlatbreads,EarnestEspressos,2714809
2026-07-01T17:40:17.843306,2026-07-01T17:40:17.858583+00:00,85.0,43,ask,EarnestEspressos,CostlyCorianders,2714820
2026-07-01T17:40:18.089090,2026-07-01T17:40:18.100073+00:00,85.0,11,ask,EarnestEspressos,Xuanyu Liu,2714824
2026-07-01T17:40:19.381258,2026-07-01T17:40:19.391820+00:00,85.2,5,bid,CostlyCorianders,Kelvin Chan,2714862
2026-07-01T17:40:19.381258,2026-07-01T17:40:19.391820+00:00,85.5,44,bid,CostlyCorianders,EarnestEspressos,2714863
2026-07-01T17:40:19.712923,2026-07-01T17:40:19.724446+00:00,85.5,50,bid,FlawlessFlatbreads,EarnestEspressos,2714867
2026-07-01T17:40:20.721547,2026-07-01T17:40:20.731268+00:00,85.4,3,ask,EarnestEspressos,Xuanyu Liu,2714895
2026-07-01T17:40:20.925807,2026-07-01T17:40:20.937183+00:00,85.4,100,ask,EarnestEspressos,DiligentDonuts,2714897
2026-07-01T17:40:21.819995,2026-07-01T17:40:21.828058+00:00,85.9,50,bid,FlawlessFlatbreads,EarnestEspressos,2714920
2026-07-01T17:40:23.087125,2026-07-01T17:40:23.098456+00:00,85.4,47,ask,EarnestEspressos,CostlyCorianders,2714942
2026-07-01T17:40:23.087125,2026-07-01T17:40:23.098456+00:00,84.9,1,ask,DiligentDonuts,CostlyCorianders,2714943
2026-07-01T17:40:26.029850,2026-07-01T17:40:26.041147+00:00,85.4,50,bid,FlawlessFlatbreads,EarnestEspressos,2715008
2026-07-01T17:40:27.198243,2026-07-01T17:40:27.208637+00:00,85.4,3,bid,DiligentDonuts,Kelvin Chan,2715038
2026-07-01T17:40:28.136137,2026-07-01T17:40:28.144620+00:00,85.6,50,bid,FlawlessFlatbreads,EarnestEspressos,2715058
2026-07-01T17:40:30.241580,2026-07-01T17:40:30.253115+00:00,85.9,50,bid,FlawlessFlatbreads,DiligentDonuts,2715100
2026-07-01T17:40:31.376656,2026-07-01T17:40:31.387835+00:00,85.6,46,ask,DiligentDonuts,CostlyCorianders,2715120
2026-07-01T17:40:32.379443,2026-07-01T17:40:32.390552+00:00,86.0,50,bid,FlawlessFlatbreads,EarnestEspressos,2715138
2026-07-01T17:40:32.517816,2026-07-01T17:40:32.534492+00:00,85.6,3,ask,DiligentDonuts,Xuanyu Liu,2715142
2026-07-01T17:40:32.895410,2026-07-01T17:40:32.901707+00:00,86.0,49,bid,CostlyCorianders,EarnestEspressos,2715145
2026-07-01T17:40:33.825762,2026-07-01T17:40:33.834541+00:00,85.7,3,bid,Xuanyu Liu,DiligentDonuts,2715157
2026-07-01T17:40:34.067147,2026-07-01T17:40:34.074029+00:00,85.7,47,bid,CostlyCorianders,DiligentDonuts,2715164
2026-07-01T17:40:34.490956,2026-07-01T17:40:34.502245+00:00,85.7,50,bid,FlawlessFlatbreads,DiligentDonuts,2715176
2026-07-01T17:40:36.601108,2026-07-01T17:40:36.609692+00:00,85.7,3,ask,EarnestEspressos,Xuanyu Liu,2715227
2026-07-01T17:40:38.700499,2026-07-01T17:40:38.711893+00:00,86.1,50,bid,FlawlessFlatbreads,DiligentDonuts,2715263
2026-07-01T17:40:39.060344,2026-07-01T17:40:39.069475+00:00,85.7,147,ask,EarnestEspressos,Chester Au,2715271
2026-07-01T17:40:39.751781,2026-07-01T17:40:39.763607+00:00,85.6,100,ask,DiligentDonuts,EarnestEspressos,2715289
2026-07-01T17:40:39.751781,2026-07-01T17:40:39.763607+00:00,85.5,5,ask,Kelvin Chan,EarnestEspressos,2715290
2026-07-01T17:40:40.183553,2026-07-01T17:40:40.189948+00:00,85.5,4,bid,Kelvin Chan,EarnestEspressos,2715296
2026-07-01T17:40:40.192326,2026-07-01T17:40:40.200090+00:00,85.4,46,ask,DiligentDonuts,CostlyCorianders,2715297
2026-07-01T17:40:40.377866,2026-07-01T17:40:40.385962+00:00,85.5,3,bid,Xuanyu Liu,EarnestEspressos,2715303
2026-07-01T17:40:40.809342,2026-07-01T17:40:40.820940+00:00,85.5,38,bid,FlawlessFlatbreads,EarnestEspressos,2715314
2026-07-01T17:40:40.809342,2026-07-01T17:40:40.820940+00:00,85.9,12,bid,FlawlessFlatbreads,DiligentDonuts,2715315
2026-07-01T17:40:42.870001,2026-07-01T17:40:42.878013+00:00,85.6,3,ask,EarnestEspressos,Xuanyu Liu,2715354
2026-07-01T17:40:42.907679,2026-07-01T17:40:42.919142+00:00,85.8,1,bid,CostlyCorianders,Kelvin Chan,2715358
2026-07-01T17:40:42.920533,2026-07-01T17:40:42.929301+00:00,85.9,50,bid,FlawlessFlatbreads,DiligentDonuts,2715359
2026-07-01T17:40:42.962550,2026-07-01T17:40:42.973731+00:00,85.6,44,ask,EarnestEspressos,CostlyCorianders,2715360
2026-07-01T17:40:43.546795,2026-07-01T17:40:43.552963+00:00,85.9,40,bid,CostlyCorianders,DiligentDonuts,2715373
2026-07-01T17:40:45.032748,2026-07-01T17:40:45.043622+00:00,85.9,50,bid,FlawlessFlatbreads,DiligentDonuts,2715401
2026-07-01T17:40:45.224809,2026-07-01T17:40:45.236018+00:00,85.9,10,bid,CostlyCorianders,DiligentDonuts,2715413
2026-07-01T17:40:46.174609,2026-07-01T17:40:46.192317+00:00,85.8,53,ask,DiligentDonuts,Chester Au,2715424
2026-07-01T17:40:46.178247,2026-07-01T17:40:46.192317+00:00,85.8,11,ask,DiligentDonuts,Xuanyu Liu,2715425
2026-07-01T17:40:47.147954,2026-07-01T17:40:47.158548+00:00,85.9,1,bid,FlawlessFlatbreads,Kelvin Chan,2715440
2026-07-01T17:40:47.147954,2026-07-01T17:40:47.158548+00:00,86.0,49,bid,FlawlessFlatbreads,EarnestEspressos,2715441
2026-07-01T17:40:47.606852,2026-07-01T17:40:47.614291+00:00,85.8,36,ask,DiligentDonuts,CostlyCorianders,2715454
2026-07-01T17:40:47.606852,2026-07-01T17:40:47.619756+00:00,85.5,4,ask,Kelvin Chan,CostlyCorianders,2715455
2026-07-01T17:40:47.606852,2026-07-01T17:40:47.619756+00:00,85.5,5,ask,EarnestEspressos,CostlyCorianders,2715456
2026-07-01T17:40:49.309129,2026-07-01T17:40:49.316082+00:00,85.6,4,ask,Kelvin Chan,FlawlessFlatbreads,2715489
2026-07-01T17:40:49.309129,2026-07-01T17:40:49.321073+00:00,85.6,46,ask,EarnestEspressos,FlawlessFlatbreads,2715490
2026-07-01T17:40:49.601847,2026-07-01T17:40:49.613097+00:00,85.6,48,ask,EarnestEspressos,CostlyCorianders,2715495
2026-07-01T17:40:51.423540,2026-07-01T17:40:51.430637+00:00,85.6,50,ask,EarnestEspressos,FlawlessFlatbreads,2715514
2026-07-01T17:40:52.269543,2026-07-01T17:40:52.280970+00:00,85.9,1,bid,CostlyCorianders,Kelvin Chan,2715533
2026-07-01T17:40:52.269543,2026-07-01T17:40:52.280970+00:00,85.9,47,bid,CostlyCorianders,DiligentDonuts,2715534
2026-07-01T17:40:52.408944,2026-07-01T17:40:52.415270+00:00,85.6,3,ask,Kelvin Chan,EarnestEspressos,2715537
2026-07-01T17:40:52.487744,2026-07-01T17:40:52.498970+00:00,85.6,100,bid,DiligentDonuts,EarnestEspressos,2715539
2026-07-01T17:40:53.995469,2026-07-01T17:40:54.004333+00:00,85.6,3,bid,Kelvin Chan,EarnestEspressos,2715568
2026-07-01T17:40:54.769394,2026-07-01T17:40:54.779493+00:00,85.6,2,bid,Kelvin Chan,EarnestEspressos,2715595
2026-07-01T17:40:54.795971,2026-07-01T17:40:54.804281+00:00,85.6,11,bid,Xuanyu Liu,EarnestEspressos,2715596
2026-07-01T17:40:55.602695,2026-07-01T17:40:55.612470+00:00,85.9,3,bid,FlawlessFlatbreads,Kelvin Chan,2715602
2026-07-01T17:40:55.602695,2026-07-01T17:40:55.612470+00:00,86.1,47,bid,FlawlessFlatbreads,EarnestEspressos,2715603
2026-07-01T17:40:57.763303,2026-07-01T17:40:57.774784+00:00,85.6,50,ask,EarnestEspressos,FlawlessFlatbreads,2715641
