timestamp,recv_time,price,volume,aggressor_side,buyer,seller,trade_id
2026-06-29T16:00:00.471269,2026-06-29T06:00:01.038156+00:00,103.2,50,bid,,,12210700
2026-06-29T16:00:01.240145,2026-06-29T06:00:01.808156+00:00,103.2,48,bid,,,12210717
2026-06-29T16:00:02.578855,2026-06-29T06:00:03.150167+00:00,103.1,6,bid,,,12210743
2026-06-29T16:00:02.578855,2026-06-29T06:00:03.161167+00:00,103.2,44,bid,,,12210744
2026-06-29T16:00:03.542096,2026-06-29T06:00:04.107260+00:00,103.2,6,ask,,,12210762
2026-06-29T16:00:04.101244,2026-06-29T06:00:04.667775+00:00,103.2,6,ask,,,12210772
2026-06-29T16:00:04.479435,2026-06-29T06:00:05.041784+00:00,103.2,6,ask,,,12210779
2026-06-29T16:00:05.461406,2026-06-29T06:00:06.108322+00:00,103.2,35,ask,,,12210799
2026-06-29T16:00:05.493549,2026-06-29T06:00:06.141322+00:00,103.2,25,ask,,,12210800
2026-06-29T16:00:05.511202,2026-06-29T06:00:06.163322+00:00,103.2,25,ask,,,12210802
2026-06-29T16:00:05.554739,2026-06-29T06:00:06.196322+00:00,103.2,35,ask,,,12210805
2026-06-29T16:00:05.644966,2026-06-29T06:00:06.295321+00:00,103.2,12,ask,,,12210807
2026-06-29T16:00:06.115506,2026-06-29T06:00:06.680330+00:00,102.9,1,ask,,,12210825
2026-06-29T16:00:06.115506,2026-06-29T06:00:06.680330+00:00,102.8,47,ask,,,12210826
2026-06-29T16:00:06.370647,2026-06-29T06:00:06.933331+00:00,102.9,35,bid,,,12210830
2026-06-29T16:00:06.462339,2026-06-29T06:00:07.032322+00:00,102.9,35,bid,,,12210833
2026-06-29T16:00:06.511143,2026-06-29T06:00:07.076322+00:00,102.9,25,bid,,,12210838
2026-06-29T16:00:06.531110,2026-06-29T06:00:07.098322+00:00,102.9,25,bid,,,12210840
2026-06-29T16:00:06.556297,2026-06-29T06:00:07.120322+00:00,102.9,12,bid,,,12210841
2026-06-29T16:00:06.850744,2026-06-29T06:00:07.417342+00:00,102.8,50,ask,,,12210844
2026-06-29T16:00:07.105795,2026-06-29T06:00:07.670351+00:00,102.9,1,bid,,,12210846
2026-06-29T16:00:08.105439,2026-06-29T06:00:08.669880+00:00,102.9,17,bid,,,12210867
2026-06-29T16:00:08.515890,2026-06-29T06:00:09.076881+00:00,102.9,1,ask,,,12210878
2026-06-29T16:00:08.964298,2026-06-29T06:00:09.538889+00:00,102.4,50,ask,,,12210893
2026-06-29T16:00:09.451519,2026-06-29T06:00:10.011881+00:00,102.9,99,bid,,,12210904
2026-06-29T16:00:11.071698,2026-06-29T06:00:11.639889+00:00,102.9,50,ask,,,12210940
2026-06-29T16:00:12.669256,2026-06-29T06:00:13.234909+00:00,102.9,100,ask,,,12210965
2026-06-29T16:00:13.179330,2026-06-29T06:00:13.740051+00:00,102.5,1,ask,,,12210983
2026-06-29T16:00:13.179330,2026-06-29T06:00:13.751051+00:00,102.4,49,ask,,,12210984
2026-06-29T16:00:13.268087,2026-06-29T06:00:13.828051+00:00,102.9,49,bid,,,12210985
2026-06-29T16:00:15.238585,2026-06-29T06:00:15.808018+00:00,102.9,1,bid,,,12211008
2026-06-29T16:00:15.238585,2026-06-29T06:00:15.808018+00:00,103.1,49,bid,,,12211009
2026-06-29T16:00:15.525294,2026-06-29T06:00:16.093493+00:00,102.6,1,ask,,,12211022
2026-06-29T16:00:15.525294,2026-06-29T06:00:16.093493+00:00,102.6,47,ask,,,12211023
2026-06-29T16:00:17.647495,2026-06-29T06:00:18.216494+00:00,102.8,46,ask,,,12211069
2026-06-29T16:00:18.676903,2026-06-29T06:00:19.249023+00:00,103.0,46,bid,,,12211090
2026-06-29T16:00:18.989058,2026-06-29T06:00:19.556557+00:00,102.9,5,ask,,,12211096
2026-06-29T16:00:19.498676,2026-06-29T06:00:20.062557+00:00,102.7,1,ask,,,12211113
2026-06-29T16:00:19.498676,2026-06-29T06:00:20.062557+00:00,102.5,49,ask,,,12211114
2026-06-29T16:00:21.555439,2026-06-29T06:00:22.130557+00:00,102.8,50,bid,,,12211161
2026-06-29T16:00:21.618018,2026-06-29T06:00:22.185557+00:00,102.8,47,bid,,,12211162
2026-06-29T16:00:21.671442,2026-06-29T06:00:22.240557+00:00,102.5,48,ask,,,12211165
2026-06-29T16:00:22.097256,2026-06-29T06:00:22.691784+00:00,103.0,1,bid,,,12211172
2026-06-29T16:00:22.097256,2026-06-29T06:00:22.691784+00:00,103.0,100,bid,,,12211173
2026-06-29T16:00:23.662794,2026-06-29T06:00:24.230077+00:00,103.4,1,bid,,,12211212
2026-06-29T16:00:23.662794,2026-06-29T06:00:24.230077+00:00,103.5,49,bid,,,12211213
2026-06-29T16:00:24.353670,2026-06-29T06:00:24.922611+00:00,103.0,49,ask,,,12211224
2026-06-29T16:00:27.833396,2026-06-29T06:00:28.398596+00:00,102.6,1,ask,,,12211281
2026-06-29T16:00:27.833396,2026-06-29T06:00:28.398596+00:00,102.5,39,ask,,,12211282
2026-06-29T16:00:27.925185,2026-06-29T06:00:28.486596+00:00,102.5,50,ask,,,12211284
2026-06-29T16:00:28.390230,2026-06-29T06:00:28.958844+00:00,103.0,44,bid,,,12211290
2026-06-29T16:00:30.032976,2026-06-29T06:00:30.597844+00:00,102.5,11,ask,,,12211322
2026-06-29T16:00:30.032976,2026-06-29T06:00:30.597844+00:00,102.4,1,ask,,,12211323
2026-06-29T16:00:30.032976,2026-06-29T06:00:30.597844+00:00,102.3,38,ask,,,12211324
2026-06-29T16:00:30.779874,2026-06-29T06:00:31.345843+00:00,102.8,49,bid,,,12211335
2026-06-29T16:00:32.044178,2026-06-29T06:00:32.610843+00:00,102.7,1,ask,,,12211353
2026-06-29T16:00:32.044178,2026-06-29T06:00:32.610843+00:00,102.5,48,ask,,,12211354
2026-06-29T16:00:32.091846,2026-06-29T06:00:32.654843+00:00,102.9,50,bid,,,12211355
2026-06-29T16:00:33.129866,2026-06-29T06:00:33.699932+00:00,102.5,47,ask,,,12211380
2026-06-29T16:00:35.202689,2026-06-29T06:00:35.767313+00:00,102.6,47,ask,,,12211428
2026-06-29T16:00:35.772654,2026-06-29T06:00:36.338859+00:00,102.7,46,bid,,,12211437
2026-06-29T16:00:36.350468,2026-06-29T06:00:36.910868+00:00,102.6,50,ask,,,12211450
2026-06-29T16:00:37.970387,2026-06-29T06:00:38.538868+00:00,102.6,2,ask,,,12211477
2026-06-29T16:00:38.058812,2026-06-29T06:00:38.626109+00:00,102.6,2,bid,,,12211478
2026-06-29T16:00:38.154338,2026-06-29T06:00:38.725100+00:00,102.6,2,bid,,,12211481
2026-06-29T16:00:38.404877,2026-06-29T06:00:38.977642+00:00,102.6,50,bid,,,12211484
2026-06-29T16:00:39.137453,2026-06-29T06:00:39.703641+00:00,102.6,3,bid,,,12211495
2026-06-29T16:00:39.161716,2026-06-29T06:00:39.725641+00:00,102.6,3,bid,,,12211496
2026-06-29T16:00:41.363143,2026-06-29T06:00:41.925662+00:00,102.8,40,bid,,,12211538
2026-06-29T16:00:42.623981,2026-06-29T06:00:43.190662+00:00,102.8,50,bid,,,12211561
2026-06-29T16:00:44.730925,2026-06-29T06:00:45.301957+00:00,102.9,2,bid,,,12211600
2026-06-29T16:00:44.730925,2026-06-29T06:00:45.301957+00:00,102.9,48,bid,,,12211601
2026-06-29T16:00:45.412440,2026-06-29T06:00:45.972482+00:00,102.9,48,bid,,,12211614
2026-06-29T16:00:48.023223,2026-06-29T06:00:48.590193+00:00,102.7,46,ask,,,12211649
2026-06-29T16:00:51.072051,2026-06-29T06:00:51.648193+00:00,102.8,2,bid,,,12211719
2026-06-29T16:00:51.072051,2026-06-29T06:00:51.648193+00:00,102.8,48,bid,,,12211720
2026-06-29T16:00:52.067665,2026-06-29T06:00:52.638204+00:00,102.6,48,ask,,,12211729
2026-06-29T16:00:53.260049,2026-06-29T06:00:53.825324+00:00,102.6,50,ask,,,12211757
2026-06-29T16:00:53.819741,2026-06-29T06:00:54.386316+00:00,102.5,1,ask,,,12211772
2026-06-29T16:00:54.417371,2026-06-29T06:00:54.991315+00:00,102.5,45,bid,,,12211787
2026-06-29T16:00:55.366171,2026-06-29T06:00:55.936324+00:00,102.4,50,ask,,,12211818
2026-06-29T16:00:55.944779,2026-06-29T06:00:56.507900+00:00,102.5,49,bid,,,12211824
2026-06-29T16:00:56.599558,2026-06-29T06:00:57.167911+00:00,102.3,40,ask,,,12211834
2026-06-29T16:00:57.485724,2026-06-29T06:00:58.047912+00:00,102.5,50,ask,,,12211854
2026-06-29T16:00:59.592385,2026-06-29T06:01:00.158312+00:00,102.5,50,ask,,,12211872
2026-06-29T16:01:01.701305,2026-06-29T06:01:02.264323+00:00,102.3,1,ask,,,12211905
2026-06-29T16:01:01.701305,2026-06-29T06:01:02.264323+00:00,102.2,49,ask,,,12211906
2026-06-29T16:01:02.333633,2026-06-29T06:01:02.902332+00:00,102.6,43,bid,,,12211915
2026-06-29T16:01:03.343128,2026-06-29T06:01:03.903454+00:00,102.3,44,ask,,,12211932
2026-06-29T16:01:03.809395,2026-06-29T06:01:04.376453+00:00,102.3,50,ask,,,12211937
2026-06-29T16:01:03.969473,2026-06-29T06:01:04.530453+00:00,102.7,40,bid,,,12211943
2026-06-29T16:01:05.929434,2026-06-29T06:01:06.499021+00:00,102.3,50,ask,,,12211982
2026-06-29T16:01:06.471582,2026-06-29T06:01:07.038030+00:00,102.3,100,ask,,,12211990
2026-06-29T16:01:06.697252,2026-06-29T06:01:07.258030+00:00,102.3,47,bid,,,12211996
2026-06-29T16:01:07.267114,2026-06-29T06:01:07.830029+00:00,102.2,1,ask,,,12212010
2026-06-29T16:01:07.267114,2026-06-29T06:01:07.830029+00:00,101.8,41,ask,,,12212011
2026-06-29T16:01:08.037522,2026-06-29T06:01:08.598353+00:00,101.8,50,ask,,,12212023
2026-06-29T16:01:10.145583,2026-06-29T06:01:10.721353+00:00,102.1,50,ask,,,12212059
2026-06-29T16:01:12.201616,2026-06-29T06:01:12.767356+00:00,102.5,50,bid,,,12212105
2026-06-29T16:01:12.314682,2026-06-29T06:01:12.877355+00:00,102.1,45,ask,,,12212106
2026-06-29T16:01:13.978106,2026-06-29T06:01:14.548043+00:00,102.0,48,ask,,,12212131
2026-06-29T16:01:14.359930,2026-06-29T06:01:14.922043+00:00,102.0,50,ask,,,12212132
2026-06-29T16:01:14.910832,2026-06-29T06:01:15.472034+00:00,102.4,47,bid,,,12212152
2026-06-29T16:01:16.091304,2026-06-29T06:01:16.659161+00:00,102.5,43,bid,,,12212180
2026-06-29T16:01:16.467660,2026-06-29T06:01:17.033161+00:00,102.4,50,ask,,,12212187
2026-06-29T16:01:18.895210,2026-06-29T06:01:19.462673+00:00,102.4,48,ask,,,12212247
2026-06-29T16:01:19.127351,2026-06-29T06:01:19.693673+00:00,102.4,100,ask,,,12212252
2026-06-29T16:01:20.677794,2026-06-29T06:01:21.244673+00:00,102.2,2,ask,,,12212277
2026-06-29T16:01:21.980750,2026-06-29T06:01:22.542674+00:00,102.4,43,bid,,,12212308
2026-06-29T16:01:22.236910,2026-06-29T06:01:22.806674+00:00,102.4,100,bid,,,12212314
2026-06-29T16:01:24.900756,2026-06-29T06:01:25.467423+00:00,102.5,50,ask,,,12212364
2026-06-29T16:01:25.035475,2026-06-29T06:01:25.610423+00:00,102.2,2,ask,,,12212370
2026-06-29T16:01:25.035475,2026-06-29T06:01:25.610423+00:00,102.1,46,ask,,,12212371
2026-06-29T16:01:25.531833,2026-06-29T06:01:26.093987+00:00,102.3,49,bid,,,12212383
2026-06-29T16:01:26.136222,2026-06-29T06:01:26.699008+00:00,102.1,48,ask,,,12212394
2026-06-29T16:01:26.957014,2026-06-29T06:01:27.524008+00:00,102.3,50,bid,,,12212412
2026-06-29T16:01:27.932260,2026-06-29T06:01:28.503008+00:00,102.3,46,bid,,,12212437
2026-06-29T16:01:28.583891,2026-06-29T06:01:29.151010+00:00,102.4,100,bid,,,12212457
2026-06-29T16:01:28.583891,2026-06-29T06:01:29.151010+00:00,102.6,1,bid,,,12212458
2026-06-29T16:01:28.583891,2026-06-29T06:01:29.151010+00:00,102.6,1,bid,,,12212459
2026-06-29T16:01:29.054791,2026-06-29T06:01:29.624039+00:00,102.6,44,ask,,,12212471
2026-06-29T16:01:29.063623,2026-06-29T06:01:29.624039+00:00,103.1,50,bid,,,12212472
2026-06-29T16:01:30.806464,2026-06-29T06:01:31.373039+00:00,102.6,4,ask,,,12212498
2026-06-29T16:01:31.170207,2026-06-29T06:01:31.735573+00:00,102.6,50,bid,,,12212500
2026-06-29T16:01:33.277600,2026-06-29T06:01:33.847651+00:00,102.5,50,bid,,,12212549
2026-06-29T16:01:34.598212,2026-06-29T06:01:35.168083+00:00,102.4,47,ask,,,12212572
2026-06-29T16:01:35.077193,2026-06-29T06:01:35.641083+00:00,102.6,1,bid,,,12212586
2026-06-29T16:01:35.077193,2026-06-29T06:01:35.641083+00:00,102.7,45,bid,,,12212587
2026-06-29T16:01:35.383128,2026-06-29T06:01:35.949083+00:00,102.7,50,bid,,,12212592
2026-06-29T16:01:35.599786,2026-06-29T06:01:36.168643+00:00,102.7,42,bid,,,12212601
2026-06-29T16:01:36.158989,2026-06-29T06:01:36.729643+00:00,102.7,13,bid,,,12212618
2026-06-29T16:01:36.213180,2026-06-29T06:01:36.784643+00:00,102.4,49,ask,,,12212619
2026-06-29T16:01:37.540950,2026-06-29T06:01:38.104643+00:00,102.2,4,ask,,,12212642
2026-06-29T16:01:37.540950,2026-06-29T06:01:38.104643+00:00,102.2,46,ask,,,12212643
2026-06-29T16:01:38.073123,2026-06-29T06:01:38.643760+00:00,102.6,100,bid,,,12212659
2026-06-29T16:01:38.073123,2026-06-29T06:01:38.643760+00:00,102.7,1,bid,,,12212660
2026-06-29T16:01:38.738288,2026-06-29T06:01:39.303760+00:00,102.7,1,ask,,,12212666
2026-06-29T16:01:38.798446,2026-06-29T06:01:39.358760+00:00,102.7,1,ask,,,12212669
2026-06-29T16:01:38.907508,2026-06-29T06:01:39.468760+00:00,102.7,1,ask,,,12212672
2026-06-29T16:01:41.701221,2026-06-29T06:01:42.262294+00:00,102.7,50,bid,,,12212717
2026-06-29T16:01:42.293464,2026-06-29T06:01:42.856314+00:00,102.7,43,bid,,,12212732
2026-06-29T16:01:42.914472,2026-06-29T06:01:43.483314+00:00,102.3,4,ask,,,12212743
2026-06-29T16:01:42.914472,2026-06-29T06:01:43.483314+00:00,102.3,41,ask,,,12212744
2026-06-29T16:01:43.806446,2026-06-29T06:01:44.373535+00:00,102.7,50,bid,,,12212771
2026-06-29T16:01:44.409380,2026-06-29T06:01:44.978536+00:00,102.7,100,bid,,,12212779
2026-06-29T16:01:44.409380,2026-06-29T06:01:44.978536+00:00,102.9,1,bid,,,12212780
2026-06-29T16:01:45.963728,2026-06-29T06:01:46.528562+00:00,102.9,49,ask,,,12212804
2026-06-29T16:01:45.963728,2026-06-29T06:01:46.528562+00:00,102.7,1,ask,,,12212805
2026-06-29T16:01:47.893242,2026-06-29T06:01:48.453553+00:00,102.9,46,bid,,,12212840
2026-06-29T16:01:48.576654,2026-06-29T06:01:49.145089+00:00,102.7,49,ask,,,12212851
2026-06-29T16:01:50.129752,2026-06-29T06:01:50.695539+00:00,102.9,50,bid,,,12212870
2026-06-29T16:01:51.003361,2026-06-29T06:01:51.564531+00:00,102.9,41,bid,,,12212890
2026-06-29T16:01:51.607394,2026-06-29T06:01:52.169531+00:00,102.7,47,ask,,,12212906
2026-06-29T16:01:54.250351,2026-06-29T06:01:54.820176+00:00,102.7,45,ask,,,12212952
2026-06-29T16:01:56.497126,2026-06-29T06:01:57.063750+00:00,102.6,50,ask,,,12212992
2026-06-29T16:01:58.482967,2026-06-29T06:01:59.053703+00:00,102.8,1,bid,,,12213020
2026-06-29T16:01:58.482967,2026-06-29T06:01:59.053703+00:00,102.9,39,bid,,,12213021
2026-06-29T16:01:58.604042,2026-06-29T06:01:59.174694+00:00,102.5,1,ask,,,12213023
2026-06-29T16:01:58.604042,2026-06-29T06:01:59.174694+00:00,102.4,49,ask,,,12213024
2026-06-29T16:02:00.714253,2026-06-29T06:02:01.319702+00:00,102.5,50,ask,,,12213062
2026-06-29T16:02:02.821025,2026-06-29T06:02:03.387703+00:00,102.4,1,ask,,,12213091
2026-06-29T16:02:02.821025,2026-06-29T06:02:03.387703+00:00,102.3,49,ask,,,12213092
2026-06-29T16:02:03.847014,2026-06-29T06:02:04.409793+00:00,102.7,45,bid,,,12213111
2026-06-29T16:02:04.879531,2026-06-29T06:02:05.443784+00:00,102.7,50,bid,,,12213139
2026-06-29T16:02:04.910135,2026-06-29T06:02:05.476784+00:00,102.3,41,ask,,,12213140
2026-06-29T16:02:06.947793,2026-06-29T06:02:07.511368+00:00,102.5,1,ask,,,12213168
2026-06-29T16:02:06.947793,2026-06-29T06:02:07.511368+00:00,102.5,45,ask,,,12213169
2026-06-29T16:02:06.985406,2026-06-29T06:02:07.555368+00:00,102.7,50,bid,,,12213170
2026-06-29T16:02:09.058304,2026-06-29T06:02:09.624520+00:00,102.8,41,bid,,,12213212
2026-06-29T16:02:09.093554,2026-06-29T06:02:09.657520+00:00,102.8,50,bid,,,12213213
2026-06-29T16:02:11.200428,2026-06-29T06:02:11.769520+00:00,102.8,9,bid,,,12213258
2026-06-29T16:02:11.200428,2026-06-29T06:02:11.769520+00:00,102.8,41,bid,,,12213259
2026-06-29T16:02:13.307402,2026-06-29T06:02:13.870130+00:00,102.9,1,bid,,,12213287
2026-06-29T16:02:13.307402,2026-06-29T06:02:13.881130+00:00,103.0,49,bid,,,12213288
2026-06-29T16:02:15.229368,2026-06-29T06:02:15.795150+00:00,102.8,4,bid,,,12213340
2026-06-29T16:02:15.229368,2026-06-29T06:02:15.795150+00:00,103.0,44,bid,,,12213341
2026-06-29T16:02:15.415954,2026-06-29T06:02:15.982150+00:00,103.0,50,bid,,,12213347
2026-06-29T16:02:15.830471,2026-06-29T06:02:16.399706+00:00,102.6,45,ask,,,12213352
2026-06-29T16:02:16.050377,2026-06-29T06:02:16.619706+00:00,103.1,100,bid,,,12213353
2026-06-29T16:02:16.558743,2026-06-29T06:02:17.125707+00:00,103.1,4,ask,,,12213365
2026-06-29T16:02:16.794199,2026-06-29T06:02:17.367240+00:00,103.2,1,bid,,,12213369
2026-06-29T16:02:17.023979,2026-06-29T06:02:17.587240+00:00,103.1,4,ask,,,12213373
2026-06-29T16:02:17.523903,2026-06-29T06:02:18.093240+00:00,103.6,50,bid,,,12213391
2026-06-29T16:02:17.559005,2026-06-29T06:02:18.126240+00:00,103.1,4,ask,,,12213392
2026-06-29T16:02:17.652447,2026-06-29T06:02:18.214240+00:00,103.1,4,ask,,,12213395
2026-06-29T16:02:18.033278,2026-06-29T06:02:18.599020+00:00,103.1,4,ask,,,12213403
2026-06-29T16:02:18.371262,2026-06-29T06:02:18.940020+00:00,103.1,30,ask,,,12213409
2026-06-29T16:02:18.371262,2026-06-29T06:02:18.940020+00:00,102.9,15,ask,,,12213410
2026-06-29T16:02:19.026700,2026-06-29T06:02:19.589011+00:00,103.4,42,bid,,,12213429
2026-06-29T16:02:19.631186,2026-06-29T06:02:20.194019+00:00,103.3,50,bid,,,12213437
2026-06-29T16:02:21.738510,2026-06-29T06:02:22.306010+00:00,103.3,50,bid,,,12213479
2026-06-29T16:02:22.050803,2026-06-29T06:02:22.614020+00:00,103.1,41,ask,,,12213480
2026-06-29T16:02:23.844829,2026-06-29T06:02:24.406598+00:00,103.5,1,bid,,,12213510
2026-06-29T16:02:23.844829,2026-06-29T06:02:24.417598+00:00,103.6,49,bid,,,12213511
2026-06-29T16:02:25.952210,2026-06-29T06:02:26.517687+00:00,103.7,50,bid,,,12213556
2026-06-29T16:02:26.629498,2026-06-29T06:02:27.199687+00:00,103.4,1,ask,,,12213561
2026-06-29T16:02:26.722628,2026-06-29T06:02:27.309678+00:00,103.4,1,ask,,,12213566
2026-06-29T16:02:26.825979,2026-06-29T06:02:27.386678+00:00,103.4,1,ask,,,12213571
2026-06-29T16:02:26.884299,2026-06-29T06:02:27.452678+00:00,103.4,1,ask,,,12213572
2026-06-29T16:02:27.073611,2026-06-29T06:02:27.639678+00:00,103.7,40,bid,,,12213574
2026-06-29T16:02:27.631472,2026-06-29T06:02:28.200687+00:00,103.4,1,ask,,,12213582
2026-06-29T16:02:27.716572,2026-06-29T06:02:28.277687+00:00,103.4,1,ask,,,12213586
2026-06-29T16:02:28.058256,2026-06-29T06:02:28.629083+00:00,103.8,50,bid,,,12213599
2026-06-29T16:02:28.076115,2026-06-29T06:02:28.640082+00:00,103.4,144,ask,,,12213601
2026-06-29T16:02:28.164978,2026-06-29T06:02:28.728082+00:00,103.3,35,ask,,,12213609
2026-06-29T16:02:28.179677,2026-06-29T06:02:28.750083+00:00,103.3,25,ask,,,12213610
2026-06-29T16:02:28.211760,2026-06-29T06:02:28.783082+00:00,103.3,25,ask,,,12213616
2026-06-29T16:02:28.278878,2026-06-29T06:02:28.849082+00:00,103.3,15,ask,,,12213619
2026-06-29T16:02:28.278878,2026-06-29T06:02:28.860073+00:00,103.3,1,ask,,,12213620
2026-06-29T16:02:28.766179,2026-06-29T06:02:29.333083+00:00,103.1,28,bid,,,12213628
2026-06-29T16:02:28.934900,2026-06-29T06:02:29.498082+00:00,103.1,11,bid,,,12213631
2026-06-29T16:02:29.343360,2026-06-29T06:02:29.916082+00:00,103.1,35,bid,,,12213648
2026-06-29T16:02:29.396001,2026-06-29T06:02:29.960082+00:00,103.1,25,bid,,,12213651
2026-06-29T16:02:29.434283,2026-06-29T06:02:30.004083+00:00,103.1,35,bid,,,12213653
2026-06-29T16:02:29.438690,2026-06-29T06:02:30.004083+00:00,103.1,16,bid,,,12213654
2026-06-29T16:02:30.163934,2026-06-29T06:02:30.729597+00:00,103.8,50,bid,,,12213681
2026-06-29T16:02:32.093637,2026-06-29T06:02:32.664607+00:00,103.2,40,ask,,,12213726
2026-06-29T16:02:32.270875,2026-06-29T06:02:32.840607+00:00,103.6,50,bid,,,12213728
2026-06-29T16:02:32.690491,2026-06-29T06:02:33.269598+00:00,103.6,40,bid,,,12213730
2026-06-29T16:02:34.378049,2026-06-29T06:02:34.941163+00:00,103.6,50,bid,,,12213755
2026-06-29T16:02:34.609983,2026-06-29T06:02:35.172163+00:00,103.2,4,ask,,,12213763
2026-06-29T16:02:34.618305,2026-06-29T06:02:35.183163+00:00,103.1,2,ask,,,12213765
2026-06-29T16:02:34.822810,2026-06-29T06:02:35.392154+00:00,103.1,2,ask,,,12213769
2026-06-29T16:02:35.031393,2026-06-29T06:02:35.601154+00:00,103.1,1,ask,,,12213782
2026-06-29T16:02:35.031393,2026-06-29T06:02:35.601154+00:00,103.1,1,ask,,,12213783
2026-06-29T16:02:35.061842,2026-06-29T06:02:35.623154+00:00,103.4,114,ask,,,12213785
2026-06-29T16:02:35.086778,2026-06-29T06:02:35.656154+00:00,103.4,25,ask,,,12213788
2026-06-29T16:02:35.237214,2026-06-29T06:02:35.799163+00:00,103.4,11,ask,,,12213790
2026-06-29T16:02:35.245653,2026-06-29T06:02:35.810163+00:00,103.1,2,ask,,,12213792
2026-06-29T16:02:35.449958,2026-06-29T06:02:36.019163+00:00,103.1,2,ask,,,12213794
2026-06-29T16:02:35.655208,2026-06-29T06:02:36.216733+00:00,103.1,2,ask,,,12213799
2026-06-29T16:02:35.860379,2026-06-29T06:02:36.425732+00:00,103.1,2,ask,,,12213804
2026-06-29T16:02:36.483949,2026-06-29T06:02:37.052571+00:00,103.6,50,bid,,,12213815
2026-06-29T16:02:37.230610,2026-06-29T06:02:37.800570+00:00,103.2,44,ask,,,12213840
2026-06-29T16:02:37.300067,2026-06-29T06:02:37.866570+00:00,103.2,2,ask,,,12213845
2026-06-29T16:02:37.504097,2026-06-29T06:02:38.075570+00:00,103.2,2,ask,,,12213850
2026-06-29T16:02:37.709026,2026-06-29T06:02:38.273570+00:00,103.2,2,ask,,,12213851
2026-06-29T16:02:37.782220,2026-06-29T06:02:38.350570+00:00,103.2,48,ask,,,12213852
2026-06-29T16:02:37.914236,2026-06-29T06:02:38.482570+00:00,103.2,2,ask,,,12213853
2026-06-29T16:02:38.593776,2026-06-29T06:02:39.163896+00:00,103.3,50,bid,,,12213871
2026-06-29T16:02:40.701610,2026-06-29T06:02:41.264896+00:00,103.2,50,bid,,,12213914
2026-06-29T16:02:42.805861,2026-06-29T06:02:43.376896+00:00,103.2,49,bid,,,12213959
2026-06-29T16:02:42.811740,2026-06-29T06:02:43.376896+00:00,103.2,1,bid,,,12213960
2026-06-29T16:02:42.811740,2026-06-29T06:02:43.376896+00:00,103.5,1,bid,,,12213961
2026-06-29T16:02:42.811740,2026-06-29T06:02:43.387896+00:00,103.6,48,bid,,,12213962
2026-06-29T16:02:43.919087,2026-06-29T06:02:44.487431+00:00,103.1,42,ask,,,12213981
2026-06-29T16:02:44.953377,2026-06-29T06:02:45.521451+00:00,103.4,50,bid,,,12213997
2026-06-29T16:02:47.084098,2026-06-29T06:02:47.654539+00:00,103.5,50,bid,,,12214033
2026-06-29T16:02:47.717222,2026-06-29T06:02:48.281538+00:00,103.2,16,ask,,,12214046
2026-06-29T16:02:47.745554,2026-06-29T06:02:48.314538+00:00,103.1,25,ask,,,12214049
2026-06-29T16:02:47.926202,2026-06-29T06:02:48.490538+00:00,103.1,25,ask,,,12214053
2026-06-29T16:02:47.954082,2026-06-29T06:02:48.523538+00:00,103.1,25,ask,,,12214055
2026-06-29T16:02:48.135751,2026-06-29T06:02:48.698225+00:00,103.1,25,ask,,,12214058
2026-06-29T16:02:48.163440,2026-06-29T06:02:48.731224+00:00,103.1,25,ask,,,12214060
2026-06-29T16:02:48.348377,2026-06-29T06:02:48.918225+00:00,103.1,25,ask,,,12214064
2026-06-29T16:02:49.241633,2026-06-29T06:02:49.809225+00:00,103.0,50,ask,,,12214086
2026-06-29T16:02:51.360505,2026-06-29T06:02:51.932225+00:00,102.9,50,ask,,,12214112
2026-06-29T16:02:51.593026,2026-06-29T06:02:52.163215+00:00,103.1,40,bid,,,12214115
2026-06-29T16:02:52.794074,2026-06-29T06:02:53.362244+00:00,103.1,47,bid,,,12214130
2026-06-29T16:02:53.416940,2026-06-29T06:02:53.988503+00:00,103.1,50,bid,,,12214142
2026-06-29T16:02:54.170316,2026-06-29T06:02:54.736503+00:00,103.1,25,ask,,,12214152
2026-06-29T16:02:54.182036,2026-06-29T06:02:54.747503+00:00,103.1,25,ask,,,12214154
2026-06-29T16:02:54.380684,2026-06-29T06:02:54.945523+00:00,103.1,25,ask,,,12214156
2026-06-29T16:02:54.391860,2026-06-29T06:02:54.956513+00:00,103.1,25,ask,,,12214158
2026-06-29T16:02:54.589202,2026-06-29T06:02:55.154514+00:00,103.1,25,ask,,,12214163
2026-06-29T16:02:54.602723,2026-06-29T06:02:55.165514+00:00,103.1,25,ask,,,12214165
2026-06-29T16:02:55.602245,2026-06-29T06:02:56.166089+00:00,102.8,50,ask,,,12214179
2026-06-29T16:02:56.867781,2026-06-29T06:02:57.431089+00:00,102.7,43,ask,,,12214199
2026-06-29T16:02:57.657431,2026-06-29T06:02:58.223089+00:00,103.1,50,bid,,,12214203
2026-06-29T16:02:59.034470,2026-06-29T06:02:59.596374+00:00,103.0,1,ask,,,12214224
2026-06-29T16:02:59.763351,2026-06-29T06:03:00.333387+00:00,103.1,50,bid,,,12214246
2026-06-29T16:03:01.870959,2026-06-29T06:03:02.434394+00:00,103.1,50,bid,,,12214287
2026-06-29T16:03:03.979074,2026-06-29T06:03:04.545946+00:00,103.2,50,bid,,,12214328
2026-06-29T16:03:04.171143,2026-06-29T06:03:04.732946+00:00,103.2,43,bid,,,12214330
2026-06-29T16:03:06.087806,2026-06-29T06:03:06.657039+00:00,103.4,1,bid,,,12214375
2026-06-29T16:03:06.087806,2026-06-29T06:03:06.657039+00:00,103.5,49,bid,,,12214376
2026-06-29T16:03:06.622854,2026-06-29T06:03:07.185039+00:00,103.0,1,ask,,,12214383
2026-06-29T16:03:06.622854,2026-06-29T06:03:07.196039+00:00,103.0,48,ask,,,12214384
2026-06-29T16:03:06.683080,2026-06-29T06:03:07.251039+00:00,103.3,4,bid,,,12214387
2026-06-29T16:03:06.832769,2026-06-29T06:03:07.394039+00:00,103.3,13,ask,,,12214389
2026-06-29T16:03:07.160710,2026-06-29T06:03:07.724039+00:00,103.3,44,ask,,,12214402
2026-06-29T16:03:08.194326,2026-06-29T06:03:08.756718+00:00,103.5,50,bid,,,12214421
2026-06-29T16:03:10.367486,2026-06-29T06:03:10.929070+00:00,103.2,50,ask,,,12214462
2026-06-29T16:03:12.474107,2026-06-29T06:03:13.041062+00:00,103.2,50,ask,,,12214507
2026-06-29T16:03:13.149565,2026-06-29T06:03:13.710775+00:00,103.4,4,bid,,,12214522
2026-06-29T16:03:13.149565,2026-06-29T06:03:13.721774+00:00,103.4,43,bid,,,12214523
2026-06-29T16:03:14.324925,2026-06-29T06:03:14.887775+00:00,103.2,43,ask,,,12214545
2026-06-29T16:03:14.528745,2026-06-29T06:03:15.096765+00:00,103.4,50,bid,,,12214551
2026-06-29T16:03:16.169414,2026-06-29T06:03:16.734851+00:00,103.4,100,bid,,,12214575
2026-06-29T16:03:16.690494,2026-06-29T06:03:17.251851+00:00,103.4,50,ask,,,12214583
2026-06-29T16:03:18.768147,2026-06-29T06:03:19.330956+00:00,103.4,2,bid,,,12214620
2026-06-29T16:03:18.768147,2026-06-29T06:03:19.341956+00:00,103.7,43,bid,,,12214621
2026-06-29T16:03:18.799426,2026-06-29T06:03:19.363956+00:00,103.2,50,ask,,,12214622
2026-06-29T16:03:19.379051,2026-06-29T06:03:19.946956+00:00,103.2,50,ask,,,12214636
2026-06-29T16:03:20.904449,2026-06-29T06:03:21.475976+00:00,103.1,1,ask,,,12214657
2026-06-29T16:03:20.904449,2026-06-29T06:03:21.475976+00:00,102.9,1,ask,,,12214658
2026-06-29T16:03:20.904449,2026-06-29T06:03:21.475976+00:00,102.7,48,ask,,,12214659
2026-06-29T16:03:21.673908,2026-06-29T06:03:22.234967+00:00,103.2,25,bid,,,12214676
2026-06-29T16:03:21.742921,2026-06-29T06:03:22.311967+00:00,103.2,35,bid,,,12214679
2026-06-29T16:03:21.835941,2026-06-29T06:03:22.399967+00:00,103.2,35,bid,,,12214686
2026-06-29T16:03:21.853933,2026-06-29T06:03:22.421967+00:00,103.2,5,bid,,,12214689
2026-06-29T16:03:23.012027,2026-06-29T06:03:23.576509+00:00,103.2,50,ask,,,12214698
2026-06-29T16:03:25.119116,2026-06-29T06:03:25.688068+00:00,103.2,50,ask,,,12214742
2026-06-29T16:03:25.539882,2026-06-29T06:03:26.105650+00:00,103.2,46,ask,,,12214748
2026-06-29T16:03:25.699293,2026-06-29T06:03:26.270642+00:00,103.1,3,ask,,,12214757
2026-06-29T16:03:25.699293,2026-06-29T06:03:26.270642+00:00,103.1,100,ask,,,12214758
2026-06-29T16:03:25.783834,2026-06-29T06:03:26.347650+00:00,103.1,47,bid,,,12214762
2026-06-29T16:03:26.170141,2026-06-29T06:03:26.732642+00:00,103.6,41,bid,,,12214775
2026-06-29T16:03:27.225613,2026-06-29T06:03:27.788650+00:00,102.9,1,ask,,,12214786
2026-06-29T16:03:27.225613,2026-06-29T06:03:27.788650+00:00,102.6,49,ask,,,12214787
2026-06-29T16:03:27.657481,2026-06-29T06:03:28.228650+00:00,103.4,1,bid,,,12214790
2026-06-29T16:03:27.657481,2026-06-29T06:03:28.228650+00:00,103.6,47,bid,,,12214791
2026-06-29T16:03:28.694803,2026-06-29T06:03:29.261349+00:00,103.1,4,ask,,,12214812
2026-06-29T16:03:28.694803,2026-06-29T06:03:29.261349+00:00,103.1,43,ask,,,12214813
2026-06-29T16:03:29.248402,2026-06-29T06:03:29.811358+00:00,103.4,1,bid,,,12214820
2026-06-29T16:03:29.248402,2026-06-29T06:03:29.822358+00:00,103.5,41,bid,,,12214821
2026-06-29T16:03:29.333592,2026-06-29T06:03:29.899358+00:00,103.1,50,ask,,,12214826
2026-06-29T16:03:30.491601,2026-06-29T06:03:31.054358+00:00,103.4,1,bid,,,12214843
2026-06-29T16:03:30.491601,2026-06-29T06:03:31.065358+00:00,103.5,45,bid,,,12214844
2026-06-29T16:03:31.443662,2026-06-29T06:03:32.011359+00:00,103.1,4,ask,,,12214855
2026-06-29T16:03:31.443662,2026-06-29T06:03:32.011359+00:00,103.0,46,ask,,,12214856
2026-06-29T16:03:33.560717,2026-06-29T06:03:34.123467+00:00,103.2,50,ask,,,12214879
2026-06-29T16:03:34.162906,2026-06-29T06:03:34.728476+00:00,103.2,100,ask,,,12214888
2026-06-29T16:03:34.696977,2026-06-29T06:03:35.267476+00:00,103.1,4,ask,,,12214907
2026-06-29T16:03:34.696977,2026-06-29T06:03:35.267476+00:00,102.7,44,ask,,,12214908
2026-06-29T16:03:35.249614,2026-06-29T06:03:35.817467+00:00,103.2,83,bid,,,12214919
2026-06-29T16:03:35.287262,2026-06-29T06:03:35.850468+00:00,103.2,25,bid,,,12214922
2026-06-29T16:03:35.307593,2026-06-29T06:03:35.872467+00:00,103.2,25,bid,,,12214924
2026-06-29T16:03:35.499851,2026-06-29T06:03:36.070476+00:00,103.2,17,bid,,,12214930
2026-06-29T16:03:35.667872,2026-06-29T06:03:36.235048+00:00,102.7,50,ask,,,12214932
2026-06-29T16:03:36.415348,2026-06-29T06:03:36.983048+00:00,103.4,1,bid,,,12214943
2026-06-29T16:03:36.415348,2026-06-29T06:03:36.983048+00:00,103.6,1,bid,,,12214944
2026-06-29T16:03:37.677687,2026-06-29T06:03:38.248059+00:00,102.9,49,ask,,,12214963
2026-06-29T16:03:37.781567,2026-06-29T06:03:38.358059+00:00,102.9,50,ask,,,12214969
2026-06-29T16:03:39.410647,2026-06-29T06:03:39.974101+00:00,103.4,49,bid,,,12214989
2026-06-29T16:03:39.888233,2026-06-29T06:03:40.458101+00:00,103.3,50,ask,,,12214997
2026-06-29T16:03:40.491223,2026-06-29T06:03:41.063092+00:00,103.3,100,ask,,,12215014
2026-06-29T16:03:41.533881,2026-06-29T06:03:42.097101+00:00,103.1,3,ask,,,12215025
2026-06-29T16:03:41.586838,2026-06-29T06:03:42.152102+00:00,103.0,3,bid,,,12215026
2026-06-29T16:03:41.723500,2026-06-29T06:03:42.295092+00:00,103.0,25,bid,,,12215032
2026-06-29T16:03:41.732273,2026-06-29T06:03:42.295092+00:00,103.0,25,bid,,,12215036
2026-06-29T16:03:41.933082,2026-06-29T06:03:42.504092+00:00,103.0,25,bid,,,12215044
2026-06-29T16:03:41.940368,2026-06-29T06:03:42.504092+00:00,103.0,25,bid,,,12215046
2026-06-29T16:03:41.995191,2026-06-29T06:03:42.559092+00:00,102.8,1,ask,,,12215049
2026-06-29T16:03:41.995191,2026-06-29T06:03:42.559092+00:00,102.7,49,ask,,,12215050
2026-06-29T16:03:42.130391,2026-06-29T06:03:42.702101+00:00,103.0,41,bid,,,12215052
2026-06-29T16:03:42.141882,2026-06-29T06:03:42.713102+00:00,103.0,3,bid,,,12215054
2026-06-29T16:03:43.188494,2026-06-29T06:03:43.757659+00:00,103.1,2,ask,,,12215082
2026-06-29T16:03:43.188494,2026-06-29T06:03:43.757659+00:00,102.7,39,ask,,,12215083
2026-06-29T16:03:43.755107,2026-06-29T06:03:44.318659+00:00,103.1,6,bid,,,12215091
2026-06-29T16:03:43.811689,2026-06-29T06:03:44.373659+00:00,103.1,2,bid,,,12215092
2026-06-29T16:03:44.024329,2026-06-29T06:03:44.593659+00:00,103.1,25,bid,,,12215094
2026-06-29T16:03:44.028070,2026-06-29T06:03:44.593659+00:00,103.1,2,bid,,,12215095
2026-06-29T16:03:44.103208,2026-06-29T06:03:44.670650+00:00,102.8,1,ask,,,12215096
2026-06-29T16:03:44.103208,2026-06-29T06:03:44.670650+00:00,102.6,49,ask,,,12215097
2026-06-29T16:03:44.232208,2026-06-29T06:03:44.802659+00:00,103.1,2,bid,,,12215100
2026-06-29T16:03:44.436972,2026-06-29T06:03:45.000659+00:00,103.1,2,bid,,,12215105
2026-06-29T16:03:44.662672,2026-06-29T06:03:45.231659+00:00,103.1,1,bid,,,12215111
2026-06-29T16:03:44.957893,2026-06-29T06:03:45.528659+00:00,103.1,45,bid,,,12215117
2026-06-29T16:03:45.474881,2026-06-29T06:03:46.045445+00:00,103.1,15,bid,,,12215132
2026-06-29T16:03:45.550511,2026-06-29T06:03:46.122005+00:00,103.0,43,ask,,,12215136
2026-06-29T16:03:46.210677,2026-06-29T06:03:46.782005+00:00,103.0,50,ask,,,12215146
2026-06-29T16:03:46.592859,2026-06-29T06:03:47.156005+00:00,103.0,48,ask,,,12215149
2026-06-29T16:03:47.595764,2026-06-29T06:03:48.167539+00:00,103.3,40,bid,,,12215171
2026-06-29T16:03:47.910731,2026-06-29T06:03:48.475539+00:00,103.1,25,bid,,,12215177
2026-06-29T16:03:47.972779,2026-06-29T06:03:48.541530+00:00,103.1,25,bid,,,12215181
2026-06-29T16:03:48.119573,2026-06-29T06:03:48.683432+00:00,103.1,25,bid,,,12215184
2026-06-29T16:03:48.183649,2026-06-29T06:03:48.749431+00:00,103.1,25,bid,,,12215186
2026-06-29T16:03:48.317033,2026-06-29T06:03:48.881422+00:00,102.8,50,ask,,,12215192
2026-06-29T16:03:48.327741,2026-06-29T06:03:48.892423+00:00,103.1,1,bid,,,12215194
2026-06-29T16:03:48.393094,2026-06-29T06:03:48.958423+00:00,103.1,25,bid,,,12215199
2026-06-29T16:03:50.267452,2026-06-29T06:03:50.839423+00:00,103.1,2,bid,,,12215233
2026-06-29T16:03:50.299070,2026-06-29T06:03:50.861423+00:00,103.1,3,bid,,,12215234
2026-06-29T16:03:50.337490,2026-06-29T06:03:50.905423+00:00,103.1,2,bid,,,12215235
2026-06-29T16:03:50.378732,2026-06-29T06:03:50.949423+00:00,103.1,2,bid,,,12215236
2026-06-29T16:03:50.408173,2026-06-29T06:03:50.971423+00:00,103.1,15,bid,,,12215239
2026-06-29T16:03:50.423771,2026-06-29T06:03:50.993423+00:00,102.8,50,ask,,,12215240
2026-06-29T16:03:50.991214,2026-06-29T06:03:51.554432+00:00,103.3,100,bid,,,12215256
2026-06-29T16:03:51.814495,2026-06-29T06:03:52.379423+00:00,103.4,2,bid,,,12215263
2026-06-29T16:03:51.814495,2026-06-29T06:03:52.379423+00:00,103.5,1,bid,,,12215264
2026-06-29T16:03:52.311660,2026-06-29T06:03:52.874432+00:00,103.8,40,bid,,,12215281
2026-06-29T16:03:52.529846,2026-06-29T06:03:53.094432+00:00,103.3,50,ask,,,12215287
2026-06-29T16:03:52.622484,2026-06-29T06:03:53.193431+00:00,103.4,3,bid,,,12215290
2026-06-29T16:03:52.833742,2026-06-29T06:03:53.402431+00:00,103.5,1,bid,,,12215293
2026-06-29T16:03:54.026984,2026-06-29T06:03:54.589262+00:00,103.3,44,ask,,,12215329
2026-06-29T16:03:54.524454,2026-06-29T06:03:55.095252+00:00,103.4,3,bid,,,12215336
2026-06-29T16:03:54.524454,2026-06-29T06:03:55.095252+00:00,103.6,46,bid,,,12215337
2026-06-29T16:03:54.639439,2026-06-29T06:03:55.205253+00:00,103.3,50,ask,,,12215341
2026-06-29T16:03:55.500080,2026-06-29T06:03:56.063264+00:00,103.3,6,ask,,,12215361
2026-06-29T16:03:55.500080,2026-06-29T06:03:56.073807+00:00,103.1,1,ask,,,12215362
2026-06-29T16:03:55.500080,2026-06-29T06:03:56.073807+00:00,103.1,35,ask,,,12215363
2026-06-29T16:03:56.697865,2026-06-29T06:03:57.272816+00:00,103.4,50,bid,,,12215388
2026-06-29T16:03:58.860425,2026-06-29T06:03:59.427896+00:00,103.0,50,ask,,,12215430
2026-06-29T16:04:00.461513,2026-06-29T06:04:01.033430+00:00,103.1,46,ask,,,12215460
2026-06-29T16:04:01.511011,2026-06-29T06:04:02.078430+00:00,103.3,40,bid,,,12215470
2026-06-29T16:04:03.014334,2026-06-29T06:04:03.585430+00:00,103.3,49,bid,,,12215508
2026-06-29T16:04:03.046242,2026-06-29T06:04:03.617125+00:00,103.3,50,bid,,,12215509
2026-06-29T16:04:03.643357,2026-06-29T06:04:04.211116+00:00,103.4,100,bid,,,12215520
2026-06-29T16:04:05.180583,2026-06-29T06:04:05.751116+00:00,103.4,47,ask,,,12215559
2026-06-29T16:04:05.228068,2026-06-29T06:04:05.795116+00:00,103.4,3,ask,,,12215562
2026-06-29T16:04:05.228068,2026-06-29T06:04:05.795116+00:00,103.2,1,ask,,,12215563
2026-06-29T16:04:05.228068,2026-06-29T06:04:05.795116+00:00,103.1,4,ask,,,12215564
2026-06-29T16:04:05.228068,2026-06-29T06:04:05.795116+00:00,102.9,42,ask,,,12215565
2026-06-29T16:04:06.275863,2026-06-29T06:04:06.839677+00:00,103.2,43,ask,,,12215587
2026-06-29T16:04:07.337564,2026-06-29T06:04:07.906705+00:00,103.2,50,ask,,,12215604
2026-06-29T16:04:09.412977,2026-06-29T06:04:09.984812+00:00,103.4,50,bid,,,12215643
2026-06-29T16:04:11.523943,2026-06-29T06:04:12.096812+00:00,103.4,50,bid,,,12215691
2026-06-29T16:04:13.628172,2026-06-29T06:04:14.197971+00:00,103.4,1,bid,,,12215734
2026-06-29T16:04:13.628172,2026-06-29T06:04:14.197971+00:00,103.5,47,bid,,,12215735
2026-06-29T16:04:13.630211,2026-06-29T06:04:14.197971+00:00,103.5,50,bid,,,12215736
2026-06-29T16:04:14.228889,2026-06-29T06:04:14.791971+00:00,103.4,2,bid,,,12215744
2026-06-29T16:04:14.228889,2026-06-29T06:04:14.802972+00:00,103.5,47,bid,,,12215745
2026-06-29T16:04:15.734611,2026-06-29T06:04:16.298524+00:00,103.4,2,bid,,,12215780
2026-06-29T16:04:15.734611,2026-06-29T06:04:16.298524+00:00,103.5,6,bid,,,12215781
2026-06-29T16:04:15.734611,2026-06-29T06:04:16.309524+00:00,103.6,1,bid,,,12215782
2026-06-29T16:04:15.734611,2026-06-29T06:04:16.309524+00:00,103.8,41,bid,,,12215783
2026-06-29T16:04:16.306416,2026-06-29T06:04:16.870515+00:00,103.5,2,bid,,,12215789
2026-06-29T16:04:16.332714,2026-06-29T06:04:16.903524+00:00,103.7,2,ask,,,12215790
2026-06-29T16:04:17.845505,2026-06-29T06:04:18.410057+00:00,103.8,50,bid,,,12215820
2026-06-29T16:04:19.332340,2026-06-29T06:04:19.894184+00:00,103.7,4,ask,,,12215837
2026-06-29T16:04:19.963311,2026-06-29T06:04:20.532184+00:00,104.2,50,bid,,,12215853
2026-06-29T16:04:20.529165,2026-06-29T06:04:21.093184+00:00,103.7,4,ask,,,12215863
2026-06-29T16:04:21.353392,2026-06-29T06:04:21.918184+00:00,103.7,3,ask,,,12215877
2026-06-29T16:04:21.395489,2026-06-29T06:04:21.962184+00:00,103.7,3,ask,,,12215878
2026-06-29T16:04:21.529639,2026-06-29T06:04:22.105184+00:00,103.7,3,ask,,,12215883
2026-06-29T16:04:22.071085,2026-06-29T06:04:22.633184+00:00,104.2,50,bid,,,12215892
2026-06-29T16:04:22.195096,2026-06-29T06:04:22.765184+00:00,103.7,25,ask,,,12215900
2026-06-29T16:04:22.216624,2026-06-29T06:04:22.787184+00:00,103.7,35,ask,,,12215904
2026-06-29T16:04:22.297015,2026-06-29T06:04:22.864184+00:00,103.7,25,ask,,,12215906
2026-06-29T16:04:22.306655,2026-06-29T06:04:22.875184+00:00,103.7,35,ask,,,12215909
2026-06-29T16:04:22.397095,2026-06-29T06:04:22.963184+00:00,103.7,1,ask,,,12215911
2026-06-29T16:04:22.681950,2026-06-29T06:04:23.249183+00:00,103.7,100,ask,,,12215913
2026-06-29T16:04:23.183923,2026-06-29T06:04:23.754639+00:00,103.4,2,ask,,,12215918
2026-06-29T16:04:23.183923,2026-06-29T06:04:23.754639+00:00,103.4,1,ask,,,12215919
2026-06-29T16:04:23.183923,2026-06-29T06:04:23.754639+00:00,103.2,39,ask,,,12215920
2026-06-29T16:04:24.580920,2026-06-29T06:04:25.151640+00:00,103.5,2,ask,,,12215952
2026-06-29T16:04:24.580920,2026-06-29T06:04:25.151640+00:00,103.2,46,ask,,,12215953
2026-06-29T16:04:26.284026,2026-06-29T06:04:26.845215+00:00,103.8,2,bid,,,12215981
2026-06-29T16:04:26.284026,2026-06-29T06:04:26.856215+00:00,103.8,48,bid,,,12215982
2026-06-29T16:04:28.442667,2026-06-29T06:04:29.012863+00:00,103.5,50,ask,,,12216035
2026-06-29T16:04:30.499473,2026-06-29T06:04:31.069863+00:00,103.8,4,bid,,,12216074
2026-06-29T16:04:30.499473,2026-06-29T06:04:31.069863+00:00,103.8,46,bid,,,12216075
2026-06-29T16:04:32.294731,2026-06-29T06:04:32.862863+00:00,103.8,4,bid,,,12216119
2026-06-29T16:04:32.294731,2026-06-29T06:04:32.862863+00:00,103.9,42,bid,,,12216120
2026-06-29T16:04:32.658803,2026-06-29T06:04:33.225854+00:00,103.6,50,ask,,,12216126
2026-06-29T16:04:33.359757,2026-06-29T06:04:33.929345+00:00,103.6,46,ask,,,12216141
2026-06-29T16:04:34.406951,2026-06-29T06:04:34.974344+00:00,103.8,1,bid,,,12216175
2026-06-29T16:04:34.406951,2026-06-29T06:04:34.974344+00:00,103.9,1,bid,,,12216176
2026-06-29T16:04:34.406951,2026-06-29T06:04:34.974344+00:00,104.1,44,bid,,,12216177
2026-06-29T16:04:35.398275,2026-06-29T06:04:35.964345+00:00,103.6,45,ask,,,12216195
2026-06-29T16:04:36.873271,2026-06-29T06:04:37.437431+00:00,103.6,50,ask,,,12216223
2026-06-29T16:04:38.928690,2026-06-29T06:04:39.493167+00:00,103.8,50,bid,,,12216270
2026-06-29T16:04:40.341383,2026-06-29T06:04:40.912158+00:00,103.8,45,bid,,,12216294
2026-06-29T16:04:40.832801,2026-06-29T06:04:41.396167+00:00,103.6,49,ask,,,12216315
2026-06-29T16:04:41.035290,2026-06-29T06:04:41.605167+00:00,103.8,4,bid,,,12216318
2026-06-29T16:04:41.035290,2026-06-29T06:04:41.605167+00:00,103.9,46,bid,,,12216319
2026-06-29T16:04:42.987992,2026-06-29T06:04:43.552188+00:00,104.0,1,bid,,,12216356
2026-06-29T16:04:42.987992,2026-06-29T06:04:43.552188+00:00,104.0,42,bid,,,12216357
2026-06-29T16:04:43.147310,2026-06-29T06:04:43.716814+00:00,104.0,50,bid,,,12216362
2026-06-29T16:04:43.458229,2026-06-29T06:04:44.024814+00:00,103.9,3,bid,,,12216368
2026-06-29T16:04:43.458229,2026-06-29T06:04:44.024814+00:00,104.0,44,bid,,,12216369
2026-06-29T16:04:44.755695,2026-06-29T06:04:45.322348+00:00,103.9,3,bid,,,12216393
2026-06-29T16:04:44.755695,2026-06-29T06:04:45.322348+00:00,104.0,100,bid,,,12216394
2026-06-29T16:04:44.755695,2026-06-29T06:04:45.322348+00:00,104.1,1,bid,,,12216395
2026-06-29T16:04:44.791239,2026-06-29T06:04:45.355348+00:00,104.2,46,ask,,,12216398
2026-06-29T16:04:46.873582,2026-06-29T06:04:47.444920+00:00,103.9,3,bid,,,12216438
2026-06-29T16:04:47.035074,2026-06-29T06:04:47.598920+00:00,103.9,3,ask,,,12216446
2026-06-29T16:04:47.622534,2026-06-29T06:04:48.192940+00:00,103.9,35,ask,,,12216461
2026-06-29T16:04:47.647924,2026-06-29T06:04:48.214940+00:00,103.9,25,ask,,,12216462
2026-06-29T16:04:47.711142,2026-06-29T06:04:48.280940+00:00,103.9,25,ask,,,12216466
2026-06-29T16:04:47.757697,2026-06-29T06:04:48.324940+00:00,103.9,9,ask,,,12216467
2026-06-29T16:04:48.450247,2026-06-29T06:04:49.017575+00:00,103.6,1,ask,,,12216484
2026-06-29T16:04:48.450247,2026-06-29T06:04:49.017575+00:00,103.4,41,ask,,,12216485
2026-06-29T16:04:49.459631,2026-06-29T06:04:50.029575+00:00,103.9,50,bid,,,12216507
2026-06-29T16:04:49.594541,2026-06-29T06:04:50.161575+00:00,103.4,49,ask,,,12216510
2026-06-29T16:04:51.616377,2026-06-29T06:04:52.185565+00:00,103.6,3,ask,,,12216552
2026-06-29T16:04:51.616377,2026-06-29T06:04:52.185565+00:00,103.5,47,ask,,,12216553
2026-06-29T16:04:53.652784,2026-06-29T06:04:54.263365+00:00,103.9,3,bid,,,12216603
2026-06-29T16:04:53.652784,2026-06-29T06:04:54.263365+00:00,103.9,32,bid,,,12216604
2026-06-29T16:04:53.669710,2026-06-29T06:04:54.285366+00:00,103.9,25,bid,,,12216607
2026-06-29T16:04:53.723629,2026-06-29T06:04:54.340366+00:00,103.4,50,ask,,,12216609
2026-06-29T16:04:53.742624,2026-06-29T06:04:54.351366+00:00,103.9,35,bid,,,12216612
2026-06-29T16:04:53.782629,2026-06-29T06:04:54.406366+00:00,103.9,25,bid,,,12216615
2026-06-29T16:04:53.830872,2026-06-29T06:04:54.439360+00:00,103.9,33,bid,,,12216616
2026-06-29T16:04:53.830872,2026-06-29T06:04:54.439360+00:00,103.9,2,bid,,,12216617
2026-06-29T16:04:53.879602,2026-06-29T06:04:54.494365+00:00,103.9,25,bid,,,12216620
2026-06-29T16:04:53.921936,2026-06-29T06:04:54.527366+00:00,103.9,35,bid,,,12216621
2026-06-29T16:04:54.011659,2026-06-29T06:04:54.626366+00:00,103.9,35,bid,,,12216623
2026-06-29T16:04:54.100832,2026-06-29T06:04:54.714365+00:00,103.9,2,bid,,,12216625
2026-06-29T16:04:54.192546,2026-06-29T06:04:54.824366+00:00,103.9,1,bid,,,12216629
2026-06-29T16:04:54.192546,2026-06-29T06:04:54.824366+00:00,103.9,6,bid,,,12216630
2026-06-29T16:04:54.238180,2026-06-29T06:04:56.023786+00:00,104.0,1,bid,,,12216631
2026-06-29T16:04:55.830914,2026-06-29T06:04:56.397355+00:00,104.0,50,ask,,,12216665
2026-06-29T16:04:55.901315,2026-06-29T06:04:56.463355+00:00,104.0,46,ask,,,12216666
2026-06-29T16:04:56.278257,2026-06-29T06:04:56.870346+00:00,104.0,35,ask,,,12216678
2026-06-29T16:04:56.287818,2026-06-29T06:04:56.870346+00:00,104.0,18,ask,,,12216679
2026-06-29T16:04:57.452510,2026-06-29T06:04:58.036355+00:00,103.8,1,ask,,,12216705
2026-06-29T16:04:57.484785,2026-06-29T06:04:58.069355+00:00,103.7,35,bid,,,12216709
2026-06-29T16:04:57.521315,2026-06-29T06:04:58.102355+00:00,103.7,18,bid,,,12216713
2026-06-29T16:04:57.886925,2026-06-29T06:04:58.465355+00:00,103.7,50,bid,,,12216721
2026-06-29T16:04:58.518428,2026-06-29T06:04:59.123187+00:00,103.7,42,bid,,,12216732
2026-06-29T16:04:59.530471,2026-06-29T06:05:00.102178+00:00,103.7,4,bid,,,12216757
2026-06-29T16:04:59.993466,2026-06-29T06:05:00.575187+00:00,104.0,1,bid,,,12216764
2026-06-29T16:04:59.993466,2026-06-29T06:05:00.586187+00:00,104.2,49,bid,,,12216765
2026-06-29T16:05:01.394856,2026-06-29T06:05:01.994198+00:00,104.0,1,bid,,,12216792
2026-06-29T16:05:01.394856,2026-06-29T06:05:01.994198+00:00,104.2,47,bid,,,12216793
2026-06-29T16:05:02.101907,2026-06-29T06:05:02.687198+00:00,104.2,4,bid,,,12216807
2026-06-29T16:05:02.101907,2026-06-29T06:05:02.687198+00:00,104.4,46,bid,,,12216808
2026-06-29T16:05:04.137594,2026-06-29T06:05:04.721222+00:00,104.1,25,ask,,,12216836
2026-06-29T16:05:04.174648,2026-06-29T06:05:04.765222+00:00,104.1,100,ask,,,12216839
2026-06-29T16:05:04.212592,2026-06-29T06:05:04.809221+00:00,104.5,1,bid,,,12216840
2026-06-29T16:05:04.212592,2026-06-29T06:05:04.809221+00:00,104.5,49,bid,,,12216841
2026-06-29T16:05:04.413311,2026-06-29T06:05:05.007221+00:00,104.1,25,ask,,,12216842
2026-06-29T16:05:04.413311,2026-06-29T06:05:05.007221+00:00,104.0,21,ask,,,12216843
2026-06-29T16:05:05.597893,2026-06-29T06:05:06.183320+00:00,104.5,47,bid,,,12216859
2026-06-29T16:05:05.876325,2026-06-29T06:05:06.447311+00:00,104.4,77,ask,,,12216866
2026-06-29T16:05:05.949108,2026-06-29T06:05:06.513320+00:00,104.4,23,ask,,,12216871
2026-06-29T16:05:06.338085,2026-06-29T06:05:06.931320+00:00,104.6,50,bid,,,12216883
2026-06-29T16:05:08.443667,2026-06-29T06:05:09.042540+00:00,104.2,50,bid,,,12216910
2026-06-29T16:05:10.558961,2026-06-29T06:05:11.142825+00:00,104.3,1,bid,,,12216941
2026-06-29T16:05:10.558961,2026-06-29T06:05:11.142825+00:00,104.5,49,bid,,,12216942
2026-06-29T16:05:12.575233,2026-06-29T06:05:13.177825+00:00,104.4,25,ask,,,12216979
2026-06-29T16:05:12.665645,2026-06-29T06:05:13.254824+00:00,104.5,50,bid,,,12216986
2026-06-29T16:05:12.858809,2026-06-29T06:05:13.441825+00:00,104.4,2,ask,,,12216992
2026-06-29T16:05:12.995957,2026-06-29T06:05:13.584376+00:00,104.4,25,ask,,,12216996
2026-06-29T16:05:13.026971,2026-06-29T06:05:13.617376+00:00,104.4,1,ask,,,12217000
2026-06-29T16:05:13.420136,2026-06-29T06:05:14.003367+00:00,104.4,25,ask,,,12217011
2026-06-29T16:05:13.434516,2026-06-29T06:05:14.025367+00:00,104.4,22,ask,,,12217014
2026-06-29T16:05:13.434516,2026-06-29T06:05:14.025367+00:00,104.4,3,ask,,,12217015
2026-06-29T16:05:13.632821,2026-06-29T06:05:14.212377+00:00,104.4,25,ask,,,12217020
2026-06-29T16:05:13.644748,2026-06-29T06:05:14.223378+00:00,104.4,25,ask,,,12217023
2026-06-29T16:05:13.844519,2026-06-29T06:05:14.432387+00:00,104.4,25,ask,,,12217027
2026-06-29T16:05:13.867631,2026-06-29T06:05:14.465387+00:00,104.4,25,ask,,,12217028
2026-06-29T16:05:14.086720,2026-06-29T06:05:14.652387+00:00,104.4,25,ask,,,12217033
2026-06-29T16:05:14.089700,2026-06-29T06:05:14.663387+00:00,104.4,22,ask,,,12217034
2026-06-29T16:05:14.771552,2026-06-29T06:05:15.367378+00:00,104.4,1,bid,,,12217052
2026-06-29T16:05:14.771552,2026-06-29T06:05:15.367378+00:00,104.9,49,bid,,,12217053
2026-06-29T16:05:16.429126,2026-06-29T06:05:17.006407+00:00,104.2,100,ask,,,12217092
2026-06-29T16:05:16.564109,2026-06-29T06:05:17.138407+00:00,104.2,2,bid,,,12217094
2026-06-29T16:05:16.770072,2026-06-29T06:05:17.358407+00:00,104.2,2,bid,,,12217097
2026-06-29T16:05:16.877443,2026-06-29T06:05:17.457407+00:00,104.2,46,bid,,,12217098
2026-06-29T16:05:16.877443,2026-06-29T06:05:17.457407+00:00,104.7,4,bid,,,12217099
2026-06-29T16:05:18.987966,2026-06-29T06:05:19.579969+00:00,104.3,50,bid,,,12217140
2026-06-29T16:05:19.539632,2026-06-29T06:05:20.118978+00:00,104.3,50,bid,,,12217143
2026-06-29T16:05:19.539632,2026-06-29T06:05:20.118978+00:00,104.4,1,bid,,,12217144
2026-06-29T16:05:19.967997,2026-06-29T06:05:20.591882+00:00,104.4,1,ask,,,12217153
2026-06-29T16:05:20.170338,2026-06-29T06:05:20.778882+00:00,104.4,44,ask,,,12217160
2026-06-29T16:05:20.712550,2026-06-29T06:05:21.295882+00:00,104.4,45,ask,,,12217166
2026-06-29T16:05:21.114857,2026-06-29T06:05:21.702882+00:00,104.9,50,bid,,,12217174
2026-06-29T16:05:21.986691,2026-06-29T06:05:22.571882+00:00,104.4,3,ask,,,12217186
2026-06-29T16:05:23.220415,2026-06-29T06:05:23.814952+00:00,104.5,3,bid,,,12217218
2026-06-29T16:05:23.220415,2026-06-29T06:05:23.814952+00:00,104.6,47,bid,,,12217219
2026-06-29T16:05:23.918532,2026-06-29T06:05:24.507952+00:00,104.3,25,ask,,,12217232
2026-06-29T16:05:23.999913,2026-06-29T06:05:24.584952+00:00,104.3,6,ask,,,12217237
2026-06-29T16:05:24.127612,2026-06-29T06:05:24.705952+00:00,104.3,25,ask,,,12217239
2026-06-29T16:05:24.338622,2026-06-29T06:05:24.914953+00:00,104.3,25,ask,,,12217243
2026-06-29T16:05:24.548440,2026-06-29T06:05:25.134961+00:00,104.3,19,ask,,,12217250
2026-06-29T16:05:25.334907,2026-06-29T06:05:25.926973+00:00,104.3,50,bid,,,12217266
2026-06-29T16:05:27.442973,2026-06-29T06:05:28.038121+00:00,104.3,50,bid,,,12217310
2026-06-29T16:05:29.550056,2026-06-29T06:05:30.137780+00:00,104.5,3,bid,,,12217349
2026-06-29T16:05:29.550056,2026-06-29T06:05:30.137780+00:00,104.6,47,bid,,,12217350
2026-06-29T16:05:31.660297,2026-06-29T06:05:32.249771+00:00,104.4,50,bid,,,12217405
2026-06-29T16:05:31.835658,2026-06-29T06:05:32.436771+00:00,104.4,44,bid,,,12217414
2026-06-29T16:05:32.216652,2026-06-29T06:05:32.810780+00:00,104.4,6,bid,,,12217416
2026-06-29T16:05:32.773835,2026-06-29T06:05:33.371771+00:00,104.9,45,bid,,,12217430
2026-06-29T16:05:33.767547,2026-06-29T06:05:34.361330+00:00,104.9,50,bid,,,12217442
2026-06-29T16:05:33.966424,2026-06-29T06:05:34.559330+00:00,104.4,46,ask,,,12217445
2026-06-29T16:05:35.873797,2026-06-29T06:05:36.461943+00:00,105.1,50,bid,,,12217473
2026-06-29T16:05:38.030397,2026-06-29T06:05:38.628938+00:00,104.7,50,ask,,,12217527
2026-06-29T16:05:40.140395,2026-06-29T06:05:40.729947+00:00,104.7,50,ask,,,12217574
2026-06-29T16:05:41.102802,2026-06-29T06:05:41.675947+00:00,104.6,40,ask,,,12217603
2026-06-29T16:05:41.789396,2026-06-29T06:05:42.379946+00:00,104.5,2,ask,,,12217610
2026-06-29T16:05:42.248161,2026-06-29T06:05:42.830947+00:00,104.4,50,ask,,,12217623
2026-06-29T16:05:43.877228,2026-06-29T06:05:44.470057+00:00,104.4,100,ask,,,12217652
2026-06-29T16:05:44.003480,2026-06-29T06:05:44.591057+00:00,104.0,1,ask,,,12217659
2026-06-29T16:05:46.407521,2026-06-29T06:05:47.002172+00:00,104.0,50,bid,,,12217705
2026-06-29T16:05:46.521451,2026-06-29T06:05:47.112172+00:00,104.0,40,bid,,,12217706
2026-06-29T16:05:46.984425,2026-06-29T06:05:47.585181+00:00,104.0,60,bid,,,12217713
2026-06-29T16:05:47.707458,2026-06-29T06:05:48.310714+00:00,104.5,48,bid,,,12217728
2026-06-29T16:05:48.565943,2026-06-29T06:05:49.155984+00:00,104.3,50,ask,,,12217743
2026-06-29T16:05:49.328702,2026-06-29T06:05:49.914983+00:00,104.3,48,ask,,,12217757
2026-06-29T16:05:50.440822,2026-06-29T06:05:51.026003+00:00,104.3,48,ask,,,12217776
2026-06-29T16:05:50.627051,2026-06-29T06:05:51.202003+00:00,104.3,4,ask,,,12217780
2026-06-29T16:05:50.674118,2026-06-29T06:05:51.246004+00:00,103.9,50,ask,,,12217783
2026-06-29T16:05:50.900976,2026-06-29T06:05:51.499004+00:00,104.4,45,bid,,,12217784
2026-06-29T16:05:51.264504,2026-06-29T06:05:51.850994+00:00,103.9,50,ask,,,12217795
2026-06-29T16:05:51.264504,2026-06-29T06:05:51.850994+00:00,103.9,1,ask,,,12217796
2026-06-29T16:05:52.729280,2026-06-29T06:05:53.730662+00:00,103.9,50,bid,,,12217824
2026-06-29T16:05:54.200747,2026-06-29T06:05:54.830662+00:00,103.8,45,ask,,,12217847
2026-06-29T16:05:56.939749,2026-06-29T06:05:57.581769+00:00,104.2,50,bid,,,12217892
2026-06-29T16:05:58.433388,2026-06-29T06:05:59.033309+00:00,104.2,49,bid,,,12217924
2026-06-29T16:05:58.972421,2026-06-29T06:05:59.561308+00:00,104.2,1,bid,,,12217928
2026-06-29T16:06:03.309701,2026-06-29T06:06:03.884226+00:00,103.9,50,ask,,,12218017
2026-06-29T16:06:03.916876,2026-06-29T06:06:04.510759+00:00,104.1,1,ask,,,12218020
2026-06-29T16:06:03.949622,2026-06-29T06:06:04.543759+00:00,104.1,1,bid,,,12218021
2026-06-29T16:06:04.508742,2026-06-29T06:06:05.093760+00:00,103.9,41,ask,,,12218043
2026-06-29T16:06:04.952076,2026-06-29T06:06:05.533760+00:00,104.1,1,bid,,,12218049
2026-06-29T16:06:05.415181,2026-06-29T06:06:05.984750+00:00,103.9,50,ask,,,12218055
2026-06-29T16:06:05.981245,2026-06-29T06:06:06.567291+00:00,104.1,47,bid,,,12218068
2026-06-29T16:06:06.636924,2026-06-29T06:06:07.216300+00:00,103.6,48,ask,,,12218081
2026-06-29T16:06:07.106488,2026-06-29T06:06:07.678300+00:00,104.1,49,bid,,,12218096
2026-06-29T16:06:07.532506,2026-06-29T06:06:08.118300+00:00,103.6,50,ask,,,12218099
2026-06-29T16:06:08.144325,2026-06-29T06:06:08.733961+00:00,104.1,49,bid,,,12218107
2026-06-29T16:06:09.638235,2026-06-29T06:06:10.218981+00:00,104.0,1,ask,,,12218141
2026-06-29T16:06:09.638235,2026-06-29T06:06:10.218981+00:00,103.9,49,ask,,,12218142
2026-06-29T16:06:10.361231,2026-06-29T06:06:10.966982+00:00,103.9,49,ask,,,12218162
2026-06-29T16:06:10.901607,2026-06-29T06:06:11.472981+00:00,104.3,3,bid,,,12218166
2026-06-29T16:06:10.901607,2026-06-29T06:06:11.472981+00:00,104.3,38,bid,,,12218167
2026-06-29T16:06:10.957808,2026-06-29T06:06:11.538981+00:00,103.9,2,ask,,,12218168
2026-06-29T16:06:10.957808,2026-06-29T06:06:11.538981+00:00,103.8,38,ask,,,12218169
2026-06-29T16:06:11.746937,2026-06-29T06:06:12.319516+00:00,103.8,50,ask,,,12218176
2026-06-29T16:06:13.305762,2026-06-29T06:06:13.881075+00:00,104.1,48,bid,,,12218207
2026-06-29T16:06:13.405920,2026-06-29T06:06:13.991075+00:00,104.0,3,ask,,,12218211
2026-06-29T16:06:13.853859,2026-06-29T06:06:14.431075+00:00,103.6,50,ask,,,12218225
2026-06-29T16:06:15.976088,2026-06-29T06:06:16.586639+00:00,103.9,3,ask,,,12218271
2026-06-29T16:06:15.976088,2026-06-29T06:06:16.597639+00:00,103.5,47,ask,,,12218272
2026-06-29T16:06:16.740011,2026-06-29T06:06:17.312639+00:00,103.6,3,bid,,,12218286
2026-06-29T16:06:16.969179,2026-06-29T06:06:17.532639+00:00,103.6,3,bid,,,12218287
2026-06-29T16:06:17.441708,2026-06-29T06:06:18.027639+00:00,103.6,3,bid,,,12218296
2026-06-29T16:06:17.895943,2026-06-29T06:06:18.511639+00:00,103.6,3,bid,,,12218300
2026-06-29T16:06:17.974096,2026-06-29T06:06:18.577639+00:00,103.6,3,bid,,,12218301
2026-06-29T16:06:18.082573,2026-06-29T06:06:18.676212+00:00,103.5,50,ask,,,12218302
2026-06-29T16:06:18.453057,2026-06-29T06:06:19.072212+00:00,103.6,3,bid,,,12218308
2026-06-29T16:06:18.592590,2026-06-29T06:06:19.171212+00:00,103.6,3,bid,,,12218309
2026-06-29T16:06:19.111988,2026-06-29T06:06:19.677203+00:00,103.3,45,ask,,,12218321
2026-06-29T16:06:20.190158,2026-06-29T06:06:20.755212+00:00,103.3,50,ask,,,12218337
2026-06-29T16:06:20.262422,2026-06-29T06:06:20.832203+00:00,103.7,42,bid,,,12218338
2026-06-29T16:06:20.851397,2026-06-29T06:06:21.415223+00:00,103.3,5,ask,,,12218350
2026-06-29T16:06:20.851397,2026-06-29T06:06:21.415223+00:00,103.2,37,ask,,,12218351
2026-06-29T16:06:22.296996,2026-06-29T06:06:22.867232+00:00,103.2,50,ask,,,12218381
2026-06-29T16:06:22.696710,2026-06-29T06:06:23.263223+00:00,103.5,35,bid,,,12218388
2026-06-29T16:06:22.705505,2026-06-29T06:06:23.274223+00:00,103.5,25,bid,,,12218391
2026-06-29T16:06:22.719182,2026-06-29T06:06:23.285223+00:00,103.5,25,bid,,,12218394
2026-06-29T16:06:22.787219,2026-06-29T06:06:23.362232+00:00,103.5,15,bid,,,12218399
2026-06-29T16:06:22.927841,2026-06-29T06:06:23.494232+00:00,103.6,25,bid,,,12218402
2026-06-29T16:06:22.955839,2026-06-29T06:06:23.527232+00:00,103.6,35,bid,,,12218403
2026-06-29T16:06:23.045688,2026-06-29T06:06:23.615370+00:00,103.6,35,bid,,,12218405
2026-06-29T16:06:23.116636,2026-06-29T06:06:23.681370+00:00,103.6,25,bid,,,12218409
2026-06-29T16:06:23.136400,2026-06-29T06:06:23.703370+00:00,103.6,25,bid,,,12218411
2026-06-29T16:06:23.141142,2026-06-29T06:06:23.703370+00:00,103.6,5,bid,,,12218412
2026-06-29T16:06:26.489022,2026-06-29T06:06:27.057970+00:00,104.0,43,bid,,,12218484
2026-06-29T16:06:26.923711,2026-06-29T06:06:27.486961+00:00,103.9,35,ask,,,12218499
2026-06-29T16:06:26.927644,2026-06-29T06:06:27.497962+00:00,103.9,25,ask,,,12218500
2026-06-29T16:06:26.948048,2026-06-29T06:06:27.519961+00:00,103.9,25,ask,,,12218502
2026-06-29T16:06:27.016893,2026-06-29T06:06:27.585961+00:00,103.9,35,ask,,,12218506
2026-06-29T16:06:27.106125,2026-06-29T06:06:27.673961+00:00,103.9,30,ask,,,12218509
2026-06-29T16:06:28.411072,2026-06-29T06:06:28.982273+00:00,103.5,43,ask,,,12218528
2026-06-29T16:06:28.558378,2026-06-29T06:06:29.125273+00:00,104.0,50,bid,,,12218530
2026-06-29T16:06:30.665939,2026-06-29T06:06:31.236839+00:00,103.7,50,bid,,,12218575
2026-06-29T16:06:31.621420,2026-06-29T06:06:32.193263+00:00,103.6,40,ask,,,12218588
2026-06-29T16:06:31.770600,2026-06-29T06:06:32.336263+00:00,103.7,25,bid,,,12218594
2026-06-29T16:06:31.838266,2026-06-29T06:06:32.402263+00:00,103.7,35,bid,,,12218597
2026-06-29T16:06:31.927377,2026-06-29T06:06:32.490264+00:00,103.7,35,bid,,,12218600
2026-06-29T16:06:31.952405,2026-06-29T06:06:32.523263+00:00,103.7,5,bid,,,12218603
2026-06-29T16:06:32.219571,2026-06-29T06:06:32.787263+00:00,103.9,3,bid,,,12218616
2026-06-29T16:06:32.219571,2026-06-29T06:06:32.798263+00:00,104.1,38,bid,,,12218617
2026-06-29T16:06:32.826788,2026-06-29T06:06:33.392254+00:00,103.8,50,ask,,,12218626
2026-06-29T16:06:33.415751,2026-06-29T06:06:33.985802+00:00,103.8,42,ask,,,12218646
2026-06-29T16:06:33.463016,2026-06-29T06:06:34.029802+00:00,103.8,35,ask,,,12218649
2026-06-29T16:06:33.551347,2026-06-29T06:06:34.117802+00:00,103.8,23,ask,,,12218651
2026-06-29T16:06:34.881129,2026-06-29T06:06:35.448822+00:00,103.9,1,bid,,,12218666
2026-06-29T16:06:34.881129,2026-06-29T06:06:35.448822+00:00,104.0,49,bid,,,12218667
2026-06-29T16:06:35.570546,2026-06-29T06:06:36.141381+00:00,103.6,4,ask,,,12218679
2026-06-29T16:06:35.595351,2026-06-29T06:06:36.163380+00:00,103.6,4,bid,,,12218681
2026-06-29T16:06:35.616120,2026-06-29T06:06:36.196381+00:00,103.6,3,bid,,,12218682
2026-06-29T16:06:35.644363,2026-06-29T06:06:36.207381+00:00,103.6,3,bid,,,12218683
2026-06-29T16:06:35.670322,2026-06-29T06:06:36.240381+00:00,103.6,3,bid,,,12218684
2026-06-29T16:06:35.713991,2026-06-29T06:06:36.284381+00:00,103.6,3,bid,,,12218685
2026-06-29T16:06:35.747388,2026-06-29T06:06:36.317381+00:00,103.6,3,bid,,,12218686
2026-06-29T16:06:35.793895,2026-06-29T06:06:36.361381+00:00,103.6,3,bid,,,12218688
2026-06-29T16:06:35.943022,2026-06-29T06:06:36.515380+00:00,103.6,3,bid,,,12218692
2026-06-29T16:06:36.842083,2026-06-29T06:06:37.406381+00:00,103.6,2,bid,,,12218727
2026-06-29T16:06:37.039585,2026-06-29T06:06:37.604380+00:00,103.5,50,ask,,,12218731
2026-06-29T16:06:37.827897,2026-06-29T06:06:38.396381+00:00,103.6,2,bid,,,12218740
2026-06-29T16:06:37.861587,2026-06-29T06:06:38.429381+00:00,103.6,2,bid,,,12218742
2026-06-29T16:06:38.004416,2026-06-29T06:06:38.572381+00:00,103.6,2,bid,,,12218743
2026-06-29T16:06:39.146941,2026-06-29T06:06:39.714665+00:00,103.4,50,ask,,,12218768
2026-06-29T16:06:41.252599,2026-06-29T06:06:41.815664+00:00,103.5,1,ask,,,12218795
2026-06-29T16:06:41.252599,2026-06-29T06:06:41.826665+00:00,103.3,49,ask,,,12218796
2026-06-29T16:06:43.359268,2026-06-29T06:06:43.926915+00:00,103.3,50,ask,,,12218835
2026-06-29T16:06:43.972748,2026-06-29T06:06:44.542915+00:00,103.6,35,bid,,,12218850
2026-06-29T16:06:43.983116,2026-06-29T06:06:44.553915+00:00,103.6,25,bid,,,12218853
2026-06-29T16:06:44.001816,2026-06-29T06:06:44.564915+00:00,103.6,25,bid,,,12218855
2026-06-29T16:06:44.060963,2026-06-29T06:06:44.630915+00:00,103.6,15,bid,,,12218857
2026-06-29T16:06:45.465963,2026-06-29T06:06:46.038935+00:00,103.4,50,ask,,,12218885
2026-06-29T16:06:47.572072,2026-06-29T06:06:48.140366+00:00,103.4,50,ask,,,12218930
2026-06-29T16:06:48.260199,2026-06-29T06:06:48.821993+00:00,103.4,100,ask,,,12218940
2026-06-29T16:06:48.260199,2026-06-29T06:06:48.832993+00:00,103.4,1,ask,,,12218941
2026-06-29T16:06:48.319265,2026-06-29T06:06:48.887994+00:00,103.4,49,bid,,,12218942
2026-06-29T16:06:49.679874,2026-06-29T06:06:50.252002+00:00,103.5,2,ask,,,12218967
2026-06-29T16:06:49.679874,2026-06-29T06:06:50.252002+00:00,102.9,48,ask,,,12218968
2026-06-29T16:06:50.210091,2026-06-29T06:06:50.779527+00:00,103.8,3,bid,,,12218977
2026-06-29T16:06:50.210091,2026-06-29T06:06:50.779527+00:00,104.2,1,bid,,,12218978
2026-06-29T16:06:50.338717,2026-06-29T06:06:50.911535+00:00,103.5,35,bid,,,12218986
2026-06-29T16:06:50.403959,2026-06-29T06:06:50.977535+00:00,103.5,25,bid,,,12218990
2026-06-29T16:06:50.424889,2026-06-29T06:06:50.988535+00:00,103.5,25,bid,,,12218992
2026-06-29T16:06:50.429323,2026-06-29T06:06:50.999535+00:00,103.5,6,bid,,,12218993
2026-06-29T16:06:50.613433,2026-06-29T06:06:51.186535+00:00,103.5,9,bid,,,12219004
2026-06-29T16:06:51.788506,2026-06-29T06:06:52.352526+00:00,103.3,50,ask,,,12219018
2026-06-29T16:06:54.218075,2026-06-29T06:06:54.783085+00:00,103.8,45,bid,,,12219065
2026-06-29T16:06:55.288949,2026-06-29T06:06:55.861094+00:00,103.8,40,bid,,,12219082
2026-06-29T16:06:57.272463,2026-06-29T06:06:57.840172+00:00,103.3,41,ask,,,12219129
2026-06-29T16:06:58.109290,2026-06-29T06:06:58.674863+00:00,103.3,50,ask,,,12219143
2026-06-29T16:07:00.165729,2026-06-29T06:07:00.731864+00:00,103.7,50,bid,,,12219176
2026-06-29T16:07:02.147607,2026-06-29T06:07:02.711885+00:00,103.7,45,bid,,,12219212
2026-06-29T16:07:02.274238,2026-06-29T06:07:02.843885+00:00,103.7,50,bid,,,12219215
2026-06-29T16:07:04.387808,2026-06-29T06:07:04.958940+00:00,104.0,50,bid,,,12219265
2026-06-29T16:07:06.553425,2026-06-29T06:07:07.125503+00:00,103.6,50,ask,,,12219299
2026-06-29T16:07:08.386362,2026-06-29T06:07:08.950416+00:00,103.6,48,ask,,,12219338
2026-06-29T16:07:08.677901,2026-06-29T06:07:09.247407+00:00,103.6,2,ask,,,12219343
2026-06-29T16:07:08.677901,2026-06-29T06:07:09.247407+00:00,103.5,48,ask,,,12219344
2026-06-29T16:07:10.786516,2026-06-29T06:07:11.348428+00:00,103.4,2,ask,,,12219366
2026-06-29T16:07:10.786516,2026-06-29T06:07:11.359436+00:00,103.4,48,ask,,,12219367
2026-06-29T16:07:10.912591,2026-06-29T06:07:11.480436+00:00,103.8,2,bid,,,12219368
2026-06-29T16:07:10.912591,2026-06-29T06:07:11.480436+00:00,103.9,38,bid,,,12219369
2026-06-29T16:07:11.456232,2026-06-29T06:07:12.019436+00:00,103.4,43,ask,,,12219383
2026-06-29T16:07:12.031650,2026-06-29T06:07:12.602437+00:00,103.9,48,bid,,,12219393
2026-06-29T16:07:12.596810,2026-06-29T06:07:13.162970+00:00,103.4,42,ask,,,12219399
2026-06-29T16:07:14.265422,2026-06-29T06:07:14.834607+00:00,103.5,25,bid,,,12219430
2026-06-29T16:07:14.276488,2026-06-29T06:07:14.845607+00:00,103.5,25,bid,,,12219432
2026-06-29T16:07:14.475717,2026-06-29T06:07:15.043607+00:00,103.5,25,bid,,,12219434
2026-06-29T16:07:14.489045,2026-06-29T06:07:15.054607+00:00,103.5,25,bid,,,12219438
2026-06-29T16:07:14.685284,2026-06-29T06:07:15.252606+00:00,103.5,25,bid,,,12219441
2026-06-29T16:07:14.728723,2026-06-29T06:07:15.296598+00:00,103.5,25,bid,,,12219443
2026-06-29T16:07:14.958469,2026-06-29T06:07:15.527598+00:00,103.8,50,bid,,,12219446
2026-06-29T16:07:17.129153,2026-06-29T06:07:17.694187+00:00,103.6,50,ask,,,12219481
2026-06-29T16:07:19.209533,2026-06-29T06:07:19.782371+00:00,103.6,44,ask,,,12219520
2026-06-29T16:07:19.233749,2026-06-29T06:07:19.804371+00:00,103.6,50,ask,,,12219522
2026-06-29T16:07:19.819027,2026-06-29T06:07:20.387371+00:00,104.1,1,bid,,,12219533
2026-06-29T16:07:19.819027,2026-06-29T06:07:20.387371+00:00,104.1,43,bid,,,12219534
2026-06-29T16:07:19.882468,2026-06-29T06:07:20.453371+00:00,103.6,100,ask,,,12219538
2026-06-29T16:07:20.905417,2026-06-29T06:07:21.476382+00:00,103.6,25,bid,,,12219552
2026-06-29T16:07:21.341229,2026-06-29T06:07:21.905391+00:00,103.3,1,ask,,,12219563
2026-06-29T16:07:21.341229,2026-06-29T06:07:21.905391+00:00,103.1,49,ask,,,12219564
2026-06-29T16:07:23.452876,2026-06-29T06:07:24.016958+00:00,103.4,50,ask,,,12219603
2026-06-29T16:07:23.900486,2026-06-29T06:07:24.467958+00:00,103.9,1,bid,,,12219607
2026-06-29T16:07:23.900486,2026-06-29T06:07:24.467958+00:00,103.9,47,bid,,,12219608
2026-06-29T16:07:25.509274,2026-06-29T06:07:26.073679+00:00,103.7,50,bid,,,12219647
2026-06-29T16:07:27.620950,2026-06-29T06:07:28.185718+00:00,103.7,50,bid,,,12219692
2026-06-29T16:07:29.729420,2026-06-29T06:07:30.296400+00:00,104.0,1,bid,,,12219740
2026-06-29T16:07:29.729420,2026-06-29T06:07:30.296400+00:00,104.0,49,bid,,,12219741
2026-06-29T16:07:30.320702,2026-06-29T06:07:30.890400+00:00,103.5,46,ask,,,12219752
2026-06-29T16:07:33.484244,2026-06-29T06:07:34.058159+00:00,103.7,45,ask,,,12219804
2026-06-29T16:07:33.991134,2026-06-29T06:07:34.564179+00:00,103.7,50,ask,,,12219815
2026-06-29T16:07:36.047534,2026-06-29T06:07:36.610199+00:00,104.0,50,bid,,,12219854
2026-06-29T16:07:36.662923,2026-06-29T06:07:37.226199+00:00,104.0,47,bid,,,12219866
2026-06-29T16:07:37.133839,2026-06-29T06:07:37.710199+00:00,104.0,3,bid,,,12219879
2026-06-29T16:07:37.133839,2026-06-29T06:07:37.710199+00:00,104.0,40,bid,,,12219880
2026-06-29T16:07:38.125350,2026-06-29T06:07:38.687838+00:00,103.6,43,ask,,,12219904
2026-06-29T16:07:38.207081,2026-06-29T06:07:38.775838+00:00,103.6,50,ask,,,12219905
2026-06-29T16:07:39.663973,2026-06-29T06:07:40.227838+00:00,103.6,40,ask,,,12219931
2026-06-29T16:07:42.370057,2026-06-29T06:07:42.933835+00:00,103.7,50,bid,,,12219982
2026-06-29T16:07:42.546136,2026-06-29T06:07:43.109838+00:00,103.7,43,bid,,,12219984
2026-06-29T16:07:44.224623,2026-06-29T06:07:44.792395+00:00,103.5,4,ask,,,12220009
2026-06-29T16:07:44.224623,2026-06-29T06:07:44.792395+00:00,103.5,39,ask,,,12220010
2026-06-29T16:07:44.476716,2026-06-29T06:07:45.045395+00:00,103.7,50,bid,,,12220016
2026-06-29T16:07:45.184469,2026-06-29T06:07:45.749416+00:00,103.8,35,ask,,,12220027
2026-06-29T16:07:45.191264,2026-06-29T06:07:45.760415+00:00,103.8,25,ask,,,12220028
2026-06-29T16:07:45.274354,2026-06-29T06:07:45.837415+00:00,103.8,35,ask,,,12220032
2026-06-29T16:07:45.353130,2026-06-29T06:07:45.925415+00:00,104.0,1,bid,,,12220036
2026-06-29T16:07:45.353130,2026-06-29T06:07:45.925415+00:00,104.0,40,bid,,,12220037
2026-06-29T16:07:45.357004,2026-06-29T06:07:45.925415+00:00,103.8,10,ask,,,12220038
2026-06-29T16:07:45.363927,2026-06-29T06:07:45.936415+00:00,103.8,10,ask,,,12220040
2026-06-29T16:07:45.408220,2026-06-29T06:07:45.980415+00:00,103.8,35,ask,,,12220044
2026-06-29T16:07:46.582548,2026-06-29T06:07:47.146001+00:00,104.0,50,bid,,,12220079
2026-06-29T16:07:47.012526,2026-06-29T06:07:47.596525+00:00,104.0,10,bid,,,12220087
2026-06-29T16:07:47.012526,2026-06-29T06:07:47.596525+00:00,104.1,1,bid,,,12220088
2026-06-29T16:07:47.012526,2026-06-29T06:07:47.596525+00:00,104.3,34,bid,,,12220089
2026-06-29T16:07:48.689368,2026-06-29T06:07:49.256353+00:00,104.2,50,bid,,,12220120
2026-06-29T16:07:50.341808,2026-06-29T06:07:50.906373+00:00,103.9,35,ask,,,12220157
2026-06-29T16:07:50.438138,2026-06-29T06:07:51.005372+00:00,103.9,25,ask,,,12220158
2026-06-29T16:07:50.438505,2026-06-29T06:07:51.016373+00:00,103.9,25,ask,,,12220159
2026-06-29T16:07:50.456386,2026-06-29T06:07:51.027366+00:00,103.9,15,ask,,,12220162
2026-06-29T16:07:50.797860,2026-06-29T06:07:51.368373+00:00,104.2,50,bid,,,12220179
2026-06-29T16:07:52.908067,2026-06-29T06:07:53.479907+00:00,104.1,50,bid,,,12220221
2026-06-29T16:07:55.014290,2026-06-29T06:07:55.580465+00:00,104.1,50,bid,,,12220264
2026-06-29T16:07:55.620511,2026-06-29T06:07:56.185016+00:00,103.8,48,ask,,,12220274
2026-06-29T16:07:56.256951,2026-06-29T06:07:56.823016+00:00,103.8,40,ask,,,12220297
2026-06-29T16:07:57.122387,2026-06-29T06:07:57.692016+00:00,104.0,2,bid,,,12220309
2026-06-29T16:07:57.122387,2026-06-29T06:07:57.692016+00:00,104.2,48,bid,,,12220310
2026-06-29T16:07:57.692825,2026-06-29T06:07:58.263549+00:00,104.0,2,bid,,,12220326
2026-06-29T16:07:57.692825,2026-06-29T06:07:58.263549+00:00,104.2,43,bid,,,12220327
2026-06-29T16:07:58.800239,2026-06-29T06:07:59.363099+00:00,103.9,46,bid,,,12220335
2026-06-29T16:07:59.233271,2026-06-29T06:07:59.803108+00:00,103.9,50,bid,,,12220346
2026-06-29T16:07:59.871927,2026-06-29T06:08:00.441107+00:00,103.9,54,bid,,,12220357
2026-06-29T16:07:59.879391,2026-06-29T06:08:00.452107+00:00,104.0,25,ask,,,12220358
2026-06-29T16:07:59.879479,2026-06-29T06:08:00.452107+00:00,104.0,21,ask,,,12220359
2026-06-29T16:08:01.050906,2026-06-29T06:08:01.618108+00:00,104.0,47,ask,,,12220386
2026-06-29T16:08:01.094664,2026-06-29T06:08:01.662108+00:00,104.0,25,ask,,,12220387
2026-06-29T16:08:01.098362,2026-06-29T06:08:01.662108+00:00,104.0,25,ask,,,12220388
2026-06-29T16:08:01.305970,2026-06-29T06:08:01.871108+00:00,104.0,25,ask,,,12220401
2026-06-29T16:08:01.308657,2026-06-29T06:08:01.871108+00:00,104.0,25,ask,,,12220402
2026-06-29T16:08:01.390203,2026-06-29T06:08:01.959108+00:00,104.0,3,ask,,,12220407
2026-06-29T16:08:01.390203,2026-06-29T06:08:01.959108+00:00,103.7,2,ask,,,12220408
2026-06-29T16:08:01.390203,2026-06-29T06:08:01.959108+00:00,103.7,1,ask,,,12220409
2026-06-29T16:08:01.933007,2026-06-29T06:08:02.509108+00:00,104.1,2,bid,,,12220417
2026-06-29T16:08:02.432221,2026-06-29T06:08:03.004107+00:00,104.1,6,bid,,,12220425
2026-06-29T16:08:03.500454,2026-06-29T06:08:04.069769+00:00,104.0,50,ask,,,12220460
2026-06-29T16:08:05.122752,2026-06-29T06:08:05.686761+00:00,104.0,25,ask,,,12220480
2026-06-29T16:08:05.125422,2026-06-29T06:08:05.697760+00:00,104.0,25,ask,,,12220481
2026-06-29T16:08:05.445500,2026-06-29T06:08:06.016780+00:00,103.8,5,ask,,,12220494
2026-06-29T16:08:05.445500,2026-06-29T06:08:06.016780+00:00,103.7,1,ask,,,12220495
2026-06-29T16:08:05.445500,2026-06-29T06:08:06.016780+00:00,103.6,34,ask,,,12220496
2026-06-29T16:08:09.813381,2026-06-29T06:08:10.381471+00:00,103.8,3,ask,,,12220584
2026-06-29T16:08:09.813381,2026-06-29T06:08:10.381471+00:00,103.7,47,ask,,,12220585
2026-06-29T16:08:11.290785,2026-06-29T06:08:11.855398+00:00,104.1,48,bid,,,12220606
2026-06-29T16:08:11.919928,2026-06-29T06:08:12.482397+00:00,103.7,50,ask,,,12220620
2026-06-29T16:08:12.657764,2026-06-29T06:08:13.230397+00:00,103.8,35,bid,,,12220636
2026-06-29T16:08:12.750261,2026-06-29T06:08:13.318398+00:00,103.8,35,bid,,,12220644
2026-06-29T16:08:12.754848,2026-06-29T06:08:13.318398+00:00,103.8,25,bid,,,12220645
2026-06-29T16:08:12.759087,2026-06-29T06:08:13.329398+00:00,103.8,5,bid,,,12220647
2026-06-29T16:08:12.763874,2026-06-29T06:08:13.329398+00:00,104.1,2,bid,,,12220648
2026-06-29T16:08:14.046579,2026-06-29T06:08:14.615955+00:00,103.7,50,ask,,,12220669
2026-06-29T16:08:16.101146,2026-06-29T06:08:16.672511+00:00,104.1,4,bid,,,12220715
2026-06-29T16:08:16.101146,2026-06-29T06:08:16.672511+00:00,104.1,46,bid,,,12220716
2026-06-29T16:08:17.180668,2026-06-29T06:08:17.750453+00:00,104.0,46,bid,,,12220751
2026-06-29T16:08:18.263197,2026-06-29T06:08:18.828024+00:00,103.6,50,ask,,,12220774
2026-06-29T16:08:20.318281,2026-06-29T06:08:20.884558+00:00,104.1,4,bid,,,12220809
2026-06-29T16:08:20.318281,2026-06-29T06:08:20.884558+00:00,104.2,46,bid,,,12220810
2026-06-29T16:08:20.811290,2026-06-29T06:08:21.379548+00:00,103.8,40,ask,,,12220815
2026-06-29T16:08:22.424726,2026-06-29T06:08:22.987558+00:00,104.1,3,bid,,,12220856
2026-06-29T16:08:22.424726,2026-06-29T06:08:22.998557+00:00,104.3,47,bid,,,12220857
2026-06-29T16:08:24.533803,2026-06-29T06:08:25.099135+00:00,104.1,3,bid,,,12220897
2026-06-29T16:08:24.533803,2026-06-29T06:08:25.099135+00:00,104.3,1,bid,,,12220898
2026-06-29T16:08:24.533803,2026-06-29T06:08:25.110135+00:00,104.3,46,bid,,,12220899
2026-06-29T16:08:26.011172,2026-06-29T06:08:26.582998+00:00,103.8,41,ask,,,12220927
2026-06-29T16:08:26.513228,2026-06-29T06:08:27.077998+00:00,104.1,4,bid,,,12220938
2026-06-29T16:08:26.513228,2026-06-29T06:08:27.077998+00:00,104.3,1,bid,,,12220939
2026-06-29T16:08:26.513228,2026-06-29T06:08:27.088998+00:00,104.3,44,bid,,,12220940
2026-06-29T16:08:28.748697,2026-06-29T06:08:29.320601+00:00,104.2,6,bid,,,12220978
2026-06-29T16:08:28.748697,2026-06-29T06:08:29.320601+00:00,104.3,44,bid,,,12220979
2026-06-29T16:08:32.976831,2026-06-29T06:08:33.544125+00:00,104.3,6,bid,,,12221071
2026-06-29T16:08:32.976831,2026-06-29T06:08:33.544125+00:00,104.5,1,bid,,,12221072
2026-06-29T16:08:32.976831,2026-06-29T06:08:33.544125+00:00,104.5,43,bid,,,12221073
2026-06-29T16:08:34.712439,2026-06-29T06:08:35.281285+00:00,104.3,6,bid,,,12221100
2026-06-29T16:08:34.961134,2026-06-29T06:08:35.533800+00:00,104.4,5,ask,,,12221109
2026-06-29T16:08:35.085299,2026-06-29T06:08:35.654809+00:00,104.5,50,bid,,,12221114
2026-06-29T16:08:35.599729,2026-06-29T06:08:36.171416+00:00,104.4,25,ask,,,12221131
2026-06-29T16:08:35.611470,2026-06-29T06:08:36.182416+00:00,104.4,35,ask,,,12221134
2026-06-29T16:08:35.658295,2026-06-29T06:08:36.226416+00:00,104.4,25,ask,,,12221135
2026-06-29T16:08:35.700493,2026-06-29T06:08:36.270416+00:00,104.4,4,ask,,,12221138
2026-06-29T16:08:35.788674,2026-06-29T06:08:36.358416+00:00,104.4,26,ask,,,12221141
2026-06-29T16:08:35.809373,2026-06-29T06:08:36.380416+00:00,104.4,25,ask,,,12221143
2026-06-29T16:08:35.821676,2026-06-29T06:08:36.391416+00:00,104.4,42,ask,,,12221145
2026-06-29T16:08:35.868944,2026-06-29T06:08:36.435416+00:00,104.4,25,ask,,,12221148
2026-06-29T16:08:36.019153,2026-06-29T06:08:36.589407+00:00,104.4,25,ask,,,12221155
2026-06-29T16:08:36.077223,2026-06-29T06:08:36.655407+00:00,104.4,7,ask,,,12221157
2026-06-29T16:08:37.192454,2026-06-29T06:08:37.755416+00:00,104.3,1,bid,,,12221176
2026-06-29T16:08:37.192454,2026-06-29T06:08:37.766416+00:00,104.9,49,bid,,,12221177
2026-06-29T16:08:39.301687,2026-06-29T06:08:39.866951+00:00,104.6,50,bid,,,12221230
2026-06-29T16:08:40.003502,2026-06-29T06:08:40.570951+00:00,104.6,48,bid,,,12221242
2026-06-29T16:08:40.918195,2026-06-29T06:08:41.483972+00:00,104.3,48,ask,,,12221258
2026-06-29T16:08:41.461470,2026-06-29T06:08:42.033972+00:00,104.2,1,ask,,,12221264
2026-06-29T16:08:41.461470,2026-06-29T06:08:42.033972+00:00,104.1,49,ask,,,12221265
2026-06-29T16:08:45.161650,2026-06-29T06:08:45.729055+00:00,104.2,3,ask,,,12221351
2026-06-29T16:08:45.161650,2026-06-29T06:08:45.729055+00:00,104.2,43,ask,,,12221352
2026-06-29T16:08:45.622741,2026-06-29T06:08:46.190148+00:00,104.4,1,bid,,,12221362
2026-06-29T16:08:45.622741,2026-06-29T06:08:46.190148+00:00,104.4,49,bid,,,12221363
2026-06-29T16:08:47.781401,2026-06-29T06:08:48.346168+00:00,104.1,1,ask,,,12221411
2026-06-29T16:08:47.781401,2026-06-29T06:08:48.346168+00:00,104.0,49,ask,,,12221412
2026-06-29T16:08:48.737875,2026-06-29T06:08:49.302260+00:00,104.5,7,bid,,,12221431
2026-06-29T16:08:48.737875,2026-06-29T06:08:49.313260+00:00,104.5,28,bid,,,12221432
2026-06-29T16:08:48.828823,2026-06-29T06:08:49.401260+00:00,104.5,35,bid,,,12221435
2026-06-29T16:08:48.860890,2026-06-29T06:08:49.434259+00:00,104.5,25,bid,,,12221441
2026-06-29T16:08:48.914672,2026-06-29T06:08:49.478259+00:00,104.5,12,bid,,,12221445
2026-06-29T16:08:49.513126,2026-06-29T06:08:50.083260+00:00,104.8,49,bid,,,12221454
2026-06-29T16:08:49.889757,2026-06-29T06:08:50.457260+00:00,104.3,50,ask,,,12221465
2026-06-29T16:08:51.244375,2026-06-29T06:08:51.810260+00:00,104.3,48,ask,,,12221489
2026-06-29T16:08:51.847537,2026-06-29T06:08:52.415250+00:00,104.6,47,bid,,,12221497
2026-06-29T16:08:51.995448,2026-06-29T06:08:52.558260+00:00,104.2,1,ask,,,12221501
2026-06-29T16:08:51.995448,2026-06-29T06:08:52.569259+00:00,104.2,5,ask,,,12221502
2026-06-29T16:08:51.995448,2026-06-29T06:08:52.569259+00:00,104.1,44,ask,,,12221503
2026-06-29T16:08:52.963190,2026-06-29T06:08:53.526251+00:00,104.5,1,bid,,,12221520
2026-06-29T16:08:52.963190,2026-06-29T06:08:53.537250+00:00,104.6,42,bid,,,12221521
2026-06-29T16:08:54.105751,2026-06-29T06:08:54.669799+00:00,104.4,50,ask,,,12221535
2026-06-29T16:08:56.211549,2026-06-29T06:08:56.781274+00:00,104.4,50,ask,,,12221573
2026-06-29T16:08:57.501554,2026-06-29T06:08:58.068274+00:00,104.2,5,ask,,,12221603
2026-06-29T16:08:57.501554,2026-06-29T06:08:58.068274+00:00,104.2,41,ask,,,12221604
2026-06-29T16:09:00.381601,2026-06-29T06:09:00.948945+00:00,104.5,50,bid,,,12221669
2026-06-29T16:09:02.058816,2026-06-29T06:09:02.631954+00:00,104.3,40,ask,,,12221699
2026-06-29T16:09:02.487799,2026-06-29T06:09:03.060966+00:00,104.5,50,bid,,,12221701
2026-06-29T16:09:02.709161,2026-06-29T06:09:03.280974+00:00,104.5,44,bid,,,12221710
2026-06-29T16:09:04.306090,2026-06-29T06:09:04.875481+00:00,104.6,44,bid,,,12221753
2026-06-29T16:09:06.359021,2026-06-29T06:09:06.932021+00:00,104.6,100,bid,,,12221793
2026-06-29T16:09:06.711594,2026-06-29T06:09:07.284030+00:00,104.6,6,bid,,,12221794
2026-06-29T16:09:06.711594,2026-06-29T06:09:07.284030+00:00,104.7,1,bid,,,12221795
2026-06-29T16:09:06.854477,2026-06-29T06:09:07.427030+00:00,104.2,4,ask,,,12221798
2026-06-29T16:09:06.854477,2026-06-29T06:09:07.427030+00:00,104.1,42,ask,,,12221799
2026-06-29T16:09:07.414937,2026-06-29T06:09:07.988030+00:00,104.8,1,ask,,,12221805
2026-06-29T16:09:07.477023,2026-06-29T06:09:08.043030+00:00,104.8,47,ask,,,12221806
2026-06-29T16:09:07.553185,2026-06-29T06:09:08.120030+00:00,104.8,1,ask,,,12221807
2026-06-29T16:09:07.899690,2026-06-29T06:09:08.472030+00:00,104.8,25,ask,,,12221818
2026-06-29T16:09:08.821693,2026-06-29T06:09:09.394691+00:00,105.1,50,bid,,,12221846
2026-06-29T16:09:09.277181,2026-06-29T06:09:09.845700+00:00,104.8,35,ask,,,12221855
2026-06-29T16:09:09.365606,2026-06-29T06:09:09.933700+00:00,104.8,35,ask,,,12221858
2026-06-29T16:09:09.564788,2026-06-29T06:09:10.131700+00:00,104.8,6,ask,,,12221863
2026-06-29T16:09:09.578595,2026-06-29T06:09:10.153700+00:00,104.9,46,bid,,,12221865
2026-06-29T16:09:10.576184,2026-06-29T06:09:11.143233+00:00,104.4,44,ask,,,12221896
2026-06-29T16:09:13.059468,2026-06-29T06:09:13.626627+00:00,104.6,50,bid,,,12221940
2026-06-29T16:09:14.707520,2026-06-29T06:09:15.287618+00:00,104.6,42,bid,,,12221985
2026-06-29T16:09:15.218746,2026-06-29T06:09:15.782619+00:00,104.4,50,ask,,,12221994
2026-06-29T16:09:15.801383,2026-06-29T06:09:16.365184+00:00,104.6,41,bid,,,12222001
2026-06-29T16:09:17.326731,2026-06-29T06:09:17.893698+00:00,104.5,50,ask,,,12222035
2026-06-29T16:09:19.004510,2026-06-29T06:09:19.576256+00:00,104.5,43,ask,,,12222068
2026-06-29T16:09:19.433673,2026-06-29T06:09:20.005247+00:00,104.5,50,ask,,,12222076
2026-06-29T16:09:20.119053,2026-06-29T06:09:20.687257+00:00,104.6,45,bid,,,12222091
2026-06-29T16:09:20.584406,2026-06-29T06:09:21.149257+00:00,104.3,2,ask,,,12222100
2026-06-29T16:09:20.584406,2026-06-29T06:09:21.149257+00:00,104.1,46,ask,,,12222101
2026-06-29T16:09:21.538761,2026-06-29T06:09:22.105762+00:00,104.1,50,ask,,,12222121
2026-06-29T16:09:21.618176,2026-06-29T06:09:22.182762+00:00,104.1,4,ask,,,12222124
2026-06-29T16:09:23.538119,2026-06-29T06:09:24.106439+00:00,104.3,41,bid,,,12222149
2026-06-29T16:09:23.595628,2026-06-29T06:09:24.161440+00:00,104.3,50,bid,,,12222150
2026-06-29T16:09:23.759454,2026-06-29T06:09:24.326439+00:00,104.3,9,bid,,,12222155
2026-06-29T16:09:23.759454,2026-06-29T06:09:24.326439+00:00,104.3,26,bid,,,12222156
2026-06-29T16:09:23.800359,2026-06-29T06:09:24.370440+00:00,104.3,25,bid,,,12222161
2026-06-29T16:09:23.810911,2026-06-29T06:09:24.381440+00:00,104.3,25,bid,,,12222163
2026-06-29T16:09:23.849675,2026-06-29T06:09:24.414440+00:00,104.3,35,bid,,,12222165
2026-06-29T16:09:23.939022,2026-06-29T06:09:24.502440+00:00,104.3,35,bid,,,12222167
2026-06-29T16:09:24.008818,2026-06-29T06:09:24.579440+00:00,104.3,4,bid,,,12222171
2026-06-29T16:09:24.171027,2026-06-29T06:09:24.744448+00:00,103.8,42,ask,,,12222178
2026-06-29T16:09:24.219234,2026-06-29T06:09:24.788448+00:00,104.5,1,bid,,,12222179
2026-06-29T16:09:24.219234,2026-06-29T06:09:24.788448+00:00,104.6,1,bid,,,12222180
2026-06-29T16:09:25.235925,2026-06-29T06:09:25.800449+00:00,104.6,6,bid,,,12222210
2026-06-29T16:09:27.859143,2026-06-29T06:09:28.430307+00:00,104.5,50,ask,,,12222245
2026-06-29T16:09:29.965749,2026-06-29T06:09:30.540156+00:00,104.4,50,ask,,,12222287
2026-06-29T16:09:31.600700,2026-06-29T06:09:32.168038+00:00,104.6,6,bid,,,12222327
2026-06-29T16:09:31.600700,2026-06-29T06:09:32.168038+00:00,104.6,38,bid,,,12222328
2026-06-29T16:09:34.193617,2026-06-29T06:09:34.762084+00:00,104.2,50,ask,,,12222376
2026-06-29T16:09:36.301536,2026-06-29T06:09:36.874105+00:00,104.0,1,ask,,,12222415
2026-06-29T16:09:36.301536,2026-06-29T06:09:36.874105+00:00,104.0,49,ask,,,12222416
2026-06-29T16:09:38.413893,2026-06-29T06:09:38.983548+00:00,104.0,50,ask,,,12222455
2026-06-29T16:09:39.172491,2026-06-29T06:09:39.742561+00:00,104.1,72,bid,,,12222466
2026-06-29T16:09:39.252394,2026-06-29T06:09:39.819569+00:00,104.1,25,bid,,,12222469
2026-06-29T16:09:39.302396,2026-06-29T06:09:39.874569+00:00,104.1,25,bid,,,12222472
2026-06-29T16:09:39.482680,2026-06-29T06:09:40.050569+00:00,104.1,25,bid,,,12222479
2026-06-29T16:09:39.515220,2026-06-29T06:09:40.083569+00:00,104.1,3,bid,,,12222483
2026-06-29T16:09:40.520315,2026-06-29T06:09:41.084569+00:00,104.0,50,ask,,,12222502
2026-06-29T16:09:41.364414,2026-06-29T06:09:41.931083+00:00,104.2,2,bid,,,12222528
2026-06-29T16:09:41.398252,2026-06-29T06:09:41.964083+00:00,104.2,42,bid,,,12222531
2026-06-29T16:09:41.570331,2026-06-29T06:09:42.140083+00:00,104.2,2,bid,,,12222537
2026-06-29T16:09:42.581637,2026-06-29T06:09:43.152074+00:00,104.2,25,bid,,,12222563
2026-06-29T16:09:42.630175,2026-06-29T06:09:43.196074+00:00,104.1,50,ask,,,12222564
2026-06-29T16:09:42.702955,2026-06-29T06:09:43.273074+00:00,104.2,25,bid,,,12222569
2026-06-29T16:09:42.789969,2026-06-29T06:09:43.361074+00:00,104.2,4,bid,,,12222574
2026-06-29T16:09:42.793742,2026-06-29T06:09:43.361074+00:00,104.5,2,bid,,,12222575
2026-06-29T16:09:42.997720,2026-06-29T06:09:43.570074+00:00,104.5,2,bid,,,12222577
2026-06-29T16:09:43.203216,2026-06-29T06:09:43.767062+00:00,104.5,2,bid,,,12222588
2026-06-29T16:09:43.408168,2026-06-29T06:09:43.976071+00:00,104.5,2,bid,,,12222592
2026-06-29T16:09:43.614614,2026-06-29T06:09:44.185071+00:00,104.5,1,bid,,,12222595
2026-06-29T16:09:43.614614,2026-06-29T06:09:44.185071+00:00,104.6,1,bid,,,12222596
2026-06-29T16:09:46.839536,2026-06-29T06:09:47.407662+00:00,104.2,50,ask,,,12222673
2026-06-29T16:09:48.946153,2026-06-29T06:09:49.539841+00:00,104.1,1,ask,,,12222714
2026-06-29T16:09:48.946153,2026-06-29T06:09:49.539841+00:00,103.9,49,ask,,,12222715
2026-06-29T16:09:49.612570,2026-06-29T06:09:50.177850+00:00,103.9,44,ask,,,12222733
2026-06-29T16:09:50.480934,2026-06-29T06:09:51.046850+00:00,104.4,25,bid,,,12222757
2026-06-29T16:09:50.528903,2026-06-29T06:09:51.101850+00:00,104.4,25,bid,,,12222759
2026-06-29T16:09:50.692730,2026-06-29T06:09:51.255851+00:00,104.4,25,bid,,,12222761
2026-06-29T16:09:50.748198,2026-06-29T06:09:51.321850+00:00,104.4,25,bid,,,12222766
2026-06-29T16:09:50.904009,2026-06-29T06:09:51.475850+00:00,104.4,25,bid,,,12222770
2026-06-29T16:09:50.962655,2026-06-29T06:09:51.530871+00:00,104.4,25,bid,,,12222772
2026-06-29T16:09:51.703949,2026-06-29T06:09:52.267862+00:00,104.4,1,bid,,,12222789
2026-06-29T16:09:51.703949,2026-06-29T06:09:52.278862+00:00,104.5,6,bid,,,12222790
2026-06-29T16:09:51.703949,2026-06-29T06:09:52.278862+00:00,104.6,100,bid,,,12222791
2026-06-29T16:09:51.767804,2026-06-29T06:09:52.333862+00:00,104.7,43,ask,,,12222799
2026-06-29T16:09:52.185507,2026-06-29T06:09:52.751862+00:00,104.1,49,ask,,,12222811
2026-06-29T16:09:53.106398,2026-06-29T06:09:53.674992+00:00,104.5,5,bid,,,12222824
2026-06-29T16:09:53.106398,2026-06-29T06:09:53.674992+00:00,104.7,1,bid,,,12222825
2026-06-29T16:09:54.744732,2026-06-29T06:09:55.314001+00:00,104.6,47,bid,,,12222872
2026-06-29T16:09:55.266346,2026-06-29T06:09:55.830992+00:00,104.1,1,ask,,,12222881
2026-06-29T16:09:55.266346,2026-06-29T06:09:55.841992+00:00,104.1,49,ask,,,12222882
2026-06-29T16:09:55.387551,2026-06-29T06:09:55.951992+00:00,104.1,47,ask,,,12222889
2026-06-29T16:09:59.060606,2026-06-29T06:09:59.634548+00:00,104.5,40,bid,,,12222958
2026-06-29T16:09:59.497260,2026-06-29T06:10:00.063548+00:00,104.0,50,ask,,,12222968
2026-06-29T16:10:00.194801,2026-06-29T06:10:00.767064+00:00,104.5,44,bid,,,12222980
2026-06-29T16:10:00.987215,2026-06-29T06:10:01.559072+00:00,104.3,43,bid,,,12222998
2026-06-29T16:10:01.057966,2026-06-29T06:10:01.625072+00:00,104.3,23,bid,,,12223004
2026-06-29T16:10:01.607561,2026-06-29T06:10:02.175072+00:00,104.2,50,ask,,,12223014
2026-06-29T16:10:03.731820,2026-06-29T06:10:04.308750+00:00,104.2,50,ask,,,12223071
2026-06-29T16:10:04.420938,2026-06-29T06:10:04.990750+00:00,104.1,1,ask,,,12223073
2026-06-29T16:10:05.786986,2026-06-29T06:10:06.354219+00:00,104.1,50,bid,,,12223100
2026-06-29T16:10:06.495738,2026-06-29T06:10:07.068742+00:00,104.1,99,bid,,,12223121
2026-06-29T16:10:08.648394,2026-06-29T06:10:09.212444+00:00,104.3,45,ask,,,12223152
2026-06-29T16:10:08.877919,2026-06-29T06:10:09.443443+00:00,104.3,25,ask,,,12223160
2026-06-29T16:10:08.880804,2026-06-29T06:10:09.454444+00:00,104.3,80,ask,,,12223161
2026-06-29T16:10:09.709363,2026-06-29T06:10:10.279443+00:00,104.1,1,ask,,,12223178
2026-06-29T16:10:09.782585,2026-06-29T06:10:10.356444+00:00,103.8,35,bid,,,12223182
2026-06-29T16:10:09.873212,2026-06-29T06:10:10.444443+00:00,103.8,35,bid,,,12223186
2026-06-29T16:10:09.893166,2026-06-29T06:10:10.466443+00:00,103.8,25,bid,,,12223189
2026-06-29T16:10:09.961955,2026-06-29T06:10:10.532444+00:00,103.8,4,bid,,,12223192
2026-06-29T16:10:10.773630,2026-06-29T06:10:11.345967+00:00,103.9,6,bid,,,12223205
2026-06-29T16:10:12.131115,2026-06-29T06:10:12.698966+00:00,103.9,50,bid,,,12223230
2026-06-29T16:10:13.059149,2026-06-29T06:10:13.632218+00:00,103.9,41,bid,,,12223257
2026-06-29T16:10:14.237250,2026-06-29T06:10:14.808744+00:00,104.2,50,bid,,,12223279
2026-06-29T16:10:14.591357,2026-06-29T06:10:15.160742+00:00,103.8,42,ask,,,12223283
2026-06-29T16:10:15.152447,2026-06-29T06:10:15.721751+00:00,104.2,49,bid,,,12223297
2026-06-29T16:10:16.344896,2026-06-29T06:10:16.909282+00:00,104.2,50,bid,,,12223314
2026-06-29T16:10:17.024797,2026-06-29T06:10:17.602291+00:00,104.3,1,bid,,,12223331
2026-06-29T16:10:17.024797,2026-06-29T06:10:17.602291+00:00,104.3,100,bid,,,12223332
2026-06-29T16:10:17.024797,2026-06-29T06:10:17.602291+00:00,104.3,4,bid,,,12223333
2026-06-29T16:10:17.080459,2026-06-29T06:10:17.646291+00:00,104.5,35,ask,,,12223337
2026-06-29T16:10:17.109903,2026-06-29T06:10:17.679291+00:00,104.5,10,ask,,,12223339
2026-06-29T16:10:21.043129,2026-06-29T06:10:21.616381+00:00,104.1,3,ask,,,12223421
2026-06-29T16:10:21.043129,2026-06-29T06:10:21.616381+00:00,104.1,37,ask,,,12223422
2026-06-29T16:10:22.688234,2026-06-29T06:10:23.255373+00:00,104.2,50,bid,,,12223451
2026-06-29T16:10:23.166487,2026-06-29T06:10:23.738384+00:00,104.2,41,bid,,,12223463
2026-06-29T16:10:24.570486,2026-06-29T06:10:25.167404+00:00,104.1,25,ask,,,12223483
2026-06-29T16:10:24.621988,2026-06-29T06:10:25.233404+00:00,104.1,35,ask,,,12223487
2026-06-29T16:10:24.633144,2026-06-29T06:10:25.244404+00:00,104.1,25,ask,,,12223488
2026-06-29T16:10:24.711156,2026-06-29T06:10:25.354404+00:00,104.1,35,ask,,,12223493
2026-06-29T16:10:24.779223,2026-06-29T06:10:25.398413+00:00,104.1,25,ask,,,12223496
2026-06-29T16:10:24.799735,2026-06-29T06:10:25.398413+00:00,104.1,5,ask,,,12223499
2026-06-29T16:10:24.845205,2026-06-29T06:10:25.420413+00:00,104.0,50,ask,,,12223500
2026-06-29T16:10:25.559493,2026-06-29T06:10:26.123255+00:00,103.9,1,ask,,,12223511
2026-06-29T16:10:25.927180,2026-06-29T06:10:26.497263+00:00,103.9,35,bid,,,12223515
2026-06-29T16:10:25.995113,2026-06-29T06:10:26.563254+00:00,103.9,25,bid,,,12223519
2026-06-29T16:10:26.015631,2026-06-29T06:10:26.585255+00:00,103.9,35,bid,,,12223520
2026-06-29T16:10:26.048495,2026-06-29T06:10:26.618263+00:00,103.9,4,bid,,,12223523
2026-06-29T16:10:26.365614,2026-06-29T06:10:26.937263+00:00,103.7,1,ask,,,12223527
2026-06-29T16:10:26.365614,2026-06-29T06:10:26.937263+00:00,103.4,42,ask,,,12223528
2026-06-29T16:10:26.809014,2026-06-29T06:10:27.377254+00:00,104.0,25,bid,,,12223534
2026-06-29T16:10:26.825870,2026-06-29T06:10:27.399255+00:00,104.0,35,bid,,,12223537
2026-06-29T16:10:26.859478,2026-06-29T06:10:27.432254+00:00,104.0,25,bid,,,12223543
2026-06-29T16:10:26.886473,2026-06-29T06:10:27.454254+00:00,103.5,44,ask,,,12223544
2026-06-29T16:10:26.925537,2026-06-29T06:10:27.498254+00:00,104.0,5,bid,,,12223546
2026-06-29T16:10:26.955483,2026-06-29T06:10:27.520255+00:00,103.5,50,ask,,,12223549
2026-06-29T16:10:27.020889,2026-06-29T06:10:27.586254+00:00,104.0,10,bid,,,12223553
2026-06-29T16:10:29.062665,2026-06-29T06:10:29.631352+00:00,103.8,50,ask,,,12223580
2026-06-29T16:10:30.343202,2026-06-29T06:10:30.908343+00:00,103.9,46,bid,,,12223620
2026-06-29T16:10:30.986609,2026-06-29T06:10:31.557344+00:00,103.9,44,bid,,,12223635
2026-06-29T16:10:31.170727,2026-06-29T06:10:31.744353+00:00,103.8,50,ask,,,12223638
2026-06-29T16:10:31.621974,2026-06-29T06:10:32.195344+00:00,103.6,1,ask,,,12223649
2026-06-29T16:10:31.621974,2026-06-29T06:10:32.195344+00:00,103.4,41,ask,,,12223650
2026-06-29T16:10:32.146806,2026-06-29T06:10:32.712353+00:00,103.9,41,bid,,,12223656
2026-06-29T16:10:33.275693,2026-06-29T06:10:33.844893+00:00,103.6,50,ask,,,12223678
2026-06-29T16:10:35.331135,2026-06-29T06:10:35.901426+00:00,103.9,50,bid,,,12223717
2026-06-29T16:10:36.057374,2026-06-29T06:10:36.627032+00:00,103.6,1,ask,,,12223727
2026-06-29T16:10:36.057374,2026-06-29T06:10:36.627032+00:00,103.5,48,ask,,,12223728
2026-06-29T16:10:37.438496,2026-06-29T06:10:38.002024+00:00,103.9,50,bid,,,12223758
2026-06-29T16:10:39.221863,2026-06-29T06:10:39.794464+00:00,103.8,100,ask,,,12223788
2026-06-29T16:10:39.546032,2026-06-29T06:10:40.113464+00:00,103.8,50,bid,,,12223792
2026-06-29T16:10:41.653891,2026-06-29T06:10:42.225473+00:00,103.9,50,bid,,,12223844
2026-06-29T16:10:42.329349,2026-06-29T06:10:42.896493+00:00,103.9,50,bid,,,12223867
2026-06-29T16:10:42.329349,2026-06-29T06:10:42.896493+00:00,104.0,2,bid,,,12223868
2026-06-29T16:10:43.087324,2026-06-29T06:10:43.654405+00:00,104.1,44,ask,,,12223885
2026-06-29T16:10:43.760989,2026-06-29T06:10:44.325414+00:00,104.2,1,bid,,,12223900
2026-06-29T16:10:43.760989,2026-06-29T06:10:44.336405+00:00,104.6,49,bid,,,12223901
2026-06-29T16:10:44.026406,2026-06-29T06:10:44.600414+00:00,104.1,46,ask,,,12223903
2026-06-29T16:10:44.326796,2026-06-29T06:10:44.897414+00:00,104.1,1,ask,,,12223907
2026-06-29T16:10:45.868634,2026-06-29T06:10:46.436969+00:00,104.2,50,bid,,,12223952
2026-06-29T16:10:46.720731,2026-06-29T06:10:47.293978+00:00,104.1,1,bid,,,12223966
2026-06-29T16:10:46.932079,2026-06-29T06:10:47.502990+00:00,104.1,1,bid,,,12223973
2026-06-29T16:10:47.098728,2026-06-29T06:10:47.667998+00:00,104.2,47,bid,,,12223980
2026-06-29T16:10:47.653301,2026-06-29T06:10:48.217999+00:00,104.2,48,bid,,,12223996
2026-06-29T16:10:47.688769,2026-06-29T06:10:48.261998+00:00,104.2,5,bid,,,12223997
2026-06-29T16:10:47.744040,2026-06-29T06:10:48.316998+00:00,104.3,1,bid,,,12224001
2026-06-29T16:10:47.978462,2026-06-29T06:10:48.547989+00:00,104.7,50,bid,,,12224011
2026-06-29T16:10:48.664386,2026-06-29T06:10:49.228516+00:00,104.6,25,ask,,,12224026
2026-06-29T16:10:48.699835,2026-06-29T06:10:49.272516+00:00,104.6,35,ask,,,12224030
2026-06-29T16:10:48.750294,2026-06-29T06:10:49.316516+00:00,104.6,25,ask,,,12224031
2026-06-29T16:10:48.789375,2026-06-29T06:10:49.360515+00:00,104.6,35,ask,,,12224034
2026-06-29T16:10:48.877165,2026-06-29T06:10:49.448507+00:00,104.6,25,ask,,,12224036
2026-06-29T16:10:48.880228,2026-06-29T06:10:49.448507+00:00,104.6,5,ask,,,12224037
2026-06-29T16:10:50.084612,2026-06-29T06:10:50.691516+00:00,104.7,50,bid,,,12224058
2026-06-29T16:10:50.327772,2026-06-29T06:10:50.911516+00:00,104.2,44,ask,,,12224064
2026-06-29T16:10:51.363992,2026-06-29T06:10:51.934516+00:00,104.7,1,bid,,,12224094
2026-06-29T16:10:51.363992,2026-06-29T06:10:51.934516+00:00,104.9,41,bid,,,12224095
2026-06-29T16:10:52.192595,2026-06-29T06:10:52.759518+00:00,104.6,50,bid,,,12224109
2026-06-29T16:10:53.067804,2026-06-29T06:10:53.639084+00:00,104.4,48,ask,,,12224121
2026-06-29T16:10:54.299618,2026-06-29T06:10:54.870598+00:00,104.6,50,bid,,,12224144
2026-06-29T16:10:56.407218,2026-06-29T06:10:56.970681+00:00,104.8,1,bid,,,12224188
2026-06-29T16:10:56.407218,2026-06-29T06:10:56.981681+00:00,104.9,49,bid,,,12224189
2026-06-29T16:10:57.192818,2026-06-29T06:10:57.762681+00:00,104.4,42,ask,,,12224205
2026-06-29T16:10:58.513184,2026-06-29T06:10:59.082220+00:00,104.7,50,bid,,,12224230
2026-06-29T16:11:00.624778,2026-06-29T06:11:01.193220+00:00,104.7,50,bid,,,12224275
2026-06-29T16:11:01.350520,2026-06-29T06:11:01.919211+00:00,104.6,35,ask,,,12224287
2026-06-29T16:11:01.385106,2026-06-29T06:11:01.952211+00:00,104.6,25,ask,,,12224291
2026-06-29T16:11:01.454136,2026-06-29T06:11:02.029211+00:00,104.6,35,ask,,,12224298
2026-06-29T16:11:01.511970,2026-06-29T06:11:02.084211+00:00,104.6,25,ask,,,12224299
2026-06-29T16:11:01.543835,2026-06-29T06:11:02.117211+00:00,104.6,30,ask,,,12224302
2026-06-29T16:11:02.732778,2026-06-29T06:11:03.305231+00:00,104.9,50,bid,,,12224336
2026-06-29T16:11:03.557625,2026-06-29T06:11:04.130373+00:00,104.5,2,ask,,,12224350
2026-06-29T16:11:03.599095,2026-06-29T06:11:04.163373+00:00,104.5,25,ask,,,12224353
2026-06-29T16:11:03.725376,2026-06-29T06:11:04.295373+00:00,104.5,25,ask,,,12224357
2026-06-29T16:11:03.810272,2026-06-29T06:11:04.383373+00:00,104.5,25,ask,,,12224359
2026-06-29T16:11:04.335492,2026-06-29T06:11:04.899878+00:00,104.5,23,ask,,,12224377
2026-06-29T16:11:04.344678,2026-06-29T06:11:04.910878+00:00,104.4,2,ask,,,12224379
2026-06-29T16:11:04.916388,2026-06-29T06:11:05.482887+00:00,104.4,2,ask,,,12224385
2026-06-29T16:11:04.916388,2026-06-29T06:11:05.482887+00:00,104.4,1,ask,,,12224386
2026-06-29T16:11:06.079297,2026-06-29T06:11:06.647463+00:00,104.5,40,bid,,,12224416
2026-06-29T16:11:06.972189,2026-06-29T06:11:07.538463+00:00,104.5,50,bid,,,12224435
2026-06-29T16:11:08.070404,2026-06-29T06:11:08.637607+00:00,104.2,43,ask,,,12224467
2026-06-29T16:11:08.548946,2026-06-29T06:11:09.121598+00:00,104.5,1,bid,,,12224470
2026-06-29T16:11:08.548946,2026-06-29T06:11:09.121598+00:00,104.6,46,bid,,,12224471
2026-06-29T16:11:09.092806,2026-06-29T06:11:09.671598+00:00,104.6,50,bid,,,12224488
2026-06-29T16:11:09.158345,2026-06-29T06:11:09.726598+00:00,104.2,25,ask,,,12224493
2026-06-29T16:11:09.190949,2026-06-29T06:11:09.759598+00:00,104.2,48,ask,,,12224497
2026-06-29T16:11:09.229959,2026-06-29T06:11:09.803598+00:00,104.2,25,ask,,,12224499
2026-06-29T16:11:09.372008,2026-06-29T06:11:09.935598+00:00,104.2,9,ask,,,12224501
2026-06-29T16:11:09.391167,2026-06-29T06:11:09.957598+00:00,104.1,2,ask,,,12224505
2026-06-29T16:11:09.595651,2026-06-29T06:11:10.166598+00:00,104.1,2,ask,,,12224513
2026-06-29T16:11:09.801855,2026-06-29T06:11:10.375607+00:00,104.1,1,ask,,,12224523
2026-06-29T16:11:10.006190,2026-06-29T06:11:10.595607+00:00,104.2,25,ask,,,12224524
2026-06-29T16:11:10.016355,2026-06-29T06:11:10.606607+00:00,104.2,2,ask,,,12224526
2026-06-29T16:11:10.041397,2026-06-29T06:11:10.606607+00:00,104.2,25,ask,,,12224527
2026-06-29T16:11:10.221475,2026-06-29T06:11:10.793597+00:00,104.2,2,ask,,,12224533
2026-06-29T16:11:10.254560,2026-06-29T06:11:10.826598+00:00,104.2,25,ask,,,12224534
2026-06-29T16:11:10.427535,2026-06-29T06:11:11.002598+00:00,104.2,2,ask,,,12224543
2026-06-29T16:11:10.632179,2026-06-29T06:11:11.200607+00:00,104.2,2,ask,,,12224545
2026-06-29T16:11:10.837535,2026-06-29T06:11:11.409607+00:00,104.2,2,ask,,,12224550
2026-06-29T16:11:10.859857,2026-06-29T06:11:11.431606+00:00,104.2,15,ask,,,12224551
2026-06-29T16:11:11.206571,2026-06-29T06:11:11.772598+00:00,104.0,50,bid,,,12224561
2026-06-29T16:11:11.817180,2026-06-29T06:11:12.388607+00:00,104.0,85,bid,,,12224581
2026-06-29T16:11:11.820731,2026-06-29T06:11:12.388607+00:00,104.1,1,bid,,,12224582
2026-06-29T16:11:11.820731,2026-06-29T06:11:12.388607+00:00,104.7,43,bid,,,12224583
2026-06-29T16:11:12.899491,2026-06-29T06:11:13.465627+00:00,104.7,47,bid,,,12224609
2026-06-29T16:11:13.391579,2026-06-29T06:11:13.959304+00:00,104.3,4,ask,,,12224617
2026-06-29T16:11:13.391579,2026-06-29T06:11:13.959304+00:00,104.3,46,ask,,,12224618
2026-06-29T16:11:15.499134,2026-06-29T06:11:16.070848+00:00,104.3,50,ask,,,12224658
2026-06-29T16:11:15.682151,2026-06-29T06:11:16.257857+00:00,104.3,4,ask,,,12224662
2026-06-29T16:11:15.682151,2026-06-29T06:11:16.257857+00:00,104.3,3,ask,,,12224663
2026-06-29T16:11:16.994303,2026-06-29T06:11:17.566857+00:00,104.3,4,ask,,,12224685
2026-06-29T16:11:17.579426,2026-06-29T06:11:18.148857+00:00,104.4,50,bid,,,12224694
2026-06-29T16:11:19.407052,2026-06-29T06:11:19.974448+00:00,104.3,3,ask,,,12224748
2026-06-29T16:11:19.686074,2026-06-29T06:11:20.249448+00:00,104.6,2,bid,,,12224754
2026-06-29T16:11:19.686074,2026-06-29T06:11:20.260448+00:00,104.6,48,bid,,,12224755
2026-06-29T16:11:20.324945,2026-06-29T06:11:20.898447+00:00,104.2,1,ask,,,12224766
2026-06-29T16:11:20.324945,2026-06-29T06:11:20.898447+00:00,104.1,40,ask,,,12224767
2026-06-29T16:11:20.877570,2026-06-29T06:11:21.448439+00:00,104.1,49,ask,,,12224783
2026-06-29T16:11:21.334054,2026-06-29T06:11:21.899448+00:00,104.6,44,bid,,,12224790
2026-06-29T16:11:21.794051,2026-06-29T06:11:22.360962+00:00,104.6,8,bid,,,12224798
2026-06-29T16:11:21.794051,2026-06-29T06:11:22.360962+00:00,104.6,42,bid,,,12224799
2026-06-29T16:11:22.013854,2026-06-29T06:11:22.580963+00:00,104.1,11,ask,,,12224803
2026-06-29T16:11:22.013854,2026-06-29T06:11:22.580963+00:00,104.1,37,ask,,,12224804
2026-06-29T16:11:22.965743,2026-06-29T06:11:23.537962+00:00,104.6,41,bid,,,12224832
2026-06-29T16:11:23.502956,2026-06-29T06:11:24.066075+00:00,104.3,35,ask,,,12224846
2026-06-29T16:11:23.595005,2026-06-29T06:11:24.176075+00:00,104.3,35,ask,,,12224850
2026-06-29T16:11:23.956712,2026-06-29T06:11:24.528084+00:00,104.3,50,ask,,,12224859
2026-06-29T16:11:24.247530,2026-06-29T06:11:24.825084+00:00,104.3,1,ask,,,12224865
2026-06-29T16:11:24.270453,2026-06-29T06:11:24.836084+00:00,104.3,1,ask,,,12224867
2026-06-29T16:11:25.292036,2026-06-29T06:11:25.859084+00:00,104.3,28,ask,,,12224893
2026-06-29T16:11:25.292036,2026-06-29T06:11:25.859084+00:00,104.1,20,ask,,,12224894
2026-06-29T16:11:25.692688,2026-06-29T06:11:26.265619+00:00,104.1,1,ask,,,12224900
2026-06-29T16:11:26.066459,2026-06-29T06:11:26.639619+00:00,103.8,50,ask,,,12224912
2026-06-29T16:11:28.173155,2026-06-29T06:11:28.739700+00:00,103.8,50,ask,,,12224941
2026-06-29T16:11:30.293172,2026-06-29T06:11:30.862234+00:00,103.6,50,ask,,,12224989
2026-06-29T16:11:31.304385,2026-06-29T06:11:31.874225+00:00,104.0,3,bid,,,12225003
2026-06-29T16:11:31.427485,2026-06-29T06:11:31.995233+00:00,104.0,3,bid,,,12225004
2026-06-29T16:11:31.501687,2026-06-29T06:11:32.072225+00:00,104.0,3,bid,,,12225005
2026-06-29T16:11:32.398464,2026-06-29T06:11:32.963234+00:00,103.6,50,ask,,,12225022
2026-06-29T16:11:33.034149,2026-06-29T06:11:33.611776+00:00,103.6,100,ask,,,12225038
2026-06-29T16:11:33.034149,2026-06-29T06:11:33.611776+00:00,103.5,1,ask,,,12225039
2026-06-29T16:11:33.066829,2026-06-29T06:11:33.633776+00:00,103.4,8,bid,,,12225040
2026-06-29T16:11:33.099665,2026-06-29T06:11:33.666776+00:00,103.4,25,bid,,,12225044
2026-06-29T16:11:33.119208,2026-06-29T06:11:33.688776+00:00,103.4,16,bid,,,12225047
2026-06-29T16:11:34.378925,2026-06-29T06:11:34.942776+00:00,104.1,46,bid,,,12225071
2026-06-29T16:11:35.602732,2026-06-29T06:11:36.174362+00:00,103.7,40,bid,,,12225091
2026-06-29T16:11:35.801551,2026-06-29T06:11:36.372362+00:00,103.7,2,bid,,,12225093
2026-06-29T16:11:36.066050,2026-06-29T06:11:36.636361+00:00,103.7,1,bid,,,12225097
2026-06-29T16:11:36.127463,2026-06-29T06:11:36.702361+00:00,103.7,25,bid,,,12225099
2026-06-29T16:11:36.370894,2026-06-29T06:11:36.944362+00:00,103.7,2,bid,,,12225106
2026-06-29T16:11:38.500853,2026-06-29T06:11:39.065828+00:00,103.9,42,bid,,,12225152
2026-06-29T16:11:38.556569,2026-06-29T06:11:39.120828+00:00,103.6,41,ask,,,12225153
2026-06-29T16:11:38.717965,2026-06-29T06:11:39.285819+00:00,103.6,50,ask,,,12225156
2026-06-29T16:11:39.382690,2026-06-29T06:11:39.956819+00:00,103.8,1,ask,,,12225167
2026-06-29T16:11:39.429158,2026-06-29T06:11:40.000819+00:00,103.6,25,bid,,,12225174
2026-06-29T16:11:39.431917,2026-06-29T06:11:40.000819+00:00,103.6,35,bid,,,12225175
2026-06-29T16:11:39.520877,2026-06-29T06:11:40.088819+00:00,103.6,35,bid,,,12225179
2026-06-29T16:11:39.542187,2026-06-29T06:11:40.121819+00:00,103.6,25,bid,,,12225182
2026-06-29T16:11:39.610640,2026-06-29T06:11:40.176819+00:00,103.6,29,bid,,,12225185
2026-06-29T16:11:41.758383,2026-06-29T06:11:42.322833+00:00,103.4,1,ask,,,12225230
2026-06-29T16:11:41.758383,2026-06-29T06:11:42.333833+00:00,103.3,42,ask,,,12225231
2026-06-29T16:11:45.035470,2026-06-29T06:11:45.633324+00:00,103.6,50,ask,,,12225294
2026-06-29T16:11:47.091913,2026-06-29T06:11:47.656387+00:00,103.9,50,bid,,,12225332
2026-06-29T16:11:49.249809,2026-06-29T06:11:49.821923+00:00,103.7,50,ask,,,12225369
2026-06-29T16:11:50.186058,2026-06-29T06:11:50.750938+00:00,104.1,45,bid,,,12225394
2026-06-29T16:11:51.321317,2026-06-29T06:11:51.887550+00:00,104.0,45,bid,,,12225429
2026-06-29T16:11:51.859809,2026-06-29T06:11:52.426550+00:00,103.6,46,ask,,,12225439
2026-06-29T16:11:52.318537,2026-06-29T06:11:52.888550+00:00,104.0,43,bid,,,12225451
2026-06-29T16:11:52.915839,2026-06-29T06:11:53.482558+00:00,103.7,47,ask,,,12225461
2026-06-29T16:11:53.519543,2026-06-29T06:11:54.087097+00:00,104.0,12,bid,,,12225472
2026-06-29T16:11:53.519543,2026-06-29T06:11:54.098097+00:00,104.1,4,bid,,,12225473
2026-06-29T16:11:53.519543,2026-06-29T06:11:54.098097+00:00,104.2,1,bid,,,12225474
2026-06-29T16:11:53.519543,2026-06-29T06:11:54.098097+00:00,104.2,30,bid,,,12225475
2026-06-29T16:11:57.618027,2026-06-29T06:11:58.189170+00:00,104.1,5,bid,,,12225556
2026-06-29T16:11:57.618027,2026-06-29T06:11:58.189170+00:00,104.2,45,bid,,,12225557
2026-06-29T16:12:00.640847,2026-06-29T06:12:01.213710+00:00,103.9,43,ask,,,12225601
2026-06-29T16:12:01.830666,2026-06-29T06:12:02.401710+00:00,104.0,50,bid,,,12225637
2026-06-29T16:12:03.938583,2026-06-29T06:12:04.511944+00:00,104.0,50,bid,,,12225683
2026-06-29T16:12:04.238060,2026-06-29T06:12:04.808935+00:00,103.8,1,ask,,,12225688
2026-06-29T16:12:04.238060,2026-06-29T06:12:04.808935+00:00,103.8,40,ask,,,12225689
2026-06-29T16:12:05.129973,2026-06-29T06:12:05.699935+00:00,104.1,45,ask,,,12225705
2026-06-29T16:12:05.595347,2026-06-29T06:12:06.162043+00:00,104.1,25,ask,,,12225710
2026-06-29T16:12:05.613867,2026-06-29T06:12:06.184044+00:00,104.1,35,ask,,,12225713
