timestamp,recv_time,price,volume,aggressor_side,buyer,seller,trade_id
2026-07-10T01:00:00.675333,2026-07-10T01:00:00.686787+00:00,112.5,50,ask,DiligentDonuts,FlawlessFlatbreads,14512444
2026-07-10T01:00:01.619275,2026-07-10T01:00:01.630716+00:00,112.5,44,ask,DiligentDonuts,CostlyCorianders,14512464
2026-07-10T01:00:02.787618,2026-07-10T01:00:02.798396+00:00,112.5,1,ask,Kelvin Chan,FlawlessFlatbreads,14512494
2026-07-10T01:00:02.787618,2026-07-10T01:00:02.798396+00:00,112.5,5,ask,Xinhong Shan,FlawlessFlatbreads,14512495
2026-07-10T01:00:02.787618,2026-07-10T01:00:02.798396+00:00,112.4,44,ask,EarnestEspressos,FlawlessFlatbreads,14512496
2026-07-10T01:00:04.028041,2026-07-10T01:00:04.038642+00:00,112.6,3,bid,Xuanyu Liu,DiligentDonuts,14512521
2026-07-10T01:00:04.187061,2026-07-10T01:00:04.197366+00:00,112.6,25,bid,Lachy Miller,DiligentDonuts,14512524
2026-07-10T01:00:04.899234,2026-07-10T01:00:04.910942+00:00,112.5,3,ask,Kelvin Chan,FlawlessFlatbreads,14512531
2026-07-10T01:00:04.899234,2026-07-10T01:00:04.910942+00:00,112.5,5,ask,Xinhong Shan,FlawlessFlatbreads,14512532
2026-07-10T01:00:04.899234,2026-07-10T01:00:04.910942+00:00,112.4,42,ask,EarnestEspressos,FlawlessFlatbreads,14512533
2026-07-10T01:00:07.009598,2026-07-10T01:00:07.021467+00:00,112.5,5,ask,Kelvin Chan,FlawlessFlatbreads,14512572
2026-07-10T01:00:07.009598,2026-07-10T01:00:07.021467+00:00,112.5,4,ask,Xinhong Shan,FlawlessFlatbreads,14512573
2026-07-10T01:00:07.009598,2026-07-10T01:00:07.021467+00:00,112.3,41,ask,DiligentDonuts,CostlyCorianders,14512574
2026-07-10T01:00:07.151918,2026-07-10T01:00:07.158542+00:00,112.3,41,ask,DiligentDonuts,FlawlessFlatbreads,14512583
2026-07-10T01:00:07.990101,2026-07-10T01:00:08.004344+00:00,112.6,11,bid,Xuanyu Liu,EarnestEspressos,14512600
2026-07-10T01:00:08.047219,2026-07-10T01:00:08.057148+00:00,112.6,25,bid,Lachy Miller,EarnestEspressos,14512605
2026-07-10T01:00:08.198322,2026-07-10T01:00:08.209911+00:00,112.6,49,bid,CostlyCorianders,EarnestEspressos,14512609
2026-07-10T01:00:08.714520,2026-07-10T01:00:08.726100+00:00,112.6,4,bid,EarnestEspressos,Xinhong Shan,14512619
2026-07-10T01:00:08.714520,2026-07-10T01:00:08.726100+00:00,112.6,100,bid,EarnestEspressos,DiligentDonuts,14512620
2026-07-10T01:00:09.122899,2026-07-10T01:00:09.134341+00:00,112.6,46,ask,EarnestEspressos,FlawlessFlatbreads,14512628
2026-07-10T01:00:09.122899,2026-07-10T01:00:09.134341+00:00,112.6,4,ask,Xinhong Shan,FlawlessFlatbreads,14512629
2026-07-10T01:00:11.233096,2026-07-10T01:00:11.245142+00:00,112.5,26,ask,Andy Garg,FlawlessFlatbreads,14512666
2026-07-10T01:00:11.233096,2026-07-10T01:00:11.245142+00:00,112.5,4,ask,Xinhong Shan,FlawlessFlatbreads,14512667
2026-07-10T01:00:11.233096,2026-07-10T01:00:11.245142+00:00,112.4,4,ask,Kelvin Chan,FlawlessFlatbreads,14512668
2026-07-10T01:00:11.233096,2026-07-10T01:00:11.250116+00:00,112.1,16,ask,DiligentDonuts,FlawlessFlatbreads,14512669
2026-07-10T01:00:11.371306,2026-07-10T01:00:11.379927+00:00,113.0,4,bid,CostlyCorianders,Xinhong Shan,14512673
2026-07-10T01:00:11.371306,2026-07-10T01:00:11.384891+00:00,113.0,38,bid,CostlyCorianders,Andy Garg,14512674
2026-07-10T01:00:11.933951,2026-07-10T01:00:11.941789+00:00,112.5,38,ask,Andy Garg,EarnestEspressos,14512688
2026-07-10T01:00:11.991903,2026-07-10T01:00:12.000148+00:00,112.5,44,bid,CostlyCorianders,EarnestEspressos,14512689
2026-07-10T01:00:13.351654,2026-07-10T01:00:13.363636+00:00,112.4,50,ask,DiligentDonuts,FlawlessFlatbreads,14512716
2026-07-10T01:00:15.457627,2026-07-10T01:00:15.469550+00:00,112.4,5,ask,Kelvin Chan,FlawlessFlatbreads,14512754
2026-07-10T01:00:15.457627,2026-07-10T01:00:15.469550+00:00,112.4,4,ask,Xinhong Shan,FlawlessFlatbreads,14512755
2026-07-10T01:00:15.457627,2026-07-10T01:00:15.469550+00:00,112.1,41,ask,DiligentDonuts,FlawlessFlatbreads,14512756
2026-07-10T01:00:17.768238,2026-07-10T01:00:17.785882+00:00,112.4,6,ask,Kelvin Chan,DiligentDonuts,14512786
2026-07-10T01:00:17.768238,2026-07-10T01:00:17.785882+00:00,112.4,4,ask,Xinhong Shan,DiligentDonuts,14512787
2026-07-10T01:00:19.622789,2026-07-10T01:00:19.634060+00:00,112.4,50,bid,FlawlessFlatbreads,DiligentDonuts,14512823
2026-07-10T01:00:19.944350,2026-07-10T01:00:19.958557+00:00,112.3,5,ask,Kelvin Chan,CostlyCorianders,14512828
2026-07-10T01:00:19.944350,2026-07-10T01:00:19.958557+00:00,112.3,4,ask,Xinhong Shan,CostlyCorianders,14512829
2026-07-10T01:00:19.944350,2026-07-10T01:00:19.958557+00:00,112.1,36,ask,EarnestEspressos,CostlyCorianders,14512830
2026-07-10T01:00:20.518750,2026-07-10T01:00:20.530280+00:00,112.4,40,bid,CostlyCorianders,DiligentDonuts,14512845
2026-07-10T01:00:20.518750,2026-07-10T01:00:20.530280+00:00,112.4,4,bid,CostlyCorianders,Xinhong Shan,14512846
2026-07-10T01:00:21.745172,2026-07-10T01:00:21.756909+00:00,112.4,50,bid,FlawlessFlatbreads,EarnestEspressos,14512868
2026-07-10T01:00:23.784128,2026-07-10T01:00:23.795840+00:00,112.3,5,ask,Kelvin Chan,CostlyCorianders,14512900
2026-07-10T01:00:23.784128,2026-07-10T01:00:23.795840+00:00,112.3,4,ask,Xinhong Shan,CostlyCorianders,14512901
2026-07-10T01:00:23.784128,2026-07-10T01:00:23.795840+00:00,112.2,37,ask,DiligentDonuts,CostlyCorianders,14512902
2026-07-10T01:00:23.853430,2026-07-10T01:00:23.864883+00:00,112.4,50,bid,FlawlessFlatbreads,EarnestEspressos,14512903
2026-07-10T01:00:24.606671,2026-07-10T01:00:24.615378+00:00,112.4,4,bid,Xuanyu Liu,Xinhong Shan,14512917
2026-07-10T01:00:25.962258,2026-07-10T01:00:25.973798+00:00,112.6,50,bid,FlawlessFlatbreads,DiligentDonuts,14512945
2026-07-10T01:00:27.394224,2026-07-10T01:00:27.403665+00:00,112.6,4,bid,Xuanyu Liu,Kelvin Chan,14512968
2026-07-10T01:00:27.532254,2026-07-10T01:00:27.544004+00:00,112.5,47,ask,DiligentDonuts,CostlyCorianders,14512972
2026-07-10T01:00:27.718966,2026-07-10T01:00:27.732082+00:00,112.6,4,bid,Xuanyu Liu,Xinhong Shan,14512975
2026-07-10T01:00:27.733351,2026-07-10T01:00:27.742931+00:00,112.6,12,ask,EarnestEspressos,Xuanyu Liu,14512976
2026-07-10T01:00:28.069907,2026-07-10T01:00:28.081296+00:00,112.8,4,bid,FlawlessFlatbreads,Xinhong Shan,14512980
2026-07-10T01:00:28.069907,2026-07-10T01:00:28.081296+00:00,113.0,46,bid,FlawlessFlatbreads,DiligentDonuts,14512981
2026-07-10T01:00:28.119316,2026-07-10T01:00:28.128574+00:00,112.6,4,ask,EarnestEspressos,Kelvin Chan,14512984
2026-07-10T01:00:30.181651,2026-07-10T01:00:30.193468+00:00,113.0,50,bid,FlawlessFlatbreads,DiligentDonuts,14513023
2026-07-10T01:00:30.854675,2026-07-10T01:00:30.866122+00:00,112.8,48,ask,DiligentDonuts,CostlyCorianders,14513037
2026-07-10T01:00:32.292068,2026-07-10T01:00:32.298946+00:00,113.0,4,bid,FlawlessFlatbreads,Xinhong Shan,14513067
2026-07-10T01:00:32.292068,2026-07-10T01:00:32.298946+00:00,113.2,40,bid,FlawlessFlatbreads,Andy Garg,14513068
2026-07-10T01:00:32.292068,2026-07-10T01:00:32.298946+00:00,113.3,6,bid,FlawlessFlatbreads,DiligentDonuts,14513069
2026-07-10T01:00:32.954097,2026-07-10T01:00:32.965561+00:00,113.3,42,bid,CostlyCorianders,DiligentDonuts,14513082
2026-07-10T01:00:33.369021,2026-07-10T01:00:33.377653+00:00,112.8,3,ask,DiligentDonuts,Kelvin Chan,14513088
2026-07-10T01:00:33.549847,2026-07-10T01:00:33.557091+00:00,112.8,3,ask,EarnestEspressos,Kelvin Chan,14513093
2026-07-10T01:00:33.731026,2026-07-10T01:00:33.740227+00:00,112.8,3,ask,EarnestEspressos,Kelvin Chan,14513094
2026-07-10T01:00:33.852630,2026-07-10T01:00:33.858143+00:00,112.8,3,ask,EarnestEspressos,Kelvin Chan,14513095
2026-07-10T01:00:34.352331,2026-07-10T01:00:34.363608+00:00,112.8,49,ask,DiligentDonuts,CostlyCorianders,14513113
2026-07-10T01:00:34.375100,2026-07-10T01:00:34.382730+00:00,112.8,3,ask,DiligentDonuts,Kelvin Chan,14513114
2026-07-10T01:00:34.402487,2026-07-10T01:00:34.413908+00:00,113.2,50,bid,FlawlessFlatbreads,EarnestEspressos,14513116
2026-07-10T01:00:34.922290,2026-07-10T01:00:34.933727+00:00,113.2,48,bid,CostlyCorianders,EarnestEspressos,14513125
2026-07-10T01:00:35.599802,2026-07-10T01:00:35.609640+00:00,112.8,11,ask,DiligentDonuts,Xuanyu Liu,14513135
2026-07-10T01:00:36.510682,2026-07-10T01:00:36.518352+00:00,112.9,3,bid,FlawlessFlatbreads,Kelvin Chan,14513150
2026-07-10T01:00:36.510682,2026-07-10T01:00:36.523564+00:00,112.9,4,bid,FlawlessFlatbreads,Xinhong Shan,14513151
2026-07-10T01:00:36.510682,2026-07-10T01:00:36.523564+00:00,113.2,43,bid,FlawlessFlatbreads,EarnestEspressos,14513152
2026-07-10T01:00:37.064386,2026-07-10T01:00:37.074173+00:00,112.9,3,bid,CostlyCorianders,Kelvin Chan,14513167
2026-07-10T01:00:37.064386,2026-07-10T01:00:37.074173+00:00,112.9,37,bid,CostlyCorianders,DiligentDonuts,14513168
2026-07-10T01:00:37.244616,2026-07-10T01:00:37.250053+00:00,112.9,63,bid,EarnestEspressos,DiligentDonuts,14513174
2026-07-10T01:00:37.244616,2026-07-10T01:00:37.250053+00:00,112.9,5,bid,EarnestEspressos,Xinhong Shan,14513175
2026-07-10T01:00:37.259815,2026-07-10T01:00:37.270200+00:00,113.2,3,ask,EarnestEspressos,Xuanyu Liu,14513179
2026-07-10T01:00:38.206925,2026-07-10T01:00:38.218629+00:00,113.2,41,ask,EarnestEspressos,CostlyCorianders,14513199
2026-07-10T01:00:38.323581,2026-07-10T01:00:38.329786+00:00,113.2,38,ask,EarnestEspressos,Lachy Miller,14513203
2026-07-10T01:00:38.323581,2026-07-10T01:00:38.335103+00:00,113.2,5,ask,Xinhong Shan,Lachy Miller,14513204
2026-07-10T01:00:38.625455,2026-07-10T01:00:38.634134+00:00,113.6,5,bid,FlawlessFlatbreads,Xinhong Shan,14513210
2026-07-10T01:00:38.625455,2026-07-10T01:00:38.634134+00:00,113.7,45,bid,FlawlessFlatbreads,EarnestEspressos,14513211
2026-07-10T01:00:39.372375,2026-07-10T01:00:39.383687+00:00,112.4,40,ask,DiligentDonuts,Andy Garg,14513227
2026-07-10T01:00:40.351484,2026-07-10T01:00:40.358628+00:00,113.3,41,bid,CostlyCorianders,DiligentDonuts,14513246
2026-07-10T01:00:40.734574,2026-07-10T01:00:40.746039+00:00,113.3,50,bid,FlawlessFlatbreads,DiligentDonuts,14513251
2026-07-10T01:00:40.873248,2026-07-10T01:00:40.882533+00:00,112.9,40,ask,Andy Garg,CostlyCorianders,14513258
2026-07-10T01:00:40.873248,2026-07-10T01:00:40.882533+00:00,112.8,7,ask,DiligentDonuts,CostlyCorianders,14513259
2026-07-10T01:00:41.477033,2026-07-10T01:00:41.488645+00:00,113.3,9,bid,CostlyCorianders,DiligentDonuts,14513270
2026-07-10T01:00:41.477033,2026-07-10T01:00:41.488645+00:00,113.3,36,bid,CostlyCorianders,EarnestEspressos,14513271
2026-07-10T01:00:42.845144,2026-07-10T01:00:42.856576+00:00,113.0,1,bid,FlawlessFlatbreads,Kelvin Chan,14513291
2026-07-10T01:00:42.845144,2026-07-10T01:00:42.856576+00:00,113.0,5,bid,FlawlessFlatbreads,Xinhong Shan,14513292
2026-07-10T01:00:42.845144,2026-07-10T01:00:42.856576+00:00,113.3,44,bid,FlawlessFlatbreads,EarnestEspressos,14513293
2026-07-10T01:00:43.064120,2026-07-10T01:00:43.075509+00:00,113.1,1,bid,DiligentDonuts,Kelvin Chan,14513296
2026-07-10T01:00:43.064120,2026-07-10T01:00:43.075509+00:00,113.1,5,bid,DiligentDonuts,Xinhong Shan,14513297
2026-07-10T01:00:43.118444,2026-07-10T01:00:43.126093+00:00,113.1,1,ask,DiligentDonuts,Kelvin Chan,14513298
2026-07-10T01:00:43.151746,2026-07-10T01:00:43.151763+00:00,113.1,1,ask,DiligentDonuts,Kelvin Chan,14513299
2026-07-10T01:00:43.180422,2026-07-10T01:00:43.191639+00:00,113.1,1,ask,DiligentDonuts,Kelvin Chan,14513301
2026-07-10T01:00:43.211535,2026-07-10T01:00:43.222949+00:00,113.1,1,ask,DiligentDonuts,Kelvin Chan,14513302
2026-07-10T01:00:43.252222,2026-07-10T01:00:43.263591+00:00,113.1,1,ask,DiligentDonuts,Kelvin Chan,14513303
2026-07-10T01:00:43.279882,2026-07-10T01:00:43.287092+00:00,113.1,1,ask,DiligentDonuts,Kelvin Chan,14513305
2026-07-10T01:00:43.316772,2026-07-10T01:00:43.328088+00:00,113.1,1,ask,DiligentDonuts,Kelvin Chan,14513306
2026-07-10T01:00:43.348130,2026-07-10T01:00:43.356281+00:00,113.1,1,ask,DiligentDonuts,Kelvin Chan,14513308
2026-07-10T01:00:43.489389,2026-07-10T01:00:43.501011+00:00,113.1,47,ask,DiligentDonuts,CostlyCorianders,14513318
2026-07-10T01:00:44.552623,2026-07-10T01:00:44.558583+00:00,113.3,48,ask,EarnestEspressos,CostlyCorianders,14513344
2026-07-10T01:00:44.963029,2026-07-10T01:00:44.974269+00:00,113.6,50,bid,FlawlessFlatbreads,DiligentDonuts,14513351
2026-07-10T01:00:47.069171,2026-07-10T01:00:47.080953+00:00,113.5,40,bid,FlawlessFlatbreads,Andy Garg,14513401
2026-07-10T01:00:47.069171,2026-07-10T01:00:47.080953+00:00,113.5,10,bid,FlawlessFlatbreads,EarnestEspressos,14513402
2026-07-10T01:00:49.182194,2026-07-10T01:00:49.190319+00:00,113.5,50,bid,FlawlessFlatbreads,EarnestEspressos,14513441
2026-07-10T01:00:49.367522,2026-07-10T01:00:49.378948+00:00,113.5,49,bid,CostlyCorianders,EarnestEspressos,14513444
2026-07-10T01:00:49.930657,2026-07-10T01:00:49.942123+00:00,113.5,5,bid,EarnestEspressos,Xinhong Shan,14513451
2026-07-10T01:00:49.943450,2026-07-10T01:00:49.954435+00:00,113.7,3,ask,EarnestEspressos,Xuanyu Liu,14513452
2026-07-10T01:00:49.957902,2026-07-10T01:00:49.969774+00:00,113.7,7,ask,EarnestEspressos,Lachy Miller,14513455
2026-07-10T01:00:51.287472,2026-07-10T01:00:51.295400+00:00,113.8,40,bid,FlawlessFlatbreads,Andy Garg,14513485
2026-07-10T01:00:51.287472,2026-07-10T01:00:51.300608+00:00,113.8,10,bid,FlawlessFlatbreads,DiligentDonuts,14513486
2026-07-10T01:00:52.249773,2026-07-10T01:00:52.256049+00:00,113.7,47,ask,EarnestEspressos,CostlyCorianders,14513513
2026-07-10T01:00:52.499370,2026-07-10T01:00:52.513005+00:00,113.7,11,ask,EarnestEspressos,Xuanyu Liu,14513519
2026-07-10T01:00:52.575944,2026-07-10T01:00:52.582484+00:00,113.7,25,ask,EarnestEspressos,Lachy Miller,14513524
2026-07-10T01:00:53.152808,2026-07-10T01:00:53.160533+00:00,113.7,5,ask,Xinhong Shan,EarnestEspressos,14513542
2026-07-10T01:00:53.416538,2026-07-10T01:00:53.424147+00:00,113.7,50,bid,FlawlessFlatbreads,EarnestEspressos,14513547
2026-07-10T01:00:55.257869,2026-07-10T01:00:55.269401+00:00,113.7,47,bid,CostlyCorianders,EarnestEspressos,14513588
2026-07-10T01:00:56.124877,2026-07-10T01:00:56.135739+00:00,113.7,11,bid,Xuanyu Liu,EarnestEspressos,14513604
2026-07-10T01:00:56.602954,2026-07-10T01:00:56.612440+00:00,113.8,11,ask,EarnestEspressos,Xuanyu Liu,14513612
2026-07-10T01:00:56.890942,2026-07-10T01:00:56.902220+00:00,113.9,49,bid,CostlyCorianders,DiligentDonuts,14513616
2026-07-10T01:00:57.441792,2026-07-10T01:00:57.458586+00:00,113.8,40,ask,EarnestEspressos,Andy Garg,14513624
2026-07-10T01:00:58.548343,2026-07-10T01:00:58.557805+00:00,113.8,12,ask,EarnestEspressos,Xuanyu Liu,14513643
2026-07-10T01:00:59.483418,2026-07-10T01:00:59.493317+00:00,113.8,5,ask,Xinhong Shan,EarnestEspressos,14513655
2026-07-10T01:00:59.647005,2026-07-10T01:00:59.663996+00:00,113.4,47,ask,DiligentDonuts,CostlyCorianders,14513659
2026-07-10T01:01:01.892481,2026-07-10T01:01:01.905599+00:00,113.4,50,ask,DiligentDonuts,FlawlessFlatbreads,14513690
2026-07-10T01:01:02.179365,2026-07-10T01:01:02.188292+00:00,113.6,23,bid,Xuanyu Liu,DiligentDonuts,14513702
2026-07-10T01:01:02.389240,2026-07-10T01:01:02.398703+00:00,113.6,44,bid,CostlyCorianders,DiligentDonuts,14513709
2026-07-10T01:01:03.552243,2026-07-10T01:01:03.563685+00:00,113.5,47,ask,EarnestEspressos,CostlyCorianders,14513725
2026-07-10T01:01:03.947877,2026-07-10T01:01:03.956154+00:00,113.6,33,bid,FlawlessFlatbreads,DiligentDonuts,14513728
2026-07-10T01:01:03.947877,2026-07-10T01:01:03.956154+00:00,113.6,5,bid,FlawlessFlatbreads,Xinhong Shan,14513729
2026-07-10T01:01:03.947877,2026-07-10T01:01:03.961129+00:00,113.7,1,bid,FlawlessFlatbreads,Kelvin Chan,14513730
2026-07-10T01:01:04.008296,2026-07-10T01:01:04.018539+00:00,113.5,25,ask,EarnestEspressos,Lachy Miller,14513733
2026-07-10T01:01:05.297854,2026-07-10T01:01:05.309273+00:00,113.5,45,ask,EarnestEspressos,CostlyCorianders,14513766
2026-07-10T01:01:05.829973,2026-07-10T01:01:05.841011+00:00,113.5,100,ask,DiligentDonuts,EarnestEspressos,14513771
2026-07-10T01:01:05.829973,2026-07-10T01:01:05.841011+00:00,113.5,5,ask,Xinhong Shan,EarnestEspressos,14513772
2026-07-10T01:01:05.842175,2026-07-10T01:01:05.851409+00:00,113.5,3,bid,Xuanyu Liu,EarnestEspressos,14513773
2026-07-10T01:01:07.383302,2026-07-10T01:01:07.391151+00:00,113.5,42,bid,CostlyCorianders,EarnestEspressos,14513802
2026-07-10T01:01:07.940234,2026-07-10T01:01:07.951125+00:00,113.5,5,bid,CostlyCorianders,Xinhong Shan,14513812
2026-07-10T01:01:07.940234,2026-07-10T01:01:07.951125+00:00,113.7,2,bid,CostlyCorianders,Kelvin Chan,14513813
2026-07-10T01:01:08.232806,2026-07-10T01:01:08.244012+00:00,113.4,5,ask,Xinhong Shan,FlawlessFlatbreads,14513817
2026-07-10T01:01:08.232806,2026-07-10T01:01:08.244012+00:00,113.3,3,ask,Kelvin Chan,FlawlessFlatbreads,14513818
2026-07-10T01:01:08.232806,2026-07-10T01:01:08.249327+00:00,113.2,40,ask,Andy Garg,FlawlessFlatbreads,14513819
2026-07-10T01:01:08.232806,2026-07-10T01:01:08.249327+00:00,113.0,2,ask,EarnestEspressos,FlawlessFlatbreads,14513820
2026-07-10T01:01:10.342559,2026-07-10T01:01:10.358596+00:00,113.5,50,ask,EarnestEspressos,FlawlessFlatbreads,14513870
2026-07-10T01:01:11.066104,2026-07-10T01:01:11.077975+00:00,113.5,42,ask,EarnestEspressos,CostlyCorianders,14513879
2026-07-10T01:01:12.194841,2026-07-10T01:01:12.207252+00:00,113.6,5,bid,CostlyCorianders,Xinhong Shan,14513909
2026-07-10T01:01:12.194841,2026-07-10T01:01:12.207252+00:00,113.7,2,bid,CostlyCorianders,Kelvin Chan,14513910
2026-07-10T01:01:12.194841,2026-07-10T01:01:12.212548+00:00,113.8,39,bid,CostlyCorianders,DiligentDonuts,14513911
2026-07-10T01:01:12.458256,2026-07-10T01:01:12.469705+00:00,113.5,5,ask,Xinhong Shan,FlawlessFlatbreads,14513918
2026-07-10T01:01:12.458256,2026-07-10T01:01:12.474966+00:00,113.4,2,ask,Kelvin Chan,FlawlessFlatbreads,14513919
2026-07-10T01:01:12.458256,2026-07-10T01:01:12.474966+00:00,113.3,40,ask,Andy Garg,FlawlessFlatbreads,14513920
2026-07-10T01:01:12.458256,2026-07-10T01:01:12.474966+00:00,113.3,3,ask,DiligentDonuts,FlawlessFlatbreads,14513921
2026-07-10T01:01:13.763512,2026-07-10T01:01:13.774876+00:00,113.3,42,ask,DiligentDonuts,CostlyCorianders,14513944
2026-07-10T01:01:14.518909,2026-07-10T01:01:14.530405+00:00,113.7,4,bid,FlawlessFlatbreads,Kelvin Chan,14513959
2026-07-10T01:01:14.518909,2026-07-10T01:01:14.530405+00:00,113.7,40,bid,FlawlessFlatbreads,Andy Garg,14513960
2026-07-10T01:01:14.518909,2026-07-10T01:01:14.530405+00:00,113.7,5,bid,FlawlessFlatbreads,Xinhong Shan,14513961
2026-07-10T01:01:14.518909,2026-07-10T01:01:14.530405+00:00,113.8,1,bid,FlawlessFlatbreads,DiligentDonuts,14513962
2026-07-10T01:01:16.256074,2026-07-10T01:01:16.267710+00:00,113.5,48,bid,CostlyCorianders,EarnestEspressos,14513999
2026-07-10T01:01:16.630538,2026-07-10T01:01:16.642448+00:00,113.5,50,bid,FlawlessFlatbreads,EarnestEspressos,14514006
2026-07-10T01:01:16.842106,2026-07-10T01:01:16.849592+00:00,113.3,5,ask,Xinhong Shan,Andy Garg,14514014
2026-07-10T01:01:17.477132,2026-07-10T01:01:17.485940+00:00,113.2,40,ask,DiligentDonuts,CostlyCorianders,14514028
2026-07-10T01:01:17.977622,2026-07-10T01:01:17.985327+00:00,113.2,5,ask,Xinhong Shan,DiligentDonuts,14514038
2026-07-10T01:01:18.458708,2026-07-10T01:01:18.470399+00:00,113.2,95,bid,EarnestEspressos,DiligentDonuts,14514046
2026-07-10T01:01:18.458708,2026-07-10T01:01:18.470399+00:00,113.2,5,bid,EarnestEspressos,Xinhong Shan,14514047
2026-07-10T01:01:18.558528,2026-07-10T01:01:18.570075+00:00,113.5,40,bid,CostlyCorianders,Andy Garg,14514052
2026-07-10T01:01:18.558528,2026-07-10T01:01:18.570075+00:00,113.7,2,bid,CostlyCorianders,Kelvin Chan,14514053
2026-07-10T01:01:18.615992,2026-07-10T01:01:18.627085+00:00,113.2,49,ask,EarnestEspressos,CostlyCorianders,14514056
2026-07-10T01:01:18.791438,2026-07-10T01:01:18.799193+00:00,113.2,1,ask,EarnestEspressos,FlawlessFlatbreads,14514058
2026-07-10T01:01:18.791438,2026-07-10T01:01:18.804172+00:00,113.0,5,ask,Xinhong Shan,FlawlessFlatbreads,14514059
2026-07-10T01:01:18.791438,2026-07-10T01:01:18.804172+00:00,113.0,40,ask,Andy Garg,FlawlessFlatbreads,14514060
2026-07-10T01:01:18.791438,2026-07-10T01:01:18.804172+00:00,112.7,4,ask,DiligentDonuts,FlawlessFlatbreads,14514061
2026-07-10T01:01:20.918670,2026-07-10T01:01:20.927075+00:00,112.9,5,ask,Xinhong Shan,FlawlessFlatbreads,14514098
2026-07-10T01:01:20.918670,2026-07-10T01:01:20.932561+00:00,112.9,40,ask,Andy Garg,FlawlessFlatbreads,14514099
2026-07-10T01:01:20.918670,2026-07-10T01:01:20.932561+00:00,112.7,5,ask,DiligentDonuts,FlawlessFlatbreads,14514100
2026-07-10T01:01:22.539600,2026-07-10T01:01:22.551153+00:00,113.1,43,bid,CostlyCorianders,EarnestEspressos,14514130
2026-07-10T01:01:23.030968,2026-07-10T01:01:23.037947+00:00,113.0,50,ask,DiligentDonuts,FlawlessFlatbreads,14514137
2026-07-10T01:01:23.704441,2026-07-10T01:01:23.715570+00:00,113.0,42,ask,DiligentDonuts,CostlyCorianders,14514156
2026-07-10T01:01:24.838138,2026-07-10T01:01:24.847806+00:00,113.1,45,bid,CostlyCorianders,DiligentDonuts,14514171
2026-07-10T01:01:27.188998,2026-07-10T01:01:27.200391+00:00,113.1,50,bid,FlawlessFlatbreads,DiligentDonuts,14514220
2026-07-10T01:01:27.831641,2026-07-10T01:01:27.840497+00:00,113.0,5,ask,Xinhong Shan,CostlyCorianders,14514236
2026-07-10T01:01:27.831641,2026-07-10T01:01:27.845961+00:00,112.9,41,ask,DiligentDonuts,CostlyCorianders,14514237
2026-07-10T01:01:29.295181,2026-07-10T01:01:29.306703+00:00,113.1,5,bid,FlawlessFlatbreads,Xinhong Shan,14514263
2026-07-10T01:01:29.295181,2026-07-10T01:01:29.306703+00:00,113.2,45,bid,FlawlessFlatbreads,EarnestEspressos,14514264
2026-07-10T01:01:29.782526,2026-07-10T01:01:29.789753+00:00,113.2,41,bid,CostlyCorianders,EarnestEspressos,14514280
2026-07-10T01:01:30.261454,2026-07-10T01:01:30.272916+00:00,113.2,46,bid,CostlyCorianders,EarnestEspressos,14514291
2026-07-10T01:01:31.121739,2026-07-10T01:01:31.133114+00:00,113.2,5,bid,EarnestEspressos,Xinhong Shan,14514310
2026-07-10T01:01:31.134549,2026-07-10T01:01:31.143369+00:00,113.2,3,ask,EarnestEspressos,Xuanyu Liu,14514311
2026-07-10T01:01:33.507569,2026-07-10T01:01:33.519519+00:00,113.3,6,bid,FlawlessFlatbreads,Kelvin Chan,14514358
2026-07-10T01:01:33.507569,2026-07-10T01:01:33.519519+00:00,113.3,44,bid,FlawlessFlatbreads,DiligentDonuts,14514359
2026-07-10T01:01:35.619253,2026-07-10T01:01:35.630790+00:00,113.3,40,bid,FlawlessFlatbreads,Andy Garg,14514391
2026-07-10T01:01:35.619253,2026-07-10T01:01:35.630790+00:00,113.3,4,bid,FlawlessFlatbreads,Kelvin Chan,14514392
2026-07-10T01:01:35.619253,2026-07-10T01:01:35.630790+00:00,113.3,5,bid,FlawlessFlatbreads,Xinhong Shan,14514393
2026-07-10T01:01:35.619253,2026-07-10T01:01:35.636302+00:00,113.4,1,bid,FlawlessFlatbreads,DiligentDonuts,14514394
2026-07-10T01:01:37.390385,2026-07-10T01:01:37.402873+00:00,113.2,11,ask,EarnestEspressos,Xuanyu Liu,14514443
2026-07-10T01:01:37.790081,2026-07-10T01:01:37.796765+00:00,113.2,5,ask,Xinhong Shan,FlawlessFlatbreads,14514446
2026-07-10T01:01:37.790081,2026-07-10T01:01:37.802222+00:00,113.0,45,ask,EarnestEspressos,FlawlessFlatbreads,14514447
2026-07-10T01:01:38.888262,2026-07-10T01:01:38.896194+00:00,113.0,49,ask,EarnestEspressos,Lachy Miller,14514478
2026-07-10T01:01:39.847100,2026-07-10T01:01:39.855834+00:00,113.2,40,bid,FlawlessFlatbreads,Andy Garg,14514498
2026-07-10T01:01:39.847100,2026-07-10T01:01:39.855834+00:00,113.2,5,bid,FlawlessFlatbreads,Xinhong Shan,14514499
2026-07-10T01:01:39.847100,2026-07-10T01:01:39.855834+00:00,113.4,2,bid,FlawlessFlatbreads,Kelvin Chan,14514500
2026-07-10T01:01:39.847100,2026-07-10T01:01:39.855834+00:00,113.4,3,bid,FlawlessFlatbreads,DiligentDonuts,14514501
2026-07-10T01:01:44.063103,2026-07-10T01:01:44.074500+00:00,113.1,50,bid,FlawlessFlatbreads,EarnestEspressos,14514600
2026-07-10T01:01:45.260625,2026-07-10T01:01:45.272394+00:00,113.0,5,ask,Xinhong Shan,Xuanyu Liu,14514629
2026-07-10T01:01:48.325656,2026-07-10T01:01:48.336923+00:00,112.7,5,ask,Xinhong Shan,FlawlessFlatbreads,14514674
2026-07-10T01:01:48.325656,2026-07-10T01:01:48.336923+00:00,112.6,45,ask,EarnestEspressos,FlawlessFlatbreads,14514675
2026-07-10T01:01:48.538543,2026-07-10T01:01:48.548951+00:00,112.6,42,ask,EarnestEspressos,CostlyCorianders,14514681
2026-07-10T01:01:50.168819,2026-07-10T01:01:50.184371+00:00,112.5,5,bid,Xinhong Shan,EarnestEspressos,14514707
2026-07-10T01:01:50.176070,2026-07-10T01:01:50.184371+00:00,112.5,16,bid,Xuanyu Liu,EarnestEspressos,14514708
2026-07-10T01:01:50.383410,2026-07-10T01:01:50.391101+00:00,112.5,50,bid,FlawlessFlatbreads,EarnestEspressos,14514715
2026-07-10T01:01:51.817933,2026-07-10T01:01:51.826945+00:00,112.5,3,bid,Xuanyu Liu,EarnestEspressos,14514740
2026-07-10T01:01:52.489444,2026-07-10T01:01:52.500897+00:00,112.5,50,bid,FlawlessFlatbreads,EarnestEspressos,14514757
2026-07-10T01:01:53.276023,2026-07-10T01:01:53.287572+00:00,112.5,5,bid,EarnestEspressos,Xinhong Shan,14514766
2026-07-10T01:01:54.598776,2026-07-10T01:01:54.606108+00:00,112.9,50,bid,FlawlessFlatbreads,DiligentDonuts,14514787
2026-07-10T01:01:55.608437,2026-07-10T01:01:55.616718+00:00,112.7,1,ask,Kelvin Chan,Xuanyu Liu,14514806
2026-07-10T01:01:56.453477,2026-07-10T01:01:56.457835+00:00,112.6,5,ask,Xinhong Shan,CostlyCorianders,14514824
2026-07-10T01:01:56.453477,2026-07-10T01:01:56.468914+00:00,112.6,43,ask,EarnestEspressos,CostlyCorianders,14514825
2026-07-10T01:01:56.745806,2026-07-10T01:01:56.755056+00:00,112.6,2,ask,EarnestEspressos,Xuanyu Liu,14514833
2026-07-10T01:01:56.757390,2026-07-10T01:01:56.770338+00:00,112.6,50,ask,EarnestEspressos,FlawlessFlatbreads,14514835
2026-07-10T01:01:58.465996,2026-07-10T01:01:58.475340+00:00,112.9,35,bid,CostlyCorianders,Andy Garg,14514876
2026-07-10T01:01:58.465996,2026-07-10T01:01:58.475340+00:00,112.9,5,bid,CostlyCorianders,Xinhong Shan,14514877
2026-07-10T01:01:58.465996,2026-07-10T01:01:58.480739+00:00,113.0,5,bid,CostlyCorianders,DiligentDonuts,14514878
2026-07-10T01:01:58.880357,2026-07-10T01:01:58.891797+00:00,112.6,50,ask,EarnestEspressos,FlawlessFlatbreads,14514885
2026-07-10T01:01:59.565082,2026-07-10T01:01:59.575370+00:00,112.6,40,ask,Andy Garg,CostlyCorianders,14514899
2026-07-10T01:01:59.565082,2026-07-10T01:01:59.575370+00:00,112.6,4,ask,Xinhong Shan,CostlyCorianders,14514900
2026-07-10T01:01:59.669699,2026-07-10T01:01:59.679747+00:00,112.6,1,ask,Xinhong Shan,EarnestEspressos,14514904
2026-07-10T01:01:59.691054,2026-07-10T01:01:59.704053+00:00,112.5,3,bid,Xuanyu Liu,EarnestEspressos,14514907
2026-07-10T01:02:00.637705,2026-07-10T01:02:00.645752+00:00,112.5,45,bid,CostlyCorianders,EarnestEspressos,14514933
2026-07-10T01:02:00.935873,2026-07-10T01:02:00.947331+00:00,112.5,50,bid,FlawlessFlatbreads,EarnestEspressos,14514938
2026-07-10T01:02:02.222876,2026-07-10T01:02:02.234683+00:00,112.5,51,bid,DiligentDonuts,EarnestEspressos,14514959
2026-07-10T01:02:02.222876,2026-07-10T01:02:02.234683+00:00,112.5,5,bid,DiligentDonuts,Xinhong Shan,14514960
2026-07-10T01:02:02.372557,2026-07-10T01:02:02.384205+00:00,112.5,44,ask,DiligentDonuts,CostlyCorianders,14514962
2026-07-10T01:02:02.372557,2026-07-10T01:02:02.384205+00:00,112.4,3,ask,Andy Garg,CostlyCorianders,14514963
2026-07-10T01:02:03.094227,2026-07-10T01:02:03.105658+00:00,112.6,50,ask,EarnestEspressos,FlawlessFlatbreads,14514977
2026-07-10T01:02:03.536561,2026-07-10T01:02:03.542849+00:00,113.0,40,bid,CostlyCorianders,Andy Garg,14514984
2026-07-10T01:02:03.536561,2026-07-10T01:02:03.542849+00:00,113.0,5,bid,CostlyCorianders,DiligentDonuts,14514985
2026-07-10T01:02:05.150382,2026-07-10T01:02:05.156646+00:00,112.9,2,bid,FlawlessFlatbreads,Kelvin Chan,14515008
2026-07-10T01:02:05.150382,2026-07-10T01:02:05.156646+00:00,113.0,48,bid,FlawlessFlatbreads,DiligentDonuts,14515009
2026-07-10T01:02:07.260589,2026-07-10T01:02:07.272196+00:00,112.9,50,bid,FlawlessFlatbreads,DiligentDonuts,14515038
2026-07-10T01:02:09.373620,2026-07-10T01:02:09.385736+00:00,112.9,5,bid,FlawlessFlatbreads,Xinhong Shan,14515093
2026-07-10T01:02:09.373620,2026-07-10T01:02:09.385736+00:00,112.9,45,bid,FlawlessFlatbreads,EarnestEspressos,14515094
2026-07-10T01:02:10.086249,2026-07-10T01:02:10.097007+00:00,112.6,2,ask,Kelvin Chan,Xuanyu Liu,14515113
2026-07-10T01:02:10.086249,2026-07-10T01:02:10.097007+00:00,112.6,1,ask,DiligentDonuts,Xuanyu Liu,14515114
2026-07-10T01:02:11.349683,2026-07-10T01:02:11.360989+00:00,112.6,45,ask,DiligentDonuts,CostlyCorianders,14515138
2026-07-10T01:02:11.483028,2026-07-10T01:02:11.492228+00:00,112.9,50,bid,FlawlessFlatbreads,EarnestEspressos,14515142
2026-07-10T01:02:11.852994,2026-07-10T01:02:11.851222+00:00,112.8,41,bid,CostlyCorianders,DiligentDonuts,14515156
2026-07-10T01:02:12.318621,2026-07-10T01:02:12.328241+00:00,112.7,11,ask,EarnestEspressos,Xuanyu Liu,14515164
2026-07-10T01:02:12.456278,2026-07-10T01:02:12.467689+00:00,112.7,46,ask,EarnestEspressos,CostlyCorianders,14515168
2026-07-10T01:02:13.093706,2026-07-10T01:02:13.105074+00:00,112.8,49,bid,CostlyCorianders,DiligentDonuts,14515176
2026-07-10T01:02:13.669110,2026-07-10T01:02:13.680094+00:00,112.7,50,ask,EarnestEspressos,FlawlessFlatbreads,14515187
2026-07-10T01:02:14.892721,2026-07-10T01:02:14.900723+00:00,112.8,5,bid,DiligentDonuts,Xinhong Shan,14515209
2026-07-10T01:02:15.725502,2026-07-10T01:02:15.737005+00:00,113.0,50,bid,FlawlessFlatbreads,EarnestEspressos,14515223
2026-07-10T01:02:17.851860,2026-07-10T01:02:17.853236+00:00,112.9,5,bid,FlawlessFlatbreads,Xinhong Shan,14515260
2026-07-10T01:02:17.851860,2026-07-10T01:02:17.863798+00:00,113.0,45,bid,FlawlessFlatbreads,EarnestEspressos,14515261
2026-07-10T01:02:18.070899,2026-07-10T01:02:18.078932+00:00,112.9,12,ask,DiligentDonuts,Xuanyu Liu,14515272
2026-07-10T01:02:18.310426,2026-07-10T01:02:18.319740+00:00,113.0,43,bid,CostlyCorianders,EarnestEspressos,14515278
2026-07-10T01:02:18.648180,2026-07-10T01:02:18.652370+00:00,113.0,5,bid,EarnestEspressos,Xinhong Shan,14515285
2026-07-10T01:02:18.828565,2026-07-10T01:02:18.836629+00:00,113.1,1,ask,EarnestEspressos,Kelvin Chan,14515289
2026-07-10T01:02:19.032823,2026-07-10T01:02:19.042263+00:00,113.1,2,ask,EarnestEspressos,Kelvin Chan,14515293
2026-07-10T01:02:19.538504,2026-07-10T01:02:19.549688+00:00,113.1,1,ask,EarnestEspressos,Kelvin Chan,14515305
2026-07-10T01:02:19.721686,2026-07-10T01:02:19.730824+00:00,113.1,1,ask,EarnestEspressos,Kelvin Chan,14515307
2026-07-10T01:02:20.011444,2026-07-10T01:02:20.021672+00:00,113.1,50,ask,EarnestEspressos,FlawlessFlatbreads,14515318
2026-07-10T01:02:20.243118,2026-07-10T01:02:20.254582+00:00,113.1,43,ask,EarnestEspressos,CostlyCorianders,14515325
2026-07-10T01:02:20.542347,2026-07-10T01:02:20.550020+00:00,113.1,1,ask,EarnestEspressos,Kelvin Chan,14515328
2026-07-10T01:02:20.576924,2026-07-10T01:02:20.584865+00:00,113.1,1,ask,EarnestEspressos,Kelvin Chan,14515331
2026-07-10T01:02:20.834493,2026-07-10T01:02:20.858832+00:00,113.1,42,ask,EarnestEspressos,CostlyCorianders,14515340
2026-07-10T01:02:21.866472,2026-07-10T01:02:21.874115+00:00,113.1,5,ask,Xinhong Shan,EarnestEspressos,14515359
2026-07-10T01:02:21.965133,2026-07-10T01:02:21.972839+00:00,113.1,49,bid,CostlyCorianders,EarnestEspressos,14515362
2026-07-10T01:02:22.975383,2026-07-10T01:02:22.987081+00:00,112.9,41,ask,DiligentDonuts,CostlyCorianders,14515375
2026-07-10T01:02:24.172793,2026-07-10T01:02:24.184290+00:00,113.1,50,bid,FlawlessFlatbreads,EarnestEspressos,14515395
2026-07-10T01:02:24.619408,2026-07-10T01:02:24.628534+00:00,113.1,26,bid,Xuanyu Liu,EarnestEspressos,14515404
2026-07-10T01:02:24.977329,2026-07-10T01:02:24.985888+00:00,113.1,5,bid,EarnestEspressos,Xinhong Shan,14515406
2026-07-10T01:02:24.977329,2026-07-10T01:02:24.985888+00:00,113.4,100,bid,EarnestEspressos,DiligentDonuts,14515407
2026-07-10T01:02:24.992325,2026-07-10T01:02:25.001472+00:00,113.4,14,ask,EarnestEspressos,Xuanyu Liu,14515408
2026-07-10T01:02:25.568486,2026-07-10T01:02:25.580198+00:00,113.4,31,ask,EarnestEspressos,CostlyCorianders,14515424
2026-07-10T01:02:25.568486,2026-07-10T01:02:25.580198+00:00,113.4,5,ask,Xinhong Shan,CostlyCorianders,14515425
2026-07-10T01:02:26.311195,2026-07-10T01:02:26.322830+00:00,113.9,50,bid,FlawlessFlatbreads,EarnestEspressos,14515439
2026-07-10T01:02:26.703041,2026-07-10T01:02:26.714506+00:00,113.9,14,bid,Andy Garg,EarnestEspressos,14515452
2026-07-10T01:02:26.712040,2026-07-10T01:02:26.719723+00:00,113.9,47,bid,CostlyCorianders,EarnestEspressos,14515453
2026-07-10T01:02:28.559640,2026-07-10T01:02:28.570007+00:00,113.3,23,ask,DiligentDonuts,Xuanyu Liu,14515490
2026-07-10T01:02:30.528741,2026-07-10T01:02:30.536858+00:00,113.6,17,bid,FlawlessFlatbreads,Andy Garg,14515528
2026-07-10T01:02:30.528741,2026-07-10T01:02:30.536858+00:00,113.6,5,bid,FlawlessFlatbreads,Xinhong Shan,14515529
2026-07-10T01:02:30.528741,2026-07-10T01:02:30.542068+00:00,113.7,28,bid,FlawlessFlatbreads,EarnestEspressos,14515530
2026-07-10T01:02:34.746222,2026-07-10T01:02:34.758546+00:00,113.7,50,bid,FlawlessFlatbreads,DiligentDonuts,14515616
2026-07-10T01:02:36.853641,2026-07-10T01:02:36.865203+00:00,113.5,1,bid,FlawlessFlatbreads,Kelvin Chan,14515643
2026-07-10T01:02:36.853641,2026-07-10T01:02:36.865203+00:00,113.5,5,bid,FlawlessFlatbreads,Xinhong Shan,14515644
2026-07-10T01:02:36.853641,2026-07-10T01:02:36.865203+00:00,113.7,44,bid,FlawlessFlatbreads,DiligentDonuts,14515645
2026-07-10T01:02:39.015965,2026-07-10T01:02:39.025393+00:00,113.5,50,ask,DiligentDonuts,FlawlessFlatbreads,14515693
2026-07-10T01:02:39.426169,2026-07-10T01:02:39.435521+00:00,113.5,12,ask,DiligentDonuts,Xuanyu Liu,14515706
2026-07-10T01:02:39.504204,2026-07-10T01:02:39.514819+00:00,113.5,38,ask,DiligentDonuts,CostlyCorianders,14515709
2026-07-10T01:02:39.504204,2026-07-10T01:02:39.514819+00:00,113.5,2,ask,Xinhong Shan,CostlyCorianders,14515710
2026-07-10T01:02:41.121560,2026-07-10T01:02:41.133075+00:00,113.5,5,ask,Xinhong Shan,FlawlessFlatbreads,14515733
2026-07-10T01:02:41.121560,2026-07-10T01:02:41.133075+00:00,113.3,45,ask,EarnestEspressos,FlawlessFlatbreads,14515734
2026-07-10T01:02:43.178143,2026-07-10T01:02:43.189613+00:00,113.6,50,bid,FlawlessFlatbreads,DiligentDonuts,14515777
2026-07-10T01:02:43.254488,2026-07-10T01:02:43.264140+00:00,113.3,41,ask,EarnestEspressos,CostlyCorianders,14515779
2026-07-10T01:02:44.015141,2026-07-10T01:02:44.024220+00:00,113.3,5,ask,Xinhong Shan,EarnestEspressos,14515796
2026-07-10T01:02:44.289214,2026-07-10T01:02:44.298300+00:00,113.3,23,bid,Xuanyu Liu,EarnestEspressos,14515800
2026-07-10T01:02:45.286486,2026-07-10T01:02:45.298047+00:00,113.3,50,bid,FlawlessFlatbreads,EarnestEspressos,14515820
2026-07-10T01:02:46.912549,2026-07-10T01:02:46.924673+00:00,113.2,11,ask,DiligentDonuts,Xuanyu Liu,14515847
2026-07-10T01:02:47.394935,2026-07-10T01:02:47.406554+00:00,113.3,5,bid,FlawlessFlatbreads,Xinhong Shan,14515855
2026-07-10T01:02:47.394935,2026-07-10T01:02:47.406554+00:00,113.4,45,bid,FlawlessFlatbreads,EarnestEspressos,14515856
2026-07-10T01:02:48.897487,2026-07-10T01:02:48.905968+00:00,113.3,1,ask,Kelvin Chan,Xuanyu Liu,14515894
2026-07-10T01:02:49.104518,2026-07-10T01:02:49.113408+00:00,113.4,42,bid,CostlyCorianders,EarnestEspressos,14515898
2026-07-10T01:02:49.504537,2026-07-10T01:02:49.516239+00:00,113.4,50,bid,FlawlessFlatbreads,EarnestEspressos,14515911
2026-07-10T01:02:49.532940,2026-07-10T01:02:49.543593+00:00,113.2,11,ask,DiligentDonuts,Xuanyu Liu,14515915
2026-07-10T01:02:50.221036,2026-07-10T01:02:50.232561+00:00,113.4,13,bid,CostlyCorianders,EarnestEspressos,14515928
2026-07-10T01:02:50.221036,2026-07-10T01:02:50.232561+00:00,113.4,27,bid,CostlyCorianders,DiligentDonuts,14515929
2026-07-10T01:02:50.317002,2026-07-10T01:02:50.341126+00:00,113.4,73,bid,EarnestEspressos,DiligentDonuts,14515933
2026-07-10T01:02:50.317002,2026-07-10T01:02:50.341126+00:00,113.4,5,bid,EarnestEspressos,Xinhong Shan,14515934
2026-07-10T01:02:50.332228,2026-07-10T01:02:50.341126+00:00,113.5,34,ask,EarnestEspressos,Xuanyu Liu,14515935
2026-07-10T01:02:51.261924,2026-07-10T01:02:51.273329+00:00,113.5,38,ask,EarnestEspressos,CostlyCorianders,14515949
2026-07-10T01:02:51.261924,2026-07-10T01:02:51.273329+00:00,113.5,5,ask,Xinhong Shan,CostlyCorianders,14515950
2026-07-10T01:02:53.239621,2026-07-10T01:02:53.247665+00:00,113.4,45,ask,DiligentDonuts,CostlyCorianders,14515979
2026-07-10T01:02:53.550892,2026-07-10T01:02:53.561681+00:00,113.5,23,bid,Xuanyu Liu,EarnestEspressos,14515989
2026-07-10T01:02:53.718312,2026-07-10T01:02:53.729674+00:00,113.5,50,bid,FlawlessFlatbreads,EarnestEspressos,14515994
2026-07-10T01:02:53.802317,2026-07-10T01:02:53.813970+00:00,113.5,44,bid,CostlyCorianders,EarnestEspressos,14515995
2026-07-10T01:02:54.370545,2026-07-10T01:02:54.382309+00:00,113.5,33,bid,CostlyCorianders,EarnestEspressos,14516003
2026-07-10T01:02:54.370545,2026-07-10T01:02:54.382309+00:00,113.5,5,bid,CostlyCorianders,Xinhong Shan,14516004
2026-07-10T01:02:54.370545,2026-07-10T01:02:54.382309+00:00,113.9,5,bid,CostlyCorianders,DiligentDonuts,14516005
2026-07-10T01:02:55.879557,2026-07-10T01:02:55.890026+00:00,113.4,50,ask,DiligentDonuts,FlawlessFlatbreads,14516026
2026-07-10T01:02:56.396555,2026-07-10T01:02:56.408193+00:00,113.4,5,ask,Xinhong Shan,CostlyCorianders,14516031
2026-07-10T01:02:56.396555,2026-07-10T01:02:56.408193+00:00,113.2,41,ask,DiligentDonuts,CostlyCorianders,14516032
2026-07-10T01:02:56.651591,2026-07-10T01:02:56.663750+00:00,113.6,28,bid,EarnestEspressos,Kelvin Chan,14516038
2026-07-10T01:02:56.651591,2026-07-10T01:02:56.663750+00:00,113.6,5,bid,EarnestEspressos,Xinhong Shan,14516039
2026-07-10T01:02:56.651591,2026-07-10T01:02:56.663750+00:00,113.7,100,bid,EarnestEspressos,DiligentDonuts,14516040
2026-07-10T01:02:56.718091,2026-07-10T01:02:56.727352+00:00,113.8,5,ask,EarnestEspressos,Xuanyu Liu,14516041
2026-07-10T01:02:56.728395,2026-07-10T01:02:56.736755+00:00,113.8,6,ask,EarnestEspressos,Xuanyu Liu,14516043
2026-07-10T01:02:56.902647,2026-07-10T01:02:56.909950+00:00,113.8,6,ask,EarnestEspressos,Kelvin Chan,14516046
2026-07-10T01:02:57.476531,2026-07-10T01:02:57.486282+00:00,113.7,25,bid,CostlyCorianders,Kelvin Chan,14516058
2026-07-10T01:03:00.014694,2026-07-10T01:03:00.028104+00:00,113.4,44,ask,DiligentDonuts,CostlyCorianders,14516100
2026-07-10T01:03:00.049528,2026-07-10T01:03:00.060856+00:00,113.7,50,bid,FlawlessFlatbreads,EarnestEspressos,14516101
2026-07-10T01:03:01.042078,2026-07-10T01:03:01.050045+00:00,113.7,41,bid,CostlyCorianders,EarnestEspressos,14516123
2026-07-10T01:03:01.359467,2026-07-10T01:03:01.368576+00:00,113.7,11,bid,Xuanyu Liu,EarnestEspressos,14516129
2026-07-10T01:03:02.158119,2026-07-10T01:03:02.170018+00:00,113.7,48,bid,FlawlessFlatbreads,EarnestEspressos,14516138
2026-07-10T01:03:02.158119,2026-07-10T01:03:02.170018+00:00,113.7,2,bid,FlawlessFlatbreads,Kelvin Chan,14516139
2026-07-10T01:03:02.976030,2026-07-10T01:03:02.983216+00:00,113.7,1,bid,EarnestEspressos,Kelvin Chan,14516155
2026-07-10T01:03:02.976030,2026-07-10T01:03:02.988388+00:00,113.7,5,bid,EarnestEspressos,Xinhong Shan,14516156
2026-07-10T01:03:02.976030,2026-07-10T01:03:02.988388+00:00,114.0,100,bid,EarnestEspressos,DiligentDonuts,14516157
2026-07-10T01:03:03.035441,2026-07-10T01:03:03.061081+00:00,114.0,3,ask,EarnestEspressos,Kelvin Chan,14516158
2026-07-10T01:03:03.042214,2026-07-10T01:03:03.061081+00:00,114.0,23,ask,EarnestEspressos,Xuanyu Liu,14516159
2026-07-10T01:03:03.117491,2026-07-10T01:03:03.127722+00:00,114.0,2,ask,EarnestEspressos,Kelvin Chan,14516164
2026-07-10T01:03:03.258813,2026-07-10T01:03:03.270295+00:00,114.0,2,ask,EarnestEspressos,Kelvin Chan,14516168
2026-07-10T01:03:03.570240,2026-07-10T01:03:03.581775+00:00,114.0,14,ask,EarnestEspressos,CostlyCorianders,14516175
2026-07-10T01:03:03.570240,2026-07-10T01:03:03.581775+00:00,114.0,5,ask,Xinhong Shan,CostlyCorianders,14516176
2026-07-10T01:03:03.570240,2026-07-10T01:03:03.581775+00:00,113.5,25,ask,DiligentDonuts,CostlyCorianders,14516177
2026-07-10T01:03:04.270942,2026-07-10T01:03:04.279259+00:00,114.5,50,bid,FlawlessFlatbreads,EarnestEspressos,14516191
2026-07-10T01:03:06.277081,2026-07-10T01:03:06.288501+00:00,113.9,47,bid,CostlyCorianders,EarnestEspressos,14516233
2026-07-10T01:03:07.272670,2026-07-10T01:03:07.279451+00:00,113.8,49,ask,DiligentDonuts,CostlyCorianders,14516255
2026-07-10T01:03:07.817470,2026-07-10T01:03:07.829149+00:00,113.9,40,bid,CostlyCorianders,EarnestEspressos,14516266
2026-07-10T01:03:08.491409,2026-07-10T01:03:08.502040+00:00,113.9,50,bid,FlawlessFlatbreads,EarnestEspressos,14516281
2026-07-10T01:03:09.309894,2026-07-10T01:03:09.319371+00:00,113.9,5,bid,EarnestEspressos,Xinhong Shan,14516291
2026-07-10T01:03:09.309894,2026-07-10T01:03:09.319371+00:00,114.1,100,bid,EarnestEspressos,DiligentDonuts,14516292
2026-07-10T01:03:09.368654,2026-07-10T01:03:09.378615+00:00,114.1,2,ask,EarnestEspressos,Kelvin Chan,14516293
2026-07-10T01:03:09.389965,2026-07-10T01:03:09.402193+00:00,114.1,11,ask,EarnestEspressos,Xuanyu Liu,14516294
2026-07-10T01:03:09.432074,2026-07-10T01:03:09.441626+00:00,114.1,2,ask,EarnestEspressos,Kelvin Chan,14516298
2026-07-10T01:03:10.599046,2026-07-10T01:03:10.608461+00:00,114.6,50,bid,FlawlessFlatbreads,EarnestEspressos,14516315
2026-07-10T01:03:12.741502,2026-07-10T01:03:12.759118+00:00,114.1,5,ask,Xinhong Shan,Xuanyu Liu,14516351
2026-07-10T01:03:17.005736,2026-07-10T01:03:17.016639+00:00,113.9,5,ask,Xinhong Shan,FlawlessFlatbreads,14516444
2026-07-10T01:03:17.005736,2026-07-10T01:03:17.016639+00:00,113.8,1,ask,Kelvin Chan,FlawlessFlatbreads,14516445
2026-07-10T01:03:17.005736,2026-07-10T01:03:17.016639+00:00,113.7,44,ask,DiligentDonuts,FlawlessFlatbreads,14516446
2026-07-10T01:03:19.114488,2026-07-10T01:03:19.122041+00:00,113.8,5,ask,Kelvin Chan,FlawlessFlatbreads,14516489
2026-07-10T01:03:19.114488,2026-07-10T01:03:19.127244+00:00,113.8,45,ask,EarnestEspressos,FlawlessFlatbreads,14516490
2026-07-10T01:03:21.092447,2026-07-10T01:03:21.103799+00:00,113.8,43,ask,EarnestEspressos,CostlyCorianders,14516525
2026-07-10T01:03:21.255468,2026-07-10T01:03:21.269079+00:00,113.8,50,ask,EarnestEspressos,FlawlessFlatbreads,14516535
2026-07-10T01:03:22.051241,2026-07-10T01:03:22.057829+00:00,113.8,5,ask,Kelvin Chan,EarnestEspressos,14516554
2026-07-10T01:03:22.051241,2026-07-10T01:03:22.057829+00:00,113.8,5,ask,Xinhong Shan,EarnestEspressos,14516555
2026-07-10T01:03:22.051241,2026-07-10T01:03:22.057829+00:00,113.6,100,ask,DiligentDonuts,EarnestEspressos,14516556
2026-07-10T01:03:22.070106,2026-07-10T01:03:22.081831+00:00,113.6,28,bid,Xuanyu Liu,EarnestEspressos,14516557
2026-07-10T01:03:23.650906,2026-07-10T01:03:23.668674+00:00,113.6,12,bid,CostlyCorianders,EarnestEspressos,14516593
2026-07-10T01:03:23.650906,2026-07-10T01:03:23.668674+00:00,113.6,5,bid,CostlyCorianders,Xinhong Shan,14516594
2026-07-10T01:03:23.650906,2026-07-10T01:03:23.668674+00:00,114.1,27,bid,CostlyCorianders,DiligentDonuts,14516595
2026-07-10T01:03:24.859266,2026-07-10T01:03:24.869115+00:00,113.9,41,bid,CostlyCorianders,DiligentDonuts,14516626
2026-07-10T01:03:25.467915,2026-07-10T01:03:25.479381+00:00,113.8,50,ask,EarnestEspressos,FlawlessFlatbreads,14516633
2026-07-10T01:03:26.308352,2026-07-10T01:03:26.317729+00:00,113.8,12,ask,EarnestEspressos,Xuanyu Liu,14516651
2026-07-10T01:03:27.573721,2026-07-10T01:03:27.580783+00:00,113.8,50,ask,EarnestEspressos,FlawlessFlatbreads,14516684
2026-07-10T01:03:27.593614,2026-07-10T01:03:27.602436+00:00,113.8,11,ask,EarnestEspressos,Xuanyu Liu,14516687
2026-07-10T01:03:27.749282,2026-07-10T01:03:27.756780+00:00,113.8,27,ask,EarnestEspressos,DiligentDonuts,14516692
2026-07-10T01:03:27.749282,2026-07-10T01:03:27.756780+00:00,113.8,2,ask,Kelvin Chan,DiligentDonuts,14516693
2026-07-10T01:03:27.749282,2026-07-10T01:03:27.756780+00:00,113.8,5,ask,Xinhong Shan,DiligentDonuts,14516694
2026-07-10T01:03:28.415933,2026-07-10T01:03:28.424583+00:00,113.4,23,bid,Xuanyu Liu,EarnestEspressos,14516707
2026-07-10T01:03:28.853193,2026-07-10T01:03:28.861367+00:00,113.4,1,bid,Xuanyu Liu,EarnestEspressos,14516718
2026-07-10T01:03:28.984159,2026-07-10T01:03:28.995396+00:00,113.3,42,ask,DiligentDonuts,CostlyCorianders,14516725
2026-07-10T01:03:29.703904,2026-07-10T01:03:29.719290+00:00,113.3,50,ask,DiligentDonuts,FlawlessFlatbreads,14516741
2026-07-10T01:03:29.704153,2026-07-10T01:03:29.719290+00:00,113.4,10,bid,Xuanyu Liu,EarnestEspressos,14516742
2026-07-10T01:03:31.328409,2026-07-10T01:03:31.340109+00:00,113.3,5,ask,Xinhong Shan,CostlyCorianders,14516771
2026-07-10T01:03:31.328409,2026-07-10T01:03:31.340109+00:00,113.2,35,ask,DiligentDonuts,CostlyCorianders,14516772
2026-07-10T01:03:31.812855,2026-07-10T01:03:31.820104+00:00,113.2,50,ask,DiligentDonuts,FlawlessFlatbreads,14516794
2026-07-10T01:03:32.809462,2026-07-10T01:03:32.821204+00:00,113.4,5,bid,CostlyCorianders,Xinhong Shan,14516811
2026-07-10T01:03:32.809462,2026-07-10T01:03:32.821204+00:00,113.6,37,bid,CostlyCorianders,EarnestEspressos,14516812
2026-07-10T01:03:33.926001,2026-07-10T01:03:33.937897+00:00,113.2,15,ask,DiligentDonuts,FlawlessFlatbreads,14516833
2026-07-10T01:03:33.926001,2026-07-10T01:03:33.937897+00:00,113.2,5,ask,Xinhong Shan,FlawlessFlatbreads,14516834
2026-07-10T01:03:33.926001,2026-07-10T01:03:33.937897+00:00,113.1,30,ask,EarnestEspressos,FlawlessFlatbreads,14516835
2026-07-10T01:03:35.074067,2026-07-10T01:03:35.085610+00:00,113.3,47,ask,EarnestEspressos,CostlyCorianders,14516859
2026-07-10T01:03:35.471680,2026-07-10T01:03:35.480088+00:00,113.5,11,bid,Xuanyu Liu,DiligentDonuts,14516866
2026-07-10T01:03:36.047546,2026-07-10T01:03:36.058576+00:00,113.3,50,ask,EarnestEspressos,FlawlessFlatbreads,14516885
2026-07-10T01:03:36.200534,2026-07-10T01:03:36.209758+00:00,113.5,47,bid,CostlyCorianders,DiligentDonuts,14516888
2026-07-10T01:03:37.685620,2026-07-10T01:03:37.694101+00:00,113.3,49,ask,EarnestEspressos,CostlyCorianders,14516913
2026-07-10T01:03:37.893287,2026-07-10T01:03:37.914371+00:00,113.3,5,ask,Xinhong Shan,EarnestEspressos,14516914
2026-07-10T01:03:37.893287,2026-07-10T01:03:37.914371+00:00,113.2,100,ask,DiligentDonuts,EarnestEspressos,14516915
2026-07-10T01:03:37.905957,2026-07-10T01:03:37.914371+00:00,113.1,23,bid,Xuanyu Liu,EarnestEspressos,14516916
2026-07-10T01:03:38.100653,2026-07-10T01:03:38.109551+00:00,113.1,12,bid,Xuanyu Liu,EarnestEspressos,14516918
2026-07-10T01:03:38.178232,2026-07-10T01:03:38.186359+00:00,112.7,40,ask,Andy Garg,FlawlessFlatbreads,14516921
2026-07-10T01:03:38.178232,2026-07-10T01:03:38.186359+00:00,112.6,10,ask,EarnestEspressos,FlawlessFlatbreads,14516922
2026-07-10T01:03:39.251753,2026-07-10T01:03:39.263786+00:00,113.1,10,bid,CostlyCorianders,EarnestEspressos,14516939
2026-07-10T01:03:39.251753,2026-07-10T01:03:39.263786+00:00,113.1,5,bid,CostlyCorianders,Xinhong Shan,14516940
2026-07-10T01:03:39.251753,2026-07-10T01:03:39.268835+00:00,113.4,31,bid,CostlyCorianders,Andy Garg,14516941
2026-07-10T01:03:40.193513,2026-07-10T01:03:40.205455+00:00,113.4,4,ask,Kelvin Chan,Xuanyu Liu,14516961
2026-07-10T01:03:41.126393,2026-07-10T01:03:41.137695+00:00,113.3,4,bid,Kelvin Chan,DiligentDonuts,14516975
2026-07-10T01:03:41.212937,2026-07-10T01:03:41.219420+00:00,113.3,4,bid,Kelvin Chan,DiligentDonuts,14516978
2026-07-10T01:03:41.718429,2026-07-10T01:03:41.730130+00:00,113.3,4,bid,Kelvin Chan,DiligentDonuts,14516988
2026-07-10T01:03:42.120765,2026-07-10T01:03:42.130855+00:00,113.3,4,bid,Kelvin Chan,DiligentDonuts,14516996
2026-07-10T01:03:42.188945,2026-07-10T01:03:42.197099+00:00,113.3,4,bid,Kelvin Chan,DiligentDonuts,14516997
2026-07-10T01:03:42.341586,2026-07-10T01:03:42.353227+00:00,113.3,50,bid,FlawlessFlatbreads,DiligentDonuts,14517000
2026-07-10T01:03:42.473861,2026-07-10T01:03:42.481082+00:00,113.2,41,ask,EarnestEspressos,CostlyCorianders,14517001
2026-07-10T01:03:43.733906,2026-07-10T01:03:43.744946+00:00,113.3,4,bid,Kelvin Chan,Xinhong Shan,14517012
2026-07-10T01:03:44.225775,2026-07-10T01:03:44.234197+00:00,113.3,1,bid,Kelvin Chan,Xinhong Shan,14517023
2026-07-10T01:03:44.517471,2026-07-10T01:03:44.524250+00:00,113.3,2,ask,Kelvin Chan,FlawlessFlatbreads,14517028
2026-07-10T01:03:44.517471,2026-07-10T01:03:44.529508+00:00,113.2,5,ask,Xinhong Shan,FlawlessFlatbreads,14517029
2026-07-10T01:03:44.517471,2026-07-10T01:03:44.529508+00:00,113.2,43,ask,EarnestEspressos,FlawlessFlatbreads,14517030
2026-07-10T01:03:44.571946,2026-07-10T01:03:44.579234+00:00,113.6,2,bid,CostlyCorianders,Kelvin Chan,14517033
2026-07-10T01:03:44.571946,2026-07-10T01:03:44.584527+00:00,113.6,9,bid,CostlyCorianders,Andy Garg,14517034
2026-07-10T01:03:44.571946,2026-07-10T01:03:44.584527+00:00,113.6,37,bid,CostlyCorianders,DiligentDonuts,14517035
2026-07-10T01:03:46.629411,2026-07-10T01:03:46.638582+00:00,113.3,2,ask,Kelvin Chan,FlawlessFlatbreads,14517074
2026-07-10T01:03:46.629411,2026-07-10T01:03:46.638582+00:00,113.3,5,ask,Xinhong Shan,FlawlessFlatbreads,14517075
2026-07-10T01:03:46.629411,2026-07-10T01:03:46.643923+00:00,113.2,43,ask,EarnestEspressos,FlawlessFlatbreads,14517076
2026-07-10T01:03:47.263081,2026-07-10T01:03:47.269901+00:00,113.6,2,bid,CostlyCorianders,Kelvin Chan,14517094
2026-07-10T01:03:47.263081,2026-07-10T01:03:47.275363+00:00,113.6,5,bid,CostlyCorianders,Xinhong Shan,14517095
2026-07-10T01:03:47.263081,2026-07-10T01:03:47.275363+00:00,113.7,37,bid,CostlyCorianders,EarnestEspressos,14517096
2026-07-10T01:03:48.181745,2026-07-10T01:03:48.190398+00:00,113.3,8,ask,DiligentDonuts,Xuanyu Liu,14517114
2026-07-10T01:03:48.738556,2026-07-10T01:03:48.746157+00:00,113.3,50,ask,DiligentDonuts,FlawlessFlatbreads,14517127
2026-07-10T01:03:49.930838,2026-07-10T01:03:49.938776+00:00,113.3,5,ask,Xinhong Shan,Xuanyu Liu,14517155
2026-07-10T01:03:50.844687,2026-07-10T01:03:50.850952+00:00,113.1,50,ask,DiligentDonuts,FlawlessFlatbreads,14517181
2026-07-10T01:03:51.616513,2026-07-10T01:03:51.625805+00:00,113.1,47,ask,DiligentDonuts,CostlyCorianders,14517194
2026-07-10T01:03:52.954390,2026-07-10T01:03:52.979635+00:00,113.1,3,ask,DiligentDonuts,FlawlessFlatbreads,14517223
2026-07-10T01:03:52.954390,2026-07-10T01:03:52.979635+00:00,113.1,5,ask,Xinhong Shan,FlawlessFlatbreads,14517224
2026-07-10T01:03:52.954390,2026-07-10T01:03:52.979635+00:00,112.8,40,ask,Andy Garg,FlawlessFlatbreads,14517225
2026-07-10T01:03:52.954390,2026-07-10T01:03:52.979635+00:00,112.7,2,ask,EarnestEspressos,FlawlessFlatbreads,14517226
2026-07-10T01:03:53.018436,2026-07-10T01:03:53.027411+00:00,113.2,5,bid,Xuanyu Liu,EarnestEspressos,14517227
2026-07-10T01:03:53.121972,2026-07-10T01:03:53.131934+00:00,113.1,12,bid,Xuanyu Liu,DiligentDonuts,14517231
2026-07-10T01:03:55.066030,2026-07-10T01:03:55.077353+00:00,112.9,50,ask,EarnestEspressos,FlawlessFlatbreads,14517267
2026-07-10T01:03:55.490444,2026-07-10T01:03:55.501416+00:00,113.1,3,bid,Kelvin Chan,DiligentDonuts,14517278
2026-07-10T01:03:56.508647,2026-07-10T01:03:56.520053+00:00,113.1,3,bid,Kelvin Chan,Xinhong Shan,14517297
2026-07-10T01:03:57.172837,2026-07-10T01:03:57.184408+00:00,112.9,5,ask,Xinhong Shan,FlawlessFlatbreads,14517313
2026-07-10T01:03:57.172837,2026-07-10T01:03:57.184408+00:00,112.8,40,ask,Andy Garg,FlawlessFlatbreads,14517314
2026-07-10T01:03:57.172837,2026-07-10T01:03:57.184408+00:00,112.7,5,ask,DiligentDonuts,FlawlessFlatbreads,14517315
2026-07-10T01:03:57.562593,2026-07-10T01:03:57.579486+00:00,113.1,5,bid,CostlyCorianders,Xinhong Shan,14517324
2026-07-10T01:03:57.562593,2026-07-10T01:03:57.579486+00:00,113.2,38,bid,CostlyCorianders,DiligentDonuts,14517325
2026-07-10T01:03:58.488880,2026-07-10T01:03:58.500200+00:00,113.2,49,bid,CostlyCorianders,DiligentDonuts,14517348
2026-07-10T01:03:58.544253,2026-07-10T01:03:58.555585+00:00,112.7,48,ask,DiligentDonuts,CostlyCorianders,14517349
2026-07-10T01:03:59.291293,2026-07-10T01:03:59.302615+00:00,112.7,47,ask,DiligentDonuts,FlawlessFlatbreads,14517359
2026-07-10T01:03:59.291293,2026-07-10T01:03:59.302615+00:00,112.7,3,ask,EarnestEspressos,FlawlessFlatbreads,14517360
2026-07-10T01:04:00.869094,2026-07-10T01:04:00.880537+00:00,113.2,44,bid,CostlyCorianders,DiligentDonuts,14517391
2026-07-10T01:04:01.400643,2026-07-10T01:04:01.412099+00:00,112.7,50,ask,DiligentDonuts,FlawlessFlatbreads,14517409
2026-07-10T01:04:03.508256,2026-07-10T01:04:03.519930+00:00,112.7,5,ask,Xinhong Shan,FlawlessFlatbreads,14517458
2026-07-10T01:04:04.669032,2026-07-10T01:04:04.678420+00:00,112.6,44,ask,DiligentDonuts,CostlyCorianders,14517478
2026-07-10T01:04:05.617912,2026-07-10T01:04:05.629101+00:00,112.6,50,ask,DiligentDonuts,FlawlessFlatbreads,14517489
2026-07-10T01:04:05.775502,2026-07-10T01:04:05.784478+00:00,112.8,14,bid,Xuanyu Liu,DiligentDonuts,14517491
2026-07-10T01:04:05.839020,2026-07-10T01:04:05.848623+00:00,112.8,2,bid,Kelvin Chan,DiligentDonuts,14517493
2026-07-10T01:04:06.173868,2026-07-10T01:04:06.184687+00:00,112.8,84,bid,Lachy Miller,DiligentDonuts,14517500
2026-07-10T01:04:07.649971,2026-07-10T01:04:07.658544+00:00,112.9,4,ask,Kelvin Chan,FlawlessFlatbreads,14517524
2026-07-10T01:04:07.649971,2026-07-10T01:04:07.658544+00:00,112.9,5,ask,Xinhong Shan,CostlyCorianders,14517525
2026-07-10T01:04:07.649971,2026-07-10T01:04:07.658544+00:00,112.8,34,ask,Andy Garg,CostlyCorianders,14517526
2026-07-10T01:04:07.724405,2026-07-10T01:04:07.736104+00:00,112.9,4,ask,Kelvin Chan,CostlyCorianders,14517527
2026-07-10T01:04:07.724405,2026-07-10T01:04:07.736104+00:00,112.8,6,ask,Andy Garg,FlawlessFlatbreads,14517528
2026-07-10T01:04:07.724405,2026-07-10T01:04:07.736104+00:00,112.7,40,ask,EarnestEspressos,FlawlessFlatbreads,14517529
2026-07-10T01:04:09.592788,2026-07-10T01:04:09.603178+00:00,113.1,4,bid,Lachy Miller,Xinhong Shan,14517561
2026-07-10T01:04:09.592788,2026-07-10T01:04:09.603178+00:00,113.1,11,bid,Lachy Miller,EarnestEspressos,14517562
2026-07-10T01:04:11.942797,2026-07-10T01:04:11.952081+00:00,112.9,4,ask,Kelvin Chan,FlawlessFlatbreads,14517606
2026-07-10T01:04:11.942797,2026-07-10T01:04:11.952081+00:00,112.9,46,ask,DiligentDonuts,FlawlessFlatbreads,14517607
2026-07-10T01:04:12.126691,2026-07-10T01:04:12.143966+00:00,113.1,44,bid,CostlyCorianders,EarnestEspressos,14517616
2026-07-10T01:04:13.151310,2026-07-10T01:04:13.158536+00:00,112.9,5,ask,Xinhong Shan,CostlyCorianders,14517632
2026-07-10T01:04:13.151310,2026-07-10T01:04:13.158536+00:00,112.9,5,ask,Kelvin Chan,CostlyCorianders,14517633
2026-07-10T01:04:13.151310,2026-07-10T01:04:13.158536+00:00,112.9,37,ask,EarnestEspressos,CostlyCorianders,14517634
2026-07-10T01:04:13.643482,2026-07-10T01:04:13.654661+00:00,113.1,4,bid,CostlyCorianders,Xinhong Shan,14517646
2026-07-10T01:04:13.643482,2026-07-10T01:04:13.654661+00:00,113.3,39,bid,CostlyCorianders,DiligentDonuts,14517647
2026-07-10T01:04:14.051667,2026-07-10T01:04:14.057931+00:00,112.9,50,ask,EarnestEspressos,FlawlessFlatbreads,14517655
2026-07-10T01:04:18.212430,2026-07-10T01:04:18.220478+00:00,113.2,50,bid,FlawlessFlatbreads,EarnestEspressos,14517742
2026-07-10T01:04:18.523571,2026-07-10T01:04:18.535651+00:00,113.2,45,bid,CostlyCorianders,EarnestEspressos,14517745
2026-07-10T01:04:19.535524,2026-07-10T01:04:19.546789+00:00,113.0,5,ask,Xinhong Shan,CostlyCorianders,14517761
2026-07-10T01:04:19.535524,2026-07-10T01:04:19.546789+00:00,112.9,1,ask,Kelvin Chan,CostlyCorianders,14517762
2026-07-10T01:04:19.535524,2026-07-10T01:04:19.546789+00:00,112.9,37,ask,EarnestEspressos,CostlyCorianders,14517763
2026-07-10T01:04:20.370332,2026-07-10T01:04:20.381619+00:00,112.9,50,ask,EarnestEspressos,FlawlessFlatbreads,14517778
2026-07-10T01:04:21.703464,2026-07-10T01:04:21.715045+00:00,112.9,48,ask,EarnestEspressos,CostlyCorianders,14517802
2026-07-10T01:04:22.198317,2026-07-10T01:04:22.210056+00:00,112.9,4,ask,Xinhong Shan,EarnestEspressos,14517810
2026-07-10T01:04:22.198317,2026-07-10T01:04:22.210056+00:00,112.8,100,ask,DiligentDonuts,EarnestEspressos,14517811
2026-07-10T01:04:22.485502,2026-07-10T01:04:22.496945+00:00,112.4,40,ask,Andy Garg,FlawlessFlatbreads,14517825
2026-07-10T01:04:22.485502,2026-07-10T01:04:22.496945+00:00,112.3,10,ask,EarnestEspressos,FlawlessFlatbreads,14517826
2026-07-10T01:04:24.599416,2026-07-10T01:04:24.610585+00:00,112.6,40,ask,Andy Garg,FlawlessFlatbreads,14517875
2026-07-10T01:04:24.599416,2026-07-10T01:04:24.610585+00:00,112.5,4,ask,Xinhong Shan,FlawlessFlatbreads,14517876
2026-07-10T01:04:24.599416,2026-07-10T01:04:24.610585+00:00,112.3,6,ask,EarnestEspressos,FlawlessFlatbreads,14517877
2026-07-10T01:04:25.075030,2026-07-10T01:04:25.086779+00:00,112.8,45,bid,CostlyCorianders,EarnestEspressos,14517896
2026-07-10T01:04:25.312244,2026-07-10T01:04:25.323047+00:00,112.8,4,bid,EarnestEspressos,Xinhong Shan,14517900
2026-07-10T01:04:26.710996,2026-07-10T01:04:26.720535+00:00,112.8,50,ask,EarnestEspressos,FlawlessFlatbreads,14517929
2026-07-10T01:04:27.898117,2026-07-10T01:04:27.905238+00:00,112.8,40,ask,EarnestEspressos,Andy Garg,14517949
2026-07-10T01:04:27.944944,2026-07-10T01:04:27.952698+00:00,112.8,56,ask,EarnestEspressos,DiligentDonuts,14517952
2026-07-10T01:04:27.944944,2026-07-10T01:04:27.952698+00:00,112.8,4,ask,Xinhong Shan,DiligentDonuts,14517953
2026-07-10T01:04:28.546127,2026-07-10T01:04:28.560460+00:00,112.5,3,bid,Xuanyu Liu,EarnestEspressos,14517971
2026-07-10T01:04:28.766129,2026-07-10T01:04:28.777581+00:00,112.5,50,bid,FlawlessFlatbreads,EarnestEspressos,14517979
2026-07-10T01:04:29.278169,2026-07-10T01:04:29.286729+00:00,112.5,11,bid,Xuanyu Liu,EarnestEspressos,14517989
2026-07-10T01:04:29.440794,2026-07-10T01:04:29.451787+00:00,112.5,25,bid,Lachy Miller,EarnestEspressos,14517998
2026-07-10T01:04:29.487057,2026-07-10T01:04:29.495458+00:00,112.5,40,bid,Andy Garg,EarnestEspressos,14518000
2026-07-10T01:04:30.398896,2026-07-10T01:04:30.410343+00:00,112.5,21,bid,CostlyCorianders,EarnestEspressos,14518019
2026-07-10T01:04:30.398896,2026-07-10T01:04:30.410343+00:00,112.5,4,bid,CostlyCorianders,Xinhong Shan,14518020
2026-07-10T01:04:30.398896,2026-07-10T01:04:30.410343+00:00,112.8,23,bid,CostlyCorianders,DiligentDonuts,14518021
2026-07-10T01:04:30.882978,2026-07-10T01:04:30.896635+00:00,112.8,17,bid,FlawlessFlatbreads,DiligentDonuts,14518027
2026-07-10T01:04:30.882978,2026-07-10T01:04:30.896635+00:00,112.8,33,bid,FlawlessFlatbreads,Andy Garg,14518028
2026-07-10T01:04:31.661422,2026-07-10T01:04:31.670767+00:00,112.6,11,ask,EarnestEspressos,Xuanyu Liu,14518048
2026-07-10T01:04:32.997530,2026-07-10T01:04:33.004631+00:00,113.0,50,bid,FlawlessFlatbreads,DiligentDonuts,14518089
2026-07-10T01:04:33.940130,2026-07-10T01:04:33.951669+00:00,112.6,41,ask,EarnestEspressos,CostlyCorianders,14518112
2026-07-10T01:04:34.215836,2026-07-10T01:04:34.241977+00:00,112.9,4,bid,DiligentDonuts,Xinhong Shan,14518118
2026-07-10T01:04:34.215836,2026-07-10T01:04:34.241977+00:00,113.0,3,bid,DiligentDonuts,Kelvin Chan,14518119
2026-07-10T01:04:34.231436,2026-07-10T01:04:34.241977+00:00,113.0,3,ask,DiligentDonuts,Xuanyu Liu,14518121
2026-07-10T01:04:34.572608,2026-07-10T01:04:34.584216+00:00,113.0,41,ask,DiligentDonuts,CostlyCorianders,14518130
2026-07-10T01:04:35.135709,2026-07-10T01:04:35.144120+00:00,113.3,50,bid,FlawlessFlatbreads,EarnestEspressos,14518136
2026-07-10T01:04:38.290043,2026-07-10T01:04:38.301771+00:00,113.1,4,bid,CostlyCorianders,Xinhong Shan,14518205
2026-07-10T01:04:38.290043,2026-07-10T01:04:38.301771+00:00,113.2,40,bid,CostlyCorianders,Andy Garg,14518206
2026-07-10T01:04:38.290043,2026-07-10T01:04:38.301771+00:00,113.3,2,bid,CostlyCorianders,DiligentDonuts,14518207
2026-07-10T01:04:39.070026,2026-07-10T01:04:39.080789+00:00,113.0,4,ask,Xinhong Shan,Lachy Miller,14518234
2026-07-10T01:04:43.614918,2026-07-10T01:04:43.622738+00:00,112.8,4,ask,Xinhong Shan,FlawlessFlatbreads,14518318
2026-07-10T01:04:44.621221,2026-07-10T01:04:44.632728+00:00,112.7,42,ask,DiligentDonuts,CostlyCorianders,14518340
2026-07-10T01:04:45.670030,2026-07-10T01:04:45.681913+00:00,113.1,4,bid,FlawlessFlatbreads,Xinhong Shan,14518353
2026-07-10T01:04:45.670030,2026-07-10T01:04:45.681913+00:00,113.1,40,bid,FlawlessFlatbreads,Andy Garg,14518354
2026-07-10T01:04:45.670030,2026-07-10T01:04:45.681913+00:00,113.1,4,bid,FlawlessFlatbreads,Kelvin Chan,14518355
2026-07-10T01:04:45.670030,2026-07-10T01:04:45.687181+00:00,113.2,2,bid,FlawlessFlatbreads,DiligentDonuts,14518356
2026-07-10T01:04:47.695938,2026-07-10T01:04:47.707631+00:00,112.8,1,ask,Kelvin Chan,Lachy Miller,14518398
2026-07-10T01:04:47.695938,2026-07-10T01:04:47.707631+00:00,112.8,4,ask,Xinhong Shan,Lachy Miller,14518399
2026-07-10T01:04:47.783449,2026-07-10T01:04:47.792516+00:00,113.0,50,bid,FlawlessFlatbreads,DiligentDonuts,14518400
2026-07-10T01:04:47.924460,2026-07-10T01:04:47.935797+00:00,113.0,49,bid,CostlyCorianders,DiligentDonuts,14518402
2026-07-10T01:04:49.904419,2026-07-10T01:04:49.916212+00:00,113.0,1,bid,FlawlessFlatbreads,DiligentDonuts,14518443
2026-07-10T01:04:49.904419,2026-07-10T01:04:49.916212+00:00,113.0,4,bid,FlawlessFlatbreads,Xinhong Shan,14518444
2026-07-10T01:04:49.904419,2026-07-10T01:04:49.916212+00:00,113.1,4,bid,FlawlessFlatbreads,Kelvin Chan,14518445
2026-07-10T01:04:49.904419,2026-07-10T01:04:49.916212+00:00,113.1,41,bid,FlawlessFlatbreads,EarnestEspressos,14518446
2026-07-10T01:04:50.291024,2026-07-10T01:04:50.300182+00:00,113.0,14,ask,DiligentDonuts,Xuanyu Liu,14518453
2026-07-10T01:04:50.311338,2026-07-10T01:04:50.321058+00:00,113.0,41,ask,DiligentDonuts,Lachy Miller,14518458
2026-07-10T01:04:50.328252,2026-07-10T01:04:50.339413+00:00,113.0,40,ask,DiligentDonuts,Andy Garg,14518459
2026-07-10T01:04:50.426974,2026-07-10T01:04:50.435645+00:00,113.0,5,ask,DiligentDonuts,CostlyCorianders,14518465
2026-07-10T01:04:50.426974,2026-07-10T01:04:50.435645+00:00,112.7,4,ask,Xinhong Shan,CostlyCorianders,14518466
2026-07-10T01:04:50.426974,2026-07-10T01:04:50.440921+00:00,112.6,40,ask,EarnestEspressos,CostlyCorianders,14518467
2026-07-10T01:04:51.880819,2026-07-10T01:04:51.889688+00:00,113.0,47,bid,CostlyCorianders,EarnestEspressos,14518499
2026-07-10T01:04:52.015497,2026-07-10T01:04:52.027238+00:00,113.0,50,bid,FlawlessFlatbreads,EarnestEspressos,14518500
2026-07-10T01:04:53.535053,2026-07-10T01:04:53.543902+00:00,113.0,11,bid,Xuanyu Liu,EarnestEspressos,14518527
2026-07-10T01:04:53.793153,2026-07-10T01:04:53.799761+00:00,113.0,100,bid,EarnestEspressos,DiligentDonuts,14518531
2026-07-10T01:04:53.793153,2026-07-10T01:04:53.804800+00:00,113.0,4,bid,EarnestEspressos,Xinhong Shan,14518532
2026-07-10T01:04:53.793153,2026-07-10T01:04:53.804800+00:00,113.1,2,bid,EarnestEspressos,Kelvin Chan,14518533
2026-07-10T01:04:53.806123,2026-07-10T01:04:53.815261+00:00,113.2,11,ask,EarnestEspressos,Xuanyu Liu,14518534
2026-07-10T01:04:53.964030,2026-07-10T01:04:53.975146+00:00,113.2,33,ask,EarnestEspressos,Lachy Miller,14518539
2026-07-10T01:04:56.669456,2026-07-10T01:04:56.679711+00:00,112.9,42,ask,DiligentDonuts,CostlyCorianders,14518587
2026-07-10T01:04:58.423610,2026-07-10T01:04:58.434938+00:00,112.9,50,ask,DiligentDonuts,FlawlessFlatbreads,14518610
2026-07-10T01:05:00.479605,2026-07-10T01:05:00.491137+00:00,113.0,50,bid,FlawlessFlatbreads,DiligentDonuts,14518645
2026-07-10T01:05:02.673881,2026-07-10T01:05:02.685794+00:00,112.9,3,ask,Kelvin Chan,FlawlessFlatbreads,14518681
2026-07-10T01:05:02.673881,2026-07-10T01:05:02.685794+00:00,112.9,4,ask,Xinhong Shan,FlawlessFlatbreads,14518682
2026-07-10T01:05:02.673881,2026-07-10T01:05:02.685794+00:00,112.7,40,ask,Andy Garg,FlawlessFlatbreads,14518683
2026-07-10T01:05:03.479278,2026-07-10T01:05:03.490621+00:00,113.0,4,bid,CostlyCorianders,Xinhong Shan,14518703
2026-07-10T01:05:03.479278,2026-07-10T01:05:03.490621+00:00,113.0,39,bid,CostlyCorianders,EarnestEspressos,14518704
2026-07-10T01:05:04.736887,2026-07-10T01:05:04.748362+00:00,113.0,11,bid,Xuanyu Liu,EarnestEspressos,14518735
2026-07-10T01:05:04.837955,2026-07-10T01:05:04.853676+00:00,112.8,4,ask,Kelvin Chan,FlawlessFlatbreads,14518740
2026-07-10T01:05:04.837955,2026-07-10T01:05:04.853676+00:00,112.8,4,ask,Xinhong Shan,FlawlessFlatbreads,14518741
2026-07-10T01:05:04.837955,2026-07-10T01:05:04.853676+00:00,112.7,40,ask,Andy Garg,FlawlessFlatbreads,14518742
2026-07-10T01:05:04.837955,2026-07-10T01:05:04.853676+00:00,112.6,2,ask,DiligentDonuts,FlawlessFlatbreads,14518743
2026-07-10T01:05:05.826376,2026-07-10T01:05:05.837627+00:00,113.0,40,bid,CostlyCorianders,EarnestEspressos,14518761
2026-07-10T01:05:06.901630,2026-07-10T01:05:06.910723+00:00,113.0,4,bid,FlawlessFlatbreads,Xinhong Shan,14518782
2026-07-10T01:05:06.901630,2026-07-10T01:05:06.910723+00:00,113.0,40,bid,FlawlessFlatbreads,Andy Garg,14518783
2026-07-10T01:05:06.901630,2026-07-10T01:05:06.910723+00:00,113.2,6,bid,FlawlessFlatbreads,DiligentDonuts,14518784
2026-07-10T01:05:09.086305,2026-07-10T01:05:09.098373+00:00,112.8,5,ask,Kelvin Chan,FlawlessFlatbreads,14518828
2026-07-10T01:05:09.086305,2026-07-10T01:05:09.098373+00:00,112.8,4,ask,Xinhong Shan,FlawlessFlatbreads,14518829
2026-07-10T01:05:09.086305,2026-07-10T01:05:09.103416+00:00,112.7,41,ask,EarnestEspressos,FlawlessFlatbreads,14518830
2026-07-10T01:05:09.589216,2026-07-10T01:05:09.597897+00:00,112.6,40,ask,Andy Garg,CostlyCorianders,14518837
2026-07-10T01:05:09.589216,2026-07-10T01:05:09.597897+00:00,112.6,1,ask,DiligentDonuts,CostlyCorianders,14518838
2026-07-10T01:05:11.148484,2026-07-10T01:05:11.158608+00:00,113.0,40,bid,FlawlessFlatbreads,Andy Garg,14518871
2026-07-10T01:05:11.148484,2026-07-10T01:05:11.158608+00:00,113.0,4,bid,FlawlessFlatbreads,Xinhong Shan,14518872
2026-07-10T01:05:11.148484,2026-07-10T01:05:11.158608+00:00,113.1,6,bid,FlawlessFlatbreads,DiligentDonuts,14518873
2026-07-10T01:05:12.287969,2026-07-10T01:05:12.299429+00:00,112.8,47,ask,DiligentDonuts,CostlyCorianders,14518887
2026-07-10T01:05:13.281701,2026-07-10T01:05:13.291221+00:00,113.1,4,bid,FlawlessFlatbreads,Kelvin Chan,14518910
2026-07-10T01:05:13.281701,2026-07-10T01:05:13.291221+00:00,113.1,4,bid,FlawlessFlatbreads,Xinhong Shan,14518911
2026-07-10T01:05:13.281701,2026-07-10T01:05:13.291221+00:00,113.3,40,bid,FlawlessFlatbreads,Andy Garg,14518912
2026-07-10T01:05:13.281701,2026-07-10T01:05:13.296570+00:00,113.3,2,bid,FlawlessFlatbreads,DiligentDonuts,14518913
2026-07-10T01:05:13.291198,2026-07-10T01:05:13.302028+00:00,113.3,48,bid,CostlyCorianders,DiligentDonuts,14518914
2026-07-10T01:05:13.812443,2026-07-10T01:05:13.823868+00:00,112.8,40,ask,DiligentDonuts,CostlyCorianders,14518930
2026-07-10T01:05:15.419152,2026-07-10T01:05:15.430713+00:00,112.8,100,ask,EarnestEspressos,DiligentDonuts,14518967
2026-07-10T01:05:15.443722,2026-07-10T01:05:15.451354+00:00,112.8,50,ask,EarnestEspressos,FlawlessFlatbreads,14518970
2026-07-10T01:05:16.016610,2026-07-10T01:05:16.026778+00:00,112.8,4,ask,Xinhong Shan,EarnestEspressos,14518980
2026-07-10T01:05:16.016610,2026-07-10T01:05:16.026778+00:00,112.5,40,ask,Andy Garg,EarnestEspressos,14518981
2026-07-10T01:05:16.028071,2026-07-10T01:05:16.036777+00:00,112.4,3,bid,Xuanyu Liu,EarnestEspressos,14518983
2026-07-10T01:05:16.216094,2026-07-10T01:05:16.223377+00:00,112.4,58,bid,Lachy Miller,EarnestEspressos,14518990
2026-07-10T01:05:16.544045,2026-07-10T01:05:16.552562+00:00,112.4,14,bid,Xuanyu Liu,EarnestEspressos,14519003
2026-07-10T01:05:16.626213,2026-07-10T01:05:16.636408+00:00,112.4,25,bid,Lachy Miller,EarnestEspressos,14519007
2026-07-10T01:05:18.030564,2026-07-10T01:05:18.037418+00:00,112.3,3,ask,DiligentDonuts,Andy Garg,14519038
2026-07-10T01:05:18.037304,2026-07-10T01:05:18.047770+00:00,112.4,6,bid,Andy Garg,EarnestEspressos,14519039
2026-07-10T01:05:18.037304,2026-07-10T01:05:18.047770+00:00,112.4,4,bid,Andy Garg,Xinhong Shan,14519040
2026-07-10T01:05:18.527337,2026-07-10T01:05:18.537605+00:00,113.2,40,bid,CostlyCorianders,Andy Garg,14519052
2026-07-10T01:05:18.527337,2026-07-10T01:05:18.537605+00:00,113.2,2,bid,CostlyCorianders,Xinhong Shan,14519053
2026-07-10T01:05:18.544113,2026-07-10T01:05:18.557942+00:00,112.7,14,ask,DiligentDonuts,Xuanyu Liu,14519055
2026-07-10T01:05:19.686167,2026-07-10T01:05:19.697708+00:00,112.7,50,ask,DiligentDonuts,FlawlessFlatbreads,14519075
2026-07-10T01:05:21.805590,2026-07-10T01:05:21.816159+00:00,112.7,40,ask,Andy Garg,FlawlessFlatbreads,14519111
2026-07-10T01:05:21.805590,2026-07-10T01:05:21.816159+00:00,112.7,5,ask,Xinhong Shan,FlawlessFlatbreads,14519112
2026-07-10T01:05:21.805590,2026-07-10T01:05:21.816159+00:00,112.6,5,ask,EarnestEspressos,FlawlessFlatbreads,14519113
2026-07-10T01:05:23.916666,2026-07-10T01:05:23.923687+00:00,112.6,50,ask,DiligentDonuts,FlawlessFlatbreads,14519158
2026-07-10T01:05:24.104272,2026-07-10T01:05:24.111309+00:00,112.6,43,ask,DiligentDonuts,CostlyCorianders,14519162
2026-07-10T01:05:24.450367,2026-07-10T01:05:24.458594+00:00,112.6,7,ask,DiligentDonuts,Lachy Miller,14519170
2026-07-10T01:05:24.450367,2026-07-10T01:05:24.458594+00:00,112.6,4,ask,Xinhong Shan,Lachy Miller,14519171
2026-07-10T01:05:26.046731,2026-07-10T01:05:26.053110+00:00,112.3,40,ask,Andy Garg,FlawlessFlatbreads,14519202
2026-07-10T01:05:26.046731,2026-07-10T01:05:26.053110+00:00,112.3,4,ask,Xinhong Shan,FlawlessFlatbreads,14519203
2026-07-10T01:05:26.046731,2026-07-10T01:05:26.053110+00:00,112.3,6,ask,EarnestEspressos,FlawlessFlatbreads,14519204
2026-07-10T01:05:26.321702,2026-07-10T01:05:26.333017+00:00,112.5,45,bid,CostlyCorianders,DiligentDonuts,14519213
2026-07-10T01:05:26.921212,2026-07-10T01:05:26.932918+00:00,112.5,43,bid,CostlyCorianders,DiligentDonuts,14519224
2026-07-10T01:05:30.296018,2026-07-10T01:05:30.307739+00:00,112.3,50,ask,DiligentDonuts,FlawlessFlatbreads,14519279
2026-07-10T01:05:30.680006,2026-07-10T01:05:30.691571+00:00,112.3,45,ask,DiligentDonuts,CostlyCorianders,14519283
2026-07-10T01:05:31.237701,2026-07-10T01:05:31.249495+00:00,112.3,4,ask,Xinhong Shan,DiligentDonuts,14519287
2026-07-10T01:05:31.795966,2026-07-10T01:05:31.804373+00:00,112.3,47,bid,CostlyCorianders,DiligentDonuts,14519296
2026-07-10T01:05:32.403494,2026-07-10T01:05:32.415296+00:00,112.2,4,ask,Xinhong Shan,FlawlessFlatbreads,14519316
2026-07-10T01:05:32.403494,2026-07-10T01:05:32.415296+00:00,112.1,46,ask,EarnestEspressos,FlawlessFlatbreads,14519317
2026-07-10T01:05:34.466376,2026-07-10T01:05:34.478986+00:00,112.3,4,bid,FlawlessFlatbreads,Xinhong Shan,14519344
2026-07-10T01:05:34.466376,2026-07-10T01:05:34.478986+00:00,112.4,40,bid,FlawlessFlatbreads,Andy Garg,14519345
2026-07-10T01:05:34.466376,2026-07-10T01:05:34.484176+00:00,112.4,6,bid,FlawlessFlatbreads,DiligentDonuts,14519346
2026-07-10T01:05:36.306205,2026-07-10T01:05:36.313200+00:00,112.1,4,ask,Xinhong Shan,Lachy Miller,14519388
2026-07-10T01:05:36.579128,2026-07-10T01:05:36.588201+00:00,112.4,50,bid,FlawlessFlatbreads,DiligentDonuts,14519395
2026-07-10T01:05:36.728372,2026-07-10T01:05:36.738107+00:00,112.0,40,ask,Andy Garg,CostlyCorianders,14519401
2026-07-10T01:05:36.728372,2026-07-10T01:05:36.738107+00:00,111.9,6,ask,DiligentDonuts,CostlyCorianders,14519402
2026-07-10T01:05:38.335073,2026-07-10T01:05:38.341911+00:00,112.3,45,bid,CostlyCorianders,EarnestEspressos,14519431
2026-07-10T01:05:38.389742,2026-07-10T01:05:38.401440+00:00,112.0,44,ask,DiligentDonuts,CostlyCorianders,14519433
2026-07-10T01:05:38.524858,2026-07-10T01:05:38.533864+00:00,112.3,2,bid,Lachy Miller,EarnestEspressos,14519437
2026-07-10T01:05:38.719145,2026-07-10T01:05:38.729253+00:00,112.3,50,bid,FlawlessFlatbreads,EarnestEspressos,14519439
2026-07-10T01:05:39.389053,2026-07-10T01:05:39.395756+00:00,112.3,46,bid,CostlyCorianders,EarnestEspressos,14519458
2026-07-10T01:05:40.825263,2026-07-10T01:05:40.837054+00:00,112.3,7,bid,FlawlessFlatbreads,EarnestEspressos,14519480
2026-07-10T01:05:40.825263,2026-07-10T01:05:40.837054+00:00,112.3,4,bid,FlawlessFlatbreads,Xinhong Shan,14519481
2026-07-10T01:05:40.825263,2026-07-10T01:05:40.837054+00:00,112.6,5,bid,FlawlessFlatbreads,Kelvin Chan,14519482
2026-07-10T01:05:40.825263,2026-07-10T01:05:40.837054+00:00,112.6,34,bid,FlawlessFlatbreads,Andy Garg,14519483
2026-07-10T01:05:41.274736,2026-07-10T01:05:41.281445+00:00,112.6,100,bid,EarnestEspressos,DiligentDonuts,14519492
2026-07-10T01:05:41.274736,2026-07-10T01:05:41.286777+00:00,112.6,4,bid,EarnestEspressos,Xinhong Shan,14519493
2026-07-10T01:05:41.288146,2026-07-10T01:05:41.297844+00:00,112.6,3,ask,EarnestEspressos,Xuanyu Liu,14519495
2026-07-10T01:05:41.339955,2026-07-10T01:05:41.347804+00:00,112.6,37,ask,EarnestEspressos,Lachy Miller,14519498
2026-07-10T01:05:41.551209,2026-07-10T01:05:41.556675+00:00,112.6,6,ask,EarnestEspressos,Lachy Miller,14519502
2026-07-10T01:05:42.987307,2026-07-10T01:05:42.996297+00:00,112.2,4,ask,Xinhong Shan,FlawlessFlatbreads,14519526
2026-07-10T01:05:42.987307,2026-07-10T01:05:42.996297+00:00,112.1,46,ask,DiligentDonuts,FlawlessFlatbreads,14519527
2026-07-10T01:05:45.095310,2026-07-10T01:05:45.101679+00:00,112.4,40,ask,Andy Garg,FlawlessFlatbreads,14519566
2026-07-10T01:05:45.095310,2026-07-10T01:05:45.106952+00:00,112.3,10,ask,DiligentDonuts,FlawlessFlatbreads,14519567
2026-07-10T01:05:45.299437,2026-07-10T01:05:45.307698+00:00,112.6,3,bid,Xuanyu Liu,Kelvin Chan,14519573
2026-07-10T01:05:45.388872,2026-07-10T01:05:45.399185+00:00,112.6,2,bid,Lachy Miller,Kelvin Chan,14519578
2026-07-10T01:05:45.534437,2026-07-10T01:05:45.545974+00:00,112.4,4,ask,Xinhong Shan,CostlyCorianders,14519584
2026-07-10T01:05:45.534437,2026-07-10T01:05:45.545974+00:00,112.3,40,ask,DiligentDonuts,CostlyCorianders,14519585
2026-07-10T01:05:47.151500,2026-07-10T01:05:47.158609+00:00,112.6,3,bid,FlawlessFlatbreads,Kelvin Chan,14519612
2026-07-10T01:05:47.151500,2026-07-10T01:05:47.158609+00:00,112.6,4,bid,FlawlessFlatbreads,Xinhong Shan,14519613
2026-07-10T01:05:47.151500,2026-07-10T01:05:47.158609+00:00,112.6,43,bid,FlawlessFlatbreads,DiligentDonuts,14519614
2026-07-10T01:05:49.405004,2026-07-10T01:05:49.412030+00:00,112.6,29,bid,Lachy Miller,DiligentDonuts,14519653
2026-07-10T01:05:51.437770,2026-07-10T01:05:51.447876+00:00,112.5,50,ask,DiligentDonuts,FlawlessFlatbreads,14519693
2026-07-10T01:05:51.864121,2026-07-10T01:05:51.875928+00:00,112.6,4,bid,CostlyCorianders,Xinhong Shan,14519703
2026-07-10T01:05:51.864121,2026-07-10T01:05:51.875928+00:00,112.7,44,bid,CostlyCorianders,EarnestEspressos,14519704
2026-07-10T01:05:52.331746,2026-07-10T01:05:52.338252+00:00,112.5,45,ask,DiligentDonuts,CostlyCorianders,14519713
2026-07-10T01:05:53.402151,2026-07-10T01:05:53.411125+00:00,112.5,4,ask,Xinhong Shan,DiligentDonuts,14519736
2026-07-10T01:05:53.543436,2026-07-10T01:05:53.554877+00:00,112.3,3,ask,Kelvin Chan,FlawlessFlatbreads,14519740
2026-07-10T01:05:53.543436,2026-07-10T01:05:53.554877+00:00,112.2,47,ask,EarnestEspressos,FlawlessFlatbreads,14519741
2026-07-10T01:05:54.893621,2026-07-10T01:05:54.904927+00:00,112.5,47,bid,CostlyCorianders,DiligentDonuts,14519775
2026-07-10T01:05:57.707568,2026-07-10T01:05:57.715383+00:00,112.3,5,ask,Kelvin Chan,CostlyCorianders,14519816
2026-07-10T01:05:57.707568,2026-07-10T01:05:57.720683+00:00,112.3,4,ask,Xinhong Shan,CostlyCorianders,14519817
2026-07-10T01:05:57.707568,2026-07-10T01:05:57.720683+00:00,112.2,33,ask,DiligentDonuts,CostlyCorianders,14519818
2026-07-10T01:05:59.206786,2026-07-10T01:05:59.218115+00:00,112.5,4,bid,CostlyCorianders,Xinhong Shan,14519839
2026-07-10T01:05:59.206786,2026-07-10T01:05:59.218115+00:00,112.6,38,bid,CostlyCorianders,EarnestEspressos,14519840
2026-07-10T01:06:02.036311,2026-07-10T01:06:02.058627+00:00,112.3,1,ask,Kelvin Chan,FlawlessFlatbreads,14519908
2026-07-10T01:06:02.036311,2026-07-10T01:06:02.058627+00:00,112.3,49,ask,EarnestEspressos,FlawlessFlatbreads,14519909
2026-07-10T01:06:02.690728,2026-07-10T01:06:02.702240+00:00,112.6,48,bid,CostlyCorianders,DiligentDonuts,14519919
2026-07-10T01:06:03.204371,2026-07-10T01:06:03.211234+00:00,112.3,41,ask,EarnestEspressos,CostlyCorianders,14519937
2026-07-10T01:06:04.155682,2026-07-10T01:06:04.169121+00:00,112.3,50,ask,DiligentDonuts,FlawlessFlatbreads,14519952
2026-07-10T01:06:05.290622,2026-07-10T01:06:05.302274+00:00,112.5,41,bid,CostlyCorianders,EarnestEspressos,14519982
2026-07-10T01:06:06.263707,2026-07-10T01:06:06.275306+00:00,112.3,4,ask,Xinhong Shan,FlawlessFlatbreads,14520000
2026-07-10T01:06:06.263707,2026-07-10T01:06:06.275306+00:00,112.2,20,ask,Andy Garg,FlawlessFlatbreads,14520001
2026-07-10T01:06:06.263707,2026-07-10T01:06:06.275306+00:00,112.1,26,ask,DiligentDonuts,FlawlessFlatbreads,14520002
2026-07-10T01:06:08.392919,2026-07-10T01:06:08.408693+00:00,112.2,40,ask,Andy Garg,FlawlessFlatbreads,14520047
2026-07-10T01:06:08.392919,2026-07-10T01:06:08.408693+00:00,112.2,10,ask,EarnestEspressos,FlawlessFlatbreads,14520048
2026-07-10T01:06:10.502635,2026-07-10T01:06:10.512348+00:00,112.3,5,ask,Kelvin Chan,FlawlessFlatbreads,14520075
2026-07-10T01:06:10.502635,2026-07-10T01:06:10.512348+00:00,112.3,4,ask,Xinhong Shan,FlawlessFlatbreads,14520076
2026-07-10T01:06:10.502635,2026-07-10T01:06:10.517848+00:00,112.1,41,ask,EarnestEspressos,FlawlessFlatbreads,14520077
2026-07-10T01:06:12.644809,2026-07-10T01:06:12.663782+00:00,112.3,4,ask,Xinhong Shan,FlawlessFlatbreads,14520120
2026-07-10T01:06:12.644809,2026-07-10T01:06:12.663782+00:00,112.3,4,ask,Kelvin Chan,FlawlessFlatbreads,14520121
2026-07-10T01:06:12.644809,2026-07-10T01:06:12.663782+00:00,112.1,42,ask,EarnestEspressos,FlawlessFlatbreads,14520122
2026-07-10T01:06:12.995644,2026-07-10T01:06:13.015119+00:00,112.3,5,bid,Kelvin Chan,EarnestEspressos,14520125
2026-07-10T01:06:13.004377,2026-07-10T01:06:13.015119+00:00,112.3,3,bid,Xuanyu Liu,EarnestEspressos,14520127
2026-07-10T01:06:13.990363,2026-07-10T01:06:13.997332+00:00,112.3,5,bid,Kelvin Chan,EarnestEspressos,14520151
2026-07-10T01:06:14.758026,2026-07-10T01:06:14.768668+00:00,112.2,5,ask,Kelvin Chan,FlawlessFlatbreads,14520165
2026-07-10T01:06:14.758026,2026-07-10T01:06:14.768668+00:00,112.1,45,ask,DiligentDonuts,FlawlessFlatbreads,14520166
2026-07-10T01:06:15.680977,2026-07-10T01:06:15.690690+00:00,112.3,11,bid,Xuanyu Liu,EarnestEspressos,14520196
2026-07-10T01:06:15.876469,2026-07-10T01:06:15.887537+00:00,112.3,25,bid,Lachy Miller,EarnestEspressos,14520204
2026-07-10T01:06:16.814651,2026-07-10T01:06:16.826076+00:00,112.3,4,bid,FlawlessFlatbreads,Xinhong Shan,14520212
2026-07-10T01:06:16.814651,2026-07-10T01:06:16.826076+00:00,112.4,46,bid,FlawlessFlatbreads,DiligentDonuts,14520213
2026-07-10T01:06:18.922359,2026-07-10T01:06:18.933866+00:00,112.4,4,bid,FlawlessFlatbreads,Xinhong Shan,14520252
2026-07-10T01:06:18.922359,2026-07-10T01:06:18.933866+00:00,112.6,46,bid,FlawlessFlatbreads,EarnestEspressos,14520253
2026-07-10T01:06:21.033521,2026-07-10T01:06:21.045443+00:00,112.7,50,bid,FlawlessFlatbreads,DiligentDonuts,14520287
2026-07-10T01:06:22.229082,2026-07-10T01:06:22.239523+00:00,112.4,11,ask,DiligentDonuts,Xuanyu Liu,14520305
2026-07-10T01:06:22.623561,2026-07-10T01:06:22.635111+00:00,112.4,45,ask,DiligentDonuts,CostlyCorianders,14520308
2026-07-10T01:06:23.158604,2026-07-10T01:06:23.170251+00:00,112.6,40,bid,FlawlessFlatbreads,Andy Garg,14520317
2026-07-10T01:06:23.158604,2026-07-10T01:06:23.170251+00:00,112.6,4,bid,FlawlessFlatbreads,Xinhong Shan,14520318
2026-07-10T01:06:23.158604,2026-07-10T01:06:23.170251+00:00,112.6,1,bid,FlawlessFlatbreads,Kelvin Chan,14520319
2026-07-10T01:06:23.158604,2026-07-10T01:06:23.175771+00:00,112.7,5,bid,FlawlessFlatbreads,EarnestEspressos,14520320
2026-07-10T01:06:23.684426,2026-07-10T01:06:23.695748+00:00,112.4,44,ask,DiligentDonuts,CostlyCorianders,14520327
2026-07-10T01:06:23.684426,2026-07-10T01:06:23.695748+00:00,112.4,3,ask,Xinhong Shan,CostlyCorianders,14520328
2026-07-10T01:06:24.876382,2026-07-10T01:06:24.889781+00:00,112.4,3,ask,Xinhong Shan,Xuanyu Liu,14520349
2026-07-10T01:06:25.078031,2026-07-10T01:06:25.089373+00:00,112.4,1,ask,Xinhong Shan,DiligentDonuts,14520352
2026-07-10T01:06:25.272062,2026-07-10T01:06:25.280590+00:00,112.3,50,bid,FlawlessFlatbreads,DiligentDonuts,14520366
2026-07-10T01:06:25.356206,2026-07-10T01:06:25.372697+00:00,112.3,3,bid,Xuanyu Liu,DiligentDonuts,14520369
2026-07-10T01:06:25.610730,2026-07-10T01:06:25.619641+00:00,112.3,11,bid,Xuanyu Liu,DiligentDonuts,14520377
2026-07-10T01:06:25.894460,2026-07-10T01:06:25.906236+00:00,112.3,35,bid,Andy Garg,DiligentDonuts,14520381
2026-07-10T01:06:25.894460,2026-07-10T01:06:25.906236+00:00,112.3,4,bid,Andy Garg,Xinhong Shan,14520382
2026-07-10T01:06:26.153938,2026-07-10T01:06:26.156145+00:00,112.6,3,bid,CostlyCorianders,Kelvin Chan,14520388
2026-07-10T01:06:26.153938,2026-07-10T01:06:26.156145+00:00,112.7,37,bid,CostlyCorianders,EarnestEspressos,14520389
2026-07-10T01:06:26.764085,2026-07-10T01:06:26.775663+00:00,112.7,46,bid,CostlyCorianders,EarnestEspressos,14520403
2026-07-10T01:06:27.411329,2026-07-10T01:06:27.418919+00:00,112.7,50,bid,FlawlessFlatbreads,EarnestEspressos,14520416
2026-07-10T01:06:27.827913,2026-07-10T01:06:27.839363+00:00,112.2,1,ask,Kelvin Chan,CostlyCorianders,14520420
2026-07-10T01:06:27.827913,2026-07-10T01:06:27.839363+00:00,112.2,45,ask,EarnestEspressos,CostlyCorianders,14520421
2026-07-10T01:06:28.733447,2026-07-10T01:06:28.754840+00:00,112.7,4,bid,EarnestEspressos,Xinhong Shan,14520446
2026-07-10T01:06:28.746291,2026-07-10T01:06:28.754840+00:00,112.7,14,ask,EarnestEspressos,Xuanyu Liu,14520447
2026-07-10T01:06:28.978397,2026-07-10T01:06:28.985060+00:00,112.7,5,ask,EarnestEspressos,Andy Garg,14520451
2026-07-10T01:06:29.522210,2026-07-10T01:06:29.533595+00:00,112.8,50,bid,FlawlessFlatbreads,DiligentDonuts,14520457
2026-07-10T01:06:31.632890,2026-07-10T01:06:31.644462+00:00,112.8,4,bid,FlawlessFlatbreads,Xinhong Shan,14520486
2026-07-10T01:06:31.632890,2026-07-10T01:06:31.644462+00:00,112.9,40,bid,FlawlessFlatbreads,Andy Garg,14520487
2026-07-10T01:06:31.632890,2026-07-10T01:06:31.644462+00:00,113.0,6,bid,FlawlessFlatbreads,DiligentDonuts,14520488
2026-07-10T01:06:33.744072,2026-07-10T01:06:33.758572+00:00,113.0,50,bid,FlawlessFlatbreads,DiligentDonuts,14520516
2026-07-10T01:06:35.935742,2026-07-10T01:06:35.947055+00:00,112.7,50,ask,DiligentDonuts,FlawlessFlatbreads,14520553
2026-07-10T01:06:40.160225,2026-07-10T01:06:40.167467+00:00,113.0,4,bid,FlawlessFlatbreads,Xinhong Shan,14520618
2026-07-10T01:06:40.160225,2026-07-10T01:06:40.172497+00:00,113.1,46,bid,FlawlessFlatbreads,DiligentDonuts,14520619
2026-07-10T01:06:40.633489,2026-07-10T01:06:40.643412+00:00,112.8,3,ask,Kelvin Chan,Xuanyu Liu,14520629
2026-07-10T01:06:40.743957,2026-07-10T01:06:40.755174+00:00,112.8,1,ask,Kelvin Chan,Lachy Miller,14520634
2026-07-10T01:06:40.743957,2026-07-10T01:06:40.755174+00:00,112.8,4,ask,Xinhong Shan,Lachy Miller,14520635
2026-07-10T01:06:40.954581,2026-07-10T01:06:40.968916+00:00,112.7,20,ask,EarnestEspressos,Lachy Miller,14520643
2026-07-10T01:06:41.312990,2026-07-10T01:06:41.323398+00:00,112.7,40,ask,EarnestEspressos,CostlyCorianders,14520650
2026-07-10T01:06:41.470885,2026-07-10T01:06:41.482655+00:00,112.7,4,ask,Xinhong Shan,EarnestEspressos,14520655
2026-07-10T01:06:41.944029,2026-07-10T01:06:41.953314+00:00,112.7,3,bid,Xuanyu Liu,EarnestEspressos,14520660
2026-07-10T01:06:42.268355,2026-07-10T01:06:42.275310+00:00,112.7,50,bid,FlawlessFlatbreads,EarnestEspressos,14520672
2026-07-10T01:06:42.961230,2026-07-10T01:06:42.972908+00:00,112.7,48,bid,CostlyCorianders,EarnestEspressos,14520690
2026-07-10T01:06:43.259570,2026-07-10T01:06:43.272261+00:00,112.7,3,bid,Xuanyu Liu,EarnestEspressos,14520697
2026-07-10T01:06:43.271539,2026-07-10T01:06:43.287466+00:00,112.7,40,bid,Andy Garg,EarnestEspressos,14520700
2026-07-10T01:06:44.025911,2026-07-10T01:06:44.049065+00:00,112.7,2,bid,DiligentDonuts,EarnestEspressos,14520714
2026-07-10T01:06:44.025911,2026-07-10T01:06:44.049065+00:00,112.7,4,bid,DiligentDonuts,Xinhong Shan,14520715
2026-07-10T01:06:44.038476,2026-07-10T01:06:44.049065+00:00,112.9,3,ask,DiligentDonuts,Xuanyu Liu,14520716
2026-07-10T01:06:44.433831,2026-07-10T01:06:44.441826+00:00,112.9,50,ask,DiligentDonuts,FlawlessFlatbreads,14520732
2026-07-10T01:06:44.595292,2026-07-10T01:06:44.606633+00:00,113.2,14,ask,EarnestEspressos,Xuanyu Liu,14520737
2026-07-10T01:06:44.782915,2026-07-10T01:06:44.793474+00:00,113.2,25,ask,EarnestEspressos,Lachy Miller,14520748
2026-07-10T01:06:45.159193,2026-07-10T01:06:45.168798+00:00,113.2,40,ask,EarnestEspressos,Andy Garg,14520755
2026-07-10T01:06:45.334110,2026-07-10T01:06:45.340749+00:00,113.2,40,ask,EarnestEspressos,Andy Garg,14520760
2026-07-10T01:06:45.347566,2026-07-10T01:06:45.358726+00:00,113.2,31,ask,EarnestEspressos,Andy Garg,14520762
2026-07-10T01:06:45.347566,2026-07-10T01:06:45.358726+00:00,113.2,4,ask,Xinhong Shan,Andy Garg,14520763
2026-07-10T01:06:46.490301,2026-07-10T01:06:46.501783+00:00,113.3,4,bid,FlawlessFlatbreads,Xinhong Shan,14520790
2026-07-10T01:06:46.490301,2026-07-10T01:06:46.501783+00:00,113.4,46,bid,FlawlessFlatbreads,DiligentDonuts,14520791
2026-07-10T01:06:47.428977,2026-07-10T01:06:47.440780+00:00,112.9,4,ask,Xinhong Shan,CostlyCorianders,14520811
2026-07-10T01:06:47.428977,2026-07-10T01:06:47.440780+00:00,112.9,39,ask,DiligentDonuts,CostlyCorianders,14520812
2026-07-10T01:06:47.839545,2026-07-10T01:06:47.850256+00:00,113.1,11,bid,Xuanyu Liu,EarnestEspressos,14520822
2026-07-10T01:06:47.969311,2026-07-10T01:06:47.980647+00:00,112.9,44,ask,DiligentDonuts,CostlyCorianders,14520833
2026-07-10T01:06:48.602332,2026-07-10T01:06:48.609490+00:00,113.1,50,bid,FlawlessFlatbreads,EarnestEspressos,14520844
2026-07-10T01:06:49.822915,2026-07-10T01:06:49.831296+00:00,113.1,3,bid,Xuanyu Liu,EarnestEspressos,14520870
2026-07-10T01:06:50.115781,2026-07-10T01:06:50.127425+00:00,113.1,49,bid,CostlyCorianders,EarnestEspressos,14520881
2026-07-10T01:06:50.711569,2026-07-10T01:06:50.723429+00:00,113.1,37,bid,FlawlessFlatbreads,EarnestEspressos,14520896
2026-07-10T01:06:50.711569,2026-07-10T01:06:50.723429+00:00,113.1,4,bid,FlawlessFlatbreads,Xinhong Shan,14520897
2026-07-10T01:06:50.711569,2026-07-10T01:06:50.723429+00:00,113.2,9,bid,FlawlessFlatbreads,DiligentDonuts,14520898
2026-07-10T01:06:50.933281,2026-07-10T01:06:50.944718+00:00,113.2,91,bid,EarnestEspressos,DiligentDonuts,14520903
2026-07-10T01:06:50.946603,2026-07-10T01:06:50.955592+00:00,113.3,3,ask,EarnestEspressos,Xuanyu Liu,14520904
2026-07-10T01:06:51.140149,2026-07-10T01:06:51.149425+00:00,113.3,11,ask,EarnestEspressos,Xuanyu Liu,14520911
2026-07-10T01:06:51.210740,2026-07-10T01:06:51.221683+00:00,113.3,45,ask,EarnestEspressos,Lachy Miller,14520914
2026-07-10T01:06:52.895071,2026-07-10T01:06:52.906613+00:00,112.8,5,ask,Kelvin Chan,FlawlessFlatbreads,14520952
2026-07-10T01:06:52.895071,2026-07-10T01:06:52.906613+00:00,112.8,4,ask,Xinhong Shan,FlawlessFlatbreads,14520953
2026-07-10T01:06:52.895071,2026-07-10T01:06:52.906613+00:00,112.7,41,ask,DiligentDonuts,FlawlessFlatbreads,14520954
2026-07-10T01:06:53.343369,2026-07-10T01:06:53.354702+00:00,113.5,40,bid,CostlyCorianders,Andy Garg,14520961
2026-07-10T01:06:54.159559,2026-07-10T01:06:54.169499+00:00,113.0,11,bid,Xuanyu Liu,EarnestEspressos,14520979
2026-07-10T01:06:55.024089,2026-07-10T01:06:55.032421+00:00,112.7,40,ask,Andy Garg,FlawlessFlatbreads,14520995
2026-07-10T01:06:55.024089,2026-07-10T01:06:55.032421+00:00,112.7,10,ask,DiligentDonuts,FlawlessFlatbreads,14520996
2026-07-10T01:06:55.152674,2026-07-10T01:06:55.158533+00:00,112.7,45,ask,DiligentDonuts,CostlyCorianders,14521004
2026-07-10T01:06:56.378780,2026-07-10T01:06:56.388898+00:00,113.0,3,bid,Xuanyu Liu,EarnestEspressos,14521026
2026-07-10T01:06:57.131079,2026-07-10T01:06:57.138385+00:00,112.7,4,ask,Xinhong Shan,FlawlessFlatbreads,14521052
2026-07-10T01:06:57.131079,2026-07-10T01:06:57.143599+00:00,112.7,40,ask,Andy Garg,FlawlessFlatbreads,14521053
2026-07-10T01:06:57.131079,2026-07-10T01:06:57.143599+00:00,112.7,6,ask,DiligentDonuts,FlawlessFlatbreads,14521054
2026-07-10T01:06:58.861174,2026-07-10T01:06:58.873308+00:00,113.0,40,bid,CostlyCorianders,Andy Garg,14521087
2026-07-10T01:06:58.861174,2026-07-10T01:06:58.873308+00:00,113.0,4,bid,CostlyCorianders,Xinhong Shan,14521088
2026-07-10T01:06:58.861174,2026-07-10T01:06:58.873308+00:00,113.2,1,bid,CostlyCorianders,DiligentDonuts,14521089
2026-07-10T01:06:59.248979,2026-07-10T01:06:59.264024+00:00,112.8,4,ask,Kelvin Chan,CostlyCorianders,14521096
2026-07-10T01:06:59.248979,2026-07-10T01:06:59.264024+00:00,112.7,46,ask,DiligentDonuts,FlawlessFlatbreads,14521097
2026-07-10T01:06:59.891647,2026-07-10T01:06:59.907319+00:00,112.8,4,ask,Xinhong Shan,CostlyCorianders,14521104
2026-07-10T01:06:59.891647,2026-07-10T01:06:59.912327+00:00,112.8,4,ask,Kelvin Chan,DiligentDonuts,14521105
2026-07-10T01:06:59.891647,2026-07-10T01:06:59.912327+00:00,112.7,35,ask,EarnestEspressos,CostlyCorianders,14521106
2026-07-10T01:06:59.944808,2026-07-10T01:06:59.958546+00:00,112.8,4,ask,Kelvin Chan,FlawlessFlatbreads,14521107
2026-07-10T01:06:59.969967,2026-07-10T01:06:59.979522+00:00,112.8,4,bid,Kelvin Chan,DiligentDonuts,14521109
2026-07-10T01:07:00.012668,2026-07-10T01:07:00.020868+00:00,112.8,4,bid,Kelvin Chan,DiligentDonuts,14521111
2026-07-10T01:07:00.038614,2026-07-10T01:07:00.047030+00:00,112.8,70,bid,Lachy Miller,DiligentDonuts,14521115
2026-07-10T01:07:00.076931,2026-07-10T01:07:00.084484+00:00,112.8,4,bid,Kelvin Chan,DiligentDonuts,14521116
2026-07-10T01:07:00.147425,2026-07-10T01:07:00.158612+00:00,112.8,3,bid,Kelvin Chan,DiligentDonuts,14521118
2026-07-10T01:07:00.201093,2026-07-10T01:07:00.209556+00:00,112.8,3,bid,Kelvin Chan,DiligentDonuts,14521119
2026-07-10T01:07:00.812971,2026-07-10T01:07:00.821417+00:00,112.8,8,bid,CostlyCorianders,DiligentDonuts,14521138
2026-07-10T01:07:00.812971,2026-07-10T01:07:00.821417+00:00,112.8,39,bid,CostlyCorianders,EarnestEspressos,14521139
2026-07-10T01:07:01.323487,2026-07-10T01:07:01.331204+00:00,112.8,43,bid,CostlyCorianders,EarnestEspressos,14521151
2026-07-10T01:07:01.357567,2026-07-10T01:07:01.369279+00:00,112.7,2,ask,Kelvin Chan,FlawlessFlatbreads,14521152
2026-07-10T01:07:01.357567,2026-07-10T01:07:01.369279+00:00,112.7,4,ask,Xinhong Shan,FlawlessFlatbreads,14521153
2026-07-10T01:07:01.357567,2026-07-10T01:07:01.369279+00:00,112.6,40,ask,Andy Garg,FlawlessFlatbreads,14521154
2026-07-10T01:07:01.357567,2026-07-10T01:07:01.374681+00:00,112.3,4,ask,DiligentDonuts,FlawlessFlatbreads,14521155
2026-07-10T01:07:01.946630,2026-07-10T01:07:01.958585+00:00,112.8,48,bid,CostlyCorianders,EarnestEspressos,14521163
2026-07-10T01:07:02.000518,2026-07-10T01:07:02.012205+00:00,112.5,2,ask,Andy Garg,CostlyCorianders,14521164
2026-07-10T01:07:02.000518,2026-07-10T01:07:02.012205+00:00,112.4,4,ask,Xinhong Shan,CostlyCorianders,14521165
2026-07-10T01:07:02.000518,2026-07-10T01:07:02.012205+00:00,112.3,41,ask,DiligentDonuts,CostlyCorianders,14521166
2026-07-10T01:07:03.501051,2026-07-10T01:07:03.510224+00:00,112.7,50,ask,DiligentDonuts,FlawlessFlatbreads,14521191
2026-07-10T01:07:03.595786,2026-07-10T01:07:03.607514+00:00,112.8,3,bid,EarnestEspressos,Xinhong Shan,14521192
2026-07-10T01:07:03.595786,2026-07-10T01:07:03.607514+00:00,113.1,1,bid,EarnestEspressos,Kelvin Chan,14521193
2026-07-10T01:07:04.390604,2026-07-10T01:07:04.402342+00:00,113.1,40,ask,EarnestEspressos,CostlyCorianders,14521203
2026-07-10T01:07:05.548094,2026-07-10T01:07:05.555051+00:00,113.1,45,ask,EarnestEspressos,CostlyCorianders,14521225
2026-07-10T01:07:05.609782,2026-07-10T01:07:05.621012+00:00,113.1,50,ask,EarnestEspressos,FlawlessFlatbreads,14521227
2026-07-10T01:07:06.269952,2026-07-10T01:07:06.281211+00:00,113.1,11,ask,EarnestEspressos,DiligentDonuts,14521242
2026-07-10T01:07:06.269952,2026-07-10T01:07:06.281211+00:00,113.1,4,ask,Xinhong Shan,DiligentDonuts,14521243
2026-07-10T01:07:07.191165,2026-07-10T01:07:07.202847+00:00,113.0,44,bid,CostlyCorianders,DiligentDonuts,14521252
2026-07-10T01:07:07.696354,2026-07-10T01:07:07.708116+00:00,113.0,41,bid,CostlyCorianders,DiligentDonuts,14521264
2026-07-10T01:07:07.696354,2026-07-10T01:07:07.708116+00:00,113.0,7,bid,CostlyCorianders,EarnestEspressos,14521265
2026-07-10T01:07:09.136652,2026-07-10T01:07:09.148023+00:00,113.0,45,bid,CostlyCorianders,EarnestEspressos,14521281
2026-07-10T01:07:09.846803,2026-07-10T01:07:09.858584+00:00,112.9,50,ask,DiligentDonuts,FlawlessFlatbreads,14521302
2026-07-10T01:07:11.278367,2026-07-10T01:07:11.289811+00:00,112.9,42,ask,DiligentDonuts,CostlyCorianders,14521334
2026-07-10T01:07:11.904321,2026-07-10T01:07:11.915854+00:00,113.0,3,bid,FlawlessFlatbreads,Xinhong Shan,14521346
2026-07-10T01:07:11.904321,2026-07-10T01:07:11.915854+00:00,113.3,47,bid,FlawlessFlatbreads,EarnestEspressos,14521347
2026-07-10T01:07:12.783014,2026-07-10T01:07:12.789516+00:00,113.0,40,ask,Andy Garg,CostlyCorianders,14521367
2026-07-10T01:07:12.783014,2026-07-10T01:07:12.794793+00:00,113.0,8,ask,DiligentDonuts,CostlyCorianders,14521368
2026-07-10T01:07:13.085146,2026-07-10T01:07:13.098375+00:00,113.3,4,bid,EarnestEspressos,Xinhong Shan,14521379
2026-07-10T01:07:13.950911,2026-07-10T01:07:13.958591+00:00,113.4,40,bid,CostlyCorianders,Andy Garg,14521397
2026-07-10T01:07:13.950911,2026-07-10T01:07:13.958591+00:00,113.4,4,bid,CostlyCorianders,Xinhong Shan,14521398
2026-07-10T01:07:13.950911,2026-07-10T01:07:13.958591+00:00,113.5,1,bid,CostlyCorianders,DiligentDonuts,14521399
2026-07-10T01:07:14.012410,2026-07-10T01:07:14.019302+00:00,113.5,50,bid,FlawlessFlatbreads,DiligentDonuts,14521400
2026-07-10T01:07:15.019546,2026-07-10T01:07:15.028943+00:00,113.3,40,ask,EarnestEspressos,CostlyCorianders,14521423
2026-07-10T01:07:16.123558,2026-07-10T01:07:16.135227+00:00,113.5,4,bid,FlawlessFlatbreads,Xinhong Shan,14521444
2026-07-10T01:07:16.123558,2026-07-10T01:07:16.135227+00:00,113.6,40,bid,FlawlessFlatbreads,Andy Garg,14521445
2026-07-10T01:07:16.123558,2026-07-10T01:07:16.135227+00:00,113.6,6,bid,FlawlessFlatbreads,DiligentDonuts,14521446
2026-07-10T01:07:17.482196,2026-07-10T01:07:17.494576+00:00,113.3,4,ask,Xinhong Shan,Lachy Miller,14521481
2026-07-10T01:07:18.234057,2026-07-10T01:07:18.245470+00:00,113.5,40,bid,FlawlessFlatbreads,Andy Garg,14521502
2026-07-10T01:07:18.234057,2026-07-10T01:07:18.245470+00:00,113.5,4,bid,FlawlessFlatbreads,Xinhong Shan,14521503
2026-07-10T01:07:18.234057,2026-07-10T01:07:18.245470+00:00,113.6,6,bid,FlawlessFlatbreads,DiligentDonuts,14521504
2026-07-10T01:07:19.587846,2026-07-10T01:07:19.599328+00:00,113.4,47,bid,CostlyCorianders,DiligentDonuts,14521526
2026-07-10T01:07:20.344810,2026-07-10T01:07:20.358596+00:00,113.4,50,bid,FlawlessFlatbreads,DiligentDonuts,14521533
2026-07-10T01:07:20.497430,2026-07-10T01:07:20.507491+00:00,113.2,4,ask,Xinhong Shan,Lachy Miller,14521541
2026-07-10T01:07:22.452650,2026-07-10T01:07:22.464136+00:00,113.4,50,bid,FlawlessFlatbreads,EarnestEspressos,14521582
2026-07-10T01:07:24.559494,2026-07-10T01:07:24.569412+00:00,113.4,4,bid,FlawlessFlatbreads,Xinhong Shan,14521621
2026-07-10T01:07:24.559494,2026-07-10T01:07:24.569412+00:00,113.5,46,bid,FlawlessFlatbreads,DiligentDonuts,14521622
2026-07-10T01:07:26.159588,2026-07-10T01:07:26.170890+00:00,113.4,3,ask,DiligentDonuts,Xuanyu Liu,14521654
2026-07-10T01:07:26.317932,2026-07-10T01:07:26.328984+00:00,113.4,17,ask,DiligentDonuts,Lachy Miller,14521658
2026-07-10T01:07:26.429506,2026-07-10T01:07:26.436590+00:00,113.4,48,ask,DiligentDonuts,CostlyCorianders,14521664
2026-07-10T01:07:26.675244,2026-07-10T01:07:26.686628+00:00,113.6,4,bid,FlawlessFlatbreads,Xinhong Shan,14521676
2026-07-10T01:07:26.675244,2026-07-10T01:07:26.686628+00:00,113.7,46,bid,FlawlessFlatbreads,EarnestEspressos,14521677
2026-07-10T01:07:28.784930,2026-07-10T01:07:28.805348+00:00,113.7,50,bid,FlawlessFlatbreads,EarnestEspressos,14521716
2026-07-10T01:07:28.940148,2026-07-10T01:07:28.948721+00:00,113.6,11,ask,EarnestEspressos,Xuanyu Liu,14521718
2026-07-10T01:07:29.173299,2026-07-10T01:07:29.189540+00:00,113.6,23,ask,EarnestEspressos,Xuanyu Liu,14521724
2026-07-10T01:07:29.298743,2026-07-10T01:07:29.308128+00:00,113.6,40,ask,EarnestEspressos,Andy Garg,14521730
2026-07-10T01:07:29.332591,2026-07-10T01:07:29.339461+00:00,113.6,25,ask,EarnestEspressos,Lachy Miller,14521732
2026-07-10T01:07:29.475673,2026-07-10T01:07:29.487024+00:00,113.6,40,ask,EarnestEspressos,Andy Garg,14521735
2026-07-10T01:07:30.892335,2026-07-10T01:07:30.900753+00:00,113.7,50,bid,FlawlessFlatbreads,DiligentDonuts,14521764
2026-07-10T01:07:31.224074,2026-07-10T01:07:31.230674+00:00,113.6,1,ask,EarnestEspressos,Kelvin Chan,14521766
2026-07-10T01:07:31.327851,2026-07-10T01:07:31.334565+00:00,113.6,1,ask,EarnestEspressos,Kelvin Chan,14521767
2026-07-10T01:07:31.394908,2026-07-10T01:07:31.406167+00:00,113.6,9,ask,EarnestEspressos,CostlyCorianders,14521769
2026-07-10T01:07:31.394908,2026-07-10T01:07:31.406167+00:00,113.6,4,ask,Xinhong Shan,CostlyCorianders,14521770
2026-07-10T01:07:31.394908,2026-07-10T01:07:31.406167+00:00,113.4,27,ask,Andy Garg,CostlyCorianders,14521771
2026-07-10T01:07:31.465382,2026-07-10T01:07:31.473557+00:00,113.5,1,bid,Xuanyu Liu,Kelvin Chan,14521773
2026-07-10T01:07:31.775108,2026-07-10T01:07:31.784323+00:00,113.5,1,bid,Xuanyu Liu,Kelvin Chan,14521781
2026-07-10T01:07:31.795940,2026-07-10T01:07:31.804349+00:00,113.7,4,bid,Xuanyu Liu,Xinhong Shan,14521785
2026-07-10T01:07:32.157000,2026-07-10T01:07:32.166115+00:00,113.6,17,bid,Xuanyu Liu,EarnestEspressos,14521796
2026-07-10T01:07:32.998026,2026-07-10T01:07:33.009691+00:00,113.6,50,bid,FlawlessFlatbreads,EarnestEspressos,14521808
2026-07-10T01:07:35.107037,2026-07-10T01:07:35.117153+00:00,113.6,50,bid,FlawlessFlatbreads,EarnestEspressos,14521852
2026-07-10T01:07:37.213908,2026-07-10T01:07:37.225782+00:00,113.6,4,bid,FlawlessFlatbreads,Xinhong Shan,14521885
2026-07-10T01:07:37.213908,2026-07-10T01:07:37.225782+00:00,113.9,27,bid,FlawlessFlatbreads,Andy Garg,14521886
2026-07-10T01:07:37.213908,2026-07-10T01:07:37.225782+00:00,114.0,19,bid,FlawlessFlatbreads,DiligentDonuts,14521887
2026-07-10T01:07:37.377859,2026-07-10T01:07:37.386894+00:00,113.5,25,ask,DiligentDonuts,Lachy Miller,14521892
2026-07-10T01:07:38.499053,2026-07-10T01:07:38.510703+00:00,113.5,4,ask,Xinhong Shan,CostlyCorianders,14521910
2026-07-10T01:07:38.499053,2026-07-10T01:07:38.510703+00:00,113.4,40,ask,Andy Garg,CostlyCorianders,14521911
2026-07-10T01:07:38.499053,2026-07-10T01:07:38.510703+00:00,113.4,4,ask,DiligentDonuts,CostlyCorianders,14521912
2026-07-10T01:07:39.325327,2026-07-10T01:07:39.336780+00:00,113.8,40,bid,FlawlessFlatbreads,Andy Garg,14521936
2026-07-10T01:07:39.325327,2026-07-10T01:07:39.336780+00:00,113.8,4,bid,FlawlessFlatbreads,Xinhong Shan,14521937
2026-07-10T01:07:39.325327,2026-07-10T01:07:39.336780+00:00,113.9,6,bid,FlawlessFlatbreads,DiligentDonuts,14521938
2026-07-10T01:07:40.964997,2026-07-10T01:07:40.971590+00:00,113.6,5,bid,CostlyCorianders,Kelvin Chan,14521969
2026-07-10T01:07:40.964997,2026-07-10T01:07:40.976605+00:00,113.6,4,bid,CostlyCorianders,Xinhong Shan,14521970
2026-07-10T01:07:40.964997,2026-07-10T01:07:40.976605+00:00,113.9,35,bid,CostlyCorianders,DiligentDonuts,14521971
2026-07-10T01:07:41.435633,2026-07-10T01:07:41.444861+00:00,113.9,50,bid,FlawlessFlatbreads,EarnestEspressos,14521983
2026-07-10T01:07:43.589267,2026-07-10T01:07:43.596628+00:00,113.6,49,ask,EarnestEspressos,CostlyCorianders,14522023
2026-07-10T01:07:43.597772,2026-07-10T01:07:43.607360+00:00,113.6,50,ask,EarnestEspressos,FlawlessFlatbreads,14522024
2026-07-10T01:07:44.313559,2026-07-10T01:07:44.323474+00:00,113.6,12,ask,EarnestEspressos,Xuanyu Liu,14522033
2026-07-10T01:07:44.819284,2026-07-10T01:07:44.825552+00:00,113.6,4,ask,Xinhong Shan,EarnestEspressos,14522043
2026-07-10T01:07:45.704506,2026-07-10T01:07:45.716160+00:00,113.5,50,ask,DiligentDonuts,FlawlessFlatbreads,14522060
2026-07-10T01:07:46.111643,2026-07-10T01:07:46.123273+00:00,113.6,49,bid,CostlyCorianders,EarnestEspressos,14522072
2026-07-10T01:07:47.202361,2026-07-10T01:07:47.213662+00:00,113.6,41,bid,CostlyCorianders,EarnestEspressos,14522097
2026-07-10T01:07:47.258083,2026-07-10T01:07:47.269336+00:00,113.5,40,ask,DiligentDonuts,CostlyCorianders,14522099
2026-07-10T01:07:47.561152,2026-07-10T01:07:47.569686+00:00,113.6,12,bid,Xuanyu Liu,EarnestEspressos,14522106
2026-07-10T01:07:47.812470,2026-07-10T01:07:47.822342+00:00,113.5,4,ask,Xinhong Shan,FlawlessFlatbreads,14522114
2026-07-10T01:07:47.812470,2026-07-10T01:07:47.822342+00:00,113.4,40,ask,Andy Garg,FlawlessFlatbreads,14522115
2026-07-10T01:07:47.812470,2026-07-10T01:07:47.827312+00:00,113.2,6,ask,DiligentDonuts,FlawlessFlatbreads,14522116
2026-07-10T01:07:47.931859,2026-07-10T01:07:47.943508+00:00,113.6,4,bid,EarnestEspressos,Xinhong Shan,14522121
2026-07-10T01:07:47.931859,2026-07-10T01:07:47.943508+00:00,113.7,5,bid,EarnestEspressos,Kelvin Chan,14522122
2026-07-10T01:07:47.931859,2026-07-10T01:07:47.943508+00:00,113.7,100,bid,EarnestEspressos,DiligentDonuts,14522123
2026-07-10T01:07:48.055298,2026-07-10T01:07:48.064448+00:00,113.7,5,ask,EarnestEspressos,Kelvin Chan,14522124
2026-07-10T01:07:48.862731,2026-07-10T01:07:48.874437+00:00,113.7,5,ask,EarnestEspressos,Kelvin Chan,14522137
