timestamp,recv_time,price,volume,aggressor_side,buyer,seller,trade_id
2026-07-03T05:00:00.413893,2026-07-03T05:00:00.123368+00:00,115.2,42,bid,CostlyCorianders,EarnestEspressos,5313067
2026-07-03T05:00:01.996248,2026-07-03T05:00:02.008127+00:00,115.2,47,bid,CostlyCorianders,EarnestEspressos,5313082
2026-07-03T05:00:02.889809,2026-07-03T05:00:02.898108+00:00,115.0,3,ask,EarnestEspressos,Xuanyu Liu,5313093
2026-07-03T05:00:03.067977,2026-07-03T05:00:03.074252+00:00,115.0,25,ask,EarnestEspressos,Alice Feng,5313098
2026-07-03T05:00:03.125518,2026-07-03T05:00:03.137161+00:00,115.0,50,ask,EarnestEspressos,FlawlessFlatbreads,5313100
2026-07-03T05:00:03.276491,2026-07-03T05:00:03.288229+00:00,115.0,25,ask,EarnestEspressos,Alice Feng,5313102
2026-07-03T05:00:03.486819,2026-07-03T05:00:03.498277+00:00,115.0,25,ask,EarnestEspressos,Alice Feng,5313105
2026-07-03T05:00:03.530640,2026-07-03T05:00:03.541443+00:00,115.0,22,ask,EarnestEspressos,DiligentDonuts,5313109
2026-07-03T05:00:04.204534,2026-07-03T05:00:04.212955+00:00,115.0,3,bid,Xuanyu Liu,DiligentDonuts,5313119
2026-07-03T05:00:04.841396,2026-07-03T05:00:04.849007+00:00,115.0,44,bid,CostlyCorianders,DiligentDonuts,5313127
2026-07-03T05:00:05.182755,2026-07-03T05:00:05.193519+00:00,115.0,31,bid,FlawlessFlatbreads,DiligentDonuts,5313140
2026-07-03T05:00:05.182755,2026-07-03T05:00:05.193519+00:00,115.5,19,bid,FlawlessFlatbreads,EarnestEspressos,5313141
2026-07-03T05:00:05.214193,2026-07-03T05:00:05.221362+00:00,114.5,22,ask,DiligentDonuts,Zihao Wu,5313143
2026-07-03T05:00:05.384946,2026-07-03T05:00:05.397022+00:00,114.6,49,ask,EarnestEspressos,CostlyCorianders,5313145
2026-07-03T05:00:06.971651,2026-07-03T05:00:06.983050+00:00,114.8,45,ask,DiligentDonuts,CostlyCorianders,5313177
2026-07-03T05:00:08.573365,2026-07-03T05:00:08.581252+00:00,114.8,55,ask,DiligentDonuts,EarnestEspressos,5313202
2026-07-03T05:00:08.712266,2026-07-03T05:00:08.723197+00:00,114.7,25,bid,Alice Feng,EarnestEspressos,5313204
2026-07-03T05:00:08.925006,2026-07-03T05:00:08.934414+00:00,114.7,25,bid,Alice Feng,EarnestEspressos,5313211
2026-07-03T05:00:09.203531,2026-07-03T05:00:09.212721+00:00,114.7,25,bid,Alice Feng,EarnestEspressos,5313216
2026-07-03T05:00:09.399841,2026-07-03T05:00:09.406608+00:00,114.7,20,bid,FlawlessFlatbreads,EarnestEspressos,5313217
2026-07-03T05:00:09.399841,2026-07-03T05:00:09.412145+00:00,115.3,30,bid,FlawlessFlatbreads,DiligentDonuts,5313218
2026-07-03T05:00:13.638729,2026-07-03T05:00:13.647091+00:00,115.2,50,bid,FlawlessFlatbreads,DiligentDonuts,5313285
2026-07-03T05:00:14.234030,2026-07-03T05:00:14.241480+00:00,115.2,46,bid,CostlyCorianders,DiligentDonuts,5313294
2026-07-03T05:00:15.745635,2026-07-03T05:00:15.757214+00:00,115.2,4,bid,FlawlessFlatbreads,DiligentDonuts,5313310
2026-07-03T05:00:15.745635,2026-07-03T05:00:15.757214+00:00,115.6,46,bid,FlawlessFlatbreads,EarnestEspressos,5313311
2026-07-03T05:00:17.905314,2026-07-03T05:00:17.915668+00:00,115.1,50,ask,EarnestEspressos,FlawlessFlatbreads,5313352
2026-07-03T05:00:19.016455,2026-07-03T05:00:19.028028+00:00,115.1,40,ask,DiligentDonuts,CostlyCorianders,5313364
2026-07-03T05:00:21.273071,2026-07-03T05:00:21.288506+00:00,115.1,25,ask,DiligentDonuts,Alice Feng,5313392
2026-07-03T05:00:21.276417,2026-07-03T05:00:21.288506+00:00,115.1,3,ask,DiligentDonuts,Xuanyu Liu,5313393
2026-07-03T05:00:21.486824,2026-07-03T05:00:21.494268+00:00,115.1,25,ask,DiligentDonuts,Alice Feng,5313403
2026-07-03T05:00:21.694816,2026-07-03T05:00:21.701555+00:00,115.1,25,ask,DiligentDonuts,Alice Feng,5313408
2026-07-03T05:00:21.903216,2026-07-03T05:00:21.914553+00:00,115.1,22,ask,DiligentDonuts,Alice Feng,5313414
2026-07-03T05:00:21.911435,2026-07-03T05:00:21.920021+00:00,115.0,2,ask,EarnestEspressos,Alice Feng,5313416
2026-07-03T05:00:22.064400,2026-07-03T05:00:22.076304+00:00,115.5,50,bid,FlawlessFlatbreads,EarnestEspressos,5313417
2026-07-03T05:00:22.116201,2026-07-03T05:00:22.127720+00:00,115.0,1,ask,EarnestEspressos,Alice Feng,5313418
2026-07-03T05:00:22.493439,2026-07-03T05:00:22.502866+00:00,115.0,100,ask,EarnestEspressos,DiligentDonuts,5313421
2026-07-03T05:00:25.274240,2026-07-03T05:00:25.282724+00:00,115.1,22,bid,Zihao Wu,EarnestEspressos,5313465
2026-07-03T05:00:25.536071,2026-07-03T05:00:25.547863+00:00,115.1,40,bid,CostlyCorianders,EarnestEspressos,5313471
2026-07-03T05:00:26.529708,2026-07-03T05:00:26.536345+00:00,114.9,25,ask,DiligentDonuts,Alice Feng,5313490
2026-07-03T05:00:26.737480,2026-07-03T05:00:26.748800+00:00,114.9,25,ask,DiligentDonuts,Alice Feng,5313499
2026-07-03T05:00:26.946359,2026-07-03T05:00:26.958635+00:00,114.9,25,ask,DiligentDonuts,Alice Feng,5313504
2026-07-03T05:00:27.156740,2026-07-03T05:00:27.168124+00:00,114.9,22,ask,DiligentDonuts,Alice Feng,5313510
2026-07-03T05:00:28.098722,2026-07-03T05:00:28.116723+00:00,114.9,3,ask,DiligentDonuts,CostlyCorianders,5313521
2026-07-03T05:00:28.098722,2026-07-03T05:00:28.116723+00:00,114.6,44,ask,EarnestEspressos,CostlyCorianders,5313522
2026-07-03T05:00:28.408267,2026-07-03T05:00:28.419654+00:00,115.1,50,bid,FlawlessFlatbreads,EarnestEspressos,5313524
2026-07-03T05:00:30.591807,2026-07-03T05:00:30.603301+00:00,114.7,50,ask,DiligentDonuts,FlawlessFlatbreads,5313569
2026-07-03T05:00:32.050079,2026-07-03T05:00:32.058636+00:00,115.1,41,bid,CostlyCorianders,DiligentDonuts,5313596
2026-07-03T05:00:32.697741,2026-07-03T05:00:32.709265+00:00,114.9,50,ask,EarnestEspressos,FlawlessFlatbreads,5313607
2026-07-03T05:00:33.630349,2026-07-03T05:00:33.640310+00:00,114.9,48,ask,EarnestEspressos,CostlyCorianders,5313617
2026-07-03T05:00:33.911817,2026-07-03T05:00:33.920697+00:00,115.0,3,bid,Xuanyu Liu,EarnestEspressos,5313623
2026-07-03T05:00:34.752596,2026-07-03T05:00:34.764005+00:00,115.0,50,bid,FlawlessFlatbreads,EarnestEspressos,5313635
2026-07-03T05:00:34.757719,2026-07-03T05:00:34.764005+00:00,115.0,46,bid,CostlyCorianders,EarnestEspressos,5313636
2026-07-03T05:00:36.369723,2026-07-03T05:00:36.378458+00:00,115.0,44,bid,CostlyCorianders,EarnestEspressos,5313667
2026-07-03T05:00:36.909357,2026-07-03T05:00:36.920734+00:00,114.6,50,ask,DiligentDonuts,FlawlessFlatbreads,5313670
2026-07-03T05:00:37.014644,2026-07-03T05:00:37.023475+00:00,115.1,100,bid,EarnestEspressos,DiligentDonuts,5313672
2026-07-03T05:00:38.516908,2026-07-03T05:00:38.528617+00:00,115.1,42,ask,EarnestEspressos,CostlyCorianders,5313688
2026-07-03T05:00:39.015610,2026-07-03T05:00:39.027220+00:00,115.1,8,ask,EarnestEspressos,FlawlessFlatbreads,5313696
2026-07-03T05:00:39.015610,2026-07-03T05:00:39.027220+00:00,114.8,42,ask,DiligentDonuts,FlawlessFlatbreads,5313697
2026-07-03T05:00:40.426618,2026-07-03T05:00:40.438091+00:00,115.2,43,bid,CostlyCorianders,EarnestEspressos,5313719
2026-07-03T05:00:40.907135,2026-07-03T05:00:40.918830+00:00,114.8,44,ask,DiligentDonuts,CostlyCorianders,5313725
2026-07-03T05:00:41.123918,2026-07-03T05:00:41.135708+00:00,114.8,14,ask,DiligentDonuts,FlawlessFlatbreads,5313729
2026-07-03T05:00:41.123918,2026-07-03T05:00:41.135708+00:00,114.7,36,ask,EarnestEspressos,FlawlessFlatbreads,5313730
2026-07-03T05:00:41.485255,2026-07-03T05:00:41.496857+00:00,114.7,100,ask,EarnestEspressos,DiligentDonuts,5313732
2026-07-03T05:00:42.809188,2026-07-03T05:00:42.820666+00:00,114.7,14,ask,EarnestEspressos,CostlyCorianders,5313758
2026-07-03T05:00:43.232154,2026-07-03T05:00:43.243972+00:00,114.2,50,ask,DiligentDonuts,FlawlessFlatbreads,5313762
2026-07-03T05:00:43.399970,2026-07-03T05:00:43.409663+00:00,114.4,25,bid,Alice Feng,EarnestEspressos,5313767
2026-07-03T05:00:43.402346,2026-07-03T05:00:43.409663+00:00,114.4,14,bid,Xuanyu Liu,EarnestEspressos,5313768
2026-07-03T05:00:43.581660,2026-07-03T05:00:43.590038+00:00,114.4,35,bid,Xuanyu Liu,EarnestEspressos,5313772
2026-07-03T05:00:43.625294,2026-07-03T05:00:43.631841+00:00,114.4,25,bid,Alice Feng,EarnestEspressos,5313776
2026-07-03T05:00:43.834256,2026-07-03T05:00:43.841775+00:00,114.4,42,bid,CostlyCorianders,EarnestEspressos,5313779
2026-07-03T05:00:43.840287,2026-07-03T05:00:43.846743+00:00,114.4,9,bid,Alice Feng,EarnestEspressos,5313780
2026-07-03T05:00:44.669494,2026-07-03T05:00:44.677249+00:00,114.7,23,ask,DiligentDonuts,Xuanyu Liu,5313800
2026-07-03T05:00:45.341849,2026-07-03T05:00:45.358612+00:00,114.7,50,ask,DiligentDonuts,FlawlessFlatbreads,5313818
2026-07-03T05:00:45.457529,2026-07-03T05:00:45.465776+00:00,114.7,27,ask,DiligentDonuts,CostlyCorianders,5313819
2026-07-03T05:00:46.013031,2026-07-03T05:00:46.024532+00:00,115.2,41,bid,CostlyCorianders,DiligentDonuts,5313826
2026-07-03T05:00:47.448735,2026-07-03T05:00:47.458591+00:00,114.7,50,ask,EarnestEspressos,FlawlessFlatbreads,5313854
2026-07-03T05:00:47.901008,2026-07-03T05:00:47.908003+00:00,115.0,25,bid,Alice Feng,DiligentDonuts,5313860
2026-07-03T05:00:48.109113,2026-07-03T05:00:48.116558+00:00,115.0,25,bid,Alice Feng,DiligentDonuts,5313865
2026-07-03T05:00:48.317912,2026-07-03T05:00:48.324677+00:00,115.0,25,bid,Alice Feng,DiligentDonuts,5313869
2026-07-03T05:00:48.526348,2026-07-03T05:00:48.533623+00:00,115.0,25,bid,Alice Feng,DiligentDonuts,5313874
2026-07-03T05:00:49.555880,2026-07-03T05:00:49.567217+00:00,114.7,50,ask,EarnestEspressos,FlawlessFlatbreads,5313888
2026-07-03T05:00:49.736424,2026-07-03T05:00:49.746199+00:00,114.9,25,bid,Alice Feng,EarnestEspressos,5313896
2026-07-03T05:00:49.947176,2026-07-03T05:00:49.957567+00:00,114.9,16,bid,Alice Feng,EarnestEspressos,5313904
2026-07-03T05:00:50.933049,2026-07-03T05:00:50.940575+00:00,114.7,12,ask,DiligentDonuts,Xuanyu Liu,5313926
2026-07-03T05:00:52.975415,2026-07-03T05:00:52.986990+00:00,114.7,40,ask,DiligentDonuts,CostlyCorianders,5313966
2026-07-03T05:00:53.713533,2026-07-03T05:00:53.725170+00:00,114.9,50,bid,FlawlessFlatbreads,EarnestEspressos,5313971
2026-07-03T05:00:54.989439,2026-07-03T05:00:55.000841+00:00,114.6,46,ask,DiligentDonuts,CostlyCorianders,5313996
2026-07-03T05:00:55.872836,2026-07-03T05:00:55.884245+00:00,114.6,50,ask,DiligentDonuts,FlawlessFlatbreads,5314007
2026-07-03T05:00:57.979626,2026-07-03T05:00:57.987107+00:00,114.5,50,ask,EarnestEspressos,FlawlessFlatbreads,5314044
2026-07-03T05:01:00.086914,2026-07-03T05:01:00.098609+00:00,114.4,50,ask,EarnestEspressos,FlawlessFlatbreads,5314076
2026-07-03T05:01:00.995879,2026-07-03T05:01:01.006066+00:00,114.5,45,bid,CostlyCorianders,DiligentDonuts,5314083
2026-07-03T05:01:01.970132,2026-07-03T05:01:01.980029+00:00,114.4,14,ask,EarnestEspressos,Xuanyu Liu,5314104
2026-07-03T05:01:02.193686,2026-07-03T05:01:02.205246+00:00,114.4,50,ask,EarnestEspressos,FlawlessFlatbreads,5314110
2026-07-03T05:01:02.392490,2026-07-03T05:01:02.404307+00:00,114.0,100,ask,DiligentDonuts,EarnestEspressos,5314112
2026-07-03T05:01:02.406149,2026-07-03T05:01:02.416390+00:00,113.9,49,bid,Xuanyu Liu,EarnestEspressos,5314114
2026-07-03T05:01:02.575412,2026-07-03T05:01:02.583275+00:00,113.9,1,bid,Zihao Wu,EarnestEspressos,5314120
2026-07-03T05:01:04.250725,2026-07-03T05:01:04.263886+00:00,114.5,50,bid,FlawlessFlatbreads,DiligentDonuts,5314146
2026-07-03T05:01:05.517120,2026-07-03T05:01:05.525455+00:00,114.3,23,ask,EarnestEspressos,Xuanyu Liu,5314169
2026-07-03T05:01:05.894190,2026-07-03T05:01:05.902500+00:00,114.3,12,ask,EarnestEspressos,Xuanyu Liu,5314179
2026-07-03T05:01:06.357522,2026-07-03T05:01:06.368956+00:00,114.5,50,bid,FlawlessFlatbreads,DiligentDonuts,5314188
2026-07-03T05:01:07.723100,2026-07-03T05:01:07.734964+00:00,114.5,43,bid,CostlyCorianders,DiligentDonuts,5314196
2026-07-03T05:01:08.210250,2026-07-03T05:01:08.219449+00:00,114.3,40,ask,EarnestEspressos,CostlyCorianders,5314209
2026-07-03T05:01:08.465288,2026-07-03T05:01:08.476938+00:00,114.5,50,bid,FlawlessFlatbreads,DiligentDonuts,5314210
2026-07-03T05:01:09.881638,2026-07-03T05:01:09.893028+00:00,114.3,100,bid,DiligentDonuts,EarnestEspressos,5314226
2026-07-03T05:01:10.405460,2026-07-03T05:01:10.416777+00:00,114.3,47,bid,CostlyCorianders,EarnestEspressos,5314237
2026-07-03T05:01:10.938511,2026-07-03T05:01:10.946513+00:00,114.3,3,bid,CostlyCorianders,EarnestEspressos,5314246
2026-07-03T05:01:11.838918,2026-07-03T05:01:11.847648+00:00,114.6,14,ask,EarnestEspressos,Xuanyu Liu,5314253
2026-07-03T05:01:12.361157,2026-07-03T05:01:12.369748+00:00,114.6,46,ask,EarnestEspressos,CostlyCorianders,5314265
2026-07-03T05:01:12.733734,2026-07-03T05:01:12.745339+00:00,114.6,50,ask,EarnestEspressos,FlawlessFlatbreads,5314277
2026-07-03T05:01:13.458385,2026-07-03T05:01:13.470161+00:00,114.7,47,bid,CostlyCorianders,DiligentDonuts,5314284
2026-07-03T05:01:14.369538,2026-07-03T05:01:14.381033+00:00,114.6,40,ask,EarnestEspressos,CostlyCorianders,5314298
2026-07-03T05:01:14.369538,2026-07-03T05:01:14.381033+00:00,114.2,2,ask,DiligentDonuts,CostlyCorianders,5314299
2026-07-03T05:01:16.473009,2026-07-03T05:01:16.484366+00:00,114.7,41,bid,CostlyCorianders,EarnestEspressos,5314331
2026-07-03T05:01:16.527579,2026-07-03T05:01:16.537724+00:00,114.5,42,ask,DiligentDonuts,CostlyCorianders,5314333
2026-07-03T05:01:16.893507,2026-07-03T05:01:16.905226+00:00,114.7,50,bid,FlawlessFlatbreads,EarnestEspressos,5314336
2026-07-03T05:01:17.488556,2026-07-03T05:01:17.500250+00:00,114.7,40,bid,CostlyCorianders,EarnestEspressos,5314342
2026-07-03T05:01:19.001445,2026-07-03T05:01:19.008849+00:00,115.0,50,bid,FlawlessFlatbreads,DiligentDonuts,5314364
2026-07-03T05:01:20.593205,2026-07-03T05:01:20.604435+00:00,114.6,40,ask,EarnestEspressos,CostlyCorianders,5314393
2026-07-03T05:01:21.107126,2026-07-03T05:01:21.118390+00:00,114.9,50,bid,FlawlessFlatbreads,DiligentDonuts,5314397
2026-07-03T05:01:21.536343,2026-07-03T05:01:21.547727+00:00,114.5,45,ask,EarnestEspressos,CostlyCorianders,5314401
2026-07-03T05:01:23.217447,2026-07-03T05:01:23.225349+00:00,115.0,50,bid,FlawlessFlatbreads,EarnestEspressos,5314437
2026-07-03T05:01:25.724946,2026-07-03T05:01:25.732781+00:00,114.9,100,bid,DiligentDonuts,EarnestEspressos,5314475
2026-07-03T05:01:26.590710,2026-07-03T05:01:26.600507+00:00,114.9,45,bid,CostlyCorianders,EarnestEspressos,5314490
2026-07-03T05:01:26.859686,2026-07-03T05:01:26.867417+00:00,114.9,3,bid,Xuanyu Liu,EarnestEspressos,5314498
2026-07-03T05:01:27.438326,2026-07-03T05:01:27.449660+00:00,114.9,2,bid,FlawlessFlatbreads,EarnestEspressos,5314510
2026-07-03T05:01:27.634410,2026-07-03T05:01:27.644524+00:00,115.4,100,bid,EarnestEspressos,DiligentDonuts,5314513
2026-07-03T05:01:27.697372,2026-07-03T05:01:27.705303+00:00,115.5,17,ask,EarnestEspressos,Xuanyu Liu,5314515
2026-07-03T05:01:27.828705,2026-07-03T05:01:27.837186+00:00,115.5,25,ask,EarnestEspressos,Alice Feng,5314518
2026-07-03T05:01:28.051351,2026-07-03T05:01:28.064007+00:00,115.5,8,ask,EarnestEspressos,Alice Feng,5314523
2026-07-03T05:01:29.599641,2026-07-03T05:01:29.608331+00:00,115.2,50,ask,DiligentDonuts,FlawlessFlatbreads,5314565
2026-07-03T05:01:30.240215,2026-07-03T05:01:30.247045+00:00,115.2,46,ask,DiligentDonuts,CostlyCorianders,5314570
2026-07-03T05:01:31.792295,2026-07-03T05:01:31.803885+00:00,115.2,4,ask,DiligentDonuts,CostlyCorianders,5314591
2026-07-03T05:01:32.119448,2026-07-03T05:01:32.127806+00:00,115.2,11,bid,Xuanyu Liu,DiligentDonuts,5314597
2026-07-03T05:01:33.301899,2026-07-03T05:01:33.309435+00:00,115.2,3,bid,Xuanyu Liu,DiligentDonuts,5314621
2026-07-03T05:01:33.317653,2026-07-03T05:01:33.325079+00:00,115.2,25,bid,Alice Feng,DiligentDonuts,5314624
2026-07-03T05:01:33.529200,2026-07-03T05:01:33.538000+00:00,115.2,8,bid,Alice Feng,DiligentDonuts,5314634
2026-07-03T05:01:33.762192,2026-07-03T05:01:33.773777+00:00,115.2,50,bid,FlawlessFlatbreads,DiligentDonuts,5314641
2026-07-03T05:01:36.927517,2026-07-03T05:01:36.934216+00:00,115.5,40,bid,CostlyCorianders,EarnestEspressos,5314687
2026-07-03T05:01:38.763213,2026-07-03T05:01:38.770994+00:00,115.1,47,ask,EarnestEspressos,CostlyCorianders,5314713
2026-07-03T05:01:40.010849,2026-07-03T05:01:40.022167+00:00,115.5,42,bid,CostlyCorianders,DiligentDonuts,5314734
2026-07-03T05:01:40.562274,2026-07-03T05:01:40.579988+00:00,115.1,41,ask,EarnestEspressos,CostlyCorianders,5314747
2026-07-03T05:01:42.180981,2026-07-03T05:01:42.192369+00:00,115.4,50,bid,FlawlessFlatbreads,DiligentDonuts,5314769
2026-07-03T05:01:42.525903,2026-07-03T05:01:42.537330+00:00,115.4,45,bid,CostlyCorianders,DiligentDonuts,5314773
2026-07-03T05:01:42.580409,2026-07-03T05:01:42.592091+00:00,115.1,46,ask,EarnestEspressos,CostlyCorianders,5314775
2026-07-03T05:01:43.199747,2026-07-03T05:01:43.211488+00:00,115.4,5,bid,CostlyCorianders,DiligentDonuts,5314795
2026-07-03T05:01:43.199747,2026-07-03T05:01:43.211488+00:00,115.6,36,bid,CostlyCorianders,EarnestEspressos,5314796
2026-07-03T05:01:44.288534,2026-07-03T05:01:44.299857+00:00,115.1,50,bid,FlawlessFlatbreads,EarnestEspressos,5314810
2026-07-03T05:01:44.698918,2026-07-03T05:01:44.706174+00:00,115.1,100,bid,DiligentDonuts,EarnestEspressos,5314814
2026-07-03T05:01:44.888739,2026-07-03T05:01:44.895790+00:00,114.6,22,ask,EarnestEspressos,Zihao Wu,5314817
2026-07-03T05:01:46.395686,2026-07-03T05:01:46.407236+00:00,115.9,50,bid,FlawlessFlatbreads,DiligentDonuts,5314843
2026-07-03T05:01:48.553043,2026-07-03T05:01:48.564690+00:00,115.2,50,ask,EarnestEspressos,FlawlessFlatbreads,5314879
2026-07-03T05:01:50.612032,2026-07-03T05:01:50.618936+00:00,115.3,50,bid,FlawlessFlatbreads,EarnestEspressos,5314915
2026-07-03T05:01:50.972544,2026-07-03T05:01:50.984142+00:00,115.1,49,ask,DiligentDonuts,CostlyCorianders,5314923
2026-07-03T05:01:51.566181,2026-07-03T05:01:51.574208+00:00,115.3,49,bid,CostlyCorianders,EarnestEspressos,5314933
2026-07-03T05:01:52.935845,2026-07-03T05:01:52.944574+00:00,115.0,3,ask,EarnestEspressos,Xuanyu Liu,5314959
2026-07-03T05:01:52.969452,2026-07-03T05:01:52.980434+00:00,115.0,25,ask,EarnestEspressos,Alice Feng,5314961
2026-07-03T05:01:53.378241,2026-07-03T05:01:53.389908+00:00,115.0,25,ask,EarnestEspressos,Alice Feng,5314973
2026-07-03T05:01:53.587468,2026-07-03T05:01:53.598957+00:00,115.0,25,ask,EarnestEspressos,Alice Feng,5314979
2026-07-03T05:01:53.795576,2026-07-03T05:01:53.806269+00:00,115.0,25,ask,EarnestEspressos,Alice Feng,5314986
2026-07-03T05:01:54.003919,2026-07-03T05:01:54.015374+00:00,115.0,25,ask,EarnestEspressos,Alice Feng,5314994
2026-07-03T05:01:54.214954,2026-07-03T05:01:54.224235+00:00,115.0,22,ask,EarnestEspressos,Alice Feng,5314998
2026-07-03T05:01:54.822367,2026-07-03T05:01:54.833812+00:00,115.1,50,bid,FlawlessFlatbreads,DiligentDonuts,5315017
2026-07-03T05:01:56.151290,2026-07-03T05:01:56.161034+00:00,114.6,47,ask,DiligentDonuts,CostlyCorianders,5315036
2026-07-03T05:01:56.929010,2026-07-03T05:01:56.938776+00:00,114.9,50,bid,FlawlessFlatbreads,EarnestEspressos,5315050
2026-07-03T05:01:57.031222,2026-07-03T05:01:57.039606+00:00,114.9,3,bid,Xuanyu Liu,EarnestEspressos,5315052
2026-07-03T05:01:59.035803,2026-07-03T05:01:59.043658+00:00,114.9,50,bid,FlawlessFlatbreads,EarnestEspressos,5315091
2026-07-03T05:01:59.645088,2026-07-03T05:01:59.659680+00:00,114.8,25,ask,DiligentDonuts,Alice Feng,5315105
2026-07-03T05:01:59.651636,2026-07-03T05:01:59.659680+00:00,114.8,3,ask,DiligentDonuts,Xuanyu Liu,5315107
2026-07-03T05:01:59.853544,2026-07-03T05:01:59.858553+00:00,114.8,25,ask,DiligentDonuts,Alice Feng,5315109
2026-07-03T05:02:00.064663,2026-07-03T05:02:00.076175+00:00,114.8,3,ask,DiligentDonuts,Alice Feng,5315116
2026-07-03T05:02:00.230019,2026-07-03T05:02:00.240476+00:00,115.3,48,bid,CostlyCorianders,DiligentDonuts,5315119
2026-07-03T05:02:01.313016,2026-07-03T05:02:01.324548+00:00,114.8,42,ask,EarnestEspressos,CostlyCorianders,5315133
2026-07-03T05:02:02.956652,2026-07-03T05:02:02.958600+00:00,114.9,44,bid,CostlyCorianders,DiligentDonuts,5315166
2026-07-03T05:02:03.297493,2026-07-03T05:02:03.309132+00:00,114.5,50,ask,EarnestEspressos,FlawlessFlatbreads,5315169
2026-07-03T05:02:03.590093,2026-07-03T05:02:03.600002+00:00,114.9,3,bid,Xuanyu Liu,DiligentDonuts,5315179
2026-07-03T05:02:04.900002,2026-07-03T05:02:04.908039+00:00,114.9,14,ask,DiligentDonuts,Xuanyu Liu,5315204
2026-07-03T05:02:05.423868,2026-07-03T05:02:05.435159+00:00,114.9,50,ask,DiligentDonuts,FlawlessFlatbreads,5315213
2026-07-03T05:02:05.629645,2026-07-03T05:02:05.650643+00:00,114.9,36,ask,DiligentDonuts,EarnestEspressos,5315218
2026-07-03T05:02:05.642360,2026-07-03T05:02:05.650643+00:00,114.6,11,bid,Xuanyu Liu,EarnestEspressos,5315220
2026-07-03T05:02:05.712164,2026-07-03T05:02:05.719692+00:00,114.6,22,bid,Zihao Wu,EarnestEspressos,5315223
2026-07-03T05:02:06.005255,2026-07-03T05:02:06.013624+00:00,114.6,3,bid,Alice Feng,EarnestEspressos,5315227
2026-07-03T05:02:06.290886,2026-07-03T05:02:06.297285+00:00,114.6,25,bid,Alice Feng,EarnestEspressos,5315235
2026-07-03T05:02:06.500010,2026-07-03T05:02:06.511306+00:00,114.6,25,bid,Alice Feng,EarnestEspressos,5315242
2026-07-03T05:02:06.711250,2026-07-03T05:02:06.721394+00:00,114.6,25,bid,Alice Feng,EarnestEspressos,5315246
2026-07-03T05:02:06.920722,2026-07-03T05:02:06.931331+00:00,114.6,3,bid,Xuanyu Liu,EarnestEspressos,5315249
2026-07-03T05:02:06.980931,2026-07-03T05:02:06.992408+00:00,114.9,46,bid,CostlyCorianders,DiligentDonuts,5315251
2026-07-03T05:02:07.529124,2026-07-03T05:02:07.536504+00:00,114.4,50,ask,DiligentDonuts,FlawlessFlatbreads,5315259
2026-07-03T05:02:07.597908,2026-07-03T05:02:07.605110+00:00,114.4,43,ask,DiligentDonuts,CostlyCorianders,5315263
2026-07-03T05:02:08.738408,2026-07-03T05:02:08.749998+00:00,114.9,54,bid,EarnestEspressos,DiligentDonuts,5315294
2026-07-03T05:02:09.637521,2026-07-03T05:02:09.645398+00:00,114.9,3,ask,EarnestEspressos,Xuanyu Liu,5315310
2026-07-03T05:02:09.663882,2026-07-03T05:02:09.675471+00:00,114.9,50,ask,EarnestEspressos,FlawlessFlatbreads,5315313
2026-07-03T05:02:09.802045,2026-07-03T05:02:09.813477+00:00,114.9,25,ask,EarnestEspressos,Alice Feng,5315317
2026-07-03T05:02:10.012183,2026-07-03T05:02:10.023568+00:00,114.9,18,ask,EarnestEspressos,Alice Feng,5315320
2026-07-03T05:02:10.822796,2026-07-03T05:02:10.832909+00:00,114.3,49,ask,DiligentDonuts,CostlyCorianders,5315342
2026-07-03T05:02:12.897173,2026-07-03T05:02:12.908447+00:00,114.7,46,bid,CostlyCorianders,EarnestEspressos,5315370
2026-07-03T05:02:13.285506,2026-07-03T05:02:13.295012+00:00,114.6,3,bid,Xuanyu Liu,DiligentDonuts,5315375
2026-07-03T05:02:14.254087,2026-07-03T05:02:14.258536+00:00,114.6,25,bid,Alice Feng,DiligentDonuts,5315384
2026-07-03T05:02:14.267035,2026-07-03T05:02:14.277969+00:00,114.6,40,bid,CostlyCorianders,DiligentDonuts,5315385
2026-07-03T05:02:14.664290,2026-07-03T05:02:14.670487+00:00,114.6,25,bid,Alice Feng,DiligentDonuts,5315393
2026-07-03T05:02:14.872539,2026-07-03T05:02:14.880709+00:00,114.6,7,bid,Alice Feng,DiligentDonuts,5315399
2026-07-03T05:02:14.876012,2026-07-03T05:02:14.885695+00:00,114.7,2,bid,Alice Feng,EarnestEspressos,5315400
2026-07-03T05:02:17.963448,2026-07-03T05:02:17.973335+00:00,114.5,46,ask,EarnestEspressos,CostlyCorianders,5315454
2026-07-03T05:02:18.123527,2026-07-03T05:02:18.133176+00:00,114.5,50,ask,EarnestEspressos,FlawlessFlatbreads,5315462
2026-07-03T05:02:18.467457,2026-07-03T05:02:18.478891+00:00,114.5,25,bid,Alice Feng,EarnestEspressos,5315468
2026-07-03T05:02:18.677475,2026-07-03T05:02:18.684972+00:00,114.5,25,bid,Alice Feng,EarnestEspressos,5315475
2026-07-03T05:02:18.887083,2026-07-03T05:02:18.893442+00:00,114.5,25,bid,Alice Feng,EarnestEspressos,5315479
2026-07-03T05:02:19.096949,2026-07-03T05:02:19.103508+00:00,114.5,25,bid,Alice Feng,EarnestEspressos,5315481
2026-07-03T05:02:20.105161,2026-07-03T05:02:20.113216+00:00,114.0,46,ask,EarnestEspressos,CostlyCorianders,5315502
2026-07-03T05:02:20.229889,2026-07-03T05:02:20.241419+00:00,114.0,50,ask,EarnestEspressos,FlawlessFlatbreads,5315506
2026-07-03T05:02:21.912274,2026-07-03T05:02:21.923313+00:00,114.3,6,bid,Alice Feng,EarnestEspressos,5315535
2026-07-03T05:02:22.310598,2026-07-03T05:02:22.321320+00:00,114.3,50,bid,FlawlessFlatbreads,EarnestEspressos,5315539
2026-07-03T05:02:24.415942,2026-07-03T05:02:24.427380+00:00,114.3,50,bid,FlawlessFlatbreads,EarnestEspressos,5315556
2026-07-03T05:02:26.525085,2026-07-03T05:02:26.539832+00:00,114.5,50,bid,FlawlessFlatbreads,DiligentDonuts,5315586
2026-07-03T05:02:28.632314,2026-07-03T05:02:28.643471+00:00,114.4,50,bid,FlawlessFlatbreads,EarnestEspressos,5315613
2026-07-03T05:02:30.739331,2026-07-03T05:02:30.750974+00:00,114.2,50,bid,FlawlessFlatbreads,DiligentDonuts,5315640
2026-07-03T05:02:32.619142,2026-07-03T05:02:32.625678+00:00,114.4,40,bid,CostlyCorianders,EarnestEspressos,5315667
2026-07-03T05:02:32.896758,2026-07-03T05:02:32.908168+00:00,114.1,50,ask,DiligentDonuts,FlawlessFlatbreads,5315670
2026-07-03T05:02:33.134040,2026-07-03T05:02:33.145564+00:00,114.4,46,bid,CostlyCorianders,EarnestEspressos,5315671
2026-07-03T05:02:33.734123,2026-07-03T05:02:33.745223+00:00,114.1,26,ask,DiligentDonuts,Xuanyu Liu,5315677
2026-07-03T05:02:33.737752,2026-07-03T05:02:33.745223+00:00,114.1,24,ask,DiligentDonuts,Alice Feng,5315678
2026-07-03T05:02:33.750634,2026-07-03T05:02:33.765924+00:00,113.9,1,ask,EarnestEspressos,Alice Feng,5315681
2026-07-03T05:02:33.955367,2026-07-03T05:02:33.966642+00:00,113.9,25,ask,EarnestEspressos,Alice Feng,5315692
2026-07-03T05:02:34.163734,2026-07-03T05:02:34.175002+00:00,113.9,25,ask,EarnestEspressos,Alice Feng,5315698
2026-07-03T05:02:34.178879,2026-07-03T05:02:34.185490+00:00,113.9,47,ask,EarnestEspressos,CostlyCorianders,5315700
2026-07-03T05:02:34.372076,2026-07-03T05:02:34.383659+00:00,113.9,25,ask,EarnestEspressos,Alice Feng,5315705
2026-07-03T05:02:34.581451,2026-07-03T05:02:34.590509+00:00,113.9,25,ask,EarnestEspressos,Alice Feng,5315710
2026-07-03T05:02:34.790148,2026-07-03T05:02:34.801804+00:00,113.9,25,ask,EarnestEspressos,Alice Feng,5315712
2026-07-03T05:02:35.025981,2026-07-03T05:02:35.035501+00:00,113.9,3,ask,EarnestEspressos,Alice Feng,5315714
2026-07-03T05:02:35.687603,2026-07-03T05:02:35.698100+00:00,114.3,43,bid,CostlyCorianders,DiligentDonuts,5315734
2026-07-03T05:02:37.132886,2026-07-03T05:02:37.144571+00:00,113.8,50,ask,DiligentDonuts,FlawlessFlatbreads,5315766
2026-07-03T05:02:37.151109,2026-07-03T05:02:37.159909+00:00,113.8,41,ask,DiligentDonuts,CostlyCorianders,5315767
2026-07-03T05:02:37.264991,2026-07-03T05:02:37.273162+00:00,113.9,12,bid,Xuanyu Liu,EarnestEspressos,5315769
2026-07-03T05:02:37.801772,2026-07-03T05:02:37.813571+00:00,113.8,9,ask,DiligentDonuts,CostlyCorianders,5315776
2026-07-03T05:02:37.801772,2026-07-03T05:02:37.813571+00:00,113.4,35,ask,EarnestEspressos,CostlyCorianders,5315777
2026-07-03T05:02:38.908646,2026-07-03T05:02:38.920024+00:00,113.9,47,bid,CostlyCorianders,EarnestEspressos,5315805
2026-07-03T05:02:41.354647,2026-07-03T05:02:41.363978+00:00,113.4,50,ask,DiligentDonuts,FlawlessFlatbreads,5315838
2026-07-03T05:02:41.742731,2026-07-03T05:02:41.750676+00:00,113.6,11,bid,Xuanyu Liu,DiligentDonuts,5315842
2026-07-03T05:02:41.861011,2026-07-03T05:02:41.868986+00:00,113.4,41,ask,EarnestEspressos,CostlyCorianders,5315846
2026-07-03T05:02:42.282701,2026-07-03T05:02:42.295772+00:00,113.6,3,bid,Xuanyu Liu,DiligentDonuts,5315850
2026-07-03T05:02:42.488059,2026-07-03T05:02:42.496056+00:00,113.6,47,bid,CostlyCorianders,DiligentDonuts,5315856
2026-07-03T05:02:43.461949,2026-07-03T05:02:43.474650+00:00,113.4,50,ask,EarnestEspressos,FlawlessFlatbreads,5315873
2026-07-03T05:02:43.687466,2026-07-03T05:02:43.698441+00:00,113.5,25,bid,Alice Feng,EarnestEspressos,5315878
2026-07-03T05:02:43.898436,2026-07-03T05:02:43.909089+00:00,113.5,25,bid,Alice Feng,EarnestEspressos,5315880
2026-07-03T05:02:44.107439,2026-07-03T05:02:44.115077+00:00,113.5,25,bid,Alice Feng,EarnestEspressos,5315884
2026-07-03T05:02:44.316174,2026-07-03T05:02:44.327120+00:00,113.5,25,bid,Alice Feng,EarnestEspressos,5315890
2026-07-03T05:02:44.525443,2026-07-03T05:02:44.532102+00:00,113.5,25,bid,Alice Feng,EarnestEspressos,5315892
2026-07-03T05:02:44.735002,2026-07-03T05:02:44.746428+00:00,113.5,25,bid,Alice Feng,EarnestEspressos,5315898
2026-07-03T05:02:45.572637,2026-07-03T05:02:45.584169+00:00,113.3,50,ask,DiligentDonuts,FlawlessFlatbreads,5315916
2026-07-03T05:02:46.164999,2026-07-03T05:02:46.176304+00:00,113.8,49,bid,CostlyCorianders,DiligentDonuts,5315925
2026-07-03T05:02:46.219163,2026-07-03T05:02:46.230452+00:00,113.3,48,ask,DiligentDonuts,CostlyCorianders,5315926
2026-07-03T05:02:47.678879,2026-07-03T05:02:47.681442+00:00,113.6,50,ask,EarnestEspressos,FlawlessFlatbreads,5315944
2026-07-03T05:02:48.054579,2026-07-03T05:02:48.066000+00:00,113.6,100,ask,EarnestEspressos,DiligentDonuts,5315951
2026-07-03T05:02:48.193756,2026-07-03T05:02:48.200062+00:00,114.1,22,bid,Zihao Wu,EarnestEspressos,5315959
2026-07-03T05:02:48.473667,2026-07-03T05:02:48.485392+00:00,113.1,46,ask,DiligentDonuts,CostlyCorianders,5315962
2026-07-03T05:02:50.956639,2026-07-03T05:02:50.966977+00:00,113.5,3,bid,Alice Feng,EarnestEspressos,5316005
2026-07-03T05:02:53.939159,2026-07-03T05:02:53.947908+00:00,113.7,50,bid,FlawlessFlatbreads,EarnestEspressos,5316059
2026-07-03T05:02:56.044133,2026-07-03T05:02:56.045628+00:00,113.7,50,bid,FlawlessFlatbreads,EarnestEspressos,5316085
2026-07-03T05:02:58.202144,2026-07-03T05:02:58.212507+00:00,113.6,50,ask,EarnestEspressos,FlawlessFlatbreads,5316119
2026-07-03T05:02:58.355587,2026-07-03T05:02:58.366969+00:00,114.1,43,bid,CostlyCorianders,EarnestEspressos,5316120
2026-07-03T05:02:58.882142,2026-07-03T05:02:58.893616+00:00,114.1,40,bid,CostlyCorianders,EarnestEspressos,5316124
2026-07-03T05:02:59.977716,2026-07-03T05:02:59.990135+00:00,114.0,25,ask,EarnestEspressos,Alice Feng,5316141
2026-07-03T05:02:59.980477,2026-07-03T05:02:59.990135+00:00,114.0,3,ask,EarnestEspressos,Xuanyu Liu,5316142
2026-07-03T05:03:00.188520,2026-07-03T05:03:00.200166+00:00,114.0,25,ask,EarnestEspressos,Alice Feng,5316150
2026-07-03T05:03:00.309496,2026-07-03T05:03:00.318580+00:00,114.0,50,ask,EarnestEspressos,FlawlessFlatbreads,5316153
2026-07-03T05:03:00.397364,2026-07-03T05:03:00.409118+00:00,114.0,25,ask,EarnestEspressos,Alice Feng,5316154
2026-07-03T05:03:00.495508,2026-07-03T05:03:00.503668+00:00,114.0,11,ask,EarnestEspressos,Alice Feng,5316158
2026-07-03T05:03:00.608992,2026-07-03T05:03:00.619990+00:00,114.0,11,ask,EarnestEspressos,Xuanyu Liu,5316160
2026-07-03T05:03:02.365216,2026-07-03T05:03:02.376501+00:00,113.9,50,bid,FlawlessFlatbreads,DiligentDonuts,5316199
2026-07-03T05:03:02.603435,2026-07-03T05:03:02.609520+00:00,113.7,14,bid,Xuanyu Liu,EarnestEspressos,5316203
2026-07-03T05:03:06.577511,2026-07-03T05:03:06.589035+00:00,113.5,50,bid,FlawlessFlatbreads,EarnestEspressos,5316252
2026-07-03T05:03:06.925997,2026-07-03T05:03:06.937472+00:00,113.4,44,ask,DiligentDonuts,CostlyCorianders,5316258
2026-07-03T05:03:07.280221,2026-07-03T05:03:07.289319+00:00,113.5,25,bid,Alice Feng,EarnestEspressos,5316262
2026-07-03T05:03:07.490115,2026-07-03T05:03:07.502881+00:00,113.5,25,bid,Alice Feng,EarnestEspressos,5316267
2026-07-03T05:03:07.731084,2026-07-03T05:03:07.741331+00:00,113.5,25,bid,Alice Feng,EarnestEspressos,5316273
2026-07-03T05:03:07.940177,2026-07-03T05:03:07.947395+00:00,113.5,11,bid,Alice Feng,EarnestEspressos,5316282
2026-07-03T05:03:09.017714,2026-07-03T05:03:09.029369+00:00,113.6,22,ask,EarnestEspressos,Zihao Wu,5316303
2026-07-03T05:03:10.839568,2026-07-03T05:03:10.849529+00:00,113.6,50,ask,EarnestEspressos,FlawlessFlatbreads,5316327
2026-07-03T05:03:12.802581,2026-07-03T05:03:12.814128+00:00,113.5,47,ask,DiligentDonuts,CostlyCorianders,5316350
2026-07-03T05:03:12.894879,2026-07-03T05:03:12.906764+00:00,114.0,50,bid,FlawlessFlatbreads,DiligentDonuts,5316351
2026-07-03T05:03:13.418278,2026-07-03T05:03:13.429580+00:00,114.0,41,bid,CostlyCorianders,EarnestEspressos,5316369
2026-07-03T05:03:15.054389,2026-07-03T05:03:15.065778+00:00,113.5,50,ask,EarnestEspressos,FlawlessFlatbreads,5316387
2026-07-03T05:03:16.515980,2026-07-03T05:03:16.527677+00:00,113.9,44,bid,CostlyCorianders,EarnestEspressos,5316410
2026-07-03T05:03:17.162636,2026-07-03T05:03:17.169481+00:00,113.7,50,ask,DiligentDonuts,FlawlessFlatbreads,5316415
2026-07-03T05:03:19.277454,2026-07-03T05:03:19.364201+00:00,114.0,50,ask,EarnestEspressos,FlawlessFlatbreads,5316443
2026-07-03T05:03:19.689939,2026-07-03T05:03:19.698452+00:00,114.0,100,ask,EarnestEspressos,DiligentDonuts,5316448
2026-07-03T05:03:22.077533,2026-07-03T05:03:22.089060+00:00,113.6,43,bid,CostlyCorianders,EarnestEspressos,5316483
2026-07-03T05:03:22.297543,2026-07-03T05:03:22.307804+00:00,113.6,3,bid,Xuanyu Liu,EarnestEspressos,5316494
2026-07-03T05:03:22.799824,2026-07-03T05:03:22.810559+00:00,113.6,100,bid,DiligentDonuts,EarnestEspressos,5316506
2026-07-03T05:03:23.485622,2026-07-03T05:03:23.496896+00:00,113.1,50,ask,EarnestEspressos,FlawlessFlatbreads,5316522
2026-07-03T05:03:25.591158,2026-07-03T05:03:25.602434+00:00,113.5,50,ask,EarnestEspressos,FlawlessFlatbreads,5316554
2026-07-03T05:03:27.364067,2026-07-03T05:03:27.375404+00:00,113.5,42,ask,EarnestEspressos,CostlyCorianders,5316573
2026-07-03T05:03:27.699809,2026-07-03T05:03:27.707016+00:00,113.5,50,ask,EarnestEspressos,FlawlessFlatbreads,5316586
2026-07-03T05:03:27.827072,2026-07-03T05:03:27.834305+00:00,113.5,8,ask,EarnestEspressos,CostlyCorianders,5316593
2026-07-03T05:03:27.827072,2026-07-03T05:03:27.839482+00:00,113.3,35,ask,DiligentDonuts,CostlyCorianders,5316594
2026-07-03T05:03:27.959603,2026-07-03T05:03:27.968588+00:00,113.4,11,bid,Xuanyu Liu,EarnestEspressos,5316598
2026-07-03T05:03:29.554113,2026-07-03T05:03:29.565607+00:00,113.4,46,bid,CostlyCorianders,EarnestEspressos,5316617
2026-07-03T05:03:29.808208,2026-07-03T05:03:29.817737+00:00,113.2,50,ask,DiligentDonuts,FlawlessFlatbreads,5316624
2026-07-03T05:03:31.251626,2026-07-03T05:03:31.253350+00:00,113.7,43,bid,CostlyCorianders,DiligentDonuts,5316638
2026-07-03T05:03:31.709315,2026-07-03T05:03:31.716552+00:00,113.2,42,ask,DiligentDonuts,CostlyCorianders,5316645
2026-07-03T05:03:31.862449,2026-07-03T05:03:31.874078+00:00,113.7,50,bid,FlawlessFlatbreads,DiligentDonuts,5316648
2026-07-03T05:03:32.821615,2026-07-03T05:03:32.832873+00:00,113.2,41,ask,EarnestEspressos,CostlyCorianders,5316666
2026-07-03T05:03:33.990505,2026-07-03T05:03:34.002090+00:00,113.7,50,bid,FlawlessFlatbreads,EarnestEspressos,5316677
2026-07-03T05:03:36.149536,2026-07-03T05:03:36.155822+00:00,113.3,50,ask,DiligentDonuts,FlawlessFlatbreads,5316713
2026-07-03T05:03:38.258381,2026-07-03T05:03:38.267161+00:00,113.3,50,ask,DiligentDonuts,FlawlessFlatbreads,5316746
2026-07-03T05:03:39.012202,2026-07-03T05:03:39.023641+00:00,113.3,46,bid,CostlyCorianders,DiligentDonuts,5316763
2026-07-03T05:03:39.353271,2026-07-03T05:03:39.362760+00:00,113.3,12,bid,Xuanyu Liu,DiligentDonuts,5316776
2026-07-03T05:03:40.322214,2026-07-03T05:03:40.333811+00:00,113.3,42,bid,FlawlessFlatbreads,DiligentDonuts,5316789
2026-07-03T05:03:40.322214,2026-07-03T05:03:40.333811+00:00,113.7,8,bid,FlawlessFlatbreads,EarnestEspressos,5316790
2026-07-03T05:03:40.654169,2026-07-03T05:03:40.663815+00:00,113.7,48,bid,CostlyCorianders,EarnestEspressos,5316792
2026-07-03T05:03:42.437384,2026-07-03T05:03:42.448035+00:00,113.7,50,bid,FlawlessFlatbreads,EarnestEspressos,5316828
2026-07-03T05:03:42.437618,2026-07-03T05:03:42.448035+00:00,113.2,49,ask,EarnestEspressos,CostlyCorianders,5316829
2026-07-03T05:03:44.435369,2026-07-03T05:03:44.442781+00:00,113.2,45,ask,DiligentDonuts,CostlyCorianders,5316868
2026-07-03T05:03:44.544955,2026-07-03T05:03:44.558567+00:00,113.7,50,bid,FlawlessFlatbreads,DiligentDonuts,5316871
2026-07-03T05:03:45.513405,2026-07-03T05:03:45.524788+00:00,113.7,49,bid,CostlyCorianders,EarnestEspressos,5316890
2026-07-03T05:03:46.651289,2026-07-03T05:03:46.663640+00:00,113.7,50,bid,FlawlessFlatbreads,EarnestEspressos,5316918
2026-07-03T05:03:46.693675,2026-07-03T05:03:46.703198+00:00,113.7,22,bid,Zihao Wu,EarnestEspressos,5316921
2026-07-03T05:03:46.885359,2026-07-03T05:03:46.895130+00:00,113.5,23,ask,EarnestEspressos,Xuanyu Liu,5316924
2026-07-03T05:03:48.809653,2026-07-03T05:03:48.817513+00:00,113.5,50,ask,EarnestEspressos,FlawlessFlatbreads,5316958
2026-07-03T05:03:50.864276,2026-07-03T05:03:50.875897+00:00,113.7,50,bid,FlawlessFlatbreads,DiligentDonuts,5316995
2026-07-03T05:03:52.971642,2026-07-03T05:03:52.979686+00:00,113.9,50,bid,FlawlessFlatbreads,EarnestEspressos,5317028
2026-07-03T05:03:53.236490,2026-07-03T05:03:53.245421+00:00,113.6,3,ask,EarnestEspressos,Xuanyu Liu,5317037
2026-07-03T05:03:56.307333,2026-07-03T05:03:56.316335+00:00,113.6,43,ask,EarnestEspressos,CostlyCorianders,5317090
2026-07-03T05:03:57.181263,2026-07-03T05:03:57.191472+00:00,113.8,50,bid,FlawlessFlatbreads,DiligentDonuts,5317101
2026-07-03T05:03:59.288041,2026-07-03T05:03:59.299363+00:00,113.6,50,bid,FlawlessFlatbreads,DiligentDonuts,5317138
2026-07-03T05:03:59.366872,2026-07-03T05:03:59.377178+00:00,113.4,43,ask,EarnestEspressos,CostlyCorianders,5317140
2026-07-03T05:04:01.394440,2026-07-03T05:04:01.405788+00:00,113.5,50,bid,FlawlessFlatbreads,EarnestEspressos,5317172
2026-07-03T05:04:01.505017,2026-07-03T05:04:01.516483+00:00,113.5,47,bid,CostlyCorianders,EarnestEspressos,5317174
2026-07-03T05:04:03.501307,2026-07-03T05:04:03.512711+00:00,113.8,50,bid,FlawlessFlatbreads,EarnestEspressos,5317207
2026-07-03T05:04:04.161623,2026-07-03T05:04:04.173025+00:00,113.3,40,ask,EarnestEspressos,CostlyCorianders,5317215
2026-07-03T05:04:05.658776,2026-07-03T05:04:05.670302+00:00,113.3,50,ask,EarnestEspressos,FlawlessFlatbreads,5317242
2026-07-03T05:04:06.716281,2026-07-03T05:04:06.727628+00:00,113.3,22,ask,DiligentDonuts,Zihao Wu,5317258
2026-07-03T05:04:11.972447,2026-07-03T05:04:11.983840+00:00,113.4,50,ask,DiligentDonuts,FlawlessFlatbreads,5317323
2026-07-03T05:04:14.027838,2026-07-03T05:04:14.039565+00:00,113.9,50,bid,FlawlessFlatbreads,DiligentDonuts,5317366
2026-07-03T05:04:16.052742,2026-07-03T05:04:16.055897+00:00,113.8,49,bid,CostlyCorianders,EarnestEspressos,5317387
2026-07-03T05:04:16.135600,2026-07-03T05:04:16.143233+00:00,113.8,50,bid,FlawlessFlatbreads,EarnestEspressos,5317389
2026-07-03T05:04:17.109024,2026-07-03T05:04:17.116577+00:00,113.4,45,ask,DiligentDonuts,CostlyCorianders,5317409
2026-07-03T05:04:18.207736,2026-07-03T05:04:18.259592+00:00,113.8,46,bid,CostlyCorianders,EarnestEspressos,5317422
2026-07-03T05:04:18.520344,2026-07-03T05:04:18.531979+00:00,113.9,100,bid,EarnestEspressos,DiligentDonuts,5317425
2026-07-03T05:04:18.599294,2026-07-03T05:04:18.607463+00:00,113.9,26,ask,EarnestEspressos,Xuanyu Liu,5317428
2026-07-03T05:04:18.685398,2026-07-03T05:04:18.697575+00:00,113.9,24,ask,EarnestEspressos,Alice Feng,5317434
2026-07-03T05:04:19.945720,2026-07-03T05:04:19.957032+00:00,113.7,40,ask,DiligentDonuts,CostlyCorianders,5317448
2026-07-03T05:04:20.426387,2026-07-03T05:04:20.437987+00:00,113.7,50,ask,DiligentDonuts,FlawlessFlatbreads,5317458
2026-07-03T05:04:20.575358,2026-07-03T05:04:20.584094+00:00,114.2,46,bid,CostlyCorianders,DiligentDonuts,5317465
2026-07-03T05:04:22.482743,2026-07-03T05:04:22.494195+00:00,114.1,50,bid,FlawlessFlatbreads,EarnestEspressos,5317497
2026-07-03T05:04:24.165778,2026-07-03T05:04:24.172903+00:00,113.6,47,ask,EarnestEspressos,CostlyCorianders,5317533
2026-07-03T05:04:24.664447,2026-07-03T05:04:24.675737+00:00,113.6,50,ask,EarnestEspressos,FlawlessFlatbreads,5317537
2026-07-03T05:04:24.918384,2026-07-03T05:04:24.927228+00:00,113.9,12,bid,Xuanyu Liu,EarnestEspressos,5317539
2026-07-03T05:04:25.111625,2026-07-03T05:04:25.123017+00:00,113.9,48,bid,CostlyCorianders,EarnestEspressos,5317543
2026-07-03T05:04:25.597955,2026-07-03T05:04:25.609315+00:00,113.6,46,ask,DiligentDonuts,CostlyCorianders,5317553
2026-07-03T05:04:26.460717,2026-07-03T05:04:26.468814+00:00,113.9,11,bid,Xuanyu Liu,EarnestEspressos,5317567
2026-07-03T05:04:26.770724,2026-07-03T05:04:26.782273+00:00,113.5,50,ask,DiligentDonuts,FlawlessFlatbreads,5317571
2026-07-03T05:04:27.679480,2026-07-03T05:04:27.691041+00:00,113.9,48,bid,CostlyCorianders,EarnestEspressos,5317587
2026-07-03T05:04:28.018404,2026-07-03T05:04:28.027738+00:00,114.0,100,bid,EarnestEspressos,DiligentDonuts,5317593
2026-07-03T05:04:28.878364,2026-07-03T05:04:28.895190+00:00,114.0,50,ask,EarnestEspressos,FlawlessFlatbreads,5317609
2026-07-03T05:04:28.970678,2026-07-03T05:04:28.980271+00:00,114.5,45,bid,Zihao Wu,EarnestEspressos,5317612
2026-07-03T05:04:30.986061,2026-07-03T05:04:30.997453+00:00,113.9,50,ask,DiligentDonuts,FlawlessFlatbreads,5317634
2026-07-03T05:04:31.493184,2026-07-03T05:04:31.499833+00:00,114.1,45,bid,CostlyCorianders,EarnestEspressos,5317641
2026-07-03T05:04:31.998767,2026-07-03T05:04:32.006873+00:00,113.9,41,ask,DiligentDonuts,CostlyCorianders,5317647
2026-07-03T05:04:32.648272,2026-07-03T05:04:32.654440+00:00,113.7,42,ask,DiligentDonuts,CostlyCorianders,5317662
2026-07-03T05:04:35.177332,2026-07-03T05:04:35.188727+00:00,114.2,47,bid,CostlyCorianders,DiligentDonuts,5317699
2026-07-03T05:04:35.196323,2026-07-03T05:04:35.207846+00:00,113.8,50,ask,EarnestEspressos,FlawlessFlatbreads,5317700
2026-07-03T05:04:36.767851,2026-07-03T05:04:36.779286+00:00,113.8,42,ask,EarnestEspressos,CostlyCorianders,5317718
2026-07-03T05:04:37.330895,2026-07-03T05:04:37.338731+00:00,113.8,50,ask,EarnestEspressos,FlawlessFlatbreads,5317721
2026-07-03T05:04:37.570153,2026-07-03T05:04:37.591520+00:00,113.7,100,ask,DiligentDonuts,EarnestEspressos,5317730
2026-07-03T05:04:37.583651,2026-07-03T05:04:37.591520+00:00,113.7,3,bid,Xuanyu Liu,EarnestEspressos,5317731
2026-07-03T05:04:37.741490,2026-07-03T05:04:37.749516+00:00,113.7,24,bid,Alice Feng,EarnestEspressos,5317738
2026-07-03T05:04:38.359468,2026-07-03T05:04:38.366473+00:00,113.7,14,bid,Xuanyu Liu,EarnestEspressos,5317749
2026-07-03T05:04:39.437085,2026-07-03T05:04:39.448719+00:00,113.3,50,ask,EarnestEspressos,FlawlessFlatbreads,5317756
2026-07-03T05:04:39.631676,2026-07-03T05:04:39.642021+00:00,113.7,9,bid,CostlyCorianders,EarnestEspressos,5317764
2026-07-03T05:04:39.631676,2026-07-03T05:04:39.642021+00:00,113.8,32,bid,CostlyCorianders,DiligentDonuts,5317765
2026-07-03T05:04:40.696624,2026-07-03T05:04:40.703417+00:00,113.5,48,ask,EarnestEspressos,CostlyCorianders,5317779
2026-07-03T05:04:41.017123,2026-07-03T05:04:41.035834+00:00,113.5,11,ask,EarnestEspressos,Xuanyu Liu,5317786
2026-07-03T05:04:41.543907,2026-07-03T05:04:41.552451+00:00,113.5,50,ask,EarnestEspressos,FlawlessFlatbreads,5317797
2026-07-03T05:04:41.756297,2026-07-03T05:04:41.767819+00:00,113.8,44,bid,CostlyCorianders,DiligentDonuts,5317806
2026-07-03T05:04:42.236675,2026-07-03T05:04:42.244649+00:00,113.5,3,ask,EarnestEspressos,Xuanyu Liu,5317815
2026-07-03T05:04:43.649467,2026-07-03T05:04:43.660928+00:00,113.5,38,ask,EarnestEspressos,FlawlessFlatbreads,5317841
2026-07-03T05:04:43.649467,2026-07-03T05:04:43.660928+00:00,113.3,12,ask,DiligentDonuts,FlawlessFlatbreads,5317842
2026-07-03T05:04:43.897833,2026-07-03T05:04:43.918147+00:00,113.3,88,ask,DiligentDonuts,EarnestEspressos,5317851
2026-07-03T05:04:43.910498,2026-07-03T05:04:43.918147+00:00,113.2,14,bid,Xuanyu Liu,EarnestEspressos,5317852
2026-07-03T05:04:44.659583,2026-07-03T05:04:44.667969+00:00,113.2,12,bid,Xuanyu Liu,EarnestEspressos,5317875
2026-07-03T05:04:45.004326,2026-07-03T05:04:45.011705+00:00,113.2,36,bid,CostlyCorianders,EarnestEspressos,5317884
2026-07-03T05:04:47.024774,2026-07-03T05:04:47.032631+00:00,113.5,100,bid,EarnestEspressos,DiligentDonuts,5317910
2026-07-03T05:04:47.091811,2026-07-03T05:04:47.099881+00:00,113.5,12,ask,EarnestEspressos,Xuanyu Liu,5317912
2026-07-03T05:04:47.560596,2026-07-03T05:04:47.569440+00:00,113.5,14,ask,EarnestEspressos,Xuanyu Liu,5317915
2026-07-03T05:04:48.995044,2026-07-03T05:04:49.006033+00:00,113.5,24,ask,EarnestEspressos,Zihao Wu,5317941
2026-07-03T05:04:49.911895,2026-07-03T05:04:49.923364+00:00,113.7,50,bid,FlawlessFlatbreads,DiligentDonuts,5317952
2026-07-03T05:04:50.709910,2026-07-03T05:04:50.717840+00:00,113.3,3,bid,Xuanyu Liu,EarnestEspressos,5317960
2026-07-03T05:04:51.346541,2026-07-03T05:04:51.358575+00:00,113.3,100,bid,DiligentDonuts,EarnestEspressos,5317967
2026-07-03T05:04:51.434121,2026-07-03T05:04:51.445629+00:00,112.8,46,ask,EarnestEspressos,CostlyCorianders,5317968
2026-07-03T05:04:51.492313,2026-07-03T05:04:51.500849+00:00,113.3,11,bid,Xuanyu Liu,EarnestEspressos,5317971
2026-07-03T05:04:52.019744,2026-07-03T05:04:52.031378+00:00,113.3,36,bid,FlawlessFlatbreads,EarnestEspressos,5317980
2026-07-03T05:04:52.019744,2026-07-03T05:04:52.031378+00:00,113.9,14,bid,FlawlessFlatbreads,DiligentDonuts,5317981
2026-07-03T05:04:54.178828,2026-07-03T05:04:54.190341+00:00,113.2,50,ask,EarnestEspressos,FlawlessFlatbreads,5318012
2026-07-03T05:04:55.684326,2026-07-03T05:04:55.692595+00:00,113.7,47,bid,CostlyCorianders,EarnestEspressos,5318041
2026-07-03T05:04:56.235840,2026-07-03T05:04:56.247175+00:00,113.7,50,bid,FlawlessFlatbreads,EarnestEspressos,5318052
2026-07-03T05:04:58.042441,2026-07-03T05:04:58.050181+00:00,113.5,11,ask,EarnestEspressos,Xuanyu Liu,5318072
2026-07-03T05:04:58.348519,2026-07-03T05:04:58.363820+00:00,113.8,50,bid,FlawlessFlatbreads,DiligentDonuts,5318085
2026-07-03T05:05:00.459558,2026-07-03T05:05:00.471125+00:00,113.8,50,bid,FlawlessFlatbreads,DiligentDonuts,5318118
2026-07-03T05:05:00.737537,2026-07-03T05:05:00.749083+00:00,113.4,44,ask,EarnestEspressos,CostlyCorianders,5318121
2026-07-03T05:05:02.233584,2026-07-03T05:05:02.244987+00:00,113.9,49,bid,CostlyCorianders,EarnestEspressos,5318140
2026-07-03T05:05:02.566421,2026-07-03T05:05:02.578088+00:00,113.9,50,bid,FlawlessFlatbreads,EarnestEspressos,5318146
2026-07-03T05:05:03.279701,2026-07-03T05:05:03.288376+00:00,113.7,3,ask,EarnestEspressos,Xuanyu Liu,5318152
2026-07-03T05:05:04.616547,2026-07-03T05:05:04.627046+00:00,113.7,45,ask,EarnestEspressos,CostlyCorianders,5318168
2026-07-03T05:05:06.776822,2026-07-03T05:05:06.783490+00:00,114.0,50,bid,FlawlessFlatbreads,EarnestEspressos,5318192
2026-07-03T05:05:07.521999,2026-07-03T05:05:07.528835+00:00,113.7,46,ask,DiligentDonuts,CostlyCorianders,5318204
2026-07-03T05:05:08.148747,2026-07-03T05:05:08.160120+00:00,114.0,43,bid,CostlyCorianders,EarnestEspressos,5318217
2026-07-03T05:05:08.523478,2026-07-03T05:05:08.532158+00:00,113.7,3,ask,DiligentDonuts,Xuanyu Liu,5318223
2026-07-03T05:05:08.603995,2026-07-03T05:05:08.612948+00:00,113.7,25,ask,DiligentDonuts,Alice Feng,5318226
2026-07-03T05:05:08.814255,2026-07-03T05:05:08.824770+00:00,113.7,25,ask,DiligentDonuts,Alice Feng,5318228
2026-07-03T05:05:08.882459,2026-07-03T05:05:08.893873+00:00,114.0,50,bid,FlawlessFlatbreads,EarnestEspressos,5318234
2026-07-03T05:05:09.028507,2026-07-03T05:05:09.037017+00:00,113.7,1,ask,DiligentDonuts,Alice Feng,5318238
2026-07-03T05:05:09.180376,2026-07-03T05:05:09.188377+00:00,113.8,11,ask,EarnestEspressos,Xuanyu Liu,5318243
2026-07-03T05:05:09.243378,2026-07-03T05:05:09.253240+00:00,113.8,25,ask,EarnestEspressos,Alice Feng,5318246
2026-07-03T05:05:09.251137,2026-07-03T05:05:09.258565+00:00,113.8,2,ask,EarnestEspressos,Alice Feng,5318248
2026-07-03T05:05:09.455607,2026-07-03T05:05:09.463600+00:00,113.8,2,ask,EarnestEspressos,Alice Feng,5318252
2026-07-03T05:05:09.659986,2026-07-03T05:05:09.671560+00:00,113.8,2,ask,EarnestEspressos,Alice Feng,5318254
2026-07-03T05:05:09.792564,2026-07-03T05:05:09.803853+00:00,113.8,40,ask,EarnestEspressos,CostlyCorianders,5318260
2026-07-03T05:05:09.865468,2026-07-03T05:05:09.876956+00:00,113.8,2,ask,EarnestEspressos,Alice Feng,5318265
2026-07-03T05:05:10.070448,2026-07-03T05:05:10.081417+00:00,113.8,2,ask,EarnestEspressos,Alice Feng,5318268
2026-07-03T05:05:10.275073,2026-07-03T05:05:10.286991+00:00,113.8,2,ask,EarnestEspressos,Alice Feng,5318270
2026-07-03T05:05:10.399650,2026-07-03T05:05:10.411103+00:00,113.8,62,ask,EarnestEspressos,DiligentDonuts,5318275
2026-07-03T05:05:10.412258,2026-07-03T05:05:10.420150+00:00,113.8,11,bid,Xuanyu Liu,DiligentDonuts,5318276
2026-07-03T05:05:10.991740,2026-07-03T05:05:11.003596+00:00,113.8,27,bid,FlawlessFlatbreads,DiligentDonuts,5318287
2026-07-03T05:05:10.991740,2026-07-03T05:05:11.003596+00:00,114.3,23,bid,FlawlessFlatbreads,EarnestEspressos,5318288
2026-07-03T05:05:11.017631,2026-07-03T05:05:11.029091+00:00,114.3,22,bid,Zihao Wu,EarnestEspressos,5318290
2026-07-03T05:05:12.736553,2026-07-03T05:05:12.748092+00:00,113.9,44,bid,CostlyCorianders,EarnestEspressos,5318319
2026-07-03T05:05:13.100436,2026-07-03T05:05:13.111958+00:00,113.9,50,bid,FlawlessFlatbreads,EarnestEspressos,5318327
2026-07-03T05:05:13.378871,2026-07-03T05:05:13.390666+00:00,113.4,48,ask,EarnestEspressos,CostlyCorianders,5318328
2026-07-03T05:05:13.863311,2026-07-03T05:05:13.874684+00:00,113.9,43,bid,CostlyCorianders,EarnestEspressos,5318338
2026-07-03T05:05:14.349987,2026-07-03T05:05:14.361362+00:00,113.4,46,ask,EarnestEspressos,CostlyCorianders,5318349
2026-07-03T05:05:15.205848,2026-07-03T05:05:15.216724+00:00,113.9,13,bid,FlawlessFlatbreads,EarnestEspressos,5318363
2026-07-03T05:05:15.205848,2026-07-03T05:05:15.216724+00:00,113.9,37,bid,FlawlessFlatbreads,DiligentDonuts,5318364
2026-07-03T05:05:16.380275,2026-07-03T05:05:16.391769+00:00,113.9,46,bid,CostlyCorianders,DiligentDonuts,5318378
2026-07-03T05:05:21.522214,2026-07-03T05:05:21.533796+00:00,114.4,50,bid,FlawlessFlatbreads,EarnestEspressos,5318446
2026-07-03T05:05:21.925689,2026-07-03T05:05:21.937441+00:00,114.0,25,ask,EarnestEspressos,Alice Feng,5318451
2026-07-03T05:05:22.134979,2026-07-03T05:05:22.146347+00:00,114.0,25,ask,EarnestEspressos,Alice Feng,5318454
2026-07-03T05:05:22.343951,2026-07-03T05:05:22.355559+00:00,114.0,25,ask,EarnestEspressos,Alice Feng,5318456
2026-07-03T05:05:22.555413,2026-07-03T05:05:22.566970+00:00,114.0,25,ask,EarnestEspressos,Alice Feng,5318459
2026-07-03T05:05:22.766409,2026-07-03T05:05:22.775507+00:00,114.0,12,ask,EarnestEspressos,Alice Feng,5318463
2026-07-03T05:05:22.780104,2026-07-03T05:05:22.791414+00:00,114.0,38,ask,EarnestEspressos,CostlyCorianders,5318465
2026-07-03T05:05:22.780104,2026-07-03T05:05:22.791414+00:00,113.9,4,ask,DiligentDonuts,CostlyCorianders,5318466
2026-07-03T05:05:25.757068,2026-07-03T05:05:25.753190+00:00,113.9,50,bid,FlawlessFlatbreads,EarnestEspressos,5318507
2026-07-03T05:05:26.178841,2026-07-03T05:05:26.186672+00:00,113.9,40,bid,CostlyCorianders,EarnestEspressos,5318518
2026-07-03T05:05:27.919674,2026-07-03T05:05:27.931231+00:00,113.7,50,ask,DiligentDonuts,FlawlessFlatbreads,5318545
2026-07-03T05:05:27.942000,2026-07-03T05:05:27.953561+00:00,113.7,49,ask,DiligentDonuts,CostlyCorianders,5318546
2026-07-03T05:05:30.046465,2026-07-03T05:05:30.052676+00:00,113.7,50,ask,EarnestEspressos,FlawlessFlatbreads,5318574
2026-07-03T05:05:31.614558,2026-07-03T05:05:31.625878+00:00,114.0,48,bid,CostlyCorianders,DiligentDonuts,5318607
2026-07-03T05:05:32.156904,2026-07-03T05:05:32.163912+00:00,113.8,50,ask,EarnestEspressos,FlawlessFlatbreads,5318618
2026-07-03T05:05:33.678297,2026-07-03T05:05:33.689669+00:00,113.8,48,ask,EarnestEspressos,CostlyCorianders,5318647
2026-07-03T05:05:34.273019,2026-07-03T05:05:34.281016+00:00,113.8,50,ask,EarnestEspressos,FlawlessFlatbreads,5318656
2026-07-03T05:05:34.553561,2026-07-03T05:05:34.567369+00:00,113.8,100,ask,DiligentDonuts,EarnestEspressos,5318661
2026-07-03T05:05:34.559418,2026-07-03T05:05:34.567369+00:00,113.8,3,bid,Xuanyu Liu,EarnestEspressos,5318662
2026-07-03T05:05:34.602206,2026-07-03T05:05:34.608487+00:00,113.8,25,bid,Alice Feng,EarnestEspressos,5318665
2026-07-03T05:05:34.823359,2026-07-03T05:05:34.830942+00:00,113.8,22,bid,Alice Feng,EarnestEspressos,5318669
2026-07-03T05:05:36.378296,2026-07-03T05:05:36.389735+00:00,113.5,50,ask,DiligentDonuts,FlawlessFlatbreads,5318695
2026-07-03T05:05:37.293175,2026-07-03T05:05:37.302512+00:00,114.0,49,bid,CostlyCorianders,DiligentDonuts,5318713
2026-07-03T05:05:37.806211,2026-07-03T05:05:37.817444+00:00,114.0,41,bid,CostlyCorianders,DiligentDonuts,5318726
2026-07-03T05:05:38.062799,2026-07-03T05:05:38.074232+00:00,114.0,10,bid,Alice Feng,DiligentDonuts,5318732
2026-07-03T05:05:38.280488,2026-07-03T05:05:38.291773+00:00,113.9,42,ask,EarnestEspressos,CostlyCorianders,5318736
2026-07-03T05:05:38.486696,2026-07-03T05:05:38.487650+00:00,113.9,50,ask,EarnestEspressos,FlawlessFlatbreads,5318739
2026-07-03T05:05:40.592861,2026-07-03T05:05:40.604243+00:00,113.9,50,ask,EarnestEspressos,FlawlessFlatbreads,5318775
2026-07-03T05:05:40.917036,2026-07-03T05:05:40.927061+00:00,113.9,25,bid,Alice Feng,EarnestEspressos,5318782
2026-07-03T05:05:41.125535,2026-07-03T05:05:41.132520+00:00,113.9,25,bid,Alice Feng,EarnestEspressos,5318785
2026-07-03T05:05:41.337066,2026-07-03T05:05:41.347041+00:00,113.9,25,bid,Alice Feng,EarnestEspressos,5318792
2026-07-03T05:05:41.339531,2026-07-03T05:05:41.347041+00:00,113.9,3,bid,Xuanyu Liu,EarnestEspressos,5318793
2026-07-03T05:05:41.548742,2026-07-03T05:05:41.558607+00:00,113.9,25,bid,Alice Feng,EarnestEspressos,5318802
2026-07-03T05:05:41.758503,2026-07-03T05:05:41.770212+00:00,113.9,25,bid,Alice Feng,EarnestEspressos,5318805
2026-07-03T05:05:41.959390,2026-07-03T05:05:41.970759+00:00,113.9,22,bid,DiligentDonuts,EarnestEspressos,5318806
2026-07-03T05:05:42.649042,2026-07-03T05:05:42.657257+00:00,114.0,3,ask,DiligentDonuts,Xuanyu Liu,5318811
2026-07-03T05:05:42.702479,2026-07-03T05:05:42.714228+00:00,114.0,50,ask,DiligentDonuts,FlawlessFlatbreads,5318813
2026-07-03T05:05:43.920623,2026-07-03T05:05:43.934552+00:00,114.0,25,ask,DiligentDonuts,CostlyCorianders,5318831
2026-07-03T05:05:43.920623,2026-07-03T05:05:43.934552+00:00,113.4,20,ask,EarnestEspressos,CostlyCorianders,5318832
2026-07-03T05:05:45.374166,2026-07-03T05:05:45.380951+00:00,113.9,18,bid,Alice Feng,DiligentDonuts,5318852
2026-07-03T05:05:46.862779,2026-07-03T05:05:46.874309+00:00,113.9,50,bid,FlawlessFlatbreads,DiligentDonuts,5318865
2026-07-03T05:05:47.145822,2026-07-03T05:05:47.150175+00:00,113.9,32,bid,EarnestEspressos,DiligentDonuts,5318875
2026-07-03T05:05:48.984155,2026-07-03T05:05:48.991956+00:00,114.4,50,bid,FlawlessFlatbreads,EarnestEspressos,5318913
2026-07-03T05:05:50.584222,2026-07-03T05:05:50.594874+00:00,114.1,43,ask,EarnestEspressos,CostlyCorianders,5318948
2026-07-03T05:05:51.090017,2026-07-03T05:05:51.101377+00:00,114.4,50,bid,FlawlessFlatbreads,DiligentDonuts,5318960
2026-07-03T05:05:51.211523,2026-07-03T05:05:51.220296+00:00,114.4,44,bid,CostlyCorianders,DiligentDonuts,5318963
2026-07-03T05:05:53.249085,2026-07-03T05:05:53.258614+00:00,114.1,50,ask,EarnestEspressos,FlawlessFlatbreads,5318998
2026-07-03T05:05:53.524721,2026-07-03T05:05:53.531874+00:00,114.1,100,ask,DiligentDonuts,EarnestEspressos,5319004
2026-07-03T05:05:54.132036,2026-07-03T05:05:54.138578+00:00,114.1,47,bid,CostlyCorianders,EarnestEspressos,5319013
2026-07-03T05:05:54.682003,2026-07-03T05:05:54.693534+00:00,114.1,3,bid,CostlyCorianders,EarnestEspressos,5319023
2026-07-03T05:05:55.171229,2026-07-03T05:05:55.182782+00:00,113.7,46,ask,DiligentDonuts,CostlyCorianders,5319028
2026-07-03T05:05:55.354700,2026-07-03T05:05:55.358554+00:00,113.7,50,ask,DiligentDonuts,FlawlessFlatbreads,5319031
2026-07-03T05:05:57.463540,2026-07-03T05:05:57.470781+00:00,114.1,50,ask,EarnestEspressos,FlawlessFlatbreads,5319067
2026-07-03T05:05:57.830703,2026-07-03T05:05:57.869770+00:00,114.1,100,ask,EarnestEspressos,DiligentDonuts,5319076
2026-07-03T05:05:57.911562,2026-07-03T05:05:57.963654+00:00,114.6,45,bid,Zihao Wu,EarnestEspressos,5319080
2026-07-03T05:05:59.518387,2026-07-03T05:05:59.525485+00:00,114.6,50,bid,FlawlessFlatbreads,EarnestEspressos,5319098
2026-07-03T05:06:01.348851,2026-07-03T05:06:01.360161+00:00,113.7,43,ask,EarnestEspressos,CostlyCorianders,5319124
2026-07-03T05:06:01.624660,2026-07-03T05:06:01.636018+00:00,114.0,50,bid,FlawlessFlatbreads,DiligentDonuts,5319132
2026-07-03T05:06:03.783192,2026-07-03T05:06:03.798727+00:00,113.5,50,ask,DiligentDonuts,FlawlessFlatbreads,5319164
2026-07-03T05:06:05.888744,2026-07-03T05:06:05.898947+00:00,113.7,50,ask,DiligentDonuts,FlawlessFlatbreads,5319200
2026-07-03T05:06:07.996055,2026-07-03T05:06:08.011057+00:00,113.6,50,ask,EarnestEspressos,FlawlessFlatbreads,5319244
2026-07-03T05:06:09.336422,2026-07-03T05:06:09.349823+00:00,113.5,100,ask,DiligentDonuts,EarnestEspressos,5319260
2026-07-03T05:06:10.102408,2026-07-03T05:06:10.113231+00:00,113.0,50,ask,EarnestEspressos,FlawlessFlatbreads,5319277
2026-07-03T05:06:12.208114,2026-07-03T05:06:12.219988+00:00,113.0,50,ask,EarnestEspressos,FlawlessFlatbreads,5319308
2026-07-03T05:06:15.534880,2026-07-03T05:06:15.545976+00:00,113.3,42,bid,CostlyCorianders,DiligentDonuts,5319350
2026-07-03T05:06:16.419839,2026-07-03T05:06:16.469189+00:00,113.0,50,ask,EarnestEspressos,FlawlessFlatbreads,5319364
2026-07-03T05:06:16.522986,2026-07-03T05:06:16.564007+00:00,113.3,42,bid,CostlyCorianders,DiligentDonuts,5319365
2026-07-03T05:06:17.114169,2026-07-03T05:06:17.121628+00:00,113.5,49,bid,CostlyCorianders,EarnestEspressos,5319374
2026-07-03T05:06:17.933362,2026-07-03T05:06:17.941281+00:00,113.1,23,ask,DiligentDonuts,Zihao Wu,5319390
2026-07-03T05:06:20.631731,2026-07-03T05:06:20.638705+00:00,113.1,50,ask,DiligentDonuts,FlawlessFlatbreads,5319441
2026-07-03T05:06:20.686385,2026-07-03T05:06:20.694283+00:00,113.4,3,bid,Xuanyu Liu,EarnestEspressos,5319444
2026-07-03T05:06:20.846231,2026-07-03T05:06:20.854454+00:00,113.4,11,bid,Xuanyu Liu,EarnestEspressos,5319447
2026-07-03T05:06:22.686443,2026-07-03T05:06:22.698080+00:00,113.6,50,bid,FlawlessFlatbreads,DiligentDonuts,5319491
2026-07-03T05:06:22.704361,2026-07-03T05:06:22.713578+00:00,113.3,45,ask,EarnestEspressos,CostlyCorianders,5319493
2026-07-03T05:06:23.740071,2026-07-03T05:06:23.752659+00:00,113.3,43,ask,EarnestEspressos,CostlyCorianders,5319502
2026-07-03T05:06:24.792512,2026-07-03T05:06:24.803205+00:00,113.7,50,bid,FlawlessFlatbreads,DiligentDonuts,5319518
2026-07-03T05:06:26.237180,2026-07-03T05:06:26.248629+00:00,113.3,100,bid,DiligentDonuts,EarnestEspressos,5319543
2026-07-03T05:06:26.897874,2026-07-03T05:06:26.905508+00:00,113.3,50,bid,FlawlessFlatbreads,EarnestEspressos,5319557
2026-07-03T05:06:29.872808,2026-07-03T05:06:29.880163+00:00,113.8,47,bid,CostlyCorianders,DiligentDonuts,5319605
2026-07-03T05:06:31.132636,2026-07-03T05:06:31.141141+00:00,113.8,50,bid,FlawlessFlatbreads,DiligentDonuts,5319617
2026-07-03T05:06:32.573035,2026-07-03T05:06:32.583681+00:00,113.7,11,ask,DiligentDonuts,Xuanyu Liu,5319640
2026-07-03T05:06:32.918777,2026-07-03T05:06:32.927626+00:00,113.7,42,ask,DiligentDonuts,CostlyCorianders,5319643
2026-07-03T05:06:33.238477,2026-07-03T05:06:33.255334+00:00,114.1,50,bid,FlawlessFlatbreads,EarnestEspressos,5319647
2026-07-03T05:06:33.584319,2026-07-03T05:06:33.592297+00:00,113.7,3,ask,DiligentDonuts,Xuanyu Liu,5319663
2026-07-03T05:06:35.355221,2026-07-03T05:06:35.354886+00:00,114.2,50,bid,FlawlessFlatbreads,DiligentDonuts,5319688
2026-07-03T05:06:35.830924,2026-07-03T05:06:35.842380+00:00,114.2,42,bid,CostlyCorianders,DiligentDonuts,5319701
2026-07-03T05:06:37.463083,2026-07-03T05:06:37.471470+00:00,114.2,50,bid,FlawlessFlatbreads,DiligentDonuts,5319718
2026-07-03T05:06:37.987298,2026-07-03T05:06:37.996094+00:00,113.9,22,ask,EarnestEspressos,Zihao Wu,5319732
2026-07-03T05:06:37.990193,2026-07-03T05:06:38.001288+00:00,113.9,42,ask,EarnestEspressos,CostlyCorianders,5319733
2026-07-03T05:06:39.568346,2026-07-03T05:06:39.577125+00:00,114.4,50,bid,FlawlessFlatbreads,EarnestEspressos,5319760
2026-07-03T05:06:40.359557,2026-07-03T05:06:40.368447+00:00,114.0,14,ask,DiligentDonuts,Xuanyu Liu,5319775
2026-07-03T05:06:40.477165,2026-07-03T05:06:40.488734+00:00,114.0,25,ask,DiligentDonuts,Alice Feng,5319779
2026-07-03T05:06:40.686778,2026-07-03T05:06:40.694591+00:00,114.0,25,ask,DiligentDonuts,Alice Feng,5319784
2026-07-03T05:06:40.894906,2026-07-03T05:06:40.906192+00:00,114.0,25,ask,DiligentDonuts,Alice Feng,5319789
2026-07-03T05:06:41.103537,2026-07-03T05:06:41.115119+00:00,114.0,11,ask,DiligentDonuts,Alice Feng,5319795
2026-07-03T05:06:41.676098,2026-07-03T05:06:41.687510+00:00,114.1,50,bid,FlawlessFlatbreads,EarnestEspressos,5319808
2026-07-03T05:06:43.782373,2026-07-03T05:06:43.793800+00:00,114.1,50,bid,FlawlessFlatbreads,EarnestEspressos,5319859
2026-07-03T05:06:44.081084,2026-07-03T05:06:44.089613+00:00,114.1,100,bid,EarnestEspressos,DiligentDonuts,5319871
2026-07-03T05:06:44.149077,2026-07-03T05:06:44.160758+00:00,114.1,25,ask,EarnestEspressos,Alice Feng,5319872
2026-07-03T05:06:44.359366,2026-07-03T05:06:44.370755+00:00,114.1,25,ask,EarnestEspressos,Alice Feng,5319877
2026-07-03T05:06:44.636954,2026-07-03T05:06:44.648771+00:00,113.6,43,ask,DiligentDonuts,CostlyCorianders,5319885
2026-07-03T05:06:45.899659,2026-07-03T05:06:45.911089+00:00,114.2,50,bid,FlawlessFlatbreads,DiligentDonuts,5319902
2026-07-03T05:06:48.057082,2026-07-03T05:06:48.063463+00:00,113.7,50,ask,DiligentDonuts,FlawlessFlatbreads,5319936
2026-07-03T05:06:48.624418,2026-07-03T05:06:48.635932+00:00,114.1,48,bid,CostlyCorianders,EarnestEspressos,5319948
2026-07-03T05:06:52.449222,2026-07-03T05:06:52.463659+00:00,113.8,41,ask,DiligentDonuts,CostlyCorianders,5319989
2026-07-03T05:06:56.474742,2026-07-03T05:06:56.486363+00:00,113.8,50,ask,EarnestEspressos,FlawlessFlatbreads,5320040
2026-07-03T05:06:58.584896,2026-07-03T05:06:58.593895+00:00,113.6,50,ask,EarnestEspressos,FlawlessFlatbreads,5320073
2026-07-03T05:06:59.969100,2026-07-03T05:06:59.978381+00:00,113.8,14,bid,Xuanyu Liu,EarnestEspressos,5320100
2026-07-03T05:07:00.691129,2026-07-03T05:07:00.702798+00:00,113.6,50,ask,DiligentDonuts,FlawlessFlatbreads,5320112
2026-07-03T05:07:02.806709,2026-07-03T05:07:02.817781+00:00,113.8,25,bid,Alice Feng,EarnestEspressos,5320151
2026-07-03T05:07:02.813771,2026-07-03T05:07:02.823025+00:00,113.3,50,ask,EarnestEspressos,FlawlessFlatbreads,5320152
2026-07-03T05:07:03.020428,2026-07-03T05:07:03.029512+00:00,113.8,25,bid,Alice Feng,DiligentDonuts,5320154
2026-07-03T05:07:03.228493,2026-07-03T05:07:03.235921+00:00,113.8,25,bid,Alice Feng,DiligentDonuts,5320158
2026-07-03T05:07:03.437603,2026-07-03T05:07:03.448207+00:00,113.8,25,bid,Alice Feng,DiligentDonuts,5320162
2026-07-03T05:07:03.650580,2026-07-03T05:07:03.658611+00:00,113.8,25,bid,Alice Feng,DiligentDonuts,5320166
2026-07-03T05:07:04.248760,2026-07-03T05:07:04.260389+00:00,114.1,43,bid,CostlyCorianders,EarnestEspressos,5320175
2026-07-03T05:07:04.919614,2026-07-03T05:07:04.931150+00:00,113.6,50,ask,EarnestEspressos,FlawlessFlatbreads,5320187
2026-07-03T05:07:07.026746,2026-07-03T05:07:07.034380+00:00,113.6,50,ask,DiligentDonuts,FlawlessFlatbreads,5320218
2026-07-03T05:07:09.132690,2026-07-03T05:07:09.140415+00:00,113.6,50,ask,DiligentDonuts,FlawlessFlatbreads,5320252
2026-07-03T05:07:13.299798,2026-07-03T05:07:13.307164+00:00,113.6,50,bid,FlawlessFlatbreads,EarnestEspressos,5320312
2026-07-03T05:07:15.105929,2026-07-03T05:07:15.117453+00:00,113.2,41,ask,DiligentDonuts,CostlyCorianders,5320339
2026-07-03T05:07:15.407073,2026-07-03T05:07:15.418574+00:00,113.6,50,bid,FlawlessFlatbreads,EarnestEspressos,5320348
2026-07-03T05:07:15.746953,2026-07-03T05:07:15.774555+00:00,113.5,41,ask,EarnestEspressos,CostlyCorianders,5320349
2026-07-03T05:07:16.916563,2026-07-03T05:07:16.927871+00:00,113.5,100,ask,EarnestEspressos,DiligentDonuts,5320370
2026-07-03T05:07:17.516109,2026-07-03T05:07:17.525009+00:00,114.0,50,bid,FlawlessFlatbreads,EarnestEspressos,5320384
2026-07-03T05:07:18.557229,2026-07-03T05:07:18.568857+00:00,114.0,45,bid,CostlyCorianders,EarnestEspressos,5320398
2026-07-03T05:07:19.031120,2026-07-03T05:07:19.037417+00:00,113.2,43,ask,EarnestEspressos,CostlyCorianders,5320407
2026-07-03T05:07:19.621755,2026-07-03T05:07:19.631470+00:00,113.7,50,bid,FlawlessFlatbreads,EarnestEspressos,5320413
2026-07-03T05:07:21.728484,2026-07-03T05:07:21.740132+00:00,113.7,50,bid,FlawlessFlatbreads,EarnestEspressos,5320455
2026-07-03T05:07:22.193907,2026-07-03T05:07:22.205496+00:00,113.4,45,ask,EarnestEspressos,CostlyCorianders,5320460
2026-07-03T05:07:23.836003,2026-07-03T05:07:23.846795+00:00,113.6,50,bid,FlawlessFlatbreads,DiligentDonuts,5320474
2026-07-03T05:07:25.327923,2026-07-03T05:07:25.339331+00:00,113.6,46,bid,CostlyCorianders,DiligentDonuts,5320493
2026-07-03T05:07:25.943044,2026-07-03T05:07:25.958580+00:00,113.6,4,bid,FlawlessFlatbreads,DiligentDonuts,5320501
2026-07-03T05:07:25.943044,2026-07-03T05:07:25.958580+00:00,113.7,46,bid,FlawlessFlatbreads,EarnestEspressos,5320502
2026-07-03T05:07:27.518564,2026-07-03T05:07:27.529968+00:00,113.5,49,ask,DiligentDonuts,CostlyCorianders,5320527
2026-07-03T05:07:28.024085,2026-07-03T05:07:28.030584+00:00,113.7,44,bid,CostlyCorianders,EarnestEspressos,5320533
2026-07-03T05:07:28.052865,2026-07-03T05:07:28.068665+00:00,113.7,50,bid,FlawlessFlatbreads,EarnestEspressos,5320535
2026-07-03T05:07:28.407941,2026-07-03T05:07:28.416118+00:00,113.9,37,ask,EarnestEspressos,Xuanyu Liu,5320537
2026-07-03T05:07:28.468732,2026-07-03T05:07:28.476281+00:00,113.9,22,ask,EarnestEspressos,Zihao Wu,5320541
2026-07-03T05:07:28.500357,2026-07-03T05:07:28.507660+00:00,113.9,25,ask,EarnestEspressos,Alice Feng,5320542
2026-07-03T05:07:28.708854,2026-07-03T05:07:28.720480+00:00,113.9,25,ask,EarnestEspressos,Alice Feng,5320547
2026-07-03T05:07:28.918064,2026-07-03T05:07:28.931023+00:00,113.9,25,ask,EarnestEspressos,Alice Feng,5320555
2026-07-03T05:07:28.921736,2026-07-03T05:07:28.931023+00:00,113.9,12,ask,EarnestEspressos,Xuanyu Liu,5320556
2026-07-03T05:07:29.129061,2026-07-03T05:07:29.138191+00:00,113.9,4,ask,EarnestEspressos,Alice Feng,5320564
2026-07-03T05:07:29.134216,2026-07-03T05:07:29.143431+00:00,113.5,2,ask,DiligentDonuts,Alice Feng,5320566
2026-07-03T05:07:29.339596,2026-07-03T05:07:29.349040+00:00,113.5,25,ask,DiligentDonuts,Alice Feng,5320573
2026-07-03T05:07:29.347742,2026-07-03T05:07:29.354029+00:00,113.5,2,ask,DiligentDonuts,Alice Feng,5320575
2026-07-03T05:07:29.559506,2026-07-03T05:07:29.567242+00:00,113.7,12,bid,Xuanyu Liu,DiligentDonuts,5320579
2026-07-03T05:07:30.229578,2026-07-03T05:07:30.236484+00:00,113.7,23,bid,Xuanyu Liu,DiligentDonuts,5320592
2026-07-03T05:07:30.492096,2026-07-03T05:07:30.500084+00:00,113.7,11,bid,Xuanyu Liu,DiligentDonuts,5320599
2026-07-03T05:07:32.279331,2026-07-03T05:07:32.290364+00:00,113.7,50,bid,FlawlessFlatbreads,DiligentDonuts,5320630
2026-07-03T05:07:32.705354,2026-07-03T05:07:32.716713+00:00,114.0,46,bid,CostlyCorianders,EarnestEspressos,5320636
2026-07-03T05:07:32.760256,2026-07-03T05:07:32.767355+00:00,113.5,44,ask,EarnestEspressos,CostlyCorianders,5320637
2026-07-03T05:07:34.386029,2026-07-03T05:07:34.397710+00:00,114.0,50,bid,FlawlessFlatbreads,EarnestEspressos,5320656
2026-07-03T05:07:35.602618,2026-07-03T05:07:35.614074+00:00,113.6,25,ask,EarnestEspressos,Alice Feng,5320664
2026-07-03T05:07:35.647601,2026-07-03T05:07:35.653863+00:00,113.6,42,ask,EarnestEspressos,CostlyCorianders,5320668
2026-07-03T05:07:35.812410,2026-07-03T05:07:35.823705+00:00,113.6,25,ask,EarnestEspressos,Alice Feng,5320672
2026-07-03T05:07:36.021410,2026-07-03T05:07:36.032869+00:00,113.6,25,ask,EarnestEspressos,Alice Feng,5320679
2026-07-03T05:07:36.231647,2026-07-03T05:07:36.242985+00:00,113.6,6,ask,EarnestEspressos,Alice Feng,5320683
2026-07-03T05:07:36.492882,2026-07-03T05:07:36.501645+00:00,114.0,50,bid,FlawlessFlatbreads,DiligentDonuts,5320688
2026-07-03T05:07:37.646213,2026-07-03T05:07:37.658600+00:00,114.0,43,bid,CostlyCorianders,DiligentDonuts,5320711
2026-07-03T05:07:37.928064,2026-07-03T05:07:37.939653+00:00,113.5,100,ask,DiligentDonuts,EarnestEspressos,5320714
2026-07-03T05:07:38.599162,2026-07-03T05:07:38.610659+00:00,113.5,50,bid,FlawlessFlatbreads,EarnestEspressos,5320727
2026-07-03T05:07:38.737374,2026-07-03T05:07:38.749099+00:00,114.0,7,bid,CostlyCorianders,DiligentDonuts,5320730
2026-07-03T05:07:40.188201,2026-07-03T05:07:40.199702+00:00,114.0,44,bid,CostlyCorianders,DiligentDonuts,5320756
2026-07-03T05:07:40.764166,2026-07-03T05:07:40.774209+00:00,113.5,50,ask,DiligentDonuts,FlawlessFlatbreads,5320765
2026-07-03T05:07:40.796834,2026-07-03T05:07:40.806611+00:00,113.5,40,ask,DiligentDonuts,CostlyCorianders,5320768
2026-07-03T05:07:42.869510,2026-07-03T05:07:42.877530+00:00,113.5,50,ask,EarnestEspressos,FlawlessFlatbreads,5320788
2026-07-03T05:07:44.349083,2026-07-03T05:07:44.360385+00:00,113.9,40,bid,CostlyCorianders,DiligentDonuts,5320812
2026-07-03T05:07:44.984689,2026-07-03T05:07:44.995775+00:00,113.4,50,ask,DiligentDonuts,FlawlessFlatbreads,5320819
2026-07-03T05:07:47.091756,2026-07-03T05:07:47.103738+00:00,113.4,50,ask,EarnestEspressos,FlawlessFlatbreads,5320842
2026-07-03T05:07:47.538637,2026-07-03T05:07:47.549997+00:00,113.3,48,ask,DiligentDonuts,CostlyCorianders,5320852
2026-07-03T05:07:48.061430,2026-07-03T05:07:48.072721+00:00,113.6,41,bid,CostlyCorianders,EarnestEspressos,5320862
2026-07-03T05:07:48.114768,2026-07-03T05:07:48.126240+00:00,113.3,49,ask,DiligentDonuts,CostlyCorianders,5320863
2026-07-03T05:07:48.578537,2026-07-03T05:07:48.590800+00:00,113.4,22,bid,Zihao Wu,DiligentDonuts,5320869
2026-07-03T05:07:48.582307,2026-07-03T05:07:48.590800+00:00,113.4,6,bid,Xuanyu Liu,DiligentDonuts,5320870
2026-07-03T05:07:48.667921,2026-07-03T05:07:48.676346+00:00,113.4,25,bid,Alice Feng,DiligentDonuts,5320875
2026-07-03T05:07:48.875849,2026-07-03T05:07:48.883704+00:00,113.4,25,bid,Alice Feng,DiligentDonuts,5320879
2026-07-03T05:07:49.083098,2026-07-03T05:07:49.093191+00:00,113.4,22,bid,Alice Feng,DiligentDonuts,5320883
2026-07-03T05:07:49.087719,2026-07-03T05:07:49.098439+00:00,113.6,2,bid,Alice Feng,EarnestEspressos,5320884
2026-07-03T05:07:49.199847,2026-07-03T05:07:49.206391+00:00,113.1,50,ask,EarnestEspressos,FlawlessFlatbreads,5320886
2026-07-03T05:07:49.296111,2026-07-03T05:07:49.306177+00:00,113.6,25,bid,Alice Feng,EarnestEspressos,5320893
2026-07-03T05:07:49.300071,2026-07-03T05:07:49.311383+00:00,113.6,1,bid,Alice Feng,EarnestEspressos,5320894
2026-07-03T05:07:49.508384,2026-07-03T05:07:49.516495+00:00,113.6,25,bid,Alice Feng,EarnestEspressos,5320900
2026-07-03T05:07:49.716105,2026-07-03T05:07:49.726004+00:00,113.6,25,bid,Alice Feng,EarnestEspressos,5320907
2026-07-03T05:07:50.579262,2026-07-03T05:07:50.587494+00:00,113.5,3,ask,EarnestEspressos,Xuanyu Liu,5320926
2026-07-03T05:07:51.307674,2026-07-03T05:07:51.319024+00:00,113.5,50,ask,EarnestEspressos,FlawlessFlatbreads,5320937
2026-07-03T05:07:52.955071,2026-07-03T05:07:52.964543+00:00,114.0,47,bid,CostlyCorianders,EarnestEspressos,5320957
2026-07-03T05:07:53.824772,2026-07-03T05:07:53.832482+00:00,113.7,3,ask,DiligentDonuts,Xuanyu Liu,5320975
2026-07-03T05:07:53.927387,2026-07-03T05:07:53.938992+00:00,113.7,25,ask,DiligentDonuts,Alice Feng,5320977
2026-07-03T05:07:54.138958,2026-07-03T05:07:54.150546+00:00,113.7,25,ask,DiligentDonuts,Alice Feng,5320984
2026-07-03T05:07:54.351277,2026-07-03T05:07:54.357525+00:00,113.7,25,ask,DiligentDonuts,Alice Feng,5320988
2026-07-03T05:07:54.560007,2026-07-03T05:07:54.571594+00:00,113.7,22,ask,DiligentDonuts,Alice Feng,5320993
2026-07-03T05:07:54.566849,2026-07-03T05:07:54.576788+00:00,113.6,2,ask,EarnestEspressos,Alice Feng,5320995
2026-07-03T05:07:54.770719,2026-07-03T05:07:54.782323+00:00,113.6,1,ask,EarnestEspressos,Alice Feng,5320999
2026-07-03T05:07:55.467537,2026-07-03T05:07:55.478426+00:00,113.7,50,bid,FlawlessFlatbreads,DiligentDonuts,5321011
2026-07-03T05:07:56.162467,2026-07-03T05:07:56.173927+00:00,113.7,44,bid,CostlyCorianders,DiligentDonuts,5321018
2026-07-03T05:07:57.572719,2026-07-03T05:07:57.584540+00:00,113.7,6,bid,FlawlessFlatbreads,DiligentDonuts,5321041
2026-07-03T05:07:57.572719,2026-07-03T05:07:57.584540+00:00,114.0,44,bid,FlawlessFlatbreads,EarnestEspressos,5321042
2026-07-03T05:07:59.731719,2026-07-03T05:07:59.743132+00:00,113.5,50,ask,EarnestEspressos,FlawlessFlatbreads,5321080
2026-07-03T05:08:01.793240,2026-07-03T05:08:01.804642+00:00,113.7,40,ask,EarnestEspressos,CostlyCorianders,5321112
2026-07-03T05:08:01.843822,2026-07-03T05:08:01.850471+00:00,113.7,50,ask,EarnestEspressos,FlawlessFlatbreads,5321116
2026-07-03T05:08:03.950905,2026-07-03T05:08:03.963890+00:00,113.6,50,ask,DiligentDonuts,FlawlessFlatbreads,5321145
2026-07-03T05:08:03.972198,2026-07-03T05:08:03.983931+00:00,113.8,48,bid,CostlyCorianders,EarnestEspressos,5321146
2026-07-03T05:08:04.400068,2026-07-03T05:08:04.408437+00:00,113.8,3,bid,Xuanyu Liu,EarnestEspressos,5321154
2026-07-03T05:08:06.058187,2026-07-03T05:08:06.069896+00:00,113.6,50,ask,DiligentDonuts,FlawlessFlatbreads,5321172
2026-07-03T05:08:06.586633,2026-07-03T05:08:06.598341+00:00,113.7,44,ask,EarnestEspressos,CostlyCorianders,5321179
2026-07-03T05:08:08.165532,2026-07-03T05:08:08.176914+00:00,113.7,50,ask,EarnestEspressos,FlawlessFlatbreads,5321200
2026-07-03T05:08:09.392053,2026-07-03T05:08:09.403923+00:00,113.7,46,ask,EarnestEspressos,CostlyCorianders,5321221
2026-07-03T05:08:10.271757,2026-07-03T05:08:10.283202+00:00,113.3,50,ask,DiligentDonuts,FlawlessFlatbreads,5321238
2026-07-03T05:08:11.028352,2026-07-03T05:08:11.038505+00:00,113.5,25,bid,Alice Feng,EarnestEspressos,5321250
2026-07-03T05:08:11.240285,2026-07-03T05:08:11.249910+00:00,113.5,25,bid,Alice Feng,EarnestEspressos,5321255
2026-07-03T05:08:11.450030,2026-07-03T05:08:11.456442+00:00,113.5,25,bid,Alice Feng,EarnestEspressos,5321259
2026-07-03T05:08:11.606256,2026-07-03T05:08:11.616498+00:00,113.5,43,bid,CostlyCorianders,EarnestEspressos,5321260
2026-07-03T05:08:11.666133,2026-07-03T05:08:11.674497+00:00,113.5,25,bid,Alice Feng,EarnestEspressos,5321265
2026-07-03T05:08:11.878610,2026-07-03T05:08:11.887694+00:00,113.5,7,bid,Alice Feng,EarnestEspressos,5321268
2026-07-03T05:08:11.882557,2026-07-03T05:08:11.893040+00:00,113.6,2,bid,Alice Feng,DiligentDonuts,5321269
2026-07-03T05:08:12.087048,2026-07-03T05:08:12.097943+00:00,113.6,2,bid,Alice Feng,DiligentDonuts,5321274
2026-07-03T05:08:12.295365,2026-07-03T05:08:12.302634+00:00,113.6,25,bid,Alice Feng,DiligentDonuts,5321283
2026-07-03T05:08:12.299434,2026-07-03T05:08:12.307983+00:00,113.6,2,bid,Alice Feng,DiligentDonuts,5321284
2026-07-03T05:08:12.329043,2026-07-03T05:08:12.340762+00:00,113.6,50,bid,FlawlessFlatbreads,DiligentDonuts,5321285
2026-07-03T05:08:12.503744,2026-07-03T05:08:12.515469+00:00,113.6,2,bid,Alice Feng,DiligentDonuts,5321288
2026-07-03T05:08:12.631807,2026-07-03T05:08:12.640389+00:00,113.6,17,bid,EarnestEspressos,DiligentDonuts,5321289
2026-07-03T05:08:15.268985,2026-07-03T05:08:15.280550+00:00,114.1,48,bid,CostlyCorianders,EarnestEspressos,5321326
2026-07-03T05:08:15.323347,2026-07-03T05:08:15.334875+00:00,113.7,49,ask,DiligentDonuts,CostlyCorianders,5321327
2026-07-03T05:08:15.870195,2026-07-03T05:08:15.881509+00:00,113.8,41,ask,EarnestEspressos,CostlyCorianders,5321336
2026-07-03T05:08:16.590906,2026-07-03T05:08:16.600589+00:00,113.8,50,ask,EarnestEspressos,FlawlessFlatbreads,5321347
2026-07-03T05:08:22.906580,2026-07-03T05:08:22.918066+00:00,113.5,50,ask,DiligentDonuts,FlawlessFlatbreads,5321423
2026-07-03T05:08:23.264745,2026-07-03T05:08:23.273998+00:00,114.0,48,bid,CostlyCorianders,EarnestEspressos,5321428
2026-07-03T05:08:24.985278,2026-07-03T05:08:24.995288+00:00,113.9,50,bid,FlawlessFlatbreads,DiligentDonuts,5321458
2026-07-03T05:08:25.439062,2026-07-03T05:08:25.450382+00:00,113.7,46,ask,EarnestEspressos,CostlyCorianders,5321467
2026-07-03T05:08:27.092472,2026-07-03T05:08:27.100567+00:00,114.0,50,bid,FlawlessFlatbreads,DiligentDonuts,5321491
2026-07-03T05:08:29.208320,2026-07-03T05:08:29.217275+00:00,114.0,50,bid,FlawlessFlatbreads,DiligentDonuts,5321514
2026-07-03T05:08:29.216804,2026-07-03T05:08:29.227732+00:00,113.7,22,ask,EarnestEspressos,Zihao Wu,5321516
2026-07-03T05:08:29.474358,2026-07-03T05:08:29.486058+00:00,114.2,45,bid,CostlyCorianders,EarnestEspressos,5321517
2026-07-03T05:08:30.124345,2026-07-03T05:08:30.135813+00:00,113.8,41,ask,DiligentDonuts,CostlyCorianders,5321529
2026-07-03T05:08:30.582167,2026-07-03T05:08:30.589026+00:00,114.2,47,bid,CostlyCorianders,EarnestEspressos,5321535
2026-07-03T05:08:31.313708,2026-07-03T05:08:31.323778+00:00,114.2,50,bid,FlawlessFlatbreads,EarnestEspressos,5321544
2026-07-03T05:08:32.317724,2026-07-03T05:08:32.329119+00:00,114.0,45,ask,EarnestEspressos,CostlyCorianders,5321556
2026-07-03T05:08:33.428425,2026-07-03T05:08:33.442836+00:00,114.4,50,bid,FlawlessFlatbreads,DiligentDonuts,5321569
2026-07-03T05:08:35.539742,2026-07-03T05:08:35.558612+00:00,114.3,50,bid,FlawlessFlatbreads,EarnestEspressos,5321594
2026-07-03T05:08:36.443233,2026-07-03T05:08:36.456781+00:00,114.0,3,ask,DiligentDonuts,Xuanyu Liu,5321606
2026-07-03T05:08:36.579431,2026-07-03T05:08:36.590597+00:00,114.0,25,ask,DiligentDonuts,Alice Feng,5321616
2026-07-03T05:08:36.617651,2026-07-03T05:08:36.629802+00:00,114.0,40,ask,DiligentDonuts,CostlyCorianders,5321620
2026-07-03T05:08:36.788491,2026-07-03T05:08:36.800160+00:00,114.0,25,ask,DiligentDonuts,Alice Feng,5321623
2026-07-03T05:08:37.000194,2026-07-03T05:08:37.011815+00:00,114.0,7,ask,DiligentDonuts,Alice Feng,5321627
2026-07-03T05:08:37.009228,2026-07-03T05:08:37.016836+00:00,113.8,2,ask,EarnestEspressos,Alice Feng,5321629
2026-07-03T05:08:37.213777,2026-07-03T05:08:37.220361+00:00,113.8,2,ask,EarnestEspressos,Alice Feng,5321633
2026-07-03T05:08:37.420161,2026-07-03T05:08:37.429337+00:00,113.8,2,ask,EarnestEspressos,Alice Feng,5321634
2026-07-03T05:08:37.625666,2026-07-03T05:08:37.633882+00:00,113.8,2,ask,EarnestEspressos,Alice Feng,5321639
2026-07-03T05:08:37.647230,2026-07-03T05:08:37.658546+00:00,114.3,50,bid,FlawlessFlatbreads,EarnestEspressos,5321640
2026-07-03T05:08:37.830934,2026-07-03T05:08:37.840472+00:00,113.8,2,ask,EarnestEspressos,Alice Feng,5321647
2026-07-03T05:08:37.959509,2026-07-03T05:08:37.968123+00:00,114.0,11,ask,EarnestEspressos,Xuanyu Liu,5321648
2026-07-03T05:08:38.035401,2026-07-03T05:08:38.044840+00:00,114.0,25,ask,EarnestEspressos,Alice Feng,5321652
2026-07-03T05:08:38.043270,2026-07-03T05:08:38.050016+00:00,114.0,2,ask,EarnestEspressos,Alice Feng,5321654
2026-07-03T05:08:38.247867,2026-07-03T05:08:38.254133+00:00,114.0,25,ask,EarnestEspressos,Alice Feng,5321657
2026-07-03T05:08:38.294860,2026-07-03T05:08:38.299412+00:00,114.0,2,ask,EarnestEspressos,Alice Feng,5321661
2026-07-03T05:08:38.499337,2026-07-03T05:08:38.516623+00:00,114.0,25,ask,EarnestEspressos,Alice Feng,5321665
2026-07-03T05:08:38.506343,2026-07-03T05:08:38.526605+00:00,114.0,2,ask,EarnestEspressos,Alice Feng,5321667
2026-07-03T05:08:38.710188,2026-07-03T05:08:38.716726+00:00,114.0,25,ask,EarnestEspressos,Alice Feng,5321671
2026-07-03T05:08:38.717017,2026-07-03T05:08:38.727245+00:00,114.0,2,ask,EarnestEspressos,Alice Feng,5321673
2026-07-03T05:08:38.920861,2026-07-03T05:08:38.932432+00:00,114.0,15,ask,EarnestEspressos,Alice Feng,5321682
2026-07-03T05:08:39.753413,2026-07-03T05:08:39.760867+00:00,114.1,50,bid,FlawlessFlatbreads,DiligentDonuts,5321694
2026-07-03T05:08:40.731202,2026-07-03T05:08:40.739041+00:00,114.0,12,ask,EarnestEspressos,Xuanyu Liu,5321709
2026-07-03T05:08:41.168282,2026-07-03T05:08:41.176272+00:00,113.8,12,bid,Xuanyu Liu,EarnestEspressos,5321719
2026-07-03T05:08:41.563085,2026-07-03T05:08:41.574371+00:00,113.8,47,bid,CostlyCorianders,EarnestEspressos,5321733
2026-07-03T05:08:41.859863,2026-07-03T05:08:41.871311+00:00,113.8,50,bid,FlawlessFlatbreads,EarnestEspressos,5321734
2026-07-03T05:08:43.968116,2026-07-03T05:08:43.979626+00:00,113.8,41,bid,FlawlessFlatbreads,EarnestEspressos,5321769
2026-07-03T05:08:43.968116,2026-07-03T05:08:43.979626+00:00,114.2,9,bid,FlawlessFlatbreads,DiligentDonuts,5321770
2026-07-03T05:08:44.252303,2026-07-03T05:08:44.263595+00:00,113.7,43,ask,DiligentDonuts,CostlyCorianders,5321776
2026-07-03T05:08:46.145104,2026-07-03T05:08:46.154060+00:00,113.8,50,ask,EarnestEspressos,FlawlessFlatbreads,5321801
2026-07-03T05:08:48.251701,2026-07-03T05:08:48.257911+00:00,113.6,50,ask,EarnestEspressos,FlawlessFlatbreads,5321834
2026-07-03T05:08:48.695879,2026-07-03T05:08:48.707344+00:00,113.6,48,ask,EarnestEspressos,CostlyCorianders,5321844
2026-07-03T05:08:49.240982,2026-07-03T05:08:49.249289+00:00,113.9,47,bid,CostlyCorianders,DiligentDonuts,5321855
2026-07-03T05:08:50.841805,2026-07-03T05:08:50.848781+00:00,113.7,22,bid,Zihao Wu,EarnestEspressos,5321878
2026-07-03T05:08:52.411546,2026-07-03T05:08:52.420396+00:00,113.7,50,bid,FlawlessFlatbreads,EarnestEspressos,5321901
2026-07-03T05:08:53.670103,2026-07-03T05:08:53.678298+00:00,113.5,42,ask,DiligentDonuts,CostlyCorianders,5321922
2026-07-03T05:08:54.532245,2026-07-03T05:08:54.548602+00:00,114.0,50,bid,FlawlessFlatbreads,DiligentDonuts,5321928
2026-07-03T05:08:56.716613,2026-07-03T05:08:56.724269+00:00,113.7,50,ask,DiligentDonuts,FlawlessFlatbreads,5321963
2026-07-03T05:08:58.276167,2026-07-03T05:08:58.284731+00:00,114.0,41,bid,CostlyCorianders,DiligentDonuts,5321988
2026-07-03T05:08:58.823876,2026-07-03T05:08:58.835609+00:00,113.6,50,ask,EarnestEspressos,FlawlessFlatbreads,5321992
2026-07-03T05:09:00.679793,2026-07-03T05:09:00.690020+00:00,113.6,43,bid,CostlyCorianders,EarnestEspressos,5322024
2026-07-03T05:09:00.932588,2026-07-03T05:09:00.942849+00:00,113.5,50,ask,DiligentDonuts,FlawlessFlatbreads,5322029
2026-07-03T05:09:03.037722,2026-07-03T05:09:03.044696+00:00,113.3,50,ask,DiligentDonuts,FlawlessFlatbreads,5322072
2026-07-03T05:09:04.321723,2026-07-03T05:09:04.329121+00:00,113.3,49,ask,DiligentDonuts,CostlyCorianders,5322090
2026-07-03T05:09:04.480817,2026-07-03T05:09:04.488377+00:00,113.5,11,bid,Xuanyu Liu,DiligentDonuts,5322094
2026-07-03T05:09:05.293155,2026-07-03T05:09:05.304932+00:00,113.2,46,ask,EarnestEspressos,CostlyCorianders,5322101
2026-07-03T05:09:07.196387,2026-07-03T05:09:07.207917+00:00,113.5,50,bid,FlawlessFlatbreads,DiligentDonuts,5322128
2026-07-03T05:09:07.235063,2026-07-03T05:09:07.242832+00:00,113.5,3,bid,Xuanyu Liu,DiligentDonuts,5322130
2026-07-03T05:09:09.303456,2026-07-03T05:09:09.315010+00:00,113.7,50,bid,FlawlessFlatbreads,EarnestEspressos,5322157
2026-07-03T05:09:11.185663,2026-07-03T05:09:11.192474+00:00,113.5,3,ask,EarnestEspressos,Xuanyu Liu,5322183
2026-07-03T05:09:11.461966,2026-07-03T05:09:11.469135+00:00,113.5,50,ask,EarnestEspressos,FlawlessFlatbreads,5322192
2026-07-03T05:09:12.844326,2026-07-03T05:09:12.855011+00:00,113.7,42,bid,CostlyCorianders,DiligentDonuts,5322212
2026-07-03T05:09:13.516903,2026-07-03T05:09:13.530684+00:00,113.7,50,bid,FlawlessFlatbreads,DiligentDonuts,5322218
2026-07-03T05:09:13.854836,2026-07-03T05:09:13.866391+00:00,113.7,44,bid,CostlyCorianders,EarnestEspressos,5322225
2026-07-03T05:09:17.782016,2026-07-03T05:09:17.793619+00:00,113.3,50,ask,EarnestEspressos,FlawlessFlatbreads,5322273
2026-07-03T05:09:19.889466,2026-07-03T05:09:19.901144+00:00,113.2,50,ask,DiligentDonuts,FlawlessFlatbreads,5322310
2026-07-03T05:09:21.997302,2026-07-03T05:09:22.008703+00:00,113.2,50,ask,EarnestEspressos,FlawlessFlatbreads,5322348
2026-07-03T05:09:22.346899,2026-07-03T05:09:22.350371+00:00,113.1,100,ask,DiligentDonuts,EarnestEspressos,5322351
2026-07-03T05:09:22.984230,2026-07-03T05:09:22.992185+00:00,113.0,3,bid,Xuanyu Liu,EarnestEspressos,5322359
2026-07-03T05:09:24.107853,2026-07-03T05:09:24.115579+00:00,112.6,50,ask,DiligentDonuts,FlawlessFlatbreads,5322379
2026-07-03T05:09:26.163975,2026-07-03T05:09:26.175353+00:00,113.1,50,bid,FlawlessFlatbreads,DiligentDonuts,5322411
2026-07-03T05:09:26.604217,2026-07-03T05:09:26.615660+00:00,113.0,100,ask,EarnestEspressos,DiligentDonuts,5322413
2026-07-03T05:09:27.464217,2026-07-03T05:09:27.475516+00:00,113.0,46,ask,EarnestEspressos,CostlyCorianders,5322429
2026-07-03T05:09:28.269702,2026-07-03T05:09:28.281467+00:00,113.5,50,bid,FlawlessFlatbreads,EarnestEspressos,5322442
2026-07-03T05:09:30.429036,2026-07-03T05:09:30.440506+00:00,112.9,50,ask,DiligentDonuts,FlawlessFlatbreads,5322473
2026-07-03T05:09:31.327503,2026-07-03T05:09:31.339212+00:00,113.1,48,bid,CostlyCorianders,EarnestEspressos,5322482
2026-07-03T05:09:31.985716,2026-07-03T05:09:31.997084+00:00,112.9,42,ask,DiligentDonuts,CostlyCorianders,5322487
2026-07-03T05:09:32.535440,2026-07-03T05:09:32.547075+00:00,112.9,8,ask,DiligentDonuts,FlawlessFlatbreads,5322497
2026-07-03T05:09:32.535440,2026-07-03T05:09:32.547075+00:00,112.9,42,ask,EarnestEspressos,FlawlessFlatbreads,5322498
2026-07-03T05:09:34.526185,2026-07-03T05:09:34.535597+00:00,113.0,44,bid,CostlyCorianders,DiligentDonuts,5322517
2026-07-03T05:09:34.599231,2026-07-03T05:09:34.608163+00:00,112.9,43,ask,EarnestEspressos,CostlyCorianders,5322520
2026-07-03T05:09:34.652515,2026-07-03T05:09:34.664059+00:00,112.9,50,ask,EarnestEspressos,FlawlessFlatbreads,5322525
2026-07-03T05:09:35.064820,2026-07-03T05:09:35.073858+00:00,112.7,3,bid,Xuanyu Liu,EarnestEspressos,5322538
2026-07-03T05:09:35.235237,2026-07-03T05:09:35.246604+00:00,112.7,25,bid,Alice Feng,EarnestEspressos,5322541
2026-07-03T05:09:35.446629,2026-07-03T05:09:35.454979+00:00,112.7,25,bid,Alice Feng,EarnestEspressos,5322545
2026-07-03T05:09:35.656104,2026-07-03T05:09:35.658612+00:00,112.7,25,bid,Alice Feng,EarnestEspressos,5322551
2026-07-03T05:09:35.866791,2026-07-03T05:09:35.877512+00:00,112.7,25,bid,Alice Feng,EarnestEspressos,5322556
2026-07-03T05:09:36.049102,2026-07-03T05:09:36.063596+00:00,112.7,47,bid,DiligentDonuts,EarnestEspressos,5322558
2026-07-03T05:09:36.111430,2026-07-03T05:09:36.119138+00:00,112.8,3,ask,DiligentDonuts,FlawlessFlatbreads,5322559
2026-07-03T05:09:36.303613,2026-07-03T05:09:36.310105+00:00,112.8,47,ask,DiligentDonuts,CostlyCorianders,5322562
2026-07-03T05:09:36.760237,2026-07-03T05:09:36.769794+00:00,112.8,3,ask,DiligentDonuts,Xuanyu Liu,5322572
2026-07-03T05:09:36.760237,2026-07-03T05:09:36.769794+00:00,112.2,47,ask,EarnestEspressos,FlawlessFlatbreads,5322573
2026-07-03T05:09:36.894605,2026-07-03T05:09:36.905795+00:00,112.2,22,ask,EarnestEspressos,Zihao Wu,5322575
2026-07-03T05:09:38.507905,2026-07-03T05:09:38.525072+00:00,113.1,44,bid,CostlyCorianders,EarnestEspressos,5322599
2026-07-03T05:09:38.884698,2026-07-03T05:09:38.895919+00:00,112.6,50,ask,EarnestEspressos,FlawlessFlatbreads,5322605
2026-07-03T05:09:40.082247,2026-07-03T05:09:40.092115+00:00,113.0,25,bid,Alice Feng,DiligentDonuts,5322615
2026-07-03T05:09:40.292018,2026-07-03T05:09:40.303195+00:00,113.0,25,bid,Alice Feng,DiligentDonuts,5322619
2026-07-03T05:09:40.502319,2026-07-03T05:09:40.509066+00:00,113.0,25,bid,Alice Feng,DiligentDonuts,5322623
2026-07-03T05:09:40.710616,2026-07-03T05:09:40.720097+00:00,113.0,25,bid,Alice Feng,DiligentDonuts,5322627
2026-07-03T05:09:40.940441,2026-07-03T05:09:40.951827+00:00,113.1,50,bid,FlawlessFlatbreads,EarnestEspressos,5322630
2026-07-03T05:09:41.540639,2026-07-03T05:09:41.547890+00:00,113.4,49,bid,CostlyCorianders,EarnestEspressos,5322638
2026-07-03T05:09:42.133050,2026-07-03T05:09:42.141765+00:00,112.9,41,ask,EarnestEspressos,CostlyCorianders,5322653
2026-07-03T05:09:46.161553,2026-07-03T05:09:46.169048+00:00,113.0,44,ask,EarnestEspressos,CostlyCorianders,5322711
2026-07-03T05:09:47.283737,2026-07-03T05:09:47.294124+00:00,113.3,50,bid,FlawlessFlatbreads,DiligentDonuts,5322725
2026-07-03T05:09:48.379583,2026-07-03T05:09:48.391009+00:00,113.3,40,bid,CostlyCorianders,DiligentDonuts,5322735
2026-07-03T05:09:49.394045,2026-07-03T05:09:49.402602+00:00,113.3,50,bid,FlawlessFlatbreads,EarnestEspressos,5322753
2026-07-03T05:09:50.409867,2026-07-03T05:09:50.421455+00:00,113.1,42,ask,DiligentDonuts,CostlyCorianders,5322774
2026-07-03T05:09:51.557926,2026-07-03T05:09:51.568663+00:00,113.1,50,ask,DiligentDonuts,FlawlessFlatbreads,5322786
2026-07-03T05:09:55.044861,2026-07-03T05:09:55.063947+00:00,113.2,46,bid,CostlyCorianders,EarnestEspressos,5322863
2026-07-03T05:09:55.729163,2026-07-03T05:09:55.736425+00:00,113.0,50,bid,FlawlessFlatbreads,DiligentDonuts,5322873
2026-07-03T05:09:56.966807,2026-07-03T05:09:56.973639+00:00,113.0,22,bid,Zihao Wu,DiligentDonuts,5322895
2026-07-03T05:09:57.859972,2026-07-03T05:09:57.871401+00:00,113.0,28,bid,FlawlessFlatbreads,DiligentDonuts,5322907
2026-07-03T05:09:58.139381,2026-07-03T05:09:58.150755+00:00,113.3,46,bid,CostlyCorianders,EarnestEspressos,5322912
2026-07-03T05:09:58.779526,2026-07-03T05:09:58.791121+00:00,112.9,43,ask,DiligentDonuts,CostlyCorianders,5322921
2026-07-03T05:10:00.891382,2026-07-03T05:10:00.902915+00:00,113.4,40,bid,CostlyCorianders,DiligentDonuts,5322950
2026-07-03T05:10:00.981183,2026-07-03T05:10:00.989304+00:00,113.3,26,ask,EarnestEspressos,Xuanyu Liu,5322955
2026-07-03T05:10:01.150509,2026-07-03T05:10:01.158627+00:00,113.3,25,ask,EarnestEspressos,Alice Feng,5322958
2026-07-03T05:10:02.130434,2026-07-03T05:10:02.142399+00:00,113.3,50,ask,EarnestEspressos,FlawlessFlatbreads,5322978
2026-07-03T05:10:03.162991,2026-07-03T05:10:03.174502+00:00,113.3,25,ask,EarnestEspressos,Alice Feng,5322997
2026-07-03T05:10:03.372977,2026-07-03T05:10:03.384581+00:00,113.3,24,ask,EarnestEspressos,Alice Feng,5322999
2026-07-03T05:10:03.372977,2026-07-03T05:10:03.384581+00:00,113.3,1,ask,DiligentDonuts,Alice Feng,5323000
2026-07-03T05:10:03.511889,2026-07-03T05:10:03.536377+00:00,113.3,99,ask,DiligentDonuts,EarnestEspressos,5323003
2026-07-03T05:10:03.527592,2026-07-03T05:10:03.536377+00:00,113.2,23,bid,Xuanyu Liu,EarnestEspressos,5323004
2026-07-03T05:10:03.603480,2026-07-03T05:10:03.611558+00:00,113.2,3,bid,Xuanyu Liu,EarnestEspressos,5323009
2026-07-03T05:10:04.240826,2026-07-03T05:10:04.252635+00:00,112.7,50,ask,EarnestEspressos,FlawlessFlatbreads,5323021
2026-07-03T05:10:05.758887,2026-07-03T05:10:05.765983+00:00,113.2,25,bid,CostlyCorianders,EarnestEspressos,5323044
2026-07-03T05:10:06.349288,2026-07-03T05:10:06.351663+00:00,112.9,50,ask,DiligentDonuts,FlawlessFlatbreads,5323055
2026-07-03T05:10:06.968605,2026-07-03T05:10:06.977512+00:00,113.3,47,ask,EarnestEspressos,CostlyCorianders,5323062
2026-07-03T05:10:07.541349,2026-07-03T05:10:07.549716+00:00,113.3,3,ask,EarnestEspressos,Xuanyu Liu,5323073
2026-07-03T05:10:07.590477,2026-07-03T05:10:07.596311+00:00,113.3,25,ask,EarnestEspressos,Alice Feng,5323077
2026-07-03T05:10:07.709909,2026-07-03T05:10:07.718583+00:00,113.3,75,ask,EarnestEspressos,DiligentDonuts,5323081
2026-07-03T05:10:09.866354,2026-07-03T05:10:09.875106+00:00,113.2,3,bid,Xuanyu Liu,EarnestEspressos,5323123
2026-07-03T05:10:10.007680,2026-07-03T05:10:10.015263+00:00,113.2,25,bid,CostlyCorianders,DiligentDonuts,5323126
2026-07-03T05:10:12.663532,2026-07-03T05:10:12.674905+00:00,113.1,50,ask,DiligentDonuts,FlawlessFlatbreads,5323160
2026-07-03T05:10:12.821642,2026-07-03T05:10:12.828743+00:00,113.2,25,bid,Alice Feng,EarnestEspressos,5323166
2026-07-03T05:10:14.770970,2026-07-03T05:10:14.778575+00:00,113.0,50,ask,DiligentDonuts,FlawlessFlatbreads,5323196
2026-07-03T05:10:15.489494,2026-07-03T05:10:15.501100+00:00,113.0,46,ask,DiligentDonuts,CostlyCorianders,5323208
2026-07-03T05:10:16.877446,2026-07-03T05:10:16.888581+00:00,113.0,4,ask,DiligentDonuts,FlawlessFlatbreads,5323237
2026-07-03T05:10:16.877446,2026-07-03T05:10:16.888581+00:00,112.9,46,ask,EarnestEspressos,FlawlessFlatbreads,5323238
2026-07-03T05:10:17.207169,2026-07-03T05:10:17.218450+00:00,112.9,100,ask,EarnestEspressos,DiligentDonuts,5323243
2026-07-03T05:10:17.942722,2026-07-03T05:10:17.954275+00:00,112.9,4,ask,EarnestEspressos,CostlyCorianders,5323254
2026-07-03T05:10:17.942722,2026-07-03T05:10:17.954275+00:00,112.4,41,ask,DiligentDonuts,CostlyCorianders,5323255
2026-07-03T05:10:17.988840,2026-07-03T05:10:17.996096+00:00,112.4,22,ask,DiligentDonuts,Zihao Wu,5323259
2026-07-03T05:10:18.967051,2026-07-03T05:10:18.974165+00:00,113.4,47,bid,CostlyCorianders,EarnestEspressos,5323273
2026-07-03T05:10:19.471054,2026-07-03T05:10:19.478897+00:00,112.8,25,bid,Alice Feng,EarnestEspressos,5323279
2026-07-03T05:10:19.556405,2026-07-03T05:10:19.557450+00:00,112.8,45,bid,CostlyCorianders,EarnestEspressos,5323281
2026-07-03T05:10:19.679057,2026-07-03T05:10:19.686700+00:00,112.8,25,bid,Alice Feng,EarnestEspressos,5323284
2026-07-03T05:10:20.627835,2026-07-03T05:10:20.638170+00:00,112.5,40,ask,DiligentDonuts,CostlyCorianders,5323295
2026-07-03T05:10:20.659470,2026-07-03T05:10:20.667272+00:00,112.8,3,bid,Xuanyu Liu,EarnestEspressos,5323298
2026-07-03T05:10:23.194927,2026-07-03T05:10:23.203893+00:00,112.8,50,ask,EarnestEspressos,FlawlessFlatbreads,5323328
2026-07-03T05:10:25.301746,2026-07-03T05:10:25.313272+00:00,112.8,50,ask,EarnestEspressos,FlawlessFlatbreads,5323362
2026-07-03T05:10:26.129743,2026-07-03T05:10:26.139701+00:00,112.7,49,ask,EarnestEspressos,CostlyCorianders,5323375
2026-07-03T05:10:27.220540,2026-07-03T05:10:27.229083+00:00,112.9,23,bid,Xuanyu Liu,DiligentDonuts,5323387
2026-07-03T05:10:27.409075,2026-07-03T05:10:27.415958+00:00,112.7,50,ask,EarnestEspressos,FlawlessFlatbreads,5323392
2026-07-03T05:10:27.824277,2026-07-03T05:10:27.835826+00:00,112.9,41,bid,CostlyCorianders,DiligentDonuts,5323400
2026-07-03T05:10:29.464305,2026-07-03T05:10:29.475759+00:00,112.8,50,bid,FlawlessFlatbreads,EarnestEspressos,5323431
2026-07-03T05:10:29.747795,2026-07-03T05:10:29.755058+00:00,112.8,11,bid,Xuanyu Liu,EarnestEspressos,5323434
2026-07-03T05:10:29.793849,2026-07-03T05:10:29.805449+00:00,112.8,89,bid,DiligentDonuts,EarnestEspressos,5323436
2026-07-03T05:10:29.860315,2026-07-03T05:10:29.867430+00:00,113.0,11,ask,DiligentDonuts,Xuanyu Liu,5323440
2026-07-03T05:10:31.571098,2026-07-03T05:10:31.582422+00:00,113.5,50,bid,FlawlessFlatbreads,DiligentDonuts,5323470
2026-07-03T05:10:32.866621,2026-07-03T05:10:32.878226+00:00,113.3,41,bid,CostlyCorianders,EarnestEspressos,5323499
2026-07-03T05:10:33.732628,2026-07-03T05:10:33.740859+00:00,112.8,50,ask,EarnestEspressos,FlawlessFlatbreads,5323516
2026-07-03T05:10:35.534450,2026-07-03T05:10:35.544091+00:00,112.9,49,ask,EarnestEspressos,CostlyCorianders,5323546
2026-07-03T05:10:35.840278,2026-07-03T05:10:35.851628+00:00,112.9,50,ask,EarnestEspressos,FlawlessFlatbreads,5323550
2026-07-03T05:10:37.638937,2026-07-03T05:10:37.650262+00:00,113.2,43,bid,CostlyCorianders,DiligentDonuts,5323570
2026-07-03T05:10:37.946319,2026-07-03T05:10:37.958614+00:00,112.9,50,ask,EarnestEspressos,FlawlessFlatbreads,5323573
2026-07-03T05:10:38.086007,2026-07-03T05:10:38.093094+00:00,113.2,22,bid,Zihao Wu,DiligentDonuts,5323575
2026-07-03T05:10:38.236915,2026-07-03T05:10:38.248392+00:00,112.7,40,ask,DiligentDonuts,CostlyCorianders,5323577
2026-07-03T05:10:38.313702,2026-07-03T05:10:38.332689+00:00,112.7,60,ask,DiligentDonuts,EarnestEspressos,5323580
2026-07-03T05:10:38.334081,2026-07-03T05:10:38.342339+00:00,112.6,11,bid,Xuanyu Liu,EarnestEspressos,5323582
2026-07-03T05:10:39.281198,2026-07-03T05:10:39.289750+00:00,112.6,79,bid,DiligentDonuts,EarnestEspressos,5323598
2026-07-03T05:10:40.052282,2026-07-03T05:10:40.063888+00:00,112.6,21,ask,DiligentDonuts,FlawlessFlatbreads,5323617
2026-07-03T05:10:40.052282,2026-07-03T05:10:40.063888+00:00,112.1,29,ask,EarnestEspressos,FlawlessFlatbreads,5323618
2026-07-03T05:10:42.021333,2026-07-03T05:10:42.030332+00:00,113.0,41,bid,CostlyCorianders,EarnestEspressos,5323658
2026-07-03T05:10:44.093773,2026-07-03T05:10:44.097319+00:00,112.5,44,ask,EarnestEspressos,CostlyCorianders,5323682
2026-07-03T05:10:44.210333,2026-07-03T05:10:44.216629+00:00,112.8,50,bid,FlawlessFlatbreads,DiligentDonuts,5323685
2026-07-03T05:10:44.584262,2026-07-03T05:10:44.595574+00:00,112.8,50,bid,EarnestEspressos,DiligentDonuts,5323702
2026-07-03T05:10:45.033519,2026-07-03T05:10:45.044970+00:00,113.3,49,bid,CostlyCorianders,EarnestEspressos,5323708
2026-07-03T05:10:46.329161,2026-07-03T05:10:46.340732+00:00,113.3,50,bid,FlawlessFlatbreads,EarnestEspressos,5323718
2026-07-03T05:10:47.859623,2026-07-03T05:10:47.868955+00:00,113.1,23,ask,EarnestEspressos,Xuanyu Liu,5323748
2026-07-03T05:10:47.916643,2026-07-03T05:10:47.924862+00:00,113.1,11,ask,EarnestEspressos,Xuanyu Liu,5323750
2026-07-03T05:10:48.199391,2026-07-03T05:10:48.207440+00:00,113.1,3,ask,EarnestEspressos,Xuanyu Liu,5323757
2026-07-03T05:10:48.392805,2026-07-03T05:10:48.402261+00:00,113.1,49,ask,EarnestEspressos,CostlyCorianders,5323760
2026-07-03T05:10:48.851201,2026-07-03T05:10:48.858569+00:00,113.1,64,ask,EarnestEspressos,DiligentDonuts,5323766
2026-07-03T05:10:50.562562,2026-07-03T05:10:50.568744+00:00,113.1,36,bid,FlawlessFlatbreads,DiligentDonuts,5323783
2026-07-03T05:10:50.983656,2026-07-03T05:10:50.993432+00:00,112.7,26,bid,Xuanyu Liu,EarnestEspressos,5323788
2026-07-03T05:10:51.958669,2026-07-03T05:10:51.970140+00:00,112.7,100,bid,DiligentDonuts,EarnestEspressos,5323803
2026-07-03T05:10:52.141603,2026-07-03T05:10:52.149330+00:00,112.7,11,bid,Xuanyu Liu,EarnestEspressos,5323807
2026-07-03T05:10:54.781159,2026-07-03T05:10:54.790256+00:00,113.2,50,bid,FlawlessFlatbreads,EarnestEspressos,5323849
2026-07-03T05:10:56.080651,2026-07-03T05:10:56.088372+00:00,112.7,11,ask,EarnestEspressos,Xuanyu Liu,5323873
2026-07-03T05:10:56.193325,2026-07-03T05:10:56.204872+00:00,113.1,44,bid,CostlyCorianders,DiligentDonuts,5323876
2026-07-03T05:10:56.377925,2026-07-03T05:10:56.387492+00:00,112.7,12,ask,EarnestEspressos,Xuanyu Liu,5323885
2026-07-03T05:10:56.886738,2026-07-03T05:10:56.898285+00:00,113.1,50,bid,FlawlessFlatbreads,DiligentDonuts,5323888
2026-07-03T05:10:57.327208,2026-07-03T05:10:57.337399+00:00,113.1,6,bid,CostlyCorianders,DiligentDonuts,5323897
2026-07-03T05:10:58.702099,2026-07-03T05:10:58.710837+00:00,113.0,11,ask,EarnestEspressos,Xuanyu Liu,5323930
2026-07-03T05:11:01.168762,2026-07-03T05:11:01.179612+00:00,113.0,50,ask,DiligentDonuts,FlawlessFlatbreads,5323960
2026-07-03T05:11:03.276661,2026-07-03T05:11:03.288083+00:00,112.7,50,ask,EarnestEspressos,FlawlessFlatbreads,5323996
2026-07-03T05:11:07.439767,2026-07-03T05:11:07.447895+00:00,113.2,50,bid,FlawlessFlatbreads,EarnestEspressos,5324054
2026-07-03T05:11:09.545417,2026-07-03T05:11:09.558595+00:00,113.2,50,bid,FlawlessFlatbreads,EarnestEspressos,5324090
2026-07-03T05:11:11.652549,2026-07-03T05:11:11.663875+00:00,113.4,50,bid,FlawlessFlatbreads,DiligentDonuts,5324130
2026-07-03T05:11:13.758276,2026-07-03T05:11:13.769940+00:00,113.4,50,bid,FlawlessFlatbreads,DiligentDonuts,5324173
2026-07-03T05:11:14.929576,2026-07-03T05:11:14.938240+00:00,113.2,40,ask,DiligentDonuts,CostlyCorianders,5324194
2026-07-03T05:11:15.770509,2026-07-03T05:11:15.779915+00:00,113.2,3,ask,DiligentDonuts,Xuanyu Liu,5324213
2026-07-03T05:11:15.915610,2026-07-03T05:11:15.927208+00:00,113.2,50,ask,DiligentDonuts,FlawlessFlatbreads,5324219
2026-07-03T05:11:18.022237,2026-07-03T05:11:18.025391+00:00,113.1,50,ask,EarnestEspressos,FlawlessFlatbreads,5324259
2026-07-03T05:11:18.604261,2026-07-03T05:11:18.615875+00:00,113.5,48,bid,CostlyCorianders,DiligentDonuts,5324264
2026-07-03T05:11:19.646565,2026-07-03T05:11:19.658589+00:00,113.1,43,ask,EarnestEspressos,CostlyCorianders,5324283
2026-07-03T05:11:24.335000,2026-07-03T05:11:24.346347+00:00,113.2,50,ask,DiligentDonuts,FlawlessFlatbreads,5324364
2026-07-03T05:11:25.764608,2026-07-03T05:11:25.776191+00:00,113.2,50,ask,DiligentDonuts,EarnestEspressos,5324380
2026-07-03T05:11:26.391665,2026-07-03T05:11:26.403264+00:00,113.2,50,bid,FlawlessFlatbreads,EarnestEspressos,5324394
2026-07-03T05:11:26.612290,2026-07-03T05:11:26.626771+00:00,112.7,45,ask,EarnestEspressos,CostlyCorianders,5324399
2026-07-03T05:11:27.587699,2026-07-03T05:11:27.595280+00:00,112.9,26,bid,Xuanyu Liu,DiligentDonuts,5324419
2026-07-03T05:11:28.499629,2026-07-03T05:11:28.511040+00:00,112.9,50,bid,FlawlessFlatbreads,DiligentDonuts,5324435
2026-07-03T05:11:28.536435,2026-07-03T05:11:28.548299+00:00,112.9,24,bid,CostlyCorianders,DiligentDonuts,5324436
2026-07-03T05:11:28.536435,2026-07-03T05:11:28.548299+00:00,113.2,18,bid,CostlyCorianders,EarnestEspressos,5324437
2026-07-03T05:11:28.943815,2026-07-03T05:11:28.952222+00:00,112.9,23,ask,EarnestEspressos,Xuanyu Liu,5324449
2026-07-03T05:11:30.657255,2026-07-03T05:11:30.655613+00:00,112.9,50,ask,EarnestEspressos,FlawlessFlatbreads,5324466
2026-07-03T05:11:32.765012,2026-07-03T05:11:32.776506+00:00,112.8,50,ask,DiligentDonuts,FlawlessFlatbreads,5324504
2026-07-03T05:11:34.872593,2026-07-03T05:11:34.883972+00:00,112.6,50,ask,EarnestEspressos,FlawlessFlatbreads,5324549
2026-07-03T05:11:36.928085,2026-07-03T05:11:36.936511+00:00,112.8,50,bid,FlawlessFlatbreads,EarnestEspressos,5324584
2026-07-03T05:11:36.979101,2026-07-03T05:11:36.985965+00:00,112.8,43,bid,CostlyCorianders,EarnestEspressos,5324585
2026-07-03T05:11:39.034936,2026-07-03T05:11:39.058612+00:00,113.1,50,bid,FlawlessFlatbreads,DiligentDonuts,5324616
2026-07-03T05:11:39.402778,2026-07-03T05:11:39.414323+00:00,112.7,42,ask,EarnestEspressos,CostlyCorianders,5324627
