timestamp,recv_time,price,volume,aggressor_side,buyer,seller,trade_id
2026-07-14T00:00:00.954553,2026-07-14T00:00:00.964974+00:00,80.6,1,bid,FlawlessFlatbreads,DiligentDonuts,2008636
2026-07-14T00:00:00.954553,2026-07-14T00:00:00.964974+00:00,80.6,3,bid,FlawlessFlatbreads,Xinhong Shan,2008637
2026-07-14T00:00:00.954553,2026-07-14T00:00:00.964974+00:00,80.9,46,bid,FlawlessFlatbreads,EarnestEspressos,2008638
2026-07-14T00:00:01.829225,2026-07-14T00:00:01.832993+00:00,80.6,11,ask,EarnestEspressos,Xuanyu Liu,2008654
2026-07-14T00:00:02.544378,2026-07-14T00:00:02.551128+00:00,80.6,42,ask,EarnestEspressos,CostlyCorianders,2008665
2026-07-14T00:00:03.064247,2026-07-14T00:00:03.071940+00:00,80.9,4,bid,FlawlessFlatbreads,Xinhong Shan,2008685
2026-07-14T00:00:03.064247,2026-07-14T00:00:03.071940+00:00,81.0,46,bid,FlawlessFlatbreads,DiligentDonuts,2008686
2026-07-14T00:00:03.988207,2026-07-14T00:00:04.065983+00:00,80.6,11,ask,EarnestEspressos,Xuanyu Liu,2008703
2026-07-14T00:00:04.125849,2026-07-14T00:00:04.129910+00:00,80.6,10,ask,EarnestEspressos,Xuanyu Liu,2008717
2026-07-14T00:00:05.036273,2026-07-14T00:00:05.041846+00:00,80.6,4,ask,Xinhong Shan,EarnestEspressos,2008737
2026-07-14T00:00:05.175129,2026-07-14T00:00:05.180918+00:00,80.6,50,bid,FlawlessFlatbreads,EarnestEspressos,2008742
2026-07-14T00:00:06.010665,2026-07-14T00:00:06.019794+00:00,80.6,44,bid,CostlyCorianders,EarnestEspressos,2008764
2026-07-14T00:00:07.303455,2026-07-14T00:00:07.315510+00:00,80.6,50,bid,FlawlessFlatbreads,EarnestEspressos,2008787
2026-07-14T00:00:08.148289,2026-07-14T00:00:08.158875+00:00,80.6,4,bid,EarnestEspressos,Xinhong Shan,2008815
2026-07-14T00:00:08.155206,2026-07-14T00:00:08.158875+00:00,80.9,11,ask,EarnestEspressos,Xuanyu Liu,2008816
2026-07-14T00:00:08.772535,2026-07-14T00:00:08.784253+00:00,80.9,44,ask,EarnestEspressos,CostlyCorianders,2008821
2026-07-14T00:00:09.327389,2026-07-14T00:00:09.331299+00:00,80.9,3,ask,EarnestEspressos,Xuanyu Liu,2008835
2026-07-14T00:00:09.407763,2026-07-14T00:00:09.417689+00:00,81.0,50,bid,FlawlessFlatbreads,DiligentDonuts,2008838
2026-07-14T00:00:11.514685,2026-07-14T00:00:11.519481+00:00,81.0,4,bid,FlawlessFlatbreads,Xinhong Shan,2008882
2026-07-14T00:00:11.514685,2026-07-14T00:00:11.519481+00:00,81.0,46,bid,FlawlessFlatbreads,DiligentDonuts,2008883
2026-07-14T00:00:13.623008,2026-07-14T00:00:13.630680+00:00,81.0,50,bid,FlawlessFlatbreads,DiligentDonuts,2008923
2026-07-14T00:00:14.205914,2026-07-14T00:00:14.219590+00:00,80.9,1,ask,Xinhong Shan,Kelvin Chan,2008931
2026-07-14T00:00:14.465206,2026-07-14T00:00:14.467611+00:00,80.9,3,ask,Xinhong Shan,CostlyCorianders,2008939
2026-07-14T00:00:14.465206,2026-07-14T00:00:14.478307+00:00,80.8,45,ask,DiligentDonuts,CostlyCorianders,2008940
2026-07-14T00:00:15.730455,2026-07-14T00:00:15.739622+00:00,81.0,50,bid,FlawlessFlatbreads,EarnestEspressos,2008971
2026-07-14T00:00:15.863519,2026-07-14T00:00:15.867173+00:00,80.8,47,ask,DiligentDonuts,CostlyCorianders,2008972
2026-07-14T00:00:17.496861,2026-07-14T00:00:17.504612+00:00,81.0,48,bid,CostlyCorianders,EarnestEspressos,2009021
2026-07-14T00:00:17.849979,2026-07-14T00:00:17.859470+00:00,81.0,50,bid,FlawlessFlatbreads,DiligentDonuts,2009027
2026-07-14T00:00:19.958729,2026-07-14T00:00:19.967167+00:00,81.0,50,bid,FlawlessFlatbreads,DiligentDonuts,2009076
2026-07-14T00:00:20.706989,2026-07-14T00:00:20.714714+00:00,81.0,4,bid,CostlyCorianders,Xinhong Shan,2009086
2026-07-14T00:00:20.706989,2026-07-14T00:00:20.714714+00:00,81.3,42,bid,CostlyCorianders,EarnestEspressos,2009087
2026-07-14T00:00:20.815108,2026-07-14T00:00:20.824185+00:00,81.1,124,ask,EarnestEspressos,Lachy Miller,2009092
2026-07-14T00:00:22.066170,2026-07-14T00:00:22.074792+00:00,81.4,50,bid,FlawlessFlatbreads,DiligentDonuts,2009114
2026-07-14T00:00:22.442683,2026-07-14T00:00:22.446922+00:00,81.1,3,ask,EarnestEspressos,Xuanyu Liu,2009123
2026-07-14T00:00:22.819105,2026-07-14T00:00:22.823142+00:00,81.1,5,ask,EarnestEspressos,Lam Anh Pham,2009126
2026-07-14T00:00:23.485573,2026-07-14T00:00:23.492900+00:00,81.1,18,ask,EarnestEspressos,Dinh Nguyen,2009144
2026-07-14T00:00:23.485573,2026-07-14T00:00:23.492900+00:00,81.1,4,ask,Xinhong Shan,Dinh Nguyen,2009145
2026-07-14T00:00:24.024054,2026-07-14T00:00:24.026886+00:00,81.0,100,ask,DiligentDonuts,EarnestEspressos,2009157
2026-07-14T00:00:24.024054,2026-07-14T00:00:24.037734+00:00,81.0,4,ask,Xinhong Shan,EarnestEspressos,2009158
2026-07-14T00:00:24.173539,2026-07-14T00:00:24.175672+00:00,81.0,46,bid,FlawlessFlatbreads,EarnestEspressos,2009159
2026-07-14T00:00:24.173539,2026-07-14T00:00:24.186324+00:00,81.4,4,bid,FlawlessFlatbreads,Xinhong Shan,2009160
2026-07-14T00:00:25.413387,2026-07-14T00:00:25.422336+00:00,80.7,5,ask,Kelvin Chan,CostlyCorianders,2009188
2026-07-14T00:00:25.413387,2026-07-14T00:00:25.422336+00:00,80.7,4,ask,Xinhong Shan,CostlyCorianders,2009189
2026-07-14T00:00:25.413387,2026-07-14T00:00:25.422336+00:00,80.5,40,ask,EarnestEspressos,CostlyCorianders,2009190
2026-07-14T00:00:26.282863,2026-07-14T00:00:26.285265+00:00,81.5,50,bid,FlawlessFlatbreads,DiligentDonuts,2009207
2026-07-14T00:00:27.480407,2026-07-14T00:00:27.486655+00:00,80.9,41,ask,DiligentDonuts,CostlyCorianders,2009229
2026-07-14T00:00:27.961878,2026-07-14T00:00:27.968333+00:00,81.4,1,bid,Lam Anh Pham,DiligentDonuts,2009242
2026-07-14T00:00:28.390430,2026-07-14T00:00:28.402467+00:00,81.4,50,bid,FlawlessFlatbreads,DiligentDonuts,2009254
2026-07-14T00:00:29.092608,2026-07-14T00:00:29.101236+00:00,81.4,45,bid,CostlyCorianders,DiligentDonuts,2009273
2026-07-14T00:00:32.674218,2026-07-14T00:00:32.686048+00:00,81.1,50,ask,DiligentDonuts,FlawlessFlatbreads,2009340
2026-07-14T00:00:32.758549,2026-07-14T00:00:32.762043+00:00,81.1,4,ask,Xinhong Shan,Dinh Nguyen,2009341
2026-07-14T00:00:32.788489,2026-07-14T00:00:32.794662+00:00,80.9,49,ask,EarnestEspressos,CostlyCorianders,2009344
2026-07-14T00:00:34.687003,2026-07-14T00:00:34.692254+00:00,81.2,46,bid,CostlyCorianders,EarnestEspressos,2009378
2026-07-14T00:00:34.781181,2026-07-14T00:00:34.789941+00:00,80.9,50,ask,DiligentDonuts,FlawlessFlatbreads,2009379
2026-07-14T00:00:36.886555,2026-07-14T00:00:36.897849+00:00,81.0,50,ask,EarnestEspressos,FlawlessFlatbreads,2009424
2026-07-14T00:00:38.225909,2026-07-14T00:00:38.230653+00:00,81.0,1,ask,EarnestEspressos,Lam Anh Pham,2009445
2026-07-14T00:00:38.262150,2026-07-14T00:00:38.274747+00:00,81.0,2,ask,EarnestEspressos,Dinh Nguyen,2009447
2026-07-14T00:00:41.106093,2026-07-14T00:00:41.113003+00:00,81.0,3,ask,Xinhong Shan,FlawlessFlatbreads,2009499
2026-07-14T00:00:41.106093,2026-07-14T00:00:41.113003+00:00,80.9,47,ask,EarnestEspressos,FlawlessFlatbreads,2009500
2026-07-14T00:00:43.214366,2026-07-14T00:00:43.226874+00:00,80.9,3,ask,Xinhong Shan,FlawlessFlatbreads,2009554
2026-07-14T00:00:43.214366,2026-07-14T00:00:43.226874+00:00,80.8,2,ask,Kelvin Chan,FlawlessFlatbreads,2009555
2026-07-14T00:00:43.214366,2026-07-14T00:00:43.226874+00:00,80.8,45,ask,DiligentDonuts,FlawlessFlatbreads,2009556
2026-07-14T00:00:43.289567,2026-07-14T00:00:43.291523+00:00,80.8,40,ask,DiligentDonuts,CostlyCorianders,2009558
2026-07-14T00:00:43.369519,2026-07-14T00:00:43.378004+00:00,80.8,1,ask,DiligentDonuts,Lam Anh Pham,2009563
2026-07-14T00:00:43.468843,2026-07-14T00:00:43.472404+00:00,81.0,3,bid,Xuanyu Liu,EarnestEspressos,2009569
2026-07-14T00:00:46.269974,2026-07-14T00:00:46.274549+00:00,81.0,3,bid,Lachy Miller,Xinhong Shan,2009617
2026-07-14T00:00:46.950464,2026-07-14T00:00:46.967910+00:00,81.1,2,bid,Dinh Nguyen,DiligentDonuts,2009639
2026-07-14T00:00:47.393216,2026-07-14T00:00:47.405887+00:00,81.1,50,bid,FlawlessFlatbreads,DiligentDonuts,2009655
2026-07-14T00:00:47.483660,2026-07-14T00:00:47.493820+00:00,81.1,22,bid,Lachy Miller,DiligentDonuts,2009657
2026-07-14T00:00:48.207625,2026-07-14T00:00:48.212244+00:00,81.1,2,bid,Dinh Nguyen,DiligentDonuts,2009664
2026-07-14T00:00:48.496250,2026-07-14T00:00:48.504219+00:00,81.1,1,bid,Lam Anh Pham,DiligentDonuts,2009674
2026-07-14T00:00:48.622734,2026-07-14T00:00:48.625767+00:00,81.1,100,bid,DiligentDonuts,EarnestEspressos,2009678
2026-07-14T00:00:49.276351,2026-07-14T00:00:49.287328+00:00,81.1,1,bid,EarnestEspressos,Kelvin Chan,2009695
2026-07-14T00:00:49.276351,2026-07-14T00:00:49.287328+00:00,81.1,3,bid,EarnestEspressos,Xinhong Shan,2009696
2026-07-14T00:00:49.500595,2026-07-14T00:00:49.510435+00:00,81.6,50,bid,FlawlessFlatbreads,DiligentDonuts,2009702
2026-07-14T00:00:53.384483,2026-07-14T00:00:53.386877+00:00,81.2,47,bid,CostlyCorianders,DiligentDonuts,2009792
2026-07-14T00:00:53.634787,2026-07-14T00:00:53.646475+00:00,81.2,1,bid,Lam Anh Pham,DiligentDonuts,2009798
2026-07-14T00:00:53.709632,2026-07-14T00:00:53.716627+00:00,81.2,50,bid,FlawlessFlatbreads,DiligentDonuts,2009804
2026-07-14T00:00:54.451728,2026-07-14T00:00:54.463155+00:00,81.2,2,bid,Dinh Nguyen,DiligentDonuts,2009817
2026-07-14T00:00:54.960945,2026-07-14T00:00:54.968622+00:00,81.2,3,bid,Andy Garg,Xinhong Shan,2009830
2026-07-14T00:00:55.169909,2026-07-14T00:00:55.172284+00:00,81.6,92,bid,Andy Garg,EarnestEspressos,2009832
2026-07-14T00:00:55.307578,2026-07-14T00:00:55.312695+00:00,81.1,75,ask,EarnestEspressos,Lachy Miller,2009838
2026-07-14T00:00:55.866372,2026-07-14T00:00:55.871463+00:00,81.2,50,ask,EarnestEspressos,FlawlessFlatbreads,2009842
2026-07-14T00:00:56.302155,2026-07-14T00:00:56.311077+00:00,81.2,47,ask,EarnestEspressos,CostlyCorianders,2009854
2026-07-14T00:00:57.869179,2026-07-14T00:00:57.875787+00:00,81.6,49,bid,CostlyCorianders,DiligentDonuts,2009895
2026-07-14T00:00:57.973126,2026-07-14T00:00:57.985202+00:00,81.2,50,ask,EarnestEspressos,FlawlessFlatbreads,2009896
2026-07-14T00:00:58.111263,2026-07-14T00:00:58.114018+00:00,81.6,4,bid,DiligentDonuts,Xinhong Shan,2009901
2026-07-14T00:00:58.766684,2026-07-14T00:00:58.771821+00:00,81.6,1,ask,DiligentDonuts,Lam Anh Pham,2009918
2026-07-14T00:00:58.831991,2026-07-14T00:00:58.836099+00:00,81.6,95,ask,DiligentDonuts,EarnestEspressos,2009919
2026-07-14T00:00:58.831991,2026-07-14T00:00:58.836099+00:00,81.6,4,ask,Xinhong Shan,EarnestEspressos,2009920
2026-07-14T00:00:58.925453,2026-07-14T00:00:58.932665+00:00,81.4,51,bid,Lachy Miller,EarnestEspressos,2009924
2026-07-14T00:01:02.067038,2026-07-14T00:01:02.075770+00:00,81.7,46,bid,CostlyCorianders,DiligentDonuts,2009995
2026-07-14T00:01:02.183881,2026-07-14T00:01:02.194778+00:00,81.5,50,ask,EarnestEspressos,FlawlessFlatbreads,2009998
2026-07-14T00:01:04.289700,2026-07-14T00:01:04.299719+00:00,81.5,50,ask,EarnestEspressos,FlawlessFlatbreads,2010036
2026-07-14T00:01:04.447098,2026-07-14T00:01:04.461482+00:00,81.5,3,ask,EarnestEspressos,Xuanyu Liu,2010039
2026-07-14T00:01:04.543698,2026-07-14T00:01:04.549926+00:00,81.5,1,ask,EarnestEspressos,Lachy Miller,2010045
2026-07-14T00:01:04.952248,2026-07-14T00:01:04.957367+00:00,81.5,25,ask,EarnestEspressos,Lachy Miller,2010050
2026-07-14T00:01:05.153664,2026-07-14T00:01:05.163636+00:00,81.5,4,ask,Xinhong Shan,EarnestEspressos,2010053
2026-07-14T00:01:05.153664,2026-07-14T00:01:05.163636+00:00,81.3,100,ask,DiligentDonuts,EarnestEspressos,2010054
2026-07-14T00:01:05.159847,2026-07-14T00:01:05.163636+00:00,81.3,3,bid,Xuanyu Liu,EarnestEspressos,2010055
2026-07-14T00:01:05.762191,2026-07-14T00:01:05.769615+00:00,81.3,43,bid,Lachy Miller,EarnestEspressos,2010076
2026-07-14T00:01:05.973765,2026-07-14T00:01:05.983940+00:00,81.1,2,ask,Kelvin Chan,CostlyCorianders,2010084
2026-07-14T00:01:05.973765,2026-07-14T00:01:05.983940+00:00,81.1,3,ask,Xinhong Shan,CostlyCorianders,2010085
2026-07-14T00:01:05.973765,2026-07-14T00:01:05.983940+00:00,80.8,36,ask,EarnestEspressos,CostlyCorianders,2010086
2026-07-14T00:01:06.394277,2026-07-14T00:01:06.402850+00:00,81.2,5,ask,Kelvin Chan,FlawlessFlatbreads,2010089
2026-07-14T00:01:06.394277,2026-07-14T00:01:06.402850+00:00,80.8,45,ask,EarnestEspressos,FlawlessFlatbreads,2010090
2026-07-14T00:01:07.068323,2026-07-14T00:01:07.075299+00:00,81.2,5,ask,Kelvin Chan,CostlyCorianders,2010113
2026-07-14T00:01:07.068323,2026-07-14T00:01:07.075299+00:00,81.2,3,ask,Xinhong Shan,CostlyCorianders,2010114
2026-07-14T00:01:07.526859,2026-07-14T00:01:07.535089+00:00,81.7,3,bid,CostlyCorianders,Xinhong Shan,2010122
2026-07-14T00:01:08.506907,2026-07-14T00:01:08.514931+00:00,81.2,50,ask,EarnestEspressos,FlawlessFlatbreads,2010147
2026-07-14T00:01:08.573430,2026-07-14T00:01:08.579594+00:00,81.2,48,ask,EarnestEspressos,CostlyCorianders,2010148
2026-07-14T00:01:09.020421,2026-07-14T00:01:09.029766+00:00,81.2,1,ask,EarnestEspressos,Lam Anh Pham,2010157
2026-07-14T00:01:10.561785,2026-07-14T00:01:10.571320+00:00,81.5,50,bid,FlawlessFlatbreads,DiligentDonuts,2010194
2026-07-14T00:01:11.582091,2026-07-14T00:01:11.589836+00:00,81.4,7,bid,Lachy Miller,EarnestEspressos,2010214
2026-07-14T00:01:12.310650,2026-07-14T00:01:12.320785+00:00,81.4,25,bid,Dinh Nguyen,EarnestEspressos,2010228
2026-07-14T00:01:12.672349,2026-07-14T00:01:12.676277+00:00,81.4,50,bid,FlawlessFlatbreads,EarnestEspressos,2010235
2026-07-14T00:01:14.163418,2026-07-14T00:01:14.167869+00:00,81.4,1,bid,Lam Anh Pham,EarnestEspressos,2010267
2026-07-14T00:01:14.328526,2026-07-14T00:01:14.340370+00:00,81.4,44,bid,CostlyCorianders,EarnestEspressos,2010273
2026-07-14T00:01:14.586617,2026-07-14T00:01:14.594333+00:00,81.4,3,bid,EarnestEspressos,Xinhong Shan,2010281
2026-07-14T00:01:14.782805,2026-07-14T00:01:14.788450+00:00,81.8,50,bid,FlawlessFlatbreads,DiligentDonuts,2010286
2026-07-14T00:01:14.802857,2026-07-14T00:01:14.810438+00:00,81.4,45,ask,EarnestEspressos,CostlyCorianders,2010287
2026-07-14T00:01:16.889261,2026-07-14T00:01:16.894572+00:00,81.8,50,bid,FlawlessFlatbreads,DiligentDonuts,2010327
2026-07-14T00:01:17.211496,2026-07-14T00:01:17.223309+00:00,81.7,45,ask,DiligentDonuts,CostlyCorianders,2010336
2026-07-14T00:01:17.574627,2026-07-14T00:01:17.584012+00:00,81.7,2,ask,DiligentDonuts,Dinh Nguyen,2010344
2026-07-14T00:01:18.799715,2026-07-14T00:01:18.812244+00:00,81.8,42,bid,CostlyCorianders,EarnestEspressos,2010358
2026-07-14T00:01:18.838906,2026-07-14T00:01:18.844807+00:00,81.7,2,ask,DiligentDonuts,Dinh Nguyen,2010360
2026-07-14T00:01:19.016519,2026-07-14T00:01:19.019913+00:00,81.8,50,bid,FlawlessFlatbreads,EarnestEspressos,2010364
2026-07-14T00:01:19.380409,2026-07-14T00:01:19.390170+00:00,81.8,48,bid,CostlyCorianders,EarnestEspressos,2010367
2026-07-14T00:01:20.090636,2026-07-14T00:01:20.102530+00:00,81.7,2,ask,DiligentDonuts,Dinh Nguyen,2010380
2026-07-14T00:01:20.917748,2026-07-14T00:01:20.931363+00:00,81.8,3,bid,EarnestEspressos,Xinhong Shan,2010397
2026-07-14T00:01:20.928086,2026-07-14T00:01:20.931363+00:00,81.9,14,ask,EarnestEspressos,Xuanyu Liu,2010399
2026-07-14T00:01:21.009573,2026-07-14T00:01:21.017970+00:00,81.9,25,ask,EarnestEspressos,Lachy Miller,2010402
2026-07-14T00:01:21.123219,2026-07-14T00:01:21.125627+00:00,82.0,50,bid,FlawlessFlatbreads,DiligentDonuts,2010406
2026-07-14T00:01:21.345655,2026-07-14T00:01:21.351156+00:00,81.9,25,ask,EarnestEspressos,Dinh Nguyen,2010411
2026-07-14T00:01:22.069093,2026-07-14T00:01:22.072187+00:00,82.0,40,bid,CostlyCorianders,DiligentDonuts,2010434
2026-07-14T00:01:23.242466,2026-07-14T00:01:23.252698+00:00,82.0,10,bid,FlawlessFlatbreads,DiligentDonuts,2010458
2026-07-14T00:01:23.242466,2026-07-14T00:01:23.252698+00:00,82.0,4,bid,FlawlessFlatbreads,Xinhong Shan,2010459
2026-07-14T00:01:23.242466,2026-07-14T00:01:23.252698+00:00,82.4,36,bid,FlawlessFlatbreads,EarnestEspressos,2010460
2026-07-14T00:01:23.421975,2026-07-14T00:01:23.426257+00:00,81.9,25,ask,EarnestEspressos,Lachy Miller,2010464
2026-07-14T00:01:24.231449,2026-07-14T00:01:24.237612+00:00,82.0,49,ask,DiligentDonuts,Lachy Miller,2010490
2026-07-14T00:01:24.368631,2026-07-14T00:01:24.378557+00:00,82.0,25,ask,DiligentDonuts,Dinh Nguyen,2010494
2026-07-14T00:01:24.409358,2026-07-14T00:01:24.421676+00:00,82.0,1,ask,DiligentDonuts,Lam Anh Pham,2010496
2026-07-14T00:01:25.411656,2026-07-14T00:01:25.422930+00:00,82.0,25,ask,DiligentDonuts,FlawlessFlatbreads,2010519
2026-07-14T00:01:25.411656,2026-07-14T00:01:25.422930+00:00,82.0,4,ask,Xinhong Shan,FlawlessFlatbreads,2010520
2026-07-14T00:01:25.411656,2026-07-14T00:01:25.422930+00:00,81.9,21,ask,EarnestEspressos,FlawlessFlatbreads,2010521
2026-07-14T00:01:26.142637,2026-07-14T00:01:26.144977+00:00,81.9,25,ask,EarnestEspressos,Dinh Nguyen,2010530
2026-07-14T00:01:27.363062,2026-07-14T00:01:27.372653+00:00,81.9,4,ask,Xinhong Shan,CostlyCorianders,2010565
2026-07-14T00:01:27.363062,2026-07-14T00:01:27.372653+00:00,81.5,37,ask,DiligentDonuts,CostlyCorianders,2010566
2026-07-14T00:01:27.533753,2026-07-14T00:01:27.544758+00:00,81.5,50,ask,DiligentDonuts,FlawlessFlatbreads,2010567
2026-07-14T00:01:29.539145,2026-07-14T00:01:29.546624+00:00,81.5,1,ask,DiligentDonuts,Lam Anh Pham,2010596
2026-07-14T00:01:29.641589,2026-07-14T00:01:29.651173+00:00,81.5,12,ask,DiligentDonuts,FlawlessFlatbreads,2010598
2026-07-14T00:01:29.641589,2026-07-14T00:01:29.651173+00:00,81.5,38,ask,EarnestEspressos,FlawlessFlatbreads,2010599
2026-07-14T00:01:29.831306,2026-07-14T00:01:29.835470+00:00,81.7,11,bid,Xuanyu Liu,DiligentDonuts,2010600
2026-07-14T00:01:30.673635,2026-07-14T00:01:30.677168+00:00,81.7,3,bid,Xuanyu Liu,DiligentDonuts,2010617
2026-07-14T00:01:30.846946,2026-07-14T00:01:30.859631+00:00,81.7,42,bid,CostlyCorianders,DiligentDonuts,2010621
2026-07-14T00:01:31.377725,2026-07-14T00:01:31.389086+00:00,81.5,3,ask,Xinhong Shan,CostlyCorianders,2010636
2026-07-14T00:01:31.377725,2026-07-14T00:01:31.389086+00:00,81.3,44,ask,EarnestEspressos,CostlyCorianders,2010637
2026-07-14T00:01:31.650749,2026-07-14T00:01:31.657643+00:00,81.7,2,bid,Dinh Nguyen,DiligentDonuts,2010644
2026-07-14T00:01:31.775394,2026-07-14T00:01:31.786160+00:00,81.3,50,ask,EarnestEspressos,FlawlessFlatbreads,2010647
2026-07-14T00:01:33.467583,2026-07-14T00:01:33.478772+00:00,81.7,3,bid,CostlyCorianders,Xinhong Shan,2010695
2026-07-14T00:01:33.644214,2026-07-14T00:01:33.660385+00:00,81.5,4,ask,Kelvin Chan,EarnestEspressos,2010704
2026-07-14T00:01:33.644214,2026-07-14T00:01:33.660385+00:00,81.5,3,ask,Xinhong Shan,EarnestEspressos,2010705
2026-07-14T00:01:33.644214,2026-07-14T00:01:33.660385+00:00,81.3,100,ask,DiligentDonuts,EarnestEspressos,2010706
2026-07-14T00:01:33.656690,2026-07-14T00:01:33.660385+00:00,81.2,14,bid,Xuanyu Liu,EarnestEspressos,2010708
2026-07-14T00:01:33.660824,2026-07-14T00:01:33.671982+00:00,81.2,29,bid,Lachy Miller,EarnestEspressos,2010709
2026-07-14T00:01:33.865096,2026-07-14T00:01:33.877163+00:00,81.8,4,bid,Lachy Miller,DiligentDonuts,2010712
2026-07-14T00:01:33.882627,2026-07-14T00:01:33.887816+00:00,80.7,50,ask,EarnestEspressos,FlawlessFlatbreads,2010713
2026-07-14T00:01:34.070845,2026-07-14T00:01:34.079978+00:00,81.8,2,bid,Lachy Miller,DiligentDonuts,2010714
2026-07-14T00:01:34.276444,2026-07-14T00:01:34.278803+00:00,81.8,2,bid,Lachy Miller,DiligentDonuts,2010719
2026-07-14T00:01:34.480385,2026-07-14T00:01:34.485245+00:00,81.8,2,bid,Lachy Miller,DiligentDonuts,2010723
2026-07-14T00:01:34.551013,2026-07-14T00:01:34.554553+00:00,81.5,4,ask,Kelvin Chan,Xuanyu Liu,2010724
2026-07-14T00:01:34.632581,2026-07-14T00:01:34.639783+00:00,81.5,3,ask,Kelvin Chan,Xuanyu Liu,2010728
2026-07-14T00:01:34.684422,2026-07-14T00:01:34.695141+00:00,81.8,1,bid,Lachy Miller,DiligentDonuts,2010729
2026-07-14T00:01:34.838428,2026-07-14T00:01:34.842486+00:00,81.5,3,ask,Kelvin Chan,Xuanyu Liu,2010736
2026-07-14T00:01:34.887600,2026-07-14T00:01:34.897055+00:00,81.8,1,bid,Lachy Miller,DiligentDonuts,2010738
2026-07-14T00:01:35.989327,2026-07-14T00:01:35.992781+00:00,80.7,50,ask,EarnestEspressos,FlawlessFlatbreads,2010767
2026-07-14T00:01:36.155046,2026-07-14T00:01:36.167111+00:00,81.6,41,bid,CostlyCorianders,DiligentDonuts,2010772
2026-07-14T00:01:36.294159,2026-07-14T00:01:36.296641+00:00,81.6,2,bid,Lachy Miller,DiligentDonuts,2010774
2026-07-14T00:01:36.599988,2026-07-14T00:01:36.604457+00:00,81.4,1,ask,Kelvin Chan,Xuanyu Liu,2010780
2026-07-14T00:01:36.681496,2026-07-14T00:01:36.691160+00:00,81.6,2,bid,Dinh Nguyen,DiligentDonuts,2010782
2026-07-14T00:01:37.307341,2026-07-14T00:01:37.310481+00:00,81.6,55,bid,Lachy Miller,DiligentDonuts,2010797
2026-07-14T00:01:37.307341,2026-07-14T00:01:37.321345+00:00,81.6,1,bid,Lachy Miller,Xinhong Shan,2010798
2026-07-14T00:01:37.606631,2026-07-14T00:01:37.613283+00:00,81.6,2,bid,CostlyCorianders,Xinhong Shan,2010804
2026-07-14T00:01:37.606631,2026-07-14T00:01:37.613283+00:00,81.6,41,bid,CostlyCorianders,EarnestEspressos,2010805
2026-07-14T00:01:38.179596,2026-07-14T00:01:38.190398+00:00,81.6,25,bid,Dinh Nguyen,EarnestEspressos,2010822
2026-07-14T00:01:39.599690,2026-07-14T00:01:39.606908+00:00,81.4,43,ask,DiligentDonuts,CostlyCorianders,2010851
2026-07-14T00:01:39.893109,2026-07-14T00:01:39.899865+00:00,81.6,2,bid,Lam Anh Pham,Xinhong Shan,2010864
2026-07-14T00:01:40.217565,2026-07-14T00:01:40.223363+00:00,81.5,50,ask,EarnestEspressos,FlawlessFlatbreads,2010866
2026-07-14T00:01:40.674768,2026-07-14T00:01:40.687410+00:00,81.6,1,bid,Dinh Nguyen,Xinhong Shan,2010878
2026-07-14T00:01:40.933753,2026-07-14T00:01:40.945961+00:00,81.7,2,bid,Dinh Nguyen,Kelvin Chan,2010883
2026-07-14T00:01:41.199142,2026-07-14T00:01:41.203552+00:00,81.5,3,ask,EarnestEspressos,Xuanyu Liu,2010889
2026-07-14T00:01:42.324160,2026-07-14T00:01:42.334497+00:00,81.5,50,ask,EarnestEspressos,FlawlessFlatbreads,2010914
2026-07-14T00:01:42.830579,2026-07-14T00:01:42.839423+00:00,81.5,40,ask,EarnestEspressos,CostlyCorianders,2010925
2026-07-14T00:01:43.129114,2026-07-14T00:01:43.142321+00:00,81.5,3,ask,Xinhong Shan,EarnestEspressos,2010929
2026-07-14T00:01:43.129114,2026-07-14T00:01:43.142321+00:00,81.4,1,ask,Kelvin Chan,EarnestEspressos,2010930
2026-07-14T00:01:43.129114,2026-07-14T00:01:43.142321+00:00,81.3,100,ask,DiligentDonuts,EarnestEspressos,2010931
2026-07-14T00:01:43.138302,2026-07-14T00:01:43.142321+00:00,81.3,3,bid,Xuanyu Liu,EarnestEspressos,2010932
2026-07-14T00:01:43.330600,2026-07-14T00:01:43.336842+00:00,81.3,25,bid,Lachy Miller,EarnestEspressos,2010935
2026-07-14T00:01:43.659647,2026-07-14T00:01:43.666451+00:00,81.3,18,bid,Dinh Nguyen,EarnestEspressos,2010941
2026-07-14T00:01:44.435577,2026-07-14T00:01:44.443249+00:00,81.4,1,ask,Kelvin Chan,FlawlessFlatbreads,2010962
2026-07-14T00:01:44.435577,2026-07-14T00:01:44.454171+00:00,81.4,3,ask,Xinhong Shan,FlawlessFlatbreads,2010963
2026-07-14T00:01:45.049393,2026-07-14T00:01:45.055001+00:00,81.7,1,bid,Lam Anh Pham,Kelvin Chan,2010976
2026-07-14T00:01:45.134123,2026-07-14T00:01:45.141464+00:00,81.7,2,bid,Dinh Nguyen,Xinhong Shan,2010982
2026-07-14T00:01:46.360682,2026-07-14T00:01:46.366133+00:00,81.7,2,bid,Dinh Nguyen,DiligentDonuts,2011005
2026-07-14T00:01:46.545327,2026-07-14T00:01:46.550098+00:00,81.6,50,ask,EarnestEspressos,FlawlessFlatbreads,2011010
2026-07-14T00:01:47.259821,2026-07-14T00:01:47.267315+00:00,81.7,46,bid,CostlyCorianders,DiligentDonuts,2011019
2026-07-14T00:01:47.579668,2026-07-14T00:01:47.586297+00:00,81.7,2,bid,Dinh Nguyen,DiligentDonuts,2011028
2026-07-14T00:01:48.652024,2026-07-14T00:01:48.657553+00:00,81.6,50,ask,EarnestEspressos,FlawlessFlatbreads,2011055
2026-07-14T00:01:48.793470,2026-07-14T00:01:48.796679+00:00,81.7,2,bid,Dinh Nguyen,Kelvin Chan,2011059
2026-07-14T00:01:50.017985,2026-07-14T00:01:50.023550+00:00,81.7,1,bid,Dinh Nguyen,Kelvin Chan,2011087
2026-07-14T00:01:50.017985,2026-07-14T00:01:50.023550+00:00,81.7,1,bid,Dinh Nguyen,Xinhong Shan,2011088
2026-07-14T00:01:50.172415,2026-07-14T00:01:50.183797+00:00,81.7,3,bid,CostlyCorianders,Xinhong Shan,2011091
2026-07-14T00:01:50.757249,2026-07-14T00:01:50.759372+00:00,81.6,3,ask,Xinhong Shan,FlawlessFlatbreads,2011104
2026-07-14T00:01:50.757249,2026-07-14T00:01:50.770007+00:00,81.5,47,ask,DiligentDonuts,FlawlessFlatbreads,2011105
2026-07-14T00:01:51.249702,2026-07-14T00:01:51.258299+00:00,81.8,2,bid,Dinh Nguyen,EarnestEspressos,2011112
2026-07-14T00:01:51.722866,2026-07-14T00:01:51.739309+00:00,81.5,3,ask,DiligentDonuts,Xuanyu Liu,2011123
2026-07-14T00:01:51.723234,2026-07-14T00:01:51.739309+00:00,81.5,40,ask,DiligentDonuts,CostlyCorianders,2011124
2026-07-14T00:01:52.477671,2026-07-14T00:01:52.480521+00:00,81.6,2,bid,Dinh Nguyen,DiligentDonuts,2011133
2026-07-14T00:01:52.812607,2026-07-14T00:01:52.816063+00:00,81.6,50,bid,FlawlessFlatbreads,DiligentDonuts,2011142
2026-07-14T00:01:53.699668,2026-07-14T00:01:53.704113+00:00,81.6,2,bid,Dinh Nguyen,DiligentDonuts,2011156
2026-07-14T00:01:54.918293,2026-07-14T00:01:54.920382+00:00,81.6,46,bid,FlawlessFlatbreads,DiligentDonuts,2011197
2026-07-14T00:01:54.918293,2026-07-14T00:01:54.931001+00:00,81.6,3,bid,FlawlessFlatbreads,Xinhong Shan,2011198
2026-07-14T00:01:54.918293,2026-07-14T00:01:54.931001+00:00,81.7,1,bid,FlawlessFlatbreads,Kelvin Chan,2011199
2026-07-14T00:01:54.927678,2026-07-14T00:01:54.931001+00:00,81.7,2,bid,Dinh Nguyen,Kelvin Chan,2011200
2026-07-14T00:01:55.625699,2026-07-14T00:01:55.631854+00:00,81.7,4,bid,CostlyCorianders,Kelvin Chan,2011219
2026-07-14T00:01:55.625699,2026-07-14T00:01:55.631854+00:00,81.7,40,bid,CostlyCorianders,EarnestEspressos,2011220
2026-07-14T00:01:55.681656,2026-07-14T00:01:55.685135+00:00,81.5,3,ask,Xinhong Shan,CostlyCorianders,2011221
2026-07-14T00:01:55.681656,2026-07-14T00:01:55.685135+00:00,81.4,42,ask,DiligentDonuts,CostlyCorianders,2011222
2026-07-14T00:01:56.186994,2026-07-14T00:01:56.197785+00:00,81.7,2,bid,Dinh Nguyen,Xinhong Shan,2011229
2026-07-14T00:01:56.751097,2026-07-14T00:01:56.763247+00:00,81.4,46,ask,DiligentDonuts,CostlyCorianders,2011252
2026-07-14T00:01:57.028019,2026-07-14T00:01:57.039100+00:00,81.7,7,bid,FlawlessFlatbreads,Kelvin Chan,2011261
2026-07-14T00:01:57.028019,2026-07-14T00:01:57.039100+00:00,81.7,3,bid,FlawlessFlatbreads,Xinhong Shan,2011262
2026-07-14T00:01:57.028019,2026-07-14T00:01:57.039100+00:00,81.8,40,bid,FlawlessFlatbreads,EarnestEspressos,2011263
2026-07-14T00:01:57.239191,2026-07-14T00:01:57.250792+00:00,81.8,44,bid,CostlyCorianders,EarnestEspressos,2011266
2026-07-14T00:01:58.324601,2026-07-14T00:01:58.329081+00:00,81.5,3,bid,Xuanyu Liu,DiligentDonuts,2011288
2026-07-14T00:01:58.662683,2026-07-14T00:01:58.668870+00:00,81.5,2,bid,Dinh Nguyen,DiligentDonuts,2011297
2026-07-14T00:01:58.876520,2026-07-14T00:01:58.880386+00:00,81.4,4,ask,Xinhong Shan,CostlyCorianders,2011304
2026-07-14T00:01:58.882192,2026-07-14T00:01:58.891063+00:00,81.5,95,bid,EarnestEspressos,DiligentDonuts,2011305
2026-07-14T00:01:58.882192,2026-07-14T00:01:58.891063+00:00,81.7,7,bid,EarnestEspressos,Kelvin Chan,2011306
2026-07-14T00:01:58.882192,2026-07-14T00:01:58.891063+00:00,81.7,4,bid,EarnestEspressos,Xinhong Shan,2011307
2026-07-14T00:01:58.945221,2026-07-14T00:01:58.949172+00:00,81.8,3,ask,EarnestEspressos,Xuanyu Liu,2011309
2026-07-14T00:01:59.995406,2026-07-14T00:02:00.005207+00:00,81.8,41,ask,EarnestEspressos,CostlyCorianders,2011321
2026-07-14T00:01:59.995406,2026-07-14T00:02:00.005207+00:00,81.8,3,ask,Xinhong Shan,CostlyCorianders,2011322
2026-07-14T00:02:00.533187,2026-07-14T00:02:00.545877+00:00,81.8,3,ask,Xinhong Shan,Kelvin Chan,2011335
2026-07-14T00:02:01.241735,2026-07-14T00:02:01.247491+00:00,81.7,4,bid,FlawlessFlatbreads,Kelvin Chan,2011347
2026-07-14T00:02:01.241735,2026-07-14T00:02:01.247491+00:00,82.3,46,bid,FlawlessFlatbreads,EarnestEspressos,2011348
2026-07-14T00:02:03.349271,2026-07-14T00:02:03.356769+00:00,81.6,50,bid,FlawlessFlatbreads,EarnestEspressos,2011392
2026-07-14T00:02:04.520168,2026-07-14T00:02:04.522423+00:00,81.6,41,bid,CostlyCorianders,EarnestEspressos,2011413
2026-07-14T00:02:05.210543,2026-07-14T00:02:05.217694+00:00,81.6,3,bid,EarnestEspressos,Xinhong Shan,2011427
2026-07-14T00:02:05.210543,2026-07-14T00:02:05.217694+00:00,81.7,4,bid,EarnestEspressos,Kelvin Chan,2011428
2026-07-14T00:02:05.385702,2026-07-14T00:02:05.387776+00:00,81.7,3,ask,EarnestEspressos,Kelvin Chan,2011431
2026-07-14T00:02:05.596370,2026-07-14T00:02:05.600963+00:00,81.7,3,ask,EarnestEspressos,Kelvin Chan,2011432
2026-07-14T00:02:05.699589,2026-07-14T00:02:05.707704+00:00,81.7,3,ask,EarnestEspressos,Kelvin Chan,2011433
2026-07-14T00:02:06.236252,2026-07-14T00:02:06.243605+00:00,81.9,46,bid,CostlyCorianders,DiligentDonuts,2011448
2026-07-14T00:02:07.354035,2026-07-14T00:02:07.363277+00:00,81.7,42,ask,EarnestEspressos,CostlyCorianders,2011462
2026-07-14T00:02:07.559874,2026-07-14T00:02:07.569154+00:00,81.9,50,bid,FlawlessFlatbreads,DiligentDonuts,2011465
2026-07-14T00:02:07.821456,2026-07-14T00:02:07.823107+00:00,81.8,2,ask,DiligentDonuts,Kelvin Chan,2011466
2026-07-14T00:02:08.259125,2026-07-14T00:02:08.269233+00:00,81.8,1,ask,DiligentDonuts,Kelvin Chan,2011467
2026-07-14T00:02:08.785264,2026-07-14T00:02:08.794446+00:00,81.9,3,bid,CostlyCorianders,Xinhong Shan,2011486
2026-07-14T00:02:08.785264,2026-07-14T00:02:08.794446+00:00,82.1,38,bid,CostlyCorianders,EarnestEspressos,2011487
2026-07-14T00:02:08.840684,2026-07-14T00:02:08.848353+00:00,81.8,43,ask,DiligentDonuts,CostlyCorianders,2011488
2026-07-14T00:02:09.390075,2026-07-14T00:02:09.399581+00:00,81.8,43,ask,DiligentDonuts,CostlyCorianders,2011497
2026-07-14T00:02:10.489585,2026-07-14T00:02:10.498021+00:00,81.8,1,ask,DiligentDonuts,Kelvin Chan,2011510
2026-07-14T00:02:10.572943,2026-07-14T00:02:10.583544+00:00,81.8,1,ask,DiligentDonuts,Kelvin Chan,2011512
2026-07-14T00:02:10.721495,2026-07-14T00:02:10.732610+00:00,81.8,1,ask,Xinhong Shan,Kelvin Chan,2011513
2026-07-14T00:02:10.872597,2026-07-14T00:02:10.881731+00:00,81.8,1,ask,DiligentDonuts,Kelvin Chan,2011514
2026-07-14T00:02:10.898432,2026-07-14T00:02:10.903239+00:00,81.8,1,ask,Xinhong Shan,Kelvin Chan,2011517
2026-07-14T00:02:11.197185,2026-07-14T00:02:11.202795+00:00,81.8,1,ask,Xinhong Shan,Kelvin Chan,2011523
2026-07-14T00:02:11.299308,2026-07-14T00:02:11.308948+00:00,81.8,1,ask,Xinhong Shan,Kelvin Chan,2011524
2026-07-14T00:02:11.822012,2026-07-14T00:02:11.830131+00:00,81.6,50,ask,EarnestEspressos,FlawlessFlatbreads,2011530
2026-07-14T00:02:13.936183,2026-07-14T00:02:13.940547+00:00,81.6,50,ask,EarnestEspressos,FlawlessFlatbreads,2011563
2026-07-14T00:02:14.751990,2026-07-14T00:02:14.762365+00:00,81.6,3,ask,Xinhong Shan,EarnestEspressos,2011572
2026-07-14T00:02:16.041977,2026-07-14T00:02:16.046361+00:00,81.4,3,ask,Xinhong Shan,FlawlessFlatbreads,2011598
2026-07-14T00:02:16.041977,2026-07-14T00:02:16.046361+00:00,81.4,3,ask,Kelvin Chan,FlawlessFlatbreads,2011599
2026-07-14T00:02:16.041977,2026-07-14T00:02:16.046361+00:00,81.2,44,ask,DiligentDonuts,FlawlessFlatbreads,2011600
2026-07-14T00:02:16.109500,2026-07-14T00:02:16.120507+00:00,81.5,5,bid,Kelvin Chan,EarnestEspressos,2011603
2026-07-14T00:02:16.234582,2026-07-14T00:02:16.236724+00:00,81.5,5,bid,Kelvin Chan,EarnestEspressos,2011606
2026-07-14T00:02:18.098994,2026-07-14T00:02:18.101069+00:00,81.5,3,bid,FlawlessFlatbreads,Xinhong Shan,2011660
2026-07-14T00:02:20.836759,2026-07-14T00:02:20.840959+00:00,81.6,41,bid,CostlyCorianders,EarnestEspressos,2011742
2026-07-14T00:02:22.276052,2026-07-14T00:02:22.280221+00:00,81.6,45,bid,CostlyCorianders,DiligentDonuts,2011772
2026-07-14T00:02:22.365128,2026-07-14T00:02:22.367492+00:00,81.4,2,ask,Kelvin Chan,FlawlessFlatbreads,2011775
2026-07-14T00:02:22.365128,2026-07-14T00:02:22.378689+00:00,81.4,3,ask,Xinhong Shan,FlawlessFlatbreads,2011776
2026-07-14T00:02:24.477169,2026-07-14T00:02:24.482693+00:00,81.3,2,ask,Kelvin Chan,FlawlessFlatbreads,2011822
2026-07-14T00:02:24.477169,2026-07-14T00:02:24.482693+00:00,81.3,48,ask,DiligentDonuts,FlawlessFlatbreads,2011823
2026-07-14T00:02:26.028585,2026-07-14T00:02:26.031516+00:00,81.6,1,bid,Lam Anh Pham,Kelvin Chan,2011846
2026-07-14T00:02:26.660597,2026-07-14T00:02:26.671712+00:00,81.3,42,ask,DiligentDonuts,CostlyCorianders,2011853
2026-07-14T00:02:27.079642,2026-07-14T00:02:27.083601+00:00,81.4,14,bid,Xuanyu Liu,DiligentDonuts,2011875
2026-07-14T00:02:27.346751,2026-07-14T00:02:27.348635+00:00,81.4,86,bid,EarnestEspressos,DiligentDonuts,2011883
2026-07-14T00:02:27.346751,2026-07-14T00:02:27.359272+00:00,81.4,3,bid,EarnestEspressos,Xinhong Shan,2011884
2026-07-14T00:02:28.240842,2026-07-14T00:02:28.243655+00:00,81.6,2,bid,CostlyCorianders,Kelvin Chan,2011898
2026-07-14T00:02:28.240842,2026-07-14T00:02:28.254635+00:00,81.6,3,bid,CostlyCorianders,Xinhong Shan,2011899
2026-07-14T00:02:28.240842,2026-07-14T00:02:28.254635+00:00,81.9,44,bid,CostlyCorianders,EarnestEspressos,2011900
2026-07-14T00:02:28.693665,2026-07-14T00:02:28.698284+00:00,81.4,50,ask,EarnestEspressos,FlawlessFlatbreads,2011916
2026-07-14T00:02:28.787757,2026-07-14T00:02:28.794782+00:00,81.4,11,ask,EarnestEspressos,CostlyCorianders,2011917
2026-07-14T00:02:28.787757,2026-07-14T00:02:28.794782+00:00,81.4,3,ask,Xinhong Shan,CostlyCorianders,2011918
2026-07-14T00:02:28.787757,2026-07-14T00:02:28.794782+00:00,81.3,1,ask,Kelvin Chan,CostlyCorianders,2011919
2026-07-14T00:02:28.787757,2026-07-14T00:02:28.794782+00:00,80.9,26,ask,DiligentDonuts,CostlyCorianders,2011920
2026-07-14T00:02:30.570063,2026-07-14T00:02:30.576708+00:00,81.3,1,ask,Kelvin Chan,EarnestEspressos,2011949
2026-07-14T00:02:30.570063,2026-07-14T00:02:30.576708+00:00,81.3,3,ask,Xinhong Shan,EarnestEspressos,2011950
2026-07-14T00:02:30.800576,2026-07-14T00:02:30.810577+00:00,81.1,50,ask,DiligentDonuts,FlawlessFlatbreads,2011953
2026-07-14T00:02:32.914288,2026-07-14T00:02:32.919487+00:00,81.1,50,ask,DiligentDonuts,FlawlessFlatbreads,2011992
2026-07-14T00:02:33.419699,2026-07-14T00:02:33.430822+00:00,81.2,2,ask,Kelvin Chan,CostlyCorianders,2012003
2026-07-14T00:02:33.419699,2026-07-14T00:02:33.430822+00:00,81.2,3,ask,Xinhong Shan,CostlyCorianders,2012004
2026-07-14T00:02:34.970090,2026-07-14T00:02:34.980273+00:00,81.3,3,bid,FlawlessFlatbreads,Xinhong Shan,2012028
2026-07-14T00:02:34.970090,2026-07-14T00:02:34.980273+00:00,81.4,47,bid,FlawlessFlatbreads,EarnestEspressos,2012029
2026-07-14T00:02:35.439501,2026-07-14T00:02:35.441326+00:00,81.4,44,bid,CostlyCorianders,EarnestEspressos,2012036
2026-07-14T00:02:37.078263,2026-07-14T00:02:37.087395+00:00,81.4,3,bid,FlawlessFlatbreads,Xinhong Shan,2012065
2026-07-14T00:02:37.078263,2026-07-14T00:02:37.087395+00:00,81.4,47,bid,FlawlessFlatbreads,DiligentDonuts,2012066
2026-07-14T00:02:37.295857,2026-07-14T00:02:37.299898+00:00,81.4,49,bid,CostlyCorianders,DiligentDonuts,2012071
2026-07-14T00:02:39.186028,2026-07-14T00:02:39.190075+00:00,81.4,4,bid,FlawlessFlatbreads,DiligentDonuts,2012111
2026-07-14T00:02:39.186028,2026-07-14T00:02:39.201204+00:00,81.4,3,bid,FlawlessFlatbreads,Xinhong Shan,2012112
2026-07-14T00:02:39.186028,2026-07-14T00:02:39.201204+00:00,81.6,2,bid,FlawlessFlatbreads,Kelvin Chan,2012113
2026-07-14T00:02:39.186028,2026-07-14T00:02:39.201204+00:00,81.8,41,bid,FlawlessFlatbreads,EarnestEspressos,2012114
2026-07-14T00:02:40.003227,2026-07-14T00:02:40.015379+00:00,81.5,2,bid,EarnestEspressos,Kelvin Chan,2012126
2026-07-14T00:02:40.003227,2026-07-14T00:02:40.015379+00:00,81.5,3,bid,EarnestEspressos,Xinhong Shan,2012127
2026-07-14T00:02:40.213900,2026-07-14T00:02:40.218287+00:00,81.5,14,ask,EarnestEspressos,Xuanyu Liu,2012139
2026-07-14T00:02:40.251213,2026-07-14T00:02:40.262390+00:00,81.5,2,ask,EarnestEspressos,Kelvin Chan,2012140
2026-07-14T00:02:40.318665,2026-07-14T00:02:40.327848+00:00,81.5,2,ask,EarnestEspressos,Kelvin Chan,2012141
2026-07-14T00:02:40.396056,2026-07-14T00:02:40.403767+00:00,81.5,2,ask,EarnestEspressos,Kelvin Chan,2012142
2026-07-14T00:02:40.768887,2026-07-14T00:02:40.772107+00:00,81.5,2,ask,EarnestEspressos,Kelvin Chan,2012151
2026-07-14T00:02:41.154740,2026-07-14T00:02:41.158949+00:00,81.5,2,ask,EarnestEspressos,Kelvin Chan,2012162
2026-07-14T00:02:41.181332,2026-07-14T00:02:41.191968+00:00,81.5,44,ask,EarnestEspressos,CostlyCorianders,2012168
2026-07-14T00:02:41.406097,2026-07-14T00:02:41.408080+00:00,81.5,2,ask,EarnestEspressos,Kelvin Chan,2012176
2026-07-14T00:02:43.223538,2026-07-14T00:02:43.231730+00:00,81.5,4,ask,Xinhong Shan,EarnestEspressos,2012215
2026-07-14T00:02:43.416307,2026-07-14T00:02:43.423219+00:00,81.5,50,bid,FlawlessFlatbreads,EarnestEspressos,2012216
2026-07-14T00:02:45.524977,2026-07-14T00:02:45.530691+00:00,81.5,50,bid,FlawlessFlatbreads,EarnestEspressos,2012269
2026-07-14T00:02:47.635782,2026-07-14T00:02:47.643908+00:00,81.5,3,bid,FlawlessFlatbreads,Xinhong Shan,2012293
2026-07-14T00:02:47.635782,2026-07-14T00:02:47.643908+00:00,81.6,47,bid,FlawlessFlatbreads,DiligentDonuts,2012294
2026-07-14T00:02:49.494469,2026-07-14T00:02:49.497064+00:00,81.6,3,bid,EarnestEspressos,Xinhong Shan,2012350
2026-07-14T00:02:49.820271,2026-07-14T00:02:49.828639+00:00,81.6,50,ask,EarnestEspressos,FlawlessFlatbreads,2012351
2026-07-14T00:02:51.930530,2026-07-14T00:02:51.936317+00:00,81.6,50,ask,EarnestEspressos,FlawlessFlatbreads,2012383
2026-07-14T00:02:52.287976,2026-07-14T00:02:52.297071+00:00,81.6,44,ask,EarnestEspressos,CostlyCorianders,2012398
2026-07-14T00:02:52.710135,2026-07-14T00:02:52.712418+00:00,81.6,4,ask,Xinhong Shan,EarnestEspressos,2012408
2026-07-14T00:02:53.985862,2026-07-14T00:02:53.989479+00:00,81.6,50,bid,FlawlessFlatbreads,EarnestEspressos,2012421
2026-07-14T00:02:54.771350,2026-07-14T00:02:54.773892+00:00,81.6,44,bid,CostlyCorianders,EarnestEspressos,2012447
2026-07-14T00:02:56.095456,2026-07-14T00:02:56.103410+00:00,81.6,3,bid,FlawlessFlatbreads,Xinhong Shan,2012474
2026-07-14T00:02:56.095456,2026-07-14T00:02:56.103410+00:00,81.7,5,bid,FlawlessFlatbreads,Kelvin Chan,2012475
2026-07-14T00:02:56.095456,2026-07-14T00:02:56.103410+00:00,81.7,42,bid,FlawlessFlatbreads,DiligentDonuts,2012476
2026-07-14T00:02:56.243665,2026-07-14T00:02:56.251203+00:00,81.4,1,ask,Kelvin Chan,CostlyCorianders,2012478
2026-07-14T00:02:56.243665,2026-07-14T00:02:56.251203+00:00,81.3,3,ask,Xinhong Shan,CostlyCorianders,2012479
2026-07-14T00:02:56.243665,2026-07-14T00:02:56.251203+00:00,81.2,38,ask,DiligentDonuts,CostlyCorianders,2012480
2026-07-14T00:02:58.204497,2026-07-14T00:02:58.212608+00:00,81.7,50,bid,FlawlessFlatbreads,DiligentDonuts,2012518
2026-07-14T00:03:00.391232,2026-07-14T00:03:00.400434+00:00,81.4,50,ask,DiligentDonuts,FlawlessFlatbreads,2012555
2026-07-14T00:03:02.022612,2026-07-14T00:03:02.035672+00:00,81.6,42,bid,CostlyCorianders,DiligentDonuts,2012597
2026-07-14T00:03:02.503920,2026-07-14T00:03:02.512204+00:00,81.4,3,ask,Xinhong Shan,FlawlessFlatbreads,2012607
2026-07-14T00:03:02.503920,2026-07-14T00:03:02.512204+00:00,81.3,3,ask,Kelvin Chan,FlawlessFlatbreads,2012608
2026-07-14T00:03:02.503920,2026-07-14T00:03:02.512204+00:00,81.2,44,ask,EarnestEspressos,FlawlessFlatbreads,2012609
2026-07-14T00:03:03.591346,2026-07-14T00:03:03.603213+00:00,81.2,43,ask,EarnestEspressos,CostlyCorianders,2012628
2026-07-14T00:03:04.615554,2026-07-14T00:03:04.623000+00:00,81.2,50,ask,EarnestEspressos,FlawlessFlatbreads,2012648
2026-07-14T00:03:05.356674,2026-07-14T00:03:05.372313+00:00,81.3,100,ask,DiligentDonuts,EarnestEspressos,2012657
2026-07-14T00:03:05.356674,2026-07-14T00:03:05.372313+00:00,81.3,3,ask,Xinhong Shan,EarnestEspressos,2012658
2026-07-14T00:03:05.366222,2026-07-14T00:03:05.372313+00:00,81.0,14,bid,Xuanyu Liu,EarnestEspressos,2012659
2026-07-14T00:03:06.671677,2026-07-14T00:03:06.675675+00:00,81.0,33,bid,FlawlessFlatbreads,EarnestEspressos,2012701
2026-07-14T00:03:06.671677,2026-07-14T00:03:06.686349+00:00,81.0,3,bid,FlawlessFlatbreads,Xinhong Shan,2012702
2026-07-14T00:03:06.816133,2026-07-14T00:03:06.821247+00:00,81.3,4,ask,Kelvin Chan,Xuanyu Liu,2012708
2026-07-14T00:03:07.717539,2026-07-14T00:03:07.721442+00:00,81.3,4,ask,Kelvin Chan,Xuanyu Liu,2012719
2026-07-14T00:03:07.809537,2026-07-14T00:03:07.814042+00:00,81.3,3,ask,Kelvin Chan,Xuanyu Liu,2012722
2026-07-14T00:03:08.301420,2026-07-14T00:03:08.312998+00:00,81.6,47,bid,CostlyCorianders,DiligentDonuts,2012734
2026-07-14T00:03:08.354974,2026-07-14T00:03:08.365737+00:00,81.3,1,ask,Kelvin Chan,CostlyCorianders,2012735
2026-07-14T00:03:08.354974,2026-07-14T00:03:08.365737+00:00,81.3,3,ask,Kelvin Chan,FlawlessFlatbreads,2012736
2026-07-14T00:03:08.354974,2026-07-14T00:03:08.365737+00:00,81.1,40,ask,DiligentDonuts,CostlyCorianders,2012737
2026-07-14T00:03:08.843632,2026-07-14T00:03:08.852852+00:00,81.3,3,ask,Xinhong Shan,CostlyCorianders,2012748
2026-07-14T00:03:08.843632,2026-07-14T00:03:08.852852+00:00,81.2,47,ask,EarnestEspressos,FlawlessFlatbreads,2012749
2026-07-14T00:03:09.760017,2026-07-14T00:03:09.765211+00:00,81.3,1,ask,Kelvin Chan,CostlyCorianders,2012777
2026-07-14T00:03:09.760017,2026-07-14T00:03:09.765211+00:00,81.3,3,ask,Xinhong Shan,CostlyCorianders,2012778
2026-07-14T00:03:09.760017,2026-07-14T00:03:09.775922+00:00,81.2,44,ask,EarnestEspressos,CostlyCorianders,2012779
2026-07-14T00:03:10.898926,2026-07-14T00:03:10.903829+00:00,81.6,50,bid,FlawlessFlatbreads,DiligentDonuts,2012800
2026-07-14T00:03:11.042200,2026-07-14T00:03:11.046036+00:00,81.4,3,ask,DiligentDonuts,Xuanyu Liu,2012809
2026-07-14T00:03:11.684866,2026-07-14T00:03:11.692415+00:00,81.4,97,ask,DiligentDonuts,EarnestEspressos,2012826
2026-07-14T00:03:13.065825,2026-07-14T00:03:13.086804+00:00,80.8,50,ask,EarnestEspressos,FlawlessFlatbreads,2012861
2026-07-14T00:03:15.172160,2026-07-14T00:03:15.176258+00:00,81.0,50,ask,EarnestEspressos,FlawlessFlatbreads,2012905
2026-07-14T00:03:17.228040,2026-07-14T00:03:17.234609+00:00,81.2,50,bid,FlawlessFlatbreads,DiligentDonuts,2012955
2026-07-14T00:03:19.336052,2026-07-14T00:03:19.341636+00:00,81.1,50,bid,FlawlessFlatbreads,EarnestEspressos,2012988
2026-07-14T00:03:19.657901,2026-07-14T00:03:19.662023+00:00,81.1,3,bid,Xuanyu Liu,EarnestEspressos,2012997
2026-07-14T00:03:21.444919,2026-07-14T00:03:21.452563+00:00,81.1,3,bid,FlawlessFlatbreads,Xinhong Shan,2013036
2026-07-14T00:03:21.444919,2026-07-14T00:03:21.452563+00:00,81.5,47,bid,FlawlessFlatbreads,DiligentDonuts,2013037
2026-07-14T00:03:21.539160,2026-07-14T00:03:21.548006+00:00,81.5,1,bid,Lam Anh Pham,DiligentDonuts,2013039
2026-07-14T00:03:21.649947,2026-07-14T00:03:21.664299+00:00,81.5,1,bid,Lam Anh Pham,DiligentDonuts,2013041
2026-07-14T00:03:22.751034,2026-07-14T00:03:22.761248+00:00,81.5,45,bid,CostlyCorianders,DiligentDonuts,2013065
2026-07-14T00:03:22.962224,2026-07-14T00:03:22.973729+00:00,81.5,1,bid,Lam Anh Pham,DiligentDonuts,2013068
2026-07-14T00:03:23.073829,2026-07-14T00:03:23.081203+00:00,81.5,1,bid,Lam Anh Pham,DiligentDonuts,2013073
2026-07-14T00:03:23.555193,2026-07-14T00:03:23.564708+00:00,81.5,4,bid,FlawlessFlatbreads,DiligentDonuts,2013087
2026-07-14T00:03:23.555193,2026-07-14T00:03:23.564708+00:00,81.5,46,bid,FlawlessFlatbreads,EarnestEspressos,2013088
2026-07-14T00:03:23.588288,2026-07-14T00:03:23.592613+00:00,81.0,3,ask,DiligentDonuts,Xuanyu Liu,2013092
2026-07-14T00:03:24.882803,2026-07-14T00:03:24.888455+00:00,81.3,45,bid,CostlyCorianders,EarnestEspressos,2013114
2026-07-14T00:03:26.382370,2026-07-14T00:03:26.392828+00:00,81.1,2,ask,Kelvin Chan,CostlyCorianders,2013136
2026-07-14T00:03:26.382370,2026-07-14T00:03:26.392828+00:00,81.0,45,ask,DiligentDonuts,CostlyCorianders,2013137
2026-07-14T00:03:27.776573,2026-07-14T00:03:27.783037+00:00,81.1,48,ask,EarnestEspressos,CostlyCorianders,2013173
2026-07-14T00:03:27.816084,2026-07-14T00:03:27.825347+00:00,81.1,50,ask,EarnestEspressos,FlawlessFlatbreads,2013174
2026-07-14T00:03:28.288908,2026-07-14T00:03:28.291910+00:00,81.1,40,ask,EarnestEspressos,CostlyCorianders,2013185
2026-07-14T00:03:28.877892,2026-07-14T00:03:28.886747+00:00,81.1,3,ask,EarnestEspressos,Lachy Miller,2013197
2026-07-14T00:03:28.920201,2026-07-14T00:03:28.929623+00:00,81.1,6,ask,EarnestEspressos,Lam Anh Pham,2013200
2026-07-14T00:03:28.934117,2026-07-14T00:03:28.940332+00:00,81.1,3,ask,Xinhong Shan,Lachy Miller,2013204
2026-07-14T00:03:28.934117,2026-07-14T00:03:28.940332+00:00,81.1,3,ask,EarnestEspressos,Xuanyu Liu,2013205
2026-07-14T00:03:29.146883,2026-07-14T00:03:29.151374+00:00,81.0,1,ask,Kelvin Chan,Lachy Miller,2013214
2026-07-14T00:03:29.229717,2026-07-14T00:03:29.232285+00:00,81.3,1,bid,Lam Anh Pham,Xinhong Shan,2013218
2026-07-14T00:03:29.841415,2026-07-14T00:03:29.847573+00:00,81.3,1,bid,Lam Anh Pham,Xinhong Shan,2013228
2026-07-14T00:03:29.921628,2026-07-14T00:03:29.931567+00:00,80.9,50,ask,DiligentDonuts,FlawlessFlatbreads,2013229
2026-07-14T00:03:30.169343,2026-07-14T00:03:30.172811+00:00,81.2,3,bid,Xuanyu Liu,DiligentDonuts,2013240
2026-07-14T00:03:32.032770,2026-07-14T00:03:32.038930+00:00,80.9,3,ask,Xinhong Shan,FlawlessFlatbreads,2013261
2026-07-14T00:03:32.032770,2026-07-14T00:03:32.038930+00:00,80.7,47,ask,DiligentDonuts,FlawlessFlatbreads,2013262
2026-07-14T00:03:32.132626,2026-07-14T00:03:32.144366+00:00,81.0,3,bid,Kelvin Chan,EarnestEspressos,2013263
2026-07-14T00:03:32.201361,2026-07-14T00:03:32.208015+00:00,81.0,2,bid,Kelvin Chan,EarnestEspressos,2013264
2026-07-14T00:03:32.835189,2026-07-14T00:03:32.838562+00:00,81.0,3,bid,Xuanyu Liu,EarnestEspressos,2013284
2026-07-14T00:03:32.962875,2026-07-14T00:03:32.966113+00:00,81.0,7,bid,Lachy Miller,EarnestEspressos,2013288
2026-07-14T00:03:33.163313,2026-07-14T00:03:33.168151+00:00,81.0,44,bid,CostlyCorianders,EarnestEspressos,2013289
2026-07-14T00:03:34.312838,2026-07-14T00:03:34.323338+00:00,81.0,3,bid,CostlyCorianders,Xinhong Shan,2013309
2026-07-14T00:03:34.312838,2026-07-14T00:03:34.323338+00:00,81.2,4,bid,CostlyCorianders,Kelvin Chan,2013310
2026-07-14T00:03:34.312838,2026-07-14T00:03:34.323338+00:00,81.3,38,bid,CostlyCorianders,DiligentDonuts,2013311
2026-07-14T00:03:34.364816,2026-07-14T00:03:34.377074+00:00,81.3,1,bid,Lam Anh Pham,DiligentDonuts,2013314
2026-07-14T00:03:34.473656,2026-07-14T00:03:34.483461+00:00,81.3,1,bid,Lam Anh Pham,DiligentDonuts,2013316
2026-07-14T00:03:36.243146,2026-07-14T00:03:36.246858+00:00,80.9,50,ask,EarnestEspressos,FlawlessFlatbreads,2013351
2026-07-14T00:03:36.940231,2026-07-14T00:03:36.946477+00:00,80.9,2,ask,Kelvin Chan,CostlyCorianders,2013375
2026-07-14T00:03:36.940231,2026-07-14T00:03:36.946477+00:00,80.9,3,ask,Xinhong Shan,CostlyCorianders,2013376
2026-07-14T00:03:37.094329,2026-07-14T00:03:37.105002+00:00,81.2,1,bid,Lam Anh Pham,Kelvin Chan,2013385
2026-07-14T00:03:38.355883,2026-07-14T00:03:38.361676+00:00,80.8,50,ask,EarnestEspressos,FlawlessFlatbreads,2013404
2026-07-14T00:03:40.412446,2026-07-14T00:03:40.424580+00:00,81.0,50,bid,FlawlessFlatbreads,EarnestEspressos,2013441
2026-07-14T00:03:41.540605,2026-07-14T00:03:41.550529+00:00,80.9,4,ask,Kelvin Chan,CostlyCorianders,2013460
2026-07-14T00:03:41.540605,2026-07-14T00:03:41.550529+00:00,80.9,37,ask,DiligentDonuts,CostlyCorianders,2013461
2026-07-14T00:03:42.571133,2026-07-14T00:03:42.579338+00:00,80.9,50,ask,DiligentDonuts,FlawlessFlatbreads,2013480
2026-07-14T00:03:42.739129,2026-07-14T00:03:42.747970+00:00,80.9,3,ask,Kelvin Chan,DiligentDonuts,2013483
2026-07-14T00:03:43.311377,2026-07-14T00:03:43.315521+00:00,80.9,11,bid,Xuanyu Liu,DiligentDonuts,2013497
2026-07-14T00:03:43.389946,2026-07-14T00:03:43.400523+00:00,80.9,50,bid,Lachy Miller,DiligentDonuts,2013499
2026-07-14T00:03:43.619224,2026-07-14T00:03:43.626185+00:00,80.9,36,bid,CostlyCorianders,DiligentDonuts,2013504
2026-07-14T00:03:43.619224,2026-07-14T00:03:43.626185+00:00,80.9,3,bid,CostlyCorianders,Xinhong Shan,2013505
2026-07-14T00:03:43.619224,2026-07-14T00:03:43.626185+00:00,81.0,4,bid,CostlyCorianders,EarnestEspressos,2013506
2026-07-14T00:03:44.788289,2026-07-14T00:03:44.794362+00:00,81.0,43,bid,CostlyCorianders,EarnestEspressos,2013531
2026-07-14T00:03:45.866599,2026-07-14T00:03:45.870901+00:00,81.0,47,bid,CostlyCorianders,EarnestEspressos,2013553
2026-07-14T00:03:46.454188,2026-07-14T00:03:46.463721+00:00,81.0,3,bid,EarnestEspressos,Xinhong Shan,2013563
2026-07-14T00:03:46.789577,2026-07-14T00:03:46.801575+00:00,81.0,50,ask,EarnestEspressos,FlawlessFlatbreads,2013572
2026-07-14T00:03:47.241957,2026-07-14T00:03:47.245184+00:00,81.0,11,ask,EarnestEspressos,Xuanyu Liu,2013582
2026-07-14T00:03:47.493587,2026-07-14T00:03:47.502683+00:00,81.0,48,ask,EarnestEspressos,CostlyCorianders,2013591
2026-07-14T00:03:48.435253,2026-07-14T00:03:48.444680+00:00,81.0,38,ask,EarnestEspressos,CostlyCorianders,2013609
2026-07-14T00:03:48.435253,2026-07-14T00:03:48.444680+00:00,81.0,3,ask,Xinhong Shan,CostlyCorianders,2013610
2026-07-14T00:03:48.435253,2026-07-14T00:03:48.444680+00:00,80.8,3,ask,DiligentDonuts,CostlyCorianders,2013611
2026-07-14T00:03:49.666729,2026-07-14T00:03:49.681675+00:00,80.7,100,ask,DiligentDonuts,EarnestEspressos,2013642
2026-07-14T00:03:49.666729,2026-07-14T00:03:49.681675+00:00,80.7,3,ask,Xinhong Shan,EarnestEspressos,2013643
2026-07-14T00:03:49.677387,2026-07-14T00:03:49.681675+00:00,80.7,11,bid,Xuanyu Liu,EarnestEspressos,2013644
2026-07-14T00:03:49.815035,2026-07-14T00:03:49.819476+00:00,80.7,24,bid,Lachy Miller,EarnestEspressos,2013648
2026-07-14T00:03:50.553208,2026-07-14T00:03:50.564144+00:00,80.7,12,bid,CostlyCorianders,EarnestEspressos,2013664
2026-07-14T00:03:50.553208,2026-07-14T00:03:50.564144+00:00,80.7,3,bid,CostlyCorianders,Xinhong Shan,2013665
2026-07-14T00:03:50.553208,2026-07-14T00:03:50.564144+00:00,81.2,1,bid,CostlyCorianders,Kelvin Chan,2013666
2026-07-14T00:03:50.553208,2026-07-14T00:03:50.564144+00:00,81.2,28,bid,CostlyCorianders,DiligentDonuts,2013667
2026-07-14T00:03:50.641318,2026-07-14T00:03:50.649396+00:00,80.2,5,ask,EarnestEspressos,Lam Anh Pham,2013671
2026-07-14T00:03:50.749044,2026-07-14T00:03:50.756211+00:00,80.2,1,ask,EarnestEspressos,Lam Anh Pham,2013676
2026-07-14T00:03:51.659610,2026-07-14T00:03:51.669377+00:00,81.1,1,bid,Lam Anh Pham,Kelvin Chan,2013694
2026-07-14T00:03:52.268999,2026-07-14T00:03:52.276873+00:00,81.0,1,bid,Lam Anh Pham,DiligentDonuts,2013704
2026-07-14T00:03:52.760923,2026-07-14T00:03:52.766616+00:00,81.0,42,bid,CostlyCorianders,DiligentDonuts,2013715
2026-07-14T00:03:52.793264,2026-07-14T00:03:52.811115+00:00,81.0,57,bid,EarnestEspressos,DiligentDonuts,2013717
2026-07-14T00:03:53.103889,2026-07-14T00:03:53.114204+00:00,81.0,50,ask,EarnestEspressos,FlawlessFlatbreads,2013723
2026-07-14T00:03:53.786558,2026-07-14T00:03:53.789950+00:00,81.0,11,ask,EarnestEspressos,Xuanyu Liu,2013733
2026-07-14T00:03:55.095548,2026-07-14T00:03:55.099267+00:00,81.0,3,ask,EarnestEspressos,Xuanyu Liu,2013760
2026-07-14T00:03:56.035808,2026-07-14T00:03:56.053084+00:00,81.0,3,ask,Xinhong Shan,EarnestEspressos,2013778
2026-07-14T00:03:56.035808,2026-07-14T00:03:56.053084+00:00,80.8,100,ask,DiligentDonuts,EarnestEspressos,2013779
2026-07-14T00:03:56.048501,2026-07-14T00:03:56.053084+00:00,80.8,3,bid,Xuanyu Liu,EarnestEspressos,2013780
2026-07-14T00:03:57.289767,2026-07-14T00:03:57.295173+00:00,80.8,44,bid,FlawlessFlatbreads,EarnestEspressos,2013799
2026-07-14T00:03:57.289767,2026-07-14T00:03:57.295173+00:00,80.8,3,bid,FlawlessFlatbreads,Xinhong Shan,2013800
2026-07-14T00:03:57.391692,2026-07-14T00:03:57.403158+00:00,80.3,1,ask,EarnestEspressos,Lam Anh Pham,2013807
2026-07-14T00:03:58.602896,2026-07-14T00:03:58.612563+00:00,81.0,1,bid,Lam Anh Pham,DiligentDonuts,2013848
2026-07-14T00:03:59.401458,2026-07-14T00:03:59.411616+00:00,81.0,50,bid,FlawlessFlatbreads,DiligentDonuts,2013864
2026-07-14T00:04:01.507491,2026-07-14T00:04:01.517583+00:00,81.0,49,bid,FlawlessFlatbreads,DiligentDonuts,2013905
2026-07-14T00:04:01.507491,2026-07-14T00:04:01.517583+00:00,81.0,1,bid,FlawlessFlatbreads,Xinhong Shan,2013906
2026-07-14T00:04:03.616436,2026-07-14T00:04:03.619157+00:00,81.0,3,bid,FlawlessFlatbreads,Xinhong Shan,2013942
2026-07-14T00:04:03.616436,2026-07-14T00:04:03.630023+00:00,81.1,3,bid,FlawlessFlatbreads,Kelvin Chan,2013943
2026-07-14T00:04:04.417745,2026-07-14T00:04:04.421820+00:00,80.9,42,ask,EarnestEspressos,CostlyCorianders,2013959
2026-07-14T00:04:05.776274,2026-07-14T00:04:05.778705+00:00,81.0,50,ask,EarnestEspressos,FlawlessFlatbreads,2013993
2026-07-14T00:04:07.832715,2026-07-14T00:04:07.841401+00:00,81.1,5,bid,FlawlessFlatbreads,Kelvin Chan,2014026
2026-07-14T00:04:07.832715,2026-07-14T00:04:07.841401+00:00,81.1,3,bid,FlawlessFlatbreads,Xinhong Shan,2014027
2026-07-14T00:04:07.832715,2026-07-14T00:04:07.841401+00:00,81.4,42,bid,FlawlessFlatbreads,DiligentDonuts,2014028
2026-07-14T00:04:07.960835,2026-07-14T00:04:07.971469+00:00,81.1,1,bid,Lam Anh Pham,Kelvin Chan,2014032
2026-07-14T00:04:08.003945,2026-07-14T00:04:08.014611+00:00,81.1,5,bid,DiligentDonuts,Kelvin Chan,2014033
2026-07-14T00:04:08.266756,2026-07-14T00:04:08.277792+00:00,81.2,6,bid,CostlyCorianders,Kelvin Chan,2014040
2026-07-14T00:04:08.370092,2026-07-14T00:04:08.374649+00:00,81.5,1,bid,Lam Anh Pham,EarnestEspressos,2014044
2026-07-14T00:04:08.481187,2026-07-14T00:04:08.492880+00:00,81.5,1,bid,Lam Anh Pham,EarnestEspressos,2014047
2026-07-14T00:04:09.994077,2026-07-14T00:04:09.999193+00:00,81.1,50,ask,DiligentDonuts,FlawlessFlatbreads,2014076
2026-07-14T00:04:11.977215,2026-07-14T00:04:11.979678+00:00,81.1,42,ask,DiligentDonuts,CostlyCorianders,2014118
2026-07-14T00:04:12.049884,2026-07-14T00:04:12.061284+00:00,81.2,3,bid,FlawlessFlatbreads,Kelvin Chan,2014125
2026-07-14T00:04:12.049884,2026-07-14T00:04:12.061284+00:00,81.2,3,bid,FlawlessFlatbreads,Xinhong Shan,2014126
2026-07-14T00:04:12.049884,2026-07-14T00:04:12.061284+00:00,81.4,44,bid,FlawlessFlatbreads,EarnestEspressos,2014127
2026-07-14T00:04:12.557133,2026-07-14T00:04:12.561121+00:00,81.4,48,bid,CostlyCorianders,EarnestEspressos,2014143
2026-07-14T00:04:13.199486,2026-07-14T00:04:13.203644+00:00,81.1,44,ask,DiligentDonuts,CostlyCorianders,2014148
2026-07-14T00:04:14.158710,2026-07-14T00:04:14.161579+00:00,81.4,50,bid,FlawlessFlatbreads,EarnestEspressos,2014165
2026-07-14T00:04:14.986854,2026-07-14T00:04:14.990830+00:00,81.3,3,ask,EarnestEspressos,Xuanyu Liu,2014179
2026-07-14T00:04:16.195954,2026-07-14T00:04:16.202663+00:00,81.4,44,bid,CostlyCorianders,DiligentDonuts,2014199
2026-07-14T00:04:16.266109,2026-07-14T00:04:16.278182+00:00,81.4,50,bid,FlawlessFlatbreads,DiligentDonuts,2014202
2026-07-14T00:04:17.415493,2026-07-14T00:04:17.423406+00:00,81.3,4,ask,EarnestEspressos,Lam Anh Pham,2014218
2026-07-14T00:04:17.473990,2026-07-14T00:04:17.477963+00:00,81.3,99,ask,EarnestEspressos,Lachy Miller,2014223
2026-07-14T00:04:18.190970,2026-07-14T00:04:18.197712+00:00,81.3,4,ask,Xinhong Shan,EarnestEspressos,2014239
2026-07-14T00:04:18.252019,2026-07-14T00:04:18.264539+00:00,81.3,1,bid,Lam Anh Pham,EarnestEspressos,2014243
2026-07-14T00:04:18.372678,2026-07-14T00:04:18.384214+00:00,81.3,50,bid,FlawlessFlatbreads,EarnestEspressos,2014247
2026-07-14T00:04:20.397649,2026-07-14T00:04:20.403319+00:00,81.2,3,ask,Xinhong Shan,CostlyCorianders,2014274
2026-07-14T00:04:20.397649,2026-07-14T00:04:20.403319+00:00,80.9,38,ask,DiligentDonuts,CostlyCorianders,2014275
2026-07-14T00:04:20.479273,2026-07-14T00:04:20.489799+00:00,81.3,50,bid,FlawlessFlatbreads,EarnestEspressos,2014276
2026-07-14T00:04:20.670974,2026-07-14T00:04:20.675868+00:00,81.0,1,ask,DiligentDonuts,Lam Anh Pham,2014283
2026-07-14T00:04:21.315654,2026-07-14T00:04:21.328171+00:00,81.3,3,bid,EarnestEspressos,Xinhong Shan,2014308
2026-07-14T00:04:21.381984,2026-07-14T00:04:21.393104+00:00,81.3,1,ask,EarnestEspressos,Lam Anh Pham,2014311
2026-07-14T00:04:22.587139,2026-07-14T00:04:22.595064+00:00,81.5,2,bid,FlawlessFlatbreads,Kelvin Chan,2014335
2026-07-14T00:04:22.587139,2026-07-14T00:04:22.595064+00:00,81.5,48,bid,FlawlessFlatbreads,DiligentDonuts,2014336
2026-07-14T00:04:23.800616,2026-07-14T00:04:23.811571+00:00,81.5,1,bid,Lam Anh Pham,Xinhong Shan,2014378
2026-07-14T00:04:24.010864,2026-07-14T00:04:24.017910+00:00,81.5,1,bid,Lam Anh Pham,Xinhong Shan,2014389
2026-07-14T00:04:24.480202,2026-07-14T00:04:24.483816+00:00,81.5,2,bid,EarnestEspressos,Xinhong Shan,2014400
2026-07-14T00:04:24.693804,2026-07-14T00:04:24.701237+00:00,81.9,50,bid,FlawlessFlatbreads,DiligentDonuts,2014401
2026-07-14T00:04:26.629342,2026-07-14T00:04:26.633756+00:00,81.6,1,ask,EarnestEspressos,Lam Anh Pham,2014460
2026-07-14T00:04:26.721739,2026-07-14T00:04:26.733117+00:00,81.6,25,ask,EarnestEspressos,Lachy Miller,2014462
2026-07-14T00:04:26.801737,2026-07-14T00:04:26.809852+00:00,81.9,50,bid,FlawlessFlatbreads,DiligentDonuts,2014464
2026-07-14T00:04:26.872386,2026-07-14T00:04:26.885187+00:00,81.6,40,ask,EarnestEspressos,CostlyCorianders,2014465
2026-07-14T00:04:27.941833,2026-07-14T00:04:27.944015+00:00,81.6,1,ask,Xinhong Shan,Lam Anh Pham,2014480
2026-07-14T00:04:28.483607,2026-07-14T00:04:28.490589+00:00,81.6,4,ask,Xinhong Shan,CostlyCorianders,2014498
2026-07-14T00:04:28.483607,2026-07-14T00:04:28.490589+00:00,81.5,38,ask,DiligentDonuts,CostlyCorianders,2014499
2026-07-14T00:04:28.910565,2026-07-14T00:04:28.917866+00:00,81.7,50,bid,FlawlessFlatbreads,EarnestEspressos,2014505
2026-07-14T00:04:29.493899,2026-07-14T00:04:29.506167+00:00,81.7,41,bid,CostlyCorianders,EarnestEspressos,2014515
2026-07-14T00:04:30.141235,2026-07-14T00:04:30.146539+00:00,81.7,42,bid,CostlyCorianders,EarnestEspressos,2014528
2026-07-14T00:04:30.199733,2026-07-14T00:04:30.212173+00:00,81.5,3,ask,Xinhong Shan,CostlyCorianders,2014531
2026-07-14T00:04:30.199733,2026-07-14T00:04:30.212173+00:00,81.5,39,ask,DiligentDonuts,CostlyCorianders,2014532
2026-07-14T00:04:30.656893,2026-07-14T00:04:30.663606+00:00,81.7,17,bid,CostlyCorianders,EarnestEspressos,2014548
2026-07-14T00:04:30.656893,2026-07-14T00:04:30.663606+00:00,81.7,3,bid,CostlyCorianders,Xinhong Shan,2014549
2026-07-14T00:04:30.656893,2026-07-14T00:04:30.663606+00:00,82.0,24,bid,CostlyCorianders,DiligentDonuts,2014550
2026-07-14T00:04:30.759791,2026-07-14T00:04:30.772845+00:00,81.5,1,ask,DiligentDonuts,Lam Anh Pham,2014552
2026-07-14T00:04:30.805966,2026-07-14T00:04:30.810283+00:00,81.9,14,ask,EarnestEspressos,Xuanyu Liu,2014553
2026-07-14T00:04:31.067871,2026-07-14T00:04:31.071060+00:00,81.9,50,ask,EarnestEspressos,FlawlessFlatbreads,2014561
2026-07-14T00:04:31.142163,2026-07-14T00:04:31.146625+00:00,81.9,46,ask,EarnestEspressos,CostlyCorianders,2014564
2026-07-14T00:04:31.180053,2026-07-14T00:04:31.189366+00:00,81.9,25,ask,EarnestEspressos,Dinh Nguyen,2014565
2026-07-14T00:04:32.658405,2026-07-14T00:04:32.669856+00:00,82.0,45,bid,CostlyCorianders,DiligentDonuts,2014598
2026-07-14T00:04:32.665014,2026-07-14T00:04:32.669856+00:00,81.9,15,ask,EarnestEspressos,Dinh Nguyen,2014599
2026-07-14T00:04:32.665014,2026-07-14T00:04:32.669856+00:00,81.9,3,ask,Xinhong Shan,Dinh Nguyen,2014600
2026-07-14T00:04:33.147270,2026-07-14T00:04:33.155437+00:00,81.5,50,ask,DiligentDonuts,Lachy Miller,2014615
2026-07-14T00:04:33.175009,2026-07-14T00:04:33.187969+00:00,81.5,10,ask,DiligentDonuts,FlawlessFlatbreads,2014616
2026-07-14T00:04:33.175009,2026-07-14T00:04:33.187969+00:00,81.5,3,ask,Xinhong Shan,FlawlessFlatbreads,2014617
2026-07-14T00:04:33.175009,2026-07-14T00:04:33.187969+00:00,81.3,5,ask,Kelvin Chan,FlawlessFlatbreads,2014618
2026-07-14T00:04:33.383387,2026-07-14T00:04:33.391566+00:00,81.6,3,bid,Lam Anh Pham,DiligentDonuts,2014623
2026-07-14T00:04:33.722594,2026-07-14T00:04:33.735088+00:00,81.1,42,ask,DiligentDonuts,CostlyCorianders,2014629
2026-07-14T00:04:33.801662,2026-07-14T00:04:33.809760+00:00,81.4,1,ask,Kelvin Chan,Lam Anh Pham,2014633
2026-07-14T00:04:34.415836,2026-07-14T00:04:34.422122+00:00,81.4,2,ask,Kelvin Chan,Dinh Nguyen,2014644
2026-07-14T00:04:34.458239,2026-07-14T00:04:34.461921+00:00,81.5,11,bid,Xuanyu Liu,EarnestEspressos,2014648
2026-07-14T00:04:34.512210,2026-07-14T00:04:34.515754+00:00,81.5,1,bid,Lam Anh Pham,EarnestEspressos,2014651
2026-07-14T00:04:35.765891,2026-07-14T00:04:35.769562+00:00,81.5,3,bid,Xuanyu Liu,EarnestEspressos,2014670
2026-07-14T00:04:35.891034,2026-07-14T00:04:35.900954+00:00,81.5,41,bid,CostlyCorianders,EarnestEspressos,2014671
2026-07-14T00:04:35.960636,2026-07-14T00:04:35.966413+00:00,81.5,75,bid,Lachy Miller,EarnestEspressos,2014674
2026-07-14T00:04:36.414078,2026-07-14T00:04:36.421185+00:00,81.4,2,ask,Kelvin Chan,CostlyCorianders,2014682
2026-07-14T00:04:36.414078,2026-07-14T00:04:36.421185+00:00,81.4,3,ask,Xinhong Shan,CostlyCorianders,2014683
2026-07-14T00:04:36.414078,2026-07-14T00:04:36.421185+00:00,81.1,36,ask,DiligentDonuts,CostlyCorianders,2014684
2026-07-14T00:04:36.950927,2026-07-14T00:04:36.957151+00:00,81.5,19,bid,CostlyCorianders,EarnestEspressos,2014702
2026-07-14T00:04:36.950927,2026-07-14T00:04:36.957151+00:00,81.5,3,bid,CostlyCorianders,Xinhong Shan,2014703
2026-07-14T00:04:36.950927,2026-07-14T00:04:36.957151+00:00,81.7,23,bid,CostlyCorianders,DiligentDonuts,2014704
2026-07-14T00:04:37.029306,2026-07-14T00:04:37.034307+00:00,81.2,1,ask,DiligentDonuts,Lam Anh Pham,2014707
2026-07-14T00:04:37.136160,2026-07-14T00:04:37.144363+00:00,81.7,77,bid,EarnestEspressos,DiligentDonuts,2014713
2026-07-14T00:04:37.142816,2026-07-14T00:04:37.155490+00:00,81.9,1,ask,EarnestEspressos,Lam Anh Pham,2014714
2026-07-14T00:04:37.199318,2026-07-14T00:04:37.204389+00:00,81.9,14,ask,EarnestEspressos,Xuanyu Liu,2014715
2026-07-14T00:04:37.373621,2026-07-14T00:04:37.378569+00:00,81.9,58,ask,EarnestEspressos,Lachy Miller,2014719
2026-07-14T00:04:37.373621,2026-07-14T00:04:37.378569+00:00,81.9,3,ask,Xinhong Shan,Lachy Miller,2014720
2026-07-14T00:04:37.454870,2026-07-14T00:04:37.465389+00:00,82.4,4,bid,Lam Anh Pham,EarnestEspressos,2014722
2026-07-14T00:04:39.442001,2026-07-14T00:04:39.449173+00:00,82.4,50,bid,FlawlessFlatbreads,EarnestEspressos,2014765
2026-07-14T00:04:40.539849,2026-07-14T00:04:40.542075+00:00,81.5,48,ask,DiligentDonuts,CostlyCorianders,2014783
2026-07-14T00:04:41.076049,2026-07-14T00:04:41.088359+00:00,81.5,49,ask,DiligentDonuts,CostlyCorianders,2014795
2026-07-14T00:04:41.544625,2026-07-14T00:04:41.556883+00:00,82.0,40,bid,CostlyCorianders,DiligentDonuts,2014809
2026-07-14T00:04:41.548886,2026-07-14T00:04:41.556883+00:00,82.0,50,bid,FlawlessFlatbreads,DiligentDonuts,2014810
2026-07-14T00:04:42.080645,2026-07-14T00:04:42.088679+00:00,82.0,10,bid,CostlyCorianders,DiligentDonuts,2014821
2026-07-14T00:04:42.080645,2026-07-14T00:04:42.088679+00:00,82.0,32,bid,CostlyCorianders,EarnestEspressos,2014822
2026-07-14T00:04:43.680341,2026-07-14T00:04:43.683944+00:00,81.7,1,bid,FlawlessFlatbreads,Kelvin Chan,2014855
2026-07-14T00:04:43.680341,2026-07-14T00:04:43.683944+00:00,81.8,49,bid,FlawlessFlatbreads,DiligentDonuts,2014856
2026-07-14T00:04:44.536183,2026-07-14T00:04:44.545673+00:00,81.5,46,ask,EarnestEspressos,CostlyCorianders,2014873
2026-07-14T00:04:44.971901,2026-07-14T00:04:44.975769+00:00,81.8,11,bid,Xuanyu Liu,DiligentDonuts,2014893
2026-07-14T00:04:45.787421,2026-07-14T00:04:45.794749+00:00,81.8,40,bid,FlawlessFlatbreads,DiligentDonuts,2014907
2026-07-14T00:04:45.787421,2026-07-14T00:04:45.794749+00:00,81.8,3,bid,FlawlessFlatbreads,Xinhong Shan,2014908
2026-07-14T00:04:45.787421,2026-07-14T00:04:45.794749+00:00,82.0,7,bid,FlawlessFlatbreads,EarnestEspressos,2014909
2026-07-14T00:04:46.092762,2026-07-14T00:04:46.100937+00:00,81.7,3,ask,DiligentDonuts,Lam Anh Pham,2014914
2026-07-14T00:04:46.281416,2026-07-14T00:04:46.285714+00:00,81.7,11,ask,DiligentDonuts,Xuanyu Liu,2014926
2026-07-14T00:04:46.306159,2026-07-14T00:04:46.318538+00:00,81.7,1,ask,DiligentDonuts,Lam Anh Pham,2014928
2026-07-14T00:04:46.399738,2026-07-14T00:04:46.404940+00:00,81.7,14,ask,DiligentDonuts,Lachy Miller,2014935
2026-07-14T00:04:46.518322,2026-07-14T00:04:46.523360+00:00,81.7,42,ask,DiligentDonuts,CostlyCorianders,2014936
2026-07-14T00:04:47.206237,2026-07-14T00:04:47.209735+00:00,81.7,25,ask,DiligentDonuts,Dinh Nguyen,2014945
2026-07-14T00:04:47.465946,2026-07-14T00:04:47.475274+00:00,81.8,43,bid,CostlyCorianders,EarnestEspressos,2014962
2026-07-14T00:04:47.977207,2026-07-14T00:04:47.989943+00:00,81.7,4,ask,DiligentDonuts,FlawlessFlatbreads,2014972
2026-07-14T00:04:47.977207,2026-07-14T00:04:47.989943+00:00,81.7,3,ask,Xinhong Shan,FlawlessFlatbreads,2014973
2026-07-14T00:04:47.977207,2026-07-14T00:04:47.989943+00:00,81.4,3,ask,Kelvin Chan,FlawlessFlatbreads,2014974
2026-07-14T00:04:50.037290,2026-07-14T00:04:50.045933+00:00,81.8,3,bid,FlawlessFlatbreads,Xinhong Shan,2015011
2026-07-14T00:04:50.037290,2026-07-14T00:04:50.045933+00:00,82.0,47,bid,FlawlessFlatbreads,DiligentDonuts,2015012
2026-07-14T00:04:50.130810,2026-07-14T00:04:50.143171+00:00,81.7,1,ask,EarnestEspressos,Lam Anh Pham,2015014
2026-07-14T00:04:51.421239,2026-07-14T00:04:51.424301+00:00,81.7,25,ask,EarnestEspressos,Dinh Nguyen,2015051
2026-07-14T00:04:51.551568,2026-07-14T00:04:51.554994+00:00,82.0,2,bid,Lam Anh Pham,DiligentDonuts,2015058
2026-07-14T00:04:51.661085,2026-07-14T00:04:51.673221+00:00,81.7,1,ask,EarnestEspressos,Lam Anh Pham,2015066
2026-07-14T00:04:52.145317,2026-07-14T00:04:52.153526+00:00,82.0,50,bid,FlawlessFlatbreads,DiligentDonuts,2015069
2026-07-14T00:04:52.174096,2026-07-14T00:04:52.186821+00:00,82.0,1,bid,Lam Anh Pham,DiligentDonuts,2015071
2026-07-14T00:04:52.883809,2026-07-14T00:04:52.894341+00:00,81.7,1,ask,EarnestEspressos,Lam Anh Pham,2015089
2026-07-14T00:04:53.183223,2026-07-14T00:04:53.195407+00:00,81.7,25,ask,DiligentDonuts,Dinh Nguyen,2015093
2026-07-14T00:04:54.200734,2026-07-14T00:04:54.211701+00:00,81.7,44,ask,DiligentDonuts,CostlyCorianders,2015123
2026-07-14T00:04:54.301890,2026-07-14T00:04:54.308662+00:00,81.7,31,ask,DiligentDonuts,FlawlessFlatbreads,2015126
2026-07-14T00:04:54.301890,2026-07-14T00:04:54.308662+00:00,81.7,3,ask,Xinhong Shan,FlawlessFlatbreads,2015127
2026-07-14T00:04:54.301890,2026-07-14T00:04:54.308662+00:00,81.5,2,ask,Kelvin Chan,FlawlessFlatbreads,2015128
2026-07-14T00:04:54.301890,2026-07-14T00:04:54.308662+00:00,81.4,14,ask,EarnestEspressos,FlawlessFlatbreads,2015129
2026-07-14T00:04:54.698321,2026-07-14T00:04:54.708544+00:00,81.8,1,bid,Lam Anh Pham,Kelvin Chan,2015136
2026-07-14T00:04:55.515946,2026-07-14T00:04:55.559383+00:00,81.4,1,ask,EarnestEspressos,Lam Anh Pham,2015153
2026-07-14T00:04:55.883566,2026-07-14T00:04:55.892350+00:00,81.6,47,bid,CostlyCorianders,DiligentDonuts,2015163
2026-07-14T00:04:56.128666,2026-07-14T00:04:56.136258+00:00,81.1,1,ask,DiligentDonuts,Lam Anh Pham,2015168
2026-07-14T00:04:57.411905,2026-07-14T00:04:57.415245+00:00,81.6,44,bid,CostlyCorianders,DiligentDonuts,2015197
2026-07-14T00:04:58.343351,2026-07-14T00:04:58.347873+00:00,81.1,1,ask,DiligentDonuts,Lam Anh Pham,2015221
2026-07-14T00:04:58.452528,2026-07-14T00:04:58.458002+00:00,81.1,1,ask,DiligentDonuts,Lam Anh Pham,2015224
2026-07-14T00:04:58.483842,2026-07-14T00:04:58.490803+00:00,81.1,48,ask,DiligentDonuts,CostlyCorianders,2015225
2026-07-14T00:04:58.496695,2026-07-14T00:04:58.501810+00:00,81.6,9,bid,FlawlessFlatbreads,DiligentDonuts,2015226
2026-07-14T00:04:58.496695,2026-07-14T00:04:58.501810+00:00,81.6,41,bid,FlawlessFlatbreads,EarnestEspressos,2015227
2026-07-14T00:04:59.880552,2026-07-14T00:04:59.889464+00:00,81.2,42,ask,EarnestEspressos,CostlyCorianders,2015251
2026-07-14T00:05:00.630490,2026-07-14T00:05:00.636353+00:00,81.6,50,bid,FlawlessFlatbreads,DiligentDonuts,2015270
2026-07-14T00:05:01.297186,2026-07-14T00:05:01.301402+00:00,81.6,40,bid,CostlyCorianders,DiligentDonuts,2015288
2026-07-14T00:05:01.681222,2026-07-14T00:05:01.690110+00:00,81.2,2,ask,EarnestEspressos,Dinh Nguyen,2015295
2026-07-14T00:05:01.882738,2026-07-14T00:05:01.888051+00:00,81.4,40,ask,DiligentDonuts,CostlyCorianders,2015305
2026-07-14T00:05:02.795337,2026-07-14T00:05:02.804888+00:00,81.4,50,ask,DiligentDonuts,FlawlessFlatbreads,2015325
2026-07-14T00:05:02.938317,2026-07-14T00:05:02.942259+00:00,81.4,10,ask,DiligentDonuts,Dinh Nguyen,2015326
2026-07-14T00:05:04.543669,2026-07-14T00:05:04.552802+00:00,81.6,49,bid,CostlyCorianders,EarnestEspressos,2015357
2026-07-14T00:05:04.910149,2026-07-14T00:05:04.926465+00:00,81.1,50,ask,EarnestEspressos,FlawlessFlatbreads,2015371
2026-07-14T00:05:05.131455,2026-07-14T00:05:05.140886+00:00,81.3,41,ask,DiligentDonuts,CostlyCorianders,2015375
2026-07-14T00:05:06.028984,2026-07-14T00:05:06.034028+00:00,81.6,3,bid,CostlyCorianders,Xinhong Shan,2015393
2026-07-14T00:05:06.028984,2026-07-14T00:05:06.044933+00:00,81.7,44,bid,CostlyCorianders,EarnestEspressos,2015394
2026-07-14T00:05:06.782295,2026-07-14T00:05:06.786674+00:00,81.3,1,ask,DiligentDonuts,Lam Anh Pham,2015415
2026-07-14T00:05:06.892401,2026-07-14T00:05:06.895029+00:00,81.3,1,ask,DiligentDonuts,Lam Anh Pham,2015417
2026-07-14T00:05:07.016860,2026-07-14T00:05:07.024819+00:00,81.3,50,ask,DiligentDonuts,FlawlessFlatbreads,2015420
2026-07-14T00:05:07.160453,2026-07-14T00:05:07.164450+00:00,81.3,2,ask,DiligentDonuts,Dinh Nguyen,2015421
2026-07-14T00:05:08.544173,2026-07-14T00:05:08.554193+00:00,81.5,40,bid,CostlyCorianders,DiligentDonuts,2015446
2026-07-14T00:05:09.020329,2026-07-14T00:05:09.023910+00:00,81.3,3,ask,Xinhong Shan,CostlyCorianders,2015458
2026-07-14T00:05:09.020329,2026-07-14T00:05:09.023910+00:00,81.1,39,ask,EarnestEspressos,CostlyCorianders,2015459
2026-07-14T00:05:09.138710,2026-07-14T00:05:09.143768+00:00,81.1,50,ask,EarnestEspressos,FlawlessFlatbreads,2015462
2026-07-14T00:05:09.697089,2026-07-14T00:05:09.708761+00:00,81.1,2,ask,EarnestEspressos,Dinh Nguyen,2015476
2026-07-14T00:05:09.954600,2026-07-14T00:05:09.967187+00:00,81.1,40,ask,EarnestEspressos,CostlyCorianders,2015485
2026-07-14T00:05:10.558663,2026-07-14T00:05:10.567276+00:00,81.5,49,bid,CostlyCorianders,DiligentDonuts,2015492
2026-07-14T00:05:11.183404,2026-07-14T00:05:11.192003+00:00,81.5,11,bid,CostlyCorianders,DiligentDonuts,2015511
2026-07-14T00:05:11.183404,2026-07-14T00:05:11.192003+00:00,81.5,3,bid,CostlyCorianders,Xinhong Shan,2015512
2026-07-14T00:05:11.183404,2026-07-14T00:05:11.192003+00:00,81.6,6,bid,CostlyCorianders,Kelvin Chan,2015513
2026-07-14T00:05:11.183404,2026-07-14T00:05:11.192003+00:00,81.6,26,bid,CostlyCorianders,EarnestEspressos,2015514
2026-07-14T00:05:11.243971,2026-07-14T00:05:11.246119+00:00,81.1,19,ask,EarnestEspressos,FlawlessFlatbreads,2015516
2026-07-14T00:05:11.716955,2026-07-14T00:05:11.723834+00:00,81.1,45,ask,DiligentDonuts,CostlyCorianders,2015526
2026-07-14T00:05:12.000926,2026-07-14T00:05:12.005353+00:00,81.2,11,bid,Xuanyu Liu,EarnestEspressos,2015535
2026-07-14T00:05:12.315189,2026-07-14T00:05:12.325437+00:00,81.1,48,ask,DiligentDonuts,CostlyCorianders,2015540
2026-07-14T00:05:12.550675,2026-07-14T00:05:12.560099+00:00,81.2,3,bid,Lam Anh Pham,EarnestEspressos,2015545
2026-07-14T00:05:12.616008,2026-07-14T00:05:12.623824+00:00,81.2,3,bid,Xuanyu Liu,EarnestEspressos,2015551
2026-07-14T00:05:12.755314,2026-07-14T00:05:12.762965+00:00,81.2,3,bid,Lam Anh Pham,EarnestEspressos,2015555
2026-07-14T00:05:13.353565,2026-07-14T00:05:13.363898+00:00,81.1,7,ask,DiligentDonuts,FlawlessFlatbreads,2015562
2026-07-14T00:05:13.353565,2026-07-14T00:05:13.363898+00:00,81.1,3,ask,Xinhong Shan,FlawlessFlatbreads,2015563
2026-07-14T00:05:13.353565,2026-07-14T00:05:13.363898+00:00,80.7,40,ask,EarnestEspressos,FlawlessFlatbreads,2015564
2026-07-14T00:05:14.312263,2026-07-14T00:05:14.322750+00:00,81.2,40,bid,CostlyCorianders,EarnestEspressos,2015590
2026-07-14T00:05:14.964540,2026-07-14T00:05:14.971414+00:00,81.2,40,bid,CostlyCorianders,EarnestEspressos,2015601
2026-07-14T00:05:15.462558,2026-07-14T00:05:15.466546+00:00,81.0,50,ask,EarnestEspressos,FlawlessFlatbreads,2015611
2026-07-14T00:05:16.068073,2026-07-14T00:05:16.076288+00:00,81.0,44,ask,EarnestEspressos,CostlyCorianders,2015620
2026-07-14T00:05:16.575150,2026-07-14T00:05:16.579826+00:00,81.0,1,ask,EarnestEspressos,Lam Anh Pham,2015641
2026-07-14T00:05:16.986433,2026-07-14T00:05:16.995301+00:00,81.2,1,bid,Lam Anh Pham,Xinhong Shan,2015653
2026-07-14T00:05:17.569759,2026-07-14T00:05:17.581744+00:00,81.0,50,ask,EarnestEspressos,FlawlessFlatbreads,2015659
2026-07-14T00:05:18.208904,2026-07-14T00:05:18.211163+00:00,81.2,1,bid,Lam Anh Pham,Xinhong Shan,2015680
2026-07-14T00:05:18.267087,2026-07-14T00:05:18.275752+00:00,81.2,2,bid,Lachy Miller,Xinhong Shan,2015682
2026-07-14T00:05:18.317336,2026-07-14T00:05:18.334144+00:00,80.9,1,ask,DiligentDonuts,Lam Anh Pham,2015686
2026-07-14T00:05:18.330110,2026-07-14T00:05:18.334144+00:00,81.0,3,bid,Xuanyu Liu,EarnestEspressos,2015687
2026-07-14T00:05:18.426101,2026-07-14T00:05:18.431040+00:00,81.0,1,bid,Lam Anh Pham,EarnestEspressos,2015694
2026-07-14T00:05:18.476272,2026-07-14T00:05:18.484343+00:00,81.0,123,bid,Lachy Miller,EarnestEspressos,2015699
2026-07-14T00:05:19.231731,2026-07-14T00:05:19.239242+00:00,81.0,23,bid,CostlyCorianders,EarnestEspressos,2015725
2026-07-14T00:05:19.231731,2026-07-14T00:05:19.239242+00:00,81.0,3,bid,CostlyCorianders,Xinhong Shan,2015726
2026-07-14T00:05:19.231731,2026-07-14T00:05:19.239242+00:00,81.4,21,bid,CostlyCorianders,DiligentDonuts,2015727
2026-07-14T00:05:19.337978,2026-07-14T00:05:19.345732+00:00,81.4,1,bid,Lam Anh Pham,DiligentDonuts,2015730
2026-07-14T00:05:19.445812,2026-07-14T00:05:19.453714+00:00,81.4,1,bid,Lam Anh Pham,DiligentDonuts,2015733
2026-07-14T00:05:19.568102,2026-07-14T00:05:19.572366+00:00,81.4,1,bid,Lam Anh Pham,DiligentDonuts,2015739
2026-07-14T00:05:19.684718,2026-07-14T00:05:19.690410+00:00,80.9,50,ask,DiligentDonuts,FlawlessFlatbreads,2015744
2026-07-14T00:05:19.753201,2026-07-14T00:05:19.764935+00:00,80.9,40,ask,DiligentDonuts,CostlyCorianders,2015745
2026-07-14T00:05:21.428469,2026-07-14T00:05:21.431657+00:00,81.4,3,bid,EarnestEspressos,Xinhong Shan,2015786
2026-07-14T00:05:21.732146,2026-07-14T00:05:21.736420+00:00,81.4,3,ask,EarnestEspressos,Xuanyu Liu,2015792
2026-07-14T00:05:21.784075,2026-07-14T00:05:21.791095+00:00,81.4,4,ask,EarnestEspressos,Lam Anh Pham,2015794
2026-07-14T00:05:21.818435,2026-07-14T00:05:21.823669+00:00,81.4,50,ask,EarnestEspressos,Lachy Miller,2015795
2026-07-14T00:05:21.890132,2026-07-14T00:05:21.898632+00:00,81.4,50,ask,EarnestEspressos,FlawlessFlatbreads,2015798
2026-07-14T00:05:22.496522,2026-07-14T00:05:22.504331+00:00,81.6,1,bid,Lam Anh Pham,DiligentDonuts,2015813
2026-07-14T00:05:23.109610,2026-07-14T00:05:23.115606+00:00,81.6,1,bid,Lam Anh Pham,DiligentDonuts,2015826
2026-07-14T00:05:23.391298,2026-07-14T00:05:23.394872+00:00,81.6,2,bid,Dinh Nguyen,DiligentDonuts,2015831
2026-07-14T00:05:23.927926,2026-07-14T00:05:23.932426+00:00,81.4,40,ask,EarnestEspressos,FlawlessFlatbreads,2015837
2026-07-14T00:05:23.927926,2026-07-14T00:05:23.943420+00:00,81.4,3,ask,Xinhong Shan,FlawlessFlatbreads,2015838
2026-07-14T00:05:23.927926,2026-07-14T00:05:23.943420+00:00,81.1,5,ask,Kelvin Chan,FlawlessFlatbreads,2015839
2026-07-14T00:05:24.021328,2026-07-14T00:05:24.031336+00:00,81.2,2,ask,DiligentDonuts,Lam Anh Pham,2015844
2026-07-14T00:05:24.635666,2026-07-14T00:05:24.639903+00:00,81.6,2,bid,Dinh Nguyen,Xinhong Shan,2015856
2026-07-14T00:05:24.651666,2026-07-14T00:05:24.655927+00:00,81.3,3,bid,Xuanyu Liu,EarnestEspressos,2015857
2026-07-14T00:05:24.704072,2026-07-14T00:05:24.710665+00:00,81.3,50,bid,Lachy Miller,EarnestEspressos,2015860
2026-07-14T00:05:24.732222,2026-07-14T00:05:24.743486+00:00,81.3,1,bid,Lam Anh Pham,EarnestEspressos,2015863
2026-07-14T00:05:25.420871,2026-07-14T00:05:25.423678+00:00,81.3,40,bid,CostlyCorianders,EarnestEspressos,2015878
2026-07-14T00:05:26.068753,2026-07-14T00:05:26.072409+00:00,81.2,50,ask,DiligentDonuts,FlawlessFlatbreads,2015895
2026-07-14T00:05:26.132280,2026-07-14T00:05:26.138350+00:00,81.3,25,bid,Dinh Nguyen,EarnestEspressos,2015898
2026-07-14T00:05:26.388312,2026-07-14T00:05:26.394091+00:00,81.3,2,bid,Dinh Nguyen,EarnestEspressos,2015903
2026-07-14T00:05:26.961051,2026-07-14T00:05:26.965403+00:00,81.3,11,bid,Xuanyu Liu,EarnestEspressos,2015914
2026-07-14T00:05:27.048226,2026-07-14T00:05:27.052845+00:00,81.3,1,bid,Lam Anh Pham,EarnestEspressos,2015921
2026-07-14T00:05:27.116762,2026-07-14T00:05:27.129601+00:00,81.3,17,bid,Lachy Miller,EarnestEspressos,2015924
2026-07-14T00:05:27.116762,2026-07-14T00:05:27.129601+00:00,81.3,3,bid,Lachy Miller,Xinhong Shan,2015925
2026-07-14T00:05:27.477039,2026-07-14T00:05:27.481360+00:00,81.6,46,bid,CostlyCorianders,DiligentDonuts,2015932
2026-07-14T00:05:27.759120,2026-07-14T00:05:27.762579+00:00,81.5,11,ask,EarnestEspressos,Xuanyu Liu,2015936
2026-07-14T00:05:27.901307,2026-07-14T00:05:27.903275+00:00,81.6,25,bid,Dinh Nguyen,DiligentDonuts,2015939
2026-07-14T00:05:28.158279,2026-07-14T00:05:28.162068+00:00,81.6,2,bid,Dinh Nguyen,DiligentDonuts,2015947
2026-07-14T00:05:28.175431,2026-07-14T00:05:28.183563+00:00,81.5,50,ask,EarnestEspressos,FlawlessFlatbreads,2015949
2026-07-14T00:05:29.590715,2026-07-14T00:05:29.594536+00:00,81.5,3,ask,EarnestEspressos,Xuanyu Liu,2015980
2026-07-14T00:05:29.689523,2026-07-14T00:05:29.691708+00:00,81.6,25,bid,Dinh Nguyen,DiligentDonuts,2015984
2026-07-14T00:05:29.952272,2026-07-14T00:05:29.958646+00:00,81.6,2,bid,Dinh Nguyen,DiligentDonuts,2015988
2026-07-14T00:05:31.463469,2026-07-14T00:05:31.467060+00:00,81.6,25,bid,Dinh Nguyen,EarnestEspressos,2016021
2026-07-14T00:05:31.717326,2026-07-14T00:05:31.725988+00:00,81.6,2,bid,Dinh Nguyen,EarnestEspressos,2016023
2026-07-14T00:05:32.423159,2026-07-14T00:05:32.433735+00:00,81.5,3,ask,Xinhong Shan,FlawlessFlatbreads,2016030
2026-07-14T00:05:33.075728,2026-07-14T00:05:33.082403+00:00,81.2,2,ask,DiligentDonuts,Lam Anh Pham,2016043
2026-07-14T00:05:33.226378,2026-07-14T00:05:33.231082+00:00,81.6,25,bid,Dinh Nguyen,EarnestEspressos,2016046
2026-07-14T00:05:33.725493,2026-07-14T00:05:33.735124+00:00,81.3,46,ask,DiligentDonuts,CostlyCorianders,2016056
2026-07-14T00:05:34.533951,2026-07-14T00:05:34.549894+00:00,81.4,50,ask,EarnestEspressos,FlawlessFlatbreads,2016073
2026-07-14T00:05:35.172052,2026-07-14T00:05:35.179769+00:00,81.4,48,ask,EarnestEspressos,CostlyCorianders,2016085
2026-07-14T00:05:35.737448,2026-07-14T00:05:35.747336+00:00,81.6,3,bid,CostlyCorianders,Xinhong Shan,2016097
2026-07-14T00:05:35.737448,2026-07-14T00:05:35.747336+00:00,81.8,42,bid,CostlyCorianders,DiligentDonuts,2016098
2026-07-14T00:05:35.793949,2026-07-14T00:05:35.801651+00:00,81.4,1,ask,EarnestEspressos,Lam Anh Pham,2016103
2026-07-14T00:05:36.639448,2026-07-14T00:05:36.641446+00:00,81.4,50,ask,EarnestEspressos,FlawlessFlatbreads,2016114
2026-07-14T00:05:37.290342,2026-07-14T00:05:37.300125+00:00,81.4,3,ask,Xinhong Shan,EarnestEspressos,2016123
2026-07-14T00:05:37.290342,2026-07-14T00:05:37.300125+00:00,81.3,100,ask,DiligentDonuts,EarnestEspressos,2016124
2026-07-14T00:05:37.296491,2026-07-14T00:05:37.300125+00:00,81.3,3,bid,Xuanyu Liu,EarnestEspressos,2016125
2026-07-14T00:05:37.305844,2026-07-14T00:05:37.310729+00:00,81.3,2,bid,Lam Anh Pham,EarnestEspressos,2016127
2026-07-14T00:05:38.693533,2026-07-14T00:05:38.707605+00:00,81.3,42,bid,FlawlessFlatbreads,EarnestEspressos,2016152
2026-07-14T00:05:38.693533,2026-07-14T00:05:38.707605+00:00,81.3,3,bid,FlawlessFlatbreads,Xinhong Shan,2016153
2026-07-14T00:05:38.693533,2026-07-14T00:05:38.707605+00:00,81.8,5,bid,FlawlessFlatbreads,DiligentDonuts,2016154
2026-07-14T00:05:38.719397,2026-07-14T00:05:38.729525+00:00,80.8,1,ask,EarnestEspressos,Lam Anh Pham,2016157
2026-07-14T00:05:38.827529,2026-07-14T00:05:38.839377+00:00,80.8,1,ask,EarnestEspressos,Lam Anh Pham,2016161
2026-07-14T00:05:39.838178,2026-07-14T00:05:39.843827+00:00,81.4,1,bid,Lam Anh Pham,DiligentDonuts,2016185
2026-07-14T00:05:39.945794,2026-07-14T00:05:39.952587+00:00,81.4,1,bid,Lam Anh Pham,DiligentDonuts,2016189
2026-07-14T00:05:40.402457,2026-07-14T00:05:40.408179+00:00,81.4,98,bid,EarnestEspressos,DiligentDonuts,2016201
2026-07-14T00:05:40.826648,2026-07-14T00:05:40.839176+00:00,81.8,3,bid,FlawlessFlatbreads,Xinhong Shan,2016207
2026-07-14T00:05:40.826648,2026-07-14T00:05:40.839176+00:00,82.0,47,bid,FlawlessFlatbreads,EarnestEspressos,2016208
2026-07-14T00:05:42.935829,2026-07-14T00:05:42.939875+00:00,82.0,50,bid,FlawlessFlatbreads,EarnestEspressos,2016242
2026-07-14T00:05:44.271070,2026-07-14T00:05:44.283327+00:00,81.9,1,bid,Lam Anh Pham,DiligentDonuts,2016280
2026-07-14T00:05:45.041094,2026-07-14T00:05:45.050624+00:00,81.9,50,bid,FlawlessFlatbreads,DiligentDonuts,2016292
2026-07-14T00:05:45.458982,2026-07-14T00:05:45.466061+00:00,81.5,41,ask,EarnestEspressos,CostlyCorianders,2016296
2026-07-14T00:05:46.095375,2026-07-14T00:05:46.104488+00:00,81.6,4,bid,DiligentDonuts,Xinhong Shan,2016301
2026-07-14T00:05:47.149621,2026-07-14T00:05:47.162020+00:00,82.0,50,bid,FlawlessFlatbreads,EarnestEspressos,2016334
2026-07-14T00:05:47.540832,2026-07-14T00:05:47.552275+00:00,82.0,46,bid,CostlyCorianders,EarnestEspressos,2016340
2026-07-14T00:05:49.257478,2026-07-14T00:05:49.260405+00:00,82.0,50,bid,FlawlessFlatbreads,EarnestEspressos,2016378
2026-07-14T00:05:49.294731,2026-07-14T00:05:49.298559+00:00,81.7,3,ask,DiligentDonuts,Xuanyu Liu,2016380
2026-07-14T00:05:49.366158,2026-07-14T00:05:49.375438+00:00,81.7,95,ask,DiligentDonuts,Lachy Miller,2016383
2026-07-14T00:05:49.391846,2026-07-14T00:05:49.397316+00:00,81.7,2,ask,DiligentDonuts,Lam Anh Pham,2016385
2026-07-14T00:05:49.502553,2026-07-14T00:05:49.505426+00:00,82.0,1,bid,Lam Anh Pham,EarnestEspressos,2016387
2026-07-14T00:05:49.910979,2026-07-14T00:05:49.914733+00:00,81.8,3,ask,EarnestEspressos,Xuanyu Liu,2016391
2026-07-14T00:05:49.916728,2026-07-14T00:05:49.925727+00:00,81.8,1,ask,EarnestEspressos,Lam Anh Pham,2016393
2026-07-14T00:05:50.025360,2026-07-14T00:05:50.033549+00:00,81.8,1,ask,EarnestEspressos,Lam Anh Pham,2016397
2026-07-14T00:05:50.465321,2026-07-14T00:05:50.475602+00:00,81.8,25,ask,EarnestEspressos,Dinh Nguyen,2016401
2026-07-14T00:05:50.706748,2026-07-14T00:05:50.711657+00:00,81.8,47,ask,EarnestEspressos,CostlyCorianders,2016409
2026-07-14T00:05:51.364587,2026-07-14T00:05:51.375485+00:00,82.0,4,bid,FlawlessFlatbreads,Xinhong Shan,2016419
2026-07-14T00:05:51.364587,2026-07-14T00:05:51.375485+00:00,82.2,46,bid,FlawlessFlatbreads,DiligentDonuts,2016420
2026-07-14T00:05:51.438605,2026-07-14T00:05:51.440587+00:00,82.2,1,bid,Lam Anh Pham,DiligentDonuts,2016422
2026-07-14T00:05:51.870834,2026-07-14T00:05:51.882582+00:00,81.8,4,ask,EarnestEspressos,Kelvin Chan,2016436
2026-07-14T00:05:52.427379,2026-07-14T00:05:52.433997+00:00,81.8,48,ask,EarnestEspressos,CostlyCorianders,2016448
2026-07-14T00:05:52.472134,2026-07-14T00:05:52.476806+00:00,81.8,21,ask,EarnestEspressos,DiligentDonuts,2016450
2026-07-14T00:05:52.472134,2026-07-14T00:05:52.476806+00:00,81.8,4,ask,Xinhong Shan,DiligentDonuts,2016451
2026-07-14T00:05:52.550857,2026-07-14T00:05:52.562282+00:00,81.3,1,ask,DiligentDonuts,Lam Anh Pham,2016453
2026-07-14T00:05:53.015709,2026-07-14T00:05:53.017504+00:00,81.8,47,bid,CostlyCorianders,DiligentDonuts,2016465
2026-07-14T00:05:53.471483,2026-07-14T00:05:53.480938+00:00,81.8,28,bid,FlawlessFlatbreads,DiligentDonuts,2016473
2026-07-14T00:05:53.471483,2026-07-14T00:05:53.480938+00:00,81.8,4,bid,FlawlessFlatbreads,Xinhong Shan,2016474
2026-07-14T00:05:53.471483,2026-07-14T00:05:53.480938+00:00,81.8,18,bid,FlawlessFlatbreads,EarnestEspressos,2016475
2026-07-14T00:05:56.704002,2026-07-14T00:05:56.708334+00:00,81.5,2,ask,Kelvin Chan,CostlyCorianders,2016539
2026-07-14T00:05:56.704002,2026-07-14T00:05:56.708334+00:00,81.5,4,ask,Xinhong Shan,CostlyCorianders,2016540
2026-07-14T00:05:56.704002,2026-07-14T00:05:56.719076+00:00,81.4,40,ask,DiligentDonuts,CostlyCorianders,2016541
2026-07-14T00:05:57.685544,2026-07-14T00:05:57.690835+00:00,81.7,50,bid,FlawlessFlatbreads,EarnestEspressos,2016561
2026-07-14T00:05:59.004801,2026-07-14T00:05:59.011792+00:00,81.7,41,bid,CostlyCorianders,EarnestEspressos,2016578
2026-07-14T00:05:59.382564,2026-07-14T00:05:59.387778+00:00,81.7,4,bid,EarnestEspressos,Xinhong Shan,2016585
2026-07-14T00:05:59.625849,2026-07-14T00:05:59.634594+00:00,81.7,44,ask,EarnestEspressos,CostlyCorianders,2016588
2026-07-14T00:05:59.845329,2026-07-14T00:05:59.853049+00:00,81.7,50,ask,EarnestEspressos,FlawlessFlatbreads,2016598
2026-07-14T00:06:01.789510,2026-07-14T00:06:01.804594+00:00,81.9,1,bid,CostlyCorianders,Kelvin Chan,2016644
2026-07-14T00:06:01.789510,2026-07-14T00:06:01.804594+00:00,81.9,39,bid,CostlyCorianders,DiligentDonuts,2016645
2026-07-14T00:06:01.901727,2026-07-14T00:06:01.912050+00:00,81.9,4,bid,FlawlessFlatbreads,Xinhong Shan,2016646
2026-07-14T00:06:01.901727,2026-07-14T00:06:01.912050+00:00,82.2,46,bid,FlawlessFlatbreads,EarnestEspressos,2016647
2026-07-14T00:06:01.992106,2026-07-14T00:06:01.997630+00:00,81.7,1,ask,EarnestEspressos,Lam Anh Pham,2016651
2026-07-14T00:06:02.300920,2026-07-14T00:06:02.304812+00:00,81.8,1,bid,Xuanyu Liu,Kelvin Chan,2016654
2026-07-14T00:06:02.363099,2026-07-14T00:06:02.366811+00:00,81.8,2,bid,Xuanyu Liu,Kelvin Chan,2016660
2026-07-14T00:06:02.416220,2026-07-14T00:06:02.421925+00:00,81.7,1,ask,EarnestEspressos,Lam Anh Pham,2016664
2026-07-14T00:06:04.010743,2026-07-14T00:06:04.015372+00:00,81.8,1,bid,FlawlessFlatbreads,Kelvin Chan,2016716
2026-07-14T00:06:04.010743,2026-07-14T00:06:04.015372+00:00,81.8,4,bid,FlawlessFlatbreads,Xinhong Shan,2016717
2026-07-14T00:06:04.010743,2026-07-14T00:06:04.015372+00:00,82.0,45,bid,FlawlessFlatbreads,EarnestEspressos,2016718
2026-07-14T00:06:04.310280,2026-07-14T00:06:04.316357+00:00,81.7,49,ask,DiligentDonuts,CostlyCorianders,2016720
2026-07-14T00:06:06.119493,2026-07-14T00:06:06.131949+00:00,81.8,1,bid,FlawlessFlatbreads,Kelvin Chan,2016751
2026-07-14T00:06:06.119493,2026-07-14T00:06:06.131949+00:00,81.8,4,bid,FlawlessFlatbreads,Xinhong Shan,2016752
2026-07-14T00:06:06.119493,2026-07-14T00:06:06.131949+00:00,82.0,45,bid,FlawlessFlatbreads,DiligentDonuts,2016753
2026-07-14T00:06:07.346577,2026-07-14T00:06:07.349787+00:00,81.9,1,bid,Lam Anh Pham,Kelvin Chan,2016780
2026-07-14T00:06:07.346577,2026-07-14T00:06:07.360796+00:00,81.9,2,bid,Lam Anh Pham,Xinhong Shan,2016781
2026-07-14T00:06:08.229816,2026-07-14T00:06:08.235330+00:00,81.9,2,bid,FlawlessFlatbreads,Xinhong Shan,2016800
2026-07-14T00:06:08.229816,2026-07-14T00:06:08.235330+00:00,81.9,1,bid,FlawlessFlatbreads,Kelvin Chan,2016801
2026-07-14T00:06:08.229816,2026-07-14T00:06:08.246164+00:00,82.2,47,bid,FlawlessFlatbreads,EarnestEspressos,2016802
2026-07-14T00:06:08.259704,2026-07-14T00:06:08.267834+00:00,81.9,1,bid,Lam Anh Pham,Kelvin Chan,2016804
2026-07-14T00:06:08.870733,2026-07-14T00:06:08.883280+00:00,81.9,1,bid,EarnestEspressos,Kelvin Chan,2016812
2026-07-14T00:06:08.878761,2026-07-14T00:06:08.883280+00:00,82.1,3,ask,EarnestEspressos,Xuanyu Liu,2016813
2026-07-14T00:06:08.885175,2026-07-14T00:06:08.894396+00:00,82.1,1,ask,EarnestEspressos,Kelvin Chan,2016814
2026-07-14T00:06:08.913649,2026-07-14T00:06:08.919785+00:00,82.1,1,ask,EarnestEspressos,Lam Anh Pham,2016816
2026-07-14T00:06:08.950505,2026-07-14T00:06:08.962622+00:00,82.1,1,ask,EarnestEspressos,Kelvin Chan,2016817
2026-07-14T00:06:08.969614,2026-07-14T00:06:08.973380+00:00,82.1,1,ask,EarnestEspressos,Kelvin Chan,2016819
2026-07-14T00:06:08.979929,2026-07-14T00:06:08.988137+00:00,82.1,1,ask,EarnestEspressos,Kelvin Chan,2016821
2026-07-14T00:06:08.984742,2026-07-14T00:06:08.988137+00:00,82.1,21,ask,EarnestEspressos,Xuanyu Liu,2016822
2026-07-14T00:06:09.008989,2026-07-14T00:06:09.020321+00:00,82.1,1,ask,EarnestEspressos,Kelvin Chan,2016824
2026-07-14T00:06:09.011393,2026-07-14T00:06:09.020321+00:00,82.1,25,ask,EarnestEspressos,Lachy Miller,2016825
2026-07-14T00:06:09.050611,2026-07-14T00:06:09.052496+00:00,82.1,1,ask,EarnestEspressos,Kelvin Chan,2016826
2026-07-14T00:06:09.073156,2026-07-14T00:06:09.084732+00:00,82.1,1,ask,EarnestEspressos,Lam Anh Pham,2016827
2026-07-14T00:06:09.079015,2026-07-14T00:06:09.084732+00:00,82.1,1,ask,EarnestEspressos,Kelvin Chan,2016829
2026-07-14T00:06:09.100204,2026-07-14T00:06:09.106045+00:00,82.1,1,ask,EarnestEspressos,Kelvin Chan,2016830
2026-07-14T00:06:10.055302,2026-07-14T00:06:10.061004+00:00,82.1,25,ask,EarnestEspressos,Dinh Nguyen,2016854
2026-07-14T00:06:10.390769,2026-07-14T00:06:10.403647+00:00,82.1,50,ask,EarnestEspressos,FlawlessFlatbreads,2016859
2026-07-14T00:06:11.381981,2026-07-14T00:06:11.393685+00:00,82.2,4,bid,CostlyCorianders,Xinhong Shan,2016877
2026-07-14T00:06:11.381981,2026-07-14T00:06:11.393685+00:00,82.6,43,bid,CostlyCorianders,EarnestEspressos,2016878
2026-07-14T00:06:11.423217,2026-07-14T00:06:11.425871+00:00,82.1,15,ask,EarnestEspressos,Lachy Miller,2016880
2026-07-14T00:06:11.423217,2026-07-14T00:06:11.436650+00:00,82.1,4,ask,Xinhong Shan,Lachy Miller,2016881
2026-07-14T00:06:11.493792,2026-07-14T00:06:11.501870+00:00,82.2,1,bid,Lam Anh Pham,DiligentDonuts,2016885
2026-07-14T00:06:11.601858,2026-07-14T00:06:11.612541+00:00,82.2,1,bid,Lam Anh Pham,DiligentDonuts,2016892
2026-07-14T00:06:11.910837,2026-07-14T00:06:11.922043+00:00,82.2,1,bid,Lam Anh Pham,DiligentDonuts,2016897
2026-07-14T00:06:12.446498,2026-07-14T00:06:12.458147+00:00,82.2,50,bid,FlawlessFlatbreads,DiligentDonuts,2016904
2026-07-14T00:06:13.438641,2026-07-14T00:06:13.443073+00:00,82.2,42,bid,CostlyCorianders,DiligentDonuts,2016926
2026-07-14T00:06:13.837420,2026-07-14T00:06:13.841098+00:00,82.0,1,bid,Xuanyu Liu,Kelvin Chan,2016930
2026-07-14T00:06:14.570011,2026-07-14T00:06:14.578634+00:00,82.2,50,bid,FlawlessFlatbreads,EarnestEspressos,2016952
2026-07-14T00:06:14.633359,2026-07-14T00:06:14.643480+00:00,82.1,2,ask,DiligentDonuts,Lam Anh Pham,2016956
2026-07-14T00:06:14.636192,2026-07-14T00:06:14.643480+00:00,82.1,48,ask,DiligentDonuts,CostlyCorianders,2016957
2026-07-14T00:06:14.741870,2026-07-14T00:06:14.751458+00:00,82.1,1,ask,DiligentDonuts,Lam Anh Pham,2016962
2026-07-14T00:06:15.371724,2026-07-14T00:06:15.374839+00:00,82.1,1,ask,DiligentDonuts,Kelvin Chan,2016967
2026-07-14T00:06:15.539283,2026-07-14T00:06:15.548232+00:00,82.1,25,ask,DiligentDonuts,Dinh Nguyen,2016976
2026-07-14T00:06:15.799019,2026-07-14T00:06:15.807434+00:00,82.1,23,ask,DiligentDonuts,CostlyCorianders,2016986
2026-07-14T00:06:15.799019,2026-07-14T00:06:15.807434+00:00,82.1,4,ask,Xinhong Shan,CostlyCorianders,2016987
2026-07-14T00:06:15.857334,2026-07-14T00:06:15.861436+00:00,81.8,1,ask,EarnestEspressos,Lam Anh Pham,2016989
2026-07-14T00:06:16.466830,2026-07-14T00:06:16.475652+00:00,81.8,1,ask,EarnestEspressos,Lam Anh Pham,2016999
2026-07-14T00:06:16.680401,2026-07-14T00:06:16.693078+00:00,82.2,4,bid,FlawlessFlatbreads,Xinhong Shan,2017000
2026-07-14T00:06:16.680401,2026-07-14T00:06:16.693078+00:00,82.3,46,bid,FlawlessFlatbreads,EarnestEspressos,2017001
2026-07-14T00:06:16.780255,2026-07-14T00:06:16.792268+00:00,81.8,1,ask,EarnestEspressos,Lam Anh Pham,2017011
2026-07-14T00:06:18.167600,2026-07-14T00:06:18.173005+00:00,82.1,1,bid,Xuanyu Liu,Kelvin Chan,2017049
2026-07-14T00:06:18.167600,2026-07-14T00:06:18.173005+00:00,82.1,4,bid,Xuanyu Liu,Xinhong Shan,2017050
2026-07-14T00:06:18.186396,2026-07-14T00:06:18.190620+00:00,82.2,4,bid,Xuanyu Liu,DiligentDonuts,2017052
2026-07-14T00:06:19.297227,2026-07-14T00:06:19.306652+00:00,82.1,1,ask,EarnestEspressos,Kelvin Chan,2017069
2026-07-14T00:06:19.738337,2026-07-14T00:06:19.747261+00:00,82.1,1,ask,EarnestEspressos,Kelvin Chan,2017078
2026-07-14T00:06:19.787333,2026-07-14T00:06:19.790725+00:00,82.1,25,ask,EarnestEspressos,Dinh Nguyen,2017082
2026-07-14T00:06:19.901675,2026-07-14T00:06:19.909911+00:00,82.1,1,ask,EarnestEspressos,Kelvin Chan,2017083
2026-07-14T00:06:19.972843,2026-07-14T00:06:19.985605+00:00,82.1,1,ask,EarnestEspressos,Kelvin Chan,2017086
2026-07-14T00:06:20.890767,2026-07-14T00:06:20.901455+00:00,82.2,5,bid,FlawlessFlatbreads,Xinhong Shan,2017105
2026-07-14T00:06:20.890767,2026-07-14T00:06:20.901455+00:00,82.6,45,bid,FlawlessFlatbreads,EarnestEspressos,2017106
2026-07-14T00:06:21.538308,2026-07-14T00:06:21.543291+00:00,82.1,5,ask,Xinhong Shan,Dinh Nguyen,2017127
2026-07-14T00:06:21.538308,2026-07-14T00:06:21.543291+00:00,82.1,20,ask,EarnestEspressos,Dinh Nguyen,2017128
2026-07-14T00:06:21.797486,2026-07-14T00:06:21.799585+00:00,82.3,49,bid,CostlyCorianders,DiligentDonuts,2017133
2026-07-14T00:06:22.999217,2026-07-14T00:06:23.008632+00:00,82.3,50,bid,FlawlessFlatbreads,DiligentDonuts,2017154
2026-07-14T00:06:24.559337,2026-07-14T00:06:24.563030+00:00,82.1,25,ask,EarnestEspressos,Dinh Nguyen,2017195
2026-07-14T00:06:24.925029,2026-07-14T00:06:24.928821+00:00,82.3,5,bid,CostlyCorianders,Xinhong Shan,2017205
2026-07-14T00:06:24.925029,2026-07-14T00:06:24.928821+00:00,82.3,37,bid,CostlyCorianders,EarnestEspressos,2017206
2026-07-14T00:06:26.317370,2026-07-14T00:06:26.321408+00:00,82.1,5,ask,Xinhong Shan,Dinh Nguyen,2017243
2026-07-14T00:06:26.989068,2026-07-14T00:06:26.997093+00:00,82.0,48,ask,DiligentDonuts,CostlyCorianders,2017256
2026-07-14T00:06:29.319319,2026-07-14T00:06:29.330503+00:00,82.1,25,ask,EarnestEspressos,Dinh Nguyen,2017303
2026-07-14T00:06:29.385620,2026-07-14T00:06:29.396121+00:00,82.1,50,ask,EarnestEspressos,FlawlessFlatbreads,2017306
2026-07-14T00:06:30.004806,2026-07-14T00:06:30.009380+00:00,82.1,21,ask,EarnestEspressos,Xuanyu Liu,2017318
2026-07-14T00:06:30.066214,2026-07-14T00:06:30.074153+00:00,82.1,6,ask,EarnestEspressos,Lachy Miller,2017321
2026-07-14T00:06:31.048412,2026-07-14T00:06:31.062076+00:00,82.1,5,ask,Xinhong Shan,EarnestEspressos,2017339
2026-07-14T00:06:31.058364,2026-07-14T00:06:31.062076+00:00,81.9,11,bid,Xuanyu Liu,EarnestEspressos,2017340
2026-07-14T00:06:31.081045,2026-07-14T00:06:31.083912+00:00,81.9,1,bid,Kelvin Chan,EarnestEspressos,2017341
2026-07-14T00:06:31.168041,2026-07-14T00:06:31.170192+00:00,81.7,42,ask,DiligentDonuts,CostlyCorianders,2017346
2026-07-14T00:06:31.510669,2026-07-14T00:06:31.514601+00:00,81.7,50,ask,DiligentDonuts,FlawlessFlatbreads,2017360
2026-07-14T00:06:32.616909,2026-07-14T00:06:32.620446+00:00,81.9,21,bid,Xuanyu Liu,EarnestEspressos,2017385
2026-07-14T00:06:32.720074,2026-07-14T00:06:32.723921+00:00,81.9,3,bid,Xuanyu Liu,EarnestEspressos,2017387
2026-07-14T00:06:33.557437,2026-07-14T00:06:33.560045+00:00,81.9,43,bid,CostlyCorianders,EarnestEspressos,2017408
2026-07-14T00:06:33.565539,2026-07-14T00:06:33.571031+00:00,81.9,50,bid,FlawlessFlatbreads,EarnestEspressos,2017409
2026-07-14T00:06:34.160532,2026-07-14T00:06:34.174977+00:00,81.9,4,bid,EarnestEspressos,Xinhong Shan,2017414
2026-07-14T00:06:34.170332,2026-07-14T00:06:34.174977+00:00,82.1,14,ask,EarnestEspressos,Xuanyu Liu,2017415
2026-07-14T00:06:35.672376,2026-07-14T00:06:35.685146+00:00,82.2,50,bid,FlawlessFlatbreads,DiligentDonuts,2017445
2026-07-14T00:06:36.676979,2026-07-14T00:06:36.683113+00:00,82.1,41,ask,EarnestEspressos,CostlyCorianders,2017467
2026-07-14T00:06:37.777213,2026-07-14T00:06:37.785668+00:00,82.2,4,bid,FlawlessFlatbreads,Xinhong Shan,2017483
2026-07-14T00:06:37.777213,2026-07-14T00:06:37.785668+00:00,82.3,4,bid,FlawlessFlatbreads,Kelvin Chan,2017484
2026-07-14T00:06:37.777213,2026-07-14T00:06:37.785668+00:00,82.3,42,bid,FlawlessFlatbreads,DiligentDonuts,2017485
2026-07-14T00:06:39.890666,2026-07-14T00:06:39.896070+00:00,82.2,5,bid,FlawlessFlatbreads,Xinhong Shan,2017542
2026-07-14T00:06:39.890666,2026-07-14T00:06:39.896070+00:00,82.4,45,bid,FlawlessFlatbreads,EarnestEspressos,2017543
2026-07-14T00:06:40.486799,2026-07-14T00:06:40.489923+00:00,82.1,5,ask,Xinhong Shan,Xuanyu Liu,2017566
2026-07-14T00:06:43.047317,2026-07-14T00:06:43.057857+00:00,82.3,3,bid,CostlyCorianders,Kelvin Chan,2017606
2026-07-14T00:06:43.047317,2026-07-14T00:06:43.057857+00:00,82.3,5,bid,CostlyCorianders,Xinhong Shan,2017607
2026-07-14T00:06:43.047317,2026-07-14T00:06:43.057857+00:00,82.5,35,bid,CostlyCorianders,EarnestEspressos,2017608
2026-07-14T00:06:43.663122,2026-07-14T00:06:43.667311+00:00,82.1,5,ask,EarnestEspressos,Xuanyu Liu,2017612
2026-07-14T00:06:43.709194,2026-07-14T00:06:43.721822+00:00,82.3,48,bid,CostlyCorianders,DiligentDonuts,2017614
2026-07-14T00:06:44.161462,2026-07-14T00:06:44.168282+00:00,82.1,50,ask,EarnestEspressos,FlawlessFlatbreads,2017618
2026-07-14T00:06:44.413777,2026-07-14T00:06:44.417302+00:00,82.1,11,ask,EarnestEspressos,Xuanyu Liu,2017625
2026-07-14T00:06:46.218017,2026-07-14T00:06:46.230430+00:00,82.3,1,bid,FlawlessFlatbreads,Kelvin Chan,2017666
2026-07-14T00:06:46.218017,2026-07-14T00:06:46.230430+00:00,82.3,5,bid,FlawlessFlatbreads,Xinhong Shan,2017667
2026-07-14T00:06:46.218017,2026-07-14T00:06:46.230430+00:00,82.6,44,bid,FlawlessFlatbreads,EarnestEspressos,2017668
2026-07-14T00:06:48.328703,2026-07-14T00:06:48.331485+00:00,82.3,50,bid,FlawlessFlatbreads,DiligentDonuts,2017709
2026-07-14T00:06:48.356192,2026-07-14T00:06:48.359811+00:00,82.1,5,ask,Xinhong Shan,Xuanyu Liu,2017713
2026-07-14T00:06:50.437200,2026-07-14T00:06:50.442666+00:00,82.3,1,bid,FlawlessFlatbreads,Kelvin Chan,2017765
2026-07-14T00:06:50.437200,2026-07-14T00:06:50.442666+00:00,82.3,5,bid,FlawlessFlatbreads,Xinhong Shan,2017766
2026-07-14T00:06:50.437200,2026-07-14T00:06:50.442666+00:00,82.4,44,bid,FlawlessFlatbreads,DiligentDonuts,2017767
2026-07-14T00:06:51.009216,2026-07-14T00:06:51.018269+00:00,82.0,2,ask,Kelvin Chan,CostlyCorianders,2017782
2026-07-14T00:06:51.009216,2026-07-14T00:06:51.018269+00:00,82.0,5,ask,Xinhong Shan,CostlyCorianders,2017783
2026-07-14T00:06:51.009216,2026-07-14T00:06:51.018269+00:00,81.9,42,ask,DiligentDonuts,CostlyCorianders,2017784
2026-07-14T00:06:52.316096,2026-07-14T00:06:52.325337+00:00,82.0,4,ask,Kelvin Chan,Lachy Miller,2017811
2026-07-14T00:06:52.316096,2026-07-14T00:06:52.325337+00:00,82.0,5,ask,Xinhong Shan,Lachy Miller,2017812
2026-07-14T00:06:53.066356,2026-07-14T00:06:53.071219+00:00,82.0,43,ask,DiligentDonuts,CostlyCorianders,2017826
2026-07-14T00:06:54.637186,2026-07-14T00:06:54.647907+00:00,82.0,49,ask,DiligentDonuts,CostlyCorianders,2017854
2026-07-14T00:06:54.651435,2026-07-14T00:06:54.658818+00:00,82.3,1,bid,FlawlessFlatbreads,Kelvin Chan,2017855
2026-07-14T00:06:54.651435,2026-07-14T00:06:54.658818+00:00,82.3,5,bid,FlawlessFlatbreads,Xinhong Shan,2017856
2026-07-14T00:06:54.651435,2026-07-14T00:06:54.658818+00:00,82.4,44,bid,FlawlessFlatbreads,EarnestEspressos,2017857
2026-07-14T00:06:54.731110,2026-07-14T00:06:54.734608+00:00,82.0,6,ask,DiligentDonuts,Lachy Miller,2017863
2026-07-14T00:06:55.231545,2026-07-14T00:06:55.235279+00:00,82.4,41,bid,CostlyCorianders,EarnestEspressos,2017869
2026-07-14T00:06:56.307547,2026-07-14T00:06:56.322749+00:00,82.3,100,bid,EarnestEspressos,DiligentDonuts,2017889
2026-07-14T00:06:56.319325,2026-07-14T00:06:56.322749+00:00,82.3,17,ask,EarnestEspressos,Xuanyu Liu,2017890
2026-07-14T00:06:56.371024,2026-07-14T00:06:56.376965+00:00,82.3,1,ask,EarnestEspressos,Lam Anh Pham,2017892
2026-07-14T00:06:56.479082,2026-07-14T00:06:56.484147+00:00,82.3,1,ask,EarnestEspressos,Lam Anh Pham,2017894
2026-07-14T00:06:56.543290,2026-07-14T00:06:56.548556+00:00,82.3,9,ask,EarnestEspressos,Lachy Miller,2017897
2026-07-14T00:06:56.575642,2026-07-14T00:06:56.580594+00:00,82.3,5,ask,EarnestEspressos,Kelvin Chan,2017898
2026-07-14T00:06:56.762917,2026-07-14T00:06:56.771371+00:00,82.4,5,bid,FlawlessFlatbreads,Xinhong Shan,2017901
2026-07-14T00:06:56.762917,2026-07-14T00:06:56.771371+00:00,82.8,45,bid,FlawlessFlatbreads,EarnestEspressos,2017902
2026-07-14T00:06:56.768044,2026-07-14T00:06:56.771371+00:00,82.3,5,ask,EarnestEspressos,Kelvin Chan,2017903
2026-07-14T00:06:56.915579,2026-07-14T00:06:56.918826+00:00,82.3,12,ask,EarnestEspressos,CostlyCorianders,2017906
2026-07-14T00:06:56.915579,2026-07-14T00:06:56.929469+00:00,82.3,5,ask,Xinhong Shan,CostlyCorianders,2017907
2026-07-14T00:06:59.830574,2026-07-14T00:06:59.838551+00:00,82.3,4,bid,CostlyCorianders,Kelvin Chan,2017961
2026-07-14T00:06:59.830574,2026-07-14T00:06:59.838551+00:00,82.3,5,bid,CostlyCorianders,Xinhong Shan,2017962
2026-07-14T00:06:59.830574,2026-07-14T00:06:59.838551+00:00,82.4,32,bid,CostlyCorianders,EarnestEspressos,2017963
2026-07-14T00:07:00.393974,2026-07-14T00:07:00.400505+00:00,82.4,47,bid,CostlyCorianders,EarnestEspressos,2017980
2026-07-14T00:07:00.448743,2026-07-14T00:07:00.454130+00:00,82.0,40,ask,DiligentDonuts,CostlyCorianders,2017981
2026-07-14T00:07:01.027885,2026-07-14T00:07:01.038790+00:00,82.0,50,ask,DiligentDonuts,FlawlessFlatbreads,2017989
2026-07-14T00:07:02.190175,2026-07-14T00:07:02.201913+00:00,82.0,5,ask,Xinhong Shan,CostlyCorianders,2018009
2026-07-14T00:07:02.190175,2026-07-14T00:07:02.201913+00:00,81.9,42,ask,EarnestEspressos,CostlyCorianders,2018010
2026-07-14T00:07:03.134487,2026-07-14T00:07:03.143262+00:00,82.1,50,ask,EarnestEspressos,FlawlessFlatbreads,2018031
2026-07-14T00:07:05.243518,2026-07-14T00:07:05.253167+00:00,82.1,50,ask,EarnestEspressos,FlawlessFlatbreads,2018084
2026-07-14T00:07:05.853493,2026-07-14T00:07:05.857629+00:00,82.2,11,bid,Xuanyu Liu,EarnestEspressos,2018096
2026-07-14T00:07:07.349605,2026-07-14T00:07:07.358748+00:00,82.1,5,ask,Xinhong Shan,FlawlessFlatbreads,2018123
