timestamp,recv_time,price,volume,aggressor_side,buyer,seller,trade_id
2026-07-04T10:00:00.796815,2026-07-04T10:00:00.806718+00:00,143.4,12,bid,Xuanyu Liu,EarnestEspressos,6856986
2026-07-04T10:00:00.915676,2026-07-04T10:00:00.932876+00:00,143.2,10,ask,Yashwanth Madan,FlawlessFlatbreads,6856991
2026-07-04T10:00:00.915676,2026-07-04T10:00:00.932876+00:00,143.1,40,ask,DiligentDonuts,FlawlessFlatbreads,6856992
2026-07-04T10:00:01.533417,2026-07-04T10:00:01.542082+00:00,143.4,23,bid,Xuanyu Liu,EarnestEspressos,6856998
2026-07-04T10:00:01.604527,2026-07-04T10:00:01.615049+00:00,143.4,1,bid,Yashwanth Madan,EarnestEspressos,6857002
2026-07-04T10:00:02.169463,2026-07-04T10:00:02.181004+00:00,143.6,9,bid,Yashwanth Madan,DiligentDonuts,6857010
2026-07-04T10:00:02.871772,2026-07-04T10:00:02.883823+00:00,143.6,91,bid,EarnestEspressos,DiligentDonuts,6857018
2026-07-04T10:00:02.938769,2026-07-04T10:00:02.947944+00:00,143.8,46,ask,EarnestEspressos,Xuanyu Liu,6857021
2026-07-04T10:00:02.972876,2026-07-04T10:00:02.984715+00:00,143.8,13,ask,EarnestEspressos,Yashwanth Madan,6857023
2026-07-04T10:00:05.133462,2026-07-04T10:00:05.145160+00:00,143.5,50,ask,DiligentDonuts,FlawlessFlatbreads,6857052
2026-07-04T10:00:05.434536,2026-07-04T10:00:05.444104+00:00,144.0,47,bid,CostlyCorianders,DiligentDonuts,6857054
2026-07-04T10:00:06.114470,2026-07-04T10:00:06.122857+00:00,143.8,11,bid,Xuanyu Liu,EarnestEspressos,6857062
2026-07-04T10:00:06.803440,2026-07-04T10:00:06.814928+00:00,143.6,20,ask,DiligentDonuts,Yashwanth Madan,6857079
2026-07-04T10:00:07.031644,2026-07-04T10:00:07.043307+00:00,143.8,44,bid,CostlyCorianders,EarnestEspressos,6857085
2026-07-04T10:00:07.241067,2026-07-04T10:00:07.256518+00:00,143.6,50,ask,DiligentDonuts,FlawlessFlatbreads,6857093
2026-07-04T10:00:09.096920,2026-07-04T10:00:09.106982+00:00,143.8,44,bid,CostlyCorianders,EarnestEspressos,6857113
2026-07-04T10:00:09.347758,2026-07-04T10:00:09.358555+00:00,143.9,10,ask,Yashwanth Madan,FlawlessFlatbreads,6857116
2026-07-04T10:00:09.347758,2026-07-04T10:00:09.358555+00:00,143.7,40,ask,EarnestEspressos,FlawlessFlatbreads,6857117
2026-07-04T10:00:11.455733,2026-07-04T10:00:11.467289+00:00,143.7,50,ask,EarnestEspressos,FlawlessFlatbreads,6857141
2026-07-04T10:00:13.362874,2026-07-04T10:00:13.374441+00:00,143.7,10,ask,Yashwanth Madan,CostlyCorianders,6857160
2026-07-04T10:00:13.362874,2026-07-04T10:00:13.374441+00:00,143.5,37,ask,DiligentDonuts,CostlyCorianders,6857161
2026-07-04T10:00:14.530468,2026-07-04T10:00:14.542091+00:00,143.6,10,ask,Yashwanth Madan,CostlyCorianders,6857174
2026-07-04T10:00:14.530468,2026-07-04T10:00:14.542091+00:00,143.5,35,ask,DiligentDonuts,CostlyCorianders,6857175
2026-07-04T10:00:15.587509,2026-07-04T10:00:15.596435+00:00,143.6,3,ask,Yashwanth Madan,EarnestEspressos,6857196
2026-07-04T10:00:15.650024,2026-07-04T10:00:15.661437+00:00,143.6,45,bid,CostlyCorianders,EarnestEspressos,6857197
2026-07-04T10:00:15.666136,2026-07-04T10:00:15.677725+00:00,143.5,28,ask,DiligentDonuts,FlawlessFlatbreads,6857198
2026-07-04T10:00:15.950034,2026-07-04T10:00:15.958409+00:00,143.6,12,bid,Xuanyu Liu,EarnestEspressos,6857204
2026-07-04T10:00:15.976983,2026-07-04T10:00:15.984303+00:00,143.5,11,bid,Xuanyu Liu,DiligentDonuts,6857206
2026-07-04T10:00:16.788382,2026-07-04T10:00:16.800550+00:00,143.5,45,bid,CostlyCorianders,DiligentDonuts,6857218
2026-07-04T10:00:17.771684,2026-07-04T10:00:17.779450+00:00,143.1,50,ask,EarnestEspressos,FlawlessFlatbreads,6857228
2026-07-04T10:00:18.363616,2026-07-04T10:00:18.376088+00:00,143.5,23,bid,Xuanyu Liu,DiligentDonuts,6857239
2026-07-04T10:00:18.542546,2026-07-04T10:00:18.552602+00:00,143.5,11,bid,Xuanyu Liu,DiligentDonuts,6857243
2026-07-04T10:00:18.695345,2026-07-04T10:00:18.706232+00:00,143.5,10,bid,EarnestEspressos,DiligentDonuts,6857248
2026-07-04T10:00:19.879284,2026-07-04T10:00:19.888254+00:00,143.8,50,ask,DiligentDonuts,FlawlessFlatbreads,6857266
2026-07-04T10:00:20.995921,2026-07-04T10:00:21.008015+00:00,143.8,44,ask,DiligentDonuts,CostlyCorianders,6857281
2026-07-04T10:00:22.006900,2026-07-04T10:00:22.017166+00:00,143.8,6,ask,DiligentDonuts,FlawlessFlatbreads,6857283
2026-07-04T10:00:22.006900,2026-07-04T10:00:22.017166+00:00,143.7,44,ask,EarnestEspressos,FlawlessFlatbreads,6857284
2026-07-04T10:00:26.227001,2026-07-04T10:00:26.236103+00:00,143.8,50,ask,DiligentDonuts,FlawlessFlatbreads,6857334
2026-07-04T10:00:26.636104,2026-07-04T10:00:26.647912+00:00,144.1,47,bid,CostlyCorianders,EarnestEspressos,6857341
2026-07-04T10:00:28.760931,2026-07-04T10:00:28.772673+00:00,144.1,40,bid,CostlyCorianders,DiligentDonuts,6857369
2026-07-04T10:00:30.388324,2026-07-04T10:00:30.400071+00:00,144.1,50,bid,FlawlessFlatbreads,DiligentDonuts,6857396
2026-07-04T10:00:31.424330,2026-07-04T10:00:31.435875+00:00,143.9,48,ask,EarnestEspressos,CostlyCorianders,6857409
2026-07-04T10:00:31.991205,2026-07-04T10:00:31.998294+00:00,144.1,48,ask,DiligentDonuts,CostlyCorianders,6857427
2026-07-04T10:00:32.494807,2026-07-04T10:00:32.506557+00:00,144.4,50,bid,FlawlessFlatbreads,EarnestEspressos,6857434
2026-07-04T10:00:32.949404,2026-07-04T10:00:32.957199+00:00,144.1,22,ask,DiligentDonuts,Xuanyu Liu,6857446
2026-07-04T10:00:33.468602,2026-07-04T10:00:33.477684+00:00,144.1,30,ask,DiligentDonuts,CostlyCorianders,6857459
2026-07-04T10:00:33.468602,2026-07-04T10:00:33.477684+00:00,143.9,10,ask,EarnestEspressos,CostlyCorianders,6857460
2026-07-04T10:00:33.956231,2026-07-04T10:00:33.968085+00:00,144.4,45,bid,CostlyCorianders,EarnestEspressos,6857470
2026-07-04T10:00:34.653711,2026-07-04T10:00:34.665374+00:00,143.9,50,ask,EarnestEspressos,FlawlessFlatbreads,6857479
2026-07-04T10:00:34.875122,2026-07-04T10:00:34.886817+00:00,143.9,45,ask,EarnestEspressos,CostlyCorianders,6857481
2026-07-04T10:00:35.847243,2026-07-04T10:00:35.853627+00:00,144.0,45,bid,CostlyCorianders,DiligentDonuts,6857493
2026-07-04T10:00:36.763003,2026-07-04T10:00:36.774255+00:00,143.9,50,ask,EarnestEspressos,FlawlessFlatbreads,6857513
2026-07-04T10:00:37.515286,2026-07-04T10:00:37.527095+00:00,144.0,44,bid,CostlyCorianders,DiligentDonuts,6857527
2026-07-04T10:00:37.747459,2026-07-04T10:00:37.763557+00:00,143.9,11,bid,Xuanyu Liu,EarnestEspressos,6857530
2026-07-04T10:00:38.405046,2026-07-04T10:00:38.416748+00:00,143.9,40,bid,CostlyCorianders,EarnestEspressos,6857544
2026-07-04T10:00:38.866328,2026-07-04T10:00:38.877981+00:00,143.8,49,ask,DiligentDonuts,CostlyCorianders,6857550
2026-07-04T10:00:38.871449,2026-07-04T10:00:38.877981+00:00,143.8,50,ask,DiligentDonuts,FlawlessFlatbreads,6857551
2026-07-04T10:00:39.510071,2026-07-04T10:00:39.521852+00:00,143.8,1,ask,DiligentDonuts,CostlyCorianders,6857564
2026-07-04T10:00:39.510071,2026-07-04T10:00:39.521852+00:00,143.4,45,ask,EarnestEspressos,CostlyCorianders,6857565
2026-07-04T10:00:40.909440,2026-07-04T10:00:40.916757+00:00,143.8,11,bid,Xuanyu Liu,EarnestEspressos,6857583
2026-07-04T10:00:40.926782,2026-07-04T10:00:40.937435+00:00,143.8,50,bid,FlawlessFlatbreads,EarnestEspressos,6857585
2026-07-04T10:00:42.846219,2026-07-04T10:00:42.854752+00:00,143.8,41,bid,CostlyCorianders,EarnestEspressos,6857602
2026-07-04T10:00:43.032292,2026-07-04T10:00:43.043836+00:00,143.8,48,bid,FlawlessFlatbreads,EarnestEspressos,6857610
2026-07-04T10:00:43.032292,2026-07-04T10:00:43.043836+00:00,144.0,2,bid,FlawlessFlatbreads,DiligentDonuts,6857611
2026-07-04T10:00:44.007574,2026-07-04T10:00:44.019433+00:00,144.0,98,bid,EarnestEspressos,DiligentDonuts,6857622
2026-07-04T10:00:44.074861,2026-07-04T10:00:44.084504+00:00,144.0,11,ask,EarnestEspressos,Xuanyu Liu,6857624
2026-07-04T10:00:44.796055,2026-07-04T10:00:44.807955+00:00,144.2,46,bid,CostlyCorianders,DiligentDonuts,6857632
2026-07-04T10:00:45.140454,2026-07-04T10:00:45.151935+00:00,144.2,50,bid,FlawlessFlatbreads,DiligentDonuts,6857637
2026-07-04T10:00:47.251748,2026-07-04T10:00:47.263773+00:00,144.1,50,bid,FlawlessFlatbreads,EarnestEspressos,6857661
2026-07-04T10:00:47.566244,2026-07-04T10:00:47.576743+00:00,143.6,47,ask,EarnestEspressos,CostlyCorianders,6857669
2026-07-04T10:00:47.583201,2026-07-04T10:00:47.592372+00:00,144.0,11,ask,DiligentDonuts,Xuanyu Liu,6857670
2026-07-04T10:00:48.660213,2026-07-04T10:00:48.673534+00:00,144.1,11,bid,Xuanyu Liu,EarnestEspressos,6857688
2026-07-04T10:00:49.359037,2026-07-04T10:00:49.370684+00:00,144.1,50,bid,FlawlessFlatbreads,EarnestEspressos,6857700
2026-07-04T10:00:49.922241,2026-07-04T10:00:49.933704+00:00,144.1,39,bid,CostlyCorianders,EarnestEspressos,6857708
2026-07-04T10:00:49.922241,2026-07-04T10:00:49.933704+00:00,144.5,3,bid,CostlyCorianders,DiligentDonuts,6857709
2026-07-04T10:00:51.467743,2026-07-04T10:00:51.479285+00:00,144.6,50,bid,FlawlessFlatbreads,EarnestEspressos,6857736
2026-07-04T10:00:52.144415,2026-07-04T10:00:52.158622+00:00,144.2,42,ask,DiligentDonuts,CostlyCorianders,6857741
2026-07-04T10:00:53.505671,2026-07-04T10:00:53.515684+00:00,144.5,23,ask,EarnestEspressos,Xuanyu Liu,6857756
2026-07-04T10:00:53.574115,2026-07-04T10:00:53.585621+00:00,144.7,50,bid,FlawlessFlatbreads,DiligentDonuts,6857761
2026-07-04T10:00:55.682632,2026-07-04T10:00:55.694500+00:00,144.9,50,bid,FlawlessFlatbreads,DiligentDonuts,6857788
2026-07-04T10:00:57.789898,2026-07-04T10:00:57.801613+00:00,145.1,50,bid,FlawlessFlatbreads,EarnestEspressos,6857816
2026-07-04T10:00:58.549074,2026-07-04T10:00:58.563701+00:00,144.7,43,ask,DiligentDonuts,CostlyCorianders,6857822
2026-07-04T10:00:58.992247,2026-07-04T10:00:59.000643+00:00,144.7,11,ask,DiligentDonuts,Xuanyu Liu,6857826
2026-07-04T10:00:59.044640,2026-07-04T10:00:59.056490+00:00,144.7,45,ask,DiligentDonuts,CostlyCorianders,6857828
2026-07-04T10:00:59.900187,2026-07-04T10:00:59.907916+00:00,145.1,50,bid,FlawlessFlatbreads,EarnestEspressos,6857838
2026-07-04T10:01:01.759542,2026-07-04T10:01:01.770049+00:00,144.6,12,ask,EarnestEspressos,Xuanyu Liu,6857858
2026-07-04T10:01:02.005505,2026-07-04T10:01:02.013266+00:00,144.7,50,bid,FlawlessFlatbreads,DiligentDonuts,6857863
2026-07-04T10:01:02.314015,2026-07-04T10:01:02.326103+00:00,144.6,20,ask,EarnestEspressos,Yashwanth Madan,6857865
2026-07-04T10:01:04.111632,2026-07-04T10:01:04.123716+00:00,144.9,50,bid,FlawlessFlatbreads,DiligentDonuts,6857884
2026-07-04T10:01:06.273118,2026-07-04T10:01:06.279974+00:00,144.5,50,ask,EarnestEspressos,FlawlessFlatbreads,6857918
2026-07-04T10:01:08.379163,2026-07-04T10:01:08.391162+00:00,144.5,50,ask,EarnestEspressos,FlawlessFlatbreads,6857942
2026-07-04T10:01:08.961886,2026-07-04T10:01:08.974023+00:00,144.9,45,bid,CostlyCorianders,DiligentDonuts,6857948
2026-07-04T10:01:09.564656,2026-07-04T10:01:09.574667+00:00,144.4,41,ask,DiligentDonuts,CostlyCorianders,6857952
2026-07-04T10:01:10.508901,2026-07-04T10:01:10.516116+00:00,144.4,50,ask,DiligentDonuts,FlawlessFlatbreads,6857966
2026-07-04T10:01:12.614896,2026-07-04T10:01:12.626367+00:00,144.4,50,ask,DiligentDonuts,FlawlessFlatbreads,6857995
2026-07-04T10:01:14.720701,2026-07-04T10:01:14.730983+00:00,144.2,50,ask,EarnestEspressos,FlawlessFlatbreads,6858027
2026-07-04T10:01:14.858660,2026-07-04T10:01:14.870258+00:00,144.6,46,bid,CostlyCorianders,DiligentDonuts,6858030
2026-07-04T10:01:16.207303,2026-07-04T10:01:16.215704+00:00,144.2,35,bid,Xuanyu Liu,EarnestEspressos,6858052
2026-07-04T10:01:16.828408,2026-07-04T10:01:16.842766+00:00,144.0,50,ask,DiligentDonuts,FlawlessFlatbreads,6858061
2026-07-04T10:01:18.934669,2026-07-04T10:01:18.946299+00:00,144.1,10,ask,Yashwanth Madan,FlawlessFlatbreads,6858092
2026-07-04T10:01:18.934669,2026-07-04T10:01:18.946299+00:00,144.1,40,ask,EarnestEspressos,FlawlessFlatbreads,6858093
2026-07-04T10:01:19.528900,2026-07-04T10:01:19.538148+00:00,144.4,10,ask,Yashwanth Madan,Xuanyu Liu,6858101
2026-07-04T10:01:19.687987,2026-07-04T10:01:19.699865+00:00,144.2,20,ask,DiligentDonuts,Yashwanth Madan,6858107
2026-07-04T10:01:19.971328,2026-07-04T10:01:19.982840+00:00,144.2,20,ask,DiligentDonuts,Yashwanth Madan,6858111
2026-07-04T10:01:21.043633,2026-07-04T10:01:21.051707+00:00,144.2,50,ask,DiligentDonuts,FlawlessFlatbreads,6858126
2026-07-04T10:01:21.267282,2026-07-04T10:01:21.278993+00:00,144.6,46,bid,CostlyCorianders,EarnestEspressos,6858133
2026-07-04T10:01:22.176988,2026-07-04T10:01:22.188738+00:00,144.2,10,ask,Yashwanth Madan,CostlyCorianders,6858143
2026-07-04T10:01:22.176988,2026-07-04T10:01:22.188738+00:00,144.2,10,ask,DiligentDonuts,CostlyCorianders,6858144
2026-07-04T10:01:22.176988,2026-07-04T10:01:22.188738+00:00,144.0,29,ask,EarnestEspressos,CostlyCorianders,6858145
2026-07-04T10:01:22.759629,2026-07-04T10:01:22.767521+00:00,144.2,10,bid,Xuanyu Liu,DiligentDonuts,6858155
2026-07-04T10:01:23.098889,2026-07-04T10:01:23.108801+00:00,144.2,50,bid,FlawlessFlatbreads,DiligentDonuts,6858162
2026-07-04T10:01:23.183175,2026-07-04T10:01:23.190880+00:00,144.2,40,bid,CostlyCorianders,DiligentDonuts,6858166
2026-07-04T10:01:25.228411,2026-07-04T10:01:25.240284+00:00,144.4,50,bid,FlawlessFlatbreads,EarnestEspressos,6858191
2026-07-04T10:01:25.245114,2026-07-04T10:01:25.263946+00:00,144.0,10,ask,Yashwanth Madan,CostlyCorianders,6858192
2026-07-04T10:01:25.245114,2026-07-04T10:01:25.263946+00:00,143.9,36,ask,EarnestEspressos,CostlyCorianders,6858193
2026-07-04T10:01:25.870456,2026-07-04T10:01:25.882103+00:00,144.4,43,bid,CostlyCorianders,EarnestEspressos,6858202
2026-07-04T10:01:27.337392,2026-07-04T10:01:27.346523+00:00,144.4,50,bid,FlawlessFlatbreads,EarnestEspressos,6858214
2026-07-04T10:01:27.577230,2026-07-04T10:01:27.585582+00:00,144.2,10,ask,Yashwanth Madan,Xuanyu Liu,6858221
2026-07-04T10:01:27.941203,2026-07-04T10:01:27.953063+00:00,144.4,5,bid,Yashwanth Madan,EarnestEspressos,6858229
2026-07-04T10:01:28.329381,2026-07-04T10:01:28.338440+00:00,144.3,2,ask,EarnestEspressos,Xuanyu Liu,6858232
2026-07-04T10:01:29.446733,2026-07-04T10:01:29.458576+00:00,144.5,50,bid,FlawlessFlatbreads,DiligentDonuts,6858243
2026-07-04T10:01:31.492238,2026-07-04T10:01:31.502094+00:00,144.4,11,ask,EarnestEspressos,Xuanyu Liu,6858272
2026-07-04T10:01:31.554881,2026-07-04T10:01:31.566353+00:00,144.5,50,bid,FlawlessFlatbreads,DiligentDonuts,6858274
2026-07-04T10:01:31.682952,2026-07-04T10:01:31.690415+00:00,144.4,20,ask,EarnestEspressos,Yashwanth Madan,6858279
2026-07-04T10:01:35.329662,2026-07-04T10:01:35.341480+00:00,144.4,47,ask,DiligentDonuts,CostlyCorianders,6858326
2026-07-04T10:01:36.407171,2026-07-04T10:01:36.418769+00:00,144.8,41,bid,CostlyCorianders,EarnestEspressos,6858337
2026-07-04T10:01:37.205198,2026-07-04T10:01:37.213554+00:00,144.4,12,ask,DiligentDonuts,Xuanyu Liu,6858349
2026-07-04T10:01:37.900045,2026-07-04T10:01:37.911952+00:00,144.8,50,bid,FlawlessFlatbreads,EarnestEspressos,6858357
2026-07-04T10:01:40.008305,2026-07-04T10:01:40.020299+00:00,144.5,50,bid,FlawlessFlatbreads,DiligentDonuts,6858375
2026-07-04T10:01:40.962634,2026-07-04T10:01:40.972577+00:00,144.5,50,bid,EarnestEspressos,DiligentDonuts,6858382
2026-07-04T10:01:41.027728,2026-07-04T10:01:41.035837+00:00,144.5,11,ask,EarnestEspressos,Xuanyu Liu,6858383
2026-07-04T10:01:41.071411,2026-07-04T10:01:41.079654+00:00,144.5,46,ask,EarnestEspressos,CostlyCorianders,6858385
2026-07-04T10:01:41.630038,2026-07-04T10:01:41.641573+00:00,144.8,47,bid,CostlyCorianders,DiligentDonuts,6858389
2026-07-04T10:01:42.119678,2026-07-04T10:01:42.132222+00:00,144.8,50,bid,FlawlessFlatbreads,DiligentDonuts,6858399
2026-07-04T10:01:44.557281,2026-07-04T10:01:44.569154+00:00,144.5,100,bid,DiligentDonuts,EarnestEspressos,6858427
2026-07-04T10:01:46.458986,2026-07-04T10:01:46.470084+00:00,144.5,42,bid,CostlyCorianders,EarnestEspressos,6858447
2026-07-04T10:01:47.297804,2026-07-04T10:01:47.307577+00:00,144.8,3,ask,EarnestEspressos,Xuanyu Liu,6858460
2026-07-04T10:01:49.065179,2026-07-04T10:01:49.072249+00:00,144.8,49,ask,EarnestEspressos,CostlyCorianders,6858489
2026-07-04T10:01:49.550308,2026-07-04T10:01:49.558568+00:00,144.8,48,ask,EarnestEspressos,CostlyCorianders,6858496
2026-07-04T10:01:50.538841,2026-07-04T10:01:50.550559+00:00,145.0,50,bid,FlawlessFlatbreads,DiligentDonuts,6858513
2026-07-04T10:01:52.647607,2026-07-04T10:01:52.653930+00:00,145.0,50,bid,FlawlessFlatbreads,EarnestEspressos,6858548
2026-07-04T10:01:53.239998,2026-07-04T10:01:53.251609+00:00,145.0,48,bid,CostlyCorianders,EarnestEspressos,6858558
2026-07-04T10:01:55.334729,2026-07-04T10:01:55.346570+00:00,144.8,43,ask,EarnestEspressos,CostlyCorianders,6858577
2026-07-04T10:01:56.861264,2026-07-04T10:01:56.869297+00:00,145.1,10,bid,FlawlessFlatbreads,Yashwanth Madan,6858595
2026-07-04T10:01:56.861264,2026-07-04T10:01:56.874537+00:00,145.2,40,bid,FlawlessFlatbreads,DiligentDonuts,6858596
2026-07-04T10:01:58.973014,2026-07-04T10:01:58.984873+00:00,145.2,50,bid,FlawlessFlatbreads,EarnestEspressos,6858632
2026-07-04T10:01:59.961904,2026-07-04T10:01:59.973619+00:00,144.9,40,ask,EarnestEspressos,CostlyCorianders,6858642
2026-07-04T10:02:01.045798,2026-07-04T10:02:01.063630+00:00,145.3,42,bid,CostlyCorianders,DiligentDonuts,6858667
2026-07-04T10:02:01.080145,2026-07-04T10:02:01.091835+00:00,145.3,50,bid,FlawlessFlatbreads,DiligentDonuts,6858668
2026-07-04T10:02:01.101308,2026-07-04T10:02:01.117440+00:00,144.9,48,ask,EarnestEspressos,CostlyCorianders,6858671
2026-07-04T10:02:02.087096,2026-07-04T10:02:02.096383+00:00,144.9,3,ask,EarnestEspressos,Xuanyu Liu,6858692
2026-07-04T10:02:02.181897,2026-07-04T10:02:02.189661+00:00,144.9,43,ask,EarnestEspressos,CostlyCorianders,6858694
2026-07-04T10:02:02.681253,2026-07-04T10:02:02.690993+00:00,145.3,8,bid,CostlyCorianders,DiligentDonuts,6858699
2026-07-04T10:02:02.681253,2026-07-04T10:02:02.690993+00:00,145.4,39,bid,CostlyCorianders,EarnestEspressos,6858700
2026-07-04T10:02:03.166861,2026-07-04T10:02:03.174850+00:00,144.8,100,ask,DiligentDonuts,EarnestEspressos,6858705
2026-07-04T10:02:03.181163,2026-07-04T10:02:03.189660+00:00,144.7,3,bid,Xuanyu Liu,EarnestEspressos,6858706
2026-07-04T10:02:03.188936,2026-07-04T10:02:03.204857+00:00,144.7,47,bid,FlawlessFlatbreads,EarnestEspressos,6858708
2026-07-04T10:02:03.188936,2026-07-04T10:02:03.204857+00:00,145.2,3,bid,FlawlessFlatbreads,Yashwanth Madan,6858709
2026-07-04T10:02:03.257845,2026-07-04T10:02:03.269517+00:00,145.2,7,bid,CostlyCorianders,Yashwanth Madan,6858711
2026-07-04T10:02:03.892810,2026-07-04T10:02:03.900944+00:00,144.6,42,ask,DiligentDonuts,CostlyCorianders,6858722
2026-07-04T10:02:05.305979,2026-07-04T10:02:05.317660+00:00,145.1,50,bid,FlawlessFlatbreads,DiligentDonuts,6858738
2026-07-04T10:02:07.412035,2026-07-04T10:02:07.419017+00:00,144.8,10,bid,FlawlessFlatbreads,Yashwanth Madan,6858761
2026-07-04T10:02:07.412035,2026-07-04T10:02:07.424395+00:00,144.9,40,bid,FlawlessFlatbreads,DiligentDonuts,6858762
2026-07-04T10:02:09.519761,2026-07-04T10:02:09.531307+00:00,144.9,50,bid,FlawlessFlatbreads,DiligentDonuts,6858794
2026-07-04T10:02:09.790357,2026-07-04T10:02:09.802264+00:00,144.9,10,bid,CostlyCorianders,DiligentDonuts,6858800
2026-07-04T10:02:09.790357,2026-07-04T10:02:09.802264+00:00,145.1,37,bid,CostlyCorianders,EarnestEspressos,6858801
2026-07-04T10:02:09.868205,2026-07-04T10:02:09.877814+00:00,144.7,3,ask,DiligentDonuts,Xuanyu Liu,6858803
2026-07-04T10:02:10.440470,2026-07-04T10:02:10.458613+00:00,144.7,25,ask,DiligentDonuts,Alan Tran,6858813
2026-07-04T10:02:10.883961,2026-07-04T10:02:10.895352+00:00,145.0,10,bid,CostlyCorianders,Yashwanth Madan,6858818
2026-07-04T10:02:11.298845,2026-07-04T10:02:11.308714+00:00,144.7,72,ask,DiligentDonuts,Chester Au,6858831
2026-07-04T10:02:11.329010,2026-07-04T10:02:11.339006+00:00,144.6,128,ask,EarnestEspressos,Chester Au,6858834
2026-07-04T10:02:11.626320,2026-07-04T10:02:11.637346+00:00,145.1,50,bid,FlawlessFlatbreads,EarnestEspressos,6858843
2026-07-04T10:02:11.912201,2026-07-04T10:02:11.924187+00:00,144.6,22,ask,EarnestEspressos,Yinxuan Li,6858849
2026-07-04T10:02:12.805164,2026-07-04T10:02:12.815956+00:00,144.7,20,bid,Yashwanth Madan,EarnestEspressos,6858865
2026-07-04T10:02:12.838712,2026-07-04T10:02:12.847142+00:00,144.2,20,ask,EarnestEspressos,Yashwanth Madan,6858868
2026-07-04T10:02:13.203001,2026-07-04T10:02:13.214698+00:00,144.4,46,bid,CostlyCorianders,DiligentDonuts,6858870
2026-07-04T10:02:13.732784,2026-07-04T10:02:13.743739+00:00,144.4,50,bid,FlawlessFlatbreads,DiligentDonuts,6858874
2026-07-04T10:02:14.101483,2026-07-04T10:02:14.113261+00:00,144.4,4,bid,Yashwanth Madan,DiligentDonuts,6858881
2026-07-04T10:02:16.178047,2026-07-04T10:02:16.185442+00:00,144.5,10,bid,DiligentDonuts,Yashwanth Madan,6858905
2026-07-04T10:02:17.805780,2026-07-04T10:02:17.817660+00:00,144.5,41,ask,DiligentDonuts,CostlyCorianders,6858940
2026-07-04T10:02:17.991877,2026-07-04T10:02:18.003451+00:00,144.5,49,ask,DiligentDonuts,FlawlessFlatbreads,6858944
2026-07-04T10:02:18.430683,2026-07-04T10:02:18.442220+00:00,144.5,10,bid,CostlyCorianders,Yashwanth Madan,6858947
2026-07-04T10:02:20.059186,2026-07-04T10:02:20.068979+00:00,144.6,5,bid,FlawlessFlatbreads,Yashwanth Madan,6858976
2026-07-04T10:02:20.059186,2026-07-04T10:02:20.068979+00:00,144.7,45,bid,FlawlessFlatbreads,EarnestEspressos,6858977
2026-07-04T10:02:22.104358,2026-07-04T10:02:22.115922+00:00,144.3,46,ask,DiligentDonuts,CostlyCorianders,6859004
2026-07-04T10:02:22.525623,2026-07-04T10:02:22.529564+00:00,144.5,11,ask,EarnestEspressos,Xuanyu Liu,6859009
2026-07-04T10:02:23.150438,2026-07-04T10:02:23.156762+00:00,144.6,49,bid,CostlyCorianders,DiligentDonuts,6859018
2026-07-04T10:02:24.323185,2026-07-04T10:02:24.332973+00:00,144.5,50,ask,EarnestEspressos,FlawlessFlatbreads,6859042
2026-07-04T10:02:24.438522,2026-07-04T10:02:24.447251+00:00,144.5,12,ask,EarnestEspressos,Xuanyu Liu,6859049
2026-07-04T10:02:24.524400,2026-07-04T10:02:24.536084+00:00,144.5,20,ask,EarnestEspressos,Yashwanth Madan,6859052
2026-07-04T10:02:24.914326,2026-07-04T10:02:24.925162+00:00,144.5,20,ask,EarnestEspressos,Yashwanth Madan,6859056
2026-07-04T10:02:25.206393,2026-07-04T10:02:25.217940+00:00,144.5,10,ask,EarnestEspressos,Yashwanth Madan,6859062
2026-07-04T10:02:25.346956,2026-07-04T10:02:25.358172+00:00,144.2,12,bid,Xuanyu Liu,EarnestEspressos,6859067
2026-07-04T10:02:25.487520,2026-07-04T10:02:25.499211+00:00,144.2,20,bid,Yashwanth Madan,EarnestEspressos,6859074
2026-07-04T10:02:25.634432,2026-07-04T10:02:25.645164+00:00,143.7,46,ask,EarnestEspressos,CostlyCorianders,6859083
2026-07-04T10:02:25.744446,2026-07-04T10:02:25.752338+00:00,144.2,14,bid,Xuanyu Liu,EarnestEspressos,6859085
2026-07-04T10:02:25.780871,2026-07-04T10:02:25.789468+00:00,144.2,20,bid,Yashwanth Madan,EarnestEspressos,6859087
2026-07-04T10:02:26.072235,2026-07-04T10:02:26.084159+00:00,144.2,20,bid,Yashwanth Madan,EarnestEspressos,6859089
2026-07-04T10:02:26.356175,2026-07-04T10:02:26.365189+00:00,144.2,20,bid,Yashwanth Madan,EarnestEspressos,6859094
2026-07-04T10:02:26.378353,2026-07-04T10:02:26.386878+00:00,144.2,44,bid,FlawlessFlatbreads,EarnestEspressos,6859096
2026-07-04T10:02:26.378353,2026-07-04T10:02:26.386878+00:00,144.5,6,bid,FlawlessFlatbreads,DiligentDonuts,6859097
2026-07-04T10:02:27.364892,2026-07-04T10:02:27.375220+00:00,144.5,47,bid,CostlyCorianders,DiligentDonuts,6859105
2026-07-04T10:02:28.381518,2026-07-04T10:02:28.388700+00:00,144.5,46,bid,CostlyCorianders,DiligentDonuts,6859121
2026-07-04T10:02:28.484536,2026-07-04T10:02:28.496186+00:00,144.5,1,bid,FlawlessFlatbreads,DiligentDonuts,6859125
2026-07-04T10:02:28.484536,2026-07-04T10:02:28.496186+00:00,144.5,10,bid,FlawlessFlatbreads,Yashwanth Madan,6859126
2026-07-04T10:02:28.842408,2026-07-04T10:02:28.853425+00:00,144.5,3,ask,DiligentDonuts,Xuanyu Liu,6859134
2026-07-04T10:02:28.947441,2026-07-04T10:02:28.956926+00:00,144.5,47,ask,DiligentDonuts,CostlyCorianders,6859138
2026-07-04T10:02:30.465021,2026-07-04T10:02:30.476794+00:00,144.5,25,ask,DiligentDonuts,Alan Tran,6859159
2026-07-04T10:02:30.619345,2026-07-04T10:02:30.626308+00:00,144.8,50,bid,FlawlessFlatbreads,EarnestEspressos,6859162
2026-07-04T10:02:32.325499,2026-07-04T10:02:32.334615+00:00,144.5,23,ask,EarnestEspressos,Xuanyu Liu,6859187
2026-07-04T10:02:32.646110,2026-07-04T10:02:32.653753+00:00,144.5,20,ask,EarnestEspressos,Yashwanth Madan,6859195
2026-07-04T10:02:32.726329,2026-07-04T10:02:32.737838+00:00,144.8,50,bid,FlawlessFlatbreads,DiligentDonuts,6859202
2026-07-04T10:02:32.939210,2026-07-04T10:02:32.950729+00:00,144.5,20,ask,EarnestEspressos,Yashwanth Madan,6859205
2026-07-04T10:02:33.308144,2026-07-04T10:02:33.315888+00:00,144.5,20,ask,EarnestEspressos,Yashwanth Madan,6859214
2026-07-04T10:02:33.600409,2026-07-04T10:02:33.611947+00:00,144.5,10,ask,EarnestEspressos,Yashwanth Madan,6859220
2026-07-04T10:02:33.893212,2026-07-04T10:02:33.905155+00:00,144.5,10,ask,EarnestEspressos,Yashwanth Madan,6859224
2026-07-04T10:02:34.184994,2026-07-04T10:02:34.196689+00:00,144.5,10,ask,EarnestEspressos,Yashwanth Madan,6859227
2026-07-04T10:02:34.479227,2026-07-04T10:02:34.490838+00:00,144.5,10,ask,EarnestEspressos,Yashwanth Madan,6859230
2026-07-04T10:02:34.843638,2026-07-04T10:02:34.850292+00:00,144.8,50,bid,FlawlessFlatbreads,DiligentDonuts,6859241
2026-07-04T10:02:34.853591,2026-07-04T10:02:34.860714+00:00,144.3,100,ask,DiligentDonuts,EarnestEspressos,6859242
2026-07-04T10:02:35.855752,2026-07-04T10:02:35.870016+00:00,144.1,48,ask,DiligentDonuts,CostlyCorianders,6859254
2026-07-04T10:02:35.860764,2026-07-04T10:02:35.870016+00:00,144.3,12,bid,Xuanyu Liu,EarnestEspressos,6859255
2026-07-04T10:02:36.113755,2026-07-04T10:02:36.125212+00:00,144.3,20,bid,Yashwanth Madan,EarnestEspressos,6859259
2026-07-04T10:02:36.449093,2026-07-04T10:02:36.452826+00:00,144.1,43,ask,DiligentDonuts,CostlyCorianders,6859268
2026-07-04T10:02:37.029828,2026-07-04T10:02:37.037352+00:00,144.1,9,ask,DiligentDonuts,FlawlessFlatbreads,6859272
2026-07-04T10:02:37.029828,2026-07-04T10:02:37.042687+00:00,143.8,41,ask,EarnestEspressos,FlawlessFlatbreads,6859273
2026-07-04T10:02:38.875166,2026-07-04T10:02:38.883695+00:00,144.1,11,bid,Xuanyu Liu,DiligentDonuts,6859297
2026-07-04T10:02:39.082001,2026-07-04T10:02:39.093700+00:00,144.1,20,bid,Yashwanth Madan,DiligentDonuts,6859300
2026-07-04T10:02:39.137677,2026-07-04T10:02:39.149176+00:00,144.0,50,ask,EarnestEspressos,FlawlessFlatbreads,6859302
2026-07-04T10:02:39.361323,2026-07-04T10:02:39.373074+00:00,144.1,20,bid,Yashwanth Madan,DiligentDonuts,6859304
2026-07-04T10:02:39.640166,2026-07-04T10:02:39.651716+00:00,144.1,20,bid,Yashwanth Madan,DiligentDonuts,6859310
2026-07-04T10:02:39.926780,2026-07-04T10:02:39.934500+00:00,144.1,20,bid,Yashwanth Madan,DiligentDonuts,6859313
2026-07-04T10:02:41.244542,2026-07-04T10:02:41.251230+00:00,143.8,50,ask,EarnestEspressos,FlawlessFlatbreads,6859333
2026-07-04T10:02:43.356039,2026-07-04T10:02:43.358678+00:00,143.9,50,ask,DiligentDonuts,FlawlessFlatbreads,6859373
2026-07-04T10:02:45.461969,2026-07-04T10:02:45.473920+00:00,144.0,50,ask,DiligentDonuts,FlawlessFlatbreads,6859393
2026-07-04T10:02:47.572464,2026-07-04T10:02:47.589501+00:00,144.0,50,ask,DiligentDonuts,FlawlessFlatbreads,6859423
2026-07-04T10:02:47.671186,2026-07-04T10:02:47.683037+00:00,144.4,44,bid,CostlyCorianders,EarnestEspressos,6859424
2026-07-04T10:02:48.065917,2026-07-04T10:02:48.074608+00:00,144.2,3,bid,Xuanyu Liu,DiligentDonuts,6859430
2026-07-04T10:02:48.104213,2026-07-04T10:02:48.116072+00:00,144.2,20,bid,Yashwanth Madan,DiligentDonuts,6859432
2026-07-04T10:02:48.310075,2026-07-04T10:02:48.321814+00:00,144.2,45,bid,CostlyCorianders,DiligentDonuts,6859436
2026-07-04T10:02:48.384110,2026-07-04T10:02:48.391421+00:00,144.2,4,bid,Yashwanth Madan,DiligentDonuts,6859437
2026-07-04T10:02:49.680587,2026-07-04T10:02:49.689723+00:00,144.0,10,ask,Yashwanth Madan,FlawlessFlatbreads,6859453
2026-07-04T10:02:49.680587,2026-07-04T10:02:49.689723+00:00,143.9,40,ask,EarnestEspressos,FlawlessFlatbreads,6859454
2026-07-04T10:02:50.046535,2026-07-04T10:02:50.053652+00:00,144.2,28,bid,CostlyCorianders,DiligentDonuts,6859461
2026-07-04T10:02:50.046535,2026-07-04T10:02:50.053652+00:00,144.4,17,bid,CostlyCorianders,EarnestEspressos,6859462
2026-07-04T10:02:51.788209,2026-07-04T10:02:51.799658+00:00,144.1,50,ask,EarnestEspressos,FlawlessFlatbreads,6859489
2026-07-04T10:02:52.628212,2026-07-04T10:02:52.639943+00:00,144.1,47,ask,EarnestEspressos,CostlyCorianders,6859501
2026-07-04T10:02:53.109039,2026-07-04T10:02:53.120630+00:00,144.5,47,bid,CostlyCorianders,EarnestEspressos,6859503
2026-07-04T10:02:53.894600,2026-07-04T10:02:53.906245+00:00,144.1,50,ask,DiligentDonuts,FlawlessFlatbreads,6859522
2026-07-04T10:02:54.605821,2026-07-04T10:02:54.627958+00:00,143.9,10,ask,Yashwanth Madan,CostlyCorianders,6859536
2026-07-04T10:02:54.605821,2026-07-04T10:02:54.627958+00:00,143.8,36,ask,DiligentDonuts,CostlyCorianders,6859537
2026-07-04T10:02:55.504170,2026-07-04T10:02:55.515151+00:00,144.2,25,bid,Alan Tran,EarnestEspressos,6859551
2026-07-04T10:02:55.950536,2026-07-04T10:02:55.956815+00:00,144.2,50,bid,FlawlessFlatbreads,EarnestEspressos,6859562
2026-07-04T10:02:56.941190,2026-07-04T10:02:56.958599+00:00,144.3,100,bid,EarnestEspressos,DiligentDonuts,6859573
2026-07-04T10:02:57.049419,2026-07-04T10:02:57.057102+00:00,144.3,20,ask,EarnestEspressos,Yashwanth Madan,6859579
2026-07-04T10:02:58.107730,2026-07-04T10:02:58.119674+00:00,144.3,30,ask,EarnestEspressos,FlawlessFlatbreads,6859585
2026-07-04T10:02:58.107730,2026-07-04T10:02:58.119674+00:00,144.2,20,ask,DiligentDonuts,FlawlessFlatbreads,6859586
2026-07-04T10:03:00.165915,2026-07-04T10:03:00.177717+00:00,144.7,50,bid,FlawlessFlatbreads,DiligentDonuts,6859620
2026-07-04T10:03:00.170162,2026-07-04T10:03:00.177717+00:00,144.2,80,ask,DiligentDonuts,EarnestEspressos,6859621
2026-07-04T10:03:00.520817,2026-07-04T10:03:00.532192+00:00,144.2,25,bid,Alan Tran,EarnestEspressos,6859627
2026-07-04T10:03:01.175123,2026-07-04T10:03:01.182010+00:00,144.2,45,bid,Chester Au,EarnestEspressos,6859641
2026-07-04T10:03:02.272876,2026-07-04T10:03:02.282076+00:00,144.6,50,bid,FlawlessFlatbreads,DiligentDonuts,6859663
2026-07-04T10:03:03.519268,2026-07-04T10:03:03.530867+00:00,144.1,43,ask,DiligentDonuts,CostlyCorianders,6859678
2026-07-04T10:03:04.378962,2026-07-04T10:03:04.389777+00:00,144.4,50,bid,FlawlessFlatbreads,DiligentDonuts,6859691
2026-07-04T10:03:04.573288,2026-07-04T10:03:04.585039+00:00,144.4,40,bid,CostlyCorianders,DiligentDonuts,6859695
2026-07-04T10:03:06.484697,2026-07-04T10:03:06.496599+00:00,144.4,10,bid,FlawlessFlatbreads,DiligentDonuts,6859716
2026-07-04T10:03:06.554041,2026-07-04T10:03:06.561839+00:00,144.0,42,ask,EarnestEspressos,CostlyCorianders,6859717
2026-07-04T10:03:08.555731,2026-07-04T10:03:08.567361+00:00,144.2,48,ask,DiligentDonuts,CostlyCorianders,6859748
2026-07-04T10:03:09.812163,2026-07-04T10:03:09.820686+00:00,144.4,46,bid,CostlyCorianders,EarnestEspressos,6859767
2026-07-04T10:03:10.697188,2026-07-04T10:03:10.705919+00:00,144.4,50,bid,FlawlessFlatbreads,EarnestEspressos,6859788
2026-07-04T10:03:12.855554,2026-07-04T10:03:12.867125+00:00,144.4,50,ask,EarnestEspressos,FlawlessFlatbreads,6859815
2026-07-04T10:03:12.959377,2026-07-04T10:03:12.968225+00:00,144.4,3,ask,EarnestEspressos,Xuanyu Liu,6859820
2026-07-04T10:03:14.962456,2026-07-04T10:03:14.969884+00:00,144.4,50,ask,EarnestEspressos,FlawlessFlatbreads,6859843
2026-07-04T10:03:15.270228,2026-07-04T10:03:15.282088+00:00,144.4,47,ask,EarnestEspressos,CostlyCorianders,6859849
2026-07-04T10:03:16.279004,2026-07-04T10:03:16.286415+00:00,144.2,45,bid,CostlyCorianders,EarnestEspressos,6859862
2026-07-04T10:03:17.069761,2026-07-04T10:03:17.078838+00:00,143.8,50,ask,DiligentDonuts,FlawlessFlatbreads,6859874
2026-07-04T10:03:19.176677,2026-07-04T10:03:19.188695+00:00,143.8,50,ask,DiligentDonuts,FlawlessFlatbreads,6859895
2026-07-04T10:03:19.431489,2026-07-04T10:03:19.458746+00:00,144.2,48,bid,CostlyCorianders,EarnestEspressos,6859896
2026-07-04T10:03:20.528193,2026-07-04T10:03:20.539379+00:00,144.1,42,bid,CostlyCorianders,DiligentDonuts,6859905
2026-07-04T10:03:20.737092,2026-07-04T10:03:20.747395+00:00,144.1,3,bid,Xuanyu Liu,DiligentDonuts,6859909
2026-07-04T10:03:21.288554,2026-07-04T10:03:21.300117+00:00,143.7,50,ask,EarnestEspressos,FlawlessFlatbreads,6859923
2026-07-04T10:03:23.396452,2026-07-04T10:03:23.403549+00:00,143.8,50,ask,DiligentDonuts,FlawlessFlatbreads,6859948
2026-07-04T10:03:25.417305,2026-07-04T10:03:25.428898+00:00,143.8,48,ask,DiligentDonuts,CostlyCorianders,6859972
2026-07-04T10:03:25.515136,2026-07-04T10:03:25.523021+00:00,143.9,50,ask,EarnestEspressos,FlawlessFlatbreads,6859974
2026-07-04T10:03:27.621692,2026-07-04T10:03:27.633176+00:00,144.0,10,ask,Yashwanth Madan,FlawlessFlatbreads,6860011
2026-07-04T10:03:27.621692,2026-07-04T10:03:27.633176+00:00,143.9,40,ask,EarnestEspressos,FlawlessFlatbreads,6860012
2026-07-04T10:03:27.997931,2026-07-04T10:03:28.009656+00:00,144.0,10,ask,Yashwanth Madan,CostlyCorianders,6860017
2026-07-04T10:03:27.997931,2026-07-04T10:03:28.009656+00:00,143.9,35,ask,EarnestEspressos,CostlyCorianders,6860018
2026-07-04T10:03:28.648309,2026-07-04T10:03:28.659807+00:00,144.0,10,ask,Yashwanth Madan,EarnestEspressos,6860032
2026-07-04T10:03:28.659666,2026-07-04T10:03:28.669562+00:00,143.9,140,bid,Chester Au,EarnestEspressos,6860033
2026-07-04T10:03:30.198324,2026-07-04T10:03:30.209705+00:00,144.1,45,bid,CostlyCorianders,DiligentDonuts,6860057
2026-07-04T10:03:31.840106,2026-07-04T10:03:31.851763+00:00,143.9,10,ask,Yashwanth Madan,FlawlessFlatbreads,6860089
2026-07-04T10:03:31.840106,2026-07-04T10:03:31.851763+00:00,143.9,40,ask,EarnestEspressos,FlawlessFlatbreads,6860090
2026-07-04T10:03:33.896390,2026-07-04T10:03:33.907843+00:00,144.2,50,bid,FlawlessFlatbreads,DiligentDonuts,6860127
2026-07-04T10:03:35.903247,2026-07-04T10:03:35.913488+00:00,144.0,42,ask,DiligentDonuts,CostlyCorianders,6860152
2026-07-04T10:03:36.006197,2026-07-04T10:03:36.018875+00:00,144.4,50,bid,FlawlessFlatbreads,EarnestEspressos,6860155
2026-07-04T10:03:38.191412,2026-07-04T10:03:38.203938+00:00,144.2,50,ask,EarnestEspressos,FlawlessFlatbreads,6860179
2026-07-04T10:03:39.013458,2026-07-04T10:03:39.024173+00:00,144.5,40,bid,CostlyCorianders,DiligentDonuts,6860189
2026-07-04T10:03:40.247025,2026-07-04T10:03:40.258574+00:00,144.5,50,bid,FlawlessFlatbreads,DiligentDonuts,6860206
2026-07-04T10:03:42.405092,2026-07-04T10:03:42.411827+00:00,144.0,50,ask,DiligentDonuts,FlawlessFlatbreads,6860230
2026-07-04T10:03:43.107292,2026-07-04T10:03:43.119159+00:00,144.0,46,ask,DiligentDonuts,CostlyCorianders,6860242
2026-07-04T10:03:43.647229,2026-07-04T10:03:43.659118+00:00,144.3,46,bid,CostlyCorianders,EarnestEspressos,6860244
2026-07-04T10:03:44.414472,2026-07-04T10:03:44.426405+00:00,144.5,100,bid,EarnestEspressos,DiligentDonuts,6860260
2026-07-04T10:03:44.510324,2026-07-04T10:03:44.522090+00:00,144.5,50,ask,EarnestEspressos,FlawlessFlatbreads,6860261
2026-07-04T10:03:45.390145,2026-07-04T10:03:45.397453+00:00,144.4,44,ask,DiligentDonuts,CostlyCorianders,6860268
2026-07-04T10:03:45.891280,2026-07-04T10:03:45.902968+00:00,144.9,40,bid,CostlyCorianders,DiligentDonuts,6860277
2026-07-04T10:03:46.542672,2026-07-04T10:03:46.554279+00:00,144.4,43,ask,DiligentDonuts,CostlyCorianders,6860281
2026-07-04T10:03:46.617868,2026-07-04T10:03:46.638012+00:00,144.4,13,ask,DiligentDonuts,FlawlessFlatbreads,6860282
2026-07-04T10:03:47.645378,2026-07-04T10:03:47.653267+00:00,144.0,15,bid,Chester Au,EarnestEspressos,6860298
2026-07-04T10:03:47.883142,2026-07-04T10:03:47.890929+00:00,144.0,3,bid,Xuanyu Liu,EarnestEspressos,6860301
2026-07-04T10:03:48.726736,2026-07-04T10:03:48.738004+00:00,143.9,50,ask,DiligentDonuts,FlawlessFlatbreads,6860314
2026-07-04T10:03:49.721014,2026-07-04T10:03:49.729584+00:00,144.0,23,bid,Xuanyu Liu,EarnestEspressos,6860330
2026-07-04T10:03:49.958665,2026-07-04T10:03:49.970394+00:00,144.0,2,bid,Yashwanth Madan,EarnestEspressos,6860333
2026-07-04T10:03:50.782807,2026-07-04T10:03:50.794524+00:00,144.4,50,bid,FlawlessFlatbreads,DiligentDonuts,6860346
2026-07-04T10:03:51.073601,2026-07-04T10:03:51.081847+00:00,144.2,26,ask,DiligentDonuts,Xuanyu Liu,6860351
2026-07-04T10:03:51.200718,2026-07-04T10:03:51.212309+00:00,144.2,20,ask,DiligentDonuts,Yashwanth Madan,6860353
2026-07-04T10:03:51.562101,2026-07-04T10:03:51.574771+00:00,144.2,20,ask,DiligentDonuts,Yashwanth Madan,6860363
2026-07-04T10:03:51.839989,2026-07-04T10:03:51.854123+00:00,144.2,2,ask,DiligentDonuts,Yashwanth Madan,6860368
2026-07-04T10:03:52.559796,2026-07-04T10:03:52.571711+00:00,144.4,48,bid,CostlyCorianders,EarnestEspressos,6860383
2026-07-04T10:03:52.942198,2026-07-04T10:03:52.958869+00:00,144.2,32,ask,DiligentDonuts,FlawlessFlatbreads,6860388
2026-07-04T10:03:52.942198,2026-07-04T10:03:52.958869+00:00,144.2,10,ask,Yashwanth Madan,FlawlessFlatbreads,6860389
2026-07-04T10:03:52.942198,2026-07-04T10:03:52.963872+00:00,143.9,8,ask,EarnestEspressos,FlawlessFlatbreads,6860390
2026-07-04T10:03:53.883459,2026-07-04T10:03:53.894446+00:00,144.2,10,ask,Yashwanth Madan,CostlyCorianders,6860406
2026-07-04T10:03:54.248422,2026-07-04T10:03:54.254875+00:00,144.6,5,bid,Yashwanth Madan,EarnestEspressos,6860414
2026-07-04T10:03:55.000932,2026-07-04T10:03:55.013110+00:00,144.5,50,bid,FlawlessFlatbreads,DiligentDonuts,6860423
2026-07-04T10:03:55.380779,2026-07-04T10:03:55.392663+00:00,144.3,10,ask,Yashwanth Madan,CostlyCorianders,6860431
2026-07-04T10:03:55.760525,2026-07-04T10:03:55.769301+00:00,144.5,5,bid,Yashwanth Madan,DiligentDonuts,6860438
2026-07-04T10:03:57.108163,2026-07-04T10:03:57.120028+00:00,144.5,45,bid,FlawlessFlatbreads,DiligentDonuts,6860455
2026-07-04T10:03:59.219785,2026-07-04T10:03:59.227396+00:00,144.5,50,bid,FlawlessFlatbreads,EarnestEspressos,6860496
2026-07-04T10:04:01.344038,2026-07-04T10:04:01.358563+00:00,144.8,50,bid,FlawlessFlatbreads,DiligentDonuts,6860524
2026-07-04T10:04:03.451560,2026-07-04T10:04:03.463731+00:00,144.8,50,bid,FlawlessFlatbreads,DiligentDonuts,6860551
2026-07-04T10:04:03.929672,2026-07-04T10:04:03.939042+00:00,144.5,46,ask,DiligentDonuts,CostlyCorianders,6860559
2026-07-04T10:04:05.563105,2026-07-04T10:04:05.574863+00:00,144.8,43,bid,CostlyCorianders,EarnestEspressos,6860585
2026-07-04T10:04:07.630784,2026-07-04T10:04:07.641575+00:00,145.0,47,bid,CostlyCorianders,DiligentDonuts,6860623
2026-07-04T10:04:07.660723,2026-07-04T10:04:07.669169+00:00,145.0,50,bid,FlawlessFlatbreads,DiligentDonuts,6860624
2026-07-04T10:04:09.818843,2026-07-04T10:04:09.831065+00:00,144.6,50,ask,EarnestEspressos,FlawlessFlatbreads,6860645
2026-07-04T10:04:11.927103,2026-07-04T10:04:11.969246+00:00,144.7,50,ask,DiligentDonuts,FlawlessFlatbreads,6860683
2026-07-04T10:04:14.034222,2026-07-04T10:04:14.045006+00:00,144.6,50,ask,DiligentDonuts,FlawlessFlatbreads,6860703
2026-07-04T10:04:14.217072,2026-07-04T10:04:14.228762+00:00,144.8,10,bid,CostlyCorianders,Yashwanth Madan,6860704
2026-07-04T10:04:14.217072,2026-07-04T10:04:14.228762+00:00,145.0,30,bid,CostlyCorianders,EarnestEspressos,6860705
2026-07-04T10:04:15.837740,2026-07-04T10:04:15.848248+00:00,144.6,45,ask,DiligentDonuts,CostlyCorianders,6860735
2026-07-04T10:04:16.140183,2026-07-04T10:04:16.148500+00:00,144.6,5,ask,DiligentDonuts,FlawlessFlatbreads,6860739
2026-07-04T10:04:16.140183,2026-07-04T10:04:16.148500+00:00,144.6,45,ask,EarnestEspressos,FlawlessFlatbreads,6860740
2026-07-04T10:04:18.253813,2026-07-04T10:04:18.265981+00:00,144.6,50,ask,EarnestEspressos,FlawlessFlatbreads,6860768
2026-07-04T10:04:18.376005,2026-07-04T10:04:18.385094+00:00,144.6,44,ask,EarnestEspressos,CostlyCorianders,6860770
2026-07-04T10:04:19.767784,2026-07-04T10:04:19.777920+00:00,144.4,42,bid,CostlyCorianders,EarnestEspressos,6860795
2026-07-04T10:04:20.360781,2026-07-04T10:04:20.372516+00:00,144.1,50,ask,DiligentDonuts,FlawlessFlatbreads,6860803
2026-07-04T10:04:22.579797,2026-07-04T10:04:22.591604+00:00,144.4,45,bid,CostlyCorianders,EarnestEspressos,6860854
2026-07-04T10:04:23.683709,2026-07-04T10:04:23.695181+00:00,144.4,42,bid,CostlyCorianders,EarnestEspressos,6860870
2026-07-04T10:04:25.558267,2026-07-04T10:04:25.570082+00:00,144.4,100,bid,EarnestEspressos,DiligentDonuts,6860908
2026-07-04T10:04:25.719249,2026-07-04T10:04:25.730940+00:00,144.4,43,ask,EarnestEspressos,CostlyCorianders,6860911
2026-07-04T10:04:26.624461,2026-07-04T10:04:26.639496+00:00,144.7,50,bid,FlawlessFlatbreads,DiligentDonuts,6860923
2026-07-04T10:04:28.730408,2026-07-04T10:04:28.739229+00:00,144.7,50,bid,FlawlessFlatbreads,DiligentDonuts,6860967
2026-07-04T10:04:28.780718,2026-07-04T10:04:28.801535+00:00,144.2,100,ask,DiligentDonuts,EarnestEspressos,6860970
2026-07-04T10:04:28.793328,2026-07-04T10:04:28.801535+00:00,144.1,3,bid,Xuanyu Liu,EarnestEspressos,6860971
2026-07-04T10:04:29.030250,2026-07-04T10:04:29.043034+00:00,144.1,43,bid,CostlyCorianders,EarnestEspressos,6860977
2026-07-04T10:04:29.060689,2026-07-04T10:04:29.068708+00:00,144.1,4,bid,Xuanyu Liu,EarnestEspressos,6860980
2026-07-04T10:04:30.469835,2026-07-04T10:04:30.478693+00:00,144.3,4,ask,Yashwanth Madan,Xuanyu Liu,6861000
2026-07-04T10:04:30.798226,2026-07-04T10:04:30.810023+00:00,144.5,4,bid,Yashwanth Madan,DiligentDonuts,6861006
2026-07-04T10:04:30.838289,2026-07-04T10:04:30.849659+00:00,144.5,50,bid,FlawlessFlatbreads,DiligentDonuts,6861007
2026-07-04T10:04:32.434629,2026-07-04T10:04:32.446303+00:00,144.3,10,ask,Yashwanth Madan,CostlyCorianders,6861027
2026-07-04T10:04:32.434629,2026-07-04T10:04:32.446303+00:00,144.3,31,ask,EarnestEspressos,CostlyCorianders,6861028
2026-07-04T10:04:33.495029,2026-07-04T10:04:33.503602+00:00,144.8,40,bid,CostlyCorianders,EarnestEspressos,6861051
2026-07-04T10:04:35.839034,2026-07-04T10:04:35.846694+00:00,144.5,3,ask,EarnestEspressos,Xuanyu Liu,6861093
2026-07-04T10:04:37.201016,2026-07-04T10:04:37.212983+00:00,144.5,50,ask,EarnestEspressos,FlawlessFlatbreads,6861110
2026-07-04T10:04:37.730961,2026-07-04T10:04:37.739765+00:00,144.5,43,ask,EarnestEspressos,CostlyCorianders,6861117
2026-07-04T10:04:39.307542,2026-07-04T10:04:39.319398+00:00,144.5,50,ask,DiligentDonuts,FlawlessFlatbreads,6861138
2026-07-04T10:04:41.415940,2026-07-04T10:04:41.427815+00:00,144.5,50,ask,DiligentDonuts,FlawlessFlatbreads,6861162
2026-07-04T10:04:43.221246,2026-07-04T10:04:43.232936+00:00,144.6,43,bid,CostlyCorianders,EarnestEspressos,6861197
2026-07-04T10:04:44.405909,2026-07-04T10:04:44.417646+00:00,144.2,44,ask,DiligentDonuts,CostlyCorianders,6861210
2026-07-04T10:04:46.916527,2026-07-04T10:04:46.927577+00:00,144.4,42,bid,CostlyCorianders,DiligentDonuts,6861241
2026-07-04T10:04:47.734224,2026-07-04T10:04:47.745824+00:00,144.2,50,ask,EarnestEspressos,FlawlessFlatbreads,6861259
2026-07-04T10:04:47.835695,2026-07-04T10:04:47.843146+00:00,144.2,44,ask,EarnestEspressos,CostlyCorianders,6861261
2026-07-04T10:04:49.790364,2026-07-04T10:04:49.802161+00:00,144.6,50,bid,FlawlessFlatbreads,DiligentDonuts,6861293
2026-07-04T10:04:50.918414,2026-07-04T10:04:50.929923+00:00,144.4,10,ask,Yashwanth Madan,EarnestEspressos,6861308
2026-07-04T10:04:50.931057,2026-07-04T10:04:50.939980+00:00,144.4,3,bid,Xuanyu Liu,EarnestEspressos,6861309
2026-07-04T10:04:51.218484,2026-07-04T10:04:51.225700+00:00,144.4,100,bid,DiligentDonuts,EarnestEspressos,6861314
2026-07-04T10:04:51.350668,2026-07-04T10:04:51.358965+00:00,144.4,11,bid,Xuanyu Liu,EarnestEspressos,6861319
2026-07-04T10:04:51.704361,2026-07-04T10:04:51.716147+00:00,144.4,4,bid,Yashwanth Madan,EarnestEspressos,6861328
2026-07-04T10:04:54.040649,2026-07-04T10:04:54.049883+00:00,144.6,14,ask,EarnestEspressos,Xuanyu Liu,6861365
2026-07-04T10:04:54.056457,2026-07-04T10:04:54.065148+00:00,144.6,50,ask,EarnestEspressos,FlawlessFlatbreads,6861367
2026-07-04T10:04:54.189188,2026-07-04T10:04:54.200845+00:00,144.6,20,ask,EarnestEspressos,Yashwanth Madan,6861368
2026-07-04T10:04:54.434184,2026-07-04T10:04:54.443825+00:00,144.6,66,ask,EarnestEspressos,DiligentDonuts,6861373
2026-07-04T10:04:54.605285,2026-07-04T10:04:54.612451+00:00,144.3,5,ask,Yashwanth Madan,CostlyCorianders,6861380
2026-07-04T10:04:56.140692,2026-07-04T10:04:56.158586+00:00,144.6,34,bid,CostlyCorianders,DiligentDonuts,6861400
2026-07-04T10:04:57.242255,2026-07-04T10:04:57.249873+00:00,144.3,10,ask,Yashwanth Madan,EarnestEspressos,6861420
2026-07-04T10:04:57.556602,2026-07-04T10:04:57.565175+00:00,144.3,100,bid,DiligentDonuts,EarnestEspressos,6861429
2026-07-04T10:04:57.647903,2026-07-04T10:04:57.654193+00:00,144.3,40,bid,CostlyCorianders,EarnestEspressos,6861433
2026-07-04T10:04:58.217010,2026-07-04T10:04:58.228486+00:00,144.8,50,bid,FlawlessFlatbreads,DiligentDonuts,6861442
2026-07-04T10:05:00.278138,2026-07-04T10:05:00.290013+00:00,144.2,5,ask,Yashwanth Madan,CostlyCorianders,6861464
2026-07-04T10:05:00.278138,2026-07-04T10:05:00.290013+00:00,143.8,37,ask,EarnestEspressos,CostlyCorianders,6861465
2026-07-04T10:05:00.378096,2026-07-04T10:05:00.387641+00:00,144.1,50,ask,EarnestEspressos,FlawlessFlatbreads,6861466
2026-07-04T10:05:01.819496,2026-07-04T10:05:01.826781+00:00,144.4,3,bid,Xuanyu Liu,DiligentDonuts,6861489
2026-07-04T10:05:02.426977,2026-07-04T10:05:02.439108+00:00,144.4,45,bid,CostlyCorianders,DiligentDonuts,6861500
2026-07-04T10:05:06.684442,2026-07-04T10:05:06.692432+00:00,144.4,43,ask,DiligentDonuts,CostlyCorianders,6861552
2026-07-04T10:05:06.728101,2026-07-04T10:05:06.739583+00:00,144.4,57,ask,DiligentDonuts,EarnestEspressos,6861553
2026-07-04T10:05:07.848439,2026-07-04T10:05:07.844585+00:00,144.0,43,ask,DiligentDonuts,CostlyCorianders,6861565
2026-07-04T10:05:08.749170,2026-07-04T10:05:08.768718+00:00,144.4,50,bid,FlawlessFlatbreads,EarnestEspressos,6861576
2026-07-04T10:05:10.990270,2026-07-04T10:05:10.999634+00:00,144.2,11,bid,Xuanyu Liu,DiligentDonuts,6861603
2026-07-04T10:05:13.001505,2026-07-04T10:05:13.013327+00:00,144.2,89,bid,EarnestEspressos,DiligentDonuts,6861625
2026-07-04T10:05:13.011654,2026-07-04T10:05:13.018507+00:00,144.2,50,ask,EarnestEspressos,FlawlessFlatbreads,6861626
2026-07-04T10:05:14.323741,2026-07-04T10:05:14.335767+00:00,144.6,46,bid,CostlyCorianders,DiligentDonuts,6861634
2026-07-04T10:05:15.118391,2026-07-04T10:05:15.127002+00:00,144.2,11,ask,EarnestEspressos,FlawlessFlatbreads,6861639
2026-07-04T10:05:15.956187,2026-07-04T10:05:15.963600+00:00,144.6,45,bid,CostlyCorianders,DiligentDonuts,6861653
2026-07-04T10:05:16.223041,2026-07-04T10:05:16.230366+00:00,144.3,12,bid,Xuanyu Liu,EarnestEspressos,6861662
2026-07-04T10:05:16.538234,2026-07-04T10:05:16.550177+00:00,144.3,100,bid,DiligentDonuts,EarnestEspressos,6861665
2026-07-04T10:05:17.173376,2026-07-04T10:05:17.185127+00:00,144.3,38,bid,FlawlessFlatbreads,EarnestEspressos,6861676
2026-07-04T10:05:17.173376,2026-07-04T10:05:17.185127+00:00,145.1,12,bid,FlawlessFlatbreads,DiligentDonuts,6861677
2026-07-04T10:05:17.540405,2026-07-04T10:05:17.552287+00:00,143.8,43,ask,EarnestEspressos,CostlyCorianders,6861681
2026-07-04T10:05:19.298874,2026-07-04T10:05:19.308888+00:00,145.0,10,bid,FlawlessFlatbreads,Yashwanth Madan,6861695
2026-07-04T10:05:19.298874,2026-07-04T10:05:19.308888+00:00,145.1,40,bid,FlawlessFlatbreads,DiligentDonuts,6861696
2026-07-04T10:05:19.626050,2026-07-04T10:05:19.636323+00:00,144.3,10,ask,Yashwanth Madan,Xuanyu Liu,6861705
2026-07-04T10:05:19.714443,2026-07-04T10:05:19.724656+00:00,144.3,2,ask,DiligentDonuts,Xuanyu Liu,6861708
2026-07-04T10:05:20.213451,2026-07-04T10:05:20.221054+00:00,144.3,48,ask,DiligentDonuts,CostlyCorianders,6861721
2026-07-04T10:05:21.408529,2026-07-04T10:05:21.420542+00:00,144.7,50,bid,FlawlessFlatbreads,EarnestEspressos,6861737
2026-07-04T10:05:22.770181,2026-07-04T10:05:22.779337+00:00,144.3,11,ask,DiligentDonuts,Xuanyu Liu,6861754
2026-07-04T10:05:23.518459,2026-07-04T10:05:23.528235+00:00,144.4,50,bid,FlawlessFlatbreads,DiligentDonuts,6861761
2026-07-04T10:05:24.112216,2026-07-04T10:05:24.123929+00:00,144.4,49,bid,CostlyCorianders,DiligentDonuts,6861768
2026-07-04T10:05:24.759994,2026-07-04T10:05:24.767290+00:00,144.3,3,ask,EarnestEspressos,Xuanyu Liu,6861775
2026-07-04T10:05:24.811830,2026-07-04T10:05:24.823452+00:00,144.3,20,ask,EarnestEspressos,Yashwanth Madan,6861777
2026-07-04T10:05:25.094198,2026-07-04T10:05:25.106312+00:00,144.3,20,ask,EarnestEspressos,Yashwanth Madan,6861781
2026-07-04T10:05:25.376533,2026-07-04T10:05:25.385000+00:00,144.4,1,bid,Yashwanth Madan,DiligentDonuts,6861786
2026-07-04T10:05:25.537646,2026-07-04T10:05:25.564082+00:00,144.3,44,ask,EarnestEspressos,CostlyCorianders,6861788
2026-07-04T10:05:25.855681,2026-07-04T10:05:25.859090+00:00,144.3,19,bid,Yashwanth Madan,EarnestEspressos,6861791
2026-07-04T10:05:27.762806,2026-07-04T10:05:27.774699+00:00,144.3,50,bid,FlawlessFlatbreads,EarnestEspressos,6861819
2026-07-04T10:05:27.826628,2026-07-04T10:05:27.858589+00:00,144.2,40,ask,DiligentDonuts,CostlyCorianders,6861824
2026-07-04T10:05:29.870512,2026-07-04T10:05:29.882406+00:00,144.5,50,bid,FlawlessFlatbreads,EarnestEspressos,6861852
2026-07-04T10:05:30.416511,2026-07-04T10:05:30.459152+00:00,144.5,45,bid,CostlyCorianders,EarnestEspressos,6861860
2026-07-04T10:05:31.482685,2026-07-04T10:05:31.494272+00:00,144.0,43,ask,EarnestEspressos,CostlyCorianders,6861872
2026-07-04T10:05:31.978326,2026-07-04T10:05:31.989830+00:00,144.5,50,bid,FlawlessFlatbreads,DiligentDonuts,6861875
2026-07-04T10:05:34.084068,2026-07-04T10:05:34.095646+00:00,144.5,50,bid,FlawlessFlatbreads,DiligentDonuts,6861904
2026-07-04T10:05:34.190139,2026-07-04T10:05:34.201580+00:00,144.2,8,ask,EarnestEspressos,Yashwanth Madan,6861909
2026-07-04T10:05:36.203897,2026-07-04T10:05:36.211894+00:00,144.5,50,bid,FlawlessFlatbreads,EarnestEspressos,6861935
2026-07-04T10:05:38.313659,2026-07-04T10:05:38.325419+00:00,144.5,10,bid,FlawlessFlatbreads,Yashwanth Madan,6861960
2026-07-04T10:05:40.400704,2026-07-04T10:05:40.412512+00:00,144.2,44,ask,EarnestEspressos,CostlyCorianders,6861983
2026-07-04T10:05:40.475985,2026-07-04T10:05:40.486023+00:00,144.2,50,ask,EarnestEspressos,FlawlessFlatbreads,6861985
2026-07-04T10:05:42.580933,2026-07-04T10:05:42.592456+00:00,144.2,50,ask,DiligentDonuts,FlawlessFlatbreads,6862008
2026-07-04T10:05:44.687829,2026-07-04T10:05:44.699323+00:00,144.2,50,ask,DiligentDonuts,FlawlessFlatbreads,6862038
2026-07-04T10:05:46.727237,2026-07-04T10:05:46.733807+00:00,144.2,44,bid,CostlyCorianders,DiligentDonuts,6862076
2026-07-04T10:05:48.852198,2026-07-04T10:05:48.864030+00:00,144.2,49,bid,CostlyCorianders,EarnestEspressos,6862097
2026-07-04T10:05:48.898078,2026-07-04T10:05:48.909891+00:00,143.8,50,ask,DiligentDonuts,FlawlessFlatbreads,6862098
2026-07-04T10:05:50.361936,2026-07-04T10:05:50.374163+00:00,143.8,42,ask,DiligentDonuts,CostlyCorianders,6862115
2026-07-04T10:05:51.004557,2026-07-04T10:05:51.015418+00:00,143.8,8,ask,DiligentDonuts,FlawlessFlatbreads,6862122
2026-07-04T10:05:51.004557,2026-07-04T10:05:51.015418+00:00,143.8,42,ask,EarnestEspressos,FlawlessFlatbreads,6862123
2026-07-04T10:05:52.365388,2026-07-04T10:05:52.371677+00:00,143.9,10,bid,Yashwanth Madan,DiligentDonuts,6862134
2026-07-04T10:05:52.638248,2026-07-04T10:05:52.663665+00:00,143.9,44,bid,CostlyCorianders,DiligentDonuts,6862143
2026-07-04T10:05:53.112033,2026-07-04T10:05:53.123573+00:00,143.8,50,ask,EarnestEspressos,FlawlessFlatbreads,6862148
2026-07-04T10:05:55.172172,2026-07-04T10:05:55.183733+00:00,144.0,50,bid,FlawlessFlatbreads,EarnestEspressos,6862169
2026-07-04T10:05:55.361526,2026-07-04T10:05:55.369124+00:00,144.0,43,bid,CostlyCorianders,EarnestEspressos,6862173
2026-07-04T10:05:55.903538,2026-07-04T10:05:55.912594+00:00,143.7,42,ask,DiligentDonuts,CostlyCorianders,6862181
2026-07-04T10:05:57.280209,2026-07-04T10:05:57.291813+00:00,144.2,50,bid,FlawlessFlatbreads,DiligentDonuts,6862195
2026-07-04T10:05:58.705582,2026-07-04T10:05:58.712303+00:00,143.9,40,bid,CostlyCorianders,DiligentDonuts,6862211
2026-07-04T10:05:59.388130,2026-07-04T10:05:59.395685+00:00,143.9,50,bid,FlawlessFlatbreads,DiligentDonuts,6862222
2026-07-04T10:05:59.805647,2026-07-04T10:05:59.813756+00:00,143.6,43,ask,EarnestEspressos,CostlyCorianders,6862226
2026-07-04T10:06:01.495314,2026-07-04T10:06:01.506832+00:00,144.1,50,bid,FlawlessFlatbreads,EarnestEspressos,6862245
2026-07-04T10:06:02.983257,2026-07-04T10:06:02.994877+00:00,143.7,2,ask,DiligentDonuts,Kaleb Liu,6862259
2026-07-04T10:06:03.654829,2026-07-04T10:06:03.663610+00:00,143.7,50,ask,DiligentDonuts,FlawlessFlatbreads,6862273
2026-07-04T10:06:03.706696,2026-07-04T10:06:03.716393+00:00,143.7,45,ask,DiligentDonuts,CostlyCorianders,6862274
2026-07-04T10:06:04.004296,2026-07-04T10:06:04.015991+00:00,143.4,2,ask,EarnestEspressos,Kaleb Liu,6862277
2026-07-04T10:06:04.769140,2026-07-04T10:06:04.780561+00:00,143.4,43,ask,EarnestEspressos,CostlyCorianders,6862293
2026-07-04T10:06:05.712037,2026-07-04T10:06:05.769419+00:00,143.7,50,bid,FlawlessFlatbreads,DiligentDonuts,6862303
2026-07-04T10:06:05.776012,2026-07-04T10:06:05.787919+00:00,143.7,44,bid,CostlyCorianders,DiligentDonuts,6862304
2026-07-04T10:06:06.237940,2026-07-04T10:06:06.264133+00:00,143.4,47,ask,EarnestEspressos,CostlyCorianders,6862314
2026-07-04T10:06:07.024784,2026-07-04T10:06:07.033890+00:00,143.2,2,ask,DiligentDonuts,Kaleb Liu,6862322
2026-07-04T10:06:07.821374,2026-07-04T10:06:07.832846+00:00,143.5,50,bid,FlawlessFlatbreads,EarnestEspressos,6862333
2026-07-04T10:06:08.030941,2026-07-04T10:06:08.042828+00:00,143.4,2,ask,DiligentDonuts,Kaleb Liu,6862334
2026-07-04T10:06:09.322703,2026-07-04T10:06:09.329544+00:00,143.5,42,bid,CostlyCorianders,EarnestEspressos,6862355
2026-07-04T10:06:09.979874,2026-07-04T10:06:09.991726+00:00,143.4,50,ask,DiligentDonuts,FlawlessFlatbreads,6862365
2026-07-04T10:06:10.045275,2026-07-04T10:06:10.033379+00:00,143.4,2,ask,DiligentDonuts,Kaleb Liu,6862366
2026-07-04T10:06:11.053342,2026-07-04T10:06:11.065131+00:00,143.4,2,ask,EarnestEspressos,Kaleb Liu,6862376
2026-07-04T10:06:11.810220,2026-07-04T10:06:11.821686+00:00,143.4,41,ask,EarnestEspressos,CostlyCorianders,6862389
2026-07-04T10:06:12.086535,2026-07-04T10:06:12.098016+00:00,143.4,50,ask,EarnestEspressos,FlawlessFlatbreads,6862393
2026-07-04T10:06:12.298002,2026-07-04T10:06:12.309776+00:00,143.8,48,bid,CostlyCorianders,DiligentDonuts,6862398
2026-07-04T10:06:13.193306,2026-07-04T10:06:13.200787+00:00,143.3,100,ask,DiligentDonuts,EarnestEspressos,6862417
2026-07-04T10:06:14.075379,2026-07-04T10:06:14.087377+00:00,143.0,2,ask,DiligentDonuts,Kaleb Liu,6862428
2026-07-04T10:06:14.192503,2026-07-04T10:06:14.201684+00:00,143.0,50,ask,DiligentDonuts,FlawlessFlatbreads,6862431
2026-07-04T10:06:16.091904,2026-07-04T10:06:16.103651+00:00,143.3,9,bid,Kaleb Liu,EarnestEspressos,6862453
2026-07-04T10:06:16.101822,2026-07-04T10:06:16.108919+00:00,143.0,2,ask,DiligentDonuts,Kaleb Liu,6862455
2026-07-04T10:06:16.337260,2026-07-04T10:06:16.345116+00:00,143.5,44,bid,CostlyCorianders,DiligentDonuts,6862458
2026-07-04T10:06:16.392218,2026-07-04T10:06:16.404043+00:00,143.3,44,ask,EarnestEspressos,CostlyCorianders,6862459
2026-07-04T10:06:17.107798,2026-07-04T10:06:17.119724+00:00,143.3,2,ask,EarnestEspressos,Kaleb Liu,6862465
2026-07-04T10:06:18.407991,2026-07-04T10:06:18.420010+00:00,143.3,50,ask,EarnestEspressos,FlawlessFlatbreads,6862483
2026-07-04T10:06:19.339765,2026-07-04T10:06:19.351294+00:00,143.3,41,ask,EarnestEspressos,CostlyCorianders,6862503
2026-07-04T10:06:20.128964,2026-07-04T10:06:20.158744+00:00,142.9,2,ask,DiligentDonuts,Kaleb Liu,6862514
2026-07-04T10:06:20.431187,2026-07-04T10:06:20.464423+00:00,143.2,45,bid,CostlyCorianders,EarnestEspressos,6862518
2026-07-04T10:06:20.520020,2026-07-04T10:06:20.568740+00:00,142.9,50,ask,DiligentDonuts,FlawlessFlatbreads,6862521
2026-07-04T10:06:21.134940,2026-07-04T10:06:21.146421+00:00,143.0,2,ask,Yashwanth Madan,Kaleb Liu,6862524
2026-07-04T10:06:22.141953,2026-07-04T10:06:22.148470+00:00,143.0,2,ask,Yashwanth Madan,Kaleb Liu,6862537
2026-07-04T10:06:22.628642,2026-07-04T10:06:22.638017+00:00,143.0,6,ask,Yashwanth Madan,FlawlessFlatbreads,6862546
2026-07-04T10:06:22.628642,2026-07-04T10:06:22.638017+00:00,142.9,44,ask,DiligentDonuts,FlawlessFlatbreads,6862547
2026-07-04T10:06:23.085716,2026-07-04T10:06:23.092585+00:00,143.1,10,bid,Yashwanth Madan,DiligentDonuts,6862559
2026-07-04T10:06:23.117000,2026-07-04T10:06:23.125369+00:00,143.1,3,bid,Xuanyu Liu,DiligentDonuts,6862561
2026-07-04T10:06:23.148651,2026-07-04T10:06:23.156404+00:00,142.9,2,ask,EarnestEspressos,Kaleb Liu,6862566
2026-07-04T10:06:23.417167,2026-07-04T10:06:23.428886+00:00,143.1,5,bid,Yashwanth Madan,DiligentDonuts,6862569
2026-07-04T10:06:24.699960,2026-07-04T10:06:24.758973+00:00,143.1,50,bid,FlawlessFlatbreads,DiligentDonuts,6862589
2026-07-04T10:06:25.161824,2026-07-04T10:06:25.173629+00:00,142.9,2,ask,EarnestEspressos,Kaleb Liu,6862597
2026-07-04T10:06:25.746055,2026-07-04T10:06:25.769297+00:00,143.1,32,bid,CostlyCorianders,DiligentDonuts,6862606
2026-07-04T10:06:26.170035,2026-07-04T10:06:26.181577+00:00,142.7,2,ask,Yashwanth Madan,Kaleb Liu,6862609
2026-07-04T10:06:26.806305,2026-07-04T10:06:26.813927+00:00,143.1,50,bid,FlawlessFlatbreads,EarnestEspressos,6862615
2026-07-04T10:06:27.177469,2026-07-04T10:06:27.189000+00:00,143.1,24,bid,Kaleb Liu,EarnestEspressos,6862620
2026-07-04T10:06:28.876905,2026-07-04T10:06:28.883903+00:00,143.1,43,bid,CostlyCorianders,EarnestEspressos,6862637
2026-07-04T10:06:28.985038,2026-07-04T10:06:28.995308+00:00,143.1,100,bid,EarnestEspressos,DiligentDonuts,6862640
2026-07-04T10:06:29.051848,2026-07-04T10:06:29.061933+00:00,143.2,3,ask,EarnestEspressos,Xuanyu Liu,6862641
2026-07-04T10:06:29.192379,2026-07-04T10:06:29.202084+00:00,143.2,4,ask,EarnestEspressos,Kaleb Liu,6862644
2026-07-04T10:06:29.229832,2026-07-04T10:06:29.239847+00:00,143.2,20,ask,EarnestEspressos,Yashwanth Madan,6862646
2026-07-04T10:06:29.459534,2026-07-04T10:06:29.468958+00:00,143.2,23,ask,EarnestEspressos,CostlyCorianders,6862658
2026-07-04T10:06:29.459534,2026-07-04T10:06:29.468958+00:00,143.1,22,ask,DiligentDonuts,CostlyCorianders,6862659
2026-07-04T10:06:31.025175,2026-07-04T10:06:31.036792+00:00,143.1,2,ask,DiligentDonuts,Yashwanth Madan,6862675
2026-07-04T10:06:31.039035,2026-07-04T10:06:31.050682+00:00,143.6,50,bid,FlawlessFlatbreads,DiligentDonuts,6862676
2026-07-04T10:06:32.200659,2026-07-04T10:06:32.212234+00:00,143.1,76,ask,DiligentDonuts,EarnestEspressos,6862694
2026-07-04T10:06:33.163294,2026-07-04T10:06:33.174606+00:00,142.9,50,bid,FlawlessFlatbreads,EarnestEspressos,6862707
2026-07-04T10:06:33.888476,2026-07-04T10:06:33.900477+00:00,142.7,44,ask,DiligentDonuts,CostlyCorianders,6862717
2026-07-04T10:06:35.269631,2026-07-04T10:06:35.281121+00:00,143.2,50,bid,FlawlessFlatbreads,DiligentDonuts,6862737
2026-07-04T10:06:37.428149,2026-07-04T10:06:37.438466+00:00,142.9,50,ask,EarnestEspressos,FlawlessFlatbreads,6862766
2026-07-04T10:06:38.752915,2026-07-04T10:06:38.758572+00:00,143.6,48,bid,CostlyCorianders,EarnestEspressos,6862785
2026-07-04T10:06:39.729197,2026-07-04T10:06:39.737648+00:00,143.1,43,ask,EarnestEspressos,CostlyCorianders,6862801
2026-07-04T10:06:41.642954,2026-07-04T10:06:41.658569+00:00,143.1,50,ask,DiligentDonuts,FlawlessFlatbreads,6862819
2026-07-04T10:06:43.751034,2026-07-04T10:06:43.757507+00:00,143.0,50,ask,EarnestEspressos,FlawlessFlatbreads,6862846
2026-07-04T10:06:43.936078,2026-07-04T10:06:43.947866+00:00,143.3,49,bid,CostlyCorianders,DiligentDonuts,6862852
2026-07-04T10:06:44.448155,2026-07-04T10:06:44.454649+00:00,143.0,44,ask,EarnestEspressos,CostlyCorianders,6862856
2026-07-04T10:06:45.661525,2026-07-04T10:06:45.668536+00:00,143.2,48,bid,CostlyCorianders,EarnestEspressos,6862876
2026-07-04T10:06:45.878215,2026-07-04T10:06:45.888082+00:00,143.0,50,ask,DiligentDonuts,FlawlessFlatbreads,6862882
2026-07-04T10:06:47.407997,2026-07-04T10:06:47.417820+00:00,143.2,46,bid,CostlyCorianders,EarnestEspressos,6862905
2026-07-04T10:06:48.080442,2026-07-04T10:06:48.092158+00:00,143.1,49,ask,EarnestEspressos,CostlyCorianders,6862911
2026-07-04T10:06:48.602456,2026-07-04T10:06:48.614434+00:00,143.2,10,ask,Yashwanth Madan,CostlyCorianders,6862919
2026-07-04T10:06:48.602456,2026-07-04T10:06:48.614434+00:00,143.1,31,ask,EarnestEspressos,CostlyCorianders,6862920
2026-07-04T10:06:50.088367,2026-07-04T10:06:50.100174+00:00,143.2,5,ask,Yashwanth Madan,FlawlessFlatbreads,6862935
2026-07-04T10:06:50.088367,2026-07-04T10:06:50.100174+00:00,143.1,45,ask,EarnestEspressos,FlawlessFlatbreads,6862936
2026-07-04T10:06:51.190967,2026-07-04T10:06:51.215152+00:00,143.2,8,ask,Yashwanth Madan,EarnestEspressos,6862951
2026-07-04T10:06:51.203595,2026-07-04T10:06:51.215152+00:00,143.1,3,bid,Xuanyu Liu,EarnestEspressos,6862953
2026-07-04T10:06:51.959566,2026-07-04T10:06:51.976226+00:00,143.1,11,bid,Xuanyu Liu,EarnestEspressos,6862965
2026-07-04T10:06:52.195799,2026-07-04T10:06:52.207703+00:00,143.0,50,ask,DiligentDonuts,FlawlessFlatbreads,6862970
2026-07-04T10:06:54.304133,2026-07-04T10:06:54.313173+00:00,143.0,50,ask,DiligentDonuts,FlawlessFlatbreads,6862989
2026-07-04T10:06:55.537244,2026-07-04T10:06:55.549396+00:00,143.3,48,bid,CostlyCorianders,DiligentDonuts,6862999
2026-07-04T10:06:56.004748,2026-07-04T10:06:56.016261+00:00,143.3,43,bid,CostlyCorianders,DiligentDonuts,6863005
2026-07-04T10:06:56.409859,2026-07-04T10:06:56.419492+00:00,142.9,50,ask,EarnestEspressos,FlawlessFlatbreads,6863012
2026-07-04T10:06:58.063307,2026-07-04T10:06:58.075132+00:00,143.3,43,ask,DiligentDonuts,CostlyCorianders,6863031
2026-07-04T10:06:58.515206,2026-07-04T10:06:58.526905+00:00,143.3,50,ask,DiligentDonuts,FlawlessFlatbreads,6863034
2026-07-04T10:07:00.625121,2026-07-04T10:07:00.636727+00:00,143.3,7,ask,DiligentDonuts,FlawlessFlatbreads,6863062
2026-07-04T10:07:02.734035,2026-07-04T10:07:02.746043+00:00,143.1,50,ask,DiligentDonuts,FlawlessFlatbreads,6863082
2026-07-04T10:07:04.844784,2026-07-04T10:07:04.853805+00:00,143.0,50,ask,EarnestEspressos,FlawlessFlatbreads,6863114
2026-07-04T10:07:04.978517,2026-07-04T10:07:04.986976+00:00,143.5,41,bid,CostlyCorianders,EarnestEspressos,6863117
2026-07-04T10:07:06.952283,2026-07-04T10:07:06.958585+00:00,143.0,50,ask,DiligentDonuts,FlawlessFlatbreads,6863141
2026-07-04T10:07:07.321053,2026-07-04T10:07:07.328483+00:00,143.4,12,bid,Xuanyu Liu,DiligentDonuts,6863147
2026-07-04T10:07:08.349814,2026-07-04T10:07:08.358651+00:00,143.4,11,bid,Xuanyu Liu,DiligentDonuts,6863158
2026-07-04T10:07:08.836781,2026-07-04T10:07:08.848264+00:00,143.4,48,bid,CostlyCorianders,DiligentDonuts,6863165
2026-07-04T10:07:08.894123,2026-07-04T10:07:08.904889+00:00,143.0,42,ask,EarnestEspressos,CostlyCorianders,6863168
2026-07-04T10:07:09.018002,2026-07-04T10:07:09.023562+00:00,143.4,12,bid,Xuanyu Liu,DiligentDonuts,6863173
2026-07-04T10:07:09.058434,2026-07-04T10:07:09.068616+00:00,143.0,50,ask,EarnestEspressos,FlawlessFlatbreads,6863175
2026-07-04T10:07:09.971441,2026-07-04T10:07:09.983404+00:00,143.4,17,bid,CostlyCorianders,DiligentDonuts,6863185
2026-07-04T10:07:09.971441,2026-07-04T10:07:09.983404+00:00,143.5,25,bid,CostlyCorianders,EarnestEspressos,6863186
2026-07-04T10:07:11.162722,2026-07-04T10:07:11.174540+00:00,143.0,50,ask,DiligentDonuts,FlawlessFlatbreads,6863203
2026-07-04T10:07:11.998077,2026-07-04T10:07:12.004479+00:00,143.0,42,ask,DiligentDonuts,CostlyCorianders,6863219
2026-07-04T10:07:12.566111,2026-07-04T10:07:12.575651+00:00,143.0,8,ask,DiligentDonuts,CostlyCorianders,6863225
2026-07-04T10:07:12.566111,2026-07-04T10:07:12.575651+00:00,142.8,33,ask,EarnestEspressos,CostlyCorianders,6863226
2026-07-04T10:07:13.335662,2026-07-04T10:07:13.344686+00:00,142.9,11,bid,Xuanyu Liu,EarnestEspressos,6863237
2026-07-04T10:07:13.672202,2026-07-04T10:07:13.684129+00:00,142.9,44,bid,CostlyCorianders,EarnestEspressos,6863244
2026-07-04T10:07:15.374513,2026-07-04T10:07:15.386498+00:00,142.7,50,ask,DiligentDonuts,FlawlessFlatbreads,6863266
2026-07-04T10:07:17.482049,2026-07-04T10:07:17.493669+00:00,142.5,50,ask,EarnestEspressos,FlawlessFlatbreads,6863304
2026-07-04T10:07:17.627509,2026-07-04T10:07:17.635498+00:00,142.9,47,bid,CostlyCorianders,DiligentDonuts,6863306
2026-07-04T10:07:17.682053,2026-07-04T10:07:17.694756+00:00,142.5,47,ask,EarnestEspressos,CostlyCorianders,6863309
2026-07-04T10:07:19.263165,2026-07-04T10:07:19.274554+00:00,142.9,4,bid,Kaleb Liu,DiligentDonuts,6863350
2026-07-04T10:07:19.590030,2026-07-04T10:07:19.598219+00:00,142.4,50,ask,DiligentDonuts,FlawlessFlatbreads,6863357
2026-07-04T10:07:19.656279,2026-07-04T10:07:19.663582+00:00,142.8,11,bid,Xuanyu Liu,EarnestEspressos,6863359
2026-07-04T10:07:20.273268,2026-07-04T10:07:20.284889+00:00,142.8,21,bid,Kaleb Liu,EarnestEspressos,6863369
2026-07-04T10:07:20.636928,2026-07-04T10:07:20.648663+00:00,142.6,47,ask,DiligentDonuts,CostlyCorianders,6863380
2026-07-04T10:07:21.237058,2026-07-04T10:07:21.248486+00:00,142.8,44,bid,CostlyCorianders,EarnestEspressos,6863394
2026-07-04T10:07:21.596237,2026-07-04T10:07:21.603956+00:00,142.8,12,bid,Xuanyu Liu,EarnestEspressos,6863395
2026-07-04T10:07:21.696441,2026-07-04T10:07:21.708221+00:00,142.6,50,ask,DiligentDonuts,FlawlessFlatbreads,6863398
2026-07-04T10:07:22.286979,2026-07-04T10:07:22.298758+00:00,142.8,28,bid,Kaleb Liu,EarnestEspressos,6863408
2026-07-04T10:07:22.971094,2026-07-04T10:07:22.982876+00:00,142.8,45,ask,EarnestEspressos,CostlyCorianders,6863417
2026-07-04T10:07:23.524927,2026-07-04T10:07:23.533023+00:00,142.9,41,bid,CostlyCorianders,DiligentDonuts,6863424
2026-07-04T10:07:23.805056,2026-07-04T10:07:23.816917+00:00,142.8,50,ask,EarnestEspressos,FlawlessFlatbreads,6863426
2026-07-04T10:07:24.682604,2026-07-04T10:07:24.694284+00:00,142.8,49,ask,EarnestEspressos,CostlyCorianders,6863440
2026-07-04T10:07:25.269631,2026-07-04T10:07:25.281110+00:00,142.9,46,bid,CostlyCorianders,DiligentDonuts,6863446
2026-07-04T10:07:25.752079,2026-07-04T10:07:25.758554+00:00,142.8,6,ask,EarnestEspressos,CostlyCorianders,6863457
2026-07-04T10:07:25.981700,2026-07-04T10:07:25.989683+00:00,142.8,11,bid,Xuanyu Liu,EarnestEspressos,6863467
2026-07-04T10:07:27.354085,2026-07-04T10:07:27.362411+00:00,142.8,6,bid,Xuanyu Liu,EarnestEspressos,6863479
2026-07-04T10:07:27.974093,2026-07-04T10:07:27.986275+00:00,142.8,50,bid,FlawlessFlatbreads,EarnestEspressos,6863488
2026-07-04T10:07:28.253113,2026-07-04T10:07:28.261773+00:00,142.8,46,bid,CostlyCorianders,EarnestEspressos,6863491
2026-07-04T10:07:29.803516,2026-07-04T10:07:29.815205+00:00,142.9,47,ask,EarnestEspressos,CostlyCorianders,6863512
2026-07-04T10:07:30.083214,2026-07-04T10:07:30.096262+00:00,143.3,50,bid,FlawlessFlatbreads,DiligentDonuts,6863522
2026-07-04T10:07:30.781702,2026-07-04T10:07:30.793444+00:00,143.3,46,bid,CostlyCorianders,DiligentDonuts,6863532
2026-07-04T10:07:31.289962,2026-07-04T10:07:31.299639+00:00,142.9,40,ask,EarnestEspressos,CostlyCorianders,6863536
2026-07-04T10:07:32.189286,2026-07-04T10:07:32.197546+00:00,143.3,4,bid,FlawlessFlatbreads,DiligentDonuts,6863551
2026-07-04T10:07:32.189286,2026-07-04T10:07:32.197546+00:00,143.4,46,bid,FlawlessFlatbreads,EarnestEspressos,6863552
2026-07-04T10:07:32.565464,2026-07-04T10:07:32.577147+00:00,143.1,100,bid,DiligentDonuts,EarnestEspressos,6863563
2026-07-04T10:07:34.303335,2026-07-04T10:07:34.316306+00:00,143.1,50,bid,FlawlessFlatbreads,EarnestEspressos,6863575
2026-07-04T10:07:35.419588,2026-07-04T10:07:35.429281+00:00,143.4,40,ask,EarnestEspressos,Xuanyu Liu,6863596
2026-07-04T10:07:36.410056,2026-07-04T10:07:36.417669+00:00,143.9,50,bid,FlawlessFlatbreads,EarnestEspressos,6863617
2026-07-04T10:07:37.394423,2026-07-04T10:07:37.401434+00:00,143.9,44,bid,CostlyCorianders,EarnestEspressos,6863631
2026-07-04T10:07:38.518011,2026-07-04T10:07:38.519578+00:00,143.9,50,bid,FlawlessFlatbreads,DiligentDonuts,6863643
2026-07-04T10:07:38.569719,2026-07-04T10:07:38.579033+00:00,143.9,50,bid,EarnestEspressos,DiligentDonuts,6863645
2026-07-04T10:07:38.634747,2026-07-04T10:07:38.642770+00:00,143.9,23,ask,EarnestEspressos,Xuanyu Liu,6863648
2026-07-04T10:07:39.319716,2026-07-04T10:07:39.331560+00:00,143.9,7,ask,EarnestEspressos,Kaleb Liu,6863661
2026-07-04T10:07:40.353680,2026-07-04T10:07:40.352836+00:00,143.9,4,ask,EarnestEspressos,Kaleb Liu,6863678
2026-07-04T10:07:40.630325,2026-07-04T10:07:40.641932+00:00,144.0,50,bid,FlawlessFlatbreads,DiligentDonuts,6863684
2026-07-04T10:07:41.098707,2026-07-04T10:07:41.110403+00:00,143.9,42,ask,EarnestEspressos,CostlyCorianders,6863693
2026-07-04T10:07:42.366350,2026-07-04T10:07:42.378134+00:00,143.7,4,ask,DiligentDonuts,Kaleb Liu,6863719
2026-07-04T10:07:42.492176,2026-07-04T10:07:42.499032+00:00,143.7,48,ask,DiligentDonuts,CostlyCorianders,6863724
2026-07-04T10:07:42.759842,2026-07-04T10:07:42.769778+00:00,143.9,50,bid,FlawlessFlatbreads,EarnestEspressos,6863727
2026-07-04T10:07:44.683799,2026-07-04T10:07:44.692769+00:00,143.9,12,bid,Xuanyu Liu,EarnestEspressos,6863762
2026-07-04T10:07:44.866702,2026-07-04T10:07:44.878127+00:00,144.2,50,bid,FlawlessFlatbreads,DiligentDonuts,6863765
2026-07-04T10:07:46.973864,2026-07-04T10:07:46.980482+00:00,144.3,50,bid,FlawlessFlatbreads,EarnestEspressos,6863798
2026-07-04T10:07:48.059609,2026-07-04T10:07:48.071045+00:00,144.3,100,bid,EarnestEspressos,DiligentDonuts,6863814
2026-07-04T10:07:49.082078,2026-07-04T10:07:49.093649+00:00,144.8,50,bid,FlawlessFlatbreads,EarnestEspressos,6863828
2026-07-04T10:07:49.518046,2026-07-04T10:07:49.526259+00:00,144.3,12,ask,EarnestEspressos,Xuanyu Liu,6863839
2026-07-04T10:07:50.807293,2026-07-04T10:07:50.818422+00:00,144.3,38,ask,EarnestEspressos,CostlyCorianders,6863857
2026-07-04T10:07:50.807293,2026-07-04T10:07:50.818422+00:00,144.3,3,ask,DiligentDonuts,CostlyCorianders,6863858
2026-07-04T10:07:51.189283,2026-07-04T10:07:51.200809+00:00,144.8,50,bid,FlawlessFlatbreads,DiligentDonuts,6863862
2026-07-04T10:07:51.526820,2026-07-04T10:07:51.538785+00:00,144.4,100,bid,DiligentDonuts,EarnestEspressos,6863867
2026-07-04T10:07:52.389696,2026-07-04T10:07:52.401612+00:00,143.9,5,ask,EarnestEspressos,Kaleb Liu,6863876
2026-07-04T10:07:53.304680,2026-07-04T10:07:53.316258+00:00,144.4,50,bid,FlawlessFlatbreads,EarnestEspressos,6863893
2026-07-04T10:07:53.402759,2026-07-04T10:07:53.414380+00:00,145.0,19,bid,Kaleb Liu,DiligentDonuts,6863896
2026-07-04T10:07:54.392723,2026-07-04T10:07:54.401343+00:00,144.5,11,ask,EarnestEspressos,Xuanyu Liu,6863903
2026-07-04T10:07:54.413117,2026-07-04T10:07:54.421961+00:00,144.5,19,ask,EarnestEspressos,Kaleb Liu,6863905
2026-07-04T10:07:54.896399,2026-07-04T10:07:54.906980+00:00,144.5,12,ask,EarnestEspressos,Xuanyu Liu,6863917
2026-07-04T10:07:55.422926,2026-07-04T10:07:55.434463+00:00,144.5,6,ask,EarnestEspressos,Kaleb Liu,6863923
2026-07-04T10:07:58.277299,2026-07-04T10:07:58.289629+00:00,144.6,48,bid,CostlyCorianders,DiligentDonuts,6863968
2026-07-04T10:07:58.754903,2026-07-04T10:07:58.766514+00:00,144.2,49,ask,EarnestEspressos,CostlyCorianders,6863977
2026-07-04T10:07:59.678702,2026-07-04T10:07:59.686103+00:00,144.2,50,ask,EarnestEspressos,FlawlessFlatbreads,6863986
2026-07-04T10:07:59.815855,2026-07-04T10:07:59.827674+00:00,144.6,47,bid,CostlyCorianders,DiligentDonuts,6863987
2026-07-04T10:08:00.449283,2026-07-04T10:08:00.458562+00:00,144.6,5,bid,CostlyCorianders,DiligentDonuts,6864006
2026-07-04T10:08:00.449283,2026-07-04T10:08:00.458562+00:00,144.7,42,bid,CostlyCorianders,EarnestEspressos,6864007
2026-07-04T10:08:01.017194,2026-07-04T10:08:01.028696+00:00,144.3,100,bid,DiligentDonuts,EarnestEspressos,6864014
2026-07-04T10:08:01.441430,2026-07-04T10:08:01.448488+00:00,143.8,7,ask,EarnestEspressos,Kaleb Liu,6864021
2026-07-04T10:08:01.510363,2026-07-04T10:08:01.517522+00:00,144.3,43,bid,CostlyCorianders,EarnestEspressos,6864026
2026-07-04T10:08:01.605108,2026-07-04T10:08:01.612282+00:00,144.3,7,bid,Xuanyu Liu,EarnestEspressos,6864030
2026-07-04T10:08:02.070501,2026-07-04T10:08:02.082336+00:00,143.8,43,ask,EarnestEspressos,CostlyCorianders,6864035
2026-07-04T10:08:02.454754,2026-07-04T10:08:02.463889+00:00,144.8,32,bid,Kaleb Liu,DiligentDonuts,6864039
2026-07-04T10:08:03.471917,2026-07-04T10:08:03.480006+00:00,144.8,1,bid,Kaleb Liu,DiligentDonuts,6864054
2026-07-04T10:08:04.483186,2026-07-04T10:08:04.495021+00:00,144.3,15,ask,EarnestEspressos,Kaleb Liu,6864068
2026-07-04T10:08:05.495611,2026-07-04T10:08:05.504151+00:00,144.3,5,ask,EarnestEspressos,Kaleb Liu,6864085
2026-07-04T10:08:05.998187,2026-07-04T10:08:06.006268+00:00,144.3,50,ask,EarnestEspressos,FlawlessFlatbreads,6864091
2026-07-04T10:08:08.107743,2026-07-04T10:08:08.119587+00:00,144.4,50,ask,DiligentDonuts,FlawlessFlatbreads,6864121
2026-07-04T10:08:10.216070,2026-07-04T10:08:10.227785+00:00,144.4,50,ask,DiligentDonuts,FlawlessFlatbreads,6864150
2026-07-04T10:08:10.622510,2026-07-04T10:08:10.631779+00:00,144.5,5,bid,Xuanyu Liu,DiligentDonuts,6864161
2026-07-04T10:08:10.658375,2026-07-04T10:08:10.666260+00:00,144.5,11,bid,Xuanyu Liu,DiligentDonuts,6864165
2026-07-04T10:08:12.324402,2026-07-04T10:08:12.336191+00:00,144.1,50,ask,EarnestEspressos,FlawlessFlatbreads,6864200
2026-07-04T10:08:14.286846,2026-07-04T10:08:14.294957+00:00,144.3,49,ask,DiligentDonuts,CostlyCorianders,6864234
2026-07-04T10:08:14.380690,2026-07-04T10:08:14.392289+00:00,144.6,50,bid,FlawlessFlatbreads,EarnestEspressos,6864239
2026-07-04T10:08:16.488935,2026-07-04T10:08:16.498416+00:00,144.8,50,bid,FlawlessFlatbreads,DiligentDonuts,6864269
2026-07-04T10:08:18.596156,2026-07-04T10:08:18.607941+00:00,144.8,50,bid,FlawlessFlatbreads,DiligentDonuts,6864304
2026-07-04T10:08:20.755912,2026-07-04T10:08:20.763955+00:00,144.7,50,ask,DiligentDonuts,FlawlessFlatbreads,6864324
2026-07-04T10:08:22.226788,2026-07-04T10:08:22.236470+00:00,144.7,49,ask,DiligentDonuts,CostlyCorianders,6864352
2026-07-04T10:08:22.863211,2026-07-04T10:08:22.874939+00:00,144.7,1,ask,DiligentDonuts,FlawlessFlatbreads,6864358
2026-07-04T10:08:23.528284,2026-07-04T10:08:23.539802+00:00,144.6,6,ask,EarnestEspressos,Kaleb Liu,6864368
2026-07-04T10:08:24.003055,2026-07-04T10:08:24.011520+00:00,144.9,43,bid,CostlyCorianders,DiligentDonuts,6864378
2026-07-04T10:08:24.640025,2026-07-04T10:08:24.651606+00:00,144.9,45,bid,CostlyCorianders,DiligentDonuts,6864384
2026-07-04T10:08:24.970263,2026-07-04T10:08:24.982327+00:00,144.6,50,ask,EarnestEspressos,FlawlessFlatbreads,6864390
2026-07-04T10:08:26.673982,2026-07-04T10:08:26.685549+00:00,145.1,47,bid,CostlyCorianders,EarnestEspressos,6864416
2026-07-04T10:08:27.078892,2026-07-04T10:08:27.090457+00:00,144.9,50,ask,DiligentDonuts,FlawlessFlatbreads,6864421
2026-07-04T10:08:27.154227,2026-07-04T10:08:27.158554+00:00,144.9,40,ask,DiligentDonuts,CostlyCorianders,6864423
2026-07-04T10:08:31.243816,2026-07-04T10:08:31.253417+00:00,145.1,50,bid,FlawlessFlatbreads,DiligentDonuts,6864482
2026-07-04T10:08:31.961491,2026-07-04T10:08:31.975285+00:00,145.1,44,bid,CostlyCorianders,DiligentDonuts,6864501
2026-07-04T10:08:35.506896,2026-07-04T10:08:35.515236+00:00,144.9,50,ask,DiligentDonuts,FlawlessFlatbreads,6864545
2026-07-04T10:08:37.613667,2026-07-04T10:08:37.625551+00:00,144.9,50,ask,EarnestEspressos,FlawlessFlatbreads,6864568
2026-07-04T10:08:38.009677,2026-07-04T10:08:38.020926+00:00,144.9,49,ask,EarnestEspressos,CostlyCorianders,6864578
2026-07-04T10:08:38.771348,2026-07-04T10:08:38.779741+00:00,144.9,100,ask,DiligentDonuts,EarnestEspressos,6864588
2026-07-04T10:08:39.495680,2026-07-04T10:08:39.507334+00:00,144.8,44,bid,CostlyCorianders,EarnestEspressos,6864606
2026-07-04T10:08:39.750609,2026-07-04T10:08:39.761237+00:00,144.4,50,ask,DiligentDonuts,FlawlessFlatbreads,6864615
2026-07-04T10:08:41.560778,2026-07-04T10:08:41.572487+00:00,144.4,7,ask,DiligentDonuts,Kaleb Liu,6864639
2026-07-04T10:08:41.860332,2026-07-04T10:08:41.873951+00:00,144.4,43,ask,DiligentDonuts,FlawlessFlatbreads,6864645
2026-07-04T10:08:42.177351,2026-07-04T10:08:42.188826+00:00,144.7,100,ask,EarnestEspressos,DiligentDonuts,6864652
2026-07-04T10:08:43.967487,2026-07-04T10:08:43.979045+00:00,144.7,50,ask,EarnestEspressos,FlawlessFlatbreads,6864680
2026-07-04T10:08:44.574316,2026-07-04T10:08:44.584427+00:00,145.2,32,bid,Kaleb Liu,EarnestEspressos,6864692
2026-07-04T10:08:45.584978,2026-07-04T10:08:45.596854+00:00,144.7,1,bid,Kaleb Liu,EarnestEspressos,6864705
2026-07-04T10:08:46.077942,2026-07-04T10:08:46.087114+00:00,144.2,50,ask,EarnestEspressos,FlawlessFlatbreads,6864719
2026-07-04T10:08:46.364005,2026-07-04T10:08:46.374402+00:00,144.2,49,ask,EarnestEspressos,CostlyCorianders,6864723
2026-07-04T10:08:46.597231,2026-07-04T10:08:46.608779+00:00,144.2,7,ask,EarnestEspressos,Kaleb Liu,6864726
2026-07-04T10:08:47.609894,2026-07-04T10:08:47.620846+00:00,144.2,8,ask,EarnestEspressos,Kaleb Liu,6864732
2026-07-04T10:08:48.103342,2026-07-04T10:08:48.114104+00:00,144.2,36,ask,EarnestEspressos,CostlyCorianders,6864742
2026-07-04T10:08:48.103342,2026-07-04T10:08:48.114104+00:00,144.2,9,ask,DiligentDonuts,CostlyCorianders,6864743
2026-07-04T10:08:48.184407,2026-07-04T10:08:48.195877+00:00,144.2,50,ask,DiligentDonuts,FlawlessFlatbreads,6864747
2026-07-04T10:08:48.278112,2026-07-04T10:08:48.284926+00:00,144.2,41,ask,DiligentDonuts,EarnestEspressos,6864750
2026-07-04T10:08:48.291013,2026-07-04T10:08:48.300100+00:00,143.5,46,bid,Xuanyu Liu,EarnestEspressos,6864751
2026-07-04T10:08:48.620684,2026-07-04T10:08:48.632521+00:00,143.5,15,bid,Kaleb Liu,EarnestEspressos,6864757
2026-07-04T10:08:48.786850,2026-07-04T10:08:48.795847+00:00,143.5,17,bid,Xuanyu Liu,EarnestEspressos,6864761
2026-07-04T10:08:50.240587,2026-07-04T10:08:50.252352+00:00,143.5,31,bid,FlawlessFlatbreads,EarnestEspressos,6864780
2026-07-04T10:08:50.240587,2026-07-04T10:08:50.252352+00:00,143.8,19,bid,FlawlessFlatbreads,DiligentDonuts,6864781
2026-07-04T10:08:52.276015,2026-07-04T10:08:52.287954+00:00,144.2,43,bid,CostlyCorianders,EarnestEspressos,6864810
2026-07-04T10:08:52.348291,2026-07-04T10:08:52.363646+00:00,144.2,50,bid,FlawlessFlatbreads,EarnestEspressos,6864812
2026-07-04T10:08:52.874263,2026-07-04T10:08:52.885962+00:00,144.2,43,bid,CostlyCorianders,EarnestEspressos,6864819
2026-07-04T10:08:54.463800,2026-07-04T10:08:54.475427+00:00,144.2,14,bid,FlawlessFlatbreads,EarnestEspressos,6864845
2026-07-04T10:08:54.463800,2026-07-04T10:08:54.475427+00:00,144.2,36,bid,FlawlessFlatbreads,DiligentDonuts,6864846
2026-07-04T10:08:54.545298,2026-07-04T10:08:54.558530+00:00,144.2,64,bid,EarnestEspressos,DiligentDonuts,6864847
2026-07-04T10:08:54.612682,2026-07-04T10:08:54.621483+00:00,144.3,63,ask,EarnestEspressos,Xuanyu Liu,6864848
2026-07-04T10:08:54.639352,2026-07-04T10:08:54.651022+00:00,144.3,15,ask,EarnestEspressos,Kaleb Liu,6864850
2026-07-04T10:08:54.820605,2026-07-04T10:08:54.828319+00:00,144.3,8,ask,EarnestEspressos,Xuanyu Liu,6864854
2026-07-04T10:08:54.951231,2026-07-04T10:08:54.961190+00:00,143.7,40,ask,DiligentDonuts,CostlyCorianders,6864861
2026-07-04T10:08:55.651514,2026-07-04T10:08:55.663096+00:00,143.7,11,ask,DiligentDonuts,Kaleb Liu,6864867
2026-07-04T10:08:56.425505,2026-07-04T10:08:56.437228+00:00,144.2,44,bid,CostlyCorianders,DiligentDonuts,6864880
2026-07-04T10:08:56.572769,2026-07-04T10:08:56.584358+00:00,144.2,50,bid,FlawlessFlatbreads,DiligentDonuts,6864882
2026-07-04T10:08:57.982995,2026-07-04T10:08:57.991325+00:00,144.1,8,bid,Xuanyu Liu,EarnestEspressos,6864904
2026-07-04T10:08:58.708844,2026-07-04T10:08:58.720431+00:00,144.1,50,bid,FlawlessFlatbreads,EarnestEspressos,6864920
2026-07-04T10:08:59.019138,2026-07-04T10:08:59.030828+00:00,143.7,42,ask,DiligentDonuts,CostlyCorianders,6864922
2026-07-04T10:08:59.669763,2026-07-04T10:08:59.679572+00:00,143.7,7,ask,DiligentDonuts,Kaleb Liu,6864935
2026-07-04T10:09:00.553717,2026-07-04T10:09:00.565417+00:00,144.1,46,bid,CostlyCorianders,EarnestEspressos,6864950
2026-07-04T10:09:00.819503,2026-07-04T10:09:00.826968+00:00,144.2,50,bid,FlawlessFlatbreads,DiligentDonuts,6864954
2026-07-04T10:09:01.674061,2026-07-04T10:09:01.686110+00:00,143.9,46,ask,EarnestEspressos,CostlyCorianders,6864963
2026-07-04T10:09:02.927165,2026-07-04T10:09:02.936232+00:00,144.1,50,bid,FlawlessFlatbreads,DiligentDonuts,6864974
2026-07-04T10:09:03.554449,2026-07-04T10:09:03.561806+00:00,144.1,43,bid,CostlyCorianders,DiligentDonuts,6864986
2026-07-04T10:09:05.035492,2026-07-04T10:09:05.047135+00:00,144.2,50,bid,FlawlessFlatbreads,EarnestEspressos,6865001
2026-07-04T10:09:07.145966,2026-07-04T10:09:07.154858+00:00,144.4,50,bid,FlawlessFlatbreads,DiligentDonuts,6865019
2026-07-04T10:09:07.433651,2026-07-04T10:09:07.441886+00:00,144.1,11,ask,DiligentDonuts,Xuanyu Liu,6865023
2026-07-04T10:09:09.252529,2026-07-04T10:09:09.264398+00:00,144.4,50,bid,FlawlessFlatbreads,EarnestEspressos,6865052
2026-07-04T10:09:11.360754,2026-07-04T10:09:11.372283+00:00,144.7,50,bid,FlawlessFlatbreads,DiligentDonuts,6865085
2026-07-04T10:09:13.470365,2026-07-04T10:09:13.482509+00:00,144.7,50,bid,FlawlessFlatbreads,DiligentDonuts,6865107
2026-07-04T10:09:13.724605,2026-07-04T10:09:13.733288+00:00,144.4,12,ask,EarnestEspressos,Xuanyu Liu,6865114
2026-07-04T10:09:13.767102,2026-07-04T10:09:13.774879+00:00,144.6,14,ask,DiligentDonuts,Xuanyu Liu,6865117
2026-07-04T10:09:14.698218,2026-07-04T10:09:14.709900+00:00,144.9,32,bid,Kaleb Liu,EarnestEspressos,6865139
2026-07-04T10:09:15.576711,2026-07-04T10:09:15.588728+00:00,144.9,50,bid,FlawlessFlatbreads,EarnestEspressos,6865154
2026-07-04T10:09:15.710926,2026-07-04T10:09:15.722549+00:00,144.6,14,ask,DiligentDonuts,Kaleb Liu,6865155
2026-07-04T10:09:16.726615,2026-07-04T10:09:16.738454+00:00,144.9,38,ask,EarnestEspressos,Kaleb Liu,6865167
2026-07-04T10:09:16.820206,2026-07-04T10:09:16.827980+00:00,144.9,15,ask,EarnestEspressos,Yashwanth Madan,6865169
2026-07-04T10:09:17.684782,2026-07-04T10:09:17.698665+00:00,145.2,50,bid,FlawlessFlatbreads,DiligentDonuts,6865189
2026-07-04T10:09:19.790850,2026-07-04T10:09:19.802597+00:00,145.2,50,bid,FlawlessFlatbreads,DiligentDonuts,6865217
2026-07-04T10:09:20.742469,2026-07-04T10:09:20.754069+00:00,145.1,47,ask,DiligentDonuts,Kaleb Liu,6865228
2026-07-04T10:09:21.897668,2026-07-04T10:09:21.909684+00:00,145.2,50,bid,FlawlessFlatbreads,EarnestEspressos,6865252
2026-07-04T10:09:22.753934,2026-07-04T10:09:22.758545+00:00,145.1,45,ask,DiligentDonuts,CostlyCorianders,6865265
2026-07-04T10:09:22.912031,2026-07-04T10:09:22.919761+00:00,145.1,8,ask,DiligentDonuts,Chester Au,6865267
2026-07-04T10:09:23.239878,2026-07-04T10:09:23.251460+00:00,144.6,44,ask,EarnestEspressos,CostlyCorianders,6865270
2026-07-04T10:09:24.007189,2026-07-04T10:09:24.022978+00:00,145.0,50,bid,FlawlessFlatbreads,DiligentDonuts,6865285
2026-07-04T10:09:24.689401,2026-07-04T10:09:24.701111+00:00,145.0,47,bid,CostlyCorianders,DiligentDonuts,6865298
2026-07-04T10:09:24.758725,2026-07-04T10:09:24.770710+00:00,144.6,2,ask,EarnestEspressos,Kaleb Liu,6865299
2026-07-04T10:09:25.342034,2026-07-04T10:09:25.358587+00:00,145.0,3,bid,CostlyCorianders,DiligentDonuts,6865314
2026-07-04T10:09:25.771638,2026-07-04T10:09:25.781730+00:00,145.1,2,bid,Kaleb Liu,EarnestEspressos,6865323
2026-07-04T10:09:26.114896,2026-07-04T10:09:26.126613+00:00,145.1,50,bid,FlawlessFlatbreads,EarnestEspressos,6865327
2026-07-04T10:09:26.838957,2026-07-04T10:09:26.848009+00:00,145.2,3,ask,DiligentDonuts,Xuanyu Liu,6865340
2026-07-04T10:09:28.221633,2026-07-04T10:09:28.231012+00:00,145.5,10,bid,FlawlessFlatbreads,Yashwanth Madan,6865362
2026-07-04T10:09:28.221633,2026-07-04T10:09:28.231012+00:00,145.6,40,bid,FlawlessFlatbreads,EarnestEspressos,6865363
2026-07-04T10:09:30.332784,2026-07-04T10:09:30.342072+00:00,145.7,10,bid,FlawlessFlatbreads,Yashwanth Madan,6865384
2026-07-04T10:09:30.332784,2026-07-04T10:09:30.342072+00:00,145.8,40,bid,FlawlessFlatbreads,EarnestEspressos,6865385
2026-07-04T10:09:30.723386,2026-07-04T10:09:30.734865+00:00,145.3,5,ask,EarnestEspressos,Yashwanth Madan,6865399
2026-07-04T10:09:31.915635,2026-07-04T10:09:31.927404+00:00,145.3,49,ask,EarnestEspressos,CostlyCorianders,6865419
2026-07-04T10:09:32.441403,2026-07-04T10:09:32.448219+00:00,145.7,10,bid,FlawlessFlatbreads,Yashwanth Madan,6865427
2026-07-04T10:09:32.441403,2026-07-04T10:09:32.453400+00:00,145.8,40,bid,FlawlessFlatbreads,EarnestEspressos,6865428
2026-07-04T10:09:34.044912,2026-07-04T10:09:34.058606+00:00,145.5,44,ask,EarnestEspressos,CostlyCorianders,6865455
2026-07-04T10:09:34.601509,2026-07-04T10:09:34.613456+00:00,145.5,50,ask,EarnestEspressos,FlawlessFlatbreads,6865466
2026-07-04T10:09:36.393828,2026-07-04T10:09:36.403135+00:00,145.6,45,bid,CostlyCorianders,EarnestEspressos,6865489
2026-07-04T10:09:36.709153,2026-07-04T10:09:36.720751+00:00,145.3,50,ask,DiligentDonuts,FlawlessFlatbreads,6865493
2026-07-04T10:09:37.437949,2026-07-04T10:09:37.458779+00:00,145.3,43,ask,DiligentDonuts,CostlyCorianders,6865501
2026-07-04T10:09:37.907843,2026-07-04T10:09:37.919293+00:00,145.6,43,bid,CostlyCorianders,EarnestEspressos,6865509
2026-07-04T10:09:38.765853,2026-07-04T10:09:38.777649+00:00,145.6,50,bid,FlawlessFlatbreads,EarnestEspressos,6865523
2026-07-04T10:09:38.855004,2026-07-04T10:09:38.855504+00:00,145.7,150,ask,EarnestEspressos,Chester Au,6865524
2026-07-04T10:09:39.378516,2026-07-04T10:09:39.387260+00:00,145.1,42,ask,DiligentDonuts,CostlyCorianders,6865535
2026-07-04T10:09:39.798472,2026-07-04T10:09:39.810239+00:00,145.1,2,ask,DiligentDonuts,Kaleb Liu,6865541
2026-07-04T10:09:40.873214,2026-07-04T10:09:40.886057+00:00,145.6,50,bid,FlawlessFlatbreads,DiligentDonuts,6865555
2026-07-04T10:09:41.666623,2026-07-04T10:09:41.678323+00:00,145.6,45,bid,CostlyCorianders,DiligentDonuts,6865566
2026-07-04T10:09:41.811500,2026-07-04T10:09:41.818005+00:00,145.6,2,bid,Kaleb Liu,DiligentDonuts,6865568
2026-07-04T10:09:44.003743,2026-07-04T10:09:44.015650+00:00,145.4,20,bid,Yashwanth Madan,EarnestEspressos,6865599
2026-07-04T10:09:45.150800,2026-07-04T10:09:45.154623+00:00,145.1,50,ask,DiligentDonuts,FlawlessFlatbreads,6865614
2026-07-04T10:09:45.348828,2026-07-04T10:09:45.355271+00:00,145.2,41,ask,EarnestEspressos,CostlyCorianders,6865615
2026-07-04T10:09:46.837940,2026-07-04T10:09:46.848428+00:00,145.6,2,bid,Kaleb Liu,DiligentDonuts,6865636
2026-07-04T10:09:47.208874,2026-07-04T10:09:47.215541+00:00,145.6,50,bid,FlawlessFlatbreads,DiligentDonuts,6865645
2026-07-04T10:09:47.849942,2026-07-04T10:09:47.858541+00:00,145.6,2,bid,Kaleb Liu,DiligentDonuts,6865659
2026-07-04T10:09:47.988896,2026-07-04T10:09:48.000359+00:00,145.2,47,ask,EarnestEspressos,CostlyCorianders,6865663
2026-07-04T10:09:48.397289,2026-07-04T10:09:48.406390+00:00,145.3,3,bid,Xuanyu Liu,EarnestEspressos,6865665
2026-07-04T10:09:48.547696,2026-07-04T10:09:48.554237+00:00,145.3,100,bid,DiligentDonuts,EarnestEspressos,6865668
2026-07-04T10:09:48.586868,2026-07-04T10:09:48.598544+00:00,145.3,10,bid,Yashwanth Madan,EarnestEspressos,6865669
2026-07-04T10:09:48.861273,2026-07-04T10:09:48.873273+00:00,144.8,2,ask,EarnestEspressos,Kaleb Liu,6865674
2026-07-04T10:09:49.132964,2026-07-04T10:09:49.144774+00:00,145.3,37,bid,CostlyCorianders,EarnestEspressos,6865682
2026-07-04T10:09:49.132964,2026-07-04T10:09:49.144774+00:00,145.8,3,bid,CostlyCorianders,DiligentDonuts,6865683
2026-07-04T10:09:49.320240,2026-07-04T10:09:49.337824+00:00,145.8,50,bid,FlawlessFlatbreads,DiligentDonuts,6865687
2026-07-04T10:09:49.874674,2026-07-04T10:09:49.886505+00:00,145.0,6,ask,Yashwanth Madan,Kaleb Liu,6865695
2026-07-04T10:09:50.190627,2026-07-04T10:09:50.202351+00:00,145.6,10,bid,CostlyCorianders,Yashwanth Madan,6865700
2026-07-04T10:09:50.190627,2026-07-04T10:09:50.202351+00:00,145.8,33,bid,CostlyCorianders,DiligentDonuts,6865701
2026-07-04T10:09:50.787530,2026-07-04T10:09:50.799371+00:00,144.8,43,ask,EarnestEspressos,CostlyCorianders,6865711
2026-07-04T10:09:51.429211,2026-07-04T10:09:51.440855+00:00,145.4,10,bid,FlawlessFlatbreads,Yashwanth Madan,6865725
2026-07-04T10:09:51.429211,2026-07-04T10:09:51.440855+00:00,145.8,14,bid,FlawlessFlatbreads,DiligentDonuts,6865726
2026-07-04T10:09:53.560950,2026-07-04T10:09:53.568633+00:00,145.5,50,bid,FlawlessFlatbreads,EarnestEspressos,6865759
2026-07-04T10:09:54.732388,2026-07-04T10:09:54.744286+00:00,145.2,6,ask,EarnestEspressos,Yashwanth Madan,6865778
2026-07-04T10:09:54.892210,2026-07-04T10:09:54.903764+00:00,145.7,6,bid,Kaleb Liu,EarnestEspressos,6865782
2026-07-04T10:09:55.719061,2026-07-04T10:09:55.730778+00:00,145.2,50,ask,EarnestEspressos,FlawlessFlatbreads,6865797
2026-07-04T10:09:57.906892,2026-07-04T10:09:57.918451+00:00,145.5,2,bid,Kaleb Liu,DiligentDonuts,6865819
2026-07-04T10:09:59.879431,2026-07-04T10:09:59.891375+00:00,145.4,10,bid,FlawlessFlatbreads,Yashwanth Madan,6865842
2026-07-04T10:09:59.879431,2026-07-04T10:09:59.891375+00:00,145.5,40,bid,FlawlessFlatbreads,EarnestEspressos,6865843
2026-07-04T10:10:01.988441,2026-07-04T10:10:02.000278+00:00,145.6,50,bid,FlawlessFlatbreads,DiligentDonuts,6865875
2026-07-04T10:10:04.040339,2026-07-04T10:10:04.058551+00:00,145.2,40,ask,EarnestEspressos,CostlyCorianders,6865912
2026-07-04T10:10:04.104719,2026-07-04T10:10:04.112019+00:00,145.5,10,bid,DiligentDonuts,Yashwanth Madan,6865914
2026-07-04T10:10:04.104719,2026-07-04T10:10:04.117199+00:00,145.6,8,bid,FlawlessFlatbreads,DiligentDonuts,6865915
2026-07-04T10:10:04.353424,2026-07-04T10:10:04.372651+00:00,145.5,10,bid,FlawlessFlatbreads,Yashwanth Madan,6865917
2026-07-04T10:10:04.364743,2026-07-04T10:10:04.372651+00:00,145.5,3,ask,DiligentDonuts,Xuanyu Liu,6865918
2026-07-04T10:10:04.926772,2026-07-04T10:10:04.938436+00:00,145.5,2,ask,DiligentDonuts,Kaleb Liu,6865934
2026-07-04T10:10:05.068038,2026-07-04T10:10:05.089525+00:00,145.5,42,ask,DiligentDonuts,Chester Au,6865937
2026-07-04T10:10:05.071059,2026-07-04T10:10:05.089525+00:00,145.5,11,ask,DiligentDonuts,Xuanyu Liu,6865938
2026-07-04T10:10:05.919812,2026-07-04T10:10:05.931715+00:00,145.5,25,ask,DiligentDonuts,Alan Tran,6865954
2026-07-04T10:10:06.215935,2026-07-04T10:10:06.223823+00:00,145.7,50,bid,FlawlessFlatbreads,EarnestEspressos,6865958
2026-07-04T10:10:06.534482,2026-07-04T10:10:06.546550+00:00,145.6,10,bid,CostlyCorianders,Yashwanth Madan,6865960
2026-07-04T10:10:06.534482,2026-07-04T10:10:06.546550+00:00,145.7,33,bid,CostlyCorianders,EarnestEspressos,6865961
2026-07-04T10:10:07.117731,2026-07-04T10:10:07.129597+00:00,145.5,7,ask,DiligentDonuts,CostlyCorianders,6865971
2026-07-04T10:10:07.117731,2026-07-04T10:10:07.129597+00:00,145.2,33,ask,EarnestEspressos,CostlyCorianders,6865972
2026-07-04T10:10:07.508379,2026-07-04T10:10:07.516208+00:00,145.3,12,ask,EarnestEspressos,Xuanyu Liu,6865977
2026-07-04T10:10:07.800575,2026-07-04T10:10:07.808697+00:00,145.3,20,ask,EarnestEspressos,Yashwanth Madan,6865982
2026-07-04T10:10:07.941774,2026-07-04T10:10:07.951530+00:00,145.3,2,ask,EarnestEspressos,Kaleb Liu,6865985
2026-07-04T10:10:08.008047,2026-07-04T10:10:08.019620+00:00,145.3,42,ask,EarnestEspressos,CostlyCorianders,6865987
2026-07-04T10:10:08.095327,2026-07-04T10:10:08.106898+00:00,145.3,10,ask,EarnestEspressos,Yashwanth Madan,6865989
2026-07-04T10:10:08.383674,2026-07-04T10:10:08.395383+00:00,145.3,10,ask,EarnestEspressos,Yashwanth Madan,6865997
2026-07-04T10:10:08.712931,2026-07-04T10:10:08.722320+00:00,145.3,10,ask,EarnestEspressos,Yashwanth Madan,6866001
2026-07-04T10:10:10.539800,2026-07-04T10:10:10.548543+00:00,145.3,12,bid,Xuanyu Liu,EarnestEspressos,6866026
2026-07-04T10:10:10.719254,2026-07-04T10:10:10.730757+00:00,145.3,20,bid,Yashwanth Madan,EarnestEspressos,6866030
2026-07-04T10:10:11.002265,2026-07-04T10:10:11.009147+00:00,145.3,20,bid,Yashwanth Madan,EarnestEspressos,6866036
2026-07-04T10:10:11.361588,2026-07-04T10:10:11.373208+00:00,145.3,20,bid,Yashwanth Madan,EarnestEspressos,6866040
2026-07-04T10:10:11.999899,2026-07-04T10:10:12.064231+00:00,145.3,41,bid,CostlyCorianders,EarnestEspressos,6866050
2026-07-04T10:10:12.603698,2026-07-04T10:10:12.615274+00:00,145.0,50,ask,DiligentDonuts,FlawlessFlatbreads,6866056
2026-07-04T10:10:13.835828,2026-07-04T10:10:13.847412+00:00,145.6,49,bid,CostlyCorianders,EarnestEspressos,6866079
2026-07-04T10:10:14.710949,2026-07-04T10:10:14.722584+00:00,145.1,50,ask,EarnestEspressos,FlawlessFlatbreads,6866094
2026-07-04T10:10:16.817226,2026-07-04T10:10:16.826556+00:00,145.1,50,ask,EarnestEspressos,FlawlessFlatbreads,6866127
2026-07-04T10:10:18.923389,2026-07-04T10:10:18.934999+00:00,145.1,50,ask,EarnestEspressos,FlawlessFlatbreads,6866149
2026-07-04T10:10:20.968965,2026-07-04T10:10:20.977777+00:00,144.8,4,ask,EarnestEspressos,Kaleb Liu,6866176
2026-07-04T10:10:21.877488,2026-07-04T10:10:21.883908+00:00,144.8,42,ask,EarnestEspressos,CostlyCorianders,6866190
2026-07-04T10:10:23.136657,2026-07-04T10:10:23.148278+00:00,144.8,50,ask,EarnestEspressos,FlawlessFlatbreads,6866203
2026-07-04T10:10:23.191770,2026-07-04T10:10:23.203969+00:00,144.9,14,bid,Xuanyu Liu,EarnestEspressos,6866204
2026-07-04T10:10:23.455125,2026-07-04T10:10:23.458568+00:00,144.9,20,bid,Yashwanth Madan,EarnestEspressos,6866217
2026-07-04T10:10:23.734838,2026-07-04T10:10:23.746820+00:00,144.9,20,bid,Yashwanth Madan,EarnestEspressos,6866219
2026-07-04T10:10:23.905519,2026-07-04T10:10:23.914452+00:00,144.9,46,bid,CostlyCorianders,EarnestEspressos,6866224
2026-07-04T10:10:24.440968,2026-07-04T10:10:24.458761+00:00,144.7,10,ask,Yashwanth Madan,CostlyCorianders,6866231
2026-07-04T10:10:24.440968,2026-07-04T10:10:24.458761+00:00,144.5,33,ask,DiligentDonuts,CostlyCorianders,6866232
2026-07-04T10:10:25.244849,2026-07-04T10:10:25.253528+00:00,144.7,10,ask,Yashwanth Madan,FlawlessFlatbreads,6866240
2026-07-04T10:10:25.244849,2026-07-04T10:10:25.253528+00:00,144.5,40,ask,DiligentDonuts,FlawlessFlatbreads,6866241
2026-07-04T10:10:26.977861,2026-07-04T10:10:26.986952+00:00,144.7,45,bid,CostlyCorianders,DiligentDonuts,6866270
2026-07-04T10:10:26.988740,2026-07-04T10:10:26.997244+00:00,144.7,6,bid,Kaleb Liu,DiligentDonuts,6866271
2026-07-04T10:10:27.352669,2026-07-04T10:10:27.364646+00:00,144.5,50,ask,EarnestEspressos,FlawlessFlatbreads,6866275
2026-07-04T10:10:29.000560,2026-07-04T10:10:29.008213+00:00,144.7,45,bid,CostlyCorianders,DiligentDonuts,6866301
2026-07-04T10:10:29.304355,2026-07-04T10:10:29.311712+00:00,144.7,4,bid,Chester Au,DiligentDonuts,6866305
2026-07-04T10:10:29.460678,2026-07-04T10:10:29.469068+00:00,144.7,10,ask,Yashwanth Madan,FlawlessFlatbreads,6866309
2026-07-04T10:10:29.460678,2026-07-04T10:10:29.469068+00:00,144.4,40,ask,EarnestEspressos,FlawlessFlatbreads,6866310
2026-07-04T10:10:30.960543,2026-07-04T10:10:30.971873+00:00,144.9,25,bid,Alan Tran,EarnestEspressos,6866336
2026-07-04T10:10:31.568818,2026-07-04T10:10:31.580905+00:00,144.6,50,ask,DiligentDonuts,FlawlessFlatbreads,6866355
2026-07-04T10:10:33.676646,2026-07-04T10:10:33.688273+00:00,144.5,50,ask,DiligentDonuts,FlawlessFlatbreads,6866373
2026-07-04T10:10:34.524767,2026-07-04T10:10:34.532829+00:00,144.5,48,ask,DiligentDonuts,CostlyCorianders,6866384
2026-07-04T10:10:35.782887,2026-07-04T10:10:35.790232+00:00,144.5,2,ask,DiligentDonuts,FlawlessFlatbreads,6866403
2026-07-04T10:10:35.782887,2026-07-04T10:10:35.795431+00:00,144.3,48,ask,EarnestEspressos,FlawlessFlatbreads,6866404
2026-07-04T10:10:36.047048,2026-07-04T10:10:36.056379+00:00,144.6,100,bid,Chester Au,DiligentDonuts,6866412
2026-07-04T10:10:37.894406,2026-07-04T10:10:37.903684+00:00,144.3,50,ask,EarnestEspressos,FlawlessFlatbreads,6866445
2026-07-04T10:10:39.003056,2026-07-04T10:10:39.013465+00:00,144.5,96,bid,Chester Au,EarnestEspressos,6866458
2026-07-04T10:10:39.005682,2026-07-04T10:10:39.013465+00:00,144.5,3,bid,Xuanyu Liu,EarnestEspressos,6866459
2026-07-04T10:10:39.012696,2026-07-04T10:10:39.033859+00:00,144.5,2,bid,Kaleb Liu,EarnestEspressos,6866462
2026-07-04T10:10:40.001955,2026-07-04T10:10:40.013774+00:00,144.4,50,ask,DiligentDonuts,FlawlessFlatbreads,6866472
2026-07-04T10:10:40.191368,2026-07-04T10:10:40.201013+00:00,144.5,11,bid,Xuanyu Liu,EarnestEspressos,6866474
2026-07-04T10:10:41.024551,2026-07-04T10:10:41.036149+00:00,144.5,4,bid,Kaleb Liu,EarnestEspressos,6866486
2026-07-04T10:10:42.110930,2026-07-04T10:10:42.122527+00:00,144.4,50,ask,DiligentDonuts,FlawlessFlatbreads,6866502
2026-07-04T10:10:43.038340,2026-07-04T10:10:43.049994+00:00,144.3,6,ask,EarnestEspressos,Kaleb Liu,6866521
2026-07-04T10:10:43.194163,2026-07-04T10:10:43.205548+00:00,144.6,43,bid,CostlyCorianders,DiligentDonuts,6866524
2026-07-04T10:10:43.249114,2026-07-04T10:10:43.255023+00:00,144.3,48,ask,EarnestEspressos,CostlyCorianders,6866526
2026-07-04T10:10:43.797782,2026-07-04T10:10:43.808915+00:00,144.6,49,bid,CostlyCorianders,DiligentDonuts,6866532
2026-07-04T10:10:44.218810,2026-07-04T10:10:44.227434+00:00,144.3,50,ask,EarnestEspressos,FlawlessFlatbreads,6866540
2026-07-04T10:10:46.051899,2026-07-04T10:10:46.063650+00:00,144.3,2,bid,Kaleb Liu,EarnestEspressos,6866564
2026-07-04T10:10:46.326434,2026-07-04T10:10:46.364056+00:00,144.2,50,ask,DiligentDonuts,FlawlessFlatbreads,6866569
2026-07-04T10:10:47.375893,2026-07-04T10:10:47.387586+00:00,144.2,44,ask,DiligentDonuts,CostlyCorianders,6866580
2026-07-04T10:10:48.041297,2026-07-04T10:10:48.052528+00:00,144.3,46,bid,CostlyCorianders,EarnestEspressos,6866590
2026-07-04T10:10:48.654808,2026-07-04T10:10:48.658559+00:00,143.8,45,ask,EarnestEspressos,CostlyCorianders,6866598
2026-07-04T10:10:49.154751,2026-07-04T10:10:49.166299+00:00,143.8,46,ask,EarnestEspressos,CostlyCorianders,6866607
2026-07-04T10:10:50.485464,2026-07-04T10:10:50.497204+00:00,144.2,50,bid,FlawlessFlatbreads,DiligentDonuts,6866631
2026-07-04T10:10:51.689574,2026-07-04T10:10:51.698011+00:00,144.1,12,bid,Xuanyu Liu,EarnestEspressos,6866639
2026-07-04T10:10:52.072217,2026-07-04T10:10:52.084118+00:00,144.1,10,bid,Kaleb Liu,EarnestEspressos,6866643
2026-07-04T10:10:52.100653,2026-07-04T10:10:52.110088+00:00,144.1,23,bid,Xuanyu Liu,EarnestEspressos,6866646
2026-07-04T10:10:52.339593,2026-07-04T10:10:52.358615+00:00,144.1,44,bid,CostlyCorianders,EarnestEspressos,6866651
2026-07-04T10:10:52.643108,2026-07-04T10:10:52.663668+00:00,144.0,50,ask,DiligentDonuts,FlawlessFlatbreads,6866653
2026-07-04T10:10:53.087567,2026-07-04T10:10:53.094703+00:00,144.1,22,bid,Kaleb Liu,EarnestEspressos,6866659
2026-07-04T10:10:54.757575,2026-07-04T10:10:54.765432+00:00,144.0,50,ask,DiligentDonuts,FlawlessFlatbreads,6866680
2026-07-04T10:10:56.864901,2026-07-04T10:10:56.876709+00:00,144.2,50,ask,EarnestEspressos,FlawlessFlatbreads,6866701
2026-07-04T10:10:58.996844,2026-07-04T10:10:59.008563+00:00,144.3,50,ask,EarnestEspressos,FlawlessFlatbreads,6866731
2026-07-04T10:10:59.356339,2026-07-04T10:10:59.363780+00:00,144.7,44,bid,CostlyCorianders,DiligentDonuts,6866739
2026-07-04T10:11:00.439008,2026-07-04T10:11:00.463650+00:00,144.3,48,ask,EarnestEspressos,CostlyCorianders,6866748
2026-07-04T10:11:01.052833,2026-07-04T10:11:01.064018+00:00,144.7,50,bid,FlawlessFlatbreads,DiligentDonuts,6866756
2026-07-04T10:11:01.133913,2026-07-04T10:11:01.142633+00:00,144.2,100,ask,DiligentDonuts,EarnestEspressos,6866757
2026-07-04T10:11:01.259401,2026-07-04T10:11:01.267186+00:00,144.2,11,bid,Xuanyu Liu,EarnestEspressos,6866758
2026-07-04T10:11:02.110571,2026-07-04T10:11:02.120147+00:00,144.2,17,bid,Kaleb Liu,EarnestEspressos,6866781
2026-07-04T10:11:02.586251,2026-07-04T10:11:02.595567+00:00,144.2,11,bid,Xuanyu Liu,EarnestEspressos,6866791
2026-07-04T10:11:03.122716,2026-07-04T10:11:03.134580+00:00,144.2,11,bid,Kaleb Liu,EarnestEspressos,6866795
2026-07-04T10:11:03.135274,2026-07-04T10:11:03.145029+00:00,144.5,2,bid,Kaleb Liu,DiligentDonuts,6866797
2026-07-04T10:11:03.160301,2026-07-04T10:11:03.172159+00:00,144.5,50,bid,FlawlessFlatbreads,DiligentDonuts,6866798
2026-07-04T10:11:04.141622,2026-07-04T10:11:04.153113+00:00,144.5,2,bid,Kaleb Liu,DiligentDonuts,6866822
2026-07-04T10:11:04.242654,2026-07-04T10:11:04.253315+00:00,144.5,46,bid,EarnestEspressos,DiligentDonuts,6866823
2026-07-04T10:11:04.303822,2026-07-04T10:11:04.314125+00:00,144.5,22,ask,EarnestEspressos,Xuanyu Liu,6866824
2026-07-04T10:11:04.612940,2026-07-04T10:11:04.620865+00:00,145.0,47,bid,CostlyCorianders,EarnestEspressos,6866831
2026-07-04T10:11:05.148190,2026-07-04T10:11:05.159826+00:00,145.0,2,bid,Kaleb Liu,EarnestEspressos,6866849
2026-07-04T10:11:05.277757,2026-07-04T10:11:05.285682+00:00,145.0,50,bid,FlawlessFlatbreads,EarnestEspressos,6866854
2026-07-04T10:11:06.157335,2026-07-04T10:11:06.166568+00:00,144.5,13,ask,EarnestEspressos,Kaleb Liu,6866869
2026-07-04T10:11:06.167593,2026-07-04T10:11:06.177276+00:00,145.0,2,bid,Kaleb Liu,EarnestEspressos,6866871
2026-07-04T10:11:07.173237,2026-07-04T10:11:07.185058+00:00,145.0,2,bid,Kaleb Liu,EarnestEspressos,6866884
2026-07-04T10:11:07.409236,2026-07-04T10:11:07.419799+00:00,145.0,50,bid,FlawlessFlatbreads,DiligentDonuts,6866885
