timestamp,recv_time,price,volume,aggressor_side,buyer,seller,trade_id
2026-07-08T17:00:01.024156,2026-07-08T17:00:01.033195+00:00,147.8,46,bid,CostlyCorianders,DiligentDonuts,12470442
2026-07-08T17:00:02.032381,2026-07-08T17:00:02.040328+00:00,147.5,50,ask,EarnestEspressos,FlawlessFlatbreads,12470463
2026-07-08T17:00:02.804776,2026-07-08T17:00:02.814455+00:00,147.5,6,ask,EarnestEspressos,Xuanyu Liu,12470475
2026-07-08T17:00:02.981636,2026-07-08T17:00:02.993502+00:00,147.5,100,ask,DiligentDonuts,EarnestEspressos,12470480
2026-07-08T17:00:03.032084,2026-07-08T17:00:03.044135+00:00,147.4,8,ask,Lachy Miller,CostlyCorianders,12470481
2026-07-08T17:00:03.032084,2026-07-08T17:00:03.044135+00:00,147.0,32,ask,EarnestEspressos,CostlyCorianders,12470482
2026-07-08T17:00:04.076771,2026-07-08T17:00:04.084550+00:00,147.5,45,bid,CostlyCorianders,EarnestEspressos,12470495
2026-07-08T17:00:04.090369,2026-07-08T17:00:04.102242+00:00,147.5,5,bid,FlawlessFlatbreads,EarnestEspressos,12470496
2026-07-08T17:00:04.090369,2026-07-08T17:00:04.102242+00:00,147.6,8,bid,FlawlessFlatbreads,Lachy Miller,12470497
2026-07-08T17:00:06.092319,2026-07-08T17:00:06.103162+00:00,147.4,100,bid,EarnestEspressos,DiligentDonuts,12470533
2026-07-08T17:00:06.092319,2026-07-08T17:00:06.103162+00:00,147.5,8,bid,EarnestEspressos,Lachy Miller,12470534
2026-07-08T17:00:06.150109,2026-07-08T17:00:06.160726+00:00,147.5,42,ask,EarnestEspressos,CostlyCorianders,12470537
2026-07-08T17:00:06.150109,2026-07-08T17:00:06.160726+00:00,146.9,1,ask,DiligentDonuts,CostlyCorianders,12470538
2026-07-08T17:00:08.304274,2026-07-08T17:00:08.316268+00:00,147.7,8,bid,FlawlessFlatbreads,Lachy Miller,12470577
2026-07-08T17:00:08.304274,2026-07-08T17:00:08.316268+00:00,148.0,42,bid,FlawlessFlatbreads,EarnestEspressos,12470578
2026-07-08T17:00:10.414776,2026-07-08T17:00:10.425161+00:00,147.2,50,bid,FlawlessFlatbreads,EarnestEspressos,12470598
2026-07-08T17:00:11.799403,2026-07-08T17:00:11.811292+00:00,147.2,100,bid,DiligentDonuts,EarnestEspressos,12470611
2026-07-08T17:00:12.414771,2026-07-08T17:00:12.431285+00:00,147.4,41,ask,EarnestEspressos,CostlyCorianders,12470624
2026-07-08T17:00:12.422344,2026-07-08T17:00:12.431285+00:00,147.4,11,ask,EarnestEspressos,Xuanyu Liu,12470625
2026-07-08T17:00:12.520457,2026-07-08T17:00:12.532840+00:00,147.5,8,bid,FlawlessFlatbreads,Lachy Miller,12470627
2026-07-08T17:00:12.520457,2026-07-08T17:00:12.532840+00:00,147.7,42,bid,FlawlessFlatbreads,DiligentDonuts,12470628
2026-07-08T17:00:12.890335,2026-07-08T17:00:12.899603+00:00,147.7,43,bid,CostlyCorianders,DiligentDonuts,12470637
2026-07-08T17:00:12.944592,2026-07-08T17:00:12.956512+00:00,147.4,41,ask,EarnestEspressos,CostlyCorianders,12470638
2026-07-08T17:00:13.717760,2026-07-08T17:00:13.726160+00:00,147.4,8,ask,EarnestEspressos,Xuanyu Liu,12470649
2026-07-08T17:00:13.768470,2026-07-08T17:00:13.777031+00:00,147.4,4,ask,EarnestEspressos,Xuanyu Liu,12470651
2026-07-08T17:00:13.977738,2026-07-08T17:00:13.989515+00:00,147.4,45,ask,EarnestEspressos,CostlyCorianders,12470653
2026-07-08T17:00:13.977738,2026-07-08T17:00:13.989515+00:00,147.2,1,ask,Lachy Miller,CostlyCorianders,12470654
2026-07-08T17:00:14.627812,2026-07-08T17:00:14.639805+00:00,147.7,15,bid,FlawlessFlatbreads,DiligentDonuts,12470666
2026-07-08T17:00:14.627812,2026-07-08T17:00:14.639805+00:00,147.9,35,bid,FlawlessFlatbreads,EarnestEspressos,12470667
2026-07-08T17:00:16.735228,2026-07-08T17:00:16.758606+00:00,147.3,50,bid,FlawlessFlatbreads,EarnestEspressos,12470702
2026-07-08T17:00:17.612839,2026-07-08T17:00:17.630001+00:00,147.3,44,bid,CostlyCorianders,EarnestEspressos,12470713
2026-07-08T17:00:18.841167,2026-07-08T17:00:18.852869+00:00,147.5,50,bid,FlawlessFlatbreads,DiligentDonuts,12470737
2026-07-08T17:00:19.579094,2026-07-08T17:00:19.590152+00:00,147.5,49,bid,CostlyCorianders,DiligentDonuts,12470746
2026-07-08T17:00:20.949492,2026-07-08T17:00:20.958582+00:00,147.5,1,bid,FlawlessFlatbreads,DiligentDonuts,12470759
2026-07-08T17:00:20.949492,2026-07-08T17:00:20.958582+00:00,147.5,8,bid,FlawlessFlatbreads,Lachy Miller,12470760
2026-07-08T17:00:20.949492,2026-07-08T17:00:20.958582+00:00,147.6,41,bid,FlawlessFlatbreads,EarnestEspressos,12470761
2026-07-08T17:00:21.545043,2026-07-08T17:00:21.563935+00:00,147.3,48,ask,DiligentDonuts,CostlyCorianders,12470775
2026-07-08T17:00:22.908300,2026-07-08T17:00:22.918131+00:00,147.3,22,ask,DiligentDonuts,Xuanyu Liu,12470799
2026-07-08T17:00:23.064428,2026-07-08T17:00:23.072105+00:00,147.8,50,bid,FlawlessFlatbreads,DiligentDonuts,12470801
2026-07-08T17:00:25.172208,2026-07-08T17:00:25.184150+00:00,147.6,50,bid,FlawlessFlatbreads,DiligentDonuts,12470842
2026-07-08T17:00:27.279603,2026-07-08T17:00:27.286551+00:00,147.6,50,bid,FlawlessFlatbreads,DiligentDonuts,12470873
2026-07-08T17:00:27.652791,2026-07-08T17:00:27.661736+00:00,147.5,12,ask,DiligentDonuts,Xuanyu Liu,12470877
2026-07-08T17:00:29.385792,2026-07-08T17:00:29.397446+00:00,147.7,50,bid,FlawlessFlatbreads,EarnestEspressos,12470909
2026-07-08T17:00:29.805278,2026-07-08T17:00:29.812546+00:00,147.5,45,ask,DiligentDonuts,CostlyCorianders,12470924
2026-07-08T17:00:31.498569,2026-07-08T17:00:31.510524+00:00,147.8,8,bid,FlawlessFlatbreads,Lachy Miller,12470956
2026-07-08T17:00:31.498569,2026-07-08T17:00:31.510524+00:00,147.9,42,bid,FlawlessFlatbreads,DiligentDonuts,12470957
2026-07-08T17:00:31.615657,2026-07-08T17:00:31.625541+00:00,147.9,47,bid,CostlyCorianders,DiligentDonuts,12470958
2026-07-08T17:00:33.607619,2026-07-08T17:00:33.619033+00:00,147.9,11,bid,FlawlessFlatbreads,DiligentDonuts,12470980
2026-07-08T17:00:33.607619,2026-07-08T17:00:33.619033+00:00,148.0,8,bid,FlawlessFlatbreads,Lachy Miller,12470981
2026-07-08T17:00:33.607619,2026-07-08T17:00:33.619033+00:00,148.1,31,bid,FlawlessFlatbreads,EarnestEspressos,12470982
2026-07-08T17:00:34.398709,2026-07-08T17:00:34.408312+00:00,147.8,11,ask,DiligentDonuts,Xuanyu Liu,12470996
2026-07-08T17:00:34.554674,2026-07-08T17:00:34.564348+00:00,147.9,8,ask,Lachy Miller,Xuanyu Liu,12471000
2026-07-08T17:00:35.745041,2026-07-08T17:00:35.753176+00:00,148.2,50,bid,FlawlessFlatbreads,EarnestEspressos,12471012
2026-07-08T17:00:37.334083,2026-07-08T17:00:37.342730+00:00,147.9,4,ask,DiligentDonuts,Xuanyu Liu,12471044
2026-07-08T17:00:37.830485,2026-07-08T17:00:37.839584+00:00,148.0,8,ask,Lachy Miller,Xuanyu Liu,12471049
2026-07-08T17:00:37.852773,2026-07-08T17:00:37.860399+00:00,148.3,8,bid,FlawlessFlatbreads,Lachy Miller,12471051
2026-07-08T17:00:37.852773,2026-07-08T17:00:37.865397+00:00,148.4,42,bid,FlawlessFlatbreads,DiligentDonuts,12471052
2026-07-08T17:00:38.056310,2026-07-08T17:00:38.053201+00:00,147.9,48,ask,DiligentDonuts,CostlyCorianders,12471057
2026-07-08T17:00:38.167323,2026-07-08T17:00:38.178607+00:00,148.0,3,ask,Lachy Miller,Xuanyu Liu,12471062
2026-07-08T17:00:39.969792,2026-07-08T17:00:39.980463+00:00,148.3,8,bid,FlawlessFlatbreads,Lachy Miller,12471088
2026-07-08T17:00:39.969792,2026-07-08T17:00:39.980463+00:00,148.4,42,bid,FlawlessFlatbreads,DiligentDonuts,12471089
2026-07-08T17:00:41.270924,2026-07-08T17:00:41.280447+00:00,147.9,3,ask,DiligentDonuts,Xuanyu Liu,12471113
2026-07-08T17:00:42.078537,2026-07-08T17:00:42.089428+00:00,148.3,50,bid,FlawlessFlatbreads,EarnestEspressos,12471122
2026-07-08T17:00:42.868949,2026-07-08T17:00:42.880113+00:00,147.9,46,ask,DiligentDonuts,CostlyCorianders,12471142
2026-07-08T17:00:43.516761,2026-07-08T17:00:43.526723+00:00,147.9,8,ask,Lachy Miller,DiligentDonuts,12471158
2026-07-08T17:00:44.353318,2026-07-08T17:00:44.364982+00:00,147.8,45,ask,EarnestEspressos,CostlyCorianders,12471172
2026-07-08T17:00:46.297787,2026-07-08T17:00:46.309987+00:00,147.9,42,bid,FlawlessFlatbreads,DiligentDonuts,12471211
2026-07-08T17:00:46.297787,2026-07-08T17:00:46.309987+00:00,148.1,8,bid,FlawlessFlatbreads,Lachy Miller,12471212
2026-07-08T17:00:46.354424,2026-07-08T17:00:46.366468+00:00,148.3,46,bid,CostlyCorianders,EarnestEspressos,12471213
2026-07-08T17:00:48.463152,2026-07-08T17:00:48.474207+00:00,147.9,50,ask,EarnestEspressos,FlawlessFlatbreads,12471246
2026-07-08T17:00:50.518017,2026-07-08T17:00:50.526448+00:00,148.3,50,bid,FlawlessFlatbreads,EarnestEspressos,12471281
2026-07-08T17:00:51.098103,2026-07-08T17:00:51.109743+00:00,148.3,42,bid,CostlyCorianders,EarnestEspressos,12471288
2026-07-08T17:00:51.152211,2026-07-08T17:00:51.164475+00:00,147.9,43,ask,DiligentDonuts,CostlyCorianders,12471289
2026-07-08T17:00:53.559674,2026-07-08T17:00:53.571640+00:00,148.1,100,bid,EarnestEspressos,DiligentDonuts,12471317
2026-07-08T17:00:54.785705,2026-07-08T17:00:54.797515+00:00,148.1,50,ask,EarnestEspressos,FlawlessFlatbreads,12471341
2026-07-08T17:00:54.896540,2026-07-08T17:00:54.903332+00:00,148.6,43,bid,CostlyCorianders,EarnestEspressos,12471342
2026-07-08T17:00:54.951906,2026-07-08T17:00:54.958394+00:00,148.1,8,ask,Lachy Miller,CostlyCorianders,12471344
2026-07-08T17:00:56.891851,2026-07-08T17:00:56.904071+00:00,148.1,8,ask,Lachy Miller,FlawlessFlatbreads,12471386
2026-07-08T17:00:56.891851,2026-07-08T17:00:56.904071+00:00,148.0,42,ask,DiligentDonuts,FlawlessFlatbreads,12471387
2026-07-08T17:00:56.978655,2026-07-08T17:00:56.990344+00:00,148.0,48,ask,DiligentDonuts,CostlyCorianders,12471391
2026-07-08T17:00:59.002104,2026-07-08T17:00:59.014181+00:00,148.0,10,ask,DiligentDonuts,FlawlessFlatbreads,12471433
2026-07-08T17:00:59.002104,2026-07-08T17:00:59.014181+00:00,147.9,8,ask,Lachy Miller,FlawlessFlatbreads,12471434
2026-07-08T17:00:59.002104,2026-07-08T17:00:59.014181+00:00,147.7,32,ask,EarnestEspressos,FlawlessFlatbreads,12471435
2026-07-08T17:00:59.484116,2026-07-08T17:00:59.495820+00:00,148.0,8,bid,CostlyCorianders,Lachy Miller,12471443
2026-07-08T17:00:59.484116,2026-07-08T17:00:59.495820+00:00,148.1,37,bid,CostlyCorianders,DiligentDonuts,12471444
2026-07-08T17:01:01.112242,2026-07-08T17:01:01.123994+00:00,147.6,50,ask,DiligentDonuts,FlawlessFlatbreads,12471471
2026-07-08T17:01:03.220849,2026-07-08T17:01:03.230200+00:00,147.5,50,ask,DiligentDonuts,FlawlessFlatbreads,12471506
2026-07-08T17:01:04.462178,2026-07-08T17:01:04.473947+00:00,148.0,42,bid,CostlyCorianders,DiligentDonuts,12471529
2026-07-08T17:01:04.518589,2026-07-08T17:01:04.528627+00:00,147.5,44,ask,DiligentDonuts,CostlyCorianders,12471533
2026-07-08T17:01:05.327850,2026-07-08T17:01:05.339954+00:00,147.5,6,ask,DiligentDonuts,FlawlessFlatbreads,12471548
2026-07-08T17:01:05.327850,2026-07-08T17:01:05.339954+00:00,147.5,44,ask,EarnestEspressos,FlawlessFlatbreads,12471549
2026-07-08T17:01:06.031563,2026-07-08T17:01:06.043208+00:00,147.9,42,bid,CostlyCorianders,DiligentDonuts,12471558
2026-07-08T17:01:07.007259,2026-07-08T17:01:07.014631+00:00,147.4,46,ask,DiligentDonuts,CostlyCorianders,12471570
2026-07-08T17:01:09.546044,2026-07-08T17:01:09.554054+00:00,147.5,50,ask,DiligentDonuts,FlawlessFlatbreads,12471612
2026-07-08T17:01:11.602518,2026-07-08T17:01:11.614599+00:00,147.9,50,bid,FlawlessFlatbreads,EarnestEspressos,12471643
2026-07-08T17:01:12.964048,2026-07-08T17:01:12.970003+00:00,147.7,40,ask,EarnestEspressos,CostlyCorianders,12471670
2026-07-08T17:01:13.712520,2026-07-08T17:01:13.722940+00:00,148.0,50,bid,FlawlessFlatbreads,DiligentDonuts,12471688
2026-07-08T17:01:15.697934,2026-07-08T17:01:15.707958+00:00,148.1,8,bid,CostlyCorianders,Lachy Miller,12471728
2026-07-08T17:01:15.697934,2026-07-08T17:01:15.707958+00:00,148.2,40,bid,CostlyCorianders,DiligentDonuts,12471729
2026-07-08T17:01:16.755979,2026-07-08T17:01:16.769055+00:00,148.0,46,bid,CostlyCorianders,EarnestEspressos,12471742
2026-07-08T17:01:17.327500,2026-07-08T17:01:17.337498+00:00,147.7,46,ask,DiligentDonuts,CostlyCorianders,12471753
2026-07-08T17:01:17.975568,2026-07-08T17:01:17.984434+00:00,147.7,50,ask,DiligentDonuts,FlawlessFlatbreads,12471763
2026-07-08T17:01:20.082450,2026-07-08T17:01:20.094053+00:00,147.7,50,ask,EarnestEspressos,FlawlessFlatbreads,12471799
2026-07-08T17:01:21.616315,2026-07-08T17:01:21.624978+00:00,147.8,3,bid,Xuanyu Liu,DiligentDonuts,12471820
2026-07-08T17:01:22.137974,2026-07-08T17:01:22.148455+00:00,147.8,50,bid,FlawlessFlatbreads,DiligentDonuts,12471832
2026-07-08T17:01:22.540609,2026-07-08T17:01:22.551752+00:00,147.8,46,bid,CostlyCorianders,DiligentDonuts,12471848
2026-07-08T17:01:22.594367,2026-07-08T17:01:22.606310+00:00,147.6,45,ask,EarnestEspressos,CostlyCorianders,12471849
2026-07-08T17:01:24.296832,2026-07-08T17:01:24.308998+00:00,147.6,50,ask,EarnestEspressos,FlawlessFlatbreads,12471880
2026-07-08T17:01:25.250423,2026-07-08T17:01:25.263897+00:00,147.7,8,ask,Lachy Miller,EarnestEspressos,12471893
2026-07-08T17:01:25.250423,2026-07-08T17:01:25.269278+00:00,147.6,100,ask,DiligentDonuts,EarnestEspressos,12471894
2026-07-08T17:01:25.271339,2026-07-08T17:01:25.282346+00:00,147.5,11,bid,Xuanyu Liu,EarnestEspressos,12471897
2026-07-08T17:01:25.325026,2026-07-08T17:01:25.335230+00:00,147.4,8,bid,Xuanyu Liu,Lachy Miller,12471899
2026-07-08T17:01:26.407967,2026-07-08T17:01:26.415477+00:00,147.0,50,ask,EarnestEspressos,FlawlessFlatbreads,12471917
2026-07-08T17:01:26.491269,2026-07-08T17:01:26.500976+00:00,147.5,4,bid,Xuanyu Liu,EarnestEspressos,12471920
2026-07-08T17:01:28.516018,2026-07-08T17:01:28.527625+00:00,147.3,50,ask,DiligentDonuts,FlawlessFlatbreads,12471958
2026-07-08T17:01:30.646929,2026-07-08T17:01:30.658556+00:00,147.3,50,ask,DiligentDonuts,FlawlessFlatbreads,12471990
2026-07-08T17:01:30.778545,2026-07-08T17:01:30.785928+00:00,147.8,40,bid,CostlyCorianders,DiligentDonuts,12471993
2026-07-08T17:01:31.278128,2026-07-08T17:01:31.289918+00:00,147.6,48,bid,CostlyCorianders,DiligentDonuts,12471995
2026-07-08T17:01:32.753911,2026-07-08T17:01:32.765960+00:00,147.3,50,ask,EarnestEspressos,FlawlessFlatbreads,12472010
2026-07-08T17:01:36.946464,2026-07-08T17:01:36.958557+00:00,147.7,50,bid,FlawlessFlatbreads,EarnestEspressos,12472066
2026-07-08T17:01:37.822088,2026-07-08T17:01:37.833884+00:00,147.2,41,ask,DiligentDonuts,CostlyCorianders,12472086
2026-07-08T17:01:39.051597,2026-07-08T17:01:39.055396+00:00,147.7,50,bid,FlawlessFlatbreads,DiligentDonuts,12472104
2026-07-08T17:01:39.796363,2026-07-08T17:01:39.805783+00:00,147.7,11,bid,Xuanyu Liu,DiligentDonuts,12472124
2026-07-08T17:01:40.103147,2026-07-08T17:01:40.119988+00:00,147.4,49,ask,EarnestEspressos,CostlyCorianders,12472135
2026-07-08T17:01:41.159943,2026-07-08T17:01:41.171753+00:00,147.9,50,bid,FlawlessFlatbreads,EarnestEspressos,12472162
2026-07-08T17:01:43.266487,2026-07-08T17:01:43.278016+00:00,147.9,50,bid,FlawlessFlatbreads,EarnestEspressos,12472199
2026-07-08T17:01:44.097525,2026-07-08T17:01:44.158627+00:00,147.9,45,bid,CostlyCorianders,EarnestEspressos,12472223
2026-07-08T17:01:44.177400,2026-07-08T17:01:44.195179+00:00,148.0,8,bid,EarnestEspressos,Lachy Miller,12472224
2026-07-08T17:01:44.185626,2026-07-08T17:01:44.195179+00:00,148.1,23,ask,EarnestEspressos,Xuanyu Liu,12472225
2026-07-08T17:01:45.372138,2026-07-08T17:01:45.383785+00:00,148.2,50,bid,FlawlessFlatbreads,DiligentDonuts,12472239
2026-07-08T17:01:46.567228,2026-07-08T17:01:46.578965+00:00,148.1,46,ask,EarnestEspressos,CostlyCorianders,12472260
2026-07-08T17:01:46.936226,2026-07-08T17:01:46.947304+00:00,148.1,11,ask,EarnestEspressos,Xuanyu Liu,12472272
2026-07-08T17:01:47.477851,2026-07-08T17:01:47.489786+00:00,148.1,50,bid,FlawlessFlatbreads,EarnestEspressos,12472282
2026-07-08T17:01:48.764827,2026-07-08T17:01:48.776745+00:00,147.9,48,ask,DiligentDonuts,CostlyCorianders,12472301
2026-07-08T17:01:49.638317,2026-07-08T17:01:49.646214+00:00,147.9,50,ask,DiligentDonuts,FlawlessFlatbreads,12472327
2026-07-08T17:01:51.745871,2026-07-08T17:01:51.752528+00:00,147.8,50,ask,EarnestEspressos,FlawlessFlatbreads,12472354
2026-07-08T17:01:53.158226,2026-07-08T17:01:53.170149+00:00,147.8,100,ask,EarnestEspressos,DiligentDonuts,12472376
2026-07-08T17:01:53.733807,2026-07-08T17:01:53.743551+00:00,147.6,23,bid,Xuanyu Liu,EarnestEspressos,12472386
2026-07-08T17:01:53.862469,2026-07-08T17:01:53.874271+00:00,147.4,8,ask,Lachy Miller,FlawlessFlatbreads,12472389
2026-07-08T17:01:53.862469,2026-07-08T17:01:53.874271+00:00,147.1,42,ask,DiligentDonuts,FlawlessFlatbreads,12472390
2026-07-08T17:01:55.463009,2026-07-08T17:01:55.473697+00:00,147.6,11,bid,Xuanyu Liu,EarnestEspressos,12472411
2026-07-08T17:01:55.859505,2026-07-08T17:01:55.868338+00:00,147.6,8,bid,Xuanyu Liu,EarnestEspressos,12472418
2026-07-08T17:01:55.971806,2026-07-08T17:01:55.981210+00:00,147.1,50,ask,DiligentDonuts,FlawlessFlatbreads,12472420
2026-07-08T17:01:56.661939,2026-07-08T17:01:56.671860+00:00,147.6,4,bid,Xuanyu Liu,EarnestEspressos,12472424
2026-07-08T17:01:57.810877,2026-07-08T17:01:57.819325+00:00,148.0,46,bid,CostlyCorianders,DiligentDonuts,12472443
2026-07-08T17:01:58.083534,2026-07-08T17:01:58.090616+00:00,147.5,50,ask,DiligentDonuts,FlawlessFlatbreads,12472449
2026-07-08T17:01:59.280295,2026-07-08T17:01:59.290997+00:00,148.0,41,bid,CostlyCorianders,DiligentDonuts,12472479
2026-07-08T17:02:00.192629,2026-07-08T17:02:00.209765+00:00,147.7,50,ask,DiligentDonuts,FlawlessFlatbreads,12472491
2026-07-08T17:02:02.248983,2026-07-08T17:02:02.258573+00:00,148.0,50,bid,FlawlessFlatbreads,EarnestEspressos,12472524
2026-07-08T17:02:02.785634,2026-07-08T17:02:02.793658+00:00,148.0,49,bid,CostlyCorianders,EarnestEspressos,12472532
2026-07-08T17:02:03.407842,2026-07-08T17:02:03.419695+00:00,148.0,48,ask,EarnestEspressos,CostlyCorianders,12472539
2026-07-08T17:02:03.971591,2026-07-08T17:02:03.983489+00:00,148.3,42,bid,CostlyCorianders,DiligentDonuts,12472552
2026-07-08T17:02:04.026524,2026-07-08T17:02:04.036467+00:00,148.0,45,ask,EarnestEspressos,CostlyCorianders,12472553
2026-07-08T17:02:04.356981,2026-07-08T17:02:04.358578+00:00,148.3,50,bid,FlawlessFlatbreads,DiligentDonuts,12472558
2026-07-08T17:02:05.062752,2026-07-08T17:02:05.079567+00:00,148.3,8,bid,CostlyCorianders,DiligentDonuts,12472566
2026-07-08T17:02:05.120500,2026-07-08T17:02:05.130094+00:00,148.0,49,ask,EarnestEspressos,CostlyCorianders,12472567
2026-07-08T17:02:05.307564,2026-07-08T17:02:05.315905+00:00,148.0,8,ask,EarnestEspressos,Xuanyu Liu,12472572
2026-07-08T17:02:06.381043,2026-07-08T17:02:06.390573+00:00,147.8,100,ask,DiligentDonuts,EarnestEspressos,12472584
2026-07-08T17:02:06.515370,2026-07-08T17:02:06.528271+00:00,147.7,8,ask,Lachy Miller,FlawlessFlatbreads,12472586
2026-07-08T17:02:08.620958,2026-07-08T17:02:08.629646+00:00,147.3,50,ask,EarnestEspressos,FlawlessFlatbreads,12472613
2026-07-08T17:02:10.728514,2026-07-08T17:02:10.740130+00:00,147.6,50,ask,EarnestEspressos,FlawlessFlatbreads,12472644
2026-07-08T17:02:14.115184,2026-07-08T17:02:14.123293+00:00,147.8,42,bid,CostlyCorianders,EarnestEspressos,12472698
2026-07-08T17:02:14.740420,2026-07-08T17:02:14.750462+00:00,147.8,47,bid,CostlyCorianders,EarnestEspressos,12472706
2026-07-08T17:02:14.890097,2026-07-08T17:02:14.901701+00:00,147.8,50,bid,FlawlessFlatbreads,EarnestEspressos,12472709
2026-07-08T17:02:16.222424,2026-07-08T17:02:16.230926+00:00,147.9,4,ask,EarnestEspressos,Xuanyu Liu,12472741
2026-07-08T17:02:17.270802,2026-07-08T17:02:17.280439+00:00,147.9,44,ask,EarnestEspressos,CostlyCorianders,12472758
2026-07-08T17:02:18.223151,2026-07-08T17:02:18.233679+00:00,147.9,49,ask,EarnestEspressos,CostlyCorianders,12472777
2026-07-08T17:02:18.447998,2026-07-08T17:02:18.494948+00:00,147.9,11,ask,EarnestEspressos,Xuanyu Liu,12472785
2026-07-08T17:02:19.149458,2026-07-08T17:02:19.158603+00:00,147.5,50,ask,DiligentDonuts,FlawlessFlatbreads,12472795
2026-07-08T17:02:19.756708,2026-07-08T17:02:19.764992+00:00,147.9,23,bid,Xuanyu Liu,EarnestEspressos,12472806
2026-07-08T17:02:21.205935,2026-07-08T17:02:21.217927+00:00,147.9,50,bid,FlawlessFlatbreads,EarnestEspressos,12472822
2026-07-08T17:02:22.136296,2026-07-08T17:02:22.145475+00:00,148.0,8,bid,EarnestEspressos,Lachy Miller,12472837
2026-07-08T17:02:22.402630,2026-07-08T17:02:22.411352+00:00,148.0,12,ask,EarnestEspressos,Xuanyu Liu,12472845
2026-07-08T17:02:23.161007,2026-07-08T17:02:23.172859+00:00,148.1,46,bid,CostlyCorianders,DiligentDonuts,12472861
2026-07-08T17:02:25.433705,2026-07-08T17:02:25.445492+00:00,148.2,50,bid,FlawlessFlatbreads,DiligentDonuts,12472899
2026-07-08T17:02:25.786200,2026-07-08T17:02:25.795797+00:00,147.9,41,ask,EarnestEspressos,CostlyCorianders,12472902
2026-07-08T17:02:27.571212,2026-07-08T17:02:27.580380+00:00,148.2,50,bid,FlawlessFlatbreads,DiligentDonuts,12472942
2026-07-08T17:02:28.984657,2026-07-08T17:02:28.993502+00:00,148.2,23,ask,DiligentDonuts,Xuanyu Liu,12472957
2026-07-08T17:02:29.676694,2026-07-08T17:02:29.688348+00:00,148.4,50,bid,FlawlessFlatbreads,EarnestEspressos,12472967
2026-07-08T17:02:33.949343,2026-07-08T17:02:33.958964+00:00,147.8,50,ask,DiligentDonuts,FlawlessFlatbreads,12473030
2026-07-08T17:02:35.579155,2026-07-08T17:02:35.587415+00:00,148.2,23,bid,Xuanyu Liu,DiligentDonuts,12473061
2026-07-08T17:02:36.069391,2026-07-08T17:02:36.081076+00:00,148.0,50,ask,EarnestEspressos,FlawlessFlatbreads,12473069
2026-07-08T17:02:38.099640,2026-07-08T17:02:38.111336+00:00,148.2,48,bid,CostlyCorianders,EarnestEspressos,12473107
2026-07-08T17:02:38.175388,2026-07-08T17:02:38.182176+00:00,147.9,8,ask,Lachy Miller,FlawlessFlatbreads,12473110
2026-07-08T17:02:38.175388,2026-07-08T17:02:38.187183+00:00,147.8,42,ask,DiligentDonuts,FlawlessFlatbreads,12473111
2026-07-08T17:02:39.193307,2026-07-08T17:02:39.204395+00:00,147.8,48,ask,DiligentDonuts,CostlyCorianders,12473121
2026-07-08T17:02:40.287627,2026-07-08T17:02:40.296285+00:00,147.8,10,ask,DiligentDonuts,FlawlessFlatbreads,12473137
2026-07-08T17:02:40.287627,2026-07-08T17:02:40.296285+00:00,147.8,8,ask,Lachy Miller,FlawlessFlatbreads,12473138
2026-07-08T17:02:40.287627,2026-07-08T17:02:40.301676+00:00,147.7,32,ask,EarnestEspressos,FlawlessFlatbreads,12473139
2026-07-08T17:02:41.752306,2026-07-08T17:02:41.758561+00:00,148.0,47,bid,CostlyCorianders,DiligentDonuts,12473162
2026-07-08T17:02:42.306702,2026-07-08T17:02:42.317501+00:00,147.5,40,ask,DiligentDonuts,CostlyCorianders,12473169
2026-07-08T17:02:42.396290,2026-07-08T17:02:42.404584+00:00,147.5,50,ask,DiligentDonuts,FlawlessFlatbreads,12473170
2026-07-08T17:02:44.505721,2026-07-08T17:02:44.515374+00:00,147.5,50,ask,EarnestEspressos,FlawlessFlatbreads,12473212
2026-07-08T17:02:45.496695,2026-07-08T17:02:45.505557+00:00,147.8,45,bid,CostlyCorianders,DiligentDonuts,12473231
2026-07-08T17:02:47.087124,2026-07-08T17:02:47.098676+00:00,147.5,49,ask,EarnestEspressos,CostlyCorianders,12473259
2026-07-08T17:02:47.502668,2026-07-08T17:02:47.514724+00:00,147.6,12,bid,Xuanyu Liu,EarnestEspressos,12473262
2026-07-08T17:02:48.664661,2026-07-08T17:02:48.674450+00:00,147.6,50,bid,FlawlessFlatbreads,EarnestEspressos,12473287
2026-07-08T17:02:50.133993,2026-07-08T17:02:50.142707+00:00,147.6,11,bid,Xuanyu Liu,EarnestEspressos,12473309
2026-07-08T17:02:50.801509,2026-07-08T17:02:50.813422+00:00,147.8,50,bid,FlawlessFlatbreads,DiligentDonuts,12473320
2026-07-08T17:02:52.907899,2026-07-08T17:02:52.919570+00:00,147.8,50,bid,FlawlessFlatbreads,DiligentDonuts,12473354
2026-07-08T17:02:55.042183,2026-07-08T17:02:55.049183+00:00,147.8,50,bid,FlawlessFlatbreads,EarnestEspressos,12473388
2026-07-08T17:02:55.520131,2026-07-08T17:02:55.528225+00:00,147.8,41,bid,CostlyCorianders,EarnestEspressos,12473397
2026-07-08T17:02:56.540801,2026-07-08T17:02:56.550156+00:00,147.6,11,ask,DiligentDonuts,Xuanyu Liu,12473408
2026-07-08T17:02:57.148667,2026-07-08T17:02:57.158538+00:00,148.0,8,bid,FlawlessFlatbreads,Lachy Miller,12473418
2026-07-08T17:02:57.148667,2026-07-08T17:02:57.158538+00:00,148.1,42,bid,FlawlessFlatbreads,DiligentDonuts,12473419
2026-07-08T17:02:59.311165,2026-07-08T17:02:59.321904+00:00,147.6,50,ask,DiligentDonuts,FlawlessFlatbreads,12473459
2026-07-08T17:03:00.520740,2026-07-08T17:03:00.532364+00:00,147.8,48,ask,EarnestEspressos,CostlyCorianders,12473480
2026-07-08T17:03:01.418225,2026-07-08T17:03:01.430111+00:00,147.8,50,ask,EarnestEspressos,FlawlessFlatbreads,12473485
2026-07-08T17:03:03.525550,2026-07-08T17:03:03.538271+00:00,147.7,50,ask,DiligentDonuts,FlawlessFlatbreads,12473512
2026-07-08T17:03:04.291497,2026-07-08T17:03:04.302447+00:00,148.1,41,bid,CostlyCorianders,EarnestEspressos,12473529
2026-07-08T17:03:04.825105,2026-07-08T17:03:04.832704+00:00,147.7,41,ask,DiligentDonuts,CostlyCorianders,12473537
2026-07-08T17:03:05.630846,2026-07-08T17:03:05.642257+00:00,147.7,9,ask,DiligentDonuts,FlawlessFlatbreads,12473547
2026-07-08T17:03:05.630846,2026-07-08T17:03:05.642257+00:00,147.7,8,ask,Lachy Miller,FlawlessFlatbreads,12473548
2026-07-08T17:03:05.630846,2026-07-08T17:03:05.642257+00:00,147.6,33,ask,EarnestEspressos,FlawlessFlatbreads,12473549
2026-07-08T17:03:07.740529,2026-07-08T17:03:07.752320+00:00,147.6,50,ask,EarnestEspressos,FlawlessFlatbreads,12473581
2026-07-08T17:03:09.848641,2026-07-08T17:03:09.852549+00:00,147.6,50,ask,DiligentDonuts,FlawlessFlatbreads,12473614
2026-07-08T17:03:10.177445,2026-07-08T17:03:10.184501+00:00,148.0,40,bid,CostlyCorianders,EarnestEspressos,12473617
2026-07-08T17:03:11.955268,2026-07-08T17:03:11.967168+00:00,147.6,50,ask,DiligentDonuts,FlawlessFlatbreads,12473645
2026-07-08T17:03:12.266158,2026-07-08T17:03:12.275238+00:00,147.6,8,ask,Lachy Miller,DiligentDonuts,12473654
2026-07-08T17:03:12.284082,2026-07-08T17:03:12.299565+00:00,147.6,22,bid,Xuanyu Liu,DiligentDonuts,12473656
2026-07-08T17:03:12.770170,2026-07-08T17:03:12.782168+00:00,147.6,70,bid,EarnestEspressos,DiligentDonuts,12473662
2026-07-08T17:03:14.064240,2026-07-08T17:03:14.076129+00:00,147.6,50,ask,EarnestEspressos,FlawlessFlatbreads,12473680
2026-07-08T17:03:16.172738,2026-07-08T17:03:16.180166+00:00,147.6,8,ask,Lachy Miller,FlawlessFlatbreads,12473712
2026-07-08T17:03:16.172738,2026-07-08T17:03:16.185496+00:00,147.5,42,ask,DiligentDonuts,FlawlessFlatbreads,12473713
2026-07-08T17:03:17.950887,2026-07-08T17:03:17.960175+00:00,147.7,12,bid,Xuanyu Liu,EarnestEspressos,12473756
2026-07-08T17:03:18.280972,2026-07-08T17:03:18.292541+00:00,147.5,50,ask,DiligentDonuts,FlawlessFlatbreads,12473760
2026-07-08T17:03:18.413604,2026-07-08T17:03:18.423689+00:00,147.7,44,bid,CostlyCorianders,EarnestEspressos,12473761
2026-07-08T17:03:19.855359,2026-07-08T17:03:19.867095+00:00,147.5,45,ask,EarnestEspressos,CostlyCorianders,12473792
2026-07-08T17:03:20.388907,2026-07-08T17:03:20.399609+00:00,147.5,50,ask,EarnestEspressos,FlawlessFlatbreads,12473807
2026-07-08T17:03:22.331531,2026-07-08T17:03:22.352562+00:00,147.5,8,ask,Lachy Miller,EarnestEspressos,12473842
2026-07-08T17:03:22.343707,2026-07-08T17:03:22.352562+00:00,147.4,11,bid,Xuanyu Liu,EarnestEspressos,12473844
2026-07-08T17:03:22.494852,2026-07-08T17:03:22.506699+00:00,147.2,50,ask,DiligentDonuts,FlawlessFlatbreads,12473853
2026-07-08T17:03:22.803538,2026-07-08T17:03:22.812931+00:00,147.4,6,bid,Xuanyu Liu,EarnestEspressos,12473863
2026-07-08T17:03:24.603667,2026-07-08T17:03:24.615453+00:00,147.2,50,ask,DiligentDonuts,FlawlessFlatbreads,12473886
2026-07-08T17:03:26.662333,2026-07-08T17:03:26.674065+00:00,147.3,50,bid,FlawlessFlatbreads,DiligentDonuts,12473914
2026-07-08T17:03:28.769433,2026-07-08T17:03:28.779773+00:00,147.4,50,bid,FlawlessFlatbreads,DiligentDonuts,12473933
2026-07-08T17:03:29.259916,2026-07-08T17:03:29.267103+00:00,147.4,40,bid,CostlyCorianders,DiligentDonuts,12473941
2026-07-08T17:03:30.799422,2026-07-08T17:03:30.806514+00:00,147.4,10,bid,CostlyCorianders,DiligentDonuts,12473959
2026-07-08T17:03:30.799422,2026-07-08T17:03:30.811678+00:00,147.4,8,bid,CostlyCorianders,Lachy Miller,12473960
2026-07-08T17:03:30.799422,2026-07-08T17:03:30.811678+00:00,147.5,22,bid,CostlyCorianders,EarnestEspressos,12473961
2026-07-08T17:03:30.876028,2026-07-08T17:03:30.887859+00:00,147.5,50,bid,FlawlessFlatbreads,EarnestEspressos,12473963
2026-07-08T17:03:32.800865,2026-07-08T17:03:32.812579+00:00,147.4,48,ask,DiligentDonuts,CostlyCorianders,12474003
2026-07-08T17:03:33.377390,2026-07-08T17:03:33.385898+00:00,147.8,46,bid,CostlyCorianders,EarnestEspressos,12474013
2026-07-08T17:03:34.633398,2026-07-08T17:03:34.642496+00:00,147.3,17,ask,EarnestEspressos,Xuanyu Liu,12474035
2026-07-08T17:03:35.138765,2026-07-08T17:03:35.150606+00:00,147.1,50,ask,DiligentDonuts,FlawlessFlatbreads,12474045
2026-07-08T17:03:36.057573,2026-07-08T17:03:36.069027+00:00,147.6,42,bid,CostlyCorianders,DiligentDonuts,12474072
2026-07-08T17:03:37.253289,2026-07-08T17:03:37.268949+00:00,147.1,2,ask,DiligentDonuts,FlawlessFlatbreads,12474090
2026-07-08T17:03:37.253289,2026-07-08T17:03:37.268949+00:00,147.1,48,ask,DiligentDonuts,CostlyCorianders,12474091
2026-07-08T17:03:37.786795,2026-07-08T17:03:37.795977+00:00,147.2,11,bid,Xuanyu Liu,DiligentDonuts,12474094
2026-07-08T17:03:39.309926,2026-07-08T17:03:39.316799+00:00,147.2,50,bid,FlawlessFlatbreads,DiligentDonuts,12474121
2026-07-08T17:03:40.058737,2026-07-08T17:03:40.070648+00:00,147.0,46,ask,EarnestEspressos,CostlyCorianders,12474133
2026-07-08T17:03:41.435157,2026-07-08T17:03:41.446674+00:00,147.4,50,bid,FlawlessFlatbreads,DiligentDonuts,12474149
2026-07-08T17:03:43.540817,2026-07-08T17:03:43.548610+00:00,147.4,50,bid,FlawlessFlatbreads,DiligentDonuts,12474189
2026-07-08T17:03:45.651984,2026-07-08T17:03:45.666002+00:00,147.3,50,bid,FlawlessFlatbreads,EarnestEspressos,12474215
2026-07-08T17:03:46.501752,2026-07-08T17:03:46.511044+00:00,147.3,47,bid,CostlyCorianders,EarnestEspressos,12474234
2026-07-08T17:03:47.057933,2026-07-08T17:03:47.068960+00:00,147.3,53,bid,DiligentDonuts,EarnestEspressos,12474239
2026-07-08T17:03:47.624332,2026-07-08T17:03:47.633837+00:00,147.5,11,ask,EarnestEspressos,Xuanyu Liu,12474250
2026-07-08T17:03:47.759720,2026-07-08T17:03:47.768916+00:00,147.7,8,bid,FlawlessFlatbreads,Lachy Miller,12474252
2026-07-08T17:03:47.759720,2026-07-08T17:03:47.768916+00:00,147.8,42,bid,FlawlessFlatbreads,DiligentDonuts,12474253
2026-07-08T17:03:49.866783,2026-07-08T17:03:49.878538+00:00,147.8,50,bid,FlawlessFlatbreads,DiligentDonuts,12474285
2026-07-08T17:03:51.972838,2026-07-08T17:03:51.984729+00:00,148.0,50,bid,FlawlessFlatbreads,DiligentDonuts,12474314
2026-07-08T17:03:53.404368,2026-07-08T17:03:53.412960+00:00,147.8,12,ask,DiligentDonuts,Xuanyu Liu,12474340
2026-07-08T17:03:54.079368,2026-07-08T17:03:54.091113+00:00,148.1,50,bid,FlawlessFlatbreads,EarnestEspressos,12474356
2026-07-08T17:03:54.292399,2026-07-08T17:03:54.301534+00:00,147.8,11,ask,DiligentDonuts,Xuanyu Liu,12474360
2026-07-08T17:03:56.208298,2026-07-08T17:03:56.217874+00:00,148.1,50,bid,FlawlessFlatbreads,EarnestEspressos,12474393
2026-07-08T17:03:57.113245,2026-07-08T17:03:57.122119+00:00,148.2,23,ask,EarnestEspressos,Xuanyu Liu,12474401
2026-07-08T17:03:57.783871,2026-07-08T17:03:57.795612+00:00,148.2,11,ask,EarnestEspressos,Xuanyu Liu,12474412
2026-07-08T17:03:58.264093,2026-07-08T17:03:58.275817+00:00,148.2,44,ask,EarnestEspressos,CostlyCorianders,12474426
2026-07-08T17:03:58.366564,2026-07-08T17:03:58.378163+00:00,148.2,50,ask,EarnestEspressos,FlawlessFlatbreads,12474428
2026-07-08T17:03:59.017762,2026-07-08T17:03:59.025834+00:00,148.2,12,ask,EarnestEspressos,Xuanyu Liu,12474433
2026-07-08T17:03:59.783825,2026-07-08T17:03:59.794096+00:00,148.2,10,ask,EarnestEspressos,DiligentDonuts,12474454
2026-07-08T17:03:59.783825,2026-07-08T17:03:59.794096+00:00,148.1,8,ask,Lachy Miller,DiligentDonuts,12474455
2026-07-08T17:04:00.345743,2026-07-08T17:04:00.357155+00:00,147.8,35,bid,Xuanyu Liu,EarnestEspressos,12474461
2026-07-08T17:04:00.475117,2026-07-08T17:04:00.484292+00:00,147.6,50,ask,DiligentDonuts,FlawlessFlatbreads,12474463
2026-07-08T17:04:01.322565,2026-07-08T17:04:01.334230+00:00,147.8,43,bid,CostlyCorianders,EarnestEspressos,12474478
2026-07-08T17:04:02.582051,2026-07-08T17:04:02.594067+00:00,147.6,50,ask,DiligentDonuts,FlawlessFlatbreads,12474503
2026-07-08T17:04:04.691138,2026-07-08T17:04:04.703279+00:00,147.5,50,ask,EarnestEspressos,FlawlessFlatbreads,12474532
2026-07-08T17:04:06.748941,2026-07-08T17:04:06.758605+00:00,147.8,50,bid,FlawlessFlatbreads,DiligentDonuts,12474556
2026-07-08T17:04:08.856234,2026-07-08T17:04:08.856255+00:00,147.8,50,bid,FlawlessFlatbreads,DiligentDonuts,12474577
2026-07-08T17:04:09.479386,2026-07-08T17:04:09.491029+00:00,147.6,41,ask,DiligentDonuts,CostlyCorianders,12474587
2026-07-08T17:04:10.977029,2026-07-08T17:04:10.989016+00:00,147.8,50,bid,FlawlessFlatbreads,EarnestEspressos,12474612
2026-07-08T17:04:11.010490,2026-07-08T17:04:11.022280+00:00,147.6,42,ask,DiligentDonuts,CostlyCorianders,12474613
2026-07-08T17:04:13.084645,2026-07-08T17:04:13.096631+00:00,147.8,50,bid,FlawlessFlatbreads,DiligentDonuts,12474641
2026-07-08T17:04:15.191066,2026-07-08T17:04:15.203422+00:00,147.8,50,bid,FlawlessFlatbreads,DiligentDonuts,12474675
2026-07-08T17:04:15.560750,2026-07-08T17:04:15.572466+00:00,147.7,8,bid,DiligentDonuts,Lachy Miller,12474682
2026-07-08T17:04:16.109898,2026-07-08T17:04:16.121855+00:00,147.7,48,ask,DiligentDonuts,CostlyCorianders,12474688
2026-07-08T17:04:17.298713,2026-07-08T17:04:17.306560+00:00,148.1,50,bid,FlawlessFlatbreads,EarnestEspressos,12474714
2026-07-08T17:04:19.404860,2026-07-08T17:04:19.416698+00:00,147.9,50,bid,FlawlessFlatbreads,DiligentDonuts,12474743
2026-07-08T17:04:21.512668,2026-07-08T17:04:21.524376+00:00,147.9,50,bid,FlawlessFlatbreads,DiligentDonuts,12474764
2026-07-08T17:04:21.907757,2026-07-08T17:04:21.917355+00:00,147.9,23,ask,DiligentDonuts,Xuanyu Liu,12474772
2026-07-08T17:04:22.898253,2026-07-08T17:04:22.910403+00:00,148.1,47,bid,CostlyCorianders,EarnestEspressos,12474790
2026-07-08T17:04:23.625463,2026-07-08T17:04:23.637136+00:00,148.1,50,bid,FlawlessFlatbreads,EarnestEspressos,12474799
2026-07-08T17:04:25.599508,2026-07-08T17:04:25.607696+00:00,148.0,8,bid,EarnestEspressos,Lachy Miller,12474828
2026-07-08T17:04:25.613944,2026-07-08T17:04:25.652617+00:00,148.0,12,ask,EarnestEspressos,Xuanyu Liu,12474829
2026-07-08T17:04:25.721407,2026-07-08T17:04:25.729669+00:00,148.0,11,ask,EarnestEspressos,Xuanyu Liu,12474831
2026-07-08T17:04:25.785458,2026-07-08T17:04:25.797174+00:00,148.0,50,ask,EarnestEspressos,FlawlessFlatbreads,12474834
2026-07-08T17:04:27.889816,2026-07-08T17:04:27.897457+00:00,148.0,50,ask,EarnestEspressos,FlawlessFlatbreads,12474863
2026-07-08T17:04:28.462632,2026-07-08T17:04:28.474645+00:00,148.0,19,ask,EarnestEspressos,CostlyCorianders,12474872
2026-07-08T17:04:28.462632,2026-07-08T17:04:28.474645+00:00,148.0,8,ask,Lachy Miller,CostlyCorianders,12474873
2026-07-08T17:04:29.921139,2026-07-08T17:04:29.930222+00:00,148.0,45,bid,CostlyCorianders,EarnestEspressos,12474901
2026-07-08T17:04:29.995352,2026-07-08T17:04:30.009190+00:00,147.6,50,ask,DiligentDonuts,FlawlessFlatbreads,12474904
2026-07-08T17:04:31.491349,2026-07-08T17:04:31.503274+00:00,147.6,8,ask,Lachy Miller,CostlyCorianders,12474924
2026-07-08T17:04:31.491349,2026-07-08T17:04:31.503274+00:00,147.5,34,ask,EarnestEspressos,CostlyCorianders,12474925
2026-07-08T17:04:32.102710,2026-07-08T17:04:32.114870+00:00,147.4,8,ask,Lachy Miller,FlawlessFlatbreads,12474939
2026-07-08T17:04:32.102710,2026-07-08T17:04:32.114870+00:00,147.4,42,ask,EarnestEspressos,FlawlessFlatbreads,12474940
2026-07-08T17:04:32.222188,2026-07-08T17:04:32.231117+00:00,147.7,8,bid,Xuanyu Liu,Lachy Miller,12474946
2026-07-08T17:04:32.347493,2026-07-08T17:04:32.357496+00:00,147.8,3,bid,Xuanyu Liu,DiligentDonuts,12474953
2026-07-08T17:04:33.512834,2026-07-08T17:04:33.523155+00:00,147.8,44,bid,CostlyCorianders,DiligentDonuts,12474967
2026-07-08T17:04:33.659529,2026-07-08T17:04:33.667629+00:00,147.8,23,bid,Xuanyu Liu,DiligentDonuts,12474969
2026-07-08T17:04:34.212793,2026-07-08T17:04:34.224472+00:00,147.4,50,ask,EarnestEspressos,FlawlessFlatbreads,12474974
2026-07-08T17:04:34.522190,2026-07-08T17:04:34.533958+00:00,147.9,46,bid,CostlyCorianders,EarnestEspressos,12474979
2026-07-08T17:04:34.582523,2026-07-08T17:04:34.594572+00:00,147.8,40,ask,DiligentDonuts,CostlyCorianders,12474981
2026-07-08T17:04:35.143951,2026-07-08T17:04:35.151376+00:00,147.8,60,ask,DiligentDonuts,EarnestEspressos,12474996
2026-07-08T17:04:35.766780,2026-07-08T17:04:35.774785+00:00,147.8,41,bid,CostlyCorianders,EarnestEspressos,12475003
2026-07-08T17:04:36.279710,2026-07-08T17:04:36.292234+00:00,147.8,49,bid,FlawlessFlatbreads,EarnestEspressos,12475007
2026-07-08T17:04:36.279710,2026-07-08T17:04:36.292234+00:00,147.8,1,bid,FlawlessFlatbreads,Lachy Miller,12475008
2026-07-08T17:04:38.253841,2026-07-08T17:04:38.258593+00:00,147.8,100,bid,EarnestEspressos,DiligentDonuts,12475039
2026-07-08T17:04:38.253841,2026-07-08T17:04:38.268688+00:00,147.8,8,bid,EarnestEspressos,Lachy Miller,12475040
2026-07-08T17:04:38.323434,2026-07-08T17:04:38.362863+00:00,147.9,11,ask,EarnestEspressos,Xuanyu Liu,12475042
2026-07-08T17:04:40.493912,2026-07-08T17:04:40.505654+00:00,148.4,50,bid,FlawlessFlatbreads,EarnestEspressos,12475068
2026-07-08T17:04:40.727812,2026-07-08T17:04:40.739764+00:00,147.9,31,ask,EarnestEspressos,CostlyCorianders,12475070
2026-07-08T17:04:40.727812,2026-07-08T17:04:40.739764+00:00,147.8,8,ask,Lachy Miller,CostlyCorianders,12475071
2026-07-08T17:04:40.727812,2026-07-08T17:04:40.739764+00:00,147.3,2,ask,DiligentDonuts,CostlyCorianders,12475072
2026-07-08T17:04:41.744478,2026-07-08T17:04:41.758560+00:00,147.6,41,ask,DiligentDonuts,CostlyCorianders,12475095
2026-07-08T17:04:42.386614,2026-07-08T17:04:42.393179+00:00,148.0,47,bid,CostlyCorianders,EarnestEspressos,12475099
2026-07-08T17:04:42.607010,2026-07-08T17:04:42.620153+00:00,148.0,50,bid,FlawlessFlatbreads,EarnestEspressos,12475100
2026-07-08T17:04:44.578769,2026-07-08T17:04:44.590406+00:00,147.9,100,bid,EarnestEspressos,DiligentDonuts,12475143
2026-07-08T17:04:44.578769,2026-07-08T17:04:44.590406+00:00,147.9,8,bid,EarnestEspressos,Lachy Miller,12475144
2026-07-08T17:04:44.715929,2026-07-08T17:04:44.727668+00:00,148.4,50,bid,FlawlessFlatbreads,EarnestEspressos,12475145
2026-07-08T17:04:45.024035,2026-07-08T17:04:45.032590+00:00,147.9,12,ask,EarnestEspressos,Xuanyu Liu,12475148
2026-07-08T17:04:45.627139,2026-07-08T17:04:45.635051+00:00,147.9,11,ask,EarnestEspressos,Xuanyu Liu,12475166
2026-07-08T17:04:46.860504,2026-07-08T17:04:46.880542+00:00,147.9,3,ask,EarnestEspressos,Xuanyu Liu,12475182
2026-07-08T17:04:47.712607,2026-07-08T17:04:47.721921+00:00,147.6,42,ask,DiligentDonuts,CostlyCorianders,12475192
2026-07-08T17:04:48.097666,2026-07-08T17:04:48.106622+00:00,147.8,3,bid,Xuanyu Liu,EarnestEspressos,12475203
2026-07-08T17:04:49.868122,2026-07-08T17:04:49.879509+00:00,147.6,43,ask,DiligentDonuts,CostlyCorianders,12475230
2026-07-08T17:04:51.949089,2026-07-08T17:04:51.958838+00:00,147.6,48,bid,CostlyCorianders,EarnestEspressos,12475269
2026-07-08T17:04:52.483520,2026-07-08T17:04:52.495016+00:00,147.6,44,bid,CostlyCorianders,EarnestEspressos,12475277
2026-07-08T17:04:55.289804,2026-07-08T17:04:55.297199+00:00,147.5,50,ask,EarnestEspressos,FlawlessFlatbreads,12475312
2026-07-08T17:04:56.742688,2026-07-08T17:04:56.750776+00:00,147.5,100,ask,EarnestEspressos,DiligentDonuts,12475347
2026-07-08T17:04:57.344939,2026-07-08T17:04:57.356743+00:00,147.3,50,bid,FlawlessFlatbreads,EarnestEspressos,12475360
2026-07-08T17:04:59.505050,2026-07-08T17:04:59.517274+00:00,147.0,50,ask,DiligentDonuts,FlawlessFlatbreads,12475394
2026-07-08T17:05:00.137882,2026-07-08T17:05:00.158773+00:00,147.0,45,ask,DiligentDonuts,CostlyCorianders,12475401
2026-07-08T17:05:01.615366,2026-07-08T17:05:01.622559+00:00,147.0,50,ask,DiligentDonuts,FlawlessFlatbreads,12475430
2026-07-08T17:05:01.652230,2026-07-08T17:05:01.664335+00:00,147.3,46,bid,CostlyCorianders,EarnestEspressos,12475431
2026-07-08T17:05:02.508950,2026-07-08T17:05:02.518938+00:00,147.3,11,bid,Xuanyu Liu,EarnestEspressos,12475442
2026-07-08T17:05:03.562155,2026-07-08T17:05:03.574072+00:00,147.3,8,bid,EarnestEspressos,Lachy Miller,12475460
2026-07-08T17:05:03.725950,2026-07-08T17:05:03.737733+00:00,147.3,50,ask,EarnestEspressos,FlawlessFlatbreads,12475463
2026-07-08T17:05:04.314750,2026-07-08T17:05:04.323000+00:00,147.3,46,ask,EarnestEspressos,CostlyCorianders,12475470
2026-07-08T17:05:04.791257,2026-07-08T17:05:04.798941+00:00,147.3,46,ask,EarnestEspressos,CostlyCorianders,12475475
2026-07-08T17:05:05.781896,2026-07-08T17:05:05.791232+00:00,147.3,8,bid,FlawlessFlatbreads,Lachy Miller,12475491
2026-07-08T17:05:05.781896,2026-07-08T17:05:05.791232+00:00,147.4,42,bid,FlawlessFlatbreads,DiligentDonuts,12475492
2026-07-08T17:05:06.783628,2026-07-08T17:05:06.791291+00:00,147.1,47,bid,CostlyCorianders,EarnestEspressos,12475501
2026-07-08T17:05:06.792542,2026-07-08T17:05:06.801338+00:00,147.1,23,bid,Xuanyu Liu,EarnestEspressos,12475502
2026-07-08T17:05:07.747599,2026-07-08T17:05:07.758224+00:00,147.1,12,bid,Xuanyu Liu,EarnestEspressos,12475520
2026-07-08T17:05:07.890451,2026-07-08T17:05:07.902193+00:00,147.1,50,bid,FlawlessFlatbreads,EarnestEspressos,12475526
2026-07-08T17:05:08.226219,2026-07-08T17:05:08.238335+00:00,147.1,18,bid,CostlyCorianders,EarnestEspressos,12475532
2026-07-08T17:05:08.226219,2026-07-08T17:05:08.238335+00:00,147.3,8,bid,CostlyCorianders,Lachy Miller,12475533
2026-07-08T17:05:08.226219,2026-07-08T17:05:08.238335+00:00,147.5,18,bid,CostlyCorianders,DiligentDonuts,12475534
2026-07-08T17:05:08.635960,2026-07-08T17:05:08.645366+00:00,147.1,8,ask,Lachy Miller,Xuanyu Liu,12475539
2026-07-08T17:05:08.917361,2026-07-08T17:05:08.925895+00:00,147.0,8,ask,DiligentDonuts,Xuanyu Liu,12475547
2026-07-08T17:05:09.060162,2026-07-08T17:05:09.071842+00:00,147.0,7,ask,DiligentDonuts,Xuanyu Liu,12475553
2026-07-08T17:05:09.998610,2026-07-08T17:05:10.010354+00:00,147.1,8,bid,FlawlessFlatbreads,Lachy Miller,12475567
2026-07-08T17:05:09.998610,2026-07-08T17:05:10.010354+00:00,147.2,42,bid,FlawlessFlatbreads,DiligentDonuts,12475568
2026-07-08T17:05:12.107212,2026-07-08T17:05:12.118353+00:00,147.2,50,bid,FlawlessFlatbreads,DiligentDonuts,12475605
2026-07-08T17:05:14.267161,2026-07-08T17:05:14.275199+00:00,147.0,50,ask,DiligentDonuts,FlawlessFlatbreads,12475652
2026-07-08T17:05:15.990799,2026-07-08T17:05:15.999804+00:00,147.0,40,ask,EarnestEspressos,CostlyCorianders,12475677
2026-07-08T17:05:17.994768,2026-07-08T17:05:18.006277+00:00,146.9,42,ask,DiligentDonuts,CostlyCorianders,12475709
2026-07-08T17:05:18.270250,2026-07-08T17:05:18.280556+00:00,146.9,12,ask,DiligentDonuts,Xuanyu Liu,12475712
2026-07-08T17:05:18.477365,2026-07-08T17:05:18.485645+00:00,146.9,46,ask,DiligentDonuts,FlawlessFlatbreads,12475716
2026-07-08T17:05:18.477365,2026-07-08T17:05:18.490861+00:00,146.9,4,ask,Lachy Miller,FlawlessFlatbreads,12475717
2026-07-08T17:05:18.936183,2026-07-08T17:05:18.949039+00:00,146.9,8,ask,Lachy Miller,DiligentDonuts,12475722
2026-07-08T17:05:18.936183,2026-07-08T17:05:18.949039+00:00,146.8,92,ask,EarnestEspressos,DiligentDonuts,12475723
2026-07-08T17:05:19.083931,2026-07-08T17:05:19.095631+00:00,147.2,8,bid,CostlyCorianders,Lachy Miller,12475728
2026-07-08T17:05:19.083931,2026-07-08T17:05:19.095631+00:00,147.3,40,bid,CostlyCorianders,EarnestEspressos,12475729
2026-07-08T17:05:19.602211,2026-07-08T17:05:19.610806+00:00,146.7,8,bid,Xuanyu Liu,Lachy Miller,12475736
2026-07-08T17:05:20.254233,2026-07-08T17:05:20.258587+00:00,146.8,40,bid,CostlyCorianders,EarnestEspressos,12475747
2026-07-08T17:05:20.587707,2026-07-08T17:05:20.595908+00:00,146.4,8,ask,Lachy Miller,FlawlessFlatbreads,12475753
2026-07-08T17:05:20.587707,2026-07-08T17:05:20.595908+00:00,146.3,42,ask,DiligentDonuts,FlawlessFlatbreads,12475754
2026-07-08T17:05:20.761453,2026-07-08T17:05:20.769859+00:00,146.8,47,bid,CostlyCorianders,EarnestEspressos,12475760
2026-07-08T17:05:21.422049,2026-07-08T17:05:21.430663+00:00,146.8,4,bid,Xuanyu Liu,EarnestEspressos,12475776
2026-07-08T17:05:22.644971,2026-07-08T17:05:22.658567+00:00,147.2,50,bid,FlawlessFlatbreads,DiligentDonuts,12475795
2026-07-08T17:05:23.927313,2026-07-08T17:05:23.935126+00:00,146.8,45,ask,EarnestEspressos,CostlyCorianders,12475823
2026-07-08T17:05:24.751878,2026-07-08T17:05:24.756601+00:00,147.2,50,bid,FlawlessFlatbreads,DiligentDonuts,12475837
2026-07-08T17:05:26.430810,2026-07-08T17:05:26.441558+00:00,147.1,49,ask,DiligentDonuts,CostlyCorianders,12475867
2026-07-08T17:05:26.869185,2026-07-08T17:05:26.880431+00:00,147.3,50,bid,FlawlessFlatbreads,EarnestEspressos,12475874
2026-07-08T17:05:27.475449,2026-07-08T17:05:27.484045+00:00,147.1,12,ask,DiligentDonuts,Xuanyu Liu,12475887
2026-07-08T17:05:27.939274,2026-07-08T17:05:27.951214+00:00,147.1,39,ask,DiligentDonuts,CostlyCorianders,12475893
2026-07-08T17:05:27.939274,2026-07-08T17:05:27.951214+00:00,146.9,3,ask,Lachy Miller,CostlyCorianders,12475894
2026-07-08T17:05:29.341135,2026-07-08T17:05:29.352808+00:00,147.2,46,bid,CostlyCorianders,DiligentDonuts,12475915
2026-07-08T17:05:29.800955,2026-07-08T17:05:29.811860+00:00,147.2,46,bid,CostlyCorianders,DiligentDonuts,12475922
2026-07-08T17:05:31.130075,2026-07-08T17:05:31.141522+00:00,147.1,50,ask,EarnestEspressos,FlawlessFlatbreads,12475955
2026-07-08T17:05:33.237045,2026-07-08T17:05:33.248671+00:00,146.9,50,ask,DiligentDonuts,FlawlessFlatbreads,12475989
2026-07-08T17:05:33.460924,2026-07-08T17:05:33.469204+00:00,146.9,41,ask,DiligentDonuts,CostlyCorianders,12475993
2026-07-08T17:05:34.695604,2026-07-08T17:05:34.706157+00:00,147.2,40,bid,CostlyCorianders,EarnestEspressos,12476007
2026-07-08T17:05:35.263057,2026-07-08T17:05:35.274638+00:00,146.9,47,ask,EarnestEspressos,CostlyCorianders,12476019
2026-07-08T17:05:36.515060,2026-07-08T17:05:36.528270+00:00,146.9,41,ask,EarnestEspressos,CostlyCorianders,12476032
2026-07-08T17:05:37.029856,2026-07-08T17:05:37.041726+00:00,147.3,41,bid,CostlyCorianders,DiligentDonuts,12476042
2026-07-08T17:05:37.454910,2026-07-08T17:05:37.455098+00:00,146.9,50,ask,EarnestEspressos,FlawlessFlatbreads,12476055
2026-07-08T17:05:37.959769,2026-07-08T17:05:37.968343+00:00,147.3,8,bid,Xuanyu Liu,Lachy Miller,12476065
2026-07-08T17:05:38.427055,2026-07-08T17:05:38.435822+00:00,147.3,8,ask,Lachy Miller,EarnestEspressos,12476070
2026-07-08T17:05:38.427055,2026-07-08T17:05:38.435822+00:00,147.2,100,ask,DiligentDonuts,EarnestEspressos,12476071
2026-07-08T17:05:38.442597,2026-07-08T17:05:38.451331+00:00,147.2,15,bid,Xuanyu Liu,EarnestEspressos,12476072
2026-07-08T17:05:38.620882,2026-07-08T17:05:38.633207+00:00,147.2,27,bid,CostlyCorianders,EarnestEspressos,12476078
2026-07-08T17:05:38.620882,2026-07-08T17:05:38.633207+00:00,147.6,8,bid,CostlyCorianders,Lachy Miller,12476079
2026-07-08T17:05:38.620882,2026-07-08T17:05:38.633207+00:00,147.7,11,bid,CostlyCorianders,DiligentDonuts,12476080
2026-07-08T17:05:39.087415,2026-07-08T17:05:39.099153+00:00,147.3,8,bid,CostlyCorianders,Lachy Miller,12476090
2026-07-08T17:05:39.143380,2026-07-08T17:05:39.163630+00:00,147.1,8,ask,Lachy Miller,CostlyCorianders,12476092
2026-07-08T17:05:39.143380,2026-07-08T17:05:39.163630+00:00,146.7,36,ask,EarnestEspressos,CostlyCorianders,12476093
2026-07-08T17:05:41.179364,2026-07-08T17:05:41.191250+00:00,147.1,8,ask,Lachy Miller,CostlyCorianders,12476129
2026-07-08T17:05:41.179364,2026-07-08T17:05:41.191250+00:00,147.1,32,ask,DiligentDonuts,CostlyCorianders,12476130
2026-07-08T17:05:41.628741,2026-07-08T17:05:41.638657+00:00,147.6,50,bid,FlawlessFlatbreads,DiligentDonuts,12476135
2026-07-08T17:05:43.215665,2026-07-08T17:05:43.229643+00:00,147.3,11,ask,EarnestEspressos,Xuanyu Liu,12476164
2026-07-08T17:05:43.736387,2026-07-08T17:05:43.748157+00:00,147.6,50,bid,FlawlessFlatbreads,DiligentDonuts,12476168
2026-07-08T17:05:44.070158,2026-07-08T17:05:44.081144+00:00,147.4,8,ask,Lachy Miller,Xuanyu Liu,12476171
2026-07-08T17:05:45.844059,2026-07-08T17:05:45.856020+00:00,147.5,8,bid,FlawlessFlatbreads,Lachy Miller,12476215
2026-07-08T17:05:45.844059,2026-07-08T17:05:45.856020+00:00,147.6,42,bid,FlawlessFlatbreads,DiligentDonuts,12476216
2026-07-08T17:05:46.064890,2026-07-08T17:05:46.076934+00:00,147.5,8,bid,CostlyCorianders,Lachy Miller,12476218
2026-07-08T17:05:46.064890,2026-07-08T17:05:46.076934+00:00,147.6,40,bid,CostlyCorianders,DiligentDonuts,12476219
2026-07-08T17:05:46.121791,2026-07-08T17:05:46.133449+00:00,147.2,8,ask,Lachy Miller,CostlyCorianders,12476222
2026-07-08T17:05:46.691722,2026-07-08T17:05:46.703974+00:00,147.2,8,ask,Lachy Miller,CostlyCorianders,12476224
2026-07-08T17:05:46.691722,2026-07-08T17:05:46.703974+00:00,147.1,36,ask,DiligentDonuts,CostlyCorianders,12476225
2026-07-08T17:05:47.955459,2026-07-08T17:05:47.956218+00:00,147.4,50,bid,FlawlessFlatbreads,EarnestEspressos,12476248
2026-07-08T17:05:49.961720,2026-07-08T17:05:49.973424+00:00,147.4,42,bid,CostlyCorianders,EarnestEspressos,12476288
2026-07-08T17:05:50.072931,2026-07-08T17:05:50.084929+00:00,147.4,50,bid,FlawlessFlatbreads,EarnestEspressos,12476289
2026-07-08T17:05:50.578432,2026-07-08T17:05:50.587317+00:00,147.3,8,bid,DiligentDonuts,Lachy Miller,12476294
2026-07-08T17:05:51.034021,2026-07-08T17:05:51.043742+00:00,147.5,8,bid,EarnestEspressos,Lachy Miller,12476304
2026-07-08T17:05:51.045423,2026-07-08T17:05:51.054397+00:00,147.7,18,ask,EarnestEspressos,Xuanyu Liu,12476305
2026-07-08T17:05:51.779660,2026-07-08T17:05:51.787128+00:00,147.7,41,ask,EarnestEspressos,CostlyCorianders,12476320
2026-07-08T17:05:52.180171,2026-07-08T17:05:52.190539+00:00,147.8,50,bid,FlawlessFlatbreads,DiligentDonuts,12476326
2026-07-08T17:05:54.292539,2026-07-08T17:05:54.304320+00:00,147.8,8,bid,FlawlessFlatbreads,Lachy Miller,12476366
2026-07-08T17:05:54.292539,2026-07-08T17:05:54.304320+00:00,147.9,42,bid,FlawlessFlatbreads,DiligentDonuts,12476367
2026-07-08T17:05:54.505503,2026-07-08T17:05:54.514894+00:00,147.9,41,bid,CostlyCorianders,DiligentDonuts,12476369
2026-07-08T17:05:56.400340,2026-07-08T17:05:56.412253+00:00,147.9,17,bid,FlawlessFlatbreads,DiligentDonuts,12476405
2026-07-08T17:05:56.400340,2026-07-08T17:05:56.412253+00:00,147.9,33,bid,FlawlessFlatbreads,EarnestEspressos,12476406
2026-07-08T17:06:00.615186,2026-07-08T17:06:00.627307+00:00,148.2,50,bid,FlawlessFlatbreads,EarnestEspressos,12476478
2026-07-08T17:06:01.707208,2026-07-08T17:06:01.714230+00:00,147.9,47,ask,DiligentDonuts,CostlyCorianders,12476495
2026-07-08T17:06:02.724511,2026-07-08T17:06:02.734352+00:00,148.2,50,bid,FlawlessFlatbreads,EarnestEspressos,12476514
2026-07-08T17:06:03.764324,2026-07-08T17:06:03.775006+00:00,148.3,40,bid,CostlyCorianders,DiligentDonuts,12476525
2026-07-08T17:06:04.378243,2026-07-08T17:06:04.385352+00:00,148.2,47,ask,EarnestEspressos,CostlyCorianders,12476542
2026-07-08T17:06:04.883555,2026-07-08T17:06:04.895265+00:00,148.2,50,ask,EarnestEspressos,FlawlessFlatbreads,12476544
2026-07-08T17:06:06.939422,2026-07-08T17:06:06.950623+00:00,148.4,50,bid,FlawlessFlatbreads,EarnestEspressos,12476591
2026-07-08T17:06:08.010873,2026-07-08T17:06:08.027187+00:00,148.1,40,ask,DiligentDonuts,CostlyCorianders,12476602
2026-07-08T17:06:09.097709,2026-07-08T17:06:09.105301+00:00,148.1,50,ask,DiligentDonuts,FlawlessFlatbreads,12476617
2026-07-08T17:06:11.206877,2026-07-08T17:06:11.214907+00:00,148.1,50,ask,EarnestEspressos,FlawlessFlatbreads,12476652
2026-07-08T17:06:11.214347,2026-07-08T17:06:11.225671+00:00,148.3,42,bid,CostlyCorianders,DiligentDonuts,12476653
2026-07-08T17:06:13.313891,2026-07-08T17:06:13.320890+00:00,147.8,50,ask,DiligentDonuts,FlawlessFlatbreads,12476699
2026-07-08T17:06:14.514561,2026-07-08T17:06:14.526171+00:00,148.3,43,bid,CostlyCorianders,DiligentDonuts,12476721
2026-07-08T17:06:15.422206,2026-07-08T17:06:15.433903+00:00,147.8,50,ask,DiligentDonuts,FlawlessFlatbreads,12476743
2026-07-08T17:06:16.530591,2026-07-08T17:06:16.542454+00:00,148.4,48,bid,CostlyCorianders,DiligentDonuts,12476755
2026-07-08T17:06:17.529808,2026-07-08T17:06:17.541791+00:00,148.3,50,ask,EarnestEspressos,FlawlessFlatbreads,12476777
2026-07-08T17:06:19.048050,2026-07-08T17:06:19.063791+00:00,148.3,47,ask,EarnestEspressos,CostlyCorianders,12476801
2026-07-08T17:06:19.638171,2026-07-08T17:06:19.647859+00:00,148.3,50,ask,DiligentDonuts,FlawlessFlatbreads,12476809
2026-07-08T17:06:19.638424,2026-07-08T17:06:19.653234+00:00,148.4,48,bid,CostlyCorianders,EarnestEspressos,12476810
2026-07-08T17:06:23.803916,2026-07-08T17:06:23.810666+00:00,148.3,50,bid,FlawlessFlatbreads,DiligentDonuts,12476881
2026-07-08T17:06:24.368877,2026-07-08T17:06:24.380039+00:00,147.9,47,ask,EarnestEspressos,CostlyCorianders,12476894
2026-07-08T17:06:25.912026,2026-07-08T17:06:25.921100+00:00,148.3,50,bid,FlawlessFlatbreads,EarnestEspressos,12476912
2026-07-08T17:06:28.019365,2026-07-08T17:06:28.027145+00:00,148.3,50,bid,FlawlessFlatbreads,EarnestEspressos,12476958
2026-07-08T17:06:29.795146,2026-07-08T17:06:29.806772+00:00,148.2,44,ask,EarnestEspressos,CostlyCorianders,12476982
2026-07-08T17:06:30.127224,2026-07-08T17:06:30.138902+00:00,148.6,50,bid,FlawlessFlatbreads,DiligentDonuts,12476987
2026-07-08T17:06:32.242420,2026-07-08T17:06:32.253899+00:00,148.5,50,bid,FlawlessFlatbreads,EarnestEspressos,12477048
2026-07-08T17:06:32.470067,2026-07-08T17:06:32.479032+00:00,148.5,3,bid,Xuanyu Liu,EarnestEspressos,12477049
2026-07-08T17:06:33.446194,2026-07-08T17:06:33.457243+00:00,148.5,49,bid,CostlyCorianders,EarnestEspressos,12477077
2026-07-08T17:06:34.348083,2026-07-08T17:06:34.356935+00:00,148.5,48,bid,FlawlessFlatbreads,EarnestEspressos,12477088
2026-07-08T17:06:34.348083,2026-07-08T17:06:34.356935+00:00,148.7,2,bid,FlawlessFlatbreads,Lachy Miller,12477089
2026-07-08T17:06:34.565139,2026-07-08T17:06:34.577040+00:00,148.5,8,ask,Lachy Miller,CostlyCorianders,12477093
2026-07-08T17:06:34.565139,2026-07-08T17:06:34.577040+00:00,148.4,39,ask,DiligentDonuts,CostlyCorianders,12477094
2026-07-08T17:06:35.351523,2026-07-08T17:06:35.358552+00:00,148.8,8,bid,EarnestEspressos,Lachy Miller,12477104
2026-07-08T17:06:35.351523,2026-07-08T17:06:35.358552+00:00,148.9,100,bid,EarnestEspressos,DiligentDonuts,12477105
2026-07-08T17:06:35.419829,2026-07-08T17:06:35.431133+00:00,148.9,6,ask,EarnestEspressos,Xuanyu Liu,12477108
2026-07-08T17:06:35.447567,2026-07-08T17:06:35.455896+00:00,149.0,8,ask,Lachy Miller,Xuanyu Liu,12477110
2026-07-08T17:06:35.759580,2026-07-08T17:06:35.767790+00:00,149.0,3,ask,Lachy Miller,Xuanyu Liu,12477120
2026-07-08T17:06:36.482133,2026-07-08T17:06:36.490935+00:00,149.4,50,bid,FlawlessFlatbreads,EarnestEspressos,12477132
2026-07-08T17:06:37.084417,2026-07-08T17:06:37.095140+00:00,148.9,36,ask,EarnestEspressos,CostlyCorianders,12477145
2026-07-08T17:06:37.084417,2026-07-08T17:06:37.095140+00:00,148.4,12,ask,DiligentDonuts,CostlyCorianders,12477146
2026-07-08T17:06:38.589064,2026-07-08T17:06:38.601134+00:00,149.0,50,bid,FlawlessFlatbreads,EarnestEspressos,12477167
2026-07-08T17:06:38.638281,2026-07-08T17:06:38.646453+00:00,149.0,45,bid,CostlyCorianders,EarnestEspressos,12477170
2026-07-08T17:06:39.613410,2026-07-08T17:06:39.625136+00:00,149.0,41,bid,CostlyCorianders,EarnestEspressos,12477189
2026-07-08T17:06:39.666948,2026-07-08T17:06:39.675226+00:00,149.0,14,bid,Xuanyu Liu,EarnestEspressos,12477194
2026-07-08T17:06:40.706028,2026-07-08T17:06:40.717810+00:00,149.1,50,bid,FlawlessFlatbreads,DiligentDonuts,12477207
2026-07-08T17:06:41.249788,2026-07-08T17:06:41.261374+00:00,149.1,8,bid,DiligentDonuts,Lachy Miller,12477223
2026-07-08T17:06:41.330182,2026-07-08T17:06:41.340241+00:00,149.1,3,ask,DiligentDonuts,Xuanyu Liu,12477226
2026-07-08T17:06:41.413480,2026-07-08T17:06:41.421624+00:00,149.2,8,ask,Lachy Miller,Xuanyu Liu,12477229
2026-07-08T17:06:41.688375,2026-07-08T17:06:41.697084+00:00,149.3,15,ask,EarnestEspressos,Xuanyu Liu,12477232
2026-07-08T17:06:41.856167,2026-07-08T17:06:41.864541+00:00,149.3,43,ask,EarnestEspressos,CostlyCorianders,12477236
2026-07-08T17:06:42.814758,2026-07-08T17:06:42.826310+00:00,149.6,50,bid,FlawlessFlatbreads,DiligentDonuts,12477256
2026-07-08T17:06:42.899794,2026-07-08T17:06:42.911215+00:00,149.3,41,ask,EarnestEspressos,CostlyCorianders,12477257
2026-07-08T17:06:43.256126,2026-07-08T17:06:43.264067+00:00,149.3,4,ask,EarnestEspressos,Aaron Tian,12477267
2026-07-08T17:06:44.975949,2026-07-08T17:06:44.984308+00:00,149.3,8,ask,Lachy Miller,FlawlessFlatbreads,12477293
2026-07-08T17:06:44.975949,2026-07-08T17:06:44.984308+00:00,149.2,42,ask,DiligentDonuts,FlawlessFlatbreads,12477294
2026-07-08T17:06:47.084731,2026-07-08T17:06:47.096469+00:00,149.2,50,ask,DiligentDonuts,FlawlessFlatbreads,12477321
2026-07-08T17:06:49.201235,2026-07-08T17:06:49.211625+00:00,149.0,50,ask,DiligentDonuts,FlawlessFlatbreads,12477364
2026-07-08T17:06:51.307704,2026-07-08T17:06:51.319827+00:00,149.1,50,ask,EarnestEspressos,FlawlessFlatbreads,12477394
2026-07-08T17:06:53.442772,2026-07-08T17:06:53.454706+00:00,149.1,50,ask,EarnestEspressos,FlawlessFlatbreads,12477426
2026-07-08T17:06:54.398941,2026-07-08T17:06:54.407652+00:00,149.0,23,bid,Xuanyu Liu,EarnestEspressos,12477446
2026-07-08T17:06:56.368257,2026-07-08T17:06:56.379874+00:00,149.0,40,bid,CostlyCorianders,EarnestEspressos,12477479
2026-07-08T17:06:57.673626,2026-07-08T17:06:57.691284+00:00,148.7,50,ask,DiligentDonuts,FlawlessFlatbreads,12477512
2026-07-08T17:06:59.779821,2026-07-08T17:06:59.791905+00:00,148.7,50,ask,DiligentDonuts,FlawlessFlatbreads,12477558
2026-07-08T17:07:01.886996,2026-07-08T17:07:01.898795+00:00,149.0,50,ask,EarnestEspressos,FlawlessFlatbreads,12477589
2026-07-08T17:07:01.979564,2026-07-08T17:07:01.990674+00:00,149.2,45,bid,CostlyCorianders,DiligentDonuts,12477596
2026-07-08T17:07:03.995742,2026-07-08T17:07:04.007554+00:00,148.9,50,ask,DiligentDonuts,FlawlessFlatbreads,12477622
2026-07-08T17:07:05.386383,2026-07-08T17:07:05.398094+00:00,148.9,45,ask,DiligentDonuts,CostlyCorianders,12477646
2026-07-08T17:07:05.858491,2026-07-08T17:07:05.868111+00:00,149.3,49,bid,CostlyCorianders,EarnestEspressos,12477657
2026-07-08T17:07:05.912295,2026-07-08T17:07:05.920592+00:00,148.9,5,ask,DiligentDonuts,CostlyCorianders,12477659
2026-07-08T17:07:05.912295,2026-07-08T17:07:05.920592+00:00,148.9,8,ask,Lachy Miller,CostlyCorianders,12477660
2026-07-08T17:07:06.052939,2026-07-08T17:07:06.058537+00:00,149.2,8,bid,FlawlessFlatbreads,Lachy Miller,12477664
2026-07-08T17:07:06.052939,2026-07-08T17:07:06.058537+00:00,149.3,42,bid,FlawlessFlatbreads,EarnestEspressos,12477665
2026-07-08T17:07:06.616085,2026-07-08T17:07:06.624420+00:00,149.0,3,bid,Xuanyu Liu,DiligentDonuts,12477676
2026-07-08T17:07:06.987585,2026-07-08T17:07:06.999392+00:00,149.0,97,bid,EarnestEspressos,DiligentDonuts,12477683
2026-07-08T17:07:06.987585,2026-07-08T17:07:06.999392+00:00,149.1,8,bid,EarnestEspressos,Lachy Miller,12477684
2026-07-08T17:07:07.224744,2026-07-08T17:07:07.234051+00:00,149.2,3,ask,EarnestEspressos,Xuanyu Liu,12477689
2026-07-08T17:07:07.250643,2026-07-08T17:07:07.260424+00:00,149.3,8,ask,Lachy Miller,Xuanyu Liu,12477691
2026-07-08T17:07:08.211792,2026-07-08T17:07:08.221399+00:00,149.2,42,ask,EarnestEspressos,FlawlessFlatbreads,12477709
2026-07-08T17:07:08.211792,2026-07-08T17:07:08.221399+00:00,148.5,8,ask,DiligentDonuts,FlawlessFlatbreads,12477710
2026-07-08T17:07:09.185575,2026-07-08T17:07:09.200169+00:00,148.8,8,ask,Lachy Miller,CostlyCorianders,12477723
2026-07-08T17:07:09.185575,2026-07-08T17:07:09.200169+00:00,148.5,32,ask,DiligentDonuts,CostlyCorianders,12477724
2026-07-08T17:07:09.799054,2026-07-08T17:07:09.810087+00:00,149.1,8,bid,Xuanyu Liu,DiligentDonuts,12477732
2026-07-08T17:07:10.223117,2026-07-08T17:07:10.232373+00:00,148.9,3,bid,Xuanyu Liu,EarnestEspressos,12477738
2026-07-08T17:07:10.269575,2026-07-08T17:07:10.281267+00:00,148.9,50,bid,FlawlessFlatbreads,EarnestEspressos,12477741
2026-07-08T17:07:11.820992,2026-07-08T17:07:11.830910+00:00,148.9,45,bid,CostlyCorianders,EarnestEspressos,12477764
2026-07-08T17:07:12.376569,2026-07-08T17:07:12.388418+00:00,148.9,50,bid,FlawlessFlatbreads,EarnestEspressos,12477777
2026-07-08T17:07:13.314229,2026-07-08T17:07:13.325947+00:00,149.0,8,bid,EarnestEspressos,Lachy Miller,12477790
2026-07-08T17:07:14.008466,2026-07-08T17:07:14.020459+00:00,149.1,49,bid,CostlyCorianders,DiligentDonuts,12477813
2026-07-08T17:07:14.545570,2026-07-08T17:07:14.558603+00:00,149.0,50,ask,EarnestEspressos,FlawlessFlatbreads,12477821
2026-07-08T17:07:16.651728,2026-07-08T17:07:16.658288+00:00,148.7,50,ask,DiligentDonuts,FlawlessFlatbreads,12477865
2026-07-08T17:07:18.758878,2026-07-08T17:07:18.770334+00:00,148.7,50,ask,DiligentDonuts,FlawlessFlatbreads,12477894
2026-07-08T17:07:19.977219,2026-07-08T17:07:19.984858+00:00,148.9,47,ask,EarnestEspressos,CostlyCorianders,12477917
2026-07-08T17:07:20.866631,2026-07-08T17:07:20.878446+00:00,148.9,50,ask,EarnestEspressos,FlawlessFlatbreads,12477929
2026-07-08T17:07:22.962010,2026-07-08T17:07:22.970490+00:00,149.0,3,bid,Xuanyu Liu,EarnestEspressos,12477963
2026-07-08T17:07:22.973978,2026-07-08T17:07:22.986006+00:00,148.8,8,ask,Lachy Miller,FlawlessFlatbreads,12477965
2026-07-08T17:07:22.973978,2026-07-08T17:07:22.986006+00:00,148.6,42,ask,DiligentDonuts,FlawlessFlatbreads,12477966
2026-07-08T17:07:24.811077,2026-07-08T17:07:24.820704+00:00,149.0,43,bid,CostlyCorianders,EarnestEspressos,12477998
2026-07-08T17:07:25.081226,2026-07-08T17:07:25.093068+00:00,148.6,50,ask,DiligentDonuts,FlawlessFlatbreads,12478002
2026-07-08T17:07:25.785610,2026-07-08T17:07:25.795052+00:00,148.9,8,bid,Xuanyu Liu,Lachy Miller,12478013
2026-07-08T17:07:25.935665,2026-07-08T17:07:25.942932+00:00,149.0,4,bid,Aaron Tian,EarnestEspressos,12478015
2026-07-08T17:07:26.912937,2026-07-08T17:07:26.923953+00:00,148.9,43,ask,EarnestEspressos,CostlyCorianders,12478035
2026-07-08T17:07:27.187939,2026-07-08T17:07:27.199498+00:00,148.9,50,ask,EarnestEspressos,FlawlessFlatbreads,12478038
2026-07-08T17:07:27.831693,2026-07-08T17:07:27.843273+00:00,148.9,46,ask,EarnestEspressos,CostlyCorianders,12478046
2026-07-08T17:07:28.759665,2026-07-08T17:07:28.767980+00:00,149.0,8,ask,Lachy Miller,Xuanyu Liu,12478065
2026-07-08T17:07:28.766932,2026-07-08T17:07:28.783525+00:00,148.9,11,ask,EarnestEspressos,DiligentDonuts,12478067
2026-07-08T17:07:29.087621,2026-07-08T17:07:29.097481+00:00,148.8,8,bid,Xuanyu Liu,Lachy Miller,12478068
2026-07-08T17:07:29.231769,2026-07-08T17:07:29.242355+00:00,148.7,15,bid,Xuanyu Liu,EarnestEspressos,12478076
2026-07-08T17:07:30.550633,2026-07-08T17:07:30.557181+00:00,148.7,43,bid,CostlyCorianders,EarnestEspressos,12478100
2026-07-08T17:07:31.399765,2026-07-08T17:07:31.408017+00:00,148.4,50,ask,DiligentDonuts,FlawlessFlatbreads,12478109
2026-07-08T17:07:33.440938,2026-07-08T17:07:33.448220+00:00,148.5,49,bid,CostlyCorianders,DiligentDonuts,12478143
2026-07-08T17:07:33.507557,2026-07-08T17:07:33.514260+00:00,148.2,50,ask,EarnestEspressos,FlawlessFlatbreads,12478146
2026-07-08T17:07:34.452304,2026-07-08T17:07:34.463815+00:00,148.2,47,ask,EarnestEspressos,CostlyCorianders,12478165
2026-07-08T17:07:35.556808,2026-07-08T17:07:35.566941+00:00,148.3,11,bid,Xuanyu Liu,EarnestEspressos,12478175
2026-07-08T17:07:35.617379,2026-07-08T17:07:35.627647+00:00,148.2,50,ask,DiligentDonuts,FlawlessFlatbreads,12478178
2026-07-08T17:07:35.868749,2026-07-08T17:07:35.882924+00:00,148.3,12,bid,Xuanyu Liu,EarnestEspressos,12478187
2026-07-08T17:07:37.142313,2026-07-08T17:07:37.151190+00:00,148.3,40,bid,CostlyCorianders,EarnestEspressos,12478213
2026-07-08T17:07:37.724259,2026-07-08T17:07:37.736308+00:00,148.2,50,ask,DiligentDonuts,FlawlessFlatbreads,12478218
2026-07-08T17:07:39.836107,2026-07-08T17:07:39.844283+00:00,148.1,50,ask,EarnestEspressos,FlawlessFlatbreads,12478240
2026-07-08T17:07:40.792952,2026-07-08T17:07:40.804491+00:00,148.1,41,ask,EarnestEspressos,CostlyCorianders,12478258
2026-07-08T17:07:41.823327,2026-07-08T17:07:41.832815+00:00,148.6,49,bid,CostlyCorianders,DiligentDonuts,12478276
2026-07-08T17:07:41.892232,2026-07-08T17:07:41.900505+00:00,148.3,50,bid,FlawlessFlatbreads,EarnestEspressos,12478278
2026-07-08T17:07:42.501485,2026-07-08T17:07:42.511849+00:00,148.1,41,ask,DiligentDonuts,CostlyCorianders,12478284
2026-07-08T17:07:43.532011,2026-07-08T17:07:43.542267+00:00,148.3,48,bid,CostlyCorianders,EarnestEspressos,12478305
2026-07-08T17:07:44.109545,2026-07-08T17:07:44.164146+00:00,148.1,43,ask,DiligentDonuts,CostlyCorianders,12478315
2026-07-08T17:07:44.382976,2026-07-08T17:07:44.391196+00:00,148.3,11,bid,Xuanyu Liu,EarnestEspressos,12478322
2026-07-08T17:07:46.172331,2026-07-08T17:07:46.181219+00:00,148.3,50,ask,EarnestEspressos,FlawlessFlatbreads,12478347
2026-07-08T17:07:46.266328,2026-07-08T17:07:46.275929+00:00,148.4,41,bid,CostlyCorianders,DiligentDonuts,12478348
2026-07-08T17:07:48.933057,2026-07-08T17:07:48.945056+00:00,148.5,42,bid,CostlyCorianders,DiligentDonuts,12478385
2026-07-08T17:07:50.381639,2026-07-08T17:07:50.390766+00:00,148.1,50,ask,EarnestEspressos,FlawlessFlatbreads,12478418
2026-07-08T17:07:54.541668,2026-07-08T17:07:54.551486+00:00,148.5,50,bid,FlawlessFlatbreads,EarnestEspressos,12478478
2026-07-08T17:07:56.676348,2026-07-08T17:07:56.684042+00:00,148.5,50,bid,FlawlessFlatbreads,EarnestEspressos,12478508
2026-07-08T17:07:57.508872,2026-07-08T17:07:57.520524+00:00,148.2,8,ask,Lachy Miller,CostlyCorianders,12478522
2026-07-08T17:07:57.508872,2026-07-08T17:07:57.520524+00:00,148.1,33,ask,DiligentDonuts,CostlyCorianders,12478523
2026-07-08T17:07:58.575472,2026-07-08T17:07:58.587324+00:00,148.2,42,ask,EarnestEspressos,CostlyCorianders,12478542
2026-07-08T17:08:00.140056,2026-07-08T17:08:00.152354+00:00,148.5,8,bid,CostlyCorianders,Lachy Miller,12478570
2026-07-08T17:08:00.140056,2026-07-08T17:08:00.152354+00:00,148.6,36,bid,CostlyCorianders,DiligentDonuts,12478571
2026-07-08T17:08:00.944557,2026-07-08T17:08:00.954470+00:00,148.1,50,ask,DiligentDonuts,FlawlessFlatbreads,12478584
2026-07-08T17:08:03.051083,2026-07-08T17:08:03.057694+00:00,148.2,8,ask,Lachy Miller,FlawlessFlatbreads,12478612
2026-07-08T17:08:03.051083,2026-07-08T17:08:03.057694+00:00,148.1,42,ask,DiligentDonuts,FlawlessFlatbreads,12478613
2026-07-08T17:08:05.166054,2026-07-08T17:08:05.175497+00:00,147.9,8,ask,Lachy Miller,FlawlessFlatbreads,12478641
2026-07-08T17:08:05.166054,2026-07-08T17:08:05.175497+00:00,147.8,42,ask,DiligentDonuts,FlawlessFlatbreads,12478642
2026-07-08T17:08:06.053643,2026-07-08T17:08:06.065604+00:00,148.2,8,bid,CostlyCorianders,Lachy Miller,12478651
2026-07-08T17:08:06.515333,2026-07-08T17:08:06.522389+00:00,147.9,8,ask,Lachy Miller,DiligentDonuts,12478662
2026-07-08T17:08:06.515333,2026-07-08T17:08:06.527816+00:00,147.8,38,ask,DiligentDonuts,CostlyCorianders,12478663
2026-07-08T17:08:06.734391,2026-07-08T17:08:06.766503+00:00,147.9,8,ask,Lachy Miller,CostlyCorianders,12478664
2026-07-08T17:08:06.754011,2026-07-08T17:08:06.766503+00:00,147.9,11,bid,Xuanyu Liu,DiligentDonuts,12478665
2026-07-08T17:08:07.277036,2026-07-08T17:08:07.287398+00:00,147.8,50,ask,EarnestEspressos,FlawlessFlatbreads,12478674
2026-07-08T17:08:07.585114,2026-07-08T17:08:07.596745+00:00,147.9,40,bid,CostlyCorianders,DiligentDonuts,12478681
2026-07-08T17:08:07.659487,2026-07-08T17:08:07.668393+00:00,147.9,12,bid,Xuanyu Liu,DiligentDonuts,12478684
2026-07-08T17:08:08.565814,2026-07-08T17:08:08.574669+00:00,147.8,48,ask,EarnestEspressos,CostlyCorianders,12478692
2026-07-08T17:08:08.969994,2026-07-08T17:08:08.979333+00:00,147.9,11,bid,Xuanyu Liu,DiligentDonuts,12478707
2026-07-08T17:08:09.383292,2026-07-08T17:08:09.395160+00:00,147.8,50,ask,EarnestEspressos,FlawlessFlatbreads,12478712
2026-07-08T17:08:11.439463,2026-07-08T17:08:11.451543+00:00,148.0,50,bid,FlawlessFlatbreads,EarnestEspressos,12478748
2026-07-08T17:08:14.378077,2026-07-08T17:08:14.389735+00:00,147.9,43,bid,CostlyCorianders,EarnestEspressos,12478793
2026-07-08T17:08:16.505138,2026-07-08T17:08:16.516962+00:00,147.9,49,bid,CostlyCorianders,EarnestEspressos,12478830
2026-07-08T17:08:16.560655,2026-07-08T17:08:16.572357+00:00,147.7,44,ask,DiligentDonuts,CostlyCorianders,12478831
2026-07-08T17:08:17.755080,2026-07-08T17:08:17.758574+00:00,148.2,50,bid,FlawlessFlatbreads,DiligentDonuts,12478843
2026-07-08T17:08:19.860339,2026-07-08T17:08:19.869057+00:00,148.0,50,bid,FlawlessFlatbreads,DiligentDonuts,12478882
2026-07-08T17:08:20.805259,2026-07-08T17:08:20.814396+00:00,147.8,11,ask,EarnestEspressos,Xuanyu Liu,12478904
2026-07-08T17:08:21.966993,2026-07-08T17:08:21.978616+00:00,148.0,50,bid,FlawlessFlatbreads,DiligentDonuts,12478921
2026-07-08T17:08:22.479586,2026-07-08T17:08:22.502696+00:00,147.8,12,ask,EarnestEspressos,Xuanyu Liu,12478931
2026-07-08T17:08:22.545682,2026-07-08T17:08:22.554774+00:00,148.1,34,ask,DiligentDonuts,Xuanyu Liu,12478940
2026-07-08T17:08:22.859708,2026-07-08T17:08:22.868892+00:00,148.1,8,ask,DiligentDonuts,Xuanyu Liu,12478948
2026-07-08T17:08:22.999354,2026-07-08T17:08:23.011239+00:00,148.1,58,ask,DiligentDonuts,EarnestEspressos,12478950
2026-07-08T17:08:22.999354,2026-07-08T17:08:23.011239+00:00,147.9,8,ask,Lachy Miller,EarnestEspressos,12478951
2026-07-08T17:08:23.430433,2026-07-08T17:08:23.439930+00:00,147.7,8,bid,Xuanyu Liu,Lachy Miller,12478967
2026-07-08T17:08:23.441042,2026-07-08T17:08:23.450374+00:00,147.8,34,bid,Xuanyu Liu,EarnestEspressos,12478969
2026-07-08T17:08:24.073363,2026-07-08T17:08:24.084956+00:00,147.8,50,bid,FlawlessFlatbreads,EarnestEspressos,12478975
2026-07-08T17:08:24.439675,2026-07-08T17:08:24.447796+00:00,147.3,41,ask,EarnestEspressos,CostlyCorianders,12478988
2026-07-08T17:08:26.121020,2026-07-08T17:08:26.127633+00:00,147.6,100,bid,EarnestEspressos,DiligentDonuts,12479016
2026-07-08T17:08:26.121020,2026-07-08T17:08:26.132852+00:00,147.7,8,bid,EarnestEspressos,Lachy Miller,12479017
2026-07-08T17:08:26.190611,2026-07-08T17:08:26.200323+00:00,147.8,8,ask,EarnestEspressos,Xuanyu Liu,12479019
2026-07-08T17:08:26.230855,2026-07-08T17:08:26.241338+00:00,147.8,34,ask,EarnestEspressos,FlawlessFlatbreads,12479021
2026-07-08T17:08:27.482475,2026-07-08T17:08:27.494331+00:00,147.9,8,bid,CostlyCorianders,Lachy Miller,12479042
2026-07-08T17:08:27.482475,2026-07-08T17:08:27.494331+00:00,148.3,39,bid,CostlyCorianders,EarnestEspressos,12479043
2026-07-08T17:08:28.285777,2026-07-08T17:08:28.293858+00:00,147.9,8,bid,FlawlessFlatbreads,Lachy Miller,12479056
2026-07-08T17:08:28.285777,2026-07-08T17:08:28.299025+00:00,148.3,42,bid,FlawlessFlatbreads,EarnestEspressos,12479057
2026-07-08T17:08:32.549428,2026-07-08T17:08:32.557373+00:00,147.7,8,ask,Lachy Miller,FlawlessFlatbreads,12479127
2026-07-08T17:08:32.549428,2026-07-08T17:08:32.557373+00:00,147.6,42,ask,DiligentDonuts,FlawlessFlatbreads,12479128
2026-07-08T17:08:34.606839,2026-07-08T17:08:34.615355+00:00,148.0,50,bid,FlawlessFlatbreads,EarnestEspressos,12479155
2026-07-08T17:08:35.250238,2026-07-08T17:08:35.258503+00:00,147.6,3,ask,Lachy Miller,Xuanyu Liu,12479163
2026-07-08T17:08:35.964152,2026-07-08T17:08:35.975693+00:00,147.5,44,ask,EarnestEspressos,CostlyCorianders,12479172
2026-07-08T17:08:36.713384,2026-07-08T17:08:36.725026+00:00,147.9,50,bid,FlawlessFlatbreads,DiligentDonuts,12479189
2026-07-08T17:08:37.637314,2026-07-08T17:08:37.646386+00:00,147.5,43,ask,EarnestEspressos,CostlyCorianders,12479201
2026-07-08T17:08:38.848235,2026-07-08T17:08:38.849283+00:00,148.0,8,bid,FlawlessFlatbreads,Lachy Miller,12479218
2026-07-08T17:08:38.848235,2026-07-08T17:08:38.868671+00:00,148.1,42,bid,FlawlessFlatbreads,DiligentDonuts,12479219
2026-07-08T17:08:40.958775,2026-07-08T17:08:40.970421+00:00,147.8,50,bid,FlawlessFlatbreads,EarnestEspressos,12479256
2026-07-08T17:08:41.518577,2026-07-08T17:08:41.527519+00:00,147.8,100,bid,DiligentDonuts,EarnestEspressos,12479262
2026-07-08T17:08:41.538869,2026-07-08T17:08:41.548342+00:00,147.7,8,bid,Xuanyu Liu,Lachy Miller,12479263
2026-07-08T17:08:41.956162,2026-07-08T17:08:41.967877+00:00,148.0,8,bid,EarnestEspressos,Lachy Miller,12479276
2026-07-08T17:08:41.971587,2026-07-08T17:08:41.980189+00:00,148.1,31,ask,EarnestEspressos,Xuanyu Liu,12479278
2026-07-08T17:08:42.528549,2026-07-08T17:08:42.538353+00:00,148.1,11,ask,EarnestEspressos,Xuanyu Liu,12479289
2026-07-08T17:08:43.065373,2026-07-08T17:08:43.075170+00:00,148.4,50,bid,FlawlessFlatbreads,DiligentDonuts,12479295
2026-07-08T17:08:43.354666,2026-07-08T17:08:43.366292+00:00,148.4,41,bid,CostlyCorianders,DiligentDonuts,12479304
2026-07-08T17:08:45.180135,2026-07-08T17:08:45.189191+00:00,148.2,50,bid,FlawlessFlatbreads,DiligentDonuts,12479327
2026-07-08T17:08:45.470817,2026-07-08T17:08:45.480521+00:00,148.2,47,bid,CostlyCorianders,DiligentDonuts,12479332
2026-07-08T17:08:47.286882,2026-07-08T17:08:47.298654+00:00,148.2,3,bid,FlawlessFlatbreads,DiligentDonuts,12479363
2026-07-08T17:08:47.286882,2026-07-08T17:08:47.298654+00:00,148.3,47,bid,FlawlessFlatbreads,EarnestEspressos,12479364
2026-07-08T17:08:49.403222,2026-07-08T17:08:49.414663+00:00,148.2,50,bid,FlawlessFlatbreads,EarnestEspressos,12479398
2026-07-08T17:08:51.459597,2026-07-08T17:08:51.469725+00:00,148.1,12,ask,EarnestEspressos,Xuanyu Liu,12479435
2026-07-08T17:08:51.509568,2026-07-08T17:08:51.521287+00:00,148.4,8,bid,FlawlessFlatbreads,Lachy Miller,12479437
2026-07-08T17:08:51.509568,2026-07-08T17:08:51.521287+00:00,148.5,42,bid,FlawlessFlatbreads,DiligentDonuts,12479438
2026-07-08T17:08:53.194428,2026-07-08T17:08:53.205196+00:00,148.1,46,ask,EarnestEspressos,CostlyCorianders,12479460
2026-07-08T17:08:53.643912,2026-07-08T17:08:53.658581+00:00,148.5,50,bid,FlawlessFlatbreads,DiligentDonuts,12479465
2026-07-08T17:08:53.799698,2026-07-08T17:08:53.811411+00:00,148.1,40,ask,EarnestEspressos,CostlyCorianders,12479468
2026-07-08T17:08:54.204555,2026-07-08T17:08:54.212752+00:00,148.2,11,ask,DiligentDonuts,Xuanyu Liu,12479472
2026-07-08T17:08:54.278205,2026-07-08T17:08:54.287526+00:00,148.2,47,ask,DiligentDonuts,CostlyCorianders,12479474
2026-07-08T17:08:54.666685,2026-07-08T17:08:54.674613+00:00,148.2,42,ask,DiligentDonuts,EarnestEspressos,12479483
2026-07-08T17:08:54.676099,2026-07-08T17:08:54.684869+00:00,148.2,8,bid,Lachy Miller,EarnestEspressos,12479484
2026-07-08T17:08:57.880774,2026-07-08T17:08:57.887548+00:00,148.2,8,bid,FlawlessFlatbreads,Lachy Miller,12479525
2026-07-08T17:08:57.880774,2026-07-08T17:08:57.892753+00:00,148.2,42,bid,FlawlessFlatbreads,EarnestEspressos,12479526
2026-07-08T17:08:58.511910,2026-07-08T17:08:58.522597+00:00,148.2,48,bid,CostlyCorianders,EarnestEspressos,12479540
2026-07-08T17:08:59.455859,2026-07-08T17:08:59.464157+00:00,148.2,49,bid,CostlyCorianders,EarnestEspressos,12479554
2026-07-08T17:08:59.987987,2026-07-08T17:09:00.000056+00:00,148.2,11,bid,FlawlessFlatbreads,EarnestEspressos,12479566
2026-07-08T17:08:59.987987,2026-07-08T17:09:00.000056+00:00,148.2,8,bid,FlawlessFlatbreads,Lachy Miller,12479567
2026-07-08T17:08:59.987987,2026-07-08T17:09:00.000056+00:00,148.3,31,bid,FlawlessFlatbreads,DiligentDonuts,12479568
2026-07-08T17:09:00.959726,2026-07-08T17:09:00.968458+00:00,148.2,3,ask,EarnestEspressos,Xuanyu Liu,12479579
2026-07-08T17:09:01.941967,2026-07-08T17:09:01.951252+00:00,148.2,3,ask,EarnestEspressos,Xuanyu Liu,12479591
2026-07-08T17:09:02.100610,2026-07-08T17:09:02.112635+00:00,148.3,50,bid,FlawlessFlatbreads,DiligentDonuts,12479594
2026-07-08T17:09:03.697876,2026-07-08T17:09:03.713730+00:00,148.3,8,ask,Lachy Miller,Xuanyu Liu,12479622
2026-07-08T17:09:04.080954,2026-07-08T17:09:04.092627+00:00,148.1,8,ask,Lachy Miller,CostlyCorianders,12479629
2026-07-08T17:09:04.080954,2026-07-08T17:09:04.092627+00:00,147.8,35,ask,DiligentDonuts,CostlyCorianders,12479630
2026-07-08T17:09:04.209589,2026-07-08T17:09:04.221388+00:00,148.3,50,bid,FlawlessFlatbreads,DiligentDonuts,12479634
2026-07-08T17:09:05.567737,2026-07-08T17:09:05.576397+00:00,148.1,49,ask,EarnestEspressos,CostlyCorianders,12479661
2026-07-08T17:09:06.366596,2026-07-08T17:09:06.378472+00:00,148.1,50,ask,EarnestEspressos,FlawlessFlatbreads,12479667
2026-07-08T17:09:08.473233,2026-07-08T17:09:08.484971+00:00,147.8,50,ask,DiligentDonuts,FlawlessFlatbreads,12479703
2026-07-08T17:09:10.581158,2026-07-08T17:09:10.588629+00:00,147.7,50,ask,DiligentDonuts,FlawlessFlatbreads,12479741
2026-07-08T17:09:10.886951,2026-07-08T17:09:10.895455+00:00,148.1,8,bid,Xuanyu Liu,Lachy Miller,12479750
2026-07-08T17:09:11.132826,2026-07-08T17:09:11.139534+00:00,148.2,42,bid,CostlyCorianders,DiligentDonuts,12479756
2026-07-08T17:09:12.688985,2026-07-08T17:09:12.700514+00:00,147.8,8,ask,Lachy Miller,FlawlessFlatbreads,12479778
2026-07-08T17:09:12.688985,2026-07-08T17:09:12.700514+00:00,147.7,42,ask,DiligentDonuts,FlawlessFlatbreads,12479779
2026-07-08T17:09:13.491703,2026-07-08T17:09:13.500481+00:00,148.0,3,bid,Xuanyu Liu,DiligentDonuts,12479797
2026-07-08T17:09:13.788952,2026-07-08T17:09:13.800644+00:00,148.0,49,bid,CostlyCorianders,DiligentDonuts,12479805
2026-07-08T17:09:13.843783,2026-07-08T17:09:13.850574+00:00,147.8,49,ask,EarnestEspressos,CostlyCorianders,12479808
2026-07-08T17:09:14.795481,2026-07-08T17:09:14.807199+00:00,147.8,50,ask,EarnestEspressos,FlawlessFlatbreads,12479820
2026-07-08T17:09:14.950682,2026-07-08T17:09:14.958952+00:00,147.8,44,ask,EarnestEspressos,CostlyCorianders,12479825
2026-07-08T17:09:16.407057,2026-07-08T17:09:16.418658+00:00,147.8,7,ask,EarnestEspressos,DiligentDonuts,12479848
2026-07-08T17:09:16.602775,2026-07-08T17:09:16.614736+00:00,147.8,44,bid,CostlyCorianders,DiligentDonuts,12479849
2026-07-08T17:09:16.836122,2026-07-08T17:09:16.844201+00:00,147.3,100,ask,DiligentDonuts,EarnestEspressos,12479850
2026-07-08T17:09:16.836122,2026-07-08T17:09:16.844201+00:00,147.3,8,ask,Lachy Miller,EarnestEspressos,12479851
2026-07-08T17:09:16.850716,2026-07-08T17:09:16.864739+00:00,147.3,14,bid,Xuanyu Liu,EarnestEspressos,12479852
2026-07-08T17:09:16.854928,2026-07-08T17:09:16.864739+00:00,147.3,28,bid,FlawlessFlatbreads,EarnestEspressos,12479853
2026-07-08T17:09:16.854928,2026-07-08T17:09:16.864739+00:00,147.8,22,bid,FlawlessFlatbreads,DiligentDonuts,12479854
2026-07-08T17:09:18.963803,2026-07-08T17:09:18.971501+00:00,147.6,8,bid,FlawlessFlatbreads,Lachy Miller,12479887
2026-07-08T17:09:18.963803,2026-07-08T17:09:18.976556+00:00,147.8,27,bid,FlawlessFlatbreads,DiligentDonuts,12479888
2026-07-08T17:09:19.901539,2026-07-08T17:09:19.910666+00:00,148.1,47,bid,CostlyCorianders,DiligentDonuts,12479903
2026-07-08T17:09:19.927272,2026-07-08T17:09:19.935792+00:00,147.6,11,ask,DiligentDonuts,Xuanyu Liu,12479905
2026-07-08T17:09:19.954956,2026-07-08T17:09:19.962438+00:00,147.6,42,ask,DiligentDonuts,CostlyCorianders,12479907
2026-07-08T17:09:20.481159,2026-07-08T17:09:20.492868+00:00,147.6,43,ask,DiligentDonuts,CostlyCorianders,12479917
2026-07-08T17:09:21.484180,2026-07-08T17:09:21.491483+00:00,148.1,44,bid,CostlyCorianders,DiligentDonuts,12479939
2026-07-08T17:09:23.175134,2026-07-08T17:09:23.186981+00:00,148.2,8,bid,FlawlessFlatbreads,Lachy Miller,12479968
2026-07-08T17:09:23.175134,2026-07-08T17:09:23.186981+00:00,148.3,42,bid,FlawlessFlatbreads,DiligentDonuts,12479969
2026-07-08T17:09:25.067598,2026-07-08T17:09:25.076926+00:00,148.3,49,bid,CostlyCorianders,DiligentDonuts,12480005
2026-07-08T17:09:25.339495,2026-07-08T17:09:25.351324+00:00,147.8,50,ask,DiligentDonuts,FlawlessFlatbreads,12480012
2026-07-08T17:09:25.630417,2026-07-08T17:09:25.640724+00:00,147.8,49,ask,DiligentDonuts,CostlyCorianders,12480017
2026-07-08T17:09:27.446152,2026-07-08T17:09:27.458560+00:00,147.9,50,ask,DiligentDonuts,FlawlessFlatbreads,12480041
2026-07-08T17:09:29.221261,2026-07-08T17:09:29.233125+00:00,148.4,41,bid,CostlyCorianders,EarnestEspressos,12480065
2026-07-08T17:09:29.553386,2026-07-08T17:09:29.565201+00:00,148.2,50,ask,DiligentDonuts,FlawlessFlatbreads,12480067
2026-07-08T17:09:30.451514,2026-07-08T17:09:30.462409+00:00,148.2,3,ask,DiligentDonuts,Xuanyu Liu,12480085
2026-07-08T17:09:32.276660,2026-07-08T17:09:32.285792+00:00,148.2,100,ask,EarnestEspressos,DiligentDonuts,12480120
2026-07-08T17:09:33.267083,2026-07-08T17:09:33.278887+00:00,147.7,43,ask,EarnestEspressos,CostlyCorianders,12480139
2026-07-08T17:09:33.766031,2026-07-08T17:09:33.777820+00:00,147.7,50,ask,EarnestEspressos,FlawlessFlatbreads,12480148
2026-07-08T17:09:35.682743,2026-07-08T17:09:35.689822+00:00,147.9,43,ask,DiligentDonuts,CostlyCorianders,12480177
2026-07-08T17:09:35.840455,2026-07-08T17:09:35.862254+00:00,147.9,57,ask,DiligentDonuts,EarnestEspressos,12480180
2026-07-08T17:09:35.851613,2026-07-08T17:09:35.862254+00:00,147.8,14,bid,Xuanyu Liu,EarnestEspressos,12480181
2026-07-08T17:09:35.854438,2026-07-08T17:09:35.862254+00:00,147.8,8,bid,Lachy Miller,EarnestEspressos,12480182
2026-07-08T17:09:35.878327,2026-07-08T17:09:35.889750+00:00,147.3,50,ask,EarnestEspressos,FlawlessFlatbreads,12480184
2026-07-08T17:09:36.803914,2026-07-08T17:09:36.815730+00:00,147.8,43,bid,CostlyCorianders,EarnestEspressos,12480199
2026-07-08T17:09:37.051176,2026-07-08T17:09:37.066884+00:00,147.8,12,bid,Xuanyu Liu,EarnestEspressos,12480208
2026-07-08T17:09:37.423601,2026-07-08T17:09:37.430925+00:00,147.8,16,bid,CostlyCorianders,EarnestEspressos,12480217
2026-07-08T17:09:37.423601,2026-07-08T17:09:37.436335+00:00,147.9,8,bid,CostlyCorianders,Lachy Miller,12480218
2026-07-08T17:09:37.423601,2026-07-08T17:09:37.436335+00:00,148.4,18,bid,CostlyCorianders,DiligentDonuts,12480219
2026-07-08T17:09:37.986608,2026-07-08T17:09:37.998268+00:00,147.5,8,ask,Lachy Miller,FlawlessFlatbreads,12480225
2026-07-08T17:09:37.986608,2026-07-08T17:09:37.998268+00:00,147.3,42,ask,EarnestEspressos,FlawlessFlatbreads,12480226
2026-07-08T17:09:40.095452,2026-07-08T17:09:40.105875+00:00,147.8,50,ask,DiligentDonuts,FlawlessFlatbreads,12480260
2026-07-08T17:09:42.200112,2026-07-08T17:09:42.207480+00:00,148.3,41,bid,CostlyCorianders,DiligentDonuts,12480282
2026-07-08T17:09:42.203813,2026-07-08T17:09:42.212498+00:00,147.8,50,ask,DiligentDonuts,FlawlessFlatbreads,12480283
2026-07-08T17:09:43.756135,2026-07-08T17:09:43.767435+00:00,147.8,45,ask,DiligentDonuts,CostlyCorianders,12480304
2026-07-08T17:09:44.344599,2026-07-08T17:09:44.345983+00:00,147.8,5,ask,DiligentDonuts,FlawlessFlatbreads,12480309
2026-07-08T17:09:44.344599,2026-07-08T17:09:44.345983+00:00,147.8,45,ask,EarnestEspressos,FlawlessFlatbreads,12480310
2026-07-08T17:09:44.959542,2026-07-08T17:09:44.970023+00:00,148.1,11,bid,Xuanyu Liu,DiligentDonuts,12480322
2026-07-08T17:09:46.453540,2026-07-08T17:09:46.464916+00:00,147.9,50,ask,EarnestEspressos,FlawlessFlatbreads,12480352
2026-07-08T17:09:47.034461,2026-07-08T17:09:47.043840+00:00,148.1,41,bid,CostlyCorianders,DiligentDonuts,12480356
2026-07-08T17:09:47.901078,2026-07-08T17:09:47.910490+00:00,148.1,12,bid,Xuanyu Liu,DiligentDonuts,12480376
2026-07-08T17:09:48.051544,2026-07-08T17:09:48.059261+00:00,148.4,100,bid,DiligentDonuts,EarnestEspressos,12480382
2026-07-08T17:09:48.433132,2026-07-08T17:09:48.443474+00:00,148.4,8,bid,EarnestEspressos,Lachy Miller,12480385
2026-07-08T17:09:48.851519,2026-07-08T17:09:48.859808+00:00,148.5,46,ask,EarnestEspressos,Xuanyu Liu,12480400
2026-07-08T17:09:51.270646,2026-07-08T17:09:51.279583+00:00,148.5,96,ask,EarnestEspressos,DiligentDonuts,12480439
2026-07-08T17:09:51.270646,2026-07-08T17:09:51.279583+00:00,148.3,4,ask,Lachy Miller,DiligentDonuts,12480440
2026-07-08T17:09:51.694181,2026-07-08T17:09:51.703470+00:00,148.1,57,bid,Xuanyu Liu,EarnestEspressos,12480449
2026-07-08T17:09:52.608633,2026-07-08T17:09:52.620092+00:00,147.8,47,ask,DiligentDonuts,CostlyCorianders,12480466
2026-07-08T17:09:52.750159,2026-07-08T17:09:52.753711+00:00,148.1,50,bid,FlawlessFlatbreads,EarnestEspressos,12480469
2026-07-08T17:09:53.065976,2026-07-08T17:09:53.076080+00:00,148.1,43,bid,CostlyCorianders,EarnestEspressos,12480477
2026-07-08T17:09:53.065976,2026-07-08T17:09:53.076080+00:00,148.4,2,bid,CostlyCorianders,Lachy Miller,12480478
2026-07-08T17:09:56.360011,2026-07-08T17:09:56.366810+00:00,148.3,44,ask,EarnestEspressos,CostlyCorianders,12480539
2026-07-08T17:09:57.045773,2026-07-08T17:09:57.052407+00:00,148.3,50,ask,EarnestEspressos,FlawlessFlatbreads,12480557
2026-07-08T17:09:59.152569,2026-07-08T17:09:59.164245+00:00,148.4,50,ask,DiligentDonuts,FlawlessFlatbreads,12480588
2026-07-08T17:10:01.217399,2026-07-08T17:10:01.226970+00:00,148.8,50,bid,FlawlessFlatbreads,DiligentDonuts,12480625
2026-07-08T17:10:03.207108,2026-07-08T17:10:03.218835+00:00,148.8,41,bid,CostlyCorianders,DiligentDonuts,12480649
2026-07-08T17:10:06.352273,2026-07-08T17:10:06.353941+00:00,148.7,48,bid,CostlyCorianders,EarnestEspressos,12480692
2026-07-08T17:10:09.335499,2026-07-08T17:10:09.347205+00:00,148.5,44,ask,DiligentDonuts,CostlyCorianders,12480736
2026-07-08T17:10:09.678286,2026-07-08T17:10:09.690004+00:00,148.8,50,bid,FlawlessFlatbreads,EarnestEspressos,12480747
2026-07-08T17:10:11.847611,2026-07-08T17:10:11.858567+00:00,148.6,50,ask,EarnestEspressos,FlawlessFlatbreads,12480770
2026-07-08T17:10:12.036385,2026-07-08T17:10:12.047734+00:00,148.6,45,ask,EarnestEspressos,CostlyCorianders,12480774
2026-07-08T17:10:13.826472,2026-07-08T17:10:13.838242+00:00,148.7,8,ask,Lachy Miller,EarnestEspressos,12480817
2026-07-08T17:10:13.957559,2026-07-08T17:10:13.974019+00:00,148.4,50,ask,DiligentDonuts,FlawlessFlatbreads,12480819
2026-07-08T17:10:15.817062,2026-07-08T17:10:15.828677+00:00,148.7,49,bid,CostlyCorianders,EarnestEspressos,12480850
2026-07-08T17:10:17.803969,2026-07-08T17:10:17.813472+00:00,148.8,8,ask,Lachy Miller,CostlyCorianders,12480894
2026-07-08T17:10:17.803969,2026-07-08T17:10:17.813472+00:00,148.7,36,ask,EarnestEspressos,CostlyCorianders,12480895
2026-07-08T17:10:20.286161,2026-07-08T17:10:20.297863+00:00,148.8,50,ask,EarnestEspressos,FlawlessFlatbreads,12480923
2026-07-08T17:10:22.425878,2026-07-08T17:10:22.437882+00:00,149.0,23,bid,Xuanyu Liu,DiligentDonuts,12480957
2026-07-08T17:10:24.482466,2026-07-08T17:10:24.489486+00:00,149.5,50,bid,FlawlessFlatbreads,DiligentDonuts,12480989
2026-07-08T17:10:26.154479,2026-07-08T17:10:26.166087+00:00,149.5,41,bid,CostlyCorianders,EarnestEspressos,12481010
2026-07-08T17:10:26.588460,2026-07-08T17:10:26.597705+00:00,149.6,50,bid,FlawlessFlatbreads,EarnestEspressos,12481013
2026-07-08T17:10:26.893596,2026-07-08T17:10:26.902582+00:00,149.3,12,ask,DiligentDonuts,Xuanyu Liu,12481019
2026-07-08T17:10:28.710314,2026-07-08T17:10:28.719596+00:00,149.6,50,bid,FlawlessFlatbreads,EarnestEspressos,12481047
2026-07-08T17:10:29.409873,2026-07-08T17:10:29.421369+00:00,149.2,41,ask,DiligentDonuts,CostlyCorianders,12481056
2026-07-08T17:10:29.593270,2026-07-08T17:10:29.604993+00:00,149.5,11,ask,EarnestEspressos,Xuanyu Liu,12481061
2026-07-08T17:10:30.487968,2026-07-08T17:10:30.499520+00:00,149.5,44,ask,EarnestEspressos,CostlyCorianders,12481075
2026-07-08T17:10:30.817568,2026-07-08T17:10:30.825917+00:00,149.7,50,bid,FlawlessFlatbreads,DiligentDonuts,12481080
2026-07-08T17:10:30.837633,2026-07-08T17:10:30.846046+00:00,149.5,11,ask,EarnestEspressos,Xuanyu Liu,12481081
2026-07-08T17:10:32.951526,2026-07-08T17:10:32.957768+00:00,149.8,50,bid,FlawlessFlatbreads,DiligentDonuts,12481107
2026-07-08T17:10:34.922987,2026-07-08T17:10:34.934487+00:00,149.7,8,bid,CostlyCorianders,Lachy Miller,12481132
2026-07-08T17:10:34.922987,2026-07-08T17:10:34.934487+00:00,149.8,38,bid,CostlyCorianders,DiligentDonuts,12481133
2026-07-08T17:10:35.058207,2026-07-08T17:10:35.069778+00:00,149.8,12,bid,FlawlessFlatbreads,DiligentDonuts,12481137
2026-07-08T17:10:35.058207,2026-07-08T17:10:35.069778+00:00,149.8,38,bid,FlawlessFlatbreads,EarnestEspressos,12481138
2026-07-08T17:10:35.559702,2026-07-08T17:10:35.569982+00:00,149.5,12,ask,DiligentDonuts,Xuanyu Liu,12481146
2026-07-08T17:10:35.975912,2026-07-08T17:10:35.983966+00:00,149.6,8,ask,Lachy Miller,Xuanyu Liu,12481157
2026-07-08T17:10:36.507493,2026-07-08T17:10:36.518926+00:00,149.8,41,bid,CostlyCorianders,EarnestEspressos,12481162
2026-07-08T17:10:37.187249,2026-07-08T17:10:37.198878+00:00,149.8,50,bid,FlawlessFlatbreads,EarnestEspressos,12481170
2026-07-08T17:10:37.403067,2026-07-08T17:10:37.411776+00:00,149.5,3,ask,DiligentDonuts,Xuanyu Liu,12481174
2026-07-08T17:10:38.712985,2026-07-08T17:10:38.721665+00:00,149.8,59,bid,DiligentDonuts,EarnestEspressos,12481196
2026-07-08T17:10:38.712985,2026-07-08T17:10:38.721665+00:00,149.8,8,bid,DiligentDonuts,Lachy Miller,12481197
2026-07-08T17:10:38.786184,2026-07-08T17:10:38.796267+00:00,149.9,23,ask,DiligentDonuts,Xuanyu Liu,12481199
2026-07-08T17:10:38.921161,2026-07-08T17:10:38.930501+00:00,150.0,3,ask,Lachy Miller,Xuanyu Liu,12481204
2026-07-08T17:10:39.296234,2026-07-08T17:10:39.307888+00:00,150.3,8,bid,FlawlessFlatbreads,Lachy Miller,12481209
2026-07-08T17:10:39.296234,2026-07-08T17:10:39.307888+00:00,150.4,42,bid,FlawlessFlatbreads,DiligentDonuts,12481210
2026-07-08T17:10:41.430793,2026-07-08T17:10:41.442306+00:00,150.3,8,bid,FlawlessFlatbreads,Lachy Miller,12481252
2026-07-08T17:10:41.430793,2026-07-08T17:10:41.442306+00:00,150.4,42,bid,FlawlessFlatbreads,DiligentDonuts,12481253
2026-07-08T17:10:41.937824,2026-07-08T17:10:41.946910+00:00,150.0,8,ask,Lachy Miller,DiligentDonuts,12481256
2026-07-08T17:10:42.229034,2026-07-08T17:10:42.238697+00:00,150.0,92,bid,EarnestEspressos,DiligentDonuts,12481263
2026-07-08T17:10:42.229034,2026-07-08T17:10:42.238697+00:00,150.0,8,bid,EarnestEspressos,Lachy Miller,12481264
2026-07-08T17:10:45.647981,2026-07-08T17:10:45.658588+00:00,150.2,50,bid,FlawlessFlatbreads,EarnestEspressos,12481325
2026-07-08T17:10:47.756745,2026-07-08T17:10:47.754897+00:00,150.2,50,bid,FlawlessFlatbreads,EarnestEspressos,12481359
2026-07-08T17:10:48.510621,2026-07-08T17:10:48.521002+00:00,149.9,43,ask,DiligentDonuts,CostlyCorianders,12481376
2026-07-08T17:10:49.890931,2026-07-08T17:10:49.902485+00:00,150.4,50,bid,FlawlessFlatbreads,DiligentDonuts,12481395
2026-07-08T17:10:50.135093,2026-07-08T17:10:50.146461+00:00,150.1,44,ask,EarnestEspressos,CostlyCorianders,12481399
2026-07-08T17:10:51.718490,2026-07-08T17:10:51.725653+00:00,150.4,44,bid,CostlyCorianders,DiligentDonuts,12481425
2026-07-08T17:10:51.998581,2026-07-08T17:10:52.009752+00:00,150.4,50,bid,FlawlessFlatbreads,DiligentDonuts,12481433
2026-07-08T17:10:54.156798,2026-07-08T17:10:54.148496+00:00,149.9,50,ask,DiligentDonuts,FlawlessFlatbreads,12481479
2026-07-08T17:10:56.246919,2026-07-08T17:10:56.258569+00:00,150.1,47,ask,DiligentDonuts,CostlyCorianders,12481525
2026-07-08T17:10:56.263994,2026-07-08T17:10:56.275416+00:00,150.1,50,ask,DiligentDonuts,FlawlessFlatbreads,12481526
2026-07-08T17:10:57.785625,2026-07-08T17:10:57.797651+00:00,150.1,8,ask,Lachy Miller,DiligentDonuts,12481545
2026-07-08T17:10:58.320369,2026-07-08T17:10:58.331843+00:00,150.1,50,bid,FlawlessFlatbreads,DiligentDonuts,12481553
2026-07-08T17:10:58.464253,2026-07-08T17:10:58.471921+00:00,149.8,48,ask,EarnestEspressos,CostlyCorianders,12481559
2026-07-08T17:10:59.081024,2026-07-08T17:10:59.088698+00:00,150.1,40,bid,CostlyCorianders,DiligentDonuts,12481564
2026-07-08T17:11:00.479111,2026-07-08T17:11:00.490810+00:00,149.8,50,ask,EarnestEspressos,FlawlessFlatbreads,12481577
2026-07-08T17:11:04.439142,2026-07-08T17:11:04.450609+00:00,149.8,100,ask,DiligentDonuts,EarnestEspressos,12481642
2026-07-08T17:11:04.693419,2026-07-08T17:11:04.704303+00:00,149.3,50,ask,EarnestEspressos,FlawlessFlatbreads,12481646
2026-07-08T17:11:05.053783,2026-07-08T17:11:05.065318+00:00,149.8,46,bid,CostlyCorianders,EarnestEspressos,12481654
2026-07-08T17:11:05.400687,2026-07-08T17:11:05.411871+00:00,149.8,3,bid,Xuanyu Liu,EarnestEspressos,12481657
2026-07-08T17:11:06.798784,2026-07-08T17:11:06.805596+00:00,149.3,50,ask,EarnestEspressos,FlawlessFlatbreads,12481682
2026-07-08T17:11:08.604386,2026-07-08T17:11:08.615983+00:00,150.1,48,bid,CostlyCorianders,DiligentDonuts,12481709
2026-07-08T17:11:08.904476,2026-07-08T17:11:08.916069+00:00,149.6,50,ask,DiligentDonuts,FlawlessFlatbreads,12481722
2026-07-08T17:11:11.010277,2026-07-08T17:11:11.021634+00:00,149.8,50,ask,DiligentDonuts,FlawlessFlatbreads,12481750
2026-07-08T17:11:13.117052,2026-07-08T17:11:13.128452+00:00,149.8,50,ask,DiligentDonuts,FlawlessFlatbreads,12481778
2026-07-08T17:11:15.222907,2026-07-08T17:11:15.232703+00:00,149.8,50,ask,EarnestEspressos,FlawlessFlatbreads,12481799
2026-07-08T17:11:17.329333,2026-07-08T17:11:17.338618+00:00,149.6,50,ask,EarnestEspressos,FlawlessFlatbreads,12481843
2026-07-08T17:11:19.440198,2026-07-08T17:11:19.452127+00:00,149.6,50,ask,EarnestEspressos,FlawlessFlatbreads,12481879
2026-07-08T17:11:20.268723,2026-07-08T17:11:20.278391+00:00,149.7,23,bid,Xuanyu Liu,EarnestEspressos,12481895
2026-07-08T17:11:21.292410,2026-07-08T17:11:21.303291+00:00,149.5,41,ask,DiligentDonuts,CostlyCorianders,12481914
2026-07-08T17:11:21.497720,2026-07-08T17:11:21.504983+00:00,149.7,50,bid,FlawlessFlatbreads,EarnestEspressos,12481921
2026-07-08T17:11:23.603980,2026-07-08T17:11:23.610492+00:00,149.7,50,bid,FlawlessFlatbreads,DiligentDonuts,12481962
2026-07-08T17:11:25.420197,2026-07-08T17:11:25.432449+00:00,149.7,41,bid,CostlyCorianders,DiligentDonuts,12481985
2026-07-08T17:11:25.712462,2026-07-08T17:11:25.724457+00:00,149.7,9,bid,FlawlessFlatbreads,DiligentDonuts,12481989
2026-07-08T17:11:25.712462,2026-07-08T17:11:25.724457+00:00,149.8,8,bid,FlawlessFlatbreads,Lachy Miller,12481990
2026-07-08T17:11:25.712462,2026-07-08T17:11:25.724457+00:00,149.9,33,bid,FlawlessFlatbreads,EarnestEspressos,12481991
2026-07-08T17:11:25.977897,2026-07-08T17:11:25.984696+00:00,149.9,43,bid,CostlyCorianders,EarnestEspressos,12481996
2026-07-08T17:11:26.446192,2026-07-08T17:11:26.458004+00:00,149.5,8,ask,Lachy Miller,CostlyCorianders,12482004
2026-07-08T17:11:26.446192,2026-07-08T17:11:26.458004+00:00,149.5,36,ask,DiligentDonuts,CostlyCorianders,12482005
2026-07-08T17:11:26.966083,2026-07-08T17:11:26.976447+00:00,150.0,47,bid,CostlyCorianders,DiligentDonuts,12482011
2026-07-08T17:11:27.825839,2026-07-08T17:11:27.839172+00:00,150.0,50,bid,FlawlessFlatbreads,DiligentDonuts,12482021
2026-07-08T17:11:29.939855,2026-07-08T17:11:29.951556+00:00,150.3,50,bid,FlawlessFlatbreads,DiligentDonuts,12482058
2026-07-08T17:11:30.772027,2026-07-08T17:11:30.783183+00:00,149.8,47,ask,DiligentDonuts,CostlyCorianders,12482074
2026-07-08T17:11:32.047483,2026-07-08T17:11:32.055108+00:00,150.3,50,bid,FlawlessFlatbreads,DiligentDonuts,12482099
2026-07-08T17:11:32.512681,2026-07-08T17:11:32.521311+00:00,149.8,12,ask,EarnestEspressos,Xuanyu Liu,12482102
2026-07-08T17:11:32.670216,2026-07-08T17:11:32.680614+00:00,149.8,14,ask,EarnestEspressos,Xuanyu Liu,12482106
2026-07-08T17:11:32.907437,2026-07-08T17:11:32.919330+00:00,149.8,100,ask,DiligentDonuts,EarnestEspressos,12482110
2026-07-08T17:11:32.907437,2026-07-08T17:11:32.919330+00:00,149.8,8,ask,Lachy Miller,EarnestEspressos,12482111
2026-07-08T17:11:34.208709,2026-07-08T17:11:34.220484+00:00,149.3,50,ask,EarnestEspressos,FlawlessFlatbreads,12482140
2026-07-08T17:11:34.245362,2026-07-08T17:11:34.251787+00:00,149.3,40,ask,EarnestEspressos,CostlyCorianders,12482141
2026-07-08T17:11:34.787318,2026-07-08T17:11:34.798884+00:00,149.8,42,bid,CostlyCorianders,EarnestEspressos,12482150
2026-07-08T17:11:34.787318,2026-07-08T17:11:34.798884+00:00,149.8,1,bid,CostlyCorianders,Lachy Miller,12482151
2026-07-08T17:11:36.334056,2026-07-08T17:11:36.343589+00:00,149.4,50,ask,EarnestEspressos,FlawlessFlatbreads,12482178
2026-07-08T17:11:38.441306,2026-07-08T17:11:38.449286+00:00,149.4,50,ask,EarnestEspressos,FlawlessFlatbreads,12482218
2026-07-08T17:11:39.331587,2026-07-08T17:11:39.345207+00:00,149.0,43,ask,DiligentDonuts,CostlyCorianders,12482236
2026-07-08T17:11:39.867463,2026-07-08T17:11:39.876565+00:00,149.2,41,bid,CostlyCorianders,EarnestEspressos,12482241
2026-07-08T17:11:40.388960,2026-07-08T17:11:40.397363+00:00,149.2,3,bid,Xuanyu Liu,EarnestEspressos,12482249
2026-07-08T17:11:40.455231,2026-07-08T17:11:40.466687+00:00,149.2,44,bid,CostlyCorianders,EarnestEspressos,12482253
2026-07-08T17:11:40.497225,2026-07-08T17:11:40.504420+00:00,149.2,50,bid,FlawlessFlatbreads,EarnestEspressos,12482254
2026-07-08T17:11:41.045949,2026-07-08T17:11:41.058532+00:00,149.0,46,ask,DiligentDonuts,CostlyCorianders,12482261
2026-07-08T17:11:42.097007,2026-07-08T17:11:42.106641+00:00,149.1,11,bid,Xuanyu Liu,DiligentDonuts,12482273
2026-07-08T17:11:42.349405,2026-07-08T17:11:42.357047+00:00,149.1,89,bid,EarnestEspressos,DiligentDonuts,12482276
2026-07-08T17:11:42.349405,2026-07-08T17:11:42.357047+00:00,149.3,8,bid,EarnestEspressos,Lachy Miller,12482277
2026-07-08T17:11:42.656127,2026-07-08T17:11:42.667635+00:00,149.3,50,ask,EarnestEspressos,FlawlessFlatbreads,12482280
2026-07-08T17:11:42.733766,2026-07-08T17:11:42.745598+00:00,149.3,3,ask,EarnestEspressos,CostlyCorianders,12482283
2026-07-08T17:11:42.733766,2026-07-08T17:11:42.745598+00:00,149.2,8,ask,Lachy Miller,CostlyCorianders,12482284
2026-07-08T17:11:43.355167,2026-07-08T17:11:43.363611+00:00,149.6,8,bid,CostlyCorianders,Lachy Miller,12482292
2026-07-08T17:11:46.511962,2026-07-08T17:11:46.523536+00:00,149.4,47,bid,CostlyCorianders,EarnestEspressos,12482333
2026-07-08T17:11:48.937030,2026-07-08T17:11:48.943736+00:00,149.5,50,bid,FlawlessFlatbreads,DiligentDonuts,12482376
2026-07-08T17:11:49.224113,2026-07-08T17:11:49.233730+00:00,149.0,40,ask,DiligentDonuts,CostlyCorianders,12482382
2026-07-08T17:11:49.766466,2026-07-08T17:11:49.778175+00:00,149.0,43,ask,DiligentDonuts,CostlyCorianders,12482395
2026-07-08T17:11:53.160968,2026-07-08T17:11:53.172495+00:00,149.5,50,bid,FlawlessFlatbreads,DiligentDonuts,12482442
2026-07-08T17:11:54.942420,2026-07-08T17:11:54.958605+00:00,149.3,43,ask,DiligentDonuts,CostlyCorianders,12482481
2026-07-08T17:11:55.267638,2026-07-08T17:11:55.274509+00:00,149.6,50,bid,FlawlessFlatbreads,EarnestEspressos,12482489
2026-07-08T17:11:57.373280,2026-07-08T17:11:57.382568+00:00,149.6,50,bid,FlawlessFlatbreads,EarnestEspressos,12482525
2026-07-08T17:11:58.167097,2026-07-08T17:11:58.176230+00:00,149.4,100,bid,EarnestEspressos,DiligentDonuts,12482536
2026-07-08T17:11:58.179079,2026-07-08T17:11:58.190155+00:00,149.4,11,ask,EarnestEspressos,Xuanyu Liu,12482537
2026-07-08T17:11:58.908975,2026-07-08T17:11:58.917960+00:00,149.9,48,bid,CostlyCorianders,EarnestEspressos,12482556
2026-07-08T17:11:59.482867,2026-07-08T17:11:59.494692+00:00,149.9,50,bid,FlawlessFlatbreads,EarnestEspressos,12482566
2026-07-08T17:12:01.591909,2026-07-08T17:12:01.600145+00:00,149.7,50,bid,FlawlessFlatbreads,DiligentDonuts,12482588
2026-07-08T17:12:01.606700,2026-07-08T17:12:01.616062+00:00,149.7,42,bid,CostlyCorianders,DiligentDonuts,12482589
2026-07-08T17:12:03.306390,2026-07-08T17:12:03.312884+00:00,149.3,46,ask,EarnestEspressos,CostlyCorianders,12482629
2026-07-08T17:12:04.169861,2026-07-08T17:12:04.184594+00:00,149.6,3,ask,DiligentDonuts,Xuanyu Liu,12482648
2026-07-08T17:12:04.338549,2026-07-08T17:12:04.350361+00:00,149.6,48,ask,DiligentDonuts,CostlyCorianders,12482650
2026-07-08T17:12:04.544870,2026-07-08T17:12:04.551365+00:00,149.6,49,ask,DiligentDonuts,EarnestEspressos,12482653
2026-07-08T17:12:05.432089,2026-07-08T17:12:05.440335+00:00,149.5,8,bid,CostlyCorianders,Lachy Miller,12482668
2026-07-08T17:12:05.432089,2026-07-08T17:12:05.440335+00:00,149.6,39,bid,CostlyCorianders,EarnestEspressos,12482669
2026-07-08T17:12:05.967409,2026-07-08T17:12:05.974537+00:00,149.2,8,ask,Lachy Miller,CostlyCorianders,12482676
2026-07-08T17:12:05.967409,2026-07-08T17:12:05.979534+00:00,149.1,40,ask,EarnestEspressos,CostlyCorianders,12482677
2026-07-08T17:12:06.933689,2026-07-08T17:12:06.945698+00:00,149.5,8,bid,CostlyCorianders,Lachy Miller,12482688
2026-07-08T17:12:06.933689,2026-07-08T17:12:06.945698+00:00,149.6,37,bid,CostlyCorianders,EarnestEspressos,12482689
2026-07-08T17:12:07.970303,2026-07-08T17:12:07.984731+00:00,149.4,50,ask,EarnestEspressos,FlawlessFlatbreads,12482708
2026-07-08T17:12:08.004650,2026-07-08T17:12:08.016599+00:00,149.4,46,ask,EarnestEspressos,CostlyCorianders,12482709
2026-07-08T17:12:09.031049,2026-07-08T17:12:09.046493+00:00,149.6,44,bid,CostlyCorianders,DiligentDonuts,12482733
2026-07-08T17:12:10.233886,2026-07-08T17:12:10.243089+00:00,149.6,49,bid,CostlyCorianders,DiligentDonuts,12482752
2026-07-08T17:12:10.816436,2026-07-08T17:12:10.828462+00:00,149.4,8,ask,Lachy Miller,CostlyCorianders,12482756
2026-07-08T17:12:10.816436,2026-07-08T17:12:10.828462+00:00,149.2,32,ask,DiligentDonuts,CostlyCorianders,12482757
2026-07-08T17:12:11.382832,2026-07-08T17:12:11.394805+00:00,149.2,45,ask,DiligentDonuts,CostlyCorianders,12482767
2026-07-08T17:12:12.131998,2026-07-08T17:12:12.143631+00:00,149.4,50,bid,FlawlessFlatbreads,EarnestEspressos,12482776
2026-07-08T17:12:14.238299,2026-07-08T17:12:14.250253+00:00,149.4,50,bid,FlawlessFlatbreads,DiligentDonuts,12482812
