timestamp,recv_time,price,volume,aggressor_side,buyer,seller,trade_id
2026-07-05T23:00:00.942217,2026-07-05T23:00:00.905552+00:00,166.2,50,bid,FlawlessFlatbreads,EarnestEspressos,8853891
2026-07-05T23:00:02.132298,2026-07-05T23:00:02.141836+00:00,166.0,42,ask,EarnestEspressos,CostlyCorianders,8853903
2026-07-05T23:00:03.050624,2026-07-05T23:00:03.058654+00:00,166.2,50,bid,FlawlessFlatbreads,DiligentDonuts,8853917
2026-07-05T23:00:06.954954,2026-07-05T23:00:06.963605+00:00,166.1,12,ask,DiligentDonuts,Xuanyu Liu,8853977
2026-07-05T23:00:09.006540,2026-07-05T23:00:09.018245+00:00,166.5,43,bid,CostlyCorianders,EarnestEspressos,8854009
2026-07-05T23:00:09.369240,2026-07-05T23:00:09.379552+00:00,166.4,50,bid,FlawlessFlatbreads,EarnestEspressos,8854014
2026-07-05T23:00:12.157477,2026-07-05T23:00:12.168994+00:00,165.9,40,ask,EarnestEspressos,CostlyCorianders,8854042
2026-07-05T23:00:12.813850,2026-07-05T23:00:12.825378+00:00,166.0,41,ask,EarnestEspressos,CostlyCorianders,8854051
2026-07-05T23:00:13.584643,2026-07-05T23:00:13.592625+00:00,166.4,50,bid,FlawlessFlatbreads,DiligentDonuts,8854065
2026-07-05T23:00:14.991018,2026-07-05T23:00:15.002590+00:00,166.4,42,bid,CostlyCorianders,DiligentDonuts,8854079
2026-07-05T23:00:15.459726,2026-07-05T23:00:15.470801+00:00,166.0,11,ask,EarnestEspressos,Xuanyu Liu,8854085
2026-07-05T23:00:15.508074,2026-07-05T23:00:15.519754+00:00,166.0,43,ask,EarnestEspressos,CostlyCorianders,8854087
2026-07-05T23:00:15.632373,2026-07-05T23:00:15.643995+00:00,165.9,100,ask,DiligentDonuts,EarnestEspressos,8854089
2026-07-05T23:00:15.690999,2026-07-05T23:00:15.702630+00:00,165.9,50,bid,FlawlessFlatbreads,EarnestEspressos,8854090
2026-07-05T23:00:16.602390,2026-07-05T23:00:16.613860+00:00,166.2,47,bid,CostlyCorianders,DiligentDonuts,8854102
2026-07-05T23:00:17.148090,2026-07-05T23:00:17.154518+00:00,166.2,45,bid,CostlyCorianders,DiligentDonuts,8854118
2026-07-05T23:00:17.799541,2026-07-05T23:00:17.810267+00:00,166.2,8,bid,FlawlessFlatbreads,DiligentDonuts,8854125
2026-07-05T23:00:17.799541,2026-07-05T23:00:17.815810+00:00,166.7,10,bid,FlawlessFlatbreads,Richard Zhang,8854126
2026-07-05T23:00:19.911404,2026-07-05T23:00:19.923270+00:00,166.6,50,bid,FlawlessFlatbreads,EarnestEspressos,8854159
2026-07-05T23:00:20.173495,2026-07-05T23:00:20.185457+00:00,166.1,42,ask,EarnestEspressos,CostlyCorianders,8854163
2026-07-05T23:00:24.141774,2026-07-05T23:00:24.153410+00:00,166.6,50,bid,FlawlessFlatbreads,EarnestEspressos,8854205
2026-07-05T23:00:25.075262,2026-07-05T23:00:25.085213+00:00,166.3,23,ask,EarnestEspressos,Xuanyu Liu,8854215
2026-07-05T23:00:25.167959,2026-07-05T23:00:25.179575+00:00,166.6,49,bid,CostlyCorianders,DiligentDonuts,8854218
2026-07-05T23:00:25.222346,2026-07-05T23:00:25.234045+00:00,166.3,42,ask,EarnestEspressos,CostlyCorianders,8854219
2026-07-05T23:00:26.261243,2026-07-05T23:00:26.270727+00:00,166.8,50,bid,FlawlessFlatbreads,EarnestEspressos,8854233
2026-07-05T23:00:27.039418,2026-07-05T23:00:27.047915+00:00,166.3,40,ask,EarnestEspressos,CostlyCorianders,8854250
2026-07-05T23:00:27.591879,2026-07-05T23:00:27.603652+00:00,166.8,44,bid,CostlyCorianders,EarnestEspressos,8854256
2026-07-05T23:00:29.110618,2026-07-05T23:00:29.121062+00:00,166.3,46,ask,EarnestEspressos,CostlyCorianders,8854277
2026-07-05T23:00:30.478118,2026-07-05T23:00:30.487096+00:00,166.8,50,bid,FlawlessFlatbreads,EarnestEspressos,8854295
2026-07-05T23:00:31.541427,2026-07-05T23:00:31.550846+00:00,166.4,44,ask,EarnestEspressos,CostlyCorianders,8854313
2026-07-05T23:00:34.760089,2026-07-05T23:00:34.768746+00:00,166.7,50,ask,EarnestEspressos,FlawlessFlatbreads,8854352
2026-07-05T23:00:36.866970,2026-07-05T23:00:36.874630+00:00,166.9,50,ask,DiligentDonuts,FlawlessFlatbreads,8854378
2026-07-05T23:00:38.534726,2026-07-05T23:00:38.546611+00:00,167.0,100,bid,DiligentDonuts,EarnestEspressos,8854394
2026-07-05T23:00:38.980136,2026-07-05T23:00:38.991219+00:00,166.5,50,ask,EarnestEspressos,FlawlessFlatbreads,8854399
2026-07-05T23:00:39.301003,2026-07-05T23:00:39.312535+00:00,167.0,49,bid,CostlyCorianders,EarnestEspressos,8854403
2026-07-05T23:00:40.897400,2026-07-05T23:00:40.906656+00:00,167.1,11,ask,EarnestEspressos,Xuanyu Liu,8854423
2026-07-05T23:00:40.979883,2026-07-05T23:00:40.990178+00:00,167.1,49,ask,EarnestEspressos,CostlyCorianders,8854426
2026-07-05T23:00:41.089359,2026-07-05T23:00:41.097093+00:00,167.1,50,ask,EarnestEspressos,FlawlessFlatbreads,8854428
2026-07-05T23:00:41.488314,2026-07-05T23:00:41.499962+00:00,167.5,46,bid,CostlyCorianders,DiligentDonuts,8854432
2026-07-05T23:00:41.749277,2026-07-05T23:00:41.758611+00:00,167.1,40,ask,EarnestEspressos,DiligentDonuts,8854435
2026-07-05T23:00:43.066351,2026-07-05T23:00:43.078249+00:00,167.1,49,bid,CostlyCorianders,DiligentDonuts,8854452
2026-07-05T23:00:43.227402,2026-07-05T23:00:43.233847+00:00,166.6,50,ask,DiligentDonuts,FlawlessFlatbreads,8854454
2026-07-05T23:00:45.334838,2026-07-05T23:00:45.346960+00:00,166.7,50,ask,DiligentDonuts,FlawlessFlatbreads,8854474
2026-07-05T23:00:47.270518,2026-07-05T23:00:47.282007+00:00,166.9,42,bid,CostlyCorianders,EarnestEspressos,8854497
2026-07-05T23:00:47.392002,2026-07-05T23:00:47.403495+00:00,166.9,50,bid,FlawlessFlatbreads,EarnestEspressos,8854501
2026-07-05T23:00:48.086207,2026-07-05T23:00:48.102178+00:00,166.9,11,bid,Xuanyu Liu,EarnestEspressos,8854510
2026-07-05T23:00:48.231027,2026-07-05T23:00:48.238795+00:00,166.9,12,bid,Xuanyu Liu,EarnestEspressos,8854514
2026-07-05T23:00:48.687586,2026-07-05T23:00:48.705371+00:00,166.9,11,bid,Xuanyu Liu,EarnestEspressos,8854519
2026-07-05T23:00:49.497254,2026-07-05T23:00:49.508846+00:00,166.9,24,bid,FlawlessFlatbreads,EarnestEspressos,8854530
2026-07-05T23:00:49.497254,2026-07-05T23:00:49.508846+00:00,167.0,26,bid,FlawlessFlatbreads,DiligentDonuts,8854531
2026-07-05T23:00:50.367532,2026-07-05T23:00:50.379181+00:00,167.0,74,bid,EarnestEspressos,DiligentDonuts,8854540
2026-07-05T23:00:50.436098,2026-07-05T23:00:50.446618+00:00,167.2,23,ask,EarnestEspressos,Xuanyu Liu,8854541
2026-07-05T23:00:50.851388,2026-07-05T23:00:50.860940+00:00,167.2,11,ask,EarnestEspressos,Xuanyu Liu,8854547
2026-07-05T23:00:51.605872,2026-07-05T23:00:51.617487+00:00,167.5,50,bid,FlawlessFlatbreads,DiligentDonuts,8854556
2026-07-05T23:00:52.455248,2026-07-05T23:00:52.458612+00:00,167.2,42,ask,EarnestEspressos,CostlyCorianders,8854567
2026-07-05T23:00:52.455248,2026-07-05T23:00:52.469543+00:00,167.0,1,ask,DiligentDonuts,CostlyCorianders,8854568
2026-07-05T23:00:53.614075,2026-07-05T23:00:53.620100+00:00,167.2,11,bid,Xuanyu Liu,EarnestEspressos,8854583
2026-07-05T23:00:54.357399,2026-07-05T23:00:54.369263+00:00,167.2,100,bid,DiligentDonuts,EarnestEspressos,8854600
2026-07-05T23:00:55.712736,2026-07-05T23:00:55.721244+00:00,167.2,39,bid,CostlyCorianders,EarnestEspressos,8854617
2026-07-05T23:00:57.400265,2026-07-05T23:00:57.408561+00:00,167.5,11,ask,EarnestEspressos,Xuanyu Liu,8854637
2026-07-05T23:00:57.812299,2026-07-05T23:00:57.820575+00:00,167.5,23,ask,EarnestEspressos,Xuanyu Liu,8854644
2026-07-05T23:00:57.925896,2026-07-05T23:00:57.947100+00:00,167.6,50,bid,FlawlessFlatbreads,DiligentDonuts,8854651
2026-07-05T23:00:58.272234,2026-07-05T23:00:58.284255+00:00,167.5,45,ask,EarnestEspressos,CostlyCorianders,8854657
2026-07-05T23:01:00.031328,2026-07-05T23:01:00.041968+00:00,167.6,50,bid,FlawlessFlatbreads,DiligentDonuts,8854679
2026-07-05T23:01:00.494307,2026-07-05T23:01:00.506024+00:00,167.1,43,ask,DiligentDonuts,CostlyCorianders,8854684
2026-07-05T23:01:02.138594,2026-07-05T23:01:02.150279+00:00,167.6,50,bid,FlawlessFlatbreads,EarnestEspressos,8854700
2026-07-05T23:01:02.599023,2026-07-05T23:01:02.607139+00:00,167.6,11,bid,Xuanyu Liu,EarnestEspressos,8854702
2026-07-05T23:01:04.143003,2026-07-05T23:01:04.154660+00:00,168.0,43,bid,CostlyCorianders,DiligentDonuts,8854724
2026-07-05T23:01:04.245883,2026-07-05T23:01:04.257561+00:00,168.0,50,bid,FlawlessFlatbreads,DiligentDonuts,8854726
2026-07-05T23:01:05.758460,2026-07-05T23:01:05.770261+00:00,167.6,45,ask,EarnestEspressos,CostlyCorianders,8854750
2026-07-05T23:01:06.354726,2026-07-05T23:01:06.358663+00:00,167.8,50,bid,FlawlessFlatbreads,EarnestEspressos,8854754
2026-07-05T23:01:07.043212,2026-07-05T23:01:07.058628+00:00,167.8,100,bid,DiligentDonuts,EarnestEspressos,8854765
2026-07-05T23:01:08.055347,2026-07-05T23:01:08.068712+00:00,168.3,48,bid,CostlyCorianders,DiligentDonuts,8854780
2026-07-05T23:01:08.513303,2026-07-05T23:01:08.525121+00:00,167.3,50,ask,EarnestEspressos,FlawlessFlatbreads,8854790
2026-07-05T23:01:10.302998,2026-07-05T23:01:10.311061+00:00,167.7,49,ask,EarnestEspressos,CostlyCorianders,8854807
2026-07-05T23:01:11.136944,2026-07-05T23:01:11.147564+00:00,167.7,11,ask,EarnestEspressos,Xuanyu Liu,8854814
2026-07-05T23:01:11.748059,2026-07-05T23:01:11.758572+00:00,168.0,48,bid,CostlyCorianders,DiligentDonuts,8854820
2026-07-05T23:01:12.395464,2026-07-05T23:01:12.402928+00:00,167.7,49,ask,EarnestEspressos,CostlyCorianders,8854826
2026-07-05T23:01:12.724866,2026-07-05T23:01:12.736559+00:00,167.5,50,ask,DiligentDonuts,FlawlessFlatbreads,8854832
2026-07-05T23:01:13.505765,2026-07-05T23:01:13.516699+00:00,167.7,49,bid,CostlyCorianders,EarnestEspressos,8854847
2026-07-05T23:01:14.431821,2026-07-05T23:01:14.443015+00:00,167.7,11,bid,Xuanyu Liu,EarnestEspressos,8854855
2026-07-05T23:01:14.461131,2026-07-05T23:01:14.472979+00:00,167.7,42,bid,CostlyCorianders,EarnestEspressos,8854858
2026-07-05T23:01:16.944957,2026-07-05T23:01:16.954479+00:00,167.8,50,ask,EarnestEspressos,FlawlessFlatbreads,8854892
2026-07-05T23:01:17.046426,2026-07-05T23:01:17.055550+00:00,167.8,11,ask,EarnestEspressos,Xuanyu Liu,8854893
2026-07-05T23:01:19.052329,2026-07-05T23:01:19.064000+00:00,167.6,50,ask,DiligentDonuts,FlawlessFlatbreads,8854918
2026-07-05T23:01:20.886887,2026-07-05T23:01:20.898779+00:00,167.5,42,ask,EarnestEspressos,CostlyCorianders,8854937
2026-07-05T23:01:21.163968,2026-07-05T23:01:21.175893+00:00,167.5,50,ask,EarnestEspressos,FlawlessFlatbreads,8854940
2026-07-05T23:01:23.222354,2026-07-05T23:01:23.232286+00:00,167.9,50,bid,FlawlessFlatbreads,EarnestEspressos,8854962
2026-07-05T23:01:23.361257,2026-07-05T23:01:23.373252+00:00,167.6,40,ask,DiligentDonuts,CostlyCorianders,8854964
2026-07-05T23:01:24.473124,2026-07-05T23:01:24.484723+00:00,167.6,42,ask,DiligentDonuts,CostlyCorianders,8854983
2026-07-05T23:01:24.938331,2026-07-05T23:01:24.950179+00:00,167.9,49,bid,CostlyCorianders,EarnestEspressos,8854988
2026-07-05T23:01:25.946359,2026-07-05T23:01:25.958744+00:00,168.1,46,bid,CostlyCorianders,DiligentDonuts,8854995
2026-07-05T23:01:29.584854,2026-07-05T23:01:29.596621+00:00,167.8,50,ask,EarnestEspressos,FlawlessFlatbreads,8855034
2026-07-05T23:01:31.657101,2026-07-05T23:01:31.669181+00:00,168.1,50,bid,FlawlessFlatbreads,DiligentDonuts,8855056
2026-07-05T23:01:31.690094,2026-07-05T23:01:31.700919+00:00,167.6,49,ask,DiligentDonuts,CostlyCorianders,8855060
2026-07-05T23:01:32.756148,2026-07-05T23:01:32.767751+00:00,167.7,45,ask,DiligentDonuts,CostlyCorianders,8855067
2026-07-05T23:01:32.800365,2026-07-05T23:01:32.808766+00:00,168.1,11,bid,Xuanyu Liu,EarnestEspressos,8855069
2026-07-05T23:01:33.766087,2026-07-05T23:01:33.773882+00:00,168.1,50,bid,FlawlessFlatbreads,EarnestEspressos,8855086
2026-07-05T23:01:34.122309,2026-07-05T23:01:34.132673+00:00,168.1,12,bid,Xuanyu Liu,EarnestEspressos,8855089
2026-07-05T23:01:34.673864,2026-07-05T23:01:34.680341+00:00,168.2,100,bid,EarnestEspressos,DiligentDonuts,8855096
2026-07-05T23:01:35.872728,2026-07-05T23:01:35.884193+00:00,168.6,50,bid,FlawlessFlatbreads,DiligentDonuts,8855106
2026-07-05T23:01:37.978204,2026-07-05T23:01:37.990106+00:00,168.4,50,bid,FlawlessFlatbreads,EarnestEspressos,8855139
2026-07-05T23:01:38.676929,2026-07-05T23:01:38.688877+00:00,168.4,100,bid,DiligentDonuts,EarnestEspressos,8855151
2026-07-05T23:01:38.735581,2026-07-05T23:01:38.743884+00:00,168.9,43,bid,CostlyCorianders,DiligentDonuts,8855153
2026-07-05T23:01:41.011230,2026-07-05T23:01:41.020116+00:00,168.6,23,ask,EarnestEspressos,Xuanyu Liu,8855180
2026-07-05T23:01:41.986115,2026-07-05T23:01:41.994966+00:00,168.6,3,ask,EarnestEspressos,Xuanyu Liu,8855198
2026-07-05T23:01:42.058785,2026-07-05T23:01:42.070329+00:00,168.6,41,ask,EarnestEspressos,CostlyCorianders,8855200
2026-07-05T23:01:42.567505,2026-07-05T23:01:42.575071+00:00,168.8,43,bid,CostlyCorianders,DiligentDonuts,8855203
2026-07-05T23:01:44.382383,2026-07-05T23:01:44.389628+00:00,168.3,50,ask,DiligentDonuts,FlawlessFlatbreads,8855229
2026-07-05T23:01:45.077441,2026-07-05T23:01:45.089510+00:00,168.5,46,bid,CostlyCorianders,DiligentDonuts,8855247
2026-07-05T23:01:46.489150,2026-07-05T23:01:46.500809+00:00,168.1,50,ask,EarnestEspressos,FlawlessFlatbreads,8855267
2026-07-05T23:01:48.614522,2026-07-05T23:01:48.623265+00:00,168.1,50,ask,DiligentDonuts,FlawlessFlatbreads,8855296
2026-07-05T23:01:49.077578,2026-07-05T23:01:49.089294+00:00,168.1,48,ask,DiligentDonuts,CostlyCorianders,8855300
2026-07-05T23:01:50.720652,2026-07-05T23:01:50.732662+00:00,168.1,2,ask,DiligentDonuts,FlawlessFlatbreads,8855315
2026-07-05T23:01:50.720652,2026-07-05T23:01:50.732662+00:00,167.9,48,ask,EarnestEspressos,FlawlessFlatbreads,8855316
2026-07-05T23:01:52.403155,2026-07-05T23:01:52.412769+00:00,168.4,47,bid,CostlyCorianders,EarnestEspressos,8855329
2026-07-05T23:01:53.794569,2026-07-05T23:01:53.803452+00:00,168.4,3,bid,Xuanyu Liu,DiligentDonuts,8855342
2026-07-05T23:01:54.064224,2026-07-05T23:01:54.073916+00:00,168.0,43,ask,EarnestEspressos,CostlyCorianders,8855344
2026-07-05T23:01:56.252476,2026-07-05T23:01:56.264308+00:00,168.5,49,bid,CostlyCorianders,EarnestEspressos,8855369
2026-07-05T23:01:57.037563,2026-07-05T23:01:57.047049+00:00,168.0,50,ask,DiligentDonuts,FlawlessFlatbreads,8855380
2026-07-05T23:01:57.727614,2026-07-05T23:01:57.735732+00:00,168.3,11,bid,Xuanyu Liu,DiligentDonuts,8855387
2026-07-05T23:01:58.359529,2026-07-05T23:01:58.367876+00:00,168.3,12,bid,Xuanyu Liu,DiligentDonuts,8855396
2026-07-05T23:01:59.149866,2026-07-05T23:01:59.158599+00:00,168.0,50,ask,EarnestEspressos,FlawlessFlatbreads,8855412
2026-07-05T23:02:00.359701,2026-07-05T23:02:00.368444+00:00,168.3,11,bid,Xuanyu Liu,DiligentDonuts,8855433
2026-07-05T23:02:01.206184,2026-07-05T23:02:01.216100+00:00,168.3,50,bid,FlawlessFlatbreads,EarnestEspressos,8855448
2026-07-05T23:02:03.037078,2026-07-05T23:02:03.048714+00:00,168.2,41,ask,DiligentDonuts,CostlyCorianders,8855467
2026-07-05T23:02:03.364206,2026-07-05T23:02:03.374039+00:00,168.3,50,ask,EarnestEspressos,FlawlessFlatbreads,8855478
2026-07-05T23:02:05.418958,2026-07-05T23:02:05.430852+00:00,168.5,50,bid,FlawlessFlatbreads,DiligentDonuts,8855512
2026-07-05T23:02:05.606652,2026-07-05T23:02:05.617412+00:00,168.3,11,ask,EarnestEspressos,Xuanyu Liu,8855519
2026-07-05T23:02:06.907865,2026-07-05T23:02:06.917212+00:00,168.2,11,bid,Xuanyu Liu,EarnestEspressos,8855537
2026-07-05T23:02:07.107767,2026-07-05T23:02:07.119536+00:00,168.2,41,bid,CostlyCorianders,EarnestEspressos,8855544
2026-07-05T23:02:07.526941,2026-07-05T23:02:07.538999+00:00,168.2,50,bid,FlawlessFlatbreads,EarnestEspressos,8855549
2026-07-05T23:02:07.632333,2026-07-05T23:02:07.644372+00:00,168.0,41,ask,DiligentDonuts,CostlyCorianders,8855550
2026-07-05T23:02:09.196275,2026-07-05T23:02:09.208653+00:00,168.2,42,bid,CostlyCorianders,EarnestEspressos,8855563
2026-07-05T23:02:09.476950,2026-07-05T23:02:09.485379+00:00,168.2,11,ask,EarnestEspressos,Xuanyu Liu,8855570
2026-07-05T23:02:09.633935,2026-07-05T23:02:09.645853+00:00,168.5,50,bid,FlawlessFlatbreads,DiligentDonuts,8855578
2026-07-05T23:02:11.743000,2026-07-05T23:02:11.758622+00:00,168.3,50,bid,FlawlessFlatbreads,DiligentDonuts,8855607
2026-07-05T23:02:13.850606,2026-07-05T23:02:13.858586+00:00,168.5,50,bid,FlawlessFlatbreads,DiligentDonuts,8855632
2026-07-05T23:02:14.411112,2026-07-05T23:02:14.419196+00:00,168.2,47,ask,EarnestEspressos,CostlyCorianders,8855643
2026-07-05T23:02:16.010334,2026-07-05T23:02:16.022229+00:00,168.2,50,ask,EarnestEspressos,FlawlessFlatbreads,8855662
2026-07-05T23:02:16.591506,2026-07-05T23:02:16.603402+00:00,168.5,41,bid,CostlyCorianders,DiligentDonuts,8855670
2026-07-05T23:02:16.646537,2026-07-05T23:02:16.658562+00:00,168.2,40,ask,EarnestEspressos,CostlyCorianders,8855671
2026-07-05T23:02:17.246017,2026-07-05T23:02:17.258575+00:00,168.7,45,bid,CostlyCorianders,EarnestEspressos,8855678
2026-07-05T23:02:17.301577,2026-07-05T23:02:17.313364+00:00,168.4,49,ask,DiligentDonuts,CostlyCorianders,8855679
2026-07-05T23:02:17.832856,2026-07-05T23:02:17.844830+00:00,168.4,46,ask,DiligentDonuts,CostlyCorianders,8855693
2026-07-05T23:02:18.720267,2026-07-05T23:02:18.730005+00:00,168.4,5,ask,DiligentDonuts,Xuanyu Liu,8855703
2026-07-05T23:02:20.168776,2026-07-05T23:02:20.180519+00:00,168.4,50,bid,FlawlessFlatbreads,EarnestEspressos,8855727
2026-07-05T23:02:22.328183,2026-07-05T23:02:22.335950+00:00,168.2,50,ask,EarnestEspressos,FlawlessFlatbreads,8855756
2026-07-05T23:02:23.351591,2026-07-05T23:02:23.358537+00:00,168.6,47,bid,CostlyCorianders,DiligentDonuts,8855777
2026-07-05T23:02:25.209525,2026-07-05T23:02:25.221267+00:00,168.6,47,bid,CostlyCorianders,DiligentDonuts,8855798
2026-07-05T23:02:26.487532,2026-07-05T23:02:26.499033+00:00,168.4,50,bid,FlawlessFlatbreads,EarnestEspressos,8855811
2026-07-05T23:02:26.597993,2026-07-05T23:02:26.606564+00:00,168.3,7,ask,DiligentDonuts,Xuanyu Liu,8855816
2026-07-05T23:02:26.891190,2026-07-05T23:02:26.898572+00:00,168.3,49,ask,DiligentDonuts,CostlyCorianders,8855835
2026-07-05T23:02:27.905827,2026-07-05T23:02:27.913912+00:00,168.3,11,ask,DiligentDonuts,Xuanyu Liu,8855849
2026-07-05T23:02:28.593686,2026-07-05T23:02:28.603929+00:00,168.5,50,bid,FlawlessFlatbreads,EarnestEspressos,8855857
2026-07-05T23:02:29.671289,2026-07-05T23:02:29.683451+00:00,168.5,45,bid,CostlyCorianders,EarnestEspressos,8855872
2026-07-05T23:02:30.751272,2026-07-05T23:02:30.757726+00:00,168.0,50,ask,EarnestEspressos,FlawlessFlatbreads,8855889
2026-07-05T23:02:31.814640,2026-07-05T23:02:31.826563+00:00,168.0,47,ask,DiligentDonuts,CostlyCorianders,8855908
2026-07-05T23:02:32.275532,2026-07-05T23:02:32.287195+00:00,168.0,43,ask,DiligentDonuts,CostlyCorianders,8855922
2026-07-05T23:02:32.860565,2026-07-05T23:02:32.872246+00:00,168.0,50,ask,EarnestEspressos,FlawlessFlatbreads,8855929
2026-07-05T23:02:33.159612,2026-07-05T23:02:33.168025+00:00,168.1,11,bid,Xuanyu Liu,DiligentDonuts,8855934
2026-07-05T23:02:34.966472,2026-07-05T23:02:34.978039+00:00,167.9,50,ask,EarnestEspressos,FlawlessFlatbreads,8855953
2026-07-05T23:02:35.367335,2026-07-05T23:02:35.379137+00:00,168.1,48,bid,CostlyCorianders,DiligentDonuts,8855954
2026-07-05T23:02:37.060135,2026-07-05T23:02:37.069594+00:00,167.9,40,ask,EarnestEspressos,CostlyCorianders,8855973
2026-07-05T23:02:37.072332,2026-07-05T23:02:37.080056+00:00,167.9,50,ask,EarnestEspressos,FlawlessFlatbreads,8855974
2026-07-05T23:02:38.026122,2026-07-05T23:02:38.037733+00:00,167.9,100,ask,DiligentDonuts,EarnestEspressos,8855990
2026-07-05T23:02:38.039171,2026-07-05T23:02:38.047955+00:00,167.7,23,bid,Xuanyu Liu,EarnestEspressos,8855991
2026-07-05T23:02:38.203512,2026-07-05T23:02:38.211054+00:00,167.7,27,bid,CostlyCorianders,EarnestEspressos,8855993
2026-07-05T23:02:38.203512,2026-07-05T23:02:38.216361+00:00,168.4,16,bid,CostlyCorianders,DiligentDonuts,8855994
2026-07-05T23:02:39.177596,2026-07-05T23:02:39.184297+00:00,167.4,50,ask,DiligentDonuts,FlawlessFlatbreads,8856009
2026-07-05T23:02:39.710615,2026-07-05T23:02:39.719069+00:00,167.4,47,ask,DiligentDonuts,CostlyCorianders,8856013
2026-07-05T23:02:41.306545,2026-07-05T23:02:41.313143+00:00,167.7,50,ask,EarnestEspressos,FlawlessFlatbreads,8856041
2026-07-05T23:02:42.037777,2026-07-05T23:02:42.049557+00:00,167.7,100,ask,EarnestEspressos,DiligentDonuts,8856046
2026-07-05T23:02:43.361302,2026-07-05T23:02:43.372875+00:00,168.2,50,bid,FlawlessFlatbreads,EarnestEspressos,8856064
2026-07-05T23:02:44.025155,2026-07-05T23:02:44.036144+00:00,168.2,47,bid,CostlyCorianders,EarnestEspressos,8856076
2026-07-05T23:02:44.638713,2026-07-05T23:02:44.645725+00:00,168.2,43,bid,CostlyCorianders,EarnestEspressos,8856084
2026-07-05T23:02:45.520133,2026-07-05T23:02:45.530051+00:00,167.7,50,ask,EarnestEspressos,FlawlessFlatbreads,8856096
2026-07-05T23:02:46.333711,2026-07-05T23:02:46.345535+00:00,168.0,47,bid,CostlyCorianders,DiligentDonuts,8856111
2026-07-05T23:02:47.574685,2026-07-05T23:02:47.586301+00:00,168.0,50,bid,FlawlessFlatbreads,DiligentDonuts,8856119
2026-07-05T23:02:49.682694,2026-07-05T23:02:49.694597+00:00,168.3,50,bid,FlawlessFlatbreads,EarnestEspressos,8856148
2026-07-05T23:02:51.122302,2026-07-05T23:02:51.133928+00:00,168.0,45,ask,DiligentDonuts,CostlyCorianders,8856159
2026-07-05T23:02:51.813790,2026-07-05T23:02:51.820205+00:00,168.3,50,bid,FlawlessFlatbreads,DiligentDonuts,8856170
2026-07-05T23:02:53.918881,2026-07-05T23:02:53.930738+00:00,168.3,50,bid,FlawlessFlatbreads,DiligentDonuts,8856195
2026-07-05T23:02:54.671707,2026-07-05T23:02:54.681953+00:00,168.1,11,ask,DiligentDonuts,Xuanyu Liu,8856206
2026-07-05T23:02:55.446141,2026-07-05T23:02:55.454828+00:00,168.1,12,ask,DiligentDonuts,Xuanyu Liu,8856222
2026-07-05T23:02:56.030997,2026-07-05T23:02:56.038894+00:00,168.5,50,bid,FlawlessFlatbreads,EarnestEspressos,8856233
2026-07-05T23:02:58.137202,2026-07-05T23:02:58.148817+00:00,168.6,50,bid,FlawlessFlatbreads,DiligentDonuts,8856261
2026-07-05T23:02:59.548689,2026-07-05T23:02:59.558560+00:00,168.2,41,ask,EarnestEspressos,CostlyCorianders,8856282
2026-07-05T23:03:00.244662,2026-07-05T23:03:00.258563+00:00,168.6,50,bid,FlawlessFlatbreads,DiligentDonuts,8856297
2026-07-05T23:03:01.004496,2026-07-05T23:03:01.014155+00:00,168.4,11,ask,DiligentDonuts,Xuanyu Liu,8856307
2026-07-05T23:03:01.694227,2026-07-05T23:03:01.705733+00:00,168.4,47,ask,DiligentDonuts,CostlyCorianders,8856321
2026-07-05T23:03:02.351468,2026-07-05T23:03:02.358556+00:00,168.7,50,bid,FlawlessFlatbreads,EarnestEspressos,8856329
2026-07-05T23:03:04.509206,2026-07-05T23:03:04.518462+00:00,168.2,50,ask,EarnestEspressos,FlawlessFlatbreads,8856357
2026-07-05T23:03:06.619436,2026-07-05T23:03:06.631294+00:00,168.2,50,ask,DiligentDonuts,FlawlessFlatbreads,8856394
2026-07-05T23:03:06.781429,2026-07-05T23:03:06.793357+00:00,168.7,40,bid,CostlyCorianders,DiligentDonuts,8856396
2026-07-05T23:03:07.252900,2026-07-05T23:03:07.264649+00:00,168.2,42,ask,DiligentDonuts,CostlyCorianders,8856398
2026-07-05T23:03:08.675754,2026-07-05T23:03:08.687170+00:00,168.7,50,bid,FlawlessFlatbreads,EarnestEspressos,8856418
2026-07-05T23:03:10.833919,2026-07-05T23:03:10.845685+00:00,168.4,50,ask,EarnestEspressos,FlawlessFlatbreads,8856440
2026-07-05T23:03:12.087806,2026-07-05T23:03:12.099606+00:00,168.7,44,bid,CostlyCorianders,DiligentDonuts,8856454
2026-07-05T23:03:12.941849,2026-07-05T23:03:12.953566+00:00,168.3,50,ask,EarnestEspressos,FlawlessFlatbreads,8856467
2026-07-05T23:03:14.548446,2026-07-05T23:03:14.560238+00:00,168.5,42,ask,DiligentDonuts,CostlyCorianders,8856481
2026-07-05T23:03:15.049350,2026-07-05T23:03:15.058585+00:00,168.5,50,ask,DiligentDonuts,FlawlessFlatbreads,8856488
2026-07-05T23:03:16.012376,2026-07-05T23:03:16.024055+00:00,168.5,8,ask,DiligentDonuts,EarnestEspressos,8856500
2026-07-05T23:03:17.106272,2026-07-05T23:03:17.113355+00:00,168.4,50,bid,FlawlessFlatbreads,EarnestEspressos,8856511
2026-07-05T23:03:19.212527,2026-07-05T23:03:19.222221+00:00,168.5,50,bid,FlawlessFlatbreads,DiligentDonuts,8856532
2026-07-05T23:03:21.318891,2026-07-05T23:03:21.329923+00:00,168.7,50,bid,FlawlessFlatbreads,EarnestEspressos,8856557
2026-07-05T23:03:21.932264,2026-07-05T23:03:21.943931+00:00,168.7,48,bid,CostlyCorianders,EarnestEspressos,8856567
2026-07-05T23:03:23.477998,2026-07-05T23:03:23.489687+00:00,168.4,50,ask,EarnestEspressos,FlawlessFlatbreads,8856595
2026-07-05T23:03:24.015793,2026-07-05T23:03:24.027577+00:00,168.4,49,ask,EarnestEspressos,CostlyCorianders,8856598
2026-07-05T23:03:25.604784,2026-07-05T23:03:25.616829+00:00,168.3,50,ask,EarnestEspressos,FlawlessFlatbreads,8856622
2026-07-05T23:03:27.541528,2026-07-05T23:03:27.553736+00:00,168.8,46,bid,CostlyCorianders,EarnestEspressos,8856648
2026-07-05T23:03:27.661656,2026-07-05T23:03:27.673310+00:00,168.8,50,bid,FlawlessFlatbreads,EarnestEspressos,8856649
2026-07-05T23:03:28.607044,2026-07-05T23:03:28.618623+00:00,168.8,100,bid,EarnestEspressos,DiligentDonuts,8856659
2026-07-05T23:03:28.614964,2026-07-05T23:03:28.624078+00:00,168.8,43,ask,EarnestEspressos,CostlyCorianders,8856660
2026-07-05T23:03:29.670209,2026-07-05T23:03:29.681982+00:00,168.9,45,ask,DiligentDonuts,CostlyCorianders,8856679
2026-07-05T23:03:29.820243,2026-07-05T23:03:29.831823+00:00,168.9,50,ask,DiligentDonuts,FlawlessFlatbreads,8856684
2026-07-05T23:03:31.824305,2026-07-05T23:03:31.842629+00:00,168.9,5,ask,DiligentDonuts,EarnestEspressos,8856699
2026-07-05T23:03:31.833771,2026-07-05T23:03:31.842629+00:00,168.7,11,bid,Xuanyu Liu,EarnestEspressos,8856700
2026-07-05T23:03:31.876201,2026-07-05T23:03:31.885838+00:00,168.7,50,bid,FlawlessFlatbreads,EarnestEspressos,8856704
2026-07-05T23:03:31.926159,2026-07-05T23:03:31.933974+00:00,168.7,45,bid,CostlyCorianders,EarnestEspressos,8856706
2026-07-05T23:03:34.034061,2026-07-05T23:03:34.045526+00:00,168.5,50,ask,DiligentDonuts,FlawlessFlatbreads,8856725
2026-07-05T23:03:36.143196,2026-07-05T23:03:36.155054+00:00,168.7,50,ask,EarnestEspressos,FlawlessFlatbreads,8856747
2026-07-05T23:03:36.895373,2026-07-05T23:03:36.902592+00:00,168.9,42,bid,CostlyCorianders,DiligentDonuts,8856765
2026-07-05T23:03:37.417983,2026-07-05T23:03:37.427214+00:00,168.9,47,bid,CostlyCorianders,DiligentDonuts,8856770
2026-07-05T23:03:38.253209,2026-07-05T23:03:38.269110+00:00,168.6,50,ask,EarnestEspressos,FlawlessFlatbreads,8856778
2026-07-05T23:03:40.359796,2026-07-05T23:03:40.371498+00:00,168.8,50,ask,DiligentDonuts,FlawlessFlatbreads,8856801
2026-07-05T23:03:41.849379,2026-07-05T23:03:41.856160+00:00,168.8,41,ask,DiligentDonuts,CostlyCorianders,8856815
2026-07-05T23:03:42.466651,2026-07-05T23:03:42.474043+00:00,168.6,50,ask,EarnestEspressos,FlawlessFlatbreads,8856820
2026-07-05T23:03:43.457941,2026-07-05T23:03:43.469822+00:00,169.1,48,bid,CostlyCorianders,EarnestEspressos,8856835
2026-07-05T23:03:43.515582,2026-07-05T23:03:43.523469+00:00,168.6,43,ask,EarnestEspressos,CostlyCorianders,8856837
2026-07-05T23:03:44.480509,2026-07-05T23:03:44.492144+00:00,168.6,100,ask,DiligentDonuts,EarnestEspressos,8856855
2026-07-05T23:03:44.493371,2026-07-05T23:03:44.502818+00:00,168.5,12,bid,Xuanyu Liu,EarnestEspressos,8856856
2026-07-05T23:03:44.521440,2026-07-05T23:03:44.529431+00:00,168.5,38,bid,FlawlessFlatbreads,EarnestEspressos,8856858
2026-07-05T23:03:44.521440,2026-07-05T23:03:44.529431+00:00,169.1,12,bid,FlawlessFlatbreads,DiligentDonuts,8856859
2026-07-05T23:03:45.346813,2026-07-05T23:03:45.355858+00:00,168.5,23,bid,Xuanyu Liu,DiligentDonuts,8856872
2026-07-05T23:03:46.317476,2026-07-05T23:03:46.329135+00:00,168.5,47,bid,CostlyCorianders,DiligentDonuts,8856890
2026-07-05T23:03:46.633134,2026-07-05T23:03:46.640893+00:00,168.5,30,bid,FlawlessFlatbreads,DiligentDonuts,8856896
2026-07-05T23:03:47.664888,2026-07-05T23:03:47.673459+00:00,168.5,23,ask,EarnestEspressos,Xuanyu Liu,8856909
2026-07-05T23:03:47.798301,2026-07-05T23:03:47.809808+00:00,168.5,1,ask,EarnestEspressos,Richard Zhang,8856911
2026-07-05T23:03:48.740563,2026-07-05T23:03:48.758584+00:00,168.8,50,bid,FlawlessFlatbreads,DiligentDonuts,8856930
2026-07-05T23:03:49.710914,2026-07-05T23:03:49.720619+00:00,168.6,10,ask,Richard Zhang,Xuanyu Liu,8856936
2026-07-05T23:03:49.719578,2026-07-05T23:03:49.735817+00:00,168.5,43,ask,EarnestEspressos,CostlyCorianders,8856938
2026-07-05T23:03:50.846753,2026-07-05T23:03:50.856532+00:00,168.8,50,bid,FlawlessFlatbreads,DiligentDonuts,8856952
2026-07-05T23:03:50.870718,2026-07-05T23:03:50.881499+00:00,168.6,10,bid,CostlyCorianders,Richard Zhang,8856955
2026-07-05T23:03:51.888067,2026-07-05T23:03:51.896213+00:00,168.6,2,ask,Richard Zhang,Xuanyu Liu,8856966
2026-07-05T23:03:53.013061,2026-07-05T23:03:53.024943+00:00,168.6,10,ask,Richard Zhang,FlawlessFlatbreads,8856990
2026-07-05T23:03:53.013061,2026-07-05T23:03:53.024943+00:00,168.5,40,ask,DiligentDonuts,FlawlessFlatbreads,8856991
2026-07-05T23:03:55.121978,2026-07-05T23:03:55.133903+00:00,168.3,50,ask,DiligentDonuts,FlawlessFlatbreads,8857015
2026-07-05T23:03:57.230429,2026-07-05T23:03:57.239685+00:00,168.3,50,ask,DiligentDonuts,FlawlessFlatbreads,8857039
2026-07-05T23:03:57.379418,2026-07-05T23:03:57.391140+00:00,168.3,10,ask,Richard Zhang,CostlyCorianders,8857041
2026-07-05T23:03:57.379418,2026-07-05T23:03:57.391140+00:00,168.0,35,ask,EarnestEspressos,CostlyCorianders,8857042
2026-07-05T23:03:58.026878,2026-07-05T23:03:58.035776+00:00,168.3,10,bid,Xuanyu Liu,Richard Zhang,8857049
2026-07-05T23:03:58.247463,2026-07-05T23:03:58.255751+00:00,168.5,2,bid,Xuanyu Liu,EarnestEspressos,8857052
2026-07-05T23:03:59.128061,2026-07-05T23:03:59.139681+00:00,168.4,10,bid,CostlyCorianders,Richard Zhang,8857065
2026-07-05T23:03:59.128061,2026-07-05T23:03:59.139681+00:00,168.5,31,bid,CostlyCorianders,EarnestEspressos,8857066
2026-07-05T23:03:59.285126,2026-07-05T23:03:59.296700+00:00,168.5,50,bid,FlawlessFlatbreads,EarnestEspressos,8857068
2026-07-05T23:04:00.683639,2026-07-05T23:04:00.695304+00:00,168.4,45,ask,EarnestEspressos,CostlyCorianders,8857095
2026-07-05T23:04:01.442063,2026-07-05T23:04:01.463969+00:00,168.4,50,ask,EarnestEspressos,FlawlessFlatbreads,8857104
2026-07-05T23:04:03.549036,2026-07-05T23:04:03.555897+00:00,168.4,10,ask,Richard Zhang,FlawlessFlatbreads,8857133
2026-07-05T23:04:03.549036,2026-07-05T23:04:03.555897+00:00,168.1,40,ask,DiligentDonuts,FlawlessFlatbreads,8857134
2026-07-05T23:04:04.297427,2026-07-05T23:04:04.309735+00:00,168.4,10,bid,Xuanyu Liu,Richard Zhang,8857146
2026-07-05T23:04:04.663516,2026-07-05T23:04:04.674521+00:00,168.6,46,bid,CostlyCorianders,EarnestEspressos,8857151
2026-07-05T23:04:05.584604,2026-07-05T23:04:05.596273+00:00,168.5,10,bid,CostlyCorianders,Richard Zhang,8857164
2026-07-05T23:04:05.584604,2026-07-05T23:04:05.596273+00:00,168.6,31,bid,CostlyCorianders,EarnestEspressos,8857165
2026-07-05T23:04:05.657712,2026-07-05T23:04:05.669527+00:00,168.2,10,ask,Richard Zhang,FlawlessFlatbreads,8857167
2026-07-05T23:04:05.657712,2026-07-05T23:04:05.669527+00:00,168.1,40,ask,EarnestEspressos,FlawlessFlatbreads,8857168
2026-07-05T23:04:07.616370,2026-07-05T23:04:07.624944+00:00,168.4,10,ask,Richard Zhang,Xuanyu Liu,8857192
2026-07-05T23:04:07.768060,2026-07-05T23:04:07.779365+00:00,168.3,50,ask,EarnestEspressos,FlawlessFlatbreads,8857195
2026-07-05T23:04:09.875544,2026-07-05T23:04:09.887233+00:00,168.3,10,ask,Richard Zhang,FlawlessFlatbreads,8857219
2026-07-05T23:04:09.875544,2026-07-05T23:04:09.887233+00:00,168.1,40,ask,DiligentDonuts,FlawlessFlatbreads,8857220
2026-07-05T23:04:10.355457,2026-07-05T23:04:10.363848+00:00,168.2,10,bid,Xuanyu Liu,Richard Zhang,8857224
2026-07-05T23:04:11.265187,2026-07-05T23:04:11.273522+00:00,168.1,10,bid,Xuanyu Liu,Richard Zhang,8857235
2026-07-05T23:04:11.987601,2026-07-05T23:04:11.999079+00:00,167.9,50,ask,EarnestEspressos,FlawlessFlatbreads,8857250
2026-07-05T23:04:12.242857,2026-07-05T23:04:12.258894+00:00,167.9,43,ask,EarnestEspressos,CostlyCorianders,8857256
2026-07-05T23:04:13.001208,2026-07-05T23:04:13.022782+00:00,168.0,10,ask,Richard Zhang,EarnestEspressos,8857264
2026-07-05T23:04:13.001208,2026-07-05T23:04:13.022782+00:00,167.8,100,ask,DiligentDonuts,EarnestEspressos,8857265
2026-07-05T23:04:13.014212,2026-07-05T23:04:13.022782+00:00,167.8,14,bid,Xuanyu Liu,EarnestEspressos,8857267
2026-07-05T23:04:13.279845,2026-07-05T23:04:13.321366+00:00,167.6,10,bid,Xuanyu Liu,Richard Zhang,8857271
2026-07-05T23:04:13.995156,2026-07-05T23:04:14.010234+00:00,167.8,1,bid,Xuanyu Liu,EarnestEspressos,8857290
2026-07-05T23:04:14.095453,2026-07-05T23:04:14.103111+00:00,167.3,50,ask,EarnestEspressos,FlawlessFlatbreads,8857294
2026-07-05T23:04:14.298091,2026-07-05T23:04:14.305768+00:00,167.7,10,bid,Xuanyu Liu,Richard Zhang,8857297
2026-07-05T23:04:14.343946,2026-07-05T23:04:14.351674+00:00,167.8,25,bid,CostlyCorianders,EarnestEspressos,8857299
2026-07-05T23:04:14.343946,2026-07-05T23:04:14.356751+00:00,167.8,20,bid,CostlyCorianders,DiligentDonuts,8857300
2026-07-05T23:04:16.112797,2026-07-05T23:04:16.123144+00:00,167.8,80,bid,EarnestEspressos,DiligentDonuts,8857322
2026-07-05T23:04:16.112797,2026-07-05T23:04:16.123144+00:00,167.8,10,bid,EarnestEspressos,Richard Zhang,8857323
2026-07-05T23:04:16.355278,2026-07-05T23:04:16.365382+00:00,168.1,10,ask,Richard Zhang,Xuanyu Liu,8857327
2026-07-05T23:04:16.505700,2026-07-05T23:04:16.517181+00:00,167.8,41,ask,EarnestEspressos,CostlyCorianders,8857330
2026-07-05T23:04:17.372855,2026-07-05T23:04:17.380433+00:00,168.0,10,ask,Richard Zhang,Xuanyu Liu,8857338
2026-07-05T23:04:18.167235,2026-07-05T23:04:18.170154+00:00,167.8,19,ask,EarnestEspressos,CostlyCorianders,8857349
2026-07-05T23:04:18.305781,2026-07-05T23:04:18.317660+00:00,167.6,50,ask,DiligentDonuts,FlawlessFlatbreads,8857354
2026-07-05T23:04:19.330999,2026-07-05T23:04:19.337612+00:00,167.7,10,ask,Richard Zhang,EarnestEspressos,8857364
2026-07-05T23:04:19.372774,2026-07-05T23:04:19.388264+00:00,167.7,22,bid,Xuanyu Liu,EarnestEspressos,8857365
2026-07-05T23:04:19.417742,2026-07-05T23:04:19.424901+00:00,167.6,10,ask,DiligentDonuts,Richard Zhang,8857371
2026-07-05T23:04:20.148708,2026-07-05T23:04:20.155423+00:00,167.7,43,bid,CostlyCorianders,EarnestEspressos,8857381
2026-07-05T23:04:20.362215,2026-07-05T23:04:20.374105+00:00,167.7,50,bid,FlawlessFlatbreads,EarnestEspressos,8857382
2026-07-05T23:04:20.727607,2026-07-05T23:04:20.735974+00:00,167.7,11,bid,Xuanyu Liu,EarnestEspressos,8857389
2026-07-05T23:04:21.641109,2026-07-05T23:04:21.658544+00:00,167.7,14,bid,CostlyCorianders,EarnestEspressos,8857403
2026-07-05T23:04:21.641109,2026-07-05T23:04:21.658544+00:00,167.7,10,bid,CostlyCorianders,Richard Zhang,8857404
2026-07-05T23:04:21.641109,2026-07-05T23:04:21.658544+00:00,168.0,19,bid,CostlyCorianders,DiligentDonuts,8857405
2026-07-05T23:04:22.280969,2026-07-05T23:04:22.292839+00:00,167.5,45,ask,DiligentDonuts,CostlyCorianders,8857413
2026-07-05T23:04:22.480535,2026-07-05T23:04:22.488866+00:00,167.8,10,ask,Richard Zhang,Xuanyu Liu,8857418
2026-07-05T23:04:23.767158,2026-07-05T23:04:23.778951+00:00,167.7,41,ask,EarnestEspressos,CostlyCorianders,8857431
2026-07-05T23:04:31.697118,2026-07-05T23:04:31.709086+00:00,167.9,40,bid,CostlyCorianders,DiligentDonuts,8857517
2026-07-05T23:04:33.043952,2026-07-05T23:04:33.058606+00:00,167.6,50,ask,EarnestEspressos,FlawlessFlatbreads,8857532
2026-07-05T23:04:33.907965,2026-07-05T23:04:33.919600+00:00,167.6,1,ask,EarnestEspressos,Xuanyu Liu,8857545
2026-07-05T23:04:36.314353,2026-07-05T23:04:36.325519+00:00,167.5,10,ask,Richard Zhang,CostlyCorianders,8857582
2026-07-05T23:04:36.314353,2026-07-05T23:04:36.325519+00:00,167.5,36,ask,DiligentDonuts,CostlyCorianders,8857583
2026-07-05T23:04:38.894612,2026-07-05T23:04:38.904455+00:00,167.7,10,bid,CostlyCorianders,Richard Zhang,8857613
2026-07-05T23:04:38.894612,2026-07-05T23:04:38.904455+00:00,167.9,30,bid,CostlyCorianders,EarnestEspressos,8857614
2026-07-05T23:04:39.327688,2026-07-05T23:04:39.338566+00:00,167.9,50,bid,FlawlessFlatbreads,EarnestEspressos,8857627
2026-07-05T23:04:39.876931,2026-07-05T23:04:39.884906+00:00,167.5,10,ask,Richard Zhang,CostlyCorianders,8857637
2026-07-05T23:04:40.533209,2026-07-05T23:04:40.544900+00:00,167.8,10,bid,CostlyCorianders,Richard Zhang,8857644
2026-07-05T23:04:40.533209,2026-07-05T23:04:40.544900+00:00,167.9,35,bid,CostlyCorianders,EarnestEspressos,8857645
2026-07-05T23:04:41.415450,2026-07-05T23:04:41.427532+00:00,167.8,10,bid,EarnestEspressos,Richard Zhang,8857656
2026-07-05T23:04:41.501475,2026-07-05T23:04:41.513366+00:00,167.8,50,ask,EarnestEspressos,FlawlessFlatbreads,8857658
2026-07-05T23:04:41.599816,2026-07-05T23:04:41.611524+00:00,167.8,49,ask,EarnestEspressos,CostlyCorianders,8857659
2026-07-05T23:04:41.799002,2026-07-05T23:04:41.807732+00:00,167.9,10,bid,Richard Zhang,DiligentDonuts,8857668
2026-07-05T23:04:41.829670,2026-07-05T23:04:41.839043+00:00,167.8,23,ask,EarnestEspressos,Xuanyu Liu,8857669
2026-07-05T23:04:42.238481,2026-07-05T23:04:42.249123+00:00,168.0,10,bid,CostlyCorianders,Richard Zhang,8857673
2026-07-05T23:04:42.285958,2026-07-05T23:04:42.297581+00:00,167.8,18,ask,EarnestEspressos,DiligentDonuts,8857674
2026-07-05T23:04:44.179926,2026-07-05T23:04:44.190720+00:00,167.8,45,bid,CostlyCorianders,DiligentDonuts,8857691
2026-07-05T23:04:44.645912,2026-07-05T23:04:44.655854+00:00,167.6,11,bid,Xuanyu Liu,EarnestEspressos,8857702
2026-07-05T23:04:45.726805,2026-07-05T23:04:45.738471+00:00,167.5,10,ask,Richard Zhang,FlawlessFlatbreads,8857716
2026-07-05T23:04:45.726805,2026-07-05T23:04:45.738471+00:00,167.5,40,ask,DiligentDonuts,FlawlessFlatbreads,8857717
2026-07-05T23:04:48.034009,2026-07-05T23:04:48.045856+00:00,167.6,43,bid,CostlyCorianders,EarnestEspressos,8857746
2026-07-05T23:04:49.671910,2026-07-05T23:04:49.684756+00:00,167.6,23,bid,Xuanyu Liu,EarnestEspressos,8857758
2026-07-05T23:04:49.896182,2026-07-05T23:04:49.905359+00:00,167.6,50,bid,FlawlessFlatbreads,EarnestEspressos,8857763
2026-07-05T23:04:50.904401,2026-07-05T23:04:50.924794+00:00,167.6,10,bid,EarnestEspressos,Richard Zhang,8857776
2026-07-05T23:04:50.917000,2026-07-05T23:04:50.924794+00:00,167.8,11,ask,EarnestEspressos,Xuanyu Liu,8857777
2026-07-05T23:04:50.930916,2026-07-05T23:04:50.945596+00:00,167.9,10,bid,Richard Zhang,DiligentDonuts,8857781
2026-07-05T23:04:51.959522,2026-07-05T23:04:51.967547+00:00,167.9,10,ask,Richard Zhang,Xuanyu Liu,8857794
2026-07-05T23:04:52.003120,2026-07-05T23:04:52.015012+00:00,168.0,10,bid,FlawlessFlatbreads,Richard Zhang,8857796
2026-07-05T23:04:52.003120,2026-07-05T23:04:52.015012+00:00,168.1,40,bid,FlawlessFlatbreads,DiligentDonuts,8857797
2026-07-05T23:04:52.166534,2026-07-05T23:04:52.178385+00:00,167.8,42,ask,EarnestEspressos,CostlyCorianders,8857799
2026-07-05T23:04:52.711809,2026-07-05T23:04:52.720541+00:00,167.8,2,ask,EarnestEspressos,Xuanyu Liu,8857803
2026-07-05T23:04:52.976262,2026-07-05T23:04:52.984313+00:00,167.9,10,ask,Richard Zhang,Xuanyu Liu,8857809
2026-07-05T23:04:54.112371,2026-07-05T23:04:54.124312+00:00,167.9,10,bid,FlawlessFlatbreads,Richard Zhang,8857828
2026-07-05T23:04:54.112371,2026-07-05T23:04:54.124312+00:00,168.1,40,bid,FlawlessFlatbreads,DiligentDonuts,8857829
2026-07-05T23:04:57.903628,2026-07-05T23:04:57.910341+00:00,167.8,47,ask,DiligentDonuts,CostlyCorianders,8857857
2026-07-05T23:05:00.490838,2026-07-05T23:05:00.493364+00:00,167.7,10,ask,Richard Zhang,FlawlessFlatbreads,8857886
2026-07-05T23:05:00.490838,2026-07-05T23:05:00.505030+00:00,167.6,40,ask,DiligentDonuts,FlawlessFlatbreads,8857887
2026-07-05T23:05:01.129885,2026-07-05T23:05:01.141665+00:00,167.8,10,bid,Xuanyu Liu,Richard Zhang,8857890
2026-07-05T23:05:01.130230,2026-07-05T23:05:01.141665+00:00,167.6,44,ask,DiligentDonuts,CostlyCorianders,8857892
2026-07-05T23:05:02.599268,2026-07-05T23:05:02.611077+00:00,167.6,10,ask,Richard Zhang,FlawlessFlatbreads,8857908
2026-07-05T23:05:02.599268,2026-07-05T23:05:02.611077+00:00,167.5,40,ask,EarnestEspressos,FlawlessFlatbreads,8857909
2026-07-05T23:05:03.142303,2026-07-05T23:05:03.152755+00:00,167.7,10,bid,Xuanyu Liu,Richard Zhang,8857918
2026-07-05T23:05:04.711517,2026-07-05T23:05:04.723480+00:00,167.5,10,ask,Richard Zhang,FlawlessFlatbreads,8857941
2026-07-05T23:05:04.711517,2026-07-05T23:05:04.723480+00:00,167.4,40,ask,EarnestEspressos,FlawlessFlatbreads,8857942
2026-07-05T23:05:05.203628,2026-07-05T23:05:05.212171+00:00,167.7,2,bid,Xuanyu Liu,Richard Zhang,8857953
2026-07-05T23:05:06.821247,2026-07-05T23:05:06.832865+00:00,167.4,50,ask,DiligentDonuts,FlawlessFlatbreads,8857973
2026-07-05T23:05:08.250392,2026-07-05T23:05:08.259106+00:00,167.4,10,bid,Xuanyu Liu,Richard Zhang,8857984
2026-07-05T23:05:08.522950,2026-07-05T23:05:08.534389+00:00,167.6,42,bid,CostlyCorianders,DiligentDonuts,8857987
2026-07-05T23:05:08.942260,2026-07-05T23:05:08.949247+00:00,167.2,50,ask,EarnestEspressos,FlawlessFlatbreads,8857988
2026-07-05T23:05:09.936754,2026-07-05T23:05:09.945947+00:00,167.4,1,bid,Xuanyu Liu,EarnestEspressos,8858007
2026-07-05T23:05:11.052886,2026-07-05T23:05:11.064476+00:00,167.4,49,bid,CostlyCorianders,EarnestEspressos,8858026
2026-07-05T23:05:12.150752,2026-07-05T23:05:12.158540+00:00,167.2,42,ask,DiligentDonuts,CostlyCorianders,8858043
2026-07-05T23:05:13.116435,2026-07-05T23:05:13.128110+00:00,167.2,41,ask,DiligentDonuts,CostlyCorianders,8858054
2026-07-05T23:05:13.155586,2026-07-05T23:05:13.158577+00:00,167.2,17,ask,DiligentDonuts,FlawlessFlatbreads,8858055
2026-07-05T23:05:13.155586,2026-07-05T23:05:13.158577+00:00,167.2,10,ask,Richard Zhang,FlawlessFlatbreads,8858056
2026-07-05T23:05:13.155586,2026-07-05T23:05:13.170029+00:00,166.9,23,ask,EarnestEspressos,FlawlessFlatbreads,8858057
2026-07-05T23:05:14.345062,2026-07-05T23:05:14.354020+00:00,167.0,6,bid,Xuanyu Liu,Richard Zhang,8858074
2026-07-05T23:05:15.264211,2026-07-05T23:05:15.276380+00:00,166.9,50,ask,EarnestEspressos,FlawlessFlatbreads,8858089
2026-07-05T23:05:17.375869,2026-07-05T23:05:17.387528+00:00,166.8,50,ask,EarnestEspressos,FlawlessFlatbreads,8858120
2026-07-05T23:05:17.980531,2026-07-05T23:05:17.992331+00:00,167.2,10,bid,CostlyCorianders,Richard Zhang,8858131
2026-07-05T23:05:17.980531,2026-07-05T23:05:17.992331+00:00,167.3,36,bid,CostlyCorianders,EarnestEspressos,8858132
2026-07-05T23:05:19.482831,2026-07-05T23:05:19.491375+00:00,167.0,10,ask,Richard Zhang,FlawlessFlatbreads,8858144
2026-07-05T23:05:19.482831,2026-07-05T23:05:19.491375+00:00,166.8,40,ask,DiligentDonuts,FlawlessFlatbreads,8858145
2026-07-05T23:05:21.034528,2026-07-05T23:05:21.046526+00:00,166.9,10,bid,CostlyCorianders,Richard Zhang,8858166
2026-07-05T23:05:21.034528,2026-07-05T23:05:21.046526+00:00,167.0,34,bid,CostlyCorianders,DiligentDonuts,8858167
2026-07-05T23:05:21.589111,2026-07-05T23:05:21.601060+00:00,166.8,10,ask,Richard Zhang,FlawlessFlatbreads,8858185
2026-07-05T23:05:21.589111,2026-07-05T23:05:21.601060+00:00,166.6,40,ask,EarnestEspressos,FlawlessFlatbreads,8858186
2026-07-05T23:05:23.698776,2026-07-05T23:05:23.710406+00:00,166.6,50,ask,DiligentDonuts,FlawlessFlatbreads,8858211
2026-07-05T23:05:24.476611,2026-07-05T23:05:24.484527+00:00,166.9,47,bid,CostlyCorianders,EarnestEspressos,8858219
2026-07-05T23:05:25.805366,2026-07-05T23:05:25.816722+00:00,166.6,50,ask,DiligentDonuts,FlawlessFlatbreads,8858236
2026-07-05T23:05:26.055117,2026-07-05T23:05:26.066758+00:00,166.6,10,ask,Richard Zhang,CostlyCorianders,8858242
2026-07-05T23:05:26.055117,2026-07-05T23:05:26.066758+00:00,166.5,30,ask,EarnestEspressos,CostlyCorianders,8858243
2026-07-05T23:05:27.861203,2026-07-05T23:05:27.871979+00:00,166.6,10,bid,FlawlessFlatbreads,Richard Zhang,8858257
2026-07-05T23:05:27.861203,2026-07-05T23:05:27.871979+00:00,166.8,40,bid,FlawlessFlatbreads,DiligentDonuts,8858258
2026-07-05T23:05:28.572211,2026-07-05T23:05:28.584095+00:00,166.8,43,bid,CostlyCorianders,DiligentDonuts,8858266
2026-07-05T23:05:29.668932,2026-07-05T23:05:29.680844+00:00,166.7,10,bid,DiligentDonuts,Richard Zhang,8858282
2026-07-05T23:05:29.971843,2026-07-05T23:05:29.979901+00:00,166.8,50,bid,FlawlessFlatbreads,EarnestEspressos,8858287
2026-07-05T23:05:30.634891,2026-07-05T23:05:30.642305+00:00,166.8,10,bid,Richard Zhang,EarnestEspressos,8858295
2026-07-05T23:05:32.078209,2026-07-05T23:05:32.087849+00:00,166.8,10,bid,FlawlessFlatbreads,Richard Zhang,8858311
2026-07-05T23:05:32.078209,2026-07-05T23:05:32.087849+00:00,167.0,40,bid,FlawlessFlatbreads,EarnestEspressos,8858312
2026-07-05T23:05:34.186617,2026-07-05T23:05:34.194565+00:00,166.9,50,bid,FlawlessFlatbreads,DiligentDonuts,8858335
2026-07-05T23:05:34.879755,2026-07-05T23:05:34.891888+00:00,166.7,10,ask,Richard Zhang,CostlyCorianders,8858339
2026-07-05T23:05:34.879755,2026-07-05T23:05:34.891888+00:00,166.5,33,ask,EarnestEspressos,CostlyCorianders,8858340
2026-07-05T23:05:36.293275,2026-07-05T23:05:36.304751+00:00,166.9,10,bid,FlawlessFlatbreads,Richard Zhang,8858357
2026-07-05T23:05:36.293275,2026-07-05T23:05:36.304751+00:00,167.2,40,bid,FlawlessFlatbreads,EarnestEspressos,8858358
2026-07-05T23:05:36.349314,2026-07-05T23:05:36.352501+00:00,166.8,49,ask,DiligentDonuts,CostlyCorianders,8858362
2026-07-05T23:05:37.911753,2026-07-05T23:05:37.923560+00:00,167.2,46,bid,CostlyCorianders,EarnestEspressos,8858387
2026-07-05T23:05:38.380243,2026-07-05T23:05:38.392009+00:00,167.2,10,bid,CostlyCorianders,Richard Zhang,8858390
2026-07-05T23:05:38.380243,2026-07-05T23:05:38.392009+00:00,167.3,38,bid,CostlyCorianders,DiligentDonuts,8858391
2026-07-05T23:05:38.405085,2026-07-05T23:05:38.413049+00:00,167.3,50,bid,FlawlessFlatbreads,DiligentDonuts,8858394
2026-07-05T23:05:38.436900,2026-07-05T23:05:38.458827+00:00,167.1,48,ask,EarnestEspressos,CostlyCorianders,8858395
2026-07-05T23:05:38.766336,2026-07-05T23:05:38.776561+00:00,167.3,10,bid,Richard Zhang,DiligentDonuts,8858401
2026-07-05T23:05:39.800247,2026-07-05T23:05:39.808571+00:00,167.3,6,ask,Richard Zhang,Xuanyu Liu,8858411
2026-07-05T23:05:40.513170,2026-07-05T23:05:40.524848+00:00,167.5,50,bid,FlawlessFlatbreads,DiligentDonuts,8858428
2026-07-05T23:05:41.645255,2026-07-05T23:05:41.658577+00:00,167.2,10,ask,Richard Zhang,CostlyCorianders,8858443
2026-07-05T23:05:41.645255,2026-07-05T23:05:41.658577+00:00,167.0,35,ask,DiligentDonuts,CostlyCorianders,8858444
2026-07-05T23:05:42.612490,2026-07-05T23:05:42.624247+00:00,167.3,10,bid,CostlyCorianders,Richard Zhang,8858461
2026-07-05T23:05:42.612490,2026-07-05T23:05:42.624247+00:00,167.5,38,bid,CostlyCorianders,EarnestEspressos,8858462
2026-07-05T23:05:42.620315,2026-07-05T23:05:42.629234+00:00,167.5,50,bid,FlawlessFlatbreads,EarnestEspressos,8858463
2026-07-05T23:05:44.153492,2026-07-05T23:05:44.165531+00:00,167.2,10,ask,Richard Zhang,CostlyCorianders,8858486
2026-07-05T23:05:44.153492,2026-07-05T23:05:44.165531+00:00,167.1,36,ask,DiligentDonuts,CostlyCorianders,8858487
2026-07-05T23:05:44.652952,2026-07-05T23:05:44.664614+00:00,167.4,10,bid,CostlyCorianders,Richard Zhang,8858497
2026-07-05T23:05:44.652952,2026-07-05T23:05:44.664614+00:00,167.6,30,bid,CostlyCorianders,DiligentDonuts,8858498
2026-07-05T23:05:44.725779,2026-07-05T23:05:44.736380+00:00,167.6,50,bid,FlawlessFlatbreads,DiligentDonuts,8858500
2026-07-05T23:05:46.194140,2026-07-05T23:05:46.204599+00:00,167.7,10,bid,CostlyCorianders,Richard Zhang,8858517
2026-07-05T23:05:46.831728,2026-07-05T23:05:46.843609+00:00,167.8,50,bid,FlawlessFlatbreads,EarnestEspressos,8858526
2026-07-05T23:05:47.953109,2026-07-05T23:05:47.953450+00:00,167.8,10,bid,Richard Zhang,DiligentDonuts,8858538
2026-07-05T23:05:48.960998,2026-07-05T23:05:48.974484+00:00,167.9,10,bid,FlawlessFlatbreads,Richard Zhang,8858553
2026-07-05T23:05:48.960998,2026-07-05T23:05:48.974484+00:00,168.0,40,bid,FlawlessFlatbreads,DiligentDonuts,8858554
2026-07-05T23:05:50.027072,2026-07-05T23:05:50.035056+00:00,167.8,10,ask,Richard Zhang,Xuanyu Liu,8858569
2026-07-05T23:05:50.911853,2026-07-05T23:05:50.919875+00:00,167.7,1,ask,EarnestEspressos,Xuanyu Liu,8858578
2026-07-05T23:05:51.071207,2026-07-05T23:05:51.082792+00:00,167.9,10,bid,FlawlessFlatbreads,Richard Zhang,8858587
2026-07-05T23:05:51.071207,2026-07-05T23:05:51.082792+00:00,168.0,40,bid,FlawlessFlatbreads,DiligentDonuts,8858588
2026-07-05T23:05:52.070410,2026-07-05T23:05:52.079043+00:00,167.8,10,ask,Richard Zhang,Xuanyu Liu,8858604
2026-07-05T23:05:53.181101,2026-07-05T23:05:53.190563+00:00,168.0,10,bid,FlawlessFlatbreads,Richard Zhang,8858624
2026-07-05T23:05:53.181101,2026-07-05T23:05:53.190563+00:00,168.1,40,bid,FlawlessFlatbreads,EarnestEspressos,8858625
2026-07-05T23:05:53.959768,2026-07-05T23:05:53.968703+00:00,167.7,2,ask,Richard Zhang,Xuanyu Liu,8858635
2026-07-05T23:05:54.105716,2026-07-05T23:05:54.115077+00:00,167.8,10,ask,Richard Zhang,Xuanyu Liu,8858638
2026-07-05T23:05:55.270217,2026-07-05T23:05:55.281857+00:00,167.7,1,ask,EarnestEspressos,Xuanyu Liu,8858651
2026-07-05T23:05:55.287815,2026-07-05T23:05:55.297098+00:00,168.0,50,bid,FlawlessFlatbreads,DiligentDonuts,8858655
2026-07-05T23:05:55.504758,2026-07-05T23:05:55.516575+00:00,167.7,45,ask,EarnestEspressos,CostlyCorianders,8858656
2026-07-05T23:05:57.393795,2026-07-05T23:05:57.405256+00:00,168.0,50,bid,FlawlessFlatbreads,DiligentDonuts,8858674
2026-07-05T23:05:57.513735,2026-07-05T23:05:57.525546+00:00,167.7,10,ask,Richard Zhang,CostlyCorianders,8858677
2026-07-05T23:05:57.513735,2026-07-05T23:05:57.525546+00:00,167.6,37,ask,EarnestEspressos,CostlyCorianders,8858678
2026-07-05T23:05:59.109892,2026-07-05T23:05:59.116588+00:00,167.9,10,bid,CostlyCorianders,Richard Zhang,8858690
2026-07-05T23:05:59.109892,2026-07-05T23:05:59.116588+00:00,168.1,37,bid,CostlyCorianders,EarnestEspressos,8858691
2026-07-05T23:05:59.499686,2026-07-05T23:05:59.511501+00:00,168.0,10,bid,FlawlessFlatbreads,Richard Zhang,8858700
2026-07-05T23:05:59.499686,2026-07-05T23:05:59.511501+00:00,168.1,40,bid,FlawlessFlatbreads,EarnestEspressos,8858701
2026-07-05T23:06:00.031500,2026-07-05T23:06:00.043335+00:00,167.9,10,ask,Richard Zhang,CostlyCorianders,8858707
2026-07-05T23:06:00.031500,2026-07-05T23:06:00.043335+00:00,167.8,39,ask,DiligentDonuts,CostlyCorianders,8858708
2026-07-05T23:06:01.676390,2026-07-05T23:06:01.684913+00:00,167.9,10,ask,Richard Zhang,FlawlessFlatbreads,8858732
2026-07-05T23:06:01.676390,2026-07-05T23:06:01.690207+00:00,167.9,40,ask,DiligentDonuts,FlawlessFlatbreads,8858733
2026-07-05T23:06:03.786399,2026-07-05T23:06:03.798205+00:00,167.9,50,ask,DiligentDonuts,FlawlessFlatbreads,8858773
2026-07-05T23:06:04.083514,2026-07-05T23:06:04.092870+00:00,168.1,10,bid,CostlyCorianders,Richard Zhang,8858775
2026-07-05T23:06:04.083514,2026-07-05T23:06:04.098093+00:00,168.4,38,bid,CostlyCorianders,DiligentDonuts,8858776
2026-07-05T23:06:04.138689,2026-07-05T23:06:04.151044+00:00,167.9,10,ask,DiligentDonuts,CostlyCorianders,8858778
2026-07-05T23:06:04.138689,2026-07-05T23:06:04.151044+00:00,167.9,10,ask,Richard Zhang,CostlyCorianders,8858779
2026-07-05T23:06:04.138689,2026-07-05T23:06:04.151044+00:00,167.9,20,ask,EarnestEspressos,CostlyCorianders,8858780
2026-07-05T23:06:04.612858,2026-07-05T23:06:04.624942+00:00,167.9,41,ask,EarnestEspressos,CostlyCorianders,8858787
2026-07-05T23:06:05.893579,2026-07-05T23:06:05.901510+00:00,167.9,50,ask,EarnestEspressos,FlawlessFlatbreads,8858816
2026-07-05T23:06:06.880516,2026-07-05T23:06:06.892089+00:00,167.8,10,ask,Richard Zhang,EarnestEspressos,8858824
2026-07-05T23:06:06.880516,2026-07-05T23:06:06.892089+00:00,167.6,100,ask,DiligentDonuts,EarnestEspressos,8858825
2026-07-05T23:06:07.064818,2026-07-05T23:06:07.076125+00:00,167.4,34,bid,Xuanyu Liu,EarnestEspressos,8858832
2026-07-05T23:06:07.359533,2026-07-05T23:06:07.367075+00:00,167.1,6,bid,Xuanyu Liu,Richard Zhang,8858841
2026-07-05T23:06:07.653248,2026-07-05T23:06:07.658571+00:00,167.1,4,bid,DiligentDonuts,Richard Zhang,8858844
2026-07-05T23:06:07.864663,2026-07-05T23:06:07.874034+00:00,167.4,6,bid,CostlyCorianders,EarnestEspressos,8858854
2026-07-05T23:06:07.864663,2026-07-05T23:06:07.874034+00:00,167.7,35,bid,CostlyCorianders,DiligentDonuts,8858855
2026-07-05T23:06:08.001225,2026-07-05T23:06:08.013030+00:00,167.2,50,ask,DiligentDonuts,FlawlessFlatbreads,8858857
2026-07-05T23:06:08.371566,2026-07-05T23:06:08.379837+00:00,167.2,6,ask,DiligentDonuts,Xuanyu Liu,8858864
2026-07-05T23:06:08.503754,2026-07-05T23:06:08.511319+00:00,167.5,10,bid,CostlyCorianders,Richard Zhang,8858867
2026-07-05T23:06:08.503754,2026-07-05T23:06:08.516544+00:00,167.7,31,bid,CostlyCorianders,DiligentDonuts,8858868
2026-07-05T23:06:09.408878,2026-07-05T23:06:09.417200+00:00,167.3,10,ask,Richard Zhang,Xuanyu Liu,8858878
2026-07-05T23:06:09.990042,2026-07-05T23:06:09.997549+00:00,167.6,10,bid,EarnestEspressos,Richard Zhang,8858892
2026-07-05T23:06:09.990042,2026-07-05T23:06:10.002777+00:00,167.7,34,bid,EarnestEspressos,DiligentDonuts,8858893
2026-07-05T23:06:10.059551,2026-07-05T23:06:10.069077+00:00,167.7,13,ask,EarnestEspressos,Xuanyu Liu,8858895
2026-07-05T23:06:10.127104,2026-07-05T23:06:10.134653+00:00,167.7,45,ask,EarnestEspressos,Xuanyu Liu,8858901
2026-07-05T23:06:10.416986,2026-07-05T23:06:10.427480+00:00,167.8,10,ask,Richard Zhang,Xuanyu Liu,8858905
2026-07-05T23:06:10.880151,2026-07-05T23:06:10.891832+00:00,167.7,48,ask,EarnestEspressos,DiligentDonuts,8858915
2026-07-05T23:06:10.991911,2026-07-05T23:06:11.001373+00:00,167.0,52,bid,Xuanyu Liu,DiligentDonuts,8858917
2026-07-05T23:06:13.464976,2026-07-05T23:06:13.474355+00:00,167.1,3,bid,Xuanyu Liu,Richard Zhang,8858964
2026-07-05T23:06:13.614014,2026-07-05T23:06:13.624319+00:00,167.1,7,bid,Xuanyu Liu,Richard Zhang,8858967
2026-07-05T23:06:13.988985,2026-07-05T23:06:13.998494+00:00,167.3,100,bid,DiligentDonuts,EarnestEspressos,8858979
2026-07-05T23:06:14.335962,2026-07-05T23:06:14.347578+00:00,166.8,50,ask,EarnestEspressos,FlawlessFlatbreads,8858987
2026-07-05T23:06:15.698436,2026-07-05T23:06:15.707412+00:00,166.9,10,ask,Richard Zhang,CostlyCorianders,8859004
2026-07-05T23:06:15.698436,2026-07-05T23:06:15.707412+00:00,166.8,36,ask,EarnestEspressos,CostlyCorianders,8859005
2026-07-05T23:06:16.344693,2026-07-05T23:06:16.353225+00:00,167.2,5,bid,Xuanyu Liu,Richard Zhang,8859009
2026-07-05T23:06:16.442791,2026-07-05T23:06:16.458597+00:00,166.9,50,ask,EarnestEspressos,FlawlessFlatbreads,8859013
2026-07-05T23:06:16.740449,2026-07-05T23:06:16.758648+00:00,167.2,10,bid,CostlyCorianders,Richard Zhang,8859019
2026-07-05T23:06:16.740449,2026-07-05T23:06:16.758648+00:00,167.4,30,bid,CostlyCorianders,EarnestEspressos,8859020
2026-07-05T23:06:20.163262,2026-07-05T23:06:20.170155+00:00,167.2,10,ask,Richard Zhang,CostlyCorianders,8859063
2026-07-05T23:06:20.163262,2026-07-05T23:06:20.175435+00:00,167.1,34,ask,DiligentDonuts,CostlyCorianders,8859064
2026-07-05T23:06:20.659267,2026-07-05T23:06:20.673032+00:00,167.0,50,ask,DiligentDonuts,FlawlessFlatbreads,8859079
2026-07-05T23:06:20.747978,2026-07-05T23:06:20.758559+00:00,167.2,10,bid,CostlyCorianders,Richard Zhang,8859080
2026-07-05T23:06:20.747978,2026-07-05T23:06:20.758559+00:00,167.4,31,bid,CostlyCorianders,EarnestEspressos,8859081
2026-07-05T23:06:22.768579,2026-07-05T23:06:22.780438+00:00,167.1,10,ask,Richard Zhang,FlawlessFlatbreads,8859106
2026-07-05T23:06:22.768579,2026-07-05T23:06:22.780438+00:00,167.0,40,ask,DiligentDonuts,FlawlessFlatbreads,8859107
2026-07-05T23:06:23.636432,2026-07-05T23:06:23.644696+00:00,167.1,10,bid,Xuanyu Liu,Richard Zhang,8859116
2026-07-05T23:06:24.826653,2026-07-05T23:06:24.836638+00:00,167.2,50,bid,FlawlessFlatbreads,DiligentDonuts,8859138
2026-07-05T23:06:26.932720,2026-07-05T23:06:26.944326+00:00,167.2,50,bid,FlawlessFlatbreads,DiligentDonuts,8859161
2026-07-05T23:06:29.040607,2026-07-05T23:06:29.047856+00:00,167.1,10,bid,FlawlessFlatbreads,Richard Zhang,8859194
2026-07-05T23:06:29.040607,2026-07-05T23:06:29.058559+00:00,167.2,40,bid,FlawlessFlatbreads,DiligentDonuts,8859195
2026-07-05T23:06:29.509008,2026-07-05T23:06:29.522985+00:00,167.0,10,ask,Richard Zhang,Xuanyu Liu,8859202
2026-07-05T23:06:30.746318,2026-07-05T23:06:30.754513+00:00,166.9,10,ask,Richard Zhang,CostlyCorianders,8859213
2026-07-05T23:06:30.746318,2026-07-05T23:06:30.754513+00:00,166.8,35,ask,EarnestEspressos,CostlyCorianders,8859214
2026-07-05T23:06:31.148193,2026-07-05T23:06:31.155255+00:00,167.1,10,bid,FlawlessFlatbreads,Richard Zhang,8859223
2026-07-05T23:06:31.148193,2026-07-05T23:06:31.155255+00:00,167.3,40,bid,FlawlessFlatbreads,EarnestEspressos,8859224
2026-07-05T23:06:33.258201,2026-07-05T23:06:33.269075+00:00,167.2,10,bid,FlawlessFlatbreads,Richard Zhang,8859251
2026-07-05T23:06:33.258201,2026-07-05T23:06:33.269075+00:00,167.3,40,bid,FlawlessFlatbreads,EarnestEspressos,8859252
2026-07-05T23:06:33.812873,2026-07-05T23:06:33.821558+00:00,167.1,10,ask,Richard Zhang,Xuanyu Liu,8859256
2026-07-05T23:06:34.831438,2026-07-05T23:06:34.840781+00:00,167.0,2,ask,Richard Zhang,Xuanyu Liu,8859270
2026-07-05T23:06:35.367652,2026-07-05T23:06:35.376826+00:00,167.2,10,bid,FlawlessFlatbreads,Richard Zhang,8859280
2026-07-05T23:06:35.367652,2026-07-05T23:06:35.376826+00:00,167.3,40,bid,FlawlessFlatbreads,EarnestEspressos,8859281
2026-07-05T23:06:35.847571,2026-07-05T23:06:35.856035+00:00,167.1,10,ask,Richard Zhang,Xuanyu Liu,8859290
2026-07-05T23:06:37.525589,2026-07-05T23:06:37.537269+00:00,166.9,10,ask,Richard Zhang,FlawlessFlatbreads,8859317
2026-07-05T23:06:38.653010,2026-07-05T23:06:38.664541+00:00,166.9,46,ask,EarnestEspressos,CostlyCorianders,8859339
2026-07-05T23:06:39.337435,2026-07-05T23:06:39.345974+00:00,166.9,1,ask,EarnestEspressos,Xuanyu Liu,8859344
2026-07-05T23:06:39.913847,2026-07-05T23:06:39.924541+00:00,166.9,10,ask,EarnestEspressos,Richard Zhang,8859353
2026-07-05T23:06:40.373234,2026-07-05T23:06:40.385270+00:00,167.0,44,bid,CostlyCorianders,DiligentDonuts,8859360
2026-07-05T23:06:41.735794,2026-07-05T23:06:41.746407+00:00,166.9,10,ask,Richard Zhang,FlawlessFlatbreads,8859378
2026-07-05T23:06:43.611141,2026-07-05T23:06:43.622980+00:00,166.8,10,bid,CostlyCorianders,Richard Zhang,8859406
2026-07-05T23:06:43.611141,2026-07-05T23:06:43.622980+00:00,167.0,35,bid,CostlyCorianders,EarnestEspressos,8859407
2026-07-05T23:06:43.842681,2026-07-05T23:06:43.852265+00:00,166.5,50,ask,EarnestEspressos,FlawlessFlatbreads,8859410
2026-07-05T23:06:45.747516,2026-07-05T23:06:45.759288+00:00,166.9,10,bid,CostlyCorianders,Richard Zhang,8859424
2026-07-05T23:06:45.747516,2026-07-05T23:06:45.759288+00:00,167.0,39,bid,CostlyCorianders,EarnestEspressos,8859425
2026-07-05T23:06:46.780124,2026-07-05T23:06:46.791819+00:00,166.8,10,ask,Richard Zhang,CostlyCorianders,8859439
2026-07-05T23:06:46.780124,2026-07-05T23:06:46.791819+00:00,166.6,31,ask,DiligentDonuts,CostlyCorianders,8859440
2026-07-05T23:06:49.359917,2026-07-05T23:06:49.370295+00:00,166.7,10,ask,Richard Zhang,CostlyCorianders,8859464
2026-07-05T23:06:49.359917,2026-07-05T23:06:49.370295+00:00,166.6,36,ask,EarnestEspressos,CostlyCorianders,8859465
2026-07-05T23:06:50.000985,2026-07-05T23:06:50.012925+00:00,166.9,10,bid,CostlyCorianders,Richard Zhang,8859470
2026-07-05T23:06:50.000985,2026-07-05T23:06:50.012925+00:00,167.0,39,bid,CostlyCorianders,DiligentDonuts,8859471
2026-07-05T23:06:52.027155,2026-07-05T23:06:52.038822+00:00,166.8,43,bid,CostlyCorianders,EarnestEspressos,8859504
2026-07-05T23:06:52.213522,2026-07-05T23:06:52.220050+00:00,166.8,50,bid,FlawlessFlatbreads,EarnestEspressos,8859506
2026-07-05T23:06:54.318618,2026-07-05T23:06:54.326400+00:00,166.8,10,bid,EarnestEspressos,Richard Zhang,8859530
2026-07-05T23:06:54.324772,2026-07-05T23:06:54.331920+00:00,167.1,50,bid,FlawlessFlatbreads,DiligentDonuts,8859532
2026-07-05T23:06:55.203426,2026-07-05T23:06:55.211527+00:00,167.0,10,ask,Richard Zhang,Xuanyu Liu,8859543
2026-07-05T23:06:55.548577,2026-07-05T23:06:55.558605+00:00,166.8,40,ask,EarnestEspressos,CostlyCorianders,8859547
2026-07-05T23:06:56.432522,2026-07-05T23:06:56.442111+00:00,167.1,10,bid,FlawlessFlatbreads,Richard Zhang,8859570
2026-07-05T23:06:56.432522,2026-07-05T23:06:56.442111+00:00,167.2,40,bid,FlawlessFlatbreads,DiligentDonuts,8859571
2026-07-05T23:06:57.025900,2026-07-05T23:06:57.037809+00:00,166.9,10,ask,Richard Zhang,CostlyCorianders,8859576
2026-07-05T23:06:57.025900,2026-07-05T23:06:57.037809+00:00,166.8,33,ask,EarnestEspressos,CostlyCorianders,8859577
2026-07-05T23:06:57.634962,2026-07-05T23:06:57.646701+00:00,166.9,10,ask,Richard Zhang,CostlyCorianders,8859590
2026-07-05T23:06:58.252161,2026-07-05T23:06:58.260647+00:00,166.9,10,bid,Xuanyu Liu,Richard Zhang,8859595
2026-07-05T23:06:58.302080,2026-07-05T23:06:58.313877+00:00,167.1,100,bid,DiligentDonuts,EarnestEspressos,8859597
2026-07-05T23:06:58.567114,2026-07-05T23:06:58.574706+00:00,167.1,50,bid,FlawlessFlatbreads,EarnestEspressos,8859605
2026-07-05T23:07:00.229041,2026-07-05T23:07:00.241090+00:00,167.6,10,bid,CostlyCorianders,Richard Zhang,8859630
2026-07-05T23:07:00.229041,2026-07-05T23:07:00.241090+00:00,167.7,32,bid,CostlyCorianders,DiligentDonuts,8859631
2026-07-05T23:07:00.664825,2026-07-05T23:07:00.674507+00:00,167.4,23,ask,EarnestEspressos,Xuanyu Liu,8859637
2026-07-05T23:07:00.724326,2026-07-05T23:07:00.731201+00:00,167.4,50,ask,EarnestEspressos,FlawlessFlatbreads,8859640
2026-07-05T23:07:01.183535,2026-07-05T23:07:01.195143+00:00,167.4,46,ask,EarnestEspressos,CostlyCorianders,8859652
2026-07-05T23:07:01.300794,2026-07-05T23:07:01.309392+00:00,167.6,10,ask,Richard Zhang,Xuanyu Liu,8859653
2026-07-05T23:07:02.308205,2026-07-05T23:07:02.316718+00:00,167.4,1,ask,EarnestEspressos,Xuanyu Liu,8859666
2026-07-05T23:07:02.707489,2026-07-05T23:07:02.714344+00:00,167.4,30,ask,EarnestEspressos,CostlyCorianders,8859671
2026-07-05T23:07:02.707489,2026-07-05T23:07:02.719623+00:00,167.4,10,ask,Richard Zhang,CostlyCorianders,8859672
2026-07-05T23:07:04.359582,2026-07-05T23:07:04.370067+00:00,167.1,10,bid,Xuanyu Liu,Richard Zhang,8859698
2026-07-05T23:07:04.730270,2026-07-05T23:07:04.740935+00:00,167.2,1,bid,Xuanyu Liu,EarnestEspressos,8859704
2026-07-05T23:07:04.936915,2026-07-05T23:07:04.948830+00:00,166.9,10,ask,Richard Zhang,FlawlessFlatbreads,8859713
2026-07-05T23:07:04.936915,2026-07-05T23:07:04.948830+00:00,166.9,40,ask,DiligentDonuts,FlawlessFlatbreads,8859714
2026-07-05T23:07:07.043788,2026-07-05T23:07:07.063628+00:00,166.9,50,ask,DiligentDonuts,FlawlessFlatbreads,8859745
2026-07-05T23:07:07.384150,2026-07-05T23:07:07.390834+00:00,166.9,10,ask,DiligentDonuts,Richard Zhang,8859750
2026-07-05T23:07:08.359585,2026-07-05T23:07:08.368327+00:00,167.0,12,bid,Xuanyu Liu,EarnestEspressos,8859766
2026-07-05T23:07:08.412680,2026-07-05T23:07:08.420682+00:00,166.9,10,bid,Xuanyu Liu,Richard Zhang,8859769
2026-07-05T23:07:08.716046,2026-07-05T23:07:08.725246+00:00,167.0,1,bid,Xuanyu Liu,EarnestEspressos,8859773
2026-07-05T23:07:11.246363,2026-07-05T23:07:11.268723+00:00,167.1,10,bid,CostlyCorianders,Richard Zhang,8859802
2026-07-05T23:07:11.246363,2026-07-05T23:07:11.268723+00:00,167.2,37,bid,CostlyCorianders,DiligentDonuts,8859803
2026-07-05T23:07:11.465401,2026-07-05T23:07:11.474682+00:00,167.1,10,ask,Richard Zhang,Xuanyu Liu,8859807
2026-07-05T23:07:11.786189,2026-07-05T23:07:11.798055+00:00,167.2,49,bid,CostlyCorianders,DiligentDonuts,8859811
2026-07-05T23:07:13.289687,2026-07-05T23:07:13.301461+00:00,167.0,10,ask,Richard Zhang,CostlyCorianders,8859827
2026-07-05T23:07:13.289687,2026-07-05T23:07:13.301461+00:00,166.7,33,ask,DiligentDonuts,CostlyCorianders,8859828
2026-07-05T23:07:13.334506,2026-07-05T23:07:13.343170+00:00,167.2,14,bid,FlawlessFlatbreads,DiligentDonuts,8859831
2026-07-05T23:07:13.334506,2026-07-05T23:07:13.343170+00:00,167.2,10,bid,FlawlessFlatbreads,Richard Zhang,8859832
2026-07-05T23:07:14.925419,2026-07-05T23:07:14.933832+00:00,167.2,47,bid,CostlyCorianders,EarnestEspressos,8859845
2026-07-05T23:07:14.979436,2026-07-05T23:07:14.989786+00:00,167.0,10,ask,Richard Zhang,CostlyCorianders,8859847
2026-07-05T23:07:14.979436,2026-07-05T23:07:14.989786+00:00,166.8,31,ask,DiligentDonuts,CostlyCorianders,8859848
2026-07-05T23:07:15.443122,2026-07-05T23:07:15.463789+00:00,167.2,50,bid,FlawlessFlatbreads,EarnestEspressos,8859854
2026-07-05T23:07:15.466316,2026-07-05T23:07:15.478038+00:00,167.2,49,bid,CostlyCorianders,EarnestEspressos,8859855
2026-07-05T23:07:15.968807,2026-07-05T23:07:15.980522+00:00,166.9,10,ask,Richard Zhang,CostlyCorianders,8859860
2026-07-05T23:07:15.968807,2026-07-05T23:07:15.980522+00:00,166.8,31,ask,DiligentDonuts,CostlyCorianders,8859861
2026-07-05T23:07:16.476204,2026-07-05T23:07:16.483870+00:00,167.1,10,bid,EarnestEspressos,Richard Zhang,8859870
2026-07-05T23:07:16.476204,2026-07-05T23:07:16.489057+00:00,167.3,100,bid,EarnestEspressos,DiligentDonuts,8859871
2026-07-05T23:07:16.542694,2026-07-05T23:07:16.551312+00:00,167.4,24,ask,EarnestEspressos,Xuanyu Liu,8859873
2026-07-05T23:07:16.568364,2026-07-05T23:07:16.577167+00:00,167.5,10,ask,Richard Zhang,Xuanyu Liu,8859875
2026-07-05T23:07:17.331712,2026-07-05T23:07:17.344167+00:00,167.4,16,ask,EarnestEspressos,DiligentDonuts,8859891
2026-07-05T23:07:17.575516,2026-07-05T23:07:17.584442+00:00,167.4,50,bid,FlawlessFlatbreads,DiligentDonuts,8859897
2026-07-05T23:07:17.595710,2026-07-05T23:07:17.604727+00:00,167.2,10,bid,Xuanyu Liu,Richard Zhang,8859898
2026-07-05T23:07:17.948826,2026-07-05T23:07:17.958581+00:00,167.4,34,bid,CostlyCorianders,DiligentDonuts,8859909
2026-07-05T23:07:19.732237,2026-07-05T23:07:19.741397+00:00,167.1,50,ask,EarnestEspressos,FlawlessFlatbreads,8859939
2026-07-05T23:07:20.166433,2026-07-05T23:07:20.171007+00:00,167.1,44,ask,EarnestEspressos,CostlyCorianders,8859942
2026-07-05T23:07:20.445394,2026-07-05T23:07:20.457059+00:00,167.6,100,bid,DiligentDonuts,EarnestEspressos,8859944
2026-07-05T23:07:21.678751,2026-07-05T23:07:21.688597+00:00,167.5,10,bid,Xuanyu Liu,Richard Zhang,8859960
2026-07-05T23:07:21.787495,2026-07-05T23:07:21.795235+00:00,167.6,50,bid,FlawlessFlatbreads,EarnestEspressos,8859965
2026-07-05T23:07:23.945276,2026-07-05T23:07:23.951848+00:00,167.6,10,ask,Richard Zhang,FlawlessFlatbreads,8859992
2026-07-05T23:07:23.945276,2026-07-05T23:07:23.951848+00:00,167.4,40,ask,EarnestEspressos,FlawlessFlatbreads,8859993
2026-07-05T23:07:24.923184,2026-07-05T23:07:24.934990+00:00,167.6,10,bid,CostlyCorianders,Richard Zhang,8860002
2026-07-05T23:07:24.923184,2026-07-05T23:07:24.934990+00:00,167.7,32,bid,CostlyCorianders,DiligentDonuts,8860003
2026-07-05T23:07:26.055073,2026-07-05T23:07:26.067049+00:00,167.6,10,ask,Richard Zhang,FlawlessFlatbreads,8860020
2026-07-05T23:07:26.055073,2026-07-05T23:07:26.067049+00:00,167.2,40,ask,DiligentDonuts,FlawlessFlatbreads,8860021
2026-07-05T23:07:26.775792,2026-07-05T23:07:26.784063+00:00,167.6,1,bid,Xuanyu Liu,Richard Zhang,8860026
2026-07-05T23:07:26.835237,2026-07-05T23:07:26.846964+00:00,167.6,9,bid,CostlyCorianders,Richard Zhang,8860028
2026-07-05T23:07:26.889306,2026-07-05T23:07:26.896249+00:00,167.4,41,ask,DiligentDonuts,CostlyCorianders,8860029
2026-07-05T23:07:28.163369,2026-07-05T23:07:28.174945+00:00,167.6,10,ask,Richard Zhang,FlawlessFlatbreads,8860040
2026-07-05T23:07:28.163369,2026-07-05T23:07:28.174945+00:00,167.4,40,ask,DiligentDonuts,FlawlessFlatbreads,8860041
2026-07-05T23:07:30.272185,2026-07-05T23:07:30.282961+00:00,167.5,10,ask,Richard Zhang,FlawlessFlatbreads,8860071
2026-07-05T23:07:30.272185,2026-07-05T23:07:30.282961+00:00,167.3,40,ask,EarnestEspressos,CostlyCorianders,8860072
2026-07-05T23:07:30.310827,2026-07-05T23:07:30.322826+00:00,167.6,10,bid,CostlyCorianders,Richard Zhang,8860073
2026-07-05T23:07:30.310827,2026-07-05T23:07:30.322826+00:00,167.6,39,bid,CostlyCorianders,DiligentDonuts,8860074
2026-07-05T23:07:30.371981,2026-07-05T23:07:30.384095+00:00,167.3,40,ask,EarnestEspressos,FlawlessFlatbreads,8860076
2026-07-05T23:07:32.329917,2026-07-05T23:07:32.341366+00:00,167.6,50,bid,FlawlessFlatbreads,DiligentDonuts,8860098
2026-07-05T23:07:32.347809,2026-07-05T23:07:32.355296+00:00,167.4,23,bid,Xuanyu Liu,EarnestEspressos,8860099
2026-07-05T23:07:33.095533,2026-07-05T23:07:33.105410+00:00,167.4,100,bid,DiligentDonuts,EarnestEspressos,8860109
2026-07-05T23:07:34.403350,2026-07-05T23:07:34.414976+00:00,166.9,49,ask,EarnestEspressos,CostlyCorianders,8860127
2026-07-05T23:07:34.435976,2026-07-05T23:07:34.458646+00:00,167.4,27,bid,FlawlessFlatbreads,EarnestEspressos,8860129
2026-07-05T23:07:35.852070,2026-07-05T23:07:35.863932+00:00,167.8,40,bid,CostlyCorianders,EarnestEspressos,8860145
2026-07-05T23:07:36.544471,2026-07-05T23:07:36.556435+00:00,167.5,50,bid,FlawlessFlatbreads,DiligentDonuts,8860163
2026-07-05T23:07:38.075287,2026-07-05T23:07:38.086870+00:00,167.5,49,bid,CostlyCorianders,DiligentDonuts,8860186
2026-07-05T23:07:38.650962,2026-07-05T23:07:38.658542+00:00,167.5,1,bid,FlawlessFlatbreads,DiligentDonuts,8860198
2026-07-05T23:07:38.728402,2026-07-05T23:07:38.740041+00:00,167.0,42,ask,DiligentDonuts,CostlyCorianders,8860199
2026-07-05T23:07:39.755706,2026-07-05T23:07:39.769012+00:00,167.3,43,bid,CostlyCorianders,DiligentDonuts,8860211
2026-07-05T23:07:40.756682,2026-07-05T23:07:40.768676+00:00,167.3,50,bid,FlawlessFlatbreads,DiligentDonuts,8860226
2026-07-05T23:07:41.914892,2026-07-05T23:07:41.926795+00:00,166.9,47,ask,EarnestEspressos,CostlyCorianders,8860235
2026-07-05T23:07:42.864235,2026-07-05T23:07:42.873807+00:00,167.4,50,bid,FlawlessFlatbreads,EarnestEspressos,8860250
2026-07-05T23:07:44.973690,2026-07-05T23:07:44.985504+00:00,167.5,50,bid,FlawlessFlatbreads,DiligentDonuts,8860282
2026-07-05T23:07:45.759883,2026-07-05T23:07:45.769214+00:00,167.1,11,ask,DiligentDonuts,Xuanyu Liu,8860287
2026-07-05T23:07:47.131430,2026-07-05T23:07:47.138833+00:00,167.1,50,ask,DiligentDonuts,FlawlessFlatbreads,8860313
2026-07-05T23:07:47.651168,2026-07-05T23:07:47.652856+00:00,167.1,39,ask,DiligentDonuts,CostlyCorianders,8860317
2026-07-05T23:07:47.651168,2026-07-05T23:07:47.652856+00:00,167.0,10,ask,EarnestEspressos,CostlyCorianders,8860318
2026-07-05T23:07:50.008879,2026-07-05T23:07:50.018090+00:00,167.5,40,bid,CostlyCorianders,DiligentDonuts,8860350
2026-07-05T23:07:50.475872,2026-07-05T23:07:50.487851+00:00,167.5,45,bid,CostlyCorianders,DiligentDonuts,8860353
2026-07-05T23:07:51.294276,2026-07-05T23:07:51.305735+00:00,167.5,15,bid,FlawlessFlatbreads,DiligentDonuts,8860365
2026-07-05T23:07:51.895210,2026-07-05T23:07:51.906909+00:00,167.1,44,ask,EarnestEspressos,CostlyCorianders,8860373
2026-07-05T23:07:53.061980,2026-07-05T23:07:53.068770+00:00,167.3,44,ask,DiligentDonuts,CostlyCorianders,8860385
2026-07-05T23:07:53.398812,2026-07-05T23:07:53.409612+00:00,167.6,50,bid,FlawlessFlatbreads,EarnestEspressos,8860397
2026-07-05T23:07:54.387964,2026-07-05T23:07:54.396861+00:00,167.3,5,ask,DiligentDonuts,Xuanyu Liu,8860411
2026-07-05T23:07:54.423642,2026-07-05T23:07:54.435086+00:00,167.8,100,bid,EarnestEspressos,DiligentDonuts,8860414
2026-07-05T23:07:54.607779,2026-07-05T23:07:54.616121+00:00,167.8,30,ask,EarnestEspressos,Xuanyu Liu,8860418
2026-07-05T23:07:55.597312,2026-07-05T23:07:55.608731+00:00,167.8,14,ask,EarnestEspressos,Xuanyu Liu,8860433
2026-07-05T23:07:55.607808,2026-07-05T23:07:55.623970+00:00,168.1,40,bid,CostlyCorianders,DiligentDonuts,8860435
2026-07-05T23:07:57.611423,2026-07-05T23:07:57.622996+00:00,168.1,50,bid,FlawlessFlatbreads,DiligentDonuts,8860466
2026-07-05T23:07:57.639341,2026-07-05T23:07:57.646941+00:00,167.6,100,ask,DiligentDonuts,EarnestEspressos,8860468
2026-07-05T23:07:57.653071,2026-07-05T23:07:57.663554+00:00,167.2,49,bid,Xuanyu Liu,EarnestEspressos,8860469
2026-07-05T23:07:58.010467,2026-07-05T23:07:58.019543+00:00,167.2,1,bid,Xuanyu Liu,EarnestEspressos,8860472
2026-07-05T23:07:58.460466,2026-07-05T23:07:58.468901+00:00,167.6,13,ask,DiligentDonuts,Xuanyu Liu,8860474
2026-07-05T23:07:59.229684,2026-07-05T23:07:59.238011+00:00,167.6,11,ask,DiligentDonuts,Xuanyu Liu,8860484
2026-07-05T23:07:59.377397,2026-07-05T23:07:59.386792+00:00,167.6,42,ask,DiligentDonuts,CostlyCorianders,8860486
2026-07-05T23:08:01.370924,2026-07-05T23:08:01.382938+00:00,167.6,34,ask,DiligentDonuts,CostlyCorianders,8860505
2026-07-05T23:08:01.829615,2026-07-05T23:08:01.839589+00:00,167.7,50,bid,FlawlessFlatbreads,DiligentDonuts,8860513
2026-07-05T23:08:02.352184,2026-07-05T23:08:02.363714+00:00,167.7,44,bid,CostlyCorianders,DiligentDonuts,8860521
2026-07-05T23:08:03.959752,2026-07-05T23:08:03.969128+00:00,167.7,6,bid,FlawlessFlatbreads,DiligentDonuts,8860540
2026-07-05T23:08:06.094869,2026-07-05T23:08:06.103440+00:00,167.9,42,bid,CostlyCorianders,EarnestEspressos,8860559
2026-07-05T23:08:06.117806,2026-07-05T23:08:06.129385+00:00,167.6,50,ask,DiligentDonuts,FlawlessFlatbreads,8860560
2026-07-05T23:08:06.409221,2026-07-05T23:08:06.417352+00:00,167.6,12,ask,DiligentDonuts,Xuanyu Liu,8860565
2026-07-05T23:08:06.559714,2026-07-05T23:08:06.571685+00:00,167.6,38,ask,DiligentDonuts,CostlyCorianders,8860571
2026-07-05T23:08:06.559714,2026-07-05T23:08:06.571685+00:00,167.4,6,ask,EarnestEspressos,CostlyCorianders,8860572
2026-07-05T23:08:07.209418,2026-07-05T23:08:07.221283+00:00,167.7,40,bid,CostlyCorianders,EarnestEspressos,8860575
2026-07-05T23:08:08.200928,2026-07-05T23:08:08.211457+00:00,167.7,50,bid,FlawlessFlatbreads,EarnestEspressos,8860592
2026-07-05T23:08:10.308962,2026-07-05T23:08:10.318191+00:00,167.7,50,bid,FlawlessFlatbreads,DiligentDonuts,8860623
2026-07-05T23:08:11.831513,2026-07-05T23:08:11.868734+00:00,167.6,41,ask,EarnestEspressos,CostlyCorianders,8860639
2026-07-05T23:08:12.429178,2026-07-05T23:08:12.438146+00:00,167.8,50,bid,FlawlessFlatbreads,DiligentDonuts,8860646
2026-07-05T23:08:12.944607,2026-07-05T23:08:12.958607+00:00,167.8,49,bid,CostlyCorianders,DiligentDonuts,8860653
2026-07-05T23:08:14.170906,2026-07-05T23:08:14.181708+00:00,167.5,42,ask,EarnestEspressos,CostlyCorianders,8860662
2026-07-05T23:08:14.291509,2026-07-05T23:08:14.299883+00:00,167.7,11,ask,DiligentDonuts,Xuanyu Liu,8860668
2026-07-05T23:08:16.698990,2026-07-05T23:08:16.710630+00:00,167.8,41,bid,CostlyCorianders,EarnestEspressos,8860693
2026-07-05T23:08:16.716392,2026-07-05T23:08:16.727971+00:00,167.7,50,ask,DiligentDonuts,FlawlessFlatbreads,8860694
2026-07-05T23:08:17.326973,2026-07-05T23:08:17.336420+00:00,167.3,41,ask,EarnestEspressos,CostlyCorianders,8860703
2026-07-05T23:08:17.781962,2026-07-05T23:08:17.788463+00:00,167.5,45,ask,DiligentDonuts,CostlyCorianders,8860709
2026-07-05T23:08:18.361692,2026-07-05T23:08:18.373620+00:00,167.8,49,bid,CostlyCorianders,EarnestEspressos,8860717
2026-07-05T23:08:18.852939,2026-07-05T23:08:18.860080+00:00,167.8,44,bid,CostlyCorianders,EarnestEspressos,8860728
2026-07-05T23:08:18.907295,2026-07-05T23:08:18.914954+00:00,167.5,40,ask,DiligentDonuts,CostlyCorianders,8860730
2026-07-05T23:08:19.494219,2026-07-05T23:08:19.506392+00:00,167.5,15,ask,DiligentDonuts,CostlyCorianders,8860738
2026-07-05T23:08:19.494219,2026-07-05T23:08:19.506392+00:00,167.3,25,ask,EarnestEspressos,CostlyCorianders,8860739
2026-07-05T23:08:20.136074,2026-07-05T23:08:20.145315+00:00,168.0,43,bid,CostlyCorianders,DiligentDonuts,8860755
2026-07-05T23:08:20.718140,2026-07-05T23:08:20.729850+00:00,167.6,45,ask,EarnestEspressos,CostlyCorianders,8860757
2026-07-05T23:08:20.929936,2026-07-05T23:08:20.940942+00:00,167.6,50,ask,EarnestEspressos,FlawlessFlatbreads,8860761
2026-07-05T23:08:21.261767,2026-07-05T23:08:21.270053+00:00,167.7,42,bid,CostlyCorianders,DiligentDonuts,8860767
2026-07-05T23:08:21.872997,2026-07-05T23:08:21.884660+00:00,167.7,41,bid,CostlyCorianders,DiligentDonuts,8860775
2026-07-05T23:08:21.927602,2026-07-05T23:08:21.937724+00:00,167.6,45,ask,EarnestEspressos,CostlyCorianders,8860778
2026-07-05T23:08:25.085901,2026-07-05T23:08:25.093993+00:00,167.7,50,bid,FlawlessFlatbreads,EarnestEspressos,8860825
2026-07-05T23:08:25.311815,2026-07-05T23:08:25.323461+00:00,167.7,41,bid,CostlyCorianders,EarnestEspressos,8860828
2026-07-05T23:08:27.245004,2026-07-05T23:08:27.256660+00:00,167.7,50,ask,DiligentDonuts,FlawlessFlatbreads,8860846
2026-07-05T23:08:29.300632,2026-07-05T23:08:29.312511+00:00,168.1,50,bid,FlawlessFlatbreads,EarnestEspressos,8860871
2026-07-05T23:08:30.912971,2026-07-05T23:08:30.924888+00:00,167.6,47,ask,EarnestEspressos,CostlyCorianders,8860885
2026-07-05T23:08:33.108558,2026-07-05T23:08:33.120090+00:00,167.7,45,ask,EarnestEspressos,CostlyCorianders,8860918
2026-07-05T23:08:33.586184,2026-07-05T23:08:33.597587+00:00,167.7,50,ask,EarnestEspressos,FlawlessFlatbreads,8860922
2026-07-05T23:08:34.560605,2026-07-05T23:08:34.572612+00:00,168.0,49,bid,CostlyCorianders,DiligentDonuts,8860935
2026-07-05T23:08:35.156279,2026-07-05T23:08:35.168176+00:00,168.0,46,bid,CostlyCorianders,DiligentDonuts,8860936
2026-07-05T23:08:35.211157,2026-07-05T23:08:35.222689+00:00,167.7,41,ask,EarnestEspressos,CostlyCorianders,8860937
2026-07-05T23:08:35.603417,2026-07-05T23:08:35.611942+00:00,167.5,100,ask,DiligentDonuts,EarnestEspressos,8860947
2026-07-05T23:08:35.613245,2026-07-05T23:08:35.622673+00:00,167.3,34,bid,Xuanyu Liu,EarnestEspressos,8860948
2026-07-05T23:08:36.364004,2026-07-05T23:08:36.375643+00:00,167.3,16,bid,DiligentDonuts,EarnestEspressos,8860957
2026-07-05T23:08:37.208248,2026-07-05T23:08:37.219956+00:00,167.8,42,bid,CostlyCorianders,DiligentDonuts,8860974
2026-07-05T23:08:38.726512,2026-07-05T23:08:38.735566+00:00,167.6,11,ask,EarnestEspressos,Xuanyu Liu,8860990
2026-07-05T23:08:39.103267,2026-07-05T23:08:39.111234+00:00,167.6,12,ask,EarnestEspressos,Xuanyu Liu,8860996
2026-07-05T23:08:39.425068,2026-07-05T23:08:39.436558+00:00,167.6,45,ask,EarnestEspressos,CostlyCorianders,8861002
2026-07-05T23:08:40.462414,2026-07-05T23:08:40.471333+00:00,167.9,49,bid,CostlyCorianders,DiligentDonuts,8861009
2026-07-05T23:08:41.874386,2026-07-05T23:08:41.886221+00:00,167.4,49,ask,DiligentDonuts,CostlyCorianders,8861030
2026-07-05T23:08:41.955582,2026-07-05T23:08:41.956916+00:00,167.6,50,bid,FlawlessFlatbreads,EarnestEspressos,8861032
2026-07-05T23:08:42.850455,2026-07-05T23:08:42.858593+00:00,167.3,49,ask,DiligentDonuts,CostlyCorianders,8861046
2026-07-05T23:08:44.062792,2026-07-05T23:08:44.074567+00:00,167.6,50,bid,FlawlessFlatbreads,EarnestEspressos,8861059
2026-07-05T23:08:46.170625,2026-07-05T23:08:46.182248+00:00,167.5,50,bid,FlawlessFlatbreads,DiligentDonuts,8861088
2026-07-05T23:08:48.329996,2026-07-05T23:08:48.341889+00:00,167.2,50,ask,EarnestEspressos,FlawlessFlatbreads,8861120
2026-07-05T23:08:48.507300,2026-07-05T23:08:48.519057+00:00,167.5,41,bid,CostlyCorianders,DiligentDonuts,8861124
2026-07-05T23:08:50.440430,2026-07-05T23:08:50.448286+00:00,167.5,50,ask,DiligentDonuts,FlawlessFlatbreads,8861148
2026-07-05T23:08:51.029865,2026-07-05T23:08:51.033989+00:00,167.5,11,ask,DiligentDonuts,Xuanyu Liu,8861158
2026-07-05T23:08:52.550025,2026-07-05T23:08:52.556518+00:00,167.1,50,ask,EarnestEspressos,FlawlessFlatbreads,8861182
2026-07-05T23:08:54.660881,2026-07-05T23:08:54.672698+00:00,167.1,50,ask,DiligentDonuts,FlawlessFlatbreads,8861215
2026-07-05T23:08:56.063986,2026-07-05T23:08:56.075685+00:00,167.5,49,bid,CostlyCorianders,DiligentDonuts,8861236
2026-07-05T23:08:56.773795,2026-07-05T23:08:56.785901+00:00,167.1,50,ask,EarnestEspressos,FlawlessFlatbreads,8861246
2026-07-05T23:08:57.768720,2026-07-05T23:08:57.780474+00:00,167.0,100,ask,DiligentDonuts,EarnestEspressos,8861260
2026-07-05T23:08:57.781758,2026-07-05T23:08:57.791034+00:00,167.0,11,bid,Xuanyu Liu,EarnestEspressos,8861261
2026-07-05T23:08:58.884063,2026-07-05T23:08:58.891235+00:00,166.7,50,ask,DiligentDonuts,FlawlessFlatbreads,8861279
2026-07-05T23:08:58.897853,2026-07-05T23:08:58.906121+00:00,167.0,12,bid,Xuanyu Liu,EarnestEspressos,8861280
2026-07-05T23:08:59.305180,2026-07-05T23:08:59.317226+00:00,167.0,27,bid,CostlyCorianders,EarnestEspressos,8861287
2026-07-05T23:08:59.305180,2026-07-05T23:08:59.317226+00:00,167.2,18,bid,CostlyCorianders,DiligentDonuts,8861288
2026-07-05T23:09:00.989355,2026-07-05T23:09:00.992195+00:00,167.1,50,ask,EarnestEspressos,FlawlessFlatbreads,8861304
2026-07-05T23:09:01.750012,2026-07-05T23:09:01.756428+00:00,167.1,100,ask,EarnestEspressos,DiligentDonuts,8861314
2026-07-05T23:09:01.845233,2026-07-05T23:09:01.856473+00:00,166.6,49,ask,DiligentDonuts,CostlyCorianders,8861315
2026-07-05T23:09:03.098118,2026-07-05T23:09:03.109555+00:00,166.6,50,ask,DiligentDonuts,FlawlessFlatbreads,8861329
2026-07-05T23:09:03.848544,2026-07-05T23:09:03.854998+00:00,167.6,40,bid,CostlyCorianders,EarnestEspressos,8861336
2026-07-05T23:09:05.204541,2026-07-05T23:09:05.216435+00:00,166.8,50,ask,EarnestEspressos,FlawlessFlatbreads,8861351
2026-07-05T23:09:06.916635,2026-07-05T23:09:06.927025+00:00,167.2,47,bid,CostlyCorianders,DiligentDonuts,8861369
2026-07-05T23:09:07.310237,2026-07-05T23:09:07.321772+00:00,166.7,50,ask,DiligentDonuts,FlawlessFlatbreads,8861374
2026-07-05T23:09:07.542941,2026-07-05T23:09:07.549260+00:00,166.7,47,ask,DiligentDonuts,CostlyCorianders,8861376
2026-07-05T23:09:08.070049,2026-07-05T23:09:08.080424+00:00,167.0,11,bid,Xuanyu Liu,EarnestEspressos,8861378
2026-07-05T23:09:09.424566,2026-07-05T23:09:09.436152+00:00,166.5,50,ask,EarnestEspressos,FlawlessFlatbreads,8861394
2026-07-05T23:09:10.429975,2026-07-05T23:09:10.442031+00:00,166.9,12,bid,Xuanyu Liu,EarnestEspressos,8861404
2026-07-05T23:09:10.617158,2026-07-05T23:09:10.629132+00:00,166.9,44,bid,CostlyCorianders,EarnestEspressos,8861409
2026-07-05T23:09:11.479154,2026-07-05T23:09:11.490720+00:00,166.9,50,bid,FlawlessFlatbreads,EarnestEspressos,8861419
2026-07-05T23:09:12.127943,2026-07-05T23:09:12.139528+00:00,166.6,49,ask,DiligentDonuts,CostlyCorianders,8861425
2026-07-05T23:09:13.013184,2026-07-05T23:09:13.023491+00:00,166.9,44,bid,CostlyCorianders,EarnestEspressos,8861435
2026-07-05T23:09:13.013184,2026-07-05T23:09:13.023491+00:00,167.1,3,bid,CostlyCorianders,DiligentDonuts,8861436
2026-07-05T23:09:13.585723,2026-07-05T23:09:13.595980+00:00,167.1,50,bid,FlawlessFlatbreads,DiligentDonuts,8861448
2026-07-05T23:09:15.697872,2026-07-05T23:09:15.709824+00:00,167.1,50,bid,FlawlessFlatbreads,DiligentDonuts,8861464
2026-07-05T23:09:16.638310,2026-07-05T23:09:16.651051+00:00,166.6,47,ask,DiligentDonuts,CostlyCorianders,8861475
2026-07-05T23:09:17.822165,2026-07-05T23:09:17.831432+00:00,167.1,50,bid,FlawlessFlatbreads,DiligentDonuts,8861498
2026-07-05T23:09:18.219075,2026-07-05T23:09:18.230609+00:00,166.9,48,ask,EarnestEspressos,CostlyCorianders,8861506
2026-07-05T23:09:19.852563,2026-07-05T23:09:19.868718+00:00,167.1,50,bid,EarnestEspressos,DiligentDonuts,8861522
2026-07-05T23:09:19.981857,2026-07-05T23:09:19.993985+00:00,167.1,50,ask,EarnestEspressos,FlawlessFlatbreads,8861528
2026-07-05T23:09:20.182302,2026-07-05T23:09:20.189809+00:00,167.6,48,bid,CostlyCorianders,EarnestEspressos,8861533
2026-07-05T23:09:23.230052,2026-07-05T23:09:23.241696+00:00,167.3,45,bid,CostlyCorianders,EarnestEspressos,8861582
2026-07-05T23:09:24.191407,2026-07-05T23:09:24.202875+00:00,167.0,50,ask,DiligentDonuts,FlawlessFlatbreads,8861597
2026-07-05T23:09:28.800560,2026-07-05T23:09:28.809337+00:00,166.9,45,ask,EarnestEspressos,CostlyCorianders,8861668
2026-07-05T23:09:29.316400,2026-07-05T23:09:29.328113+00:00,166.9,49,ask,DiligentDonuts,CostlyCorianders,8861676
2026-07-05T23:09:30.531652,2026-07-05T23:09:30.543561+00:00,166.8,50,ask,EarnestEspressos,FlawlessFlatbreads,8861693
2026-07-05T23:09:32.640656,2026-07-05T23:09:32.652292+00:00,166.8,50,ask,DiligentDonuts,FlawlessFlatbreads,8861713
2026-07-05T23:09:34.697905,2026-07-05T23:09:34.709799+00:00,167.2,50,bid,FlawlessFlatbreads,EarnestEspressos,8861743
2026-07-05T23:09:36.458644,2026-07-05T23:09:36.470429+00:00,167.3,41,bid,CostlyCorianders,EarnestEspressos,8861761
2026-07-05T23:09:36.819408,2026-07-05T23:09:36.831103+00:00,167.1,50,bid,FlawlessFlatbreads,DiligentDonuts,8861764
2026-07-05T23:09:38.928915,2026-07-05T23:09:38.936894+00:00,167.1,50,bid,FlawlessFlatbreads,DiligentDonuts,8861788
2026-07-05T23:09:39.213047,2026-07-05T23:09:39.224718+00:00,167.0,47,ask,EarnestEspressos,CostlyCorianders,8861797
2026-07-05T23:09:40.729345,2026-07-05T23:09:40.735896+00:00,167.5,40,bid,CostlyCorianders,EarnestEspressos,8861810
2026-07-05T23:09:42.015306,2026-07-05T23:09:42.023656+00:00,167.6,43,bid,CostlyCorianders,DiligentDonuts,8861830
2026-07-05T23:09:43.164093,2026-07-05T23:09:43.170701+00:00,167.1,40,ask,DiligentDonuts,CostlyCorianders,8861848
2026-07-05T23:09:43.169249,2026-07-05T23:09:43.181135+00:00,167.5,50,bid,FlawlessFlatbreads,EarnestEspressos,8861849
2026-07-05T23:09:45.288825,2026-07-05T23:09:45.300384+00:00,167.6,50,bid,FlawlessFlatbreads,DiligentDonuts,8861892
2026-07-05T23:09:45.684728,2026-07-05T23:09:45.696278+00:00,167.6,46,bid,CostlyCorianders,DiligentDonuts,8861895
2026-07-05T23:09:47.468661,2026-07-05T23:09:47.479924+00:00,167.2,50,ask,DiligentDonuts,FlawlessFlatbreads,8861922
2026-07-05T23:09:47.828105,2026-07-05T23:09:47.839887+00:00,167.2,43,ask,DiligentDonuts,CostlyCorianders,8861924
2026-07-05T23:09:49.389472,2026-07-05T23:09:49.396514+00:00,167.1,49,ask,EarnestEspressos,CostlyCorianders,8861947
2026-07-05T23:09:49.575317,2026-07-05T23:09:49.587235+00:00,167.1,50,ask,EarnestEspressos,FlawlessFlatbreads,8861950
2026-07-05T23:09:51.632029,2026-07-05T23:09:51.643685+00:00,167.3,50,bid,FlawlessFlatbreads,EarnestEspressos,8861971
2026-07-05T23:09:52.425123,2026-07-05T23:09:52.437263+00:00,167.3,40,bid,CostlyCorianders,EarnestEspressos,8861980
2026-07-05T23:09:52.997446,2026-07-05T23:09:53.008910+00:00,167.3,40,bid,CostlyCorianders,EarnestEspressos,8861994
2026-07-05T23:09:53.739146,2026-07-05T23:09:53.745825+00:00,167.3,20,bid,FlawlessFlatbreads,EarnestEspressos,8862000
2026-07-05T23:09:53.739146,2026-07-05T23:09:53.751044+00:00,167.4,30,bid,FlawlessFlatbreads,DiligentDonuts,8862001
2026-07-05T23:09:54.413570,2026-07-05T23:09:54.425528+00:00,167.4,44,bid,CostlyCorianders,DiligentDonuts,8862013
2026-07-05T23:09:54.622701,2026-07-05T23:09:54.634558+00:00,167.4,26,bid,EarnestEspressos,DiligentDonuts,8862015
2026-07-05T23:09:55.524328,2026-07-05T23:09:55.533215+00:00,167.5,40,ask,DiligentDonuts,CostlyCorianders,8862031
2026-07-05T23:09:55.853854,2026-07-05T23:09:55.856989+00:00,167.9,50,bid,FlawlessFlatbreads,EarnestEspressos,8862035
2026-07-05T23:09:57.798956,2026-07-05T23:09:57.807638+00:00,167.7,23,ask,EarnestEspressos,Xuanyu Liu,8862056
2026-07-05T23:09:58.015242,2026-07-05T23:09:58.025454+00:00,167.7,50,ask,EarnestEspressos,FlawlessFlatbreads,8862065
2026-07-05T23:09:59.222076,2026-07-05T23:09:59.232269+00:00,167.7,23,ask,EarnestEspressos,Xuanyu Liu,8862085
2026-07-05T23:10:00.070467,2026-07-05T23:10:00.080046+00:00,167.9,50,bid,FlawlessFlatbreads,DiligentDonuts,8862096
2026-07-05T23:10:02.751355,2026-07-05T23:10:02.760181+00:00,167.6,11,bid,Xuanyu Liu,EarnestEspressos,8862137
2026-07-05T23:10:03.751211,2026-07-05T23:10:03.758582+00:00,167.3,48,ask,DiligentDonuts,CostlyCorianders,8862153
2026-07-05T23:10:04.280292,2026-07-05T23:10:04.291621+00:00,167.6,50,bid,FlawlessFlatbreads,EarnestEspressos,8862162
2026-07-05T23:10:06.386780,2026-07-05T23:10:06.393399+00:00,167.6,50,bid,FlawlessFlatbreads,EarnestEspressos,8862191
2026-07-05T23:10:07.687659,2026-07-05T23:10:07.699145+00:00,167.7,40,bid,CostlyCorianders,DiligentDonuts,8862208
2026-07-05T23:10:07.741256,2026-07-05T23:10:07.752831+00:00,167.5,48,ask,EarnestEspressos,CostlyCorianders,8862209
2026-07-05T23:10:08.394239,2026-07-05T23:10:08.402196+00:00,167.5,11,ask,EarnestEspressos,Xuanyu Liu,8862217
2026-07-05T23:10:08.495492,2026-07-05T23:10:08.506415+00:00,167.8,50,bid,FlawlessFlatbreads,DiligentDonuts,8862224
2026-07-05T23:10:10.601316,2026-07-05T23:10:10.612908+00:00,167.8,50,bid,FlawlessFlatbreads,DiligentDonuts,8862255
2026-07-05T23:10:12.943946,2026-07-05T23:10:12.958599+00:00,167.5,49,ask,DiligentDonuts,CostlyCorianders,8862283
2026-07-05T23:10:14.017067,2026-07-05T23:10:14.028683+00:00,167.5,45,ask,DiligentDonuts,CostlyCorianders,8862293
2026-07-05T23:10:14.865249,2026-07-05T23:10:14.872954+00:00,167.2,50,ask,EarnestEspressos,FlawlessFlatbreads,8862300
2026-07-05T23:10:16.687116,2026-07-05T23:10:16.698731+00:00,167.6,46,bid,CostlyCorianders,DiligentDonuts,8862325
2026-07-05T23:10:16.970939,2026-07-05T23:10:16.982541+00:00,167.1,50,ask,DiligentDonuts,FlawlessFlatbreads,8862326
2026-07-05T23:10:19.079213,2026-07-05T23:10:19.085667+00:00,167.2,50,ask,DiligentDonuts,FlawlessFlatbreads,8862357
2026-07-05T23:10:21.185349,2026-07-05T23:10:21.191972+00:00,167.0,50,ask,DiligentDonuts,FlawlessFlatbreads,8862375
2026-07-05T23:10:21.643357,2026-07-05T23:10:21.655179+00:00,167.4,43,bid,CostlyCorianders,EarnestEspressos,8862380
2026-07-05T23:10:25.005557,2026-07-05T23:10:25.018629+00:00,167.3,11,bid,Xuanyu Liu,DiligentDonuts,8862423
2026-07-05T23:10:25.268783,2026-07-05T23:10:25.276031+00:00,167.1,49,ask,EarnestEspressos,CostlyCorianders,8862428
2026-07-05T23:10:25.397308,2026-07-05T23:10:25.409090+00:00,167.1,50,ask,EarnestEspressos,FlawlessFlatbreads,8862430
2026-07-05T23:10:26.334473,2026-07-05T23:10:26.345038+00:00,167.0,35,bid,Xuanyu Liu,EarnestEspressos,8862448
2026-07-05T23:10:26.759552,2026-07-05T23:10:26.767855+00:00,167.0,11,bid,Xuanyu Liu,EarnestEspressos,8862452
2026-07-05T23:10:27.137844,2026-07-05T23:10:27.148500+00:00,167.0,100,bid,DiligentDonuts,EarnestEspressos,8862460
2026-07-05T23:10:27.505407,2026-07-05T23:10:27.514232+00:00,166.5,50,ask,EarnestEspressos,FlawlessFlatbreads,8862463
2026-07-05T23:10:29.441890,2026-07-05T23:10:29.451348+00:00,167.1,11,ask,EarnestEspressos,Xuanyu Liu,8862483
2026-07-05T23:10:29.612477,2026-07-05T23:10:29.623969+00:00,167.1,50,ask,EarnestEspressos,FlawlessFlatbreads,8862489
2026-07-05T23:10:30.182766,2026-07-05T23:10:30.194745+00:00,167.6,49,bid,CostlyCorianders,DiligentDonuts,8862494
2026-07-05T23:10:31.721244,2026-07-05T23:10:31.730631+00:00,167.1,50,ask,EarnestEspressos,FlawlessFlatbreads,8862508
2026-07-05T23:10:33.779215,2026-07-05T23:10:33.786936+00:00,167.1,50,bid,FlawlessFlatbreads,EarnestEspressos,8862522
2026-07-05T23:10:35.915689,2026-07-05T23:10:35.928488+00:00,167.2,50,bid,FlawlessFlatbreads,DiligentDonuts,8862549
2026-07-05T23:10:38.072817,2026-07-05T23:10:38.080113+00:00,166.9,50,ask,EarnestEspressos,FlawlessFlatbreads,8862580
2026-07-05T23:10:40.193943,2026-07-05T23:10:40.203040+00:00,167.0,50,ask,DiligentDonuts,FlawlessFlatbreads,8862602
2026-07-05T23:10:42.058532,2026-07-05T23:10:42.070250+00:00,167.5,43,bid,CostlyCorianders,DiligentDonuts,8862624
2026-07-05T23:10:42.301557,2026-07-05T23:10:42.308460+00:00,167.0,50,ask,DiligentDonuts,FlawlessFlatbreads,8862627
2026-07-05T23:10:42.525901,2026-07-05T23:10:42.537811+00:00,167.3,45,bid,CostlyCorianders,EarnestEspressos,8862631
2026-07-05T23:10:43.476818,2026-07-05T23:10:43.488382+00:00,166.8,40,ask,EarnestEspressos,CostlyCorianders,8862640
2026-07-05T23:10:43.891396,2026-07-05T23:10:43.900310+00:00,167.3,11,bid,Xuanyu Liu,EarnestEspressos,8862648
2026-07-05T23:10:44.418895,2026-07-05T23:10:44.430419+00:00,166.8,50,ask,EarnestEspressos,FlawlessFlatbreads,8862660
2026-07-05T23:10:46.143477,2026-07-05T23:10:46.151838+00:00,167.1,40,ask,DiligentDonuts,CostlyCorianders,8862673
2026-07-05T23:10:46.529470,2026-07-05T23:10:46.538311+00:00,167.1,50,ask,DiligentDonuts,FlawlessFlatbreads,8862680
2026-07-05T23:10:50.375374,2026-07-05T23:10:50.384197+00:00,167.3,11,bid,Xuanyu Liu,DiligentDonuts,8862720
2026-07-05T23:10:50.726977,2026-07-05T23:10:50.738568+00:00,167.3,50,bid,FlawlessFlatbreads,DiligentDonuts,8862727
2026-07-05T23:10:52.978858,2026-07-05T23:10:52.986734+00:00,167.6,48,bid,CostlyCorianders,EarnestEspressos,8862748
2026-07-05T23:10:56.193069,2026-07-05T23:10:56.205051+00:00,167.3,45,ask,EarnestEspressos,CostlyCorianders,8862788
2026-07-05T23:10:57.128048,2026-07-05T23:10:57.139723+00:00,167.3,50,ask,EarnestEspressos,FlawlessFlatbreads,8862802
2026-07-05T23:11:01.370738,2026-07-05T23:11:01.382648+00:00,167.0,50,ask,DiligentDonuts,FlawlessFlatbreads,8862835
2026-07-05T23:11:01.399413,2026-07-05T23:11:01.410913+00:00,167.3,42,bid,CostlyCorianders,EarnestEspressos,8862836
2026-07-05T23:11:03.481943,2026-07-05T23:11:03.489683+00:00,166.8,50,ask,EarnestEspressos,FlawlessFlatbreads,8862859
2026-07-05T23:11:03.816880,2026-07-05T23:11:03.828250+00:00,167.1,40,bid,CostlyCorianders,DiligentDonuts,8862868
2026-07-05T23:11:03.870723,2026-07-05T23:11:03.881220+00:00,166.8,47,ask,EarnestEspressos,CostlyCorianders,8862869
2026-07-05T23:11:04.353702,2026-07-05T23:11:04.364901+00:00,166.9,47,bid,CostlyCorianders,EarnestEspressos,8862874
2026-07-05T23:11:04.787373,2026-07-05T23:11:04.796126+00:00,166.9,12,bid,Xuanyu Liu,EarnestEspressos,8862879
2026-07-05T23:11:05.405288,2026-07-05T23:11:05.417005+00:00,166.9,41,bid,CostlyCorianders,EarnestEspressos,8862889
2026-07-05T23:11:05.621189,2026-07-05T23:11:05.633066+00:00,166.8,50,ask,DiligentDonuts,FlawlessFlatbreads,8862893
2026-07-05T23:11:07.034703,2026-07-05T23:11:07.046186+00:00,166.8,48,ask,DiligentDonuts,CostlyCorianders,8862909
2026-07-05T23:11:07.677800,2026-07-05T23:11:07.689704+00:00,167.3,50,bid,FlawlessFlatbreads,DiligentDonuts,8862917
2026-07-05T23:11:08.224607,2026-07-05T23:11:08.236485+00:00,166.8,45,ask,EarnestEspressos,CostlyCorianders,8862926
2026-07-05T23:11:09.348897,2026-07-05T23:11:09.363611+00:00,167.2,46,bid,CostlyCorianders,DiligentDonuts,8862941
2026-07-05T23:11:13.049948,2026-07-05T23:11:13.052434+00:00,166.9,45,ask,DiligentDonuts,CostlyCorianders,8862988
2026-07-05T23:11:14.043062,2026-07-05T23:11:14.054948+00:00,166.9,50,ask,DiligentDonuts,FlawlessFlatbreads,8863000
2026-07-05T23:11:14.571035,2026-07-05T23:11:14.579145+00:00,167.2,45,bid,CostlyCorianders,EarnestEspressos,8863009
2026-07-05T23:11:15.140502,2026-07-05T23:11:15.158588+00:00,166.7,47,ask,EarnestEspressos,CostlyCorianders,8863013
2026-07-05T23:11:16.152418,2026-07-05T23:11:16.158571+00:00,166.7,50,ask,EarnestEspressos,FlawlessFlatbreads,8863024
2026-07-05T23:11:20.340163,2026-07-05T23:11:20.351919+00:00,167.1,50,bid,FlawlessFlatbreads,DiligentDonuts,8863080
2026-07-05T23:11:21.263185,2026-07-05T23:11:21.274993+00:00,167.1,44,bid,CostlyCorianders,EarnestEspressos,8863088
2026-07-05T23:11:22.447855,2026-07-05T23:11:22.463634+00:00,167.1,50,bid,FlawlessFlatbreads,EarnestEspressos,8863095
2026-07-05T23:11:23.369108,2026-07-05T23:11:23.380875+00:00,167.1,47,bid,CostlyCorianders,DiligentDonuts,8863111
2026-07-05T23:11:26.718861,2026-07-05T23:11:26.726892+00:00,167.0,50,ask,EarnestEspressos,FlawlessFlatbreads,8863154
2026-07-05T23:11:28.825826,2026-07-05T23:11:28.837428+00:00,167.0,50,ask,EarnestEspressos,FlawlessFlatbreads,8863181
2026-07-05T23:11:30.935556,2026-07-05T23:11:30.947620+00:00,167.0,50,ask,DiligentDonuts,FlawlessFlatbreads,8863211
2026-07-05T23:11:31.437347,2026-07-05T23:11:31.446791+00:00,167.0,45,ask,DiligentDonuts,CostlyCorianders,8863215
2026-07-05T23:11:32.075487,2026-07-05T23:11:32.087141+00:00,167.1,46,bid,CostlyCorianders,EarnestEspressos,8863220
2026-07-05T23:11:32.129260,2026-07-05T23:11:32.140847+00:00,167.0,5,ask,DiligentDonuts,CostlyCorianders,8863221
2026-07-05T23:11:32.129260,2026-07-05T23:11:32.140847+00:00,166.6,35,ask,EarnestEspressos,CostlyCorianders,8863222
2026-07-05T23:11:32.992899,2026-07-05T23:11:33.004470+00:00,167.1,50,bid,FlawlessFlatbreads,EarnestEspressos,8863238
2026-07-05T23:11:33.196986,2026-07-05T23:11:33.208645+00:00,167.1,47,bid,CostlyCorianders,EarnestEspressos,8863240
2026-07-05T23:11:35.098158,2026-07-05T23:11:35.107695+00:00,167.1,50,bid,FlawlessFlatbreads,EarnestEspressos,8863264
2026-07-05T23:11:35.904715,2026-07-05T23:11:35.916210+00:00,167.1,100,bid,EarnestEspressos,DiligentDonuts,8863273
2026-07-05T23:11:37.211324,2026-07-05T23:11:37.218164+00:00,167.4,50,bid,FlawlessFlatbreads,DiligentDonuts,8863286
2026-07-05T23:11:38.887851,2026-07-05T23:11:38.895109+00:00,167.2,49,ask,EarnestEspressos,CostlyCorianders,8863305
2026-07-05T23:11:39.323029,2026-07-05T23:11:39.334695+00:00,167.1,50,bid,FlawlessFlatbreads,EarnestEspressos,8863309
2026-07-05T23:11:39.468610,2026-07-05T23:11:39.479455+00:00,166.9,44,ask,DiligentDonuts,CostlyCorianders,8863312
2026-07-05T23:11:40.100495,2026-07-05T23:11:40.109208+00:00,167.1,47,bid,CostlyCorianders,EarnestEspressos,8863321
2026-07-05T23:11:40.154619,2026-07-05T23:11:40.158595+00:00,166.9,40,ask,DiligentDonuts,CostlyCorianders,8863322
2026-07-05T23:11:40.792414,2026-07-05T23:11:40.803931+00:00,167.1,42,bid,CostlyCorianders,EarnestEspressos,8863332
2026-07-05T23:11:41.430161,2026-07-05T23:11:41.441638+00:00,167.1,11,bid,FlawlessFlatbreads,EarnestEspressos,8863337
2026-07-05T23:11:41.430161,2026-07-05T23:11:41.441638+00:00,167.4,39,bid,FlawlessFlatbreads,DiligentDonuts,8863338
2026-07-05T23:11:42.234586,2026-07-05T23:11:42.245975+00:00,167.3,12,ask,EarnestEspressos,Xuanyu Liu,8863348
2026-07-05T23:11:43.590337,2026-07-05T23:11:43.596857+00:00,167.3,50,ask,EarnestEspressos,FlawlessFlatbreads,8863367
2026-07-05T23:11:45.696868,2026-07-05T23:11:45.708498+00:00,167.2,50,ask,EarnestEspressos,FlawlessFlatbreads,8863399
2026-07-05T23:11:47.802158,2026-07-05T23:11:47.809766+00:00,167.2,50,ask,EarnestEspressos,FlawlessFlatbreads,8863418
2026-07-05T23:11:49.858181,2026-07-05T23:11:49.869956+00:00,167.3,50,bid,FlawlessFlatbreads,EarnestEspressos,8863440
2026-07-05T23:11:50.779484,2026-07-05T23:11:50.789730+00:00,167.3,46,bid,CostlyCorianders,EarnestEspressos,8863447
2026-07-05T23:11:51.965514,2026-07-05T23:11:51.977028+00:00,167.5,50,bid,FlawlessFlatbreads,DiligentDonuts,8863458
2026-07-05T23:11:52.984420,2026-07-05T23:11:52.996101+00:00,167.2,49,ask,EarnestEspressos,CostlyCorianders,8863467
2026-07-05T23:11:54.078335,2026-07-05T23:11:54.089782+00:00,167.7,50,bid,FlawlessFlatbreads,EarnestEspressos,8863487
2026-07-05T23:11:56.468647,2026-07-05T23:11:56.479472+00:00,167.2,44,ask,DiligentDonuts,CostlyCorianders,8863513
2026-07-05T23:11:58.287203,2026-07-05T23:11:58.299040+00:00,167.7,50,bid,FlawlessFlatbreads,DiligentDonuts,8863530
2026-07-05T23:11:58.450950,2026-07-05T23:11:58.464005+00:00,167.7,47,bid,CostlyCorianders,DiligentDonuts,8863532
2026-07-05T23:11:59.421603,2026-07-05T23:11:59.433290+00:00,167.5,48,ask,DiligentDonuts,CostlyCorianders,8863543
2026-07-05T23:12:00.447202,2026-07-05T23:12:00.459181+00:00,167.5,50,ask,DiligentDonuts,FlawlessFlatbreads,8863558
2026-07-05T23:12:00.558753,2026-07-05T23:12:00.570916+00:00,167.5,2,ask,DiligentDonuts,CostlyCorianders,8863559
2026-07-05T23:12:00.558753,2026-07-05T23:12:00.570916+00:00,167.2,39,ask,EarnestEspressos,CostlyCorianders,8863560
2026-07-05T23:12:02.233982,2026-07-05T23:12:02.244115+00:00,167.6,49,bid,CostlyCorianders,EarnestEspressos,8863580
2026-07-05T23:12:02.560780,2026-07-05T23:12:02.572580+00:00,167.5,50,ask,DiligentDonuts,FlawlessFlatbreads,8863587
2026-07-05T23:12:02.792093,2026-07-05T23:12:02.803670+00:00,167.6,46,bid,CostlyCorianders,EarnestEspressos,8863589
2026-07-05T23:12:04.617678,2026-07-05T23:12:04.629443+00:00,168.0,50,bid,FlawlessFlatbreads,DiligentDonuts,8863606
2026-07-05T23:12:06.447190,2026-07-05T23:12:06.463586+00:00,167.6,11,ask,EarnestEspressos,Xuanyu Liu,8863626
2026-07-05T23:12:06.784507,2026-07-05T23:12:06.795975+00:00,167.6,50,ask,EarnestEspressos,FlawlessFlatbreads,8863636
2026-07-05T23:12:10.297899,2026-07-05T23:12:10.309614+00:00,167.3,46,ask,DiligentDonuts,CostlyCorianders,8863676
2026-07-05T23:12:10.965775,2026-07-05T23:12:10.979595+00:00,167.8,50,bid,FlawlessFlatbreads,DiligentDonuts,8863687
2026-07-05T23:12:11.372577,2026-07-05T23:12:11.459094+00:00,167.3,48,ask,DiligentDonuts,CostlyCorianders,8863694
2026-07-05T23:12:13.073284,2026-07-05T23:12:13.079954+00:00,167.7,50,bid,FlawlessFlatbreads,DiligentDonuts,8863715
2026-07-05T23:12:15.182029,2026-07-05T23:12:15.192458+00:00,167.9,50,bid,FlawlessFlatbreads,EarnestEspressos,8863737
2026-07-05T23:12:17.288960,2026-07-05T23:12:17.300509+00:00,167.9,50,bid,FlawlessFlatbreads,DiligentDonuts,8863768
2026-07-05T23:12:19.395811,2026-07-05T23:12:19.407461+00:00,168.1,50,bid,FlawlessFlatbreads,EarnestEspressos,8863780
2026-07-05T23:12:20.880763,2026-07-05T23:12:20.889238+00:00,167.8,11,ask,EarnestEspressos,Xuanyu Liu,8863806
2026-07-05T23:12:21.247958,2026-07-05T23:12:21.257911+00:00,167.9,48,bid,CostlyCorianders,DiligentDonuts,8863816
2026-07-05T23:12:21.505340,2026-07-05T23:12:21.517199+00:00,167.9,50,bid,FlawlessFlatbreads,DiligentDonuts,8863818
2026-07-05T23:12:23.354876,2026-07-05T23:12:23.358537+00:00,167.9,2,bid,EarnestEspressos,DiligentDonuts,8863835
2026-07-05T23:12:23.616591,2026-07-05T23:12:23.625319+00:00,168.4,50,bid,FlawlessFlatbreads,EarnestEspressos,8863840
2026-07-05T23:12:25.734329,2026-07-05T23:12:25.742132+00:00,168.3,50,bid,FlawlessFlatbreads,DiligentDonuts,8863858
2026-07-05T23:12:26.125802,2026-07-05T23:12:26.134078+00:00,167.9,12,ask,EarnestEspressos,Xuanyu Liu,8863861
2026-07-05T23:12:27.332564,2026-07-05T23:12:27.344350+00:00,167.7,48,ask,EarnestEspressos,CostlyCorianders,8863875
2026-07-05T23:12:27.840096,2026-07-05T23:12:27.851841+00:00,168.2,50,bid,FlawlessFlatbreads,EarnestEspressos,8863883
2026-07-05T23:12:28.474196,2026-07-05T23:12:28.486142+00:00,168.2,47,bid,CostlyCorianders,EarnestEspressos,8863886
