timestamp,recv_time,price,volume,aggressor_side,buyer,seller,trade_id
2026-07-04T13:00:01.198726,2026-07-04T13:00:01.210383+00:00,133.9,44,bid,CostlyCorianders,EarnestEspressos,7016026
2026-07-04T13:00:01.633277,2026-07-04T13:00:01.642414+00:00,133.9,50,bid,FlawlessFlatbreads,EarnestEspressos,7016030
2026-07-04T13:00:02.384780,2026-07-04T13:00:02.395244+00:00,133.9,45,bid,CostlyCorianders,EarnestEspressos,7016040
2026-07-04T13:00:03.276353,2026-07-04T13:00:03.283856+00:00,133.8,100,bid,EarnestEspressos,DiligentDonuts,7016049
2026-07-04T13:00:03.660604,2026-07-04T13:00:03.671110+00:00,133.9,48,ask,EarnestEspressos,CostlyCorianders,7016053
2026-07-04T13:00:03.795557,2026-07-04T13:00:03.807304+00:00,133.9,2,ask,EarnestEspressos,FlawlessFlatbreads,7016054
2026-07-04T13:00:03.795557,2026-07-04T13:00:03.807304+00:00,133.3,48,ask,DiligentDonuts,FlawlessFlatbreads,7016055
2026-07-04T13:00:05.905528,2026-07-04T13:00:05.917152+00:00,133.3,50,ask,DiligentDonuts,FlawlessFlatbreads,7016092
2026-07-04T13:00:06.348078,2026-07-04T13:00:06.357072+00:00,133.9,46,bid,CostlyCorianders,DiligentDonuts,7016098
2026-07-04T13:00:07.027213,2026-07-04T13:00:07.037709+00:00,133.5,49,ask,DiligentDonuts,CostlyCorianders,7016119
2026-07-04T13:00:07.960653,2026-07-04T13:00:07.981031+00:00,133.8,50,bid,FlawlessFlatbreads,EarnestEspressos,7016138
2026-07-04T13:00:08.574541,2026-07-04T13:00:08.582175+00:00,133.5,49,ask,DiligentDonuts,CostlyCorianders,7016152
2026-07-04T13:00:09.565243,2026-07-04T13:00:09.576767+00:00,133.7,40,bid,CostlyCorianders,DiligentDonuts,7016166
2026-07-04T13:00:10.124788,2026-07-04T13:00:10.133894+00:00,133.4,50,ask,EarnestEspressos,FlawlessFlatbreads,7016174
2026-07-04T13:00:10.292944,2026-07-04T13:00:10.301911+00:00,133.7,11,bid,Xuanyu Liu,DiligentDonuts,7016181
2026-07-04T13:00:11.235747,2026-07-04T13:00:11.245188+00:00,133.4,49,ask,EarnestEspressos,CostlyCorianders,7016200
2026-07-04T13:00:12.231491,2026-07-04T13:00:12.243162+00:00,133.4,50,ask,EarnestEspressos,FlawlessFlatbreads,7016221
2026-07-04T13:00:12.337995,2026-07-04T13:00:12.349487+00:00,133.9,41,bid,CostlyCorianders,EarnestEspressos,7016222
2026-07-04T13:00:12.826237,2026-07-04T13:00:12.835761+00:00,133.6,11,bid,Xuanyu Liu,EarnestEspressos,7016228
2026-07-04T13:00:14.347077,2026-07-04T13:00:14.351477+00:00,133.4,50,ask,DiligentDonuts,FlawlessFlatbreads,7016262
2026-07-04T13:00:14.465059,2026-07-04T13:00:14.481178+00:00,133.6,12,bid,Xuanyu Liu,EarnestEspressos,7016266
2026-07-04T13:00:16.455780,2026-07-04T13:00:16.463604+00:00,133.3,50,ask,DiligentDonuts,FlawlessFlatbreads,7016292
2026-07-04T13:00:16.489813,2026-07-04T13:00:16.501752+00:00,133.8,46,bid,CostlyCorianders,DiligentDonuts,7016293
2026-07-04T13:00:19.985410,2026-07-04T13:00:19.995339+00:00,133.6,48,bid,CostlyCorianders,DiligentDonuts,7016337
2026-07-04T13:00:22.741405,2026-07-04T13:00:22.752877+00:00,133.5,50,bid,FlawlessFlatbreads,EarnestEspressos,7016372
2026-07-04T13:00:24.484683,2026-07-04T13:00:24.496579+00:00,133.2,47,ask,DiligentDonuts,CostlyCorianders,7016401
2026-07-04T13:00:24.848004,2026-07-04T13:00:24.860024+00:00,133.5,50,bid,FlawlessFlatbreads,EarnestEspressos,7016407
2026-07-04T13:00:25.065498,2026-07-04T13:00:25.074430+00:00,133.5,44,bid,CostlyCorianders,EarnestEspressos,7016412
2026-07-04T13:00:25.417034,2026-07-04T13:00:25.425419+00:00,133.6,100,bid,EarnestEspressos,DiligentDonuts,7016418
2026-07-04T13:00:25.431797,2026-07-04T13:00:25.441578+00:00,133.6,12,ask,EarnestEspressos,Xuanyu Liu,7016419
2026-07-04T13:00:29.063616,2026-07-04T13:00:29.070605+00:00,133.9,50,bid,FlawlessFlatbreads,EarnestEspressos,7016481
2026-07-04T13:00:29.447095,2026-07-04T13:00:29.454157+00:00,133.5,45,ask,DiligentDonuts,CostlyCorianders,7016483
2026-07-04T13:00:31.169900,2026-07-04T13:00:31.181525+00:00,133.9,50,bid,FlawlessFlatbreads,EarnestEspressos,7016506
2026-07-04T13:00:31.741825,2026-07-04T13:00:31.752474+00:00,133.7,100,bid,EarnestEspressos,DiligentDonuts,7016512
2026-07-04T13:00:31.759645,2026-07-04T13:00:31.770010+00:00,133.7,11,ask,EarnestEspressos,Xuanyu Liu,7016513
2026-07-04T13:00:31.769791,2026-07-04T13:00:31.785617+00:00,133.7,39,ask,EarnestEspressos,CostlyCorianders,7016515
2026-07-04T13:00:31.769791,2026-07-04T13:00:31.785617+00:00,133.2,6,ask,DiligentDonuts,CostlyCorianders,7016516
2026-07-04T13:00:33.297679,2026-07-04T13:00:33.308751+00:00,134.2,50,bid,FlawlessFlatbreads,EarnestEspressos,7016536
2026-07-04T13:00:35.404431,2026-07-04T13:00:35.416526+00:00,133.8,50,bid,FlawlessFlatbreads,EarnestEspressos,7016577
2026-07-04T13:00:35.929130,2026-07-04T13:00:35.941082+00:00,133.5,47,ask,DiligentDonuts,CostlyCorianders,7016587
2026-07-04T13:00:37.509546,2026-07-04T13:00:37.521466+00:00,133.8,50,bid,FlawlessFlatbreads,EarnestEspressos,7016617
2026-07-04T13:00:38.081462,2026-07-04T13:00:38.090367+00:00,133.9,23,ask,EarnestEspressos,Xuanyu Liu,7016625
2026-07-04T13:00:38.166574,2026-07-04T13:00:38.178370+00:00,133.9,43,ask,EarnestEspressos,CostlyCorianders,7016630
2026-07-04T13:00:39.616544,2026-07-04T13:00:39.626534+00:00,134.0,50,bid,FlawlessFlatbreads,DiligentDonuts,7016650
2026-07-04T13:00:40.314125,2026-07-04T13:00:40.326095+00:00,134.0,41,bid,CostlyCorianders,DiligentDonuts,7016658
2026-07-04T13:00:41.721440,2026-07-04T13:00:41.727788+00:00,134.1,50,bid,FlawlessFlatbreads,EarnestEspressos,7016679
2026-07-04T13:00:43.828257,2026-07-04T13:00:43.840094+00:00,134.1,50,bid,FlawlessFlatbreads,EarnestEspressos,7016708
2026-07-04T13:00:44.583388,2026-07-04T13:00:44.594911+00:00,134.3,41,bid,CostlyCorianders,DiligentDonuts,7016720
2026-07-04T13:00:45.092055,2026-07-04T13:00:45.103798+00:00,134.0,41,ask,EarnestEspressos,CostlyCorianders,7016731
2026-07-04T13:00:45.936182,2026-07-04T13:00:45.947120+00:00,134.3,50,bid,FlawlessFlatbreads,DiligentDonuts,7016743
2026-07-04T13:00:47.060104,2026-07-04T13:00:47.069794+00:00,134.3,9,bid,CostlyCorianders,DiligentDonuts,7016766
2026-07-04T13:00:47.060104,2026-07-04T13:00:47.069794+00:00,134.5,36,bid,CostlyCorianders,EarnestEspressos,7016767
2026-07-04T13:00:47.837025,2026-07-04T13:00:47.845254+00:00,134.1,11,ask,DiligentDonuts,Xuanyu Liu,7016776
2026-07-04T13:00:48.042006,2026-07-04T13:00:48.050776+00:00,134.6,50,bid,FlawlessFlatbreads,DiligentDonuts,7016778
2026-07-04T13:00:48.206152,2026-07-04T13:00:48.216386+00:00,134.1,40,ask,DiligentDonuts,CostlyCorianders,7016779
2026-07-04T13:00:48.691641,2026-07-04T13:00:48.703405+00:00,134.1,46,ask,DiligentDonuts,CostlyCorianders,7016788
2026-07-04T13:00:50.148141,2026-07-04T13:00:50.160162+00:00,134.6,50,bid,FlawlessFlatbreads,DiligentDonuts,7016804
2026-07-04T13:00:51.937717,2026-07-04T13:00:51.949272+00:00,134.6,44,bid,CostlyCorianders,EarnestEspressos,7016827
2026-07-04T13:00:52.255984,2026-07-04T13:00:52.265649+00:00,134.6,50,bid,FlawlessFlatbreads,EarnestEspressos,7016831
2026-07-04T13:00:52.490979,2026-07-04T13:00:52.500024+00:00,134.2,23,ask,DiligentDonuts,Xuanyu Liu,7016834
2026-07-04T13:00:54.363051,2026-07-04T13:00:54.374526+00:00,134.4,50,bid,FlawlessFlatbreads,DiligentDonuts,7016860
2026-07-04T13:00:54.537343,2026-07-04T13:00:54.548456+00:00,134.4,42,bid,CostlyCorianders,DiligentDonuts,7016861
2026-07-04T13:00:56.083312,2026-07-04T13:00:56.094778+00:00,134.3,40,ask,EarnestEspressos,CostlyCorianders,7016873
2026-07-04T13:00:56.468724,2026-07-04T13:00:56.475591+00:00,134.4,8,bid,FlawlessFlatbreads,DiligentDonuts,7016880
2026-07-04T13:00:56.468724,2026-07-04T13:00:56.480627+00:00,134.8,42,bid,FlawlessFlatbreads,EarnestEspressos,7016881
2026-07-04T13:00:57.125509,2026-07-04T13:00:57.134225+00:00,134.3,49,ask,DiligentDonuts,CostlyCorianders,7016890
2026-07-04T13:00:58.576843,2026-07-04T13:00:58.583463+00:00,134.8,50,bid,FlawlessFlatbreads,DiligentDonuts,7016912
2026-07-04T13:01:00.350579,2026-07-04T13:01:00.358832+00:00,134.3,3,ask,DiligentDonuts,Xuanyu Liu,7016931
2026-07-04T13:01:00.682267,2026-07-04T13:01:00.693718+00:00,134.7,50,bid,FlawlessFlatbreads,Alan Niu,7016942
2026-07-04T13:01:01.339809,2026-07-04T13:01:01.348253+00:00,134.8,42,bid,CostlyCorianders,DiligentDonuts,7016948
2026-07-04T13:01:01.870387,2026-07-04T13:01:01.882521+00:00,134.3,48,ask,DiligentDonuts,CostlyCorianders,7016951
2026-07-04T13:01:02.788078,2026-07-04T13:01:02.799646+00:00,134.7,50,bid,FlawlessFlatbreads,Alan Niu,7016961
2026-07-04T13:01:07.002864,2026-07-04T13:01:07.012155+00:00,134.8,50,bid,FlawlessFlatbreads,DiligentDonuts,7017018
2026-07-04T13:01:07.169727,2026-07-04T13:01:07.181875+00:00,134.8,49,bid,CostlyCorianders,DiligentDonuts,7017020
2026-07-04T13:01:07.757913,2026-07-04T13:01:07.769970+00:00,134.8,1,bid,CostlyCorianders,DiligentDonuts,7017029
2026-07-04T13:01:09.109591,2026-07-04T13:01:09.121489+00:00,134.8,50,bid,FlawlessFlatbreads,Alan Niu,7017045
2026-07-04T13:01:11.220898,2026-07-04T13:01:11.239713+00:00,135.1,50,bid,FlawlessFlatbreads,DiligentDonuts,7017081
2026-07-04T13:01:12.158738,2026-07-04T13:01:12.169866+00:00,134.6,100,ask,DiligentDonuts,Chester Au,7017095
2026-07-04T13:01:12.158738,2026-07-04T13:01:12.169866+00:00,134.6,100,ask,EarnestEspressos,Chester Au,7017096
2026-07-04T13:01:12.162371,2026-07-04T13:01:12.169866+00:00,134.6,14,ask,EarnestEspressos,Xuanyu Liu,7017097
2026-07-04T13:01:12.316200,2026-07-04T13:01:12.326888+00:00,134.6,36,ask,EarnestEspressos,Alan Niu,7017100
2026-07-04T13:01:12.965541,2026-07-04T13:01:12.977085+00:00,134.2,100,ask,DiligentDonuts,EarnestEspressos,7017104
2026-07-04T13:01:12.978339,2026-07-04T13:01:12.986765+00:00,134.2,11,bid,Xuanyu Liu,EarnestEspressos,7017105
2026-07-04T13:01:13.281754,2026-07-04T13:01:13.293237+00:00,134.2,3,bid,Xuanyu Liu,EarnestEspressos,7017112
2026-07-04T13:01:13.288486,2026-07-04T13:01:13.293237+00:00,134.2,25,bid,Chester Au,EarnestEspressos,7017113
2026-07-04T13:01:13.327682,2026-07-04T13:01:13.339474+00:00,134.2,11,bid,FlawlessFlatbreads,EarnestEspressos,7017115
2026-07-04T13:01:13.327682,2026-07-04T13:01:13.339474+00:00,134.6,14,bid,FlawlessFlatbreads,Alan Niu,7017116
2026-07-04T13:01:13.327682,2026-07-04T13:01:13.339474+00:00,134.7,25,bid,FlawlessFlatbreads,DiligentDonuts,7017117
2026-07-04T13:01:13.368222,2026-07-04T13:01:13.376687+00:00,134.7,14,bid,Alan Niu,DiligentDonuts,7017118
2026-07-04T13:01:15.438900,2026-07-04T13:01:15.458749+00:00,134.7,41,bid,CostlyCorianders,DiligentDonuts,7017141
2026-07-04T13:01:15.914008,2026-07-04T13:01:15.922190+00:00,134.5,42,ask,DiligentDonuts,CostlyCorianders,7017144
2026-07-04T13:01:16.387376,2026-07-04T13:01:16.398953+00:00,134.7,44,ask,EarnestEspressos,CostlyCorianders,7017152
2026-07-04T13:01:17.597514,2026-07-04T13:01:17.609596+00:00,134.7,50,ask,EarnestEspressos,FlawlessFlatbreads,7017172
2026-07-04T13:01:18.824240,2026-07-04T13:01:18.834920+00:00,134.7,42,ask,EarnestEspressos,CostlyCorianders,7017184
2026-07-04T13:01:19.708486,2026-07-04T13:01:19.718980+00:00,134.4,50,ask,DiligentDonuts,FlawlessFlatbreads,7017198
2026-07-04T13:01:21.648372,2026-07-04T13:01:21.664008+00:00,134.6,41,bid,CostlyCorianders,EarnestEspressos,7017231
2026-07-04T13:01:21.814776,2026-07-04T13:01:21.822019+00:00,134.5,50,ask,Alan Niu,FlawlessFlatbreads,7017237
2026-07-04T13:01:23.929389,2026-07-04T13:01:23.938535+00:00,134.4,50,ask,EarnestEspressos,FlawlessFlatbreads,7017266
2026-07-04T13:01:26.037373,2026-07-04T13:01:26.048903+00:00,134.2,50,ask,DiligentDonuts,FlawlessFlatbreads,7017293
2026-07-04T13:01:28.147685,2026-07-04T13:01:28.154157+00:00,134.4,50,ask,Alan Niu,FlawlessFlatbreads,7017314
2026-07-04T13:01:30.255085,2026-07-04T13:01:30.266844+00:00,134.3,50,ask,Alan Niu,FlawlessFlatbreads,7017337
2026-07-04T13:01:31.820902,2026-07-04T13:01:31.830691+00:00,134.4,100,bid,Chester Au,DiligentDonuts,7017368
2026-07-04T13:01:32.396011,2026-07-04T13:01:32.406252+00:00,134.4,36,ask,Alan Niu,FlawlessFlatbreads,7017377
2026-07-04T13:01:32.396011,2026-07-04T13:01:32.406252+00:00,134.2,14,ask,EarnestEspressos,FlawlessFlatbreads,7017378
2026-07-04T13:01:34.338462,2026-07-04T13:01:34.350151+00:00,134.6,47,bid,CostlyCorianders,Alan Niu,7017415
2026-07-04T13:01:34.504296,2026-07-04T13:01:34.516123+00:00,134.2,50,ask,EarnestEspressos,FlawlessFlatbreads,7017420
2026-07-04T13:01:35.034118,2026-07-04T13:01:35.046141+00:00,134.7,43,bid,CostlyCorianders,EarnestEspressos,7017431
2026-07-04T13:01:36.638855,2026-07-04T13:01:36.647321+00:00,134.2,50,ask,DiligentDonuts,FlawlessFlatbreads,7017450
2026-07-04T13:01:37.430479,2026-07-04T13:01:37.438620+00:00,134.2,43,ask,DiligentDonuts,CostlyCorianders,7017462
2026-07-04T13:01:38.700275,2026-07-04T13:01:38.707444+00:00,134.1,50,bid,FlawlessFlatbreads,EarnestEspressos,7017494
2026-07-04T13:01:39.533654,2026-07-04T13:01:39.543352+00:00,134.1,46,bid,CostlyCorianders,EarnestEspressos,7017505
2026-07-04T13:01:39.687576,2026-07-04T13:01:39.695377+00:00,134.1,54,bid,Chester Au,EarnestEspressos,7017512
2026-07-04T13:01:40.643719,2026-07-04T13:01:40.650842+00:00,134.1,47,ask,Alan Niu,CostlyCorianders,7017535
2026-07-04T13:01:40.643719,2026-07-04T13:01:40.656286+00:00,133.7,1,ask,DiligentDonuts,CostlyCorianders,7017536
2026-07-04T13:01:40.806550,2026-07-04T13:01:40.818272+00:00,134.2,50,bid,FlawlessFlatbreads,DiligentDonuts,7017537
2026-07-04T13:01:42.767051,2026-07-04T13:01:42.778530+00:00,134.3,40,ask,EarnestEspressos,CostlyCorianders,7017571
2026-07-04T13:01:42.913103,2026-07-04T13:01:42.924782+00:00,134.6,50,bid,FlawlessFlatbreads,DiligentDonuts,7017572
2026-07-04T13:01:43.831697,2026-07-04T13:01:43.843280+00:00,134.6,43,bid,CostlyCorianders,DiligentDonuts,7017580
2026-07-04T13:01:45.072797,2026-07-04T13:01:45.084858+00:00,134.3,50,ask,DiligentDonuts,FlawlessFlatbreads,7017600
2026-07-04T13:01:47.134488,2026-07-04T13:01:47.145921+00:00,134.7,50,bid,FlawlessFlatbreads,EarnestEspressos,7017641
2026-07-04T13:01:48.578026,2026-07-04T13:01:48.589755+00:00,134.4,49,ask,EarnestEspressos,CostlyCorianders,7017658
2026-07-04T13:01:49.145782,2026-07-04T13:01:49.158574+00:00,134.6,43,bid,CostlyCorianders,DiligentDonuts,7017665
2026-07-04T13:01:49.726146,2026-07-04T13:01:49.742783+00:00,134.4,49,ask,EarnestEspressos,CostlyCorianders,7017671
2026-07-04T13:01:50.267305,2026-07-04T13:01:50.275585+00:00,134.6,41,bid,CostlyCorianders,DiligentDonuts,7017684
2026-07-04T13:01:50.321415,2026-07-04T13:01:50.333297+00:00,134.4,46,ask,EarnestEspressos,CostlyCorianders,7017685
2026-07-04T13:01:50.795033,2026-07-04T13:01:50.804450+00:00,134.4,3,ask,EarnestEspressos,Xuanyu Liu,7017687
2026-07-04T13:01:50.985075,2026-07-04T13:01:51.007432+00:00,134.3,100,ask,DiligentDonuts,EarnestEspressos,7017689
2026-07-04T13:01:50.998233,2026-07-04T13:01:51.007432+00:00,134.2,3,bid,Xuanyu Liu,EarnestEspressos,7017690
2026-07-04T13:01:51.395938,2026-07-04T13:01:51.407703+00:00,133.7,50,ask,EarnestEspressos,FlawlessFlatbreads,7017700
2026-07-04T13:01:53.505309,2026-07-04T13:01:53.516980+00:00,133.7,50,ask,EarnestEspressos,FlawlessFlatbreads,7017730
2026-07-04T13:01:54.734329,2026-07-04T13:01:54.742856+00:00,134.2,41,bid,CostlyCorianders,EarnestEspressos,7017743
2026-07-04T13:01:56.775618,2026-07-04T13:01:56.785775+00:00,134.2,21,bid,Chester Au,EarnestEspressos,7017774
2026-07-04T13:01:57.663664,2026-07-04T13:01:57.674274+00:00,134.6,50,bid,FlawlessFlatbreads,DiligentDonuts,7017795
2026-07-04T13:01:58.809947,2026-07-04T13:01:58.820253+00:00,134.6,41,bid,CostlyCorianders,DiligentDonuts,7017811
2026-07-04T13:01:59.820666,2026-07-04T13:01:59.832084+00:00,134.2,50,ask,EarnestEspressos,FlawlessFlatbreads,7017830
2026-07-04T13:02:00.477643,2026-07-04T13:02:00.484540+00:00,134.3,100,ask,DiligentDonuts,EarnestEspressos,7017840
2026-07-04T13:02:00.884963,2026-07-04T13:02:00.895266+00:00,134.3,49,bid,CostlyCorianders,EarnestEspressos,7017853
2026-07-04T13:02:04.029654,2026-07-04T13:02:04.041238+00:00,134.6,50,ask,EarnestEspressos,FlawlessFlatbreads,7017905
2026-07-04T13:02:04.973808,2026-07-04T13:02:04.985393+00:00,134.6,49,ask,EarnestEspressos,CostlyCorianders,7017920
2026-07-04T13:02:05.959457,2026-07-04T13:02:05.971447+00:00,134.6,3,ask,EarnestEspressos,Xuanyu Liu,7017939
2026-07-04T13:02:06.322711,2026-07-04T13:02:06.333976+00:00,134.6,48,ask,EarnestEspressos,DiligentDonuts,7017944
2026-07-04T13:02:08.583239,2026-07-04T13:02:08.590436+00:00,134.4,3,bid,Xuanyu Liu,EarnestEspressos,7017971
2026-07-04T13:02:09.520497,2026-07-04T13:02:09.531922+00:00,134.4,47,bid,CostlyCorianders,EarnestEspressos,7017985
2026-07-04T13:02:10.344557,2026-07-04T13:02:10.356442+00:00,134.3,50,ask,DiligentDonuts,FlawlessFlatbreads,7017995
2026-07-04T13:02:12.451973,2026-07-04T13:02:12.458385+00:00,134.3,50,ask,DiligentDonuts,FlawlessFlatbreads,7018023
2026-07-04T13:02:14.557661,2026-07-04T13:02:14.569398+00:00,134.2,50,ask,EarnestEspressos,FlawlessFlatbreads,7018056
2026-07-04T13:02:14.613410,2026-07-04T13:02:14.625109+00:00,134.2,43,ask,EarnestEspressos,CostlyCorianders,7018057
2026-07-04T13:02:16.666183,2026-07-04T13:02:16.677631+00:00,134.0,50,ask,DiligentDonuts,FlawlessFlatbreads,7018081
2026-07-04T13:02:16.725252,2026-07-04T13:02:16.736973+00:00,134.0,44,ask,DiligentDonuts,CostlyCorianders,7018086
2026-07-04T13:02:18.716273,2026-07-04T13:02:18.728017+00:00,134.0,6,ask,DiligentDonuts,CostlyCorianders,7018116
2026-07-04T13:02:19.324198,2026-07-04T13:02:19.335734+00:00,134.0,48,bid,CostlyCorianders,DiligentDonuts,7018132
2026-07-04T13:02:20.751997,2026-07-04T13:02:20.758554+00:00,133.6,44,ask,EarnestEspressos,CostlyCorianders,7018148
2026-07-04T13:02:20.896321,2026-07-04T13:02:20.907967+00:00,133.6,50,ask,EarnestEspressos,FlawlessFlatbreads,7018153
2026-07-04T13:02:22.648829,2026-07-04T13:02:22.658736+00:00,133.6,100,ask,DiligentDonuts,EarnestEspressos,7018180
2026-07-04T13:02:22.668506,2026-07-04T13:02:22.689681+00:00,133.6,26,bid,Xuanyu Liu,EarnestEspressos,7018182
2026-07-04T13:02:23.005963,2026-07-04T13:02:23.014217+00:00,133.1,50,ask,EarnestEspressos,FlawlessFlatbreads,7018189
2026-07-04T13:02:23.015499,2026-07-04T13:02:23.023361+00:00,133.6,11,bid,Xuanyu Liu,EarnestEspressos,7018190
2026-07-04T13:02:25.089914,2026-07-04T13:02:25.098165+00:00,133.6,13,bid,FlawlessFlatbreads,EarnestEspressos,7018215
2026-07-04T13:02:25.089914,2026-07-04T13:02:25.103420+00:00,134.1,37,bid,FlawlessFlatbreads,DiligentDonuts,7018216
2026-07-04T13:02:27.207228,2026-07-04T13:02:27.218868+00:00,134.0,50,bid,FlawlessFlatbreads,DiligentDonuts,7018253
2026-07-04T13:02:29.332689,2026-07-04T13:02:29.341828+00:00,134.2,50,bid,FlawlessFlatbreads,DiligentDonuts,7018280
2026-07-04T13:02:30.704011,2026-07-04T13:02:30.713601+00:00,134.2,49,bid,CostlyCorianders,DiligentDonuts,7018300
2026-07-04T13:02:31.340465,2026-07-04T13:02:31.348474+00:00,134.2,1,bid,CostlyCorianders,DiligentDonuts,7018317
2026-07-04T13:02:31.340465,2026-07-04T13:02:31.348474+00:00,134.2,40,bid,CostlyCorianders,EarnestEspressos,7018318
2026-07-04T13:02:31.397547,2026-07-04T13:02:31.409103+00:00,133.7,41,ask,DiligentDonuts,CostlyCorianders,7018320
2026-07-04T13:02:31.439542,2026-07-04T13:02:31.451054+00:00,134.2,50,bid,FlawlessFlatbreads,EarnestEspressos,7018321
2026-07-04T13:02:31.952615,2026-07-04T13:02:31.961292+00:00,134.0,11,ask,DiligentDonuts,Xuanyu Liu,7018326
2026-07-04T13:02:32.096637,2026-07-04T13:02:32.106688+00:00,134.1,12,ask,EarnestEspressos,Xuanyu Liu,7018328
2026-07-04T13:02:33.159497,2026-07-04T13:02:33.167639+00:00,134.1,11,ask,EarnestEspressos,Xuanyu Liu,7018337
2026-07-04T13:02:33.549523,2026-07-04T13:02:33.558609+00:00,134.5,50,bid,FlawlessFlatbreads,DiligentDonuts,7018345
2026-07-04T13:02:35.656516,2026-07-04T13:02:35.665232+00:00,134.6,50,bid,FlawlessFlatbreads,DiligentDonuts,7018372
2026-07-04T13:02:37.276438,2026-07-04T13:02:37.278605+00:00,134.1,46,ask,DiligentDonuts,CostlyCorianders,7018393
2026-07-04T13:02:37.764573,2026-07-04T13:02:37.776240+00:00,134.6,50,bid,FlawlessFlatbreads,DiligentDonuts,7018404
2026-07-04T13:02:38.749003,2026-07-04T13:02:38.757100+00:00,134.5,3,ask,DiligentDonuts,Xuanyu Liu,7018415
2026-07-04T13:02:39.933163,2026-07-04T13:02:39.942762+00:00,134.5,50,ask,DiligentDonuts,FlawlessFlatbreads,7018429
2026-07-04T13:02:40.401530,2026-07-04T13:02:40.413199+00:00,134.8,43,bid,CostlyCorianders,EarnestEspressos,7018436
2026-07-04T13:02:42.041240,2026-07-04T13:02:42.058569+00:00,134.4,50,ask,EarnestEspressos,FlawlessFlatbreads,7018456
2026-07-04T13:02:43.376113,2026-07-04T13:02:43.388005+00:00,134.4,43,ask,EarnestEspressos,CostlyCorianders,7018474
2026-07-04T13:02:44.146826,2026-07-04T13:02:44.158575+00:00,134.4,50,ask,EarnestEspressos,FlawlessFlatbreads,7018488
2026-07-04T13:02:44.797831,2026-07-04T13:02:44.809530+00:00,134.3,100,ask,DiligentDonuts,EarnestEspressos,7018500
2026-07-04T13:02:44.810763,2026-07-04T13:02:44.820079+00:00,134.3,3,bid,Xuanyu Liu,EarnestEspressos,7018501
2026-07-04T13:02:46.254353,2026-07-04T13:02:46.266900+00:00,133.8,50,ask,EarnestEspressos,FlawlessFlatbreads,7018524
2026-07-04T13:02:47.038532,2026-07-04T13:02:47.050462+00:00,134.3,47,bid,CostlyCorianders,EarnestEspressos,7018532
2026-07-04T13:02:47.038532,2026-07-04T13:02:47.050462+00:00,134.8,1,bid,CostlyCorianders,DiligentDonuts,7018533
2026-07-04T13:02:48.360739,2026-07-04T13:02:48.372628+00:00,134.2,50,ask,EarnestEspressos,FlawlessFlatbreads,7018562
2026-07-04T13:02:49.050670,2026-07-04T13:02:49.058605+00:00,134.5,48,bid,CostlyCorianders,DiligentDonuts,7018567
2026-07-04T13:02:50.499625,2026-07-04T13:02:50.511314+00:00,134.2,50,ask,EarnestEspressos,FlawlessFlatbreads,7018600
2026-07-04T13:02:50.516999,2026-07-04T13:02:50.526900+00:00,134.2,47,ask,EarnestEspressos,CostlyCorianders,7018603
2026-07-04T13:02:51.153314,2026-07-04T13:02:51.174333+00:00,134.2,100,ask,DiligentDonuts,EarnestEspressos,7018624
2026-07-04T13:02:51.165825,2026-07-04T13:02:51.174333+00:00,134.2,11,bid,Xuanyu Liu,EarnestEspressos,7018625
2026-07-04T13:02:51.302744,2026-07-04T13:02:51.312660+00:00,134.2,12,bid,Xuanyu Liu,EarnestEspressos,7018628
2026-07-04T13:02:51.610456,2026-07-04T13:02:51.622290+00:00,134.2,27,bid,CostlyCorianders,EarnestEspressos,7018633
2026-07-04T13:02:52.605693,2026-07-04T13:02:52.613163+00:00,133.7,50,ask,EarnestEspressos,FlawlessFlatbreads,7018649
2026-07-04T13:02:54.712349,2026-07-04T13:02:54.724155+00:00,134.3,50,ask,EarnestEspressos,FlawlessFlatbreads,7018685
2026-07-04T13:02:55.547384,2026-07-04T13:02:55.559192+00:00,134.3,48,ask,EarnestEspressos,CostlyCorianders,7018702
2026-07-04T13:02:56.818806,2026-07-04T13:02:56.825367+00:00,134.3,50,ask,EarnestEspressos,FlawlessFlatbreads,7018725
2026-07-04T13:02:57.493692,2026-07-04T13:02:57.504295+00:00,134.3,11,bid,Xuanyu Liu,EarnestEspressos,7018737
2026-07-04T13:02:58.924629,2026-07-04T13:02:58.936133+00:00,133.9,50,ask,DiligentDonuts,FlawlessFlatbreads,7018754
2026-07-04T13:03:01.030250,2026-07-04T13:03:01.041067+00:00,133.8,50,ask,DiligentDonuts,FlawlessFlatbreads,7018788
2026-07-04T13:03:01.038224,2026-07-04T13:03:01.046269+00:00,134.1,47,bid,CostlyCorianders,EarnestEspressos,7018789
2026-07-04T13:03:01.510069,2026-07-04T13:03:01.517560+00:00,133.8,49,ask,DiligentDonuts,CostlyCorianders,7018798
2026-07-04T13:03:03.137846,2026-07-04T13:03:03.149592+00:00,133.8,1,ask,DiligentDonuts,FlawlessFlatbreads,7018818
2026-07-04T13:03:03.137846,2026-07-04T13:03:03.149592+00:00,133.6,49,ask,EarnestEspressos,FlawlessFlatbreads,7018819
2026-07-04T13:03:03.156515,2026-07-04T13:03:03.168243+00:00,134.1,42,bid,CostlyCorianders,EarnestEspressos,7018820
2026-07-04T13:03:03.333161,2026-07-04T13:03:03.341903+00:00,133.9,12,bid,Xuanyu Liu,DiligentDonuts,7018822
2026-07-04T13:03:03.395320,2026-07-04T13:03:03.404412+00:00,133.9,11,bid,Xuanyu Liu,DiligentDonuts,7018825
2026-07-04T13:03:04.308544,2026-07-04T13:03:04.319977+00:00,133.9,46,bid,CostlyCorianders,DiligentDonuts,7018847
2026-07-04T13:03:04.799006,2026-07-04T13:03:04.810537+00:00,133.9,31,bid,CostlyCorianders,DiligentDonuts,7018858
2026-07-04T13:03:05.248498,2026-07-04T13:03:05.258597+00:00,133.8,50,ask,EarnestEspressos,FlawlessFlatbreads,7018863
2026-07-04T13:03:06.973225,2026-07-04T13:03:06.983003+00:00,133.8,100,ask,DiligentDonuts,EarnestEspressos,7018897
2026-07-04T13:03:07.013882,2026-07-04T13:03:07.021935+00:00,133.6,25,bid,Xuanyu Liu,EarnestEspressos,7018901
2026-07-04T13:03:07.303240,2026-07-04T13:03:07.316819+00:00,133.6,25,bid,FlawlessFlatbreads,EarnestEspressos,7018907
2026-07-04T13:03:07.303240,2026-07-04T13:03:07.316819+00:00,134.3,25,bid,FlawlessFlatbreads,DiligentDonuts,7018908
2026-07-04T13:03:07.487098,2026-07-04T13:03:07.498255+00:00,134.3,45,bid,Zihao Wu,DiligentDonuts,7018912
2026-07-04T13:03:08.902809,2026-07-04T13:03:08.911800+00:00,133.1,49,ask,EarnestEspressos,CostlyCorianders,7018939
2026-07-04T13:03:09.411667,2026-07-04T13:03:09.423521+00:00,134.3,30,bid,FlawlessFlatbreads,DiligentDonuts,7018946
2026-07-04T13:03:09.411667,2026-07-04T13:03:09.423521+00:00,134.6,20,bid,FlawlessFlatbreads,Alan Niu,7018947
2026-07-04T13:03:09.498295,2026-07-04T13:03:09.508036+00:00,134.0,20,ask,Alan Niu,Xuanyu Liu,7018951
2026-07-04T13:03:10.252219,2026-07-04T13:03:10.265215+00:00,133.5,5,ask,EarnestEspressos,Xuanyu Liu,7018959
2026-07-04T13:03:10.477573,2026-07-04T13:03:10.484486+00:00,133.5,45,ask,EarnestEspressos,CostlyCorianders,7018963
2026-07-04T13:03:11.521163,2026-07-04T13:03:11.529044+00:00,133.8,50,bid,FlawlessFlatbreads,DiligentDonuts,7018990
2026-07-04T13:03:11.551651,2026-07-04T13:03:11.558547+00:00,133.5,48,ask,EarnestEspressos,CostlyCorianders,7018993
2026-07-04T13:03:13.628701,2026-07-04T13:03:13.640007+00:00,133.7,50,bid,FlawlessFlatbreads,EarnestEspressos,7019023
2026-07-04T13:03:13.777258,2026-07-04T13:03:13.788781+00:00,133.7,43,bid,CostlyCorianders,EarnestEspressos,7019026
2026-07-04T13:03:15.293734,2026-07-04T13:03:15.302344+00:00,133.7,47,bid,CostlyCorianders,EarnestEspressos,7019045
2026-07-04T13:03:15.738068,2026-07-04T13:03:15.750006+00:00,133.7,10,bid,FlawlessFlatbreads,EarnestEspressos,7019054
2026-07-04T13:03:15.738068,2026-07-04T13:03:15.750006+00:00,134.0,40,bid,FlawlessFlatbreads,DiligentDonuts,7019055
2026-07-04T13:03:16.416173,2026-07-04T13:03:16.424833+00:00,133.9,23,ask,EarnestEspressos,Xuanyu Liu,7019061
2026-07-04T13:03:17.848073,2026-07-04T13:03:17.859882+00:00,134.2,50,bid,FlawlessFlatbreads,DiligentDonuts,7019088
2026-07-04T13:03:18.013529,2026-07-04T13:03:18.025310+00:00,133.9,41,ask,EarnestEspressos,CostlyCorianders,7019089
2026-07-04T13:03:19.663003,2026-07-04T13:03:19.674765+00:00,134.1,41,bid,CostlyCorianders,EarnestEspressos,7019122
2026-07-04T13:03:19.958173,2026-07-04T13:03:19.969881+00:00,134.1,50,bid,FlawlessFlatbreads,EarnestEspressos,7019130
2026-07-04T13:03:22.064485,2026-07-04T13:03:22.081937+00:00,134.1,50,bid,FlawlessFlatbreads,EarnestEspressos,7019154
2026-07-04T13:03:22.271634,2026-07-04T13:03:22.276873+00:00,134.1,9,bid,DiligentDonuts,EarnestEspressos,7019159
2026-07-04T13:03:22.747367,2026-07-04T13:03:22.758788+00:00,134.6,34,ask,EarnestEspressos,Xuanyu Liu,7019164
2026-07-04T13:03:23.988807,2026-07-04T13:03:24.000611+00:00,134.6,49,ask,EarnestEspressos,CostlyCorianders,7019182
2026-07-04T13:03:24.171560,2026-07-04T13:03:24.183165+00:00,134.7,50,bid,FlawlessFlatbreads,DiligentDonuts,7019183
2026-07-04T13:03:25.141840,2026-07-04T13:03:25.158568+00:00,134.6,42,ask,EarnestEspressos,CostlyCorianders,7019200
2026-07-04T13:03:25.960919,2026-07-04T13:03:25.969062+00:00,134.4,3,ask,DiligentDonuts,Xuanyu Liu,7019213
2026-07-04T13:03:26.229543,2026-07-04T13:03:26.239409+00:00,134.4,40,ask,DiligentDonuts,CostlyCorianders,7019218
2026-07-04T13:03:26.279164,2026-07-04T13:03:26.290687+00:00,134.6,50,bid,FlawlessFlatbreads,EarnestEspressos,7019222
2026-07-04T13:03:27.506656,2026-07-04T13:03:27.523771+00:00,134.4,45,ask,DiligentDonuts,Zihao Wu,7019240
2026-07-04T13:03:28.660852,2026-07-04T13:03:28.674258+00:00,134.2,3,bid,Xuanyu Liu,DiligentDonuts,7019263
2026-07-04T13:03:28.959858,2026-07-04T13:03:28.969399+00:00,134.2,41,bid,CostlyCorianders,DiligentDonuts,7019269
2026-07-04T13:03:29.061275,2026-07-04T13:03:29.073014+00:00,134.2,56,bid,EarnestEspressos,DiligentDonuts,7019270
2026-07-04T13:03:29.914647,2026-07-04T13:03:29.922948+00:00,134.3,3,ask,EarnestEspressos,Xuanyu Liu,7019287
2026-07-04T13:03:30.155231,2026-07-04T13:03:30.166870+00:00,134.3,45,ask,EarnestEspressos,CostlyCorianders,7019292
2026-07-04T13:03:30.542177,2026-07-04T13:03:30.554036+00:00,134.3,46,ask,EarnestEspressos,FlawlessFlatbreads,7019294
2026-07-04T13:03:32.282065,2026-07-04T13:03:32.294913+00:00,134.2,100,ask,DiligentDonuts,EarnestEspressos,7019319
2026-07-04T13:03:32.296325,2026-07-04T13:03:32.304430+00:00,134.2,26,bid,Xuanyu Liu,EarnestEspressos,7019320
2026-07-04T13:03:32.599147,2026-07-04T13:03:32.610894+00:00,134.2,24,bid,FlawlessFlatbreads,EarnestEspressos,7019327
2026-07-04T13:03:32.599147,2026-07-04T13:03:32.610894+00:00,134.7,26,bid,FlawlessFlatbreads,DiligentDonuts,7019328
2026-07-04T13:03:34.709140,2026-07-04T13:03:34.720602+00:00,134.7,50,bid,FlawlessFlatbreads,DiligentDonuts,7019357
2026-07-04T13:03:35.058749,2026-07-04T13:03:35.070696+00:00,134.7,48,bid,CostlyCorianders,DiligentDonuts,7019359
2026-07-04T13:03:35.403727,2026-07-04T13:03:35.412057+00:00,134.4,12,ask,EarnestEspressos,Xuanyu Liu,7019367
2026-07-04T13:03:36.819168,2026-07-04T13:03:36.828131+00:00,134.7,50,bid,FlawlessFlatbreads,DiligentDonuts,7019395
2026-07-04T13:03:37.776013,2026-07-04T13:03:37.783900+00:00,134.4,11,ask,EarnestEspressos,Xuanyu Liu,7019409
2026-07-04T13:03:38.012620,2026-07-04T13:03:38.022706+00:00,134.4,49,ask,EarnestEspressos,CostlyCorianders,7019414
2026-07-04T13:03:38.575537,2026-07-04T13:03:38.586911+00:00,134.9,43,bid,CostlyCorianders,DiligentDonuts,7019430
2026-07-04T13:03:39.581038,2026-07-04T13:03:39.592526+00:00,134.4,46,ask,DiligentDonuts,CostlyCorianders,7019449
2026-07-04T13:03:41.040451,2026-07-04T13:03:41.052212+00:00,134.5,50,bid,FlawlessFlatbreads,EarnestEspressos,7019472
2026-07-04T13:03:41.237193,2026-07-04T13:03:41.247699+00:00,134.5,100,bid,DiligentDonuts,EarnestEspressos,7019478
2026-07-04T13:03:41.734034,2026-07-04T13:03:41.743467+00:00,134.8,17,ask,EarnestEspressos,Xuanyu Liu,7019492
2026-07-04T13:03:41.737034,2026-07-04T13:03:41.743467+00:00,134.8,133,ask,EarnestEspressos,Chester Au,7019493
2026-07-04T13:03:44.951007,2026-07-04T13:03:44.959347+00:00,134.6,14,bid,Xuanyu Liu,EarnestEspressos,7019538
2026-07-04T13:03:46.892316,2026-07-04T13:03:46.900987+00:00,134.6,48,bid,CostlyCorianders,EarnestEspressos,7019567
2026-07-04T13:03:47.415282,2026-07-04T13:03:47.426377+00:00,134.3,50,ask,DiligentDonuts,FlawlessFlatbreads,7019575
2026-07-04T13:03:49.035162,2026-07-04T13:03:49.046798+00:00,134.2,41,ask,EarnestEspressos,CostlyCorianders,7019595
2026-07-04T13:03:49.523586,2026-07-04T13:03:49.531167+00:00,134.2,50,ask,EarnestEspressos,FlawlessFlatbreads,7019597
2026-07-04T13:03:50.109276,2026-07-04T13:03:50.120897+00:00,134.2,49,ask,EarnestEspressos,CostlyCorianders,7019612
2026-07-04T13:03:50.658558,2026-07-04T13:03:50.669928+00:00,134.5,42,bid,CostlyCorianders,DiligentDonuts,7019622
2026-07-04T13:03:51.275985,2026-07-04T13:03:51.293279+00:00,133.9,133,bid,Chester Au,EarnestEspressos,7019634
2026-07-04T13:03:51.282183,2026-07-04T13:03:51.293279+00:00,133.9,3,bid,Xuanyu Liu,EarnestEspressos,7019635
2026-07-04T13:03:51.579558,2026-07-04T13:03:51.589806+00:00,133.9,14,bid,FlawlessFlatbreads,EarnestEspressos,7019642
2026-07-04T13:03:51.579558,2026-07-04T13:03:51.589806+00:00,134.3,36,bid,FlawlessFlatbreads,DiligentDonuts,7019643
2026-07-04T13:03:53.381506,2026-07-04T13:03:53.393750+00:00,134.3,48,bid,CostlyCorianders,DiligentDonuts,7019670
2026-07-04T13:03:53.759933,2026-07-04T13:03:53.769559+00:00,133.8,50,ask,DiligentDonuts,FlawlessFlatbreads,7019677
2026-07-04T13:03:55.866297,2026-07-04T13:03:55.878175+00:00,133.9,50,ask,EarnestEspressos,FlawlessFlatbreads,7019703
2026-07-04T13:03:57.976042,2026-07-04T13:03:57.985605+00:00,133.9,50,ask,DiligentDonuts,FlawlessFlatbreads,7019738
2026-07-04T13:04:00.082601,2026-07-04T13:04:00.094590+00:00,133.9,50,ask,DiligentDonuts,FlawlessFlatbreads,7019761
2026-07-04T13:04:00.959035,2026-07-04T13:04:00.970897+00:00,134.1,46,bid,CostlyCorianders,DiligentDonuts,7019771
2026-07-04T13:04:02.190499,2026-07-04T13:04:02.201895+00:00,133.8,50,ask,EarnestEspressos,FlawlessFlatbreads,7019789
2026-07-04T13:04:04.297594,2026-07-04T13:04:04.307499+00:00,133.6,50,ask,DiligentDonuts,FlawlessFlatbreads,7019819
2026-07-04T13:04:04.378306,2026-07-04T13:04:04.385681+00:00,133.6,46,ask,DiligentDonuts,CostlyCorianders,7019820
2026-07-04T13:04:06.352575,2026-07-04T13:04:06.361479+00:00,134.0,50,bid,FlawlessFlatbreads,EarnestEspressos,7019842
2026-07-04T13:04:06.572686,2026-07-04T13:04:06.581950+00:00,134.0,47,bid,CostlyCorianders,EarnestEspressos,7019847
2026-07-04T13:04:07.054009,2026-07-04T13:04:07.058582+00:00,133.9,100,bid,EarnestEspressos,DiligentDonuts,7019855
2026-07-04T13:04:08.458956,2026-07-04T13:04:08.468987+00:00,134.5,50,bid,FlawlessFlatbreads,EarnestEspressos,7019881
2026-07-04T13:04:09.259547,2026-07-04T13:04:09.267485+00:00,134.0,3,ask,EarnestEspressos,Xuanyu Liu,7019898
2026-07-04T13:04:09.758179,2026-07-04T13:04:09.765605+00:00,134.0,47,ask,EarnestEspressos,DiligentDonuts,7019902
2026-07-04T13:04:09.975055,2026-07-04T13:04:09.986774+00:00,133.5,40,ask,DiligentDonuts,CostlyCorianders,7019912
2026-07-04T13:04:10.559552,2026-07-04T13:04:10.568380+00:00,133.8,3,bid,Xuanyu Liu,EarnestEspressos,7019928
2026-07-04T13:04:10.567518,2026-07-04T13:04:10.583994+00:00,133.8,50,bid,FlawlessFlatbreads,EarnestEspressos,7019930
2026-07-04T13:04:12.449724,2026-07-04T13:04:12.458586+00:00,133.8,44,bid,CostlyCorianders,EarnestEspressos,7019963
2026-07-04T13:04:12.725363,2026-07-04T13:04:12.737332+00:00,133.5,50,ask,DiligentDonuts,FlawlessFlatbreads,7019966
2026-07-04T13:04:13.185272,2026-07-04T13:04:13.199377+00:00,133.8,11,bid,Xuanyu Liu,EarnestEspressos,7019973
2026-07-04T13:04:13.375742,2026-07-04T13:04:13.387580+00:00,133.9,100,bid,EarnestEspressos,DiligentDonuts,7019978
2026-07-04T13:04:14.097325,2026-07-04T13:04:14.107381+00:00,134.0,43,ask,EarnestEspressos,CostlyCorianders,7019987
2026-07-04T13:04:14.494415,2026-07-04T13:04:14.503130+00:00,134.0,7,ask,EarnestEspressos,Xuanyu Liu,7019998
2026-07-04T13:04:14.792042,2026-07-04T13:04:14.803714+00:00,134.5,45,bid,Zihao Wu,EarnestEspressos,7020004
2026-07-04T13:04:16.937492,2026-07-04T13:04:16.949140+00:00,134.0,50,ask,DiligentDonuts,FlawlessFlatbreads,7020042
2026-07-04T13:04:18.427383,2026-07-04T13:04:18.435551+00:00,134.0,4,ask,DiligentDonuts,Xuanyu Liu,7020057
2026-07-04T13:04:18.465892,2026-07-04T13:04:18.475635+00:00,134.0,46,ask,DiligentDonuts,CostlyCorianders,7020062
2026-07-04T13:04:18.465892,2026-07-04T13:04:18.475635+00:00,133.7,2,ask,EarnestEspressos,CostlyCorianders,7020063
2026-07-04T13:04:18.993974,2026-07-04T13:04:19.005532+00:00,134.2,50,bid,FlawlessFlatbreads,EarnestEspressos,7020081
2026-07-04T13:04:19.510695,2026-07-04T13:04:19.518284+00:00,134.0,40,bid,CostlyCorianders,DiligentDonuts,7020084
2026-07-04T13:04:21.154796,2026-07-04T13:04:21.151927+00:00,133.6,50,ask,EarnestEspressos,FlawlessFlatbreads,7020112
2026-07-04T13:04:22.143056,2026-07-04T13:04:22.158583+00:00,133.6,48,ask,EarnestEspressos,CostlyCorianders,7020134
2026-07-04T13:04:22.911935,2026-07-04T13:04:22.923635+00:00,133.8,100,ask,DiligentDonuts,EarnestEspressos,7020155
2026-07-04T13:04:23.636880,2026-07-04T13:04:23.648539+00:00,133.8,48,bid,CostlyCorianders,EarnestEspressos,7020164
2026-07-04T13:04:24.189429,2026-07-04T13:04:24.201396+00:00,133.8,2,bid,CostlyCorianders,EarnestEspressos,7020174
2026-07-04T13:04:24.244457,2026-07-04T13:04:24.258467+00:00,133.3,42,ask,EarnestEspressos,CostlyCorianders,7020176
2026-07-04T13:04:25.367401,2026-07-04T13:04:25.382964+00:00,133.3,50,ask,EarnestEspressos,FlawlessFlatbreads,7020206
2026-07-04T13:04:26.373979,2026-07-04T13:04:26.382840+00:00,133.9,46,bid,CostlyCorianders,DiligentDonuts,7020222
2026-07-04T13:04:27.472876,2026-07-04T13:04:27.484502+00:00,133.5,50,ask,EarnestEspressos,FlawlessFlatbreads,7020249
2026-07-04T13:04:27.599169,2026-07-04T13:04:27.607990+00:00,133.9,11,bid,Xuanyu Liu,DiligentDonuts,7020254
2026-07-04T13:04:29.579984,2026-07-04T13:04:29.591692+00:00,133.4,50,ask,DiligentDonuts,FlawlessFlatbreads,7020290
2026-07-04T13:04:30.908846,2026-07-04T13:04:30.920801+00:00,133.6,48,bid,CostlyCorianders,EarnestEspressos,7020312
2026-07-04T13:04:31.689704,2026-07-04T13:04:31.696877+00:00,133.4,50,ask,DiligentDonuts,FlawlessFlatbreads,7020326
2026-07-04T13:04:31.901065,2026-07-04T13:04:31.910186+00:00,133.5,12,bid,Xuanyu Liu,DiligentDonuts,7020328
2026-07-04T13:04:32.361954,2026-07-04T13:04:32.373430+00:00,133.3,49,ask,EarnestEspressos,CostlyCorianders,7020343
2026-07-04T13:04:33.796061,2026-07-04T13:04:33.802974+00:00,133.3,50,ask,EarnestEspressos,FlawlessFlatbreads,7020364
2026-07-04T13:04:33.904325,2026-07-04T13:04:33.910836+00:00,133.5,45,bid,CostlyCorianders,DiligentDonuts,7020365
2026-07-04T13:04:34.873557,2026-07-04T13:04:34.885069+00:00,133.3,45,ask,EarnestEspressos,Zihao Wu,7020380
2026-07-04T13:04:34.943227,2026-07-04T13:04:34.958603+00:00,133.3,6,ask,EarnestEspressos,CostlyCorianders,7020381
2026-07-04T13:04:34.943227,2026-07-04T13:04:34.958603+00:00,133.0,42,ask,DiligentDonuts,CostlyCorianders,7020382
2026-07-04T13:04:35.562284,2026-07-04T13:04:35.571079+00:00,133.2,100,ask,DiligentDonuts,EarnestEspressos,7020388
2026-07-04T13:04:35.577371,2026-07-04T13:04:35.585721+00:00,133.2,50,bid,Xuanyu Liu,EarnestEspressos,7020389
2026-07-04T13:04:35.902333,2026-07-04T13:04:35.913916+00:00,132.7,50,ask,EarnestEspressos,FlawlessFlatbreads,7020396
2026-07-04T13:04:36.849787,2026-07-04T13:04:36.858603+00:00,133.7,42,bid,CostlyCorianders,DiligentDonuts,7020405
2026-07-04T13:04:38.010840,2026-07-04T13:04:38.018681+00:00,132.7,50,ask,EarnestEspressos,FlawlessFlatbreads,7020424
2026-07-04T13:04:38.300008,2026-07-04T13:04:38.308980+00:00,133.6,49,bid,CostlyCorianders,DiligentDonuts,7020431
2026-07-04T13:04:40.124759,2026-07-04T13:04:40.136144+00:00,133.1,50,ask,DiligentDonuts,FlawlessFlatbreads,7020455
2026-07-04T13:04:40.416387,2026-07-04T13:04:40.425275+00:00,133.1,41,ask,DiligentDonuts,CostlyCorianders,7020456
2026-07-04T13:04:41.478256,2026-07-04T13:04:41.489388+00:00,133.4,49,bid,CostlyCorianders,DiligentDonuts,7020475
2026-07-04T13:04:42.230794,2026-07-04T13:04:42.242515+00:00,133.1,50,ask,EarnestEspressos,FlawlessFlatbreads,7020487
2026-07-04T13:04:42.884269,2026-07-04T13:04:42.896037+00:00,133.1,44,ask,EarnestEspressos,CostlyCorianders,7020491
2026-07-04T13:04:43.525010,2026-07-04T13:04:43.536676+00:00,133.4,48,bid,CostlyCorianders,DiligentDonuts,7020502
2026-07-04T13:04:44.125726,2026-07-04T13:04:44.137644+00:00,133.1,48,ask,EarnestEspressos,CostlyCorianders,7020513
2026-07-04T13:04:44.337807,2026-07-04T13:04:44.348428+00:00,133.1,8,ask,EarnestEspressos,FlawlessFlatbreads,7020516
2026-07-04T13:04:44.337807,2026-07-04T13:04:44.348428+00:00,132.9,42,ask,DiligentDonuts,FlawlessFlatbreads,7020517
2026-07-04T13:04:45.053728,2026-07-04T13:04:45.062397+00:00,133.2,100,ask,DiligentDonuts,EarnestEspressos,7020526
2026-07-04T13:04:45.073069,2026-07-04T13:04:45.078466+00:00,133.0,24,bid,Xuanyu Liu,EarnestEspressos,7020528
2026-07-04T13:04:48.576576,2026-07-04T13:04:48.590162+00:00,132.9,50,ask,EarnestEspressos,FlawlessFlatbreads,7020587
2026-07-04T13:04:50.632425,2026-07-04T13:04:50.643953+00:00,133.3,50,bid,FlawlessFlatbreads,DiligentDonuts,7020610
2026-07-04T13:04:52.737504,2026-07-04T13:04:52.748453+00:00,133.1,50,bid,FlawlessFlatbreads,EarnestEspressos,7020646
2026-07-04T13:04:53.769713,2026-07-04T13:04:53.777298+00:00,133.1,46,bid,CostlyCorianders,EarnestEspressos,7020666
2026-07-04T13:04:53.823752,2026-07-04T13:04:53.830927+00:00,132.8,44,ask,DiligentDonuts,CostlyCorianders,7020668
2026-07-04T13:04:54.495502,2026-07-04T13:04:54.498953+00:00,133.2,6,ask,EarnestEspressos,Xuanyu Liu,7020680
2026-07-04T13:04:54.843237,2026-07-04T13:04:54.849918+00:00,133.3,50,bid,FlawlessFlatbreads,DiligentDonuts,7020682
2026-07-04T13:04:55.159508,2026-07-04T13:04:55.170402+00:00,133.2,11,ask,EarnestEspressos,Xuanyu Liu,7020691
2026-07-04T13:04:55.997062,2026-07-04T13:04:56.006888+00:00,133.2,12,ask,EarnestEspressos,Xuanyu Liu,7020706
2026-07-04T13:04:56.749390,2026-07-04T13:04:56.755825+00:00,133.3,46,bid,CostlyCorianders,DiligentDonuts,7020724
2026-07-04T13:04:56.949555,2026-07-04T13:04:56.957004+00:00,133.3,4,bid,FlawlessFlatbreads,DiligentDonuts,7020731
2026-07-04T13:04:56.949555,2026-07-04T13:04:56.962198+00:00,133.7,46,bid,FlawlessFlatbreads,EarnestEspressos,7020732
2026-07-04T13:04:59.061225,2026-07-04T13:04:59.070401+00:00,133.8,50,bid,FlawlessFlatbreads,DiligentDonuts,7020775
2026-07-04T13:05:01.167993,2026-07-04T13:05:01.174349+00:00,134.0,50,bid,FlawlessFlatbreads,EarnestEspressos,7020804
2026-07-04T13:05:01.296250,2026-07-04T13:05:01.305800+00:00,133.6,42,ask,DiligentDonuts,CostlyCorianders,7020807
2026-07-04T13:05:03.274551,2026-07-04T13:05:03.282262+00:00,134.0,50,bid,FlawlessFlatbreads,EarnestEspressos,7020845
2026-07-04T13:05:03.982336,2026-07-04T13:05:04.001331+00:00,134.1,100,bid,EarnestEspressos,DiligentDonuts,7020851
2026-07-04T13:05:03.993299,2026-07-04T13:05:04.001331+00:00,134.1,22,ask,EarnestEspressos,Xuanyu Liu,7020852
2026-07-04T13:05:05.197485,2026-07-04T13:05:05.209286+00:00,134.1,28,ask,EarnestEspressos,CostlyCorianders,7020882
2026-07-04T13:05:05.197485,2026-07-04T13:05:05.209286+00:00,133.6,14,ask,DiligentDonuts,CostlyCorianders,7020883
2026-07-04T13:05:05.382106,2026-07-04T13:05:05.392065+00:00,134.6,50,bid,FlawlessFlatbreads,EarnestEspressos,7020888
2026-07-04T13:05:07.490032,2026-07-04T13:05:07.501961+00:00,134.1,50,bid,FlawlessFlatbreads,EarnestEspressos,7020930
2026-07-04T13:05:09.599156,2026-07-04T13:05:09.607507+00:00,134.1,50,bid,FlawlessFlatbreads,EarnestEspressos,7020959
2026-07-04T13:05:10.318634,2026-07-04T13:05:10.360664+00:00,134.1,12,ask,EarnestEspressos,Xuanyu Liu,7020975
2026-07-04T13:05:11.709766,2026-07-04T13:05:11.721334+00:00,134.4,50,bid,FlawlessFlatbreads,DiligentDonuts,7021006
2026-07-04T13:05:12.481951,2026-07-04T13:05:12.493722+00:00,134.1,46,ask,EarnestEspressos,CostlyCorianders,7021015
2026-07-04T13:05:13.816601,2026-07-04T13:05:13.828187+00:00,134.5,50,bid,FlawlessFlatbreads,EarnestEspressos,7021035
2026-07-04T13:05:17.480974,2026-07-04T13:05:17.490403+00:00,134.2,23,ask,DiligentDonuts,Xuanyu Liu,7021107
2026-07-04T13:05:17.693244,2026-07-04T13:05:17.705093+00:00,134.2,48,ask,DiligentDonuts,CostlyCorianders,7021116
2026-07-04T13:05:17.759446,2026-07-04T13:05:17.767851+00:00,134.2,11,ask,DiligentDonuts,Xuanyu Liu,7021117
2026-07-04T13:05:19.356735,2026-07-04T13:05:19.358539+00:00,134.1,100,ask,EarnestEspressos,DiligentDonuts,7021135
2026-07-04T13:05:19.881907,2026-07-04T13:05:19.892197+00:00,134.0,11,bid,Xuanyu Liu,EarnestEspressos,7021143
2026-07-04T13:05:20.190121,2026-07-04T13:05:20.198467+00:00,133.6,50,ask,DiligentDonuts,FlawlessFlatbreads,7021152
2026-07-04T13:05:22.295264,2026-07-04T13:05:22.310430+00:00,133.6,50,ask,DiligentDonuts,FlawlessFlatbreads,7021183
2026-07-04T13:05:22.398774,2026-07-04T13:05:22.410448+00:00,134.0,41,bid,CostlyCorianders,EarnestEspressos,7021184
2026-07-04T13:05:24.354110,2026-07-04T13:05:24.358600+00:00,134.1,50,bid,FlawlessFlatbreads,DiligentDonuts,7021218
2026-07-04T13:05:25.794402,2026-07-04T13:05:25.806063+00:00,134.2,42,bid,CostlyCorianders,EarnestEspressos,7021249
2026-07-04T13:05:26.513019,2026-07-04T13:05:26.524486+00:00,133.8,50,ask,EarnestEspressos,FlawlessFlatbreads,7021256
2026-07-04T13:05:27.728784,2026-07-04T13:05:27.741946+00:00,133.8,42,ask,EarnestEspressos,CostlyCorianders,7021276
2026-07-04T13:05:30.975332,2026-07-04T13:05:30.984980+00:00,133.9,40,bid,CostlyCorianders,EarnestEspressos,7021333
2026-07-04T13:05:32.472185,2026-07-04T13:05:32.483836+00:00,133.6,46,ask,DiligentDonuts,CostlyCorianders,7021361
2026-07-04T13:05:32.829142,2026-07-04T13:05:32.839796+00:00,133.6,50,ask,DiligentDonuts,FlawlessFlatbreads,7021371
2026-07-04T13:05:34.593096,2026-07-04T13:05:34.602741+00:00,134.0,42,bid,CostlyCorianders,EarnestEspressos,7021393
2026-07-04T13:05:34.883457,2026-07-04T13:05:34.894342+00:00,134.0,50,bid,FlawlessFlatbreads,EarnestEspressos,7021401
2026-07-04T13:05:35.663287,2026-07-04T13:05:35.674070+00:00,133.9,100,bid,EarnestEspressos,DiligentDonuts,7021410
2026-07-04T13:05:35.840400,2026-07-04T13:05:35.850443+00:00,133.9,11,ask,EarnestEspressos,Xuanyu Liu,7021413
2026-07-04T13:05:39.109261,2026-07-04T13:05:39.116501+00:00,133.9,47,bid,CostlyCorianders,EarnestEspressos,7021455
2026-07-04T13:05:42.565376,2026-07-04T13:05:42.577209+00:00,133.5,43,ask,DiligentDonuts,CostlyCorianders,7021515
2026-07-04T13:05:43.385475,2026-07-04T13:05:43.397245+00:00,133.5,50,ask,DiligentDonuts,FlawlessFlatbreads,7021524
2026-07-04T13:05:44.686103,2026-07-04T13:05:44.694557+00:00,133.8,11,bid,Xuanyu Liu,DiligentDonuts,7021545
2026-07-04T13:05:45.532906,2026-07-04T13:05:45.542106+00:00,133.5,50,ask,EarnestEspressos,FlawlessFlatbreads,7021561
2026-07-04T13:05:46.585547,2026-07-04T13:05:46.597326+00:00,133.8,44,bid,CostlyCorianders,DiligentDonuts,7021572
2026-07-04T13:05:46.641294,2026-07-04T13:05:46.652963+00:00,133.5,41,ask,EarnestEspressos,CostlyCorianders,7021574
2026-07-04T13:05:47.639821,2026-07-04T13:05:47.647786+00:00,133.5,50,ask,EarnestEspressos,FlawlessFlatbreads,7021589
2026-07-04T13:05:47.742719,2026-07-04T13:05:47.758839+00:00,133.5,9,ask,EarnestEspressos,CostlyCorianders,7021594
2026-07-04T13:05:48.386451,2026-07-04T13:05:48.395409+00:00,133.5,35,bid,Xuanyu Liu,EarnestEspressos,7021601
2026-07-04T13:05:49.398443,2026-07-04T13:05:49.410277+00:00,133.5,47,bid,CostlyCorianders,EarnestEspressos,7021629
2026-07-04T13:05:50.397152,2026-07-04T13:05:50.405371+00:00,133.5,11,bid,Xuanyu Liu,EarnestEspressos,7021650
2026-07-04T13:05:50.950071,2026-07-04T13:05:50.958558+00:00,133.5,57,bid,DiligentDonuts,EarnestEspressos,7021658
2026-07-04T13:05:53.996304,2026-07-04T13:05:54.007424+00:00,133.6,50,ask,EarnestEspressos,FlawlessFlatbreads,7021707
2026-07-04T13:05:56.106339,2026-07-04T13:05:56.115436+00:00,133.4,50,ask,EarnestEspressos,FlawlessFlatbreads,7021737
2026-07-04T13:05:56.590833,2026-07-04T13:05:56.602710+00:00,133.4,41,ask,EarnestEspressos,CostlyCorianders,7021745
2026-07-04T13:05:58.249304,2026-07-04T13:05:58.248458+00:00,133.4,50,ask,DiligentDonuts,FlawlessFlatbreads,7021769
2026-07-04T13:06:00.779128,2026-07-04T13:06:00.787781+00:00,133.8,42,bid,CostlyCorianders,EarnestEspressos,7021803
2026-07-04T13:06:02.488683,2026-07-04T13:06:02.500499+00:00,133.4,50,ask,DiligentDonuts,FlawlessFlatbreads,7021824
2026-07-04T13:06:02.503240,2026-07-04T13:06:02.514994+00:00,133.4,43,ask,DiligentDonuts,CostlyCorianders,7021825
2026-07-04T13:06:03.661721,2026-07-04T13:06:03.668674+00:00,133.8,44,bid,CostlyCorianders,EarnestEspressos,7021844
2026-07-04T13:06:04.129502,2026-07-04T13:06:04.141105+00:00,133.5,100,bid,EarnestEspressos,DiligentDonuts,7021855
2026-07-04T13:06:04.544623,2026-07-04T13:06:04.563640+00:00,134.0,50,bid,FlawlessFlatbreads,EarnestEspressos,7021861
2026-07-04T13:06:04.612270,2026-07-04T13:06:04.623927+00:00,133.5,46,ask,EarnestEspressos,CostlyCorianders,7021864
2026-07-04T13:06:05.161850,2026-07-04T13:06:05.169113+00:00,134.0,40,bid,CostlyCorianders,EarnestEspressos,7021875
2026-07-04T13:06:06.655986,2026-07-04T13:06:06.658555+00:00,134.0,50,bid,FlawlessFlatbreads,EarnestEspressos,7021894
2026-07-04T13:06:07.795760,2026-07-04T13:06:07.807617+00:00,133.5,40,ask,EarnestEspressos,CostlyCorianders,7021916
2026-07-04T13:06:08.763636,2026-07-04T13:06:08.775168+00:00,133.9,50,bid,FlawlessFlatbreads,DiligentDonuts,7021939
2026-07-04T13:06:13.007152,2026-07-04T13:06:13.014893+00:00,133.9,50,bid,FlawlessFlatbreads,EarnestEspressos,7021994
2026-07-04T13:06:13.472680,2026-07-04T13:06:13.484154+00:00,133.9,41,bid,CostlyCorianders,EarnestEspressos,7021996
2026-07-04T13:06:14.078186,2026-07-04T13:06:14.089673+00:00,133.8,46,ask,EarnestEspressos,CostlyCorianders,7022004
2026-07-04T13:06:15.138937,2026-07-04T13:06:15.146302+00:00,134.1,50,bid,FlawlessFlatbreads,DiligentDonuts,7022016
2026-07-04T13:06:16.505536,2026-07-04T13:06:16.518579+00:00,133.8,23,ask,EarnestEspressos,Xuanyu Liu,7022037
2026-07-04T13:06:17.246561,2026-07-04T13:06:17.258615+00:00,133.8,50,bid,FlawlessFlatbreads,EarnestEspressos,7022049
2026-07-04T13:06:17.498904,2026-07-04T13:06:17.510534+00:00,133.6,47,ask,DiligentDonuts,CostlyCorianders,7022054
2026-07-04T13:06:19.385194,2026-07-04T13:06:19.392011+00:00,133.8,50,bid,FlawlessFlatbreads,EarnestEspressos,7022084
2026-07-04T13:06:21.495417,2026-07-04T13:06:21.507101+00:00,134.0,50,bid,FlawlessFlatbreads,DiligentDonuts,7022124
2026-07-04T13:06:23.607870,2026-07-04T13:06:23.616893+00:00,134.2,50,bid,FlawlessFlatbreads,DiligentDonuts,7022152
2026-07-04T13:06:25.719479,2026-07-04T13:06:25.726698+00:00,134.2,50,bid,FlawlessFlatbreads,DiligentDonuts,7022177
2026-07-04T13:06:27.847063,2026-07-04T13:06:27.855596+00:00,134.5,50,bid,FlawlessFlatbreads,EarnestEspressos,7022212
2026-07-04T13:06:28.720634,2026-07-04T13:06:28.728937+00:00,134.5,44,bid,CostlyCorianders,EarnestEspressos,7022234
2026-07-04T13:06:29.449304,2026-07-04T13:06:29.459042+00:00,134.4,23,ask,EarnestEspressos,Xuanyu Liu,7022239
2026-07-04T13:06:29.954886,2026-07-04T13:06:29.966656+00:00,134.7,50,bid,FlawlessFlatbreads,DiligentDonuts,7022256
2026-07-04T13:06:31.588692,2026-07-04T13:06:31.600433+00:00,134.4,44,ask,EarnestEspressos,CostlyCorianders,7022282
2026-07-04T13:06:32.065993,2026-07-04T13:06:32.083739+00:00,134.9,50,bid,FlawlessFlatbreads,EarnestEspressos,7022287
2026-07-04T13:06:32.590099,2026-07-04T13:06:32.601792+00:00,134.9,42,bid,CostlyCorianders,DiligentDonuts,7022294
2026-07-04T13:06:32.739115,2026-07-04T13:06:32.749416+00:00,134.4,11,ask,DiligentDonuts,Xuanyu Liu,7022297
2026-07-04T13:06:34.177598,2026-07-04T13:06:34.185502+00:00,134.9,50,bid,FlawlessFlatbreads,DiligentDonuts,7022314
2026-07-04T13:06:34.511811,2026-07-04T13:06:34.523926+00:00,134.4,42,ask,DiligentDonuts,CostlyCorianders,7022316
2026-07-04T13:06:36.088409,2026-07-04T13:06:36.099951+00:00,134.8,49,bid,CostlyCorianders,DiligentDonuts,7022333
2026-07-04T13:06:38.445002,2026-07-04T13:06:38.457422+00:00,134.5,3,ask,DiligentDonuts,Xuanyu Liu,7022370
2026-07-04T13:06:38.450901,2026-07-04T13:06:38.457422+00:00,134.5,50,ask,DiligentDonuts,FlawlessFlatbreads,7022372
2026-07-04T13:06:39.082788,2026-07-04T13:06:39.091532+00:00,134.5,43,ask,DiligentDonuts,CostlyCorianders,7022383
2026-07-04T13:06:41.902892,2026-07-04T13:06:41.914540+00:00,134.3,43,ask,EarnestEspressos,CostlyCorianders,7022419
2026-07-04T13:06:42.615682,2026-07-04T13:06:42.627347+00:00,134.5,50,bid,FlawlessFlatbreads,EarnestEspressos,7022430
2026-07-04T13:06:44.774878,2026-07-04T13:06:44.786511+00:00,134.0,50,ask,EarnestEspressos,FlawlessFlatbreads,7022454
2026-07-04T13:06:45.404399,2026-07-04T13:06:45.410985+00:00,134.5,42,bid,CostlyCorianders,DiligentDonuts,7022468
2026-07-04T13:06:46.882093,2026-07-04T13:06:46.894380+00:00,134.0,50,ask,DiligentDonuts,FlawlessFlatbreads,7022485
2026-07-04T13:06:48.940622,2026-07-04T13:06:48.952558+00:00,134.3,50,bid,FlawlessFlatbreads,EarnestEspressos,7022511
2026-07-04T13:06:49.879684,2026-07-04T13:06:49.887449+00:00,134.3,48,bid,CostlyCorianders,EarnestEspressos,7022522
2026-07-04T13:06:50.996215,2026-07-04T13:06:51.006738+00:00,133.9,49,ask,DiligentDonuts,CostlyCorianders,7022529
2026-07-04T13:06:51.083722,2026-07-04T13:06:51.092547+00:00,134.3,50,bid,FlawlessFlatbreads,EarnestEspressos,7022534
2026-07-04T13:06:51.582587,2026-07-04T13:06:51.593089+00:00,134.3,100,bid,EarnestEspressos,DiligentDonuts,7022540
2026-07-04T13:06:52.516696,2026-07-04T13:06:52.528430+00:00,134.5,42,ask,EarnestEspressos,CostlyCorianders,7022555
2026-07-04T13:06:53.240601,2026-07-04T13:06:53.252441+00:00,134.5,8,ask,EarnestEspressos,FlawlessFlatbreads,7022571
2026-07-04T13:06:53.240601,2026-07-04T13:06:53.252441+00:00,133.8,42,ask,DiligentDonuts,FlawlessFlatbreads,7022572
2026-07-04T13:06:54.258660,2026-07-04T13:06:54.265924+00:00,134.6,42,bid,CostlyCorianders,Alan Niu,7022587
2026-07-04T13:06:54.407733,2026-07-04T13:06:54.416366+00:00,134.4,42,bid,Alan Niu,DiligentDonuts,7022589
2026-07-04T13:06:55.360910,2026-07-04T13:06:55.372213+00:00,133.9,50,ask,DiligentDonuts,FlawlessFlatbreads,7022606
2026-07-04T13:06:59.523544,2026-07-04T13:06:59.535059+00:00,134.0,50,bid,FlawlessFlatbreads,EarnestEspressos,7022663
2026-07-04T13:06:59.879582,2026-07-04T13:06:59.890961+00:00,134.0,44,bid,CostlyCorianders,EarnestEspressos,7022668
2026-07-04T13:07:01.681433,2026-07-04T13:07:01.690985+00:00,133.7,50,ask,EarnestEspressos,FlawlessFlatbreads,7022692
2026-07-04T13:07:03.736593,2026-07-04T13:07:03.745410+00:00,134.0,50,bid,FlawlessFlatbreads,Alan Niu,7022731
2026-07-04T13:07:05.740541,2026-07-04T13:07:05.748743+00:00,133.7,43,ask,Alan Niu,CostlyCorianders,7022757
2026-07-04T13:07:05.894123,2026-07-04T13:07:05.906085+00:00,133.7,7,ask,Alan Niu,FlawlessFlatbreads,7022758
2026-07-04T13:07:05.894123,2026-07-04T13:07:05.906085+00:00,133.6,43,ask,EarnestEspressos,FlawlessFlatbreads,7022759
2026-07-04T13:07:07.491953,2026-07-04T13:07:07.501716+00:00,134.1,43,bid,CostlyCorianders,EarnestEspressos,7022784
2026-07-04T13:07:08.002128,2026-07-04T13:07:08.013586+00:00,133.7,50,ask,DiligentDonuts,FlawlessFlatbreads,7022799
2026-07-04T13:07:09.746085,2026-07-04T13:07:09.752530+00:00,133.7,48,ask,DiligentDonuts,CostlyCorianders,7022820
2026-07-04T13:07:10.108370,2026-07-04T13:07:10.115556+00:00,133.6,50,ask,EarnestEspressos,FlawlessFlatbreads,7022822
2026-07-04T13:07:10.685352,2026-07-04T13:07:10.695487+00:00,133.7,40,bid,CostlyCorianders,DiligentDonuts,7022833
2026-07-04T13:07:11.167599,2026-07-04T13:07:11.179008+00:00,133.7,43,bid,CostlyCorianders,DiligentDonuts,7022837
2026-07-04T13:07:11.767985,2026-07-04T13:07:11.779780+00:00,133.3,48,ask,EarnestEspressos,CostlyCorianders,7022847
2026-07-04T13:07:12.215107,2026-07-04T13:07:12.227138+00:00,133.3,50,ask,EarnestEspressos,FlawlessFlatbreads,7022850
2026-07-04T13:07:13.732174,2026-07-04T13:07:13.744802+00:00,133.3,42,ask,DiligentDonuts,CostlyCorianders,7022874
2026-07-04T13:07:13.789741,2026-07-04T13:07:13.799560+00:00,133.3,58,ask,DiligentDonuts,EarnestEspressos,7022875
2026-07-04T13:07:13.800710,2026-07-04T13:07:13.809568+00:00,133.3,14,bid,Xuanyu Liu,EarnestEspressos,7022876
2026-07-04T13:07:14.323848,2026-07-04T13:07:14.335715+00:00,132.8,50,ask,EarnestEspressos,FlawlessFlatbreads,7022885
2026-07-04T13:07:16.431951,2026-07-04T13:07:16.443620+00:00,133.0,50,ask,DiligentDonuts,FlawlessFlatbreads,7022910
2026-07-04T13:07:18.539989,2026-07-04T13:07:18.551593+00:00,133.0,50,ask,DiligentDonuts,FlawlessFlatbreads,7022939
2026-07-04T13:07:19.627607,2026-07-04T13:07:19.635414+00:00,133.0,12,bid,Xuanyu Liu,DiligentDonuts,7022952
2026-07-04T13:07:20.323990,2026-07-04T13:07:20.333075+00:00,133.0,48,bid,CostlyCorianders,DiligentDonuts,7022968
2026-07-04T13:07:24.176868,2026-07-04T13:07:24.186209+00:00,133.1,46,bid,CostlyCorianders,DiligentDonuts,7023008
2026-07-04T13:07:27.330970,2026-07-04T13:07:27.345657+00:00,132.8,12,ask,DiligentDonuts,Xuanyu Liu,7023051
2026-07-04T13:07:29.013330,2026-07-04T13:07:29.023688+00:00,132.9,50,bid,FlawlessFlatbreads,EarnestEspressos,7023083
2026-07-04T13:07:30.046243,2026-07-04T13:07:30.053140+00:00,132.6,49,ask,EarnestEspressos,CostlyCorianders,7023096
2026-07-04T13:07:30.511602,2026-07-04T13:07:30.523677+00:00,132.6,42,ask,EarnestEspressos,CostlyCorianders,7023101
2026-07-04T13:07:31.173640,2026-07-04T13:07:31.184662+00:00,132.6,50,ask,EarnestEspressos,FlawlessFlatbreads,7023109
2026-07-04T13:07:32.805800,2026-07-04T13:07:32.815671+00:00,132.6,23,bid,Xuanyu Liu,EarnestEspressos,7023137
2026-07-04T13:07:33.229942,2026-07-04T13:07:33.241691+00:00,132.6,50,bid,FlawlessFlatbreads,EarnestEspressos,7023147
2026-07-04T13:07:34.062420,2026-07-04T13:07:34.074172+00:00,132.6,48,bid,CostlyCorianders,EarnestEspressos,7023160
2026-07-04T13:07:34.471191,2026-07-04T13:07:34.479623+00:00,132.6,12,bid,Xuanyu Liu,EarnestEspressos,7023175
2026-07-04T13:07:34.626453,2026-07-04T13:07:34.638243+00:00,132.5,47,ask,DiligentDonuts,CostlyCorianders,7023180
2026-07-04T13:07:35.387146,2026-07-04T13:07:35.399010+00:00,132.1,50,ask,EarnestEspressos,FlawlessFlatbreads,7023190
2026-07-04T13:07:36.688641,2026-07-04T13:07:36.700110+00:00,132.9,49,bid,CostlyCorianders,DiligentDonuts,7023206
2026-07-04T13:07:37.495938,2026-07-04T13:07:37.507132+00:00,132.5,50,ask,EarnestEspressos,FlawlessFlatbreads,7023219
2026-07-04T13:07:37.624386,2026-07-04T13:07:37.635778+00:00,132.9,46,bid,CostlyCorianders,DiligentDonuts,7023221
2026-07-04T13:07:39.136762,2026-07-04T13:07:39.148151+00:00,132.8,100,ask,DiligentDonuts,EarnestEspressos,7023250
2026-07-04T13:07:39.601631,2026-07-04T13:07:39.613124+00:00,132.3,50,ask,EarnestEspressos,FlawlessFlatbreads,7023258
2026-07-04T13:07:41.737503,2026-07-04T13:07:41.744498+00:00,132.3,50,ask,EarnestEspressos,FlawlessFlatbreads,7023282
2026-07-04T13:07:42.789305,2026-07-04T13:07:42.801198+00:00,132.3,45,ask,DiligentDonuts,CostlyCorianders,7023290
2026-07-04T13:07:43.794174,2026-07-04T13:07:43.805936+00:00,132.8,50,bid,FlawlessFlatbreads,DiligentDonuts,7023314
2026-07-04T13:07:43.973139,2026-07-04T13:07:43.985401+00:00,132.8,46,bid,CostlyCorianders,DiligentDonuts,7023315
2026-07-04T13:07:44.443263,2026-07-04T13:07:44.463592+00:00,132.8,4,bid,CostlyCorianders,DiligentDonuts,7023324
2026-07-04T13:07:44.443263,2026-07-04T13:07:44.463592+00:00,132.8,44,bid,CostlyCorianders,EarnestEspressos,7023325
2026-07-04T13:07:44.905935,2026-07-04T13:07:44.916549+00:00,132.8,100,bid,DiligentDonuts,EarnestEspressos,7023337
2026-07-04T13:07:45.418256,2026-07-04T13:07:45.426204+00:00,133.1,12,ask,EarnestEspressos,Xuanyu Liu,7023346
2026-07-04T13:07:45.682443,2026-07-04T13:07:45.691298+00:00,133.1,23,ask,EarnestEspressos,Xuanyu Liu,7023352
2026-07-04T13:07:45.924109,2026-07-04T13:07:45.935601+00:00,133.3,50,bid,FlawlessFlatbreads,DiligentDonuts,7023356
2026-07-04T13:07:48.126235,2026-07-04T13:07:48.137618+00:00,133.1,100,ask,EarnestEspressos,DiligentDonuts,7023387
2026-07-04T13:07:48.308474,2026-07-04T13:07:48.343356+00:00,133.1,11,ask,EarnestEspressos,Xuanyu Liu,7023392
2026-07-04T13:07:48.631949,2026-07-04T13:07:48.644044+00:00,132.8,23,bid,Xuanyu Liu,EarnestEspressos,7023402
2026-07-04T13:07:48.946214,2026-07-04T13:07:48.957711+00:00,132.8,11,bid,Xuanyu Liu,EarnestEspressos,7023412
2026-07-04T13:07:49.616125,2026-07-04T13:07:49.627153+00:00,132.8,12,bid,Xuanyu Liu,EarnestEspressos,7023428
2026-07-04T13:07:50.140025,2026-07-04T13:07:50.146869+00:00,132.8,50,bid,FlawlessFlatbreads,EarnestEspressos,7023439
2026-07-04T13:07:50.779803,2026-07-04T13:07:50.790753+00:00,132.5,40,ask,DiligentDonuts,CostlyCorianders,7023445
2026-07-04T13:07:51.405792,2026-07-04T13:07:51.416373+00:00,132.7,49,ask,DiligentDonuts,CostlyCorianders,7023463
2026-07-04T13:07:52.235647,2026-07-04T13:07:52.243173+00:00,132.8,12,ask,EarnestEspressos,Xuanyu Liu,7023477
2026-07-04T13:07:52.253342,2026-07-04T13:07:52.264800+00:00,133.2,50,bid,FlawlessFlatbreads,DiligentDonuts,7023479
2026-07-04T13:07:54.231251,2026-07-04T13:07:54.241993+00:00,133.2,46,bid,CostlyCorianders,DiligentDonuts,7023511
2026-07-04T13:07:54.372252,2026-07-04T13:07:54.384556+00:00,133.3,50,bid,FlawlessFlatbreads,EarnestEspressos,7023513
2026-07-04T13:07:54.900927,2026-07-04T13:07:54.909237+00:00,133.0,11,ask,EarnestEspressos,Xuanyu Liu,7023527
2026-07-04T13:07:56.493817,2026-07-04T13:07:56.505418+00:00,133.4,50,bid,FlawlessFlatbreads,DiligentDonuts,7023546
2026-07-04T13:07:58.080450,2026-07-04T13:07:58.091892+00:00,133.2,45,ask,DiligentDonuts,CostlyCorianders,7023570
2026-07-04T13:07:58.601615,2026-07-04T13:07:58.613463+00:00,133.6,50,bid,FlawlessFlatbreads,EarnestEspressos,7023575
2026-07-04T13:07:58.803582,2026-07-04T13:07:58.812482+00:00,133.2,23,ask,DiligentDonuts,Xuanyu Liu,7023584
2026-07-04T13:08:00.761471,2026-07-04T13:08:00.772954+00:00,133.2,50,ask,DiligentDonuts,FlawlessFlatbreads,7023611
2026-07-04T13:08:00.842737,2026-07-04T13:08:00.849347+00:00,133.6,49,bid,CostlyCorianders,EarnestEspressos,7023612
2026-07-04T13:08:01.215871,2026-07-04T13:08:01.237111+00:00,133.7,100,bid,EarnestEspressos,DiligentDonuts,7023619
2026-07-04T13:08:01.228103,2026-07-04T13:08:01.237111+00:00,133.7,3,ask,EarnestEspressos,Xuanyu Liu,7023620
2026-07-04T13:08:02.885595,2026-07-04T13:08:02.895367+00:00,133.7,47,ask,EarnestEspressos,FlawlessFlatbreads,7023651
2026-07-04T13:08:02.885595,2026-07-04T13:08:02.895367+00:00,133.2,3,ask,DiligentDonuts,FlawlessFlatbreads,7023652
2026-07-04T13:08:04.329012,2026-07-04T13:08:04.338919+00:00,133.3,44,ask,DiligentDonuts,CostlyCorianders,7023679
2026-07-04T13:08:05.299265,2026-07-04T13:08:05.307487+00:00,133.6,3,bid,Xuanyu Liu,EarnestEspressos,7023691
2026-07-04T13:08:07.046048,2026-07-04T13:08:07.057521+00:00,133.6,50,bid,FlawlessFlatbreads,EarnestEspressos,7023712
2026-07-04T13:08:07.649500,2026-07-04T13:08:07.656831+00:00,133.7,48,bid,CostlyCorianders,DiligentDonuts,7023718
2026-07-04T13:08:09.210886,2026-07-04T13:08:09.222879+00:00,133.4,50,ask,EarnestEspressos,FlawlessFlatbreads,7023742
2026-07-04T13:08:09.729207,2026-07-04T13:08:09.741117+00:00,133.4,43,ask,EarnestEspressos,CostlyCorianders,7023755
2026-07-04T13:08:10.760243,2026-07-04T13:08:10.769466+00:00,133.6,11,bid,Xuanyu Liu,EarnestEspressos,7023773
2026-07-04T13:08:11.316998,2026-07-04T13:08:11.328939+00:00,133.5,50,ask,DiligentDonuts,FlawlessFlatbreads,7023782
2026-07-04T13:08:13.012828,2026-07-04T13:08:13.024551+00:00,133.5,41,ask,DiligentDonuts,CostlyCorianders,7023806
2026-07-04T13:08:13.425391,2026-07-04T13:08:13.435611+00:00,133.3,50,ask,DiligentDonuts,FlawlessFlatbreads,7023819
2026-07-04T13:08:14.629212,2026-07-04T13:08:14.640957+00:00,133.7,42,bid,CostlyCorianders,EarnestEspressos,7023831
2026-07-04T13:08:15.179310,2026-07-04T13:08:15.191120+00:00,133.7,40,bid,CostlyCorianders,EarnestEspressos,7023843
2026-07-04T13:08:15.531215,2026-07-04T13:08:15.542648+00:00,133.3,50,ask,DiligentDonuts,FlawlessFlatbreads,7023851
2026-07-04T13:08:16.612241,2026-07-04T13:08:16.622208+00:00,133.5,12,bid,Xuanyu Liu,DiligentDonuts,7023870
2026-07-04T13:08:17.018497,2026-07-04T13:08:17.030621+00:00,133.5,88,bid,EarnestEspressos,DiligentDonuts,7023876
2026-07-04T13:08:17.636872,2026-07-04T13:08:17.648580+00:00,133.5,50,ask,EarnestEspressos,FlawlessFlatbreads,7023888
2026-07-04T13:08:19.744549,2026-07-04T13:08:19.753838+00:00,133.6,50,ask,DiligentDonuts,FlawlessFlatbreads,7023916
2026-07-04T13:08:20.475427,2026-07-04T13:08:20.482761+00:00,133.7,11,bid,Xuanyu Liu,EarnestEspressos,7023929
2026-07-04T13:08:21.851091,2026-07-04T13:08:21.858577+00:00,133.6,50,ask,DiligentDonuts,FlawlessFlatbreads,7023940
2026-07-04T13:08:22.398191,2026-07-04T13:08:22.407264+00:00,133.7,23,bid,Xuanyu Liu,EarnestEspressos,7023948
2026-07-04T13:08:23.912506,2026-07-04T13:08:23.924026+00:00,134.0,50,bid,FlawlessFlatbreads,DiligentDonuts,7023978
2026-07-04T13:08:24.694933,2026-07-04T13:08:24.704493+00:00,133.6,41,ask,EarnestEspressos,CostlyCorianders,7023984
2026-07-04T13:08:25.307259,2026-07-04T13:08:25.315070+00:00,134.0,44,bid,CostlyCorianders,DiligentDonuts,7023995
2026-07-04T13:08:25.360629,2026-07-04T13:08:25.372775+00:00,133.6,40,ask,EarnestEspressos,CostlyCorianders,7023999
2026-07-04T13:08:26.375608,2026-07-04T13:08:26.387259+00:00,134.1,48,bid,CostlyCorianders,EarnestEspressos,7024014
2026-07-04T13:08:28.125669,2026-07-04T13:08:28.137410+00:00,133.8,50,bid,FlawlessFlatbreads,EarnestEspressos,7024040
2026-07-04T13:08:28.915115,2026-07-04T13:08:28.924042+00:00,133.7,40,ask,DiligentDonuts,CostlyCorianders,7024046
2026-07-04T13:08:30.290824,2026-07-04T13:08:30.309650+00:00,133.7,50,ask,DiligentDonuts,FlawlessFlatbreads,7024070
2026-07-04T13:08:30.301127,2026-07-04T13:08:30.309650+00:00,133.7,23,ask,DiligentDonuts,Xuanyu Liu,7024071
2026-07-04T13:08:32.400105,2026-07-04T13:08:32.407672+00:00,133.7,100,ask,EarnestEspressos,DiligentDonuts,7024105
2026-07-04T13:08:32.898828,2026-07-04T13:08:32.910433+00:00,133.4,12,bid,Xuanyu Liu,EarnestEspressos,7024109
2026-07-04T13:08:32.926795,2026-07-04T13:08:32.935091+00:00,133.4,11,bid,Xuanyu Liu,EarnestEspressos,7024112
2026-07-04T13:08:34.237223,2026-07-04T13:08:34.247576+00:00,133.4,23,bid,Xuanyu Liu,EarnestEspressos,7024127
2026-07-04T13:08:35.509033,2026-07-04T13:08:35.519121+00:00,133.4,100,bid,DiligentDonuts,EarnestEspressos,7024144
2026-07-04T13:08:36.008690,2026-07-04T13:08:36.018119+00:00,133.7,23,ask,EarnestEspressos,Xuanyu Liu,7024155
2026-07-04T13:08:38.171013,2026-07-04T13:08:38.182826+00:00,133.7,41,ask,EarnestEspressos,CostlyCorianders,7024185
2026-07-04T13:08:40.103998,2026-07-04T13:08:40.113755+00:00,133.9,44,bid,CostlyCorianders,DiligentDonuts,7024212
2026-07-04T13:08:40.816495,2026-07-04T13:08:40.826390+00:00,133.6,50,ask,EarnestEspressos,FlawlessFlatbreads,7024225
2026-07-04T13:08:41.528513,2026-07-04T13:08:41.536876+00:00,133.9,40,bid,CostlyCorianders,DiligentDonuts,7024230
2026-07-04T13:08:42.112571,2026-07-04T13:08:42.122241+00:00,133.6,11,ask,EarnestEspressos,Xuanyu Liu,7024236
2026-07-04T13:08:42.382998,2026-07-04T13:08:42.394693+00:00,133.6,100,ask,DiligentDonuts,EarnestEspressos,7024241
2026-07-04T13:08:42.923712,2026-07-04T13:08:42.935629+00:00,133.0,50,ask,EarnestEspressos,FlawlessFlatbreads,7024249
2026-07-04T13:08:43.447234,2026-07-04T13:08:43.465325+00:00,133.5,22,bid,Xuanyu Liu,EarnestEspressos,7024259
2026-07-04T13:08:44.472399,2026-07-04T13:08:44.480051+00:00,133.0,41,ask,EarnestEspressos,CostlyCorianders,7024279
2026-07-04T13:08:44.979658,2026-07-04T13:08:44.991489+00:00,133.5,28,bid,FlawlessFlatbreads,EarnestEspressos,7024284
2026-07-04T13:08:47.086974,2026-07-04T13:08:47.095848+00:00,133.8,50,bid,FlawlessFlatbreads,DiligentDonuts,7024315
2026-07-04T13:08:49.193991,2026-07-04T13:08:49.206064+00:00,133.9,50,bid,FlawlessFlatbreads,DiligentDonuts,7024344
2026-07-04T13:08:52.534158,2026-07-04T13:08:52.542215+00:00,133.4,11,ask,DiligentDonuts,Xuanyu Liu,7024381
2026-07-04T13:08:52.614955,2026-07-04T13:08:52.623212+00:00,133.4,11,ask,DiligentDonuts,Xuanyu Liu,7024386
2026-07-04T13:08:53.558171,2026-07-04T13:08:53.570056+00:00,133.4,30,ask,DiligentDonuts,CostlyCorianders,7024401
2026-07-04T13:08:54.111863,2026-07-04T13:08:54.123516+00:00,133.8,41,bid,CostlyCorianders,EarnestEspressos,7024409
2026-07-04T13:08:54.544713,2026-07-04T13:08:54.556630+00:00,133.3,100,ask,EarnestEspressos,DiligentDonuts,7024420
2026-07-04T13:08:55.550293,2026-07-04T13:08:55.556131+00:00,133.2,50,bid,FlawlessFlatbreads,EarnestEspressos,7024439
2026-07-04T13:08:56.799545,2026-07-04T13:08:56.807791+00:00,133.2,11,bid,Xuanyu Liu,EarnestEspressos,7024449
2026-07-04T13:08:57.655408,2026-07-04T13:08:57.663832+00:00,133.2,89,bid,DiligentDonuts,EarnestEspressos,7024463
2026-07-04T13:08:57.716669,2026-07-04T13:08:57.728016+00:00,133.2,11,ask,DiligentDonuts,FlawlessFlatbreads,7024464
2026-07-04T13:08:57.716669,2026-07-04T13:08:57.728016+00:00,132.7,39,ask,EarnestEspressos,FlawlessFlatbreads,7024465
2026-07-04T13:08:58.105731,2026-07-04T13:08:58.117196+00:00,133.7,43,bid,CostlyCorianders,DiligentDonuts,7024472
2026-07-04T13:08:59.846045,2026-07-04T13:08:59.858598+00:00,133.2,50,ask,EarnestEspressos,FlawlessFlatbreads,7024490
2026-07-04T13:09:00.469977,2026-07-04T13:09:00.478709+00:00,133.2,23,ask,EarnestEspressos,Xuanyu Liu,7024494
2026-07-04T13:09:00.685305,2026-07-04T13:09:00.697097+00:00,133.2,43,ask,EarnestEspressos,CostlyCorianders,7024497
2026-07-04T13:09:00.870672,2026-07-04T13:09:00.882686+00:00,133.2,34,ask,EarnestEspressos,DiligentDonuts,7024499
2026-07-04T13:09:01.385978,2026-07-04T13:09:01.394329+00:00,132.8,23,bid,Xuanyu Liu,EarnestEspressos,7024512
2026-07-04T13:09:01.783046,2026-07-04T13:09:01.791484+00:00,132.8,23,bid,Xuanyu Liu,EarnestEspressos,7024519
2026-07-04T13:09:01.953126,2026-07-04T13:09:01.965024+00:00,132.7,50,ask,DiligentDonuts,FlawlessFlatbreads,7024524
2026-07-04T13:09:04.072564,2026-07-04T13:09:04.079577+00:00,132.7,50,ask,DiligentDonuts,FlawlessFlatbreads,7024551
2026-07-04T13:09:06.127896,2026-07-04T13:09:06.139411+00:00,133.1,50,bid,FlawlessFlatbreads,EarnestEspressos,7024578
2026-07-04T13:09:08.257539,2026-07-04T13:09:08.268933+00:00,132.9,50,bid,FlawlessFlatbreads,DiligentDonuts,7024604
2026-07-04T13:09:10.367215,2026-07-04T13:09:10.378991+00:00,133.2,50,bid,FlawlessFlatbreads,EarnestEspressos,7024625
2026-07-04T13:09:10.947683,2026-07-04T13:09:10.956604+00:00,132.9,12,ask,EarnestEspressos,Xuanyu Liu,7024631
2026-07-04T13:09:11.942064,2026-07-04T13:09:11.963732+00:00,133.1,41,bid,CostlyCorianders,DiligentDonuts,7024649
2026-07-04T13:09:12.503786,2026-07-04T13:09:12.510421+00:00,133.1,50,bid,FlawlessFlatbreads,DiligentDonuts,7024658
2026-07-04T13:09:14.613098,2026-07-04T13:09:14.625014+00:00,133.3,50,bid,FlawlessFlatbreads,DiligentDonuts,7024688
2026-07-04T13:09:15.020897,2026-07-04T13:09:15.032599+00:00,132.9,46,ask,EarnestEspressos,CostlyCorianders,7024693
2026-07-04T13:09:16.659616,2026-07-04T13:09:16.668988+00:00,133.0,11,ask,DiligentDonuts,Xuanyu Liu,7024723
2026-07-04T13:09:16.722497,2026-07-04T13:09:16.734054+00:00,133.4,50,bid,FlawlessFlatbreads,EarnestEspressos,7024725
2026-07-04T13:09:18.834243,2026-07-04T13:09:18.841862+00:00,133.3,50,bid,FlawlessFlatbreads,EarnestEspressos,7024758
2026-07-04T13:09:20.317541,2026-07-04T13:09:20.327738+00:00,133.3,11,ask,EarnestEspressos,Xuanyu Liu,7024782
2026-07-04T13:09:20.944892,2026-07-04T13:09:20.958581+00:00,133.7,50,bid,FlawlessFlatbreads,DiligentDonuts,7024790
2026-07-04T13:09:23.060125,2026-07-04T13:09:23.068633+00:00,133.8,50,bid,FlawlessFlatbreads,EarnestEspressos,7024828
2026-07-04T13:09:23.485711,2026-07-04T13:09:23.493232+00:00,133.4,12,ask,EarnestEspressos,Xuanyu Liu,7024832
2026-07-04T13:09:23.948342,2026-07-04T13:09:23.960430+00:00,133.8,44,bid,CostlyCorianders,DiligentDonuts,7024839
2026-07-04T13:09:24.034255,2026-07-04T13:09:24.042519+00:00,133.4,48,ask,EarnestEspressos,CostlyCorianders,7024840
2026-07-04T13:09:25.168867,2026-07-04T13:09:25.179519+00:00,133.8,50,bid,FlawlessFlatbreads,DiligentDonuts,7024858
2026-07-04T13:09:25.228494,2026-07-04T13:09:25.236804+00:00,133.4,11,ask,EarnestEspressos,Xuanyu Liu,7024860
2026-07-04T13:09:25.672160,2026-07-04T13:09:25.683674+00:00,133.8,6,bid,CostlyCorianders,DiligentDonuts,7024865
2026-07-04T13:09:25.672160,2026-07-04T13:09:25.683674+00:00,133.9,42,bid,CostlyCorianders,EarnestEspressos,7024866
2026-07-04T13:09:25.726821,2026-07-04T13:09:25.734178+00:00,133.4,42,ask,EarnestEspressos,CostlyCorianders,7024867
2026-07-04T13:09:26.191472,2026-07-04T13:09:26.204545+00:00,133.7,23,ask,DiligentDonuts,Xuanyu Liu,7024875
2026-07-04T13:09:26.262779,2026-07-04T13:09:26.274461+00:00,133.9,46,bid,CostlyCorianders,EarnestEspressos,7024877
2026-07-04T13:09:29.463132,2026-07-04T13:09:29.474618+00:00,133.6,50,ask,DiligentDonuts,FlawlessFlatbreads,7024914
2026-07-04T13:09:31.668583,2026-07-04T13:09:31.680308+00:00,133.6,41,ask,DiligentDonuts,CostlyCorianders,7024940
2026-07-04T13:09:33.621707,2026-07-04T13:09:33.633218+00:00,133.8,50,bid,FlawlessFlatbreads,DiligentDonuts,7024969
2026-07-04T13:09:35.727485,2026-07-04T13:09:35.739237+00:00,133.9,50,bid,FlawlessFlatbreads,EarnestEspressos,7024983
2026-07-04T13:09:37.835409,2026-07-04T13:09:37.847133+00:00,134.1,50,bid,FlawlessFlatbreads,DiligentDonuts,7025012
2026-07-04T13:09:39.942353,2026-07-04T13:09:39.954198+00:00,134.2,50,bid,FlawlessFlatbreads,DiligentDonuts,7025036
2026-07-04T13:09:41.464270,2026-07-04T13:09:41.475965+00:00,133.7,43,ask,DiligentDonuts,CostlyCorianders,7025053
2026-07-04T13:09:42.050274,2026-07-04T13:09:42.056773+00:00,134.2,50,bid,FlawlessFlatbreads,EarnestEspressos,7025064
2026-07-04T13:09:42.643733,2026-07-04T13:09:42.655505+00:00,134.2,43,bid,CostlyCorianders,DiligentDonuts,7025072
2026-07-04T13:09:43.266523,2026-07-04T13:09:43.278060+00:00,133.8,47,ask,EarnestEspressos,CostlyCorianders,7025080
2026-07-04T13:09:44.158744,2026-07-04T13:09:44.170327+00:00,134.2,50,bid,FlawlessFlatbreads,DiligentDonuts,7025098
2026-07-04T13:09:44.679992,2026-07-04T13:09:44.691762+00:00,133.8,49,ask,EarnestEspressos,CostlyCorianders,7025108
2026-07-04T13:09:45.225021,2026-07-04T13:09:45.233886+00:00,134.1,3,ask,DiligentDonuts,Xuanyu Liu,7025116
2026-07-04T13:09:45.653730,2026-07-04T13:09:45.665005+00:00,134.1,97,ask,DiligentDonuts,EarnestEspressos,7025125
2026-07-04T13:09:46.265150,2026-07-04T13:09:46.272349+00:00,134.1,50,bid,FlawlessFlatbreads,EarnestEspressos,7025136
2026-07-04T13:09:48.371730,2026-07-04T13:09:48.381951+00:00,134.1,3,bid,FlawlessFlatbreads,EarnestEspressos,7025174
2026-07-04T13:09:48.371730,2026-07-04T13:09:48.381951+00:00,134.6,47,bid,FlawlessFlatbreads,Alan Niu,7025175
2026-07-04T13:09:50.531204,2026-07-04T13:09:50.542760+00:00,134.3,50,ask,EarnestEspressos,FlawlessFlatbreads,7025204
2026-07-04T13:09:51.452408,2026-07-04T13:09:51.463821+00:00,134.5,46,bid,CostlyCorianders,DiligentDonuts,7025218
2026-07-04T13:09:52.921669,2026-07-04T13:09:52.930144+00:00,134.2,100,ask,DiligentDonuts,Chester Au,7025235
2026-07-04T13:09:54.026299,2026-07-04T13:09:54.038320+00:00,134.3,48,bid,CostlyCorianders,Alan Niu,7025259
2026-07-04T13:09:56.844041,2026-07-04T13:09:56.851393+00:00,134.1,50,ask,EarnestEspressos,FlawlessFlatbreads,7025295
2026-07-04T13:09:58.949244,2026-07-04T13:09:58.958615+00:00,134.2,50,ask,Alan Niu,FlawlessFlatbreads,7025319
2026-07-04T13:09:59.579109,2026-07-04T13:09:59.589187+00:00,134.4,45,bid,CostlyCorianders,DiligentDonuts,7025327
2026-07-04T13:10:01.057513,2026-07-04T13:10:01.069491+00:00,134.1,45,ask,Alan Niu,FlawlessFlatbreads,7025347
2026-07-04T13:10:01.057513,2026-07-04T13:10:01.069491+00:00,134.1,5,ask,DiligentDonuts,FlawlessFlatbreads,7025348
2026-07-04T13:10:03.166574,2026-07-04T13:10:03.173941+00:00,134.1,50,ask,DiligentDonuts,FlawlessFlatbreads,7025373
2026-07-04T13:10:05.273572,2026-07-04T13:10:05.285386+00:00,133.7,50,ask,EarnestEspressos,FlawlessFlatbreads,7025408
2026-07-04T13:10:06.778840,2026-07-04T13:10:06.790564+00:00,133.7,42,ask,EarnestEspressos,CostlyCorianders,7025424
2026-07-04T13:10:07.380836,2026-07-04T13:10:07.390631+00:00,133.7,50,ask,EarnestEspressos,FlawlessFlatbreads,7025433
2026-07-04T13:10:07.817502,2026-07-04T13:10:07.828953+00:00,133.7,100,bid,Chester Au,EarnestEspressos,7025441
2026-07-04T13:10:07.820275,2026-07-04T13:10:07.828953+00:00,133.7,14,bid,Xuanyu Liu,EarnestEspressos,7025442
2026-07-04T13:10:08.156484,2026-07-04T13:10:08.154140+00:00,133.7,36,bid,CostlyCorianders,EarnestEspressos,7025450
2026-07-04T13:10:09.437877,2026-07-04T13:10:09.448392+00:00,134.1,50,bid,FlawlessFlatbreads,DiligentDonuts,7025473
2026-07-04T13:10:10.051085,2026-07-04T13:10:10.059692+00:00,133.6,42,ask,DiligentDonuts,CostlyCorianders,7025484
2026-07-04T13:10:10.578883,2026-07-04T13:10:10.590705+00:00,133.8,45,ask,DiligentDonuts,CostlyCorianders,7025489
2026-07-04T13:10:11.544077,2026-07-04T13:10:11.551463+00:00,134.3,50,bid,FlawlessFlatbreads,DiligentDonuts,7025505
2026-07-04T13:10:12.972387,2026-07-04T13:10:12.979470+00:00,134.3,46,bid,CostlyCorianders,DiligentDonuts,7025540
2026-07-04T13:10:13.652827,2026-07-04T13:10:13.653762+00:00,134.5,50,bid,FlawlessFlatbreads,EarnestEspressos,7025547
2026-07-04T13:10:14.081604,2026-07-04T13:10:14.089100+00:00,134.3,11,ask,EarnestEspressos,Xuanyu Liu,7025558
2026-07-04T13:10:14.330384,2026-07-04T13:10:14.342056+00:00,134.3,44,ask,EarnestEspressos,CostlyCorianders,7025563
2026-07-04T13:10:15.336180,2026-07-04T13:10:15.348090+00:00,134.3,46,ask,EarnestEspressos,FlawlessFlatbreads,7025578
2026-07-04T13:10:15.530572,2026-07-04T13:10:15.539136+00:00,134.3,3,ask,EarnestEspressos,Xuanyu Liu,7025580
2026-07-04T13:10:15.808175,2026-07-04T13:10:15.816382+00:00,134.3,46,ask,EarnestEspressos,CostlyCorianders,7025583
2026-07-04T13:10:15.808175,2026-07-04T13:10:15.816382+00:00,134.2,4,ask,DiligentDonuts,FlawlessFlatbreads,7025584
2026-07-04T13:10:17.480225,2026-07-04T13:10:17.488035+00:00,134.0,48,bid,CostlyCorianders,EarnestEspressos,7025616
2026-07-04T13:10:19.997255,2026-07-04T13:10:20.009068+00:00,134.0,50,bid,FlawlessFlatbreads,EarnestEspressos,7025649
2026-07-04T13:10:22.174193,2026-07-04T13:10:22.185741+00:00,133.9,50,ask,DiligentDonuts,FlawlessFlatbreads,7025685
2026-07-04T13:10:23.114650,2026-07-04T13:10:23.126625+00:00,134.3,47,bid,CostlyCorianders,EarnestEspressos,7025695
2026-07-04T13:10:23.759367,2026-07-04T13:10:23.770935+00:00,134.0,47,ask,EarnestEspressos,CostlyCorianders,7025705
2026-07-04T13:10:24.280934,2026-07-04T13:10:24.292171+00:00,134.0,50,ask,EarnestEspressos,FlawlessFlatbreads,7025710
2026-07-04T13:10:24.374378,2026-07-04T13:10:24.383063+00:00,134.2,46,bid,CostlyCorianders,DiligentDonuts,7025715
2026-07-04T13:10:27.683083,2026-07-04T13:10:27.693274+00:00,134.1,40,bid,CostlyCorianders,DiligentDonuts,7025761
2026-07-04T13:10:28.443804,2026-07-04T13:10:28.463658+00:00,134.1,50,bid,FlawlessFlatbreads,DiligentDonuts,7025773
2026-07-04T13:10:29.518592,2026-07-04T13:10:29.530364+00:00,134.1,100,bid,DiligentDonuts,EarnestEspressos,7025786
2026-07-04T13:10:30.551360,2026-07-04T13:10:30.563637+00:00,134.3,50,bid,FlawlessFlatbreads,Alan Niu,7025807
2026-07-04T13:10:31.146728,2026-07-04T13:10:31.158578+00:00,133.9,47,ask,EarnestEspressos,CostlyCorianders,7025816
2026-07-04T13:10:31.754800,2026-07-04T13:10:31.766297+00:00,133.9,48,ask,EarnestEspressos,CostlyCorianders,7025824
2026-07-04T13:10:32.658586,2026-07-04T13:10:32.670316+00:00,134.4,50,bid,FlawlessFlatbreads,EarnestEspressos,7025838
2026-07-04T13:10:39.058087,2026-07-04T13:10:39.069006+00:00,133.9,50,ask,EarnestEspressos,FlawlessFlatbreads,7025913
2026-07-04T13:10:41.164616,2026-07-04T13:10:41.176283+00:00,134.2,50,ask,EarnestEspressos,FlawlessFlatbreads,7025935
2026-07-04T13:10:41.432954,2026-07-04T13:10:41.439761+00:00,134.3,50,bid,Alan Niu,DiligentDonuts,7025942
2026-07-04T13:10:42.591542,2026-07-04T13:10:42.603099+00:00,134.4,100,ask,DiligentDonuts,EarnestEspressos,7025959
2026-07-04T13:10:42.833310,2026-07-04T13:10:42.844749+00:00,134.3,40,bid,CostlyCorianders,EarnestEspressos,7025963
2026-07-04T13:10:43.300451,2026-07-04T13:10:43.308043+00:00,133.8,50,ask,EarnestEspressos,FlawlessFlatbreads,7025967
2026-07-04T13:10:45.365110,2026-07-04T13:10:45.375919+00:00,134.3,3,bid,Xuanyu Liu,EarnestEspressos,7026005
2026-07-04T13:10:45.407874,2026-07-04T13:10:45.418026+00:00,134.0,50,ask,DiligentDonuts,FlawlessFlatbreads,7026007
2026-07-04T13:10:45.921549,2026-07-04T13:10:45.928636+00:00,134.4,40,ask,EarnestEspressos,CostlyCorianders,7026016
2026-07-04T13:10:47.516900,2026-07-04T13:10:47.526262+00:00,134.4,50,ask,EarnestEspressos,FlawlessFlatbreads,7026037
2026-07-04T13:10:49.624267,2026-07-04T13:10:49.636357+00:00,134.0,50,ask,DiligentDonuts,FlawlessFlatbreads,7026066
2026-07-04T13:10:51.733958,2026-07-04T13:10:51.744470+00:00,134.1,50,ask,DiligentDonuts,FlawlessFlatbreads,7026096
2026-07-04T13:10:53.839828,2026-07-04T13:10:53.851741+00:00,134.1,50,ask,DiligentDonuts,FlawlessFlatbreads,7026124
2026-07-04T13:10:53.908939,2026-07-04T13:10:53.920424+00:00,134.3,48,bid,CostlyCorianders,EarnestEspressos,7026125
2026-07-04T13:10:54.903154,2026-07-04T13:10:54.911686+00:00,133.8,100,ask,EarnestEspressos,DiligentDonuts,7026137
2026-07-04T13:10:55.839786,2026-07-04T13:10:55.848355+00:00,134.0,11,bid,Xuanyu Liu,EarnestEspressos,7026151
2026-07-04T13:10:55.913371,2026-07-04T13:10:55.922824+00:00,134.0,45,bid,CostlyCorianders,EarnestEspressos,7026153
2026-07-04T13:10:56.656598,2026-07-04T13:10:56.665034+00:00,134.0,12,bid,Xuanyu Liu,EarnestEspressos,7026163
2026-07-04T13:10:59.174901,2026-07-04T13:10:59.186550+00:00,133.8,42,ask,EarnestEspressos,CostlyCorianders,7026192
2026-07-04T13:11:00.153651,2026-07-04T13:11:00.161997+00:00,133.8,50,ask,EarnestEspressos,FlawlessFlatbreads,7026209
2026-07-04T13:11:02.261051,2026-07-04T13:11:02.272703+00:00,133.6,50,ask,DiligentDonuts,FlawlessFlatbreads,7026232
2026-07-04T13:11:02.409820,2026-07-04T13:11:02.417856+00:00,133.9,11,bid,Xuanyu Liu,EarnestEspressos,7026236
2026-07-04T13:11:04.140579,2026-07-04T13:11:04.158550+00:00,133.6,43,ask,DiligentDonuts,CostlyCorianders,7026261
2026-07-04T13:11:04.367362,2026-07-04T13:11:04.379208+00:00,133.4,50,ask,EarnestEspressos,FlawlessFlatbreads,7026263
2026-07-04T13:11:04.777940,2026-07-04T13:11:04.789450+00:00,133.7,47,bid,CostlyCorianders,EarnestEspressos,7026267
2026-07-04T13:11:05.325065,2026-07-04T13:11:05.336796+00:00,133.7,48,bid,CostlyCorianders,EarnestEspressos,7026278
2026-07-04T13:11:05.936514,2026-07-04T13:11:05.945543+00:00,133.7,43,bid,CostlyCorianders,EarnestEspressos,7026286
2026-07-04T13:11:07.649833,2026-07-04T13:11:07.658775+00:00,133.7,12,bid,Xuanyu Liu,EarnestEspressos,7026312
2026-07-04T13:11:07.844720,2026-07-04T13:11:07.856345+00:00,133.7,100,bid,EarnestEspressos,DiligentDonuts,7026317
2026-07-04T13:11:07.862858,2026-07-04T13:11:07.870622+00:00,133.9,45,ask,EarnestEspressos,CostlyCorianders,7026318
2026-07-04T13:11:08.578656,2026-07-04T13:11:08.590335+00:00,133.9,5,ask,EarnestEspressos,FlawlessFlatbreads,7026326
2026-07-04T13:11:10.633937,2026-07-04T13:11:10.645831+00:00,134.4,50,bid,FlawlessFlatbreads,EarnestEspressos,7026349
2026-07-04T13:11:11.690842,2026-07-04T13:11:11.702588+00:00,134.1,42,bid,CostlyCorianders,EarnestEspressos,7026360
2026-07-04T13:11:12.740371,2026-07-04T13:11:12.751948+00:00,134.1,50,bid,FlawlessFlatbreads,EarnestEspressos,7026386
2026-07-04T13:11:13.579818,2026-07-04T13:11:13.590912+00:00,133.8,43,ask,DiligentDonuts,CostlyCorianders,7026391
2026-07-04T13:11:17.001734,2026-07-04T13:11:17.013211+00:00,134.1,50,ask,EarnestEspressos,FlawlessFlatbreads,7026430
2026-07-04T13:11:18.653989,2026-07-04T13:11:18.665888+00:00,134.0,48,ask,DiligentDonuts,CostlyCorianders,7026457
2026-07-04T13:11:21.219009,2026-07-04T13:11:21.226652+00:00,134.3,50,ask,EarnestEspressos,FlawlessFlatbreads,7026503
2026-07-04T13:11:23.334691,2026-07-04T13:11:23.344039+00:00,134.3,50,ask,EarnestEspressos,FlawlessFlatbreads,7026534
2026-07-04T13:11:25.390574,2026-07-04T13:11:25.402067+00:00,134.4,50,bid,FlawlessFlatbreads,EarnestEspressos,7026571
2026-07-04T13:11:25.805108,2026-07-04T13:11:25.815139+00:00,134.4,42,bid,CostlyCorianders,EarnestEspressos,7026579
2026-07-04T13:11:27.551419,2026-07-04T13:11:27.558966+00:00,134.2,50,ask,EarnestEspressos,FlawlessFlatbreads,7026597
2026-07-04T13:11:29.657800,2026-07-04T13:11:29.669459+00:00,134.2,50,ask,EarnestEspressos,FlawlessFlatbreads,7026627
2026-07-04T13:11:30.070605,2026-07-04T13:11:30.079938+00:00,134.3,11,bid,Xuanyu Liu,EarnestEspressos,7026636
2026-07-04T13:11:30.686451,2026-07-04T13:11:30.698433+00:00,133.9,41,ask,DiligentDonuts,CostlyCorianders,7026645
2026-07-04T13:11:31.734687,2026-07-04T13:11:31.747997+00:00,134.3,50,bid,FlawlessFlatbreads,EarnestEspressos,7026658
2026-07-04T13:11:33.846942,2026-07-04T13:11:33.858543+00:00,134.2,50,bid,FlawlessFlatbreads,DiligentDonuts,7026692
2026-07-04T13:11:33.905968,2026-07-04T13:11:33.913996+00:00,134.2,11,bid,Xuanyu Liu,DiligentDonuts,7026697
2026-07-04T13:11:36.009202,2026-07-04T13:11:36.020067+00:00,134.0,50,ask,EarnestEspressos,FlawlessFlatbreads,7026718
2026-07-04T13:11:38.115983,2026-07-04T13:11:38.127394+00:00,133.9,50,ask,DiligentDonuts,FlawlessFlatbreads,7026747
2026-07-04T13:11:40.234206,2026-07-04T13:11:40.246727+00:00,133.9,50,ask,DiligentDonuts,FlawlessFlatbreads,7026775
2026-07-04T13:11:42.289670,2026-07-04T13:11:42.311830+00:00,134.1,50,bid,FlawlessFlatbreads,EarnestEspressos,7026812
2026-07-04T13:11:44.045425,2026-07-04T13:11:44.058763+00:00,134.0,43,bid,CostlyCorianders,DiligentDonuts,7026833
2026-07-04T13:11:44.395837,2026-07-04T13:11:44.407656+00:00,134.0,50,bid,FlawlessFlatbreads,DiligentDonuts,7026837
2026-07-04T13:11:44.560931,2026-07-04T13:11:44.572641+00:00,133.8,40,ask,EarnestEspressos,CostlyCorianders,7026841
2026-07-04T13:11:46.504842,2026-07-04T13:11:46.516518+00:00,134.4,50,bid,FlawlessFlatbreads,DiligentDonuts,7026867
2026-07-04T13:11:48.611018,2026-07-04T13:11:48.622093+00:00,134.5,50,bid,FlawlessFlatbreads,EarnestEspressos,7026896
2026-07-04T13:11:50.248071,2026-07-04T13:11:50.254626+00:00,134.8,43,bid,CostlyCorianders,EarnestEspressos,7026930
2026-07-04T13:11:50.768276,2026-07-04T13:11:50.780087+00:00,134.4,50,ask,DiligentDonuts,FlawlessFlatbreads,7026936
2026-07-04T13:11:51.305621,2026-07-04T13:11:51.312035+00:00,134.8,47,bid,CostlyCorianders,EarnestEspressos,7026942
2026-07-04T13:11:51.834450,2026-07-04T13:11:51.846245+00:00,134.4,45,ask,EarnestEspressos,CostlyCorianders,7026949
2026-07-04T13:11:52.260457,2026-07-04T13:11:52.268794+00:00,134.7,22,ask,EarnestEspressos,Xuanyu Liu,7026958
2026-07-04T13:11:52.875786,2026-07-04T13:11:52.887422+00:00,134.7,50,ask,EarnestEspressos,FlawlessFlatbreads,7026974
2026-07-04T13:11:54.986229,2026-07-04T13:11:55.000094+00:00,134.7,50,ask,EarnestEspressos,FlawlessFlatbreads,7027010
2026-07-04T13:11:55.886533,2026-07-04T13:11:55.898484+00:00,134.9,43,bid,CostlyCorianders,EarnestEspressos,7027016
2026-07-04T13:11:56.837199,2026-07-04T13:11:56.849055+00:00,134.6,46,ask,DiligentDonuts,CostlyCorianders,7027039
2026-07-04T13:11:57.041281,2026-07-04T13:11:57.052910+00:00,134.9,50,bid,FlawlessFlatbreads,EarnestEspressos,7027040
2026-07-04T13:11:57.914232,2026-07-04T13:11:57.925799+00:00,134.9,43,bid,CostlyCorianders,EarnestEspressos,7027050
2026-07-04T13:11:58.466084,2026-07-04T13:11:58.477855+00:00,134.9,100,bid,EarnestEspressos,DiligentDonuts,7027057
2026-07-04T13:11:59.148394,2026-07-04T13:11:59.154945+00:00,135.4,50,bid,FlawlessFlatbreads,EarnestEspressos,7027067
2026-07-04T13:12:01.255187,2026-07-04T13:12:01.266881+00:00,135.4,50,bid,FlawlessFlatbreads,EarnestEspressos,7027096
2026-07-04T13:12:03.361593,2026-07-04T13:12:03.373546+00:00,135.2,50,bid,FlawlessFlatbreads,DiligentDonuts,7027128
2026-07-04T13:12:03.752156,2026-07-04T13:12:03.764036+00:00,134.8,47,ask,EarnestEspressos,CostlyCorianders,7027130
2026-07-04T13:12:05.469318,2026-07-04T13:12:05.480775+00:00,135.2,50,bid,FlawlessFlatbreads,EarnestEspressos,7027148
2026-07-04T13:12:05.740339,2026-07-04T13:12:05.758590+00:00,134.9,43,ask,DiligentDonuts,CostlyCorianders,7027155
2026-07-04T13:12:07.576872,2026-07-04T13:12:07.586682+00:00,135.2,50,bid,FlawlessFlatbreads,EarnestEspressos,7027179
2026-07-04T13:12:07.810313,2026-07-04T13:12:07.822153+00:00,135.2,46,bid,CostlyCorianders,EarnestEspressos,7027183
2026-07-04T13:12:07.952401,2026-07-04T13:12:07.968404+00:00,135.2,100,bid,EarnestEspressos,DiligentDonuts,7027188
2026-07-04T13:12:07.959460,2026-07-04T13:12:07.968404+00:00,135.3,35,ask,EarnestEspressos,Xuanyu Liu,7027189
2026-07-04T13:12:09.685592,2026-07-04T13:12:09.693141+00:00,135.8,50,bid,FlawlessFlatbreads,EarnestEspressos,7027207
2026-07-04T13:12:11.545458,2026-07-04T13:12:11.558593+00:00,135.1,46,ask,DiligentDonuts,CostlyCorianders,7027229
2026-07-04T13:12:11.791581,2026-07-04T13:12:11.803671+00:00,135.5,50,bid,FlawlessFlatbreads,EarnestEspressos,7027231
2026-07-04T13:12:13.208009,2026-07-04T13:12:13.219668+00:00,135.1,48,ask,DiligentDonuts,CostlyCorianders,7027245
2026-07-04T13:12:13.899093,2026-07-04T13:12:13.911086+00:00,135.5,50,bid,FlawlessFlatbreads,EarnestEspressos,7027258
2026-07-04T13:12:14.276251,2026-07-04T13:12:14.297790+00:00,135.4,100,bid,EarnestEspressos,DiligentDonuts,7027261
2026-07-04T13:12:14.289055,2026-07-04T13:12:14.297790+00:00,135.5,11,ask,EarnestEspressos,Xuanyu Liu,7027262
2026-07-04T13:12:14.731247,2026-07-04T13:12:14.739797+00:00,135.5,3,ask,EarnestEspressos,Xuanyu Liu,7027267
2026-07-04T13:12:15.863894,2026-07-04T13:12:15.875601+00:00,135.9,44,bid,CostlyCorianders,Alan Niu,7027292
2026-07-04T13:12:16.007715,2026-07-04T13:12:16.019376+00:00,135.7,50,bid,FlawlessFlatbreads,Alan Niu,7027296
2026-07-04T13:12:17.220665,2026-07-04T13:12:17.230181+00:00,135.5,36,ask,EarnestEspressos,DiligentDonuts,7027309
2026-07-04T13:12:17.491526,2026-07-04T13:12:17.513124+00:00,135.1,94,ask,Alan Niu,EarnestEspressos,7027312
2026-07-04T13:12:17.504330,2026-07-04T13:12:17.513124+00:00,135.0,3,bid,Xuanyu Liu,EarnestEspressos,7027313
2026-07-04T13:12:18.113950,2026-07-04T13:12:18.125443+00:00,135.0,50,bid,FlawlessFlatbreads,EarnestEspressos,7027320
2026-07-04T13:12:18.429144,2026-07-04T13:12:18.440841+00:00,135.0,3,bid,CostlyCorianders,EarnestEspressos,7027324
2026-07-04T13:12:18.429144,2026-07-04T13:12:18.440841+00:00,135.4,43,bid,CostlyCorianders,DiligentDonuts,7027325
2026-07-04T13:12:21.886245,2026-07-04T13:12:21.894733+00:00,135.0,40,ask,EarnestEspressos,CostlyCorianders,7027368
2026-07-04T13:12:22.377605,2026-07-04T13:12:22.389221+00:00,135.0,50,ask,EarnestEspressos,FlawlessFlatbreads,7027377
2026-07-04T13:12:23.548266,2026-07-04T13:12:23.558604+00:00,135.0,41,ask,EarnestEspressos,CostlyCorianders,7027390
2026-07-04T13:12:23.816534,2026-07-04T13:12:23.827003+00:00,134.9,100,ask,DiligentDonuts,EarnestEspressos,7027394
2026-07-04T13:12:25.059609,2026-07-04T13:12:25.068006+00:00,134.9,11,bid,Xuanyu Liu,EarnestEspressos,7027411
2026-07-04T13:12:26.587183,2026-07-04T13:12:26.599286+00:00,134.4,50,ask,EarnestEspressos,FlawlessFlatbreads,7027434
2026-07-04T13:12:27.677265,2026-07-04T13:12:27.688724+00:00,135.0,44,bid,CostlyCorianders,DiligentDonuts,7027447
2026-07-04T13:12:28.240426,2026-07-04T13:12:28.258564+00:00,135.0,46,bid,CostlyCorianders,DiligentDonuts,7027456
2026-07-04T13:12:30.768114,2026-07-04T13:12:30.779826+00:00,135.2,50,bid,FlawlessFlatbreads,EarnestEspressos,7027479
2026-07-04T13:12:31.918946,2026-07-04T13:12:31.930549+00:00,134.9,47,ask,DiligentDonuts,CostlyCorianders,7027497
2026-07-04T13:12:35.043234,2026-07-04T13:12:35.054923+00:00,134.9,50,ask,EarnestEspressos,FlawlessFlatbreads,7027535
2026-07-04T13:12:35.936433,2026-07-04T13:12:35.948767+00:00,134.9,40,ask,EarnestEspressos,CostlyCorianders,7027544
2026-07-04T13:12:39.168790,2026-07-04T13:12:39.180528+00:00,135.2,47,bid,CostlyCorianders,EarnestEspressos,7027572
2026-07-04T13:12:40.868927,2026-07-04T13:12:40.877679+00:00,134.9,48,ask,DiligentDonuts,CostlyCorianders,7027591
2026-07-04T13:12:41.316257,2026-07-04T13:12:41.328326+00:00,135.2,50,bid,FlawlessFlatbreads,EarnestEspressos,7027597
2026-07-04T13:12:42.436005,2026-07-04T13:12:42.447699+00:00,135.2,48,bid,CostlyCorianders,EarnestEspressos,7027613
2026-07-04T13:12:42.759415,2026-07-04T13:12:42.767717+00:00,135.0,11,ask,EarnestEspressos,Xuanyu Liu,7027623
2026-07-04T13:12:43.259357,2026-07-04T13:12:43.267474+00:00,135.0,3,ask,EarnestEspressos,Xuanyu Liu,7027630
2026-07-04T13:12:43.423284,2026-07-04T13:12:43.432328+00:00,135.1,50,bid,FlawlessFlatbreads,DiligentDonuts,7027632
2026-07-04T13:12:45.586223,2026-07-04T13:12:45.599146+00:00,135.0,50,ask,EarnestEspressos,FlawlessFlatbreads,7027647
2026-07-04T13:12:45.701998,2026-07-04T13:12:45.712988+00:00,135.0,86,ask,EarnestEspressos,DiligentDonuts,7027649
2026-07-04T13:12:47.283025,2026-07-04T13:12:47.295267+00:00,134.5,41,ask,DiligentDonuts,CostlyCorianders,7027671
2026-07-04T13:12:47.641029,2026-07-04T13:12:47.652688+00:00,134.8,50,bid,FlawlessFlatbreads,EarnestEspressos,7027679
2026-07-04T13:12:48.822444,2026-07-04T13:12:48.834222+00:00,134.5,41,ask,DiligentDonuts,CostlyCorianders,7027697
2026-07-04T13:12:51.851668,2026-07-04T13:12:51.856024+00:00,134.8,50,bid,FlawlessFlatbreads,EarnestEspressos,7027737
2026-07-04T13:12:53.957944,2026-07-04T13:12:53.970269+00:00,134.9,50,bid,FlawlessFlatbreads,DiligentDonuts,7027755
2026-07-04T13:12:56.067375,2026-07-04T13:12:56.079175+00:00,135.1,50,bid,FlawlessFlatbreads,DiligentDonuts,7027785
2026-07-04T13:12:57.901248,2026-07-04T13:12:57.912979+00:00,135.1,45,bid,CostlyCorianders,DiligentDonuts,7027816
2026-07-04T13:12:58.454075,2026-07-04T13:12:58.465831+00:00,134.8,47,ask,DiligentDonuts,CostlyCorianders,7027826
2026-07-04T13:13:00.329572,2026-07-04T13:13:00.341425+00:00,134.8,50,ask,DiligentDonuts,FlawlessFlatbreads,7027852
2026-07-04T13:13:04.540882,2026-07-04T13:13:04.552586+00:00,134.5,50,ask,DiligentDonuts,FlawlessFlatbreads,7027899
2026-07-04T13:13:06.650646,2026-07-04T13:13:06.662452+00:00,134.5,50,ask,EarnestEspressos,FlawlessFlatbreads,7027931
2026-07-04T13:13:08.757469,2026-07-04T13:13:08.764716+00:00,134.5,50,ask,DiligentDonuts,FlawlessFlatbreads,7027971
2026-07-04T13:13:08.916019,2026-07-04T13:13:08.927372+00:00,135.0,42,bid,CostlyCorianders,DiligentDonuts,7027975
2026-07-04T13:13:10.862906,2026-07-04T13:13:10.874691+00:00,134.5,50,ask,DiligentDonuts,FlawlessFlatbreads,7028002
2026-07-04T13:13:12.130709,2026-07-04T13:13:12.142308+00:00,134.6,45,bid,CostlyCorianders,DiligentDonuts,7028022
2026-07-04T13:13:12.259648,2026-07-04T13:13:12.267781+00:00,134.6,3,bid,Xuanyu Liu,DiligentDonuts,7028026
2026-07-04T13:13:12.969699,2026-07-04T13:13:12.981588+00:00,134.4,50,ask,EarnestEspressos,FlawlessFlatbreads,7028046
2026-07-04T13:13:13.526831,2026-07-04T13:13:13.535366+00:00,134.6,11,bid,Xuanyu Liu,DiligentDonuts,7028055
2026-07-04T13:13:14.916225,2026-07-04T13:13:14.924050+00:00,134.7,41,bid,CostlyCorianders,EarnestEspressos,7028082
2026-07-04T13:13:15.076751,2026-07-04T13:13:15.088309+00:00,134.4,50,ask,DiligentDonuts,FlawlessFlatbreads,7028084
2026-07-04T13:13:15.406168,2026-07-04T13:13:15.417840+00:00,134.4,40,ask,DiligentDonuts,CostlyCorianders,7028095
2026-07-04T13:13:17.184747,2026-07-04T13:13:17.196786+00:00,134.4,10,ask,DiligentDonuts,FlawlessFlatbreads,7028120
2026-07-04T13:13:17.184747,2026-07-04T13:13:17.196786+00:00,134.2,40,ask,EarnestEspressos,FlawlessFlatbreads,7028121
2026-07-04T13:13:17.998597,2026-07-04T13:13:18.010426+00:00,134.4,40,ask,EarnestEspressos,CostlyCorianders,7028132
2026-07-04T13:13:19.296163,2026-07-04T13:13:19.308086+00:00,134.4,50,ask,EarnestEspressos,FlawlessFlatbreads,7028145
2026-07-04T13:13:20.778955,2026-07-04T13:13:20.787259+00:00,134.6,12,bid,Xuanyu Liu,EarnestEspressos,7028164
2026-07-04T13:13:21.464957,2026-07-04T13:13:21.473025+00:00,134.6,11,bid,Xuanyu Liu,EarnestEspressos,7028169
2026-07-04T13:13:23.459546,2026-07-04T13:13:23.469013+00:00,134.6,50,bid,FlawlessFlatbreads,EarnestEspressos,7028192
2026-07-04T13:13:25.806066,2026-07-04T13:13:25.817876+00:00,134.8,41,bid,CostlyCorianders,DiligentDonuts,7028228
2026-07-04T13:13:26.856451,2026-07-04T13:13:26.868005+00:00,134.8,49,bid,CostlyCorianders,EarnestEspressos,7028244
2026-07-04T13:13:27.669710,2026-07-04T13:13:27.681237+00:00,134.9,50,bid,FlawlessFlatbreads,DiligentDonuts,7028254
2026-07-04T13:13:28.695729,2026-07-04T13:13:28.706215+00:00,134.5,48,ask,EarnestEspressos,CostlyCorianders,7028272
2026-07-04T13:13:29.789519,2026-07-04T13:13:29.798476+00:00,134.9,50,bid,FlawlessFlatbreads,DiligentDonuts,7028289
2026-07-04T13:13:29.923437,2026-07-04T13:13:29.933231+00:00,134.7,23,ask,DiligentDonuts,Xuanyu Liu,7028292
2026-07-04T13:13:30.566465,2026-07-04T13:13:30.574270+00:00,134.7,44,ask,DiligentDonuts,CostlyCorianders,7028301
2026-07-04T13:13:31.896226,2026-07-04T13:13:31.907642+00:00,134.8,50,bid,FlawlessFlatbreads,EarnestEspressos,7028327
2026-07-04T13:13:32.672737,2026-07-04T13:13:32.684483+00:00,134.8,46,bid,CostlyCorianders,EarnestEspressos,7028333
2026-07-04T13:13:33.072627,2026-07-04T13:13:33.083362+00:00,134.8,54,bid,DiligentDonuts,EarnestEspressos,7028337
2026-07-04T13:13:33.370533,2026-07-04T13:13:33.408745+00:00,134.9,11,ask,EarnestEspressos,Xuanyu Liu,7028341
2026-07-04T13:13:34.009568,2026-07-04T13:13:34.017637+00:00,135.3,50,bid,FlawlessFlatbreads,DiligentDonuts,7028347
2026-07-04T13:13:34.825885,2026-07-04T13:13:34.834386+00:00,134.9,40,ask,EarnestEspressos,CostlyCorianders,7028359
2026-07-04T13:13:35.986599,2026-07-04T13:13:35.998041+00:00,134.9,42,ask,EarnestEspressos,CostlyCorianders,7028376
2026-07-04T13:13:36.116211,2026-07-04T13:13:36.123129+00:00,135.3,50,bid,FlawlessFlatbreads,DiligentDonuts,7028380
2026-07-04T13:13:37.669526,2026-07-04T13:13:37.681314+00:00,135.3,46,bid,CostlyCorianders,EarnestEspressos,7028397
2026-07-04T13:13:38.253248,2026-07-04T13:13:38.258583+00:00,135.3,50,bid,FlawlessFlatbreads,EarnestEspressos,7028405
2026-07-04T13:13:38.500536,2026-07-04T13:13:38.509901+00:00,135.0,3,ask,DiligentDonuts,Xuanyu Liu,7028408
2026-07-04T13:13:39.630553,2026-07-04T13:13:39.641328+00:00,135.2,40,ask,DiligentDonuts,CostlyCorianders,7028428
2026-07-04T13:13:40.816365,2026-07-04T13:13:40.826647+00:00,135.7,44,bid,CostlyCorianders,DiligentDonuts,7028440
2026-07-04T13:13:41.114811,2026-07-04T13:13:41.122221+00:00,135.5,3,ask,EarnestEspressos,Xuanyu Liu,7028446
2026-07-04T13:13:41.370116,2026-07-04T13:13:41.379666+00:00,135.5,42,ask,EarnestEspressos,CostlyCorianders,7028452
2026-07-04T13:13:42.545141,2026-07-04T13:13:42.558562+00:00,135.5,50,ask,EarnestEspressos,FlawlessFlatbreads,7028472
2026-07-04T13:13:42.623110,2026-07-04T13:13:42.630210+00:00,135.5,55,ask,EarnestEspressos,DiligentDonuts,7028473
2026-07-04T13:13:42.900220,2026-07-04T13:13:42.907625+00:00,135.1,3,bid,Xuanyu Liu,EarnestEspressos,7028474
2026-07-04T13:13:43.087962,2026-07-04T13:13:43.100943+00:00,135.1,3,bid,Xuanyu Liu,EarnestEspressos,7028477
2026-07-04T13:13:43.766189,2026-07-04T13:13:43.774548+00:00,135.1,11,bid,Xuanyu Liu,EarnestEspressos,7028493
2026-07-04T13:13:44.601368,2026-07-04T13:13:44.612869+00:00,135.1,50,bid,FlawlessFlatbreads,EarnestEspressos,7028507
2026-07-04T13:13:45.735528,2026-07-04T13:13:45.744143+00:00,135.1,83,bid,DiligentDonuts,EarnestEspressos,7028530
2026-07-04T13:13:46.164837,2026-07-04T13:13:46.173963+00:00,135.7,17,ask,DiligentDonuts,Xuanyu Liu,7028532
2026-07-04T13:13:46.708854,2026-07-04T13:13:46.717089+00:00,135.8,50,bid,FlawlessFlatbreads,Alan Niu,7028540
2026-07-04T13:13:47.080279,2026-07-04T13:13:47.092152+00:00,135.8,43,bid,CostlyCorianders,Alan Niu,7028547
2026-07-04T13:13:48.815258,2026-07-04T13:13:48.826858+00:00,135.8,50,bid,FlawlessFlatbreads,Alan Niu,7028578
2026-07-04T13:13:48.950593,2026-07-04T13:13:48.958577+00:00,135.7,100,ask,EarnestEspressos,DiligentDonuts,7028579
2026-07-04T13:13:49.012673,2026-07-04T13:13:49.022318+00:00,135.7,50,ask,EarnestEspressos,Chester Au,7028583
2026-07-04T13:13:49.221459,2026-07-04T13:13:49.230330+00:00,135.2,3,bid,Xuanyu Liu,EarnestEspressos,7028586
2026-07-04T13:13:50.348710,2026-07-04T13:13:50.359491+00:00,135.2,50,bid,Chester Au,EarnestEspressos,7028601
2026-07-04T13:13:50.348939,2026-07-04T13:13:50.359491+00:00,135.2,3,bid,Xuanyu Liu,EarnestEspressos,7028602
2026-07-04T13:13:50.449623,2026-07-04T13:13:50.455179+00:00,135.2,94,bid,Alan Niu,EarnestEspressos,7028607
2026-07-04T13:13:50.921113,2026-07-04T13:13:50.933098+00:00,135.9,50,bid,FlawlessFlatbreads,Alan Niu,7028612
2026-07-04T13:13:52.944590,2026-07-04T13:13:52.953514+00:00,135.4,3,ask,EarnestEspressos,Xuanyu Liu,7028647
2026-07-04T13:13:53.029369,2026-07-04T13:13:53.037290+00:00,135.8,50,bid,FlawlessFlatbreads,DiligentDonuts,7028650
2026-07-04T13:13:55.136334,2026-07-04T13:13:55.143245+00:00,135.8,50,bid,FlawlessFlatbreads,DiligentDonuts,7028683
2026-07-04T13:13:57.308661,2026-07-04T13:13:57.320359+00:00,135.7,50,ask,DiligentDonuts,FlawlessFlatbreads,7028708
2026-07-04T13:13:57.749426,2026-07-04T13:13:57.758535+00:00,135.7,45,ask,DiligentDonuts,CostlyCorianders,7028714
2026-07-04T13:13:58.221711,2026-07-04T13:13:58.231657+00:00,135.7,3,ask,DiligentDonuts,Xuanyu Liu,7028720
2026-07-04T13:13:59.363997,2026-07-04T13:13:59.375884+00:00,135.8,50,bid,FlawlessFlatbreads,DiligentDonuts,7028749
2026-07-04T13:13:59.380095,2026-07-04T13:13:59.391803+00:00,135.8,44,bid,CostlyCorianders,DiligentDonuts,7028750
2026-07-04T13:14:01.525043,2026-07-04T13:14:01.536851+00:00,135.4,50,ask,EarnestEspressos,FlawlessFlatbreads,7028782
2026-07-04T13:14:02.267808,2026-07-04T13:14:02.279692+00:00,135.6,49,ask,DiligentDonuts,CostlyCorianders,7028794
2026-07-04T13:14:03.278133,2026-07-04T13:14:03.285910+00:00,135.6,45,ask,DiligentDonuts,CostlyCorianders,7028813
2026-07-04T13:14:03.633746,2026-07-04T13:14:03.645655+00:00,135.6,6,ask,DiligentDonuts,FlawlessFlatbreads,7028815
2026-07-04T13:14:03.633746,2026-07-04T13:14:03.645655+00:00,135.2,44,ask,EarnestEspressos,FlawlessFlatbreads,7028816
2026-07-04T13:14:05.032451,2026-07-04T13:14:05.041213+00:00,135.4,3,bid,Xuanyu Liu,EarnestEspressos,7028839
2026-07-04T13:14:05.743936,2026-07-04T13:14:05.755627+00:00,135.2,50,ask,DiligentDonuts,FlawlessFlatbreads,7028854
2026-07-04T13:14:06.370047,2026-07-04T13:14:06.381761+00:00,135.4,49,bid,CostlyCorianders,EarnestEspressos,7028862
