timestamp,recv_time,price,volume,aggressor_side,buyer,seller,trade_id
2026-07-05T11:00:00.607458,2026-07-05T11:00:00.613901+00:00,142.5,42,bid,CostlyCorianders,DiligentDonuts,8226337
2026-07-05T11:00:00.661690,2026-07-05T11:00:00.658041+00:00,142.2,46,ask,EarnestEspressos,CostlyCorianders,8226340
2026-07-05T11:00:01.136010,2026-07-05T11:00:01.147602+00:00,142.7,48,bid,CostlyCorianders,EarnestEspressos,8226344
2026-07-05T11:00:01.817745,2026-07-05T11:00:01.829315+00:00,142.2,50,ask,DiligentDonuts,FlawlessFlatbreads,8226353
2026-07-05T11:00:02.711732,2026-07-05T11:00:02.723428+00:00,142.2,48,ask,DiligentDonuts,CostlyCorianders,8226362
2026-07-05T11:00:03.942283,2026-07-05T11:00:03.954251+00:00,142.2,2,ask,DiligentDonuts,FlawlessFlatbreads,8226375
2026-07-05T11:00:03.942283,2026-07-05T11:00:03.954251+00:00,142.1,48,ask,EarnestEspressos,FlawlessFlatbreads,8226376
2026-07-05T11:00:06.003387,2026-07-05T11:00:06.012244+00:00,142.6,50,bid,FlawlessFlatbreads,DiligentDonuts,8226408
2026-07-05T11:00:08.110948,2026-07-05T11:00:08.123010+00:00,142.7,50,bid,FlawlessFlatbreads,EarnestEspressos,8226441
2026-07-05T11:00:09.513465,2026-07-05T11:00:09.525382+00:00,142.9,48,bid,CostlyCorianders,DiligentDonuts,8226456
2026-07-05T11:00:12.408004,2026-07-05T11:00:12.419387+00:00,142.6,50,ask,EarnestEspressos,FlawlessFlatbreads,8226498
2026-07-05T11:00:12.648199,2026-07-05T11:00:12.659881+00:00,142.6,40,ask,EarnestEspressos,CostlyCorianders,8226499
2026-07-05T11:00:14.205612,2026-07-05T11:00:14.217186+00:00,143.1,49,bid,CostlyCorianders,EarnestEspressos,8226519
2026-07-05T11:00:14.528850,2026-07-05T11:00:14.542458+00:00,142.7,50,ask,EarnestEspressos,FlawlessFlatbreads,8226528
2026-07-05T11:00:16.236942,2026-07-05T11:00:16.248294+00:00,142.7,45,ask,EarnestEspressos,CostlyCorianders,8226556
2026-07-05T11:00:17.784948,2026-07-05T11:00:17.796444+00:00,142.7,47,ask,DiligentDonuts,CostlyCorianders,8226575
2026-07-05T11:00:18.367665,2026-07-05T11:00:18.379384+00:00,142.8,45,bid,CostlyCorianders,EarnestEspressos,8226588
2026-07-05T11:00:18.758603,2026-07-05T11:00:18.769182+00:00,142.7,50,ask,DiligentDonuts,FlawlessFlatbreads,8226590
2026-07-05T11:00:21.373137,2026-07-05T11:00:21.382262+00:00,142.4,40,ask,EarnestEspressos,CostlyCorianders,8226631
2026-07-05T11:00:22.970380,2026-07-05T11:00:22.981770+00:00,142.4,50,ask,EarnestEspressos,FlawlessFlatbreads,8226660
2026-07-05T11:00:25.077097,2026-07-05T11:00:25.088646+00:00,142.2,50,ask,DiligentDonuts,FlawlessFlatbreads,8226701
2026-07-05T11:00:27.194396,2026-07-05T11:00:27.206269+00:00,142.1,50,ask,DiligentDonuts,FlawlessFlatbreads,8226733
2026-07-05T11:00:27.694676,2026-07-05T11:00:27.706183+00:00,142.5,43,bid,CostlyCorianders,EarnestEspressos,8226738
2026-07-05T11:00:29.254033,2026-07-05T11:00:29.265578+00:00,142.5,50,bid,FlawlessFlatbreads,EarnestEspressos,8226768
2026-07-05T11:00:31.413273,2026-07-05T11:00:31.424661+00:00,142.1,50,ask,EarnestEspressos,FlawlessFlatbreads,8226795
2026-07-05T11:00:33.323831,2026-07-05T11:00:33.330851+00:00,142.3,3,bid,Xuanyu Liu,DiligentDonuts,8226828
2026-07-05T11:00:33.519722,2026-07-05T11:00:33.531678+00:00,141.8,50,ask,DiligentDonuts,FlawlessFlatbreads,8226832
2026-07-05T11:00:35.628331,2026-07-05T11:00:35.635762+00:00,142.1,50,ask,EarnestEspressos,FlawlessFlatbreads,8226869
2026-07-05T11:00:36.856671,2026-07-05T11:00:36.858649+00:00,142.2,40,bid,CostlyCorianders,EarnestEspressos,8226882
2026-07-05T11:00:37.733263,2026-07-05T11:00:37.744999+00:00,141.8,50,ask,DiligentDonuts,FlawlessFlatbreads,8226893
2026-07-05T11:00:38.144408,2026-07-05T11:00:38.155635+00:00,142.2,40,bid,CostlyCorianders,EarnestEspressos,8226898
2026-07-05T11:00:38.952717,2026-07-05T11:00:38.963482+00:00,142.0,23,bid,Xuanyu Liu,DiligentDonuts,8226911
2026-07-05T11:00:39.359565,2026-07-05T11:00:39.366839+00:00,142.0,11,bid,Xuanyu Liu,DiligentDonuts,8226915
2026-07-05T11:00:39.556786,2026-07-05T11:00:39.568327+00:00,141.7,46,ask,EarnestEspressos,CostlyCorianders,8226921
2026-07-05T11:00:39.840415,2026-07-05T11:00:39.852040+00:00,141.5,50,ask,DiligentDonuts,FlawlessFlatbreads,8226924
2026-07-05T11:00:39.853899,2026-07-05T11:00:39.865489+00:00,142.0,66,bid,EarnestEspressos,DiligentDonuts,8226925
2026-07-05T11:00:41.600448,2026-07-05T11:00:41.608170+00:00,142.5,45,bid,CostlyCorianders,EarnestEspressos,8226952
2026-07-05T11:00:44.052085,2026-07-05T11:00:44.063607+00:00,141.9,50,ask,EarnestEspressos,FlawlessFlatbreads,8226976
2026-07-05T11:00:45.264475,2026-07-05T11:00:45.273522+00:00,141.9,100,ask,EarnestEspressos,DiligentDonuts,8227000
2026-07-05T11:00:46.157765,2026-07-05T11:00:46.164816+00:00,141.4,50,ask,DiligentDonuts,FlawlessFlatbreads,8227015
2026-07-05T11:00:46.243296,2026-07-05T11:00:46.254116+00:00,141.8,23,bid,Xuanyu Liu,EarnestEspressos,8227016
2026-07-05T11:00:47.136106,2026-07-05T11:00:47.144420+00:00,141.8,23,bid,Xuanyu Liu,EarnestEspressos,8227038
2026-07-05T11:00:48.208572,2026-07-05T11:00:48.220186+00:00,141.8,44,bid,CostlyCorianders,EarnestEspressos,8227059
2026-07-05T11:00:48.213815,2026-07-05T11:00:48.225201+00:00,141.8,50,bid,FlawlessFlatbreads,EarnestEspressos,8227060
2026-07-05T11:00:48.372358,2026-07-05T11:00:48.382103+00:00,141.8,10,bid,DiligentDonuts,EarnestEspressos,8227063
2026-07-05T11:00:48.436259,2026-07-05T11:00:48.444546+00:00,141.9,23,ask,DiligentDonuts,Xuanyu Liu,8227064
2026-07-05T11:00:48.445682,2026-07-05T11:00:48.453330+00:00,141.9,11,ask,DiligentDonuts,Xuanyu Liu,8227066
2026-07-05T11:00:50.322027,2026-07-05T11:00:50.333970+00:00,142.3,50,bid,FlawlessFlatbreads,EarnestEspressos,8227094
2026-07-05T11:00:52.430145,2026-07-05T11:00:52.442027+00:00,142.2,50,bid,FlawlessFlatbreads,DiligentDonuts,8227131
2026-07-05T11:00:52.514832,2026-07-05T11:00:52.523566+00:00,142.1,12,ask,EarnestEspressos,Xuanyu Liu,8227132
2026-07-05T11:00:52.697114,2026-07-05T11:00:52.705612+00:00,142.1,11,ask,EarnestEspressos,Xuanyu Liu,8227135
2026-07-05T11:00:53.046681,2026-07-05T11:00:53.056362+00:00,142.1,44,ask,EarnestEspressos,CostlyCorianders,8227145
2026-07-05T11:00:54.042206,2026-07-05T11:00:54.058594+00:00,142.1,46,ask,EarnestEspressos,CostlyCorianders,8227159
2026-07-05T11:00:54.518925,2026-07-05T11:00:54.530634+00:00,142.1,37,ask,EarnestEspressos,CostlyCorianders,8227166
2026-07-05T11:00:54.538124,2026-07-05T11:00:54.547243+00:00,142.2,50,bid,FlawlessFlatbreads,DiligentDonuts,8227169
2026-07-05T11:00:55.727290,2026-07-05T11:00:55.740113+00:00,142.0,100,ask,DiligentDonuts,EarnestEspressos,8227182
2026-07-05T11:00:55.741184,2026-07-05T11:00:55.750100+00:00,142.0,11,bid,Xuanyu Liu,EarnestEspressos,8227183
2026-07-05T11:00:56.644304,2026-07-05T11:00:56.656223+00:00,142.0,39,bid,FlawlessFlatbreads,EarnestEspressos,8227198
2026-07-05T11:00:56.644304,2026-07-05T11:00:56.656223+00:00,142.5,11,bid,FlawlessFlatbreads,DiligentDonuts,8227199
2026-07-05T11:00:58.231843,2026-07-05T11:00:58.243588+00:00,142.3,48,bid,CostlyCorianders,DiligentDonuts,8227215
2026-07-05T11:00:58.804875,2026-07-05T11:00:58.816195+00:00,141.8,50,ask,DiligentDonuts,FlawlessFlatbreads,8227222
2026-07-05T11:00:59.768872,2026-07-05T11:00:59.779911+00:00,142.1,47,ask,EarnestEspressos,CostlyCorianders,8227234
2026-07-05T11:01:00.864557,2026-07-05T11:01:00.876262+00:00,142.3,45,bid,CostlyCorianders,DiligentDonuts,8227251
2026-07-05T11:01:01.538933,2026-07-05T11:01:01.547917+00:00,142.1,11,ask,EarnestEspressos,Xuanyu Liu,8227263
2026-07-05T11:01:02.372033,2026-07-05T11:01:02.380590+00:00,141.9,45,ask,DiligentDonuts,CostlyCorianders,8227276
2026-07-05T11:01:02.846853,2026-07-05T11:01:02.861205+00:00,141.9,23,ask,DiligentDonuts,Xuanyu Liu,8227284
2026-07-05T11:01:02.965038,2026-07-05T11:01:02.986923+00:00,142.3,50,bid,FlawlessFlatbreads,EarnestEspressos,8227290
2026-07-05T11:01:03.990342,2026-07-05T11:01:04.001870+00:00,142.3,41,bid,CostlyCorianders,EarnestEspressos,8227317
2026-07-05T11:01:04.236380,2026-07-05T11:01:04.249268+00:00,141.8,100,ask,EarnestEspressos,DiligentDonuts,8227320
2026-07-05T11:01:04.482084,2026-07-05T11:01:04.493742+00:00,141.8,44,ask,EarnestEspressos,CostlyCorianders,8227322
2026-07-05T11:01:05.225322,2026-07-05T11:01:05.233766+00:00,141.7,11,bid,Xuanyu Liu,EarnestEspressos,8227339
2026-07-05T11:01:05.459680,2026-07-05T11:01:05.468718+00:00,141.7,35,bid,Xuanyu Liu,EarnestEspressos,8227348
2026-07-05T11:01:06.026837,2026-07-05T11:01:06.035091+00:00,141.7,11,bid,Xuanyu Liu,EarnestEspressos,8227355
2026-07-05T11:01:06.086089,2026-07-05T11:01:06.097321+00:00,141.7,47,bid,CostlyCorianders,EarnestEspressos,8227358
2026-07-05T11:01:07.175552,2026-07-05T11:01:07.187379+00:00,141.7,46,bid,FlawlessFlatbreads,EarnestEspressos,8227376
2026-07-05T11:01:07.412262,2026-07-05T11:01:07.420615+00:00,141.8,11,ask,DiligentDonuts,Xuanyu Liu,8227381
2026-07-05T11:01:08.331548,2026-07-05T11:01:08.339820+00:00,142.0,23,ask,EarnestEspressos,Xuanyu Liu,8227394
2026-07-05T11:01:09.335053,2026-07-05T11:01:09.347442+00:00,142.0,50,ask,EarnestEspressos,FlawlessFlatbreads,8227408
2026-07-05T11:01:11.445318,2026-07-05T11:01:11.468752+00:00,141.9,50,ask,DiligentDonuts,FlawlessFlatbreads,8227436
2026-07-05T11:01:13.318654,2026-07-05T11:01:13.326893+00:00,141.9,12,ask,DiligentDonuts,Xuanyu Liu,8227465
2026-07-05T11:01:13.551607,2026-07-05T11:01:13.558590+00:00,141.9,38,ask,DiligentDonuts,FlawlessFlatbreads,8227474
2026-07-05T11:01:13.551607,2026-07-05T11:01:13.558590+00:00,141.8,12,ask,EarnestEspressos,FlawlessFlatbreads,8227475
2026-07-05T11:01:13.642460,2026-07-05T11:01:13.653772+00:00,141.8,49,ask,EarnestEspressos,CostlyCorianders,8227476
2026-07-05T11:01:13.720748,2026-07-05T11:01:13.733724+00:00,141.8,89,ask,EarnestEspressos,DiligentDonuts,8227478
2026-07-05T11:01:14.630009,2026-07-05T11:01:14.639458+00:00,141.7,11,bid,Xuanyu Liu,DiligentDonuts,8227499
2026-07-05T11:01:14.731067,2026-07-05T11:01:14.739766+00:00,141.4,35,bid,Xuanyu Liu,EarnestEspressos,8227501
2026-07-05T11:01:15.608964,2026-07-05T11:01:15.615273+00:00,141.4,50,bid,FlawlessFlatbreads,EarnestEspressos,8227511
2026-07-05T11:01:15.934203,2026-07-05T11:01:15.942509+00:00,141.4,11,bid,Xuanyu Liu,EarnestEspressos,8227520
2026-07-05T11:01:16.835358,2026-07-05T11:01:16.842856+00:00,141.4,54,bid,DiligentDonuts,EarnestEspressos,8227535
2026-07-05T11:01:16.924835,2026-07-05T11:01:16.934647+00:00,141.7,22,ask,DiligentDonuts,Xuanyu Liu,8227539
2026-07-05T11:01:17.767728,2026-07-05T11:01:17.776671+00:00,141.7,24,ask,DiligentDonuts,FlawlessFlatbreads,8227554
2026-07-05T11:01:17.767728,2026-07-05T11:01:17.776671+00:00,140.9,26,ask,EarnestEspressos,FlawlessFlatbreads,8227555
2026-07-05T11:01:21.929049,2026-07-05T11:01:21.935994+00:00,141.8,50,bid,FlawlessFlatbreads,DiligentDonuts,8227613
2026-07-05T11:01:22.361488,2026-07-05T11:01:22.382389+00:00,141.6,12,ask,EarnestEspressos,Xuanyu Liu,8227625
2026-07-05T11:01:22.952823,2026-07-05T11:01:22.971109+00:00,141.6,11,ask,EarnestEspressos,Xuanyu Liu,8227635
2026-07-05T11:01:23.352740,2026-07-05T11:01:23.358605+00:00,141.9,49,bid,CostlyCorianders,DiligentDonuts,8227642
2026-07-05T11:01:24.034486,2026-07-05T11:01:24.045969+00:00,141.9,50,bid,FlawlessFlatbreads,DiligentDonuts,8227651
2026-07-05T11:01:25.073993,2026-07-05T11:01:25.085442+00:00,141.4,40,ask,DiligentDonuts,CostlyCorianders,8227669
2026-07-05T11:01:26.141916,2026-07-05T11:01:26.153565+00:00,141.7,50,bid,FlawlessFlatbreads,EarnestEspressos,8227675
2026-07-05T11:01:26.679897,2026-07-05T11:01:26.688715+00:00,141.7,45,bid,CostlyCorianders,EarnestEspressos,8227686
2026-07-05T11:01:28.248531,2026-07-05T11:01:28.252235+00:00,142.0,50,bid,FlawlessFlatbreads,DiligentDonuts,8227707
2026-07-05T11:01:29.601340,2026-07-05T11:01:29.613563+00:00,141.6,12,ask,DiligentDonuts,Xuanyu Liu,8227730
2026-07-05T11:01:30.311607,2026-07-05T11:01:30.319745+00:00,141.6,45,ask,DiligentDonuts,CostlyCorianders,8227747
2026-07-05T11:01:30.341822,2026-07-05T11:01:30.350229+00:00,141.6,14,ask,DiligentDonuts,Xuanyu Liu,8227749
2026-07-05T11:01:30.356237,2026-07-05T11:01:30.365498+00:00,142.0,50,bid,FlawlessFlatbreads,EarnestEspressos,8227751
2026-07-05T11:01:32.462837,2026-07-05T11:01:32.474225+00:00,141.9,50,bid,FlawlessFlatbreads,EarnestEspressos,8227793
2026-07-05T11:01:32.735443,2026-07-05T11:01:32.748129+00:00,141.4,100,ask,EarnestEspressos,DiligentDonuts,8227799
2026-07-05T11:01:33.789026,2026-07-05T11:01:33.797039+00:00,141.7,49,bid,CostlyCorianders,EarnestEspressos,8227820
2026-07-05T11:01:34.568805,2026-07-05T11:01:34.576961+00:00,141.7,50,bid,FlawlessFlatbreads,EarnestEspressos,8227832
2026-07-05T11:01:36.673795,2026-07-05T11:01:36.684072+00:00,141.5,50,bid,FlawlessFlatbreads,DiligentDonuts,8227870
2026-07-05T11:01:38.784738,2026-07-05T11:01:38.796223+00:00,141.5,50,bid,FlawlessFlatbreads,DiligentDonuts,8227901
2026-07-05T11:01:40.890814,2026-07-05T11:01:40.901935+00:00,142.0,50,bid,FlawlessFlatbreads,DiligentDonuts,8227928
2026-07-05T11:01:43.047976,2026-07-05T11:01:43.059935+00:00,141.7,50,ask,DiligentDonuts,FlawlessFlatbreads,8227962
2026-07-05T11:01:45.156610,2026-07-05T11:01:45.164063+00:00,141.7,50,ask,DiligentDonuts,FlawlessFlatbreads,8227984
2026-07-05T11:01:47.210801,2026-07-05T11:01:47.222354+00:00,142.1,50,bid,FlawlessFlatbreads,DiligentDonuts,8228019
2026-07-05T11:01:48.922163,2026-07-05T11:01:48.933827+00:00,141.8,46,ask,EarnestEspressos,CostlyCorianders,8228048
2026-07-05T11:01:49.510010,2026-07-05T11:01:49.521563+00:00,141.8,42,ask,DiligentDonuts,CostlyCorianders,8228052
2026-07-05T11:01:51.422327,2026-07-05T11:01:51.433953+00:00,142.1,50,bid,FlawlessFlatbreads,EarnestEspressos,8228084
2026-07-05T11:01:52.312507,2026-07-05T11:01:52.323921+00:00,142.1,40,bid,CostlyCorianders,EarnestEspressos,8228098
2026-07-05T11:01:53.528575,2026-07-05T11:01:53.539945+00:00,142.3,50,bid,FlawlessFlatbreads,DiligentDonuts,8228112
2026-07-05T11:01:55.646193,2026-07-05T11:01:55.651229+00:00,142.0,40,ask,EarnestEspressos,CostlyCorianders,8228144
2026-07-05T11:01:55.702370,2026-07-05T11:01:55.711699+00:00,142.0,50,ask,EarnestEspressos,FlawlessFlatbreads,8228145
2026-07-05T11:01:57.808298,2026-07-05T11:01:57.819779+00:00,142.0,50,ask,DiligentDonuts,FlawlessFlatbreads,8228188
2026-07-05T11:01:58.750381,2026-07-05T11:01:58.758581+00:00,142.3,48,bid,CostlyCorianders,EarnestEspressos,8228199
2026-07-05T11:01:59.885687,2026-07-05T11:01:59.897037+00:00,142.4,50,bid,FlawlessFlatbreads,DiligentDonuts,8228221
2026-07-05T11:02:00.491088,2026-07-05T11:02:00.501901+00:00,142.0,3,ask,EarnestEspressos,Xuanyu Liu,8228230
2026-07-05T11:02:00.708017,2026-07-05T11:02:00.719788+00:00,142.0,46,ask,EarnestEspressos,CostlyCorianders,8228239
2026-07-05T11:02:02.042725,2026-07-05T11:02:02.054098+00:00,142.0,50,ask,EarnestEspressos,FlawlessFlatbreads,8228264
2026-07-05T11:02:03.765279,2026-07-05T11:02:03.776607+00:00,142.1,49,bid,CostlyCorianders,EarnestEspressos,8228284
2026-07-05T11:02:04.330545,2026-07-05T11:02:04.338267+00:00,142.1,100,bid,DiligentDonuts,EarnestEspressos,8228294
2026-07-05T11:02:05.703892,2026-07-05T11:02:05.714396+00:00,142.2,11,ask,EarnestEspressos,Xuanyu Liu,8228311
2026-07-05T11:02:06.209092,2026-07-05T11:02:06.220654+00:00,142.6,50,bid,FlawlessFlatbreads,DiligentDonuts,8228319
2026-07-05T11:02:07.018160,2026-07-05T11:02:07.027666+00:00,142.2,12,ask,EarnestEspressos,Xuanyu Liu,8228331
2026-07-05T11:02:07.544535,2026-07-05T11:02:07.558614+00:00,142.2,100,ask,EarnestEspressos,DiligentDonuts,8228344
2026-07-05T11:02:07.603219,2026-07-05T11:02:07.615109+00:00,142.2,4,ask,EarnestEspressos,Aaron Tian,8228346
2026-07-05T11:02:08.319816,2026-07-05T11:02:08.329725+00:00,142.7,50,bid,FlawlessFlatbreads,EarnestEspressos,8228360
2026-07-05T11:02:09.006756,2026-07-05T11:02:09.018342+00:00,141.7,49,ask,DiligentDonuts,CostlyCorianders,8228372
2026-07-05T11:02:10.476379,2026-07-05T11:02:10.487834+00:00,141.7,50,ask,DiligentDonuts,FlawlessFlatbreads,8228397
2026-07-05T11:02:10.990726,2026-07-05T11:02:11.002457+00:00,142.2,45,bid,CostlyCorianders,EarnestEspressos,8228405
2026-07-05T11:02:12.603068,2026-07-05T11:02:12.614810+00:00,142.0,50,ask,EarnestEspressos,FlawlessFlatbreads,8228429
2026-07-05T11:02:12.971975,2026-07-05T11:02:12.983423+00:00,142.3,45,bid,CostlyCorianders,DiligentDonuts,8228440
2026-07-05T11:02:14.710750,2026-07-05T11:02:14.718797+00:00,142.0,50,ask,EarnestEspressos,FlawlessFlatbreads,8228461
2026-07-05T11:02:14.873236,2026-07-05T11:02:14.882324+00:00,142.4,12,bid,Xuanyu Liu,DiligentDonuts,8228463
2026-07-05T11:02:15.450412,2026-07-05T11:02:15.463612+00:00,142.1,41,ask,EarnestEspressos,CostlyCorianders,8228472
2026-07-05T11:02:16.109833,2026-07-05T11:02:16.121493+00:00,142.4,45,bid,CostlyCorianders,DiligentDonuts,8228482
2026-07-05T11:02:16.818502,2026-07-05T11:02:16.829853+00:00,142.1,50,ask,EarnestEspressos,FlawlessFlatbreads,8228489
2026-07-05T11:02:17.989757,2026-07-05T11:02:18.011791+00:00,142.3,54,ask,DiligentDonuts,EarnestEspressos,8228512
2026-07-05T11:02:18.002658,2026-07-05T11:02:18.011791+00:00,141.8,14,bid,Xuanyu Liu,EarnestEspressos,8228513
2026-07-05T11:02:18.059525,2026-07-05T11:02:18.073459+00:00,141.8,3,bid,Xuanyu Liu,EarnestEspressos,8228517
2026-07-05T11:02:18.924651,2026-07-05T11:02:18.934765+00:00,141.3,50,ask,EarnestEspressos,FlawlessFlatbreads,8228535
2026-07-05T11:02:20.136472,2026-07-05T11:02:20.142764+00:00,141.8,79,bid,DiligentDonuts,EarnestEspressos,8228560
2026-07-05T11:02:20.183025,2026-07-05T11:02:20.193475+00:00,142.1,21,ask,DiligentDonuts,CostlyCorianders,8228562
2026-07-05T11:02:21.030710,2026-07-05T11:02:21.042333+00:00,141.3,50,ask,EarnestEspressos,FlawlessFlatbreads,8228571
2026-07-05T11:02:21.714847,2026-07-05T11:02:21.726307+00:00,142.6,49,bid,CostlyCorianders,DiligentDonuts,8228588
2026-07-05T11:02:25.240134,2026-07-05T11:02:25.258751+00:00,141.8,50,ask,DiligentDonuts,FlawlessFlatbreads,8228649
2026-07-05T11:02:27.134790,2026-07-05T11:02:27.146060+00:00,141.7,43,ask,DiligentDonuts,CostlyCorianders,8228667
2026-07-05T11:02:27.153105,2026-07-05T11:02:27.164465+00:00,142.0,4,bid,Aaron Tian,EarnestEspressos,8228668
2026-07-05T11:02:27.347169,2026-07-05T11:02:27.358589+00:00,141.7,50,ask,DiligentDonuts,FlawlessFlatbreads,8228671
2026-07-05T11:02:27.742793,2026-07-05T11:02:27.752343+00:00,142.2,43,bid,CostlyCorianders,DiligentDonuts,8228677
2026-07-05T11:02:29.453504,2026-07-05T11:02:29.448072+00:00,141.7,7,ask,DiligentDonuts,FlawlessFlatbreads,8228697
2026-07-05T11:02:29.453504,2026-07-05T11:02:29.448072+00:00,141.7,43,ask,EarnestEspressos,FlawlessFlatbreads,8228698
2026-07-05T11:02:31.564171,2026-07-05T11:02:31.574235+00:00,141.8,50,ask,DiligentDonuts,FlawlessFlatbreads,8228730
2026-07-05T11:02:32.621853,2026-07-05T11:02:32.633509+00:00,141.8,49,ask,DiligentDonuts,CostlyCorianders,8228742
2026-07-05T11:02:33.237356,2026-07-05T11:02:33.245839+00:00,142.0,11,bid,Xuanyu Liu,DiligentDonuts,8228755
2026-07-05T11:02:33.669752,2026-07-05T11:02:33.681085+00:00,141.8,50,ask,EarnestEspressos,FlawlessFlatbreads,8228760
2026-07-05T11:02:33.736542,2026-07-05T11:02:33.748030+00:00,142.0,45,bid,CostlyCorianders,DiligentDonuts,8228761
2026-07-05T11:02:34.703148,2026-07-05T11:02:34.714763+00:00,141.8,43,ask,EarnestEspressos,CostlyCorianders,8228781
2026-07-05T11:02:35.341240,2026-07-05T11:02:35.352568+00:00,142.0,41,bid,CostlyCorianders,DiligentDonuts,8228786
2026-07-05T11:02:35.890384,2026-07-05T11:02:35.897259+00:00,142.0,3,bid,CostlyCorianders,DiligentDonuts,8228800
2026-07-05T11:02:35.890384,2026-07-05T11:02:35.902657+00:00,142.3,41,bid,CostlyCorianders,EarnestEspressos,8228801
2026-07-05T11:02:37.878561,2026-07-05T11:02:37.890243+00:00,141.9,50,ask,DiligentDonuts,FlawlessFlatbreads,8228831
2026-07-05T11:02:39.936715,2026-07-05T11:02:39.943297+00:00,142.1,50,bid,FlawlessFlatbreads,DiligentDonuts,8228866
2026-07-05T11:02:42.043538,2026-07-05T11:02:42.058599+00:00,142.1,50,bid,FlawlessFlatbreads,DiligentDonuts,8228889
2026-07-05T11:02:42.266998,2026-07-05T11:02:42.274005+00:00,142.1,100,bid,DiligentDonuts,EarnestEspressos,8228895
2026-07-05T11:02:44.203492,2026-07-05T11:02:44.215212+00:00,142.0,50,ask,EarnestEspressos,FlawlessFlatbreads,8228930
2026-07-05T11:02:44.562818,2026-07-05T11:02:44.572535+00:00,142.0,44,ask,EarnestEspressos,CostlyCorianders,8228935
2026-07-05T11:02:46.105160,2026-07-05T11:02:46.113890+00:00,142.2,49,bid,CostlyCorianders,DiligentDonuts,8228956
2026-07-05T11:02:46.310220,2026-07-05T11:02:46.317370+00:00,141.7,50,ask,DiligentDonuts,FlawlessFlatbreads,8228961
2026-07-05T11:02:46.736369,2026-07-05T11:02:46.746789+00:00,141.7,41,ask,DiligentDonuts,CostlyCorianders,8228967
2026-07-05T11:02:48.363717,2026-07-05T11:02:48.375552+00:00,141.7,9,ask,DiligentDonuts,CostlyCorianders,8228994
2026-07-05T11:02:48.363717,2026-07-05T11:02:48.375552+00:00,141.7,40,ask,EarnestEspressos,CostlyCorianders,8228995
2026-07-05T11:02:49.524777,2026-07-05T11:02:49.532024+00:00,141.8,12,bid,Xuanyu Liu,EarnestEspressos,8229005
2026-07-05T11:02:50.171152,2026-07-05T11:02:50.178233+00:00,141.8,11,bid,Xuanyu Liu,EarnestEspressos,8229020
2026-07-05T11:02:50.473377,2026-07-05T11:02:50.485066+00:00,141.8,50,bid,FlawlessFlatbreads,EarnestEspressos,8229028
2026-07-05T11:02:51.172271,2026-07-05T11:02:51.183594+00:00,141.8,42,bid,CostlyCorianders,EarnestEspressos,8229031
2026-07-05T11:02:52.634591,2026-07-05T11:02:52.646165+00:00,141.8,50,ask,EarnestEspressos,FlawlessFlatbreads,8229049
2026-07-05T11:02:52.738605,2026-07-05T11:02:52.750221+00:00,141.8,48,ask,EarnestEspressos,CostlyCorianders,8229051
2026-07-05T11:02:54.689982,2026-07-05T11:02:54.701521+00:00,142.0,50,bid,FlawlessFlatbreads,DiligentDonuts,8229071
2026-07-05T11:02:55.587390,2026-07-05T11:02:55.597264+00:00,141.8,11,ask,EarnestEspressos,Xuanyu Liu,8229082
2026-07-05T11:02:56.796972,2026-07-05T11:02:56.810619+00:00,141.7,50,bid,FlawlessFlatbreads,EarnestEspressos,8229104
2026-07-05T11:02:56.801305,2026-07-05T11:02:56.810619+00:00,141.7,23,bid,Xuanyu Liu,EarnestEspressos,8229105
2026-07-05T11:02:57.848663,2026-07-05T11:02:57.858547+00:00,141.7,40,bid,CostlyCorianders,EarnestEspressos,8229117
2026-07-05T11:03:01.035403,2026-07-05T11:03:01.047371+00:00,141.6,50,bid,FlawlessFlatbreads,DiligentDonuts,8229163
2026-07-05T11:03:01.574436,2026-07-05T11:03:01.586226+00:00,141.9,45,bid,CostlyCorianders,EarnestEspressos,8229176
2026-07-05T11:03:02.123346,2026-07-05T11:03:02.133828+00:00,141.8,23,ask,EarnestEspressos,Xuanyu Liu,8229192
2026-07-05T11:03:03.147122,2026-07-05T11:03:03.153407+00:00,142.0,50,bid,FlawlessFlatbreads,DiligentDonuts,8229202
2026-07-05T11:03:05.329239,2026-07-05T11:03:05.340819+00:00,141.8,50,ask,EarnestEspressos,FlawlessFlatbreads,8229234
2026-07-05T11:03:05.982008,2026-07-05T11:03:05.990788+00:00,141.8,12,ask,EarnestEspressos,Xuanyu Liu,8229245
2026-07-05T11:03:06.177660,2026-07-05T11:03:06.184990+00:00,141.8,42,ask,EarnestEspressos,CostlyCorianders,8229251
2026-07-05T11:03:07.437114,2026-07-05T11:03:07.444200+00:00,141.8,46,ask,EarnestEspressos,FlawlessFlatbreads,8229267
2026-07-05T11:03:07.437114,2026-07-05T11:03:07.458761+00:00,141.7,4,ask,DiligentDonuts,FlawlessFlatbreads,8229268
2026-07-05T11:03:08.250222,2026-07-05T11:03:08.256590+00:00,142.1,46,bid,CostlyCorianders,DiligentDonuts,8229278
2026-07-05T11:03:08.492428,2026-07-05T11:03:08.503913+00:00,141.6,100,ask,DiligentDonuts,EarnestEspressos,8229283
2026-07-05T11:03:08.596226,2026-07-05T11:03:08.604368+00:00,141.5,12,bid,Xuanyu Liu,EarnestEspressos,8229284
2026-07-05T11:03:09.494490,2026-07-05T11:03:09.501454+00:00,141.5,38,bid,FlawlessFlatbreads,EarnestEspressos,8229301
2026-07-05T11:03:11.601738,2026-07-05T11:03:11.663675+00:00,141.8,50,bid,FlawlessFlatbreads,DiligentDonuts,8229326
2026-07-05T11:03:11.996633,2026-07-05T11:03:12.008392+00:00,141.5,40,ask,EarnestEspressos,CostlyCorianders,8229329
2026-07-05T11:03:12.543798,2026-07-05T11:03:12.552854+00:00,141.5,12,ask,EarnestEspressos,Xuanyu Liu,8229339
2026-07-05T11:03:12.574368,2026-07-05T11:03:12.586006+00:00,141.5,49,ask,EarnestEspressos,CostlyCorianders,8229342
2026-07-05T11:03:13.709603,2026-07-05T11:03:13.721282+00:00,141.8,50,bid,FlawlessFlatbreads,DiligentDonuts,8229363
2026-07-05T11:03:14.821257,2026-07-05T11:03:14.833000+00:00,141.5,100,ask,DiligentDonuts,EarnestEspressos,8229372
2026-07-05T11:03:15.816480,2026-07-05T11:03:15.827885+00:00,141.4,50,bid,FlawlessFlatbreads,EarnestEspressos,8229383
2026-07-05T11:03:15.896688,2026-07-05T11:03:15.908198+00:00,142.0,46,bid,CostlyCorianders,DiligentDonuts,8229385
2026-07-05T11:03:17.477712,2026-07-05T11:03:17.489145+00:00,141.9,44,bid,CostlyCorianders,DiligentDonuts,8229409
2026-07-05T11:03:17.923558,2026-07-05T11:03:17.935536+00:00,141.9,50,bid,FlawlessFlatbreads,DiligentDonuts,8229418
2026-07-05T11:03:17.941799,2026-07-05T11:03:17.951170+00:00,141.6,11,ask,EarnestEspressos,Xuanyu Liu,8229419
2026-07-05T11:03:19.070041,2026-07-05T11:03:19.078015+00:00,141.6,3,ask,EarnestEspressos,Xuanyu Liu,8229436
2026-07-05T11:03:20.053122,2026-07-05T11:03:20.064633+00:00,141.9,6,bid,FlawlessFlatbreads,DiligentDonuts,8229452
2026-07-05T11:03:21.010627,2026-07-05T11:03:21.018025+00:00,141.6,40,ask,EarnestEspressos,CostlyCorianders,8229472
2026-07-05T11:03:21.527080,2026-07-05T11:03:21.538497+00:00,141.5,43,ask,EarnestEspressos,CostlyCorianders,8229478
2026-07-05T11:03:22.007139,2026-07-05T11:03:22.018688+00:00,141.5,40,ask,EarnestEspressos,CostlyCorianders,8229487
2026-07-05T11:03:22.161630,2026-07-05T11:03:22.173043+00:00,141.9,50,bid,FlawlessFlatbreads,DiligentDonuts,8229489
2026-07-05T11:03:23.693196,2026-07-05T11:03:23.704529+00:00,142.0,43,bid,CostlyCorianders,EarnestEspressos,8229513
2026-07-05T11:03:24.246063,2026-07-05T11:03:24.258543+00:00,142.3,43,bid,CostlyCorianders,DiligentDonuts,8229523
2026-07-05T11:03:24.273607,2026-07-05T11:03:24.280171+00:00,142.3,50,bid,FlawlessFlatbreads,DiligentDonuts,8229524
2026-07-05T11:03:24.322672,2026-07-05T11:03:24.330373+00:00,141.8,100,ask,DiligentDonuts,EarnestEspressos,8229525
2026-07-05T11:03:26.381249,2026-07-05T11:03:26.391705+00:00,141.7,50,bid,FlawlessFlatbreads,EarnestEspressos,8229562
2026-07-05T11:03:28.578663,2026-07-05T11:03:28.590163+00:00,141.9,50,ask,DiligentDonuts,FlawlessFlatbreads,8229596
2026-07-05T11:03:29.667265,2026-07-05T11:03:29.676696+00:00,141.9,43,ask,DiligentDonuts,CostlyCorianders,8229607
2026-07-05T11:03:30.231102,2026-07-05T11:03:30.242513+00:00,142.1,44,bid,CostlyCorianders,DiligentDonuts,8229618
2026-07-05T11:03:30.685014,2026-07-05T11:03:30.696669+00:00,141.9,50,ask,EarnestEspressos,FlawlessFlatbreads,8229622
2026-07-05T11:03:32.218192,2026-07-05T11:03:32.229831+00:00,141.9,40,ask,EarnestEspressos,CostlyCorianders,8229644
2026-07-05T11:03:32.740914,2026-07-05T11:03:32.747320+00:00,142.1,50,bid,FlawlessFlatbreads,DiligentDonuts,8229650
2026-07-05T11:03:32.829162,2026-07-05T11:03:32.840633+00:00,142.1,6,bid,CostlyCorianders,DiligentDonuts,8229653
2026-07-05T11:03:32.829162,2026-07-05T11:03:32.840633+00:00,142.4,38,bid,CostlyCorianders,EarnestEspressos,8229654
2026-07-05T11:03:34.901231,2026-07-05T11:03:34.912785+00:00,142.0,50,ask,DiligentDonuts,FlawlessFlatbreads,8229677
2026-07-05T11:03:36.489980,2026-07-05T11:03:36.500163+00:00,141.8,47,ask,DiligentDonuts,CostlyCorianders,8229697
2026-07-05T11:03:37.009430,2026-07-05T11:03:37.020845+00:00,141.8,50,ask,DiligentDonuts,FlawlessFlatbreads,8229705
2026-07-05T11:03:37.130288,2026-07-05T11:03:37.141721+00:00,142.2,43,bid,CostlyCorianders,EarnestEspressos,8229706
2026-07-05T11:03:38.645948,2026-07-05T11:03:38.658552+00:00,141.8,3,ask,DiligentDonuts,CostlyCorianders,8229734
2026-07-05T11:03:38.645948,2026-07-05T11:03:38.658552+00:00,141.7,42,ask,EarnestEspressos,CostlyCorianders,8229735
2026-07-05T11:03:39.115795,2026-07-05T11:03:39.122089+00:00,141.7,50,ask,EarnestEspressos,FlawlessFlatbreads,8229739
2026-07-05T11:03:41.221854,2026-07-05T11:03:41.233328+00:00,141.6,50,ask,DiligentDonuts,FlawlessFlatbreads,8229760
2026-07-05T11:03:41.329621,2026-07-05T11:03:41.341023+00:00,142.1,43,bid,CostlyCorianders,DiligentDonuts,8229765
2026-07-05T11:03:43.239932,2026-07-05T11:03:43.251648+00:00,141.5,48,ask,DiligentDonuts,CostlyCorianders,8229782
2026-07-05T11:03:43.328762,2026-07-05T11:03:43.340371+00:00,141.5,50,ask,DiligentDonuts,FlawlessFlatbreads,8229784
2026-07-05T11:03:44.745414,2026-07-05T11:03:44.758590+00:00,142.0,45,bid,CostlyCorianders,DiligentDonuts,8229817
2026-07-05T11:03:45.435964,2026-07-05T11:03:45.447212+00:00,141.5,2,ask,DiligentDonuts,FlawlessFlatbreads,8229831
2026-07-05T11:03:45.435964,2026-07-05T11:03:45.447212+00:00,141.5,48,ask,EarnestEspressos,FlawlessFlatbreads,8229832
2026-07-05T11:03:46.338297,2026-07-05T11:03:46.345339+00:00,141.7,47,bid,CostlyCorianders,DiligentDonuts,8229846
2026-07-05T11:03:46.899469,2026-07-05T11:03:46.910948+00:00,141.2,41,ask,DiligentDonuts,CostlyCorianders,8229853
2026-07-05T11:03:47.492001,2026-07-05T11:03:47.500374+00:00,141.7,50,bid,FlawlessFlatbreads,DiligentDonuts,8229863
2026-07-05T11:03:48.075392,2026-07-05T11:03:48.083199+00:00,141.7,3,bid,CostlyCorianders,DiligentDonuts,8229873
2026-07-05T11:03:48.075392,2026-07-05T11:03:48.088204+00:00,141.7,41,bid,CostlyCorianders,EarnestEspressos,8229874
2026-07-05T11:03:48.608221,2026-07-05T11:03:48.619849+00:00,141.2,43,ask,DiligentDonuts,CostlyCorianders,8229885
2026-07-05T11:03:50.547868,2026-07-05T11:03:50.559777+00:00,141.8,49,bid,CostlyCorianders,DiligentDonuts,8229913
2026-07-05T11:03:51.758058,2026-07-05T11:03:51.764963+00:00,141.5,50,ask,EarnestEspressos,FlawlessFlatbreads,8229927
2026-07-05T11:03:52.675197,2026-07-05T11:03:52.686509+00:00,141.5,47,ask,EarnestEspressos,CostlyCorianders,8229933
2026-07-05T11:03:52.811942,2026-07-05T11:03:52.823503+00:00,141.5,100,ask,DiligentDonuts,EarnestEspressos,8229935
2026-07-05T11:03:52.826031,2026-07-05T11:03:52.834299+00:00,141.5,3,bid,Xuanyu Liu,EarnestEspressos,8229936
2026-07-05T11:03:53.130213,2026-07-05T11:03:53.137796+00:00,141.5,11,bid,Xuanyu Liu,EarnestEspressos,8229954
2026-07-05T11:03:53.865085,2026-07-05T11:03:53.876738+00:00,141.0,50,ask,EarnestEspressos,FlawlessFlatbreads,8229960
2026-07-05T11:03:54.370966,2026-07-05T11:03:54.379263+00:00,141.0,44,ask,EarnestEspressos,CostlyCorianders,8229969
2026-07-05T11:03:54.932486,2026-07-05T11:03:54.939724+00:00,141.5,36,bid,CostlyCorianders,EarnestEspressos,8229978
2026-07-05T11:03:54.932486,2026-07-05T11:03:54.944954+00:00,142.0,11,bid,CostlyCorianders,DiligentDonuts,8229979
2026-07-05T11:03:56.616736,2026-07-05T11:03:56.628463+00:00,141.5,42,bid,CostlyCorianders,DiligentDonuts,8229994
2026-07-05T11:04:00.128665,2026-07-05T11:04:00.140108+00:00,141.7,50,bid,FlawlessFlatbreads,EarnestEspressos,8230041
2026-07-05T11:04:01.598448,2026-07-05T11:04:01.610302+00:00,141.3,47,ask,DiligentDonuts,CostlyCorianders,8230062
2026-07-05T11:04:02.055725,2026-07-05T11:04:02.067289+00:00,141.7,45,bid,CostlyCorianders,EarnestEspressos,8230068
2026-07-05T11:04:02.273671,2026-07-05T11:04:02.281545+00:00,141.6,11,ask,EarnestEspressos,Xuanyu Liu,8230074
2026-07-05T11:04:02.287195,2026-07-05T11:04:02.296767+00:00,141.6,50,ask,EarnestEspressos,FlawlessFlatbreads,8230076
2026-07-05T11:04:03.398928,2026-07-05T11:04:03.406287+00:00,141.6,3,ask,EarnestEspressos,Xuanyu Liu,8230092
2026-07-05T11:04:04.603212,2026-07-05T11:04:04.614062+00:00,141.6,86,ask,EarnestEspressos,DiligentDonuts,8230116
2026-07-05T11:04:06.194495,2026-07-05T11:04:06.202036+00:00,141.1,26,bid,Xuanyu Liu,EarnestEspressos,8230130
2026-07-05T11:04:06.498982,2026-07-05T11:04:06.510589+00:00,141.0,50,ask,DiligentDonuts,FlawlessFlatbreads,8230140
2026-07-05T11:04:06.663672,2026-07-05T11:04:06.670126+00:00,141.1,48,bid,CostlyCorianders,EarnestEspressos,8230142
2026-07-05T11:04:10.665368,2026-07-05T11:04:10.673602+00:00,141.0,12,ask,EarnestEspressos,Xuanyu Liu,8230193
2026-07-05T11:04:10.928365,2026-07-05T11:04:10.939163+00:00,141.0,100,ask,EarnestEspressos,DiligentDonuts,8230197
2026-07-05T11:04:12.770340,2026-07-05T11:04:12.779849+00:00,140.8,50,bid,FlawlessFlatbreads,EarnestEspressos,8230228
2026-07-05T11:04:14.901041,2026-07-05T11:04:14.908984+00:00,141.2,50,bid,FlawlessFlatbreads,DiligentDonuts,8230255
2026-07-05T11:04:14.960292,2026-07-05T11:04:14.969324+00:00,140.7,100,ask,DiligentDonuts,EarnestEspressos,8230257
2026-07-05T11:04:15.831303,2026-07-05T11:04:15.840387+00:00,140.1,42,ask,EarnestEspressos,CostlyCorianders,8230267
2026-07-05T11:04:19.112004,2026-07-05T11:04:19.123429+00:00,140.8,50,bid,FlawlessFlatbreads,EarnestEspressos,8230320
2026-07-05T11:04:21.219399,2026-07-05T11:04:21.226464+00:00,141.0,50,bid,FlawlessFlatbreads,DiligentDonuts,8230341
2026-07-05T11:04:22.551628,2026-07-05T11:04:22.558015+00:00,140.7,42,ask,EarnestEspressos,CostlyCorianders,8230359
2026-07-05T11:04:23.088129,2026-07-05T11:04:23.097631+00:00,141.0,40,bid,CostlyCorianders,DiligentDonuts,8230368
2026-07-05T11:04:23.529491,2026-07-05T11:04:23.539324+00:00,140.9,11,ask,DiligentDonuts,Xuanyu Liu,8230377
2026-07-05T11:04:24.619494,2026-07-05T11:04:24.627877+00:00,140.9,3,ask,DiligentDonuts,Xuanyu Liu,8230395
2026-07-05T11:04:25.491852,2026-07-05T11:04:25.498766+00:00,140.9,50,ask,DiligentDonuts,FlawlessFlatbreads,8230413
2026-07-05T11:04:27.604825,2026-07-05T11:04:27.612118+00:00,140.8,50,ask,DiligentDonuts,FlawlessFlatbreads,8230446
2026-07-05T11:04:29.632617,2026-07-05T11:04:29.644291+00:00,140.8,42,ask,DiligentDonuts,CostlyCorianders,8230473
2026-07-05T11:04:29.711296,2026-07-05T11:04:29.723079+00:00,140.8,8,ask,DiligentDonuts,FlawlessFlatbreads,8230475
2026-07-05T11:04:29.711296,2026-07-05T11:04:29.723079+00:00,140.8,42,ask,EarnestEspressos,FlawlessFlatbreads,8230476
2026-07-05T11:04:31.496718,2026-07-05T11:04:31.508076+00:00,140.5,47,ask,EarnestEspressos,CostlyCorianders,8230500
2026-07-05T11:04:31.819062,2026-07-05T11:04:31.830401+00:00,140.5,50,ask,EarnestEspressos,FlawlessFlatbreads,8230501
2026-07-05T11:04:33.929959,2026-07-05T11:04:33.938993+00:00,140.3,50,ask,DiligentDonuts,FlawlessFlatbreads,8230523
2026-07-05T11:04:33.959536,2026-07-05T11:04:33.967861+00:00,140.6,14,bid,Xuanyu Liu,EarnestEspressos,8230526
2026-07-05T11:04:36.039080,2026-07-05T11:04:36.048349+00:00,140.3,50,ask,DiligentDonuts,FlawlessFlatbreads,8230561
2026-07-05T11:04:37.961847,2026-07-05T11:04:37.973312+00:00,140.5,12,bid,Xuanyu Liu,DiligentDonuts,8230603
2026-07-05T11:04:38.095389,2026-07-05T11:04:38.104785+00:00,140.5,50,bid,FlawlessFlatbreads,DiligentDonuts,8230605
2026-07-05T11:04:42.307103,2026-07-05T11:04:42.318748+00:00,140.3,50,bid,FlawlessFlatbreads,EarnestEspressos,8230651
2026-07-05T11:04:43.517677,2026-07-05T11:04:43.529394+00:00,140.5,44,bid,CostlyCorianders,DiligentDonuts,8230670
2026-07-05T11:04:44.141585,2026-07-05T11:04:44.158652+00:00,140.5,48,bid,CostlyCorianders,DiligentDonuts,8230675
2026-07-05T11:04:46.569333,2026-07-05T11:04:46.580702+00:00,140.1,50,ask,DiligentDonuts,FlawlessFlatbreads,8230709
2026-07-05T11:04:48.046819,2026-07-05T11:04:48.058379+00:00,140.1,48,ask,DiligentDonuts,CostlyCorianders,8230733
2026-07-05T11:04:48.676232,2026-07-05T11:04:48.688049+00:00,140.1,2,ask,DiligentDonuts,FlawlessFlatbreads,8230736
2026-07-05T11:04:48.676232,2026-07-05T11:04:48.688049+00:00,139.9,48,ask,EarnestEspressos,FlawlessFlatbreads,8230737
2026-07-05T11:04:49.581192,2026-07-05T11:04:49.592712+00:00,139.9,41,ask,EarnestEspressos,CostlyCorianders,8230752
2026-07-05T11:04:50.061294,2026-07-05T11:04:50.069901+00:00,140.0,11,bid,Xuanyu Liu,EarnestEspressos,8230759
2026-07-05T11:04:50.784146,2026-07-05T11:04:50.795843+00:00,139.8,50,ask,DiligentDonuts,FlawlessFlatbreads,8230774
2026-07-05T11:04:53.179269,2026-07-05T11:04:53.190736+00:00,140.1,41,bid,CostlyCorianders,DiligentDonuts,8230803
2026-07-05T11:04:54.604990,2026-07-05T11:04:54.615300+00:00,140.1,45,bid,CostlyCorianders,DiligentDonuts,8230828
2026-07-05T11:04:57.047881,2026-07-05T11:04:57.058634+00:00,140.2,50,bid,FlawlessFlatbreads,EarnestEspressos,8230852
2026-07-05T11:04:58.630050,2026-07-05T11:04:58.639319+00:00,140.0,11,ask,DiligentDonuts,Xuanyu Liu,8230883
2026-07-05T11:05:01.261260,2026-07-05T11:05:01.272922+00:00,140.1,50,bid,FlawlessFlatbreads,EarnestEspressos,8230916
2026-07-05T11:05:02.732197,2026-07-05T11:05:02.741698+00:00,140.0,42,ask,EarnestEspressos,CostlyCorianders,8230943
2026-07-05T11:05:03.368597,2026-07-05T11:05:03.374974+00:00,140.4,50,bid,FlawlessFlatbreads,DiligentDonuts,8230950
2026-07-05T11:05:05.473916,2026-07-05T11:05:05.485303+00:00,140.5,50,bid,FlawlessFlatbreads,DiligentDonuts,8230987
2026-07-05T11:05:07.581140,2026-07-05T11:05:07.596063+00:00,140.3,50,bid,FlawlessFlatbreads,EarnestEspressos,8231021
2026-07-05T11:05:09.739483,2026-07-05T11:05:09.750919+00:00,140.2,50,ask,EarnestEspressos,FlawlessFlatbreads,8231067
2026-07-05T11:05:11.862400,2026-07-05T11:05:11.871421+00:00,140.6,50,ask,DiligentDonuts,FlawlessFlatbreads,8231098
2026-07-05T11:05:12.430436,2026-07-05T11:05:12.441290+00:00,140.6,12,ask,DiligentDonuts,Xuanyu Liu,8231107
2026-07-05T11:05:13.059622,2026-07-05T11:05:13.067464+00:00,140.6,11,ask,DiligentDonuts,Xuanyu Liu,8231125
2026-07-05T11:05:13.973179,2026-07-05T11:05:13.984666+00:00,140.6,27,ask,DiligentDonuts,FlawlessFlatbreads,8231134
2026-07-05T11:05:13.973179,2026-07-05T11:05:13.984666+00:00,140.3,23,ask,EarnestEspressos,FlawlessFlatbreads,8231135
2026-07-05T11:05:15.968701,2026-07-05T11:05:15.980268+00:00,140.4,49,bid,CostlyCorianders,EarnestEspressos,8231178
2026-07-05T11:05:16.052929,2026-07-05T11:05:16.063740+00:00,140.4,50,bid,FlawlessFlatbreads,EarnestEspressos,8231181
2026-07-05T11:05:18.160866,2026-07-05T11:05:18.169597+00:00,140.5,50,bid,FlawlessFlatbreads,DiligentDonuts,8231197
2026-07-05T11:05:19.623237,2026-07-05T11:05:19.633615+00:00,140.3,40,ask,EarnestEspressos,CostlyCorianders,8231221
2026-07-05T11:05:20.296990,2026-07-05T11:05:20.305937+00:00,140.5,50,bid,FlawlessFlatbreads,DiligentDonuts,8231226
2026-07-05T11:05:22.403837,2026-07-05T11:05:22.412166+00:00,140.7,50,bid,FlawlessFlatbreads,EarnestEspressos,8231253
2026-07-05T11:05:23.308140,2026-07-05T11:05:23.318916+00:00,140.4,47,ask,DiligentDonuts,CostlyCorianders,8231264
2026-07-05T11:05:24.512637,2026-07-05T11:05:24.521258+00:00,140.8,50,bid,FlawlessFlatbreads,DiligentDonuts,8231278
2026-07-05T11:05:26.628521,2026-07-05T11:05:26.640383+00:00,140.8,50,bid,FlawlessFlatbreads,DiligentDonuts,8231321
2026-07-05T11:05:27.322353,2026-07-05T11:05:27.334001+00:00,140.9,49,bid,CostlyCorianders,EarnestEspressos,8231326
2026-07-05T11:05:27.490605,2026-07-05T11:05:27.498490+00:00,140.7,3,ask,DiligentDonuts,Xuanyu Liu,8231328
2026-07-05T11:05:27.924016,2026-07-05T11:05:27.935508+00:00,140.7,43,ask,DiligentDonuts,CostlyCorianders,8231335
2026-07-05T11:05:28.803962,2026-07-05T11:05:28.814764+00:00,140.7,14,ask,DiligentDonuts,Xuanyu Liu,8231349
2026-07-05T11:05:30.030386,2026-07-05T11:05:30.038872+00:00,140.7,11,bid,Xuanyu Liu,DiligentDonuts,8231369
2026-07-05T11:05:30.081042,2026-07-05T11:05:30.092626+00:00,140.7,40,bid,CostlyCorianders,DiligentDonuts,8231372
2026-07-05T11:05:30.109211,2026-07-05T11:05:30.117837+00:00,140.7,3,bid,Xuanyu Liu,DiligentDonuts,8231373
2026-07-05T11:05:30.859878,2026-07-05T11:05:30.871599+00:00,140.7,46,bid,FlawlessFlatbreads,DiligentDonuts,8231384
2026-07-05T11:05:32.010777,2026-07-05T11:05:32.022294+00:00,140.5,46,ask,EarnestEspressos,CostlyCorianders,8231395
2026-07-05T11:05:32.966331,2026-07-05T11:05:32.978010+00:00,141.0,50,bid,FlawlessFlatbreads,EarnestEspressos,8231417
2026-07-05T11:05:35.075271,2026-07-05T11:05:35.085378+00:00,140.7,50,bid,FlawlessFlatbreads,EarnestEspressos,8231441
2026-07-05T11:05:36.099977,2026-07-05T11:05:36.111554+00:00,140.7,41,bid,CostlyCorianders,EarnestEspressos,8231463
2026-07-05T11:05:38.693631,2026-07-05T11:05:38.700190+00:00,141.0,41,bid,CostlyCorianders,DiligentDonuts,8231496
2026-07-05T11:05:39.361990,2026-07-05T11:05:39.373491+00:00,140.7,50,ask,EarnestEspressos,FlawlessFlatbreads,8231506
2026-07-05T11:05:41.418152,2026-07-05T11:05:41.429791+00:00,140.9,50,bid,FlawlessFlatbreads,EarnestEspressos,8231526
2026-07-05T11:05:41.777275,2026-07-05T11:05:41.789175+00:00,140.6,41,ask,DiligentDonuts,CostlyCorianders,8231533
2026-07-05T11:05:42.275118,2026-07-05T11:05:42.286895+00:00,140.6,43,ask,DiligentDonuts,CostlyCorianders,8231544
2026-07-05T11:05:45.679431,2026-07-05T11:05:45.686513+00:00,140.6,50,ask,EarnestEspressos,FlawlessFlatbreads,8231584
2026-07-05T11:05:47.785537,2026-07-05T11:05:47.797141+00:00,140.5,50,ask,EarnestEspressos,FlawlessFlatbreads,8231612
2026-07-05T11:05:49.893786,2026-07-05T11:05:49.905721+00:00,140.6,50,ask,DiligentDonuts,FlawlessFlatbreads,8231648
2026-07-05T11:05:50.484932,2026-07-05T11:05:50.496832+00:00,140.8,45,bid,CostlyCorianders,EarnestEspressos,8231659
2026-07-05T11:05:51.675117,2026-07-05T11:05:51.682061+00:00,140.8,42,bid,CostlyCorianders,EarnestEspressos,8231683
2026-07-05T11:05:52.000941,2026-07-05T11:05:52.010266+00:00,140.6,50,ask,DiligentDonuts,FlawlessFlatbreads,8231687
2026-07-05T11:05:53.037304,2026-07-05T11:05:53.046555+00:00,140.6,100,bid,EarnestEspressos,DiligentDonuts,8231703
2026-07-05T11:05:54.106937,2026-07-05T11:05:54.118675+00:00,140.6,50,ask,EarnestEspressos,FlawlessFlatbreads,8231722
2026-07-05T11:05:56.095385,2026-07-05T11:05:56.106845+00:00,140.4,42,ask,DiligentDonuts,CostlyCorianders,8231752
2026-07-05T11:05:56.164378,2026-07-05T11:05:56.175973+00:00,140.9,50,bid,FlawlessFlatbreads,DiligentDonuts,8231753
2026-07-05T11:05:56.617615,2026-07-05T11:05:56.636662+00:00,140.6,43,bid,CostlyCorianders,EarnestEspressos,8231759
2026-07-05T11:05:58.271405,2026-07-05T11:05:58.282947+00:00,140.6,50,bid,FlawlessFlatbreads,EarnestEspressos,8231785
2026-07-05T11:05:58.902465,2026-07-05T11:05:58.913346+00:00,140.6,40,bid,CostlyCorianders,EarnestEspressos,8231796
2026-07-05T11:06:00.430507,2026-07-05T11:06:00.442060+00:00,140.5,50,ask,DiligentDonuts,FlawlessFlatbreads,8231825
2026-07-05T11:06:01.666300,2026-07-05T11:06:01.676648+00:00,140.5,100,ask,EarnestEspressos,DiligentDonuts,8231843
2026-07-05T11:06:02.489858,2026-07-05T11:06:02.501555+00:00,141.0,50,bid,FlawlessFlatbreads,EarnestEspressos,8231860
2026-07-05T11:06:03.714969,2026-07-05T11:06:03.725103+00:00,140.0,45,ask,DiligentDonuts,CostlyCorianders,8231878
2026-07-05T11:06:04.244254,2026-07-05T11:06:04.258610+00:00,140.0,43,ask,DiligentDonuts,CostlyCorianders,8231882
2026-07-05T11:06:04.599802,2026-07-05T11:06:04.607533+00:00,140.5,50,bid,FlawlessFlatbreads,EarnestEspressos,8231886
2026-07-05T11:06:04.801782,2026-07-05T11:06:04.813205+00:00,140.1,44,ask,DiligentDonuts,CostlyCorianders,8231891
2026-07-05T11:06:06.710994,2026-07-05T11:06:06.722437+00:00,140.6,50,bid,FlawlessFlatbreads,DiligentDonuts,8231922
2026-07-05T11:06:08.870187,2026-07-05T11:06:08.881705+00:00,140.4,50,ask,DiligentDonuts,FlawlessFlatbreads,8231947
2026-07-05T11:06:10.977195,2026-07-05T11:06:10.988804+00:00,140.7,50,ask,EarnestEspressos,FlawlessFlatbreads,8231970
2026-07-05T11:06:13.089068,2026-07-05T11:06:13.097829+00:00,140.4,50,ask,EarnestEspressos,FlawlessFlatbreads,8232004
2026-07-05T11:06:14.027682,2026-07-05T11:06:14.039077+00:00,140.8,47,bid,CostlyCorianders,DiligentDonuts,8232018
2026-07-05T11:06:15.146152,2026-07-05T11:06:15.152907+00:00,140.9,50,bid,FlawlessFlatbreads,DiligentDonuts,8232033
2026-07-05T11:06:15.662800,2026-07-05T11:06:15.674798+00:00,140.9,42,bid,CostlyCorianders,DiligentDonuts,8232041
2026-07-05T11:06:16.319128,2026-07-05T11:06:16.330618+00:00,140.5,46,ask,EarnestEspressos,CostlyCorianders,8232058
2026-07-05T11:06:17.305414,2026-07-05T11:06:17.316824+00:00,140.5,50,ask,EarnestEspressos,FlawlessFlatbreads,8232072
2026-07-05T11:06:17.349540,2026-07-05T11:06:17.355767+00:00,140.5,48,ask,EarnestEspressos,CostlyCorianders,8232073
2026-07-05T11:06:18.411047,2026-07-05T11:06:18.422405+00:00,140.8,100,ask,DiligentDonuts,EarnestEspressos,8232081
2026-07-05T11:06:18.423590,2026-07-05T11:06:18.430809+00:00,140.2,37,bid,Xuanyu Liu,EarnestEspressos,8232082
2026-07-05T11:06:18.659433,2026-07-05T11:06:18.667521+00:00,140.2,12,bid,Xuanyu Liu,EarnestEspressos,8232092
2026-07-05T11:06:19.975876,2026-07-05T11:06:19.983313+00:00,140.2,1,bid,Xuanyu Liu,EarnestEspressos,8232110
2026-07-05T11:06:20.642308,2026-07-05T11:06:20.650591+00:00,140.7,24,ask,DiligentDonuts,Xuanyu Liu,8232121
2026-07-05T11:06:21.284807,2026-07-05T11:06:21.294104+00:00,140.7,12,ask,DiligentDonuts,Xuanyu Liu,8232133
2026-07-05T11:06:21.514269,2026-07-05T11:06:21.525673+00:00,140.7,50,ask,DiligentDonuts,FlawlessFlatbreads,8232140
2026-07-05T11:06:22.867874,2026-07-05T11:06:22.875199+00:00,140.9,41,bid,CostlyCorianders,EarnestEspressos,8232162
2026-07-05T11:06:23.621069,2026-07-05T11:06:23.632863+00:00,140.7,14,ask,DiligentDonuts,FlawlessFlatbreads,8232167
2026-07-05T11:06:23.621069,2026-07-05T11:06:23.632863+00:00,140.4,36,ask,EarnestEspressos,FlawlessFlatbreads,8232168
2026-07-05T11:06:25.750688,2026-07-05T11:06:25.758580+00:00,140.6,50,ask,EarnestEspressos,FlawlessFlatbreads,8232196
2026-07-05T11:06:25.772467,2026-07-05T11:06:25.784011+00:00,140.9,41,bid,CostlyCorianders,DiligentDonuts,8232197
2026-07-05T11:06:27.805763,2026-07-05T11:06:27.817443+00:00,141.0,50,bid,FlawlessFlatbreads,DiligentDonuts,8232220
2026-07-05T11:06:28.395320,2026-07-05T11:06:28.405012+00:00,140.9,44,bid,CostlyCorianders,EarnestEspressos,8232229
2026-07-05T11:06:29.912180,2026-07-05T11:06:29.918741+00:00,140.9,50,bid,FlawlessFlatbreads,EarnestEspressos,8232242
2026-07-05T11:06:32.106870,2026-07-05T11:06:32.118699+00:00,140.9,49,ask,EarnestEspressos,CostlyCorianders,8232270
2026-07-05T11:06:33.134224,2026-07-05T11:06:33.145612+00:00,141.2,48,bid,CostlyCorianders,DiligentDonuts,8232285
2026-07-05T11:06:34.146488,2026-07-05T11:06:34.158584+00:00,141.4,50,bid,FlawlessFlatbreads,DiligentDonuts,8232303
2026-07-05T11:06:36.379004,2026-07-05T11:06:36.388677+00:00,141.1,100,bid,DiligentDonuts,EarnestEspressos,8232330
2026-07-05T11:06:37.347349,2026-07-05T11:06:37.356486+00:00,141.0,11,ask,EarnestEspressos,Xuanyu Liu,8232345
2026-07-05T11:06:38.384023,2026-07-05T11:06:38.390869+00:00,141.5,50,bid,FlawlessFlatbreads,EarnestEspressos,8232360
2026-07-05T11:06:39.688848,2026-07-05T11:06:39.700514+00:00,141.0,43,ask,EarnestEspressos,CostlyCorianders,8232376
2026-07-05T11:06:40.224744,2026-07-05T11:06:40.236340+00:00,141.0,44,ask,EarnestEspressos,CostlyCorianders,8232382
2026-07-05T11:06:40.540183,2026-07-05T11:06:40.551536+00:00,140.9,50,ask,EarnestEspressos,FlawlessFlatbreads,8232390
2026-07-05T11:06:41.320549,2026-07-05T11:06:41.332292+00:00,140.9,45,ask,EarnestEspressos,CostlyCorianders,8232399
2026-07-05T11:06:42.655864,2026-07-05T11:06:42.668904+00:00,140.9,50,ask,EarnestEspressos,FlawlessFlatbreads,8232416
2026-07-05T11:06:44.553510,2026-07-05T11:06:44.565172+00:00,140.8,48,bid,CostlyCorianders,EarnestEspressos,8232435
2026-07-05T11:06:44.763103,2026-07-05T11:06:44.774598+00:00,140.7,50,ask,DiligentDonuts,FlawlessFlatbreads,8232436
2026-07-05T11:06:45.611884,2026-07-05T11:06:45.623246+00:00,140.8,47,bid,CostlyCorianders,EarnestEspressos,8232459
2026-07-05T11:06:46.873986,2026-07-05T11:06:46.884182+00:00,140.7,50,ask,EarnestEspressos,FlawlessFlatbreads,8232473
2026-07-05T11:06:48.982906,2026-07-05T11:06:48.993621+00:00,140.7,50,ask,EarnestEspressos,FlawlessFlatbreads,8232509
2026-07-05T11:06:49.810393,2026-07-05T11:06:49.822111+00:00,141.1,48,bid,CostlyCorianders,EarnestEspressos,8232521
2026-07-05T11:06:49.895359,2026-07-05T11:06:49.905720+00:00,140.7,46,ask,EarnestEspressos,CostlyCorianders,8232523
2026-07-05T11:06:50.530813,2026-07-05T11:06:50.542353+00:00,140.8,43,bid,CostlyCorianders,EarnestEspressos,8232530
2026-07-05T11:06:51.094327,2026-07-05T11:06:51.105038+00:00,140.6,50,ask,DiligentDonuts,FlawlessFlatbreads,8232535
2026-07-05T11:06:52.000530,2026-07-05T11:06:52.012138+00:00,140.6,47,ask,DiligentDonuts,CostlyCorianders,8232547
2026-07-05T11:06:53.200397,2026-07-05T11:06:53.208682+00:00,140.3,50,ask,EarnestEspressos,FlawlessFlatbreads,8232565
2026-07-05T11:06:53.411916,2026-07-05T11:06:53.423809+00:00,140.3,42,ask,EarnestEspressos,CostlyCorianders,8232570
2026-07-05T11:06:53.900217,2026-07-05T11:06:53.912088+00:00,140.6,45,bid,CostlyCorianders,DiligentDonuts,8232585
2026-07-05T11:06:55.123197,2026-07-05T11:06:55.134927+00:00,140.6,42,bid,CostlyCorianders,DiligentDonuts,8232606
2026-07-05T11:06:55.306351,2026-07-05T11:06:55.318111+00:00,140.3,50,ask,EarnestEspressos,FlawlessFlatbreads,8232611
2026-07-05T11:06:56.373743,2026-07-05T11:06:56.381747+00:00,140.4,46,bid,Xuanyu Liu,EarnestEspressos,8232623
2026-07-05T11:06:57.113576,2026-07-05T11:06:57.120370+00:00,140.3,42,ask,DiligentDonuts,CostlyCorianders,8232632
2026-07-05T11:06:57.413787,2026-07-05T11:06:57.425427+00:00,140.3,50,ask,DiligentDonuts,FlawlessFlatbreads,8232638
2026-07-05T11:06:58.459497,2026-07-05T11:06:58.469765+00:00,140.4,11,bid,Xuanyu Liu,EarnestEspressos,8232651
2026-07-05T11:06:59.523241,2026-07-05T11:06:59.532656+00:00,140.3,50,ask,DiligentDonuts,FlawlessFlatbreads,8232673
2026-07-05T11:07:01.631467,2026-07-05T11:07:01.639950+00:00,140.3,50,ask,DiligentDonuts,FlawlessFlatbreads,8232690
2026-07-05T11:07:03.740433,2026-07-05T11:07:03.748488+00:00,140.2,50,ask,DiligentDonuts,FlawlessFlatbreads,8232721
2026-07-05T11:07:05.851352,2026-07-05T11:07:05.858774+00:00,140.0,50,ask,EarnestEspressos,FlawlessFlatbreads,8232749
2026-07-05T11:07:07.781613,2026-07-05T11:07:07.787958+00:00,140.4,46,bid,CostlyCorianders,DiligentDonuts,8232778
2026-07-05T11:07:07.958831,2026-07-05T11:07:07.970265+00:00,140.0,50,ask,EarnestEspressos,FlawlessFlatbreads,8232779
2026-07-05T11:07:09.054559,2026-07-05T11:07:09.062898+00:00,140.1,11,bid,Xuanyu Liu,EarnestEspressos,8232796
2026-07-05T11:07:09.349026,2026-07-05T11:07:09.356765+00:00,140.1,12,bid,Xuanyu Liu,EarnestEspressos,8232802
2026-07-05T11:07:10.066417,2026-07-05T11:07:10.075434+00:00,139.7,50,ask,DiligentDonuts,FlawlessFlatbreads,8232810
2026-07-05T11:07:11.543614,2026-07-05T11:07:11.563957+00:00,139.8,41,ask,DiligentDonuts,CostlyCorianders,8232834
2026-07-05T11:07:12.172324,2026-07-05T11:07:12.183916+00:00,139.8,50,ask,DiligentDonuts,FlawlessFlatbreads,8232838
2026-07-05T11:07:13.607812,2026-07-05T11:07:13.619458+00:00,140.2,41,bid,CostlyCorianders,EarnestEspressos,8232864
2026-07-05T11:07:14.226577,2026-07-05T11:07:14.238309+00:00,140.2,50,bid,FlawlessFlatbreads,EarnestEspressos,8232869
2026-07-05T11:07:14.402091,2026-07-05T11:07:14.413872+00:00,139.7,100,ask,EarnestEspressos,DiligentDonuts,8232871
2026-07-05T11:07:15.177040,2026-07-05T11:07:15.189080+00:00,139.7,44,ask,EarnestEspressos,CostlyCorianders,8232886
2026-07-05T11:07:16.334846,2026-07-05T11:07:16.344507+00:00,140.0,50,bid,FlawlessFlatbreads,EarnestEspressos,8232910
2026-07-05T11:07:18.442257,2026-07-05T11:07:18.463888+00:00,140.2,50,bid,FlawlessFlatbreads,DiligentDonuts,8232936
2026-07-05T11:07:18.987811,2026-07-05T11:07:18.995500+00:00,140.1,11,bid,Xuanyu Liu,EarnestEspressos,8232948
2026-07-05T11:07:20.549881,2026-07-05T11:07:20.556285+00:00,140.1,50,bid,FlawlessFlatbreads,EarnestEspressos,8232969
2026-07-05T11:07:22.264551,2026-07-05T11:07:22.268374+00:00,140.5,46,bid,CostlyCorianders,DiligentDonuts,8233003
2026-07-05T11:07:22.657567,2026-07-05T11:07:22.669046+00:00,140.5,50,bid,FlawlessFlatbreads,DiligentDonuts,8233009
2026-07-05T11:07:22.943290,2026-07-05T11:07:22.954872+00:00,140.5,4,bid,CostlyCorianders,DiligentDonuts,8233012
2026-07-05T11:07:22.943290,2026-07-05T11:07:22.954872+00:00,140.5,44,bid,CostlyCorianders,EarnestEspressos,8233013
2026-07-05T11:07:23.513952,2026-07-05T11:07:23.521965+00:00,140.0,40,ask,DiligentDonuts,CostlyCorianders,8233020
2026-07-05T11:07:24.764013,2026-07-05T11:07:24.775428+00:00,140.6,50,bid,FlawlessFlatbreads,DiligentDonuts,8233040
2026-07-05T11:07:25.304762,2026-07-05T11:07:25.316141+00:00,140.1,42,ask,DiligentDonuts,CostlyCorianders,8233046
2026-07-05T11:07:26.871313,2026-07-05T11:07:26.883003+00:00,140.6,50,bid,FlawlessFlatbreads,DiligentDonuts,8233067
2026-07-05T11:07:27.044611,2026-07-05T11:07:27.052944+00:00,140.4,23,ask,DiligentDonuts,Xuanyu Liu,8233069
2026-07-05T11:07:27.297466,2026-07-05T11:07:27.308981+00:00,140.6,40,bid,CostlyCorianders,EarnestEspressos,8233074
2026-07-05T11:07:28.977495,2026-07-05T11:07:28.988850+00:00,140.9,50,bid,FlawlessFlatbreads,DiligentDonuts,8233089
2026-07-05T11:07:29.403737,2026-07-05T11:07:29.415652+00:00,140.4,49,ask,DiligentDonuts,CostlyCorianders,8233098
2026-07-05T11:07:29.470313,2026-07-05T11:07:29.479428+00:00,140.4,11,ask,DiligentDonuts,Xuanyu Liu,8233100
2026-07-05T11:07:30.821924,2026-07-05T11:07:30.833381+00:00,140.6,46,bid,CostlyCorianders,DiligentDonuts,8233122
2026-07-05T11:07:31.083575,2026-07-05T11:07:31.091948+00:00,140.6,50,bid,FlawlessFlatbreads,DiligentDonuts,8233129
2026-07-05T11:07:33.197374,2026-07-05T11:07:33.206818+00:00,140.6,4,bid,FlawlessFlatbreads,DiligentDonuts,8233163
2026-07-05T11:07:33.197374,2026-07-05T11:07:33.206818+00:00,140.8,46,bid,FlawlessFlatbreads,EarnestEspressos,8233164
2026-07-05T11:07:33.371278,2026-07-05T11:07:33.380435+00:00,140.5,11,ask,DiligentDonuts,Xuanyu Liu,8233166
2026-07-05T11:07:34.184778,2026-07-05T11:07:34.195184+00:00,140.5,49,ask,DiligentDonuts,CostlyCorianders,8233178
2026-07-05T11:07:35.305277,2026-07-05T11:07:35.316621+00:00,141.0,50,bid,FlawlessFlatbreads,DiligentDonuts,8233194
2026-07-05T11:07:35.756554,2026-07-05T11:07:35.768555+00:00,141.0,48,bid,CostlyCorianders,DiligentDonuts,8233196
2026-07-05T11:07:36.543993,2026-07-05T11:07:36.552240+00:00,140.7,12,ask,DiligentDonuts,Xuanyu Liu,8233211
2026-07-05T11:07:37.410803,2026-07-05T11:07:37.422014+00:00,141.2,50,bid,FlawlessFlatbreads,DiligentDonuts,8233228
2026-07-05T11:07:39.518613,2026-07-05T11:07:39.527350+00:00,141.1,50,bid,FlawlessFlatbreads,EarnestEspressos,8233254
2026-07-05T11:07:39.967535,2026-07-05T11:07:39.975734+00:00,140.6,23,ask,EarnestEspressos,Xuanyu Liu,8233262
2026-07-05T11:07:41.624970,2026-07-05T11:07:41.636390+00:00,140.8,50,bid,FlawlessFlatbreads,EarnestEspressos,8233291
2026-07-05T11:07:41.780752,2026-07-05T11:07:41.792185+00:00,140.5,42,ask,DiligentDonuts,CostlyCorianders,8233294
2026-07-05T11:07:43.735631,2026-07-05T11:07:43.742853+00:00,141.1,50,bid,FlawlessFlatbreads,DiligentDonuts,8233322
2026-07-05T11:07:45.782467,2026-07-05T11:07:45.791711+00:00,141.1,42,bid,CostlyCorianders,DiligentDonuts,8233356
2026-07-05T11:07:45.835698,2026-07-05T11:07:45.844220+00:00,140.8,40,ask,EarnestEspressos,CostlyCorianders,8233357
2026-07-05T11:07:45.842726,2026-07-05T11:07:45.849260+00:00,141.1,8,bid,FlawlessFlatbreads,DiligentDonuts,8233358
2026-07-05T11:07:45.842726,2026-07-05T11:07:45.854430+00:00,141.3,42,bid,FlawlessFlatbreads,EarnestEspressos,8233359
2026-07-05T11:07:47.950908,2026-07-05T11:07:47.957348+00:00,141.4,50,bid,FlawlessFlatbreads,EarnestEspressos,8233384
2026-07-05T11:07:47.992546,2026-07-05T11:07:48.002191+00:00,141.0,11,ask,DiligentDonuts,Xuanyu Liu,8233385
2026-07-05T11:07:50.059251,2026-07-05T11:07:50.070815+00:00,141.4,50,bid,FlawlessFlatbreads,EarnestEspressos,8233416
2026-07-05T11:07:51.763029,2026-07-05T11:07:51.770842+00:00,141.0,3,ask,DiligentDonuts,Xuanyu Liu,8233445
2026-07-05T11:07:52.170867,2026-07-05T11:07:52.179648+00:00,141.5,50,bid,FlawlessFlatbreads,DiligentDonuts,8233451
2026-07-05T11:07:54.286018,2026-07-05T11:07:54.294378+00:00,141.4,50,bid,FlawlessFlatbreads,DiligentDonuts,8233483
2026-07-05T11:07:54.384125,2026-07-05T11:07:54.392444+00:00,141.3,3,ask,EarnestEspressos,Xuanyu Liu,8233485
2026-07-05T11:07:54.410694,2026-07-05T11:07:54.422522+00:00,141.3,44,ask,EarnestEspressos,CostlyCorianders,8233487
2026-07-05T11:07:56.392773,2026-07-05T11:07:56.399764+00:00,141.6,50,bid,FlawlessFlatbreads,DiligentDonuts,8233514
2026-07-05T11:07:57.006827,2026-07-05T11:07:57.014189+00:00,141.1,11,ask,DiligentDonuts,Xuanyu Liu,8233525
2026-07-05T11:07:58.498614,2026-07-05T11:07:58.510269+00:00,141.5,50,bid,FlawlessFlatbreads,EarnestEspressos,8233549
2026-07-05T11:08:00.259993,2026-07-05T11:08:00.271841+00:00,141.0,48,ask,DiligentDonuts,CostlyCorianders,8233573
2026-07-05T11:08:02.013871,2026-07-05T11:08:02.020604+00:00,141.5,43,bid,CostlyCorianders,EarnestEspressos,8233603
2026-07-05T11:08:02.768139,2026-07-05T11:08:02.777012+00:00,141.3,50,ask,EarnestEspressos,FlawlessFlatbreads,8233620
2026-07-05T11:08:02.957524,2026-07-05T11:08:02.969149+00:00,141.3,4,ask,EarnestEspressos,Aaron Tian,8233625
2026-07-05T11:08:05.000619,2026-07-05T11:08:05.010923+00:00,141.3,12,ask,EarnestEspressos,Xuanyu Liu,8233655
2026-07-05T11:08:05.468417,2026-07-05T11:08:05.479915+00:00,141.3,40,ask,EarnestEspressos,CostlyCorianders,8233659
2026-07-05T11:08:06.934914,2026-07-05T11:08:06.946638+00:00,141.2,50,bid,FlawlessFlatbreads,EarnestEspressos,8233683
2026-07-05T11:08:07.510234,2026-07-05T11:08:07.518031+00:00,141.2,12,bid,Xuanyu Liu,EarnestEspressos,8233692
2026-07-05T11:08:07.993531,2026-07-05T11:08:08.003629+00:00,141.2,41,bid,CostlyCorianders,EarnestEspressos,8233694
2026-07-05T11:08:08.559987,2026-07-05T11:08:08.570236+00:00,141.0,44,ask,DiligentDonuts,CostlyCorianders,8233709
2026-07-05T11:08:09.075666,2026-07-05T11:08:09.087268+00:00,141.5,46,bid,CostlyCorianders,DiligentDonuts,8233713
2026-07-05T11:08:09.094623,2026-07-05T11:08:09.102999+00:00,141.3,50,ask,EarnestEspressos,FlawlessFlatbreads,8233714
2026-07-05T11:08:09.428347,2026-07-05T11:08:09.439882+00:00,141.3,4,ask,EarnestEspressos,Aaron Tian,8233715
2026-07-05T11:08:09.668239,2026-07-05T11:08:09.680093+00:00,141.3,48,ask,EarnestEspressos,CostlyCorianders,8233717
2026-07-05T11:08:10.260187,2026-07-05T11:08:10.271523+00:00,141.5,40,bid,CostlyCorianders,DiligentDonuts,8233730
2026-07-05T11:08:11.200885,2026-07-05T11:08:11.212756+00:00,141.3,48,ask,EarnestEspressos,FlawlessFlatbreads,8233734
2026-07-05T11:08:11.200885,2026-07-05T11:08:11.212756+00:00,141.0,2,ask,DiligentDonuts,FlawlessFlatbreads,8233735
2026-07-05T11:08:12.497731,2026-07-05T11:08:12.509181+00:00,141.0,49,ask,DiligentDonuts,CostlyCorianders,8233747
2026-07-05T11:08:13.311830,2026-07-05T11:08:13.323234+00:00,141.0,50,ask,DiligentDonuts,FlawlessFlatbreads,8233762
2026-07-05T11:08:14.522182,2026-07-05T11:08:14.533714+00:00,141.1,43,bid,CostlyCorianders,EarnestEspressos,8233780
2026-07-05T11:08:17.525091,2026-07-05T11:08:17.536554+00:00,140.7,50,ask,EarnestEspressos,FlawlessFlatbreads,8233817
2026-07-05T11:08:18.660027,2026-07-05T11:08:18.669682+00:00,141.1,11,bid,Xuanyu Liu,EarnestEspressos,8233833
2026-07-05T11:08:19.632835,2026-07-05T11:08:19.643557+00:00,140.7,50,ask,DiligentDonuts,FlawlessFlatbreads,8233849
2026-07-05T11:08:19.652098,2026-07-05T11:08:19.658565+00:00,141.1,41,bid,CostlyCorianders,EarnestEspressos,8233850
2026-07-05T11:08:20.156218,2026-07-05T11:08:20.164016+00:00,140.7,48,ask,DiligentDonuts,CostlyCorianders,8233862
2026-07-05T11:08:20.895685,2026-07-05T11:08:20.904599+00:00,140.8,3,bid,Xuanyu Liu,DiligentDonuts,8233877
2026-07-05T11:08:21.366439,2026-07-05T11:08:21.376708+00:00,140.8,46,bid,CostlyCorianders,DiligentDonuts,8233884
2026-07-05T11:08:21.740665,2026-07-05T11:08:21.750040+00:00,140.3,50,ask,DiligentDonuts,FlawlessFlatbreads,8233888
2026-07-05T11:08:21.755034,2026-07-05T11:08:21.766715+00:00,140.8,51,bid,EarnestEspressos,DiligentDonuts,8233889
2026-07-05T11:08:23.521277,2026-07-05T11:08:23.533187+00:00,140.8,42,ask,EarnestEspressos,CostlyCorianders,8233915
2026-07-05T11:08:23.848029,2026-07-05T11:08:23.858582+00:00,140.8,50,ask,EarnestEspressos,FlawlessFlatbreads,8233917
2026-07-05T11:08:24.170187,2026-07-05T11:08:24.181722+00:00,140.8,7,ask,EarnestEspressos,CostlyCorianders,8233920
2026-07-05T11:08:25.600893,2026-07-05T11:08:25.609286+00:00,140.6,3,bid,Xuanyu Liu,EarnestEspressos,8233943
2026-07-05T11:08:25.795322,2026-07-05T11:08:25.807168+00:00,140.6,4,bid,Aaron Tian,EarnestEspressos,8233946
2026-07-05T11:08:25.953640,2026-07-05T11:08:25.965555+00:00,140.5,50,ask,DiligentDonuts,FlawlessFlatbreads,8233949
2026-07-05T11:08:27.350590,2026-07-05T11:08:27.364099+00:00,140.6,45,bid,CostlyCorianders,EarnestEspressos,8233967
2026-07-05T11:08:28.063720,2026-07-05T11:08:28.075427+00:00,140.2,50,ask,DiligentDonuts,FlawlessFlatbreads,8233972
2026-07-05T11:08:28.427501,2026-07-05T11:08:28.434359+00:00,140.3,48,ask,EarnestEspressos,CostlyCorianders,8233975
2026-07-05T11:08:30.170367,2026-07-05T11:08:30.181815+00:00,140.3,50,ask,EarnestEspressos,FlawlessFlatbreads,8233994
2026-07-05T11:08:30.991361,2026-07-05T11:08:31.001372+00:00,140.4,42,bid,CostlyCorianders,DiligentDonuts,8234004
2026-07-05T11:08:31.309308,2026-07-05T11:08:31.318197+00:00,140.3,11,bid,Xuanyu Liu,EarnestEspressos,8234007
2026-07-05T11:08:32.277947,2026-07-05T11:08:32.280768+00:00,139.9,50,ask,DiligentDonuts,FlawlessFlatbreads,8234021
2026-07-05T11:08:32.328103,2026-07-05T11:08:32.339571+00:00,140.3,4,bid,Aaron Tian,EarnestEspressos,8234023
2026-07-05T11:08:34.334535,2026-07-05T11:08:34.344525+00:00,140.3,50,bid,FlawlessFlatbreads,EarnestEspressos,8234049
2026-07-05T11:08:38.544184,2026-07-05T11:08:38.555532+00:00,140.3,50,bid,FlawlessFlatbreads,DiligentDonuts,8234109
2026-07-05T11:08:39.721743,2026-07-05T11:08:39.730819+00:00,140.3,40,bid,CostlyCorianders,DiligentDonuts,8234117
2026-07-05T11:08:40.657374,2026-07-05T11:08:40.667272+00:00,140.4,50,bid,FlawlessFlatbreads,EarnestEspressos,8234128
2026-07-05T11:08:40.715659,2026-07-05T11:08:40.726946+00:00,140.2,41,ask,DiligentDonuts,CostlyCorianders,8234132
2026-07-05T11:08:41.592159,2026-07-05T11:08:41.601255+00:00,140.2,11,ask,DiligentDonuts,Xuanyu Liu,8234145
2026-07-05T11:08:42.127931,2026-07-05T11:08:42.139481+00:00,140.5,48,bid,CostlyCorianders,EarnestEspressos,8234154
2026-07-05T11:08:42.182913,2026-07-05T11:08:42.194696+00:00,140.2,40,ask,DiligentDonuts,CostlyCorianders,8234155
2026-07-05T11:08:42.766330,2026-07-05T11:08:42.778263+00:00,140.5,50,bid,FlawlessFlatbreads,EarnestEspressos,8234158
2026-07-05T11:08:43.563055,2026-07-05T11:08:43.574682+00:00,140.0,41,ask,EarnestEspressos,CostlyCorianders,8234166
2026-07-05T11:08:43.890155,2026-07-05T11:08:43.901619+00:00,140.2,100,bid,EarnestEspressos,DiligentDonuts,8234169
2026-07-05T11:08:44.210602,2026-07-05T11:08:44.218436+00:00,140.7,47,bid,CostlyCorianders,EarnestEspressos,8234177
2026-07-05T11:08:44.873460,2026-07-05T11:08:44.879822+00:00,140.7,50,bid,FlawlessFlatbreads,EarnestEspressos,8234187
2026-07-05T11:08:46.980245,2026-07-05T11:08:46.991697+00:00,140.6,50,bid,FlawlessFlatbreads,DiligentDonuts,8234219
2026-07-05T11:08:47.578721,2026-07-05T11:08:47.590152+00:00,140.2,49,ask,EarnestEspressos,CostlyCorianders,8234227
2026-07-05T11:08:48.606489,2026-07-05T11:08:48.616306+00:00,140.6,42,bid,CostlyCorianders,DiligentDonuts,8234241
2026-07-05T11:08:49.664761,2026-07-05T11:08:49.676481+00:00,140.4,48,ask,DiligentDonuts,CostlyCorianders,8234260
2026-07-05T11:08:50.360757,2026-07-05T11:08:50.372276+00:00,140.4,3,ask,DiligentDonuts,Xuanyu Liu,8234265
2026-07-05T11:08:51.248316,2026-07-05T11:08:51.258615+00:00,140.4,49,ask,DiligentDonuts,FlawlessFlatbreads,8234285
2026-07-05T11:08:51.248316,2026-07-05T11:08:51.258615+00:00,140.4,1,ask,EarnestEspressos,FlawlessFlatbreads,8234286
2026-07-05T11:08:53.305828,2026-07-05T11:08:53.317444+00:00,140.5,50,bid,FlawlessFlatbreads,DiligentDonuts,8234309
2026-07-05T11:08:55.423836,2026-07-05T11:08:55.435335+00:00,140.5,50,bid,FlawlessFlatbreads,DiligentDonuts,8234346
2026-07-05T11:08:57.529776,2026-07-05T11:08:57.541183+00:00,140.6,50,bid,FlawlessFlatbreads,EarnestEspressos,8234378
2026-07-05T11:08:59.636168,2026-07-05T11:08:59.648088+00:00,140.6,50,bid,FlawlessFlatbreads,EarnestEspressos,8234410
2026-07-05T11:09:00.577733,2026-07-05T11:09:00.589327+00:00,140.8,48,bid,CostlyCorianders,DiligentDonuts,8234428
2026-07-05T11:09:01.048734,2026-07-05T11:09:01.060654+00:00,140.6,48,ask,EarnestEspressos,CostlyCorianders,8234436
2026-07-05T11:09:01.266845,2026-07-05T11:09:01.275761+00:00,140.6,3,ask,EarnestEspressos,Xuanyu Liu,8234443
2026-07-05T11:09:01.745534,2026-07-05T11:09:01.758598+00:00,140.8,50,bid,FlawlessFlatbreads,DiligentDonuts,8234448
2026-07-05T11:09:02.487594,2026-07-05T11:09:02.499271+00:00,140.6,40,ask,EarnestEspressos,CostlyCorianders,8234463
2026-07-05T11:09:04.264143,2026-07-05T11:09:04.282413+00:00,140.5,11,ask,DiligentDonuts,Xuanyu Liu,8234487
2026-07-05T11:09:04.516547,2026-07-05T11:09:04.528099+00:00,140.6,44,bid,CostlyCorianders,EarnestEspressos,8234493
2026-07-05T11:09:05.171978,2026-07-05T11:09:05.180296+00:00,140.4,48,bid,CostlyCorianders,DiligentDonuts,8234509
2026-07-05T11:09:05.961339,2026-07-05T11:09:05.973228+00:00,140.4,50,bid,FlawlessFlatbreads,DiligentDonuts,8234516
2026-07-05T11:09:09.115539,2026-07-05T11:09:09.134858+00:00,140.3,12,ask,DiligentDonuts,Xuanyu Liu,8234568
2026-07-05T11:09:10.174130,2026-07-05T11:09:10.185691+00:00,140.8,50,bid,FlawlessFlatbreads,DiligentDonuts,8234581
2026-07-05T11:09:10.322636,2026-07-05T11:09:10.332036+00:00,140.3,11,ask,DiligentDonuts,Xuanyu Liu,8234586
2026-07-05T11:09:10.970797,2026-07-05T11:09:10.982210+00:00,140.3,42,ask,DiligentDonuts,CostlyCorianders,8234601
2026-07-05T11:09:11.461463,2026-07-05T11:09:11.468755+00:00,140.3,4,ask,EarnestEspressos,Aaron Tian,8234606
2026-07-05T11:09:12.282154,2026-07-05T11:09:12.284813+00:00,140.6,50,bid,FlawlessFlatbreads,DiligentDonuts,8234624
2026-07-05T11:09:13.198586,2026-07-05T11:09:13.210185+00:00,140.3,43,bid,CostlyCorianders,EarnestEspressos,8234633
2026-07-05T11:09:13.816755,2026-07-05T11:09:13.828333+00:00,140.1,47,ask,DiligentDonuts,CostlyCorianders,8234648
2026-07-05T11:09:14.390525,2026-07-05T11:09:14.402078+00:00,140.3,50,bid,FlawlessFlatbreads,EarnestEspressos,8234655
2026-07-05T11:09:15.923184,2026-07-05T11:09:15.930049+00:00,140.2,41,ask,DiligentDonuts,CostlyCorianders,8234678
2026-07-05T11:09:17.572062,2026-07-05T11:09:17.579353+00:00,140.2,49,ask,DiligentDonuts,CostlyCorianders,8234698
2026-07-05T11:09:17.966210,2026-07-05T11:09:17.977685+00:00,140.2,4,ask,EarnestEspressos,Aaron Tian,8234705
2026-07-05T11:09:20.710102,2026-07-05T11:09:20.719026+00:00,140.5,50,bid,FlawlessFlatbreads,DiligentDonuts,8234731
2026-07-05T11:09:22.866973,2026-07-05T11:09:22.877281+00:00,140.2,50,ask,EarnestEspressos,FlawlessFlatbreads,8234750
2026-07-05T11:09:23.574046,2026-07-05T11:09:23.585556+00:00,140.6,40,bid,CostlyCorianders,DiligentDonuts,8234765
2026-07-05T11:09:24.224796,2026-07-05T11:09:24.235732+00:00,140.3,12,ask,DiligentDonuts,Xuanyu Liu,8234778
2026-07-05T11:09:24.537407,2026-07-05T11:09:24.558797+00:00,140.3,4,ask,DiligentDonuts,Aaron Tian,8234782
2026-07-05T11:09:24.571971,2026-07-05T11:09:24.583636+00:00,140.3,43,ask,DiligentDonuts,CostlyCorianders,8234785
2026-07-05T11:09:24.859544,2026-07-05T11:09:24.875043+00:00,140.3,11,ask,DiligentDonuts,Xuanyu Liu,8234790
2026-07-05T11:09:24.973289,2026-07-05T11:09:24.984699+00:00,140.3,30,ask,DiligentDonuts,FlawlessFlatbreads,8234795
2026-07-05T11:09:27.078970,2026-07-05T11:09:27.090734+00:00,139.6,50,ask,EarnestEspressos,FlawlessFlatbreads,8234825
2026-07-05T11:09:27.478399,2026-07-05T11:09:27.486845+00:00,140.0,11,bid,Xuanyu Liu,DiligentDonuts,8234844
2026-07-05T11:09:28.223162,2026-07-05T11:09:28.234600+00:00,139.9,12,bid,Xuanyu Liu,EarnestEspressos,8234850
2026-07-05T11:09:29.186482,2026-07-05T11:09:29.198220+00:00,139.5,50,ask,DiligentDonuts,FlawlessFlatbreads,8234869
2026-07-05T11:09:30.812731,2026-07-05T11:09:30.821624+00:00,139.9,41,bid,CostlyCorianders,EarnestEspressos,8234888
2026-07-05T11:09:31.295223,2026-07-05T11:09:31.300308+00:00,139.4,50,ask,DiligentDonuts,FlawlessFlatbreads,8234897
2026-07-05T11:09:33.403332,2026-07-05T11:09:33.412747+00:00,139.5,50,ask,EarnestEspressos,FlawlessFlatbreads,8234922
2026-07-05T11:09:33.658379,2026-07-05T11:09:33.666915+00:00,139.7,11,bid,Xuanyu Liu,DiligentDonuts,8234923
2026-07-05T11:09:34.302526,2026-07-05T11:09:34.314010+00:00,139.7,48,bid,CostlyCorianders,DiligentDonuts,8234930
2026-07-05T11:09:35.296221,2026-07-05T11:09:35.307624+00:00,139.2,45,ask,DiligentDonuts,CostlyCorianders,8234941
2026-07-05T11:09:35.360607,2026-07-05T11:09:35.369043+00:00,139.6,23,bid,Xuanyu Liu,EarnestEspressos,8234945
2026-07-05T11:09:35.509961,2026-07-05T11:09:35.522060+00:00,139.2,50,ask,DiligentDonuts,FlawlessFlatbreads,8234948
2026-07-05T11:09:37.566077,2026-07-05T11:09:37.577511+00:00,139.3,50,bid,FlawlessFlatbreads,DiligentDonuts,8234986
2026-07-05T11:09:38.713430,2026-07-05T11:09:38.725120+00:00,139.3,40,bid,CostlyCorianders,DiligentDonuts,8235007
2026-07-05T11:09:39.321345,2026-07-05T11:09:39.329681+00:00,139.3,10,bid,CostlyCorianders,DiligentDonuts,8235018
2026-07-05T11:09:39.321345,2026-07-05T11:09:39.329681+00:00,139.5,33,bid,CostlyCorianders,EarnestEspressos,8235019
2026-07-05T11:09:39.726013,2026-07-05T11:09:39.737346+00:00,139.0,50,ask,EarnestEspressos,FlawlessFlatbreads,8235025
2026-07-05T11:09:39.914571,2026-07-05T11:09:39.922511+00:00,139.0,41,ask,EarnestEspressos,CostlyCorianders,8235029
2026-07-05T11:09:41.840760,2026-07-05T11:09:41.852470+00:00,139.1,50,ask,DiligentDonuts,FlawlessFlatbreads,8235062
2026-07-05T11:09:42.903406,2026-07-05T11:09:42.915061+00:00,139.3,40,bid,CostlyCorianders,EarnestEspressos,8235073
2026-07-05T11:09:42.957628,2026-07-05T11:09:42.969159+00:00,139.1,40,ask,DiligentDonuts,CostlyCorianders,8235076
2026-07-05T11:09:43.447752,2026-07-05T11:09:43.463609+00:00,139.2,40,bid,CostlyCorianders,DiligentDonuts,8235088
2026-07-05T11:09:43.948464,2026-07-05T11:09:43.958572+00:00,138.7,50,ask,DiligentDonuts,FlawlessFlatbreads,8235095
2026-07-05T11:09:46.088694,2026-07-05T11:09:46.097615+00:00,139.0,50,ask,EarnestEspressos,FlawlessFlatbreads,8235114
2026-07-05T11:09:48.195748,2026-07-05T11:09:48.207292+00:00,138.8,50,ask,DiligentDonuts,FlawlessFlatbreads,8235139
2026-07-05T11:09:48.816263,2026-07-05T11:09:48.825747+00:00,138.8,47,ask,DiligentDonuts,CostlyCorianders,8235151
2026-07-05T11:09:49.380356,2026-07-05T11:09:49.391741+00:00,139.3,41,bid,CostlyCorianders,EarnestEspressos,8235159
2026-07-05T11:09:49.884243,2026-07-05T11:09:49.896179+00:00,138.8,40,ask,EarnestEspressos,CostlyCorianders,8235162
2026-07-05T11:09:50.306017,2026-07-05T11:09:50.317312+00:00,138.2,50,ask,DiligentDonuts,FlawlessFlatbreads,8235167
2026-07-05T11:09:50.364803,2026-07-05T11:09:50.372865+00:00,138.5,3,bid,Xuanyu Liu,EarnestEspressos,8235168
2026-07-05T11:09:50.608879,2026-07-05T11:09:50.620347+00:00,138.5,4,bid,Aaron Tian,EarnestEspressos,8235176
2026-07-05T11:09:50.898541,2026-07-05T11:09:50.915338+00:00,138.5,40,bid,CostlyCorianders,EarnestEspressos,8235180
2026-07-05T11:09:51.422198,2026-07-05T11:09:51.433656+00:00,138.5,45,bid,CostlyCorianders,EarnestEspressos,8235192
2026-07-05T11:09:52.416758,2026-07-05T11:09:52.426457+00:00,138.2,50,ask,DiligentDonuts,FlawlessFlatbreads,8235203
2026-07-05T11:09:54.493222,2026-07-05T11:09:54.502643+00:00,138.7,50,bid,FlawlessFlatbreads,DiligentDonuts,8235233
2026-07-05T11:09:55.781999,2026-07-05T11:09:55.793604+00:00,138.4,43,ask,EarnestEspressos,CostlyCorianders,8235259
2026-07-05T11:09:56.403324,2026-07-05T11:09:56.411800+00:00,138.7,43,bid,CostlyCorianders,DiligentDonuts,8235270
2026-07-05T11:09:56.603401,2026-07-05T11:09:56.614828+00:00,138.7,50,bid,FlawlessFlatbreads,DiligentDonuts,8235273
2026-07-05T11:09:58.771471,2026-07-05T11:09:58.799223+00:00,138.2,50,ask,DiligentDonuts,FlawlessFlatbreads,8235301
2026-07-05T11:09:59.280809,2026-07-05T11:09:59.292500+00:00,138.3,45,ask,DiligentDonuts,CostlyCorianders,8235311
2026-07-05T11:10:00.255684,2026-07-05T11:10:00.267200+00:00,138.3,45,ask,DiligentDonuts,CostlyCorianders,8235334
2026-07-05T11:10:00.826628,2026-07-05T11:10:00.838097+00:00,138.6,50,bid,FlawlessFlatbreads,EarnestEspressos,8235345
2026-07-05T11:10:05.055516,2026-07-05T11:10:05.067234+00:00,138.4,50,bid,FlawlessFlatbreads,DiligentDonuts,8235407
2026-07-05T11:10:07.010705,2026-07-05T11:10:07.022162+00:00,138.6,42,bid,CostlyCorianders,DiligentDonuts,8235443
2026-07-05T11:10:07.163694,2026-07-05T11:10:07.175337+00:00,138.6,50,bid,FlawlessFlatbreads,DiligentDonuts,8235446
2026-07-05T11:10:08.623544,2026-07-05T11:10:08.635043+00:00,138.4,42,ask,DiligentDonuts,CostlyCorianders,8235470
2026-07-05T11:10:09.276050,2026-07-05T11:10:09.286291+00:00,138.9,50,bid,FlawlessFlatbreads,DiligentDonuts,8235484
2026-07-05T11:10:12.258439,2026-07-05T11:10:12.270035+00:00,138.7,47,bid,CostlyCorianders,EarnestEspressos,8235536
2026-07-05T11:10:14.404260,2026-07-05T11:10:14.412879+00:00,138.8,41,bid,CostlyCorianders,DiligentDonuts,8235566
2026-07-05T11:10:15.639754,2026-07-05T11:10:15.648471+00:00,138.5,50,ask,EarnestEspressos,FlawlessFlatbreads,8235588
2026-07-05T11:10:15.648405,2026-07-05T11:10:15.664170+00:00,138.5,41,ask,EarnestEspressos,CostlyCorianders,8235589
2026-07-05T11:10:17.254147,2026-07-05T11:10:17.265943+00:00,138.9,42,bid,CostlyCorianders,DiligentDonuts,8235612
2026-07-05T11:10:17.747646,2026-07-05T11:10:17.750177+00:00,138.5,50,ask,EarnestEspressos,FlawlessFlatbreads,8235619
2026-07-05T11:10:18.826798,2026-07-05T11:10:18.833634+00:00,138.7,100,ask,DiligentDonuts,EarnestEspressos,8235644
2026-07-05T11:10:19.853047,2026-07-05T11:10:19.864602+00:00,137.9,50,ask,EarnestEspressos,FlawlessFlatbreads,8235657
2026-07-05T11:10:19.865661,2026-07-05T11:10:19.876960+00:00,138.4,44,bid,CostlyCorianders,EarnestEspressos,8235658
2026-07-05T11:10:21.958847,2026-07-05T11:10:21.970358+00:00,138.3,50,ask,DiligentDonuts,FlawlessFlatbreads,8235684
2026-07-05T11:10:23.718111,2026-07-05T11:10:23.728628+00:00,138.3,2,ask,DiligentDonuts,CostlyCorianders,8235705
2026-07-05T11:10:23.718111,2026-07-05T11:10:23.728628+00:00,138.2,47,ask,EarnestEspressos,CostlyCorianders,8235706
2026-07-05T11:10:24.065280,2026-07-05T11:10:24.076630+00:00,138.2,50,ask,EarnestEspressos,FlawlessFlatbreads,8235711
2026-07-05T11:10:24.287140,2026-07-05T11:10:24.298456+00:00,138.2,53,ask,EarnestEspressos,DiligentDonuts,8235716
2026-07-05T11:10:25.161037,2026-07-05T11:10:25.169770+00:00,137.8,14,bid,Xuanyu Liu,EarnestEspressos,8235736
2026-07-05T11:10:25.223294,2026-07-05T11:10:25.231428+00:00,137.8,12,bid,Xuanyu Liu,EarnestEspressos,8235740
2026-07-05T11:10:25.369580,2026-07-05T11:10:25.379520+00:00,137.8,41,bid,CostlyCorianders,EarnestEspressos,8235744
2026-07-05T11:10:26.120505,2026-07-05T11:10:26.132296+00:00,137.8,50,bid,FlawlessFlatbreads,EarnestEspressos,8235758
2026-07-05T11:10:26.501221,2026-07-05T11:10:26.508447+00:00,137.8,4,bid,Aaron Tian,EarnestEspressos,8235767
2026-07-05T11:10:26.508559,2026-07-05T11:10:26.518945+00:00,137.7,40,ask,DiligentDonuts,CostlyCorianders,8235768
2026-07-05T11:10:27.140814,2026-07-05T11:10:27.158534+00:00,137.8,29,bid,CostlyCorianders,EarnestEspressos,8235771
2026-07-05T11:10:27.140814,2026-07-05T11:10:27.158534+00:00,138.2,14,bid,CostlyCorianders,DiligentDonuts,8235772
2026-07-05T11:10:28.186546,2026-07-05T11:10:28.199584+00:00,137.8,40,ask,DiligentDonuts,CostlyCorianders,8235794
2026-07-05T11:10:28.279613,2026-07-05T11:10:28.289361+00:00,137.8,50,ask,DiligentDonuts,FlawlessFlatbreads,8235795
2026-07-05T11:10:28.676652,2026-07-05T11:10:28.688184+00:00,137.8,10,ask,DiligentDonuts,CostlyCorianders,8235797
2026-07-05T11:10:28.676652,2026-07-05T11:10:28.688184+00:00,137.8,30,ask,EarnestEspressos,CostlyCorianders,8235798
2026-07-05T11:10:32.490975,2026-07-05T11:10:32.502796+00:00,137.9,50,ask,EarnestEspressos,FlawlessFlatbreads,8235843
2026-07-05T11:10:34.599203,2026-07-05T11:10:34.610805+00:00,137.7,50,ask,EarnestEspressos,FlawlessFlatbreads,8235862
2026-07-05T11:10:36.285813,2026-07-05T11:10:36.296125+00:00,138.1,4,bid,Aaron Tian,DiligentDonuts,8235876
2026-07-05T11:10:36.705982,2026-07-05T11:10:36.712424+00:00,137.7,50,ask,EarnestEspressos,FlawlessFlatbreads,8235878
2026-07-05T11:10:36.904596,2026-07-05T11:10:36.911102+00:00,138.2,48,bid,CostlyCorianders,EarnestEspressos,8235883
2026-07-05T11:10:40.692387,2026-07-05T11:10:40.701558+00:00,138.1,43,bid,CostlyCorianders,EarnestEspressos,8235926
2026-07-05T11:10:40.916377,2026-07-05T11:10:40.925432+00:00,137.9,50,ask,DiligentDonuts,FlawlessFlatbreads,8235929
2026-07-05T11:10:43.022175,2026-07-05T11:10:43.033848+00:00,137.9,50,ask,DiligentDonuts,FlawlessFlatbreads,8235956
2026-07-05T11:10:43.588019,2026-07-05T11:10:43.606203+00:00,138.1,23,bid,Xuanyu Liu,DiligentDonuts,8235972
2026-07-05T11:10:43.597475,2026-07-05T11:10:43.606203+00:00,138.1,47,bid,CostlyCorianders,DiligentDonuts,8235974
2026-07-05T11:10:44.076464,2026-07-05T11:10:44.085995+00:00,138.1,30,bid,EarnestEspressos,DiligentDonuts,8235978
2026-07-05T11:10:44.898683,2026-07-05T11:10:44.906961+00:00,138.1,12,ask,EarnestEspressos,Xuanyu Liu,8235988
2026-07-05T11:10:45.129493,2026-07-05T11:10:45.141020+00:00,138.1,50,ask,EarnestEspressos,FlawlessFlatbreads,8235991
2026-07-05T11:10:46.039640,2026-07-05T11:10:46.056592+00:00,138.1,11,ask,EarnestEspressos,Xuanyu Liu,8235997
2026-07-05T11:10:46.339057,2026-07-05T11:10:46.345256+00:00,138.1,47,ask,EarnestEspressos,CostlyCorianders,8236000
2026-07-05T11:10:47.186799,2026-07-05T11:10:47.197549+00:00,138.3,50,bid,FlawlessFlatbreads,DiligentDonuts,8236006
2026-07-05T11:10:47.306577,2026-07-05T11:10:47.318031+00:00,137.8,100,ask,DiligentDonuts,EarnestEspressos,8236013
2026-07-05T11:10:47.329000,2026-07-05T11:10:47.337407+00:00,137.7,34,bid,Xuanyu Liu,EarnestEspressos,8236015
2026-07-05T11:10:48.646641,2026-07-05T11:10:48.657794+00:00,137.7,16,bid,CostlyCorianders,EarnestEspressos,8236032
2026-07-05T11:10:49.305595,2026-07-05T11:10:49.317171+00:00,138.3,50,bid,FlawlessFlatbreads,DiligentDonuts,8236043
2026-07-05T11:10:50.916486,2026-07-05T11:10:50.923928+00:00,138.0,11,ask,EarnestEspressos,Xuanyu Liu,8236061
2026-07-05T11:10:51.431391,2026-07-05T11:10:51.443717+00:00,138.4,50,bid,FlawlessFlatbreads,DiligentDonuts,8236073
2026-07-05T11:10:53.301886,2026-07-05T11:10:53.313306+00:00,138.1,42,ask,DiligentDonuts,CostlyCorianders,8236099
2026-07-05T11:10:53.875170,2026-07-05T11:10:53.885857+00:00,138.1,45,ask,DiligentDonuts,CostlyCorianders,8236110
2026-07-05T11:10:55.603109,2026-07-05T11:10:55.614868+00:00,138.5,47,bid,CostlyCorianders,EarnestEspressos,8236123
2026-07-05T11:10:55.647321,2026-07-05T11:10:55.658567+00:00,138.5,50,bid,FlawlessFlatbreads,EarnestEspressos,8236124
2026-07-05T11:10:55.755026,2026-07-05T11:10:55.765556+00:00,138.1,12,ask,DiligentDonuts,Xuanyu Liu,8236127
2026-07-05T11:10:56.738526,2026-07-05T11:10:56.746803+00:00,138.2,100,bid,EarnestEspressos,DiligentDonuts,8236145
2026-07-05T11:10:56.802927,2026-07-05T11:10:56.811487+00:00,138.3,23,ask,EarnestEspressos,Xuanyu Liu,8236147
2026-07-05T11:11:01.846615,2026-07-05T11:11:01.855851+00:00,138.1,41,ask,DiligentDonuts,CostlyCorianders,8236228
2026-07-05T11:11:02.920193,2026-07-05T11:11:02.931895+00:00,138.3,47,bid,CostlyCorianders,EarnestEspressos,8236234
2026-07-05T11:11:03.425496,2026-07-05T11:11:03.432802+00:00,138.1,47,ask,DiligentDonuts,CostlyCorianders,8236245
2026-07-05T11:11:04.095529,2026-07-05T11:11:04.104873+00:00,138.6,50,bid,FlawlessFlatbreads,DiligentDonuts,8236266
2026-07-05T11:11:04.594469,2026-07-05T11:11:04.602382+00:00,138.6,44,bid,CostlyCorianders,DiligentDonuts,8236274
2026-07-05T11:11:06.202604,2026-07-05T11:11:06.214265+00:00,138.6,50,bid,FlawlessFlatbreads,DiligentDonuts,8236302
2026-07-05T11:11:08.309632,2026-07-05T11:11:08.312902+00:00,138.5,50,bid,FlawlessFlatbreads,EarnestEspressos,8236335
2026-07-05T11:11:09.513319,2026-07-05T11:11:09.524712+00:00,138.3,43,ask,DiligentDonuts,CostlyCorianders,8236342
2026-07-05T11:11:10.417485,2026-07-05T11:11:10.428799+00:00,138.8,50,bid,FlawlessFlatbreads,DiligentDonuts,8236364
2026-07-05T11:11:10.464090,2026-07-05T11:11:10.471382+00:00,138.8,43,bid,CostlyCorianders,DiligentDonuts,8236367
2026-07-05T11:11:12.523608,2026-07-05T11:11:12.534975+00:00,139.0,50,bid,FlawlessFlatbreads,DiligentDonuts,8236393
2026-07-05T11:11:13.795899,2026-07-05T11:11:13.804399+00:00,138.5,11,ask,DiligentDonuts,Xuanyu Liu,8236412
2026-07-05T11:11:14.635907,2026-07-05T11:11:14.647695+00:00,139.0,50,bid,FlawlessFlatbreads,DiligentDonuts,8236429
2026-07-05T11:11:14.846921,2026-07-05T11:11:14.863111+00:00,138.7,3,ask,DiligentDonuts,Xuanyu Liu,8236431
2026-07-05T11:11:16.794452,2026-07-05T11:11:16.806014+00:00,138.7,50,ask,DiligentDonuts,FlawlessFlatbreads,8236457
2026-07-05T11:11:18.850397,2026-07-05T11:11:18.858573+00:00,139.2,50,bid,FlawlessFlatbreads,DiligentDonuts,8236496
2026-07-05T11:11:19.616408,2026-07-05T11:11:19.627836+00:00,138.7,44,ask,DiligentDonuts,CostlyCorianders,8236507
2026-07-05T11:11:21.008008,2026-07-05T11:11:21.019548+00:00,138.7,50,ask,DiligentDonuts,FlawlessFlatbreads,8236525
2026-07-05T11:11:23.114737,2026-07-05T11:11:23.126249+00:00,138.4,50,ask,DiligentDonuts,FlawlessFlatbreads,8236556
2026-07-05T11:11:24.517146,2026-07-05T11:11:24.528477+00:00,138.9,42,bid,CostlyCorianders,EarnestEspressos,8236579
2026-07-05T11:11:25.171445,2026-07-05T11:11:25.182581+00:00,139.1,50,bid,FlawlessFlatbreads,DiligentDonuts,8236596
2026-07-05T11:11:26.506167,2026-07-05T11:11:26.516616+00:00,139.0,48,bid,CostlyCorianders,EarnestEspressos,8236617
2026-07-05T11:11:27.278184,2026-07-05T11:11:27.289931+00:00,139.0,50,bid,FlawlessFlatbreads,EarnestEspressos,8236631
2026-07-05T11:11:28.403182,2026-07-05T11:11:28.413721+00:00,139.0,100,bid,EarnestEspressos,DiligentDonuts,8236656
2026-07-05T11:11:29.385526,2026-07-05T11:11:29.395678+00:00,139.7,50,bid,FlawlessFlatbreads,EarnestEspressos,8236672
2026-07-05T11:11:29.536569,2026-07-05T11:11:29.549297+00:00,139.2,3,ask,EarnestEspressos,Xuanyu Liu,8236676
2026-07-05T11:11:29.792632,2026-07-05T11:11:29.804216+00:00,139.2,47,ask,EarnestEspressos,CostlyCorianders,8236680
2026-07-05T11:11:29.792632,2026-07-05T11:11:29.804216+00:00,138.5,1,ask,DiligentDonuts,CostlyCorianders,8236681
2026-07-05T11:11:31.489453,2026-07-05T11:11:31.498643+00:00,138.8,42,ask,DiligentDonuts,CostlyCorianders,8236700
2026-07-05T11:11:31.544729,2026-07-05T11:11:31.551885+00:00,138.8,50,ask,DiligentDonuts,FlawlessFlatbreads,8236701
2026-07-05T11:11:33.650954,2026-07-05T11:11:33.658550+00:00,138.8,8,ask,DiligentDonuts,FlawlessFlatbreads,8236724
2026-07-05T11:11:33.650954,2026-07-05T11:11:33.658550+00:00,138.7,42,ask,EarnestEspressos,FlawlessFlatbreads,8236725
2026-07-05T11:11:35.709665,2026-07-05T11:11:35.721187+00:00,139.1,50,bid,FlawlessFlatbreads,DiligentDonuts,8236755
2026-07-05T11:11:35.728596,2026-07-05T11:11:35.736543+00:00,139.1,44,bid,CostlyCorianders,DiligentDonuts,8236756
2026-07-05T11:11:36.223683,2026-07-05T11:11:36.235269+00:00,139.1,6,bid,CostlyCorianders,DiligentDonuts,8236766
2026-07-05T11:11:36.223683,2026-07-05T11:11:36.235269+00:00,139.1,38,bid,CostlyCorianders,EarnestEspressos,8236767
2026-07-05T11:11:37.815291,2026-07-05T11:11:37.826968+00:00,139.1,50,bid,FlawlessFlatbreads,EarnestEspressos,8236787
2026-07-05T11:11:39.924956,2026-07-05T11:11:39.936261+00:00,139.4,50,bid,FlawlessFlatbreads,DiligentDonuts,8236821
2026-07-05T11:11:42.031620,2026-07-05T11:11:42.043163+00:00,139.3,50,bid,FlawlessFlatbreads,EarnestEspressos,8236854
2026-07-05T11:11:44.143812,2026-07-05T11:11:44.158563+00:00,139.3,50,bid,FlawlessFlatbreads,EarnestEspressos,8236890
2026-07-05T11:11:44.207923,2026-07-05T11:11:44.214718+00:00,139.3,100,bid,EarnestEspressos,DiligentDonuts,8236892
2026-07-05T11:11:44.274269,2026-07-05T11:11:44.283970+00:00,139.4,11,ask,EarnestEspressos,Xuanyu Liu,8236893
2026-07-05T11:11:45.285936,2026-07-05T11:11:45.297541+00:00,139.4,23,ask,EarnestEspressos,Xuanyu Liu,8236912
2026-07-05T11:11:46.253851,2026-07-05T11:11:46.265585+00:00,139.9,50,bid,FlawlessFlatbreads,EarnestEspressos,8236927
2026-07-05T11:11:48.415336,2026-07-05T11:11:48.426990+00:00,139.2,50,ask,DiligentDonuts,FlawlessFlatbreads,8236968
2026-07-05T11:11:50.526106,2026-07-05T11:11:50.534059+00:00,139.1,50,ask,DiligentDonuts,FlawlessFlatbreads,8236995
2026-07-05T11:11:50.736227,2026-07-05T11:11:50.746339+00:00,139.1,43,ask,DiligentDonuts,CostlyCorianders,8236996
2026-07-05T11:11:52.633172,2026-07-05T11:11:52.644511+00:00,139.1,7,ask,DiligentDonuts,FlawlessFlatbreads,8237026
2026-07-05T11:11:52.633172,2026-07-05T11:11:52.644511+00:00,138.9,43,ask,EarnestEspressos,FlawlessFlatbreads,8237027
2026-07-05T11:11:53.759541,2026-07-05T11:11:53.767623+00:00,139.2,11,bid,Xuanyu Liu,EarnestEspressos,8237047
2026-07-05T11:11:54.742253,2026-07-05T11:11:54.753705+00:00,138.8,50,ask,DiligentDonuts,FlawlessFlatbreads,8237070
2026-07-05T11:11:55.989643,2026-07-05T11:11:55.999982+00:00,139.0,12,bid,Xuanyu Liu,DiligentDonuts,8237085
2026-07-05T11:11:56.848839,2026-07-05T11:11:56.860680+00:00,138.5,50,ask,DiligentDonuts,FlawlessFlatbreads,8237106
2026-07-05T11:11:57.104335,2026-07-05T11:11:57.112880+00:00,139.0,11,bid,Xuanyu Liu,DiligentDonuts,8237109
2026-07-05T11:11:58.414610,2026-07-05T11:11:58.422999+00:00,139.0,3,bid,Xuanyu Liu,DiligentDonuts,8237128
2026-07-05T11:11:58.791448,2026-07-05T11:11:58.798780+00:00,139.0,40,bid,CostlyCorianders,DiligentDonuts,8237135
2026-07-05T11:11:58.906337,2026-07-05T11:11:58.918188+00:00,139.0,34,bid,FlawlessFlatbreads,DiligentDonuts,8237138
2026-07-05T11:11:58.906337,2026-07-05T11:11:58.918188+00:00,139.1,16,bid,FlawlessFlatbreads,EarnestEspressos,8237139
2026-07-05T11:12:03.072225,2026-07-05T11:12:03.083915+00:00,139.1,43,ask,DiligentDonuts,CostlyCorianders,8237192
2026-07-05T11:12:03.168708,2026-07-05T11:12:03.180246+00:00,139.1,50,ask,DiligentDonuts,FlawlessFlatbreads,8237195
2026-07-05T11:12:04.573340,2026-07-05T11:12:04.584811+00:00,139.4,41,bid,CostlyCorianders,EarnestEspressos,8237212
2026-07-05T11:12:05.304799,2026-07-05T11:12:05.316625+00:00,139.1,7,ask,DiligentDonuts,FlawlessFlatbreads,8237224
2026-07-05T11:12:05.304799,2026-07-05T11:12:05.316625+00:00,138.9,43,ask,EarnestEspressos,FlawlessFlatbreads,8237225
2026-07-05T11:12:06.184820,2026-07-05T11:12:06.196440+00:00,139.1,45,bid,CostlyCorianders,DiligentDonuts,8237234
2026-07-05T11:12:08.284035,2026-07-05T11:12:08.292459+00:00,139.0,42,ask,EarnestEspressos,CostlyCorianders,8237266
2026-07-05T11:12:09.528263,2026-07-05T11:12:09.540271+00:00,138.8,50,ask,DiligentDonuts,FlawlessFlatbreads,8237280
2026-07-05T11:12:11.191363,2026-07-05T11:12:11.203286+00:00,138.9,44,ask,EarnestEspressos,CostlyCorianders,8237313
2026-07-05T11:12:11.586868,2026-07-05T11:12:11.658897+00:00,139.3,50,bid,FlawlessFlatbreads,DiligentDonuts,8237322
2026-07-05T11:12:11.683207,2026-07-05T11:12:11.689423+00:00,139.3,48,bid,CostlyCorianders,DiligentDonuts,8237325
2026-07-05T11:12:13.771716,2026-07-05T11:12:13.778710+00:00,138.9,50,ask,DiligentDonuts,FlawlessFlatbreads,8237356
2026-07-05T11:12:17.799571,2026-07-05T11:12:17.810864+00:00,138.7,47,ask,DiligentDonuts,CostlyCorianders,8237420
2026-07-05T11:12:19.363610,2026-07-05T11:12:19.375350+00:00,138.9,42,bid,CostlyCorianders,DiligentDonuts,8237444
2026-07-05T11:12:20.036822,2026-07-05T11:12:20.046879+00:00,138.9,50,bid,FlawlessFlatbreads,DiligentDonuts,8237456
2026-07-05T11:12:21.802752,2026-07-05T11:12:21.812016+00:00,138.9,43,ask,DiligentDonuts,CostlyCorianders,8237486
2026-07-05T11:12:22.389043,2026-07-05T11:12:22.400474+00:00,138.9,46,ask,DiligentDonuts,CostlyCorianders,8237495
2026-07-05T11:12:23.358097,2026-07-05T11:12:23.369810+00:00,139.1,45,bid,CostlyCorianders,EarnestEspressos,8237511
2026-07-05T11:12:24.321212,2026-07-05T11:12:24.330350+00:00,138.9,11,ask,DiligentDonuts,FlawlessFlatbreads,8237529
2026-07-05T11:12:24.321212,2026-07-05T11:12:24.330350+00:00,138.6,39,ask,EarnestEspressos,FlawlessFlatbreads,8237530
2026-07-05T11:12:25.118626,2026-07-05T11:12:25.130315+00:00,139.0,48,bid,CostlyCorianders,DiligentDonuts,8237544
2026-07-05T11:12:26.434909,2026-07-05T11:12:26.444546+00:00,138.5,50,ask,DiligentDonuts,FlawlessFlatbreads,8237565
2026-07-05T11:12:26.760178,2026-07-05T11:12:26.771914+00:00,138.5,43,ask,DiligentDonuts,CostlyCorianders,8237575
2026-07-05T11:12:29.822151,2026-07-05T11:12:29.834018+00:00,138.6,43,bid,CostlyCorianders,EarnestEspressos,8237616
2026-07-05T11:12:30.286290,2026-07-05T11:12:30.298110+00:00,138.6,42,bid,CostlyCorianders,EarnestEspressos,8237622
2026-07-05T11:12:30.601848,2026-07-05T11:12:30.608358+00:00,138.6,50,bid,FlawlessFlatbreads,EarnestEspressos,8237624
2026-07-05T11:12:31.702298,2026-07-05T11:12:31.714040+00:00,138.6,100,bid,EarnestEspressos,DiligentDonuts,8237644
2026-07-05T11:12:32.309838,2026-07-05T11:12:32.320511+00:00,138.9,46,ask,EarnestEspressos,CostlyCorianders,8237647
2026-07-05T11:12:32.739943,2026-07-05T11:12:32.751897+00:00,139.4,50,bid,FlawlessFlatbreads,EarnestEspressos,8237657
2026-07-05T11:12:34.848773,2026-07-05T11:12:34.855177+00:00,139.1,50,bid,FlawlessFlatbreads,DiligentDonuts,8237686
2026-07-05T11:12:38.379705,2026-07-05T11:12:38.391276+00:00,138.6,43,ask,DiligentDonuts,CostlyCorianders,8237744
2026-07-05T11:12:39.151607,2026-07-05T11:12:39.153203+00:00,138.6,50,ask,DiligentDonuts,FlawlessFlatbreads,8237753
2026-07-05T11:12:39.893007,2026-07-05T11:12:39.900673+00:00,139.0,45,bid,CostlyCorianders,EarnestEspressos,8237766
2026-07-05T11:12:40.411082,2026-07-05T11:12:40.420264+00:00,138.8,43,bid,CostlyCorianders,DiligentDonuts,8237779
2026-07-05T11:12:41.262427,2026-07-05T11:12:41.270463+00:00,138.7,50,ask,EarnestEspressos,FlawlessFlatbreads,8237789
2026-07-05T11:12:41.949290,2026-07-05T11:12:41.955578+00:00,138.7,41,ask,EarnestEspressos,CostlyCorianders,8237803
2026-07-05T11:12:43.317180,2026-07-05T11:12:43.329003+00:00,138.8,50,bid,FlawlessFlatbreads,DiligentDonuts,8237820
2026-07-05T11:12:44.960944,2026-07-05T11:12:44.968767+00:00,138.6,45,ask,DiligentDonuts,CostlyCorianders,8237849
2026-07-05T11:12:45.452842,2026-07-05T11:12:45.464286+00:00,138.8,50,bid,FlawlessFlatbreads,EarnestEspressos,8237859
2026-07-05T11:12:47.612696,2026-07-05T11:12:47.623315+00:00,138.6,50,ask,EarnestEspressos,FlawlessFlatbreads,8237888
2026-07-05T11:12:48.498311,2026-07-05T11:12:48.509662+00:00,138.6,44,ask,EarnestEspressos,CostlyCorianders,8237904
2026-07-05T11:12:49.722185,2026-07-05T11:12:49.731123+00:00,138.6,50,ask,EarnestEspressos,FlawlessFlatbreads,8237918
2026-07-05T11:12:50.726810,2026-07-05T11:12:50.738047+00:00,138.5,100,ask,DiligentDonuts,EarnestEspressos,8237935
2026-07-05T11:12:50.739259,2026-07-05T11:12:50.746769+00:00,138.5,3,bid,Xuanyu Liu,EarnestEspressos,8237936
2026-07-05T11:12:50.893889,2026-07-05T11:12:50.902820+00:00,138.5,11,bid,Xuanyu Liu,EarnestEspressos,8237941
2026-07-05T11:12:51.320922,2026-07-05T11:12:51.332272+00:00,138.5,36,bid,CostlyCorianders,EarnestEspressos,8237948
2026-07-05T11:12:51.320922,2026-07-05T11:12:51.332272+00:00,139.0,7,bid,CostlyCorianders,DiligentDonuts,8237949
2026-07-05T11:12:53.532851,2026-07-05T11:12:53.544469+00:00,138.5,46,bid,CostlyCorianders,DiligentDonuts,8237988
2026-07-05T11:12:53.835374,2026-07-05T11:12:53.846935+00:00,138.5,54,bid,EarnestEspressos,DiligentDonuts,8237992
2026-07-05T11:12:55.091870,2026-07-05T11:12:55.103343+00:00,138.5,42,ask,EarnestEspressos,CostlyCorianders,8238016
2026-07-05T11:12:55.986068,2026-07-05T11:12:55.997953+00:00,139.0,50,bid,FlawlessFlatbreads,EarnestEspressos,8238027
2026-07-05T11:12:56.523295,2026-07-05T11:12:56.534968+00:00,138.5,46,ask,EarnestEspressos,CostlyCorianders,8238039
2026-07-05T11:12:58.055650,2026-07-05T11:12:58.067054+00:00,138.7,47,bid,CostlyCorianders,EarnestEspressos,8238059
2026-07-05T11:12:58.092404,2026-07-05T11:12:58.100626+00:00,138.7,50,bid,FlawlessFlatbreads,EarnestEspressos,8238060
2026-07-05T11:12:58.576615,2026-07-05T11:12:58.585921+00:00,138.7,45,bid,CostlyCorianders,EarnestEspressos,8238064
2026-07-05T11:12:58.630738,2026-07-05T11:12:58.639886+00:00,138.5,42,ask,DiligentDonuts,CostlyCorianders,8238066
2026-07-05T11:13:00.172418,2026-07-05T11:13:00.181389+00:00,138.8,14,ask,EarnestEspressos,Xuanyu Liu,8238092
2026-07-05T11:13:00.197350,2026-07-05T11:13:00.208755+00:00,139.0,50,bid,FlawlessFlatbreads,DiligentDonuts,8238094
2026-07-05T11:13:01.637765,2026-07-05T11:13:01.649275+00:00,138.8,40,ask,EarnestEspressos,CostlyCorianders,8238115
2026-07-05T11:13:02.304416,2026-07-05T11:13:02.315795+00:00,139.0,50,bid,FlawlessFlatbreads,DiligentDonuts,8238122
2026-07-05T11:13:02.607986,2026-07-05T11:13:02.616533+00:00,139.2,44,bid,CostlyCorianders,DiligentDonuts,8238127
2026-07-05T11:13:04.164350,2026-07-05T11:13:04.175753+00:00,138.7,46,ask,DiligentDonuts,CostlyCorianders,8238146
2026-07-05T11:13:04.412085,2026-07-05T11:13:04.421731+00:00,139.0,50,bid,FlawlessFlatbreads,EarnestEspressos,8238151
2026-07-05T11:13:06.518289,2026-07-05T11:13:06.529927+00:00,139.2,50,bid,FlawlessFlatbreads,DiligentDonuts,8238184
2026-07-05T11:13:08.624974,2026-07-05T11:13:08.636970+00:00,139.2,50,bid,FlawlessFlatbreads,DiligentDonuts,8238223
2026-07-05T11:13:08.718104,2026-07-05T11:13:08.727343+00:00,138.9,3,ask,DiligentDonuts,Xuanyu Liu,8238224
2026-07-05T11:13:08.757307,2026-07-05T11:13:08.763634+00:00,138.9,48,ask,DiligentDonuts,CostlyCorianders,8238226
2026-07-05T11:13:10.733022,2026-07-05T11:13:10.744807+00:00,139.2,50,bid,FlawlessFlatbreads,EarnestEspressos,8238254
2026-07-05T11:13:12.891538,2026-07-05T11:13:12.897965+00:00,138.8,50,ask,DiligentDonuts,FlawlessFlatbreads,8238280
2026-07-05T11:13:14.946973,2026-07-05T11:13:14.963605+00:00,139.3,50,bid,FlawlessFlatbreads,DiligentDonuts,8238315
2026-07-05T11:13:16.159874,2026-07-05T11:13:16.167723+00:00,139.0,11,ask,EarnestEspressos,Xuanyu Liu,8238333
2026-07-05T11:13:17.054149,2026-07-05T11:13:17.062448+00:00,139.2,50,bid,FlawlessFlatbreads,DiligentDonuts,8238341
2026-07-05T11:13:17.371765,2026-07-05T11:13:17.382113+00:00,139.2,45,bid,CostlyCorianders,DiligentDonuts,8238356
2026-07-05T11:13:17.948095,2026-07-05T11:13:17.954329+00:00,139.0,43,ask,EarnestEspressos,CostlyCorianders,8238360
2026-07-05T11:13:19.098471,2026-07-05T11:13:19.104671+00:00,139.2,4,ask,DiligentDonuts,Aaron Tian,8238377
2026-07-05T11:13:19.159358,2026-07-05T11:13:19.167042+00:00,139.7,50,bid,FlawlessFlatbreads,DiligentDonuts,8238379
2026-07-05T11:13:19.775867,2026-07-05T11:13:19.797019+00:00,139.2,12,ask,DiligentDonuts,Xuanyu Liu,8238388
2026-07-05T11:13:21.265154,2026-07-05T11:13:21.276935+00:00,139.3,50,bid,FlawlessFlatbreads,EarnestEspressos,8238409
2026-07-05T11:13:22.351541,2026-07-05T11:13:22.358569+00:00,139.2,4,ask,DiligentDonuts,Aaron Tian,8238424
2026-07-05T11:13:23.009758,2026-07-05T11:13:23.017773+00:00,139.4,42,bid,CostlyCorianders,EarnestEspressos,8238431
2026-07-05T11:13:23.386246,2026-07-05T11:13:23.396611+00:00,139.4,50,bid,FlawlessFlatbreads,EarnestEspressos,8238434
2026-07-05T11:13:23.702950,2026-07-05T11:13:23.712994+00:00,139.2,11,ask,DiligentDonuts,Xuanyu Liu,8238439
2026-07-05T11:13:24.673511,2026-07-05T11:13:24.685084+00:00,139.4,46,bid,CostlyCorianders,EarnestEspressos,8238459
2026-07-05T11:13:25.461899,2026-07-05T11:13:25.473670+00:00,139.5,100,bid,EarnestEspressos,DiligentDonuts,8238476
2026-07-05T11:13:25.530577,2026-07-05T11:13:25.540269+00:00,139.5,23,ask,EarnestEspressos,Xuanyu Liu,8238477
2026-07-05T11:13:25.545790,2026-07-05T11:13:25.555735+00:00,139.5,27,ask,EarnestEspressos,FlawlessFlatbreads,8238479
2026-07-05T11:13:28.676794,2026-07-05T11:13:28.688374+00:00,139.4,100,ask,DiligentDonuts,EarnestEspressos,8238525
2026-07-05T11:13:28.951437,2026-07-05T11:13:28.959459+00:00,139.3,23,bid,Xuanyu Liu,EarnestEspressos,8238530
2026-07-05T11:13:29.709416,2026-07-05T11:13:29.720824+00:00,139.3,27,bid,FlawlessFlatbreads,EarnestEspressos,8238546
2026-07-05T11:13:31.554894,2026-07-05T11:13:31.566396+00:00,139.2,45,ask,DiligentDonuts,CostlyCorianders,8238570
2026-07-05T11:13:31.799506,2026-07-05T11:13:31.808316+00:00,139.5,23,ask,EarnestEspressos,Xuanyu Liu,8238573
2026-07-05T11:13:31.817549,2026-07-05T11:13:31.828688+00:00,139.7,50,bid,FlawlessFlatbreads,DiligentDonuts,8238575
2026-07-05T11:13:32.105160,2026-07-05T11:13:32.116643+00:00,139.5,4,ask,EarnestEspressos,Aaron Tian,8238579
2026-07-05T11:13:33.131638,2026-07-05T11:13:33.141186+00:00,139.5,11,ask,EarnestEspressos,Xuanyu Liu,8238596
2026-07-05T11:13:33.924960,2026-07-05T11:13:33.934883+00:00,139.7,50,bid,FlawlessFlatbreads,DiligentDonuts,8238606
2026-07-05T11:13:35.342723,2026-07-05T11:13:35.354280+00:00,139.3,4,ask,DiligentDonuts,Aaron Tian,8238631
2026-07-05T11:13:36.097244,2026-07-05T11:13:36.106277+00:00,139.3,50,ask,DiligentDonuts,FlawlessFlatbreads,8238646
2026-07-05T11:13:37.238253,2026-07-05T11:13:37.245850+00:00,139.3,43,ask,EarnestEspressos,CostlyCorianders,8238671
2026-07-05T11:13:38.207137,2026-07-05T11:13:38.214556+00:00,139.0,50,ask,DiligentDonuts,FlawlessFlatbreads,8238688
2026-07-05T11:13:38.657220,2026-07-05T11:13:38.668667+00:00,139.0,4,ask,DiligentDonuts,Aaron Tian,8238695
2026-07-05T11:13:40.321533,2026-07-05T11:13:40.335710+00:00,139.0,50,ask,EarnestEspressos,FlawlessFlatbreads,8238716
2026-07-05T11:13:42.354632,2026-07-05T11:13:42.366412+00:00,139.3,44,bid,CostlyCorianders,DiligentDonuts,8238744
2026-07-05T11:13:42.428257,2026-07-05T11:13:42.439772+00:00,138.8,50,ask,DiligentDonuts,FlawlessFlatbreads,8238747
2026-07-05T11:13:43.397375,2026-07-05T11:13:43.408710+00:00,139.3,46,bid,CostlyCorianders,DiligentDonuts,8238769
2026-07-05T11:13:43.958276,2026-07-05T11:13:43.968673+00:00,139.0,42,ask,DiligentDonuts,CostlyCorianders,8238772
2026-07-05T11:13:44.564965,2026-07-05T11:13:44.574219+00:00,139.0,50,ask,DiligentDonuts,FlawlessFlatbreads,8238782
2026-07-05T11:13:45.179203,2026-07-05T11:13:45.188821+00:00,139.0,4,ask,DiligentDonuts,Aaron Tian,8238790
2026-07-05T11:13:46.670830,2026-07-05T11:13:46.677173+00:00,138.9,50,ask,EarnestEspressos,FlawlessFlatbreads,8238811
2026-07-05T11:13:46.739314,2026-07-05T11:13:46.748143+00:00,139.3,11,bid,Xuanyu Liu,DiligentDonuts,8238812
2026-07-05T11:13:47.681853,2026-07-05T11:13:47.692533+00:00,139.2,11,bid,Xuanyu Liu,EarnestEspressos,8238833
2026-07-05T11:13:48.804801,2026-07-05T11:13:48.815352+00:00,138.8,50,ask,DiligentDonuts,FlawlessFlatbreads,8238851
2026-07-05T11:13:49.734566,2026-07-05T11:13:49.745874+00:00,138.8,46,ask,DiligentDonuts,CostlyCorianders,8238863
2026-07-05T11:13:49.902777,2026-07-05T11:13:49.912111+00:00,139.0,12,bid,Xuanyu Liu,DiligentDonuts,8238867
2026-07-05T11:13:50.323743,2026-07-05T11:13:50.335287+00:00,139.0,43,bid,CostlyCorianders,DiligentDonuts,8238876
2026-07-05T11:13:50.910769,2026-07-05T11:13:50.922470+00:00,138.7,50,ask,EarnestEspressos,FlawlessFlatbreads,8238886
2026-07-05T11:13:51.282264,2026-07-05T11:13:51.295036+00:00,139.0,23,bid,Xuanyu Liu,DiligentDonuts,8238896
2026-07-05T11:13:53.019542,2026-07-05T11:13:53.031146+00:00,138.9,50,ask,DiligentDonuts,FlawlessFlatbreads,8238926
2026-07-05T11:13:54.071589,2026-07-05T11:13:54.083162+00:00,138.9,40,ask,DiligentDonuts,CostlyCorianders,8238947
2026-07-05T11:13:55.129145,2026-07-05T11:13:55.140640+00:00,138.9,10,ask,DiligentDonuts,FlawlessFlatbreads,8238967
2026-07-05T11:13:55.129145,2026-07-05T11:13:55.140640+00:00,138.6,40,ask,EarnestEspressos,FlawlessFlatbreads,8238968
2026-07-05T11:13:55.777555,2026-07-05T11:13:55.789421+00:00,139.1,47,bid,CostlyCorianders,EarnestEspressos,8238971
2026-07-05T11:13:57.237679,2026-07-05T11:13:57.249222+00:00,138.7,50,ask,EarnestEspressos,FlawlessFlatbreads,8238995
2026-07-05T11:13:59.344636,2026-07-05T11:13:59.355971+00:00,138.7,50,ask,EarnestEspressos,FlawlessFlatbreads,8239027
2026-07-05T11:14:00.442453,2026-07-05T11:14:00.451082+00:00,138.7,11,bid,Xuanyu Liu,EarnestEspressos,8239039
2026-07-05T11:14:00.887974,2026-07-05T11:14:00.889589+00:00,138.7,44,bid,CostlyCorianders,EarnestEspressos,8239045
2026-07-05T11:14:00.975794,2026-07-05T11:14:00.984650+00:00,138.7,3,bid,Xuanyu Liu,EarnestEspressos,8239047
2026-07-05T11:14:01.451182,2026-07-05T11:14:01.463717+00:00,138.5,50,ask,DiligentDonuts,FlawlessFlatbreads,8239055
2026-07-05T11:14:03.556997,2026-07-05T11:14:03.557727+00:00,138.2,50,ask,DiligentDonuts,FlawlessFlatbreads,8239088
2026-07-05T11:14:03.611917,2026-07-05T11:14:03.623587+00:00,138.5,42,bid,CostlyCorianders,EarnestEspressos,8239089
2026-07-05T11:14:04.162653,2026-07-05T11:14:04.174187+00:00,138.2,41,ask,DiligentDonuts,CostlyCorianders,8239100
2026-07-05T11:14:05.664768,2026-07-05T11:14:05.674348+00:00,138.0,50,ask,EarnestEspressos,FlawlessFlatbreads,8239122
2026-07-05T11:14:07.720167,2026-07-05T11:14:07.732063+00:00,138.4,50,bid,FlawlessFlatbreads,DiligentDonuts,8239150
2026-07-05T11:14:09.404308,2026-07-05T11:14:09.415776+00:00,138.2,42,ask,EarnestEspressos,CostlyCorianders,8239179
2026-07-05T11:14:09.877531,2026-07-05T11:14:09.884379+00:00,138.0,50,ask,EarnestEspressos,FlawlessFlatbreads,8239189
2026-07-05T11:14:11.079850,2026-07-05T11:14:11.091585+00:00,138.4,41,bid,CostlyCorianders,DiligentDonuts,8239206
