timestamp,recv_time,price,volume,aggressor_side,buyer,seller,trade_id
2026-07-16T05:03:46.626124,2026-07-16T05:03:46.636084+00:00,63.7,20,bid,,,6021143
2026-07-16T05:03:46.626124,2026-07-16T05:03:46.636084+00:00,63.8,25,bid,,,6021144
2026-07-16T05:03:46.799692,2026-07-16T05:03:46.802146+00:00,63.8,25,ask,,,6021146
2026-07-16T05:03:46.903683,2026-07-16T05:03:46.906172+00:00,63.8,17,ask,,,6021150
2026-07-16T05:03:46.933011,2026-07-16T05:03:46.937163+00:00,63.8,2,ask,,,6021152
2026-07-16T05:03:47.148968,2026-07-16T05:03:47.154690+00:00,63.8,3,ask,,,6021160
2026-07-16T05:03:47.166673,2026-07-16T05:03:47.175524+00:00,63.8,19,ask,,,6021161
2026-07-16T05:03:47.209996,2026-07-16T05:03:47.217031+00:00,63.8,39,ask,,,6021163
2026-07-16T05:03:47.209996,2026-07-16T05:03:47.217031+00:00,63.8,11,ask,,,6021164
2026-07-16T05:03:47.227846,2026-07-16T05:03:47.237670+00:00,63.8,10,ask,,,6021165
2026-07-16T05:03:47.314297,2026-07-16T05:03:47.319917+00:00,63.8,2,ask,,,6021170
2026-07-16T05:03:47.953209,2026-07-16T05:03:47.955083+00:00,63.6,2,ask,,,6021181
2026-07-16T05:03:48.531285,2026-07-16T05:03:48.536386+00:00,63.8,10,bid,,,6021190
2026-07-16T05:03:48.531285,2026-07-16T05:03:48.546739+00:00,63.8,2,bid,,,6021191
2026-07-16T05:03:48.531285,2026-07-16T05:03:48.546739+00:00,63.9,38,bid,,,6021192
2026-07-16T05:03:48.651056,2026-07-16T05:03:48.659117+00:00,63.7,25,ask,,,6021197
2026-07-16T05:03:48.981083,2026-07-16T05:03:48.990219+00:00,63.7,2,ask,,,6021201
2026-07-16T05:03:49.057723,2026-07-16T05:03:49.062433+00:00,63.7,17,ask,,,6021205
2026-07-16T05:03:49.057723,2026-07-16T05:03:49.062433+00:00,63.6,20,ask,,,6021206
2026-07-16T05:03:49.057723,2026-07-16T05:03:49.072763+00:00,63.6,10,ask,,,6021207
2026-07-16T05:03:50.022680,2026-07-16T05:03:50.028262+00:00,63.6,2,ask,,,6021223
2026-07-16T05:03:51.053651,2026-07-16T05:03:51.060044+00:00,63.6,2,ask,,,6021231
2026-07-16T05:03:51.144972,2026-07-16T05:03:51.151278+00:00,63.7,3,bid,,,6021237
2026-07-16T05:03:51.145263,2026-07-16T05:03:51.161740+00:00,63.7,61,bid,,,6021238
2026-07-16T05:03:51.273357,2026-07-16T05:03:51.286751+00:00,63.7,20,bid,,,6021243
2026-07-16T05:03:51.342304,2026-07-16T05:03:51.349366+00:00,63.7,2,bid,,,6021246
2026-07-16T05:03:51.381423,2026-07-16T05:03:51.390868+00:00,63.7,64,bid,,,6021247
2026-07-16T05:03:51.381423,2026-07-16T05:03:51.390868+00:00,63.7,2,bid,,,6021248
2026-07-16T05:03:51.381423,2026-07-16T05:03:51.390868+00:00,63.7,14,bid,,,6021249
2026-07-16T05:03:51.529618,2026-07-16T05:03:51.536574+00:00,63.7,12,bid,,,6021253
2026-07-16T05:03:52.543431,2026-07-16T05:03:52.554724+00:00,63.7,25,ask,,,6021269
2026-07-16T05:03:52.585662,2026-07-16T05:03:52.596419+00:00,63.7,10,ask,,,6021271
2026-07-16T05:03:52.595913,2026-07-16T05:03:52.606823+00:00,63.7,5,ask,,,6021272
2026-07-16T05:03:52.595913,2026-07-16T05:03:52.606823+00:00,63.7,25,ask,,,6021273
2026-07-16T05:03:52.617005,2026-07-16T05:03:52.627626+00:00,63.7,25,ask,,,6021275
2026-07-16T05:03:52.617005,2026-07-16T05:03:52.627626+00:00,63.7,17,ask,,,6021276
2026-07-16T05:03:52.641651,2026-07-16T05:03:52.648795+00:00,63.7,8,ask,,,6021278
2026-07-16T05:03:52.708774,2026-07-16T05:03:52.711254+00:00,63.6,4,ask,,,6021282
2026-07-16T05:03:52.708774,2026-07-16T05:03:52.721650+00:00,63.5,41,ask,,,6021283
2026-07-16T05:03:52.819823,2026-07-16T05:03:52.825401+00:00,63.6,25,ask,,,6021286
2026-07-16T05:03:52.819823,2026-07-16T05:03:52.825401+00:00,63.6,14,ask,,,6021287
2026-07-16T05:03:52.819823,2026-07-16T05:03:52.835775+00:00,63.6,6,ask,,,6021288
2026-07-16T05:03:52.819823,2026-07-16T05:03:52.835775+00:00,63.5,5,ask,,,6021289
2026-07-16T05:03:52.972809,2026-07-16T05:03:52.981441+00:00,63.7,25,bid,,,6021292
2026-07-16T05:03:52.979496,2026-07-16T05:03:52.981441+00:00,63.7,18,ask,,,6021293
2026-07-16T05:03:53.098733,2026-07-16T05:03:53.106859+00:00,63.7,2,ask,,,6021297
2026-07-16T05:03:53.131005,2026-07-16T05:03:53.138069+00:00,63.7,2,ask,,,6021300
2026-07-16T05:03:53.173074,2026-07-16T05:03:53.179589+00:00,63.7,25,ask,,,6021301
2026-07-16T05:03:53.282825,2026-07-16T05:03:53.294441+00:00,63.7,20,ask,,,6021305
2026-07-16T05:03:53.336041,2026-07-16T05:03:53.346387+00:00,63.8,20,bid,,,6021308
2026-07-16T05:03:53.336041,2026-07-16T05:03:53.346387+00:00,63.8,21,bid,,,6021309
2026-07-16T05:03:53.382836,2026-07-16T05:03:53.388106+00:00,63.7,25,ask,,,6021310
2026-07-16T05:03:53.424407,2026-07-16T05:03:53.429823+00:00,63.7,5,ask,,,6021311
2026-07-16T05:03:54.153203,2026-07-16T05:03:54.159865+00:00,63.8,2,ask,,,6021329
2026-07-16T05:03:54.935532,2026-07-16T05:03:54.944722+00:00,63.8,40,ask,,,6021339
2026-07-16T05:03:54.935532,2026-07-16T05:03:54.944722+00:00,63.8,10,ask,,,6021340
2026-07-16T05:03:54.944474,2026-07-16T05:03:54.955186+00:00,63.8,40,ask,,,6021341
2026-07-16T05:03:54.944474,2026-07-16T05:03:54.955186+00:00,63.8,7,ask,,,6021342
2026-07-16T05:03:55.176648,2026-07-16T05:03:55.185053+00:00,63.8,2,ask,,,6021345
2026-07-16T05:03:56.212594,2026-07-16T05:03:56.223233+00:00,63.8,2,ask,,,6021359
2026-07-16T05:03:57.050895,2026-07-16T05:03:57.060555+00:00,63.8,50,ask,,,6021365
2026-07-16T05:03:57.232998,2026-07-16T05:03:57.237840+00:00,63.8,2,ask,,,6021370
2026-07-16T05:03:58.599268,2026-07-16T05:03:58.601135+00:00,63.9,44,bid,,,6021393
2026-07-16T05:03:59.148493,2026-07-16T05:03:59.155065+00:00,63.8,14,ask,,,6021400
2026-07-16T05:03:59.148493,2026-07-16T05:03:59.155065+00:00,63.8,12,ask,,,6021401
2026-07-16T05:03:59.163814,2026-07-16T05:03:59.165532+00:00,63.8,13,ask,,,6021403
2026-07-16T05:03:59.168703,2026-07-16T05:03:59.175938+00:00,63.8,16,ask,,,6021404
2026-07-16T05:03:59.168703,2026-07-16T05:03:59.175938+00:00,63.8,25,ask,,,6021405
2026-07-16T05:03:59.168703,2026-07-16T05:03:59.186355+00:00,63.6,9,ask,,,6021406
2026-07-16T05:04:01.286590,2026-07-16T05:04:01.294352+00:00,63.7,25,ask,,,6021450
2026-07-16T05:04:01.286590,2026-07-16T05:04:01.294352+00:00,63.7,18,ask,,,6021451
2026-07-16T05:04:01.286590,2026-07-16T05:04:01.294352+00:00,63.5,1,ask,,,6021452
2026-07-16T05:04:01.286590,2026-07-16T05:04:01.304821+00:00,63.5,6,ask,,,6021453
2026-07-16T05:04:01.827035,2026-07-16T05:04:01.838141+00:00,63.8,42,bid,,,6021462
2026-07-16T05:04:01.883918,2026-07-16T05:04:01.890477+00:00,63.8,9,bid,,,6021465
2026-07-16T05:04:02.035500,2026-07-16T05:04:02.037695+00:00,63.8,30,bid,,,6021468
2026-07-16T05:04:02.362026,2026-07-16T05:04:02.373137+00:00,63.8,25,bid,,,6021472
2026-07-16T05:04:02.425177,2026-07-16T05:04:02.436720+00:00,63.8,44,bid,,,6021476
2026-07-16T05:04:02.425177,2026-07-16T05:04:02.436720+00:00,63.8,8,bid,,,6021477
2026-07-16T05:04:02.425177,2026-07-16T05:04:02.436720+00:00,63.8,33,bid,,,6021478
2026-07-16T05:04:02.495815,2026-07-16T05:04:02.510468+00:00,63.8,17,bid,,,6021481
2026-07-16T05:04:02.495815,2026-07-16T05:04:02.510468+00:00,63.8,20,bid,,,6021482
2026-07-16T05:04:02.495815,2026-07-16T05:04:02.510468+00:00,63.9,70,bid,,,6021483
2026-07-16T05:04:02.495815,2026-07-16T05:04:02.510468+00:00,63.9,4,bid,,,6021484
2026-07-16T05:04:02.495815,2026-07-16T05:04:02.521006+00:00,64.0,39,bid,,,6021485
2026-07-16T05:04:03.388313,2026-07-16T05:04:03.401860+00:00,63.8,14,bid,,,6021505
2026-07-16T05:04:03.388313,2026-07-16T05:04:03.412377+00:00,63.8,36,bid,,,6021506
2026-07-16T05:04:03.470806,2026-07-16T05:04:03.475169+00:00,63.7,2,ask,,,6021507
2026-07-16T05:04:04.326473,2026-07-16T05:04:04.331732+00:00,63.8,10,bid,,,6021521
2026-07-16T05:04:04.326473,2026-07-16T05:04:04.331732+00:00,63.8,10,bid,,,6021522
2026-07-16T05:04:04.326473,2026-07-16T05:04:04.342299+00:00,63.8,14,bid,,,6021523
2026-07-16T05:04:04.326473,2026-07-16T05:04:04.342299+00:00,63.8,6,bid,,,6021524
2026-07-16T05:04:05.417831,2026-07-16T05:04:05.421745+00:00,63.7,40,ask,,,6021541
2026-07-16T05:04:05.503291,2026-07-16T05:04:05.515557+00:00,63.8,10,bid,,,6021545
2026-07-16T05:04:05.503291,2026-07-16T05:04:05.515557+00:00,63.8,10,bid,,,6021546
2026-07-16T05:04:05.503291,2026-07-16T05:04:05.526010+00:00,63.8,25,bid,,,6021547
2026-07-16T05:04:05.503291,2026-07-16T05:04:05.526010+00:00,63.9,5,bid,,,6021548
2026-07-16T05:04:06.563558,2026-07-16T05:04:06.571187+00:00,63.7,2,ask,,,6021568
2026-07-16T05:04:07.591945,2026-07-16T05:04:07.598700+00:00,63.7,2,ask,,,6021587
2026-07-16T05:04:07.619064,2026-07-16T05:04:07.630138+00:00,63.8,50,bid,,,6021589
2026-07-16T05:04:08.441156,2026-07-16T05:04:08.445971+00:00,63.7,35,ask,,,6021601
2026-07-16T05:04:08.441156,2026-07-16T05:04:08.456492+00:00,63.7,6,ask,,,6021602
2026-07-16T05:04:10.046068,2026-07-16T05:04:10.053492+00:00,63.8,20,bid,,,6021624
2026-07-16T05:04:10.046068,2026-07-16T05:04:10.053492+00:00,63.8,22,bid,,,6021625
2026-07-16T05:04:10.528930,2026-07-16T05:04:10.536859+00:00,63.7,20,ask,,,6021635
2026-07-16T05:04:10.528930,2026-07-16T05:04:10.536859+00:00,63.7,20,ask,,,6021636
2026-07-16T05:04:10.673036,2026-07-16T05:04:10.683923+00:00,63.7,2,ask,,,6021639
2026-07-16T05:04:10.888418,2026-07-16T05:04:10.894356+00:00,63.7,25,ask,,,6021645
2026-07-16T05:04:11.122808,2026-07-16T05:04:11.134953+00:00,63.7,30,ask,,,6021647
2026-07-16T05:04:11.127609,2026-07-16T05:04:11.134953+00:00,63.7,20,ask,,,6021648
2026-07-16T05:04:11.703209,2026-07-16T05:04:11.711186+00:00,63.6,2,ask,,,6021654
2026-07-16T05:04:11.916315,2026-07-16T05:04:11.931648+00:00,63.6,50,ask,,,6021660
2026-07-16T05:04:13.326202,2026-07-16T05:04:13.328261+00:00,63.7,1,bid,,,6021683
2026-07-16T05:04:13.976007,2026-07-16T05:04:13.979289+00:00,63.7,50,bid,,,6021691
2026-07-16T05:04:16.091761,2026-07-16T05:04:16.098710+00:00,63.8,50,bid,,,6021728
2026-07-16T05:04:17.780664,2026-07-16T05:04:17.790036+00:00,63.7,14,bid,,,6021758
2026-07-16T05:04:17.780664,2026-07-16T05:04:17.790036+00:00,63.7,7,bid,,,6021759
2026-07-16T05:04:17.780664,2026-07-16T05:04:17.790036+00:00,63.7,25,bid,,,6021760
2026-07-16T05:04:17.780664,2026-07-16T05:04:17.790036+00:00,63.8,1,bid,,,6021761
2026-07-16T05:04:18.202925,2026-07-16T05:04:18.210070+00:00,63.8,8,bid,,,6021767
2026-07-16T05:04:18.202925,2026-07-16T05:04:18.210070+00:00,63.8,10,bid,,,6021768
2026-07-16T05:04:18.202925,2026-07-16T05:04:18.220536+00:00,63.9,32,bid,,,6021769
2026-07-16T05:04:19.256747,2026-07-16T05:04:19.259346+00:00,63.8,20,bid,,,6021781
2026-07-16T05:04:19.256747,2026-07-16T05:04:19.269830+00:00,63.9,28,bid,,,6021782
2026-07-16T05:04:19.701470,2026-07-16T05:04:19.710042+00:00,63.8,22,ask,,,6021795
2026-07-16T05:04:19.733611,2026-07-16T05:04:19.741654+00:00,63.8,1,ask,,,6021798
2026-07-16T05:04:20.330187,2026-07-16T05:04:20.341722+00:00,63.8,13,bid,,,6021806
2026-07-16T05:04:20.330187,2026-07-16T05:04:20.341722+00:00,63.9,37,bid,,,6021807
2026-07-16T05:04:20.468099,2026-07-16T05:04:20.478901+00:00,63.7,5,ask,,,6021812
2026-07-16T05:04:20.500653,2026-07-16T05:04:20.510751+00:00,63.7,5,ask,,,6021814
2026-07-16T05:04:20.619194,2026-07-16T05:04:20.626738+00:00,63.6,10,ask,,,6021819
2026-07-16T05:04:21.237971,2026-07-16T05:04:21.248778+00:00,63.6,10,ask,,,6021828
2026-07-16T05:04:21.834989,2026-07-16T05:04:21.837478+00:00,63.6,1,ask,,,6021841
2026-07-16T05:04:22.441111,2026-07-16T05:04:22.445717+00:00,63.7,10,bid,,,6021846
2026-07-16T05:04:22.441111,2026-07-16T05:04:22.445717+00:00,63.7,5,bid,,,6021847
2026-07-16T05:04:22.441111,2026-07-16T05:04:22.456178+00:00,63.8,10,bid,,,6021848
2026-07-16T05:04:22.441111,2026-07-16T05:04:22.456178+00:00,63.9,10,bid,,,6021849
2026-07-16T05:04:22.441111,2026-07-16T05:04:22.456178+00:00,63.9,4,bid,,,6021850
2026-07-16T05:04:22.510317,2026-07-16T05:04:22.519203+00:00,63.7,4,ask,,,6021851
2026-07-16T05:04:23.587705,2026-07-16T05:04:23.590256+00:00,63.7,2,ask,,,6021863
2026-07-16T05:04:24.636734,2026-07-16T05:04:24.650134+00:00,63.6,50,ask,,,6021879
2026-07-16T05:04:26.746047,2026-07-16T05:04:26.751491+00:00,63.6,50,ask,,,6021904
2026-07-16T05:04:27.154257,2026-07-16T05:04:27.160645+00:00,63.6,20,ask,,,6021913
2026-07-16T05:04:27.154257,2026-07-16T05:04:27.160645+00:00,63.6,27,ask,,,6021914
2026-07-16T05:04:27.164442,2026-07-16T05:04:27.171112+00:00,63.6,8,ask,,,6021915
2026-07-16T05:04:27.367001,2026-07-16T05:04:27.370926+00:00,63.6,15,ask,,,6021921
2026-07-16T05:04:28.086314,2026-07-16T05:04:28.095029+00:00,63.5,45,ask,,,6021933
2026-07-16T05:04:28.500479,2026-07-16T05:04:28.511753+00:00,63.5,25,ask,,,6021940
2026-07-16T05:04:28.500479,2026-07-16T05:04:28.511753+00:00,63.5,31,ask,,,6021941
2026-07-16T05:04:28.704518,2026-07-16T05:04:28.707909+00:00,63.5,19,ask,,,6021947
2026-07-16T05:04:28.871776,2026-07-16T05:04:28.874957+00:00,63.4,1,ask,,,6021949
2026-07-16T05:04:28.871776,2026-07-16T05:04:28.885408+00:00,63.4,49,ask,,,6021950
2026-07-16T05:04:30.639681,2026-07-16T05:04:30.650409+00:00,63.4,42,ask,,,6021972
2026-07-16T05:04:30.990940,2026-07-16T05:04:30.996393+00:00,63.4,38,ask,,,6021979
2026-07-16T05:04:30.990940,2026-07-16T05:04:30.996393+00:00,63.4,12,ask,,,6021980
2026-07-16T05:04:31.156025,2026-07-16T05:04:31.164324+00:00,63.5,42,bid,,,6021989
2026-07-16T05:04:31.183793,2026-07-16T05:04:31.206496+00:00,63.5,42,bid,,,6021992
2026-07-16T05:04:31.300715,2026-07-16T05:04:31.311685+00:00,63.5,16,bid,,,6021994
2026-07-16T05:04:31.300715,2026-07-16T05:04:31.311685+00:00,63.5,14,bid,,,6021995
2026-07-16T05:04:31.503392,2026-07-16T05:04:31.512961+00:00,63.5,20,bid,,,6021998
2026-07-16T05:04:31.503392,2026-07-16T05:04:31.512961+00:00,63.5,5,bid,,,6021999
2026-07-16T05:04:31.776561,2026-07-16T05:04:31.785469+00:00,63.6,1,ask,,,6022004
2026-07-16T05:04:32.494122,2026-07-16T05:04:32.500748+00:00,63.6,3,ask,,,6022020
2026-07-16T05:04:32.494670,2026-07-16T05:04:32.511426+00:00,63.6,10,ask,,,6022021
2026-07-16T05:04:32.521514,2026-07-16T05:04:32.532433+00:00,63.6,20,ask,,,6022023
2026-07-16T05:04:32.521833,2026-07-16T05:04:32.532433+00:00,63.6,16,ask,,,6022024
2026-07-16T05:04:32.530904,2026-07-16T05:04:32.542928+00:00,63.6,1,ask,,,6022025
2026-07-16T05:04:32.530904,2026-07-16T05:04:32.542928+00:00,63.5,23,ask,,,6022026
2026-07-16T05:04:32.530904,2026-07-16T05:04:32.542928+00:00,63.5,4,ask,,,6022027
2026-07-16T05:04:32.530904,2026-07-16T05:04:32.542928+00:00,63.5,16,ask,,,6022028
2026-07-16T05:04:32.600936,2026-07-16T05:04:32.616531+00:00,63.5,42,ask,,,6022031
2026-07-16T05:04:32.673892,2026-07-16T05:04:32.689998+00:00,63.5,30,ask,,,6022033
2026-07-16T05:04:32.685535,2026-07-16T05:04:32.689998+00:00,63.5,19,ask,,,6022034
2026-07-16T05:04:32.714821,2026-07-16T05:04:32.722158+00:00,63.5,9,ask,,,6022037
2026-07-16T05:04:33.098984,2026-07-16T05:04:33.110489+00:00,63.5,25,bid,,,6022042
2026-07-16T05:04:33.098984,2026-07-16T05:04:33.110489+00:00,63.5,17,bid,,,6022043
2026-07-16T05:04:33.106777,2026-07-16T05:04:33.120984+00:00,63.4,50,ask,,,6022044
2026-07-16T05:04:33.752614,2026-07-16T05:04:33.761301+00:00,63.4,20,ask,,,6022054
2026-07-16T05:04:33.752614,2026-07-16T05:04:33.761301+00:00,63.4,17,ask,,,6022055
2026-07-16T05:04:33.752614,2026-07-16T05:04:33.761301+00:00,63.3,5,ask,,,6022056
2026-07-16T05:04:33.821332,2026-07-16T05:04:33.827214+00:00,63.5,3,bid,,,6022060
2026-07-16T05:04:33.821703,2026-07-16T05:04:33.837772+00:00,63.5,9,bid,,,6022061
2026-07-16T05:04:33.821703,2026-07-16T05:04:33.837772+00:00,63.5,33,bid,,,6022062
2026-07-16T05:04:33.830359,2026-07-16T05:04:33.837772+00:00,63.5,17,bid,,,6022063
2026-07-16T05:04:33.830359,2026-07-16T05:04:33.837772+00:00,63.5,3,bid,,,6022064
2026-07-16T05:04:33.916840,2026-07-16T05:04:33.921544+00:00,63.5,22,bid,,,6022070
2026-07-16T05:04:33.916840,2026-07-16T05:04:33.921544+00:00,63.5,8,bid,,,6022071
2026-07-16T05:04:34.111182,2026-07-16T05:04:34.122251+00:00,63.5,2,bid,,,6022078
2026-07-16T05:04:35.121905,2026-07-16T05:04:35.129558+00:00,63.6,41,bid,,,6022087
2026-07-16T05:04:35.219793,2026-07-16T05:04:35.223924+00:00,63.5,42,ask,,,6022089
2026-07-16T05:04:35.219793,2026-07-16T05:04:35.234525+00:00,63.5,8,ask,,,6022090
2026-07-16T05:04:37.153803,2026-07-16T05:04:37.158235+00:00,63.5,25,bid,,,6022111
2026-07-16T05:04:37.917237,2026-07-16T05:04:37.923780+00:00,63.5,10,bid,,,6022120
2026-07-16T05:04:37.917237,2026-07-16T05:04:37.923780+00:00,63.6,36,bid,,,6022121
2026-07-16T05:04:37.979104,2026-07-16T05:04:37.986870+00:00,63.4,40,ask,,,6022123
2026-07-16T05:04:39.001609,2026-07-16T05:04:39.004811+00:00,63.5,10,bid,,,6022143
2026-07-16T05:04:39.001609,2026-07-16T05:04:39.015293+00:00,63.6,4,bid,,,6022144
2026-07-16T05:04:39.001609,2026-07-16T05:04:39.015293+00:00,63.6,29,bid,,,6022145
2026-07-16T05:04:39.188023,2026-07-16T05:04:39.193492+00:00,63.5,10,bid,,,6022152
2026-07-16T05:04:39.214734,2026-07-16T05:04:39.224963+00:00,63.6,21,bid,,,6022155
2026-07-16T05:04:39.214734,2026-07-16T05:04:39.224963+00:00,63.6,10,bid,,,6022156
2026-07-16T05:04:39.214734,2026-07-16T05:04:39.224963+00:00,63.6,59,bid,,,6022157
2026-07-16T05:04:39.237826,2026-07-16T05:04:39.245983+00:00,63.6,10,bid,,,6022159
2026-07-16T05:04:39.254152,2026-07-16T05:04:39.266972+00:00,63.6,10,bid,,,6022160
2026-07-16T05:04:39.326401,2026-07-16T05:04:39.329995+00:00,63.6,1,bid,,,6022164
2026-07-16T05:04:39.394935,2026-07-16T05:04:39.403311+00:00,63.7,14,bid,,,6022167
2026-07-16T05:04:39.394935,2026-07-16T05:04:39.403311+00:00,63.7,25,bid,,,6022168
2026-07-16T05:04:39.394935,2026-07-16T05:04:39.403311+00:00,63.8,11,bid,,,6022169
2026-07-16T05:04:40.485916,2026-07-16T05:04:40.491307+00:00,63.7,3,ask,,,6022185
2026-07-16T05:04:40.492523,2026-07-16T05:04:40.501835+00:00,63.7,20,ask,,,6022186
2026-07-16T05:04:40.492523,2026-07-16T05:04:40.501835+00:00,63.7,20,ask,,,6022187
2026-07-16T05:04:40.492523,2026-07-16T05:04:40.501835+00:00,63.7,21,ask,,,6022188
2026-07-16T05:04:40.509505,2026-07-16T05:04:40.512310+00:00,63.7,5,ask,,,6022189
2026-07-16T05:04:40.514422,2026-07-16T05:04:40.522839+00:00,63.7,24,ask,,,6022190
2026-07-16T05:04:40.514422,2026-07-16T05:04:40.522839+00:00,63.7,25,ask,,,6022191
2026-07-16T05:04:40.548497,2026-07-16T05:04:40.554704+00:00,63.6,10,ask,,,6022197
2026-07-16T05:04:40.548847,2026-07-16T05:04:40.565231+00:00,63.6,5,ask,,,6022198
2026-07-16T05:04:40.558120,2026-07-16T05:04:40.565231+00:00,63.6,51,ask,,,6022199
2026-07-16T05:04:40.609700,2026-07-16T05:04:40.617875+00:00,63.6,4,ask,,,6022200
2026-07-16T05:04:40.609700,2026-07-16T05:04:40.617875+00:00,63.6,25,ask,,,6022201
2026-07-16T05:04:40.609700,2026-07-16T05:04:40.617875+00:00,63.6,4,ask,,,6022202
2026-07-16T05:04:40.651680,2026-07-16T05:04:40.659887+00:00,63.5,20,ask,,,6022203
2026-07-16T05:04:41.544773,2026-07-16T05:04:41.555170+00:00,63.6,10,bid,,,6022219
2026-07-16T05:04:41.544773,2026-07-16T05:04:41.555170+00:00,63.6,40,bid,,,6022220
2026-07-16T05:04:41.563459,2026-07-16T05:04:41.576191+00:00,63.5,48,ask,,,6022221
2026-07-16T05:04:41.936884,2026-07-16T05:04:41.942453+00:00,63.6,3,bid,,,6022231
2026-07-16T05:04:43.714242,2026-07-16T05:04:43.725457+00:00,63.5,32,ask,,,6022256
2026-07-16T05:04:43.714242,2026-07-16T05:04:43.725457+00:00,63.5,18,ask,,,6022257
2026-07-16T05:04:45.858045,2026-07-16T05:04:45.873173+00:00,63.5,10,ask,,,6022286
2026-07-16T05:04:45.858045,2026-07-16T05:04:45.873173+00:00,63.5,40,ask,,,6022287
2026-07-16T05:04:47.303048,2026-07-16T05:04:47.314494+00:00,63.6,7,ask,,,6022313
2026-07-16T05:04:47.969999,2026-07-16T05:04:47.976208+00:00,63.5,20,ask,,,6022321
2026-07-16T05:04:47.969999,2026-07-16T05:04:47.976208+00:00,63.5,7,ask,,,6022322
2026-07-16T05:04:47.969999,2026-07-16T05:04:47.986917+00:00,63.5,23,ask,,,6022323
2026-07-16T05:04:48.107402,2026-07-16T05:04:48.115335+00:00,63.6,45,bid,,,6022326
2026-07-16T05:04:48.589862,2026-07-16T05:04:48.600875+00:00,63.6,2,bid,,,6022340
2026-07-16T05:04:48.684092,2026-07-16T05:04:48.695862+00:00,63.6,2,bid,,,6022343
2026-07-16T05:04:48.742021,2026-07-16T05:04:48.748551+00:00,63.6,1,bid,,,6022345
2026-07-16T05:04:49.722858,2026-07-16T05:04:49.725221+00:00,63.6,16,bid,,,6022353
2026-07-16T05:04:50.093783,2026-07-16T05:04:50.104358+00:00,63.5,15,ask,,,6022362
2026-07-16T05:04:50.093783,2026-07-16T05:04:50.104358+00:00,63.4,30,ask,,,6022363
2026-07-16T05:04:50.093783,2026-07-16T05:04:50.104358+00:00,63.4,5,ask,,,6022364
2026-07-16T05:04:50.126716,2026-07-16T05:04:50.136102+00:00,63.4,37,ask,,,6022365
2026-07-16T05:04:50.126716,2026-07-16T05:04:50.136102+00:00,63.4,4,ask,,,6022366
2026-07-16T05:04:50.126716,2026-07-16T05:04:50.136102+00:00,63.4,1,ask,,,6022367
2026-07-16T05:04:52.066811,2026-07-16T05:04:52.072725+00:00,63.6,10,bid,,,6022393
2026-07-16T05:04:52.066811,2026-07-16T05:04:52.072725+00:00,63.6,38,bid,,,6022394
2026-07-16T05:04:52.214637,2026-07-16T05:04:52.220099+00:00,63.5,28,ask,,,6022399
2026-07-16T05:04:52.214637,2026-07-16T05:04:52.220099+00:00,63.5,22,ask,,,6022400
2026-07-16T05:04:52.486790,2026-07-16T05:04:52.494365+00:00,63.6,12,bid,,,6022401
2026-07-16T05:04:52.486790,2026-07-16T05:04:52.494365+00:00,63.6,11,bid,,,6022402
2026-07-16T05:04:52.506061,2026-07-16T05:04:52.515371+00:00,63.7,8,bid,,,6022403
2026-07-16T05:04:54.331049,2026-07-16T05:04:54.342117+00:00,63.6,50,ask,,,6022427
2026-07-16T05:04:56.426321,2026-07-16T05:04:56.431404+00:00,63.6,27,ask,,,6022448
2026-07-16T05:04:56.426321,2026-07-16T05:04:56.431404+00:00,63.6,21,ask,,,6022449
2026-07-16T05:04:56.442235,2026-07-16T05:04:56.452411+00:00,63.6,29,ask,,,6022450
2026-07-16T05:04:56.442235,2026-07-16T05:04:56.452411+00:00,63.6,21,ask,,,6022451
2026-07-16T05:04:57.509148,2026-07-16T05:04:57.517808+00:00,63.6,10,ask,,,6022470
2026-07-16T05:04:57.509148,2026-07-16T05:04:57.517808+00:00,63.6,10,ask,,,6022471
2026-07-16T05:04:57.509148,2026-07-16T05:04:57.517808+00:00,63.6,20,ask,,,6022472
2026-07-16T05:04:57.509148,2026-07-16T05:04:57.528495+00:00,63.6,9,ask,,,6022473
2026-07-16T05:04:58.578728,2026-07-16T05:04:58.583480+00:00,63.6,1,ask,,,6022489
2026-07-16T05:04:58.578728,2026-07-16T05:04:58.593977+00:00,63.6,25,ask,,,6022490
2026-07-16T05:04:58.578728,2026-07-16T05:04:58.593977+00:00,63.5,24,ask,,,6022491
2026-07-16T05:05:00.001188,2026-07-16T05:05:00.008304+00:00,63.8,43,bid,,,6022518
2026-07-16T05:05:00.580130,2026-07-16T05:05:00.588506+00:00,63.6,10,ask,,,6022531
2026-07-16T05:05:00.580130,2026-07-16T05:05:00.588506+00:00,63.6,1,ask,,,6022532
2026-07-16T05:05:00.580130,2026-07-16T05:05:00.599019+00:00,63.6,34,ask,,,6022533
2026-07-16T05:05:00.672910,2026-07-16T05:05:00.682968+00:00,63.6,1,ask,,,6022535
2026-07-16T05:05:00.697108,2026-07-16T05:05:00.704069+00:00,63.6,8,ask,,,6022537
2026-07-16T05:05:00.697108,2026-07-16T05:05:00.704069+00:00,63.6,25,ask,,,6022538
2026-07-16T05:05:00.697108,2026-07-16T05:05:00.714679+00:00,63.5,6,ask,,,6022539
2026-07-16T05:05:00.697108,2026-07-16T05:05:00.714679+00:00,63.5,11,ask,,,6022540
2026-07-16T05:05:00.830400,2026-07-16T05:05:00.840968+00:00,63.5,1,ask,,,6022541
2026-07-16T05:05:01.055128,2026-07-16T05:05:01.060836+00:00,63.5,2,ask,,,6022543
2026-07-16T05:05:01.815118,2026-07-16T05:05:01.819962+00:00,63.6,25,bid,,,6022554
2026-07-16T05:05:01.815118,2026-07-16T05:05:01.819962+00:00,63.6,13,bid,,,6022555
2026-07-16T05:05:01.890184,2026-07-16T05:05:01.893753+00:00,63.6,9,bid,,,6022558
2026-07-16T05:05:02.815083,2026-07-16T05:05:02.819704+00:00,63.6,25,ask,,,6022572
2026-07-16T05:05:02.815083,2026-07-16T05:05:02.830260+00:00,63.5,25,ask,,,6022573
2026-07-16T05:05:03.634503,2026-07-16T05:05:03.641695+00:00,63.7,44,bid,,,6022590
2026-07-16T05:05:04.146938,2026-07-16T05:05:04.151846+00:00,63.7,36,bid,,,6022596
2026-07-16T05:05:04.146938,2026-07-16T05:05:04.162315+00:00,63.7,6,bid,,,6022597
2026-07-16T05:05:04.875297,2026-07-16T05:05:04.879810+00:00,63.7,50,bid,,,6022613
2026-07-16T05:05:04.900439,2026-07-16T05:05:04.911248+00:00,63.6,25,ask,,,6022614
2026-07-16T05:05:05.135508,2026-07-16T05:05:05.141418+00:00,63.6,19,ask,,,6022616
2026-07-16T05:05:05.135508,2026-07-16T05:05:05.151910+00:00,63.6,6,ask,,,6022617
2026-07-16T05:05:05.256210,2026-07-16T05:05:05.267321+00:00,63.6,1,ask,,,6022621
2026-07-16T05:05:05.256210,2026-07-16T05:05:05.267321+00:00,63.6,1,ask,,,6022622
2026-07-16T05:05:05.371323,2026-07-16T05:05:05.373734+00:00,63.6,25,ask,,,6022628
2026-07-16T05:05:05.432615,2026-07-16T05:05:05.437008+00:00,63.6,1,ask,,,6022629
2026-07-16T05:05:05.712456,2026-07-16T05:05:05.721135+00:00,63.5,47,ask,,,6022635
2026-07-16T05:05:06.699238,2026-07-16T05:05:06.701822+00:00,63.7,36,bid,,,6022646
2026-07-16T05:05:06.699238,2026-07-16T05:05:06.712385+00:00,63.7,10,bid,,,6022647
2026-07-16T05:05:06.699238,2026-07-16T05:05:06.712385+00:00,63.7,1,bid,,,6022648
2026-07-16T05:05:07.737159,2026-07-16T05:05:07.741372+00:00,63.5,1,ask,,,6022658
2026-07-16T05:05:08.386750,2026-07-16T05:05:08.393607+00:00,63.5,2,ask,,,6022666
2026-07-16T05:05:08.480149,2026-07-16T05:05:08.488890+00:00,63.6,38,bid,,,6022672
2026-07-16T05:05:08.503282,2026-07-16T05:05:08.510158+00:00,63.6,62,bid,,,6022674
2026-07-16T05:05:08.503282,2026-07-16T05:05:08.510158+00:00,63.6,30,bid,,,6022675
2026-07-16T05:05:08.503282,2026-07-16T05:05:08.510158+00:00,63.6,8,bid,,,6022676
2026-07-16T05:05:08.537800,2026-07-16T05:05:08.541922+00:00,63.6,42,bid,,,6022681
2026-07-16T05:05:08.551928,2026-07-16T05:05:08.562920+00:00,63.6,7,bid,,,6022682
2026-07-16T05:05:08.561608,2026-07-16T05:05:08.573432+00:00,63.7,43,bid,,,6022684
2026-07-16T05:05:08.568783,2026-07-16T05:05:08.573432+00:00,63.7,58,bid,,,6022685
2026-07-16T05:05:09.106273,2026-07-16T05:05:09.110556+00:00,63.7,48,bid,,,6022692
2026-07-16T05:05:09.106273,2026-07-16T05:05:09.121122+00:00,63.7,2,bid,,,6022693
2026-07-16T05:05:09.242825,2026-07-16T05:05:09.247037+00:00,63.7,35,bid,,,6022699
2026-07-16T05:05:09.242825,2026-07-16T05:05:09.257507+00:00,63.7,50,bid,,,6022700
2026-07-16T05:05:09.242825,2026-07-16T05:05:09.257507+00:00,63.8,30,bid,,,6022701
2026-07-16T05:05:09.242825,2026-07-16T05:05:09.257507+00:00,63.8,25,bid,,,6022702
2026-07-16T05:05:09.242825,2026-07-16T05:05:09.267985+00:00,63.8,10,bid,,,6022703
2026-07-16T05:05:09.303046,2026-07-16T05:05:09.310168+00:00,63.6,14,ask,,,6022705
2026-07-16T05:05:09.303046,2026-07-16T05:05:09.310168+00:00,63.6,24,ask,,,6022706
2026-07-16T05:05:09.462712,2026-07-16T05:05:09.479881+00:00,63.6,2,ask,,,6022709
2026-07-16T05:05:09.941574,2026-07-16T05:05:09.953345+00:00,63.6,1,ask,,,6022718
2026-07-16T05:05:10.559665,2026-07-16T05:05:10.564357+00:00,63.6,2,ask,,,6022725
2026-07-16T05:05:11.314152,2026-07-16T05:05:11.322252+00:00,63.6,50,ask,,,6022736
2026-07-16T05:05:13.425196,2026-07-16T05:05:13.435117+00:00,63.5,50,ask,,,6022754
2026-07-16T05:05:14.343188,2026-07-16T05:05:14.348656+00:00,63.5,1,ask,,,6022774
2026-07-16T05:05:15.039873,2026-07-16T05:05:15.050723+00:00,63.5,42,ask,,,6022779
2026-07-16T05:05:15.166686,2026-07-16T05:05:15.176673+00:00,63.6,14,bid,,,6022780
2026-07-16T05:05:15.166686,2026-07-16T05:05:15.176673+00:00,63.6,11,bid,,,6022781
2026-07-16T05:05:15.393940,2026-07-16T05:05:15.397533+00:00,63.6,25,bid,,,6022783
2026-07-16T05:05:15.539377,2026-07-16T05:05:15.544749+00:00,63.5,50,ask,,,6022785
2026-07-16T05:05:15.613338,2026-07-16T05:05:15.618246+00:00,63.6,25,bid,,,6022786
2026-07-16T05:05:15.720366,2026-07-16T05:05:15.723278+00:00,63.6,13,bid,,,6022789
2026-07-16T05:05:15.832711,2026-07-16T05:05:15.839132+00:00,63.6,13,bid,,,6022791
2026-07-16T05:05:17.353225,2026-07-16T05:05:17.363528+00:00,63.7,25,bid,,,6022813
2026-07-16T05:05:17.353225,2026-07-16T05:05:17.363528+00:00,63.8,20,bid,,,6022814
2026-07-16T05:05:17.353225,2026-07-16T05:05:17.363528+00:00,63.8,2,bid,,,6022815
2026-07-16T05:05:17.647264,2026-07-16T05:05:17.657633+00:00,63.6,50,ask,,,6022819
2026-07-16T05:05:19.772336,2026-07-16T05:05:19.784100+00:00,63.6,10,ask,,,6022856
2026-07-16T05:05:19.772336,2026-07-16T05:05:19.784100+00:00,63.6,40,ask,,,6022857
2026-07-16T05:05:20.047812,2026-07-16T05:05:20.059218+00:00,63.6,10,ask,,,6022861
2026-07-16T05:05:20.047812,2026-07-16T05:05:20.059218+00:00,63.6,36,ask,,,6022862
2026-07-16T05:05:20.845614,2026-07-16T05:05:20.850744+00:00,63.6,12,ask,,,6022879
2026-07-16T05:05:21.891392,2026-07-16T05:05:21.900198+00:00,63.6,25,ask,,,6022890
2026-07-16T05:05:21.891392,2026-07-16T05:05:21.900198+00:00,63.5,25,ask,,,6022891
2026-07-16T05:05:22.808877,2026-07-16T05:05:22.817721+00:00,63.7,47,bid,,,6022899
2026-07-16T05:05:23.125749,2026-07-16T05:05:23.134085+00:00,63.7,12,bid,,,6022905
2026-07-16T05:05:23.125749,2026-07-16T05:05:23.134085+00:00,63.7,26,bid,,,6022906
2026-07-16T05:05:23.126302,2026-07-16T05:05:23.144761+00:00,63.7,24,bid,,,6022907
2026-07-16T05:05:23.534579,2026-07-16T05:05:23.539932+00:00,63.7,5,ask,,,6022917
2026-07-16T05:05:24.010851,2026-07-16T05:05:24.012825+00:00,63.7,12,ask,,,6022926
2026-07-16T05:05:24.010851,2026-07-16T05:05:24.023307+00:00,63.7,38,ask,,,6022927
2026-07-16T05:05:24.465613,2026-07-16T05:05:24.472346+00:00,63.7,3,ask,,,6022937
2026-07-16T05:05:24.492809,2026-07-16T05:05:24.504147+00:00,63.7,45,ask,,,6022939
2026-07-16T05:05:24.492809,2026-07-16T05:05:24.504147+00:00,63.7,10,ask,,,6022940
2026-07-16T05:05:24.492809,2026-07-16T05:05:24.504147+00:00,63.7,25,ask,,,6022941
2026-07-16T05:05:24.492809,2026-07-16T05:05:24.504147+00:00,63.7,20,ask,,,6022942
2026-07-16T05:05:24.507031,2026-07-16T05:05:24.514624+00:00,63.7,30,ask,,,6022943
2026-07-16T05:05:24.507031,2026-07-16T05:05:24.514624+00:00,63.7,20,ask,,,6022944
2026-07-16T05:05:24.606971,2026-07-16T05:05:24.630539+00:00,63.6,4,ask,,,6022949
2026-07-16T05:05:24.606971,2026-07-16T05:05:24.630539+00:00,63.6,41,ask,,,6022950
2026-07-16T05:05:24.643168,2026-07-16T05:05:24.651650+00:00,63.6,25,ask,,,6022951
2026-07-16T05:05:24.832073,2026-07-16T05:05:24.838184+00:00,63.7,3,bid,,,6022955
2026-07-16T05:05:25.027290,2026-07-16T05:05:25.038718+00:00,63.6,20,ask,,,6022960
2026-07-16T05:05:25.027290,2026-07-16T05:05:25.038718+00:00,63.6,18,ask,,,6022961
2026-07-16T05:05:25.027290,2026-07-16T05:05:25.038718+00:00,63.5,7,ask,,,6022962
2026-07-16T05:05:25.068457,2026-07-16T05:05:25.070355+00:00,63.6,7,bid,,,6022963
2026-07-16T05:05:25.100158,2026-07-16T05:05:25.102180+00:00,63.6,10,bid,,,6022965
2026-07-16T05:05:26.070030,2026-07-16T05:05:26.077147+00:00,63.7,50,bid,,,6022979
2026-07-16T05:05:26.408786,2026-07-16T05:05:26.430205+00:00,63.5,47,ask,,,6022982
2026-07-16T05:05:28.217933,2026-07-16T05:05:28.233224+00:00,63.6,50,bid,,,6023024
2026-07-16T05:05:28.462774,2026-07-16T05:05:28.475086+00:00,63.6,38,bid,,,6023025
2026-07-16T05:05:28.489263,2026-07-16T05:05:28.496243+00:00,63.6,12,bid,,,6023027
2026-07-16T05:05:28.489263,2026-07-16T05:05:28.496243+00:00,63.6,61,bid,,,6023028
2026-07-16T05:05:28.489263,2026-07-16T05:05:28.496243+00:00,63.6,15,bid,,,6023029
2026-07-16T05:05:28.489263,2026-07-16T05:05:28.506872+00:00,63.6,12,bid,,,6023030
2026-07-16T05:05:28.507613,2026-07-16T05:05:28.517485+00:00,63.6,38,bid,,,6023031
2026-07-16T05:05:28.533773,2026-07-16T05:05:28.538515+00:00,63.7,4,bid,,,6023034
2026-07-16T05:05:28.533773,2026-07-16T05:05:28.538515+00:00,63.7,34,bid,,,6023035
2026-07-16T05:05:28.560179,2026-07-16T05:05:28.570099+00:00,63.7,15,bid,,,6023036
2026-07-16T05:05:28.918844,2026-07-16T05:05:28.929813+00:00,63.7,21,bid,,,6023044
2026-07-16T05:05:28.918844,2026-07-16T05:05:28.929813+00:00,63.8,25,bid,,,6023045
2026-07-16T05:05:29.430844,2026-07-16T05:05:29.440972+00:00,63.6,10,ask,,,6023049
2026-07-16T05:05:29.430844,2026-07-16T05:05:29.440972+00:00,63.6,33,ask,,,6023050
2026-07-16T05:05:30.040192,2026-07-16T05:05:30.052752+00:00,63.6,26,ask,,,6023058
2026-07-16T05:05:30.040192,2026-07-16T05:05:30.063341+00:00,63.6,12,ask,,,6023059
2026-07-16T05:05:30.121151,2026-07-16T05:05:30.127057+00:00,63.6,25,ask,,,6023065
2026-07-16T05:05:30.134500,2026-07-16T05:05:30.137762+00:00,63.6,2,ask,,,6023066
2026-07-16T05:05:30.332671,2026-07-16T05:05:30.337980+00:00,63.7,20,bid,,,6023072
2026-07-16T05:05:30.332671,2026-07-16T05:05:30.337980+00:00,63.7,14,bid,,,6023073
2026-07-16T05:05:30.332671,2026-07-16T05:05:30.348499+00:00,63.7,10,bid,,,6023074
2026-07-16T05:05:30.332671,2026-07-16T05:05:30.348499+00:00,63.7,6,bid,,,6023075
2026-07-16T05:05:30.345066,2026-07-16T05:05:30.348499+00:00,63.6,25,ask,,,6023076
2026-07-16T05:05:30.515400,2026-07-16T05:05:30.527149+00:00,63.7,44,bid,,,6023078
2026-07-16T05:05:30.515400,2026-07-16T05:05:30.527149+00:00,63.8,2,bid,,,6023079
2026-07-16T05:05:30.565233,2026-07-16T05:05:30.569184+00:00,63.6,25,ask,,,6023081
2026-07-16T05:05:31.332843,2026-07-16T05:05:31.359666+00:00,63.6,1,ask,,,6023093
2026-07-16T05:05:31.453344,2026-07-16T05:05:31.465960+00:00,63.6,16,ask,,,6023096
2026-07-16T05:05:31.454127,2026-07-16T05:05:31.476520+00:00,63.6,25,ask,,,6023098
2026-07-16T05:05:32.458790,2026-07-16T05:05:32.463209+00:00,63.7,10,bid,,,6023115
2026-07-16T05:05:32.458790,2026-07-16T05:05:32.473696+00:00,63.7,40,bid,,,6023116
2026-07-16T05:05:32.603165,2026-07-16T05:05:32.610630+00:00,63.6,8,ask,,,6023120
2026-07-16T05:05:32.928373,2026-07-16T05:05:32.937320+00:00,63.6,26,ask,,,6023127
2026-07-16T05:05:32.928373,2026-07-16T05:05:32.937320+00:00,63.6,20,ask,,,6023128
2026-07-16T05:05:32.928373,2026-07-16T05:05:32.937320+00:00,63.6,14,ask,,,6023129
2026-07-16T05:05:32.928373,2026-07-16T05:05:32.947807+00:00,63.6,40,ask,,,6023130
2026-07-16T05:05:33.123600,2026-07-16T05:05:33.126741+00:00,63.6,1,ask,,,6023136
2026-07-16T05:05:34.570945,2026-07-16T05:05:34.579170+00:00,63.7,50,bid,,,6023155
2026-07-16T05:05:35.062149,2026-07-16T05:05:35.074501+00:00,63.7,13,bid,,,6023162
2026-07-16T05:05:35.062149,2026-07-16T05:05:35.074501+00:00,63.7,20,bid,,,6023163
2026-07-16T05:05:35.062149,2026-07-16T05:05:35.074501+00:00,63.7,10,bid,,,6023164
2026-07-16T05:05:35.062149,2026-07-16T05:05:35.074501+00:00,63.7,5,bid,,,6023165
2026-07-16T05:05:36.684407,2026-07-16T05:05:36.697760+00:00,63.7,50,bid,,,6023199
2026-07-16T05:05:37.622669,2026-07-16T05:05:37.625512+00:00,63.8,4,bid,,,6023208
2026-07-16T05:05:38.791678,2026-07-16T05:05:38.802871+00:00,63.9,50,bid,,,6023220
2026-07-16T05:05:40.943057,2026-07-16T05:05:40.948476+00:00,63.9,11,bid,,,6023253
2026-07-16T05:05:40.943057,2026-07-16T05:05:40.958957+00:00,63.9,25,bid,,,6023254
2026-07-16T05:05:40.943057,2026-07-16T05:05:40.958957+00:00,64.1,14,bid,,,6023255
2026-07-16T05:05:41.071437,2026-07-16T05:05:41.075061+00:00,63.9,25,bid,,,6023258
2026-07-16T05:05:41.084009,2026-07-16T05:05:41.096202+00:00,63.9,38,ask,,,6023259
2026-07-16T05:05:41.090874,2026-07-16T05:05:41.096202+00:00,63.9,42,ask,,,6023260
2026-07-16T05:05:41.102367,2026-07-16T05:05:41.106927+00:00,63.9,10,ask,,,6023261
2026-07-16T05:05:41.112149,2026-07-16T05:05:41.128361+00:00,63.9,35,ask,,,6023263
2026-07-16T05:05:41.173909,2026-07-16T05:05:41.181075+00:00,63.8,65,ask,,,6023270
2026-07-16T05:05:41.183965,2026-07-16T05:05:41.191652+00:00,63.8,5,ask,,,6023271
2026-07-16T05:05:41.208478,2026-07-16T05:05:41.212732+00:00,63.8,30,ask,,,6023273
2026-07-16T05:05:41.208478,2026-07-16T05:05:41.223296+00:00,63.8,15,ask,,,6023274
2026-07-16T05:05:41.997333,2026-07-16T05:05:42.000883+00:00,63.8,20,ask,,,6023286
2026-07-16T05:05:41.997333,2026-07-16T05:05:42.011550+00:00,63.8,50,ask,,,6023287
2026-07-16T05:05:42.425805,2026-07-16T05:05:42.432242+00:00,63.7,20,ask,,,6023293
2026-07-16T05:05:43.122143,2026-07-16T05:05:43.132483+00:00,63.7,50,ask,,,6023303
2026-07-16T05:05:44.296032,2026-07-16T05:05:44.300668+00:00,63.7,45,ask,,,6023309
2026-07-16T05:05:44.685153,2026-07-16T05:05:44.689349+00:00,63.7,42,bid,,,6023311
2026-07-16T05:05:44.714783,2026-07-16T05:05:44.721079+00:00,63.7,10,bid,,,6023312
2026-07-16T05:05:44.938841,2026-07-16T05:05:44.943341+00:00,63.7,28,bid,,,6023317
2026-07-16T05:05:45.178495,2026-07-16T05:05:45.185538+00:00,63.7,25,bid,,,6023322
2026-07-16T05:05:45.234806,2026-07-16T05:05:45.238085+00:00,63.6,50,ask,,,6023323
2026-07-16T05:05:46.106811,2026-07-16T05:05:46.114618+00:00,63.7,2,bid,,,6023332
2026-07-16T05:05:46.106811,2026-07-16T05:05:46.114618+00:00,63.7,23,bid,,,6023333
2026-07-16T05:05:46.331176,2026-07-16T05:05:46.343657+00:00,63.7,25,bid,,,6023341
2026-07-16T05:05:46.553683,2026-07-16T05:05:46.559727+00:00,63.7,2,bid,,,6023347
2026-07-16T05:05:46.553683,2026-07-16T05:05:46.559727+00:00,63.7,23,bid,,,6023348
2026-07-16T05:05:47.352690,2026-07-16T05:05:47.359840+00:00,63.6,10,ask,,,6023360
2026-07-16T05:05:47.352690,2026-07-16T05:05:47.359840+00:00,63.6,40,ask,,,6023361
2026-07-16T05:05:47.417413,2026-07-16T05:05:47.422585+00:00,63.7,25,bid,,,6023363
2026-07-16T05:05:47.417413,2026-07-16T05:05:47.433044+00:00,63.8,43,bid,,,6023364
2026-07-16T05:05:47.438260,2026-07-16T05:05:47.443687+00:00,63.8,42,ask,,,6023366
2026-07-16T05:05:47.454340,2026-07-16T05:05:47.464842+00:00,63.8,40,ask,,,6023367
2026-07-16T05:05:47.759445,2026-07-16T05:05:47.770532+00:00,63.6,1,ask,,,6023371
2026-07-16T05:05:47.759445,2026-07-16T05:05:47.770532+00:00,63.6,44,ask,,,6023372
2026-07-16T05:05:47.870849,2026-07-16T05:05:47.874881+00:00,63.6,1,ask,,,6023374
2026-07-16T05:05:47.997521,2026-07-16T05:05:48.000673+00:00,63.6,2,ask,,,6023375
2026-07-16T05:05:49.039491,2026-07-16T05:05:49.042018+00:00,63.6,8,ask,,,6023390
2026-07-16T05:05:49.488256,2026-07-16T05:05:49.494014+00:00,63.6,50,ask,,,6023395
2026-07-16T05:05:51.434363,2026-07-16T05:05:51.438047+00:00,63.7,40,bid,,,6023418
2026-07-16T05:05:51.434363,2026-07-16T05:05:51.448846+00:00,63.7,2,bid,,,6023419
2026-07-16T05:05:51.553316,2026-07-16T05:05:51.564605+00:00,63.7,18,bid,,,6023421
2026-07-16T05:05:51.553316,2026-07-16T05:05:51.564605+00:00,63.7,32,bid,,,6023422
2026-07-16T05:05:52.651232,2026-07-16T05:05:52.658229+00:00,63.7,30,bid,,,6023437
2026-07-16T05:05:52.651685,2026-07-16T05:05:52.668833+00:00,63.7,3,bid,,,6023439
2026-07-16T05:05:52.671660,2026-07-16T05:05:52.689938+00:00,63.7,61,bid,,,6023441
2026-07-16T05:05:52.696999,2026-07-16T05:05:52.711038+00:00,63.7,24,bid,,,6023444
2026-07-16T05:05:52.696999,2026-07-16T05:05:52.711038+00:00,63.7,25,bid,,,6023445
2026-07-16T05:05:52.696999,2026-07-16T05:05:52.711038+00:00,63.7,50,bid,,,6023446
2026-07-16T05:05:52.722197,2026-07-16T05:05:52.732105+00:00,63.8,1,bid,,,6023447
2026-07-16T05:05:52.746353,2026-07-16T05:05:52.753233+00:00,63.8,99,bid,,,6023450
2026-07-16T05:05:52.746353,2026-07-16T05:05:52.753233+00:00,63.8,1,bid,,,6023451
2026-07-16T05:05:52.842148,2026-07-16T05:05:52.848302+00:00,63.8,14,bid,,,6023453
2026-07-16T05:05:53.220079,2026-07-16T05:05:53.225969+00:00,63.7,3,ask,,,6023457
2026-07-16T05:05:53.253281,2026-07-16T05:05:53.257768+00:00,63.7,4,ask,,,6023458
2026-07-16T05:05:53.731074,2026-07-16T05:05:53.742733+00:00,63.6,18,ask,,,6023466
2026-07-16T05:05:53.731074,2026-07-16T05:05:53.742733+00:00,63.6,32,ask,,,6023467
2026-07-16T05:05:53.802094,2026-07-16T05:05:53.805730+00:00,63.8,30,bid,,,6023469
2026-07-16T05:05:53.802094,2026-07-16T05:05:53.816237+00:00,63.8,50,bid,,,6023470
2026-07-16T05:05:53.802094,2026-07-16T05:05:53.816237+00:00,63.8,24,bid,,,6023471
2026-07-16T05:05:53.802094,2026-07-16T05:05:53.816237+00:00,63.8,25,bid,,,6023472
2026-07-16T05:05:53.802094,2026-07-16T05:05:53.816237+00:00,63.9,21,bid,,,6023473
2026-07-16T05:05:55.844776,2026-07-16T05:05:55.855814+00:00,63.7,10,ask,,,6023498
2026-07-16T05:05:55.844776,2026-07-16T05:05:55.855814+00:00,63.7,25,ask,,,6023499
2026-07-16T05:05:55.844776,2026-07-16T05:05:55.855814+00:00,63.6,15,ask,,,6023500
2026-07-16T05:05:56.075745,2026-07-16T05:05:56.080705+00:00,63.8,10,bid,,,6023505
2026-07-16T05:05:56.075745,2026-07-16T05:05:56.091321+00:00,63.8,18,bid,,,6023506
2026-07-16T05:05:56.075745,2026-07-16T05:05:56.091321+00:00,63.8,14,bid,,,6023507
2026-07-16T05:05:56.933370,2026-07-16T05:05:56.945198+00:00,63.9,1,bid,,,6023527
2026-07-16T05:05:57.223753,2026-07-16T05:05:57.231248+00:00,63.9,10,bid,,,6023531
2026-07-16T05:05:57.945345,2026-07-16T05:05:57.959133+00:00,63.9,10,ask,,,6023539
2026-07-16T05:05:57.945345,2026-07-16T05:05:57.959133+00:00,63.9,51,ask,,,6023540
2026-07-16T05:05:58.053060,2026-07-16T05:05:58.065000+00:00,63.9,10,ask,,,6023541
2026-07-16T05:05:58.612800,2026-07-16T05:05:58.624325+00:00,63.9,25,ask,,,6023551
2026-07-16T05:05:59.136569,2026-07-16T05:05:59.143145+00:00,63.8,46,ask,,,6023555
2026-07-16T05:06:00.015200,2026-07-16T05:06:00.021510+00:00,64.0,50,bid,,,6023571
2026-07-16T05:06:00.601785,2026-07-16T05:06:00.608104+00:00,63.9,10,ask,,,6023579
2026-07-16T05:06:00.601785,2026-07-16T05:06:00.608104+00:00,63.9,50,ask,,,6023580
2026-07-16T05:06:00.601785,2026-07-16T05:06:00.618873+00:00,63.9,20,ask,,,6023581
2026-07-16T05:06:00.653731,2026-07-16T05:06:00.661379+00:00,63.8,10,ask,,,6023588
2026-07-16T05:06:00.669559,2026-07-16T05:06:00.682782+00:00,63.8,4,ask,,,6023590
2026-07-16T05:06:00.676286,2026-07-16T05:06:00.682782+00:00,63.7,4,ask,,,6023591
2026-07-16T05:06:00.691451,2026-07-16T05:06:00.703899+00:00,63.8,25,ask,,,6023592
2026-07-16T05:06:00.691451,2026-07-16T05:06:00.703899+00:00,63.7,70,ask,,,6023593
2026-07-16T05:06:00.786060,2026-07-16T05:06:00.793830+00:00,63.9,10,bid,,,6023598
2026-07-16T05:06:01.245063,2026-07-16T05:06:01.249356+00:00,63.9,20,bid,,,6023603
2026-07-16T05:06:01.245063,2026-07-16T05:06:01.259862+00:00,63.9,29,bid,,,6023604
2026-07-16T05:06:01.271132,2026-07-16T05:06:01.278203+00:00,63.9,3,bid,,,6023605
2026-07-16T05:06:01.719989,2026-07-16T05:06:01.731398+00:00,63.8,1,ask,,,6023608
2026-07-16T05:06:02.191394,2026-07-16T05:06:02.205519+00:00,63.7,50,ask,,,6023611
2026-07-16T05:06:02.855935,2026-07-16T05:06:02.867550+00:00,63.7,40,ask,,,6023620
2026-07-16T05:06:03.542279,2026-07-16T05:06:03.565578+00:00,63.7,30,ask,,,6023629
2026-07-16T05:06:03.542279,2026-07-16T05:06:03.565578+00:00,63.7,10,ask,,,6023630
2026-07-16T05:06:03.542279,2026-07-16T05:06:03.565578+00:00,63.7,1,ask,,,6023631
2026-07-16T05:06:03.542279,2026-07-16T05:06:03.630931+00:00,63.7,3,ask,,,6023632
2026-07-16T05:06:03.542279,2026-07-16T05:06:03.630931+00:00,63.7,25,ask,,,6023633
2026-07-16T05:06:03.542279,2026-07-16T05:06:03.630931+00:00,63.6,4,ask,,,6023634
2026-07-16T05:06:03.567187,2026-07-16T05:06:03.630931+00:00,63.6,1,bid,,,6023635
2026-07-16T05:06:03.614584,2026-07-16T05:06:03.630931+00:00,63.6,25,bid,,,6023638
2026-07-16T05:06:03.624323,2026-07-16T05:06:03.630931+00:00,63.6,3,bid,,,6023639
2026-07-16T05:06:03.624698,2026-07-16T05:06:03.641838+00:00,63.6,48,bid,,,6023640
2026-07-16T05:06:03.673226,2026-07-16T05:06:03.684368+00:00,63.9,50,bid,,,6023644
2026-07-16T05:06:03.673226,2026-07-16T05:06:03.684368+00:00,63.9,26,bid,,,6023645
2026-07-16T05:06:04.306673,2026-07-16T05:06:04.314995+00:00,63.7,50,ask,,,6023655
2026-07-16T05:06:05.500528,2026-07-16T05:06:05.509068+00:00,63.8,1,bid,,,6023673
2026-07-16T05:06:05.500528,2026-07-16T05:06:05.509068+00:00,63.8,1,bid,,,6023674
2026-07-16T05:06:05.523223,2026-07-16T05:06:05.529081+00:00,63.7,3,ask,,,6023677
2026-07-16T05:06:05.875257,2026-07-16T05:06:05.887596+00:00,63.8,49,bid,,,6023684
2026-07-16T05:06:05.976923,2026-07-16T05:06:05.982207+00:00,63.6,3,ask,,,6023688
2026-07-16T05:06:06.446697,2026-07-16T05:06:06.450725+00:00,63.6,50,ask,,,6023699
2026-07-16T05:06:08.557938,2026-07-16T05:06:08.570115+00:00,63.6,50,ask,,,6023731
2026-07-16T05:06:10.653989,2026-07-16T05:06:10.672077+00:00,63.6,10,ask,,,6023762
2026-07-16T05:06:10.653989,2026-07-16T05:06:10.672077+00:00,63.6,10,ask,,,6023763
2026-07-16T05:06:10.653989,2026-07-16T05:06:10.672077+00:00,63.6,25,ask,,,6023764
2026-07-16T05:06:10.653989,2026-07-16T05:06:10.672077+00:00,63.5,2,ask,,,6023765
2026-07-16T05:06:10.713063,2026-07-16T05:06:10.725224+00:00,63.5,50,ask,,,6023767
2026-07-16T05:06:11.553931,2026-07-16T05:06:11.557246+00:00,63.5,48,ask,,,6023785
2026-07-16T05:06:11.684214,2026-07-16T05:06:11.694402+00:00,63.5,12,ask,,,6023787
2026-07-16T05:06:11.691896,2026-07-16T05:06:11.694402+00:00,63.5,2,ask,,,6023788
2026-07-16T05:06:11.873852,2026-07-16T05:06:11.884214+00:00,63.5,25,ask,,,6023796
2026-07-16T05:06:12.093034,2026-07-16T05:06:12.105330+00:00,63.6,4,bid,,,6023799
2026-07-16T05:06:12.117153,2026-07-16T05:06:12.126447+00:00,63.6,16,bid,,,6023801
2026-07-16T05:06:12.117153,2026-07-16T05:06:12.126447+00:00,63.6,4,bid,,,6023802
2026-07-16T05:06:12.133001,2026-07-16T05:06:12.147547+00:00,63.6,6,bid,,,6023803
2026-07-16T05:06:12.133001,2026-07-16T05:06:12.147547+00:00,63.6,42,bid,,,6023804
2026-07-16T05:06:12.142972,2026-07-16T05:06:12.147547+00:00,63.6,8,bid,,,6023805
2026-07-16T05:06:12.166539,2026-07-16T05:06:12.168741+00:00,63.7,40,bid,,,6023808
2026-07-16T05:06:12.568233,2026-07-16T05:06:12.577992+00:00,63.6,25,ask,,,6023813
2026-07-16T05:06:12.568233,2026-07-16T05:06:12.577992+00:00,63.5,13,ask,,,6023814
2026-07-16T05:06:12.568233,2026-07-16T05:06:12.577992+00:00,63.5,11,ask,,,6023815
2026-07-16T05:06:12.648000,2026-07-16T05:06:12.651339+00:00,63.7,30,bid,,,6023816
2026-07-16T05:06:12.648000,2026-07-16T05:06:12.661874+00:00,63.7,33,bid,,,6023817
2026-07-16T05:06:12.654833,2026-07-16T05:06:12.661874+00:00,63.7,32,bid,,,6023818
2026-07-16T05:06:12.688315,2026-07-16T05:06:12.693428+00:00,63.8,51,bid,,,6023821
2026-07-16T05:06:12.739559,2026-07-16T05:06:12.746383+00:00,63.8,2,bid,,,6023825
2026-07-16T05:06:12.780011,2026-07-16T05:06:12.788587+00:00,63.8,47,bid,,,6023827
2026-07-16T05:06:12.780011,2026-07-16T05:06:12.788587+00:00,63.9,3,bid,,,6023828
2026-07-16T05:06:12.919482,2026-07-16T05:06:12.924747+00:00,63.8,1,bid,,,6023830
2026-07-16T05:06:13.095256,2026-07-16T05:06:13.103489+00:00,63.8,44,bid,,,6023832
2026-07-16T05:06:13.122637,2026-07-16T05:06:13.134953+00:00,63.7,20,ask,,,6023833
2026-07-16T05:06:13.122637,2026-07-16T05:06:13.134953+00:00,63.6,20,ask,,,6023834
2026-07-16T05:06:13.122637,2026-07-16T05:06:13.134953+00:00,63.6,4,ask,,,6023835
2026-07-16T05:06:13.122637,2026-07-16T05:06:13.134953+00:00,63.6,15,ask,,,6023836
2026-07-16T05:06:13.160949,2026-07-16T05:06:13.166548+00:00,63.5,10,bid,,,6023837
2026-07-16T05:06:13.161434,2026-07-16T05:06:13.177074+00:00,63.5,42,bid,,,6023838
2026-07-16T05:06:13.177215,2026-07-16T05:06:13.187787+00:00,63.5,39,bid,,,6023839
2026-07-16T05:06:13.206691,2026-07-16T05:06:13.219442+00:00,63.8,5,bid,,,6023843
2026-07-16T05:06:13.206691,2026-07-16T05:06:13.219442+00:00,63.8,25,bid,,,6023844
2026-07-16T05:06:14,2026-07-16T05:06:14.008249+00:00,63.7,10,ask,,,6023857
2026-07-16T05:06:14,2026-07-16T05:06:14.008249+00:00,63.7,10,ask,,,6023858
2026-07-16T05:06:14,2026-07-16T05:06:14.008249+00:00,63.7,80,ask,,,6023859
2026-07-16T05:06:14.941722,2026-07-16T05:06:14.946554+00:00,63.7,50,ask,,,6023882
2026-07-16T05:06:15.264234,2026-07-16T05:06:15.272548+00:00,63.8,10,bid,,,6023888
2026-07-16T05:06:15.264234,2026-07-16T05:06:15.272548+00:00,63.8,10,bid,,,6023889
2026-07-16T05:06:15.271208,2026-07-16T05:06:15.283231+00:00,63.8,15,bid,,,6023890
2026-07-16T05:06:15.293850,2026-07-16T05:06:15.304562+00:00,63.7,44,ask,,,6023893
2026-07-16T05:06:15.338785,2026-07-16T05:06:15.347114+00:00,63.8,25,bid,,,6023896
2026-07-16T05:06:20.624470,2026-07-16T05:06:20.641601+00:00,63.9,1,bid,,,6023964
2026-07-16T05:06:20.750250,2026-07-16T05:06:20.758525+00:00,63.8,7,bid,,,6023966
2026-07-16T05:06:21.270556,2026-07-16T05:06:21.281200+00:00,63.8,10,ask,,,6023971
2026-07-16T05:06:21.270556,2026-07-16T05:06:21.281200+00:00,63.8,25,ask,,,6023972
2026-07-16T05:06:21.270556,2026-07-16T05:06:21.281200+00:00,63.7,15,ask,,,6023973
2026-07-16T05:06:21.745440,2026-07-16T05:06:21.757416+00:00,63.9,27,bid,,,6023978
2026-07-16T05:06:21.745440,2026-07-16T05:06:21.757416+00:00,63.9,16,bid,,,6023979
2026-07-16T05:06:21.991750,2026-07-16T05:06:22.001494+00:00,63.8,25,ask,,,6023993
2026-07-16T05:06:22.293583,2026-07-16T05:06:22.297812+00:00,63.8,25,bid,,,6024005
2026-07-16T05:06:23.067499,2026-07-16T05:06:23.075380+00:00,63.8,2,bid,,,6024014
2026-07-16T05:06:23.297412,2026-07-16T05:06:23.307616+00:00,63.8,15,bid,,,6024020
2026-07-16T05:06:23.297412,2026-07-16T05:06:23.307616+00:00,63.8,16,bid,,,6024021
2026-07-16T05:06:23.372224,2026-07-16T05:06:23.382359+00:00,63.8,7,bid,,,6024024
2026-07-16T05:06:23.416406,2026-07-16T05:06:23.424799+00:00,63.9,12,bid,,,6024029
2026-07-16T05:06:24.001357,2026-07-16T05:06:24.007421+00:00,63.9,37,bid,,,6024037
2026-07-16T05:06:24.001357,2026-07-16T05:06:24.007421+00:00,64.0,1,bid,,,6024038
2026-07-16T05:06:24.001357,2026-07-16T05:06:24.017961+00:00,64.0,7,bid,,,6024039
2026-07-16T05:06:24.061251,2026-07-16T05:06:24.065657+00:00,63.8,10,ask,,,6024043
2026-07-16T05:06:24.061251,2026-07-16T05:06:24.065657+00:00,63.8,30,ask,,,6024044
2026-07-16T05:06:25.487551,2026-07-16T05:06:25.499282+00:00,63.9,28,bid,,,6024066
2026-07-16T05:06:25.487551,2026-07-16T05:06:25.499282+00:00,63.9,22,bid,,,6024067
2026-07-16T05:06:26.259084,2026-07-16T05:06:26.266245+00:00,63.9,13,bid,,,6024079
2026-07-16T05:06:26.418118,2026-07-16T05:06:26.424997+00:00,63.9,23,bid,,,6024082
2026-07-16T05:06:26.462416,2026-07-16T05:06:26.477633+00:00,63.9,7,bid,,,6024084
2026-07-16T05:06:26.484580,2026-07-16T05:06:26.488308+00:00,64.1,10,bid,,,6024087
2026-07-16T05:06:27.140566,2026-07-16T05:06:27.152225+00:00,64.0,1,bid,,,6024098
2026-07-16T05:06:27.165229,2026-07-16T05:06:27.173239+00:00,64.0,8,bid,,,6024099
2026-07-16T05:06:29.729010,2026-07-16T05:06:29.739932+00:00,64.2,25,bid,,,6024128
2026-07-16T05:06:29.729010,2026-07-16T05:06:29.739932+00:00,64.3,25,bid,,,6024129
2026-07-16T05:06:31.845583,2026-07-16T05:06:31.854965+00:00,64.3,25,bid,,,6024160
2026-07-16T05:06:31.845583,2026-07-16T05:06:31.854965+00:00,64.4,25,bid,,,6024161
2026-07-16T05:06:33.958926,2026-07-16T05:06:33.967020+00:00,64.3,50,bid,,,6024190
2026-07-16T05:06:35.272722,2026-07-16T05:06:35.279611+00:00,64.2,25,ask,,,6024203
2026-07-16T05:06:36.085384,2026-07-16T05:06:36.103896+00:00,64.3,13,bid,,,6024219
2026-07-16T05:06:36.085384,2026-07-16T05:06:36.103896+00:00,64.3,20,bid,,,6024220
2026-07-16T05:06:36.085384,2026-07-16T05:06:36.103896+00:00,64.3,17,bid,,,6024221
2026-07-16T05:06:36.682344,2026-07-16T05:06:36.693911+00:00,64.2,23,ask,,,6024235
2026-07-16T05:06:36.682344,2026-07-16T05:06:36.693911+00:00,64.2,15,ask,,,6024236
2026-07-16T05:06:36.931841,2026-07-16T05:06:36.935855+00:00,64.2,37,ask,,,6024240
2026-07-16T05:06:36.931841,2026-07-16T05:06:36.946406+00:00,64.2,2,ask,,,6024241
2026-07-16T05:06:38.038100,2026-07-16T05:06:38.042386+00:00,64.2,25,ask,,,6024253
2026-07-16T05:06:38.204476,2026-07-16T05:06:38.210533+00:00,64.3,9,bid,,,6024254
2026-07-16T05:06:38.204476,2026-07-16T05:06:38.210533+00:00,64.3,10,bid,,,6024255
2026-07-16T05:06:38.204476,2026-07-16T05:06:38.221040+00:00,64.3,31,bid,,,6024256
2026-07-16T05:06:38.949708,2026-07-16T05:06:38.959324+00:00,64.2,40,ask,,,6024270
2026-07-16T05:06:38.949708,2026-07-16T05:06:38.959324+00:00,64.2,4,ask,,,6024271
2026-07-16T05:06:39.344148,2026-07-16T05:06:39.349663+00:00,64.2,2,ask,,,6024280
2026-07-16T05:06:40.327607,2026-07-16T05:06:40.332191+00:00,64.3,50,bid,,,6024298
2026-07-16T05:06:40.600263,2026-07-16T05:06:40.604865+00:00,64.2,33,ask,,,6024307
2026-07-16T05:06:40.609373,2026-07-16T05:06:40.615524+00:00,64.2,16,ask,,,6024308
2026-07-16T05:06:40.609373,2026-07-16T05:06:40.615524+00:00,64.2,26,ask,,,6024309
2026-07-16T05:06:40.623892,2026-07-16T05:06:40.626076+00:00,64.2,24,ask,,,6024311
2026-07-16T05:06:40.623892,2026-07-16T05:06:40.636604+00:00,64.2,20,ask,,,6024312
2026-07-16T05:06:40.623892,2026-07-16T05:06:40.636604+00:00,64.2,25,ask,,,6024313
2026-07-16T05:06:40.667543,2026-07-16T05:06:40.678768+00:00,64.1,1,ask,,,6024316
2026-07-16T05:06:40.667543,2026-07-16T05:06:40.678768+00:00,64.1,30,ask,,,6024317
2026-07-16T05:06:40.702357,2026-07-16T05:06:40.710487+00:00,64.1,1,ask,,,6024320
2026-07-16T05:06:40.713639,2026-07-16T05:06:40.721022+00:00,64.1,39,ask,,,6024321
2026-07-16T05:06:40.713639,2026-07-16T05:06:40.721022+00:00,64.1,4,ask,,,6024322
2026-07-16T05:06:41.938456,2026-07-16T05:06:41.952537+00:00,64.2,10,bid,,,6024340
2026-07-16T05:06:41.945788,2026-07-16T05:06:41.952537+00:00,64.2,27,bid,,,6024341
2026-07-16T05:06:41.961382,2026-07-16T05:06:41.973725+00:00,64.2,13,bid,,,6024344
2026-07-16T05:06:41.975358,2026-07-16T05:06:41.984270+00:00,64.3,33,bid,,,6024346
2026-07-16T05:06:41.994502,2026-07-16T05:06:42.005494+00:00,64.3,10,bid,,,6024348
2026-07-16T05:06:42.009523,2026-07-16T05:06:42.016106+00:00,64.3,27,bid,,,6024349
2026-07-16T05:06:42.009523,2026-07-16T05:06:42.016106+00:00,64.3,25,bid,,,6024350
2026-07-16T05:06:42.181395,2026-07-16T05:06:42.185798+00:00,64.3,27,bid,,,6024359
2026-07-16T05:06:42.437700,2026-07-16T05:06:42.450417+00:00,64.3,10,bid,,,6024366
2026-07-16T05:06:42.437700,2026-07-16T05:06:42.450417+00:00,64.4,21,bid,,,6024367
2026-07-16T05:06:42.437700,2026-07-16T05:06:42.450417+00:00,64.4,10,bid,,,6024368
2026-07-16T05:06:42.437700,2026-07-16T05:06:42.450417+00:00,64.4,9,bid,,,6024369
2026-07-16T05:06:43.252566,2026-07-16T05:06:43.261791+00:00,64.2,20,ask,,,6024390
2026-07-16T05:06:43.252566,2026-07-16T05:06:43.261791+00:00,64.2,25,ask,,,6024391
2026-07-16T05:06:43.293595,2026-07-16T05:06:43.303866+00:00,64.1,7,ask,,,6024394
2026-07-16T05:06:43.553461,2026-07-16T05:06:43.558862+00:00,64.1,20,ask,,,6024403
2026-07-16T05:06:44.561219,2026-07-16T05:06:44.586590+00:00,64.2,14,bid,,,6024411
2026-07-16T05:06:44.561219,2026-07-16T05:06:44.586590+00:00,64.2,20,bid,,,6024412
2026-07-16T05:06:44.561219,2026-07-16T05:06:44.586590+00:00,64.2,16,bid,,,6024413
2026-07-16T05:06:46.163060,2026-07-16T05:06:46.192692+00:00,64.3,25,bid,,,6024441
2026-07-16T05:06:46.163060,2026-07-16T05:06:46.192692+00:00,64.4,15,bid,,,6024442
2026-07-16T05:06:46.680279,2026-07-16T05:06:46.684879+00:00,64.3,10,bid,,,6024448
2026-07-16T05:06:46.680279,2026-07-16T05:06:46.684879+00:00,64.4,40,bid,,,6024449
2026-07-16T05:06:47.062760,2026-07-16T05:06:47.074590+00:00,64.2,27,ask,,,6024454
2026-07-16T05:06:47.080595,2026-07-16T05:06:47.085100+00:00,64.2,20,ask,,,6024455
2026-07-16T05:06:47.080595,2026-07-16T05:06:47.085100+00:00,64.2,25,ask,,,6024456
2026-07-16T05:06:47.094784,2026-07-16T05:06:47.106120+00:00,64.2,25,ask,,,6024458
2026-07-16T05:06:47.094784,2026-07-16T05:06:47.106120+00:00,64.2,25,ask,,,6024459
2026-07-16T05:06:47.701278,2026-07-16T05:06:47.713972+00:00,64.1,14,ask,,,6024473
2026-07-16T05:06:47.701278,2026-07-16T05:06:47.713972+00:00,64.1,25,ask,,,6024474
2026-07-16T05:06:47.701278,2026-07-16T05:06:47.713972+00:00,64.1,8,ask,,,6024475
2026-07-16T05:06:48.635981,2026-07-16T05:06:48.641305+00:00,64.2,10,bid,,,6024488
2026-07-16T05:06:48.706614,2026-07-16T05:06:48.715559+00:00,64.2,42,bid,,,6024493
2026-07-16T05:06:48.837820,2026-07-16T05:06:48.853245+00:00,64.2,28,bid,,,6024495
2026-07-16T05:06:48.837820,2026-07-16T05:06:48.853245+00:00,64.2,22,bid,,,6024496
2026-07-16T05:06:50.801342,2026-07-16T05:06:50.814508+00:00,64.4,28,bid,,,6024523
2026-07-16T05:06:50.801342,2026-07-16T05:06:50.814508+00:00,64.4,18,bid,,,6024524
2026-07-16T05:06:50.801342,2026-07-16T05:06:50.814508+00:00,64.4,3,bid,,,6024525
2026-07-16T05:06:52.298595,2026-07-16T05:06:52.301112+00:00,64.4,20,bid,,,6024544
2026-07-16T05:06:52.298595,2026-07-16T05:06:52.311731+00:00,64.4,23,bid,,,6024545
2026-07-16T05:06:52.356796,2026-07-16T05:06:52.364749+00:00,64.3,24,ask,,,6024547
2026-07-16T05:06:52.356796,2026-07-16T05:06:52.364749+00:00,64.3,19,ask,,,6024548
2026-07-16T05:06:53.465814,2026-07-16T05:06:53.471624+00:00,64.5,25,bid,,,6024564
2026-07-16T05:06:53.465814,2026-07-16T05:06:53.471624+00:00,64.6,21,bid,,,6024565
2026-07-16T05:06:55.250882,2026-07-16T05:06:55.253492+00:00,64.3,50,ask,,,6024589
2026-07-16T05:06:55.785728,2026-07-16T05:06:55.791230+00:00,64.3,11,ask,,,6024599
2026-07-16T05:06:55.785728,2026-07-16T05:06:55.791230+00:00,64.3,14,ask,,,6024600
2026-07-16T05:06:55.980667,2026-07-16T05:06:55.991685+00:00,64.3,42,ask,,,6024603
2026-07-16T05:06:56.002980,2026-07-16T05:06:56.012854+00:00,64.3,15,ask,,,6024605
2026-07-16T05:06:56.021807,2026-07-16T05:06:56.034085+00:00,64.3,19,ask,,,6024606
2026-07-16T05:06:56.087521,2026-07-16T05:06:56.097618+00:00,64.3,45,ask,,,6024607
2026-07-16T05:06:56.440555,2026-07-16T05:06:56.446996+00:00,64.3,4,ask,,,6024608
2026-07-16T05:06:56.452658,2026-07-16T05:06:56.457637+00:00,64.3,4,ask,,,6024609
2026-07-16T05:06:56.460005,2026-07-16T05:06:56.468192+00:00,64.3,4,ask,,,6024610
2026-07-16T05:06:56.480641,2026-07-16T05:06:56.489223+00:00,64.3,3,ask,,,6024613
2026-07-16T05:06:56.480641,2026-07-16T05:06:56.489223+00:00,64.3,1,ask,,,6024614
2026-07-16T05:06:56.512969,2026-07-16T05:06:56.520748+00:00,64.3,4,ask,,,6024616
2026-07-16T05:06:56.545763,2026-07-16T05:06:56.552307+00:00,64.3,19,ask,,,6024617
2026-07-16T05:06:56.558612,2026-07-16T05:06:56.562825+00:00,64.3,26,ask,,,6024619
2026-07-16T05:06:56.558612,2026-07-16T05:06:56.573347+00:00,64.3,20,ask,,,6024620
2026-07-16T05:06:56.579863,2026-07-16T05:06:56.584061+00:00,64.2,10,ask,,,6024623
2026-07-16T05:06:56.696919,2026-07-16T05:06:56.721885+00:00,64.2,43,ask,,,6024626
2026-07-16T05:06:57.185072,2026-07-16T05:06:57.196668+00:00,64.1,10,ask,,,6024637
2026-07-16T05:06:57.319873,2026-07-16T05:06:57.323097+00:00,64.1,1,ask,,,6024640
2026-07-16T05:06:57.358392,2026-07-16T05:06:57.365172+00:00,64.1,50,ask,,,6024641
2026-07-16T05:06:57.574856,2026-07-16T05:06:57.586512+00:00,64.1,39,ask,,,6024644
2026-07-16T05:06:57.574856,2026-07-16T05:06:57.586512+00:00,64.1,34,ask,,,6024645
2026-07-16T05:06:57.574856,2026-07-16T05:06:57.586512+00:00,64.1,50,ask,,,6024646
2026-07-16T05:06:57.574856,2026-07-16T05:06:57.586512+00:00,64.1,25,ask,,,6024647
2026-07-16T05:06:57.574856,2026-07-16T05:06:57.597132+00:00,64.0,2,ask,,,6024648
2026-07-16T05:06:57.787511,2026-07-16T05:06:57.796547+00:00,64.1,5,ask,,,6024650
2026-07-16T05:06:57.948108,2026-07-16T05:06:57.955386+00:00,64.2,4,bid,,,6024654
2026-07-16T05:06:57.987155,2026-07-16T05:06:57.997378+00:00,64.2,6,bid,,,6024657
2026-07-16T05:06:59.468051,2026-07-16T05:06:59.471224+00:00,64.2,50,ask,,,6024673
2026-07-16T05:06:59.625889,2026-07-16T05:06:59.631591+00:00,64.2,1,ask,,,6024679
2026-07-16T05:07:01.616541,2026-07-16T05:07:01.624755+00:00,64.2,9,ask,,,6024696
2026-07-16T05:07:01.616541,2026-07-16T05:07:01.624755+00:00,64.2,41,ask,,,6024697
2026-07-16T05:07:01.726434,2026-07-16T05:07:01.730081+00:00,64.2,1,ask,,,6024698
2026-07-16T05:07:01.883515,2026-07-16T05:07:01.888362+00:00,64.3,10,bid,,,6024701
2026-07-16T05:07:01.883515,2026-07-16T05:07:01.898909+00:00,64.3,37,bid,,,6024702
2026-07-16T05:07:03.730760,2026-07-16T05:07:03.737198+00:00,64.2,50,ask,,,6024728
2026-07-16T05:07:05.850204,2026-07-16T05:07:05.857124+00:00,64.1,37,ask,,,6024754
2026-07-16T05:07:05.850204,2026-07-16T05:07:05.857124+00:00,64.1,13,ask,,,6024755
2026-07-16T05:07:06.492897,2026-07-16T05:07:06.508943+00:00,64.1,42,ask,,,6024760
2026-07-16T05:07:07.125853,2026-07-16T05:07:07.130373+00:00,64.2,66,bid,,,6024773
2026-07-16T05:07:07.125853,2026-07-16T05:07:07.130373+00:00,64.2,14,bid,,,6024774
2026-07-16T05:07:07.169461,2026-07-16T05:07:07.182944+00:00,64.2,14,bid,,,6024778
2026-07-16T05:07:07.195923,2026-07-16T05:07:07.204016+00:00,64.3,14,bid,,,6024782
2026-07-16T05:07:07.212926,2026-07-16T05:07:07.225321+00:00,64.3,86,bid,,,6024783
2026-07-16T05:07:07.212926,2026-07-16T05:07:07.225321+00:00,64.3,14,bid,,,6024784
2026-07-16T05:07:07.237699,2026-07-16T05:07:07.246376+00:00,64.3,4,bid,,,6024785
2026-07-16T05:07:07.491880,2026-07-16T05:07:07.499853+00:00,64.3,45,bid,,,6024790
2026-07-16T05:07:07.533056,2026-07-16T05:07:07.542917+00:00,64.3,25,bid,,,6024791
2026-07-16T05:07:07.756002,2026-07-16T05:07:07.763990+00:00,64.3,25,bid,,,6024793
2026-07-16T05:07:07.970520,2026-07-16T05:07:07.974270+00:00,64.2,20,ask,,,6024797
2026-07-16T05:07:07.970520,2026-07-16T05:07:07.984785+00:00,64.2,10,ask,,,6024798
2026-07-16T05:07:07.970520,2026-07-16T05:07:07.984785+00:00,64.2,10,ask,,,6024799
2026-07-16T05:07:07.970520,2026-07-16T05:07:07.984785+00:00,64.2,10,ask,,,6024800
2026-07-16T05:07:07.984979,2026-07-16T05:07:07.995319+00:00,64.3,25,bid,,,6024801
2026-07-16T05:07:07.994507,2026-07-16T05:07:08.005827+00:00,64.3,30,bid,,,6024802
2026-07-16T05:07:07.994507,2026-07-16T05:07:08.005827+00:00,64.3,16,bid,,,6024803
2026-07-16T05:07:08.053265,2026-07-16T05:07:08.058456+00:00,64.2,39,ask,,,6024804
2026-07-16T05:07:08.053265,2026-07-16T05:07:08.058456+00:00,64.2,7,ask,,,6024805
2026-07-16T05:07:08.230649,2026-07-16T05:07:08.237842+00:00,64.3,4,bid,,,6024806
2026-07-16T05:07:08.230649,2026-07-16T05:07:08.237842+00:00,64.3,21,bid,,,6024807
2026-07-16T05:07:08.371529,2026-07-16T05:07:08.374360+00:00,64.3,29,bid,,,6024808
2026-07-16T05:07:08.469223,2026-07-16T05:07:08.479958+00:00,64.3,71,ask,,,6024813
2026-07-16T05:07:08.469223,2026-07-16T05:07:08.479958+00:00,64.3,9,ask,,,6024814
2026-07-16T05:07:08.482535,2026-07-16T05:07:08.490586+00:00,64.3,41,ask,,,6024815
2026-07-16T05:07:08.507199,2026-07-16T05:07:08.511739+00:00,64.2,3,ask,,,6024818
2026-07-16T05:07:08.507199,2026-07-16T05:07:08.511739+00:00,64.2,7,ask,,,6024819
2026-07-16T05:07:08.507199,2026-07-16T05:07:08.522287+00:00,64.2,30,ask,,,6024820
2026-07-16T05:07:08.607124,2026-07-16T05:07:08.617590+00:00,64.3,5,bid,,,6024825
2026-07-16T05:07:09.787485,2026-07-16T05:07:09.794609+00:00,64.2,9,bid,,,6024843
2026-07-16T05:07:09.888679,2026-07-16T05:07:09.900024+00:00,64.3,10,bid,,,6024846
2026-07-16T05:07:09.888679,2026-07-16T05:07:09.900024+00:00,64.3,32,bid,,,6024847
2026-07-16T05:07:09.903898,2026-07-16T05:07:09.910573+00:00,64.3,2,bid,,,6024848
2026-07-16T05:07:10.096253,2026-07-16T05:07:10.100077+00:00,64.2,50,ask,,,6024858
2026-07-16T05:07:10.193839,2026-07-16T05:07:10.205760+00:00,64.3,16,bid,,,6024861
2026-07-16T05:07:10.193839,2026-07-16T05:07:10.205760+00:00,64.4,32,bid,,,6024862
2026-07-16T05:07:10.249585,2026-07-16T05:07:10.258630+00:00,64.3,43,bid,,,6024863
2026-07-16T05:07:10.249585,2026-07-16T05:07:10.258630+00:00,64.4,38,bid,,,6024864
2026-07-16T05:07:10.249585,2026-07-16T05:07:10.258630+00:00,64.4,5,bid,,,6024865
2026-07-16T05:07:10.249585,2026-07-16T05:07:10.269097+00:00,64.4,25,bid,,,6024866
2026-07-16T05:07:10.249585,2026-07-16T05:07:10.269097+00:00,64.4,39,bid,,,6024867
2026-07-16T05:07:10.956330,2026-07-16T05:07:10.964212+00:00,64.4,2,bid,,,6024875
2026-07-16T05:07:12.023539,2026-07-16T05:07:12.028878+00:00,64.4,2,bid,,,6024887
2026-07-16T05:07:12.218421,2026-07-16T05:07:12.227796+00:00,64.3,50,ask,,,6024890
2026-07-16T05:07:14.328104,2026-07-16T05:07:14.336479+00:00,64.4,14,ask,,,6024917
2026-07-16T05:07:14.328104,2026-07-16T05:07:14.336479+00:00,64.4,10,ask,,,6024918
2026-07-16T05:07:14.328104,2026-07-16T05:07:14.347205+00:00,64.4,25,ask,,,6024919
2026-07-16T05:07:14.328104,2026-07-16T05:07:14.347205+00:00,64.4,1,ask,,,6024920
2026-07-16T05:07:15.149069,2026-07-16T05:07:15.151096+00:00,64.4,2,ask,,,6024929
2026-07-16T05:07:16.392406,2026-07-16T05:07:16.404225+00:00,64.4,14,bid,,,6024944
2026-07-16T05:07:16.392406,2026-07-16T05:07:16.404225+00:00,64.4,36,bid,,,6024945
2026-07-16T05:07:17.212862,2026-07-16T05:07:17.216434+00:00,64.4,10,ask,,,6024955
2026-07-16T05:07:17.762760,2026-07-16T05:07:17.774379+00:00,64.4,10,ask,,,6024965
2026-07-16T05:07:17.762760,2026-07-16T05:07:17.774379+00:00,64.4,32,ask,,,6024966
2026-07-16T05:07:17.777761,2026-07-16T05:07:17.785077+00:00,64.4,18,ask,,,6024967
2026-07-16T05:07:17.839432,2026-07-16T05:07:17.858919+00:00,64.3,10,ask,,,6024973
2026-07-16T05:07:17.839432,2026-07-16T05:07:17.858919+00:00,64.3,9,ask,,,6024974
2026-07-16T05:07:18.086533,2026-07-16T05:07:18.090775+00:00,64.3,1,ask,,,6024980
2026-07-16T05:07:18.086533,2026-07-16T05:07:18.101537+00:00,64.3,42,ask,,,6024981
2026-07-16T05:07:18.205046,2026-07-16T05:07:18.212730+00:00,64.2,1,ask,,,6024985
2026-07-16T05:07:18.532221,2026-07-16T05:07:18.551492+00:00,64.3,50,bid,,,6024990
2026-07-16T05:07:19.139301,2026-07-16T05:07:19.151609+00:00,64.3,40,bid,,,6024994
2026-07-16T05:07:20.360460,2026-07-16T05:07:20.366601+00:00,64.3,2,ask,,,6025009
2026-07-16T05:07:20.634408,2026-07-16T05:07:20.640119+00:00,64.3,1,ask,,,6025012
2026-07-16T05:07:20.648119,2026-07-16T05:07:20.650685+00:00,64.4,50,bid,,,6025013
2026-07-16T05:07:20.830865,2026-07-16T05:07:20.839436+00:00,64.2,45,ask,,,6025018
2026-07-16T05:07:21.419391,2026-07-16T05:07:21.429419+00:00,64.2,5,ask,,,6025030
2026-07-16T05:07:21.419391,2026-07-16T05:07:21.429419+00:00,64.2,9,ask,,,6025031
2026-07-16T05:07:21.766982,2026-07-16T05:07:21.777815+00:00,64.3,42,bid,,,6025037
2026-07-16T05:07:22.016406,2026-07-16T05:07:22.019332+00:00,64.2,46,ask,,,6025043
2026-07-16T05:07:22.616437,2026-07-16T05:07:22.628627+00:00,64.3,38,bid,,,6025047
2026-07-16T05:07:22.616437,2026-07-16T05:07:22.628627+00:00,64.3,11,bid,,,6025048
2026-07-16T05:07:22.762316,2026-07-16T05:07:22.765245+00:00,64.3,39,bid,,,6025050
2026-07-16T05:07:22.762316,2026-07-16T05:07:22.775711+00:00,64.4,11,bid,,,6025051
2026-07-16T05:07:24.877019,2026-07-16T05:07:24.880877+00:00,64.3,20,bid,,,6025084
2026-07-16T05:07:24.877019,2026-07-16T05:07:24.891413+00:00,64.3,30,bid,,,6025085
2026-07-16T05:07:27.010944,2026-07-16T05:07:27.024723+00:00,64.2,28,bid,,,6025112
2026-07-16T05:07:27.010944,2026-07-16T05:07:27.024723+00:00,64.2,22,bid,,,6025113
2026-07-16T05:07:29.123849,2026-07-16T05:07:29.126214+00:00,64.3,5,bid,,,6025144
2026-07-16T05:07:29.123849,2026-07-16T05:07:29.136789+00:00,64.3,45,bid,,,6025145
2026-07-16T05:07:29.262721,2026-07-16T05:07:29.273719+00:00,64.2,5,ask,,,6025148
2026-07-16T05:07:29.262721,2026-07-16T05:07:29.273719+00:00,64.2,14,ask,,,6025149
2026-07-16T05:07:29.262721,2026-07-16T05:07:29.273719+00:00,64.2,28,ask,,,6025150
2026-07-16T05:07:31.049178,2026-07-16T05:07:31.054329+00:00,64.3,5,bid,,,6025183
2026-07-16T05:07:31.049178,2026-07-16T05:07:31.054329+00:00,64.3,20,bid,,,6025184
2026-07-16T05:07:31.056154,2026-07-16T05:07:31.064829+00:00,64.3,38,bid,,,6025185
2026-07-16T05:07:31.067394,2026-07-16T05:07:31.075365+00:00,64.3,31,bid,,,6025186
2026-07-16T05:07:31.085999,2026-07-16T05:07:31.096601+00:00,64.5,69,bid,,,6025188
2026-07-16T05:07:31.098757,2026-07-16T05:07:31.107119+00:00,64.5,31,bid,,,6025190
2026-07-16T05:07:31.299652,2026-07-16T05:07:31.307528+00:00,64.3,25,ask,,,6025195
2026-07-16T05:07:31.299652,2026-07-16T05:07:31.307528+00:00,64.2,10,ask,,,6025196
2026-07-16T05:07:31.299652,2026-07-16T05:07:31.307528+00:00,64.2,15,ask,,,6025197
2026-07-16T05:07:31.881752,2026-07-16T05:07:31.886883+00:00,64.4,5,bid,,,6025206
2026-07-16T05:07:32.276432,2026-07-16T05:07:32.286907+00:00,64.4,20,bid,,,6025215
2026-07-16T05:07:32.276432,2026-07-16T05:07:32.297483+00:00,64.4,22,bid,,,6025216
2026-07-16T05:07:32.546772,2026-07-16T05:07:32.550508+00:00,64.4,10,bid,,,6025225
2026-07-16T05:07:32.546772,2026-07-16T05:07:32.561035+00:00,64.4,24,bid,,,6025226
2026-07-16T05:07:32.546772,2026-07-16T05:07:32.561035+00:00,64.4,25,bid,,,6025227
2026-07-16T05:07:32.569898,2026-07-16T05:07:32.582160+00:00,64.4,38,ask,,,6025229
2026-07-16T05:07:32.747325,2026-07-16T05:07:32.751069+00:00,64.4,8,ask,,,6025236
2026-07-16T05:07:33.418620,2026-07-16T05:07:33.425417+00:00,64.4,45,ask,,,6025248
2026-07-16T05:07:33.418620,2026-07-16T05:07:33.425417+00:00,64.4,5,ask,,,6025249
2026-07-16T05:07:35.408514,2026-07-16T05:07:35.414457+00:00,64.4,25,ask,,,6025270
2026-07-16T05:07:35.507321,2026-07-16T05:07:35.530742+00:00,64.5,5,bid,,,6025273
2026-07-16T05:07:35.507321,2026-07-16T05:07:35.530742+00:00,64.5,14,bid,,,6025274
2026-07-16T05:07:35.507321,2026-07-16T05:07:35.530742+00:00,64.6,5,bid,,,6025275
2026-07-16T05:07:35.507321,2026-07-16T05:07:35.541347+00:00,64.6,2,bid,,,6025276
2026-07-16T05:07:35.507321,2026-07-16T05:07:35.541347+00:00,64.6,14,bid,,,6025277
2026-07-16T05:07:35.507321,2026-07-16T05:07:35.541347+00:00,64.7,10,bid,,,6025278
2026-07-16T05:07:35.779350,2026-07-16T05:07:35.784131+00:00,64.4,55,ask,,,6025284
2026-07-16T05:07:35.779350,2026-07-16T05:07:35.794715+00:00,64.4,5,ask,,,6025285
2026-07-16T05:07:35.779350,2026-07-16T05:07:35.794715+00:00,64.4,50,ask,,,6025286
2026-07-16T05:07:35.779350,2026-07-16T05:07:35.794715+00:00,64.4,3,ask,,,6025287
2026-07-16T05:07:35.779350,2026-07-16T05:07:35.794715+00:00,64.3,30,ask,,,6025288
2026-07-16T05:07:35.779350,2026-07-16T05:07:35.794715+00:00,64.3,7,ask,,,6025289
2026-07-16T05:07:37.547825,2026-07-16T05:07:37.550915+00:00,64.4,1,bid,,,6025313
2026-07-16T05:07:37.654317,2026-07-16T05:07:37.666525+00:00,64.4,4,bid,,,6025314
2026-07-16T05:07:37.654317,2026-07-16T05:07:37.666525+00:00,64.4,46,bid,,,6025315
2026-07-16T05:07:38.157690,2026-07-16T05:07:38.160485+00:00,64.4,4,bid,,,6025323
2026-07-16T05:07:38.157690,2026-07-16T05:07:38.171012+00:00,64.5,1,bid,,,6025324
2026-07-16T05:07:38.252886,2026-07-16T05:07:38.259040+00:00,64.3,40,ask,,,6025327
2026-07-16T05:07:38.903983,2026-07-16T05:07:38.911016+00:00,64.5,80,bid,,,6025340
2026-07-16T05:07:38.903983,2026-07-16T05:07:38.911016+00:00,64.5,5,bid,,,6025341
2026-07-16T05:07:38.903983,2026-07-16T05:07:38.921588+00:00,64.5,1,bid,,,6025342
2026-07-16T05:07:38.903983,2026-07-16T05:07:38.921588+00:00,64.5,25,bid,,,6025343
2026-07-16T05:07:38.949261,2026-07-16T05:07:38.953430+00:00,64.5,11,ask,,,6025345
2026-07-16T05:07:39.006619,2026-07-16T05:07:39.016726+00:00,64.5,25,ask,,,6025346
2026-07-16T05:07:39.023886,2026-07-16T05:07:39.037833+00:00,64.5,3,ask,,,6025349
2026-07-16T05:07:39.023886,2026-07-16T05:07:39.037833+00:00,64.5,80,ask,,,6025350
2026-07-16T05:07:39.104357,2026-07-16T05:07:39.111996+00:00,64.4,10,ask,,,6025353
2026-07-16T05:07:39.104357,2026-07-16T05:07:39.111996+00:00,64.4,50,ask,,,6025354
2026-07-16T05:07:39.137930,2026-07-16T05:07:39.143960+00:00,64.3,10,ask,,,6025357
2026-07-16T05:07:39.137930,2026-07-16T05:07:39.143960+00:00,64.3,5,ask,,,6025358
2026-07-16T05:07:39.137930,2026-07-16T05:07:39.154509+00:00,64.3,1,ask,,,6025359
2026-07-16T05:07:39.137930,2026-07-16T05:07:39.154509+00:00,64.3,24,ask,,,6025360
2026-07-16T05:07:39.178989,2026-07-16T05:07:39.186192+00:00,64.3,1,ask,,,6025363
2026-07-16T05:07:39.815182,2026-07-16T05:07:39.821943+00:00,64.3,25,ask,,,6025375
2026-07-16T05:07:39.815182,2026-07-16T05:07:39.821943+00:00,64.3,25,ask,,,6025376
2026-07-16T05:07:40.121546,2026-07-16T05:07:40.125998+00:00,64.4,32,bid,,,6025383
2026-07-16T05:07:40.121546,2026-07-16T05:07:40.136532+00:00,64.5,16,bid,,,6025384
2026-07-16T05:07:41.590438,2026-07-16T05:07:41.602895+00:00,64.4,5,bid,,,6025406
2026-07-16T05:07:41.590438,2026-07-16T05:07:41.602895+00:00,64.4,37,bid,,,6025407
2026-07-16T05:07:41.934991,2026-07-16T05:07:41.940223+00:00,64.3,5,ask,,,6025417
2026-07-16T05:07:41.934991,2026-07-16T05:07:41.950724+00:00,64.3,45,ask,,,6025418
2026-07-16T05:07:42.040659,2026-07-16T05:07:42.045606+00:00,64.4,1,bid,,,6025421
2026-07-16T05:07:42.235396,2026-07-16T05:07:42.245773+00:00,64.4,10,bid,,,6025424
2026-07-16T05:07:42.235396,2026-07-16T05:07:42.245773+00:00,64.4,15,bid,,,6025425
2026-07-16T05:07:44.057623,2026-07-16T05:07:44.068262+00:00,64.3,5,ask,,,6025447
2026-07-16T05:07:44.057623,2026-07-16T05:07:44.068262+00:00,64.3,45,ask,,,6025448
2026-07-16T05:07:44.191574,2026-07-16T05:07:44.204075+00:00,64.3,5,ask,,,6025449
2026-07-16T05:07:44.191574,2026-07-16T05:07:44.204075+00:00,64.3,36,ask,,,6025450
2026-07-16T05:07:44.336787,2026-07-16T05:07:44.341148+00:00,64.3,1,ask,,,6025452
2026-07-16T05:07:44.336787,2026-07-16T05:07:44.341148+00:00,64.2,1,ask,,,6025453
2026-07-16T05:07:44.336787,2026-07-16T05:07:44.351927+00:00,64.2,3,ask,,,6025454
2026-07-16T05:07:44.852273,2026-07-16T05:07:44.862314+00:00,64.4,48,bid,,,6025463
2026-07-16T05:07:46.179130,2026-07-16T05:07:46.183088+00:00,64.2,5,ask,,,6025481
2026-07-16T05:07:46.179130,2026-07-16T05:07:46.193620+00:00,64.2,27,ask,,,6025482
2026-07-16T05:07:46.179130,2026-07-16T05:07:46.193620+00:00,64.2,18,ask,,,6025483
2026-07-16T05:07:48.297556,2026-07-16T05:07:48.306415+00:00,64.2,5,ask,,,6025517
2026-07-16T05:07:48.297556,2026-07-16T05:07:48.306415+00:00,64.2,45,ask,,,6025518
2026-07-16T05:07:48.389794,2026-07-16T05:07:48.401393+00:00,64.2,14,ask,,,6025525
2026-07-16T05:07:48.389794,2026-07-16T05:07:48.401393+00:00,64.2,5,ask,,,6025526
2026-07-16T05:07:48.389794,2026-07-16T05:07:48.401393+00:00,64.2,25,ask,,,6025527
2026-07-16T05:07:48.473652,2026-07-16T05:07:48.485898+00:00,64.1,1,ask,,,6025529
2026-07-16T05:07:48.478322,2026-07-16T05:07:48.485898+00:00,64.1,5,ask,,,6025530
2026-07-16T05:07:49.627950,2026-07-16T05:07:49.633726+00:00,64.1,43,ask,,,6025545
2026-07-16T05:07:50.188956,2026-07-16T05:07:50.192615+00:00,64.2,5,bid,,,6025554
2026-07-16T05:07:50.188956,2026-07-16T05:07:50.203113+00:00,64.2,44,bid,,,6025555
2026-07-16T05:07:50.407604,2026-07-16T05:07:50.417674+00:00,64.1,10,ask,,,6025561
2026-07-16T05:07:50.407604,2026-07-16T05:07:50.417674+00:00,64.1,20,ask,,,6025562
2026-07-16T05:07:50.407604,2026-07-16T05:07:50.417674+00:00,64.0,20,ask,,,6025563
2026-07-16T05:07:50.786603,2026-07-16T05:07:50.796696+00:00,64.1,10,ask,,,6025567
2026-07-16T05:07:50.786603,2026-07-16T05:07:50.796696+00:00,64.1,5,ask,,,6025568
2026-07-16T05:07:50.786603,2026-07-16T05:07:50.796696+00:00,64.0,27,ask,,,6025569
2026-07-16T05:07:52.350041,2026-07-16T05:07:52.353979+00:00,64.1,6,bid,,,6025589
2026-07-16T05:07:52.357421,2026-07-16T05:07:52.364544+00:00,64.1,38,bid,,,6025590
2026-07-16T05:07:52.365681,2026-07-16T05:07:52.375058+00:00,64.1,100,bid,,,6025591
2026-07-16T05:07:52.370116,2026-07-16T05:07:52.375058+00:00,64.1,6,bid,,,6025592
2026-07-16T05:07:52.370116,2026-07-16T05:07:52.375058+00:00,64.1,17,bid,,,6025593
2026-07-16T05:07:52.393669,2026-07-16T05:07:52.396259+00:00,64.1,25,bid,,,6025596
2026-07-16T05:07:52.412368,2026-07-16T05:07:52.417534+00:00,64.1,8,bid,,,6025599
2026-07-16T05:07:52.467559,2026-07-16T05:07:52.470439+00:00,64.0,47,ask,,,6025601
2026-07-16T05:07:52.486968,2026-07-16T05:07:52.502010+00:00,64.2,92,bid,,,6025602
2026-07-16T05:07:52.507077,2026-07-16T05:07:52.512587+00:00,64.2,8,bid,,,6025603
2026-07-16T05:07:52.507077,2026-07-16T05:07:52.523113+00:00,64.2,5,bid,,,6025604
2026-07-16T05:07:52.507077,2026-07-16T05:07:52.523113+00:00,64.2,20,bid,,,6025605
2026-07-16T05:07:52.552497,2026-07-16T05:07:52.554773+00:00,64.0,33,ask,,,6025606
2026-07-16T05:07:52.552497,2026-07-16T05:07:52.565241+00:00,64.0,10,ask,,,6025607
2026-07-16T05:07:52.552497,2026-07-16T05:07:52.565241+00:00,64.0,7,ask,,,6025608
2026-07-16T05:07:52.645283,2026-07-16T05:07:52.649498+00:00,64.2,5,bid,,,6025609
2026-07-16T05:07:52.885424,2026-07-16T05:07:52.891890+00:00,64.2,80,bid,,,6025612
2026-07-16T05:07:52.885424,2026-07-16T05:07:52.891890+00:00,64.2,20,bid,,,6025613
2026-07-16T05:07:53.838094,2026-07-16T05:07:53.850888+00:00,64.2,1,bid,,,6025634
2026-07-16T05:07:54.170415,2026-07-16T05:07:54.176752+00:00,64.1,5,ask,,,6025639
2026-07-16T05:07:54.170415,2026-07-16T05:07:54.176752+00:00,64.1,5,ask,,,6025640
2026-07-16T05:07:54.201259,2026-07-16T05:07:54.208554+00:00,64.2,2,bid,,,6025642
2026-07-16T05:07:54.679684,2026-07-16T05:07:54.682125+00:00,64.1,50,ask,,,6025650
2026-07-16T05:07:54.788666,2026-07-16T05:07:54.797682+00:00,64.2,10,bid,,,6025654
2026-07-16T05:07:54.788666,2026-07-16T05:07:54.797682+00:00,64.2,5,bid,,,6025655
2026-07-16T05:07:54.788666,2026-07-16T05:07:54.797682+00:00,64.2,50,bid,,,6025656
2026-07-16T05:07:54.788666,2026-07-16T05:07:54.808161+00:00,64.2,25,bid,,,6025657
2026-07-16T05:07:54.788666,2026-07-16T05:07:54.808161+00:00,64.3,30,bid,,,6025658
2026-07-16T05:07:54.788666,2026-07-16T05:07:54.808161+00:00,64.3,30,bid,,,6025659
2026-07-16T05:07:55.244181,2026-07-16T05:07:55.249008+00:00,64.2,2,bid,,,6025663
2026-07-16T05:07:55.395388,2026-07-16T05:07:55.406462+00:00,64.2,28,bid,,,6025665
2026-07-16T05:07:55.395388,2026-07-16T05:07:55.406462+00:00,64.3,13,bid,,,6025666
2026-07-16T05:07:55.489168,2026-07-16T05:07:55.501788+00:00,64.1,25,ask,,,6025671
2026-07-16T05:07:55.489168,2026-07-16T05:07:55.501788+00:00,64.1,18,ask,,,6025672
2026-07-16T05:07:56.582445,2026-07-16T05:07:56.593165+00:00,64.3,47,bid,,,6025690
2026-07-16T05:07:56.642964,2026-07-16T05:07:56.646249+00:00,64.1,47,ask,,,6025692
2026-07-16T05:07:56.821113,2026-07-16T05:07:56.828153+00:00,64.1,50,ask,,,6025696
2026-07-16T05:07:57.691977,2026-07-16T05:07:57.701151+00:00,64.3,33,bid,,,6025703
2026-07-16T05:07:57.691977,2026-07-16T05:07:57.701151+00:00,64.3,9,bid,,,6025704
2026-07-16T05:07:58.047006,2026-07-16T05:07:58.059047+00:00,64.2,10,ask,,,6025713
2026-07-16T05:07:58.647582,2026-07-16T05:07:58.658769+00:00,64.2,25,bid,,,6025724
2026-07-16T05:07:58.878384,2026-07-16T05:07:58.890334+00:00,64.2,50,bid,,,6025727
2026-07-16T05:07:58.894122,2026-07-16T05:07:58.900865+00:00,64.2,2,bid,,,6025728
2026-07-16T05:08:00.995744,2026-07-16T05:08:00.997564+00:00,64.2,50,bid,,,6025750
2026-07-16T05:08:01.003141,2026-07-16T05:08:01.008321+00:00,64.2,5,bid,,,6025751
2026-07-16T05:08:01.159814,2026-07-16T05:08:01.166452+00:00,64.2,50,bid,,,6025755
2026-07-16T05:08:01.159814,2026-07-16T05:08:01.166452+00:00,64.2,5,bid,,,6025756
2026-07-16T05:08:01.159814,2026-07-16T05:08:01.176931+00:00,64.3,30,bid,,,6025757
2026-07-16T05:08:01.159814,2026-07-16T05:08:01.176931+00:00,64.3,62,bid,,,6025758
2026-07-16T05:08:01.159814,2026-07-16T05:08:01.176931+00:00,64.3,3,bid,,,6025759
2026-07-16T05:08:01.714515,2026-07-16T05:08:01.724467+00:00,64.2,10,ask,,,6025770
2026-07-16T05:08:01.714515,2026-07-16T05:08:01.724467+00:00,64.2,20,ask,,,6025771
2026-07-16T05:08:01.714515,2026-07-16T05:08:01.724467+00:00,64.1,10,ask,,,6025772
2026-07-16T05:08:01.714515,2026-07-16T05:08:01.724467+00:00,64.1,9,ask,,,6025773
2026-07-16T05:08:01.888357,2026-07-16T05:08:01.892839+00:00,64.2,2,bid,,,6025776
2026-07-16T05:08:03.055356,2026-07-16T05:08:03.062569+00:00,64.3,5,bid,,,6025790
2026-07-16T05:08:03.105107,2026-07-16T05:08:03.115335+00:00,64.3,24,bid,,,6025792
2026-07-16T05:08:03.105107,2026-07-16T05:08:03.115335+00:00,64.3,5,bid,,,6025793
2026-07-16T05:08:03.105107,2026-07-16T05:08:03.115335+00:00,64.4,21,bid,,,6025794
2026-07-16T05:08:03.424643,2026-07-16T05:08:03.431723+00:00,64.3,2,bid,,,6025801
2026-07-16T05:08:03.954167,2026-07-16T05:08:03.968305+00:00,64.4,25,bid,,,6025809
2026-07-16T05:08:03.954167,2026-07-16T05:08:03.968305+00:00,64.5,16,bid,,,6025810
2026-07-16T05:08:04.329965,2026-07-16T05:08:04.337403+00:00,64.3,20,bid,,,6025817
2026-07-16T05:08:04.410552,2026-07-16T05:08:04.421818+00:00,64.3,39,bid,,,6025818
2026-07-16T05:08:04.439778,2026-07-16T05:08:04.442875+00:00,64.3,25,bid,,,6025819
2026-07-16T05:08:04.502980,2026-07-16T05:08:04.516817+00:00,64.3,10,bid,,,6025824
2026-07-16T05:08:04.503605,2026-07-16T05:08:04.516817+00:00,64.3,73,bid,,,6025825
2026-07-16T05:08:04.530257,2026-07-16T05:08:04.538072+00:00,64.3,3,bid,,,6025826
2026-07-16T05:08:05.106005,2026-07-16T05:08:05.110172+00:00,64.3,5,bid,,,6025842
2026-07-16T05:08:05.585391,2026-07-16T05:08:05.595580+00:00,64.3,5,bid,,,6025848
2026-07-16T05:08:05.585391,2026-07-16T05:08:05.595580+00:00,64.3,43,bid,,,6025849
2026-07-16T05:08:05.721416,2026-07-16T05:08:05.733926+00:00,64.3,2,bid,,,6025856
2026-07-16T05:08:07.053629,2026-07-16T05:08:07.059564+00:00,64.3,10,bid,,,6025879
2026-07-16T05:08:07.218238,2026-07-16T05:08:07.227738+00:00,64.4,5,bid,,,6025886
2026-07-16T05:08:07.323269,2026-07-16T05:08:07.332972+00:00,64.4,15,bid,,,6025887
2026-07-16T05:08:07.323269,2026-07-16T05:08:07.332972+00:00,64.4,5,bid,,,6025888
2026-07-16T05:08:07.323269,2026-07-16T05:08:07.332972+00:00,64.5,4,bid,,,6025889
2026-07-16T05:08:07.323269,2026-07-16T05:08:07.332972+00:00,64.5,25,bid,,,6025890
2026-07-16T05:08:07.323269,2026-07-16T05:08:07.343489+00:00,64.6,1,bid,,,6025891
2026-07-16T05:08:07.507926,2026-07-16T05:08:07.517611+00:00,64.5,21,ask,,,6025897
2026-07-16T05:08:07.515999,2026-07-16T05:08:07.528193+00:00,64.5,38,ask,,,6025898
2026-07-16T05:08:07.533251,2026-07-16T05:08:07.538773+00:00,64.5,25,ask,,,6025899
2026-07-16T05:08:07.620987,2026-07-16T05:08:07.644160+00:00,64.5,66,ask,,,6025907
2026-07-16T05:08:07.693768,2026-07-16T05:08:07.696724+00:00,64.3,50,ask,,,6025912
2026-07-16T05:08:07.693768,2026-07-16T05:08:07.707244+00:00,64.3,4,ask,,,6025913
2026-07-16T05:08:07.693768,2026-07-16T05:08:07.707244+00:00,64.3,25,ask,,,6025914
2026-07-16T05:08:07.724529,2026-07-16T05:08:07.728567+00:00,64.2,5,ask,,,6025918
2026-07-16T05:08:07.724529,2026-07-16T05:08:07.739166+00:00,64.2,2,ask,,,6025919
2026-07-16T05:08:07.724529,2026-07-16T05:08:07.739166+00:00,64.2,10,ask,,,6025920
2026-07-16T05:08:08.353022,2026-07-16T05:08:08.360770+00:00,64.3,14,ask,,,6025941
2026-07-16T05:08:08.386338,2026-07-16T05:08:08.392399+00:00,64.2,4,ask,,,6025945
2026-07-16T05:08:08.884504,2026-07-16T05:08:08.890470+00:00,64.2,24,ask,,,6025954
2026-07-16T05:08:08.913933,2026-07-16T05:08:08.922366+00:00,64.2,25,ask,,,6025958
2026-07-16T05:08:09.252846,2026-07-16T05:08:09.261345+00:00,64.2,5,ask,,,6025964
2026-07-16T05:08:09.440359,2026-07-16T05:08:09.450615+00:00,64.3,50,bid,,,6025967
2026-07-16T05:08:10.794950,2026-07-16T05:08:10.798075+00:00,64.2,50,ask,,,6025989
2026-07-16T05:08:10.794950,2026-07-16T05:08:10.808553+00:00,64.2,25,ask,,,6025990
2026-07-16T05:08:10.909581,2026-07-16T05:08:10.913743+00:00,64.2,25,bid,,,6025991
2026-07-16T05:08:10.967814,2026-07-16T05:08:10.976973+00:00,64.2,2,bid,,,6025993
2026-07-16T05:08:11.299522,2026-07-16T05:08:11.304352+00:00,64.2,2,bid,,,6025997
2026-07-16T05:08:11.551516,2026-07-16T05:08:11.557057+00:00,64.2,46,bid,,,6026000
2026-07-16T05:08:11.551516,2026-07-16T05:08:11.557057+00:00,64.2,4,bid,,,6026001
2026-07-16T05:08:12.008133,2026-07-16T05:08:12.010344+00:00,64.2,2,bid,,,6026007
2026-07-16T05:08:12.331992,2026-07-16T05:08:12.336402+00:00,64.2,38,bid,,,6026018
2026-07-16T05:08:12.364743,2026-07-16T05:08:12.368107+00:00,64.2,24,bid,,,6026022
2026-07-16T05:08:12.374587,2026-07-16T05:08:12.389253+00:00,64.2,26,bid,,,6026023
2026-07-16T05:08:12.398351,2026-07-16T05:08:12.410436+00:00,64.3,5,bid,,,6026026
2026-07-16T05:08:12.398351,2026-07-16T05:08:12.410436+00:00,64.3,70,bid,,,6026027
2026-07-16T05:08:12.398351,2026-07-16T05:08:12.410436+00:00,64.3,25,bid,,,6026028
2026-07-16T05:08:12.505702,2026-07-16T05:08:12.516622+00:00,64.2,25,ask,,,6026031
2026-07-16T05:08:12.597301,2026-07-16T05:08:12.611488+00:00,64.2,11,ask,,,6026033
2026-07-16T05:08:12.597301,2026-07-16T05:08:12.611488+00:00,64.2,27,ask,,,6026034
2026-07-16T05:08:13.667293,2026-07-16T05:08:13.685668+00:00,64.3,50,bid,,,6026048
2026-07-16T05:08:13.908910,2026-07-16T05:08:13.917091+00:00,64.3,20,bid,,,6026050
2026-07-16T05:08:13.908910,2026-07-16T05:08:13.917091+00:00,64.3,5,bid,,,6026051
2026-07-16T05:08:13.908910,2026-07-16T05:08:13.917091+00:00,64.3,27,bid,,,6026052
2026-07-16T05:08:14.091814,2026-07-16T05:08:14.095767+00:00,64.3,4,ask,,,6026055
2026-07-16T05:08:14.334987,2026-07-16T05:08:14.339507+00:00,64.4,7,bid,,,6026060
2026-07-16T05:08:15.775846,2026-07-16T05:08:15.785199+00:00,64.4,21,bid,,,6026077
2026-07-16T05:08:15.775846,2026-07-16T05:08:15.785199+00:00,64.4,10,bid,,,6026078
2026-07-16T05:08:15.775846,2026-07-16T05:08:15.785199+00:00,64.4,5,bid,,,6026079
2026-07-16T05:08:15.775846,2026-07-16T05:08:15.795721+00:00,64.4,14,bid,,,6026080
2026-07-16T05:08:16.119456,2026-07-16T05:08:16.122044+00:00,64.3,40,ask,,,6026082
2026-07-16T05:08:16.183824,2026-07-16T05:08:16.195616+00:00,64.3,4,ask,,,6026084
2026-07-16T05:08:17.828013,2026-07-16T05:08:17.837021+00:00,64.2,5,ask,,,6026106
2026-07-16T05:08:17.828013,2026-07-16T05:08:17.837021+00:00,64.2,39,ask,,,6026107
2026-07-16T05:08:17.905752,2026-07-16T05:08:17.910839+00:00,64.4,50,bid,,,6026108
2026-07-16T05:08:18.964900,2026-07-16T05:08:18.969263+00:00,64.3,28,ask,,,6026121
2026-07-16T05:08:18.964900,2026-07-16T05:08:18.979937+00:00,64.3,19,ask,,,6026122
2026-07-16T05:08:20.020311,2026-07-16T05:08:20.032742+00:00,64.4,50,bid,,,6026136
2026-07-16T05:08:20.259356,2026-07-16T05:08:20.263272+00:00,64.4,43,bid,,,6026138
2026-07-16T05:08:20.259356,2026-07-16T05:08:20.273811+00:00,64.4,39,bid,,,6026139
2026-07-16T05:08:20.259356,2026-07-16T05:08:20.273811+00:00,64.4,19,bid,,,6026140
2026-07-16T05:08:20.435986,2026-07-16T05:08:20.442620+00:00,64.4,42,ask,,,6026145
2026-07-16T05:08:20.455494,2026-07-16T05:08:20.463696+00:00,64.4,7,ask,,,6026148
2026-07-16T05:08:20.455494,2026-07-16T05:08:20.463696+00:00,64.4,50,ask,,,6026149
2026-07-16T05:08:20.455494,2026-07-16T05:08:20.474205+00:00,64.4,31,ask,,,6026150
2026-07-16T05:08:20.533828,2026-07-16T05:08:20.548547+00:00,64.3,5,ask,,,6026158
2026-07-16T05:08:20.533828,2026-07-16T05:08:20.548547+00:00,64.3,5,ask,,,6026159
2026-07-16T05:08:20.546928,2026-07-16T05:08:20.559068+00:00,64.3,12,ask,,,6026160
2026-07-16T05:08:20.551847,2026-07-16T05:08:20.559068+00:00,64.3,50,ask,,,6026161
2026-07-16T05:08:21.663863,2026-07-16T05:08:21.675983+00:00,64.3,5,ask,,,6026175
2026-07-16T05:08:23.521842,2026-07-16T05:08:23.533112+00:00,64.3,71,ask,,,6026209
2026-07-16T05:08:23.521842,2026-07-16T05:08:23.533112+00:00,64.3,50,ask,,,6026210
2026-07-16T05:08:23.521842,2026-07-16T05:08:23.533112+00:00,64.3,9,ask,,,6026211
2026-07-16T05:08:23.521842,2026-07-16T05:08:23.543614+00:00,64.2,5,ask,,,6026212
2026-07-16T05:08:23.521842,2026-07-16T05:08:23.543614+00:00,64.2,13,ask,,,6026213
2026-07-16T05:08:23.521842,2026-07-16T05:08:23.543614+00:00,64.2,2,ask,,,6026214
2026-07-16T05:08:24.183466,2026-07-16T05:08:24.195288+00:00,64.3,10,bid,,,6026221
2026-07-16T05:08:24.183466,2026-07-16T05:08:24.195288+00:00,64.4,10,bid,,,6026222
2026-07-16T05:08:24.183466,2026-07-16T05:08:24.195288+00:00,64.4,10,bid,,,6026223
2026-07-16T05:08:24.183466,2026-07-16T05:08:24.195288+00:00,64.4,14,bid,,,6026224
2026-07-16T05:08:24.238635,2026-07-16T05:08:24.248023+00:00,64.4,36,bid,,,6026225
2026-07-16T05:08:24.238635,2026-07-16T05:08:24.248023+00:00,64.4,5,bid,,,6026226
2026-07-16T05:08:24.238635,2026-07-16T05:08:24.248023+00:00,64.4,9,bid,,,6026227
2026-07-16T05:08:24.417883,2026-07-16T05:08:24.427517+00:00,64.3,10,bid,,,6026233
2026-07-16T05:08:24.417883,2026-07-16T05:08:24.427517+00:00,64.3,32,bid,,,6026234
2026-07-16T05:08:24.446106,2026-07-16T05:08:24.448575+00:00,64.3,18,bid,,,6026235
2026-07-16T05:08:25.877110,2026-07-16T05:08:25.883330+00:00,64.3,45,ask,,,6026263
2026-07-16T05:08:26.069243,2026-07-16T05:08:26.099290+00:00,64.3,5,ask,,,6026267
2026-07-16T05:08:26.103447,2026-07-16T05:08:26.109997+00:00,64.2,5,ask,,,6026273
2026-07-16T05:08:26.428400,2026-07-16T05:08:26.437169+00:00,64.2,5,ask,,,6026274
2026-07-16T05:08:26.428400,2026-07-16T05:08:26.437169+00:00,64.2,45,ask,,,6026275
2026-07-16T05:08:27.292644,2026-07-16T05:08:27.300001+00:00,64.2,59,ask,,,6026291
2026-07-16T05:08:27.292939,2026-07-16T05:08:27.300001+00:00,64.2,42,ask,,,6026292
2026-07-16T05:08:27.308319,2026-07-16T05:08:27.310584+00:00,64.2,49,ask,,,6026294
2026-07-16T05:08:27.308319,2026-07-16T05:08:27.321171+00:00,64.2,33,ask,,,6026295
2026-07-16T05:08:27.315456,2026-07-16T05:08:27.321171+00:00,64.2,12,ask,,,6026296
2026-07-16T05:08:27.315456,2026-07-16T05:08:27.321171+00:00,64.2,20,ask,,,6026297
2026-07-16T05:08:27.333072,2026-07-16T05:08:27.342411+00:00,64.1,17,ask,,,6026299
2026-07-16T05:08:27.905912,2026-07-16T05:08:27.910821+00:00,64.1,5,ask,,,6026303
2026-07-16T05:08:28.334339,2026-07-16T05:08:28.342003+00:00,64.1,20,ask,,,6026309
2026-07-16T05:08:28.539103,2026-07-16T05:08:28.541775+00:00,64.1,10,ask,,,6026312
2026-07-16T05:08:28.539103,2026-07-16T05:08:28.552352+00:00,64.0,5,ask,,,6026313
2026-07-16T05:08:28.539103,2026-07-16T05:08:28.552352+00:00,64.0,25,ask,,,6026314
2026-07-16T05:08:28.539103,2026-07-16T05:08:28.552352+00:00,63.8,2,ask,,,6026315
2026-07-16T05:08:28.539103,2026-07-16T05:08:28.552352+00:00,63.7,8,ask,,,6026316
2026-07-16T05:08:29.746684,2026-07-16T05:08:29.758433+00:00,64.2,5,bid,,,6026346
2026-07-16T05:08:29.746684,2026-07-16T05:08:29.758433+00:00,64.2,19,bid,,,6026347
2026-07-16T05:08:29.784076,2026-07-16T05:08:29.790018+00:00,64.2,42,bid,,,6026349
2026-07-16T05:08:29.960463,2026-07-16T05:08:29.969033+00:00,64.2,5,bid,,,6026352
2026-07-16T05:08:30.684124,2026-07-16T05:08:30.689485+00:00,64.1,10,ask,,,6026362
2026-07-16T05:08:30.684124,2026-07-16T05:08:30.689485+00:00,64.1,10,ask,,,6026363
2026-07-16T05:08:30.684124,2026-07-16T05:08:30.700062+00:00,64.1,5,ask,,,6026364
2026-07-16T05:08:30.684124,2026-07-16T05:08:30.700062+00:00,64.1,10,ask,,,6026365
2026-07-16T05:08:30.684124,2026-07-16T05:08:30.700062+00:00,64.0,10,ask,,,6026366
2026-07-16T05:08:30.684124,2026-07-16T05:08:30.700062+00:00,64.0,5,ask,,,6026367
2026-07-16T05:08:31.018192,2026-07-16T05:08:31.023855+00:00,64.1,3,ask,,,6026376
2026-07-16T05:08:31.018466,2026-07-16T05:08:31.034521+00:00,64.1,7,ask,,,6026377
2026-07-16T05:08:31.018466,2026-07-16T05:08:31.034521+00:00,64.1,25,ask,,,6026378
2026-07-16T05:08:31.034723,2026-07-16T05:08:31.045146+00:00,64.0,10,ask,,,6026380
2026-07-16T05:08:31.167426,2026-07-16T05:08:31.172172+00:00,63.9,2,ask,,,6026383
2026-07-16T05:08:31.167426,2026-07-16T05:08:31.172172+00:00,63.9,8,ask,,,6026384
2026-07-16T05:08:31.292185,2026-07-16T05:08:31.299527+00:00,63.7,2,ask,,,6026388
2026-07-16T05:08:31.353358,2026-07-16T05:08:31.359437+00:00,63.9,3,bid,,,6026391
2026-07-16T05:08:31.873334,2026-07-16T05:08:31.878414+00:00,63.8,18,ask,,,6026406
2026-07-16T05:08:31.962570,2026-07-16T05:08:31.972986+00:00,63.9,25,bid,,,6026409
2026-07-16T05:08:32.081664,2026-07-16T05:08:32.089050+00:00,63.9,25,bid,,,6026411
2026-07-16T05:08:32.081664,2026-07-16T05:08:32.089050+00:00,63.9,13,bid,,,6026412
2026-07-16T05:08:32.088468,2026-07-16T05:08:32.099584+00:00,63.9,7,bid,,,6026413
2026-07-16T05:08:32.125870,2026-07-16T05:08:32.131255+00:00,64.0,5,bid,,,6026415
2026-07-16T05:08:32.125870,2026-07-16T05:08:32.131255+00:00,64.0,25,bid,,,6026416
2026-07-16T05:08:32.325128,2026-07-16T05:08:32.332040+00:00,64.0,25,bid,,,6026422
2026-07-16T05:08:32.362796,2026-07-16T05:08:32.374422+00:00,64.1,70,bid,,,6026424
2026-07-16T05:08:32.754187,2026-07-16T05:08:32.765961+00:00,64.1,30,bid,,,6026430
2026-07-16T05:08:32.881230,2026-07-16T05:08:32.892695+00:00,64.1,42,bid,,,6026434
2026-07-16T05:08:32.933628,2026-07-16T05:08:32.945479+00:00,64.1,2,bid,,,6026437
2026-07-16T05:08:33.673828,2026-07-16T05:08:33.685447+00:00,64.1,42,bid,,,6026449
2026-07-16T05:08:33.683424,2026-07-16T05:08:33.685447+00:00,64.1,94,bid,,,6026451
2026-07-16T05:08:33.708168,2026-07-16T05:08:33.717053+00:00,64.1,14,bid,,,6026454
2026-07-16T05:08:33.708168,2026-07-16T05:08:33.717053+00:00,64.1,26,bid,,,6026455
2026-07-16T05:08:34.113413,2026-07-16T05:08:34.118359+00:00,64.2,5,bid,,,6026462
2026-07-16T05:08:34.296018,2026-07-16T05:08:34.307675+00:00,64.2,2,bid,,,6026463
2026-07-16T05:08:34.296018,2026-07-16T05:08:34.307675+00:00,64.3,25,bid,,,6026464
2026-07-16T05:08:34.296018,2026-07-16T05:08:34.307675+00:00,64.3,5,bid,,,6026465
2026-07-16T05:08:34.319274,2026-07-16T05:08:34.328770+00:00,64.3,38,ask,,,6026466
2026-07-16T05:08:34.328304,2026-07-16T05:08:34.339262+00:00,64.3,25,ask,,,6026467
2026-07-16T05:08:34.482007,2026-07-16T05:08:34.486359+00:00,64.3,5,ask,,,6026470
2026-07-16T05:08:34.482007,2026-07-16T05:08:34.496930+00:00,64.3,42,ask,,,6026471
2026-07-16T05:08:34.550414,2026-07-16T05:08:34.561036+00:00,64.3,23,ask,,,6026474
2026-07-16T05:08:34.763999,2026-07-16T05:08:34.772622+00:00,64.2,4,bid,,,6026479
2026-07-16T05:08:34.763999,2026-07-16T05:08:34.772622+00:00,64.2,21,bid,,,6026480
2026-07-16T05:08:34.922365,2026-07-16T05:08:34.930962+00:00,64.1,10,ask,,,6026483
2026-07-16T05:08:34.922365,2026-07-16T05:08:34.930962+00:00,64.1,5,ask,,,6026484
2026-07-16T05:08:34.922365,2026-07-16T05:08:34.930962+00:00,64.1,1,ask,,,6026485
2026-07-16T05:08:34.922365,2026-07-16T05:08:34.930962+00:00,64.1,34,ask,,,6026486
2026-07-16T05:08:35.006713,2026-07-16T05:08:35.015936+00:00,64.1,16,ask,,,6026496
2026-07-16T05:08:35.006713,2026-07-16T05:08:35.015936+00:00,64.1,10,ask,,,6026497
2026-07-16T05:08:35.006713,2026-07-16T05:08:35.015936+00:00,64.1,10,ask,,,6026498
2026-07-16T05:08:35.006713,2026-07-16T05:08:35.015936+00:00,64.1,8,ask,,,6026499
2026-07-16T05:08:35.020277,2026-07-16T05:08:35.026751+00:00,64.1,17,ask,,,6026500
2026-07-16T05:08:35.064453,2026-07-16T05:08:35.068865+00:00,64.0,1,ask,,,6026506
2026-07-16T05:08:35.073612,2026-07-16T05:08:35.079365+00:00,64.0,69,ask,,,6026507
2026-07-16T05:08:35.073612,2026-07-16T05:08:35.089889+00:00,64.0,10,ask,,,6026508
2026-07-16T05:08:35.073612,2026-07-16T05:08:35.089889+00:00,64.0,2,ask,,,6026509
2026-07-16T05:08:35.073612,2026-07-16T05:08:35.089889+00:00,63.9,1,ask,,,6026510
2026-07-16T05:08:35.108483,2026-07-16T05:08:35.111057+00:00,63.9,18,ask,,,6026512
2026-07-16T05:08:35.567792,2026-07-16T05:08:35.575682+00:00,64.0,2,ask,,,6026518
2026-07-16T05:08:36.158158,2026-07-16T05:08:36.176927+00:00,64.1,30,bid,,,6026527
2026-07-16T05:08:36.158158,2026-07-16T05:08:36.187477+00:00,64.1,5,bid,,,6026528
2026-07-16T05:08:36.158158,2026-07-16T05:08:36.187477+00:00,64.1,50,bid,,,6026529
2026-07-16T05:08:36.158158,2026-07-16T05:08:36.187477+00:00,64.2,30,bid,,,6026530
2026-07-16T05:08:36.158158,2026-07-16T05:08:36.187477+00:00,64.2,35,bid,,,6026531
2026-07-16T05:08:36.986438,2026-07-16T05:08:36.990638+00:00,64.1,50,bid,,,6026558
2026-07-16T05:08:37.022765,2026-07-16T05:08:37.034727+00:00,64.2,2,bid,,,6026561
2026-07-16T05:08:37.059742,2026-07-16T05:08:37.066981+00:00,64.2,3,bid,,,6026563
2026-07-16T05:08:37.059742,2026-07-16T05:08:37.066981+00:00,64.2,16,bid,,,6026564
2026-07-16T05:08:37.059742,2026-07-16T05:08:37.066981+00:00,64.2,25,bid,,,6026565
2026-07-16T05:08:37.059742,2026-07-16T05:08:37.077564+00:00,64.2,2,bid,,,6026566
2026-07-16T05:08:37.635050,2026-07-16T05:08:37.646933+00:00,64.2,15,bid,,,6026574
2026-07-16T05:08:37.635050,2026-07-16T05:08:37.646933+00:00,64.3,30,bid,,,6026575
2026-07-16T05:08:37.635050,2026-07-16T05:08:37.646933+00:00,64.3,1,bid,,,6026576
2026-07-16T05:08:38.056273,2026-07-16T05:08:38.058912+00:00,64.1,17,ask,,,6026584
2026-07-16T05:08:38.056273,2026-07-16T05:08:38.069437+00:00,64.1,15,ask,,,6026585
2026-07-16T05:08:38.183478,2026-07-16T05:08:38.195530+00:00,64.2,10,bid,,,6026590
2026-07-16T05:08:38.183478,2026-07-16T05:08:38.195530+00:00,64.2,25,bid,,,6026591
2026-07-16T05:08:38.183478,2026-07-16T05:08:38.195530+00:00,64.2,10,bid,,,6026592
2026-07-16T05:08:38.737388,2026-07-16T05:08:38.741970+00:00,64.1,17,ask,,,6026600
2026-07-16T05:08:38.737388,2026-07-16T05:08:38.741970+00:00,64.1,8,ask,,,6026601
2026-07-16T05:08:39.120042,2026-07-16T05:08:39.142868+00:00,64.2,5,bid,,,6026615
2026-07-16T05:08:39.120042,2026-07-16T05:08:39.142868+00:00,64.2,15,bid,,,6026616
2026-07-16T05:08:39.120042,2026-07-16T05:08:39.142868+00:00,64.2,20,bid,,,6026617
2026-07-16T05:08:39.120042,2026-07-16T05:08:39.142868+00:00,64.2,10,bid,,,6026618
2026-07-16T05:08:39.414263,2026-07-16T05:08:39.427246+00:00,64.1,12,ask,,,6026623
2026-07-16T05:08:39.414263,2026-07-16T05:08:39.427246+00:00,64.1,20,ask,,,6026624
2026-07-16T05:08:39.414263,2026-07-16T05:08:39.427246+00:00,64.1,50,ask,,,6026625
2026-07-16T05:08:39.414263,2026-07-16T05:08:39.427246+00:00,64.1,25,ask,,,6026626
2026-07-16T05:08:39.414263,2026-07-16T05:08:39.437744+00:00,64.1,9,ask,,,6026627
2026-07-16T05:08:39.414263,2026-07-16T05:08:39.437744+00:00,64.0,34,ask,,,6026628
2026-07-16T05:08:40.351398,2026-07-16T05:08:40.356699+00:00,64.2,3,ask,,,6026649
2026-07-16T05:08:40.358350,2026-07-16T05:08:40.367267+00:00,64.2,22,ask,,,6026650
2026-07-16T05:08:40.368546,2026-07-16T05:08:40.377789+00:00,64.1,50,ask,,,6026651
2026-07-16T05:08:40.396676,2026-07-16T05:08:40.409613+00:00,64.1,10,ask,,,6026654
2026-07-16T05:08:40.456574,2026-07-16T05:08:40.462106+00:00,64.0,48,ask,,,6026657
2026-07-16T05:08:40.690006,2026-07-16T05:08:40.693102+00:00,64.0,5,ask,,,6026662
2026-07-16T05:08:40.690006,2026-07-16T05:08:40.703649+00:00,64.0,32,ask,,,6026663
2026-07-16T05:08:40.690006,2026-07-16T05:08:40.703649+00:00,64.0,50,ask,,,6026664
2026-07-16T05:08:40.690006,2026-07-16T05:08:40.703649+00:00,64.0,13,ask,,,6026665
2026-07-16T05:08:40.845922,2026-07-16T05:08:40.851508+00:00,64.1,3,bid,,,6026668
2026-07-16T05:08:41.112221,2026-07-16T05:08:41.114687+00:00,64.0,25,ask,,,6026675
2026-07-16T05:08:41.112221,2026-07-16T05:08:41.125263+00:00,63.9,15,ask,,,6026676
2026-07-16T05:08:41.245870,2026-07-16T05:08:41.252141+00:00,64.1,50,bid,,,6026682
2026-07-16T05:08:41.556081,2026-07-16T05:08:41.568108+00:00,64.1,25,bid,,,6026685
2026-07-16T05:08:41.665637,2026-07-16T05:08:41.673493+00:00,64.1,50,bid,,,6026690
2026-07-16T05:08:41.665637,2026-07-16T05:08:41.673493+00:00,64.1,10,bid,,,6026691
2026-07-16T05:08:41.725303,2026-07-16T05:08:41.737330+00:00,64.2,70,bid,,,6026695
2026-07-16T05:08:41.725303,2026-07-16T05:08:41.737330+00:00,64.2,20,bid,,,6026696
2026-07-16T05:08:41.732714,2026-07-16T05:08:41.737330+00:00,64.3,5,bid,,,6026697
2026-07-16T05:08:41.732714,2026-07-16T05:08:41.737330+00:00,64.3,44,bid,,,6026698
2026-07-16T05:08:42.236454,2026-07-16T05:08:42.242600+00:00,64.2,10,ask,,,6026706
2026-07-16T05:08:42.418863,2026-07-16T05:08:42.432833+00:00,64.1,5,bid,,,6026709
2026-07-16T05:08:42.439737,2026-07-16T05:08:42.443442+00:00,64.1,1,bid,,,6026710
2026-07-16T05:08:42.540200,2026-07-16T05:08:42.548853+00:00,64.1,29,bid,,,6026712
2026-07-16T05:08:42.540200,2026-07-16T05:08:42.548853+00:00,64.1,9,bid,,,6026713
2026-07-16T05:08:42.823444,2026-07-16T05:08:42.833072+00:00,64.1,43,ask,,,6026718
2026-07-16T05:08:43.133163,2026-07-16T05:08:43.138856+00:00,64.1,25,ask,,,6026723
2026-07-16T05:08:43.420838,2026-07-16T05:08:43.423351+00:00,64.1,44,ask,,,6026729
2026-07-16T05:08:43.420838,2026-07-16T05:08:43.433887+00:00,64.1,6,ask,,,6026730
2026-07-16T05:08:44.395054,2026-07-16T05:08:44.403439+00:00,64.1,38,ask,,,6026746
2026-07-16T05:08:45.531493,2026-07-16T05:08:45.541056+00:00,64.1,50,ask,,,6026758
2026-07-16T05:08:45.843451,2026-07-16T05:08:45.847533+00:00,64.1,10,bid,,,6026770
2026-07-16T05:08:46.612650,2026-07-16T05:08:46.618366+00:00,64.1,5,bid,,,6026778
2026-07-16T05:08:47.013850,2026-07-16T05:08:47.056743+00:00,64.1,61,bid,,,6026788
2026-07-16T05:08:47.050445,2026-07-16T05:08:47.056743+00:00,64.1,74,bid,,,6026790
2026-07-16T05:08:47.050445,2026-07-16T05:08:47.067593+00:00,64.1,20,bid,,,6026791
2026-07-16T05:08:47.050445,2026-07-16T05:08:47.067593+00:00,64.1,5,bid,,,6026792
2026-07-16T05:08:47.084652,2026-07-16T05:08:47.088921+00:00,64.1,10,bid,,,6026795
2026-07-16T05:08:47.085101,2026-07-16T05:08:47.099526+00:00,64.1,43,bid,,,6026796
2026-07-16T05:08:47.085101,2026-07-16T05:08:47.099526+00:00,64.1,50,bid,,,6026797
2026-07-16T05:08:47.108823,2026-07-16T05:08:47.120712+00:00,64.1,5,bid,,,6026798
2026-07-16T05:08:47.134823,2026-07-16T05:08:47.141863+00:00,64.2,5,bid,,,6026801
2026-07-16T05:08:47.134823,2026-07-16T05:08:47.141863+00:00,64.3,5,bid,,,6026802
2026-07-16T05:08:47.158885,2026-07-16T05:08:47.162951+00:00,64.3,5,bid,,,6026804
2026-07-16T05:08:47.264296,2026-07-16T05:08:47.268433+00:00,64.3,5,bid,,,6026806
2026-07-16T05:08:47.664712,2026-07-16T05:08:47.674337+00:00,64.2,50,ask,,,6026818
2026-07-16T05:08:47.922973,2026-07-16T05:08:47.925414+00:00,64.2,5,ask,,,6026824
2026-07-16T05:08:47.961426,2026-07-16T05:08:47.967616+00:00,64.2,25,ask,,,6026828
2026-07-16T05:08:47.961426,2026-07-16T05:08:47.967616+00:00,64.2,36,ask,,,6026829
2026-07-16T05:08:47.990090,2026-07-16T05:08:47.999181+00:00,64.2,14,ask,,,6026831
2026-07-16T05:08:49.369245,2026-07-16T05:08:49.379734+00:00,64.2,14,bid,,,6026847
2026-07-16T05:08:49.369245,2026-07-16T05:08:49.379734+00:00,64.2,30,bid,,,6026848
2026-07-16T05:08:49.669948,2026-07-16T05:08:49.674335+00:00,64.1,100,ask,,,6026857
2026-07-16T05:08:49.679398,2026-07-16T05:08:49.684910+00:00,64.1,50,ask,,,6026858
2026-07-16T05:08:49.679813,2026-07-16T05:08:49.695535+00:00,64.1,14,ask,,,6026859
2026-07-16T05:08:49.679813,2026-07-16T05:08:49.695535+00:00,64.1,28,ask,,,6026860
