timestamp,recv_time,price,volume,aggressor_side,buyer,seller,trade_id
2026-07-06T22:00:00.510936,2026-07-06T22:00:00.500740+00:00,155.1,50,ask,,,10003882
2026-07-06T22:00:00.598751,2026-07-06T22:00:00.605405+00:00,155.0,48,ask,,,10003885
2026-07-06T22:00:02.616855,2026-07-06T22:00:02.621478+00:00,155.0,8,ask,,,10003911
2026-07-06T22:00:02.616855,2026-07-06T22:00:02.621478+00:00,154.9,42,ask,,,10003912
2026-07-06T22:00:03.928489,2026-07-06T22:00:03.936845+00:00,155.1,12,bid,,,10003929
2026-07-06T22:00:04.021408,2026-07-06T22:00:04.032964+00:00,154.9,49,ask,,,10003932
2026-07-06T22:00:04.673443,2026-07-06T22:00:04.680372+00:00,155.1,50,bid,,,10003943
2026-07-06T22:00:05.934281,2026-07-06T22:00:05.943063+00:00,155.1,38,bid,,,10003963
2026-07-06T22:00:05.934281,2026-07-06T22:00:05.943063+00:00,155.1,11,bid,,,10003964
2026-07-06T22:00:06.779664,2026-07-06T22:00:06.791368+00:00,155.1,50,bid,,,10003976
2026-07-06T22:00:08.380027,2026-07-06T22:00:08.390075+00:00,155.0,8,ask,,,10003996
2026-07-06T22:00:08.380027,2026-07-06T22:00:08.390075+00:00,155.0,40,ask,,,10003997
2026-07-06T22:00:10.990212,2026-07-06T22:00:11.002064+00:00,155.1,8,bid,,,10004029
2026-07-06T22:00:10.990212,2026-07-06T22:00:11.002064+00:00,155.1,42,bid,,,10004030
2026-07-06T22:00:13.097757,2026-07-06T22:00:13.104208+00:00,155.0,8,bid,,,10004050
2026-07-06T22:00:13.097757,2026-07-06T22:00:13.104208+00:00,155.1,42,bid,,,10004051
2026-07-06T22:00:16.540063,2026-07-06T22:00:16.549920+00:00,155.1,49,bid,,,10004092
2026-07-06T22:00:17.311173,2026-07-06T22:00:17.322802+00:00,155.1,50,bid,,,10004102
2026-07-06T22:00:18.628722,2026-07-06T22:00:18.640223+00:00,154.7,40,ask,,,10004114
2026-07-06T22:00:19.472066,2026-07-06T22:00:19.483802+00:00,154.7,50,ask,,,10004123
2026-07-06T22:00:19.564977,2026-07-06T22:00:19.576805+00:00,154.7,47,ask,,,10004124
2026-07-06T22:00:20.376738,2026-07-06T22:00:20.385832+00:00,154.7,100,ask,,,10004135
2026-07-06T22:00:20.376738,2026-07-06T22:00:20.385832+00:00,154.6,8,ask,,,10004136
2026-07-06T22:00:21.169900,2026-07-06T22:00:21.180151+00:00,154.6,11,bid,,,10004150
2026-07-06T22:00:21.580820,2026-07-06T22:00:21.588163+00:00,154.3,8,ask,,,10004156
2026-07-06T22:00:21.580820,2026-07-06T22:00:21.593763+00:00,154.1,42,ask,,,10004157
2026-07-06T22:00:23.690087,2026-07-06T22:00:23.701616+00:00,154.4,50,ask,,,10004182
2026-07-06T22:00:24.879642,2026-07-06T22:00:24.887250+00:00,154.7,8,bid,,,10004196
2026-07-06T22:00:24.879642,2026-07-06T22:00:24.892534+00:00,154.8,32,bid,,,10004197
2026-07-06T22:00:25.796709,2026-07-06T22:00:25.812114+00:00,154.4,50,ask,,,10004212
2026-07-06T22:00:26.986168,2026-07-06T22:00:26.997805+00:00,154.6,41,bid,,,10004232
2026-07-06T22:00:27.560082,2026-07-06T22:00:27.571798+00:00,154.6,42,bid,,,10004234
2026-07-06T22:00:29.609617,2026-07-06T22:00:29.619867+00:00,154.5,42,ask,,,10004266
2026-07-06T22:00:32.115943,2026-07-06T22:00:32.123690+00:00,154.5,50,ask,,,10004306
2026-07-06T22:00:32.306831,2026-07-06T22:00:32.318335+00:00,154.7,46,bid,,,10004308
2026-07-06T22:00:34.222440,2026-07-06T22:00:34.234223+00:00,154.4,50,ask,,,10004333
2026-07-06T22:00:35.931550,2026-07-06T22:00:35.939529+00:00,154.4,47,ask,,,10004353
2026-07-06T22:00:36.329508,2026-07-06T22:00:36.341051+00:00,154.3,8,ask,,,10004362
2026-07-06T22:00:36.329508,2026-07-06T22:00:36.341051+00:00,154.1,42,ask,,,10004363
2026-07-06T22:00:36.582815,2026-07-06T22:00:36.594665+00:00,154.6,42,bid,,,10004366
2026-07-06T22:00:37.605692,2026-07-06T22:00:37.617323+00:00,154.2,8,ask,,,10004382
2026-07-06T22:00:37.605692,2026-07-06T22:00:37.617323+00:00,154.1,33,ask,,,10004383
2026-07-06T22:00:38.436988,2026-07-06T22:00:38.445102+00:00,154.2,8,ask,,,10004390
2026-07-06T22:00:38.436988,2026-07-06T22:00:38.450130+00:00,154.1,25,ask,,,10004391
2026-07-06T22:00:38.436988,2026-07-06T22:00:38.450130+00:00,154.1,17,ask,,,10004392
2026-07-06T22:00:40.546269,2026-07-06T22:00:40.558584+00:00,154.1,50,ask,,,10004421
2026-07-06T22:00:41.871952,2026-07-06T22:00:41.883681+00:00,154.6,41,bid,,,10004437
2026-07-06T22:00:42.652864,2026-07-06T22:00:42.664670+00:00,154.1,50,ask,,,10004446
2026-07-06T22:00:43.247207,2026-07-06T22:00:43.259027+00:00,154.1,43,ask,,,10004453
2026-07-06T22:00:43.270428,2026-07-06T22:00:43.278800+00:00,154.5,12,bid,,,10004454
2026-07-06T22:00:44.982462,2026-07-06T22:00:44.990990+00:00,154.2,8,ask,,,10004477
2026-07-06T22:00:44.992056,2026-07-06T22:00:45.001018+00:00,154.2,11,bid,,,10004478
2026-07-06T22:00:45.742693,2026-07-06T22:00:45.752683+00:00,154.2,8,bid,,,10004488
2026-07-06T22:00:46.204930,2026-07-06T22:00:46.216415+00:00,154.2,49,bid,,,10004492
2026-07-06T22:00:46.867554,2026-07-06T22:00:46.879700+00:00,154.0,8,ask,,,10004503
2026-07-06T22:00:46.867554,2026-07-06T22:00:46.879700+00:00,153.9,42,ask,,,10004504
2026-07-06T22:00:47.372847,2026-07-06T22:00:47.382083+00:00,153.9,45,ask,,,10004517
2026-07-06T22:00:47.915328,2026-07-06T22:00:47.963624+00:00,154.2,24,bid,,,10004521
2026-07-06T22:00:47.915328,2026-07-06T22:00:47.963624+00:00,154.4,21,bid,,,10004522
2026-07-06T22:00:48.979190,2026-07-06T22:00:48.990461+00:00,154.0,50,ask,,,10004537
2026-07-06T22:00:50.546491,2026-07-06T22:00:50.563764+00:00,154.0,44,ask,,,10004556
2026-07-06T22:00:51.085552,2026-07-06T22:00:51.097322+00:00,154.0,6,ask,,,10004560
2026-07-06T22:00:55.059550,2026-07-06T22:00:55.067962+00:00,154.1,11,bid,,,10004610
2026-07-06T22:00:55.247361,2026-07-06T22:00:55.263656+00:00,154.1,50,bid,,,10004614
2026-07-06T22:00:56.247076,2026-07-06T22:00:56.256396+00:00,154.1,12,bid,,,10004628
2026-07-06T22:00:57.355432,2026-07-06T22:00:57.358611+00:00,154.1,27,bid,,,10004640
2026-07-06T22:00:57.355432,2026-07-06T22:00:57.368702+00:00,154.3,23,bid,,,10004641
2026-07-06T22:00:57.597158,2026-07-06T22:00:57.608867+00:00,154.3,44,bid,,,10004642
2026-07-06T22:01:01.584448,2026-07-06T22:01:01.593165+00:00,154.5,50,bid,,,10004692
2026-07-06T22:01:02.764608,2026-07-06T22:01:02.774415+00:00,154.2,8,ask,,,10004706
2026-07-06T22:01:02.764608,2026-07-06T22:01:02.774415+00:00,154.1,33,ask,,,10004707
2026-07-06T22:01:03.692619,2026-07-06T22:01:03.704624+00:00,154.5,50,bid,,,10004721
2026-07-06T22:01:04.723329,2026-07-06T22:01:04.733001+00:00,154.3,12,ask,,,10004735
2026-07-06T22:01:05.799863,2026-07-06T22:01:05.807441+00:00,154.5,50,bid,,,10004751
2026-07-06T22:01:07.231125,2026-07-06T22:01:07.238294+00:00,154.4,8,ask,,,10004778
2026-07-06T22:01:07.231125,2026-07-06T22:01:07.243534+00:00,154.4,35,ask,,,10004779
2026-07-06T22:01:07.858747,2026-07-06T22:01:07.869304+00:00,154.7,8,bid,,,10004794
2026-07-06T22:01:07.858747,2026-07-06T22:01:07.869304+00:00,154.7,38,bid,,,10004795
2026-07-06T22:01:07.906141,2026-07-06T22:01:07.914316+00:00,154.7,50,bid,,,10004796
2026-07-06T22:01:09.628213,2026-07-06T22:01:09.637010+00:00,154.5,8,ask,,,10004819
2026-07-06T22:01:10.335907,2026-07-06T22:01:10.347605+00:00,154.3,8,ask,,,10004836
2026-07-06T22:01:10.335907,2026-07-06T22:01:10.347605+00:00,154.2,36,ask,,,10004837
2026-07-06T22:01:12.008071,2026-07-06T22:01:12.019559+00:00,154.7,8,bid,,,10004851
2026-07-06T22:01:12.008071,2026-07-06T22:01:12.019559+00:00,154.7,37,bid,,,10004852
2026-07-06T22:01:12.049136,2026-07-06T22:01:12.059204+00:00,154.4,3,ask,,,10004854
2026-07-06T22:01:12.169519,2026-07-06T22:01:12.181413+00:00,154.4,50,ask,,,10004859
2026-07-06T22:01:13.107427,2026-07-06T22:01:13.118986+00:00,154.7,42,bid,,,10004872
2026-07-06T22:01:14.278244,2026-07-06T22:01:14.289822+00:00,154.5,50,ask,,,10004884
2026-07-06T22:01:14.597402,2026-07-06T22:01:14.609012+00:00,154.5,41,ask,,,10004888
2026-07-06T22:01:16.385274,2026-07-06T22:01:16.394475+00:00,154.5,9,ask,,,10004913
2026-07-06T22:01:16.385274,2026-07-06T22:01:16.394475+00:00,154.4,8,ask,,,10004914
2026-07-06T22:01:16.385274,2026-07-06T22:01:16.399639+00:00,154.2,33,ask,,,10004915
2026-07-06T22:01:19.946952,2026-07-06T22:01:19.955924+00:00,154.3,11,ask,,,10004965
2026-07-06T22:01:20.279378,2026-07-06T22:01:20.287353+00:00,154.3,41,ask,,,10004968
2026-07-06T22:01:20.547085,2026-07-06T22:01:20.555739+00:00,154.3,50,bid,,,10004972
2026-07-06T22:01:20.818128,2026-07-06T22:01:20.833927+00:00,154.1,8,ask,,,10004973
2026-07-06T22:01:20.818128,2026-07-06T22:01:20.833927+00:00,154.0,33,ask,,,10004974
2026-07-06T22:01:22.655420,2026-07-06T22:01:22.667224+00:00,154.3,50,bid,,,10005004
2026-07-06T22:01:23.884266,2026-07-06T22:01:23.894284+00:00,154.2,12,ask,,,10005019
2026-07-06T22:01:24.410477,2026-07-06T22:01:24.422251+00:00,154.2,43,ask,,,10005026
2026-07-06T22:01:24.815240,2026-07-06T22:01:24.826707+00:00,154.2,50,ask,,,10005034
2026-07-06T22:01:25.575859,2026-07-06T22:01:25.585179+00:00,154.3,8,bid,,,10005044
2026-07-06T22:01:25.575859,2026-07-06T22:01:25.585179+00:00,154.4,32,bid,,,10005045
2026-07-06T22:01:26.109290,2026-07-06T22:01:26.116649+00:00,154.6,8,bid,,,10005058
2026-07-06T22:01:26.109290,2026-07-06T22:01:26.122038+00:00,154.7,32,bid,,,10005059
2026-07-06T22:01:26.614821,2026-07-06T22:01:26.624301+00:00,154.2,8,ask,,,10005073
2026-07-06T22:01:26.872082,2026-07-06T22:01:26.888469+00:00,154.1,50,bid,,,10005080
2026-07-06T22:01:28.077859,2026-07-06T22:01:28.089653+00:00,153.8,48,ask,,,10005095
2026-07-06T22:01:28.977399,2026-07-06T22:01:28.987274+00:00,154.1,50,bid,,,10005104
2026-07-06T22:01:29.967276,2026-07-06T22:01:29.979414+00:00,154.0,100,bid,,,10005117
2026-07-06T22:01:29.967276,2026-07-06T22:01:29.979414+00:00,154.0,8,bid,,,10005118
2026-07-06T22:01:31.135852,2026-07-06T22:01:31.147485+00:00,154.0,42,ask,,,10005130
2026-07-06T22:01:31.135852,2026-07-06T22:01:31.147485+00:00,153.7,8,ask,,,10005131
2026-07-06T22:01:31.707401,2026-07-06T22:01:31.719316+00:00,154.2,8,bid,,,10005137
2026-07-06T22:01:31.707401,2026-07-06T22:01:31.719316+00:00,154.5,39,bid,,,10005138
2026-07-06T22:01:32.688754,2026-07-06T22:01:32.700467+00:00,153.9,46,ask,,,10005149
2026-07-06T22:01:33.182611,2026-07-06T22:01:33.189554+00:00,153.9,54,ask,,,10005155
2026-07-06T22:01:33.216491,2026-07-06T22:01:33.225577+00:00,153.8,48,bid,,,10005157
2026-07-06T22:01:33.244809,2026-07-06T22:01:33.253612+00:00,153.7,8,ask,,,10005158
2026-07-06T22:01:33.244809,2026-07-06T22:01:33.253612+00:00,153.3,42,ask,,,10005159
2026-07-06T22:01:33.761256,2026-07-06T22:01:33.768643+00:00,153.6,8,ask,,,10005170
2026-07-06T22:01:34.409823,2026-07-06T22:01:34.419053+00:00,153.8,23,bid,,,10005178
2026-07-06T22:01:35.352366,2026-07-06T22:01:35.337847+00:00,153.4,8,ask,,,10005194
2026-07-06T22:01:35.352366,2026-07-06T22:01:35.337847+00:00,153.3,42,ask,,,10005195
2026-07-06T22:01:35.840406,2026-07-06T22:01:35.848451+00:00,153.8,25,bid,,,10005204
2026-07-06T22:01:35.840406,2026-07-06T22:01:35.848451+00:00,153.9,24,bid,,,10005205
2026-07-06T22:01:37.463358,2026-07-06T22:01:37.471108+00:00,153.5,50,ask,,,10005229
2026-07-06T22:01:38.334590,2026-07-06T22:01:38.342836+00:00,153.5,11,ask,,,10005247
2026-07-06T22:01:38.788072,2026-07-06T22:01:38.795705+00:00,153.5,89,ask,,,10005253
2026-07-06T22:01:39.506428,2026-07-06T22:01:39.513548+00:00,153.2,8,ask,,,10005263
2026-07-06T22:01:39.520108,2026-07-06T22:01:39.528599+00:00,153.2,22,bid,,,10005264
2026-07-06T22:01:39.571018,2026-07-06T22:01:39.582664+00:00,153.0,50,ask,,,10005267
2026-07-06T22:01:39.639620,2026-07-06T22:01:39.648187+00:00,153.2,12,bid,,,10005268
2026-07-06T22:01:40.959674,2026-07-06T22:01:40.974840+00:00,153.2,11,bid,,,10005290
2026-07-06T22:01:41.626668,2026-07-06T22:01:41.636696+00:00,153.2,50,bid,,,10005302
2026-07-06T22:01:41.897913,2026-07-06T22:01:41.906445+00:00,153.2,47,bid,,,10005305
2026-07-06T22:01:42.269822,2026-07-06T22:01:42.278642+00:00,153.4,11,ask,,,10005312
2026-07-06T22:01:42.628812,2026-07-06T22:01:42.639822+00:00,153.5,12,ask,,,10005320
2026-07-06T22:01:43.521570,2026-07-06T22:01:43.528050+00:00,153.5,48,ask,,,10005329
2026-07-06T22:01:43.733471,2026-07-06T22:01:43.744458+00:00,153.7,8,bid,,,10005336
2026-07-06T22:01:43.733471,2026-07-06T22:01:43.744458+00:00,153.9,42,bid,,,10005337
2026-07-06T22:01:44.503521,2026-07-06T22:01:44.515338+00:00,153.5,46,ask,,,10005353
2026-07-06T22:01:45.893143,2026-07-06T22:01:45.904742+00:00,153.4,8,ask,,,10005369
2026-07-06T22:01:45.893143,2026-07-06T22:01:45.904742+00:00,153.4,42,ask,,,10005370
2026-07-06T22:01:47.974308,2026-07-06T22:01:47.985770+00:00,153.6,41,bid,,,10005396
2026-07-06T22:01:48.003374,2026-07-06T22:01:48.014816+00:00,153.4,50,ask,,,10005397
2026-07-06T22:01:48.465338,2026-07-06T22:01:48.476841+00:00,153.6,48,bid,,,10005401
2026-07-06T22:01:49.659041,2026-07-06T22:01:49.670633+00:00,153.6,43,bid,,,10005415
2026-07-06T22:01:50.120174,2026-07-06T22:01:50.128256+00:00,153.5,50,ask,,,10005417
2026-07-06T22:01:50.729171,2026-07-06T22:01:50.743085+00:00,153.5,49,ask,,,10005434
2026-07-06T22:01:51.228229,2026-07-06T22:01:51.237265+00:00,153.5,47,ask,,,10005437
2026-07-06T22:01:52.158681,2026-07-06T22:01:52.170334+00:00,153.4,8,ask,,,10005447
2026-07-06T22:01:52.158681,2026-07-06T22:01:52.170334+00:00,153.3,100,ask,,,10005448
2026-07-06T22:01:52.765016,2026-07-06T22:01:52.773450+00:00,153.3,12,bid,,,10005457
2026-07-06T22:01:53.612844,2026-07-06T22:01:53.620499+00:00,153.3,30,bid,,,10005467
2026-07-06T22:01:53.612844,2026-07-06T22:01:53.626005+00:00,153.7,8,bid,,,10005468
2026-07-06T22:01:53.612844,2026-07-06T22:01:53.626005+00:00,153.8,11,bid,,,10005469
2026-07-06T22:01:54.344596,2026-07-06T22:01:54.358589+00:00,153.0,8,ask,,,10005482
2026-07-06T22:01:55.270093,2026-07-06T22:01:55.281980+00:00,153.4,100,bid,,,10005496
2026-07-06T22:01:56.399780,2026-07-06T22:01:56.411496+00:00,153.8,8,bid,,,10005511
2026-07-06T22:01:56.399780,2026-07-06T22:01:56.411496+00:00,153.9,42,bid,,,10005512
2026-07-06T22:01:56.477056,2026-07-06T22:01:56.488757+00:00,153.4,43,ask,,,10005513
2026-07-06T22:01:58.511246,2026-07-06T22:01:58.519168+00:00,153.5,50,bid,,,10005537
2026-07-06T22:02:00.635648,2026-07-06T22:02:00.647081+00:00,153.5,50,bid,,,10005569
2026-07-06T22:02:00.997813,2026-07-06T22:02:01.012535+00:00,153.5,41,bid,,,10005574
2026-07-06T22:02:01.598043,2026-07-06T22:02:01.638200+00:00,153.7,47,ask,,,10005586
2026-07-06T22:02:01.601829,2026-07-06T22:02:01.638200+00:00,153.7,12,ask,,,10005587
2026-07-06T22:02:02.121065,2026-07-06T22:02:02.132545+00:00,153.9,47,bid,,,10005590
2026-07-06T22:02:02.742987,2026-07-06T22:02:02.763661+00:00,153.9,50,bid,,,10005596
2026-07-06T22:02:02.844050,2026-07-06T22:02:02.863712+00:00,153.7,49,ask,,,10005598
2026-07-06T22:02:03.240924,2026-07-06T22:02:03.249395+00:00,153.7,11,ask,,,10005602
2026-07-06T22:02:03.380600,2026-07-06T22:02:03.392035+00:00,153.7,31,ask,,,10005605
2026-07-06T22:02:04.852105,2026-07-06T22:02:04.864055+00:00,153.7,50,bid,,,10005622
2026-07-06T22:02:05.083954,2026-07-06T22:02:05.092993+00:00,153.7,49,bid,,,10005623
2026-07-06T22:02:05.607189,2026-07-06T22:02:05.628172+00:00,153.7,48,bid,,,10005631
2026-07-06T22:02:06.233688,2026-07-06T22:02:06.245234+00:00,153.6,47,ask,,,10005640
2026-07-06T22:02:06.794864,2026-07-06T22:02:06.807120+00:00,153.7,3,bid,,,10005648
2026-07-06T22:02:06.794864,2026-07-06T22:02:06.807120+00:00,154.0,8,bid,,,10005649
2026-07-06T22:02:06.794864,2026-07-06T22:02:06.807120+00:00,154.1,29,bid,,,10005650
2026-07-06T22:02:06.960848,2026-07-06T22:02:06.967675+00:00,154.1,50,bid,,,10005654
2026-07-06T22:02:07.275546,2026-07-06T22:02:07.284299+00:00,153.8,11,ask,,,10005660
2026-07-06T22:02:07.689786,2026-07-06T22:02:07.704881+00:00,153.8,12,ask,,,10005668
2026-07-06T22:02:09.068316,2026-07-06T22:02:09.079840+00:00,153.9,8,bid,,,10005686
2026-07-06T22:02:09.068316,2026-07-06T22:02:09.079840+00:00,154.1,42,bid,,,10005687
2026-07-06T22:02:09.278533,2026-07-06T22:02:09.290202+00:00,153.8,43,ask,,,10005693
2026-07-06T22:02:10.260278,2026-07-06T22:02:10.269284+00:00,153.8,8,ask,,,10005705
2026-07-06T22:02:11.178781,2026-07-06T22:02:11.190413+00:00,153.8,50,bid,,,10005714
2026-07-06T22:02:11.699500,2026-07-06T22:02:11.709517+00:00,153.8,43,bid,,,10005720
2026-07-06T22:02:13.286533,2026-07-06T22:02:13.298265+00:00,153.8,7,bid,,,10005741
2026-07-06T22:02:13.286533,2026-07-06T22:02:13.298265+00:00,154.2,43,bid,,,10005742
2026-07-06T22:02:13.483523,2026-07-06T22:02:13.493056+00:00,153.7,42,ask,,,10005744
2026-07-06T22:02:13.759512,2026-07-06T22:02:13.767647+00:00,153.7,11,ask,,,10005748
2026-07-06T22:02:15.653072,2026-07-06T22:02:15.665030+00:00,153.7,48,ask,,,10005773
2026-07-06T22:02:17.551841,2026-07-06T22:02:17.556081+00:00,153.7,50,ask,,,10005796
2026-07-06T22:02:18.122104,2026-07-06T22:02:18.129033+00:00,153.8,8,bid,,,10005809
2026-07-06T22:02:18.122104,2026-07-06T22:02:18.134272+00:00,154.0,35,bid,,,10005810
2026-07-06T22:02:18.758327,2026-07-06T22:02:18.769982+00:00,154.0,48,bid,,,10005814
2026-07-06T22:02:21.710879,2026-07-06T22:02:21.719812+00:00,153.9,8,bid,,,10005838
2026-07-06T22:02:21.710879,2026-07-06T22:02:21.719812+00:00,153.9,42,bid,,,10005839
2026-07-06T22:02:21.872782,2026-07-06T22:02:21.882793+00:00,153.8,8,ask,,,10005841
2026-07-06T22:02:23.255221,2026-07-06T22:02:23.266925+00:00,153.6,45,ask,,,10005864
2026-07-06T22:02:23.872237,2026-07-06T22:02:23.883923+00:00,153.6,50,ask,,,10005869
2026-07-06T22:02:25.232470,2026-07-06T22:02:25.244067+00:00,153.9,8,bid,,,10005885
2026-07-06T22:02:25.232470,2026-07-06T22:02:25.244067+00:00,154.0,37,bid,,,10005886
2026-07-06T22:02:28.081358,2026-07-06T22:02:28.092838+00:00,153.8,50,ask,,,10005919
2026-07-06T22:02:30.141095,2026-07-06T22:02:30.144775+00:00,154.1,8,bid,,,10005946
2026-07-06T22:02:30.141095,2026-07-06T22:02:30.144775+00:00,154.2,42,bid,,,10005947
2026-07-06T22:02:32.159602,2026-07-06T22:02:32.171138+00:00,153.7,47,ask,,,10005974
2026-07-06T22:02:32.250841,2026-07-06T22:02:32.257342+00:00,154.1,8,bid,,,10005975
2026-07-06T22:02:32.250841,2026-07-06T22:02:32.257342+00:00,154.2,42,bid,,,10005976
2026-07-06T22:02:32.765673,2026-07-06T22:02:32.777392+00:00,153.9,8,bid,,,10005986
2026-07-06T22:02:34.410306,2026-07-06T22:02:34.422062+00:00,153.6,8,ask,,,10006003
2026-07-06T22:02:34.410306,2026-07-06T22:02:34.422062+00:00,153.5,42,ask,,,10006004
2026-07-06T22:02:34.595142,2026-07-06T22:02:34.606976+00:00,153.5,48,ask,,,10006007
2026-07-06T22:02:36.186228,2026-07-06T22:02:36.193539+00:00,153.8,45,bid,,,10006025
2026-07-06T22:02:36.518296,2026-07-06T22:02:36.529889+00:00,153.5,50,ask,,,10006033
2026-07-06T22:02:37.780935,2026-07-06T22:02:37.792884+00:00,153.5,48,ask,,,10006055
2026-07-06T22:02:38.574631,2026-07-06T22:02:38.586270+00:00,153.8,50,bid,,,10006065
2026-07-06T22:02:40.680356,2026-07-06T22:02:40.691832+00:00,153.5,50,bid,,,10006086
2026-07-06T22:02:41.322575,2026-07-06T22:02:41.331106+00:00,153.5,11,bid,,,10006099
2026-07-06T22:02:42.788760,2026-07-06T22:02:42.796248+00:00,153.7,8,bid,,,10006114
2026-07-06T22:02:44.893864,2026-07-06T22:02:44.902481+00:00,153.7,50,bid,,,10006142
2026-07-06T22:02:46.464142,2026-07-06T22:02:46.476018+00:00,153.9,8,bid,,,10006161
2026-07-06T22:02:46.464142,2026-07-06T22:02:46.476018+00:00,154.0,32,bid,,,10006162
2026-07-06T22:02:47.028821,2026-07-06T22:02:47.036226+00:00,154.0,50,bid,,,10006169
2026-07-06T22:02:48.847222,2026-07-06T22:02:48.859112+00:00,154.0,11,ask,,,10006192
2026-07-06T22:02:49.136451,2026-07-06T22:02:49.145283+00:00,154.5,50,bid,,,10006197
2026-07-06T22:02:51.295998,2026-07-06T22:02:51.307411+00:00,154.0,50,ask,,,10006221
2026-07-06T22:02:52.605376,2026-07-06T22:02:52.614683+00:00,153.9,44,ask,,,10006242
2026-07-06T22:02:55.454492,2026-07-06T22:02:55.466116+00:00,154.3,50,bid,,,10006263
2026-07-06T22:02:57.068040,2026-07-06T22:02:57.076491+00:00,154.3,40,bid,,,10006283
2026-07-06T22:02:57.607063,2026-07-06T22:02:57.614930+00:00,153.8,8,ask,,,10006291
2026-07-06T22:02:57.607063,2026-07-06T22:02:57.620169+00:00,153.8,32,ask,,,10006292
2026-07-06T22:02:57.613786,2026-07-06T22:02:57.620169+00:00,153.8,50,ask,,,10006293
2026-07-06T22:02:58.124882,2026-07-06T22:02:58.136456+00:00,153.8,46,ask,,,10006308
2026-07-06T22:03:00.808751,2026-07-06T22:03:00.820675+00:00,153.9,8,bid,,,10006342
2026-07-06T22:03:00.808751,2026-07-06T22:03:00.820675+00:00,154.0,32,bid,,,10006343
2026-07-06T22:03:01.339589,2026-07-06T22:03:01.351134+00:00,154.0,40,bid,,,10006351
2026-07-06T22:03:01.787609,2026-07-06T22:03:01.799288+00:00,154.1,50,bid,,,10006357
2026-07-06T22:03:02.178518,2026-07-06T22:03:02.189305+00:00,153.6,12,ask,,,10006366
2026-07-06T22:03:02.321737,2026-07-06T22:03:02.330220+00:00,153.6,11,ask,,,10006371
2026-07-06T22:03:03.896264,2026-07-06T22:03:03.907810+00:00,154.1,50,bid,,,10006389
2026-07-06T22:03:04.642880,2026-07-06T22:03:04.658557+00:00,153.6,46,ask,,,10006399
2026-07-06T22:03:06.060388,2026-07-06T22:03:06.069832+00:00,153.5,50,ask,,,10006409
2026-07-06T22:03:07.931245,2026-07-06T22:03:07.963629+00:00,153.8,42,bid,,,10006429
2026-07-06T22:03:08.114821,2026-07-06T22:03:08.122738+00:00,154.0,50,bid,,,10006430
2026-07-06T22:03:09.517149,2026-07-06T22:03:09.528839+00:00,154.0,44,bid,,,10006450
2026-07-06T22:03:10.221979,2026-07-06T22:03:10.233925+00:00,154.0,6,bid,,,10006456
2026-07-06T22:03:10.221979,2026-07-06T22:03:10.233925+00:00,154.1,44,bid,,,10006457
2026-07-06T22:03:11.489988,2026-07-06T22:03:11.499379+00:00,153.8,3,ask,,,10006477
2026-07-06T22:03:12.382279,2026-07-06T22:03:12.394170+00:00,153.8,50,ask,,,10006488
2026-07-06T22:03:15.183780,2026-07-06T22:03:15.191607+00:00,153.6,45,ask,,,10006529
2026-07-06T22:03:15.745106,2026-07-06T22:03:15.758575+00:00,153.9,49,bid,,,10006542
2026-07-06T22:03:16.551117,2026-07-06T22:03:16.557488+00:00,153.9,50,bid,,,10006549
2026-07-06T22:03:17.629017,2026-07-06T22:03:17.640426+00:00,153.9,100,ask,,,10006568
2026-07-06T22:03:18.657613,2026-07-06T22:03:18.669377+00:00,153.8,50,bid,,,10006585
2026-07-06T22:03:20.769333,2026-07-06T22:03:20.779603+00:00,154.3,50,bid,,,10006613
2026-07-06T22:03:22.928909,2026-07-06T22:03:22.928472+00:00,153.8,50,ask,,,10006640
2026-07-06T22:03:24.612668,2026-07-06T22:03:24.626547+00:00,153.8,43,ask,,,10006657
2026-07-06T22:03:25.035984,2026-07-06T22:03:25.042831+00:00,153.8,50,ask,,,10006670
2026-07-06T22:03:26.689205,2026-07-06T22:03:26.697982+00:00,153.8,49,ask,,,10006691
2026-07-06T22:03:27.292223,2026-07-06T22:03:27.303824+00:00,153.6,48,ask,,,10006704
2026-07-06T22:03:29.246255,2026-07-06T22:03:29.253977+00:00,153.6,50,ask,,,10006723
2026-07-06T22:03:29.815975,2026-07-06T22:03:29.826851+00:00,153.8,3,bid,,,10006736
2026-07-06T22:03:31.301695,2026-07-06T22:03:31.313359+00:00,153.8,50,bid,,,10006752
2026-07-06T22:03:34.759755,2026-07-06T22:03:34.771266+00:00,153.7,41,bid,,,10006794
2026-07-06T22:03:35.563868,2026-07-06T22:03:35.575679+00:00,153.3,50,ask,,,10006802
2026-07-06T22:03:36.787929,2026-07-06T22:03:36.799455+00:00,153.7,46,bid,,,10006817
2026-07-06T22:03:37.391895,2026-07-06T22:03:37.402865+00:00,153.7,40,bid,,,10006826
2026-07-06T22:03:37.672655,2026-07-06T22:03:37.684338+00:00,153.4,50,ask,,,10006830
2026-07-06T22:03:38.356059,2026-07-06T22:03:38.367540+00:00,153.4,49,ask,,,10006835
2026-07-06T22:03:39.592649,2026-07-06T22:03:39.604264+00:00,153.8,48,bid,,,10006851
2026-07-06T22:03:39.762168,2026-07-06T22:03:39.773741+00:00,153.3,100,ask,,,10006854
2026-07-06T22:03:39.774896,2026-07-06T22:03:39.789134+00:00,153.3,11,bid,,,10006855
2026-07-06T22:03:39.779429,2026-07-06T22:03:39.789134+00:00,153.1,8,ask,,,10006856
2026-07-06T22:03:39.779429,2026-07-06T22:03:39.789134+00:00,152.8,42,ask,,,10006857
2026-07-06T22:03:41.235861,2026-07-06T22:03:41.258593+00:00,152.9,8,ask,,,10006878
2026-07-06T22:03:41.235861,2026-07-06T22:03:41.258593+00:00,152.8,32,ask,,,10006879
2026-07-06T22:03:41.738500,2026-07-06T22:03:41.758602+00:00,153.3,39,bid,,,10006886
2026-07-06T22:03:41.738500,2026-07-06T22:03:41.758602+00:00,153.4,2,bid,,,10006887
2026-07-06T22:03:41.887283,2026-07-06T22:03:41.894254+00:00,152.8,50,ask,,,10006888
2026-07-06T22:03:43.233685,2026-07-06T22:03:43.244625+00:00,153.2,49,ask,,,10006899
2026-07-06T22:03:43.847238,2026-07-06T22:03:43.858735+00:00,153.4,43,bid,,,10006907
2026-07-06T22:03:44.001616,2026-07-06T22:03:44.010786+00:00,153.2,50,ask,,,10006911
2026-07-06T22:03:45.582915,2026-07-06T22:03:45.591484+00:00,153.4,12,bid,,,10006931
2026-07-06T22:03:46.035157,2026-07-06T22:03:46.047102+00:00,153.4,8,bid,,,10006941
2026-07-06T22:03:46.084677,2026-07-06T22:03:46.096278+00:00,153.5,47,bid,,,10006943
2026-07-06T22:03:46.108325,2026-07-06T22:03:46.118853+00:00,153.4,50,ask,,,10006944
2026-07-06T22:03:46.139260,2026-07-06T22:03:46.150807+00:00,153.4,46,ask,,,10006945
2026-07-06T22:03:47.763699,2026-07-06T22:03:47.774381+00:00,153.4,44,ask,,,10006960
2026-07-06T22:03:48.223853,2026-07-06T22:03:48.235630+00:00,153.4,2,ask,,,10006971
2026-07-06T22:03:48.223853,2026-07-06T22:03:48.235630+00:00,153.3,8,ask,,,10006972
2026-07-06T22:03:48.223853,2026-07-06T22:03:48.235630+00:00,153.0,40,ask,,,10006973
2026-07-06T22:03:49.259575,2026-07-06T22:03:49.269912+00:00,153.4,11,bid,,,10006983
2026-07-06T22:03:52.439784,2026-07-06T22:03:52.448948+00:00,153.2,8,ask,,,10007017
2026-07-06T22:03:52.439784,2026-07-06T22:03:52.448948+00:00,153.0,42,ask,,,10007018
2026-07-06T22:03:53.459493,2026-07-06T22:03:53.468300+00:00,153.3,12,bid,,,10007032
2026-07-06T22:03:54.392760,2026-07-06T22:03:54.400368+00:00,153.3,42,bid,,,10007040
2026-07-06T22:03:54.496637,2026-07-06T22:03:54.508494+00:00,153.3,50,bid,,,10007042
2026-07-06T22:03:56.109516,2026-07-06T22:03:56.115760+00:00,153.5,49,bid,,,10007060
2026-07-06T22:03:57.724053,2026-07-06T22:03:57.735858+00:00,153.3,42,ask,,,10007079
2026-07-06T22:04:00.881719,2026-07-06T22:04:00.890912+00:00,153.3,8,ask,,,10007130
2026-07-06T22:04:00.881719,2026-07-06T22:04:00.895941+00:00,153.3,42,ask,,,10007131
2026-07-06T22:04:02.206338,2026-07-06T22:04:02.218012+00:00,153.2,8,ask,,,10007145
2026-07-06T22:04:02.206338,2026-07-06T22:04:02.218012+00:00,153.1,33,ask,,,10007146
2026-07-06T22:04:02.992026,2026-07-06T22:04:03.000951+00:00,153.1,50,ask,,,10007162
2026-07-06T22:04:05.033634,2026-07-06T22:04:05.045113+00:00,153.4,46,bid,,,10007185
2026-07-06T22:04:05.073062,2026-07-06T22:04:05.085091+00:00,153.2,8,ask,,,10007189
2026-07-06T22:04:05.100270,2026-07-06T22:04:05.108307+00:00,152.9,50,ask,,,10007190
2026-07-06T22:04:07.213700,2026-07-06T22:04:07.221511+00:00,153.0,8,ask,,,10007218
2026-07-06T22:04:07.213700,2026-07-06T22:04:07.226767+00:00,152.9,42,ask,,,10007219
2026-07-06T22:04:07.753496,2026-07-06T22:04:07.768734+00:00,153.2,44,bid,,,10007224
2026-07-06T22:04:09.325466,2026-07-06T22:04:09.334940+00:00,153.0,8,ask,,,10007245
2026-07-06T22:04:09.325466,2026-07-06T22:04:09.334940+00:00,152.9,42,ask,,,10007246
2026-07-06T22:04:11.433964,2026-07-06T22:04:11.442226+00:00,152.8,50,ask,,,10007272
2026-07-06T22:04:12.415691,2026-07-06T22:04:12.427185+00:00,152.8,42,ask,,,10007287
2026-07-06T22:04:13.494062,2026-07-06T22:04:13.505654+00:00,153.1,46,bid,,,10007300
2026-07-06T22:04:13.540287,2026-07-06T22:04:13.547619+00:00,152.8,8,ask,,,10007304
2026-07-06T22:04:13.540287,2026-07-06T22:04:13.558619+00:00,152.6,42,ask,,,10007305
2026-07-06T22:04:13.820447,2026-07-06T22:04:13.828854+00:00,152.8,22,bid,,,10007311
2026-07-06T22:04:15.606404,2026-07-06T22:04:15.617939+00:00,152.7,8,ask,,,10007330
2026-07-06T22:04:15.606404,2026-07-06T22:04:15.617939+00:00,152.3,40,ask,,,10007331
2026-07-06T22:04:15.647375,2026-07-06T22:04:15.656387+00:00,152.3,50,ask,,,10007333
2026-07-06T22:04:16.974111,2026-07-06T22:04:16.981502+00:00,152.6,8,ask,,,10007351
2026-07-06T22:04:16.987902,2026-07-06T22:04:16.996091+00:00,152.6,12,bid,,,10007353
2026-07-06T22:04:17.176775,2026-07-06T22:04:17.186130+00:00,152.6,42,bid,,,10007359
2026-07-06T22:04:17.336648,2026-07-06T22:04:17.348181+00:00,152.6,3,bid,,,10007360
2026-07-06T22:04:17.391628,2026-07-06T22:04:17.400177+00:00,152.6,11,bid,,,10007362
2026-07-06T22:04:17.596654,2026-07-06T22:04:17.608326+00:00,152.6,3,bid,,,10007365
2026-07-06T22:04:17.691207,2026-07-06T22:04:17.698403+00:00,152.4,8,ask,,,10007367
2026-07-06T22:04:17.691207,2026-07-06T22:04:17.703673+00:00,152.1,41,ask,,,10007368
2026-07-06T22:04:17.861795,2026-07-06T22:04:17.869565+00:00,152.6,8,bid,,,10007369
2026-07-06T22:04:18.373430,2026-07-06T22:04:18.385022+00:00,152.6,3,bid,,,10007376
2026-07-06T22:04:18.633259,2026-07-06T22:04:18.644778+00:00,152.6,3,bid,,,10007382
2026-07-06T22:04:18.893774,2026-07-06T22:04:18.905234+00:00,152.6,3,bid,,,10007385
2026-07-06T22:04:19.162570,2026-07-06T22:04:19.174364+00:00,152.6,3,bid,,,10007389
2026-07-06T22:04:19.431794,2026-07-06T22:04:19.442172+00:00,152.6,1,bid,,,10007394
2026-07-06T22:04:19.806516,2026-07-06T22:04:19.817882+00:00,153.0,50,bid,,,10007398
2026-07-06T22:04:20.700121,2026-07-06T22:04:20.711850+00:00,152.9,3,bid,,,10007413
2026-07-06T22:04:20.967386,2026-07-06T22:04:20.974468+00:00,152.9,4,bid,,,10007415
2026-07-06T22:04:21.427464,2026-07-06T22:04:21.435698+00:00,152.9,47,bid,,,10007420
2026-07-06T22:04:21.962087,2026-07-06T22:04:21.973649+00:00,152.8,50,ask,,,10007429
2026-07-06T22:04:25.010003,2026-07-06T22:04:25.016380+00:00,152.6,40,ask,,,10007466
2026-07-06T22:04:26.120920,2026-07-06T22:04:26.133966+00:00,153.0,50,bid,,,10007475
2026-07-06T22:04:26.512818,2026-07-06T22:04:26.522801+00:00,152.6,43,ask,,,10007488
2026-07-06T22:04:28.228101,2026-07-06T22:04:28.238157+00:00,152.7,50,bid,,,10007506
2026-07-06T22:04:29.100821,2026-07-06T22:04:29.112611+00:00,152.7,49,bid,,,10007515
2026-07-06T22:04:30.342567,2026-07-06T22:04:30.354119+00:00,153.0,50,bid,,,10007524
2026-07-06T22:04:32.450124,2026-07-06T22:04:32.463607+00:00,153.0,50,bid,,,10007544
2026-07-06T22:04:32.581038,2026-07-06T22:04:32.592840+00:00,153.0,46,bid,,,10007545
2026-07-06T22:04:32.741205,2026-07-06T22:04:32.749725+00:00,152.9,23,ask,,,10007550
2026-07-06T22:04:34.064793,2026-07-06T22:04:34.071304+00:00,152.9,45,ask,,,10007560
2026-07-06T22:04:34.558011,2026-07-06T22:04:34.569841+00:00,153.2,8,bid,,,10007570
2026-07-06T22:04:34.558011,2026-07-06T22:04:34.569841+00:00,153.3,42,bid,,,10007571
2026-07-06T22:04:35.166050,2026-07-06T22:04:35.177977+00:00,152.9,32,ask,,,10007577
2026-07-06T22:04:35.166050,2026-07-06T22:04:35.177977+00:00,152.8,10,ask,,,10007578
2026-07-06T22:04:36.672308,2026-07-06T22:04:36.685607+00:00,153.1,50,bid,,,10007597
2026-07-06T22:04:38.780675,2026-07-06T22:04:38.792588+00:00,153.0,8,bid,,,10007628
2026-07-06T22:04:38.780675,2026-07-06T22:04:38.792588+00:00,153.1,42,bid,,,10007629
2026-07-06T22:04:39.125704,2026-07-06T22:04:39.133652+00:00,152.9,8,ask,,,10007635
2026-07-06T22:04:39.383317,2026-07-06T22:04:39.392406+00:00,152.9,22,ask,,,10007645
2026-07-06T22:04:39.679422,2026-07-06T22:04:39.690938+00:00,152.9,8,ask,,,10007653
2026-07-06T22:04:40.890366,2026-07-06T22:04:40.901118+00:00,153.0,50,bid,,,10007669
2026-07-06T22:04:41.183880,2026-07-06T22:04:41.195618+00:00,153.0,46,bid,,,10007671
2026-07-06T22:04:41.683783,2026-07-06T22:04:41.695761+00:00,153.0,4,bid,,,10007678
2026-07-06T22:04:41.683783,2026-07-06T22:04:41.695761+00:00,153.0,37,bid,,,10007679
2026-07-06T22:04:42.212630,2026-07-06T22:04:42.224517+00:00,153.0,100,bid,,,10007690
2026-07-06T22:04:42.997808,2026-07-06T22:04:43.004419+00:00,153.0,8,bid,,,10007694
2026-07-06T22:04:42.997808,2026-07-06T22:04:43.004419+00:00,153.5,42,bid,,,10007695
2026-07-06T22:04:43.059586,2026-07-06T22:04:43.069477+00:00,153.0,12,ask,,,10007696
2026-07-06T22:04:43.318105,2026-07-06T22:04:43.326822+00:00,153.0,11,ask,,,10007701
2026-07-06T22:04:45.102736,2026-07-06T22:04:45.113553+00:00,153.0,40,ask,,,10007718
2026-07-06T22:04:45.157820,2026-07-06T22:04:45.169601+00:00,153.0,50,ask,,,10007719
2026-07-06T22:04:45.259605,2026-07-06T22:04:45.270239+00:00,153.0,12,ask,,,10007721
2026-07-06T22:04:45.482395,2026-07-06T22:04:45.489819+00:00,153.0,6,ask,,,10007724
2026-07-06T22:04:47.241442,2026-07-06T22:04:47.250337+00:00,152.8,12,bid,,,10007746
2026-07-06T22:04:47.265826,2026-07-06T22:04:47.276236+00:00,152.6,50,ask,,,10007748
2026-07-06T22:04:48.978823,2026-07-06T22:04:48.990383+00:00,152.5,44,ask,,,10007768
2026-07-06T22:04:49.382329,2026-07-06T22:04:49.391174+00:00,152.5,50,ask,,,10007771
2026-07-06T22:04:51.805197,2026-07-06T22:04:51.815001+00:00,152.6,11,bid,,,10007804
2026-07-06T22:04:52.647188,2026-07-06T22:04:52.658657+00:00,152.6,46,bid,,,10007813
2026-07-06T22:04:53.610913,2026-07-06T22:04:53.622485+00:00,152.4,8,ask,,,10007831
2026-07-06T22:04:53.713667,2026-07-06T22:04:53.721437+00:00,152.2,42,ask,,,10007832
2026-07-06T22:04:54.290021,2026-07-06T22:04:54.298782+00:00,152.6,43,bid,,,10007841
2026-07-06T22:04:54.290021,2026-07-06T22:04:54.298782+00:00,152.7,4,bid,,,10007842
2026-07-06T22:04:55.666458,2026-07-06T22:04:55.678051+00:00,152.7,8,bid,,,10007860
2026-07-06T22:04:55.666458,2026-07-06T22:04:55.678051+00:00,152.9,42,bid,,,10007861
2026-07-06T22:04:56.740911,2026-07-06T22:04:56.749694+00:00,152.4,49,ask,,,10007880
2026-07-06T22:04:57.801801,2026-07-06T22:04:57.865467+00:00,152.6,50,bid,,,10007892
2026-07-06T22:04:59.908201,2026-07-06T22:04:59.919690+00:00,152.7,8,bid,,,10007921
2026-07-06T22:04:59.908201,2026-07-06T22:04:59.919690+00:00,152.8,42,bid,,,10007922
2026-07-06T22:05:02.023615,2026-07-06T22:05:02.033079+00:00,152.7,8,bid,,,10007946
2026-07-06T22:05:02.023615,2026-07-06T22:05:02.033079+00:00,152.8,42,bid,,,10007947
2026-07-06T22:05:03.145933,2026-07-06T22:05:03.147189+00:00,152.6,8,bid,,,10007965
2026-07-06T22:05:03.145933,2026-07-06T22:05:03.163821+00:00,152.7,37,bid,,,10007966
2026-07-06T22:05:05.061818,2026-07-06T22:05:05.074362+00:00,152.4,44,ask,,,10007995
2026-07-06T22:05:05.697889,2026-07-06T22:05:05.709655+00:00,152.7,8,bid,,,10008003
2026-07-06T22:05:05.697889,2026-07-06T22:05:05.709655+00:00,152.9,35,bid,,,10008004
2026-07-06T22:05:06.234862,2026-07-06T22:05:06.258598+00:00,152.9,50,bid,,,10008009
2026-07-06T22:05:07.340674,2026-07-06T22:05:07.352348+00:00,152.4,47,ask,,,10008026
2026-07-06T22:05:08.341852,2026-07-06T22:05:08.353490+00:00,152.8,8,bid,,,10008035
2026-07-06T22:05:08.341852,2026-07-06T22:05:08.353490+00:00,153.0,42,bid,,,10008036
2026-07-06T22:05:10.521062,2026-07-06T22:05:10.532336+00:00,152.6,50,ask,,,10008069
2026-07-06T22:05:10.894107,2026-07-06T22:05:10.905916+00:00,152.8,8,bid,,,10008073
2026-07-06T22:05:12.628470,2026-07-06T22:05:12.640152+00:00,152.6,50,ask,,,10008098
2026-07-06T22:05:14.408974,2026-07-06T22:05:14.420847+00:00,152.8,48,bid,,,10008121
2026-07-06T22:05:14.740186,2026-07-06T22:05:14.749305+00:00,152.7,50,ask,,,10008122
2026-07-06T22:05:16.846812,2026-07-06T22:05:16.858246+00:00,152.7,50,ask,,,10008144
2026-07-06T22:05:16.889627,2026-07-06T22:05:16.901451+00:00,152.6,8,ask,,,10008145
2026-07-06T22:05:16.889627,2026-07-06T22:05:16.901451+00:00,152.6,32,ask,,,10008146
2026-07-06T22:05:18.977956,2026-07-06T22:05:18.985345+00:00,152.5,50,ask,,,10008171
2026-07-06T22:05:20.274011,2026-07-06T22:05:20.285674+00:00,152.8,48,bid,,,10008184
2026-07-06T22:05:21.084301,2026-07-06T22:05:21.096067+00:00,152.3,50,ask,,,10008198
2026-07-06T22:05:21.428415,2026-07-06T22:05:21.439885+00:00,152.4,8,ask,,,10008202
2026-07-06T22:05:21.428415,2026-07-06T22:05:21.439885+00:00,152.3,33,ask,,,10008203
2026-07-06T22:05:25.244550,2026-07-06T22:05:25.258542+00:00,152.6,50,bid,,,10008263
2026-07-06T22:05:27.404927,2026-07-06T22:05:27.414248+00:00,152.5,8,ask,,,10008285
2026-07-06T22:05:27.404927,2026-07-06T22:05:27.414248+00:00,152.4,42,ask,,,10008286
2026-07-06T22:05:29.513638,2026-07-06T22:05:29.525382+00:00,152.4,50,ask,,,10008314
2026-07-06T22:05:29.623560,2026-07-06T22:05:29.630828+00:00,152.3,8,ask,,,10008315
2026-07-06T22:05:29.623560,2026-07-06T22:05:29.636014+00:00,152.2,34,ask,,,10008316
2026-07-06T22:05:30.210251,2026-07-06T22:05:30.221771+00:00,152.5,40,bid,,,10008325
2026-07-06T22:05:30.572209,2026-07-06T22:05:30.582321+00:00,152.4,12,bid,,,10008337
2026-07-06T22:05:30.688406,2026-07-06T22:05:30.699933+00:00,152.1,8,ask,,,10008340
2026-07-06T22:05:30.688406,2026-07-06T22:05:30.699933+00:00,152.0,35,ask,,,10008341
2026-07-06T22:05:31.623419,2026-07-06T22:05:31.630939+00:00,152.1,8,ask,,,10008355
2026-07-06T22:05:31.623419,2026-07-06T22:05:31.636362+00:00,152.0,42,ask,,,10008356
2026-07-06T22:05:32.091522,2026-07-06T22:05:32.098078+00:00,152.4,49,bid,,,10008364
2026-07-06T22:05:32.626717,2026-07-06T22:05:32.639709+00:00,152.1,8,ask,,,10008373
2026-07-06T22:05:32.626717,2026-07-06T22:05:32.639709+00:00,152.0,23,ask,,,10008374
2026-07-06T22:05:32.626717,2026-07-06T22:05:32.639709+00:00,151.9,12,ask,,,10008375
2026-07-06T22:05:33.679602,2026-07-06T22:05:33.691087+00:00,152.2,50,bid,,,10008394
2026-07-06T22:05:34.778939,2026-07-06T22:05:34.790497+00:00,152.2,49,bid,,,10008416
2026-07-06T22:05:34.833717,2026-07-06T22:05:34.845357+00:00,152.0,8,ask,,,10008417
2026-07-06T22:05:34.833717,2026-07-06T22:05:34.845357+00:00,151.9,38,ask,,,10008418
2026-07-06T22:05:35.297344,2026-07-06T22:05:35.308927+00:00,152.2,1,bid,,,10008430
2026-07-06T22:05:35.297344,2026-07-06T22:05:35.308927+00:00,152.4,39,bid,,,10008431
2026-07-06T22:05:35.786357,2026-07-06T22:05:35.797996+00:00,152.4,50,bid,,,10008434
2026-07-06T22:05:37.892299,2026-07-06T22:05:37.903856+00:00,152.4,8,bid,,,10008463
2026-07-06T22:05:37.892299,2026-07-06T22:05:37.903856+00:00,152.4,42,bid,,,10008464
2026-07-06T22:05:40.000754,2026-07-06T22:05:40.012448+00:00,152.6,50,bid,,,10008493
2026-07-06T22:05:42.141250,2026-07-06T22:05:42.140421+00:00,152.1,42,ask,,,10008518
2026-07-06T22:05:42.158674,2026-07-06T22:05:42.170086+00:00,152.1,50,ask,,,10008519
2026-07-06T22:05:43.647268,2026-07-06T22:05:43.658588+00:00,151.7,47,ask,,,10008543
2026-07-06T22:05:45.014791,2026-07-06T22:05:45.026945+00:00,152.1,8,bid,,,10008562
2026-07-06T22:05:45.014791,2026-07-06T22:05:45.026945+00:00,152.2,36,bid,,,10008563
2026-07-06T22:05:46.317873,2026-07-06T22:05:46.324659+00:00,152.2,50,bid,,,10008576
2026-07-06T22:05:48.424198,2026-07-06T22:05:48.435992+00:00,152.2,50,bid,,,10008613
2026-07-06T22:05:50.586828,2026-07-06T22:05:50.597887+00:00,151.9,50,ask,,,10008642
2026-07-06T22:05:50.621198,2026-07-06T22:05:50.630900+00:00,151.9,12,ask,,,10008643
2026-07-06T22:05:52.650322,2026-07-06T22:05:52.656617+00:00,152.1,44,bid,,,10008677
2026-07-06T22:05:52.692622,2026-07-06T22:05:52.704363+00:00,151.9,50,ask,,,10008678
2026-07-06T22:05:54.799481,2026-07-06T22:05:54.809628+00:00,151.9,50,ask,,,10008716
2026-07-06T22:05:55.867799,2026-07-06T22:05:55.876436+00:00,152.0,50,ask,,,10008728
2026-07-06T22:05:57.516728,2026-07-06T22:05:57.526298+00:00,151.8,42,ask,,,10008753
2026-07-06T22:05:58.164247,2026-07-06T22:05:58.173927+00:00,151.5,42,ask,,,10008769
2026-07-06T22:05:58.979875,2026-07-06T22:05:58.995544+00:00,152.0,50,bid,,,10008781
2026-07-06T22:05:59.103659,2026-07-06T22:05:59.113435+00:00,151.8,12,bid,,,10008783
2026-07-06T22:06:01.142252,2026-07-06T22:06:01.158594+00:00,151.7,8,ask,,,10008813
2026-07-06T22:06:01.142252,2026-07-06T22:06:01.158594+00:00,151.6,42,ask,,,10008814
2026-07-06T22:06:03.199278,2026-07-06T22:06:03.207309+00:00,151.9,50,bid,,,10008845
2026-07-06T22:06:04.571543,2026-07-06T22:06:04.583332+00:00,151.9,40,bid,,,10008863
2026-07-06T22:06:05.360210,2026-07-06T22:06:05.368400+00:00,151.7,50,ask,,,10008882
2026-07-06T22:06:06.116319,2026-07-06T22:06:06.128109+00:00,151.7,42,ask,,,10008896
2026-07-06T22:06:06.756098,2026-07-06T22:06:06.767595+00:00,151.7,48,ask,,,10008904
2026-07-06T22:06:07.489266,2026-07-06T22:06:07.501280+00:00,151.7,10,ask,,,10008914
2026-07-06T22:06:07.489266,2026-07-06T22:06:07.501280+00:00,151.7,39,ask,,,10008915
2026-07-06T22:06:07.489266,2026-07-06T22:06:07.501280+00:00,151.6,1,ask,,,10008916
2026-07-06T22:06:08.525674,2026-07-06T22:06:08.532471+00:00,151.6,8,ask,,,10008932
2026-07-06T22:06:08.525674,2026-07-06T22:06:08.537809+00:00,151.6,100,ask,,,10008933
2026-07-06T22:06:09.600919,2026-07-06T22:06:09.612882+00:00,151.3,8,ask,,,10008952
2026-07-06T22:06:09.600919,2026-07-06T22:06:09.612882+00:00,151.1,42,ask,,,10008953
2026-07-06T22:06:10.901744,2026-07-06T22:06:10.912915+00:00,151.6,41,bid,,,10008973
2026-07-06T22:06:11.727488,2026-07-06T22:06:11.733934+00:00,151.5,50,ask,,,10008977
2026-07-06T22:06:12.415437,2026-07-06T22:06:12.423959+00:00,151.6,11,bid,,,10008987
2026-07-06T22:06:12.561594,2026-07-06T22:06:12.578661+00:00,151.5,41,ask,,,10008990
2026-07-06T22:06:13.219555,2026-07-06T22:06:13.228412+00:00,151.6,48,bid,,,10009005
2026-07-06T22:06:13.782371,2026-07-06T22:06:13.794049+00:00,151.6,41,bid,,,10009009
2026-07-06T22:06:13.782371,2026-07-06T22:06:13.794049+00:00,151.6,8,bid,,,10009010
2026-07-06T22:06:13.782371,2026-07-06T22:06:13.794049+00:00,151.9,1,bid,,,10009011
2026-07-06T22:06:14.827735,2026-07-06T22:06:14.839052+00:00,151.7,8,bid,,,10009032
2026-07-06T22:06:14.827735,2026-07-06T22:06:14.839052+00:00,151.8,34,bid,,,10009033
2026-07-06T22:06:15.893348,2026-07-06T22:06:15.905142+00:00,151.4,50,bid,,,10009045
2026-07-06T22:06:15.936550,2026-07-06T22:06:15.944803+00:00,151.4,11,bid,,,10009047
2026-07-06T22:06:16.631857,2026-07-06T22:06:16.642096+00:00,151.4,8,bid,,,10009065
2026-07-06T22:06:16.645239,2026-07-06T22:06:16.652720+00:00,151.4,38,bid,,,10009067
2026-07-06T22:06:17.156177,2026-07-06T22:06:17.169085+00:00,151.4,43,bid,,,10009074
2026-07-06T22:06:17.973994,2026-07-06T22:06:17.982738+00:00,151.7,11,ask,,,10009090
2026-07-06T22:06:18.000735,2026-07-06T22:06:18.012420+00:00,151.8,16,bid,,,10009092
2026-07-06T22:06:18.000735,2026-07-06T22:06:18.012420+00:00,151.8,8,bid,,,10009093
2026-07-06T22:06:18.000735,2026-07-06T22:06:18.012420+00:00,152.0,26,bid,,,10009094
2026-07-06T22:06:18.370244,2026-07-06T22:06:18.381902+00:00,151.7,40,ask,,,10009098
2026-07-06T22:06:19.342781,2026-07-06T22:06:19.363963+00:00,152.0,47,bid,,,10009113
2026-07-06T22:06:20.112696,2026-07-06T22:06:20.121138+00:00,152.0,27,bid,,,10009116
2026-07-06T22:06:20.112696,2026-07-06T22:06:20.121138+00:00,152.0,8,bid,,,10009117
2026-07-06T22:06:20.112696,2026-07-06T22:06:20.126429+00:00,152.2,15,bid,,,10009118
2026-07-06T22:06:20.331348,2026-07-06T22:06:20.342007+00:00,151.9,11,ask,,,10009127
2026-07-06T22:06:21.084526,2026-07-06T22:06:21.096178+00:00,151.9,50,ask,,,10009134
2026-07-06T22:06:22.222623,2026-07-06T22:06:22.234278+00:00,152.1,8,bid,,,10009147
2026-07-06T22:06:22.222623,2026-07-06T22:06:22.234278+00:00,152.2,42,bid,,,10009148
2026-07-06T22:06:23.030631,2026-07-06T22:06:23.039628+00:00,151.9,12,ask,,,10009157
2026-07-06T22:06:24.267607,2026-07-06T22:06:24.279526+00:00,151.7,8,ask,,,10009177
2026-07-06T22:06:24.267607,2026-07-06T22:06:24.279526+00:00,151.6,16,ask,,,10009178
2026-07-06T22:06:24.267607,2026-07-06T22:06:24.279526+00:00,151.5,17,ask,,,10009179
2026-07-06T22:06:24.334582,2026-07-06T22:06:24.345880+00:00,152.0,50,bid,,,10009180
2026-07-06T22:06:25.720443,2026-07-06T22:06:25.735092+00:00,151.8,43,ask,,,10009197
2026-07-06T22:06:26.456487,2026-07-06T22:06:26.467949+00:00,152.0,50,bid,,,10009205
2026-07-06T22:06:26.706205,2026-07-06T22:06:26.715930+00:00,152.0,43,bid,,,10009216
2026-07-06T22:06:28.340621,2026-07-06T22:06:28.358864+00:00,152.0,7,bid,,,10009234
2026-07-06T22:06:28.340621,2026-07-06T22:06:28.364235+00:00,152.1,8,bid,,,10009235
2026-07-06T22:06:28.340621,2026-07-06T22:06:28.364235+00:00,152.2,25,bid,,,10009236
2026-07-06T22:06:28.562721,2026-07-06T22:06:28.572808+00:00,152.2,50,bid,,,10009239
2026-07-06T22:06:29.791615,2026-07-06T22:06:29.803487+00:00,151.9,41,ask,,,10009261
2026-07-06T22:06:30.258549,2026-07-06T22:06:30.268844+00:00,151.9,9,ask,,,10009268
2026-07-06T22:06:30.258549,2026-07-06T22:06:30.268844+00:00,151.9,8,ask,,,10009269
2026-07-06T22:06:30.258549,2026-07-06T22:06:30.268844+00:00,151.9,30,ask,,,10009270
2026-07-06T22:06:30.672411,2026-07-06T22:06:30.693112+00:00,152.2,50,bid,,,10009283
2026-07-06T22:06:32.779548,2026-07-06T22:06:32.791123+00:00,152.2,8,bid,,,10009314
2026-07-06T22:06:32.779548,2026-07-06T22:06:32.791123+00:00,152.4,42,bid,,,10009315
2026-07-06T22:06:34.888887,2026-07-06T22:06:34.900583+00:00,152.2,8,bid,,,10009351
2026-07-06T22:06:34.888887,2026-07-06T22:06:34.900583+00:00,152.3,42,bid,,,10009352
2026-07-06T22:06:36.131675,2026-07-06T22:06:36.142211+00:00,152.3,8,bid,,,10009381
2026-07-06T22:06:36.131675,2026-07-06T22:06:36.142211+00:00,152.5,8,bid,,,10009382
2026-07-06T22:06:36.148663,2026-07-06T22:06:36.163531+00:00,152.5,34,ask,,,10009383
2026-07-06T22:06:36.325065,2026-07-06T22:06:36.334752+00:00,152.5,8,ask,,,10009385
2026-07-06T22:06:36.842277,2026-07-06T22:06:36.858598+00:00,152.5,8,ask,,,10009393
2026-07-06T22:06:36.999344,2026-07-06T22:06:37.007496+00:00,153.0,50,bid,,,10009396
2026-07-06T22:06:37.452151,2026-07-06T22:06:37.463918+00:00,152.5,30,ask,,,10009408
2026-07-06T22:06:38.083008,2026-07-06T22:06:38.094877+00:00,152.5,4,ask,,,10009422
2026-07-06T22:06:39.105015,2026-07-06T22:06:39.117062+00:00,152.5,8,bid,,,10009440
2026-07-06T22:06:39.105015,2026-07-06T22:06:39.117062+00:00,152.6,42,bid,,,10009441
2026-07-06T22:06:40.122717,2026-07-06T22:06:40.130073+00:00,152.5,100,bid,,,10009462
2026-07-06T22:06:40.804520,2026-07-06T22:06:40.816134+00:00,152.9,8,bid,,,10009477
2026-07-06T22:06:40.804520,2026-07-06T22:06:40.816134+00:00,153.0,37,bid,,,10009478
2026-07-06T22:06:41.214619,2026-07-06T22:06:41.226324+00:00,153.0,50,bid,,,10009484
2026-07-06T22:06:41.522572,2026-07-06T22:06:41.531867+00:00,152.5,41,ask,,,10009489
2026-07-06T22:06:42.001087,2026-07-06T22:06:42.009548+00:00,152.5,9,ask,,,10009498
2026-07-06T22:06:43.322259,2026-07-06T22:06:43.334011+00:00,152.7,8,bid,,,10009515
2026-07-06T22:06:43.322259,2026-07-06T22:06:43.334011+00:00,152.8,42,bid,,,10009516
2026-07-06T22:06:44.057426,2026-07-06T22:06:44.069036+00:00,152.8,48,bid,,,10009527
2026-07-06T22:06:45.431676,2026-07-06T22:06:45.440625+00:00,152.8,10,bid,,,10009548
2026-07-06T22:06:45.431676,2026-07-06T22:06:45.440625+00:00,152.9,40,bid,,,10009549
2026-07-06T22:06:45.645654,2026-07-06T22:06:45.658548+00:00,152.9,100,bid,,,10009554
2026-07-06T22:06:46.448133,2026-07-06T22:06:46.455785+00:00,152.9,6,bid,,,10009564
2026-07-06T22:06:46.459478,2026-07-06T22:06:46.468169+00:00,153.1,3,ask,,,10009565
2026-07-06T22:06:47.018536,2026-07-06T22:06:47.025086+00:00,153.1,45,ask,,,10009576
2026-07-06T22:06:47.539625,2026-07-06T22:06:47.551006+00:00,153.6,50,bid,,,10009580
2026-07-06T22:06:49.645909,2026-07-06T22:06:49.644242+00:00,153.3,50,bid,,,10009618
2026-07-06T22:06:51.753722,2026-07-06T22:06:51.764905+00:00,153.3,50,bid,,,10009646
2026-07-06T22:06:52.377170,2026-07-06T22:06:52.385013+00:00,153.4,49,bid,,,10009663
2026-07-06T22:06:53.858498,2026-07-06T22:06:53.870054+00:00,153.6,50,bid,,,10009685
2026-07-06T22:06:55.964949,2026-07-06T22:06:55.976569+00:00,153.6,50,bid,,,10009716
2026-07-06T22:06:58.088363,2026-07-06T22:06:58.099786+00:00,153.6,50,bid,,,10009744
2026-07-06T22:06:58.325188,2026-07-06T22:06:58.334346+00:00,153.2,3,ask,,,10009749
2026-07-06T22:06:58.435918,2026-07-06T22:06:58.456406+00:00,153.2,23,ask,,,10009755
2026-07-06T22:06:58.524327,2026-07-06T22:06:58.532252+00:00,153.2,48,ask,,,10009759
2026-07-06T22:07:00.194395,2026-07-06T22:07:00.204156+00:00,153.6,50,bid,,,10009795
2026-07-06T22:07:02.303138,2026-07-06T22:07:02.314525+00:00,153.5,50,bid,,,10009822
2026-07-06T22:07:03.321902,2026-07-06T22:07:03.333461+00:00,153.5,46,bid,,,10009843
2026-07-06T22:07:04.461517,2026-07-06T22:07:04.472953+00:00,153.2,50,ask,,,10009857
2026-07-06T22:07:04.695590,2026-07-06T22:07:04.706997+00:00,153.4,49,ask,,,10009860
2026-07-06T22:07:06.189308,2026-07-06T22:07:06.201761+00:00,153.4,42,ask,,,10009889
2026-07-06T22:07:06.568302,2026-07-06T22:07:06.579845+00:00,153.4,9,ask,,,10009902
2026-07-06T22:07:07.832902,2026-07-06T22:07:07.864500+00:00,153.6,48,bid,,,10009920
2026-07-06T22:07:08.626242,2026-07-06T22:07:08.637725+00:00,153.7,50,bid,,,10009939
2026-07-06T22:07:11.595006,2026-07-06T22:07:11.605010+00:00,153.5,11,ask,,,10009987
2026-07-06T22:07:14.064441,2026-07-06T22:07:14.074217+00:00,153.3,48,ask,,,10010024
2026-07-06T22:07:15.001807,2026-07-06T22:07:15.013315+00:00,153.2,50,ask,,,10010046
2026-07-06T22:07:15.583762,2026-07-06T22:07:15.590415+00:00,153.7,44,bid,,,10010064
2026-07-06T22:07:16.725732,2026-07-06T22:07:16.737449+00:00,153.2,42,ask,,,10010085
2026-07-06T22:07:16.832533,2026-07-06T22:07:16.842283+00:00,153.7,11,bid,,,10010089
2026-07-06T22:07:17.111997,2026-07-06T22:07:17.126633+00:00,153.2,8,ask,,,10010096
2026-07-06T22:07:17.111997,2026-07-06T22:07:17.126633+00:00,153.2,42,ask,,,10010097
2026-07-06T22:07:18.372911,2026-07-06T22:07:18.384359+00:00,153.9,48,bid,,,10010121
2026-07-06T22:07:18.938522,2026-07-06T22:07:18.948476+00:00,153.6,48,ask,,,10010129
2026-07-06T22:07:19.221092,2026-07-06T22:07:19.232693+00:00,153.6,50,ask,,,10010139
2026-07-06T22:07:21.366149,2026-07-06T22:07:21.377660+00:00,153.5,50,ask,,,10010175
2026-07-06T22:07:23.473922,2026-07-06T22:07:23.482231+00:00,153.5,50,ask,,,10010203
2026-07-06T22:07:24.946157,2026-07-06T22:07:24.964280+00:00,153.7,47,bid,,,10010225
2026-07-06T22:07:25.078632,2026-07-06T22:07:25.086802+00:00,153.7,12,bid,,,10010230
2026-07-06T22:07:25.605650,2026-07-06T22:07:25.617033+00:00,153.3,50,ask,,,10010239
2026-07-06T22:07:25.950305,2026-07-06T22:07:25.958578+00:00,153.3,41,ask,,,10010242
2026-07-06T22:07:26.833499,2026-07-06T22:07:26.842843+00:00,153.3,11,bid,,,10010272
2026-07-06T22:07:27.362173,2026-07-06T22:07:27.372771+00:00,153.3,3,bid,,,10010279
2026-07-06T22:07:27.588937,2026-07-06T22:07:27.595878+00:00,153.3,86,bid,,,10010283
2026-07-06T22:07:27.712357,2026-07-06T22:07:27.723813+00:00,153.3,50,ask,,,10010284
2026-07-06T22:07:28.205470,2026-07-06T22:07:28.216848+00:00,153.8,40,bid,,,10010289
2026-07-06T22:07:29.820042,2026-07-06T22:07:29.831496+00:00,153.3,14,ask,,,10010314
2026-07-06T22:07:29.820042,2026-07-06T22:07:29.831496+00:00,152.9,36,ask,,,10010315
2026-07-06T22:07:31.011747,2026-07-06T22:07:31.021722+00:00,153.1,45,bid,,,10010339
2026-07-06T22:07:31.930350,2026-07-06T22:07:31.942122+00:00,153.0,50,ask,,,10010358
2026-07-06T22:07:33.150821,2026-07-06T22:07:33.152612+00:00,152.9,14,ask,,,10010371
2026-07-06T22:07:33.150821,2026-07-06T22:07:33.152612+00:00,152.8,30,ask,,,10010372
2026-07-06T22:07:34.037610,2026-07-06T22:07:34.035134+00:00,152.8,50,ask,,,10010390
2026-07-06T22:07:34.177242,2026-07-06T22:07:34.185985+00:00,152.8,20,ask,,,10010394
2026-07-06T22:07:34.177242,2026-07-06T22:07:34.185985+00:00,152.8,26,ask,,,10010395
2026-07-06T22:07:34.660147,2026-07-06T22:07:34.669121+00:00,153.3,49,bid,,,10010398
2026-07-06T22:07:35.642428,2026-07-06T22:07:35.658566+00:00,152.8,40,ask,,,10010414
2026-07-06T22:07:36.147643,2026-07-06T22:07:36.168834+00:00,152.8,50,ask,,,10010420
2026-07-06T22:07:36.267237,2026-07-06T22:07:36.276492+00:00,153.2,19,bid,,,10010421
2026-07-06T22:07:36.267237,2026-07-06T22:07:36.276492+00:00,153.3,24,bid,,,10010422
2026-07-06T22:07:37.307946,2026-07-06T22:07:37.319463+00:00,153.0,40,bid,,,10010433
2026-07-06T22:07:38.222399,2026-07-06T22:07:38.234062+00:00,153.0,40,bid,,,10010445
2026-07-06T22:07:38.274701,2026-07-06T22:07:38.284738+00:00,152.7,50,ask,,,10010448
2026-07-06T22:07:40.381662,2026-07-06T22:07:40.393426+00:00,152.9,50,ask,,,10010471
2026-07-06T22:07:40.802386,2026-07-06T22:07:40.812317+00:00,152.9,44,ask,,,10010480
2026-07-06T22:07:42.489511,2026-07-06T22:07:42.501133+00:00,152.9,50,ask,,,10010498
2026-07-06T22:07:42.949341,2026-07-06T22:07:42.963615+00:00,153.0,42,bid,,,10010510
2026-07-06T22:07:43.453541,2026-07-06T22:07:43.475733+00:00,152.8,50,ask,,,10010513
2026-07-06T22:07:43.466063,2026-07-06T22:07:43.475733+00:00,152.8,14,bid,,,10010514
2026-07-06T22:07:44.394662,2026-07-06T22:07:44.403684+00:00,152.8,12,bid,,,10010528
2026-07-06T22:07:44.597216,2026-07-06T22:07:44.608796+00:00,152.7,8,ask,,,10010533
2026-07-06T22:07:44.597216,2026-07-06T22:07:44.608796+00:00,152.5,42,ask,,,10010534
2026-07-06T22:07:45.478596,2026-07-06T22:07:45.490142+00:00,152.5,43,ask,,,10010557
2026-07-06T22:07:45.708621,2026-07-06T22:07:45.717525+00:00,152.8,11,bid,,,10010563
2026-07-06T22:07:45.951432,2026-07-06T22:07:45.958589+00:00,152.7,43,ask,,,10010568
2026-07-06T22:07:46.002356,2026-07-06T22:07:46.014229+00:00,152.8,8,bid,,,10010569
2026-07-06T22:07:46.495578,2026-07-06T22:07:46.507052+00:00,152.8,49,bid,,,10010579
2026-07-06T22:07:46.563182,2026-07-06T22:07:46.574682+00:00,153.0,50,bid,,,10010581
2026-07-06T22:07:46.575864,2026-07-06T22:07:46.586094+00:00,153.1,11,ask,,,10010582
2026-07-06T22:07:46.706277,2026-07-06T22:07:46.718001+00:00,153.1,50,ask,,,10010587
2026-07-06T22:07:47.479355,2026-07-06T22:07:47.489751+00:00,153.1,39,ask,,,10010605
2026-07-06T22:07:47.479355,2026-07-06T22:07:47.489751+00:00,152.7,6,ask,,,10010606
2026-07-06T22:07:48.814539,2026-07-06T22:07:48.824375+00:00,152.7,50,ask,,,10010624
2026-07-06T22:07:49.367660,2026-07-06T22:07:49.379108+00:00,152.9,50,bid,,,10010632
2026-07-06T22:07:49.487089,2026-07-06T22:07:49.498579+00:00,152.9,49,bid,,,10010633
2026-07-06T22:07:49.633290,2026-07-06T22:07:49.641785+00:00,152.9,1,bid,,,10010639
2026-07-06T22:07:50.920520,2026-07-06T22:07:50.932058+00:00,152.8,8,ask,,,10010667
2026-07-06T22:07:51.956045,2026-07-06T22:07:51.964719+00:00,152.8,8,ask,,,10010681
2026-07-06T22:07:51.956045,2026-07-06T22:07:51.964719+00:00,152.7,35,ask,,,10010682
2026-07-06T22:07:53.027619,2026-07-06T22:07:53.039159+00:00,152.7,50,ask,,,10010701
2026-07-06T22:07:55.134707,2026-07-06T22:07:55.146237+00:00,152.8,50,ask,,,10010740
2026-07-06T22:07:56.452807,2026-07-06T22:07:56.458549+00:00,153.0,46,bid,,,10010758
2026-07-06T22:07:57.060393,2026-07-06T22:07:57.072084+00:00,153.0,47,bid,,,10010771
2026-07-06T22:07:57.114703,2026-07-06T22:07:57.126280+00:00,152.8,8,ask,,,10010774
2026-07-06T22:07:57.114703,2026-07-06T22:07:57.126280+00:00,152.6,41,ask,,,10010775
2026-07-06T22:07:57.242892,2026-07-06T22:07:57.254403+00:00,152.6,50,ask,,,10010776
2026-07-06T22:07:58.461670,2026-07-06T22:07:58.471523+00:00,152.6,8,ask,,,10010795
2026-07-06T22:07:58.461670,2026-07-06T22:07:58.471523+00:00,152.5,92,ask,,,10010796
2026-07-06T22:08:00.466181,2026-07-06T22:08:00.473317+00:00,152.7,41,ask,,,10010816
2026-07-06T22:08:01.463565,2026-07-06T22:08:01.475322+00:00,152.7,8,ask,,,10010827
2026-07-06T22:08:01.463565,2026-07-06T22:08:01.475322+00:00,152.3,42,ask,,,10010828
2026-07-06T22:08:02.424244,2026-07-06T22:08:02.434522+00:00,152.6,8,ask,,,10010847
2026-07-06T22:08:02.435730,2026-07-06T22:08:02.443521+00:00,152.6,22,bid,,,10010848
2026-07-06T22:08:03.267947,2026-07-06T22:08:03.275374+00:00,152.6,41,bid,,,10010865
2026-07-06T22:08:03.797171,2026-07-06T22:08:03.807283+00:00,152.6,11,bid,,,10010874
2026-07-06T22:08:04.974428,2026-07-06T22:08:04.984583+00:00,152.6,8,bid,,,10010897
2026-07-06T22:08:05.624151,2026-07-06T22:08:05.635666+00:00,152.9,50,bid,,,10010911
2026-07-06T22:08:08.034704,2026-07-06T22:08:08.042660+00:00,152.5,42,ask,,,10010950
2026-07-06T22:08:09.834503,2026-07-06T22:08:09.842127+00:00,152.7,50,bid,,,10010985
2026-07-06T22:08:10.698508,2026-07-06T22:08:10.709930+00:00,152.7,46,bid,,,10010995
2026-07-06T22:08:11.072231,2026-07-06T22:08:11.099149+00:00,152.7,50,bid,,,10011005
2026-07-06T22:08:11.085133,2026-07-06T22:08:11.099149+00:00,152.7,11,ask,,,10011006
2026-07-06T22:08:11.934364,2026-07-06T22:08:11.943310+00:00,152.7,12,ask,,,10011024
2026-07-06T22:08:11.943283,2026-07-06T22:08:11.959005+00:00,152.8,8,bid,,,10011026
2026-07-06T22:08:11.943283,2026-07-06T22:08:11.959005+00:00,152.9,42,bid,,,10011027
2026-07-06T22:08:12.522846,2026-07-06T22:08:12.534344+00:00,152.7,27,ask,,,10011041
2026-07-06T22:08:12.522846,2026-07-06T22:08:12.534344+00:00,152.6,22,ask,,,10011042
2026-07-06T22:08:13.016085,2026-07-06T22:08:13.027657+00:00,152.8,8,bid,,,10011053
2026-07-06T22:08:13.016085,2026-07-06T22:08:13.027657+00:00,152.9,37,bid,,,10011054
2026-07-06T22:08:14.051258,2026-07-06T22:08:14.058640+00:00,152.8,50,bid,,,10011073
2026-07-06T22:08:16.156087,2026-07-06T22:08:16.168055+00:00,152.8,8,bid,,,10011097
2026-07-06T22:08:16.156087,2026-07-06T22:08:16.168055+00:00,152.8,42,bid,,,10011098
2026-07-06T22:08:17.205490,2026-07-06T22:08:17.215428+00:00,152.8,49,bid,,,10011113
2026-07-06T22:08:18.266494,2026-07-06T22:08:18.278317+00:00,153.0,8,bid,,,10011131
2026-07-06T22:08:18.266494,2026-07-06T22:08:18.278317+00:00,153.1,42,bid,,,10011132
2026-07-06T22:08:20.374197,2026-07-06T22:08:20.385979+00:00,152.7,8,bid,,,10011175
2026-07-06T22:08:20.374197,2026-07-06T22:08:20.385979+00:00,152.9,42,bid,,,10011176
2026-07-06T22:08:20.664856,2026-07-06T22:08:20.672683+00:00,152.6,11,ask,,,10011179
2026-07-06T22:08:21.007495,2026-07-06T22:08:21.019031+00:00,152.6,17,ask,,,10011183
2026-07-06T22:08:21.007495,2026-07-06T22:08:21.019031+00:00,152.6,26,ask,,,10011184
2026-07-06T22:08:21.072597,2026-07-06T22:08:21.080972+00:00,152.7,12,ask,,,10011185
2026-07-06T22:08:22.414479,2026-07-06T22:08:22.423056+00:00,152.7,14,ask,,,10011203
2026-07-06T22:08:22.479144,2026-07-06T22:08:22.488769+00:00,152.7,8,ask,,,10011206
2026-07-06T22:08:22.482884,2026-07-06T22:08:22.494241+00:00,152.8,50,bid,,,10011207
2026-07-06T22:08:24.591464,2026-07-06T22:08:24.601399+00:00,152.8,50,bid,,,10011230
2026-07-06T22:08:25.255256,2026-07-06T22:08:25.264894+00:00,152.7,8,ask,,,10011243
2026-07-06T22:08:25.487864,2026-07-06T22:08:25.499568+00:00,152.7,8,ask,,,10011247
2026-07-06T22:08:25.487864,2026-07-06T22:08:25.499568+00:00,152.4,32,ask,,,10011248
2026-07-06T22:08:26.726924,2026-07-06T22:08:26.734014+00:00,152.8,50,bid,,,10011276
2026-07-06T22:08:28.970210,2026-07-06T22:08:28.978889+00:00,152.7,3,bid,,,10011298
2026-07-06T22:08:29.047589,2026-07-06T22:08:29.056776+00:00,152.7,42,bid,,,10011303
2026-07-06T22:08:30.005722,2026-07-06T22:08:30.012756+00:00,152.4,8,ask,,,10011314
2026-07-06T22:08:30.005722,2026-07-06T22:08:30.017975+00:00,152.3,33,ask,,,10011315
2026-07-06T22:08:30.046852,2026-07-06T22:08:30.064020+00:00,152.7,5,bid,,,10011317
2026-07-06T22:08:30.046852,2026-07-06T22:08:30.064020+00:00,152.7,8,bid,,,10011318
2026-07-06T22:08:31.020069,2026-07-06T22:08:31.040711+00:00,152.7,50,ask,,,10011330
2026-07-06T22:08:32.182496,2026-07-06T22:08:32.194243+00:00,152.8,8,bid,,,10011351
2026-07-06T22:08:32.182496,2026-07-06T22:08:32.194243+00:00,152.9,41,bid,,,10011352
2026-07-06T22:08:33.129712,2026-07-06T22:08:33.141610+00:00,152.7,37,ask,,,10011371
2026-07-06T22:08:33.129712,2026-07-06T22:08:33.141610+00:00,152.4,13,ask,,,10011372
2026-07-06T22:08:35.261809,2026-07-06T22:08:35.271476+00:00,152.5,50,ask,,,10011390
2026-07-06T22:08:36.048918,2026-07-06T22:08:36.047050+00:00,152.5,42,ask,,,10011410
2026-07-06T22:08:36.580770,2026-07-06T22:08:36.592594+00:00,152.7,48,bid,,,10011423
2026-07-06T22:08:37.221752,2026-07-06T22:08:37.245794+00:00,152.5,50,ask,,,10011430
2026-07-06T22:08:37.234478,2026-07-06T22:08:37.245794+00:00,152.4,11,bid,,,10011431
2026-07-06T22:08:37.368496,2026-07-06T22:08:37.379124+00:00,152.3,8,ask,,,10011435
2026-07-06T22:08:37.368496,2026-07-06T22:08:37.379124+00:00,152.2,42,ask,,,10011436
2026-07-06T22:08:39.425576,2026-07-06T22:08:39.434090+00:00,152.4,50,bid,,,10011458
2026-07-06T22:08:39.737674,2026-07-06T22:08:39.763693+00:00,152.2,8,ask,,,10011467
2026-07-06T22:08:39.737674,2026-07-06T22:08:39.763693+00:00,152.2,41,ask,,,10011468
2026-07-06T22:08:40.263372,2026-07-06T22:08:40.275025+00:00,152.4,39,bid,,,10011477
2026-07-06T22:08:40.263372,2026-07-06T22:08:40.275025+00:00,152.6,3,bid,,,10011478
2026-07-06T22:08:40.330377,2026-07-06T22:08:40.342109+00:00,152.6,5,bid,,,10011479
2026-07-06T22:08:40.330377,2026-07-06T22:08:40.342109+00:00,152.6,50,bid,,,10011480
2026-07-06T22:08:41.531413,2026-07-06T22:08:41.543138+00:00,152.7,50,bid,,,10011506
2026-07-06T22:08:43.637315,2026-07-06T22:08:43.649024+00:00,152.7,8,bid,,,10011549
2026-07-06T22:08:43.637315,2026-07-06T22:08:43.649024+00:00,153.0,42,bid,,,10011550
2026-07-06T22:08:44.627423,2026-07-06T22:08:44.638870+00:00,152.5,49,ask,,,10011567
2026-07-06T22:08:45.250000,2026-07-06T22:08:45.258579+00:00,152.7,45,bid,,,10011575
2026-07-06T22:08:45.746906,2026-07-06T22:08:45.752514+00:00,152.7,5,bid,,,10011587
2026-07-06T22:08:45.746906,2026-07-06T22:08:45.752514+00:00,152.9,8,bid,,,10011588
2026-07-06T22:08:45.746906,2026-07-06T22:08:45.752514+00:00,153.0,37,bid,,,10011589
2026-07-06T22:08:46.082819,2026-07-06T22:08:46.090967+00:00,152.8,11,ask,,,10011592
2026-07-06T22:08:46.161426,2026-07-06T22:08:46.169962+00:00,152.8,3,ask,,,10011595
2026-07-06T22:08:47.922606,2026-07-06T22:08:47.958584+00:00,152.8,50,ask,,,10011621
2026-07-06T22:08:48.815878,2026-07-06T22:08:48.827438+00:00,152.8,36,ask,,,10011637
2026-07-06T22:08:48.815878,2026-07-06T22:08:48.827438+00:00,152.4,9,ask,,,10011638
2026-07-06T22:08:50.029685,2026-07-06T22:08:50.037666+00:00,152.4,41,ask,,,10011655
2026-07-06T22:08:50.029685,2026-07-06T22:08:50.037666+00:00,152.2,8,ask,,,10011656
2026-07-06T22:08:50.029685,2026-07-06T22:08:50.042954+00:00,152.2,1,ask,,,10011657
2026-07-06T22:08:50.411779,2026-07-06T22:08:50.420556+00:00,152.5,3,bid,,,10011664
2026-07-06T22:08:52.087223,2026-07-06T22:08:52.098885+00:00,152.5,50,bid,,,10011684
2026-07-06T22:08:54.202547,2026-07-06T22:08:54.214198+00:00,152.7,8,bid,,,10011722
2026-07-06T22:08:54.202547,2026-07-06T22:08:54.214198+00:00,152.8,42,bid,,,10011723
2026-07-06T22:08:55.479420,2026-07-06T22:08:55.490907+00:00,152.4,41,ask,,,10011753
2026-07-06T22:08:56.387402,2026-07-06T22:08:56.395048+00:00,152.3,50,ask,,,10011761
2026-07-06T22:08:58.493454,2026-07-06T22:08:58.505092+00:00,152.1,8,ask,,,10011786
2026-07-06T22:08:58.493454,2026-07-06T22:08:58.505092+00:00,152.0,42,ask,,,10011787
2026-07-06T22:08:58.644788,2026-07-06T22:08:58.656270+00:00,152.5,41,bid,,,10011790
2026-07-06T22:09:00.626061,2026-07-06T22:09:00.637326+00:00,152.3,50,ask,,,10011826
2026-07-06T22:09:01.172674,2026-07-06T22:09:01.184094+00:00,152.3,49,ask,,,10011835
2026-07-06T22:09:03.097722,2026-07-06T22:09:03.107528+00:00,152.4,11,bid,,,10011868
2026-07-06T22:09:03.244208,2026-07-06T22:09:03.258549+00:00,152.4,39,bid,,,10011874
2026-07-06T22:09:03.244208,2026-07-06T22:09:03.258549+00:00,152.5,7,bid,,,10011875
2026-07-06T22:09:04.785450,2026-07-06T22:09:04.797090+00:00,152.5,50,bid,,,10011893
2026-07-06T22:09:06.917957,2026-07-06T22:09:06.929678+00:00,152.5,50,bid,,,10011922
2026-07-06T22:09:09.096825,2026-07-06T22:09:09.103996+00:00,152.4,50,ask,,,10011967
2026-07-06T22:09:11.152633,2026-07-06T22:09:11.144703+00:00,152.7,1,bid,,,10012009
2026-07-06T22:09:11.152633,2026-07-06T22:09:11.168974+00:00,152.7,46,bid,,,10012010
2026-07-06T22:09:11.152633,2026-07-06T22:09:11.168974+00:00,152.9,3,bid,,,10012011
2026-07-06T22:09:12.789024,2026-07-06T22:09:12.858939+00:00,152.7,43,bid,,,10012029
2026-07-06T22:09:13.312633,2026-07-06T22:09:13.324126+00:00,152.4,50,ask,,,10012040
2026-07-06T22:09:15.357671,2026-07-06T22:09:15.366891+00:00,152.2,8,ask,,,10012077
2026-07-06T22:09:15.357671,2026-07-06T22:09:15.366891+00:00,152.1,38,ask,,,10012078
2026-07-06T22:09:15.369302,2026-07-06T22:09:15.377068+00:00,152.6,50,bid,,,10012079
2026-07-06T22:09:17.475693,2026-07-06T22:09:17.487017+00:00,152.6,50,bid,,,10012115
2026-07-06T22:09:19.581505,2026-07-06T22:09:19.593354+00:00,152.6,50,bid,,,10012146
2026-07-06T22:09:19.624288,2026-07-06T22:09:19.635025+00:00,152.6,40,bid,,,10012147
2026-07-06T22:09:20.214289,2026-07-06T22:09:20.223403+00:00,152.6,42,bid,,,10012151
2026-07-06T22:09:21.743275,2026-07-06T22:09:21.763624+00:00,152.5,50,ask,,,10012171
2026-07-06T22:09:23.850954,2026-07-06T22:09:23.858546+00:00,152.4,50,ask,,,10012209
2026-07-06T22:09:24.273777,2026-07-06T22:09:24.284851+00:00,152.5,40,ask,,,10012223
2026-07-06T22:09:25.959800,2026-07-06T22:09:25.969032+00:00,152.5,50,ask,,,10012242
2026-07-06T22:09:28.065516,2026-07-06T22:09:28.077386+00:00,152.7,50,ask,,,10012278
2026-07-06T22:09:28.465692,2026-07-06T22:09:28.479615+00:00,152.8,46,bid,,,10012287
2026-07-06T22:09:29.459018,2026-07-06T22:09:29.470326+00:00,152.7,40,ask,,,10012310
2026-07-06T22:09:30.050029,2026-07-06T22:09:30.054340+00:00,152.9,8,bid,,,10012318
2026-07-06T22:09:30.050029,2026-07-06T22:09:30.054340+00:00,153.0,40,bid,,,10012319
2026-07-06T22:09:30.174993,2026-07-06T22:09:30.184795+00:00,152.7,50,ask,,,10012321
2026-07-06T22:09:31.034230,2026-07-06T22:09:31.042823+00:00,152.7,8,ask,,,10012336
2026-07-06T22:09:31.044014,2026-07-06T22:09:31.052949+00:00,152.7,12,bid,,,10012337
2026-07-06T22:09:32.286663,2026-07-06T22:09:32.293958+00:00,152.6,50,ask,,,10012367
2026-07-06T22:09:33.270657,2026-07-06T22:09:33.278870+00:00,152.7,23,bid,,,10012385
2026-07-06T22:09:33.333643,2026-07-06T22:09:33.341147+00:00,152.6,8,ask,,,10012388
2026-07-06T22:09:33.333643,2026-07-06T22:09:33.346202+00:00,152.2,40,ask,,,10012389
2026-07-06T22:09:33.367946,2026-07-06T22:09:33.377232+00:00,152.7,100,bid,,,10012390
2026-07-06T22:09:34.393579,2026-07-06T22:09:34.403863+00:00,152.9,50,ask,,,10012409
2026-07-06T22:09:34.591343,2026-07-06T22:09:34.600112+00:00,152.9,46,ask,,,10012416
2026-07-06T22:09:34.825206,2026-07-06T22:09:34.836847+00:00,152.9,47,ask,,,10012424
2026-07-06T22:09:36.449169,2026-07-06T22:09:36.458729+00:00,153.0,50,bid,,,10012437
2026-07-06T22:09:36.962237,2026-07-06T22:09:36.974001+00:00,152.9,7,ask,,,10012443
2026-07-06T22:09:37.354749,2026-07-06T22:09:37.375841+00:00,152.8,8,ask,,,10012449
2026-07-06T22:09:37.367273,2026-07-06T22:09:37.375841+00:00,152.7,34,bid,,,10012450
2026-07-06T22:09:38.509959,2026-07-06T22:09:38.518607+00:00,152.7,23,bid,,,10012469
2026-07-06T22:09:38.608985,2026-07-06T22:09:38.618330+00:00,152.5,50,ask,,,10012474
2026-07-06T22:09:39.894303,2026-07-06T22:09:39.905746+00:00,152.7,47,bid,,,10012492
2026-07-06T22:09:40.664466,2026-07-06T22:09:40.676106+00:00,153.0,50,bid,,,10012504
2026-07-06T22:09:42.435450,2026-07-06T22:09:42.442051+00:00,152.6,47,ask,,,10012532
2026-07-06T22:09:42.768944,2026-07-06T22:09:42.780435+00:00,153.0,50,bid,,,10012537
2026-07-06T22:09:42.972507,2026-07-06T22:09:42.979490+00:00,153.1,49,bid,,,10012541
2026-07-06T22:09:44.878227,2026-07-06T22:09:44.888538+00:00,153.3,50,bid,,,10012565
2026-07-06T22:09:45.165762,2026-07-06T22:09:45.174270+00:00,153.3,46,bid,,,10012573
2026-07-06T22:09:45.494860,2026-07-06T22:09:45.502954+00:00,152.9,8,ask,,,10012577
2026-07-06T22:09:46.042923,2026-07-06T22:09:46.063772+00:00,153.1,26,ask,,,10012592
2026-07-06T22:09:46.188832,2026-07-06T22:09:46.200415+00:00,153.1,40,ask,,,10012594
2026-07-06T22:09:46.672090,2026-07-06T22:09:46.683767+00:00,153.3,8,bid,,,10012604
2026-07-06T22:09:46.672090,2026-07-06T22:09:46.683767+00:00,153.3,34,bid,,,10012605
2026-07-06T22:09:47.038796,2026-07-06T22:09:47.050261+00:00,153.1,34,ask,,,10012608
2026-07-06T22:09:47.038796,2026-07-06T22:09:47.050261+00:00,152.9,16,ask,,,10012609
2026-07-06T22:09:49.149632,2026-07-06T22:09:49.158537+00:00,152.9,50,ask,,,10012646
2026-07-06T22:09:50.879987,2026-07-06T22:09:50.891221+00:00,153.0,41,ask,,,10012674
2026-07-06T22:09:51.205018,2026-07-06T22:09:51.216469+00:00,153.1,50,bid,,,10012678
2026-07-06T22:09:53.313445,2026-07-06T22:09:53.325185+00:00,153.2,8,bid,,,10012709
2026-07-06T22:09:53.313445,2026-07-06T22:09:53.325185+00:00,153.3,42,bid,,,10012710
2026-07-06T22:09:54.259626,2026-07-06T22:09:54.268171+00:00,153.0,9,ask,,,10012724
2026-07-06T22:09:55.422431,2026-07-06T22:09:55.433999+00:00,153.2,8,bid,,,10012738
2026-07-06T22:09:55.422431,2026-07-06T22:09:55.433999+00:00,153.3,42,bid,,,10012739
2026-07-06T22:09:56.279760,2026-07-06T22:09:56.291202+00:00,152.8,8,ask,,,10012758
2026-07-06T22:09:56.279760,2026-07-06T22:09:56.291202+00:00,152.6,36,ask,,,10012759
2026-07-06T22:09:57.543368,2026-07-06T22:09:57.558603+00:00,153.1,50,bid,,,10012775
2026-07-06T22:09:57.758208,2026-07-06T22:09:57.769838+00:00,153.1,41,bid,,,10012779
2026-07-06T22:09:58.680485,2026-07-06T22:09:58.688930+00:00,153.2,8,bid,,,10012794
2026-07-06T22:09:58.807842,2026-07-06T22:09:58.816152+00:00,153.2,3,ask,,,10012800
2026-07-06T22:09:58.841148,2026-07-06T22:09:58.852830+00:00,153.2,43,ask,,,10012802
2026-07-06T22:09:59.838097,2026-07-06T22:09:59.848495+00:00,153.3,41,bid,,,10012829
2026-07-06T22:10:00.955057,2026-07-06T22:10:00.966798+00:00,153.2,41,ask,,,10012859
2026-07-06T22:10:01.322170,2026-07-06T22:10:01.332168+00:00,153.2,5,ask,,,10012870
2026-07-06T22:10:01.806568,2026-07-06T22:10:01.814615+00:00,153.1,50,ask,,,10012879
2026-07-06T22:10:02.440723,2026-07-06T22:10:02.450215+00:00,153.0,3,bid,,,10012898
2026-07-06T22:10:03.392747,2026-07-06T22:10:03.400890+00:00,153.1,48,bid,,,10012916
2026-07-06T22:10:03.448411,2026-07-06T22:10:03.457029+00:00,153.0,3,ask,,,10012920
2026-07-06T22:10:03.918517,2026-07-06T22:10:03.930316+00:00,153.0,50,ask,,,10012933
2026-07-06T22:10:03.927698,2026-07-06T22:10:03.935497+00:00,153.0,42,ask,,,10012936
2026-07-06T22:10:05.003257,2026-07-06T22:10:05.014680+00:00,153.2,48,bid,,,10012966
2026-07-06T22:10:06.026473,2026-07-06T22:10:06.038473+00:00,152.8,50,ask,,,10012977
2026-07-06T22:10:08.131217,2026-07-06T22:10:08.142928+00:00,152.8,8,ask,,,10013016
2026-07-06T22:10:08.131217,2026-07-06T22:10:08.142928+00:00,152.5,42,ask,,,10013017
2026-07-06T22:10:08.746233,2026-07-06T22:10:08.757940+00:00,152.7,46,ask,,,10013026
2026-07-06T22:10:08.987686,2026-07-06T22:10:08.999276+00:00,152.7,4,ask,,,10013028
2026-07-06T22:10:08.987686,2026-07-06T22:10:08.999276+00:00,152.7,8,ask,,,10013029
2026-07-06T22:10:09.000643,2026-07-06T22:10:09.008810+00:00,152.7,12,bid,,,10013030
2026-07-06T22:10:10.243736,2026-07-06T22:10:10.254606+00:00,152.6,50,ask,,,10013061
2026-07-06T22:10:12.350478,2026-07-06T22:10:12.357109+00:00,152.5,8,ask,,,10013094
2026-07-06T22:10:12.350478,2026-07-06T22:10:12.357109+00:00,152.4,42,ask,,,10013095
2026-07-06T22:10:12.678543,2026-07-06T22:10:12.690434+00:00,152.7,47,bid,,,10013102
2026-07-06T22:10:14.368117,2026-07-06T22:10:14.379505+00:00,152.6,46,ask,,,10013128
2026-07-06T22:10:14.491474,2026-07-06T22:10:14.500519+00:00,152.6,4,ask,,,10013131
2026-07-06T22:10:14.491474,2026-07-06T22:10:14.500519+00:00,152.4,46,ask,,,10013132
2026-07-06T22:10:15.556707,2026-07-06T22:10:15.568174+00:00,152.7,41,bid,,,10013150
2026-07-06T22:10:16.548791,2026-07-06T22:10:16.563911+00:00,152.7,50,bid,,,10013175
2026-07-06T22:10:16.553396,2026-07-06T22:10:16.563911+00:00,152.7,9,bid,,,10013176
2026-07-06T22:10:16.583738,2026-07-06T22:10:16.595723+00:00,152.5,8,ask,,,10013178
2026-07-06T22:10:16.583738,2026-07-06T22:10:16.595723+00:00,152.4,34,ask,,,10013179
2026-07-06T22:10:18.654027,2026-07-06T22:10:18.665713+00:00,152.7,50,bid,,,10013202
2026-07-06T22:10:20.795590,2026-07-06T22:10:20.807399+00:00,152.7,50,bid,,,10013224
2026-07-06T22:10:20.868812,2026-07-06T22:10:20.880494+00:00,152.7,42,bid,,,10013227
2026-07-06T22:10:21.334265,2026-07-06T22:10:21.346000+00:00,152.7,8,bid,,,10013246
2026-07-06T22:10:21.334265,2026-07-06T22:10:21.346000+00:00,152.7,41,bid,,,10013247
2026-07-06T22:10:21.658951,2026-07-06T22:10:21.680144+00:00,152.7,9,bid,,,10013248
2026-07-06T22:10:21.671787,2026-07-06T22:10:21.680144+00:00,152.8,21,ask,,,10013249
2026-07-06T22:10:22.903816,2026-07-06T22:10:22.914070+00:00,152.9,8,bid,,,10013272
2026-07-06T22:10:22.903816,2026-07-06T22:10:22.914070+00:00,152.9,42,bid,,,10013273
2026-07-06T22:10:23.557332,2026-07-06T22:10:23.563987+00:00,152.8,45,ask,,,10013285
2026-07-06T22:10:23.587640,2026-07-06T22:10:23.599137+00:00,152.8,50,ask,,,10013286
2026-07-06T22:10:24.185173,2026-07-06T22:10:24.195087+00:00,153.0,8,bid,,,10013293
2026-07-06T22:10:27.200102,2026-07-06T22:10:27.207987+00:00,152.6,8,ask,,,10013348
2026-07-06T22:10:27.200102,2026-07-06T22:10:27.213235+00:00,152.5,42,ask,,,10013349
2026-07-06T22:10:29.256199,2026-07-06T22:10:29.267966+00:00,152.8,50,bid,,,10013386
2026-07-06T22:10:31.364331,2026-07-06T22:10:31.375790+00:00,152.8,8,bid,,,10013437
2026-07-06T22:10:31.364331,2026-07-06T22:10:31.375790+00:00,152.9,42,bid,,,10013438
2026-07-06T22:10:32.615137,2026-07-06T22:10:32.626673+00:00,152.6,43,ask,,,10013460
2026-07-06T22:10:33.112056,2026-07-06T22:10:33.119276+00:00,152.9,8,bid,,,10013473
2026-07-06T22:10:33.112056,2026-07-06T22:10:33.124606+00:00,152.9,32,bid,,,10013474
2026-07-06T22:10:33.500650,2026-07-06T22:10:33.512261+00:00,153.0,50,bid,,,10013477
2026-07-06T22:10:34.007948,2026-07-06T22:10:34.019596+00:00,152.6,7,ask,,,10013495
2026-07-06T22:10:34.007948,2026-07-06T22:10:34.019596+00:00,152.6,8,ask,,,10013496
2026-07-06T22:10:34.007948,2026-07-06T22:10:34.019596+00:00,152.5,28,ask,,,10013497
2026-07-06T22:10:35.610220,2026-07-06T22:10:35.618809+00:00,152.8,50,bid,,,10013511
2026-07-06T22:10:36.192895,2026-07-06T22:10:36.204446+00:00,152.8,8,bid,,,10013518
2026-07-06T22:10:36.192895,2026-07-06T22:10:36.204446+00:00,153.0,40,bid,,,10013519
2026-07-06T22:10:37.216642,2026-07-06T22:10:37.224713+00:00,152.7,42,ask,,,10013531
2026-07-06T22:10:39.702284,2026-07-06T22:10:39.709211+00:00,152.9,8,bid,,,10013568
2026-07-06T22:10:39.757091,2026-07-06T22:10:39.765502+00:00,152.7,46,ask,,,10013571
2026-07-06T22:10:40.886683,2026-07-06T22:10:40.893382+00:00,152.6,45,ask,,,10013589
2026-07-06T22:10:41.929016,2026-07-06T22:10:41.958762+00:00,152.7,8,bid,,,10013605
2026-07-06T22:10:41.929016,2026-07-06T22:10:41.958762+00:00,152.7,42,bid,,,10013606
2026-07-06T22:10:44.037778,2026-07-06T22:10:44.049230+00:00,152.8,50,bid,,,10013635
2026-07-06T22:10:46.152829,2026-07-06T22:10:46.145820+00:00,152.7,50,bid,,,10013659
2026-07-06T22:10:46.613173,2026-07-06T22:10:46.622856+00:00,153.0,42,bid,,,10013664
2026-07-06T22:10:47.772984,2026-07-06T22:10:47.779968+00:00,152.9,8,bid,,,10013686
2026-07-06T22:10:47.772984,2026-07-06T22:10:47.785165+00:00,153.1,32,bid,,,10013687
2026-07-06T22:10:49.009224,2026-07-06T22:10:49.018971+00:00,152.7,11,ask,,,10013714
2026-07-06T22:10:51.850971,2026-07-06T22:10:51.857265+00:00,152.6,40,ask,,,10013756
2026-07-06T22:10:52.486685,2026-07-06T22:10:52.498413+00:00,152.8,50,bid,,,10013773
2026-07-06T22:10:54.643753,2026-07-06T22:10:54.664045+00:00,152.6,50,ask,,,10013805
2026-07-06T22:10:56.749582,2026-07-06T22:10:56.756255+00:00,152.6,50,ask,,,10013845
2026-07-06T22:10:58.854905,2026-07-06T22:10:58.858606+00:00,152.6,8,ask,,,10013872
2026-07-06T22:10:58.854905,2026-07-06T22:10:58.858606+00:00,152.5,42,ask,,,10013873
2026-07-06T22:10:58.900632,2026-07-06T22:10:58.911972+00:00,152.9,48,bid,,,10013874
2026-07-06T22:11:00.962571,2026-07-06T22:11:00.974060+00:00,152.5,50,ask,,,10013913
2026-07-06T22:11:01.054696,2026-07-06T22:11:01.063764+00:00,152.9,45,bid,,,10013917
2026-07-06T22:11:03.017473,2026-07-06T22:11:03.026452+00:00,152.9,50,bid,,,10013946
2026-07-06T22:11:05.123475,2026-07-06T22:11:05.132424+00:00,153.1,8,bid,,,10013975
2026-07-06T22:11:05.123475,2026-07-06T22:11:05.132424+00:00,153.2,42,bid,,,10013976
2026-07-06T22:11:07.231702,2026-07-06T22:11:07.243336+00:00,153.3,50,bid,,,10014011
2026-07-06T22:11:07.469998,2026-07-06T22:11:07.481613+00:00,152.8,46,ask,,,10014016
2026-07-06T22:11:08.980678,2026-07-06T22:11:08.989723+00:00,152.8,40,ask,,,10014037
2026-07-06T22:11:09.338919,2026-07-06T22:11:09.358749+00:00,153.3,50,bid,,,10014042
2026-07-06T22:11:10.009379,2026-07-06T22:11:10.019880+00:00,153.3,40,bid,,,10014050
2026-07-06T22:11:11.500278,2026-07-06T22:11:11.507358+00:00,153.0,50,ask,,,10014068
2026-07-06T22:11:13.607099,2026-07-06T22:11:13.616614+00:00,153.0,50,ask,,,10014099
2026-07-06T22:11:15.036425,2026-07-06T22:11:15.045805+00:00,152.9,45,ask,,,10014122
2026-07-06T22:11:15.727453,2026-07-06T22:11:15.739092+00:00,152.8,50,ask,,,10014139
2026-07-06T22:11:17.834054,2026-07-06T22:11:17.864263+00:00,152.6,8,ask,,,10014172
2026-07-06T22:11:17.834054,2026-07-06T22:11:17.864263+00:00,152.6,42,ask,,,10014173
2026-07-06T22:11:19.137498,2026-07-06T22:11:19.145102+00:00,152.8,49,bid,,,10014198
2026-07-06T22:11:19.943027,2026-07-06T22:11:19.950274+00:00,152.5,50,ask,,,10014214
2026-07-06T22:11:20.211311,2026-07-06T22:11:20.222985+00:00,152.8,46,bid,,,10014218
2026-07-06T22:11:21.681541,2026-07-06T22:11:21.689686+00:00,152.8,11,bid,,,10014243
2026-07-06T22:11:21.823408,2026-07-06T22:11:21.835121+00:00,152.9,8,bid,,,10014246
2026-07-06T22:11:21.823408,2026-07-06T22:11:21.835121+00:00,152.9,50,bid,,,10014247
2026-07-06T22:11:21.823408,2026-07-06T22:11:21.835121+00:00,152.9,92,bid,,,10014248
2026-07-06T22:11:22.051152,2026-07-06T22:11:22.063642+00:00,152.6,8,ask,,,10014253
2026-07-06T22:11:22.051152,2026-07-06T22:11:22.063642+00:00,152.5,42,ask,,,10014254
2026-07-06T22:11:22.311935,2026-07-06T22:11:22.321073+00:00,152.8,8,bid,,,10014273
2026-07-06T22:11:22.447384,2026-07-06T22:11:22.459104+00:00,152.9,8,bid,,,10014278
2026-07-06T22:11:22.504489,2026-07-06T22:11:22.512452+00:00,152.5,8,ask,,,10014280
2026-07-06T22:11:22.504489,2026-07-06T22:11:22.512452+00:00,152.5,8,ask,,,10014281
2026-07-06T22:11:22.504489,2026-07-06T22:11:22.517514+00:00,152.4,26,ask,,,10014282
2026-07-06T22:11:24.157120,2026-07-06T22:11:24.158575+00:00,152.8,8,ask,,,10014319
2026-07-06T22:11:24.157120,2026-07-06T22:11:24.169900+00:00,152.7,42,ask,,,10014320
2026-07-06T22:11:26.265908,2026-07-06T22:11:26.274032+00:00,152.8,8,ask,,,10014353
2026-07-06T22:11:26.265908,2026-07-06T22:11:26.274032+00:00,152.7,42,ask,,,10014354
2026-07-06T22:11:27.730986,2026-07-06T22:11:27.739603+00:00,153.0,4,bid,,,10014385
2026-07-06T22:11:28.392882,2026-07-06T22:11:28.403866+00:00,152.8,8,ask,,,10014396
2026-07-06T22:11:28.392882,2026-07-06T22:11:28.403866+00:00,152.6,42,ask,,,10014397
2026-07-06T22:11:30.059601,2026-07-06T22:11:30.068028+00:00,153.0,11,bid,,,10014424
2026-07-06T22:11:30.500800,2026-07-06T22:11:30.511269+00:00,153.0,50,ask,,,10014433
2026-07-06T22:11:30.529060,2026-07-06T22:11:30.537985+00:00,153.1,49,bid,,,10014434
2026-07-06T22:11:31.504720,2026-07-06T22:11:31.513566+00:00,153.1,8,bid,,,10014452
2026-07-06T22:11:32.627245,2026-07-06T22:11:32.637502+00:00,153.0,50,ask,,,10014467
2026-07-06T22:11:34.733878,2026-07-06T22:11:34.745302+00:00,153.0,50,ask,,,10014503
2026-07-06T22:11:36.579050,2026-07-06T22:11:36.587388+00:00,153.0,47,ask,,,10014531
2026-07-06T22:11:36.790994,2026-07-06T22:11:36.802447+00:00,153.3,8,bid,,,10014533
2026-07-06T22:11:36.790994,2026-07-06T22:11:36.802447+00:00,153.3,42,bid,,,10014534
2026-07-06T22:11:37.627940,2026-07-06T22:11:37.639468+00:00,153.1,43,bid,,,10014544
2026-07-06T22:11:37.700108,2026-07-06T22:11:37.706558+00:00,153.0,8,ask,,,10014548
2026-07-06T22:11:37.700108,2026-07-06T22:11:37.711783+00:00,153.0,16,ask,,,10014549
2026-07-06T22:11:38.899933,2026-07-06T22:11:38.908905+00:00,153.0,50,bid,,,10014567
2026-07-06T22:11:39.232781,2026-07-06T22:11:39.244479+00:00,152.8,8,ask,,,10014572
2026-07-06T22:11:39.232781,2026-07-06T22:11:39.244479+00:00,152.6,36,ask,,,10014573
2026-07-06T22:11:39.830677,2026-07-06T22:11:39.839084+00:00,153.0,41,bid,,,10014578
2026-07-06T22:11:43.159543,2026-07-06T22:11:43.171200+00:00,153.1,8,ask,,,10014626
2026-07-06T22:11:43.159543,2026-07-06T22:11:43.171200+00:00,153.0,42,ask,,,10014627
2026-07-06T22:11:45.217717,2026-07-06T22:11:45.229266+00:00,153.3,50,bid,,,10014660
2026-07-06T22:11:47.338914,2026-07-06T22:11:47.350232+00:00,153.4,50,bid,,,10014703
2026-07-06T22:11:48.829007,2026-07-06T22:11:48.858627+00:00,153.0,29,ask,,,10014729
2026-07-06T22:11:48.829007,2026-07-06T22:11:48.858627+00:00,153.0,17,ask,,,10014730
2026-07-06T22:11:49.448184,2026-07-06T22:11:49.463643+00:00,153.5,8,bid,,,10014738
2026-07-06T22:11:49.448184,2026-07-06T22:11:49.463643+00:00,153.5,42,bid,,,10014739
2026-07-06T22:11:50.738300,2026-07-06T22:11:50.754320+00:00,153.2,48,bid,,,10014751
2026-07-06T22:11:51.630210,2026-07-06T22:11:51.642054+00:00,153.1,50,ask,,,10014773
2026-07-06T22:11:53.685306,2026-07-06T22:11:53.692208+00:00,153.3,50,bid,,,10014808
2026-07-06T22:11:56.570916,2026-07-06T22:11:56.579797+00:00,153.0,8,ask,,,10014862
2026-07-06T22:11:56.570916,2026-07-06T22:11:56.579797+00:00,153.0,36,ask,,,10014863
2026-07-06T22:11:57.962993,2026-07-06T22:11:57.974450+00:00,153.0,50,ask,,,10014886
2026-07-06T22:11:59.359864,2026-07-06T22:11:59.371425+00:00,153.1,42,bid,,,10014904
2026-07-06T22:11:59.806864,2026-07-06T22:11:59.818139+00:00,153.1,8,bid,,,10014906
2026-07-06T22:11:59.883274,2026-07-06T22:11:59.894882+00:00,153.1,46,ask,,,10014908
2026-07-06T22:12:02.179091,2026-07-06T22:12:02.189587+00:00,153.1,50,ask,,,10014939
2026-07-06T22:12:03.280241,2026-07-06T22:12:03.291787+00:00,153.0,45,ask,,,10014956
2026-07-06T22:12:04.234619,2026-07-06T22:12:04.246427+00:00,153.1,50,bid,,,10014969
2026-07-06T22:12:04.405655,2026-07-06T22:12:04.417337+00:00,153.1,41,bid,,,10014971
2026-07-06T22:12:05.512479,2026-07-06T22:12:05.520405+00:00,153.0,5,ask,,,10014991
2026-07-06T22:12:05.512479,2026-07-06T22:12:05.525650+00:00,152.9,8,ask,,,10014992
2026-07-06T22:12:05.512479,2026-07-06T22:12:05.525650+00:00,152.8,29,ask,,,10014993
2026-07-06T22:12:06.393188,2026-07-06T22:12:06.404915+00:00,152.9,50,ask,,,10015011
2026-07-06T22:12:07.097202,2026-07-06T22:12:07.111337+00:00,153.2,8,bid,,,10015019
2026-07-06T22:12:07.097202,2026-07-06T22:12:07.111337+00:00,153.3,32,bid,,,10015020
2026-07-06T22:12:08.253019,2026-07-06T22:12:08.268970+00:00,153.3,44,bid,,,10015037
2026-07-06T22:12:08.449928,2026-07-06T22:12:08.456414+00:00,153.4,50,bid,,,10015039
2026-07-06T22:12:09.182132,2026-07-06T22:12:09.193686+00:00,153.1,43,ask,,,10015045
2026-07-06T22:12:09.702163,2026-07-06T22:12:09.712156+00:00,153.4,49,bid,,,10015056
2026-07-06T22:12:09.757408,2026-07-06T22:12:09.769100+00:00,153.1,45,ask,,,10015057
2026-07-06T22:12:10.558713,2026-07-06T22:12:10.570320+00:00,153.4,1,bid,,,10015073
2026-07-06T22:12:10.558713,2026-07-06T22:12:10.570320+00:00,153.4,8,bid,,,10015074
2026-07-06T22:12:10.558713,2026-07-06T22:12:10.570320+00:00,153.4,41,bid,,,10015075
2026-07-06T22:12:11.805971,2026-07-06T22:12:11.817584+00:00,153.0,8,ask,,,10015091
2026-07-06T22:12:11.805971,2026-07-06T22:12:11.817584+00:00,152.9,36,ask,,,10015092
2026-07-06T22:12:12.367701,2026-07-06T22:12:12.374523+00:00,153.2,40,bid,,,10015099
2026-07-06T22:12:12.669533,2026-07-06T22:12:12.681289+00:00,153.2,50,bid,,,10015108
2026-07-06T22:12:14.777029,2026-07-06T22:12:14.788780+00:00,153.2,8,bid,,,10015134
2026-07-06T22:12:14.777029,2026-07-06T22:12:14.788780+00:00,153.4,42,bid,,,10015135
2026-07-06T22:12:15.344151,2026-07-06T22:12:15.355928+00:00,153.1,42,ask,,,10015144
2026-07-06T22:12:16.884441,2026-07-06T22:12:16.895511+00:00,153.3,50,bid,,,10015162
2026-07-06T22:12:17.315130,2026-07-06T22:12:17.323166+00:00,153.1,11,ask,,,10015168
2026-07-06T22:12:18.990366,2026-07-06T22:12:19.001998+00:00,153.2,50,bid,,,10015197
2026-07-06T22:12:21.096250,2026-07-06T22:12:21.108032+00:00,153.4,50,bid,,,10015228
2026-07-06T22:12:22.743603,2026-07-06T22:12:22.755093+00:00,153.4,8,bid,,,10015255
2026-07-06T22:12:22.743603,2026-07-06T22:12:22.755093+00:00,153.5,33,bid,,,10015256
2026-07-06T22:12:23.203850,2026-07-06T22:12:23.215265+00:00,153.5,50,bid,,,10015263
2026-07-06T22:12:25.260284,2026-07-06T22:12:25.269934+00:00,153.2,12,ask,,,10015293
2026-07-06T22:12:25.309956,2026-07-06T22:12:25.317735+00:00,153.4,8,bid,,,10015296
2026-07-06T22:12:25.309956,2026-07-06T22:12:25.322986+00:00,153.5,42,bid,,,10015297
2026-07-06T22:12:27.417472,2026-07-06T22:12:27.428633+00:00,153.5,50,bid,,,10015334
2026-07-06T22:12:28.331737,2026-07-06T22:12:28.340563+00:00,153.2,11,ask,,,10015351
2026-07-06T22:12:28.492661,2026-07-06T22:12:28.504276+00:00,153.2,43,ask,,,10015355
2026-07-06T22:12:29.574693,2026-07-06T22:12:29.582138+00:00,153.2,50,ask,,,10015375
2026-07-06T22:12:30.596229,2026-07-06T22:12:30.605264+00:00,153.2,8,ask,,,10015395
2026-07-06T22:12:31.498967,2026-07-06T22:12:31.508798+00:00,153.4,8,bid,,,10015411
2026-07-06T22:12:31.498967,2026-07-06T22:12:31.508798+00:00,153.5,35,bid,,,10015412
2026-07-06T22:12:31.681145,2026-07-06T22:12:31.692591+00:00,153.0,50,ask,,,10015418
2026-07-06T22:12:33.446978,2026-07-06T22:12:33.458816+00:00,153.0,44,ask,,,10015441
2026-07-06T22:12:33.738666,2026-07-06T22:12:33.758553+00:00,153.2,8,bid,,,10015450
2026-07-06T22:12:33.738666,2026-07-06T22:12:33.758553+00:00,153.3,42,bid,,,10015451
2026-07-06T22:12:35.845527,2026-07-06T22:12:35.854448+00:00,153.3,50,bid,,,10015493
2026-07-06T22:12:38.021752,2026-07-06T22:12:38.032386+00:00,153.1,50,ask,,,10015529
2026-07-06T22:12:38.028808,2026-07-06T22:12:38.037398+00:00,153.1,42,ask,,,10015530
2026-07-06T22:12:39.608592,2026-07-06T22:12:39.617646+00:00,153.1,3,ask,,,10015556
2026-07-06T22:12:39.718398,2026-07-06T22:12:39.726202+00:00,153.1,5,ask,,,10015561
2026-07-06T22:12:39.986336,2026-07-06T22:12:39.997738+00:00,153.0,3,ask,,,10015566
2026-07-06T22:12:40.164487,2026-07-06T22:12:40.176163+00:00,153.0,47,ask,,,10015570
2026-07-06T22:12:40.164487,2026-07-06T22:12:40.176163+00:00,152.9,53,ask,,,10015571
2026-07-06T22:12:41.901921,2026-07-06T22:12:41.910545+00:00,153.0,43,bid,,,10015595
2026-07-06T22:12:42.240892,2026-07-06T22:12:42.248488+00:00,152.9,50,ask,,,10015599
2026-07-06T22:12:44.346828,2026-07-06T22:12:44.358598+00:00,152.7,50,ask,,,10015646
2026-07-06T22:12:45.931554,2026-07-06T22:12:45.940131+00:00,152.9,3,bid,,,10015678
2026-07-06T22:12:46.455042,2026-07-06T22:12:46.469103+00:00,152.7,50,ask,,,10015689
2026-07-06T22:12:48.510114,2026-07-06T22:12:48.518151+00:00,152.9,47,bid,,,10015717
2026-07-06T22:12:48.510114,2026-07-06T22:12:48.518151+00:00,153.0,3,bid,,,10015718
2026-07-06T22:12:50.692890,2026-07-06T22:12:50.705440+00:00,152.7,8,ask,,,10015757
2026-07-06T22:12:50.692890,2026-07-06T22:12:50.705440+00:00,152.7,42,ask,,,10015758
2026-07-06T22:12:51.831654,2026-07-06T22:12:51.843227+00:00,152.7,8,ask,,,10015771
2026-07-06T22:12:52.801874,2026-07-06T22:12:52.864410+00:00,152.5,8,ask,,,10015784
2026-07-06T22:12:52.801874,2026-07-06T22:12:52.864410+00:00,152.4,42,ask,,,10015785
2026-07-06T22:12:54.067395,2026-07-06T22:12:54.078176+00:00,152.6,11,bid,,,10015800
2026-07-06T22:12:54.877891,2026-07-06T22:12:54.886315+00:00,152.6,48,bid,,,10015812
2026-07-06T22:12:54.918317,2026-07-06T22:12:54.932951+00:00,152.4,50,ask,,,10015813
2026-07-06T22:12:55.926794,2026-07-06T22:12:55.938652+00:00,152.6,44,bid,,,10015828
2026-07-06T22:12:57.024897,2026-07-06T22:12:57.034602+00:00,152.4,8,ask,,,10015851
2026-07-06T22:12:57.024897,2026-07-06T22:12:57.034602+00:00,152.4,42,ask,,,10015852
2026-07-06T22:12:59.384619,2026-07-06T22:12:59.395253+00:00,152.4,8,ask,,,10015886
2026-07-06T22:12:59.384619,2026-07-06T22:12:59.395253+00:00,152.4,41,ask,,,10015887
2026-07-06T22:13:01.061078,2026-07-06T22:13:01.072666+00:00,152.4,41,ask,,,10015912
2026-07-06T22:13:01.281657,2026-07-06T22:13:01.288383+00:00,152.4,50,ask,,,10015915
2026-07-06T22:13:01.931453,2026-07-06T22:13:01.939517+00:00,152.6,12,bid,,,10015924
2026-07-06T22:13:03.204288,2026-07-06T22:13:03.215849+00:00,152.4,100,ask,,,10015941
2026-07-06T22:13:03.204288,2026-07-06T22:13:03.215849+00:00,152.4,8,ask,,,10015942
2026-07-06T22:13:04.521459,2026-07-06T22:13:04.532923+00:00,152.4,5,bid,,,10015965
2026-07-06T22:13:05.032361,2026-07-06T22:13:05.042293+00:00,152.4,8,bid,,,10015974
2026-07-06T22:13:05.455909,2026-07-06T22:13:05.456094+00:00,152.4,29,bid,,,10015983
2026-07-06T22:13:05.455909,2026-07-06T22:13:05.469130+00:00,152.7,21,bid,,,10015984
2026-07-06T22:13:07.500157,2026-07-06T22:13:07.508450+00:00,152.4,49,bid,,,10016012
2026-07-06T22:13:07.563808,2026-07-06T22:13:07.575276+00:00,152.4,50,bid,,,10016013
2026-07-06T22:13:08.520952,2026-07-06T22:13:08.529568+00:00,152.2,48,ask,,,10016022
2026-07-06T22:13:09.670688,2026-07-06T22:13:09.678932+00:00,152.3,50,bid,,,10016035
2026-07-06T22:13:09.705957,2026-07-06T22:13:09.712728+00:00,152.5,8,bid,,,10016037
2026-07-06T22:13:09.705957,2026-07-06T22:13:09.717701+00:00,152.5,40,bid,,,10016038
2026-07-06T22:13:10.216996,2026-07-06T22:13:10.228498+00:00,152.2,8,ask,,,10016055
2026-07-06T22:13:10.216996,2026-07-06T22:13:10.228498+00:00,152.2,34,ask,,,10016056
2026-07-06T22:13:11.321195,2026-07-06T22:13:11.332152+00:00,152.5,48,bid,,,10016070
2026-07-06T22:13:11.827905,2026-07-06T22:13:11.841389+00:00,152.2,50,ask,,,10016076
2026-07-06T22:13:13.305914,2026-07-06T22:13:13.315468+00:00,152.2,43,ask,,,10016098
2026-07-06T22:13:13.935541,2026-07-06T22:13:13.958604+00:00,152.2,50,ask,,,10016104
2026-07-06T22:13:14.505227,2026-07-06T22:13:14.516658+00:00,152.4,41,bid,,,10016115
2026-07-06T22:13:15.028467,2026-07-06T22:13:15.040142+00:00,152.1,40,ask,,,10016121
2026-07-06T22:13:15.992211,2026-07-06T22:13:16.001391+00:00,152.4,50,bid,,,10016133
2026-07-06T22:13:18.153283,2026-07-06T22:13:18.169004+00:00,152.1,10,ask,,,10016160
2026-07-06T22:13:18.153283,2026-07-06T22:13:18.169004+00:00,152.1,8,ask,,,10016161
2026-07-06T22:13:18.153283,2026-07-06T22:13:18.169004+00:00,152.1,32,ask,,,10016162
2026-07-06T22:13:20.281521,2026-07-06T22:13:20.291242+00:00,152.1,50,ask,,,10016186
2026-07-06T22:13:21.820943,2026-07-06T22:13:21.832429+00:00,152.3,8,ask,,,10016200
2026-07-06T22:13:22.391791,2026-07-06T22:13:22.403670+00:00,152.1,8,ask,,,10016206
2026-07-06T22:13:22.391791,2026-07-06T22:13:22.403670+00:00,152.0,42,ask,,,10016207
2026-07-06T22:13:23.733174,2026-07-06T22:13:23.742812+00:00,152.4,41,bid,,,10016232
2026-07-06T22:13:24.450573,2026-07-06T22:13:24.463598+00:00,152.5,50,bid,,,10016241
2026-07-06T22:13:25.441839,2026-07-06T22:13:25.458575+00:00,152.1,44,ask,,,10016256
2026-07-06T22:13:27.895892,2026-07-06T22:13:27.907425+00:00,152.6,47,bid,,,10016299
2026-07-06T22:13:28.719217,2026-07-06T22:13:28.726403+00:00,152.3,8,ask,,,10016311
2026-07-06T22:13:28.719217,2026-07-06T22:13:28.731649+00:00,152.3,42,ask,,,10016312
2026-07-06T22:13:30.044473,2026-07-06T22:13:30.048493+00:00,152.6,8,bid,,,10016332
2026-07-06T22:13:30.044473,2026-07-06T22:13:30.048493+00:00,152.6,35,bid,,,10016333
2026-07-06T22:13:30.826635,2026-07-06T22:13:30.836549+00:00,152.3,8,ask,,,10016347
2026-07-06T22:13:30.826635,2026-07-06T22:13:30.836549+00:00,152.3,42,ask,,,10016348
2026-07-06T22:13:32.013761,2026-07-06T22:13:32.025385+00:00,152.2,43,ask,,,10016366
2026-07-06T22:13:32.513309,2026-07-06T22:13:32.525019+00:00,152.2,43,ask,,,10016375
2026-07-06T22:13:34.987027,2026-07-06T22:13:34.998478+00:00,152.4,50,bid,,,10016408
2026-07-06T22:13:37.095226,2026-07-06T22:13:37.107009+00:00,152.4,50,bid,,,10016429
2026-07-06T22:13:37.426010,2026-07-06T22:13:37.434925+00:00,152.3,41,bid,,,10016438
2026-07-06T22:13:38.373279,2026-07-06T22:13:38.385062+00:00,152.2,41,ask,,,10016444
2026-07-06T22:13:38.373279,2026-07-06T22:13:38.385062+00:00,152.2,4,ask,,,10016445
2026-07-06T22:13:39.005040,2026-07-06T22:13:39.017021+00:00,152.2,49,ask,,,10016467
2026-07-06T22:13:39.186407,2026-07-06T22:13:39.195441+00:00,152.2,12,ask,,,10016471
2026-07-06T22:13:39.201252,2026-07-06T22:13:39.211023+00:00,152.3,50,bid,,,10016473
2026-07-06T22:13:41.319186,2026-07-06T22:13:41.329532+00:00,152.3,50,bid,,,10016499
2026-07-06T22:13:47.688336,2026-07-06T22:13:47.700137+00:00,152.0,8,ask,,,10016588
2026-07-06T22:13:47.688336,2026-07-06T22:13:47.700137+00:00,151.9,42,ask,,,10016589
2026-07-06T22:13:49.439114,2026-07-06T22:13:49.451025+00:00,152.1,46,bid,,,10016616
2026-07-06T22:13:49.796247,2026-07-06T22:13:49.807845+00:00,151.9,5,ask,,,10016625
2026-07-06T22:13:49.796247,2026-07-06T22:13:49.807845+00:00,151.7,45,ask,,,10016626
2026-07-06T22:13:51.916499,2026-07-06T22:13:51.928091+00:00,151.8,8,ask,,,10016662
2026-07-06T22:13:51.916499,2026-07-06T22:13:51.928091+00:00,151.8,42,ask,,,10016663
2026-07-06T22:13:54.026811,2026-07-06T22:13:54.036513+00:00,151.8,8,ask,,,10016689
2026-07-06T22:13:54.026811,2026-07-06T22:13:54.036513+00:00,151.5,42,ask,,,10016690
2026-07-06T22:13:58.244144,2026-07-06T22:13:58.258608+00:00,151.6,8,ask,,,10016757
2026-07-06T22:13:58.244144,2026-07-06T22:13:58.258608+00:00,151.5,41,ask,,,10016758
2026-07-06T22:13:58.244144,2026-07-06T22:13:58.258608+00:00,151.4,1,ask,,,10016759
2026-07-06T22:14:00.307038,2026-07-06T22:14:00.319610+00:00,151.8,50,bid,,,10016808
2026-07-06T22:14:02.468245,2026-07-06T22:14:02.480045+00:00,151.4,8,ask,,,10016853
2026-07-06T22:14:02.468245,2026-07-06T22:14:02.480045+00:00,151.4,42,ask,,,10016854
2026-07-06T22:14:03.296343,2026-07-06T22:14:03.307870+00:00,151.4,100,ask,,,10016869
2026-07-06T22:14:03.309029,2026-07-06T22:14:03.317957+00:00,151.4,12,bid,,,10016870
2026-07-06T22:14:03.659442,2026-07-06T22:14:03.670186+00:00,151.4,23,bid,,,10016877
2026-07-06T22:14:04.577521,2026-07-06T22:14:04.584616+00:00,150.9,50,ask,,,10016895
2026-07-06T22:14:04.601685,2026-07-06T22:14:04.610101+00:00,151.4,11,bid,,,10016896
2026-07-06T22:14:04.822252,2026-07-06T22:14:04.832474+00:00,151.4,3,bid,,,10016906
2026-07-06T22:14:05.093196,2026-07-06T22:14:05.102771+00:00,151.4,1,bid,,,10016913
2026-07-06T22:14:05.772735,2026-07-06T22:14:05.779580+00:00,151.8,43,bid,,,10016921
2026-07-06T22:14:06.630393,2026-07-06T22:14:06.640285+00:00,151.7,8,ask,,,10016943
2026-07-06T22:14:06.684735,2026-07-06T22:14:06.696516+00:00,151.6,50,ask,,,10016946
2026-07-06T22:14:07.267462,2026-07-06T22:14:07.279206+00:00,151.8,7,bid,,,10016954
2026-07-06T22:14:07.267462,2026-07-06T22:14:07.279206+00:00,151.8,38,bid,,,10016955
2026-07-06T22:14:07.602612,2026-07-06T22:14:07.612274+00:00,151.6,15,ask,,,10016960
2026-07-06T22:14:08.233032,2026-07-06T22:14:08.241846+00:00,151.6,11,ask,,,10016971
2026-07-06T22:14:08.818907,2026-07-06T22:14:08.830103+00:00,151.6,50,ask,,,10016973
2026-07-06T22:14:09.653905,2026-07-06T22:14:09.665656+00:00,151.6,6,ask,,,10016994
2026-07-06T22:14:09.653905,2026-07-06T22:14:09.665656+00:00,151.5,50,ask,,,10016995
2026-07-06T22:14:09.666939,2026-07-06T22:14:09.676672+00:00,151.5,11,bid,,,10016996
2026-07-06T22:14:09.695109,2026-07-06T22:14:09.706490+00:00,151.5,3,bid,,,10016998
2026-07-06T22:14:10.876773,2026-07-06T22:14:10.885028+00:00,151.5,50,bid,,,10017016
2026-07-06T22:14:11.565741,2026-07-06T22:14:11.577334+00:00,151.2,48,ask,,,10017030
2026-07-06T22:14:12.865248,2026-07-06T22:14:12.874659+00:00,151.6,12,bid,,,10017049
2026-07-06T22:14:15.095796,2026-07-06T22:14:15.105058+00:00,151.6,50,bid,,,10017089
2026-07-06T22:14:16.867870,2026-07-06T22:14:16.875369+00:00,151.8,45,bid,,,10017128
2026-07-06T22:14:17.202535,2026-07-06T22:14:17.215225+00:00,151.8,50,bid,,,10017134
2026-07-06T22:14:17.378119,2026-07-06T22:14:17.389551+00:00,151.6,41,ask,,,10017141
2026-07-06T22:14:21.489510,2026-07-06T22:14:21.496854+00:00,152.0,50,ask,,,10017221
2026-07-06T22:14:21.911519,2026-07-06T22:14:21.923292+00:00,152.1,48,bid,,,10017228
2026-07-06T22:14:22.772421,2026-07-06T22:14:22.780741+00:00,152.0,23,ask,,,10017238
2026-07-06T22:14:23.596318,2026-07-06T22:14:23.608244+00:00,152.0,27,ask,,,10017265
2026-07-06T22:14:23.596318,2026-07-06T22:14:23.608244+00:00,151.8,5,ask,,,10017266
2026-07-06T22:14:23.596318,2026-07-06T22:14:23.608244+00:00,151.7,18,ask,,,10017267
2026-07-06T22:14:26.585692,2026-07-06T22:14:26.597348+00:00,151.6,47,ask,,,10017321
2026-07-06T22:14:27.176138,2026-07-06T22:14:27.187702+00:00,151.6,46,ask,,,10017331
2026-07-06T22:14:27.760601,2026-07-06T22:14:27.770913+00:00,152.0,50,bid,,,10017344
2026-07-06T22:14:27.865266,2026-07-06T22:14:27.875952+00:00,151.7,23,bid,,,10017355
2026-07-06T22:14:29.868626,2026-07-06T22:14:29.876322+00:00,151.7,27,bid,,,10017391
2026-07-06T22:14:29.868626,2026-07-06T22:14:29.881471+00:00,152.1,2,bid,,,10017392
2026-07-06T22:14:29.868626,2026-07-06T22:14:29.881471+00:00,152.1,21,bid,,,10017393
2026-07-06T22:14:30.373594,2026-07-06T22:14:30.386471+00:00,152.0,47,bid,,,10017403
2026-07-06T22:14:31.035630,2026-07-06T22:14:31.045322+00:00,152.0,3,bid,,,10017412
2026-07-06T22:14:31.035630,2026-07-06T22:14:31.045322+00:00,152.0,41,bid,,,10017413
2026-07-06T22:14:31.980879,2026-07-06T22:14:31.992317+00:00,152.0,50,bid,,,10017428
2026-07-06T22:14:34.089142,2026-07-06T22:14:34.100610+00:00,152.2,50,bid,,,10017462
2026-07-06T22:14:34.927001,2026-07-06T22:14:34.938329+00:00,152.0,12,ask,,,10017480
2026-07-06T22:14:35.176160,2026-07-06T22:14:35.184431+00:00,152.0,11,ask,,,10017484
2026-07-06T22:14:36.247066,2026-07-06T22:14:36.258705+00:00,152.0,50,ask,,,10017510
2026-07-06T22:14:37.301756,2026-07-06T22:14:37.311090+00:00,152.0,12,ask,,,10017522
2026-07-06T22:14:38.354351,2026-07-06T22:14:38.365790+00:00,151.8,50,ask,,,10017535
2026-07-06T22:14:39.762388,2026-07-06T22:14:39.773863+00:00,151.7,42,ask,,,10017556
2026-07-06T22:14:40.409076,2026-07-06T22:14:40.420752+00:00,151.9,50,bid,,,10017566
2026-07-06T22:14:41.740022,2026-07-06T22:14:41.748305+00:00,151.7,49,ask,,,10017581
2026-07-06T22:14:41.764889,2026-07-06T22:14:41.772855+00:00,151.8,12,bid,,,10017582
2026-07-06T22:14:43.866868,2026-07-06T22:14:43.878334+00:00,151.8,44,bid,,,10017610
2026-07-06T22:14:44.670099,2026-07-06T22:14:44.681653+00:00,151.7,1,ask,,,10017635
2026-07-06T22:14:44.670099,2026-07-06T22:14:44.681653+00:00,151.7,49,ask,,,10017636
2026-07-06T22:14:44.939140,2026-07-06T22:14:44.958843+00:00,151.7,43,ask,,,10017642
2026-07-06T22:14:45.452783,2026-07-06T22:14:45.453684+00:00,151.9,42,bid,,,10017648
2026-07-06T22:14:47.074882,2026-07-06T22:14:47.084135+00:00,151.7,40,ask,,,10017671
2026-07-06T22:14:47.643759,2026-07-06T22:14:47.652398+00:00,151.7,11,bid,,,10017679
2026-07-06T22:14:48.831818,2026-07-06T22:14:48.843198+00:00,151.7,50,bid,,,10017702
2026-07-06T22:14:51.035175,2026-07-06T22:14:51.046660+00:00,151.8,46,bid,,,10017736
2026-07-06T22:14:52.623664,2026-07-06T22:14:52.635410+00:00,151.8,49,bid,,,10017759
2026-07-06T22:14:53.094689,2026-07-06T22:14:53.104541+00:00,151.6,50,ask,,,10017762
2026-07-06T22:14:55.202948,2026-07-06T22:14:55.214685+00:00,151.8,50,ask,,,10017803
2026-07-06T22:14:57.323721,2026-07-06T22:14:57.332490+00:00,151.7,37,ask,,,10017836
2026-07-06T22:14:57.323721,2026-07-06T22:14:57.332490+00:00,151.6,13,ask,,,10017837
2026-07-06T22:14:59.431081,2026-07-06T22:14:59.442710+00:00,151.6,50,ask,,,10017863
2026-07-06T22:14:59.533770,2026-07-06T22:14:59.541568+00:00,151.6,45,ask,,,10017865
2026-07-06T22:15:00.313895,2026-07-06T22:15:00.322987+00:00,151.8,12,bid,,,10017880
2026-07-06T22:15:01.546639,2026-07-06T22:15:01.569177+00:00,151.6,50,ask,,,10017904
2026-07-06T22:15:02.596791,2026-07-06T22:15:02.608375+00:00,151.8,44,bid,,,10017919
2026-07-06T22:15:03.655275,2026-07-06T22:15:03.666815+00:00,151.7,50,ask,,,10017936
2026-07-06T22:15:05.434275,2026-07-06T22:15:05.445690+00:00,151.7,45,ask,,,10017961
2026-07-06T22:15:05.731005,2026-07-06T22:15:05.734757+00:00,152.0,50,bid,,,10017965
2026-07-06T22:15:06.034673,2026-07-06T22:15:06.046189+00:00,152.1,42,bid,,,10017972
2026-07-06T22:15:06.759515,2026-07-06T22:15:06.768878+00:00,151.7,11,bid,,,10017983
2026-07-06T22:15:07.156023,2026-07-06T22:15:07.163620+00:00,151.6,44,ask,,,10017991
2026-07-06T22:15:07.618257,2026-07-06T22:15:07.626097+00:00,151.7,49,bid,,,10017997
2026-07-06T22:15:07.692952,2026-07-06T22:15:07.704522+00:00,151.7,50,bid,,,10018001
2026-07-06T22:15:07.891930,2026-07-06T22:15:07.903623+00:00,151.6,50,ask,,,10018004
2026-07-06T22:15:09.184770,2026-07-06T22:15:09.196352+00:00,151.5,42,ask,,,10018014
2026-07-06T22:15:09.403720,2026-07-06T22:15:09.411769+00:00,151.7,11,bid,,,10018020
2026-07-06T22:15:09.949050,2026-07-06T22:15:09.955841+00:00,152.0,50,bid,,,10018029
2026-07-06T22:15:10.014691,2026-07-06T22:15:10.024346+00:00,151.9,11,ask,,,10018032
2026-07-06T22:15:10.750053,2026-07-06T22:15:10.759047+00:00,151.9,45,ask,,,10018042
2026-07-06T22:15:11.276115,2026-07-06T22:15:11.286025+00:00,152.0,46,bid,,,10018050
