timestamp,recv_time,price,volume,aggressor_side,buyer,seller,trade_id
2026-07-01T06:00:03.024291,2026-07-01T06:00:03.034124+00:00,86.8,50,ask,DiligentDonuts,FlawlessFlatbreads,1784099
2026-07-01T06:00:04.394267,2026-07-01T06:00:04.404966+00:00,87.1,3,bid,CostlyCorianders,Kelvin Chan,1784146
2026-07-01T06:00:04.394267,2026-07-01T06:00:04.404966+00:00,87.2,41,bid,CostlyCorianders,EarnestEspressos,1784147
2026-07-01T06:00:05.131498,2026-07-01T06:00:05.134556+00:00,86.8,50,ask,DiligentDonuts,FlawlessFlatbreads,1784162
2026-07-01T06:00:07.245404,2026-07-01T06:00:07.252441+00:00,86.7,50,ask,EarnestEspressos,FlawlessFlatbreads,1784215
2026-07-01T06:00:08.579412,2026-07-01T06:00:08.594523+00:00,86.5,44,ask,DiligentDonuts,CostlyCorianders,1784246
2026-07-01T06:00:09.353623,2026-07-01T06:00:09.363368+00:00,86.5,50,ask,DiligentDonuts,FlawlessFlatbreads,1784260
2026-07-01T06:00:11.471864,2026-07-01T06:00:11.480963+00:00,86.6,50,ask,EarnestEspressos,FlawlessFlatbreads,1784306
2026-07-01T06:00:13.579248,2026-07-01T06:00:13.585535+00:00,86.6,50,ask,EarnestEspressos,FlawlessFlatbreads,1784346
2026-07-01T06:00:15.033159,2026-07-01T06:00:15.041224+00:00,86.7,42,bid,CostlyCorianders,EarnestEspressos,1784380
2026-07-01T06:00:15.702065,2026-07-01T06:00:15.713138+00:00,86.4,10,ask,Zijun Feng,FlawlessFlatbreads,1784398
2026-07-01T06:00:15.702065,2026-07-01T06:00:15.713138+00:00,86.3,40,ask,DiligentDonuts,FlawlessFlatbreads,1784399
2026-07-01T06:00:15.730770,2026-07-01T06:00:15.733902+00:00,86.7,47,bid,CostlyCorianders,EarnestEspressos,1784400
2026-07-01T06:00:17.810549,2026-07-01T06:00:17.817716+00:00,86.4,50,ask,EarnestEspressos,FlawlessFlatbreads,1784457
2026-07-01T06:00:18.120890,2026-07-01T06:00:18.169154+00:00,86.4,41,ask,EarnestEspressos,CostlyCorianders,1784465
2026-07-01T06:00:18.566604,2026-07-01T06:00:18.570384+00:00,86.6,3,bid,Xuanyu Liu,DiligentDonuts,1784476
2026-07-01T06:00:18.701412,2026-07-01T06:00:18.703737+00:00,86.4,48,ask,EarnestEspressos,CostlyCorianders,1784477
2026-07-01T06:00:18.923030,2026-07-01T06:00:18.931266+00:00,86.6,4,bid,Aaron Tian,DiligentDonuts,1784481
2026-07-01T06:00:19.920418,2026-07-01T06:00:19.928674+00:00,86.5,2,ask,Kelvin Chan,FlawlessFlatbreads,1784495
2026-07-01T06:00:19.920418,2026-07-01T06:00:19.928674+00:00,86.4,11,ask,EarnestEspressos,FlawlessFlatbreads,1784496
2026-07-01T06:00:19.920418,2026-07-01T06:00:19.928674+00:00,86.4,10,ask,Zijun Feng,FlawlessFlatbreads,1784497
2026-07-01T06:00:19.920418,2026-07-01T06:00:19.928674+00:00,86.2,27,ask,DiligentDonuts,FlawlessFlatbreads,1784498
2026-07-01T06:00:20.889339,2026-07-01T06:00:20.907743+00:00,86.5,1,ask,Kelvin Chan,EarnestEspressos,1784527
2026-07-01T06:00:20.889339,2026-07-01T06:00:20.907743+00:00,86.5,10,ask,Zijun Feng,EarnestEspressos,1784528
2026-07-01T06:00:20.904124,2026-07-01T06:00:20.907743+00:00,86.4,7,bid,Xuanyu Liu,EarnestEspressos,1784530
2026-07-01T06:00:22.032855,2026-07-01T06:00:22.040295+00:00,86.2,50,ask,DiligentDonuts,FlawlessFlatbreads,1784549
2026-07-01T06:00:22.194712,2026-07-01T06:00:22.204677+00:00,86.4,4,bid,Aaron Tian,EarnestEspressos,1784557
2026-07-01T06:00:22.374617,2026-07-01T06:00:22.380397+00:00,86.4,45,bid,CostlyCorianders,EarnestEspressos,1784562
2026-07-01T06:00:22.916142,2026-07-01T06:00:22.925834+00:00,86.4,5,bid,Kelvin Chan,EarnestEspressos,1784570
2026-07-01T06:00:23.033247,2026-07-01T06:00:23.039904+00:00,86.4,5,bid,Kelvin Chan,EarnestEspressos,1784571
2026-07-01T06:00:23.152569,2026-07-01T06:00:23.154663+00:00,86.4,5,bid,Kelvin Chan,EarnestEspressos,1784582
2026-07-01T06:00:23.358955,2026-07-01T06:00:23.361351+00:00,86.4,5,bid,Kelvin Chan,EarnestEspressos,1784587
2026-07-01T06:00:23.931298,2026-07-01T06:00:23.936449+00:00,86.4,4,bid,Kelvin Chan,EarnestEspressos,1784609
2026-07-01T06:00:24.139778,2026-07-01T06:00:24.144156+00:00,86.4,50,ask,EarnestEspressos,FlawlessFlatbreads,1784615
2026-07-01T06:00:25.462840,2026-07-01T06:00:25.465215+00:00,86.5,4,bid,Aaron Tian,DiligentDonuts,1784640
2026-07-01T06:00:26.185243,2026-07-01T06:00:26.187779+00:00,86.4,100,ask,EarnestEspressos,DiligentDonuts,1784664
2026-07-01T06:00:26.247623,2026-07-01T06:00:26.249765+00:00,86.4,10,ask,Zijun Feng,FlawlessFlatbreads,1784665
2026-07-01T06:00:26.247623,2026-07-01T06:00:26.260013+00:00,86.3,1,ask,Kelvin Chan,FlawlessFlatbreads,1784666
2026-07-01T06:00:26.247623,2026-07-01T06:00:26.260013+00:00,85.9,39,ask,DiligentDonuts,FlawlessFlatbreads,1784667
2026-07-01T06:00:28.360668,2026-07-01T06:00:28.372925+00:00,86.3,1,ask,Kelvin Chan,FlawlessFlatbreads,1784712
2026-07-01T06:00:28.360668,2026-07-01T06:00:28.372925+00:00,86.3,10,ask,Zijun Feng,FlawlessFlatbreads,1784713
2026-07-01T06:00:28.360668,2026-07-01T06:00:28.372925+00:00,85.9,39,ask,DiligentDonuts,FlawlessFlatbreads,1784714
2026-07-01T06:00:28.739864,2026-07-01T06:00:28.750706+00:00,86.4,4,bid,Aaron Tian,EarnestEspressos,1784724
2026-07-01T06:00:29.389555,2026-07-01T06:00:29.403626+00:00,86.4,43,bid,CostlyCorianders,EarnestEspressos,1784742
2026-07-01T06:00:30.469072,2026-07-01T06:00:30.474950+00:00,86.1,10,ask,Zijun Feng,CostlyCorianders,1784772
2026-07-01T06:00:30.469072,2026-07-01T06:00:30.474950+00:00,86.0,40,ask,DiligentDonuts,FlawlessFlatbreads,1784773
2026-07-01T06:00:30.957821,2026-07-01T06:00:30.959700+00:00,86.1,10,ask,Zijun Feng,FlawlessFlatbreads,1784784
2026-07-01T06:00:30.957821,2026-07-01T06:00:30.970081+00:00,86.0,37,ask,DiligentDonuts,CostlyCorianders,1784785
2026-07-01T06:00:32.066996,2026-07-01T06:00:32.077143+00:00,86.4,4,bid,Aaron Tian,EarnestEspressos,1784811
2026-07-01T06:00:32.577330,2026-07-01T06:00:32.583797+00:00,86.1,10,ask,Zijun Feng,FlawlessFlatbreads,1784822
2026-07-01T06:00:32.577330,2026-07-01T06:00:32.583797+00:00,85.9,40,ask,EarnestEspressos,FlawlessFlatbreads,1784823
2026-07-01T06:00:33.357595,2026-07-01T06:00:33.362026+00:00,86.3,43,bid,CostlyCorianders,DiligentDonuts,1784834
2026-07-01T06:00:34.480365,2026-07-01T06:00:34.486242+00:00,86.1,2,ask,Kelvin Chan,CostlyCorianders,1784864
2026-07-01T06:00:34.480365,2026-07-01T06:00:34.496697+00:00,86.1,10,ask,Zijun Feng,CostlyCorianders,1784865
2026-07-01T06:00:34.633552,2026-07-01T06:00:34.640842+00:00,86.3,50,bid,FlawlessFlatbreads,DiligentDonuts,1784870
2026-07-01T06:00:35.346766,2026-07-01T06:00:35.354310+00:00,86.3,4,bid,Aaron Tian,DiligentDonuts,1784886
2026-07-01T06:00:36.741853,2026-07-01T06:00:36.769075+00:00,86.4,2,bid,FlawlessFlatbreads,Kelvin Chan,1784918
2026-07-01T06:00:36.741853,2026-07-01T06:00:36.769075+00:00,86.6,48,bid,FlawlessFlatbreads,EarnestEspressos,1784919
2026-07-01T06:00:37.862736,2026-07-01T06:00:37.866247+00:00,86.3,42,ask,DiligentDonuts,CostlyCorianders,1784938
2026-07-01T06:00:38.603925,2026-07-01T06:00:38.615937+00:00,86.4,2,bid,Aaron Tian,Kelvin Chan,1784957
2026-07-01T06:00:38.603925,2026-07-01T06:00:38.615937+00:00,86.4,2,bid,Aaron Tian,Zijun Feng,1784958
2026-07-01T06:00:38.851520,2026-07-01T06:00:38.854089+00:00,86.4,8,bid,FlawlessFlatbreads,Zijun Feng,1784965
2026-07-01T06:00:38.851520,2026-07-01T06:00:38.864579+00:00,86.5,42,bid,FlawlessFlatbreads,DiligentDonuts,1784966
2026-07-01T06:00:40.961904,2026-07-01T06:00:40.975455+00:00,86.4,50,bid,FlawlessFlatbreads,EarnestEspressos,1785010
2026-07-01T06:00:41.898435,2026-07-01T06:00:41.901175+00:00,86.4,4,bid,Aaron Tian,EarnestEspressos,1785035
2026-07-01T06:00:43.067788,2026-07-01T06:00:43.079711+00:00,86.4,1,bid,FlawlessFlatbreads,Kelvin Chan,1785049
2026-07-01T06:00:43.067788,2026-07-01T06:00:43.079711+00:00,86.5,49,bid,FlawlessFlatbreads,DiligentDonuts,1785050
2026-07-01T06:00:45.174619,2026-07-01T06:00:45.185047+00:00,86.4,1,bid,FlawlessFlatbreads,Kelvin Chan,1785087
2026-07-01T06:00:45.174619,2026-07-01T06:00:45.185047+00:00,86.8,49,bid,FlawlessFlatbreads,EarnestEspressos,1785088
2026-07-01T06:00:46.148292,2026-07-01T06:00:46.152309+00:00,86.4,2,bid,EarnestEspressos,Kelvin Chan,1785106
2026-07-01T06:00:46.167522,2026-07-01T06:00:46.172823+00:00,86.4,2,ask,EarnestEspressos,Kelvin Chan,1785107
2026-07-01T06:00:46.191980,2026-07-01T06:00:46.203628+00:00,86.4,2,ask,EarnestEspressos,Kelvin Chan,1785108
2026-07-01T06:00:46.216550,2026-07-01T06:00:46.224168+00:00,86.4,1,ask,EarnestEspressos,Kelvin Chan,1785109
2026-07-01T06:00:46.252398,2026-07-01T06:00:46.254931+00:00,86.4,2,ask,EarnestEspressos,Kelvin Chan,1785110
2026-07-01T06:00:46.287809,2026-07-01T06:00:46.296017+00:00,86.4,1,ask,EarnestEspressos,Kelvin Chan,1785112
2026-07-01T06:00:46.315315,2026-07-01T06:00:46.327174+00:00,86.4,1,ask,EarnestEspressos,Kelvin Chan,1785114
2026-07-01T06:00:46.344274,2026-07-01T06:00:46.347702+00:00,86.4,1,ask,EarnestEspressos,Kelvin Chan,1785115
2026-07-01T06:00:46.372525,2026-07-01T06:00:46.378427+00:00,86.4,1,ask,EarnestEspressos,Kelvin Chan,1785116
2026-07-01T06:00:46.441936,2026-07-01T06:00:46.450231+00:00,86.4,1,ask,EarnestEspressos,Kelvin Chan,1785121
2026-07-01T06:00:46.506844,2026-07-01T06:00:46.511770+00:00,86.4,1,ask,EarnestEspressos,Kelvin Chan,1785124
2026-07-01T06:00:47.284974,2026-07-01T06:00:47.287170+00:00,86.5,1,bid,FlawlessFlatbreads,Kelvin Chan,1785132
2026-07-01T06:00:47.284974,2026-07-01T06:00:47.297467+00:00,86.7,49,bid,FlawlessFlatbreads,DiligentDonuts,1785133
2026-07-01T06:00:48.287734,2026-07-01T06:00:48.294720+00:00,86.5,1,bid,DiligentDonuts,Kelvin Chan,1785150
2026-07-01T06:00:48.415198,2026-07-01T06:00:48.420076+00:00,86.5,3,ask,DiligentDonuts,Kelvin Chan,1785161
2026-07-01T06:00:48.573691,2026-07-01T06:00:48.588465+00:00,86.5,2,ask,DiligentDonuts,Kelvin Chan,1785169
2026-07-01T06:00:48.751569,2026-07-01T06:00:48.754128+00:00,86.5,44,ask,DiligentDonuts,CostlyCorianders,1785172
2026-07-01T06:00:49.174085,2026-07-01T06:00:49.177042+00:00,86.6,2,ask,Zijun Feng,Kelvin Chan,1785175
2026-07-01T06:00:49.312269,2026-07-01T06:00:49.320815+00:00,86.6,2,ask,Zijun Feng,Kelvin Chan,1785176
2026-07-01T06:00:49.345720,2026-07-01T06:00:49.351852+00:00,86.6,1,ask,Zijun Feng,Kelvin Chan,1785181
2026-07-01T06:00:49.398947,2026-07-01T06:00:49.403534+00:00,86.6,2,ask,Zijun Feng,Kelvin Chan,1785182
2026-07-01T06:00:49.402267,2026-07-01T06:00:49.413983+00:00,87.0,50,bid,FlawlessFlatbreads,DiligentDonuts,1785183
2026-07-01T06:00:49.489756,2026-07-01T06:00:49.496103+00:00,86.6,1,ask,Zijun Feng,Kelvin Chan,1785186
2026-07-01T06:00:49.564321,2026-07-01T06:00:49.568050+00:00,86.6,1,ask,Zijun Feng,Kelvin Chan,1785187
2026-07-01T06:00:49.620200,2026-07-01T06:00:49.629904+00:00,86.5,1,ask,DiligentDonuts,Kelvin Chan,1785188
2026-07-01T06:00:49.654591,2026-07-01T06:00:49.661394+00:00,86.5,1,ask,DiligentDonuts,Kelvin Chan,1785191
2026-07-01T06:00:49.678929,2026-07-01T06:00:49.682257+00:00,86.5,1,ask,DiligentDonuts,Kelvin Chan,1785193
2026-07-01T06:00:51.509728,2026-07-01T06:00:51.521694+00:00,86.9,9,bid,FlawlessFlatbreads,Zijun Feng,1785218
2026-07-01T06:00:51.509728,2026-07-01T06:00:51.521694+00:00,87.0,41,bid,FlawlessFlatbreads,EarnestEspressos,1785219
2026-07-01T06:00:53.623627,2026-07-01T06:00:53.635293+00:00,86.9,10,bid,FlawlessFlatbreads,Zijun Feng,1785268
2026-07-01T06:00:53.623627,2026-07-01T06:00:53.635293+00:00,87.0,40,bid,FlawlessFlatbreads,DiligentDonuts,1785269
2026-07-01T06:00:54.463963,2026-07-01T06:00:54.477001+00:00,86.7,3,bid,CostlyCorianders,Kelvin Chan,1785278
2026-07-01T06:00:54.463963,2026-07-01T06:00:54.477001+00:00,87.0,38,bid,CostlyCorianders,DiligentDonuts,1785279
2026-07-01T06:00:55.538511,2026-07-01T06:00:55.550245+00:00,87.1,40,bid,CostlyCorianders,EarnestEspressos,1785310
2026-07-01T06:00:55.730778,2026-07-01T06:00:55.735204+00:00,87.1,10,bid,FlawlessFlatbreads,Zijun Feng,1785313
2026-07-01T06:00:55.730778,2026-07-01T06:00:55.735204+00:00,87.3,40,bid,FlawlessFlatbreads,DiligentDonuts,1785314
2026-07-01T06:00:56.058373,2026-07-01T06:00:56.063431+00:00,86.8,42,ask,DiligentDonuts,CostlyCorianders,1785325
2026-07-01T06:00:56.557407,2026-07-01T06:00:56.566713+00:00,86.8,49,ask,DiligentDonuts,CostlyCorianders,1785339
2026-07-01T06:00:56.647132,2026-07-01T06:00:56.650904+00:00,86.8,7,ask,DiligentDonuts,Xuanyu Liu,1785344
2026-07-01T06:00:57.064843,2026-07-01T06:00:57.070330+00:00,86.8,2,ask,DiligentDonuts,Xuanyu Liu,1785353
2026-07-01T06:00:57.064843,2026-07-01T06:00:57.070330+00:00,86.8,1,ask,EarnestEspressos,Xuanyu Liu,1785354
2026-07-01T06:00:57.837494,2026-07-01T06:00:57.845337+00:00,87.2,10,bid,FlawlessFlatbreads,Zijun Feng,1785369
2026-07-01T06:00:57.837494,2026-07-01T06:00:57.845337+00:00,87.3,40,bid,FlawlessFlatbreads,EarnestEspressos,1785370
2026-07-01T06:00:58.333631,2026-07-01T06:00:58.340214+00:00,86.9,4,bid,Aaron Tian,DiligentDonuts,1785379
2026-07-01T06:00:58.524248,2026-07-01T06:00:58.529623+00:00,86.9,45,bid,CostlyCorianders,DiligentDonuts,1785384
2026-07-01T06:00:58.799371,2026-07-01T06:00:58.810552+00:00,86.9,51,bid,EarnestEspressos,DiligentDonuts,1785391
2026-07-01T06:01:01.329238,2026-07-01T06:01:01.341388+00:00,87.0,48,ask,EarnestEspressos,CostlyCorianders,1785451
2026-07-01T06:01:02.050779,2026-07-01T06:01:02.052768+00:00,87.0,50,bid,FlawlessFlatbreads,EarnestEspressos,1785472
2026-07-01T06:01:04.110060,2026-07-01T06:01:04.118255+00:00,87.0,100,bid,DiligentDonuts,EarnestEspressos,1785509
2026-07-01T06:01:04.208707,2026-07-01T06:01:04.212519+00:00,86.9,10,ask,Zijun Feng,FlawlessFlatbreads,1785510
2026-07-01T06:01:06.263134,2026-07-01T06:01:06.268461+00:00,87.3,10,bid,FlawlessFlatbreads,Zijun Feng,1785562
2026-07-01T06:01:06.263134,2026-07-01T06:01:06.268461+00:00,87.4,40,bid,FlawlessFlatbreads,EarnestEspressos,1785563
2026-07-01T06:01:07.321799,2026-07-01T06:01:07.330523+00:00,86.9,100,ask,EarnestEspressos,DiligentDonuts,1785578
2026-07-01T06:01:07.762809,2026-07-01T06:01:07.773940+00:00,87.3,10,bid,CostlyCorianders,Zijun Feng,1785592
2026-07-01T06:01:07.762809,2026-07-01T06:01:07.773940+00:00,87.4,36,bid,CostlyCorianders,EarnestEspressos,1785593
2026-07-01T06:01:08.918653,2026-07-01T06:01:08.920704+00:00,86.9,46,ask,EarnestEspressos,CostlyCorianders,1785612
2026-07-01T06:01:10.482571,2026-07-01T06:01:10.490683+00:00,87.3,10,bid,FlawlessFlatbreads,Zijun Feng,1785647
2026-07-01T06:01:10.482571,2026-07-01T06:01:10.490683+00:00,87.4,40,bid,FlawlessFlatbreads,EarnestEspressos,1785648
2026-07-01T06:01:12.641613,2026-07-01T06:01:12.644683+00:00,87.1,50,ask,EarnestEspressos,FlawlessFlatbreads,1785706
2026-07-01T06:01:13.694987,2026-07-01T06:01:13.698700+00:00,87.1,3,ask,EarnestEspressos,Xuanyu Liu,1785732
2026-07-01T06:01:13.747700,2026-07-01T06:01:13.750570+00:00,87.1,97,ask,EarnestEspressos,Eric Deng,1785736
2026-07-01T06:01:14.688741,2026-07-01T06:01:14.711601+00:00,86.9,3,ask,Kelvin Chan,EarnestEspressos,1785751
2026-07-01T06:01:14.688741,2026-07-01T06:01:14.711601+00:00,86.8,100,ask,DiligentDonuts,EarnestEspressos,1785752
2026-07-01T06:01:14.707852,2026-07-01T06:01:14.711601+00:00,86.8,3,bid,Xuanyu Liu,EarnestEspressos,1785755
2026-07-01T06:01:14.748318,2026-07-01T06:01:14.752851+00:00,86.3,50,ask,EarnestEspressos,FlawlessFlatbreads,1785756
2026-07-01T06:01:14.854414,2026-07-01T06:01:14.865602+00:00,86.8,4,bid,Kelvin Chan,EarnestEspressos,1785758
2026-07-01T06:01:14.923604,2026-07-01T06:01:14.927104+00:00,86.8,7,bid,Eric Deng,EarnestEspressos,1785759
2026-07-01T06:01:16.618965,2026-07-01T06:01:16.631084+00:00,86.8,33,bid,CostlyCorianders,EarnestEspressos,1785798
2026-07-01T06:01:16.618965,2026-07-01T06:01:16.631084+00:00,87.2,2,bid,CostlyCorianders,Kelvin Chan,1785799
2026-07-01T06:01:16.618965,2026-07-01T06:01:16.631084+00:00,87.3,9,bid,CostlyCorianders,DiligentDonuts,1785800
2026-07-01T06:01:16.867175,2026-07-01T06:01:16.879013+00:00,86.6,50,ask,DiligentDonuts,FlawlessFlatbreads,1785804
2026-07-01T06:01:17.134202,2026-07-01T06:01:17.136362+00:00,86.6,47,ask,DiligentDonuts,CostlyCorianders,1785807
2026-07-01T06:01:18.636519,2026-07-01T06:01:18.643525+00:00,86.9,40,bid,CostlyCorianders,EarnestEspressos,1785834
2026-07-01T06:01:18.973817,2026-07-01T06:01:18.975851+00:00,86.6,3,ask,DiligentDonuts,FlawlessFlatbreads,1785843
2026-07-01T06:01:18.973817,2026-07-01T06:01:18.986215+00:00,86.4,47,ask,EarnestEspressos,FlawlessFlatbreads,1785844
2026-07-01T06:01:20.857774,2026-07-01T06:01:20.866860+00:00,86.5,43,bid,CostlyCorianders,DiligentDonuts,1785880
2026-07-01T06:01:20.957848,2026-07-01T06:01:20.969841+00:00,86.5,57,bid,EarnestEspressos,DiligentDonuts,1785885
2026-07-01T06:01:21.478436,2026-07-01T06:01:21.486380+00:00,86.5,45,ask,EarnestEspressos,CostlyCorianders,1785904
2026-07-01T06:01:22.491072,2026-07-01T06:01:22.494672+00:00,86.9,2,bid,CostlyCorianders,Kelvin Chan,1785922
2026-07-01T06:01:22.491072,2026-07-01T06:01:22.494672+00:00,87.0,40,bid,CostlyCorianders,EarnestEspressos,1785923
2026-07-01T06:01:24.175005,2026-07-01T06:01:24.178763+00:00,86.6,3,ask,Kelvin Chan,EarnestEspressos,1785960
2026-07-01T06:01:25.299269,2026-07-01T06:01:25.306361+00:00,86.3,50,ask,DiligentDonuts,FlawlessFlatbreads,1785996
2026-07-01T06:01:26.384523,2026-07-01T06:01:26.395046+00:00,86.4,10,bid,Eric Deng,DiligentDonuts,1786015
2026-07-01T06:01:27.354524,2026-07-01T06:01:27.361156+00:00,86.4,50,bid,FlawlessFlatbreads,DiligentDonuts,1786049
2026-07-01T06:01:27.789716,2026-07-01T06:01:27.791944+00:00,86.4,40,bid,CostlyCorianders,DiligentDonuts,1786055
2026-07-01T06:01:27.789716,2026-07-01T06:01:27.802201+00:00,86.6,7,bid,CostlyCorianders,EarnestEspressos,1786056
2026-07-01T06:01:29.465327,2026-07-01T06:01:29.468786+00:00,86.6,3,bid,Xuanyu Liu,EarnestEspressos,1786096
2026-07-01T06:01:29.512022,2026-07-01T06:01:29.520374+00:00,86.3,50,ask,DiligentDonuts,FlawlessFlatbreads,1786099
2026-07-01T06:01:31.568155,2026-07-01T06:01:31.578961+00:00,86.8,3,bid,FlawlessFlatbreads,Kelvin Chan,1786149
2026-07-01T06:01:31.568155,2026-07-01T06:01:31.578961+00:00,86.8,47,bid,FlawlessFlatbreads,DiligentDonuts,1786150
2026-07-01T06:01:33.676558,2026-07-01T06:01:33.685398+00:00,86.8,50,bid,FlawlessFlatbreads,EarnestEspressos,1786215
2026-07-01T06:01:34.272320,2026-07-01T06:01:34.274888+00:00,86.5,40,ask,DiligentDonuts,CostlyCorianders,1786234
2026-07-01T06:01:35.783265,2026-07-01T06:01:35.794470+00:00,86.8,50,bid,FlawlessFlatbreads,EarnestEspressos,1786261
2026-07-01T06:01:35.833009,2026-07-01T06:01:35.836105+00:00,86.6,10,ask,Zijun Feng,CostlyCorianders,1786262
2026-07-01T06:01:35.833009,2026-07-01T06:01:35.836105+00:00,86.5,5,ask,Kelvin Chan,CostlyCorianders,1786263
2026-07-01T06:01:35.833009,2026-07-01T06:01:35.846493+00:00,86.5,33,ask,DiligentDonuts,CostlyCorianders,1786264
2026-07-01T06:01:36.780229,2026-07-01T06:01:36.875369+00:00,86.8,1,bid,EarnestEspressos,Kelvin Chan,1786289
2026-07-01T06:01:36.871558,2026-07-01T06:01:36.875369+00:00,86.9,3,ask,EarnestEspressos,Xuanyu Liu,1786293
2026-07-01T06:01:37.860151,2026-07-01T06:01:37.866108+00:00,87.0,46,bid,CostlyCorianders,DiligentDonuts,1786314
2026-07-01T06:01:37.945059,2026-07-01T06:01:37.948390+00:00,86.9,50,ask,EarnestEspressos,FlawlessFlatbreads,1786315
2026-07-01T06:01:40.056039,2026-07-01T06:01:40.065193+00:00,86.7,50,ask,EarnestEspressos,FlawlessFlatbreads,1786367
2026-07-01T06:01:42.571424,2026-07-01T06:01:42.577247+00:00,86.7,41,ask,EarnestEspressos,CostlyCorianders,1786427
2026-07-01T06:01:44.192486,2026-07-01T06:01:44.201851+00:00,86.8,46,bid,CostlyCorianders,EarnestEspressos,1786462
2026-07-01T06:01:44.216678,2026-07-01T06:01:44.222435+00:00,86.8,50,bid,FlawlessFlatbreads,EarnestEspressos,1786463
2026-07-01T06:01:44.247918,2026-07-01T06:01:44.253113+00:00,86.6,10,ask,Zijun Feng,CostlyCorianders,1786464
2026-07-01T06:01:45.214235,2026-07-01T06:01:45.218275+00:00,86.8,45,bid,CostlyCorianders,EarnestEspressos,1786483
2026-07-01T06:01:48.344201,2026-07-01T06:01:48.349604+00:00,86.9,45,ask,EarnestEspressos,CostlyCorianders,1786553
2026-07-01T06:01:48.433462,2026-07-01T06:01:48.441714+00:00,87.0,10,bid,FlawlessFlatbreads,Zijun Feng,1786558
2026-07-01T06:01:48.433462,2026-07-01T06:01:48.441714+00:00,87.4,40,bid,FlawlessFlatbreads,EarnestEspressos,1786559
2026-07-01T06:01:48.977061,2026-07-01T06:01:48.986768+00:00,86.9,45,ask,EarnestEspressos,CostlyCorianders,1786576
2026-07-01T06:01:50.543187,2026-07-01T06:01:50.547418+00:00,87.1,50,bid,FlawlessFlatbreads,DiligentDonuts,1786609
2026-07-01T06:01:52.099238,2026-07-01T06:01:52.109919+00:00,87.2,10,bid,CostlyCorianders,Zijun Feng,1786631
2026-07-01T06:01:52.099238,2026-07-01T06:01:52.109919+00:00,87.3,31,bid,CostlyCorianders,EarnestEspressos,1786632
2026-07-01T06:01:52.650630,2026-07-01T06:01:52.653382+00:00,87.4,50,bid,FlawlessFlatbreads,DiligentDonuts,1786644
2026-07-01T06:01:54.757161,2026-07-01T06:01:54.760043+00:00,87.4,50,bid,FlawlessFlatbreads,EarnestEspressos,1786678
2026-07-01T06:01:55.764890,2026-07-01T06:01:55.773280+00:00,87.3,150,ask,EarnestEspressos,Chester Au,1786698
2026-07-01T06:01:55.789514,2026-07-01T06:01:55.793877+00:00,87.2,100,ask,DiligentDonuts,Eric Deng,1786702
2026-07-01T06:01:56.864643,2026-07-01T06:01:56.867762+00:00,87.7,50,bid,FlawlessFlatbreads,DiligentDonuts,1786719
2026-07-01T06:01:57.331045,2026-07-01T06:01:57.337602+00:00,87.3,8,ask,Kelvin Chan,Eric Deng,1786722
2026-07-01T06:01:58.842976,2026-07-01T06:01:58.853169+00:00,86.8,43,ask,DiligentDonuts,CostlyCorianders,1786748
2026-07-01T06:01:58.970238,2026-07-01T06:01:58.975770+00:00,87.3,50,bid,FlawlessFlatbreads,DiligentDonuts,1786755
2026-07-01T06:01:58.992676,2026-07-01T06:01:58.996964+00:00,87.0,10,bid,Xuanyu Liu,EarnestEspressos,1786757
2026-07-01T06:02:01.078234,2026-07-01T06:02:01.089201+00:00,87.0,50,bid,FlawlessFlatbreads,EarnestEspressos,1786800
2026-07-01T06:02:03.185528,2026-07-01T06:02:03.190970+00:00,87.1,50,bid,FlawlessFlatbreads,EarnestEspressos,1786845
2026-07-01T06:02:04.300500,2026-07-01T06:02:04.303893+00:00,87.0,5,ask,Kelvin Chan,CostlyCorianders,1786877
2026-07-01T06:02:04.300500,2026-07-01T06:02:04.303893+00:00,86.7,43,ask,DiligentDonuts,CostlyCorianders,1786878
2026-07-01T06:02:04.759055,2026-07-01T06:02:04.766349+00:00,87.1,48,bid,CostlyCorianders,EarnestEspressos,1786887
2026-07-01T06:02:05.243642,2026-07-01T06:02:05.250049+00:00,87.1,10,bid,EarnestEspressos,Zijun Feng,1786894
2026-07-01T06:02:05.297334,2026-07-01T06:02:05.301915+00:00,87.2,50,bid,FlawlessFlatbreads,DiligentDonuts,1786895
2026-07-01T06:02:05.305227,2026-07-01T06:02:05.312346+00:00,87.2,42,bid,CostlyCorianders,DiligentDonuts,1786898
2026-07-01T06:02:07.402792,2026-07-01T06:02:07.412535+00:00,87.3,4,bid,FlawlessFlatbreads,Kelvin Chan,1786939
2026-07-01T06:02:07.402792,2026-07-01T06:02:07.412535+00:00,87.6,46,bid,FlawlessFlatbreads,EarnestEspressos,1786940
2026-07-01T06:02:07.876312,2026-07-01T06:02:07.883651+00:00,87.1,40,ask,EarnestEspressos,CostlyCorianders,1786944
2026-07-01T06:02:09.535163,2026-07-01T06:02:09.536980+00:00,87.6,50,bid,FlawlessFlatbreads,DiligentDonuts,1786981
2026-07-01T06:02:09.541439,2026-07-01T06:02:09.547261+00:00,87.6,46,bid,CostlyCorianders,DiligentDonuts,1786982
2026-07-01T06:02:10.268027,2026-07-01T06:02:10.273944+00:00,87.3,4,ask,EarnestEspressos,Kelvin Chan,1787005
2026-07-01T06:02:10.593880,2026-07-01T06:02:10.611758+00:00,87.4,3,bid,DiligentDonuts,Kelvin Chan,1787006
2026-07-01T06:02:10.606963,2026-07-01T06:02:10.611758+00:00,87.6,3,ask,DiligentDonuts,Kelvin Chan,1787008
2026-07-01T06:02:10.979742,2026-07-01T06:02:10.990401+00:00,87.6,3,ask,DiligentDonuts,Xuanyu Liu,1787016
2026-07-01T06:02:11.645838,2026-07-01T06:02:11.655046+00:00,87.8,10,bid,FlawlessFlatbreads,Zijun Feng,1787023
2026-07-01T06:02:11.645838,2026-07-01T06:02:11.655046+00:00,88.1,40,bid,FlawlessFlatbreads,DiligentDonuts,1787024
2026-07-01T06:02:12.574778,2026-07-01T06:02:12.585981+00:00,87.6,75,ask,DiligentDonuts,Eric Deng,1787046
2026-07-01T06:02:12.673787,2026-07-01T06:02:12.678044+00:00,87.6,16,ask,DiligentDonuts,Eric Deng,1787049
2026-07-01T06:02:12.673787,2026-07-01T06:02:12.678044+00:00,87.6,1,ask,EarnestEspressos,Eric Deng,1787050
2026-07-01T06:02:12.819528,2026-07-01T06:02:12.830747+00:00,87.6,50,ask,EarnestEspressos,Chester Au,1787054
2026-07-01T06:02:12.827025,2026-07-01T06:02:12.830747+00:00,87.6,23,ask,EarnestEspressos,Xuanyu Liu,1787056
2026-07-01T06:02:12.903162,2026-07-01T06:02:12.912643+00:00,87.6,44,ask,EarnestEspressos,CostlyCorianders,1787059
2026-07-01T06:02:13.664236,2026-07-01T06:02:13.669893+00:00,87.6,4,ask,EarnestEspressos,Aaron Tian,1787080
2026-07-01T06:02:13.779035,2026-07-01T06:02:13.792701+00:00,88.0,10,bid,FlawlessFlatbreads,Zijun Feng,1787084
2026-07-01T06:02:13.779035,2026-07-01T06:02:13.792701+00:00,88.1,40,bid,FlawlessFlatbreads,EarnestEspressos,1787085
2026-07-01T06:02:14.410397,2026-07-01T06:02:14.417366+00:00,87.6,28,ask,EarnestEspressos,CostlyCorianders,1787101
2026-07-01T06:02:14.410397,2026-07-01T06:02:14.417366+00:00,87.2,15,ask,DiligentDonuts,CostlyCorianders,1787102
2026-07-01T06:02:14.700638,2026-07-01T06:02:14.704106+00:00,87.5,2,bid,Xuanyu Liu,Kelvin Chan,1787114
2026-07-01T06:02:14.802974,2026-07-01T06:02:14.806946+00:00,87.5,10,bid,Xuanyu Liu,EarnestEspressos,1787116
2026-07-01T06:02:15.890872,2026-07-01T06:02:15.894117+00:00,87.5,50,bid,FlawlessFlatbreads,EarnestEspressos,1787148
2026-07-01T06:02:17.629812,2026-07-01T06:02:17.638891+00:00,87.5,47,bid,CostlyCorianders,EarnestEspressos,1787187
2026-07-01T06:02:17.997662,2026-07-01T06:02:18.008333+00:00,87.8,50,bid,FlawlessFlatbreads,DiligentDonuts,1787190
2026-07-01T06:02:20.104176,2026-07-01T06:02:20.106648+00:00,87.9,50,bid,FlawlessFlatbreads,EarnestEspressos,1787246
2026-07-01T06:02:20.974615,2026-07-01T06:02:20.977104+00:00,87.5,40,ask,DiligentDonuts,CostlyCorianders,1787263
2026-07-01T06:02:20.993599,2026-07-01T06:02:20.997613+00:00,87.5,1,ask,DiligentDonuts,Harry North,1787264
2026-07-01T06:02:22.210420,2026-07-01T06:02:22.217447+00:00,87.9,10,bid,FlawlessFlatbreads,Zijun Feng,1787290
2026-07-01T06:02:22.210420,2026-07-01T06:02:22.217447+00:00,88.0,40,bid,FlawlessFlatbreads,DiligentDonuts,1787291
2026-07-01T06:02:22.599626,2026-07-01T06:02:22.606987+00:00,87.6,74,ask,EarnestEspressos,Eric Deng,1787299
2026-07-01T06:02:23.047203,2026-07-01T06:02:23.050027+00:00,88.0,44,bid,CostlyCorianders,DiligentDonuts,1787316
2026-07-01T06:02:23.100443,2026-07-01T06:02:23.111342+00:00,87.6,48,ask,EarnestEspressos,CostlyCorianders,1787317
2026-07-01T06:02:23.494984,2026-07-01T06:02:23.500722+00:00,87.7,4,ask,DiligentDonuts,Aaron Tian,1787322
2026-07-01T06:02:23.702550,2026-07-01T06:02:23.706295+00:00,87.7,48,ask,DiligentDonuts,CostlyCorianders,1787326
2026-07-01T06:02:24.008940,2026-07-01T06:02:24.014077+00:00,87.7,1,ask,DiligentDonuts,Harry North,1787331
2026-07-01T06:02:24.165176,2026-07-01T06:02:24.168569+00:00,87.7,4,ask,DiligentDonuts,Kelvin Chan,1787336
2026-07-01T06:02:24.266459,2026-07-01T06:02:24.271166+00:00,87.7,43,ask,DiligentDonuts,EarnestEspressos,1787339
2026-07-01T06:02:24.272367,2026-07-01T06:02:24.281400+00:00,87.7,45,bid,CostlyCorianders,EarnestEspressos,1787340
2026-07-01T06:02:24.317792,2026-07-01T06:02:24.322254+00:00,87.7,50,bid,FlawlessFlatbreads,EarnestEspressos,1787341
2026-07-01T06:02:28.009115,2026-07-01T06:02:28.017358+00:00,87.7,3,bid,CostlyCorianders,Kelvin Chan,1787418
2026-07-01T06:02:28.009115,2026-07-01T06:02:28.017358+00:00,87.7,42,bid,CostlyCorianders,DiligentDonuts,1787419
2026-07-01T06:02:28.595094,2026-07-01T06:02:28.602005+00:00,87.6,50,ask,EarnestEspressos,FlawlessFlatbreads,1787432
2026-07-01T06:02:30.024568,2026-07-01T06:02:30.033346+00:00,87.6,1,ask,EarnestEspressos,Harry North,1787463
2026-07-01T06:02:30.119781,2026-07-01T06:02:30.126254+00:00,87.6,4,ask,EarnestEspressos,Aaron Tian,1787465
2026-07-01T06:02:30.721423,2026-07-01T06:02:30.731067+00:00,87.4,50,ask,DiligentDonuts,FlawlessFlatbreads,1787480
2026-07-01T06:02:31.806431,2026-07-01T06:02:31.816598+00:00,87.8,5,bid,CostlyCorianders,Kelvin Chan,1787505
2026-07-01T06:02:32.827564,2026-07-01T06:02:32.830480+00:00,87.4,50,ask,EarnestEspressos,FlawlessFlatbreads,1787526
2026-07-01T06:02:32.977552,2026-07-01T06:02:32.984208+00:00,87.8,5,bid,CostlyCorianders,Kelvin Chan,1787532
2026-07-01T06:02:34.955432,2026-07-01T06:02:34.962736+00:00,87.4,50,ask,DiligentDonuts,FlawlessFlatbreads,1787565
2026-07-01T06:02:36.295607,2026-07-01T06:02:36.305304+00:00,87.5,40,bid,CostlyCorianders,DiligentDonuts,1787586
2026-07-01T06:02:36.349575,2026-07-01T06:02:36.356974+00:00,87.3,48,ask,EarnestEspressos,CostlyCorianders,1787587
2026-07-01T06:02:37.061042,2026-07-01T06:02:37.067020+00:00,87.0,50,ask,DiligentDonuts,FlawlessFlatbreads,1787609
2026-07-01T06:02:37.856725,2026-07-01T06:02:37.859385+00:00,87.0,49,ask,DiligentDonuts,CostlyCorianders,1787631
2026-07-01T06:02:39.133130,2026-07-01T06:02:39.144871+00:00,87.4,1,ask,Kelvin Chan,DiligentDonuts,1787648
2026-07-01T06:02:39.168004,2026-07-01T06:02:39.175685+00:00,87.0,50,ask,EarnestEspressos,FlawlessFlatbreads,1787649
2026-07-01T06:02:39.702697,2026-07-01T06:02:39.710920+00:00,87.4,1,bid,Kelvin Chan,DiligentDonuts,1787651
2026-07-01T06:02:39.818477,2026-07-01T06:02:39.822188+00:00,87.4,11,bid,Xuanyu Liu,DiligentDonuts,1787655
2026-07-01T06:02:40.085969,2026-07-01T06:02:40.089906+00:00,87.3,3,bid,Xuanyu Liu,EarnestEspressos,1787673
2026-07-01T06:02:40.455281,2026-07-01T06:02:40.461093+00:00,87.3,10,bid,Eric Deng,EarnestEspressos,1787686
2026-07-01T06:02:40.557974,2026-07-01T06:02:40.563707+00:00,87.3,10,bid,Eric Deng,EarnestEspressos,1787688
2026-07-01T06:02:41.109246,2026-07-01T06:02:41.118804+00:00,87.3,4,bid,Kelvin Chan,EarnestEspressos,1787701
2026-07-01T06:02:41.274712,2026-07-01T06:02:41.283371+00:00,87.0,10,ask,Zijun Feng,FlawlessFlatbreads,1787709
2026-07-01T06:02:41.274712,2026-07-01T06:02:41.283371+00:00,86.9,40,ask,DiligentDonuts,FlawlessFlatbreads,1787710
2026-07-01T06:02:42.085219,2026-07-01T06:02:42.091801+00:00,87.3,1,bid,Harry North,EarnestEspressos,1787727
2026-07-01T06:02:42.388973,2026-07-01T06:02:42.399939+00:00,87.3,45,bid,CostlyCorianders,EarnestEspressos,1787740
2026-07-01T06:02:42.884142,2026-07-01T06:02:42.891582+00:00,87.3,47,bid,CostlyCorianders,EarnestEspressos,1787756
2026-07-01T06:02:43.185549,2026-07-01T06:02:43.189005+00:00,87.4,100,bid,EarnestEspressos,DiligentDonuts,1787758
2026-07-01T06:02:43.382031,2026-07-01T06:02:43.393950+00:00,87.4,50,ask,EarnestEspressos,FlawlessFlatbreads,1787760
2026-07-01T06:02:45.489244,2026-07-01T06:02:45.496434+00:00,87.3,50,ask,DiligentDonuts,FlawlessFlatbreads,1787814
2026-07-01T06:02:46.402373,2026-07-01T06:02:46.417644+00:00,87.3,50,ask,DiligentDonuts,EarnestEspressos,1787845
2026-07-01T06:02:47.220315,2026-07-01T06:02:47.224143+00:00,87.3,100,bid,Chester Au,EarnestEspressos,1787860
2026-07-01T06:02:47.596400,2026-07-01T06:02:47.606283+00:00,87.2,3,ask,Kelvin Chan,FlawlessFlatbreads,1787871
2026-07-01T06:02:47.596400,2026-07-01T06:02:47.606283+00:00,86.8,47,ask,EarnestEspressos,FlawlessFlatbreads,1787872
2026-07-01T06:02:49.355220,2026-07-01T06:02:49.365874+00:00,87.2,5,ask,Kelvin Chan,CostlyCorianders,1787907
2026-07-01T06:02:49.355220,2026-07-01T06:02:49.365874+00:00,87.1,37,ask,DiligentDonuts,CostlyCorianders,1787908
2026-07-01T06:02:49.704586,2026-07-01T06:02:49.707422+00:00,87.3,50,ask,EarnestEspressos,FlawlessFlatbreads,1787918
2026-07-01T06:02:49.813608,2026-07-01T06:02:49.820325+00:00,87.6,47,bid,CostlyCorianders,DiligentDonuts,1787919
2026-07-01T06:02:51.810330,2026-07-01T06:02:51.817399+00:00,87.3,50,ask,EarnestEspressos,FlawlessFlatbreads,1787962
2026-07-01T06:02:52.131478,2026-07-01T06:02:52.137274+00:00,87.3,43,ask,EarnestEspressos,CostlyCorianders,1787968
2026-07-01T06:02:52.754646,2026-07-01T06:02:52.763355+00:00,87.3,100,bid,Chester Au,EarnestEspressos,1787985
2026-07-01T06:02:52.830324,2026-07-01T06:02:52.834945+00:00,87.3,10,bid,Eric Deng,EarnestEspressos,1787987
2026-07-01T06:02:53.867071,2026-07-01T06:02:53.872805+00:00,87.3,40,bid,FlawlessFlatbreads,EarnestEspressos,1788016
2026-07-01T06:02:54.634641,2026-07-01T06:02:54.643306+00:00,87.2,3,ask,Kelvin Chan,CostlyCorianders,1788041
2026-07-01T06:02:54.634641,2026-07-01T06:02:54.643306+00:00,87.2,39,ask,DiligentDonuts,CostlyCorianders,1788042
2026-07-01T06:02:54.977648,2026-07-01T06:02:54.981317+00:00,87.2,5,ask,Kelvin Chan,DiligentDonuts,1788055
2026-07-01T06:02:55.097683,2026-07-01T06:02:55.104017+00:00,87.2,47,bid,CostlyCorianders,DiligentDonuts,1788060
2026-07-01T06:02:55.521703,2026-07-01T06:02:55.524428+00:00,87.2,5,bid,Kelvin Chan,DiligentDonuts,1788069
2026-07-01T06:02:55.597124,2026-07-01T06:02:55.606591+00:00,87.2,5,bid,Kelvin Chan,DiligentDonuts,1788073
2026-07-01T06:02:55.907289,2026-07-01T06:02:55.914180+00:00,87.2,5,bid,Kelvin Chan,DiligentDonuts,1788082
2026-07-01T06:02:56.073010,2026-07-01T06:02:56.076357+00:00,87.2,10,bid,Xuanyu Liu,DiligentDonuts,1788085
2026-07-01T06:02:56.422094,2026-07-01T06:02:56.425976+00:00,87.2,4,bid,Aaron Tian,DiligentDonuts,1788093
2026-07-01T06:02:56.664260,2026-07-01T06:02:56.672887+00:00,87.2,19,bid,CostlyCorianders,DiligentDonuts,1788096
2026-07-01T06:02:56.664260,2026-07-01T06:02:56.672887+00:00,87.4,1,bid,CostlyCorianders,Kelvin Chan,1788097
2026-07-01T06:02:56.664260,2026-07-01T06:02:56.672887+00:00,87.6,29,bid,CostlyCorianders,EarnestEspressos,1788098
2026-07-01T06:02:57.112080,2026-07-01T06:02:57.114334+00:00,87.4,1,bid,Harry North,Kelvin Chan,1788105
2026-07-01T06:02:58.127985,2026-07-01T06:02:58.135298+00:00,87.2,50,ask,DiligentDonuts,FlawlessFlatbreads,1788137
2026-07-01T06:02:58.709932,2026-07-01T06:02:58.714530+00:00,87.2,10,ask,DiligentDonuts,Xuanyu Liu,1788153
2026-07-01T06:03:00.237722,2026-07-01T06:03:00.241842+00:00,87.2,40,ask,DiligentDonuts,FlawlessFlatbreads,1788166
2026-07-01T06:03:00.237722,2026-07-01T06:03:00.241842+00:00,87.2,10,ask,EarnestEspressos,FlawlessFlatbreads,1788167
2026-07-01T06:03:01.301313,2026-07-01T06:03:01.307404+00:00,87.2,100,ask,EarnestEspressos,DiligentDonuts,1788185
2026-07-01T06:03:01.923995,2026-07-01T06:03:01.932756+00:00,87.2,40,ask,EarnestEspressos,CostlyCorianders,1788201
2026-07-01T06:03:01.923995,2026-07-01T06:03:01.932756+00:00,87.1,5,ask,Kelvin Chan,CostlyCorianders,1788202
2026-07-01T06:03:01.923995,2026-07-01T06:03:01.932756+00:00,86.7,2,ask,DiligentDonuts,CostlyCorianders,1788203
2026-07-01T06:03:02.344698,2026-07-01T06:03:02.352805+00:00,87.1,4,ask,Kelvin Chan,FlawlessFlatbreads,1788212
2026-07-01T06:03:02.344698,2026-07-01T06:03:02.352805+00:00,86.7,46,ask,DiligentDonuts,FlawlessFlatbreads,1788213
2026-07-01T06:03:03.459421,2026-07-01T06:03:03.471112+00:00,87.2,42,bid,CostlyCorianders,EarnestEspressos,1788237
2026-07-01T06:03:04.458510,2026-07-01T06:03:04.466680+00:00,86.8,10,ask,Zijun Feng,FlawlessFlatbreads,1788274
2026-07-01T06:03:04.458510,2026-07-01T06:03:04.466680+00:00,86.8,40,ask,DiligentDonuts,FlawlessFlatbreads,1788275
2026-07-01T06:03:05.017877,2026-07-01T06:03:05.020195+00:00,86.9,10,ask,Zijun Feng,CostlyCorianders,1788285
2026-07-01T06:03:05.017877,2026-07-01T06:03:05.030427+00:00,86.8,33,ask,DiligentDonuts,CostlyCorianders,1788286
2026-07-01T06:03:05.939914,2026-07-01T06:03:05.951291+00:00,87.2,44,bid,CostlyCorianders,EarnestEspressos,1788297
2026-07-01T06:03:06.568114,2026-07-01T06:03:06.575066+00:00,86.9,10,ask,Zijun Feng,FlawlessFlatbreads,1788311
2026-07-01T06:03:06.568114,2026-07-01T06:03:06.575066+00:00,86.8,27,ask,DiligentDonuts,FlawlessFlatbreads,1788312
2026-07-01T06:03:06.568114,2026-07-01T06:03:06.575066+00:00,86.7,13,ask,EarnestEspressos,FlawlessFlatbreads,1788313
2026-07-01T06:03:07.547745,2026-07-01T06:03:07.557259+00:00,86.7,40,ask,EarnestEspressos,CostlyCorianders,1788331
2026-07-01T06:03:07.667667,2026-07-01T06:03:07.672409+00:00,87.0,3,bid,Xuanyu Liu,DiligentDonuts,1788335
2026-07-01T06:03:07.873056,2026-07-01T06:03:07.876771+00:00,87.0,7,bid,Xuanyu Liu,DiligentDonuts,1788342
2026-07-01T06:03:08.490529,2026-07-01T06:03:08.492855+00:00,87.0,90,bid,EarnestEspressos,DiligentDonuts,1788363
2026-07-01T06:03:09.049863,2026-07-01T06:03:09.059049+00:00,87.5,46,bid,CostlyCorianders,EarnestEspressos,1788380
2026-07-01T06:03:09.573772,2026-07-01T06:03:09.582294+00:00,87.0,45,ask,EarnestEspressos,CostlyCorianders,1788385
2026-07-01T06:03:11.574963,2026-07-01T06:03:11.584505+00:00,87.2,2,bid,CostlyCorianders,Kelvin Chan,1788431
2026-07-01T06:03:11.574963,2026-07-01T06:03:11.584505+00:00,87.5,46,bid,CostlyCorianders,EarnestEspressos,1788432
2026-07-01T06:03:12.172049,2026-07-01T06:03:12.179266+00:00,87.2,2,bid,Harry North,EarnestEspressos,1788454
2026-07-01T06:03:12.549415,2026-07-01T06:03:12.559004+00:00,87.2,48,bid,CostlyCorianders,EarnestEspressos,1788461
2026-07-01T06:03:12.604030,2026-07-01T06:03:12.610709+00:00,87.0,42,ask,DiligentDonuts,CostlyCorianders,1788464
2026-07-01T06:03:12.811694,2026-07-01T06:03:12.815678+00:00,87.2,4,bid,Aaron Tian,EarnestEspressos,1788466
2026-07-01T06:03:12.886867,2026-07-01T06:03:12.897762+00:00,87.0,50,ask,DiligentDonuts,FlawlessFlatbreads,1788469
2026-07-01T06:03:13.218904,2026-07-01T06:03:13.228540+00:00,87.2,46,bid,CostlyCorianders,EarnestEspressos,1788472
2026-07-01T06:03:13.272586,2026-07-01T06:03:13.279820+00:00,87.0,8,ask,DiligentDonuts,CostlyCorianders,1788473
2026-07-01T06:03:13.272586,2026-07-01T06:03:13.279820+00:00,87.0,10,ask,Zijun Feng,CostlyCorianders,1788474
2026-07-01T06:03:13.272586,2026-07-01T06:03:13.279820+00:00,86.9,2,ask,Kelvin Chan,CostlyCorianders,1788475
2026-07-01T06:03:13.272586,2026-07-01T06:03:13.290095+00:00,86.7,24,ask,EarnestEspressos,CostlyCorianders,1788476
2026-07-01T06:03:14.998577,2026-07-01T06:03:15.006184+00:00,87.1,50,ask,EarnestEspressos,FlawlessFlatbreads,1788531
2026-07-01T06:03:15.184944,2026-07-01T06:03:15.191870+00:00,87.2,1,bid,Harry North,Kelvin Chan,1788537
2026-07-01T06:03:16.146323,2026-07-01T06:03:16.149167+00:00,87.2,1,bid,Aaron Tian,Kelvin Chan,1788547
2026-07-01T06:03:18.197668,2026-07-01T06:03:18.203190+00:00,87.3,1,bid,Harry North,Kelvin Chan,1788585
2026-07-01T06:03:19.211041,2026-07-01T06:03:19.218864+00:00,87.0,10,ask,Zijun Feng,FlawlessFlatbreads,1788616
2026-07-01T06:03:19.211041,2026-07-01T06:03:19.218864+00:00,86.9,2,ask,Kelvin Chan,FlawlessFlatbreads,1788617
2026-07-01T06:03:19.211041,2026-07-01T06:03:19.218864+00:00,86.9,38,ask,DiligentDonuts,FlawlessFlatbreads,1788618
2026-07-01T06:03:19.466345,2026-07-01T06:03:19.474510+00:00,87.3,1,bid,Aaron Tian,Kelvin Chan,1788623
2026-07-01T06:03:21.214313,2026-07-01T06:03:21.217902+00:00,87.3,1,bid,Harry North,Kelvin Chan,1788661
2026-07-01T06:03:21.320216,2026-07-01T06:03:21.330531+00:00,87.1,10,ask,Zijun Feng,FlawlessFlatbreads,1788662
2026-07-01T06:03:21.320216,2026-07-01T06:03:21.330531+00:00,87.0,2,ask,Kelvin Chan,FlawlessFlatbreads,1788663
2026-07-01T06:03:21.320216,2026-07-01T06:03:21.330531+00:00,87.0,38,ask,EarnestEspressos,FlawlessFlatbreads,1788664
2026-07-01T06:03:22.669289,2026-07-01T06:03:22.675959+00:00,87.1,10,ask,Zijun Feng,CostlyCorianders,1788687
2026-07-01T06:03:22.669289,2026-07-01T06:03:22.675959+00:00,87.0,33,ask,EarnestEspressos,CostlyCorianders,1788688
2026-07-01T06:03:22.837099,2026-07-01T06:03:22.840377+00:00,87.3,1,bid,Aaron Tian,Kelvin Chan,1788689
2026-07-01T06:03:22.837099,2026-07-01T06:03:22.840377+00:00,87.3,3,bid,Aaron Tian,DiligentDonuts,1788690
2026-07-01T06:03:23.659801,2026-07-01T06:03:23.670343+00:00,87.3,44,bid,CostlyCorianders,DiligentDonuts,1788711
2026-07-01T06:03:24.196773,2026-07-01T06:03:24.203875+00:00,87.1,10,ask,Zijun Feng,CostlyCorianders,1788723
2026-07-01T06:03:24.196773,2026-07-01T06:03:24.203875+00:00,87.0,34,ask,EarnestEspressos,CostlyCorianders,1788724
2026-07-01T06:03:24.271269,2026-07-01T06:03:24.275620+00:00,87.3,1,bid,Harry North,DiligentDonuts,1788726
2026-07-01T06:03:24.734602,2026-07-01T06:03:24.737264+00:00,87.2,47,bid,CostlyCorianders,EarnestEspressos,1788744
2026-07-01T06:03:25.543760,2026-07-01T06:03:25.547005+00:00,87.0,3,ask,Kelvin Chan,FlawlessFlatbreads,1788755
2026-07-01T06:03:25.543760,2026-07-01T06:03:25.547005+00:00,87.0,10,ask,Zijun Feng,FlawlessFlatbreads,1788756
2026-07-01T06:03:25.543760,2026-07-01T06:03:25.557253+00:00,86.8,37,ask,DiligentDonuts,FlawlessFlatbreads,1788757
2026-07-01T06:03:25.919434,2026-07-01T06:03:25.926344+00:00,86.8,48,ask,DiligentDonuts,CostlyCorianders,1788767
2026-07-01T06:03:26.116794,2026-07-01T06:03:26.120648+00:00,87.2,4,bid,Aaron Tian,EarnestEspressos,1788769
2026-07-01T06:03:26.537020,2026-07-01T06:03:26.539984+00:00,86.9,4,ask,Kelvin Chan,CostlyCorianders,1788772
2026-07-01T06:03:27.286369,2026-07-01T06:03:27.288575+00:00,87.1,1,bid,Harry North,DiligentDonuts,1788786
2026-07-01T06:03:27.602431,2026-07-01T06:03:27.606654+00:00,87.1,50,bid,FlawlessFlatbreads,DiligentDonuts,1788792
2026-07-01T06:03:28.110444,2026-07-01T06:03:28.118565+00:00,87.1,41,bid,CostlyCorianders,DiligentDonuts,1788805
2026-07-01T06:03:28.578831,2026-07-01T06:03:28.589443+00:00,87.1,8,bid,CostlyCorianders,DiligentDonuts,1788810
2026-07-01T06:03:28.578831,2026-07-01T06:03:28.589443+00:00,87.2,38,bid,CostlyCorianders,EarnestEspressos,1788811
2026-07-01T06:03:28.634552,2026-07-01T06:03:28.640657+00:00,86.9,3,ask,Kelvin Chan,CostlyCorianders,1788812
2026-07-01T06:03:28.634552,2026-07-01T06:03:28.640657+00:00,86.9,10,ask,Zijun Feng,CostlyCorianders,1788813
2026-07-01T06:03:28.634552,2026-07-01T06:03:28.640657+00:00,86.7,31,ask,EarnestEspressos,CostlyCorianders,1788814
2026-07-01T06:03:29.405038,2026-07-01T06:03:29.410226+00:00,87.2,4,bid,Aaron Tian,EarnestEspressos,1788827
2026-07-01T06:03:29.693883,2026-07-01T06:03:29.697172+00:00,86.9,4,ask,Kelvin Chan,CostlyCorianders,1788837
2026-07-01T06:03:29.693883,2026-07-01T06:03:29.697172+00:00,86.9,10,ask,Zijun Feng,CostlyCorianders,1788838
2026-07-01T06:03:29.693883,2026-07-01T06:03:29.707418+00:00,86.7,32,ask,EarnestEspressos,CostlyCorianders,1788839
2026-07-01T06:03:29.709750,2026-07-01T06:03:29.717639+00:00,87.2,50,bid,FlawlessFlatbreads,EarnestEspressos,1788840
2026-07-01T06:03:30.303080,2026-07-01T06:03:30.311679+00:00,87.2,1,bid,Harry North,EarnestEspressos,1788854
2026-07-01T06:03:31.679813,2026-07-01T06:03:31.683294+00:00,87.1,45,ask,DiligentDonuts,CostlyCorianders,1788891
2026-07-01T06:03:31.867953,2026-07-01T06:03:31.877752+00:00,87.1,50,ask,DiligentDonuts,FlawlessFlatbreads,1788894
2026-07-01T06:03:32.301665,2026-07-01T06:03:32.308113+00:00,87.2,1,bid,CostlyCorianders,Kelvin Chan,1788909
2026-07-01T06:03:32.301665,2026-07-01T06:03:32.308113+00:00,87.2,10,bid,CostlyCorianders,Zijun Feng,1788910
2026-07-01T06:03:32.301665,2026-07-01T06:03:32.308113+00:00,87.6,33,bid,CostlyCorianders,DiligentDonuts,1788911
2026-07-01T06:03:33.372450,2026-07-01T06:03:33.374297+00:00,87.4,1,bid,Harry North,DiligentDonuts,1788941
2026-07-01T06:03:33.923764,2026-07-01T06:03:33.927899+00:00,87.3,10,bid,FlawlessFlatbreads,Zijun Feng,1788949
2026-07-01T06:03:33.923764,2026-07-01T06:03:33.938121+00:00,87.4,40,bid,FlawlessFlatbreads,DiligentDonuts,1788950
2026-07-01T06:03:35.956282,2026-07-01T06:03:35.965083+00:00,87.3,4,bid,Aaron Tian,Zijun Feng,1788997
2026-07-01T06:03:36.032016,2026-07-01T06:03:36.036806+00:00,87.3,6,bid,FlawlessFlatbreads,Zijun Feng,1788999
2026-07-01T06:03:36.032016,2026-07-01T06:03:36.036806+00:00,87.5,44,bid,FlawlessFlatbreads,EarnestEspressos,1789000
2026-07-01T06:03:36.384799,2026-07-01T06:03:36.395120+00:00,87.4,1,bid,Harry North,DiligentDonuts,1789011
2026-07-01T06:03:38.154714,2026-07-01T06:03:38.169035+00:00,87.2,10,bid,FlawlessFlatbreads,Zijun Feng,1789059
2026-07-01T06:03:38.154714,2026-07-01T06:03:38.169035+00:00,87.4,40,bid,FlawlessFlatbreads,DiligentDonuts,1789060
2026-07-01T06:03:39.296496,2026-07-01T06:03:39.305276+00:00,87.4,4,bid,Aaron Tian,EarnestEspressos,1789084
2026-07-01T06:03:39.399263,2026-07-01T06:03:39.408372+00:00,87.4,10,bid,Harry North,EarnestEspressos,1789093
2026-07-01T06:03:40.261487,2026-07-01T06:03:40.272051+00:00,87.4,10,bid,FlawlessFlatbreads,Zijun Feng,1789117
2026-07-01T06:03:40.261487,2026-07-01T06:03:40.272051+00:00,87.6,40,bid,FlawlessFlatbreads,EarnestEspressos,1789118
2026-07-01T06:03:40.922288,2026-07-01T06:03:40.930148+00:00,87.2,47,ask,DiligentDonuts,CostlyCorianders,1789126
2026-07-01T06:03:42.370358,2026-07-01T06:03:42.374420+00:00,87.3,2,bid,FlawlessFlatbreads,Kelvin Chan,1789160
2026-07-01T06:03:42.370358,2026-07-01T06:03:42.374420+00:00,87.6,48,bid,FlawlessFlatbreads,EarnestEspressos,1789161
2026-07-01T06:03:42.476321,2026-07-01T06:03:42.487161+00:00,87.5,1,bid,Harry North,DiligentDonuts,1789166
2026-07-01T06:03:42.563973,2026-07-01T06:03:42.569118+00:00,87.5,4,bid,Aaron Tian,DiligentDonuts,1789168
2026-07-01T06:03:42.638906,2026-07-01T06:03:42.640848+00:00,87.5,45,bid,CostlyCorianders,DiligentDonuts,1789169
2026-07-01T06:03:43.243684,2026-07-01T06:03:43.245495+00:00,87.5,47,bid,CostlyCorianders,DiligentDonuts,1789183
2026-07-01T06:03:43.289313,2026-07-01T06:03:43.296682+00:00,87.5,3,bid,EarnestEspressos,DiligentDonuts,1789187
2026-07-01T06:03:43.384385,2026-07-01T06:03:43.388097+00:00,87.7,10,ask,EarnestEspressos,Xuanyu Liu,1789189
2026-07-01T06:03:44.477895,2026-07-01T06:03:44.483913+00:00,88.1,10,bid,FlawlessFlatbreads,Zijun Feng,1789217
2026-07-01T06:03:44.477895,2026-07-01T06:03:44.483913+00:00,88.2,40,bid,FlawlessFlatbreads,EarnestEspressos,1789218
2026-07-01T06:03:46.640119,2026-07-01T06:03:46.649133+00:00,87.8,50,ask,EarnestEspressos,FlawlessFlatbreads,1789285
2026-07-01T06:03:47.352238,2026-07-01T06:03:47.356508+00:00,87.8,43,ask,EarnestEspressos,CostlyCorianders,1789303
2026-07-01T06:03:47.832268,2026-07-01T06:03:47.837157+00:00,87.9,44,bid,CostlyCorianders,DiligentDonuts,1789310
2026-07-01T06:03:48.746547,2026-07-01T06:03:48.749545+00:00,87.8,50,ask,EarnestEspressos,FlawlessFlatbreads,1789327
2026-07-01T06:03:50.854341,2026-07-01T06:03:50.865431+00:00,87.8,50,ask,DiligentDonuts,FlawlessFlatbreads,1789377
2026-07-01T06:03:52.962138,2026-07-01T06:03:52.965045+00:00,87.6,50,ask,DiligentDonuts,FlawlessFlatbreads,1789432
2026-07-01T06:03:53.158227,2026-07-01T06:03:53.160537+00:00,87.6,43,ask,DiligentDonuts,CostlyCorianders,1789436
2026-07-01T06:03:54.499815,2026-07-01T06:03:54.509888+00:00,88.0,1,bid,Harry North,EarnestEspressos,1789459
2026-07-01T06:03:54.726267,2026-07-01T06:03:54.735701+00:00,87.7,10,ask,Zijun Feng,CostlyCorianders,1789465
2026-07-01T06:03:54.726267,2026-07-01T06:03:54.735701+00:00,87.6,7,ask,DiligentDonuts,CostlyCorianders,1789466
2026-07-01T06:03:55.068673,2026-07-01T06:03:55.075130+00:00,87.5,50,ask,EarnestEspressos,FlawlessFlatbreads,1789473
2026-07-01T06:03:56.406895,2026-07-01T06:03:56.411045+00:00,87.7,10,bid,Xuanyu Liu,EarnestEspressos,1789493
2026-07-01T06:03:57.174629,2026-07-01T06:03:57.182478+00:00,87.4,50,ask,DiligentDonuts,FlawlessFlatbreads,1789500
2026-07-01T06:03:57.513747,2026-07-01T06:03:57.523510+00:00,87.7,1,bid,Harry North,EarnestEspressos,1789516
2026-07-01T06:03:58.413287,2026-07-01T06:03:58.419674+00:00,87.6,45,bid,CostlyCorianders,DiligentDonuts,1789538
2026-07-01T06:03:59.003083,2026-07-01T06:03:59.005473+00:00,87.6,44,bid,CostlyCorianders,DiligentDonuts,1789554
2026-07-01T06:03:59.281601,2026-07-01T06:03:59.293309+00:00,87.3,3,ask,Kelvin Chan,FlawlessFlatbreads,1789557
2026-07-01T06:03:59.281601,2026-07-01T06:03:59.293309+00:00,87.3,10,ask,Zijun Feng,FlawlessFlatbreads,1789558
2026-07-01T06:03:59.281601,2026-07-01T06:03:59.293309+00:00,87.3,37,ask,EarnestEspressos,FlawlessFlatbreads,1789559
2026-07-01T06:04:00.522251,2026-07-01T06:04:00.527090+00:00,87.4,4,ask,Kelvin Chan,CostlyCorianders,1789596
2026-07-01T06:04:00.522251,2026-07-01T06:04:00.527090+00:00,87.4,10,ask,Zijun Feng,CostlyCorianders,1789597
2026-07-01T06:04:00.522251,2026-07-01T06:04:00.527090+00:00,87.3,32,ask,EarnestEspressos,CostlyCorianders,1789598
2026-07-01T06:04:00.566411,2026-07-01T06:04:00.568380+00:00,87.6,2,bid,Harry North,DiligentDonuts,1789600
2026-07-01T06:04:01.093937,2026-07-01T06:04:01.107765+00:00,87.3,43,ask,EarnestEspressos,CostlyCorianders,1789611
2026-07-01T06:04:01.393466,2026-07-01T06:04:01.395988+00:00,87.4,50,ask,DiligentDonuts,FlawlessFlatbreads,1789616
2026-07-01T06:04:02.392756,2026-07-01T06:04:02.394618+00:00,87.4,50,ask,DiligentDonuts,EarnestEspressos,1789632
2026-07-01T06:04:03.500684,2026-07-01T06:04:03.505931+00:00,87.0,10,ask,Zijun Feng,FlawlessFlatbreads,1789646
2026-07-01T06:04:03.500684,2026-07-01T06:04:03.505931+00:00,86.9,40,ask,EarnestEspressos,FlawlessFlatbreads,1789647
2026-07-01T06:04:03.585941,2026-07-01T06:04:03.588725+00:00,87.4,1,bid,Harry North,EarnestEspressos,1789653
2026-07-01T06:04:05.607081,2026-07-01T06:04:05.608885+00:00,87.2,50,ask,DiligentDonuts,FlawlessFlatbreads,1789696
2026-07-01T06:04:06.601322,2026-07-01T06:04:06.608674+00:00,87.4,1,bid,Harry North,Kelvin Chan,1789714
2026-07-01T06:04:07.713424,2026-07-01T06:04:07.721671+00:00,87.1,5,ask,Kelvin Chan,FlawlessFlatbreads,1789745
2026-07-01T06:04:07.713424,2026-07-01T06:04:07.721671+00:00,87.0,45,ask,EarnestEspressos,FlawlessFlatbreads,1789746
2026-07-01T06:04:08.404533,2026-07-01T06:04:08.412607+00:00,87.3,42,bid,CostlyCorianders,DiligentDonuts,1789756
2026-07-01T06:04:08.717606,2026-07-01T06:04:08.721901+00:00,87.1,10,ask,Zijun Feng,EarnestEspressos,1789760
2026-07-01T06:04:09.442314,2026-07-01T06:04:09.452712+00:00,87.0,43,bid,CostlyCorianders,EarnestEspressos,1789778
2026-07-01T06:04:09.663717,2026-07-01T06:04:09.668824+00:00,87.0,1,bid,Harry North,EarnestEspressos,1789784
2026-07-01T06:04:09.823472,2026-07-01T06:04:09.832942+00:00,86.8,50,ask,DiligentDonuts,FlawlessFlatbreads,1789791
2026-07-01T06:04:11.932665,2026-07-01T06:04:11.942198+00:00,86.7,50,ask,DiligentDonuts,FlawlessFlatbreads,1789850
2026-07-01T06:04:12.676663,2026-07-01T06:04:12.683692+00:00,87.1,1,bid,Harry North,EarnestEspressos,1789866
2026-07-01T06:04:14.039158,2026-07-01T06:04:14.043495+00:00,86.8,10,ask,Zijun Feng,FlawlessFlatbreads,1789885
2026-07-01T06:04:14.039158,2026-07-01T06:04:14.043495+00:00,86.6,40,ask,EarnestEspressos,FlawlessFlatbreads,1789886
2026-07-01T06:04:15.270163,2026-07-01T06:04:15.275299+00:00,86.7,10,ask,Zijun Feng,CostlyCorianders,1789923
2026-07-01T06:04:15.270163,2026-07-01T06:04:15.285571+00:00,86.6,36,ask,DiligentDonuts,CostlyCorianders,1789924
2026-07-01T06:04:15.692335,2026-07-01T06:04:15.697343+00:00,87.1,1,bid,Harry North,DiligentDonuts,1789936
2026-07-01T06:04:16.097543,2026-07-01T06:04:16.099720+00:00,87.1,50,bid,FlawlessFlatbreads,DiligentDonuts,1789944
2026-07-01T06:04:17.468975,2026-07-01T06:04:17.475018+00:00,87.0,1,bid,Harry North,DiligentDonuts,1789975
2026-07-01T06:04:17.473343,2026-07-01T06:04:17.475018+00:00,87.0,1,bid,Harry North,DiligentDonuts,1789976
2026-07-01T06:04:18.205520,2026-07-01T06:04:18.208533+00:00,87.0,50,bid,FlawlessFlatbreads,DiligentDonuts,1789997
2026-07-01T06:04:18.769337,2026-07-01T06:04:18.775928+00:00,87.0,46,bid,CostlyCorianders,DiligentDonuts,1790007
2026-07-01T06:04:19.896904,2026-07-01T06:04:19.899835+00:00,87.0,2,bid,CostlyCorianders,DiligentDonuts,1790035
2026-07-01T06:04:19.896904,2026-07-01T06:04:19.910138+00:00,87.1,43,bid,CostlyCorianders,EarnestEspressos,1790036
2026-07-01T06:04:20.311311,2026-07-01T06:04:20.321779+00:00,87.1,50,bid,FlawlessFlatbreads,EarnestEspressos,1790043
2026-07-01T06:04:22.485411,2026-07-01T06:04:22.488317+00:00,87.1,10,bid,Harry North,Zijun Feng,1790094
2026-07-01T06:04:23.415626,2026-07-01T06:04:23.417800+00:00,86.8,40,ask,EarnestEspressos,CostlyCorianders,1790116
2026-07-01T06:04:24.537452,2026-07-01T06:04:24.544449+00:00,87.1,10,bid,FlawlessFlatbreads,Zijun Feng,1790147
2026-07-01T06:04:24.537452,2026-07-01T06:04:24.544449+00:00,87.1,40,bid,FlawlessFlatbreads,EarnestEspressos,1790148
2026-07-01T06:04:26.009596,2026-07-01T06:04:26.017648+00:00,86.8,48,ask,DiligentDonuts,CostlyCorianders,1790187
2026-07-01T06:04:26.639579,2026-07-01T06:04:26.647460+00:00,87.1,49,bid,CostlyCorianders,EarnestEspressos,1790208
2026-07-01T06:04:26.650549,2026-07-01T06:04:26.657840+00:00,87.1,50,bid,FlawlessFlatbreads,EarnestEspressos,1790209
2026-07-01T06:04:27.205928,2026-07-01T06:04:27.214554+00:00,86.8,10,ask,Zijun Feng,CostlyCorianders,1790213
2026-07-01T06:04:27.205928,2026-07-01T06:04:27.214554+00:00,86.7,33,ask,DiligentDonuts,CostlyCorianders,1790214
2026-07-01T06:04:27.649516,2026-07-01T06:04:27.657118+00:00,87.2,1,bid,EarnestEspressos,Kelvin Chan,1790229
2026-07-01T06:04:27.649516,2026-07-01T06:04:27.657118+00:00,87.2,100,bid,EarnestEspressos,DiligentDonuts,1790230
2026-07-01T06:04:27.759071,2026-07-01T06:04:27.770066+00:00,87.2,4,ask,EarnestEspressos,Kelvin Chan,1790234
2026-07-01T06:04:28.784290,2026-07-01T06:04:28.797303+00:00,87.6,10,bid,FlawlessFlatbreads,Zijun Feng,1790255
2026-07-01T06:04:28.784290,2026-07-01T06:04:28.797303+00:00,87.7,40,bid,FlawlessFlatbreads,EarnestEspressos,1790256
2026-07-01T06:04:29.339181,2026-07-01T06:04:29.343379+00:00,87.6,10,bid,CostlyCorianders,Zijun Feng,1790274
2026-07-01T06:04:30.306881,2026-07-01T06:04:30.311976+00:00,87.2,45,ask,EarnestEspressos,CostlyCorianders,1790296
2026-07-01T06:04:30.891629,2026-07-01T06:04:30.897997+00:00,87.4,50,bid,FlawlessFlatbreads,EarnestEspressos,1790313
2026-07-01T06:04:30.922014,2026-07-01T06:04:30.928758+00:00,87.4,42,bid,CostlyCorianders,EarnestEspressos,1790316
2026-07-01T06:04:32.645985,2026-07-01T06:04:32.649751+00:00,87.4,44,bid,CostlyCorianders,EarnestEspressos,1790350
2026-07-01T06:04:32.999484,2026-07-01T06:04:33.001156+00:00,87.4,14,bid,FlawlessFlatbreads,EarnestEspressos,1790357
2026-07-01T06:04:33.634776,2026-07-01T06:04:33.640614+00:00,87.1,44,ask,DiligentDonuts,CostlyCorianders,1790364
2026-07-01T06:04:33.969480,2026-07-01T06:04:33.972313+00:00,87.6,100,bid,EarnestEspressos,DiligentDonuts,1790377
2026-07-01T06:04:34.124524,2026-07-01T06:04:34.126972+00:00,87.6,47,ask,EarnestEspressos,CostlyCorianders,1790381
2026-07-01T06:04:34.739130,2026-07-01T06:04:34.745166+00:00,87.6,1,ask,EarnestEspressos,Kelvin Chan,1790403
2026-07-01T06:04:34.880052,2026-07-01T06:04:34.890255+00:00,87.6,1,ask,EarnestEspressos,Kelvin Chan,1790409
2026-07-01T06:04:35.105972,2026-07-01T06:04:35.116979+00:00,88.0,10,bid,FlawlessFlatbreads,Zijun Feng,1790418
2026-07-01T06:04:35.105972,2026-07-01T06:04:35.116979+00:00,88.1,40,bid,FlawlessFlatbreads,EarnestEspressos,1790419
2026-07-01T06:04:35.450497,2026-07-01T06:04:35.454172+00:00,87.6,1,ask,EarnestEspressos,Xuanyu Liu,1790435
2026-07-01T06:04:38.116002,2026-07-01T06:04:38.125399+00:00,87.5,41,bid,CostlyCorianders,EarnestEspressos,1790498
2026-07-01T06:04:39.321095,2026-07-01T06:04:39.327670+00:00,87.5,50,bid,FlawlessFlatbreads,EarnestEspressos,1790528
2026-07-01T06:04:39.820183,2026-07-01T06:04:39.824226+00:00,87.5,1,bid,Xuanyu Liu,EarnestEspressos,1790549
2026-07-01T06:04:42.764352,2026-07-01T06:04:42.768045+00:00,87.7,10,bid,CostlyCorianders,Zijun Feng,1790605
2026-07-01T06:04:43.595935,2026-07-01T06:04:43.601177+00:00,87.5,50,ask,EarnestEspressos,FlawlessFlatbreads,1790627
2026-07-01T06:04:45.701808,2026-07-01T06:04:45.706715+00:00,87.5,50,ask,EarnestEspressos,FlawlessFlatbreads,1790674
2026-07-01T06:04:47.559484,2026-07-01T06:04:47.566407+00:00,87.3,10,ask,Zijun Feng,CostlyCorianders,1790709
2026-07-01T06:04:47.559484,2026-07-01T06:04:47.566407+00:00,87.2,36,ask,DiligentDonuts,CostlyCorianders,1790710
2026-07-01T06:04:47.809049,2026-07-01T06:04:47.812228+00:00,87.3,10,ask,Zijun Feng,FlawlessFlatbreads,1790713
2026-07-01T06:04:47.809049,2026-07-01T06:04:47.822479+00:00,87.2,40,ask,DiligentDonuts,FlawlessFlatbreads,1790714
2026-07-01T06:04:49.590098,2026-07-01T06:04:49.598707+00:00,87.5,3,bid,CostlyCorianders,Kelvin Chan,1790749
2026-07-01T06:04:49.590098,2026-07-01T06:04:49.598707+00:00,87.5,40,bid,CostlyCorianders,DiligentDonuts,1790750
2026-07-01T06:04:49.918190,2026-07-01T06:04:49.926826+00:00,87.2,3,ask,Kelvin Chan,FlawlessFlatbreads,1790755
2026-07-01T06:04:49.918190,2026-07-01T06:04:49.926826+00:00,87.2,10,ask,Zijun Feng,FlawlessFlatbreads,1790756
2026-07-01T06:04:49.918190,2026-07-01T06:04:49.926826+00:00,87.2,37,ask,EarnestEspressos,FlawlessFlatbreads,1790757
2026-07-01T06:04:54.133461,2026-07-01T06:04:54.138840+00:00,87.2,3,ask,Kelvin Chan,FlawlessFlatbreads,1790840
2026-07-01T06:04:54.133461,2026-07-01T06:04:54.138840+00:00,87.1,47,ask,DiligentDonuts,FlawlessFlatbreads,1790841
2026-07-01T06:04:54.806180,2026-07-01T06:04:54.817075+00:00,87.5,41,bid,CostlyCorianders,EarnestEspressos,1790848
2026-07-01T06:04:54.859550,2026-07-01T06:04:54.868565+00:00,87.1,41,ask,DiligentDonuts,CostlyCorianders,1790849
2026-07-01T06:04:56.318150,2026-07-01T06:04:56.328493+00:00,87.2,42,ask,EarnestEspressos,CostlyCorianders,1790874
2026-07-01T06:04:57.388308,2026-07-01T06:04:57.397777+00:00,87.4,45,bid,CostlyCorianders,DiligentDonuts,1790896
2026-07-01T06:04:58.292745,2026-07-01T06:04:58.294863+00:00,87.4,10,bid,FlawlessFlatbreads,Zijun Feng,1790909
2026-07-01T06:04:59.449602,2026-07-01T06:04:59.458036+00:00,87.4,46,bid,CostlyCorianders,DiligentDonuts,1790939
2026-07-01T06:04:59.505895,2026-07-01T06:04:59.519403+00:00,87.0,10,ask,Zijun Feng,CostlyCorianders,1790940
2026-07-01T06:04:59.505895,2026-07-01T06:04:59.519403+00:00,86.9,30,ask,DiligentDonuts,CostlyCorianders,1790941
2026-07-01T06:05:00.069536,2026-07-01T06:05:00.072540+00:00,87.4,47,bid,CostlyCorianders,DiligentDonuts,1790957
2026-07-01T06:05:00.405373,2026-07-01T06:05:00.412485+00:00,87.4,7,bid,FlawlessFlatbreads,DiligentDonuts,1790965
2026-07-01T06:05:00.405373,2026-07-01T06:05:00.412485+00:00,87.4,43,bid,FlawlessFlatbreads,EarnestEspressos,1790966
2026-07-01T06:05:01.207602,2026-07-01T06:05:01.259999+00:00,87.0,10,ask,Zijun Feng,CostlyCorianders,1790991
2026-07-01T06:05:01.207602,2026-07-01T06:05:01.259999+00:00,86.9,32,ask,DiligentDonuts,CostlyCorianders,1790992
2026-07-01T06:05:01.810257,2026-07-01T06:05:01.815334+00:00,87.4,42,bid,CostlyCorianders,EarnestEspressos,1790997
2026-07-01T06:05:01.866803,2026-07-01T06:05:01.876800+00:00,87.2,45,ask,DiligentDonuts,CostlyCorianders,1790999
2026-07-01T06:05:02.566821,2026-07-01T06:05:02.573482+00:00,87.3,50,ask,EarnestEspressos,FlawlessFlatbreads,1791005
2026-07-01T06:05:04.622629,2026-07-01T06:05:04.632671+00:00,87.4,1,bid,FlawlessFlatbreads,Kelvin Chan,1791071
2026-07-01T06:05:04.622629,2026-07-01T06:05:04.632671+00:00,87.4,10,bid,FlawlessFlatbreads,Zijun Feng,1791072
2026-07-01T06:05:04.622629,2026-07-01T06:05:04.632671+00:00,87.8,39,bid,FlawlessFlatbreads,EarnestEspressos,1791073
2026-07-01T06:05:04.687322,2026-07-01T06:05:04.694645+00:00,87.3,100,ask,EarnestEspressos,DiligentDonuts,1791075
2026-07-01T06:05:05.765280,2026-07-01T06:05:05.772473+00:00,87.2,40,bid,CostlyCorianders,EarnestEspressos,1791109
2026-07-01T06:05:05.819517,2026-07-01T06:05:05.823659+00:00,87.1,2,ask,Kelvin Chan,CostlyCorianders,1791112
2026-07-01T06:05:05.819517,2026-07-01T06:05:05.823659+00:00,86.8,39,ask,DiligentDonuts,CostlyCorianders,1791113
2026-07-01T06:05:06.733557,2026-07-01T06:05:06.736363+00:00,87.2,50,bid,FlawlessFlatbreads,EarnestEspressos,1791125
2026-07-01T06:05:08.840658,2026-07-01T06:05:08.845761+00:00,87.3,50,bid,FlawlessFlatbreads,DiligentDonuts,1791180
2026-07-01T06:05:10.946393,2026-07-01T06:05:10.948072+00:00,87.2,10,bid,FlawlessFlatbreads,Zijun Feng,1791240
2026-07-01T06:05:10.946393,2026-07-01T06:05:10.958392+00:00,87.4,4,bid,FlawlessFlatbreads,Kelvin Chan,1791241
2026-07-01T06:05:10.946393,2026-07-01T06:05:10.958392+00:00,87.4,36,bid,FlawlessFlatbreads,EarnestEspressos,1791242
2026-07-01T06:05:12.462670,2026-07-01T06:05:12.469034+00:00,87.0,49,ask,DiligentDonuts,CostlyCorianders,1791273
2026-07-01T06:05:13.055619,2026-07-01T06:05:13.064145+00:00,87.2,10,bid,FlawlessFlatbreads,Zijun Feng,1791283
2026-07-01T06:05:13.055619,2026-07-01T06:05:13.064145+00:00,87.3,5,bid,FlawlessFlatbreads,Kelvin Chan,1791284
2026-07-01T06:05:13.055619,2026-07-01T06:05:13.064145+00:00,87.5,35,bid,FlawlessFlatbreads,DiligentDonuts,1791285
2026-07-01T06:05:15.215736,2026-07-01T06:05:15.223281+00:00,87.1,50,ask,DiligentDonuts,FlawlessFlatbreads,1791327
2026-07-01T06:05:15.343817,2026-07-01T06:05:15.346458+00:00,87.1,47,ask,DiligentDonuts,CostlyCorianders,1791329
2026-07-01T06:05:17.323709,2026-07-01T06:05:17.329665+00:00,87.1,50,ask,EarnestEspressos,FlawlessFlatbreads,1791366
2026-07-01T06:05:17.346481,2026-07-01T06:05:17.350416+00:00,87.1,100,ask,EarnestEspressos,DiligentDonuts,1791368
2026-07-01T06:05:17.652698,2026-07-01T06:05:17.660229+00:00,87.3,5,bid,CostlyCorianders,Kelvin Chan,1791372
2026-07-01T06:05:17.652698,2026-07-01T06:05:17.660229+00:00,87.3,10,bid,CostlyCorianders,Zijun Feng,1791373
2026-07-01T06:05:17.652698,2026-07-01T06:05:17.660229+00:00,87.6,25,bid,CostlyCorianders,EarnestEspressos,1791374
2026-07-01T06:05:19.429959,2026-07-01T06:05:19.438203+00:00,86.6,10,ask,Zijun Feng,FlawlessFlatbreads,1791405
2026-07-01T06:05:19.429959,2026-07-01T06:05:19.438203+00:00,86.5,40,ask,DiligentDonuts,FlawlessFlatbreads,1791406
2026-07-01T06:05:20.224183,2026-07-01T06:05:20.242134+00:00,86.9,48,bid,CostlyCorianders,EarnestEspressos,1791429
2026-07-01T06:05:20.748352,2026-07-01T06:05:20.758187+00:00,86.6,10,ask,Zijun Feng,CostlyCorianders,1791442
2026-07-01T06:05:20.748352,2026-07-01T06:05:20.758187+00:00,86.5,36,ask,DiligentDonuts,CostlyCorianders,1791443
2026-07-01T06:05:21.261436,2026-07-01T06:05:21.265343+00:00,86.9,43,bid,CostlyCorianders,EarnestEspressos,1791459
2026-07-01T06:05:21.488256,2026-07-01T06:05:21.492197+00:00,87.0,50,bid,FlawlessFlatbreads,DiligentDonuts,1791465
2026-07-01T06:05:21.887766,2026-07-01T06:05:21.894206+00:00,86.6,47,ask,EarnestEspressos,CostlyCorianders,1791470
2026-07-01T06:05:23.595679,2026-07-01T06:05:23.604718+00:00,87.1,50,bid,FlawlessFlatbreads,EarnestEspressos,1791514
2026-07-01T06:05:24.616149,2026-07-01T06:05:24.620288+00:00,87.0,10,bid,CostlyCorianders,Zijun Feng,1791536
2026-07-01T06:05:24.616149,2026-07-01T06:05:24.620288+00:00,87.2,5,bid,CostlyCorianders,Kelvin Chan,1791537
2026-07-01T06:05:24.616149,2026-07-01T06:05:24.630536+00:00,87.2,29,bid,CostlyCorianders,DiligentDonuts,1791538
2026-07-01T06:05:25.703163,2026-07-01T06:05:25.706368+00:00,87.0,50,bid,FlawlessFlatbreads,EarnestEspressos,1791557
2026-07-01T06:05:27.779066,2026-07-01T06:05:27.788477+00:00,86.9,41,ask,EarnestEspressos,CostlyCorianders,1791607
2026-07-01T06:05:27.812873,2026-07-01T06:05:27.819248+00:00,87.0,50,bid,FlawlessFlatbreads,DiligentDonuts,1791608
2026-07-01T06:05:28.387913,2026-07-01T06:05:28.398181+00:00,87.0,43,bid,CostlyCorianders,DiligentDonuts,1791616
2026-07-01T06:05:32.098633,2026-07-01T06:05:32.109816+00:00,86.9,50,ask,DiligentDonuts,FlawlessFlatbreads,1791698
2026-07-01T06:05:33.477497,2026-07-01T06:05:33.485162+00:00,86.8,45,ask,DiligentDonuts,CostlyCorianders,1791729
2026-07-01T06:05:34.204453,2026-07-01T06:05:34.213323+00:00,86.8,50,ask,DiligentDonuts,FlawlessFlatbreads,1791744
2026-07-01T06:05:34.609930,2026-07-01T06:05:34.612708+00:00,87.0,42,bid,CostlyCorianders,EarnestEspressos,1791753
2026-07-01T06:05:36.310922,2026-07-01T06:05:36.319114+00:00,86.7,1,ask,Kelvin Chan,FlawlessFlatbreads,1791787
2026-07-01T06:05:36.310922,2026-07-01T06:05:36.319114+00:00,86.6,49,ask,DiligentDonuts,FlawlessFlatbreads,1791788
2026-07-01T06:05:38.418630,2026-07-01T06:05:38.424315+00:00,86.7,50,ask,EarnestEspressos,FlawlessFlatbreads,1791836
2026-07-01T06:05:40.473412,2026-07-01T06:05:40.476016+00:00,86.9,50,bid,FlawlessFlatbreads,DiligentDonuts,1791871
2026-07-01T06:05:40.846177,2026-07-01T06:05:40.857254+00:00,86.7,49,ask,EarnestEspressos,CostlyCorianders,1791880
2026-07-01T06:05:42.580474,2026-07-01T06:05:42.590733+00:00,86.9,10,bid,FlawlessFlatbreads,Zijun Feng,1791922
2026-07-01T06:05:42.580474,2026-07-01T06:05:42.590733+00:00,87.1,4,bid,FlawlessFlatbreads,Kelvin Chan,1791923
2026-07-01T06:05:42.580474,2026-07-01T06:05:42.590733+00:00,87.2,36,bid,FlawlessFlatbreads,EarnestEspressos,1791924
2026-07-01T06:05:43.073957,2026-07-01T06:05:43.076435+00:00,86.7,40,ask,EarnestEspressos,CostlyCorianders,1791939
2026-07-01T06:05:44.601646,2026-07-01T06:05:44.613587+00:00,86.8,45,bid,CostlyCorianders,EarnestEspressos,1791984
2026-07-01T06:05:44.706730,2026-07-01T06:05:44.716129+00:00,86.8,50,bid,FlawlessFlatbreads,EarnestEspressos,1791985
2026-07-01T06:05:45.967383,2026-07-01T06:05:45.975082+00:00,86.8,1,bid,Harry North,EarnestEspressos,1792015
2026-07-01T06:05:46.232670,2026-07-01T06:05:46.242626+00:00,86.8,46,bid,CostlyCorianders,EarnestEspressos,1792020
2026-07-01T06:05:46.712022,2026-07-01T06:05:46.715842+00:00,86.9,100,bid,EarnestEspressos,DiligentDonuts,1792026
2026-07-01T06:05:46.813609,2026-07-01T06:05:46.819032+00:00,87.0,5,bid,FlawlessFlatbreads,Kelvin Chan,1792028
2026-07-01T06:05:46.813609,2026-07-01T06:05:46.819032+00:00,87.0,10,bid,FlawlessFlatbreads,Zijun Feng,1792029
2026-07-01T06:05:46.813609,2026-07-01T06:05:46.829417+00:00,87.4,35,bid,FlawlessFlatbreads,EarnestEspressos,1792030
2026-07-01T06:05:48.923461,2026-07-01T06:05:48.930436+00:00,87.0,5,bid,FlawlessFlatbreads,Kelvin Chan,1792070
2026-07-01T06:05:48.923461,2026-07-01T06:05:48.930436+00:00,87.0,10,bid,FlawlessFlatbreads,Zijun Feng,1792071
2026-07-01T06:05:48.923461,2026-07-01T06:05:48.930436+00:00,87.4,35,bid,FlawlessFlatbreads,EarnestEspressos,1792072
2026-07-01T06:05:51.042420,2026-07-01T06:05:51.048086+00:00,87.0,5,bid,FlawlessFlatbreads,Kelvin Chan,1792117
2026-07-01T06:05:51.042420,2026-07-01T06:05:51.058394+00:00,87.3,45,bid,FlawlessFlatbreads,DiligentDonuts,1792118
2026-07-01T06:05:52.050489,2026-07-01T06:05:52.053481+00:00,86.8,43,ask,EarnestEspressos,CostlyCorianders,1792140
2026-07-01T06:05:53.229718,2026-07-01T06:05:53.233904+00:00,86.8,50,ask,DiligentDonuts,FlawlessFlatbreads,1792173
2026-07-01T16:37:15.743290,2026-07-01T06:37:17.069456+00:00,82.1,10,ask,Zijun Feng,FlawlessFlatbreads,1835131
2026-07-01T16:37:16.113200,2026-07-01T06:37:17.443455+00:00,82.1,10,ask,Zijun Feng,CostlyCorianders,1835143
2026-07-01T16:37:16.113200,2026-07-01T06:37:17.443455+00:00,82.0,35,ask,DiligentDonuts,CostlyCorianders,1835144
2026-07-01T16:37:16.706603,2026-07-01T06:37:18.036797+00:00,82.3,45,bid,CostlyCorianders,EarnestEspressos,1835175
2026-07-01T16:37:17.235164,2026-07-01T06:37:18.564808+00:00,82.3,46,bid,CostlyCorianders,EarnestEspressos,1835184
2026-07-01T16:37:17.289038,2026-07-01T06:37:18.619809+00:00,82.1,10,ask,Zijun Feng,CostlyCorianders,1835185
2026-07-01T16:37:17.289038,2026-07-01T06:37:18.619809+00:00,82.0,39,ask,DiligentDonuts,CostlyCorianders,1835186
2026-07-01T16:37:17.769861,2026-07-01T06:37:19.103808+00:00,82.0,26,ask,DiligentDonuts,CostlyCorianders,1835190
2026-07-01T16:37:17.769861,2026-07-01T06:37:19.103808+00:00,82.0,3,ask,Kelvin Chan,CostlyCorianders,1835191
2026-07-01T16:37:17.769861,2026-07-01T06:37:19.103808+00:00,81.8,15,ask,EarnestEspressos,CostlyCorianders,1835192
2026-07-01T16:37:17.799387,2026-07-01T06:37:19.125809+00:00,82.3,50,bid,FlawlessFlatbreads,EarnestEspressos,1835193
2026-07-01T16:37:19.074855,2026-07-01T06:37:20.401818+00:00,82.2,100,bid,EarnestEspressos,DiligentDonuts,1835224
2026-07-01T16:37:19.307817,2026-07-01T06:37:20.643829+00:00,82.4,1,bid,CostlyCorianders,Kelvin Chan,1835227
2026-07-01T16:37:19.307817,2026-07-01T06:37:20.643829+00:00,82.7,48,bid,CostlyCorianders,EarnestEspressos,1835228
2026-07-01T16:37:19.753854,2026-07-01T06:37:21.083829+00:00,82.6,1,bid,Jayden Shi,Zijun Feng,1835236
2026-07-01T16:37:19.907046,2026-07-01T06:37:21.237830+00:00,82.5,10,bid,FlawlessFlatbreads,Zijun Feng,1835242
2026-07-01T16:37:19.907046,2026-07-01T06:37:21.237830+00:00,82.7,40,bid,FlawlessFlatbreads,EarnestEspressos,1835243
2026-07-01T16:37:22.017779,2026-07-01T06:37:23.348622+00:00,82.5,50,bid,FlawlessFlatbreads,DiligentDonuts,1835290
2026-07-01T16:37:24.123976,2026-07-01T06:37:25.459611+00:00,82.4,3,bid,FlawlessFlatbreads,Kelvin Chan,1835341
2026-07-01T16:37:24.123976,2026-07-01T06:37:25.459611+00:00,82.4,9,bid,FlawlessFlatbreads,Zijun Feng,1835342
2026-07-01T16:37:24.123976,2026-07-01T06:37:25.459611+00:00,82.5,38,bid,FlawlessFlatbreads,DiligentDonuts,1835343
2026-07-01T16:37:25.135602,2026-07-01T06:37:26.471168+00:00,82.3,44,ask,EarnestEspressos,CostlyCorianders,1835361
2026-07-01T16:37:26.240632,2026-07-01T06:37:27.581750+00:00,82.4,2,bid,FlawlessFlatbreads,Kelvin Chan,1835392
2026-07-01T16:37:26.240632,2026-07-01T06:37:27.592750+00:00,82.4,48,bid,FlawlessFlatbreads,EarnestEspressos,1835393
2026-07-01T16:37:27.706412,2026-07-01T06:37:29.043229+00:00,82.4,45,bid,CostlyCorianders,EarnestEspressos,1835428
2026-07-01T16:37:28.353879,2026-07-01T06:37:29.681750+00:00,82.4,50,bid,FlawlessFlatbreads,EarnestEspressos,1835447
2026-07-01T16:37:30.485022,2026-07-01T06:37:31.815775+00:00,82.5,50,bid,FlawlessFlatbreads,DiligentDonuts,1835494
2026-07-01T16:37:31.288622,2026-07-01T06:37:32.618290+00:00,82.7,1,bid,Jayden Shi,DiligentDonuts,1835517
2026-07-01T16:37:32.642385,2026-07-01T06:37:33.970315+00:00,82.5,50,ask,EarnestEspressos,FlawlessFlatbreads,1835533
2026-07-01T16:37:33.187155,2026-07-01T06:37:34.520315+00:00,82.7,1,bid,Jayden Shi,DiligentDonuts,1835545
2026-07-01T16:37:33.673738,2026-07-01T06:37:35.004316+00:00,82.5,48,ask,EarnestEspressos,CostlyCorianders,1835553
2026-07-01T16:37:33.941603,2026-07-01T06:37:35.267831+00:00,82.7,1,bid,Jayden Shi,DiligentDonuts,1835565
2026-07-01T16:37:35.715997,2026-07-01T06:37:37.048930+00:00,82.4,46,ask,DiligentDonuts,CostlyCorianders,1835597
2026-07-01T16:37:36.804573,2026-07-01T06:37:38.137477+00:00,82.5,50,bid,FlawlessFlatbreads,EarnestEspressos,1835621
2026-07-01T16:37:37.268435,2026-07-01T06:37:38.599490+00:00,82.5,43,bid,CostlyCorianders,EarnestEspressos,1835632
2026-07-01T16:37:37.891370,2026-07-01T06:37:39.226490+00:00,82.2,3,ask,Kelvin Chan,CostlyCorianders,1835649
2026-07-01T16:37:37.891370,2026-07-01T06:37:39.226490+00:00,82.0,43,ask,EarnestEspressos,CostlyCorianders,1835650
2026-07-01T16:37:38.979759,2026-07-01T06:37:40.315014+00:00,82.3,50,ask,EarnestEspressos,FlawlessFlatbreads,1835669
2026-07-01T16:37:41.085068,2026-07-01T06:37:42.415291+00:00,82.6,10,ask,Zijun Feng,FlawlessFlatbreads,1835703
2026-07-01T16:37:41.085068,2026-07-01T06:37:42.415291+00:00,82.5,40,ask,DiligentDonuts,FlawlessFlatbreads,1835704
2026-07-01T16:37:41.846352,2026-07-01T06:37:43.184412+00:00,82.5,1,ask,DiligentDonuts,Kelvin Chan,1835717
2026-07-01T16:37:43.142517,2026-07-01T06:37:44.472414+00:00,82.6,1,bid,FlawlessFlatbreads,Kelvin Chan,1835731
2026-07-01T16:37:43.142517,2026-07-01T06:37:44.472414+00:00,82.6,10,bid,FlawlessFlatbreads,Zijun Feng,1835732
2026-07-01T16:37:43.142517,2026-07-01T06:37:44.472414+00:00,82.8,39,bid,FlawlessFlatbreads,EarnestEspressos,1835733
2026-07-01T16:37:45.264479,2026-07-01T06:37:46.594497+00:00,82.6,1,bid,FlawlessFlatbreads,Kelvin Chan,1835773
2026-07-01T16:37:45.264479,2026-07-01T06:37:46.594497+00:00,82.6,49,bid,FlawlessFlatbreads,DiligentDonuts,1835774
2026-07-01T16:37:45.285651,2026-07-01T06:37:46.616496+00:00,82.6,48,bid,CostlyCorianders,DiligentDonuts,1835775
2026-07-01T16:37:45.844996,2026-07-01T06:37:47.177498+00:00,82.4,48,ask,EarnestEspressos,CostlyCorianders,1835783
2026-07-01T16:37:46.356724,2026-07-01T06:37:47.683498+00:00,82.6,3,bid,CostlyCorianders,DiligentDonuts,1835794
2026-07-01T16:37:46.356724,2026-07-01T06:37:47.694498+00:00,82.6,10,bid,CostlyCorianders,Zijun Feng,1835795
2026-07-01T16:37:46.356724,2026-07-01T06:37:47.694498+00:00,82.6,1,bid,CostlyCorianders,Kelvin Chan,1835796
2026-07-01T16:37:46.356724,2026-07-01T06:37:47.694498+00:00,82.9,29,bid,CostlyCorianders,EarnestEspressos,1835797
2026-07-01T16:37:46.846076,2026-07-01T06:37:48.177877+00:00,82.7,1,ask,DiligentDonuts,Kelvin Chan,1835803
2026-07-01T16:37:46.906090,2026-07-01T06:37:48.232875+00:00,82.7,1,ask,DiligentDonuts,Kelvin Chan,1835807
2026-07-01T16:37:46.974653,2026-07-01T06:37:48.309876+00:00,82.7,1,ask,DiligentDonuts,Kelvin Chan,1835809
2026-07-01T16:37:47.077702,2026-07-01T06:37:48.408876+00:00,82.7,1,ask,DiligentDonuts,Kelvin Chan,1835814
2026-07-01T16:37:47.199021,2026-07-01T06:37:48.529875+00:00,82.7,1,ask,DiligentDonuts,Kelvin Chan,1835819
2026-07-01T16:37:47.449800,2026-07-01T06:37:48.782875+00:00,82.7,50,ask,DiligentDonuts,FlawlessFlatbreads,1835823
2026-07-01T16:37:49.508351,2026-07-01T06:37:50.839902+00:00,83.0,50,bid,FlawlessFlatbreads,EarnestEspressos,1835864
2026-07-01T16:37:50.673730,2026-07-01T06:37:52.005904+00:00,82.5,41,ask,EarnestEspressos,CostlyCorianders,1835876
2026-07-01T16:37:51.666195,2026-07-01T06:37:52.995453+00:00,82.5,50,ask,DiligentDonuts,FlawlessFlatbreads,1835906
2026-07-01T16:37:53.723537,2026-07-01T06:37:55.052895+00:00,82.8,50,bid,FlawlessFlatbreads,DiligentDonuts,1835949
2026-07-01T16:37:53.994101,2026-07-01T06:37:55.327894+00:00,82.8,47,bid,CostlyCorianders,DiligentDonuts,1835951
2026-07-01T16:37:54.560837,2026-07-01T06:37:55.888894+00:00,82.6,10,ask,Zijun Feng,CostlyCorianders,1835963
2026-07-01T16:37:54.560837,2026-07-01T06:37:55.888894+00:00,82.5,37,ask,EarnestEspressos,CostlyCorianders,1835964
2026-07-01T16:37:55.882298,2026-07-01T06:37:57.219430+00:00,82.6,10,ask,Zijun Feng,FlawlessFlatbreads,1835983
2026-07-01T16:38:00.093703,2026-07-01T06:38:01.423683+00:00,82.5,50,ask,DiligentDonuts,FlawlessFlatbreads,1836082
2026-07-01T16:38:01.111681,2026-07-01T06:38:02.446682+00:00,82.6,42,bid,CostlyCorianders,EarnestEspressos,1836105
2026-07-01T16:38:02.204078,2026-07-01T06:38:03.534769+00:00,82.5,50,ask,DiligentDonuts,FlawlessFlatbreads,1836123
2026-07-01T16:38:02.444613,2026-07-01T06:38:03.776770+00:00,82.6,1,bid,Jayden Shi,EarnestEspressos,1836131
2026-07-01T16:38:03.070914,2026-07-01T06:38:04.403201+00:00,82.5,48,bid,CostlyCorianders,DiligentDonuts,1836144
2026-07-01T16:38:04.310131,2026-07-01T06:38:05.645718+00:00,82.4,3,ask,Kelvin Chan,FlawlessFlatbreads,1836165
2026-07-01T16:38:04.310131,2026-07-01T06:38:05.645718+00:00,82.2,47,ask,EarnestEspressos,FlawlessFlatbreads,1836166
2026-07-01T16:38:04.886503,2026-07-01T06:38:06.217279+00:00,82.5,1,bid,Jayden Shi,DiligentDonuts,1836176
2026-07-01T16:38:05.943914,2026-07-01T06:38:07.273278+00:00,82.7,1,bid,Jayden Shi,Kelvin Chan,1836202
2026-07-01T16:38:06.420294,2026-07-01T06:38:07.757279+00:00,82.4,4,ask,Kelvin Chan,FlawlessFlatbreads,1836222
2026-07-01T16:38:06.420294,2026-07-01T06:38:07.757279+00:00,82.2,46,ask,EarnestEspressos,FlawlessFlatbreads,1836223
2026-07-01T16:38:06.911492,2026-07-01T06:38:08.241279+00:00,82.3,1,bid,Jayden Shi,EarnestEspressos,1836231
2026-07-01T16:38:08.049011,2026-07-01T06:38:09.384805+00:00,82.3,1,bid,Jayden Shi,EarnestEspressos,1836256
2026-07-01T16:38:08.532351,2026-07-01T06:38:09.868324+00:00,82.2,50,ask,DiligentDonuts,FlawlessFlatbreads,1836267
2026-07-01T16:38:10.640811,2026-07-01T06:38:11.968839+00:00,81.9,10,ask,Zijun Feng,FlawlessFlatbreads,1836302
2026-07-01T16:38:10.640811,2026-07-01T06:38:11.968839+00:00,81.8,40,ask,DiligentDonuts,FlawlessFlatbreads,1836303
2026-07-01T16:38:12.749050,2026-07-01T06:38:14.080379+00:00,81.8,50,ask,EarnestEspressos,FlawlessFlatbreads,1836336
2026-07-01T16:38:13.123646,2026-07-01T06:38:14.457379+00:00,82.1,43,bid,CostlyCorianders,EarnestEspressos,1836346
2026-07-01T16:38:13.178069,2026-07-01T06:38:14.512380+00:00,81.8,44,ask,DiligentDonuts,CostlyCorianders,1836347
2026-07-01T16:38:14.859790,2026-07-01T06:38:16.194298+00:00,81.8,50,ask,DiligentDonuts,FlawlessFlatbreads,1836381
2026-07-01T16:38:14.902159,2026-07-01T06:38:16.238752+00:00,81.8,6,ask,DiligentDonuts,CostlyCorianders,1836383
2026-07-01T16:38:14.902159,2026-07-01T06:38:16.238752+00:00,81.6,40,ask,EarnestEspressos,CostlyCorianders,1836384
2026-07-01T16:38:16.965582,2026-07-01T06:38:18.295294+00:00,81.7,50,ask,EarnestEspressos,FlawlessFlatbreads,1836410
2026-07-01T16:38:19.072436,2026-07-01T06:38:20.406372+00:00,81.7,50,ask,EarnestEspressos,FlawlessFlatbreads,1836449
2026-07-01T16:38:21.126947,2026-07-01T06:38:22.452429+00:00,81.7,50,bid,FlawlessFlatbreads,EarnestEspressos,1836497
2026-07-01T16:38:21.829339,2026-07-01T06:38:23.154974+00:00,81.7,42,bid,CostlyCorianders,EarnestEspressos,1836514
2026-07-01T16:38:23.233325,2026-07-01T06:38:24.562974+00:00,82.0,50,bid,FlawlessFlatbreads,DiligentDonuts,1836555
2026-07-01T16:38:23.852469,2026-07-01T06:38:25.179977+00:00,82.0,41,bid,CostlyCorianders,DiligentDonuts,1836571
2026-07-01T16:38:27.496236,2026-07-01T06:38:28.829643+00:00,81.6,50,ask,DiligentDonuts,FlawlessFlatbreads,1836638
2026-07-01T16:38:29.304466,2026-07-01T06:38:30.633666+00:00,81.6,40,ask,DiligentDonuts,CostlyCorianders,1836676
2026-07-01T16:38:29.553145,2026-07-01T06:38:30.886665+00:00,82.0,5,bid,FlawlessFlatbreads,Kelvin Chan,1836681
2026-07-01T16:38:29.553145,2026-07-01T06:38:30.886665+00:00,82.0,45,bid,FlawlessFlatbreads,EarnestEspressos,1836682
2026-07-01T16:38:31.662371,2026-07-01T06:38:32.998233+00:00,82.0,50,bid,FlawlessFlatbreads,EarnestEspressos,1836710
2026-07-01T16:38:31.865520,2026-07-01T06:38:33.196234+00:00,82.0,5,bid,EarnestEspressos,Kelvin Chan,1836715
2026-07-01T16:38:31.865520,2026-07-01T06:38:33.196234+00:00,82.0,100,bid,EarnestEspressos,DiligentDonuts,1836716
2026-07-01T16:38:31.912324,2026-07-01T06:38:33.240234+00:00,82.0,5,ask,EarnestEspressos,Kelvin Chan,1836718
2026-07-01T16:38:32.853245,2026-07-01T06:38:34.186232+00:00,82.0,4,ask,EarnestEspressos,Kelvin Chan,1836730
2026-07-01T16:38:33.234197,2026-07-01T06:38:34.560233+00:00,82.0,4,ask,EarnestEspressos,Kelvin Chan,1836743
2026-07-01T16:38:33.768630,2026-07-01T06:38:35.098749+00:00,82.4,10,bid,FlawlessFlatbreads,Zijun Feng,1836750
2026-07-01T16:38:33.768630,2026-07-01T06:38:35.098749+00:00,82.5,40,bid,FlawlessFlatbreads,EarnestEspressos,1836751
2026-07-01T16:38:35.292916,2026-07-01T06:38:36.627880+00:00,82.1,42,bid,CostlyCorianders,EarnestEspressos,1836782
2026-07-01T16:38:35.954214,2026-07-01T06:38:37.287397+00:00,81.8,10,ask,Zijun Feng,FlawlessFlatbreads,1836793
2026-07-01T16:38:35.954214,2026-07-01T06:38:37.287397+00:00,81.7,1,ask,Kelvin Chan,FlawlessFlatbreads,1836794
2026-07-01T16:38:35.954214,2026-07-01T06:38:37.287397+00:00,81.7,39,ask,DiligentDonuts,FlawlessFlatbreads,1836795
2026-07-01T16:38:37.095478,2026-07-01T06:38:38.430588+00:00,81.7,42,ask,DiligentDonuts,CostlyCorianders,1836820
2026-07-01T16:38:37.586716,2026-07-01T06:38:38.914589+00:00,81.7,5,ask,Kelvin Chan,CostlyCorianders,1836824
2026-07-01T16:38:37.586716,2026-07-01T06:38:38.914589+00:00,81.6,35,ask,EarnestEspressos,CostlyCorianders,1836825
2026-07-01T16:38:38.078124,2026-07-01T06:38:39.409589+00:00,81.7,5,ask,Kelvin Chan,FlawlessFlatbreads,1836838
2026-07-01T16:38:38.078124,2026-07-01T06:38:39.409589+00:00,81.6,45,ask,EarnestEspressos,FlawlessFlatbreads,1836839
2026-07-01T16:38:38.500670,2026-07-01T06:38:39.827526+00:00,81.9,47,bid,CostlyCorianders,DiligentDonuts,1836844
2026-07-01T16:38:40.186757,2026-07-01T06:38:41.521203+00:00,81.7,5,ask,Kelvin Chan,CostlyCorianders,1836872
2026-07-01T16:38:40.186757,2026-07-01T06:38:41.521203+00:00,81.7,36,ask,EarnestEspressos,CostlyCorianders,1836873
2026-07-01T16:38:40.193228,2026-07-01T06:38:41.521203+00:00,81.7,50,ask,EarnestEspressos,FlawlessFlatbreads,1836874
2026-07-01T16:38:41.275644,2026-07-01T06:38:42.610215+00:00,82.0,1,bid,CostlyCorianders,Kelvin Chan,1836902
2026-07-01T16:38:41.275644,2026-07-01T06:38:42.610215+00:00,82.2,40,bid,CostlyCorianders,EarnestEspressos,1836903
2026-07-01T16:38:42.300631,2026-07-01T06:38:43.636073+00:00,81.8,50,ask,DiligentDonuts,FlawlessFlatbreads,1836914
2026-07-01T16:38:42.843465,2026-07-01T06:38:44.175074+00:00,82.0,48,bid,CostlyCorianders,EarnestEspressos,1836926
2026-07-01T16:38:46.729557,2026-07-01T06:38:48.055819+00:00,81.7,5,ask,Kelvin Chan,CostlyCorianders,1836978
2026-07-01T16:38:46.729557,2026-07-01T06:38:48.066818+00:00,81.4,42,ask,EarnestEspressos,CostlyCorianders,1836979
2026-07-01T16:38:48.620634,2026-07-01T06:38:49.947433+00:00,81.7,50,ask,DiligentDonuts,FlawlessFlatbreads,1837024
2026-07-01T16:38:50.727403,2026-07-01T06:38:52.057986+00:00,81.7,5,ask,Kelvin Chan,FlawlessFlatbreads,1837060
2026-07-01T16:38:52.783321,2026-07-01T06:38:54.114068+00:00,81.7,50,bid,FlawlessFlatbreads,EarnestEspressos,1837117
2026-07-01T16:38:54.895002,2026-07-01T06:38:56.225349+00:00,81.8,50,bid,FlawlessFlatbreads,DiligentDonuts,1837157
2026-07-01T16:38:55.429548,2026-07-01T06:38:56.764349+00:00,81.8,45,bid,CostlyCorianders,DiligentDonuts,1837166
2026-07-01T16:38:57.002795,2026-07-01T06:38:58.337881+00:00,81.9,3,bid,FlawlessFlatbreads,Kelvin Chan,1837189
2026-07-01T16:38:57.002795,2026-07-01T06:38:58.337881+00:00,82.0,47,bid,FlawlessFlatbreads,EarnestEspressos,1837190
2026-07-01T16:38:58.897778,2026-07-01T06:39:00.229403+00:00,81.7,47,ask,DiligentDonuts,CostlyCorianders,1837246
2026-07-01T16:38:59.112796,2026-07-01T06:39:00.438403+00:00,81.9,3,bid,FlawlessFlatbreads,Kelvin Chan,1837255
2026-07-01T16:38:59.112796,2026-07-01T06:39:00.448908+00:00,82.2,47,bid,FlawlessFlatbreads,DiligentDonuts,1837256
2026-07-01T16:38:59.372978,2026-07-01T06:39:00.701919+00:00,81.7,45,ask,EarnestEspressos,CostlyCorianders,1837264
2026-07-01T16:39:01.226382,2026-07-01T06:39:02.560433+00:00,81.9,3,bid,FlawlessFlatbreads,Kelvin Chan,1837295
2026-07-01T16:39:01.226382,2026-07-01T06:39:02.560433+00:00,82.0,47,bid,FlawlessFlatbreads,EarnestEspressos,1837296
2026-07-01T16:39:03.361754,2026-07-01T06:39:04.694763+00:00,81.9,2,bid,FlawlessFlatbreads,Kelvin Chan,1837338
2026-07-01T16:39:03.361754,2026-07-01T06:39:04.694763+00:00,82.0,48,bid,FlawlessFlatbreads,EarnestEspressos,1837339
2026-07-01T16:39:03.396941,2026-07-01T06:39:04.727763+00:00,82.0,49,bid,CostlyCorianders,EarnestEspressos,1837342
2026-07-01T16:39:03.502545,2026-07-01T06:39:04.837763+00:00,82.3,100,bid,EarnestEspressos,DiligentDonuts,1837343
2026-07-01T16:39:03.925479,2026-07-01T06:39:05.255763+00:00,82.3,45,ask,EarnestEspressos,CostlyCorianders,1837348
2026-07-01T16:39:05.486077,2026-07-01T06:39:06.815907+00:00,82.3,5,ask,EarnestEspressos,CostlyCorianders,1837369
2026-07-01T16:39:07.115342,2026-07-01T06:39:08.443298+00:00,82.1,43,ask,DiligentDonuts,CostlyCorianders,1837406
2026-07-01T16:39:07.652862,2026-07-01T06:39:08.982313+00:00,82.1,50,ask,DiligentDonuts,FlawlessFlatbreads,1837410
2026-07-01T16:39:09.760336,2026-07-01T06:39:11.094323+00:00,81.8,3,ask,Kelvin Chan,FlawlessFlatbreads,1837446
2026-07-01T16:39:09.760336,2026-07-01T06:39:11.094323+00:00,81.7,47,ask,EarnestEspressos,FlawlessFlatbreads,1837447
2026-07-01T16:39:11.200624,2026-07-01T06:39:12.527324+00:00,81.8,2,bid,Kelvin Chan,EarnestEspressos,1837470
2026-07-01T16:39:11.265896,2026-07-01T06:39:12.593324+00:00,81.8,42,bid,CostlyCorianders,EarnestEspressos,1837473
2026-07-01T16:39:11.817240,2026-07-01T06:39:13.143596+00:00,81.8,50,bid,FlawlessFlatbreads,EarnestEspressos,1837497
2026-07-01T16:39:13.924295,2026-07-01T06:39:15.255618+00:00,82.1,2,bid,FlawlessFlatbreads,Kelvin Chan,1837540
2026-07-01T16:39:13.924295,2026-07-01T06:39:15.255618+00:00,82.1,48,bid,FlawlessFlatbreads,EarnestEspressos,1837541
2026-07-01T16:39:16.033580,2026-07-01T06:39:17.365981+00:00,82.1,50,bid,FlawlessFlatbreads,EarnestEspressos,1837597
2026-07-01T16:39:16.184321,2026-07-01T06:39:17.519980+00:00,82.2,100,bid,EarnestEspressos,DiligentDonuts,1837599
2026-07-01T16:39:16.952148,2026-07-01T06:39:18.279089+00:00,82.3,40,ask,EarnestEspressos,CostlyCorianders,1837607
2026-07-01T16:39:18.140408,2026-07-01T06:39:19.467089+00:00,82.7,10,bid,FlawlessFlatbreads,Zijun Feng,1837633
2026-07-01T16:39:18.140408,2026-07-01T06:39:19.478089+00:00,82.8,40,bid,FlawlessFlatbreads,EarnestEspressos,1837634
2026-07-01T16:39:20.251278,2026-07-01T06:39:21.578130+00:00,82.4,50,bid,FlawlessFlatbreads,EarnestEspressos,1837677
2026-07-01T16:39:23.440039,2026-07-01T06:39:24.767798+00:00,82.5,41,bid,CostlyCorianders,DiligentDonuts,1837745
2026-07-01T16:39:25.092447,2026-07-01T06:39:26.427928+00:00,82.3,45,ask,DiligentDonuts,CostlyCorianders,1837783
2026-07-01T16:39:25.648979,2026-07-01T06:39:26.979967+00:00,82.5,10,bid,CostlyCorianders,Zijun Feng,1837798
2026-07-01T16:39:25.648979,2026-07-01T06:39:26.979967+00:00,82.8,37,bid,CostlyCorianders,DiligentDonuts,1837799
2026-07-01T16:39:26.630718,2026-07-01T06:39:27.958967+00:00,82.3,50,ask,DiligentDonuts,FlawlessFlatbreads,1837825
2026-07-01T16:39:26.734395,2026-07-01T06:39:28.068373+00:00,82.3,5,ask,DiligentDonuts,CostlyCorianders,1837826
2026-07-01T16:39:26.734395,2026-07-01T06:39:28.068373+00:00,82.1,38,ask,EarnestEspressos,CostlyCorianders,1837827
2026-07-01T16:39:27.754161,2026-07-01T06:39:29.080373+00:00,82.6,45,bid,CostlyCorianders,EarnestEspressos,1837850
2026-07-01T16:39:28.740265,2026-07-01T06:39:30.069899+00:00,82.1,50,ask,EarnestEspressos,FlawlessFlatbreads,1837866
2026-07-01T16:39:30.846807,2026-07-01T06:39:32.180953+00:00,82.1,50,ask,DiligentDonuts,FlawlessFlatbreads,1837908
2026-07-01T16:39:30.929047,2026-07-01T06:39:32.257953+00:00,82.4,41,bid,CostlyCorianders,EarnestEspressos,1837910
2026-07-01T16:39:30.984518,2026-07-01T06:39:32.312953+00:00,82.1,49,ask,DiligentDonuts,CostlyCorianders,1837912
2026-07-01T16:39:32.956216,2026-07-01T06:39:34.292156+00:00,81.9,2,ask,Kelvin Chan,FlawlessFlatbreads,1837963
2026-07-01T16:39:32.956216,2026-07-01T06:39:34.292156+00:00,81.9,10,ask,Zijun Feng,FlawlessFlatbreads,1837964
2026-07-01T16:39:32.956216,2026-07-01T06:39:34.292156+00:00,81.8,38,ask,EarnestEspressos,FlawlessFlatbreads,1837965
2026-07-01T16:39:34.577195,2026-07-01T06:39:35.909156+00:00,82.1,49,bid,CostlyCorianders,DiligentDonuts,1837993
2026-07-01T16:39:35.015136,2026-07-01T06:39:36.348730+00:00,82.1,50,bid,FlawlessFlatbreads,DiligentDonuts,1838005
2026-07-01T16:39:35.616035,2026-07-01T06:39:36.942740+00:00,81.8,10,ask,Zijun Feng,CostlyCorianders,1838011
2026-07-01T16:39:35.616035,2026-07-01T06:39:36.942740+00:00,81.7,37,ask,EarnestEspressos,CostlyCorianders,1838012
2026-07-01T16:39:37.123374,2026-07-01T06:39:38.449893+00:00,82.1,1,bid,FlawlessFlatbreads,DiligentDonuts,1838041
2026-07-01T16:39:37.123374,2026-07-01T06:39:38.460892+00:00,82.2,49,bid,FlawlessFlatbreads,EarnestEspressos,1838042
2026-07-01T16:39:41.339031,2026-07-01T06:39:42.672245+00:00,82.2,10,bid,FlawlessFlatbreads,Zijun Feng,1838115
2026-07-01T16:39:41.339031,2026-07-01T06:39:42.672245+00:00,82.3,5,bid,FlawlessFlatbreads,Kelvin Chan,1838116
2026-07-01T16:39:41.339031,2026-07-01T06:39:42.672245+00:00,82.3,35,bid,FlawlessFlatbreads,EarnestEspressos,1838117
2026-07-01T16:39:43.449431,2026-07-01T06:39:44.783879+00:00,82.1,50,bid,FlawlessFlatbreads,EarnestEspressos,1838161
2026-07-01T16:39:44.220583,2026-07-01T06:39:45.553395+00:00,81.7,49,ask,DiligentDonuts,CostlyCorianders,1838186
2026-07-01T16:39:45.557363,2026-07-01T06:39:46.883948+00:00,82.1,10,bid,FlawlessFlatbreads,Zijun Feng,1838213
2026-07-01T16:39:45.557363,2026-07-01T06:39:46.894948+00:00,82.2,5,bid,FlawlessFlatbreads,Kelvin Chan,1838214
2026-07-01T16:39:45.557363,2026-07-01T06:39:46.894948+00:00,82.2,35,bid,FlawlessFlatbreads,DiligentDonuts,1838215
2026-07-01T16:39:47.669030,2026-07-01T06:39:49.004849+00:00,82.0,50,bid,FlawlessFlatbreads,DiligentDonuts,1838251
2026-07-01T16:39:49.777035,2026-07-01T06:39:51.105859+00:00,82.0,50,bid,FlawlessFlatbreads,DiligentDonuts,1838282
2026-07-01T16:39:51.883738,2026-07-01T06:39:53.216029+00:00,82.2,5,bid,FlawlessFlatbreads,Kelvin Chan,1838337
2026-07-01T16:39:51.883738,2026-07-01T06:39:53.216029+00:00,82.5,45,bid,FlawlessFlatbreads,EarnestEspressos,1838338
2026-07-01T16:39:55.395152,2026-07-01T06:39:56.724598+00:00,82.4,10,bid,CostlyCorianders,Zijun Feng,1838400
2026-07-01T16:39:55.395152,2026-07-01T06:39:56.724598+00:00,82.5,35,bid,CostlyCorianders,DiligentDonuts,1838401
2026-07-01T16:39:56.096772,2026-07-01T06:39:57.428598+00:00,82.4,10,bid,FlawlessFlatbreads,Zijun Feng,1838423
2026-07-01T16:39:56.096772,2026-07-01T06:39:57.428598+00:00,82.5,40,bid,FlawlessFlatbreads,DiligentDonuts,1838424
2026-07-01T16:39:57.006236,2026-07-01T06:39:58.339961+00:00,82.1,40,ask,EarnestEspressos,CostlyCorianders,1838441
2026-07-01T16:39:57.494382,2026-07-01T06:39:58.823959+00:00,82.1,40,ask,DiligentDonuts,CostlyCorianders,1838459
2026-07-01T16:39:58.281907,2026-07-01T06:39:59.616063+00:00,82.1,50,ask,DiligentDonuts,FlawlessFlatbreads,1838468
2026-07-01T16:40:01.458913,2026-07-01T06:40:02.794106+00:00,82.4,43,bid,CostlyCorianders,DiligentDonuts,1838538
2026-07-01T16:40:01.597376,2026-07-01T06:40:02.926106+00:00,81.9,100,ask,DiligentDonuts,Eric Deng,1838540
2026-07-01T16:40:01.769730,2026-07-01T06:40:03.100498+00:00,82.3,1,bid,Jayden Shi,Kelvin Chan,1838547
2026-07-01T16:40:01.959377,2026-07-01T06:40:03.287184+00:00,82.1,10,ask,Zijun Feng,CostlyCorianders,1838553
2026-07-01T16:40:03.862036,2026-07-01T06:40:05.189701+00:00,82.2,1,bid,Jayden Shi,DiligentDonuts,1838591
2026-07-01T16:40:04.627396,2026-07-01T06:40:05.959219+00:00,82.0,3,ask,Kelvin Chan,FlawlessFlatbreads,1838623
2026-07-01T16:40:04.627396,2026-07-01T06:40:05.959219+00:00,81.9,47,ask,EarnestEspressos,FlawlessFlatbreads,1838624
2026-07-01T16:40:05.228773,2026-07-01T06:40:06.563275+00:00,82.2,1,bid,Jayden Shi,DiligentDonuts,1838641
2026-07-01T16:40:06.261570,2026-07-01T06:40:07.597275+00:00,82.2,1,bid,Jayden Shi,Zijun Feng,1838661
2026-07-01T16:40:06.699515,2026-07-01T06:40:08.036234+00:00,82.2,50,bid,FlawlessFlatbreads,DiligentDonuts,1838678
2026-07-01T16:40:08.856002,2026-07-01T06:40:10.192234+00:00,82.0,1,ask,Kelvin Chan,FlawlessFlatbreads,1838721
2026-07-01T16:40:08.856002,2026-07-01T06:40:10.192234+00:00,82.0,10,ask,Zijun Feng,FlawlessFlatbreads,1838722
2026-07-01T16:40:10.993466,2026-07-01T06:40:12.326247+00:00,81.9,6,ask,Kelvin Chan,FlawlessFlatbreads,1838771
2026-07-01T16:40:12.889568,2026-07-01T06:40:14.217801+00:00,82.2,9,bid,CostlyCorianders,Zijun Feng,1838800
2026-07-01T16:40:12.889568,2026-07-01T06:40:14.217801+00:00,82.3,39,bid,CostlyCorianders,EarnestEspressos,1838801
2026-07-01T16:40:13.099973,2026-07-01T06:40:14.426800+00:00,81.8,50,ask,DiligentDonuts,FlawlessFlatbreads,1838809
2026-07-01T16:40:14.030701,2026-07-01T06:40:15.361800+00:00,82.3,42,bid,CostlyCorianders,DiligentDonuts,1838834
2026-07-01T16:40:16.995062,2026-07-01T06:40:18.329653+00:00,82.1,42,ask,EarnestEspressos,CostlyCorianders,1838901
2026-07-01T16:40:17.258670,2026-07-01T06:40:18.593654+00:00,82.3,50,bid,FlawlessFlatbreads,DiligentDonuts,1838910
2026-07-01T16:40:18.476637,2026-07-01T06:40:19.803110+00:00,82.3,10,bid,CostlyCorianders,Zijun Feng,1838941
2026-07-01T16:40:19.363899,2026-07-01T06:40:20.693630+00:00,82.4,50,bid,FlawlessFlatbreads,DiligentDonuts,1838949
2026-07-01T16:40:20.840561,2026-07-01T06:40:22.167146+00:00,82.1,40,bid,CostlyCorianders,EarnestEspressos,1838974
2026-07-01T16:40:21.297002,2026-07-01T06:40:22.629145+00:00,81.9,1,ask,Kelvin Chan,CostlyCorianders,1838984
2026-07-01T16:40:21.297002,2026-07-01T06:40:22.629145+00:00,81.9,41,ask,DiligentDonuts,CostlyCorianders,1838985
2026-07-01T16:40:22.337303,2026-07-01T06:40:23.673738+00:00,82.1,47,bid,CostlyCorianders,EarnestEspressos,1839012
2026-07-01T16:40:22.392035,2026-07-01T06:40:23.728738+00:00,81.9,46,ask,DiligentDonuts,CostlyCorianders,1839016
2026-07-01T16:40:22.942238,2026-07-01T06:40:24.278750+00:00,81.9,49,ask,DiligentDonuts,CostlyCorianders,1839025
2026-07-01T16:40:23.574069,2026-07-01T06:40:24.906166+00:00,82.3,10,bid,FlawlessFlatbreads,Zijun Feng,1839031
2026-07-01T16:40:23.574069,2026-07-01T06:40:24.906166+00:00,82.4,40,bid,FlawlessFlatbreads,DiligentDonuts,1839032
2026-07-01T16:40:24.339619,2026-07-01T06:40:25.676166+00:00,82.4,40,bid,CostlyCorianders,DiligentDonuts,1839052
2026-07-01T16:40:25.686417,2026-07-01T06:40:27.016794+00:00,82.3,50,bid,FlawlessFlatbreads,DiligentDonuts,1839088
2026-07-01T16:40:25.767843,2026-07-01T06:40:27.093794+00:00,82.3,46,bid,CostlyCorianders,DiligentDonuts,1839089
2026-07-01T16:40:26.252727,2026-07-01T06:40:27.588795+00:00,82.1,42,ask,EarnestEspressos,CostlyCorianders,1839096
2026-07-01T16:40:26.845797,2026-07-01T06:40:28.181683+00:00,82.1,45,ask,EarnestEspressos,CostlyCorianders,1839109
2026-07-01T16:40:27.793712,2026-07-01T06:40:29.127208+00:00,82.3,4,bid,FlawlessFlatbreads,DiligentDonuts,1839117
2026-07-01T16:40:27.793712,2026-07-01T06:40:29.127208+00:00,82.3,10,bid,FlawlessFlatbreads,Zijun Feng,1839118
2026-07-01T16:40:27.793712,2026-07-01T06:40:29.127208+00:00,82.6,36,bid,FlawlessFlatbreads,EarnestEspressos,1839119
2026-07-01T16:40:28.453886,2026-07-01T06:40:29.787209+00:00,82.3,5,bid,CostlyCorianders,Kelvin Chan,1839133
2026-07-01T16:40:28.453886,2026-07-01T06:40:29.787209+00:00,82.6,41,bid,CostlyCorianders,EarnestEspressos,1839134
2026-07-01T16:40:29.926496,2026-07-01T06:40:31.261208+00:00,82.3,3,bid,FlawlessFlatbreads,Kelvin Chan,1839163
2026-07-01T16:40:29.926496,2026-07-01T06:40:31.261208+00:00,82.3,10,bid,FlawlessFlatbreads,Zijun Feng,1839164
2026-07-01T16:40:29.926496,2026-07-01T06:40:31.261208+00:00,82.4,37,bid,FlawlessFlatbreads,EarnestEspressos,1839165
2026-07-01T16:40:33.065392,2026-07-01T06:40:34.396276+00:00,82.2,45,ask,DiligentDonuts,CostlyCorianders,1839238
2026-07-01T16:40:34.115218,2026-07-01T06:40:35.451438+00:00,82.2,41,ask,DiligentDonuts,CostlyCorianders,1839259
2026-07-01T16:40:34.217802,2026-07-01T06:40:35.550439+00:00,82.2,14,ask,DiligentDonuts,FlawlessFlatbreads,1839261
2026-07-01T16:40:34.217802,2026-07-01T06:40:35.550439+00:00,82.0,36,ask,EarnestEspressos,FlawlessFlatbreads,1839262
2026-07-01T16:40:35.695515,2026-07-01T06:40:37.024451+00:00,82.3,4,bid,CostlyCorianders,Kelvin Chan,1839292
2026-07-01T16:40:35.695515,2026-07-01T06:40:37.024451+00:00,82.5,39,bid,CostlyCorianders,DiligentDonuts,1839293
2026-07-01T16:40:36.612760,2026-07-01T06:40:37.948461+00:00,82.1,10,ask,Zijun Feng,CostlyCorianders,1839310
2026-07-01T16:40:38.435089,2026-07-01T06:40:39.762530+00:00,82.2,10,ask,Zijun Feng,FlawlessFlatbreads,1839353
2026-07-01T16:40:38.435089,2026-07-01T06:40:39.773530+00:00,82.1,40,ask,DiligentDonuts,FlawlessFlatbreads,1839354
2026-07-01T16:40:40.544920,2026-07-01T06:40:41.873386+00:00,82.1,50,ask,DiligentDonuts,FlawlessFlatbreads,1839409
2026-07-01T16:40:42.479314,2026-07-01T06:40:43.809030+00:00,82.3,5,bid,CostlyCorianders,Kelvin Chan,1839456
2026-07-01T16:40:42.479314,2026-07-01T06:40:43.820030+00:00,82.3,37,bid,CostlyCorianders,DiligentDonuts,1839457
2026-07-01T16:40:42.654744,2026-07-01T06:40:43.984649+00:00,82.1,10,ask,Zijun Feng,FlawlessFlatbreads,1839461
2026-07-01T16:40:42.654744,2026-07-01T06:40:43.984649+00:00,82.0,40,ask,EarnestEspressos,FlawlessFlatbreads,1839462
2026-07-01T16:40:44.763087,2026-07-01T06:40:46.096660+00:00,82.1,10,ask,Zijun Feng,FlawlessFlatbreads,1839522
2026-07-01T16:40:44.763087,2026-07-01T06:40:46.096660+00:00,82.0,40,ask,DiligentDonuts,FlawlessFlatbreads,1839523
2026-07-01T16:40:45.668196,2026-07-01T06:40:46.997847+00:00,82.5,47,bid,CostlyCorianders,DiligentDonuts,1839543
2026-07-01T16:40:46.870007,2026-07-01T06:40:48.206502+00:00,82.0,50,ask,DiligentDonuts,FlawlessFlatbreads,1839571
2026-07-01T16:40:48.926573,2026-07-01T06:40:50.263032+00:00,82.2,50,bid,FlawlessFlatbreads,DiligentDonuts,1839597
2026-07-01T16:40:53.142397,2026-07-01T06:40:54.476970+00:00,82.2,50,bid,FlawlessFlatbreads,EarnestEspressos,1839660
2026-07-01T16:40:53.941043,2026-07-01T06:40:55.268970+00:00,82.0,1,ask,Kelvin Chan,CostlyCorianders,1839671
2026-07-01T16:40:53.941043,2026-07-01T06:40:55.268970+00:00,82.0,48,ask,DiligentDonuts,CostlyCorianders,1839672
2026-07-01T16:40:55.122564,2026-07-01T06:40:56.456547+00:00,82.3,2,bid,CostlyCorianders,Kelvin Chan,1839702
2026-07-01T16:40:55.122564,2026-07-01T06:40:56.456547+00:00,82.3,10,bid,CostlyCorianders,Zijun Feng,1839703
2026-07-01T16:40:55.122564,2026-07-01T06:40:56.456547+00:00,82.4,37,bid,CostlyCorianders,DiligentDonuts,1839704
2026-07-01T16:40:55.306220,2026-07-01T06:40:56.632547+00:00,82.1,50,ask,EarnestEspressos,FlawlessFlatbreads,1839714
2026-07-01T16:40:57.412531,2026-07-01T06:40:58.742875+00:00,82.0,4,ask,Kelvin Chan,FlawlessFlatbreads,1839751
2026-07-01T16:40:57.412531,2026-07-01T06:40:58.742875+00:00,81.9,46,ask,DiligentDonuts,FlawlessFlatbreads,1839752
2026-07-01T16:40:59.469874,2026-07-01T06:41:00.799394+00:00,82.2,10,bid,FlawlessFlatbreads,Zijun Feng,1839796
2026-07-01T16:40:59.469874,2026-07-01T06:41:00.799394+00:00,82.3,3,bid,FlawlessFlatbreads,Kelvin Chan,1839797
2026-07-01T16:40:59.469874,2026-07-01T06:41:00.799394+00:00,82.4,37,bid,FlawlessFlatbreads,DiligentDonuts,1839798
2026-07-01T16:41:01.579166,2026-07-01T06:41:02.911395+00:00,82.2,50,bid,FlawlessFlatbreads,DiligentDonuts,1839840
2026-07-01T16:41:02.890132,2026-07-01T06:41:04.219343+00:00,82.0,2,ask,Kelvin Chan,CostlyCorianders,1839867
2026-07-01T16:41:02.890132,2026-07-01T06:41:04.219343+00:00,82.0,10,ask,Zijun Feng,CostlyCorianders,1839868
2026-07-01T16:41:02.890132,2026-07-01T06:41:04.230343+00:00,82.0,30,ask,DiligentDonuts,CostlyCorianders,1839869
2026-07-01T16:41:03.490862,2026-07-01T06:41:04.824343+00:00,82.2,10,bid,CostlyCorianders,Zijun Feng,1839879
2026-07-01T16:41:03.737610,2026-07-01T06:41:05.066343+00:00,82.0,50,ask,DiligentDonuts,FlawlessFlatbreads,1839885
2026-07-01T16:41:05.347239,2026-07-01T06:41:06.682878+00:00,82.2,47,bid,CostlyCorianders,EarnestEspressos,1839904
2026-07-01T16:41:05.845765,2026-07-01T06:41:07.178879+00:00,82.0,20,ask,DiligentDonuts,FlawlessFlatbreads,1839913
2026-07-01T16:41:05.845765,2026-07-01T06:41:07.178879+00:00,82.0,5,ask,Kelvin Chan,FlawlessFlatbreads,1839914
2026-07-01T16:41:05.845765,2026-07-01T06:41:07.178879+00:00,82.0,10,ask,Zijun Feng,FlawlessFlatbreads,1839915
2026-07-01T16:41:05.845765,2026-07-01T06:41:07.178879+00:00,81.7,15,ask,EarnestEspressos,FlawlessFlatbreads,1839916
2026-07-01T16:41:07.390455,2026-07-01T06:41:08.716811+00:00,82.0,4,ask,Kelvin Chan,CostlyCorianders,1839948
2026-07-01T16:41:07.390455,2026-07-01T06:41:08.727811+00:00,82.0,10,ask,Zijun Feng,CostlyCorianders,1839949
2026-07-01T16:41:07.390455,2026-07-01T06:41:08.727811+00:00,81.8,29,ask,EarnestEspressos,CostlyCorianders,1839950
2026-07-01T16:41:07.986700,2026-07-01T06:41:09.321825+00:00,81.8,50,ask,EarnestEspressos,FlawlessFlatbreads,1839957
2026-07-01T16:41:08.030004,2026-07-01T06:41:09.365825+00:00,82.1,44,bid,CostlyCorianders,DiligentDonuts,1839958
2026-07-01T16:41:10.041370,2026-07-01T06:41:11.370204+00:00,82.1,50,bid,FlawlessFlatbreads,DiligentDonuts,1839987
2026-07-01T16:41:12.148135,2026-07-01T06:41:13.483761+00:00,81.8,50,bid,FlawlessFlatbreads,EarnestEspressos,1840026
2026-07-01T16:41:12.315515,2026-07-01T06:41:13.648760+00:00,81.8,100,bid,DiligentDonuts,EarnestEspressos,1840029
2026-07-01T16:41:14.253597,2026-07-01T06:41:15.588275+00:00,82.3,50,bid,FlawlessFlatbreads,DiligentDonuts,1840069
2026-07-01T16:41:16.359707,2026-07-01T06:41:17.688077+00:00,82.3,50,bid,FlawlessFlatbreads,DiligentDonuts,1840094
2026-07-01T16:41:18.347249,2026-07-01T06:41:19.678315+00:00,82.1,49,ask,EarnestEspressos,CostlyCorianders,1840129
2026-07-01T16:41:18.466567,2026-07-01T06:41:19.799315+00:00,82.3,50,bid,FlawlessFlatbreads,DiligentDonuts,1840134
2026-07-01T16:41:20.575151,2026-07-01T06:41:21.910711+00:00,82.4,10,bid,FlawlessFlatbreads,Zijun Feng,1840167
2026-07-01T16:41:20.575151,2026-07-01T06:41:21.910711+00:00,82.5,40,bid,FlawlessFlatbreads,EarnestEspressos,1840168
2026-07-01T16:41:20.917481,2026-07-01T06:41:22.251712+00:00,82.1,49,ask,DiligentDonuts,CostlyCorianders,1840179
2026-07-01T16:41:22.684636,2026-07-01T06:41:24.011087+00:00,82.5,50,bid,FlawlessFlatbreads,EarnestEspressos,1840211
2026-07-01T16:41:24.080859,2026-07-01T06:41:25.408087+00:00,82.5,47,bid,CostlyCorianders,DiligentDonuts,1840245
2026-07-01T16:41:24.135069,2026-07-01T06:41:25.463087+00:00,82.2,48,ask,EarnestEspressos,CostlyCorianders,1840249
2026-07-01T16:41:25.248103,2026-07-01T06:41:26.584178+00:00,82.5,10,bid,CostlyCorianders,Zijun Feng,1840271
2026-07-01T16:41:25.248103,2026-07-01T06:41:26.584178+00:00,82.5,33,bid,CostlyCorianders,DiligentDonuts,1840272
2026-07-01T16:41:28.474317,2026-07-01T06:41:29.806722+00:00,82.2,42,ask,DiligentDonuts,CostlyCorianders,1840347
2026-07-01T16:41:28.976111,2026-07-01T06:41:30.312723+00:00,82.6,48,bid,CostlyCorianders,EarnestEspressos,1840357
2026-07-01T16:41:29.066317,2026-07-01T06:41:30.400722+00:00,82.3,10,ask,Zijun Feng,FlawlessFlatbreads,1840358
2026-07-01T16:41:29.066317,2026-07-01T06:41:30.400722+00:00,82.2,40,ask,DiligentDonuts,FlawlessFlatbreads,1840359
2026-07-01T16:41:31.174117,2026-07-01T06:41:32.513623+00:00,82.4,50,ask,EarnestEspressos,FlawlessFlatbreads,1840407
2026-07-01T16:41:31.366769,2026-07-01T06:41:32.700624+00:00,82.4,100,ask,EarnestEspressos,DiligentDonuts,1840410
2026-07-01T16:41:31.624301,2026-07-01T06:41:32.953623+00:00,82.1,10,ask,Kelvin Chan,CostlyCorianders,1840419
2026-07-01T16:41:31.624301,2026-07-01T06:41:32.953623+00:00,81.8,37,ask,DiligentDonuts,CostlyCorianders,1840420
2026-07-01T16:41:32.775541,2026-07-01T06:41:34.108763+00:00,82.1,4,ask,Kelvin Chan,CostlyCorianders,1840445
