timestamp,recv_time,price,volume,aggressor_side,buyer,seller,trade_id
2026-06-30T22:00:01.151105,2026-06-30T22:00:01.161056+00:00,69.9,50,ask,EarnestEspressos,FlawlessFlatbreads,1200038
2026-06-30T22:00:02.231261,2026-06-30T22:00:02.230853+00:00,69.9,40,ask,EarnestEspressos,CostlyCorianders,1200050
2026-06-30T22:00:03.692780,2026-06-30T22:00:03.704348+00:00,70.0,41,bid,CostlyCorianders,DiligentDonuts,1200069
2026-06-30T22:00:05.367146,2026-06-30T22:00:05.374392+00:00,69.7,50,ask,DiligentDonuts,FlawlessFlatbreads,1200090
2026-06-30T22:00:05.880686,2026-06-30T22:00:05.886450+00:00,70.1,44,bid,CostlyCorianders,EarnestEspressos,1200096
2026-06-30T22:00:07.421670,2026-06-30T22:00:07.423772+00:00,70.2,50,bid,FlawlessFlatbreads,DiligentDonuts,1200124
2026-06-30T22:00:07.632461,2026-06-30T22:00:07.649543+00:00,69.9,41,ask,EarnestEspressos,CostlyCorianders,1200128
2026-06-30T22:00:09.022335,2026-06-30T22:00:09.025164+00:00,70.2,49,bid,CostlyCorianders,DiligentDonuts,1200154
2026-06-30T22:00:09.974828,2026-06-30T22:00:09.979292+00:00,69.9,40,ask,EarnestEspressos,CostlyCorianders,1200172
2026-06-30T22:00:11.540115,2026-06-30T22:00:11.544277+00:00,70.1,40,ask,DiligentDonuts,CostlyCorianders,1200195
2026-06-30T22:00:11.683414,2026-06-30T22:00:11.689615+00:00,70.1,50,ask,DiligentDonuts,FlawlessFlatbreads,1200205
2026-06-30T22:00:13.789608,2026-06-30T22:00:13.797042+00:00,69.7,50,ask,EarnestEspressos,FlawlessFlatbreads,1200238
2026-06-30T22:00:15.761315,2026-06-30T22:00:15.764780+00:00,69.9,11,bid,Xuanyu Liu,EarnestEspressos,1200279
2026-06-30T22:00:15.846609,2026-06-30T22:00:15.857237+00:00,69.9,50,bid,FlawlessFlatbreads,EarnestEspressos,1200280
2026-06-30T22:00:17.173747,2026-06-30T22:00:17.176002+00:00,69.9,41,bid,CostlyCorianders,EarnestEspressos,1200308
2026-06-30T22:00:17.953609,2026-06-30T22:00:17.958848+00:00,69.9,48,bid,FlawlessFlatbreads,EarnestEspressos,1200318
2026-06-30T22:00:17.953609,2026-06-30T22:00:17.958848+00:00,70.2,2,bid,FlawlessFlatbreads,DiligentDonuts,1200319
2026-06-30T22:00:19.329468,2026-06-30T22:00:19.331134+00:00,70.2,45,bid,CostlyCorianders,DiligentDonuts,1200339
2026-06-30T22:00:19.830179,2026-06-30T22:00:19.834758+00:00,69.9,48,ask,EarnestEspressos,CostlyCorianders,1200349
2026-06-30T22:00:20.062062,2026-06-30T22:00:20.070623+00:00,70.4,50,bid,FlawlessFlatbreads,EarnestEspressos,1200352
2026-06-30T22:00:20.313670,2026-06-30T22:00:20.317625+00:00,69.9,46,ask,EarnestEspressos,CostlyCorianders,1200356
2026-06-30T22:00:20.912666,2026-06-30T22:00:20.914637+00:00,70.4,44,bid,CostlyCorianders,EarnestEspressos,1200364
2026-06-30T22:00:22.181867,2026-06-30T22:00:22.189686+00:00,70.4,50,bid,FlawlessFlatbreads,DiligentDonuts,1200379
2026-06-30T22:00:22.434771,2026-06-30T22:00:22.446753+00:00,70.0,44,ask,EarnestEspressos,CostlyCorianders,1200380
2026-06-30T22:00:24.288061,2026-06-30T22:00:24.296248+00:00,70.5,50,bid,FlawlessFlatbreads,EarnestEspressos,1200406
2026-06-30T22:00:24.529856,2026-06-30T22:00:24.533580+00:00,70.0,23,ask,EarnestEspressos,Xuanyu Liu,1200411
2026-06-30T22:00:28.552315,2026-06-30T22:00:28.562260+00:00,69.8,50,ask,DiligentDonuts,FlawlessFlatbreads,1200462
2026-06-30T22:00:30.213181,2026-06-30T22:00:30.217603+00:00,70.2,46,bid,CostlyCorianders,DiligentDonuts,1200474
2026-06-30T22:00:30.659650,2026-06-30T22:00:30.670409+00:00,69.8,50,ask,EarnestEspressos,FlawlessFlatbreads,1200483
2026-06-30T22:00:30.741491,2026-06-30T22:00:30.753031+00:00,69.8,45,ask,EarnestEspressos,CostlyCorianders,1200485
2026-06-30T22:00:32.285607,2026-06-30T22:00:32.292258+00:00,70.1,48,bid,CostlyCorianders,EarnestEspressos,1200516
2026-06-30T22:00:32.765991,2026-06-30T22:00:32.777326+00:00,70.0,50,ask,DiligentDonuts,FlawlessFlatbreads,1200524
2026-06-30T22:00:34.756188,2026-06-30T22:00:34.767897+00:00,70.2,40,bid,CostlyCorianders,EarnestEspressos,1200545
2026-06-30T22:00:34.809960,2026-06-30T22:00:34.819700+00:00,70.0,46,ask,DiligentDonuts,CostlyCorianders,1200547
2026-06-30T22:00:34.872562,2026-06-30T22:00:34.881681+00:00,70.0,4,ask,DiligentDonuts,FlawlessFlatbreads,1200550
2026-06-30T22:00:34.872562,2026-06-30T22:00:34.881681+00:00,69.7,46,ask,EarnestEspressos,FlawlessFlatbreads,1200551
2026-06-30T22:00:37.971875,2026-06-30T22:00:37.976884+00:00,70.1,44,bid,CostlyCorianders,DiligentDonuts,1200585
2026-06-30T22:00:39.086369,2026-06-30T22:00:39.092795+00:00,69.7,50,ask,EarnestEspressos,FlawlessFlatbreads,1200608
2026-06-30T22:00:39.902745,2026-06-30T22:00:39.914715+00:00,69.7,40,ask,EarnestEspressos,CostlyCorianders,1200619
2026-06-30T22:00:40.444539,2026-06-30T22:00:40.451427+00:00,70.2,41,bid,CostlyCorianders,EarnestEspressos,1200629
2026-06-30T22:00:41.192766,2026-06-30T22:00:41.204747+00:00,69.7,50,ask,DiligentDonuts,FlawlessFlatbreads,1200636
2026-06-30T22:00:41.966195,2026-06-30T22:00:41.970067+00:00,70.0,23,bid,Xuanyu Liu,EarnestEspressos,1200648
2026-06-30T22:00:43.299141,2026-06-30T22:00:43.307387+00:00,69.7,50,ask,DiligentDonuts,FlawlessFlatbreads,1200664
2026-06-30T22:00:45.407055,2026-06-30T22:00:45.410774+00:00,69.8,50,ask,EarnestEspressos,FlawlessFlatbreads,1200687
2026-06-30T22:00:45.988486,2026-06-30T22:00:45.997657+00:00,70.1,41,bid,CostlyCorianders,DiligentDonuts,1200696
2026-06-30T22:00:47.462453,2026-06-30T22:00:47.464536+00:00,69.9,50,bid,FlawlessFlatbreads,EarnestEspressos,1200712
2026-06-30T22:00:48.792764,2026-06-30T22:00:48.799427+00:00,69.6,47,ask,DiligentDonuts,CostlyCorianders,1200728
2026-06-30T22:00:49.621498,2026-06-30T22:00:49.627404+00:00,69.6,50,ask,DiligentDonuts,FlawlessFlatbreads,1200745
2026-06-30T22:00:50.978728,2026-06-30T22:00:50.981780+00:00,69.6,3,ask,DiligentDonuts,CostlyCorianders,1200759
2026-06-30T22:00:50.978728,2026-06-30T22:00:50.992210+00:00,69.5,39,ask,EarnestEspressos,CostlyCorianders,1200760
2026-06-30T22:00:51.681565,2026-06-30T22:00:51.685342+00:00,69.8,3,bid,Xuanyu Liu,DiligentDonuts,1200776
2026-06-30T22:00:53.783882,2026-06-30T22:00:53.793596+00:00,69.8,50,bid,FlawlessFlatbreads,DiligentDonuts,1200812
2026-06-30T22:00:54.831452,2026-06-30T22:00:54.842906+00:00,70.1,47,bid,CostlyCorianders,EarnestEspressos,1200823
2026-06-30T22:00:55.880886,2026-06-30T22:00:55.885196+00:00,70.1,41,bid,CostlyCorianders,EarnestEspressos,1200835
2026-06-30T22:00:55.890009,2026-06-30T22:00:55.895610+00:00,70.1,50,bid,FlawlessFlatbreads,EarnestEspressos,1200836
2026-06-30T22:00:56.534008,2026-06-30T22:00:56.544824+00:00,69.7,10,ask,Zijun Feng,CostlyCorianders,1200845
2026-06-30T22:00:56.534008,2026-06-30T22:00:56.544824+00:00,69.6,38,ask,EarnestEspressos,CostlyCorianders,1200846
2026-06-30T22:00:58.048214,2026-06-30T22:00:58.054644+00:00,69.9,50,ask,EarnestEspressos,FlawlessFlatbreads,1200866
2026-06-30T22:00:58.246446,2026-06-30T22:00:58.251061+00:00,69.9,45,ask,EarnestEspressos,CostlyCorianders,1200870
2026-06-30T22:00:58.567668,2026-06-30T22:00:58.571414+00:00,69.9,3,ask,EarnestEspressos,Xuanyu Liu,1200880
2026-06-30T22:01:00.161999,2026-06-30T22:01:00.166875+00:00,69.7,10,ask,Zijun Feng,FlawlessFlatbreads,1200907
2026-06-30T22:01:00.161999,2026-06-30T22:01:00.166875+00:00,69.6,40,ask,DiligentDonuts,FlawlessFlatbreads,1200908
2026-06-30T22:01:00.820217,2026-06-30T22:01:00.824195+00:00,70.0,49,bid,CostlyCorianders,EarnestEspressos,1200915
2026-06-30T22:01:02.269441,2026-06-30T22:01:02.278163+00:00,69.6,10,ask,Zijun Feng,FlawlessFlatbreads,1200937
2026-06-30T22:01:02.269441,2026-06-30T22:01:02.278163+00:00,69.5,40,ask,EarnestEspressos,FlawlessFlatbreads,1200938
2026-06-30T22:01:03.798696,2026-06-30T22:01:03.802226+00:00,69.8,3,bid,Xuanyu Liu,EarnestEspressos,1200971
2026-06-30T22:01:04.402540,2026-06-30T22:01:04.413874+00:00,69.5,50,ask,DiligentDonuts,FlawlessFlatbreads,1200974
2026-06-30T22:01:05.481001,2026-06-30T22:01:05.485220+00:00,69.8,47,bid,CostlyCorianders,EarnestEspressos,1200991
2026-06-30T22:01:06.460473,2026-06-30T22:01:06.462783+00:00,70.0,50,bid,FlawlessFlatbreads,DiligentDonuts,1201012
2026-06-30T22:01:06.567442,2026-06-30T22:01:06.576204+00:00,69.8,49,ask,EarnestEspressos,CostlyCorianders,1201017
2026-06-30T22:01:07.780010,2026-06-30T22:01:07.790939+00:00,69.9,48,bid,CostlyCorianders,DiligentDonuts,1201029
2026-06-30T22:01:08.571067,2026-06-30T22:01:08.582408+00:00,69.9,50,bid,FlawlessFlatbreads,DiligentDonuts,1201033
2026-06-30T22:01:09.047691,2026-06-30T22:01:09.052365+00:00,69.8,3,ask,EarnestEspressos,Xuanyu Liu,1201048
2026-06-30T22:01:09.642637,2026-06-30T22:01:09.650959+00:00,69.4,44,ask,DiligentDonuts,CostlyCorianders,1201052
2026-06-30T22:01:10.685674,2026-06-30T22:01:10.693767+00:00,69.8,50,bid,FlawlessFlatbreads,EarnestEspressos,1201070
2026-06-30T22:01:10.767679,2026-06-30T22:01:10.776049+00:00,69.4,46,ask,DiligentDonuts,CostlyCorianders,1201071
2026-06-30T22:01:12.792975,2026-06-30T22:01:12.795114+00:00,69.9,50,bid,FlawlessFlatbreads,DiligentDonuts,1201096
2026-06-30T22:01:14.899555,2026-06-30T22:01:14.904562+00:00,69.9,50,bid,FlawlessFlatbreads,DiligentDonuts,1201120
2026-06-30T22:01:15.803792,2026-06-30T22:01:15.809044+00:00,69.9,47,bid,CostlyCorianders,DiligentDonuts,1201131
2026-06-30T22:01:16.310294,2026-06-30T22:01:16.314430+00:00,69.6,41,ask,EarnestEspressos,CostlyCorianders,1201140
2026-06-30T22:01:17.005137,2026-06-30T22:01:17.016630+00:00,70.1,50,bid,FlawlessFlatbreads,EarnestEspressos,1201143
2026-06-30T22:01:17.443104,2026-06-30T22:01:17.451387+00:00,69.8,40,ask,DiligentDonuts,CostlyCorianders,1201156
2026-06-30T22:01:19.123910,2026-06-30T22:01:19.128743+00:00,70.2,50,bid,FlawlessFlatbreads,EarnestEspressos,1201171
2026-06-30T22:01:19.522216,2026-06-30T22:01:19.534630+00:00,70.2,48,bid,CostlyCorianders,EarnestEspressos,1201176
2026-06-30T22:01:20.121494,2026-06-30T22:01:20.132253+00:00,69.7,42,ask,EarnestEspressos,CostlyCorianders,1201185
2026-06-30T22:01:21.230052,2026-06-30T22:01:21.238290+00:00,70.0,50,bid,FlawlessFlatbreads,DiligentDonuts,1201201
2026-06-30T22:01:22.136836,2026-06-30T22:01:22.144188+00:00,70.0,50,bid,EarnestEspressos,DiligentDonuts,1201212
2026-06-30T22:01:22.777396,2026-06-30T22:01:22.783724+00:00,70.5,47,bid,CostlyCorianders,EarnestEspressos,1201220
2026-06-30T22:01:23.078312,2026-06-30T22:01:23.081642+00:00,70.2,11,ask,DiligentDonuts,Xuanyu Liu,1201230
2026-06-30T22:01:23.390165,2026-06-30T22:01:23.399933+00:00,70.2,50,ask,DiligentDonuts,FlawlessFlatbreads,1201236
2026-06-30T22:01:24.797173,2026-06-30T22:01:24.801947+00:00,70.2,12,ask,DiligentDonuts,Xuanyu Liu,1201259
2026-06-30T22:01:25.130994,2026-06-30T22:01:25.141055+00:00,70.2,27,ask,DiligentDonuts,CostlyCorianders,1201261
2026-06-30T22:01:25.130994,2026-06-30T22:01:25.141055+00:00,70.0,21,ask,EarnestEspressos,CostlyCorianders,1201262
2026-06-30T22:01:25.496752,2026-06-30T22:01:25.501889+00:00,69.9,50,ask,EarnestEspressos,FlawlessFlatbreads,1201266
2026-06-30T22:01:28.062495,2026-06-30T22:01:28.066035+00:00,70.2,10,bid,CostlyCorianders,Zijun Feng,1201314
2026-06-30T22:01:28.062495,2026-06-30T22:01:28.066035+00:00,70.3,33,bid,CostlyCorianders,DiligentDonuts,1201315
2026-06-30T22:01:28.632345,2026-06-30T22:01:28.642253+00:00,70.1,44,bid,CostlyCorianders,EarnestEspressos,1201320
2026-06-30T22:01:29.619113,2026-06-30T22:01:29.624565+00:00,69.9,43,ask,DiligentDonuts,CostlyCorianders,1201338
2026-06-30T22:01:29.655755,2026-06-30T22:01:29.665643+00:00,70.1,50,bid,FlawlessFlatbreads,EarnestEspressos,1201339
2026-06-30T22:01:31.339044,2026-06-30T22:01:31.342891+00:00,70.1,12,bid,Xuanyu Liu,EarnestEspressos,1201355
2026-06-30T22:01:31.449991,2026-06-30T22:01:31.456188+00:00,69.9,49,ask,DiligentDonuts,CostlyCorianders,1201357
2026-06-30T22:01:31.764360,2026-06-30T22:01:31.775863+00:00,70.4,50,bid,FlawlessFlatbreads,DiligentDonuts,1201363
2026-06-30T22:01:31.923218,2026-06-30T22:01:31.929373+00:00,70.4,43,bid,CostlyCorianders,DiligentDonuts,1201364
2026-06-30T22:01:32.642839,2026-06-30T22:01:32.646570+00:00,70.2,12,ask,EarnestEspressos,Xuanyu Liu,1201370
2026-06-30T22:01:33.540656,2026-06-30T22:01:33.552090+00:00,70.5,43,bid,CostlyCorianders,DiligentDonuts,1201382
2026-06-30T22:01:33.873846,2026-06-30T22:01:33.880918+00:00,70.5,50,bid,FlawlessFlatbreads,DiligentDonuts,1201391
2026-06-30T22:01:35.604590,2026-06-30T22:01:35.614084+00:00,70.2,42,ask,EarnestEspressos,CostlyCorianders,1201413
2026-06-30T22:01:35.981728,2026-06-30T22:01:35.984764+00:00,70.5,10,bid,FlawlessFlatbreads,Zijun Feng,1201420
2026-06-30T22:01:35.981728,2026-06-30T22:01:35.995127+00:00,70.7,40,bid,FlawlessFlatbreads,EarnestEspressos,1201421
2026-06-30T22:01:38.088834,2026-06-30T22:01:38.094793+00:00,70.7,50,bid,FlawlessFlatbreads,DiligentDonuts,1201459
2026-06-30T22:01:38.925043,2026-06-30T22:01:38.928470+00:00,70.6,11,ask,DiligentDonuts,Xuanyu Liu,1201474
2026-06-30T22:01:39.193931,2026-06-30T22:01:39.197860+00:00,70.6,23,ask,DiligentDonuts,Xuanyu Liu,1201479
2026-06-30T22:01:40.195814,2026-06-30T22:01:40.205161+00:00,70.9,50,bid,FlawlessFlatbreads,EarnestEspressos,1201488
2026-06-30T22:01:42.301876,2026-06-30T22:01:42.303679+00:00,70.8,10,bid,FlawlessFlatbreads,Zijun Feng,1201527
2026-06-30T22:01:43.292663,2026-06-30T22:01:43.300749+00:00,70.4,42,ask,EarnestEspressos,CostlyCorianders,1201548
2026-06-30T22:01:43.892650,2026-06-30T22:01:43.897512+00:00,70.8,10,bid,CostlyCorianders,Zijun Feng,1201560
2026-06-30T22:01:43.892650,2026-06-30T22:01:43.897512+00:00,70.9,36,bid,CostlyCorianders,EarnestEspressos,1201561
2026-06-30T22:01:44.409108,2026-06-30T22:01:44.414033+00:00,70.7,50,bid,FlawlessFlatbreads,EarnestEspressos,1201574
2026-06-30T22:01:44.963890,2026-06-30T22:01:44.969271+00:00,70.4,43,ask,DiligentDonuts,CostlyCorianders,1201580
2026-06-30T22:01:46.516163,2026-06-30T22:01:46.520973+00:00,70.7,50,bid,FlawlessFlatbreads,EarnestEspressos,1201597
2026-06-30T22:01:47.465995,2026-06-30T22:01:47.470084+00:00,70.8,100,bid,EarnestEspressos,DiligentDonuts,1201622
2026-06-30T22:01:47.537715,2026-06-30T22:01:47.541368+00:00,70.8,11,ask,EarnestEspressos,Xuanyu Liu,1201626
2026-06-30T22:01:48.624779,2026-06-30T22:01:48.628919+00:00,71.0,50,bid,FlawlessFlatbreads,DiligentDonuts,1201635
2026-06-30T22:01:49.084545,2026-06-30T22:01:49.089496+00:00,70.8,39,ask,EarnestEspressos,CostlyCorianders,1201636
2026-06-30T22:01:49.084545,2026-06-30T22:01:49.089496+00:00,70.5,9,ask,DiligentDonuts,CostlyCorianders,1201637
2026-06-30T22:01:50.502625,2026-06-30T22:01:50.504810+00:00,70.9,10,bid,CostlyCorianders,Zijun Feng,1201653
2026-06-30T22:01:50.502625,2026-06-30T22:01:50.515115+00:00,71.0,31,bid,CostlyCorianders,DiligentDonuts,1201654
2026-06-30T22:01:50.784250,2026-06-30T22:01:50.792128+00:00,70.5,50,ask,DiligentDonuts,FlawlessFlatbreads,1201660
2026-06-30T22:01:51.986338,2026-06-30T22:01:51.995058+00:00,70.6,43,bid,CostlyCorianders,EarnestEspressos,1201679
2026-06-30T22:01:52.272746,2026-06-30T22:01:52.276096+00:00,70.6,11,bid,Xuanyu Liu,EarnestEspressos,1201687
2026-06-30T22:01:52.889900,2026-06-30T22:01:52.893213+00:00,70.5,50,ask,DiligentDonuts,FlawlessFlatbreads,1201690
2026-06-30T22:01:53.597589,2026-06-30T22:01:53.601211+00:00,70.6,11,bid,Xuanyu Liu,EarnestEspressos,1201697
2026-06-30T22:01:54.696592,2026-06-30T22:01:54.710445+00:00,70.6,42,ask,EarnestEspressos,CostlyCorianders,1201708
2026-06-30T22:01:54.996957,2026-06-30T22:01:55.007743+00:00,70.6,50,ask,EarnestEspressos,FlawlessFlatbreads,1201712
2026-06-30T22:01:55.706613,2026-06-30T22:01:55.715451+00:00,71.0,10,bid,CostlyCorianders,Zijun Feng,1201717
2026-06-30T22:01:55.706613,2026-06-30T22:01:55.715451+00:00,71.1,35,bid,CostlyCorianders,EarnestEspressos,1201718
2026-06-30T22:01:57.125330,2026-06-30T22:01:57.134256+00:00,70.6,50,ask,DiligentDonuts,FlawlessFlatbreads,1201741
2026-06-30T22:01:57.778913,2026-06-30T22:01:57.781122+00:00,70.6,48,ask,DiligentDonuts,CostlyCorianders,1201748
2026-06-30T22:01:59.230699,2026-06-30T22:01:59.232896+00:00,70.3,50,ask,DiligentDonuts,FlawlessFlatbreads,1201775
2026-06-30T22:02:01.368850,2026-06-30T22:02:01.381089+00:00,70.4,50,ask,EarnestEspressos,FlawlessFlatbreads,1201798
2026-06-30T22:02:01.448912,2026-06-30T22:02:01.453523+00:00,70.5,23,bid,Xuanyu Liu,DiligentDonuts,1201800
2026-06-30T22:02:01.746675,2026-06-30T22:02:01.751416+00:00,70.5,42,bid,CostlyCorianders,DiligentDonuts,1201807
2026-06-30T22:02:02.764855,2026-06-30T22:02:02.768414+00:00,70.4,11,ask,EarnestEspressos,Xuanyu Liu,1201822
2026-06-30T22:02:03.353800,2026-06-30T22:02:03.365237+00:00,70.4,10,ask,Zijun Feng,EarnestEspressos,1201833
2026-06-30T22:02:03.953594,2026-06-30T22:02:03.961261+00:00,70.4,43,bid,CostlyCorianders,EarnestEspressos,1201845
2026-06-30T22:02:05.581233,2026-06-30T22:02:05.586846+00:00,70.1,50,ask,DiligentDonuts,FlawlessFlatbreads,1201860
2026-06-30T22:02:05.959089,2026-06-30T22:02:05.966766+00:00,70.1,44,ask,DiligentDonuts,CostlyCorianders,1201868
2026-06-30T22:02:07.079493,2026-06-30T22:02:07.083961+00:00,70.6,40,bid,CostlyCorianders,DiligentDonuts,1201887
2026-06-30T22:02:07.637690,2026-06-30T22:02:07.647623+00:00,70.6,50,bid,FlawlessFlatbreads,DiligentDonuts,1201890
2026-06-30T22:02:09.796788,2026-06-30T22:02:09.807603+00:00,70.2,50,ask,EarnestEspressos,FlawlessFlatbreads,1201910
2026-06-30T22:02:11.905545,2026-06-30T22:02:11.910325+00:00,70.2,50,ask,EarnestEspressos,FlawlessFlatbreads,1201942
2026-06-30T22:02:12.881047,2026-06-30T22:02:12.884743+00:00,70.5,11,bid,Xuanyu Liu,EarnestEspressos,1201957
2026-06-30T22:02:13.161335,2026-06-30T22:02:13.171839+00:00,70.5,45,bid,CostlyCorianders,EarnestEspressos,1201963
2026-06-30T22:02:13.228677,2026-06-30T22:02:13.231925+00:00,70.5,12,bid,Xuanyu Liu,EarnestEspressos,1201966
2026-06-30T22:02:13.734606,2026-06-30T22:02:13.745182+00:00,70.5,82,bid,DiligentDonuts,EarnestEspressos,1201976
2026-06-30T22:02:14.019404,2026-06-30T22:02:14.022340+00:00,70.5,18,ask,DiligentDonuts,FlawlessFlatbreads,1201979
2026-06-30T22:02:14.019404,2026-06-30T22:02:14.032767+00:00,70.2,10,ask,Zijun Feng,FlawlessFlatbreads,1201980
2026-06-30T22:02:14.019404,2026-06-30T22:02:14.032767+00:00,70.0,22,ask,EarnestEspressos,FlawlessFlatbreads,1201981
2026-06-30T22:02:15.977130,2026-06-30T22:02:15.980435+00:00,70.6,12,ask,EarnestEspressos,Xuanyu Liu,1202010
2026-06-30T22:02:16.127792,2026-06-30T22:02:16.134556+00:00,70.6,50,ask,EarnestEspressos,FlawlessFlatbreads,1202011
2026-06-30T22:02:16.949505,2026-06-30T22:02:16.956704+00:00,70.6,88,ask,EarnestEspressos,DiligentDonuts,1202020
2026-06-30T22:02:18.242054,2026-06-30T22:02:18.245089+00:00,70.2,10,ask,Zijun Feng,FlawlessFlatbreads,1202039
2026-06-30T22:02:18.242054,2026-06-30T22:02:18.255426+00:00,70.1,40,ask,DiligentDonuts,FlawlessFlatbreads,1202040
2026-06-30T22:02:19.483440,2026-06-30T22:02:19.486959+00:00,70.3,12,bid,Xuanyu Liu,EarnestEspressos,1202061
2026-06-30T22:02:20.297489,2026-06-30T22:02:20.307630+00:00,70.3,50,bid,FlawlessFlatbreads,EarnestEspressos,1202079
2026-06-30T22:02:21.092708,2026-06-30T22:02:21.096361+00:00,70.3,14,bid,Xuanyu Liu,EarnestEspressos,1202090
2026-06-30T22:02:22.403588,2026-06-30T22:02:22.409477+00:00,70.7,50,bid,FlawlessFlatbreads,DiligentDonuts,1202113
2026-06-30T22:02:22.406064,2026-06-30T22:02:22.409477+00:00,70.4,3,ask,EarnestEspressos,Xuanyu Liu,1202114
2026-06-30T22:02:24.509320,2026-06-30T22:02:24.511212+00:00,70.9,50,bid,FlawlessFlatbreads,EarnestEspressos,1202142
2026-06-30T22:02:26.405682,2026-06-30T22:02:26.410474+00:00,70.6,43,ask,EarnestEspressos,CostlyCorianders,1202174
2026-06-30T22:02:26.617037,2026-06-30T22:02:26.625985+00:00,71.1,50,bid,FlawlessFlatbreads,EarnestEspressos,1202183
2026-06-30T22:02:26.925138,2026-06-30T22:02:26.934215+00:00,70.6,49,ask,EarnestEspressos,CostlyCorianders,1202193
2026-06-30T22:02:27.549427,2026-06-30T22:02:27.561269+00:00,70.6,45,ask,EarnestEspressos,CostlyCorianders,1202202
2026-06-30T22:02:27.638937,2026-06-30T22:02:27.644223+00:00,70.6,13,ask,EarnestEspressos,Xuanyu Liu,1202205
2026-06-30T22:02:27.638937,2026-06-30T22:02:27.644223+00:00,70.6,10,ask,DiligentDonuts,Xuanyu Liu,1202206
2026-06-30T22:02:28.650847,2026-06-30T22:02:28.662325+00:00,70.6,90,ask,DiligentDonuts,EarnestEspressos,1202213
2026-06-30T22:02:28.728951,2026-06-30T22:02:28.734046+00:00,70.5,50,bid,FlawlessFlatbreads,EarnestEspressos,1202214
2026-06-30T22:02:30.440020,2026-06-30T22:02:30.449156+00:00,70.5,10,bid,CostlyCorianders,EarnestEspressos,1202244
2026-06-30T22:02:30.440020,2026-06-30T22:02:30.449156+00:00,70.6,39,bid,CostlyCorianders,DiligentDonuts,1202245
2026-06-30T22:02:31.511657,2026-06-30T22:02:31.514818+00:00,70.6,45,bid,CostlyCorianders,DiligentDonuts,1202259
2026-06-30T22:02:31.760101,2026-06-30T22:02:31.771825+00:00,70.6,16,bid,EarnestEspressos,DiligentDonuts,1202266
2026-06-30T22:02:32.875036,2026-06-30T22:02:32.878804+00:00,70.7,11,ask,EarnestEspressos,Xuanyu Liu,1202282
2026-06-30T22:02:32.994763,2026-06-30T22:02:33.002117+00:00,70.7,50,ask,EarnestEspressos,FlawlessFlatbreads,1202285
2026-06-30T22:02:34.541451,2026-06-30T22:02:34.552451+00:00,70.7,41,ask,EarnestEspressos,CostlyCorianders,1202308
2026-06-30T22:02:35.081090,2026-06-30T22:02:35.087270+00:00,70.5,40,ask,DiligentDonuts,CostlyCorianders,1202315
2026-06-30T22:02:37.152387,2026-06-30T22:02:37.159439+00:00,70.7,50,bid,FlawlessFlatbreads,EarnestEspressos,1202347
2026-06-30T22:02:39.311656,2026-06-30T22:02:39.318790+00:00,70.4,50,ask,EarnestEspressos,FlawlessFlatbreads,1202369
2026-06-30T22:02:40.922622,2026-06-30T22:02:40.929326+00:00,70.7,10,bid,CostlyCorianders,Zijun Feng,1202402
2026-06-30T22:02:40.922622,2026-06-30T22:02:40.929326+00:00,70.8,33,bid,CostlyCorianders,DiligentDonuts,1202403
2026-06-30T22:02:41.419708,2026-06-30T22:02:41.421324+00:00,70.3,50,ask,DiligentDonuts,FlawlessFlatbreads,1202408
2026-06-30T22:02:43.526619,2026-06-30T22:02:43.536003+00:00,70.2,10,ask,Zijun Feng,FlawlessFlatbreads,1202442
2026-06-30T22:02:43.526619,2026-06-30T22:02:43.536003+00:00,70.1,40,ask,DiligentDonuts,FlawlessFlatbreads,1202443
2026-06-30T22:02:44.452708,2026-06-30T22:02:44.460854+00:00,70.6,48,bid,CostlyCorianders,DiligentDonuts,1202455
2026-06-30T22:02:45.634192,2026-06-30T22:02:45.638649+00:00,70.3,50,ask,DiligentDonuts,FlawlessFlatbreads,1202471
2026-06-30T22:02:47.740620,2026-06-30T22:02:47.744780+00:00,70.3,50,ask,DiligentDonuts,FlawlessFlatbreads,1202509
2026-06-30T22:02:48.611755,2026-06-30T22:02:48.615331+00:00,70.3,11,bid,Xuanyu Liu,DiligentDonuts,1202528
2026-06-30T22:02:50.424048,2026-06-30T22:02:50.427668+00:00,70.3,12,bid,Xuanyu Liu,DiligentDonuts,1202561
2026-06-30T22:02:51.194974,2026-06-30T22:02:51.198078+00:00,70.3,14,bid,Xuanyu Liu,DiligentDonuts,1202572
2026-06-30T22:02:51.893302,2026-06-30T22:02:51.896165+00:00,70.6,48,bid,CostlyCorianders,EarnestEspressos,1202577
2026-06-30T22:02:52.508682,2026-06-30T22:02:52.511906+00:00,70.3,3,ask,Zijun Feng,Xuanyu Liu,1202584
2026-06-30T22:02:52.511971,2026-06-30T22:02:52.522247+00:00,70.3,7,ask,Zijun Feng,CostlyCorianders,1202585
2026-06-30T22:02:52.511971,2026-06-30T22:02:52.522247+00:00,70.2,34,ask,DiligentDonuts,CostlyCorianders,1202586
2026-06-30T22:02:54.055363,2026-06-30T22:02:54.061995+00:00,70.3,50,ask,EarnestEspressos,FlawlessFlatbreads,1202613
2026-06-30T22:02:56.110205,2026-06-30T22:02:56.116218+00:00,70.5,50,bid,FlawlessFlatbreads,DiligentDonuts,1202643
2026-06-30T22:02:58.229090,2026-06-30T22:02:58.236250+00:00,70.6,50,bid,FlawlessFlatbreads,DiligentDonuts,1202680
2026-06-30T22:02:59.252069,2026-06-30T22:02:59.260023+00:00,70.3,46,ask,EarnestEspressos,CostlyCorianders,1202690
2026-06-30T22:02:59.781873,2026-06-30T22:02:59.792377+00:00,70.6,49,bid,CostlyCorianders,DiligentDonuts,1202700
2026-06-30T22:03:00.337301,2026-06-30T22:03:00.344566+00:00,70.6,1,bid,FlawlessFlatbreads,DiligentDonuts,1202709
2026-06-30T22:03:00.337301,2026-06-30T22:03:00.344566+00:00,70.6,49,bid,FlawlessFlatbreads,EarnestEspressos,1202710
2026-06-30T22:03:01.198301,2026-06-30T22:03:01.203383+00:00,70.6,100,bid,DiligentDonuts,EarnestEspressos,1202724
2026-06-30T22:03:02.444541,2026-06-30T22:03:02.450164+00:00,70.6,1,bid,FlawlessFlatbreads,EarnestEspressos,1202748
2026-06-30T22:03:02.444541,2026-06-30T22:03:02.450164+00:00,71.1,49,bid,FlawlessFlatbreads,DiligentDonuts,1202749
2026-06-30T22:03:03.248881,2026-06-30T22:03:03.258296+00:00,70.1,48,ask,EarnestEspressos,CostlyCorianders,1202759
2026-06-30T22:03:04.552282,2026-06-30T22:03:04.559267+00:00,70.9,50,bid,FlawlessFlatbreads,DiligentDonuts,1202789
2026-06-30T22:03:04.784028,2026-06-30T22:03:04.795035+00:00,70.6,44,ask,EarnestEspressos,CostlyCorianders,1202793
2026-06-30T22:03:05.959070,2026-06-30T22:03:05.961806+00:00,70.9,49,bid,CostlyCorianders,DiligentDonuts,1202804
2026-06-30T22:03:06.984113,2026-06-30T22:03:06.994107+00:00,70.5,45,ask,EarnestEspressos,CostlyCorianders,1202822
2026-06-30T22:03:07.461340,2026-06-30T22:03:07.464283+00:00,70.9,1,bid,CostlyCorianders,DiligentDonuts,1202829
2026-06-30T22:03:07.461340,2026-06-30T22:03:07.474566+00:00,71.0,44,bid,CostlyCorianders,EarnestEspressos,1202830
2026-06-30T22:03:07.531369,2026-06-30T22:03:07.534414+00:00,70.7,23,ask,DiligentDonuts,Xuanyu Liu,1202833
2026-06-30T22:03:08.762670,2026-06-30T22:03:08.772703+00:00,71.0,50,bid,FlawlessFlatbreads,EarnestEspressos,1202848
2026-06-30T22:03:10.868153,2026-06-30T22:03:10.872059+00:00,71.0,10,bid,FlawlessFlatbreads,Zijun Feng,1202870
2026-06-30T22:03:10.868153,2026-06-30T22:03:10.872059+00:00,71.1,40,bid,FlawlessFlatbreads,EarnestEspressos,1202871
2026-06-30T22:03:11.880062,2026-06-30T22:03:11.886379+00:00,70.6,49,ask,EarnestEspressos,CostlyCorianders,1202889
2026-06-30T22:03:12.521142,2026-06-30T22:03:12.531032+00:00,71.1,49,bid,CostlyCorianders,EarnestEspressos,1202899
2026-06-30T22:03:12.987229,2026-06-30T22:03:12.991247+00:00,70.9,50,bid,FlawlessFlatbreads,EarnestEspressos,1202905
2026-06-30T22:03:13.478797,2026-06-30T22:03:13.482214+00:00,70.6,11,ask,DiligentDonuts,Xuanyu Liu,1202916
2026-06-30T22:03:16.073069,2026-06-30T22:03:16.095875+00:00,70.8,10,bid,EarnestEspressos,Zijun Feng,1202958
2026-06-30T22:03:16.092310,2026-06-30T22:03:16.095875+00:00,70.8,12,ask,EarnestEspressos,Xuanyu Liu,1202961
2026-06-30T22:03:17.249830,2026-06-30T22:03:17.253295+00:00,70.8,50,ask,EarnestEspressos,FlawlessFlatbreads,1202978
2026-06-30T22:03:17.414519,2026-06-30T22:03:17.417915+00:00,70.8,11,ask,EarnestEspressos,Xuanyu Liu,1202981
2026-06-30T22:03:20.461713,2026-06-30T22:03:20.463337+00:00,70.5,43,ask,DiligentDonuts,CostlyCorianders,1203020
2026-06-30T22:03:21.410641,2026-06-30T22:03:21.415969+00:00,70.8,10,bid,FlawlessFlatbreads,Zijun Feng,1203036
2026-06-30T22:03:21.410641,2026-06-30T22:03:21.415969+00:00,70.9,40,bid,FlawlessFlatbreads,EarnestEspressos,1203037
2026-06-30T22:03:25.269627,2026-06-30T22:03:25.273486+00:00,70.5,11,bid,Xuanyu Liu,DiligentDonuts,1203102
2026-06-30T22:03:25.541377,2026-06-30T22:03:25.544467+00:00,70.5,12,bid,Xuanyu Liu,DiligentDonuts,1203112
2026-06-30T22:03:25.579967,2026-06-30T22:03:25.585538+00:00,70.5,77,bid,EarnestEspressos,DiligentDonuts,1203113
2026-06-30T22:03:25.689755,2026-06-30T22:03:25.698131+00:00,70.5,46,ask,EarnestEspressos,CostlyCorianders,1203114
2026-06-30T22:03:26.718998,2026-06-30T22:03:26.730224+00:00,70.9,10,bid,CostlyCorianders,Zijun Feng,1203124
2026-06-30T22:03:26.718998,2026-06-30T22:03:26.730224+00:00,71.0,35,bid,CostlyCorianders,EarnestEspressos,1203125
2026-06-30T22:03:27.235465,2026-06-30T22:03:27.241154+00:00,71.0,48,bid,CostlyCorianders,EarnestEspressos,1203132
2026-06-30T22:03:27.734905,2026-06-30T22:03:27.742282+00:00,71.0,50,bid,FlawlessFlatbreads,EarnestEspressos,1203141
2026-06-30T22:03:31.995280,2026-06-30T22:03:32.006073+00:00,70.7,50,ask,EarnestEspressos,FlawlessFlatbreads,1203205
2026-06-30T22:03:32.382379,2026-06-30T22:03:32.394878+00:00,70.7,47,ask,EarnestEspressos,CostlyCorianders,1203220
2026-06-30T22:03:33.116317,2026-06-30T22:03:33.119250+00:00,70.7,34,ask,EarnestEspressos,Xuanyu Liu,1203233
2026-06-30T22:03:34.100289,2026-06-30T22:03:34.110822+00:00,70.7,19,ask,EarnestEspressos,FlawlessFlatbreads,1203249
2026-06-30T22:03:34.100289,2026-06-30T22:03:34.110822+00:00,70.7,31,ask,DiligentDonuts,FlawlessFlatbreads,1203250
2026-06-30T22:03:34.346756,2026-06-30T22:03:34.348395+00:00,70.7,41,ask,DiligentDonuts,CostlyCorianders,1203255
2026-06-30T22:03:34.832805,2026-06-30T22:03:34.839209+00:00,71.1,10,bid,CostlyCorianders,Zijun Feng,1203261
2026-06-30T22:03:34.832805,2026-06-30T22:03:34.839209+00:00,71.2,32,bid,CostlyCorianders,EarnestEspressos,1203262
2026-06-30T22:03:35.114029,2026-06-30T22:03:35.135609+00:00,70.7,28,ask,DiligentDonuts,EarnestEspressos,1203268
2026-06-30T22:03:35.131840,2026-06-30T22:03:35.135609+00:00,70.7,22,bid,Xuanyu Liu,EarnestEspressos,1203270
2026-06-30T22:03:35.734145,2026-06-30T22:03:35.737581+00:00,70.7,12,bid,Xuanyu Liu,EarnestEspressos,1203282
2026-06-30T22:03:36.213526,2026-06-30T22:03:36.220003+00:00,70.2,50,ask,EarnestEspressos,FlawlessFlatbreads,1203291
2026-06-30T22:03:38.319717,2026-06-30T22:03:38.325509+00:00,70.2,50,ask,DiligentDonuts,FlawlessFlatbreads,1203334
2026-06-30T22:03:39.836263,2026-06-30T22:03:39.839883+00:00,70.4,40,bid,CostlyCorianders,EarnestEspressos,1203352
2026-06-30T22:03:40.426670,2026-06-30T22:03:40.434722+00:00,70.1,10,ask,Zijun Feng,FlawlessFlatbreads,1203366
2026-06-30T22:03:40.426670,2026-06-30T22:03:40.434722+00:00,70.0,40,ask,DiligentDonuts,FlawlessFlatbreads,1203367
2026-06-30T22:03:42.534757,2026-06-30T22:03:42.542744+00:00,70.2,50,ask,EarnestEspressos,FlawlessFlatbreads,1203401
2026-06-30T22:03:43.583324,2026-06-30T22:03:43.587512+00:00,70.2,45,ask,EarnestEspressos,CostlyCorianders,1203422
2026-06-30T22:03:44.620949,2026-06-30T22:03:44.623379+00:00,70.2,10,ask,Zijun Feng,EarnestEspressos,1203444
2026-06-30T22:03:44.640106,2026-06-30T22:03:44.643905+00:00,69.9,50,ask,DiligentDonuts,FlawlessFlatbreads,1203445
2026-06-30T22:03:44.922317,2026-06-30T22:03:44.925544+00:00,70.0,34,bid,Xuanyu Liu,EarnestEspressos,1203455
2026-06-30T22:03:46.136061,2026-06-30T22:03:46.139398+00:00,70.0,3,bid,Xuanyu Liu,EarnestEspressos,1203471
2026-06-30T22:03:46.713701,2026-06-30T22:03:46.725609+00:00,70.0,50,bid,FlawlessFlatbreads,EarnestEspressos,1203485
2026-06-30T22:03:47.412277,2026-06-30T22:03:47.422388+00:00,70.0,48,bid,CostlyCorianders,EarnestEspressos,1203492
2026-06-30T22:03:47.734148,2026-06-30T22:03:47.739784+00:00,70.1,100,bid,EarnestEspressos,DiligentDonuts,1203497
2026-06-30T22:03:47.796429,2026-06-30T22:03:47.799630+00:00,70.4,26,ask,EarnestEspressos,Xuanyu Liu,1203499
2026-06-30T22:03:47.919535,2026-06-30T22:03:47.923891+00:00,70.4,11,ask,EarnestEspressos,Xuanyu Liu,1203502
2026-06-30T22:03:48.720492,2026-06-30T22:03:48.722837+00:00,70.4,13,ask,EarnestEspressos,DiligentDonuts,1203522
2026-06-30T22:03:50.986927,2026-06-30T22:03:50.998791+00:00,69.9,50,ask,DiligentDonuts,FlawlessFlatbreads,1203566
2026-06-30T22:03:50.995222,2026-06-30T22:03:50.998791+00:00,70.1,11,bid,Xuanyu Liu,EarnestEspressos,1203567
2026-06-30T22:03:51.457325,2026-06-30T22:03:51.460323+00:00,70.1,12,bid,Xuanyu Liu,EarnestEspressos,1203574
2026-06-30T22:03:51.976521,2026-06-30T22:03:51.982281+00:00,70.1,48,bid,CostlyCorianders,EarnestEspressos,1203579
2026-06-30T22:03:53.093752,2026-06-30T22:03:53.101084+00:00,69.9,10,ask,Zijun Feng,FlawlessFlatbreads,1203593
2026-06-30T22:03:53.093752,2026-06-30T22:03:53.101084+00:00,69.8,40,ask,DiligentDonuts,FlawlessFlatbreads,1203594
2026-06-30T22:03:55.229240,2026-06-30T22:03:55.236366+00:00,70.0,10,ask,Zijun Feng,FlawlessFlatbreads,1203622
2026-06-30T22:03:55.229240,2026-06-30T22:03:55.236366+00:00,69.9,40,ask,EarnestEspressos,FlawlessFlatbreads,1203623
2026-06-30T22:03:55.398304,2026-06-30T22:03:55.401571+00:00,70.2,11,bid,Xuanyu Liu,DiligentDonuts,1203629
2026-06-30T22:03:56.516204,2026-06-30T22:03:56.519710+00:00,69.9,44,ask,EarnestEspressos,CostlyCorianders,1203638
2026-06-30T22:03:57.286929,2026-06-30T22:03:57.290116+00:00,70.2,50,bid,FlawlessFlatbreads,DiligentDonuts,1203650
2026-06-30T22:03:57.503157,2026-06-30T22:03:57.505901+00:00,70.2,39,bid,CostlyCorianders,DiligentDonuts,1203654
2026-06-30T22:03:57.503157,2026-06-30T22:03:57.505901+00:00,70.3,10,bid,CostlyCorianders,EarnestEspressos,1203655
2026-06-30T22:03:57.557873,2026-06-30T22:03:57.567546+00:00,69.9,10,ask,Zijun Feng,CostlyCorianders,1203656
2026-06-30T22:03:58.141353,2026-06-30T22:03:58.143023+00:00,69.8,46,ask,EarnestEspressos,CostlyCorianders,1203667
2026-06-30T22:03:58.784382,2026-06-30T22:03:58.790743+00:00,69.9,40,ask,DiligentDonuts,CostlyCorianders,1203676
2026-06-30T22:04:01.496664,2026-06-30T22:04:01.507696+00:00,70.0,50,bid,FlawlessFlatbreads,EarnestEspressos,1203714
2026-06-30T22:04:02.011459,2026-06-30T22:04:02.021629+00:00,70.0,42,bid,CostlyCorianders,EarnestEspressos,1203721
2026-06-30T22:04:03.668359,2026-06-30T22:04:03.678161+00:00,69.9,50,ask,DiligentDonuts,FlawlessFlatbreads,1203747
2026-06-30T22:04:04.061323,2026-06-30T22:04:04.070081+00:00,70.2,47,bid,CostlyCorianders,EarnestEspressos,1203750
2026-06-30T22:04:05.723245,2026-06-30T22:04:05.729560+00:00,70.1,50,bid,FlawlessFlatbreads,DiligentDonuts,1203776
2026-06-30T22:04:07.828557,2026-06-30T22:04:07.837150+00:00,70.3,50,bid,FlawlessFlatbreads,DiligentDonuts,1203804
2026-06-30T22:04:09.945238,2026-06-30T22:04:09.949105+00:00,70.3,50,bid,FlawlessFlatbreads,DiligentDonuts,1203837
2026-06-30T22:04:12.139708,2026-06-30T22:04:12.142856+00:00,70.2,11,ask,DiligentDonuts,Xuanyu Liu,1203872
2026-06-30T22:04:12.426734,2026-06-30T22:04:12.430669+00:00,70.2,12,ask,DiligentDonuts,Xuanyu Liu,1203878
2026-06-30T22:04:14.205596,2026-06-30T22:04:14.210620+00:00,70.0,50,ask,DiligentDonuts,FlawlessFlatbreads,1203909
2026-06-30T22:04:16.311552,2026-06-30T22:04:16.321590+00:00,70.0,50,ask,DiligentDonuts,FlawlessFlatbreads,1203938
2026-06-30T22:04:17.677568,2026-06-30T22:04:17.681207+00:00,70.1,12,bid,Xuanyu Liu,DiligentDonuts,1203962
2026-06-30T22:04:18.419243,2026-06-30T22:04:18.424513+00:00,69.9,50,ask,EarnestEspressos,FlawlessFlatbreads,1203972
2026-06-30T22:04:19.160234,2026-06-30T22:04:19.167884+00:00,69.9,45,ask,EarnestEspressos,CostlyCorianders,1203991
2026-06-30T22:04:20.525928,2026-06-30T22:04:20.528427+00:00,69.8,10,ask,Zijun Feng,FlawlessFlatbreads,1204009
2026-06-30T22:04:20.525928,2026-06-30T22:04:20.538834+00:00,69.8,40,ask,DiligentDonuts,FlawlessFlatbreads,1204010
2026-06-30T22:04:21.618554,2026-06-30T22:04:21.620809+00:00,69.8,40,ask,DiligentDonuts,CostlyCorianders,1204033
2026-06-30T22:04:22.582635,2026-06-30T22:04:22.591283+00:00,70.3,50,bid,FlawlessFlatbreads,DiligentDonuts,1204042
2026-06-30T22:04:23.590575,2026-06-30T22:04:23.596933+00:00,69.9,45,bid,CostlyCorianders,EarnestEspressos,1204061
2026-06-30T22:04:24.690171,2026-06-30T22:04:24.700539+00:00,69.9,50,bid,FlawlessFlatbreads,EarnestEspressos,1204088
2026-06-30T22:04:25.552809,2026-06-30T22:04:25.557112+00:00,69.9,11,bid,Xuanyu Liu,EarnestEspressos,1204109
2026-06-30T22:04:26.214468,2026-06-30T22:04:26.225757+00:00,70.0,49,ask,EarnestEspressos,CostlyCorianders,1204122
2026-06-30T22:04:26.797148,2026-06-30T22:04:26.799321+00:00,70.1,50,bid,FlawlessFlatbreads,DiligentDonuts,1204129
2026-06-30T22:04:28.906457,2026-06-30T22:04:28.914728+00:00,70.1,50,bid,FlawlessFlatbreads,DiligentDonuts,1204173
2026-06-30T22:04:29.261443,2026-06-30T22:04:29.264910+00:00,70.3,40,bid,CostlyCorianders,EarnestEspressos,1204175
2026-06-30T22:04:30.304160,2026-06-30T22:04:30.314288+00:00,69.9,43,ask,DiligentDonuts,CostlyCorianders,1204191
2026-06-30T22:04:31.068218,2026-06-30T22:04:31.076870+00:00,69.9,50,ask,DiligentDonuts,FlawlessFlatbreads,1204200
2026-06-30T22:04:33.175260,2026-06-30T22:04:33.182806+00:00,70.1,50,ask,EarnestEspressos,FlawlessFlatbreads,1204234
2026-06-30T22:04:33.405690,2026-06-30T22:04:33.409469+00:00,70.1,11,ask,EarnestEspressos,Xuanyu Liu,1204241
2026-06-30T22:04:33.457247,2026-06-30T22:04:33.461279+00:00,70.1,12,ask,EarnestEspressos,Xuanyu Liu,1204244
2026-06-30T22:04:34.008846,2026-06-30T22:04:34.016378+00:00,70.1,48,ask,EarnestEspressos,CostlyCorianders,1204253
2026-06-30T22:04:35.011322,2026-06-30T22:04:35.015380+00:00,70.3,43,bid,CostlyCorianders,DiligentDonuts,1204269
2026-06-30T22:04:35.282630,2026-06-30T22:04:35.303435+00:00,69.8,50,ask,DiligentDonuts,FlawlessFlatbreads,1204275
2026-06-30T22:04:35.300040,2026-06-30T22:04:35.303435+00:00,70.0,12,bid,Xuanyu Liu,EarnestEspressos,1204277
2026-06-30T22:04:36.056542,2026-06-30T22:04:36.064545+00:00,70.0,45,bid,CostlyCorianders,EarnestEspressos,1204287
2026-06-30T22:04:36.081133,2026-06-30T22:04:36.084521+00:00,70.0,11,bid,Xuanyu Liu,EarnestEspressos,1204290
2026-06-30T22:04:37.389707,2026-06-30T22:04:37.392522+00:00,69.7,50,ask,DiligentDonuts,FlawlessFlatbreads,1204306
2026-06-30T22:04:38.188290,2026-06-30T22:04:38.193974+00:00,70.0,44,bid,CostlyCorianders,EarnestEspressos,1204314
2026-06-30T22:04:39.494013,2026-06-30T22:04:39.499332+00:00,69.8,50,ask,EarnestEspressos,FlawlessFlatbreads,1204342
2026-06-30T22:04:39.668475,2026-06-30T22:04:39.673743+00:00,69.8,47,ask,EarnestEspressos,CostlyCorianders,1204343
2026-06-30T22:04:40.207728,2026-06-30T22:04:40.218285+00:00,70.1,44,bid,CostlyCorianders,DiligentDonuts,1204348
2026-06-30T22:04:41.600640,2026-06-30T22:04:41.602646+00:00,69.6,50,ask,DiligentDonuts,FlawlessFlatbreads,1204366
2026-06-30T22:04:43.361115,2026-06-30T22:04:43.370351+00:00,69.5,49,ask,EarnestEspressos,CostlyCorianders,1204393
2026-06-30T22:04:43.707789,2026-06-30T22:04:43.718303+00:00,69.5,50,ask,EarnestEspressos,FlawlessFlatbreads,1204394
2026-06-30T22:04:44.779794,2026-06-30T22:04:44.783458+00:00,69.6,3,bid,Xuanyu Liu,EarnestEspressos,1204408
2026-06-30T22:04:45.814387,2026-06-30T22:04:45.823198+00:00,69.5,10,ask,Zijun Feng,FlawlessFlatbreads,1204434
2026-06-30T22:04:45.814387,2026-06-30T22:04:45.823198+00:00,69.2,40,ask,DiligentDonuts,FlawlessFlatbreads,1204435
2026-06-30T22:04:46.519634,2026-06-30T22:04:46.525441+00:00,69.6,40,bid,CostlyCorianders,EarnestEspressos,1204450
2026-06-30T22:04:47.876291,2026-06-30T22:04:47.882373+00:00,69.7,50,bid,FlawlessFlatbreads,DiligentDonuts,1204463
2026-06-30T22:04:48.193573,2026-06-30T22:04:48.201462+00:00,69.7,40,bid,CostlyCorianders,DiligentDonuts,1204471
2026-06-30T22:04:48.248734,2026-06-30T22:04:48.253015+00:00,69.4,10,ask,Zijun Feng,CostlyCorianders,1204473
2026-06-30T22:04:50.035244,2026-06-30T22:04:50.042671+00:00,69.6,50,ask,DiligentDonuts,FlawlessFlatbreads,1204495
2026-06-30T22:04:50.920298,2026-06-30T22:04:50.924680+00:00,69.6,42,ask,DiligentDonuts,CostlyCorianders,1204508
2026-06-30T22:04:52.091810,2026-06-30T22:04:52.093453+00:00,69.8,50,bid,FlawlessFlatbreads,EarnestEspressos,1204524
2026-06-30T22:04:52.914296,2026-06-30T22:04:52.923842+00:00,69.5,10,ask,Zijun Feng,CostlyCorianders,1204538
2026-06-30T22:04:56.358701,2026-06-30T22:04:56.362267+00:00,69.6,50,ask,EarnestEspressos,FlawlessFlatbreads,1204601
2026-06-30T22:04:58.014087,2026-06-30T22:04:58.017686+00:00,69.8,49,bid,CostlyCorianders,EarnestEspressos,1204625
2026-06-30T22:04:58.466120,2026-06-30T22:04:58.471417+00:00,69.5,10,ask,Zijun Feng,FlawlessFlatbreads,1204634
2026-06-30T22:04:58.466120,2026-06-30T22:04:58.471417+00:00,69.4,40,ask,DiligentDonuts,FlawlessFlatbreads,1204635
2026-06-30T22:04:58.650067,2026-06-30T22:04:58.656049+00:00,69.8,41,bid,CostlyCorianders,EarnestEspressos,1204638
2026-06-30T22:05:00.593390,2026-06-30T22:05:00.600976+00:00,69.8,50,ask,EarnestEspressos,FlawlessFlatbreads,1204674
2026-06-30T22:05:02.699335,2026-06-30T22:05:02.705774+00:00,69.8,50,ask,EarnestEspressos,FlawlessFlatbreads,1204701
2026-06-30T22:05:04.263992,2026-06-30T22:05:04.267524+00:00,69.4,43,ask,DiligentDonuts,CostlyCorianders,1204721
2026-06-30T22:05:04.803216,2026-06-30T22:05:04.811073+00:00,69.7,45,bid,CostlyCorianders,DiligentDonuts,1204725
2026-06-30T22:05:04.856904,2026-06-30T22:05:04.862672+00:00,69.4,42,ask,EarnestEspressos,CostlyCorianders,1204726
2026-06-30T22:05:04.900334,2026-06-30T22:05:04.903606+00:00,69.7,3,bid,Xuanyu Liu,DiligentDonuts,1204730
2026-06-30T22:05:06.858574,2026-06-30T22:05:06.861864+00:00,69.7,50,bid,FlawlessFlatbreads,DiligentDonuts,1204750
2026-06-30T22:05:07.809711,2026-06-30T22:05:07.817580+00:00,69.7,46,bid,CostlyCorianders,EarnestEspressos,1204762
2026-06-30T22:05:08.942415,2026-06-30T22:05:08.945304+00:00,69.4,44,ask,DiligentDonuts,CostlyCorianders,1204774
2026-06-30T22:05:08.965857,2026-06-30T22:05:08.976067+00:00,69.7,50,bid,FlawlessFlatbreads,EarnestEspressos,1204776
2026-06-30T22:05:09.411151,2026-06-30T22:05:09.417134+00:00,69.7,45,bid,CostlyCorianders,EarnestEspressos,1204782
2026-06-30T22:05:10.480197,2026-06-30T22:05:10.484961+00:00,69.7,45,ask,EarnestEspressos,CostlyCorianders,1204795
2026-06-30T22:05:11.071880,2026-06-30T22:05:11.080482+00:00,69.9,50,bid,FlawlessFlatbreads,DiligentDonuts,1204807
2026-06-30T22:05:11.400054,2026-06-30T22:05:11.407995+00:00,69.7,45,ask,EarnestEspressos,CostlyCorianders,1204811
2026-06-30T22:05:13.178196,2026-06-30T22:05:13.182585+00:00,69.9,50,bid,FlawlessFlatbreads,DiligentDonuts,1204837
2026-06-30T22:05:15.335447,2026-06-30T22:05:15.338241+00:00,69.7,50,ask,DiligentDonuts,FlawlessFlatbreads,1204877
2026-06-30T22:05:16.713888,2026-06-30T22:05:16.723566+00:00,69.7,44,ask,DiligentDonuts,CostlyCorianders,1204898
2026-06-30T22:05:17.392955,2026-06-30T22:05:17.401111+00:00,70.0,50,bid,FlawlessFlatbreads,DiligentDonuts,1204905
2026-06-30T22:05:18.176013,2026-06-30T22:05:18.180637+00:00,70.0,44,bid,CostlyCorianders,DiligentDonuts,1204916
2026-06-30T22:05:19.500076,2026-06-30T22:05:19.504079+00:00,70.0,6,bid,FlawlessFlatbreads,DiligentDonuts,1204933
2026-06-30T22:05:20.688804,2026-06-30T22:05:20.692785+00:00,69.8,45,ask,DiligentDonuts,CostlyCorianders,1204950
2026-06-30T22:05:21.607747,2026-06-30T22:05:21.615940+00:00,70.0,50,bid,FlawlessFlatbreads,EarnestEspressos,1204957
2026-06-30T22:05:22.075477,2026-06-30T22:05:22.087267+00:00,70.0,42,bid,CostlyCorianders,EarnestEspressos,1204967
2026-06-30T22:05:22.697699,2026-06-30T22:05:22.701216+00:00,69.9,3,ask,EarnestEspressos,Xuanyu Liu,1204974
2026-06-30T22:05:23.698839,2026-06-30T22:05:23.705506+00:00,69.9,41,ask,EarnestEspressos,CostlyCorianders,1204992
2026-06-30T22:05:23.716195,2026-06-30T22:05:23.725988+00:00,70.2,50,bid,FlawlessFlatbreads,DiligentDonuts,1204993
2026-06-30T22:05:24.595810,2026-06-30T22:05:24.599342+00:00,69.9,3,ask,EarnestEspressos,Xuanyu Liu,1205010
2026-06-30T22:05:24.889371,2026-06-30T22:05:24.896757+00:00,69.9,49,ask,EarnestEspressos,CostlyCorianders,1205014
2026-06-30T22:05:25.821419,2026-06-30T22:05:25.830653+00:00,70.2,50,bid,FlawlessFlatbreads,DiligentDonuts,1205028
2026-06-30T22:05:25.903553,2026-06-30T22:05:25.912918+00:00,69.7,100,ask,DiligentDonuts,EarnestEspressos,1205029
2026-06-30T22:05:26.696883,2026-06-30T22:05:26.700479+00:00,69.7,3,bid,Xuanyu Liu,EarnestEspressos,1205046
2026-06-30T22:05:30.085009,2026-06-30T22:05:30.095311+00:00,69.6,50,ask,EarnestEspressos,FlawlessFlatbreads,1205087
2026-06-30T22:05:31.795314,2026-06-30T22:05:31.801557+00:00,69.9,44,bid,CostlyCorianders,DiligentDonuts,1205130
2026-06-30T22:05:34.297395,2026-06-30T22:05:34.302375+00:00,69.5,50,ask,EarnestEspressos,FlawlessFlatbreads,1205162
2026-06-30T22:05:36.426981,2026-06-30T22:05:36.435205+00:00,69.3,50,ask,DiligentDonuts,FlawlessFlatbreads,1205199
2026-06-30T22:05:38.830591,2026-06-30T22:05:38.837004+00:00,69.5,42,bid,CostlyCorianders,EarnestEspressos,1205234
2026-06-30T22:05:43.487314,2026-06-30T22:05:43.490143+00:00,69.6,45,bid,CostlyCorianders,EarnestEspressos,1205294
2026-06-30T22:05:44.826099,2026-06-30T22:05:44.834893+00:00,69.6,50,bid,FlawlessFlatbreads,DiligentDonuts,1205316
2026-06-30T22:05:45.134620,2026-06-30T22:05:45.143247+00:00,69.4,49,ask,EarnestEspressos,CostlyCorianders,1205321
2026-06-30T22:05:46.941813,2026-06-30T22:05:46.947248+00:00,69.9,50,bid,FlawlessFlatbreads,EarnestEspressos,1205347
2026-06-30T22:05:47.666703,2026-06-30T22:05:47.676040+00:00,69.9,45,bid,CostlyCorianders,EarnestEspressos,1205351
2026-06-30T22:05:49.098091,2026-06-30T22:05:49.106667+00:00,69.7,50,ask,EarnestEspressos,FlawlessFlatbreads,1205367
2026-06-30T22:05:52.405318,2026-06-30T22:05:52.416668+00:00,69.4,46,ask,EarnestEspressos,CostlyCorianders,1205418
2026-06-30T22:05:55.432469,2026-06-30T22:05:55.435706+00:00,69.5,50,ask,DiligentDonuts,FlawlessFlatbreads,1205451
2026-06-30T22:05:58.689259,2026-06-30T22:05:58.692326+00:00,69.7,3,bid,Xuanyu Liu,EarnestEspressos,1205493
2026-06-30T22:05:59.593522,2026-06-30T22:05:59.598483+00:00,69.7,50,bid,FlawlessFlatbreads,EarnestEspressos,1205511
2026-06-30T22:06:01.753090,2026-06-30T22:06:01.760084+00:00,69.8,50,ask,EarnestEspressos,FlawlessFlatbreads,1205549
2026-06-30T22:06:01.982334,2026-06-30T22:06:01.986648+00:00,70.2,47,bid,CostlyCorianders,DiligentDonuts,1205552
2026-06-30T22:06:03.864398,2026-06-30T22:06:03.868493+00:00,69.7,50,ask,DiligentDonuts,FlawlessFlatbreads,1205570
2026-06-30T22:06:04.178271,2026-06-30T22:06:04.188047+00:00,69.7,47,ask,DiligentDonuts,CostlyCorianders,1205576
2026-06-30T22:06:05.093953,2026-06-30T22:06:05.103118+00:00,70.0,44,bid,CostlyCorianders,DiligentDonuts,1205587
2026-06-30T22:06:05.972095,2026-06-30T22:06:05.976222+00:00,69.7,50,ask,EarnestEspressos,FlawlessFlatbreads,1205605
2026-06-30T22:06:07.645370,2026-06-30T22:06:07.647787+00:00,70.0,43,bid,CostlyCorianders,DiligentDonuts,1205624
2026-06-30T22:06:08.079805,2026-06-30T22:06:08.088561+00:00,69.8,50,ask,DiligentDonuts,FlawlessFlatbreads,1205635
2026-06-30T22:06:08.689285,2026-06-30T22:06:08.692206+00:00,69.8,47,ask,DiligentDonuts,CostlyCorianders,1205639
2026-06-30T22:06:09.120032,2026-06-30T22:06:09.123581+00:00,69.8,3,ask,DiligentDonuts,Xuanyu Liu,1205647
2026-06-30T22:06:10.187461,2026-06-30T22:06:10.190985+00:00,69.6,10,ask,Zijun Feng,FlawlessFlatbreads,1205655
2026-06-30T22:06:10.187461,2026-06-30T22:06:10.190985+00:00,69.5,40,ask,EarnestEspressos,FlawlessFlatbreads,1205656
2026-06-30T22:06:12.295453,2026-06-30T22:06:12.302360+00:00,69.7,10,ask,Zijun Feng,FlawlessFlatbreads,1205700
2026-06-30T22:06:12.295453,2026-06-30T22:06:12.302360+00:00,69.6,40,ask,DiligentDonuts,FlawlessFlatbreads,1205701
2026-06-30T22:06:13.331682,2026-06-30T22:06:13.340474+00:00,69.6,47,ask,DiligentDonuts,CostlyCorianders,1205716
2026-06-30T22:06:13.429375,2026-06-30T22:06:13.433040+00:00,69.8,3,bid,Xuanyu Liu,EarnestEspressos,1205719
2026-06-30T22:06:14.402301,2026-06-30T22:06:14.404995+00:00,69.6,10,ask,Zijun Feng,FlawlessFlatbreads,1205732
2026-06-30T22:06:14.402301,2026-06-30T22:06:14.415194+00:00,69.3,40,ask,EarnestEspressos,FlawlessFlatbreads,1205733
2026-06-30T22:06:14.518014,2026-06-30T22:06:14.528503+00:00,69.7,49,bid,CostlyCorianders,DiligentDonuts,1205737
2026-06-30T22:06:15.060932,2026-06-30T22:06:15.071867+00:00,69.4,10,ask,Zijun Feng,CostlyCorianders,1205752
2026-06-30T22:06:15.132276,2026-06-30T22:06:15.136377+00:00,69.7,11,bid,Xuanyu Liu,DiligentDonuts,1205757
2026-06-30T22:06:15.760824,2026-06-30T22:06:15.764743+00:00,69.7,23,bid,Xuanyu Liu,DiligentDonuts,1205766
2026-06-30T22:06:16.512150,2026-06-30T22:06:16.515472+00:00,69.4,10,ask,Zijun Feng,FlawlessFlatbreads,1205778
2026-06-30T22:06:16.512150,2026-06-30T22:06:16.515472+00:00,69.2,40,ask,DiligentDonuts,FlawlessFlatbreads,1205779
2026-06-30T22:06:18.620522,2026-06-30T22:06:18.623327+00:00,69.4,50,ask,EarnestEspressos,FlawlessFlatbreads,1205807
2026-06-30T22:06:20.585423,2026-06-30T22:06:20.590954+00:00,69.5,42,bid,CostlyCorianders,EarnestEspressos,1205830
2026-06-30T22:06:20.678090,2026-06-30T22:06:20.682815+00:00,69.5,50,bid,FlawlessFlatbreads,EarnestEspressos,1205832
2026-06-30T22:06:22.416129,2026-06-30T22:06:22.419964+00:00,69.5,12,bid,Xuanyu Liu,EarnestEspressos,1205858
2026-06-30T22:06:22.785318,2026-06-30T22:06:22.788733+00:00,69.5,46,bid,FlawlessFlatbreads,EarnestEspressos,1205865
2026-06-30T22:06:22.785318,2026-06-30T22:06:22.788733+00:00,69.9,4,bid,FlawlessFlatbreads,DiligentDonuts,1205866
2026-06-30T22:06:22.879321,2026-06-30T22:06:22.883048+00:00,69.7,12,ask,EarnestEspressos,Xuanyu Liu,1205868
2026-06-30T22:06:24.622787,2026-06-30T22:06:24.633227+00:00,69.7,47,ask,EarnestEspressos,CostlyCorianders,1205885
2026-06-30T22:06:24.893986,2026-06-30T22:06:24.899435+00:00,70.1,50,bid,FlawlessFlatbreads,DiligentDonuts,1205892
2026-06-30T22:06:27.002180,2026-06-30T22:06:27.009031+00:00,70.0,50,bid,FlawlessFlatbreads,EarnestEspressos,1205917
2026-06-30T22:06:27.182628,2026-06-30T22:06:27.193303+00:00,70.0,43,bid,CostlyCorianders,EarnestEspressos,1205919
2026-06-30T22:06:29.108806,2026-06-30T22:06:29.117608+00:00,70.0,50,bid,FlawlessFlatbreads,EarnestEspressos,1205940
2026-06-30T22:06:29.188101,2026-06-30T22:06:29.199604+00:00,70.2,100,bid,EarnestEspressos,DiligentDonuts,1205943
2026-06-30T22:06:29.257345,2026-06-30T22:06:29.261612+00:00,70.2,34,ask,EarnestEspressos,Xuanyu Liu,1205946
2026-06-30T22:06:31.225943,2026-06-30T22:06:31.240065+00:00,70.5,10,bid,FlawlessFlatbreads,Zijun Feng,1205975
2026-06-30T22:06:31.225943,2026-06-30T22:06:31.240065+00:00,70.6,40,bid,FlawlessFlatbreads,DiligentDonuts,1205976
2026-06-30T22:06:32.126963,2026-06-30T22:06:32.130587+00:00,70.2,3,ask,EarnestEspressos,Xuanyu Liu,1205989
2026-06-30T22:06:32.405884,2026-06-30T22:06:32.416879+00:00,70.1,100,ask,DiligentDonuts,EarnestEspressos,1205991
2026-06-30T22:06:32.804914,2026-06-30T22:06:32.808335+00:00,70.0,14,bid,Xuanyu Liu,EarnestEspressos,1205999
2026-06-30T22:06:33.277852,2026-06-30T22:06:33.290677+00:00,70.0,36,bid,DiligentDonuts,EarnestEspressos,1206002
2026-06-30T22:06:33.335591,2026-06-30T22:06:33.342458+00:00,70.5,50,bid,FlawlessFlatbreads,DiligentDonuts,1206005
2026-06-30T22:06:34.119842,2026-06-30T22:06:34.123299+00:00,70.0,14,ask,DiligentDonuts,Xuanyu Liu,1206019
2026-06-30T22:06:35.444185,2026-06-30T22:06:35.454057+00:00,70.5,50,bid,FlawlessFlatbreads,DiligentDonuts,1206031
2026-06-30T22:06:37.156394,2026-06-30T22:06:37.167380+00:00,70.2,42,ask,EarnestEspressos,CostlyCorianders,1206053
2026-06-30T22:06:37.550139,2026-06-30T22:06:37.557656+00:00,70.5,50,bid,FlawlessFlatbreads,DiligentDonuts,1206056
2026-06-30T22:06:38.754389,2026-06-30T22:06:38.758141+00:00,70.5,44,bid,CostlyCorianders,DiligentDonuts,1206072
2026-06-30T22:06:39.657777,2026-06-30T22:06:39.661540+00:00,70.4,10,bid,FlawlessFlatbreads,Zijun Feng,1206084
2026-06-30T22:06:39.657777,2026-06-30T22:06:39.671842+00:00,70.5,40,bid,FlawlessFlatbreads,EarnestEspressos,1206085
2026-06-30T22:06:42.176841,2026-06-30T22:06:42.187541+00:00,70.3,44,ask,EarnestEspressos,CostlyCorianders,1206133
2026-06-30T22:06:43.781600,2026-06-30T22:06:43.783425+00:00,70.3,45,ask,EarnestEspressos,CostlyCorianders,1206152
2026-06-30T22:06:43.890802,2026-06-30T22:06:43.895875+00:00,70.6,10,bid,FlawlessFlatbreads,Zijun Feng,1206154
2026-06-30T22:06:43.890802,2026-06-30T22:06:43.895875+00:00,70.7,40,bid,FlawlessFlatbreads,DiligentDonuts,1206155
2026-06-30T22:06:45.937601,2026-06-30T22:06:45.945355+00:00,70.3,100,bid,DiligentDonuts,EarnestEspressos,1206197
2026-06-30T22:06:45.998462,2026-06-30T22:06:46.006922+00:00,70.3,50,bid,FlawlessFlatbreads,EarnestEspressos,1206198
2026-06-30T22:06:46.374360,2026-06-30T22:06:46.385869+00:00,70.8,42,bid,CostlyCorianders,DiligentDonuts,1206203
2026-06-30T22:06:48.166835,2026-06-30T22:06:48.179196+00:00,70.5,50,ask,EarnestEspressos,FlawlessFlatbreads,1206229
2026-06-30T22:06:48.176080,2026-06-30T22:06:48.179196+00:00,70.5,3,ask,EarnestEspressos,Xuanyu Liu,1206231
2026-06-30T22:06:48.423974,2026-06-30T22:06:48.435431+00:00,70.5,43,ask,EarnestEspressos,CostlyCorianders,1206235
2026-06-30T22:06:50.221203,2026-06-30T22:06:50.225549+00:00,70.7,50,bid,FlawlessFlatbreads,DiligentDonuts,1206250
2026-06-30T22:06:50.550427,2026-06-30T22:06:50.553430+00:00,70.7,47,bid,CostlyCorianders,DiligentDonuts,1206257
2026-06-30T22:06:52.272707,2026-06-30T22:06:52.280302+00:00,70.6,10,bid,DiligentDonuts,Zijun Feng,1206278
2026-06-30T22:06:52.328848,2026-06-30T22:06:52.331982+00:00,70.7,50,bid,FlawlessFlatbreads,EarnestEspressos,1206279
2026-06-30T22:06:53.254491,2026-06-30T22:06:53.256536+00:00,70.6,45,ask,DiligentDonuts,CostlyCorianders,1206287
2026-06-30T22:06:53.953343,2026-06-30T22:06:53.956680+00:00,70.6,11,ask,DiligentDonuts,Xuanyu Liu,1206302
2026-06-30T22:06:54.489646,2026-06-30T22:06:54.499683+00:00,70.6,34,ask,DiligentDonuts,FlawlessFlatbreads,1206306
2026-06-30T22:06:56.545655,2026-06-30T22:06:56.550841+00:00,70.7,10,bid,FlawlessFlatbreads,Zijun Feng,1206334
2026-06-30T22:06:56.545655,2026-06-30T22:06:56.550841+00:00,70.8,40,bid,FlawlessFlatbreads,EarnestEspressos,1206335
2026-06-30T22:06:58.654965,2026-06-30T22:06:58.666649+00:00,70.8,50,bid,FlawlessFlatbreads,DiligentDonuts,1206358
2026-06-30T22:06:59.459320,2026-06-30T22:06:59.468935+00:00,70.8,45,bid,CostlyCorianders,DiligentDonuts,1206376
2026-06-30T22:07:00.761842,2026-06-30T22:07:00.765922+00:00,70.8,5,bid,FlawlessFlatbreads,DiligentDonuts,1206391
2026-06-30T22:07:00.761842,2026-06-30T22:07:00.765922+00:00,70.8,10,bid,FlawlessFlatbreads,Zijun Feng,1206392
2026-06-30T22:07:00.761842,2026-06-30T22:07:00.776278+00:00,71.1,35,bid,FlawlessFlatbreads,EarnestEspressos,1206393
2026-06-30T22:07:01.384752,2026-06-30T22:07:01.393263+00:00,70.7,48,ask,EarnestEspressos,CostlyCorianders,1206410
2026-06-30T22:07:01.984193,2026-06-30T22:07:01.988840+00:00,70.7,48,ask,EarnestEspressos,CostlyCorianders,1206415
2026-06-30T22:07:02.595397,2026-06-30T22:07:02.606561+00:00,71.1,10,bid,CostlyCorianders,Zijun Feng,1206421
2026-06-30T22:07:02.595397,2026-06-30T22:07:02.606561+00:00,71.2,34,bid,CostlyCorianders,EarnestEspressos,1206422
2026-06-30T22:07:02.870683,2026-06-30T22:07:02.872580+00:00,71.2,50,bid,FlawlessFlatbreads,EarnestEspressos,1206423
2026-06-30T22:07:04.978084,2026-06-30T22:07:04.988408+00:00,71.0,10,bid,FlawlessFlatbreads,Zijun Feng,1206451
2026-06-30T22:07:04.978084,2026-06-30T22:07:04.988408+00:00,71.1,40,bid,FlawlessFlatbreads,EarnestEspressos,1206452
2026-06-30T22:07:05.157271,2026-06-30T22:07:05.162734+00:00,71.1,46,bid,CostlyCorianders,EarnestEspressos,1206455
2026-06-30T22:07:05.631119,2026-06-30T22:07:05.634736+00:00,70.8,23,ask,DiligentDonuts,Xuanyu Liu,1206463
2026-06-30T22:07:07.084648,2026-06-30T22:07:07.091978+00:00,71.0,10,bid,FlawlessFlatbreads,Zijun Feng,1206483
2026-06-30T22:07:07.084648,2026-06-30T22:07:07.091978+00:00,71.1,40,bid,FlawlessFlatbreads,EarnestEspressos,1206484
2026-06-30T22:07:07.155511,2026-06-30T22:07:07.163752+00:00,71.3,100,bid,EarnestEspressos,DiligentDonuts,1206486
2026-06-30T22:07:07.241874,2026-06-30T22:07:07.245814+00:00,71.3,23,ask,EarnestEspressos,Xuanyu Liu,1206488
2026-06-30T22:07:08.257168,2026-06-30T22:07:08.260560+00:00,71.3,23,ask,EarnestEspressos,Xuanyu Liu,1206511
2026-06-30T22:07:09.246660,2026-06-30T22:07:09.255904+00:00,71.3,4,ask,EarnestEspressos,FlawlessFlatbreads,1206526
2026-06-30T22:07:09.246660,2026-06-30T22:07:09.255904+00:00,71.0,46,ask,DiligentDonuts,FlawlessFlatbreads,1206527
2026-06-30T22:07:09.479893,2026-06-30T22:07:09.491476+00:00,71.0,46,ask,DiligentDonuts,CostlyCorianders,1206531
2026-06-30T22:07:10.402566,2026-06-30T22:07:10.406899+00:00,71.2,23,bid,Xuanyu Liu,EarnestEspressos,1206545
2026-06-30T22:07:10.868481,2026-06-30T22:07:10.871769+00:00,71.2,11,bid,Xuanyu Liu,EarnestEspressos,1206556
2026-06-30T22:07:10.899678,2026-06-30T22:07:10.903207+00:00,71.2,23,bid,Xuanyu Liu,EarnestEspressos,1206563
2026-06-30T22:07:11.356361,2026-06-30T22:07:11.364157+00:00,71.1,50,ask,DiligentDonuts,FlawlessFlatbreads,1206570
2026-06-30T22:07:11.599668,2026-06-30T22:07:11.609998+00:00,71.1,45,ask,DiligentDonuts,CostlyCorianders,1206573
2026-06-30T22:07:13.462180,2026-06-30T22:07:13.464192+00:00,71.1,5,ask,DiligentDonuts,FlawlessFlatbreads,1206609
2026-06-30T22:07:15.568099,2026-06-30T22:07:15.576543+00:00,71.3,50,ask,EarnestEspressos,FlawlessFlatbreads,1206639
2026-06-30T22:07:15.571589,2026-06-30T22:07:15.576543+00:00,71.4,45,bid,CostlyCorianders,DiligentDonuts,1206640
2026-06-30T22:07:16.156611,2026-06-30T22:07:16.161491+00:00,71.4,44,bid,CostlyCorianders,DiligentDonuts,1206651
2026-06-30T22:07:16.840487,2026-06-30T22:07:16.847781+00:00,71.1,46,ask,EarnestEspressos,CostlyCorianders,1206661
2026-06-30T22:07:17.678382,2026-06-30T22:07:17.688019+00:00,71.1,50,ask,EarnestEspressos,FlawlessFlatbreads,1206681
2026-06-30T22:07:18.266884,2026-06-30T22:07:18.271499+00:00,71.5,10,bid,CostlyCorianders,Zijun Feng,1206690
2026-06-30T22:07:18.266884,2026-06-30T22:07:18.271499+00:00,71.6,36,bid,CostlyCorianders,EarnestEspressos,1206691
2026-06-30T22:07:18.322469,2026-06-30T22:07:18.333022+00:00,71.1,46,ask,EarnestEspressos,CostlyCorianders,1206693
2026-06-30T22:07:19.410566,2026-06-30T22:07:19.419303+00:00,71.6,43,bid,CostlyCorianders,EarnestEspressos,1206705
2026-06-30T22:07:19.783921,2026-06-30T22:07:19.789277+00:00,71.1,50,ask,DiligentDonuts,FlawlessFlatbreads,1206712
2026-06-30T22:07:21.067588,2026-06-30T22:07:21.069866+00:00,70.9,42,ask,EarnestEspressos,CostlyCorianders,1206729
2026-06-30T22:07:21.838910,2026-06-30T22:07:21.849780+00:00,71.3,50,bid,FlawlessFlatbreads,DiligentDonuts,1206739
2026-06-30T22:07:22.084452,2026-06-30T22:07:22.095515+00:00,71.3,42,bid,CostlyCorianders,DiligentDonuts,1206742
2026-06-30T22:07:23.045730,2026-06-30T22:07:23.049320+00:00,71.2,12,bid,Xuanyu Liu,EarnestEspressos,1206753
2026-06-30T22:07:23.911949,2026-06-30T22:07:23.920477+00:00,71.2,100,bid,DiligentDonuts,EarnestEspressos,1206763
2026-06-30T22:07:23.944294,2026-06-30T22:07:23.951256+00:00,71.2,38,bid,FlawlessFlatbreads,EarnestEspressos,1206765
2026-06-30T22:07:24.892931,2026-06-30T22:07:24.903823+00:00,70.7,49,ask,EarnestEspressos,CostlyCorianders,1206782
2026-06-30T22:07:27.667620,2026-06-30T22:07:27.679103+00:00,71.3,44,bid,CostlyCorianders,DiligentDonuts,1206836
2026-06-30T22:07:28.207445,2026-06-30T22:07:28.211507+00:00,71.1,50,ask,EarnestEspressos,FlawlessFlatbreads,1206841
2026-06-30T22:07:30.673966,2026-06-30T22:07:30.683879+00:00,71.3,41,bid,CostlyCorianders,EarnestEspressos,1206895
2026-06-30T22:07:32.381962,2026-06-30T22:07:32.393037+00:00,71.3,50,bid,FlawlessFlatbreads,EarnestEspressos,1206922
2026-06-30T22:07:32.873058,2026-06-30T22:07:32.875431+00:00,71.2,42,ask,EarnestEspressos,CostlyCorianders,1206930
2026-06-30T22:07:34.489734,2026-06-30T22:07:34.497473+00:00,71.5,50,bid,FlawlessFlatbreads,DiligentDonuts,1206951
2026-06-30T22:07:35.108528,2026-06-30T22:07:35.112562+00:00,71.2,45,ask,EarnestEspressos,CostlyCorianders,1206957
2026-06-30T22:07:37.171992,2026-06-30T22:07:37.177851+00:00,71.1,12,ask,DiligentDonuts,Xuanyu Liu,1206986
2026-06-30T22:07:40.098897,2026-06-30T22:07:40.108968+00:00,70.9,43,ask,EarnestEspressos,CostlyCorianders,1207027
2026-06-30T22:07:40.873443,2026-06-30T22:07:40.877533+00:00,70.9,50,ask,EarnestEspressos,FlawlessFlatbreads,1207032
2026-06-30T22:07:41.870429,2026-06-30T22:07:41.879468+00:00,71.4,45,bid,CostlyCorianders,EarnestEspressos,1207046
2026-06-30T22:07:42.980233,2026-06-30T22:07:42.984802+00:00,70.9,50,ask,DiligentDonuts,FlawlessFlatbreads,1207064
2026-06-30T22:07:43.906710,2026-06-30T22:07:43.915339+00:00,71.0,43,bid,CostlyCorianders,EarnestEspressos,1207085
2026-06-30T22:07:44.820297,2026-06-30T22:07:44.825652+00:00,71.0,41,bid,CostlyCorianders,EarnestEspressos,1207102
2026-06-30T22:07:45.015917,2026-06-30T22:07:45.019932+00:00,71.0,12,bid,Xuanyu Liu,EarnestEspressos,1207104
2026-06-30T22:07:45.093493,2026-06-30T22:07:45.102195+00:00,70.9,50,ask,DiligentDonuts,FlawlessFlatbreads,1207107
2026-06-30T22:07:45.892380,2026-06-30T22:07:45.901759+00:00,71.0,41,ask,EarnestEspressos,CostlyCorianders,1207117
2026-06-30T22:07:47.218278,2026-06-30T22:07:47.229871+00:00,71.0,50,ask,EarnestEspressos,FlawlessFlatbreads,1207137
2026-06-30T22:07:49.325726,2026-06-30T22:07:49.333901+00:00,70.7,50,ask,DiligentDonuts,FlawlessFlatbreads,1207168
2026-06-30T22:07:50.264445,2026-06-30T22:07:50.267997+00:00,71.0,11,bid,Xuanyu Liu,EarnestEspressos,1207187
2026-06-30T22:07:51.315498,2026-06-30T22:07:51.324939+00:00,71.0,44,bid,CostlyCorianders,EarnestEspressos,1207202
2026-06-30T22:07:51.434529,2026-06-30T22:07:51.438010+00:00,70.7,50,ask,DiligentDonuts,FlawlessFlatbreads,1207204
2026-06-30T22:07:52.917352,2026-06-30T22:07:52.927393+00:00,70.9,43,ask,EarnestEspressos,CostlyCorianders,1207226
2026-06-30T22:07:53.539633,2026-06-30T22:07:53.542374+00:00,70.9,50,ask,EarnestEspressos,FlawlessFlatbreads,1207231
2026-06-30T22:07:54.196011,2026-06-30T22:07:54.199800+00:00,71.1,3,bid,Xuanyu Liu,DiligentDonuts,1207246
2026-06-30T22:07:55.646285,2026-06-30T22:07:55.657242+00:00,70.8,10,ask,Zijun Feng,FlawlessFlatbreads,1207266
2026-06-30T22:07:55.646285,2026-06-30T22:07:55.657242+00:00,70.8,40,ask,DiligentDonuts,FlawlessFlatbreads,1207267
2026-06-30T22:07:56.991967,2026-06-30T22:07:57.000997+00:00,71.2,48,bid,CostlyCorianders,EarnestEspressos,1207286
2026-06-30T22:07:57.756236,2026-06-30T22:07:57.760166+00:00,70.8,50,ask,DiligentDonuts,FlawlessFlatbreads,1207290
2026-06-30T22:07:58.789393,2026-06-30T22:07:58.797952+00:00,70.9,100,ask,EarnestEspressos,DiligentDonuts,1207310
2026-06-30T22:08:00.186241,2026-06-30T22:08:00.189314+00:00,70.9,45,ask,EarnestEspressos,CostlyCorianders,1207329
2026-06-30T22:08:01.968413,2026-06-30T22:08:01.971506+00:00,70.5,50,ask,DiligentDonuts,FlawlessFlatbreads,1207359
2026-06-30T22:08:02.101843,2026-06-30T22:08:02.105623+00:00,70.6,3,bid,Xuanyu Liu,EarnestEspressos,1207362
2026-06-30T22:08:03.416176,2026-06-30T22:08:03.420585+00:00,70.6,11,bid,Xuanyu Liu,EarnestEspressos,1207378
2026-06-30T22:08:04.077012,2026-06-30T22:08:04.086417+00:00,70.5,50,ask,DiligentDonuts,FlawlessFlatbreads,1207387
2026-06-30T22:08:05.864303,2026-06-30T22:08:05.871130+00:00,70.8,46,bid,CostlyCorianders,EarnestEspressos,1207419
2026-06-30T22:08:06.184730,2026-06-30T22:08:06.188321+00:00,70.4,10,ask,Zijun Feng,CostlyCorianders,1207423
2026-06-30T22:08:06.943000,2026-06-30T22:08:06.945361+00:00,70.4,10,ask,Zijun Feng,FlawlessFlatbreads,1207437
2026-06-30T22:08:06.943000,2026-06-30T22:08:06.955573+00:00,70.3,37,ask,EarnestEspressos,CostlyCorianders,1207438
2026-06-30T22:08:07.438936,2026-06-30T22:08:07.446762+00:00,70.8,44,bid,CostlyCorianders,DiligentDonuts,1207446
2026-06-30T22:08:08.240649,2026-06-30T22:08:08.245206+00:00,70.8,50,bid,FlawlessFlatbreads,EarnestEspressos,1207459
2026-06-30T22:08:09.660954,2026-06-30T22:08:09.671271+00:00,70.3,49,ask,EarnestEspressos,CostlyCorianders,1207484
2026-06-30T22:08:10.398335,2026-06-30T22:08:10.410137+00:00,70.3,50,ask,DiligentDonuts,FlawlessFlatbreads,1207499
2026-06-30T22:08:11.310083,2026-06-30T22:08:11.313574+00:00,70.4,12,bid,Xuanyu Liu,EarnestEspressos,1207512
2026-06-30T22:08:12.209051,2026-06-30T22:08:12.215421+00:00,70.4,44,bid,CostlyCorianders,EarnestEspressos,1207526
2026-06-30T22:08:12.505602,2026-06-30T22:08:12.512356+00:00,70.3,50,ask,DiligentDonuts,FlawlessFlatbreads,1207528
2026-06-30T22:08:14.561894,2026-06-30T22:08:14.568014+00:00,71.0,50,bid,FlawlessFlatbreads,EarnestEspressos,1207552
2026-06-30T22:08:15.134825,2026-06-30T22:08:15.138716+00:00,70.5,12,ask,EarnestEspressos,Xuanyu Liu,1207571
2026-06-30T22:08:15.237363,2026-06-30T22:08:15.241052+00:00,70.5,11,ask,EarnestEspressos,Xuanyu Liu,1207576
2026-06-30T22:08:16.345586,2026-06-30T22:08:16.349663+00:00,70.5,3,ask,EarnestEspressos,Xuanyu Liu,1207596
2026-06-30T22:08:16.672061,2026-06-30T22:08:16.676969+00:00,70.6,50,bid,FlawlessFlatbreads,DiligentDonuts,1207603
2026-06-30T22:08:19.502496,2026-06-30T22:08:19.508454+00:00,70.3,49,ask,EarnestEspressos,CostlyCorianders,1207641
2026-06-30T22:08:20.535928,2026-06-30T22:08:20.545612+00:00,70.5,45,bid,CostlyCorianders,DiligentDonuts,1207656
2026-06-30T22:08:20.939299,2026-06-30T22:08:20.945548+00:00,70.2,10,ask,Zijun Feng,FlawlessFlatbreads,1207660
2026-06-30T22:08:20.939299,2026-06-30T22:08:20.945548+00:00,70.1,40,ask,EarnestEspressos,FlawlessFlatbreads,1207661
2026-06-30T22:08:21.777413,2026-06-30T22:08:21.781368+00:00,70.5,3,bid,Xuanyu Liu,DiligentDonuts,1207680
2026-06-30T22:08:22.885489,2026-06-30T22:08:22.891025+00:00,70.2,10,ask,Zijun Feng,CostlyCorianders,1207701
2026-06-30T22:08:23.046702,2026-06-30T22:08:23.055271+00:00,70.0,50,ask,DiligentDonuts,FlawlessFlatbreads,1207703
2026-06-30T22:08:23.362572,2026-06-30T22:08:23.373294+00:00,70.5,44,bid,CostlyCorianders,DiligentDonuts,1207711
2026-06-30T22:08:24.395006,2026-06-30T22:08:24.400278+00:00,70.4,10,ask,Zijun Feng,CostlyCorianders,1207724
2026-06-30T22:08:24.395006,2026-06-30T22:08:24.400278+00:00,70.3,30,ask,DiligentDonuts,CostlyCorianders,1207725
2026-06-30T22:08:24.854404,2026-06-30T22:08:24.865512+00:00,70.7,41,bid,CostlyCorianders,EarnestEspressos,1207740
2026-06-30T22:08:25.102907,2026-06-30T22:08:25.111890+00:00,70.7,50,bid,FlawlessFlatbreads,EarnestEspressos,1207743
2026-06-30T22:08:27.209673,2026-06-30T22:08:27.218822+00:00,71.0,50,bid,FlawlessFlatbreads,EarnestEspressos,1207786
2026-06-30T22:08:29.317855,2026-06-30T22:08:29.319570+00:00,70.6,50,bid,EarnestEspressos,DiligentDonuts,1207812
2026-06-30T22:08:29.402880,2026-06-30T22:08:29.412052+00:00,70.6,50,bid,FlawlessFlatbreads,DiligentDonuts,1207815
2026-06-30T22:08:29.469514,2026-06-30T22:08:29.473256+00:00,70.7,3,ask,EarnestEspressos,Xuanyu Liu,1207818
2026-06-30T22:08:31.432735,2026-06-30T22:08:31.435870+00:00,70.9,50,bid,FlawlessFlatbreads,DiligentDonuts,1207860
2026-06-30T22:08:32.639509,2026-06-30T22:08:32.647132+00:00,70.4,46,ask,DiligentDonuts,CostlyCorianders,1207877
2026-06-30T22:08:33.538126,2026-06-30T22:08:33.541796+00:00,70.8,50,bid,FlawlessFlatbreads,EarnestEspressos,1207888
2026-06-30T22:08:33.675176,2026-06-30T22:08:33.685170+00:00,70.8,48,bid,CostlyCorianders,EarnestEspressos,1207890
2026-06-30T22:08:34.327199,2026-06-30T22:08:34.330359+00:00,70.3,46,ask,EarnestEspressos,CostlyCorianders,1207900
2026-06-30T22:08:35.280632,2026-06-30T22:08:35.285367+00:00,70.3,43,ask,EarnestEspressos,CostlyCorianders,1207913
2026-06-30T22:08:36.883726,2026-06-30T22:08:36.893862+00:00,70.8,49,bid,CostlyCorianders,DiligentDonuts,1207929
2026-06-30T22:08:37.803449,2026-06-30T22:08:37.806170+00:00,70.4,50,ask,EarnestEspressos,FlawlessFlatbreads,1207944
2026-06-30T22:08:39.607752,2026-06-30T22:08:39.614367+00:00,70.8,49,bid,CostlyCorianders,DiligentDonuts,1207973
2026-06-30T22:08:39.855376,2026-06-30T22:08:39.861034+00:00,70.8,100,bid,DiligentDonuts,EarnestEspressos,1207976
2026-06-30T22:08:39.910659,2026-06-30T22:08:39.912701+00:00,70.3,50,ask,EarnestEspressos,FlawlessFlatbreads,1207978
2026-06-30T22:08:41.794045,2026-06-30T22:08:41.802251+00:00,70.3,42,ask,EarnestEspressos,CostlyCorianders,1208012
2026-06-30T22:08:42.017024,2026-06-30T22:08:42.028471+00:00,70.3,50,ask,EarnestEspressos,FlawlessFlatbreads,1208016
2026-06-30T22:08:42.386239,2026-06-30T22:08:42.389657+00:00,70.0,10,ask,Zijun Feng,CostlyCorianders,1208020
2026-06-30T22:08:42.386239,2026-06-30T22:08:42.389657+00:00,69.9,35,ask,EarnestEspressos,CostlyCorianders,1208021
2026-06-30T22:08:43.015475,2026-06-30T22:08:43.019307+00:00,70.4,100,bid,DiligentDonuts,EarnestEspressos,1208037
2026-06-30T22:08:44.151266,2026-06-30T22:08:44.161641+00:00,70.0,10,ask,Zijun Feng,FlawlessFlatbreads,1208057
2026-06-30T22:08:44.151266,2026-06-30T22:08:44.161641+00:00,69.9,40,ask,EarnestEspressos,FlawlessFlatbreads,1208058
2026-06-30T22:08:46.210152,2026-06-30T22:08:46.212799+00:00,70.4,50,bid,FlawlessFlatbreads,EarnestEspressos,1208089
2026-06-30T22:08:48.316155,2026-06-30T22:08:48.326380+00:00,70.3,50,bid,FlawlessFlatbreads,DiligentDonuts,1208123
2026-06-30T22:08:50.445141,2026-06-30T22:08:50.450646+00:00,70.5,50,bid,FlawlessFlatbreads,DiligentDonuts,1208155
2026-06-30T22:08:51.255371,2026-06-30T22:08:51.261023+00:00,70.4,10,bid,CostlyCorianders,Zijun Feng,1208162
2026-06-30T22:08:51.255371,2026-06-30T22:08:51.261023+00:00,70.5,30,bid,CostlyCorianders,DiligentDonuts,1208163
2026-06-30T22:08:52.331969,2026-06-30T22:08:52.338487+00:00,70.5,20,bid,CostlyCorianders,DiligentDonuts,1208178
2026-06-30T22:08:52.331969,2026-06-30T22:08:52.338487+00:00,70.5,22,bid,CostlyCorianders,EarnestEspressos,1208179
2026-06-30T22:08:52.553471,2026-06-30T22:08:52.563938+00:00,70.5,50,bid,FlawlessFlatbreads,EarnestEspressos,1208181
2026-06-30T22:08:54.663698,2026-06-30T22:08:54.667615+00:00,70.5,50,bid,FlawlessFlatbreads,EarnestEspressos,1208217
2026-06-30T22:08:55.086806,2026-06-30T22:08:55.090664+00:00,70.7,3,ask,EarnestEspressos,Xuanyu Liu,1208228
2026-06-30T22:08:56.309385,2026-06-30T22:08:56.313373+00:00,70.7,11,ask,EarnestEspressos,Xuanyu Liu,1208244
2026-06-30T22:08:56.821982,2026-06-30T22:08:56.827388+00:00,70.7,50,ask,EarnestEspressos,FlawlessFlatbreads,1208252
2026-06-30T22:08:58.502715,2026-06-30T22:08:58.506006+00:00,70.7,10,bid,Xuanyu Liu,Zijun Feng,1208284
2026-06-30T22:08:58.927412,2026-06-30T22:08:58.938010+00:00,70.5,50,ask,DiligentDonuts,FlawlessFlatbreads,1208292
2026-06-30T22:09:01.033940,2026-06-30T22:09:01.037422+00:00,70.5,50,ask,DiligentDonuts,FlawlessFlatbreads,1208313
2026-06-30T22:09:03.089514,2026-06-30T22:09:03.091669+00:00,70.8,50,bid,FlawlessFlatbreads,DiligentDonuts,1208330
2026-06-30T22:09:05.195699,2026-06-30T22:09:05.207259+00:00,70.9,10,bid,FlawlessFlatbreads,Zijun Feng,1208359
2026-06-30T22:09:05.195699,2026-06-30T22:09:05.207259+00:00,71.0,40,bid,FlawlessFlatbreads,EarnestEspressos,1208360
2026-06-30T22:09:05.396568,2026-06-30T22:09:05.402155+00:00,70.5,49,ask,EarnestEspressos,CostlyCorianders,1208362
2026-06-30T22:09:06.887316,2026-06-30T22:09:06.889576+00:00,70.8,46,bid,CostlyCorianders,DiligentDonuts,1208380
2026-06-30T22:09:07.303061,2026-06-30T22:09:07.309530+00:00,70.8,50,bid,FlawlessFlatbreads,DiligentDonuts,1208390
2026-06-30T22:09:07.981513,2026-06-30T22:09:07.986168+00:00,70.5,41,ask,EarnestEspressos,CostlyCorianders,1208399
2026-06-30T22:09:09.106986,2026-06-30T22:09:09.112890+00:00,70.5,43,ask,EarnestEspressos,CostlyCorianders,1208419
2026-06-30T22:09:10.616243,2026-06-30T22:09:10.619690+00:00,70.6,3,bid,Xuanyu Liu,EarnestEspressos,1208431
2026-06-30T22:09:10.819114,2026-06-30T22:09:10.824699+00:00,70.5,40,ask,DiligentDonuts,CostlyCorianders,1208434
2026-06-30T22:09:11.564228,2026-06-30T22:09:11.571350+00:00,70.5,50,ask,DiligentDonuts,FlawlessFlatbreads,1208450
2026-06-30T22:09:12.955774,2026-06-30T22:09:12.961691+00:00,70.6,42,bid,CostlyCorianders,EarnestEspressos,1208469
2026-06-30T22:09:13.478240,2026-06-30T22:09:13.485359+00:00,70.6,45,bid,CostlyCorianders,EarnestEspressos,1208485
2026-06-30T22:09:13.531782,2026-06-30T22:09:13.536894+00:00,70.5,47,ask,DiligentDonuts,CostlyCorianders,1208488
2026-06-30T22:09:13.671685,2026-06-30T22:09:13.680474+00:00,70.5,3,ask,DiligentDonuts,FlawlessFlatbreads,1208490
2026-06-30T22:09:14.181740,2026-06-30T22:09:14.194302+00:00,70.9,41,bid,CostlyCorianders,EarnestEspressos,1208509
2026-06-30T22:09:14.235877,2026-06-30T22:09:14.245626+00:00,70.4,46,ask,EarnestEspressos,CostlyCorianders,1208510
2026-06-30T22:09:15.779022,2026-06-30T22:09:15.788105+00:00,70.4,50,ask,EarnestEspressos,FlawlessFlatbreads,1208535
2026-06-30T22:09:18.308386,2026-06-30T22:09:18.313530+00:00,70.9,44,bid,CostlyCorianders,DiligentDonuts,1208569
2026-06-30T22:09:18.362321,2026-06-30T22:09:18.365524+00:00,70.5,44,ask,EarnestEspressos,CostlyCorianders,1208573
2026-06-30T22:09:19.989096,2026-06-30T22:09:19.995508+00:00,70.5,50,ask,EarnestEspressos,FlawlessFlatbreads,1208598
2026-06-30T22:09:20.934667,2026-06-30T22:09:20.936403+00:00,70.5,43,bid,CostlyCorianders,EarnestEspressos,1208611
2026-06-30T22:09:22.039740,2026-06-30T22:09:22.046707+00:00,70.4,40,ask,DiligentDonuts,CostlyCorianders,1208638
2026-06-30T22:09:22.045541,2026-06-30T22:09:22.057007+00:00,70.5,50,bid,FlawlessFlatbreads,EarnestEspressos,1208639
2026-06-30T22:09:22.145822,2026-06-30T22:09:22.149727+00:00,70.5,3,bid,Xuanyu Liu,EarnestEspressos,1208643
2026-06-30T22:09:23.460566,2026-06-30T22:09:23.464310+00:00,70.4,3,ask,DiligentDonuts,Xuanyu Liu,1208665
2026-06-30T22:09:24.150691,2026-06-30T22:09:24.161720+00:00,70.9,50,bid,FlawlessFlatbreads,EarnestEspressos,1208674
2026-06-30T22:09:24.199232,2026-06-30T22:09:24.202920+00:00,70.4,40,ask,EarnestEspressos,CostlyCorianders,1208678
2026-06-30T22:09:26.307667,2026-06-30T22:09:26.310400+00:00,70.4,50,ask,EarnestEspressos,FlawlessFlatbreads,1208705
2026-06-30T22:09:28.417706,2026-06-30T22:09:28.419470+00:00,70.1,50,ask,DiligentDonuts,FlawlessFlatbreads,1208733
2026-06-30T22:09:28.772410,2026-06-30T22:09:28.777620+00:00,70.5,46,bid,CostlyCorianders,EarnestEspressos,1208737
2026-06-30T22:09:31.871875,2026-06-30T22:09:31.878587+00:00,70.4,44,bid,CostlyCorianders,DiligentDonuts,1208780
2026-06-30T22:09:32.648136,2026-06-30T22:09:32.656951+00:00,70.1,50,ask,EarnestEspressos,FlawlessFlatbreads,1208788
2026-06-30T22:09:33.390489,2026-06-30T22:09:33.393694+00:00,70.4,43,bid,CostlyCorianders,DiligentDonuts,1208794
2026-06-30T22:09:34.703669,2026-06-30T22:09:34.715095+00:00,70.7,50,bid,FlawlessFlatbreads,EarnestEspressos,1208804
2026-06-30T22:09:36.322826,2026-06-30T22:09:36.332985+00:00,70.3,49,ask,DiligentDonuts,CostlyCorianders,1208822
2026-06-30T22:09:36.840670,2026-06-30T22:09:36.844727+00:00,70.6,10,bid,FlawlessFlatbreads,Zijun Feng,1208830
2026-06-30T22:09:36.840670,2026-06-30T22:09:36.844727+00:00,70.7,40,bid,FlawlessFlatbreads,EarnestEspressos,1208831
2026-06-30T22:09:38.387886,2026-06-30T22:09:38.389806+00:00,70.2,40,ask,EarnestEspressos,CostlyCorianders,1208850
2026-06-30T22:09:38.952862,2026-06-30T22:09:38.963429+00:00,70.3,50,bid,FlawlessFlatbreads,DiligentDonuts,1208855
2026-06-30T22:09:40.916345,2026-06-30T22:09:40.920650+00:00,70.7,41,bid,CostlyCorianders,EarnestEspressos,1208875
2026-06-30T22:09:41.060261,2026-06-30T22:09:41.063977+00:00,70.7,50,bid,FlawlessFlatbreads,EarnestEspressos,1208877
2026-06-30T22:09:43.219987,2026-06-30T22:09:43.222768+00:00,70.4,50,ask,EarnestEspressos,FlawlessFlatbreads,1208903
2026-06-30T22:09:43.926127,2026-06-30T22:09:43.928243+00:00,70.6,46,bid,CostlyCorianders,DiligentDonuts,1208920
2026-06-30T22:09:46.690638,2026-06-30T22:09:46.697112+00:00,70.4,46,ask,DiligentDonuts,CostlyCorianders,1208964
2026-06-30T22:09:48.126824,2026-06-30T22:09:48.129127+00:00,70.4,40,ask,DiligentDonuts,CostlyCorianders,1208982
2026-06-30T22:09:49.239926,2026-06-30T22:09:49.245440+00:00,70.8,49,bid,CostlyCorianders,EarnestEspressos,1209003
2026-06-30T22:09:51.638366,2026-06-30T22:09:51.642499+00:00,70.3,10,ask,Zijun Feng,FlawlessFlatbreads,1209034
2026-06-30T22:09:51.657010,2026-06-30T22:09:51.663079+00:00,70.0,48,ask,DiligentDonuts,CostlyCorianders,1209037
2026-06-30T22:09:51.688053,2026-06-30T22:09:51.693799+00:00,70.5,100,bid,EarnestEspressos,DiligentDonuts,1209038
2026-06-30T22:09:52.289046,2026-06-30T22:09:52.297835+00:00,70.5,40,ask,EarnestEspressos,CostlyCorianders,1209048
2026-06-30T22:09:53.743200,2026-06-30T22:09:53.746618+00:00,70.5,10,ask,EarnestEspressos,FlawlessFlatbreads,1209067
2026-06-30T22:09:53.743200,2026-06-30T22:09:53.746618+00:00,70.2,40,ask,DiligentDonuts,FlawlessFlatbreads,1209068
2026-06-30T22:09:54.814474,2026-06-30T22:09:54.821529+00:00,70.7,48,bid,CostlyCorianders,DiligentDonuts,1209086
2026-06-30T22:09:55.851047,2026-06-30T22:09:55.854679+00:00,70.2,50,ask,DiligentDonuts,FlawlessFlatbreads,1209101
2026-06-30T22:09:55.859117,2026-06-30T22:09:55.864928+00:00,70.2,46,ask,DiligentDonuts,CostlyCorianders,1209102
2026-06-30T22:09:57.905701,2026-06-30T22:09:57.914215+00:00,70.4,50,bid,FlawlessFlatbreads,EarnestEspressos,1209139
2026-06-30T22:10:00.064586,2026-06-30T22:10:00.074990+00:00,70.2,50,ask,EarnestEspressos,FlawlessFlatbreads,1209171
2026-06-30T22:10:01.424959,2026-06-30T22:10:01.430087+00:00,70.3,3,bid,Xuanyu Liu,DiligentDonuts,1209191
2026-06-30T22:10:02.171477,2026-06-30T22:10:02.180239+00:00,70.0,10,ask,Zijun Feng,FlawlessFlatbreads,1209205
2026-06-30T22:10:02.171477,2026-06-30T22:10:02.180239+00:00,70.0,40,ask,DiligentDonuts,FlawlessFlatbreads,1209206
2026-06-30T22:10:04.281624,2026-06-30T22:10:04.292380+00:00,70.0,50,ask,DiligentDonuts,FlawlessFlatbreads,1209243
2026-06-30T22:10:04.356942,2026-06-30T22:10:04.364045+00:00,70.5,40,bid,CostlyCorianders,DiligentDonuts,1209244
2026-06-30T22:10:06.386643,2026-06-30T22:10:06.389307+00:00,69.9,50,ask,EarnestEspressos,FlawlessFlatbreads,1209265
2026-06-30T22:10:08.494610,2026-06-30T22:10:08.498033+00:00,69.9,10,ask,Zijun Feng,FlawlessFlatbreads,1209312
2026-06-30T22:10:08.494610,2026-06-30T22:10:08.508382+00:00,69.9,40,ask,DiligentDonuts,FlawlessFlatbreads,1209313
2026-06-30T22:10:10.602728,2026-06-30T22:10:10.606397+00:00,70.3,23,bid,Xuanyu Liu,EarnestEspressos,1209347
2026-06-30T22:10:10.605122,2026-06-30T22:10:10.616712+00:00,70.0,10,ask,Zijun Feng,FlawlessFlatbreads,1209348
2026-06-30T22:10:10.605122,2026-06-30T22:10:10.616712+00:00,69.9,40,ask,DiligentDonuts,FlawlessFlatbreads,1209349
2026-06-30T22:10:10.896499,2026-06-30T22:10:10.903961+00:00,70.4,47,bid,CostlyCorianders,DiligentDonuts,1209354
2026-06-30T22:10:12.711393,2026-06-30T22:10:12.720215+00:00,70.1,50,ask,EarnestEspressos,FlawlessFlatbreads,1209389
2026-06-30T22:10:13.902554,2026-06-30T22:10:13.909085+00:00,70.1,10,ask,Zijun Feng,EarnestEspressos,1209412
2026-06-30T22:10:14.823155,2026-06-30T22:10:14.832232+00:00,69.8,10,ask,Zijun Feng,FlawlessFlatbreads,1209428
2026-06-30T22:10:14.823155,2026-06-30T22:10:14.832232+00:00,69.6,40,ask,EarnestEspressos,FlawlessFlatbreads,1209429
2026-06-30T22:10:16.932085,2026-06-30T22:10:16.940702+00:00,69.7,10,ask,Zijun Feng,FlawlessFlatbreads,1209460
2026-06-30T22:10:16.932085,2026-06-30T22:10:16.940702+00:00,69.6,40,ask,EarnestEspressos,FlawlessFlatbreads,1209461
2026-06-30T22:10:17.080571,2026-06-30T22:10:17.084497+00:00,69.7,23,bid,Xuanyu Liu,EarnestEspressos,1209469
2026-06-30T22:10:17.141976,2026-06-30T22:10:17.145560+00:00,69.7,11,bid,Xuanyu Liu,EarnestEspressos,1209472
2026-06-30T22:10:17.883967,2026-06-30T22:10:17.893372+00:00,69.7,100,bid,DiligentDonuts,EarnestEspressos,1209491
2026-06-30T22:10:19.039219,2026-06-30T22:10:19.048929+00:00,69.3,10,ask,Zijun Feng,FlawlessFlatbreads,1209514
2026-06-30T22:10:19.039219,2026-06-30T22:10:19.048929+00:00,69.2,40,ask,EarnestEspressos,FlawlessFlatbreads,1209515
2026-06-30T22:10:21.160245,2026-06-30T22:10:21.167208+00:00,69.6,50,ask,EarnestEspressos,FlawlessFlatbreads,1209546
2026-06-30T22:10:21.210169,2026-06-30T22:10:21.218473+00:00,69.8,49,bid,CostlyCorianders,DiligentDonuts,1209548
2026-06-30T22:10:21.265182,2026-06-30T22:10:21.269861+00:00,69.6,43,ask,EarnestEspressos,CostlyCorianders,1209551
2026-06-30T22:10:22.393345,2026-06-30T22:10:22.397324+00:00,69.8,11,bid,Xuanyu Liu,DiligentDonuts,1209573
2026-06-30T22:10:23.267377,2026-06-30T22:10:23.276326+00:00,69.6,50,ask,EarnestEspressos,FlawlessFlatbreads,1209584
2026-06-30T22:10:24.775953,2026-06-30T22:10:24.783146+00:00,69.8,44,bid,CostlyCorianders,EarnestEspressos,1209599
2026-06-30T22:10:25.324164,2026-06-30T22:10:25.335854+00:00,69.8,50,bid,FlawlessFlatbreads,EarnestEspressos,1209605
2026-06-30T22:10:25.338049,2026-06-30T22:10:25.346128+00:00,69.8,47,bid,CostlyCorianders,EarnestEspressos,1209606
2026-06-30T22:10:26.212391,2026-06-30T22:10:26.214843+00:00,69.7,49,ask,DiligentDonuts,CostlyCorianders,1209619
2026-06-30T22:10:27.429945,2026-06-30T22:10:27.433415+00:00,70.3,50,bid,FlawlessFlatbreads,EarnestEspressos,1209637
2026-06-30T22:10:27.818524,2026-06-30T22:10:27.823188+00:00,70.1,46,bid,CostlyCorianders,DiligentDonuts,1209646
2026-06-30T22:10:28.334094,2026-06-30T22:10:28.335765+00:00,69.9,10,ask,Zijun Feng,Xuanyu Liu,1209659
2026-06-30T22:10:28.334094,2026-06-30T22:10:28.346058+00:00,69.8,34,ask,EarnestEspressos,CostlyCorianders,1209660
2026-06-30T22:10:28.930202,2026-06-30T22:10:28.933784+00:00,69.9,10,ask,Zijun Feng,CostlyCorianders,1209672
2026-06-30T22:10:29.312780,2026-06-30T22:10:29.321922+00:00,70.0,10,bid,CostlyCorianders,Zijun Feng,1209678
2026-06-30T22:10:29.312780,2026-06-30T22:10:29.321922+00:00,70.1,35,bid,CostlyCorianders,DiligentDonuts,1209679
2026-06-30T22:10:29.537137,2026-06-30T22:10:29.546870+00:00,70.1,19,bid,FlawlessFlatbreads,DiligentDonuts,1209683
2026-06-30T22:10:29.537137,2026-06-30T22:10:29.546870+00:00,70.3,31,bid,FlawlessFlatbreads,EarnestEspressos,1209684
2026-06-30T22:10:29.746773,2026-06-30T22:10:29.750555+00:00,70.1,12,ask,EarnestEspressos,Xuanyu Liu,1209694
2026-06-30T22:10:30.791007,2026-06-30T22:10:30.794816+00:00,70.1,12,ask,EarnestEspressos,Xuanyu Liu,1209707
2026-06-30T22:10:32.006126,2026-06-30T22:10:32.014466+00:00,70.1,47,ask,EarnestEspressos,CostlyCorianders,1209730
2026-06-30T22:10:33.779059,2026-06-30T22:10:33.787337+00:00,70.2,50,bid,FlawlessFlatbreads,EarnestEspressos,1209757
2026-06-30T22:10:35.196455,2026-06-30T22:10:35.203513+00:00,69.7,49,ask,EarnestEspressos,CostlyCorianders,1209779
2026-06-30T22:10:37.488980,2026-06-30T22:10:37.499086+00:00,69.7,40,ask,DiligentDonuts,CostlyCorianders,1209812
2026-06-30T22:10:38.802907,2026-06-30T22:10:38.805017+00:00,69.9,45,bid,CostlyCorianders,EarnestEspressos,1209829
2026-06-30T22:10:40.149189,2026-06-30T22:10:40.158149+00:00,69.6,50,ask,EarnestEspressos,FlawlessFlatbreads,1209850
2026-06-30T22:10:41.011939,2026-06-30T22:10:41.016837+00:00,69.6,41,ask,EarnestEspressos,CostlyCorianders,1209859
2026-06-30T22:10:42.207100,2026-06-30T22:10:42.215869+00:00,69.9,50,bid,FlawlessFlatbreads,DiligentDonuts,1209875
2026-06-30T22:10:43.162789,2026-06-30T22:10:43.166500+00:00,69.7,46,bid,CostlyCorianders,EarnestEspressos,1209892
2026-06-30T22:10:44.191031,2026-06-30T22:10:44.198242+00:00,69.6,49,ask,DiligentDonuts,CostlyCorianders,1209911
2026-06-30T22:10:44.334932,2026-06-30T22:10:44.341025+00:00,69.7,50,bid,FlawlessFlatbreads,EarnestEspressos,1209915
2026-06-30T22:10:44.663897,2026-06-30T22:10:44.668009+00:00,69.7,12,bid,Xuanyu Liu,EarnestEspressos,1209922
2026-06-30T22:10:45.518372,2026-06-30T22:10:45.528748+00:00,69.7,10,bid,EarnestEspressos,Zijun Feng,1209943
2026-06-30T22:10:45.978128,2026-06-30T22:10:45.982186+00:00,69.8,12,ask,EarnestEspressos,Xuanyu Liu,1209955
2026-06-30T22:10:46.440364,2026-06-30T22:10:46.443010+00:00,69.9,50,bid,FlawlessFlatbreads,DiligentDonuts,1209960
2026-06-30T22:10:46.657529,2026-06-30T22:10:46.668575+00:00,69.9,48,bid,CostlyCorianders,DiligentDonuts,1209969
2026-06-30T22:10:47.278167,2026-06-30T22:10:47.283677+00:00,69.9,2,bid,Xuanyu Liu,DiligentDonuts,1209979
2026-06-30T22:10:47.278167,2026-06-30T22:10:47.283677+00:00,69.9,10,bid,Xuanyu Liu,Zijun Feng,1209980
2026-06-30T22:10:48.550688,2026-06-30T22:10:48.552396+00:00,70.3,50,bid,FlawlessFlatbreads,EarnestEspressos,1210000
2026-06-30T22:10:49.642815,2026-06-30T22:10:49.646718+00:00,69.9,49,ask,EarnestEspressos,CostlyCorianders,1210016
2026-06-30T22:10:50.180125,2026-06-30T22:10:50.189001+00:00,70.3,10,bid,CostlyCorianders,Zijun Feng,1210022
2026-06-30T22:10:50.180125,2026-06-30T22:10:50.189001+00:00,70.4,35,bid,CostlyCorianders,EarnestEspressos,1210023
2026-06-30T22:10:50.657011,2026-06-30T22:10:50.668866+00:00,70.4,50,bid,FlawlessFlatbreads,EarnestEspressos,1210026
2026-06-30T22:10:51.861145,2026-06-30T22:10:51.864890+00:00,70.3,23,ask,EarnestEspressos,Xuanyu Liu,1210047
2026-06-30T22:10:52.763630,2026-06-30T22:10:52.765424+00:00,70.4,10,bid,FlawlessFlatbreads,Zijun Feng,1210063
2026-06-30T22:10:52.763630,2026-06-30T22:10:52.775656+00:00,70.6,40,bid,FlawlessFlatbreads,DiligentDonuts,1210064
2026-06-30T22:10:53.834711,2026-06-30T22:10:53.838817+00:00,70.3,26,ask,EarnestEspressos,Xuanyu Liu,1210083
2026-06-30T22:10:54.921992,2026-06-30T22:10:54.923938+00:00,70.3,50,ask,EarnestEspressos,FlawlessFlatbreads,1210100
2026-06-30T22:10:55.065418,2026-06-30T22:10:55.067571+00:00,70.1,100,ask,DiligentDonuts,EarnestEspressos,1210107
2026-06-30T22:10:55.083630,2026-06-30T22:10:55.086936+00:00,70.1,3,bid,Xuanyu Liu,EarnestEspressos,1210109
2026-06-30T22:10:55.450200,2026-06-30T22:10:55.455703+00:00,70.1,45,bid,CostlyCorianders,EarnestEspressos,1210117
2026-06-30T22:10:55.915776,2026-06-30T22:10:55.926256+00:00,69.7,45,ask,DiligentDonuts,CostlyCorianders,1210129
2026-06-30T22:10:56.555069,2026-06-30T22:10:56.560833+00:00,69.8,10,ask,Zijun Feng,CostlyCorianders,1210138
2026-06-30T22:10:56.555069,2026-06-30T22:10:56.560833+00:00,69.7,37,ask,DiligentDonuts,CostlyCorianders,1210139
2026-06-30T22:10:56.979200,2026-06-30T22:10:56.981675+00:00,70.1,2,bid,FlawlessFlatbreads,EarnestEspressos,1210150
2026-06-30T22:10:56.979200,2026-06-30T22:10:56.991912+00:00,70.2,48,bid,FlawlessFlatbreads,DiligentDonuts,1210151
2026-06-30T22:10:58.172101,2026-06-30T22:10:58.181878+00:00,70.2,52,bid,EarnestEspressos,DiligentDonuts,1210165
2026-06-30T22:10:59.076332,2026-06-30T22:10:59.093060+00:00,70.2,98,ask,EarnestEspressos,DiligentDonuts,1210184
2026-06-30T22:10:59.087303,2026-06-30T22:10:59.093060+00:00,70.2,2,bid,FlawlessFlatbreads,DiligentDonuts,1210186
2026-06-30T22:10:59.087303,2026-06-30T22:10:59.093060+00:00,70.6,10,bid,FlawlessFlatbreads,Zijun Feng,1210187
2026-06-30T22:10:59.087303,2026-06-30T22:10:59.093060+00:00,70.7,38,bid,FlawlessFlatbreads,EarnestEspressos,1210188
2026-06-30T22:11:01.194365,2026-06-30T22:11:01.203020+00:00,70.7,50,bid,FlawlessFlatbreads,EarnestEspressos,1210219
2026-06-30T22:11:02.173355,2026-06-30T22:11:02.184577+00:00,70.6,42,bid,CostlyCorianders,EarnestEspressos,1210227
2026-06-30T22:11:04.497574,2026-06-30T22:11:04.499537+00:00,70.5,10,bid,EarnestEspressos,Zijun Feng,1210250
2026-06-30T22:11:05.408007,2026-06-30T22:11:05.412093+00:00,70.8,10,bid,FlawlessFlatbreads,Zijun Feng,1210273
2026-06-30T22:11:05.408007,2026-06-30T22:11:05.412093+00:00,71.0,40,bid,FlawlessFlatbreads,EarnestEspressos,1210274
2026-06-30T22:11:05.603047,2026-06-30T22:11:05.607064+00:00,70.5,5,ask,EarnestEspressos,Xuanyu Liu,1210280
2026-06-30T22:11:07.516582,2026-06-30T22:11:07.523373+00:00,70.9,50,bid,FlawlessFlatbreads,DiligentDonuts,1210321
2026-06-30T22:11:09.195135,2026-06-30T22:11:09.201934+00:00,70.6,48,ask,EarnestEspressos,CostlyCorianders,1210349
2026-06-30T22:11:09.622831,2026-06-30T22:11:09.632200+00:00,70.8,50,bid,FlawlessFlatbreads,DiligentDonuts,1210360
2026-06-30T22:11:10.344024,2026-06-30T22:11:10.348358+00:00,70.8,41,bid,CostlyCorianders,DiligentDonuts,1210363
2026-06-30T22:11:11.779018,2026-06-30T22:11:11.780735+00:00,70.7,50,ask,DiligentDonuts,FlawlessFlatbreads,1210386
2026-06-30T22:11:13.885756,2026-06-30T22:11:13.895700+00:00,70.7,50,ask,DiligentDonuts,FlawlessFlatbreads,1210414
2026-06-30T22:11:15.879182,2026-06-30T22:11:15.888889+00:00,70.5,48,ask,DiligentDonuts,CostlyCorianders,1210446
2026-06-30T22:11:15.992125,2026-06-30T22:11:16.001220+00:00,70.5,50,ask,DiligentDonuts,FlawlessFlatbreads,1210447
2026-06-30T22:11:20.153328,2026-06-30T22:11:20.164705+00:00,70.7,50,bid,FlawlessFlatbreads,DiligentDonuts,1210515
2026-06-30T22:11:20.612598,2026-06-30T22:11:20.615215+00:00,70.7,43,bid,CostlyCorianders,DiligentDonuts,1210526
2026-06-30T22:11:21.380261,2026-06-30T22:11:21.382941+00:00,70.5,46,ask,DiligentDonuts,CostlyCorianders,1210534
2026-06-30T22:11:22.027937,2026-06-30T22:11:22.039786+00:00,70.9,46,bid,CostlyCorianders,EarnestEspressos,1210545
2026-06-30T22:11:22.261493,2026-06-30T22:11:22.264654+00:00,70.9,50,bid,FlawlessFlatbreads,EarnestEspressos,1210548
2026-06-30T22:11:24.366911,2026-06-30T22:11:24.372229+00:00,71.0,10,bid,FlawlessFlatbreads,Zijun Feng,1210591
2026-06-30T22:11:24.366911,2026-06-30T22:11:24.372229+00:00,71.2,40,bid,FlawlessFlatbreads,EarnestEspressos,1210592
2026-06-30T22:11:24.625270,2026-06-30T22:11:24.627484+00:00,70.7,48,ask,EarnestEspressos,CostlyCorianders,1210594
2026-06-30T22:11:25.679585,2026-06-30T22:11:25.690625+00:00,70.7,45,ask,EarnestEspressos,CostlyCorianders,1210611
2026-06-30T22:11:27.886682,2026-06-30T22:11:27.889952+00:00,70.7,3,bid,Xuanyu Liu,DiligentDonuts,1210646
2026-06-30T22:11:29.832501,2026-06-30T22:11:29.835281+00:00,70.7,97,bid,EarnestEspressos,DiligentDonuts,1210674
2026-06-30T22:11:30.183280,2026-06-30T22:11:30.186941+00:00,70.7,3,ask,EarnestEspressos,Xuanyu Liu,1210683
2026-06-30T22:11:30.713574,2026-06-30T22:11:30.724492+00:00,71.1,10,bid,FlawlessFlatbreads,Zijun Feng,1210692
2026-06-30T22:11:30.713574,2026-06-30T22:11:30.724492+00:00,71.2,40,bid,FlawlessFlatbreads,EarnestEspressos,1210693
2026-06-30T22:11:31.014003,2026-06-30T22:11:31.023464+00:00,71.1,10,bid,CostlyCorianders,Zijun Feng,1210700
2026-06-30T22:11:31.014003,2026-06-30T22:11:31.023464+00:00,71.2,36,bid,CostlyCorianders,EarnestEspressos,1210701
2026-06-30T22:11:31.808849,2026-06-30T22:11:31.812785+00:00,70.8,3,ask,DiligentDonuts,Xuanyu Liu,1210712
2026-06-30T22:11:31.966255,2026-06-30T22:11:31.977359+00:00,71.1,10,bid,CostlyCorianders,Zijun Feng,1210721
2026-06-30T22:11:32.019505,2026-06-30T22:11:32.028581+00:00,70.8,43,ask,DiligentDonuts,CostlyCorianders,1210722
2026-06-30T22:11:32.873358,2026-06-30T22:11:32.881102+00:00,70.8,50,ask,DiligentDonuts,FlawlessFlatbreads,1210734
2026-06-30T22:11:33.046167,2026-06-30T22:11:33.055652+00:00,70.8,4,ask,DiligentDonuts,EarnestEspressos,1210738
2026-06-30T22:11:34.930005,2026-06-30T22:11:34.934421+00:00,70.8,50,bid,FlawlessFlatbreads,EarnestEspressos,1210768
2026-06-30T22:11:35.312207,2026-06-30T22:11:35.323237+00:00,70.8,47,bid,CostlyCorianders,EarnestEspressos,1210776
2026-06-30T22:11:36.180790,2026-06-30T22:11:36.192576+00:00,70.8,100,bid,EarnestEspressos,DiligentDonuts,1210784
2026-06-30T22:11:36.301626,2026-06-30T22:11:36.305167+00:00,70.8,44,ask,EarnestEspressos,CostlyCorianders,1210790
2026-06-30T22:11:37.040505,2026-06-30T22:11:37.042328+00:00,71.3,50,bid,FlawlessFlatbreads,EarnestEspressos,1210797
2026-06-30T22:11:37.532375,2026-06-30T22:11:37.535174+00:00,70.8,6,ask,EarnestEspressos,CostlyCorianders,1210816
2026-06-30T22:11:38.020376,2026-06-30T22:11:38.026081+00:00,71.1,49,bid,CostlyCorianders,DiligentDonuts,1210821
2026-06-30T22:11:40.116659,2026-06-30T22:11:40.126035+00:00,71.1,44,bid,CostlyCorianders,EarnestEspressos,1210846
2026-06-30T22:11:40.673812,2026-06-30T22:11:40.678533+00:00,70.7,46,ask,DiligentDonuts,CostlyCorianders,1210852
2026-06-30T22:11:45.517301,2026-06-30T22:11:45.525729+00:00,70.6,50,ask,EarnestEspressos,FlawlessFlatbreads,1210923
2026-06-30T22:11:47.412922,2026-06-30T22:11:47.418562+00:00,70.6,40,ask,DiligentDonuts,CostlyCorianders,1210948
2026-06-30T22:11:47.628115,2026-06-30T22:11:47.633381+00:00,70.6,50,ask,DiligentDonuts,FlawlessFlatbreads,1210954
2026-06-30T22:11:47.979212,2026-06-30T22:11:47.981861+00:00,71.0,41,bid,CostlyCorianders,EarnestEspressos,1210961
2026-06-30T22:11:49.079156,2026-06-30T22:11:49.088536+00:00,71.1,47,bid,CostlyCorianders,DiligentDonuts,1210983
2026-06-30T22:11:49.734076,2026-06-30T22:11:49.743931+00:00,70.6,50,ask,EarnestEspressos,FlawlessFlatbreads,1210996
2026-06-30T22:11:51.840736,2026-06-30T22:11:51.843913+00:00,70.6,50,ask,EarnestEspressos,FlawlessFlatbreads,1211030
2026-06-30T22:11:52.064642,2026-06-30T22:11:52.067976+00:00,70.5,3,bid,Xuanyu Liu,EarnestEspressos,1211037
2026-06-30T22:11:53.947908,2026-06-30T22:11:53.951032+00:00,70.4,50,ask,DiligentDonuts,FlawlessFlatbreads,1211058
2026-06-30T22:11:55.378097,2026-06-30T22:11:55.389253+00:00,70.4,48,ask,DiligentDonuts,CostlyCorianders,1211084
2026-06-30T22:11:56.054704,2026-06-30T22:11:56.065726+00:00,70.1,50,ask,EarnestEspressos,FlawlessFlatbreads,1211089
2026-06-30T22:11:58.162933,2026-06-30T22:11:58.169270+00:00,70.1,50,ask,EarnestEspressos,FlawlessFlatbreads,1211112
2026-06-30T22:11:58.370793,2026-06-30T22:11:58.383672+00:00,70.1,100,ask,DiligentDonuts,EarnestEspressos,1211117
2026-06-30T22:11:58.380077,2026-06-30T22:11:58.383672+00:00,70.1,14,bid,Xuanyu Liu,EarnestEspressos,1211119
2026-06-30T22:12:00.217779,2026-06-30T22:12:00.226072+00:00,70.1,36,bid,FlawlessFlatbreads,EarnestEspressos,1211131
2026-06-30T22:12:00.217779,2026-06-30T22:12:00.226072+00:00,70.2,14,bid,FlawlessFlatbreads,DiligentDonuts,1211132
2026-06-30T22:12:02.377737,2026-06-30T22:12:02.384110+00:00,70.0,50,ask,EarnestEspressos,FlawlessFlatbreads,1211156
2026-06-30T22:12:02.785299,2026-06-30T22:12:02.792488+00:00,70.2,43,bid,CostlyCorianders,DiligentDonuts,1211163
2026-06-30T22:12:04.483487,2026-06-30T22:12:04.488729+00:00,70.0,50,ask,EarnestEspressos,FlawlessFlatbreads,1211189
2026-06-30T22:12:05.668336,2026-06-30T22:12:05.676171+00:00,70.3,48,bid,CostlyCorianders,EarnestEspressos,1211207
2026-06-30T22:12:06.370503,2026-06-30T22:12:06.381790+00:00,70.0,10,ask,Zijun Feng,CostlyCorianders,1211224
2026-06-30T22:12:06.370503,2026-06-30T22:12:06.381790+00:00,69.9,33,ask,DiligentDonuts,CostlyCorianders,1211225
2026-06-30T22:12:06.600587,2026-06-30T22:12:06.606609+00:00,69.9,50,ask,DiligentDonuts,FlawlessFlatbreads,1211231
2026-06-30T22:12:06.916524,2026-06-30T22:12:06.923020+00:00,70.0,10,ask,Zijun Feng,CostlyCorianders,1211234
2026-06-30T22:12:06.916524,2026-06-30T22:12:06.923020+00:00,69.9,17,ask,DiligentDonuts,CostlyCorianders,1211235
2026-06-30T22:12:06.916524,2026-06-30T22:12:06.923020+00:00,69.8,14,ask,EarnestEspressos,CostlyCorianders,1211236
2026-06-30T22:12:08.514105,2026-06-30T22:12:08.517955+00:00,70.1,11,ask,EarnestEspressos,Xuanyu Liu,1211262
2026-06-30T22:12:08.706475,2026-06-30T22:12:08.712816+00:00,70.1,50,ask,EarnestEspressos,FlawlessFlatbreads,1211265
2026-06-30T22:12:08.710997,2026-06-30T22:12:08.712816+00:00,70.1,89,ask,EarnestEspressos,DiligentDonuts,1211266
2026-06-30T22:12:08.710997,2026-06-30T22:12:08.732767+00:00,70.1,10,ask,Zijun Feng,DiligentDonuts,1211267
2026-06-30T22:12:08.729255,2026-06-30T22:12:08.732767+00:00,69.8,1,bid,Xuanyu Liu,DiligentDonuts,1211269
2026-06-30T22:12:09.032827,2026-06-30T22:12:09.053085+00:00,70.6,43,bid,CostlyCorianders,EarnestEspressos,1211285
2026-06-30T22:12:10.812188,2026-06-30T22:12:10.817862+00:00,69.3,50,ask,DiligentDonuts,FlawlessFlatbreads,1211314
2026-06-30T22:12:11.049997,2026-06-30T22:12:11.054236+00:00,70.0,22,bid,Xuanyu Liu,EarnestEspressos,1211319
2026-06-30T22:12:12.604451,2026-06-30T22:12:12.607806+00:00,70.0,11,bid,Xuanyu Liu,EarnestEspressos,1211350
2026-06-30T22:12:12.919316,2026-06-30T22:12:12.926180+00:00,69.7,50,ask,DiligentDonuts,FlawlessFlatbreads,1211354
2026-06-30T22:12:14.229790,2026-06-30T22:12:14.237132+00:00,70.1,45,bid,CostlyCorianders,EarnestEspressos,1211366
2026-06-30T22:12:15.031037,2026-06-30T22:12:15.047147+00:00,69.8,10,ask,Zijun Feng,FlawlessFlatbreads,1211377
2026-06-30T22:12:15.031037,2026-06-30T22:12:15.047147+00:00,69.6,40,ask,EarnestEspressos,FlawlessFlatbreads,1211378
2026-06-30T22:12:17.138344,2026-06-30T22:12:17.142440+00:00,69.7,10,ask,Zijun Feng,FlawlessFlatbreads,1211420
2026-06-30T22:12:17.138344,2026-06-30T22:12:17.142440+00:00,69.6,40,ask,EarnestEspressos,FlawlessFlatbreads,1211421
2026-06-30T22:12:18.113860,2026-06-30T22:12:18.116198+00:00,69.6,10,ask,Zijun Feng,CostlyCorianders,1211431
2026-06-30T22:12:18.113860,2026-06-30T22:12:18.126475+00:00,69.4,31,ask,EarnestEspressos,CostlyCorianders,1211432
2026-06-30T22:12:21.302393,2026-06-30T22:12:21.304926+00:00,69.8,50,bid,FlawlessFlatbreads,EarnestEspressos,1211482
2026-06-30T22:12:21.653834,2026-06-30T22:12:21.664841+00:00,69.8,42,bid,CostlyCorianders,EarnestEspressos,1211488
2026-06-30T22:12:22.276484,2026-06-30T22:12:22.279851+00:00,69.8,23,bid,Xuanyu Liu,EarnestEspressos,1211497
2026-06-30T22:12:23.423860,2026-06-30T22:12:23.431475+00:00,69.8,35,bid,FlawlessFlatbreads,EarnestEspressos,1211505
2026-06-30T22:12:23.423860,2026-06-30T22:12:23.431475+00:00,69.9,15,bid,FlawlessFlatbreads,DiligentDonuts,1211506
2026-06-30T22:12:23.633814,2026-06-30T22:12:23.637047+00:00,69.9,85,bid,EarnestEspressos,DiligentDonuts,1211512
2026-06-30T22:12:23.704791,2026-06-30T22:12:23.708687+00:00,70.0,23,ask,EarnestEspressos,Xuanyu Liu,1211514
2026-06-30T22:12:24.304925,2026-06-30T22:12:24.313637+00:00,70.0,42,ask,EarnestEspressos,CostlyCorianders,1211524
2026-06-30T22:12:24.304925,2026-06-30T22:12:24.313637+00:00,69.4,4,ask,DiligentDonuts,CostlyCorianders,1211525
2026-06-30T22:12:24.941047,2026-06-30T22:12:24.949341+00:00,69.9,10,ask,Zijun Feng,CostlyCorianders,1211537
2026-06-30T22:12:24.941047,2026-06-30T22:12:24.949341+00:00,69.8,36,ask,DiligentDonuts,CostlyCorianders,1211538
2026-06-30T22:12:25.587299,2026-06-30T22:12:25.596035+00:00,69.8,50,ask,DiligentDonuts,FlawlessFlatbreads,1211544
2026-06-30T22:12:27.694810,2026-06-30T22:12:27.705026+00:00,69.6,50,ask,DiligentDonuts,FlawlessFlatbreads,1211586
2026-06-30T22:12:29.514116,2026-06-30T22:12:29.518136+00:00,69.9,23,bid,Xuanyu Liu,EarnestEspressos,1211606
2026-06-30T22:12:29.811772,2026-06-30T22:12:29.816591+00:00,69.6,50,ask,DiligentDonuts,FlawlessFlatbreads,1211614
2026-06-30T22:12:31.933630,2026-06-30T22:12:31.938880+00:00,69.7,10,ask,Zijun Feng,FlawlessFlatbreads,1211644
2026-06-30T22:12:31.933630,2026-06-30T22:12:31.938880+00:00,69.6,40,ask,EarnestEspressos,FlawlessFlatbreads,1211645
2026-06-30T22:12:33.990476,2026-06-30T22:12:33.999487+00:00,70.0,50,bid,FlawlessFlatbreads,EarnestEspressos,1211682
2026-06-30T22:12:35.382102,2026-06-30T22:12:35.391287+00:00,70.0,44,bid,CostlyCorianders,EarnestEspressos,1211697
2026-06-30T22:12:36.097720,2026-06-30T22:12:36.108226+00:00,70.0,50,bid,FlawlessFlatbreads,EarnestEspressos,1211707
2026-06-30T22:12:36.303016,2026-06-30T22:12:36.313456+00:00,70.0,100,bid,EarnestEspressos,DiligentDonuts,1211711
2026-06-30T22:12:36.371010,2026-06-30T22:12:36.374898+00:00,70.0,11,ask,EarnestEspressos,Xuanyu Liu,1211714
2026-06-30T22:12:37.100675,2026-06-30T22:12:37.102571+00:00,70.0,39,ask,EarnestEspressos,CostlyCorianders,1211727
2026-06-30T22:12:38.213527,2026-06-30T22:12:38.219934+00:00,70.2,50,bid,FlawlessFlatbreads,DiligentDonuts,1211756
2026-06-30T22:12:39.722711,2026-06-30T22:12:39.725581+00:00,70.0,41,bid,CostlyCorianders,EarnestEspressos,1211771
2026-06-30T22:12:40.322222,2026-06-30T22:12:40.330328+00:00,70.0,50,bid,FlawlessFlatbreads,EarnestEspressos,1211780
2026-06-30T22:12:41.288460,2026-06-30T22:12:41.292350+00:00,69.9,12,ask,DiligentDonuts,Xuanyu Liu,1211792
2026-06-30T22:12:41.847875,2026-06-30T22:12:41.856996+00:00,70.0,47,bid,CostlyCorianders,EarnestEspressos,1211806
2026-06-30T22:12:42.429514,2026-06-30T22:12:42.440804+00:00,70.0,12,bid,FlawlessFlatbreads,EarnestEspressos,1211813
2026-06-30T22:12:42.429514,2026-06-30T22:12:42.440804+00:00,70.4,38,bid,FlawlessFlatbreads,DiligentDonuts,1211814
2026-06-30T22:12:43.956667,2026-06-30T22:12:43.967744+00:00,70.0,45,ask,DiligentDonuts,CostlyCorianders,1211847
2026-06-30T22:12:44.492713,2026-06-30T22:12:44.502482+00:00,70.3,10,bid,CostlyCorianders,Zijun Feng,1211860
2026-06-30T22:12:44.492713,2026-06-30T22:12:44.502482+00:00,70.4,31,bid,CostlyCorianders,EarnestEspressos,1211861
2026-06-30T22:12:44.537942,2026-06-30T22:12:44.543494+00:00,70.4,50,bid,FlawlessFlatbreads,EarnestEspressos,1211862
2026-06-30T22:12:45.793529,2026-06-30T22:12:45.797165+00:00,70.3,23,ask,EarnestEspressos,Xuanyu Liu,1211884
2026-06-30T22:12:46.643937,2026-06-30T22:12:46.648157+00:00,70.5,10,bid,FlawlessFlatbreads,Zijun Feng,1211893
2026-06-30T22:12:46.643937,2026-06-30T22:12:46.648157+00:00,70.8,40,bid,FlawlessFlatbreads,EarnestEspressos,1211894
2026-06-30T22:12:46.670184,2026-06-30T22:12:46.678872+00:00,70.3,100,ask,EarnestEspressos,DiligentDonuts,1211895
2026-06-30T22:12:47.094287,2026-06-30T22:12:47.099140+00:00,70.3,27,ask,EarnestEspressos,CostlyCorianders,1211903
2026-06-30T22:12:47.094287,2026-06-30T22:12:47.099140+00:00,69.8,17,ask,DiligentDonuts,CostlyCorianders,1211904
2026-06-30T22:12:47.682453,2026-06-30T22:12:47.685161+00:00,69.8,44,ask,DiligentDonuts,CostlyCorianders,1211917
2026-06-30T22:12:48.222948,2026-06-30T22:12:48.228280+00:00,70.8,44,bid,CostlyCorianders,EarnestEspressos,1211925
2026-06-30T22:12:48.749506,2026-06-30T22:12:48.760310+00:00,70.8,50,bid,FlawlessFlatbreads,EarnestEspressos,1211931
2026-06-30T22:12:50.856321,2026-06-30T22:12:50.860127+00:00,70.6,10,bid,FlawlessFlatbreads,Zijun Feng,1211964
2026-06-30T22:12:50.856321,2026-06-30T22:12:50.860127+00:00,70.7,40,bid,FlawlessFlatbreads,DiligentDonuts,1211965
2026-06-30T22:12:54.030495,2026-06-30T22:12:54.032561+00:00,70.5,49,bid,CostlyCorianders,DiligentDonuts,1212023
2026-06-30T22:12:54.568322,2026-06-30T22:12:54.575087+00:00,70.2,47,ask,EarnestEspressos,CostlyCorianders,1212043
2026-06-30T22:12:55.026199,2026-06-30T22:12:55.036871+00:00,70.5,47,bid,CostlyCorianders,DiligentDonuts,1212056
2026-06-30T22:12:57.221908,2026-06-30T22:12:57.226708+00:00,70.5,50,ask,DiligentDonuts,FlawlessFlatbreads,1212072
2026-06-30T22:12:58.005070,2026-06-30T22:12:58.015973+00:00,70.5,45,ask,DiligentDonuts,CostlyCorianders,1212081
2026-06-30T22:12:58.318676,2026-06-30T22:12:58.323615+00:00,70.5,5,ask,DiligentDonuts,Xuanyu Liu,1212087
