timestamp,recv_time,price,volume,aggressor_side,buyer,seller,trade_id
2026-07-07T11:00:01.235860,2026-07-07T11:00:01.246414+00:00,149.6,50,ask,,,10757199
2026-07-07T11:00:01.450910,2026-07-07T11:00:01.452673+00:00,149.6,10,bid,,,10757201
2026-07-07T11:00:01.796198,2026-07-07T11:00:01.805196+00:00,149.6,12,bid,,,10757217
2026-07-07T11:00:01.827298,2026-07-07T11:00:01.805196+00:00,149.4,49,ask,,,10757219
2026-07-07T11:00:03.053589,2026-07-07T11:00:03.033916+00:00,149.6,41,bid,,,10757242
2026-07-07T11:00:03.171680,2026-07-07T11:00:03.183439+00:00,149.6,11,bid,,,10757244
2026-07-07T11:00:03.295238,2026-07-07T11:00:03.309989+00:00,149.6,50,bid,,,10757249
2026-07-07T11:00:04.558835,2026-07-07T11:00:04.566995+00:00,149.7,12,bid,,,10757273
2026-07-07T11:00:04.558835,2026-07-07T11:00:04.566995+00:00,149.7,10,bid,,,10757274
2026-07-07T11:00:04.573301,2026-07-07T11:00:04.590156+00:00,149.8,11,ask,,,10757275
2026-07-07T11:00:05.257837,2026-07-07T11:00:05.269745+00:00,149.9,12,bid,,,10757283
2026-07-07T11:00:05.257837,2026-07-07T11:00:05.269745+00:00,149.9,10,bid,,,10757284
2026-07-07T11:00:05.257837,2026-07-07T11:00:05.269745+00:00,150.0,22,bid,,,10757285
2026-07-07T11:00:05.316057,2026-07-07T11:00:05.347356+00:00,149.8,44,ask,,,10757286
2026-07-07T11:00:05.458317,2026-07-07T11:00:05.470055+00:00,149.8,50,ask,,,10757292
2026-07-07T11:00:07.073259,2026-07-07T11:00:07.081122+00:00,149.8,23,ask,,,10757319
2026-07-07T11:00:07.073259,2026-07-07T11:00:07.086142+00:00,149.8,10,ask,,,10757320
2026-07-07T11:00:07.073259,2026-07-07T11:00:07.086142+00:00,149.4,12,ask,,,10757321
2026-07-07T11:00:07.073259,2026-07-07T11:00:07.086142+00:00,149.4,4,ask,,,10757322
2026-07-07T11:00:07.636770,2026-07-07T11:00:07.644769+00:00,149.9,44,bid,,,10757327
2026-07-07T11:00:07.776368,2026-07-07T11:00:07.783730+00:00,149.7,10,ask,,,10757330
2026-07-07T11:00:08.733279,2026-07-07T11:00:08.745097+00:00,149.4,46,ask,,,10757345
2026-07-07T11:00:09.617866,2026-07-07T11:00:09.630038+00:00,149.6,50,bid,,,10757362
2026-07-07T11:00:09.671547,2026-07-07T11:00:09.683332+00:00,149.6,11,bid,,,10757365
2026-07-07T11:00:11.248946,2026-07-07T11:00:11.258545+00:00,149.7,10,bid,,,10757385
2026-07-07T11:00:11.248946,2026-07-07T11:00:11.258545+00:00,149.8,39,bid,,,10757386
2026-07-07T11:00:11.717293,2026-07-07T11:00:11.729415+00:00,149.5,12,ask,,,10757391
2026-07-07T11:00:11.717293,2026-07-07T11:00:11.729415+00:00,149.5,34,ask,,,10757392
2026-07-07T11:00:11.780552,2026-07-07T11:00:11.792345+00:00,149.5,50,ask,,,10757393
2026-07-07T11:00:13.197671,2026-07-07T11:00:13.208785+00:00,149.8,10,bid,,,10757406
2026-07-07T11:00:13.197671,2026-07-07T11:00:13.208785+00:00,149.9,12,bid,,,10757407
2026-07-07T11:00:13.197671,2026-07-07T11:00:13.208785+00:00,150.0,22,bid,,,10757408
2026-07-07T11:00:13.839186,2026-07-07T11:00:13.845888+00:00,150.0,50,bid,,,10757418
2026-07-07T11:00:16.084928,2026-07-07T11:00:16.105988+00:00,149.7,10,ask,,,10757446
2026-07-07T11:00:16.084928,2026-07-07T11:00:16.105988+00:00,149.7,1,ask,,,10757447
2026-07-07T11:00:16.164674,2026-07-07T11:00:16.161884+00:00,149.7,4,ask,,,10757452
2026-07-07T11:00:16.382449,2026-07-07T11:00:16.393911+00:00,149.8,4,bid,,,10757461
2026-07-07T11:00:18.086888,2026-07-07T11:00:18.093814+00:00,149.8,12,bid,,,10757480
2026-07-07T11:00:18.086888,2026-07-07T11:00:18.099272+00:00,149.9,30,bid,,,10757481
2026-07-07T11:00:18.101255,2026-07-07T11:00:18.109776+00:00,149.7,50,ask,,,10757483
2026-07-07T11:00:19.637575,2026-07-07T11:00:19.647640+00:00,149.7,10,ask,,,10757514
2026-07-07T11:00:19.637575,2026-07-07T11:00:19.647640+00:00,149.4,35,ask,,,10757515
2026-07-07T11:00:20.206602,2026-07-07T11:00:20.218813+00:00,149.4,50,ask,,,10757519
2026-07-07T11:00:22.314967,2026-07-07T11:00:22.321910+00:00,149.4,12,ask,,,10757554
2026-07-07T11:00:22.314967,2026-07-07T11:00:22.327137+00:00,149.4,10,ask,,,10757555
2026-07-07T11:00:22.314967,2026-07-07T11:00:22.327137+00:00,149.2,28,ask,,,10757556
2026-07-07T11:00:22.836433,2026-07-07T11:00:22.849157+00:00,149.4,10,bid,,,10757570
2026-07-07T11:00:23.177657,2026-07-07T11:00:23.184499+00:00,149.5,10,bid,,,10757581
2026-07-07T11:00:23.177657,2026-07-07T11:00:23.189779+00:00,149.6,35,bid,,,10757582
2026-07-07T11:00:23.813513,2026-07-07T11:00:23.823947+00:00,149.2,47,ask,,,10757584
2026-07-07T11:00:24.423913,2026-07-07T11:00:24.435758+00:00,149.2,25,ask,,,10757596
2026-07-07T11:00:24.423913,2026-07-07T11:00:24.435758+00:00,149.2,12,ask,,,10757597
2026-07-07T11:00:24.423913,2026-07-07T11:00:24.435758+00:00,149.2,10,ask,,,10757598
2026-07-07T11:00:24.423913,2026-07-07T11:00:24.435758+00:00,149.1,3,ask,,,10757599
2026-07-07T11:00:25.014744,2026-07-07T11:00:25.023612+00:00,149.4,1,bid,,,10757609
2026-07-07T11:00:26.537384,2026-07-07T11:00:26.549018+00:00,149.1,50,ask,,,10757631
2026-07-07T11:00:28.645498,2026-07-07T11:00:28.656782+00:00,149.1,10,ask,,,10757665
2026-07-07T11:00:28.645498,2026-07-07T11:00:28.656782+00:00,149.1,20,ask,,,10757666
2026-07-07T11:00:28.645498,2026-07-07T11:00:28.656782+00:00,148.9,20,ask,,,10757667
2026-07-07T11:00:29.299866,2026-07-07T11:00:29.311936+00:00,149.3,10,bid,,,10757674
2026-07-07T11:00:29.299866,2026-07-07T11:00:29.311936+00:00,149.4,36,bid,,,10757675
2026-07-07T11:00:30.526177,2026-07-07T11:00:30.537207+00:00,149.3,43,bid,,,10757695
2026-07-07T11:00:30.712019,2026-07-07T11:00:30.721293+00:00,149.1,11,ask,,,10757701
2026-07-07T11:00:30.757814,2026-07-07T11:00:30.769374+00:00,149.1,1,ask,,,10757704
2026-07-07T11:00:30.757814,2026-07-07T11:00:30.769374+00:00,149.1,10,ask,,,10757705
2026-07-07T11:00:30.757814,2026-07-07T11:00:30.769374+00:00,148.9,39,ask,,,10757706
2026-07-07T11:00:30.849454,2026-07-07T11:00:30.858586+00:00,148.9,20,ask,,,10757708
2026-07-07T11:00:31.020626,2026-07-07T11:00:31.028813+00:00,148.9,41,ask,,,10757711
2026-07-07T11:00:31.020626,2026-07-07T11:00:31.033877+00:00,148.8,3,ask,,,10757712
2026-07-07T11:00:31.840727,2026-07-07T11:00:31.852644+00:00,148.9,10,ask,,,10757724
2026-07-07T11:00:31.840727,2026-07-07T11:00:31.852644+00:00,148.8,90,ask,,,10757725
2026-07-07T11:00:32.286823,2026-07-07T11:00:32.299327+00:00,149.0,10,bid,,,10757731
2026-07-07T11:00:32.300515,2026-07-07T11:00:32.312323+00:00,149.1,1,bid,,,10757734
2026-07-07T11:00:32.872236,2026-07-07T11:00:32.884189+00:00,148.8,50,ask,,,10757741
2026-07-07T11:00:33.012535,2026-07-07T11:00:33.022364+00:00,148.8,10,ask,,,10757747
2026-07-07T11:00:33.012535,2026-07-07T11:00:33.022364+00:00,148.7,12,ask,,,10757748
2026-07-07T11:00:33.012535,2026-07-07T11:00:33.027851+00:00,148.7,19,ask,,,10757749
2026-07-07T11:00:33.117764,2026-07-07T11:00:33.129780+00:00,148.8,10,ask,,,10757752
2026-07-07T11:00:33.117764,2026-07-07T11:00:33.129780+00:00,148.7,1,ask,,,10757753
2026-07-07T11:00:33.131003,2026-07-07T11:00:33.142373+00:00,148.6,34,bid,,,10757754
2026-07-07T11:00:33.331613,2026-07-07T11:00:33.338486+00:00,148.6,12,bid,,,10757758
2026-07-07T11:00:33.392029,2026-07-07T11:00:33.400421+00:00,148.5,10,ask,,,10757763
2026-07-07T11:00:34.981768,2026-07-07T11:00:34.992661+00:00,148.5,10,ask,,,10757788
2026-07-07T11:00:34.981768,2026-07-07T11:00:34.992661+00:00,148.5,20,ask,,,10757789
2026-07-07T11:00:34.981768,2026-07-07T11:00:34.992661+00:00,148.4,20,ask,,,10757790
2026-07-07T11:00:35.358364,2026-07-07T11:00:35.369872+00:00,148.6,12,bid,,,10757795
2026-07-07T11:00:35.970324,2026-07-07T11:00:35.980576+00:00,148.6,12,bid,,,10757805
2026-07-07T11:00:36.001260,2026-07-07T11:00:36.012066+00:00,148.6,25,bid,,,10757808
2026-07-07T11:00:36.222310,2026-07-07T11:00:36.229329+00:00,148.6,10,bid,,,10757813
2026-07-07T11:00:37.091144,2026-07-07T11:00:37.098398+00:00,148.6,50,ask,,,10757822
2026-07-07T11:00:37.223786,2026-07-07T11:00:37.235507+00:00,148.8,10,bid,,,10757825
2026-07-07T11:00:37.223786,2026-07-07T11:00:37.235507+00:00,148.9,33,bid,,,10757826
2026-07-07T11:00:38.336895,2026-07-07T11:00:38.350894+00:00,148.9,10,bid,,,10757844
2026-07-07T11:00:38.336895,2026-07-07T11:00:38.355902+00:00,149.1,12,bid,,,10757845
2026-07-07T11:00:38.336895,2026-07-07T11:00:38.355902+00:00,149.1,23,bid,,,10757846
2026-07-07T11:00:39.204451,2026-07-07T11:00:39.216494+00:00,148.6,50,ask,,,10757860
2026-07-07T11:00:40.786862,2026-07-07T11:00:40.797092+00:00,148.6,12,ask,,,10757885
2026-07-07T11:00:41.315202,2026-07-07T11:00:41.327630+00:00,148.6,10,ask,,,10757895
2026-07-07T11:00:41.315202,2026-07-07T11:00:41.327630+00:00,148.3,40,ask,,,10757896
2026-07-07T11:00:42.783716,2026-07-07T11:00:42.790108+00:00,148.6,41,bid,,,10757917
2026-07-07T11:00:43.233464,2026-07-07T11:00:43.243625+00:00,148.6,12,bid,,,10757926
2026-07-07T11:00:43.424177,2026-07-07T11:00:43.434781+00:00,148.5,10,ask,,,10757931
2026-07-07T11:00:43.424177,2026-07-07T11:00:43.434781+00:00,148.4,20,ask,,,10757932
2026-07-07T11:00:43.424177,2026-07-07T11:00:43.434781+00:00,148.3,20,ask,,,10757933
2026-07-07T11:00:45.538415,2026-07-07T11:00:45.551489+00:00,148.4,12,ask,,,10757965
2026-07-07T11:00:45.538415,2026-07-07T11:00:45.551489+00:00,148.4,10,ask,,,10757966
2026-07-07T11:00:45.538415,2026-07-07T11:00:45.551489+00:00,148.2,28,ask,,,10757967
2026-07-07T11:00:47.223178,2026-07-07T11:00:47.235091+00:00,148.2,41,ask,,,10757998
2026-07-07T11:00:47.668085,2026-07-07T11:00:47.679840+00:00,148.1,20,ask,,,10758005
2026-07-07T11:00:47.668085,2026-07-07T11:00:47.679840+00:00,148.0,30,ask,,,10758006
2026-07-07T11:00:47.811750,2026-07-07T11:00:47.822761+00:00,148.3,10,bid,,,10758008
2026-07-07T11:00:49.161212,2026-07-07T11:00:49.171234+00:00,148.3,23,bid,,,10758024
2026-07-07T11:00:49.308557,2026-07-07T11:00:49.317460+00:00,148.3,25,bid,,,10758033
2026-07-07T11:00:49.323227,2026-07-07T11:00:49.332993+00:00,148.3,12,bid,,,10758034
2026-07-07T11:00:49.340408,2026-07-07T11:00:49.348636+00:00,148.2,20,ask,,,10758036
2026-07-07T11:00:49.340408,2026-07-07T11:00:49.354077+00:00,148.1,10,ask,,,10758037
2026-07-07T11:00:49.340408,2026-07-07T11:00:49.354077+00:00,147.9,18,ask,,,10758038
2026-07-07T11:00:49.499587,2026-07-07T11:00:49.509925+00:00,148.2,6,bid,,,10758041
2026-07-07T11:00:49.531410,2026-07-07T11:00:49.538976+00:00,148.2,4,bid,,,10758044
2026-07-07T11:00:49.726209,2026-07-07T11:00:49.738114+00:00,148.3,50,bid,,,10758049
2026-07-07T11:00:49.767592,2026-07-07T11:00:49.774738+00:00,148.3,25,bid,,,10758053
2026-07-07T11:00:50.019044,2026-07-07T11:00:50.028700+00:00,148.3,1,bid,,,10758058
2026-07-07T11:00:50.356510,2026-07-07T11:00:50.365740+00:00,148.3,12,bid,,,10758060
2026-07-07T11:00:50.873555,2026-07-07T11:00:50.884743+00:00,148.3,1,bid,,,10758069
2026-07-07T11:00:51.834172,2026-07-07T11:00:51.844275+00:00,148.3,1,bid,,,10758085
2026-07-07T11:00:51.834172,2026-07-07T11:00:51.844275+00:00,148.4,49,bid,,,10758086
2026-07-07T11:00:52.057091,2026-07-07T11:00:52.064885+00:00,148.4,51,bid,,,10758087
2026-07-07T11:00:52.057091,2026-07-07T11:00:52.070363+00:00,148.4,10,bid,,,10758088
2026-07-07T11:00:52.080170,2026-07-07T11:00:52.092439+00:00,148.5,29,ask,,,10758091
2026-07-07T11:00:52.096149,2026-07-07T11:00:52.108161+00:00,148.5,10,ask,,,10758093
2026-07-07T11:00:53.942020,2026-07-07T11:00:53.953769+00:00,148.6,20,bid,,,10758117
2026-07-07T11:00:53.942020,2026-07-07T11:00:53.953769+00:00,148.7,12,bid,,,10758118
2026-07-07T11:00:53.942020,2026-07-07T11:00:53.953769+00:00,148.7,10,bid,,,10758119
2026-07-07T11:00:54.150290,2026-07-07T11:00:54.163976+00:00,148.6,20,bid,,,10758126
2026-07-07T11:00:54.150290,2026-07-07T11:00:54.163976+00:00,148.7,26,bid,,,10758127
2026-07-07T11:00:57.979525,2026-07-07T11:00:57.991243+00:00,148.5,12,ask,,,10758179
2026-07-07T11:00:57.979525,2026-07-07T11:00:57.991243+00:00,148.5,10,ask,,,10758180
2026-07-07T11:00:57.979525,2026-07-07T11:00:57.991243+00:00,148.3,19,ask,,,10758181
2026-07-07T11:00:59.504491,2026-07-07T11:00:59.516159+00:00,148.7,43,bid,,,10758211
2026-07-07T11:01:00.131632,2026-07-07T11:01:00.143253+00:00,148.5,10,ask,,,10758216
2026-07-07T11:01:00.131632,2026-07-07T11:01:00.143253+00:00,148.3,36,ask,,,10758217
2026-07-07T11:01:00.171917,2026-07-07T11:01:00.183743+00:00,148.7,12,bid,,,10758220
2026-07-07T11:01:00.255175,2026-07-07T11:01:00.264264+00:00,148.7,25,bid,,,10758225
2026-07-07T11:01:00.281612,2026-07-07T11:01:00.291008+00:00,148.6,10,bid,,,10758228
2026-07-07T11:01:00.292081,2026-07-07T11:01:00.306634+00:00,148.7,50,bid,,,10758230
2026-07-07T11:01:00.480046,2026-07-07T11:01:00.491262+00:00,148.7,15,bid,,,10758235
2026-07-07T11:01:01.553344,2026-07-07T11:01:01.565363+00:00,148.8,10,bid,,,10758254
2026-07-07T11:01:01.553344,2026-07-07T11:01:01.565363+00:00,149.0,12,bid,,,10758255
2026-07-07T11:01:01.553344,2026-07-07T11:01:01.565363+00:00,149.0,100,bid,,,10758256
2026-07-07T11:01:01.553344,2026-07-07T11:01:01.565363+00:00,149.0,20,bid,,,10758257
2026-07-07T11:01:01.625738,2026-07-07T11:01:01.636050+00:00,149.1,8,ask,,,10758260
2026-07-07T11:01:02.096858,2026-07-07T11:01:02.106534+00:00,148.8,2,ask,,,10758272
2026-07-07T11:01:03.429285,2026-07-07T11:01:03.438005+00:00,149.0,12,bid,,,10758294
2026-07-07T11:01:03.429285,2026-07-07T11:01:03.438005+00:00,149.0,20,bid,,,10758295
2026-07-07T11:01:03.806839,2026-07-07T11:01:03.816316+00:00,148.8,12,ask,,,10758302
2026-07-07T11:01:04.553864,2026-07-07T11:01:04.564181+00:00,148.8,50,ask,,,10758309
2026-07-07T11:01:06.665944,2026-07-07T11:01:06.677603+00:00,148.8,10,ask,,,10758352
2026-07-07T11:01:06.665944,2026-07-07T11:01:06.677603+00:00,148.7,12,ask,,,10758353
2026-07-07T11:01:06.665944,2026-07-07T11:01:06.677603+00:00,148.5,28,ask,,,10758354
2026-07-07T11:01:07.729002,2026-07-07T11:01:07.738640+00:00,148.6,10,ask,,,10758375
2026-07-07T11:01:07.729002,2026-07-07T11:01:07.738640+00:00,148.5,36,ask,,,10758376
2026-07-07T11:01:10.254272,2026-07-07T11:01:10.257611+00:00,148.8,43,bid,,,10758415
2026-07-07T11:01:10.851727,2026-07-07T11:01:10.863603+00:00,148.8,50,bid,,,10758426
2026-07-07T11:01:12.960521,2026-07-07T11:01:12.969082+00:00,148.8,10,bid,,,10758457
2026-07-07T11:01:12.960521,2026-07-07T11:01:12.969082+00:00,149.0,12,bid,,,10758458
2026-07-07T11:01:12.960521,2026-07-07T11:01:12.974360+00:00,149.0,28,bid,,,10758459
2026-07-07T11:01:14.081318,2026-07-07T11:01:14.090219+00:00,148.7,11,ask,,,10758482
2026-07-07T11:01:14.271712,2026-07-07T11:01:14.279445+00:00,148.9,20,ask,,,10758491
2026-07-07T11:01:14.286028,2026-07-07T11:01:14.295617+00:00,148.8,23,bid,,,10758492
2026-07-07T11:01:14.323343,2026-07-07T11:01:14.334519+00:00,148.8,12,bid,,,10758494
2026-07-07T11:01:14.494851,2026-07-07T11:01:14.505293+00:00,148.8,20,bid,,,10758498
2026-07-07T11:01:14.605428,2026-07-07T11:01:14.614581+00:00,148.8,10,bid,,,10758500
2026-07-07T11:01:14.676284,2026-07-07T11:01:14.686730+00:00,148.8,40,bid,,,10758504
2026-07-07T11:01:14.926249,2026-07-07T11:01:14.934940+00:00,148.8,7,bid,,,10758506
2026-07-07T11:01:15.101899,2026-07-07T11:01:15.113498+00:00,148.8,18,bid,,,10758512
2026-07-07T11:01:15.101899,2026-07-07T11:01:15.113498+00:00,148.9,10,bid,,,10758513
2026-07-07T11:01:15.101899,2026-07-07T11:01:15.113498+00:00,149.1,22,bid,,,10758514
2026-07-07T11:01:15.166561,2026-07-07T11:01:15.178080+00:00,148.7,10,ask,,,10758517
2026-07-07T11:01:15.166561,2026-07-07T11:01:15.178080+00:00,148.6,38,ask,,,10758518
2026-07-07T11:01:15.581180,2026-07-07T11:01:15.590280+00:00,148.8,6,ask,,,10758527
2026-07-07T11:01:15.606731,2026-07-07T11:01:15.617584+00:00,148.9,1,ask,,,10758529
2026-07-07T11:01:16.703614,2026-07-07T11:01:16.713687+00:00,148.8,10,ask,,,10758547
2026-07-07T11:01:17.212243,2026-07-07T11:01:17.224246+00:00,148.9,20,bid,,,10758554
2026-07-07T11:01:17.212243,2026-07-07T11:01:17.224246+00:00,148.9,10,bid,,,10758555
2026-07-07T11:01:17.212243,2026-07-07T11:01:17.224246+00:00,149.1,12,bid,,,10758556
2026-07-07T11:01:17.212243,2026-07-07T11:01:17.229233+00:00,149.2,8,bid,,,10758557
2026-07-07T11:01:17.380255,2026-07-07T11:01:17.391847+00:00,149.0,20,bid,,,10758563
2026-07-07T11:01:17.380255,2026-07-07T11:01:17.391847+00:00,149.2,92,bid,,,10758564
2026-07-07T11:01:17.444451,2026-07-07T11:01:17.454901+00:00,149.2,25,ask,,,10758567
2026-07-07T11:01:17.444636,2026-07-07T11:01:17.454901+00:00,149.2,13,ask,,,10758568
2026-07-07T11:01:18.236875,2026-07-07T11:01:18.246990+00:00,148.7,47,ask,,,10758580
2026-07-07T11:01:19.323577,2026-07-07T11:01:19.330696+00:00,149.0,10,bid,,,10758594
2026-07-07T11:01:19.323577,2026-07-07T11:01:19.335965+00:00,149.1,20,bid,,,10758595
2026-07-07T11:01:19.323577,2026-07-07T11:01:19.335965+00:00,149.7,20,bid,,,10758596
2026-07-07T11:01:20.749975,2026-07-07T11:01:20.762580+00:00,149.0,1,bid,,,10758626
2026-07-07T11:01:21.434388,2026-07-07T11:01:21.446217+00:00,149.1,10,bid,,,10758643
2026-07-07T11:01:21.434388,2026-07-07T11:01:21.446217+00:00,149.2,40,bid,,,10758644
2026-07-07T11:01:21.797986,2026-07-07T11:01:21.805584+00:00,149.0,10,ask,,,10758654
2026-07-07T11:01:21.797986,2026-07-07T11:01:21.810817+00:00,148.9,12,ask,,,10758655
2026-07-07T11:01:21.980497,2026-07-07T11:01:21.993003+00:00,149.1,10,ask,,,10758661
2026-07-07T11:01:22.291617,2026-07-07T11:01:22.303135+00:00,149.1,10,bid,,,10758665
2026-07-07T11:01:22.291617,2026-07-07T11:01:22.303135+00:00,149.2,34,bid,,,10758666
2026-07-07T11:01:22.868625,2026-07-07T11:01:22.880557+00:00,148.9,43,ask,,,10758671
2026-07-07T11:01:23.516083,2026-07-07T11:01:23.527698+00:00,149.2,40,bid,,,10758682
2026-07-07T11:01:23.566754,2026-07-07T11:01:23.578491+00:00,149.2,36,bid,,,10758684
2026-07-07T11:01:23.566754,2026-07-07T11:01:23.578491+00:00,149.2,12,bid,,,10758685
2026-07-07T11:01:23.566754,2026-07-07T11:01:23.578491+00:00,149.2,2,bid,,,10758686
2026-07-07T11:01:23.711119,2026-07-07T11:01:23.717708+00:00,149.2,8,bid,,,10758695
2026-07-07T11:01:23.711119,2026-07-07T11:01:23.723225+00:00,149.3,20,bid,,,10758696
2026-07-07T11:01:23.711119,2026-07-07T11:01:23.723225+00:00,149.4,100,bid,,,10758697
2026-07-07T11:01:23.780133,2026-07-07T11:01:23.790495+00:00,149.4,22,ask,,,10758700
2026-07-07T11:01:24.009940,2026-07-07T11:01:24.021400+00:00,149.3,20,bid,,,10758703
2026-07-07T11:01:25.676764,2026-07-07T11:01:25.688670+00:00,149.3,12,bid,,,10758729
2026-07-07T11:01:25.676764,2026-07-07T11:01:25.688670+00:00,149.3,20,bid,,,10758730
2026-07-07T11:01:25.676764,2026-07-07T11:01:25.688670+00:00,149.3,10,bid,,,10758731
2026-07-07T11:01:25.676764,2026-07-07T11:01:25.693710+00:00,149.5,8,bid,,,10758732
2026-07-07T11:01:26.386677,2026-07-07T11:01:26.397998+00:00,149.2,10,ask,,,10758746
2026-07-07T11:01:27.792041,2026-07-07T11:01:27.803006+00:00,149.2,12,bid,,,10758765
2026-07-07T11:01:27.792041,2026-07-07T11:01:27.808206+00:00,149.3,38,bid,,,10758766
2026-07-07T11:01:28.107039,2026-07-07T11:01:28.116553+00:00,149.1,10,ask,,,10758771
2026-07-07T11:01:29.900042,2026-07-07T11:01:29.911771+00:00,149.3,50,bid,,,10758809
2026-07-07T11:01:31.160339,2026-07-07T11:01:31.169028+00:00,149.1,25,ask,,,10758835
2026-07-07T11:01:31.381502,2026-07-07T11:01:31.392902+00:00,149.1,10,ask,,,10758840
2026-07-07T11:01:32.060339,2026-07-07T11:01:32.068469+00:00,149.1,50,ask,,,10758850
2026-07-07T11:01:34.115850,2026-07-07T11:01:34.126109+00:00,149.2,12,bid,,,10758872
2026-07-07T11:01:34.115850,2026-07-07T11:01:34.126109+00:00,149.2,38,bid,,,10758873
2026-07-07T11:01:36.226117,2026-07-07T11:01:36.237940+00:00,149.2,50,bid,,,10758918
2026-07-07T11:01:37.400465,2026-07-07T11:01:37.411210+00:00,149.1,44,ask,,,10758932
2026-07-07T11:01:37.910604,2026-07-07T11:01:37.922153+00:00,149.2,12,bid,,,10758953
2026-07-07T11:01:37.910604,2026-07-07T11:01:37.922153+00:00,149.3,10,bid,,,10758954
2026-07-07T11:01:37.910604,2026-07-07T11:01:37.922153+00:00,149.5,20,bid,,,10758955
2026-07-07T11:01:38.336220,2026-07-07T11:01:38.345086+00:00,149.4,12,bid,,,10758964
2026-07-07T11:01:38.336220,2026-07-07T11:01:38.350358+00:00,149.5,10,bid,,,10758965
2026-07-07T11:01:38.336220,2026-07-07T11:01:38.350358+00:00,149.6,28,bid,,,10758966
2026-07-07T11:01:38.375765,2026-07-07T11:01:38.386744+00:00,149.2,2,ask,,,10758967
2026-07-07T11:01:39.032204,2026-07-07T11:01:39.041521+00:00,149.3,10,ask,,,10758977
2026-07-07T11:01:40.499728,2026-07-07T11:01:40.511640+00:00,149.1,50,ask,,,10758995
2026-07-07T11:01:41.962220,2026-07-07T11:01:41.968770+00:00,149.1,10,ask,,,10759018
2026-07-07T11:01:41.962220,2026-07-07T11:01:41.974355+00:00,149.0,37,ask,,,10759019
2026-07-07T11:01:42.610124,2026-07-07T11:01:42.623225+00:00,149.1,10,ask,,,10759033
2026-07-07T11:01:42.610124,2026-07-07T11:01:42.623225+00:00,149.0,40,ask,,,10759034
2026-07-07T11:01:42.779739,2026-07-07T11:01:42.788414+00:00,149.1,10,ask,,,10759037
2026-07-07T11:01:43.948978,2026-07-07T11:01:43.958580+00:00,149.1,45,bid,,,10759047
2026-07-07T11:01:44.717621,2026-07-07T11:01:44.727588+00:00,148.9,10,ask,,,10759063
2026-07-07T11:01:44.717621,2026-07-07T11:01:44.727588+00:00,148.8,12,ask,,,10759064
2026-07-07T11:01:44.717621,2026-07-07T11:01:44.727588+00:00,148.8,28,ask,,,10759065
2026-07-07T11:01:44.924824,2026-07-07T11:01:44.934096+00:00,149.0,10,bid,,,10759068
2026-07-07T11:01:45.004464,2026-07-07T11:01:45.014925+00:00,148.8,40,ask,,,10759070
2026-07-07T11:01:46.041009,2026-07-07T11:01:46.052684+00:00,149.0,10,bid,,,10759090
2026-07-07T11:01:46.041009,2026-07-07T11:01:46.052684+00:00,149.1,12,bid,,,10759091
2026-07-07T11:01:46.041009,2026-07-07T11:01:46.052684+00:00,149.3,26,bid,,,10759092
2026-07-07T11:01:46.607620,2026-07-07T11:01:46.619255+00:00,148.8,32,ask,,,10759102
2026-07-07T11:01:46.607620,2026-07-07T11:01:46.619255+00:00,148.8,14,ask,,,10759103
2026-07-07T11:01:46.835881,2026-07-07T11:01:46.846601+00:00,148.8,50,ask,,,10759115
2026-07-07T11:01:48.239242,2026-07-07T11:01:48.247181+00:00,149.0,10,bid,,,10759133
2026-07-07T11:01:48.239242,2026-07-07T11:01:48.258551+00:00,149.1,36,bid,,,10759134
2026-07-07T11:01:51.055219,2026-07-07T11:01:51.054283+00:00,148.7,12,ask,,,10759179
2026-07-07T11:01:51.055219,2026-07-07T11:01:51.069579+00:00,148.6,38,ask,,,10759180
2026-07-07T11:01:53.165618,2026-07-07T11:01:53.177770+00:00,148.8,12,ask,,,10759214
2026-07-07T11:01:53.165618,2026-07-07T11:01:53.177770+00:00,148.8,10,ask,,,10759215
2026-07-07T11:01:53.165618,2026-07-07T11:01:53.183019+00:00,148.7,28,ask,,,10759216
2026-07-07T11:01:53.499321,2026-07-07T11:01:53.508242+00:00,149.0,10,bid,,,10759223
2026-07-07T11:01:55.228088,2026-07-07T11:01:55.240088+00:00,149.1,10,bid,,,10759247
2026-07-07T11:01:55.228088,2026-07-07T11:01:55.240088+00:00,149.2,40,bid,,,10759248
2026-07-07T11:01:57.124996,2026-07-07T11:01:57.135224+00:00,148.9,10,ask,,,10759275
2026-07-07T11:01:57.340753,2026-07-07T11:01:57.352383+00:00,149.0,12,bid,,,10759288
2026-07-07T11:01:57.340753,2026-07-07T11:01:57.352383+00:00,149.0,10,bid,,,10759289
2026-07-07T11:01:58.229715,2026-07-07T11:01:58.241857+00:00,148.7,12,ask,,,10759303
2026-07-07T11:01:58.229715,2026-07-07T11:01:58.241857+00:00,148.7,10,ask,,,10759304
2026-07-07T11:01:58.229715,2026-07-07T11:01:58.241857+00:00,148.6,25,ask,,,10759305
2026-07-07T11:02:00.281494,2026-07-07T11:02:00.295634+00:00,148.6,10,ask,,,10759342
2026-07-07T11:02:00.281494,2026-07-07T11:02:00.295634+00:00,148.6,12,ask,,,10759343
2026-07-07T11:02:00.281494,2026-07-07T11:02:00.300900+00:00,148.4,24,ask,,,10759344
2026-07-07T11:02:01.606352,2026-07-07T11:02:01.615966+00:00,148.6,10,ask,,,10759369
2026-07-07T11:02:01.606352,2026-07-07T11:02:01.615966+00:00,148.4,12,ask,,,10759370
2026-07-07T11:02:01.606352,2026-07-07T11:02:01.615966+00:00,148.4,20,ask,,,10759371
2026-07-07T11:02:01.606352,2026-07-07T11:02:01.621207+00:00,148.3,8,ask,,,10759372
2026-07-07T11:02:01.750933,2026-07-07T11:02:01.757426+00:00,148.8,44,bid,,,10759376
2026-07-07T11:02:01.937690,2026-07-07T11:02:01.946723+00:00,148.6,10,bid,,,10759378
2026-07-07T11:02:02.254454,2026-07-07T11:02:02.265390+00:00,148.6,2,bid,,,10759387
2026-07-07T11:02:07.900465,2026-07-07T11:02:07.909625+00:00,148.5,11,bid,,,10759498
2026-07-07T11:02:07.945216,2026-07-07T11:02:07.956997+00:00,148.3,10,ask,,,10759500
2026-07-07T11:02:08.513137,2026-07-07T11:02:08.524910+00:00,148.5,46,bid,,,10759511
2026-07-07T11:02:09.589633,2026-07-07T11:02:09.597347+00:00,148.4,12,ask,,,10759528
2026-07-07T11:02:09.589633,2026-07-07T11:02:09.602598+00:00,148.4,10,ask,,,10759529
2026-07-07T11:02:09.589633,2026-07-07T11:02:09.602598+00:00,148.4,20,ask,,,10759530
2026-07-07T11:02:09.589633,2026-07-07T11:02:09.602598+00:00,148.3,1,ask,,,10759531
2026-07-07T11:02:10.004940,2026-07-07T11:02:10.012453+00:00,148.5,10,bid,,,10759544
2026-07-07T11:02:10.004940,2026-07-07T11:02:10.017764+00:00,148.7,12,bid,,,10759545
2026-07-07T11:02:10.004940,2026-07-07T11:02:10.017764+00:00,148.8,28,bid,,,10759546
2026-07-07T11:02:12.168649,2026-07-07T11:02:12.176637+00:00,148.4,50,ask,,,10759595
2026-07-07T11:02:14.278799,2026-07-07T11:02:14.288221+00:00,148.5,12,ask,,,10759631
2026-07-07T11:02:14.278799,2026-07-07T11:02:14.288221+00:00,148.5,10,ask,,,10759632
2026-07-07T11:02:14.278799,2026-07-07T11:02:14.293618+00:00,148.4,20,ask,,,10759633
2026-07-07T11:02:14.278799,2026-07-07T11:02:14.293618+00:00,148.3,8,ask,,,10759634
2026-07-07T11:02:14.401709,2026-07-07T11:02:14.413029+00:00,148.5,10,bid,,,10759636
2026-07-07T11:02:14.562171,2026-07-07T11:02:14.573916+00:00,148.6,45,bid,,,10759643
2026-07-07T11:02:15.290549,2026-07-07T11:02:15.299542+00:00,148.6,1,bid,,,10759659
2026-07-07T11:02:15.556623,2026-07-07T11:02:15.569588+00:00,148.5,20,ask,,,10759665
2026-07-07T11:02:15.556623,2026-07-07T11:02:15.569588+00:00,148.5,12,ask,,,10759666
2026-07-07T11:02:15.556623,2026-07-07T11:02:15.569588+00:00,148.4,9,ask,,,10759667
2026-07-07T11:02:16.392753,2026-07-07T11:02:16.401682+00:00,148.5,50,ask,,,10759684
2026-07-07T11:02:17.657086,2026-07-07T11:02:17.665545+00:00,148.7,10,bid,,,10759712
2026-07-07T11:02:17.657086,2026-07-07T11:02:17.665545+00:00,148.8,12,bid,,,10759713
2026-07-07T11:02:17.657086,2026-07-07T11:02:17.670526+00:00,148.9,25,bid,,,10759714
2026-07-07T11:02:18.512377,2026-07-07T11:02:18.524150+00:00,148.5,50,ask,,,10759728
2026-07-07T11:02:19.830104,2026-07-07T11:02:19.841650+00:00,148.5,10,ask,,,10759747
2026-07-07T11:02:19.830104,2026-07-07T11:02:19.841650+00:00,148.4,36,ask,,,10759748
2026-07-07T11:02:20.433938,2026-07-07T11:02:20.435792+00:00,148.6,42,bid,,,10759757
2026-07-07T11:02:20.621890,2026-07-07T11:02:20.628455+00:00,148.4,50,ask,,,10759760
2026-07-07T11:02:20.963964,2026-07-07T11:02:20.971996+00:00,148.6,49,bid,,,10759766
2026-07-07T11:02:24.795041,2026-07-07T11:02:24.801563+00:00,148.7,50,bid,,,10759824
2026-07-07T11:02:26.928970,2026-07-07T11:02:26.939286+00:00,148.7,50,bid,,,10759857
2026-07-07T11:02:28.051723,2026-07-07T11:02:28.063692+00:00,148.8,12,ask,,,10759877
2026-07-07T11:02:28.051723,2026-07-07T11:02:28.063692+00:00,148.7,28,ask,,,10759878
2026-07-07T11:02:29.043291,2026-07-07T11:02:29.058549+00:00,148.9,10,bid,,,10759893
2026-07-07T11:02:29.043291,2026-07-07T11:02:29.058549+00:00,149.0,40,bid,,,10759894
2026-07-07T11:02:30.979864,2026-07-07T11:02:30.986487+00:00,148.5,38,ask,,,10759932
2026-07-07T11:02:31.179623,2026-07-07T11:02:31.189936+00:00,148.9,12,bid,,,10759935
2026-07-07T11:02:31.179623,2026-07-07T11:02:31.189936+00:00,148.9,20,bid,,,10759936
2026-07-07T11:02:31.179623,2026-07-07T11:02:31.195385+00:00,149.0,18,bid,,,10759937
2026-07-07T11:02:32.667195,2026-07-07T11:02:32.678809+00:00,148.8,40,ask,,,10759957
2026-07-07T11:02:34.288866,2026-07-07T11:02:34.300627+00:00,149.2,12,bid,,,10759995
2026-07-07T11:02:34.288866,2026-07-07T11:02:34.300627+00:00,149.3,30,bid,,,10759996
2026-07-07T11:02:34.345330,2026-07-07T11:02:34.356942+00:00,148.8,43,ask,,,10759999
2026-07-07T11:02:35.454448,2026-07-07T11:02:35.457621+00:00,148.9,12,ask,,,10760015
2026-07-07T11:02:35.454448,2026-07-07T11:02:35.457621+00:00,148.8,38,ask,,,10760016
2026-07-07T11:02:37.120597,2026-07-07T11:02:37.128375+00:00,148.8,44,ask,,,10760044
2026-07-07T11:02:39.641042,2026-07-07T11:02:39.651263+00:00,149.0,12,bid,,,10760083
2026-07-07T11:02:39.641042,2026-07-07T11:02:39.658583+00:00,149.0,20,bid,,,10760084
2026-07-07T11:02:39.641042,2026-07-07T11:02:39.658583+00:00,149.1,18,bid,,,10760085
2026-07-07T11:02:41.752559,2026-07-07T11:02:41.764488+00:00,148.9,50,bid,,,10760127
2026-07-07T11:02:43.246011,2026-07-07T11:02:43.256852+00:00,148.9,12,bid,,,10760146
2026-07-07T11:02:43.915169,2026-07-07T11:02:43.922474+00:00,148.8,50,ask,,,10760153
2026-07-07T11:02:44.817046,2026-07-07T11:02:44.827798+00:00,149.1,12,bid,,,10760167
2026-07-07T11:02:44.817046,2026-07-07T11:02:44.832760+00:00,149.3,29,bid,,,10760168
2026-07-07T11:02:45.333412,2026-07-07T11:02:45.340884+00:00,149.2,47,bid,,,10760182
2026-07-07T11:02:45.387914,2026-07-07T11:02:45.396336+00:00,148.8,40,ask,,,10760185
2026-07-07T11:02:45.970709,2026-07-07T11:02:45.982251+00:00,149.2,50,bid,,,10760193
2026-07-07T11:02:47.513762,2026-07-07T11:02:47.527445+00:00,148.8,12,ask,,,10760222
2026-07-07T11:02:47.513762,2026-07-07T11:02:47.532682+00:00,148.7,28,ask,,,10760223
2026-07-07T11:02:47.949411,2026-07-07T11:02:47.956065+00:00,148.9,100,bid,,,10760232
2026-07-07T11:02:49.605775,2026-07-07T11:02:49.616411+00:00,149.1,12,bid,,,10760254
2026-07-07T11:02:49.605775,2026-07-07T11:02:49.616411+00:00,149.3,36,bid,,,10760255
2026-07-07T11:02:50.245209,2026-07-07T11:02:50.258596+00:00,148.8,12,ask,,,10760274
2026-07-07T11:02:50.245209,2026-07-07T11:02:50.258596+00:00,148.8,38,ask,,,10760275
2026-07-07T11:02:52.368536,2026-07-07T11:02:52.379151+00:00,148.8,20,ask,,,10760298
2026-07-07T11:02:52.368536,2026-07-07T11:02:52.384566+00:00,148.7,30,ask,,,10760299
2026-07-07T11:02:52.716210,2026-07-07T11:02:52.722945+00:00,148.9,42,ask,,,10760307
2026-07-07T11:02:54.477526,2026-07-07T11:02:54.486697+00:00,148.9,50,ask,,,10760331
2026-07-07T11:02:55.408786,2026-07-07T11:02:55.420392+00:00,149.1,44,bid,,,10760344
2026-07-07T11:02:56.980281,2026-07-07T11:02:56.991836+00:00,148.7,20,ask,,,10760361
2026-07-07T11:02:56.980281,2026-07-07T11:02:56.991836+00:00,148.6,27,ask,,,10760362
2026-07-07T11:02:59.262927,2026-07-07T11:02:59.272249+00:00,148.7,12,bid,,,10760404
2026-07-07T11:03:00.412414,2026-07-07T11:03:00.421566+00:00,148.7,12,bid,,,10760416
2026-07-07T11:03:00.774756,2026-07-07T11:03:00.783277+00:00,148.7,50,bid,,,10760424
2026-07-07T11:03:01.149074,2026-07-07T11:03:01.155858+00:00,148.7,47,bid,,,10760428
2026-07-07T11:03:01.723961,2026-07-07T11:03:01.733843+00:00,148.7,11,bid,,,10760442
2026-07-07T11:03:01.815172,2026-07-07T11:03:01.822010+00:00,148.7,18,bid,,,10760447
2026-07-07T11:03:01.873660,2026-07-07T11:03:01.883197+00:00,149.0,100,bid,,,10760450
2026-07-07T11:03:01.884274,2026-07-07T11:03:01.894790+00:00,149.1,23,ask,,,10760451
2026-07-07T11:03:02.188135,2026-07-07T11:03:02.199033+00:00,149.1,27,ask,,,10760456
2026-07-07T11:03:02.188135,2026-07-07T11:03:02.199033+00:00,148.7,19,ask,,,10760457
2026-07-07T11:03:02.891333,2026-07-07T11:03:02.900055+00:00,149.2,20,bid,,,10760465
2026-07-07T11:03:02.891333,2026-07-07T11:03:02.905281+00:00,149.2,12,bid,,,10760466
2026-07-07T11:03:02.891333,2026-07-07T11:03:02.905281+00:00,149.6,18,bid,,,10760467
2026-07-07T11:03:05.012392,2026-07-07T11:03:05.024769+00:00,149.3,12,bid,,,10760496
2026-07-07T11:03:05.012392,2026-07-07T11:03:05.024769+00:00,149.4,20,bid,,,10760497
2026-07-07T11:03:05.012392,2026-07-07T11:03:05.024769+00:00,149.5,18,bid,,,10760498
2026-07-07T11:03:07.139792,2026-07-07T11:03:07.151641+00:00,149.2,50,bid,,,10760533
2026-07-07T11:03:07.469212,2026-07-07T11:03:07.480856+00:00,149.1,47,ask,,,10760535
2026-07-07T11:03:08.577879,2026-07-07T11:03:08.590463+00:00,149.1,11,ask,,,10760551
2026-07-07T11:03:08.674959,2026-07-07T11:03:08.683444+00:00,149.1,25,ask,,,10760555
2026-07-07T11:03:08.896216,2026-07-07T11:03:08.905037+00:00,149.1,17,ask,,,10760559
2026-07-07T11:03:09.093576,2026-07-07T11:03:09.103821+00:00,149.3,43,bid,,,10760564
2026-07-07T11:03:09.249721,2026-07-07T11:03:09.261897+00:00,149.3,50,bid,,,10760567
2026-07-07T11:03:11.392843,2026-07-07T11:03:11.404738+00:00,149.3,50,bid,,,10760612
2026-07-07T11:03:13.022453,2026-07-07T11:03:13.034238+00:00,149.3,47,bid,,,10760633
2026-07-07T11:03:13.502535,2026-07-07T11:03:13.514151+00:00,149.3,12,bid,,,10760649
2026-07-07T11:03:13.502535,2026-07-07T11:03:13.514151+00:00,149.5,38,bid,,,10760650
2026-07-07T11:03:13.668000,2026-07-07T11:03:13.674723+00:00,149.1,47,ask,,,10760653
2026-07-07T11:03:14.207129,2026-07-07T11:03:14.218748+00:00,149.5,41,bid,,,10760661
2026-07-07T11:03:15.183952,2026-07-07T11:03:15.193609+00:00,149.1,41,ask,,,10760678
2026-07-07T11:03:15.631753,2026-07-07T11:03:15.640273+00:00,149.4,20,bid,,,10760685
2026-07-07T11:03:15.631753,2026-07-07T11:03:15.645539+00:00,149.5,21,bid,,,10760686
2026-07-07T11:03:15.631753,2026-07-07T11:03:15.645539+00:00,149.6,9,bid,,,10760687
2026-07-07T11:03:16.470420,2026-07-07T11:03:16.495501+00:00,149.3,12,bid,,,10760701
2026-07-07T11:03:16.483210,2026-07-07T11:03:16.495501+00:00,149.3,23,ask,,,10760702
2026-07-07T11:03:16.508200,2026-07-07T11:03:16.516006+00:00,149.3,15,ask,,,10760704
2026-07-07T11:03:17.090482,2026-07-07T11:03:17.102515+00:00,149.5,12,bid,,,10760715
2026-07-07T11:03:17.090482,2026-07-07T11:03:17.102515+00:00,149.6,32,bid,,,10760716
2026-07-07T11:03:17.744019,2026-07-07T11:03:17.756178+00:00,149.7,12,bid,,,10760729
2026-07-07T11:03:17.744019,2026-07-07T11:03:17.756178+00:00,149.8,38,bid,,,10760730
2026-07-07T11:03:19.856178,2026-07-07T11:03:19.857926+00:00,149.4,12,bid,,,10760768
2026-07-07T11:03:19.856178,2026-07-07T11:03:19.869341+00:00,149.5,38,bid,,,10760769
2026-07-07T11:03:23.136045,2026-07-07T11:03:23.144251+00:00,149.2,11,ask,,,10760817
2026-07-07T11:03:24.152345,2026-07-07T11:03:24.164121+00:00,149.1,50,ask,,,10760831
2026-07-07T11:03:24.905707,2026-07-07T11:03:24.917235+00:00,149.1,44,ask,,,10760837
2026-07-07T11:03:26.295939,2026-07-07T11:03:26.305300+00:00,148.9,12,ask,,,10760848
2026-07-07T11:03:26.295939,2026-07-07T11:03:26.305300+00:00,148.9,38,ask,,,10760849
2026-07-07T11:03:26.967619,2026-07-07T11:03:26.979154+00:00,148.9,44,ask,,,10760865
2026-07-07T11:03:27.992763,2026-07-07T11:03:28.010894+00:00,149.0,11,bid,,,10760883
2026-07-07T11:03:28.404560,2026-07-07T11:03:28.416095+00:00,148.8,50,ask,,,10760892
2026-07-07T11:03:29.329945,2026-07-07T11:03:29.340231+00:00,149.0,12,bid,,,10760905
2026-07-07T11:03:30.459747,2026-07-07T11:03:30.471554+00:00,149.1,50,bid,,,10760918
2026-07-07T11:03:32.577761,2026-07-07T11:03:32.589601+00:00,149.2,12,bid,,,10760949
2026-07-07T11:03:32.577761,2026-07-07T11:03:32.589601+00:00,149.3,38,bid,,,10760950
2026-07-07T11:03:34.755599,2026-07-07T11:03:34.765298+00:00,148.9,50,ask,,,10760986
2026-07-07T11:03:36.861413,2026-07-07T11:03:36.872908+00:00,148.8,12,ask,,,10761017
2026-07-07T11:03:36.861413,2026-07-07T11:03:36.872908+00:00,148.8,38,ask,,,10761018
2026-07-07T11:03:38.968824,2026-07-07T11:03:38.979338+00:00,148.8,50,ask,,,10761051
2026-07-07T11:03:40.366094,2026-07-07T11:03:40.374969+00:00,148.9,48,bid,,,10761073
2026-07-07T11:03:41.075992,2026-07-07T11:03:41.087844+00:00,148.8,12,ask,,,10761086
2026-07-07T11:03:41.075992,2026-07-07T11:03:41.087844+00:00,148.7,20,ask,,,10761087
2026-07-07T11:03:41.075992,2026-07-07T11:03:41.087844+00:00,148.6,18,ask,,,10761088
2026-07-07T11:03:42.629380,2026-07-07T11:03:42.644828+00:00,148.9,11,bid,,,10761114
2026-07-07T11:03:43.187110,2026-07-07T11:03:43.198829+00:00,148.8,12,ask,,,10761125
2026-07-07T11:03:43.187110,2026-07-07T11:03:43.198829+00:00,148.8,38,ask,,,10761126
2026-07-07T11:03:45.247347,2026-07-07T11:03:45.256467+00:00,149.1,50,bid,,,10761163
2026-07-07T11:03:46.938840,2026-07-07T11:03:46.945628+00:00,149.1,42,bid,,,10761194
2026-07-07T11:03:47.354482,2026-07-07T11:03:47.366388+00:00,149.1,8,bid,,,10761200
2026-07-07T11:03:47.354482,2026-07-07T11:03:47.366388+00:00,149.1,42,bid,,,10761201
2026-07-07T11:03:47.935153,2026-07-07T11:03:47.942100+00:00,149.1,41,bid,,,10761219
2026-07-07T11:03:49.516781,2026-07-07T11:03:49.528458+00:00,149.1,50,ask,,,10761240
2026-07-07T11:03:51.625094,2026-07-07T11:03:51.636507+00:00,149.1,50,ask,,,10761268
2026-07-07T11:03:52.695034,2026-07-07T11:03:52.703100+00:00,149.1,12,ask,,,10761284
2026-07-07T11:03:52.695034,2026-07-07T11:03:52.703100+00:00,149.1,32,ask,,,10761285
2026-07-07T11:03:53.171643,2026-07-07T11:03:53.183432+00:00,149.1,41,ask,,,10761294
2026-07-07T11:03:53.731526,2026-07-07T11:03:53.743328+00:00,149.1,27,ask,,,10761303
2026-07-07T11:03:53.731526,2026-07-07T11:03:53.743328+00:00,149.1,20,ask,,,10761304
2026-07-07T11:03:54.310493,2026-07-07T11:03:54.321837+00:00,149.3,48,bid,,,10761314
2026-07-07T11:03:56.015487,2026-07-07T11:03:56.027370+00:00,149.0,12,ask,,,10761341
2026-07-07T11:03:56.015487,2026-07-07T11:03:56.027370+00:00,148.9,33,ask,,,10761342
2026-07-07T11:03:57.944366,2026-07-07T11:03:57.952400+00:00,149.1,20,ask,,,10761373
2026-07-07T11:04:00.050433,2026-07-07T11:04:00.063608+00:00,149.1,20,ask,,,10761417
2026-07-07T11:04:00.050433,2026-07-07T11:04:00.063608+00:00,149.0,30,ask,,,10761418
2026-07-07T11:04:02.161191,2026-07-07T11:04:02.169786+00:00,149.0,20,ask,,,10761446
2026-07-07T11:04:02.161191,2026-07-07T11:04:02.169786+00:00,148.9,30,ask,,,10761447
2026-07-07T11:04:04.269852,2026-07-07T11:04:04.282242+00:00,149.1,12,ask,,,10761485
2026-07-07T11:04:04.269852,2026-07-07T11:04:04.282242+00:00,148.9,38,ask,,,10761486
2026-07-07T11:04:04.808094,2026-07-07T11:04:04.817698+00:00,149.2,11,bid,,,10761499
2026-07-07T11:04:04.980316,2026-07-07T11:04:04.988645+00:00,149.2,25,bid,,,10761507
2026-07-07T11:04:05.208754,2026-07-07T11:04:05.220088+00:00,149.2,25,bid,,,10761514
2026-07-07T11:04:05.664520,2026-07-07T11:04:05.675069+00:00,149.2,14,bid,,,10761524
2026-07-07T11:04:06.784117,2026-07-07T11:04:06.793766+00:00,149.4,12,bid,,,10761540
2026-07-07T11:04:06.784117,2026-07-07T11:04:06.793766+00:00,149.4,37,bid,,,10761541
2026-07-07T11:04:07.948843,2026-07-07T11:04:07.955224+00:00,149.4,42,bid,,,10761557
2026-07-07T11:04:08.463010,2026-07-07T11:04:08.474268+00:00,149.4,12,bid,,,10761561
2026-07-07T11:04:08.463010,2026-07-07T11:04:08.479703+00:00,149.5,20,bid,,,10761562
2026-07-07T11:04:08.463010,2026-07-07T11:04:08.484875+00:00,149.7,18,bid,,,10761563
2026-07-07T11:04:10.611737,2026-07-07T11:04:10.623495+00:00,149.6,12,bid,,,10761605
2026-07-07T11:04:10.611737,2026-07-07T11:04:10.623495+00:00,149.6,38,bid,,,10761606
2026-07-07T11:04:11.611962,2026-07-07T11:04:11.623945+00:00,149.4,12,bid,,,10761632
2026-07-07T11:04:11.611962,2026-07-07T11:04:11.623945+00:00,149.4,20,bid,,,10761633
2026-07-07T11:04:12.721870,2026-07-07T11:04:12.730892+00:00,149.5,50,bid,,,10761652
2026-07-07T11:04:12.737249,2026-07-07T11:04:12.746520+00:00,149.1,47,ask,,,10761653
2026-07-07T11:04:13.303188,2026-07-07T11:04:13.311990+00:00,149.1,48,ask,,,10761658
2026-07-07T11:04:14.749546,2026-07-07T11:04:14.752603+00:00,149.4,100,bid,,,10761686
2026-07-07T11:04:14.760293,2026-07-07T11:04:14.769919+00:00,149.4,11,ask,,,10761687
2026-07-07T11:04:14.802782,2026-07-07T11:04:14.814406+00:00,149.4,39,ask,,,10761689
2026-07-07T11:04:14.881285,2026-07-07T11:04:14.890918+00:00,149.1,12,ask,,,10761690
2026-07-07T11:04:14.881285,2026-07-07T11:04:14.890918+00:00,148.9,38,ask,,,10761691
2026-07-07T11:04:16.344447,2026-07-07T11:04:16.351483+00:00,149.5,12,bid,,,10761724
2026-07-07T11:04:16.344447,2026-07-07T11:04:16.358598+00:00,149.6,20,bid,,,10761725
2026-07-07T11:04:16.344447,2026-07-07T11:04:16.358598+00:00,149.9,8,bid,,,10761726
2026-07-07T11:04:16.938498,2026-07-07T11:04:16.950460+00:00,149.6,50,bid,,,10761735
2026-07-07T11:04:19.052560,2026-07-07T11:04:19.064057+00:00,149.4,50,bid,,,10761766
2026-07-07T11:04:20.544260,2026-07-07T11:04:20.553328+00:00,149.3,11,ask,,,10761797
2026-07-07T11:04:20.624899,2026-07-07T11:04:20.636474+00:00,149.3,43,ask,,,10761799
2026-07-07T11:04:21.133153,2026-07-07T11:04:21.142689+00:00,149.3,46,ask,,,10761808
2026-07-07T11:04:21.159053,2026-07-07T11:04:21.170623+00:00,149.3,50,bid,,,10761809
2026-07-07T11:04:23.269179,2026-07-07T11:04:23.278266+00:00,149.3,50,bid,,,10761840
2026-07-07T11:04:24.244002,2026-07-07T11:04:24.250691+00:00,149.2,12,bid,,,10761854
2026-07-07T11:04:24.244002,2026-07-07T11:04:24.250691+00:00,149.2,20,bid,,,10761855
2026-07-07T11:04:24.252103,2026-07-07T11:04:24.264771+00:00,149.2,12,ask,,,10761856
2026-07-07T11:04:24.349725,2026-07-07T11:04:24.358352+00:00,149.2,25,ask,,,10761859
2026-07-07T11:04:24.947621,2026-07-07T11:04:24.958598+00:00,149.3,40,bid,,,10761872
2026-07-07T11:04:25.378211,2026-07-07T11:04:25.390416+00:00,149.3,50,bid,,,10761882
2026-07-07T11:04:25.508848,2026-07-07T11:04:25.519365+00:00,149.3,10,bid,,,10761887
2026-07-07T11:04:25.508848,2026-07-07T11:04:25.519365+00:00,149.3,12,bid,,,10761888
2026-07-07T11:04:25.508848,2026-07-07T11:04:25.519365+00:00,149.4,20,bid,,,10761889
2026-07-07T11:04:25.508848,2026-07-07T11:04:25.524880+00:00,149.7,4,bid,,,10761890
2026-07-07T11:04:26.125836,2026-07-07T11:04:26.135916+00:00,149.2,25,ask,,,10761905
2026-07-07T11:04:26.152403,2026-07-07T11:04:26.163990+00:00,149.2,43,ask,,,10761907
2026-07-07T11:04:26.347687,2026-07-07T11:04:26.358744+00:00,149.2,13,ask,,,10761908
2026-07-07T11:04:27.486031,2026-07-07T11:04:27.497725+00:00,149.2,50,bid,,,10761919
2026-07-07T11:04:29.591823,2026-07-07T11:04:29.603798+00:00,149.2,50,bid,,,10761943
2026-07-07T11:04:31.726387,2026-07-07T11:04:31.735187+00:00,149.4,50,bid,,,10761972
2026-07-07T11:04:33.834109,2026-07-07T11:04:33.841232+00:00,149.4,12,bid,,,10762000
2026-07-07T11:04:33.834109,2026-07-07T11:04:33.846436+00:00,149.5,38,bid,,,10762001
2026-07-07T11:04:34.017107,2026-07-07T11:04:34.029146+00:00,149.2,47,ask,,,10762005
2026-07-07T11:04:35.945591,2026-07-07T11:04:35.952395+00:00,149.5,12,bid,,,10762033
2026-07-07T11:04:36.396253,2026-07-07T11:04:36.415290+00:00,149.7,41,bid,,,10762049
2026-07-07T11:04:37.637334,2026-07-07T11:04:37.645566+00:00,149.6,12,bid,,,10762070
2026-07-07T11:04:37.637334,2026-07-07T11:04:37.645566+00:00,149.7,28,bid,,,10762071
2026-07-07T11:04:40.248111,2026-07-07T11:04:40.259814+00:00,149.4,50,ask,,,10762107
2026-07-07T11:04:40.656104,2026-07-07T11:04:40.666442+00:00,149.4,23,ask,,,10762117
2026-07-07T11:04:40.736568,2026-07-07T11:04:40.747162+00:00,149.4,25,ask,,,10762119
2026-07-07T11:04:40.958631,2026-07-07T11:04:40.968803+00:00,149.4,1,ask,,,10762128
2026-07-07T11:04:41.411551,2026-07-07T11:04:41.420673+00:00,149.4,1,ask,,,10762132
2026-07-07T11:04:41.666987,2026-07-07T11:04:41.678572+00:00,149.3,3,ask,,,10762138
2026-07-07T11:04:41.927932,2026-07-07T11:04:41.939724+00:00,149.3,3,ask,,,10762145
2026-07-07T11:04:41.944540,2026-07-07T11:04:41.958564+00:00,149.3,6,ask,,,10762146
2026-07-07T11:04:42.000165,2026-07-07T11:04:42.008682+00:00,149.3,100,ask,,,10762149
2026-07-07T11:04:42.356859,2026-07-07T11:04:42.368570+00:00,149.3,38,ask,,,10762151
2026-07-07T11:04:42.356859,2026-07-07T11:04:42.368570+00:00,148.9,12,ask,,,10762152
2026-07-07T11:04:42.555658,2026-07-07T11:04:42.558577+00:00,148.8,44,ask,,,10762157
2026-07-07T11:04:43.320274,2026-07-07T11:04:43.331792+00:00,148.8,56,ask,,,10762173
2026-07-07T11:04:43.332988,2026-07-07T11:04:43.343789+00:00,148.7,35,bid,,,10762174
2026-07-07T11:04:43.985123,2026-07-07T11:04:43.993619+00:00,148.7,11,bid,,,10762188
2026-07-07T11:04:44.147312,2026-07-07T11:04:44.157236+00:00,148.7,11,bid,,,10762194
2026-07-07T11:04:44.495580,2026-07-07T11:04:44.507271+00:00,148.6,20,ask,,,10762203
2026-07-07T11:04:45.108946,2026-07-07T11:04:45.118420+00:00,148.7,37,bid,,,10762209
2026-07-07T11:04:46.604739,2026-07-07T11:04:46.612447+00:00,148.8,8,ask,,,10762237
2026-07-07T11:04:46.604739,2026-07-07T11:04:46.617932+00:00,148.8,42,ask,,,10762238
2026-07-07T11:04:47.258743,2026-07-07T11:04:47.270668+00:00,149.2,47,bid,,,10762249
2026-07-07T11:04:48.374848,2026-07-07T11:04:48.387136+00:00,149.2,8,bid,,,10762266
2026-07-07T11:04:48.374848,2026-07-07T11:04:48.387136+00:00,149.3,41,bid,,,10762267
2026-07-07T11:04:48.433400,2026-07-07T11:04:48.443474+00:00,148.8,40,ask,,,10762268
2026-07-07T11:04:48.718997,2026-07-07T11:04:48.729200+00:00,148.8,50,ask,,,10762270
2026-07-07T11:04:49.025998,2026-07-07T11:04:49.037798+00:00,148.8,18,ask,,,10762277
2026-07-07T11:04:49.025998,2026-07-07T11:04:49.037798+00:00,148.8,31,ask,,,10762278
2026-07-07T11:04:50.827692,2026-07-07T11:04:50.839202+00:00,148.8,50,ask,,,10762297
2026-07-07T11:04:51.753174,2026-07-07T11:04:51.765080+00:00,149.0,40,bid,,,10762313
2026-07-07T11:04:52.250576,2026-07-07T11:04:52.260715+00:00,148.9,12,ask,,,10762325
2026-07-07T11:04:52.250576,2026-07-07T11:04:52.260715+00:00,148.8,20,ask,,,10762326
2026-07-07T11:04:56.400863,2026-07-07T11:04:56.412778+00:00,149.2,49,bid,,,10762380
2026-07-07T11:04:56.975687,2026-07-07T11:04:56.985215+00:00,148.9,12,ask,,,10762388
2026-07-07T11:04:56.975687,2026-07-07T11:04:56.985215+00:00,148.8,32,ask,,,10762389
2026-07-07T11:04:57.176214,2026-07-07T11:04:57.184745+00:00,148.8,50,ask,,,10762399
2026-07-07T11:04:58.106080,2026-07-07T11:04:58.114234+00:00,149.2,12,bid,,,10762416
2026-07-07T11:04:58.106080,2026-07-07T11:04:58.119452+00:00,149.2,31,bid,,,10762417
2026-07-07T11:04:59.144090,2026-07-07T11:04:59.158589+00:00,148.7,100,ask,,,10762435
2026-07-07T11:04:59.150813,2026-07-07T11:04:59.158589+00:00,148.7,12,bid,,,10762436
2026-07-07T11:04:59.284522,2026-07-07T11:04:59.291805+00:00,148.6,20,ask,,,10762438
2026-07-07T11:04:59.284522,2026-07-07T11:04:59.297043+00:00,148.2,30,ask,,,10762439
2026-07-07T11:05:00.395956,2026-07-07T11:05:00.404421+00:00,148.7,38,bid,,,10762460
2026-07-07T11:05:00.395956,2026-07-07T11:05:00.409437+00:00,148.9,10,bid,,,10762461
2026-07-07T11:05:00.944867,2026-07-07T11:05:00.958605+00:00,148.7,12,ask,,,10762466
2026-07-07T11:05:00.944867,2026-07-07T11:05:00.958605+00:00,148.4,31,ask,,,10762467
2026-07-07T11:05:01.342811,2026-07-07T11:05:01.354668+00:00,148.9,50,bid,,,10762472
2026-07-07T11:05:03.458476,2026-07-07T11:05:03.468909+00:00,148.9,50,bid,,,10762505
2026-07-07T11:05:05.309942,2026-07-07T11:05:05.322269+00:00,148.6,41,ask,,,10762534
2026-07-07T11:05:05.636795,2026-07-07T11:05:05.647667+00:00,148.5,12,ask,,,10762536
2026-07-07T11:05:05.636795,2026-07-07T11:05:05.658592+00:00,148.4,38,ask,,,10762537
2026-07-07T11:05:07.185912,2026-07-07T11:05:07.197631+00:00,148.8,45,bid,,,10762560
2026-07-07T11:05:07.754169,2026-07-07T11:05:07.752177+00:00,148.6,50,ask,,,10762574
2026-07-07T11:05:09.809129,2026-07-07T11:05:09.820796+00:00,148.7,50,bid,,,10762603
2026-07-07T11:05:11.336472,2026-07-07T11:05:11.348355+00:00,148.4,12,ask,,,10762627
2026-07-07T11:05:11.336472,2026-07-07T11:05:11.348355+00:00,148.4,32,ask,,,10762628
2026-07-07T11:05:14.124887,2026-07-07T11:05:14.136631+00:00,148.5,12,ask,,,10762664
2026-07-07T11:05:14.124887,2026-07-07T11:05:14.136631+00:00,148.5,20,ask,,,10762665
2026-07-07T11:05:14.124887,2026-07-07T11:05:14.136631+00:00,148.4,18,ask,,,10762666
2026-07-07T11:05:14.842309,2026-07-07T11:05:14.854787+00:00,148.8,12,bid,,,10762677
2026-07-07T11:05:14.842309,2026-07-07T11:05:14.854787+00:00,148.9,37,bid,,,10762678
2026-07-07T11:05:16.235431,2026-07-07T11:05:16.247506+00:00,148.7,50,ask,,,10762703
2026-07-07T11:05:17.000363,2026-07-07T11:05:17.012063+00:00,148.7,47,ask,,,10762722
2026-07-07T11:05:18.291576,2026-07-07T11:05:18.300732+00:00,148.9,50,bid,,,10762740
2026-07-07T11:05:18.683964,2026-07-07T11:05:18.691361+00:00,148.7,12,ask,,,10762748
2026-07-07T11:05:20.192296,2026-07-07T11:05:20.200279+00:00,148.9,45,bid,,,10762777
2026-07-07T11:05:22.595269,2026-07-07T11:05:22.602130+00:00,148.8,50,ask,,,10762819
2026-07-07T11:05:23.543510,2026-07-07T11:05:23.552924+00:00,148.8,11,ask,,,10762831
2026-07-07T11:05:24.706397,2026-07-07T11:05:24.717968+00:00,148.5,12,ask,,,10762846
2026-07-07T11:05:24.706397,2026-07-07T11:05:24.717968+00:00,148.4,38,ask,,,10762847
2026-07-07T11:05:25.718742,2026-07-07T11:05:25.728689+00:00,148.4,41,ask,,,10762862
2026-07-07T11:05:26.678105,2026-07-07T11:05:26.687584+00:00,148.7,11,bid,,,10762870
2026-07-07T11:05:26.763071,2026-07-07T11:05:26.774711+00:00,148.7,50,bid,,,10762873
2026-07-07T11:05:27.490142,2026-07-07T11:05:27.500551+00:00,148.7,11,bid,,,10762895
2026-07-07T11:05:27.667202,2026-07-07T11:05:27.674937+00:00,148.7,25,bid,,,10762898
2026-07-07T11:05:27.841501,2026-07-07T11:05:27.848287+00:00,148.7,3,bid,,,10762899
2026-07-07T11:05:27.841501,2026-07-07T11:05:27.858557+00:00,149.0,42,bid,,,10762900
2026-07-07T11:05:28.902912,2026-07-07T11:05:28.914452+00:00,149.0,50,bid,,,10762922
2026-07-07T11:05:29.895183,2026-07-07T11:05:29.902593+00:00,149.0,42,bid,,,10762933
2026-07-07T11:05:30.788215,2026-07-07T11:05:30.795041+00:00,149.0,12,bid,,,10762950
2026-07-07T11:05:30.801553,2026-07-07T11:05:30.810444+00:00,149.0,22,ask,,,10762951
2026-07-07T11:05:31.066875,2026-07-07T11:05:31.078575+00:00,149.0,50,ask,,,10762962
2026-07-07T11:05:31.796942,2026-07-07T11:05:31.808804+00:00,149.0,45,ask,,,10762974
2026-07-07T11:05:33.176290,2026-07-07T11:05:33.191036+00:00,149.0,21,ask,,,10762990
2026-07-07T11:05:33.176290,2026-07-07T11:05:33.191036+00:00,148.8,12,ask,,,10762991
2026-07-07T11:05:33.176290,2026-07-07T11:05:33.191036+00:00,148.7,17,ask,,,10762992
2026-07-07T11:05:33.348934,2026-07-07T11:05:33.356919+00:00,148.7,47,ask,,,10762996
2026-07-07T11:05:34.725687,2026-07-07T11:05:34.735932+00:00,149.0,12,bid,,,10763011
2026-07-07T11:05:34.725687,2026-07-07T11:05:34.735932+00:00,149.0,28,bid,,,10763012
2026-07-07T11:05:35.317829,2026-07-07T11:05:35.331251+00:00,148.7,36,ask,,,10763024
2026-07-07T11:05:35.317829,2026-07-07T11:05:35.331251+00:00,148.7,12,ask,,,10763025
2026-07-07T11:05:35.317829,2026-07-07T11:05:35.336469+00:00,148.5,2,ask,,,10763026
2026-07-07T11:05:36.870908,2026-07-07T11:05:36.882803+00:00,148.8,46,bid,,,10763066
2026-07-07T11:05:37.428468,2026-07-07T11:05:37.440190+00:00,148.5,12,ask,,,10763079
2026-07-07T11:05:37.428468,2026-07-07T11:05:37.440190+00:00,148.4,38,ask,,,10763080
2026-07-07T11:05:39.493382,2026-07-07T11:05:39.500323+00:00,148.8,12,bid,,,10763111
2026-07-07T11:05:39.493382,2026-07-07T11:05:39.505615+00:00,148.8,38,bid,,,10763112
2026-07-07T11:05:41.533631,2026-07-07T11:05:41.545382+00:00,148.5,12,ask,,,10763140
2026-07-07T11:05:41.533631,2026-07-07T11:05:41.545382+00:00,148.3,30,ask,,,10763141
2026-07-07T11:05:41.674801,2026-07-07T11:05:41.686603+00:00,148.3,50,ask,,,10763144
2026-07-07T11:05:43.263836,2026-07-07T11:05:43.275654+00:00,148.8,45,bid,,,10763182
2026-07-07T11:05:43.802868,2026-07-07T11:05:43.820005+00:00,148.6,12,ask,,,10763186
2026-07-07T11:05:43.802868,2026-07-07T11:05:43.820005+00:00,148.5,38,ask,,,10763187
2026-07-07T11:05:45.866176,2026-07-07T11:05:45.873598+00:00,148.6,50,bid,,,10763212
2026-07-07T11:05:45.960069,2026-07-07T11:05:45.971047+00:00,148.6,22,bid,,,10763217
2026-07-07T11:05:46.058626,2026-07-07T11:05:46.069822+00:00,148.6,25,bid,,,10763220
2026-07-07T11:05:46.282418,2026-07-07T11:05:46.293603+00:00,148.6,3,bid,,,10763222
2026-07-07T11:05:49.231363,2026-07-07T11:05:49.240990+00:00,148.6,45,ask,,,10763259
2026-07-07T11:05:50.147916,2026-07-07T11:05:50.163631+00:00,148.6,50,ask,,,10763280
2026-07-07T11:05:50.921499,2026-07-07T11:05:50.931378+00:00,148.6,5,ask,,,10763287
2026-07-07T11:05:50.921499,2026-07-07T11:05:50.931378+00:00,148.3,12,ask,,,10763288
2026-07-07T11:05:50.921499,2026-07-07T11:05:50.931378+00:00,148.2,23,ask,,,10763289
2026-07-07T11:05:52.279718,2026-07-07T11:05:52.290811+00:00,148.2,50,ask,,,10763325
2026-07-07T11:05:52.948399,2026-07-07T11:05:52.959355+00:00,148.6,41,bid,,,10763333
2026-07-07T11:05:53.238028,2026-07-07T11:05:53.249015+00:00,148.3,25,bid,,,10763335
2026-07-07T11:05:53.491185,2026-07-07T11:05:53.500367+00:00,148.3,25,bid,,,10763344
2026-07-07T11:05:53.714518,2026-07-07T11:05:53.724475+00:00,148.3,17,bid,,,10763350
2026-07-07T11:05:54.390851,2026-07-07T11:05:54.402361+00:00,148.1,50,ask,,,10763364
2026-07-07T11:05:54.559614,2026-07-07T11:05:54.568825+00:00,148.3,12,bid,,,10763365
2026-07-07T11:05:56.519774,2026-07-07T11:05:56.533460+00:00,148.0,50,ask,,,10763402
2026-07-07T11:05:57.578985,2026-07-07T11:05:57.586334+00:00,148.2,20,bid,,,10763421
2026-07-07T11:05:57.578985,2026-07-07T11:05:57.591490+00:00,148.4,12,bid,,,10763422
2026-07-07T11:05:58.374381,2026-07-07T11:05:58.384423+00:00,148.3,20,bid,,,10763437
2026-07-07T11:05:58.633946,2026-07-07T11:05:58.641453+00:00,148.1,12,ask,,,10763443
2026-07-07T11:05:58.633946,2026-07-07T11:05:58.646759+00:00,148.0,38,ask,,,10763444
2026-07-07T11:06:00.744892,2026-07-07T11:06:00.763586+00:00,147.8,50,ask,,,10763468
2026-07-07T11:06:01.594066,2026-07-07T11:06:01.600997+00:00,148.2,44,bid,,,10763482
2026-07-07T11:06:02.855601,2026-07-07T11:06:02.863622+00:00,147.8,50,ask,,,10763501
2026-07-07T11:06:03.634179,2026-07-07T11:06:03.643873+00:00,147.8,46,ask,,,10763518
2026-07-07T11:06:04.196481,2026-07-07T11:06:04.209498+00:00,148.3,44,bid,,,10763519
2026-07-07T11:06:04.251913,2026-07-07T11:06:04.254160+00:00,147.8,48,ask,,,10763521
2026-07-07T11:06:04.991627,2026-07-07T11:06:05.000949+00:00,147.8,6,ask,,,10763535
2026-07-07T11:06:04.991627,2026-07-07T11:06:05.000949+00:00,147.7,44,ask,,,10763536
2026-07-07T11:06:05.981415,2026-07-07T11:06:05.992991+00:00,147.9,47,bid,,,10763564
2026-07-07T11:06:06.517453,2026-07-07T11:06:06.529099+00:00,147.7,46,ask,,,10763570
2026-07-07T11:06:07.102633,2026-07-07T11:06:07.114186+00:00,147.7,10,ask,,,10763580
2026-07-07T11:06:07.102633,2026-07-07T11:06:07.114186+00:00,147.4,40,ask,,,10763581
2026-07-07T11:06:07.486092,2026-07-07T11:06:07.496667+00:00,147.8,11,bid,,,10763592
2026-07-07T11:06:09.260931,2026-07-07T11:06:09.289206+00:00,147.3,50,ask,,,10763615
2026-07-07T11:06:09.261315,2026-07-07T11:06:09.289206+00:00,147.8,6,bid,,,10763616
2026-07-07T11:06:09.575321,2026-07-07T11:06:09.581718+00:00,147.8,43,bid,,,10763624
2026-07-07T11:06:10.514728,2026-07-07T11:06:10.522677+00:00,147.3,43,ask,,,10763640
2026-07-07T11:06:11.001730,2026-07-07T11:06:11.013787+00:00,147.7,49,bid,,,10763649
2026-07-07T11:06:12.657875,2026-07-07T11:06:12.669610+00:00,147.7,44,bid,,,10763668
2026-07-07T11:06:13.426062,2026-07-07T11:06:13.437880+00:00,147.7,7,bid,,,10763689
2026-07-07T11:06:13.426062,2026-07-07T11:06:13.437880+00:00,147.9,43,bid,,,10763690
2026-07-07T11:06:14.752526,2026-07-07T11:06:14.764911+00:00,147.5,45,ask,,,10763709
2026-07-07T11:06:17.641152,2026-07-07T11:06:17.652670+00:00,148.0,50,bid,,,10763762
2026-07-07T11:06:17.875630,2026-07-07T11:06:17.887068+00:00,147.6,48,ask,,,10763765
2026-07-07T11:06:19.514261,2026-07-07T11:06:19.523522+00:00,148.1,48,bid,,,10763789
2026-07-07T11:06:19.761448,2026-07-07T11:06:19.778120+00:00,148.1,50,bid,,,10763795
2026-07-07T11:06:21.540110,2026-07-07T11:06:21.551823+00:00,147.9,45,ask,,,10763823
2026-07-07T11:06:23.613263,2026-07-07T11:06:23.625176+00:00,147.9,42,ask,,,10763851
2026-07-07T11:06:24.199244,2026-07-07T11:06:24.207195+00:00,148.2,48,bid,,,10763854
2026-07-07T11:06:24.837692,2026-07-07T11:06:24.849708+00:00,148.0,48,bid,,,10763869
2026-07-07T11:06:26.076452,2026-07-07T11:06:26.088259+00:00,148.0,50,bid,,,10763887
2026-07-07T11:06:28.184705,2026-07-07T11:06:28.203309+00:00,148.3,50,bid,,,10763915
2026-07-07T11:06:30.292558,2026-07-07T11:06:30.299529+00:00,148.3,50,bid,,,10763942
2026-07-07T11:06:30.514354,2026-07-07T11:06:30.525789+00:00,147.8,43,ask,,,10763950
2026-07-07T11:06:32.403625,2026-07-07T11:06:32.412606+00:00,148.3,12,bid,,,10763976
2026-07-07T11:06:32.403625,2026-07-07T11:06:32.412606+00:00,148.3,38,bid,,,10763977
2026-07-07T11:06:34.553517,2026-07-07T11:06:34.565029+00:00,147.9,6,ask,,,10764001
2026-07-07T11:06:36.618895,2026-07-07T11:06:36.627239+00:00,148.2,50,bid,,,10764040
2026-07-07T11:06:37.326629,2026-07-07T11:06:37.336919+00:00,148.1,11,ask,,,10764057
2026-07-07T11:06:39.577430,2026-07-07T11:06:39.592137+00:00,148.1,46,ask,,,10764098
2026-07-07T11:06:40.646611,2026-07-07T11:06:40.658250+00:00,148.1,12,ask,,,10764110
2026-07-07T11:06:40.646611,2026-07-07T11:06:40.658250+00:00,148.0,34,ask,,,10764111
2026-07-07T11:06:40.831311,2026-07-07T11:06:40.842794+00:00,148.3,50,bid,,,10764117
2026-07-07T11:06:41.743715,2026-07-07T11:06:41.755483+00:00,148.3,40,bid,,,10764138
2026-07-07T11:06:43.792223,2026-07-07T11:06:43.804622+00:00,148.4,12,bid,,,10764175
2026-07-07T11:06:43.792223,2026-07-07T11:06:43.804622+00:00,148.5,32,bid,,,10764176
2026-07-07T11:06:44.225696,2026-07-07T11:06:44.235368+00:00,148.3,12,ask,,,10764180
2026-07-07T11:06:44.307631,2026-07-07T11:06:44.319430+00:00,148.3,43,ask,,,10764182
2026-07-07T11:06:44.942631,2026-07-07T11:06:44.958589+00:00,148.3,42,ask,,,10764192
2026-07-07T11:06:45.095665,2026-07-07T11:06:45.105815+00:00,148.3,50,ask,,,10764193
2026-07-07T11:06:46.859283,2026-07-07T11:06:46.870981+00:00,148.1,12,ask,,,10764235
2026-07-07T11:06:47.151538,2026-07-07T11:06:47.163837+00:00,148.1,50,bid,,,10764242
2026-07-07T11:06:48.602581,2026-07-07T11:06:48.609270+00:00,148.1,41,bid,,,10764264
2026-07-07T11:06:49.308738,2026-07-07T11:06:49.316784+00:00,147.9,50,ask,,,10764285
2026-07-07T11:06:51.122986,2026-07-07T11:06:51.134831+00:00,147.9,49,ask,,,10764320
2026-07-07T11:06:51.364127,2026-07-07T11:06:51.375703+00:00,148.2,20,bid,,,10764324
2026-07-07T11:06:51.364127,2026-07-07T11:06:51.375703+00:00,148.4,30,bid,,,10764325
2026-07-07T11:06:54.983521,2026-07-07T11:06:54.995497+00:00,148.0,100,ask,,,10764385
2026-07-07T11:06:55.627222,2026-07-07T11:06:55.637856+00:00,148.0,50,ask,,,10764392
2026-07-07T11:06:56.369991,2026-07-07T11:06:56.379776+00:00,147.7,23,bid,,,10764398
2026-07-07T11:06:56.401350,2026-07-07T11:06:56.411309+00:00,147.7,20,bid,,,10764401
2026-07-07T11:06:58.094175,2026-07-07T11:06:58.105883+00:00,147.7,100,bid,,,10764434
2026-07-07T11:06:59.306977,2026-07-07T11:06:59.318260+00:00,147.7,7,bid,,,10764446
2026-07-07T11:06:59.306977,2026-07-07T11:06:59.318260+00:00,148.0,12,bid,,,10764447
2026-07-07T11:06:59.306977,2026-07-07T11:06:59.318260+00:00,148.0,20,bid,,,10764448
2026-07-07T11:06:59.306977,2026-07-07T11:06:59.318260+00:00,148.2,3,bid,,,10764449
2026-07-07T11:06:59.801503,2026-07-07T11:06:59.813308+00:00,148.0,20,bid,,,10764462
2026-07-07T11:06:59.801503,2026-07-07T11:06:59.813308+00:00,148.1,30,bid,,,10764463
2026-07-07T11:07:01.917247,2026-07-07T11:07:01.929259+00:00,148.0,50,bid,,,10764498
2026-07-07T11:07:03.366033,2026-07-07T11:07:03.377672+00:00,148.0,48,bid,,,10764526
2026-07-07T11:07:04.025580,2026-07-07T11:07:04.037397+00:00,148.0,2,bid,,,10764539
2026-07-07T11:07:04.025580,2026-07-07T11:07:04.037397+00:00,148.1,12,bid,,,10764540
2026-07-07T11:07:04.025580,2026-07-07T11:07:04.037397+00:00,148.1,20,bid,,,10764541
2026-07-07T11:07:04.025580,2026-07-07T11:07:04.037397+00:00,148.3,16,bid,,,10764542
2026-07-07T11:07:05.803099,2026-07-07T11:07:05.813907+00:00,147.9,11,ask,,,10764587
2026-07-07T11:07:06.172877,2026-07-07T11:07:06.179552+00:00,148.2,20,bid,,,10764595
2026-07-07T11:07:06.172877,2026-07-07T11:07:06.184806+00:00,148.3,30,bid,,,10764596
2026-07-07T11:07:08.285833,2026-07-07T11:07:08.297722+00:00,148.2,20,bid,,,10764626
2026-07-07T11:07:08.285833,2026-07-07T11:07:08.297722+00:00,148.3,12,bid,,,10764627
2026-07-07T11:07:08.285833,2026-07-07T11:07:08.297722+00:00,148.4,18,bid,,,10764628
2026-07-07T11:07:08.844893,2026-07-07T11:07:08.854291+00:00,147.9,12,ask,,,10764636
2026-07-07T11:07:10.420676,2026-07-07T11:07:10.430019+00:00,148.3,50,bid,,,10764662
2026-07-07T11:07:10.420981,2026-07-07T11:07:10.435009+00:00,147.9,12,ask,,,10764663
2026-07-07T11:07:10.420981,2026-07-07T11:07:10.435009+00:00,147.9,32,ask,,,10764664
2026-07-07T11:07:11.794120,2026-07-07T11:07:11.805647+00:00,148.3,42,bid,,,10764681
2026-07-07T11:07:11.848887,2026-07-07T11:07:11.860925+00:00,147.9,45,ask,,,10764683
2026-07-07T11:07:12.120225,2026-07-07T11:07:12.127956+00:00,148.4,100,bid,,,10764686
2026-07-07T11:07:12.124755,2026-07-07T11:07:12.132970+00:00,148.4,20,ask,,,10764687
2026-07-07T11:07:12.187132,2026-07-07T11:07:12.198998+00:00,148.4,30,ask,,,10764688
2026-07-07T11:07:12.580156,2026-07-07T11:07:12.591296+00:00,147.9,50,ask,,,10764693
2026-07-07T11:07:13.367985,2026-07-07T11:07:13.379754+00:00,148.4,20,bid,,,10764706
2026-07-07T11:07:14.643222,2026-07-07T11:07:14.655048+00:00,148.4,50,bid,,,10764734
2026-07-07T11:07:16.723469,2026-07-07T11:07:16.733863+00:00,148.0,20,ask,,,10764769
2026-07-07T11:07:16.723469,2026-07-07T11:07:16.738857+00:00,147.9,12,ask,,,10764770
2026-07-07T11:07:16.723469,2026-07-07T11:07:16.738857+00:00,147.9,13,ask,,,10764771
2026-07-07T11:07:16.757426,2026-07-07T11:07:16.769011+00:00,148.4,50,bid,,,10764772
2026-07-07T11:07:18.495968,2026-07-07T11:07:18.507596+00:00,148.2,100,ask,,,10764794
2026-07-07T11:07:18.889235,2026-07-07T11:07:18.901081+00:00,148.2,50,bid,,,10764802
2026-07-07T11:07:19.278436,2026-07-07T11:07:19.285797+00:00,148.3,12,bid,,,10764809
2026-07-07T11:07:19.278436,2026-07-07T11:07:19.290739+00:00,148.7,29,bid,,,10764810
2026-07-07T11:07:20.997669,2026-07-07T11:07:21.009464+00:00,148.3,20,bid,,,10764848
2026-07-07T11:07:20.997669,2026-07-07T11:07:21.009464+00:00,148.5,30,bid,,,10764849
2026-07-07T11:07:21.607499,2026-07-07T11:07:21.619048+00:00,148.2,12,bid,,,10764857
2026-07-07T11:07:21.656194,2026-07-07T11:07:21.668990+00:00,148.2,25,ask,,,10764859
2026-07-07T11:07:21.877248,2026-07-07T11:07:21.886916+00:00,148.2,25,ask,,,10764864
2026-07-07T11:07:21.985080,2026-07-07T11:07:21.995935+00:00,148.4,8,bid,,,10764867
2026-07-07T11:07:23.135212,2026-07-07T11:07:23.145095+00:00,148.3,12,bid,,,10764879
2026-07-07T11:07:23.135212,2026-07-07T11:07:23.145095+00:00,148.5,38,bid,,,10764880
2026-07-07T11:07:23.953506,2026-07-07T11:07:23.965079+00:00,148.2,41,ask,,,10764900
2026-07-07T11:07:24.567464,2026-07-07T11:07:24.579024+00:00,148.2,47,ask,,,10764912
2026-07-07T11:07:24.567464,2026-07-07T11:07:24.579024+00:00,148.2,2,ask,,,10764913
2026-07-07T11:07:24.602789,2026-07-07T11:07:24.613293+00:00,148.2,3,ask,,,10764914
2026-07-07T11:07:25.139289,2026-07-07T11:07:25.158583+00:00,148.3,12,bid,,,10764929
2026-07-07T11:07:25.139289,2026-07-07T11:07:25.158583+00:00,148.4,31,bid,,,10764930
2026-07-07T11:07:25.245784,2026-07-07T11:07:25.252980+00:00,148.4,50,bid,,,10764934
2026-07-07T11:07:27.352043,2026-07-07T11:07:27.363892+00:00,148.4,50,bid,,,10764962
2026-07-07T11:07:28.955385,2026-07-07T11:07:28.967129+00:00,148.4,12,bid,,,10764988
2026-07-07T11:07:28.955385,2026-07-07T11:07:28.967129+00:00,148.7,29,bid,,,10764989
2026-07-07T11:07:29.459969,2026-07-07T11:07:29.471916+00:00,148.6,12,bid,,,10765001
2026-07-07T11:07:29.459969,2026-07-07T11:07:29.471916+00:00,148.7,38,bid,,,10765002
2026-07-07T11:07:29.861540,2026-07-07T11:07:29.877423+00:00,148.6,23,ask,,,10765014
2026-07-07T11:07:29.924440,2026-07-07T11:07:29.932135+00:00,148.6,2,ask,,,10765021
2026-07-07T11:07:29.972522,2026-07-07T11:07:29.984090+00:00,148.6,3,ask,,,10765023
2026-07-07T11:07:30.235921,2026-07-07T11:07:30.247381+00:00,148.6,3,ask,,,10765026
2026-07-07T11:07:30.496370,2026-07-07T11:07:30.502669+00:00,148.6,3,ask,,,10765029
2026-07-07T11:07:30.760790,2026-07-07T11:07:30.770528+00:00,148.6,3,ask,,,10765040
2026-07-07T11:07:31.023706,2026-07-07T11:07:31.033298+00:00,148.6,3,ask,,,10765045
2026-07-07T11:07:31.164146,2026-07-07T11:07:31.179435+00:00,148.6,49,ask,,,10765050
2026-07-07T11:07:31.570422,2026-07-07T11:07:31.580561+00:00,148.8,50,bid,,,10765052
2026-07-07T11:07:33.382235,2026-07-07T11:07:33.393913+00:00,148.7,48,bid,,,10765078
2026-07-07T11:07:33.678353,2026-07-07T11:07:33.684883+00:00,148.7,50,bid,,,10765081
2026-07-07T11:07:33.961133,2026-07-07T11:07:33.972720+00:00,148.7,2,bid,,,10765087
2026-07-07T11:07:33.961133,2026-07-07T11:07:33.972720+00:00,148.7,12,bid,,,10765088
2026-07-07T11:07:34.395209,2026-07-07T11:07:34.407041+00:00,148.7,4,ask,,,10765094
2026-07-07T11:07:34.560317,2026-07-07T11:07:34.571682+00:00,148.7,3,ask,,,10765099
2026-07-07T11:07:34.828259,2026-07-07T11:07:34.839755+00:00,148.7,3,ask,,,10765104
2026-07-07T11:07:35.215449,2026-07-07T11:07:35.222699+00:00,148.9,4,bid,,,10765115
2026-07-07T11:07:35.783715,2026-07-07T11:07:35.795540+00:00,148.9,6,bid,,,10765124
2026-07-07T11:07:35.783715,2026-07-07T11:07:35.795540+00:00,149.2,44,bid,,,10765125
2026-07-07T11:07:37.453024,2026-07-07T11:07:37.463575+00:00,148.9,12,ask,,,10765151
2026-07-07T11:07:37.906260,2026-07-07T11:07:37.913833+00:00,149.1,50,bid,,,10765154
2026-07-07T11:07:38.675094,2026-07-07T11:07:38.686804+00:00,148.9,40,ask,,,10765164
2026-07-07T11:07:40.065530,2026-07-07T11:07:40.077430+00:00,148.9,50,ask,,,10765186
2026-07-07T11:07:41.183450,2026-07-07T11:07:41.195405+00:00,148.9,41,ask,,,10765204
2026-07-07T11:07:41.677224,2026-07-07T11:07:41.686528+00:00,148.9,11,ask,,,10765222
2026-07-07T11:07:42.174914,2026-07-07T11:07:42.186473+00:00,148.9,48,ask,,,10765229
2026-07-07T11:07:42.174914,2026-07-07T11:07:42.186473+00:00,148.6,2,ask,,,10765230
2026-07-07T11:07:42.264379,2026-07-07T11:07:42.276194+00:00,149.1,43,bid,,,10765232
2026-07-07T11:07:43.407588,2026-07-07T11:07:43.416772+00:00,148.9,49,bid,,,10765254
2026-07-07T11:07:43.462413,2026-07-07T11:07:43.474431+00:00,148.6,43,ask,,,10765255
2026-07-07T11:07:43.967734,2026-07-07T11:07:43.981705+00:00,148.4,44,ask,,,10765264
2026-07-07T11:07:44.587637,2026-07-07T11:07:44.596845+00:00,148.5,48,bid,,,10765270
2026-07-07T11:07:44.642983,2026-07-07T11:07:44.654746+00:00,148.4,42,ask,,,10765271
2026-07-07T11:07:45.259600,2026-07-07T11:07:45.271040+00:00,148.4,14,ask,,,10765281
2026-07-07T11:07:45.961322,2026-07-07T11:07:45.973586+00:00,148.5,11,bid,,,10765296
2026-07-07T11:07:46.298675,2026-07-07T11:07:46.310496+00:00,148.5,45,bid,,,10765304
2026-07-07T11:07:46.394335,2026-07-07T11:07:46.403650+00:00,148.1,20,ask,,,10765305
2026-07-07T11:07:46.394335,2026-07-07T11:07:46.403650+00:00,148.0,30,ask,,,10765306
2026-07-07T11:07:46.939649,2026-07-07T11:07:46.951785+00:00,148.5,100,bid,,,10765319
2026-07-07T11:07:46.939649,2026-07-07T11:07:46.951785+00:00,148.6,20,bid,,,10765320
2026-07-07T11:07:48.503107,2026-07-07T11:07:48.513228+00:00,148.6,30,ask,,,10765359
2026-07-07T11:07:48.503107,2026-07-07T11:07:48.513228+00:00,148.2,12,ask,,,10765360
2026-07-07T11:07:48.503107,2026-07-07T11:07:48.518496+00:00,148.0,8,ask,,,10765361
2026-07-07T11:07:49.770861,2026-07-07T11:07:49.779635+00:00,148.4,3,ask,,,10765380
2026-07-07T11:07:50.033827,2026-07-07T11:07:50.045753+00:00,148.4,3,ask,,,10765387
2026-07-07T11:07:50.158904,2026-07-07T11:07:50.170637+00:00,148.4,94,ask,,,10765389
2026-07-07T11:07:50.614996,2026-07-07T11:07:50.627172+00:00,147.9,11,ask,,,10765396
2026-07-07T11:07:50.614996,2026-07-07T11:07:50.627172+00:00,147.9,20,ask,,,10765397
2026-07-07T11:07:50.614996,2026-07-07T11:07:50.627172+00:00,147.8,19,ask,,,10765398
2026-07-07T11:07:50.805747,2026-07-07T11:07:50.819828+00:00,148.3,12,bid,,,10765404
2026-07-07T11:07:51.972970,2026-07-07T11:07:51.984428+00:00,148.0,47,ask,,,10765426
2026-07-07T11:07:52.726343,2026-07-07T11:07:52.738041+00:00,148.0,50,ask,,,10765445
2026-07-07T11:07:53.678530,2026-07-07T11:07:53.689714+00:00,148.2,20,ask,,,10765461
2026-07-07T11:07:54.834672,2026-07-07T11:07:54.846320+00:00,148.2,50,ask,,,10765479
2026-07-07T11:07:55.098351,2026-07-07T11:07:55.124125+00:00,148.2,80,ask,,,10765483
2026-07-07T11:07:55.114394,2026-07-07T11:07:55.124125+00:00,148.1,11,bid,,,10765484
2026-07-07T11:07:56.504770,2026-07-07T11:07:56.513528+00:00,148.0,12,bid,,,10765511
2026-07-07T11:07:56.860653,2026-07-07T11:07:56.869842+00:00,148.0,11,bid,,,10765515
2026-07-07T11:07:56.944535,2026-07-07T11:07:56.956419+00:00,147.9,12,ask,,,10765517
2026-07-07T11:07:56.944535,2026-07-07T11:07:56.956419+00:00,147.9,20,ask,,,10765518
2026-07-07T11:07:56.944535,2026-07-07T11:07:56.956419+00:00,147.6,18,ask,,,10765519
2026-07-07T11:07:59.056996,2026-07-07T11:07:59.065081+00:00,147.9,12,ask,,,10765553
2026-07-07T11:07:59.056996,2026-07-07T11:07:59.065081+00:00,147.9,38,ask,,,10765554
2026-07-07T11:08:00.025001,2026-07-07T11:08:00.035378+00:00,148.0,11,bid,,,10765567
2026-07-07T11:08:00.708745,2026-07-07T11:08:00.719493+00:00,148.0,12,bid,,,10765576
2026-07-07T11:08:01.167810,2026-07-07T11:08:01.179779+00:00,147.9,50,ask,,,10765585
2026-07-07T11:08:03.276445,2026-07-07T11:08:03.284616+00:00,147.9,12,ask,,,10765624
2026-07-07T11:08:03.276445,2026-07-07T11:08:03.284616+00:00,147.8,20,ask,,,10765625
2026-07-07T11:08:03.276445,2026-07-07T11:08:03.290091+00:00,147.7,18,ask,,,10765626
2026-07-07T11:08:05.389927,2026-07-07T11:08:05.400037+00:00,147.9,20,ask,,,10765659
2026-07-07T11:08:05.389927,2026-07-07T11:08:05.400037+00:00,147.7,30,ask,,,10765660
2026-07-07T11:08:07.496411,2026-07-07T11:08:07.505994+00:00,148.1,48,bid,,,10765692
2026-07-07T11:08:07.510314,2026-07-07T11:08:07.522319+00:00,148.0,12,ask,,,10765693
2026-07-07T11:08:07.510314,2026-07-07T11:08:07.522319+00:00,147.9,38,ask,,,10765694
2026-07-07T11:08:08.969861,2026-07-07T11:08:08.978598+00:00,148.1,11,ask,,,10765714
2026-07-07T11:08:09.148303,2026-07-07T11:08:09.163803+00:00,148.0,12,ask,,,10765718
2026-07-07T11:08:09.218499,2026-07-07T11:08:09.228679+00:00,147.9,11,bid,,,10765719
2026-07-07T11:08:09.303501,2026-07-07T11:08:09.311019+00:00,147.9,12,bid,,,10765722
2026-07-07T11:08:09.622622,2026-07-07T11:08:09.631736+00:00,147.8,50,ask,,,10765733
2026-07-07T11:08:11.729243,2026-07-07T11:08:11.737355+00:00,147.6,20,ask,,,10765767
2026-07-07T11:08:11.729243,2026-07-07T11:08:11.742755+00:00,147.5,12,ask,,,10765768
2026-07-07T11:08:11.729243,2026-07-07T11:08:11.742755+00:00,147.4,18,ask,,,10765769
2026-07-07T11:08:12.795158,2026-07-07T11:08:12.802309+00:00,147.8,41,bid,,,10765787
2026-07-07T11:08:13.843271,2026-07-07T11:08:13.854460+00:00,147.5,20,ask,,,10765815
2026-07-07T11:08:13.843271,2026-07-07T11:08:13.854460+00:00,147.3,30,ask,,,10765816
2026-07-07T11:08:15.271884,2026-07-07T11:08:15.278560+00:00,147.7,12,bid,,,10765847
2026-07-07T11:08:15.271884,2026-07-07T11:08:15.283806+00:00,147.8,30,bid,,,10765848
2026-07-07T11:08:15.952076,2026-07-07T11:08:15.953558+00:00,147.4,20,ask,,,10765862
2026-07-07T11:08:15.952076,2026-07-07T11:08:15.953558+00:00,147.3,30,ask,,,10765863
2026-07-07T11:08:18.061187,2026-07-07T11:08:18.073113+00:00,147.4,20,ask,,,10765895
2026-07-07T11:08:18.061187,2026-07-07T11:08:18.073113+00:00,147.3,12,ask,,,10765896
2026-07-07T11:08:18.061187,2026-07-07T11:08:18.073113+00:00,147.3,18,ask,,,10765897
2026-07-07T11:08:20.175196,2026-07-07T11:08:20.187220+00:00,147.2,50,ask,,,10765935
2026-07-07T11:08:22.282758,2026-07-07T11:08:22.294371+00:00,147.2,12,ask,,,10765980
2026-07-07T11:08:22.282758,2026-07-07T11:08:22.294371+00:00,147.2,20,ask,,,10765981
2026-07-07T11:08:22.282758,2026-07-07T11:08:22.294371+00:00,147.1,18,ask,,,10765982
2026-07-07T11:08:24.392764,2026-07-07T11:08:24.404212+00:00,147.1,50,ask,,,10766017
2026-07-07T11:08:26.451273,2026-07-07T11:08:26.450570+00:00,147.4,50,bid,,,10766052
2026-07-07T11:08:28.318201,2026-07-07T11:08:28.329263+00:00,147.3,12,bid,,,10766087
2026-07-07T11:08:28.467134,2026-07-07T11:08:28.477547+00:00,147.3,25,bid,,,10766093
2026-07-07T11:08:28.513714,2026-07-07T11:08:28.521948+00:00,147.3,47,bid,,,10766095
2026-07-07T11:08:28.557632,2026-07-07T11:08:28.568997+00:00,147.3,50,bid,,,10766096
2026-07-07T11:08:28.687929,2026-07-07T11:08:28.695033+00:00,147.3,4,bid,,,10766103
2026-07-07T11:08:29.044200,2026-07-07T11:08:29.050977+00:00,147.2,5,ask,,,10766111
2026-07-07T11:08:29.044200,2026-07-07T11:08:29.050977+00:00,147.1,44,ask,,,10766112
2026-07-07T11:08:29.529422,2026-07-07T11:08:29.543792+00:00,147.3,11,bid,,,10766124
2026-07-07T11:08:30.663470,2026-07-07T11:08:30.675218+00:00,147.3,1,bid,,,10766140
2026-07-07T11:08:30.663470,2026-07-07T11:08:30.675218+00:00,147.5,49,bid,,,10766141
2026-07-07T11:08:31.239572,2026-07-07T11:08:31.248335+00:00,147.4,11,ask,,,10766150
2026-07-07T11:08:32.775971,2026-07-07T11:08:32.785541+00:00,147.5,50,bid,,,10766177
2026-07-07T11:08:32.907394,2026-07-07T11:08:32.915809+00:00,147.4,48,ask,,,10766181
2026-07-07T11:08:34.883932,2026-07-07T11:08:34.892620+00:00,147.6,12,bid,,,10766206
2026-07-07T11:08:34.883932,2026-07-07T11:08:34.892620+00:00,147.7,38,bid,,,10766207
2026-07-07T11:08:35.656264,2026-07-07T11:08:35.669121+00:00,147.7,49,bid,,,10766230
2026-07-07T11:08:37.064929,2026-07-07T11:08:37.074321+00:00,147.3,50,ask,,,10766256
2026-07-07T11:08:37.574046,2026-07-07T11:08:37.585380+00:00,147.6,12,ask,,,10766267
2026-07-07T11:08:38.076874,2026-07-07T11:08:38.085731+00:00,147.6,22,ask,,,10766273
2026-07-07T11:08:38.128091,2026-07-07T11:08:38.135853+00:00,147.6,25,ask,,,10766275
2026-07-07T11:08:38.301825,2026-07-07T11:08:38.310162+00:00,147.6,12,ask,,,10766281
2026-07-07T11:08:38.349349,2026-07-07T11:08:38.356718+00:00,147.6,25,ask,,,10766284
2026-07-07T11:08:38.573088,2026-07-07T11:08:38.583753+00:00,147.6,25,ask,,,10766290
2026-07-07T11:08:38.827969,2026-07-07T11:08:38.838970+00:00,147.6,25,ask,,,10766292
2026-07-07T11:08:39.050815,2026-07-07T11:08:39.068641+00:00,147.6,4,ask,,,10766295
2026-07-07T11:08:39.171127,2026-07-07T11:08:39.180867+00:00,147.3,50,ask,,,10766300
2026-07-07T11:08:39.497805,2026-07-07T11:08:39.506832+00:00,147.3,22,bid,,,10766305
2026-07-07T11:08:41.180989,2026-07-07T11:08:41.191310+00:00,147.1,12,ask,,,10766345
2026-07-07T11:08:41.180989,2026-07-07T11:08:41.191310+00:00,147.1,20,ask,,,10766346
2026-07-07T11:08:41.180989,2026-07-07T11:08:41.191310+00:00,146.8,17,ask,,,10766347
2026-07-07T11:08:41.278060,2026-07-07T11:08:41.285908+00:00,147.1,20,ask,,,10766349
2026-07-07T11:08:41.278060,2026-07-07T11:08:41.291335+00:00,146.8,30,ask,,,10766350
2026-07-07T11:08:42.009938,2026-07-07T11:08:42.020567+00:00,147.3,12,bid,,,10766362
2026-07-07T11:08:42.098203,2026-07-07T11:08:42.105329+00:00,147.3,25,bid,,,10766368
2026-07-07T11:08:42.326658,2026-07-07T11:08:42.336664+00:00,147.3,25,bid,,,10766375
2026-07-07T11:08:42.558263,2026-07-07T11:08:42.564986+00:00,147.3,14,bid,,,10766381
2026-07-07T11:08:42.735979,2026-07-07T11:08:42.745569+00:00,147.2,10,ask,,,10766384
2026-07-07T11:08:43.200362,2026-07-07T11:08:43.210377+00:00,147.3,45,bid,,,10766391
2026-07-07T11:08:43.385545,2026-07-07T11:08:43.397465+00:00,147.0,50,ask,,,10766393
2026-07-07T11:08:43.846910,2026-07-07T11:08:43.856394+00:00,147.0,43,ask,,,10766403
2026-07-07T11:08:44.380341,2026-07-07T11:08:44.389189+00:00,147.5,10,bid,,,10766415
2026-07-07T11:08:44.380341,2026-07-07T11:08:44.389189+00:00,147.5,36,bid,,,10766416
2026-07-07T11:08:45.496473,2026-07-07T11:08:45.503682+00:00,147.2,50,ask,,,10766435
2026-07-07T11:08:45.544698,2026-07-07T11:08:45.553623+00:00,147.2,40,ask,,,10766436
2026-07-07T11:08:46.131455,2026-07-07T11:08:46.140426+00:00,147.3,48,bid,,,10766446
2026-07-07T11:08:49.656250,2026-07-07T11:08:49.663596+00:00,147.3,50,bid,,,10766510
2026-07-07T11:08:50.152020,2026-07-07T11:08:50.158541+00:00,147.0,12,ask,,,10766518
2026-07-07T11:08:50.152020,2026-07-07T11:08:50.169150+00:00,146.9,37,ask,,,10766519
2026-07-07T11:08:50.800403,2026-07-07T11:08:50.816909+00:00,147.3,43,bid,,,10766530
2026-07-07T11:08:51.189944,2026-07-07T11:08:51.200750+00:00,147.3,11,bid,,,10766539
2026-07-07T11:08:51.788584,2026-07-07T11:08:51.800322+00:00,147.3,50,bid,,,10766547
2026-07-07T11:08:51.983439,2026-07-07T11:08:51.995325+00:00,147.3,46,bid,,,10766554
2026-07-07T11:08:52.038696,2026-07-07T11:08:52.047371+00:00,146.9,48,ask,,,10766559
2026-07-07T11:08:53.383422,2026-07-07T11:08:53.390448+00:00,147.4,100,bid,,,10766576
2026-07-07T11:08:53.383422,2026-07-07T11:08:53.395655+00:00,147.5,12,bid,,,10766577
2026-07-07T11:08:53.383422,2026-07-07T11:08:53.395655+00:00,147.6,20,bid,,,10766578
2026-07-07T11:08:53.453221,2026-07-07T11:08:53.462045+00:00,147.6,18,ask,,,10766580
2026-07-07T11:08:53.897265,2026-07-07T11:08:53.909230+00:00,147.6,20,bid,,,10766594
2026-07-07T11:08:53.897265,2026-07-07T11:08:53.909230+00:00,148.1,30,bid,,,10766595
2026-07-07T11:08:56.040492,2026-07-07T11:08:56.052163+00:00,147.4,50,bid,,,10766626
2026-07-07T11:08:56.435910,2026-07-07T11:08:56.446644+00:00,147.1,5,ask,,,10766632
2026-07-07T11:08:58.148814,2026-07-07T11:08:58.158579+00:00,147.2,50,bid,,,10766656
2026-07-07T11:08:58.613419,2026-07-07T11:08:58.622416+00:00,147.2,12,bid,,,10766662
2026-07-07T11:08:58.736291,2026-07-07T11:08:58.745384+00:00,147.2,25,bid,,,10766665
2026-07-07T11:08:59.052336,2026-07-07T11:08:59.061080+00:00,147.2,11,bid,,,10766677
2026-07-07T11:08:59.178793,2026-07-07T11:08:59.187113+00:00,147.2,15,bid,,,10766686
2026-07-07T11:09:00.286603,2026-07-07T11:09:00.298784+00:00,147.2,12,bid,,,10766705
2026-07-07T11:09:00.286603,2026-07-07T11:09:00.298784+00:00,147.3,20,bid,,,10766706
2026-07-07T11:09:00.286603,2026-07-07T11:09:00.304250+00:00,147.5,18,bid,,,10766707
2026-07-07T11:09:01.014519,2026-07-07T11:09:01.021289+00:00,147.0,40,ask,,,10766720
2026-07-07T11:09:02.401377,2026-07-07T11:09:02.408367+00:00,147.2,12,bid,,,10766734
2026-07-07T11:09:02.401377,2026-07-07T11:09:02.413860+00:00,147.3,38,bid,,,10766735
2026-07-07T11:09:02.558740,2026-07-07T11:09:02.570278+00:00,147.0,49,ask,,,10766740
2026-07-07T11:09:02.985308,2026-07-07T11:09:02.995668+00:00,147.1,23,ask,,,10766752
2026-07-07T11:09:03.592317,2026-07-07T11:09:03.604189+00:00,147.2,20,bid,,,10766769
2026-07-07T11:09:03.592317,2026-07-07T11:09:03.604189+00:00,147.3,23,bid,,,10766770
2026-07-07T11:09:04.513991,2026-07-07T11:09:04.523022+00:00,147.3,39,bid,,,10766785
2026-07-07T11:09:04.513991,2026-07-07T11:09:04.523022+00:00,147.3,11,bid,,,10766786
2026-07-07T11:09:06.634837,2026-07-07T11:09:06.644309+00:00,147.1,46,ask,,,10766823
2026-07-07T11:09:08.755680,2026-07-07T11:09:08.757513+00:00,147.5,44,bid,,,10766855
2026-07-07T11:09:09.214696,2026-07-07T11:09:09.226574+00:00,147.5,12,bid,,,10766861
2026-07-07T11:09:09.214696,2026-07-07T11:09:09.226574+00:00,147.6,28,bid,,,10766862
2026-07-07T11:09:09.271562,2026-07-07T11:09:09.283180+00:00,147.4,41,ask,,,10766863
2026-07-07T11:09:09.544950,2026-07-07T11:09:09.555481+00:00,147.4,11,ask,,,10766876
2026-07-07T11:09:09.954465,2026-07-07T11:09:09.958580+00:00,147.4,12,ask,,,10766888
2026-07-07T11:09:10.850914,2026-07-07T11:09:10.868890+00:00,147.5,20,bid,,,10766903
2026-07-07T11:09:10.850914,2026-07-07T11:09:10.868890+00:00,147.6,30,bid,,,10766904
2026-07-07T11:09:11.467666,2026-07-07T11:09:11.480049+00:00,147.5,20,bid,,,10766912
2026-07-07T11:09:11.467666,2026-07-07T11:09:11.480049+00:00,147.7,29,bid,,,10766913
2026-07-07T11:09:14.277458,2026-07-07T11:09:14.285979+00:00,147.4,100,bid,,,10766947
2026-07-07T11:09:14.967378,2026-07-07T11:09:14.978986+00:00,147.1,12,ask,,,10766954
2026-07-07T11:09:14.967378,2026-07-07T11:09:14.978986+00:00,147.0,32,ask,,,10766955
2026-07-07T11:09:15.115795,2026-07-07T11:09:15.127365+00:00,147.0,50,ask,,,10766962
2026-07-07T11:09:16.602302,2026-07-07T11:09:16.614364+00:00,147.0,44,ask,,,10766987
2026-07-07T11:09:17.172650,2026-07-07T11:09:17.181804+00:00,147.5,50,bid,,,10767002
2026-07-07T11:09:18.652846,2026-07-07T11:09:18.658605+00:00,147.5,47,bid,,,10767022
2026-07-07T11:09:19.278945,2026-07-07T11:09:19.290591+00:00,147.5,50,bid,,,10767029
2026-07-07T11:09:21.438232,2026-07-07T11:09:21.449839+00:00,147.3,50,ask,,,10767076
2026-07-07T11:09:23.495479,2026-07-07T11:09:23.504888+00:00,147.5,50,bid,,,10767110
2026-07-07T11:09:24.063831,2026-07-07T11:09:24.075449+00:00,147.5,43,bid,,,10767123
2026-07-07T11:09:25.602299,2026-07-07T11:09:25.613867+00:00,147.5,20,bid,,,10767138
2026-07-07T11:09:25.602299,2026-07-07T11:09:25.613867+00:00,147.6,30,bid,,,10767139
2026-07-07T11:09:26.141825,2026-07-07T11:09:26.153045+00:00,147.4,40,ask,,,10767150
2026-07-07T11:09:26.667469,2026-07-07T11:09:26.679411+00:00,147.4,40,ask,,,10767154
2026-07-07T11:09:29.222551,2026-07-07T11:09:29.234592+00:00,147.6,45,bid,,,10767185
2026-07-07T11:09:29.823596,2026-07-07T11:09:29.835454+00:00,147.6,50,bid,,,10767190
2026-07-07T11:09:31.931173,2026-07-07T11:09:31.942889+00:00,147.6,20,bid,,,10767216
2026-07-07T11:09:32.510602,2026-07-07T11:09:32.519752+00:00,147.5,12,ask,,,10767226
2026-07-07T11:09:32.722313,2026-07-07T11:09:32.737318+00:00,147.6,20,bid,,,10767230
2026-07-07T11:09:32.778357,2026-07-07T11:09:32.790425+00:00,147.5,45,ask,,,10767233
2026-07-07T11:09:33.054154,2026-07-07T11:09:33.063711+00:00,147.5,12,ask,,,10767235
2026-07-07T11:09:33.186409,2026-07-07T11:09:33.195416+00:00,147.5,11,ask,,,10767242
2026-07-07T11:09:33.386280,2026-07-07T11:09:33.396816+00:00,147.5,25,ask,,,10767250
2026-07-07T11:09:33.596271,2026-07-07T11:09:33.604496+00:00,147.5,12,ask,,,10767254
2026-07-07T11:09:33.611889,2026-07-07T11:09:33.620180+00:00,147.5,25,ask,,,10767256
2026-07-07T11:09:33.835835,2026-07-07T11:09:33.847154+00:00,147.5,8,ask,,,10767258
2026-07-07T11:09:34.653014,2026-07-07T11:09:34.664689+00:00,147.3,48,ask,,,10767274
2026-07-07T11:09:35.846430,2026-07-07T11:09:35.857918+00:00,147.4,46,bid,,,10767290
2026-07-07T11:09:36.144404,2026-07-07T11:09:36.158553+00:00,147.4,50,bid,,,10767293
2026-07-07T11:09:37.136999,2026-07-07T11:09:37.147471+00:00,147.4,11,bid,,,10767305
2026-07-07T11:09:37.687688,2026-07-07T11:09:37.699532+00:00,147.5,12,bid,,,10767310
2026-07-07T11:09:37.828223,2026-07-07T11:09:37.839573+00:00,147.6,40,bid,,,10767312
2026-07-07T11:09:38.313558,2026-07-07T11:09:38.323119+00:00,147.5,50,ask,,,10767323
2026-07-07T11:09:38.457860,2026-07-07T11:09:38.466741+00:00,147.5,34,ask,,,10767325
2026-07-07T11:09:38.615483,2026-07-07T11:09:38.622398+00:00,147.5,2,ask,,,10767329
2026-07-07T11:09:38.682981,2026-07-07T11:09:38.692351+00:00,147.5,12,ask,,,10767332
2026-07-07T11:09:38.969466,2026-07-07T11:09:38.981071+00:00,147.5,40,ask,,,10767339
2026-07-07T11:09:38.969466,2026-07-07T11:09:38.981071+00:00,147.1,2,ask,,,10767340
2026-07-07T11:09:39.519809,2026-07-07T11:09:39.528914+00:00,147.6,40,bid,,,10767343
2026-07-07T11:09:39.761326,2026-07-07T11:09:39.772377+00:00,147.4,11,bid,,,10767347
2026-07-07T11:09:39.788887,2026-07-07T11:09:39.797420+00:00,147.4,1,bid,,,10767350
2026-07-07T11:09:40.419080,2026-07-07T11:09:40.430822+00:00,147.2,20,ask,,,10767366
2026-07-07T11:09:40.419080,2026-07-07T11:09:40.430822+00:00,147.1,12,ask,,,10767367
2026-07-07T11:09:40.419080,2026-07-07T11:09:40.430822+00:00,147.0,18,ask,,,10767368
2026-07-07T11:09:40.921731,2026-07-07T11:09:40.931319+00:00,147.3,22,bid,,,10767376
2026-07-07T11:09:42.427478,2026-07-07T11:09:42.439324+00:00,147.3,34,bid,,,10767399
2026-07-07T11:09:42.529588,2026-07-07T11:09:42.541056+00:00,147.0,50,ask,,,10767403
2026-07-07T11:09:44.229463,2026-07-07T11:09:44.242999+00:00,147.2,12,ask,,,10767436
2026-07-07T11:09:44.229463,2026-07-07T11:09:44.242999+00:00,147.2,20,ask,,,10767437
2026-07-07T11:09:44.229463,2026-07-07T11:09:44.242999+00:00,147.0,12,ask,,,10767438
2026-07-07T11:09:44.636956,2026-07-07T11:09:44.647269+00:00,147.2,20,ask,,,10767445
2026-07-07T11:09:44.636956,2026-07-07T11:09:44.647269+00:00,147.1,12,ask,,,10767446
2026-07-07T11:09:44.636956,2026-07-07T11:09:44.647269+00:00,147.0,18,ask,,,10767447
2026-07-07T11:09:48.855912,2026-07-07T11:09:48.858553+00:00,147.5,12,ask,,,10767513
2026-07-07T11:09:48.855912,2026-07-07T11:09:48.869632+00:00,147.4,20,ask,,,10767514
2026-07-07T11:09:48.855912,2026-07-07T11:09:48.869632+00:00,147.3,18,ask,,,10767515
2026-07-07T11:09:48.967387,2026-07-07T11:09:48.976405+00:00,147.8,40,bid,,,10767519
2026-07-07T11:09:48.971610,2026-07-07T11:09:48.991656+00:00,147.4,20,ask,,,10767520
2026-07-07T11:09:50.966166,2026-07-07T11:09:50.978232+00:00,147.4,12,ask,,,10767556
2026-07-07T11:09:50.966166,2026-07-07T11:09:50.978232+00:00,147.3,20,ask,,,10767557
2026-07-07T11:09:50.966166,2026-07-07T11:09:50.978232+00:00,147.2,18,ask,,,10767558
2026-07-07T11:09:53.026842,2026-07-07T11:09:53.038717+00:00,147.7,50,bid,,,10767598
2026-07-07T11:09:54.340571,2026-07-07T11:09:54.352117+00:00,147.6,12,bid,,,10767617
2026-07-07T11:09:54.804276,2026-07-07T11:09:54.815921+00:00,147.3,41,ask,,,10767631
2026-07-07T11:09:55.189158,2026-07-07T11:09:55.196362+00:00,147.3,50,ask,,,10767637
2026-07-07T11:09:57.295905,2026-07-07T11:09:57.302720+00:00,147.2,50,ask,,,10767660
2026-07-07T11:09:58.063644,2026-07-07T11:09:58.075243+00:00,147.2,45,ask,,,10767670
2026-07-07T11:09:58.623617,2026-07-07T11:09:58.635410+00:00,147.2,55,ask,,,10767680
2026-07-07T11:09:59.403052,2026-07-07T11:09:59.414619+00:00,147.0,12,ask,,,10767694
2026-07-07T11:09:59.403052,2026-07-07T11:09:59.414619+00:00,146.8,20,ask,,,10767695
2026-07-07T11:09:59.403052,2026-07-07T11:09:59.414619+00:00,146.6,18,ask,,,10767696
2026-07-07T11:09:59.494996,2026-07-07T11:09:59.505314+00:00,147.1,9,bid,,,10767698
2026-07-07T11:09:59.525564,2026-07-07T11:09:59.533102+00:00,147.1,25,bid,,,10767701
2026-07-07T11:09:59.753057,2026-07-07T11:09:59.764066+00:00,147.1,11,bid,,,10767709
2026-07-07T11:10:00.010015,2026-07-07T11:10:00.018090+00:00,147.1,24,bid,,,10767715
2026-07-07T11:10:01.512009,2026-07-07T11:10:01.524178+00:00,147.0,12,ask,,,10767734
2026-07-07T11:10:01.512009,2026-07-07T11:10:01.524178+00:00,146.6,38,ask,,,10767735
2026-07-07T11:10:03.057414,2026-07-07T11:10:03.069083+00:00,146.8,100,ask,,,10767754
2026-07-07T11:10:03.057414,2026-07-07T11:10:03.069083+00:00,146.8,12,ask,,,10767755
2026-07-07T11:10:03.574471,2026-07-07T11:10:03.583591+00:00,146.8,38,bid,,,10767762
2026-07-07T11:10:03.574471,2026-07-07T11:10:03.583591+00:00,147.1,12,bid,,,10767763
2026-07-07T11:10:06.047794,2026-07-07T11:10:06.057735+00:00,146.9,47,bid,,,10767802
2026-07-07T11:10:06.169204,2026-07-07T11:10:06.180706+00:00,146.9,53,bid,,,10767807
2026-07-07T11:10:06.652324,2026-07-07T11:10:06.665465+00:00,147.0,20,bid,,,10767814
2026-07-07T11:10:06.652324,2026-07-07T11:10:06.670937+00:00,147.1,12,bid,,,10767815
2026-07-07T11:10:06.652324,2026-07-07T11:10:06.670937+00:00,147.4,14,bid,,,10767816
2026-07-07T11:10:07.253859,2026-07-07T11:10:07.262578+00:00,146.9,12,ask,,,10767828
2026-07-07T11:10:07.786858,2026-07-07T11:10:07.799040+00:00,147.2,12,bid,,,10767838
2026-07-07T11:10:07.786858,2026-07-07T11:10:07.799040+00:00,147.3,20,bid,,,10767839
2026-07-07T11:10:07.786858,2026-07-07T11:10:07.799040+00:00,147.4,18,bid,,,10767840
2026-07-07T11:10:08.508992,2026-07-07T11:10:08.520067+00:00,146.9,11,ask,,,10767852
2026-07-07T11:10:09.905631,2026-07-07T11:10:09.917739+00:00,147.0,20,bid,,,10767874
2026-07-07T11:10:09.905631,2026-07-07T11:10:09.917739+00:00,147.1,11,bid,,,10767875
2026-07-07T11:10:09.905631,2026-07-07T11:10:09.923206+00:00,147.1,19,bid,,,10767876
2026-07-07T11:10:11.139368,2026-07-07T11:10:11.150877+00:00,146.7,40,ask,,,10767900
2026-07-07T11:10:12.020316,2026-07-07T11:10:12.029227+00:00,146.9,50,bid,,,10767912
2026-07-07T11:10:13.244929,2026-07-07T11:10:13.256567+00:00,146.7,12,ask,,,10767933
2026-07-07T11:10:13.244929,2026-07-07T11:10:13.256567+00:00,146.6,37,ask,,,10767934
2026-07-07T11:10:14.153213,2026-07-07T11:10:14.164671+00:00,146.9,50,bid,,,10767953
2026-07-07T11:10:16.979719,2026-07-07T11:10:16.992921+00:00,147.0,11,ask,,,10768004
2026-07-07T11:10:18.213509,2026-07-07T11:10:18.222611+00:00,147.1,12,bid,,,10768028
2026-07-07T11:10:18.213509,2026-07-07T11:10:18.222611+00:00,147.1,20,bid,,,10768029
2026-07-07T11:10:18.213509,2026-07-07T11:10:18.228119+00:00,147.2,16,bid,,,10768030
2026-07-07T11:10:18.441445,2026-07-07T11:10:18.450457+00:00,146.8,12,ask,,,10768033
2026-07-07T11:10:18.441445,2026-07-07T11:10:18.450457+00:00,146.7,38,ask,,,10768034
2026-07-07T11:10:19.863621,2026-07-07T11:10:19.875186+00:00,146.7,43,ask,,,10768059
2026-07-07T11:10:20.499115,2026-07-07T11:10:20.511460+00:00,147.0,50,bid,,,10768075
2026-07-07T11:10:23.941130,2026-07-07T11:10:23.948609+00:00,146.7,45,ask,,,10768123
2026-07-07T11:10:23.996745,2026-07-07T11:10:24.004308+00:00,146.7,100,ask,,,10768124
2026-07-07T11:10:24.257381,2026-07-07T11:10:24.269104+00:00,146.7,5,ask,,,10768129
2026-07-07T11:10:24.776428,2026-07-07T11:10:24.788466+00:00,146.4,12,ask,,,10768141
2026-07-07T11:10:24.776428,2026-07-07T11:10:24.788466+00:00,146.2,38,ask,,,10768142
2026-07-07T11:10:25.220780,2026-07-07T11:10:25.231349+00:00,146.3,23,bid,,,10768146
2026-07-07T11:10:25.356282,2026-07-07T11:10:25.358587+00:00,146.3,25,bid,,,10768150
2026-07-07T11:10:25.581485,2026-07-07T11:10:25.590620+00:00,146.3,25,bid,,,10768162
2026-07-07T11:10:25.751604,2026-07-07T11:10:25.760566+00:00,146.3,11,bid,,,10768164
2026-07-07T11:10:25.805061,2026-07-07T11:10:25.816280+00:00,146.3,6,bid,,,10768167
2026-07-07T11:10:25.809426,2026-07-07T11:10:25.816280+00:00,146.3,25,bid,,,10768168
2026-07-07T11:10:26.037229,2026-07-07T11:10:26.052680+00:00,146.3,5,bid,,,10768171
2026-07-07T11:10:26.888772,2026-07-07T11:10:26.895368+00:00,146.2,50,ask,,,10768187
2026-07-07T11:10:28.994585,2026-07-07T11:10:29.006453+00:00,146.1,12,ask,,,10768218
2026-07-07T11:10:28.994585,2026-07-07T11:10:29.006453+00:00,146.1,38,ask,,,10768219
2026-07-07T11:10:29.689471,2026-07-07T11:10:29.698363+00:00,146.2,12,ask,,,10768238
2026-07-07T11:10:29.699445,2026-07-07T11:10:29.707897+00:00,146.1,5,ask,,,10768240
2026-07-07T11:10:31.103755,2026-07-07T11:10:31.115857+00:00,146.1,50,ask,,,10768255
2026-07-07T11:10:33.213560,2026-07-07T11:10:33.225680+00:00,146.0,12,ask,,,10768294
2026-07-07T11:10:33.213560,2026-07-07T11:10:33.225680+00:00,145.8,38,ask,,,10768295
2026-07-07T11:10:33.504450,2026-07-07T11:10:33.511080+00:00,146.2,47,bid,,,10768301
2026-07-07T11:10:34.565198,2026-07-07T11:10:34.575102+00:00,146.2,47,bid,,,10768323
2026-07-07T11:10:35.322812,2026-07-07T11:10:35.334950+00:00,146.0,50,ask,,,10768339
2026-07-07T11:10:35.553047,2026-07-07T11:10:35.565053+00:00,146.0,43,ask,,,10768341
2026-07-07T11:10:36.561246,2026-07-07T11:10:36.573578+00:00,146.2,12,bid,,,10768359
2026-07-07T11:10:36.561246,2026-07-07T11:10:36.573578+00:00,146.3,20,bid,,,10768360
2026-07-07T11:10:36.561246,2026-07-07T11:10:36.573578+00:00,146.5,8,bid,,,10768361
2026-07-07T11:10:37.431976,2026-07-07T11:10:37.440254+00:00,146.0,50,ask,,,10768370
2026-07-07T11:10:37.861243,2026-07-07T11:10:37.872895+00:00,145.9,12,ask,,,10768373
2026-07-07T11:10:37.861243,2026-07-07T11:10:37.872895+00:00,145.8,100,ask,,,10768374
2026-07-07T11:10:37.874148,2026-07-07T11:10:37.884624+00:00,145.8,11,bid,,,10768375
2026-07-07T11:10:37.911529,2026-07-07T11:10:37.922306+00:00,145.8,6,bid,,,10768377
2026-07-07T11:10:38.035963,2026-07-07T11:10:38.046091+00:00,145.8,20,bid,,,10768385
2026-07-07T11:10:38.242814,2026-07-07T11:10:38.254522+00:00,145.8,1,bid,,,10768390
2026-07-07T11:10:38.242814,2026-07-07T11:10:38.254522+00:00,146.1,12,bid,,,10768391
2026-07-07T11:10:38.242814,2026-07-07T11:10:38.254522+00:00,146.3,31,bid,,,10768392
2026-07-07T11:10:41.591482,2026-07-07T11:10:41.602960+00:00,146.1,50,bid,,,10768447
2026-07-07T11:10:43.699754,2026-07-07T11:10:43.709070+00:00,146.3,12,bid,,,10768485
2026-07-07T11:10:43.699754,2026-07-07T11:10:43.709070+00:00,146.3,38,bid,,,10768486
2026-07-07T11:10:45.808939,2026-07-07T11:10:45.815690+00:00,146.3,50,bid,,,10768516
2026-07-07T11:10:46.102678,2026-07-07T11:10:46.113914+00:00,146.1,6,ask,,,10768518
2026-07-07T11:10:47.918103,2026-07-07T11:10:47.929951+00:00,146.5,12,bid,,,10768539
2026-07-07T11:10:47.918103,2026-07-07T11:10:47.929951+00:00,146.6,38,bid,,,10768540
2026-07-07T11:10:49.191442,2026-07-07T11:10:49.199784+00:00,146.2,12,ask,,,10768562
2026-07-07T11:10:49.191442,2026-07-07T11:10:49.204978+00:00,146.2,36,ask,,,10768563
2026-07-07T11:10:49.272330,2026-07-07T11:10:49.280872+00:00,146.4,11,ask,,,10768566
2026-07-07T11:10:49.781779,2026-07-07T11:10:49.792571+00:00,146.6,12,bid,,,10768572
2026-07-07T11:10:49.781779,2026-07-07T11:10:49.792571+00:00,146.6,20,bid,,,10768573
2026-07-07T11:10:49.781779,2026-07-07T11:10:49.792571+00:00,146.7,16,bid,,,10768574
2026-07-07T11:10:50.030452,2026-07-07T11:10:50.039240+00:00,146.6,20,bid,,,10768580
2026-07-07T11:10:50.030452,2026-07-07T11:10:50.039240+00:00,146.7,30,bid,,,10768581
2026-07-07T11:10:52.142171,2026-07-07T11:10:52.149563+00:00,146.7,20,bid,,,10768604
2026-07-07T11:10:52.142171,2026-07-07T11:10:52.154834+00:00,146.8,12,bid,,,10768605
2026-07-07T11:10:52.142171,2026-07-07T11:10:52.154834+00:00,146.9,18,bid,,,10768606
2026-07-07T11:10:54.251537,2026-07-07T11:10:54.258186+00:00,146.7,20,bid,,,10768643
2026-07-07T11:10:54.251537,2026-07-07T11:10:54.258186+00:00,146.8,30,bid,,,10768644
2026-07-07T11:10:54.608259,2026-07-07T11:10:54.617215+00:00,146.5,23,ask,,,10768656
2026-07-07T11:10:56.366645,2026-07-07T11:10:56.377918+00:00,146.6,12,bid,,,10768683
2026-07-07T11:10:56.366645,2026-07-07T11:10:56.377918+00:00,146.6,20,bid,,,10768684
2026-07-07T11:10:56.366645,2026-07-07T11:10:56.377918+00:00,146.8,18,bid,,,10768685
2026-07-07T11:10:56.892054,2026-07-07T11:10:56.900999+00:00,146.3,46,ask,,,10768696
2026-07-07T11:10:58.477685,2026-07-07T11:10:58.489171+00:00,146.6,12,bid,,,10768722
2026-07-07T11:10:58.477685,2026-07-07T11:10:58.489171+00:00,146.8,38,bid,,,10768723
2026-07-07T11:11:00.587095,2026-07-07T11:11:00.598965+00:00,146.6,20,bid,,,10768748
2026-07-07T11:11:00.587095,2026-07-07T11:11:00.598965+00:00,146.7,12,bid,,,10768749
2026-07-07T11:11:00.587095,2026-07-07T11:11:00.598965+00:00,146.7,18,bid,,,10768750
2026-07-07T11:11:02.700870,2026-07-07T11:11:02.713067+00:00,146.7,1,bid,,,10768791
2026-07-07T11:11:02.700870,2026-07-07T11:11:02.713067+00:00,146.8,49,bid,,,10768792
2026-07-07T11:11:03.193769,2026-07-07T11:11:03.202180+00:00,146.6,41,ask,,,10768801
2026-07-07T11:11:03.794580,2026-07-07T11:11:03.803068+00:00,146.6,11,ask,,,10768807
2026-07-07T11:11:03.916845,2026-07-07T11:11:03.926322+00:00,146.6,25,ask,,,10768809
2026-07-07T11:11:04.163379,2026-07-07T11:11:04.174571+00:00,146.6,25,ask,,,10768816
2026-07-07T11:11:04.391420,2026-07-07T11:11:04.399815+00:00,146.6,25,ask,,,10768827
2026-07-07T11:11:04.613687,2026-07-07T11:11:04.624752+00:00,146.6,5,ask,,,10768830
2026-07-07T11:11:04.861500,2026-07-07T11:11:04.873479+00:00,146.6,18,ask,,,10768833
2026-07-07T11:11:04.861500,2026-07-07T11:11:04.873479+00:00,146.3,32,ask,,,10768834
2026-07-07T11:11:06.920651,2026-07-07T11:11:06.931343+00:00,146.6,50,bid,,,10768863
2026-07-07T11:11:09.088021,2026-07-07T11:11:09.099852+00:00,146.4,12,ask,,,10768888
2026-07-07T11:11:09.088021,2026-07-07T11:11:09.099852+00:00,146.3,20,ask,,,10768889
2026-07-07T11:11:09.088021,2026-07-07T11:11:09.099852+00:00,146.2,18,ask,,,10768890
2026-07-07T11:11:10.285583,2026-07-07T11:11:10.296744+00:00,146.7,43,bid,,,10768908
2026-07-07T11:11:11.148585,2026-07-07T11:11:11.151710+00:00,146.6,12,bid,,,10768916
2026-07-07T11:11:11.148585,2026-07-07T11:11:11.151710+00:00,146.7,38,bid,,,10768917
2026-07-07T11:11:11.703653,2026-07-07T11:11:11.715173+00:00,146.8,42,bid,,,10768927
2026-07-07T11:11:13.747299,2026-07-07T11:11:13.758950+00:00,146.4,41,ask,,,10768964
2026-07-07T11:11:15.372843,2026-07-07T11:11:15.382449+00:00,146.8,50,bid,,,10768988
2026-07-07T11:11:15.891884,2026-07-07T11:11:15.903286+00:00,146.9,44,bid,,,10769000
2026-07-07T11:11:16.752091,2026-07-07T11:11:16.759002+00:00,146.8,20,ask,,,10769006
2026-07-07T11:11:16.917384,2026-07-07T11:11:16.926439+00:00,146.8,12,ask,,,10769014
2026-07-07T11:11:16.958549,2026-07-07T11:11:16.970061+00:00,146.8,47,ask,,,10769016
2026-07-07T11:11:17.533314,2026-07-07T11:11:17.544783+00:00,146.8,50,ask,,,10769020
2026-07-07T11:11:18.998981,2026-07-07T11:11:19.009946+00:00,146.6,12,bid,,,10769042
2026-07-07T11:11:19.593449,2026-07-07T11:11:19.600774+00:00,146.6,50,bid,,,10769052
2026-07-07T11:11:21.561216,2026-07-07T11:11:21.568915+00:00,146.6,42,bid,,,10769075
2026-07-07T11:11:22.537969,2026-07-07T11:11:22.549717+00:00,146.5,43,ask,,,10769089
2026-07-07T11:11:25.984238,2026-07-07T11:11:25.991844+00:00,146.3,50,ask,,,10769140
2026-07-07T11:11:26.309630,2026-07-07T11:11:26.316773+00:00,146.7,45,bid,,,10769148
2026-07-07T11:11:28.091507,2026-07-07T11:11:28.104022+00:00,146.5,50,ask,,,10769173
2026-07-07T11:11:30.226993,2026-07-07T11:11:30.235006+00:00,146.5,50,ask,,,10769216
2026-07-07T11:11:32.282523,2026-07-07T11:11:32.294354+00:00,146.8,50,bid,,,10769243
2026-07-07T11:11:32.303360,2026-07-07T11:11:32.315487+00:00,146.5,12,ask,,,10769244
2026-07-07T11:11:32.303360,2026-07-07T11:11:32.315487+00:00,146.5,20,ask,,,10769245
2026-07-07T11:11:32.303360,2026-07-07T11:11:32.320741+00:00,146.4,13,ask,,,10769246
2026-07-07T11:11:33.458450,2026-07-07T11:11:33.470430+00:00,146.7,12,bid,,,10769272
2026-07-07T11:11:33.458450,2026-07-07T11:11:33.470430+00:00,146.8,28,bid,,,10769273
2026-07-07T11:11:34.450726,2026-07-07T11:11:34.458614+00:00,146.4,50,ask,,,10769280
2026-07-07T11:11:35.690089,2026-07-07T11:11:35.700934+00:00,146.3,45,ask,,,10769306
2026-07-07T11:11:36.557393,2026-07-07T11:11:36.564101+00:00,146.3,50,ask,,,10769319
2026-07-07T11:11:36.715019,2026-07-07T11:11:36.723917+00:00,146.2,12,ask,,,10769327
2026-07-07T11:11:37.991811,2026-07-07T11:11:38.003526+00:00,146.1,100,ask,,,10769358
2026-07-07T11:11:38.004742,2026-07-07T11:11:38.015502+00:00,145.9,22,bid,,,10769359
2026-07-07T11:11:38.688096,2026-07-07T11:11:38.696898+00:00,145.8,20,ask,,,10769364
2026-07-07T11:11:38.688096,2026-07-07T11:11:38.696898+00:00,145.4,30,ask,,,10769365
2026-07-07T11:11:39.315223,2026-07-07T11:11:39.326218+00:00,145.9,12,bid,,,10769380
2026-07-07T11:11:39.337740,2026-07-07T11:11:39.346972+00:00,145.9,16,bid,,,10769384
2026-07-07T11:11:39.655435,2026-07-07T11:11:39.667198+00:00,146.5,20,bid,,,10769387
2026-07-07T11:11:39.655435,2026-07-07T11:11:39.667198+00:00,146.6,22,bid,,,10769388
2026-07-07T11:11:40.797192,2026-07-07T11:11:40.804373+00:00,145.9,20,ask,,,10769409
2026-07-07T11:11:40.797192,2026-07-07T11:11:40.809624+00:00,145.5,30,ask,,,10769410
2026-07-07T11:11:41.117326,2026-07-07T11:11:41.126743+00:00,146.0,100,bid,,,10769416
2026-07-07T11:11:41.133027,2026-07-07T11:11:41.141882+00:00,146.1,12,ask,,,10769417
2026-07-07T11:11:42.905911,2026-07-07T11:11:42.917716+00:00,146.1,38,ask,,,10769441
2026-07-07T11:11:42.905911,2026-07-07T11:11:42.917716+00:00,146.0,12,ask,,,10769442
2026-07-07T11:11:43.952260,2026-07-07T11:11:43.964113+00:00,145.7,12,ask,,,10769476
2026-07-07T11:11:43.952260,2026-07-07T11:11:43.964113+00:00,145.6,31,ask,,,10769477
2026-07-07T11:11:45.015348,2026-07-07T11:11:45.024119+00:00,145.7,20,ask,,,10769493
2026-07-07T11:11:45.015348,2026-07-07T11:11:45.024119+00:00,145.6,30,ask,,,10769494
2026-07-07T11:11:45.669431,2026-07-07T11:11:45.676125+00:00,145.8,45,bid,,,10769505
2026-07-07T11:11:45.870188,2026-07-07T11:11:45.879817+00:00,145.8,23,bid,,,10769507
2026-07-07T11:11:45.974226,2026-07-07T11:11:45.985168+00:00,145.8,12,bid,,,10769509
2026-07-07T11:11:46.047531,2026-07-07T11:11:46.058870+00:00,145.8,25,bid,,,10769514
2026-07-07T11:11:46.270128,2026-07-07T11:11:46.281938+00:00,145.8,25,bid,,,10769522
2026-07-07T11:11:46.497844,2026-07-07T11:11:46.509370+00:00,145.8,20,bid,,,10769528
2026-07-07T11:11:47.130791,2026-07-07T11:11:47.139320+00:00,145.8,12,ask,,,10769548
2026-07-07T11:11:47.130791,2026-07-07T11:11:47.139320+00:00,145.7,20,ask,,,10769549
2026-07-07T11:11:47.130791,2026-07-07T11:11:47.144574+00:00,145.6,18,ask,,,10769550
2026-07-07T11:11:47.443277,2026-07-07T11:11:47.454789+00:00,146.1,100,bid,,,10769559
2026-07-07T11:11:47.443277,2026-07-07T11:11:47.454789+00:00,146.1,12,bid,,,10769560
2026-07-07T11:11:47.459540,2026-07-07T11:11:47.469273+00:00,146.1,23,ask,,,10769561
2026-07-07T11:11:47.802821,2026-07-07T11:11:47.812103+00:00,146.1,11,ask,,,10769574
2026-07-07T11:11:49.240491,2026-07-07T11:11:49.252728+00:00,146.1,4,ask,,,10769590
2026-07-07T11:11:49.240491,2026-07-07T11:11:49.252728+00:00,145.8,12,ask,,,10769591
