timestamp,recv_time,price,volume,aggressor_side,buyer,seller,trade_id
2026-07-15T04:00:00.825965,2026-07-15T04:00:00.831244+00:00,72.5,12,bid,EarnestEspressos,Zhangyue Shen,4146541
2026-07-15T04:00:00.825965,2026-07-15T04:00:00.831244+00:00,72.6,2,bid,EarnestEspressos,xingzhi Dang,4146542
2026-07-15T04:00:00.879895,2026-07-15T04:00:00.897417+00:00,72.6,3,ask,EarnestEspressos,Xuanyu Liu,4146543
2026-07-15T04:00:00.935220,2026-07-15T04:00:00.938904+00:00,72.6,50,ask,EarnestEspressos,FlawlessFlatbreads,4146545
2026-07-15T04:00:01.026846,2026-07-15T04:00:01.037158+00:00,72.7,40,bid,CostlyCorianders,Andy Garg,4146547
2026-07-15T04:00:01.026846,2026-07-15T04:00:01.037158+00:00,72.7,1,bid,CostlyCorianders,Zhangyue Shen,4146548
2026-07-15T04:00:01.047671,2026-07-15T04:00:01.048160+00:00,72.6,3,ask,EarnestEspressos,Andy Garg,4146550
2026-07-15T04:00:01.594376,2026-07-15T04:00:01.606866+00:00,72.6,45,ask,EarnestEspressos,CostlyCorianders,4146559
2026-07-15T04:00:03.047992,2026-07-15T04:00:03.058728+00:00,72.6,35,ask,EarnestEspressos,FlawlessFlatbreads,4146591
2026-07-15T04:00:03.047992,2026-07-15T04:00:03.058728+00:00,72.6,2,ask,xingzhi Dang,FlawlessFlatbreads,4146592
2026-07-15T04:00:03.047992,2026-07-15T04:00:03.058728+00:00,72.5,12,ask,Zhangyue Shen,FlawlessFlatbreads,4146593
2026-07-15T04:00:03.047992,2026-07-15T04:00:03.058728+00:00,72.3,1,ask,DiligentDonuts,FlawlessFlatbreads,4146594
2026-07-15T04:00:04.777847,2026-07-15T04:00:04.780715+00:00,72.6,40,bid,Andy Garg,EarnestEspressos,4146617
2026-07-15T04:00:05.190500,2026-07-15T04:00:05.201793+00:00,72.5,30,ask,Gourab Sharma,FlawlessFlatbreads,4146623
2026-07-15T04:00:05.190500,2026-07-15T04:00:05.201793+00:00,72.5,12,ask,Zhangyue Shen,FlawlessFlatbreads,4146624
2026-07-15T04:00:05.190500,2026-07-15T04:00:05.201793+00:00,72.4,8,ask,Alan Niu,FlawlessFlatbreads,4146625
2026-07-15T04:00:05.516800,2026-07-15T04:00:05.526085+00:00,72.6,51,bid,Peter Chen,EarnestEspressos,4146633
2026-07-15T04:00:05.522498,2026-07-15T04:00:05.526085+00:00,72.6,15,bid,Gourab Sharma,EarnestEspressos,4146634
2026-07-15T04:00:05.545852,2026-07-15T04:00:05.548035+00:00,72.6,18,bid,Gourab Sharma,EarnestEspressos,4146638
2026-07-15T04:00:05.555708,2026-07-15T04:00:05.570078+00:00,72.6,26,bid,Akshit Parekh,EarnestEspressos,4146641
2026-07-15T04:00:05.670193,2026-07-15T04:00:05.679236+00:00,72.7,2,bid,Akshit Parekh,xingzhi Dang,4146643
2026-07-15T04:00:05.670193,2026-07-15T04:00:05.679236+00:00,72.8,12,bid,Akshit Parekh,Zhangyue Shen,4146644
2026-07-15T04:00:05.670193,2026-07-15T04:00:05.679236+00:00,72.8,13,bid,Akshit Parekh,DiligentDonuts,4146645
2026-07-15T04:00:06.229446,2026-07-15T04:00:06.235896+00:00,72.6,2,bid,Peter Chen,xingzhi Dang,4146654
2026-07-15T04:00:07.187686,2026-07-15T04:00:07.192063+00:00,72.8,87,bid,EarnestEspressos,DiligentDonuts,4146670
2026-07-15T04:00:07.187686,2026-07-15T04:00:07.207963+00:00,72.8,8,bid,EarnestEspressos,Hongpei Zhu,4146671
2026-07-15T04:00:07.187686,2026-07-15T04:00:07.207963+00:00,72.8,40,bid,EarnestEspressos,Andy Garg,4146672
2026-07-15T04:00:07.202653,2026-07-15T04:00:07.207963+00:00,72.8,15,ask,EarnestEspressos,Gourab Sharma,4146673
2026-07-15T04:00:07.251754,2026-07-15T04:00:07.262507+00:00,72.9,5,bid,FlawlessFlatbreads,Heero Sipayung,4146675
2026-07-15T04:00:07.251754,2026-07-15T04:00:07.262507+00:00,72.9,45,bid,FlawlessFlatbreads,Alan Niu,4146676
2026-07-15T04:00:08.129998,2026-07-15T04:00:08.134775+00:00,72.7,3,bid,Xuanyu Liu,Heero Sipayung,4146690
2026-07-15T04:00:08.649759,2026-07-15T04:00:08.660002+00:00,72.9,12,bid,CostlyCorianders,Zhangyue Shen,4146699
2026-07-15T04:00:08.649759,2026-07-15T04:00:08.660002+00:00,73.0,30,bid,CostlyCorianders,DiligentDonuts,4146700
2026-07-15T04:00:09.437735,2026-07-15T04:00:09.444750+00:00,72.6,8,ask,Hongpei Zhu,FlawlessFlatbreads,4146711
2026-07-15T04:00:09.437735,2026-07-15T04:00:09.444750+00:00,72.6,12,ask,Zhangyue Shen,FlawlessFlatbreads,4146712
2026-07-15T04:00:09.437735,2026-07-15T04:00:09.444750+00:00,72.5,2,ask,xingzhi Dang,FlawlessFlatbreads,4146713
2026-07-15T04:00:09.437735,2026-07-15T04:00:09.455722+00:00,72.5,28,ask,DiligentDonuts,FlawlessFlatbreads,4146714
2026-07-15T04:00:09.457297,2026-07-15T04:00:09.466824+00:00,72.8,3,bid,Zhongin Lin,Andre Chan,4146715
2026-07-15T04:00:10.408288,2026-07-15T04:00:10.419280+00:00,72.6,30,ask,Gourab Sharma,EarnestEspressos,4146726
2026-07-15T04:00:10.496063,2026-07-15T04:00:10.500738+00:00,72.5,3,ask,DiligentDonuts,Xuanyu Liu,4146727
2026-07-15T04:00:11.475632,2026-07-15T04:00:11.481486+00:00,72.6,22,bid,Zhongin Lin,EarnestEspressos,4146742
2026-07-15T04:00:11.549963,2026-07-15T04:00:11.559130+00:00,72.5,12,ask,Zhangyue Shen,FlawlessFlatbreads,4146744
2026-07-15T04:00:11.549963,2026-07-15T04:00:11.559130+00:00,72.5,10,ask,Andre Chan,FlawlessFlatbreads,4146745
2026-07-15T04:00:11.549963,2026-07-15T04:00:11.559130+00:00,72.5,2,ask,xingzhi Dang,FlawlessFlatbreads,4146746
2026-07-15T04:00:11.549963,2026-07-15T04:00:11.559130+00:00,72.5,26,ask,DiligentDonuts,FlawlessFlatbreads,4146747
2026-07-15T04:00:11.832622,2026-07-15T04:00:11.840707+00:00,72.5,13,ask,DiligentDonuts,Hongpei Zhu,4146755
2026-07-15T04:00:12.301921,2026-07-15T04:00:12.306393+00:00,72.6,40,bid,CostlyCorianders,EarnestEspressos,4146771
2026-07-15T04:00:12.343631,2026-07-15T04:00:12.349854+00:00,72.6,8,bid,Hongpei Zhu,EarnestEspressos,4146774
2026-07-15T04:00:13.632518,2026-07-15T04:00:13.646996+00:00,72.6,2,bid,FlawlessFlatbreads,xingzhi Dang,4146790
2026-07-15T04:00:13.632518,2026-07-15T04:00:13.646996+00:00,72.7,12,bid,FlawlessFlatbreads,Zhangyue Shen,4146791
2026-07-15T04:00:13.632518,2026-07-15T04:00:13.646996+00:00,72.8,30,bid,FlawlessFlatbreads,Gourab Sharma,4146792
2026-07-15T04:00:13.632518,2026-07-15T04:00:13.646996+00:00,72.9,6,bid,FlawlessFlatbreads,Andy Garg,4146793
2026-07-15T04:00:15.504695,2026-07-15T04:00:15.510358+00:00,72.6,27,ask,Gourab Sharma,Zhongin Lin,4146819
2026-07-15T04:00:15.798685,2026-07-15T04:00:15.806974+00:00,72.6,3,ask,Gourab Sharma,FlawlessFlatbreads,4146825
2026-07-15T04:00:15.798685,2026-07-15T04:00:15.806974+00:00,72.5,47,ask,EarnestEspressos,FlawlessFlatbreads,4146826
2026-07-15T04:00:17.361195,2026-07-15T04:00:17.364199+00:00,72.7,7,bid,Peter Chen,Andre Chan,4146849
2026-07-15T04:00:17.361195,2026-07-15T04:00:17.374959+00:00,72.7,2,bid,Peter Chen,xingzhi Dang,4146850
2026-07-15T04:00:17.543300,2026-07-15T04:00:17.546190+00:00,72.8,25,bid,Zhongin Lin,Gourab Sharma,4146857
2026-07-15T04:00:17.911171,2026-07-15T04:00:17.923585+00:00,72.7,50,ask,DiligentDonuts,FlawlessFlatbreads,4146865
2026-07-15T04:00:19.573393,2026-07-15T04:00:19.586041+00:00,72.8,1,bid,Zhongin Lin,Gourab Sharma,4146888
2026-07-15T04:00:20.018600,2026-07-15T04:00:20.028978+00:00,72.7,50,ask,DiligentDonuts,FlawlessFlatbreads,4146897
2026-07-15T04:00:20.794268,2026-07-15T04:00:20.798504+00:00,72.6,2,ask,xingzhi Dang,DiligentDonuts,4146906
2026-07-15T04:00:20.794268,2026-07-15T04:00:20.809345+00:00,72.6,30,ask,Gourab Sharma,DiligentDonuts,4146907
2026-07-15T04:00:20.990742,2026-07-15T04:00:21.002051+00:00,72.5,40,ask,Andy Garg,CostlyCorianders,4146911
2026-07-15T04:00:20.990742,2026-07-15T04:00:21.002051+00:00,72.5,5,ask,Heero Sipayung,CostlyCorianders,4146912
2026-07-15T04:00:20.990742,2026-07-15T04:00:21.002051+00:00,72.5,3,ask,Andre Chan,CostlyCorianders,4146913
2026-07-15T04:00:21.536195,2026-07-15T04:00:21.548146+00:00,72.5,2,ask,xingzhi Dang,CostlyCorianders,4146922
2026-07-15T04:00:21.536195,2026-07-15T04:00:21.548146+00:00,72.4,43,ask,EarnestEspressos,CostlyCorianders,4146923
2026-07-15T04:00:21.598798,2026-07-15T04:00:21.603658+00:00,72.6,1,bid,Zhongin Lin,DiligentDonuts,4146925
2026-07-15T04:00:22.102028,2026-07-15T04:00:22.107674+00:00,72.6,50,bid,FlawlessFlatbreads,DiligentDonuts,4146928
2026-07-15T04:00:23.847796,2026-07-15T04:00:23.854473+00:00,72.6,17,bid,CostlyCorianders,DiligentDonuts,4146950
2026-07-15T04:00:23.847796,2026-07-15T04:00:23.854473+00:00,72.6,2,bid,CostlyCorianders,xingzhi Dang,4146951
2026-07-15T04:00:23.847796,2026-07-15T04:00:23.865325+00:00,72.7,21,bid,CostlyCorianders,EarnestEspressos,4146952
2026-07-15T04:00:24.263130,2026-07-15T04:00:24.269137+00:00,72.5,8,ask,Andre Chan,FlawlessFlatbreads,4146959
2026-07-15T04:00:24.959324,2026-07-15T04:00:24.966724+00:00,72.6,26,bid,CostlyCorianders,Andre Chan,4146967
2026-07-15T04:00:24.959324,2026-07-15T04:00:24.966724+00:00,72.7,14,bid,CostlyCorianders,EarnestEspressos,4146968
2026-07-15T04:00:26.374849,2026-07-15T04:00:26.388280+00:00,72.5,30,ask,Gourab Sharma,FlawlessFlatbreads,4146996
2026-07-15T04:00:26.374849,2026-07-15T04:00:26.388280+00:00,72.5,2,ask,xingzhi Dang,FlawlessFlatbreads,4146997
2026-07-15T04:00:26.374849,2026-07-15T04:00:26.388280+00:00,72.4,18,ask,DiligentDonuts,FlawlessFlatbreads,4146998
2026-07-15T04:00:26.960662,2026-07-15T04:00:26.968699+00:00,72.4,42,ask,DiligentDonuts,CostlyCorianders,4147007
2026-07-15T04:00:28.486797,2026-07-15T04:00:28.492323+00:00,72.4,8,ask,Hongpei Zhu,FlawlessFlatbreads,4147031
2026-07-15T04:00:28.486797,2026-07-15T04:00:28.492323+00:00,72.3,12,ask,Zhangyue Shen,FlawlessFlatbreads,4147032
2026-07-15T04:00:28.486797,2026-07-15T04:00:28.492323+00:00,72.2,30,ask,EarnestEspressos,FlawlessFlatbreads,4147033
2026-07-15T04:00:29.606992,2026-07-15T04:00:29.615169+00:00,72.5,12,bid,CostlyCorianders,Zhangyue Shen,4147045
2026-07-15T04:00:29.606992,2026-07-15T04:00:29.615169+00:00,72.6,30,bid,CostlyCorianders,Gourab Sharma,4147046
2026-07-15T04:00:29.606992,2026-07-15T04:00:29.615169+00:00,72.6,2,bid,CostlyCorianders,xingzhi Dang,4147047
2026-07-15T04:00:29.606992,2026-07-15T04:00:29.615169+00:00,72.6,1,bid,CostlyCorianders,DiligentDonuts,4147048
2026-07-15T04:00:29.621217,2026-07-15T04:00:29.626393+00:00,72.3,10,ask,Andre Chan,Zhongin Lin,4147049
2026-07-15T04:00:29.621217,2026-07-15T04:00:29.626393+00:00,72.3,8,ask,Hongpei Zhu,Zhongin Lin,4147050
2026-07-15T04:00:30.302796,2026-07-15T04:00:30.306684+00:00,72.5,38,bid,CostlyCorianders,Andre Chan,4147067
2026-07-15T04:00:30.302796,2026-07-15T04:00:30.317803+00:00,72.6,9,bid,CostlyCorianders,EarnestEspressos,4147068
2026-07-15T04:00:30.546453,2026-07-15T04:00:30.558882+00:00,72.6,50,bid,FlawlessFlatbreads,EarnestEspressos,4147070
2026-07-15T04:00:31.343788,2026-07-15T04:00:31.346917+00:00,72.4,2,bid,Gourab Sharma,xingzhi Dang,4147084
2026-07-15T04:00:31.676987,2026-07-15T04:00:31.681056+00:00,72.5,3,ask,Gourab Sharma,Zhongin Lin,4147088
2026-07-15T04:00:32.707778,2026-07-15T04:00:32.715641+00:00,72.5,27,ask,Gourab Sharma,FlawlessFlatbreads,4147111
2026-07-15T04:00:33.021483,2026-07-15T04:00:33.024393+00:00,72.4,8,ask,Hongpei Zhu,CostlyCorianders,4147112
2026-07-15T04:00:33.021483,2026-07-15T04:00:33.035582+00:00,72.3,12,ask,Zhangyue Shen,CostlyCorianders,4147113
2026-07-15T04:00:33.021483,2026-07-15T04:00:33.035582+00:00,72.3,2,ask,xingzhi Dang,CostlyCorianders,4147114
2026-07-15T04:00:33.021483,2026-07-15T04:00:33.035582+00:00,72.2,20,ask,Andy Garg,CostlyCorianders,4147115
2026-07-15T04:00:33.156503,2026-07-15T04:00:33.168323+00:00,72.5,10,bid,Peter Chen,Andre Chan,4147121
2026-07-15T04:00:33.218794,2026-07-15T04:00:33.224294+00:00,72.6,12,bid,Peter Chen,Zhangyue Shen,4147126
2026-07-15T04:00:33.218794,2026-07-15T04:00:33.224294+00:00,72.6,13,bid,Peter Chen,DiligentDonuts,4147127
2026-07-15T04:00:33.236020,2026-07-15T04:00:33.246529+00:00,72.6,55,bid,Akshit Parekh,DiligentDonuts,4147130
2026-07-15T04:00:33.239701,2026-07-15T04:00:33.246529+00:00,72.6,9,bid,Gourab Sharma,DiligentDonuts,4147131
2026-07-15T04:00:33.288090,2026-07-15T04:00:33.297143+00:00,72.6,23,bid,Peter Chen,DiligentDonuts,4147136
2026-07-15T04:00:33.709846,2026-07-15T04:00:33.718014+00:00,72.7,20,bid,Zhongin Lin,EarnestEspressos,4147150
2026-07-15T04:00:33.931731,2026-07-15T04:00:33.942494+00:00,72.7,2,bid,Dinh Nguyen,EarnestEspressos,4147154
2026-07-15T04:00:34.469717,2026-07-15T04:00:34.473964+00:00,72.6,14,ask,DiligentDonuts,Xuanyu Liu,4147168
2026-07-15T04:00:34.472912,2026-07-15T04:00:34.485142+00:00,72.6,40,ask,DiligentDonuts,Andy Garg,4147169
2026-07-15T04:00:34.484776,2026-07-15T04:00:34.496271+00:00,72.6,40,ask,DiligentDonuts,Andy Garg,4147170
2026-07-15T04:00:34.491167,2026-07-15T04:00:34.496271+00:00,72.6,6,ask,DiligentDonuts,Gourab Sharma,4147171
2026-07-15T04:00:34.625211,2026-07-15T04:00:34.628929+00:00,72.4,3,ask,Heero Sipayung,Andy Garg,4147177
2026-07-15T04:00:35.484638,2026-07-15T04:00:35.492893+00:00,72.6,4,bid,Hongpei Zhu,Zhangyue Shen,4147185
2026-07-15T04:00:35.790121,2026-07-15T04:00:35.797044+00:00,72.6,8,bid,Xuanyu Liu,Zhangyue Shen,4147198
2026-07-15T04:00:35.790121,2026-07-15T04:00:35.797044+00:00,72.6,3,bid,Alan Niu,Heero Sipayung,4147199
2026-07-15T04:00:35.831683,2026-07-15T04:00:35.840293+00:00,72.6,3,bid,Xuanyu Liu,Alan Niu,4147200
2026-07-15T04:00:35.971977,2026-07-15T04:00:35.980774+00:00,72.6,2,bid,Andy Garg,Heero Sipayung,4147203
2026-07-15T04:00:36.940752,2026-07-15T04:00:36.943566+00:00,72.5,10,ask,Andre Chan,FlawlessFlatbreads,4147217
2026-07-15T04:00:36.940752,2026-07-15T04:00:36.954230+00:00,72.5,2,ask,xingzhi Dang,FlawlessFlatbreads,4147218
2026-07-15T04:00:36.940752,2026-07-15T04:00:36.954230+00:00,72.5,25,ask,Gourab Sharma,FlawlessFlatbreads,4147219
2026-07-15T04:00:36.940752,2026-07-15T04:00:36.954230+00:00,72.4,13,ask,Andy Garg,FlawlessFlatbreads,4147220
2026-07-15T04:00:37.106498,2026-07-15T04:00:37.115676+00:00,72.4,1,ask,Andy Garg,Alan Niu,4147225
2026-07-15T04:00:37.127405,2026-07-15T04:00:37.137204+00:00,72.4,26,ask,Andy Garg,Gourab Sharma,4147227
2026-07-15T04:00:37.127405,2026-07-15T04:00:37.137204+00:00,72.4,12,ask,Zhangyue Shen,Gourab Sharma,4147228
2026-07-15T04:00:37.253934,2026-07-15T04:00:37.279858+00:00,72.4,3,bid,Xuanyu Liu,Andre Chan,4147236
2026-07-15T04:00:37.611691,2026-07-15T04:00:37.619734+00:00,72.6,2,bid,Dinh Nguyen,xingzhi Dang,4147245
2026-07-15T04:00:39.004569,2026-07-15T04:00:39.009290+00:00,72.7,50,bid,FlawlessFlatbreads,DiligentDonuts,4147265
2026-07-15T04:00:39.094799,2026-07-15T04:00:39.106246+00:00,72.7,46,bid,CostlyCorianders,DiligentDonuts,4147267
2026-07-15T04:00:41.034297,2026-07-15T04:00:41.038841+00:00,72.6,3,ask,Andre Chan,Xuanyu Liu,4147301
2026-07-15T04:00:41.149540,2026-07-15T04:00:41.157896+00:00,72.7,11,bid,FlawlessFlatbreads,Zhangyue Shen,4147303
2026-07-15T04:00:41.149540,2026-07-15T04:00:41.157896+00:00,72.7,26,bid,FlawlessFlatbreads,Alan Niu,4147304
2026-07-15T04:00:41.149540,2026-07-15T04:00:41.157896+00:00,72.7,13,bid,FlawlessFlatbreads,Andy Garg,4147305
2026-07-15T04:00:42.353314,2026-07-15T04:00:42.359733+00:00,72.6,2,bid,Xuanyu Liu,xingzhi Dang,4147331
2026-07-15T04:00:42.353314,2026-07-15T04:00:42.359733+00:00,72.6,1,bid,Xuanyu Liu,Gourab Sharma,4147332
2026-07-15T04:00:42.361777,2026-07-15T04:00:42.370885+00:00,72.6,29,bid,Peter Chen,Gourab Sharma,4147333
2026-07-15T04:00:42.640728,2026-07-15T04:00:42.645366+00:00,72.6,3,ask,Heero Sipayung,Hongpei Zhu,4147342
2026-07-15T04:00:43.261600,2026-07-15T04:00:43.271609+00:00,72.8,9,bid,FlawlessFlatbreads,Zhangyue Shen,4147348
2026-07-15T04:00:43.261600,2026-07-15T04:00:43.271609+00:00,72.9,41,bid,FlawlessFlatbreads,EarnestEspressos,4147349
2026-07-15T04:00:45.213968,2026-07-15T04:00:45.220461+00:00,72.7,8,bid,EarnestEspressos,Hongpei Zhu,4147387
2026-07-15T04:00:45.376885,2026-07-15T04:00:45.382761+00:00,72.9,12,bid,FlawlessFlatbreads,Zhangyue Shen,4147391
2026-07-15T04:00:45.376885,2026-07-15T04:00:45.382761+00:00,73.0,38,bid,FlawlessFlatbreads,Andy Garg,4147392
2026-07-15T04:00:46.295689,2026-07-15T04:00:46.301088+00:00,72.8,3,ask,EarnestEspressos,Xuanyu Liu,4147409
2026-07-15T04:00:46.304980,2026-07-15T04:00:46.312286+00:00,72.8,59,ask,EarnestEspressos,Gourab Sharma,4147410
2026-07-15T04:00:46.349627,2026-07-15T04:00:46.356980+00:00,72.8,80,ask,EarnestEspressos,Peter Chen,4147412
2026-07-15T04:00:46.955589,2026-07-15T04:00:46.964497+00:00,72.6,12,ask,Zhangyue Shen,Hongpei Zhu,4147421
2026-07-15T04:00:46.955589,2026-07-15T04:00:46.964497+00:00,72.6,8,ask,DiligentDonuts,Hongpei Zhu,4147422
2026-07-15T04:00:47.555431,2026-07-15T04:00:47.565757+00:00,72.6,50,ask,DiligentDonuts,FlawlessFlatbreads,4147430
2026-07-15T04:00:48.438030,2026-07-15T04:00:48.457553+00:00,72.6,42,ask,DiligentDonuts,EarnestEspressos,4147445
2026-07-15T04:00:48.438030,2026-07-15T04:00:48.457553+00:00,72.6,30,ask,Gourab Sharma,EarnestEspressos,4147446
2026-07-15T04:00:48.438030,2026-07-15T04:00:48.457553+00:00,72.6,10,ask,Andre Chan,EarnestEspressos,4147447
2026-07-15T04:00:48.452755,2026-07-15T04:00:48.457553+00:00,72.6,3,bid,Xuanyu Liu,EarnestEspressos,4147448
2026-07-15T04:00:48.715762,2026-07-15T04:00:48.726914+00:00,72.6,1,bid,Dinh Nguyen,EarnestEspressos,4147454
2026-07-15T04:00:49.362925,2026-07-15T04:00:49.386804+00:00,72.5,40,ask,Andy Garg,CostlyCorianders,4147464
2026-07-15T04:00:49.362925,2026-07-15T04:00:49.386804+00:00,72.5,1,ask,Andre Chan,CostlyCorianders,4147465
2026-07-15T04:00:49.611832,2026-07-15T04:00:49.623557+00:00,72.6,50,bid,FlawlessFlatbreads,EarnestEspressos,4147468
2026-07-15T04:00:50.419795,2026-07-15T04:00:50.431385+00:00,72.6,14,bid,CostlyCorianders,EarnestEspressos,4147486
2026-07-15T04:00:50.475648,2026-07-15T04:00:50.487485+00:00,72.5,10,ask,Andre Chan,CostlyCorianders,4147488
2026-07-15T04:00:50.475648,2026-07-15T04:00:50.487485+00:00,72.4,12,ask,Hongpei Zhu,CostlyCorianders,4147489
2026-07-15T04:00:50.475648,2026-07-15T04:00:50.487485+00:00,72.4,10,ask,Andre Chan,CostlyCorianders,4147490
2026-07-15T04:00:50.475648,2026-07-15T04:00:50.487485+00:00,72.4,17,ask,Andy Garg,CostlyCorianders,4147491
2026-07-15T04:00:51.553782,2026-07-15T04:00:51.570628+00:00,72.7,100,bid,EarnestEspressos,DiligentDonuts,4147507
2026-07-15T04:00:51.565803,2026-07-15T04:00:51.570628+00:00,72.7,3,ask,EarnestEspressos,Xuanyu Liu,4147508
2026-07-15T04:00:51.571864,2026-07-15T04:00:51.581726+00:00,72.7,47,ask,EarnestEspressos,Akshit Parekh,4147509
2026-07-15T04:00:51.876444,2026-07-15T04:00:51.880955+00:00,72.7,2,bid,YUNSHEN JI,Andre Chan,4147516
2026-07-15T04:00:51.888312,2026-07-15T04:00:51.892065+00:00,72.4,45,ask,Alan Niu,CostlyCorianders,4147518
2026-07-15T04:00:52.538392,2026-07-15T04:00:52.541573+00:00,72.7,29,bid,CostlyCorianders,Andre Chan,4147527
2026-07-15T04:00:52.538392,2026-07-15T04:00:52.552267+00:00,72.8,17,bid,CostlyCorianders,Gourab Sharma,4147528
2026-07-15T04:00:53.678189,2026-07-15T04:00:53.682442+00:00,72.6,1,ask,xingzhi Dang,YUNSHEN JI,4147544
2026-07-15T04:00:53.862518,2026-07-15T04:00:53.865367+00:00,72.7,2,bid,FlawlessFlatbreads,xingzhi Dang,4147550
2026-07-15T04:00:53.862518,2026-07-15T04:00:53.876194+00:00,72.8,12,bid,FlawlessFlatbreads,Hongpei Zhu,4147551
2026-07-15T04:00:53.862518,2026-07-15T04:00:53.876194+00:00,72.8,30,bid,FlawlessFlatbreads,Gourab Sharma,4147552
2026-07-15T04:00:53.862518,2026-07-15T04:00:53.876194+00:00,72.9,6,bid,FlawlessFlatbreads,Andy Garg,4147553
2026-07-15T04:00:54.621089,2026-07-15T04:00:54.630341+00:00,72.6,1,ask,xingzhi Dang,CostlyCorianders,4147568
2026-07-15T04:00:54.621089,2026-07-15T04:00:54.630341+00:00,72.6,30,ask,Gourab Sharma,CostlyCorianders,4147569
2026-07-15T04:00:54.621089,2026-07-15T04:00:54.630341+00:00,72.5,18,ask,DiligentDonuts,CostlyCorianders,4147570
2026-07-15T04:00:54.814638,2026-07-15T04:00:54.819533+00:00,72.6,3,bid,Xuanyu Liu,EarnestEspressos,4147573
2026-07-15T04:00:55.575390,2026-07-15T04:00:55.581722+00:00,72.6,47,bid,CostlyCorianders,EarnestEspressos,4147590
2026-07-15T04:00:55.975481,2026-07-15T04:00:55.978585+00:00,72.6,50,bid,FlawlessFlatbreads,EarnestEspressos,4147595
2026-07-15T04:00:56.133473,2026-07-15T04:00:56.143446+00:00,72.5,23,ask,Andre Chan,CostlyCorianders,4147596
2026-07-15T04:00:56.133473,2026-07-15T04:00:56.143446+00:00,72.5,12,ask,Hongpei Zhu,CostlyCorianders,4147597
2026-07-15T04:00:56.133473,2026-07-15T04:00:56.143446+00:00,72.5,12,ask,Zhangyue Shen,CostlyCorianders,4147598
2026-07-15T04:00:58.098063,2026-07-15T04:00:58.105272+00:00,72.8,12,bid,FlawlessFlatbreads,Zhangyue Shen,4147639
2026-07-15T04:00:58.098063,2026-07-15T04:00:58.105272+00:00,72.9,34,bid,FlawlessFlatbreads,Andy Garg,4147640
2026-07-15T04:00:58.098063,2026-07-15T04:00:58.105272+00:00,72.9,4,bid,FlawlessFlatbreads,Alan Niu,4147641
2026-07-15T04:01:00.207914,2026-07-15T04:01:00.212325+00:00,72.6,30,bid,FlawlessFlatbreads,Gourab Sharma,4147679
2026-07-15T04:01:00.207914,2026-07-15T04:01:00.223135+00:00,72.8,8,bid,FlawlessFlatbreads,Hongpei Zhu,4147680
2026-07-15T04:01:00.207914,2026-07-15T04:01:00.223135+00:00,72.8,5,bid,FlawlessFlatbreads,Heero Sipayung,4147681
2026-07-15T04:01:00.207914,2026-07-15T04:01:00.223135+00:00,72.9,7,bid,FlawlessFlatbreads,EarnestEspressos,4147682
2026-07-15T04:01:02.323425,2026-07-15T04:01:02.336126+00:00,72.7,23,bid,FlawlessFlatbreads,Andre Chan,4147711
2026-07-15T04:01:02.323425,2026-07-15T04:01:02.336126+00:00,72.8,8,bid,FlawlessFlatbreads,Hongpei Zhu,4147712
2026-07-15T04:01:02.323425,2026-07-15T04:01:02.336126+00:00,72.9,12,bid,FlawlessFlatbreads,Zhangyue Shen,4147713
2026-07-15T04:01:02.323425,2026-07-15T04:01:02.336126+00:00,72.9,7,bid,FlawlessFlatbreads,Alan Niu,4147714
2026-07-15T04:01:03.351179,2026-07-15T04:01:03.372673+00:00,72.8,14,bid,Peter Chen,Andre Chan,4147731
2026-07-15T04:01:03.383404,2026-07-15T04:01:03.394879+00:00,72.9,14,bid,CostlyCorianders,Andre Chan,4147735
2026-07-15T04:01:03.383404,2026-07-15T04:01:03.394879+00:00,73.0,33,bid,CostlyCorianders,Andy Garg,4147736
2026-07-15T04:01:03.864606,2026-07-15T04:01:03.867774+00:00,72.9,42,ask,Andre Chan,CostlyCorianders,4147747
2026-07-15T04:01:03.963745,2026-07-15T04:01:03.966983+00:00,72.9,8,ask,Andre Chan,Hongpei Zhu,4147749
2026-07-15T04:01:04.435472,2026-07-15T04:01:04.445040+00:00,73.0,50,bid,FlawlessFlatbreads,DiligentDonuts,4147754
2026-07-15T04:01:05.235065,2026-07-15T04:01:05.245973+00:00,72.9,30,ask,EarnestEspressos,Gourab Sharma,4147779
2026-07-15T04:01:05.912082,2026-07-15T04:01:05.921165+00:00,73.1,12,bid,CostlyCorianders,Zhangyue Shen,4147785
2026-07-15T04:01:05.912082,2026-07-15T04:01:05.921165+00:00,73.1,32,bid,CostlyCorianders,Alan Niu,4147786
2026-07-15T04:01:05.987159,2026-07-15T04:01:05.998138+00:00,72.9,3,ask,EarnestEspressos,Xuanyu Liu,4147790
2026-07-15T04:01:06.001040,2026-07-15T04:01:06.009332+00:00,72.9,26,ask,EarnestEspressos,Gourab Sharma,4147792
2026-07-15T04:01:06.010246,2026-07-15T04:01:06.020253+00:00,72.9,91,ask,EarnestEspressos,Akshit Parekh,4147794
2026-07-15T04:01:06.991276,2026-07-15T04:01:07.002437+00:00,73.2,22,bid,CostlyCorianders,Andre Chan,4147807
2026-07-15T04:01:06.991276,2026-07-15T04:01:07.002437+00:00,73.3,21,bid,CostlyCorianders,DiligentDonuts,4147808
2026-07-15T04:01:07.455634,2026-07-15T04:01:07.474918+00:00,73.0,12,ask,Zhangyue Shen,EarnestEspressos,4147816
2026-07-15T04:01:07.455634,2026-07-15T04:01:07.474918+00:00,73.0,40,ask,Andy Garg,EarnestEspressos,4147817
2026-07-15T04:01:07.470025,2026-07-15T04:01:07.474918+00:00,72.9,3,bid,Xuanyu Liu,EarnestEspressos,4147818
2026-07-15T04:01:07.478329,2026-07-15T04:01:07.486127+00:00,72.9,81,bid,Peter Chen,EarnestEspressos,4147819
2026-07-15T04:01:07.561896,2026-07-15T04:01:07.575323+00:00,72.9,14,bid,Gourab Sharma,EarnestEspressos,4147823
2026-07-15T04:01:08.059068,2026-07-15T04:01:08.069649+00:00,72.9,10,ask,Zhangyue Shen,CostlyCorianders,4147832
2026-07-15T04:01:08.059068,2026-07-15T04:01:08.069649+00:00,72.9,36,ask,Andy Garg,CostlyCorianders,4147833
2026-07-15T04:01:08.606928,2026-07-15T04:01:08.611869+00:00,73.1,24,ask,DiligentDonuts,Xuanyu Liu,4147845
2026-07-15T04:01:08.616032,2026-07-15T04:01:08.623002+00:00,73.1,62,ask,DiligentDonuts,Akshit Parekh,4147846
2026-07-15T04:01:08.652130,2026-07-15T04:01:08.655642+00:00,73.1,14,ask,DiligentDonuts,Peter Chen,4147849
2026-07-15T04:01:08.652130,2026-07-15T04:01:08.666622+00:00,73.1,9,ask,Andre Chan,Peter Chen,4147850
2026-07-15T04:01:08.660624,2026-07-15T04:01:08.666622+00:00,73.1,1,ask,Andre Chan,Sze-Yong Ng,4147851
2026-07-15T04:01:08.676251,2026-07-15T04:01:08.688459+00:00,73.1,50,bid,FlawlessFlatbreads,Sze-Yong Ng,4147852
2026-07-15T04:01:08.774214,2026-07-15T04:01:08.789968+00:00,73.1,10,bid,Xuanyu Liu,Sze-Yong Ng,4147855
2026-07-15T04:01:09.751153,2026-07-15T04:01:09.758976+00:00,73.1,10,bid,CostlyCorianders,Andre Chan,4147880
2026-07-15T04:01:09.751153,2026-07-15T04:01:09.758976+00:00,73.2,10,bid,CostlyCorianders,Zhangyue Shen,4147881
2026-07-15T04:01:09.751153,2026-07-15T04:01:09.758976+00:00,73.5,23,bid,CostlyCorianders,Andy Garg,4147882
2026-07-15T04:01:10.231083,2026-07-15T04:01:10.244801+00:00,72.9,8,ask,Hongpei Zhu,CostlyCorianders,4147892
2026-07-15T04:01:10.231083,2026-07-15T04:01:10.244801+00:00,72.9,8,ask,Zhangyue Shen,CostlyCorianders,4147893
2026-07-15T04:01:10.231083,2026-07-15T04:01:10.244801+00:00,72.8,32,ask,Andy Garg,CostlyCorianders,4147894
2026-07-15T04:01:10.838169,2026-07-15T04:01:10.851297+00:00,73.0,14,ask,Gourab Sharma,FlawlessFlatbreads,4147904
2026-07-15T04:01:10.838169,2026-07-15T04:01:10.851297+00:00,73.0,36,ask,EarnestEspressos,FlawlessFlatbreads,4147905
2026-07-15T04:01:11.230559,2026-07-15T04:01:11.235554+00:00,73.2,11,bid,Xuanyu Liu,Gourab Sharma,4147919
2026-07-15T04:01:11.251665,2026-07-15T04:01:11.257828+00:00,73.1,14,ask,Andre Chan,CostlyCorianders,4147920
2026-07-15T04:01:11.251665,2026-07-15T04:01:11.257828+00:00,73.0,32,ask,EarnestEspressos,CostlyCorianders,4147921
2026-07-15T04:01:11.847500,2026-07-15T04:01:11.859128+00:00,73.2,3,bid,CostlyCorianders,Gourab Sharma,4147932
2026-07-15T04:01:11.847500,2026-07-15T04:01:11.859128+00:00,73.4,38,bid,CostlyCorianders,Andy Garg,4147933
2026-07-15T04:01:12.866953,2026-07-15T04:01:12.874747+00:00,73.0,48,ask,EarnestEspressos,CostlyCorianders,4147954
2026-07-15T04:01:12.896976,2026-07-15T04:01:12.907711+00:00,73.2,14,bid,FlawlessFlatbreads,Andre Chan,4147955
2026-07-15T04:01:12.896976,2026-07-15T04:01:12.907711+00:00,73.3,10,bid,FlawlessFlatbreads,Zhangyue Shen,4147956
2026-07-15T04:01:12.896976,2026-07-15T04:01:12.907711+00:00,73.3,8,bid,FlawlessFlatbreads,Hongpei Zhu,4147957
2026-07-15T04:01:12.896976,2026-07-15T04:01:12.907711+00:00,73.3,2,bid,FlawlessFlatbreads,Alan Niu,4147958
2026-07-15T04:01:12.896976,2026-07-15T04:01:12.907711+00:00,73.4,16,bid,FlawlessFlatbreads,DiligentDonuts,4147959
2026-07-15T04:01:13.804896,2026-07-15T04:01:13.824886+00:00,73.0,10,ask,Zhangyue Shen,EarnestEspressos,4147971
2026-07-15T04:01:13.819591,2026-07-15T04:01:13.824886+00:00,73.0,3,bid,Xuanyu Liu,EarnestEspressos,4147972
2026-07-15T04:01:13.886802,2026-07-15T04:01:13.890108+00:00,73.0,61,bid,Sze-Yong Ng,EarnestEspressos,4147974
2026-07-15T04:01:13.915420,2026-07-15T04:01:13.923362+00:00,73.0,1,bid,Alan Niu,EarnestEspressos,4147978
2026-07-15T04:01:13.918816,2026-07-15T04:01:13.923362+00:00,73.0,13,bid,Peter Chen,EarnestEspressos,4147979
2026-07-15T04:01:13.934257,2026-07-15T04:01:13.945674+00:00,73.0,40,bid,Andy Garg,EarnestEspressos,4147982
2026-07-15T04:01:13.949522,2026-07-15T04:01:13.956858+00:00,73.0,22,bid,Akshit Parekh,EarnestEspressos,4147984
2026-07-15T04:01:15.524011,2026-07-15T04:01:15.529526+00:00,73.3,23,bid,CostlyCorianders,Andre Chan,4148010
2026-07-15T04:01:15.524011,2026-07-15T04:01:15.529526+00:00,73.4,26,bid,CostlyCorianders,Andy Garg,4148011
2026-07-15T04:01:17.047498,2026-07-15T04:01:17.052567+00:00,73.1,14,ask,Gourab Sharma,CostlyCorianders,4148034
2026-07-15T04:01:17.047498,2026-07-15T04:01:17.063579+00:00,73.1,34,ask,EarnestEspressos,CostlyCorianders,4148035
2026-07-15T04:01:17.151511,2026-07-15T04:01:17.162782+00:00,73.2,14,bid,FlawlessFlatbreads,Gourab Sharma,4148039
2026-07-15T04:01:17.151511,2026-07-15T04:01:17.162782+00:00,73.2,10,bid,FlawlessFlatbreads,Andre Chan,4148040
2026-07-15T04:01:17.151511,2026-07-15T04:01:17.162782+00:00,73.3,8,bid,FlawlessFlatbreads,Andy Garg,4148041
2026-07-15T04:01:17.151511,2026-07-15T04:01:17.162782+00:00,73.3,10,bid,FlawlessFlatbreads,Andre Chan,4148042
2026-07-15T04:01:17.151511,2026-07-15T04:01:17.162782+00:00,73.3,8,bid,FlawlessFlatbreads,Hongpei Zhu,4148043
2026-07-15T04:01:18.835885,2026-07-15T04:01:18.839999+00:00,73.3,45,bid,CostlyCorianders,DiligentDonuts,4148071
2026-07-15T04:01:19.179228,2026-07-15T04:01:19.184546+00:00,73.2,14,ask,Andre Chan,Xuanyu Liu,4148076
2026-07-15T04:01:19.193732,2026-07-15T04:01:19.206678+00:00,73.2,1,ask,Andre Chan,Sze-Yong Ng,4148077
2026-07-15T04:01:19.216444,2026-07-15T04:01:19.228868+00:00,73.1,1,ask,EarnestEspressos,Alan Niu,4148081
2026-07-15T04:01:19.222552,2026-07-15T04:01:19.228868+00:00,73.1,14,ask,EarnestEspressos,Gourab Sharma,4148082
2026-07-15T04:01:19.234629,2026-07-15T04:01:19.239652+00:00,73.1,40,ask,EarnestEspressos,Andy Garg,4148085
2026-07-15T04:01:19.266199,2026-07-15T04:01:19.272359+00:00,73.1,16,ask,EarnestEspressos,Peter Chen,4148088
2026-07-15T04:01:19.280169,2026-07-15T04:01:19.294283+00:00,73.1,22,ask,EarnestEspressos,Akshit Parekh,4148091
2026-07-15T04:01:19.350163,2026-07-15T04:01:19.360307+00:00,73.1,16,ask,EarnestEspressos,Peter Chen,4148095
2026-07-15T04:01:19.354284,2026-07-15T04:01:19.360307+00:00,73.1,7,ask,EarnestEspressos,FlawlessFlatbreads,4148096
2026-07-15T04:01:19.354284,2026-07-15T04:01:19.371381+00:00,73.0,8,ask,Hongpei Zhu,FlawlessFlatbreads,4148097
2026-07-15T04:01:19.354284,2026-07-15T04:01:19.371381+00:00,72.9,5,ask,Heero Sipayung,FlawlessFlatbreads,4148098
2026-07-15T04:01:19.354284,2026-07-15T04:01:19.371381+00:00,72.8,30,ask,DiligentDonuts,FlawlessFlatbreads,4148099
2026-07-15T04:01:19.950883,2026-07-15T04:01:19.964313+00:00,72.9,2,ask,xingzhi Dang,CostlyCorianders,4148106
2026-07-15T04:01:19.950883,2026-07-15T04:01:19.964313+00:00,72.9,12,ask,Zhangyue Shen,CostlyCorianders,4148107
2026-07-15T04:01:19.950883,2026-07-15T04:01:19.964313+00:00,72.8,28,ask,DiligentDonuts,CostlyCorianders,4148108
2026-07-15T04:01:20.130149,2026-07-15T04:01:20.145055+00:00,72.9,28,ask,Andre Chan,EarnestEspressos,4148111
2026-07-15T04:01:20.130149,2026-07-15T04:01:20.145055+00:00,72.9,2,ask,Heero Sipayung,EarnestEspressos,4148112
2026-07-15T04:01:20.130149,2026-07-15T04:01:20.145055+00:00,72.8,42,ask,DiligentDonuts,EarnestEspressos,4148113
2026-07-15T04:01:20.139431,2026-07-15T04:01:20.145055+00:00,72.8,14,bid,Xuanyu Liu,EarnestEspressos,4148114
2026-07-15T04:01:20.145727,2026-07-15T04:01:20.156099+00:00,72.8,1,bid,Sze-Yong Ng,EarnestEspressos,4148115
2026-07-15T04:01:20.280640,2026-07-15T04:01:20.287640+00:00,72.8,17,bid,Peter Chen,EarnestEspressos,4148119
2026-07-15T04:01:20.290590,2026-07-15T04:01:20.298633+00:00,72.8,1,bid,YUNSHEN JI,EarnestEspressos,4148120
2026-07-15T04:01:20.295257,2026-07-15T04:01:20.298633+00:00,72.8,1,bid,Alan Niu,EarnestEspressos,4148121
2026-07-15T04:01:20.304414,2026-07-15T04:01:20.309763+00:00,72.8,39,bid,Gourab Sharma,EarnestEspressos,4148123
2026-07-15T04:01:20.337133,2026-07-15T04:01:20.343338+00:00,72.8,5,bid,Akshit Parekh,EarnestEspressos,4148129
2026-07-15T04:01:20.397207,2026-07-15T04:01:20.409910+00:00,73.1,2,bid,Andy Garg,xingzhi Dang,4148132
2026-07-15T04:01:21.483394,2026-07-15T04:01:21.493690+00:00,72.9,8,ask,Hongpei Zhu,FlawlessFlatbreads,4148151
2026-07-15T04:01:21.483394,2026-07-15T04:01:21.493690+00:00,72.9,40,ask,Andy Garg,FlawlessFlatbreads,4148152
2026-07-15T04:01:21.483394,2026-07-15T04:01:21.493690+00:00,72.8,2,ask,Alan Niu,FlawlessFlatbreads,4148153
2026-07-15T04:01:23.006617,2026-07-15T04:01:23.023089+00:00,73.2,12,bid,CostlyCorianders,Zhangyue Shen,4148176
2026-07-15T04:01:23.006617,2026-07-15T04:01:23.023089+00:00,73.2,29,bid,CostlyCorianders,DiligentDonuts,4148177
2026-07-15T04:01:23.291273,2026-07-15T04:01:23.304888+00:00,73.0,1,ask,Gourab Sharma,YUNSHEN JI,4148183
2026-07-15T04:01:23.487770,2026-07-15T04:01:23.492406+00:00,73.1,14,bid,CostlyCorianders,Andre Chan,4148187
2026-07-15T04:01:23.487770,2026-07-15T04:01:23.492406+00:00,73.2,29,bid,CostlyCorianders,DiligentDonuts,4148188
2026-07-15T04:01:23.594530,2026-07-15T04:01:23.603205+00:00,73.0,29,ask,Gourab Sharma,FlawlessFlatbreads,4148190
2026-07-15T04:01:23.594530,2026-07-15T04:01:23.603205+00:00,73.0,21,ask,EarnestEspressos,FlawlessFlatbreads,4148191
2026-07-15T04:01:24.005452,2026-07-15T04:01:24.009149+00:00,73.0,42,ask,EarnestEspressos,CostlyCorianders,4148200
2026-07-15T04:01:25.710254,2026-07-15T04:01:25.723096+00:00,73.0,50,ask,EarnestEspressos,FlawlessFlatbreads,4148223
2026-07-15T04:01:26.032318,2026-07-15T04:01:26.042226+00:00,73.1,2,bid,CostlyCorianders,xingzhi Dang,4148231
2026-07-15T04:01:26.032318,2026-07-15T04:01:26.042226+00:00,73.2,30,bid,CostlyCorianders,Gourab Sharma,4148232
2026-07-15T04:01:26.032318,2026-07-15T04:01:26.042226+00:00,73.2,11,bid,CostlyCorianders,DiligentDonuts,4148233
2026-07-15T04:01:27.820334,2026-07-15T04:01:27.823917+00:00,73.1,14,ask,Andre Chan,FlawlessFlatbreads,4148254
2026-07-15T04:01:27.820334,2026-07-15T04:01:27.835116+00:00,73.0,2,ask,xingzhi Dang,FlawlessFlatbreads,4148255
2026-07-15T04:01:27.820334,2026-07-15T04:01:27.835116+00:00,73.0,12,ask,Zhangyue Shen,FlawlessFlatbreads,4148256
2026-07-15T04:01:27.820334,2026-07-15T04:01:27.835116+00:00,72.9,8,ask,Hongpei Zhu,FlawlessFlatbreads,4148257
2026-07-15T04:01:27.820334,2026-07-15T04:01:27.835116+00:00,72.9,14,ask,DiligentDonuts,FlawlessFlatbreads,4148258
2026-07-15T04:01:29.243765,2026-07-15T04:01:29.250295+00:00,73.1,30,ask,Gourab Sharma,CostlyCorianders,4148279
2026-07-15T04:01:29.243765,2026-07-15T04:01:29.250295+00:00,73.1,15,ask,Andre Chan,CostlyCorianders,4148280
2026-07-15T04:01:29.711480,2026-07-15T04:01:29.716230+00:00,73.1,3,ask,Andre Chan,Peter Chen,4148292
2026-07-15T04:01:29.714745,2026-07-15T04:01:29.727301+00:00,73.1,9,ask,Andre Chan,Gourab Sharma,4148293
2026-07-15T04:01:29.719095,2026-07-15T04:01:29.727301+00:00,73.1,3,ask,Andre Chan,Xuanyu Liu,4148294
2026-07-15T04:01:29.719095,2026-07-15T04:01:29.727301+00:00,73.1,2,ask,xingzhi Dang,Peter Chen,4148295
2026-07-15T04:01:29.766859,2026-07-15T04:01:29.771043+00:00,72.9,40,ask,DiligentDonuts,Andy Garg,4148297
2026-07-15T04:01:29.952399,2026-07-15T04:01:29.956591+00:00,72.9,46,ask,DiligentDonuts,FlawlessFlatbreads,4148300
2026-07-15T04:01:29.952399,2026-07-15T04:01:29.956591+00:00,72.9,4,ask,Hongpei Zhu,FlawlessFlatbreads,4148301
2026-07-15T04:01:30.441427,2026-07-15T04:01:30.450398+00:00,72.9,4,ask,Hongpei Zhu,DiligentDonuts,4148312
2026-07-15T04:01:30.441427,2026-07-15T04:01:30.450398+00:00,72.9,12,ask,Zhangyue Shen,DiligentDonuts,4148313
2026-07-15T04:01:30.472764,2026-07-15T04:01:30.477278+00:00,72.8,3,bid,Xuanyu Liu,Andre Chan,4148316
2026-07-15T04:01:30.572863,2026-07-15T04:01:30.585062+00:00,72.8,4,bid,Alan Niu,Andre Chan,4148319
2026-07-15T04:01:30.585583,2026-07-15T04:01:30.596069+00:00,72.8,23,bid,Peter Chen,Andre Chan,4148322
2026-07-15T04:01:30.651495,2026-07-15T04:01:30.660401+00:00,72.9,7,bid,Peter Chen,DiligentDonuts,4148326
2026-07-15T04:01:30.670653,2026-07-15T04:01:30.682034+00:00,72.9,38,bid,Sze-Yong Ng,DiligentDonuts,4148328
2026-07-15T04:01:30.702464,2026-07-15T04:01:30.715025+00:00,72.9,39,bid,Andy Garg,DiligentDonuts,4148332
2026-07-15T04:01:32.009895,2026-07-15T04:01:32.013176+00:00,73.2,2,bid,FlawlessFlatbreads,xingzhi Dang,4148346
2026-07-15T04:01:32.009895,2026-07-15T04:01:32.024314+00:00,73.2,48,bid,FlawlessFlatbreads,EarnestEspressos,4148347
2026-07-15T04:01:33.745150,2026-07-15T04:01:33.754634+00:00,73.1,8,bid,CostlyCorianders,Hongpei Zhu,4148373
2026-07-15T04:01:33.745150,2026-07-15T04:01:33.754634+00:00,73.2,12,bid,CostlyCorianders,Zhangyue Shen,4148374
2026-07-15T04:01:33.745150,2026-07-15T04:01:33.754634+00:00,73.3,27,bid,CostlyCorianders,EarnestEspressos,4148375
2026-07-15T04:01:33.803297,2026-07-15T04:01:33.809587+00:00,73.0,14,ask,Andre Chan,CostlyCorianders,4148378
2026-07-15T04:01:34.117763,2026-07-15T04:01:34.127329+00:00,73.2,14,bid,FlawlessFlatbreads,Andre Chan,4148382
2026-07-15T04:01:34.117763,2026-07-15T04:01:34.127329+00:00,73.3,36,bid,FlawlessFlatbreads,EarnestEspressos,4148383
2026-07-15T04:01:35.460781,2026-07-15T04:01:35.472057+00:00,73.3,42,bid,CostlyCorianders,EarnestEspressos,4148396
2026-07-15T04:01:35.905714,2026-07-15T04:01:35.909565+00:00,73.2,8,bid,EarnestEspressos,Hongpei Zhu,4148400
2026-07-15T04:01:35.905714,2026-07-15T04:01:35.909565+00:00,73.3,12,bid,EarnestEspressos,Zhangyue Shen,4148401
2026-07-15T04:01:35.921005,2026-07-15T04:01:35.926014+00:00,73.3,3,ask,EarnestEspressos,Xuanyu Liu,4148402
2026-07-15T04:01:35.924561,2026-07-15T04:01:35.936918+00:00,73.3,30,ask,EarnestEspressos,Peter Chen,4148403
2026-07-15T04:01:35.924762,2026-07-15T04:01:35.936918+00:00,73.3,5,ask,EarnestEspressos,Akshit Parekh,4148404
2026-07-15T04:01:36.014098,2026-07-15T04:01:36.023607+00:00,73.3,30,ask,EarnestEspressos,YUNSHEN JI,4148408
2026-07-15T04:01:36.026436,2026-07-15T04:01:36.034491+00:00,73.3,30,ask,EarnestEspressos,Peter Chen,4148410
2026-07-15T04:01:36.030337,2026-07-15T04:01:36.034491+00:00,73.3,32,ask,EarnestEspressos,Sze-Yong Ng,4148411
2026-07-15T04:01:36.081720,2026-07-15T04:01:36.088474+00:00,73.0,12,ask,Zhangyue Shen,Andy Garg,4148416
2026-07-15T04:01:36.265144,2026-07-15T04:01:36.271421+00:00,73.3,5,bid,FlawlessFlatbreads,Heero Sipayung,4148421
2026-07-15T04:01:36.265144,2026-07-15T04:01:36.271421+00:00,73.4,45,bid,FlawlessFlatbreads,DiligentDonuts,4148422
2026-07-15T04:01:38.427922,2026-07-15T04:01:38.439702+00:00,73.1,40,ask,Andy Garg,FlawlessFlatbreads,4148451
2026-07-15T04:01:38.427922,2026-07-15T04:01:38.439702+00:00,73.1,10,ask,Zhangyue Shen,FlawlessFlatbreads,4148452
2026-07-15T04:01:39.673105,2026-07-15T04:01:39.689207+00:00,73.3,27,bid,YUNSHEN JI,EarnestEspressos,4148471
2026-07-15T04:01:40.552077,2026-07-15T04:01:40.563052+00:00,73.2,10,ask,Andre Chan,FlawlessFlatbreads,4148480
2026-07-15T04:01:40.552077,2026-07-15T04:01:40.563052+00:00,73.2,40,ask,DiligentDonuts,FlawlessFlatbreads,4148481
2026-07-15T04:01:41.619318,2026-07-15T04:01:41.628169+00:00,73.2,6,ask,DiligentDonuts,Sze-Yong Ng,4148495
2026-07-15T04:01:42.564938,2026-07-15T04:01:42.585236+00:00,73.2,41,ask,DiligentDonuts,CostlyCorianders,4148517
2026-07-15T04:01:42.609293,2026-07-15T04:01:42.617804+00:00,73.3,2,bid,FlawlessFlatbreads,xingzhi Dang,4148518
2026-07-15T04:01:42.609293,2026-07-15T04:01:42.617804+00:00,73.3,48,bid,FlawlessFlatbreads,Andre Chan,4148519
2026-07-15T04:01:42.847674,2026-07-15T04:01:42.868461+00:00,73.3,3,bid,Xuanyu Liu,Andre Chan,4148527
2026-07-15T04:01:42.857855,2026-07-15T04:01:42.868461+00:00,73.3,7,bid,Peter Chen,Andre Chan,4148529
2026-07-15T04:01:42.857855,2026-07-15T04:01:42.868461+00:00,73.3,33,bid,Akshit Parekh,EarnestEspressos,4148530
2026-07-15T04:01:42.863599,2026-07-15T04:01:42.885271+00:00,73.3,33,bid,Peter Chen,EarnestEspressos,4148532
2026-07-15T04:01:42.877336,2026-07-15T04:01:42.885271+00:00,73.3,1,bid,Alan Niu,EarnestEspressos,4148534
2026-07-15T04:01:42.894956,2026-07-15T04:01:42.907582+00:00,73.3,38,bid,Sze-Yong Ng,EarnestEspressos,4148537
2026-07-15T04:01:42.928519,2026-07-15T04:01:42.940773+00:00,73.3,20,bid,Peter Chen,EarnestEspressos,4148538
2026-07-15T04:01:42.973968,2026-07-15T04:01:42.985138+00:00,73.3,25,bid,Akshit Parekh,EarnestEspressos,4148542
2026-07-15T04:01:44.143595,2026-07-15T04:01:44.148229+00:00,73.2,2,ask,xingzhi Dang,Xuanyu Liu,4148563
2026-07-15T04:01:44.169119,2026-07-15T04:01:44.181809+00:00,73.1,40,ask,DiligentDonuts,Andy Garg,4148567
2026-07-15T04:01:44.742181,2026-07-15T04:01:44.746337+00:00,73.2,38,bid,FlawlessFlatbreads,Sze-Yong Ng,4148576
2026-07-15T04:01:44.742181,2026-07-15T04:01:44.746337+00:00,73.3,12,bid,FlawlessFlatbreads,Zhangyue Shen,4148577
2026-07-15T04:01:45.014475,2026-07-15T04:01:45.020503+00:00,73.2,5,ask,Andre Chan,Peter Chen,4148580
2026-07-15T04:01:45.394390,2026-07-15T04:01:45.410214+00:00,73.3,8,bid,EarnestEspressos,Alan Niu,4148586
2026-07-15T04:01:45.402607,2026-07-15T04:01:45.410214+00:00,73.3,11,ask,EarnestEspressos,Xuanyu Liu,4148587
2026-07-15T04:01:45.434295,2026-07-15T04:01:45.442701+00:00,73.3,100,ask,EarnestEspressos,Peter Chen,4148590
2026-07-15T04:01:46.665997,2026-07-15T04:01:46.678436+00:00,73.4,12,bid,CostlyCorianders,Zhangyue Shen,4148610
2026-07-15T04:01:46.665997,2026-07-15T04:01:46.678436+00:00,73.4,33,bid,CostlyCorianders,DiligentDonuts,4148611
2026-07-15T04:01:46.724568,2026-07-15T04:01:46.733549+00:00,73.3,31,ask,EarnestEspressos,CostlyCorianders,4148613
2026-07-15T04:01:46.724568,2026-07-15T04:01:46.733549+00:00,73.3,2,ask,xingzhi Dang,CostlyCorianders,4148614
2026-07-15T04:01:46.724568,2026-07-15T04:01:46.733549+00:00,73.1,8,ask,Zhangyue Shen,CostlyCorianders,4148615
2026-07-15T04:01:46.853148,2026-07-15T04:01:46.857326+00:00,73.4,50,bid,FlawlessFlatbreads,DiligentDonuts,4148621
2026-07-15T04:01:47.797975,2026-07-15T04:01:47.802145+00:00,73.1,4,ask,Zhangyue Shen,CostlyCorianders,4148635
2026-07-15T04:01:47.797975,2026-07-15T04:01:47.802145+00:00,73.1,8,ask,Hongpei Zhu,CostlyCorianders,4148636
2026-07-15T04:01:47.797975,2026-07-15T04:01:47.812892+00:00,73.0,30,ask,Andy Garg,CostlyCorianders,4148637
2026-07-15T04:01:48.990870,2026-07-15T04:01:49.001111+00:00,73.4,17,bid,FlawlessFlatbreads,DiligentDonuts,4148651
2026-07-15T04:01:48.990870,2026-07-15T04:01:49.001111+00:00,73.4,2,bid,FlawlessFlatbreads,xingzhi Dang,4148652
2026-07-15T04:01:48.990870,2026-07-15T04:01:49.001111+00:00,73.4,31,bid,FlawlessFlatbreads,EarnestEspressos,4148653
2026-07-15T04:01:50.703588,2026-07-15T04:01:50.714277+00:00,73.4,10,bid,Xuanyu Liu,EarnestEspressos,4148680
2026-07-15T04:01:51.061734,2026-07-15T04:01:51.067741+00:00,73.4,43,bid,CostlyCorianders,EarnestEspressos,4148696
2026-07-15T04:01:51.107189,2026-07-15T04:01:51.110531+00:00,73.4,50,bid,FlawlessFlatbreads,EarnestEspressos,4148697
2026-07-15T04:01:51.721362,2026-07-15T04:01:51.728577+00:00,73.4,8,bid,EarnestEspressos,Hongpei Zhu,4148709
2026-07-15T04:01:51.721362,2026-07-15T04:01:51.728577+00:00,73.4,2,bid,EarnestEspressos,xingzhi Dang,4148710
2026-07-15T04:01:51.721362,2026-07-15T04:01:51.728577+00:00,73.5,12,bid,EarnestEspressos,Zhangyue Shen,4148711
2026-07-15T04:01:51.721362,2026-07-15T04:01:51.728577+00:00,73.6,100,bid,EarnestEspressos,DiligentDonuts,4148712
2026-07-15T04:01:51.721362,2026-07-15T04:01:51.739381+00:00,73.6,28,bid,EarnestEspressos,Andy Garg,4148713
2026-07-15T04:01:52.026257,2026-07-15T04:01:52.038835+00:00,73.3,2,ask,xingzhi Dang,YUNSHEN JI,4148721
2026-07-15T04:01:52.152997,2026-07-15T04:01:52.160631+00:00,73.6,5,ask,Heero Sipayung,Peter Chen,4148723
2026-07-15T04:01:52.235803,2026-07-15T04:01:52.246196+00:00,73.3,42,ask,Andre Chan,CostlyCorianders,4148726
2026-07-15T04:01:52.593473,2026-07-15T04:01:52.601878+00:00,73.5,1,ask,DiligentDonuts,YUNSHEN JI,4148733
2026-07-15T04:01:52.598137,2026-07-15T04:01:52.601878+00:00,73.5,33,ask,DiligentDonuts,Akshit Parekh,4148734
2026-07-15T04:01:52.615183,2026-07-15T04:01:52.623195+00:00,73.5,25,ask,DiligentDonuts,Peter Chen,4148737
2026-07-15T04:01:52.675999,2026-07-15T04:01:52.687202+00:00,73.5,25,ask,DiligentDonuts,Peter Chen,4148740
2026-07-15T04:01:52.712222,2026-07-15T04:01:52.719906+00:00,73.5,16,ask,DiligentDonuts,Akshit Parekh,4148742
2026-07-15T04:01:53.242275,2026-07-15T04:01:53.253158+00:00,73.5,12,bid,FlawlessFlatbreads,Zhangyue Shen,4148750
2026-07-15T04:01:53.242275,2026-07-15T04:01:53.253158+00:00,73.7,38,bid,FlawlessFlatbreads,Andy Garg,4148751
2026-07-15T04:01:53.868327,2026-07-15T04:01:53.873261+00:00,73.5,5,bid,Xuanyu Liu,Hongpei Zhu,4148763
2026-07-15T04:01:54.333834,2026-07-15T04:01:54.336839+00:00,73.5,3,bid,YUNSHEN JI,Hongpei Zhu,4148774
2026-07-15T04:01:54.903316,2026-07-15T04:01:54.914546+00:00,73.2,2,ask,Hongpei Zhu,YUNSHEN JI,4148782
2026-07-15T04:01:55.362480,2026-07-15T04:01:55.370738+00:00,73.3,50,bid,FlawlessFlatbreads,EarnestEspressos,4148789
2026-07-15T04:01:55.475223,2026-07-15T04:01:55.481292+00:00,73.3,2,bid,YUNSHEN JI,EarnestEspressos,4148792
2026-07-15T04:01:55.613589,2026-07-15T04:01:55.618875+00:00,73.2,2,ask,Zhangyue Shen,Xuanyu Liu,4148795
2026-07-15T04:01:55.859816,2026-07-15T04:01:55.870420+00:00,73.2,10,ask,Zhangyue Shen,CostlyCorianders,4148798
2026-07-15T04:01:55.859816,2026-07-15T04:01:55.870420+00:00,73.2,34,ask,Andy Garg,CostlyCorianders,4148799
2026-07-15T04:01:55.966976,2026-07-15T04:01:55.979215+00:00,73.3,8,bid,Hongpei Zhu,EarnestEspressos,4148804
2026-07-15T04:01:57.473057,2026-07-15T04:01:57.475426+00:00,73.3,50,bid,FlawlessFlatbreads,EarnestEspressos,4148826
2026-07-15T04:01:58.058762,2026-07-15T04:01:58.063376+00:00,73.3,2,bid,EarnestEspressos,xingzhi Dang,4148835
2026-07-15T04:01:58.058762,2026-07-15T04:01:58.063376+00:00,73.5,5,bid,EarnestEspressos,Heero Sipayung,4148836
2026-07-15T04:01:58.222023,2026-07-15T04:01:58.229240+00:00,73.6,47,bid,CostlyCorianders,DiligentDonuts,4148841
2026-07-15T04:01:58.269294,2026-07-15T04:01:58.271644+00:00,73.5,2,ask,EarnestEspressos,Andy Garg,4148844
2026-07-15T04:01:58.590767,2026-07-15T04:01:58.600016+00:00,73.5,61,ask,EarnestEspressos,Sze-Yong Ng,4148849
2026-07-15T04:01:58.594750,2026-07-15T04:01:58.600016+00:00,73.5,14,ask,EarnestEspressos,Xuanyu Liu,4148850
2026-07-15T04:01:58.598737,2026-07-15T04:01:58.610839+00:00,73.5,37,ask,EarnestEspressos,Peter Chen,4148851
2026-07-15T04:01:58.605059,2026-07-15T04:01:58.621550+00:00,73.5,27,ask,EarnestEspressos,Andy Garg,4148853
2026-07-15T04:01:58.637331,2026-07-15T04:01:58.642921+00:00,73.5,2,ask,EarnestEspressos,Akshit Parekh,4148856
2026-07-15T04:01:58.744218,2026-07-15T04:01:58.748721+00:00,73.2,2,ask,xingzhi Dang,Andy Garg,4148860
2026-07-15T04:01:59.048918,2026-07-15T04:01:59.055755+00:00,73.2,1,ask,Heero Sipayung,YUNSHEN JI,4148867
2026-07-15T04:01:59.582156,2026-07-15T04:01:59.588941+00:00,73.5,19,bid,FlawlessFlatbreads,Andre Chan,4148874
2026-07-15T04:01:59.582156,2026-07-15T04:01:59.588941+00:00,73.6,19,bid,FlawlessFlatbreads,Andre Chan,4148875
2026-07-15T04:01:59.582156,2026-07-15T04:01:59.588941+00:00,73.7,12,bid,FlawlessFlatbreads,Andy Garg,4148876
2026-07-15T04:01:59.656218,2026-07-15T04:01:59.663894+00:00,73.2,1,ask,DiligentDonuts,YUNSHEN JI,4148878
2026-07-15T04:01:59.793065,2026-07-15T04:01:59.803960+00:00,73.4,4,ask,Heero Sipayung,CostlyCorianders,4148881
2026-07-15T04:01:59.793065,2026-07-15T04:01:59.803960+00:00,73.2,44,ask,DiligentDonuts,CostlyCorianders,4148882
2026-07-15T04:02:01.253179,2026-07-15T04:02:01.265206+00:00,73.3,7,ask,Andre Chan,Akshit Parekh,4148908
2026-07-15T04:02:01.281621,2026-07-15T04:02:01.286373+00:00,73.3,32,ask,Andre Chan,EarnestEspressos,4148910
2026-07-15T04:02:01.461219,2026-07-15T04:02:01.477893+00:00,73.2,1,ask,DiligentDonuts,YUNSHEN JI,4148911
2026-07-15T04:02:01.673627,2026-07-15T04:02:01.682983+00:00,73.2,2,ask,DiligentDonuts,xingzhi Dang,4148916
2026-07-15T04:02:01.764109,2026-07-15T04:02:01.770682+00:00,73.2,50,ask,DiligentDonuts,FlawlessFlatbreads,4148920
2026-07-15T04:02:01.899805,2026-07-15T04:02:01.911690+00:00,73.2,2,ask,DiligentDonuts,Dinh Nguyen,4148923
2026-07-15T04:02:03.560111,2026-07-15T04:02:03.564663+00:00,73.2,11,bid,Xuanyu Liu,Andre Chan,4148950
2026-07-15T04:02:03.642815,2026-07-15T04:02:03.650246+00:00,73.1,2,ask,Hongpei Zhu,Dinh Nguyen,4148951
2026-07-15T04:02:03.809049,2026-07-15T04:02:03.821339+00:00,73.2,3,bid,YUNSHEN JI,Andre Chan,4148954
2026-07-15T04:02:05.195147,2026-07-15T04:02:05.203661+00:00,73.2,46,bid,CostlyCorianders,EarnestEspressos,4148971
2026-07-15T04:02:05.807485,2026-07-15T04:02:05.819042+00:00,73.2,40,bid,CostlyCorianders,EarnestEspressos,4148982
2026-07-15T04:02:06.008253,2026-07-15T04:02:06.012881+00:00,73.1,40,ask,Andy Garg,FlawlessFlatbreads,4148984
2026-07-15T04:02:06.008253,2026-07-15T04:02:06.012881+00:00,73.1,10,ask,Andre Chan,FlawlessFlatbreads,4148985
2026-07-15T04:02:06.314253,2026-07-15T04:02:06.324387+00:00,73.2,42,bid,CostlyCorianders,EarnestEspressos,4148993
2026-07-15T04:02:06.455039,2026-07-15T04:02:06.460444+00:00,73.2,3,bid,Xuanyu Liu,EarnestEspressos,4148997
2026-07-15T04:02:06.527578,2026-07-15T04:02:06.536497+00:00,73.2,19,bid,Sze-Yong Ng,EarnestEspressos,4148999
2026-07-15T04:02:07.576790,2026-07-15T04:02:07.596131+00:00,73.3,8,bid,EarnestEspressos,Hongpei Zhu,4149011
2026-07-15T04:02:07.576790,2026-07-15T04:02:07.596131+00:00,73.3,2,bid,EarnestEspressos,xingzhi Dang,4149012
2026-07-15T04:02:07.576790,2026-07-15T04:02:07.596131+00:00,73.4,100,bid,EarnestEspressos,DiligentDonuts,4149013
2026-07-15T04:02:07.576790,2026-07-15T04:02:07.596131+00:00,73.4,12,bid,EarnestEspressos,Zhangyue Shen,4149014
2026-07-15T04:02:07.591190,2026-07-15T04:02:07.596131+00:00,73.4,3,ask,EarnestEspressos,Xuanyu Liu,4149015
2026-07-15T04:02:08.118929,2026-07-15T04:02:08.134185+00:00,73.4,25,ask,EarnestEspressos,FlawlessFlatbreads,4149026
2026-07-15T04:02:08.118929,2026-07-15T04:02:08.134185+00:00,73.3,12,ask,Zhangyue Shen,FlawlessFlatbreads,4149027
2026-07-15T04:02:08.118929,2026-07-15T04:02:08.134185+00:00,73.2,2,ask,xingzhi Dang,FlawlessFlatbreads,4149028
2026-07-15T04:02:08.118929,2026-07-15T04:02:08.134185+00:00,73.2,11,ask,Andy Garg,FlawlessFlatbreads,4149029
2026-07-15T04:02:08.843830,2026-07-15T04:02:08.852659+00:00,73.4,8,ask,DiligentDonuts,Hongpei Zhu,4149039
2026-07-15T04:02:09.769843,2026-07-15T04:02:09.782160+00:00,73.4,2,ask,DiligentDonuts,Dinh Nguyen,4149049
2026-07-15T04:02:10.803182,2026-07-15T04:02:10.808454+00:00,73.4,90,ask,DiligentDonuts,EarnestEspressos,4149060
2026-07-15T04:02:10.997815,2026-07-15T04:02:11.006146+00:00,73.3,2,ask,Andre Chan,Dinh Nguyen,4149062
2026-07-15T04:02:11.460273,2026-07-15T04:02:11.469996+00:00,73.3,2,ask,Andre Chan,CostlyCorianders,4149069
2026-07-15T04:02:11.460273,2026-07-15T04:02:11.469996+00:00,73.2,40,ask,Andy Garg,CostlyCorianders,4149070
2026-07-15T04:02:11.460273,2026-07-15T04:02:11.469996+00:00,73.1,7,ask,Zhangyue Shen,CostlyCorianders,4149071
2026-07-15T04:02:11.945239,2026-07-15T04:02:11.951335+00:00,73.2,8,ask,Hongpei Zhu,CostlyCorianders,4149081
2026-07-15T04:02:11.945239,2026-07-15T04:02:11.951335+00:00,73.1,5,ask,Zhangyue Shen,CostlyCorianders,4149082
2026-07-15T04:02:11.945239,2026-07-15T04:02:11.962241+00:00,73.1,31,ask,Andy Garg,CostlyCorianders,4149083
2026-07-15T04:02:12.288921,2026-07-15T04:02:12.294170+00:00,73.4,50,bid,FlawlessFlatbreads,EarnestEspressos,4149091
2026-07-15T04:02:13.122388,2026-07-15T04:02:13.125892+00:00,73.4,10,bid,CostlyCorianders,EarnestEspressos,4149100
2026-07-15T04:02:13.122388,2026-07-15T04:02:13.136849+00:00,73.5,12,bid,CostlyCorianders,Zhangyue Shen,4149101
2026-07-15T04:02:13.122388,2026-07-15T04:02:13.136849+00:00,73.5,25,bid,CostlyCorianders,Andy Garg,4149102
2026-07-15T04:02:13.919082,2026-07-15T04:02:13.926289+00:00,73.6,100,bid,EarnestEspressos,DiligentDonuts,4149115
2026-07-15T04:02:13.919082,2026-07-15T04:02:13.926289+00:00,73.6,12,bid,EarnestEspressos,Zhangyue Shen,4149116
2026-07-15T04:02:13.919082,2026-07-15T04:02:13.926289+00:00,73.6,38,bid,EarnestEspressos,Andy Garg,4149117
2026-07-15T04:02:14.112405,2026-07-15T04:02:14.116781+00:00,73.2,12,ask,Zhangyue Shen,CostlyCorianders,4149119
2026-07-15T04:02:14.112405,2026-07-15T04:02:14.116781+00:00,73.2,30,ask,Andy Garg,CostlyCorianders,4149120
2026-07-15T04:02:14.887517,2026-07-15T04:02:14.891256+00:00,73.5,2,ask,DiligentDonuts,YUNSHEN JI,4149135
2026-07-15T04:02:14.920828,2026-07-15T04:02:14.922891+00:00,73.5,8,ask,DiligentDonuts,Hongpei Zhu,4149136
2026-07-15T04:02:15.475715,2026-07-15T04:02:15.488199+00:00,73.5,30,ask,DiligentDonuts,YUNSHEN JI,4149142
2026-07-15T04:02:15.493868,2026-07-15T04:02:15.498973+00:00,73.5,10,ask,DiligentDonuts,Zhangyue Shen,4149145
2026-07-15T04:02:15.638306,2026-07-15T04:02:15.642695+00:00,73.5,11,ask,DiligentDonuts,Xuanyu Liu,4149149
2026-07-15T04:02:15.679486,2026-07-15T04:02:15.685525+00:00,73.5,39,ask,DiligentDonuts,Andy Garg,4149150
2026-07-15T04:02:16.535306,2026-07-15T04:02:16.539649+00:00,73.5,23,bid,FlawlessFlatbreads,Andre Chan,4149163
2026-07-15T04:02:16.535306,2026-07-15T04:02:16.539649+00:00,73.6,23,bid,FlawlessFlatbreads,Andre Chan,4149164
2026-07-15T04:02:16.535306,2026-07-15T04:02:16.550231+00:00,73.6,4,bid,FlawlessFlatbreads,Andy Garg,4149165
2026-07-15T04:02:17.654040,2026-07-15T04:02:17.667564+00:00,73.2,2,ask,Hongpei Zhu,Dinh Nguyen,4149183
2026-07-15T04:02:17.674706,2026-07-15T04:02:17.678500+00:00,73.3,40,bid,CostlyCorianders,EarnestEspressos,4149185
2026-07-15T04:02:18.493098,2026-07-15T04:02:18.501655+00:00,73.2,6,ask,Hongpei Zhu,YUNSHEN JI,4149191
2026-07-15T04:02:18.638922,2026-07-15T04:02:18.643155+00:00,73.2,2,ask,Andre Chan,xingzhi Dang,4149197
2026-07-15T04:02:18.675796,2026-07-15T04:02:18.686817+00:00,73.3,50,bid,FlawlessFlatbreads,EarnestEspressos,4149199
2026-07-15T04:02:19.389848,2026-07-15T04:02:19.398782+00:00,73.1,2,ask,Andre Chan,Dinh Nguyen,4149210
2026-07-15T04:02:19.579755,2026-07-15T04:02:19.584589+00:00,73.3,14,bid,Xuanyu Liu,EarnestEspressos,4149213
2026-07-15T04:02:19.697920,2026-07-15T04:02:19.702680+00:00,73.3,30,bid,YUNSHEN JI,EarnestEspressos,4149216
2026-07-15T04:02:19.841729,2026-07-15T04:02:19.852168+00:00,73.3,16,bid,Sze-Yong Ng,EarnestEspressos,4149220
2026-07-15T04:02:20.208769,2026-07-15T04:02:20.217264+00:00,73.3,12,ask,Andre Chan,Hongpei Zhu,4149232
2026-07-15T04:02:20.248350,2026-07-15T04:02:20.267527+00:00,73.4,100,bid,EarnestEspressos,DiligentDonuts,4149233
2026-07-15T04:02:20.248350,2026-07-15T04:02:20.267527+00:00,73.6,12,bid,EarnestEspressos,Zhangyue Shen,4149234
2026-07-15T04:02:20.255625,2026-07-15T04:02:20.267527+00:00,73.6,5,ask,EarnestEspressos,Heero Sipayung,4149235
2026-07-15T04:02:20.261573,2026-07-15T04:02:20.267527+00:00,73.6,3,ask,EarnestEspressos,Xuanyu Liu,4149236
2026-07-15T04:02:20.299458,2026-07-15T04:02:20.311278+00:00,73.6,30,ask,EarnestEspressos,YUNSHEN JI,4149237
2026-07-15T04:02:20.841697,2026-07-15T04:02:20.846978+00:00,73.4,30,ask,Andre Chan,FlawlessFlatbreads,4149249
2026-07-15T04:02:20.841697,2026-07-15T04:02:20.846978+00:00,73.4,5,ask,Heero Sipayung,FlawlessFlatbreads,4149250
2026-07-15T04:02:21.846148,2026-07-15T04:02:21.848243+00:00,73.4,2,ask,DiligentDonuts,Dinh Nguyen,4149268
2026-07-15T04:02:22.685254,2026-07-15T04:02:22.694828+00:00,73.5,14,bid,YUNSHEN JI,Andre Chan,4149285
2026-07-15T04:02:23.889889,2026-07-15T04:02:23.894832+00:00,73.5,24,bid,YUNSHEN JI,EarnestEspressos,4149303
2026-07-15T04:02:24.222156,2026-07-15T04:02:24.230164+00:00,73.5,100,bid,DiligentDonuts,EarnestEspressos,4149311
2026-07-15T04:02:24.933394,2026-07-15T04:02:24.937624+00:00,73.4,9,ask,Zhangyue Shen,CostlyCorianders,4149321
2026-07-15T04:02:24.933394,2026-07-15T04:02:24.948736+00:00,73.4,38,ask,Andre Chan,CostlyCorianders,4149322
2026-07-15T04:02:25.087875,2026-07-15T04:02:25.091405+00:00,73.4,10,ask,Andre Chan,FlawlessFlatbreads,4149325
2026-07-15T04:02:25.087875,2026-07-15T04:02:25.102444+00:00,73.4,2,ask,xingzhi Dang,FlawlessFlatbreads,4149326
2026-07-15T04:02:25.087875,2026-07-15T04:02:25.102444+00:00,73.3,38,ask,Andy Garg,FlawlessFlatbreads,4149327
2026-07-15T04:02:25.265465,2026-07-15T04:02:25.270617+00:00,73.4,3,bid,Xuanyu Liu,Andre Chan,4149334
2026-07-15T04:02:25.279550,2026-07-15T04:02:25.292521+00:00,73.4,3,bid,Sze-Yong Ng,Andre Chan,4149335
2026-07-15T04:02:25.483634,2026-07-15T04:02:25.487362+00:00,73.5,26,bid,CostlyCorianders,EarnestEspressos,4149338
2026-07-15T04:02:25.483634,2026-07-15T04:02:25.498115+00:00,73.5,2,bid,CostlyCorianders,xingzhi Dang,4149339
2026-07-15T04:02:25.483634,2026-07-15T04:02:25.498115+00:00,73.6,8,bid,CostlyCorianders,Zhangyue Shen,4149340
2026-07-15T04:02:25.483634,2026-07-15T04:02:25.498115+00:00,73.6,5,bid,CostlyCorianders,Andy Garg,4149341
2026-07-15T04:02:25.976823,2026-07-15T04:02:25.982595+00:00,73.5,28,bid,CostlyCorianders,Andre Chan,4149350
2026-07-15T04:02:25.976823,2026-07-15T04:02:25.982595+00:00,73.6,15,bid,CostlyCorianders,Andy Garg,4149351
2026-07-15T04:02:26.583141,2026-07-15T04:02:26.596695+00:00,73.6,12,bid,EarnestEspressos,Hongpei Zhu,4149363
2026-07-15T04:02:26.591817,2026-07-15T04:02:26.596695+00:00,73.7,3,ask,EarnestEspressos,Xuanyu Liu,4149364
2026-07-15T04:02:26.608634,2026-07-15T04:02:26.614319+00:00,73.7,11,ask,EarnestEspressos,Xuanyu Liu,4149365
2026-07-15T04:02:26.730307,2026-07-15T04:02:26.733770+00:00,73.7,38,ask,EarnestEspressos,Sze-Yong Ng,4149370
2026-07-15T04:02:26.758817,2026-07-15T04:02:26.766702+00:00,73.7,40,ask,EarnestEspressos,Andy Garg,4149371
2026-07-15T04:02:26.888314,2026-07-15T04:02:26.897482+00:00,73.7,5,ask,EarnestEspressos,YUNSHEN JI,4149376
2026-07-15T04:02:27.200167,2026-07-15T04:02:27.212183+00:00,73.7,41,ask,EarnestEspressos,FlawlessFlatbreads,4149385
2026-07-15T04:02:27.994769,2026-07-15T04:02:28.001274+00:00,73.2,2,ask,DiligentDonuts,Dinh Nguyen,4149393
2026-07-15T04:02:28.778340,2026-07-15T04:02:28.783479+00:00,73.5,2,bid,Xuanyu Liu,xingzhi Dang,4149409
2026-07-15T04:02:29.310961,2026-07-15T04:02:29.319414+00:00,73.4,12,ask,Zhangyue Shen,FlawlessFlatbreads,4149418
2026-07-15T04:02:29.310961,2026-07-15T04:02:29.319414+00:00,73.3,2,ask,xingzhi Dang,FlawlessFlatbreads,4149419
2026-07-15T04:02:29.310961,2026-07-15T04:02:29.319414+00:00,73.3,36,ask,Andy Garg,FlawlessFlatbreads,4149420
2026-07-15T04:02:29.354162,2026-07-15T04:02:29.363130+00:00,73.3,4,ask,Andy Garg,CostlyCorianders,4149421
2026-07-15T04:02:29.354162,2026-07-15T04:02:29.363130+00:00,73.2,43,ask,DiligentDonuts,CostlyCorianders,4149422
2026-07-15T04:02:29.580063,2026-07-15T04:02:29.585738+00:00,73.5,5,bid,YUNSHEN JI,EarnestEspressos,4149428
2026-07-15T04:02:29.725549,2026-07-15T04:02:29.730614+00:00,73.5,4,bid,Xuanyu Liu,Heero Sipayung,4149430
2026-07-15T04:02:29.813555,2026-07-15T04:02:29.816816+00:00,73.5,5,bid,Xuanyu Liu,Heero Sipayung,4149432
2026-07-15T04:02:30.301534,2026-07-15T04:02:30.310255+00:00,73.5,41,bid,CostlyCorianders,EarnestEspressos,4149437
2026-07-15T04:02:31.343587,2026-07-15T04:02:31.351295+00:00,73.4,10,ask,Andre Chan,CostlyCorianders,4149449
2026-07-15T04:02:31.343587,2026-07-15T04:02:31.351295+00:00,73.3,4,ask,Hongpei Zhu,CostlyCorianders,4149450
2026-07-15T04:02:31.343587,2026-07-15T04:02:31.351295+00:00,73.3,10,ask,Andre Chan,CostlyCorianders,4149451
2026-07-15T04:02:31.343587,2026-07-15T04:02:31.351295+00:00,73.3,10,ask,Zhangyue Shen,CostlyCorianders,4149452
2026-07-15T04:02:31.343587,2026-07-15T04:02:31.362177+00:00,73.2,8,ask,Andy Garg,CostlyCorianders,4149453
2026-07-15T04:02:33.527339,2026-07-15T04:02:33.530912+00:00,73.3,12,ask,Hongpei Zhu,FlawlessFlatbreads,4149497
2026-07-15T04:02:33.527339,2026-07-15T04:02:33.541496+00:00,73.2,38,ask,EarnestEspressos,FlawlessFlatbreads,4149498
2026-07-15T04:02:35.026554,2026-07-15T04:02:35.038687+00:00,73.2,40,ask,EarnestEspressos,CostlyCorianders,4149522
2026-07-15T04:02:35.350313,2026-07-15T04:02:35.356029+00:00,73.4,3,bid,Xuanyu Liu,Andre Chan,4149526
2026-07-15T04:02:35.358014,2026-07-15T04:02:35.367054+00:00,73.4,17,bid,Gourab Sharma,Andre Chan,4149527
2026-07-15T04:02:35.452471,2026-07-15T04:02:35.461517+00:00,73.5,30,bid,Gourab Sharma,DiligentDonuts,4149535
2026-07-15T04:02:35.622021,2026-07-15T04:02:35.624415+00:00,73.5,61,bid,Sze-Yong Ng,DiligentDonuts,4149539
2026-07-15T04:02:35.639214,2026-07-15T04:02:35.646246+00:00,73.4,14,ask,Andre Chan,FlawlessFlatbreads,4149540
2026-07-15T04:02:35.639214,2026-07-15T04:02:35.646246+00:00,73.3,36,ask,Alan Niu,FlawlessFlatbreads,4149541
2026-07-15T04:02:37.747564,2026-07-15T04:02:37.751351+00:00,73.4,10,ask,Andre Chan,FlawlessFlatbreads,4149570
2026-07-15T04:02:37.747564,2026-07-15T04:02:37.762037+00:00,73.3,12,ask,Zhangyue Shen,FlawlessFlatbreads,4149571
2026-07-15T04:02:37.747564,2026-07-15T04:02:37.762037+00:00,73.3,10,ask,Andre Chan,FlawlessFlatbreads,4149572
2026-07-15T04:02:37.747564,2026-07-15T04:02:37.762037+00:00,73.2,18,ask,DiligentDonuts,FlawlessFlatbreads,4149573
2026-07-15T04:02:37.952907,2026-07-15T04:02:37.955171+00:00,73.5,42,bid,CostlyCorianders,EarnestEspressos,4149580
2026-07-15T04:02:38.467188,2026-07-15T04:02:38.474110+00:00,73.2,48,ask,DiligentDonuts,CostlyCorianders,4149587
2026-07-15T04:02:39.865439,2026-07-15T04:02:39.871159+00:00,73.2,34,ask,DiligentDonuts,FlawlessFlatbreads,4149604
2026-07-15T04:02:39.865439,2026-07-15T04:02:39.871159+00:00,73.2,12,ask,Zhangyue Shen,FlawlessFlatbreads,4149605
2026-07-15T04:02:39.865439,2026-07-15T04:02:39.882115+00:00,73.2,4,ask,Hongpei Zhu,FlawlessFlatbreads,4149606
2026-07-15T04:02:40.495033,2026-07-15T04:02:40.498415+00:00,73.2,6,bid,Gourab Sharma,Andre Chan,4149617
2026-07-15T04:02:40.749737,2026-07-15T04:02:40.755657+00:00,73.3,42,bid,CostlyCorianders,DiligentDonuts,4149621
2026-07-15T04:02:41.763304,2026-07-15T04:02:41.771912+00:00,73.3,46,bid,CostlyCorianders,DiligentDonuts,4149635
2026-07-15T04:02:41.911505,2026-07-15T04:02:41.925021+00:00,73.3,12,bid,Andy Garg,DiligentDonuts,4149642
2026-07-15T04:02:41.911505,2026-07-15T04:02:41.925021+00:00,73.3,2,bid,Andy Garg,xingzhi Dang,4149643
2026-07-15T04:02:41.928301,2026-07-15T04:02:41.936036+00:00,73.5,50,bid,FlawlessFlatbreads,EarnestEspressos,4149645
2026-07-15T04:02:42.341291,2026-07-15T04:02:42.351947+00:00,73.4,10,ask,Andre Chan,CostlyCorianders,4149652
2026-07-15T04:02:42.341291,2026-07-15T04:02:42.351947+00:00,73.4,12,ask,Zhangyue Shen,CostlyCorianders,4149653
2026-07-15T04:02:42.341291,2026-07-15T04:02:42.351947+00:00,73.3,27,ask,Andy Garg,CostlyCorianders,4149654
2026-07-15T04:02:43.431374,2026-07-15T04:02:43.439333+00:00,73.4,42,ask,EarnestEspressos,CostlyCorianders,4149683
2026-07-15T04:02:43.979886,2026-07-15T04:02:43.991352+00:00,73.4,2,ask,EarnestEspressos,Dinh Nguyen,4149688
2026-07-15T04:02:44.037277,2026-07-15T04:02:44.044365+00:00,73.5,40,bid,FlawlessFlatbreads,Andy Garg,4149691
2026-07-15T04:02:44.037277,2026-07-15T04:02:44.044365+00:00,73.6,10,bid,FlawlessFlatbreads,Zhangyue Shen,4149692
2026-07-15T04:02:44.944072,2026-07-15T04:02:44.948993+00:00,73.5,17,bid,Hongpei Zhu,Andre Chan,4149705
2026-07-15T04:02:45.458074,2026-07-15T04:02:45.462314+00:00,73.6,21,bid,CostlyCorianders,Andre Chan,4149714
2026-07-15T04:02:45.458074,2026-07-15T04:02:45.462314+00:00,73.7,10,bid,CostlyCorianders,Zhangyue Shen,4149715
2026-07-15T04:02:45.458074,2026-07-15T04:02:45.472934+00:00,73.8,18,bid,CostlyCorianders,Andy Garg,4149716
2026-07-15T04:02:46.149783,2026-07-15T04:02:46.161226+00:00,73.6,30,bid,FlawlessFlatbreads,Gourab Sharma,4149730
2026-07-15T04:02:46.149783,2026-07-15T04:02:46.161226+00:00,73.6,2,bid,FlawlessFlatbreads,xingzhi Dang,4149731
2026-07-15T04:02:46.149783,2026-07-15T04:02:46.161226+00:00,73.6,14,bid,FlawlessFlatbreads,Andre Chan,4149732
2026-07-15T04:02:46.149783,2026-07-15T04:02:46.161226+00:00,73.6,4,bid,FlawlessFlatbreads,Zhangyue Shen,4149733
2026-07-15T04:02:46.422852,2026-07-15T04:02:46.431604+00:00,73.5,2,ask,Gourab Sharma,Dinh Nguyen,4149737
2026-07-15T04:02:47.431059,2026-07-15T04:02:47.441621+00:00,73.6,6,bid,CostlyCorianders,Zhangyue Shen,4149751
2026-07-15T04:02:47.431059,2026-07-15T04:02:47.441621+00:00,73.7,43,bid,CostlyCorianders,EarnestEspressos,4149752
2026-07-15T04:02:47.521338,2026-07-15T04:02:47.530459+00:00,73.5,28,ask,Gourab Sharma,CostlyCorianders,4149755
2026-07-15T04:02:47.521338,2026-07-15T04:02:47.530459+00:00,73.5,2,ask,xingzhi Dang,CostlyCorianders,4149756
2026-07-15T04:02:47.521338,2026-07-15T04:02:47.530459+00:00,73.5,14,ask,Andre Chan,CostlyCorianders,4149757
2026-07-15T04:02:47.521338,2026-07-15T04:02:47.530459+00:00,73.4,4,ask,Hongpei Zhu,CostlyCorianders,4149758
2026-07-15T04:02:47.521338,2026-07-15T04:02:47.530459+00:00,73.3,1,ask,Zhangyue Shen,CostlyCorianders,4149759
2026-07-15T04:02:47.640867,2026-07-15T04:02:47.651722+00:00,73.4,1,ask,Heero Sipayung,Dinh Nguyen,4149764
2026-07-15T04:02:48.316030,2026-07-15T04:02:48.326625+00:00,73.3,9,ask,Zhangyue Shen,FlawlessFlatbreads,4149771
2026-07-15T04:02:48.316030,2026-07-15T04:02:48.326625+00:00,73.3,41,ask,DiligentDonuts,FlawlessFlatbreads,4149772
2026-07-15T04:02:48.929037,2026-07-15T04:02:48.939028+00:00,73.3,41,ask,DiligentDonuts,CostlyCorianders,4149787
2026-07-15T04:02:49.788023,2026-07-15T04:02:49.796610+00:00,73.4,10,ask,Andre Chan,Gourab Sharma,4149796
2026-07-15T04:02:49.951035,2026-07-15T04:02:49.958371+00:00,73.5,43,bid,CostlyCorianders,DiligentDonuts,4149802
2026-07-15T04:02:50.005913,2026-07-15T04:02:50.012255+00:00,73.3,8,ask,Hongpei Zhu,CostlyCorianders,4149804
2026-07-15T04:02:50.378679,2026-07-15T04:02:50.387478+00:00,73.4,50,bid,FlawlessFlatbreads,Andre Chan,4149811
2026-07-15T04:02:50.894492,2026-07-15T04:02:50.901529+00:00,73.4,10,bid,CostlyCorianders,Andre Chan,4149817
2026-07-15T04:02:50.894492,2026-07-15T04:02:50.901529+00:00,73.5,34,bid,CostlyCorianders,DiligentDonuts,4149818
2026-07-15T04:02:51.773399,2026-07-15T04:02:51.785677+00:00,73.4,8,ask,Gourab Sharma,Hongpei Zhu,4149830
2026-07-15T04:02:52.539226,2026-07-15T04:02:52.549152+00:00,73.4,22,ask,Gourab Sharma,FlawlessFlatbreads,4149844
2026-07-15T04:02:52.539226,2026-07-15T04:02:52.549152+00:00,73.3,12,ask,Zhangyue Shen,FlawlessFlatbreads,4149845
2026-07-15T04:02:52.539226,2026-07-15T04:02:52.549152+00:00,73.3,16,ask,EarnestEspressos,FlawlessFlatbreads,4149846
2026-07-15T04:02:52.833992,2026-07-15T04:02:52.837547+00:00,73.5,8,ask,Andre Chan,Hongpei Zhu,4149853
2026-07-15T04:02:56.442999,2026-07-15T04:02:56.446580+00:00,73.5,42,ask,Andre Chan,CostlyCorianders,4149899
2026-07-15T04:02:56.442999,2026-07-15T04:02:56.457394+00:00,73.4,4,ask,DiligentDonuts,CostlyCorianders,4149900
2026-07-15T04:02:56.760451,2026-07-15T04:02:56.769643+00:00,73.4,50,ask,DiligentDonuts,FlawlessFlatbreads,4149908
2026-07-15T04:02:57.353809,2026-07-15T04:02:57.360790+00:00,73.6,4,bid,CostlyCorianders,Hongpei Zhu,4149919
2026-07-15T04:02:57.353809,2026-07-15T04:02:57.360790+00:00,73.6,30,bid,CostlyCorianders,Gourab Sharma,4149920
2026-07-15T04:02:57.353809,2026-07-15T04:02:57.360790+00:00,73.7,10,bid,CostlyCorianders,Zhangyue Shen,4149921
2026-07-15T04:02:58.868737,2026-07-15T04:02:58.880947+00:00,73.5,30,ask,Gourab Sharma,FlawlessFlatbreads,4149943
2026-07-15T04:02:58.868737,2026-07-15T04:02:58.880947+00:00,73.4,20,ask,DiligentDonuts,FlawlessFlatbreads,4149944
2026-07-15T04:03:00.937656,2026-07-15T04:03:00.946468+00:00,73.5,14,ask,Andre Chan,CostlyCorianders,4149980
2026-07-15T04:03:00.937656,2026-07-15T04:03:00.946468+00:00,73.4,12,ask,Zhangyue Shen,CostlyCorianders,4149981
2026-07-15T04:03:00.937656,2026-07-15T04:03:00.946468+00:00,73.4,20,ask,Andy Garg,FlawlessFlatbreads,4149982
2026-07-15T04:03:00.980816,2026-07-15T04:03:00.989386+00:00,73.4,20,ask,Andy Garg,CostlyCorianders,4149983
2026-07-15T04:03:00.980816,2026-07-15T04:03:00.989386+00:00,73.4,14,ask,Andre Chan,FlawlessFlatbreads,4149984
2026-07-15T04:03:00.980816,2026-07-15T04:03:00.989386+00:00,73.4,16,ask,Alan Niu,FlawlessFlatbreads,4149985
2026-07-15T04:03:01.500044,2026-07-15T04:03:01.509410+00:00,73.5,10,ask,Andre Chan,CostlyCorianders,4149998
2026-07-15T04:03:01.500044,2026-07-15T04:03:01.509410+00:00,73.4,10,ask,Andre Chan,CostlyCorianders,4149999
2026-07-15T04:03:01.500044,2026-07-15T04:03:01.509410+00:00,73.4,24,ask,Alan Niu,CostlyCorianders,4150000
2026-07-15T04:03:02.385145,2026-07-15T04:03:02.391166+00:00,73.6,5,bid,Gourab Sharma,Andre Chan,4150010
2026-07-15T04:03:03.093763,2026-07-15T04:03:03.104295+00:00,73.6,25,ask,Gourab Sharma,FlawlessFlatbreads,4150018
2026-07-15T04:03:03.093763,2026-07-15T04:03:03.104295+00:00,73.5,5,ask,Heero Sipayung,FlawlessFlatbreads,4150019
2026-07-15T04:03:03.093763,2026-07-15T04:03:03.104295+00:00,73.4,20,ask,EarnestEspressos,FlawlessFlatbreads,4150020
2026-07-15T04:03:03.975481,2026-07-15T04:03:03.986828+00:00,73.7,2,bid,CostlyCorianders,Zhangyue Shen,4150034
2026-07-15T04:03:03.975481,2026-07-15T04:03:03.986828+00:00,73.8,40,bid,CostlyCorianders,Andy Garg,4150035
2026-07-15T04:03:03.975481,2026-07-15T04:03:03.986828+00:00,73.8,5,bid,CostlyCorianders,DiligentDonuts,4150036
2026-07-15T04:03:04.267671,2026-07-15T04:03:04.273438+00:00,73.7,43,bid,Peter Chen,Andre Chan,4150048
2026-07-15T04:03:04.283279,2026-07-15T04:03:04.294686+00:00,73.8,50,bid,Akshit Parekh,DiligentDonuts,4150051
2026-07-15T04:03:05.208303,2026-07-15T04:03:05.212248+00:00,73.6,2,ask,xingzhi Dang,FlawlessFlatbreads,4150064
2026-07-15T04:03:05.208303,2026-07-15T04:03:05.222849+00:00,73.6,10,ask,Andre Chan,Peter Chen,4150065
2026-07-15T04:03:05.208303,2026-07-15T04:03:05.222849+00:00,73.5,12,ask,Hongpei Zhu,FlawlessFlatbreads,4150066
2026-07-15T04:03:05.208303,2026-07-15T04:03:05.222849+00:00,73.5,10,ask,Andre Chan,FlawlessFlatbreads,4150067
2026-07-15T04:03:05.208303,2026-07-15T04:03:05.222849+00:00,73.4,16,ask,Andy Garg,FlawlessFlatbreads,4150068
2026-07-15T04:03:05.437332,2026-07-15T04:03:05.450708+00:00,73.6,10,ask,Andre Chan,FlawlessFlatbreads,4150074
2026-07-15T04:03:07.323363,2026-07-15T04:03:07.329238+00:00,73.4,50,ask,DiligentDonuts,FlawlessFlatbreads,4150101
2026-07-15T04:03:07.574394,2026-07-15T04:03:07.585774+00:00,73.6,30,bid,CostlyCorianders,Andre Chan,4150105
2026-07-15T04:03:07.574394,2026-07-15T04:03:07.585774+00:00,73.7,2,bid,CostlyCorianders,xingzhi Dang,4150106
2026-07-15T04:03:07.574394,2026-07-15T04:03:07.585774+00:00,73.7,8,bid,CostlyCorianders,Zhangyue Shen,4150107
2026-07-15T04:03:07.578387,2026-07-15T04:03:07.585774+00:00,73.5,10,ask,Gourab Sharma,Hongpei Zhu,4150108
2026-07-15T04:03:08.628469,2026-07-15T04:03:08.639270+00:00,73.6,4,ask,Andre Chan,Hongpei Zhu,4150124
2026-07-15T04:03:09.378455,2026-07-15T04:03:09.391248+00:00,73.6,4,bid,FlawlessFlatbreads,Andre Chan,4150128
2026-07-15T04:03:09.378455,2026-07-15T04:03:09.391248+00:00,73.7,4,bid,FlawlessFlatbreads,Zhangyue Shen,4150129
2026-07-15T04:03:09.378455,2026-07-15T04:03:09.391248+00:00,73.7,30,bid,FlawlessFlatbreads,Gourab Sharma,4150130
2026-07-15T04:03:09.378455,2026-07-15T04:03:09.391248+00:00,73.8,12,bid,FlawlessFlatbreads,EarnestEspressos,4150131
2026-07-15T04:03:09.573993,2026-07-15T04:03:09.578791+00:00,73.5,3,ask,Gourab Sharma,Xuanyu Liu,4150140
2026-07-15T04:03:09.600958,2026-07-15T04:03:09.611009+00:00,73.5,17,ask,Gourab Sharma,Akshit Parekh,4150142
2026-07-15T04:03:10.059633,2026-07-15T04:03:10.070615+00:00,73.4,2,ask,xingzhi Dang,CostlyCorianders,4150149
2026-07-15T04:03:10.059633,2026-07-15T04:03:10.070615+00:00,73.3,46,ask,EarnestEspressos,CostlyCorianders,4150150
2026-07-15T04:03:10.880309,2026-07-15T04:03:10.884367+00:00,73.5,2,bid,Xuanyu Liu,xingzhi Dang,4150162
2026-07-15T04:03:10.896933,2026-07-15T04:03:10.901324+00:00,73.6,1,bid,Xuanyu Liu,Zhangyue Shen,4150163
2026-07-15T04:03:11.548277,2026-07-15T04:03:11.559305+00:00,73.5,14,ask,Andre Chan,FlawlessFlatbreads,4150176
2026-07-15T04:03:11.548277,2026-07-15T04:03:11.559305+00:00,73.4,14,ask,Andre Chan,FlawlessFlatbreads,4150177
2026-07-15T04:03:11.548277,2026-07-15T04:03:11.559305+00:00,73.4,22,ask,Andy Garg,FlawlessFlatbreads,4150178
2026-07-15T04:03:13.151470,2026-07-15T04:03:13.154944+00:00,73.6,28,bid,CostlyCorianders,Andre Chan,4150192
2026-07-15T04:03:13.151470,2026-07-15T04:03:13.165593+00:00,73.7,21,bid,CostlyCorianders,EarnestEspressos,4150193
2026-07-15T04:03:13.608095,2026-07-15T04:03:13.616970+00:00,73.7,50,bid,FlawlessFlatbreads,EarnestEspressos,4150201
2026-07-15T04:03:15.159037,2026-07-15T04:03:15.163848+00:00,73.5,30,ask,Gourab Sharma,Andy Garg,4150218
2026-07-15T04:03:15.724376,2026-07-15T04:03:15.731543+00:00,73.7,30,bid,FlawlessFlatbreads,Gourab Sharma,4150224
2026-07-15T04:03:15.724376,2026-07-15T04:03:15.731543+00:00,73.7,20,bid,FlawlessFlatbreads,DiligentDonuts,4150225
2026-07-15T04:03:16.632104,2026-07-15T04:03:16.635747+00:00,73.4,12,ask,Zhangyue Shen,CostlyCorianders,4150236
2026-07-15T04:03:16.632104,2026-07-15T04:03:16.646574+00:00,73.4,30,ask,EarnestEspressos,CostlyCorianders,4150237
2026-07-15T04:03:17.676641,2026-07-15T04:03:17.680796+00:00,73.3,12,ask,Hongpei Zhu,CostlyCorianders,4150252
2026-07-15T04:03:17.676641,2026-07-15T04:03:17.691571+00:00,73.3,28,ask,EarnestEspressos,CostlyCorianders,4150253
2026-07-15T04:03:17.833146,2026-07-15T04:03:17.842026+00:00,73.6,10,bid,FlawlessFlatbreads,Andre Chan,4150258
2026-07-15T04:03:17.833146,2026-07-15T04:03:17.842026+00:00,73.6,12,bid,FlawlessFlatbreads,Zhangyue Shen,4150259
2026-07-15T04:03:17.833146,2026-07-15T04:03:17.842026+00:00,73.7,28,bid,FlawlessFlatbreads,DiligentDonuts,4150260
2026-07-15T04:03:18.290760,2026-07-15T04:03:18.298835+00:00,73.7,40,bid,CostlyCorianders,Andy Garg,4150271
2026-07-15T04:03:18.290760,2026-07-15T04:03:18.298835+00:00,73.7,4,bid,CostlyCorianders,Hongpei Zhu,4150272
2026-07-15T04:03:18.290760,2026-07-15T04:03:18.298835+00:00,73.7,3,bid,CostlyCorianders,DiligentDonuts,4150273
2026-07-15T04:03:21.470127,2026-07-15T04:03:21.482049+00:00,73.6,30,bid,Peter Chen,Gourab Sharma,4150317
2026-07-15T04:03:21.470127,2026-07-15T04:03:21.482049+00:00,73.6,70,bid,Peter Chen,EarnestEspressos,4150318
2026-07-15T04:03:21.490837,2026-07-15T04:03:21.503668+00:00,73.6,49,bid,Akshit Parekh,EarnestEspressos,4150321
2026-07-15T04:03:21.508116,2026-07-15T04:03:21.514474+00:00,73.6,31,bid,Andy Garg,EarnestEspressos,4150323
2026-07-15T04:03:21.508116,2026-07-15T04:03:21.514474+00:00,73.6,4,bid,Andy Garg,Hongpei Zhu,4150324
2026-07-15T04:03:22.230896,2026-07-15T04:03:22.238177+00:00,73.8,2,bid,Dinh Nguyen,DiligentDonuts,4150341
2026-07-15T04:03:22.391490,2026-07-15T04:03:22.396940+00:00,73.7,3,ask,Andre Chan,Xuanyu Liu,4150344
2026-07-15T04:03:22.398132,2026-07-15T04:03:22.407954+00:00,73.7,24,ask,Andre Chan,Akshit Parekh,4150345
2026-07-15T04:03:22.404237,2026-07-15T04:03:22.407954+00:00,73.7,10,ask,Andre Chan,Gourab Sharma,4150346
2026-07-15T04:03:22.404237,2026-07-15T04:03:22.418762+00:00,73.7,2,ask,xingzhi Dang,Gourab Sharma,4150347
2026-07-15T04:03:22.625027,2026-07-15T04:03:22.634430+00:00,73.7,27,bid,CostlyCorianders,Andre Chan,4150355
2026-07-15T04:03:22.625027,2026-07-15T04:03:22.634430+00:00,73.8,15,bid,CostlyCorianders,DiligentDonuts,4150356
2026-07-15T04:03:22.751647,2026-07-15T04:03:22.754622+00:00,73.5,1,ask,Zhangyue Shen,YUNSHEN JI,4150359
2026-07-15T04:03:23.607346,2026-07-15T04:03:23.616380+00:00,73.6,14,bid,EarnestEspressos,Andre Chan,4150374
2026-07-15T04:03:23.617525,2026-07-15T04:03:23.627109+00:00,73.6,50,ask,EarnestEspressos,Akshit Parekh,4150375
2026-07-15T04:03:23.622516,2026-07-15T04:03:23.627109+00:00,73.6,86,ask,EarnestEspressos,Peter Chen,4150376
2026-07-15T04:03:24.039373,2026-07-15T04:03:24.052094+00:00,73.6,10,bid,Peter Chen,Andre Chan,4150386
2026-07-15T04:03:24.047538,2026-07-15T04:03:24.052094+00:00,73.7,3,bid,Xuanyu Liu,Andre Chan,4150388
2026-07-15T04:03:24.152659,2026-07-15T04:03:24.159924+00:00,73.7,7,bid,Akshit Parekh,Andre Chan,4150390
2026-07-15T04:03:24.152659,2026-07-15T04:03:24.170684+00:00,73.7,6,bid,Akshit Parekh,Zhangyue Shen,4150391
2026-07-15T04:03:24.176756,2026-07-15T04:03:24.181521+00:00,73.7,6,bid,FlawlessFlatbreads,Zhangyue Shen,4150394
2026-07-15T04:03:24.176756,2026-07-15T04:03:24.192241+00:00,73.7,44,bid,FlawlessFlatbreads,Alan Niu,4150395
2026-07-15T04:03:24.203670,2026-07-15T04:03:24.213654+00:00,73.8,44,bid,Alan Niu,DiligentDonuts,4150398
2026-07-15T04:03:24.552397,2026-07-15T04:03:24.557304+00:00,73.8,1,bid,YUNSHEN JI,xingzhi Dang,4150407
2026-07-15T04:03:26.055789,2026-07-15T04:03:26.068173+00:00,73.7,45,ask,DiligentDonuts,CostlyCorianders,4150430
2026-07-15T04:03:26.344628,2026-07-15T04:03:26.355962+00:00,73.7,50,ask,DiligentDonuts,FlawlessFlatbreads,4150431
2026-07-15T04:03:26.496455,2026-07-15T04:03:26.506572+00:00,73.7,5,ask,DiligentDonuts,Gourab Sharma,4150435
2026-07-15T04:03:26.679833,2026-07-15T04:03:26.691243+00:00,73.7,25,bid,Akshit Parekh,Gourab Sharma,4150440
2026-07-15T04:03:27.128926,2026-07-15T04:03:27.137684+00:00,73.8,2,bid,Dinh Nguyen,Zhangyue Shen,4150444
2026-07-15T04:03:27.168925,2026-07-15T04:03:27.181595+00:00,73.6,34,ask,Andre Chan,CostlyCorianders,4150447
2026-07-15T04:03:27.168925,2026-07-15T04:03:27.181595+00:00,73.5,13,ask,Gourab Sharma,CostlyCorianders,4150448
2026-07-15T04:03:28.457715,2026-07-15T04:03:28.466454+00:00,73.6,8,ask,Hongpei Zhu,FlawlessFlatbreads,4150462
2026-07-15T04:03:28.457715,2026-07-15T04:03:28.466454+00:00,73.6,12,ask,Zhangyue Shen,FlawlessFlatbreads,4150463
2026-07-15T04:03:28.457715,2026-07-15T04:03:28.466454+00:00,73.5,17,ask,Gourab Sharma,FlawlessFlatbreads,4150464
2026-07-15T04:03:28.457715,2026-07-15T04:03:28.477673+00:00,73.4,13,ask,EarnestEspressos,FlawlessFlatbreads,4150465
2026-07-15T04:03:28.653529,2026-07-15T04:03:28.658095+00:00,73.8,14,bid,CostlyCorianders,Andre Chan,4150469
2026-07-15T04:03:28.653529,2026-07-15T04:03:28.658095+00:00,73.9,29,bid,CostlyCorianders,EarnestEspressos,4150470
2026-07-15T04:03:29.765756,2026-07-15T04:03:29.774087+00:00,73.6,3,ask,Heero Sipayung,CostlyCorianders,4150486
2026-07-15T04:03:29.765756,2026-07-15T04:03:29.774087+00:00,73.4,39,ask,EarnestEspressos,CostlyCorianders,4150487
2026-07-15T04:03:30.585954,2026-07-15T04:03:30.592720+00:00,73.5,14,ask,Andre Chan,FlawlessFlatbreads,4150500
2026-07-15T04:03:30.585954,2026-07-15T04:03:30.592720+00:00,73.5,8,ask,Hongpei Zhu,FlawlessFlatbreads,4150501
2026-07-15T04:03:30.585954,2026-07-15T04:03:30.592720+00:00,73.4,28,ask,DiligentDonuts,FlawlessFlatbreads,4150502
2026-07-15T04:03:30.846893,2026-07-15T04:03:30.851656+00:00,73.6,2,bid,Dinh Nguyen,EarnestEspressos,4150509
2026-07-15T04:03:31.519049,2026-07-15T04:03:31.529117+00:00,73.6,30,bid,Gourab Sharma,EarnestEspressos,4150517
2026-07-15T04:03:31.964871,2026-07-15T04:03:31.970102+00:00,73.6,100,bid,Peter Chen,EarnestEspressos,4150527
2026-07-15T04:03:31.986381,2026-07-15T04:03:31.992053+00:00,73.6,18,bid,Sze-Yong Ng,EarnestEspressos,4150529
2026-07-15T04:03:32.069951,2026-07-15T04:03:32.077411+00:00,73.7,2,bid,Dinh Nguyen,DiligentDonuts,4150530
2026-07-15T04:03:32.697072,2026-07-15T04:03:32.707379+00:00,73.6,12,ask,Zhangyue Shen,FlawlessFlatbreads,4150541
2026-07-15T04:03:32.697072,2026-07-15T04:03:32.707379+00:00,73.6,23,ask,Andre Chan,FlawlessFlatbreads,4150542
2026-07-15T04:03:33.099110,2026-07-15T04:03:33.102537+00:00,73.7,98,bid,EarnestEspressos,DiligentDonuts,4150551
2026-07-15T04:03:33.099110,2026-07-15T04:03:33.113050+00:00,73.8,30,bid,EarnestEspressos,Gourab Sharma,4150552
2026-07-15T04:03:33.099110,2026-07-15T04:03:33.113050+00:00,73.8,5,bid,EarnestEspressos,Heero Sipayung,4150553
2026-07-15T04:03:33.236362,2026-07-15T04:03:33.242380+00:00,73.8,17,ask,EarnestEspressos,Sze-Yong Ng,4150555
2026-07-15T04:03:33.302895,2026-07-15T04:03:33.306574+00:00,73.8,2,bid,Dinh Nguyen,Sze-Yong Ng,4150557
2026-07-15T04:03:34.832747,2026-07-15T04:03:34.842284+00:00,73.6,2,ask,xingzhi Dang,FlawlessFlatbreads,4150581
2026-07-15T04:03:34.832747,2026-07-15T04:03:34.842284+00:00,73.6,10,ask,Andre Chan,FlawlessFlatbreads,4150582
2026-07-15T04:03:34.832747,2026-07-15T04:03:34.842284+00:00,73.5,38,ask,DiligentDonuts,FlawlessFlatbreads,4150583
2026-07-15T04:03:34.885843,2026-07-15T04:03:34.891240+00:00,73.6,3,bid,Xuanyu Liu,Andre Chan,4150584
2026-07-15T04:03:34.929074,2026-07-15T04:03:34.934292+00:00,73.6,1,bid,Sze-Yong Ng,Andre Chan,4150586
2026-07-15T04:03:35.719697,2026-07-15T04:03:35.724614+00:00,73.5,3,ask,DiligentDonuts,Xuanyu Liu,4150601
2026-07-15T04:03:35.797879,2026-07-15T04:03:35.809519+00:00,73.6,1,bid,Dinh Nguyen,Andre Chan,4150604
2026-07-15T04:03:35.797879,2026-07-15T04:03:35.809519+00:00,73.7,1,bid,Dinh Nguyen,xingzhi Dang,4150605
2026-07-15T04:03:36.893513,2026-07-15T04:03:36.897997+00:00,73.7,1,bid,FlawlessFlatbreads,xingzhi Dang,4150624
2026-07-15T04:03:36.893513,2026-07-15T04:03:36.897997+00:00,73.7,49,bid,FlawlessFlatbreads,EarnestEspressos,4150625
2026-07-15T04:03:37.009766,2026-07-15T04:03:37.014231+00:00,73.7,40,bid,CostlyCorianders,EarnestEspressos,4150626
2026-07-15T04:03:37.023158,2026-07-15T04:03:37.035394+00:00,73.7,1,bid,Dinh Nguyen,EarnestEspressos,4150627
2026-07-15T04:03:38.583429,2026-07-15T04:03:38.586735+00:00,73.7,47,bid,CostlyCorianders,EarnestEspressos,4150639
2026-07-15T04:03:39.008084,2026-07-15T04:03:39.019992+00:00,73.7,13,bid,FlawlessFlatbreads,EarnestEspressos,4150649
2026-07-15T04:03:39.008084,2026-07-15T04:03:39.019992+00:00,73.8,30,bid,FlawlessFlatbreads,Gourab Sharma,4150650
2026-07-15T04:03:39.008084,2026-07-15T04:03:39.019992+00:00,73.9,7,bid,FlawlessFlatbreads,Hongpei Zhu,4150651
2026-07-15T04:03:39.434371,2026-07-15T04:03:39.443985+00:00,73.8,2,bid,EarnestEspressos,xingzhi Dang,4150663
2026-07-15T04:03:39.837697,2026-07-15T04:03:39.843654+00:00,73.8,3,ask,EarnestEspressos,Xuanyu Liu,4150672
2026-07-15T04:03:39.855437,2026-07-15T04:03:39.865187+00:00,73.8,22,ask,EarnestEspressos,Gourab Sharma,4150673
2026-07-15T04:03:39.859693,2026-07-15T04:03:39.865187+00:00,73.8,100,ask,EarnestEspressos,Peter Chen,4150674
2026-07-15T04:03:39.864642,2026-07-15T04:03:39.876016+00:00,73.8,23,ask,EarnestEspressos,Sze-Yong Ng,4150675
2026-07-15T04:03:40.128970,2026-07-15T04:03:40.135000+00:00,73.7,2,ask,xingzhi Dang,CostlyCorianders,4150685
2026-07-15T04:03:40.128970,2026-07-15T04:03:40.135000+00:00,73.6,8,ask,Hongpei Zhu,CostlyCorianders,4150686
2026-07-15T04:03:40.128970,2026-07-15T04:03:40.135000+00:00,73.5,39,ask,DiligentDonuts,CostlyCorianders,4150687
2026-07-15T04:03:40.670015,2026-07-15T04:03:40.680456+00:00,73.5,12,ask,Zhangyue Shen,CostlyCorianders,4150692
2026-07-15T04:03:40.670015,2026-07-15T04:03:40.680456+00:00,73.4,28,ask,Andy Garg,CostlyCorianders,4150693
2026-07-15T04:03:41.322986,2026-07-15T04:03:41.329779+00:00,73.7,28,bid,CostlyCorianders,Andre Chan,4150713
2026-07-15T04:03:41.322986,2026-07-15T04:03:41.329779+00:00,73.8,17,bid,CostlyCorianders,DiligentDonuts,4150714
2026-07-15T04:03:41.807467,2026-07-15T04:03:41.812588+00:00,73.6,3,bid,Xuanyu Liu,Heero Sipayung,4150723
2026-07-15T04:03:41.845902,2026-07-15T04:03:41.854931+00:00,73.6,2,bid,CostlyCorianders,Heero Sipayung,4150726
2026-07-15T04:03:41.845902,2026-07-15T04:03:41.854931+00:00,73.8,43,bid,CostlyCorianders,DiligentDonuts,4150727
2026-07-15T04:03:42.753007,2026-07-15T04:03:42.757293+00:00,73.6,4,bid,Hongpei Zhu,EarnestEspressos,4150740
2026-07-15T04:03:42.796005,2026-07-15T04:03:42.799748+00:00,73.6,23,bid,Sze-Yong Ng,EarnestEspressos,4150742
2026-07-15T04:03:43.249890,2026-07-15T04:03:43.255902+00:00,73.6,50,bid,FlawlessFlatbreads,EarnestEspressos,4150746
2026-07-15T04:03:44.034370,2026-07-15T04:03:44.039702+00:00,73.5,30,ask,DiligentDonuts,Gourab Sharma,4150759
2026-07-15T04:03:44.509753,2026-07-15T04:03:44.520937+00:00,73.5,8,ask,DiligentDonuts,Andy Garg,4150768
2026-07-15T04:03:45.409989,2026-07-15T04:03:45.416943+00:00,73.5,50,ask,DiligentDonuts,FlawlessFlatbreads,4150789
2026-07-15T04:03:46.622074,2026-07-15T04:03:46.627755+00:00,73.5,2,ask,xingzhi Dang,Hongpei Zhu,4150810
2026-07-15T04:03:46.622074,2026-07-15T04:03:46.627755+00:00,73.5,12,ask,EarnestEspressos,Hongpei Zhu,4150811
2026-07-15T04:03:48.141203,2026-07-15T04:03:48.148544+00:00,73.5,49,ask,EarnestEspressos,CostlyCorianders,4150825
2026-07-15T04:03:49.046565,2026-07-15T04:03:49.057569+00:00,73.5,12,ask,Zhangyue Shen,CostlyCorianders,4150836
2026-07-15T04:03:49.046565,2026-07-15T04:03:49.057569+00:00,73.5,14,ask,Andre Chan,CostlyCorianders,4150837
2026-07-15T04:03:49.046565,2026-07-15T04:03:49.057569+00:00,73.4,16,ask,Gourab Sharma,CostlyCorianders,4150838
2026-07-15T04:03:49.088465,2026-07-15T04:03:49.100360+00:00,73.6,2,bid,Gourab Sharma,xingzhi Dang,4150840
2026-07-15T04:03:49.088465,2026-07-15T04:03:49.100360+00:00,73.6,28,bid,Gourab Sharma,DiligentDonuts,4150841
2026-07-15T04:03:49.607987,2026-07-15T04:03:49.619909+00:00,73.6,50,bid,FlawlessFlatbreads,DiligentDonuts,4150851
2026-07-15T04:03:51.115312,2026-07-15T04:03:51.128361+00:00,73.6,14,bid,CostlyCorianders,Andre Chan,4150877
2026-07-15T04:03:51.115312,2026-07-15T04:03:51.128361+00:00,73.7,32,bid,CostlyCorianders,EarnestEspressos,4150878
2026-07-15T04:03:51.669938,2026-07-15T04:03:51.674422+00:00,73.7,46,bid,CostlyCorianders,EarnestEspressos,4150882
2026-07-15T04:03:53.857917,2026-07-15T04:03:53.866746+00:00,73.7,12,bid,FlawlessFlatbreads,Zhangyue Shen,4150912
2026-07-15T04:03:53.857917,2026-07-15T04:03:53.866746+00:00,73.8,30,bid,FlawlessFlatbreads,Gourab Sharma,4150913
2026-07-15T04:03:53.857917,2026-07-15T04:03:53.866746+00:00,73.9,8,bid,FlawlessFlatbreads,Andy Garg,4150914
2026-07-15T04:03:54.853884,2026-07-15T04:03:54.863028+00:00,73.5,48,ask,EarnestEspressos,CostlyCorianders,4150936
2026-07-15T04:03:55.491474,2026-07-15T04:03:55.570567+00:00,73.5,30,ask,Gourab Sharma,CostlyCorianders,4150947
2026-07-15T04:03:55.491474,2026-07-15T04:03:55.570567+00:00,73.4,10,ask,Zhangyue Shen,CostlyCorianders,4150948
2026-07-15T04:03:56.031156,2026-07-15T04:03:56.034558+00:00,73.4,2,ask,Zhangyue Shen,FlawlessFlatbreads,4150959
2026-07-15T04:03:56.031156,2026-07-15T04:03:56.045418+00:00,73.4,48,ask,DiligentDonuts,FlawlessFlatbreads,4150960
2026-07-15T04:03:56.438778,2026-07-15T04:03:56.447295+00:00,73.6,2,bid,CostlyCorianders,xingzhi Dang,4150970
2026-07-15T04:03:56.438778,2026-07-15T04:03:56.447295+00:00,73.7,30,bid,CostlyCorianders,Gourab Sharma,4150971
2026-07-15T04:03:56.438778,2026-07-15T04:03:56.447295+00:00,73.7,17,bid,CostlyCorianders,EarnestEspressos,4150972
2026-07-15T04:03:57.352988,2026-07-15T04:03:57.356663+00:00,73.5,2,ask,xingzhi Dang,CostlyCorianders,4150986
2026-07-15T04:03:57.352988,2026-07-15T04:03:57.356663+00:00,73.4,40,ask,DiligentDonuts,CostlyCorianders,4150987
2026-07-15T04:03:58.140125,2026-07-15T04:03:58.145023+00:00,73.4,12,ask,DiligentDonuts,FlawlessFlatbreads,4150996
2026-07-15T04:03:59.561965,2026-07-15T04:03:59.567953+00:00,73.5,100,bid,Peter Chen,DiligentDonuts,4151009
2026-07-15T04:04:00.872822,2026-07-15T04:04:00.877995+00:00,73.6,3,ask,Andre Chan,Xuanyu Liu,4151033
2026-07-15T04:04:00.876626,2026-07-15T04:04:00.889042+00:00,73.6,7,ask,Andre Chan,Peter Chen,4151034
2026-07-15T04:04:00.876626,2026-07-15T04:04:00.889042+00:00,73.6,30,ask,Gourab Sharma,Peter Chen,4151035
2026-07-15T04:04:00.940408,2026-07-15T04:04:00.943140+00:00,73.5,10,ask,Andre Chan,Peter Chen,4151037
2026-07-15T04:04:00.940408,2026-07-15T04:04:00.953791+00:00,73.4,10,ask,Andre Chan,Peter Chen,4151038
2026-07-15T04:04:01.194081,2026-07-15T04:04:01.198691+00:00,73.5,2,bid,Xuanyu Liu,xingzhi Dang,4151042
2026-07-15T04:04:01.421613,2026-07-15T04:04:01.427114+00:00,73.6,1,bid,Xuanyu Liu,Andre Chan,4151046
2026-07-15T04:04:02.200933,2026-07-15T04:04:02.209294+00:00,73.7,29,bid,Peter Chen,Andre Chan,4151059
2026-07-15T04:04:02.254879,2026-07-15T04:04:02.263202+00:00,73.8,30,bid,Akshit Parekh,Gourab Sharma,4151062
2026-07-15T04:04:02.254879,2026-07-15T04:04:02.263202+00:00,73.8,12,bid,Akshit Parekh,Zhangyue Shen,4151063
2026-07-15T04:04:02.260168,2026-07-15T04:04:02.263202+00:00,73.8,5,bid,CostlyCorianders,Hongpei Zhu,4151064
2026-07-15T04:04:02.370195,2026-07-15T04:04:02.381123+00:00,73.7,40,ask,Andy Garg,FlawlessFlatbreads,4151067
2026-07-15T04:04:02.370195,2026-07-15T04:04:02.381123+00:00,73.7,10,ask,DiligentDonuts,FlawlessFlatbreads,4151068
2026-07-15T04:04:02.409085,2026-07-15T04:04:02.424063+00:00,73.8,1,bid,Alan Niu,Hongpei Zhu,4151071
2026-07-15T04:04:02.420840,2026-07-15T04:04:02.434914+00:00,73.8,1,bid,YUNSHEN JI,Hongpei Zhu,4151073
2026-07-15T04:04:02.429570,2026-07-15T04:04:02.434914+00:00,73.8,5,bid,Peter Chen,Hongpei Zhu,4151075
2026-07-15T04:04:02.644137,2026-07-15T04:04:02.650610+00:00,73.7,1,ask,DiligentDonuts,Alan Niu,4151078
2026-07-15T04:04:02.906438,2026-07-15T04:04:02.917940+00:00,73.8,5,bid,Andy Garg,Heero Sipayung,4151085
2026-07-15T04:04:02.906438,2026-07-15T04:04:02.917940+00:00,73.9,36,bid,CostlyCorianders,EarnestEspressos,4151086
2026-07-15T04:04:03.538591,2026-07-15T04:04:03.550682+00:00,73.7,40,ask,DiligentDonuts,Andy Garg,4151095
2026-07-15T04:04:03.809056,2026-07-15T04:04:03.819167+00:00,73.7,44,ask,DiligentDonuts,CostlyCorianders,4151098
2026-07-15T04:04:04.005121,2026-07-15T04:04:04.012532+00:00,73.9,1,bid,Andy Garg,EarnestEspressos,4151104
2026-07-15T04:04:04.325345,2026-07-15T04:04:04.336903+00:00,73.9,48,bid,CostlyCorianders,EarnestEspressos,4151106
2026-07-15T04:04:04.749819,2026-07-15T04:04:04.753558+00:00,73.9,5,bid,EarnestEspressos,Heero Sipayung,4151116
2026-07-15T04:04:04.749819,2026-07-15T04:04:04.764430+00:00,74.0,12,bid,EarnestEspressos,Zhangyue Shen,4151117
2026-07-15T04:04:04.825582,2026-07-15T04:04:04.836067+00:00,74.0,55,ask,EarnestEspressos,Gourab Sharma,4151120
2026-07-15T04:04:04.831306,2026-07-15T04:04:04.836067+00:00,74.0,3,ask,EarnestEspressos,Xuanyu Liu,4151121
2026-07-15T04:04:04.840525,2026-07-15T04:04:04.855195+00:00,74.0,27,ask,EarnestEspressos,Peter Chen,4151123
2026-07-15T04:04:04.850016,2026-07-15T04:04:04.855195+00:00,74.0,11,ask,EarnestEspressos,Xuanyu Liu,4151125
2026-07-15T04:04:04.859180,2026-07-15T04:04:04.866324+00:00,74.0,37,ask,EarnestEspressos,Andy Garg,4151126
2026-07-15T04:04:04.866385,2026-07-15T04:04:04.877410+00:00,74.0,3,bid,CostlyCorianders,Andy Garg,4151127
2026-07-15T04:04:04.951284,2026-07-15T04:04:04.953691+00:00,73.9,5,ask,Heero Sipayung,Peter Chen,4151130
2026-07-15T04:04:05.018764,2026-07-15T04:04:05.030705+00:00,73.8,11,ask,Zhangyue Shen,Andy Garg,4151135
2026-07-15T04:04:05.469746,2026-07-15T04:04:05.478796+00:00,73.6,40,ask,Andy Garg,CostlyCorianders,4151141
2026-07-15T04:04:05.469746,2026-07-15T04:04:05.478796+00:00,73.6,3,ask,Heero Sipayung,CostlyCorianders,4151142
2026-07-15T04:04:05.578621,2026-07-15T04:04:05.584788+00:00,73.7,14,bid,Xuanyu Liu,DiligentDonuts,4151144
2026-07-15T04:04:06.163375,2026-07-15T04:04:06.169373+00:00,73.7,29,bid,Peter Chen,DiligentDonuts,4151149
2026-07-15T04:04:06.178254,2026-07-15T04:04:06.190874+00:00,73.7,49,bid,Akshit Parekh,DiligentDonuts,4151152
2026-07-15T04:04:06.185916,2026-07-15T04:04:06.190874+00:00,73.7,2,bid,xingzhi Dang,DiligentDonuts,4151154
2026-07-15T04:04:06.191939,2026-07-15T04:04:06.201602+00:00,73.7,2,bid,xingzhi Dang,DiligentDonuts,4151155
2026-07-15T04:04:06.224185,2026-07-15T04:04:06.234624+00:00,73.7,4,bid,Peter Chen,DiligentDonuts,4151156
2026-07-15T04:04:07.966481,2026-07-15T04:04:07.977924+00:00,74.1,11,bid,CostlyCorianders,Zhangyue Shen,4151181
2026-07-15T04:04:07.966481,2026-07-15T04:04:07.977924+00:00,74.1,8,bid,CostlyCorianders,Hongpei Zhu,4151182
2026-07-15T04:04:07.966481,2026-07-15T04:04:07.977924+00:00,74.1,26,bid,CostlyCorianders,Andy Garg,4151183
2026-07-15T04:04:08.481975,2026-07-15T04:04:08.484941+00:00,73.8,38,bid,Sze-Yong Ng,EarnestEspressos,4151193
2026-07-15T04:04:08.491985,2026-07-15T04:04:08.507061+00:00,73.8,32,bid,Peter Chen,EarnestEspressos,4151195
2026-07-15T04:04:08.498710,2026-07-15T04:04:08.507061+00:00,73.8,63,bid,Akshit Parekh,EarnestEspressos,4151196
2026-07-15T04:04:08.512255,2026-07-15T04:04:08.518135+00:00,73.8,1,bid,Alan Niu,EarnestEspressos,4151198
2026-07-15T04:04:08.515715,2026-07-15T04:04:08.518135+00:00,73.8,16,bid,Andy Garg,EarnestEspressos,4151199
2026-07-15T04:04:10.199908,2026-07-15T04:04:10.212646+00:00,73.7,8,ask,Hongpei Zhu,CostlyCorianders,4151218
2026-07-15T04:04:10.199908,2026-07-15T04:04:10.212646+00:00,73.7,37,ask,DiligentDonuts,CostlyCorianders,4151219
2026-07-15T04:04:10.739233,2026-07-15T04:04:10.752518+00:00,74.1,10,bid,FlawlessFlatbreads,Zhangyue Shen,4151227
2026-07-15T04:04:10.739233,2026-07-15T04:04:10.752518+00:00,74.2,40,bid,FlawlessFlatbreads,Andy Garg,4151228
2026-07-15T04:04:11.146144,2026-07-15T04:04:11.156450+00:00,74.0,38,ask,EarnestEspressos,Sze-Yong Ng,4151234
2026-07-15T04:04:12.185942,2026-07-15T04:04:12.195299+00:00,74.0,46,ask,EarnestEspressos,CostlyCorianders,4151246
2026-07-15T04:04:12.848572,2026-07-15T04:04:12.859442+00:00,74.1,2,bid,FlawlessFlatbreads,xingzhi Dang,4151256
2026-07-15T04:04:12.848572,2026-07-15T04:04:12.859442+00:00,74.1,12,bid,FlawlessFlatbreads,Hongpei Zhu,4151257
2026-07-15T04:04:12.848572,2026-07-15T04:04:12.859442+00:00,74.1,36,bid,FlawlessFlatbreads,DiligentDonuts,4151258
2026-07-15T04:04:13.054390,2026-07-15T04:04:13.066735+00:00,74.1,2,bid,Dinh Nguyen,DiligentDonuts,4151264
2026-07-15T04:04:13.213915,2026-07-15T04:04:13.224451+00:00,74.1,47,bid,CostlyCorianders,DiligentDonuts,4151266
2026-07-15T04:04:14.134212,2026-07-15T04:04:14.138560+00:00,74.0,42,ask,EarnestEspressos,CostlyCorianders,4151291
2026-07-15T04:04:14.280003,2026-07-15T04:04:14.286516+00:00,74.1,2,bid,Dinh Nguyen,DiligentDonuts,4151295
2026-07-15T04:04:14.303474,2026-07-15T04:04:14.308705+00:00,74.0,2,ask,xingzhi Dang,EarnestEspressos,4151296
2026-07-15T04:04:17.084941,2026-07-15T04:04:17.094629+00:00,74.0,50,bid,FlawlessFlatbreads,EarnestEspressos,4151333
2026-07-15T04:04:17.271373,2026-07-15T04:04:17.279671+00:00,74.0,41,bid,CostlyCorianders,EarnestEspressos,4151341
2026-07-15T04:04:18.422015,2026-07-15T04:04:18.430217+00:00,74.0,10,bid,CostlyCorianders,Andre Chan,4151356
2026-07-15T04:04:18.422015,2026-07-15T04:04:18.430217+00:00,74.0,2,bid,CostlyCorianders,xingzhi Dang,4151357
2026-07-15T04:04:18.422015,2026-07-15T04:04:18.430217+00:00,74.0,12,bid,CostlyCorianders,Zhangyue Shen,4151358
2026-07-15T04:04:18.422015,2026-07-15T04:04:18.430217+00:00,74.1,10,bid,CostlyCorianders,Andre Chan,4151359
2026-07-15T04:04:18.422015,2026-07-15T04:04:18.441303+00:00,74.1,8,bid,CostlyCorianders,Hongpei Zhu,4151360
2026-07-15T04:04:18.422015,2026-07-15T04:04:18.441303+00:00,74.1,5,bid,CostlyCorianders,Heero Sipayung,4151361
2026-07-15T04:04:18.422015,2026-07-15T04:04:18.441303+00:00,74.2,2,bid,CostlyCorianders,Andre Chan,4151362
2026-07-15T04:04:19.193649,2026-07-15T04:04:19.204860+00:00,74.0,10,bid,FlawlessFlatbreads,Andre Chan,4151378
2026-07-15T04:04:19.193649,2026-07-15T04:04:19.204860+00:00,74.1,10,bid,FlawlessFlatbreads,Andre Chan,4151379
2026-07-15T04:04:19.193649,2026-07-15T04:04:19.204860+00:00,74.2,10,bid,FlawlessFlatbreads,Andre Chan,4151380
2026-07-15T04:04:19.193649,2026-07-15T04:04:19.204860+00:00,74.2,20,bid,FlawlessFlatbreads,Alan Niu,4151381
2026-07-15T04:04:19.378423,2026-07-15T04:04:19.383453+00:00,74.0,9,ask,Andre Chan,Peter Chen,4151384
2026-07-15T04:04:21.307384,2026-07-15T04:04:21.319221+00:00,74.1,8,bid,FlawlessFlatbreads,Hongpei Zhu,4151424
2026-07-15T04:04:21.307384,2026-07-15T04:04:21.319221+00:00,74.1,2,bid,FlawlessFlatbreads,xingzhi Dang,4151425
2026-07-15T04:04:21.307384,2026-07-15T04:04:21.319221+00:00,74.2,12,bid,FlawlessFlatbreads,Zhangyue Shen,4151426
2026-07-15T04:04:21.307384,2026-07-15T04:04:21.319221+00:00,74.3,28,bid,FlawlessFlatbreads,EarnestEspressos,4151427
2026-07-15T04:04:21.920854,2026-07-15T04:04:21.936251+00:00,74.1,3,ask,Andre Chan,Xuanyu Liu,4151437
2026-07-15T04:04:21.926694,2026-07-15T04:04:21.936251+00:00,74.1,40,ask,Andre Chan,Akshit Parekh,4151438
2026-07-15T04:04:22.162449,2026-07-15T04:04:22.164765+00:00,74.0,1,ask,xingzhi Dang,Alan Niu,4151442
2026-07-15T04:04:22.409622,2026-07-15T04:04:22.425953+00:00,74.1,14,bid,CostlyCorianders,Andre Chan,4151445
2026-07-15T04:04:22.949335,2026-07-15T04:04:22.956780+00:00,74.0,1,ask,xingzhi Dang,Hongpei Zhu,4151451
2026-07-15T04:04:22.949335,2026-07-15T04:04:22.956780+00:00,74.0,7,ask,DiligentDonuts,Hongpei Zhu,4151452
2026-07-15T04:04:23.502559,2026-07-15T04:04:23.512629+00:00,74.0,50,ask,DiligentDonuts,FlawlessFlatbreads,4151457
2026-07-15T04:04:24.597494,2026-07-15T04:04:24.605449+00:00,74.0,60,ask,EarnestEspressos,Peter Chen,4151475
2026-07-15T04:04:24.647047,2026-07-15T04:04:24.649375+00:00,74.0,90,ask,EarnestEspressos,Akshit Parekh,4151477
2026-07-15T04:04:25.242832,2026-07-15T04:04:25.255863+00:00,73.9,14,ask,Andre Chan,CostlyCorianders,4151488
2026-07-15T04:04:25.242832,2026-07-15T04:04:25.255863+00:00,73.8,12,ask,Zhangyue Shen,CostlyCorianders,4151489
2026-07-15T04:04:25.242832,2026-07-15T04:04:25.255863+00:00,73.7,8,ask,Hongpei Zhu,CostlyCorianders,4151490
2026-07-15T04:04:25.242832,2026-07-15T04:04:25.255863+00:00,73.7,13,ask,DiligentDonuts,CostlyCorianders,4151491
2026-07-15T04:04:25.559767,2026-07-15T04:04:25.571347+00:00,74.1,12,bid,FlawlessFlatbreads,Zhangyue Shen,4151497
2026-07-15T04:04:25.559767,2026-07-15T04:04:25.571347+00:00,74.1,38,bid,FlawlessFlatbreads,Alan Niu,4151498
2026-07-15T04:04:26.960445,2026-07-15T04:04:26.974484+00:00,73.9,2,ask,xingzhi Dang,EarnestEspressos,4151516
2026-07-15T04:04:26.960445,2026-07-15T04:04:26.974484+00:00,73.9,10,ask,Andre Chan,EarnestEspressos,4151517
2026-07-15T04:04:26.969601,2026-07-15T04:04:26.974484+00:00,73.9,3,bid,Xuanyu Liu,EarnestEspressos,4151518
2026-07-15T04:04:27.751101,2026-07-15T04:04:27.764128+00:00,73.8,12,ask,Hongpei Zhu,FlawlessFlatbreads,4151525
2026-07-15T04:04:27.751101,2026-07-15T04:04:27.764128+00:00,73.8,38,ask,Andy Garg,FlawlessFlatbreads,4151526
2026-07-15T04:04:28.568091,2026-07-15T04:04:28.578827+00:00,73.8,10,ask,Andre Chan,CostlyCorianders,4151538
2026-07-15T04:04:28.568091,2026-07-15T04:04:28.578827+00:00,73.7,10,ask,Andre Chan,CostlyCorianders,4151539
2026-07-15T04:04:28.568091,2026-07-15T04:04:28.578827+00:00,73.7,28,ask,DiligentDonuts,CostlyCorianders,4151540
2026-07-15T04:04:29.100190,2026-07-15T04:04:29.105982+00:00,73.8,12,bid,Hongpei Zhu,Andre Chan,4151545
2026-07-15T04:04:29.891346,2026-07-15T04:04:29.902682+00:00,73.7,50,ask,DiligentDonuts,FlawlessFlatbreads,4151554
2026-07-15T04:04:29.892279,2026-07-15T04:04:29.913814+00:00,73.8,18,bid,Peter Chen,Andre Chan,4151557
2026-07-15T04:04:30.051631,2026-07-15T04:04:30.057569+00:00,74.0,2,bid,Andy Garg,xingzhi Dang,4151563
2026-07-15T04:04:32.010514,2026-07-15T04:04:32.017903+00:00,73.9,2,ask,xingzhi Dang,FlawlessFlatbreads,4151587
2026-07-15T04:04:32.010514,2026-07-15T04:04:32.017903+00:00,73.8,12,ask,Zhangyue Shen,FlawlessFlatbreads,4151588
2026-07-15T04:04:32.010514,2026-07-15T04:04:32.017903+00:00,73.7,5,ask,Heero Sipayung,FlawlessFlatbreads,4151589
2026-07-15T04:04:32.010514,2026-07-15T04:04:32.017903+00:00,73.6,31,ask,DiligentDonuts,FlawlessFlatbreads,4151590
2026-07-15T04:04:33.005193,2026-07-15T04:04:33.017968+00:00,74.0,16,bid,Hongpei Zhu,EarnestEspressos,4151601
2026-07-15T04:04:34.063616,2026-07-15T04:04:34.071142+00:00,73.9,4,ask,Hongpei Zhu,DiligentDonuts,4151621
2026-07-15T04:04:34.063616,2026-07-15T04:04:34.082440+00:00,73.9,10,ask,Andre Chan,DiligentDonuts,4151622
2026-07-15T04:04:34.149124,2026-07-15T04:04:34.160115+00:00,73.8,12,ask,Zhangyue Shen,FlawlessFlatbreads,4151624
2026-07-15T04:04:34.149124,2026-07-15T04:04:34.160115+00:00,73.7,10,ask,Andre Chan,FlawlessFlatbreads,4151625
2026-07-15T04:04:34.149124,2026-07-15T04:04:34.171263+00:00,73.7,28,ask,Andy Garg,FlawlessFlatbreads,4151626
2026-07-15T04:04:36.110068,2026-07-15T04:04:36.114982+00:00,73.9,43,bid,CostlyCorianders,DiligentDonuts,4151663
2026-07-15T04:04:36.264414,2026-07-15T04:04:36.268962+00:00,73.8,10,ask,Andre Chan,FlawlessFlatbreads,4151668
2026-07-15T04:04:36.264414,2026-07-15T04:04:36.268962+00:00,73.7,12,ask,Andy Garg,FlawlessFlatbreads,4151669
2026-07-15T04:04:36.264414,2026-07-15T04:04:36.280016+00:00,73.7,10,ask,Andre Chan,FlawlessFlatbreads,4151670
2026-07-15T04:04:36.264414,2026-07-15T04:04:36.280016+00:00,73.7,18,ask,Alan Niu,FlawlessFlatbreads,4151671
2026-07-15T04:04:38.332614,2026-07-15T04:04:38.343497+00:00,73.9,2,bid,FlawlessFlatbreads,xingzhi Dang,4151708
2026-07-15T04:04:38.332614,2026-07-15T04:04:38.343497+00:00,73.9,40,bid,FlawlessFlatbreads,Andre Chan,4151709
2026-07-15T04:04:38.332614,2026-07-15T04:04:38.343497+00:00,73.9,8,bid,FlawlessFlatbreads,DiligentDonuts,4151710
2026-07-15T04:04:39.276469,2026-07-15T04:04:39.286084+00:00,73.8,2,ask,xingzhi Dang,CostlyCorianders,4151720
2026-07-15T04:04:39.276469,2026-07-15T04:04:39.286084+00:00,73.8,12,ask,Zhangyue Shen,CostlyCorianders,4151721
2026-07-15T04:04:42.630872,2026-07-15T04:04:42.634236+00:00,73.8,14,ask,Andre Chan,FlawlessFlatbreads,4151762
2026-07-15T04:04:42.630872,2026-07-15T04:04:42.646609+00:00,73.8,12,ask,Zhangyue Shen,FlawlessFlatbreads,4151763
2026-07-15T04:04:42.630872,2026-07-15T04:04:42.646609+00:00,73.8,2,ask,xingzhi Dang,FlawlessFlatbreads,4151764
2026-07-15T04:04:42.630872,2026-07-15T04:04:42.646609+00:00,73.8,8,ask,Hongpei Zhu,FlawlessFlatbreads,4151765
2026-07-15T04:04:42.630872,2026-07-15T04:04:42.646609+00:00,73.7,14,ask,Andre Chan,FlawlessFlatbreads,4151766
2026-07-15T04:04:43.693223,2026-07-15T04:04:43.700476+00:00,73.9,2,bid,CostlyCorianders,xingzhi Dang,4151780
2026-07-15T04:04:43.693223,2026-07-15T04:04:43.700476+00:00,74.0,46,bid,CostlyCorianders,EarnestEspressos,4151781
2026-07-15T04:04:44.281581,2026-07-15T04:04:44.289260+00:00,74.0,45,bid,CostlyCorianders,EarnestEspressos,4151790
2026-07-15T04:04:44.693978,2026-07-15T04:04:44.704047+00:00,74.0,50,bid,FlawlessFlatbreads,EarnestEspressos,4151796
2026-07-15T04:04:44.890093,2026-07-15T04:04:44.898041+00:00,73.8,10,ask,Andre Chan,CostlyCorianders,4151799
