timestamp,recv_time,price,volume,aggressor_side,buyer,seller,trade_id
2026-07-07T01:00:00.785175,2026-07-07T01:00:00.796382+00:00,160.1,50,bid,,,10155494
2026-07-07T01:00:00.965689,2026-07-07T01:00:00.974193+00:00,160.0,44,ask,,,10155495
2026-07-07T01:00:03.449990,2026-07-07T01:00:03.463635+00:00,159.9,46,ask,,,10155537
2026-07-07T01:00:05.571755,2026-07-07T01:00:05.583505+00:00,160.1,42,bid,,,10155562
2026-07-07T01:00:06.589073,2026-07-07T01:00:06.597469+00:00,159.9,43,ask,,,10155588
2026-07-07T01:00:08.723442,2026-07-07T01:00:08.730219+00:00,159.9,7,ask,,,10155613
2026-07-07T01:00:08.723442,2026-07-07T01:00:08.735406+00:00,159.8,35,ask,,,10155614
2026-07-07T01:00:09.247120,2026-07-07T01:00:09.258601+00:00,160.1,41,bid,,,10155628
2026-07-07T01:00:11.371885,2026-07-07T01:00:11.383508+00:00,159.9,50,ask,,,10155652
2026-07-07T01:00:12.346121,2026-07-07T01:00:12.356527+00:00,160.2,45,bid,,,10155669
2026-07-07T01:00:12.402010,2026-07-07T01:00:12.410047+00:00,159.9,41,ask,,,10155673
2026-07-07T01:00:13.426934,2026-07-07T01:00:13.438763+00:00,160.2,5,bid,,,10155692
2026-07-07T01:00:13.426934,2026-07-07T01:00:13.438763+00:00,160.2,45,bid,,,10155693
2026-07-07T01:00:15.456369,2026-07-07T01:00:15.468235+00:00,159.7,47,ask,,,10155725
2026-07-07T01:00:15.535786,2026-07-07T01:00:15.558593+00:00,160.0,50,bid,,,10155729
2026-07-07T01:00:17.478387,2026-07-07T01:00:17.490404+00:00,160.0,46,bid,,,10155757
2026-07-07T01:00:17.643580,2026-07-07T01:00:17.651646+00:00,160.2,50,bid,,,10155758
2026-07-07T01:00:18.449635,2026-07-07T01:00:18.458617+00:00,159.9,45,ask,,,10155777
2026-07-07T01:00:21.848860,2026-07-07T01:00:21.874863+00:00,160.2,41,bid,,,10155818
2026-07-07T01:00:21.956228,2026-07-07T01:00:21.957791+00:00,159.9,5,ask,,,10155823
2026-07-07T01:00:21.956228,2026-07-07T01:00:21.969392+00:00,159.9,45,ask,,,10155824
2026-07-07T01:00:24.446568,2026-07-07T01:00:24.458251+00:00,160.1,42,ask,,,10155864
2026-07-07T01:00:24.534190,2026-07-07T01:00:24.544362+00:00,160.1,11,ask,,,10155867
2026-07-07T01:00:25.016749,2026-07-07T01:00:25.024752+00:00,160.2,9,bid,,,10155880
2026-07-07T01:00:25.016749,2026-07-07T01:00:25.029985+00:00,160.3,37,bid,,,10155881
2026-07-07T01:00:25.603209,2026-07-07T01:00:25.614846+00:00,160.0,40,ask,,,10155894
2026-07-07T01:00:26.116579,2026-07-07T01:00:26.123404+00:00,160.3,50,bid,,,10155898
2026-07-07T01:00:27.650170,2026-07-07T01:00:27.661764+00:00,160.2,45,ask,,,10155924
2026-07-07T01:00:28.227222,2026-07-07T01:00:28.228697+00:00,160.3,50,bid,,,10155930
2026-07-07T01:00:29.320164,2026-07-07T01:00:29.331789+00:00,160.4,48,bid,,,10155945
2026-07-07T01:00:30.334572,2026-07-07T01:00:30.346426+00:00,160.4,2,bid,,,10155960
2026-07-07T01:00:30.334572,2026-07-07T01:00:30.346426+00:00,160.4,48,bid,,,10155961
2026-07-07T01:00:30.358624,2026-07-07T01:00:30.370167+00:00,160.4,43,bid,,,10155962
2026-07-07T01:00:32.128918,2026-07-07T01:00:32.140456+00:00,160.4,23,bid,,,10155991
2026-07-07T01:00:32.464192,2026-07-07T01:00:32.471717+00:00,160.4,36,bid,,,10155998
2026-07-07T01:00:32.519685,2026-07-07T01:00:32.531238+00:00,160.2,49,ask,,,10155999
2026-07-07T01:00:32.992911,2026-07-07T01:00:33.005042+00:00,160.2,49,ask,,,10156012
2026-07-07T01:00:33.396832,2026-07-07T01:00:33.408725+00:00,160.7,100,bid,,,10156015
2026-07-07T01:00:33.465425,2026-07-07T01:00:33.476266+00:00,160.9,49,ask,,,10156016
2026-07-07T01:00:34.867700,2026-07-07T01:00:34.879477+00:00,160.9,1,ask,,,10156042
2026-07-07T01:00:36.220406,2026-07-07T01:00:36.232432+00:00,160.8,44,bid,,,10156058
2026-07-07T01:00:36.309898,2026-07-07T01:00:36.318979+00:00,160.8,3,bid,,,10156061
2026-07-07T01:00:36.707199,2026-07-07T01:00:36.719196+00:00,160.5,50,ask,,,10156068
2026-07-07T01:00:38.792462,2026-07-07T01:00:38.800486+00:00,161.0,50,bid,,,10156102
2026-07-07T01:00:39.300330,2026-07-07T01:00:39.312328+00:00,160.5,49,ask,,,10156113
2026-07-07T01:00:40.900723,2026-07-07T01:00:40.912367+00:00,160.8,50,bid,,,10156129
2026-07-07T01:00:43.007475,2026-07-07T01:00:43.014599+00:00,160.9,50,bid,,,10156168
2026-07-07T01:00:43.447551,2026-07-07T01:00:43.458583+00:00,160.9,49,bid,,,10156173
2026-07-07T01:00:45.113193,2026-07-07T01:00:45.124897+00:00,160.9,50,bid,,,10156194
2026-07-07T01:00:45.186223,2026-07-07T01:00:45.197937+00:00,160.9,1,bid,,,10156195
2026-07-07T01:00:45.823380,2026-07-07T01:00:45.835225+00:00,160.7,41,ask,,,10156203
2026-07-07T01:00:45.926621,2026-07-07T01:00:45.936139+00:00,160.7,50,ask,,,10156204
2026-07-07T01:00:46.064865,2026-07-07T01:00:46.074356+00:00,161.1,3,ask,,,10156205
2026-07-07T01:00:47.220674,2026-07-07T01:00:47.232418+00:00,161.2,50,bid,,,10156215
2026-07-07T01:00:47.521699,2026-07-07T01:00:47.533401+00:00,161.1,100,ask,,,10156220
2026-07-07T01:00:49.328516,2026-07-07T01:00:49.340197+00:00,161.2,50,bid,,,10156249
2026-07-07T01:00:49.379060,2026-07-07T01:00:49.391179+00:00,161.2,42,bid,,,10156250
2026-07-07T01:00:51.497466,2026-07-07T01:00:51.504362+00:00,161.0,50,ask,,,10156277
2026-07-07T01:00:51.969839,2026-07-07T01:00:51.977921+00:00,161.2,47,bid,,,10156285
2026-07-07T01:00:53.604972,2026-07-07T01:00:53.617003+00:00,161.3,50,ask,,,10156310
2026-07-07T01:00:53.848644,2026-07-07T01:00:53.863625+00:00,161.3,100,ask,,,10156315
2026-07-07T01:00:55.055186,2026-07-07T01:00:55.068912+00:00,160.8,40,ask,,,10156330
2026-07-07T01:00:55.663044,2026-07-07T01:00:55.674901+00:00,161.1,50,bid,,,10156342
2026-07-07T01:00:57.800408,2026-07-07T01:00:57.812147+00:00,161.1,50,bid,,,10156367
2026-07-07T01:00:57.994194,2026-07-07T01:00:58.002834+00:00,160.9,45,ask,,,10156369
2026-07-07T01:00:58.477831,2026-07-07T01:00:58.485803+00:00,160.9,43,ask,,,10156376
2026-07-07T01:01:00.173739,2026-07-07T01:01:00.182887+00:00,161.1,100,ask,,,10156387
2026-07-07T01:01:01.091924,2026-07-07T01:01:01.098504+00:00,161.6,42,bid,,,10156397
2026-07-07T01:01:02.067841,2026-07-07T01:01:02.075992+00:00,160.9,50,ask,,,10156411
2026-07-07T01:01:03.562450,2026-07-07T01:01:03.574184+00:00,161.4,40,bid,,,10156429
2026-07-07T01:01:04.123163,2026-07-07T01:01:04.135010+00:00,161.4,50,bid,,,10156435
2026-07-07T01:01:06.198134,2026-07-07T01:01:06.210113+00:00,161.0,42,ask,,,10156464
2026-07-07T01:01:06.797766,2026-07-07T01:01:06.809417+00:00,161.2,42,bid,,,10156473
2026-07-07T01:01:08.412540,2026-07-07T01:01:08.424373+00:00,161.0,50,ask,,,10156493
2026-07-07T01:01:10.519838,2026-07-07T01:01:10.531799+00:00,161.0,50,ask,,,10156533
2026-07-07T01:01:12.573568,2026-07-07T01:01:12.585639+00:00,161.0,50,bid,,,10156569
2026-07-07T01:01:12.606104,2026-07-07T01:01:12.617716+00:00,160.8,43,ask,,,10156570
2026-07-07T01:01:14.635708,2026-07-07T01:01:14.658617+00:00,161.1,46,bid,,,10156599
2026-07-07T01:01:14.733300,2026-07-07T01:01:14.745100+00:00,160.7,50,ask,,,10156600
2026-07-07T01:01:17.676615,2026-07-07T01:01:17.688463+00:00,160.7,100,bid,,,10156642
2026-07-07T01:01:19.561216,2026-07-07T01:01:19.568820+00:00,160.9,44,ask,,,10156660
2026-07-07T01:01:20.891904,2026-07-07T01:01:20.903781+00:00,160.9,56,ask,,,10156674
2026-07-07T01:01:21.044065,2026-07-07T01:01:21.056077+00:00,160.3,50,ask,,,10156677
2026-07-07T01:01:25.205272,2026-07-07T01:01:25.216843+00:00,160.9,50,bid,,,10156728
2026-07-07T01:01:27.362198,2026-07-07T01:01:27.374150+00:00,160.7,50,ask,,,10156757
2026-07-07T01:01:29.468390,2026-07-07T01:01:29.480269+00:00,160.6,50,ask,,,10156782
2026-07-07T01:01:31.575372,2026-07-07T01:01:31.587198+00:00,160.6,50,ask,,,10156816
2026-07-07T01:01:31.825122,2026-07-07T01:01:31.835490+00:00,160.6,3,bid,,,10156823
2026-07-07T01:01:32.679171,2026-07-07T01:01:32.691153+00:00,160.6,11,bid,,,10156834
2026-07-07T01:01:33.682702,2026-07-07T01:01:33.694373+00:00,160.4,50,ask,,,10156855
2026-07-07T01:01:33.971220,2026-07-07T01:01:33.978748+00:00,160.6,12,bid,,,10156863
2026-07-07T01:01:35.789246,2026-07-07T01:01:35.800768+00:00,160.4,50,ask,,,10156890
2026-07-07T01:01:36.704947,2026-07-07T01:01:36.716487+00:00,160.4,100,ask,,,10156899
2026-07-07T01:01:36.792616,2026-07-07T01:01:36.804160+00:00,160.3,48,bid,,,10156902
2026-07-07T01:01:37.769209,2026-07-07T01:01:37.777265+00:00,160.3,2,bid,,,10156920
2026-07-07T01:01:37.900162,2026-07-07T01:01:37.908722+00:00,160.1,50,ask,,,10156923
2026-07-07T01:01:39.585884,2026-07-07T01:01:39.594348+00:00,160.4,43,bid,,,10156937
2026-07-07T01:01:39.812501,2026-07-07T01:01:39.819724+00:00,160.4,57,bid,,,10156940
2026-07-07T01:01:40.005706,2026-07-07T01:01:40.014898+00:00,160.5,50,ask,,,10156942
2026-07-07T01:01:40.550897,2026-07-07T01:01:40.563810+00:00,160.5,12,ask,,,10156948
2026-07-07T01:01:41.311268,2026-07-07T01:01:41.322817+00:00,160.5,31,ask,,,10156955
2026-07-07T01:01:42.112666,2026-07-07T01:01:42.124734+00:00,159.9,50,ask,,,10156970
2026-07-07T01:01:42.867544,2026-07-07T01:01:42.879545+00:00,159.9,41,ask,,,10156979
2026-07-07T01:01:43.065478,2026-07-07T01:01:43.073613+00:00,160.3,12,bid,,,10156985
2026-07-07T01:01:43.799754,2026-07-07T01:01:43.811593+00:00,159.9,9,ask,,,10156998
2026-07-07T01:01:44.168777,2026-07-07T01:01:44.180415+00:00,160.3,50,bid,,,10157004
2026-07-07T01:01:44.436558,2026-07-07T01:01:44.448278+00:00,160.3,43,bid,,,10157012
2026-07-07T01:01:46.276861,2026-07-07T01:01:46.288354+00:00,160.3,50,bid,,,10157037
2026-07-07T01:01:48.450421,2026-07-07T01:01:48.456954+00:00,160.2,50,ask,,,10157067
2026-07-07T01:01:52.612312,2026-07-07T01:01:52.623952+00:00,160.2,50,bid,,,10157123
2026-07-07T01:01:54.722711,2026-07-07T01:01:54.731336+00:00,160.1,50,bid,,,10157158
2026-07-07T01:01:56.831494,2026-07-07T01:01:56.843229+00:00,160.1,50,bid,,,10157192
2026-07-07T01:01:58.938323,2026-07-07T01:01:58.958604+00:00,160.4,50,bid,,,10157222
2026-07-07T01:02:01.045056,2026-07-07T01:02:01.054930+00:00,160.4,50,bid,,,10157248
2026-07-07T01:02:01.993536,2026-07-07T01:02:02.005923+00:00,160.2,23,ask,,,10157261
2026-07-07T01:02:02.352445,2026-07-07T01:02:02.363627+00:00,160.2,49,ask,,,10157264
2026-07-07T01:02:02.872080,2026-07-07T01:02:02.884068+00:00,160.2,45,ask,,,10157270
2026-07-07T01:02:03.164128,2026-07-07T01:02:03.175770+00:00,160.4,50,bid,,,10157274
2026-07-07T01:02:05.269618,2026-07-07T01:02:05.281309+00:00,160.4,50,bid,,,10157287
2026-07-07T01:02:06.946228,2026-07-07T01:02:06.958613+00:00,160.1,43,ask,,,10157305
2026-07-07T01:02:07.408985,2026-07-07T01:02:07.420621+00:00,160.4,50,bid,,,10157317
2026-07-07T01:02:08.100310,2026-07-07T01:02:08.103059+00:00,160.4,44,bid,,,10157325
2026-07-07T01:02:08.318454,2026-07-07T01:02:08.327602+00:00,160.3,3,ask,,,10157326
2026-07-07T01:02:09.568775,2026-07-07T01:02:09.573436+00:00,160.3,50,ask,,,10157336
2026-07-07T01:02:09.779843,2026-07-07T01:02:09.791498+00:00,160.3,97,ask,,,10157343
2026-07-07T01:02:11.624135,2026-07-07T01:02:11.635808+00:00,160.0,50,bid,,,10157363
2026-07-07T01:02:12.391117,2026-07-07T01:02:12.403165+00:00,160.0,45,bid,,,10157375
2026-07-07T01:02:13.649144,2026-07-07T01:02:13.658567+00:00,159.9,46,ask,,,10157397
2026-07-07T01:02:14.126769,2026-07-07T01:02:14.138702+00:00,160.0,47,bid,,,10157401
2026-07-07T01:02:17.990924,2026-07-07T01:02:17.998120+00:00,159.8,50,ask,,,10157444
2026-07-07T01:02:18.346785,2026-07-07T01:02:18.353141+00:00,160.3,47,bid,,,10157449
2026-07-07T01:02:19.398468,2026-07-07T01:02:19.410403+00:00,159.8,41,ask,,,10157467
2026-07-07T01:02:20.101187,2026-07-07T01:02:20.112784+00:00,159.8,50,ask,,,10157474
2026-07-07T01:02:20.598581,2026-07-07T01:02:20.609311+00:00,159.8,49,ask,,,10157482
2026-07-07T01:02:21.028493,2026-07-07T01:02:21.036496+00:00,159.6,3,bid,,,10157487
2026-07-07T01:02:22.211380,2026-07-07T01:02:22.219651+00:00,159.5,50,ask,,,10157507
2026-07-07T01:02:24.268204,2026-07-07T01:02:24.280036+00:00,159.5,50,bid,,,10157537
2026-07-07T01:02:26.375603,2026-07-07T01:02:26.387263+00:00,159.5,50,bid,,,10157558
2026-07-07T01:02:28.481008,2026-07-07T01:02:28.492238+00:00,159.7,50,bid,,,10157585
2026-07-07T01:02:30.639789,2026-07-07T01:02:30.658571+00:00,159.5,50,ask,,,10157626
2026-07-07T01:02:30.775449,2026-07-07T01:02:30.789066+00:00,159.9,41,bid,,,10157630
2026-07-07T01:02:32.747767,2026-07-07T01:02:32.754152+00:00,159.6,50,ask,,,10157665
2026-07-07T01:02:33.280092,2026-07-07T01:02:33.286737+00:00,159.6,49,ask,,,10157676
2026-07-07T01:02:34.855319,2026-07-07T01:02:34.867019+00:00,159.6,1,ask,,,10157691
2026-07-07T01:02:34.855319,2026-07-07T01:02:34.867019+00:00,159.3,49,ask,,,10157692
2026-07-07T01:02:35.675646,2026-07-07T01:02:35.687660+00:00,159.8,43,bid,,,10157704
2026-07-07T01:02:36.964458,2026-07-07T01:02:36.976201+00:00,159.3,50,ask,,,10157723
2026-07-07T01:02:37.773575,2026-07-07T01:02:37.785565+00:00,159.8,41,bid,,,10157731
2026-07-07T01:02:38.833689,2026-07-07T01:02:38.845310+00:00,159.8,46,bid,,,10157748
2026-07-07T01:02:39.072298,2026-07-07T01:02:39.084278+00:00,159.5,50,ask,,,10157749
2026-07-07T01:02:39.520952,2026-07-07T01:02:39.529589+00:00,159.8,11,bid,,,10157755
2026-07-07T01:02:40.281644,2026-07-07T01:02:40.293472+00:00,160.0,50,bid,,,10157772
2026-07-07T01:02:41.179286,2026-07-07T01:02:41.191084+00:00,159.8,50,ask,,,10157787
2026-07-07T01:02:43.289382,2026-07-07T01:02:43.300946+00:00,159.6,50,ask,,,10157811
2026-07-07T01:02:44.362854,2026-07-07T01:02:44.372968+00:00,159.6,41,ask,,,10157829
2026-07-07T01:02:44.967960,2026-07-07T01:02:44.979545+00:00,159.8,44,bid,,,10157847
2026-07-07T01:02:45.346292,2026-07-07T01:02:45.352659+00:00,159.8,50,bid,,,10157854
2026-07-07T01:02:46.008250,2026-07-07T01:02:46.020010+00:00,159.5,44,ask,,,10157863
2026-07-07T01:02:47.087431,2026-07-07T01:02:47.095912+00:00,159.5,43,ask,,,10157883
2026-07-07T01:02:47.461972,2026-07-07T01:02:47.470918+00:00,159.8,6,bid,,,10157898
2026-07-07T01:02:47.461972,2026-07-07T01:02:47.470918+00:00,159.9,44,bid,,,10157899
2026-07-07T01:02:49.501853,2026-07-07T01:02:49.514065+00:00,159.6,100,ask,,,10157921
2026-07-07T01:02:49.501853,2026-07-07T01:02:49.514065+00:00,159.6,50,ask,,,10157922
2026-07-07T01:02:49.572684,2026-07-07T01:02:49.579428+00:00,159.9,6,bid,,,10157924
2026-07-07T01:02:49.572684,2026-07-07T01:02:49.584666+00:00,160.1,44,bid,,,10157925
2026-07-07T01:02:51.684838,2026-07-07T01:02:51.694422+00:00,159.8,50,bid,,,10157959
2026-07-07T01:02:52.614404,2026-07-07T01:02:52.623953+00:00,159.8,50,bid,,,10157973
2026-07-07T01:02:52.614404,2026-07-07T01:02:52.623953+00:00,159.8,50,bid,,,10157974
2026-07-07T01:02:52.681819,2026-07-07T01:02:52.690374+00:00,160.0,14,ask,,,10157977
2026-07-07T01:02:52.805853,2026-07-07T01:02:52.817665+00:00,160.5,44,bid,,,10157982
2026-07-07T01:02:54.074901,2026-07-07T01:02:54.086652+00:00,160.0,36,ask,,,10158002
2026-07-07T01:02:55.918982,2026-07-07T01:02:55.930763+00:00,159.8,50,bid,,,10158038
2026-07-07T01:02:56.029657,2026-07-07T01:02:56.041551+00:00,159.5,46,ask,,,10158039
2026-07-07T01:02:57.038934,2026-07-07T01:02:57.046643+00:00,159.8,40,bid,,,10158053
2026-07-07T01:02:58.054261,2026-07-07T01:02:58.068689+00:00,159.8,50,bid,,,10158067
2026-07-07T01:02:58.149211,2026-07-07T01:02:58.163947+00:00,159.5,45,ask,,,10158068
2026-07-07T01:02:59.795568,2026-07-07T01:02:59.807526+00:00,159.8,48,ask,,,10158099
2026-07-07T01:03:00.211385,2026-07-07T01:03:00.223293+00:00,159.8,50,ask,,,10158101
2026-07-07T01:03:01.905209,2026-07-07T01:03:01.916975+00:00,159.9,49,bid,,,10158128
2026-07-07T01:03:01.931043,2026-07-07T01:03:01.942725+00:00,159.8,50,ask,,,10158129
2026-07-07T01:03:02.332370,2026-07-07T01:03:02.339262+00:00,159.4,50,ask,,,10158137
2026-07-07T01:03:03.442477,2026-07-07T01:03:03.448477+00:00,159.8,41,bid,,,10158154
2026-07-07T01:03:05.881229,2026-07-07T01:03:05.892896+00:00,160.0,42,bid,,,10158190
2026-07-07T01:03:06.519072,2026-07-07T01:03:06.526784+00:00,160.0,50,bid,,,10158199
2026-07-07T01:03:08.632628,2026-07-07T01:03:08.644241+00:00,160.0,50,bid,,,10158237
2026-07-07T01:03:10.762025,2026-07-07T01:03:10.772491+00:00,160.0,50,bid,,,10158264
2026-07-07T01:03:12.869537,2026-07-07T01:03:12.881224+00:00,160.2,50,bid,,,10158299
2026-07-07T01:03:14.981831,2026-07-07T01:03:14.990958+00:00,160.1,50,bid,,,10158330
2026-07-07T01:03:15.344815,2026-07-07T01:03:15.356269+00:00,159.6,49,ask,,,10158337
2026-07-07T01:03:17.087623,2026-07-07T01:03:17.099623+00:00,160.1,50,bid,,,10158364
2026-07-07T01:03:19.225026,2026-07-07T01:03:19.231989+00:00,160.1,50,bid,,,10158397
2026-07-07T01:03:19.562203,2026-07-07T01:03:19.574257+00:00,159.9,46,ask,,,10158400
2026-07-07T01:03:20.636805,2026-07-07T01:03:20.648585+00:00,160.4,40,bid,,,10158421
2026-07-07T01:03:21.333689,2026-07-07T01:03:21.345378+00:00,160.4,50,bid,,,10158430
2026-07-07T01:03:21.471215,2026-07-07T01:03:21.479530+00:00,160.1,3,ask,,,10158431
2026-07-07T01:03:23.381574,2026-07-07T01:03:23.393565+00:00,160.1,43,ask,,,10158457
2026-07-07T01:03:23.463669,2026-07-07T01:03:23.478779+00:00,160.5,50,bid,,,10158458
2026-07-07T01:03:25.666014,2026-07-07T01:03:25.675156+00:00,160.2,11,ask,,,10158489
2026-07-07T01:03:25.840217,2026-07-07T01:03:25.851846+00:00,160.3,47,bid,,,10158494
2026-07-07T01:03:27.673319,2026-07-07T01:03:27.684962+00:00,160.5,50,bid,,,10158518
2026-07-07T01:03:27.945105,2026-07-07T01:03:27.951521+00:00,160.2,44,ask,,,10158520
2026-07-07T01:03:28.034392,2026-07-07T01:03:28.043746+00:00,160.2,23,ask,,,10158524
2026-07-07T01:03:28.962014,2026-07-07T01:03:28.973850+00:00,160.2,42,bid,,,10158547
2026-07-07T01:03:29.781298,2026-07-07T01:03:29.787985+00:00,160.2,50,bid,,,10158553
2026-07-07T01:03:30.573134,2026-07-07T01:03:30.584740+00:00,160.2,8,bid,,,10158566
2026-07-07T01:03:32.851051,2026-07-07T01:03:32.856166+00:00,160.2,40,ask,,,10158595
2026-07-07T01:03:33.989246,2026-07-07T01:03:34.000831+00:00,160.5,50,bid,,,10158613
2026-07-07T01:03:34.037966,2026-07-07T01:03:34.049493+00:00,160.0,42,ask,,,10158614
2026-07-07T01:03:36.125985,2026-07-07T01:03:36.137517+00:00,160.3,45,ask,,,10158648
2026-07-07T01:03:36.172881,2026-07-07T01:03:36.184949+00:00,160.3,50,ask,,,10158649
2026-07-07T01:03:36.970189,2026-07-07T01:03:36.980628+00:00,160.3,5,ask,,,10158665
2026-07-07T01:03:37.651667,2026-07-07T01:03:37.654156+00:00,160.3,41,bid,,,10158670
2026-07-07T01:03:38.228258,2026-07-07T01:03:38.263661+00:00,160.3,50,bid,,,10158683
2026-07-07T01:03:40.083185,2026-07-07T01:03:40.090892+00:00,160.3,100,bid,,,10158702
2026-07-07T01:03:42.467398,2026-07-07T01:03:42.476601+00:00,160.6,50,bid,,,10158726
2026-07-07T01:03:44.574197,2026-07-07T01:03:44.581281+00:00,160.3,50,bid,,,10158751
2026-07-07T01:03:44.630888,2026-07-07T01:03:44.638237+00:00,160.3,100,bid,,,10158754
2026-07-07T01:03:45.564631,2026-07-07T01:03:45.572070+00:00,160.8,42,bid,,,10158773
2026-07-07T01:03:45.628617,2026-07-07T01:03:45.637683+00:00,159.9,34,bid,,,10158774
2026-07-07T01:03:46.406829,2026-07-07T01:03:46.413501+00:00,159.9,16,bid,,,10158790
2026-07-07T01:03:46.419774,2026-07-07T01:03:46.429166+00:00,160.6,57,ask,,,10158791
2026-07-07T01:03:46.738025,2026-07-07T01:03:46.747675+00:00,160.6,50,ask,,,10158798
2026-07-07T01:03:50.950250,2026-07-07T01:03:50.956775+00:00,160.2,50,ask,,,10158848
2026-07-07T01:03:53.057927,2026-07-07T01:03:53.069314+00:00,160.0,50,ask,,,10158869
2026-07-07T01:03:53.160520,2026-07-07T01:03:53.168970+00:00,160.2,11,bid,,,10158871
2026-07-07T01:03:55.165716,2026-07-07T01:03:55.177316+00:00,159.9,50,ask,,,10158916
2026-07-07T01:03:55.679840,2026-07-07T01:03:55.691791+00:00,159.9,43,ask,,,10158922
2026-07-07T01:03:57.272940,2026-07-07T01:03:57.282371+00:00,159.8,50,ask,,,10158953
2026-07-07T01:03:57.342857,2026-07-07T01:03:57.357890+00:00,160.3,12,bid,,,10158954
2026-07-07T01:04:00.285326,2026-07-07T01:04:00.294568+00:00,160.3,49,bid,,,10158990
2026-07-07T01:04:01.484133,2026-07-07T01:04:01.495725+00:00,159.9,50,ask,,,10159005
2026-07-07T01:04:02.842818,2026-07-07T01:04:02.851512+00:00,160.4,11,bid,,,10159017
2026-07-07T01:04:04.053512,2026-07-07T01:04:04.063203+00:00,160.4,12,bid,,,10159038
2026-07-07T01:04:04.304130,2026-07-07T01:04:04.315815+00:00,160.4,41,bid,,,10159044
2026-07-07T01:04:04.946177,2026-07-07T01:04:04.958577+00:00,160.4,41,bid,,,10159055
2026-07-07T01:04:05.696232,2026-07-07T01:04:05.708230+00:00,160.5,50,ask,,,10159060
2026-07-07T01:04:07.805424,2026-07-07T01:04:07.811254+00:00,160.5,50,ask,,,10159085
2026-07-07T01:04:08.210175,2026-07-07T01:04:08.214076+00:00,160.5,47,ask,,,10159090
2026-07-07T01:04:08.607854,2026-07-07T01:04:08.619526+00:00,160.3,40,ask,,,10159100
2026-07-07T01:04:09.295611,2026-07-07T01:04:09.307238+00:00,160.3,46,ask,,,10159105
2026-07-07T01:04:09.913355,2026-07-07T01:04:09.922629+00:00,160.0,50,ask,,,10159114
2026-07-07T01:04:10.451369,2026-07-07T01:04:10.457898+00:00,160.4,42,bid,,,10159119
2026-07-07T01:04:10.987020,2026-07-07T01:04:10.998549+00:00,160.0,45,ask,,,10159125
2026-07-07T01:04:11.526505,2026-07-07T01:04:11.537795+00:00,160.4,40,bid,,,10159133
2026-07-07T01:04:11.799563,2026-07-07T01:04:11.808215+00:00,160.0,14,bid,,,10159140
2026-07-07T01:04:12.020871,2026-07-07T01:04:12.032519+00:00,159.9,50,ask,,,10159145
2026-07-07T01:04:12.542501,2026-07-07T01:04:12.549191+00:00,159.9,45,ask,,,10159153
2026-07-07T01:04:12.613307,2026-07-07T01:04:12.621630+00:00,160.0,3,bid,,,10159156
2026-07-07T01:04:13.102658,2026-07-07T01:04:13.164555+00:00,160.0,100,bid,,,10159168
2026-07-07T01:04:14.129220,2026-07-07T01:04:14.138719+00:00,159.5,50,ask,,,10159177
2026-07-07T01:04:16.234464,2026-07-07T01:04:16.246073+00:00,159.9,50,ask,,,10159206
2026-07-07T01:04:16.303462,2026-07-07T01:04:16.315153+00:00,160.4,44,bid,,,10159207
2026-07-07T01:04:17.349008,2026-07-07T01:04:17.355426+00:00,159.9,40,ask,,,10159218
2026-07-07T01:04:18.344697,2026-07-07T01:04:18.358581+00:00,159.9,50,ask,,,10159239
2026-07-07T01:04:20.028809,2026-07-07T01:04:20.036943+00:00,160.2,49,bid,,,10159268
2026-07-07T01:04:20.406759,2026-07-07T01:04:20.418129+00:00,159.9,9,ask,,,10159278
2026-07-07T01:04:20.460066,2026-07-07T01:04:20.471774+00:00,159.9,50,ask,,,10159279
2026-07-07T01:04:21.487653,2026-07-07T01:04:21.499214+00:00,160.1,49,bid,,,10159303
2026-07-07T01:04:22.569170,2026-07-07T01:04:22.580769+00:00,159.6,50,ask,,,10159326
2026-07-07T01:04:23.227201,2026-07-07T01:04:23.218475+00:00,159.9,42,ask,,,10159338
2026-07-07T01:04:24.460830,2026-07-07T01:04:24.469337+00:00,160.0,11,bid,,,10159355
2026-07-07T01:04:24.676458,2026-07-07T01:04:24.683385+00:00,159.9,50,ask,,,10159360
2026-07-07T01:04:26.782946,2026-07-07T01:04:26.794573+00:00,159.7,50,ask,,,10159391
2026-07-07T01:04:27.275019,2026-07-07T01:04:27.286789+00:00,160.0,44,bid,,,10159401
2026-07-07T01:04:27.903701,2026-07-07T01:04:27.913739+00:00,159.8,46,ask,,,10159408
2026-07-07T01:04:28.449999,2026-07-07T01:04:28.458544+00:00,160.2,45,bid,,,10159422
2026-07-07T01:04:28.914063,2026-07-07T01:04:28.925689+00:00,159.8,50,ask,,,10159427
2026-07-07T01:04:29.641674,2026-07-07T01:04:29.653294+00:00,159.8,48,ask,,,10159434
2026-07-07T01:04:30.672349,2026-07-07T01:04:30.685204+00:00,159.8,6,ask,,,10159442
2026-07-07T01:04:30.803633,2026-07-07T01:04:30.813394+00:00,159.6,23,bid,,,10159445
2026-07-07T01:04:31.022135,2026-07-07T01:04:31.034024+00:00,159.5,50,ask,,,10159449
2026-07-07T01:04:31.184775,2026-07-07T01:04:31.196402+00:00,159.6,47,bid,,,10159451
2026-07-07T01:04:32.287875,2026-07-07T01:04:32.297472+00:00,159.6,23,bid,,,10159471
2026-07-07T01:04:34.121633,2026-07-07T01:04:34.133509+00:00,159.7,46,bid,,,10159487
2026-07-07T01:04:34.177145,2026-07-07T01:04:34.188751+00:00,159.3,48,ask,,,10159488
2026-07-07T01:04:35.242430,2026-07-07T01:04:35.263923+00:00,159.2,50,ask,,,10159498
2026-07-07T01:04:36.264044,2026-07-07T01:04:36.275640+00:00,159.6,42,bid,,,10159511
2026-07-07T01:04:37.375658,2026-07-07T01:04:37.387146+00:00,159.3,50,ask,,,10159520
2026-07-07T01:04:39.482474,2026-07-07T01:04:39.494030+00:00,159.3,50,ask,,,10159538
2026-07-07T01:04:40.021057,2026-07-07T01:04:40.030639+00:00,159.3,46,ask,,,10159546
2026-07-07T01:04:40.282964,2026-07-07T01:04:40.301991+00:00,159.2,100,ask,,,10159550
2026-07-07T01:04:40.293289,2026-07-07T01:04:40.301991+00:00,159.1,11,bid,,,10159553
2026-07-07T01:04:41.484575,2026-07-07T01:04:41.492379+00:00,159.1,12,bid,,,10159567
2026-07-07T01:04:41.539508,2026-07-07T01:04:41.548189+00:00,159.1,27,bid,,,10159569
2026-07-07T01:04:42.000425,2026-07-07T01:04:42.007752+00:00,159.4,42,bid,,,10159579
2026-07-07T01:04:43.702855,2026-07-07T01:04:43.709720+00:00,159.2,50,ask,,,10159607
2026-07-07T01:04:44.061869,2026-07-07T01:04:44.069883+00:00,159.2,12,ask,,,10159609
2026-07-07T01:04:45.809480,2026-07-07T01:04:45.821224+00:00,159.2,50,ask,,,10159631
2026-07-07T01:04:47.919243,2026-07-07T01:04:47.928532+00:00,159.0,50,ask,,,10159650
2026-07-07T01:04:49.180655,2026-07-07T01:04:49.190081+00:00,159.3,46,bid,,,10159671
2026-07-07T01:04:52.140521,2026-07-07T01:04:52.150717+00:00,159.1,50,ask,,,10159714
2026-07-07T01:04:53.284307,2026-07-07T01:04:53.292447+00:00,159.4,12,bid,,,10159737
2026-07-07T01:04:53.441644,2026-07-07T01:04:53.463989+00:00,159.2,41,ask,,,10159743
2026-07-07T01:04:53.977659,2026-07-07T01:04:53.985577+00:00,159.4,38,bid,,,10159752
2026-07-07T01:04:53.977659,2026-07-07T01:04:53.990559+00:00,159.5,5,bid,,,10159753
2026-07-07T01:04:54.275079,2026-07-07T01:04:54.284957+00:00,159.2,9,ask,,,10159759
2026-07-07T01:04:54.275079,2026-07-07T01:04:54.284957+00:00,159.2,41,ask,,,10159760
2026-07-07T01:04:56.381905,2026-07-07T01:04:56.393624+00:00,159.2,50,ask,,,10159792
2026-07-07T01:04:57.545690,2026-07-07T01:04:57.552379+00:00,159.1,43,ask,,,10159817
2026-07-07T01:04:58.436383,2026-07-07T01:04:58.445083+00:00,159.3,50,bid,,,10159835
2026-07-07T01:04:58.698704,2026-07-07T01:04:58.710475+00:00,159.1,7,ask,,,10159840
2026-07-07T01:04:58.698704,2026-07-07T01:04:58.710475+00:00,159.0,35,ask,,,10159841
2026-07-07T01:04:59.790758,2026-07-07T01:04:59.799310+00:00,159.3,11,bid,,,10159856
2026-07-07T01:05:00.542390,2026-07-07T01:05:00.553868+00:00,159.4,50,bid,,,10159878
2026-07-07T01:05:02.650165,2026-07-07T01:05:02.658565+00:00,159.5,50,bid,,,10159912
2026-07-07T01:05:04.092894,2026-07-07T01:05:04.105462+00:00,159.4,47,bid,,,10159940
2026-07-07T01:05:04.756588,2026-07-07T01:05:04.768131+00:00,159.4,50,bid,,,10159952
2026-07-07T01:05:05.212888,2026-07-07T01:05:05.224617+00:00,159.1,46,ask,,,10159959
2026-07-07T01:05:06.863929,2026-07-07T01:05:06.875443+00:00,159.3,50,bid,,,10159988
2026-07-07T01:05:06.881504,2026-07-07T01:05:06.888997+00:00,159.3,100,bid,,,10159990
2026-07-07T01:05:08.704935,2026-07-07T01:05:08.714343+00:00,159.4,23,ask,,,10160022
2026-07-07T01:05:08.970737,2026-07-07T01:05:08.982462+00:00,159.7,50,bid,,,10160033
2026-07-07T01:05:11.079214,2026-07-07T01:05:11.088171+00:00,159.5,50,bid,,,10160067
2026-07-07T01:05:13.186325,2026-07-07T01:05:13.193581+00:00,159.5,40,bid,,,10160092
2026-07-07T01:05:13.186325,2026-07-07T01:05:13.198589+00:00,159.9,10,bid,,,10160093
2026-07-07T01:05:14.693074,2026-07-07T01:05:14.704758+00:00,159.5,46,bid,,,10160121
2026-07-07T01:05:15.255751,2026-07-07T01:05:15.267386+00:00,159.4,41,ask,,,10160129
2026-07-07T01:05:15.293771,2026-07-07T01:05:15.305422+00:00,159.5,50,bid,,,10160131
2026-07-07T01:05:15.844751,2026-07-07T01:05:15.851836+00:00,159.5,4,bid,,,10160146
2026-07-07T01:05:15.844751,2026-07-07T01:05:15.856825+00:00,159.9,44,bid,,,10160147
2026-07-07T01:05:17.401220,2026-07-07T01:05:17.412710+00:00,159.9,50,bid,,,10160170
2026-07-07T01:05:18.159176,2026-07-07T01:05:18.165955+00:00,159.4,41,ask,,,10160183
2026-07-07T01:05:18.186360,2026-07-07T01:05:18.197067+00:00,159.6,11,ask,,,10160185
2026-07-07T01:05:19.508078,2026-07-07T01:05:19.514845+00:00,160.1,50,bid,,,10160201
2026-07-07T01:05:20.832415,2026-07-07T01:05:20.842038+00:00,159.6,11,ask,,,10160220
2026-07-07T01:05:21.617246,2026-07-07T01:05:21.624464+00:00,159.8,50,bid,,,10160241
2026-07-07T01:05:23.725316,2026-07-07T01:05:23.737152+00:00,159.9,50,bid,,,10160278
2026-07-07T01:05:25.835988,2026-07-07T01:05:25.847362+00:00,160.2,50,bid,,,10160315
2026-07-07T01:05:26.086807,2026-07-07T01:05:26.097369+00:00,159.7,44,ask,,,10160319
2026-07-07T01:05:27.993771,2026-07-07T01:05:28.005368+00:00,159.7,50,ask,,,10160345
2026-07-07T01:05:28.700710,2026-07-07T01:05:28.708856+00:00,159.7,12,ask,,,10160363
2026-07-07T01:05:29.129917,2026-07-07T01:05:29.141898+00:00,159.7,47,ask,,,10160373
2026-07-07T01:05:30.100066,2026-07-07T01:05:30.111707+00:00,159.7,41,ask,,,10160387
2026-07-07T01:05:31.221264,2026-07-07T01:05:31.230711+00:00,159.6,48,bid,,,10160406
2026-07-07T01:05:31.736167,2026-07-07T01:05:31.758704+00:00,159.6,40,bid,,,10160410
2026-07-07T01:05:32.154919,2026-07-07T01:05:32.158548+00:00,159.6,50,bid,,,10160423
2026-07-07T01:05:32.335642,2026-07-07T01:05:32.343546+00:00,159.5,43,ask,,,10160426
2026-07-07T01:05:34.261533,2026-07-07T01:05:34.273274+00:00,160.0,50,bid,,,10160445
2026-07-07T01:05:34.525014,2026-07-07T01:05:34.536693+00:00,160.0,41,bid,,,10160450
2026-07-07T01:05:38.477556,2026-07-07T01:05:38.490320+00:00,160.3,50,bid,,,10160516
2026-07-07T01:05:40.365076,2026-07-07T01:05:40.374609+00:00,159.9,11,ask,,,10160544
2026-07-07T01:05:40.633707,2026-07-07T01:05:40.645144+00:00,159.9,50,ask,,,10160550
2026-07-07T01:05:41.870098,2026-07-07T01:05:41.878347+00:00,159.9,12,ask,,,10160572
2026-07-07T01:05:42.690739,2026-07-07T01:05:42.702394+00:00,160.4,50,bid,,,10160589
2026-07-07T01:05:44.852765,2026-07-07T01:05:44.864253+00:00,159.9,50,ask,,,10160628
2026-07-07T01:05:46.975480,2026-07-07T01:05:46.985009+00:00,159.8,50,ask,,,10160664
2026-07-07T01:05:47.134338,2026-07-07T01:05:47.145807+00:00,159.8,45,ask,,,10160668
2026-07-07T01:05:48.285481,2026-07-07T01:05:48.293400+00:00,160.2,40,bid,,,10160688
2026-07-07T01:05:49.424767,2026-07-07T01:05:49.436193+00:00,159.8,49,ask,,,10160707
2026-07-07T01:05:50.588048,2026-07-07T01:05:50.599622+00:00,160.2,12,bid,,,10160733
2026-07-07T01:05:51.009435,2026-07-07T01:05:51.018181+00:00,160.2,11,bid,,,10160742
2026-07-07T01:05:51.134254,2026-07-07T01:05:51.158591+00:00,160.2,50,bid,,,10160744
2026-07-07T01:05:51.190317,2026-07-07T01:05:51.200578+00:00,160.2,100,bid,,,10160745
2026-07-07T01:05:53.020868,2026-07-07T01:05:53.030987+00:00,160.6,23,ask,,,10160785
2026-07-07T01:05:53.055158,2026-07-07T01:05:53.066904+00:00,160.7,41,bid,,,10160790
2026-07-07T01:05:53.295629,2026-07-07T01:05:53.302971+00:00,160.6,50,ask,,,10160793
2026-07-07T01:05:54.404178,2026-07-07T01:05:54.411686+00:00,160.6,77,ask,,,10160809
2026-07-07T01:05:55.400959,2026-07-07T01:05:55.412340+00:00,160.1,50,ask,,,10160822
2026-07-07T01:05:57.507021,2026-07-07T01:05:57.518490+00:00,159.9,50,ask,,,10160865
2026-07-07T01:05:59.080837,2026-07-07T01:05:59.110723+00:00,160.4,12,bid,,,10160889
2026-07-07T01:05:59.614939,2026-07-07T01:05:59.622813+00:00,160.0,50,ask,,,10160898
2026-07-07T01:06:00.673864,2026-07-07T01:06:00.685319+00:00,160.4,47,bid,,,10160913
2026-07-07T01:06:02.136624,2026-07-07T01:06:02.144687+00:00,160.0,46,ask,,,10160941
2026-07-07T01:06:02.773939,2026-07-07T01:06:02.785433+00:00,160.5,48,bid,,,10160957
2026-07-07T01:06:04.356075,2026-07-07T01:06:04.364503+00:00,160.1,45,ask,,,10160982
2026-07-07T01:06:05.442579,2026-07-07T01:06:05.449395+00:00,160.1,5,ask,,,10161003
2026-07-07T01:06:05.442579,2026-07-07T01:06:05.467777+00:00,160.0,38,ask,,,10161004
2026-07-07T01:06:05.459489,2026-07-07T01:06:05.467777+00:00,160.4,23,bid,,,10161006
2026-07-07T01:06:05.949027,2026-07-07T01:06:05.958609+00:00,160.2,50,ask,,,10161014
2026-07-07T01:06:07.499749,2026-07-07T01:06:07.511532+00:00,160.4,22,bid,,,10161042
2026-07-07T01:06:07.499749,2026-07-07T01:06:07.511532+00:00,160.6,18,bid,,,10161043
2026-07-07T01:06:08.054008,2026-07-07T01:06:08.065845+00:00,160.2,50,ask,,,10161052
2026-07-07T01:06:08.872335,2026-07-07T01:06:08.881543+00:00,160.2,11,bid,,,10161068
2026-07-07T01:06:09.960313,2026-07-07T01:06:09.967531+00:00,160.2,11,bid,,,10161087
2026-07-07T01:06:10.160751,2026-07-07T01:06:10.172230+00:00,160.1,50,ask,,,10161093
2026-07-07T01:06:10.173688,2026-07-07T01:06:10.182966+00:00,160.2,100,bid,,,10161094
2026-07-07T01:06:11.793175,2026-07-07T01:06:11.818897+00:00,160.2,12,bid,,,10161117
2026-07-07T01:06:12.222379,2026-07-07T01:06:12.231290+00:00,160.4,50,ask,,,10161126
2026-07-07T01:06:14.371195,2026-07-07T01:06:14.382609+00:00,160.4,50,ask,,,10161156
2026-07-07T01:06:15.719707,2026-07-07T01:06:15.731161+00:00,160.5,40,bid,,,10161170
2026-07-07T01:06:16.749960,2026-07-07T01:06:16.773843+00:00,160.4,41,ask,,,10161192
2026-07-07T01:06:18.886878,2026-07-07T01:06:18.894030+00:00,160.6,48,bid,,,10161218
2026-07-07T01:06:19.438138,2026-07-07T01:06:19.449910+00:00,160.6,43,bid,,,10161227
2026-07-07T01:06:20.634573,2026-07-07T01:06:20.646285+00:00,160.6,46,bid,,,10161236
2026-07-07T01:06:20.634573,2026-07-07T01:06:20.646285+00:00,160.7,4,bid,,,10161237
2026-07-07T01:06:22.741350,2026-07-07T01:06:22.753132+00:00,160.7,50,bid,,,10161273
2026-07-07T01:06:23.330157,2026-07-07T01:06:23.339695+00:00,160.6,12,ask,,,10161285
2026-07-07T01:06:23.497703,2026-07-07T01:06:23.509447+00:00,160.6,47,ask,,,10161289
2026-07-07T01:06:24.539930,2026-07-07T01:06:24.547919+00:00,160.6,11,ask,,,10161299
2026-07-07T01:06:24.596313,2026-07-07T01:06:24.608174+00:00,160.6,30,ask,,,10161301
2026-07-07T01:06:24.596313,2026-07-07T01:06:24.608174+00:00,160.3,11,ask,,,10161302
2026-07-07T01:06:27.032663,2026-07-07T01:06:27.044186+00:00,160.7,48,bid,,,10161340
2026-07-07T01:06:28.535521,2026-07-07T01:06:28.545302+00:00,160.6,45,ask,,,10161365
2026-07-07T01:06:29.107296,2026-07-07T01:06:29.118954+00:00,160.5,50,ask,,,10161370
2026-07-07T01:06:30.976527,2026-07-07T01:06:30.988225+00:00,160.6,44,ask,,,10161401
2026-07-07T01:06:31.161631,2026-07-07T01:06:31.174549+00:00,160.8,50,bid,,,10161403
2026-07-07T01:06:33.319344,2026-07-07T01:06:33.326736+00:00,160.6,50,ask,,,10161440
2026-07-07T01:06:35.450720,2026-07-07T01:06:35.458579+00:00,160.4,50,ask,,,10161458
2026-07-07T01:06:35.511210,2026-07-07T01:06:35.522734+00:00,160.9,49,bid,,,10161460
2026-07-07T01:06:37.322070,2026-07-07T01:06:37.332243+00:00,160.7,50,ask,,,10161489
2026-07-07T01:06:37.322070,2026-07-07T01:06:37.332243+00:00,160.6,100,ask,,,10161490
2026-07-07T01:06:37.557615,2026-07-07T01:06:37.569430+00:00,160.1,50,ask,,,10161493
2026-07-07T01:06:39.618821,2026-07-07T01:06:39.633216+00:00,160.7,11,bid,,,10161530
2026-07-07T01:06:39.675743,2026-07-07T01:06:39.684962+00:00,160.2,50,ask,,,10161536
2026-07-07T01:06:40.821133,2026-07-07T01:06:40.832922+00:00,160.7,12,bid,,,10161550
2026-07-07T01:06:41.343818,2026-07-07T01:06:41.358601+00:00,160.7,46,bid,,,10161559
2026-07-07T01:06:41.782444,2026-07-07T01:06:41.791675+00:00,160.5,50,ask,,,10161566
2026-07-07T01:06:42.373780,2026-07-07T01:06:42.383539+00:00,160.5,49,ask,,,10161572
2026-07-07T01:06:43.265320,2026-07-07T01:06:43.273546+00:00,160.8,11,bid,,,10161584
2026-07-07T01:06:43.914309,2026-07-07T01:06:43.925775+00:00,160.6,50,ask,,,10161596
2026-07-07T01:06:44.964054,2026-07-07T01:06:44.975546+00:00,161.0,12,bid,,,10161619
2026-07-07T01:06:44.964054,2026-07-07T01:06:44.975546+00:00,161.0,37,bid,,,10161620
2026-07-07T01:06:45.877069,2026-07-07T01:06:45.888871+00:00,161.0,40,bid,,,10161640
2026-07-07T01:06:45.931704,2026-07-07T01:06:45.958603+00:00,160.5,49,ask,,,10161642
2026-07-07T01:06:46.021823,2026-07-07T01:06:46.033218+00:00,160.5,50,ask,,,10161643
2026-07-07T01:06:48.076273,2026-07-07T01:06:48.087833+00:00,160.9,50,bid,,,10161675
2026-07-07T01:06:52.277724,2026-07-07T01:06:52.289224+00:00,161.1,40,bid,,,10161734
2026-07-07T01:06:52.341837,2026-07-07T01:06:52.353607+00:00,160.7,46,ask,,,10161735
2026-07-07T01:06:52.341837,2026-07-07T01:06:52.353607+00:00,160.7,4,ask,,,10161736
2026-07-07T01:06:52.762733,2026-07-07T01:06:52.774197+00:00,160.7,47,ask,,,10161740
2026-07-07T01:06:54.001954,2026-07-07T01:06:54.010952+00:00,160.7,40,ask,,,10161763
2026-07-07T01:06:57.041209,2026-07-07T01:06:57.052777+00:00,160.9,46,bid,,,10161832
2026-07-07T01:06:58.180560,2026-07-07T01:06:58.192198+00:00,160.8,40,ask,,,10161859
2026-07-07T01:06:58.180560,2026-07-07T01:06:58.192198+00:00,160.6,7,ask,,,10161860
2026-07-07T01:06:58.623115,2026-07-07T01:06:58.634764+00:00,160.9,50,bid,,,10161873
2026-07-07T01:07:00.722210,2026-07-07T01:07:00.729943+00:00,161.0,46,bid,,,10161902
2026-07-07T01:07:00.728770,2026-07-07T01:07:00.735373+00:00,161.0,4,bid,,,10161903
2026-07-07T01:07:00.728770,2026-07-07T01:07:00.740554+00:00,161.0,46,bid,,,10161904
2026-07-07T01:07:02.249729,2026-07-07T01:07:02.254433+00:00,160.6,49,ask,,,10161923
2026-07-07T01:07:03.326427,2026-07-07T01:07:03.337913+00:00,161.1,41,bid,,,10161944
2026-07-07T01:07:04.479684,2026-07-07T01:07:04.488709+00:00,160.8,49,ask,,,10161958
2026-07-07T01:07:04.991992,2026-07-07T01:07:05.003629+00:00,160.8,50,ask,,,10161965
2026-07-07T01:07:07.046229,2026-07-07T01:07:07.052530+00:00,161.1,50,bid,,,10161989
2026-07-07T01:07:08.236524,2026-07-07T01:07:08.263627+00:00,160.9,44,bid,,,10162009
2026-07-07T01:07:08.687553,2026-07-07T01:07:08.697720+00:00,160.9,6,bid,,,10162021
2026-07-07T01:07:08.851964,2026-07-07T01:07:08.863626+00:00,160.9,47,bid,,,10162026
2026-07-07T01:07:08.902444,2026-07-07T01:07:08.914069+00:00,160.9,3,bid,,,10162027
2026-07-07T01:07:09.155728,2026-07-07T01:07:09.164420+00:00,161.3,50,bid,,,10162032
2026-07-07T01:07:10.427459,2026-07-07T01:07:10.439029+00:00,161.1,44,ask,,,10162051
2026-07-07T01:07:11.046391,2026-07-07T01:07:11.053749+00:00,161.1,6,ask,,,10162060
2026-07-07T01:07:11.262341,2026-07-07T01:07:11.269002+00:00,161.5,50,bid,,,10162063
2026-07-07T01:07:13.367870,2026-07-07T01:07:13.375676+00:00,161.4,50,bid,,,10162094
2026-07-07T01:07:14.114820,2026-07-07T01:07:14.126407+00:00,161.1,45,ask,,,10162101
2026-07-07T01:07:14.761476,2026-07-07T01:07:14.768786+00:00,161.3,43,bid,,,10162112
2026-07-07T01:07:15.474107,2026-07-07T01:07:15.485672+00:00,161.3,50,bid,,,10162119
2026-07-07T01:07:16.307327,2026-07-07T01:07:16.319150+00:00,161.3,7,bid,,,10162127
2026-07-07T01:07:16.307327,2026-07-07T01:07:16.319150+00:00,161.4,34,bid,,,10162128
2026-07-07T01:07:17.579999,2026-07-07T01:07:17.589504+00:00,161.4,50,bid,,,10162143
2026-07-07T01:07:18.405905,2026-07-07T01:07:18.413861+00:00,161.4,23,ask,,,10162158
2026-07-07T01:07:19.685004,2026-07-07T01:07:19.693150+00:00,161.6,5,bid,,,10162188
2026-07-07T01:07:19.685004,2026-07-07T01:07:19.698585+00:00,161.9,45,bid,,,10162189
2026-07-07T01:07:20.227386,2026-07-07T01:07:20.235778+00:00,161.6,22,ask,,,10162195
2026-07-07T01:07:20.850943,2026-07-07T01:07:20.857278+00:00,161.6,45,ask,,,10162202
2026-07-07T01:07:21.796859,2026-07-07T01:07:21.808584+00:00,161.9,50,bid,,,10162220
2026-07-07T01:07:22.520946,2026-07-07T01:07:22.532716+00:00,161.6,33,ask,,,10162230
2026-07-07T01:07:22.520946,2026-07-07T01:07:22.532716+00:00,161.4,11,ask,,,10162231
2026-07-07T01:07:22.948187,2026-07-07T01:07:22.963795+00:00,161.4,100,ask,,,10162239
2026-07-07T01:07:23.904903,2026-07-07T01:07:23.913639+00:00,161.7,25,bid,,,10162250
2026-07-07T01:07:23.904903,2026-07-07T01:07:23.913639+00:00,161.9,25,bid,,,10162251
2026-07-07T01:07:26.019878,2026-07-07T01:07:26.029980+00:00,161.8,50,bid,,,10162272
2026-07-07T01:07:28.125369,2026-07-07T01:07:28.163927+00:00,161.9,50,bid,,,10162302
2026-07-07T01:07:30.234635,2026-07-07T01:07:30.242298+00:00,162.1,50,bid,,,10162329
2026-07-07T01:07:30.306986,2026-07-07T01:07:30.318390+00:00,161.7,48,ask,,,10162330
2026-07-07T01:07:31.047659,2026-07-07T01:07:31.056041+00:00,161.9,12,ask,,,10162345
2026-07-07T01:07:32.345176,2026-07-07T01:07:32.356558+00:00,162.4,50,bid,,,10162365
2026-07-07T01:07:32.824095,2026-07-07T01:07:32.835594+00:00,162.2,43,bid,,,10162372
2026-07-07T01:07:34.203274,2026-07-07T01:07:34.215093+00:00,162.2,57,bid,,,10162393
2026-07-07T01:07:34.272147,2026-07-07T01:07:34.280452+00:00,162.2,23,ask,,,10162394
2026-07-07T01:07:34.452652,2026-07-07T01:07:34.459045+00:00,162.7,50,bid,,,10162397
2026-07-07T01:07:34.527906,2026-07-07T01:07:34.539629+00:00,162.2,44,ask,,,10162398
2026-07-07T01:07:35.466367,2026-07-07T01:07:35.475881+00:00,162.7,41,bid,,,10162413
2026-07-07T01:07:36.566113,2026-07-07T01:07:36.574603+00:00,162.4,50,bid,,,10162427
2026-07-07T01:07:36.752656,2026-07-07T01:07:36.769545+00:00,162.4,43,bid,,,10162433
2026-07-07T01:07:38.672730,2026-07-07T01:07:38.684382+00:00,162.6,50,bid,,,10162467
2026-07-07T01:07:38.842864,2026-07-07T01:07:38.863612+00:00,162.1,43,ask,,,10162468
2026-07-07T01:07:40.779157,2026-07-07T01:07:40.790544+00:00,162.6,50,bid,,,10162499
2026-07-07T01:07:42.026898,2026-07-07T01:07:42.038613+00:00,162.7,42,bid,,,10162522
2026-07-07T01:07:42.935084,2026-07-07T01:07:42.946850+00:00,162.3,50,ask,,,10162534
2026-07-07T01:07:45.066579,2026-07-07T01:07:45.073537+00:00,162.5,50,ask,,,10162568
2026-07-07T01:07:47.330608,2026-07-07T01:07:47.337526+00:00,162.7,44,ask,,,10162595
2026-07-07T01:07:47.790516,2026-07-07T01:07:47.798773+00:00,162.7,11,ask,,,10162604
2026-07-07T01:07:50.535398,2026-07-07T01:07:50.543833+00:00,162.8,49,bid,,,10162652
2026-07-07T01:07:51.380413,2026-07-07T01:07:51.391480+00:00,162.4,50,ask,,,10162671
2026-07-07T01:07:55.539891,2026-07-07T01:07:55.558588+00:00,162.7,50,bid,,,10162715
2026-07-07T01:07:57.646476,2026-07-07T01:07:57.663686+00:00,162.7,50,bid,,,10162747
2026-07-07T01:07:59.770774,2026-07-07T01:07:59.781026+00:00,163.0,50,bid,,,10162775
2026-07-07T01:07:59.862265,2026-07-07T01:07:59.873784+00:00,162.6,43,ask,,,10162776
2026-07-07T01:08:00.439262,2026-07-07T01:08:00.450723+00:00,162.6,45,ask,,,10162782
2026-07-07T01:08:00.833656,2026-07-07T01:08:00.840405+00:00,163.1,100,bid,,,10162798
2026-07-07T01:08:01.877007,2026-07-07T01:08:01.886378+00:00,163.1,50,bid,,,10162818
2026-07-07T01:08:03.521496,2026-07-07T01:08:03.529612+00:00,163.3,3,ask,,,10162854
2026-07-07T01:08:03.983004,2026-07-07T01:08:03.994449+00:00,163.8,50,bid,,,10162862
2026-07-07T01:08:04.045904,2026-07-07T01:08:04.055578+00:00,163.3,100,ask,,,10162864
2026-07-07T01:08:05.145443,2026-07-07T01:08:05.151775+00:00,163.3,42,ask,,,10162885
2026-07-07T01:08:06.833591,2026-07-07T01:08:06.843952+00:00,163.3,49,bid,,,10162913
2026-07-07T01:08:08.194561,2026-07-07T01:08:08.200964+00:00,163.3,50,bid,,,10162932
2026-07-07T01:08:09.012660,2026-07-07T01:08:09.019594+00:00,163.4,100,bid,,,10162944
2026-07-07T01:08:09.470572,2026-07-07T01:08:09.482059+00:00,163.5,47,ask,,,10162956
2026-07-07T01:08:11.375050,2026-07-07T01:08:11.383344+00:00,163.6,3,ask,,,10162997
2026-07-07T01:08:12.226582,2026-07-07T01:08:12.235255+00:00,163.6,97,ask,,,10163013
2026-07-07T01:08:12.236431,2026-07-07T01:08:12.271897+00:00,163.2,3,bid,,,10163014
2026-07-07T01:08:12.401893,2026-07-07T01:08:12.413380+00:00,163.2,50,bid,,,10163018
2026-07-07T01:08:12.429638,2026-07-07T01:08:12.438289+00:00,164.1,45,bid,,,10163020
2026-07-07T01:08:14.560697,2026-07-07T01:08:14.568427+00:00,163.2,50,ask,,,10163046
2026-07-07T01:08:15.380780,2026-07-07T01:08:15.392220+00:00,163.4,49,ask,,,10163076
2026-07-07T01:08:16.358786,2026-07-07T01:08:16.370205+00:00,163.7,49,bid,,,10163091
2026-07-07T01:08:16.667261,2026-07-07T01:08:16.678899+00:00,163.4,50,ask,,,10163097
2026-07-07T01:08:18.774463,2026-07-07T01:08:18.782575+00:00,163.4,50,ask,,,10163128
2026-07-07T01:08:18.882837,2026-07-07T01:08:18.889357+00:00,163.4,48,ask,,,10163131
2026-07-07T01:08:20.880440,2026-07-07T01:08:20.892188+00:00,163.1,50,ask,,,10163168
2026-07-07T01:08:22.936586,2026-07-07T01:08:22.948301+00:00,163.5,50,bid,,,10163213
2026-07-07T01:08:22.940084,2026-07-07T01:08:22.948301+00:00,163.5,47,bid,,,10163214
2026-07-07T01:08:23.184077,2026-07-07T01:08:23.192461+00:00,163.5,3,bid,,,10163220
2026-07-07T01:08:24.484116,2026-07-07T01:08:24.491754+00:00,163.5,11,bid,,,10163245
2026-07-07T01:08:24.827023,2026-07-07T01:08:24.838655+00:00,163.8,100,bid,,,10163250
2026-07-07T01:08:24.892431,2026-07-07T01:08:24.900716+00:00,163.8,11,ask,,,10163252
2026-07-07T01:08:25.043532,2026-07-07T01:08:25.063640+00:00,164.3,50,bid,,,10163255
2026-07-07T01:08:25.612531,2026-07-07T01:08:25.620990+00:00,163.8,3,ask,,,10163272
2026-07-07T01:08:29.130231,2026-07-07T01:08:29.138176+00:00,164.0,43,bid,,,10163328
2026-07-07T01:08:29.634367,2026-07-07T01:08:29.644295+00:00,163.9,46,ask,,,10163335
2026-07-07T01:08:30.266439,2026-07-07T01:08:30.273690+00:00,163.9,48,ask,,,10163348
2026-07-07T01:08:31.421846,2026-07-07T01:08:31.430208+00:00,163.9,6,ask,,,10163369
2026-07-07T01:08:31.421846,2026-07-07T01:08:31.435219+00:00,163.8,44,ask,,,10163370
2026-07-07T01:08:32.884541,2026-07-07T01:08:32.895995+00:00,164.2,44,bid,,,10163399
2026-07-07T01:08:33.487505,2026-07-07T01:08:33.499064+00:00,164.2,50,bid,,,10163406
2026-07-07T01:08:35.594613,2026-07-07T01:08:35.604468+00:00,164.3,50,bid,,,10163437
2026-07-07T01:08:37.753629,2026-07-07T01:08:37.764073+00:00,164.0,50,ask,,,10163481
2026-07-07T01:08:39.082637,2026-07-07T01:08:39.094306+00:00,164.5,41,bid,,,10163499
2026-07-07T01:08:41.232921,2026-07-07T01:08:41.244354+00:00,164.3,40,ask,,,10163544
2026-07-07T01:08:41.973902,2026-07-07T01:08:41.981554+00:00,164.3,50,ask,,,10163559
2026-07-07T01:08:42.243304,2026-07-07T01:08:42.258583+00:00,164.3,43,ask,,,10163564
2026-07-07T01:08:42.565073,2026-07-07T01:08:42.573454+00:00,164.3,3,ask,,,10163570
2026-07-07T01:08:43.870032,2026-07-07T01:08:43.879201+00:00,164.2,3,bid,,,10163598
2026-07-07T01:08:45.449316,2026-07-07T01:08:45.456416+00:00,164.2,44,bid,,,10163620
2026-07-07T01:08:46.157499,2026-07-07T01:08:46.169041+00:00,164.2,50,bid,,,10163626
2026-07-07T01:08:46.470007,2026-07-07T01:08:46.481339+00:00,164.0,40,ask,,,10163631
2026-07-07T01:08:46.976382,2026-07-07T01:08:46.986832+00:00,164.5,40,bid,,,10163637
2026-07-07T01:08:47.550340,2026-07-07T01:08:47.563729+00:00,164.0,48,ask,,,10163647
2026-07-07T01:08:48.559635,2026-07-07T01:08:48.571085+00:00,164.2,46,bid,,,10163655
2026-07-07T01:08:50.421775,2026-07-07T01:08:50.433196+00:00,163.8,50,ask,,,10163683
2026-07-07T01:08:51.161131,2026-07-07T01:08:51.169557+00:00,164.2,44,bid,,,10163698
2026-07-07T01:08:52.532355,2026-07-07T01:08:52.538468+00:00,163.9,50,ask,,,10163714
2026-07-07T01:08:54.663740,2026-07-07T01:08:54.674802+00:00,163.8,50,ask,,,10163759
2026-07-07T01:08:54.834121,2026-07-07T01:08:54.858612+00:00,164.2,47,bid,,,10163762
2026-07-07T01:08:54.888746,2026-07-07T01:08:54.900352+00:00,163.8,40,ask,,,10163763
2026-07-07T01:08:55.975143,2026-07-07T01:08:55.984373+00:00,164.2,44,bid,,,10163776
2026-07-07T01:08:56.719002,2026-07-07T01:08:56.731297+00:00,164.3,50,bid,,,10163788
2026-07-07T01:08:57.794723,2026-07-07T01:08:57.803732+00:00,164.1,100,ask,,,10163798
2026-07-07T01:08:58.880747,2026-07-07T01:08:58.890800+00:00,164.1,50,ask,,,10163818
2026-07-07T01:09:00.902269,2026-07-07T01:09:00.913962+00:00,163.6,100,bid,,,10163850
2026-07-07T01:09:00.987214,2026-07-07T01:09:00.998744+00:00,163.4,50,ask,,,10163853
2026-07-07T01:09:02.787071,2026-07-07T01:09:02.799360+00:00,163.6,50,bid,,,10163876
2026-07-07T01:09:03.094364,2026-07-07T01:09:03.163793+00:00,163.6,50,ask,,,10163880
2026-07-07T01:09:03.153655,2026-07-07T01:09:03.163793+00:00,163.6,41,ask,,,10163884
2026-07-07T01:09:04.079166,2026-07-07T01:09:04.090952+00:00,163.6,9,ask,,,10163902
2026-07-07T01:09:04.079166,2026-07-07T01:09:04.090952+00:00,163.5,39,ask,,,10163903
2026-07-07T01:09:05.202941,2026-07-07T01:09:05.210391+00:00,163.5,50,ask,,,10163916
2026-07-07T01:09:06.006501,2026-07-07T01:09:06.018236+00:00,163.5,11,ask,,,10163925
2026-07-07T01:09:06.019525,2026-07-07T01:09:06.028918+00:00,163.5,14,bid,,,10163926
2026-07-07T01:09:07.201514,2026-07-07T01:09:07.208340+00:00,163.5,49,bid,,,10163957
2026-07-07T01:09:07.312368,2026-07-07T01:09:07.319385+00:00,163.1,50,ask,,,10163961
2026-07-07T01:09:08.276621,2026-07-07T01:09:08.288311+00:00,163.1,43,ask,,,10163990
2026-07-07T01:09:08.913371,2026-07-07T01:09:08.924944+00:00,163.5,46,bid,,,10163998
2026-07-07T01:09:09.420235,2026-07-07T01:09:09.430613+00:00,163.4,50,ask,,,10164013
2026-07-07T01:09:10.114555,2026-07-07T01:09:10.126021+00:00,163.6,40,bid,,,10164020
2026-07-07T01:09:10.168814,2026-07-07T01:09:10.178600+00:00,163.4,41,ask,,,10164021
2026-07-07T01:09:10.451279,2026-07-07T01:09:10.463698+00:00,163.4,59,ask,,,10164030
2026-07-07T01:09:11.475988,2026-07-07T01:09:11.487470+00:00,163.4,41,bid,,,10164046
2026-07-07T01:09:11.707321,2026-07-07T01:09:11.715237+00:00,162.9,42,ask,,,10164049
2026-07-07T01:09:12.847867,2026-07-07T01:09:12.855464+00:00,163.3,12,bid,,,10164060
2026-07-07T01:09:13.558415,2026-07-07T01:09:13.569992+00:00,163.3,30,bid,,,10164079
2026-07-07T01:09:13.558415,2026-07-07T01:09:13.569992+00:00,163.3,70,bid,,,10164080
2026-07-07T01:09:13.634095,2026-07-07T01:09:13.658559+00:00,162.9,8,ask,,,10164084
2026-07-07T01:09:13.634095,2026-07-07T01:09:13.658559+00:00,162.8,42,ask,,,10164085
2026-07-07T01:09:14.727337,2026-07-07T01:09:14.739212+00:00,163.3,47,bid,,,10164100
2026-07-07T01:09:15.735742,2026-07-07T01:09:15.745661+00:00,163.6,42,bid,,,10164116
2026-07-07T01:09:15.741567,2026-07-07T01:09:15.750916+00:00,163.1,50,ask,,,10164117
2026-07-07T01:09:17.847600,2026-07-07T01:09:17.858549+00:00,163.1,50,ask,,,10164149
2026-07-07T01:09:17.873427,2026-07-07T01:09:17.884816+00:00,163.1,43,ask,,,10164151
2026-07-07T01:09:18.676882,2026-07-07T01:09:18.685521+00:00,163.1,11,bid,,,10164165
2026-07-07T01:09:19.367182,2026-07-07T01:09:19.378881+00:00,162.9,48,ask,,,10164172
2026-07-07T01:09:19.955706,2026-07-07T01:09:19.967502+00:00,162.9,2,ask,,,10164190
2026-07-07T01:09:19.955706,2026-07-07T01:09:19.967502+00:00,162.6,48,ask,,,10164191
2026-07-07T01:09:20.212803,2026-07-07T01:09:20.220732+00:00,163.0,12,bid,,,10164194
2026-07-07T01:09:20.853578,2026-07-07T01:09:20.861366+00:00,163.0,38,bid,,,10164204
2026-07-07T01:09:20.853578,2026-07-07T01:09:20.866344+00:00,163.1,6,bid,,,10164205
2026-07-07T01:09:24.117606,2026-07-07T01:09:24.129401+00:00,163.0,50,bid,,,10164257
2026-07-07T01:09:26.275129,2026-07-07T01:09:26.286736+00:00,162.8,50,ask,,,10164298
2026-07-07T01:09:26.560008,2026-07-07T01:09:26.571894+00:00,163.2,49,bid,,,10164301
2026-07-07T01:09:28.141707,2026-07-07T01:09:28.164131+00:00,163.0,43,ask,,,10164322
2026-07-07T01:09:28.384993,2026-07-07T01:09:28.395455+00:00,163.0,50,ask,,,10164325
2026-07-07T01:09:29.585951,2026-07-07T01:09:29.597391+00:00,163.3,41,bid,,,10164343
2026-07-07T01:09:30.439528,2026-07-07T01:09:30.451002+00:00,163.3,50,bid,,,10164354
2026-07-07T01:09:31.331610,2026-07-07T01:09:31.341274+00:00,163.1,50,ask,,,10164370
2026-07-07T01:09:31.717157,2026-07-07T01:09:31.734250+00:00,162.8,43,ask,,,10164383
2026-07-07T01:09:32.183513,2026-07-07T01:09:32.191429+00:00,163.1,22,bid,,,10164392
2026-07-07T01:09:32.525316,2026-07-07T01:09:32.536772+00:00,163.1,78,bid,,,10164394
2026-07-07T01:09:32.547067,2026-07-07T01:09:32.563820+00:00,163.5,50,bid,,,10164395
2026-07-07T01:09:34.459627,2026-07-07T01:09:34.469761+00:00,163.6,22,ask,,,10164425
2026-07-07T01:09:34.652935,2026-07-07T01:09:34.664977+00:00,163.7,50,bid,,,10164429
2026-07-07T01:09:34.790713,2026-07-07T01:09:34.799333+00:00,163.6,46,ask,,,10164431
2026-07-07T01:09:35.878802,2026-07-07T01:09:35.891800+00:00,163.8,44,bid,,,10164447
2026-07-07T01:09:36.811603,2026-07-07T01:09:36.823158+00:00,163.6,50,ask,,,10164467
2026-07-07T01:09:38.866844,2026-07-07T01:09:38.878377+00:00,163.7,50,bid,,,10164507
2026-07-07T01:09:39.338301,2026-07-07T01:09:39.347089+00:00,163.7,44,bid,,,10164513
2026-07-07T01:09:39.392702,2026-07-07T01:09:39.399977+00:00,163.5,44,ask,,,10164516
2026-07-07T01:09:40.972144,2026-07-07T01:09:40.983957+00:00,163.7,50,bid,,,10164544
2026-07-07T01:09:42.055509,2026-07-07T01:09:42.066980+00:00,164.1,42,bid,,,10164562
2026-07-07T01:09:43.081853,2026-07-07T01:09:43.089940+00:00,164.0,50,bid,,,10164584
2026-07-07T01:09:45.193513,2026-07-07T01:09:45.204356+00:00,164.2,50,bid,,,10164620
2026-07-07T01:09:46.753452,2026-07-07T01:09:46.761558+00:00,163.7,12,ask,,,10164647
2026-07-07T01:09:47.128387,2026-07-07T01:09:47.135916+00:00,163.8,11,ask,,,10164655
2026-07-07T01:09:47.300527,2026-07-07T01:09:47.308178+00:00,164.1,50,bid,,,10164659
2026-07-07T01:09:49.464038,2026-07-07T01:09:49.473630+00:00,163.8,50,ask,,,10164696
2026-07-07T01:09:50.204839,2026-07-07T01:09:50.212665+00:00,163.8,40,ask,,,10164705
2026-07-07T01:09:51.493047,2026-07-07T01:09:51.504698+00:00,164.0,100,bid,,,10164729
2026-07-07T01:09:51.681845,2026-07-07T01:09:51.693510+00:00,164.0,49,bid,,,10164731
2026-07-07T01:09:53.477254,2026-07-07T01:09:53.485507+00:00,164.2,23,ask,,,10164766
2026-07-07T01:09:53.621317,2026-07-07T01:09:53.633060+00:00,164.5,50,bid,,,10164769
2026-07-07T01:09:53.717210,2026-07-07T01:09:53.725384+00:00,164.2,3,ask,,,10164774
2026-07-07T01:09:53.858370,2026-07-07T01:09:53.869767+00:00,164.2,46,ask,,,10164776
2026-07-07T01:09:54.486650,2026-07-07T01:09:54.498092+00:00,164.2,47,ask,,,10164785
2026-07-07T01:09:54.709596,2026-07-07T01:09:54.721284+00:00,164.2,31,ask,,,10164796
2026-07-07T01:09:55.728420,2026-07-07T01:09:55.740259+00:00,164.2,50,bid,,,10164809
2026-07-07T01:09:55.810578,2026-07-07T01:09:55.855154+00:00,164.2,3,bid,,,10164810
2026-07-07T01:09:55.986051,2026-07-07T01:09:55.997298+00:00,164.2,16,bid,,,10164815
2026-07-07T01:09:55.986051,2026-07-07T01:09:55.997298+00:00,164.7,25,bid,,,10164816
2026-07-07T01:09:57.817844,2026-07-07T01:09:57.825013+00:00,164.3,100,bid,,,10164844
2026-07-07T01:09:57.868817,2026-07-07T01:09:57.879512+00:00,164.3,50,bid,,,10164845
2026-07-07T01:09:59.798006,2026-07-07T01:09:59.807822+00:00,164.5,3,ask,,,10164877
2026-07-07T01:10:01.055681,2026-07-07T01:10:01.058553+00:00,164.5,100,ask,,,10164892
2026-07-07T01:10:01.112877,2026-07-07T01:10:01.120866+00:00,164.5,46,ask,,,10164894
2026-07-07T01:10:02.130357,2026-07-07T01:10:02.139533+00:00,164.5,1,ask,,,10164909
2026-07-07T01:10:02.624652,2026-07-07T01:10:02.636167+00:00,165.0,44,bid,,,10164917
2026-07-07T01:10:04.254455,2026-07-07T01:10:04.269119+00:00,164.4,50,ask,,,10164938
2026-07-07T01:10:07.223274,2026-07-07T01:10:07.234899+00:00,164.4,41,ask,,,10164990
2026-07-07T01:10:08.466429,2026-07-07T01:10:08.476181+00:00,164.4,50,ask,,,10165014
2026-07-07T01:10:09.297559,2026-07-07T01:10:09.309174+00:00,164.9,45,bid,,,10165028
2026-07-07T01:10:09.441608,2026-07-07T01:10:09.451061+00:00,164.8,14,bid,,,10165035
2026-07-07T01:10:10.399908,2026-07-07T01:10:10.410120+00:00,164.4,47,ask,,,10165048
2026-07-07T01:10:10.520889,2026-07-07T01:10:10.527766+00:00,164.8,50,bid,,,10165052
2026-07-07T01:10:12.060160,2026-07-07T01:10:12.067870+00:00,164.8,12,bid,,,10165082
2026-07-07T01:10:12.446929,2026-07-07T01:10:12.458464+00:00,164.8,49,bid,,,10165086
2026-07-07T01:10:12.627304,2026-07-07T01:10:12.638901+00:00,165.2,50,bid,,,10165087
2026-07-07T01:10:14.695821,2026-07-07T01:10:14.704050+00:00,165.0,12,ask,,,10165132
2026-07-07T01:10:14.785251,2026-07-07T01:10:14.796861+00:00,165.0,50,ask,,,10165134
2026-07-07T01:10:15.660884,2026-07-07T01:10:15.672296+00:00,165.0,100,ask,,,10165144
2026-07-07T01:10:16.092967,2026-07-07T01:10:16.104567+00:00,165.0,41,bid,,,10165148
2026-07-07T01:10:16.847076,2026-07-07T01:10:16.839576+00:00,165.0,9,bid,,,10165166
2026-07-07T01:10:18.491984,2026-07-07T01:10:18.503808+00:00,164.7,41,ask,,,10165200
2026-07-07T01:10:18.771198,2026-07-07T01:10:18.777661+00:00,165.2,100,bid,,,10165203
2026-07-07T01:10:18.953766,2026-07-07T01:10:18.965372+00:00,165.7,50,bid,,,10165206
2026-07-07T01:10:18.963532,2026-07-07T01:10:18.970552+00:00,165.2,45,ask,,,10165207
2026-07-07T01:10:21.111918,2026-07-07T01:10:21.122318+00:00,165.2,5,ask,,,10165248
2026-07-07T01:10:23.168387,2026-07-07T01:10:23.180078+00:00,165.3,50,bid,,,10165272
2026-07-07T01:10:24.889779,2026-07-07T01:10:24.901243+00:00,165.3,46,bid,,,10165290
2026-07-07T01:10:25.186178,2026-07-07T01:10:25.194089+00:00,165.0,11,ask,,,10165298
2026-07-07T01:10:25.325788,2026-07-07T01:10:25.337199+00:00,165.0,50,ask,,,10165300
2026-07-07T01:10:26.046640,2026-07-07T01:10:26.058616+00:00,165.0,41,ask,,,10165308
2026-07-07T01:10:27.435815,2026-07-07T01:10:27.443768+00:00,165.0,48,ask,,,10165335
2026-07-07T01:10:27.435815,2026-07-07T01:10:27.448758+00:00,164.8,2,ask,,,10165336
2026-07-07T01:10:28.312158,2026-07-07T01:10:28.321165+00:00,164.9,11,bid,,,10165354
2026-07-07T01:10:29.206767,2026-07-07T01:10:29.213993+00:00,164.9,49,bid,,,10165371
2026-07-07T01:10:29.478211,2026-07-07T01:10:29.489789+00:00,164.9,90,bid,,,10165376
2026-07-07T01:10:29.542969,2026-07-07T01:10:29.554633+00:00,164.9,10,ask,,,10165377
2026-07-07T01:10:29.542969,2026-07-07T01:10:29.554633+00:00,164.8,40,ask,,,10165378
2026-07-07T01:10:31.650953,2026-07-07T01:10:31.657307+00:00,165.2,50,ask,,,10165402
2026-07-07T01:10:31.721424,2026-07-07T01:10:31.732907+00:00,165.2,5,ask,,,10165405
2026-07-07T01:10:31.737345,2026-07-07T01:10:31.748357+00:00,165.2,43,ask,,,10165407
2026-07-07T01:10:35.556440,2026-07-07T01:10:35.563699+00:00,165.3,47,bid,,,10165462
2026-07-07T01:10:35.810067,2026-07-07T01:10:35.821769+00:00,165.3,37,bid,,,10165470
2026-07-07T01:10:35.810067,2026-07-07T01:10:35.821769+00:00,165.6,13,bid,,,10165471
2026-07-07T01:10:37.078052,2026-07-07T01:10:37.089483+00:00,165.6,45,bid,,,10165491
2026-07-07T01:10:37.916934,2026-07-07T01:10:37.928663+00:00,165.6,50,bid,,,10165499
2026-07-07T01:10:38.137465,2026-07-07T01:10:38.168732+00:00,165.4,47,ask,,,10165501
2026-07-07T01:10:39.065084,2026-07-07T01:10:39.076560+00:00,165.4,43,ask,,,10165518
2026-07-07T01:10:39.634474,2026-07-07T01:10:39.646112+00:00,165.8,43,bid,,,10165527
2026-07-07T01:10:40.025583,2026-07-07T01:10:40.033373+00:00,165.8,50,bid,,,10165530
2026-07-07T01:10:40.777327,2026-07-07T01:10:40.788860+00:00,165.8,7,bid,,,10165539
2026-07-07T01:10:40.777327,2026-07-07T01:10:40.788860+00:00,165.9,41,bid,,,10165540
2026-07-07T01:10:42.132251,2026-07-07T01:10:42.143879+00:00,165.8,50,bid,,,10165558
2026-07-07T01:10:42.136869,2026-07-07T01:10:42.143879+00:00,165.8,100,bid,,,10165559
2026-07-07T01:10:44.072574,2026-07-07T01:10:44.082965+00:00,165.9,14,ask,,,10165583
2026-07-07T01:10:44.239878,2026-07-07T01:10:44.248500+00:00,166.3,50,bid,,,10165587
2026-07-07T01:10:46.400404,2026-07-07T01:10:46.411913+00:00,165.9,50,ask,,,10165623
2026-07-07T01:10:47.657361,2026-07-07T01:10:47.668714+00:00,165.8,41,ask,,,10165639
2026-07-07T01:10:48.193194,2026-07-07T01:10:48.204566+00:00,166.0,45,bid,,,10165657
2026-07-07T01:10:48.507790,2026-07-07T01:10:48.517605+00:00,165.8,50,ask,,,10165660
2026-07-07T01:10:50.613765,2026-07-07T01:10:50.625508+00:00,165.6,50,ask,,,10165701
2026-07-07T01:10:51.622685,2026-07-07T01:10:51.630652+00:00,165.2,40,ask,,,10165717
2026-07-07T01:10:52.642272,2026-07-07T01:10:52.658744+00:00,165.6,47,ask,,,10165727
2026-07-07T01:10:52.742272,2026-07-07T01:10:52.758582+00:00,165.6,50,ask,,,10165731
2026-07-07T01:10:53.216475,2026-07-07T01:10:53.263640+00:00,165.7,43,bid,,,10165735
2026-07-07T01:10:53.840609,2026-07-07T01:10:53.852513+00:00,165.6,3,ask,,,10165739
2026-07-07T01:10:53.840609,2026-07-07T01:10:53.852513+00:00,165.4,45,ask,,,10165740
2026-07-07T01:10:54.852300,2026-07-07T01:10:54.863752+00:00,165.4,50,ask,,,10165751
2026-07-07T01:10:56.981076,2026-07-07T01:10:56.995405+00:00,165.2,10,ask,,,10165794
2026-07-07T01:10:56.981076,2026-07-07T01:10:56.995405+00:00,165.1,40,ask,,,10165795
2026-07-07T01:10:58.037846,2026-07-07T01:10:58.045819+00:00,165.4,3,bid,,,10165814
2026-07-07T01:10:59.089006,2026-07-07T01:10:59.100611+00:00,165.0,50,ask,,,10165829
2026-07-07T01:10:59.689798,2026-07-07T01:10:59.700628+00:00,165.4,41,bid,,,10165835
2026-07-07T01:10:59.959481,2026-07-07T01:10:59.968139+00:00,165.1,23,bid,,,10165843
2026-07-07T01:11:01.198689,2026-07-07T01:11:01.211841+00:00,165.0,50,ask,,,10165859
2026-07-07T01:11:01.883103,2026-07-07T01:11:01.890909+00:00,165.1,11,bid,,,10165869
2026-07-07T01:11:03.304466,2026-07-07T01:11:03.313772+00:00,164.9,50,ask,,,10165896
2026-07-07T01:11:05.410474,2026-07-07T01:11:05.421522+00:00,164.9,50,ask,,,10165933
2026-07-07T01:11:05.718711,2026-07-07T01:11:05.729030+00:00,165.1,45,bid,,,10165936
2026-07-07T01:11:06.268771,2026-07-07T01:11:06.277360+00:00,164.8,50,ask,,,10165950
2026-07-07T01:11:06.343938,2026-07-07T01:11:06.355408+00:00,164.7,46,bid,,,10165952
2026-07-07T01:11:07.010812,2026-07-07T01:11:07.017749+00:00,164.6,45,ask,,,10165967
2026-07-07T01:11:07.516420,2026-07-07T01:11:07.528076+00:00,164.5,50,ask,,,10165976
2026-07-07T01:11:08.439220,2026-07-07T01:11:08.455746+00:00,164.7,12,bid,,,10165984
2026-07-07T01:11:09.632604,2026-07-07T01:11:09.644082+00:00,164.6,50,ask,,,10166021
2026-07-07T01:11:09.735573,2026-07-07T01:11:09.743801+00:00,164.6,48,ask,,,10166026
2026-07-07T01:11:11.480317,2026-07-07T01:11:11.488573+00:00,164.7,11,bid,,,10166053
2026-07-07T01:11:11.691296,2026-07-07T01:11:11.698305+00:00,164.7,39,bid,,,10166060
2026-07-07T01:11:11.691296,2026-07-07T01:11:11.703597+00:00,165.0,11,bid,,,10166061
2026-07-07T01:11:13.166010,2026-07-07T01:11:13.177466+00:00,165.0,41,bid,,,10166088
2026-07-07T01:11:13.798988,2026-07-07T01:11:13.806413+00:00,165.0,50,bid,,,10166100
2026-07-07T01:11:15.096170,2026-07-07T01:11:15.109197+00:00,165.0,42,bid,,,10166118
2026-07-07T01:11:15.657276,2026-07-07T01:11:15.657673+00:00,165.0,40,bid,,,10166121
2026-07-07T01:11:15.955899,2026-07-07T01:11:15.967595+00:00,164.9,50,ask,,,10166129
2026-07-07T01:11:17.559889,2026-07-07T01:11:17.568947+00:00,164.9,11,ask,,,10166156
2026-07-07T01:11:17.569048,2026-07-07T01:11:17.584457+00:00,164.9,41,ask,,,10166158
2026-07-07T01:11:18.063989,2026-07-07T01:11:18.074369+00:00,164.9,50,ask,,,10166172
2026-07-07T01:11:18.911248,2026-07-07T01:11:18.920609+00:00,164.9,50,ask,,,10166186
2026-07-07T01:11:20.170056,2026-07-07T01:11:20.181447+00:00,164.7,50,ask,,,10166209
2026-07-07T01:11:21.458852,2026-07-07T01:11:21.470493+00:00,164.6,45,ask,,,10166236
2026-07-07T01:11:22.226474,2026-07-07T01:11:22.238175+00:00,165.0,10,bid,,,10166242
2026-07-07T01:11:22.226474,2026-07-07T01:11:22.238175+00:00,165.1,40,bid,,,10166243
2026-07-07T01:11:22.533753,2026-07-07T01:11:22.545596+00:00,164.7,42,ask,,,10166245
2026-07-07T01:11:24.386231,2026-07-07T01:11:24.393802+00:00,164.7,50,ask,,,10166284
2026-07-07T01:11:25.234793,2026-07-07T01:11:25.255375+00:00,164.7,100,ask,,,10166292
2026-07-07T01:11:25.248170,2026-07-07T01:11:25.255375+00:00,164.7,11,bid,,,10166294
2026-07-07T01:11:25.485859,2026-07-07T01:11:25.497589+00:00,164.7,39,bid,,,10166299
2026-07-07T01:11:25.485859,2026-07-07T01:11:25.497589+00:00,165.0,4,bid,,,10166300
2026-07-07T01:11:26.521949,2026-07-07T01:11:26.530956+00:00,164.6,20,ask,,,10166315
2026-07-07T01:11:26.521949,2026-07-07T01:11:26.536299+00:00,164.2,30,ask,,,10166316
2026-07-07T01:11:28.342753,2026-07-07T01:11:28.363895+00:00,164.7,100,bid,,,10166349
2026-07-07T01:11:28.638885,2026-07-07T01:11:28.664037+00:00,164.8,50,ask,,,10166350
2026-07-07T01:11:30.751962,2026-07-07T01:11:30.758696+00:00,164.5,50,ask,,,10166389
2026-07-07T01:11:32.516702,2026-07-07T01:11:32.524904+00:00,164.7,41,bid,,,10166421
2026-07-07T01:11:32.858095,2026-07-07T01:11:32.869215+00:00,164.2,50,ask,,,10166426
2026-07-07T01:11:33.405327,2026-07-07T01:11:33.412706+00:00,164.6,11,bid,,,10166429
2026-07-07T01:11:34.133519,2026-07-07T01:11:34.164149+00:00,164.3,25,ask,,,10166445
2026-07-07T01:11:34.966005,2026-07-07T01:11:34.977594+00:00,164.2,50,ask,,,10166458
2026-07-07T01:11:37.021715,2026-07-07T01:11:37.033557+00:00,164.6,39,bid,,,10166484
2026-07-07T01:11:37.021715,2026-07-07T01:11:37.033557+00:00,164.7,11,bid,,,10166485
2026-07-07T01:11:39.132181,2026-07-07T01:11:39.143541+00:00,164.7,50,bid,,,10166513
2026-07-07T01:11:40.167780,2026-07-07T01:11:40.179493+00:00,164.7,41,bid,,,10166525
2026-07-07T01:11:41.240338,2026-07-07T01:11:41.251109+00:00,164.8,50,bid,,,10166546
2026-07-07T01:11:41.685644,2026-07-07T01:11:41.697270+00:00,164.8,43,bid,,,10166552
2026-07-07T01:11:43.346351,2026-07-07T01:11:43.363622+00:00,164.9,50,bid,,,10166573
2026-07-07T01:11:44.914801,2026-07-07T01:11:44.921648+00:00,164.6,40,ask,,,10166605
2026-07-07T01:11:45.455785,2026-07-07T01:11:45.467320+00:00,164.9,50,bid,,,10166614
2026-07-07T01:11:47.614856,2026-07-07T01:11:47.625745+00:00,164.5,50,ask,,,10166651
2026-07-07T01:11:49.055936,2026-07-07T01:11:49.068883+00:00,164.5,40,ask,,,10166671
2026-07-07T01:11:49.552031,2026-07-07T01:11:49.563561+00:00,164.8,43,bid,,,10166678
2026-07-07T01:11:49.721912,2026-07-07T01:11:49.729367+00:00,164.5,50,ask,,,10166682
2026-07-07T01:11:51.791916,2026-07-07T01:11:51.803644+00:00,164.6,100,bid,,,10166717
2026-07-07T01:11:51.828123,2026-07-07T01:11:51.836297+00:00,164.4,39,ask,,,10166718
2026-07-07T01:11:51.828123,2026-07-07T01:11:51.836297+00:00,164.1,11,ask,,,10166719
2026-07-07T01:11:52.279138,2026-07-07T01:11:52.290720+00:00,164.6,49,bid,,,10166728
2026-07-07T01:11:53.936890,2026-07-07T01:11:53.948470+00:00,164.5,50,ask,,,10166757
2026-07-07T01:11:54.356827,2026-07-07T01:11:54.363773+00:00,164.5,40,ask,,,10166762
2026-07-07T01:11:56.043437,2026-07-07T01:11:56.063951+00:00,164.5,50,ask,,,10166793
2026-07-07T01:11:56.988007,2026-07-07T01:11:56.995870+00:00,164.5,29,bid,,,10166811
2026-07-07T01:11:58.013877,2026-07-07T01:11:58.025376+00:00,164.2,47,ask,,,10166828
2026-07-07T01:12:00.199936,2026-07-07T01:12:00.211496+00:00,164.7,50,bid,,,10166874
2026-07-07T01:12:00.560030,2026-07-07T01:12:00.569088+00:00,164.7,44,bid,,,10166876
2026-07-07T01:12:01.111763,2026-07-07T01:12:01.120401+00:00,164.4,47,ask,,,10166884
2026-07-07T01:12:02.832979,2026-07-07T01:12:02.863935+00:00,164.6,41,bid,,,10166909
2026-07-07T01:12:03.152640,2026-07-07T01:12:03.179637+00:00,164.6,59,bid,,,10166914
2026-07-07T01:12:03.170078,2026-07-07T01:12:03.179637+00:00,164.6,17,ask,,,10166915
2026-07-07T01:12:03.565096,2026-07-07T01:12:03.575575+00:00,164.6,23,ask,,,10166922
2026-07-07T01:12:04.431005,2026-07-07T01:12:04.437669+00:00,164.9,50,bid,,,10166941
2026-07-07T01:12:04.533761,2026-07-07T01:12:04.558562+00:00,164.6,51,ask,,,10166942
2026-07-07T01:12:06.380495,2026-07-07T01:12:06.389557+00:00,164.4,11,bid,,,10166965
2026-07-07T01:12:06.546562,2026-07-07T01:12:06.564171+00:00,164.4,50,bid,,,10166969
2026-07-07T01:12:07.200362,2026-07-07T01:12:07.207758+00:00,164.4,12,bid,,,10166981
2026-07-07T01:12:07.497819,2026-07-07T01:12:07.506289+00:00,164.4,11,bid,,,10166986
2026-07-07T01:12:07.646873,2026-07-07T01:12:07.668622+00:00,164.4,66,bid,,,10166988
2026-07-07T01:12:07.659501,2026-07-07T01:12:07.668622+00:00,164.7,23,ask,,,10166989
2026-07-07T01:12:07.971703,2026-07-07T01:12:07.983283+00:00,164.7,11,ask,,,10166996
2026-07-07T01:12:07.971703,2026-07-07T01:12:07.983283+00:00,164.3,32,ask,,,10166997
2026-07-07T01:12:08.653405,2026-07-07T01:12:08.648171+00:00,164.8,50,bid,,,10167003
2026-07-07T01:12:09.071702,2026-07-07T01:12:09.083163+00:00,164.3,18,ask,,,10167015
2026-07-07T01:12:09.690359,2026-07-07T01:12:09.701921+00:00,164.7,46,ask,,,10167028
2026-07-07T01:12:10.759236,2026-07-07T01:12:10.767235+00:00,165.1,50,bid,,,10167043
2026-07-07T01:12:10.789596,2026-07-07T01:12:10.798702+00:00,165.2,47,bid,,,10167044
2026-07-07T01:12:12.353101,2026-07-07T01:12:12.364725+00:00,164.8,48,ask,,,10167071
2026-07-07T01:12:12.836899,2026-07-07T01:12:12.844798+00:00,164.8,2,ask,,,10167079
2026-07-07T01:12:12.864928,2026-07-07T01:12:12.876549+00:00,165.1,50,bid,,,10167080
2026-07-07T01:12:13.814769,2026-07-07T01:12:13.826222+00:00,165.1,44,bid,,,10167099
2026-07-07T01:12:14.059450,2026-07-07T01:12:14.067383+00:00,164.7,22,ask,,,10167106
2026-07-07T01:12:14.970888,2026-07-07T01:12:14.979792+00:00,165.1,50,bid,,,10167124
2026-07-07T01:12:15.034943,2026-07-07T01:12:15.058742+00:00,164.7,49,ask,,,10167125
2026-07-07T01:12:16.236324,2026-07-07T01:12:16.244541+00:00,164.7,12,ask,,,10167156
2026-07-07T01:12:17.091110,2026-07-07T01:12:17.103009+00:00,164.9,50,bid,,,10167167
2026-07-07T01:12:17.265853,2026-07-07T01:12:17.277364+00:00,164.6,47,ask,,,10167168
2026-07-07T01:12:19.198687,2026-07-07T01:12:19.210307+00:00,164.7,50,bid,,,10167191
2026-07-07T01:12:19.280063,2026-07-07T01:12:19.288950+00:00,164.7,43,bid,,,10167193
2026-07-07T01:12:21.310210,2026-07-07T01:12:21.320237+00:00,164.9,50,bid,,,10167232
2026-07-07T01:12:22.295118,2026-07-07T01:12:22.306054+00:00,164.9,46,bid,,,10167247
2026-07-07T01:12:23.309397,2026-07-07T01:12:23.321382+00:00,164.6,3,ask,,,10167266
2026-07-07T01:12:23.309397,2026-07-07T01:12:23.321382+00:00,164.6,40,ask,,,10167267
2026-07-07T01:12:23.415952,2026-07-07T01:12:23.427695+00:00,165.0,50,bid,,,10167269
2026-07-07T01:12:24.245800,2026-07-07T01:12:24.263650+00:00,164.8,45,ask,,,10167277
2026-07-07T01:12:25.548800,2026-07-07T01:12:25.558612+00:00,164.9,50,bid,,,10167292
2026-07-07T01:12:25.864960,2026-07-07T01:12:25.873814+00:00,164.8,11,ask,,,10167295
2026-07-07T01:12:25.961930,2026-07-07T01:12:25.970855+00:00,164.9,44,bid,,,10167297
2026-07-07T01:12:26.480475,2026-07-07T01:12:26.492023+00:00,164.8,40,ask,,,10167306
2026-07-07T01:12:27.602584,2026-07-07T01:12:27.611742+00:00,164.9,41,bid,,,10167317
2026-07-07T01:12:28.483625,2026-07-07T01:12:28.490063+00:00,164.9,100,bid,,,10167345
2026-07-07T01:12:28.496340,2026-07-07T01:12:28.504533+00:00,164.9,23,ask,,,10167346
2026-07-07T01:12:29.362708,2026-07-07T01:12:29.374126+00:00,165.0,44,bid,,,10167362
2026-07-07T01:12:29.815756,2026-07-07T01:12:29.827328+00:00,164.9,27,ask,,,10167368
2026-07-07T01:12:29.815756,2026-07-07T01:12:29.827328+00:00,164.6,23,ask,,,10167369
2026-07-07T01:12:31.709595,2026-07-07T01:12:31.720581+00:00,164.8,11,bid,,,10167393
2026-07-07T01:12:31.923863,2026-07-07T01:12:31.935795+00:00,164.6,50,ask,,,10167395
2026-07-07T01:12:32.414238,2026-07-07T01:12:32.422101+00:00,164.8,12,bid,,,10167406
2026-07-07T01:12:32.507611,2026-07-07T01:12:32.519046+00:00,164.8,43,bid,,,10167413
2026-07-07T01:12:34.029029,2026-07-07T01:12:34.040529+00:00,164.5,50,ask,,,10167436
2026-07-07T01:12:36.011348,2026-07-07T01:12:36.023235+00:00,164.6,40,ask,,,10167455
2026-07-07T01:12:37.036952,2026-07-07T01:12:37.045314+00:00,164.6,43,ask,,,10167473
2026-07-07T01:12:37.540502,2026-07-07T01:12:37.558615+00:00,164.9,42,bid,,,10167477
2026-07-07T01:12:38.187925,2026-07-07T01:12:38.194189+00:00,164.9,50,bid,,,10167491
2026-07-07T01:12:38.608418,2026-07-07T01:12:38.620087+00:00,164.5,49,ask,,,10167496
2026-07-07T01:12:40.355860,2026-07-07T01:12:40.363770+00:00,164.8,50,ask,,,10167526
2026-07-07T01:12:41.195070,2026-07-07T01:12:41.216946+00:00,164.8,50,ask,,,10167541
2026-07-07T01:12:41.207636,2026-07-07T01:12:41.216946+00:00,164.6,11,bid,,,10167542
2026-07-07T01:12:41.317443,2026-07-07T01:12:41.328951+00:00,164.6,42,bid,,,10167545
2026-07-07T01:12:42.271906,2026-07-07T01:12:42.279972+00:00,164.6,12,bid,,,10167564
2026-07-07T01:12:42.463575,2026-07-07T01:12:42.475330+00:00,164.5,50,ask,,,10167567
2026-07-07T01:12:42.919898,2026-07-07T01:12:42.929225+00:00,164.6,11,bid,,,10167578
2026-07-07T01:12:44.521719,2026-07-07T01:12:44.530992+00:00,165.0,6,bid,,,10167595
2026-07-07T01:12:44.521719,2026-07-07T01:12:44.530992+00:00,165.0,44,bid,,,10167596
2026-07-07T01:12:45.326032,2026-07-07T01:12:45.338177+00:00,164.7,41,ask,,,10167605
2026-07-07T01:12:45.955308,2026-07-07T01:12:45.952823+00:00,164.7,44,ask,,,10167613
2026-07-07T01:12:46.997599,2026-07-07T01:12:47.008704+00:00,165.0,44,bid,,,10167627
2026-07-07T01:12:48.033387,2026-07-07T01:12:48.045312+00:00,165.0,6,bid,,,10167641
2026-07-07T01:12:48.033387,2026-07-07T01:12:48.045312+00:00,165.0,38,bid,,,10167642
2026-07-07T01:12:48.783452,2026-07-07T01:12:48.794885+00:00,164.8,50,ask,,,10167651
2026-07-07T01:12:50.081174,2026-07-07T01:12:50.092973+00:00,164.9,45,bid,,,10167674
2026-07-07T01:12:50.839597,2026-07-07T01:12:50.858782+00:00,164.9,5,bid,,,10167686
2026-07-07T01:12:50.839597,2026-07-07T01:12:50.858782+00:00,165.1,45,bid,,,10167687
2026-07-07T01:12:52.112777,2026-07-07T01:12:52.120929+00:00,164.8,11,ask,,,10167703
2026-07-07T01:12:52.947900,2026-07-07T01:12:52.963919+00:00,165.1,27,bid,,,10167714
2026-07-07T01:12:52.947900,2026-07-07T01:12:52.963919+00:00,165.2,23,bid,,,10167715
2026-07-07T01:12:53.416565,2026-07-07T01:12:53.425398+00:00,164.8,12,ask,,,10167719
2026-07-07T01:12:53.426537,2026-07-07T01:12:53.440883+00:00,164.8,42,ask,,,10167721
2026-07-07T01:12:54.066361,2026-07-07T01:12:54.077864+00:00,164.8,35,ask,,,10167735
2026-07-07T01:12:54.066361,2026-07-07T01:12:54.077864+00:00,164.7,8,ask,,,10167736
2026-07-07T01:12:55.059749,2026-07-07T01:12:55.069063+00:00,165.0,50,bid,,,10167755
2026-07-07T01:12:56.549173,2026-07-07T01:12:56.563890+00:00,164.7,42,ask,,,10167772
2026-07-07T01:12:57.166075,2026-07-07T01:12:57.175720+00:00,164.8,50,bid,,,10167775
2026-07-07T01:12:58.621030,2026-07-07T01:12:58.628861+00:00,164.8,12,bid,,,10167817
2026-07-07T01:12:59.273144,2026-07-07T01:12:59.284593+00:00,164.8,50,bid,,,10167831
2026-07-07T01:13:00.147760,2026-07-07T01:13:00.158566+00:00,164.8,38,bid,,,10167844
2026-07-07T01:13:01.264980,2026-07-07T01:13:01.273126+00:00,165.0,23,ask,,,10167865
2026-07-07T01:13:01.380172,2026-07-07T01:13:01.389490+00:00,165.5,50,bid,,,10167869
2026-07-07T01:13:03.097313,2026-07-07T01:13:03.108460+00:00,165.2,46,bid,,,10167893
2026-07-07T01:13:03.487715,2026-07-07T01:13:03.494721+00:00,165.2,50,bid,,,10167897
2026-07-07T01:13:04.694332,2026-07-07T01:13:04.705582+00:00,165.1,48,ask,,,10167923
2026-07-07T01:13:05.195249,2026-07-07T01:13:05.203346+00:00,165.1,12,ask,,,10167933
2026-07-07T01:13:05.594383,2026-07-07T01:13:05.606093+00:00,165.6,50,bid,,,10167941
2026-07-07T01:13:07.002402,2026-07-07T01:13:07.014050+00:00,165.5,48,bid,,,10167962
2026-07-07T01:13:07.701747,2026-07-07T01:13:07.713170+00:00,165.5,50,bid,,,10167974
2026-07-07T01:13:09.808161,2026-07-07T01:13:09.819956+00:00,165.8,50,bid,,,10168015
2026-07-07T01:13:10.911533,2026-07-07T01:13:10.920116+00:00,165.4,11,ask,,,10168037
2026-07-07T01:13:11.474655,2026-07-07T01:13:11.485463+00:00,165.4,45,ask,,,10168047
2026-07-07T01:13:11.930522,2026-07-07T01:13:11.940264+00:00,165.8,50,bid,,,10168068
2026-07-07T01:13:12.836173,2026-07-07T01:13:12.845722+00:00,165.7,3,ask,,,10168079
2026-07-07T01:13:14.088438,2026-07-07T01:13:14.099979+00:00,165.9,50,ask,,,10168106
2026-07-07T01:13:14.562299,2026-07-07T01:13:14.574056+00:00,166.2,43,bid,,,10168118
2026-07-07T01:13:15.264355,2026-07-07T01:13:15.274477+00:00,165.9,46,ask,,,10168133
2026-07-07T01:13:15.906855,2026-07-07T01:13:15.918315+00:00,166.2,41,bid,,,10168147
2026-07-07T01:13:16.000687,2026-07-07T01:13:16.010880+00:00,166.1,3,ask,,,10168149
2026-07-07T01:13:16.197138,2026-07-07T01:13:16.208579+00:00,166.1,50,ask,,,10168154
2026-07-07T01:13:16.569032,2026-07-07T01:13:16.575821+00:00,166.1,50,ask,,,10168162
2026-07-07T01:13:17.274077,2026-07-07T01:13:17.285482+00:00,166.1,47,ask,,,10168180
2026-07-07T01:13:17.286612,2026-07-07T01:13:17.294691+00:00,165.8,3,bid,,,10168181
2026-07-07T01:13:17.926394,2026-07-07T01:13:17.937838+00:00,165.8,40,bid,,,10168186
2026-07-07T01:13:17.987631,2026-07-07T01:13:17.998613+00:00,165.3,44,ask,,,10168187
2026-07-07T01:13:18.304706,2026-07-07T01:13:18.312680+00:00,165.3,50,ask,,,10168193
2026-07-07T01:13:20.410877,2026-07-07T01:13:20.422702+00:00,165.7,50,ask,,,10168235
2026-07-07T01:13:20.452380,2026-07-07T01:13:20.458566+00:00,165.7,100,ask,,,10168237
2026-07-07T01:13:20.952808,2026-07-07T01:13:20.961279+00:00,165.8,5,bid,,,10168245
2026-07-07T01:13:22.466966,2026-07-07T01:13:22.478616+00:00,166.1,50,bid,,,10168274
2026-07-07T01:13:23.575189,2026-07-07T01:13:23.582774+00:00,166.0,2,ask,,,10168287
2026-07-07T01:13:23.610726,2026-07-07T01:13:23.617577+00:00,166.0,5,ask,,,10168289
2026-07-07T01:13:24.303015,2026-07-07T01:13:24.314832+00:00,166.1,49,bid,,,10168304
2026-07-07T01:13:25.925740,2026-07-07T01:13:25.934935+00:00,166.0,3,ask,,,10168333
2026-07-07T01:13:27.194133,2026-07-07T01:13:27.205660+00:00,165.7,42,ask,,,10168356
2026-07-07T01:13:28.737506,2026-07-07T01:13:28.744962+00:00,165.9,47,bid,,,10168388
2026-07-07T01:13:28.804444,2026-07-07T01:13:28.814895+00:00,165.9,50,bid,,,10168390
2026-07-07T01:13:28.807186,2026-07-07T01:13:28.814895+00:00,165.9,14,bid,,,10168391
2026-07-07T01:13:29.885918,2026-07-07T01:13:29.895538+00:00,165.9,39,bid,,,10168405
2026-07-07T01:13:30.910133,2026-07-07T01:13:30.921752+00:00,166.0,5,bid,,,10168422
2026-07-07T01:13:30.910133,2026-07-07T01:13:30.921752+00:00,166.4,45,bid,,,10168423
2026-07-07T01:13:31.434752,2026-07-07T01:13:31.445143+00:00,165.9,11,ask,,,10168426
2026-07-07T01:13:33.019198,2026-07-07T01:13:33.028842+00:00,166.1,17,bid,,,10168456
2026-07-07T01:13:33.019198,2026-07-07T01:13:33.028842+00:00,166.4,33,bid,,,10168457
2026-07-07T01:13:34.969846,2026-07-07T01:13:34.977575+00:00,166.1,3,ask,,,10168484
2026-07-07T01:13:35.127617,2026-07-07T01:13:35.158731+00:00,166.2,50,bid,,,10168489
2026-07-07T01:13:37.233811,2026-07-07T01:13:37.258571+00:00,166.3,50,bid,,,10168521
2026-07-07T01:13:39.341999,2026-07-07T01:13:39.341611+00:00,166.7,50,bid,,,10168549
2026-07-07T01:13:39.673280,2026-07-07T01:13:39.683114+00:00,166.2,43,ask,,,10168554
2026-07-07T01:13:41.448706,2026-07-07T01:13:41.457784+00:00,166.6,50,bid,,,10168587
2026-07-07T01:13:43.265117,2026-07-07T01:13:43.274697+00:00,166.3,3,ask,,,10168614
2026-07-07T01:13:43.554608,2026-07-07T01:13:43.553294+00:00,166.8,50,bid,,,10168621
2026-07-07T01:13:44.447114,2026-07-07T01:13:44.458635+00:00,166.8,100,bid,,,10168639
2026-07-07T01:13:44.550201,2026-07-07T01:13:44.560043+00:00,166.9,34,ask,,,10168642
2026-07-07T01:13:45.661922,2026-07-07T01:13:45.673786+00:00,167.4,50,bid,,,10168659
2026-07-07T01:13:45.886501,2026-07-07T01:13:45.895009+00:00,166.9,12,ask,,,10168662
2026-07-07T01:13:47.310692,2026-07-07T01:13:47.322226+00:00,166.9,4,ask,,,10168699
2026-07-07T01:13:47.310692,2026-07-07T01:13:47.322226+00:00,166.7,39,ask,,,10168700
2026-07-07T01:13:47.681501,2026-07-07T01:13:47.689775+00:00,166.8,12,bid,,,10168706
2026-07-07T01:13:47.941608,2026-07-07T01:13:47.953183+00:00,166.8,42,bid,,,10168710
2026-07-07T01:13:48.871703,2026-07-07T01:13:48.879398+00:00,166.8,11,bid,,,10168727
2026-07-07T01:13:49.871466,2026-07-07T01:13:49.883177+00:00,166.8,50,bid,,,10168747
2026-07-07T01:13:49.998166,2026-07-07T01:13:50.007543+00:00,166.6,47,ask,,,10168749
2026-07-07T01:13:52.030369,2026-07-07T01:13:52.041757+00:00,166.9,50,ask,,,10168777
2026-07-07T01:13:52.447977,2026-07-07T01:13:52.456371+00:00,166.9,11,ask,,,10168785
2026-07-07T01:13:53.429025,2026-07-07T01:13:53.440462+00:00,166.9,44,ask,,,10168807
2026-07-07T01:13:54.085598,2026-07-07T01:13:54.097428+00:00,167.0,50,bid,,,10168820
2026-07-07T01:13:54.324421,2026-07-07T01:13:54.332522+00:00,167.0,11,bid,,,10168825
2026-07-07T01:13:55.071495,2026-07-07T01:13:55.080648+00:00,167.0,12,bid,,,10168844
2026-07-07T01:13:56.242898,2026-07-07T01:13:56.254310+00:00,166.9,50,ask,,,10168858
2026-07-07T01:13:58.348570,2026-07-07T01:13:58.358598+00:00,167.0,50,ask,,,10168893
2026-07-07T01:13:58.964824,2026-07-07T01:13:58.976149+00:00,167.3,41,bid,,,10168898
2026-07-07T01:14:00.459426,2026-07-07T01:14:00.469660+00:00,166.8,50,ask,,,10168914
2026-07-07T01:14:02.515620,2026-07-07T01:14:02.527075+00:00,167.2,50,bid,,,10168941
2026-07-07T01:14:04.627862,2026-07-07T01:14:04.649455+00:00,167.2,50,bid,,,10168971
2026-07-07T01:14:06.735296,2026-07-07T01:14:06.742534+00:00,167.3,50,bid,,,10168998
2026-07-07T01:14:08.186164,2026-07-07T01:14:08.193859+00:00,167.1,12,ask,,,10169027
2026-07-07T01:14:08.899584,2026-07-07T01:14:08.906768+00:00,167.1,50,ask,,,10169035
2026-07-07T01:14:11.005819,2026-07-07T01:14:11.017206+00:00,167.1,50,ask,,,10169076
2026-07-07T01:14:11.332560,2026-07-07T01:14:11.343996+00:00,167.3,49,bid,,,10169084
2026-07-07T01:14:12.918361,2026-07-07T01:14:12.929953+00:00,166.9,43,ask,,,10169107
2026-07-07T01:14:15.189973,2026-07-07T01:14:15.201556+00:00,167.4,50,bid,,,10169144
2026-07-07T01:14:15.589501,2026-07-07T01:14:15.598998+00:00,167.1,46,ask,,,10169147
2026-07-07T01:14:16.150078,2026-07-07T01:14:16.162782+00:00,167.5,12,bid,,,10169152
2026-07-07T01:14:17.062554,2026-07-07T01:14:17.074243+00:00,167.5,40,bid,,,10169163
2026-07-07T01:14:17.349487,2026-07-07T01:14:17.358585+00:00,167.3,50,ask,,,10169167
2026-07-07T01:14:18.603528,2026-07-07T01:14:18.613097+00:00,167.5,47,bid,,,10169190
2026-07-07T01:14:18.672482,2026-07-07T01:14:18.684197+00:00,167.3,49,ask,,,10169192
2026-07-07T01:14:19.241299,2026-07-07T01:14:19.252941+00:00,167.8,100,bid,,,10169197
2026-07-07T01:14:19.309836,2026-07-07T01:14:19.319633+00:00,167.8,23,ask,,,10169200
2026-07-07T01:14:19.455575,2026-07-07T01:14:19.457245+00:00,167.8,27,ask,,,10169203
2026-07-07T01:14:19.455575,2026-07-07T01:14:19.469423+00:00,167.3,1,ask,,,10169204
2026-07-07T01:14:19.455575,2026-07-07T01:14:19.469423+00:00,166.4,22,ask,,,10169205
2026-07-07T01:14:19.759485,2026-07-07T01:14:19.768093+00:00,167.4,22,bid,,,10169208
2026-07-07T01:14:21.583423,2026-07-07T01:14:21.595527+00:00,167.3,50,ask,,,10169236
2026-07-07T01:14:22.189115,2026-07-07T01:14:22.200351+00:00,167.8,47,bid,,,10169253
2026-07-07T01:14:23.689842,2026-07-07T01:14:23.701565+00:00,167.3,50,ask,,,10169279
2026-07-07T01:14:24.332017,2026-07-07T01:14:24.343832+00:00,167.3,44,ask,,,10169291
2026-07-07T01:14:25.619629,2026-07-07T01:14:25.655789+00:00,167.3,100,ask,,,10169310
2026-07-07T01:14:25.646301,2026-07-07T01:14:25.655789+00:00,167.3,15,bid,,,10169313
2026-07-07T01:14:25.804424,2026-07-07T01:14:25.813157+00:00,167.0,50,ask,,,10169315
2026-07-07T01:14:26.251831,2026-07-07T01:14:26.258133+00:00,167.3,35,bid,,,10169325
2026-07-07T01:14:26.251831,2026-07-07T01:14:26.258133+00:00,167.7,12,bid,,,10169326
2026-07-07T01:14:30.018639,2026-07-07T01:14:30.026022+00:00,167.4,50,ask,,,10169375
2026-07-07T01:14:31.149824,2026-07-07T01:14:31.158600+00:00,167.5,5,bid,,,10169393
2026-07-07T01:14:31.149824,2026-07-07T01:14:31.158600+00:00,167.8,41,bid,,,10169394
2026-07-07T01:14:32.125483,2026-07-07T01:14:32.136909+00:00,167.3,50,ask,,,10169408
2026-07-07T01:14:34.232560,2026-07-07T01:14:34.258650+00:00,167.3,50,ask,,,10169426
2026-07-07T01:14:35.218546,2026-07-07T01:14:35.230306+00:00,167.4,43,bid,,,10169441
2026-07-07T01:14:36.339499,2026-07-07T01:14:36.348943+00:00,167.2,50,ask,,,10169464
2026-07-07T01:14:37.413755,2026-07-07T01:14:37.424811+00:00,167.2,44,ask,,,10169484
2026-07-07T01:14:38.449027,2026-07-07T01:14:38.457848+00:00,167.2,6,ask,,,10169502
2026-07-07T01:14:38.449027,2026-07-07T01:14:38.457848+00:00,167.2,44,ask,,,10169503
2026-07-07T01:14:38.521331,2026-07-07T01:14:38.534280+00:00,167.2,46,ask,,,10169506
2026-07-07T01:14:40.556090,2026-07-07T01:14:40.567575+00:00,167.2,50,ask,,,10169547
2026-07-07T01:14:41.446718,2026-07-07T01:14:41.463644+00:00,167.2,50,ask,,,10169556
2026-07-07T01:14:41.446718,2026-07-07T01:14:41.463644+00:00,167.0,100,ask,,,10169557
2026-07-07T01:14:42.663128,2026-07-07T01:14:42.674022+00:00,166.6,50,ask,,,10169578
2026-07-07T01:14:42.700127,2026-07-07T01:14:42.708968+00:00,167.1,14,bid,,,10169580
2026-07-07T01:14:43.178111,2026-07-07T01:14:43.189575+00:00,167.1,43,bid,,,10169586
2026-07-07T01:14:44.575420,2026-07-07T01:14:44.584452+00:00,167.1,43,bid,,,10169604
2026-07-07T01:14:44.575420,2026-07-07T01:14:44.584452+00:00,167.1,50,bid,,,10169605
2026-07-07T01:14:44.768823,2026-07-07T01:14:44.780677+00:00,167.1,50,ask,,,10169606
2026-07-07T01:14:45.343872,2026-07-07T01:14:45.355846+00:00,167.1,7,ask,,,10169625
2026-07-07T01:14:45.942276,2026-07-07T01:14:45.953926+00:00,167.2,40,bid,,,10169635
2026-07-07T01:14:46.876134,2026-07-07T01:14:46.887922+00:00,166.7,50,ask,,,10169644
2026-07-07T01:14:46.964916,2026-07-07T01:14:46.974543+00:00,166.7,47,ask,,,10169645
2026-07-07T01:14:48.839096,2026-07-07T01:14:48.849220+00:00,166.9,35,bid,,,10169669
2026-07-07T01:14:48.986190,2026-07-07T01:14:48.994341+00:00,166.7,50,ask,,,10169675
2026-07-07T01:14:53.144183,2026-07-07T01:14:53.164229+00:00,166.9,50,bid,,,10169724
2026-07-07T01:14:54.344554,2026-07-07T01:14:54.352588+00:00,166.9,11,bid,,,10169745
2026-07-07T01:14:55.302277,2026-07-07T01:14:55.310366+00:00,166.8,50,ask,,,10169761
2026-07-07T01:14:56.913177,2026-07-07T01:14:56.924685+00:00,167.3,43,bid,,,10169784
2026-07-07T01:14:58.168275,2026-07-07T01:14:58.179790+00:00,166.8,44,ask,,,10169801
2026-07-07T01:14:59.516103,2026-07-07T01:14:59.524393+00:00,166.7,50,ask,,,10169822
2026-07-07T01:14:59.603183,2026-07-07T01:14:59.614790+00:00,167.0,48,bid,,,10169824
2026-07-07T01:15:01.623097,2026-07-07T01:15:01.634780+00:00,166.7,50,ask,,,10169857
2026-07-07T01:15:01.667385,2026-07-07T01:15:01.678916+00:00,166.9,44,ask,,,10169858
2026-07-07T01:15:03.733820,2026-07-07T01:15:03.743448+00:00,166.9,50,ask,,,10169889
2026-07-07T01:15:04.038653,2026-07-07T01:15:04.047513+00:00,167.0,11,bid,,,10169892
2026-07-07T01:15:07.902436,2026-07-07T01:15:07.914170+00:00,167.0,50,bid,,,10169940
2026-07-07T01:15:10.085964,2026-07-07T01:15:10.093087+00:00,166.7,50,ask,,,10169965
2026-07-07T01:15:12.139808,2026-07-07T01:15:12.158561+00:00,167.0,50,bid,,,10169991
2026-07-07T01:15:14.254910,2026-07-07T01:15:14.274823+00:00,167.1,50,bid,,,10170022
2026-07-07T01:15:14.946220,2026-07-07T01:15:14.958554+00:00,167.0,40,bid,,,10170030
2026-07-07T01:15:17.856889,2026-07-07T01:15:17.858579+00:00,166.7,42,ask,,,10170073
2026-07-07T01:15:18.497623,2026-07-07T01:15:18.504862+00:00,167.1,50,bid,,,10170081
2026-07-07T01:15:19.374871,2026-07-07T01:15:19.383135+00:00,167.0,22,ask,,,10170098
2026-07-07T01:15:19.423502,2026-07-07T01:15:19.434086+00:00,167.0,44,ask,,,10170100
2026-07-07T01:15:20.669647,2026-07-07T01:15:20.679359+00:00,167.0,50,ask,,,10170121
2026-07-07T01:15:20.846200,2026-07-07T01:15:20.850713+00:00,167.1,43,bid,,,10170122
2026-07-07T01:15:22.211074,2026-07-07T01:15:22.219332+00:00,167.0,12,ask,,,10170149
2026-07-07T01:15:22.280734,2026-07-07T01:15:22.292201+00:00,167.1,48,bid,,,10170152
2026-07-07T01:15:22.797296,2026-07-07T01:15:22.809049+00:00,166.6,50,ask,,,10170159
2026-07-07T01:15:24.903454,2026-07-07T01:15:24.911615+00:00,166.8,50,ask,,,10170195
2026-07-07T01:15:25.725300,2026-07-07T01:15:25.736903+00:00,166.8,46,ask,,,10170203
2026-07-07T01:15:25.764903,2026-07-07T01:15:25.775323+00:00,166.8,4,ask,,,10170204
2026-07-07T01:15:25.764903,2026-07-07T01:15:25.775323+00:00,166.8,47,ask,,,10170205
2026-07-07T01:15:26.963772,2026-07-07T01:15:26.979620+00:00,166.7,50,bid,,,10170222
2026-07-07T01:15:29.074353,2026-07-07T01:15:29.082157+00:00,166.7,50,bid,,,10170257
2026-07-07T01:15:30.180387,2026-07-07T01:15:30.191935+00:00,166.6,100,ask,,,10170277
2026-07-07T01:15:31.204749,2026-07-07T01:15:31.213217+00:00,167.0,50,bid,,,10170295
2026-07-07T01:15:32.091611,2026-07-07T01:15:32.098434+00:00,166.6,50,ask,,,10170318
2026-07-07T01:15:32.104962,2026-07-07T01:15:32.113488+00:00,166.5,23,bid,,,10170320
2026-07-07T01:15:33.290489,2026-07-07T01:15:33.302207+00:00,166.5,77,bid,,,10170337
2026-07-07T01:15:33.310042,2026-07-07T01:15:33.318049+00:00,166.9,50,bid,,,10170338
2026-07-07T01:15:33.418530,2026-07-07T01:15:33.426775+00:00,166.6,11,ask,,,10170341
2026-07-07T01:15:34.239948,2026-07-07T01:15:34.258626+00:00,167.1,48,bid,,,10170350
2026-07-07T01:15:34.792367,2026-07-07T01:15:34.799012+00:00,167.1,45,bid,,,10170359
2026-07-07T01:15:34.850482,2026-07-07T01:15:34.863635+00:00,166.6,12,ask,,,10170361
2026-07-07T01:15:35.211127,2026-07-07T01:15:35.220509+00:00,166.7,12,ask,,,10170373
2026-07-07T01:15:35.484247,2026-07-07T01:15:35.495779+00:00,167.0,40,bid,,,10170379
2026-07-07T01:15:36.965013,2026-07-07T01:15:36.976588+00:00,166.7,45,ask,,,10170401
2026-07-07T01:15:37.382898,2026-07-07T01:15:37.391079+00:00,166.7,11,ask,,,10170411
2026-07-07T01:15:37.520603,2026-07-07T01:15:37.531959+00:00,166.9,50,bid,,,10170414
2026-07-07T01:15:38.969086,2026-07-07T01:15:38.980542+00:00,166.9,43,bid,,,10170447
2026-07-07T01:15:39.628075,2026-07-07T01:15:39.639646+00:00,167.0,10,bid,,,10170461
2026-07-07T01:15:39.628075,2026-07-07T01:15:39.639646+00:00,167.0,40,bid,,,10170462
2026-07-07T01:15:41.125711,2026-07-07T01:15:41.137404+00:00,166.7,47,ask,,,10170491
2026-07-07T01:15:41.736180,2026-07-07T01:15:41.742925+00:00,167.1,50,bid,,,10170498
2026-07-07T01:15:42.705085,2026-07-07T01:15:42.716156+00:00,166.9,30,bid,,,10170514
2026-07-07T01:15:43.844115,2026-07-07T01:15:43.850512+00:00,167.1,50,bid,,,10170531
2026-07-07T01:15:44.691782,2026-07-07T01:15:44.700693+00:00,167.0,23,ask,,,10170539
2026-07-07T01:15:45.803505,2026-07-07T01:15:45.815198+00:00,167.0,46,ask,,,10170561
2026-07-07T01:15:46.280125,2026-07-07T01:15:46.291589+00:00,167.1,40,bid,,,10170566
2026-07-07T01:15:46.418011,2026-07-07T01:15:46.427156+00:00,167.0,3,ask,,,10170567
2026-07-07T01:15:51.055856,2026-07-07T01:15:51.067637+00:00,166.7,46,ask,,,10170629
2026-07-07T01:15:52.278532,2026-07-07T01:15:52.287570+00:00,167.2,50,bid,,,10170652
2026-07-07T01:15:53.275167,2026-07-07T01:15:53.286859+00:00,167.2,41,bid,,,10170672
2026-07-07T01:15:54.167047,2026-07-07T01:15:54.178572+00:00,167.3,100,bid,,,10170679
2026-07-07T01:15:56.186839,2026-07-07T01:15:56.198484+00:00,167.3,45,ask,,,10170712
2026-07-07T01:15:56.486775,2026-07-07T01:15:56.498282+00:00,167.6,50,bid,,,10170715
2026-07-07T01:15:58.345943,2026-07-07T01:15:58.357776+00:00,167.2,3,bid,,,10170744
2026-07-07T01:15:58.588350,2026-07-07T01:15:58.600287+00:00,167.2,100,bid,,,10170747
2026-07-07T01:15:58.593712,2026-07-07T01:15:58.605327+00:00,167.2,47,bid,,,10170748
2026-07-07T01:15:58.664742,2026-07-07T01:15:58.676555+00:00,167.0,41,ask,,,10170749
2026-07-07T01:16:00.701659,2026-07-07T01:16:00.713099+00:00,167.8,41,bid,,,10170775
2026-07-07T01:16:00.701659,2026-07-07T01:16:00.713099+00:00,167.9,9,bid,,,10170776
2026-07-07T01:16:00.985884,2026-07-07T01:16:00.995635+00:00,167.4,3,ask,,,10170783
2026-07-07T01:16:02.808356,2026-07-07T01:16:02.815432+00:00,167.5,50,bid,,,10170804
2026-07-07T01:16:03.340798,2026-07-07T01:16:03.347851+00:00,167.4,43,ask,,,10170810
2026-07-07T01:16:04.917598,2026-07-07T01:16:04.929025+00:00,167.6,50,bid,,,10170829
2026-07-07T01:16:09.178817,2026-07-07T01:16:09.186541+00:00,167.3,50,ask,,,10170891
2026-07-07T01:16:11.285011,2026-07-07T01:16:11.296796+00:00,167.2,50,ask,,,10170921
2026-07-07T01:16:13.340222,2026-07-07T01:16:13.351662+00:00,167.6,50,bid,,,10170951
2026-07-07T01:16:15.497750,2026-07-07T01:16:15.509211+00:00,167.3,50,ask,,,10170978
2026-07-07T01:16:15.718086,2026-07-07T01:16:15.729534+00:00,167.6,47,bid,,,10170983
2026-07-07T01:16:16.822637,2026-07-07T01:16:16.832132+00:00,167.7,40,bid,,,10171006
2026-07-07T01:16:17.345769,2026-07-07T01:16:17.356575+00:00,167.3,41,ask,,,10171023
2026-07-07T01:16:17.604326,2026-07-07T01:16:17.615776+00:00,167.2,50,ask,,,10171028
2026-07-07T01:16:17.906745,2026-07-07T01:16:17.916709+00:00,167.6,40,bid,,,10171029
2026-07-07T01:16:18.920487,2026-07-07T01:16:18.927745+00:00,167.2,41,ask,,,10171038
2026-07-07T01:16:19.710616,2026-07-07T01:16:19.722280+00:00,167.1,50,ask,,,10171048
2026-07-07T01:16:21.818571,2026-07-07T01:16:21.826793+00:00,167.2,50,ask,,,10171065
2026-07-07T01:16:23.885386,2026-07-07T01:16:23.895757+00:00,167.3,50,bid,,,10171111
2026-07-07T01:16:26.261606,2026-07-07T01:16:26.273376+00:00,167.4,41,bid,,,10171146
2026-07-07T01:16:28.155954,2026-07-07T01:16:28.164033+00:00,166.9,50,ask,,,10171185
2026-07-07T01:16:29.808641,2026-07-07T01:16:29.816883+00:00,167.3,3,bid,,,10171214
2026-07-07T01:16:30.266715,2026-07-07T01:16:30.275958+00:00,167.2,50,ask,,,10171223
2026-07-07T01:16:31.029860,2026-07-07T01:16:31.041311+00:00,167.5,49,bid,,,10171237
2026-07-07T01:16:31.084896,2026-07-07T01:16:31.096577+00:00,167.2,49,ask,,,10171238
2026-07-07T01:16:31.591547,2026-07-07T01:16:31.602985+00:00,167.5,42,bid,,,10171249
2026-07-07T01:16:31.645987,2026-07-07T01:16:31.658605+00:00,167.2,1,ask,,,10171250
2026-07-07T01:16:31.645987,2026-07-07T01:16:31.658605+00:00,167.2,41,ask,,,10171251
2026-07-07T01:16:32.207360,2026-07-07T01:16:32.219071+00:00,167.2,9,ask,,,10171260
2026-07-07T01:16:32.207360,2026-07-07T01:16:32.219071+00:00,167.2,34,ask,,,10171261
2026-07-07T01:16:32.401742,2026-07-07T01:16:32.413576+00:00,167.2,50,ask,,,10171262
2026-07-07T01:16:33.425616,2026-07-07T01:16:33.437138+00:00,167.2,66,ask,,,10171273
2026-07-07T01:16:34.508375,2026-07-07T01:16:34.520126+00:00,166.7,50,ask,,,10171287
2026-07-07T01:16:36.074803,2026-07-07T01:16:36.082606+00:00,167.1,11,bid,,,10171316
2026-07-07T01:16:36.616612,2026-07-07T01:16:36.628194+00:00,167.0,50,ask,,,10171323
2026-07-07T01:16:37.284836,2026-07-07T01:16:37.293028+00:00,167.1,12,bid,,,10171331
2026-07-07T01:16:38.723630,2026-07-07T01:16:38.732926+00:00,167.0,50,ask,,,10171355
2026-07-07T01:16:40.779193,2026-07-07T01:16:40.790599+00:00,167.1,50,bid,,,10171384
2026-07-07T01:16:42.950530,2026-07-07T01:16:42.963684+00:00,167.0,50,ask,,,10171429
2026-07-07T01:16:45.059222,2026-07-07T01:16:45.069366+00:00,167.0,50,ask,,,10171455
2026-07-07T01:16:45.219837,2026-07-07T01:16:45.231150+00:00,167.4,46,bid,,,10171458
2026-07-07T01:16:46.816246,2026-07-07T01:16:46.824451+00:00,167.1,34,bid,,,10171481
2026-07-07T01:16:47.113633,2026-07-07T01:16:47.125647+00:00,167.1,50,bid,,,10171487
2026-07-07T01:16:47.978813,2026-07-07T01:16:47.990535+00:00,167.1,16,bid,,,10171496
2026-07-07T01:16:47.989974,2026-07-07T01:16:48.000872+00:00,167.4,4,bid,,,10171497
2026-07-07T01:16:48.166326,2026-07-07T01:16:48.174921+00:00,167.1,23,ask,,,10171508
2026-07-07T01:16:49.514183,2026-07-07T01:16:49.526143+00:00,167.3,40,bid,,,10171532
2026-07-07T01:16:49.570048,2026-07-07T01:16:49.581797+00:00,167.1,42,ask,,,10171535
2026-07-07T01:16:50.765018,2026-07-07T01:16:50.772674+00:00,167.3,41,bid,,,10171550
2026-07-07T01:16:51.353258,2026-07-07T01:16:51.364667+00:00,167.1,50,bid,,,10171556
2026-07-07T01:16:52.048802,2026-07-07T01:16:52.058984+00:00,167.1,12,bid,,,10171568
2026-07-07T01:16:52.388571,2026-07-07T01:16:52.400274+00:00,167.1,88,bid,,,10171575
2026-07-07T01:16:52.388571,2026-07-07T01:16:52.400274+00:00,167.3,12,bid,,,10171576
2026-07-07T01:16:53.462665,2026-07-07T01:16:53.472853+00:00,167.3,38,bid,,,10171583
2026-07-07T01:16:54.264503,2026-07-07T01:16:54.276012+00:00,166.8,42,ask,,,10171597
2026-07-07T01:16:54.672743,2026-07-07T01:16:54.680532+00:00,167.3,12,ask,,,10171603
2026-07-07T01:16:55.400232,2026-07-07T01:16:55.407256+00:00,167.3,42,ask,,,10171617
2026-07-07T01:16:55.413452,2026-07-07T01:16:55.421114+00:00,167.3,11,ask,,,10171618
2026-07-07T01:16:55.621300,2026-07-07T01:16:55.632788+00:00,167.3,50,ask,,,10171622
2026-07-07T01:16:56.623658,2026-07-07T01:16:56.631748+00:00,167.3,12,ask,,,10171644
2026-07-07T01:16:57.727564,2026-07-07T01:16:57.739102+00:00,166.9,50,ask,,,10171656
2026-07-07T01:16:57.830400,2026-07-07T01:16:57.838681+00:00,167.1,23,bid,,,10171659
2026-07-07T01:17:00.670502,2026-07-07T01:17:00.682099+00:00,167.3,5,bid,,,10171693
2026-07-07T01:17:00.670502,2026-07-07T01:17:00.682099+00:00,167.3,44,bid,,,10171694
2026-07-07T01:17:01.886753,2026-07-07T01:17:01.898180+00:00,167.4,50,bid,,,10171716
2026-07-07T01:17:04.114003,2026-07-07T01:17:04.125559+00:00,167.5,40,bid,,,10171755
2026-07-07T01:17:04.600457,2026-07-07T01:17:04.611901+00:00,167.5,45,bid,,,10171762
2026-07-07T01:17:04.654139,2026-07-07T01:17:04.653928+00:00,167.2,46,ask,,,10171765
2026-07-07T01:17:05.225520,2026-07-07T01:17:05.237148+00:00,167.5,43,ask,,,10171778
2026-07-07T01:17:06.147878,2026-07-07T01:17:06.143145+00:00,167.5,50,ask,,,10171790
2026-07-07T01:17:08.202975,2026-07-07T01:17:08.258962+00:00,167.6,38,bid,,,10171824
2026-07-07T01:17:08.202975,2026-07-07T01:17:08.258962+00:00,167.6,12,bid,,,10171825
2026-07-07T01:17:09.095733,2026-07-07T01:17:09.103940+00:00,167.5,11,ask,,,10171839
2026-07-07T01:17:10.202982,2026-07-07T01:17:10.214796+00:00,167.5,39,ask,,,10171855
2026-07-07T01:17:10.312310,2026-07-07T01:17:10.324828+00:00,167.5,50,bid,,,10171856
2026-07-07T01:17:10.634978,2026-07-07T01:17:10.641715+00:00,167.2,45,ask,,,10171863
2026-07-07T01:17:11.244523,2026-07-07T01:17:11.258556+00:00,167.5,48,bid,,,10171873
2026-07-07T01:17:11.740973,2026-07-07T01:17:11.750888+00:00,167.5,13,bid,,,10171884
2026-07-07T01:17:11.740973,2026-07-07T01:17:11.750888+00:00,167.5,30,bid,,,10171885
2026-07-07T01:17:12.419568,2026-07-07T01:17:12.429553+00:00,167.5,50,bid,,,10171900
2026-07-07T01:17:12.710790,2026-07-07T01:17:12.718157+00:00,167.5,20,bid,,,10171906
2026-07-07T01:17:13.312630,2026-07-07T01:17:13.324262+00:00,167.7,50,bid,,,10171916
2026-07-07T01:17:13.379198,2026-07-07T01:17:13.388082+00:00,167.7,12,ask,,,10171917
2026-07-07T01:17:18.738215,2026-07-07T01:17:18.749366+00:00,168.0,50,bid,,,10172005
2026-07-07T01:17:20.844997,2026-07-07T01:17:20.858600+00:00,168.1,50,bid,,,10172043
2026-07-07T01:17:22.956419,2026-07-07T01:17:22.965130+00:00,168.1,50,bid,,,10172072
2026-07-07T01:17:23.519947,2026-07-07T01:17:23.527949+00:00,167.7,14,ask,,,10172087
2026-07-07T01:17:25.062155,2026-07-07T01:17:25.072344+00:00,167.9,50,bid,,,10172114
2026-07-07T01:17:27.170033,2026-07-07T01:17:27.178108+00:00,167.9,50,bid,,,10172153
2026-07-07T01:17:29.327849,2026-07-07T01:17:29.339642+00:00,167.6,50,ask,,,10172193
2026-07-07T01:17:30.424002,2026-07-07T01:17:30.431058+00:00,167.6,45,ask,,,10172213
2026-07-07T01:17:31.435231,2026-07-07T01:17:31.445561+00:00,167.6,50,ask,,,10172225
2026-07-07T01:17:32.385484,2026-07-07T01:17:32.399698+00:00,167.5,100,ask,,,10172244
2026-07-07T01:17:32.602559,2026-07-07T01:17:32.613906+00:00,167.3,43,ask,,,10172248
2026-07-07T01:17:32.698138,2026-07-07T01:17:32.705649+00:00,167.5,26,bid,,,10172255
2026-07-07T01:17:33.529725,2026-07-07T01:17:33.540110+00:00,167.5,24,bid,,,10172267
2026-07-07T01:17:33.542879,2026-07-07T01:17:33.550546+00:00,167.6,50,ask,,,10172268
2026-07-07T01:17:34.880222,2026-07-07T01:17:34.891958+00:00,167.9,43,bid,,,10172294
2026-07-07T01:17:34.880222,2026-07-07T01:17:34.891958+00:00,168.1,1,bid,,,10172295
2026-07-07T01:17:35.364178,2026-07-07T01:17:35.376096+00:00,167.6,26,ask,,,10172303
2026-07-07T01:17:35.364178,2026-07-07T01:17:35.376096+00:00,167.3,7,ask,,,10172304
2026-07-07T01:17:35.509753,2026-07-07T01:17:35.517995+00:00,167.9,23,ask,,,10172306
2026-07-07T01:17:35.597816,2026-07-07T01:17:35.609314+00:00,168.1,50,bid,,,10172309
2026-07-07T01:17:36.531064,2026-07-07T01:17:36.542982+00:00,168.1,45,bid,,,10172316
2026-07-07T01:17:36.659518,2026-07-07T01:17:36.667491+00:00,167.9,3,ask,,,10172318
2026-07-07T01:17:37.781779,2026-07-07T01:17:37.793281+00:00,167.9,50,ask,,,10172338
2026-07-07T01:17:39.727776,2026-07-07T01:17:39.739256+00:00,167.6,40,ask,,,10172365
2026-07-07T01:17:39.888801,2026-07-07T01:17:39.900356+00:00,167.6,10,ask,,,10172366
2026-07-07T01:17:39.888801,2026-07-07T01:17:39.900356+00:00,167.3,40,ask,,,10172367
2026-07-07T01:17:40.744866,2026-07-07T01:17:40.763764+00:00,167.6,48,bid,,,10172379
2026-07-07T01:17:41.998331,2026-07-07T01:17:42.006413+00:00,167.1,50,ask,,,10172410
2026-07-07T01:17:44.104449,2026-07-07T01:17:44.113680+00:00,167.2,50,ask,,,10172441
2026-07-07T01:17:44.529747,2026-07-07T01:17:44.537910+00:00,167.5,3,bid,,,10172448
2026-07-07T01:17:45.843302,2026-07-07T01:17:45.854780+00:00,167.3,40,ask,,,10172470
2026-07-07T01:17:46.815463,2026-07-07T01:17:46.827740+00:00,167.3,43,ask,,,10172480
2026-07-07T01:17:48.207157,2026-07-07T01:17:48.198170+00:00,167.2,100,ask,,,10172496
2026-07-07T01:17:48.259924,2026-07-07T01:17:48.272798+00:00,167.2,11,bid,,,10172497
2026-07-07T01:17:48.264669,2026-07-07T01:17:48.272798+00:00,167.2,39,bid,,,10172498
2026-07-07T01:17:49.420840,2026-07-07T01:17:49.427866+00:00,167.1,50,ask,,,10172515
2026-07-07T01:17:50.451650,2026-07-07T01:17:50.458567+00:00,166.7,50,ask,,,10172529
2026-07-07T01:17:51.083872,2026-07-07T01:17:51.092541+00:00,167.1,12,bid,,,10172541
