timestamp,recv_time,price,volume,aggressor_side,buyer,seller,trade_id
2026-06-29T09:00:01.306405,2026-06-28T23:00:01.731734+00:00,100.0,50,bid,,,11694968
2026-06-29T09:00:01.716654,2026-06-28T23:00:02.149735+00:00,99.7,100,bid,,,11694974
2026-06-29T09:00:02.053509,2026-06-28T23:00:02.479735+00:00,99.7,45,bid,,,11694977
2026-06-29T09:00:03.488224,2026-06-28T23:00:03.920339+00:00,99.3,1,ask,,,11695012
2026-06-29T09:00:03.488224,2026-06-28T23:00:03.920339+00:00,99.2,49,ask,,,11695013
2026-06-29T09:00:05.596869,2026-06-28T23:00:06.032360+00:00,99.7,50,ask,,,11695057
2026-06-29T09:00:05.753581,2026-06-28T23:00:06.185927+00:00,99.7,47,ask,,,11695059
2026-06-29T09:00:06.281771,2026-06-28T23:00:06.713436+00:00,100.1,47,bid,,,11695068
2026-06-29T09:00:07.703540,2026-06-28T23:00:08.131593+00:00,99.7,3,ask,,,11695084
2026-06-29T09:00:07.703540,2026-06-28T23:00:08.131593+00:00,99.6,47,ask,,,11695085
2026-06-29T09:00:09.760154,2026-06-28T23:00:10.188593+00:00,99.9,50,bid,,,11695118
2026-06-29T09:00:10.194274,2026-06-28T23:00:10.628593+00:00,99.8,41,ask,,,11695126
2026-06-29T09:00:10.329073,2026-06-28T23:00:10.760593+00:00,99.8,25,ask,,,11695128
2026-06-29T09:00:10.537146,2026-06-28T23:00:10.969593+00:00,99.8,25,ask,,,11695139
2026-06-29T09:00:10.746010,2026-06-28T23:00:11.178593+00:00,99.8,25,ask,,,11695144
2026-06-29T09:00:10.790305,2026-06-28T23:00:11.222593+00:00,99.9,44,bid,,,11695146
2026-06-29T09:00:13.097232,2026-06-28T23:00:13.532171+00:00,99.7,40,bid,,,11695187
2026-06-29T09:00:13.967615,2026-06-28T23:00:14.400680+00:00,99.7,25,bid,,,11695201
2026-06-29T09:00:14.024230,2026-06-28T23:00:14.455680+00:00,99.6,5,ask,,,11695202
2026-06-29T09:00:14.024230,2026-06-28T23:00:14.455680+00:00,99.6,45,ask,,,11695203
2026-06-29T09:00:15.446822,2026-06-28T23:00:15.874689+00:00,100.1,49,bid,,,11695240
2026-06-29T09:00:16.149148,2026-06-28T23:00:16.578267+00:00,99.7,50,ask,,,11695255
2026-06-29T09:00:18.254547,2026-06-28T23:00:18.688727+00:00,99.7,50,ask,,,11695297
2026-06-29T09:00:18.559393,2026-06-28T23:00:18.996727+00:00,99.7,42,ask,,,11695305
2026-06-29T09:00:19.644826,2026-06-28T23:00:20.074727+00:00,99.7,8,ask,,,11695319
2026-06-29T09:00:19.644826,2026-06-28T23:00:20.074727+00:00,99.5,4,ask,,,11695320
2026-06-29T09:00:19.644826,2026-06-28T23:00:20.074727+00:00,99.5,29,ask,,,11695321
2026-06-29T09:00:20.361072,2026-06-28T23:00:20.789795+00:00,99.6,4,ask,,,11695332
2026-06-29T09:00:20.361072,2026-06-28T23:00:20.789795+00:00,99.5,46,ask,,,11695333
2026-06-29T09:00:20.588770,2026-06-28T23:00:21.020824+00:00,99.8,25,bid,,,11695338
2026-06-29T09:00:20.799048,2026-06-28T23:00:21.229850+00:00,99.8,25,bid,,,11695345
2026-06-29T09:00:22.471675,2026-06-28T23:00:22.901266+00:00,99.6,50,ask,,,11695372
2026-06-29T09:00:23.614552,2026-06-28T23:00:24.044823+00:00,99.9,1,bid,,,11695393
2026-06-29T09:00:24.576793,2026-06-28T23:00:25.011822+00:00,99.6,2,ask,,,11695421
2026-06-29T09:00:24.576793,2026-06-28T23:00:25.011822+00:00,99.6,48,ask,,,11695422
2026-06-29T09:00:26.686931,2026-06-28T23:00:27.112392+00:00,99.6,50,ask,,,11695471
2026-06-29T09:00:27.252781,2026-06-28T23:00:27.684395+00:00,99.8,44,bid,,,11695483
2026-06-29T09:00:28.793113,2026-06-28T23:00:29.224552+00:00,99.6,50,ask,,,11695517
2026-06-29T09:00:28.978678,2026-06-28T23:00:29.411552+00:00,99.6,47,ask,,,11695522
2026-06-29T09:00:31.806298,2026-06-28T23:00:32.238552+00:00,99.5,42,bid,,,11695589
2026-06-29T09:00:32.950171,2026-06-28T23:00:33.380984+00:00,99.5,50,bid,,,11695625
2026-06-29T09:00:35.439848,2026-06-28T23:00:35.867013+00:00,99.7,41,bid,,,11695680
2026-06-29T09:00:37.164525,2026-06-28T23:00:37.593578+00:00,99.6,50,bid,,,11695705
2026-06-29T09:00:39.271549,2026-06-28T23:00:39.703828+00:00,99.6,50,bid,,,11695744
2026-06-29T09:00:39.716796,2026-06-28T23:00:40.143828+00:00,99.6,100,ask,,,11695752
2026-06-29T09:00:41.378559,2026-06-28T23:00:41.804828+00:00,99.7,1,bid,,,11695779
2026-06-29T09:00:41.378559,2026-06-28T23:00:41.815828+00:00,100.1,49,bid,,,11695780
2026-06-29T09:00:43.486709,2026-06-28T23:00:43.916535+00:00,99.7,50,bid,,,11695820
2026-06-29T09:00:45.065294,2026-06-28T23:00:45.500535+00:00,99.5,3,ask,,,11695839
2026-06-29T09:00:45.065294,2026-06-28T23:00:45.500535+00:00,99.3,38,ask,,,11695840
2026-06-29T09:00:45.595307,2026-06-28T23:00:46.028068+00:00,99.7,50,bid,,,11695846
2026-06-29T09:00:45.756756,2026-06-28T23:00:46.181640+00:00,99.7,1,bid,,,11695848
2026-06-29T09:00:46.427016,2026-06-28T23:00:46.863631+00:00,99.7,1,ask,,,11695856
2026-06-29T09:00:46.461918,2026-06-28T23:00:46.896630+00:00,99.7,25,ask,,,11695859
2026-06-29T09:00:46.526762,2026-06-28T23:00:46.951630+00:00,99.7,1,ask,,,11695861
2026-06-29T09:00:46.599710,2026-06-28T23:00:47.028630+00:00,99.7,1,ask,,,11695864
2026-06-29T09:00:46.662421,2026-06-28T23:00:47.094630+00:00,99.7,1,ask,,,11695866
2026-06-29T09:00:46.670803,2026-06-28T23:00:47.105630+00:00,99.7,25,ask,,,11695867
2026-06-29T09:00:46.689980,2026-06-28T23:00:47.116630+00:00,99.7,1,ask,,,11695869
2026-06-29T09:00:46.718975,2026-06-28T23:00:47.149639+00:00,99.7,1,ask,,,11695870
2026-06-29T09:00:46.879788,2026-06-28T23:00:47.314639+00:00,99.7,25,ask,,,11695871
2026-06-29T09:00:47.091671,2026-06-28T23:00:47.523630+00:00,99.7,25,ask,,,11695876
2026-06-29T09:00:47.301587,2026-06-28T23:00:47.732639+00:00,99.7,25,ask,,,11695884
2026-06-29T09:00:47.511437,2026-06-28T23:00:47.940771+00:00,99.7,18,ask,,,11695892
2026-06-29T09:00:47.702326,2026-06-28T23:00:48.127771+00:00,99.8,50,bid,,,11695896
2026-06-29T09:00:49.814803,2026-06-28T23:00:50.250764+00:00,99.5,50,bid,,,11695930
2026-06-29T09:00:50.144963,2026-06-28T23:00:50.569764+00:00,99.5,49,bid,,,11695941
2026-06-29T09:00:50.726867,2026-06-28T23:00:51.152298+00:00,99.4,3,ask,,,11695947
2026-06-29T09:00:50.726867,2026-06-28T23:00:51.163298+00:00,99.3,38,ask,,,11695948
2026-06-29T09:00:50.735223,2026-06-28T23:00:51.163298+00:00,99.5,25,bid,,,11695950
2026-06-29T09:00:50.945796,2026-06-28T23:00:51.372289+00:00,99.5,25,bid,,,11695954
2026-06-29T09:00:51.155160,2026-06-28T23:00:51.581289+00:00,99.5,1,bid,,,11695963
2026-06-29T09:00:51.305700,2026-06-28T23:00:51.735289+00:00,99.3,44,ask,,,11695974
2026-06-29T09:00:51.923487,2026-06-28T23:00:52.351298+00:00,99.7,1,bid,,,11695987
2026-06-29T09:00:51.923487,2026-06-28T23:00:52.362298+00:00,99.8,49,bid,,,11695988
2026-06-29T09:00:52.834685,2026-06-28T23:00:53.275054+00:00,99.6,47,ask,,,11696010
2026-06-29T09:00:53.726813,2026-06-28T23:00:54.154964+00:00,99.7,44,bid,,,11696033
2026-06-29T09:00:54.030408,2026-06-28T23:00:54.473964+00:00,99.7,50,bid,,,11696037
2026-06-29T09:00:54.765677,2026-06-28T23:00:55.200074+00:00,99.6,25,ask,,,11696050
2026-06-29T09:00:54.977377,2026-06-28T23:00:55.409074+00:00,99.6,25,ask,,,11696059
2026-06-29T09:00:56.188486,2026-06-28T23:00:56.618521+00:00,99.4,50,ask,,,11696087
2026-06-29T09:00:58.293885,2026-06-28T23:00:58.730152+00:00,99.4,50,ask,,,11696112
2026-06-29T09:01:00.400930,2026-06-28T23:01:00.831172+00:00,99.3,50,ask,,,11696147
2026-06-29T09:01:00.967825,2026-06-28T23:01:01.403171+00:00,99.7,5,bid,,,11696156
2026-06-29T09:01:00.967825,2026-06-28T23:01:01.403171+00:00,99.8,40,bid,,,11696157
2026-06-29T09:01:01.907326,2026-06-28T23:01:02.337706+00:00,99.2,45,ask,,,11696175
2026-06-29T09:01:02.506938,2026-06-28T23:01:02.942815+00:00,99.2,50,ask,,,11696189
2026-06-29T09:01:02.956517,2026-06-28T23:01:03.382815+00:00,99.7,5,bid,,,11696197
2026-06-29T09:01:02.956517,2026-06-28T23:01:03.393815+00:00,99.7,40,bid,,,11696198
2026-06-29T09:01:04.321594,2026-06-28T23:01:04.746816+00:00,99.2,44,ask,,,11696217
2026-06-29T09:01:04.638037,2026-06-28T23:01:05.065815+00:00,99.2,11,ask,,,11696221
2026-06-29T09:01:04.638037,2026-06-28T23:01:05.065815+00:00,99.2,39,ask,,,11696222
2026-06-29T09:01:04.814378,2026-06-28T23:01:05.241836+00:00,99.4,25,bid,,,11696224
2026-06-29T09:01:05.026723,2026-06-28T23:01:05.461835+00:00,99.4,25,bid,,,11696230
2026-06-29T09:01:05.314606,2026-06-28T23:01:05.747836+00:00,99.4,42,bid,,,11696236
2026-06-29T09:01:06.228927,2026-06-28T23:01:06.660235+00:00,99.2,45,ask,,,11696265
2026-06-29T09:01:06.644115,2026-06-28T23:01:07.078235+00:00,99.4,25,bid,,,11696269
2026-06-29T09:01:06.694718,2026-06-28T23:01:07.122235+00:00,99.4,33,bid,,,11696270
2026-06-29T09:01:06.775427,2026-06-28T23:01:07.210235+00:00,99.7,5,bid,,,11696272
2026-06-29T09:01:06.775427,2026-06-28T23:01:07.210235+00:00,99.7,44,bid,,,11696273
2026-06-29T09:01:06.852833,2026-06-28T23:01:07.287235+00:00,99.6,5,bid,,,11696275
2026-06-29T09:01:07.262443,2026-06-28T23:01:07.694235+00:00,99.6,5,bid,,,11696288
2026-06-29T09:01:07.838063,2026-06-28T23:01:08.264871+00:00,99.7,46,bid,,,11696299
2026-06-29T09:01:07.871553,2026-06-28T23:01:08.297872+00:00,99.7,10,bid,,,11696302
2026-06-29T09:01:07.871553,2026-06-28T23:01:08.297872+00:00,99.7,5,bid,,,11696303
2026-06-29T09:01:08.800223,2026-06-28T23:01:09.231880+00:00,100.1,50,bid,,,11696320
2026-06-29T09:01:09.686549,2026-06-28T23:01:10.111880+00:00,99.7,4,ask,,,11696327
2026-06-29T09:01:10.771842,2026-06-28T23:01:11.200880+00:00,99.7,46,ask,,,11696342
2026-06-29T09:01:10.958398,2026-06-28T23:01:11.387880+00:00,99.7,50,ask,,,11696345
2026-06-29T09:01:11.298439,2026-06-28T23:01:11.728880+00:00,99.7,100,bid,,,11696346
2026-06-29T09:01:11.688326,2026-06-28T23:01:12.113881+00:00,99.7,25,bid,,,11696350
2026-06-29T09:01:13.065287,2026-06-28T23:01:13.498860+00:00,99.4,1,ask,,,11696382
2026-06-29T09:01:13.065287,2026-06-28T23:01:13.498860+00:00,99.2,49,ask,,,11696383
2026-06-29T09:01:14.277860,2026-06-28T23:01:14.708860+00:00,99.6,46,ask,,,11696400
2026-06-29T09:01:15.173914,2026-06-28T23:01:15.599880+00:00,99.6,50,ask,,,11696418
2026-06-29T09:01:17.292909,2026-06-28T23:01:17.733484+00:00,99.6,50,ask,,,11696449
2026-06-29T09:01:17.444042,2026-06-28T23:01:17.876483+00:00,99.5,4,ask,,,11696456
2026-06-29T09:01:17.444042,2026-06-28T23:01:17.876483+00:00,99.4,100,ask,,,11696457
2026-06-29T09:01:17.764618,2026-06-28T23:01:18.194723+00:00,99.3,42,bid,,,11696462
2026-06-29T09:01:17.908793,2026-06-28T23:01:18.337723+00:00,99.3,4,bid,,,11696466
2026-06-29T09:01:17.908793,2026-06-28T23:01:18.337723+00:00,99.4,1,bid,,,11696467
2026-06-29T09:01:17.920665,2026-06-28T23:01:18.348723+00:00,99.4,2,bid,,,11696470
2026-06-29T09:01:18.125367,2026-06-28T23:01:18.557744+00:00,99.4,2,bid,,,11696475
2026-06-29T09:01:19.098970,2026-06-28T23:01:19.525744+00:00,99.4,4,bid,,,11696497
2026-06-29T09:01:19.400510,2026-06-28T23:01:19.833744+00:00,98.9,50,ask,,,11696499
2026-06-29T09:01:19.804497,2026-06-28T23:01:20.239853+00:00,99.4,4,bid,,,11696502
2026-06-29T09:01:19.873993,2026-06-28T23:01:20.305853+00:00,99.4,4,bid,,,11696504
2026-06-29T09:01:19.980874,2026-06-28T23:01:20.415764+00:00,99.4,4,bid,,,11696509
2026-06-29T09:01:20.147531,2026-06-28T23:01:20.580764+00:00,99.4,4,bid,,,11696511
2026-06-29T09:01:20.553564,2026-06-28T23:01:20.987764+00:00,99.4,75,bid,,,11696520
2026-06-29T09:01:21.095601,2026-06-28T23:01:21.526755+00:00,99.7,1,ask,,,11696531
2026-06-29T09:01:21.121779,2026-06-28T23:01:21.548755+00:00,99.7,2,ask,,,11696532
2026-06-29T09:01:21.156838,2026-06-28T23:01:21.592764+00:00,99.7,1,ask,,,11696534
2026-06-29T09:01:21.455885,2026-06-28T23:01:21.888764+00:00,99.9,50,bid,,,11696541
2026-06-29T09:01:21.766918,2026-06-28T23:01:22.196764+00:00,99.7,1,ask,,,11696542
2026-06-29T09:01:21.821022,2026-06-28T23:01:22.251764+00:00,99.7,1,ask,,,11696543
2026-06-29T09:01:21.844271,2026-06-28T23:01:22.273764+00:00,99.7,1,ask,,,11696544
2026-06-29T09:01:21.940623,2026-06-28T23:01:22.372764+00:00,99.7,1,ask,,,11696547
2026-06-29T09:01:21.982483,2026-06-28T23:01:22.416764+00:00,99.7,1,ask,,,11696548
2026-06-29T09:01:22.007610,2026-06-28T23:01:22.438764+00:00,99.7,1,ask,,,11696549
2026-06-29T09:01:22.035928,2026-06-28T23:01:22.471764+00:00,99.7,1,ask,,,11696551
2026-06-29T09:01:22.068516,2026-06-28T23:01:22.493764+00:00,99.7,1,ask,,,11696552
2026-06-29T09:01:22.213230,2026-06-28T23:01:22.647764+00:00,99.7,1,ask,,,11696567
2026-06-29T09:01:23.086236,2026-06-28T23:01:23.515461+00:00,99.7,1,ask,,,11696585
2026-06-29T09:01:23.639122,2026-06-28T23:01:24.065452+00:00,99.7,50,ask,,,11696608
2026-06-29T09:01:25.517374,2026-06-28T23:01:25.946907+00:00,99.8,47,bid,,,11696650
2026-06-29T09:01:25.694629,2026-06-28T23:01:26.122477+00:00,99.8,50,bid,,,11696653
2026-06-29T09:01:27.068302,2026-06-28T23:01:27.497477+00:00,99.7,41,ask,,,11696673
2026-06-29T09:01:27.800637,2026-06-28T23:01:28.233224+00:00,100.2,50,bid,,,11696686
2026-06-29T09:01:31.448921,2026-06-28T23:01:31.884778+00:00,100.1,45,bid,,,11696744
2026-06-29T09:01:31.502607,2026-06-28T23:01:31.928778+00:00,99.7,40,ask,,,11696747
2026-06-29T09:01:32.010293,2026-06-28T23:01:32.445778+00:00,100.1,50,bid,,,11696757
2026-06-29T09:01:32.064040,2026-06-28T23:01:32.489778+00:00,99.7,40,ask,,,11696758
2026-06-29T09:01:33.492235,2026-06-28T23:01:33.919003+00:00,100.1,100,ask,,,11696779
2026-06-29T09:01:34.172766,2026-06-28T23:01:34.601003+00:00,100.1,50,ask,,,11696789
2026-06-29T09:01:36.282738,2026-06-28T23:01:36.712586+00:00,99.6,3,ask,,,11696837
2026-06-29T09:01:36.282738,2026-06-28T23:01:36.712586+00:00,99.5,47,ask,,,11696838
2026-06-29T09:01:38.118348,2026-06-28T23:01:38.550616+00:00,99.8,45,ask,,,11696887
2026-06-29T09:01:38.397315,2026-06-28T23:01:38.825616+00:00,99.8,50,ask,,,11696897
2026-06-29T09:01:40.503638,2026-06-28T23:01:40.937636+00:00,99.7,50,ask,,,11696940
2026-06-29T09:01:42.609962,2026-06-28T23:01:43.037304+00:00,99.7,50,ask,,,11696981
2026-06-29T09:01:43.133729,2026-06-28T23:01:43.565304+00:00,99.8,41,bid,,,11696986
2026-06-29T09:01:44.187766,2026-06-28T23:01:44.621304+00:00,99.8,48,bid,,,11697011
2026-06-29T09:01:44.717699,2026-06-28T23:01:45.149315+00:00,99.5,50,ask,,,11697023
2026-06-29T09:01:46.449914,2026-06-28T23:01:46.875412+00:00,99.8,45,ask,,,11697049
2026-06-29T09:01:46.824464,2026-06-28T23:01:47.260421+00:00,99.8,50,ask,,,11697063
2026-06-29T09:01:47.576948,2026-06-28T23:01:48.018171+00:00,99.9,49,bid,,,11697076
2026-06-29T09:01:49.166274,2026-06-28T23:01:49.602171+00:00,99.7,1,ask,,,11697109
2026-06-29T09:01:50.776195,2026-06-28T23:01:51.208171+00:00,99.7,43,ask,,,11697134
2026-06-29T09:01:50.982974,2026-06-28T23:01:51.417171+00:00,99.9,50,bid,,,11697136
2026-06-29T09:01:52.201101,2026-06-28T23:01:52.627171+00:00,100.0,4,bid,,,11697164
2026-06-29T09:01:52.426507,2026-06-28T23:01:52.858171+00:00,100.0,7,bid,,,11697172
2026-06-29T09:01:53.760638,2026-06-28T23:01:54.187704+00:00,100.0,45,bid,,,11697199
2026-06-29T09:01:54.241699,2026-06-28T23:01:54.671705+00:00,100.0,2,bid,,,11697212
2026-06-29T09:01:55.245956,2026-06-28T23:01:55.672725+00:00,99.7,2,ask,,,11697221
2026-06-29T09:01:55.245956,2026-06-28T23:01:55.683725+00:00,99.6,48,ask,,,11697222
2026-06-29T09:01:56.953314,2026-06-28T23:01:57.388304+00:00,99.6,47,bid,,,11697274
2026-06-29T09:01:57.354801,2026-06-28T23:01:57.784296+00:00,99.4,50,ask,,,11697281
2026-06-29T09:01:58.620630,2026-06-28T23:01:59.048566+00:00,99.4,49,ask,,,11697300
2026-06-29T09:01:59.461561,2026-06-28T23:01:59.895566+00:00,99.4,50,ask,,,11697320
2026-06-29T09:02:00.338036,2026-06-28T23:02:00.764100+00:00,99.6,3,bid,,,11697328
2026-06-29T09:02:00.613734,2026-06-28T23:02:01.039091+00:00,99.6,3,bid,,,11697334
2026-06-29T09:02:00.637855,2026-06-28T23:02:01.072099+00:00,99.6,3,bid,,,11697335
2026-06-29T09:02:00.746135,2026-06-28T23:02:01.182099+00:00,99.6,3,bid,,,11697339
2026-06-29T09:02:01.134931,2026-06-28T23:02:01.567099+00:00,99.6,2,bid,,,11697346
2026-06-29T09:02:01.516469,2026-06-28T23:02:01.952100+00:00,99.6,50,bid,,,11697355
2026-06-29T09:02:02.566648,2026-06-28T23:02:02.997222+00:00,99.8,5,bid,,,11697368
2026-06-29T09:02:02.566648,2026-06-28T23:02:02.997222+00:00,99.9,44,bid,,,11697369
2026-06-29T09:02:03.623779,2026-06-28T23:02:04.053221+00:00,99.9,50,bid,,,11697394
2026-06-29T09:02:04.162043,2026-06-28T23:02:04.592222+00:00,99.5,1,ask,,,11697406
2026-06-29T09:02:04.162043,2026-06-28T23:02:04.592222+00:00,99.5,47,ask,,,11697407
2026-06-29T09:02:05.647646,2026-06-28T23:02:06.077241+00:00,99.7,46,bid,,,11697448
2026-06-29T09:02:05.702245,2026-06-28T23:02:06.131837+00:00,99.6,45,ask,,,11697450
2026-06-29T09:02:05.735566,2026-06-28T23:02:06.164836+00:00,99.7,50,bid,,,11697453
2026-06-29T09:02:07.774440,2026-06-28T23:02:08.209093+00:00,99.7,4,bid,,,11697494
2026-06-29T09:02:07.774440,2026-06-28T23:02:08.209093+00:00,99.8,2,bid,,,11697495
2026-06-29T09:02:07.774440,2026-06-28T23:02:08.209093+00:00,100.1,34,bid,,,11697496
2026-06-29T09:02:07.894738,2026-06-28T23:02:08.330093+00:00,99.6,50,ask,,,11697500
2026-06-29T09:02:10.029328,2026-06-28T23:02:10.464093+00:00,99.4,50,ask,,,11697554
2026-06-29T09:02:10.428047,2026-06-28T23:02:10.860093+00:00,99.4,44,ask,,,11697563
2026-06-29T09:02:11.410084,2026-06-28T23:02:11.839114+00:00,99.5,100,bid,,,11697585
2026-06-29T09:02:12.084657,2026-06-28T23:02:12.510114+00:00,99.5,50,bid,,,11697591
2026-06-29T09:02:13.640481,2026-06-28T23:02:14.071243+00:00,99.9,5,bid,,,11697626
2026-06-29T09:02:13.640481,2026-06-28T23:02:14.071243+00:00,100.1,41,bid,,,11697627
2026-06-29T09:02:14.216955,2026-06-28T23:02:14.643235+00:00,100.1,50,bid,,,11697630
2026-06-29T09:02:14.736392,2026-06-28T23:02:15.171243+00:00,99.6,47,ask,,,11697639
2026-06-29T09:02:15.697285,2026-06-28T23:02:16.127929+00:00,99.6,40,ask,,,11697653
2026-06-29T09:02:16.273547,2026-06-28T23:02:16.699929+00:00,100.0,42,bid,,,11697669
2026-06-29T09:02:16.329366,2026-06-28T23:02:16.765929+00:00,100.0,50,bid,,,11697671
2026-06-29T09:02:16.879301,2026-06-28T23:02:17.304929+00:00,99.6,49,ask,,,11697678
2026-06-29T09:02:17.734911,2026-06-28T23:02:18.161699+00:00,99.6,1,bid,,,11697695
2026-06-29T09:02:17.737736,2026-06-28T23:02:18.172698+00:00,99.6,100,bid,,,11697696
2026-06-29T09:02:18.439438,2026-06-28T23:02:18.865233+00:00,99.6,49,bid,,,11697704
2026-06-29T09:02:18.439438,2026-06-28T23:02:18.876233+00:00,99.9,1,bid,,,11697705
2026-06-29T09:02:20.546509,2026-06-28T23:02:20.977232+00:00,99.9,5,bid,,,11697750
2026-06-29T09:02:20.546509,2026-06-28T23:02:20.977232+00:00,100.3,45,bid,,,11697751
2026-06-29T09:02:22.197917,2026-06-28T23:02:22.627243+00:00,100.0,40,bid,,,11697777
2026-06-29T09:02:22.678028,2026-06-28T23:02:23.110361+00:00,100.0,50,bid,,,11697787
2026-06-29T09:02:22.764923,2026-06-28T23:02:23.198370+00:00,99.5,43,ask,,,11697788
2026-06-29T09:02:24.788284,2026-06-28T23:02:25.221903+00:00,99.8,50,bid,,,11697824
2026-06-29T09:02:26.319277,2026-06-28T23:02:26.750494+00:00,99.7,4,ask,,,11697847
2026-06-29T09:02:26.912272,2026-06-28T23:02:27.344494+00:00,99.8,50,bid,,,11697861
2026-06-29T09:02:28.447384,2026-06-28T23:02:28.873625+00:00,99.8,42,ask,,,11697894
2026-06-29T09:02:29.039520,2026-06-28T23:02:29.467625+00:00,100.2,50,bid,,,11697910
2026-06-29T09:02:30.416000,2026-06-28T23:02:30.842624+00:00,100.3,42,bid,,,11697931
2026-06-29T09:02:31.151541,2026-06-28T23:02:31.579616+00:00,100.1,50,bid,,,11697944
2026-06-29T09:02:32.399925,2026-06-28T23:02:32.833624+00:00,100.1,41,bid,,,11697956
2026-06-29T09:02:33.257219,2026-06-28T23:02:33.690742+00:00,100.1,9,bid,,,11697963
2026-06-29T09:02:33.257219,2026-06-28T23:02:33.690742+00:00,100.3,41,bid,,,11697964
2026-06-29T09:02:33.520352,2026-06-28T23:02:33.954742+00:00,100.3,1,ask,,,11697974
2026-06-29T09:02:35.323613,2026-06-28T23:02:35.758754+00:00,100.3,3,ask,,,11698001
2026-06-29T09:02:35.332740,2026-06-28T23:02:35.758754+00:00,100.3,5,ask,,,11698002
2026-06-29T09:02:35.444591,2026-06-28T23:02:35.879753+00:00,100.3,50,ask,,,11698004
2026-06-29T09:02:37.500234,2026-06-28T23:02:37.935874+00:00,100.7,50,bid,,,11698049
2026-06-29T09:02:37.755540,2026-06-28T23:02:38.188087+00:00,100.2,46,ask,,,11698055
2026-06-29T09:02:39.608035,2026-06-28T23:02:40.036087+00:00,100.7,50,bid,,,11698093
2026-06-29T09:02:39.839279,2026-06-28T23:02:40.267087+00:00,100.2,49,ask,,,11698099
2026-06-29T09:02:41.768497,2026-06-28T23:02:42.194078+00:00,100.1,50,ask,,,11698144
2026-06-29T09:02:43.874284,2026-06-28T23:02:44.304764+00:00,100.1,50,ask,,,11698184
2026-06-29T09:02:45.929780,2026-06-28T23:02:46.361396+00:00,100.4,2,bid,,,11698228
2026-06-29T09:02:45.929780,2026-06-28T23:02:46.361396+00:00,100.6,48,bid,,,11698229
2026-06-29T09:02:48.036386,2026-06-28T23:02:48.462008+00:00,100.4,6,bid,,,11698271
2026-06-29T09:02:48.036386,2026-06-28T23:02:48.473007+00:00,100.5,44,bid,,,11698272
2026-06-29T09:02:48.851930,2026-06-28T23:02:49.286008+00:00,100.4,7,bid,,,11698283
2026-06-29T09:02:48.851930,2026-06-28T23:02:49.286008+00:00,100.5,39,bid,,,11698284
2026-06-29T09:02:49.137230,2026-06-28T23:02:49.572007+00:00,100.4,7,bid,,,11698288
2026-06-29T09:02:49.400371,2026-06-28T23:02:49.836008+00:00,100.9,45,bid,,,11698294
2026-06-29T09:02:50.208866,2026-06-28T23:02:50.639007+00:00,100.4,50,ask,,,11698309
2026-06-29T09:02:51.913209,2026-06-28T23:02:52.344028+00:00,100.4,44,ask,,,11698344
2026-06-29T09:02:52.263279,2026-06-28T23:02:52.696028+00:00,100.5,3,bid,,,11698348
2026-06-29T09:02:52.435806,2026-06-28T23:02:52.871545+00:00,100.2,1,ask,,,11698349
2026-06-29T09:02:54.369766,2026-06-28T23:02:54.806659+00:00,100.6,50,bid,,,11698386
2026-06-29T09:02:55.511798,2026-06-28T23:02:55.939659+00:00,100.3,43,ask,,,11698414
2026-06-29T09:02:56.526057,2026-06-28T23:02:56.962206+00:00,100.3,50,ask,,,11698428
2026-06-29T09:02:56.596429,2026-06-28T23:02:57.028205+00:00,100.7,44,bid,,,11698430
2026-06-29T09:02:57.215053,2026-06-28T23:02:57.644205+00:00,100.7,44,bid,,,11698438
2026-06-29T09:02:58.652711,2026-06-28T23:02:59.084002+00:00,100.2,50,ask,,,11698455
2026-06-29T09:02:59.166132,2026-06-28T23:02:59.601001+00:00,100.4,48,ask,,,11698470
2026-06-29T09:03:00.218431,2026-06-28T23:03:00.657002+00:00,100.4,45,ask,,,11698488
2026-06-29T09:03:00.758943,2026-06-28T23:03:01.185022+00:00,100.4,7,ask,,,11698500
2026-06-29T09:03:00.758943,2026-06-28T23:03:01.196022+00:00,100.1,43,ask,,,11698501
2026-06-29T09:03:02.867232,2026-06-28T23:03:03.296140+00:00,100.1,50,ask,,,11698530
2026-06-29T09:03:04.973974,2026-06-28T23:03:05.408161+00:00,100.1,50,ask,,,11698573
2026-06-29T09:03:06.867946,2026-06-28T23:03:07.299256+00:00,100.4,49,bid,,,11698604
2026-06-29T09:03:07.028764,2026-06-28T23:03:07.464257+00:00,100.4,50,bid,,,11698608
2026-06-29T09:03:07.207241,2026-06-28T23:03:07.640257+00:00,100.4,1,bid,,,11698613
2026-06-29T09:03:08.217971,2026-06-28T23:03:08.651484+00:00,100.5,3,bid,,,11698628
2026-06-29T09:03:09.188939,2026-06-28T23:03:09.618838+00:00,100.3,50,ask,,,11698642
2026-06-29T09:03:09.829124,2026-06-28T23:03:10.256838+00:00,100.5,1,bid,,,11698657
2026-06-29T09:03:10.265646,2026-06-28T23:03:10.696838+00:00,100.6,42,bid,,,11698667
2026-06-29T09:03:11.299783,2026-06-28T23:03:11.730858+00:00,100.3,50,ask,,,11698679
2026-06-29T09:03:11.652272,2026-06-28T23:03:12.082858+00:00,100.3,49,bid,,,11698694
2026-06-29T09:03:15.048525,2026-06-28T23:03:15.481043+00:00,100.5,1,bid,,,11698757
2026-06-29T09:03:15.861834,2026-06-28T23:03:16.294156+00:00,100.5,1,bid,,,11698792
2026-06-29T09:03:17.565292,2026-06-28T23:03:17.999279+00:00,100.6,50,bid,,,11698825
2026-06-29T09:03:18.090487,2026-06-28T23:03:18.516288+00:00,100.3,48,ask,,,11698839
2026-06-29T09:03:19.646208,2026-06-28T23:03:20.078734+00:00,100.7,45,bid,,,11698868
2026-06-29T09:03:21.775524,2026-06-28T23:03:22.201726+00:00,100.6,2,bid,,,11698901
2026-06-29T09:03:21.775524,2026-06-28T23:03:22.212725+00:00,100.6,48,bid,,,11698902
2026-06-29T09:03:23.906811,2026-06-28T23:03:24.335867+00:00,100.6,50,bid,,,11698937
2026-06-29T09:03:25.313449,2026-06-28T23:03:25.743878+00:00,100.5,41,ask,,,11698956
2026-06-29T09:03:26.065137,2026-06-28T23:03:26.502898+00:00,100.5,50,ask,,,11698976
2026-06-29T09:03:28.171427,2026-06-28T23:03:28.602548+00:00,100.5,50,ask,,,11699004
2026-06-29T09:03:29.393272,2026-06-28T23:03:29.823547+00:00,100.5,40,ask,,,11699019
2026-06-29T09:03:30.279020,2026-06-28T23:03:30.714547+00:00,100.4,1,ask,,,11699041
2026-06-29T09:03:30.279020,2026-06-28T23:03:30.714547+00:00,100.3,49,ask,,,11699042
2026-06-29T09:03:32.387730,2026-06-28T23:03:32.815538+00:00,100.2,50,ask,,,11699093
2026-06-29T09:03:33.097259,2026-06-28T23:03:33.530685+00:00,100.6,40,bid,,,11699103
2026-06-29T09:03:34.088583,2026-06-28T23:03:34.520685+00:00,100.4,44,bid,,,11699135
2026-06-29T09:03:34.493786,2026-06-28T23:03:34.927684+00:00,100.1,50,ask,,,11699137
2026-06-29T09:03:36.608705,2026-06-28T23:03:37.038779+00:00,100.1,50,ask,,,11699185
2026-06-29T09:03:37.256806,2026-06-28T23:03:37.687782+00:00,100.3,40,bid,,,11699197
2026-06-29T09:03:37.468469,2026-06-28T23:03:37.896779+00:00,100.3,2,bid,,,11699199
2026-06-29T09:03:37.646609,2026-06-28T23:03:38.082037+00:00,100.3,2,bid,,,11699202
2026-06-29T09:03:37.743582,2026-06-28T23:03:38.181037+00:00,100.3,2,bid,,,11699203
2026-06-29T09:03:37.770971,2026-06-28T23:03:38.203037+00:00,100.3,2,bid,,,11699204
2026-06-29T09:03:37.796894,2026-06-28T23:03:38.225037+00:00,100.3,2,bid,,,11699205
2026-06-29T09:03:38.672878,2026-06-28T23:03:39.104571+00:00,100.3,1,bid,,,11699228
2026-06-29T09:03:38.717067,2026-06-28T23:03:39.148571+00:00,100.1,50,ask,,,11699229
2026-06-29T09:03:38.721283,2026-06-28T23:03:39.148571+00:00,100.3,1,bid,,,11699230
2026-06-29T09:03:38.749778,2026-06-28T23:03:39.181571+00:00,100.3,1,bid,,,11699231
2026-06-29T09:03:38.779728,2026-06-28T23:03:39.214571+00:00,100.3,1,bid,,,11699232
2026-06-29T09:03:39.702169,2026-06-28T23:03:40.138571+00:00,100.3,1,bid,,,11699250
2026-06-29T09:03:39.729907,2026-06-28T23:03:40.160570+00:00,100.3,1,bid,,,11699251
2026-06-29T09:03:39.773154,2026-06-28T23:03:40.204571+00:00,100.3,1,bid,,,11699252
2026-06-29T09:03:39.806513,2026-06-28T23:03:40.237570+00:00,100.3,1,bid,,,11699254
2026-06-29T09:03:40.174228,2026-06-28T23:03:40.600591+00:00,99.9,44,ask,,,11699267
2026-06-29T09:03:40.838160,2026-06-28T23:03:41.271591+00:00,99.9,50,ask,,,11699287
2026-06-29T09:03:42.947899,2026-06-28T23:03:43.383248+00:00,99.8,50,ask,,,11699334
2026-06-29T09:03:43.009251,2026-06-28T23:03:43.438248+00:00,99.8,50,ask,,,11699339
2026-06-29T09:03:45.054859,2026-06-28T23:03:45.484249+00:00,99.5,50,ask,,,11699378
2026-06-29T09:03:47.161458,2026-06-28T23:03:47.595197+00:00,99.4,50,ask,,,11699417
2026-06-29T09:03:49.216638,2026-06-28T23:03:49.651418+00:00,99.8,50,bid,,,11699454
2026-06-29T09:03:49.906714,2026-06-28T23:03:50.333418+00:00,99.4,47,ask,,,11699471
2026-06-29T09:03:50.958892,2026-06-28T23:03:51.389418+00:00,99.6,42,bid,,,11699490
2026-06-29T09:03:51.376595,2026-06-28T23:03:51.807438+00:00,99.4,50,ask,,,11699498
2026-06-29T09:03:51.558820,2026-06-28T23:03:51.994438+00:00,99.4,3,ask,,,11699499
2026-06-29T09:03:52.168739,2026-06-28T23:03:52.599438+00:00,99.6,40,bid,,,11699509
2026-06-29T09:03:53.432760,2026-06-28T23:03:53.864555+00:00,99.4,50,bid,,,11699542
2026-06-29T09:03:54.044626,2026-06-28T23:03:54.480555+00:00,99.4,43,bid,,,11699559
2026-06-29T09:03:55.559260,2026-06-28T23:03:55.987555+00:00,99.4,7,bid,,,11699592
2026-06-29T09:03:57.158096,2026-06-28T23:03:57.593117+00:00,99.3,46,ask,,,11699626
2026-06-29T09:03:57.665413,2026-06-28T23:03:58.097852+00:00,99.8,50,bid,,,11699644
2026-06-29T09:03:59.772197,2026-06-28T23:04:00.198441+00:00,99.7,50,bid,,,11699684
2026-06-29T09:04:03.453198,2026-06-28T23:04:03.882740+00:00,99.3,40,ask,,,11699746
2026-06-29T09:04:03.985540,2026-06-28T23:04:04.421741+00:00,99.7,50,bid,,,11699759
2026-06-29T09:04:04.569369,2026-06-28T23:04:05.004761+00:00,99.7,46,bid,,,11699776
2026-06-29T09:04:05.086513,2026-06-28T23:04:05.521761+00:00,99.8,100,bid,,,11699790
2026-06-29T09:04:06.094248,2026-06-28T23:04:06.522315+00:00,99.9,3,bid,,,11699806
2026-06-29T09:04:06.094248,2026-06-28T23:04:06.533315+00:00,100.1,47,bid,,,11699807
2026-06-29T09:04:07.436001,2026-06-28T23:04:07.864316+00:00,99.8,4,ask,,,11699827
2026-06-29T09:04:08.203207,2026-06-28T23:04:08.633601+00:00,99.9,7,bid,,,11699852
2026-06-29T09:04:08.203207,2026-06-28T23:04:08.633601+00:00,100.1,43,bid,,,11699853
2026-06-29T09:04:08.511178,2026-06-28T23:04:08.941601+00:00,99.7,100,bid,,,11699860
2026-06-29T09:04:09.018910,2026-06-28T23:04:09.447601+00:00,99.2,49,ask,,,11699873
2026-06-29T09:04:09.671325,2026-06-28T23:04:10.107135+00:00,99.7,47,bid,,,11699889
2026-06-29T09:04:10.313249,2026-06-28T23:04:10.745135+00:00,99.7,3,bid,,,11699899
2026-06-29T09:04:10.313249,2026-06-28T23:04:10.745135+00:00,99.9,6,bid,,,11699900
2026-06-29T09:04:10.313249,2026-06-28T23:04:10.745135+00:00,100.2,41,bid,,,11699901
2026-06-29T09:04:12.424004,2026-06-28T23:04:12.857135+00:00,99.9,3,bid,,,11699945
2026-06-29T09:04:12.424004,2026-06-28T23:04:12.857135+00:00,100.2,47,bid,,,11699946
2026-06-29T09:04:14.532221,2026-06-28T23:04:14.958420+00:00,100.2,50,bid,,,11699983
2026-06-29T09:04:15.112663,2026-06-28T23:04:15.541420+00:00,100.0,43,ask,,,11700006
2026-06-29T09:04:16.689415,2026-06-28T23:04:17.124510+00:00,100.0,50,ask,,,11700034
2026-06-29T09:04:20.590050,2026-06-28T23:04:21.017798+00:00,99.7,1,ask,,,11700108
2026-06-29T09:04:20.590050,2026-06-28T23:04:21.017798+00:00,99.7,48,ask,,,11700109
2026-06-29T09:04:20.898294,2026-06-28T23:04:21.325797+00:00,99.7,50,ask,,,11700113
2026-06-29T09:04:22.954778,2026-06-28T23:04:23.381449+00:00,100.0,50,bid,,,11700156
2026-06-29T09:04:23.872008,2026-06-28T23:04:24.305449+00:00,100.0,46,bid,,,11700171
2026-06-29T09:04:24.531556,2026-06-28T23:04:24.965449+00:00,99.8,48,ask,,,11700185
2026-06-29T09:04:25.958721,2026-06-28T23:04:26.395490+00:00,99.8,44,ask,,,11700215
2026-06-29T09:04:27.166225,2026-06-28T23:04:27.594489+00:00,99.9,50,bid,,,11700233
2026-06-29T09:04:29.288423,2026-06-28T23:04:29.717613+00:00,100.2,50,bid,,,11700280
2026-06-29T09:04:31.395301,2026-06-28T23:04:31.829723+00:00,100.1,50,bid,,,11700319
2026-06-29T09:04:32.105617,2026-06-28T23:04:32.533743+00:00,100.1,45,bid,,,11700331
2026-06-29T09:04:33.723054,2026-06-28T23:04:34.150002+00:00,100.0,43,ask,,,11700367
2026-06-29T09:04:33.896304,2026-06-28T23:04:34.326001+00:00,100.0,100,ask,,,11700373
2026-06-29T09:04:34.300162,2026-06-28T23:04:34.732010+00:00,100.0,7,ask,,,11700391
2026-06-29T09:04:34.792494,2026-06-28T23:04:35.227010+00:00,100.1,3,bid,,,11700397
2026-06-29T09:04:34.792494,2026-06-28T23:04:35.227010+00:00,100.5,42,bid,,,11700398
2026-06-29T09:04:35.605591,2026-06-28T23:04:36.041010+00:00,100.5,50,bid,,,11700413
2026-06-29T09:04:35.712407,2026-06-28T23:04:36.150576+00:00,100.5,40,bid,,,11700419
2026-06-29T09:04:39.828037,2026-06-28T23:04:40.263593+00:00,100.2,3,bid,,,11700506
2026-06-29T09:04:40.814648,2026-06-28T23:04:41.242593+00:00,100.3,3,bid,,,11700527
2026-06-29T09:04:41.389071,2026-06-28T23:04:41.825593+00:00,100.0,44,ask,,,11700537
2026-06-29T09:04:41.934271,2026-06-28T23:04:42.364593+00:00,100.5,50,bid,,,11700544
2026-06-29T09:04:44.050874,2026-06-28T23:04:44.485892+00:00,100.4,50,bid,,,11700590
2026-06-29T09:04:45.300777,2026-06-28T23:04:45.728427+00:00,100.4,41,bid,,,11700608
2026-06-29T09:04:46.161331,2026-06-28T23:04:46.596627+00:00,100.4,9,bid,,,11700630
2026-06-29T09:04:46.161331,2026-06-28T23:04:46.596627+00:00,100.4,3,bid,,,11700631
2026-06-29T09:04:46.636573,2026-06-28T23:04:47.069628+00:00,100.1,25,ask,,,11700641
2026-06-29T09:04:48.293737,2026-06-28T23:04:48.730186+00:00,100.4,50,bid,,,11700688
2026-06-29T09:04:48.696907,2026-06-28T23:04:49.126177+00:00,100.1,43,ask,,,11700696
2026-06-29T09:04:50.787423,2026-06-28T23:04:51.215720+00:00,100.3,48,ask,,,11700732
2026-06-29T09:04:52.327251,2026-06-28T23:04:52.755722+00:00,100.5,1,bid,,,11700751
2026-06-29T09:04:52.327251,2026-06-28T23:04:52.755722+00:00,100.6,41,bid,,,11700752
2026-06-29T09:04:54.660179,2026-06-28T23:04:55.087293+00:00,100.2,2,ask,,,11700792
2026-06-29T09:04:54.660179,2026-06-28T23:04:55.098293+00:00,100.2,48,ask,,,11700793
2026-06-29T09:04:55.724133,2026-06-28T23:04:56.153867+00:00,100.5,1,bid,,,11700825
2026-06-29T09:04:56.033383,2026-06-28T23:04:56.461867+00:00,100.5,149,ask,,,11700831
2026-06-29T09:04:56.060975,2026-06-28T23:04:56.494867+00:00,100.4,25,ask,,,11700833
2026-06-29T09:04:56.270213,2026-06-28T23:04:56.703867+00:00,100.4,25,ask,,,11700835
2026-06-29T09:04:56.506266,2026-06-28T23:04:56.934867+00:00,100.4,25,ask,,,11700845
2026-06-29T09:04:56.768281,2026-06-28T23:04:57.198867+00:00,100.4,25,ask,,,11700852
2026-06-29T09:04:56.768281,2026-06-28T23:04:57.198867+00:00,100.2,2,ask,,,11700853
2026-06-29T09:04:58.244169,2026-06-28T23:04:58.683488+00:00,100.2,4,ask,,,11700896
2026-06-29T09:04:58.976241,2026-06-28T23:04:59.409488+00:00,100.2,25,bid,,,11700911
2026-06-29T09:04:58.980239,2026-06-28T23:04:59.409488+00:00,100.2,2,bid,,,11700912
2026-06-29T09:04:59.078060,2026-06-28T23:04:59.508488+00:00,100.2,5,bid,,,11700919
2026-06-29T09:04:59.188683,2026-06-28T23:04:59.618488+00:00,100.2,25,bid,,,11700923
2026-06-29T09:04:59.196227,2026-06-28T23:04:59.629488+00:00,100.2,2,bid,,,11700924
2026-06-29T09:04:59.405859,2026-06-28T23:04:59.838488+00:00,100.2,25,bid,,,11700927
2026-06-29T09:04:59.410239,2026-06-28T23:04:59.838488+00:00,100.2,2,bid,,,11700928
2026-06-29T09:04:59.537587,2026-06-28T23:04:59.970479+00:00,100.2,64,bid,,,11700929
2026-06-29T09:05:00.861452,2026-06-28T23:05:01.290021+00:00,100.5,44,bid,,,11700963
2026-06-29T09:05:00.980251,2026-06-28T23:05:01.411021+00:00,100.0,50,ask,,,11700964
2026-06-29T09:05:02.043024,2026-06-28T23:05:02.478022+00:00,100.5,56,bid,,,11700994
2026-06-29T09:05:03.094650,2026-06-28T23:05:03.534146+00:00,100.5,50,ask,,,11701016
2026-06-29T09:05:04.667896,2026-06-28T23:05:05.096166+00:00,100.5,44,ask,,,11701040
2026-06-29T09:05:04.667896,2026-06-28T23:05:05.096166+00:00,100.3,5,ask,,,11701041
2026-06-29T09:05:05.150820,2026-06-28T23:05:05.591175+00:00,100.8,50,bid,,,11701046
2026-06-29T09:05:05.256895,2026-06-28T23:05:05.690175+00:00,100.3,95,ask,,,11701049
2026-06-29T09:05:06.874290,2026-06-28T23:05:07.306726+00:00,100.3,55,bid,,,11701078
2026-06-29T09:05:07.259837,2026-06-28T23:05:07.691725+00:00,100.5,50,bid,,,11701085
2026-06-29T09:05:08.071396,2026-06-28T23:05:08.504448+00:00,100.5,44,bid,,,11701095
2026-06-29T09:05:08.366811,2026-06-28T23:05:08.801448+00:00,100.5,6,bid,,,11701102
2026-06-29T09:05:09.367606,2026-06-28T23:05:09.801982+00:00,100.9,50,bid,,,11701113
2026-06-29T09:05:11.473986,2026-06-28T23:05:11.902973+00:00,100.7,1,bid,,,11701139
2026-06-29T09:05:11.473986,2026-06-28T23:05:11.902973+00:00,100.9,49,bid,,,11701140
2026-06-29T09:05:11.866862,2026-06-28T23:05:12.298982+00:00,100.7,25,ask,,,11701149
2026-06-29T09:05:12.078294,2026-06-28T23:05:12.507982+00:00,100.7,25,ask,,,11701152
2026-06-29T09:05:12.288119,2026-06-28T23:05:12.716973+00:00,100.7,25,ask,,,11701158
2026-06-29T09:05:12.498123,2026-06-28T23:05:12.925981+00:00,100.7,25,ask,,,11701163
2026-06-29T09:05:13.580524,2026-06-28T23:05:14.014538+00:00,100.8,50,bid,,,11701174
2026-06-29T09:05:14.790756,2026-06-28T23:05:15.224501+00:00,100.6,47,ask,,,11701184
2026-06-29T09:05:15.693857,2026-06-28T23:05:16.137070+00:00,100.9,50,bid,,,11701192
2026-06-29T09:05:19.959781,2026-06-28T23:05:20.392888+00:00,100.7,50,ask,,,11701258
2026-06-29T09:05:20.027701,2026-06-28T23:05:20.458888+00:00,101.1,46,bid,,,11701261
2026-06-29T09:05:20.101353,2026-06-28T23:05:20.535888+00:00,100.7,43,ask,,,11701265
2026-06-29T09:05:21.632349,2026-06-28T23:05:22.064888+00:00,100.9,48,bid,,,11701293
2026-06-29T09:05:22.070786,2026-06-28T23:05:22.504422+00:00,100.8,50,ask,,,11701299
2026-06-29T09:05:22.257237,2026-06-28T23:05:22.691422+00:00,100.8,100,ask,,,11701305
2026-06-29T09:05:22.325211,2026-06-28T23:05:22.757422+00:00,100.7,5,ask,,,11701306
2026-06-29T09:05:24.125954,2026-06-28T23:05:24.561563+00:00,100.9,50,bid,,,11701356
2026-06-29T09:05:24.241661,2026-06-28T23:05:24.671563+00:00,100.7,4,ask,,,11701359
2026-06-29T09:05:24.249674,2026-06-28T23:05:24.682563+00:00,100.7,35,bid,,,11701360
2026-06-29T09:05:24.279787,2026-06-28T23:05:24.715563+00:00,100.7,30,bid,,,11701362
2026-06-29T09:05:24.463045,2026-06-28T23:05:24.891563+00:00,100.7,81,bid,,,11701366
2026-06-29T09:05:26.232256,2026-06-28T23:05:26.662141+00:00,101.3,50,bid,,,11701417
2026-06-29T09:05:26.770570,2026-06-28T23:05:27.201132+00:00,100.8,19,ask,,,11701431
2026-06-29T09:05:26.770570,2026-06-28T23:05:27.201132+00:00,100.2,21,ask,,,11701432
2026-06-29T09:05:28.394355,2026-06-28T23:05:28.828274+00:00,100.9,44,ask,,,11701461
2026-06-29T09:05:31.133070,2026-06-28T23:05:31.566714+00:00,101.2,47,bid,,,11701518
2026-06-29T09:05:32.248759,2026-06-28T23:05:32.677723+00:00,100.8,4,ask,,,11701542
2026-06-29T09:05:32.248759,2026-06-28T23:05:32.677723+00:00,100.7,42,ask,,,11701543
2026-06-29T09:05:32.552194,2026-06-28T23:05:32.984856+00:00,101.1,1,bid,,,11701550
2026-06-29T09:05:32.552194,2026-06-28T23:05:32.984856+00:00,101.2,49,bid,,,11701551
2026-06-29T09:05:33.941817,2026-06-28T23:05:34.370864+00:00,101.3,43,bid,,,11701572
2026-06-29T09:05:34.661303,2026-06-28T23:05:35.096864+00:00,101.2,50,bid,,,11701589
2026-06-29T09:05:34.957487,2026-06-28T23:05:35.393864+00:00,101.2,48,bid,,,11701595
2026-06-29T09:05:36.030988,2026-06-28T23:05:36.460453+00:00,100.8,45,ask,,,11701610
2026-06-29T09:05:36.762519,2026-06-28T23:05:37.197454+00:00,100.9,1,ask,,,11701619
2026-06-29T09:05:36.766192,2026-06-28T23:05:37.197454+00:00,101.2,2,bid,,,11701620
2026-06-29T09:05:36.766192,2026-06-28T23:05:37.197454+00:00,101.2,5,bid,,,11701621
2026-06-29T09:05:36.766192,2026-06-28T23:05:37.197454+00:00,101.3,43,bid,,,11701622
2026-06-29T09:05:36.846930,2026-06-28T23:05:37.274454+00:00,101.0,65,ask,,,11701624
2026-06-29T09:05:36.979173,2026-06-28T23:05:37.406454+00:00,101.0,25,ask,,,11701630
2026-06-29T09:05:37.190191,2026-06-28T23:05:37.626454+00:00,101.0,25,ask,,,11701636
2026-06-29T09:05:37.400583,2026-06-28T23:05:37.835454+00:00,101.0,25,ask,,,11701639
2026-06-29T09:05:38.180211,2026-06-28T23:05:38.615410+00:00,101.0,10,ask,,,11701653
2026-06-29T09:05:38.180211,2026-06-28T23:05:38.615410+00:00,100.9,1,ask,,,11701654
2026-06-29T09:05:38.180211,2026-06-28T23:05:38.615410+00:00,100.9,37,ask,,,11701655
2026-06-29T09:05:39.354094,2026-06-28T23:05:39.781411+00:00,101.2,4,bid,,,11701679
2026-06-29T09:05:39.354094,2026-06-28T23:05:39.792410+00:00,101.4,37,bid,,,11701680
2026-06-29T09:05:40.077848,2026-06-28T23:05:40.518401+00:00,101.0,1,ask,,,11701697
2026-06-29T09:05:40.077848,2026-06-28T23:05:40.518401+00:00,100.9,63,ask,,,11701698
2026-06-29T09:05:41.036104,2026-06-28T23:05:41.464410+00:00,100.8,50,ask,,,11701715
2026-06-29T09:05:41.347940,2026-06-28T23:05:41.783410+00:00,100.8,41,ask,,,11701720
2026-06-29T09:05:43.110895,2026-06-28T23:05:43.542968+00:00,100.8,9,ask,,,11701748
2026-06-29T09:05:44.308387,2026-06-28T23:05:44.741970+00:00,100.8,44,bid,,,11701764
2026-06-29T09:05:44.543853,2026-06-28T23:05:44.983979+00:00,100.8,1,bid,,,11701775
2026-06-29T09:05:45.247618,2026-06-28T23:05:45.676979+00:00,100.4,50,ask,,,11701786
2026-06-29T09:05:45.285223,2026-06-28T23:05:45.720979+00:00,100.8,44,bid,,,11701787
2026-06-29T09:05:47.359469,2026-06-28T23:05:47.787968+00:00,100.8,50,ask,,,11701837
2026-06-29T09:05:49.472179,2026-06-28T23:05:49.899534+00:00,100.8,50,ask,,,11701868
2026-06-29T09:05:49.763050,2026-06-28T23:05:50.196534+00:00,100.3,46,ask,,,11701878
2026-06-29T09:05:51.578723,2026-06-28T23:05:52.011534+00:00,100.3,50,ask,,,11701907
2026-06-29T09:05:52.728419,2026-06-28T23:05:53.165685+00:00,100.7,4,ask,,,11701922
2026-06-29T09:05:52.746157,2026-06-28T23:05:53.176684+00:00,100.4,48,bid,,,11701924
2026-06-29T09:05:52.761318,2026-06-28T23:05:53.198685+00:00,100.4,98,bid,,,11701926
2026-06-29T09:05:53.685650,2026-06-28T23:05:54.122685+00:00,100.3,50,ask,,,11701951
2026-06-29T09:05:54.407088,2026-06-28T23:05:54.837705+00:00,100.8,45,bid,,,11701964
2026-06-29T09:05:55.802283,2026-06-28T23:05:56.233800+00:00,100.3,50,ask,,,11701990
2026-06-29T09:05:56.354862,2026-06-28T23:05:56.785799+00:00,100.6,32,bid,,,11702001
2026-06-29T09:05:56.448883,2026-06-28T23:05:56.884800+00:00,100.6,25,bid,,,11702007
2026-06-29T09:05:56.663369,2026-06-28T23:05:57.093799+00:00,100.6,25,bid,,,11702010
2026-06-29T09:05:56.875244,2026-06-28T23:05:57.302800+00:00,100.6,18,bid,,,11702022
2026-06-29T09:05:57.908817,2026-06-28T23:05:58.335977+00:00,100.5,50,ask,,,11702048
2026-06-29T09:06:00.040204,2026-06-28T23:06:00.469977+00:00,100.7,50,ask,,,11702077
2026-06-29T09:06:01.687812,2026-06-28T23:06:02.119997+00:00,100.7,25,ask,,,11702118
2026-06-29T09:06:01.897034,2026-06-28T23:06:02.328997+00:00,100.7,25,ask,,,11702126
2026-06-29T09:06:03.112797,2026-06-28T23:06:03.549089+00:00,100.5,25,bid,,,11702155
2026-06-29T09:06:03.321308,2026-06-28T23:06:03.758090+00:00,100.5,25,bid,,,11702157
2026-06-29T09:06:03.531532,2026-06-28T23:06:03.967089+00:00,100.5,25,bid,,,11702162
2026-06-29T09:06:03.741037,2026-06-28T23:06:04.176090+00:00,100.5,25,bid,,,11702166
2026-06-29T09:06:04.041431,2026-06-28T23:06:04.473089+00:00,100.2,43,ask,,,11702169
2026-06-29T09:06:04.249807,2026-06-28T23:06:04.682089+00:00,100.2,50,ask,,,11702171
2026-06-29T09:06:04.537497,2026-06-28T23:06:04.968089+00:00,100.7,43,bid,,,11702179
2026-06-29T09:06:05.178709,2026-06-28T23:06:05.606090+00:00,100.2,47,ask,,,11702189
2026-06-29T09:06:05.557893,2026-06-28T23:06:05.991089+00:00,100.5,25,bid,,,11702203
2026-06-29T09:06:05.560493,2026-06-28T23:06:05.991089+00:00,100.5,100,bid,,,11702204
2026-06-29T09:06:05.767698,2026-06-28T23:06:06.199200+00:00,100.5,25,bid,,,11702207
2026-06-29T09:06:06.357200,2026-06-28T23:06:06.793200+00:00,100.0,50,ask,,,11702218
2026-06-29T09:06:08.329910,2026-06-28T23:06:08.760431+00:00,100.0,43,ask,,,11702244
2026-06-29T09:06:10.570259,2026-06-28T23:06:11.004451+00:00,100.2,50,ask,,,11702292
2026-06-29T09:06:10.987969,2026-06-28T23:06:11.422451+00:00,100.7,46,bid,,,11702299
2026-06-29T09:06:12.675486,2026-06-28T23:06:13.104587+00:00,100.2,50,ask,,,11702335
2026-06-29T09:06:13.036057,2026-06-28T23:06:13.467586+00:00,100.2,46,ask,,,11702341
2026-06-29T09:06:14.882674,2026-06-28T23:06:15.315586+00:00,100.2,100,ask,,,11702387
2026-06-29T09:06:14.994410,2026-06-28T23:06:15.425587+00:00,100.1,5,bid,,,11702389
2026-06-29T09:06:15.209306,2026-06-28T23:06:15.645586+00:00,100.1,7,bid,,,11702396
2026-06-29T09:06:16.266088,2026-06-28T23:06:16.701165+00:00,100.1,3,bid,,,11702409
2026-06-29T09:06:16.835128,2026-06-28T23:06:17.273164+00:00,100.1,35,bid,,,11702420
2026-06-29T09:06:16.835128,2026-06-28T23:06:17.273164+00:00,100.1,15,bid,,,11702421
2026-06-29T09:06:17.099040,2026-06-28T23:06:17.526165+00:00,100.1,44,bid,,,11702429
2026-06-29T09:06:17.991907,2026-06-28T23:06:18.427250+00:00,100.1,41,bid,,,11702453
2026-06-29T09:06:18.743812,2026-06-28T23:06:19.175250+00:00,100.6,41,bid,,,11702471
2026-06-29T09:06:18.941877,2026-06-28T23:06:19.373250+00:00,100.6,50,bid,,,11702475
2026-06-29T09:06:19.339330,2026-06-28T23:06:19.769250+00:00,100.3,47,ask,,,11702477
2026-06-29T09:06:21.049069,2026-06-28T23:06:21.485270+00:00,100.6,9,bid,,,11702511
2026-06-29T09:06:21.049069,2026-06-28T23:06:21.485270+00:00,100.6,4,bid,,,11702512
2026-06-29T09:06:21.049069,2026-06-28T23:06:21.485270+00:00,100.8,37,bid,,,11702513
2026-06-29T09:06:21.334221,2026-06-28T23:06:21.771270+00:00,100.6,45,bid,,,11702519
2026-06-29T09:06:24.435934,2026-06-28T23:06:24.872434+00:00,100.6,1,bid,,,11702580
2026-06-29T09:06:25.261711,2026-06-28T23:06:25.697434+00:00,100.9,50,bid,,,11702593
2026-06-29T09:06:26.604616,2026-06-28T23:06:27.038697+00:00,100.6,46,ask,,,11702616
2026-06-29T09:06:27.368661,2026-06-28T23:06:27.797697+00:00,100.9,50,bid,,,11702629
2026-06-29T09:06:29.476086,2026-06-28T23:06:29.908826+00:00,100.7,50,bid,,,11702670
2026-06-29T09:06:30.645286,2026-06-28T23:06:31.074834+00:00,100.7,50,bid,,,11702691
2026-06-29T09:06:31.583647,2026-06-28T23:06:32.020369+00:00,101.1,50,bid,,,11702712
2026-06-29T09:06:31.652612,2026-06-28T23:06:32.086368+00:00,100.7,25,ask,,,11702715
2026-06-29T09:06:31.860911,2026-06-28T23:06:32.295369+00:00,100.7,25,ask,,,11702720
2026-06-29T09:06:32.069134,2026-06-28T23:06:32.504360+00:00,100.7,25,ask,,,11702729
2026-06-29T09:06:32.279360,2026-06-28T23:06:32.713368+00:00,100.7,25,ask,,,11702737
2026-06-29T09:06:33.093062,2026-06-28T23:06:33.526096+00:00,100.6,25,ask,,,11702755
2026-06-29T09:06:33.329074,2026-06-28T23:06:33.757105+00:00,100.6,25,ask,,,11702758
2026-06-29T09:06:33.537196,2026-06-28T23:06:33.966105+00:00,100.6,25,ask,,,11702771
2026-06-29T09:06:33.690209,2026-06-28T23:06:34.120105+00:00,100.9,4,bid,,,11702774
2026-06-29T09:06:33.690209,2026-06-28T23:06:34.120105+00:00,101.1,46,bid,,,11702775
2026-06-29T09:06:33.859789,2026-06-28T23:06:34.296105+00:00,100.6,25,ask,,,11702776
2026-06-29T09:06:34.076651,2026-06-28T23:06:34.505105+00:00,100.4,100,bid,,,11702781
2026-06-29T09:06:34.151657,2026-06-28T23:06:34.582105+00:00,100.4,25,bid,,,11702783
2026-06-29T09:06:37.894691,2026-06-28T23:06:38.331951+00:00,100.7,47,ask,,,11702842
2026-06-29T09:06:37.952756,2026-06-28T23:06:38.386950+00:00,100.7,50,ask,,,11702843
2026-06-29T09:06:38.860162,2026-06-28T23:06:39.288950+00:00,100.9,43,bid,,,11702874
2026-06-29T09:06:40.073367,2026-06-28T23:06:40.509963+00:00,100.7,50,ask,,,11702896
2026-06-29T09:06:40.425677,2026-06-28T23:06:40.861971+00:00,100.4,44,ask,,,11702900
2026-06-29T09:06:42.074187,2026-06-28T23:06:42.500971+00:00,100.8,45,bid,,,11702932
2026-06-29T09:06:42.129663,2026-06-28T23:06:42.566971+00:00,100.8,50,bid,,,11702937
2026-06-29T09:06:43.572700,2026-06-28T23:06:44.007542+00:00,100.5,25,ask,,,11702969
2026-06-29T09:06:44.295138,2026-06-28T23:06:44.733542+00:00,100.5,50,ask,,,11702983
2026-06-29T09:06:46.402138,2026-06-28T23:06:46.834118+00:00,100.2,50,ask,,,11703026
2026-06-29T09:06:46.570983,2026-06-28T23:06:46.999119+00:00,100.5,41,bid,,,11703031
2026-06-29T09:06:46.895875,2026-06-28T23:06:47.329110+00:00,100.4,4,bid,,,11703042
2026-06-29T09:06:47.593519,2026-06-28T23:06:48.020553+00:00,100.4,25,bid,,,11703056
2026-06-29T09:06:47.665665,2026-06-28T23:06:48.097553+00:00,100.4,4,bid,,,11703058
2026-06-29T09:06:47.773550,2026-06-28T23:06:48.207553+00:00,100.4,4,bid,,,11703061
2026-06-29T09:06:47.803134,2026-06-28T23:06:48.240553+00:00,100.4,25,bid,,,11703063
2026-06-29T09:06:47.925613,2026-06-28T23:06:48.361553+00:00,100.4,4,bid,,,11703067
2026-06-29T09:06:48.514644,2026-06-28T23:06:48.944553+00:00,100.0,50,ask,,,11703072
2026-06-29T09:06:50.620683,2026-06-28T23:06:51.056573+00:00,99.9,50,ask,,,11703112
2026-06-29T09:06:52.736714,2026-06-28T23:06:53.179568+00:00,99.9,50,ask,,,11703151
2026-06-29T09:06:53.221315,2026-06-28T23:06:53.652568+00:00,100.2,25,bid,,,11703166
2026-06-29T09:06:53.433370,2026-06-28T23:06:53.861568+00:00,100.2,25,bid,,,11703173
2026-06-29T09:06:53.643395,2026-06-28T23:06:54.070560+00:00,100.2,25,bid,,,11703176
2026-06-29T09:06:53.860525,2026-06-28T23:06:54.290568+00:00,100.2,25,bid,,,11703185
2026-06-29T09:06:54.856011,2026-06-28T23:06:55.291559+00:00,99.9,43,ask,,,11703207
2026-06-29T09:06:55.495053,2026-06-28T23:06:55.929568+00:00,99.9,44,ask,,,11703220
2026-06-29T09:06:56.073081,2026-06-28T23:06:56.501119+00:00,100.2,2,bid,,,11703240
2026-06-29T09:06:56.482250,2026-06-28T23:06:56.919119+00:00,100.2,2,bid,,,11703246
2026-06-29T09:06:56.896474,2026-06-28T23:06:57.326119+00:00,100.2,50,bid,,,11703249
2026-06-29T09:06:58.713148,2026-06-28T23:06:59.150902+00:00,100.2,48,bid,,,11703283
2026-06-29T09:06:59.008108,2026-06-28T23:06:59.436903+00:00,100.2,48,bid,,,11703288
2026-06-29T09:06:59.008108,2026-06-28T23:06:59.436903+00:00,100.6,2,bid,,,11703289
2026-06-29T09:06:59.352720,2026-06-28T23:06:59.788903+00:00,100.2,1,ask,,,11703292
2026-06-29T09:06:59.352720,2026-06-28T23:06:59.788903+00:00,100.1,46,ask,,,11703293
2026-06-29T09:06:59.883309,2026-06-28T23:07:00.316902+00:00,100.4,40,bid,,,11703309
2026-06-29T09:07:01.114933,2026-06-28T23:07:01.548923+00:00,100.4,50,bid,,,11703330
2026-06-29T09:07:01.873055,2026-06-28T23:07:02.307923+00:00,100.2,1,ask,,,11703337
2026-06-29T09:07:01.873055,2026-06-28T23:07:02.307923+00:00,100.1,47,ask,,,11703338
2026-06-29T09:07:02.488163,2026-06-28T23:07:02.923924+00:00,100.0,40,bid,,,11703351
2026-06-29T09:07:02.501914,2026-06-28T23:07:02.934924+00:00,100.0,1,bid,,,11703353
2026-06-29T09:07:02.571812,2026-06-28T23:07:03.000475+00:00,100.0,100,bid,,,11703357
2026-06-29T09:07:03.226655,2026-06-28T23:07:03.660474+00:00,100.0,9,bid,,,11703376
2026-06-29T09:07:03.226655,2026-06-28T23:07:03.660474+00:00,100.5,41,bid,,,11703377
2026-06-29T09:07:05.334533,2026-06-28T23:07:05.761483+00:00,100.5,50,bid,,,11703422
2026-06-29T09:07:07.440954,2026-06-28T23:07:07.873071+00:00,100.6,1,bid,,,11703470
2026-06-29T09:07:07.440954,2026-06-28T23:07:07.873071+00:00,100.7,49,bid,,,11703471
2026-06-29T09:07:09.600830,2026-06-28T23:07:10.038111+00:00,100.4,50,ask,,,11703500
2026-06-29T09:07:09.913162,2026-06-28T23:07:10.346111+00:00,100.4,25,ask,,,11703510
2026-06-29T09:07:10.123518,2026-06-28T23:07:10.555111+00:00,100.4,25,ask,,,11703516
2026-06-29T09:07:11.707501,2026-06-28T23:07:12.138801+00:00,100.3,50,ask,,,11703539
2026-06-29T09:07:13.734037,2026-06-28T23:07:14.162378+00:00,100.5,43,bid,,,11703581
2026-06-29T09:07:13.813669,2026-06-28T23:07:14.250378+00:00,100.1,50,ask,,,11703584
2026-06-29T09:07:15.919819,2026-06-28T23:07:16.350935+00:00,100.2,50,ask,,,11703620
2026-06-29T09:07:16.509559,2026-06-28T23:07:16.944935+00:00,100.2,48,ask,,,11703630
2026-06-29T09:07:17.152781,2026-06-28T23:07:17.582935+00:00,100.2,2,ask,,,11703644
2026-06-29T09:07:18.026320,2026-06-28T23:07:18.462570+00:00,100.3,1,ask,,,11703653
2026-06-29T09:07:18.026320,2026-06-28T23:07:18.462570+00:00,99.9,49,ask,,,11703654
2026-06-29T09:07:18.047329,2026-06-28T23:07:18.484569+00:00,100.6,4,bid,,,11703655
2026-06-29T09:07:18.047329,2026-06-28T23:07:18.484569+00:00,100.7,43,bid,,,11703656
2026-06-29T09:07:18.528340,2026-06-28T23:07:18.957570+00:00,100.2,46,bid,,,11703673
2026-06-29T09:07:18.582545,2026-06-28T23:07:19.012569+00:00,100.0,46,ask,,,11703674
2026-06-29T09:07:20.082645,2026-06-28T23:07:20.519590+00:00,100.2,50,bid,,,11703711
2026-06-29T09:07:20.103853,2026-06-28T23:07:20.541590+00:00,100.0,41,ask,,,11703712
2026-06-29T09:07:20.919349,2026-06-28T23:07:21.355590+00:00,100.2,1,bid,,,11703728
2026-06-29T09:07:21.012945,2026-06-28T23:07:21.443590+00:00,100.2,1,bid,,,11703729
2026-06-29T09:07:21.089022,2026-06-28T23:07:21.520590+00:00,100.2,1,bid,,,11703730
2026-06-29T09:07:21.117802,2026-06-28T23:07:21.553590+00:00,100.2,1,bid,,,11703733
2026-06-29T09:07:21.160134,2026-06-28T23:07:21.597590+00:00,100.2,44,bid,,,11703735
2026-06-29T09:07:21.598546,2026-06-28T23:07:22.026590+00:00,100.3,100,ask,,,11703741
2026-06-29T09:07:22.240310,2026-06-28T23:07:22.675124+00:00,100.3,50,ask,,,11703750
2026-06-29T09:07:24.347520,2026-06-28T23:07:24.775766+00:00,99.8,50,ask,,,11703791
2026-06-29T09:07:25.569847,2026-06-28T23:07:25.996766+00:00,100.4,25,bid,,,11703815
2026-06-29T09:07:25.779498,2026-06-28T23:07:26.215890+00:00,100.4,25,bid,,,11703818
2026-06-29T09:07:25.989711,2026-06-28T23:07:26.424891+00:00,100.4,25,bid,,,11703829
2026-06-29T09:07:26.111904,2026-06-28T23:07:26.545891+00:00,100.1,41,ask,,,11703838
2026-06-29T09:07:26.455293,2026-06-28T23:07:26.886890+00:00,100.1,50,ask,,,11703839
2026-06-29T09:07:28.169227,2026-06-28T23:07:28.601677+00:00,100.3,42,bid,,,11703868
2026-06-29T09:07:28.512704,2026-06-28T23:07:28.942677+00:00,100.3,50,bid,,,11703880
2026-06-29T09:07:29.289799,2026-06-28T23:07:29.723677+00:00,100.2,46,ask,,,11703891
2026-06-29T09:07:29.403898,2026-06-28T23:07:29.833677+00:00,100.3,8,bid,,,11703893
2026-06-29T09:07:30.381763,2026-06-28T23:07:30.812676+00:00,100.5,1,bid,,,11703913
2026-06-29T09:07:30.381763,2026-06-28T23:07:30.812676+00:00,100.7,40,bid,,,11703914
2026-06-29T09:07:30.437557,2026-06-28T23:07:30.867677+00:00,100.2,47,ask,,,11703915
2026-06-29T09:07:30.618624,2026-06-28T23:07:31.054677+00:00,100.7,50,bid,,,11703920
2026-06-29T09:07:32.733202,2026-06-28T23:07:33.164873+00:00,100.5,3,bid,,,11703984
2026-06-29T09:07:32.733202,2026-06-28T23:07:33.164873+00:00,100.7,47,bid,,,11703985
2026-06-29T09:07:33.161392,2026-06-28T23:07:33.593873+00:00,100.2,2,ask,,,11703990
2026-06-29T09:07:33.161392,2026-06-28T23:07:33.593873+00:00,100.2,39,ask,,,11703991
2026-06-29T09:07:35.292374,2026-06-28T23:07:35.727903+00:00,101.0,41,bid,,,11704038
2026-06-29T09:07:35.860261,2026-06-28T23:07:36.288923+00:00,101.0,42,bid,,,11704045
2026-06-29T09:07:36.944164,2026-06-28T23:07:37.377380+00:00,101.0,17,bid,,,11704069
2026-06-29T09:07:38.221446,2026-06-28T23:07:38.651633+00:00,100.7,49,ask,,,11704098
2026-06-29T09:07:39.049716,2026-06-28T23:07:39.487523+00:00,101.0,50,bid,,,11704111
2026-06-29T09:07:39.942667,2026-06-28T23:07:40.389543+00:00,101.0,45,bid,,,11704125
2026-06-29T09:07:40.229264,2026-06-28T23:07:40.664543+00:00,100.9,3,ask,,,11704130
2026-06-29T09:07:41.163275,2026-06-28T23:07:41.599535+00:00,101.1,50,bid,,,11704149
2026-06-29T09:07:41.639217,2026-06-28T23:07:42.072544+00:00,100.9,1,ask,,,11704158
2026-06-29T09:07:41.851329,2026-06-28T23:07:42.281543+00:00,100.9,1,ask,,,11704167
2026-06-29T09:07:43.270859,2026-06-28T23:07:43.699629+00:00,101.1,50,bid,,,11704203
2026-06-29T09:07:44.265098,2026-06-28T23:07:44.700630+00:00,101.0,25,ask,,,11704214
2026-06-29T09:07:44.476429,2026-06-28T23:07:44.909629+00:00,101.0,25,ask,,,11704222
2026-06-29T09:07:44.686211,2026-06-28T23:07:45.118621+00:00,101.0,25,ask,,,11704233
2026-06-29T09:07:44.897587,2026-06-28T23:07:45.327620+00:00,101.0,25,ask,,,11704236
2026-06-29T09:07:45.166133,2026-06-28T23:07:45.602620+00:00,100.9,43,ask,,,11704245
2026-06-29T09:07:45.387156,2026-06-28T23:07:45.822629+00:00,101.4,50,bid,,,11704246
2026-06-29T09:07:45.804767,2026-06-28T23:07:46.240188+00:00,100.9,41,ask,,,11704253
2026-06-29T09:07:47.493326,2026-06-28T23:07:47.923188+00:00,101.2,50,bid,,,11704287
2026-06-29T09:07:49.600862,2026-06-28T23:07:50.033862+00:00,101.2,50,bid,,,11704316
2026-06-29T09:07:50.118587,2026-06-28T23:07:50.550420+00:00,101.0,6,ask,,,11704323
2026-06-29T09:07:50.328221,2026-06-28T23:07:50.759420+00:00,101.0,25,ask,,,11704331
2026-06-29T09:07:50.538250,2026-06-28T23:07:50.968420+00:00,101.0,25,ask,,,11704335
2026-06-29T09:07:50.749775,2026-06-28T23:07:51.177420+00:00,101.0,25,ask,,,11704345
2026-06-29T09:07:51.712503,2026-06-28T23:07:52.145420+00:00,101.4,50,bid,,,11704368
2026-06-29T09:07:53.166494,2026-06-28T23:07:53.597550+00:00,101.1,4,ask,,,11704391
2026-06-29T09:07:53.817798,2026-06-28T23:07:54.246558+00:00,101.3,50,bid,,,11704411
2026-06-29T09:07:54.892389,2026-06-28T23:07:55.324557+00:00,101.3,44,bid,,,11704444
2026-06-29T09:07:55.935714,2026-06-28T23:07:56.369109+00:00,101.3,6,bid,,,11704468
2026-06-29T09:07:55.935714,2026-06-28T23:07:56.369109+00:00,101.6,44,bid,,,11704469
2026-06-29T09:07:56.106479,2026-06-28T23:07:56.534109+00:00,101.4,150,ask,,,11704475
2026-06-29T09:07:56.474570,2026-06-28T23:07:56.908129+00:00,101.3,45,ask,,,11704491
2026-06-29T09:07:56.948205,2026-06-28T23:07:57.381129+00:00,101.3,50,ask,,,11704500
2026-06-29T09:07:57.086228,2026-06-28T23:07:57.524129+00:00,101.3,5,ask,,,11704506
2026-06-29T09:07:58.045949,2026-06-28T23:07:58.480368+00:00,101.8,50,bid,,,11704519
2026-06-29T09:08:00.152377,2026-06-28T23:08:00.581388+00:00,101.1,50,bid,,,11704558
2026-06-29T09:08:00.981044,2026-06-28T23:08:01.417388+00:00,101.1,43,bid,,,11704575
2026-06-29T09:08:02.259693,2026-06-28T23:08:02.693388+00:00,101.1,50,bid,,,11704601
2026-06-29T09:08:02.552790,2026-06-28T23:08:02.989945+00:00,101.1,47,ask,,,11704609
2026-06-29T09:08:04.416912,2026-06-28T23:08:04.848965+00:00,101.1,50,ask,,,11704648
2026-06-29T09:08:06.201552,2026-06-28T23:08:06.630034+00:00,101.1,2,ask,,,11704697
2026-06-29T09:08:06.522360,2026-06-28T23:08:06.960054+00:00,101.0,50,ask,,,11704702
2026-06-29T09:08:07.699376,2026-06-28T23:08:08.136690+00:00,101.3,1,bid,,,11704720
2026-06-29T09:08:07.699376,2026-06-28T23:08:08.136690+00:00,101.4,41,bid,,,11704721
2026-06-29T09:08:08.629441,2026-06-28T23:08:09.060690+00:00,101.1,2,ask,,,11704740
2026-06-29T09:08:08.629441,2026-06-28T23:08:09.060690+00:00,101.0,48,ask,,,11704741
2026-06-29T09:08:10.688017,2026-06-28T23:08:11.117690+00:00,101.2,50,bid,,,11704779
2026-06-29T09:08:10.780396,2026-06-28T23:08:11.216690+00:00,101.2,43,bid,,,11704780
2026-06-29T09:08:12.794384,2026-06-28T23:08:13.229847+00:00,101.4,1,bid,,,11704812
2026-06-29T09:08:12.794384,2026-06-28T23:08:13.229847+00:00,101.6,49,bid,,,11704813
2026-06-29T09:08:14.901792,2026-06-28T23:08:15.341371+00:00,101.4,1,bid,,,11704862
2026-06-29T09:08:14.901792,2026-06-28T23:08:15.341371+00:00,101.6,49,bid,,,11704863
2026-06-29T09:08:14.932894,2026-06-28T23:08:15.363371+00:00,101.1,4,ask,,,11704870
2026-06-29T09:08:14.932894,2026-06-28T23:08:15.363371+00:00,101.1,36,ask,,,11704871
2026-06-29T09:08:16.028418,2026-06-28T23:08:16.462936+00:00,101.4,1,ask,,,11704894
2026-06-29T09:08:16.290719,2026-06-28T23:08:16.726926+00:00,101.6,40,bid,,,11704899
2026-06-29T09:08:17.011648,2026-06-28T23:08:17.441936+00:00,101.6,50,bid,,,11704915
2026-06-29T09:08:19.170488,2026-06-28T23:08:19.607980+00:00,101.5,50,ask,,,11704948
2026-06-29T09:08:20.324799,2026-06-28T23:08:20.762979+00:00,101.5,49,ask,,,11704971
2026-06-29T09:08:21.403656,2026-06-28T23:08:21.841000+00:00,101.5,100,ask,,,11704985
2026-06-29T09:08:23.382536,2026-06-28T23:08:23.810129+00:00,101.0,50,ask,,,11705031
2026-06-29T09:08:25.417058,2026-06-28T23:08:25.845130+00:00,101.1,49,ask,,,11705062
2026-06-29T09:08:25.439311,2026-06-28T23:08:25.867130+00:00,101.4,50,bid,,,11705063
2026-06-29T09:08:28.038357,2026-06-28T23:08:28.472894+00:00,101.4,100,ask,,,11705120
2026-06-29T09:08:29.703737,2026-06-28T23:08:30.133905+00:00,101.4,50,ask,,,11705145
2026-06-29T09:08:30.912738,2026-06-28T23:08:31.343935+00:00,101.3,5,ask,,,11705170
2026-06-29T09:08:30.972819,2026-06-28T23:08:31.409934+00:00,101.1,5,bid,,,11705172
2026-06-29T09:08:31.412814,2026-06-28T23:08:31.849935+00:00,101.1,5,bid,,,11705185
2026-06-29T09:08:32.243918,2026-06-28T23:08:32.674926+00:00,101.1,4,bid,,,11705196
2026-06-29T09:08:32.456410,2026-06-28T23:08:32.883935+00:00,101.1,4,bid,,,11705198
2026-06-29T09:08:32.826962,2026-06-28T23:08:33.257484+00:00,101.1,4,bid,,,11705208
2026-06-29T09:08:33.032245,2026-06-28T23:08:33.466493+00:00,101.1,4,bid,,,11705212
2026-06-29T09:08:33.916862,2026-06-28T23:08:34.346492+00:00,100.8,50,ask,,,11705235
2026-06-29T09:08:34.201255,2026-06-28T23:08:34.632492+00:00,101.0,43,bid,,,11705246
2026-06-29T09:08:36.023094,2026-06-28T23:08:36.458037+00:00,100.6,50,ask,,,11705269
2026-06-29T09:08:36.378745,2026-06-28T23:08:36.810037+00:00,101.0,45,bid,,,11705277
2026-06-29T09:08:38.130317,2026-06-28T23:08:38.557873+00:00,101.0,50,ask,,,11705309
2026-06-29T09:08:40.237070,2026-06-28T23:08:40.669893+00:00,101.0,50,ask,,,11705331
2026-06-29T09:08:41.731203,2026-06-28T23:08:42.165893+00:00,100.6,44,ask,,,11705354
2026-06-29T09:08:42.367144,2026-06-28T23:08:42.803893+00:00,100.6,50,ask,,,11705361
2026-06-29T09:08:42.949409,2026-06-28T23:08:43.385783+00:00,101.1,46,bid,,,11705375
2026-06-29T09:08:43.601894,2026-06-28T23:08:44.034784+00:00,100.7,6,ask,,,11705385
2026-06-29T09:08:43.601894,2026-06-28T23:08:44.045784+00:00,100.6,36,ask,,,11705386
2026-06-29T09:08:44.301876,2026-06-28T23:08:44.738317+00:00,100.9,25,bid,,,11705402
2026-06-29T09:08:44.472904,2026-06-28T23:08:44.903317+00:00,100.5,50,ask,,,11705406
2026-06-29T09:08:44.512319,2026-06-28T23:08:44.947317+00:00,100.9,25,bid,,,11705408
2026-06-29T09:08:44.732816,2026-06-28T23:08:45.167308+00:00,100.9,25,bid,,,11705413
2026-06-29T09:08:44.942621,2026-06-28T23:08:45.376308+00:00,100.9,25,bid,,,11705419
2026-06-29T09:08:45.152263,2026-06-28T23:08:45.585308+00:00,100.9,25,bid,,,11705427
2026-06-29T09:08:45.366157,2026-06-28T23:08:45.794308+00:00,100.9,25,bid,,,11705431
2026-06-29T09:08:45.745183,2026-06-28T23:08:46.178416+00:00,101.0,48,bid,,,11705438
2026-06-29T09:08:46.601876,2026-06-28T23:08:47.036407+00:00,100.5,50,ask,,,11705445
2026-06-29T09:08:46.685554,2026-06-28T23:08:47.124407+00:00,101.0,52,bid,,,11705449
2026-06-29T09:08:46.773086,2026-06-28T23:08:47.201407+00:00,101.0,25,ask,,,11705450
2026-06-29T09:08:48.728609,2026-06-28T23:08:49.158232+00:00,101.0,50,ask,,,11705479
2026-06-29T09:08:49.590395,2026-06-28T23:08:50.027252+00:00,101.0,23,ask,,,11705494
2026-06-29T09:08:51.134350,2026-06-28T23:08:51.567252+00:00,100.9,40,bid,,,11705519
2026-06-29T09:08:52.743252,2026-06-28T23:08:53.172817+00:00,100.7,3,ask,,,11705558
2026-06-29T09:08:52.743252,2026-06-28T23:08:53.172817+00:00,100.5,43,ask,,,11705559
2026-06-29T09:08:52.897053,2026-06-28T23:08:53.326817+00:00,100.9,50,bid,,,11705562
2026-06-29T09:08:55.056731,2026-06-28T23:08:55.493817+00:00,100.8,50,ask,,,11705607
2026-06-29T09:08:58.615317,2026-06-28T23:08:59.044719+00:00,100.7,2,ask,,,11705665
2026-06-29T09:08:59.266822,2026-06-28T23:08:59.704719+00:00,100.6,50,ask,,,11705692
2026-06-29T09:09:00.578342,2026-06-28T23:09:01.013730+00:00,100.5,47,ask,,,11705718
2026-06-29T09:09:01.372830,2026-06-28T23:09:01.805739+00:00,100.7,3,ask,,,11705732
2026-06-29T09:09:01.372830,2026-06-28T23:09:01.805739+00:00,100.5,47,ask,,,11705733
2026-06-29T09:09:02.245112,2026-06-28T23:09:02.674265+00:00,101.0,2,bid,,,11705757
2026-06-29T09:09:02.245112,2026-06-28T23:09:02.674265+00:00,101.0,45,bid,,,11705758
2026-06-29T09:09:03.036450,2026-06-28T23:09:03.465823+00:00,100.7,25,bid,,,11705775
2026-06-29T09:09:03.251224,2026-06-28T23:09:03.685823+00:00,100.7,25,bid,,,11705778
2026-06-29T09:09:03.461906,2026-06-28T23:09:03.894823+00:00,100.7,25,bid,,,11705780
2026-06-29T09:09:03.503548,2026-06-28T23:09:03.938823+00:00,100.4,50,ask,,,11705783
2026-06-29T09:09:03.671065,2026-06-28T23:09:04.103822+00:00,100.7,25,bid,,,11705789
2026-06-29T09:09:03.862744,2026-06-28T23:09:04.290823+00:00,100.7,50,bid,,,11705790
2026-06-29T09:09:04.369334,2026-06-28T23:09:04.796825+00:00,100.4,45,ask,,,11705800
2026-06-29T09:09:05.610327,2026-06-28T23:09:06.039823+00:00,100.4,5,ask,,,11705822
2026-06-29T09:09:05.610327,2026-06-28T23:09:06.039823+00:00,100.2,45,ask,,,11705823
2026-06-29T09:09:05.999834,2026-06-28T23:09:06.435387+00:00,100.7,100,ask,,,11705834
2026-06-29T09:09:06.826244,2026-06-28T23:09:07.260387+00:00,100.9,1,bid,,,11705845
2026-06-29T09:09:06.826244,2026-06-28T23:09:07.260387+00:00,101.2,44,bid,,,11705846
2026-06-29T09:09:07.407018,2026-06-28T23:09:07.843387+00:00,100.7,41,ask,,,11705855
2026-06-29T09:09:07.665799,2026-06-28T23:09:08.095070+00:00,100.9,1,bid,,,11705858
2026-06-29T09:09:07.665799,2026-06-28T23:09:08.095070+00:00,101.2,49,bid,,,11705859
2026-06-29T09:09:07.817515,2026-06-28T23:09:08.249070+00:00,100.9,2,bid,,,11705861
2026-06-29T09:09:07.867241,2026-06-28T23:09:08.304070+00:00,100.9,1,bid,,,11705863
2026-06-29T09:09:07.947387,2026-06-28T23:09:08.381070+00:00,100.9,2,bid,,,11705865
2026-06-29T09:09:08.360081,2026-06-28T23:09:08.788079+00:00,100.9,1,bid,,,11705869
2026-06-29T09:09:08.398646,2026-06-28T23:09:08.832070+00:00,100.9,1,bid,,,11705872
2026-06-29T09:09:08.678650,2026-06-28T23:09:09.107080+00:00,100.9,1,bid,,,11705881
2026-06-29T09:09:08.719379,2026-06-28T23:09:09.151079+00:00,100.9,1,bid,,,11705883
2026-06-29T09:09:08.750582,2026-06-28T23:09:09.184079+00:00,100.9,2,bid,,,11705885
2026-06-29T09:09:08.861939,2026-06-28T23:09:09.294079+00:00,100.9,1,bid,,,11705889
2026-06-29T09:09:09.778110,2026-06-28T23:09:10.207080+00:00,101.2,50,bid,,,11705900
2026-06-29T09:09:10.217120,2026-06-28T23:09:10.658079+00:00,100.9,1,bid,,,11705903
2026-06-29T09:09:16.093217,2026-06-28T23:09:16.530326+00:00,101.3,50,bid,,,11706018
2026-06-29T09:09:17.621393,2026-06-28T23:09:18.059004+00:00,101.3,49,bid,,,11706044
2026-06-29T09:09:18.254755,2026-06-28T23:09:18.686003+00:00,101.0,50,ask,,,11706052
2026-06-29T09:09:20.360978,2026-06-28T23:09:20.798003+00:00,100.8,4,ask,,,11706100
2026-06-29T09:09:20.360978,2026-06-28T23:09:20.798003+00:00,100.8,46,ask,,,11706101
2026-06-29T09:09:21.883356,2026-06-28T23:09:22.316024+00:00,101.1,42,bid,,,11706128
2026-06-29T09:09:22.468678,2026-06-28T23:09:22.899024+00:00,100.8,4,ask,,,11706145
2026-06-29T09:09:22.468678,2026-06-28T23:09:22.899024+00:00,100.7,46,ask,,,11706146
2026-06-29T09:09:22.927077,2026-06-28T23:09:23.362155+00:00,100.7,48,ask,,,11706154
2026-06-29T09:09:23.942218,2026-06-28T23:09:24.374164+00:00,101.1,45,bid,,,11706167
2026-06-29T09:09:24.575699,2026-06-28T23:09:25.012165+00:00,100.8,3,ask,,,11706178
2026-06-29T09:09:24.575699,2026-06-28T23:09:25.012165+00:00,100.7,6,ask,,,11706179
2026-06-29T09:09:24.575699,2026-06-28T23:09:25.012165+00:00,100.6,41,ask,,,11706180
2026-06-29T09:09:26.611704,2026-06-28T23:09:27.046509+00:00,100.8,3,ask,,,11706210
2026-06-29T09:09:26.611704,2026-06-28T23:09:27.046509+00:00,100.7,44,ask,,,11706211
2026-06-29T09:09:26.684551,2026-06-28T23:09:27.112528+00:00,100.8,5,ask,,,11706216
2026-06-29T09:09:26.684551,2026-06-28T23:09:27.123528+00:00,100.7,45,ask,,,11706217
2026-06-29T09:09:28.122386,2026-06-28T23:09:28.551756+00:00,100.8,5,ask,,,11706242
2026-06-29T09:09:28.122386,2026-06-28T23:09:28.551756+00:00,100.5,38,ask,,,11706243
2026-06-29T09:09:28.699529,2026-06-28T23:09:29.134298+00:00,100.9,45,bid,,,11706249
2026-06-29T09:09:28.790424,2026-06-28T23:09:29.222299+00:00,100.7,5,ask,,,11706252
2026-06-29T09:09:28.790424,2026-06-28T23:09:29.222299+00:00,100.5,45,ask,,,11706253
2026-06-29T09:09:29.279448,2026-06-28T23:09:29.717298+00:00,100.7,5,ask,,,11706270
2026-06-29T09:09:29.279448,2026-06-28T23:09:29.717298+00:00,100.5,17,ask,,,11706271
2026-06-29T09:09:29.279448,2026-06-28T23:09:29.717298+00:00,100.4,19,ask,,,11706272
2026-06-29T09:09:30.846965,2026-06-28T23:09:31.279298+00:00,100.9,50,bid,,,11706309
2026-06-29T09:09:31.303787,2026-06-28T23:09:31.741289+00:00,100.7,100,ask,,,11706312
2026-06-29T09:09:32.955666,2026-06-28T23:09:33.390431+00:00,101.0,2,bid,,,11706354
2026-06-29T09:09:32.955666,2026-06-28T23:09:33.390431+00:00,101.2,48,bid,,,11706355
2026-06-29T09:09:35.062168,2026-06-28T23:09:35.490974+00:00,101.0,5,bid,,,11706395
2026-06-29T09:09:35.062168,2026-06-28T23:09:35.501974+00:00,101.0,45,bid,,,11706396
2026-06-29T09:09:37.169580,2026-06-28T23:09:37.602539+00:00,101.0,50,bid,,,11706440
2026-06-29T09:09:39.278646,2026-06-28T23:09:39.713318+00:00,101.0,3,bid,,,11706477
2026-06-29T09:09:39.278646,2026-06-28T23:09:39.713318+00:00,101.2,47,bid,,,11706478
2026-06-29T09:09:42.285996,2026-06-28T23:09:42.716338+00:00,101.1,42,bid,,,11706534
2026-06-29T09:09:44.366716,2026-06-28T23:09:44.794974+00:00,101.2,44,bid,,,11706572
2026-06-29T09:09:45.042648,2026-06-28T23:09:45.476965+00:00,100.9,41,ask,,,11706590
2026-06-29T09:09:45.663632,2026-06-28T23:09:46.092495+00:00,100.9,50,ask,,,11706601
2026-06-29T09:09:47.206777,2026-06-28T23:09:47.643504+00:00,101.0,45,ask,,,11706630
2026-06-29T09:09:49.218993,2026-06-28T23:09:49.655183+00:00,101.2,47,bid,,,11706667
2026-06-29T09:09:49.874814,2026-06-28T23:09:50.304174+00:00,101.0,50,ask,,,11706678
2026-06-29T09:09:51.092330,2026-06-28T23:09:51.525194+00:00,101.2,137,bid,,,11706707
2026-06-29T09:09:52.005014,2026-06-28T23:09:52.449193+00:00,100.9,50,ask,,,11706719
2026-06-29T09:09:54.112851,2026-06-28T23:09:54.550331+00:00,101.1,50,ask,,,11706762
2026-06-29T09:09:54.473629,2026-06-28T23:09:54.902331+00:00,101.1,41,ask,,,11706768
2026-06-29T09:09:58.287256,2026-06-28T23:09:58.718234+00:00,101.3,50,bid,,,11706834
2026-06-29T09:09:59.166336,2026-06-28T23:09:59.598225+00:00,100.9,41,ask,,,11706845
2026-06-29T09:10:00.445534,2026-06-28T23:10:00.874234+00:00,100.8,3,ask,,,11706874
2026-06-29T09:10:00.445534,2026-06-28T23:10:00.885234+00:00,100.8,47,ask,,,11706875
2026-06-29T09:10:02.501708,2026-06-28T23:10:02.930344+00:00,101.1,50,bid,,,11706913
2026-06-29T09:10:02.553499,2026-06-28T23:10:02.984663+00:00,101.3,42,bid,,,11706917
2026-06-29T09:10:03.195105,2026-06-28T23:10:03.633059+00:00,101.4,49,bid,,,11706926
2026-06-29T09:10:04.609059,2026-06-28T23:10:05.041068+00:00,101.2,2,bid,,,11706953
2026-06-29T09:10:04.609059,2026-06-28T23:10:05.041068+00:00,101.4,48,bid,,,11706954
2026-06-29T09:10:05.275132,2026-06-28T23:10:05.712058+00:00,101.2,2,bid,,,11706967
2026-06-29T09:10:05.732943,2026-06-28T23:10:06.172843+00:00,101.4,44,bid,,,11706973
2026-06-29T09:10:05.763299,2026-06-28T23:10:06.194843+00:00,101.4,56,bid,,,11706975
2026-06-29T09:10:05.787051,2026-06-28T23:10:06.216843+00:00,101.5,47,ask,,,11706976
2026-06-29T09:10:06.715342,2026-06-28T23:10:07.151376+00:00,101.9,50,bid,,,11707005
2026-06-29T09:10:06.797401,2026-06-28T23:10:07.228376+00:00,101.5,47,ask,,,11707007
2026-06-29T09:10:06.949165,2026-06-28T23:10:07.382376+00:00,101.4,47,ask,,,11707011
2026-06-29T09:10:06.991768,2026-06-28T23:10:07.426376+00:00,101.4,25,ask,,,11707012
2026-06-29T09:10:07.199224,2026-06-28T23:10:07.635376+00:00,101.4,25,ask,,,11707018
2026-06-29T09:10:07.414484,2026-06-28T23:10:07.844367+00:00,101.4,3,ask,,,11707025
2026-06-29T09:10:10.976749,2026-06-28T23:10:11.407871+00:00,101.2,50,ask,,,11707094
2026-06-29T09:10:13.082925,2026-06-28T23:10:13.518253+00:00,101.1,50,ask,,,11707129
2026-06-29T09:10:13.440683,2026-06-28T23:10:13.870244+00:00,101.4,25,bid,,,11707141
2026-06-29T09:10:13.650487,2026-06-28T23:10:14.079362+00:00,101.4,25,bid,,,11707147
2026-06-29T09:10:15.137787,2026-06-28T23:10:15.575253+00:00,101.4,50,bid,,,11707163
2026-06-29T09:10:15.248899,2026-06-28T23:10:15.685253+00:00,101.4,4,bid,,,11707169
2026-06-29T09:10:15.400737,2026-06-28T23:10:15.839244+00:00,101.5,4,ask,,,11707173
2026-06-29T09:10:15.514012,2026-06-28T23:10:15.949244+00:00,101.5,3,ask,,,11707177
2026-06-29T09:10:17.244315,2026-06-28T23:10:17.675796+00:00,101.6,50,bid,,,11707206
2026-06-29T09:10:17.476675,2026-06-28T23:10:17.906787+00:00,101.5,3,ask,,,11707209
2026-06-29T09:10:17.722156,2026-06-28T23:10:18.159444+00:00,101.6,40,bid,,,11707213
2026-06-29T09:10:17.790183,2026-06-28T23:10:18.225444+00:00,101.5,3,ask,,,11707214
2026-06-29T09:10:18.250841,2026-06-28T23:10:18.687445+00:00,101.5,47,ask,,,11707233
2026-06-29T09:10:18.622537,2026-06-28T23:10:19.061325+00:00,101.5,6,bid,,,11707243
2026-06-29T09:10:18.735959,2026-06-28T23:10:19.171326+00:00,101.6,100,bid,,,11707245
2026-06-29T09:10:18.802971,2026-06-28T23:10:19.236325+00:00,101.5,5,bid,,,11707246
2026-06-29T09:10:19.134073,2026-06-28T23:10:19.565325+00:00,101.5,5,bid,,,11707254
2026-06-29T09:10:19.229251,2026-06-28T23:10:19.664325+00:00,101.5,5,bid,,,11707258
2026-06-29T09:10:19.351498,2026-06-28T23:10:19.785334+00:00,101.6,50,bid,,,11707260
2026-06-29T09:10:19.398858,2026-06-28T23:10:19.829334+00:00,101.5,5,bid,,,11707262
2026-06-29T09:10:19.982487,2026-06-28T23:10:20.412335+00:00,101.6,3,bid,,,11707278
2026-06-29T09:10:20.858693,2026-06-28T23:10:21.292334+00:00,101.6,3,bid,,,11707303
2026-06-29T09:10:21.509948,2026-06-28T23:10:21.941326+00:00,101.3,3,ask,,,11707315
2026-06-29T09:10:21.509948,2026-06-28T23:10:21.941326+00:00,101.1,47,ask,,,11707316
2026-06-29T09:10:21.570689,2026-06-28T23:10:22.007326+00:00,101.6,2,bid,,,11707317
2026-06-29T09:10:21.947486,2026-06-28T23:10:22.381334+00:00,101.7,100,ask,,,11707329
2026-06-29T09:10:22.450107,2026-06-28T23:10:22.887335+00:00,101.7,48,ask,,,11707334
2026-06-29T09:10:23.094964,2026-06-28T23:10:23.524341+00:00,102.2,48,bid,,,11707366
2026-06-29T09:10:25.282375,2026-06-28T23:10:25.713361+00:00,101.7,2,bid,,,11707402
2026-06-29T09:10:25.693204,2026-06-28T23:10:26.130396+00:00,101.7,1,bid,,,11707404
2026-06-29T09:10:25.723416,2026-06-28T23:10:26.152396+00:00,101.5,50,ask,,,11707409
2026-06-29T09:10:27.766270,2026-06-28T23:10:28.197798+00:00,101.7,1,bid,,,11707445
2026-06-29T09:10:27.766270,2026-06-28T23:10:28.197798+00:00,101.9,41,bid,,,11707446
2026-06-29T09:10:27.833154,2026-06-28T23:10:28.263799+00:00,101.5,50,ask,,,11707447
2026-06-29T09:10:27.889400,2026-06-28T23:10:28.318799+00:00,101.7,2,bid,,,11707449
2026-06-29T09:10:27.912300,2026-06-28T23:10:28.340799+00:00,101.7,1,ask,,,11707450
2026-06-29T09:10:28.364292,2026-06-28T23:10:28.792799+00:00,101.8,1,bid,,,11707456
2026-06-29T09:10:28.364292,2026-06-28T23:10:28.803799+00:00,101.9,44,bid,,,11707457
2026-06-29T09:10:28.883000,2026-06-28T23:10:29.320799+00:00,101.7,42,ask,,,11707473
2026-06-29T09:10:29.398234,2026-06-28T23:10:29.826808+00:00,101.7,44,ask,,,11707483
2026-06-29T09:10:29.940018,2026-06-28T23:10:30.376807+00:00,101.7,50,ask,,,11707501
2026-06-29T09:10:30.023865,2026-06-28T23:10:30.453807+00:00,101.9,41,bid,,,11707503
2026-06-29T09:10:31.394048,2026-06-28T23:10:31.828799+00:00,101.7,100,bid,,,11707521
2026-06-29T09:10:32.050283,2026-06-28T23:10:32.488235+00:00,101.5,4,ask,,,11707532
2026-06-29T09:10:32.050283,2026-06-28T23:10:32.488235+00:00,101.2,46,ask,,,11707533
2026-06-29T09:10:32.578542,2026-06-28T23:10:33.015581+00:00,101.2,40,ask,,,11707544
2026-06-29T09:10:33.791723,2026-06-28T23:10:34.225580+00:00,101.7,48,bid,,,11707559
2026-06-29T09:10:34.161904,2026-06-28T23:10:34.598590+00:00,101.5,5,ask,,,11707561
2026-06-29T09:10:35.816136,2026-06-28T23:10:36.248149+00:00,101.5,4,ask,,,11707599
2026-06-29T09:10:36.272287,2026-06-28T23:10:36.710158+00:00,101.2,50,ask,,,11707617
2026-06-29T09:10:37.961539,2026-06-28T23:10:38.392707+00:00,101.7,46,bid,,,11707638
2026-06-29T09:10:38.378843,2026-06-28T23:10:38.810716+00:00,101.3,50,ask,,,11707647
2026-06-29T09:10:40.112436,2026-06-28T23:10:40.548737+00:00,101.3,40,ask,,,11707677
2026-06-29T09:10:40.501814,2026-06-28T23:10:40.933737+00:00,101.3,10,ask,,,11707688
2026-06-29T09:10:40.593143,2026-06-28T23:10:41.021737+00:00,101.2,45,ask,,,11707689
2026-06-29T09:10:40.945773,2026-06-28T23:10:41.384242+00:00,101.4,15,bid,,,11707695
2026-06-29T09:10:42.611803,2026-06-28T23:10:43.044259+00:00,101.2,50,ask,,,11707724
2026-06-29T09:10:42.763886,2026-06-28T23:10:43.198259+00:00,101.4,2,bid,,,11707728
2026-06-29T09:10:43.059828,2026-06-28T23:10:43.494259+00:00,101.4,1,bid,,,11707731
2026-06-29T09:10:43.107982,2026-06-28T23:10:43.538149+00:00,101.4,1,bid,,,11707735
2026-06-29T09:10:43.420799,2026-06-28T23:10:43.868150+00:00,101.4,45,bid,,,11707742
2026-06-29T09:10:43.989745,2026-06-28T23:10:44.418141+00:00,101.3,45,bid,,,11707751
2026-06-29T09:10:44.718306,2026-06-28T23:10:45.155142+00:00,101.0,50,ask,,,11707768
2026-06-29T09:10:45.024526,2026-06-28T23:10:45.463140+00:00,101.3,41,bid,,,11707770
2026-06-29T09:10:45.078096,2026-06-28T23:10:45.507149+00:00,101.0,42,ask,,,11707771
2026-06-29T09:10:48.095088,2026-06-28T23:10:48.530946+00:00,101.4,43,bid,,,11707828
2026-06-29T09:10:48.946000,2026-06-28T23:10:49.376945+00:00,101.2,50,ask,,,11707844
2026-06-29T09:10:51.053111,2026-06-28T23:10:51.486946+00:00,101.1,50,ask,,,11707885
2026-06-29T09:10:51.153269,2026-06-28T23:10:51.585946+00:00,101.1,43,ask,,,11707890
2026-06-29T09:10:51.676932,2026-06-28T23:10:52.113945+00:00,101.1,48,ask,,,11707903
2026-06-29T09:10:52.169595,2026-06-28T23:10:52.598064+00:00,101.5,47,bid,,,11707912
2026-06-29T09:10:53.171778,2026-06-28T23:10:53.608958+00:00,101.1,9,ask,,,11707930
2026-06-29T09:10:53.171778,2026-06-28T23:10:53.608958+00:00,101.0,41,ask,,,11707931
2026-06-29T09:10:53.292485,2026-06-28T23:10:53.729959+00:00,101.0,59,ask,,,11707939
2026-06-29T09:10:53.824073,2026-06-28T23:10:54.266967+00:00,100.9,3,bid,,,11707942
2026-06-29T09:10:54.057355,2026-06-28T23:10:54.486959+00:00,100.9,3,bid,,,11707943
2026-06-29T09:10:54.084372,2026-06-28T23:10:54.519958+00:00,100.9,3,bid,,,11707944
2026-06-29T09:10:54.162923,2026-06-28T23:10:54.596959+00:00,100.8,46,ask,,,11707945
2026-06-29T09:10:57.099204,2026-06-28T23:10:57.533493+00:00,101.5,46,bid,,,11708003
2026-06-29T09:10:58.132671,2026-06-28T23:10:58.567050+00:00,101.5,45,bid,,,11708023
2026-06-29T09:10:59.495059,2026-06-28T23:10:59.931059+00:00,101.1,5,ask,,,11708038
2026-06-29T09:10:59.495059,2026-06-28T23:10:59.931059+00:00,101.0,45,ask,,,11708039
2026-06-29T09:11:00.659268,2026-06-28T23:11:01.097049+00:00,101.1,46,ask,,,11708066
2026-06-29T09:11:01.158678,2026-06-28T23:11:01.592061+00:00,101.1,47,ask,,,11708080
2026-06-29T09:11:01.552353,2026-06-28T23:11:01.987179+00:00,101.3,50,bid,,,11708084
2026-06-29T09:11:02.783960,2026-06-28T23:11:03.217992+00:00,101.1,5,ask,,,11708111
2026-06-29T09:11:03.436389,2026-06-28T23:11:03.866992+00:00,101.1,5,bid,,,11708126
2026-06-29T09:11:03.659401,2026-06-28T23:11:04.097992+00:00,101.1,50,bid,,,11708131
2026-06-29T09:11:05.767982,2026-06-28T23:11:06.198580+00:00,101.1,50,bid,,,11708178
2026-06-29T09:11:07.873932,2026-06-28T23:11:08.308250+00:00,101.4,1,bid,,,11708212
2026-06-29T09:11:07.873932,2026-06-28T23:11:08.308250+00:00,101.5,49,bid,,,11708213
2026-06-29T09:11:08.047387,2026-06-28T23:11:08.484250+00:00,101.5,45,bid,,,11708214
2026-06-29T09:11:08.593996,2026-06-28T23:11:09.034250+00:00,101.5,6,bid,,,11708218
2026-06-29T09:11:08.593996,2026-06-28T23:11:09.034250+00:00,101.6,43,bid,,,11708219
2026-06-29T09:11:09.055609,2026-06-28T23:11:09.485250+00:00,101.4,8,bid,,,11708229
2026-06-29T09:11:09.323089,2026-06-28T23:11:09.760241+00:00,101.5,8,ask,,,11708233
2026-06-29T09:11:09.515585,2026-06-28T23:11:09.947251+00:00,101.5,7,ask,,,11708234
2026-06-29T09:11:09.557156,2026-06-28T23:11:09.991250+00:00,101.5,6,ask,,,11708237
2026-06-29T09:11:09.764551,2026-06-28T23:11:10.200250+00:00,101.5,5,ask,,,11708238
2026-06-29T09:11:09.982574,2026-06-28T23:11:10.420250+00:00,102.0,50,bid,,,11708242
2026-06-29T09:11:12.100255,2026-06-28T23:11:12.531874+00:00,102.0,50,bid,,,11708285
2026-06-29T09:11:12.782204,2026-06-28T23:11:13.212542+00:00,101.9,3,ask,,,11708295
2026-06-29T09:11:14.206892,2026-06-28T23:11:14.642453+00:00,102.1,50,bid,,,11708324
2026-06-29T09:11:16.236447,2026-06-28T23:11:16.666009+00:00,101.9,40,ask,,,11708360
2026-06-29T09:11:16.311947,2026-06-28T23:11:16.743009+00:00,102.3,50,bid,,,11708361
2026-06-29T09:11:16.868038,2026-06-28T23:11:17.304009+00:00,101.9,3,ask,,,11708371
2026-06-29T09:11:17.009408,2026-06-28T23:11:17.447009+00:00,101.9,3,ask,,,11708375
2026-06-29T09:11:18.264421,2026-06-28T23:11:18.699654+00:00,101.9,45,ask,,,11708407
2026-06-29T09:11:18.418770,2026-06-28T23:11:18.853666+00:00,102.3,50,bid,,,11708412
2026-06-29T09:11:18.598279,2026-06-28T23:11:19.029665+00:00,101.8,100,ask,,,11708414
2026-06-29T09:11:18.785298,2026-06-28T23:11:19.216784+00:00,101.8,48,bid,,,11708415
2026-06-29T09:11:18.844975,2026-06-28T23:11:19.282784+00:00,101.6,47,ask,,,11708418
2026-06-29T09:11:19.907694,2026-06-28T23:11:20.337784+00:00,101.6,43,ask,,,11708438
2026-06-29T09:11:20.526221,2026-06-28T23:11:20.964665+00:00,101.8,2,bid,,,11708442
2026-06-29T09:11:20.526221,2026-06-28T23:11:20.964665+00:00,102.1,48,bid,,,11708443
2026-06-29T09:11:22.283113,2026-06-28T23:11:22.713674+00:00,102.0,2,ask,,,11708483
2026-06-29T09:11:22.633313,2026-06-28T23:11:23.064679+00:00,102.1,50,bid,,,11708494
2026-06-29T09:11:22.709697,2026-06-28T23:11:23.141678+00:00,102.0,48,ask,,,11708495
2026-06-29T09:11:24.165402,2026-06-28T23:11:24.593699+00:00,102.1,42,bid,,,11708519
2026-06-29T09:11:24.288973,2026-06-28T23:11:24.725708+00:00,102.0,4,ask,,,11708520
2026-06-29T09:11:24.695200,2026-06-28T23:11:25.132699+00:00,102.0,3,ask,,,11708528
2026-06-29T09:11:24.810599,2026-06-28T23:11:25.242707+00:00,102.0,25,ask,,,11708530
2026-06-29T09:11:26.897550,2026-06-28T23:11:27.331965+00:00,101.5,50,ask,,,11708582
2026-06-29T09:11:28.078061,2026-06-28T23:11:28.508500+00:00,101.5,100,ask,,,11708610
2026-06-29T09:11:28.241084,2026-06-28T23:11:28.673617+00:00,101.5,25,bid,,,11708619
2026-06-29T09:11:28.952467,2026-06-28T23:11:29.388507+00:00,101.5,25,bid,,,11708634
2026-06-29T09:11:28.952467,2026-06-28T23:11:29.388507+00:00,101.6,25,bid,,,11708635
2026-06-29T09:11:29.144643,2026-06-28T23:11:29.575507+00:00,101.6,40,bid,,,11708636
2026-06-29T09:11:30.279020,2026-06-28T23:11:30.707508+00:00,101.6,35,bid,,,11708661
2026-06-29T09:11:31.060435,2026-06-28T23:11:31.498026+00:00,102.1,2,bid,,,11708667
2026-06-29T09:11:33.166374,2026-06-28T23:11:33.597719+00:00,102.0,50,bid,,,11708707
2026-06-29T09:11:33.573789,2026-06-28T23:11:34.004718+00:00,101.7,43,ask,,,11708721
2026-06-29T09:11:34.565577,2026-06-28T23:11:34.994719+00:00,102.0,43,bid,,,11708743
2026-06-29T09:11:35.272888,2026-06-28T23:11:35.709718+00:00,102.2,50,bid,,,11708764
2026-06-29T09:11:36.149257,2026-06-28T23:11:36.578267+00:00,101.9,44,ask,,,11708778
2026-06-29T09:11:37.379781,2026-06-28T23:11:37.809781+00:00,102.1,3,bid,,,11708799
2026-06-29T09:11:37.379781,2026-06-28T23:11:37.820781+00:00,102.2,47,bid,,,11708800
2026-06-29T09:11:37.663790,2026-06-28T23:11:38.095412+00:00,102.0,25,ask,,,11708805
2026-06-29T09:11:37.877157,2026-06-28T23:11:38.315403+00:00,102.0,25,ask,,,11708818
2026-06-29T09:11:38.093830,2026-06-28T23:11:38.524412+00:00,102.0,25,ask,,,11708822
2026-06-29T09:11:38.314842,2026-06-28T23:11:38.744412+00:00,102.0,25,ask,,,11708826
2026-06-29T09:11:38.533120,2026-06-28T23:11:38.964412+00:00,102.0,25,ask,,,11708830
2026-06-29T09:11:39.493281,2026-06-28T23:11:39.932412+00:00,102.2,50,bid,,,11708866
2026-06-29T09:11:39.884421,2026-06-28T23:11:40.318403+00:00,102.0,25,ask,,,11708869
2026-06-29T09:11:39.884421,2026-06-28T23:11:40.318403+00:00,101.7,15,ask,,,11708870
2026-06-29T09:11:40.510406,2026-06-28T23:11:40.945412+00:00,102.2,43,bid,,,11708883
2026-06-29T09:11:41.001046,2026-06-28T23:11:41.440402+00:00,102.0,100,bid,,,11708889
2026-06-29T09:11:41.605112,2026-06-28T23:11:42.034412+00:00,101.5,44,ask,,,11708898
2026-06-29T09:11:43.754955,2026-06-28T23:11:44.189783+00:00,101.5,50,ask,,,11708933
2026-06-29T09:11:45.860593,2026-06-28T23:11:46.290340+00:00,101.4,50,ask,,,11708982
2026-06-29T09:11:47.055315,2026-06-28T23:11:47.489339+00:00,101.4,100,ask,,,11709008
2026-06-29T09:11:47.164289,2026-06-28T23:11:47.599349+00:00,101.4,25,bid,,,11709010
2026-06-29T09:11:47.233152,2026-06-28T23:11:47.665348+00:00,101.4,25,bid,,,11709011
2026-06-29T09:11:47.233152,2026-06-28T23:11:47.665348+00:00,101.9,23,bid,,,11709012
2026-06-29T09:11:47.968948,2026-06-28T23:11:48.402091+00:00,101.1,50,ask,,,11709019
2026-06-29T09:11:48.800269,2026-06-28T23:11:49.238092+00:00,101.6,45,bid,,,11709045
2026-06-29T09:11:50.083060,2026-06-28T23:11:50.514083+00:00,101.1,50,ask,,,11709074
2026-06-29T09:11:50.163531,2026-06-28T23:11:50.602091+00:00,101.6,55,bid,,,11709075
2026-06-29T09:11:50.455055,2026-06-28T23:11:50.888091+00:00,101.6,46,ask,,,11709079
2026-06-29T09:11:50.531437,2026-06-28T23:11:50.965091+00:00,101.6,49,ask,,,11709080
2026-06-29T09:11:51.780466,2026-06-28T23:11:52.218112+00:00,101.6,25,bid,,,11709091
2026-06-29T09:11:51.990582,2026-06-28T23:11:52.427111+00:00,101.6,25,bid,,,11709095
2026-06-29T09:11:52.198768,2026-06-28T23:11:52.636111+00:00,101.6,1,bid,,,11709102
2026-06-29T09:11:53.409905,2026-06-28T23:11:53.846234+00:00,101.4,25,bid,,,11709133
2026-06-29T09:11:53.429687,2026-06-28T23:11:53.868234+00:00,101.1,45,ask,,,11709136
2026-06-29T09:11:55.424989,2026-06-28T23:11:55.859234+00:00,101.4,2,bid,,,11709187
2026-06-29T09:11:56.350748,2026-06-28T23:11:56.782806+00:00,101.4,50,bid,,,11709220
2026-06-29T09:11:58.457317,2026-06-28T23:11:58.893613+00:00,101.9,50,bid,,,11709257
2026-06-29T09:12:00.569028,2026-06-28T23:12:01.005604+00:00,101.8,1,bid,,,11709296
2026-06-29T09:12:00.569028,2026-06-28T23:12:01.005604+00:00,102.0,49,bid,,,11709297
2026-06-29T09:12:01.526323,2026-06-28T23:12:01.962613+00:00,101.7,44,ask,,,11709313
2026-06-29T09:12:02.675251,2026-06-28T23:12:03.114746+00:00,102.0,50,bid,,,11709330
2026-06-29T09:12:04.541914,2026-06-28T23:12:04.983627+00:00,101.8,43,bid,,,11709368
2026-06-29T09:12:04.784328,2026-06-28T23:12:05.214636+00:00,101.8,50,bid,,,11709374
2026-06-29T09:12:05.973118,2026-06-28T23:12:06.401726+00:00,101.9,2,bid,,,11709396
2026-06-29T09:12:06.000793,2026-06-28T23:12:06.434726+00:00,101.9,1,ask,,,11709397
2026-06-29T09:12:06.249117,2026-06-28T23:12:06.687717+00:00,101.9,25,ask,,,11709405
2026-06-29T09:12:06.972608,2026-06-28T23:12:07.413726+00:00,101.9,50,ask,,,11709418
2026-06-29T09:12:08.608333,2026-06-28T23:12:09.041392+00:00,102.2,43,bid,,,11709455
2026-06-29T09:12:09.667080,2026-06-28T23:12:10.097282+00:00,102.1,25,ask,,,11709472
2026-06-29T09:12:09.876335,2026-06-28T23:12:10.306282+00:00,102.1,25,ask,,,11709479
2026-06-29T09:12:11.205138,2026-06-28T23:12:11.637282+00:00,102.1,50,ask,,,11709498
2026-06-29T09:12:13.259747,2026-06-28T23:12:13.693868+00:00,102.3,50,bid,,,11709537
2026-06-29T09:12:15.418329,2026-06-28T23:12:15.849858+00:00,101.9,50,ask,,,11709572
2026-06-29T09:12:16.340927,2026-06-28T23:12:16.772962+00:00,102.0,44,ask,,,11709596
2026-06-29T09:12:17.481443,2026-06-28T23:12:17.916962+00:00,102.0,49,ask,,,11709625
2026-06-29T09:12:17.525884,2026-06-28T23:12:17.960962+00:00,102.0,50,ask,,,11709626
2026-06-29T09:12:18.669961,2026-06-28T23:12:19.102615+00:00,101.9,4,ask,,,11709658
2026-06-29T09:12:18.707145,2026-06-28T23:12:19.146616+00:00,101.8,25,bid,,,11709660
2026-06-29T09:12:18.916133,2026-06-28T23:12:19.355615+00:00,101.8,25,bid,,,11709663
2026-06-29T09:12:19.068773,2026-06-28T23:12:19.498616+00:00,101.8,4,bid,,,11709664
2026-06-29T09:12:19.125902,2026-06-28T23:12:19.564616+00:00,101.8,25,bid,,,11709668
2026-06-29T09:12:19.173358,2026-06-28T23:12:19.608616+00:00,101.8,4,bid,,,11709669
2026-06-29T09:12:19.408404,2026-06-28T23:12:19.839498+00:00,101.8,40,bid,,,11709673
2026-06-29T09:12:19.480554,2026-06-28T23:12:19.916497+00:00,101.8,3,bid,,,11709675
2026-06-29T09:12:19.534886,2026-06-28T23:12:19.971497+00:00,101.8,20,bid,,,11709679
2026-06-29T09:12:19.632421,2026-06-28T23:12:20.070497+00:00,101.6,50,ask,,,11709683
2026-06-29T09:12:21.739018,2026-06-28T23:12:22.171526+00:00,101.9,4,ask,,,11709731
2026-06-29T09:12:21.739018,2026-06-28T23:12:22.171526+00:00,101.6,46,ask,,,11709732
2026-06-29T09:12:22.167529,2026-06-28T23:12:22.600526+00:00,101.9,100,ask,,,11709738
2026-06-29T09:12:23.998803,2026-06-28T23:12:24.436533+00:00,102.2,3,bid,,,11709784
2026-06-29T09:12:23.998803,2026-06-28T23:12:24.436533+00:00,102.4,37,bid,,,11709785
2026-06-29T09:12:25.131289,2026-06-28T23:12:25.569533+00:00,101.9,1,ask,,,11709804
2026-06-29T09:12:25.131289,2026-06-28T23:12:25.569533+00:00,101.6,47,ask,,,11709805
2026-06-29T09:12:25.900279,2026-06-28T23:12:26.339068+00:00,102.0,50,bid,,,11709818
2026-06-29T09:12:27.271234,2026-06-28T23:12:27.703088+00:00,102.0,40,bid,,,11709840
2026-06-29T09:12:28.009892,2026-06-28T23:12:28.446743+00:00,102.0,10,bid,,,11709853
2026-06-29T09:12:28.009892,2026-06-28T23:12:28.446743+00:00,102.1,40,bid,,,11709854
2026-06-29T09:12:29.481766,2026-06-28T23:12:29.919743+00:00,102.1,45,bid,,,11709877
2026-06-29T09:12:30.119422,2026-06-28T23:12:30.557634+00:00,102.1,50,bid,,,11709897
2026-06-29T09:12:30.134274,2026-06-28T23:12:30.568634+00:00,101.9,45,ask,,,11709898
2026-06-29T09:12:32.226424,2026-06-28T23:12:32.656660+00:00,102.2,2,bid,,,11709948
2026-06-29T09:12:32.226424,2026-06-28T23:12:32.667662+00:00,102.4,48,bid,,,11709949
2026-06-29T09:12:32.786581,2026-06-28T23:12:33.217351+00:00,102.1,47,ask,,,11709960
2026-06-29T09:12:33.295604,2026-06-28T23:12:33.734360+00:00,102.2,5,bid,,,11709979
2026-06-29T09:12:33.295604,2026-06-28T23:12:33.734360+00:00,102.4,42,bid,,,11709980
2026-06-29T09:12:33.764676,2026-06-28T23:12:34.196351+00:00,102.1,25,ask,,,11709984
2026-06-29T09:12:33.973111,2026-06-28T23:12:34.405360+00:00,102.1,25,ask,,,11709987
2026-06-29T09:12:34.184616,2026-06-28T23:12:34.614360+00:00,102.1,25,ask,,,11709992
2026-06-29T09:12:34.386575,2026-06-28T23:12:34.823360+00:00,102.1,28,ask,,,11710007
2026-06-29T09:12:34.386575,2026-06-28T23:12:34.823360+00:00,101.9,22,ask,,,11710008
2026-06-29T09:12:34.496751,2026-06-28T23:12:34.933360+00:00,101.9,78,ask,,,11710011
2026-06-29T09:12:35.815694,2026-06-28T23:12:36.252917+00:00,101.8,40,ask,,,11710039
2026-06-29T09:12:36.332390,2026-06-28T23:12:36.769916+00:00,101.9,44,bid,,,11710053
2026-06-29T09:12:36.494591,2026-06-28T23:12:36.923917+00:00,101.8,50,ask,,,11710054
2026-06-29T09:12:38.601074,2026-06-28T23:12:39.034955+00:00,101.8,50,ask,,,11710095
2026-06-29T09:12:39.169959,2026-06-28T23:12:39.606955+00:00,102.0,47,bid,,,11710111
2026-06-29T09:12:40.708922,2026-06-28T23:12:41.145947+00:00,101.8,50,ask,,,11710137
2026-06-29T09:12:42.817727,2026-06-28T23:12:43.255860+00:00,101.9,50,ask,,,11710175
2026-06-29T09:12:44.018743,2026-06-28T23:12:44.454868+00:00,102.0,25,bid,,,11710197
2026-06-29T09:12:44.922266,2026-06-28T23:12:45.356879+00:00,101.9,4,ask,,,11710217
2026-06-29T09:12:44.922266,2026-06-28T23:12:45.356879+00:00,101.7,46,ask,,,11710218
2026-06-29T09:12:45.433223,2026-06-28T23:12:45.862889+00:00,102.0,25,bid,,,11710225
2026-06-29T09:12:45.655021,2026-06-28T23:12:46.093891+00:00,102.0,25,bid,,,11710227
2026-06-29T09:12:46.982080,2026-06-28T23:12:47.413881+00:00,102.0,50,bid,,,11710252
2026-06-29T09:12:49.089309,2026-06-28T23:12:49.525585+00:00,102.2,2,bid,,,11710276
2026-06-29T09:12:49.089309,2026-06-28T23:12:49.525585+00:00,102.2,48,bid,,,11710277
2026-06-29T09:12:49.749412,2026-06-28T23:12:50.185575+00:00,102.0,44,ask,,,11710293
2026-06-29T09:12:51.255515,2026-06-28T23:12:51.692596+00:00,101.9,1,ask,,,11710328
2026-06-29T09:12:51.255515,2026-06-28T23:12:51.692596+00:00,101.8,49,ask,,,11710329
2026-06-29T09:12:53.366038,2026-06-28T23:12:53.803048+00:00,101.8,50,ask,,,11710373
2026-06-29T09:12:54.463031,2026-06-28T23:12:54.892048+00:00,101.6,45,ask,,,11710399
2026-06-29T09:12:54.760744,2026-06-28T23:12:55.200048+00:00,101.9,1,bid,,,11710404
2026-06-29T09:12:55.482027,2026-06-28T23:12:55.926048+00:00,101.6,50,ask,,,11710424
2026-06-29T09:12:55.990246,2026-06-28T23:12:56.420625+00:00,101.9,45,bid,,,11710432
2026-06-29T09:12:56.514268,2026-06-28T23:12:56.948634+00:00,101.6,44,ask,,,11710445
2026-06-29T09:12:57.539771,2026-06-28T23:12:57.971634+00:00,101.5,50,bid,,,11710458
2026-06-29T09:12:57.841146,2026-06-28T23:12:58.279192+00:00,101.5,2,bid,,,11710459
2026-06-29T09:12:57.884505,2026-06-28T23:12:58.323192+00:00,101.5,2,bid,,,11710461
2026-06-29T09:12:57.915694,2026-06-28T23:12:58.345192+00:00,101.5,1,bid,,,11710466
2026-06-29T09:12:57.944262,2026-06-28T23:12:58.378192+00:00,101.5,2,bid,,,11710467
2026-06-29T09:12:59.646066,2026-06-28T23:13:00.083212+00:00,101.5,50,bid,,,11710511
2026-06-29T09:13:01.751154,2026-06-28T23:13:02.183726+00:00,101.8,50,bid,,,11710554
2026-06-29T09:13:02.705721,2026-06-28T23:13:03.140396+00:00,101.8,44,bid,,,11710568
2026-06-29T09:13:03.858306,2026-06-28T23:13:04.295388+00:00,102.1,50,bid,,,11710590
2026-06-29T09:13:05.160406,2026-06-28T23:13:05.593387+00:00,101.8,46,ask,,,11710627
2026-06-29T09:13:06.589746,2026-06-28T23:13:07.022972+00:00,101.9,46,bid,,,11710664
2026-06-29T09:13:07.815143,2026-06-28T23:13:08.254519+00:00,101.9,42,bid,,,11710686
2026-06-29T09:13:08.445849,2026-06-28T23:13:08.881528+00:00,101.7,1,ask,,,11710694
2026-06-29T09:13:08.445849,2026-06-28T23:13:08.881528+00:00,101.5,48,ask,,,11710695
2026-06-29T09:13:09.228403,2026-06-28T23:13:09.662519+00:00,102.0,100,bid,,,11710709
2026-06-29T09:13:09.307097,2026-06-28T23:13:09.739519+00:00,102.0,25,ask,,,11710712
2026-06-29T09:13:09.520318,2026-06-28T23:13:09.959528+00:00,102.0,25,ask,,,11710726
2026-06-29T09:13:10.188506,2026-06-28T23:13:10.619519+00:00,102.2,50,bid,,,11710743
2026-06-29T09:13:12.306265,2026-06-28T23:13:12.742539+00:00,102.2,50,bid,,,11710787
2026-06-29T09:13:12.740387,2026-06-28T23:13:13.170224+00:00,101.8,100,bid,,,11710805
2026-06-29T09:13:14.400954,2026-06-28T23:13:14.841223+00:00,101.8,43,bid,,,11710832
2026-06-29T09:13:14.411684,2026-06-28T23:13:14.841223+00:00,101.8,7,bid,,,11710833
2026-06-29T09:13:14.411684,2026-06-28T23:13:14.852223+00:00,102.4,43,bid,,,11710834
2026-06-29T09:13:15.863607,2026-06-28T23:13:16.293243+00:00,102.1,48,ask,,,11710861
2026-06-29T09:13:16.518504,2026-06-28T23:13:16.953255+00:00,102.5,50,bid,,,11710887
2026-06-29T09:13:16.829387,2026-06-28T23:13:17.261254+00:00,102.1,102,ask,,,11710891
2026-06-29T09:13:16.945754,2026-06-28T23:13:17.382264+00:00,102.0,25,ask,,,11710895
2026-06-29T09:13:17.153954,2026-06-28T23:13:17.591263+00:00,102.0,25,ask,,,11710901
2026-06-29T09:13:17.365895,2026-06-28T23:13:17.800254+00:00,102.0,25,ask,,,11710912
2026-06-29T09:13:17.574936,2026-06-28T23:13:18.009386+00:00,102.0,25,ask,,,11710917
2026-06-29T09:13:18.651273,2026-06-28T23:13:19.086919+00:00,102.2,2,bid,,,11710930
2026-06-29T09:13:18.651273,2026-06-28T23:13:19.086919+00:00,102.5,48,bid,,,11710931
2026-06-29T09:13:18.778193,2026-06-28T23:13:19.207920+00:00,101.9,3,ask,,,11710932
2026-06-29T09:13:19.065065,2026-06-28T23:13:19.493920+00:00,101.9,100,bid,,,11710941
2026-06-29T09:13:19.349560,2026-06-28T23:13:19.779910+00:00,101.9,3,bid,,,11710948
2026-06-29T09:13:19.843586,2026-06-28T23:13:20.274920+00:00,101.9,44,bid,,,11710967
2026-06-29T09:13:20.759196,2026-06-28T23:13:21.198029+00:00,102.4,50,bid,,,11710986
2026-06-29T09:13:21.997395,2026-06-28T23:13:22.429911+00:00,102.2,10,ask,,,11711016
2026-06-29T09:13:22.210983,2026-06-28T23:13:22.649910+00:00,102.2,25,ask,,,11711021
2026-06-29T09:13:22.767770,2026-06-28T23:13:23.199004+00:00,102.2,7,ask,,,11711029
2026-06-29T09:13:22.866138,2026-06-28T23:13:23.298017+00:00,102.4,50,bid,,,11711032
2026-06-29T09:13:23.376216,2026-06-28T23:13:23.814480+00:00,102.2,98,ask,,,11711047
2026-06-29T09:13:23.421624,2026-06-28T23:13:23.858480+00:00,102.2,10,ask,,,11711049
2026-06-29T09:13:24.971873,2026-06-28T23:13:25.409489+00:00,102.4,50,bid,,,11711082
2026-06-29T09:13:25.123097,2026-06-28T23:13:25.552489+00:00,101.9,100,ask,,,11711084
2026-06-29T09:13:26.048057,2026-06-28T23:13:26.487057+00:00,101.9,25,bid,,,11711094
2026-06-29T09:13:26.174377,2026-06-28T23:13:26.608057+00:00,101.9,25,bid,,,11711095
2026-06-29T09:13:27.079144,2026-06-28T23:13:27.510078+00:00,102.2,50,bid,,,11711118
2026-06-29T09:13:29.185000,2026-06-28T23:13:29.621624+00:00,102.4,50,bid,,,11711157
2026-06-29T09:13:29.932719,2026-06-28T23:13:30.369615+00:00,102.0,49,ask,,,11711163
2026-06-29T09:13:30.557600,2026-06-28T23:13:30.996615+00:00,102.0,48,ask,,,11711187
2026-06-29T09:13:31.290928,2026-06-28T23:13:31.722624+00:00,102.4,50,bid,,,11711205
2026-06-29T09:13:31.666400,2026-06-28T23:13:32.096615+00:00,102.3,46,bid,,,11711209
2026-06-29T09:13:31.719091,2026-06-28T23:13:32.151615+00:00,102.3,100,bid,,,11711210
2026-06-29T09:13:32.295187,2026-06-28T23:13:32.734624+00:00,102.3,4,bid,,,11711222
2026-06-29T09:13:32.351233,2026-06-28T23:13:32.789624+00:00,102.0,5,ask,,,11711224
2026-06-29T09:13:32.351233,2026-06-28T23:13:32.789624+00:00,101.8,38,ask,,,11711225
2026-06-29T09:13:33.397722,2026-06-28T23:13:33.833588+00:00,102.8,50,bid,,,11711237
2026-06-29T09:13:34.469078,2026-06-28T23:13:34.900103+00:00,102.0,5,ask,,,11711254
2026-06-29T09:13:34.667463,2026-06-28T23:13:35.098111+00:00,102.2,25,ask,,,11711257
2026-06-29T09:13:35.084085,2026-06-28T23:13:35.527111+00:00,102.6,49,bid,,,11711261
2026-06-29T09:13:35.504347,2026-06-28T23:13:35.934112+00:00,102.6,50,bid,,,11711267
2026-06-29T09:13:35.596333,2026-06-28T23:13:36.033102+00:00,102.2,47,ask,,,11711268
2026-06-29T09:13:36.178949,2026-06-28T23:13:36.615672+00:00,102.6,1,bid,,,11711274
2026-06-29T09:13:37.247871,2026-06-28T23:13:37.682690+00:00,102.2,48,ask,,,11711294
2026-06-29T09:13:37.611260,2026-06-28T23:13:38.045531+00:00,102.7,50,bid,,,11711297
2026-06-29T09:13:38.042156,2026-06-28T23:13:38.474539+00:00,102.3,100,bid,,,11711305
2026-06-29T09:13:38.485016,2026-06-28T23:13:38.914540+00:00,102.1,3,ask,,,11711318
2026-06-29T09:13:38.914516,2026-06-28T23:13:39.354054+00:00,102.3,44,bid,,,11711328
2026-06-29T09:13:39.718501,2026-06-28T23:13:40.157045+00:00,102.3,6,bid,,,11711342
2026-06-29T09:13:39.718501,2026-06-28T23:13:40.157045+00:00,102.4,3,bid,,,11711343
2026-06-29T09:13:39.855437,2026-06-28T23:13:40.289045+00:00,102.1,3,ask,,,11711351
2026-06-29T09:13:41.551414,2026-06-28T23:13:41.983054+00:00,102.5,42,ask,,,11711388
2026-06-29T09:13:41.878541,2026-06-28T23:13:42.312163+00:00,102.5,50,ask,,,11711391
2026-06-29T09:13:43.469592,2026-06-28T23:13:43.906280+00:00,102.5,3,ask,,,11711416
2026-06-29T09:13:43.495078,2026-06-28T23:13:43.928280+00:00,102.7,40,bid,,,11711417
2026-06-29T09:13:43.985029,2026-06-28T23:13:44.423161+00:00,102.5,50,ask,,,11711433
2026-06-29T09:13:44.577770,2026-06-28T23:13:45.016280+00:00,102.4,42,bid,,,11711441
2026-06-29T09:13:46.837174,2026-06-28T23:13:47.270229+00:00,102.2,3,ask,,,11711482
2026-06-29T09:13:46.837174,2026-06-28T23:13:47.281230+00:00,102.2,41,ask,,,11711483
2026-06-29T09:13:47.428340,2026-06-28T23:13:47.864238+00:00,102.6,2,bid,,,11711492
2026-06-29T09:13:47.428340,2026-06-28T23:13:47.864238+00:00,102.6,46,bid,,,11711493
2026-06-29T09:13:47.485458,2026-06-28T23:13:47.930239+00:00,102.2,3,ask,,,11711498
2026-06-29T09:13:47.485458,2026-06-28T23:13:47.930239+00:00,102.1,37,ask,,,11711499
2026-06-29T09:13:48.105204,2026-06-28T23:13:48.544053+00:00,102.5,2,bid,,,11711511
2026-06-29T09:13:48.105204,2026-06-28T23:13:48.544053+00:00,102.6,47,bid,,,11711512
2026-06-29T09:13:48.196823,2026-06-28T23:13:48.632053+00:00,102.2,3,ask,,,11711513
2026-06-29T09:13:48.196823,2026-06-28T23:13:48.632053+00:00,102.1,47,ask,,,11711514
2026-06-29T09:13:52.359985,2026-06-28T23:13:52.788943+00:00,102.7,50,bid,,,11711586
2026-06-29T09:13:53.068789,2026-06-28T23:13:53.502122+00:00,102.2,4,ask,,,11711596
2026-06-29T09:13:53.068789,2026-06-28T23:13:53.502122+00:00,102.2,38,ask,,,11711597
2026-06-29T09:13:54.466926,2026-06-28T23:13:54.898241+00:00,102.7,50,bid,,,11711624
2026-06-29T09:13:58.676311,2026-06-28T23:13:59.109094+00:00,102.8,50,bid,,,11711689
2026-06-29T09:14:00.847668,2026-06-28T23:14:01.286985+00:00,102.5,50,ask,,,11711738
2026-06-29T09:14:02.955070,2026-06-28T23:14:03.387542+00:00,102.5,50,ask,,,11711764
2026-06-29T09:14:03.579726,2026-06-28T23:14:04.014534+00:00,102.4,47,ask,,,11711779
2026-06-29T09:14:05.085524,2026-06-28T23:14:05.519047+00:00,102.4,50,ask,,,11711813
2026-06-29T09:14:07.191883,2026-06-28T23:14:07.628147+00:00,102.3,4,ask,,,11711849
2026-06-29T09:14:07.191883,2026-06-28T23:14:07.628147+00:00,102.1,46,ask,,,11711850
2026-06-29T09:14:07.633605,2026-06-28T23:14:08.068050+00:00,102.6,44,bid,,,11711861
2026-06-29T09:14:08.592314,2026-06-28T23:14:09.024941+00:00,102.1,42,ask,,,11711875
2026-06-29T09:14:09.304075,2026-06-28T23:14:09.739932+00:00,102.1,50,ask,,,11711899
2026-06-29T09:14:11.409704,2026-06-28T23:14:11.840071+00:00,101.9,50,ask,,,11711928
2026-06-29T09:14:11.870322,2026-06-28T23:14:12.302071+00:00,102.3,2,bid,,,11711934
2026-06-29T09:14:12.159935,2026-06-28T23:14:12.598952+00:00,102.3,2,bid,,,11711940
2026-06-29T09:14:13.519224,2026-06-28T23:14:13.949956+00:00,101.8,50,ask,,,11711958
2026-06-29T09:14:14.188992,2026-06-28T23:14:14.620461+00:00,102.2,4,bid,,,11711966
2026-06-29T09:14:14.363507,2026-06-28T23:14:14.796461+00:00,102.2,4,bid,,,11711968
2026-06-29T09:14:14.879728,2026-06-28T23:14:15.313470+00:00,102.2,4,bid,,,11711975
2026-06-29T09:14:15.625094,2026-06-28T23:14:16.061471+00:00,102.1,3,ask,,,11711988
2026-06-29T09:14:15.625094,2026-06-28T23:14:16.061471+00:00,101.8,47,ask,,,11711989
2026-06-29T09:14:16.159597,2026-06-28T23:14:16.600022+00:00,101.8,3,bid,,,11711996
2026-06-29T09:14:16.210016,2026-06-28T23:14:16.644013+00:00,101.8,3,bid,,,11711999
2026-06-29T09:14:16.371040,2026-06-28T23:14:16.809013+00:00,101.8,44,bid,,,11712002
2026-06-29T09:14:16.922205,2026-06-28T23:14:17.359022+00:00,101.8,3,bid,,,11712012
2026-06-29T09:14:16.982909,2026-06-28T23:14:17.414022+00:00,101.8,2,bid,,,11712013
2026-06-29T09:14:17.176633,2026-06-28T23:14:17.612022+00:00,101.8,3,bid,,,11712019
2026-06-29T09:14:17.213392,2026-06-28T23:14:17.645022+00:00,101.8,3,bid,,,11712021
2026-06-29T09:14:17.655705,2026-06-28T23:14:18.084819+00:00,101.8,2,bid,,,11712025
2026-06-29T09:14:17.745707,2026-06-28T23:14:18.183906+00:00,101.6,50,ask,,,11712028
2026-06-29T09:14:18.185362,2026-06-28T23:14:18.623937+00:00,101.8,2,bid,,,11712038
2026-06-29T09:14:18.233208,2026-06-28T23:14:18.667820+00:00,101.8,1,bid,,,11712039
2026-06-29T09:14:18.431682,2026-06-28T23:14:18.865818+00:00,101.8,2,bid,,,11712042
2026-06-29T09:14:19.691227,2026-06-28T23:14:20.129827+00:00,101.9,46,bid,,,11712072
2026-06-29T09:14:19.852201,2026-06-28T23:14:20.283827+00:00,101.5,50,ask,,,11712078
2026-06-29T09:14:20.320277,2026-06-28T23:14:20.756818+00:00,101.9,45,bid,,,11712088
2026-06-29T09:14:23.196392,2026-06-28T23:14:23.635948+00:00,101.8,25,bid,,,11712169
2026-06-29T09:14:23.406116,2026-06-28T23:14:23.844939+00:00,101.8,25,bid,,,11712176
2026-06-29T09:14:23.616854,2026-06-28T23:14:24.054058+00:00,101.8,25,bid,,,11712182
2026-06-29T09:14:23.711710,2026-06-28T23:14:24.142057+00:00,101.8,75,bid,,,11712190
2026-06-29T09:14:24.012612,2026-06-28T23:14:24.450057+00:00,102.2,3,bid,,,11712200
2026-06-29T09:14:24.012612,2026-06-28T23:14:24.450057+00:00,102.2,47,bid,,,11712201
