timestamp,recv_time,price,volume,aggressor_side,buyer,seller,trade_id
2026-07-10T02:00:01.368752,2026-07-10T02:00:01.392370+00:00,110.3,50,bid,FlawlessFlatbreads,EarnestEspressos,14585666
2026-07-10T02:00:01.898390,2026-07-10T02:00:01.909836+00:00,110.3,47,bid,CostlyCorianders,EarnestEspressos,14585673
2026-07-10T02:00:02.568164,2026-07-10T02:00:02.580731+00:00,110.2,3,ask,EarnestEspressos,Xuanyu Liu,14585690
2026-07-10T02:00:03.526590,2026-07-10T02:00:03.538052+00:00,110.2,50,ask,EarnestEspressos,FlawlessFlatbreads,14585703
2026-07-10T02:00:04.354052,2026-07-10T02:00:04.363059+00:00,110.2,44,ask,EarnestEspressos,CostlyCorianders,14585717
2026-07-10T02:00:05.514536,2026-07-10T02:00:05.526223+00:00,110.3,6,bid,CostlyCorianders,Kelvin Chan,14585731
2026-07-10T02:00:05.514536,2026-07-10T02:00:05.526223+00:00,110.5,38,bid,CostlyCorianders,DiligentDonuts,14585732
2026-07-10T02:00:06.429869,2026-07-10T02:00:06.438587+00:00,110.2,3,ask,Xinhong Shan,Xuanyu Liu,14585760
2026-07-10T02:00:06.942464,2026-07-10T02:00:06.950065+00:00,110.0,47,ask,DiligentDonuts,CostlyCorianders,14585776
2026-07-10T02:00:07.691297,2026-07-10T02:00:07.702808+00:00,110.3,5,bid,FlawlessFlatbreads,Kelvin Chan,14585790
2026-07-10T02:00:07.691297,2026-07-10T02:00:07.702808+00:00,110.3,45,bid,FlawlessFlatbreads,EarnestEspressos,14585791
2026-07-10T02:00:09.810909,2026-07-10T02:00:09.824160+00:00,110.3,5,bid,FlawlessFlatbreads,Kelvin Chan,14585833
2026-07-10T02:00:09.810909,2026-07-10T02:00:09.824160+00:00,110.3,4,bid,FlawlessFlatbreads,Xinhong Shan,14585834
2026-07-10T02:00:09.810909,2026-07-10T02:00:09.824160+00:00,110.4,41,bid,FlawlessFlatbreads,DiligentDonuts,14585835
2026-07-10T02:00:11.923443,2026-07-10T02:00:11.933005+00:00,110.3,4,bid,FlawlessFlatbreads,Kelvin Chan,14585876
2026-07-10T02:00:11.923443,2026-07-10T02:00:11.933005+00:00,110.3,3,bid,FlawlessFlatbreads,Xinhong Shan,14585877
2026-07-10T02:00:11.923443,2026-07-10T02:00:11.938223+00:00,110.4,43,bid,FlawlessFlatbreads,EarnestEspressos,14585878
2026-07-10T02:00:12.099993,2026-07-10T02:00:12.111501+00:00,110.4,48,bid,CostlyCorianders,DiligentDonuts,14585882
2026-07-10T02:00:12.694651,2026-07-10T02:00:12.703481+00:00,110.1,40,ask,EarnestEspressos,CostlyCorianders,14585893
2026-07-10T02:00:13.457897,2026-07-10T02:00:13.466849+00:00,110.1,8,ask,EarnestEspressos,Xuanyu Liu,14585913
2026-07-10T02:00:13.710400,2026-07-10T02:00:13.721910+00:00,110.3,4,bid,CostlyCorianders,Kelvin Chan,14585915
2026-07-10T02:00:13.710400,2026-07-10T02:00:13.721910+00:00,110.3,3,bid,CostlyCorianders,Xinhong Shan,14585916
2026-07-10T02:00:13.710400,2026-07-10T02:00:13.721910+00:00,110.4,39,bid,CostlyCorianders,DiligentDonuts,14585917
2026-07-10T02:00:14.055997,2026-07-10T02:00:14.059075+00:00,110.4,13,bid,FlawlessFlatbreads,DiligentDonuts,14585926
2026-07-10T02:00:14.055997,2026-07-10T02:00:14.064045+00:00,110.6,37,bid,FlawlessFlatbreads,EarnestEspressos,14585927
2026-07-10T02:00:14.301476,2026-07-10T02:00:14.310914+00:00,110.1,23,ask,EarnestEspressos,Xuanyu Liu,14585933
2026-07-10T02:00:15.232206,2026-07-10T02:00:15.243978+00:00,110.1,3,ask,Xinhong Shan,EarnestEspressos,14585961
2026-07-10T02:00:15.387842,2026-07-10T02:00:15.394606+00:00,110.1,41,bid,CostlyCorianders,EarnestEspressos,14585964
2026-07-10T02:00:16.163316,2026-07-10T02:00:16.174709+00:00,110.1,50,bid,FlawlessFlatbreads,EarnestEspressos,14585974
2026-07-10T02:00:17.640415,2026-07-10T02:00:17.658597+00:00,110.1,56,bid,DiligentDonuts,EarnestEspressos,14586010
2026-07-10T02:00:17.640415,2026-07-10T02:00:17.658597+00:00,110.1,3,bid,DiligentDonuts,Xinhong Shan,14586011
2026-07-10T02:00:18.271728,2026-07-10T02:00:18.283083+00:00,110.3,3,bid,FlawlessFlatbreads,Kelvin Chan,14586023
2026-07-10T02:00:18.271728,2026-07-10T02:00:18.283083+00:00,110.6,47,bid,FlawlessFlatbreads,DiligentDonuts,14586024
2026-07-10T02:00:18.371943,2026-07-10T02:00:18.380162+00:00,110.5,34,ask,EarnestEspressos,Xuanyu Liu,14586028
2026-07-10T02:00:19.549161,2026-07-10T02:00:19.557995+00:00,110.5,23,ask,EarnestEspressos,Xuanyu Liu,14586051
2026-07-10T02:00:19.572029,2026-07-10T02:00:19.578625+00:00,110.5,44,ask,EarnestEspressos,CostlyCorianders,14586053
2026-07-10T02:00:20.381047,2026-07-10T02:00:20.391020+00:00,110.6,50,bid,FlawlessFlatbreads,DiligentDonuts,14586072
2026-07-10T02:00:20.870471,2026-07-10T02:00:20.878738+00:00,110.5,49,ask,EarnestEspressos,DiligentDonuts,14586089
2026-07-10T02:00:20.870471,2026-07-10T02:00:20.878738+00:00,110.5,3,ask,Xinhong Shan,DiligentDonuts,14586090
2026-07-10T02:00:21.585387,2026-07-10T02:00:21.595551+00:00,110.1,45,bid,Xuanyu Liu,EarnestEspressos,14586103
2026-07-10T02:00:23.112455,2026-07-10T02:00:23.121523+00:00,110.1,4,bid,Xuanyu Liu,EarnestEspressos,14586123
2026-07-10T02:00:23.187780,2026-07-10T02:00:23.195362+00:00,110.1,40,bid,CostlyCorianders,EarnestEspressos,14586126
2026-07-10T02:00:23.477610,2026-07-10T02:00:23.487627+00:00,110.1,19,bid,Xuanyu Liu,EarnestEspressos,14586132
2026-07-10T02:00:23.800576,2026-07-10T02:00:23.812222+00:00,110.0,47,ask,DiligentDonuts,CostlyCorianders,14586144
2026-07-10T02:00:23.983429,2026-07-10T02:00:23.995165+00:00,110.1,42,bid,DiligentDonuts,EarnestEspressos,14586149
2026-07-10T02:00:23.983429,2026-07-10T02:00:23.995165+00:00,110.1,3,bid,DiligentDonuts,Xinhong Shan,14586150
2026-07-10T02:00:23.983429,2026-07-10T02:00:23.995165+00:00,110.4,4,bid,DiligentDonuts,Kelvin Chan,14586151
2026-07-10T02:00:24.062970,2026-07-10T02:00:24.073016+00:00,110.4,11,ask,DiligentDonuts,Xuanyu Liu,14586153
2026-07-10T02:00:24.370459,2026-07-10T02:00:24.379432+00:00,110.4,12,ask,DiligentDonuts,Xuanyu Liu,14586167
2026-07-10T02:00:24.651037,2026-07-10T02:00:24.663632+00:00,110.4,28,ask,DiligentDonuts,FlawlessFlatbreads,14586172
2026-07-10T02:00:25.578193,2026-07-10T02:00:25.589896+00:00,110.4,49,ask,EarnestEspressos,CostlyCorianders,14586187
2026-07-10T02:00:26.771162,2026-07-10T02:00:26.779657+00:00,110.4,50,ask,EarnestEspressos,FlawlessFlatbreads,14586210
2026-07-10T02:00:27.418148,2026-07-10T02:00:27.427929+00:00,110.4,22,ask,EarnestEspressos,Xuanyu Liu,14586224
2026-07-10T02:00:27.894336,2026-07-10T02:00:27.901777+00:00,110.4,4,ask,Xinhong Shan,EarnestEspressos,14586240
2026-07-10T02:00:27.908154,2026-07-10T02:00:27.919740+00:00,110.2,11,bid,Xuanyu Liu,EarnestEspressos,14586241
2026-07-10T02:00:28.688258,2026-07-10T02:00:28.695750+00:00,110.2,48,bid,CostlyCorianders,EarnestEspressos,14586254
2026-07-10T02:00:28.728253,2026-07-10T02:00:28.739137+00:00,110.2,11,bid,Xuanyu Liu,EarnestEspressos,14586256
2026-07-10T02:00:28.880162,2026-07-10T02:00:28.891698+00:00,110.1,1,ask,Kelvin Chan,FlawlessFlatbreads,14586263
2026-07-10T02:00:28.880162,2026-07-10T02:00:28.891698+00:00,110.1,4,ask,Xinhong Shan,FlawlessFlatbreads,14586264
2026-07-10T02:00:28.880162,2026-07-10T02:00:28.891698+00:00,110.0,45,ask,DiligentDonuts,FlawlessFlatbreads,14586265
2026-07-10T02:00:28.908615,2026-07-10T02:00:28.917116+00:00,110.2,12,bid,Xuanyu Liu,EarnestEspressos,14586267
2026-07-10T02:00:30.512977,2026-07-10T02:00:30.524918+00:00,110.0,4,ask,Xinhong Shan,CostlyCorianders,14586297
2026-07-10T02:00:30.512977,2026-07-10T02:00:30.524918+00:00,109.9,41,ask,DiligentDonuts,CostlyCorianders,14586298
2026-07-10T02:00:30.973151,2026-07-10T02:00:30.985187+00:00,110.2,4,bid,CostlyCorianders,Xinhong Shan,14586317
2026-07-10T02:00:30.973151,2026-07-10T02:00:30.985187+00:00,110.4,42,bid,CostlyCorianders,DiligentDonuts,14586318
2026-07-10T02:00:31.022453,2026-07-10T02:00:31.037145+00:00,109.9,50,ask,DiligentDonuts,FlawlessFlatbreads,14586320
2026-07-10T02:00:31.986758,2026-07-10T02:00:31.998605+00:00,110.3,42,ask,EarnestEspressos,CostlyCorianders,14586351
2026-07-10T02:00:32.226250,2026-07-10T02:00:32.236148+00:00,110.3,12,ask,EarnestEspressos,Xuanyu Liu,14586354
2026-07-10T02:00:33.426795,2026-07-10T02:00:33.440050+00:00,110.4,4,bid,CostlyCorianders,Xinhong Shan,14586375
2026-07-10T02:00:33.426795,2026-07-10T02:00:33.440050+00:00,110.8,40,bid,CostlyCorianders,EarnestEspressos,14586376
2026-07-10T02:00:33.537656,2026-07-10T02:00:33.545743+00:00,110.3,96,ask,EarnestEspressos,DiligentDonuts,14586383
2026-07-10T02:00:33.537656,2026-07-10T02:00:33.545743+00:00,110.3,4,ask,Xinhong Shan,DiligentDonuts,14586384
2026-07-10T02:00:34.249255,2026-07-10T02:00:34.264280+00:00,110.1,6,ask,Kelvin Chan,EarnestEspressos,14586400
2026-07-10T02:00:34.249255,2026-07-10T02:00:34.264280+00:00,110.1,4,ask,Xinhong Shan,EarnestEspressos,14586401
2026-07-10T02:00:34.456045,2026-07-10T02:00:34.456515+00:00,109.8,42,ask,DiligentDonuts,CostlyCorianders,14586407
2026-07-10T02:00:35.189968,2026-07-10T02:00:35.199295+00:00,110.0,50,bid,FlawlessFlatbreads,EarnestEspressos,14586417
2026-07-10T02:00:35.487530,2026-07-10T02:00:35.499338+00:00,110.0,44,bid,CostlyCorianders,EarnestEspressos,14586422
2026-07-10T02:00:37.320506,2026-07-10T02:00:37.331977+00:00,110.0,4,bid,FlawlessFlatbreads,Xinhong Shan,14586447
2026-07-10T02:00:37.320506,2026-07-10T02:00:37.331977+00:00,110.1,46,bid,FlawlessFlatbreads,DiligentDonuts,14586448
2026-07-10T02:00:38.157617,2026-07-10T02:00:38.168682+00:00,110.1,48,bid,CostlyCorianders,DiligentDonuts,14586469
2026-07-10T02:00:41.538024,2026-07-10T02:00:41.549692+00:00,110.1,4,bid,FlawlessFlatbreads,Xinhong Shan,14586533
2026-07-10T02:00:41.538024,2026-07-10T02:00:41.549692+00:00,110.3,1,bid,FlawlessFlatbreads,Kelvin Chan,14586534
2026-07-10T02:00:41.538024,2026-07-10T02:00:41.549692+00:00,110.4,45,bid,FlawlessFlatbreads,DiligentDonuts,14586535
2026-07-10T02:00:43.175374,2026-07-10T02:00:43.183758+00:00,110.0,11,ask,EarnestEspressos,Xuanyu Liu,14586577
2026-07-10T02:00:43.654715,2026-07-10T02:00:43.663689+00:00,110.4,4,bid,FlawlessFlatbreads,Xinhong Shan,14586587
2026-07-10T02:00:43.654715,2026-07-10T02:00:43.663689+00:00,110.5,46,bid,FlawlessFlatbreads,DiligentDonuts,14586588
2026-07-10T02:00:44.073364,2026-07-10T02:00:44.084992+00:00,110.0,45,ask,DiligentDonuts,CostlyCorianders,14586591
2026-07-10T02:00:44.659559,2026-07-10T02:00:44.668743+00:00,110.3,5,bid,CostlyCorianders,Kelvin Chan,14586603
2026-07-10T02:00:44.659559,2026-07-10T02:00:44.668743+00:00,110.3,4,bid,CostlyCorianders,Xinhong Shan,14586604
2026-07-10T02:00:45.217909,2026-07-10T02:00:45.219603+00:00,110.0,44,ask,DiligentDonuts,CostlyCorianders,14586614
2026-07-10T02:00:45.777762,2026-07-10T02:00:45.789736+00:00,110.5,50,bid,FlawlessFlatbreads,DiligentDonuts,14586627
2026-07-10T02:00:47.966749,2026-07-10T02:00:47.974651+00:00,110.2,50,ask,DiligentDonuts,FlawlessFlatbreads,14586666
2026-07-10T02:00:48.415966,2026-07-10T02:00:48.423512+00:00,110.2,47,ask,DiligentDonuts,CostlyCorianders,14586672
2026-07-10T02:00:48.989913,2026-07-10T02:00:49.001468+00:00,110.5,43,bid,CostlyCorianders,EarnestEspressos,14586684
2026-07-10T02:00:50.073634,2026-07-10T02:00:50.085196+00:00,110.4,50,ask,EarnestEspressos,FlawlessFlatbreads,14586699
2026-07-10T02:00:50.176560,2026-07-10T02:00:50.188417+00:00,110.5,4,bid,CostlyCorianders,Xinhong Shan,14586700
2026-07-10T02:00:50.176560,2026-07-10T02:00:50.188417+00:00,110.6,40,bid,CostlyCorianders,DiligentDonuts,14586701
2026-07-10T02:00:50.649347,2026-07-10T02:00:50.658600+00:00,110.4,48,ask,EarnestEspressos,CostlyCorianders,14586710
2026-07-10T02:00:53.270202,2026-07-10T02:00:53.278874+00:00,110.4,4,ask,Xinhong Shan,EarnestEspressos,14586763
2026-07-10T02:00:54.245744,2026-07-10T02:00:54.253915+00:00,110.3,50,bid,FlawlessFlatbreads,EarnestEspressos,14586766
2026-07-10T02:00:55.145626,2026-07-10T02:00:55.158563+00:00,110.2,6,ask,Kelvin Chan,CostlyCorianders,14586785
2026-07-10T02:00:55.145626,2026-07-10T02:00:55.158563+00:00,110.2,4,ask,Xinhong Shan,CostlyCorianders,14586786
2026-07-10T02:00:56.235822,2026-07-10T02:00:56.247279+00:00,110.3,42,bid,CostlyCorianders,EarnestEspressos,14586806
2026-07-10T02:00:56.358418,2026-07-10T02:00:56.374198+00:00,110.3,4,bid,FlawlessFlatbreads,Xinhong Shan,14586813
2026-07-10T02:00:56.358418,2026-07-10T02:00:56.374198+00:00,110.4,1,bid,FlawlessFlatbreads,Kelvin Chan,14586814
2026-07-10T02:00:56.358418,2026-07-10T02:00:56.374198+00:00,110.5,45,bid,FlawlessFlatbreads,DiligentDonuts,14586815
2026-07-10T02:00:56.698496,2026-07-10T02:00:56.710431+00:00,110.5,46,bid,CostlyCorianders,DiligentDonuts,14586823
2026-07-10T02:00:57.608632,2026-07-10T02:00:57.644402+00:00,110.3,23,ask,EarnestEspressos,Xuanyu Liu,14586855
2026-07-10T02:00:58.918127,2026-07-10T02:00:58.932753+00:00,110.4,1,bid,Xuanyu Liu,Kelvin Chan,14586873
2026-07-10T02:00:58.918127,2026-07-10T02:00:58.932753+00:00,110.4,4,bid,Xuanyu Liu,Xinhong Shan,14586874
2026-07-10T02:01:00.680855,2026-07-10T02:01:00.691206+00:00,110.3,4,ask,Xinhong Shan,FlawlessFlatbreads,14586909
2026-07-10T02:01:00.680855,2026-07-10T02:01:00.691206+00:00,110.2,46,ask,EarnestEspressos,FlawlessFlatbreads,14586910
2026-07-10T02:01:02.288532,2026-07-10T02:01:02.300001+00:00,110.2,49,ask,EarnestEspressos,CostlyCorianders,14586927
2026-07-10T02:01:02.768519,2026-07-10T02:01:02.777185+00:00,110.2,4,ask,Xinhong Shan,EarnestEspressos,14586933
2026-07-10T02:01:02.768519,2026-07-10T02:01:02.777185+00:00,110.1,1,ask,Kelvin Chan,EarnestEspressos,14586934
2026-07-10T02:01:02.768519,2026-07-10T02:01:02.796920+00:00,110.1,100,ask,DiligentDonuts,EarnestEspressos,14586935
2026-07-10T02:01:02.786918,2026-07-10T02:01:02.796920+00:00,110.0,18,bid,Xuanyu Liu,EarnestEspressos,14586939
2026-07-10T02:01:02.799450,2026-07-10T02:01:02.812174+00:00,109.5,50,ask,EarnestEspressos,FlawlessFlatbreads,14586942
2026-07-10T02:01:03.109406,2026-07-10T02:01:03.119110+00:00,110.0,2,bid,Kelvin Chan,EarnestEspressos,14586952
2026-07-10T02:01:03.318451,2026-07-10T02:01:03.325126+00:00,110.0,2,bid,Kelvin Chan,EarnestEspressos,14586957
2026-07-10T02:01:03.357096,2026-07-10T02:01:03.366045+00:00,110.0,2,bid,Kelvin Chan,EarnestEspressos,14586958
2026-07-10T02:01:03.375105,2026-07-10T02:01:03.383191+00:00,109.5,43,ask,EarnestEspressos,CostlyCorianders,14586959
2026-07-10T02:01:03.405012,2026-07-10T02:01:03.417310+00:00,110.0,2,bid,Kelvin Chan,EarnestEspressos,14586960
2026-07-10T02:01:03.486214,2026-07-10T02:01:03.495523+00:00,110.0,2,bid,Kelvin Chan,EarnestEspressos,14586964
2026-07-10T02:01:03.554467,2026-07-10T02:01:03.563856+00:00,110.0,1,bid,Kelvin Chan,EarnestEspressos,14586965
2026-07-10T02:01:04.316073,2026-07-10T02:01:04.325669+00:00,110.0,1,bid,Kelvin Chan,EarnestEspressos,14586979
2026-07-10T02:01:04.362716,2026-07-10T02:01:04.369194+00:00,110.0,1,bid,Kelvin Chan,EarnestEspressos,14586980
2026-07-10T02:01:04.525252,2026-07-10T02:01:04.532560+00:00,110.0,1,bid,Kelvin Chan,EarnestEspressos,14586983
2026-07-10T02:01:04.529027,2026-07-10T02:01:04.537813+00:00,110.0,13,bid,CostlyCorianders,EarnestEspressos,14586984
2026-07-10T02:01:04.529027,2026-07-10T02:01:04.543039+00:00,110.0,4,bid,CostlyCorianders,Xinhong Shan,14586985
2026-07-10T02:01:04.529027,2026-07-10T02:01:04.543039+00:00,110.5,3,bid,CostlyCorianders,Kelvin Chan,14586986
2026-07-10T02:01:04.529027,2026-07-10T02:01:04.543039+00:00,110.6,22,bid,CostlyCorianders,DiligentDonuts,14586987
2026-07-10T02:01:04.592710,2026-07-10T02:01:04.601215+00:00,110.1,1,ask,Kelvin Chan,Xuanyu Liu,14586988
2026-07-10T02:01:04.645914,2026-07-10T02:01:04.654567+00:00,110.1,1,ask,Kelvin Chan,Xuanyu Liu,14586990
2026-07-10T02:01:04.695681,2026-07-10T02:01:04.704714+00:00,110.1,1,ask,Kelvin Chan,Xuanyu Liu,14586992
2026-07-10T02:01:04.912413,2026-07-10T02:01:04.922362+00:00,109.5,50,ask,EarnestEspressos,FlawlessFlatbreads,14586997
2026-07-10T02:01:05.661855,2026-07-10T02:01:05.670265+00:00,110.1,2,ask,Kelvin Chan,Xuanyu Liu,14587019
2026-07-10T02:01:05.705158,2026-07-10T02:01:05.713986+00:00,110.1,1,ask,Kelvin Chan,Xuanyu Liu,14587021
2026-07-10T02:01:05.817682,2026-07-10T02:01:05.826284+00:00,110.1,2,ask,Kelvin Chan,Xuanyu Liu,14587023
2026-07-10T02:01:05.933996,2026-07-10T02:01:05.944927+00:00,110.1,1,ask,Kelvin Chan,EarnestEspressos,14587025
2026-07-10T02:01:05.933996,2026-07-10T02:01:05.944927+00:00,110.1,4,ask,Xinhong Shan,EarnestEspressos,14587026
2026-07-10T02:01:06.429549,2026-07-10T02:01:06.438692+00:00,110.0,8,bid,Xuanyu Liu,EarnestEspressos,14587039
2026-07-10T02:01:06.970094,2026-07-10T02:01:06.980036+00:00,110.0,50,bid,FlawlessFlatbreads,EarnestEspressos,14587046
2026-07-10T02:01:08.068815,2026-07-10T02:01:08.076215+00:00,110.0,1,bid,Kelvin Chan,EarnestEspressos,14587066
2026-07-10T02:01:08.099416,2026-07-10T02:01:08.112020+00:00,110.0,23,bid,Xuanyu Liu,EarnestEspressos,14587068
2026-07-10T02:01:08.297236,2026-07-10T02:01:08.309053+00:00,110.0,63,bid,DiligentDonuts,EarnestEspressos,14587080
2026-07-10T02:01:08.297236,2026-07-10T02:01:08.309053+00:00,110.0,4,bid,DiligentDonuts,Xinhong Shan,14587081
2026-07-10T02:01:08.722178,2026-07-10T02:01:08.734055+00:00,110.4,4,bid,CostlyCorianders,Kelvin Chan,14587090
2026-07-10T02:01:08.777680,2026-07-10T02:01:08.792642+00:00,110.1,33,ask,DiligentDonuts,CostlyCorianders,14587091
2026-07-10T02:01:08.777680,2026-07-10T02:01:08.792642+00:00,110.0,1,ask,Kelvin Chan,CostlyCorianders,14587092
2026-07-10T02:01:09.044584,2026-07-10T02:01:09.084304+00:00,110.3,4,bid,EarnestEspressos,Xinhong Shan,14587094
2026-07-10T02:01:09.044584,2026-07-10T02:01:09.084304+00:00,110.3,4,bid,EarnestEspressos,Kelvin Chan,14587095
2026-07-10T02:01:09.061936,2026-07-10T02:01:09.084304+00:00,110.4,23,ask,EarnestEspressos,Xuanyu Liu,14587097
2026-07-10T02:01:09.069067,2026-07-10T02:01:09.084304+00:00,110.4,4,ask,EarnestEspressos,Kelvin Chan,14587098
2026-07-10T02:01:09.077726,2026-07-10T02:01:09.095528+00:00,110.6,50,bid,FlawlessFlatbreads,DiligentDonuts,14587101
2026-07-10T02:01:09.414920,2026-07-10T02:01:09.427066+00:00,110.4,40,ask,EarnestEspressos,Xuanyu Liu,14587108
2026-07-10T02:01:10.058803,2026-07-10T02:01:10.068847+00:00,110.4,4,ask,EarnestEspressos,Kelvin Chan,14587120
2026-07-10T02:01:10.221054,2026-07-10T02:01:10.231270+00:00,110.4,4,ask,EarnestEspressos,Kelvin Chan,14587121
2026-07-10T02:01:10.887665,2026-07-10T02:01:10.899091+00:00,110.4,42,ask,EarnestEspressos,CostlyCorianders,14587132
2026-07-10T02:01:11.182768,2026-07-10T02:01:11.193596+00:00,110.4,4,ask,EarnestEspressos,Kelvin Chan,14587140
2026-07-10T02:01:11.268234,2026-07-10T02:01:11.277604+00:00,110.4,21,ask,EarnestEspressos,FlawlessFlatbreads,14587143
2026-07-10T02:01:11.268234,2026-07-10T02:01:11.277604+00:00,110.4,4,ask,Xinhong Shan,FlawlessFlatbreads,14587144
2026-07-10T02:01:11.313925,2026-07-10T02:01:11.322877+00:00,110.4,4,bid,Xuanyu Liu,Kelvin Chan,14587146
2026-07-10T02:01:11.528150,2026-07-10T02:01:11.539230+00:00,110.3,13,bid,Xuanyu Liu,DiligentDonuts,14587149
2026-07-10T02:01:11.917563,2026-07-10T02:01:11.928925+00:00,110.3,42,bid,CostlyCorianders,DiligentDonuts,14587157
2026-07-10T02:01:12.264440,2026-07-10T02:01:12.275381+00:00,110.0,1,ask,Kelvin Chan,EarnestEspressos,14587166
2026-07-10T02:01:12.264440,2026-07-10T02:01:12.275381+00:00,110.0,4,ask,Xinhong Shan,EarnestEspressos,14587167
2026-07-10T02:01:12.276647,2026-07-10T02:01:12.288389+00:00,110.0,12,bid,Xuanyu Liu,EarnestEspressos,14587168
2026-07-10T02:01:12.416953,2026-07-10T02:01:12.428395+00:00,110.0,45,bid,CostlyCorianders,EarnestEspressos,14587175
2026-07-10T02:01:13.324996,2026-07-10T02:01:13.332906+00:00,110.0,50,bid,FlawlessFlatbreads,EarnestEspressos,14587192
2026-07-10T02:01:13.344523,2026-07-10T02:01:13.353709+00:00,110.0,11,bid,Xuanyu Liu,EarnestEspressos,14587193
2026-07-10T02:01:13.547957,2026-07-10T02:01:13.554420+00:00,110.0,27,bid,CostlyCorianders,EarnestEspressos,14587206
2026-07-10T02:01:13.547957,2026-07-10T02:01:13.554420+00:00,110.0,4,bid,CostlyCorianders,Xinhong Shan,14587207
2026-07-10T02:01:15.472327,2026-07-10T02:01:15.484568+00:00,110.3,4,bid,FlawlessFlatbreads,Xinhong Shan,14587238
2026-07-10T02:01:15.472327,2026-07-10T02:01:15.484568+00:00,110.4,5,bid,FlawlessFlatbreads,Kelvin Chan,14587239
2026-07-10T02:01:15.472327,2026-07-10T02:01:15.484568+00:00,110.4,41,bid,FlawlessFlatbreads,DiligentDonuts,14587240
2026-07-10T02:01:17.285399,2026-07-10T02:01:17.295755+00:00,110.1,11,ask,EarnestEspressos,Xuanyu Liu,14587272
2026-07-10T02:01:17.653915,2026-07-10T02:01:17.664144+00:00,110.1,50,ask,EarnestEspressos,FlawlessFlatbreads,14587278
2026-07-10T02:01:19.759194,2026-07-10T02:01:19.768919+00:00,110.1,4,ask,Xinhong Shan,Xuanyu Liu,14587321
2026-07-10T02:01:19.762061,2026-07-10T02:01:19.768919+00:00,109.9,50,ask,DiligentDonuts,FlawlessFlatbreads,14587322
2026-07-10T02:01:21.879355,2026-07-10T02:01:21.894990+00:00,109.9,4,ask,Xinhong Shan,FlawlessFlatbreads,14587376
2026-07-10T02:01:21.879355,2026-07-10T02:01:21.894990+00:00,109.8,46,ask,EarnestEspressos,FlawlessFlatbreads,14587377
2026-07-10T02:01:23.108398,2026-07-10T02:01:23.119880+00:00,109.8,42,ask,EarnestEspressos,CostlyCorianders,14587395
2026-07-10T02:01:23.991199,2026-07-10T02:01:24.002848+00:00,109.8,50,ask,EarnestEspressos,FlawlessFlatbreads,14587410
2026-07-10T02:01:24.251602,2026-07-10T02:01:24.263950+00:00,109.8,12,ask,EarnestEspressos,CostlyCorianders,14587415
2026-07-10T02:01:24.251602,2026-07-10T02:01:24.263950+00:00,109.8,4,ask,Xinhong Shan,CostlyCorianders,14587416
2026-07-10T02:01:24.251602,2026-07-10T02:01:24.263950+00:00,109.5,27,ask,DiligentDonuts,CostlyCorianders,14587417
2026-07-10T02:01:24.930834,2026-07-10T02:01:24.946413+00:00,109.6,38,bid,Xuanyu Liu,EarnestEspressos,14587437
2026-07-10T02:01:25.516361,2026-07-10T02:01:25.527528+00:00,109.6,11,bid,Xuanyu Liu,EarnestEspressos,14587448
2026-07-10T02:01:26.115121,2026-07-10T02:01:26.126483+00:00,109.5,50,ask,DiligentDonuts,FlawlessFlatbreads,14587459
2026-07-10T02:01:28.221675,2026-07-10T02:01:28.233005+00:00,109.5,50,ask,DiligentDonuts,FlawlessFlatbreads,14587493
2026-07-10T02:01:29.129195,2026-07-10T02:01:29.140707+00:00,109.6,4,bid,Xuanyu Liu,Xinhong Shan,14587509
2026-07-10T02:01:30.334994,2026-07-10T02:01:30.344705+00:00,109.5,50,ask,DiligentDonuts,FlawlessFlatbreads,14587528
2026-07-10T02:01:30.400774,2026-07-10T02:01:30.422997+00:00,109.9,47,bid,CostlyCorianders,EarnestEspressos,14587532
2026-07-10T02:01:31.847639,2026-07-10T02:01:31.856918+00:00,109.7,4,ask,EarnestEspressos,Xuanyu Liu,14587562
2026-07-10T02:01:32.442065,2026-07-10T02:01:32.450199+00:00,109.7,50,ask,EarnestEspressos,FlawlessFlatbreads,14587577
2026-07-10T02:01:34.578987,2026-07-10T02:01:34.585735+00:00,109.7,4,ask,Xinhong Shan,FlawlessFlatbreads,14587631
2026-07-10T02:01:34.578987,2026-07-10T02:01:34.591002+00:00,109.5,46,ask,EarnestEspressos,FlawlessFlatbreads,14587632
2026-07-10T02:01:34.883393,2026-07-10T02:01:34.894034+00:00,109.5,42,ask,EarnestEspressos,CostlyCorianders,14587636
2026-07-10T02:01:36.688575,2026-07-10T02:01:36.697596+00:00,109.5,50,ask,EarnestEspressos,FlawlessFlatbreads,14587670
2026-07-10T02:01:37.570706,2026-07-10T02:01:37.579596+00:00,109.6,1,bid,Kelvin Chan,DiligentDonuts,14587679
2026-07-10T02:01:37.584785,2026-07-10T02:01:37.638542+00:00,109.5,4,ask,Xinhong Shan,EarnestEspressos,14587680
2026-07-10T02:01:37.624214,2026-07-10T02:01:37.638542+00:00,109.2,6,bid,Xuanyu Liu,EarnestEspressos,14587682
2026-07-10T02:01:37.639776,2026-07-10T02:01:37.648604+00:00,109.2,17,bid,Xuanyu Liu,EarnestEspressos,14587686
2026-07-10T02:01:38.230394,2026-07-10T02:01:38.261755+00:00,109.2,3,bid,Xuanyu Liu,EarnestEspressos,14587698
2026-07-10T02:01:38.825020,2026-07-10T02:01:38.834489+00:00,109.1,50,ask,DiligentDonuts,FlawlessFlatbreads,14587715
2026-07-10T02:01:38.885668,2026-07-10T02:01:38.892408+00:00,109.2,45,bid,CostlyCorianders,EarnestEspressos,14587720
2026-07-10T02:01:40.244987,2026-07-10T02:01:40.263606+00:00,109.2,4,bid,Kelvin Chan,EarnestEspressos,14587737
2026-07-10T02:01:40.386207,2026-07-10T02:01:40.396208+00:00,109.2,4,bid,Kelvin Chan,EarnestEspressos,14587740
2026-07-10T02:01:40.518478,2026-07-10T02:01:40.526139+00:00,109.2,4,bid,Kelvin Chan,Xinhong Shan,14587743
2026-07-10T02:01:40.742908,2026-07-10T02:01:40.752128+00:00,109.2,4,bid,Kelvin Chan,EarnestEspressos,14587744
2026-07-10T02:01:40.786249,2026-07-10T02:01:40.797784+00:00,109.5,45,bid,CostlyCorianders,DiligentDonuts,14587747
2026-07-10T02:01:40.932229,2026-07-10T02:01:40.943619+00:00,109.1,50,ask,EarnestEspressos,FlawlessFlatbreads,14587752
2026-07-10T02:01:41.882970,2026-07-10T02:01:41.889892+00:00,109.1,48,ask,EarnestEspressos,CostlyCorianders,14587775
2026-07-10T02:01:43.039453,2026-07-10T02:01:43.051068+00:00,109.1,50,ask,EarnestEspressos,FlawlessFlatbreads,14587790
2026-07-10T02:01:43.913115,2026-07-10T02:01:43.924899+00:00,109.2,100,ask,DiligentDonuts,EarnestEspressos,14587797
2026-07-10T02:01:43.913115,2026-07-10T02:01:43.924899+00:00,109.1,4,ask,Xinhong Shan,EarnestEspressos,14587798
2026-07-10T02:01:44.592459,2026-07-10T02:01:44.603813+00:00,109.1,40,bid,CostlyCorianders,EarnestEspressos,14587802
2026-07-10T02:01:45.152871,2026-07-10T02:01:45.158655+00:00,108.6,50,ask,EarnestEspressos,FlawlessFlatbreads,14587814
2026-07-10T02:01:47.101621,2026-07-10T02:01:47.113099+00:00,109.1,4,bid,CostlyCorianders,Xinhong Shan,14587833
2026-07-10T02:01:47.101621,2026-07-10T02:01:47.113099+00:00,109.4,45,bid,CostlyCorianders,DiligentDonuts,14587834
2026-07-10T02:01:47.259680,2026-07-10T02:01:47.270971+00:00,108.9,50,ask,DiligentDonuts,FlawlessFlatbreads,14587835
2026-07-10T02:01:49.254388,2026-07-10T02:01:49.258596+00:00,108.9,47,ask,EarnestEspressos,FlawlessFlatbreads,14587876
2026-07-10T02:01:49.365979,2026-07-10T02:01:49.377405+00:00,108.9,3,ask,DiligentDonuts,FlawlessFlatbreads,14587878
2026-07-10T02:01:49.365979,2026-07-10T02:01:49.377405+00:00,108.9,47,ask,DiligentDonuts,CostlyCorianders,14587879
2026-07-10T02:01:50.174088,2026-07-10T02:01:50.184314+00:00,109.3,3,bid,Xuanyu Liu,DiligentDonuts,14587896
2026-07-10T02:01:51.313635,2026-07-10T02:01:51.324989+00:00,109.3,46,bid,CostlyCorianders,DiligentDonuts,14587913
2026-07-10T02:01:51.475299,2026-07-10T02:01:51.486282+00:00,109.0,2,ask,Kelvin Chan,FlawlessFlatbreads,14587922
2026-07-10T02:01:51.475299,2026-07-10T02:01:51.486282+00:00,109.0,4,ask,Xinhong Shan,FlawlessFlatbreads,14587923
2026-07-10T02:01:51.475299,2026-07-10T02:01:51.491510+00:00,108.8,44,ask,DiligentDonuts,FlawlessFlatbreads,14587924
2026-07-10T02:01:52.359622,2026-07-10T02:01:52.368967+00:00,108.8,42,ask,DiligentDonuts,CostlyCorianders,14587934
2026-07-10T02:01:53.640801,2026-07-10T02:01:53.650247+00:00,109.2,11,bid,Xuanyu Liu,DiligentDonuts,14587969
2026-07-10T02:01:55.636242,2026-07-10T02:01:55.647676+00:00,109.2,50,bid,FlawlessFlatbreads,DiligentDonuts,14588017
2026-07-10T02:01:57.423699,2026-07-10T02:01:57.435528+00:00,109.1,40,ask,DiligentDonuts,CostlyCorianders,14588048
2026-07-10T02:01:57.745423,2026-07-10T02:01:57.758569+00:00,109.2,4,bid,FlawlessFlatbreads,Xinhong Shan,14588054
2026-07-10T02:01:57.745423,2026-07-10T02:01:57.758569+00:00,109.3,3,bid,FlawlessFlatbreads,Kelvin Chan,14588055
2026-07-10T02:01:57.745423,2026-07-10T02:01:57.758569+00:00,109.5,43,bid,FlawlessFlatbreads,EarnestEspressos,14588056
2026-07-10T02:01:58.943239,2026-07-10T02:01:58.958598+00:00,109.5,44,bid,CostlyCorianders,EarnestEspressos,14588079
2026-07-10T02:01:59.693970,2026-07-10T02:01:59.704783+00:00,109.3,5,ask,EarnestEspressos,Xuanyu Liu,14588095
2026-07-10T02:01:59.856915,2026-07-10T02:01:59.868465+00:00,109.4,50,bid,FlawlessFlatbreads,DiligentDonuts,14588100
2026-07-10T02:02:00.582759,2026-07-10T02:02:00.592958+00:00,109.3,43,ask,EarnestEspressos,CostlyCorianders,14588116
2026-07-10T02:02:01.964964,2026-07-10T02:02:01.978457+00:00,109.4,50,bid,FlawlessFlatbreads,DiligentDonuts,14588146
2026-07-10T02:02:03.232462,2026-07-10T02:02:03.243885+00:00,109.4,4,bid,CostlyCorianders,Xinhong Shan,14588167
2026-07-10T02:02:03.232462,2026-07-10T02:02:03.243885+00:00,109.7,42,bid,CostlyCorianders,EarnestEspressos,14588168
2026-07-10T02:02:03.311006,2026-07-10T02:02:03.320038+00:00,109.3,6,ask,DiligentDonuts,Xuanyu Liu,14588172
2026-07-10T02:02:04.078294,2026-07-10T02:02:04.090400+00:00,109.4,1,bid,FlawlessFlatbreads,Kelvin Chan,14588184
2026-07-10T02:02:04.078294,2026-07-10T02:02:04.090400+00:00,109.4,4,bid,FlawlessFlatbreads,Xinhong Shan,14588185
2026-07-10T02:02:04.078294,2026-07-10T02:02:04.090400+00:00,109.7,45,bid,FlawlessFlatbreads,EarnestEspressos,14588186
2026-07-10T02:02:05.085333,2026-07-10T02:02:05.096697+00:00,109.4,1,bid,CostlyCorianders,Kelvin Chan,14588202
2026-07-10T02:02:05.085333,2026-07-10T02:02:05.096697+00:00,109.7,47,bid,CostlyCorianders,EarnestEspressos,14588203
2026-07-10T02:02:06.009401,2026-07-10T02:02:06.020909+00:00,109.7,100,bid,EarnestEspressos,DiligentDonuts,14588225
2026-07-10T02:02:06.009401,2026-07-10T02:02:06.020909+00:00,109.7,4,bid,EarnestEspressos,Xinhong Shan,14588226
2026-07-10T02:02:06.107824,2026-07-10T02:02:06.116673+00:00,109.8,3,ask,EarnestEspressos,Xuanyu Liu,14588232
2026-07-10T02:02:06.187340,2026-07-10T02:02:06.195686+00:00,110.3,50,bid,FlawlessFlatbreads,EarnestEspressos,14588237
2026-07-10T02:02:07.938534,2026-07-10T02:02:07.944889+00:00,109.8,41,ask,EarnestEspressos,CostlyCorianders,14588264
2026-07-10T02:02:08.294522,2026-07-10T02:02:08.305935+00:00,110.3,50,bid,FlawlessFlatbreads,EarnestEspressos,14588272
2026-07-10T02:02:08.557616,2026-07-10T02:02:08.576104+00:00,109.8,2,ask,EarnestEspressos,Xuanyu Liu,14588285
2026-07-10T02:02:08.557616,2026-07-10T02:02:08.576104+00:00,109.8,4,ask,Xinhong Shan,Xuanyu Liu,14588286
2026-07-10T02:02:11.879985,2026-07-10T02:02:11.890374+00:00,109.6,4,ask,Xinhong Shan,CostlyCorianders,14588374
2026-07-10T02:02:11.879985,2026-07-10T02:02:11.890374+00:00,109.5,39,ask,DiligentDonuts,CostlyCorianders,14588375
2026-07-10T02:02:12.452301,2026-07-10T02:02:12.463958+00:00,109.5,47,ask,DiligentDonuts,CostlyCorianders,14588386
2026-07-10T02:02:12.561599,2026-07-10T02:02:12.570667+00:00,109.5,14,ask,DiligentDonuts,FlawlessFlatbreads,14588392
2026-07-10T02:02:12.561599,2026-07-10T02:02:12.570667+00:00,109.5,4,ask,Xinhong Shan,FlawlessFlatbreads,14588393
2026-07-10T02:02:14.101153,2026-07-10T02:02:14.112875+00:00,109.9,45,bid,CostlyCorianders,DiligentDonuts,14588426
2026-07-10T02:02:14.619359,2026-07-10T02:02:14.630813+00:00,109.9,50,bid,FlawlessFlatbreads,DiligentDonuts,14588436
2026-07-10T02:02:15.289074,2026-07-10T02:02:15.300818+00:00,109.4,42,ask,EarnestEspressos,CostlyCorianders,14588454
2026-07-10T02:02:15.776841,2026-07-10T02:02:15.785322+00:00,109.6,41,bid,CostlyCorianders,EarnestEspressos,14588460
2026-07-10T02:02:16.725856,2026-07-10T02:02:16.735078+00:00,109.6,50,bid,FlawlessFlatbreads,EarnestEspressos,14588484
2026-07-10T02:02:17.733549,2026-07-10T02:02:17.742450+00:00,109.6,3,bid,Xuanyu Liu,EarnestEspressos,14588501
2026-07-10T02:02:18.687705,2026-07-10T02:02:18.699316+00:00,109.6,4,bid,EarnestEspressos,Xinhong Shan,14588516
2026-07-10T02:02:18.833202,2026-07-10T02:02:18.844519+00:00,109.7,1,bid,FlawlessFlatbreads,Kelvin Chan,14588517
2026-07-10T02:02:18.833202,2026-07-10T02:02:18.844519+00:00,109.9,49,bid,FlawlessFlatbreads,DiligentDonuts,14588518
2026-07-10T02:02:19.043115,2026-07-10T02:02:19.058591+00:00,109.6,45,ask,EarnestEspressos,CostlyCorianders,14588527
2026-07-10T02:02:20.940583,2026-07-10T02:02:20.948251+00:00,109.7,4,bid,FlawlessFlatbreads,Xinhong Shan,14588575
2026-07-10T02:02:20.940583,2026-07-10T02:02:20.953445+00:00,109.9,46,bid,FlawlessFlatbreads,DiligentDonuts,14588576
2026-07-10T02:02:21.567329,2026-07-10T02:02:21.578733+00:00,110.1,47,bid,CostlyCorianders,EarnestEspressos,14588588
2026-07-10T02:02:22.210226,2026-07-10T02:02:22.216664+00:00,109.7,48,ask,DiligentDonuts,CostlyCorianders,14588596
2026-07-10T02:02:22.706461,2026-07-10T02:02:22.718149+00:00,109.7,11,ask,DiligentDonuts,Xuanyu Liu,14588614
2026-07-10T02:02:23.049549,2026-07-10T02:02:23.058573+00:00,109.8,1,bid,FlawlessFlatbreads,Kelvin Chan,14588622
2026-07-10T02:02:23.049549,2026-07-10T02:02:23.058573+00:00,110.1,49,bid,FlawlessFlatbreads,EarnestEspressos,14588623
2026-07-10T02:02:25.035560,2026-07-10T02:02:25.047249+00:00,109.8,2,bid,EarnestEspressos,Kelvin Chan,14588650
2026-07-10T02:02:25.035560,2026-07-10T02:02:25.047249+00:00,109.8,4,bid,EarnestEspressos,Xinhong Shan,14588651
2026-07-10T02:02:25.159413,2026-07-10T02:02:25.171113+00:00,110.0,50,bid,FlawlessFlatbreads,DiligentDonuts,14588654
2026-07-10T02:02:25.975263,2026-07-10T02:02:25.986832+00:00,110.0,40,bid,CostlyCorianders,DiligentDonuts,14588673
2026-07-10T02:02:27.056649,2026-07-10T02:02:27.053509+00:00,109.9,40,ask,EarnestEspressos,CostlyCorianders,14588701
2026-07-10T02:02:27.330742,2026-07-10T02:02:27.340030+00:00,109.9,50,ask,EarnestEspressos,FlawlessFlatbreads,14588708
2026-07-10T02:02:28.237781,2026-07-10T02:02:28.250494+00:00,109.9,4,ask,Xinhong Shan,Xuanyu Liu,14588731
2026-07-10T02:02:28.237781,2026-07-10T02:02:28.250494+00:00,109.9,8,ask,DiligentDonuts,Xuanyu Liu,14588732
2026-07-10T02:02:29.438299,2026-07-10T02:02:29.447512+00:00,109.9,50,ask,DiligentDonuts,FlawlessFlatbreads,14588752
2026-07-10T02:02:29.554429,2026-07-10T02:02:29.563774+00:00,109.9,11,ask,DiligentDonuts,Xuanyu Liu,14588758
2026-07-10T02:02:30.638952,2026-07-10T02:02:30.647121+00:00,110.0,43,bid,CostlyCorianders,EarnestEspressos,14588776
2026-07-10T02:02:31.559007,2026-07-10T02:02:31.570533+00:00,109.9,4,ask,Xinhong Shan,FlawlessFlatbreads,14588796
2026-07-10T02:02:31.559007,2026-07-10T02:02:31.570533+00:00,109.7,46,ask,EarnestEspressos,FlawlessFlatbreads,14588797
2026-07-10T02:02:33.369615,2026-07-10T02:02:33.377383+00:00,109.7,49,ask,EarnestEspressos,CostlyCorianders,14588830
2026-07-10T02:02:33.669267,2026-07-10T02:02:33.680596+00:00,109.7,50,ask,EarnestEspressos,FlawlessFlatbreads,14588834
2026-07-10T02:02:34.588412,2026-07-10T02:02:34.600010+00:00,109.7,4,ask,Xinhong Shan,EarnestEspressos,14588847
2026-07-10T02:02:34.588412,2026-07-10T02:02:34.600010+00:00,109.6,1,ask,Kelvin Chan,EarnestEspressos,14588848
2026-07-10T02:02:34.588412,2026-07-10T02:02:34.615821+00:00,109.6,100,ask,DiligentDonuts,EarnestEspressos,14588849
2026-07-10T02:02:34.606222,2026-07-10T02:02:34.615821+00:00,109.5,37,bid,Xuanyu Liu,EarnestEspressos,14588850
2026-07-10T02:02:35.027112,2026-07-10T02:02:35.034928+00:00,109.5,6,bid,Kelvin Chan,EarnestEspressos,14588863
2026-07-10T02:02:35.396566,2026-07-10T02:02:35.405581+00:00,109.5,2,bid,Kelvin Chan,EarnestEspressos,14588870
2026-07-10T02:02:35.782055,2026-07-10T02:02:35.793989+00:00,109.6,4,ask,Xinhong Shan,FlawlessFlatbreads,14588878
2026-07-10T02:02:35.782055,2026-07-10T02:02:35.793989+00:00,109.6,4,ask,Kelvin Chan,FlawlessFlatbreads,14588879
2026-07-10T02:02:35.782055,2026-07-10T02:02:35.793989+00:00,109.0,42,ask,EarnestEspressos,FlawlessFlatbreads,14588880
2026-07-10T02:02:35.963975,2026-07-10T02:02:35.975921+00:00,110.0,4,bid,CostlyCorianders,Xinhong Shan,14588885
2026-07-10T02:02:35.963975,2026-07-10T02:02:35.981160+00:00,110.1,41,bid,CostlyCorianders,DiligentDonuts,14588886
2026-07-10T02:02:37.650377,2026-07-10T02:02:37.649946+00:00,110.0,48,bid,CostlyCorianders,DiligentDonuts,14588915
2026-07-10T02:02:37.893612,2026-07-10T02:02:37.905387+00:00,109.6,5,ask,Kelvin Chan,FlawlessFlatbreads,14588917
2026-07-10T02:02:37.893612,2026-07-10T02:02:37.905387+00:00,109.6,4,ask,Xinhong Shan,FlawlessFlatbreads,14588918
2026-07-10T02:02:37.893612,2026-07-10T02:02:37.905387+00:00,109.6,41,ask,EarnestEspressos,FlawlessFlatbreads,14588919
2026-07-10T02:02:38.696114,2026-07-10T02:02:38.707568+00:00,109.6,42,ask,EarnestEspressos,CostlyCorianders,14588938
2026-07-10T02:02:40.033687,2026-07-10T02:02:40.043372+00:00,109.6,50,ask,EarnestEspressos,FlawlessFlatbreads,14588957
2026-07-10T02:02:40.333154,2026-07-10T02:02:40.344616+00:00,110.0,4,bid,CostlyCorianders,Xinhong Shan,14588967
2026-07-10T02:02:40.333154,2026-07-10T02:02:40.344616+00:00,110.1,41,bid,CostlyCorianders,EarnestEspressos,14588968
2026-07-10T02:02:40.919475,2026-07-10T02:02:40.930836+00:00,109.6,100,ask,DiligentDonuts,EarnestEspressos,14588983
2026-07-10T02:02:40.919475,2026-07-10T02:02:40.930836+00:00,109.6,4,ask,Xinhong Shan,EarnestEspressos,14588984
2026-07-10T02:02:40.935971,2026-07-10T02:02:40.947330+00:00,109.1,42,ask,EarnestEspressos,CostlyCorianders,14588985
2026-07-10T02:02:42.139597,2026-07-10T02:02:42.151320+00:00,109.1,50,ask,EarnestEspressos,FlawlessFlatbreads,14589010
2026-07-10T02:02:42.153598,2026-07-10T02:02:42.156294+00:00,109.6,5,bid,Kelvin Chan,EarnestEspressos,14589013
2026-07-10T02:02:42.619231,2026-07-10T02:02:42.630356+00:00,109.6,6,bid,Kelvin Chan,EarnestEspressos,14589018
2026-07-10T02:02:42.899640,2026-07-10T02:02:42.911056+00:00,109.6,6,bid,Kelvin Chan,EarnestEspressos,14589029
2026-07-10T02:02:43.121497,2026-07-10T02:02:43.133054+00:00,109.6,29,bid,CostlyCorianders,EarnestEspressos,14589046
2026-07-10T02:02:43.121497,2026-07-10T02:02:43.133054+00:00,109.6,4,bid,CostlyCorianders,Xinhong Shan,14589047
2026-07-10T02:02:43.195925,2026-07-10T02:02:43.205111+00:00,109.5,3,ask,Kelvin Chan,Xuanyu Liu,14589049
2026-07-10T02:02:44.283555,2026-07-10T02:02:44.293235+00:00,109.5,3,ask,Kelvin Chan,FlawlessFlatbreads,14589075
2026-07-10T02:02:44.283555,2026-07-10T02:02:44.293235+00:00,109.5,4,ask,Xinhong Shan,FlawlessFlatbreads,14589076
2026-07-10T02:02:44.283555,2026-07-10T02:02:44.298226+00:00,109.1,43,ask,DiligentDonuts,FlawlessFlatbreads,14589077
2026-07-10T02:02:45.245950,2026-07-10T02:02:45.252360+00:00,109.6,49,bid,CostlyCorianders,DiligentDonuts,14589092
2026-07-10T02:02:46.318661,2026-07-10T02:02:46.327175+00:00,109.5,3,ask,Kelvin Chan,Xuanyu Liu,14589106
2026-07-10T02:02:46.394470,2026-07-10T02:02:46.405772+00:00,109.1,50,ask,DiligentDonuts,FlawlessFlatbreads,14589109
2026-07-10T02:02:46.537649,2026-07-10T02:02:46.546966+00:00,109.3,3,bid,Xuanyu Liu,DiligentDonuts,14589113
2026-07-10T02:02:46.828997,2026-07-10T02:02:46.836895+00:00,109.3,3,bid,Kelvin Chan,DiligentDonuts,14589124
2026-07-10T02:02:48.532379,2026-07-10T02:02:48.544674+00:00,109.1,4,ask,Xinhong Shan,FlawlessFlatbreads,14589151
2026-07-10T02:02:48.532379,2026-07-10T02:02:48.544674+00:00,108.9,46,ask,EarnestEspressos,FlawlessFlatbreads,14589152
2026-07-10T02:02:51.937112,2026-07-10T02:02:51.946660+00:00,109.3,3,bid,Xuanyu Liu,DiligentDonuts,14589230
2026-07-10T02:02:52.696561,2026-07-10T02:02:52.708347+00:00,109.3,50,bid,FlawlessFlatbreads,DiligentDonuts,14589236
2026-07-10T02:02:56.906937,2026-07-10T02:02:56.918579+00:00,109.3,4,bid,FlawlessFlatbreads,Xinhong Shan,14589325
2026-07-10T02:02:59.014833,2026-07-10T02:02:59.023985+00:00,109.4,3,bid,FlawlessFlatbreads,Kelvin Chan,14589367
2026-07-10T02:02:59.014833,2026-07-10T02:02:59.023985+00:00,109.4,47,bid,FlawlessFlatbreads,EarnestEspressos,14589368
2026-07-10T02:03:00.024826,2026-07-10T02:03:00.034489+00:00,109.2,43,ask,DiligentDonuts,CostlyCorianders,14589383
2026-07-10T02:03:01.136067,2026-07-10T02:03:01.144776+00:00,109.4,5,bid,FlawlessFlatbreads,Kelvin Chan,14589406
2026-07-10T02:03:01.136067,2026-07-10T02:03:01.144776+00:00,109.4,4,bid,FlawlessFlatbreads,Xinhong Shan,14589407
2026-07-10T02:03:01.136067,2026-07-10T02:03:01.148466+00:00,109.7,41,bid,FlawlessFlatbreads,DiligentDonuts,14589408
2026-07-10T02:03:03.297350,2026-07-10T02:03:03.309051+00:00,109.2,4,ask,Xinhong Shan,FlawlessFlatbreads,14589445
2026-07-10T02:03:03.297350,2026-07-10T02:03:03.309051+00:00,109.2,46,ask,EarnestEspressos,FlawlessFlatbreads,14589446
2026-07-10T02:03:04.587051,2026-07-10T02:03:04.593418+00:00,109.4,5,bid,CostlyCorianders,Kelvin Chan,14589464
2026-07-10T02:03:04.587051,2026-07-10T02:03:04.598584+00:00,109.4,4,bid,CostlyCorianders,Xinhong Shan,14589465
2026-07-10T02:03:05.130803,2026-07-10T02:03:05.140509+00:00,109.6,48,bid,CostlyCorianders,DiligentDonuts,14589490
2026-07-10T02:03:05.356331,2026-07-10T02:03:05.368030+00:00,109.6,50,bid,FlawlessFlatbreads,DiligentDonuts,14589497
2026-07-10T02:03:05.457179,2026-07-10T02:03:05.468634+00:00,109.7,100,bid,DiligentDonuts,EarnestEspressos,14589499
2026-07-10T02:03:06.170500,2026-07-10T02:03:06.181777+00:00,109.7,4,bid,EarnestEspressos,Xinhong Shan,14589512
2026-07-10T02:03:06.402776,2026-07-10T02:03:06.411905+00:00,109.7,3,ask,EarnestEspressos,Xuanyu Liu,14589519
2026-07-10T02:03:07.017450,2026-07-10T02:03:07.026920+00:00,109.7,6,ask,EarnestEspressos,Xuanyu Liu,14589526
2026-07-10T02:03:07.559522,2026-07-10T02:03:07.569862+00:00,109.7,5,ask,EarnestEspressos,Xuanyu Liu,14589540
2026-07-10T02:03:07.725158,2026-07-10T02:03:07.736683+00:00,109.7,41,ask,EarnestEspressos,CostlyCorianders,14589545
2026-07-10T02:03:09.081272,2026-07-10T02:03:09.089734+00:00,109.7,12,ask,EarnestEspressos,Xuanyu Liu,14589585
2026-07-10T02:03:09.389897,2026-07-10T02:03:09.401229+00:00,109.7,4,ask,Xinhong Shan,EarnestEspressos,14589590
2026-07-10T02:03:09.567202,2026-07-10T02:03:09.578494+00:00,109.5,50,bid,FlawlessFlatbreads,EarnestEspressos,14589592
2026-07-10T02:03:09.878141,2026-07-10T02:03:09.889402+00:00,109.4,45,ask,DiligentDonuts,CostlyCorianders,14589601
2026-07-10T02:03:11.362898,2026-07-10T02:03:11.374144+00:00,109.4,42,ask,DiligentDonuts,CostlyCorianders,14589624
2026-07-10T02:03:11.706409,2026-07-10T02:03:11.719597+00:00,109.5,50,bid,FlawlessFlatbreads,EarnestEspressos,14589634
2026-07-10T02:03:11.710098,2026-07-10T02:03:11.719597+00:00,109.5,12,bid,Xuanyu Liu,EarnestEspressos,14589635
2026-07-10T02:03:11.844759,2026-07-10T02:03:11.865663+00:00,109.4,4,ask,Xinhong Shan,DiligentDonuts,14589639
2026-07-10T02:03:11.855124,2026-07-10T02:03:11.865663+00:00,109.4,11,bid,Xuanyu Liu,DiligentDonuts,14589642
2026-07-10T02:03:12.501686,2026-07-10T02:03:12.513480+00:00,109.4,85,bid,EarnestEspressos,DiligentDonuts,14589660
2026-07-10T02:03:12.501686,2026-07-10T02:03:12.513480+00:00,109.5,4,bid,EarnestEspressos,Xinhong Shan,14589661
2026-07-10T02:03:13.813403,2026-07-10T02:03:13.824647+00:00,110.1,50,bid,FlawlessFlatbreads,EarnestEspressos,14589690
2026-07-10T02:03:13.931746,2026-07-10T02:03:13.943505+00:00,110.1,43,bid,CostlyCorianders,EarnestEspressos,14589691
2026-07-10T02:03:14.509762,2026-07-10T02:03:14.516610+00:00,109.6,41,ask,EarnestEspressos,CostlyCorianders,14589707
2026-07-10T02:03:15.133510,2026-07-10T02:03:15.142115+00:00,109.9,40,bid,CostlyCorianders,DiligentDonuts,14589724
2026-07-10T02:03:15.674355,2026-07-10T02:03:15.729983+00:00,109.6,4,ask,Xinhong Shan,Xuanyu Liu,14589731
2026-07-10T02:03:15.735337,2026-07-10T02:03:15.751535+00:00,109.6,7,ask,EarnestEspressos,Xuanyu Liu,14589734
2026-07-10T02:03:15.739554,2026-07-10T02:03:15.751535+00:00,109.6,41,ask,EarnestEspressos,CostlyCorianders,14589735
2026-07-10T02:03:15.954206,2026-07-10T02:03:15.954953+00:00,109.9,50,bid,FlawlessFlatbreads,DiligentDonuts,14589741
2026-07-10T02:03:16.353961,2026-07-10T02:03:16.365817+00:00,109.9,10,bid,CostlyCorianders,DiligentDonuts,14589746
2026-07-10T02:03:16.353961,2026-07-10T02:03:16.365817+00:00,109.9,4,bid,CostlyCorianders,Xinhong Shan,14589747
2026-07-10T02:03:16.353961,2026-07-10T02:03:16.365817+00:00,110.1,31,bid,CostlyCorianders,EarnestEspressos,14589748
2026-07-10T02:03:17.372643,2026-07-10T02:03:17.381885+00:00,109.7,1,bid,CostlyCorianders,Kelvin Chan,14589766
2026-07-10T02:03:17.830740,2026-07-10T02:03:17.842435+00:00,109.6,47,ask,EarnestEspressos,CostlyCorianders,14589768
2026-07-10T02:03:18.065891,2026-07-10T02:03:18.072767+00:00,109.7,1,bid,FlawlessFlatbreads,Kelvin Chan,14589774
2026-07-10T02:03:18.065891,2026-07-10T02:03:18.078334+00:00,109.7,4,bid,FlawlessFlatbreads,Xinhong Shan,14589775
2026-07-10T02:03:18.065891,2026-07-10T02:03:18.078334+00:00,110.1,45,bid,FlawlessFlatbreads,EarnestEspressos,14589776
2026-07-10T02:03:18.417698,2026-07-10T02:03:18.425203+00:00,109.7,1,bid,CostlyCorianders,Kelvin Chan,14589789
2026-07-10T02:03:18.417698,2026-07-10T02:03:18.430584+00:00,109.9,44,bid,CostlyCorianders,DiligentDonuts,14589790
2026-07-10T02:03:19.664990,2026-07-10T02:03:19.677379+00:00,109.6,4,ask,Xinhong Shan,Xuanyu Liu,14589819
2026-07-10T02:03:20.177471,2026-07-10T02:03:20.187176+00:00,109.8,50,bid,FlawlessFlatbreads,EarnestEspressos,14589826
2026-07-10T02:03:21.283728,2026-07-10T02:03:21.295186+00:00,109.8,100,bid,DiligentDonuts,EarnestEspressos,14589845
2026-07-10T02:03:21.312151,2026-07-10T02:03:21.320903+00:00,109.7,4,bid,Xuanyu Liu,Kelvin Chan,14589848
2026-07-10T02:03:22.001024,2026-07-10T02:03:22.012388+00:00,109.7,1,bid,EarnestEspressos,Kelvin Chan,14589862
2026-07-10T02:03:22.001024,2026-07-10T02:03:22.012388+00:00,109.8,4,bid,EarnestEspressos,Xinhong Shan,14589863
2026-07-10T02:03:22.013720,2026-07-10T02:03:22.023664+00:00,110.1,10,ask,EarnestEspressos,Xuanyu Liu,14589864
2026-07-10T02:03:22.024724,2026-07-10T02:03:22.034748+00:00,110.1,2,ask,EarnestEspressos,Xuanyu Liu,14589866
2026-07-10T02:03:22.057000,2026-07-10T02:03:22.074517+00:00,110.1,5,ask,EarnestEspressos,Xuanyu Liu,14589869
2026-07-10T02:03:22.281205,2026-07-10T02:03:22.295915+00:00,110.1,49,ask,EarnestEspressos,CostlyCorianders,14589880
2026-07-10T02:03:22.281403,2026-07-10T02:03:22.295915+00:00,110.1,18,ask,EarnestEspressos,Xuanyu Liu,14589881
2026-07-10T02:03:22.287739,2026-07-10T02:03:22.295915+00:00,110.3,50,bid,FlawlessFlatbreads,DiligentDonuts,14589882
2026-07-10T02:03:23.612218,2026-07-10T02:03:23.623420+00:00,110.1,22,ask,EarnestEspressos,Xuanyu Liu,14589919
2026-07-10T02:03:24.421736,2026-07-10T02:03:24.433152+00:00,110.3,4,bid,FlawlessFlatbreads,Xinhong Shan,14589927
2026-07-10T02:03:24.421736,2026-07-10T02:03:24.433152+00:00,110.6,46,bid,FlawlessFlatbreads,EarnestEspressos,14589928
2026-07-10T02:03:24.500020,2026-07-10T02:03:24.506316+00:00,110.1,39,ask,EarnestEspressos,DiligentDonuts,14589930
2026-07-10T02:03:24.500020,2026-07-10T02:03:24.511660+00:00,110.1,4,ask,Xinhong Shan,DiligentDonuts,14589931
2026-07-10T02:03:24.515109,2026-07-10T02:03:24.524315+00:00,109.9,11,bid,Xuanyu Liu,DiligentDonuts,14589934
2026-07-10T02:03:24.978400,2026-07-10T02:03:24.989918+00:00,109.9,46,bid,CostlyCorianders,DiligentDonuts,14589945
2026-07-10T02:03:25.610579,2026-07-10T02:03:25.622160+00:00,109.5,5,ask,Kelvin Chan,CostlyCorianders,14589961
2026-07-10T02:03:25.610579,2026-07-10T02:03:25.622160+00:00,109.5,4,ask,Xinhong Shan,CostlyCorianders,14589962
2026-07-10T02:03:25.610579,2026-07-10T02:03:25.622160+00:00,109.5,33,ask,EarnestEspressos,CostlyCorianders,14589963
2026-07-10T02:03:26.530418,2026-07-10T02:03:26.537348+00:00,110.0,50,bid,FlawlessFlatbreads,EarnestEspressos,14589981
2026-07-10T02:03:26.610734,2026-07-10T02:03:26.620747+00:00,110.0,11,bid,Xuanyu Liu,EarnestEspressos,14589985
2026-07-10T02:03:28.664623,2026-07-10T02:03:28.676147+00:00,110.0,4,bid,FlawlessFlatbreads,Xinhong Shan,14590013
2026-07-10T02:03:28.664623,2026-07-10T02:03:28.676147+00:00,110.2,46,bid,FlawlessFlatbreads,EarnestEspressos,14590014
2026-07-10T02:03:28.832274,2026-07-10T02:03:28.839583+00:00,109.9,44,ask,DiligentDonuts,CostlyCorianders,14590016
2026-07-10T02:03:30.775124,2026-07-10T02:03:30.784418+00:00,110.2,50,bid,FlawlessFlatbreads,EarnestEspressos,14590067
2026-07-10T02:03:31.515806,2026-07-10T02:03:31.522352+00:00,110.2,4,bid,EarnestEspressos,Xinhong Shan,14590080
2026-07-10T02:03:31.528804,2026-07-10T02:03:31.539790+00:00,110.2,11,ask,EarnestEspressos,Xuanyu Liu,14590081
2026-07-10T02:03:32.005345,2026-07-10T02:03:32.011900+00:00,110.3,48,bid,CostlyCorianders,DiligentDonuts,14590088
2026-07-10T02:03:32.255434,2026-07-10T02:03:32.268899+00:00,110.2,1,ask,EarnestEspressos,Kelvin Chan,14590093
2026-07-10T02:03:32.349813,2026-07-10T02:03:32.358588+00:00,110.2,1,ask,EarnestEspressos,Kelvin Chan,14590096
2026-07-10T02:03:32.381853,2026-07-10T02:03:32.393535+00:00,110.2,1,ask,EarnestEspressos,Kelvin Chan,14590097
2026-07-10T02:03:32.411444,2026-07-10T02:03:32.422027+00:00,110.2,1,ask,EarnestEspressos,Kelvin Chan,14590100
2026-07-10T02:03:32.461643,2026-07-10T02:03:32.470957+00:00,110.2,1,ask,EarnestEspressos,Kelvin Chan,14590101
2026-07-10T02:03:32.472959,2026-07-10T02:03:32.481289+00:00,110.2,41,ask,EarnestEspressos,CostlyCorianders,14590102
2026-07-10T02:03:32.577754,2026-07-10T02:03:32.589399+00:00,110.2,1,ask,EarnestEspressos,Kelvin Chan,14590104
2026-07-10T02:03:32.599163,2026-07-10T02:03:32.610551+00:00,110.2,1,ask,EarnestEspressos,Kelvin Chan,14590105
2026-07-10T02:03:32.627464,2026-07-10T02:03:32.639070+00:00,110.2,1,ask,EarnestEspressos,Kelvin Chan,14590106
2026-07-10T02:03:32.669674,2026-07-10T02:03:32.679980+00:00,110.2,1,ask,EarnestEspressos,Kelvin Chan,14590107
2026-07-10T02:03:32.881984,2026-07-10T02:03:32.889997+00:00,110.3,50,bid,FlawlessFlatbreads,DiligentDonuts,14590117
2026-07-10T02:03:33.936170,2026-07-10T02:03:33.944065+00:00,110.3,4,bid,DiligentDonuts,Xinhong Shan,14590139
2026-07-10T02:03:34.825712,2026-07-10T02:03:34.837417+00:00,110.6,48,bid,CostlyCorianders,EarnestEspressos,14590153
2026-07-10T02:03:35.039351,2026-07-10T02:03:35.051024+00:00,110.3,50,ask,DiligentDonuts,FlawlessFlatbreads,14590157
2026-07-10T02:03:35.892008,2026-07-10T02:03:35.903765+00:00,110.3,46,ask,DiligentDonuts,CostlyCorianders,14590183
2026-07-10T02:03:35.892008,2026-07-10T02:03:35.903765+00:00,110.3,1,ask,Xinhong Shan,CostlyCorianders,14590184
2026-07-10T02:03:37.149267,2026-07-10T02:03:37.157373+00:00,110.3,4,ask,Xinhong Shan,FlawlessFlatbreads,14590210
2026-07-10T02:03:37.149267,2026-07-10T02:03:37.157373+00:00,110.1,46,ask,EarnestEspressos,FlawlessFlatbreads,14590211
2026-07-10T02:03:39.264782,2026-07-10T02:03:39.272071+00:00,110.2,50,ask,EarnestEspressos,FlawlessFlatbreads,14590265
2026-07-10T02:03:41.372309,2026-07-10T02:03:41.384027+00:00,110.2,5,ask,Xinhong Shan,FlawlessFlatbreads,14590300
2026-07-10T02:03:41.372309,2026-07-10T02:03:41.384027+00:00,110.1,45,ask,DiligentDonuts,FlawlessFlatbreads,14590301
2026-07-10T02:03:42.672885,2026-07-10T02:03:42.688194+00:00,110.3,6,bid,Xuanyu Liu,Kelvin Chan,14590328
2026-07-10T02:03:43.001259,2026-07-10T02:03:43.013165+00:00,110.3,6,bid,Xuanyu Liu,Kelvin Chan,14590334
2026-07-10T02:03:43.431239,2026-07-10T02:03:43.440584+00:00,110.5,50,bid,FlawlessFlatbreads,EarnestEspressos,14590352
2026-07-10T02:03:44.608046,2026-07-10T02:03:44.616782+00:00,110.4,22,bid,Xuanyu Liu,DiligentDonuts,14590380
2026-07-10T02:03:45.056271,2026-07-10T02:03:45.067713+00:00,110.4,46,bid,CostlyCorianders,DiligentDonuts,14590390
2026-07-10T02:03:45.589624,2026-07-10T02:03:45.599641+00:00,110.3,50,ask,EarnestEspressos,FlawlessFlatbreads,14590399
2026-07-10T02:03:45.919807,2026-07-10T02:03:45.928631+00:00,110.4,12,bid,Xuanyu Liu,DiligentDonuts,14590409
2026-07-10T02:03:46.598569,2026-07-10T02:03:46.614592+00:00,110.4,5,bid,DiligentDonuts,Xinhong Shan,14590422
2026-07-10T02:03:46.616462,2026-07-10T02:03:46.625982+00:00,110.6,12,ask,DiligentDonuts,Xuanyu Liu,14590424
2026-07-10T02:03:47.695154,2026-07-10T02:03:47.706827+00:00,110.6,50,ask,DiligentDonuts,FlawlessFlatbreads,14590448
2026-07-10T02:03:48.818787,2026-07-10T02:03:48.830288+00:00,110.8,5,bid,CostlyCorianders,Xinhong Shan,14590466
2026-07-10T02:03:48.818787,2026-07-10T02:03:48.830288+00:00,110.9,36,bid,CostlyCorianders,EarnestEspressos,14590467
2026-07-10T02:03:49.803450,2026-07-10T02:03:49.815010+00:00,110.6,4,ask,Xinhong Shan,FlawlessFlatbreads,14590486
2026-07-10T02:03:49.803450,2026-07-10T02:03:49.815010+00:00,110.4,46,ask,EarnestEspressos,FlawlessFlatbreads,14590487
2026-07-10T02:03:51.201009,2026-07-10T02:03:51.209127+00:00,110.4,46,ask,DiligentDonuts,CostlyCorianders,14590514
2026-07-10T02:03:51.847945,2026-07-10T02:03:51.858962+00:00,110.5,11,ask,Kelvin Chan,Xuanyu Liu,14590517
2026-07-10T02:03:51.911114,2026-07-10T02:03:51.922724+00:00,110.5,39,ask,Kelvin Chan,FlawlessFlatbreads,14590519
2026-07-10T02:03:51.911114,2026-07-10T02:03:51.922724+00:00,110.4,11,ask,DiligentDonuts,FlawlessFlatbreads,14590520
2026-07-10T02:03:52.319684,2026-07-10T02:03:52.331225+00:00,110.7,5,bid,CostlyCorianders,Kelvin Chan,14590528
2026-07-10T02:03:52.319684,2026-07-10T02:03:52.331225+00:00,110.9,38,bid,CostlyCorianders,DiligentDonuts,14590529
2026-07-10T02:03:54.020284,2026-07-10T02:03:54.032216+00:00,110.4,6,ask,Kelvin Chan,FlawlessFlatbreads,14590552
2026-07-10T02:03:54.020284,2026-07-10T02:03:54.032216+00:00,110.4,5,ask,Xinhong Shan,FlawlessFlatbreads,14590553
2026-07-10T02:03:54.020284,2026-07-10T02:03:54.032216+00:00,110.1,39,ask,EarnestEspressos,FlawlessFlatbreads,14590554
2026-07-10T02:03:54.815634,2026-07-10T02:03:54.824869+00:00,110.1,41,ask,EarnestEspressos,CostlyCorianders,14590567
2026-07-10T02:03:56.009797,2026-07-10T02:03:56.016264+00:00,110.1,48,ask,EarnestEspressos,CostlyCorianders,14590581
2026-07-10T02:03:56.132274,2026-07-10T02:03:56.143879+00:00,110.1,22,ask,EarnestEspressos,FlawlessFlatbreads,14590584
2026-07-10T02:03:56.132274,2026-07-10T02:03:56.143879+00:00,110.1,5,ask,Xinhong Shan,FlawlessFlatbreads,14590585
2026-07-10T02:03:56.132274,2026-07-10T02:03:56.143879+00:00,109.9,23,ask,DiligentDonuts,FlawlessFlatbreads,14590586
2026-07-10T02:03:56.921847,2026-07-10T02:03:56.933185+00:00,109.9,77,ask,DiligentDonuts,EarnestEspressos,14590597
2026-07-10T02:03:56.943661,2026-07-10T02:03:56.956633+00:00,109.8,34,bid,Xuanyu Liu,EarnestEspressos,14590598
2026-07-10T02:03:58.243221,2026-07-10T02:03:58.254594+00:00,109.4,50,ask,EarnestEspressos,FlawlessFlatbreads,14590629
2026-07-10T02:03:58.461428,2026-07-10T02:03:58.472855+00:00,109.8,39,bid,CostlyCorianders,EarnestEspressos,14590635
2026-07-10T02:03:58.461428,2026-07-10T02:03:58.472855+00:00,109.8,5,bid,CostlyCorianders,Xinhong Shan,14590636
2026-07-10T02:03:58.461428,2026-07-10T02:03:58.472855+00:00,110.4,5,bid,CostlyCorianders,DiligentDonuts,14590637
2026-07-10T02:04:00.351128,2026-07-10T02:04:00.358540+00:00,109.5,50,ask,EarnestEspressos,FlawlessFlatbreads,14590672
2026-07-10T02:04:01.162271,2026-07-10T02:04:01.174263+00:00,109.9,41,bid,CostlyCorianders,DiligentDonuts,14590689
2026-07-10T02:04:02.460139,2026-07-10T02:04:02.471651+00:00,109.6,50,ask,DiligentDonuts,FlawlessFlatbreads,14590712
2026-07-10T02:04:04.568103,2026-07-10T02:04:04.579492+00:00,109.6,50,ask,DiligentDonuts,FlawlessFlatbreads,14590760
2026-07-10T02:04:04.690149,2026-07-10T02:04:04.701791+00:00,109.6,5,ask,Xinhong Shan,CostlyCorianders,14590761
2026-07-10T02:04:04.690149,2026-07-10T02:04:04.701791+00:00,109.3,38,ask,EarnestEspressos,CostlyCorianders,14590762
2026-07-10T02:04:06.675548,2026-07-10T02:04:06.687131+00:00,109.3,5,ask,Xinhong Shan,FlawlessFlatbreads,14590790
2026-07-10T02:04:06.675548,2026-07-10T02:04:06.687131+00:00,109.2,45,ask,DiligentDonuts,FlawlessFlatbreads,14590791
2026-07-10T02:04:06.960702,2026-07-10T02:04:06.969357+00:00,109.7,3,bid,Xuanyu Liu,DiligentDonuts,14590807
2026-07-10T02:04:08.784741,2026-07-10T02:04:08.796481+00:00,109.2,50,ask,EarnestEspressos,FlawlessFlatbreads,14590848
2026-07-10T02:04:09.695983,2026-07-10T02:04:09.702502+00:00,109.5,43,bid,CostlyCorianders,EarnestEspressos,14590868
2026-07-10T02:04:10.896838,2026-07-10T02:04:10.913311+00:00,109.2,5,ask,Xinhong Shan,FlawlessFlatbreads,14590892
2026-07-10T02:04:10.896838,2026-07-10T02:04:10.913311+00:00,109.1,45,ask,DiligentDonuts,FlawlessFlatbreads,14590893
2026-07-10T02:04:13.006398,2026-07-10T02:04:13.018128+00:00,109.2,50,ask,EarnestEspressos,FlawlessFlatbreads,14590937
2026-07-10T02:04:13.639591,2026-07-10T02:04:13.658589+00:00,109.2,49,ask,EarnestEspressos,CostlyCorianders,14590955
2026-07-10T02:04:15.120523,2026-07-10T02:04:15.129637+00:00,109.2,50,ask,EarnestEspressos,FlawlessFlatbreads,14590980
2026-07-10T02:04:15.694180,2026-07-10T02:04:15.705671+00:00,109.4,30,bid,YUNSHEN JI,DiligentDonuts,14590993
2026-07-10T02:04:15.914093,2026-07-10T02:04:15.935395+00:00,109.2,5,ask,Xinhong Shan,EarnestEspressos,14590998
2026-07-10T02:04:15.926198,2026-07-10T02:04:15.935395+00:00,109.0,26,bid,Xuanyu Liu,EarnestEspressos,14590999
2026-07-10T02:04:16.211473,2026-07-10T02:04:16.220711+00:00,109.0,19,bid,YUNSHEN JI,EarnestEspressos,14591007
2026-07-10T02:04:16.727829,2026-07-10T02:04:16.737651+00:00,108.9,5,ask,DiligentDonuts,YUNSHEN JI,14591023
2026-07-10T02:04:17.125503,2026-07-10T02:04:17.136473+00:00,109.0,40,bid,CostlyCorianders,EarnestEspressos,14591027
2026-07-10T02:04:17.176029,2026-07-10T02:04:17.185336+00:00,109.0,50,bid,FlawlessFlatbreads,EarnestEspressos,14591030
2026-07-10T02:04:17.243236,2026-07-10T02:04:17.253223+00:00,109.0,5,bid,CostlyCorianders,Xinhong Shan,14591037
2026-07-10T02:04:17.761371,2026-07-10T02:04:17.772230+00:00,108.9,5,ask,DiligentDonuts,YUNSHEN JI,14591054
2026-07-10T02:04:17.777247,2026-07-10T02:04:17.788689+00:00,109.0,5,bid,CostlyCorianders,EarnestEspressos,14591056
2026-07-10T02:04:17.777247,2026-07-10T02:04:17.788689+00:00,109.0,5,bid,YUNSHEN JI,EarnestEspressos,14591057
2026-07-10T02:04:17.777247,2026-07-10T02:04:17.788689+00:00,109.4,31,bid,CostlyCorianders,DiligentDonuts,14591058
2026-07-10T02:04:18.258010,2026-07-10T02:04:18.269406+00:00,109.1,43,ask,DiligentDonuts,CostlyCorianders,14591063
2026-07-10T02:04:18.791554,2026-07-10T02:04:18.800563+00:00,109.4,5,bid,YUNSHEN JI,Xinhong Shan,14591074
2026-07-10T02:04:19.225055,2026-07-10T02:04:19.236583+00:00,109.6,43,bid,CostlyCorianders,DiligentDonuts,14591082
2026-07-10T02:04:19.286782,2026-07-10T02:04:19.296078+00:00,109.6,50,bid,FlawlessFlatbreads,DiligentDonuts,14591083
2026-07-10T02:04:20.959455,2026-07-10T02:04:20.970183+00:00,109.2,5,bid,CostlyCorianders,Xinhong Shan,14591107
2026-07-10T02:04:20.959455,2026-07-10T02:04:20.970183+00:00,109.5,6,bid,CostlyCorianders,Kelvin Chan,14591108
2026-07-10T02:04:20.959455,2026-07-10T02:04:20.970183+00:00,109.6,7,bid,CostlyCorianders,DiligentDonuts,14591109
2026-07-10T02:04:20.959455,2026-07-10T02:04:20.975679+00:00,109.6,24,bid,CostlyCorianders,EarnestEspressos,14591110
2026-07-10T02:04:21.393760,2026-07-10T02:04:21.405591+00:00,109.3,5,bid,FlawlessFlatbreads,YUNSHEN JI,14591117
2026-07-10T02:04:21.393760,2026-07-10T02:04:21.405591+00:00,109.6,45,bid,FlawlessFlatbreads,EarnestEspressos,14591118
2026-07-10T02:04:21.435810,2026-07-10T02:04:21.441665+00:00,109.2,4,ask,DiligentDonuts,Xuanyu Liu,14591120
2026-07-10T02:04:22.011998,2026-07-10T02:04:22.019668+00:00,109.4,5,bid,YUNSHEN JI,Xinhong Shan,14591134
2026-07-10T02:04:22.137194,2026-07-10T02:04:22.146399+00:00,109.2,44,ask,DiligentDonuts,CostlyCorianders,14591139
2026-07-10T02:04:22.184230,2026-07-10T02:04:22.195544+00:00,109.5,5,bid,EarnestEspressos,Kelvin Chan,14591140
2026-07-10T02:04:22.196892,2026-07-10T02:04:22.207401+00:00,109.6,22,ask,EarnestEspressos,Xuanyu Liu,14591141
2026-07-10T02:04:22.529537,2026-07-10T02:04:22.538938+00:00,109.6,5,ask,EarnestEspressos,YUNSHEN JI,14591149
2026-07-10T02:04:22.629564,2026-07-10T02:04:22.636369+00:00,109.6,45,ask,EarnestEspressos,CostlyCorianders,14591151
2026-07-10T02:04:22.946959,2026-07-10T02:04:22.963897+00:00,109.6,4,ask,EarnestEspressos,Kelvin Chan,14591155
2026-07-10T02:04:23.050060,2026-07-10T02:04:23.058142+00:00,109.6,5,ask,EarnestEspressos,YUNSHEN JI,14591157
2026-07-10T02:04:23.227661,2026-07-10T02:04:23.237076+00:00,109.6,4,ask,EarnestEspressos,Kelvin Chan,14591159
2026-07-10T02:04:23.535556,2026-07-10T02:04:23.542703+00:00,109.7,50,bid,FlawlessFlatbreads,DiligentDonuts,14591161
2026-07-10T02:04:23.563691,2026-07-10T02:04:23.572577+00:00,109.6,5,ask,EarnestEspressos,YUNSHEN JI,14591162
2026-07-10T02:04:23.673166,2026-07-10T02:04:23.679681+00:00,109.6,4,ask,EarnestEspressos,Kelvin Chan,14591169
2026-07-10T02:04:24.305066,2026-07-10T02:04:24.312755+00:00,109.6,44,ask,EarnestEspressos,CostlyCorianders,14591181
2026-07-10T02:04:25.106463,2026-07-10T02:04:25.117286+00:00,109.6,3,ask,EarnestEspressos,Xuanyu Liu,14591193
2026-07-10T02:04:25.120746,2026-07-10T02:04:25.132542+00:00,109.6,2,ask,EarnestEspressos,YUNSHEN JI,14591195
2026-07-10T02:04:25.410800,2026-07-10T02:04:25.421497+00:00,109.6,5,ask,Xinhong Shan,EarnestEspressos,14591207
2026-07-10T02:04:25.410800,2026-07-10T02:04:25.436994+00:00,109.2,100,ask,DiligentDonuts,EarnestEspressos,14591208
2026-07-10T02:04:25.438274,2026-07-10T02:04:25.447992+00:00,109.2,6,bid,Xuanyu Liu,EarnestEspressos,14591209
2026-07-10T02:04:25.653419,2026-07-10T02:04:25.664122+00:00,109.2,17,bid,YUNSHEN JI,EarnestEspressos,14591213
2026-07-10T02:04:25.699931,2026-07-10T02:04:25.713335+00:00,108.7,50,ask,EarnestEspressos,FlawlessFlatbreads,14591214
2026-07-10T02:04:25.786337,2026-07-10T02:04:25.797892+00:00,109.2,22,bid,CostlyCorianders,EarnestEspressos,14591215
2026-07-10T02:04:25.786337,2026-07-10T02:04:25.797892+00:00,109.7,23,bid,CostlyCorianders,DiligentDonuts,14591216
2026-07-10T02:04:27.215987,2026-07-10T02:04:27.226413+00:00,108.9,5,bid,Xuanyu Liu,YUNSHEN JI,14591238
2026-07-10T02:04:27.718398,2026-07-10T02:04:27.725304+00:00,109.2,5,bid,YUNSHEN JI,Xinhong Shan,14591246
2026-07-10T02:04:27.808046,2026-07-10T02:04:27.815992+00:00,109.0,50,ask,DiligentDonuts,FlawlessFlatbreads,14591248
2026-07-10T02:04:28.522910,2026-07-10T02:04:28.530945+00:00,109.2,5,bid,EarnestEspressos,YUNSHEN JI,14591255
2026-07-10T02:04:29.072170,2026-07-10T02:04:29.083661+00:00,109.3,5,bid,CostlyCorianders,YUNSHEN JI,14591264
2026-07-10T02:04:29.072170,2026-07-10T02:04:29.083661+00:00,109.3,5,bid,CostlyCorianders,Xinhong Shan,14591265
2026-07-10T02:04:29.072170,2026-07-10T02:04:29.083661+00:00,109.5,32,bid,CostlyCorianders,DiligentDonuts,14591266
2026-07-10T02:04:29.915211,2026-07-10T02:04:29.923365+00:00,109.2,50,ask,EarnestEspressos,FlawlessFlatbreads,14591275
2026-07-10T02:04:30.073436,2026-07-10T02:04:30.085518+00:00,109.3,5,bid,CostlyCorianders,Xinhong Shan,14591277
2026-07-10T02:04:30.073436,2026-07-10T02:04:30.085518+00:00,109.3,5,bid,CostlyCorianders,YUNSHEN JI,14591278
2026-07-10T02:04:30.073436,2026-07-10T02:04:30.085518+00:00,109.5,35,bid,CostlyCorianders,DiligentDonuts,14591279
2026-07-10T02:04:30.312653,2026-07-10T02:04:30.320018+00:00,109.5,2,bid,YUNSHEN JI,DiligentDonuts,14591283
2026-07-10T02:04:30.857421,2026-07-10T02:04:30.868986+00:00,109.7,2,bid,YUNSHEN JI,EarnestEspressos,14591290
2026-07-10T02:04:31.984021,2026-07-10T02:04:31.992433+00:00,109.3,8,ask,Kelvin Chan,Xuanyu Liu,14591306
2026-07-10T02:04:32.038138,2026-07-10T02:04:32.046092+00:00,109.3,6,ask,Kelvin Chan,FlawlessFlatbreads,14591309
2026-07-10T02:04:32.038138,2026-07-10T02:04:32.046092+00:00,109.3,4,ask,Xinhong Shan,FlawlessFlatbreads,14591310
2026-07-10T02:04:32.038138,2026-07-10T02:04:32.051361+00:00,109.2,40,ask,DiligentDonuts,FlawlessFlatbreads,14591311
2026-07-10T02:04:32.103449,2026-07-10T02:04:32.111066+00:00,109.2,43,ask,DiligentDonuts,CostlyCorianders,14591312
2026-07-10T02:04:32.585507,2026-07-10T02:04:32.597506+00:00,109.4,5,bid,CostlyCorianders,YUNSHEN JI,14591321
2026-07-10T02:04:33.741321,2026-07-10T02:04:33.752852+00:00,109.3,5,bid,CostlyCorianders,YUNSHEN JI,14591334
2026-07-10T02:04:33.741321,2026-07-10T02:04:33.752852+00:00,109.4,4,bid,CostlyCorianders,Xinhong Shan,14591335
2026-07-10T02:04:34.095920,2026-07-10T02:04:34.116558+00:00,109.4,5,bid,FlawlessFlatbreads,YUNSHEN JI,14591341
2026-07-10T02:04:34.095920,2026-07-10T02:04:34.116558+00:00,109.4,4,bid,FlawlessFlatbreads,Xinhong Shan,14591342
2026-07-10T02:04:34.095920,2026-07-10T02:04:34.116558+00:00,109.6,1,bid,FlawlessFlatbreads,Kelvin Chan,14591343
2026-07-10T02:04:34.095920,2026-07-10T02:04:34.116558+00:00,109.7,40,bid,FlawlessFlatbreads,EarnestEspressos,14591344
2026-07-10T02:04:34.125779,2026-07-10T02:04:34.137644+00:00,109.2,100,ask,EarnestEspressos,DiligentDonuts,14591345
2026-07-10T02:04:34.902878,2026-07-10T02:04:34.909777+00:00,109.2,4,ask,Xinhong Shan,EarnestEspressos,14591358
2026-07-10T02:04:35.068100,2026-07-10T02:04:35.079355+00:00,109.0,25,bid,YUNSHEN JI,EarnestEspressos,14591362
2026-07-10T02:04:35.593516,2026-07-10T02:04:35.602409+00:00,108.8,5,bid,Xuanyu Liu,YUNSHEN JI,14591368
2026-07-10T02:04:35.932037,2026-07-10T02:04:35.947899+00:00,109.0,9,bid,Xuanyu Liu,EarnestEspressos,14591388
2026-07-10T02:04:35.941054,2026-07-10T02:04:35.947899+00:00,109.0,43,bid,CostlyCorianders,EarnestEspressos,14591391
2026-07-10T02:04:36.095896,2026-07-10T02:04:36.107867+00:00,109.0,5,bid,YUNSHEN JI,EarnestEspressos,14591395
2026-07-10T02:04:36.207630,2026-07-10T02:04:36.215756+00:00,109.0,50,bid,FlawlessFlatbreads,EarnestEspressos,14591396
2026-07-10T02:04:36.616921,2026-07-10T02:04:36.627021+00:00,108.8,5,bid,Xuanyu Liu,YUNSHEN JI,14591402
2026-07-10T02:04:37.103966,2026-07-10T02:04:37.115411+00:00,108.6,43,ask,DiligentDonuts,CostlyCorianders,14591412
2026-07-10T02:04:37.123819,2026-07-10T02:04:37.131224+00:00,109.0,5,bid,YUNSHEN JI,EarnestEspressos,14591414
2026-07-10T02:04:37.247214,2026-07-10T02:04:37.256088+00:00,108.9,5,ask,DiligentDonuts,YUNSHEN JI,14591420
2026-07-10T02:04:37.638815,2026-07-10T02:04:37.648503+00:00,108.9,5,ask,DiligentDonuts,Xuanyu Liu,14591424
2026-07-10T02:04:37.678010,2026-07-10T02:04:37.686073+00:00,109.0,9,bid,CostlyCorianders,EarnestEspressos,14591425
2026-07-10T02:04:37.678010,2026-07-10T02:04:37.686073+00:00,109.0,4,bid,CostlyCorianders,Xinhong Shan,14591426
2026-07-10T02:04:37.733940,2026-07-10T02:04:37.741569+00:00,108.9,46,ask,DiligentDonuts,CostlyCorianders,14591427
2026-07-10T02:04:38.022167,2026-07-10T02:04:38.031773+00:00,109.1,14,ask,EarnestEspressos,Xuanyu Liu,14591431
2026-07-10T02:04:38.316330,2026-07-10T02:04:38.328155+00:00,109.2,5,bid,FlawlessFlatbreads,YUNSHEN JI,14591441
2026-07-10T02:04:38.316330,2026-07-10T02:04:38.328155+00:00,109.4,45,bid,FlawlessFlatbreads,DiligentDonuts,14591442
2026-07-10T02:04:38.882333,2026-07-10T02:04:38.888981+00:00,109.1,41,ask,EarnestEspressos,CostlyCorianders,14591454
2026-07-10T02:04:39.220129,2026-07-10T02:04:39.227808+00:00,109.3,4,bid,YUNSHEN JI,Xinhong Shan,14591469
2026-07-10T02:04:39.741524,2026-07-10T02:04:39.750361+00:00,109.2,3,bid,Xuanyu Liu,YUNSHEN JI,14591478
2026-07-10T02:04:39.910874,2026-07-10T02:04:39.919705+00:00,109.1,3,ask,EarnestEspressos,Xuanyu Liu,14591487
2026-07-10T02:04:40.425693,2026-07-10T02:04:40.436989+00:00,109.2,4,bid,FlawlessFlatbreads,Xinhong Shan,14591500
2026-07-10T02:04:40.425693,2026-07-10T02:04:40.436989+00:00,109.2,5,bid,FlawlessFlatbreads,YUNSHEN JI,14591501
2026-07-10T02:04:40.425693,2026-07-10T02:04:40.436989+00:00,109.4,3,bid,FlawlessFlatbreads,Kelvin Chan,14591502
2026-07-10T02:04:40.425693,2026-07-10T02:04:40.436989+00:00,109.6,38,bid,FlawlessFlatbreads,EarnestEspressos,14591503
2026-07-10T02:04:40.751940,2026-07-10T02:04:40.758287+00:00,109.2,2,bid,YUNSHEN JI,DiligentDonuts,14591511
2026-07-10T02:04:41.202398,2026-07-10T02:04:41.214155+00:00,109.2,98,bid,EarnestEspressos,DiligentDonuts,14591521
2026-07-10T02:04:41.202398,2026-07-10T02:04:41.214155+00:00,109.2,5,bid,EarnestEspressos,YUNSHEN JI,14591522
2026-07-10T02:04:42.514234,2026-07-10T02:04:42.526259+00:00,109.3,5,bid,CostlyCorianders,YUNSHEN JI,14591544
2026-07-10T02:04:42.514234,2026-07-10T02:04:42.526259+00:00,109.4,1,bid,CostlyCorianders,Kelvin Chan,14591545
2026-07-10T02:04:42.514234,2026-07-10T02:04:42.526259+00:00,109.7,37,bid,CostlyCorianders,EarnestEspressos,14591546
2026-07-10T02:04:44.478699,2026-07-10T02:04:44.487493+00:00,109.3,5,bid,CostlyCorianders,YUNSHEN JI,14591600
2026-07-10T02:04:44.478699,2026-07-10T02:04:44.487493+00:00,109.4,4,bid,CostlyCorianders,Xinhong Shan,14591601
2026-07-10T02:04:44.478699,2026-07-10T02:04:44.493155+00:00,109.4,37,bid,CostlyCorianders,EarnestEspressos,14591602
2026-07-10T02:04:44.662048,2026-07-10T02:04:44.673656+00:00,109.4,50,bid,FlawlessFlatbreads,EarnestEspressos,14591607
2026-07-10T02:04:45.492925,2026-07-10T02:04:45.501492+00:00,109.4,28,bid,YUNSHEN JI,EarnestEspressos,14591635
2026-07-10T02:04:46.573821,2026-07-10T02:04:46.581133+00:00,109.2,5,ask,DiligentDonuts,YUNSHEN JI,14591673
2026-07-10T02:04:46.801247,2026-07-10T02:04:46.812915+00:00,109.3,4,bid,FlawlessFlatbreads,Xinhong Shan,14591676
2026-07-10T02:04:46.801247,2026-07-10T02:04:46.812915+00:00,109.4,35,bid,FlawlessFlatbreads,EarnestEspressos,14591677
2026-07-10T02:04:46.801247,2026-07-10T02:04:46.812915+00:00,109.7,11,bid,FlawlessFlatbreads,DiligentDonuts,14591678
2026-07-10T02:04:47.534530,2026-07-10T02:04:47.546667+00:00,109.4,5,bid,EarnestEspressos,YUNSHEN JI,14591697
2026-07-10T02:04:47.534530,2026-07-10T02:04:47.546667+00:00,109.4,4,bid,EarnestEspressos,Xinhong Shan,14591698
2026-07-10T02:04:47.599049,2026-07-10T02:04:47.610177+00:00,109.6,2,ask,EarnestEspressos,YUNSHEN JI,14591699
2026-07-10T02:04:47.786610,2026-07-10T02:04:47.796340+00:00,109.6,3,ask,EarnestEspressos,Xuanyu Liu,14591704
2026-07-10T02:04:48.122961,2026-07-10T02:04:48.132499+00:00,109.6,2,ask,EarnestEspressos,YUNSHEN JI,14591707
2026-07-10T02:04:48.656455,2026-07-10T02:04:48.654252+00:00,109.6,2,ask,EarnestEspressos,YUNSHEN JI,14591717
2026-07-10T02:04:48.911804,2026-07-10T02:04:48.923738+00:00,109.7,50,bid,FlawlessFlatbreads,DiligentDonuts,14591720
2026-07-10T02:04:49.185749,2026-07-10T02:04:49.195936+00:00,109.6,2,ask,EarnestEspressos,YUNSHEN JI,14591732
2026-07-10T02:04:49.717928,2026-07-10T02:04:49.725845+00:00,109.6,2,ask,EarnestEspressos,YUNSHEN JI,14591746
2026-07-10T02:04:49.888916,2026-07-10T02:04:49.896079+00:00,109.6,45,ask,EarnestEspressos,CostlyCorianders,14591755
2026-07-10T02:04:50.484208,2026-07-10T02:04:50.493577+00:00,109.6,48,ask,EarnestEspressos,CostlyCorianders,14591768
2026-07-10T02:04:51.070306,2026-07-10T02:04:51.081808+00:00,109.6,4,ask,Xinhong Shan,FlawlessFlatbreads,14591772
2026-07-10T02:04:51.070306,2026-07-10T02:04:51.081808+00:00,109.3,46,ask,DiligentDonuts,FlawlessFlatbreads,14591773
2026-07-10T02:04:51.375480,2026-07-10T02:04:51.414575+00:00,109.5,3,bid,Xuanyu Liu,YUNSHEN JI,14591788
2026-07-10T02:04:51.880661,2026-07-10T02:04:51.890570+00:00,109.5,2,bid,YUNSHEN JI,Xinhong Shan,14591793
2026-07-10T02:04:52.013425,2026-07-10T02:04:52.022829+00:00,109.4,5,bid,CostlyCorianders,YUNSHEN JI,14591794
2026-07-10T02:04:52.013425,2026-07-10T02:04:52.022829+00:00,109.5,2,bid,CostlyCorianders,Xinhong Shan,14591795
2026-07-10T02:04:52.013425,2026-07-10T02:04:52.028268+00:00,109.7,37,bid,CostlyCorianders,EarnestEspressos,14591796
2026-07-10T02:04:52.488872,2026-07-10T02:04:52.498769+00:00,109.6,5,bid,CostlyCorianders,YUNSHEN JI,14591814
2026-07-10T02:04:52.488872,2026-07-10T02:04:52.498769+00:00,109.7,35,bid,CostlyCorianders,EarnestEspressos,14591815
2026-07-10T02:04:53.081045,2026-07-10T02:04:53.089246+00:00,109.4,46,ask,DiligentDonuts,CostlyCorianders,14591832
2026-07-10T02:04:53.129539,2026-07-10T02:04:53.140954+00:00,109.6,5,bid,EarnestEspressos,YUNSHEN JI,14591835
2026-07-10T02:04:53.129539,2026-07-10T02:04:53.140954+00:00,109.7,45,bid,FlawlessFlatbreads,EarnestEspressos,14591836
2026-07-10T02:04:53.499623,2026-07-10T02:04:53.508165+00:00,109.7,2,bid,YUNSHEN JI,EarnestEspressos,14591845
2026-07-10T02:04:53.579551,2026-07-10T02:04:53.590086+00:00,109.4,42,ask,DiligentDonuts,CostlyCorianders,14591846
2026-07-10T02:04:53.878311,2026-07-10T02:04:53.886749+00:00,109.6,5,bid,FlawlessFlatbreads,YUNSHEN JI,14591855
2026-07-10T02:04:53.878311,2026-07-10T02:04:53.886749+00:00,109.6,4,bid,EarnestEspressos,Xinhong Shan,14591856
2026-07-10T02:04:54.789470,2026-07-10T02:04:54.801198+00:00,109.9,47,bid,CostlyCorianders,DiligentDonuts,14591874
2026-07-10T02:04:55.265766,2026-07-10T02:04:55.277378+00:00,109.9,50,bid,FlawlessFlatbreads,DiligentDonuts,14591883
2026-07-10T02:04:55.759550,2026-07-10T02:04:55.770868+00:00,109.8,48,ask,EarnestEspressos,CostlyCorianders,14591895
2026-07-10T02:04:56.617699,2026-07-10T02:04:56.626214+00:00,109.8,3,ask,EarnestEspressos,Xuanyu Liu,14591911
2026-07-10T02:04:56.705247,2026-07-10T02:04:56.716105+00:00,109.8,43,ask,EarnestEspressos,CostlyCorianders,14591915
2026-07-10T02:04:56.726401,2026-07-10T02:04:56.737084+00:00,109.8,2,ask,EarnestEspressos,YUNSHEN JI,14591918
2026-07-10T02:04:57.098632,2026-07-10T02:04:57.110050+00:00,109.8,3,ask,Xinhong Shan,EarnestEspressos,14591931
2026-07-10T02:04:57.431849,2026-07-10T02:04:57.440803+00:00,109.5,50,ask,DiligentDonuts,FlawlessFlatbreads,14591938
2026-07-10T02:04:58.265760,2026-07-10T02:04:58.277635+00:00,109.8,48,bid,CostlyCorianders,EarnestEspressos,14591953
2026-07-10T02:04:59.340322,2026-07-10T02:04:59.351978+00:00,109.8,40,bid,CostlyCorianders,EarnestEspressos,14591972
2026-07-10T02:04:59.488809,2026-07-10T02:04:59.500213+00:00,109.8,50,bid,FlawlessFlatbreads,EarnestEspressos,14591975
2026-07-10T02:05:00.212975,2026-07-10T02:05:00.223974+00:00,109.8,100,bid,EarnestEspressos,DiligentDonuts,14592014
2026-07-10T02:05:00.212975,2026-07-10T02:05:00.223974+00:00,109.8,4,bid,EarnestEspressos,Xinhong Shan,14592015
2026-07-10T02:05:00.212975,2026-07-10T02:05:00.223974+00:00,109.8,5,bid,EarnestEspressos,YUNSHEN JI,14592016
2026-07-10T02:05:00.282946,2026-07-10T02:05:00.295044+00:00,109.9,11,ask,EarnestEspressos,Xuanyu Liu,14592019
2026-07-10T02:05:03.433621,2026-07-10T02:05:03.447447+00:00,109.9,4,ask,Xinhong Shan,EarnestEspressos,14592078
2026-07-10T02:05:03.609083,2026-07-10T02:05:03.620639+00:00,109.6,45,ask,DiligentDonuts,CostlyCorianders,14592082
2026-07-10T02:05:04.830818,2026-07-10T02:05:04.842569+00:00,109.8,1,bid,CostlyCorianders,Kelvin Chan,14592104
2026-07-10T02:05:04.830818,2026-07-10T02:05:04.842569+00:00,109.8,5,bid,CostlyCorianders,YUNSHEN JI,14592105
2026-07-10T02:05:04.830818,2026-07-10T02:05:04.842569+00:00,109.9,42,bid,CostlyCorianders,EarnestEspressos,14592106
2026-07-10T02:05:05.385848,2026-07-10T02:05:05.402905+00:00,109.8,2,bid,CostlyCorianders,Kelvin Chan,14592114
2026-07-10T02:05:05.385848,2026-07-10T02:05:05.402905+00:00,109.9,39,bid,CostlyCorianders,EarnestEspressos,14592115
2026-07-10T02:05:05.856084,2026-07-10T02:05:05.867847+00:00,109.6,4,ask,Xinhong Shan,FlawlessFlatbreads,14592121
2026-07-10T02:05:05.856084,2026-07-10T02:05:05.867847+00:00,109.5,4,ask,Kelvin Chan,FlawlessFlatbreads,14592122
2026-07-10T02:05:05.856084,2026-07-10T02:05:05.867847+00:00,109.4,42,ask,EarnestEspressos,FlawlessFlatbreads,14592123
2026-07-10T02:05:07.915784,2026-07-10T02:05:07.927438+00:00,109.8,4,bid,FlawlessFlatbreads,Xinhong Shan,14592202
2026-07-10T02:05:07.915784,2026-07-10T02:05:07.927438+00:00,109.8,5,bid,FlawlessFlatbreads,YUNSHEN JI,14592203
2026-07-10T02:05:07.915784,2026-07-10T02:05:07.927438+00:00,109.9,41,bid,FlawlessFlatbreads,DiligentDonuts,14592204
2026-07-10T02:05:10.027383,2026-07-10T02:05:10.039239+00:00,109.9,4,bid,FlawlessFlatbreads,Xinhong Shan,14592247
2026-07-10T02:05:10.027383,2026-07-10T02:05:10.039239+00:00,109.9,5,bid,FlawlessFlatbreads,YUNSHEN JI,14592248
2026-07-10T02:05:10.027383,2026-07-10T02:05:10.039239+00:00,110.1,41,bid,FlawlessFlatbreads,DiligentDonuts,14592249
2026-07-10T02:05:13.061867,2026-07-10T02:05:13.069166+00:00,109.8,47,ask,DiligentDonuts,CostlyCorianders,14592308
2026-07-10T02:05:13.137584,2026-07-10T02:05:13.148623+00:00,109.8,2,ask,DiligentDonuts,YUNSHEN JI,14592311
2026-07-10T02:05:13.668136,2026-07-10T02:05:13.676672+00:00,109.8,2,ask,DiligentDonuts,YUNSHEN JI,14592319
2026-07-10T02:05:14.083834,2026-07-10T02:05:14.093176+00:00,109.9,14,bid,Xuanyu Liu,EarnestEspressos,14592331
2026-07-10T02:05:14.291890,2026-07-10T02:05:14.299964+00:00,109.8,49,ask,DiligentDonuts,FlawlessFlatbreads,14592334
2026-07-10T02:05:14.291890,2026-07-10T02:05:14.299964+00:00,109.8,1,ask,Xinhong Shan,FlawlessFlatbreads,14592335
2026-07-10T02:05:15.042233,2026-07-10T02:05:15.058607+00:00,109.8,3,ask,Xinhong Shan,CostlyCorianders,14592345
2026-07-10T02:05:16.038989,2026-07-10T02:05:16.051092+00:00,109.9,1,bid,EarnestEspressos,Kelvin Chan,14592365
2026-07-10T02:05:16.038989,2026-07-10T02:05:16.051092+00:00,109.9,4,bid,EarnestEspressos,Xinhong Shan,14592366
2026-07-10T02:05:16.402867,2026-07-10T02:05:16.414366+00:00,109.9,50,ask,EarnestEspressos,FlawlessFlatbreads,14592375
2026-07-10T02:05:16.466191,2026-07-10T02:05:16.478053+00:00,109.9,2,ask,EarnestEspressos,Kelvin Chan,14592376
2026-07-10T02:05:16.493062,2026-07-10T02:05:16.504473+00:00,109.9,2,ask,EarnestEspressos,Kelvin Chan,14592378
2026-07-10T02:05:16.519458,2026-07-10T02:05:16.531124+00:00,109.9,2,ask,EarnestEspressos,Kelvin Chan,14592379
2026-07-10T02:05:16.705518,2026-07-10T02:05:16.728814+00:00,110.2,43,bid,CostlyCorianders,DiligentDonuts,14592386
2026-07-10T02:05:16.715960,2026-07-10T02:05:16.728814+00:00,109.9,14,ask,EarnestEspressos,Xuanyu Liu,14592388
2026-07-10T02:05:16.844220,2026-07-10T02:05:16.853638+00:00,109.9,2,ask,EarnestEspressos,YUNSHEN JI,14592390
2026-07-10T02:05:16.847798,2026-07-10T02:05:16.858851+00:00,109.9,1,ask,EarnestEspressos,Kelvin Chan,14592391
2026-07-10T02:05:17.269855,2026-07-10T02:05:17.277593+00:00,109.9,1,ask,EarnestEspressos,YUNSHEN JI,14592398
2026-07-10T02:05:17.343539,2026-07-10T02:05:17.349925+00:00,109.9,45,ask,EarnestEspressos,CostlyCorianders,14592399
2026-07-10T02:05:17.372523,2026-07-10T02:05:17.379534+00:00,109.9,2,ask,EarnestEspressos,YUNSHEN JI,14592400
2026-07-10T02:05:17.898492,2026-07-10T02:05:17.905569+00:00,109.9,1,ask,EarnestEspressos,Kelvin Chan,14592409
2026-07-10T02:05:18.381661,2026-07-10T02:05:18.392242+00:00,110.0,1,bid,CostlyCorianders,Kelvin Chan,14592428
2026-07-10T02:05:18.436544,2026-07-10T02:05:18.444555+00:00,109.9,23,ask,EarnestEspressos,CostlyCorianders,14592429
2026-07-10T02:05:18.436544,2026-07-10T02:05:18.449956+00:00,109.9,4,ask,Xinhong Shan,CostlyCorianders,14592430
2026-07-10T02:05:18.436544,2026-07-10T02:05:18.449956+00:00,109.7,4,ask,Kelvin Chan,CostlyCorianders,14592431
2026-07-10T02:05:18.436544,2026-07-10T02:05:18.449956+00:00,109.7,5,ask,YUNSHEN JI,CostlyCorianders,14592432
2026-07-10T02:05:18.436544,2026-07-10T02:05:18.449956+00:00,109.5,7,ask,DiligentDonuts,CostlyCorianders,14592433
2026-07-10T02:05:18.509393,2026-07-10T02:05:18.518359+00:00,109.5,50,ask,DiligentDonuts,FlawlessFlatbreads,14592435
2026-07-10T02:05:19.260210,2026-07-10T02:05:19.271619+00:00,109.7,2,ask,Kelvin Chan,EarnestEspressos,14592443
2026-07-10T02:05:19.260210,2026-07-10T02:05:19.271619+00:00,109.5,43,ask,DiligentDonuts,EarnestEspressos,14592444
2026-07-10T02:05:19.272843,2026-07-10T02:05:19.280868+00:00,109.5,14,bid,Xuanyu Liu,EarnestEspressos,14592445
2026-07-10T02:05:19.420255,2026-07-10T02:05:19.429863+00:00,109.5,2,bid,Kelvin Chan,EarnestEspressos,14592449
2026-07-10T02:05:19.484006,2026-07-10T02:05:19.496892+00:00,109.5,30,bid,YUNSHEN JI,EarnestEspressos,14592452
2026-07-10T02:05:20.003088,2026-07-10T02:05:20.013901+00:00,109.5,30,bid,YUNSHEN JI,EarnestEspressos,14592465
2026-07-10T02:05:20.522847,2026-07-10T02:05:20.536471+00:00,109.5,5,bid,YUNSHEN JI,EarnestEspressos,14592483
2026-07-10T02:05:20.615433,2026-07-10T02:05:20.624160+00:00,109.3,4,ask,Xinhong Shan,FlawlessFlatbreads,14592486
2026-07-10T02:05:20.615433,2026-07-10T02:05:20.629141+00:00,109.0,46,ask,EarnestEspressos,FlawlessFlatbreads,14592487
2026-07-10T02:05:21.074670,2026-07-10T02:05:21.089003+00:00,109.2,5,bid,Xuanyu Liu,YUNSHEN JI,14592494
2026-07-10T02:05:21.141279,2026-07-10T02:05:21.151211+00:00,109.5,2,bid,Kelvin Chan,EarnestEspressos,14592497
2026-07-10T02:05:21.232584,2026-07-10T02:05:21.244039+00:00,109.5,2,bid,Kelvin Chan,EarnestEspressos,14592499
2026-07-10T02:05:21.372790,2026-07-10T02:05:21.383357+00:00,109.5,2,bid,Kelvin Chan,EarnestEspressos,14592502
2026-07-10T02:05:21.458104,2026-07-10T02:05:21.470104+00:00,109.5,2,bid,Kelvin Chan,EarnestEspressos,14592503
2026-07-10T02:05:21.555932,2026-07-10T02:05:21.558601+00:00,109.5,5,bid,YUNSHEN JI,EarnestEspressos,14592509
2026-07-10T02:05:22.322193,2026-07-10T02:05:22.329257+00:00,109.4,2,bid,Kelvin Chan,YUNSHEN JI,14592521
2026-07-10T02:05:22.373232,2026-07-10T02:05:22.384702+00:00,109.4,3,bid,EarnestEspressos,YUNSHEN JI,14592523
2026-07-10T02:05:22.386069,2026-07-10T02:05:22.395294+00:00,109.4,2,ask,EarnestEspressos,Xuanyu Liu,14592524
2026-07-10T02:05:22.509388,2026-07-10T02:05:22.519941+00:00,109.5,1,bid,Kelvin Chan,Xinhong Shan,14592528
2026-07-10T02:05:22.584357,2026-07-10T02:05:22.595114+00:00,109.5,4,bid,YUNSHEN JI,Xinhong Shan,14592533
2026-07-10T02:05:22.726327,2026-07-10T02:05:22.733124+00:00,109.4,50,ask,EarnestEspressos,FlawlessFlatbreads,14592537
2026-07-10T02:05:23.559595,2026-07-10T02:05:23.567716+00:00,109.5,3,ask,Kelvin Chan,Xuanyu Liu,14592550
2026-07-10T02:05:23.622318,2026-07-10T02:05:23.633884+00:00,109.5,5,bid,CostlyCorianders,YUNSHEN JI,14592553
2026-07-10T02:05:23.622318,2026-07-10T02:05:23.633884+00:00,109.6,4,bid,CostlyCorianders,Xinhong Shan,14592554
2026-07-10T02:05:23.622318,2026-07-10T02:05:23.633884+00:00,109.8,31,bid,CostlyCorianders,DiligentDonuts,14592555
2026-07-10T02:05:24.144208,2026-07-10T02:05:24.150463+00:00,109.4,40,ask,EarnestEspressos,CostlyCorianders,14592561
2026-07-10T02:05:24.634577,2026-07-10T02:05:24.658633+00:00,109.5,2,ask,Kelvin Chan,YUNSHEN JI,14592569
2026-07-10T02:05:24.646574,2026-07-10T02:05:24.663590+00:00,109.5,4,ask,Xinhong Shan,YUNSHEN JI,14592571
2026-07-10T02:05:24.649360,2026-07-10T02:05:24.663590+00:00,109.5,1,bid,Kelvin Chan,YUNSHEN JI,14592572
2026-07-10T02:05:24.763521,2026-07-10T02:05:24.775216+00:00,109.6,4,bid,CostlyCorianders,Xinhong Shan,14592577
2026-07-10T02:05:24.763521,2026-07-10T02:05:24.775216+00:00,109.8,3,bid,CostlyCorianders,Kelvin Chan,14592578
2026-07-10T02:05:24.763521,2026-07-10T02:05:24.775216+00:00,109.9,35,bid,CostlyCorianders,EarnestEspressos,14592579
2026-07-10T02:05:24.834476,2026-07-10T02:05:24.845900+00:00,109.5,1,ask,Kelvin Chan,FlawlessFlatbreads,14592586
2026-07-10T02:05:24.834476,2026-07-10T02:05:24.845900+00:00,109.4,49,ask,EarnestEspressos,FlawlessFlatbreads,14592587
2026-07-10T02:05:25.690222,2026-07-10T02:05:25.701162+00:00,109.4,13,bid,YUNSHEN JI,EarnestEspressos,14592610
2026-07-10T02:05:26.230365,2026-07-10T02:05:26.240449+00:00,109.3,1,bid,Xuanyu Liu,YUNSHEN JI,14592617
2026-07-10T02:05:26.741817,2026-07-10T02:05:26.751355+00:00,109.3,1,bid,YUNSHEN JI,Xinhong Shan,14592625
2026-07-10T02:05:26.890856,2026-07-10T02:05:26.900794+00:00,109.3,2,bid,Xuanyu Liu,Xinhong Shan,14592629
2026-07-10T02:05:26.947255,2026-07-10T02:05:26.958809+00:00,109.2,50,ask,DiligentDonuts,FlawlessFlatbreads,14592631
2026-07-10T02:05:27.259766,2026-07-10T02:05:27.266875+00:00,109.2,5,ask,DiligentDonuts,YUNSHEN JI,14592640
2026-07-10T02:05:27.780592,2026-07-10T02:05:27.790634+00:00,109.3,4,bid,YUNSHEN JI,Xinhong Shan,14592653
2026-07-10T02:05:28.299561,2026-07-10T02:05:28.308932+00:00,109.4,1,bid,YUNSHEN JI,EarnestEspressos,14592662
2026-07-10T02:05:28.821378,2026-07-10T02:05:28.829726+00:00,109.3,1,bid,Xuanyu Liu,YUNSHEN JI,14592666
2026-07-10T02:05:29.004653,2026-07-10T02:05:29.015013+00:00,109.3,4,bid,FlawlessFlatbreads,YUNSHEN JI,14592670
2026-07-10T02:05:29.004653,2026-07-10T02:05:29.015013+00:00,109.5,46,bid,FlawlessFlatbreads,EarnestEspressos,14592671
2026-07-10T02:05:29.325301,2026-07-10T02:05:29.334320+00:00,109.5,5,bid,YUNSHEN JI,EarnestEspressos,14592682
2026-07-10T02:05:29.852206,2026-07-10T02:05:29.864318+00:00,109.3,5,bid,Xuanyu Liu,YUNSHEN JI,14592687
2026-07-10T02:05:30.155277,2026-07-10T02:05:30.158600+00:00,109.5,40,bid,CostlyCorianders,EarnestEspressos,14592694
2026-07-10T02:05:30.352205,2026-07-10T02:05:30.358564+00:00,109.5,5,bid,YUNSHEN JI,EarnestEspressos,14592702
2026-07-10T02:05:30.967864,2026-07-10T02:05:30.978151+00:00,109.3,5,bid,Lachy Miller,YUNSHEN JI,14592712
2026-07-10T02:05:31.300931,2026-07-10T02:05:31.309943+00:00,109.5,41,bid,CostlyCorianders,EarnestEspressos,14592714
2026-07-10T02:05:31.389838,2026-07-10T02:05:31.397617+00:00,109.5,5,bid,YUNSHEN JI,EarnestEspressos,14592718
2026-07-10T02:05:31.862332,2026-07-10T02:05:31.871553+00:00,109.5,4,bid,EarnestEspressos,Xinhong Shan,14592734
2026-07-10T02:05:31.862332,2026-07-10T02:05:31.871553+00:00,109.6,3,bid,EarnestEspressos,Kelvin Chan,14592735
2026-07-10T02:05:31.862332,2026-07-10T02:05:31.877038+00:00,109.6,100,bid,EarnestEspressos,DiligentDonuts,14592736
2026-07-10T02:05:31.935384,2026-07-10T02:05:31.944583+00:00,109.6,4,ask,EarnestEspressos,Xuanyu Liu,14592740
2026-07-10T02:05:31.945673,2026-07-10T02:05:31.954686+00:00,109.6,5,ask,EarnestEspressos,Xuanyu Liu,14592742
2026-07-10T02:05:32.445362,2026-07-10T02:05:32.458592+00:00,109.6,34,ask,EarnestEspressos,CostlyCorianders,14592748
2026-07-10T02:05:32.445362,2026-07-10T02:05:32.458592+00:00,109.2,4,ask,Xinhong Shan,CostlyCorianders,14592749
2026-07-10T02:05:32.445362,2026-07-10T02:05:32.458592+00:00,109.1,2,ask,DiligentDonuts,CostlyCorianders,14592750
2026-07-10T02:05:32.949459,2026-07-10T02:05:32.966395+00:00,109.4,3,bid,Xuanyu Liu,YUNSHEN JI,14592766
2026-07-10T02:05:32.980091,2026-07-10T02:05:32.987082+00:00,109.4,2,bid,Lachy Miller,YUNSHEN JI,14592769
2026-07-10T02:05:33.590289,2026-07-10T02:05:33.601371+00:00,109.4,5,bid,Lachy Miller,YUNSHEN JI,14592790
2026-07-10T02:05:34.003947,2026-07-10T02:05:34.013013+00:00,109.4,5,bid,Lachy Miller,YUNSHEN JI,14592806
2026-07-10T02:05:34.479571,2026-07-10T02:05:34.490284+00:00,109.5,48,ask,DiligentDonuts,CostlyCorianders,14592818
2026-07-10T02:05:35.014701,2026-07-10T02:05:35.025140+00:00,109.7,1,bid,YUNSHEN JI,Xinhong Shan,14592836
2026-07-10T02:05:35.182253,2026-07-10T02:05:35.190314+00:00,109.5,3,ask,DiligentDonuts,Xuanyu Liu,14592845
2026-07-10T02:05:35.378356,2026-07-10T02:05:35.390015+00:00,109.5,49,ask,DiligentDonuts,FlawlessFlatbreads,14592849
2026-07-10T02:05:35.378356,2026-07-10T02:05:35.390015+00:00,109.5,1,ask,Xinhong Shan,FlawlessFlatbreads,14592850
2026-07-10T02:05:36.969439,2026-07-10T02:05:36.981409+00:00,109.5,4,ask,Xinhong Shan,CostlyCorianders,14592897
2026-07-10T02:05:37.220794,2026-07-10T02:05:37.230810+00:00,109.4,5,bid,Lachy Miller,YUNSHEN JI,14592903
2026-07-10T02:05:37.436630,2026-07-10T02:05:37.448223+00:00,109.6,50,bid,FlawlessFlatbreads,EarnestEspressos,14592908
2026-07-10T02:05:37.626688,2026-07-10T02:05:37.633722+00:00,109.6,2,bid,YUNSHEN JI,EarnestEspressos,14592913
2026-07-10T02:05:37.869554,2026-07-10T02:05:37.879817+00:00,109.4,5,bid,Lachy Miller,YUNSHEN JI,14592921
2026-07-10T02:05:38.149621,2026-07-10T02:05:38.158055+00:00,109.6,2,bid,YUNSHEN JI,EarnestEspressos,14592924
2026-07-10T02:05:38.281482,2026-07-10T02:05:38.289736+00:00,109.4,5,bid,Lachy Miller,YUNSHEN JI,14592929
2026-07-10T02:05:38.453607,2026-07-10T02:05:38.458584+00:00,109.6,40,bid,CostlyCorianders,DiligentDonuts,14592935
2026-07-10T02:05:38.675128,2026-07-10T02:05:38.684644+00:00,109.6,2,bid,YUNSHEN JI,DiligentDonuts,14592943
2026-07-10T02:05:38.892817,2026-07-10T02:05:38.903770+00:00,109.4,5,bid,Lachy Miller,YUNSHEN JI,14592954
2026-07-10T02:05:39.016369,2026-07-10T02:05:39.023145+00:00,109.2,48,ask,EarnestEspressos,CostlyCorianders,14592958
2026-07-10T02:05:39.201824,2026-07-10T02:05:39.208505+00:00,109.6,14,bid,YUNSHEN JI,DiligentDonuts,14592964
2026-07-10T02:05:39.206022,2026-07-10T02:05:39.213708+00:00,109.6,2,bid,YUNSHEN JI,Xinhong Shan,14592965
2026-07-10T02:05:39.543853,2026-07-10T02:05:39.558647+00:00,109.6,42,bid,FlawlessFlatbreads,DiligentDonuts,14592975
2026-07-10T02:05:39.543853,2026-07-10T02:05:39.558647+00:00,109.6,5,bid,FlawlessFlatbreads,Kelvin Chan,14592976
2026-07-10T02:05:39.543853,2026-07-10T02:05:39.558647+00:00,109.6,3,bid,FlawlessFlatbreads,Xinhong Shan,14592977
2026-07-10T02:05:39.716193,2026-07-10T02:05:39.727565+00:00,109.6,2,bid,YUNSHEN JI,DiligentDonuts,14592981
2026-07-10T02:05:39.739104,2026-07-10T02:05:39.751638+00:00,109.4,2,bid,Xuanyu Liu,YUNSHEN JI,14592983
2026-07-10T02:05:39.752776,2026-07-10T02:05:39.761318+00:00,109.4,1,bid,Xuanyu Liu,YUNSHEN JI,14592985
2026-07-10T02:05:39.905501,2026-07-10T02:05:39.916025+00:00,109.4,2,bid,Lachy Miller,YUNSHEN JI,14592993
2026-07-10T02:05:40.242226,2026-07-10T02:05:40.252833+00:00,109.6,5,bid,YUNSHEN JI,Kelvin Chan,14593004
2026-07-10T02:05:41.049361,2026-07-10T02:05:41.058601+00:00,109.5,5,bid,CostlyCorianders,YUNSHEN JI,14593022
2026-07-10T02:05:41.049361,2026-07-10T02:05:41.058601+00:00,109.6,4,bid,CostlyCorianders,Xinhong Shan,14593023
2026-07-10T02:05:41.049361,2026-07-10T02:05:41.058601+00:00,109.6,5,bid,CostlyCorianders,Kelvin Chan,14593024
2026-07-10T02:05:41.049361,2026-07-10T02:05:41.058601+00:00,109.7,34,bid,CostlyCorianders,EarnestEspressos,14593025
2026-07-10T02:05:41.268734,2026-07-10T02:05:41.275447+00:00,109.7,5,bid,YUNSHEN JI,EarnestEspressos,14593035
2026-07-10T02:05:41.713747,2026-07-10T02:05:41.725219+00:00,109.6,50,ask,EarnestEspressos,FlawlessFlatbreads,14593043
2026-07-10T02:05:41.786599,2026-07-10T02:05:41.795829+00:00,109.6,5,ask,EarnestEspressos,YUNSHEN JI,14593045
2026-07-10T02:05:42.301794,2026-07-10T02:05:42.309235+00:00,109.7,4,bid,YUNSHEN JI,Xinhong Shan,14593051
2026-07-10T02:05:43.143265,2026-07-10T02:05:43.154630+00:00,109.8,5,bid,CostlyCorianders,YUNSHEN JI,14593072
2026-07-10T02:05:43.143265,2026-07-10T02:05:43.154630+00:00,109.8,4,bid,CostlyCorianders,Xinhong Shan,14593073
2026-07-10T02:05:43.143265,2026-07-10T02:05:43.154630+00:00,109.9,38,bid,CostlyCorianders,DiligentDonuts,14593074
2026-07-10T02:05:43.321774,2026-07-10T02:05:43.333125+00:00,109.9,2,bid,YUNSHEN JI,DiligentDonuts,14593075
2026-07-10T02:05:43.736788,2026-07-10T02:05:43.758360+00:00,109.8,5,bid,DiligentDonuts,YUNSHEN JI,14593097
2026-07-10T02:05:43.749459,2026-07-10T02:05:43.758360+00:00,109.8,1,ask,DiligentDonuts,Xuanyu Liu,14593098
2026-07-10T02:05:43.769480,2026-07-10T02:05:43.779113+00:00,110.1,50,bid,FlawlessFlatbreads,EarnestEspressos,14593100
2026-07-10T02:05:43.866100,2026-07-10T02:05:43.875259+00:00,109.8,2,ask,DiligentDonuts,Xuanyu Liu,14593105
2026-07-10T02:05:45.880547,2026-07-10T02:05:45.891084+00:00,109.9,50,bid,FlawlessFlatbreads,EarnestEspressos,14593146
2026-07-10T02:05:46.885787,2026-07-10T02:05:46.892651+00:00,109.8,4,ask,Xinhong Shan,Kelvin Chan,14593167
2026-07-10T02:05:46.901416,2026-07-10T02:05:46.909083+00:00,109.8,2,bid,DiligentDonuts,Kelvin Chan,14593169
2026-07-10T02:05:47.023521,2026-07-10T02:05:47.034329+00:00,109.9,3,bid,Xuanyu Liu,EarnestEspressos,14593173
2026-07-10T02:05:47.045703,2026-07-10T02:05:47.055288+00:00,109.9,19,bid,YUNSHEN JI,EarnestEspressos,14593176
2026-07-10T02:05:47.124044,2026-07-10T02:05:47.134541+00:00,109.8,6,ask,DiligentDonuts,Kelvin Chan,14593180
2026-07-10T02:05:47.561266,2026-07-10T02:05:47.571315+00:00,109.8,5,ask,DiligentDonuts,YUNSHEN JI,14593192
2026-07-10T02:05:47.704933,2026-07-10T02:05:47.714970+00:00,109.9,4,bid,EarnestEspressos,Xinhong Shan,14593194
2026-07-10T02:05:47.987690,2026-07-10T02:05:47.999053+00:00,110.3,50,bid,FlawlessFlatbreads,DiligentDonuts,14593200
2026-07-10T02:05:48.592561,2026-07-10T02:05:48.599019+00:00,110.0,5,ask,EarnestEspressos,YUNSHEN JI,14593216
2026-07-10T02:05:49.107381,2026-07-10T02:05:49.118436+00:00,110.0,5,ask,EarnestEspressos,YUNSHEN JI,14593224
2026-07-10T02:05:49.213681,2026-07-10T02:05:49.225058+00:00,110.0,47,ask,EarnestEspressos,CostlyCorianders,14593228
2026-07-10T02:05:49.624383,2026-07-10T02:05:49.631022+00:00,110.1,4,bid,YUNSHEN JI,Xinhong Shan,14593233
2026-07-10T02:05:50.075685,2026-07-10T02:05:50.085356+00:00,110.2,3,ask,DiligentDonuts,Xuanyu Liu,14593241
2026-07-10T02:05:50.146050,2026-07-10T02:05:50.153054+00:00,110.2,50,ask,DiligentDonuts,FlawlessFlatbreads,14593246
2026-07-10T02:05:50.996919,2026-07-10T02:05:51.008360+00:00,110.2,43,ask,DiligentDonuts,CostlyCorianders,14593260
2026-07-10T02:05:51.518143,2026-07-10T02:05:51.525847+00:00,110.3,45,bid,CostlyCorianders,EarnestEspressos,14593265
2026-07-10T02:05:52.254834,2026-07-10T02:05:52.264507+00:00,110.2,4,ask,DiligentDonuts,FlawlessFlatbreads,14593280
2026-07-10T02:05:52.254834,2026-07-10T02:05:52.264507+00:00,110.2,4,ask,Xinhong Shan,FlawlessFlatbreads,14593281
2026-07-10T02:05:52.254834,2026-07-10T02:05:52.269770+00:00,109.8,42,ask,EarnestEspressos,FlawlessFlatbreads,14593282
2026-07-10T02:05:53.781705,2026-07-10T02:05:53.790795+00:00,110.1,5,bid,YUNSHEN JI,Xinhong Shan,14593308
2026-07-10T02:05:54.363692,2026-07-10T02:05:54.375023+00:00,109.9,50,ask,DiligentDonuts,FlawlessFlatbreads,14593316
2026-07-10T02:05:54.815440,2026-07-10T02:05:54.822289+00:00,110.0,5,bid,YUNSHEN JI,Xinhong Shan,14593326
2026-07-10T02:05:55.337595,2026-07-10T02:05:55.347625+00:00,110.0,1,bid,Xuanyu Liu,YUNSHEN JI,14593330
2026-07-10T02:05:55.846584,2026-07-10T02:05:55.854143+00:00,110.0,2,bid,YUNSHEN JI,Xinhong Shan,14593342
2026-07-10T02:05:56.366668,2026-07-10T02:05:56.381921+00:00,109.9,4,ask,Xinhong Shan,YUNSHEN JI,14593356
2026-07-10T02:05:56.371849,2026-07-10T02:05:56.381921+00:00,109.9,1,bid,Xuanyu Liu,YUNSHEN JI,14593357
2026-07-10T02:05:56.371849,2026-07-10T02:05:56.381921+00:00,110.0,1,bid,Xuanyu Liu,Xinhong Shan,14593358
2026-07-10T02:05:56.469722,2026-07-10T02:05:56.479128+00:00,109.8,50,ask,EarnestEspressos,FlawlessFlatbreads,14593360
2026-07-10T02:05:56.885823,2026-07-10T02:05:56.893637+00:00,110.0,4,bid,YUNSHEN JI,Xinhong Shan,14593369
2026-07-10T02:05:57.405571,2026-07-10T02:05:57.412903+00:00,110.1,1,bid,YUNSHEN JI,EarnestEspressos,14593378
2026-07-10T02:05:57.928821,2026-07-10T02:05:57.937747+00:00,109.9,5,bid,Xuanyu Liu,YUNSHEN JI,14593383
2026-07-10T02:05:58.436077,2026-07-10T02:05:58.445507+00:00,110.1,5,bid,YUNSHEN JI,EarnestEspressos,14593396
2026-07-10T02:05:58.599695,2026-07-10T02:05:58.607756+00:00,109.8,50,ask,DiligentDonuts,FlawlessFlatbreads,14593398
2026-07-10T02:05:58.704637,2026-07-10T02:05:58.716327+00:00,109.8,40,ask,DiligentDonuts,CostlyCorianders,14593399
2026-07-10T02:05:58.959499,2026-07-10T02:05:58.969100+00:00,109.9,5,bid,Xuanyu Liu,YUNSHEN JI,14593405
2026-07-10T02:05:59.462637,2026-07-10T02:05:59.469352+00:00,110.1,5,bid,YUNSHEN JI,EarnestEspressos,14593410
2026-07-10T02:06:00.502798,2026-07-10T02:06:00.511444+00:00,110.0,1,bid,Xuanyu Liu,YUNSHEN JI,14593442
2026-07-10T02:06:01.028674,2026-07-10T02:06:01.039236+00:00,110.0,1,bid,YUNSHEN JI,Xinhong Shan,14593455
2026-07-10T02:06:01.541926,2026-07-10T02:06:01.549323+00:00,109.9,3,ask,Kelvin Chan,YUNSHEN JI,14593461
2026-07-10T02:06:01.541926,2026-07-10T02:06:01.554612+00:00,109.9,2,ask,Xinhong Shan,YUNSHEN JI,14593462
2026-07-10T02:06:01.790689,2026-07-10T02:06:01.802393+00:00,110.0,4,bid,CostlyCorianders,Xinhong Shan,14593469
2026-07-10T02:06:01.790689,2026-07-10T02:06:01.802393+00:00,110.1,40,bid,CostlyCorianders,DiligentDonuts,14593470
2026-07-10T02:06:02.023183,2026-07-10T02:06:02.030014+00:00,109.9,4,ask,Xinhong Shan,Lachy Miller,14593474
2026-07-10T02:06:02.060158,2026-07-10T02:06:02.069223+00:00,109.9,5,bid,YUNSHEN JI,Lachy Miller,14593478
2026-07-10T02:06:02.308045,2026-07-10T02:06:02.319803+00:00,109.9,30,bid,CostlyCorianders,Lachy Miller,14593485
2026-07-10T02:06:02.308045,2026-07-10T02:06:02.319803+00:00,110.1,18,bid,CostlyCorianders,DiligentDonuts,14593486
2026-07-10T02:06:02.758901,2026-07-10T02:06:02.770597+00:00,109.9,5,bid,FlawlessFlatbreads,YUNSHEN JI,14593493
2026-07-10T02:06:02.758901,2026-07-10T02:06:02.770597+00:00,109.9,4,bid,FlawlessFlatbreads,Xinhong Shan,14593494
2026-07-10T02:06:02.758901,2026-07-10T02:06:02.770597+00:00,110.1,2,bid,FlawlessFlatbreads,Kelvin Chan,14593495
2026-07-10T02:06:02.758901,2026-07-10T02:06:02.775823+00:00,110.2,39,bid,FlawlessFlatbreads,EarnestEspressos,14593496
2026-07-10T02:06:03.900862,2026-07-10T02:06:03.912353+00:00,109.8,3,ask,Kelvin Chan,CostlyCorianders,14593518
2026-07-10T02:06:03.900862,2026-07-10T02:06:03.912353+00:00,109.8,45,ask,EarnestEspressos,CostlyCorianders,14593519
2026-07-10T02:06:04.122473,2026-07-10T02:06:04.131394+00:00,110.0,4,bid,YUNSHEN JI,Xinhong Shan,14593527
2026-07-10T02:06:04.954026,2026-07-10T02:06:04.965622+00:00,109.8,50,ask,EarnestEspressos,FlawlessFlatbreads,14593549
2026-07-10T02:06:05.198359,2026-07-10T02:06:05.206720+00:00,110.0,1,bid,YUNSHEN JI,Xinhong Shan,14593553
2026-07-10T02:06:05.638811,2026-07-10T02:06:05.650528+00:00,109.8,43,ask,EarnestEspressos,CostlyCorianders,14593558
2026-07-10T02:06:05.921140,2026-07-10T02:06:05.933181+00:00,109.9,5,bid,DiligentDonuts,YUNSHEN JI,14593565
2026-07-10T02:06:05.921140,2026-07-10T02:06:05.933181+00:00,109.9,4,bid,DiligentDonuts,Xinhong Shan,14593566
2026-07-10T02:06:06.736562,2026-07-10T02:06:06.747974+00:00,109.9,91,ask,DiligentDonuts,EarnestEspressos,14593585
2026-07-10T02:06:06.736562,2026-07-10T02:06:06.747974+00:00,109.8,4,ask,Xinhong Shan,EarnestEspressos,14593586
2026-07-10T02:06:06.752521,2026-07-10T02:06:06.769194+00:00,109.8,5,bid,YUNSHEN JI,EarnestEspressos,14593589
2026-07-10T02:06:06.756879,2026-07-10T02:06:06.769194+00:00,109.8,12,bid,Xuanyu Liu,EarnestEspressos,14593590
2026-07-10T02:06:07.009725,2026-07-10T02:06:07.019112+00:00,109.8,38,bid,FlawlessFlatbreads,EarnestEspressos,14593598
2026-07-10T02:06:07.009725,2026-07-10T02:06:07.019112+00:00,109.8,4,bid,FlawlessFlatbreads,Xinhong Shan,14593599
2026-07-10T02:06:07.009725,2026-07-10T02:06:07.024286+00:00,110.4,8,bid,FlawlessFlatbreads,DiligentDonuts,14593600
2026-07-10T02:06:07.429407,2026-07-10T02:06:07.439549+00:00,109.8,4,bid,Kelvin Chan,YUNSHEN JI,14593610
2026-07-10T02:06:07.811782,2026-07-10T02:06:07.821797+00:00,109.8,1,bid,Xuanyu Liu,YUNSHEN JI,14593619
2026-07-10T02:06:08.016466,2026-07-10T02:06:08.023175+00:00,109.8,4,bid,Kelvin Chan,YUNSHEN JI,14593621
2026-07-10T02:06:08.835730,2026-07-10T02:06:08.846595+00:00,110.1,3,bid,YUNSHEN JI,Kelvin Chan,14593627
2026-07-10T02:06:08.906595,2026-07-10T02:06:08.915794+00:00,110.1,4,bid,CostlyCorianders,Xinhong Shan,14593629
2026-07-10T02:06:09.124480,2026-07-10T02:06:09.135811+00:00,110.1,2,bid,FlawlessFlatbreads,Kelvin Chan,14593642
2026-07-10T02:06:09.365103,2026-07-10T02:06:09.374152+00:00,109.8,1,ask,Kelvin Chan,Xuanyu Liu,14593652
2026-07-10T02:06:09.869774,2026-07-10T02:06:09.879325+00:00,110.2,6,bid,YUNSHEN JI,DiligentDonuts,14593660
2026-07-10T02:06:09.946916,2026-07-10T02:06:09.955405+00:00,110.0,4,bid,CostlyCorianders,Xinhong Shan,14593662
2026-07-10T02:06:09.946916,2026-07-10T02:06:09.955405+00:00,110.2,40,bid,CostlyCorianders,DiligentDonuts,14593663
2026-07-10T02:06:10.909018,2026-07-10T02:06:10.917550+00:00,110.0,5,bid,Xuanyu Liu,YUNSHEN JI,14593687
2026-07-10T02:06:10.976113,2026-07-10T02:06:10.987854+00:00,109.9,43,ask,EarnestEspressos,CostlyCorianders,14593689
2026-07-10T02:06:11.235998,2026-07-10T02:06:11.247728+00:00,110.0,4,bid,FlawlessFlatbreads,Xinhong Shan,14593697
2026-07-10T02:06:11.235998,2026-07-10T02:06:11.247728+00:00,110.2,46,bid,FlawlessFlatbreads,DiligentDonuts,14593698
2026-07-10T02:06:11.413773,2026-07-10T02:06:11.423974+00:00,110.2,5,bid,YUNSHEN JI,DiligentDonuts,14593707
2026-07-10T02:06:12.259251,2026-07-10T02:06:12.281117+00:00,110.0,5,bid,DiligentDonuts,YUNSHEN JI,14593730
2026-07-10T02:06:12.271823,2026-07-10T02:06:12.281117+00:00,110.1,17,ask,DiligentDonuts,Xuanyu Liu,14593731
2026-07-10T02:06:12.402101,2026-07-10T02:06:12.411328+00:00,110.1,48,ask,DiligentDonuts,CostlyCorianders,14593734
2026-07-10T02:06:12.443303,2026-07-10T02:06:12.454052+00:00,110.2,4,bid,YUNSHEN JI,Xinhong Shan,14593736
2026-07-10T02:06:13.368117,2026-07-10T02:06:13.379711+00:00,110.2,5,bid,FlawlessFlatbreads,YUNSHEN JI,14593755
2026-07-10T02:06:13.368117,2026-07-10T02:06:13.379711+00:00,110.3,45,bid,FlawlessFlatbreads,EarnestEspressos,14593756
2026-07-10T02:06:13.480056,2026-07-10T02:06:13.491018+00:00,110.3,6,bid,YUNSHEN JI,EarnestEspressos,14593758
2026-07-10T02:06:13.502670,2026-07-10T02:06:13.512882+00:00,110.3,43,bid,CostlyCorianders,EarnestEspressos,14593760
2026-07-10T02:06:14.190952,2026-07-10T02:06:14.202772+00:00,110.1,30,ask,DiligentDonuts,CostlyCorianders,14593783
2026-07-10T02:06:14.190952,2026-07-10T02:06:14.202772+00:00,110.1,3,ask,Xinhong Shan,CostlyCorianders,14593784
2026-07-10T02:06:14.527265,2026-07-10T02:06:14.536197+00:00,110.0,5,bid,Xuanyu Liu,YUNSHEN JI,14593788
2026-07-10T02:06:15.062862,2026-07-10T02:06:15.074276+00:00,110.3,5,bid,YUNSHEN JI,EarnestEspressos,14593808
2026-07-10T02:06:15.921980,2026-07-10T02:06:15.939616+00:00,110.1,5,bid,Xuanyu Liu,YUNSHEN JI,14593821
2026-07-10T02:06:16.094087,2026-07-10T02:06:16.105188+00:00,110.3,5,bid,YUNSHEN JI,EarnestEspressos,14593829
2026-07-10T02:06:16.172405,2026-07-10T02:06:16.180387+00:00,110.3,100,bid,EarnestEspressos,DiligentDonuts,14593833
2026-07-10T02:06:16.172405,2026-07-10T02:06:16.180387+00:00,110.3,4,bid,EarnestEspressos,Xinhong Shan,14593834
2026-07-10T02:06:16.245997,2026-07-10T02:06:16.256692+00:00,110.5,5,ask,EarnestEspressos,Xuanyu Liu,14593840
2026-07-10T02:06:16.257883,2026-07-10T02:06:16.267136+00:00,110.5,16,ask,EarnestEspressos,Xuanyu Liu,14593843
2026-07-10T02:06:16.552731,2026-07-10T02:06:16.563089+00:00,110.5,3,ask,EarnestEspressos,Xuanyu Liu,14593846
2026-07-10T02:06:17.372679,2026-07-10T02:06:17.384394+00:00,110.7,5,bid,CostlyCorianders,YUNSHEN JI,14593858
2026-07-10T02:06:17.372679,2026-07-10T02:06:17.384394+00:00,111.0,36,bid,CostlyCorianders,EarnestEspressos,14593859
