timestamp,recv_time,price,volume,aggressor_side,buyer,seller,trade_id
2026-07-02T02:00:00.019285,2026-07-02T02:00:00.003418+00:00,91.2,72,ask,EarnestEspressos,DiligentDonuts,3332743
2026-07-02T02:00:00.227355,2026-07-02T02:00:00.003418+00:00,90.9,5,ask,Kelvin Chan,FlawlessFlatbreads,3332744
2026-07-02T02:00:00.227355,2026-07-02T02:00:00.003418+00:00,90.7,45,ask,DiligentDonuts,FlawlessFlatbreads,3332745
2026-07-02T02:00:00.863505,2026-07-02T02:00:00.874992+00:00,91.0,5,ask,Kelvin Chan,CostlyCorianders,3332757
2026-07-02T02:00:01.481576,2026-07-02T02:00:01.497034+00:00,91.2,28,bid,CostlyCorianders,DiligentDonuts,3332767
2026-07-02T02:00:01.718994,2026-07-02T02:00:01.729190+00:00,91.0,14,bid,Xuanyu Liu,EarnestEspressos,3332773
2026-07-02T02:00:02.283740,2026-07-02T02:00:02.295459+00:00,91.0,50,bid,FlawlessFlatbreads,EarnestEspressos,3332783
2026-07-02T02:00:03.150303,2026-07-02T02:00:03.158547+00:00,91.0,86,bid,DiligentDonuts,EarnestEspressos,3332802
2026-07-02T02:00:03.218370,2026-07-02T02:00:03.228480+00:00,91.0,11,ask,DiligentDonuts,Xuanyu Liu,3332804
2026-07-02T02:00:03.332661,2026-07-02T02:00:03.351593+00:00,91.0,3,ask,DiligentDonuts,CostlyCorianders,3332807
2026-07-02T02:00:03.332661,2026-07-02T02:00:03.351593+00:00,90.9,5,ask,Kelvin Chan,CostlyCorianders,3332808
2026-07-02T02:00:03.332661,2026-07-02T02:00:03.351593+00:00,90.5,39,ask,EarnestEspressos,CostlyCorianders,3332809
2026-07-02T02:00:03.971227,2026-07-02T02:00:03.978342+00:00,91.5,43,bid,CostlyCorianders,DiligentDonuts,3332831
2026-07-02T02:00:05.001678,2026-07-02T02:00:05.013174+00:00,90.9,3,ask,Kelvin Chan,CostlyCorianders,3332856
2026-07-02T02:00:05.001678,2026-07-02T02:00:05.013174+00:00,90.7,38,ask,EarnestEspressos,CostlyCorianders,3332857
2026-07-02T02:00:06.141214,2026-07-02T02:00:06.152746+00:00,91.2,42,bid,CostlyCorianders,EarnestEspressos,3332877
2026-07-02T02:00:06.196664,2026-07-02T02:00:06.208307+00:00,90.9,3,ask,Kelvin Chan,CostlyCorianders,3332879
2026-07-02T02:00:06.196664,2026-07-02T02:00:06.208307+00:00,90.7,44,ask,EarnestEspressos,CostlyCorianders,3332880
2026-07-02T02:00:06.495250,2026-07-02T02:00:06.506697+00:00,91.1,50,bid,FlawlessFlatbreads,DiligentDonuts,3332885
2026-07-02T02:00:06.757497,2026-07-02T02:00:06.769273+00:00,91.1,42,bid,CostlyCorianders,DiligentDonuts,3332888
2026-07-02T02:00:07.371895,2026-07-02T02:00:07.383389+00:00,90.9,2,ask,Kelvin Chan,CostlyCorianders,3332898
2026-07-02T02:00:07.371895,2026-07-02T02:00:07.383389+00:00,90.7,46,ask,EarnestEspressos,CostlyCorianders,3332899
2026-07-02T02:00:08.059922,2026-07-02T02:00:08.067988+00:00,90.8,11,bid,Xuanyu Liu,EarnestEspressos,3332915
2026-07-02T02:00:08.601865,2026-07-02T02:00:08.613790+00:00,90.8,50,bid,FlawlessFlatbreads,EarnestEspressos,3332930
2026-07-02T02:00:08.794555,2026-07-02T02:00:08.805981+00:00,90.8,47,bid,CostlyCorianders,EarnestEspressos,3332931
2026-07-02T02:00:09.232954,2026-07-02T02:00:09.242542+00:00,90.8,3,bid,Kelvin Chan,EarnestEspressos,3332938
2026-07-02T02:00:09.472974,2026-07-02T02:00:09.495201+00:00,90.8,39,bid,DiligentDonuts,EarnestEspressos,3332944
2026-07-02T02:00:09.486251,2026-07-02T02:00:09.495201+00:00,91.0,11,ask,DiligentDonuts,Xuanyu Liu,3332948
2026-07-02T02:00:10.351511,2026-07-02T02:00:10.357791+00:00,91.0,42,ask,DiligentDonuts,CostlyCorianders,3332971
2026-07-02T02:00:11.003242,2026-07-02T02:00:11.013084+00:00,91.2,1,bid,CostlyCorianders,Kelvin Chan,3332983
2026-07-02T02:00:11.003242,2026-07-02T02:00:11.013084+00:00,91.5,44,bid,CostlyCorianders,DiligentDonuts,3332984
2026-07-02T02:00:11.058295,2026-07-02T02:00:11.069781+00:00,91.0,8,ask,DiligentDonuts,CostlyCorianders,3332987
2026-07-02T02:00:14.085360,2026-07-02T02:00:14.096256+00:00,91.0,47,ask,EarnestEspressos,CostlyCorianders,3333042
2026-07-02T02:00:14.923344,2026-07-02T02:00:14.934699+00:00,91.2,3,bid,FlawlessFlatbreads,Kelvin Chan,3333054
2026-07-02T02:00:17.030629,2026-07-02T02:00:17.042787+00:00,91.2,2,bid,FlawlessFlatbreads,Kelvin Chan,3333089
2026-07-02T02:00:17.030629,2026-07-02T02:00:17.042787+00:00,91.3,48,bid,FlawlessFlatbreads,EarnestEspressos,3333090
2026-07-02T02:00:19.140107,2026-07-02T02:00:19.152013+00:00,91.2,2,bid,FlawlessFlatbreads,Kelvin Chan,3333133
2026-07-02T02:00:19.140107,2026-07-02T02:00:19.152013+00:00,91.5,48,bid,FlawlessFlatbreads,EarnestEspressos,3333134
2026-07-02T02:00:20.670531,2026-07-02T02:00:20.679477+00:00,91.1,3,ask,EarnestEspressos,Xuanyu Liu,3333166
2026-07-02T02:00:21.248593,2026-07-02T02:00:21.260159+00:00,91.5,50,bid,FlawlessFlatbreads,DiligentDonuts,3333170
2026-07-02T02:00:21.644737,2026-07-02T02:00:21.650902+00:00,91.5,42,bid,CostlyCorianders,DiligentDonuts,3333178
2026-07-02T02:00:21.698542,2026-07-02T02:00:21.710202+00:00,91.1,42,ask,EarnestEspressos,CostlyCorianders,3333179
2026-07-02T02:00:23.356259,2026-07-02T02:00:23.358563+00:00,91.6,50,bid,FlawlessFlatbreads,EarnestEspressos,3333212
2026-07-02T02:00:24.803249,2026-07-02T02:00:24.814150+00:00,91.7,40,bid,CostlyCorianders,DiligentDonuts,3333239
2026-07-02T02:00:24.860037,2026-07-02T02:00:24.869067+00:00,91.4,43,ask,EarnestEspressos,CostlyCorianders,3333242
2026-07-02T02:00:25.462065,2026-07-02T02:00:25.469897+00:00,91.9,50,bid,FlawlessFlatbreads,EarnestEspressos,3333256
2026-07-02T02:00:25.926616,2026-07-02T02:00:25.938175+00:00,91.4,43,ask,EarnestEspressos,CostlyCorianders,3333260
2026-07-02T02:00:27.047797,2026-07-02T02:00:27.054012+00:00,91.9,43,bid,CostlyCorianders,DiligentDonuts,3333272
2026-07-02T02:00:27.568307,2026-07-02T02:00:27.579842+00:00,91.9,50,bid,FlawlessFlatbreads,DiligentDonuts,3333287
2026-07-02T02:00:27.627424,2026-07-02T02:00:27.638835+00:00,91.4,47,ask,DiligentDonuts,CostlyCorianders,3333288
2026-07-02T02:00:29.405269,2026-07-02T02:00:29.413386+00:00,91.4,3,ask,EarnestEspressos,Xuanyu Liu,3333327
2026-07-02T02:00:29.675216,2026-07-02T02:00:29.682546+00:00,91.9,50,bid,FlawlessFlatbreads,EarnestEspressos,3333336
2026-07-02T02:00:31.378884,2026-07-02T02:00:31.383337+00:00,91.7,42,bid,CostlyCorianders,EarnestEspressos,3333364
2026-07-02T02:00:31.835469,2026-07-02T02:00:31.843510+00:00,91.4,50,ask,DiligentDonuts,FlawlessFlatbreads,3333376
2026-07-02T02:00:32.020703,2026-07-02T02:00:32.029376+00:00,91.4,50,ask,DiligentDonuts,Chester Au,3333381
2026-07-02T02:00:33.960816,2026-07-02T02:00:33.972649+00:00,91.9,41,bid,CostlyCorianders,DiligentDonuts,3333417
2026-07-02T02:00:36.009203,2026-07-02T02:00:36.021075+00:00,91.8,50,bid,FlawlessFlatbreads,DiligentDonuts,3333452
2026-07-02T02:00:36.341434,2026-07-02T02:00:36.346709+00:00,91.5,150,ask,EarnestEspressos,Chester Au,3333458
2026-07-02T02:00:36.518910,2026-07-02T02:00:36.530177+00:00,91.3,100,ask,DiligentDonuts,EarnestEspressos,3333463
2026-07-02T02:00:38.133099,2026-07-02T02:00:38.141550+00:00,91.3,3,bid,Xuanyu Liu,EarnestEspressos,3333489
2026-07-02T02:00:39.507130,2026-07-02T02:00:39.518849+00:00,91.0,4,ask,Kelvin Chan,CostlyCorianders,3333516
2026-07-02T02:00:39.507130,2026-07-02T02:00:39.518849+00:00,91.0,43,ask,DiligentDonuts,CostlyCorianders,3333517
2026-07-02T02:00:39.627813,2026-07-02T02:00:39.639533+00:00,91.3,1,bid,EarnestEspressos,Kelvin Chan,3333519
2026-07-02T02:00:40.095362,2026-07-02T02:00:40.107171+00:00,91.5,44,bid,CostlyCorianders,DiligentDonuts,3333525
2026-07-02T02:00:40.168621,2026-07-02T02:00:40.180034+00:00,91.3,50,ask,EarnestEspressos,FlawlessFlatbreads,3333526
2026-07-02T02:00:40.630979,2026-07-02T02:00:40.642472+00:00,91.3,49,ask,EarnestEspressos,CostlyCorianders,3333531
2026-07-02T02:00:41.701304,2026-07-02T02:00:41.709594+00:00,91.3,44,ask,EarnestEspressos,CostlyCorianders,3333546
2026-07-02T02:00:43.332028,2026-07-02T02:00:43.343813+00:00,91.3,45,bid,CostlyCorianders,EarnestEspressos,3333575
2026-07-02T02:00:44.320753,2026-07-02T02:00:44.332219+00:00,91.3,46,bid,CostlyCorianders,EarnestEspressos,3333596
2026-07-02T02:00:44.378802,2026-07-02T02:00:44.390448+00:00,91.2,50,ask,DiligentDonuts,FlawlessFlatbreads,3333598
2026-07-02T02:00:46.487442,2026-07-02T02:00:46.495604+00:00,91.2,50,ask,DiligentDonuts,FlawlessFlatbreads,3333637
2026-07-02T02:00:48.597598,2026-07-02T02:00:48.609148+00:00,91.1,50,ask,EarnestEspressos,FlawlessFlatbreads,3333686
2026-07-02T02:00:50.417906,2026-07-02T02:00:50.428837+00:00,91.3,100,bid,Chester Au,DiligentDonuts,3333725
2026-07-02T02:00:50.447752,2026-07-02T02:00:50.459172+00:00,91.4,100,bid,Chester Au,EarnestEspressos,3333728
2026-07-02T02:00:50.593918,2026-07-02T02:00:50.605679+00:00,91.4,50,bid,DiligentDonuts,EarnestEspressos,3333730
2026-07-02T02:00:50.704646,2026-07-02T02:00:50.716228+00:00,91.5,50,ask,DiligentDonuts,FlawlessFlatbreads,3333734
2026-07-02T02:00:52.812890,2026-07-02T02:00:52.819997+00:00,91.5,50,ask,EarnestEspressos,FlawlessFlatbreads,3333771
2026-07-02T02:00:53.326175,2026-07-02T02:00:53.334561+00:00,91.5,3,ask,EarnestEspressos,Xuanyu Liu,3333786
2026-07-02T02:00:53.814183,2026-07-02T02:00:53.836533+00:00,91.5,97,ask,EarnestEspressos,DiligentDonuts,3333792
2026-07-02T02:00:53.826970,2026-07-02T02:00:53.836533+00:00,91.3,3,bid,Xuanyu Liu,DiligentDonuts,3333793
2026-07-02T02:00:54.252610,2026-07-02T02:00:54.264119+00:00,91.0,5,ask,Kelvin Chan,CostlyCorianders,3333800
2026-07-02T02:00:54.252610,2026-07-02T02:00:54.264119+00:00,90.8,41,ask,DiligentDonuts,CostlyCorianders,3333801
2026-07-02T02:00:54.918505,2026-07-02T02:00:54.930387+00:00,91.1,5,ask,Kelvin Chan,FlawlessFlatbreads,3333819
2026-07-02T02:00:54.918505,2026-07-02T02:00:54.930387+00:00,90.8,45,ask,DiligentDonuts,FlawlessFlatbreads,3333820
2026-07-02T02:00:57.039042,2026-07-02T02:00:57.058622+00:00,91.0,50,ask,EarnestEspressos,FlawlessFlatbreads,3333876
2026-07-02T02:00:57.320120,2026-07-02T02:00:57.331821+00:00,91.3,48,bid,CostlyCorianders,DiligentDonuts,3333885
2026-07-02T02:00:59.147704,2026-07-02T02:00:59.154092+00:00,91.0,5,ask,Kelvin Chan,FlawlessFlatbreads,3333916
2026-07-02T02:00:59.147704,2026-07-02T02:00:59.154092+00:00,90.8,45,ask,DiligentDonuts,FlawlessFlatbreads,3333917
2026-07-02T02:00:59.364687,2026-07-02T02:00:59.376118+00:00,91.0,4,ask,Kelvin Chan,CostlyCorianders,3333923
2026-07-02T02:00:59.364687,2026-07-02T02:00:59.376118+00:00,90.8,39,ask,DiligentDonuts,CostlyCorianders,3333924
2026-07-02T02:01:01.205763,2026-07-02T02:01:01.217065+00:00,91.2,50,bid,FlawlessFlatbreads,EarnestEspressos,3333975
2026-07-02T02:01:03.012249,2026-07-02T02:01:03.021601+00:00,91.3,42,bid,CostlyCorianders,DiligentDonuts,3334011
2026-07-02T02:01:03.538307,2026-07-02T02:01:03.549678+00:00,91.1,47,ask,DiligentDonuts,CostlyCorianders,3334019
2026-07-02T02:01:05.420705,2026-07-02T02:01:05.432240+00:00,91.6,50,bid,FlawlessFlatbreads,DiligentDonuts,3334060
2026-07-02T02:01:06.817520,2026-07-02T02:01:06.827156+00:00,91.6,48,bid,CostlyCorianders,DiligentDonuts,3334088
2026-07-02T02:01:07.805994,2026-07-02T02:01:07.816319+00:00,91.6,41,bid,CostlyCorianders,DiligentDonuts,3334110
2026-07-02T02:01:09.696729,2026-07-02T02:01:09.703120+00:00,91.4,50,ask,DiligentDonuts,FlawlessFlatbreads,3334145
2026-07-02T02:01:15.969289,2026-07-02T02:01:15.976614+00:00,91.4,50,bid,FlawlessFlatbreads,EarnestEspressos,3334268
2026-07-02T02:01:16.707173,2026-07-02T02:01:16.718802+00:00,91.1,3,ask,Kelvin Chan,CostlyCorianders,3334278
2026-07-02T02:01:16.707173,2026-07-02T02:01:16.718802+00:00,91.0,37,ask,DiligentDonuts,CostlyCorianders,3334279
2026-07-02T02:01:17.349858,2026-07-02T02:01:17.358592+00:00,91.0,48,ask,DiligentDonuts,CostlyCorianders,3334285
2026-07-02T02:01:18.075686,2026-07-02T02:01:18.087302+00:00,91.5,50,bid,FlawlessFlatbreads,DiligentDonuts,3334295
2026-07-02T02:01:20.187208,2026-07-02T02:01:20.198397+00:00,91.4,50,bid,FlawlessFlatbreads,DiligentDonuts,3334330
2026-07-02T02:01:21.335422,2026-07-02T02:01:21.347112+00:00,91.4,47,bid,CostlyCorianders,DiligentDonuts,3334367
2026-07-02T02:01:22.257602,2026-07-02T02:01:22.269061+00:00,91.5,48,bid,CostlyCorianders,EarnestEspressos,3334383
2026-07-02T02:01:22.294201,2026-07-02T02:01:22.302976+00:00,91.5,50,bid,FlawlessFlatbreads,EarnestEspressos,3334384
2026-07-02T02:01:23.959708,2026-07-02T02:01:23.968821+00:00,91.4,3,ask,EarnestEspressos,Xuanyu Liu,3334425
2026-07-02T02:01:24.463792,2026-07-02T02:01:24.475197+00:00,91.4,50,ask,EarnestEspressos,FlawlessFlatbreads,3334435
2026-07-02T02:01:24.576753,2026-07-02T02:01:24.591310+00:00,91.4,11,ask,EarnestEspressos,Xuanyu Liu,3334439
2026-07-02T02:01:24.579939,2026-07-02T02:01:24.591310+00:00,91.4,86,ask,EarnestEspressos,Chester Au,3334440
2026-07-02T02:01:24.579939,2026-07-02T02:01:24.591310+00:00,91.3,11,ask,DiligentDonuts,Chester Au,3334441
2026-07-02T02:01:25.031523,2026-07-02T02:01:25.044702+00:00,91.3,46,ask,DiligentDonuts,CostlyCorianders,3334451
2026-07-02T02:01:25.886572,2026-07-02T02:01:25.895336+00:00,91.3,11,bid,Xuanyu Liu,DiligentDonuts,3334466
2026-07-02T02:01:26.093857,2026-07-02T02:01:26.105389+00:00,90.8,41,ask,DiligentDonuts,CostlyCorianders,3334469
2026-07-02T02:01:28.688108,2026-07-02T02:01:28.696850+00:00,90.8,50,ask,EarnestEspressos,FlawlessFlatbreads,3334504
2026-07-02T02:01:30.336901,2026-07-02T02:01:30.346888+00:00,91.1,3,bid,Xuanyu Liu,EarnestEspressos,3334540
2026-07-02T02:01:30.489632,2026-07-02T02:01:30.501257+00:00,91.1,43,bid,CostlyCorianders,EarnestEspressos,3334545
2026-07-02T02:01:30.821409,2026-07-02T02:01:30.833393+00:00,90.8,50,ask,DiligentDonuts,FlawlessFlatbreads,3334548
2026-07-02T02:01:31.917190,2026-07-02T02:01:31.928823+00:00,90.7,40,ask,DiligentDonuts,CostlyCorianders,3334576
2026-07-02T02:01:32.927495,2026-07-02T02:01:32.935139+00:00,90.7,50,ask,DiligentDonuts,FlawlessFlatbreads,3334599
2026-07-02T02:01:33.297891,2026-07-02T02:01:33.305676+00:00,91.1,97,bid,Chester Au,EarnestEspressos,3334602
2026-07-02T02:01:33.440196,2026-07-02T02:01:33.448431+00:00,91.2,100,bid,EarnestEspressos,DiligentDonuts,3334604
2026-07-02T02:01:33.830586,2026-07-02T02:01:33.839624+00:00,91.2,5,ask,EarnestEspressos,Kelvin Chan,3334609
2026-07-02T02:01:34.987199,2026-07-02T02:01:34.995025+00:00,91.3,4,bid,FlawlessFlatbreads,Kelvin Chan,3334635
2026-07-02T02:01:37.145777,2026-07-02T02:01:37.157222+00:00,91.0,50,ask,EarnestEspressos,FlawlessFlatbreads,3334683
2026-07-02T02:01:37.756919,2026-07-02T02:01:37.758550+00:00,91.3,4,bid,CostlyCorianders,Kelvin Chan,3334698
2026-07-02T02:01:37.756919,2026-07-02T02:01:37.769998+00:00,91.4,40,bid,CostlyCorianders,DiligentDonuts,3334699
2026-07-02T02:01:39.204711,2026-07-02T02:01:39.212291+00:00,91.3,5,bid,FlawlessFlatbreads,Kelvin Chan,3334724
2026-07-02T02:01:39.204711,2026-07-02T02:01:39.217826+00:00,91.5,45,bid,FlawlessFlatbreads,EarnestEspressos,3334725
2026-07-02T02:01:39.824697,2026-07-02T02:01:39.836412+00:00,91.4,43,bid,CostlyCorianders,EarnestEspressos,3334730
2026-07-02T02:01:41.313098,2026-07-02T02:01:41.324552+00:00,91.3,5,bid,FlawlessFlatbreads,Kelvin Chan,3334756
2026-07-02T02:01:41.313098,2026-07-02T02:01:41.324552+00:00,91.4,45,bid,FlawlessFlatbreads,EarnestEspressos,3334757
2026-07-02T02:01:41.838277,2026-07-02T02:01:41.850051+00:00,91.0,1,ask,Kelvin Chan,CostlyCorianders,3334774
2026-07-02T02:01:41.838277,2026-07-02T02:01:41.850051+00:00,91.0,40,ask,DiligentDonuts,CostlyCorianders,3334775
2026-07-02T02:01:43.421619,2026-07-02T02:01:43.436100+00:00,91.3,5,bid,FlawlessFlatbreads,Kelvin Chan,3334797
2026-07-02T02:01:43.421619,2026-07-02T02:01:43.436100+00:00,91.5,45,bid,FlawlessFlatbreads,DiligentDonuts,3334798
2026-07-02T02:01:45.530884,2026-07-02T02:01:45.540931+00:00,91.3,5,bid,FlawlessFlatbreads,Kelvin Chan,3334845
2026-07-02T02:01:45.530884,2026-07-02T02:01:45.540931+00:00,91.5,45,bid,FlawlessFlatbreads,DiligentDonuts,3334846
2026-07-02T02:01:46.023369,2026-07-02T02:01:46.033114+00:00,91.5,42,bid,CostlyCorianders,DiligentDonuts,3334858
2026-07-02T02:01:47.688597,2026-07-02T02:01:47.700153+00:00,91.3,50,ask,DiligentDonuts,FlawlessFlatbreads,3334894
2026-07-02T02:01:51.849814,2026-07-02T02:01:51.858542+00:00,91.4,4,bid,FlawlessFlatbreads,Kelvin Chan,3334976
2026-07-02T02:01:54.008620,2026-07-02T02:01:54.020678+00:00,91.2,50,ask,EarnestEspressos,FlawlessFlatbreads,3335019
2026-07-02T02:01:54.637860,2026-07-02T02:01:54.649516+00:00,91.2,47,ask,EarnestEspressos,CostlyCorianders,3335029
2026-07-02T02:01:55.097169,2026-07-02T02:01:55.107769+00:00,91.5,2,bid,CostlyCorianders,Kelvin Chan,3335042
2026-07-02T02:01:55.097169,2026-07-02T02:01:55.107769+00:00,91.7,38,bid,CostlyCorianders,EarnestEspressos,3335043
2026-07-02T02:01:56.117134,2026-07-02T02:01:56.128713+00:00,91.3,50,ask,EarnestEspressos,FlawlessFlatbreads,3335075
2026-07-02T02:01:56.764244,2026-07-02T02:01:56.774138+00:00,91.3,40,ask,EarnestEspressos,CostlyCorianders,3335086
2026-07-02T02:01:58.224727,2026-07-02T02:01:58.236128+00:00,91.4,50,ask,DiligentDonuts,EarnestEspressos,3335129
2026-07-02T02:01:58.846381,2026-07-02T02:01:58.857787+00:00,91.4,50,ask,DiligentDonuts,FlawlessFlatbreads,3335143
2026-07-02T02:01:58.859729,2026-07-02T02:01:58.869729+00:00,91.4,3,bid,Xuanyu Liu,EarnestEspressos,3335144
2026-07-02T02:02:00.332049,2026-07-02T02:02:00.343608+00:00,91.2,2,ask,Kelvin Chan,FlawlessFlatbreads,3335176
2026-07-02T02:02:00.332049,2026-07-02T02:02:00.343608+00:00,91.0,48,ask,DiligentDonuts,FlawlessFlatbreads,3335177
2026-07-02T02:02:02.332385,2026-07-02T02:02:02.343705+00:00,91.5,45,bid,CostlyCorianders,DiligentDonuts,3335214
2026-07-02T02:02:02.388980,2026-07-02T02:02:02.400309+00:00,91.5,50,bid,FlawlessFlatbreads,DiligentDonuts,3335216
2026-07-02T02:02:03.579844,2026-07-02T02:02:03.587490+00:00,91.2,3,ask,Kelvin Chan,Xuanyu Liu,3335255
2026-07-02T02:02:04.552636,2026-07-02T02:02:04.554277+00:00,91.2,2,ask,Kelvin Chan,FlawlessFlatbreads,3335271
2026-07-02T02:02:04.552636,2026-07-02T02:02:04.554277+00:00,91.0,48,ask,EarnestEspressos,FlawlessFlatbreads,3335272
2026-07-02T02:02:05.174724,2026-07-02T02:02:05.186213+00:00,91.2,3,ask,Kelvin Chan,EarnestEspressos,3335289
2026-07-02T02:02:06.565468,2026-07-02T02:02:06.573942+00:00,91.1,3,bid,Kelvin Chan,EarnestEspressos,3335328
2026-07-02T02:02:06.659023,2026-07-02T02:02:06.670515+00:00,90.9,50,ask,DiligentDonuts,FlawlessFlatbreads,3335330
2026-07-02T02:02:07.200296,2026-07-02T02:02:07.209722+00:00,91.1,3,bid,Xuanyu Liu,EarnestEspressos,3335344
2026-07-02T02:02:08.715111,2026-07-02T02:02:08.725617+00:00,91.1,50,bid,FlawlessFlatbreads,EarnestEspressos,3335390
2026-07-02T02:02:08.846470,2026-07-02T02:02:08.857865+00:00,90.9,46,ask,DiligentDonuts,CostlyCorianders,3335396
2026-07-02T02:02:10.825827,2026-07-02T02:02:10.836221+00:00,91.1,50,bid,FlawlessFlatbreads,EarnestEspressos,3335446
2026-07-02T02:02:12.891242,2026-07-02T02:02:12.902692+00:00,91.4,49,bid,CostlyCorianders,EarnestEspressos,3335479
2026-07-02T02:02:14.370384,2026-07-02T02:02:14.378720+00:00,90.9,43,ask,EarnestEspressos,CostlyCorianders,3335523
2026-07-02T02:02:14.831576,2026-07-02T02:02:14.843191+00:00,91.0,44,ask,EarnestEspressos,CostlyCorianders,3335542
2026-07-02T02:02:15.085738,2026-07-02T02:02:15.093621+00:00,91.0,50,ask,EarnestEspressos,FlawlessFlatbreads,3335545
2026-07-02T02:02:16.118278,2026-07-02T02:02:16.129816+00:00,91.0,56,ask,EarnestEspressos,DiligentDonuts,3335561
2026-07-02T02:02:17.141264,2026-07-02T02:02:17.150902+00:00,91.0,44,bid,FlawlessFlatbreads,DiligentDonuts,3335582
2026-07-02T02:02:17.141264,2026-07-02T02:02:17.150902+00:00,91.2,3,bid,FlawlessFlatbreads,Kelvin Chan,3335583
2026-07-02T02:02:17.141264,2026-07-02T02:02:17.156130+00:00,91.5,3,bid,FlawlessFlatbreads,EarnestEspressos,3335584
2026-07-02T02:02:17.266777,2026-07-02T02:02:17.278618+00:00,91.5,40,bid,CostlyCorianders,EarnestEspressos,3335587
2026-07-02T02:02:18.045780,2026-07-02T02:02:18.056604+00:00,91.0,11,bid,Xuanyu Liu,EarnestEspressos,3335599
2026-07-02T02:02:18.316089,2026-07-02T02:02:18.327333+00:00,91.0,49,bid,CostlyCorianders,EarnestEspressos,3335605
2026-07-02T02:02:19.343848,2026-07-02T02:02:19.350971+00:00,91.1,10,ask,DiligentDonuts,CostlyCorianders,3335628
2026-07-02T02:02:19.343848,2026-07-02T02:02:19.356254+00:00,90.9,4,ask,Kelvin Chan,CostlyCorianders,3335629
2026-07-02T02:02:19.343848,2026-07-02T02:02:19.356254+00:00,90.5,35,ask,EarnestEspressos,CostlyCorianders,3335630
2026-07-02T02:02:20.393862,2026-07-02T02:02:20.400636+00:00,91.2,1,bid,CostlyCorianders,Kelvin Chan,3335657
2026-07-02T02:02:20.393862,2026-07-02T02:02:20.406103+00:00,91.6,42,bid,CostlyCorianders,DiligentDonuts,3335658
2026-07-02T02:02:20.959763,2026-07-02T02:02:20.968733+00:00,91.2,11,ask,EarnestEspressos,Xuanyu Liu,3335673
2026-07-02T02:02:21.358479,2026-07-02T02:02:21.365981+00:00,91.6,50,bid,FlawlessFlatbreads,DiligentDonuts,3335685
2026-07-02T02:02:23.464738,2026-07-02T02:02:23.481530+00:00,91.6,50,bid,FlawlessFlatbreads,DiligentDonuts,3335709
2026-07-02T02:02:23.660680,2026-07-02T02:02:23.672389+00:00,91.2,45,ask,EarnestEspressos,CostlyCorianders,3335715
2026-07-02T02:02:25.165177,2026-07-02T02:02:25.175388+00:00,91.3,1,bid,CostlyCorianders,Kelvin Chan,3335740
2026-07-02T02:02:25.165177,2026-07-02T02:02:25.175388+00:00,91.5,41,bid,CostlyCorianders,EarnestEspressos,3335741
2026-07-02T02:02:25.577456,2026-07-02T02:02:25.586553+00:00,91.3,1,bid,FlawlessFlatbreads,Kelvin Chan,3335751
2026-07-02T02:02:25.577456,2026-07-02T02:02:25.586553+00:00,91.5,49,bid,FlawlessFlatbreads,EarnestEspressos,3335752
2026-07-02T02:02:26.837150,2026-07-02T02:02:26.845687+00:00,91.1,41,ask,DiligentDonuts,CostlyCorianders,3335769
2026-07-02T02:02:27.301131,2026-07-02T02:02:27.318589+00:00,91.3,1,bid,EarnestEspressos,Kelvin Chan,3335775
2026-07-02T02:02:27.322419,2026-07-02T02:02:27.329777+00:00,91.3,1,ask,EarnestEspressos,Kelvin Chan,3335776
2026-07-02T02:02:27.348060,2026-07-02T02:02:27.359616+00:00,91.3,1,ask,EarnestEspressos,Kelvin Chan,3335777
2026-07-02T02:02:27.425746,2026-07-02T02:02:27.432626+00:00,91.6,47,bid,CostlyCorianders,DiligentDonuts,3335780
2026-07-02T02:02:27.607106,2026-07-02T02:02:27.618594+00:00,91.3,2,ask,EarnestEspressos,Kelvin Chan,3335786
2026-07-02T02:02:27.685063,2026-07-02T02:02:27.696618+00:00,91.6,50,bid,FlawlessFlatbreads,DiligentDonuts,3335787
2026-07-02T02:02:27.756336,2026-07-02T02:02:27.764020+00:00,91.3,2,ask,EarnestEspressos,Kelvin Chan,3335788
2026-07-02T02:02:29.023430,2026-07-02T02:02:29.031727+00:00,91.3,3,ask,EarnestEspressos,Xuanyu Liu,3335809
2026-07-02T02:02:29.812104,2026-07-02T02:02:29.821226+00:00,91.4,2,bid,FlawlessFlatbreads,Kelvin Chan,3335816
2026-07-02T02:02:29.812104,2026-07-02T02:02:29.821226+00:00,91.8,48,bid,FlawlessFlatbreads,EarnestEspressos,3335817
2026-07-02T02:02:30.471152,2026-07-02T02:02:30.481216+00:00,91.4,3,bid,EarnestEspressos,Kelvin Chan,3335835
2026-07-02T02:02:30.525021,2026-07-02T02:02:30.533526+00:00,91.5,3,ask,EarnestEspressos,Kelvin Chan,3335837
2026-07-02T02:02:30.582361,2026-07-02T02:02:30.590557+00:00,91.5,3,ask,EarnestEspressos,Kelvin Chan,3335839
2026-07-02T02:02:30.655545,2026-07-02T02:02:30.658552+00:00,91.5,2,ask,EarnestEspressos,Kelvin Chan,3335844
2026-07-02T02:02:31.526888,2026-07-02T02:02:31.538546+00:00,91.5,41,ask,EarnestEspressos,CostlyCorianders,3335872
2026-07-02T02:02:31.658466,2026-07-02T02:02:31.665232+00:00,91.5,2,ask,EarnestEspressos,Kelvin Chan,3335875
2026-07-02T02:02:31.765651,2026-07-02T02:02:31.774599+00:00,91.5,2,ask,EarnestEspressos,Kelvin Chan,3335879
2026-07-02T02:02:31.921026,2026-07-02T02:02:31.932417+00:00,92.0,50,bid,FlawlessFlatbreads,EarnestEspressos,3335880
2026-07-02T02:02:32.401653,2026-07-02T02:02:32.408967+00:00,91.5,1,ask,EarnestEspressos,Kelvin Chan,3335887
2026-07-02T02:02:32.663504,2026-07-02T02:02:32.674882+00:00,91.5,2,ask,EarnestEspressos,Kelvin Chan,3335892
2026-07-02T02:02:32.727478,2026-07-02T02:02:32.738747+00:00,91.5,1,ask,EarnestEspressos,Kelvin Chan,3335893
2026-07-02T02:02:32.767479,2026-07-02T02:02:32.776809+00:00,91.5,1,ask,EarnestEspressos,Kelvin Chan,3335896
2026-07-02T02:02:32.789638,2026-07-02T02:02:32.801012+00:00,91.5,1,ask,EarnestEspressos,Kelvin Chan,3335897
2026-07-02T02:02:34.032676,2026-07-02T02:02:34.044523+00:00,92.0,50,bid,FlawlessFlatbreads,DiligentDonuts,3335923
2026-07-02T02:02:35.175368,2026-07-02T02:02:35.182983+00:00,91.6,1,ask,EarnestEspressos,Kelvin Chan,3335941
2026-07-02T02:02:35.436261,2026-07-02T02:02:35.450622+00:00,91.6,149,ask,EarnestEspressos,Chester Au,3335954
2026-07-02T02:02:35.436261,2026-07-02T02:02:35.450622+00:00,91.6,51,ask,DiligentDonuts,Chester Au,3335955
2026-07-02T02:02:35.442504,2026-07-02T02:02:35.450622+00:00,91.6,14,ask,DiligentDonuts,Xuanyu Liu,3335956
2026-07-02T02:02:36.200963,2026-07-02T02:02:36.212370+00:00,91.6,1,ask,DiligentDonuts,Kelvin Chan,3335965
2026-07-02T02:02:36.755190,2026-07-02T02:02:36.763469+00:00,91.7,1,bid,Xuanyu Liu,Kelvin Chan,3335981
2026-07-02T02:02:36.791214,2026-07-02T02:02:36.799800+00:00,91.7,1,bid,Xuanyu Liu,Kelvin Chan,3335983
2026-07-02T02:02:36.842734,2026-07-02T02:02:36.850620+00:00,91.7,1,bid,Xuanyu Liu,Kelvin Chan,3335986
2026-07-02T02:02:36.857319,2026-07-02T02:02:36.865857+00:00,91.6,34,ask,DiligentDonuts,EarnestEspressos,3335988
2026-07-02T02:02:36.868037,2026-07-02T02:02:36.876213+00:00,91.5,11,bid,Xuanyu Liu,EarnestEspressos,3335989
2026-07-02T02:02:38.060947,2026-07-02T02:02:38.069514+00:00,91.5,105,bid,Chester Au,EarnestEspressos,3336029
2026-07-02T02:02:38.295670,2026-07-02T02:02:38.307238+00:00,91.4,4,ask,Kelvin Chan,FlawlessFlatbreads,3336038
2026-07-02T02:02:38.295670,2026-07-02T02:02:38.307238+00:00,91.4,46,ask,DiligentDonuts,FlawlessFlatbreads,3336039
2026-07-02T02:02:40.402422,2026-07-02T02:02:40.414072+00:00,91.7,50,ask,EarnestEspressos,FlawlessFlatbreads,3336084
2026-07-02T02:02:41.389104,2026-07-02T02:02:41.395019+00:00,91.7,47,ask,EarnestEspressos,CostlyCorianders,3336108
2026-07-02T02:02:42.508404,2026-07-02T02:02:42.519878+00:00,91.7,50,ask,EarnestEspressos,FlawlessFlatbreads,3336127
2026-07-02T02:02:43.672976,2026-07-02T02:02:43.684640+00:00,91.6,40,bid,CostlyCorianders,EarnestEspressos,3336142
2026-07-02T02:02:44.565203,2026-07-02T02:02:44.575239+00:00,91.6,50,bid,FlawlessFlatbreads,EarnestEspressos,3336156
2026-07-02T02:02:45.143906,2026-07-02T02:02:45.155238+00:00,91.6,40,bid,CostlyCorianders,EarnestEspressos,3336173
2026-07-02T02:02:45.688344,2026-07-02T02:02:45.700095+00:00,91.4,5,ask,Kelvin Chan,CostlyCorianders,3336176
2026-07-02T02:02:45.688344,2026-07-02T02:02:45.700095+00:00,91.2,39,ask,DiligentDonuts,CostlyCorianders,3336177
2026-07-02T02:02:46.673837,2026-07-02T02:02:46.685302+00:00,91.7,50,bid,FlawlessFlatbreads,DiligentDonuts,3336193
2026-07-02T02:02:47.321630,2026-07-02T02:02:47.333160+00:00,91.7,43,bid,CostlyCorianders,DiligentDonuts,3336209
2026-07-02T02:02:48.448665,2026-07-02T02:02:48.458585+00:00,91.5,40,ask,EarnestEspressos,CostlyCorianders,3336232
2026-07-02T02:02:48.779922,2026-07-02T02:02:48.791463+00:00,91.8,50,bid,FlawlessFlatbreads,DiligentDonuts,3336237
2026-07-02T02:02:55.153177,2026-07-02T02:02:55.164537+00:00,91.4,1,ask,Kelvin Chan,FlawlessFlatbreads,3336371
2026-07-02T02:02:55.153177,2026-07-02T02:02:55.164537+00:00,91.4,49,ask,DiligentDonuts,FlawlessFlatbreads,3336372
2026-07-02T02:02:57.261797,2026-07-02T02:02:57.271711+00:00,91.5,50,ask,DiligentDonuts,FlawlessFlatbreads,3336418
2026-07-02T02:02:58.300596,2026-07-02T02:02:58.312195+00:00,91.7,1,bid,CostlyCorianders,Kelvin Chan,3336437
2026-07-02T02:03:00.789043,2026-07-02T02:03:00.800405+00:00,91.7,48,bid,CostlyCorianders,DiligentDonuts,3336482
2026-07-02T02:03:00.843073,2026-07-02T02:03:00.854528+00:00,91.4,42,ask,EarnestEspressos,CostlyCorianders,3336484
2026-07-02T02:03:01.419529,2026-07-02T02:03:01.431453+00:00,91.7,50,bid,FlawlessFlatbreads,DiligentDonuts,3336493
2026-07-02T02:03:02.318259,2026-07-02T02:03:02.329228+00:00,91.7,2,bid,CostlyCorianders,DiligentDonuts,3336516
2026-07-02T02:03:03.525691,2026-07-02T02:03:03.537125+00:00,91.8,50,bid,FlawlessFlatbreads,EarnestEspressos,3336540
2026-07-02T02:03:04.376198,2026-07-02T02:03:04.387577+00:00,91.6,42,ask,DiligentDonuts,CostlyCorianders,3336566
2026-07-02T02:03:05.435975,2026-07-02T02:03:05.447345+00:00,91.6,45,ask,DiligentDonuts,CostlyCorianders,3336595
2026-07-02T02:03:05.685319,2026-07-02T02:03:05.697987+00:00,91.6,13,ask,DiligentDonuts,FlawlessFlatbreads,3336606
2026-07-02T02:03:05.685319,2026-07-02T02:03:05.697987+00:00,91.3,37,ask,EarnestEspressos,FlawlessFlatbreads,3336607
2026-07-02T02:03:07.714514,2026-07-02T02:03:07.725245+00:00,91.8,43,bid,CostlyCorianders,EarnestEspressos,3336650
2026-07-02T02:03:07.793578,2026-07-02T02:03:07.804948+00:00,91.3,50,ask,EarnestEspressos,FlawlessFlatbreads,3336658
2026-07-02T02:03:08.743886,2026-07-02T02:03:08.750436+00:00,91.7,2,bid,CostlyCorianders,Kelvin Chan,3336681
2026-07-02T02:03:08.743886,2026-07-02T02:03:08.750436+00:00,91.8,38,bid,CostlyCorianders,DiligentDonuts,3336682
2026-07-02T02:03:09.898833,2026-07-02T02:03:09.910754+00:00,91.8,47,bid,CostlyCorianders,EarnestEspressos,3336719
2026-07-02T02:03:09.902915,2026-07-02T02:03:09.910754+00:00,91.4,2,ask,Kelvin Chan,FlawlessFlatbreads,3336720
2026-07-02T02:03:09.902915,2026-07-02T02:03:09.915888+00:00,91.4,48,ask,DiligentDonuts,FlawlessFlatbreads,3336721
2026-07-02T02:03:11.618599,2026-07-02T02:03:11.628486+00:00,91.7,4,bid,EarnestEspressos,Kelvin Chan,3336758
2026-07-02T02:03:12.015970,2026-07-02T02:03:12.023012+00:00,91.7,50,ask,EarnestEspressos,FlawlessFlatbreads,3336763
2026-07-02T02:03:13.424247,2026-07-02T02:03:13.433018+00:00,91.7,48,ask,EarnestEspressos,CostlyCorianders,3336803
2026-07-02T02:03:14.071728,2026-07-02T02:03:14.083340+00:00,91.8,50,bid,FlawlessFlatbreads,DiligentDonuts,3336820
2026-07-02T02:03:16.192223,2026-07-02T02:03:16.200795+00:00,91.6,50,bid,FlawlessFlatbreads,EarnestEspressos,3336876
2026-07-02T02:03:18.298191,2026-07-02T02:03:18.309665+00:00,91.7,50,bid,FlawlessFlatbreads,DiligentDonuts,3336911
2026-07-02T02:03:20.258994,2026-07-02T02:03:20.270715+00:00,91.7,1,bid,CostlyCorianders,Kelvin Chan,3336958
2026-07-02T02:03:20.258994,2026-07-02T02:03:20.270715+00:00,91.7,47,bid,CostlyCorianders,EarnestEspressos,3336959
2026-07-02T02:03:20.422482,2026-07-02T02:03:20.430259+00:00,91.7,50,bid,FlawlessFlatbreads,EarnestEspressos,3336964
2026-07-02T02:03:20.829123,2026-07-02T02:03:20.837756+00:00,91.5,3,ask,Kelvin Chan,CostlyCorianders,3336972
2026-07-02T02:03:20.829123,2026-07-02T02:03:20.837756+00:00,91.5,41,ask,DiligentDonuts,CostlyCorianders,3336973
2026-07-02T02:03:21.805061,2026-07-02T02:03:21.816665+00:00,91.6,43,ask,EarnestEspressos,CostlyCorianders,3336993
2026-07-02T02:03:22.457956,2026-07-02T02:03:22.469306+00:00,91.6,49,ask,EarnestEspressos,CostlyCorianders,3337006
2026-07-02T02:03:22.590444,2026-07-02T02:03:22.599777+00:00,91.6,50,ask,EarnestEspressos,FlawlessFlatbreads,3337012
2026-07-02T02:03:22.985335,2026-07-02T02:03:22.996922+00:00,91.8,46,bid,CostlyCorianders,DiligentDonuts,3337020
2026-07-02T02:03:23.934169,2026-07-02T02:03:23.940550+00:00,91.8,46,bid,CostlyCorianders,DiligentDonuts,3337043
2026-07-02T02:03:24.327863,2026-07-02T02:03:24.335808+00:00,91.4,3,ask,Kelvin Chan,EarnestEspressos,3337052
2026-07-02T02:03:24.654624,2026-07-02T02:03:24.664082+00:00,91.4,50,bid,FlawlessFlatbreads,EarnestEspressos,3337054
2026-07-02T02:03:25.700906,2026-07-02T02:03:25.709623+00:00,91.4,97,bid,DiligentDonuts,EarnestEspressos,3337078
2026-07-02T02:03:26.501794,2026-07-02T02:03:26.513626+00:00,91.5,3,ask,DiligentDonuts,CostlyCorianders,3337091
2026-07-02T02:03:26.501794,2026-07-02T02:03:26.513626+00:00,90.9,45,ask,EarnestEspressos,CostlyCorianders,3337092
2026-07-02T02:03:27.651966,2026-07-02T02:03:27.665400+00:00,91.8,48,bid,CostlyCorianders,EarnestEspressos,3337113
2026-07-02T02:03:28.742947,2026-07-02T02:03:28.753301+00:00,91.3,41,ask,EarnestEspressos,CostlyCorianders,3337139
2026-07-02T02:03:29.708108,2026-07-02T02:03:29.719866+00:00,91.3,41,ask,EarnestEspressos,CostlyCorianders,3337161
2026-07-02T02:03:30.755996,2026-07-02T02:03:30.758540+00:00,91.5,47,bid,CostlyCorianders,EarnestEspressos,3337187
2026-07-02T02:03:31.235198,2026-07-02T02:03:31.246653+00:00,91.5,47,bid,CostlyCorianders,EarnestEspressos,3337190
2026-07-02T02:03:33.125144,2026-07-02T02:03:33.131897+00:00,91.0,50,ask,EarnestEspressos,FlawlessFlatbreads,3337232
2026-07-02T02:03:34.291075,2026-07-02T02:03:34.302893+00:00,91.3,43,ask,EarnestEspressos,CostlyCorianders,3337248
2026-07-02T02:03:35.230458,2026-07-02T02:03:35.241915+00:00,91.3,50,ask,EarnestEspressos,FlawlessFlatbreads,3337262
2026-07-02T02:03:37.343710,2026-07-02T02:03:37.352940+00:00,91.0,50,ask,DiligentDonuts,FlawlessFlatbreads,3337289
2026-07-02T02:03:37.929883,2026-07-02T02:03:37.941131+00:00,91.0,49,ask,DiligentDonuts,CostlyCorianders,3337296
2026-07-02T02:03:39.450324,2026-07-02T02:03:39.458059+00:00,90.8,50,ask,EarnestEspressos,FlawlessFlatbreads,3337309
2026-07-02T02:03:40.169617,2026-07-02T02:03:40.176608+00:00,91.0,95,bid,Chester Au,EarnestEspressos,3337314
2026-07-02T02:03:40.180445,2026-07-02T02:03:40.187146+00:00,91.0,47,bid,CostlyCorianders,EarnestEspressos,3337315
2026-07-02T02:03:41.556047,2026-07-02T02:03:41.567497+00:00,90.5,50,ask,EarnestEspressos,FlawlessFlatbreads,3337347
2026-07-02T02:03:42.554902,2026-07-02T02:03:42.566386+00:00,91.0,8,bid,CostlyCorianders,EarnestEspressos,3337369
2026-07-02T02:03:42.554902,2026-07-02T02:03:42.566386+00:00,91.0,38,bid,CostlyCorianders,DiligentDonuts,3337370
2026-07-02T02:03:43.662498,2026-07-02T02:03:43.669420+00:00,90.8,50,ask,EarnestEspressos,FlawlessFlatbreads,3337387
2026-07-02T02:03:45.772205,2026-07-02T02:03:45.783903+00:00,90.8,50,ask,EarnestEspressos,FlawlessFlatbreads,3337425
2026-07-02T02:03:46.231844,2026-07-02T02:03:46.243504+00:00,90.8,46,ask,EarnestEspressos,CostlyCorianders,3337431
2026-07-02T02:03:46.484500,2026-07-02T02:03:46.505555+00:00,90.7,100,ask,DiligentDonuts,EarnestEspressos,3337435
2026-07-02T02:03:46.497282,2026-07-02T02:03:46.505555+00:00,90.7,14,bid,Xuanyu Liu,EarnestEspressos,3337436
2026-07-02T02:03:47.879375,2026-07-02T02:03:47.890910+00:00,90.4,50,ask,DiligentDonuts,FlawlessFlatbreads,3337470
2026-07-02T02:03:48.173689,2026-07-02T02:03:48.185484+00:00,90.7,36,bid,CostlyCorianders,EarnestEspressos,3337472
2026-07-02T02:03:48.173689,2026-07-02T02:03:48.185484+00:00,90.9,5,bid,CostlyCorianders,DiligentDonuts,3337473
2026-07-02T02:03:49.592413,2026-07-02T02:03:49.598877+00:00,90.9,95,bid,EarnestEspressos,DiligentDonuts,3337499
2026-07-02T02:03:49.986118,2026-07-02T02:03:49.997664+00:00,90.9,50,ask,EarnestEspressos,FlawlessFlatbreads,3337510
2026-07-02T02:03:50.078480,2026-07-02T02:03:50.090447+00:00,90.9,5,ask,EarnestEspressos,CostlyCorianders,3337511
2026-07-02T02:03:51.066483,2026-07-02T02:03:51.074049+00:00,91.0,49,bid,CostlyCorianders,DiligentDonuts,3337537
2026-07-02T02:03:52.091775,2026-07-02T02:03:52.103570+00:00,90.5,50,ask,DiligentDonuts,FlawlessFlatbreads,3337568
2026-07-02T02:03:53.530817,2026-07-02T02:03:53.542743+00:00,90.5,41,ask,DiligentDonuts,CostlyCorianders,3337592
2026-07-02T02:03:54.082481,2026-07-02T02:03:54.090550+00:00,90.5,9,ask,DiligentDonuts,CostlyCorianders,3337599
2026-07-02T02:03:54.148178,2026-07-02T02:03:54.158042+00:00,90.9,50,bid,FlawlessFlatbreads,EarnestEspressos,3337604
2026-07-02T02:03:54.586699,2026-07-02T02:03:54.598193+00:00,90.9,49,bid,CostlyCorianders,EarnestEspressos,3337621
2026-07-02T02:03:56.254671,2026-07-02T02:03:56.266494+00:00,91.0,50,bid,FlawlessFlatbreads,DiligentDonuts,3337653
2026-07-02T02:03:58.361806,2026-07-02T02:03:58.373333+00:00,91.1,50,bid,FlawlessFlatbreads,DiligentDonuts,3337696
2026-07-02T02:04:00.217742,2026-07-02T02:04:00.229335+00:00,90.7,5,ask,Kelvin Chan,CostlyCorianders,3337728
2026-07-02T02:04:00.217742,2026-07-02T02:04:00.229335+00:00,90.6,42,ask,DiligentDonuts,CostlyCorianders,3337729
2026-07-02T02:04:00.469626,2026-07-02T02:04:00.480977+00:00,91.1,50,bid,FlawlessFlatbreads,EarnestEspressos,3337737
2026-07-02T02:04:01.249898,2026-07-02T02:04:01.258570+00:00,91.1,48,bid,CostlyCorianders,EarnestEspressos,3337750
2026-07-02T02:04:02.260117,2026-07-02T02:04:02.269010+00:00,91.3,100,bid,EarnestEspressos,DiligentDonuts,3337785
2026-07-02T02:04:02.326746,2026-07-02T02:04:02.336523+00:00,91.3,1,ask,EarnestEspressos,Xuanyu Liu,3337789
2026-07-02T02:04:02.330264,2026-07-02T02:04:02.336523+00:00,91.3,40,ask,EarnestEspressos,CostlyCorianders,3337790
2026-07-02T02:04:02.337724,2026-07-02T02:04:02.345830+00:00,91.3,9,ask,EarnestEspressos,Xuanyu Liu,3337792
2026-07-02T02:04:04.682050,2026-07-02T02:04:04.693832+00:00,91.7,50,bid,FlawlessFlatbreads,DiligentDonuts,3337836
2026-07-02T02:04:05.544554,2026-07-02T02:04:05.558596+00:00,91.2,42,ask,DiligentDonuts,CostlyCorianders,3337847
2026-07-02T02:04:06.790020,2026-07-02T02:04:06.801357+00:00,91.3,50,bid,FlawlessFlatbreads,EarnestEspressos,3337867
2026-07-02T02:04:06.831742,2026-07-02T02:04:06.843304+00:00,91.3,100,bid,DiligentDonuts,EarnestEspressos,3337868
2026-07-02T02:04:07.730789,2026-07-02T02:04:07.737213+00:00,91.8,40,bid,CostlyCorianders,DiligentDonuts,3337887
2026-07-02T02:04:08.587488,2026-07-02T02:04:08.595033+00:00,91.5,4,ask,EarnestEspressos,Xuanyu Liu,3337907
2026-07-02T02:04:08.897292,2026-07-02T02:04:08.907273+00:00,91.8,50,bid,FlawlessFlatbreads,DiligentDonuts,3337915
2026-07-02T02:04:10.935910,2026-07-02T02:04:10.947243+00:00,91.5,49,ask,EarnestEspressos,CostlyCorianders,3337945
2026-07-02T02:04:11.004990,2026-07-02T02:04:11.014987+00:00,91.6,50,bid,FlawlessFlatbreads,DiligentDonuts,3337946
2026-07-02T02:04:11.958657,2026-07-02T02:04:11.970015+00:00,91.6,40,bid,CostlyCorianders,DiligentDonuts,3337973
2026-07-02T02:04:13.160814,2026-07-02T02:04:13.168716+00:00,91.2,50,ask,EarnestEspressos,FlawlessFlatbreads,3337999
2026-07-02T02:04:14.930718,2026-07-02T02:04:14.939779+00:00,91.4,44,ask,DiligentDonuts,CostlyCorianders,3338024
2026-07-02T02:04:15.266953,2026-07-02T02:04:15.278615+00:00,91.4,50,ask,DiligentDonuts,FlawlessFlatbreads,3338031
2026-07-02T02:04:17.394742,2026-07-02T02:04:17.406457+00:00,91.2,50,ask,DiligentDonuts,FlawlessFlatbreads,3338073
2026-07-02T02:04:21.556188,2026-07-02T02:04:21.568669+00:00,91.5,3,bid,FlawlessFlatbreads,Kelvin Chan,3338137
2026-07-02T02:04:21.556188,2026-07-02T02:04:21.568669+00:00,91.5,47,bid,FlawlessFlatbreads,EarnestEspressos,3338138
2026-07-02T02:04:21.577221,2026-07-02T02:04:21.584429+00:00,91.5,45,bid,CostlyCorianders,EarnestEspressos,3338139
2026-07-02T02:04:22.167029,2026-07-02T02:04:22.174573+00:00,91.1,1,ask,Kelvin Chan,CostlyCorianders,3338148
2026-07-02T02:04:22.167029,2026-07-02T02:04:22.179877+00:00,91.1,41,ask,DiligentDonuts,CostlyCorianders,3338149
2026-07-02T02:04:23.715626,2026-07-02T02:04:23.722575+00:00,91.2,2,ask,Kelvin Chan,FlawlessFlatbreads,3338180
2026-07-02T02:04:23.715626,2026-07-02T02:04:23.722575+00:00,91.1,48,ask,DiligentDonuts,FlawlessFlatbreads,3338181
2026-07-02T02:04:24.391281,2026-07-02T02:04:24.399724+00:00,91.5,3,bid,EarnestEspressos,Kelvin Chan,3338190
2026-07-02T02:04:24.490037,2026-07-02T02:04:24.497308+00:00,91.5,3,ask,EarnestEspressos,Kelvin Chan,3338197
2026-07-02T02:04:24.601306,2026-07-02T02:04:24.610707+00:00,91.5,3,ask,EarnestEspressos,Kelvin Chan,3338199
2026-07-02T02:04:25.773507,2026-07-02T02:04:25.785172+00:00,92.0,50,bid,FlawlessFlatbreads,EarnestEspressos,3338229
2026-07-02T02:04:25.870394,2026-07-02T02:04:25.881479+00:00,91.5,100,ask,EarnestEspressos,DiligentDonuts,3338236
2026-07-02T02:04:26.414819,2026-07-02T02:04:26.418287+00:00,91.5,2,ask,EarnestEspressos,Kelvin Chan,3338239
2026-07-02T02:04:27.940142,2026-07-02T02:04:27.946380+00:00,91.2,2,ask,Kelvin Chan,FlawlessFlatbreads,3338263
2026-07-02T02:04:27.940142,2026-07-02T02:04:27.946380+00:00,91.1,48,ask,EarnestEspressos,FlawlessFlatbreads,3338264
2026-07-02T02:04:28.319393,2026-07-02T02:04:28.328628+00:00,91.6,1,bid,CostlyCorianders,Kelvin Chan,3338273
2026-07-02T02:04:28.319393,2026-07-02T02:04:28.328628+00:00,91.6,46,bid,CostlyCorianders,EarnestEspressos,3338274
2026-07-02T02:04:30.051134,2026-07-02T02:04:30.051898+00:00,91.3,4,ask,Kelvin Chan,FlawlessFlatbreads,3338307
2026-07-02T02:04:30.051134,2026-07-02T02:04:30.051898+00:00,91.1,46,ask,EarnestEspressos,FlawlessFlatbreads,3338308
2026-07-02T02:04:32.159278,2026-07-02T02:04:32.165812+00:00,91.2,4,ask,Kelvin Chan,FlawlessFlatbreads,3338352
2026-07-02T02:04:32.159278,2026-07-02T02:04:32.176453+00:00,91.2,46,ask,DiligentDonuts,FlawlessFlatbreads,3338353
2026-07-02T02:04:32.167262,2026-07-02T02:04:32.176453+00:00,91.4,3,bid,Xuanyu Liu,EarnestEspressos,3338354
2026-07-02T02:04:34.159069,2026-07-02T02:04:34.165439+00:00,91.7,49,bid,CostlyCorianders,DiligentDonuts,3338405
2026-07-02T02:04:34.270914,2026-07-02T02:04:34.284521+00:00,91.2,50,ask,DiligentDonuts,FlawlessFlatbreads,3338407
2026-07-02T02:04:34.754476,2026-07-02T02:04:34.765954+00:00,91.2,4,ask,DiligentDonuts,CostlyCorianders,3338423
2026-07-02T02:04:34.754476,2026-07-02T02:04:34.765954+00:00,91.2,5,ask,Kelvin Chan,CostlyCorianders,3338424
2026-07-02T02:04:34.754476,2026-07-02T02:04:34.765954+00:00,91.2,40,ask,EarnestEspressos,CostlyCorianders,3338425
2026-07-02T02:04:36.377687,2026-07-02T02:04:36.388872+00:00,91.2,50,ask,EarnestEspressos,FlawlessFlatbreads,3338454
2026-07-02T02:04:37.098094,2026-07-02T02:04:37.117271+00:00,91.2,100,ask,DiligentDonuts,EarnestEspressos,3338462
2026-07-02T02:04:37.098094,2026-07-02T02:04:37.117271+00:00,91.2,5,ask,Kelvin Chan,EarnestEspressos,3338463
2026-07-02T02:04:37.103156,2026-07-02T02:04:37.117271+00:00,91.2,45,bid,CostlyCorianders,EarnestEspressos,3338464
2026-07-02T02:04:38.093504,2026-07-02T02:04:38.105190+00:00,91.2,5,ask,Kelvin Chan,CostlyCorianders,3338474
2026-07-02T02:04:38.093504,2026-07-02T02:04:38.105190+00:00,90.7,35,ask,EarnestEspressos,CostlyCorianders,3338475
2026-07-02T02:04:38.533137,2026-07-02T02:04:38.536903+00:00,91.3,11,bid,Xuanyu Liu,DiligentDonuts,3338481
2026-07-02T02:04:39.155998,2026-07-02T02:04:39.158599+00:00,91.3,44,bid,CostlyCorianders,DiligentDonuts,3338493
2026-07-02T02:04:40.208551,2026-07-02T02:04:40.216589+00:00,91.3,45,bid,EarnestEspressos,DiligentDonuts,3338514
2026-07-02T02:04:40.589709,2026-07-02T02:04:40.601611+00:00,91.3,50,ask,EarnestEspressos,FlawlessFlatbreads,3338523
2026-07-02T02:04:42.647398,2026-07-02T02:04:42.658550+00:00,91.6,50,bid,FlawlessFlatbreads,DiligentDonuts,3338562
2026-07-02T02:04:46.853014,2026-07-02T02:04:46.856204+00:00,91.4,45,ask,DiligentDonuts,CostlyCorianders,3338644
2026-07-02T02:04:46.911459,2026-07-02T02:04:46.923536+00:00,91.4,50,ask,DiligentDonuts,FlawlessFlatbreads,3338646
2026-07-02T02:04:48.967300,2026-07-02T02:04:48.979088+00:00,91.5,50,bid,FlawlessFlatbreads,EarnestEspressos,3338687
2026-07-02T02:04:49.553819,2026-07-02T02:04:49.565204+00:00,91.2,42,ask,DiligentDonuts,CostlyCorianders,3338698
2026-07-02T02:04:50.093092,2026-07-02T02:04:50.101193+00:00,91.7,49,bid,CostlyCorianders,DiligentDonuts,3338703
2026-07-02T02:04:51.074399,2026-07-02T02:04:51.086056+00:00,91.7,50,bid,FlawlessFlatbreads,EarnestEspressos,3338725
2026-07-02T02:04:53.109415,2026-07-02T02:04:53.117213+00:00,91.5,11,ask,EarnestEspressos,Xuanyu Liu,3338772
2026-07-02T02:04:53.145479,2026-07-02T02:04:53.154382+00:00,91.5,48,ask,EarnestEspressos,CostlyCorianders,3338775
2026-07-02T02:04:53.179970,2026-07-02T02:04:53.191652+00:00,91.7,50,bid,FlawlessFlatbreads,DiligentDonuts,3338777
2026-07-02T02:04:54.577666,2026-07-02T02:04:54.589128+00:00,91.7,45,bid,CostlyCorianders,DiligentDonuts,3338801
2026-07-02T02:04:55.335938,2026-07-02T02:04:55.343702+00:00,91.5,50,ask,EarnestEspressos,FlawlessFlatbreads,3338823
2026-07-02T02:04:55.692268,2026-07-02T02:04:55.703600+00:00,91.7,42,bid,CostlyCorianders,DiligentDonuts,3338825
2026-07-02T02:04:57.276773,2026-07-02T02:04:57.288938+00:00,91.4,11,bid,Xuanyu Liu,EarnestEspressos,3338848
2026-07-02T02:04:57.442276,2026-07-02T02:04:57.449644+00:00,91.4,100,bid,DiligentDonuts,EarnestEspressos,3338863
2026-07-02T02:04:57.445473,2026-07-02T02:04:57.454813+00:00,91.3,6,ask,Kelvin Chan,FlawlessFlatbreads,3338864
2026-07-02T02:04:57.445473,2026-07-02T02:04:57.454813+00:00,90.9,44,ask,EarnestEspressos,FlawlessFlatbreads,3338865
2026-07-02T02:04:59.555389,2026-07-02T02:04:59.566910+00:00,91.3,5,ask,Kelvin Chan,FlawlessFlatbreads,3338903
2026-07-02T02:04:59.555389,2026-07-02T02:04:59.566910+00:00,91.1,45,ask,EarnestEspressos,FlawlessFlatbreads,3338904
2026-07-02T02:05:00.121209,2026-07-02T02:05:00.133034+00:00,91.2,5,ask,Kelvin Chan,CostlyCorianders,3338928
2026-07-02T02:05:00.121209,2026-07-02T02:05:00.133034+00:00,91.1,38,ask,EarnestEspressos,CostlyCorianders,3338929
2026-07-02T02:05:01.613011,2026-07-02T02:05:01.624705+00:00,91.6,44,bid,CostlyCorianders,EarnestEspressos,3338969
2026-07-02T02:05:01.663663,2026-07-02T02:05:01.675223+00:00,91.2,50,ask,DiligentDonuts,FlawlessFlatbreads,3338973
2026-07-02T02:05:03.719512,2026-07-02T02:05:03.727021+00:00,91.6,50,bid,FlawlessFlatbreads,EarnestEspressos,3339007
2026-07-02T02:05:03.773036,2026-07-02T02:05:03.780073+00:00,91.2,5,ask,Kelvin Chan,CostlyCorianders,3339008
2026-07-02T02:05:03.773036,2026-07-02T02:05:03.785341+00:00,91.1,44,ask,EarnestEspressos,CostlyCorianders,3339009
2026-07-02T02:05:05.625035,2026-07-02T02:05:05.636530+00:00,91.5,49,bid,CostlyCorianders,EarnestEspressos,3339045
2026-07-02T02:05:05.829334,2026-07-02T02:05:05.840719+00:00,91.5,50,bid,FlawlessFlatbreads,EarnestEspressos,3339049
2026-07-02T02:05:07.075253,2026-07-02T02:05:07.082614+00:00,91.2,40,ask,DiligentDonuts,CostlyCorianders,3339074
2026-07-02T02:05:07.937699,2026-07-02T02:05:07.948527+00:00,91.5,50,bid,FlawlessFlatbreads,EarnestEspressos,3339096
2026-07-02T02:05:08.695373,2026-07-02T02:05:08.703891+00:00,91.6,11,ask,EarnestEspressos,Xuanyu Liu,3339108
2026-07-02T02:05:08.857196,2026-07-02T02:05:08.865511+00:00,91.7,11,bid,Xuanyu Liu,DiligentDonuts,3339116
2026-07-02T02:05:09.524542,2026-07-02T02:05:09.536060+00:00,91.6,45,ask,EarnestEspressos,CostlyCorianders,3339139
2026-07-02T02:05:10.042505,2026-07-02T02:05:10.053816+00:00,92.1,50,bid,FlawlessFlatbreads,EarnestEspressos,3339148
2026-07-02T02:05:10.156337,2026-07-02T02:05:10.164712+00:00,91.9,43,bid,CostlyCorianders,DiligentDonuts,3339152
2026-07-02T02:05:10.929586,2026-07-02T02:05:10.940639+00:00,91.6,2,ask,EarnestEspressos,Kelvin Chan,3339173
2026-07-02T02:05:11.867747,2026-07-02T02:05:11.877122+00:00,91.9,57,bid,EarnestEspressos,DiligentDonuts,3339198
2026-07-02T02:05:11.933440,2026-07-02T02:05:11.942758+00:00,92.0,14,ask,EarnestEspressos,Xuanyu Liu,3339199
2026-07-02T02:05:12.149165,2026-07-02T02:05:12.160761+00:00,92.5,50,bid,FlawlessFlatbreads,EarnestEspressos,3339204
2026-07-02T02:05:14.256624,2026-07-02T02:05:14.268720+00:00,92.1,50,bid,FlawlessFlatbreads,DiligentDonuts,3339251
2026-07-02T02:05:16.416982,2026-07-02T02:05:16.424201+00:00,91.9,50,ask,EarnestEspressos,FlawlessFlatbreads,3339300
2026-07-02T02:05:17.982981,2026-07-02T02:05:17.992751+00:00,91.9,1,ask,EarnestEspressos,Kelvin Chan,3339329
2026-07-02T02:05:18.504834,2026-07-02T02:05:18.517638+00:00,91.7,43,ask,DiligentDonuts,CostlyCorianders,3339354
2026-07-02T02:05:18.522733,2026-07-02T02:05:18.531711+00:00,91.7,50,ask,DiligentDonuts,FlawlessFlatbreads,3339355
2026-07-02T02:05:20.629586,2026-07-02T02:05:20.636837+00:00,91.6,4,ask,Kelvin Chan,FlawlessFlatbreads,3339396
2026-07-02T02:05:20.629586,2026-07-02T02:05:20.638496+00:00,91.5,46,ask,EarnestEspressos,FlawlessFlatbreads,3339397
2026-07-02T02:05:21.752911,2026-07-02T02:05:21.753645+00:00,91.6,4,ask,Kelvin Chan,CostlyCorianders,3339422
2026-07-02T02:05:21.960896,2026-07-02T02:05:21.968826+00:00,91.8,3,bid,Xuanyu Liu,DiligentDonuts,3339426
2026-07-02T02:05:22.754297,2026-07-02T02:05:22.765865+00:00,91.5,5,ask,Kelvin Chan,FlawlessFlatbreads,3339444
2026-07-02T02:05:22.754297,2026-07-02T02:05:22.765865+00:00,91.5,45,ask,DiligentDonuts,FlawlessFlatbreads,3339445
2026-07-02T02:05:23.275699,2026-07-02T02:05:23.283787+00:00,91.9,11,bid,Xuanyu Liu,EarnestEspressos,3339458
2026-07-02T02:05:23.877884,2026-07-02T02:05:23.887763+00:00,91.8,2,bid,Xuanyu Liu,Kelvin Chan,3339464
2026-07-02T02:05:24.244858,2026-07-02T02:05:24.254008+00:00,91.8,1,bid,Xuanyu Liu,Kelvin Chan,3339473
2026-07-02T02:05:24.319938,2026-07-02T02:05:24.338412+00:00,91.8,1,bid,Xuanyu Liu,Kelvin Chan,3339479
2026-07-02T02:05:24.860825,2026-07-02T02:05:24.869470+00:00,91.7,50,ask,EarnestEspressos,FlawlessFlatbreads,3339501
2026-07-02T02:05:26.141125,2026-07-02T02:05:26.152698+00:00,92.1,40,bid,CostlyCorianders,DiligentDonuts,3339522
2026-07-02T02:05:27.686504,2026-07-02T02:05:27.697884+00:00,91.9,2,bid,CostlyCorianders,Kelvin Chan,3339567
2026-07-02T02:05:27.686504,2026-07-02T02:05:27.697884+00:00,92.1,46,bid,CostlyCorianders,DiligentDonuts,3339568
2026-07-02T02:05:29.042585,2026-07-02T02:05:29.058605+00:00,92.0,50,bid,FlawlessFlatbreads,EarnestEspressos,3339595
2026-07-02T02:05:29.261751,2026-07-02T02:05:29.269414+00:00,91.9,45,ask,DiligentDonuts,CostlyCorianders,3339598
2026-07-02T02:05:32.015848,2026-07-02T02:05:32.024592+00:00,92.3,42,bid,CostlyCorianders,EarnestEspressos,3339636
2026-07-02T02:05:33.263149,2026-07-02T02:05:33.271237+00:00,92.3,50,bid,FlawlessFlatbreads,EarnestEspressos,3339665
2026-07-02T02:05:34.012354,2026-07-02T02:05:34.019750+00:00,92.3,100,bid,EarnestEspressos,DiligentDonuts,3339678
2026-07-02T02:05:34.078784,2026-07-02T02:05:34.086794+00:00,92.5,18,ask,EarnestEspressos,Xuanyu Liu,3339683
2026-07-02T02:05:35.133241,2026-07-02T02:05:35.141738+00:00,92.5,3,ask,EarnestEspressos,Xuanyu Liu,3339709
2026-07-02T02:05:35.368493,2026-07-02T02:05:35.379801+00:00,93.0,50,bid,FlawlessFlatbreads,EarnestEspressos,3339712
2026-07-02T02:05:35.475236,2026-07-02T02:05:35.482667+00:00,92.5,29,ask,EarnestEspressos,DiligentDonuts,3339715
2026-07-02T02:05:36.762717,2026-07-02T02:05:36.774069+00:00,92.0,49,ask,DiligentDonuts,CostlyCorianders,3339732
2026-07-02T02:05:37.477278,2026-07-02T02:05:37.488672+00:00,92.4,50,bid,FlawlessFlatbreads,EarnestEspressos,3339747
2026-07-02T02:05:37.564856,2026-07-02T02:05:37.573646+00:00,92.1,1,bid,Xuanyu Liu,Kelvin Chan,3339748
2026-07-02T02:05:37.842689,2026-07-02T02:05:37.851680+00:00,92.4,44,bid,CostlyCorianders,EarnestEspressos,3339753
2026-07-02T02:05:37.978749,2026-07-02T02:05:37.986913+00:00,92.1,1,bid,Xuanyu Liu,Kelvin Chan,3339754
2026-07-02T02:05:38.015128,2026-07-02T02:05:38.023703+00:00,92.1,1,bid,Xuanyu Liu,Kelvin Chan,3339756
2026-07-02T02:05:38.848840,2026-07-02T02:05:38.860260+00:00,92.0,42,ask,DiligentDonuts,CostlyCorianders,3339763
2026-07-02T02:05:39.586250,2026-07-02T02:05:39.597710+00:00,92.2,1,bid,FlawlessFlatbreads,Kelvin Chan,3339777
2026-07-02T02:05:39.586250,2026-07-02T02:05:39.597710+00:00,92.4,49,bid,FlawlessFlatbreads,EarnestEspressos,3339778
2026-07-02T02:05:40.339620,2026-07-02T02:05:40.351431+00:00,92.2,1,bid,EarnestEspressos,Kelvin Chan,3339798
2026-07-02T02:05:40.339620,2026-07-02T02:05:40.351431+00:00,92.5,100,bid,EarnestEspressos,DiligentDonuts,3339799
2026-07-02T02:05:40.752607,2026-07-02T02:05:40.751703+00:00,92.5,1,ask,EarnestEspressos,Kelvin Chan,3339809
2026-07-02T02:05:40.862390,2026-07-02T02:05:40.882183+00:00,92.5,3,ask,EarnestEspressos,Xuanyu Liu,3339812
2026-07-02T02:05:41.676638,2026-07-02T02:05:41.685816+00:00,92.5,45,ask,EarnestEspressos,Chester Au,3339830
2026-07-02T02:05:42.759663,2026-07-02T02:05:42.767483+00:00,92.2,1,bid,Xuanyu Liu,Kelvin Chan,3339851
2026-07-02T02:05:43.298943,2026-07-02T02:05:43.306988+00:00,92.2,1,bid,Xuanyu Liu,Kelvin Chan,3339873
2026-07-02T02:05:43.408506,2026-07-02T02:05:43.416502+00:00,92.0,41,ask,DiligentDonuts,CostlyCorianders,3339876
2026-07-02T02:05:43.564939,2026-07-02T02:05:43.572606+00:00,92.2,1,bid,Xuanyu Liu,EarnestEspressos,3339878
2026-07-02T02:05:43.851652,2026-07-02T02:05:43.858025+00:00,92.0,50,ask,DiligentDonuts,FlawlessFlatbreads,3339885
2026-07-02T02:05:46.917382,2026-07-02T02:05:46.945301+00:00,92.1,45,bid,Chester Au,DiligentDonuts,3339957
2026-07-02T02:05:46.922324,2026-07-02T02:05:46.945301+00:00,92.1,3,bid,Xuanyu Liu,DiligentDonuts,3339958
2026-07-02T02:05:48.219260,2026-07-02T02:05:48.226436+00:00,92.1,46,ask,DiligentDonuts,CostlyCorianders,3339990
2026-07-02T02:05:49.338490,2026-07-02T02:05:49.348389+00:00,92.2,1,bid,CostlyCorianders,Kelvin Chan,3340014
2026-07-02T02:05:49.338490,2026-07-02T02:05:49.353631+00:00,92.2,48,bid,CostlyCorianders,EarnestEspressos,3340015
2026-07-02T02:05:50.163642,2026-07-02T02:05:50.172153+00:00,92.1,50,ask,DiligentDonuts,FlawlessFlatbreads,3340030
2026-07-02T02:05:50.465816,2026-07-02T02:05:50.477258+00:00,92.5,45,bid,CostlyCorianders,EarnestEspressos,3340034
2026-07-02T02:05:50.843376,2026-07-02T02:05:50.852098+00:00,92.1,3,ask,DiligentDonuts,Xuanyu Liu,3340051
2026-07-02T02:05:50.929474,2026-07-02T02:05:50.940168+00:00,92.1,1,ask,DiligentDonuts,CostlyCorianders,3340055
2026-07-02T02:05:50.929474,2026-07-02T02:05:50.940168+00:00,92.0,45,ask,EarnestEspressos,CostlyCorianders,3340056
2026-07-02T02:05:52.270206,2026-07-02T02:05:52.277707+00:00,92.0,50,ask,EarnestEspressos,FlawlessFlatbreads,3340081
2026-07-02T02:05:53.394750,2026-07-02T02:05:53.405803+00:00,91.9,2,ask,Kelvin Chan,CostlyCorianders,3340110
2026-07-02T02:05:55.585253,2026-07-02T02:05:55.596629+00:00,92.1,44,bid,CostlyCorianders,EarnestEspressos,3340154
2026-07-02T02:05:56.428735,2026-07-02T02:05:56.435691+00:00,92.2,50,bid,FlawlessFlatbreads,DiligentDonuts,3340171
2026-07-02T02:05:58.534337,2026-07-02T02:05:58.545970+00:00,92.3,50,bid,FlawlessFlatbreads,DiligentDonuts,3340224
2026-07-02T02:06:00.696253,2026-07-02T02:06:00.708128+00:00,92.0,50,ask,EarnestEspressos,FlawlessFlatbreads,3340274
2026-07-02T02:06:02.753045,2026-07-02T02:06:02.764795+00:00,92.2,1,bid,FlawlessFlatbreads,Kelvin Chan,3340314
2026-07-02T02:06:02.753045,2026-07-02T02:06:02.764795+00:00,92.4,49,bid,FlawlessFlatbreads,EarnestEspressos,3340315
2026-07-02T02:06:04.861313,2026-07-02T02:06:04.872863+00:00,92.4,50,bid,FlawlessFlatbreads,EarnestEspressos,3340368
2026-07-02T02:06:11.189337,2026-07-02T02:06:11.197036+00:00,92.3,2,bid,FlawlessFlatbreads,Kelvin Chan,3340512
2026-07-02T02:06:11.189337,2026-07-02T02:06:11.202309+00:00,92.5,48,bid,FlawlessFlatbreads,EarnestEspressos,3340513
2026-07-02T02:06:11.964806,2026-07-02T02:06:11.974608+00:00,92.5,100,bid,EarnestEspressos,DiligentDonuts,3340525
2026-07-02T02:06:12.023696,2026-07-02T02:06:12.031170+00:00,92.5,4,ask,EarnestEspressos,Kelvin Chan,3340526
2026-07-02T02:06:12.475531,2026-07-02T02:06:12.487030+00:00,92.5,43,ask,EarnestEspressos,CostlyCorianders,3340532
2026-07-02T02:06:12.481743,2026-07-02T02:06:12.492330+00:00,92.5,3,ask,EarnestEspressos,Kelvin Chan,3340533
2026-07-02T02:06:13.101260,2026-07-02T02:06:13.112291+00:00,92.3,1,bid,CostlyCorianders,Kelvin Chan,3340547
2026-07-02T02:06:13.347903,2026-07-02T02:06:13.359269+00:00,92.0,50,ask,DiligentDonuts,FlawlessFlatbreads,3340555
2026-07-02T02:06:13.712337,2026-07-02T02:06:13.734134+00:00,92.4,4,bid,CostlyCorianders,Kelvin Chan,3340560
2026-07-02T02:06:13.712337,2026-07-02T02:06:13.734134+00:00,92.7,44,bid,CostlyCorianders,DiligentDonuts,3340561
2026-07-02T02:06:14.347636,2026-07-02T02:06:14.357297+00:00,92.2,44,ask,DiligentDonuts,CostlyCorianders,3340587
2026-07-02T02:06:15.754849,2026-07-02T02:06:15.763893+00:00,92.4,46,bid,CostlyCorianders,EarnestEspressos,3340627
2026-07-02T02:06:17.559650,2026-07-02T02:06:17.570985+00:00,92.2,50,ask,DiligentDonuts,FlawlessFlatbreads,3340664
2026-07-02T02:06:19.663971,2026-07-02T02:06:19.675537+00:00,92.2,50,ask,DiligentDonuts,FlawlessFlatbreads,3340697
2026-07-02T02:06:20.249299,2026-07-02T02:06:20.255529+00:00,92.1,1,ask,Kelvin Chan,CostlyCorianders,3340707
2026-07-02T02:06:20.249299,2026-07-02T02:06:20.255529+00:00,92.0,42,ask,EarnestEspressos,CostlyCorianders,3340708
2026-07-02T02:06:21.773082,2026-07-02T02:06:21.783523+00:00,91.8,50,ask,DiligentDonuts,FlawlessFlatbreads,3340748
2026-07-02T02:06:24.022758,2026-07-02T02:06:24.034382+00:00,92.2,49,bid,CostlyCorianders,DiligentDonuts,3340794
2026-07-02T02:06:24.931175,2026-07-02T02:06:24.941236+00:00,91.8,47,ask,EarnestEspressos,CostlyCorianders,3340809
2026-07-02T02:06:25.876420,2026-07-02T02:06:25.884115+00:00,92.2,43,bid,CostlyCorianders,DiligentDonuts,3340838
2026-07-02T02:06:26.011989,2026-07-02T02:06:26.023477+00:00,91.8,50,ask,EarnestEspressos,FlawlessFlatbreads,3340841
2026-07-02T02:06:27.844134,2026-07-02T02:06:27.863623+00:00,92.0,100,ask,DiligentDonuts,EarnestEspressos,3340865
2026-07-02T02:06:27.865079,2026-07-02T02:06:27.873720+00:00,91.9,14,bid,Xuanyu Liu,EarnestEspressos,3340866
2026-07-02T02:06:28.070622,2026-07-02T02:06:28.084996+00:00,91.9,36,bid,FlawlessFlatbreads,EarnestEspressos,3340874
2026-07-02T02:06:28.070622,2026-07-02T02:06:28.084996+00:00,92.4,4,bid,FlawlessFlatbreads,Kelvin Chan,3340875
2026-07-02T02:06:28.070622,2026-07-02T02:06:28.084996+00:00,92.5,10,bid,FlawlessFlatbreads,DiligentDonuts,3340876
2026-07-02T02:06:30.180262,2026-07-02T02:06:30.191734+00:00,92.1,50,bid,FlawlessFlatbreads,DiligentDonuts,3340912
2026-07-02T02:06:31.510121,2026-07-02T02:06:31.518467+00:00,91.9,11,ask,EarnestEspressos,Xuanyu Liu,3340953
2026-07-02T02:06:32.313582,2026-07-02T02:06:32.322469+00:00,92.1,50,bid,FlawlessFlatbreads,DiligentDonuts,3340971
2026-07-02T02:06:32.548605,2026-07-02T02:06:32.553361+00:00,91.9,45,ask,EarnestEspressos,CostlyCorianders,3340978
2026-07-02T02:06:33.053288,2026-07-02T02:06:33.064799+00:00,92.3,7,bid,CostlyCorianders,Kelvin Chan,3340991
2026-07-02T02:06:33.053288,2026-07-02T02:06:33.064799+00:00,92.3,42,bid,CostlyCorianders,DiligentDonuts,3340992
2026-07-02T02:06:33.526680,2026-07-02T02:06:33.538024+00:00,91.9,40,ask,EarnestEspressos,CostlyCorianders,3340995
2026-07-02T02:06:34.471403,2026-07-02T02:06:34.483249+00:00,91.8,50,ask,DiligentDonuts,FlawlessFlatbreads,3341023
2026-07-02T02:06:36.019293,2026-07-02T02:06:36.030713+00:00,92.1,45,bid,CostlyCorianders,EarnestEspressos,3341065
2026-07-02T02:06:36.073848,2026-07-02T02:06:36.085079+00:00,91.8,40,ask,DiligentDonuts,CostlyCorianders,3341068
2026-07-02T02:06:36.579722,2026-07-02T02:06:36.589837+00:00,91.8,50,ask,DiligentDonuts,FlawlessFlatbreads,3341082
2026-07-02T02:06:37.765973,2026-07-02T02:06:37.774863+00:00,91.8,10,ask,DiligentDonuts,CostlyCorianders,3341108
2026-07-02T02:06:37.765973,2026-07-02T02:06:37.774863+00:00,91.7,33,ask,EarnestEspressos,CostlyCorianders,3341109
2026-07-02T02:06:41.427824,2026-07-02T02:06:41.448651+00:00,92.2,44,bid,CostlyCorianders,DiligentDonuts,3341163
2026-07-02T02:06:41.916473,2026-07-02T02:06:41.925569+00:00,92.2,43,bid,CostlyCorianders,EarnestEspressos,3341171
2026-07-02T02:06:41.971816,2026-07-02T02:06:41.983265+00:00,91.7,48,ask,EarnestEspressos,CostlyCorianders,3341173
2026-07-02T02:06:42.894415,2026-07-02T02:06:42.906145+00:00,91.7,50,ask,EarnestEspressos,FlawlessFlatbreads,3341192
2026-07-02T02:06:45.955386,2026-07-02T02:06:45.963396+00:00,92.1,23,bid,Xuanyu Liu,EarnestEspressos,3341258
2026-07-02T02:06:50.178377,2026-07-02T02:06:50.189820+00:00,92.0,42,ask,DiligentDonuts,CostlyCorianders,3341344
2026-07-02T02:06:50.657057,2026-07-02T02:06:50.668700+00:00,92.1,7,bid,CostlyCorianders,Kelvin Chan,3341349
2026-07-02T02:06:50.657057,2026-07-02T02:06:50.668700+00:00,92.3,38,bid,CostlyCorianders,EarnestEspressos,3341350
2026-07-02T02:06:51.280752,2026-07-02T02:06:51.292124+00:00,92.3,50,bid,FlawlessFlatbreads,EarnestEspressos,3341365
2026-07-02T02:06:53.438766,2026-07-02T02:06:53.445260+00:00,92.2,50,ask,EarnestEspressos,FlawlessFlatbreads,3341408
2026-07-02T02:06:53.526355,2026-07-02T02:06:53.537726+00:00,92.4,43,bid,CostlyCorianders,DiligentDonuts,3341412
2026-07-02T02:06:55.426246,2026-07-02T02:06:55.436712+00:00,92.2,2,ask,EarnestEspressos,Kelvin Chan,3341445
2026-07-02T02:06:56.153746,2026-07-02T02:06:56.158611+00:00,92.2,49,ask,EarnestEspressos,CostlyCorianders,3341465
2026-07-02T02:06:56.647820,2026-07-02T02:06:56.656231+00:00,92.3,48,bid,CostlyCorianders,EarnestEspressos,3341476
2026-07-02T02:06:57.653120,2026-07-02T02:06:57.658003+00:00,91.9,2,ask,Kelvin Chan,FlawlessFlatbreads,3341495
2026-07-02T02:06:57.653120,2026-07-02T02:06:57.658003+00:00,91.8,48,ask,EarnestEspressos,FlawlessFlatbreads,3341496
2026-07-02T02:06:57.729494,2026-07-02T02:06:57.740238+00:00,92.3,44,bid,CostlyCorianders,EarnestEspressos,3341498
2026-07-02T02:06:57.783926,2026-07-02T02:06:57.795290+00:00,92.2,47,ask,DiligentDonuts,CostlyCorianders,3341501
2026-07-02T02:06:58.851429,2026-07-02T02:06:58.857917+00:00,92.2,41,ask,DiligentDonuts,CostlyCorianders,3341519
2026-07-02T02:06:59.760432,2026-07-02T02:06:59.767597+00:00,92.2,12,ask,DiligentDonuts,FlawlessFlatbreads,3341551
2026-07-02T02:06:59.760432,2026-07-02T02:06:59.772573+00:00,92.2,38,ask,EarnestEspressos,FlawlessFlatbreads,3341552
2026-07-02T02:07:00.765789,2026-07-02T02:07:00.774135+00:00,92.7,41,bid,CostlyCorianders,DiligentDonuts,3341573
2026-07-02T02:07:01.817441,2026-07-02T02:07:01.827128+00:00,92.5,50,bid,FlawlessFlatbreads,DiligentDonuts,3341590
2026-07-02T02:07:02.393863,2026-07-02T02:07:02.400798+00:00,92.2,49,ask,EarnestEspressos,CostlyCorianders,3341598
2026-07-02T02:07:03.923244,2026-07-02T02:07:03.934786+00:00,92.5,50,bid,FlawlessFlatbreads,DiligentDonuts,3341628
2026-07-02T02:07:04.385811,2026-07-02T02:07:04.398776+00:00,92.4,48,ask,DiligentDonuts,CostlyCorianders,3341639
2026-07-02T02:07:05.790810,2026-07-02T02:07:05.802307+00:00,92.4,52,ask,DiligentDonuts,EarnestEspressos,3341682
2026-07-02T02:07:06.030860,2026-07-02T02:07:06.039389+00:00,92.3,50,bid,FlawlessFlatbreads,EarnestEspressos,3341684
2026-07-02T02:07:08.137120,2026-07-02T02:07:08.144660+00:00,92.3,48,bid,FlawlessFlatbreads,EarnestEspressos,3341723
2026-07-02T02:07:08.137120,2026-07-02T02:07:08.149888+00:00,92.5,2,bid,FlawlessFlatbreads,DiligentDonuts,3341724
2026-07-02T02:07:09.570220,2026-07-02T02:07:09.578972+00:00,92.4,23,ask,EarnestEspressos,Xuanyu Liu,3341746
2026-07-02T02:07:10.296725,2026-07-02T02:07:10.303430+00:00,92.4,50,ask,EarnestEspressos,FlawlessFlatbreads,3341767
2026-07-02T02:07:10.372362,2026-07-02T02:07:10.382173+00:00,92.4,77,ask,EarnestEspressos,DiligentDonuts,3341769
2026-07-02T02:07:12.130618,2026-07-02T02:07:12.139789+00:00,92.2,23,bid,Xuanyu Liu,EarnestEspressos,3341808
2026-07-02T02:07:12.404164,2026-07-02T02:07:12.413700+00:00,92.1,5,ask,Kelvin Chan,FlawlessFlatbreads,3341818
2026-07-02T02:07:12.404164,2026-07-02T02:07:12.413700+00:00,91.9,45,ask,DiligentDonuts,FlawlessFlatbreads,3341819
2026-07-02T02:07:12.549640,2026-07-02T02:07:12.558581+00:00,92.2,43,bid,CostlyCorianders,EarnestEspressos,3341820
2026-07-02T02:07:13.514028,2026-07-02T02:07:13.527925+00:00,92.2,11,bid,Xuanyu Liu,EarnestEspressos,3341838
2026-07-02T02:07:14.512786,2026-07-02T02:07:14.520227+00:00,92.1,50,ask,DiligentDonuts,FlawlessFlatbreads,3341863
2026-07-02T02:07:14.738609,2026-07-02T02:07:14.746109+00:00,92.2,12,bid,Xuanyu Liu,EarnestEspressos,3341872
2026-07-02T02:07:16.619036,2026-07-02T02:07:16.630436+00:00,92.1,5,ask,Kelvin Chan,FlawlessFlatbreads,3341911
2026-07-02T02:07:16.619036,2026-07-02T02:07:16.630436+00:00,92.1,45,ask,EarnestEspressos,FlawlessFlatbreads,3341912
2026-07-02T02:07:18.719541,2026-07-02T02:07:18.727147+00:00,92.4,40,bid,CostlyCorianders,EarnestEspressos,3341953
2026-07-02T02:07:18.726552,2026-07-02T02:07:18.737870+00:00,92.1,5,ask,Kelvin Chan,FlawlessFlatbreads,3341954
2026-07-02T02:07:18.726552,2026-07-02T02:07:18.737870+00:00,92.0,45,ask,DiligentDonuts,FlawlessFlatbreads,3341955
2026-07-02T02:07:18.759755,2026-07-02T02:07:18.767970+00:00,92.0,12,ask,DiligentDonuts,Xuanyu Liu,3341958
2026-07-02T02:07:19.697004,2026-07-02T02:07:19.703645+00:00,92.4,41,bid,CostlyCorianders,EarnestEspressos,3341991
2026-07-02T02:07:20.832981,2026-07-02T02:07:20.844839+00:00,91.9,50,ask,EarnestEspressos,FlawlessFlatbreads,3342021
2026-07-02T02:07:22.940579,2026-07-02T02:07:22.936626+00:00,92.1,5,ask,Kelvin Chan,FlawlessFlatbreads,3342054
2026-07-02T02:07:22.940579,2026-07-02T02:07:22.936626+00:00,92.1,45,ask,EarnestEspressos,FlawlessFlatbreads,3342055
2026-07-02T02:07:25.049941,2026-07-02T02:07:25.058586+00:00,92.1,5,ask,Kelvin Chan,FlawlessFlatbreads,3342096
2026-07-02T02:07:25.049941,2026-07-02T02:07:25.058586+00:00,92.0,45,ask,DiligentDonuts,FlawlessFlatbreads,3342097
2026-07-02T02:07:27.006488,2026-07-02T02:07:27.015123+00:00,91.9,45,ask,EarnestEspressos,CostlyCorianders,3342129
2026-07-02T02:07:27.157697,2026-07-02T02:07:27.169312+00:00,91.9,50,ask,EarnestEspressos,FlawlessFlatbreads,3342133
2026-07-02T02:07:27.630499,2026-07-02T02:07:27.642055+00:00,92.2,44,bid,CostlyCorianders,DiligentDonuts,3342146
2026-07-02T02:07:27.927477,2026-07-02T02:07:27.936907+00:00,92.1,12,bid,Xuanyu Liu,EarnestEspressos,3342155
2026-07-02T02:07:27.938295,2026-07-02T02:07:27.947442+00:00,92.1,11,bid,Xuanyu Liu,EarnestEspressos,3342157
2026-07-02T02:07:29.303960,2026-07-02T02:07:29.322761+00:00,92.1,11,bid,Xuanyu Liu,EarnestEspressos,3342180
2026-07-02T02:07:29.309479,2026-07-02T02:07:29.322761+00:00,92.0,5,ask,Kelvin Chan,FlawlessFlatbreads,3342181
2026-07-02T02:07:29.309479,2026-07-02T02:07:29.322761+00:00,91.6,45,ask,EarnestEspressos,FlawlessFlatbreads,3342182
2026-07-02T02:07:31.424222,2026-07-02T02:07:31.432407+00:00,92.0,5,ask,Kelvin Chan,FlawlessFlatbreads,3342230
2026-07-02T02:07:31.424222,2026-07-02T02:07:31.437669+00:00,92.0,45,ask,DiligentDonuts,FlawlessFlatbreads,3342231
2026-07-02T02:07:31.821186,2026-07-02T02:07:31.828791+00:00,92.0,41,ask,DiligentDonuts,CostlyCorianders,3342242
2026-07-02T02:07:32.942852,2026-07-02T02:07:32.957553+00:00,92.3,12,bid,Xuanyu Liu,EarnestEspressos,3342260
2026-07-02T02:07:33.481492,2026-07-02T02:07:33.490302+00:00,92.3,50,bid,FlawlessFlatbreads,EarnestEspressos,3342277
2026-07-02T02:07:35.587482,2026-07-02T02:07:35.594879+00:00,92.5,50,bid,FlawlessFlatbreads,DiligentDonuts,3342321
2026-07-02T02:07:37.705810,2026-07-02T02:07:37.720169+00:00,92.7,50,bid,FlawlessFlatbreads,DiligentDonuts,3342347
2026-07-02T02:07:39.824689,2026-07-02T02:07:39.841569+00:00,92.7,50,bid,FlawlessFlatbreads,EarnestEspressos,3342381
2026-07-02T02:07:39.832560,2026-07-02T02:07:39.841569+00:00,92.4,12,ask,DiligentDonuts,Xuanyu Liu,3342383
2026-07-02T02:07:41.141937,2026-07-02T02:07:41.150075+00:00,92.4,11,ask,DiligentDonuts,Xuanyu Liu,3342415
2026-07-02T02:07:41.562134,2026-07-02T02:07:41.573741+00:00,92.4,40,ask,DiligentDonuts,CostlyCorianders,3342424
2026-07-02T02:07:41.934146,2026-07-02T02:07:41.942341+00:00,92.9,50,bid,FlawlessFlatbreads,DiligentDonuts,3342434
2026-07-02T02:07:44.050849,2026-07-02T02:07:44.058601+00:00,92.6,50,bid,FlawlessFlatbreads,DiligentDonuts,3342489
2026-07-02T02:07:45.005511,2026-07-02T02:07:45.013878+00:00,92.6,45,bid,CostlyCorianders,DiligentDonuts,3342520
2026-07-02T02:07:45.186691,2026-07-02T02:07:45.194901+00:00,92.6,1,ask,DiligentDonuts,Xuanyu Liu,3342524
2026-07-02T02:07:45.582573,2026-07-02T02:07:45.594147+00:00,92.9,44,bid,CostlyCorianders,EarnestEspressos,3342531
2026-07-02T02:07:45.636631,2026-07-02T02:07:45.648366+00:00,92.6,49,ask,DiligentDonuts,CostlyCorianders,3342534
2026-07-02T02:07:46.131302,2026-07-02T02:07:46.169873+00:00,92.6,6,ask,DiligentDonuts,Xuanyu Liu,3342549
2026-07-02T02:07:46.163101,2026-07-02T02:07:46.169873+00:00,92.9,50,bid,FlawlessFlatbreads,EarnestEspressos,3342550
2026-07-02T02:07:46.171385,2026-07-02T02:07:46.179952+00:00,92.6,4,ask,DiligentDonuts,Xuanyu Liu,3342552
2026-07-02T02:07:46.609613,2026-07-02T02:07:46.619163+00:00,92.6,4,ask,DiligentDonuts,Kelvin Chan,3342561
2026-07-02T02:07:46.892396,2026-07-02T02:07:46.903256+00:00,92.7,12,ask,EarnestEspressos,Xuanyu Liu,3342565
2026-07-02T02:07:47.336249,2026-07-02T02:07:47.347929+00:00,92.7,48,ask,EarnestEspressos,CostlyCorianders,3342576
2026-07-02T02:07:48.197395,2026-07-02T02:07:48.208169+00:00,92.7,3,ask,EarnestEspressos,Kelvin Chan,3342599
2026-07-02T02:07:48.269045,2026-07-02T02:07:48.280469+00:00,93.1,50,bid,FlawlessFlatbreads,DiligentDonuts,3342603
2026-07-02T02:07:50.375670,2026-07-02T02:07:50.387392+00:00,93.0,50,bid,FlawlessFlatbreads,DiligentDonuts,3342644
2026-07-02T02:07:51.456774,2026-07-02T02:07:51.458580+00:00,93.1,47,bid,CostlyCorianders,EarnestEspressos,3342664
2026-07-02T02:07:52.483077,2026-07-02T02:07:52.494475+00:00,93.1,50,bid,FlawlessFlatbreads,EarnestEspressos,3342690
2026-07-02T02:07:52.487306,2026-07-02T02:07:52.494475+00:00,92.7,42,ask,DiligentDonuts,CostlyCorianders,3342691
2026-07-02T02:07:52.953680,2026-07-02T02:07:52.961838+00:00,92.7,11,ask,DiligentDonuts,Xuanyu Liu,3342698
2026-07-02T02:07:53.199528,2026-07-02T02:07:53.210055+00:00,92.8,12,ask,EarnestEspressos,Xuanyu Liu,3342702
2026-07-02T02:07:53.297698,2026-07-02T02:07:53.309044+00:00,92.8,7,ask,EarnestEspressos,Kelvin Chan,3342708
2026-07-02T02:07:54.308991,2026-07-02T02:07:54.317070+00:00,92.8,7,ask,EarnestEspressos,Kelvin Chan,3342729
2026-07-02T02:07:54.586852,2026-07-02T02:07:54.598495+00:00,92.8,7,ask,EarnestEspressos,Kelvin Chan,3342730
2026-07-02T02:07:54.601055,2026-07-02T02:07:54.608954+00:00,93.2,50,bid,FlawlessFlatbreads,DiligentDonuts,3342732
2026-07-02T02:07:55.310546,2026-07-02T02:07:55.321032+00:00,92.8,6,ask,EarnestEspressos,Kelvin Chan,3342735
2026-07-02T02:07:56.709978,2026-07-02T02:07:56.719446+00:00,92.9,5,bid,FlawlessFlatbreads,Kelvin Chan,3342776
2026-07-02T02:07:56.709978,2026-07-02T02:07:56.719446+00:00,93.0,45,bid,FlawlessFlatbreads,DiligentDonuts,3342777
2026-07-02T02:07:57.185416,2026-07-02T02:07:57.191792+00:00,93.0,48,bid,CostlyCorianders,DiligentDonuts,3342789
2026-07-02T02:07:58.818019,2026-07-02T02:07:58.829486+00:00,92.9,7,bid,FlawlessFlatbreads,Kelvin Chan,3342815
2026-07-02T02:07:58.818019,2026-07-02T02:07:58.829486+00:00,93.2,43,bid,FlawlessFlatbreads,EarnestEspressos,3342816
2026-07-02T02:07:59.185815,2026-07-02T02:07:59.192875+00:00,92.7,46,ask,EarnestEspressos,CostlyCorianders,3342819
2026-07-02T02:08:00.926611,2026-07-02T02:08:00.939746+00:00,92.9,7,bid,FlawlessFlatbreads,Kelvin Chan,3342850
2026-07-02T02:08:00.926611,2026-07-02T02:08:00.939746+00:00,93.2,43,bid,FlawlessFlatbreads,EarnestEspressos,3342851
2026-07-02T02:08:02.127662,2026-07-02T02:08:02.136317+00:00,92.9,14,ask,DiligentDonuts,Xuanyu Liu,3342873
2026-07-02T02:08:02.926896,2026-07-02T02:08:02.938596+00:00,92.9,41,ask,DiligentDonuts,CostlyCorianders,3342892
2026-07-02T02:08:03.540563,2026-07-02T02:08:03.551953+00:00,93.0,7,bid,CostlyCorianders,Kelvin Chan,3342906
2026-07-02T02:08:03.540563,2026-07-02T02:08:03.551953+00:00,93.0,33,bid,CostlyCorianders,EarnestEspressos,3342907
2026-07-02T02:08:04.052369,2026-07-02T02:08:04.063969+00:00,93.0,44,bid,CostlyCorianders,EarnestEspressos,3342910
2026-07-02T02:08:05.169240,2026-07-02T02:08:05.178655+00:00,93.0,50,bid,FlawlessFlatbreads,EarnestEspressos,3342938
2026-07-02T02:08:05.868806,2026-07-02T02:08:05.877780+00:00,93.0,7,bid,EarnestEspressos,Kelvin Chan,3342970
2026-07-02T02:08:05.868806,2026-07-02T02:08:05.877780+00:00,93.0,100,bid,EarnestEspressos,DiligentDonuts,3342971
2026-07-02T02:08:05.934819,2026-07-02T02:08:05.942406+00:00,93.1,3,ask,EarnestEspressos,Xuanyu Liu,3342973
2026-07-02T02:08:06.545034,2026-07-02T02:08:06.558915+00:00,93.1,6,ask,EarnestEspressos,Kelvin Chan,3342985
2026-07-02T02:08:07.130241,2026-07-02T02:08:07.137235+00:00,93.1,5,ask,EarnestEspressos,Kelvin Chan,3343000
2026-07-02T02:08:07.275791,2026-07-02T02:08:07.287274+00:00,93.6,50,bid,FlawlessFlatbreads,EarnestEspressos,3343008
2026-07-02T02:08:08.147445,2026-07-02T02:08:08.154646+00:00,93.1,5,ask,EarnestEspressos,Kelvin Chan,3343021
2026-07-02T02:08:08.306108,2026-07-02T02:08:08.317789+00:00,93.1,24,ask,EarnestEspressos,CostlyCorianders,3343024
2026-07-02T02:08:08.306108,2026-07-02T02:08:08.317789+00:00,93.0,21,ask,DiligentDonuts,CostlyCorianders,3343025
2026-07-02T02:08:09.198561,2026-07-02T02:08:09.207454+00:00,93.2,3,bid,Xuanyu Liu,Kelvin Chan,3343042
2026-07-02T02:08:09.381438,2026-07-02T02:08:09.393100+00:00,93.2,1,bid,FlawlessFlatbreads,Kelvin Chan,3343052
2026-07-02T02:08:09.446665,2026-07-02T02:08:09.458293+00:00,93.5,49,bid,CostlyCorianders,DiligentDonuts,3343054
2026-07-02T02:08:10.531579,2026-07-02T02:08:10.540005+00:00,93.2,46,ask,DiligentDonuts,CostlyCorianders,3343067
2026-07-02T02:08:11.490885,2026-07-02T02:08:11.502418+00:00,93.5,50,bid,FlawlessFlatbreads,EarnestEspressos,3343084
2026-07-02T02:08:11.718986,2026-07-02T02:08:11.730631+00:00,93.5,45,bid,CostlyCorianders,EarnestEspressos,3343088
2026-07-02T02:08:11.773846,2026-07-02T02:08:11.785319+00:00,93.2,40,ask,DiligentDonuts,CostlyCorianders,3343089
2026-07-02T02:08:12.638411,2026-07-02T02:08:12.644239+00:00,93.5,26,ask,EarnestEspressos,Xuanyu Liu,3343111
2026-07-02T02:08:12.643199,2026-07-02T02:08:12.659725+00:00,93.5,124,ask,EarnestEspressos,Chester Au,3343112
2026-07-02T02:08:12.750452,2026-07-02T02:08:12.758588+00:00,93.2,14,ask,DiligentDonuts,CostlyCorianders,3343115
2026-07-02T02:08:13.361765,2026-07-02T02:08:13.370175+00:00,93.7,45,bid,CostlyCorianders,DiligentDonuts,3343126
2026-07-02T02:08:15.414116,2026-07-02T02:08:15.418263+00:00,93.5,23,bid,Xuanyu Liu,EarnestEspressos,3343174
2026-07-02T02:08:15.701599,2026-07-02T02:08:15.713066+00:00,93.5,50,bid,FlawlessFlatbreads,EarnestEspressos,3343177
2026-07-02T02:08:15.988249,2026-07-02T02:08:15.999760+00:00,93.2,45,ask,DiligentDonuts,CostlyCorianders,3343179
2026-07-02T02:08:17.861284,2026-07-02T02:08:17.870630+00:00,93.0,5,ask,Kelvin Chan,FlawlessFlatbreads,3343204
2026-07-02T02:08:17.861284,2026-07-02T02:08:17.870630+00:00,93.0,45,ask,EarnestEspressos,FlawlessFlatbreads,3343205
2026-07-02T02:08:17.873750,2026-07-02T02:08:17.880863+00:00,93.5,2,bid,Chester Au,EarnestEspressos,3343208
2026-07-02T02:08:17.882439,2026-07-02T02:08:17.885971+00:00,93.5,3,bid,Xuanyu Liu,EarnestEspressos,3343209
2026-07-02T02:08:17.907439,2026-07-02T02:08:17.919077+00:00,93.5,2,bid,Chester Au,EarnestEspressos,3343211
2026-07-02T02:08:17.936214,2026-07-02T02:08:17.947578+00:00,93.5,2,bid,Chester Au,EarnestEspressos,3343213
2026-07-02T02:08:17.965934,2026-07-02T02:08:17.974566+00:00,93.5,2,bid,Chester Au,EarnestEspressos,3343215
2026-07-02T02:08:17.994011,2026-07-02T02:08:18.003861+00:00,93.5,2,bid,Chester Au,EarnestEspressos,3343219
2026-07-02T02:08:18.022471,2026-07-02T02:08:18.033757+00:00,93.5,2,bid,Chester Au,EarnestEspressos,3343221
2026-07-02T02:08:18.051076,2026-07-02T02:08:18.057326+00:00,93.5,2,bid,Chester Au,EarnestEspressos,3343223
2026-07-02T02:08:18.079463,2026-07-02T02:08:18.090754+00:00,93.5,2,bid,Chester Au,EarnestEspressos,3343225
2026-07-02T02:08:18.107882,2026-07-02T02:08:18.119354+00:00,93.5,2,bid,Chester Au,EarnestEspressos,3343227
2026-07-02T02:08:18.145333,2026-07-02T02:08:18.151467+00:00,93.5,2,bid,Chester Au,EarnestEspressos,3343229
2026-07-02T02:08:18.173171,2026-07-02T02:08:18.184452+00:00,93.5,2,bid,Chester Au,EarnestEspressos,3343231
2026-07-02T02:08:18.201766,2026-07-02T02:08:18.213299+00:00,93.5,2,bid,Chester Au,EarnestEspressos,3343233
2026-07-02T02:08:18.237406,2026-07-02T02:08:18.244785+00:00,93.5,2,bid,Chester Au,EarnestEspressos,3343235
2026-07-02T02:08:20.965203,2026-07-02T02:08:20.976812+00:00,93.5,44,bid,CostlyCorianders,DiligentDonuts,3343284
2026-07-02T02:08:22.021058,2026-07-02T02:08:22.032673+00:00,93.5,50,bid,FlawlessFlatbreads,DiligentDonuts,3343320
2026-07-02T02:08:24.178629,2026-07-02T02:08:24.190130+00:00,93.4,50,ask,DiligentDonuts,FlawlessFlatbreads,3343340
2026-07-02T02:08:24.919022,2026-07-02T02:08:24.930250+00:00,93.4,43,ask,DiligentDonuts,CostlyCorianders,3343354
2026-07-02T02:08:25.376735,2026-07-02T02:08:25.384220+00:00,93.4,7,ask,DiligentDonuts,CostlyCorianders,3343359
2026-07-02T02:08:25.376735,2026-07-02T02:08:25.389601+00:00,93.4,40,ask,EarnestEspressos,CostlyCorianders,3343360
2026-07-02T02:08:25.908265,2026-07-02T02:08:25.919962+00:00,93.9,41,bid,CostlyCorianders,DiligentDonuts,3343367
2026-07-02T02:08:26.294516,2026-07-02T02:08:26.302066+00:00,93.4,50,ask,EarnestEspressos,FlawlessFlatbreads,3343374
2026-07-02T02:08:27.022521,2026-07-02T02:08:27.032144+00:00,93.8,44,bid,CostlyCorianders,DiligentDonuts,3343392
2026-07-02T02:08:28.100310,2026-07-02T02:08:28.111773+00:00,93.4,46,bid,CostlyCorianders,EarnestEspressos,3343409
2026-07-02T02:08:30.510156,2026-07-02T02:08:30.521792+00:00,93.3,5,ask,Kelvin Chan,FlawlessFlatbreads,3343453
2026-07-02T02:08:30.510156,2026-07-02T02:08:30.521792+00:00,93.3,45,ask,DiligentDonuts,FlawlessFlatbreads,3343454
2026-07-02T02:08:31.030111,2026-07-02T02:08:31.040033+00:00,93.3,3,ask,DiligentDonuts,Xuanyu Liu,3343466
2026-07-02T02:08:31.211872,2026-07-02T02:08:31.223266+00:00,93.3,52,ask,DiligentDonuts,EarnestEspressos,3343471
2026-07-02T02:08:32.326919,2026-07-02T02:08:32.335573+00:00,93.2,3,bid,Xuanyu Liu,EarnestEspressos,3343491
2026-07-02T02:08:32.384058,2026-07-02T02:08:32.395885+00:00,92.7,49,ask,EarnestEspressos,CostlyCorianders,3343493
2026-07-02T02:08:32.616837,2026-07-02T02:08:32.625073+00:00,92.7,50,ask,EarnestEspressos,FlawlessFlatbreads,3343496
2026-07-02T02:08:34.693620,2026-07-02T02:08:34.702840+00:00,93.2,41,bid,CostlyCorianders,EarnestEspressos,3343540
2026-07-02T02:08:34.722392,2026-07-02T02:08:34.733747+00:00,92.8,50,ask,DiligentDonuts,FlawlessFlatbreads,3343542
2026-07-02T02:08:34.959486,2026-07-02T02:08:34.970989+00:00,93.2,98,bid,Chester Au,EarnestEspressos,3343547
2026-07-02T02:08:36.827917,2026-07-02T02:08:36.836924+00:00,92.8,50,ask,DiligentDonuts,FlawlessFlatbreads,3343580
2026-07-02T02:08:37.331110,2026-07-02T02:08:37.343752+00:00,92.8,49,ask,DiligentDonuts,CostlyCorianders,3343585
2026-07-02T02:08:38.933679,2026-07-02T02:08:38.945345+00:00,93.2,50,ask,EarnestEspressos,FlawlessFlatbreads,3343606
2026-07-02T02:08:39.011971,2026-07-02T02:08:39.023534+00:00,93.2,100,ask,EarnestEspressos,DiligentDonuts,3343609
2026-07-02T02:08:40.698233,2026-07-02T02:08:40.711421+00:00,93.1,3,ask,Kelvin Chan,EarnestEspressos,3343637
2026-07-02T02:08:41.497531,2026-07-02T02:08:41.506853+00:00,93.1,3,bid,Xuanyu Liu,EarnestEspressos,3343651
2026-07-02T02:08:42.900432,2026-07-02T02:08:42.912076+00:00,92.9,44,ask,DiligentDonuts,CostlyCorianders,3343684
2026-07-02T02:08:43.113734,2026-07-02T02:08:43.126504+00:00,93.1,50,bid,FlawlessFlatbreads,EarnestEspressos,3343689
2026-07-02T02:08:45.221267,2026-07-02T02:08:45.232639+00:00,93.4,50,bid,FlawlessFlatbreads,DiligentDonuts,3343734
2026-07-02T02:08:50.370969,2026-07-02T02:08:50.381231+00:00,93.3,1,bid,CostlyCorianders,Kelvin Chan,3343809
2026-07-02T02:08:50.370969,2026-07-02T02:08:50.381231+00:00,93.3,40,bid,CostlyCorianders,DiligentDonuts,3343810
2026-07-02T02:08:52.144240,2026-07-02T02:08:52.155455+00:00,93.1,3,ask,EarnestEspressos,Xuanyu Liu,3343856
2026-07-02T02:08:53.642560,2026-07-02T02:08:53.654089+00:00,93.3,50,bid,FlawlessFlatbreads,EarnestEspressos,3343887
2026-07-02T02:08:54.211078,2026-07-02T02:08:54.222630+00:00,93.0,1,ask,Kelvin Chan,CostlyCorianders,3343892
2026-07-02T02:08:54.211078,2026-07-02T02:08:54.222630+00:00,92.9,44,ask,DiligentDonuts,CostlyCorianders,3343893
2026-07-02T02:08:54.833100,2026-07-02T02:08:54.840851+00:00,93.1,5,ask,Kelvin Chan,DiligentDonuts,3343924
2026-07-02T02:08:55.749168,2026-07-02T02:08:55.758530+00:00,92.9,50,bid,FlawlessFlatbreads,DiligentDonuts,3343933
2026-07-02T02:08:55.937007,2026-07-02T02:08:55.943665+00:00,92.9,3,bid,Kelvin Chan,DiligentDonuts,3343935
2026-07-02T02:08:58.804565,2026-07-02T02:08:58.813404+00:00,93.1,43,bid,CostlyCorianders,DiligentDonuts,3343986
2026-07-02T02:08:59.866151,2026-07-02T02:08:59.877683+00:00,93.1,46,bid,CostlyCorianders,DiligentDonuts,3344010
2026-07-02T02:08:59.960381,2026-07-02T02:08:59.971981+00:00,93.1,11,bid,FlawlessFlatbreads,DiligentDonuts,3344012
2026-07-02T02:08:59.960381,2026-07-02T02:08:59.971981+00:00,93.3,1,bid,FlawlessFlatbreads,Kelvin Chan,3344013
2026-07-02T02:08:59.960381,2026-07-02T02:08:59.971981+00:00,93.5,38,bid,FlawlessFlatbreads,EarnestEspressos,3344014
2026-07-02T02:09:00.328076,2026-07-02T02:09:00.339753+00:00,93.0,49,ask,EarnestEspressos,CostlyCorianders,3344020
2026-07-02T02:09:04.221814,2026-07-02T02:09:04.233550+00:00,92.8,50,ask,EarnestEspressos,FlawlessFlatbreads,3344097
2026-07-02T02:09:06.330127,2026-07-02T02:09:06.341528+00:00,92.9,50,ask,DiligentDonuts,FlawlessFlatbreads,3344142
2026-07-02T02:09:06.780501,2026-07-02T02:09:06.791928+00:00,93.2,42,bid,CostlyCorianders,EarnestEspressos,3344147
2026-07-02T02:09:06.838721,2026-07-02T02:09:06.847814+00:00,93.0,5,ask,Kelvin Chan,CostlyCorianders,3344148
2026-07-02T02:09:06.838721,2026-07-02T02:09:06.847814+00:00,92.9,37,ask,DiligentDonuts,CostlyCorianders,3344149
2026-07-02T02:09:07.357976,2026-07-02T02:09:07.369523+00:00,93.2,44,bid,CostlyCorianders,EarnestEspressos,3344161
2026-07-02T02:09:08.437160,2026-07-02T02:09:08.445650+00:00,93.0,5,ask,Kelvin Chan,FlawlessFlatbreads,3344176
2026-07-02T02:09:08.437160,2026-07-02T02:09:08.445650+00:00,92.8,45,ask,DiligentDonuts,FlawlessFlatbreads,3344177
2026-07-02T02:09:10.545453,2026-07-02T02:09:10.556775+00:00,93.1,50,ask,EarnestEspressos,FlawlessFlatbreads,3344224
2026-07-02T02:09:12.602536,2026-07-02T02:09:12.614223+00:00,93.2,50,bid,FlawlessFlatbreads,DiligentDonuts,3344273
2026-07-02T02:09:13.593132,2026-07-02T02:09:13.604767+00:00,93.1,48,ask,EarnestEspressos,CostlyCorianders,3344295
2026-07-02T02:09:14.598810,2026-07-02T02:09:14.605531+00:00,93.1,47,ask,EarnestEspressos,CostlyCorianders,3344311
2026-07-02T02:09:14.710824,2026-07-02T02:09:14.718624+00:00,93.5,50,bid,FlawlessFlatbreads,DiligentDonuts,3344312
2026-07-02T02:09:16.816162,2026-07-02T02:09:16.823283+00:00,93.4,50,bid,FlawlessFlatbreads,EarnestEspressos,3344346
2026-07-02T02:09:16.883639,2026-07-02T02:09:16.892594+00:00,93.4,3,bid,Xuanyu Liu,EarnestEspressos,3344352
2026-07-02T02:09:18.196301,2026-07-02T02:09:18.206337+00:00,93.4,11,bid,Xuanyu Liu,EarnestEspressos,3344367
2026-07-02T02:09:18.601937,2026-07-02T02:09:18.605365+00:00,93.3,5,ask,DiligentDonuts,Xuanyu Liu,3344377
2026-07-02T02:09:18.606565,2026-07-02T02:09:18.609834+00:00,93.3,5,ask,DiligentDonuts,Xuanyu Liu,3344378
2026-07-02T02:09:18.610992,2026-07-02T02:09:18.614201+00:00,93.3,1,ask,DiligentDonuts,Xuanyu Liu,3344379
2026-07-02T02:09:18.934510,2026-07-02T02:09:18.945941+00:00,93.4,2,bid,FlawlessFlatbreads,Kelvin Chan,3344381
2026-07-02T02:09:18.934510,2026-07-02T02:09:18.945941+00:00,93.7,48,bid,FlawlessFlatbreads,EarnestEspressos,3344382
2026-07-02T02:09:21.292133,2026-07-02T02:09:21.303620+00:00,93.7,41,bid,CostlyCorianders,EarnestEspressos,3344426
2026-07-02T02:09:21.759960,2026-07-02T02:09:21.768137+00:00,93.5,3,ask,EarnestEspressos,Xuanyu Liu,3344436
2026-07-02T02:09:21.905811,2026-07-02T02:09:21.917399+00:00,93.8,40,bid,CostlyCorianders,DiligentDonuts,3344446
2026-07-02T02:09:23.146313,2026-07-02T02:09:23.157581+00:00,93.8,50,bid,FlawlessFlatbreads,DiligentDonuts,3344482
2026-07-02T02:09:25.252731,2026-07-02T02:09:25.263594+00:00,94.2,50,bid,FlawlessFlatbreads,DiligentDonuts,3344518
2026-07-02T02:09:26.386356,2026-07-02T02:09:26.397887+00:00,94.2,100,bid,DiligentDonuts,EarnestEspressos,3344531
2026-07-02T02:09:27.358150,2026-07-02T02:09:27.369937+00:00,94.2,50,bid,FlawlessFlatbreads,EarnestEspressos,3344545
2026-07-02T02:09:28.082815,2026-07-02T02:09:28.098936+00:00,94.6,150,ask,EarnestEspressos,Chester Au,3344555
2026-07-02T02:09:29.563510,2026-07-02T02:09:29.574729+00:00,94.2,4,ask,Kelvin Chan,Chester Au,3344576
2026-07-02T02:09:31.620137,2026-07-02T02:09:31.631595+00:00,94.1,50,ask,EarnestEspressos,FlawlessFlatbreads,3344623
2026-07-02T02:09:33.425088,2026-07-02T02:09:33.436525+00:00,94.2,42,ask,DiligentDonuts,CostlyCorianders,3344649
2026-07-02T02:09:33.726134,2026-07-02T02:09:33.737631+00:00,94.2,50,ask,DiligentDonuts,FlawlessFlatbreads,3344661
2026-07-02T02:09:33.934229,2026-07-02T02:09:33.942574+00:00,94.2,3,ask,DiligentDonuts,Xuanyu Liu,3344666
2026-07-02T02:09:34.454563,2026-07-02T02:09:34.466163+00:00,94.2,5,ask,DiligentDonuts,EarnestEspressos,3344673
2026-07-02T02:09:35.832336,2026-07-02T02:09:35.843467+00:00,93.7,50,ask,EarnestEspressos,FlawlessFlatbreads,3344701
2026-07-02T02:09:37.596336,2026-07-02T02:09:37.603772+00:00,94.2,3,bid,Xuanyu Liu,DiligentDonuts,3344731
2026-07-02T02:09:37.889034,2026-07-02T02:09:37.898558+00:00,94.2,44,bid,CostlyCorianders,DiligentDonuts,3344736
2026-07-02T02:09:37.958691,2026-07-02T02:09:37.970357+00:00,93.7,50,ask,DiligentDonuts,FlawlessFlatbreads,3344737
2026-07-02T02:09:39.535087,2026-07-02T02:09:39.543221+00:00,93.7,40,ask,EarnestEspressos,CostlyCorianders,3344755
2026-07-02T02:09:40.066680,2026-07-02T02:09:40.078075+00:00,94.0,5,ask,Kelvin Chan,FlawlessFlatbreads,3344772
2026-07-02T02:09:40.066680,2026-07-02T02:09:40.078075+00:00,93.7,45,ask,EarnestEspressos,FlawlessFlatbreads,3344773
2026-07-02T02:09:40.785530,2026-07-02T02:09:40.792594+00:00,93.9,150,bid,Chester Au,EarnestEspressos,3344796
2026-07-02T02:09:42.514382,2026-07-02T02:09:42.526049+00:00,93.6,42,ask,DiligentDonuts,CostlyCorianders,3344829
2026-07-02T02:09:44.280191,2026-07-02T02:09:44.288582+00:00,93.9,50,ask,EarnestEspressos,FlawlessFlatbreads,3344870
2026-07-02T02:09:45.495045,2026-07-02T02:09:45.506658+00:00,94.0,47,bid,CostlyCorianders,DiligentDonuts,3344886
2026-07-02T02:09:48.252435,2026-07-02T02:09:48.263937+00:00,94.0,43,bid,CostlyCorianders,DiligentDonuts,3344950
2026-07-02T02:09:48.374565,2026-07-02T02:09:48.385210+00:00,94.0,4,bid,Chester Au,DiligentDonuts,3344952
2026-07-02T02:09:48.439316,2026-07-02T02:09:48.448753+00:00,94.0,6,bid,FlawlessFlatbreads,DiligentDonuts,3344957
2026-07-02T02:09:48.439316,2026-07-02T02:09:48.448753+00:00,94.1,44,bid,FlawlessFlatbreads,EarnestEspressos,3344958
2026-07-02T02:09:49.829098,2026-07-02T02:09:49.836701+00:00,94.0,42,ask,DiligentDonuts,CostlyCorianders,3344996
2026-07-02T02:09:50.597129,2026-07-02T02:09:50.606075+00:00,94.0,50,ask,DiligentDonuts,FlawlessFlatbreads,3345012
2026-07-02T02:09:52.702487,2026-07-02T02:09:52.711925+00:00,93.9,5,ask,Kelvin Chan,FlawlessFlatbreads,3345066
2026-07-02T02:09:52.702487,2026-07-02T02:09:52.711925+00:00,93.8,45,ask,EarnestEspressos,FlawlessFlatbreads,3345067
2026-07-02T02:09:53.248895,2026-07-02T02:09:53.255218+00:00,94.1,48,bid,CostlyCorianders,DiligentDonuts,3345077
2026-07-02T02:09:53.304112,2026-07-02T02:09:53.315746+00:00,93.9,4,ask,Kelvin Chan,CostlyCorianders,3345080
2026-07-02T02:09:53.304112,2026-07-02T02:09:53.315746+00:00,93.8,38,ask,EarnestEspressos,CostlyCorianders,3345081
2026-07-02T02:09:56.926882,2026-07-02T02:09:56.942752+00:00,93.8,50,ask,DiligentDonuts,FlawlessFlatbreads,3345156
2026-07-02T02:09:57.261006,2026-07-02T02:09:57.272520+00:00,94.1,3,bid,CostlyCorianders,Kelvin Chan,3345160
2026-07-02T02:09:57.261006,2026-07-02T02:09:57.272520+00:00,94.1,43,bid,CostlyCorianders,EarnestEspressos,3345161
2026-07-02T02:10:01.145810,2026-07-02T02:10:01.158652+00:00,93.8,1,ask,Kelvin Chan,FlawlessFlatbreads,3345247
2026-07-02T02:10:05.075964,2026-07-02T02:10:05.087575+00:00,93.8,1,ask,Kelvin Chan,CostlyCorianders,3345327
2026-07-02T02:10:05.075964,2026-07-02T02:10:05.087575+00:00,93.6,48,ask,EarnestEspressos,CostlyCorianders,3345328
2026-07-02T02:10:05.355748,2026-07-02T02:10:05.367516+00:00,93.6,50,ask,EarnestEspressos,FlawlessFlatbreads,3345334
2026-07-02T02:10:05.690248,2026-07-02T02:10:05.701963+00:00,93.9,46,bid,CostlyCorianders,DiligentDonuts,3345340
2026-07-02T02:10:05.745319,2026-07-02T02:10:05.756808+00:00,93.6,41,ask,EarnestEspressos,CostlyCorianders,3345342
2026-07-02T02:10:06.121764,2026-07-02T02:10:06.133403+00:00,93.4,100,ask,DiligentDonuts,EarnestEspressos,3345350
2026-07-02T02:10:06.134953,2026-07-02T02:10:06.144298+00:00,93.4,14,bid,Xuanyu Liu,EarnestEspressos,3345353
2026-07-02T02:10:07.464253,2026-07-02T02:10:07.475464+00:00,92.9,50,ask,EarnestEspressos,FlawlessFlatbreads,3345398
2026-07-02T02:10:09.080616,2026-07-02T02:10:09.089801+00:00,93.4,12,bid,Xuanyu Liu,EarnestEspressos,3345447
2026-07-02T02:10:09.569532,2026-07-02T02:10:09.581169+00:00,93.4,50,ask,EarnestEspressos,FlawlessFlatbreads,3345461
2026-07-02T02:10:10.014721,2026-07-02T02:10:10.023798+00:00,93.6,2,bid,Kelvin Chan,DiligentDonuts,3345467
2026-07-02T02:10:10.583747,2026-07-02T02:10:10.590563+00:00,93.6,2,bid,Kelvin Chan,DiligentDonuts,3345472
2026-07-02T02:10:11.676448,2026-07-02T02:10:11.683522+00:00,93.4,50,ask,EarnestEspressos,FlawlessFlatbreads,3345513
2026-07-02T02:10:11.687965,2026-07-02T02:10:11.699472+00:00,93.9,45,bid,CostlyCorianders,EarnestEspressos,3345514
2026-07-02T02:10:13.784015,2026-07-02T02:10:13.796196+00:00,93.5,2,ask,Kelvin Chan,FlawlessFlatbreads,3345562
2026-07-02T02:10:13.784015,2026-07-02T02:10:13.796196+00:00,93.2,48,ask,EarnestEspressos,FlawlessFlatbreads,3345563
2026-07-02T02:10:15.893891,2026-07-02T02:10:15.905607+00:00,93.2,50,ask,DiligentDonuts,FlawlessFlatbreads,3345610
2026-07-02T02:10:15.933453,2026-07-02T02:10:15.944726+00:00,93.4,43,bid,CostlyCorianders,EarnestEspressos,3345611
2026-07-02T02:10:19.821674,2026-07-02T02:10:19.831105+00:00,93.2,41,ask,DiligentDonuts,CostlyCorianders,3345686
2026-07-02T02:10:20.104835,2026-07-02T02:10:20.116319+00:00,93.1,50,ask,EarnestEspressos,FlawlessFlatbreads,3345690
2026-07-02T02:10:22.212013,2026-07-02T02:10:22.218677+00:00,93.3,2,ask,Kelvin Chan,FlawlessFlatbreads,3345724
2026-07-02T02:10:22.212013,2026-07-02T02:10:22.223864+00:00,92.9,48,ask,DiligentDonuts,FlawlessFlatbreads,3345725
2026-07-02T02:10:23.362205,2026-07-02T02:10:23.374080+00:00,93.3,1,ask,Kelvin Chan,DiligentDonuts,3345745
2026-07-02T02:10:23.388777,2026-07-02T02:10:23.397302+00:00,93.3,1,bid,Kelvin Chan,DiligentDonuts,3345746
2026-07-02T02:10:23.569581,2026-07-02T02:10:23.579445+00:00,93.3,1,bid,Kelvin Chan,DiligentDonuts,3345749
2026-07-02T02:10:23.597135,2026-07-02T02:10:23.606961+00:00,93.3,1,bid,Kelvin Chan,DiligentDonuts,3345752
2026-07-02T02:10:23.825172,2026-07-02T02:10:23.833822+00:00,93.3,11,bid,Xuanyu Liu,DiligentDonuts,3345755
2026-07-02T02:10:24.319287,2026-07-02T02:10:24.327425+00:00,93.2,1,ask,Kelvin Chan,FlawlessFlatbreads,3345766
2026-07-02T02:10:24.319287,2026-07-02T02:10:24.327425+00:00,92.9,49,ask,EarnestEspressos,FlawlessFlatbreads,3345767
2026-07-02T02:10:25.104773,2026-07-02T02:10:25.111401+00:00,93.2,1,ask,Kelvin Chan,EarnestEspressos,3345777
2026-07-02T02:10:25.118087,2026-07-02T02:10:25.124914+00:00,93.2,12,bid,Xuanyu Liu,EarnestEspressos,3345780
2026-07-02T02:10:25.158755,2026-07-02T02:10:25.166315+00:00,93.2,1,bid,Kelvin Chan,EarnestEspressos,3345783
2026-07-02T02:10:25.233570,2026-07-02T02:10:25.241711+00:00,93.2,1,bid,Kelvin Chan,EarnestEspressos,3345789
2026-07-02T02:10:25.397115,2026-07-02T02:10:25.406373+00:00,93.2,1,bid,Kelvin Chan,EarnestEspressos,3345793
2026-07-02T02:10:26.267316,2026-07-02T02:10:26.276402+00:00,93.2,1,bid,Kelvin Chan,EarnestEspressos,3345805
2026-07-02T02:10:26.393136,2026-07-02T02:10:26.402233+00:00,93.2,1,bid,Kelvin Chan,EarnestEspressos,3345806
2026-07-02T02:10:26.416608,2026-07-02T02:10:26.427873+00:00,93.2,1,bid,Kelvin Chan,EarnestEspressos,3345807
2026-07-02T02:10:26.427544,2026-07-02T02:10:26.438602+00:00,92.7,50,ask,EarnestEspressos,FlawlessFlatbreads,3345809
2026-07-02T02:10:26.447553,2026-07-02T02:10:26.458561+00:00,93.2,1,bid,Kelvin Chan,EarnestEspressos,3345810
2026-07-02T02:10:26.752478,2026-07-02T02:10:26.763746+00:00,92.9,49,ask,DiligentDonuts,CostlyCorianders,3345818
2026-07-02T02:10:28.281285,2026-07-02T02:10:28.289412+00:00,93.1,11,bid,Xuanyu Liu,EarnestEspressos,3345851
2026-07-02T02:10:28.482529,2026-07-02T02:10:28.493819+00:00,93.1,50,bid,FlawlessFlatbreads,EarnestEspressos,3345856
2026-07-02T02:10:29.970416,2026-07-02T02:10:29.979663+00:00,93.1,1,bid,Kelvin Chan,EarnestEspressos,3345868
2026-07-02T02:10:30.589453,2026-07-02T02:10:30.601144+00:00,93.1,50,bid,FlawlessFlatbreads,EarnestEspressos,3345879
2026-07-02T02:10:31.347606,2026-07-02T02:10:31.358880+00:00,93.2,40,bid,CostlyCorianders,DiligentDonuts,3345895
2026-07-02T02:10:32.696269,2026-07-02T02:10:32.705459+00:00,93.2,50,bid,FlawlessFlatbreads,DiligentDonuts,3345932
2026-07-02T02:10:33.317668,2026-07-02T02:10:33.328927+00:00,93.1,44,ask,DiligentDonuts,CostlyCorianders,3345945
2026-07-02T02:10:34.341489,2026-07-02T02:10:34.358584+00:00,93.3,3,bid,CostlyCorianders,Kelvin Chan,3345963
2026-07-02T02:10:34.341489,2026-07-02T02:10:34.358584+00:00,93.3,38,bid,CostlyCorianders,EarnestEspressos,3345964
2026-07-02T02:10:34.803350,2026-07-02T02:10:34.811054+00:00,93.3,4,bid,FlawlessFlatbreads,Kelvin Chan,3345980
2026-07-02T02:10:34.803350,2026-07-02T02:10:34.816098+00:00,93.6,46,bid,FlawlessFlatbreads,DiligentDonuts,3345981
2026-07-02T02:10:35.393830,2026-07-02T02:10:35.405581+00:00,93.6,48,bid,CostlyCorianders,DiligentDonuts,3345994
2026-07-02T02:10:35.616174,2026-07-02T02:10:35.626168+00:00,93.2,11,ask,EarnestEspressos,Xuanyu Liu,3345998
2026-07-02T02:10:36.925708,2026-07-02T02:10:36.939178+00:00,93.3,3,bid,FlawlessFlatbreads,Kelvin Chan,3346043
2026-07-02T02:10:36.925708,2026-07-02T02:10:36.939178+00:00,93.6,47,bid,FlawlessFlatbreads,DiligentDonuts,3346044
2026-07-02T02:10:37.644738,2026-07-02T02:10:37.658539+00:00,93.2,41,ask,EarnestEspressos,CostlyCorianders,3346048
2026-07-02T02:10:39.034806,2026-07-02T02:10:39.046173+00:00,93.3,50,bid,FlawlessFlatbreads,EarnestEspressos,3346078
2026-07-02T02:10:39.116579,2026-07-02T02:10:39.126324+00:00,93.3,100,bid,DiligentDonuts,EarnestEspressos,3346080
2026-07-02T02:10:40.889089,2026-07-02T02:10:40.910426+00:00,93.4,2,bid,EarnestEspressos,Kelvin Chan,3346115
2026-07-02T02:10:40.901738,2026-07-02T02:10:40.910426+00:00,93.5,12,ask,EarnestEspressos,Xuanyu Liu,3346116
2026-07-02T02:10:40.939259,2026-07-02T02:10:40.949586+00:00,93.5,2,ask,EarnestEspressos,Kelvin Chan,3346120
2026-07-02T02:10:41.140768,2026-07-02T02:10:41.148704+00:00,93.8,50,bid,FlawlessFlatbreads,DiligentDonuts,3346122
2026-07-02T02:10:41.451077,2026-07-02T02:10:41.459984+00:00,93.5,2,ask,EarnestEspressos,Kelvin Chan,3346127
2026-07-02T02:10:41.484449,2026-07-02T02:10:41.493779+00:00,93.5,1,ask,EarnestEspressos,Kelvin Chan,3346128
2026-07-02T02:10:41.585015,2026-07-02T02:10:41.594046+00:00,93.5,2,ask,EarnestEspressos,Kelvin Chan,3346129
2026-07-02T02:10:41.618108,2026-07-02T02:10:41.627699+00:00,93.5,1,ask,EarnestEspressos,Kelvin Chan,3346130
2026-07-02T02:10:41.686080,2026-07-02T02:10:41.695882+00:00,93.5,1,ask,EarnestEspressos,Kelvin Chan,3346132
2026-07-02T02:10:42.711549,2026-07-02T02:10:42.721701+00:00,93.5,42,ask,EarnestEspressos,CostlyCorianders,3346149
2026-07-02T02:10:43.247659,2026-07-02T02:10:43.258553+00:00,93.7,50,bid,FlawlessFlatbreads,DiligentDonuts,3346176
2026-07-02T02:10:44.049423,2026-07-02T02:10:44.058601+00:00,93.7,50,bid,EarnestEspressos,DiligentDonuts,3346185
2026-07-02T02:10:44.205290,2026-07-02T02:10:44.212786+00:00,94.2,41,bid,CostlyCorianders,EarnestEspressos,3346188
2026-07-02T02:10:44.845703,2026-07-02T02:10:44.854519+00:00,93.7,46,ask,EarnestEspressos,CostlyCorianders,3346204
2026-07-02T02:10:45.373988,2026-07-02T02:10:45.381098+00:00,94.2,50,bid,FlawlessFlatbreads,EarnestEspressos,3346213
2026-07-02T02:10:46.115177,2026-07-02T02:10:46.124807+00:00,93.9,11,ask,DiligentDonuts,Xuanyu Liu,3346231
2026-07-02T02:10:47.423347,2026-07-02T02:10:47.431792+00:00,93.9,12,ask,DiligentDonuts,Xuanyu Liu,3346255
2026-07-02T02:10:47.481855,2026-07-02T02:10:47.493786+00:00,94.1,50,bid,FlawlessFlatbreads,EarnestEspressos,3346257
2026-07-02T02:10:47.744787,2026-07-02T02:10:47.758591+00:00,94.1,41,bid,CostlyCorianders,EarnestEspressos,3346261
2026-07-02T02:10:47.859673,2026-07-02T02:10:47.868076+00:00,93.9,11,ask,DiligentDonuts,Xuanyu Liu,3346265
2026-07-02T02:10:49.591017,2026-07-02T02:10:49.605982+00:00,94.0,50,bid,FlawlessFlatbreads,DiligentDonuts,3346299
2026-07-02T02:10:49.644040,2026-07-02T02:10:49.656769+00:00,93.8,1,bid,Xuanyu Liu,Kelvin Chan,3346307
2026-07-02T02:10:50.223146,2026-07-02T02:10:50.235944+00:00,93.6,41,ask,EarnestEspressos,CostlyCorianders,3346315
2026-07-02T02:10:50.615962,2026-07-02T02:10:50.622220+00:00,93.8,1,ask,EarnestEspressos,Kelvin Chan,3346325
2026-07-02T02:10:51.139663,2026-07-02T02:10:51.151428+00:00,94.0,40,bid,CostlyCorianders,DiligentDonuts,3346336
2026-07-02T02:10:51.702273,2026-07-02T02:10:51.714222+00:00,94.0,10,bid,FlawlessFlatbreads,DiligentDonuts,3346350
2026-07-02T02:10:51.702273,2026-07-02T02:10:51.714222+00:00,94.3,40,bid,FlawlessFlatbreads,EarnestEspressos,3346351
2026-07-02T02:10:52.670290,2026-07-02T02:10:52.679116+00:00,93.9,1,ask,DiligentDonuts,Xuanyu Liu,3346362
2026-07-02T02:10:52.718923,2026-07-02T02:10:52.730529+00:00,93.9,46,ask,DiligentDonuts,CostlyCorianders,3346365
2026-07-02T02:10:53.300323,2026-07-02T02:10:53.311161+00:00,94.3,49,bid,CostlyCorianders,EarnestEspressos,3346374
2026-07-02T02:10:53.571628,2026-07-02T02:10:53.580007+00:00,94.0,3,ask,EarnestEspressos,Xuanyu Liu,3346381
2026-07-02T02:10:53.812373,2026-07-02T02:10:53.823801+00:00,94.4,50,bid,FlawlessFlatbreads,DiligentDonuts,3346394
2026-07-02T02:10:54.901419,2026-07-02T02:10:54.912691+00:00,94.0,45,ask,EarnestEspressos,CostlyCorianders,3346414
2026-07-02T02:10:55.704289,2026-07-02T02:10:55.711457+00:00,94.0,6,ask,EarnestEspressos,Kelvin Chan,3346428
2026-07-02T02:10:55.922257,2026-07-02T02:10:55.933907+00:00,94.4,50,bid,FlawlessFlatbreads,DiligentDonuts,3346430
2026-07-02T02:10:56.058113,2026-07-02T02:10:56.069944+00:00,94.0,6,ask,EarnestEspressos,Kelvin Chan,3346431
2026-07-02T02:10:56.394625,2026-07-02T02:10:56.407227+00:00,94.0,6,ask,EarnestEspressos,Kelvin Chan,3346443
2026-07-02T02:10:57.104643,2026-07-02T02:10:57.116052+00:00,93.9,48,ask,DiligentDonuts,CostlyCorianders,3346462
2026-07-02T02:10:57.678799,2026-07-02T02:10:57.690497+00:00,94.1,4,bid,CostlyCorianders,Kelvin Chan,3346475
2026-07-02T02:10:57.678799,2026-07-02T02:10:57.690497+00:00,94.2,42,bid,CostlyCorianders,EarnestEspressos,3346476
2026-07-02T02:10:58.031346,2026-07-02T02:10:58.040602+00:00,94.2,50,bid,FlawlessFlatbreads,EarnestEspressos,3346481
2026-07-02T02:10:58.303175,2026-07-02T02:10:58.309497+00:00,93.9,44,ask,DiligentDonuts,CostlyCorianders,3346485
2026-07-02T02:10:59.897464,2026-07-02T02:10:59.905399+00:00,94.1,3,bid,EarnestEspressos,Kelvin Chan,3346509
2026-07-02T02:10:59.921167,2026-07-02T02:10:59.931565+00:00,94.1,3,ask,EarnestEspressos,Kelvin Chan,3346513
2026-07-02T02:10:59.950710,2026-07-02T02:10:59.954212+00:00,94.1,3,ask,EarnestEspressos,Kelvin Chan,3346515
2026-07-02T02:11:00.024084,2026-07-02T02:11:00.033297+00:00,94.1,3,ask,EarnestEspressos,Kelvin Chan,3346520
2026-07-02T02:11:00.141772,2026-07-02T02:11:00.152412+00:00,94.4,50,bid,FlawlessFlatbreads,DiligentDonuts,3346522
2026-07-02T02:11:01.064768,2026-07-02T02:11:01.071713+00:00,94.1,3,ask,EarnestEspressos,Kelvin Chan,3346542
2026-07-02T02:11:02.254003,2026-07-02T02:11:02.264329+00:00,94.2,2,bid,FlawlessFlatbreads,Kelvin Chan,3346566
2026-07-02T02:11:02.254003,2026-07-02T02:11:02.264329+00:00,94.6,48,bid,FlawlessFlatbreads,EarnestEspressos,3346567
2026-07-02T02:11:02.779043,2026-07-02T02:11:02.788194+00:00,94.6,44,bid,CostlyCorianders,EarnestEspressos,3346577
2026-07-02T02:11:03.061904,2026-07-02T02:11:03.080934+00:00,94.2,2,bid,EarnestEspressos,Kelvin Chan,3346580
2026-07-02T02:11:03.070143,2026-07-02T02:11:03.080934+00:00,94.5,148,ask,EarnestEspressos,Chester Au,3346581
2026-07-02T02:11:04.392779,2026-07-02T02:11:04.404220+00:00,94.2,1,bid,FlawlessFlatbreads,Kelvin Chan,3346624
2026-07-02T02:11:04.392779,2026-07-02T02:11:04.404220+00:00,95.0,49,bid,FlawlessFlatbreads,EarnestEspressos,3346625
2026-07-02T02:11:06.500505,2026-07-02T02:11:06.511865+00:00,94.6,50,bid,FlawlessFlatbreads,DiligentDonuts,3346660
2026-07-02T02:11:07.211912,2026-07-02T02:11:07.220447+00:00,94.6,40,bid,CostlyCorianders,DiligentDonuts,3346677
2026-07-02T02:11:07.591066,2026-07-02T02:11:07.604491+00:00,94.4,1,bid,DiligentDonuts,Kelvin Chan,3346682
2026-07-02T02:11:07.641455,2026-07-02T02:11:07.652818+00:00,94.4,1,ask,DiligentDonuts,Kelvin Chan,3346683
2026-07-02T02:11:07.700451,2026-07-02T02:11:07.710970+00:00,94.4,41,ask,DiligentDonuts,CostlyCorianders,3346686
2026-07-02T02:11:08.417264,2026-07-02T02:11:08.425686+00:00,94.4,3,ask,DiligentDonuts,Xuanyu Liu,3346695
2026-07-02T02:11:08.609085,2026-07-02T02:11:08.620393+00:00,94.7,50,bid,FlawlessFlatbreads,EarnestEspressos,3346701
2026-07-02T02:11:09.062228,2026-07-02T02:11:09.071628+00:00,94.4,1,ask,DiligentDonuts,Kelvin Chan,3346705
2026-07-02T02:11:09.390779,2026-07-02T02:11:09.399309+00:00,94.4,1,ask,DiligentDonuts,Kelvin Chan,3346711
2026-07-02T02:11:09.413868,2026-07-02T02:11:09.425435+00:00,94.4,1,ask,DiligentDonuts,Kelvin Chan,3346712
2026-07-02T02:11:10.420141,2026-07-02T02:11:10.431600+00:00,94.4,46,ask,DiligentDonuts,CostlyCorianders,3346725
