timestamp,recv_time,price,volume,aggressor_side,buyer,seller,trade_id
2026-07-02T20:00:00.258700,2026-07-02T20:00:00.270285+00:00,125.8,47,ask,EarnestEspressos,CostlyCorianders,4713419
2026-07-02T20:00:00.930388,2026-07-02T20:00:00.929056+00:00,125.8,50,ask,EarnestEspressos,FlawlessFlatbreads,4713427
2026-07-02T20:00:01.231869,2026-07-02T20:00:01.241937+00:00,125.7,100,ask,DiligentDonuts,EarnestEspressos,4713431
2026-07-02T20:00:01.246784,2026-07-02T20:00:01.256595+00:00,125.7,23,bid,Xuanyu Liu,EarnestEspressos,4713432
2026-07-02T20:00:01.414323,2026-07-02T20:00:01.422177+00:00,125.7,27,bid,DiligentDonuts,EarnestEspressos,4713434
2026-07-02T20:00:03.036693,2026-07-02T20:00:03.048236+00:00,125.7,50,ask,DiligentDonuts,FlawlessFlatbreads,4713458
2026-07-02T20:00:03.776649,2026-07-02T20:00:03.785449+00:00,125.7,11,ask,DiligentDonuts,Xuanyu Liu,4713482
2026-07-02T20:00:04.359506,2026-07-02T20:00:04.370594+00:00,125.9,12,ask,EarnestEspressos,Xuanyu Liu,4713494
2026-07-02T20:00:04.630785,2026-07-02T20:00:04.638269+00:00,125.9,100,ask,EarnestEspressos,DiligentDonuts,4713500
2026-07-02T20:00:04.997753,2026-07-02T20:00:05.008868+00:00,125.9,38,ask,EarnestEspressos,CostlyCorianders,4713519
2026-07-02T20:00:04.997753,2026-07-02T20:00:05.008868+00:00,125.8,2,ask,Kelvin Chan,CostlyCorianders,4713520
2026-07-02T20:00:05.158178,2026-07-02T20:00:05.169493+00:00,125.8,3,ask,Kelvin Chan,FlawlessFlatbreads,4713529
2026-07-02T20:00:05.158178,2026-07-02T20:00:05.169493+00:00,125.2,47,ask,DiligentDonuts,FlawlessFlatbreads,4713530
2026-07-02T20:00:09.373020,2026-07-02T20:00:09.384532+00:00,125.5,50,ask,EarnestEspressos,FlawlessFlatbreads,4713629
2026-07-02T20:00:10.383337,2026-07-02T20:00:10.394676+00:00,126.0,41,bid,CostlyCorianders,EarnestEspressos,4713650
2026-07-02T20:00:11.999778,2026-07-02T20:00:12.011337+00:00,126.0,40,bid,CostlyCorianders,EarnestEspressos,4713697
2026-07-02T20:00:12.054802,2026-07-02T20:00:12.066358+00:00,125.7,5,ask,Kelvin Chan,CostlyCorianders,4713698
2026-07-02T20:00:12.054802,2026-07-02T20:00:12.066358+00:00,125.6,39,ask,DiligentDonuts,CostlyCorianders,4713699
2026-07-02T20:00:12.522570,2026-07-02T20:00:12.534125+00:00,126.0,47,bid,CostlyCorianders,EarnestEspressos,4713713
2026-07-02T20:00:13.533794,2026-07-02T20:00:13.545145+00:00,126.0,50,bid,FlawlessFlatbreads,EarnestEspressos,4713743
2026-07-02T20:00:14.126856,2026-07-02T20:00:14.138218+00:00,125.9,100,ask,EarnestEspressos,DiligentDonuts,4713759
2026-07-02T20:00:15.640865,2026-07-02T20:00:15.652147+00:00,126.4,50,bid,FlawlessFlatbreads,EarnestEspressos,4713796
2026-07-02T20:00:17.747342,2026-07-02T20:00:17.753773+00:00,126.3,50,bid,FlawlessFlatbreads,EarnestEspressos,4713827
2026-07-02T20:00:19.861758,2026-07-02T20:00:19.873042+00:00,126.3,50,bid,FlawlessFlatbreads,EarnestEspressos,4713870
2026-07-02T20:00:20.221823,2026-07-02T20:00:20.231463+00:00,126.1,11,ask,EarnestEspressos,Xuanyu Liu,4713878
2026-07-02T20:00:21.968964,2026-07-02T20:00:21.980611+00:00,126.2,50,bid,FlawlessFlatbreads,DiligentDonuts,4713907
2026-07-02T20:00:22.786365,2026-07-02T20:00:22.795987+00:00,126.1,42,ask,EarnestEspressos,CostlyCorianders,4713915
2026-07-02T20:00:24.079694,2026-07-02T20:00:24.089158+00:00,126.2,1,bid,FlawlessFlatbreads,Kelvin Chan,4713940
2026-07-02T20:00:24.079694,2026-07-02T20:00:24.089158+00:00,126.5,49,bid,FlawlessFlatbreads,EarnestEspressos,4713941
2026-07-02T20:00:25.405538,2026-07-02T20:00:25.416789+00:00,126.2,1,bid,CostlyCorianders,Kelvin Chan,4713964
2026-07-02T20:00:26.186621,2026-07-02T20:00:26.198038+00:00,126.5,50,bid,FlawlessFlatbreads,EarnestEspressos,4713979
2026-07-02T20:00:26.559246,2026-07-02T20:00:26.568845+00:00,126.4,12,ask,EarnestEspressos,Xuanyu Liu,4713989
2026-07-02T20:00:27.148392,2026-07-02T20:00:27.154631+00:00,126.4,42,ask,EarnestEspressos,CostlyCorianders,4714011
2026-07-02T20:00:28.294404,2026-07-02T20:00:28.305969+00:00,126.5,50,bid,FlawlessFlatbreads,DiligentDonuts,4714037
2026-07-02T20:00:29.109834,2026-07-02T20:00:29.121354+00:00,126.5,45,bid,CostlyCorianders,DiligentDonuts,4714051
2026-07-02T20:00:30.400877,2026-07-02T20:00:30.412553+00:00,126.8,50,bid,FlawlessFlatbreads,EarnestEspressos,4714073
2026-07-02T20:00:30.714621,2026-07-02T20:00:30.726013+00:00,126.3,45,ask,EarnestEspressos,CostlyCorianders,4714076
2026-07-02T20:00:31.315010,2026-07-02T20:00:31.323152+00:00,126.3,48,ask,EarnestEspressos,CostlyCorianders,4714097
2026-07-02T20:00:32.506575,2026-07-02T20:00:32.513520+00:00,126.8,50,bid,FlawlessFlatbreads,EarnestEspressos,4714116
2026-07-02T20:00:34.665215,2026-07-02T20:00:34.676617+00:00,126.5,50,ask,EarnestEspressos,FlawlessFlatbreads,4714155
2026-07-02T20:00:36.720478,2026-07-02T20:00:36.732009+00:00,126.9,50,bid,FlawlessFlatbreads,EarnestEspressos,4714197
2026-07-02T20:00:37.126925,2026-07-02T20:00:37.133894+00:00,126.9,44,bid,CostlyCorianders,EarnestEspressos,4714208
2026-07-02T20:00:37.872018,2026-07-02T20:00:37.882078+00:00,126.6,11,ask,DiligentDonuts,Xuanyu Liu,4714220
2026-07-02T20:00:39.539229,2026-07-02T20:00:39.550525+00:00,126.5,43,ask,EarnestEspressos,CostlyCorianders,4714255
2026-07-02T20:00:40.932270,2026-07-02T20:00:40.938668+00:00,126.8,50,bid,FlawlessFlatbreads,DiligentDonuts,4714277
2026-07-02T20:00:42.821502,2026-07-02T20:00:42.832845+00:00,127.0,46,bid,CostlyCorianders,EarnestEspressos,4714298
2026-07-02T20:00:43.039189,2026-07-02T20:00:43.058726+00:00,127.0,50,bid,FlawlessFlatbreads,EarnestEspressos,4714304
2026-07-02T20:00:43.112726,2026-07-02T20:00:43.122393+00:00,126.6,3,ask,DiligentDonuts,Xuanyu Liu,4714307
2026-07-02T20:00:43.411302,2026-07-02T20:00:43.419446+00:00,126.6,40,ask,DiligentDonuts,CostlyCorianders,4714311
2026-07-02T20:00:44.467232,2026-07-02T20:00:44.476158+00:00,127.0,42,bid,CostlyCorianders,EarnestEspressos,4714331
2026-07-02T20:00:44.989423,2026-07-02T20:00:45.001099+00:00,126.6,49,ask,DiligentDonuts,CostlyCorianders,4714338
2026-07-02T20:00:45.146803,2026-07-02T20:00:45.158257+00:00,127.0,12,bid,FlawlessFlatbreads,EarnestEspressos,4714344
2026-07-02T20:00:45.146803,2026-07-02T20:00:45.158257+00:00,127.1,38,bid,FlawlessFlatbreads,DiligentDonuts,4714345
2026-07-02T20:00:45.520022,2026-07-02T20:00:45.527220+00:00,126.8,1,bid,EarnestEspressos,Kelvin Chan,4714348
2026-07-02T20:00:45.533612,2026-07-02T20:00:45.542496+00:00,127.0,3,ask,EarnestEspressos,Xuanyu Liu,4714349
2026-07-02T20:00:45.760646,2026-07-02T20:00:45.780680+00:00,127.0,11,ask,EarnestEspressos,Xuanyu Liu,4714355
2026-07-02T20:00:45.760772,2026-07-02T20:00:45.780680+00:00,127.0,100,ask,EarnestEspressos,DiligentDonuts,4714356
2026-07-02T20:00:45.765884,2026-07-02T20:00:45.780680+00:00,127.0,1,ask,EarnestEspressos,Kelvin Chan,4714357
2026-07-02T20:00:46.236877,2026-07-02T20:00:46.246594+00:00,127.0,2,ask,EarnestEspressos,Kelvin Chan,4714361
2026-07-02T20:00:46.341660,2026-07-02T20:00:46.347874+00:00,127.0,1,ask,EarnestEspressos,Kelvin Chan,4714362
2026-07-02T20:00:46.372670,2026-07-02T20:00:46.385000+00:00,127.0,1,ask,EarnestEspressos,Kelvin Chan,4714364
2026-07-02T20:00:46.452939,2026-07-02T20:00:46.464391+00:00,127.0,1,ask,EarnestEspressos,Kelvin Chan,4714365
2026-07-02T20:00:46.467051,2026-07-02T20:00:46.478468+00:00,127.0,1,ask,EarnestEspressos,Kelvin Chan,4714366
2026-07-02T20:00:46.511021,2026-07-02T20:00:46.522545+00:00,127.0,1,ask,EarnestEspressos,Kelvin Chan,4714367
2026-07-02T20:00:46.540566,2026-07-02T20:00:46.548156+00:00,127.0,1,ask,EarnestEspressos,Kelvin Chan,4714368
2026-07-02T20:00:46.762656,2026-07-02T20:00:46.774359+00:00,127.0,1,ask,EarnestEspressos,Kelvin Chan,4714371
2026-07-02T20:00:47.064724,2026-07-02T20:00:47.073779+00:00,127.0,23,ask,EarnestEspressos,Xuanyu Liu,4714379
2026-07-02T20:00:47.254484,2026-07-02T20:00:47.255421+00:00,127.5,50,bid,FlawlessFlatbreads,EarnestEspressos,4714386
2026-07-02T20:00:48.759596,2026-07-02T20:00:48.767816+00:00,126.8,4,bid,Xuanyu Liu,EarnestEspressos,4714412
2026-07-02T20:00:49.193023,2026-07-02T20:00:49.200883+00:00,126.8,4,bid,Xuanyu Liu,EarnestEspressos,4714426
2026-07-02T20:00:49.380330,2026-07-02T20:00:49.390437+00:00,126.8,3,bid,Xuanyu Liu,EarnestEspressos,4714435
2026-07-02T20:00:51.521465,2026-07-02T20:00:51.533179+00:00,126.6,2,ask,Kelvin Chan,FlawlessFlatbreads,4714459
2026-07-02T20:00:51.521465,2026-07-02T20:00:51.533179+00:00,126.3,48,ask,EarnestEspressos,FlawlessFlatbreads,4714460
2026-07-02T20:00:51.909669,2026-07-02T20:00:51.917257+00:00,126.6,2,ask,Kelvin Chan,EarnestEspressos,4714468
2026-07-02T20:00:51.918504,2026-07-02T20:00:51.926479+00:00,126.6,4,bid,Xuanyu Liu,EarnestEspressos,4714469
2026-07-02T20:00:52.305687,2026-07-02T20:00:52.314114+00:00,126.6,8,bid,Xuanyu Liu,EarnestEspressos,4714479
2026-07-02T20:00:53.640745,2026-07-02T20:00:53.657048+00:00,126.3,50,ask,DiligentDonuts,FlawlessFlatbreads,4714500
2026-07-02T20:00:55.745479,2026-07-02T20:00:55.754719+00:00,126.2,50,ask,EarnestEspressos,FlawlessFlatbreads,4714534
2026-07-02T20:00:56.002603,2026-07-02T20:00:56.010672+00:00,126.7,11,bid,Xuanyu Liu,EarnestEspressos,4714538
2026-07-02T20:00:57.851476,2026-07-02T20:00:57.856119+00:00,126.5,3,ask,Kelvin Chan,FlawlessFlatbreads,4714559
2026-07-02T20:00:57.851476,2026-07-02T20:00:57.856119+00:00,126.2,47,ask,EarnestEspressos,FlawlessFlatbreads,4714560
2026-07-02T20:00:58.244866,2026-07-02T20:00:58.254454+00:00,126.4,3,bid,Xuanyu Liu,EarnestEspressos,4714564
2026-07-02T20:00:58.637917,2026-07-02T20:00:58.647248+00:00,126.4,3,bid,Xuanyu Liu,EarnestEspressos,4714572
2026-07-02T20:00:58.859458,2026-07-02T20:00:58.867324+00:00,126.4,3,bid,Kelvin Chan,EarnestEspressos,4714578
2026-07-02T20:00:59.960328,2026-07-02T20:00:59.971577+00:00,126.2,50,ask,DiligentDonuts,FlawlessFlatbreads,4714598
2026-07-02T20:01:00.007448,2026-07-02T20:01:00.019163+00:00,126.4,3,bid,Kelvin Chan,EarnestEspressos,4714599
2026-07-02T20:01:00.657714,2026-07-02T20:01:00.669375+00:00,126.4,2,bid,Kelvin Chan,EarnestEspressos,4714607
2026-07-02T20:01:01.002609,2026-07-02T20:01:01.010555+00:00,126.4,1,bid,Kelvin Chan,EarnestEspressos,4714613
2026-07-02T20:01:02.066046,2026-07-02T20:01:02.074036+00:00,126.3,50,ask,DiligentDonuts,FlawlessFlatbreads,4714642
2026-07-02T20:01:04.171926,2026-07-02T20:01:04.178768+00:00,126.3,50,ask,DiligentDonuts,FlawlessFlatbreads,4714681
2026-07-02T20:01:04.738053,2026-07-02T20:01:04.744648+00:00,126.3,2,ask,Kelvin Chan,DiligentDonuts,4714692
2026-07-02T20:01:06.227715,2026-07-02T20:01:06.239522+00:00,126.3,50,bid,FlawlessFlatbreads,DiligentDonuts,4714728
2026-07-02T20:01:06.744359,2026-07-02T20:01:06.752607+00:00,126.3,11,bid,Xuanyu Liu,DiligentDonuts,4714737
2026-07-02T20:01:07.645894,2026-07-02T20:01:07.658584+00:00,126.3,37,bid,CostlyCorianders,DiligentDonuts,4714757
2026-07-02T20:01:07.645894,2026-07-02T20:01:07.658584+00:00,126.7,2,bid,CostlyCorianders,Kelvin Chan,4714758
2026-07-02T20:01:08.415976,2026-07-02T20:01:08.427418+00:00,126.3,50,ask,DiligentDonuts,FlawlessFlatbreads,4714778
2026-07-02T20:01:09.991624,2026-07-02T20:01:09.999681+00:00,126.3,11,ask,DiligentDonuts,Xuanyu Liu,4714806
2026-07-02T20:01:10.546645,2026-07-02T20:01:10.554670+00:00,126.3,39,ask,DiligentDonuts,FlawlessFlatbreads,4714818
2026-07-02T20:01:10.546645,2026-07-02T20:01:10.554670+00:00,126.3,1,ask,Kelvin Chan,FlawlessFlatbreads,4714819
2026-07-02T20:01:12.426121,2026-07-02T20:01:12.436076+00:00,126.6,5,bid,CostlyCorianders,Kelvin Chan,4714858
2026-07-02T20:01:12.426121,2026-07-02T20:01:12.436076+00:00,126.8,37,bid,CostlyCorianders,DiligentDonuts,4714859
2026-07-02T20:01:12.653974,2026-07-02T20:01:12.665381+00:00,126.4,50,ask,EarnestEspressos,FlawlessFlatbreads,4714864
2026-07-02T20:01:14.632734,2026-07-02T20:01:14.644386+00:00,126.3,1,ask,Kelvin Chan,CostlyCorianders,4714912
2026-07-02T20:01:14.632734,2026-07-02T20:01:14.644386+00:00,126.2,40,ask,DiligentDonuts,CostlyCorianders,4714913
2026-07-02T20:01:14.760724,2026-07-02T20:01:14.772317+00:00,126.2,50,ask,DiligentDonuts,FlawlessFlatbreads,4714914
2026-07-02T20:01:15.923145,2026-07-02T20:01:15.931897+00:00,126.5,11,bid,Xuanyu Liu,EarnestEspressos,4714942
2026-07-02T20:01:16.868922,2026-07-02T20:01:16.880669+00:00,126.3,3,ask,Kelvin Chan,FlawlessFlatbreads,4714959
2026-07-02T20:01:16.868922,2026-07-02T20:01:16.880669+00:00,126.2,10,ask,DiligentDonuts,FlawlessFlatbreads,4714960
2026-07-02T20:01:17.659327,2026-07-02T20:01:17.670714+00:00,126.6,1,bid,CostlyCorianders,Kelvin Chan,4714978
2026-07-02T20:01:17.659327,2026-07-02T20:01:17.670714+00:00,126.6,42,bid,CostlyCorianders,DiligentDonuts,4714979
2026-07-02T20:01:18.269586,2026-07-02T20:01:18.281340+00:00,126.6,41,bid,CostlyCorianders,DiligentDonuts,4714982
2026-07-02T20:01:18.985260,2026-07-02T20:01:18.994833+00:00,126.3,5,ask,Kelvin Chan,FlawlessFlatbreads,4715006
2026-07-02T20:01:18.985260,2026-07-02T20:01:18.994833+00:00,126.2,45,ask,EarnestEspressos,FlawlessFlatbreads,4715007
2026-07-02T20:01:21.041901,2026-07-02T20:01:21.058547+00:00,126.4,50,bid,FlawlessFlatbreads,EarnestEspressos,4715040
2026-07-02T20:01:23.200482,2026-07-02T20:01:23.211966+00:00,126.3,3,ask,Kelvin Chan,FlawlessFlatbreads,4715075
2026-07-02T20:01:23.200482,2026-07-02T20:01:23.211966+00:00,126.1,47,ask,DiligentDonuts,FlawlessFlatbreads,4715076
2026-07-02T20:01:25.308926,2026-07-02T20:01:25.316899+00:00,126.1,50,ask,EarnestEspressos,FlawlessFlatbreads,4715123
2026-07-02T20:01:27.413954,2026-07-02T20:01:27.425650+00:00,126.2,1,ask,Kelvin Chan,FlawlessFlatbreads,4715176
2026-07-02T20:01:27.413954,2026-07-02T20:01:27.425650+00:00,125.9,49,ask,DiligentDonuts,FlawlessFlatbreads,4715177
2026-07-02T20:01:29.469400,2026-07-02T20:01:29.478050+00:00,126.3,50,bid,FlawlessFlatbreads,EarnestEspressos,4715222
2026-07-02T20:01:30.049145,2026-07-02T20:01:30.052896+00:00,126.2,4,ask,Kelvin Chan,DiligentDonuts,4715238
2026-07-02T20:01:31.238653,2026-07-02T20:01:31.246440+00:00,126.0,42,ask,EarnestEspressos,CostlyCorianders,4715258
2026-07-02T20:01:31.889287,2026-07-02T20:01:31.900530+00:00,126.0,49,ask,EarnestEspressos,CostlyCorianders,4715280
2026-07-02T20:01:32.909680,2026-07-02T20:01:32.918815+00:00,126.2,41,bid,CostlyCorianders,DiligentDonuts,4715299
2026-07-02T20:01:32.980426,2026-07-02T20:01:32.989276+00:00,126.2,35,bid,Xuanyu Liu,DiligentDonuts,4715305
2026-07-02T20:01:33.030577,2026-07-02T20:01:33.039157+00:00,126.0,22,bid,Xuanyu Liu,EarnestEspressos,4715312
2026-07-02T20:01:33.162210,2026-07-02T20:01:33.169838+00:00,126.0,100,bid,DiligentDonuts,EarnestEspressos,4715314
2026-07-02T20:01:33.730346,2026-07-02T20:01:33.741941+00:00,125.5,50,ask,EarnestEspressos,FlawlessFlatbreads,4715328
2026-07-02T20:01:34.975777,2026-07-02T20:01:34.987494+00:00,126.0,28,bid,CostlyCorianders,EarnestEspressos,4715345
2026-07-02T20:01:34.975777,2026-07-02T20:01:34.987494+00:00,126.7,16,bid,CostlyCorianders,DiligentDonuts,4715346
2026-07-02T20:01:35.550134,2026-07-02T20:01:35.558556+00:00,125.5,40,ask,EarnestEspressos,CostlyCorianders,4715355
2026-07-02T20:01:36.579299,2026-07-02T20:01:36.590086+00:00,126.3,45,bid,CostlyCorianders,DiligentDonuts,4715388
2026-07-02T20:01:37.816290,2026-07-02T20:01:37.828171+00:00,126.1,4,ask,Kelvin Chan,Xuanyu Liu,4715407
2026-07-02T20:01:37.939253,2026-07-02T20:01:37.950586+00:00,126.0,50,ask,EarnestEspressos,FlawlessFlatbreads,4715410
2026-07-02T20:01:38.639596,2026-07-02T20:01:38.651021+00:00,126.0,48,ask,EarnestEspressos,CostlyCorianders,4715425
2026-07-02T20:01:39.259520,2026-07-02T20:01:39.270777+00:00,126.3,48,bid,CostlyCorianders,DiligentDonuts,4715434
2026-07-02T20:01:39.488084,2026-07-02T20:01:39.494713+00:00,126.2,100,bid,DiligentDonuts,EarnestEspressos,4715436
2026-07-02T20:01:39.541217,2026-07-02T20:01:39.549804+00:00,126.2,16,bid,Xuanyu Liu,EarnestEspressos,4715440
2026-07-02T20:01:40.046083,2026-07-02T20:01:40.063901+00:00,126.0,3,ask,Kelvin Chan,FlawlessFlatbreads,4715466
2026-07-02T20:01:42.102509,2026-07-02T20:01:42.113811+00:00,126.2,34,bid,FlawlessFlatbreads,EarnestEspressos,4715522
2026-07-02T20:01:42.102509,2026-07-02T20:01:42.113811+00:00,126.7,16,bid,FlawlessFlatbreads,DiligentDonuts,4715523
2026-07-02T20:01:42.454796,2026-07-02T20:01:42.466342+00:00,126.7,84,bid,EarnestEspressos,DiligentDonuts,4715534
2026-07-02T20:01:42.522882,2026-07-02T20:01:42.532145+00:00,126.7,23,ask,EarnestEspressos,Xuanyu Liu,4715537
2026-07-02T20:01:42.681159,2026-07-02T20:01:42.689544+00:00,126.7,11,ask,EarnestEspressos,Xuanyu Liu,4715543
2026-07-02T20:01:43.491492,2026-07-02T20:01:43.501338+00:00,126.7,12,ask,EarnestEspressos,Xuanyu Liu,4715566
2026-07-02T20:01:44.261444,2026-07-02T20:01:44.273373+00:00,126.7,20,ask,EarnestEspressos,FlawlessFlatbreads,4715578
2026-07-02T20:01:44.261444,2026-07-02T20:01:44.273373+00:00,126.7,30,ask,DiligentDonuts,FlawlessFlatbreads,4715579
2026-07-02T20:01:45.698751,2026-07-02T20:01:45.718907+00:00,126.8,12,bid,Xuanyu Liu,EarnestEspressos,4715619
2026-07-02T20:01:46.369807,2026-07-02T20:01:46.378626+00:00,126.7,50,ask,DiligentDonuts,FlawlessFlatbreads,4715635
2026-07-02T20:01:48.480586,2026-07-02T20:01:48.489561+00:00,126.7,50,ask,DiligentDonuts,FlawlessFlatbreads,4715687
2026-07-02T20:01:49.537839,2026-07-02T20:01:49.549217+00:00,126.4,46,ask,EarnestEspressos,CostlyCorianders,4715699
2026-07-02T20:01:50.586555,2026-07-02T20:01:50.594443+00:00,126.4,50,ask,EarnestEspressos,FlawlessFlatbreads,4715714
2026-07-02T20:01:52.010964,2026-07-02T20:01:52.022451+00:00,126.4,100,ask,DiligentDonuts,EarnestEspressos,4715738
2026-07-02T20:01:52.016164,2026-07-02T20:01:52.022451+00:00,126.4,5,bid,Kelvin Chan,EarnestEspressos,4715739
2026-07-02T20:01:52.024971,2026-07-02T20:01:52.033303+00:00,126.4,34,bid,Xuanyu Liu,EarnestEspressos,4715741
2026-07-02T20:01:52.670716,2026-07-02T20:01:52.678157+00:00,126.4,11,bid,Xuanyu Liu,EarnestEspressos,4715761
2026-07-02T20:01:52.679298,2026-07-02T20:01:52.687086+00:00,126.5,6,bid,Xuanyu Liu,DiligentDonuts,4715763
2026-07-02T20:01:52.692909,2026-07-02T20:01:52.702753+00:00,126.0,50,ask,DiligentDonuts,FlawlessFlatbreads,4715765
2026-07-02T20:01:53.455034,2026-07-02T20:01:53.466375+00:00,126.5,47,bid,CostlyCorianders,DiligentDonuts,4715775
2026-07-02T20:01:54.536557,2026-07-02T20:01:54.547919+00:00,126.3,5,ask,Kelvin Chan,CostlyCorianders,4715793
2026-07-02T20:01:54.797068,2026-07-02T20:01:54.807791+00:00,126.3,5,ask,Kelvin Chan,FlawlessFlatbreads,4715809
2026-07-02T20:01:54.797068,2026-07-02T20:01:54.807791+00:00,126.0,45,ask,DiligentDonuts,FlawlessFlatbreads,4715810
2026-07-02T20:01:55.120128,2026-07-02T20:01:55.127021+00:00,126.5,47,bid,EarnestEspressos,DiligentDonuts,4715811
2026-07-02T20:01:55.183228,2026-07-02T20:01:55.191272+00:00,126.7,1,ask,EarnestEspressos,Xuanyu Liu,4715814
2026-07-02T20:01:55.192190,2026-07-02T20:01:55.200479+00:00,126.7,5,ask,EarnestEspressos,Xuanyu Liu,4715816
2026-07-02T20:01:55.342820,2026-07-02T20:01:55.351378+00:00,126.7,11,ask,EarnestEspressos,Xuanyu Liu,4715822
2026-07-02T20:01:56.598479,2026-07-02T20:01:56.606838+00:00,126.7,44,ask,EarnestEspressos,CostlyCorianders,4715842
2026-07-02T20:01:56.906911,2026-07-02T20:01:56.918284+00:00,126.7,42,ask,EarnestEspressos,FlawlessFlatbreads,4715852
2026-07-02T20:01:56.906911,2026-07-02T20:01:56.918284+00:00,126.3,8,ask,DiligentDonuts,FlawlessFlatbreads,4715853
2026-07-02T20:01:58.333432,2026-07-02T20:01:58.344984+00:00,126.3,92,ask,DiligentDonuts,EarnestEspressos,4715878
2026-07-02T20:01:58.333432,2026-07-02T20:01:58.344984+00:00,126.3,5,ask,Kelvin Chan,EarnestEspressos,4715879
2026-07-02T20:01:58.440518,2026-07-02T20:01:58.456106+00:00,126.2,11,bid,Xuanyu Liu,EarnestEspressos,4715881
2026-07-02T20:01:58.523873,2026-07-02T20:01:58.532079+00:00,126.1,6,bid,Xuanyu Liu,DiligentDonuts,4715886
2026-07-02T20:01:58.774142,2026-07-02T20:01:58.782018+00:00,126.1,5,bid,Kelvin Chan,DiligentDonuts,4715891
2026-07-02T20:01:58.979476,2026-07-02T20:01:58.989681+00:00,126.1,50,bid,FlawlessFlatbreads,DiligentDonuts,4715894
2026-07-02T20:02:01.085819,2026-07-02T20:02:01.095179+00:00,126.1,39,bid,FlawlessFlatbreads,DiligentDonuts,4715950
2026-07-02T20:02:01.085819,2026-07-02T20:02:01.095179+00:00,126.2,11,bid,FlawlessFlatbreads,EarnestEspressos,4715951
2026-07-02T20:02:03.177222,2026-07-02T20:02:03.185469+00:00,126.3,6,ask,EarnestEspressos,Xuanyu Liu,4715988
2026-07-02T20:02:03.194197,2026-07-02T20:02:03.200869+00:00,126.5,50,bid,FlawlessFlatbreads,DiligentDonuts,4715990
2026-07-02T20:02:05.299587,2026-07-02T20:02:05.311310+00:00,126.5,1,bid,FlawlessFlatbreads,Kelvin Chan,4716037
2026-07-02T20:02:07.466421,2026-07-02T20:02:07.475125+00:00,126.3,50,ask,EarnestEspressos,FlawlessFlatbreads,4716080
2026-07-02T20:02:08.428871,2026-07-02T20:02:08.437608+00:00,126.3,11,ask,DiligentDonuts,Xuanyu Liu,4716096
2026-07-02T20:02:08.563926,2026-07-02T20:02:08.570815+00:00,126.3,24,ask,DiligentDonuts,Zihao Wu,4716104
2026-07-02T20:02:09.574157,2026-07-02T20:02:09.585599+00:00,126.3,50,ask,DiligentDonuts,FlawlessFlatbreads,4716125
2026-07-02T20:02:11.156899,2026-07-02T20:02:11.168292+00:00,126.4,47,bid,CostlyCorianders,EarnestEspressos,4716163
2026-07-02T20:02:11.174099,2026-07-02T20:02:11.176626+00:00,126.1,1,bid,Zihao Wu,DiligentDonuts,4716167
2026-07-02T20:02:11.700009,2026-07-02T20:02:11.709726+00:00,125.9,50,ask,EarnestEspressos,FlawlessFlatbreads,4716176
2026-07-02T20:02:14.175412,2026-07-02T20:02:14.181867+00:00,125.7,1,ask,EarnestEspressos,Zihao Wu,4716215
2026-07-02T20:02:14.355444,2026-07-02T20:02:14.358591+00:00,126.1,47,bid,CostlyCorianders,DiligentDonuts,4716221
2026-07-02T20:02:15.351536,2026-07-02T20:02:15.353712+00:00,125.7,40,ask,EarnestEspressos,CostlyCorianders,4716240
2026-07-02T20:02:15.861033,2026-07-02T20:02:15.869794+00:00,126.1,50,bid,FlawlessFlatbreads,DiligentDonuts,4716255
2026-07-02T20:02:16.497559,2026-07-02T20:02:16.508921+00:00,125.7,44,ask,EarnestEspressos,CostlyCorianders,4716261
2026-07-02T20:02:17.347851,2026-07-02T20:02:17.357852+00:00,126.0,11,bid,Xuanyu Liu,EarnestEspressos,4716275
2026-07-02T20:02:17.372441,2026-07-02T20:02:17.383764+00:00,126.0,1,bid,Zihao Wu,EarnestEspressos,4716278
2026-07-02T20:02:17.434647,2026-07-02T20:02:17.446173+00:00,126.0,100,bid,DiligentDonuts,EarnestEspressos,4716279
2026-07-02T20:02:17.497353,2026-07-02T20:02:17.509018+00:00,126.0,38,bid,CostlyCorianders,EarnestEspressos,4716281
2026-07-02T20:02:17.497353,2026-07-02T20:02:17.509018+00:00,126.4,6,bid,CostlyCorianders,Kelvin Chan,4716282
2026-07-02T20:02:17.497353,2026-07-02T20:02:17.509018+00:00,126.5,4,bid,CostlyCorianders,DiligentDonuts,4716283
2026-07-02T20:02:17.573026,2026-07-02T20:02:17.581349+00:00,125.5,1,ask,EarnestEspressos,Zihao Wu,4716285
2026-07-02T20:02:17.966673,2026-07-02T20:02:17.973514+00:00,126.5,50,bid,FlawlessFlatbreads,DiligentDonuts,4716291
2026-07-02T20:02:19.775013,2026-07-02T20:02:19.783834+00:00,126.3,1,bid,Zihao Wu,Kelvin Chan,4716328
2026-07-02T20:02:20.378478,2026-07-02T20:02:20.389272+00:00,126.0,1,ask,Kelvin Chan,Zihao Wu,4716345
2026-07-02T20:02:20.576628,2026-07-02T20:02:20.583790+00:00,126.3,1,bid,Zihao Wu,Kelvin Chan,4716351
2026-07-02T20:02:20.650356,2026-07-02T20:02:20.656669+00:00,126.3,1,bid,CostlyCorianders,Kelvin Chan,4716352
2026-07-02T20:02:20.713821,2026-07-02T20:02:20.720158+00:00,126.2,46,ask,EarnestEspressos,CostlyCorianders,4716355
2026-07-02T20:02:21.217280,2026-07-02T20:02:21.228869+00:00,126.4,2,bid,CostlyCorianders,Kelvin Chan,4716360
2026-07-02T20:02:21.217280,2026-07-02T20:02:21.228869+00:00,126.5,42,bid,CostlyCorianders,DiligentDonuts,4716361
2026-07-02T20:02:21.529577,2026-07-02T20:02:21.537677+00:00,126.2,11,ask,EarnestEspressos,Xuanyu Liu,4716370
2026-07-02T20:02:21.578151,2026-07-02T20:02:21.584570+00:00,126.2,1,ask,EarnestEspressos,Zihao Wu,4716373
2026-07-02T20:02:22.229742,2026-07-02T20:02:22.241061+00:00,126.2,50,ask,EarnestEspressos,FlawlessFlatbreads,4716389
2026-07-02T20:02:22.784917,2026-07-02T20:02:22.796351+00:00,126.2,42,ask,EarnestEspressos,CostlyCorianders,4716394
2026-07-02T20:02:22.980140,2026-07-02T20:02:22.986911+00:00,126.4,1,bid,Zihao Wu,Kelvin Chan,4716398
2026-07-02T20:02:23.660902,2026-07-02T20:02:23.667457+00:00,126.0,1,ask,Kelvin Chan,EarnestEspressos,4716407
2026-07-02T20:02:23.660902,2026-07-02T20:02:23.672469+00:00,126.0,100,ask,DiligentDonuts,EarnestEspressos,4716408
2026-07-02T20:02:23.673767,2026-07-02T20:02:23.681623+00:00,125.9,5,bid,Xuanyu Liu,EarnestEspressos,4716409
2026-07-02T20:02:23.683733,2026-07-02T20:02:23.691842+00:00,125.9,6,bid,Xuanyu Liu,EarnestEspressos,4716412
2026-07-02T20:02:23.738188,2026-07-02T20:02:23.757890+00:00,125.9,4,bid,Kelvin Chan,EarnestEspressos,4716417
2026-07-02T20:02:23.765446,2026-07-02T20:02:23.778649+00:00,125.9,6,bid,Xuanyu Liu,EarnestEspressos,4716418
2026-07-02T20:02:23.816799,2026-07-02T20:02:23.825564+00:00,125.9,4,bid,Kelvin Chan,EarnestEspressos,4716424
2026-07-02T20:02:23.971772,2026-07-02T20:02:23.981798+00:00,125.9,3,bid,Kelvin Chan,EarnestEspressos,4716429
2026-07-02T20:02:24.578433,2026-07-02T20:02:24.588563+00:00,125.9,3,bid,Kelvin Chan,EarnestEspressos,4716436
2026-07-02T20:02:24.732625,2026-07-02T20:02:24.741755+00:00,125.9,3,bid,Kelvin Chan,EarnestEspressos,4716437
2026-07-02T20:02:25.844142,2026-07-02T20:02:25.858615+00:00,125.9,15,bid,CostlyCorianders,EarnestEspressos,4716460
2026-07-02T20:02:25.844142,2026-07-02T20:02:25.858615+00:00,126.1,28,bid,CostlyCorianders,DiligentDonuts,4716461
2026-07-02T20:02:26.449564,2026-07-02T20:02:26.463993+00:00,125.6,50,ask,DiligentDonuts,FlawlessFlatbreads,4716475
2026-07-02T20:02:26.782853,2026-07-02T20:02:26.792753+00:00,126.1,1,bid,Zihao Wu,DiligentDonuts,4716479
2026-07-02T20:02:26.981472,2026-07-02T20:02:26.990544+00:00,126.0,100,ask,EarnestEspressos,DiligentDonuts,4716485
2026-07-02T20:02:27.147920,2026-07-02T20:02:27.159710+00:00,126.0,46,ask,EarnestEspressos,CostlyCorianders,4716488
2026-07-02T20:02:28.557772,2026-07-02T20:02:28.569712+00:00,126.0,4,ask,EarnestEspressos,FlawlessFlatbreads,4716506
2026-07-02T20:02:28.557772,2026-07-02T20:02:28.569712+00:00,125.5,46,ask,DiligentDonuts,FlawlessFlatbreads,4716507
2026-07-02T20:02:28.583381,2026-07-02T20:02:28.590442+00:00,125.5,1,ask,DiligentDonuts,Zihao Wu,4716509
2026-07-02T20:02:30.186963,2026-07-02T20:02:30.193761+00:00,125.7,1,bid,Zihao Wu,EarnestEspressos,4716538
2026-07-02T20:02:30.663065,2026-07-02T20:02:30.674415+00:00,125.5,50,ask,DiligentDonuts,FlawlessFlatbreads,4716548
2026-07-02T20:02:32.718876,2026-07-02T20:02:32.730225+00:00,125.7,50,bid,FlawlessFlatbreads,EarnestEspressos,4716582
2026-07-02T20:02:33.189884,2026-07-02T20:02:33.198175+00:00,125.5,1,ask,DiligentDonuts,Zihao Wu,4716589
2026-07-02T20:02:33.589799,2026-07-02T20:02:33.600369+00:00,125.9,1,bid,Zihao Wu,DiligentDonuts,4716597
2026-07-02T20:02:33.883015,2026-07-02T20:02:33.894561+00:00,125.9,46,bid,CostlyCorianders,DiligentDonuts,4716599
2026-07-02T20:02:34.359890,2026-07-02T20:02:34.371417+00:00,125.9,44,bid,CostlyCorianders,DiligentDonuts,4716605
2026-07-02T20:02:34.858074,2026-07-02T20:02:34.869624+00:00,125.5,43,ask,EarnestEspressos,CostlyCorianders,4716611
2026-07-02T20:02:34.877696,2026-07-02T20:02:34.884994+00:00,125.5,50,ask,EarnestEspressos,FlawlessFlatbreads,4716613
2026-07-02T20:02:35.860364,2026-07-02T20:02:35.871998+00:00,125.9,9,bid,CostlyCorianders,DiligentDonuts,4716622
2026-07-02T20:02:35.860364,2026-07-02T20:02:35.871998+00:00,126.0,38,bid,CostlyCorianders,EarnestEspressos,4716623
2026-07-02T20:02:36.192921,2026-07-02T20:02:36.200437+00:00,125.5,1,ask,EarnestEspressos,Zihao Wu,4716629
2026-07-02T20:02:36.401384,2026-07-02T20:02:36.409081+00:00,125.8,1,bid,Zihao Wu,EarnestEspressos,4716636
2026-07-02T20:02:36.413973,2026-07-02T20:02:36.429654+00:00,125.8,100,bid,DiligentDonuts,EarnestEspressos,4716637
2026-07-02T20:02:36.444237,2026-07-02T20:02:36.458571+00:00,125.3,47,ask,EarnestEspressos,CostlyCorianders,4716638
2026-07-02T20:02:36.932264,2026-07-02T20:02:36.943639+00:00,125.8,49,bid,FlawlessFlatbreads,EarnestEspressos,4716645
2026-07-02T20:02:36.932264,2026-07-02T20:02:36.943639+00:00,126.0,1,bid,FlawlessFlatbreads,Kelvin Chan,4716646
2026-07-02T20:02:36.997256,2026-07-02T20:02:37.006358+00:00,125.3,1,ask,EarnestEspressos,Zihao Wu,4716650
2026-07-02T20:02:37.397314,2026-07-02T20:02:37.407060+00:00,126.0,1,bid,Zihao Wu,Kelvin Chan,4716655
2026-07-02T20:02:38.595385,2026-07-02T20:02:38.603015+00:00,126.0,1,bid,Zihao Wu,Kelvin Chan,4716684
2026-07-02T20:02:39.039037,2026-07-02T20:02:39.046696+00:00,126.0,2,bid,FlawlessFlatbreads,Kelvin Chan,4716692
2026-07-02T20:02:39.201262,2026-07-02T20:02:39.208841+00:00,125.3,2,ask,EarnestEspressos,Zihao Wu,4716696
2026-07-02T20:02:39.597106,2026-07-02T20:02:39.603834+00:00,126.0,2,bid,Zihao Wu,Kelvin Chan,4716700
2026-07-02T20:02:41.144436,2026-07-02T20:02:41.155548+00:00,125.9,50,bid,FlawlessFlatbreads,DiligentDonuts,4716722
2026-07-02T20:02:43.250638,2026-07-02T20:02:43.258543+00:00,126.0,3,bid,FlawlessFlatbreads,Kelvin Chan,4716768
2026-07-02T20:02:43.250638,2026-07-02T20:02:43.258543+00:00,126.0,47,bid,FlawlessFlatbreads,DiligentDonuts,4716769
2026-07-02T20:02:45.072014,2026-07-02T20:02:45.083632+00:00,126.0,49,bid,CostlyCorianders,DiligentDonuts,4716805
2026-07-02T20:02:45.129578,2026-07-02T20:02:45.137798+00:00,125.7,6,ask,EarnestEspressos,Xuanyu Liu,4716810
2026-07-02T20:02:45.410365,2026-07-02T20:02:45.421682+00:00,125.7,50,ask,EarnestEspressos,FlawlessFlatbreads,4716816
2026-07-02T20:02:45.825219,2026-07-02T20:02:45.832011+00:00,125.7,1,bid,Kelvin Chan,EarnestEspressos,4716825
2026-07-02T20:02:45.861901,2026-07-02T20:02:45.868662+00:00,125.2,2,ask,EarnestEspressos,Zihao Wu,4716828
2026-07-02T20:02:46.062082,2026-07-02T20:02:46.070528+00:00,125.7,2,bid,Zihao Wu,EarnestEspressos,4716840
2026-07-02T20:02:46.429791,2026-07-02T20:02:46.438593+00:00,125.7,6,bid,Xuanyu Liu,EarnestEspressos,4716851
2026-07-02T20:02:49.068042,2026-07-02T20:02:49.074731+00:00,125.6,2,ask,DiligentDonuts,Zihao Wu,4716895
2026-07-02T20:02:49.267374,2026-07-02T20:02:49.273992+00:00,125.8,2,bid,Zihao Wu,EarnestEspressos,4716900
2026-07-02T20:02:49.327514,2026-07-02T20:02:49.335697+00:00,125.6,6,ask,DiligentDonuts,Xuanyu Liu,4716904
2026-07-02T20:02:49.569553,2026-07-02T20:02:49.579590+00:00,125.8,50,bid,FlawlessFlatbreads,EarnestEspressos,4716912
2026-07-02T20:02:50.158369,2026-07-02T20:02:50.169722+00:00,125.6,40,ask,DiligentDonuts,CostlyCorianders,4716921
2026-07-02T20:02:51.126940,2026-07-02T20:02:51.138333+00:00,125.8,47,bid,CostlyCorianders,EarnestEspressos,4716937
2026-07-02T20:02:51.675706,2026-07-02T20:02:51.684517+00:00,125.8,50,bid,FlawlessFlatbreads,EarnestEspressos,4716954
2026-07-02T20:02:52.082811,2026-07-02T20:02:52.091590+00:00,125.8,11,ask,EarnestEspressos,Xuanyu Liu,4716955
2026-07-02T20:02:52.292686,2026-07-02T20:02:52.300565+00:00,125.8,2,ask,EarnestEspressos,Zihao Wu,4716963
2026-07-02T20:02:53.488615,2026-07-02T20:02:53.496337+00:00,125.9,2,bid,Zihao Wu,DiligentDonuts,4716989
2026-07-02T20:02:53.791830,2026-07-02T20:02:53.798002+00:00,125.9,50,bid,FlawlessFlatbreads,DiligentDonuts,4716997
2026-07-02T20:02:53.872851,2026-07-02T20:02:53.879294+00:00,125.8,2,ask,EarnestEspressos,Zihao Wu,4716999
2026-07-02T20:02:54.100717,2026-07-02T20:02:54.110891+00:00,125.9,4,bid,Zihao Wu,DiligentDonuts,4717005
2026-07-02T20:02:54.688678,2026-07-02T20:02:54.694932+00:00,125.9,4,bid,Zihao Wu,DiligentDonuts,4717010
2026-07-02T20:02:54.875151,2026-07-02T20:02:54.885417+00:00,125.8,8,ask,EarnestEspressos,Zihao Wu,4717017
2026-07-02T20:02:55.300457,2026-07-02T20:02:55.308958+00:00,125.9,8,bid,Zihao Wu,DiligentDonuts,4717023
2026-07-02T20:02:55.898292,2026-07-02T20:02:55.908622+00:00,126.0,4,bid,FlawlessFlatbreads,Kelvin Chan,4717041
2026-07-02T20:02:55.898292,2026-07-02T20:02:55.908622+00:00,126.1,46,bid,FlawlessFlatbreads,DiligentDonuts,4717042
2026-07-02T20:02:57.876355,2026-07-02T20:02:57.883476+00:00,125.7,8,ask,EarnestEspressos,Zihao Wu,4717078
2026-07-02T20:02:58.007511,2026-07-02T20:02:58.019222+00:00,126.0,5,bid,FlawlessFlatbreads,Kelvin Chan,4717079
2026-07-02T20:02:58.007511,2026-07-02T20:02:58.019222+00:00,126.1,45,bid,FlawlessFlatbreads,DiligentDonuts,4717080
2026-07-02T20:02:58.277513,2026-07-02T20:02:58.284055+00:00,126.1,8,bid,Zihao Wu,DiligentDonuts,4717084
2026-07-02T20:02:58.570864,2026-07-02T20:02:58.578443+00:00,125.8,12,ask,DiligentDonuts,Xuanyu Liu,4717097
2026-07-02T20:02:58.676359,2026-07-02T20:02:58.685430+00:00,125.8,8,ask,DiligentDonuts,Zihao Wu,4717104
2026-07-02T20:02:58.944999,2026-07-02T20:02:58.953782+00:00,125.8,11,ask,DiligentDonuts,Xuanyu Liu,4717107
2026-07-02T20:02:59.565065,2026-07-02T20:02:59.574220+00:00,125.8,11,ask,DiligentDonuts,Xuanyu Liu,4717117
2026-07-02T20:03:00.133264,2026-07-02T20:03:00.143138+00:00,126.1,50,bid,FlawlessFlatbreads,EarnestEspressos,4717139
2026-07-02T20:03:02.240233,2026-07-02T20:03:02.251622+00:00,126.0,5,bid,FlawlessFlatbreads,Kelvin Chan,4717174
2026-07-02T20:03:02.240233,2026-07-02T20:03:02.251622+00:00,126.1,45,bid,FlawlessFlatbreads,DiligentDonuts,4717175
2026-07-02T20:03:03.683247,2026-07-02T20:03:03.689914+00:00,126.1,8,bid,Zihao Wu,DiligentDonuts,4717201
2026-07-02T20:03:03.884189,2026-07-02T20:03:03.895105+00:00,125.7,8,ask,EarnestEspressos,Zihao Wu,4717205
2026-07-02T20:03:04.380100,2026-07-02T20:03:04.390512+00:00,126.1,47,bid,FlawlessFlatbreads,DiligentDonuts,4717219
2026-07-02T20:03:04.380100,2026-07-02T20:03:04.390512+00:00,126.1,3,bid,FlawlessFlatbreads,Kelvin Chan,4717220
2026-07-02T20:03:04.683535,2026-07-02T20:03:04.690814+00:00,126.1,2,bid,Zihao Wu,Kelvin Chan,4717228
2026-07-02T20:03:04.884866,2026-07-02T20:03:04.891358+00:00,125.9,2,ask,DiligentDonuts,Zihao Wu,4717231
2026-07-02T20:03:05.306607,2026-07-02T20:03:05.318359+00:00,125.9,42,ask,DiligentDonuts,CostlyCorianders,4717239
2026-07-02T20:03:06.126465,2026-07-02T20:03:06.135382+00:00,125.9,12,ask,DiligentDonuts,Xuanyu Liu,4717261
2026-07-02T20:03:06.488729,2026-07-02T20:03:06.500309+00:00,126.1,5,bid,FlawlessFlatbreads,Kelvin Chan,4717269
2026-07-02T20:03:06.488729,2026-07-02T20:03:06.500309+00:00,126.3,45,bid,FlawlessFlatbreads,EarnestEspressos,4717270
2026-07-02T20:03:07.237387,2026-07-02T20:03:07.248619+00:00,125.9,40,ask,DiligentDonuts,CostlyCorianders,4717286
2026-07-02T20:03:07.437060,2026-07-02T20:03:07.450247+00:00,125.9,4,ask,DiligentDonuts,Xuanyu Liu,4717290
2026-07-02T20:03:08.485447,2026-07-02T20:03:08.494630+00:00,125.6,45,ask,EarnestEspressos,CostlyCorianders,4717315
2026-07-02T20:03:08.598644,2026-07-02T20:03:08.609064+00:00,125.9,50,bid,FlawlessFlatbreads,DiligentDonuts,4717320
2026-07-02T20:03:10.059623,2026-07-02T20:03:10.068014+00:00,125.9,16,bid,Xuanyu Liu,DiligentDonuts,4717346
2026-07-02T20:03:10.101092,2026-07-02T20:03:10.112229+00:00,125.9,2,bid,Zihao Wu,DiligentDonuts,4717351
2026-07-02T20:03:10.705172,2026-07-02T20:03:10.714417+00:00,125.9,32,bid,FlawlessFlatbreads,DiligentDonuts,4717360
2026-07-02T20:03:10.705172,2026-07-02T20:03:10.714417+00:00,126.1,5,bid,FlawlessFlatbreads,Kelvin Chan,4717361
2026-07-02T20:03:10.705172,2026-07-02T20:03:10.719424+00:00,126.1,13,bid,FlawlessFlatbreads,EarnestEspressos,4717362
2026-07-02T20:03:10.877029,2026-07-02T20:03:10.888655+00:00,126.1,46,bid,CostlyCorianders,EarnestEspressos,4717364
2026-07-02T20:03:11.123771,2026-07-02T20:03:11.131659+00:00,126.1,12,ask,EarnestEspressos,Xuanyu Liu,4717370
2026-07-02T20:03:11.291349,2026-07-02T20:03:11.297683+00:00,126.1,2,ask,EarnestEspressos,Zihao Wu,4717373
2026-07-02T20:03:11.370019,2026-07-02T20:03:11.380128+00:00,126.1,11,ask,EarnestEspressos,Xuanyu Liu,4717375
2026-07-02T20:03:12.573135,2026-07-02T20:03:12.580122+00:00,126.1,41,ask,EarnestEspressos,CostlyCorianders,4717396
2026-07-02T20:03:12.681732,2026-07-02T20:03:12.690400+00:00,126.1,12,ask,EarnestEspressos,Xuanyu Liu,4717398
2026-07-02T20:03:12.836954,2026-07-02T20:03:12.843742+00:00,126.5,50,bid,FlawlessFlatbreads,DiligentDonuts,4717400
2026-07-02T20:03:13.990009,2026-07-02T20:03:13.998271+00:00,126.1,11,ask,EarnestEspressos,Xuanyu Liu,4717423
2026-07-02T20:03:14.266567,2026-07-02T20:03:14.287699+00:00,126.0,100,ask,DiligentDonuts,EarnestEspressos,4717434
2026-07-02T20:03:14.279031,2026-07-02T20:03:14.287699+00:00,125.8,11,bid,Xuanyu Liu,EarnestEspressos,4717438
2026-07-02T20:03:14.293473,2026-07-02T20:03:14.302911+00:00,125.8,2,bid,Zihao Wu,EarnestEspressos,4717441
2026-07-02T20:03:14.587439,2026-07-02T20:03:14.595106+00:00,125.8,3,bid,Xuanyu Liu,EarnestEspressos,4717447
2026-07-02T20:03:14.949704,2026-07-02T20:03:14.958563+00:00,125.8,34,bid,FlawlessFlatbreads,EarnestEspressos,4717453
2026-07-02T20:03:14.949704,2026-07-02T20:03:14.958563+00:00,126.0,16,bid,FlawlessFlatbreads,DiligentDonuts,4717454
2026-07-02T20:03:15.098850,2026-07-02T20:03:15.107725+00:00,125.5,2,ask,DiligentDonuts,Zihao Wu,4717457
2026-07-02T20:03:17.079729,2026-07-02T20:03:17.090020+00:00,126.0,50,bid,FlawlessFlatbreads,DiligentDonuts,4717500
2026-07-02T20:03:18.649733,2026-07-02T20:03:18.655976+00:00,125.9,40,ask,EarnestEspressos,CostlyCorianders,4717536
2026-07-02T20:03:19.186907,2026-07-02T20:03:19.198550+00:00,126.2,5,bid,FlawlessFlatbreads,Kelvin Chan,4717541
2026-07-02T20:03:19.186907,2026-07-02T20:03:19.198550+00:00,126.2,45,bid,FlawlessFlatbreads,DiligentDonuts,4717542
2026-07-02T20:03:19.237462,2026-07-02T20:03:19.245815+00:00,125.9,14,ask,EarnestEspressos,Xuanyu Liu,4717543
2026-07-02T20:03:19.728528,2026-07-02T20:03:19.738849+00:00,126.2,42,bid,CostlyCorianders,DiligentDonuts,4717549
2026-07-02T20:03:21.402425,2026-07-02T20:03:21.414095+00:00,125.8,41,ask,DiligentDonuts,CostlyCorianders,4717579
2026-07-02T20:03:23.409147,2026-07-02T20:03:23.420605+00:00,126.0,44,bid,CostlyCorianders,EarnestEspressos,4717612
2026-07-02T20:03:23.467529,2026-07-02T20:03:23.479174+00:00,125.8,50,ask,DiligentDonuts,FlawlessFlatbreads,4717614
2026-07-02T20:03:24.572277,2026-07-02T20:03:24.584518+00:00,125.8,1,ask,Kelvin Chan,CostlyCorianders,4717628
2026-07-02T20:03:24.572277,2026-07-02T20:03:24.584518+00:00,125.7,43,ask,EarnestEspressos,CostlyCorianders,4717629
2026-07-02T20:03:25.573813,2026-07-02T20:03:25.585282+00:00,125.8,2,ask,Kelvin Chan,FlawlessFlatbreads,4717646
2026-07-02T20:03:25.573813,2026-07-02T20:03:25.585282+00:00,125.7,48,ask,EarnestEspressos,FlawlessFlatbreads,4717647
2026-07-02T20:03:25.624359,2026-07-02T20:03:25.631150+00:00,125.7,42,ask,EarnestEspressos,CostlyCorianders,4717650
2026-07-02T20:03:26.929512,2026-07-02T20:03:26.940831+00:00,125.5,100,ask,DiligentDonuts,EarnestEspressos,4717677
2026-07-02T20:03:26.941947,2026-07-02T20:03:26.951737+00:00,125.4,11,bid,Xuanyu Liu,EarnestEspressos,4717678
2026-07-02T20:03:27.108042,2026-07-02T20:03:27.116367+00:00,125.4,12,bid,Xuanyu Liu,EarnestEspressos,4717690
2026-07-02T20:03:27.687993,2026-07-02T20:03:27.697051+00:00,125.0,50,ask,DiligentDonuts,FlawlessFlatbreads,4717700
2026-07-02T20:03:28.108269,2026-07-02T20:03:28.116108+00:00,125.4,4,bid,Zihao Wu,EarnestEspressos,4717717
2026-07-02T20:03:28.807054,2026-07-02T20:03:28.815944+00:00,125.4,8,bid,Xuanyu Liu,EarnestEspressos,4717731
2026-07-02T20:03:28.862576,2026-07-02T20:03:28.871215+00:00,125.4,3,bid,Xuanyu Liu,EarnestEspressos,4717734
2026-07-02T20:03:29.802748,2026-07-02T20:03:29.814205+00:00,125.4,7,bid,Kelvin Chan,EarnestEspressos,4717751
2026-07-02T20:03:30.042018,2026-07-02T20:03:30.048452+00:00,125.5,100,bid,EarnestEspressos,DiligentDonuts,4717758
2026-07-02T20:03:30.105931,2026-07-02T20:03:30.118010+00:00,125.7,23,ask,EarnestEspressos,Xuanyu Liu,4717761
2026-07-02T20:03:30.116947,2026-07-02T20:03:30.133577+00:00,125.7,4,ask,EarnestEspressos,Zihao Wu,4717765
2026-07-02T20:03:31.906186,2026-07-02T20:03:31.913649+00:00,125.7,23,ask,EarnestEspressos,FlawlessFlatbreads,4717791
2026-07-02T20:03:31.906186,2026-07-02T20:03:31.918865+00:00,125.6,7,ask,Kelvin Chan,FlawlessFlatbreads,4717792
2026-07-02T20:03:31.906186,2026-07-02T20:03:31.918865+00:00,125.3,20,ask,DiligentDonuts,FlawlessFlatbreads,4717793
2026-07-02T20:03:33.254168,2026-07-02T20:03:33.265573+00:00,125.6,7,ask,Kelvin Chan,EarnestEspressos,4717815
2026-07-02T20:03:34.014059,2026-07-02T20:03:34.025478+00:00,125.2,50,ask,DiligentDonuts,FlawlessFlatbreads,4717830
2026-07-02T20:03:34.932615,2026-07-02T20:03:34.944111+00:00,125.6,49,bid,CostlyCorianders,EarnestEspressos,4717848
2026-07-02T20:03:36.121734,2026-07-02T20:03:36.129916+00:00,125.5,4,ask,Kelvin Chan,FlawlessFlatbreads,4717877
2026-07-02T20:03:36.121734,2026-07-02T20:03:36.129916+00:00,125.2,46,ask,DiligentDonuts,FlawlessFlatbreads,4717878
2026-07-02T20:03:38.058631,2026-07-02T20:03:38.066153+00:00,125.5,41,bid,CostlyCorianders,DiligentDonuts,4717912
2026-07-02T20:03:38.229397,2026-07-02T20:03:38.238835+00:00,125.3,50,ask,EarnestEspressos,FlawlessFlatbreads,4717917
2026-07-02T20:03:40.335751,2026-07-02T20:03:40.344933+00:00,125.1,50,ask,DiligentDonuts,FlawlessFlatbreads,4717962
2026-07-02T20:03:41.526750,2026-07-02T20:03:41.534920+00:00,125.5,23,bid,Xuanyu Liu,EarnestEspressos,4717985
2026-07-02T20:03:41.723103,2026-07-02T20:03:41.730796+00:00,125.5,4,bid,Zihao Wu,EarnestEspressos,4717994
2026-07-02T20:03:42.441206,2026-07-02T20:03:42.452706+00:00,125.1,50,ask,DiligentDonuts,FlawlessFlatbreads,4718014
2026-07-02T20:03:42.925366,2026-07-02T20:03:42.931901+00:00,125.3,4,ask,EarnestEspressos,Zihao Wu,4718027
2026-07-02T20:03:43.035970,2026-07-02T20:03:43.047313+00:00,125.3,44,ask,EarnestEspressos,CostlyCorianders,4718029
2026-07-02T20:03:43.985303,2026-07-02T20:03:43.996740+00:00,125.5,48,bid,CostlyCorianders,DiligentDonuts,4718044
2026-07-02T20:03:44.548898,2026-07-02T20:03:44.555159+00:00,125.3,50,ask,EarnestEspressos,FlawlessFlatbreads,4718055
2026-07-02T20:03:45.914122,2026-07-02T20:03:45.922753+00:00,125.4,12,bid,Xuanyu Liu,EarnestEspressos,4718074
2026-07-02T20:03:46.163051,2026-07-02T20:03:46.179803+00:00,125.4,11,bid,Xuanyu Liu,EarnestEspressos,4718082
2026-07-02T20:03:46.660260,2026-07-02T20:03:46.669150+00:00,125.3,4,ask,Kelvin Chan,FlawlessFlatbreads,4718097
2026-07-02T20:03:46.660260,2026-07-02T20:03:46.669150+00:00,125.1,46,ask,DiligentDonuts,FlawlessFlatbreads,4718098
2026-07-02T20:03:46.730601,2026-07-02T20:03:46.741975+00:00,125.4,4,bid,Zihao Wu,EarnestEspressos,4718100
2026-07-02T20:03:48.688117,2026-07-02T20:03:48.699299+00:00,125.4,44,bid,CostlyCorianders,EarnestEspressos,4718126
2026-07-02T20:03:49.132312,2026-07-02T20:03:49.141861+00:00,125.3,4,ask,EarnestEspressos,Zihao Wu,4718135
2026-07-02T20:03:49.332371,2026-07-02T20:03:49.338974+00:00,125.6,4,bid,Zihao Wu,DiligentDonuts,4718144
2026-07-02T20:03:52.134962,2026-07-02T20:03:52.143172+00:00,125.2,4,ask,Kelvin Chan,Zihao Wu,4718180
2026-07-02T20:03:52.176694,2026-07-02T20:03:52.188323+00:00,125.6,96,bid,EarnestEspressos,DiligentDonuts,4718181
2026-07-02T20:03:52.827011,2026-07-02T20:03:52.838502+00:00,125.6,48,ask,EarnestEspressos,CostlyCorianders,4718199
2026-07-02T20:03:52.975641,2026-07-02T20:03:52.987020+00:00,125.6,6,ask,EarnestEspressos,FlawlessFlatbreads,4718202
2026-07-02T20:03:52.975641,2026-07-02T20:03:52.987020+00:00,125.6,44,ask,DiligentDonuts,FlawlessFlatbreads,4718203
2026-07-02T20:03:54.079524,2026-07-02T20:03:54.087531+00:00,125.6,1,ask,DiligentDonuts,Xuanyu Liu,4718222
2026-07-02T20:03:55.393507,2026-07-02T20:03:55.413951+00:00,125.6,55,ask,DiligentDonuts,EarnestEspressos,4718239
2026-07-02T20:03:55.405482,2026-07-02T20:03:55.413951+00:00,125.3,24,bid,Xuanyu Liu,EarnestEspressos,4718240
2026-07-02T20:03:55.537666,2026-07-02T20:03:55.546831+00:00,125.3,4,bid,Zihao Wu,EarnestEspressos,4718245
2026-07-02T20:03:56.357020,2026-07-02T20:03:56.353041+00:00,125.2,3,ask,Kelvin Chan,CostlyCorianders,4718269
2026-07-02T20:03:56.357020,2026-07-02T20:03:56.370538+00:00,125.2,42,ask,DiligentDonuts,CostlyCorianders,4718270
2026-07-02T20:03:57.096578,2026-07-02T20:03:57.103735+00:00,125.3,8,bid,Kelvin Chan,EarnestEspressos,4718285
2026-07-02T20:03:57.189287,2026-07-02T20:03:57.200633+00:00,125.2,50,ask,DiligentDonuts,FlawlessFlatbreads,4718287
2026-07-02T20:03:57.210050,2026-07-02T20:03:57.219575+00:00,125.3,7,bid,Kelvin Chan,EarnestEspressos,4718288
2026-07-02T20:03:57.298084,2026-07-02T20:03:57.307938+00:00,125.3,6,bid,Kelvin Chan,EarnestEspressos,4718295
2026-07-02T20:03:57.416233,2026-07-02T20:03:57.427693+00:00,125.3,7,bid,Kelvin Chan,EarnestEspressos,4718300
2026-07-02T20:03:58.019463,2026-07-02T20:03:58.031219+00:00,125.3,39,bid,CostlyCorianders,EarnestEspressos,4718310
2026-07-02T20:03:58.019463,2026-07-02T20:03:58.031219+00:00,125.7,8,bid,CostlyCorianders,DiligentDonuts,4718311
2026-07-02T20:03:58.340809,2026-07-02T20:03:58.350170+00:00,125.2,4,ask,DiligentDonuts,Zihao Wu,4718320
2026-07-02T20:04:00.743463,2026-07-02T20:04:00.753966+00:00,125.2,5,ask,Kelvin Chan,CostlyCorianders,4718370
2026-07-02T20:04:00.743463,2026-07-02T20:04:00.753966+00:00,125.2,39,ask,EarnestEspressos,CostlyCorianders,4718371
2026-07-02T20:04:05.559327,2026-07-02T20:04:05.570942+00:00,125.3,50,bid,FlawlessFlatbreads,DiligentDonuts,4718462
2026-07-02T20:04:07.668449,2026-07-02T20:04:07.680009+00:00,125.3,50,bid,FlawlessFlatbreads,DiligentDonuts,4718512
2026-07-02T20:04:08.815142,2026-07-02T20:04:08.826722+00:00,125.5,1,bid,CostlyCorianders,Kelvin Chan,4718529
2026-07-02T20:04:08.815142,2026-07-02T20:04:08.826722+00:00,125.6,48,bid,CostlyCorianders,EarnestEspressos,4718530
2026-07-02T20:04:09.167531,2026-07-02T20:04:09.175559+00:00,125.1,16,ask,EarnestEspressos,Zihao Wu,4718542
2026-07-02T20:04:11.702771,2026-07-02T20:04:11.712150+00:00,125.3,23,ask,EarnestEspressos,Xuanyu Liu,4718610
2026-07-02T20:04:14.034722,2026-07-02T20:04:14.046061+00:00,125.3,50,ask,EarnestEspressos,FlawlessFlatbreads,4718672
2026-07-02T20:04:14.774177,2026-07-02T20:04:14.785999+00:00,125.4,41,bid,CostlyCorianders,EarnestEspressos,4718690
2026-07-02T20:04:14.830544,2026-07-02T20:04:14.842180+00:00,125.1,43,ask,DiligentDonuts,CostlyCorianders,4718691
2026-07-02T20:04:15.374509,2026-07-02T20:04:15.386248+00:00,125.1,41,ask,DiligentDonuts,CostlyCorianders,4718701
2026-07-02T20:04:16.140663,2026-07-02T20:04:16.152511+00:00,125.1,16,ask,DiligentDonuts,FlawlessFlatbreads,4718712
2026-07-02T20:04:16.140663,2026-07-02T20:04:16.152511+00:00,124.9,34,ask,EarnestEspressos,FlawlessFlatbreads,4718713
2026-07-02T20:04:16.942694,2026-07-02T20:04:16.951945+00:00,125.4,11,bid,Xuanyu Liu,EarnestEspressos,4718736
2026-07-02T20:04:18.221056,2026-07-02T20:04:18.230475+00:00,125.4,50,bid,FlawlessFlatbreads,DiligentDonuts,4718758
2026-07-02T20:04:19.570501,2026-07-02T20:04:19.580518+00:00,125.4,12,bid,Xuanyu Liu,DiligentDonuts,4718790
2026-07-02T20:04:20.328227,2026-07-02T20:04:20.337242+00:00,125.4,38,bid,FlawlessFlatbreads,DiligentDonuts,4718807
2026-07-02T20:04:20.328227,2026-07-02T20:04:20.337242+00:00,125.5,5,bid,FlawlessFlatbreads,Kelvin Chan,4718808
2026-07-02T20:04:20.328227,2026-07-02T20:04:20.337242+00:00,125.6,7,bid,FlawlessFlatbreads,EarnestEspressos,4718809
2026-07-02T20:04:22.190964,2026-07-02T20:04:22.198833+00:00,125.4,5,bid,Xuanyu Liu,Kelvin Chan,4718844
2026-07-02T20:04:22.436726,2026-07-02T20:04:22.445995+00:00,125.7,50,bid,FlawlessFlatbreads,EarnestEspressos,4718854
2026-07-02T20:04:26.117912,2026-07-02T20:04:26.126672+00:00,125.5,5,ask,EarnestEspressos,Xuanyu Liu,4718922
2026-07-02T20:04:26.369584,2026-07-02T20:04:26.381284+00:00,125.5,43,ask,EarnestEspressos,CostlyCorianders,4718927
2026-07-02T20:04:26.647861,2026-07-02T20:04:26.659238+00:00,125.9,50,bid,FlawlessFlatbreads,DiligentDonuts,4718930
2026-07-02T20:04:28.879167,2026-07-02T20:04:28.890879+00:00,125.7,44,bid,CostlyCorianders,EarnestEspressos,4718973
2026-07-02T20:04:29.955108,2026-07-02T20:04:29.966727+00:00,125.6,1,bid,CostlyCorianders,Kelvin Chan,4718997
2026-07-02T20:04:29.955108,2026-07-02T20:04:29.966727+00:00,125.7,39,bid,CostlyCorianders,EarnestEspressos,4718998
2026-07-02T20:04:30.012225,2026-07-02T20:04:30.023914+00:00,125.4,48,ask,DiligentDonuts,CostlyCorianders,4718999
2026-07-02T20:04:30.059747,2026-07-02T20:04:30.070342+00:00,125.4,12,ask,DiligentDonuts,Xuanyu Liu,4719002
2026-07-02T20:04:30.859078,2026-07-02T20:04:30.866500+00:00,125.6,50,bid,FlawlessFlatbreads,DiligentDonuts,4719021
2026-07-02T20:04:31.365051,2026-07-02T20:04:31.375367+00:00,125.4,11,ask,EarnestEspressos,Xuanyu Liu,4719029
2026-07-02T20:04:32.986536,2026-07-02T20:04:32.998297+00:00,125.6,50,bid,FlawlessFlatbreads,DiligentDonuts,4719054
2026-07-02T20:04:35.092225,2026-07-02T20:04:35.103998+00:00,125.6,1,bid,FlawlessFlatbreads,Kelvin Chan,4719086
2026-07-02T20:04:35.092225,2026-07-02T20:04:35.103998+00:00,125.8,49,bid,FlawlessFlatbreads,EarnestEspressos,4719087
2026-07-02T20:04:35.289864,2026-07-02T20:04:35.298105+00:00,125.5,23,ask,DiligentDonuts,Xuanyu Liu,4719098
2026-07-02T20:04:36.194678,2026-07-02T20:04:36.206355+00:00,125.6,5,bid,CostlyCorianders,Kelvin Chan,4719115
2026-07-02T20:04:36.194678,2026-07-02T20:04:36.206355+00:00,125.8,43,bid,CostlyCorianders,EarnestEspressos,4719116
2026-07-02T20:04:36.250047,2026-07-02T20:04:36.256248+00:00,125.5,44,ask,DiligentDonuts,CostlyCorianders,4719117
2026-07-02T20:04:36.706235,2026-07-02T20:04:36.714096+00:00,125.7,5,bid,CostlyCorianders,Kelvin Chan,4719124
2026-07-02T20:04:36.717658,2026-07-02T20:04:36.724636+00:00,125.5,100,ask,EarnestEspressos,DiligentDonuts,4719126
2026-07-02T20:04:37.905471,2026-07-02T20:04:37.915184+00:00,125.5,23,ask,EarnestEspressos,Xuanyu Liu,4719159
2026-07-02T20:04:39.035719,2026-07-02T20:04:39.047240+00:00,125.7,5,bid,CostlyCorianders,Kelvin Chan,4719175
2026-07-02T20:04:39.214421,2026-07-02T20:04:39.222706+00:00,125.7,6,bid,Xuanyu Liu,Kelvin Chan,4719182
2026-07-02T20:04:39.310591,2026-07-02T20:04:39.322041+00:00,126.0,50,bid,FlawlessFlatbreads,EarnestEspressos,4719184
2026-07-02T20:04:40.157205,2026-07-02T20:04:40.168589+00:00,126.0,43,bid,CostlyCorianders,EarnestEspressos,4719216
2026-07-02T20:04:40.676586,2026-07-02T20:04:40.687209+00:00,125.6,46,ask,DiligentDonuts,CostlyCorianders,4719227
2026-07-02T20:04:41.468970,2026-07-02T20:04:41.480226+00:00,125.6,50,ask,DiligentDonuts,FlawlessFlatbreads,4719252
2026-07-02T20:04:41.659910,2026-07-02T20:04:41.671364+00:00,125.6,4,ask,DiligentDonuts,CostlyCorianders,4719255
2026-07-02T20:04:41.659910,2026-07-02T20:04:41.671364+00:00,125.5,45,ask,EarnestEspressos,CostlyCorianders,4719256
2026-07-02T20:04:42.263559,2026-07-02T20:04:42.274150+00:00,125.5,46,ask,EarnestEspressos,CostlyCorianders,4719270
2026-07-02T20:04:42.811082,2026-07-02T20:04:42.822205+00:00,125.7,5,bid,Zihao Wu,Kelvin Chan,4719289
2026-07-02T20:04:43.188826,2026-07-02T20:04:43.196705+00:00,125.7,17,bid,Xuanyu Liu,EarnestEspressos,4719304
2026-07-02T20:04:43.579443,2026-07-02T20:04:43.588432+00:00,125.2,50,ask,EarnestEspressos,FlawlessFlatbreads,4719315
2026-07-02T20:04:45.008738,2026-07-02T20:04:45.019812+00:00,125.4,1,ask,Kelvin Chan,Zihao Wu,4719337
2026-07-02T20:04:45.209968,2026-07-02T20:04:45.220035+00:00,125.7,5,bid,Zihao Wu,EarnestEspressos,4719340
2026-07-02T20:04:45.408244,2026-07-02T20:04:45.414932+00:00,125.4,1,ask,Kelvin Chan,Zihao Wu,4719346
2026-07-02T20:04:45.608790,2026-07-02T20:04:45.615237+00:00,125.7,9,bid,Zihao Wu,EarnestEspressos,4719354
2026-07-02T20:04:45.686214,2026-07-02T20:04:45.697854+00:00,125.2,50,ask,EarnestEspressos,FlawlessFlatbreads,4719361
2026-07-02T20:04:45.892305,2026-07-02T20:04:45.902436+00:00,125.7,5,bid,CostlyCorianders,Kelvin Chan,4719366
2026-07-02T20:04:45.892305,2026-07-02T20:04:45.902436+00:00,125.7,38,bid,CostlyCorianders,DiligentDonuts,4719367
2026-07-02T20:04:46.007473,2026-07-02T20:04:46.017807+00:00,125.4,12,bid,Xuanyu Liu,EarnestEspressos,4719369
2026-07-02T20:04:46.213362,2026-07-02T20:04:46.232917+00:00,125.3,17,ask,DiligentDonuts,Zihao Wu,4719374
2026-07-02T20:04:46.726103,2026-07-02T20:04:46.735194+00:00,125.4,11,bid,Xuanyu Liu,EarnestEspressos,4719381
2026-07-02T20:04:46.823349,2026-07-02T20:04:46.832458+00:00,125.4,41,bid,CostlyCorianders,EarnestEspressos,4719387
2026-07-02T20:04:46.928111,2026-07-02T20:04:46.935864+00:00,125.4,1,bid,Kelvin Chan,EarnestEspressos,4719390
2026-07-02T20:04:47.271795,2026-07-02T20:04:47.279223+00:00,125.4,1,bid,Kelvin Chan,EarnestEspressos,4719396
2026-07-02T20:04:47.792358,2026-07-02T20:04:47.803778+00:00,125.3,50,ask,DiligentDonuts,FlawlessFlatbreads,4719411
2026-07-02T20:04:49.899970,2026-07-02T20:04:49.911443+00:00,125.2,50,ask,EarnestEspressos,FlawlessFlatbreads,4719446
2026-07-02T20:04:52.008023,2026-07-02T20:04:52.017311+00:00,125.2,50,ask,EarnestEspressos,FlawlessFlatbreads,4719482
2026-07-02T20:04:52.376671,2026-07-02T20:04:52.384788+00:00,125.3,11,bid,Xuanyu Liu,EarnestEspressos,4719487
2026-07-02T20:04:54.115138,2026-07-02T20:04:54.126779+00:00,125.2,50,ask,DiligentDonuts,FlawlessFlatbreads,4719534
2026-07-02T20:04:54.473145,2026-07-02T20:04:54.484749+00:00,125.3,48,bid,CostlyCorianders,EarnestEspressos,4719539
2026-07-02T20:04:55.346904,2026-07-02T20:04:55.358579+00:00,125.3,44,bid,CostlyCorianders,EarnestEspressos,4719557
2026-07-02T20:04:56.222529,2026-07-02T20:04:56.233886+00:00,125.2,50,ask,EarnestEspressos,FlawlessFlatbreads,4719570
2026-07-02T20:04:58.339918,2026-07-02T20:04:58.358589+00:00,125.2,50,ask,EarnestEspressos,FlawlessFlatbreads,4719612
2026-07-02T20:04:59.880589,2026-07-02T20:04:59.891960+00:00,124.9,47,ask,DiligentDonuts,CostlyCorianders,4719650
2026-07-02T20:05:00.395861,2026-07-02T20:05:00.407091+00:00,125.2,50,bid,FlawlessFlatbreads,EarnestEspressos,4719656
2026-07-02T20:05:02.550719,2026-07-02T20:05:02.564048+00:00,125.2,41,bid,CostlyCorianders,DiligentDonuts,4719713
2026-07-02T20:05:05.493382,2026-07-02T20:05:05.501377+00:00,125.3,12,bid,Xuanyu Liu,DiligentDonuts,4719774
2026-07-02T20:05:06.710253,2026-07-02T20:05:06.721532+00:00,125.3,50,bid,FlawlessFlatbreads,DiligentDonuts,4719798
2026-07-02T20:05:07.412048,2026-07-02T20:05:07.423392+00:00,124.9,46,ask,EarnestEspressos,CostlyCorianders,4719814
2026-07-02T20:05:08.818944,2026-07-02T20:05:08.830280+00:00,125.2,50,bid,FlawlessFlatbreads,EarnestEspressos,4719844
2026-07-02T20:05:10.936387,2026-07-02T20:05:10.944802+00:00,125.2,50,bid,FlawlessFlatbreads,EarnestEspressos,4719891
2026-07-02T20:05:11.097165,2026-07-02T20:05:11.108687+00:00,125.0,49,ask,DiligentDonuts,CostlyCorianders,4719893
2026-07-02T20:05:11.653896,2026-07-02T20:05:11.664043+00:00,125.3,5,bid,CostlyCorianders,Kelvin Chan,4719901
2026-07-02T20:05:11.653896,2026-07-02T20:05:11.664043+00:00,125.4,35,bid,CostlyCorianders,DiligentDonuts,4719902
2026-07-02T20:05:12.194407,2026-07-02T20:05:12.205805+00:00,125.2,49,ask,EarnestEspressos,CostlyCorianders,4719908
2026-07-02T20:05:13.041828,2026-07-02T20:05:13.058561+00:00,125.3,3,bid,FlawlessFlatbreads,Kelvin Chan,4719937
2026-07-02T20:05:13.041828,2026-07-02T20:05:13.058561+00:00,125.4,47,bid,FlawlessFlatbreads,DiligentDonuts,4719938
2026-07-02T20:05:15.149060,2026-07-02T20:05:15.160259+00:00,125.4,50,bid,FlawlessFlatbreads,EarnestEspressos,4719974
2026-07-02T20:05:15.739861,2026-07-02T20:05:15.748494+00:00,125.4,40,bid,CostlyCorianders,EarnestEspressos,4719978
2026-07-02T20:05:15.785699,2026-07-02T20:05:15.794025+00:00,125.2,12,ask,DiligentDonuts,Xuanyu Liu,4719979
2026-07-02T20:05:16.768145,2026-07-02T20:05:16.779660+00:00,125.4,49,bid,CostlyCorianders,EarnestEspressos,4720006
2026-07-02T20:05:17.254493,2026-07-02T20:05:17.266282+00:00,125.4,11,bid,FlawlessFlatbreads,EarnestEspressos,4720018
2026-07-02T20:05:17.254493,2026-07-02T20:05:17.266282+00:00,125.4,3,bid,FlawlessFlatbreads,Kelvin Chan,4720019
2026-07-02T20:05:17.254493,2026-07-02T20:05:17.266282+00:00,125.7,36,bid,FlawlessFlatbreads,DiligentDonuts,4720020
2026-07-02T20:05:17.586349,2026-07-02T20:05:17.595092+00:00,125.5,22,ask,EarnestEspressos,Xuanyu Liu,4720025
2026-07-02T20:05:17.737574,2026-07-02T20:05:17.748351+00:00,125.5,4,ask,EarnestEspressos,Kelvin Chan,4720028
2026-07-02T20:05:17.796906,2026-07-02T20:05:17.804507+00:00,125.5,4,ask,EarnestEspressos,Kelvin Chan,4720031
2026-07-02T20:05:17.837070,2026-07-02T20:05:17.848325+00:00,125.5,4,ask,EarnestEspressos,Kelvin Chan,4720032
2026-07-02T20:05:17.881653,2026-07-02T20:05:17.890496+00:00,125.5,4,ask,EarnestEspressos,Kelvin Chan,4720033
2026-07-02T20:05:18.973555,2026-07-02T20:05:18.985130+00:00,125.5,42,ask,EarnestEspressos,CostlyCorianders,4720062
2026-07-02T20:05:19.063686,2026-07-02T20:05:19.074243+00:00,125.5,3,ask,EarnestEspressos,Kelvin Chan,4720063
2026-07-02T20:05:19.377673,2026-07-02T20:05:19.384940+00:00,125.7,50,bid,FlawlessFlatbreads,DiligentDonuts,4720076
2026-07-02T20:05:19.502469,2026-07-02T20:05:19.512282+00:00,125.5,40,ask,EarnestEspressos,CostlyCorianders,4720082
2026-07-02T20:05:21.483402,2026-07-02T20:05:21.494910+00:00,125.5,50,bid,FlawlessFlatbreads,EarnestEspressos,4720110
2026-07-02T20:05:22.143666,2026-07-02T20:05:22.150842+00:00,125.5,49,bid,CostlyCorianders,EarnestEspressos,4720122
2026-07-02T20:05:23.589003,2026-07-02T20:05:23.600477+00:00,125.5,50,bid,FlawlessFlatbreads,EarnestEspressos,4720155
2026-07-02T20:05:23.899574,2026-07-02T20:05:23.906512+00:00,125.5,4,bid,EarnestEspressos,Kelvin Chan,4720162
2026-07-02T20:05:23.912926,2026-07-02T20:05:23.922537+00:00,125.7,23,ask,EarnestEspressos,Xuanyu Liu,4720163
2026-07-02T20:05:25.142199,2026-07-02T20:05:25.150809+00:00,125.7,12,ask,EarnestEspressos,Xuanyu Liu,4720195
2026-07-02T20:05:25.274466,2026-07-02T20:05:25.282852+00:00,125.7,5,ask,EarnestEspressos,Kelvin Chan,4720203
2026-07-02T20:05:25.696745,2026-07-02T20:05:25.708067+00:00,125.9,50,bid,FlawlessFlatbreads,DiligentDonuts,4720212
2026-07-02T20:05:26.118873,2026-07-02T20:05:26.125735+00:00,125.7,5,ask,EarnestEspressos,Kelvin Chan,4720219
2026-07-02T20:05:26.250866,2026-07-02T20:05:26.263972+00:00,125.7,6,ask,EarnestEspressos,Kelvin Chan,4720221
2026-07-02T20:05:26.354611,2026-07-02T20:05:26.361101+00:00,125.7,5,ask,EarnestEspressos,Kelvin Chan,4720226
2026-07-02T20:05:27.296184,2026-07-02T20:05:27.308345+00:00,125.7,5,bid,DiligentDonuts,Kelvin Chan,4720245
2026-07-02T20:05:28.129417,2026-07-02T20:05:28.138095+00:00,125.7,5,ask,DiligentDonuts,Kelvin Chan,4720260
2026-07-02T20:05:28.291477,2026-07-02T20:05:28.299358+00:00,125.7,5,ask,DiligentDonuts,Kelvin Chan,4720261
2026-07-02T20:05:28.462451,2026-07-02T20:05:28.474160+00:00,125.7,5,ask,DiligentDonuts,Kelvin Chan,4720262
2026-07-02T20:05:29.983841,2026-07-02T20:05:29.993806+00:00,125.7,50,ask,DiligentDonuts,FlawlessFlatbreads,4720297
2026-07-02T20:05:30.004258,2026-07-02T20:05:30.015913+00:00,125.7,30,ask,DiligentDonuts,CostlyCorianders,4720298
2026-07-02T20:05:30.004258,2026-07-02T20:05:30.015913+00:00,125.6,15,ask,EarnestEspressos,CostlyCorianders,4720299
2026-07-02T20:05:31.924576,2026-07-02T20:05:31.932319+00:00,125.8,4,bid,CostlyCorianders,Kelvin Chan,4720343
2026-07-02T20:05:31.924576,2026-07-02T20:05:31.932319+00:00,125.9,36,bid,CostlyCorianders,EarnestEspressos,4720344
2026-07-02T20:05:32.097156,2026-07-02T20:05:32.104277+00:00,125.4,50,ask,EarnestEspressos,FlawlessFlatbreads,4720345
2026-07-02T20:05:34.203251,2026-07-02T20:05:34.214668+00:00,125.3,50,ask,EarnestEspressos,FlawlessFlatbreads,4720404
2026-07-02T20:05:36.323616,2026-07-02T20:05:36.333985+00:00,125.5,5,ask,Kelvin Chan,FlawlessFlatbreads,4720435
2026-07-02T20:05:36.323616,2026-07-02T20:05:36.333985+00:00,125.3,45,ask,EarnestEspressos,FlawlessFlatbreads,4720436
2026-07-02T20:05:36.599653,2026-07-02T20:05:36.611123+00:00,125.5,6,ask,Kelvin Chan,EarnestEspressos,4720440
2026-07-02T20:05:36.612377,2026-07-02T20:05:36.620856+00:00,125.3,8,bid,Xuanyu Liu,EarnestEspressos,4720441
2026-07-02T20:05:36.623442,2026-07-02T20:05:36.631412+00:00,125.3,15,bid,Xuanyu Liu,EarnestEspressos,4720445
2026-07-02T20:05:37.055659,2026-07-02T20:05:37.058562+00:00,125.1,43,ask,DiligentDonuts,CostlyCorianders,4720451
2026-07-02T20:05:37.282680,2026-07-02T20:05:37.290414+00:00,125.3,10,bid,Xuanyu Liu,EarnestEspressos,4720458
2026-07-02T20:05:37.917616,2026-07-02T20:05:37.923899+00:00,125.3,42,bid,CostlyCorianders,EarnestEspressos,4720476
2026-07-02T20:05:38.430978,2026-07-02T20:05:38.442604+00:00,125.1,50,ask,DiligentDonuts,FlawlessFlatbreads,4720485
2026-07-02T20:05:39.944592,2026-07-02T20:05:39.950156+00:00,124.9,45,ask,EarnestEspressos,CostlyCorianders,4720519
2026-07-02T20:05:40.017901,2026-07-02T20:05:40.026718+00:00,125.1,2,bid,Xuanyu Liu,DiligentDonuts,4720523
2026-07-02T20:05:40.410237,2026-07-02T20:05:40.421595+00:00,125.1,40,bid,CostlyCorianders,DiligentDonuts,4720535
2026-07-02T20:05:40.540039,2026-07-02T20:05:40.558606+00:00,124.9,50,ask,EarnestEspressos,FlawlessFlatbreads,4720540
2026-07-02T20:05:41.207997,2026-07-02T20:05:41.216200+00:00,125.1,11,bid,Xuanyu Liu,DiligentDonuts,4720553
2026-07-02T20:05:41.312560,2026-07-02T20:05:41.320000+00:00,125.1,5,bid,Kelvin Chan,DiligentDonuts,4720557
2026-07-02T20:05:42.311624,2026-07-02T20:05:42.322035+00:00,125.1,6,bid,Kelvin Chan,DiligentDonuts,4720580
2026-07-02T20:05:42.646486,2026-07-02T20:05:42.653967+00:00,124.9,50,ask,EarnestEspressos,FlawlessFlatbreads,4720590
2026-07-02T20:05:42.933005,2026-07-02T20:05:42.940552+00:00,125.0,11,bid,Xuanyu Liu,EarnestEspressos,4720596
2026-07-02T20:05:43.116101,2026-07-02T20:05:43.127408+00:00,125.0,100,bid,DiligentDonuts,EarnestEspressos,4720603
2026-07-02T20:05:44.511046,2026-07-02T20:05:44.518014+00:00,125.0,7,bid,Kelvin Chan,EarnestEspressos,4720635
2026-07-02T20:05:44.701042,2026-07-02T20:05:44.712532+00:00,125.0,32,bid,FlawlessFlatbreads,EarnestEspressos,4720637
2026-07-02T20:05:44.701042,2026-07-02T20:05:44.712532+00:00,125.5,18,bid,FlawlessFlatbreads,DiligentDonuts,4720638
2026-07-02T20:05:44.809138,2026-07-02T20:05:44.827896+00:00,125.2,7,ask,Kelvin Chan,Xuanyu Liu,4720642
2026-07-02T20:05:46.809445,2026-07-02T20:05:46.817871+00:00,125.2,50,bid,FlawlessFlatbreads,DiligentDonuts,4720690
2026-07-02T20:05:46.902854,2026-07-02T20:05:46.914664+00:00,125.2,44,bid,CostlyCorianders,DiligentDonuts,4720691
2026-07-02T20:05:47.889614,2026-07-02T20:05:47.899013+00:00,125.1,7,ask,Kelvin Chan,CostlyCorianders,4720711
2026-07-02T20:05:47.889614,2026-07-02T20:05:47.899013+00:00,125.0,35,ask,EarnestEspressos,CostlyCorianders,4720712
2026-07-02T20:05:48.915613,2026-07-02T20:05:48.927698+00:00,125.2,6,bid,FlawlessFlatbreads,DiligentDonuts,4720729
2026-07-02T20:05:48.915613,2026-07-02T20:05:48.927698+00:00,125.5,44,bid,FlawlessFlatbreads,EarnestEspressos,4720730
2026-07-02T20:05:50.081697,2026-07-02T20:05:50.090759+00:00,125.1,4,ask,Kelvin Chan,Xuanyu Liu,4720761
2026-07-02T20:05:50.639450,2026-07-02T20:05:50.651917+00:00,125.1,2,ask,Kelvin Chan,CostlyCorianders,4720773
2026-07-02T20:05:50.639450,2026-07-02T20:05:50.651917+00:00,125.1,38,ask,EarnestEspressos,CostlyCorianders,4720774
2026-07-02T20:05:51.023297,2026-07-02T20:05:51.034646+00:00,125.5,50,bid,FlawlessFlatbreads,DiligentDonuts,4720785
2026-07-02T20:05:53.129629,2026-07-02T20:05:53.140419+00:00,125.4,50,bid,FlawlessFlatbreads,EarnestEspressos,4720825
2026-07-02T20:05:54.009209,2026-07-02T20:05:54.019747+00:00,125.1,3,ask,Kelvin Chan,Xuanyu Liu,4720852
2026-07-02T20:05:54.009209,2026-07-02T20:05:54.019747+00:00,125.1,8,ask,DiligentDonuts,Xuanyu Liu,4720853
2026-07-02T20:05:55.289512,2026-07-02T20:05:55.299866+00:00,125.1,50,ask,DiligentDonuts,FlawlessFlatbreads,4720899
2026-07-02T20:05:56.198832,2026-07-02T20:05:56.208219+00:00,125.1,7,ask,Kelvin Chan,CostlyCorianders,4720925
2026-07-02T20:05:56.198832,2026-07-02T20:05:56.208219+00:00,125.0,36,ask,EarnestEspressos,CostlyCorianders,4720926
2026-07-02T20:05:57.343818,2026-07-02T20:05:57.355336+00:00,125.3,50,bid,FlawlessFlatbreads,DiligentDonuts,4720961
2026-07-02T20:05:59.380215,2026-07-02T20:05:59.388774+00:00,125.1,3,ask,Kelvin Chan,Xuanyu Liu,4721019
2026-07-02T20:05:59.448802,2026-07-02T20:05:59.459940+00:00,125.3,50,bid,FlawlessFlatbreads,EarnestEspressos,4721021
2026-07-02T20:06:01.080923,2026-07-02T20:06:01.089269+00:00,125.3,45,bid,CostlyCorianders,EarnestEspressos,4721046
2026-07-02T20:06:01.554819,2026-07-02T20:06:01.552344+00:00,125.3,50,bid,FlawlessFlatbreads,EarnestEspressos,4721060
2026-07-02T20:06:01.578701,2026-07-02T20:06:01.589096+00:00,125.0,43,ask,DiligentDonuts,CostlyCorianders,4721061
2026-07-02T20:06:01.875217,2026-07-02T20:06:01.884118+00:00,125.3,20,ask,EarnestEspressos,Xuanyu Liu,4721069
2026-07-02T20:06:02.144121,2026-07-02T20:06:02.153300+00:00,125.3,100,ask,EarnestEspressos,DiligentDonuts,4721073
2026-07-02T20:06:03.660625,2026-07-02T20:06:03.671888+00:00,125.8,50,bid,FlawlessFlatbreads,EarnestEspressos,4721094
2026-07-02T20:06:04.226120,2026-07-02T20:06:04.235720+00:00,125.3,12,ask,EarnestEspressos,Xuanyu Liu,4721097
2026-07-02T20:06:05.705364,2026-07-02T20:06:05.717219+00:00,125.6,44,bid,CostlyCorianders,EarnestEspressos,4721113
2026-07-02T20:06:05.775300,2026-07-02T20:06:05.783038+00:00,125.5,20,bid,FlawlessFlatbreads,Kelvin Chan,4721117
2026-07-02T20:06:05.775300,2026-07-02T20:06:05.788306+00:00,125.6,30,bid,FlawlessFlatbreads,EarnestEspressos,4721118
2026-07-02T20:06:07.871187,2026-07-02T20:06:07.882989+00:00,125.2,2,ask,Kelvin Chan,CostlyCorianders,4721151
2026-07-02T20:06:07.871187,2026-07-02T20:06:07.882989+00:00,125.1,41,ask,EarnestEspressos,CostlyCorianders,4721152
2026-07-02T20:06:07.883775,2026-07-02T20:06:07.893123+00:00,125.5,2,bid,FlawlessFlatbreads,Kelvin Chan,4721153
2026-07-02T20:06:07.883775,2026-07-02T20:06:07.893123+00:00,125.6,48,bid,FlawlessFlatbreads,EarnestEspressos,4721154
2026-07-02T20:06:09.991571,2026-07-02T20:06:10.001509+00:00,125.7,50,bid,FlawlessFlatbreads,DiligentDonuts,4721200
2026-07-02T20:06:11.348527,2026-07-02T20:06:11.358557+00:00,125.7,50,bid,EarnestEspressos,DiligentDonuts,4721232
2026-07-02T20:06:12.148206,2026-07-02T20:06:12.158551+00:00,125.8,50,ask,EarnestEspressos,FlawlessFlatbreads,4721247
2026-07-02T20:06:12.177773,2026-07-02T20:06:12.189180+00:00,126.3,41,bid,CostlyCorianders,EarnestEspressos,4721248
2026-07-02T20:06:14.254596,2026-07-02T20:06:14.266172+00:00,125.8,50,ask,EarnestEspressos,FlawlessFlatbreads,4721290
2026-07-02T20:06:14.732002,2026-07-02T20:06:14.743635+00:00,125.9,100,bid,DiligentDonuts,EarnestEspressos,4721303
2026-07-02T20:06:15.774854,2026-07-02T20:06:15.783421+00:00,125.9,45,bid,CostlyCorianders,EarnestEspressos,4721330
2026-07-02T20:06:17.704439,2026-07-02T20:06:17.713490+00:00,125.8,11,ask,EarnestEspressos,Xuanyu Liu,4721376
2026-07-02T20:06:17.948053,2026-07-02T20:06:17.954260+00:00,125.8,100,ask,EarnestEspressos,DiligentDonuts,4721381
2026-07-02T20:06:18.465911,2026-07-02T20:06:18.477449+00:00,125.8,39,ask,EarnestEspressos,FlawlessFlatbreads,4721394
2026-07-02T20:06:18.465911,2026-07-02T20:06:18.477449+00:00,125.6,5,ask,Kelvin Chan,FlawlessFlatbreads,4721395
2026-07-02T20:06:18.465911,2026-07-02T20:06:18.477449+00:00,125.3,6,ask,DiligentDonuts,FlawlessFlatbreads,4721396
2026-07-02T20:06:20.574236,2026-07-02T20:06:20.585836+00:00,125.6,3,ask,Kelvin Chan,FlawlessFlatbreads,4721449
2026-07-02T20:06:20.574236,2026-07-02T20:06:20.585836+00:00,125.3,47,ask,DiligentDonuts,FlawlessFlatbreads,4721450
2026-07-02T20:06:22.403137,2026-07-02T20:06:22.412340+00:00,125.7,11,bid,Xuanyu Liu,EarnestEspressos,4721473
2026-07-02T20:06:22.680839,2026-07-02T20:06:22.690532+00:00,125.5,50,ask,DiligentDonuts,FlawlessFlatbreads,4721480
2026-07-02T20:06:24.787467,2026-07-02T20:06:24.795681+00:00,125.5,5,ask,Kelvin Chan,FlawlessFlatbreads,4721530
2026-07-02T20:06:24.787467,2026-07-02T20:06:24.795681+00:00,125.5,45,ask,DiligentDonuts,FlawlessFlatbreads,4721531
2026-07-02T20:06:26.894256,2026-07-02T20:06:26.901815+00:00,125.5,50,ask,DiligentDonuts,FlawlessFlatbreads,4721583
2026-07-02T20:06:27.440722,2026-07-02T20:06:27.451988+00:00,125.5,3,ask,Kelvin Chan,DiligentDonuts,4721594
2026-07-02T20:06:29.012882,2026-07-02T20:06:29.024217+00:00,125.2,50,ask,EarnestEspressos,FlawlessFlatbreads,4721621
2026-07-02T20:06:29.743399,2026-07-02T20:06:29.754751+00:00,125.2,46,ask,EarnestEspressos,CostlyCorianders,4721648
2026-07-02T20:06:30.278515,2026-07-02T20:06:30.285279+00:00,125.2,40,ask,EarnestEspressos,CostlyCorianders,4721657
2026-07-02T20:06:30.452201,2026-07-02T20:06:30.463699+00:00,125.1,46,bid,Xuanyu Liu,EarnestEspressos,4721661
2026-07-02T20:06:30.891953,2026-07-02T20:06:30.903447+00:00,125.1,40,bid,CostlyCorianders,EarnestEspressos,4721673
2026-07-02T20:06:31.119566,2026-07-02T20:06:31.128962+00:00,125.0,50,ask,DiligentDonuts,FlawlessFlatbreads,4721677
2026-07-02T20:06:32.030013,2026-07-02T20:06:32.038435+00:00,125.1,11,bid,Xuanyu Liu,EarnestEspressos,4721695
2026-07-02T20:06:32.803936,2026-07-02T20:06:32.810512+00:00,125.1,41,bid,CostlyCorianders,EarnestEspressos,4721708
2026-07-02T20:06:33.200300,2026-07-02T20:06:33.210592+00:00,125.1,12,bid,FlawlessFlatbreads,EarnestEspressos,4721724
2026-07-02T20:06:33.200300,2026-07-02T20:06:33.210592+00:00,125.5,38,bid,FlawlessFlatbreads,DiligentDonuts,4721725
2026-07-02T20:06:33.561074,2026-07-02T20:06:33.570771+00:00,125.2,11,ask,EarnestEspressos,Xuanyu Liu,4721739
2026-07-02T20:06:35.730201,2026-07-02T20:06:35.739178+00:00,125.2,11,ask,EarnestEspressos,Xuanyu Liu,4721787
2026-07-02T20:06:36.426494,2026-07-02T20:06:36.435796+00:00,125.2,43,ask,EarnestEspressos,CostlyCorianders,4721813
2026-07-02T20:06:37.417994,2026-07-02T20:06:37.429498+00:00,125.5,50,bid,FlawlessFlatbreads,EarnestEspressos,4721838
2026-07-02T20:06:39.580949,2026-07-02T20:06:39.592341+00:00,125.0,50,ask,EarnestEspressos,FlawlessFlatbreads,4721879
2026-07-02T20:06:40.014958,2026-07-02T20:06:40.026316+00:00,125.3,40,bid,CostlyCorianders,EarnestEspressos,4721885
2026-07-02T20:06:41.634972,2026-07-02T20:06:41.646410+00:00,125.3,50,bid,FlawlessFlatbreads,EarnestEspressos,4721936
2026-07-02T20:06:43.798546,2026-07-02T20:06:43.810195+00:00,125.3,50,ask,EarnestEspressos,FlawlessFlatbreads,4721979
2026-07-02T20:06:43.831929,2026-07-02T20:06:43.840150+00:00,125.3,12,ask,EarnestEspressos,Xuanyu Liu,4721981
2026-07-02T20:06:44.252446,2026-07-02T20:06:44.263771+00:00,125.3,44,ask,EarnestEspressos,CostlyCorianders,4721987
2026-07-02T20:06:44.777378,2026-07-02T20:06:44.788981+00:00,125.5,4,bid,CostlyCorianders,Kelvin Chan,4721995
2026-07-02T20:06:44.777378,2026-07-02T20:06:44.788981+00:00,125.5,45,bid,CostlyCorianders,DiligentDonuts,4721996
2026-07-02T20:06:49.132932,2026-07-02T20:06:49.144219+00:00,125.4,43,bid,CostlyCorianders,EarnestEspressos,4722070
2026-07-02T20:06:50.132618,2026-07-02T20:06:50.144113+00:00,125.2,1,ask,Kelvin Chan,FlawlessFlatbreads,4722087
2026-07-02T20:06:50.132618,2026-07-02T20:06:50.144113+00:00,125.2,49,ask,EarnestEspressos,FlawlessFlatbreads,4722088
2026-07-02T20:06:50.175512,2026-07-02T20:06:50.186943+00:00,125.2,47,ask,EarnestEspressos,CostlyCorianders,4722091
2026-07-02T20:06:51.878108,2026-07-02T20:06:51.884969+00:00,125.7,17,bid,Zihao Wu,EarnestEspressos,4722131
2026-07-02T20:06:52.188414,2026-07-02T20:06:52.199405+00:00,125.7,50,bid,FlawlessFlatbreads,EarnestEspressos,4722143
2026-07-02T20:06:52.879416,2026-07-02T20:06:52.885844+00:00,125.3,17,ask,DiligentDonuts,Zihao Wu,4722154
2026-07-02T20:06:53.319159,2026-07-02T20:06:53.330785+00:00,125.7,47,bid,CostlyCorianders,EarnestEspressos,4722161
2026-07-02T20:06:53.373534,2026-07-02T20:06:53.385187+00:00,125.3,45,ask,DiligentDonuts,CostlyCorianders,4722162
2026-07-02T20:06:54.344716,2026-07-02T20:06:54.351272+00:00,125.3,38,ask,DiligentDonuts,FlawlessFlatbreads,4722175
2026-07-02T20:06:55.697751,2026-07-02T20:06:55.709131+00:00,125.8,100,bid,EarnestEspressos,DiligentDonuts,4722193
2026-07-02T20:06:56.400684,2026-07-02T20:06:56.410692+00:00,126.1,50,bid,FlawlessFlatbreads,DiligentDonuts,4722205
2026-07-02T20:06:58.308509,2026-07-02T20:06:58.319991+00:00,126.1,46,bid,CostlyCorianders,DiligentDonuts,4722229
2026-07-02T20:06:58.922674,2026-07-02T20:06:58.930523+00:00,125.8,12,bid,Xuanyu Liu,EarnestEspressos,4722233
2026-07-02T20:06:59.011403,2026-07-02T20:06:59.022999+00:00,125.3,47,ask,EarnestEspressos,CostlyCorianders,4722239
2026-07-02T20:06:59.043822,2026-07-02T20:06:59.063640+00:00,125.8,100,bid,DiligentDonuts,EarnestEspressos,4722240
2026-07-02T20:06:59.580437,2026-07-02T20:06:59.588440+00:00,125.8,11,bid,Xuanyu Liu,EarnestEspressos,4722259
2026-07-02T20:07:00.660249,2026-07-02T20:07:00.671628+00:00,125.3,50,ask,EarnestEspressos,FlawlessFlatbreads,4722274
2026-07-02T20:07:02.767595,2026-07-02T20:07:02.778876+00:00,125.8,50,ask,DiligentDonuts,FlawlessFlatbreads,4722311
2026-07-02T20:07:04.872890,2026-07-02T20:07:04.884395+00:00,125.8,50,ask,DiligentDonuts,FlawlessFlatbreads,4722347
2026-07-02T20:07:06.980320,2026-07-02T20:07:06.987760+00:00,125.8,5,ask,Kelvin Chan,FlawlessFlatbreads,4722386
2026-07-02T20:07:06.980320,2026-07-02T20:07:06.992970+00:00,125.4,45,ask,EarnestEspressos,FlawlessFlatbreads,4722387
2026-07-02T20:07:07.450201,2026-07-02T20:07:07.458300+00:00,125.7,5,ask,Kelvin Chan,Xuanyu Liu,4722395
2026-07-02T20:07:08.688665,2026-07-02T20:07:08.700212+00:00,125.5,41,bid,CostlyCorianders,EarnestEspressos,4722430
2026-07-02T20:07:08.744308,2026-07-02T20:07:08.763845+00:00,125.1,40,ask,DiligentDonuts,CostlyCorianders,4722431
2026-07-02T20:07:08.755307,2026-07-02T20:07:08.763845+00:00,125.5,16,bid,Xuanyu Liu,EarnestEspressos,4722432
2026-07-02T20:07:09.037277,2026-07-02T20:07:09.048785+00:00,125.5,50,bid,FlawlessFlatbreads,EarnestEspressos,4722438
2026-07-02T20:07:11.194310,2026-07-02T20:07:11.201034+00:00,125.1,50,ask,DiligentDonuts,FlawlessFlatbreads,4722479
2026-07-02T20:07:11.751261,2026-07-02T20:07:11.758586+00:00,125.5,100,ask,EarnestEspressos,DiligentDonuts,4722489
2026-07-02T20:07:11.918668,2026-07-02T20:07:11.930431+00:00,125.5,43,ask,EarnestEspressos,CostlyCorianders,4722490
2026-07-02T20:07:12.505713,2026-07-02T20:07:12.514944+00:00,125.8,5,bid,CostlyCorianders,Kelvin Chan,4722499
2026-07-02T20:07:12.505713,2026-07-02T20:07:12.514944+00:00,126.0,42,bid,CostlyCorianders,EarnestEspressos,4722500
2026-07-02T20:07:13.249897,2026-07-02T20:07:13.256069+00:00,126.0,50,bid,FlawlessFlatbreads,EarnestEspressos,4722522
2026-07-02T20:07:15.360959,2026-07-02T20:07:15.372328+00:00,125.9,47,bid,CostlyCorianders,EarnestEspressos,4722555
2026-07-02T20:07:15.408493,2026-07-02T20:07:15.458896+00:00,125.4,50,ask,EarnestEspressos,FlawlessFlatbreads,4722559
2026-07-02T20:07:17.463622,2026-07-02T20:07:17.474892+00:00,125.9,50,bid,FlawlessFlatbreads,EarnestEspressos,4722597
2026-07-02T20:07:17.829308,2026-07-02T20:07:17.840983+00:00,125.4,46,ask,DiligentDonuts,CostlyCorianders,4722601
2026-07-02T20:07:17.943552,2026-07-02T20:07:17.954977+00:00,125.5,11,ask,EarnestEspressos,Xuanyu Liu,4722610
2026-07-02T20:07:18.076440,2026-07-02T20:07:18.083700+00:00,125.5,100,ask,EarnestEspressos,DiligentDonuts,4722618
2026-07-02T20:07:18.883272,2026-07-02T20:07:18.894848+00:00,125.5,39,ask,EarnestEspressos,CostlyCorianders,4722632
2026-07-02T20:07:18.976628,2026-07-02T20:07:18.984494+00:00,126.0,17,bid,Zihao Wu,EarnestEspressos,4722635
2026-07-02T20:07:19.198226,2026-07-02T20:07:19.209090+00:00,126.0,13,bid,Zihao Wu,EarnestEspressos,4722639
2026-07-02T20:07:19.379647,2026-07-02T20:07:19.389525+00:00,126.0,23,bid,Zihao Wu,EarnestEspressos,4722648
2026-07-02T20:07:19.534948,2026-07-02T20:07:19.546441+00:00,126.0,41,bid,CostlyCorianders,EarnestEspressos,4722651
2026-07-02T20:07:21.380481,2026-07-02T20:07:21.386937+00:00,125.2,45,ask,DiligentDonuts,Zihao Wu,4722691
2026-07-02T20:07:21.568219,2026-07-02T20:07:21.576750+00:00,125.6,48,bid,CostlyCorianders,EarnestEspressos,4722695
2026-07-02T20:07:21.726674,2026-07-02T20:07:21.737976+00:00,125.2,50,ask,DiligentDonuts,FlawlessFlatbreads,4722700
2026-07-02T20:07:22.796964,2026-07-02T20:07:22.808684+00:00,125.2,5,ask,DiligentDonuts,CostlyCorianders,4722719
2026-07-02T20:07:22.796964,2026-07-02T20:07:22.808684+00:00,125.1,40,ask,EarnestEspressos,CostlyCorianders,4722720
2026-07-02T20:07:23.440183,2026-07-02T20:07:23.458770+00:00,125.1,44,ask,EarnestEspressos,CostlyCorianders,4722733
2026-07-02T20:07:23.834793,2026-07-02T20:07:23.846174+00:00,125.1,50,ask,EarnestEspressos,FlawlessFlatbreads,4722737
2026-07-02T20:07:24.083930,2026-07-02T20:07:24.095003+00:00,125.6,43,bid,CostlyCorianders,EarnestEspressos,4722740
2026-07-02T20:07:25.642023,2026-07-02T20:07:25.649224+00:00,125.4,40,bid,CostlyCorianders,EarnestEspressos,4722764
2026-07-02T20:07:28.046561,2026-07-02T20:07:28.063879+00:00,124.9,50,ask,EarnestEspressos,FlawlessFlatbreads,4722811
2026-07-02T20:07:29.056406,2026-07-02T20:07:29.067663+00:00,124.9,40,ask,EarnestEspressos,CostlyCorianders,4722827
2026-07-02T20:07:30.141677,2026-07-02T20:07:30.153204+00:00,125.3,42,bid,CostlyCorianders,DiligentDonuts,4722848
2026-07-02T20:07:30.170772,2026-07-02T20:07:30.177221+00:00,124.9,50,ask,EarnestEspressos,FlawlessFlatbreads,4722849
2026-07-02T20:07:30.535281,2026-07-02T20:07:30.543780+00:00,124.9,34,bid,Xuanyu Liu,EarnestEspressos,4722854
2026-07-02T20:07:30.666777,2026-07-02T20:07:30.675391+00:00,124.9,100,bid,DiligentDonuts,EarnestEspressos,4722858
2026-07-02T20:07:30.670331,2026-07-02T20:07:30.680408+00:00,124.9,16,bid,Zihao Wu,EarnestEspressos,4722859
2026-07-02T20:07:30.786853,2026-07-02T20:07:30.799861+00:00,124.4,47,ask,EarnestEspressos,CostlyCorianders,4722861
2026-07-02T20:07:30.863351,2026-07-02T20:07:30.869807+00:00,124.4,22,ask,EarnestEspressos,Zihao Wu,4722863
2026-07-02T20:07:32.225097,2026-07-02T20:07:32.236415+00:00,125.4,50,bid,FlawlessFlatbreads,DiligentDonuts,4722894
2026-07-02T20:07:33.584183,2026-07-02T20:07:33.591018+00:00,125.4,47,bid,CostlyCorianders,DiligentDonuts,4722919
2026-07-02T20:07:34.394643,2026-07-02T20:07:34.406283+00:00,124.6,50,ask,EarnestEspressos,FlawlessFlatbreads,4722941
2026-07-02T20:07:36.185627,2026-07-02T20:07:36.194894+00:00,124.6,45,ask,EarnestEspressos,CostlyCorianders,4722969
2026-07-02T20:07:36.501400,2026-07-02T20:07:36.512634+00:00,124.6,50,ask,EarnestEspressos,FlawlessFlatbreads,4722978
2026-07-02T20:07:36.849763,2026-07-02T20:07:36.872189+00:00,124.5,100,ask,DiligentDonuts,EarnestEspressos,4722984
2026-07-02T20:07:36.859487,2026-07-02T20:07:36.872189+00:00,124.4,3,bid,Xuanyu Liu,EarnestEspressos,4722985
2026-07-02T20:07:36.872149,2026-07-02T20:07:36.888654+00:00,124.4,22,bid,Zihao Wu,EarnestEspressos,4722987
2026-07-02T20:07:36.875325,2026-07-02T20:07:36.888654+00:00,124.4,3,bid,Xuanyu Liu,EarnestEspressos,4722988
2026-07-02T20:07:37.074823,2026-07-02T20:07:37.086007+00:00,124.4,19,bid,Zihao Wu,EarnestEspressos,4722992
2026-07-02T20:07:38.556703,2026-07-02T20:07:38.568306+00:00,124.4,3,bid,FlawlessFlatbreads,EarnestEspressos,4723027
2026-07-02T20:07:38.556703,2026-07-02T20:07:38.568306+00:00,124.8,47,bid,FlawlessFlatbreads,DiligentDonuts,4723028
2026-07-02T20:07:38.688379,2026-07-02T20:07:38.699105+00:00,124.3,22,ask,DiligentDonuts,Zihao Wu,4723030
2026-07-02T20:07:38.959274,2026-07-02T20:07:38.970791+00:00,124.8,43,bid,CostlyCorianders,DiligentDonuts,4723037
2026-07-02T20:07:40.666666,2026-07-02T20:07:40.678367+00:00,124.8,50,bid,FlawlessFlatbreads,EarnestEspressos,4723076
2026-07-02T20:07:42.090165,2026-07-02T20:07:42.097598+00:00,124.8,4,bid,Kelvin Chan,EarnestEspressos,4723100
2026-07-02T20:07:42.265432,2026-07-02T20:07:42.275247+00:00,124.8,4,bid,Kelvin Chan,EarnestEspressos,4723103
2026-07-02T20:07:42.775183,2026-07-02T20:07:42.786362+00:00,124.8,50,bid,FlawlessFlatbreads,EarnestEspressos,4723116
2026-07-02T20:07:43.128084,2026-07-02T20:07:43.136571+00:00,124.8,29,ask,EarnestEspressos,Xuanyu Liu,4723129
2026-07-02T20:07:44.888069,2026-07-02T20:07:44.897279+00:00,124.9,50,bid,FlawlessFlatbreads,DiligentDonuts,4723169
2026-07-02T20:07:45.490810,2026-07-02T20:07:45.499219+00:00,124.8,11,ask,EarnestEspressos,Xuanyu Liu,4723181
2026-07-02T20:07:46.996503,2026-07-02T20:07:47.007844+00:00,124.9,50,bid,FlawlessFlatbreads,DiligentDonuts,4723216
2026-07-02T20:07:47.548294,2026-07-02T20:07:47.558583+00:00,124.5,43,ask,EarnestEspressos,CostlyCorianders,4723229
2026-07-02T20:07:48.015200,2026-07-02T20:07:48.026583+00:00,124.9,42,bid,CostlyCorianders,DiligentDonuts,4723239
2026-07-02T20:07:49.158596,2026-07-02T20:07:49.165709+00:00,124.5,50,ask,EarnestEspressos,FlawlessFlatbreads,4723274
2026-07-02T20:07:49.606852,2026-07-02T20:07:49.618885+00:00,124.4,49,ask,DiligentDonuts,CostlyCorianders,4723283
2026-07-02T20:07:50.228117,2026-07-02T20:07:50.239396+00:00,124.7,43,bid,CostlyCorianders,EarnestEspressos,4723303
2026-07-02T20:07:53.317247,2026-07-02T20:07:53.328460+00:00,124.8,50,bid,FlawlessFlatbreads,EarnestEspressos,4723380
2026-07-02T20:07:54.515718,2026-07-02T20:07:54.523941+00:00,124.7,6,ask,Kelvin Chan,Xuanyu Liu,4723404
2026-07-02T20:07:55.423399,2026-07-02T20:07:55.432658+00:00,124.8,50,bid,FlawlessFlatbreads,EarnestEspressos,4723421
2026-07-02T20:07:56.455422,2026-07-02T20:07:56.468920+00:00,124.7,4,ask,Kelvin Chan,CostlyCorianders,4723449
2026-07-02T20:07:56.455422,2026-07-02T20:07:56.468920+00:00,124.6,45,ask,EarnestEspressos,CostlyCorianders,4723450
2026-07-02T20:07:57.533573,2026-07-02T20:07:57.539861+00:00,124.9,50,bid,FlawlessFlatbreads,DiligentDonuts,4723480
2026-07-02T20:07:59.692872,2026-07-02T20:07:59.702287+00:00,124.5,50,ask,DiligentDonuts,FlawlessFlatbreads,4723508
2026-07-02T20:08:01.260548,2026-07-02T20:08:01.271840+00:00,124.9,49,bid,CostlyCorianders,EarnestEspressos,4723540
2026-07-02T20:08:02.865097,2026-07-02T20:08:02.873223+00:00,124.5,5,ask,EarnestEspressos,Xuanyu Liu,4723565
2026-07-02T20:08:03.203290,2026-07-02T20:08:03.211790+00:00,124.6,4,ask,Kelvin Chan,Xuanyu Liu,4723567
2026-07-02T20:08:03.454385,2026-07-02T20:08:03.465767+00:00,124.5,45,ask,EarnestEspressos,CostlyCorianders,4723574
2026-07-02T20:08:03.537455,2026-07-02T20:08:03.547805+00:00,124.6,4,ask,Kelvin Chan,Xuanyu Liu,4723577
2026-07-02T20:08:03.614277,2026-07-02T20:08:03.622250+00:00,124.6,4,ask,Kelvin Chan,Xuanyu Liu,4723579
2026-07-02T20:08:03.903393,2026-07-02T20:08:03.914989+00:00,124.5,50,ask,EarnestEspressos,FlawlessFlatbreads,4723594
2026-07-02T20:08:04.110123,2026-07-02T20:08:04.117110+00:00,124.5,44,ask,EarnestEspressos,CostlyCorianders,4723605
2026-07-02T20:08:05.323318,2026-07-02T20:08:05.334617+00:00,124.2,100,ask,DiligentDonuts,EarnestEspressos,4723626
2026-07-02T20:08:05.335881,2026-07-02T20:08:05.344142+00:00,124.1,34,bid,Xuanyu Liu,EarnestEspressos,4723628
2026-07-02T20:08:07.771775,2026-07-02T20:08:07.780280+00:00,124.1,12,bid,Xuanyu Liu,EarnestEspressos,4723679
2026-07-02T20:08:08.066816,2026-07-02T20:08:08.074622+00:00,124.1,4,bid,FlawlessFlatbreads,EarnestEspressos,4723685
2026-07-02T20:08:08.066816,2026-07-02T20:08:08.080070+00:00,124.2,46,bid,FlawlessFlatbreads,DiligentDonuts,4723686
2026-07-02T20:08:08.430774,2026-07-02T20:08:08.442151+00:00,124.2,54,bid,EarnestEspressos,DiligentDonuts,4723695
2026-07-02T20:08:08.443316,2026-07-02T20:08:08.452224+00:00,124.4,12,ask,EarnestEspressos,Xuanyu Liu,4723696
2026-07-02T20:08:09.088047,2026-07-02T20:08:09.095448+00:00,124.4,22,ask,EarnestEspressos,Xuanyu Liu,4723710
2026-07-02T20:08:10.226830,2026-07-02T20:08:10.235717+00:00,124.4,50,ask,EarnestEspressos,FlawlessFlatbreads,4723733
2026-07-02T20:08:12.333393,2026-07-02T20:08:12.344672+00:00,124.2,50,ask,DiligentDonuts,FlawlessFlatbreads,4723783
2026-07-02T20:08:14.440362,2026-07-02T20:08:14.450763+00:00,124.2,50,ask,DiligentDonuts,FlawlessFlatbreads,4723850
2026-07-02T20:08:14.819677,2026-07-02T20:08:14.829050+00:00,124.4,11,bid,Xuanyu Liu,EarnestEspressos,4723859
2026-07-02T20:08:14.971710,2026-07-02T20:08:14.979954+00:00,124.4,11,bid,Xuanyu Liu,EarnestEspressos,4723863
2026-07-02T20:08:16.550367,2026-07-02T20:08:16.558584+00:00,124.0,50,ask,DiligentDonuts,FlawlessFlatbreads,4723894
2026-07-02T20:08:16.977304,2026-07-02T20:08:16.988315+00:00,124.4,40,bid,CostlyCorianders,EarnestEspressos,4723905
2026-07-02T20:08:17.533284,2026-07-02T20:08:17.540689+00:00,124.4,45,bid,CostlyCorianders,EarnestEspressos,4723922
2026-07-02T20:08:18.182562,2026-07-02T20:08:18.194268+00:00,124.6,2,bid,CostlyCorianders,Kelvin Chan,4723939
2026-07-02T20:08:18.182562,2026-07-02T20:08:18.194268+00:00,124.9,41,bid,CostlyCorianders,EarnestEspressos,4723940
2026-07-02T20:08:18.260954,2026-07-02T20:08:18.268638+00:00,124.4,100,ask,EarnestEspressos,DiligentDonuts,4723952
2026-07-02T20:08:18.604562,2026-07-02T20:08:18.615619+00:00,124.9,50,bid,FlawlessFlatbreads,EarnestEspressos,4723968
2026-07-02T20:08:20.658411,2026-07-02T20:08:20.669743+00:00,124.4,43,ask,EarnestEspressos,CostlyCorianders,4724000
2026-07-02T20:08:20.710001,2026-07-02T20:08:20.721637+00:00,124.5,3,bid,FlawlessFlatbreads,Kelvin Chan,4724004
2026-07-02T20:08:20.710001,2026-07-02T20:08:20.721637+00:00,124.9,47,bid,FlawlessFlatbreads,EarnestEspressos,4724005
2026-07-02T20:08:21.636102,2026-07-02T20:08:21.647574+00:00,124.5,48,bid,CostlyCorianders,DiligentDonuts,4724033
2026-07-02T20:08:21.697184,2026-07-02T20:08:21.707352+00:00,124.2,2,ask,Kelvin Chan,CostlyCorianders,4724037
2026-07-02T20:08:21.697184,2026-07-02T20:08:21.707352+00:00,124.2,44,ask,EarnestEspressos,CostlyCorianders,4724038
2026-07-02T20:08:22.822918,2026-07-02T20:08:22.834310+00:00,124.5,50,bid,FlawlessFlatbreads,DiligentDonuts,4724060
2026-07-02T20:08:23.856958,2026-07-02T20:08:23.868908+00:00,124.5,2,bid,CostlyCorianders,DiligentDonuts,4724085
2026-07-02T20:08:23.856958,2026-07-02T20:08:23.868908+00:00,124.5,4,bid,CostlyCorianders,Kelvin Chan,4724086
2026-07-02T20:08:23.856958,2026-07-02T20:08:23.868908+00:00,124.7,35,bid,CostlyCorianders,EarnestEspressos,4724087
2026-07-02T20:08:24.252434,2026-07-02T20:08:24.263788+00:00,124.5,4,bid,EarnestEspressos,Kelvin Chan,4724093
2026-07-02T20:08:26.130618,2026-07-02T20:08:26.137791+00:00,124.6,4,bid,Xuanyu Liu,Kelvin Chan,4724131
2026-07-02T20:08:26.185035,2026-07-02T20:08:26.195012+00:00,124.6,4,bid,Xuanyu Liu,Kelvin Chan,4724133
2026-07-02T20:08:26.282295,2026-07-02T20:08:26.289742+00:00,124.6,3,bid,Xuanyu Liu,Kelvin Chan,4724137
2026-07-02T20:08:26.343013,2026-07-02T20:08:26.350675+00:00,124.6,1,bid,Xuanyu Liu,Kelvin Chan,4724139
2026-07-02T20:08:27.037485,2026-07-02T20:08:27.044046+00:00,124.6,2,bid,FlawlessFlatbreads,Kelvin Chan,4724157
2026-07-02T20:08:27.037485,2026-07-02T20:08:27.058766+00:00,125.0,48,bid,FlawlessFlatbreads,EarnestEspressos,4724158
2026-07-02T20:08:27.429898,2026-07-02T20:08:27.439307+00:00,124.9,12,ask,EarnestEspressos,Xuanyu Liu,4724173
2026-07-02T20:08:27.440452,2026-07-02T20:08:27.448441+00:00,124.9,22,ask,EarnestEspressos,Xuanyu Liu,4724175
2026-07-02T20:08:27.480733,2026-07-02T20:08:27.488947+00:00,124.9,6,ask,EarnestEspressos,Xuanyu Liu,4724177
2026-07-02T20:08:27.977281,2026-07-02T20:08:27.985479+00:00,124.9,6,ask,EarnestEspressos,Xuanyu Liu,4724189
2026-07-02T20:08:29.144376,2026-07-02T20:08:29.150596+00:00,125.0,50,bid,FlawlessFlatbreads,DiligentDonuts,4724226
2026-07-02T20:08:29.417107,2026-07-02T20:08:29.427086+00:00,124.9,44,ask,EarnestEspressos,CostlyCorianders,4724229
2026-07-02T20:08:31.375306,2026-07-02T20:08:31.384677+00:00,124.6,11,ask,DiligentDonuts,Xuanyu Liu,4724272
2026-07-02T20:08:33.823118,2026-07-02T20:08:33.834394+00:00,124.6,89,ask,DiligentDonuts,EarnestEspressos,4724333
2026-07-02T20:08:33.836048,2026-07-02T20:08:33.844901+00:00,124.6,4,bid,Xuanyu Liu,EarnestEspressos,4724334
2026-07-02T20:08:35.474834,2026-07-02T20:08:35.485008+00:00,124.6,50,bid,FlawlessFlatbreads,EarnestEspressos,4724370
2026-07-02T20:08:37.148088,2026-07-02T20:08:37.158546+00:00,124.5,40,ask,EarnestEspressos,CostlyCorianders,4724395
2026-07-02T20:08:37.246364,2026-07-02T20:08:37.255842+00:00,124.5,100,ask,EarnestEspressos,DiligentDonuts,4724400
2026-07-02T20:08:37.581359,2026-07-02T20:08:37.590205+00:00,125.0,50,bid,FlawlessFlatbreads,EarnestEspressos,4724412
2026-07-02T20:08:38.201949,2026-07-02T20:08:38.213898+00:00,124.5,10,ask,EarnestEspressos,CostlyCorianders,4724416
2026-07-02T20:08:39.362988,2026-07-02T20:08:39.372208+00:00,124.5,1,ask,Kelvin Chan,CostlyCorianders,4724441
2026-07-02T20:08:39.399660,2026-07-02T20:08:39.406327+00:00,124.8,4,bid,Zihao Wu,Kelvin Chan,4724444
2026-07-02T20:08:39.599411,2026-07-02T20:08:39.606575+00:00,125.0,20,bid,Zihao Wu,EarnestEspressos,4724454
2026-07-02T20:08:39.687723,2026-07-02T20:08:39.698579+00:00,125.0,50,bid,FlawlessFlatbreads,EarnestEspressos,4724458
2026-07-02T20:08:41.794036,2026-07-02T20:08:41.801484+00:00,124.7,50,bid,FlawlessFlatbreads,EarnestEspressos,4724492
2026-07-02T20:08:43.900742,2026-07-02T20:08:43.912207+00:00,124.7,50,bid,FlawlessFlatbreads,DiligentDonuts,4724521
2026-07-02T20:08:45.813079,2026-07-02T20:08:45.820511+00:00,124.5,4,ask,EarnestEspressos,Xuanyu Liu,4724556
2026-07-02T20:08:46.078869,2026-07-02T20:08:46.090300+00:00,124.5,50,ask,EarnestEspressos,FlawlessFlatbreads,4724562
2026-07-02T20:08:48.190539,2026-07-02T20:08:48.201621+00:00,124.3,50,ask,DiligentDonuts,FlawlessFlatbreads,4724605
2026-07-02T20:08:48.741407,2026-07-02T20:08:48.752702+00:00,124.7,5,bid,CostlyCorianders,Kelvin Chan,4724617
2026-07-02T20:08:48.741407,2026-07-02T20:08:48.752702+00:00,124.7,43,bid,CostlyCorianders,EarnestEspressos,4724618
2026-07-02T20:08:50.298886,2026-07-02T20:08:50.310491+00:00,124.6,50,ask,EarnestEspressos,FlawlessFlatbreads,4724644
2026-07-02T20:08:51.432009,2026-07-02T20:08:51.443422+00:00,124.6,49,ask,EarnestEspressos,CostlyCorianders,4724669
2026-07-02T20:08:52.437651,2026-07-02T20:08:52.448996+00:00,124.6,50,ask,EarnestEspressos,FlawlessFlatbreads,4724685
2026-07-02T20:08:54.042902,2026-07-02T20:08:54.058572+00:00,124.5,49,bid,CostlyCorianders,EarnestEspressos,4724708
2026-07-02T20:08:54.544513,2026-07-02T20:08:54.556110+00:00,124.4,50,ask,DiligentDonuts,FlawlessFlatbreads,4724717
2026-07-02T20:08:54.648736,2026-07-02T20:08:54.659044+00:00,124.5,47,bid,CostlyCorianders,EarnestEspressos,4724722
2026-07-02T20:08:56.655477,2026-07-02T20:08:56.658547+00:00,124.4,3,ask,Kelvin Chan,FlawlessFlatbreads,4724767
2026-07-02T20:08:56.655477,2026-07-02T20:08:56.669316+00:00,124.2,47,ask,EarnestEspressos,FlawlessFlatbreads,4724768
2026-07-02T20:08:58.257306,2026-07-02T20:08:58.269014+00:00,124.4,3,ask,Kelvin Chan,CostlyCorianders,4724794
2026-07-02T20:08:58.257306,2026-07-02T20:08:58.269014+00:00,124.2,43,ask,EarnestEspressos,CostlyCorianders,4724795
2026-07-02T20:08:58.762375,2026-07-02T20:08:58.773748+00:00,124.2,50,ask,EarnestEspressos,FlawlessFlatbreads,4724812
2026-07-02T20:08:58.781940,2026-07-02T20:08:58.793325+00:00,124.2,10,ask,EarnestEspressos,CostlyCorianders,4724813
2026-07-02T20:08:58.781940,2026-07-02T20:08:58.793325+00:00,124.0,31,ask,DiligentDonuts,CostlyCorianders,4724814
2026-07-02T20:08:59.151708,2026-07-02T20:08:59.169708+00:00,124.2,34,bid,Xuanyu Liu,EarnestEspressos,4724823
2026-07-02T20:09:00.744586,2026-07-02T20:09:00.751036+00:00,124.2,4,bid,Kelvin Chan,EarnestEspressos,4724860
2026-07-02T20:09:00.874378,2026-07-02T20:09:00.885845+00:00,124.1,50,ask,DiligentDonuts,FlawlessFlatbreads,4724866
2026-07-02T20:09:00.965487,2026-07-02T20:09:00.974321+00:00,124.2,23,bid,Xuanyu Liu,EarnestEspressos,4724874
2026-07-02T20:09:01.186854,2026-07-02T20:09:01.195809+00:00,124.2,4,bid,Kelvin Chan,EarnestEspressos,4724877
2026-07-02T20:09:01.314677,2026-07-02T20:09:01.322862+00:00,124.2,4,bid,Kelvin Chan,EarnestEspressos,4724879
2026-07-02T20:09:01.607272,2026-07-02T20:09:01.615617+00:00,124.2,4,bid,Kelvin Chan,EarnestEspressos,4724884
2026-07-02T20:09:01.776402,2026-07-02T20:09:01.785499+00:00,124.2,4,bid,Kelvin Chan,EarnestEspressos,4724888
2026-07-02T20:09:01.917386,2026-07-02T20:09:01.927671+00:00,124.2,3,bid,Kelvin Chan,EarnestEspressos,4724896
2026-07-02T20:09:02.929275,2026-07-02T20:09:02.941026+00:00,124.6,2,bid,FlawlessFlatbreads,Kelvin Chan,4724914
2026-07-02T20:09:02.929275,2026-07-02T20:09:02.941026+00:00,124.6,48,bid,FlawlessFlatbreads,DiligentDonuts,4724915
2026-07-02T20:09:02.939927,2026-07-02T20:09:02.951171+00:00,124.6,40,bid,CostlyCorianders,DiligentDonuts,4724916
2026-07-02T20:09:04.628696,2026-07-02T20:09:04.640212+00:00,124.5,3,bid,CostlyCorianders,Kelvin Chan,4724942
2026-07-02T20:09:04.628696,2026-07-02T20:09:04.640212+00:00,124.6,12,bid,CostlyCorianders,DiligentDonuts,4724943
2026-07-02T20:09:04.628696,2026-07-02T20:09:04.640212+00:00,124.7,34,bid,CostlyCorianders,EarnestEspressos,4724944
2026-07-02T20:09:05.087963,2026-07-02T20:09:05.099536+00:00,124.2,2,ask,Kelvin Chan,FlawlessFlatbreads,4724959
2026-07-02T20:09:05.087963,2026-07-02T20:09:05.099536+00:00,124.2,48,ask,EarnestEspressos,FlawlessFlatbreads,4724960
2026-07-02T20:09:05.645834,2026-07-02T20:09:05.652065+00:00,124.5,2,bid,DiligentDonuts,Kelvin Chan,4724961
2026-07-02T20:09:05.752637,2026-07-02T20:09:05.760574+00:00,124.5,5,ask,DiligentDonuts,Xuanyu Liu,4724962
2026-07-02T20:09:05.848693,2026-07-02T20:09:05.860182+00:00,124.5,43,ask,DiligentDonuts,CostlyCorianders,4724966
2026-07-02T20:09:06.988384,2026-07-02T20:09:06.995095+00:00,124.8,41,bid,CostlyCorianders,EarnestEspressos,4724992
2026-07-02T20:09:09.247709,2026-07-02T20:09:09.254183+00:00,124.9,50,bid,FlawlessFlatbreads,DiligentDonuts,4725030
2026-07-02T20:09:09.424056,2026-07-02T20:09:09.439214+00:00,124.5,7,ask,EarnestEspressos,Xuanyu Liu,4725035
2026-07-02T20:09:11.355165,2026-07-02T20:09:11.368685+00:00,124.9,50,bid,FlawlessFlatbreads,DiligentDonuts,4725067
2026-07-02T20:09:11.983471,2026-07-02T20:09:11.992892+00:00,124.7,11,ask,DiligentDonuts,Xuanyu Liu,4725077
2026-07-02T20:09:13.067758,2026-07-02T20:09:13.075129+00:00,124.7,5,ask,DiligentDonuts,Kelvin Chan,4725105
2026-07-02T20:09:15.619032,2026-07-02T20:09:15.630275+00:00,124.7,50,ask,DiligentDonuts,FlawlessFlatbreads,4725170
2026-07-02T20:09:18.362462,2026-07-02T20:09:18.374017+00:00,124.7,45,ask,EarnestEspressos,CostlyCorianders,4725232
2026-07-02T20:09:19.344069,2026-07-02T20:09:19.352615+00:00,124.7,47,ask,EarnestEspressos,CostlyCorianders,4725250
2026-07-02T20:09:19.777652,2026-07-02T20:09:19.789127+00:00,125.2,50,bid,FlawlessFlatbreads,EarnestEspressos,4725266
2026-07-02T20:09:19.977612,2026-07-02T20:09:19.989270+00:00,125.2,45,bid,CostlyCorianders,EarnestEspressos,4725273
2026-07-02T20:09:21.282842,2026-07-02T20:09:21.289128+00:00,125.0,22,bid,Zihao Wu,EarnestEspressos,4725299
2026-07-02T20:09:21.684086,2026-07-02T20:09:21.690246+00:00,124.7,22,ask,DiligentDonuts,Zihao Wu,4725310
2026-07-02T20:09:21.882937,2026-07-02T20:09:21.894681+00:00,125.0,50,bid,FlawlessFlatbreads,EarnestEspressos,4725316
2026-07-02T20:09:21.962899,2026-07-02T20:09:21.974336+00:00,124.7,46,ask,DiligentDonuts,CostlyCorianders,4725317
2026-07-02T20:09:22.522829,2026-07-02T20:09:22.540855+00:00,125.0,47,bid,CostlyCorianders,EarnestEspressos,4725325
2026-07-02T20:09:23.990808,2026-07-02T20:09:24.002182+00:00,125.0,31,bid,FlawlessFlatbreads,EarnestEspressos,4725356
2026-07-02T20:09:23.990808,2026-07-02T20:09:24.002182+00:00,125.2,19,bid,FlawlessFlatbreads,DiligentDonuts,4725357
2026-07-02T20:09:24.397226,2026-07-02T20:09:24.406086+00:00,125.1,46,ask,EarnestEspressos,Xuanyu Liu,4725364
2026-07-02T20:09:24.672736,2026-07-02T20:09:24.689335+00:00,125.1,100,ask,EarnestEspressos,DiligentDonuts,4725369
2026-07-02T20:09:26.151194,2026-07-02T20:09:26.157401+00:00,125.1,4,ask,EarnestEspressos,FlawlessFlatbreads,4725397
2026-07-02T20:09:28.258545,2026-07-02T20:09:28.270074+00:00,124.5,50,ask,DiligentDonuts,FlawlessFlatbreads,4725453
2026-07-02T20:09:29.092168,2026-07-02T20:09:29.103318+00:00,124.8,22,bid,Zihao Wu,EarnestEspressos,4725483
2026-07-02T20:09:29.290876,2026-07-02T20:09:29.297811+00:00,124.5,22,ask,DiligentDonuts,Zihao Wu,4725485
2026-07-02T20:09:30.366578,2026-07-02T20:09:30.378277+00:00,124.6,3,ask,Kelvin Chan,FlawlessFlatbreads,4725504
2026-07-02T20:09:30.366578,2026-07-02T20:09:30.378277+00:00,124.5,28,ask,DiligentDonuts,FlawlessFlatbreads,4725505
2026-07-02T20:09:30.366578,2026-07-02T20:09:30.378277+00:00,124.3,19,ask,EarnestEspressos,FlawlessFlatbreads,4725506
2026-07-02T20:09:31.015854,2026-07-02T20:09:31.025314+00:00,124.7,6,bid,Xuanyu Liu,DiligentDonuts,4725521
2026-07-02T20:09:31.450484,2026-07-02T20:09:31.463001+00:00,124.7,6,bid,Xuanyu Liu,DiligentDonuts,4725534
2026-07-02T20:09:32.495445,2026-07-02T20:09:32.506881+00:00,124.6,3,ask,Kelvin Chan,FlawlessFlatbreads,4725556
2026-07-02T20:09:32.495445,2026-07-02T20:09:32.506881+00:00,124.3,47,ask,EarnestEspressos,FlawlessFlatbreads,4725557
2026-07-02T20:09:33.031299,2026-07-02T20:09:33.040786+00:00,124.7,11,bid,Xuanyu Liu,DiligentDonuts,4725563
2026-07-02T20:09:34.551553,2026-07-02T20:09:34.558536+00:00,124.8,2,bid,FlawlessFlatbreads,Kelvin Chan,4725586
2026-07-02T20:09:34.551553,2026-07-02T20:09:34.558536+00:00,124.8,48,bid,FlawlessFlatbreads,EarnestEspressos,4725587
2026-07-02T20:09:36.356754,2026-07-02T20:09:36.361665+00:00,124.8,46,bid,CostlyCorianders,EarnestEspressos,4725615
2026-07-02T20:09:37.589555,2026-07-02T20:09:37.601026+00:00,124.5,3,ask,Kelvin Chan,CostlyCorianders,4725646
2026-07-02T20:09:37.589555,2026-07-02T20:09:37.601026+00:00,124.4,39,ask,EarnestEspressos,CostlyCorianders,4725647
2026-07-02T20:09:38.077337,2026-07-02T20:09:38.088553+00:00,124.7,45,bid,CostlyCorianders,DiligentDonuts,4725657
2026-07-02T20:09:38.611463,2026-07-02T20:09:38.622061+00:00,124.4,44,ask,EarnestEspressos,CostlyCorianders,4725678
2026-07-02T20:09:38.767732,2026-07-02T20:09:38.778021+00:00,124.7,50,bid,FlawlessFlatbreads,DiligentDonuts,4725680
2026-07-02T20:09:39.749456,2026-07-02T20:09:39.755722+00:00,124.7,5,bid,CostlyCorianders,DiligentDonuts,4725697
2026-07-02T20:09:40.255845,2026-07-02T20:09:40.262984+00:00,124.5,6,ask,Kelvin Chan,CostlyCorianders,4725704
2026-07-02T20:09:40.255845,2026-07-02T20:09:40.268386+00:00,124.2,43,ask,DiligentDonuts,CostlyCorianders,4725705
2026-07-02T20:09:40.873453,2026-07-02T20:09:40.882900+00:00,124.6,50,bid,FlawlessFlatbreads,EarnestEspressos,4725721
2026-07-02T20:09:40.884102,2026-07-02T20:09:40.893806+00:00,124.6,12,bid,Xuanyu Liu,EarnestEspressos,4725722
2026-07-02T20:09:42.627667,2026-07-02T20:09:42.637605+00:00,124.6,49,bid,CostlyCorianders,EarnestEspressos,4725759
2026-07-02T20:09:42.980371,2026-07-02T20:09:42.987427+00:00,124.6,39,bid,FlawlessFlatbreads,EarnestEspressos,4725769
2026-07-02T20:09:42.980371,2026-07-02T20:09:42.992604+00:00,125.0,11,bid,FlawlessFlatbreads,DiligentDonuts,4725770
2026-07-02T20:09:43.371858,2026-07-02T20:09:43.380078+00:00,124.7,23,ask,EarnestEspressos,Xuanyu Liu,4725777
2026-07-02T20:09:45.093890,2026-07-02T20:09:45.104802+00:00,124.8,50,bid,FlawlessFlatbreads,DiligentDonuts,4725811
2026-07-02T20:09:45.172327,2026-07-02T20:09:45.179950+00:00,124.7,49,ask,EarnestEspressos,CostlyCorianders,4725815
2026-07-02T20:09:47.121886,2026-07-02T20:09:47.133643+00:00,124.5,3,ask,Kelvin Chan,CostlyCorianders,4725862
2026-07-02T20:09:47.121886,2026-07-02T20:09:47.133643+00:00,124.5,46,ask,DiligentDonuts,CostlyCorianders,4725863
2026-07-02T20:09:49.354815,2026-07-02T20:09:49.358584+00:00,124.5,50,ask,DiligentDonuts,FlawlessFlatbreads,4725915
2026-07-02T20:09:50.987839,2026-07-02T20:09:50.997077+00:00,124.8,44,bid,CostlyCorianders,DiligentDonuts,4725937
2026-07-02T20:09:51.410457,2026-07-02T20:09:51.421814+00:00,124.8,50,bid,FlawlessFlatbreads,DiligentDonuts,4725951
2026-07-02T20:09:52.079669,2026-07-02T20:09:52.091529+00:00,124.8,6,bid,CostlyCorianders,DiligentDonuts,4725960
2026-07-02T20:09:52.079669,2026-07-02T20:09:52.091529+00:00,124.9,38,bid,CostlyCorianders,EarnestEspressos,4725961
2026-07-02T20:09:52.620735,2026-07-02T20:09:52.632064+00:00,124.5,2,ask,Kelvin Chan,CostlyCorianders,4725977
2026-07-02T20:09:52.620735,2026-07-02T20:09:52.632064+00:00,124.4,43,ask,EarnestEspressos,CostlyCorianders,4725978
2026-07-02T20:09:53.575326,2026-07-02T20:09:53.586857+00:00,124.5,4,ask,Kelvin Chan,FlawlessFlatbreads,4725995
2026-07-02T20:09:53.575326,2026-07-02T20:09:53.586857+00:00,124.3,46,ask,DiligentDonuts,FlawlessFlatbreads,4725996
2026-07-02T20:09:55.559575,2026-07-02T20:09:55.570903+00:00,124.4,4,ask,Kelvin Chan,CostlyCorianders,4726039
2026-07-02T20:09:55.635894,2026-07-02T20:09:55.645921+00:00,124.6,50,bid,FlawlessFlatbreads,EarnestEspressos,4726043
2026-07-02T20:09:56.114565,2026-07-02T20:09:56.126151+00:00,124.4,47,ask,EarnestEspressos,CostlyCorianders,4726067
2026-07-02T20:09:57.742832,2026-07-02T20:09:57.754199+00:00,124.8,2,bid,FlawlessFlatbreads,Kelvin Chan,4726088
2026-07-02T20:09:57.742832,2026-07-02T20:09:57.754199+00:00,124.8,48,bid,FlawlessFlatbreads,DiligentDonuts,4726089
2026-07-02T20:09:58.545686,2026-07-02T20:09:58.557065+00:00,124.7,2,bid,CostlyCorianders,Kelvin Chan,4726112
2026-07-02T20:09:58.545686,2026-07-02T20:09:58.557065+00:00,124.8,38,bid,CostlyCorianders,DiligentDonuts,4726113
2026-07-02T20:09:59.635245,2026-07-02T20:09:59.646785+00:00,124.8,42,bid,CostlyCorianders,EarnestEspressos,4726130
