timestamp,recv_time,price,volume,aggressor_side,buyer,seller,trade_id
2026-06-29T13:59:59.735584,2026-06-29T04:00:00.257500+00:00,99.3,50,bid,,,12061578
2026-06-29T14:00:01.906634,2026-06-29T04:00:02.435006+00:00,99.2,50,ask,,,12061619
2026-06-29T14:00:03.164419,2026-06-29T04:00:03.687842+00:00,99.2,35,ask,,,12061646
2026-06-29T14:00:03.242076,2026-06-29T04:00:03.764832+00:00,99.2,25,ask,,,12061649
2026-06-29T14:00:03.254671,2026-06-29T04:00:03.775833+00:00,99.2,35,ask,,,12061652
2026-06-29T14:00:03.275981,2026-06-29T04:00:03.797833+00:00,99.2,5,ask,,,12061653
2026-06-29T14:00:04.013100,2026-06-29T04:00:04.534833+00:00,99.1,50,ask,,,12061666
2026-06-29T14:00:04.059067,2026-06-29T04:00:04.589832+00:00,99.1,50,ask,,,12061667
2026-06-29T14:00:04.353526,2026-06-29T04:00:04.875348+00:00,99.1,48,bid,,,12061672
2026-06-29T14:00:06.145959,2026-06-29T04:00:06.668138+00:00,98.7,50,ask,,,12061703
2026-06-29T14:00:08.251269,2026-06-29T04:00:08.778832+00:00,98.8,50,ask,,,12061742
2026-06-29T14:00:08.529682,2026-06-29T04:00:09.053823+00:00,98.8,47,ask,,,12061751
2026-06-29T14:00:09.267103,2026-06-29T04:00:09.790832+00:00,98.9,25,bid,,,12061761
2026-06-29T14:00:09.286864,2026-06-29T04:00:09.812823+00:00,98.9,35,bid,,,12061762
2026-06-29T14:00:09.300407,2026-06-29T04:00:09.823824+00:00,98.9,25,bid,,,12061765
2026-06-29T14:00:09.376504,2026-06-29T04:00:09.900823+00:00,98.9,15,bid,,,12061766
2026-06-29T14:00:10.360460,2026-06-29T04:00:10.890824+00:00,98.6,50,ask,,,12061785
2026-06-29T14:00:11.700515,2026-06-29T04:00:12.221823+00:00,99.1,46,bid,,,12061809
2026-06-29T14:00:12.471180,2026-06-29T04:00:13.002823+00:00,98.9,50,ask,,,12061823
2026-06-29T14:00:14.577650,2026-06-29T04:00:15.101695+00:00,98.8,50,ask,,,12061857
2026-06-29T14:00:16.684654,2026-06-29T04:00:17.211487+00:00,98.9,1,ask,,,12061910
2026-06-29T14:00:16.684654,2026-06-29T04:00:17.211487+00:00,98.8,49,ask,,,12061911
2026-06-29T14:00:17.045234,2026-06-29T04:00:17.574488+00:00,98.8,1,bid,,,12061917
2026-06-29T14:00:17.379758,2026-06-29T04:00:17.904488+00:00,98.8,10,bid,,,12061925
2026-06-29T14:00:17.691313,2026-06-29T04:00:18.212479+00:00,98.8,25,bid,,,12061934
2026-06-29T14:00:17.712951,2026-06-29T04:00:18.245478+00:00,98.8,35,bid,,,12061936
2026-06-29T14:00:17.733639,2026-06-29T04:00:18.256479+00:00,98.8,25,bid,,,12061939
2026-06-29T14:00:17.806737,2026-06-29T04:00:18.333488+00:00,98.8,4,bid,,,12061941
2026-06-29T14:00:18.742065,2026-06-29T04:00:19.267521+00:00,99.0,50,bid,,,12061953
2026-06-29T14:00:20.773046,2026-06-29T04:00:21.301065+00:00,98.8,49,ask,,,12062014
2026-06-29T14:00:20.848772,2026-06-29T04:00:21.378065+00:00,99.2,50,bid,,,12062018
2026-06-29T14:00:22.849113,2026-06-29T04:00:23.378175+00:00,98.8,47,ask,,,12062060
2026-06-29T14:00:22.954120,2026-06-29T04:00:23.476222+00:00,99.2,50,bid,,,12062062
2026-06-29T14:00:23.130147,2026-06-29T04:00:23.663222+00:00,99.0,25,bid,,,12062064
2026-06-29T14:00:23.132952,2026-06-29T04:00:23.663222+00:00,99.0,5,bid,,,12062065
2026-06-29T14:00:23.154760,2026-06-29T04:00:23.685222+00:00,99.0,25,bid,,,12062070
2026-06-29T14:00:23.243171,2026-06-29T04:00:23.773222+00:00,99.0,95,bid,,,12062073
2026-06-29T14:00:23.349555,2026-06-29T04:00:23.872222+00:00,99.2,2,ask,,,12062074
2026-06-29T14:00:23.558142,2026-06-29T04:00:24.081104+00:00,99.2,2,ask,,,12062081
2026-06-29T14:00:23.764229,2026-06-29T04:00:24.290104+00:00,99.2,1,ask,,,12062085
2026-06-29T14:00:25.063686,2026-06-29T04:00:25.598104+00:00,99.6,1,bid,,,12062124
2026-06-29T14:00:25.063686,2026-06-29T04:00:25.598104+00:00,99.7,49,bid,,,12062125
2026-06-29T14:00:25.965081,2026-06-29T04:00:26.488803+00:00,99.7,43,bid,,,12062146
2026-06-29T14:00:27.020471,2026-06-29T04:00:27.544702+00:00,99.3,46,ask,,,12062177
2026-06-29T14:00:27.172887,2026-06-29T04:00:27.709702+00:00,99.8,50,bid,,,12062183
2026-06-29T14:00:27.592255,2026-06-29T04:00:28.116693+00:00,99.8,40,bid,,,12062192
2026-06-29T14:00:29.336181,2026-06-29T04:00:29.864794+00:00,99.3,50,ask,,,12062220
2026-06-29T14:00:29.356689,2026-06-29T04:00:29.886794+00:00,99.5,35,ask,,,12062222
2026-06-29T14:00:29.369967,2026-06-29T04:00:29.897794+00:00,99.5,25,ask,,,12062223
2026-06-29T14:00:29.444733,2026-06-29T04:00:29.974803+00:00,99.5,35,ask,,,12062230
2026-06-29T14:00:29.488469,2026-06-29T04:00:30.018803+00:00,99.5,25,ask,,,12062233
2026-06-29T14:00:29.533201,2026-06-29T04:00:30.062803+00:00,99.5,30,ask,,,12062236
2026-06-29T14:00:31.443724,2026-06-29T04:00:31.965317+00:00,99.2,50,ask,,,12062279
2026-06-29T14:00:33.502536,2026-06-29T04:00:34.032846+00:00,99.3,50,bid,,,12062320
2026-06-29T14:00:34.996700,2026-06-29T04:00:35.522855+00:00,99.3,35,bid,,,12062352
2026-06-29T14:00:34.999570,2026-06-29T04:00:35.522855+00:00,99.3,25,bid,,,12062353
2026-06-29T14:00:35.086582,2026-06-29T04:00:35.610855+00:00,99.3,35,bid,,,12062355
2026-06-29T14:00:35.111801,2026-06-29T04:00:35.632855+00:00,99.3,5,bid,,,12062359
2026-06-29T14:00:35.116055,2026-06-29T04:00:35.643855+00:00,99.4,2,bid,,,12062360
2026-06-29T14:00:35.320175,2026-06-29T04:00:35.841855+00:00,99.4,2,bid,,,12062364
2026-06-29T14:00:35.525437,2026-06-29T04:00:36.050855+00:00,99.4,2,bid,,,12062367
2026-06-29T14:00:35.656983,2026-06-29T04:00:36.182875+00:00,99.5,100,bid,,,12062371
2026-06-29T14:00:35.656983,2026-06-29T04:00:36.182875+00:00,99.6,1,bid,,,12062372
2026-06-29T14:00:35.661345,2026-06-29T04:00:36.193875+00:00,99.6,49,ask,,,12062373
2026-06-29T14:00:35.661345,2026-06-29T04:00:36.193875+00:00,99.0,1,ask,,,12062374
2026-06-29T14:00:35.895351,2026-06-29T04:00:36.424866+00:00,99.4,5,bid,,,12062379
2026-06-29T14:00:36.638042,2026-06-29T04:00:37.161875+00:00,99.4,5,ask,,,12062400
2026-06-29T14:00:36.795980,2026-06-29T04:00:37.326866+00:00,99.4,45,ask,,,12062404
2026-06-29T14:00:37.318415,2026-06-29T04:00:37.843875+00:00,99.9,49,bid,,,12062414
2026-06-29T14:00:37.562033,2026-06-29T04:00:38.096866+00:00,99.4,4,ask,,,12062419
2026-06-29T14:00:37.769317,2026-06-29T04:00:38.294866+00:00,99.4,41,ask,,,12062424
2026-06-29T14:00:39.876710,2026-06-29T04:00:40.405924+00:00,99.2,2,ask,,,12062469
2026-06-29T14:00:39.876710,2026-06-29T04:00:40.405924+00:00,99.1,48,ask,,,12062470
2026-06-29T14:00:41.936667,2026-06-29T04:00:42.473924+00:00,99.6,50,bid,,,12062510
2026-06-29T14:00:42.442579,2026-06-29T04:00:42.968933+00:00,99.5,41,bid,,,12062514
2026-06-29T14:00:44.042303,2026-06-29T04:00:44.573028+00:00,99.5,50,bid,,,12062534
2026-06-29T14:00:45.585392,2026-06-29T04:00:46.111213+00:00,99.3,47,ask,,,12062549
2026-06-29T14:00:48.252358,2026-06-29T04:00:48.782149+00:00,99.7,50,bid,,,12062582
2026-06-29T14:00:49.127963,2026-06-29T04:00:49.651149+00:00,99.4,44,ask,,,12062594
2026-06-29T14:00:50.362609,2026-06-29T04:00:50.894158+00:00,99.6,50,bid,,,12062612
2026-06-29T14:00:50.415221,2026-06-29T04:00:50.949158+00:00,99.4,35,ask,,,12062614
2026-06-29T14:00:50.431942,2026-06-29T04:00:50.960158+00:00,99.4,21,ask,,,12062615
2026-06-29T14:00:54.625794,2026-06-29T04:00:55.148842+00:00,99.3,5,ask,,,12062684
2026-06-29T14:00:54.625794,2026-06-29T04:00:55.148842+00:00,99.0,45,ask,,,12062685
2026-06-29T14:00:55.115644,2026-06-29T04:00:55.643854+00:00,99.4,42,bid,,,12062694
2026-06-29T14:00:55.782534,2026-06-29T04:00:56.314424+00:00,99.3,45,ask,,,12062716
2026-06-29T14:00:56.733383,2026-06-29T04:00:57.259533+00:00,99.3,50,ask,,,12062733
2026-06-29T14:00:57.856444,2026-06-29T04:00:58.380546+00:00,99.4,46,bid,,,12062759
2026-06-29T14:00:58.841209,2026-06-29T04:00:59.369180+00:00,99.3,5,ask,,,12062781
2026-06-29T14:00:58.841209,2026-06-29T04:00:59.369180+00:00,99.1,45,ask,,,12062782
2026-06-29T14:00:58.997971,2026-06-29T04:00:59.523180+00:00,99.4,40,bid,,,12062783
2026-06-29T14:00:59.053324,2026-06-29T04:00:59.578179+00:00,99.3,5,ask,,,12062784
2026-06-29T14:00:59.053324,2026-06-29T04:00:59.578179+00:00,99.1,36,ask,,,12062785
2026-06-29T14:00:59.611776,2026-06-29T04:01:00.139180+00:00,99.4,45,bid,,,12062803
2026-06-29T14:01:00.037534,2026-06-29T04:01:00.568180+00:00,99.4,35,bid,,,12062811
2026-06-29T14:01:00.066375,2026-06-29T04:01:00.590180+00:00,99.4,25,bid,,,12062815
2026-06-29T14:01:00.126338,2026-06-29T04:01:00.656171+00:00,99.4,5,bid,,,12062820
2026-06-29T14:01:00.949013,2026-06-29T04:01:01.479179+00:00,99.1,19,ask,,,12062835
2026-06-29T14:01:00.949013,2026-06-29T04:01:01.479179+00:00,98.8,1,ask,,,12062836
2026-06-29T14:01:00.966171,2026-06-29T04:01:01.490179+00:00,99.6,100,bid,,,12062837
2026-06-29T14:01:00.966171,2026-06-29T04:01:01.490179+00:00,99.6,1,bid,,,12062838
2026-06-29T14:01:01.023534,2026-06-29T04:01:01.545180+00:00,99.7,35,ask,,,12062841
2026-06-29T14:01:01.072295,2026-06-29T04:01:01.600180+00:00,99.7,14,ask,,,12062842
2026-06-29T14:01:01.413288,2026-06-29T04:01:01.941180+00:00,99.3,44,ask,,,12062850
2026-06-29T14:01:01.416807,2026-06-29T04:01:01.941180+00:00,99.5,2,bid,,,12062851
2026-06-29T14:01:01.627952,2026-06-29T04:01:02.150180+00:00,99.6,2,bid,,,12062857
2026-06-29T14:01:01.832926,2026-06-29T04:01:02.359171+00:00,99.6,2,bid,,,12062864
2026-06-29T14:01:03.059818,2026-06-29T04:01:03.589383+00:00,99.3,50,ask,,,12062895
2026-06-29T14:01:04.565889,2026-06-29T04:01:05.096391+00:00,99.6,1,bid,,,12062923
2026-06-29T14:01:04.565889,2026-06-29T04:01:05.096391+00:00,99.6,4,bid,,,12062924
2026-06-29T14:01:04.565889,2026-06-29T04:01:05.096391+00:00,99.7,40,bid,,,12062925
2026-06-29T14:01:05.115511,2026-06-29T04:01:05.646391+00:00,99.7,50,bid,,,12062937
2026-06-29T14:01:07.223394,2026-06-29T04:01:07.746961+00:00,99.7,50,bid,,,12062979
2026-06-29T14:01:07.290843,2026-06-29T04:01:07.812961+00:00,99.7,100,bid,,,12062981
2026-06-29T14:01:07.290843,2026-06-29T04:01:07.823960+00:00,99.9,1,bid,,,12062982
2026-06-29T14:01:07.368424,2026-06-29T04:01:07.900960+00:00,99.9,35,ask,,,12062992
2026-06-29T14:01:07.458668,2026-06-29T04:01:07.988969+00:00,99.9,14,ask,,,12062994
2026-06-29T14:01:11.492729,2026-06-29T04:01:12.024106+00:00,99.6,50,ask,,,12063058
2026-06-29T14:01:12.751620,2026-06-29T04:01:13.278225+00:00,99.7,35,bid,,,12063088
2026-06-29T14:01:12.839601,2026-06-29T04:01:13.366225+00:00,99.7,35,bid,,,12063090
2026-06-29T14:01:12.910164,2026-06-29T04:01:13.442296+00:00,99.7,25,bid,,,12063095
2026-06-29T14:01:12.912836,2026-06-29T04:01:13.442296+00:00,99.7,25,bid,,,12063096
2026-06-29T14:01:12.931278,2026-06-29T04:01:13.453296+00:00,99.7,30,bid,,,12063097
2026-06-29T14:01:13.666967,2026-06-29T04:01:14.189180+00:00,99.8,45,ask,,,12063122
2026-06-29T14:01:14.774158,2026-06-29T04:01:15.299961+00:00,99.9,1,bid,,,12063135
2026-06-29T14:01:14.774158,2026-06-29T04:01:15.299961+00:00,99.9,40,bid,,,12063136
2026-06-29T14:01:15.359464,2026-06-29T04:01:15.882961+00:00,99.8,43,ask,,,12063144
2026-06-29T14:01:15.650367,2026-06-29T04:01:16.179012+00:00,99.9,50,bid,,,12063148
2026-06-29T14:01:17.756713,2026-06-29T04:01:18.279003+00:00,100.2,1,bid,,,12063197
2026-06-29T14:01:17.756713,2026-06-29T04:01:18.279003+00:00,100.2,49,bid,,,12063198
2026-06-29T14:01:18.061963,2026-06-29T04:01:18.585699+00:00,99.8,40,ask,,,12063207
2026-06-29T14:01:19.627313,2026-06-29T04:01:20.158689+00:00,99.8,47,ask,,,12063244
2026-06-29T14:01:19.864247,2026-06-29T04:01:20.389699+00:00,100.2,50,bid,,,12063247
2026-06-29T14:01:20.722267,2026-06-29T04:01:21.247698+00:00,99.9,35,ask,,,12063259
2026-06-29T14:01:20.730378,2026-06-29T04:01:21.258699+00:00,99.9,25,ask,,,12063260
2026-06-29T14:01:20.733242,2026-06-29T04:01:21.258699+00:00,99.9,25,ask,,,12063261
2026-06-29T14:01:20.811774,2026-06-29T04:01:21.335699+00:00,99.9,35,ask,,,12063266
2026-06-29T14:01:20.901694,2026-06-29T04:01:21.423699+00:00,99.9,30,ask,,,12063269
2026-06-29T14:01:22.025131,2026-06-29T04:01:22.556699+00:00,99.6,6,ask,,,12063291
2026-06-29T14:01:22.025131,2026-06-29T04:01:22.556699+00:00,99.5,44,ask,,,12063292
2026-06-29T14:01:24.133265,2026-06-29T04:01:24.655494+00:00,99.6,5,ask,,,12063340
2026-06-29T14:01:24.133265,2026-06-29T04:01:24.666493+00:00,99.5,45,ask,,,12063341
2026-06-29T14:01:24.351941,2026-06-29T04:01:24.875384+00:00,99.9,25,bid,,,12063348
2026-06-29T14:01:24.354342,2026-06-29T04:01:24.886384+00:00,99.9,35,bid,,,12063349
2026-06-29T14:01:24.357002,2026-06-29T04:01:24.886384+00:00,99.9,25,bid,,,12063350
2026-06-29T14:01:24.446068,2026-06-29T04:01:24.974383+00:00,99.9,35,bid,,,12063360
2026-06-29T14:01:24.535129,2026-06-29T04:01:25.062375+00:00,99.9,30,bid,,,12063362
2026-06-29T14:01:25.770377,2026-06-29T04:01:26.294016+00:00,100.0,40,bid,,,12063391
2026-06-29T14:01:26.277796,2026-06-29T04:01:26.799917+00:00,100.0,60,bid,,,12063400
2026-06-29T14:01:26.277796,2026-06-29T04:01:26.810917+00:00,100.1,1,bid,,,12063401
2026-06-29T14:01:26.318792,2026-06-29T04:01:26.843917+00:00,100.1,35,ask,,,12063403
2026-06-29T14:01:26.363470,2026-06-29T04:01:26.887917+00:00,100.1,25,ask,,,12063404
2026-06-29T14:01:26.367424,2026-06-29T04:01:26.898917+00:00,100.1,25,ask,,,12063405
2026-06-29T14:01:26.409337,2026-06-29T04:01:26.931909+00:00,100.1,4,ask,,,12063409
2026-06-29T14:01:28.347334,2026-06-29T04:01:28.878064+00:00,99.6,4,ask,,,12063438
2026-06-29T14:01:28.347334,2026-06-29T04:01:28.878064+00:00,99.6,46,ask,,,12063439
2026-06-29T14:01:30.389107,2026-06-29T04:01:30.913077+00:00,100.0,46,bid,,,12063474
2026-06-29T14:01:30.454566,2026-06-29T04:01:30.979077+00:00,99.6,5,ask,,,12063475
2026-06-29T14:01:30.454566,2026-06-29T04:01:30.979077+00:00,99.5,45,ask,,,12063476
2026-06-29T14:01:31.547318,2026-06-29T04:01:32.079077+00:00,99.6,5,ask,,,12063503
2026-06-29T14:01:31.547318,2026-06-29T04:01:32.079077+00:00,99.5,35,ask,,,12063504
2026-06-29T14:01:32.566066,2026-06-29T04:01:33.091068+00:00,99.6,5,ask,,,12063521
2026-06-29T14:01:32.566066,2026-06-29T04:01:33.091068+00:00,99.5,45,ask,,,12063522
2026-06-29T14:01:32.664065,2026-06-29T04:01:33.201068+00:00,99.8,35,bid,,,12063526
2026-06-29T14:01:32.753709,2026-06-29T04:01:33.278068+00:00,99.8,8,bid,,,12063531
2026-06-29T14:01:32.793320,2026-06-29T04:01:33.322068+00:00,99.8,25,bid,,,12063537
2026-06-29T14:01:32.795707,2026-06-29T04:01:33.322068+00:00,99.8,25,bid,,,12063538
2026-06-29T14:01:33.008495,2026-06-29T04:01:33.530050+00:00,99.8,25,bid,,,12063543
2026-06-29T14:01:33.008632,2026-06-29T04:01:33.541050+00:00,99.8,25,bid,,,12063544
2026-06-29T14:01:33.050099,2026-06-29T04:01:33.574050+00:00,99.8,7,bid,,,12063545
2026-06-29T14:01:33.050099,2026-06-29T04:01:33.574050+00:00,99.9,34,bid,,,12063546
2026-06-29T14:01:33.525278,2026-06-29T04:01:34.047059+00:00,99.9,45,bid,,,12063558
2026-06-29T14:01:33.579865,2026-06-29T04:01:34.102059+00:00,99.6,5,ask,,,12063559
2026-06-29T14:01:34.675993,2026-06-29T04:01:35.202050+00:00,99.6,5,ask,,,12063577
2026-06-29T14:01:34.675993,2026-06-29T04:01:35.202050+00:00,99.4,45,ask,,,12063578
2026-06-29T14:01:35.421442,2026-06-29T04:01:35.950059+00:00,99.9,21,bid,,,12063588
2026-06-29T14:01:35.426111,2026-06-29T04:01:35.950059+00:00,100.0,1,bid,,,12063589
2026-06-29T14:01:35.770175,2026-06-29T04:01:36.301621+00:00,99.9,4,bid,,,12063595
2026-06-29T14:01:36.015537,2026-06-29T04:01:36.543620+00:00,100.0,41,ask,,,12063603
2026-06-29T14:01:36.777988,2026-06-29T04:01:37.302620+00:00,100.0,5,ask,,,12063616
2026-06-29T14:01:36.786548,2026-06-29T04:01:37.313620+00:00,100.0,50,ask,,,12063617
2026-06-29T14:01:37.478971,2026-06-29T04:01:38.007629+00:00,100.1,48,bid,,,12063640
2026-06-29T14:01:37.959716,2026-06-29T04:01:38.490696+00:00,100.0,5,ask,,,12063648
2026-06-29T14:01:38.540627,2026-06-29T04:01:39.062696+00:00,100.0,5,ask,,,12063652
2026-06-29T14:01:38.735221,2026-06-29T04:01:39.260688+00:00,100.0,4,ask,,,12063656
2026-06-29T14:01:38.892364,2026-06-29T04:01:39.414687+00:00,99.6,50,ask,,,12063661
2026-06-29T14:01:39.027250,2026-06-29T04:01:39.557697+00:00,100.0,4,bid,,,12063664
2026-06-29T14:01:40.021271,2026-06-29T04:01:40.546688+00:00,99.7,45,ask,,,12063697
2026-06-29T14:01:40.998925,2026-06-29T04:01:41.525193+00:00,99.7,50,ask,,,12063710
2026-06-29T14:01:41.844576,2026-06-29T04:01:42.372193+00:00,100.0,2,bid,,,12063739
2026-06-29T14:01:42.054929,2026-06-29T04:01:42.581202+00:00,100.2,46,bid,,,12063740
2026-06-29T14:01:42.259791,2026-06-29T04:01:42.790202+00:00,99.8,25,bid,,,12063743
2026-06-29T14:01:42.306300,2026-06-29T04:01:42.834202+00:00,99.8,100,bid,,,12063744
2026-06-29T14:01:42.453785,2026-06-29T04:01:42.977202+00:00,99.8,5,bid,,,12063749
2026-06-29T14:01:42.863103,2026-06-29T04:01:43.395185+00:00,99.8,5,bid,,,12063768
2026-06-29T14:01:43.105812,2026-06-29T04:01:43.636719+00:00,99.7,2,ask,,,12063776
2026-06-29T14:01:43.105812,2026-06-29T04:01:43.636719+00:00,99.5,1,ask,,,12063777
2026-06-29T14:01:43.105812,2026-06-29T04:01:43.636719+00:00,99.3,47,ask,,,12063778
2026-06-29T14:01:43.964191,2026-06-29T04:01:44.505719+00:00,99.3,48,ask,,,12063805
2026-06-29T14:01:44.475797,2026-06-29T04:01:45.000719+00:00,99.8,15,bid,,,12063814
2026-06-29T14:01:44.529854,2026-06-29T04:01:45.055719+00:00,99.3,46,ask,,,12063815
2026-06-29T14:01:45.163601,2026-06-29T04:01:45.693719+00:00,100.0,7,bid,,,12063836
2026-06-29T14:01:45.480927,2026-06-29T04:01:46.012719+00:00,99.3,25,bid,,,12063842
2026-06-29T14:01:45.694057,2026-06-29T04:01:46.221295+00:00,99.3,6,bid,,,12063846
2026-06-29T14:01:45.995180,2026-06-29T04:01:46.518307+00:00,99.3,43,bid,,,12063855
2026-06-29T14:01:47.270506,2026-06-29T04:01:47.792316+00:00,99.3,50,bid,,,12063878
2026-06-29T14:01:49.194081,2026-06-29T04:01:49.716502+00:00,99.4,42,ask,,,12063907
2026-06-29T14:01:49.381393,2026-06-29T04:01:49.903511+00:00,99.7,50,bid,,,12063908
2026-06-29T14:01:52.263829,2026-06-29T04:01:52.796029+00:00,99.8,41,bid,,,12063970
2026-06-29T14:01:53.642887,2026-06-29T04:01:54.169714+00:00,99.4,50,ask,,,12063990
2026-06-29T14:01:54.355575,2026-06-29T04:01:54.884714+00:00,99.8,49,bid,,,12064010
2026-06-29T14:01:55.749883,2026-06-29T04:01:56.281265+00:00,99.6,50,ask,,,12064040
2026-06-29T14:01:57.857353,2026-06-29T04:01:58.381507+00:00,99.3,1,ask,,,12064101
2026-06-29T14:01:57.857353,2026-06-29T04:01:58.381507+00:00,99.2,49,ask,,,12064102
2026-06-29T14:01:59.984589,2026-06-29T04:02:00.514503+00:00,99.4,50,ask,,,12064141
2026-06-29T14:02:04.143105,2026-06-29T04:02:04.670931+00:00,99.4,50,bid,,,12064229
2026-06-29T14:02:04.847370,2026-06-29T04:02:05.374941+00:00,99.1,42,ask,,,12064254
2026-06-29T14:02:05.379104,2026-06-29T04:02:05.902932+00:00,99.1,43,ask,,,12064268
2026-06-29T14:02:06.252460,2026-06-29T04:02:06.782483+00:00,99.5,50,bid,,,12064288
2026-06-29T14:02:09.346836,2026-06-29T04:02:09.872472+00:00,99.3,46,bid,,,12064345
2026-06-29T14:02:10.461672,2026-06-29T04:02:11.016472+00:00,99.3,50,bid,,,12064361
2026-06-29T14:02:12.568902,2026-06-29T04:02:13.116582+00:00,99.7,1,bid,,,12064403
2026-06-29T14:02:12.568902,2026-06-29T04:02:13.116582+00:00,99.7,49,bid,,,12064404
2026-06-29T14:02:14.677560,2026-06-29T04:02:15.204278+00:00,99.5,50,bid,,,12064445
2026-06-29T14:02:15.763088,2026-06-29T04:02:16.292263+00:00,99.5,44,bid,,,12064455
2026-06-29T14:02:16.784462,2026-06-29T04:02:17.315263+00:00,99.5,6,bid,,,12064473
2026-06-29T14:02:16.784462,2026-06-29T04:02:17.315263+00:00,99.6,44,bid,,,12064474
2026-06-29T14:02:17.589478,2026-06-29T04:02:18.129254+00:00,99.2,48,ask,,,12064511
2026-06-29T14:02:18.894489,2026-06-29T04:02:19.426840+00:00,99.7,50,bid,,,12064528
2026-06-29T14:02:20.613494,2026-06-29T04:02:21.142351+00:00,99.3,44,ask,,,12064554
2026-06-29T14:02:21.005296,2026-06-29T04:02:21.536469+00:00,99.6,13,bid,,,12064562
2026-06-29T14:02:21.005296,2026-06-29T04:02:21.536469+00:00,99.8,1,bid,,,12064563
2026-06-29T14:02:21.005296,2026-06-29T04:02:21.536469+00:00,99.8,36,bid,,,12064564
2026-06-29T14:02:21.188689,2026-06-29T04:02:21.712360+00:00,99.8,44,bid,,,12064573
2026-06-29T14:02:23.113411,2026-06-29T04:02:23.636054+00:00,99.6,11,bid,,,12064612
2026-06-29T14:02:23.113411,2026-06-29T04:02:23.647054+00:00,99.8,39,bid,,,12064613
2026-06-29T14:02:23.297241,2026-06-29T04:02:23.823045+00:00,99.5,35,ask,,,12064620
2026-06-29T14:02:23.355160,2026-06-29T04:02:23.878045+00:00,99.5,25,ask,,,12064624
2026-06-29T14:02:23.386371,2026-06-29T04:02:23.911045+00:00,99.5,35,ask,,,12064627
2026-06-29T14:02:23.458271,2026-06-29T04:02:23.988045+00:00,99.5,25,ask,,,12064628
2026-06-29T14:02:23.484094,2026-06-29T04:02:24.010045+00:00,99.5,30,ask,,,12064632
2026-06-29T14:02:25.225211,2026-06-29T04:02:25.758164+00:00,99.7,50,bid,,,12064660
2026-06-29T14:02:25.547314,2026-06-29T04:02:26.076560+00:00,99.2,40,ask,,,12064667
2026-06-29T14:02:27.389546,2026-06-29T04:02:27.913163+00:00,99.3,50,ask,,,12064696
2026-06-29T14:02:27.668547,2026-06-29T04:02:28.198682+00:00,99.4,43,bid,,,12064700
2026-06-29T14:02:28.267960,2026-06-29T04:02:28.792249+00:00,99.4,49,bid,,,12064714
2026-06-29T14:02:29.444487,2026-06-29T04:02:29.969249+00:00,99.4,50,bid,,,12064737
2026-06-29T14:02:29.574711,2026-06-29T04:02:30.101240+00:00,99.5,25,ask,,,12064738
2026-06-29T14:02:29.584213,2026-06-29T04:02:30.112240+00:00,99.5,35,ask,,,12064741
2026-06-29T14:02:29.672327,2026-06-29T04:02:30.200240+00:00,99.5,19,ask,,,12064743
2026-06-29T14:02:30.384366,2026-06-29T04:02:30.915248+00:00,99.5,25,ask,,,12064756
2026-06-29T14:02:30.497206,2026-06-29T04:02:31.025249+00:00,99.5,25,ask,,,12064758
2026-06-29T14:02:30.594011,2026-06-29T04:02:31.124240+00:00,99.5,21,ask,,,12064760
2026-06-29T14:02:31.565632,2026-06-29T04:02:32.092240+00:00,99.2,43,ask,,,12064772
2026-06-29T14:02:31.602950,2026-06-29T04:02:32.125240+00:00,99.2,50,ask,,,12064773
2026-06-29T14:02:33.708656,2026-06-29T04:02:34.237158+00:00,99.2,1,ask,,,12064817
2026-06-29T14:02:33.708656,2026-06-29T04:02:34.237158+00:00,99.2,49,ask,,,12064818
2026-06-29T14:02:35.820534,2026-06-29T04:02:36.348237+00:00,99.2,50,ask,,,12064875
2026-06-29T14:02:35.934269,2026-06-29T04:02:36.458236+00:00,99.1,100,ask,,,12064877
2026-06-29T14:02:35.934269,2026-06-29T04:02:36.458236+00:00,99.0,1,ask,,,12064878
2026-06-29T14:02:36.007475,2026-06-29T04:02:36.535237+00:00,99.0,1,bid,,,12064879
2026-06-29T14:02:36.096142,2026-06-29T04:02:36.623237+00:00,99.0,48,bid,,,12064883
2026-06-29T14:02:36.189247,2026-06-29T04:02:36.722237+00:00,99.0,100,bid,,,12064886
2026-06-29T14:02:37.927363,2026-06-29T04:02:38.459775+00:00,99.2,1,ask,,,12064929
2026-06-29T14:02:37.927363,2026-06-29T04:02:38.459775+00:00,98.5,49,ask,,,12064930
2026-06-29T14:02:40.041808,2026-06-29T04:02:40.593797+00:00,99.1,50,ask,,,12064967
2026-06-29T14:02:41.803725,2026-06-29T04:02:42.331788+00:00,99.5,46,bid,,,12064990
2026-06-29T14:02:42.151960,2026-06-29T04:02:42.683797+00:00,99.0,50,ask,,,12064998
2026-06-29T14:02:44.257878,2026-06-29T04:02:44.783318+00:00,98.8,50,ask,,,12065032
2026-06-29T14:02:45.439661,2026-06-29T04:02:45.962333+00:00,99.1,1,bid,,,12065060
2026-06-29T14:02:45.495573,2026-06-29T04:02:46.028333+00:00,99.1,30,bid,,,12065061
2026-06-29T14:02:45.539319,2026-06-29T04:02:46.061333+00:00,99.1,25,bid,,,12065064
2026-06-29T14:02:45.648166,2026-06-29T04:02:46.170889+00:00,99.1,25,bid,,,12065069
2026-06-29T14:02:45.751830,2026-06-29T04:02:46.280880+00:00,99.1,25,bid,,,12065071
2026-06-29T14:02:45.858504,2026-06-29T04:02:46.390880+00:00,99.1,25,bid,,,12065077
2026-06-29T14:02:46.067364,2026-06-29T04:02:46.599888+00:00,99.1,1,bid,,,12065083
2026-06-29T14:02:46.280138,2026-06-29T04:02:46.808888+00:00,99.1,18,bid,,,12065089
2026-06-29T14:02:48.483428,2026-06-29T04:02:49.007864+00:00,99.2,1,ask,,,12065109
2026-06-29T14:02:48.483428,2026-06-29T04:02:49.018864+00:00,98.8,49,ask,,,12065110
2026-06-29T14:02:48.812705,2026-06-29T04:02:49.337856+00:00,99.2,1,ask,,,12065117
2026-06-29T14:02:48.812705,2026-06-29T04:02:49.337856+00:00,99.1,99,ask,,,12065118
2026-06-29T14:02:50.590934,2026-06-29T04:02:51.130865+00:00,99.2,1,ask,,,12065143
2026-06-29T14:02:50.590934,2026-06-29T04:02:51.130865+00:00,99.1,49,ask,,,12065144
2026-06-29T14:02:51.743876,2026-06-29T04:02:52.274864+00:00,99.2,4,ask,,,12065171
2026-06-29T14:02:51.743876,2026-06-29T04:02:52.274864+00:00,99.0,1,ask,,,12065172
2026-06-29T14:02:51.903398,2026-06-29T04:02:52.428875+00:00,98.8,25,bid,,,12065176
2026-06-29T14:02:51.924667,2026-06-29T04:02:52.450875+00:00,98.8,100,bid,,,12065177
2026-06-29T14:02:52.315164,2026-06-29T04:02:52.890885+00:00,98.8,4,bid,,,12065194
2026-06-29T14:02:52.701096,2026-06-29T04:02:53.264876+00:00,98.5,1,ask,,,12065200
2026-06-29T14:02:52.701096,2026-06-29T04:02:53.264876+00:00,98.3,49,ask,,,12065201
2026-06-29T14:02:53.728609,2026-06-29T04:02:54.253920+00:00,98.3,47,ask,,,12065218
2026-06-29T14:02:54.499871,2026-06-29T04:02:55.034934+00:00,98.8,1,bid,,,12065237
2026-06-29T14:02:54.700374,2026-06-29T04:02:55.232933+00:00,98.8,15,bid,,,12065240
2026-06-29T14:02:54.700374,2026-06-29T04:02:55.232933+00:00,99.0,1,bid,,,12065241
2026-06-29T14:02:54.700374,2026-06-29T04:02:55.232933+00:00,99.3,33,bid,,,12065242
2026-06-29T14:02:54.757035,2026-06-29T04:02:55.287933+00:00,99.3,50,bid,,,12065243
2026-06-29T14:02:56.553824,2026-06-29T04:02:57.079260+00:00,99.1,45,ask,,,12065273
2026-06-29T14:02:56.876814,2026-06-29T04:02:57.409260+00:00,99.3,9,bid,,,12065276
2026-06-29T14:02:56.876814,2026-06-29T04:02:57.409260+00:00,99.4,41,bid,,,12065277
2026-06-29T14:02:57.967214,2026-06-29T04:02:58.498225+00:00,99.1,49,ask,,,12065302
2026-06-29T14:03:01.143932,2026-06-29T04:03:01.677240+00:00,99.1,1,ask,,,12065367
2026-06-29T14:03:01.143932,2026-06-29T04:03:01.677240+00:00,99.0,1,ask,,,12065368
2026-06-29T14:03:01.143932,2026-06-29T04:03:01.677240+00:00,98.9,48,ask,,,12065369
2026-06-29T14:03:01.456688,2026-06-29T04:03:01.985248+00:00,99.2,100,ask,,,12065375
2026-06-29T14:03:03.256804,2026-06-29T04:03:03.789356+00:00,99.2,50,ask,,,12065404
2026-06-29T14:03:04.403276,2026-06-29T04:03:04.933365+00:00,99.1,3,ask,,,12065428
2026-06-29T14:03:04.564823,2026-06-29T04:03:05.087366+00:00,99.1,100,bid,,,12065431
2026-06-29T14:03:04.621690,2026-06-29T04:03:05.153365+00:00,99.1,41,bid,,,12065432
2026-06-29T14:03:05.364438,2026-06-29T04:03:05.900495+00:00,98.8,1,ask,,,12065452
2026-06-29T14:03:05.364438,2026-06-29T04:03:05.900495+00:00,98.6,49,ask,,,12065453
2026-06-29T14:03:05.688460,2026-06-29T04:03:06.218936+00:00,99.1,6,bid,,,12065462
2026-06-29T14:03:05.688460,2026-06-29T04:03:06.218936+00:00,99.4,4,bid,,,12065463
2026-06-29T14:03:05.688460,2026-06-29T04:03:06.218936+00:00,99.4,1,bid,,,12065464
2026-06-29T14:03:05.688460,2026-06-29T04:03:06.218936+00:00,99.7,35,bid,,,12065465
2026-06-29T14:03:07.471067,2026-06-29T04:03:08.000759+00:00,99.0,1,ask,,,12065497
2026-06-29T14:03:09.588212,2026-06-29T04:03:10.123378+00:00,99.2,50,ask,,,12065534
2026-06-29T14:03:11.643310,2026-06-29T04:03:12.169298+00:00,99.4,3,bid,,,12065565
2026-06-29T14:03:11.643310,2026-06-29T04:03:12.169298+00:00,99.4,47,bid,,,12065566
2026-06-29T14:03:13.749026,2026-06-29T04:03:14.279093+00:00,99.4,50,bid,,,12065593
2026-06-29T14:03:15.875643,2026-06-29T04:03:16.401791+00:00,99.5,2,bid,,,12065631
2026-06-29T14:03:15.875643,2026-06-29T04:03:16.401791+00:00,99.5,1,bid,,,12065632
2026-06-29T14:03:15.875643,2026-06-29T04:03:16.401791+00:00,99.6,47,bid,,,12065633
2026-06-29T14:03:19.071676,2026-06-29T04:03:19.600508+00:00,99.2,1,ask,,,12065693
2026-06-29T14:03:19.071676,2026-06-29T04:03:19.600508+00:00,99.2,39,ask,,,12065694
2026-06-29T14:03:20.092088,2026-06-29T04:03:20.623517+00:00,99.5,50,bid,,,12065717
2026-06-29T14:03:20.653146,2026-06-29T04:03:21.184538+00:00,99.5,46,bid,,,12065728
2026-06-29T14:03:21.136335,2026-06-29T04:03:21.668537+00:00,99.3,44,ask,,,12065739
2026-06-29T14:03:22.295531,2026-06-29T04:03:22.823537+00:00,99.3,43,ask,,,12065760
2026-06-29T14:03:22.793230,2026-06-29T04:03:23.328685+00:00,99.5,42,bid,,,12065779
2026-06-29T14:03:23.329996,2026-06-29T04:03:23.855379+00:00,99.5,1,bid,,,12065782
2026-06-29T14:03:23.598663,2026-06-29T04:03:24.130370+00:00,99.6,100,ask,,,12065789
2026-06-29T14:03:26.374645,2026-06-29T04:03:26.899458+00:00,99.6,45,ask,,,12065846
2026-06-29T14:03:26.405409,2026-06-29T04:03:26.932448+00:00,100.0,1,bid,,,12065851
2026-06-29T14:03:26.405409,2026-06-29T04:03:26.932448+00:00,100.1,49,bid,,,12065852
2026-06-29T14:03:27.540804,2026-06-29T04:03:28.065469+00:00,99.5,44,bid,,,12065869
2026-06-29T14:03:29.783515,2026-06-29T04:03:30.308466+00:00,99.2,42,ask,,,12065915
2026-06-29T14:03:30.614579,2026-06-29T04:03:31.144465+00:00,99.5,50,bid,,,12065922
2026-06-29T14:03:32.722187,2026-06-29T04:03:33.244457+00:00,99.5,50,bid,,,12065965
2026-06-29T14:03:33.068570,2026-06-29T04:03:33.595993+00:00,99.3,44,ask,,,12065976
2026-06-29T14:03:34.880108,2026-06-29T04:03:35.408124+00:00,99.3,50,ask,,,12066011
2026-06-29T14:03:35.137912,2026-06-29T04:03:35.661124+00:00,99.6,4,bid,,,12066016
2026-06-29T14:03:35.137912,2026-06-29T04:03:35.672125+00:00,99.6,39,bid,,,12066017
2026-06-29T14:03:36.935325,2026-06-29T04:03:37.464272+00:00,99.5,50,bid,,,12066055
2026-06-29T14:03:38.343797,2026-06-29T04:03:38.870980+00:00,99.2,41,ask,,,12066092
2026-06-29T14:03:39.095628,2026-06-29T04:03:39.618980+00:00,99.3,5,ask,,,12066108
2026-06-29T14:03:39.767247,2026-06-29T04:03:40.301110+00:00,99.6,1,bid,,,12066122
2026-06-29T14:03:39.767247,2026-06-29T04:03:40.301110+00:00,99.6,44,bid,,,12066123
2026-06-29T14:03:41.150481,2026-06-29T04:03:41.675993+00:00,99.6,50,bid,,,12066150
2026-06-29T14:03:43.310922,2026-06-29T04:03:43.841865+00:00,99.5,50,ask,,,12066193
2026-06-29T14:03:43.981555,2026-06-29T04:03:44.512874+00:00,99.6,40,bid,,,12066209
2026-06-29T14:03:45.366975,2026-06-29T04:03:45.898874+00:00,99.6,50,bid,,,12066239
2026-06-29T14:03:45.525392,2026-06-29T04:03:46.052874+00:00,99.4,46,ask,,,12066243
2026-06-29T14:03:46.090321,2026-06-29T04:03:46.612450+00:00,99.7,1,bid,,,12066254
2026-06-29T14:03:46.090321,2026-06-29T04:03:46.623567+00:00,99.9,46,bid,,,12066255
2026-06-29T14:03:47.203490,2026-06-29T04:03:47.734457+00:00,99.5,48,ask,,,12066288
2026-06-29T14:03:47.475057,2026-06-29T04:03:47.998448+00:00,99.9,50,bid,,,12066293
2026-06-29T14:03:49.633932,2026-06-29T04:03:50.164270+00:00,99.6,50,ask,,,12066332
2026-06-29T14:03:51.739163,2026-06-29T04:03:52.265292+00:00,99.6,50,ask,,,12066364
2026-06-29T14:03:51.809878,2026-06-29T04:03:52.342292+00:00,99.9,48,bid,,,12066365
2026-06-29T14:03:52.932239,2026-06-29T04:03:53.463915+00:00,99.6,49,ask,,,12066382
2026-06-29T14:03:53.803009,2026-06-29T04:03:54.343924+00:00,99.8,50,bid,,,12066399
2026-06-29T14:03:53.988934,2026-06-29T04:03:54.519915+00:00,99.8,40,bid,,,12066404
2026-06-29T14:03:55.912034,2026-06-29T04:03:56.444935+00:00,99.9,50,bid,,,12066429
2026-06-29T14:03:58.019614,2026-06-29T04:03:58.545488+00:00,99.8,2,bid,,,12066478
2026-06-29T14:03:58.019614,2026-06-29T04:03:58.545488+00:00,99.9,48,bid,,,12066479
2026-06-29T14:03:59.640357,2026-06-29T04:04:00.173510+00:00,99.8,35,ask,,,12066511
2026-06-29T14:03:59.647662,2026-06-29T04:04:00.173510+00:00,99.8,25,ask,,,12066512
2026-06-29T14:03:59.723300,2026-06-29T04:04:00.250511+00:00,99.8,25,ask,,,12066515
2026-06-29T14:03:59.733047,2026-06-29T04:04:00.261510+00:00,99.8,15,ask,,,12066518
2026-06-29T14:04:00.126852,2026-06-29T04:04:00.657620+00:00,100.1,50,bid,,,12066526
2026-06-29T14:04:01.121999,2026-06-29T04:04:01.647501+00:00,99.7,1,ask,,,12066549
2026-06-29T14:04:01.121999,2026-06-29T04:04:01.647501+00:00,99.6,48,ask,,,12066550
2026-06-29T14:04:01.689171,2026-06-29T04:04:02.219510+00:00,99.6,40,ask,,,12066551
2026-06-29T14:04:02.308502,2026-06-29T04:04:02.835510+00:00,99.6,50,ask,,,12066564
2026-06-29T14:04:03.514890,2026-06-29T04:04:04.044897+00:00,99.6,35,ask,,,12066597
2026-06-29T14:04:03.539838,2026-06-29T04:04:04.066897+00:00,99.6,25,ask,,,12066598
2026-06-29T14:04:04.401581,2026-06-29T04:04:04.923897+00:00,99.9,48,bid,,,12066618
2026-06-29T14:04:04.415917,2026-06-29T04:04:04.945897+00:00,99.5,2,ask,,,12066619
2026-06-29T14:04:04.415917,2026-06-29T04:04:04.945897+00:00,99.4,48,ask,,,12066620
2026-06-29T14:04:04.556474,2026-06-29T04:04:05.088897+00:00,99.5,25,bid,,,12066626
2026-06-29T14:04:04.560870,2026-06-29T04:04:05.088897+00:00,99.5,85,bid,,,12066627
2026-06-29T14:04:04.674914,2026-06-29T04:04:05.198897+00:00,99.5,40,bid,,,12066630
2026-06-29T14:04:06.472410,2026-06-29T04:04:07.002856+00:00,99.9,5,bid,,,12066678
2026-06-29T14:04:06.472410,2026-06-29T04:04:07.002856+00:00,100.0,45,bid,,,12066679
2026-06-29T14:04:06.958359,2026-06-29T04:04:07.486855+00:00,100.0,2,bid,,,12066697
2026-06-29T14:04:07.162708,2026-06-29T04:04:07.684859+00:00,100.0,1,bid,,,12066702
2026-06-29T14:04:08.580894,2026-06-29T04:04:09.103133+00:00,100.0,50,bid,,,12066729
2026-06-29T14:04:10.688863,2026-06-29T04:04:11.212995+00:00,99.9,1,bid,,,12066769
2026-06-29T14:04:10.688863,2026-06-29T04:04:11.223886+00:00,100.0,49,bid,,,12066770
2026-06-29T14:04:10.853260,2026-06-29T04:04:11.377996+00:00,100.0,1,bid,,,12066774
2026-06-29T14:04:10.853260,2026-06-29T04:04:11.377996+00:00,100.2,1,bid,,,12066775
2026-06-29T14:04:10.853260,2026-06-29T04:04:11.388995+00:00,100.2,46,bid,,,12066776
2026-06-29T14:04:11.401032,2026-06-29T04:04:11.927876+00:00,99.9,41,ask,,,12066786
2026-06-29T14:04:12.008982,2026-06-29T04:04:12.554885+00:00,99.9,44,ask,,,12066795
2026-06-29T14:04:12.650912,2026-06-29T04:04:13.181886+00:00,100.2,45,bid,,,12066809
2026-06-29T14:04:12.674035,2026-06-29T04:04:13.203885+00:00,99.9,15,ask,,,12066811
2026-06-29T14:04:12.796114,2026-06-29T04:04:13.324886+00:00,100.2,50,bid,,,12066815
2026-06-29T14:04:13.936473,2026-06-29T04:04:14.468533+00:00,100.2,1,bid,,,12066842
2026-06-29T14:04:13.979349,2026-06-29T04:04:14.512533+00:00,100.3,25,ask,,,12066843
2026-06-29T14:04:13.983257,2026-06-29T04:04:14.512533+00:00,100.3,124,ask,,,12066844
2026-06-29T14:04:14.904825,2026-06-29T04:04:15.436532+00:00,100.2,50,bid,,,12066868
2026-06-29T14:04:17.033908,2026-06-29T04:04:17.558218+00:00,100.2,50,bid,,,12066903
2026-06-29T14:04:17.199296,2026-06-29T04:04:17.723239+00:00,100.1,2,bid,,,12066906
2026-06-29T14:04:17.199296,2026-06-29T04:04:17.734238+00:00,100.2,40,bid,,,12066907
2026-06-29T14:04:17.885350,2026-06-29T04:04:18.416247+00:00,99.9,43,ask,,,12066932
2026-06-29T14:04:17.939298,2026-06-29T04:04:18.470647+00:00,99.9,35,ask,,,12066934
2026-06-29T14:04:18.021132,2026-06-29T04:04:18.547647+00:00,99.9,22,ask,,,12066935
2026-06-29T14:04:18.038916,2026-06-29T04:04:18.569647+00:00,99.8,2,ask,,,12066939
2026-06-29T14:04:18.243894,2026-06-29T04:04:18.767638+00:00,99.8,2,ask,,,12066944
2026-06-29T14:04:18.448234,2026-06-29T04:04:18.976638+00:00,99.8,1,ask,,,12066945
2026-06-29T14:04:18.448234,2026-06-29T04:04:18.976638+00:00,99.7,1,ask,,,12066946
2026-06-29T14:04:19.159825,2026-06-29T04:04:19.691647+00:00,100.1,5,bid,,,12066967
2026-06-29T14:04:19.159825,2026-06-29T04:04:19.691647+00:00,100.2,45,bid,,,12066968
2026-06-29T14:04:20.272553,2026-06-29T04:04:20.802649+00:00,100.1,5,bid,,,12066998
2026-06-29T14:04:20.296868,2026-06-29T04:04:20.824649+00:00,100.1,3,ask,,,12067001
2026-06-29T14:04:20.300513,2026-06-29T04:04:20.824649+00:00,100.1,25,ask,,,12067002
2026-06-29T14:04:20.308231,2026-06-29T04:04:20.835649+00:00,100.1,2,ask,,,12067004
2026-06-29T14:04:20.442034,2026-06-29T04:04:20.967650+00:00,100.1,25,ask,,,12067008
2026-06-29T14:04:20.512593,2026-06-29T04:04:21.044650+00:00,100.1,25,ask,,,12067011
2026-06-29T14:04:20.521592,2026-06-29T04:04:21.044650+00:00,100.1,1,ask,,,12067013
2026-06-29T14:04:20.657580,2026-06-29T04:04:21.187658+00:00,100.1,25,ask,,,12067015
2026-06-29T14:04:20.725864,2026-06-29T04:04:21.253658+00:00,100.1,25,ask,,,12067017
2026-06-29T14:04:20.867329,2026-06-29T04:04:21.396658+00:00,100.1,14,ask,,,12067022
2026-06-29T14:04:21.080011,2026-06-29T04:04:21.605658+00:00,99.8,2,ask,,,12067031
2026-06-29T14:04:21.080011,2026-06-29T04:04:21.605658+00:00,99.7,1,ask,,,12067032
2026-06-29T14:04:21.080011,2026-06-29T04:04:21.605658+00:00,99.7,38,ask,,,12067033
2026-06-29T14:04:21.279841,2026-06-29T04:04:21.803649+00:00,100.1,5,bid,,,12067035
2026-06-29T14:04:21.279841,2026-06-29T04:04:21.814649+00:00,100.2,45,bid,,,12067036
2026-06-29T14:04:22.219121,2026-06-29T04:04:22.760658+00:00,100.1,4,bid,,,12067064
2026-06-29T14:04:22.219121,2026-06-29T04:04:22.760658+00:00,100.2,45,bid,,,12067065
2026-06-29T14:04:22.680195,2026-06-29T04:04:23.211658+00:00,99.9,2,ask,,,12067069
2026-06-29T14:04:22.940291,2026-06-29T04:04:23.464076+00:00,99.9,2,ask,,,12067075
2026-06-29T14:04:22.948173,2026-06-29T04:04:23.475076+00:00,99.8,1,ask,,,12067077
2026-06-29T14:04:22.948173,2026-06-29T04:04:23.475076+00:00,99.7,1,ask,,,12067078
2026-06-29T14:04:23.361924,2026-06-29T04:04:23.893066+00:00,99.9,2,ask,,,12067085
2026-06-29T14:04:23.388529,2026-06-29T04:04:23.915067+00:00,100.2,10,bid,,,12067086
2026-06-29T14:04:23.388529,2026-06-29T04:04:23.915067+00:00,100.2,3,bid,,,12067087
2026-06-29T14:04:23.388529,2026-06-29T04:04:23.926067+00:00,100.4,1,bid,,,12067088
2026-06-29T14:04:23.575348,2026-06-29T04:04:24.113076+00:00,99.9,2,ask,,,12067092
2026-06-29T14:04:23.781899,2026-06-29T04:04:24.311076+00:00,99.9,2,ask,,,12067095
2026-06-29T14:04:23.852729,2026-06-29T04:04:24.377076+00:00,99.9,2,ask,,,12067096
2026-06-29T14:04:23.852729,2026-06-29T04:04:24.377076+00:00,99.8,46,ask,,,12067097
2026-06-29T14:04:23.986538,2026-06-29T04:04:24.509076+00:00,99.9,1,ask,,,12067101
2026-06-29T14:04:23.986538,2026-06-29T04:04:24.520077+00:00,99.8,1,ask,,,12067102
2026-06-29T14:04:24.398035,2026-06-29T04:04:24.927067+00:00,99.9,2,ask,,,12067117
2026-06-29T14:04:24.602258,2026-06-29T04:04:25.125076+00:00,99.8,2,ask,,,12067123
2026-06-29T14:04:24.807083,2026-06-29T04:04:25.334076+00:00,99.8,2,ask,,,12067129
2026-06-29T14:04:25.012758,2026-06-29T04:04:25.543076+00:00,99.8,2,ask,,,12067134
2026-06-29T14:04:25.260445,2026-06-29T04:04:25.785076+00:00,99.8,1,ask,,,12067136
2026-06-29T14:04:25.613306,2026-06-29T04:04:26.137177+00:00,99.8,46,ask,,,12067147
2026-06-29T14:04:25.613306,2026-06-29T04:04:26.148177+00:00,99.5,4,ask,,,12067148
2026-06-29T14:04:30.158939,2026-06-29T04:04:30.690114+00:00,99.9,41,bid,,,12067234
2026-06-29T14:04:31.883059,2026-06-29T04:04:32.415127+00:00,99.9,50,bid,,,12067275
2026-06-29T14:04:32.519667,2026-06-29T04:04:33.063638+00:00,99.9,49,bid,,,12067281
2026-06-29T14:04:33.209330,2026-06-29T04:04:33.734173+00:00,99.9,100,ask,,,12067295
2026-06-29T14:04:33.280632,2026-06-29T04:04:33.811174+00:00,99.9,25,ask,,,12067298
2026-06-29T14:04:33.306820,2026-06-29T04:04:33.833174+00:00,99.9,25,ask,,,12067301
2026-06-29T14:04:34.060106,2026-06-29T04:04:34.591292+00:00,99.4,1,ask,,,12067316
2026-06-29T14:04:34.060106,2026-06-29T04:04:34.591292+00:00,99.4,49,ask,,,12067317
2026-06-29T14:04:36.169306,2026-06-29T04:04:36.700720+00:00,99.7,1,ask,,,12067370
2026-06-29T14:04:36.169306,2026-06-29T04:04:36.700720+00:00,99.4,49,ask,,,12067371
2026-06-29T14:04:38.276976,2026-06-29T04:04:38.800527+00:00,99.7,4,ask,,,12067413
2026-06-29T14:04:38.276976,2026-06-29T04:04:38.811527+00:00,99.4,46,ask,,,12067414
2026-06-29T14:04:39.415730,2026-06-29T04:04:39.944527+00:00,99.7,4,ask,,,12067435
2026-06-29T14:04:39.442988,2026-06-29T04:04:39.966527+00:00,99.7,5,bid,,,12067436
2026-06-29T14:04:39.492957,2026-06-29T04:04:40.021527+00:00,99.7,4,bid,,,12067437
2026-06-29T14:04:39.542500,2026-06-29T04:04:40.065520+00:00,99.7,4,bid,,,12067438
2026-06-29T14:04:39.614069,2026-06-29T04:04:40.142518+00:00,99.7,4,bid,,,12067440
2026-06-29T14:04:40.384869,2026-06-29T04:04:40.912527+00:00,99.3,1,ask,,,12067451
2026-06-29T14:04:40.384869,2026-06-29T04:04:40.912527+00:00,99.2,49,ask,,,12067452
2026-06-29T14:04:40.713937,2026-06-29T04:04:41.242518+00:00,99.2,48,ask,,,12067462
2026-06-29T14:04:42.494139,2026-06-29T04:04:43.024527+00:00,99.2,50,ask,,,12067501
2026-06-29T14:04:42.579711,2026-06-29T04:04:43.112521+00:00,99.6,3,ask,,,12067506
2026-06-29T14:04:42.632207,2026-06-29T04:04:43.156532+00:00,99.5,3,bid,,,12067508
2026-06-29T14:04:42.658783,2026-06-29T04:04:43.189531+00:00,99.5,144,bid,,,12067511
2026-06-29T14:04:44.601543,2026-06-29T04:04:45.134165+00:00,99.5,1,ask,,,12067543
2026-06-29T14:04:44.601543,2026-06-29T04:04:45.134165+00:00,99.5,4,ask,,,12067544
2026-06-29T14:04:44.601543,2026-06-29T04:04:45.134165+00:00,99.2,45,ask,,,12067545
2026-06-29T14:04:45.225563,2026-06-29T04:04:45.748684+00:00,99.5,3,ask,,,12067573
2026-06-29T14:04:45.685549,2026-06-29T04:04:46.210346+00:00,99.7,45,bid,,,12067597
2026-06-29T14:04:45.868746,2026-06-29T04:04:46.397346+00:00,99.6,100,ask,,,12067599
2026-06-29T14:04:46.660353,2026-06-29T04:04:47.187867+00:00,99.8,2,bid,,,12067614
2026-06-29T14:04:48.767778,2026-06-29T04:04:49.299373+00:00,99.8,6,bid,,,12067657
2026-06-29T14:04:48.767778,2026-06-29T04:04:49.299373+00:00,100.1,44,bid,,,12067658
2026-06-29T14:04:50.874335,2026-06-29T04:04:51.400373+00:00,99.8,50,bid,,,12067705
2026-06-29T14:04:51.931695,2026-06-29T04:04:52.456396+00:00,99.8,25,bid,,,12067730
2026-06-29T14:04:51.953876,2026-06-29T04:04:52.478395+00:00,99.8,25,bid,,,12067733
2026-06-29T14:04:51.956944,2026-06-29T04:04:52.489395+00:00,99.8,33,bid,,,12067735
2026-06-29T14:04:52.025876,2026-06-29T04:04:52.555396+00:00,99.9,100,bid,,,12067740
2026-06-29T14:04:52.025876,2026-06-29T04:04:52.555396+00:00,100.0,1,bid,,,12067741
2026-06-29T14:04:52.067492,2026-06-29T04:04:52.599395+00:00,100.1,35,ask,,,12067747
2026-06-29T14:04:52.136198,2026-06-29T04:04:52.665395+00:00,100.1,14,ask,,,12067750
2026-06-29T14:04:52.981479,2026-06-29T04:04:53.512168+00:00,100.2,50,bid,,,12067771
2026-06-29T14:04:54.541451,2026-06-29T04:04:55.067169+00:00,99.7,45,ask,,,12067810
2026-06-29T14:04:55.088665,2026-06-29T04:04:55.617168+00:00,100.2,50,bid,,,12067818
2026-06-29T14:04:55.299389,2026-06-29T04:04:55.826178+00:00,99.9,4,bid,,,12067826
2026-06-29T14:04:55.299389,2026-06-29T04:04:55.826178+00:00,100.0,96,bid,,,12067827
2026-06-29T14:04:56.121957,2026-06-29T04:04:56.649848+00:00,100.0,43,bid,,,12067839
2026-06-29T14:04:56.594977,2026-06-29T04:04:57.122848+00:00,99.6,1,ask,,,12067846
2026-06-29T14:04:56.594977,2026-06-29T04:04:57.122848+00:00,99.5,44,ask,,,12067847
2026-06-29T14:04:57.194199,2026-06-29T04:04:57.716848+00:00,100.0,11,bid,,,12067860
2026-06-29T14:04:57.194199,2026-06-29T04:04:57.727848+00:00,100.3,1,bid,,,12067861
2026-06-29T14:04:57.194199,2026-06-29T04:04:57.727848+00:00,100.6,38,bid,,,12067862
2026-06-29T14:04:59.353986,2026-06-29T04:04:59.882298+00:00,99.8,50,ask,,,12067907
2026-06-29T14:05:00.997661,2026-06-29T04:05:01.521289+00:00,100.3,49,bid,,,12067929
2026-06-29T14:05:01.053939,2026-06-29T04:05:01.598289+00:00,99.8,41,ask,,,12067931
2026-06-29T14:05:01.461662,2026-06-29T04:05:01.994298+00:00,99.8,50,ask,,,12067944
2026-06-29T14:05:01.636669,2026-06-29T04:05:02.170298+00:00,99.7,1,ask,,,12067949
2026-06-29T14:05:01.636669,2026-06-29T04:05:02.170298+00:00,99.7,43,ask,,,12067950
2026-06-29T14:05:03.569982,2026-06-29T04:05:04.104315+00:00,99.7,50,ask,,,12067988
2026-06-29T14:05:03.931855,2026-06-29T04:05:04.456315+00:00,100.1,6,bid,,,12067996
2026-06-29T14:05:05.681675,2026-06-29T04:05:06.204875+00:00,100.0,50,ask,,,12068018
2026-06-29T14:05:07.891642,2026-06-29T04:05:08.415434+00:00,100.0,50,ask,,,12068057
2026-06-29T14:05:07.948310,2026-06-29T04:05:08.481434+00:00,100.0,29,bid,,,12068059
2026-06-29T14:05:07.993811,2026-06-29T04:05:08.525426+00:00,100.0,25,bid,,,12068062
2026-06-29T14:05:08.012027,2026-06-29T04:05:08.536425+00:00,100.0,25,bid,,,12068064
2026-06-29T14:05:08.204737,2026-06-29T04:05:08.734544+00:00,100.0,21,bid,,,12068068
2026-06-29T14:05:10.388001,2026-06-29T04:05:10.912562+00:00,100.1,45,bid,,,12068121
2026-06-29T14:05:11.002275,2026-06-29T04:05:11.528562+00:00,100.1,55,bid,,,12068133
2026-06-29T14:05:11.002275,2026-06-29T04:05:11.528562+00:00,100.2,1,bid,,,12068134
2026-06-29T14:05:12.012190,2026-06-29T04:05:12.540081+00:00,100.2,1,ask,,,12068147
2026-06-29T14:05:12.015965,2026-06-29T04:05:12.540081+00:00,100.2,50,ask,,,12068148
2026-06-29T14:05:12.333150,2026-06-29T04:05:12.857191+00:00,100.2,1,ask,,,12068151
2026-06-29T14:05:12.390878,2026-06-29T04:05:12.923190+00:00,100.2,1,ask,,,12068152
2026-06-29T14:05:12.535131,2026-06-29T04:05:13.066093+00:00,100.2,1,ask,,,12068154
2026-06-29T14:05:14.122201,2026-06-29T04:05:14.649206+00:00,100.2,40,ask,,,12068177
2026-06-29T14:05:14.122201,2026-06-29T04:05:14.649206+00:00,100.0,10,ask,,,12068178
2026-06-29T14:05:14.234197,2026-06-29T04:05:14.759207+00:00,100.0,90,ask,,,12068180
2026-06-29T14:05:16.019089,2026-06-29T04:05:16.551541+00:00,100.0,41,bid,,,12068207
2026-06-29T14:05:16.231593,2026-06-29T04:05:16.760552+00:00,99.6,50,ask,,,12068213
2026-06-29T14:05:17.506893,2026-06-29T04:05:18.036671+00:00,99.8,100,ask,,,12068235
2026-06-29T14:05:19.790972,2026-06-29T04:05:20.323749+00:00,99.9,4,ask,,,12068278
2026-06-29T14:05:19.790972,2026-06-29T04:05:20.323749+00:00,99.8,43,ask,,,12068279
2026-06-29T14:05:20.451072,2026-06-29T04:05:20.983686+00:00,99.8,7,ask,,,12068292
2026-06-29T14:05:20.650538,2026-06-29T04:05:21.181686+00:00,99.8,25,bid,,,12068302
2026-06-29T14:05:20.652801,2026-06-29T04:05:21.181686+00:00,99.8,25,bid,,,12068303
2026-06-29T14:05:20.858496,2026-06-29T04:05:21.390695+00:00,99.8,25,bid,,,12068308
2026-06-29T14:05:20.864591,2026-06-29T04:05:21.390695+00:00,99.8,25,bid,,,12068310
2026-06-29T14:05:21.079115,2026-06-29T04:05:21.610694+00:00,99.8,25,bid,,,12068318
2026-06-29T14:05:21.288964,2026-06-29T04:05:21.819685+00:00,99.8,25,bid,,,12068326
2026-06-29T14:05:22.559195,2026-06-29T04:05:23.084695+00:00,99.6,50,ask,,,12068355
2026-06-29T14:05:24.695106,2026-06-29T04:05:25.218272+00:00,99.8,50,ask,,,12068401
2026-06-29T14:05:24.932457,2026-06-29T04:05:25.460271+00:00,99.9,40,bid,,,12068407
2026-06-29T14:05:26.079457,2026-06-29T04:05:26.603942+00:00,99.9,46,bid,,,12068422
2026-06-29T14:05:26.801357,2026-06-29T04:05:27.329454+00:00,99.8,2,ask,,,12068435
2026-06-29T14:05:26.801357,2026-06-29T04:05:27.329454+00:00,99.6,1,ask,,,12068436
2026-06-29T14:05:26.801357,2026-06-29T04:05:27.329454+00:00,99.4,47,ask,,,12068437
2026-06-29T14:05:28.533080,2026-06-29T04:05:29.065665+00:00,99.7,47,ask,,,12068481
2026-06-29T14:05:28.918690,2026-06-29T04:05:29.450675+00:00,99.7,50,ask,,,12068488
2026-06-29T14:05:30.067049,2026-06-29T04:05:30.605675+00:00,99.8,4,ask,,,12068514
2026-06-29T14:05:30.750181,2026-06-29T04:05:31.276675+00:00,99.8,5,bid,,,12068533
2026-06-29T14:05:31.024322,2026-06-29T04:05:31.551666+00:00,99.6,50,ask,,,12068539
2026-06-29T14:05:31.084957,2026-06-29T04:05:31.617666+00:00,99.6,40,ask,,,12068542
2026-06-29T14:05:31.565754,2026-06-29T04:05:32.090954+00:00,99.6,10,ask,,,12068551
2026-06-29T14:05:31.565754,2026-06-29T04:05:32.090954+00:00,99.5,1,ask,,,12068552
2026-06-29T14:05:33.081948,2026-06-29T04:05:33.609048+00:00,99.8,50,bid,,,12068590
2026-06-29T14:05:33.520693,2026-06-29T04:05:34.049047+00:00,99.7,25,bid,,,12068595
2026-06-29T14:05:33.730770,2026-06-29T04:05:34.258047+00:00,99.7,19,bid,,,12068610
2026-06-29T14:05:34.773088,2026-06-29T04:05:35.303047+00:00,99.7,48,bid,,,12068637
2026-06-29T14:05:35.243883,2026-06-29T04:05:35.776047+00:00,99.4,50,ask,,,12068649
2026-06-29T14:05:35.525729,2026-06-29T04:05:36.051047+00:00,99.7,8,bid,,,12068655
2026-06-29T14:05:35.891279,2026-06-29T04:05:36.424605+00:00,99.4,42,ask,,,12068665
2026-06-29T14:05:37.299450,2026-06-29T04:05:37.832605+00:00,99.6,50,bid,,,12068692
2026-06-29T14:05:38.262322,2026-06-29T04:05:38.789295+00:00,99.6,1,bid,,,12068701
2026-06-29T14:05:38.278096,2026-06-29T04:05:38.811296+00:00,99.6,1,bid,,,12068702
2026-06-29T14:05:39.411647,2026-06-29T04:05:40.020790+00:00,99.6,50,bid,,,12068720
2026-06-29T14:05:41.518514,2026-06-29T04:05:42.043791+00:00,100.0,1,bid,,,12068749
2026-06-29T14:05:41.518514,2026-06-29T04:05:42.043791+00:00,100.0,49,bid,,,12068750
2026-06-29T14:05:43.625761,2026-06-29T04:05:44.155371+00:00,100.1,1,bid,,,12068770
2026-06-29T14:05:43.625761,2026-06-29T04:05:44.155371+00:00,100.1,49,bid,,,12068771
2026-06-29T14:05:44.646051,2026-06-29T04:05:45.178371+00:00,100.1,46,bid,,,12068782
2026-06-29T14:05:44.699441,2026-06-29T04:05:45.222371+00:00,99.9,2,ask,,,12068783
2026-06-29T14:05:44.699441,2026-06-29T04:05:45.233371+00:00,99.8,42,ask,,,12068784
2026-06-29T14:05:45.735419,2026-06-29T04:05:46.265985+00:00,100.1,5,bid,,,12068796
2026-06-29T14:05:45.735419,2026-06-29T04:05:46.265985+00:00,100.2,6,bid,,,12068797
2026-06-29T14:05:45.735419,2026-06-29T04:05:46.265985+00:00,100.3,39,bid,,,12068798
2026-06-29T14:05:45.892527,2026-06-29T04:05:46.419985+00:00,100.3,1,bid,,,12068807
2026-06-29T14:05:45.892527,2026-06-29T04:05:46.419985+00:00,100.3,48,bid,,,12068808
2026-06-29T14:05:45.948604,2026-06-29T04:05:46.474986+00:00,100.0,46,ask,,,12068809
2026-06-29T14:05:46.442322,2026-06-29T04:05:46.969985+00:00,100.3,40,bid,,,12068812
2026-06-29T14:05:47.844737,2026-06-29T04:05:48.377996+00:00,100.3,50,bid,,,12068826
2026-06-29T14:05:48.993489,2026-06-29T04:05:49.520973+00:00,100.2,6,bid,,,12068847
2026-06-29T14:05:49.062442,2026-06-29T04:05:49.586973+00:00,100.4,6,ask,,,12068848
2026-06-29T14:05:49.074642,2026-06-29T04:05:49.597973+00:00,100.4,138,ask,,,12068850
2026-06-29T14:05:51.666251,2026-06-29T04:05:52.193990+00:00,99.8,45,ask,,,12068898
2026-06-29T14:05:52.587297,2026-06-29T04:05:53.117990+00:00,100.3,1,bid,,,12068906
2026-06-29T14:05:52.587297,2026-06-29T04:05:53.117990+00:00,100.3,41,bid,,,12068907
2026-06-29T14:05:52.642230,2026-06-29T04:05:53.172990+00:00,99.9,43,ask,,,12068910
2026-06-29T14:05:53.217130,2026-06-29T04:05:53.744073+00:00,99.9,48,ask,,,12068927
2026-06-29T14:05:54.212444,2026-06-29T04:05:54.745073+00:00,99.9,50,ask,,,12068941
2026-06-29T14:05:55.371615,2026-06-29T04:05:55.900073+00:00,99.8,100,ask,,,12068967
2026-06-29T14:05:55.371615,2026-06-29T04:05:55.900073+00:00,99.8,1,ask,,,12068968
2026-06-29T14:05:55.397535,2026-06-29T04:05:55.922073+00:00,99.7,44,bid,,,12068969
2026-06-29T14:05:55.409129,2026-06-29T04:05:55.933073+00:00,99.7,5,bid,,,12068970
2026-06-29T14:05:56.319131,2026-06-29T04:05:56.845644+00:00,99.8,50,ask,,,12068999
2026-06-29T14:05:58.426062,2026-06-29T04:05:58.955886+00:00,99.9,5,ask,,,12069033
2026-06-29T14:05:58.426062,2026-06-29T04:05:58.955886+00:00,99.8,45,ask,,,12069034
2026-06-29T14:05:58.652106,2026-06-29T04:05:59.175887+00:00,99.9,5,ask,,,12069043
2026-06-29T14:05:58.652106,2026-06-29T04:05:59.186887+00:00,99.9,95,ask,,,12069044
2026-06-29T14:05:59.827653,2026-06-29T04:06:00.352887+00:00,100.1,1,bid,,,12069062
2026-06-29T14:06:00.534444,2026-06-29T04:06:01.067887+00:00,99.9,50,ask,,,12069079
2026-06-29T14:06:01.707621,2026-06-29T04:06:02.233907+00:00,99.9,4,ask,,,12069111
2026-06-29T14:06:01.707621,2026-06-29T04:06:02.233907+00:00,99.6,1,ask,,,12069112
2026-06-29T14:06:01.760305,2026-06-29T04:06:02.288907+00:00,99.6,132,bid,,,12069113
2026-06-29T14:06:04.390133,2026-06-29T04:06:04.927997+00:00,99.6,1,bid,,,12069165
2026-06-29T14:06:04.744038,2026-06-29T04:06:05.268998+00:00,99.4,50,ask,,,12069171
2026-06-29T14:06:04.982464,2026-06-29T04:06:05.510998+00:00,99.6,100,ask,,,12069183
2026-06-29T14:06:05.279338,2026-06-29T04:06:05.807998+00:00,99.8,1,bid,,,12069194
2026-06-29T14:06:05.279338,2026-06-29T04:06:05.807998+00:00,100.1,6,bid,,,12069195
2026-06-29T14:06:05.279338,2026-06-29T04:06:05.807998+00:00,100.1,35,bid,,,12069196
2026-06-29T14:06:08.960057,2026-06-29T04:06:09.491665+00:00,99.8,3,ask,,,12069259
2026-06-29T14:06:08.960057,2026-06-29T04:06:09.491665+00:00,99.6,1,ask,,,12069260
2026-06-29T14:06:08.960057,2026-06-29T04:06:09.491665+00:00,99.5,46,ask,,,12069261
2026-06-29T14:06:09.312204,2026-06-29T04:06:09.843672+00:00,99.5,47,ask,,,12069272
2026-06-29T14:06:11.017024,2026-06-29T04:06:11.548673+00:00,99.9,50,bid,,,12069289
2026-06-29T14:06:11.305708,2026-06-29T04:06:11.834673+00:00,99.7,1,ask,,,12069301
2026-06-29T14:06:11.432714,2026-06-29T04:06:11.966673+00:00,99.7,1,bid,,,12069303
2026-06-29T14:06:13.122885,2026-06-29T04:06:13.649230+00:00,99.7,50,bid,,,12069337
2026-06-29T14:06:13.586097,2026-06-29T04:06:14.111238+00:00,99.7,43,bid,,,12069342
2026-06-29T14:06:15.764714,2026-06-29T04:06:16.288465+00:00,99.5,44,ask,,,12069375
2026-06-29T14:06:17.335654,2026-06-29T04:06:17.861485+00:00,99.9,50,bid,,,12069404
2026-06-29T14:06:19.493216,2026-06-29T04:06:20.017289+00:00,99.7,50,ask,,,12069443
2026-06-29T14:06:21.549557,2026-06-29T04:06:22.074289+00:00,99.9,50,bid,,,12069485
2026-06-29T14:06:23.660230,2026-06-29T04:06:24.185866+00:00,99.9,50,bid,,,12069534
2026-06-29T14:06:25.816473,2026-06-29T04:06:26.340983+00:00,99.8,50,ask,,,12069575
2026-06-29T14:06:25.837892,2026-06-29T04:06:26.362983+00:00,99.9,3,bid,,,12069577
2026-06-29T14:06:27.324832,2026-06-29T04:06:27.847983+00:00,100.0,5,bid,,,12069604
2026-06-29T14:06:27.324832,2026-06-29T04:06:27.858983+00:00,100.2,1,bid,,,12069605
2026-06-29T14:06:27.324832,2026-06-29T04:06:27.858983+00:00,100.2,35,bid,,,12069606
2026-06-29T14:06:30.026025,2026-06-29T04:06:30.553447+00:00,99.8,50,ask,,,12069660
2026-06-29T14:06:30.159396,2026-06-29T04:06:30.685447+00:00,99.8,1,ask,,,12069666
2026-06-29T14:06:31.202083,2026-06-29T04:06:31.730458+00:00,99.5,49,ask,,,12069682
2026-06-29T14:06:32.133236,2026-06-29T04:06:32.666458+00:00,99.5,50,ask,,,12069700
2026-06-29T14:06:34.264385,2026-06-29T04:06:34.788178+00:00,99.4,1,ask,,,12069741
2026-06-29T14:06:34.264385,2026-06-29T04:06:34.799178+00:00,99.3,49,ask,,,12069742
2026-06-29T14:06:36.676242,2026-06-29T04:06:37.207750+00:00,99.7,1,bid,,,12069790
2026-06-29T14:06:38.474176,2026-06-29T04:06:39.000877+00:00,99.6,1,ask,,,12069825
2026-06-29T14:06:38.474176,2026-06-29T04:06:39.000877+00:00,99.4,49,ask,,,12069826
2026-06-29T14:06:39.810013,2026-06-29T04:06:40.342877+00:00,99.6,46,bid,,,12069854
2026-06-29T14:06:40.531327,2026-06-29T04:06:41.057877+00:00,99.6,50,bid,,,12069874
2026-06-29T14:06:42.639936,2026-06-29T04:06:43.169175+00:00,99.6,4,bid,,,12069910
2026-06-29T14:06:42.639936,2026-06-29T04:06:43.169175+00:00,99.7,1,bid,,,12069911
2026-06-29T14:06:42.639936,2026-06-29T04:06:43.169175+00:00,99.8,1,bid,,,12069912
2026-06-29T14:06:42.639936,2026-06-29T04:06:43.169175+00:00,99.9,44,bid,,,12069913
2026-06-29T14:06:43.361347,2026-06-29T04:06:43.893848+00:00,99.8,1,bid,,,12069939
2026-06-29T14:06:43.361347,2026-06-29T04:06:43.893848+00:00,99.9,42,bid,,,12069940
2026-06-29T14:06:46.077678,2026-06-29T04:06:46.608934+00:00,99.4,41,ask,,,12069987
2026-06-29T14:06:46.711659,2026-06-29T04:06:47.235925+00:00,99.7,1,bid,,,12069997
2026-06-29T14:06:46.711659,2026-06-29T04:06:47.246925+00:00,99.8,46,bid,,,12069998
2026-06-29T14:06:46.861222,2026-06-29T04:06:47.389925+00:00,99.8,50,bid,,,12070001
2026-06-29T14:06:48.968809,2026-06-29T04:06:49.501499+00:00,99.8,4,bid,,,12070046
2026-06-29T14:06:48.968809,2026-06-29T04:06:49.501499+00:00,99.8,1,bid,,,12070047
2026-06-29T14:06:48.968809,2026-06-29T04:06:49.501499+00:00,99.9,45,bid,,,12070048
2026-06-29T14:06:49.478580,2026-06-29T04:06:50.007500+00:00,99.7,46,ask,,,12070053
2026-06-29T14:06:53.530160,2026-06-29T04:06:54.055064+00:00,99.8,48,bid,,,12070128
2026-06-29T14:06:54.130415,2026-06-29T04:06:54.660085+00:00,99.5,1,ask,,,12070143
2026-06-29T14:06:54.130415,2026-06-29T04:06:54.660085+00:00,99.4,42,ask,,,12070144
2026-06-29T14:06:55.432291,2026-06-29T04:06:55.958084+00:00,99.8,1,bid,,,12070169
2026-06-29T14:06:56.609465,2026-06-29T04:06:57.135105+00:00,99.8,41,ask,,,12070199
2026-06-29T14:06:57.391725,2026-06-29T04:06:57.916105+00:00,100.0,50,bid,,,12070207
2026-06-29T14:06:58.596877,2026-06-29T04:06:59.125916+00:00,99.9,1,bid,,,12070233
2026-06-29T14:06:58.596877,2026-06-29T04:06:59.125916+00:00,100.0,39,bid,,,12070234
2026-06-29T14:06:59.189842,2026-06-29T04:06:59.719916+00:00,99.8,44,ask,,,12070249
2026-06-29T14:06:59.548674,2026-06-29T04:07:00.071916+00:00,99.8,50,ask,,,12070250
2026-06-29T14:06:59.695802,2026-06-29T04:07:00.225916+00:00,99.9,1,bid,,,12070254
2026-06-29T14:06:59.695802,2026-06-29T04:07:00.225916+00:00,100.0,1,bid,,,12070255
2026-06-29T14:06:59.695802,2026-06-29T04:07:00.225916+00:00,100.2,46,bid,,,12070256
2026-06-29T14:06:59.754298,2026-06-29T04:07:00.291151+00:00,99.8,6,ask,,,12070260
2026-06-29T14:06:59.754298,2026-06-29T04:07:00.302151+00:00,99.7,35,ask,,,12070261
2026-06-29T14:07:01.261872,2026-06-29T04:07:01.787151+00:00,100.0,1,bid,,,12070302
2026-06-29T14:07:01.261872,2026-06-29T04:07:01.798152+00:00,100.2,43,bid,,,12070303
2026-06-29T14:07:03.769803,2026-06-29T04:07:06.416358+00:00,100.0,50,ask,,,12070348
2026-06-29T14:07:05.707395,2026-06-29T04:07:07.757893+00:00,99.9,46,ask,,,12070389
2026-06-29T14:07:06.800976,2026-06-29T04:07:07.768901+00:00,99.9,41,ask,,,12070414
2026-06-29T14:07:07.979934,2026-06-29T04:07:08.504609+00:00,99.9,50,ask,,,12070447
2026-06-29T14:07:10.034740,2026-06-29T04:07:10.572628+00:00,99.9,50,bid,,,12070474
2026-06-29T14:07:10.038513,2026-06-29T04:07:10.572628+00:00,99.9,47,bid,,,12070475
2026-06-29T14:07:11.349784,2026-06-29T04:07:11.892628+00:00,100.1,1,bid,,,12070490
2026-06-29T14:07:12.143610,2026-06-29T04:07:12.673628+00:00,100.4,50,bid,,,12070507
2026-06-29T14:07:13.303973,2026-06-29T04:07:13.827741+00:00,99.9,44,ask,,,12070522
2026-06-29T14:07:13.786284,2026-06-29T04:07:14.311741+00:00,100.4,41,bid,,,12070530
2026-06-29T14:07:14.250147,2026-06-29T04:07:14.773741+00:00,100.4,50,bid,,,12070537
2026-06-29T14:07:14.414381,2026-06-29T04:07:14.938741+00:00,100.4,100,bid,,,12070539
2026-06-29T14:07:14.414381,2026-06-29T04:07:14.949741+00:00,100.4,1,bid,,,12070540
2026-06-29T14:07:15.098063,2026-06-29T04:07:15.631741+00:00,100.6,35,ask,,,12070552
2026-06-29T14:07:15.153217,2026-06-29T04:07:15.697740+00:00,100.6,14,ask,,,12070556
2026-06-29T14:07:15.164370,2026-06-29T04:07:15.697740+00:00,100.5,2,ask,,,12070558
2026-06-29T14:07:15.368681,2026-06-29T04:07:15.895741+00:00,100.5,2,ask,,,12070562
2026-06-29T14:07:15.574674,2026-06-29T04:07:16.104737+00:00,100.5,2,ask,,,12070569
2026-06-29T14:07:15.780250,2026-06-29T04:07:16.313737+00:00,100.5,2,ask,,,12070572
2026-06-29T14:07:15.986118,2026-06-29T04:07:16.511737+00:00,100.5,2,ask,,,12070575
2026-06-29T14:07:16.197164,2026-06-29T04:07:16.731737+00:00,100.5,1,ask,,,12070578
2026-06-29T14:07:16.356465,2026-06-29T04:07:16.885737+00:00,100.8,9,bid,,,12070580
2026-06-29T14:07:16.356465,2026-06-29T04:07:16.885737+00:00,101.0,41,bid,,,12070581
2026-06-29T14:07:17.001250,2026-06-29T04:07:17.534737+00:00,100.5,40,ask,,,12070593
2026-06-29T14:07:17.632134,2026-06-29T04:07:18.161738+00:00,100.5,2,ask,,,12070607
2026-06-29T14:07:17.632134,2026-06-29T04:07:18.161738+00:00,100.5,1,ask,,,12070608
2026-06-29T14:07:17.667137,2026-06-29T04:07:18.194737+00:00,100.3,35,bid,,,12070609
2026-06-29T14:07:17.671067,2026-06-29T04:07:18.194737+00:00,100.3,100,bid,,,12070610
2026-06-29T14:07:17.809960,2026-06-29T04:07:18.337737+00:00,100.3,12,bid,,,12070613
2026-06-29T14:07:18.469511,2026-06-29T04:07:18.997317+00:00,100.8,50,bid,,,12070630
2026-06-29T14:07:19.060987,2026-06-29T04:07:19.591317+00:00,100.8,48,bid,,,12070658
2026-06-29T14:07:20.575010,2026-06-29T04:07:21.108851+00:00,100.8,2,bid,,,12070686
2026-06-29T14:07:20.575010,2026-06-29T04:07:21.108851+00:00,100.8,1,bid,,,12070687
2026-06-29T14:07:20.575010,2026-06-29T04:07:21.108851+00:00,100.9,5,bid,,,12070688
2026-06-29T14:07:21.078563,2026-06-29T04:07:21.603851+00:00,101.1,42,bid,,,12070701
2026-06-29T14:07:21.666894,2026-06-29T04:07:22.208851+00:00,100.7,25,ask,,,12070718
2026-06-29T14:07:21.692484,2026-06-29T04:07:22.230851+00:00,100.7,35,ask,,,12070721
2026-06-29T14:07:21.776742,2026-06-29T04:07:22.307851+00:00,100.7,25,ask,,,12070722
2026-06-29T14:07:21.785520,2026-06-29T04:07:22.318851+00:00,100.7,35,ask,,,12070725
2026-06-29T14:07:21.874747,2026-06-29T04:07:22.406851+00:00,100.7,30,ask,,,12070728
2026-06-29T14:07:22.096454,2026-06-29T04:07:22.648851+00:00,100.6,48,ask,,,12070729
2026-06-29T14:07:22.561549,2026-06-29T04:07:23.088850+00:00,100.6,46,ask,,,12070735
2026-06-29T14:07:22.703595,2026-06-29T04:07:23.242851+00:00,100.9,7,bid,,,12070738
2026-06-29T14:07:22.703595,2026-06-29T04:07:23.242851+00:00,101.1,43,bid,,,12070739
2026-06-29T14:07:23.964268,2026-06-29T04:07:24.496430+00:00,100.6,1,ask,,,12070755
2026-06-29T14:07:23.995244,2026-06-29T04:07:24.518430+00:00,100.5,25,bid,,,12070757
2026-06-29T14:07:24.042611,2026-06-29T04:07:24.573430+00:00,100.5,35,bid,,,12070760
2026-06-29T14:07:24.050208,2026-06-29T04:07:24.573430+00:00,100.5,1,bid,,,12070761
2026-06-29T14:07:24.087836,2026-06-29T04:07:24.617429+00:00,100.5,25,bid,,,12070765
2026-06-29T14:07:24.137052,2026-06-29T04:07:24.661429+00:00,100.5,35,bid,,,12070771
2026-06-29T14:07:24.226076,2026-06-29T04:07:24.760421+00:00,100.5,28,bid,,,12070775
2026-06-29T14:07:24.813916,2026-06-29T04:07:25.343429+00:00,100.9,6,bid,,,12070779
2026-06-29T14:07:24.813916,2026-06-29T04:07:25.343429+00:00,100.9,44,bid,,,12070780
2026-06-29T14:07:26.919625,2026-06-29T04:07:27.453218+00:00,100.9,50,bid,,,12070819
2026-06-29T14:07:27.206055,2026-06-29T04:07:27.739217+00:00,100.7,25,ask,,,12070828
2026-06-29T14:07:27.209285,2026-06-29T04:07:27.739217+00:00,100.7,35,ask,,,12070829
2026-06-29T14:07:27.298104,2026-06-29T04:07:27.827217+00:00,100.7,25,ask,,,12070835
2026-06-29T14:07:27.301452,2026-06-29T04:07:27.827217+00:00,100.7,15,ask,,,12070836
2026-06-29T14:07:29.033500,2026-06-29T04:07:29.563905+00:00,100.9,5,bid,,,12070870
2026-06-29T14:07:29.033500,2026-06-29T04:07:29.563905+00:00,101.0,45,bid,,,12070871
2026-06-29T14:07:30.283148,2026-06-29T04:07:30.806906+00:00,100.7,35,ask,,,12070896
2026-06-29T14:07:30.316635,2026-06-29T04:07:30.850905+00:00,100.7,25,ask,,,12070903
2026-06-29T14:07:30.364818,2026-06-29T04:07:30.894906+00:00,101.1,1,bid,,,12070905
2026-06-29T14:07:30.364818,2026-06-29T04:07:30.894906+00:00,101.2,45,bid,,,12070906
2026-06-29T14:07:30.378199,2026-06-29T04:07:30.905905+00:00,100.7,35,ask,,,12070911
2026-06-29T14:07:30.427285,2026-06-29T04:07:30.960906+00:00,100.7,25,ask,,,12070912
2026-06-29T14:07:30.466393,2026-06-29T04:07:31.004905+00:00,100.7,30,ask,,,12070915
2026-06-29T14:07:30.838026,2026-06-29T04:07:31.367906+00:00,100.6,1,ask,,,12070925
2026-06-29T14:07:31.172191,2026-06-29T04:07:31.697897+00:00,100.9,50,bid,,,12070928
2026-06-29T14:07:31.327119,2026-06-29T04:07:31.851917+00:00,100.7,4,ask,,,12070937
2026-06-29T14:07:31.334798,2026-06-29T04:07:31.862925+00:00,100.4,2,ask,,,12070939
2026-06-29T14:07:31.539363,2026-06-29T04:07:32.071925+00:00,100.4,2,ask,,,12070943
2026-06-29T14:07:31.744369,2026-06-29T04:07:32.269925+00:00,100.4,2,ask,,,12070952
2026-06-29T14:07:31.949819,2026-06-29T04:07:32.478925+00:00,100.4,2,ask,,,12070955
2026-06-29T14:07:32.155342,2026-06-29T04:07:32.687925+00:00,100.4,2,ask,,,12070957
2026-06-29T14:07:32.360282,2026-06-29T04:07:32.885916+00:00,100.4,2,ask,,,12070962
2026-06-29T14:07:33.221351,2026-06-29T04:07:33.753888+00:00,100.4,42,ask,,,12070989
2026-06-29T14:07:33.279362,2026-06-29T04:07:33.808909+00:00,100.9,50,bid,,,12070990
2026-06-29T14:07:33.801682,2026-06-29T04:07:34.325908+00:00,100.7,1,bid,,,12071005
2026-06-29T14:07:34.130629,2026-06-29T04:07:34.655909+00:00,100.7,1,bid,,,12071006
2026-06-29T14:07:34.255928,2026-06-29T04:07:34.787908+00:00,100.6,1,ask,,,12071013
2026-06-29T14:07:34.837304,2026-06-29T04:07:35.370908+00:00,100.7,48,bid,,,12071022
2026-06-29T14:07:35.321382,2026-06-29T04:07:35.854909+00:00,100.7,45,bid,,,12071035
2026-06-29T14:07:35.386563,2026-06-29T04:07:35.920909+00:00,100.7,50,bid,,,12071036
2026-06-29T14:07:36.589289,2026-06-29T04:07:37.119456+00:00,100.7,47,ask,,,12071059
2026-06-29T14:07:36.597333,2026-06-29T04:07:37.130456+00:00,100.7,25,ask,,,12071060
2026-06-29T14:07:36.671020,2026-06-29T04:07:37.207456+00:00,100.7,25,ask,,,12071067
2026-06-29T14:07:36.799675,2026-06-29T04:07:37.328456+00:00,100.7,45,ask,,,12071074
2026-06-29T14:07:36.812449,2026-06-29T04:07:37.339456+00:00,100.7,8,ask,,,12071075
2026-06-29T14:07:37.486150,2026-06-29T04:07:38.014456+00:00,100.6,4,ask,,,12071096
2026-06-29T14:07:37.494736,2026-06-29T04:07:38.025465+00:00,100.8,50,bid,,,12071098
2026-06-29T14:07:37.854826,2026-06-29T04:07:38.388465+00:00,100.6,4,ask,,,12071104
2026-06-29T14:07:38.479663,2026-06-29T04:07:39.015022+00:00,100.6,3,ask,,,12071122
2026-06-29T14:07:38.701254,2026-06-29T04:07:39.235023+00:00,100.6,3,ask,,,12071128
2026-06-29T14:07:38.906154,2026-06-29T04:07:39.433023+00:00,100.6,3,ask,,,12071131
2026-06-29T14:07:39.118706,2026-06-29T04:07:39.653023+00:00,100.6,3,ask,,,12071136
2026-06-29T14:07:39.328206,2026-06-29T04:07:39.862023+00:00,100.6,2,ask,,,12071146
2026-06-29T14:07:39.600662,2026-06-29T04:07:40.125556+00:00,100.8,50,bid,,,12071162
2026-06-29T14:07:39.818396,2026-06-29T04:07:40.345557+00:00,100.6,100,bid,,,12071172
2026-06-29T14:07:39.937829,2026-06-29T04:07:40.466548+00:00,100.5,1,ask,,,12071176
2026-06-29T14:07:40.344887,2026-06-29T04:07:40.873556+00:00,100.6,1,bid,,,12071188
2026-06-29T14:07:41.777471,2026-06-29T04:07:42.303557+00:00,100.1,50,ask,,,12071210
2026-06-29T14:07:42.352721,2026-06-29T04:07:42.886557+00:00,100.6,48,bid,,,12071234
2026-06-29T14:07:43.049252,2026-06-29T04:07:43.579128+00:00,100.2,2,ask,,,12071245
2026-06-29T14:07:43.283052,2026-06-29T04:07:43.810127+00:00,100.2,2,ask,,,12071247
2026-06-29T14:07:43.487769,2026-06-29T04:07:44.019127+00:00,100.2,2,ask,,,12071265
2026-06-29T14:07:43.693232,2026-06-29T04:07:44.228127+00:00,100.2,2,ask,,,12071271
2026-06-29T14:07:43.911515,2026-06-29T04:07:44.437127+00:00,100.2,50,ask,,,12071273
2026-06-29T14:07:43.911843,2026-06-29T04:07:44.448128+00:00,100.2,2,ask,,,12071276
2026-06-29T14:07:45.346372,2026-06-29T04:07:45.878127+00:00,100.2,2,ask,,,12071309
2026-06-29T14:07:45.551105,2026-06-29T04:07:46.075680+00:00,100.2,2,ask,,,12071312
2026-06-29T14:07:45.756542,2026-06-29T04:07:46.284680+00:00,100.2,2,ask,,,12071317
2026-06-29T14:07:45.966873,2026-06-29T04:07:46.493680+00:00,100.2,2,ask,,,12071321
2026-06-29T14:07:46.025630,2026-06-29T04:07:46.559680+00:00,100.1,50,ask,,,12071325
2026-06-29T14:07:47.606724,2026-06-29T04:07:49.154362+00:00,100.0,44,ask,,,12071363
2026-06-29T14:07:48.139403,2026-06-29T04:07:49.209362+00:00,100.0,50,ask,,,12071380
2026-06-29T14:07:48.671153,2026-06-29T04:07:49.462362+00:00,100.5,40,bid,,,12071387
2026-06-29T14:07:50.193996,2026-06-29T04:07:56.775540+00:00,100.3,50,bid,,,12071416
2026-06-29T14:07:50.537486,2026-06-29T04:07:56.775540+00:00,100.3,35,bid,,,12071420
2026-06-29T14:07:50.584148,2026-06-29T04:08:01.912097+00:00,100.3,25,bid,,,12071426
2026-06-29T14:07:50.609862,2026-06-29T04:08:02.165097+00:00,100.3,25,bid,,,12071432
2026-06-29T14:07:50.628897,2026-06-29T04:08:02.165097+00:00,100.3,15,bid,,,12071433
2026-06-29T14:07:52.299836,2026-06-29T04:08:03.430251+00:00,100.6,50,bid,,,12071465
2026-06-29T14:07:52.485593,2026-06-29T04:08:03.683260+00:00,100.6,50,ask,,,12071472
2026-06-29T14:07:52.593562,2026-06-29T04:08:03.683260+00:00,100.6,25,ask,,,12071475
2026-06-29T14:07:52.617464,2026-06-29T04:08:03.683260+00:00,100.6,25,ask,,,12071477
2026-06-29T14:07:52.803701,2026-06-29T04:08:03.738260+00:00,100.6,25,ask,,,12071482
2026-06-29T14:07:52.829973,2026-06-29T04:08:03.936260+00:00,100.6,25,ask,,,12071484
2026-06-29T14:07:54.406524,2026-06-29T04:08:04.716794+00:00,100.8,1,bid,,,12071523
2026-06-29T14:07:54.406524,2026-06-29T04:08:04.716794+00:00,100.8,49,bid,,,12071524
2026-06-29T14:07:55.647180,2026-06-29T04:08:05.200794+00:00,100.3,1,ask,,,12071560
2026-06-29T14:07:55.647180,2026-06-29T04:08:05.255794+00:00,100.3,100,ask,,,12071561
2026-06-29T14:07:56.513112,2026-06-29T04:08:05.288794+00:00,100.3,49,bid,,,12071580
2026-06-29T14:07:56.513112,2026-06-29T04:08:05.288794+00:00,100.8,1,bid,,,12071581
2026-06-29T14:07:57.234264,2026-06-29T04:08:05.519794+00:00,100.2,1,ask,,,12071590
2026-06-29T14:07:58.043942,2026-06-29T04:08:05.706794+00:00,100.2,1,ask,,,12071602
2026-06-29T14:07:58.579790,2026-06-29T04:08:05.772794+00:00,99.8,48,ask,,,12071615
2026-06-29T14:07:58.621607,2026-06-29T04:08:05.772794+00:00,100.7,6,bid,,,12071616
2026-06-29T14:07:58.621607,2026-06-29T04:08:05.772794+00:00,100.8,44,bid,,,12071617
2026-06-29T14:07:59.851276,2026-06-29T04:08:06.025794+00:00,100.2,25,ask,,,12071637
2026-06-29T14:07:59.856979,2026-06-29T04:08:06.025794+00:00,100.2,25,ask,,,12071638
2026-06-29T14:08:00.068063,2026-06-29T04:08:06.025794+00:00,100.2,10,ask,,,12071642
2026-06-29T14:08:00.071054,2026-06-29T04:08:06.025794+00:00,100.2,25,ask,,,12071643
2026-06-29T14:08:00.282319,2026-06-29T04:08:06.025794+00:00,100.2,25,ask,,,12071652
2026-06-29T14:08:00.625073,2026-06-29T04:08:06.101888+00:00,100.2,40,ask,,,12071673
2026-06-29T14:08:00.625073,2026-06-29T04:08:06.101888+00:00,100.1,7,ask,,,12071674
2026-06-29T14:08:00.730857,2026-06-29T04:08:06.189888+00:00,100.6,5,bid,,,12071678
2026-06-29T14:08:00.730857,2026-06-29T04:08:06.189888+00:00,100.6,45,bid,,,12071679
2026-06-29T14:08:01.969458,2026-06-29T04:08:06.288888+00:00,100.3,100,ask,,,12071703
2026-06-29T14:08:02.840176,2026-06-29T04:08:06.354888+00:00,100.1,50,bid,,,12071712
2026-06-29T14:08:07.057813,2026-06-29T04:08:07.586881+00:00,100.3,50,bid,,,12071788
2026-06-29T14:08:07.357709,2026-06-29T04:08:07.883888+00:00,100.3,48,bid,,,12071795
2026-06-29T14:08:09.214935,2026-06-29T04:08:09.742114+00:00,100.2,50,ask,,,12071816
2026-06-29T14:08:11.322305,2026-06-29T04:08:11.854114+00:00,100.2,50,ask,,,12071862
2026-06-29T14:08:11.641837,2026-06-29T04:08:12.173115+00:00,100.2,5,bid,,,12071866
2026-06-29T14:08:12.212555,2026-06-29T04:08:12.745135+00:00,100.2,46,bid,,,12071879
2026-06-29T14:08:12.491315,2026-06-29T04:08:13.020135+00:00,100.2,5,bid,,,12071892
2026-06-29T14:08:12.611517,2026-06-29T04:08:13.141135+00:00,100.2,5,bid,,,12071897
2026-06-29T14:08:13.185419,2026-06-29T04:08:13.712393+00:00,100.1,43,ask,,,12071903
2026-06-29T14:08:13.428493,2026-06-29T04:08:13.954392+00:00,100.1,50,ask,,,12071904
2026-06-29T14:08:13.518091,2026-06-29T04:08:14.042393+00:00,100.1,7,ask,,,12071909
2026-06-29T14:08:14.521779,2026-06-29T04:08:15.054393+00:00,100.2,49,bid,,,12071928
2026-06-29T14:08:15.538163,2026-06-29T04:08:16.066413+00:00,100.0,50,ask,,,12071951
2026-06-29T14:08:15.932878,2026-06-29T04:08:16.462539+00:00,100.0,41,ask,,,12071956
2026-06-29T14:08:17.652512,2026-06-29T04:08:18.178072+00:00,100.0,50,ask,,,12071991
2026-06-29T14:08:17.690215,2026-06-29T04:08:18.222064+00:00,99.7,46,ask,,,12071992
2026-06-29T14:08:18.686302,2026-06-29T04:08:19.211761+00:00,99.8,46,bid,,,12072013
2026-06-29T14:08:20.669526,2026-06-29T04:08:21.202761+00:00,99.8,3,bid,,,12072032
2026-06-29T14:08:20.733166,2026-06-29T04:08:21.257762+00:00,99.8,2,bid,,,12072036
2026-06-29T14:08:21.739817,2026-06-29T04:08:22.269762+00:00,99.8,49,bid,,,12072062
2026-06-29T14:08:21.873840,2026-06-29T04:08:22.401761+00:00,99.3,50,ask,,,12072067
2026-06-29T14:08:23.981799,2026-06-29T04:08:24.512671+00:00,99.3,50,ask,,,12072113
2026-06-29T14:08:24.511306,2026-06-29T04:08:25.040672+00:00,99.3,150,bid,,,12072124
2026-06-29T14:08:26.036681,2026-06-29T04:08:26.569705+00:00,99.5,50,bid,,,12072151
2026-06-29T14:08:27.328974,2026-06-29T04:08:27.856705+00:00,99.6,35,ask,,,12072168
2026-06-29T14:08:27.418512,2026-06-29T04:08:27.944705+00:00,99.6,35,ask,,,12072170
2026-06-29T14:08:27.525673,2026-06-29T04:08:28.054705+00:00,99.6,35,ask,,,12072174
2026-06-29T14:08:27.615164,2026-06-29T04:08:28.142705+00:00,99.6,35,ask,,,12072178
2026-06-29T14:08:27.712795,2026-06-29T04:08:28.241705+00:00,99.6,10,ask,,,12072183
2026-06-29T14:08:28.195334,2026-06-29T04:08:28.724611+00:00,99.3,50,ask,,,12072191
2026-06-29T14:08:28.225164,2026-06-29T04:08:28.757611+00:00,99.3,43,ask,,,12072192
2026-06-29T14:08:30.301045,2026-06-29T04:08:30.825145+00:00,99.3,7,ask,,,12072219
2026-06-29T14:08:30.301045,2026-06-29T04:08:30.836145+00:00,99.0,1,ask,,,12072220
2026-06-29T14:08:32.096599,2026-06-29T04:08:32.629145+00:00,99.4,43,bid,,,12072257
2026-06-29T14:08:32.422696,2026-06-29T04:08:32.948136+00:00,98.9,50,ask,,,12072262
2026-06-29T14:08:32.525324,2026-06-29T04:08:33.058136+00:00,99.4,107,bid,,,12072265
2026-06-29T14:08:32.525324,2026-06-29T04:08:33.058136+00:00,99.4,92,bid,,,12072266
2026-06-29T14:08:32.567092,2026-06-29T04:08:33.102136+00:00,99.4,8,bid,,,12072269
2026-06-29T14:08:33.653174,2026-06-29T04:08:34.179855+00:00,99.5,43,ask,,,12072287
2026-06-29T14:08:34.530040,2026-06-29T04:08:35.059856+00:00,99.5,50,ask,,,12072305
2026-06-29T14:08:36.588126,2026-06-29T04:08:37.116035+00:00,99.9,4,bid,,,12072335
2026-06-29T14:08:36.588126,2026-06-29T04:08:37.116035+00:00,99.9,46,bid,,,12072336
2026-06-29T14:08:36.809141,2026-06-29T04:08:37.336035+00:00,99.8,40,bid,,,12072341
2026-06-29T14:08:40.350615,2026-06-29T04:08:40.876743+00:00,99.6,41,ask,,,12072405
2026-06-29T14:08:40.851182,2026-06-29T04:08:41.382745+00:00,99.6,50,ask,,,12072410
2026-06-29T14:08:42.957238,2026-06-29T04:08:43.484380+00:00,99.6,9,ask,,,12072450
2026-06-29T14:08:42.957238,2026-06-29T04:08:43.484380+00:00,99.5,1,ask,,,12072451
2026-06-29T14:08:42.957238,2026-06-29T04:08:43.484380+00:00,99.4,40,ask,,,12072452
2026-06-29T14:08:44.281471,2026-06-29T04:08:44.815380+00:00,99.4,42,ask,,,12072477
2026-06-29T14:08:45.014311,2026-06-29T04:08:45.541371+00:00,99.8,4,bid,,,12072489
2026-06-29T14:08:45.014311,2026-06-29T04:08:45.541371+00:00,99.9,46,bid,,,12072490
2026-06-29T14:08:46.354900,2026-06-29T04:08:46.882939+00:00,99.6,41,bid,,,12072519
2026-06-29T14:08:47.138154,2026-06-29T04:08:47.663939+00:00,99.6,50,bid,,,12072534
2026-06-29T14:08:47.459276,2026-06-29T04:08:47.993959+00:00,99.6,45,bid,,,12072541
2026-06-29T14:08:49.244714,2026-06-29T04:08:49.775510+00:00,99.6,14,bid,,,12072578
2026-06-29T14:08:49.244714,2026-06-29T04:08:49.775510+00:00,99.7,36,bid,,,12072579
2026-06-29T14:08:49.392383,2026-06-29T04:08:49.918510+00:00,99.8,5,bid,,,12072586
2026-06-29T14:08:49.450369,2026-06-29T04:08:49.984510+00:00,99.8,35,ask,,,12072591
2026-06-29T14:08:49.554595,2026-06-29T04:08:50.083521+00:00,99.8,35,ask,,,12072596
2026-06-29T14:08:50.062212,2026-06-29T04:08:50.589530+00:00,99.8,6,ask,,,12072603
2026-06-29T14:08:50.609315,2026-06-29T04:08:51.139531+00:00,99.8,35,ask,,,12072620
2026-06-29T14:08:50.698371,2026-06-29T04:08:51.227530+00:00,99.8,34,ask,,,12072622
2026-06-29T14:08:51.260685,2026-06-29T04:08:51.788521+00:00,99.4,44,ask,,,12072626
2026-06-29T14:08:51.409415,2026-06-29T04:08:51.942521+00:00,99.5,1,ask,,,12072629
2026-06-29T14:08:51.409415,2026-06-29T04:08:51.942521+00:00,99.4,49,ask,,,12072630
2026-06-29T14:08:51.789533,2026-06-29T04:08:52.327530+00:00,99.8,5,bid,,,12072643
2026-06-29T14:08:52.303907,2026-06-29T04:08:52.833531+00:00,99.4,7,ask,,,12072656
2026-06-29T14:08:52.853365,2026-06-29T04:08:53.383531+00:00,99.1,45,ask,,,12072668
2026-06-29T14:08:53.507134,2026-06-29T04:08:54.032088+00:00,99.5,35,bid,,,12072683
2026-06-29T14:08:53.544881,2026-06-29T04:08:54.076088+00:00,99.1,50,ask,,,12072686
2026-06-29T14:08:53.598550,2026-06-29T04:08:54.131088+00:00,99.5,35,bid,,,12072688
2026-06-29T14:08:53.631879,2026-06-29T04:08:54.164089+00:00,99.5,25,bid,,,12072693
2026-06-29T14:08:53.632028,2026-06-29T04:08:54.164089+00:00,99.5,5,bid,,,12072694
2026-06-29T14:08:53.641068,2026-06-29T04:08:54.175088+00:00,99.6,2,bid,,,12072695
2026-06-29T14:08:53.845909,2026-06-29T04:08:54.373088+00:00,99.6,2,bid,,,12072696
2026-06-29T14:08:54.050727,2026-06-29T04:08:54.582089+00:00,99.6,2,bid,,,12072699
2026-06-29T14:08:54.255662,2026-06-29T04:08:54.780088+00:00,99.6,2,bid,,,12072706
2026-06-29T14:08:54.461652,2026-06-29T04:08:54.989089+00:00,99.6,2,bid,,,12072712
2026-06-29T14:08:54.666809,2026-06-29T04:08:55.197622+00:00,99.6,2,bid,,,12072716
2026-06-29T14:08:54.671027,2026-06-29T04:08:55.197622+00:00,99.6,45,bid,,,12072717
2026-06-29T14:08:55.168148,2026-06-29T04:08:55.692622+00:00,99.1,45,ask,,,12072727
2026-06-29T14:08:55.651505,2026-06-29T04:08:56.176223+00:00,99.1,10,ask,,,12072744
2026-06-29T14:08:55.651505,2026-06-29T04:08:56.187224+00:00,99.0,40,ask,,,12072745
2026-06-29T14:08:55.792150,2026-06-29T04:08:56.319223+00:00,99.0,69,bid,,,12072750
2026-06-29T14:08:55.846475,2026-06-29T04:08:56.374224+00:00,99.0,25,bid,,,12072753
2026-06-29T14:08:55.902099,2026-06-29T04:08:56.451224+00:00,99.0,25,bid,,,12072755
2026-06-29T14:08:56.055547,2026-06-29T04:08:56.616223+00:00,99.0,25,bid,,,12072762
2026-06-29T14:08:56.118637,2026-06-29T04:08:56.649223+00:00,99.0,6,bid,,,12072765
2026-06-29T14:08:56.267456,2026-06-29T04:08:56.792223+00:00,99.4,25,bid,,,12072769
2026-06-29T14:08:56.328879,2026-06-29T04:08:56.858224+00:00,99.4,25,bid,,,12072771
2026-06-29T14:08:56.481346,2026-06-29T04:08:57.012224+00:00,99.4,25,bid,,,12072777
2026-06-29T14:08:56.540273,2026-06-29T04:08:57.067223+00:00,99.4,25,bid,,,12072779
2026-06-29T14:08:57.784047,2026-06-29T04:08:58.310224+00:00,98.9,50,ask,,,12072787
2026-06-29T14:08:59.418277,2026-06-29T04:08:59.947982+00:00,99.8,47,bid,,,12072812
2026-06-29T14:08:59.889711,2026-06-29T04:09:00.420516+00:00,99.4,50,ask,,,12072818
2026-06-29T14:09:00.540905,2026-06-29T04:09:01.080516+00:00,99.8,46,bid,,,12072830
2026-06-29T14:09:02.022698,2026-06-29T04:09:02.554516+00:00,99.1,1,ask,,,12072843
2026-06-29T14:09:03.919016,2026-06-29T04:09:04.446093+00:00,99.4,48,ask,,,12072875
2026-06-29T14:09:04.129752,2026-06-29T04:09:04.655092+00:00,99.4,50,ask,,,12072877
2026-06-29T14:09:05.383063,2026-06-29T04:09:05.909092+00:00,99.2,47,ask,,,12072906
2026-06-29T14:09:06.247331,2026-06-29T04:09:06.777646+00:00,99.2,50,ask,,,12072923
2026-06-29T14:09:08.355375,2026-06-29T04:09:08.888294+00:00,99.5,5,ask,,,12072980
2026-06-29T14:09:08.355375,2026-06-29T04:09:08.888294+00:00,99.2,3,ask,,,12072981
2026-06-29T14:09:08.355375,2026-06-29T04:09:08.888294+00:00,99.1,42,ask,,,12072982
2026-06-29T14:09:11.272176,2026-06-29T04:09:11.803203+00:00,99.6,48,bid,,,12073052
2026-06-29T14:09:11.639426,2026-06-29T04:09:12.166204+00:00,99.5,3,ask,,,12073059
2026-06-29T14:09:12.367900,2026-06-29T04:09:12.892203+00:00,99.2,45,ask,,,12073067
2026-06-29T14:09:12.568772,2026-06-29T04:09:13.101204+00:00,99.2,50,ask,,,12073070
2026-06-29T14:09:14.365242,2026-06-29T04:09:14.893760+00:00,99.5,44,bid,,,12073109
2026-06-29T14:09:14.523798,2026-06-29T04:09:15.047760+00:00,99.5,25,bid,,,12073112
2026-06-29T14:09:14.584000,2026-06-29T04:09:15.113751+00:00,99.5,25,bid,,,12073115
2026-06-29T14:09:14.624556,2026-06-29T04:09:15.157751+00:00,99.5,50,bid,,,12073116
2026-06-29T14:09:14.797354,2026-06-29T04:09:15.322751+00:00,99.6,100,ask,,,12073126
2026-06-29T14:09:16.282162,2026-06-29T04:09:16.807780+00:00,99.9,1,bid,,,12073151
2026-06-29T14:09:16.790812,2026-06-29T04:09:17.324780+00:00,99.6,50,ask,,,12073159
2026-06-29T14:09:16.836547,2026-06-29T04:09:17.368780+00:00,99.4,5,ask,,,12073161
2026-06-29T14:09:16.836547,2026-06-29T04:09:17.368780+00:00,99.2,1,ask,,,12073162
2026-06-29T14:09:18.004084,2026-06-29T04:09:18.533993+00:00,99.4,25,bid,,,12073189
2026-06-29T14:09:18.139787,2026-06-29T04:09:18.665993+00:00,99.4,25,bid,,,12073196
2026-06-29T14:09:18.214057,2026-06-29T04:09:18.742993+00:00,99.4,25,bid,,,12073198
2026-06-29T14:09:18.366975,2026-06-29T04:09:18.896993+00:00,99.4,25,bid,,,12073201
2026-06-29T14:09:18.500045,2026-06-29T04:09:19.028993+00:00,99.1,44,ask,,,12073205
2026-06-29T14:09:18.849564,2026-06-29T04:09:19.380993+00:00,99.4,50,bid,,,12073210
2026-06-29T14:09:20.016268,2026-06-29T04:09:20.547013+00:00,99.6,49,bid,,,12073230
2026-06-29T14:09:20.956028,2026-06-29T04:09:21.493013+00:00,99.6,50,bid,,,12073253
2026-06-29T14:09:23.061896,2026-06-29T04:09:23.593570+00:00,99.8,50,bid,,,12073294
2026-06-29T14:09:23.628640,2026-06-29T04:09:24.154570+00:00,99.8,45,bid,,,12073306
2026-06-29T14:09:25.168139,2026-06-29T04:09:25.694590+00:00,100.0,50,bid,,,12073356
2026-06-29T14:09:27.277056,2026-06-29T04:09:27.805472+00:00,99.8,1,bid,,,12073390
2026-06-29T14:09:27.277056,2026-06-29T04:09:27.805472+00:00,100.0,49,bid,,,12073391
2026-06-29T14:09:27.450087,2026-06-29T04:09:27.981472+00:00,100.0,25,ask,,,12073394
2026-06-29T14:09:27.468403,2026-06-29T04:09:27.992472+00:00,100.0,125,ask,,,12073398
2026-06-29T14:09:29.154634,2026-06-29T04:09:29.686028+00:00,99.6,43,ask,,,12073432
2026-06-29T14:09:30.580076,2026-06-29T04:09:31.105028+00:00,99.6,47,ask,,,12073454
2026-06-29T14:09:31.550046,2026-06-29T04:09:32.084028+00:00,99.7,6,ask,,,12073477
2026-06-29T14:09:31.550046,2026-06-29T04:09:32.084028+00:00,99.6,44,ask,,,12073478
2026-06-29T14:09:33.651133,2026-06-29T04:09:34.217605+00:00,99.6,9,ask,,,12073512
2026-06-29T14:09:33.651133,2026-06-29T04:09:34.217605+00:00,99.6,6,ask,,,12073513
2026-06-29T14:09:35.488415,2026-06-29T04:09:36.021139+00:00,99.6,5,ask,,,12073543
2026-06-29T14:09:35.656312,2026-06-29T04:09:36.186159+00:00,99.6,6,ask,,,12073552
2026-06-29T14:09:35.759956,2026-06-29T04:09:36.285151+00:00,99.4,50,ask,,,12073555
2026-06-29T14:09:35.802159,2026-06-29T04:09:36.329159+00:00,99.6,6,ask,,,12073559
2026-06-29T14:09:36.018003,2026-06-29T04:09:36.549159+00:00,99.4,2,ask,,,12073578
2026-06-29T14:09:36.224638,2026-06-29T04:09:36.758159+00:00,99.4,2,ask,,,12073583
2026-06-29T14:09:36.441794,2026-06-29T04:09:36.967159+00:00,99.4,2,ask,,,12073590
2026-06-29T14:09:36.646577,2026-06-29T04:09:37.176159+00:00,99.4,2,ask,,,12073591
2026-06-29T14:09:37.824693,2026-06-29T04:09:38.353159+00:00,99.4,50,bid,,,12073617
2026-06-29T14:09:42.088464,2026-06-29T04:09:42.619848+00:00,99.1,50,ask,,,12073707
2026-06-29T14:09:43.023728,2026-06-29T04:09:43.586535+00:00,99.4,6,bid,,,12073732
2026-06-29T14:09:43.120147,2026-06-29T04:09:43.652535+00:00,99.4,47,bid,,,12073735
2026-06-29T14:09:43.928432,2026-06-29T04:09:44.455555+00:00,99.3,5,bid,,,12073747
2026-06-29T14:09:44.195497,2026-06-29T04:09:44.730555+00:00,99.0,50,ask,,,12073748
2026-06-29T14:09:44.302066,2026-06-29T04:09:44.829555+00:00,99.3,4,bid,,,12073749
2026-06-29T14:09:44.491421,2026-06-29T04:09:45.016546+00:00,99.3,14,bid,,,12073757
2026-06-29T14:09:44.518991,2026-06-29T04:09:45.049555+00:00,99.3,25,bid,,,12073759
2026-06-29T14:09:44.555186,2026-06-29T04:09:45.082555+00:00,99.3,35,bid,,,12073760
2026-06-29T14:09:44.646395,2026-06-29T04:09:45.181555+00:00,99.3,17,bid,,,12073764
2026-06-29T14:09:44.902356,2026-06-29T04:09:45.434546+00:00,99.5,43,bid,,,12073766
2026-06-29T14:09:44.957314,2026-06-29T04:09:45.489546+00:00,99.3,4,ask,,,12073767
2026-06-29T14:09:46.307172,2026-06-29T04:09:46.842121+00:00,99.0,50,ask,,,12073806
2026-06-29T14:09:47.421054,2026-06-29T04:09:47.964120+00:00,99.4,45,ask,,,12073827
2026-06-29T14:09:47.973364,2026-06-29T04:09:48.502677+00:00,99.5,40,bid,,,12073839
2026-06-29T14:09:48.417110,2026-06-29T04:09:48.942677+00:00,99.4,50,ask,,,12073849
2026-06-29T14:09:48.492576,2026-06-29T04:09:49.019677+00:00,99.4,5,ask,,,12073850
2026-06-29T14:09:48.492576,2026-06-29T04:09:49.019677+00:00,99.2,4,ask,,,12073851
2026-06-29T14:09:48.492576,2026-06-29T04:09:49.030677+00:00,99.0,33,ask,,,12073852
2026-06-29T14:09:50.473119,2026-06-29T04:09:50.999697+00:00,99.5,50,bid,,,12073892
2026-06-29T14:09:51.468759,2026-06-29T04:09:52.000222+00:00,99.5,49,bid,,,12073901
2026-06-29T14:09:52.579160,2026-06-29T04:09:53.111231+00:00,99.5,1,bid,,,12073934
2026-06-29T14:09:52.579160,2026-06-29T04:09:53.111231+00:00,99.5,49,bid,,,12073935
2026-06-29T14:09:54.687716,2026-06-29T04:09:55.222788+00:00,99.5,1,bid,,,12073971
2026-06-29T14:09:54.687716,2026-06-29T04:09:55.222788+00:00,99.7,49,bid,,,12073972
2026-06-29T14:09:55.088519,2026-06-29T04:09:55.618788+00:00,99.3,48,ask,,,12073989
2026-06-29T14:09:56.798073,2026-06-29T04:09:57.322418+00:00,99.7,50,bid,,,12074010
2026-06-29T14:09:58.965490,2026-06-29T04:09:59.532020+00:00,99.4,50,ask,,,12074045
2026-06-29T14:09:59.321593,2026-06-29T04:09:59.851020+00:00,99.6,40,ask,,,12074058
2026-06-29T14:10:03.123459,2026-06-29T04:10:03.689208+00:00,99.9,50,bid,,,12074120
2026-06-29T14:10:04.176310,2026-06-29T04:10:04.734209+00:00,99.7,1,bid,,,12074134
2026-06-29T14:10:04.176310,2026-06-29T04:10:04.734209+00:00,99.9,45,bid,,,12074135
2026-06-29T14:10:05.231673,2026-06-29T04:10:05.757208+00:00,99.7,1,bid,,,12074153
2026-06-29T14:10:05.231673,2026-06-29T04:10:05.768208+00:00,99.9,5,bid,,,12074154
2026-06-29T14:10:05.231673,2026-06-29T04:10:05.768208+00:00,99.9,44,bid,,,12074155
2026-06-29T14:10:05.736567,2026-06-29T04:10:06.295759+00:00,99.8,25,ask,,,12074165
2026-06-29T14:10:05.741064,2026-06-29T04:10:06.306759+00:00,99.8,75,ask,,,12074166
2026-06-29T14:10:07.322965,2026-06-29T04:10:07.879759+00:00,99.6,43,ask,,,12074201
2026-06-29T14:10:07.340779,2026-06-29T04:10:07.890759+00:00,100.1,50,bid,,,12074202
2026-06-29T14:10:11.624674,2026-06-29T04:10:12.157523+00:00,99.5,50,ask,,,12074296
2026-06-29T14:10:13.680293,2026-06-29T04:10:14.214081+00:00,99.8,3,bid,,,12074342
2026-06-29T14:10:13.680293,2026-06-29T04:10:14.214081+00:00,99.9,47,bid,,,12074343
2026-06-29T14:10:13.930143,2026-06-29T04:10:14.456081+00:00,99.9,44,bid,,,12074344
2026-06-29T14:10:14.876832,2026-06-29T04:10:15.413081+00:00,99.8,3,bid,,,12074370
2026-06-29T14:10:15.006906,2026-06-29T04:10:15.534081+00:00,100.1,48,bid,,,12074373
2026-06-29T14:10:15.477231,2026-06-29T04:10:16.007081+00:00,99.9,2,ask,,,12074384
2026-06-29T14:10:15.576708,2026-06-29T04:10:16.105639+00:00,99.9,2,ask,,,12074385
2026-06-29T14:10:15.583241,2026-06-29T04:10:16.116639+00:00,99.9,49,ask,,,12074387
2026-06-29T14:10:15.791628,2026-06-29T04:10:16.325639+00:00,100.1,50,bid,,,12074390
2026-06-29T14:10:16.195009,2026-06-29T04:10:16.721659+00:00,99.9,2,ask,,,12074404
2026-06-29T14:10:16.253231,2026-06-29T04:10:16.787659+00:00,99.9,5,ask,,,12074407
2026-06-29T14:10:16.421513,2026-06-29T04:10:16.952659+00:00,99.9,4,ask,,,12074409
2026-06-29T14:10:16.474319,2026-06-29T04:10:17.007659+00:00,99.9,2,ask,,,12074412
2026-06-29T14:10:17.260871,2026-06-29T04:10:17.788659+00:00,100.1,46,bid,,,12074436
2026-06-29T14:10:17.322248,2026-06-29T04:10:17.854659+00:00,99.9,31,ask,,,12074437
2026-06-29T14:10:17.322248,2026-06-29T04:10:17.854659+00:00,99.6,18,ask,,,12074438
2026-06-29T14:10:17.898062,2026-06-29T04:10:18.425350+00:00,100.1,6,bid,,,12074448
2026-06-29T14:10:17.898062,2026-06-29T04:10:18.425350+00:00,100.4,44,bid,,,12074449
2026-06-29T14:10:18.123173,2026-06-29T04:10:18.656350+00:00,99.8,37,ask,,,12074453
2026-06-29T14:10:18.171899,2026-06-29T04:10:18.700350+00:00,99.8,25,ask,,,12074454
2026-06-29T14:10:18.187259,2026-06-29T04:10:18.722350+00:00,99.8,25,ask,,,12074456
2026-06-29T14:10:18.381279,2026-06-29T04:10:18.909350+00:00,99.8,25,ask,,,12074462
2026-06-29T14:10:18.397646,2026-06-29T04:10:18.931350+00:00,99.8,25,ask,,,12074464
2026-06-29T14:10:18.593499,2026-06-29T04:10:19.118350+00:00,99.8,13,ask,,,12074473
2026-06-29T14:10:18.601663,2026-06-29T04:10:19.129350+00:00,99.6,2,ask,,,12074475
2026-06-29T14:10:18.820875,2026-06-29T04:10:19.349350+00:00,99.6,1,ask,,,12074479
2026-06-29T14:10:18.820875,2026-06-29T04:10:19.349350+00:00,99.5,1,ask,,,12074480
2026-06-29T14:10:18.886214,2026-06-29T04:10:19.415350+00:00,99.4,49,ask,,,12074481
2026-06-29T14:10:20.006171,2026-06-29T04:10:20.537350+00:00,99.9,50,bid,,,12074505
2026-06-29T14:10:22.169366,2026-06-29T04:10:22.704350+00:00,99.9,44,bid,,,12074528
2026-06-29T14:10:22.645037,2026-06-29T04:10:23.177350+00:00,99.9,42,bid,,,12074538
2026-06-29T14:10:23.141362,2026-06-29T04:10:23.671906+00:00,99.6,5,ask,,,12074540
2026-06-29T14:10:23.141362,2026-06-29T04:10:23.671906+00:00,99.6,37,ask,,,12074541
2026-06-29T14:10:23.601015,2026-06-29T04:10:24.133906+00:00,99.6,49,ask,,,12074548
2026-06-29T14:10:24.266474,2026-06-29T04:10:24.793927+00:00,99.6,14,ask,,,12074560
2026-06-29T14:10:24.266474,2026-06-29T04:10:24.793927+00:00,99.6,5,ask,,,12074561
2026-06-29T14:10:24.266474,2026-06-29T04:10:24.804927+00:00,99.4,31,ask,,,12074562
2026-06-29T14:10:26.288997,2026-06-29T04:10:26.817040+00:00,99.7,45,bid,,,12074602
2026-06-29T14:10:26.378041,2026-06-29T04:10:26.905040+00:00,99.6,3,ask,,,12074603
2026-06-29T14:10:26.378041,2026-06-29T04:10:26.916040+00:00,99.5,47,ask,,,12074604
2026-06-29T14:10:28.484406,2026-06-29T04:10:29.016597+00:00,99.9,1,bid,,,12074634
2026-06-29T14:10:28.484406,2026-06-29T04:10:29.016597+00:00,99.9,45,bid,,,12074635
2026-06-29T14:10:28.540554,2026-06-29T04:10:29.071597+00:00,99.5,2,ask,,,12074638
2026-06-29T14:10:32.613826,2026-06-29T04:10:33.141122+00:00,99.8,3,bid,,,12074713
2026-06-29T14:10:32.668354,2026-06-29T04:10:33.196123+00:00,99.6,49,ask,,,12074716
2026-06-29T14:10:32.695011,2026-06-29T04:10:33.229122+00:00,99.6,50,ask,,,12074717
2026-06-29T14:10:34.818708,2026-06-29T04:10:35.350813+00:00,99.6,50,ask,,,12074762
2026-06-29T14:10:36.056244,2026-06-29T04:10:36.604910+00:00,99.9,44,bid,,,12074776
2026-06-29T14:10:36.609395,2026-06-29T04:10:37.165922+00:00,99.9,47,bid,,,12074796
2026-06-29T14:10:36.873459,2026-06-29T04:10:37.429930+00:00,99.9,50,bid,,,12074803
2026-06-29T14:10:37.002367,2026-06-29T04:10:37.561931+00:00,99.9,3,bid,,,12074805
2026-06-29T14:10:37.078668,2026-06-29T04:10:37.627931+00:00,99.9,100,ask,,,12074806
2026-06-29T14:10:37.130074,2026-06-29T04:10:37.693930+00:00,99.9,44,ask,,,12074807
2026-06-29T14:10:37.241472,2026-06-29T04:10:37.792930+00:00,99.9,3,ask,,,12074811
2026-06-29T14:10:38.979484,2026-06-29T04:10:39.540604+00:00,99.9,3,bid,,,12074853
2026-06-29T14:10:38.979484,2026-06-29T04:10:39.540604+00:00,100.2,1,bid,,,12074854
2026-06-29T14:10:38.979484,2026-06-29T04:10:39.540604+00:00,100.4,46,bid,,,12074855
2026-06-29T14:10:41.141819,2026-06-29T04:10:41.673366+00:00,99.7,50,ask,,,12074903
2026-06-29T14:10:43.252308,2026-06-29T04:10:43.806939+00:00,99.7,50,ask,,,12074943
2026-06-29T14:10:45.358382,2026-06-29T04:10:45.929939+00:00,99.4,50,ask,,,12074986
2026-06-29T14:10:45.649326,2026-06-29T04:10:46.182503+00:00,99.4,45,ask,,,12074995
2026-06-29T14:10:46.561755,2026-06-29T04:10:47.095503+00:00,99.4,35,bid,,,12075020
2026-06-29T14:10:46.657739,2026-06-29T04:10:47.183503+00:00,99.4,35,bid,,,12075023
2026-06-29T14:10:46.672631,2026-06-29T04:10:47.205503+00:00,99.4,25,bid,,,12075026
2026-06-29T14:10:46.704691,2026-06-29T04:10:47.238503+00:00,99.4,25,bid,,,12075028
2026-06-29T14:10:46.764377,2026-06-29T04:10:47.293503+00:00,99.4,30,bid,,,12075029
2026-06-29T14:10:47.465716,2026-06-29T04:10:47.997523+00:00,99.2,1,ask,,,12075037
2026-06-29T14:10:47.465716,2026-06-29T04:10:47.997523+00:00,99.2,49,ask,,,12075038
2026-06-29T14:10:49.574039,2026-06-29T04:10:50.108199+00:00,99.3,1,ask,,,12075078
2026-06-29T14:10:49.574039,2026-06-29T04:10:50.108199+00:00,99.2,49,ask,,,12075079
2026-06-29T14:10:49.724037,2026-06-29T04:10:50.255199+00:00,99.5,100,ask,,,12075086
2026-06-29T14:10:51.634173,2026-06-29T04:10:52.202503+00:00,99.5,46,ask,,,12075128
2026-06-29T14:10:51.634393,2026-06-29T04:10:52.202503+00:00,99.7,4,bid,,,12075129
2026-06-29T14:10:51.634393,2026-06-29T04:10:52.202503+00:00,99.9,1,bid,,,12075130
2026-06-29T14:10:51.634393,2026-06-29T04:10:52.202503+00:00,100.0,45,bid,,,12075131
2026-06-29T14:10:53.196078,2026-06-29T04:10:53.731047+00:00,99.5,48,bid,,,12075174
2026-06-29T14:10:54.065054,2026-06-29T04:10:54.600048+00:00,99.5,35,bid,,,12075193
2026-06-29T14:10:54.094232,2026-06-29T04:10:54.622048+00:00,99.5,25,bid,,,12075196
2026-06-29T14:10:54.128033,2026-06-29T04:10:54.655048+00:00,99.5,25,bid,,,12075200
2026-06-29T14:10:54.154535,2026-06-29T04:10:54.688048+00:00,99.5,17,bid,,,12075201
2026-06-29T14:10:54.201286,2026-06-29T04:10:54.732048+00:00,99.6,49,bid,,,12075206
2026-06-29T14:10:55.607110,2026-06-29T04:10:56.139579+00:00,99.6,35,bid,,,12075231
2026-06-29T14:10:55.696270,2026-06-29T04:10:56.238698+00:00,99.6,13,bid,,,12075234
2026-06-29T14:10:55.711435,2026-06-29T04:10:56.238698+00:00,99.6,3,bid,,,12075237
2026-06-29T14:10:55.711435,2026-06-29T04:10:56.238698+00:00,99.6,1,bid,,,12075238
2026-06-29T14:10:55.916955,2026-06-29T04:10:56.447698+00:00,99.1,50,ask,,,12075242
2026-06-29T14:10:55.981878,2026-06-29T04:10:56.513698+00:00,99.8,5,bid,,,12075244
2026-06-29T14:10:56.645883,2026-06-29T04:10:57.173717+00:00,99.8,5,ask,,,12075251
2026-06-29T14:10:56.702570,2026-06-29T04:10:57.228717+00:00,99.8,5,ask,,,12075254
2026-06-29T14:10:57.360753,2026-06-29T04:10:57.888718+00:00,99.8,41,ask,,,12075264
2026-06-29T14:10:57.707973,2026-06-29T04:10:58.240718+00:00,99.8,4,ask,,,12075267
2026-06-29T14:10:57.947632,2026-06-29T04:10:58.481372+00:00,99.8,4,ask,,,12075272
2026-06-29T14:10:58.023518,2026-06-29T04:10:58.558372+00:00,99.8,50,ask,,,12075273
2026-06-29T14:11:00.132271,2026-06-29T04:11:00.659392+00:00,99.6,50,ask,,,12075305
2026-06-29T14:11:00.950770,2026-06-29T04:11:01.484391+00:00,99.6,44,ask,,,12075316
2026-06-29T14:11:02.242557,2026-06-29T04:11:02.771392+00:00,99.6,6,ask,,,12075348
2026-06-29T14:11:02.242557,2026-06-29T04:11:02.771392+00:00,99.6,1,ask,,,12075349
2026-06-29T14:11:02.242557,2026-06-29T04:11:02.782391+00:00,99.5,43,ask,,,12075350
2026-06-29T14:11:02.653613,2026-06-29T04:11:03.178392+00:00,99.7,41,bid,,,12075360
2026-06-29T14:11:04.099073,2026-06-29T04:11:04.630055+00:00,99.7,41,bid,,,12075386
2026-06-29T14:11:04.371761,2026-06-29T04:11:04.905055+00:00,99.5,5,ask,,,12075400
2026-06-29T14:11:04.371761,2026-06-29T04:11:04.905055+00:00,99.3,1,ask,,,12075401
2026-06-29T14:11:04.371761,2026-06-29T04:11:04.905055+00:00,99.2,44,ask,,,12075402
2026-06-29T14:11:06.479598,2026-06-29T04:11:07.005624+00:00,99.5,5,ask,,,12075435
2026-06-29T14:11:06.479598,2026-06-29T04:11:07.016625+00:00,99.3,45,ask,,,12075436
2026-06-29T14:11:06.545153,2026-06-29T04:11:07.071625+00:00,99.3,45,ask,,,12075438
2026-06-29T14:11:08.350034,2026-06-29T04:11:08.885296+00:00,99.5,5,ask,,,12075464
2026-06-29T14:11:08.763193,2026-06-29T04:11:09.292296+00:00,99.4,25,bid,,,12075473
2026-06-29T14:11:08.972494,2026-06-29T04:11:09.501296+00:00,99.4,17,bid,,,12075483
2026-06-29T14:11:09.930686,2026-06-29T04:11:10.458296+00:00,99.4,42,bid,,,12075501
2026-06-29T14:11:10.398196,2026-06-29T04:11:10.931406+00:00,99.4,5,bid,,,12075510
2026-06-29T14:11:10.641212,2026-06-29T04:11:11.173406+00:00,99.4,5,bid,,,12075513
2026-06-29T14:11:10.654912,2026-06-29T04:11:11.184406+00:00,99.4,50,bid,,,12075515
2026-06-29T14:11:10.756392,2026-06-29T04:11:11.283287+00:00,99.4,6,bid,,,12075521
2026-06-29T14:11:11.067715,2026-06-29T04:11:11.602287+00:00,99.6,46,bid,,,12075530
2026-06-29T14:11:12.760949,2026-06-29T04:11:13.295899+00:00,99.7,1,bid,,,12075561
2026-06-29T14:11:12.760949,2026-06-29T04:11:13.295899+00:00,99.7,49,bid,,,12075562
2026-06-29T14:11:13.632997,2026-06-29T04:11:14.164455+00:00,99.5,41,ask,,,12075580
2026-06-29T14:11:14.871071,2026-06-29T04:11:15.440002+00:00,99.7,50,bid,,,12075602
2026-06-29T14:11:16.347753,2026-06-29T04:11:16.902590+00:00,99.7,2,bid,,,12075635
2026-06-29T14:11:16.979178,2026-06-29T04:11:17.540581+00:00,99.8,1,bid,,,12075646
2026-06-29T14:11:16.979178,2026-06-29T04:11:17.540581+00:00,99.8,49,bid,,,12075647
2026-06-29T14:11:17.876933,2026-06-29T04:11:18.442154+00:00,99.5,40,ask,,,12075664
2026-06-29T14:11:19.099106,2026-06-29T04:11:19.652153+00:00,99.7,1,bid,,,12075688
2026-06-29T14:11:19.099106,2026-06-29T04:11:19.663154+00:00,99.8,1,bid,,,12075689
2026-06-29T14:11:19.099106,2026-06-29T04:11:19.663154+00:00,100.0,48,bid,,,12075690
2026-06-29T14:11:19.359683,2026-06-29T04:11:19.916154+00:00,99.7,1,bid,,,12075703
2026-06-29T14:11:19.359683,2026-06-29T04:11:19.916154+00:00,100.0,45,bid,,,12075704
2026-06-29T14:11:19.414320,2026-06-29T04:11:19.971153+00:00,99.6,44,ask,,,12075706
2026-06-29T14:11:21.207364,2026-06-29T04:11:21.763687+00:00,100.0,7,bid,,,12075744
2026-06-29T14:11:21.207364,2026-06-29T04:11:21.763687+00:00,100.0,1,bid,,,12075745
2026-06-29T14:11:21.421864,2026-06-29T04:11:21.983687+00:00,99.9,40,bid,,,12075756
2026-06-29T14:11:23.318293,2026-06-29T04:11:23.853264+00:00,99.8,1,bid,,,12075793
2026-06-29T14:11:23.318293,2026-06-29T04:11:23.853264+00:00,99.9,49,bid,,,12075794
2026-06-29T14:11:23.633526,2026-06-29T04:11:24.183264+00:00,99.7,40,ask,,,12075801
2026-06-29T14:11:25.426659,2026-06-29T04:11:25.954263+00:00,100.1,1,bid,,,12075839
2026-06-29T14:11:25.426659,2026-06-29T04:11:25.954263+00:00,100.2,49,bid,,,12075840
2026-06-29T14:11:25.983322,2026-06-29T04:11:26.515304+00:00,99.8,46,ask,,,12075850
2026-06-29T14:11:27.561414,2026-06-29T04:11:28.088304+00:00,100.2,50,bid,,,12075878
2026-06-29T14:11:27.661755,2026-06-29T04:11:28.187304+00:00,100.2,1,bid,,,12075880
2026-06-29T14:11:27.690061,2026-06-29T04:11:28.220304+00:00,100.3,1,ask,,,12075882
2026-06-29T14:11:27.779806,2026-06-29T04:11:28.308304+00:00,100.3,35,ask,,,12075885
2026-06-29T14:11:27.791284,2026-06-29T04:11:28.319304+00:00,100.3,25,ask,,,12075886
2026-06-29T14:11:27.810542,2026-06-29T04:11:28.341304+00:00,100.3,25,ask,,,12075888
2026-06-29T14:11:27.872697,2026-06-29T04:11:28.407304+00:00,100.3,13,ask,,,12075891
2026-06-29T14:11:29.667539,2026-06-29T04:11:30.199395+00:00,100.0,1,bid,,,12075921
2026-06-29T14:11:29.667539,2026-06-29T04:11:30.199395+00:00,100.4,49,bid,,,12075922
2026-06-29T14:11:31.618610,2026-06-29T04:11:32.145948+00:00,100.3,1,bid,,,12075955
2026-06-29T14:11:31.618610,2026-06-29T04:11:32.145948+00:00,100.4,43,bid,,,12075956
2026-06-29T14:11:32.161529,2026-06-29T04:11:32.695949+00:00,100.1,46,ask,,,12075965
2026-06-29T14:11:33.938379,2026-06-29T04:11:34.466491+00:00,100.0,1,ask,,,12075992
2026-06-29T14:11:33.938379,2026-06-29T04:11:34.466491+00:00,99.8,5,ask,,,12075993
2026-06-29T14:11:35.013793,2026-06-29T04:11:35.544491+00:00,100.1,35,ask,,,12076015
2026-06-29T14:11:35.016881,2026-06-29T04:11:35.544491+00:00,100.1,25,ask,,,12076016
2026-06-29T14:11:35.031810,2026-06-29T04:11:35.566491+00:00,100.1,25,ask,,,12076018
2026-06-29T14:11:35.102962,2026-06-29T04:11:35.632491+00:00,100.1,15,ask,,,12076021
2026-06-29T14:11:36.046554,2026-06-29T04:11:36.578045+00:00,99.9,50,ask,,,12076035
2026-06-29T14:11:38.106361,2026-06-29T04:11:38.634621+00:00,100.3,50,bid,,,12076081
2026-06-29T14:11:40.211411,2026-06-29T04:11:40.746155+00:00,100.3,50,bid,,,12076126
2026-06-29T14:11:42.320416,2026-06-29T04:11:42.891175+00:00,100.4,50,bid,,,12076167
2026-06-29T14:11:43.591942,2026-06-29T04:11:44.122755+00:00,100.6,1,bid,,,12076192
2026-06-29T14:11:43.591942,2026-06-29T04:11:44.122755+00:00,100.7,45,bid,,,12076193
2026-06-29T14:11:44.167127,2026-06-29T04:11:44.694755+00:00,100.3,35,ask,,,12076216
2026-06-29T14:11:44.242008,2026-06-29T04:11:44.771746+00:00,100.3,25,ask,,,12076219
2026-06-29T14:11:44.258354,2026-06-29T04:11:44.793746+00:00,100.3,35,ask,,,12076222
2026-06-29T14:11:44.291555,2026-06-29T04:11:44.826746+00:00,100.3,25,ask,,,12076224
2026-06-29T14:11:44.353695,2026-06-29T04:11:44.881746+00:00,100.3,30,ask,,,12076232
2026-06-29T14:11:44.481050,2026-06-29T04:11:45.013755+00:00,100.2,50,ask,,,12076239
2026-06-29T14:11:46.591791,2026-06-29T04:11:47.125301+00:00,100.2,50,ask,,,12076276
2026-06-29T14:11:46.717650,2026-06-29T04:11:47.257292+00:00,100.1,1,ask,,,12076277
2026-06-29T14:11:46.717650,2026-06-29T04:11:47.257292+00:00,100.1,5,ask,,,12076278
2026-06-29T14:11:46.829548,2026-06-29T04:11:47.356302+00:00,99.8,40,ask,,,12076283
2026-06-29T14:11:47.994577,2026-06-29T04:11:48.521679+00:00,100.1,46,bid,,,12076311
2026-06-29T14:11:48.469570,2026-06-29T04:11:49.005202+00:00,100.1,41,bid,,,12076320
2026-06-29T14:11:50.810736,2026-06-29T04:11:51.348182+00:00,100.0,50,ask,,,12076366
2026-06-29T14:11:51.640169,2026-06-29T04:11:52.173174+00:00,100.0,46,ask,,,12076386
2026-06-29T14:11:52.057180,2026-06-29T04:11:52.591182+00:00,100.0,1,ask,,,12076394
2026-06-29T14:11:52.066181,2026-06-29T04:11:52.591182+00:00,100.0,25,ask,,,12076395
2026-06-29T14:11:52.121885,2026-06-29T04:11:52.657182+00:00,100.0,25,ask,,,12076397
2026-06-29T14:11:52.269063,2026-06-29T04:11:52.800181+00:00,100.0,3,ask,,,12076400
2026-06-29T14:11:52.269063,2026-06-29T04:11:52.800181+00:00,99.8,38,ask,,,12076401
2026-06-29T14:11:52.882656,2026-06-29T04:11:53.416182+00:00,100.3,6,bid,,,12076412
2026-06-29T14:11:52.882656,2026-06-29T04:11:53.416182+00:00,100.3,34,bid,,,12076413
2026-06-29T14:11:52.932166,2026-06-29T04:11:53.459739+00:00,99.8,50,ask,,,12076414
2026-06-29T14:11:53.043247,2026-06-29T04:11:53.569739+00:00,99.8,1,ask,,,12076418
2026-06-29T14:11:53.081708,2026-06-29T04:11:53.613739+00:00,99.5,25,bid,,,12076422
2026-06-29T14:11:53.104396,2026-06-29T04:11:53.635739+00:00,99.5,35,bid,,,12076423
2026-06-29T14:11:53.140169,2026-06-29T04:11:53.668739+00:00,99.5,25,bid,,,12076427
2026-06-29T14:11:53.199733,2026-06-29T04:11:53.734739+00:00,99.5,35,bid,,,12076430
2026-06-29T14:11:53.289587,2026-06-29T04:11:53.822739+00:00,99.5,29,bid,,,12076433
2026-06-29T14:11:53.302620,2026-06-29T04:11:53.833739+00:00,99.9,2,bid,,,12076436
2026-06-29T14:11:54.997496,2026-06-29T04:11:55.571739+00:00,99.9,46,bid,,,12076472
2026-06-29T14:11:55.566236,2026-06-29T04:11:56.099327+00:00,99.4,42,ask,,,12076485
2026-06-29T14:11:59.026676,2026-06-29T04:11:59.552363+00:00,99.6,46,ask,,,12076545
2026-06-29T14:12:00.055381,2026-06-29T04:12:00.586363+00:00,99.7,42,bid,,,12076557
2026-06-29T14:12:01.152678,2026-06-29T04:12:01.686363+00:00,99.7,40,bid,,,12076573
