timestamp,recv_time,price,volume,aggressor_side,buyer,seller,trade_id
2026-07-06T10:00:00.133306,2026-07-06T10:00:00.038711+00:00,152.5,3,ask,EarnestEspressos,Kaleb Liu,9388613
2026-07-06T10:00:00.377427,2026-07-06T10:00:00.389508+00:00,152.6,3,bid,FlawlessFlatbreads,DiligentDonuts,9388614
2026-07-06T10:00:00.377427,2026-07-06T10:00:00.389508+00:00,153.0,47,bid,FlawlessFlatbreads,EarnestEspressos,9388615
2026-07-06T10:00:00.805259,2026-07-06T10:00:00.776517+00:00,152.5,47,ask,EarnestEspressos,CostlyCorianders,9388619
2026-07-06T10:00:01.150288,2026-07-06T10:00:01.161824+00:00,153.0,3,bid,Kaleb Liu,EarnestEspressos,9388626
2026-07-06T10:00:02.486359,2026-07-06T10:00:02.498601+00:00,153.0,50,bid,FlawlessFlatbreads,DiligentDonuts,9388638
2026-07-06T10:00:04.608430,2026-07-06T10:00:04.620542+00:00,153.0,50,bid,FlawlessFlatbreads,EarnestEspressos,9388674
2026-07-06T10:00:05.182592,2026-07-06T10:00:05.192241+00:00,152.7,3,ask,DiligentDonuts,Kaleb Liu,9388685
2026-07-06T10:00:05.363342,2026-07-06T10:00:05.376691+00:00,152.8,11,ask,EarnestEspressos,Xuanyu Liu,9388687
2026-07-06T10:00:05.735035,2026-07-06T10:00:05.743737+00:00,152.8,11,ask,EarnestEspressos,Xuanyu Liu,9388699
2026-07-06T10:00:06.095996,2026-07-06T10:00:06.103600+00:00,152.8,41,ask,EarnestEspressos,CostlyCorianders,9388704
2026-07-06T10:00:06.196316,2026-07-06T10:00:06.202926+00:00,152.8,8,ask,EarnestEspressos,Kaleb Liu,9388710
2026-07-06T10:00:07.212049,2026-07-06T10:00:07.223124+00:00,153.2,10,bid,Kaleb Liu,DiligentDonuts,9388721
2026-07-06T10:00:08.227364,2026-07-06T10:00:08.238647+00:00,153.2,1,bid,Kaleb Liu,DiligentDonuts,9388739
2026-07-06T10:00:08.820247,2026-07-06T10:00:08.832220+00:00,153.1,50,bid,FlawlessFlatbreads,EarnestEspressos,9388745
2026-07-06T10:00:09.608208,2026-07-06T10:00:09.620405+00:00,153.1,45,bid,CostlyCorianders,EarnestEspressos,9388754
2026-07-06T10:00:10.259631,2026-07-06T10:00:10.271036+00:00,152.7,3,ask,DiligentDonuts,Kaleb Liu,9388764
2026-07-06T10:00:10.986267,2026-07-06T10:00:11.010411+00:00,152.7,50,ask,DiligentDonuts,FlawlessFlatbreads,9388773
2026-07-06T10:00:11.277456,2026-07-06T10:00:11.359038+00:00,153.1,3,bid,Kaleb Liu,EarnestEspressos,9388778
2026-07-06T10:00:12.292324,2026-07-06T10:00:12.300773+00:00,152.9,7,ask,EarnestEspressos,Kaleb Liu,9388792
2026-07-06T10:00:13.092872,2026-07-06T10:00:13.105055+00:00,152.9,50,ask,EarnestEspressos,FlawlessFlatbreads,9388802
2026-07-06T10:00:15.149306,2026-07-06T10:00:15.155302+00:00,153.1,50,bid,FlawlessFlatbreads,DiligentDonuts,9388829
2026-07-06T10:00:15.316875,2026-07-06T10:00:15.328540+00:00,153.1,6,bid,Kaleb Liu,DiligentDonuts,9388832
2026-07-06T10:00:16.331624,2026-07-06T10:00:16.343330+00:00,153.1,1,bid,Kaleb Liu,DiligentDonuts,9388846
2026-07-06T10:00:16.782706,2026-07-06T10:00:16.794628+00:00,153.0,41,ask,DiligentDonuts,CostlyCorianders,9388855
2026-07-06T10:00:17.286044,2026-07-06T10:00:17.297672+00:00,153.3,50,bid,FlawlessFlatbreads,EarnestEspressos,9388865
2026-07-06T10:00:17.344963,2026-07-06T10:00:17.352882+00:00,153.0,44,ask,DiligentDonuts,CostlyCorianders,9388867
2026-07-06T10:00:17.347977,2026-07-06T10:00:17.352882+00:00,153.0,3,ask,DiligentDonuts,Kaleb Liu,9388868
2026-07-06T10:00:18.361771,2026-07-06T10:00:18.371365+00:00,153.5,3,bid,Kaleb Liu,DiligentDonuts,9388888
2026-07-06T10:00:18.424545,2026-07-06T10:00:18.436362+00:00,153.5,48,bid,CostlyCorianders,DiligentDonuts,9388889
2026-07-06T10:00:19.476876,2026-07-06T10:00:19.485077+00:00,153.0,12,ask,DiligentDonuts,FlawlessFlatbreads,9388899
2026-07-06T10:00:19.476876,2026-07-06T10:00:19.490078+00:00,153.0,38,ask,EarnestEspressos,FlawlessFlatbreads,9388900
2026-07-06T10:00:21.130582,2026-07-06T10:00:21.138334+00:00,153.5,47,bid,CostlyCorianders,DiligentDonuts,9388915
2026-07-06T10:00:21.184781,2026-07-06T10:00:21.196633+00:00,153.1,44,ask,EarnestEspressos,CostlyCorianders,9388917
2026-07-06T10:00:21.397968,2026-07-06T10:00:21.408206+00:00,153.1,3,ask,EarnestEspressos,Kaleb Liu,9388923
2026-07-06T10:00:21.587905,2026-07-06T10:00:21.599455+00:00,153.1,50,ask,EarnestEspressos,FlawlessFlatbreads,9388925
2026-07-06T10:00:22.276025,2026-07-06T10:00:22.288071+00:00,153.1,42,ask,EarnestEspressos,CostlyCorianders,9388937
2026-07-06T10:00:22.855941,2026-07-06T10:00:22.858633+00:00,153.1,11,ask,EarnestEspressos,CostlyCorianders,9388945
2026-07-06T10:00:23.397236,2026-07-06T10:00:23.409377+00:00,153.5,8,bid,CostlyCorianders,Zhangyue Shen,9388953
2026-07-06T10:00:23.397236,2026-07-06T10:00:23.409377+00:00,153.5,38,bid,CostlyCorianders,DiligentDonuts,9388954
2026-07-06T10:00:23.417426,2026-07-06T10:00:23.429072+00:00,153.0,4,ask,DiligentDonuts,Kaleb Liu,9388956
2026-07-06T10:00:24.418850,2026-07-06T10:00:24.430799+00:00,153.0,96,ask,DiligentDonuts,EarnestEspressos,9388969
2026-07-06T10:00:24.432077,2026-07-06T10:00:24.442063+00:00,153.0,22,bid,Xuanyu Liu,EarnestEspressos,9388970
2026-07-06T10:00:24.826766,2026-07-06T10:00:24.838897+00:00,153.0,32,bid,CostlyCorianders,EarnestEspressos,9388974
2026-07-06T10:00:24.826766,2026-07-06T10:00:24.838897+00:00,153.5,13,bid,CostlyCorianders,DiligentDonuts,9388975
2026-07-06T10:00:25.437297,2026-07-06T10:00:25.440671+00:00,153.5,6,bid,Kaleb Liu,DiligentDonuts,9388985
2026-07-06T10:00:26.450809,2026-07-06T10:00:26.457240+00:00,153.6,1,bid,Kaleb Liu,Richard Zhang,9389003
2026-07-06T10:00:27.939809,2026-07-06T10:00:27.949217+00:00,153.6,4,bid,FlawlessFlatbreads,Richard Zhang,9389024
2026-07-06T10:00:27.939809,2026-07-06T10:00:27.949217+00:00,153.6,8,bid,FlawlessFlatbreads,Zhangyue Shen,9389025
2026-07-06T10:00:27.939809,2026-07-06T10:00:27.954513+00:00,153.8,38,bid,FlawlessFlatbreads,DiligentDonuts,9389026
2026-07-06T10:00:29.483708,2026-07-06T10:00:29.494183+00:00,153.3,3,ask,EarnestEspressos,Kaleb Liu,9389052
2026-07-06T10:00:30.050054,2026-07-06T10:00:30.056751+00:00,153.8,50,bid,FlawlessFlatbreads,EarnestEspressos,9389059
2026-07-06T10:00:30.711628,2026-07-06T10:00:30.720454+00:00,153.5,22,ask,EarnestEspressos,Xuanyu Liu,9389067
2026-07-06T10:00:30.801409,2026-07-06T10:00:30.810636+00:00,153.5,40,ask,EarnestEspressos,CostlyCorianders,9389069
2026-07-06T10:00:31.501771,2026-07-06T10:00:31.508872+00:00,153.5,8,ask,EarnestEspressos,Kaleb Liu,9389084
2026-07-06T10:00:32.234076,2026-07-06T10:00:32.241332+00:00,153.5,50,ask,EarnestEspressos,FlawlessFlatbreads,9389096
2026-07-06T10:00:33.926537,2026-07-06T10:00:33.938796+00:00,153.5,7,ask,Zhangyue Shen,EarnestEspressos,9389123
2026-07-06T10:00:34.340539,2026-07-06T10:00:34.358564+00:00,153.3,50,ask,DiligentDonuts,FlawlessFlatbreads,9389128
2026-07-06T10:00:36.456316,2026-07-06T10:00:36.468951+00:00,153.3,8,ask,Zhangyue Shen,FlawlessFlatbreads,9389163
2026-07-06T10:00:36.456316,2026-07-06T10:00:36.468951+00:00,153.0,42,ask,EarnestEspressos,FlawlessFlatbreads,9389164
2026-07-06T10:00:36.536499,2026-07-06T10:00:36.545923+00:00,153.0,9,ask,EarnestEspressos,Kaleb Liu,9389166
2026-07-06T10:00:36.853725,2026-07-06T10:00:36.865670+00:00,153.1,1,ask,Zhangyue Shen,CostlyCorianders,9389170
2026-07-06T10:00:36.853725,2026-07-06T10:00:36.865670+00:00,153.0,45,ask,EarnestEspressos,CostlyCorianders,9389171
2026-07-06T10:00:37.104162,2026-07-06T10:00:37.114026+00:00,153.0,22,bid,Xuanyu Liu,EarnestEspressos,9389176
2026-07-06T10:00:37.509456,2026-07-06T10:00:37.521227+00:00,153.0,49,bid,CostlyCorianders,EarnestEspressos,9389185
2026-07-06T10:00:38.601914,2026-07-06T10:00:38.611937+00:00,152.9,22,ask,DiligentDonuts,Xuanyu Liu,9389206
2026-07-06T10:00:39.126952,2026-07-06T10:00:39.138758+00:00,152.9,43,bid,CostlyCorianders,DiligentDonuts,9389218
2026-07-06T10:00:40.666929,2026-07-06T10:00:40.678664+00:00,152.5,50,ask,EarnestEspressos,FlawlessFlatbreads,9389247
2026-07-06T10:00:41.163135,2026-07-06T10:00:41.174962+00:00,152.5,41,ask,EarnestEspressos,CostlyCorianders,9389249
2026-07-06T10:00:42.774235,2026-07-06T10:00:42.783679+00:00,152.8,50,ask,DiligentDonuts,FlawlessFlatbreads,9389274
2026-07-06T10:00:43.220487,2026-07-06T10:00:43.228621+00:00,152.8,45,ask,DiligentDonuts,CostlyCorianders,9389284
2026-07-06T10:00:43.416450,2026-07-06T10:00:43.423647+00:00,152.8,5,ask,DiligentDonuts,EarnestEspressos,9389288
2026-07-06T10:00:43.429934,2026-07-06T10:00:43.439629+00:00,152.3,22,bid,Xuanyu Liu,EarnestEspressos,9389289
2026-07-06T10:00:43.849046,2026-07-06T10:00:43.858245+00:00,152.3,12,bid,Xuanyu Liu,EarnestEspressos,9389301
2026-07-06T10:00:44.593517,2026-07-06T10:00:44.604351+00:00,152.3,19,bid,Kaleb Liu,EarnestEspressos,9389309
2026-07-06T10:00:45.608687,2026-07-06T10:00:45.620113+00:00,152.3,1,bid,Kaleb Liu,EarnestEspressos,9389323
2026-07-06T10:00:45.650257,2026-07-06T10:00:45.658324+00:00,152.3,11,bid,Xuanyu Liu,EarnestEspressos,9389324
2026-07-06T10:00:46.994399,2026-07-06T10:00:47.001647+00:00,152.2,50,ask,DiligentDonuts,FlawlessFlatbreads,9389351
2026-07-06T10:00:48.103122,2026-07-06T10:00:48.115315+00:00,152.7,41,bid,CostlyCorianders,DiligentDonuts,9389369
2026-07-06T10:00:49.104192,2026-07-06T10:00:49.115783+00:00,152.2,50,ask,EarnestEspressos,FlawlessFlatbreads,9389383
2026-07-06T10:00:51.210574,2026-07-06T10:00:51.222801+00:00,152.2,50,ask,DiligentDonuts,FlawlessFlatbreads,9389402
2026-07-06T10:00:51.504470,2026-07-06T10:00:51.512505+00:00,152.4,46,bid,CostlyCorianders,EarnestEspressos,9389405
2026-07-06T10:00:53.268461,2026-07-06T10:00:53.280245+00:00,152.4,50,bid,FlawlessFlatbreads,DiligentDonuts,9389427
2026-07-06T10:00:55.111187,2026-07-06T10:00:55.123499+00:00,152.6,41,bid,CostlyCorianders,EarnestEspressos,9389453
2026-07-06T10:00:55.377349,2026-07-06T10:00:55.389332+00:00,152.6,50,bid,FlawlessFlatbreads,EarnestEspressos,9389456
2026-07-06T10:00:56.018300,2026-07-06T10:00:56.042574+00:00,152.7,100,bid,EarnestEspressos,DiligentDonuts,9389466
2026-07-06T10:00:56.031317,2026-07-06T10:00:56.042574+00:00,152.7,11,ask,EarnestEspressos,Xuanyu Liu,9389467
2026-07-06T10:00:56.219616,2026-07-06T10:00:56.231393+00:00,152.7,39,ask,EarnestEspressos,CostlyCorianders,9389469
2026-07-06T10:00:56.219616,2026-07-06T10:00:56.231393+00:00,152.2,10,ask,DiligentDonuts,CostlyCorianders,9389470
2026-07-06T10:00:58.953623,2026-07-06T10:00:58.955320+00:00,152.6,40,ask,DiligentDonuts,CostlyCorianders,9389505
2026-07-06T10:00:59.472005,2026-07-06T10:00:59.483717+00:00,152.7,45,bid,CostlyCorianders,EarnestEspressos,9389506
2026-07-06T10:00:59.595844,2026-07-06T10:00:59.608963+00:00,152.7,50,bid,FlawlessFlatbreads,EarnestEspressos,9389507
2026-07-06T10:01:00.461316,2026-07-06T10:01:00.473246+00:00,152.7,49,bid,CostlyCorianders,EarnestEspressos,9389514
2026-07-06T10:01:00.916645,2026-07-06T10:01:00.926502+00:00,152.7,6,bid,Xuanyu Liu,EarnestEspressos,9389519
2026-07-06T10:01:01.701873,2026-07-06T10:01:01.713948+00:00,153.1,50,bid,FlawlessFlatbreads,DiligentDonuts,9389527
2026-07-06T10:01:01.893411,2026-07-06T10:01:01.905084+00:00,152.6,46,ask,DiligentDonuts,CostlyCorianders,9389531
2026-07-06T10:01:03.811172,2026-07-06T10:01:03.822890+00:00,153.1,50,bid,FlawlessFlatbreads,DiligentDonuts,9389560
2026-07-06T10:01:03.923281,2026-07-06T10:01:03.934998+00:00,152.9,45,ask,EarnestEspressos,CostlyCorianders,9389562
2026-07-06T10:01:05.039917,2026-07-06T10:01:05.050928+00:00,153.4,41,bid,CostlyCorianders,EarnestEspressos,9389578
2026-07-06T10:01:07.192905,2026-07-06T10:01:07.206695+00:00,153.1,6,ask,DiligentDonuts,Xuanyu Liu,9389597
2026-07-06T10:01:08.074596,2026-07-06T10:01:08.085891+00:00,153.1,50,ask,DiligentDonuts,FlawlessFlatbreads,9389610
2026-07-06T10:01:09.474633,2026-07-06T10:01:09.486825+00:00,153.1,44,ask,DiligentDonuts,CostlyCorianders,9389627
2026-07-06T10:01:09.474633,2026-07-06T10:01:09.486825+00:00,153.1,4,ask,EarnestEspressos,CostlyCorianders,9389628
2026-07-06T10:01:10.182061,2026-07-06T10:01:10.190010+00:00,153.1,50,ask,EarnestEspressos,FlawlessFlatbreads,9389639
2026-07-06T10:01:10.630079,2026-07-06T10:01:10.641222+00:00,153.2,44,bid,CostlyCorianders,DiligentDonuts,9389652
2026-07-06T10:01:11.254025,2026-07-06T10:01:11.268743+00:00,153.1,46,ask,EarnestEspressos,CostlyCorianders,9389658
2026-07-06T10:01:12.288580,2026-07-06T10:01:12.300386+00:00,152.8,50,ask,EarnestEspressos,FlawlessFlatbreads,9389673
2026-07-06T10:01:14.885870,2026-07-06T10:01:14.898085+00:00,152.9,49,ask,DiligentDonuts,CostlyCorianders,9389701
2026-07-06T10:01:15.094944,2026-07-06T10:01:15.106801+00:00,152.9,51,ask,DiligentDonuts,EarnestEspressos,9389703
2026-07-06T10:01:15.403428,2026-07-06T10:01:15.413248+00:00,152.8,17,bid,Xuanyu Liu,EarnestEspressos,9389716
2026-07-06T10:01:16.451677,2026-07-06T10:01:16.458584+00:00,152.8,50,bid,FlawlessFlatbreads,EarnestEspressos,9389729
2026-07-06T10:01:18.214953,2026-07-06T10:01:18.223224+00:00,153.0,6,ask,EarnestEspressos,Xuanyu Liu,9389751
2026-07-06T10:01:18.611224,2026-07-06T10:01:18.623138+00:00,153.0,50,ask,EarnestEspressos,FlawlessFlatbreads,9389756
2026-07-06T10:01:20.720475,2026-07-06T10:01:20.731530+00:00,153.0,50,ask,EarnestEspressos,FlawlessFlatbreads,9389781
2026-07-06T10:01:22.776193,2026-07-06T10:01:22.788078+00:00,153.1,50,bid,FlawlessFlatbreads,EarnestEspressos,9389816
2026-07-06T10:01:24.635206,2026-07-06T10:01:24.647231+00:00,153.2,41,bid,CostlyCorianders,DiligentDonuts,9389835
2026-07-06T10:01:24.891298,2026-07-06T10:01:24.899812+00:00,153.2,50,bid,FlawlessFlatbreads,DiligentDonuts,9389839
2026-07-06T10:01:27.051289,2026-07-06T10:01:27.058586+00:00,152.8,50,ask,EarnestEspressos,FlawlessFlatbreads,9389873
2026-07-06T10:01:27.237740,2026-07-06T10:01:27.249448+00:00,153.3,42,bid,CostlyCorianders,EarnestEspressos,9389875
2026-07-06T10:01:27.774670,2026-07-06T10:01:27.786342+00:00,153.3,43,bid,CostlyCorianders,DiligentDonuts,9389883
2026-07-06T10:01:29.179609,2026-07-06T10:01:29.187926+00:00,152.8,50,ask,DiligentDonuts,FlawlessFlatbreads,9389906
2026-07-06T10:01:31.236890,2026-07-06T10:01:31.248782+00:00,153.4,50,bid,FlawlessFlatbreads,DiligentDonuts,9389937
2026-07-06T10:01:32.279752,2026-07-06T10:01:32.292751+00:00,152.9,47,ask,DiligentDonuts,CostlyCorianders,9389955
2026-07-06T10:01:32.758861,2026-07-06T10:01:32.768649+00:00,153.4,45,bid,CostlyCorianders,EarnestEspressos,9389962
2026-07-06T10:01:33.799555,2026-07-06T10:01:33.811198+00:00,153.0,46,ask,DiligentDonuts,CostlyCorianders,9389976
2026-07-06T10:01:35.341742,2026-07-06T10:01:35.352058+00:00,153.0,49,ask,DiligentDonuts,CostlyCorianders,9389991
2026-07-06T10:01:35.463562,2026-07-06T10:01:35.475392+00:00,153.5,50,bid,FlawlessFlatbreads,DiligentDonuts,9389993
2026-07-06T10:01:37.572222,2026-07-06T10:01:37.580875+00:00,153.3,50,bid,FlawlessFlatbreads,DiligentDonuts,9390014
2026-07-06T10:01:39.729373,2026-07-06T10:01:39.741211+00:00,153.2,50,ask,DiligentDonuts,FlawlessFlatbreads,9390042
2026-07-06T10:01:40.095001,2026-07-06T10:01:40.104091+00:00,153.2,11,ask,DiligentDonuts,Xuanyu Liu,9390050
2026-07-06T10:01:40.150483,2026-07-06T10:01:40.158605+00:00,153.5,42,bid,CostlyCorianders,EarnestEspressos,9390052
2026-07-06T10:01:41.784722,2026-07-06T10:01:41.796622+00:00,153.7,50,bid,FlawlessFlatbreads,DiligentDonuts,9390076
2026-07-06T10:01:42.428460,2026-07-06T10:01:42.438181+00:00,153.6,41,bid,CostlyCorianders,DiligentDonuts,9390087
2026-07-06T10:01:43.893367,2026-07-06T10:01:43.905500+00:00,153.6,50,bid,FlawlessFlatbreads,DiligentDonuts,9390110
2026-07-06T10:01:44.942142,2026-07-06T10:01:44.951219+00:00,153.4,12,ask,EarnestEspressos,Xuanyu Liu,9390128
2026-07-06T10:01:45.060845,2026-07-06T10:01:45.072150+00:00,153.4,3,ask,EarnestEspressos,Kaleb Liu,9390133
2026-07-06T10:01:46.000344,2026-07-06T10:01:46.012448+00:00,153.8,50,bid,FlawlessFlatbreads,DiligentDonuts,9390146
2026-07-06T10:01:46.018511,2026-07-06T10:01:46.030711+00:00,153.4,43,ask,EarnestEspressos,CostlyCorianders,9390147
2026-07-06T10:01:46.090793,2026-07-06T10:01:46.100513+00:00,153.8,3,bid,Kaleb Liu,DiligentDonuts,9390149
2026-07-06T10:01:47.106794,2026-07-06T10:01:47.117734+00:00,153.3,3,ask,DiligentDonuts,Kaleb Liu,9390162
2026-07-06T10:01:47.495025,2026-07-06T10:01:47.502049+00:00,153.3,40,ask,DiligentDonuts,CostlyCorianders,9390169
2026-07-06T10:01:48.136124,2026-07-06T10:01:48.144049+00:00,153.7,50,bid,FlawlessFlatbreads,EarnestEspressos,9390181
2026-07-06T10:01:49.717437,2026-07-06T10:01:49.724583+00:00,153.3,40,ask,DiligentDonuts,CostlyCorianders,9390202
2026-07-06T10:01:50.244957,2026-07-06T10:01:50.251871+00:00,153.6,50,bid,FlawlessFlatbreads,EarnestEspressos,9390210
2026-07-06T10:01:52.168409,2026-07-06T10:01:52.179832+00:00,153.6,3,bid,Kaleb Liu,EarnestEspressos,9390231
2026-07-06T10:01:52.379344,2026-07-06T10:01:52.391973+00:00,153.6,50,bid,FlawlessFlatbreads,EarnestEspressos,9390236
2026-07-06T10:01:53.028489,2026-07-06T10:01:53.037792+00:00,153.4,22,ask,EarnestEspressos,Xuanyu Liu,9390244
2026-07-06T10:01:53.182663,2026-07-06T10:01:53.189511+00:00,153.4,11,ask,EarnestEspressos,Kaleb Liu,9390249
2026-07-06T10:01:54.297408,2026-07-06T10:01:54.309678+00:00,153.6,46,bid,CostlyCorianders,DiligentDonuts,9390262
2026-07-06T10:01:54.486433,2026-07-06T10:01:54.495444+00:00,153.6,50,bid,FlawlessFlatbreads,DiligentDonuts,9390264
2026-07-06T10:01:56.461614,2026-07-06T10:01:56.473537+00:00,153.5,40,ask,DiligentDonuts,CostlyCorianders,9390291
2026-07-06T10:01:56.592800,2026-07-06T10:01:56.605039+00:00,153.8,8,bid,FlawlessFlatbreads,Zhangyue Shen,9390294
2026-07-06T10:01:56.592800,2026-07-06T10:01:56.605039+00:00,154.0,42,bid,FlawlessFlatbreads,DiligentDonuts,9390295
2026-07-06T10:01:58.701934,2026-07-06T10:01:58.711939+00:00,153.9,8,bid,FlawlessFlatbreads,Zhangyue Shen,9390310
2026-07-06T10:01:58.701934,2026-07-06T10:01:58.711939+00:00,153.9,42,bid,FlawlessFlatbreads,DiligentDonuts,9390311
2026-07-06T10:02:00.838293,2026-07-06T10:02:00.850070+00:00,153.9,50,bid,FlawlessFlatbreads,DiligentDonuts,9390336
2026-07-06T10:02:00.990613,2026-07-06T10:02:00.999709+00:00,153.7,23,ask,DiligentDonuts,Xuanyu Liu,9390337
2026-07-06T10:02:02.106954,2026-07-06T10:02:02.114456+00:00,154.0,48,bid,CostlyCorianders,EarnestEspressos,9390347
2026-07-06T10:02:02.247749,2026-07-06T10:02:02.253991+00:00,153.7,9,ask,DiligentDonuts,Kaleb Liu,9390349
2026-07-06T10:02:02.946931,2026-07-06T10:02:02.958629+00:00,154.0,8,bid,FlawlessFlatbreads,Zhangyue Shen,9390361
2026-07-06T10:02:02.946931,2026-07-06T10:02:02.958629+00:00,154.1,42,bid,FlawlessFlatbreads,EarnestEspressos,9390362
2026-07-06T10:02:03.165772,2026-07-06T10:02:03.177594+00:00,153.7,40,ask,DiligentDonuts,CostlyCorianders,9390365
2026-07-06T10:02:03.639857,2026-07-06T10:02:03.648139+00:00,154.1,47,bid,CostlyCorianders,EarnestEspressos,9390366
2026-07-06T10:02:04.174454,2026-07-06T10:02:04.186588+00:00,153.7,8,ask,Zhangyue Shen,CostlyCorianders,9390378
2026-07-06T10:02:04.174454,2026-07-06T10:02:04.186588+00:00,153.7,35,ask,DiligentDonuts,CostlyCorianders,9390379
2026-07-06T10:02:05.056150,2026-07-06T10:02:05.058555+00:00,154.1,50,bid,FlawlessFlatbreads,EarnestEspressos,9390388
2026-07-06T10:02:05.679904,2026-07-06T10:02:05.689304+00:00,154.1,8,bid,EarnestEspressos,Zhangyue Shen,9390393
2026-07-06T10:02:05.679904,2026-07-06T10:02:05.694744+00:00,154.2,100,bid,EarnestEspressos,DiligentDonuts,9390394
2026-07-06T10:02:05.745430,2026-07-06T10:02:05.755580+00:00,154.4,26,ask,EarnestEspressos,Xuanyu Liu,9390395
2026-07-06T10:02:05.818359,2026-07-06T10:02:05.830113+00:00,154.4,16,ask,EarnestEspressos,CostlyCorianders,9390398
2026-07-06T10:02:07.161861,2026-07-06T10:02:07.174555+00:00,154.8,8,bid,FlawlessFlatbreads,Zhangyue Shen,9390419
2026-07-06T10:02:07.161861,2026-07-06T10:02:07.174555+00:00,154.9,42,bid,FlawlessFlatbreads,EarnestEspressos,9390420
2026-07-06T10:02:09.325437,2026-07-06T10:02:09.334261+00:00,153.9,50,ask,DiligentDonuts,FlawlessFlatbreads,9390444
2026-07-06T10:02:11.320242,2026-07-06T10:02:11.331015+00:00,153.8,6,ask,EarnestEspressos,Kaleb Liu,9390468
2026-07-06T10:02:11.432665,2026-07-06T10:02:11.444767+00:00,153.8,50,ask,EarnestEspressos,FlawlessFlatbreads,9390469
2026-07-06T10:02:13.351207,2026-07-06T10:02:13.358562+00:00,153.9,8,bid,Kaleb Liu,Zhangyue Shen,9390491
2026-07-06T10:02:13.541156,2026-07-06T10:02:13.553365+00:00,153.9,18,ask,Kaleb Liu,FlawlessFlatbreads,9390497
2026-07-06T10:02:13.789845,2026-07-06T10:02:13.805411+00:00,154.0,8,bid,CostlyCorianders,Zhangyue Shen,9390500
2026-07-06T10:02:13.789845,2026-07-06T10:02:13.805411+00:00,154.1,40,bid,CostlyCorianders,EarnestEspressos,9390501
2026-07-06T10:02:14.365746,2026-07-06T10:02:14.377565+00:00,153.8,26,ask,DiligentDonuts,Kaleb Liu,9390511
2026-07-06T10:02:14.859607,2026-07-06T10:02:14.871493+00:00,154.0,8,bid,CostlyCorianders,Zhangyue Shen,9390520
2026-07-06T10:02:14.859607,2026-07-06T10:02:14.871493+00:00,154.1,36,bid,CostlyCorianders,EarnestEspressos,9390521
2026-07-06T10:02:15.651143,2026-07-06T10:02:15.658592+00:00,154.0,50,ask,EarnestEspressos,FlawlessFlatbreads,9390533
2026-07-06T10:02:16.869903,2026-07-06T10:02:16.881809+00:00,154.0,100,ask,EarnestEspressos,DiligentDonuts,9390547
2026-07-06T10:02:17.047531,2026-07-06T10:02:17.059736+00:00,153.7,8,ask,Zhangyue Shen,CostlyCorianders,9390549
2026-07-06T10:02:17.047531,2026-07-06T10:02:17.059736+00:00,153.5,35,ask,DiligentDonuts,CostlyCorianders,9390550
2026-07-06T10:02:17.759477,2026-07-06T10:02:17.771601+00:00,153.6,8,ask,Zhangyue Shen,FlawlessFlatbreads,9390563
2026-07-06T10:02:17.759477,2026-07-06T10:02:17.771601+00:00,153.5,42,ask,DiligentDonuts,FlawlessFlatbreads,9390564
2026-07-06T10:02:18.395533,2026-07-06T10:02:18.404918+00:00,153.9,14,bid,Xuanyu Liu,EarnestEspressos,9390572
2026-07-06T10:02:18.460511,2026-07-06T10:02:18.472146+00:00,153.6,8,ask,Zhangyue Shen,CostlyCorianders,9390577
2026-07-06T10:02:19.022779,2026-07-06T10:02:19.032298+00:00,153.9,43,bid,CostlyCorianders,EarnestEspressos,9390586
2026-07-06T10:02:19.384594,2026-07-06T10:02:19.395479+00:00,153.9,12,bid,Xuanyu Liu,EarnestEspressos,9390592
2026-07-06T10:02:19.868962,2026-07-06T10:02:19.880769+00:00,153.7,7,ask,Zhangyue Shen,FlawlessFlatbreads,9390601
2026-07-06T10:02:19.868962,2026-07-06T10:02:19.880769+00:00,153.5,23,ask,DiligentDonuts,FlawlessFlatbreads,9390602
2026-07-06T10:02:19.868962,2026-07-06T10:02:19.880769+00:00,153.4,20,ask,EarnestEspressos,FlawlessFlatbreads,9390603
2026-07-06T10:02:20.620292,2026-07-06T10:02:20.641590+00:00,153.9,11,bid,Xuanyu Liu,EarnestEspressos,9390615
2026-07-06T10:02:21.261192,2026-07-06T10:02:21.270681+00:00,153.9,8,bid,Zhangyue Shen,EarnestEspressos,9390624
2026-07-06T10:02:21.494741,2026-07-06T10:02:21.506911+00:00,154.3,100,bid,EarnestEspressos,DiligentDonuts,9390631
2026-07-06T10:02:21.979268,2026-07-06T10:02:21.991250+00:00,154.3,50,ask,EarnestEspressos,FlawlessFlatbreads,9390638
2026-07-06T10:02:23.142695,2026-07-06T10:02:23.162433+00:00,154.3,8,bid,DiligentDonuts,Zhangyue Shen,9390655
2026-07-06T10:02:23.153490,2026-07-06T10:02:23.162433+00:00,154.3,11,ask,DiligentDonuts,Xuanyu Liu,9390656
2026-07-06T10:02:23.713462,2026-07-06T10:02:23.722401+00:00,154.3,26,ask,DiligentDonuts,Xuanyu Liu,9390668
2026-07-06T10:02:24.089881,2026-07-06T10:02:24.102048+00:00,154.3,50,ask,DiligentDonuts,FlawlessFlatbreads,9390675
2026-07-06T10:02:24.443619,2026-07-06T10:02:24.450820+00:00,154.5,7,bid,Kaleb Liu,Zhangyue Shen,9390682
2026-07-06T10:02:24.710928,2026-07-06T10:02:24.733116+00:00,154.5,19,ask,Kaleb Liu,EarnestEspressos,9390687
2026-07-06T10:02:24.710928,2026-07-06T10:02:24.733116+00:00,154.3,5,ask,DiligentDonuts,EarnestEspressos,9390688
2026-07-06T10:02:24.724245,2026-07-06T10:02:24.733116+00:00,154.2,3,bid,Xuanyu Liu,EarnestEspressos,9390689
2026-07-06T10:02:25.476076,2026-07-06T10:02:25.484499+00:00,153.9,8,ask,Zhangyue Shen,Kaleb Liu,9390706
2026-07-06T10:02:25.491239,2026-07-06T10:02:25.500323+00:00,153.9,3,bid,Xuanyu Liu,Kaleb Liu,9390707
2026-07-06T10:02:26.146439,2026-07-06T10:02:26.158601+00:00,154.2,50,bid,FlawlessFlatbreads,EarnestEspressos,9390714
2026-07-06T10:02:27.875515,2026-07-06T10:02:27.896706+00:00,153.9,100,ask,DiligentDonuts,EarnestEspressos,9390737
2026-07-06T10:02:27.875515,2026-07-06T10:02:27.896706+00:00,153.8,8,ask,Zhangyue Shen,EarnestEspressos,9390738
2026-07-06T10:02:27.886106,2026-07-06T10:02:27.896706+00:00,153.8,20,bid,Xuanyu Liu,EarnestEspressos,9390739
2026-07-06T10:02:28.501451,2026-07-06T10:02:28.512545+00:00,153.4,8,ask,Zhangyue Shen,Kaleb Liu,9390750
2026-07-06T10:02:28.513925,2026-07-06T10:02:28.523142+00:00,153.4,1,bid,Xuanyu Liu,Kaleb Liu,9390751
2026-07-06T10:02:28.563661,2026-07-06T10:02:28.571141+00:00,153.3,48,ask,EarnestEspressos,CostlyCorianders,9390754
2026-07-06T10:02:28.948627,2026-07-06T10:02:28.957735+00:00,153.8,22,bid,Xuanyu Liu,EarnestEspressos,9390760
2026-07-06T10:02:29.516541,2026-07-06T10:02:29.527749+00:00,153.6,13,ask,DiligentDonuts,Kaleb Liu,9390774
2026-07-06T10:02:29.596866,2026-07-06T10:02:29.608748+00:00,154.1,46,bid,CostlyCorianders,DiligentDonuts,9390776
2026-07-06T10:02:30.196666,2026-07-06T10:02:30.208738+00:00,153.7,8,ask,Zhangyue Shen,CostlyCorianders,9390788
2026-07-06T10:02:30.196666,2026-07-06T10:02:30.208738+00:00,153.6,32,ask,DiligentDonuts,CostlyCorianders,9390789
2026-07-06T10:02:32.315381,2026-07-06T10:02:32.327538+00:00,154.1,44,bid,CostlyCorianders,DiligentDonuts,9390827
2026-07-06T10:02:32.462395,2026-07-06T10:02:32.474662+00:00,154.1,10,bid,FlawlessFlatbreads,DiligentDonuts,9390829
2026-07-06T10:02:32.462395,2026-07-06T10:02:32.474662+00:00,154.2,8,bid,FlawlessFlatbreads,Zhangyue Shen,9390830
2026-07-06T10:02:34.633409,2026-07-06T10:02:34.645222+00:00,154.1,50,ask,EarnestEspressos,FlawlessFlatbreads,9390855
2026-07-06T10:02:36.741257,2026-07-06T10:02:36.753119+00:00,154.1,50,ask,EarnestEspressos,FlawlessFlatbreads,9390880
2026-07-06T10:02:37.097328,2026-07-06T10:02:37.109660+00:00,154.1,46,ask,EarnestEspressos,CostlyCorianders,9390891
2026-07-06T10:02:38.176039,2026-07-06T10:02:38.184482+00:00,154.0,44,ask,DiligentDonuts,CostlyCorianders,9390904
2026-07-06T10:02:38.850989,2026-07-06T10:02:38.859554+00:00,154.0,50,ask,DiligentDonuts,FlawlessFlatbreads,9390910
2026-07-06T10:02:40.852774,2026-07-06T10:02:40.859688+00:00,154.1,47,bid,CostlyCorianders,DiligentDonuts,9390931
2026-07-06T10:02:40.959584,2026-07-06T10:02:40.975096+00:00,153.9,8,ask,Zhangyue Shen,FlawlessFlatbreads,9390932
2026-07-06T10:02:40.959584,2026-07-06T10:02:40.975096+00:00,153.6,42,ask,DiligentDonuts,FlawlessFlatbreads,9390933
2026-07-06T10:02:42.566905,2026-07-06T10:02:42.575407+00:00,154.1,47,bid,CostlyCorianders,EarnestEspressos,9390963
2026-07-06T10:02:43.621832,2026-07-06T10:02:43.632708+00:00,154.1,5,bid,Kaleb Liu,DiligentDonuts,9390979
2026-07-06T10:02:44.036387,2026-07-06T10:02:44.048278+00:00,153.6,46,ask,DiligentDonuts,CostlyCorianders,9390991
2026-07-06T10:02:45.121855,2026-07-06T10:02:45.134295+00:00,154.0,50,bid,FlawlessFlatbreads,EarnestEspressos,9391003
2026-07-06T10:02:45.921271,2026-07-06T10:02:45.930368+00:00,153.6,48,bid,CostlyCorianders,DiligentDonuts,9391013
2026-07-06T10:02:49.232360,2026-07-06T10:02:49.244397+00:00,153.2,50,bid,FlawlessFlatbreads,DiligentDonuts,9391066
2026-07-06T10:02:49.944556,2026-07-06T10:02:49.955049+00:00,153.2,47,bid,CostlyCorianders,DiligentDonuts,9391083
2026-07-06T10:02:50.961483,2026-07-06T10:02:50.983400+00:00,153.1,45,ask,EarnestEspressos,CostlyCorianders,9391098
2026-07-06T10:02:51.391397,2026-07-06T10:02:51.403142+00:00,153.1,50,ask,EarnestEspressos,FlawlessFlatbreads,9391104
2026-07-06T10:02:53.449532,2026-07-06T10:02:53.453336+00:00,153.3,50,bid,FlawlessFlatbreads,EarnestEspressos,9391133
2026-07-06T10:02:53.886488,2026-07-06T10:02:53.894373+00:00,153.3,42,bid,CostlyCorianders,EarnestEspressos,9391138
2026-07-06T10:02:55.557990,2026-07-06T10:02:55.569788+00:00,153.3,50,bid,FlawlessFlatbreads,EarnestEspressos,9391166
2026-07-06T10:02:57.665484,2026-07-06T10:02:57.677373+00:00,153.6,8,bid,FlawlessFlatbreads,Zhangyue Shen,9391184
2026-07-06T10:02:57.665484,2026-07-06T10:02:57.677373+00:00,153.7,42,bid,FlawlessFlatbreads,DiligentDonuts,9391185
2026-07-06T10:02:57.932075,2026-07-06T10:02:57.943759+00:00,153.4,48,ask,EarnestEspressos,CostlyCorianders,9391189
2026-07-06T10:02:59.774374,2026-07-06T10:02:59.786484+00:00,153.8,8,bid,FlawlessFlatbreads,Zhangyue Shen,9391218
2026-07-06T10:02:59.774374,2026-07-06T10:02:59.786484+00:00,154.0,42,bid,FlawlessFlatbreads,EarnestEspressos,9391219
2026-07-06T10:03:00.470515,2026-07-06T10:03:00.480196+00:00,153.6,23,ask,DiligentDonuts,Xuanyu Liu,9391229
2026-07-06T10:03:01.625719,2026-07-06T10:03:01.637536+00:00,153.5,47,ask,EarnestEspressos,CostlyCorianders,9391246
2026-07-06T10:03:01.885090,2026-07-06T10:03:01.891680+00:00,153.7,8,bid,FlawlessFlatbreads,Zhangyue Shen,9391252
2026-07-06T10:03:01.885090,2026-07-06T10:03:01.897109+00:00,153.8,42,bid,FlawlessFlatbreads,DiligentDonuts,9391253
2026-07-06T10:03:02.146741,2026-07-06T10:03:02.158368+00:00,153.5,44,ask,EarnestEspressos,CostlyCorianders,9391257
2026-07-06T10:03:04.046829,2026-07-06T10:03:04.053975+00:00,153.4,8,ask,Zhangyue Shen,FlawlessFlatbreads,9391284
2026-07-06T10:03:04.046829,2026-07-06T10:03:04.053975+00:00,153.3,42,ask,DiligentDonuts,FlawlessFlatbreads,9391285
2026-07-06T10:03:06.107256,2026-07-06T10:03:06.113833+00:00,153.6,50,bid,FlawlessFlatbreads,EarnestEspressos,9391315
2026-07-06T10:03:08.212893,2026-07-06T10:03:08.224517+00:00,153.6,50,bid,FlawlessFlatbreads,EarnestEspressos,9391335
2026-07-06T10:03:10.205968,2026-07-06T10:03:10.217962+00:00,153.6,8,bid,CostlyCorianders,Zhangyue Shen,9391365
2026-07-06T10:03:10.205968,2026-07-06T10:03:10.217962+00:00,153.9,41,bid,CostlyCorianders,DiligentDonuts,9391366
2026-07-06T10:03:10.369867,2026-07-06T10:03:10.382202+00:00,153.5,50,ask,EarnestEspressos,FlawlessFlatbreads,9391370
2026-07-06T10:03:12.480833,2026-07-06T10:03:12.487685+00:00,153.5,50,ask,DiligentDonuts,FlawlessFlatbreads,9391393
2026-07-06T10:03:13.181777,2026-07-06T10:03:13.193746+00:00,153.7,42,bid,CostlyCorianders,EarnestEspressos,9391401
2026-07-06T10:03:14.588033,2026-07-06T10:03:14.599191+00:00,153.5,50,ask,DiligentDonuts,FlawlessFlatbreads,9391423
2026-07-06T10:03:16.694227,2026-07-06T10:03:16.706514+00:00,153.5,50,ask,DiligentDonuts,FlawlessFlatbreads,9391450
2026-07-06T10:03:18.284800,2026-07-06T10:03:18.296721+00:00,153.6,8,ask,Zhangyue Shen,CostlyCorianders,9391463
2026-07-06T10:03:18.284800,2026-07-06T10:03:18.296721+00:00,153.5,38,ask,EarnestEspressos,CostlyCorianders,9391464
2026-07-06T10:03:18.802413,2026-07-06T10:03:18.813973+00:00,153.6,50,ask,EarnestEspressos,FlawlessFlatbreads,9391472
2026-07-06T10:03:18.891493,2026-07-06T10:03:18.900774+00:00,153.7,11,bid,Xuanyu Liu,DiligentDonuts,9391474
2026-07-06T10:03:20.858193,2026-07-06T10:03:20.866435+00:00,153.9,8,bid,FlawlessFlatbreads,Zhangyue Shen,9391498
2026-07-06T10:03:20.858193,2026-07-06T10:03:20.871768+00:00,153.9,42,bid,FlawlessFlatbreads,DiligentDonuts,9391499
2026-07-06T10:03:21.890272,2026-07-06T10:03:21.901871+00:00,153.9,42,bid,CostlyCorianders,DiligentDonuts,9391512
2026-07-06T10:03:22.975669,2026-07-06T10:03:22.990643+00:00,153.9,16,bid,FlawlessFlatbreads,DiligentDonuts,9391526
2026-07-06T10:03:22.975669,2026-07-06T10:03:22.990643+00:00,153.9,34,bid,FlawlessFlatbreads,EarnestEspressos,9391527
2026-07-06T10:03:25.100697,2026-07-06T10:03:25.113219+00:00,153.9,8,bid,FlawlessFlatbreads,Zhangyue Shen,9391545
2026-07-06T10:03:25.100697,2026-07-06T10:03:25.113219+00:00,154.1,42,bid,FlawlessFlatbreads,DiligentDonuts,9391546
2026-07-06T10:03:26.623964,2026-07-06T10:03:26.632926+00:00,153.8,11,ask,DiligentDonuts,Xuanyu Liu,9391566
2026-07-06T10:03:29.336791,2026-07-06T10:03:29.358766+00:00,154.0,50,bid,FlawlessFlatbreads,EarnestEspressos,9391593
2026-07-06T10:03:30.575757,2026-07-06T10:03:30.582638+00:00,153.8,47,ask,DiligentDonuts,CostlyCorianders,9391609
2026-07-06T10:03:31.193228,2026-07-06T10:03:31.204771+00:00,154.3,48,bid,CostlyCorianders,DiligentDonuts,9391614
2026-07-06T10:03:33.706383,2026-07-06T10:03:33.713137+00:00,153.8,49,ask,EarnestEspressos,CostlyCorianders,9391638
2026-07-06T10:03:34.248305,2026-07-06T10:03:34.255483+00:00,154.2,8,bid,CostlyCorianders,Zhangyue Shen,9391644
2026-07-06T10:03:34.248305,2026-07-06T10:03:34.255483+00:00,154.2,39,bid,CostlyCorianders,DiligentDonuts,9391645
2026-07-06T10:03:35.704751,2026-07-06T10:03:35.711468+00:00,153.7,50,ask,DiligentDonuts,FlawlessFlatbreads,9391660
2026-07-06T10:03:37.006075,2026-07-06T10:03:37.017956+00:00,153.7,8,ask,Zhangyue Shen,CostlyCorianders,9391674
2026-07-06T10:03:37.006075,2026-07-06T10:03:37.017956+00:00,153.7,41,ask,DiligentDonuts,CostlyCorianders,9391675
2026-07-06T10:03:37.812719,2026-07-06T10:03:37.825092+00:00,153.7,50,ask,DiligentDonuts,FlawlessFlatbreads,9391690
2026-07-06T10:03:38.137496,2026-07-06T10:03:38.146606+00:00,153.9,8,bid,CostlyCorianders,Zhangyue Shen,9391694
2026-07-06T10:03:38.137496,2026-07-06T10:03:38.146606+00:00,154.0,35,bid,CostlyCorianders,EarnestEspressos,9391695
2026-07-06T10:03:39.186449,2026-07-06T10:03:39.198569+00:00,154.0,41,bid,CostlyCorianders,EarnestEspressos,9391712
2026-07-06T10:03:39.939305,2026-07-06T10:03:39.949199+00:00,153.7,8,ask,Zhangyue Shen,FlawlessFlatbreads,9391724
2026-07-06T10:03:39.939305,2026-07-06T10:03:39.949199+00:00,153.5,42,ask,EarnestEspressos,FlawlessFlatbreads,9391725
2026-07-06T10:03:40.353446,2026-07-06T10:03:40.358606+00:00,153.6,8,ask,Zhangyue Shen,CostlyCorianders,9391732
2026-07-06T10:03:40.353446,2026-07-06T10:03:40.358606+00:00,153.5,41,ask,EarnestEspressos,CostlyCorianders,9391733
2026-07-06T10:03:42.047617,2026-07-06T10:03:42.058595+00:00,153.5,50,ask,DiligentDonuts,FlawlessFlatbreads,9391754
2026-07-06T10:03:43.661166,2026-07-06T10:03:43.670389+00:00,153.6,11,bid,Xuanyu Liu,DiligentDonuts,9391774
2026-07-06T10:03:44.160334,2026-07-06T10:03:44.169091+00:00,153.5,50,ask,EarnestEspressos,FlawlessFlatbreads,9391778
2026-07-06T10:03:45.717561,2026-07-06T10:03:45.725886+00:00,153.8,8,bid,CostlyCorianders,Zhangyue Shen,9391802
2026-07-06T10:03:45.717561,2026-07-06T10:03:45.731106+00:00,153.8,34,bid,CostlyCorianders,DiligentDonuts,9391803
2026-07-06T10:03:46.267404,2026-07-06T10:03:46.274561+00:00,153.5,50,ask,EarnestEspressos,FlawlessFlatbreads,9391806
2026-07-06T10:03:46.343060,2026-07-06T10:03:46.354661+00:00,153.5,46,ask,EarnestEspressos,CostlyCorianders,9391807
2026-07-06T10:03:47.044532,2026-07-06T10:03:47.051256+00:00,153.4,8,ask,Zhangyue Shen,EarnestEspressos,9391814
2026-07-06T10:03:47.044532,2026-07-06T10:03:47.051256+00:00,153.3,100,ask,DiligentDonuts,EarnestEspressos,9391815
2026-07-06T10:03:47.059700,2026-07-06T10:03:47.068966+00:00,153.3,34,bid,Xuanyu Liu,EarnestEspressos,9391816
2026-07-06T10:03:48.405765,2026-07-06T10:03:48.422943+00:00,152.8,50,ask,EarnestEspressos,FlawlessFlatbreads,9391833
2026-07-06T10:03:48.406174,2026-07-06T10:03:48.422943+00:00,153.3,8,bid,Xuanyu Liu,EarnestEspressos,9391835
2026-07-06T10:03:52.616696,2026-07-06T10:03:52.628747+00:00,153.7,8,ask,Zhangyue Shen,FlawlessFlatbreads,9391875
2026-07-06T10:03:53.492468,2026-07-06T10:03:53.503907+00:00,153.7,8,ask,Zhangyue Shen,Xuanyu Liu,9391890
2026-07-06T10:03:54.533025,2026-07-06T10:03:54.543563+00:00,153.8,8,bid,Zhangyue Shen,DiligentDonuts,9391913
2026-07-06T10:03:54.838772,2026-07-06T10:03:54.858617+00:00,154.0,48,bid,CostlyCorianders,EarnestEspressos,9391918
2026-07-06T10:03:56.465640,2026-07-06T10:03:56.477331+00:00,153.4,47,ask,DiligentDonuts,CostlyCorianders,9391940
2026-07-06T10:03:56.842212,2026-07-06T10:03:56.849547+00:00,153.8,50,ask,EarnestEspressos,FlawlessFlatbreads,9391941
2026-07-06T10:03:58.109815,2026-07-06T10:03:58.118476+00:00,153.8,100,ask,EarnestEspressos,DiligentDonuts,9391956
2026-07-06T10:03:58.190781,2026-07-06T10:03:58.200790+00:00,154.3,48,bid,CostlyCorianders,EarnestEspressos,9391959
2026-07-06T10:03:58.676725,2026-07-06T10:03:58.688602+00:00,153.3,45,ask,DiligentDonuts,CostlyCorianders,9391968
2026-07-06T10:03:58.951896,2026-07-06T10:03:58.964183+00:00,153.3,50,ask,DiligentDonuts,FlawlessFlatbreads,9391975
2026-07-06T10:04:00.591254,2026-07-06T10:04:00.603058+00:00,153.9,42,bid,CostlyCorianders,EarnestEspressos,9391996
2026-07-06T10:04:01.061695,2026-07-06T10:04:01.073391+00:00,153.4,50,ask,EarnestEspressos,FlawlessFlatbreads,9392005
2026-07-06T10:04:03.168972,2026-07-06T10:04:03.181074+00:00,153.6,50,ask,DiligentDonuts,FlawlessFlatbreads,9392028
2026-07-06T10:04:03.327178,2026-07-06T10:04:03.338992+00:00,153.6,42,ask,DiligentDonuts,CostlyCorianders,9392030
2026-07-06T10:04:03.911377,2026-07-06T10:04:03.923421+00:00,153.9,42,bid,CostlyCorianders,EarnestEspressos,9392036
2026-07-06T10:04:04.449138,2026-07-06T10:04:04.459700+00:00,153.6,12,bid,Xuanyu Liu,DiligentDonuts,9392044
2026-07-06T10:04:05.132644,2026-07-06T10:04:05.144592+00:00,153.4,46,ask,EarnestEspressos,CostlyCorianders,9392054
2026-07-06T10:04:05.378347,2026-07-06T10:04:05.385214+00:00,153.6,28,bid,Kaleb Liu,DiligentDonuts,9392062
2026-07-06T10:04:06.588965,2026-07-06T10:04:06.600583+00:00,153.6,49,bid,CostlyCorianders,DiligentDonuts,9392083
2026-07-06T10:04:07.326934,2026-07-06T10:04:07.339053+00:00,153.6,11,bid,FlawlessFlatbreads,DiligentDonuts,9392093
2026-07-06T10:04:07.326934,2026-07-06T10:04:07.339053+00:00,153.9,39,bid,FlawlessFlatbreads,EarnestEspressos,9392094
2026-07-06T10:04:08.767144,2026-07-06T10:04:08.778744+00:00,153.4,40,ask,EarnestEspressos,CostlyCorianders,9392114
2026-07-06T10:04:11.430884,2026-07-06T10:04:11.464806+00:00,153.7,44,bid,CostlyCorianders,DiligentDonuts,9392156
2026-07-06T10:04:12.683029,2026-07-06T10:04:12.692407+00:00,153.4,40,ask,EarnestEspressos,CostlyCorianders,9392172
2026-07-06T10:04:13.208303,2026-07-06T10:04:13.220292+00:00,153.7,40,bid,CostlyCorianders,DiligentDonuts,9392178
2026-07-06T10:04:13.649794,2026-07-06T10:04:13.656649+00:00,153.7,16,bid,FlawlessFlatbreads,DiligentDonuts,9392185
2026-07-06T10:04:13.649794,2026-07-06T10:04:13.656649+00:00,153.9,34,bid,FlawlessFlatbreads,EarnestEspressos,9392186
2026-07-06T10:04:15.083078,2026-07-06T10:04:15.094992+00:00,153.6,44,ask,DiligentDonuts,CostlyCorianders,9392206
2026-07-06T10:04:15.759985,2026-07-06T10:04:15.771547+00:00,153.9,50,bid,FlawlessFlatbreads,EarnestEspressos,9392216
2026-07-06T10:04:17.866543,2026-07-06T10:04:17.878660+00:00,153.9,50,bid,FlawlessFlatbreads,EarnestEspressos,9392236
2026-07-06T10:04:18.292195,2026-07-06T10:04:18.304111+00:00,153.9,49,bid,CostlyCorianders,EarnestEspressos,9392240
2026-07-06T10:04:18.697134,2026-07-06T10:04:18.720231+00:00,154.0,100,bid,EarnestEspressos,DiligentDonuts,9392245
2026-07-06T10:04:18.710609,2026-07-06T10:04:18.720231+00:00,154.0,23,ask,EarnestEspressos,Xuanyu Liu,9392246
2026-07-06T10:04:19.536256,2026-07-06T10:04:19.547253+00:00,154.0,7,ask,EarnestEspressos,Kaleb Liu,9392256
2026-07-06T10:04:19.975671,2026-07-06T10:04:19.987629+00:00,154.3,8,bid,FlawlessFlatbreads,Zhangyue Shen,9392259
2026-07-06T10:04:19.975671,2026-07-06T10:04:19.987629+00:00,154.5,42,bid,FlawlessFlatbreads,EarnestEspressos,9392260
2026-07-06T10:04:20.351913,2026-07-06T10:04:20.364128+00:00,154.0,20,ask,EarnestEspressos,CostlyCorianders,9392267
2026-07-06T10:04:20.351913,2026-07-06T10:04:20.364128+00:00,154.0,8,ask,Zhangyue Shen,CostlyCorianders,9392268
2026-07-06T10:04:20.351913,2026-07-06T10:04:20.364128+00:00,154.0,21,ask,DiligentDonuts,CostlyCorianders,9392269
2026-07-06T10:04:20.550522,2026-07-06T10:04:20.558581+00:00,154.4,6,bid,Kaleb Liu,Zhangyue Shen,9392273
2026-07-06T10:04:21.566186,2026-07-06T10:04:21.571332+00:00,154.0,2,ask,DiligentDonuts,Kaleb Liu,9392283
2026-07-06T10:04:22.086621,2026-07-06T10:04:22.095630+00:00,154.2,50,bid,FlawlessFlatbreads,EarnestEspressos,9392288
2026-07-06T10:04:22.582687,2026-07-06T10:04:22.594504+00:00,154.2,3,bid,Kaleb Liu,EarnestEspressos,9392295
2026-07-06T10:04:23.683721,2026-07-06T10:04:23.695808+00:00,154.2,40,bid,CostlyCorianders,EarnestEspressos,9392304
2026-07-06T10:04:24.193272,2026-07-06T10:04:24.205378+00:00,154.2,50,bid,FlawlessFlatbreads,EarnestEspressos,9392310
2026-07-06T10:04:24.198571,2026-07-06T10:04:24.210696+00:00,154.0,42,ask,DiligentDonuts,CostlyCorianders,9392311
2026-07-06T10:04:24.617029,2026-07-06T10:04:24.624787+00:00,154.1,6,ask,Zhangyue Shen,Kaleb Liu,9392318
2026-07-06T10:04:25.029191,2026-07-06T10:04:25.038038+00:00,154.1,1,bid,EarnestEspressos,Kaleb Liu,9392325
2026-07-06T10:04:25.039381,2026-07-06T10:04:25.048370+00:00,154.2,11,ask,EarnestEspressos,Xuanyu Liu,9392326
2026-07-06T10:04:25.245728,2026-07-06T10:04:25.258593+00:00,154.4,8,bid,CostlyCorianders,Zhangyue Shen,9392332
2026-07-06T10:04:25.631983,2026-07-06T10:04:25.643272+00:00,154.2,4,ask,EarnestEspressos,Kaleb Liu,9392339
2026-07-06T10:04:26.301978,2026-07-06T10:04:26.313688+00:00,154.5,50,bid,FlawlessFlatbreads,DiligentDonuts,9392345
2026-07-06T10:04:26.766729,2026-07-06T10:04:26.778558+00:00,154.2,47,ask,EarnestEspressos,CostlyCorianders,9392349
2026-07-06T10:04:27.318331,2026-07-06T10:04:27.329755+00:00,154.2,40,ask,EarnestEspressos,CostlyCorianders,9392354
2026-07-06T10:04:28.408770,2026-07-06T10:04:28.420523+00:00,154.3,50,bid,FlawlessFlatbreads,EarnestEspressos,9392361
2026-07-06T10:04:28.412248,2026-07-06T10:04:28.420523+00:00,154.3,43,bid,CostlyCorianders,EarnestEspressos,9392362
2026-07-06T10:04:29.493975,2026-07-06T10:04:29.501585+00:00,154.2,8,ask,Zhangyue Shen,CostlyCorianders,9392381
2026-07-06T10:04:29.665645,2026-07-06T10:04:29.673581+00:00,153.9,4,ask,DiligentDonuts,Kaleb Liu,9392386
2026-07-06T10:04:30.680350,2026-07-06T10:04:30.691559+00:00,154.1,5,ask,DiligentDonuts,Kaleb Liu,9392401
2026-07-06T10:04:31.356965,2026-07-06T10:04:31.369038+00:00,154.5,8,bid,EarnestEspressos,Zhangyue Shen,9392408
2026-07-06T10:04:32.272025,2026-07-06T10:04:32.283925+00:00,154.6,43,bid,CostlyCorianders,DiligentDonuts,9392417
2026-07-06T10:04:32.328056,2026-07-06T10:04:32.340281+00:00,154.5,47,ask,EarnestEspressos,CostlyCorianders,9392418
2026-07-06T10:04:32.474338,2026-07-06T10:04:32.483719+00:00,154.5,12,ask,EarnestEspressos,Xuanyu Liu,9392422
2026-07-06T10:04:32.620024,2026-07-06T10:04:32.629041+00:00,154.6,50,bid,FlawlessFlatbreads,DiligentDonuts,9392427
2026-07-06T10:04:32.922513,2026-07-06T10:04:32.934353+00:00,154.5,47,ask,EarnestEspressos,CostlyCorianders,9392433
2026-07-06T10:04:33.486387,2026-07-06T10:04:33.498853+00:00,154.6,8,bid,CostlyCorianders,Zhangyue Shen,9392444
2026-07-06T10:04:33.486387,2026-07-06T10:04:33.498853+00:00,154.9,32,bid,CostlyCorianders,DiligentDonuts,9392445
2026-07-06T10:04:34.726281,2026-07-06T10:04:34.738799+00:00,154.5,50,bid,FlawlessFlatbreads,EarnestEspressos,9392460
2026-07-06T10:04:36.049834,2026-07-06T10:04:36.054535+00:00,154.5,100,bid,DiligentDonuts,EarnestEspressos,9392478
2026-07-06T10:04:36.910647,2026-07-06T10:04:36.920007+00:00,154.4,8,ask,Zhangyue Shen,FlawlessFlatbreads,9392487
2026-07-06T10:04:36.910647,2026-07-06T10:04:36.920007+00:00,154.0,42,ask,EarnestEspressos,FlawlessFlatbreads,9392488
2026-07-06T10:04:39.027726,2026-07-06T10:04:39.035091+00:00,154.4,50,ask,EarnestEspressos,FlawlessFlatbreads,9392516
2026-07-06T10:04:41.770692,2026-07-06T10:04:41.778000+00:00,154.8,8,bid,CostlyCorianders,Zhangyue Shen,9392542
2026-07-06T10:04:41.770692,2026-07-06T10:04:41.783025+00:00,154.8,34,bid,CostlyCorianders,EarnestEspressos,9392543
2026-07-06T10:04:42.944908,2026-07-06T10:04:42.956560+00:00,154.8,49,bid,CostlyCorianders,EarnestEspressos,9392560
2026-07-06T10:04:43.219232,2026-07-06T10:04:43.231253+00:00,154.8,50,bid,FlawlessFlatbreads,EarnestEspressos,9392564
2026-07-06T10:04:44.018127,2026-07-06T10:04:44.030153+00:00,154.9,8,bid,EarnestEspressos,Zhangyue Shen,9392567
2026-07-06T10:04:44.018127,2026-07-06T10:04:44.030153+00:00,154.9,100,bid,EarnestEspressos,DiligentDonuts,9392568
2026-07-06T10:04:44.088506,2026-07-06T10:04:44.126447+00:00,155.0,23,ask,EarnestEspressos,Xuanyu Liu,9392570
2026-07-06T10:04:44.289133,2026-07-06T10:04:44.298256+00:00,155.0,11,ask,EarnestEspressos,Xuanyu Liu,9392577
2026-07-06T10:04:44.942493,2026-07-06T10:04:44.950268+00:00,155.0,8,ask,EarnestEspressos,CostlyCorianders,9392587
2026-07-06T10:04:44.942493,2026-07-06T10:04:44.955284+00:00,154.6,8,ask,Zhangyue Shen,CostlyCorianders,9392588
2026-07-06T10:04:44.942493,2026-07-06T10:04:44.955284+00:00,154.4,28,ask,DiligentDonuts,CostlyCorianders,9392589
2026-07-06T10:04:45.356425,2026-07-06T10:04:45.358586+00:00,155.4,8,bid,FlawlessFlatbreads,Zhangyue Shen,9392593
2026-07-06T10:04:45.356425,2026-07-06T10:04:45.369785+00:00,155.5,42,bid,FlawlessFlatbreads,EarnestEspressos,9392594
2026-07-06T10:04:46.374317,2026-07-06T10:04:46.383425+00:00,154.5,48,ask,DiligentDonuts,CostlyCorianders,9392604
2026-07-06T10:04:46.915316,2026-07-06T10:04:46.926656+00:00,154.9,7,bid,Xuanyu Liu,Zhangyue Shen,9392608
2026-07-06T10:04:49.629313,2026-07-06T10:04:49.642095+00:00,154.7,50,ask,EarnestEspressos,FlawlessFlatbreads,9392638
2026-07-06T10:04:50.270958,2026-07-06T10:04:50.279534+00:00,154.9,4,bid,Xuanyu Liu,Zhangyue Shen,9392643
2026-07-06T10:04:51.739612,2026-07-06T10:04:51.748476+00:00,154.6,50,ask,DiligentDonuts,FlawlessFlatbreads,9392670
2026-07-06T10:04:51.937658,2026-07-06T10:04:51.949524+00:00,154.9,4,bid,CostlyCorianders,Zhangyue Shen,9392672
2026-07-06T10:04:51.937658,2026-07-06T10:04:51.949524+00:00,154.9,38,bid,CostlyCorianders,EarnestEspressos,9392673
2026-07-06T10:04:53.817080,2026-07-06T10:04:53.825954+00:00,154.9,50,bid,FlawlessFlatbreads,DiligentDonuts,9392693
2026-07-06T10:04:55.220666,2026-07-06T10:04:55.232559+00:00,154.6,8,ask,Zhangyue Shen,CostlyCorianders,9392711
2026-07-06T10:04:55.220666,2026-07-06T10:04:55.232559+00:00,154.6,35,ask,EarnestEspressos,CostlyCorianders,9392712
2026-07-06T10:04:55.826548,2026-07-06T10:04:55.833620+00:00,155.0,46,bid,CostlyCorianders,DiligentDonuts,9392721
2026-07-06T10:04:56.376286,2026-07-06T10:04:56.388253+00:00,154.6,40,ask,EarnestEspressos,CostlyCorianders,9392726
2026-07-06T10:04:56.737896,2026-07-06T10:04:56.748810+00:00,154.6,12,bid,Xuanyu Liu,EarnestEspressos,9392730
2026-07-06T10:04:58.003711,2026-07-06T10:04:58.015676+00:00,154.5,46,ask,DiligentDonuts,CostlyCorianders,9392757
2026-07-06T10:04:58.031268,2026-07-06T10:04:58.039777+00:00,154.6,50,bid,FlawlessFlatbreads,EarnestEspressos,9392759
2026-07-06T10:05:00.137982,2026-07-06T10:05:00.149860+00:00,154.6,8,bid,FlawlessFlatbreads,Zhangyue Shen,9392786
2026-07-06T10:05:00.137982,2026-07-06T10:05:00.149860+00:00,154.6,42,bid,FlawlessFlatbreads,EarnestEspressos,9392787
2026-07-06T10:05:02.247016,2026-07-06T10:05:02.263601+00:00,154.6,50,bid,FlawlessFlatbreads,EarnestEspressos,9392809
2026-07-06T10:05:04.355283,2026-07-06T10:05:04.367071+00:00,154.6,50,bid,FlawlessFlatbreads,DiligentDonuts,9392834
2026-07-06T10:05:06.462198,2026-07-06T10:05:06.473822+00:00,154.8,50,bid,FlawlessFlatbreads,DiligentDonuts,9392864
2026-07-06T10:05:09.731476,2026-07-06T10:05:09.743719+00:00,154.8,8,bid,CostlyCorianders,Zhangyue Shen,9392903
2026-07-06T10:05:09.731476,2026-07-06T10:05:09.743719+00:00,154.8,35,bid,CostlyCorianders,EarnestEspressos,9392904
2026-07-06T10:05:10.740794,2026-07-06T10:05:10.748633+00:00,154.4,50,ask,DiligentDonuts,FlawlessFlatbreads,9392919
2026-07-06T10:05:12.153958,2026-07-06T10:05:12.156310+00:00,154.6,8,bid,CostlyCorianders,Zhangyue Shen,9392940
2026-07-06T10:05:12.153958,2026-07-06T10:05:12.156310+00:00,154.7,32,bid,CostlyCorianders,DiligentDonuts,9392941
2026-07-06T10:05:12.642352,2026-07-06T10:05:12.654151+00:00,154.7,47,bid,CostlyCorianders,DiligentDonuts,9392953
2026-07-06T10:05:14.009443,2026-07-06T10:05:14.026985+00:00,154.7,8,bid,DiligentDonuts,Zhangyue Shen,9392971
2026-07-06T10:05:14.470084,2026-07-06T10:05:14.479637+00:00,154.7,12,ask,DiligentDonuts,Xuanyu Liu,9392980
2026-07-06T10:05:14.684026,2026-07-06T10:05:14.691983+00:00,154.7,44,ask,DiligentDonuts,CostlyCorianders,9392987
2026-07-06T10:05:15.005673,2026-07-06T10:05:15.013389+00:00,154.7,6,ask,DiligentDonuts,Kaleb Liu,9392993
2026-07-06T10:05:17.004013,2026-07-06T10:05:17.011046+00:00,154.9,8,bid,FlawlessFlatbreads,Zhangyue Shen,9393015
2026-07-06T10:05:17.004013,2026-07-06T10:05:17.016276+00:00,155.2,42,bid,FlawlessFlatbreads,DiligentDonuts,9393016
2026-07-06T10:05:19.112567,2026-07-06T10:05:19.124532+00:00,154.9,8,bid,FlawlessFlatbreads,Zhangyue Shen,9393048
2026-07-06T10:05:19.112567,2026-07-06T10:05:19.124532+00:00,155.1,42,bid,FlawlessFlatbreads,DiligentDonuts,9393049
2026-07-06T10:05:19.720708,2026-07-06T10:05:19.729946+00:00,154.8,11,ask,EarnestEspressos,Xuanyu Liu,9393055
2026-07-06T10:05:20.057328,2026-07-06T10:05:20.069249+00:00,154.8,7,ask,EarnestEspressos,Kaleb Liu,9393065
2026-07-06T10:05:21.224449,2026-07-06T10:05:21.233781+00:00,154.9,8,bid,FlawlessFlatbreads,Zhangyue Shen,9393081
2026-07-06T10:05:21.224449,2026-07-06T10:05:21.233781+00:00,155.2,42,bid,FlawlessFlatbreads,DiligentDonuts,9393082
2026-07-06T10:05:23.046925,2026-07-06T10:05:23.059078+00:00,154.8,46,ask,EarnestEspressos,CostlyCorianders,9393113
2026-07-06T10:05:23.331680,2026-07-06T10:05:23.339099+00:00,155.1,8,bid,FlawlessFlatbreads,Zhangyue Shen,9393114
2026-07-06T10:05:23.331680,2026-07-06T10:05:23.344378+00:00,155.2,42,bid,FlawlessFlatbreads,DiligentDonuts,9393115
2026-07-06T10:05:23.511667,2026-07-06T10:05:23.520559+00:00,155.2,3,ask,DiligentDonuts,Xuanyu Liu,9393122
2026-07-06T10:05:23.855918,2026-07-06T10:05:23.854949+00:00,155.2,8,ask,DiligentDonuts,Zhangyue Shen,9393129
2026-07-06T10:05:25.118052,2026-07-06T10:05:25.128955+00:00,155.2,67,ask,DiligentDonuts,Kaleb Liu,9393150
2026-07-06T10:05:25.230101,2026-07-06T10:05:25.242509+00:00,155.2,22,ask,DiligentDonuts,EarnestEspressos,9393151
2026-07-06T10:05:25.438842,2026-07-06T10:05:25.450922+00:00,154.9,8,bid,FlawlessFlatbreads,Zhangyue Shen,9393155
2026-07-06T10:05:25.438842,2026-07-06T10:05:25.450922+00:00,155.0,42,bid,FlawlessFlatbreads,EarnestEspressos,9393156
2026-07-06T10:05:27.134702,2026-07-06T10:05:27.144702+00:00,155.0,43,bid,CostlyCorianders,EarnestEspressos,9393176
2026-07-06T10:05:27.552219,2026-07-06T10:05:27.554937+00:00,155.0,43,bid,FlawlessFlatbreads,EarnestEspressos,9393181
2026-07-06T10:05:27.552219,2026-07-06T10:05:27.554937+00:00,155.0,7,bid,FlawlessFlatbreads,Zhangyue Shen,9393182
2026-07-06T10:05:28.353554,2026-07-06T10:05:28.355352+00:00,155.0,1,bid,EarnestEspressos,Zhangyue Shen,9393188
2026-07-06T10:05:28.957813,2026-07-06T10:05:28.978162+00:00,155.0,3,ask,EarnestEspressos,Xuanyu Liu,9393196
2026-07-06T10:05:28.988948,2026-07-06T10:05:28.998838+00:00,155.0,1,ask,EarnestEspressos,Zhangyue Shen,9393202
2026-07-06T10:05:28.989150,2026-07-06T10:05:28.998838+00:00,155.0,35,ask,EarnestEspressos,Tanishq Panjwani,9393203
2026-07-06T10:05:29.080203,2026-07-06T10:05:29.089222+00:00,155.0,35,ask,EarnestEspressos,Tanishq Panjwani,9393208
2026-07-06T10:05:29.169684,2026-07-06T10:05:29.176303+00:00,155.0,35,ask,EarnestEspressos,Tanishq Panjwani,9393211
2026-07-06T10:05:29.258837,2026-07-06T10:05:29.266283+00:00,155.0,35,ask,EarnestEspressos,Tanishq Panjwani,9393213
2026-07-06T10:05:29.348074,2026-07-06T10:05:29.358555+00:00,155.0,5,ask,EarnestEspressos,Tanishq Panjwani,9393216
2026-07-06T10:05:30.239943,2026-07-06T10:05:30.249836+00:00,154.9,3,bid,Xuanyu Liu,DiligentDonuts,9393219
2026-07-06T10:05:30.240143,2026-07-06T10:05:30.249836+00:00,154.9,35,bid,Tanishq Panjwani,DiligentDonuts,9393220
2026-07-06T10:05:30.330018,2026-07-06T10:05:30.340108+00:00,154.9,35,bid,Tanishq Panjwani,DiligentDonuts,9393224
2026-07-06T10:05:30.419140,2026-07-06T10:05:30.431219+00:00,154.9,27,bid,Tanishq Panjwani,DiligentDonuts,9393226
2026-07-06T10:05:31.764573,2026-07-06T10:05:31.776295+00:00,155.0,50,bid,FlawlessFlatbreads,EarnestEspressos,9393252
2026-07-06T10:05:32.653895,2026-07-06T10:05:32.665912+00:00,154.5,46,ask,EarnestEspressos,CostlyCorianders,9393261
2026-07-06T10:05:33.936094,2026-07-06T10:05:33.946150+00:00,154.6,50,ask,DiligentDonuts,FlawlessFlatbreads,9393280
2026-07-06T10:05:34.914746,2026-07-06T10:05:34.926820+00:00,154.6,43,ask,DiligentDonuts,CostlyCorianders,9393287
2026-07-06T10:05:35.157845,2026-07-06T10:05:35.169694+00:00,154.7,35,bid,Tanishq Panjwani,EarnestEspressos,9393291
2026-07-06T10:05:35.249623,2026-07-06T10:05:35.258556+00:00,154.7,13,bid,Tanishq Panjwani,EarnestEspressos,9393294
2026-07-06T10:05:35.424765,2026-07-06T10:05:35.436592+00:00,154.7,47,bid,CostlyCorianders,EarnestEspressos,9393296
2026-07-06T10:05:35.993604,2026-07-06T10:05:36.005392+00:00,154.6,7,ask,DiligentDonuts,CostlyCorianders,9393313
2026-07-06T10:05:35.993604,2026-07-06T10:05:36.005392+00:00,154.2,41,ask,EarnestEspressos,CostlyCorianders,9393314
2026-07-06T10:05:36.042470,2026-07-06T10:05:36.049410+00:00,154.2,50,ask,EarnestEspressos,FlawlessFlatbreads,9393317
2026-07-06T10:05:39.532555,2026-07-06T10:05:39.544337+00:00,154.8,46,bid,CostlyCorianders,EarnestEspressos,9393357
2026-07-06T10:05:40.255872,2026-07-06T10:05:40.264805+00:00,154.4,50,ask,DiligentDonuts,FlawlessFlatbreads,9393364
2026-07-06T10:05:41.621604,2026-07-06T10:05:41.629372+00:00,154.9,49,bid,CostlyCorianders,DiligentDonuts,9393389
2026-07-06T10:05:42.312386,2026-07-06T10:05:42.324394+00:00,154.9,50,bid,FlawlessFlatbreads,DiligentDonuts,9393404
2026-07-06T10:05:44.422683,2026-07-06T10:05:44.434868+00:00,154.8,50,bid,FlawlessFlatbreads,EarnestEspressos,9393430
2026-07-06T10:05:46.581301,2026-07-06T10:05:46.588473+00:00,154.6,44,ask,DiligentDonuts,CostlyCorianders,9393458
2026-07-06T10:05:46.584734,2026-07-06T10:05:46.594020+00:00,154.6,50,ask,DiligentDonuts,FlawlessFlatbreads,9393459
2026-07-06T10:05:47.079798,2026-07-06T10:05:47.091573+00:00,154.8,43,bid,CostlyCorianders,EarnestEspressos,9393465
2026-07-06T10:05:48.693803,2026-07-06T10:05:48.705919+00:00,154.9,50,ask,EarnestEspressos,FlawlessFlatbreads,9393493
2026-07-06T10:05:48.839906,2026-07-06T10:05:48.858618+00:00,154.9,45,ask,EarnestEspressos,CostlyCorianders,9393495
2026-07-06T10:05:48.881329,2026-07-06T10:05:48.893067+00:00,154.9,55,ask,EarnestEspressos,DiligentDonuts,9393496
2026-07-06T10:05:49.395901,2026-07-06T10:05:49.403020+00:00,154.5,8,ask,Zhangyue Shen,CostlyCorianders,9393503
2026-07-06T10:05:49.395901,2026-07-06T10:05:49.408312+00:00,154.4,34,ask,DiligentDonuts,CostlyCorianders,9393504
2026-07-06T10:05:50.801665,2026-07-06T10:05:50.813905+00:00,154.4,50,ask,DiligentDonuts,FlawlessFlatbreads,9393523
2026-07-06T10:05:51.287494,2026-07-06T10:05:51.297659+00:00,154.4,5,ask,DiligentDonuts,Richard Zhang,9393529
2026-07-06T10:05:51.599511,2026-07-06T10:05:51.611663+00:00,154.7,40,bid,CostlyCorianders,EarnestEspressos,9393536
2026-07-06T10:05:52.858897,2026-07-06T10:05:52.870576+00:00,154.7,50,bid,FlawlessFlatbreads,EarnestEspressos,9393562
2026-07-06T10:05:53.675327,2026-07-06T10:05:53.687128+00:00,154.6,8,bid,EarnestEspressos,Zhangyue Shen,9393569
2026-07-06T10:05:54.079538,2026-07-06T10:05:54.091389+00:00,154.8,45,bid,CostlyCorianders,DiligentDonuts,9393578
2026-07-06T10:05:54.981748,2026-07-06T10:05:54.990936+00:00,154.8,50,bid,FlawlessFlatbreads,DiligentDonuts,9393590
2026-07-06T10:05:57.089661,2026-07-06T10:05:57.101895+00:00,155.1,5,bid,FlawlessFlatbreads,Richard Zhang,9393622
2026-07-06T10:05:57.089661,2026-07-06T10:05:57.101895+00:00,155.2,45,bid,FlawlessFlatbreads,DiligentDonuts,9393623
2026-07-06T10:05:59.280932,2026-07-06T10:05:59.290192+00:00,154.8,50,ask,DiligentDonuts,FlawlessFlatbreads,9393646
2026-07-06T10:06:01.387846,2026-07-06T10:06:01.399996+00:00,154.8,50,ask,DiligentDonuts,FlawlessFlatbreads,9393670
2026-07-06T10:06:03.448795,2026-07-06T10:06:03.458587+00:00,155.0,50,bid,FlawlessFlatbreads,DiligentDonuts,9393695
2026-07-06T10:06:07.711854,2026-07-06T10:06:07.724003+00:00,154.7,50,ask,EarnestEspressos,FlawlessFlatbreads,9393741
2026-07-06T10:06:09.768098,2026-07-06T10:06:09.780236+00:00,155.0,50,bid,FlawlessFlatbreads,EarnestEspressos,9393770
2026-07-06T10:06:11.939408,2026-07-06T10:06:11.945967+00:00,154.7,50,ask,DiligentDonuts,FlawlessFlatbreads,9393788
2026-07-06T10:06:12.652745,2026-07-06T10:06:12.658551+00:00,154.7,47,ask,DiligentDonuts,CostlyCorianders,9393797
2026-07-06T10:06:13.146966,2026-07-06T10:06:13.152473+00:00,155.2,41,bid,CostlyCorianders,DiligentDonuts,9393803
2026-07-06T10:06:14.111642,2026-07-06T10:06:14.123825+00:00,154.8,47,ask,EarnestEspressos,CostlyCorianders,9393823
2026-07-06T10:06:14.768457,2026-07-06T10:06:14.778480+00:00,155.3,46,bid,CostlyCorianders,EarnestEspressos,9393833
2026-07-06T10:06:16.096979,2026-07-06T10:06:16.103881+00:00,155.3,50,bid,FlawlessFlatbreads,DiligentDonuts,9393855
2026-07-06T10:06:17.800703,2026-07-06T10:06:17.807527+00:00,155.4,5,bid,CostlyCorianders,Richard Zhang,9393879
2026-07-06T10:06:17.800703,2026-07-06T10:06:17.812825+00:00,155.5,37,bid,CostlyCorianders,EarnestEspressos,9393880
2026-07-06T10:06:20.361121,2026-07-06T10:06:20.370272+00:00,155.0,50,ask,DiligentDonuts,FlawlessFlatbreads,9393911
2026-07-06T10:06:22.418146,2026-07-06T10:06:22.425577+00:00,155.2,50,bid,FlawlessFlatbreads,DiligentDonuts,9393945
2026-07-06T10:06:24.527783,2026-07-06T10:06:24.539685+00:00,155.4,50,bid,FlawlessFlatbreads,DiligentDonuts,9393965
2026-07-06T10:06:26.262777,2026-07-06T10:06:26.274898+00:00,155.0,44,ask,EarnestEspressos,CostlyCorianders,9393992
2026-07-06T10:06:27.490344,2026-07-06T10:06:27.502314+00:00,155.4,5,bid,CostlyCorianders,Richard Zhang,9394002
2026-07-06T10:06:27.490344,2026-07-06T10:06:27.502314+00:00,155.5,35,bid,CostlyCorianders,EarnestEspressos,9394003
2026-07-06T10:06:28.738628,2026-07-06T10:06:28.750908+00:00,155.4,5,bid,FlawlessFlatbreads,Richard Zhang,9394020
2026-07-06T10:06:28.738628,2026-07-06T10:06:28.750908+00:00,155.4,45,bid,FlawlessFlatbreads,EarnestEspressos,9394021
2026-07-06T10:06:31.465836,2026-07-06T10:06:31.477707+00:00,155.2,5,ask,Richard Zhang,CostlyCorianders,9394056
2026-07-06T10:06:31.465836,2026-07-06T10:06:31.477707+00:00,155.0,39,ask,DiligentDonuts,CostlyCorianders,9394057
2026-07-06T10:06:33.126750,2026-07-06T10:06:33.137366+00:00,155.5,5,bid,CostlyCorianders,Richard Zhang,9394076
2026-07-06T10:06:33.126750,2026-07-06T10:06:33.137366+00:00,155.6,37,bid,CostlyCorianders,EarnestEspressos,9394077
2026-07-06T10:06:34.745014,2026-07-06T10:06:34.756488+00:00,155.3,5,ask,Richard Zhang,CostlyCorianders,9394092
2026-07-06T10:06:34.745014,2026-07-06T10:06:34.756488+00:00,155.1,44,ask,EarnestEspressos,CostlyCorianders,9394093
2026-07-06T10:06:35.058890,2026-07-06T10:06:35.065829+00:00,155.5,50,bid,FlawlessFlatbreads,DiligentDonuts,9394101
2026-07-06T10:06:37.165180,2026-07-06T10:06:37.177198+00:00,155.6,5,bid,FlawlessFlatbreads,Richard Zhang,9394123
2026-07-06T10:06:37.165180,2026-07-06T10:06:37.177198+00:00,155.8,45,bid,FlawlessFlatbreads,EarnestEspressos,9394124
2026-07-06T10:06:38.223739,2026-07-06T10:06:38.228494+00:00,155.5,40,ask,EarnestEspressos,CostlyCorianders,9394132
2026-07-06T10:06:39.325333,2026-07-06T10:06:39.337572+00:00,155.5,50,ask,EarnestEspressos,FlawlessFlatbreads,9394150
2026-07-06T10:06:41.092367,2026-07-06T10:06:41.115138+00:00,155.5,3,ask,EarnestEspressos,Xuanyu Liu,9394168
2026-07-06T10:06:45.011746,2026-07-06T10:06:45.021539+00:00,155.3,3,bid,Xuanyu Liu,EarnestEspressos,9394210
2026-07-06T10:06:45.030410,2026-07-06T10:06:45.042282+00:00,155.3,43,bid,CostlyCorianders,EarnestEspressos,9394212
2026-07-06T10:06:49.808392,2026-07-06T10:06:49.817457+00:00,155.5,50,bid,FlawlessFlatbreads,DiligentDonuts,9394263
2026-07-06T10:06:51.918026,2026-07-06T10:06:51.926752+00:00,155.5,50,bid,FlawlessFlatbreads,DiligentDonuts,9394289
2026-07-06T10:06:52.023076,2026-07-06T10:06:52.034769+00:00,155.8,5,bid,CostlyCorianders,Richard Zhang,9394295
2026-07-06T10:06:52.023076,2026-07-06T10:06:52.034769+00:00,155.9,42,bid,CostlyCorianders,EarnestEspressos,9394296
2026-07-06T10:06:53.820302,2026-07-06T10:06:53.831585+00:00,155.7,3,ask,DiligentDonuts,Xuanyu Liu,9394329
2026-07-06T10:06:53.895870,2026-07-06T10:06:53.907299+00:00,155.7,35,ask,DiligentDonuts,Tanishq Panjwani,9394333
2026-07-06T10:06:53.986651,2026-07-06T10:06:53.998170+00:00,155.7,35,ask,DiligentDonuts,Tanishq Panjwani,9394335
2026-07-06T10:06:54.025990,2026-07-06T10:06:54.034780+00:00,156.0,5,bid,FlawlessFlatbreads,Richard Zhang,9394336
2026-07-06T10:06:54.025990,2026-07-06T10:06:54.034780+00:00,156.0,45,bid,FlawlessFlatbreads,EarnestEspressos,9394337
2026-07-06T10:06:54.077453,2026-07-06T10:06:54.088968+00:00,155.7,27,ask,DiligentDonuts,Tanishq Panjwani,9394339
2026-07-06T10:06:56.142981,2026-07-06T10:06:56.154846+00:00,155.9,50,bid,FlawlessFlatbreads,DiligentDonuts,9394370
2026-07-06T10:06:56.678552,2026-07-06T10:06:56.690429+00:00,155.6,5,ask,Richard Zhang,CostlyCorianders,9394376
2026-07-06T10:06:56.678552,2026-07-06T10:06:56.690429+00:00,155.5,38,ask,EarnestEspressos,CostlyCorianders,9394377
2026-07-06T10:06:58.249142,2026-07-06T10:06:58.263834+00:00,155.9,50,bid,FlawlessFlatbreads,DiligentDonuts,9394398
2026-07-06T10:06:58.495535,2026-07-06T10:06:58.507268+00:00,155.8,35,ask,DiligentDonuts,Tanishq Panjwani,9394403
2026-07-06T10:06:58.583701,2026-07-06T10:06:58.591321+00:00,155.8,35,ask,DiligentDonuts,Tanishq Panjwani,9394405
2026-07-06T10:06:58.672050,2026-07-06T10:06:58.681661+00:00,155.8,10,ask,DiligentDonuts,Tanishq Panjwani,9394408
2026-07-06T10:06:59.479448,2026-07-06T10:06:59.490402+00:00,155.8,11,ask,DiligentDonuts,Xuanyu Liu,9394417
2026-07-06T10:07:01.632737,2026-07-06T10:07:01.644554+00:00,155.5,45,ask,EarnestEspressos,CostlyCorianders,9394443
2026-07-06T10:07:02.488211,2026-07-06T10:07:02.499860+00:00,156.0,50,bid,FlawlessFlatbreads,EarnestEspressos,9394455
2026-07-06T10:07:04.673469,2026-07-06T10:07:04.680739+00:00,155.8,50,ask,EarnestEspressos,FlawlessFlatbreads,9394480
2026-07-06T10:07:06.780324,2026-07-06T10:07:06.791837+00:00,155.7,5,ask,Richard Zhang,FlawlessFlatbreads,9394505
2026-07-06T10:07:07.264421,2026-07-06T10:07:07.276391+00:00,155.9,46,bid,CostlyCorianders,DiligentDonuts,9394511
2026-07-06T10:07:07.740730,2026-07-06T10:07:07.748760+00:00,155.9,46,bid,CostlyCorianders,DiligentDonuts,9394517
2026-07-06T10:07:08.899167,2026-07-06T10:07:08.907963+00:00,155.9,50,ask,DiligentDonuts,FlawlessFlatbreads,9394535
2026-07-06T10:07:10.492571,2026-07-06T10:07:10.504675+00:00,155.9,42,ask,DiligentDonuts,CostlyCorianders,9394550
2026-07-06T10:07:11.556814,2026-07-06T10:07:11.563655+00:00,155.8,5,ask,Richard Zhang,CostlyCorianders,9394563
2026-07-06T10:07:11.556814,2026-07-06T10:07:11.569067+00:00,155.7,36,ask,DiligentDonuts,CostlyCorianders,9394564
2026-07-06T10:07:12.586826,2026-07-06T10:07:12.598734+00:00,156.0,5,bid,CostlyCorianders,Richard Zhang,9394580
2026-07-06T10:07:12.586826,2026-07-06T10:07:12.598734+00:00,156.1,38,bid,CostlyCorianders,EarnestEspressos,9394581
2026-07-06T10:07:13.082333,2026-07-06T10:07:13.091078+00:00,156.2,50,bid,FlawlessFlatbreads,DiligentDonuts,9394589
2026-07-06T10:07:13.748373,2026-07-06T10:07:13.758563+00:00,155.9,44,ask,EarnestEspressos,CostlyCorianders,9394599
2026-07-06T10:07:14.398748,2026-07-06T10:07:14.411152+00:00,155.9,48,ask,EarnestEspressos,CostlyCorianders,9394610
2026-07-06T10:07:15.252424,2026-07-06T10:07:15.258577+00:00,155.9,50,ask,EarnestEspressos,FlawlessFlatbreads,9394621
2026-07-06T10:07:16.062880,2026-07-06T10:07:16.125621+00:00,155.8,5,ask,Richard Zhang,EarnestEspressos,9394634
2026-07-06T10:07:16.062880,2026-07-06T10:07:16.125621+00:00,155.8,100,ask,DiligentDonuts,EarnestEspressos,9394635
2026-07-06T10:07:16.113456,2026-07-06T10:07:16.125621+00:00,155.8,14,bid,Xuanyu Liu,EarnestEspressos,9394639
2026-07-06T10:07:17.386777,2026-07-06T10:07:17.398897+00:00,155.4,8,ask,Zhangyue Shen,FlawlessFlatbreads,9394665
2026-07-06T10:07:17.386777,2026-07-06T10:07:17.398897+00:00,155.3,42,ask,EarnestEspressos,FlawlessFlatbreads,9394666
2026-07-06T10:07:19.495588,2026-07-06T10:07:19.507390+00:00,155.3,50,ask,EarnestEspressos,FlawlessFlatbreads,9394709
2026-07-06T10:07:21.605985,2026-07-06T10:07:21.618503+00:00,155.3,50,ask,EarnestEspressos,FlawlessFlatbreads,9394738
2026-07-06T10:07:23.715859,2026-07-06T10:07:23.727220+00:00,155.2,50,ask,DiligentDonuts,FlawlessFlatbreads,9394765
2026-07-06T10:07:25.277230,2026-07-06T10:07:25.288925+00:00,155.3,48,bid,CostlyCorianders,DiligentDonuts,9394777
2026-07-06T10:07:25.608836,2026-07-06T10:07:25.620505+00:00,155.1,35,bid,Tanishq Panjwani,EarnestEspressos,9394783
2026-07-06T10:07:25.697214,2026-07-06T10:07:25.708838+00:00,155.1,35,bid,Tanishq Panjwani,EarnestEspressos,9394785
2026-07-06T10:07:25.794420,2026-07-06T10:07:25.805054+00:00,155.1,35,bid,Tanishq Panjwani,EarnestEspressos,9394787
2026-07-06T10:07:25.847194,2026-07-06T10:07:25.858869+00:00,154.8,50,ask,DiligentDonuts,FlawlessFlatbreads,9394790
2026-07-06T10:07:25.884744,2026-07-06T10:07:25.891330+00:00,155.1,35,bid,Tanishq Panjwani,EarnestEspressos,9394792
2026-07-06T10:07:25.973932,2026-07-06T10:07:25.986056+00:00,155.1,10,bid,Tanishq Panjwani,EarnestEspressos,9394796
2026-07-06T10:07:25.973932,2026-07-06T10:07:25.986056+00:00,155.1,8,bid,Tanishq Panjwani,Zhangyue Shen,9394797
2026-07-06T10:07:27.954770,2026-07-06T10:07:27.966732+00:00,154.9,8,ask,Zhangyue Shen,FlawlessFlatbreads,9394823
2026-07-06T10:07:27.954770,2026-07-06T10:07:27.966732+00:00,154.8,42,ask,DiligentDonuts,FlawlessFlatbreads,9394824
2026-07-06T10:07:30.054057,2026-07-06T10:07:30.052344+00:00,155.2,43,ask,EarnestEspressos,CostlyCorianders,9394856
2026-07-06T10:07:30.107770,2026-07-06T10:07:30.119949+00:00,155.2,50,ask,EarnestEspressos,FlawlessFlatbreads,9394857
2026-07-06T10:07:30.171064,2026-07-06T10:07:30.179135+00:00,155.2,57,ask,EarnestEspressos,DiligentDonuts,9394859
2026-07-06T10:07:30.642907,2026-07-06T10:07:30.654421+00:00,155.2,19,bid,Tanishq Panjwani,DiligentDonuts,9394862
2026-07-06T10:07:31.180565,2026-07-06T10:07:31.187445+00:00,155.2,24,bid,CostlyCorianders,DiligentDonuts,9394870
2026-07-06T10:07:31.180565,2026-07-06T10:07:31.192620+00:00,155.7,20,bid,CostlyCorianders,EarnestEspressos,9394871
2026-07-06T10:07:33.413775,2026-07-06T10:07:33.425912+00:00,155.3,41,bid,CostlyCorianders,EarnestEspressos,9394893
2026-07-06T10:07:34.001173,2026-07-06T10:07:34.012845+00:00,155.2,49,ask,DiligentDonuts,CostlyCorianders,9394904
2026-07-06T10:07:34.320423,2026-07-06T10:07:34.331973+00:00,155.2,50,ask,DiligentDonuts,FlawlessFlatbreads,9394909
2026-07-06T10:07:35.061785,2026-07-06T10:07:35.068829+00:00,155.5,8,bid,CostlyCorianders,Zhangyue Shen,9394917
2026-07-06T10:07:35.061785,2026-07-06T10:07:35.074269+00:00,155.7,40,bid,CostlyCorianders,DiligentDonuts,9394918
2026-07-06T10:07:35.117635,2026-07-06T10:07:35.124314+00:00,155.2,1,ask,DiligentDonuts,CostlyCorianders,9394919
2026-07-06T10:07:35.117635,2026-07-06T10:07:35.129751+00:00,155.2,8,ask,Zhangyue Shen,CostlyCorianders,9394920
2026-07-06T10:07:36.377280,2026-07-06T10:07:36.389315+00:00,155.6,50,bid,FlawlessFlatbreads,EarnestEspressos,9394933
2026-07-06T10:07:36.640938,2026-07-06T10:07:36.652891+00:00,155.1,44,ask,EarnestEspressos,CostlyCorianders,9394936
2026-07-06T10:07:38.504503,2026-07-06T10:07:38.516019+00:00,155.5,50,bid,FlawlessFlatbreads,DiligentDonuts,9394963
2026-07-06T10:07:39.196462,2026-07-06T10:07:39.206842+00:00,155.5,46,bid,CostlyCorianders,DiligentDonuts,9394969
2026-07-06T10:07:41.189607,2026-07-06T10:07:41.200786+00:00,155.4,42,ask,DiligentDonuts,CostlyCorianders,9394986
2026-07-06T10:07:41.858467,2026-07-06T10:07:41.870099+00:00,155.4,8,ask,DiligentDonuts,Zhangyue Shen,9395000
2026-07-06T10:07:42.555577,2026-07-06T10:07:42.567454+00:00,155.4,47,ask,DiligentDonuts,CostlyCorianders,9395010
2026-07-06T10:07:47.049519,2026-07-06T10:07:47.058548+00:00,155.3,8,ask,Zhangyue Shen,FlawlessFlatbreads,9395086
2026-07-06T10:07:47.049519,2026-07-06T10:07:47.058548+00:00,155.1,42,ask,EarnestEspressos,FlawlessFlatbreads,9395087
2026-07-06T10:07:47.430265,2026-07-06T10:07:47.442256+00:00,155.4,45,bid,CostlyCorianders,DiligentDonuts,9395092
2026-07-06T10:07:48.968097,2026-07-06T10:07:48.980010+00:00,155.4,47,bid,CostlyCorianders,DiligentDonuts,9395112
2026-07-06T10:07:49.160552,2026-07-06T10:07:49.172395+00:00,155.4,50,ask,DiligentDonuts,FlawlessFlatbreads,9395114
2026-07-06T10:07:50.021345,2026-07-06T10:07:50.028720+00:00,155.4,8,ask,DiligentDonuts,Zhangyue Shen,9395126
2026-07-06T10:07:51.269163,2026-07-06T10:07:51.280950+00:00,155.4,42,ask,DiligentDonuts,FlawlessFlatbreads,9395146
2026-07-06T10:07:51.269163,2026-07-06T10:07:51.280950+00:00,155.4,8,ask,Zhangyue Shen,FlawlessFlatbreads,9395147
2026-07-06T10:07:52.015727,2026-07-06T10:07:52.027756+00:00,155.2,8,ask,Zhangyue Shen,CostlyCorianders,9395157
2026-07-06T10:07:52.015727,2026-07-06T10:07:52.027756+00:00,155.1,32,ask,EarnestEspressos,CostlyCorianders,9395158
2026-07-06T10:07:52.576934,2026-07-06T10:07:52.586752+00:00,155.4,49,bid,CostlyCorianders,DiligentDonuts,9395171
2026-07-06T10:07:53.117710,2026-07-06T10:07:53.128970+00:00,155.4,3,bid,Zhangyue Shen,DiligentDonuts,9395183
2026-07-06T10:07:53.400754,2026-07-06T10:07:53.408432+00:00,155.4,8,bid,Zhangyue Shen,DiligentDonuts,9395188
2026-07-06T10:07:53.564912,2026-07-06T10:07:53.574267+00:00,155.4,40,bid,CostlyCorianders,DiligentDonuts,9395192
2026-07-06T10:07:53.647233,2026-07-06T10:07:53.658622+00:00,155.1,41,ask,EarnestEspressos,CostlyCorianders,9395194
2026-07-06T10:07:54.069097,2026-07-06T10:07:54.079166+00:00,155.3,3,bid,Xuanyu Liu,EarnestEspressos,9395200
2026-07-06T10:07:54.443051,2026-07-06T10:07:54.458820+00:00,155.3,2,bid,Kaleb Liu,EarnestEspressos,9395210
2026-07-06T10:07:54.627638,2026-07-06T10:07:54.636666+00:00,155.3,11,bid,Xuanyu Liu,EarnestEspressos,9395213
2026-07-06T10:07:54.685166,2026-07-06T10:07:54.694526+00:00,155.3,8,bid,Zhangyue Shen,EarnestEspressos,9395215
2026-07-06T10:07:54.785508,2026-07-06T10:07:54.797310+00:00,155.3,49,bid,CostlyCorianders,EarnestEspressos,9395217
2026-07-06T10:07:55.465129,2026-07-06T10:07:55.484165+00:00,155.3,77,bid,DiligentDonuts,EarnestEspressos,9395227
2026-07-06T10:07:55.475473,2026-07-06T10:07:55.484165+00:00,155.6,11,ask,DiligentDonuts,Xuanyu Liu,9395228
2026-07-06T10:07:55.509958,2026-07-06T10:07:55.522094+00:00,155.6,12,ask,DiligentDonuts,FlawlessFlatbreads,9395230
2026-07-06T10:07:55.509958,2026-07-06T10:07:55.522094+00:00,155.3,4,ask,Kaleb Liu,FlawlessFlatbreads,9395231
2026-07-06T10:07:55.509958,2026-07-06T10:07:55.522094+00:00,155.0,8,ask,Zhangyue Shen,FlawlessFlatbreads,9395232
2026-07-06T10:07:55.509958,2026-07-06T10:07:55.527327+00:00,154.8,26,ask,EarnestEspressos,FlawlessFlatbreads,9395233
2026-07-06T10:07:57.624369,2026-07-06T10:07:57.632389+00:00,155.5,50,ask,EarnestEspressos,FlawlessFlatbreads,9395257
2026-07-06T10:08:01.868728,2026-07-06T10:08:01.880503+00:00,155.4,8,ask,Zhangyue Shen,FlawlessFlatbreads,9395305
2026-07-06T10:08:01.868728,2026-07-06T10:08:01.880503+00:00,155.3,42,ask,EarnestEspressos,FlawlessFlatbreads,9395306
2026-07-06T10:08:03.530547,2026-07-06T10:08:03.538342+00:00,155.4,6,ask,Zhangyue Shen,Kaleb Liu,9395331
2026-07-06T10:08:03.978950,2026-07-06T10:08:03.987809+00:00,155.4,2,ask,Zhangyue Shen,FlawlessFlatbreads,9395335
2026-07-06T10:08:03.978950,2026-07-06T10:08:03.987809+00:00,155.3,48,ask,DiligentDonuts,FlawlessFlatbreads,9395336
2026-07-06T10:08:06.092706,2026-07-06T10:08:06.101982+00:00,155.2,50,ask,EarnestEspressos,FlawlessFlatbreads,9395360
2026-07-06T10:08:06.742300,2026-07-06T10:08:06.751820+00:00,155.3,11,bid,Xuanyu Liu,EarnestEspressos,9395366
2026-07-06T10:08:06.820233,2026-07-06T10:08:06.827608+00:00,155.3,8,bid,Zhangyue Shen,EarnestEspressos,9395369
2026-07-06T10:08:06.960327,2026-07-06T10:08:06.974552+00:00,155.3,12,bid,Xuanyu Liu,EarnestEspressos,9395374
2026-07-06T10:08:07.574433,2026-07-06T10:08:07.585613+00:00,155.3,12,bid,Kaleb Liu,EarnestEspressos,9395391
2026-07-06T10:08:07.592594,2026-07-06T10:08:07.600505+00:00,155.3,8,bid,Zhangyue Shen,EarnestEspressos,9395392
2026-07-06T10:08:07.791841,2026-07-06T10:08:07.801776+00:00,155.3,23,bid,Xuanyu Liu,EarnestEspressos,9395396
2026-07-06T10:08:08.111787,2026-07-06T10:08:08.123688+00:00,155.3,76,bid,DiligentDonuts,EarnestEspressos,9395400
2026-07-06T10:08:08.210932,2026-07-06T10:08:08.222618+00:00,155.5,24,ask,DiligentDonuts,FlawlessFlatbreads,9395401
2026-07-06T10:08:09.859638,2026-07-06T10:08:09.869394+00:00,155.7,23,ask,EarnestEspressos,Xuanyu Liu,9395435
2026-07-06T10:08:10.138120,2026-07-06T10:08:10.147393+00:00,155.7,12,ask,EarnestEspressos,Xuanyu Liu,9395438
2026-07-06T10:08:11.325514,2026-07-06T10:08:11.363716+00:00,155.7,100,ask,EarnestEspressos,DiligentDonuts,9395450
2026-07-06T10:08:12.421726,2026-07-06T10:08:12.433859+00:00,155.8,8,ask,Zhangyue Shen,FlawlessFlatbreads,9395468
2026-07-06T10:08:12.421726,2026-07-06T10:08:12.433859+00:00,155.7,15,ask,EarnestEspressos,FlawlessFlatbreads,9395469
2026-07-06T10:08:12.421726,2026-07-06T10:08:12.433859+00:00,155.1,27,ask,DiligentDonuts,FlawlessFlatbreads,9395470
